{"id":"gen9nationaldexdoubles-1980508412","p1":"schoolteen","p2":"VoidlessGamer26","format":"[Gen 9] National Dex Doubles","log":"|j|\u2606schoolteen\n|j|\u2606VoidlessGamer26\n|t:|1698791781\n|gametype|doubles\n|player|p1|schoolteen|cheryl|1118\n|player|p2|VoidlessGamer26|101|1075\n|teamsize|p1|6\n|teamsize|p2|6\n|gen|9\n|tier|[Gen 9] National Dex Doubles\n|rated|\n|rule|HP Percentage Mod: HP is shown in percentages\n|rule|Endless Battle Clause: Forcing endless battles is banned\n|rule|OHKO Clause: OHKO moves are banned\n|rule|Evasion Moves Clause: Evasion moves are banned\n|rule|Evasion Abilities Clause: Evasion abilities are banned\n|rule|Species Clause: Limit one of each Pok\u00e9mon\n|rule|Gravity Sleep Clause: The combination of sleep-inducing moves with imperfect accuracy and Gravity or Gigantamax Orbeetle are banned\n|clearpoke\n|poke|p1|Barraskewda, M|\n|poke|p1|Fezandipiti, M|\n|poke|p1|Infernape, F|\n|poke|p1|Dusclops, F|\n|poke|p1|Arcanine-Hisui, F|\n|poke|p1|Heracross, M|\n|poke|p2|Aegislash, M|\n|poke|p2|Cottonee, F|\n|poke|p2|Iron Bundle|\n|poke|p2|Entei|\n|poke|p2|Dracozolt|\n|poke|p2|Iron Hands|\n|teampreview\n|inactive|Battle timer is ON: inactive players will automatically lose when time's up. (requested by schoolteen)\n|inactive|VoidlessGamer26 has 120 seconds left.\n|\n|t:|1698791813\n|start\n|switch|p1a: Barraskewda|Barraskewda, M|100\/100\n|switch|p1b: Arcanine|Arcanine-Hisui, F|100\/100\n|switch|p2a: Cottonee|Cottonee, F|100\/100\n|switch|p2b: Iron Hands|Iron Hands|100\/100\n|turn|1\n|\n|t:|1698791836\n|-terastallize|p1a: Barraskewda|Water\n|move|p2b: Iron Hands|Fake Out|p1a: Barraskewda\n|-damage|p1a: Barraskewda|69\/100\n|move|p2a: Cottonee|Tailwind|p2a: Cottonee\n|-sidestart|p2: VoidlessGamer26|move: Tailwind\n|cant|p1a: Barraskewda|flinch\n|move|p1b: Arcanine|Double-Edge|p2a: Cottonee\n|-damage|p2a: Cottonee|60\/100\n|\n|upkeep\n|turn|2\n|\n|t:|1698791865\n|move|p1a: Barraskewda|Liquidation|p2b: Iron Hands\n|-damage|p2b: Iron Hands|44\/100\n|move|p2a: Cottonee|Knock Off|p1a: Barraskewda\n|-damage|p1a: Barraskewda|52\/100\n|-enditem|p1a: Barraskewda|Choice Band|[from] move: Knock Off|[of] p2a: Cottonee\n|move|p2b: Iron Hands|Drain Punch|p1b: Arcanine\n|-supereffective|p1b: Arcanine\n|-damage|p1b: Arcanine|9\/100\n|-heal|p2b: Iron Hands|77\/100|[from] drain|[of] p1b: Arcanine\n|move|p1b: Arcanine|Head Smash|p2a: Cottonee\n|-damage|p2a: Cottonee|0 fnt\n|faint|p2a: Cottonee\n|\n|upkeep\n|inactive|VoidlessGamer26 has 120 seconds left.\n|\n|t:|1698791880\n|switch|p2a: Aegislash|Aegislash, M|100\/100\n|turn|3\n|\n|t:|1698791896\n|-formechange|p2a: Aegislash|Aegislash-Blade||[from] ability: Stance Change\n|move|p2a: Aegislash|Shadow Sneak|p1b: Arcanine\n|-damage|p1b: Arcanine|0 fnt\n|faint|p1b: Arcanine\n|move|p1a: Barraskewda|Flip Turn|p2b: Iron Hands\n|-damage|p2b: Iron Hands|47\/100\n|\n|t:|1698791908\n|switch|p1a: Dusclops|Dusclops, F|100\/100|[from] Flip Turn\n|-ability|p1a: Dusclops|Pressure\n|move|p2b: Iron Hands|Wild Charge|p1a: Dusclops\n|-damage|p1a: Dusclops|67\/100\n|-damage|p2b: Iron Hands|43\/100|[from] Recoil\n|\n|upkeep\n|\n|t:|1698791922\n|switch|p1b: Infernape|Infernape, F|100\/100\n|turn|4\n|\n|t:|1698791940\n|-end|p2b: Iron Hands|Quark Drive|[silent]\n|switch|p2b: Iron Bundle|Iron Bundle|100\/100\n|-enditem|p2b: Iron Bundle|Booster Energy\n|-activate|p2b: Iron Bundle|ability: Quark Drive|[fromitem]\n|-start|p2b: Iron Bundle|quarkdrivespe\n|-terastallize|p2a: Aegislash|Rock\n|move|p1b: Infernape|Fake Out|p2b: Iron Bundle\n|-damage|p2b: Iron Bundle|85\/100\n|move|p2a: Aegislash|Shadow Claw|p1a: Dusclops\n|-supereffective|p1a: Dusclops\n|-crit|p1a: Dusclops\n|-damage|p1a: Dusclops|0 fnt\n|faint|p1a: Dusclops\n|\n|-sideend|p2: VoidlessGamer26|move: Tailwind\n|upkeep\n|\n|t:|1698791959\n|switch|p1a: Heracross|Heracross, M|100\/100\n|turn|5\n|\n|t:|1698791977\n|detailschange|p1a: Heracross|Heracross-Mega, M\n|-mega|p1a: Heracross|Heracross|Heracronite\n|-formechange|p2a: Aegislash|Aegislash||[from] ability: Stance Change\n|move|p2a: Aegislash|King's Shield|p2a: Aegislash\n|-singleturn|p2a: Aegislash|Protect\n|move|p2b: Iron Bundle|Icy Wind|p1a: Heracross|[spread] p1a,p1b\n|-resisted|p1b: Infernape\n|-damage|p1a: Heracross|80\/100\n|-damage|p1b: Infernape|85\/100\n|-unboost|p1a: Heracross|spe|1\n|-unboost|p1b: Infernape|spe|1\n|move|p1b: Infernape|Drain Punch|p2a: Aegislash\n|-activate|p2a: Aegislash|move: Protect\n|-unboost|p1b: Infernape|atk|1\n|move|p1a: Heracross|Rock Blast|p2b: Iron Bundle\n|-supereffective|p2b: Iron Bundle\n|-damage|p2b: Iron Bundle|57\/100\n|-supereffective|p2b: Iron Bundle\n|-damage|p2b: Iron Bundle|27\/100\n|-supereffective|p2b: Iron Bundle\n|-damage|p2b: Iron Bundle|0 fnt\n|faint|p2b: Iron Bundle\n|-end|p2b: Iron Bundle|Quark Drive|[silent]\n|-hitcount|p2: Iron Bundle|3\n|\n|upkeep\n|\n|t:|1698792005\n|switch|p2b: Entei|Entei|100\/100\n|turn|6\n|\n|t:|1698792017\n|move|p2b: Entei|Extreme Speed|p1a: Heracross\n|-damage|p1a: Heracross|45\/100\n|-formechange|p2a: Aegislash|Aegislash-Blade||[from] ability: Stance Change\n|move|p2a: Aegislash|Shadow Sneak|p1b: Infernape\n|-damage|p1b: Infernape|46\/100\n|move|p1b: Infernape|Drain Punch|p2a: Aegislash\n|-supereffective|p2a: Aegislash\n|-damage|p2a: Aegislash|0 fnt\n|-heal|p1b: Infernape|90\/100|[from] drain|[of] p2a: Aegislash\n|faint|p2a: Aegislash\n|move|p1a: Heracross|Rock Blast|p2b: Entei\n|-supereffective|p2b: Entei\n|-damage|p2b: Entei|74\/100\n|-supereffective|p2b: Entei\n|-damage|p2b: Entei|49\/100\n|-supereffective|p2b: Entei\n|-damage|p2b: Entei|26\/100\n|-supereffective|p2b: Entei\n|-damage|p2b: Entei|0 fnt\n|faint|p2b: Entei\n|-hitcount|p2: Entei|4\n|\n|upkeep\n|\n|t:|1698792037\n|switch|p2b: Iron Hands|Iron Hands|43\/100\n|switch|p2a: Dracozolt|Dracozolt|100\/100\n|turn|7\n|\n|t:|1698792055\n|move|p2b: Iron Hands|Fake Out|p1a: Heracross\n|-damage|p1a: Heracross|31\/100\n|move|p2a: Dracozolt|Rock Slide|p1b: Infernape|[spread] p1b\n|-miss|p2a: Dracozolt|p1a: Heracross\n|-damage|p1b: Infernape|63\/100\n|cant|p1b: Infernape|flinch\n|cant|p1a: Heracross|flinch\n|\n|upkeep\n|turn|8\n|c|\u2606VoidlessGamer26|gg\n|\n|t:|1698792071\n|move|p2a: Dracozolt|Rock Slide|p1b: Infernape|[spread] p1a,p1b\n|-damage|p1a: Heracross|16\/100\n|-damage|p1b: Infernape|34\/100\n|move|p1b: Infernape|Raging Fury|p2b: Iron Hands\n|-damage|p2b: Iron Hands|19\/100\n|move|p2b: Iron Hands|Drain Punch|p1a: Heracross\n|-resisted|p1a: Heracross\n|-damage|p1a: Heracross|0 fnt\n|-heal|p2b: Iron Hands|24\/100|[from] drain|[of] p1a: Heracross\n|faint|p1a: Heracross\n|\n|upkeep\n|\n|t:|1698792087\n|switch|p1a: Fezandipiti|Fezandipiti, M|100\/100\n|turn|9\n|\n|t:|1698792097\n|move|p2a: Dracozolt|Rock Slide|p1b: Infernape|[spread] p1a,p1b\n|-damage|p1a: Fezandipiti|84\/100\n|-damage|p1b: Infernape|8\/100\n|move|p1b: Infernape|Raging Fury|p2a: Dracozolt|[from]lockedmove\n|-resisted|p2a: Dracozolt\n|-damage|p2a: Dracozolt|79\/100\n|move|p1a: Fezandipiti|Play Rough|p2b: Iron Hands\n|-supereffective|p2b: Iron Hands\n|-damage|p2b: Iron Hands|0 fnt\n|faint|p2b: Iron Hands\n|-end|p2b: Iron Hands|Quark Drive|[silent]\n|\n|upkeep\n|turn|10\n|\n|t:|1698792116\n|move|p2a: Dracozolt|Rock Slide|p1a: Fezandipiti|[spread] p1a,p1b\n|-damage|p1a: Fezandipiti|65\/100\n|-damage|p1b: Infernape|0 fnt\n|faint|p1b: Infernape\n|-zpower|p1a: Fezandipiti\n|move|p1a: Fezandipiti|Twinkle Tackle|p2a: Dracozolt|[zeffect]\n|-supereffective|p2a: Dracozolt\n|-damage|p2a: Dracozolt|0 fnt\n|faint|p2a: Dracozolt\n|\n|win|schoolteen\n|raw|schoolteen's rating: 1118 &rarr; <strong>1140<\/strong><br \/>(+22 for winning)\n|raw|VoidlessGamer26's rating: 1075 &rarr; <strong>1056<\/strong><br \/>(-19 for losing)\n|l|\u2606VoidlessGamer26\n","uploadtime":1698792390,"views":11,"p1id":"schoolteen","p2id":"voidlessgamer26","formatid":"gen9nationaldexdoubles","rating":1056,"private":0,"password":""}