{"id":"gen9nationaldexdoubles-1951651365","p1":"Chad Tankers","p2":"AceofJades39","format":"[Gen 9] National Dex Doubles","log":"|j|\u2606Chad Tankers\n|j|\u2606AceofJades39\n|t:|1695603122\n|gametype|doubles\n|player|p1|Chad Tankers|pokemaniac|1306\n|player|p2|AceofJades39|cheryl|1293\n|teamsize|p1|6\n|teamsize|p2|6\n|gen|9\n|tier|[Gen 9] National Dex Doubles\n|rated|\n|rule|HP Percentage Mod: HP is shown in percentages\n|rule|Endless Battle Clause: Forcing endless battles is banned\n|rule|OHKO Clause: OHKO moves are banned\n|rule|Evasion Moves Clause: Evasion moves are banned\n|rule|Evasion Abilities Clause: Evasion abilities are banned\n|rule|Species Clause: Limit one of each Pok\u00e9mon\n|rule|Gravity Sleep Clause: The combination of sleep-inducing moves with imperfect accuracy and Gravity or Gigantamax Orbeetle are banned\n|clearpoke\n|poke|p1|Kangaskhan, F|\n|poke|p1|Urshifu-*, F|\n|poke|p1|Mew|\n|poke|p1|Zygarde|\n|poke|p1|Volcanion|\n|poke|p1|Rillaboom, F|\n|poke|p2|Weezing-Galar, M|\n|poke|p2|Regigigas|\n|poke|p2|Iron Hands|\n|poke|p2|Sinistcha-Masterpiece|\n|poke|p2|Ninetales-Alola, M|\n|poke|p2|Landorus-Therian, M|\n|teampreview\n|inactive|Battle timer is ON: inactive players will automatically lose when time's up. (requested by Chad Tankers)\n|\n|t:|1695603144\n|start\n|switch|p1a: Zygarde|Zygarde|100\/100\n|switch|p1b: Mew|Mew|100\/100\n|switch|p2a: Hugo|Iron Hands|100\/100\n|switch|p2b: Blizz|Ninetales-Alola, M|100\/100\n|-weather|Snow|[from] ability: Snow Warning|[of] p2b: Blizz\n|-ability|p1a: Zygarde|Aura Break\n|turn|1\n|\n|t:|1695603163\n|switch|p1a: Volcanion|Volcanion|100\/100\n|move|p2a: Hugo|Fake Out|p1b: Mew\n|-damage|p1b: Mew|90\/100\n|move|p2b: Blizz|Aurora Veil|p2b: Blizz\n|-sidestart|p2: AceofJades39|move: Aurora Veil\n|cant|p1b: Mew|flinch\n|\n|-weather|Snow|[upkeep]\n|upkeep\n|turn|2\n|\n|t:|1695603179\n|move|p2b: Blizz|Icy Wind|p1b: Mew|[spread] p1a,p1b\n|-resisted|p1a: Volcanion\n|-damage|p1a: Volcanion|98\/100\n|-damage|p1b: Mew|78\/100\n|-unboost|p1a: Volcanion|spe|1\n|-unboost|p1b: Mew|spe|1\n|move|p1b: Mew|Tailwind|p1b: Mew\n|-sidestart|p1: Chad Tankers|move: Tailwind\n|move|p1a: Volcanion|Flamethrower|p2b: Blizz\n|-supereffective|p2b: Blizz\n|-damage|p2b: Blizz|21\/100\n|move|p2a: Hugo|Wild Charge|p1a: Volcanion\n|-supereffective|p1a: Volcanion\n|-damage|p1a: Volcanion|19\/100\n|-damage|p2a: Hugo|86\/100|[from] Recoil\n|\n|-weather|Snow|[upkeep]\n|upkeep\n|turn|3\n|\n|t:|1695603207\n|switch|p2b: Doug|Weezing-Galar, M|100\/100\n|-ability|p2b: Doug|Neutralizing Gas\n|move|p1b: Mew|Nasty Plot|p1b: Mew\n|-boost|p1b: Mew|spa|2\n|move|p1a: Volcanion|Heat Wave|p2a: Hugo|[spread] p2a,p2b\n|-damage|p2a: Hugo|75\/100\n|-damage|p2b: Doug|76\/100\n|move|p2a: Hugo|Wild Charge|p1a: Volcanion\n|-supereffective|p1a: Volcanion\n|-damage|p1a: Volcanion|0 fnt\n|faint|p1a: Volcanion\n|-damage|p2a: Hugo|72\/100|[from] Recoil\n|\n|-weather|Snow|[upkeep]\n|upkeep\n|inactive|Chad Tankers has 120 seconds left.\n|\n|t:|1695603230\n|switch|p1a: Zygarde|Zygarde|100\/100\n|turn|4\n|\n|t:|1695603239\n|-end|p2a: Hugo|Quark Drive|[silent]\n|switch|p2a: The Woah|Regigigas, shiny|100\/100\n|move|p1a: Zygarde|Protect|p1a: Zygarde\n|-singleturn|p1a: Zygarde|Protect\n|-zpower|p1b: Mew\n|move|p1b: Mew|Genesis Supernova|p2a: The Woah|[zeffect]\n|-damage|p2a: The Woah|35\/100\n|-fieldstart|move: Psychic Terrain\n|move|p2b: Doug|Will-O-Wisp|p1a: Zygarde\n|-activate|p1a: Zygarde|move: Protect\n|\n|-weather|Snow|[upkeep]\n|-heal|p2a: The Woah|42\/100|[from] item: Leftovers\n|upkeep\n|turn|5\n|\n|t:|1695603264\n|switch|p1a: Urshifu|Urshifu-Rapid-Strike, F|100\/100\n|move|p2a: The Woah|Protect|p2a: The Woah\n|-singleturn|p2a: The Woah|Protect\n|move|p2b: Doug|Protect|p2b: Doug\n|-singleturn|p2b: Doug|Protect\n|move|p1b: Mew|Psychic|p2a: The Woah\n|-activate|p2a: The Woah|move: Protect\n|\n|-weather|none\n|-heal|p2a: The Woah|48\/100|[from] item: Leftovers\n|-sideend|p1: Chad Tankers|move: Tailwind\n|upkeep\n|turn|6\n|\n|t:|1695603289\n|-terastallize|p2a: The Woah|Ghost\n|move|p2a: The Woah|Knock Off|p1b: Mew\n|-supereffective|p1b: Mew\n|-damage|p1b: Mew|38\/100\n|move|p1a: Urshifu|Surging Strikes|p2a: The Woah\n|-crit|p2a: The Woah\n|-damage|p2a: The Woah|28\/100\n|-crit|p2a: The Woah\n|-damage|p2a: The Woah|9\/100\n|-crit|p2a: The Woah\n|-damage|p2a: The Woah|0 fnt\n|faint|p2a: The Woah\n|-end|p2a: The Woah|Slow Start|[silent]\n|-hitcount|p2: The Woah|3\n|move|p1b: Mew|Tailwind|p1b: Mew\n|-sidestart|p1: Chad Tankers|move: Tailwind\n|move|p2b: Doug|Will-O-Wisp|p1a: Urshifu\n|-status|p1a: Urshifu|brn\n|\n|-damage|p1a: Urshifu|94\/100 brn|[from] brn\n|upkeep\n|inactive|AceofJades39 has 120 seconds left.\n|\n|t:|1695603305\n|switch|p2a: Hugo|Iron Hands|72\/100\n|turn|7\n|\n|t:|1695603319\n|move|p1a: Urshifu|Surging Strikes|p2b: Doug\n|-crit|p2b: Doug\n|-damage|p2b: Doug|66\/100\n|-damage|p1a: Urshifu|78\/100 brn|[from] item: Rocky Helmet|[of] p2b: Doug\n|-crit|p2b: Doug\n|-damage|p2b: Doug|56\/100\n|-damage|p1a: Urshifu|61\/100 brn|[from] item: Rocky Helmet|[of] p2b: Doug\n|-crit|p2b: Doug\n|-damage|p2b: Doug|47\/100\n|-damage|p1a: Urshifu|45\/100 brn|[from] item: Rocky Helmet|[of] p2b: Doug\n|-hitcount|p2b: Doug|3\n|move|p1b: Mew|Psychic|p2a: Hugo\n|-supereffective|p2a: Hugo\n|-damage|p2a: Hugo|17\/100\n|move|p2b: Doug|Strange Steam|p1b: Mew\n|-damage|p1b: Mew|15\/100\n|move|p2a: Hugo|Wild Charge|p1a: Urshifu\n|-supereffective|p1a: Urshifu\n|-damage|p1a: Urshifu|0 fnt\n|faint|p1a: Urshifu\n|-damage|p2a: Hugo|10\/100|[from] Recoil\n|\n|upkeep\n|\n|t:|1695603341\n|switch|p1a: Rillaboom|Rillaboom, F, shiny|100\/100\n|turn|8\n|\n|t:|1695603350\n|move|p1a: Rillaboom|Fake Out|p2b: Doug\n|-activate|p2b: Doug|move: Psychic Terrain\n|move|p1b: Mew|Psychic|p2a: Hugo\n|-supereffective|p2a: Hugo\n|-damage|p2a: Hugo|0 fnt\n|faint|p2a: Hugo\n|-end|p2a: Hugo|Quark Drive|[silent]\n|move|p2b: Doug|Will-O-Wisp|p1a: Rillaboom\n|-status|p1a: Rillaboom|brn\n|\n|-damage|p1a: Rillaboom|94\/100 brn|[from] brn\n|-sideend|p2: AceofJades39|move: Aurora Veil\n|-fieldend|move: Psychic Terrain\n|upkeep\n|\n|t:|1695603364\n|switch|p2a: Blizz|Ninetales-Alola, M|21\/100\n|turn|9\n|\n|t:|1695603373\n|move|p1a: Rillaboom|Grassy Glide|p2a: Blizz\n|-damage|p2a: Blizz|0 fnt\n|faint|p2a: Blizz\n|move|p1b: Mew|Psychic|p2b: Doug\n|-supereffective|p2b: Doug\n|-damage|p2b: Doug|0 fnt\n|faint|p2b: Doug\n|-end|p2b: Doug|ability: Neutralizing Gas\n|-fieldstart|move: Grassy Terrain|[from] ability: Grassy Surge|[of] p1a: Rillaboom\n|\n|-heal|p1a: Rillaboom|100\/100 brn|[from] Grassy Terrain\n|-heal|p1b: Mew|22\/100|[from] Grassy Terrain\n|-damage|p1a: Rillaboom|94\/100 brn|[from] brn\n|-sideend|p1: Chad Tankers|move: Tailwind\n|upkeep\n|\n|t:|1695603379\n|switch|p2a: Chug Jug|Sinistcha-Masterpiece|100\/100\n|switch|p2b: Harm|Landorus-Therian, M|100\/100\n|-ability|p2b: Harm|Intimidate|boost\n|-unboost|p1a: Rillaboom|atk|1\n|-unboost|p1b: Mew|atk|1\n|turn|10\n|\n|t:|1695603399\n|move|p2b: Harm|Rock Slide|p1b: Mew|[spread] p1a,p1b\n|-damage|p1a: Rillaboom|77\/100 brn\n|-damage|p1b: Mew|6\/100\n|cant|p1a: Rillaboom|flinch\n|cant|p1b: Mew|flinch\n|move|p2a: Chug Jug|Matcha Gotcha|p1b: Mew|[spread] p1a,p1b\n|-resisted|p1a: Rillaboom\n|-damage|p1a: Rillaboom|61\/100 brn\n|-damage|p1b: Mew|0 fnt\n|faint|p1b: Mew\n|\n|-heal|p1a: Rillaboom|67\/100 brn|[from] Grassy Terrain\n|-damage|p1a: Rillaboom|61\/100 brn|[from] brn\n|upkeep\n|\n|t:|1695603415\n|switch|p1b: Zygarde|Zygarde|100\/100\n|-ability|p1b: Zygarde|Aura Break\n|turn|11\n|\n|t:|1695603423\n|move|p1a: Rillaboom|Grassy Glide|p2b: Harm\n|-damage|p2b: Harm|87\/100\n|move|p2b: Harm|Rock Slide|p1a: Rillaboom|[spread] p1a,p1b\n|-resisted|p1b: Zygarde\n|-damage|p1a: Rillaboom|43\/100 brn\n|-damage|p1b: Zygarde|93\/100\n|-enditem|p1a: Rillaboom|Sitrus Berry|[eat]\n|-heal|p1a: Rillaboom|68\/100 brn|[from] item: Sitrus Berry\n|move|p1b: Zygarde|Dragon Dance|p1b: Zygarde\n|-boost|p1b: Zygarde|atk|1\n|-boost|p1b: Zygarde|spe|1\n|move|p2a: Chug Jug|Matcha Gotcha|p1b: Zygarde|[spread] p1a,p1b\n|-resisted|p1a: Rillaboom\n|-damage|p1a: Rillaboom|53\/100 brn\n|-damage|p1b: Zygarde|67\/100\n|\n|-heal|p1b: Zygarde|73\/100|[from] Grassy Terrain\n|-heal|p1a: Rillaboom|60\/100 brn|[from] Grassy Terrain\n|-damage|p1a: Rillaboom|53\/100 brn|[from] brn\n|upkeep\n|turn|12\n|\n|t:|1695603451\n|move|p2b: Harm|Rock Slide|p1b: Zygarde|[spread] p1a,p1b\n|-resisted|p1b: Zygarde\n|-damage|p1a: Rillaboom|35\/100 brn\n|-damage|p1b: Zygarde|65\/100\n|cant|p1b: Zygarde|flinch\n|cant|p1a: Rillaboom|flinch\n|move|p2a: Chug Jug|Matcha Gotcha|p1b: Zygarde|[spread] p1a,p1b\n|-resisted|p1a: Rillaboom\n|-damage|p1a: Rillaboom|20\/100 brn\n|-damage|p1b: Zygarde|37\/100\n|\n|-heal|p1b: Zygarde|43\/100|[from] Grassy Terrain\n|-heal|p1a: Rillaboom|26\/100 brn|[from] Grassy Terrain\n|-damage|p1a: Rillaboom|20\/100 brn|[from] brn\n|upkeep\n|turn|13\n|\n|t:|1695603468\n|move|p1b: Zygarde|Protect|p1b: Zygarde\n|-singleturn|p1b: Zygarde|Protect\n|move|p2b: Harm|Rock Slide|p1b: Zygarde|[spread] p1a\n|-activate|p1b: Zygarde|move: Protect\n|-damage|p1a: Rillaboom|2\/100 brn\n|move|p1a: Rillaboom|U-turn|p2a: Chug Jug\n|-damage|p2a: Chug Jug|93\/100\n|-damage|p1a: Rillaboom|0 fnt|[from] item: Rocky Helmet|[of] p2a: Chug Jug\n|faint|p1a: Rillaboom\n|move|p2a: Chug Jug|Matcha Gotcha|p1b: Zygarde\n|-activate|p1b: Zygarde|move: Protect\n|\n|-heal|p1b: Zygarde|49\/100|[from] Grassy Terrain\n|-heal|p2a: Chug Jug|99\/100|[from] Grassy Terrain\n|-fieldend|move: Grassy Terrain\n|upkeep\n|\n|t:|1695603485\n|switch|p1a: Kangaskhan|Kangaskhan, F|100\/100\n|turn|14\n|\n|t:|1695603492\n|move|p1a: Kangaskhan|Fake Out|p2a: Chug Jug\n|-damage|p2a: Chug Jug|88\/100\n|-damage|p1a: Kangaskhan|84\/100|[from] item: Rocky Helmet|[of] p2a: Chug Jug\n|move|p2b: Harm|Rock Slide|p1b: Zygarde|[spread] p1a,p1b\n|-resisted|p1b: Zygarde\n|-damage|p1a: Kangaskhan|66\/100\n|-damage|p1b: Zygarde|43\/100\n|move|p1b: Zygarde|Dragon Dance|p1b: Zygarde\n|-boost|p1b: Zygarde|atk|1\n|-boost|p1b: Zygarde|spe|1\n|cant|p2a: Chug Jug|flinch\n|\n|upkeep\n|turn|15\n|\n|t:|1695603511\n|detailschange|p1a: Kangaskhan|Kangaskhan-Mega, F\n|-mega|p1a: Kangaskhan|Kangaskhan|Kangaskhanite\n|move|p1b: Zygarde|Thousand Arrows|p2b: Harm|[spread] p2a,p2b\n|-resisted|p2a: Chug Jug\n|-damage|p2a: Chug Jug|60\/100\n|-damage|p2b: Harm|18\/100\n|-start|p2b: Harm|Smack Down\n|move|p2b: Harm|Rock Slide|p1a: Kangaskhan|[spread] p1a,p1b\n|-resisted|p1b: Zygarde\n|-damage|p1a: Kangaskhan|52\/100\n|-damage|p1b: Zygarde|35\/100\n|move|p1a: Kangaskhan|Shadow Claw|p2a: Chug Jug\n|-supereffective|p2a: Chug Jug\n|-damage|p2a: Chug Jug|25\/100\n|-damage|p1a: Kangaskhan|36\/100|[from] item: Rocky Helmet|[of] p2a: Chug Jug\n|-supereffective|p2a: Chug Jug\n|-damage|p2a: Chug Jug|17\/100\n|-damage|p1a: Kangaskhan|19\/100|[from] item: Rocky Helmet|[of] p2a: Chug Jug\n|-hitcount|p2a: Chug Jug|2\n|move|p2a: Chug Jug|Matcha Gotcha|p1a: Kangaskhan|[spread] p1b\n|-miss|p2a: Chug Jug|p1a: Kangaskhan\n|-damage|p1b: Zygarde|13\/100\n|-heal|p2a: Chug Jug|29\/100|[from] drain|[of] p1b: Zygarde\n|\n|upkeep\n|turn|16\n|\n|t:|1695603538\n|move|p1b: Zygarde|Thousand Arrows|p2b: Harm|[spread] p2a,p2b\n|-resisted|p2a: Chug Jug\n|-damage|p2a: Chug Jug|3\/100\n|-damage|p2b: Harm|0 fnt\n|faint|p2b: Harm\n|move|p1a: Kangaskhan|Seismic Toss|p2a: Chug Jug\n|-immune|p2a: Chug Jug\n|move|p2a: Chug Jug|Matcha Gotcha|p1b: Zygarde|[spread] p1a,p1b\n|-damage|p1a: Kangaskhan|0 fnt\n|-heal|p2a: Chug Jug|14\/100|[from] drain|[of] p1a: Kangaskhan\n|-damage|p1b: Zygarde|0 fnt\n|-heal|p2a: Chug Jug|22\/100|[from] drain|[of] p1b: Zygarde\n|faint|p1a: Kangaskhan\n|faint|p1b: Zygarde\n|\n|win|AceofJades39\n|raw|Chad Tankers's rating: 1306 &rarr; <strong>1285<\/strong><br \/>(-21 for losing)\n|raw|AceofJades39's rating: 1293 &rarr; <strong>1319<\/strong><br \/>(+26 for winning)\n|c|\u2606Chad Tankers|Ggs\n|c|\u2606AceofJades39|gg\n","uploadtime":1695603550,"views":11,"p1id":"chadtankers","p2id":"aceofjades39","formatid":"gen9nationaldexdoubles","rating":1285,"private":0,"password":""}