{"id":"gen9nationaldexdoubles-1991720586","p1":"the maraculous","p2":"Feetstreetmeatseat","format":"[Gen 9] National Dex Doubles","log":"|j|\u2606the maraculous\n|j|\u2606Feetstreetmeatseat\n|t:|1700106773\n|gametype|doubles\n|player|p1|the maraculous|dragontamer|1364\n|player|p2|Feetstreetmeatseat|skierf|1261\n|teamsize|p1|6\n|teamsize|p2|6\n|gen|9\n|tier|[Gen 9] National Dex Doubles\n|rated|\n|rule|HP Percentage Mod: HP is shown in percentages\n|rule|Endless Battle Clause: Forcing endless battles is banned\n|rule|OHKO Clause: OHKO moves are banned\n|rule|Evasion Moves Clause: Evasion moves are banned\n|rule|Evasion Abilities Clause: Evasion abilities are banned\n|rule|Species Clause: Limit one of each Pok\u00e9mon\n|rule|Gravity Sleep Clause: The combination of sleep-inducing moves with imperfect accuracy and Gravity or Gigantamax Orbeetle are banned\n|clearpoke\n|poke|p1|Xurkitree|\n|poke|p1|Iron Valiant|\n|poke|p1|Chandelure, F|\n|poke|p1|Landorus-Therian, M|\n|poke|p1|Kartana|\n|poke|p1|Farigiraf, M|\n|poke|p2|Golisopod, M|\n|poke|p2|Stakataka|\n|poke|p2|Incineroar, F|\n|poke|p2|Brute Bonnet|\n|poke|p2|Farigiraf, M|\n|poke|p2|Porygon2|\n|teampreview\n|\n|t:|1700106794\n|start\n|switch|p1a: Chandelure|Chandelure, F|100\/100\n|switch|p1b: Landorus|Landorus-Therian, M|100\/100\n|switch|p2a: minecraft|Stakataka|100\/100\n|switch|p2b: kawaii cuteness|Porygon2, shiny|100\/100\n|-ability|p1b: Landorus|Intimidate|boost\n|-unboost|p2a: minecraft|atk|1\n|-unboost|p2b: kawaii cuteness|atk|1\n|-item|p1a: Chandelure|Air Balloon\n|-ability|p2b: kawaii cuteness|Flash Fire|[from] ability: Trace|[of] p1a: Chandelure\n|turn|1\n|\n|t:|1700106824\n|move|p1b: Landorus|Stomping Tantrum|p2a: minecraft\n|-supereffective|p2a: minecraft\n|-damage|p2a: minecraft|5\/100\n|move|p1a: Chandelure|Imprison|p1a: Chandelure\n|-start|p1a: Chandelure|move: Imprison\n|move|p2a: minecraft|Heavy Slam|p1b: Landorus\n|-damage|p1b: Landorus|58\/100\n|cant|p2b: kawaii cuteness|move: Imprison|Trick Room\n|\n|-heal|p2a: minecraft|11\/100|[from] item: Leftovers\n|upkeep\n|turn|2\n|c|\u2606Feetstreetmeatseat|oh shooooot\n|\n|t:|1700106854\n|switch|p2a: ooga booga|Brute Bonnet|100\/100\n|move|p1b: Landorus|Knock Off|p2b: kawaii cuteness\n|-damage|p2b: kawaii cuteness|76\/100\n|-enditem|p2b: kawaii cuteness|Eviolite|[from] move: Knock Off|[of] p1b: Landorus\n|move|p1a: Chandelure|Flamethrower|p2a: ooga booga\n|-supereffective|p2a: ooga booga\n|-damage|p2a: ooga booga|28\/100\n|move|p2b: kawaii cuteness|Ice Beam|p1b: Landorus\n|-supereffective|p1b: Landorus\n|-damage|p1b: Landorus|0 fnt\n|faint|p1b: Landorus\n|\n|upkeep\n|\n|t:|1700106868\n|switch|p1b: Farigiraf|Farigiraf, M|100\/100\n|turn|3\n|\n|t:|1700106895\n|switch|p2b: fursona|Incineroar, F|100\/100\n|-ability|p2b: fursona|Intimidate|boost\n|-unboost|p1a: Chandelure|atk|1\n|-unboost|p1b: Farigiraf|atk|1\n|move|p1a: Chandelure|Flamethrower|p2a: ooga booga\n|-supereffective|p2a: ooga booga\n|-damage|p2a: ooga booga|0 fnt\n|faint|p2a: ooga booga\n|-end|p2a: ooga booga|Protosynthesis|[silent]\n|move|p1b: Farigiraf|Nasty Plot|p1b: Farigiraf\n|-boost|p1b: Farigiraf|spa|2\n|\n|upkeep\n|\n|t:|1700106910\n|switch|p2a: i gtg|Golisopod, M|100\/100\n|turn|4\n|\n|t:|1700106923\n|-terastallize|p1b: Farigiraf|Normal\n|move|p1a: Chandelure|Flamethrower|p2a: i gtg\n|-damage|p2a: i gtg|65\/100\n|move|p1b: Farigiraf|Hyper Voice|p2b: fursona|[spread] p2a,p2b\n|-crit|p2b: fursona\n|-damage|p2a: i gtg|2\/100\n|-damage|p2b: fursona|10\/100\n|-activate|p2a: i gtg|ability: Emergency Exit\n|\n|t:|1700106935\n|switch|p2a: kawaii cuteness|Porygon2, shiny|76\/100\n|-ability|p2a: kawaii cuteness|Flash Fire|[from] ability: Trace|[of] p1a: Chandelure\n|move|p2b: fursona|Knock Off|p1a: Chandelure\n|-supereffective|p1a: Chandelure\n|-damage|p1a: Chandelure|0 fnt\n|-enditem|p1a: Chandelure|Air Balloon\n|faint|p1a: Chandelure\n|\n|upkeep\n|c|\u2606Feetstreetmeatseat|gg\n|\n|t:|1700106943\n|switch|p1a: Xurkitree|Xurkitree|100\/100\n|turn|5\n|\n|t:|1700106971\n|switch|p2b: minecraft|Stakataka|11\/100\n|-terastallize|p2a: kawaii cuteness|Ghost\n|-zpower|p1a: Xurkitree\n|move|p1a: Xurkitree|Gigavolt Havoc|p2a: kawaii cuteness|[zeffect]\n|-damage|p2a: kawaii cuteness|0 fnt\n|faint|p2a: kawaii cuteness\n|-ability|p1a: Xurkitree|Beast Boost|boost\n|-boost|p1a: Xurkitree|spa|1\n|move|p1b: Farigiraf|Hyper Voice|p2b: minecraft\n|-resisted|p2b: minecraft\n|-crit|p2b: minecraft\n|-damage|p2b: minecraft|0 fnt\n|faint|p2b: minecraft\n|\n|upkeep\n|\n|t:|1700106993\n|switch|p2a: i gtg|Golisopod, M|2\/100\n|switch|p2b: graph function|Farigiraf, M|100\/100\n|turn|6\n|\n|t:|1700107021\n|move|p1a: Xurkitree|Rising Voltage|p2a: i gtg\n|-supereffective|p2a: i gtg\n|-damage|p2a: i gtg|0 fnt\n|faint|p2a: i gtg\n|-ability|p1a: Xurkitree|Beast Boost|boost\n|-boost|p1a: Xurkitree|spa|1\n|move|p1b: Farigiraf|Nasty Plot|p1b: Farigiraf\n|-boost|p1b: Farigiraf|spa|2\n|move|p2b: graph function|Trick Room|p2b: graph function\n|-fieldstart|move: Trick Room|[of] p2b: graph function\n|\n|upkeep\n|\n|t:|1700107031\n|switch|p2a: fursona|Incineroar, F|10\/100\n|-ability|p2a: fursona|Intimidate|boost\n|-unboost|p1a: Xurkitree|atk|1\n|-unboost|p1b: Farigiraf|atk|1\n|turn|7\n|\n|t:|1700107044\n|move|p2b: graph function|Hyper Voice|p1b: Farigiraf|[spread] p1a,p1b\n|-damage|p1a: Xurkitree|63\/100\n|-damage|p1b: Farigiraf|75\/100\n|move|p2a: fursona|Knock Off|p1b: Farigiraf\n|-damage|p1b: Farigiraf|22\/100\n|-enditem|p1b: Farigiraf|Leftovers|[from] move: Knock Off|[of] p2a: fursona\n|move|p1b: Farigiraf|Hyper Voice|p2b: graph function|[spread] p2a,p2b\n|-damage|p2a: fursona|0 fnt\n|-damage|p2b: graph function|1\/100\n|faint|p2a: fursona\n|move|p1a: Xurkitree|Rising Voltage|p2b: graph function\n|-damage|p2b: graph function|0 fnt\n|faint|p2b: graph function\n|\n|win|the maraculous\n|raw|the maraculous's rating: 1364 &rarr; <strong>1378<\/strong><br \/>(+14 for winning)\n|raw|Feetstreetmeatseat's rating: 1261 &rarr; <strong>1243<\/strong><br \/>(-18 for losing)\n","uploadtime":1700107059,"views":21,"p1id":"themaraculous","p2id":"feetstreetmeatseat","formatid":"gen9nationaldexdoubles","rating":1243,"private":0,"password":""}