{"id":"gen9nationaldexdoubles-1967484001","p1":"MatCat19","p2":"The OG Trainer Red","format":"[Gen 9] National Dex Doubles","log":"|j|\u2606MatCat19\n|j|\u2606The OG Trainer Red\n|t:|1697306205\n|gametype|doubles\n|player|p1|MatCat19|265|1030\n|player|p2|The OG Trainer Red|fisherman-gen4|1051\n|teamsize|p1|6\n|teamsize|p2|6\n|gen|9\n|tier|[Gen 9] National Dex Doubles\n|rated|\n|rule|HP Percentage Mod: HP is shown in percentages\n|rule|Endless Battle Clause: Forcing endless battles is banned\n|rule|OHKO Clause: OHKO moves are banned\n|rule|Evasion Moves Clause: Evasion moves are banned\n|rule|Evasion Abilities Clause: Evasion abilities are banned\n|rule|Species Clause: Limit one of each Pok\u00e9mon\n|rule|Gravity Sleep Clause: The combination of sleep-inducing moves with imperfect accuracy and Gravity or Gigantamax Orbeetle are banned\n|clearpoke\n|poke|p1|Empoleon, M|\n|poke|p1|Swanna, F|\n|poke|p1|Sceptile, M|\n|poke|p1|Infernape, M|\n|poke|p1|Electrode-Hisui|\n|poke|p1|Slowbro, M|\n|poke|p2|Articuno|\n|poke|p2|Lapras, F|\n|poke|p2|Mimikyu, F|\n|poke|p2|Noctowl, M|\n|poke|p2|Ludicolo, M|\n|poke|p2|Politoed, M|\n|teampreview\n|\n|t:|1697306221\n|start\n|switch|p1a: Son Goku|Infernape, M|100\/100\n|switch|p1b: Boird|Swanna, F, shiny|100\/100\n|switch|p2a: Articuno|Articuno|100\/100\n|switch|p2b: Lapras|Lapras, F|100\/100\n|-ability|p2a: Articuno|Pressure\n|turn|1\n|\n|t:|1697306249\n|move|p1b: Boird|Hurricane|p2b: Lapras|[miss]\n|-miss|p1b: Boird|p2b: Lapras\n|move|p1a: Son Goku|Blaze Kick|p2a: Articuno\n|-supereffective|p2a: Articuno\n|-damage|p2a: Articuno|52\/100\n|move|p2a: Articuno|Hail|p2a: Articuno\n|-weather|Hail\n|move|p2b: Lapras|Blizzard|p1b: Boird|[spread] p1a,p1b\n|-resisted|p1a: Son Goku\n|-damage|p1a: Son Goku|82\/100\n|-damage|p1b: Boird|60\/100\n|\n|-weather|Hail|[upkeep]\n|-damage|p1b: Boird|54\/100|[from] Hail\n|-damage|p1a: Son Goku|76\/100|[from] Hail\n|-heal|p2a: Articuno|58\/100|[from] item: Leftovers\n|upkeep\n|turn|2\n|inactive|Battle timer is ON: inactive players will automatically lose when time's up. (requested by The OG Trainer Red)\n|inactive|MatCat19 has 120 seconds left.\n|inactive|The OG Trainer Red has 120 seconds left.\n|\n|t:|1697306285\n|switch|p1b: 007|Empoleon, M|100\/100\n|move|p1a: Son Goku|Thunder Punch|p2b: Lapras\n|-supereffective|p2b: Lapras\n|-damage|p2b: Lapras|68\/100\n|move|p2a: Articuno|Tailwind|p2a: Articuno\n|-sidestart|p2: The OG Trainer Red|move: Tailwind\n|move|p2b: Lapras|Blizzard|p1b: 007|[spread] p1a,p1b\n|-resisted|p1a: Son Goku\n|-resisted|p1b: 007\n|-damage|p1a: Son Goku|56\/100\n|-damage|p1b: 007|93\/100\n|\n|-weather|Hail|[upkeep]\n|-damage|p1a: Son Goku|50\/100|[from] Hail\n|-damage|p1b: 007|87\/100|[from] Hail\n|-heal|p2a: Articuno|64\/100|[from] item: Leftovers\n|-heal|p2b: Lapras|74\/100|[from] item: Leftovers\n|upkeep\n|turn|3\n|\n|t:|1697306310\n|move|p2a: Articuno|Air Slash|p1a: Son Goku\n|-supereffective|p1a: Son Goku\n|-damage|p1a: Son Goku|0 fnt\n|faint|p1a: Son Goku\n|move|p2b: Lapras|Freeze-Dry|p1b: 007\n|-damage|p1b: 007|61\/100\n|move|p1b: 007|Flash Cannon|p2a: Articuno\n|-supereffective|p2a: Articuno\n|-damage|p2a: Articuno|18\/100\n|\n|-weather|Hail|[upkeep]\n|-damage|p1b: 007|55\/100|[from] Hail\n|-heal|p2a: Articuno|24\/100|[from] item: Leftovers\n|-heal|p2b: Lapras|81\/100|[from] item: Leftovers\n|upkeep\n|inactive|MatCat19 has 120 seconds left.\n|\n|t:|1697306328\n|switch|p1a: Djokovic|Sceptile, M|100\/100\n|turn|4\n|\n|t:|1697306343\n|-terastallize|p1a: Djokovic|Steel\n|move|p2a: Articuno|Blizzard|p1b: 007|[spread] p1a,p1b\n|-resisted|p1a: Djokovic\n|-resisted|p1b: 007\n|-damage|p1a: Djokovic|82\/100\n|-damage|p1b: 007|47\/100\n|move|p1a: Djokovic|Iron Tail|p2b: Lapras|[miss]\n|-miss|p1a: Djokovic|p2b: Lapras\n|move|p2b: Lapras|Blizzard|p1b: 007|[spread] p1a,p1b\n|-resisted|p1a: Djokovic\n|-resisted|p1b: 007\n|-damage|p1a: Djokovic|65\/100\n|-damage|p1b: 007|40\/100\n|move|p1b: 007|Flash Cannon|p2a: Articuno\n|-supereffective|p2a: Articuno\n|-damage|p2a: Articuno|0 fnt\n|faint|p2a: Articuno\n|\n|-weather|Hail|[upkeep]\n|-damage|p1a: Djokovic|59\/100|[from] Hail\n|-damage|p1b: 007|34\/100|[from] Hail\n|-heal|p2b: Lapras|87\/100|[from] item: Leftovers\n|upkeep\n|inactive|The OG Trainer Red has 120 seconds left.\n|\n|t:|1697306374\n|switch|p2a: Noctowl|Noctowl, M|100\/100\n|turn|5\n|inactive|The OG Trainer Red has 120 seconds left.\n|\n|t:|1697306417\n|move|p2a: Noctowl|Psychic|p1b: 007\n|-resisted|p1b: 007\n|-damage|p1b: 007|6\/100\n|-enditem|p1b: 007|Aguav Berry|[eat]\n|-heal|p1b: 007|39\/100|[from] item: Aguav Berry\n|move|p1a: Djokovic|Iron Tail|p2a: Noctowl\n|-damage|p2a: Noctowl|59\/100\n|move|p2b: Lapras|Freeze-Dry|p1b: 007\n|-damage|p1b: 007|12\/100\n|move|p1b: 007|Flash Cannon|p2b: Lapras\n|-damage|p2b: Lapras|63\/100\n|\n|-weather|none\n|-heal|p2b: Lapras|69\/100|[from] item: Leftovers\n|-sideend|p2: The OG Trainer Red|move: Tailwind\n|upkeep\n|turn|6\n|inactive|The OG Trainer Red has 120 seconds left.\n|\n|t:|1697306456\n|switch|p1a: Vegita|Electrode-Hisui, shiny|100\/100\n|switch|p1b: Slowbro|Slowbro, M, shiny|100\/100\n|switch|p2a: Ludicolo|Ludicolo, M|100\/100\n|move|p2b: Lapras|Freeze-Dry|p1b: Slowbro\n|-supereffective|p1b: Slowbro\n|-damage|p1b: Slowbro|53\/100\n|\n|-heal|p2b: Lapras|75\/100|[from] item: Leftovers\n|upkeep\n|turn|7\n|inactive|MatCat19 has 120 seconds left.\n|\n|t:|1697306494\n|switch|p2b: Politoed|Politoed, M|100\/100\n|-weather|RainDance|[from] ability: Drizzle|[of] p2b: Politoed\n|move|p2a: Ludicolo|Hyper Voice|p1a: Vegita|[spread] p1a,p1b\n|-damage|p1a: Vegita|78\/100\n|-damage|p1b: Slowbro|36\/100\n|move|p1a: Vegita|Thunder|p2b: Politoed\n|-supereffective|p2b: Politoed\n|-damage|p2b: Politoed|31\/100\n|move|p1b: Slowbro|Disable||[still]\n|-fail|p1b: Slowbro\n|\n|-weather|RainDance|[upkeep]\n|upkeep\n|turn|8\n|inactive|The OG Trainer Red has 120 seconds left.\n|inactive|MatCat19 has 120 seconds left.\n|\n|t:|1697306529\n|switch|p1b: Boird|Swanna, F, shiny|54\/100\n|move|p2a: Ludicolo|Surf|p1a: Vegita|[spread] p2b,p1a,p1b\n|-resisted|p2b: Politoed\n|-resisted|p1a: Vegita\n|-crit|p1a: Vegita\n|-resisted|p1b: Boird\n|-damage|p2b: Politoed|13\/100\n|-damage|p1a: Vegita|34\/100\n|-damage|p1b: Boird|29\/100\n|move|p1a: Vegita|Thunder|p2b: Politoed\n|-supereffective|p2b: Politoed\n|-damage|p2b: Politoed|0 fnt\n|faint|p2b: Politoed\n|\n|-weather|RainDance|[upkeep]\n|upkeep\n|inactive|The OG Trainer Red has 90 seconds left.\n|\n|t:|1697306540\n|switch|p2b: Noctowl|Noctowl, M|59\/100\n|turn|9\n|\n|t:|1697306548\n|move|p2a: Ludicolo|Round|p1b: Boird\n|-damage|p1b: Boird|9\/100\n|-enditem|p1b: Boird|Aguav Berry|[eat]\n|-heal|p1b: Boird|42\/100|[from] item: Aguav Berry\n|move|p2b: Noctowl|Round|p1a: Vegita|[from]move: Round\n|-damage|p1a: Vegita|0 fnt\n|faint|p1a: Vegita\n|move|p1b: Boird|Hurricane|p2a: Ludicolo\n|-supereffective|p2a: Ludicolo\n|-damage|p2a: Ludicolo|58\/100\n|\n|-weather|RainDance|[upkeep]\n|upkeep\n|\n|t:|1697306563\n|switch|p1a: Djokovic|Sceptile, M, tera:Steel|59\/100\n|turn|10\n|\n|t:|1697306582\n|move|p2a: Ludicolo|Round|p1b: Boird\n|-damage|p1b: Boird|22\/100\n|move|p2b: Noctowl|Round|p1a: Djokovic|[from]move: Round\n|-resisted|p1a: Djokovic\n|-damage|p1a: Djokovic|1\/100\n|-enditem|p1a: Djokovic|Aguav Berry|[eat]\n|-heal|p1a: Djokovic|34\/100|[from] item: Aguav Berry\n|move|p1a: Djokovic|Giga Drain|p2a: Ludicolo\n|-damage|p2a: Ludicolo|40\/100\n|-heal|p1a: Djokovic|46\/100|[from] drain|[of] p2a: Ludicolo\n|move|p1b: Boird|Hydro Pump|p2b: Noctowl\n|-damage|p2b: Noctowl|15\/100\n|\n|-weather|RainDance|[upkeep]\n|upkeep\n|turn|11\n|inactive|MatCat19 has 120 seconds left.\n|\n|t:|1697306642\n|move|p1a: Djokovic|Giga Drain|p2a: Ludicolo\n|-damage|p2a: Ludicolo|20\/100\n|-heal|p1a: Djokovic|59\/100|[from] drain|[of] p2a: Ludicolo\n|move|p2a: Ludicolo|Round|p1b: Boird\n|-damage|p1b: Boird|3\/100\n|move|p2b: Noctowl|Round|p1a: Djokovic|[from]move: Round\n|-resisted|p1a: Djokovic\n|-damage|p1a: Djokovic|7\/100\n|move|p1b: Boird|Hurricane|p2a: Ludicolo\n|-supereffective|p2a: Ludicolo\n|-damage|p2a: Ludicolo|0 fnt\n|faint|p2a: Ludicolo\n|\n|-weather|none\n|upkeep\n|\n|t:|1697306657\n|switch|p2a: Mimikyu|Mimikyu, F|100\/100\n|turn|12\n|inactive|MatCat19 has 120 seconds left.\n|inactive|MatCat19 has 90 seconds left.\n|\n|t:|1697306694\n|move|p1a: Djokovic|Iron Tail|p2b: Noctowl\n|-damage|p2b: Noctowl|0 fnt\n|faint|p2b: Noctowl\n|move|p1b: Boird|Hydro Pump|p2a: Mimikyu\n|-activate|p2a: Mimikyu|ability: Disguise\n|-damage|p2a: Mimikyu|100\/100\n|detailschange|p2a: Mimikyu|Mimikyu-Busted, F\n|-damage|p2a: Mimikyu|88\/100|[from] pokemon: Mimikyu-Busted\n|move|p2a: Mimikyu|Trick Room|p2a: Mimikyu\n|-fieldstart|move: Trick Room|[of] p2a: Mimikyu\n|\n|upkeep\n|\n|t:|1697306714\n|switch|p2b: Lapras|Lapras, F|75\/100\n|turn|13\n|\n|t:|1697306723\n|switch|p1b: Slowbro|Slowbro, M, shiny|36\/100\n|switch|p1a: 007|Empoleon, M|12\/100\n|move|p2b: Lapras|Freeze-Dry|p1b: Slowbro\n|-supereffective|p1b: Slowbro\n|-damage|p1b: Slowbro|0 fnt\n|faint|p1b: Slowbro\n|move|p2a: Mimikyu|Drain Punch|p1a: 007\n|-supereffective|p1a: 007\n|-damage|p1a: 007|0 fnt\n|-heal|p2a: Mimikyu|93\/100|[from] drain|[of] p1a: 007\n|faint|p1a: 007\n|\n|-heal|p2b: Lapras|82\/100|[from] item: Leftovers\n|upkeep\n|\n|t:|1697306742\n|switch|p1b: Djokovic|Sceptile, M, tera:Steel|7\/100\n|switch|p1a: Boird|Swanna, F, shiny|3\/100\n|turn|14\n|inactive|MatCat19 has 120 seconds left.\n|\n|t:|1697306771\n|move|p2b: Lapras|Freeze-Dry|p1a: Boird\n|-supereffective|p1a: Boird\n|-damage|p1a: Boird|0 fnt\n|faint|p1a: Boird\n|move|p2a: Mimikyu|Drain Punch|p1b: Djokovic\n|-supereffective|p1b: Djokovic\n|-damage|p1b: Djokovic|0 fnt\n|-heal|p2a: Mimikyu|97\/100|[from] drain|[of] p1b: Djokovic\n|faint|p1b: Djokovic\n|\n|win|The OG Trainer Red\n|raw|MatCat19's rating: 1030 &rarr; <strong>1016<\/strong><br \/>(-14 for losing)\n|raw|The OG Trainer Red's rating: 1051 &rarr; <strong>1081<\/strong><br \/>(+30 for winning)\n|l|\u2606MatCat19\n","uploadtime":1697307045,"views":6,"p1id":"matcat19","p2id":"theogtrainerred","formatid":"gen9nationaldexdoubles","rating":1016,"private":0,"password":""}