{"id":"gen9nationaldexdoubles-1980847654","p1":"not howfalcons","p2":"Beyond Subzero","format":"[Gen 9] National Dex Doubles","log":"|j|\u2606not howfalcons\n|j|\u2606Beyond Subzero\n|t:|1698841875\n|gametype|doubles\n|player|p1|not howfalcons|clown|1460\n|player|p2|Beyond Subzero|bruno|1425\n|teamsize|p1|6\n|teamsize|p2|6\n|gen|9\n|tier|[Gen 9] National Dex Doubles\n|rated|\n|rule|HP Percentage Mod: HP is shown in percentages\n|rule|Endless Battle Clause: Forcing endless battles is banned\n|rule|OHKO Clause: OHKO moves are banned\n|rule|Evasion Moves Clause: Evasion moves are banned\n|rule|Evasion Abilities Clause: Evasion abilities are banned\n|rule|Species Clause: Limit one of each Pok\u00e9mon\n|rule|Gravity Sleep Clause: The combination of sleep-inducing moves with imperfect accuracy and Gravity or Gigantamax Orbeetle are banned\n|clearpoke\n|poke|p1|Salamence, F|\n|poke|p1|Jirachi|\n|poke|p1|Volcanion|\n|poke|p1|Kingambit, F|\n|poke|p1|Rillaboom, M|\n|poke|p1|Basculegion, M|\n|poke|p2|Kyurem-Black|\n|poke|p2|Tapu Koko|\n|poke|p2|Scizor, F|\n|poke|p2|Marshadow|\n|poke|p2|Volcanion|\n|poke|p2|Ninetales-Alola, F|\n|teampreview\n|inactive|Battle timer is ON: inactive players will automatically lose when time's up. (requested by Beyond Subzero)\n|\n|t:|1698841898\n|start\n|switch|p1a: Jiminy Cricket|Jirachi|100\/100\n|switch|p1b: Tubey Tyler|Volcanion|100\/100\n|switch|p2a: Tapu Koko|Tapu Koko|100\/100\n|switch|p2b: Kyurem|Kyurem-Black, shiny|100\/100\n|-fieldstart|move: Electric Terrain|[from] ability: Electric Surge|[of] p2a: Tapu Koko\n|-ability|p2b: Kyurem|Teravolt\n|turn|1\n|\n|t:|1698841917\n|move|p1a: Jiminy Cricket|Follow Me|p1a: Jiminy Cricket\n|-singleturn|p1a: Jiminy Cricket|move: Follow Me\n|move|p2a: Tapu Koko|Sky Drop||[still]\n|-prepare|p2a: Tapu Koko|Sky Drop|p1a: Jiminy Cricket\n|move|p2b: Kyurem|Dragon Dance|p2b: Kyurem\n|-boost|p2b: Kyurem|atk|1\n|-boost|p2b: Kyurem|spe|1\n|move|p1b: Tubey Tyler|Heat Wave|p2a: Tapu Koko|[spread] p2b\n|-miss|p1b: Tubey Tyler|p2a: Tapu Koko\n|-damage|p2b: Kyurem|69\/100\n|\n|upkeep\n|turn|2\n|inactive|not howfalcons has 120 seconds left.\n|\n|t:|1698841951\n|move|p2b: Kyurem|Fusion Bolt|p1b: Tubey Tyler\n|-supereffective|p1b: Tubey Tyler\n|-damage|p1b: Tubey Tyler|0 fnt\n|faint|p1b: Tubey Tyler\n|move|p2a: Tapu Koko|Sky Drop|p1a: Jiminy Cricket|[from]lockedmove\n|-resisted|p1a: Jiminy Cricket\n|-damage|p1a: Jiminy Cricket|96\/100\n|-end|p1a: Jiminy Cricket|Sky Drop\n|move|p1a: Jiminy Cricket|Encore|p2b: Kyurem\n|-start|p2b: Kyurem|Encore\n|\n|upkeep\n|inactive|not howfalcons has 120 seconds left.\n|\n|t:|1698841964\n|switch|p1b: Gary Greenback|Rillaboom, M|100\/100\n|-fieldstart|move: Grassy Terrain|[from] ability: Grassy Surge|[of] p1b: Gary Greenback\n|turn|3\n|\n|t:|1698841985\n|switch|p2b: Volcanion|Volcanion|100\/100\n|move|p2a: Tapu Koko|Nature's Madness|p1b: Gary Greenback\n|-damage|p1b: Gary Greenback|50\/100\n|move|p1a: Jiminy Cricket|Iron Head|p2b: Volcanion\n|-resisted|p2b: Volcanion\n|-damage|p2b: Volcanion|96\/100\n|move|p1b: Gary Greenback|U-turn|p2b: Volcanion\n|-resisted|p2b: Volcanion\n|-damage|p2b: Volcanion|87\/100\n|\n|t:|1698841996\n|switch|p1b: Angry Dan|Salamence, F|100\/100|[from] U-turn\n|-ability|p1b: Angry Dan|Intimidate|boost\n|-unboost|p2a: Tapu Koko|atk|1\n|-unboost|p2b: Volcanion|atk|1\n|\n|-heal|p1a: Jiminy Cricket|100\/100|[from] Grassy Terrain\n|-heal|p2b: Volcanion|93\/100|[from] Grassy Terrain\n|upkeep\n|turn|4\n|\n|t:|1698842019\n|switch|p1a: Torpedo Joe|Basculegion, M|100\/100\n|detailschange|p1b: Angry Dan|Salamence-Mega, F\n|-mega|p1b: Angry Dan|Salamence|Salamencite\n|move|p2a: Tapu Koko|Nature's Madness|p1b: Angry Dan|[miss]\n|-miss|p2a: Tapu Koko|p1b: Angry Dan\n|move|p1b: Angry Dan|Dragon Dance|p1b: Angry Dan\n|-boost|p1b: Angry Dan|atk|1\n|-boost|p1b: Angry Dan|spe|1\n|move|p2b: Volcanion|Heat Wave|p1a: Torpedo Joe|[spread] p1a,p1b\n|-resisted|p1a: Torpedo Joe\n|-crit|p1a: Torpedo Joe\n|-resisted|p1b: Angry Dan\n|-damage|p1a: Torpedo Joe|83\/100\n|-damage|p1b: Angry Dan|84\/100\n|\n|-heal|p1a: Torpedo Joe|89\/100|[from] Grassy Terrain\n|-heal|p2b: Volcanion|99\/100|[from] Grassy Terrain\n|upkeep\n|turn|5\n|inactive|not howfalcons has 120 seconds left.\n|\n|t:|1698842054\n|move|p1b: Angry Dan|Dragon Dance|p1b: Angry Dan\n|-boost|p1b: Angry Dan|atk|1\n|-boost|p1b: Angry Dan|spe|1\n|move|p2a: Tapu Koko|Sky Drop||[still]\n|-prepare|p2a: Tapu Koko|Sky Drop|p1b: Angry Dan\n|move|p1a: Torpedo Joe|Last Respects|p2a: Tapu Koko|[miss]\n|-miss|p1a: Torpedo Joe|p2a: Tapu Koko\n|move|p2b: Volcanion|Steam Eruption|p1a: Torpedo Joe\n|-resisted|p1a: Torpedo Joe\n|-damage|p1a: Torpedo Joe|72\/100\n|-status|p1a: Torpedo Joe|brn\n|\n|-heal|p1a: Torpedo Joe|79\/100 brn|[from] Grassy Terrain\n|-heal|p2b: Volcanion|100\/100|[from] Grassy Terrain\n|-damage|p1a: Torpedo Joe|72\/100 brn|[from] brn\n|upkeep\n|turn|6\n|\n|t:|1698842072\n|move|p2a: Tapu Koko|Sky Drop|p1b: Angry Dan|[from]lockedmove\n|-immune|p1b: Angry Dan\n|move|p1a: Torpedo Joe|Last Respects|p2a: Tapu Koko\n|-damage|p2a: Tapu Koko|62\/100\n|move|p2b: Volcanion|Steam Eruption|p1b: Angry Dan\n|-resisted|p1b: Angry Dan\n|-damage|p1b: Angry Dan|60\/100\n|\n|-heal|p2a: Tapu Koko|69\/100|[from] Grassy Terrain\n|-heal|p1a: Torpedo Joe|79\/100 brn|[from] Grassy Terrain\n|-damage|p1a: Torpedo Joe|72\/100 brn|[from] brn\n|upkeep\n|turn|7\n|\n|t:|1698842099\n|move|p1b: Angry Dan|Frustration|p2b: Volcanion\n|-damage|p2b: Volcanion|0 fnt\n|faint|p2b: Volcanion\n|move|p2a: Tapu Koko|Nature's Madness|p1b: Angry Dan\n|-damage|p1b: Angry Dan|30\/100\n|move|p1a: Torpedo Joe|Last Respects|p2a: Tapu Koko\n|-damage|p2a: Tapu Koko|32\/100\n|-enditem|p2a: Tapu Koko|Sitrus Berry|[eat]\n|-heal|p2a: Tapu Koko|57\/100|[from] item: Sitrus Berry\n|\n|-heal|p2a: Tapu Koko|64\/100|[from] Grassy Terrain\n|-heal|p1a: Torpedo Joe|79\/100 brn|[from] Grassy Terrain\n|-damage|p1a: Torpedo Joe|72\/100 brn|[from] brn\n|-fieldend|move: Grassy Terrain\n|upkeep\n|inactive|Beyond Subzero has 120 seconds left.\n|\n|t:|1698842123\n|switch|p2b: Marshadow|Marshadow|100\/100\n|turn|8\n|\n|t:|1698842133\n|move|p2b: Marshadow|Shadow Sneak|p1b: Angry Dan\n|-damage|p1b: Angry Dan|9\/100\n|move|p1a: Torpedo Joe|Aqua Jet|p2b: Marshadow\n|-damage|p2b: Marshadow|82\/100\n|move|p1b: Angry Dan|Frustration|p2b: Marshadow\n|-supereffective|p2b: Marshadow\n|-damage|p2b: Marshadow|0 fnt\n|faint|p2b: Marshadow\n|move|p2a: Tapu Koko|Volt Switch|p1a: Torpedo Joe\n|-supereffective|p1a: Torpedo Joe\n|-damage|p1a: Torpedo Joe|45\/100 brn\n|\n|t:|1698842145\n|switch|p2a: Kitsune|Ninetales-Alola, F|100\/100|[from] Volt Switch\n|-weather|Snow|[from] ability: Snow Warning|[of] p2a: Kitsune\n|\n|-weather|Snow|[upkeep]\n|-damage|p1a: Torpedo Joe|39\/100 brn|[from] brn\n|upkeep\n|\n|t:|1698842152\n|switch|p2b: Scizor|Scizor, F|100\/100\n|turn|9\n|\n|t:|1698842160\n|switch|p1a: Gary Greenback|Rillaboom, M|50\/100\n|-fieldstart|move: Grassy Terrain|[from] ability: Grassy Surge|[of] p1a: Gary Greenback\n|detailschange|p2b: Scizor|Scizor-Mega, F\n|-mega|p2b: Scizor|Scizor|Scizorite\n|move|p1b: Angry Dan|Protect|p1b: Angry Dan\n|-singleturn|p1b: Angry Dan|Protect\n|move|p2b: Scizor|Bullet Punch|p1b: Angry Dan\n|-activate|p1b: Angry Dan|move: Protect\n|move|p2a: Kitsune|Aurora Veil|p2a: Kitsune\n|-sidestart|p2: Beyond Subzero|move: Aurora Veil\n|\n|-weather|Snow|[upkeep]\n|-heal|p1a: Gary Greenback|57\/100|[from] Grassy Terrain\n|upkeep\n|turn|10\n|\n|t:|1698842188\n|move|p2b: Scizor|Protect|p2b: Scizor\n|-singleturn|p2b: Scizor|Protect\n|move|p1a: Gary Greenback|Fake Out|p2b: Scizor\n|-activate|p2b: Scizor|move: Protect\n|move|p1b: Angry Dan|Frustration|p2a: Kitsune\n|-damage|p2a: Kitsune|25\/100\n|move|p2a: Kitsune|Blizzard|p1a: Gary Greenback|[spread] p1a,p1b\n|-supereffective|p1a: Gary Greenback\n|-supereffective|p1b: Angry Dan\n|-damage|p1a: Gary Greenback|26\/100\n|-damage|p1b: Angry Dan|0 fnt\n|faint|p1b: Angry Dan\n|\n|-weather|Snow|[upkeep]\n|-heal|p2a: Kitsune|31\/100|[from] Grassy Terrain\n|-heal|p1a: Gary Greenback|32\/100|[from] Grassy Terrain\n|upkeep\n|\n|t:|1698842193\n|switch|p1b: Jiminy Cricket|Jirachi|100\/100\n|turn|11\n|\n|t:|1698842211\n|switch|p1a: Torpedo Joe|Basculegion, M|39\/100 brn\n|move|p2a: Kitsune|Blizzard|p1b: Jiminy Cricket|[spread] p1a,p1b\n|-resisted|p1a: Torpedo Joe\n|-resisted|p1b: Jiminy Cricket\n|-damage|p1a: Torpedo Joe|32\/100 brn\n|-damage|p1b: Jiminy Cricket|92\/100\n|move|p2b: Scizor|Bug Bite|p1a: Torpedo Joe\n|-resisted|p1a: Torpedo Joe\n|-damage|p1a: Torpedo Joe|2\/100 brn\n|move|p1b: Jiminy Cricket|Trick Room|p1b: Jiminy Cricket\n|-fieldstart|move: Trick Room|[of] p1b: Jiminy Cricket\n|\n|-weather|Snow|[upkeep]\n|-heal|p1a: Torpedo Joe|8\/100 brn|[from] Grassy Terrain\n|-heal|p1b: Jiminy Cricket|98\/100|[from] Grassy Terrain\n|-heal|p2a: Kitsune|37\/100|[from] Grassy Terrain\n|-damage|p1a: Torpedo Joe|2\/100 brn|[from] brn\n|upkeep\n|turn|12\n|j| Nael O.\n|\n|t:|1698842235\n|move|p1b: Jiminy Cricket|Follow Me|p1b: Jiminy Cricket\n|-singleturn|p1b: Jiminy Cricket|move: Follow Me\n|move|p1a: Torpedo Joe|Last Respects|p2a: Kitsune\n|-damage|p2a: Kitsune|7\/100\n|move|p2b: Scizor|Bug Bite|p1b: Jiminy Cricket\n|-damage|p1b: Jiminy Cricket|62\/100\n|move|p2a: Kitsune|Blizzard|p1a: Torpedo Joe|[spread] p1a,p1b\n|-resisted|p1a: Torpedo Joe\n|-resisted|p1b: Jiminy Cricket\n|-damage|p1a: Torpedo Joe|0 fnt\n|-damage|p1b: Jiminy Cricket|52\/100\n|faint|p1a: Torpedo Joe\n|\n|-weather|none\n|-heal|p1b: Jiminy Cricket|58\/100|[from] Grassy Terrain\n|-heal|p2a: Kitsune|13\/100|[from] Grassy Terrain\n|upkeep\n|\n|t:|1698842246\n|switch|p1a: Colonal Bonk|Kingambit, F|100\/100\n|turn|13\n|\n|t:|1698842264\n|move|p1b: Jiminy Cricket|Follow Me|p1b: Jiminy Cricket\n|-singleturn|p1b: Jiminy Cricket|move: Follow Me\n|move|p1a: Colonal Bonk|Swords Dance|p1a: Colonal Bonk\n|-boost|p1a: Colonal Bonk|atk|2\n|move|p2b: Scizor|Bug Bite|p1b: Jiminy Cricket\n|-damage|p1b: Jiminy Cricket|25\/100\n|move|p2a: Kitsune|Encore|p1b: Jiminy Cricket\n|-start|p1b: Jiminy Cricket|Encore\n|\n|-heal|p1b: Jiminy Cricket|32\/100|[from] Grassy Terrain\n|-heal|p2a: Kitsune|19\/100|[from] Grassy Terrain\n|-fieldend|move: Grassy Terrain\n|upkeep\n|turn|14\n|\n|t:|1698842285\n|switch|p2b: Tapu Koko|Tapu Koko|64\/100\n|-fieldstart|move: Electric Terrain|[from] ability: Electric Surge|[of] p2b: Tapu Koko\n|move|p1b: Jiminy Cricket|Follow Me|p1b: Jiminy Cricket\n|-singleturn|p1b: Jiminy Cricket|move: Follow Me\n|move|p1a: Colonal Bonk|Knock Off|p2a: Kitsune\n|-resisted|p2a: Kitsune\n|-damage|p2a: Kitsune|0 fnt\n|-enditem|p2a: Kitsune|Light Clay|[from] move: Knock Off|[of] p1a: Colonal Bonk\n|faint|p2a: Kitsune\n|\n|upkeep\n|inactive|Beyond Subzero has 120 seconds left.\n|\n|t:|1698842301\n|switch|p2a: Kyurem|Kyurem-Black, shiny|69\/100\n|-ability|p2a: Kyurem|Teravolt\n|turn|15\n|\n|t:|1698842319\n|move|p1b: Jiminy Cricket|Follow Me|p1b: Jiminy Cricket\n|-singleturn|p1b: Jiminy Cricket|move: Follow Me\n|move|p1a: Colonal Bonk|Knock Off|p2a: Kyurem\n|-damage|p2a: Kyurem|5\/100\n|-enditem|p2a: Kyurem|Loaded Dice|[from] move: Knock Off|[of] p1a: Colonal Bonk\n|move|p2a: Kyurem|Fusion Bolt|p1b: Jiminy Cricket\n|-damage|p1b: Jiminy Cricket|0 fnt\n|faint|p1b: Jiminy Cricket\n|move|p2b: Tapu Koko|Nature's Madness|p1a: Colonal Bonk|[miss]\n|-miss|p2b: Tapu Koko|p1a: Colonal Bonk\n|\n|-fieldend|move: Trick Room\n|upkeep\n|\n|t:|1698842327\n|switch|p1b: Gary Greenback|Rillaboom, M|32\/100\n|-fieldstart|move: Grassy Terrain|[from] ability: Grassy Surge|[of] p1b: Gary Greenback\n|turn|16\n|\n|t:|1698842336\n|move|p2a: Kyurem|Protect|p2a: Kyurem\n|-singleturn|p2a: Kyurem|Protect\n|move|p1b: Gary Greenback|Grassy Glide|p2a: Kyurem\n|-activate|p2a: Kyurem|move: Protect\n|move|p1a: Colonal Bonk|Sucker Punch|p2b: Tapu Koko\n|-resisted|p2b: Tapu Koko\n|-damage|p2b: Tapu Koko|33\/100\n|move|p2b: Tapu Koko|Nature's Madness|p1a: Colonal Bonk\n|-damage|p1a: Colonal Bonk|50\/100\n|\n|-heal|p2b: Tapu Koko|39\/100|[from] Grassy Terrain\n|-heal|p2a: Kyurem|11\/100|[from] Grassy Terrain\n|-heal|p1b: Gary Greenback|39\/100|[from] Grassy Terrain\n|-heal|p1a: Colonal Bonk|57\/100|[from] Grassy Terrain\n|-heal|p1a: Colonal Bonk|63\/100|[from] item: Leftovers\n|-sideend|p2: Beyond Subzero|move: Aurora Veil\n|upkeep\n|turn|17\n|\n|t:|1698842356\n|switch|p2a: Scizor|Scizor-Mega, F|100\/100\n|move|p1b: Gary Greenback|Grassy Glide|p2a: Scizor\n|-resisted|p2a: Scizor\n|-damage|p2a: Scizor|94\/100\n|move|p1a: Colonal Bonk|Sucker Punch|p2b: Tapu Koko\n|-resisted|p2b: Tapu Koko\n|-damage|p2b: Tapu Koko|0 fnt\n|faint|p2b: Tapu Koko\n|\n|-heal|p2a: Scizor|100\/100|[from] Grassy Terrain\n|-heal|p1b: Gary Greenback|45\/100|[from] Grassy Terrain\n|-heal|p1a: Colonal Bonk|69\/100|[from] Grassy Terrain\n|-heal|p1a: Colonal Bonk|75\/100|[from] item: Leftovers\n|upkeep\n|\n|t:|1698842362\n|switch|p2b: Kyurem|Kyurem-Black, shiny|11\/100\n|-ability|p2b: Kyurem|Teravolt\n|turn|18\n|\n|t:|1698842389\n|-terastallize|p1b: Gary Greenback|Fire\n|move|p1b: Gary Greenback|Grassy Glide|p2b: Kyurem\n|-resisted|p2b: Kyurem\n|-crit|p2b: Kyurem\n|-damage|p2b: Kyurem|0 fnt\n|faint|p2b: Kyurem\n|move|p2a: Scizor|Swords Dance|p2a: Scizor\n|-boost|p2a: Scizor|atk|2\n|move|p1a: Colonal Bonk|Knock Off|p2a: Scizor\n|-damage|p2a: Scizor|46\/100\n|\n|-heal|p2a: Scizor|52\/100|[from] Grassy Terrain\n|-heal|p1b: Gary Greenback|51\/100|[from] Grassy Terrain\n|-heal|p1a: Colonal Bonk|81\/100|[from] Grassy Terrain\n|-heal|p1a: Colonal Bonk|88\/100|[from] item: Leftovers\n|upkeep\n|turn|19\n|\n|t:|1698842409\n|move|p2a: Scizor|Bug Bite|p1a: Colonal Bonk\n|-damage|p1a: Colonal Bonk|9\/100\n|move|p1b: Gary Greenback|Wood Hammer|p2a: Scizor\n|-resisted|p2a: Scizor\n|-damage|p2a: Scizor|39\/100\n|-damage|p1b: Gary Greenback|47\/100|[from] Recoil\n|move|p1a: Colonal Bonk|Knock Off|p2a: Scizor\n|-damage|p2a: Scizor|0 fnt\n|faint|p2a: Scizor\n|\n|win|not howfalcons\n|raw|not howfalcons's rating: 1460 &rarr; <strong>1478<\/strong><br \/>(+18 for winning)\n|raw|Beyond Subzero's rating: 1425 &rarr; <strong>1407<\/strong><br \/>(-18 for losing)\n|c|\u2606Beyond Subzero|ggs\n|l|\u2606Beyond Subzero\n|c|\u2606not howfalcons|GG\n","uploadtime":1698842440,"views":3,"p1id":"nothowfalcons","p2id":"beyondsubzero","formatid":"gen9nationaldexdoubles","rating":1407,"private":0,"password":""}