{"id":"gen9nationaldexdoubles-1959822034","p1":"XMarcosPr710","p2":"Yveltak","format":"[Gen 9] National Dex Doubles","log":"|j|\u2606XMarcosPr710\n|j|\u2606Yveltak\n|t:|1696458641\n|gametype|doubles\n|player|p1|XMarcosPr710|benga|\n|player|p2|Yveltak|hugh|\n|teamsize|p1|6\n|teamsize|p2|6\n|gen|9\n|tier|[Gen 9] National Dex Doubles\n|rule|HP Percentage Mod: HP is shown in percentages\n|rule|Endless Battle Clause: Forcing endless battles is banned\n|rule|OHKO Clause: OHKO moves are banned\n|rule|Evasion Moves Clause: Evasion moves are banned\n|rule|Evasion Abilities Clause: Evasion abilities are banned\n|rule|Species Clause: Limit one of each Pok\u00e9mon\n|rule|Gravity Sleep Clause: The combination of sleep-inducing moves with imperfect accuracy and Gravity or Gigantamax Orbeetle are banned\n|clearpoke\n|poke|p1|Rillaboom, M|\n|poke|p1|Ogerpon-Hearthflame, F|\n|poke|p1|Whimsicott, M|\n|poke|p1|Scovillain, F|\n|poke|p1|Meowscarada, F|\n|poke|p1|Venusaur, M|\n|poke|p2|Grimmsnarl, M|\n|poke|p2|Flutter Mane|\n|poke|p2|Tapu Fini|\n|poke|p2|Togekiss, F|\n|poke|p2|Clefable, M|\n|poke|p2|Mawile, M|\n|teampreview\n|c|\u2606Yveltak|De aqui era al forfeit o q\n|c|\u2606XMarcosPr710|Terrible\n|c|\u2606Yveltak|Que buen sprite el scovillain\n|\n|t:|1696458696\n|start\n|switch|p1a: Rain|Rillaboom, M|100\/100\n|switch|p1b: Es|Ogerpon-Hearthflame, F|100\/100\n|switch|p2a: Grimmsnarl|Grimmsnarl, M|100\/100\n|switch|p2b: Flutter Mane|Flutter Mane|100\/100\n|-ability|p1b: Es|Mold Breaker\n|-fieldstart|move: Grassy Terrain|[from] ability: Grassy Surge|[of] p1a: Rain\n|turn|1\n|\n|t:|1696458715\n|move|p1a: Rain|Fake Out|p2a: Grimmsnarl\n|-damage|p2a: Grimmsnarl|86\/100\n|cant|p2a: Grimmsnarl|flinch\n|move|p2b: Flutter Mane|Icy Wind|p1b: Es|[spread] p1a,p1b\n|-supereffective|p1a: Rain\n|-damage|p1a: Rain|65\/100\n|-damage|p1b: Es|83\/100\n|-unboost|p1a: Rain|spe|1\n|-unboost|p1b: Es|spe|1\n|move|p1b: Es|Ivy Cudgel|p2b: Flutter Mane\n|-enditem|p2b: Flutter Mane|Focus Sash\n|-damage|p2b: Flutter Mane|1\/100\n|\n|-heal|p2b: Flutter Mane|7\/100|[from] Grassy Terrain\n|-heal|p1b: Es|89\/100|[from] Grassy Terrain\n|-heal|p2a: Grimmsnarl|92\/100|[from] Grassy Terrain\n|-heal|p1a: Rain|71\/100|[from] Grassy Terrain\n|upkeep\n|turn|2\n|\n|t:|1696458732\n|-end|p2b: Flutter Mane|Protosynthesis|[silent]\n|switch|p2b: Togekiss|Togekiss, F|100\/100\n|move|p2a: Grimmsnarl|Reflect|p2a: Grimmsnarl\n|-sidestart|p2: Yveltak|Reflect\n|move|p1a: Rain|Grassy Glide|p2b: Togekiss\n|-resisted|p2b: Togekiss\n|-damage|p2b: Togekiss|89\/100\n|move|p1b: Es|Wood Hammer|p2a: Grimmsnarl\n|-damage|p2a: Grimmsnarl|36\/100\n|-damage|p1b: Es|65\/100|[from] Recoil\n|\n|-heal|p1b: Es|71\/100|[from] Grassy Terrain\n|-heal|p2b: Togekiss|95\/100|[from] item: Leftovers\n|-heal|p2a: Grimmsnarl|42\/100|[from] Grassy Terrain\n|-heal|p1a: Rain|78\/100|[from] Grassy Terrain\n|upkeep\n|turn|3\n|\n|t:|1696458759\n|move|p1b: Es|Spiky Shield|p1b: Es\n|-singleturn|p1b: Es|move: Protect\n|move|p1a: Rain|Protect|p1a: Rain\n|-singleturn|p1a: Rain|Protect\n|move|p2a: Grimmsnarl|Parting Shot|p1b: Es\n|-activate|p1b: Es|move: Protect\n|move|p2b: Togekiss|Tailwind|p2b: Togekiss\n|-sidestart|p2: Yveltak|move: Tailwind\n|\n|-heal|p2b: Togekiss|100\/100|[from] item: Leftovers\n|-heal|p2a: Grimmsnarl|48\/100|[from] Grassy Terrain\n|-heal|p1b: Es|77\/100|[from] Grassy Terrain\n|-heal|p1a: Rain|84\/100|[from] Grassy Terrain\n|upkeep\n|turn|4\n|c|\u2606Yveltak|Increible\n|\n|t:|1696458782\n|switch|p1a: Skill|Whimsicott, M|100\/100\n|-terastallize|p1b: Es|Fire\n|detailschange|p1b: Es|Ogerpon-Hearthflame-Tera, F, tera:Fire\n|-ability|p1b: Es|Embody Aspect (Hearthflame)|boost\n|-boost|p1b: Es|atk|1\n|move|p2a: Grimmsnarl|Parting Shot|p1b: Es\n|-unboost|p1b: Es|atk|1\n|-unboost|p1b: Es|spa|1\n|\n|t:|1696458811\n|switch|p2a: Clefable|Clefable, M|100\/100|[from] Parting Shot\n|move|p2b: Togekiss|Air Slash|p1a: Skill\n|-supereffective|p1a: Skill\n|-enditem|p1a: Skill|Focus Sash\n|-damage|p1a: Skill|1\/100\n|move|p1b: Es|Ivy Cudgel|p2b: Togekiss\n|-damage|p2b: Togekiss|56\/100\n|\n|-heal|p2b: Togekiss|62\/100|[from] item: Leftovers\n|-heal|p1a: Skill|7\/100|[from] Grassy Terrain\n|-heal|p1b: Es|83\/100|[from] Grassy Terrain\n|upkeep\n|turn|5\n|\n|t:|1696458869\n|switch|p1b: Rain|Rillaboom, M|84\/100\n|move|p1a: Skill|Tailwind|p1a: Skill\n|-sidestart|p1: XMarcosPr710|move: Tailwind\n|move|p2b: Togekiss|Air Slash|p1b: Rain\n|-supereffective|p1b: Rain\n|-damage|p1b: Rain|15\/100\n|move|p2a: Clefable|Moonblast|p1b: Rain\n|-damage|p1b: Rain|0 fnt\n|faint|p1b: Rain\n|\n|-heal|p1a: Skill|13\/100|[from] Grassy Terrain\n|-heal|p2b: Togekiss|68\/100|[from] item: Leftovers\n|-fieldend|move: Grassy Terrain\n|upkeep\n|\n|t:|1696458880\n|switch|p1b: Es|Ogerpon-Hearthflame-Tera, F, tera:Fire|83\/100\n|-ability|p1b: Es|Embody Aspect (Hearthflame)|boost\n|-boost|p1b: Es|atk|1\n|turn|6\n|\n|t:|1696458901\n|switch|p2b: Grimmsnarl|Grimmsnarl, M|48\/100\n|move|p2a: Clefable|Follow Me|p2a: Clefable\n|-singleturn|p2a: Clefable|move: Follow Me\n|move|p1a: Skill|Sunny Day|p1a: Skill\n|-weather|SunnyDay\n|move|p1b: Es|Ivy Cudgel|p2a: Clefable\n|-damage|p2a: Clefable|0 fnt\n|faint|p2a: Clefable\n|\n|-weather|SunnyDay|[upkeep]\n|-sideend|p2: Yveltak|move: Tailwind\n|upkeep\n|c|\u2606Yveltak|Puercon\n|c|\u2606XMarcosPr710|No esperaba ese OHko xDDDD\n|l|\u2606Yveltak\n|player|p2|\n|c|\u2606XMarcosPr710|Pido win\n|j|\u2606Yveltak\n|player|p2|Yveltak|hugh\n|c|\u2606Yveltak|Concedida\n|c|\u2606Yveltak|Na de verdad increible q no tenga bien la hab\n|\n|t:|1696459004\n|switch|p2a: Togekiss|Togekiss, F|68\/100\n|turn|7\n|\n|t:|1696459016\n|switch|p1a: Facts|Venusaur, M|100\/100\n|switch|p2a: Tapu Fini|Tapu Fini|100\/100\n|-fieldstart|move: Misty Terrain|[from] ability: Misty Surge|[of] p2a: Tapu Fini\n|move|p2b: Grimmsnarl|Parting Shot|p1b: Es\n|-unboost|p1b: Es|atk|1\n|-unboost|p1b: Es|spa|1\n|\n|t:|1696459034\n|switch|p2b: Mawile|Mawile, M|100\/100|[from] Parting Shot\n|move|p1b: Es|Ivy Cudgel|p2a: Tapu Fini\n|-resisted|p2a: Tapu Fini\n|-damage|p2a: Tapu Fini|72\/100\n|\n|-weather|SunnyDay|[upkeep]\n|-heal|p2a: Tapu Fini|78\/100|[from] item: Leftovers\n|upkeep\n|turn|8\n|\n|t:|1696459090\n|detailschange|p1a: Facts|Venusaur-Mega, M\n|-mega|p1a: Facts|Venusaur|Venusaurite\n|detailschange|p2b: Mawile|Mawile-Mega, M\n|-mega|p2b: Mawile|Mawile|Mawilite\n|move|p2a: Tapu Fini|Protect|p2a: Tapu Fini\n|-singleturn|p2a: Tapu Fini|Protect\n|move|p2b: Mawile|Sucker Punch|p1b: Es\n|-damage|p1b: Es|23\/100\n|move|p1b: Es|Ivy Cudgel|p2b: Mawile\n|-supereffective|p2b: Mawile\n|-damage|p2b: Mawile|0 fnt\n|faint|p2b: Mawile\n|move|p1a: Facts|Sludge Bomb|p2a: Tapu Fini\n|-activate|p2a: Tapu Fini|move: Protect\n|\n|-weather|SunnyDay|[upkeep]\n|-heal|p2a: Tapu Fini|84\/100|[from] item: Leftovers\n|-sideend|p1: XMarcosPr710|move: Tailwind\n|upkeep\n|\n|t:|1696459102\n|switch|p2b: Flutter Mane|Flutter Mane|7\/100\n|-activate|p2b: Flutter Mane|ability: Protosynthesis\n|-start|p2b: Flutter Mane|protosynthesisspa\n|turn|9\n|\n|t:|1696459114\n|move|p1b: Es|Spiky Shield|p1b: Es\n|-singleturn|p1b: Es|move: Protect\n|move|p2b: Flutter Mane|Shadow Ball|p1b: Es\n|-activate|p1b: Es|move: Protect\n|move|p1a: Facts|Sludge Bomb|p2b: Flutter Mane\n|-damage|p2b: Flutter Mane|0 fnt\n|faint|p2b: Flutter Mane\n|-end|p2b: Flutter Mane|Protosynthesis|[silent]\n|move|p2a: Tapu Fini|Calm Mind|p2a: Tapu Fini\n|-boost|p2a: Tapu Fini|spa|1\n|-boost|p2a: Tapu Fini|spd|1\n|\n|-weather|SunnyDay|[upkeep]\n|-heal|p2a: Tapu Fini|90\/100|[from] item: Leftovers\n|-sideend|p2: Yveltak|Reflect\n|upkeep\n|\n|t:|1696459142\n|switch|p2b: Grimmsnarl|Grimmsnarl, M|48\/100\n|turn|10\n|\n|t:|1696459152\n|-terastallize|p2b: Grimmsnarl|Steel\n|move|p2b: Grimmsnarl|Reflect|p2b: Grimmsnarl\n|-sidestart|p2: Yveltak|Reflect\n|move|p1b: Es|Wood Hammer|p2a: Tapu Fini\n|-supereffective|p2a: Tapu Fini\n|-damage|p2a: Tapu Fini|27\/100\n|-damage|p1b: Es|0 fnt|[from] Recoil\n|faint|p1b: Es\n|move|p1a: Facts|Giga Drain|p2a: Tapu Fini\n|-supereffective|p2a: Tapu Fini\n|-damage|p2a: Tapu Fini|0 fnt\n|faint|p2a: Tapu Fini\n|\n|-weather|none\n|upkeep\n|c|\u2606Yveltak|K\n|\n|t:|1696459165\n|switch|p1b: Issue|Scovillain, F|100\/100\n|switch|p2a: Togekiss|Togekiss, F|68\/100\n|turn|11\n|c|\u2606Yveltak|Pido win tambien\n|\n|t:|1696459179\n|move|p1b: Issue|Protect|p1b: Issue\n|-singleturn|p1b: Issue|Protect\n|move|p2b: Grimmsnarl|Light Screen|p2b: Grimmsnarl\n|-sidestart|p2: Yveltak|move: Light Screen\n|move|p1a: Facts|Sleep Powder|p2a: Togekiss|[miss]\n|-miss|p1a: Facts|p2a: Togekiss\n|move|p2a: Togekiss|Air Slash|p1a: Facts\n|-supereffective|p1a: Facts\n|-damage|p1a: Facts|44\/100\n|\n|-heal|p2a: Togekiss|74\/100|[from] item: Leftovers\n|-fieldend|Misty Terrain\n|upkeep\n|turn|12\n|c|\u2606Yveltak|Apoco si\n|\n|t:|1696459196\n|move|p1a: Facts|Protect|p1a: Facts\n|-singleturn|p1a: Facts|Protect\n|move|p2b: Grimmsnarl|Parting Shot|p1b: Issue\n|-unboost|p1b: Issue|atk|1\n|-unboost|p1b: Issue|spa|1\n|move|p1b: Issue|Flamethrower|p2b: Grimmsnarl\n|-supereffective|p2b: Grimmsnarl\n|-damage|p2b: Grimmsnarl|7\/100\n|-damage|p1b: Issue|91\/100|[from] item: Life Orb\n|move|p2a: Togekiss|Air Slash|p1a: Facts\n|-activate|p1a: Facts|move: Protect\n|\n|-heal|p2a: Togekiss|80\/100|[from] item: Leftovers\n|upkeep\n|turn|13\n|\n|t:|1696459213\n|move|p2b: Grimmsnarl|Parting Shot|p1b: Issue\n|-unboost|p1b: Issue|atk|1\n|-unboost|p1b: Issue|spa|1\n|move|p1b: Issue|Flamethrower|p2b: Grimmsnarl\n|-supereffective|p2b: Grimmsnarl\n|-damage|p2b: Grimmsnarl|0 fnt\n|faint|p2b: Grimmsnarl\n|-damage|p1b: Issue|81\/100|[from] item: Life Orb\n|move|p1a: Facts|Sleep Powder|p2a: Togekiss\n|-status|p2a: Togekiss|slp|[from] move: Sleep Powder\n|cant|p2a: Togekiss|slp\n|\n|-heal|p2a: Togekiss|86\/100 slp|[from] item: Leftovers\n|upkeep\n|turn|14\n|\n|t:|1696459228\n|switch|p1b: It's|Meowscarada, F|100\/100\n|move|p1a: Facts|Sludge Bomb|p2a: Togekiss\n|-supereffective|p2a: Togekiss\n|-damage|p2a: Togekiss|46\/100 slp\n|cant|p2a: Togekiss|slp\n|\n|-heal|p2a: Togekiss|52\/100 slp|[from] item: Leftovers\n|upkeep\n|turn|15\n|c|\u2606Yveltak|gg\n|\n|t:|1696459240\n|move|p1b: It's|Flower Trick|p2a: Togekiss\n|-start|p1b: It's|typechange|Grass|[from] ability: Protean\n|-resisted|p2a: Togekiss\n|-crit|p2a: Togekiss\n|-damage|p2a: Togekiss|23\/100 slp\n|move|p1a: Facts|Sludge Bomb|p2a: Togekiss\n|-supereffective|p2a: Togekiss\n|-damage|p2a: Togekiss|0 fnt\n|faint|p2a: Togekiss\n|\n|win|XMarcosPr710\n|c|\u2606XMarcosPr710|Gg\n","uploadtime":1696459250,"views":14,"p1id":"xmarcospr710","p2id":"yveltak","formatid":"gen9nationaldexdoubles","rating":0,"private":0,"password":""}