{"id":"gen9nationaldexdoubles-1995967116","p1":"Edelgard1162","p2":"Shazamwhich","format":"[Gen 9] National Dex Doubles","log":"|j|\u2606Edelgard1162\n|j|\u2606Shazamwhich\n|t:|1700623134\n|gametype|doubles\n|player|p1|Edelgard1162|rika|1351\n|player|p2|Shazamwhich|brendan-gen3|1362\n|teamsize|p1|6\n|teamsize|p2|6\n|gen|9\n|tier|[Gen 9] National Dex Doubles\n|rated|\n|rule|HP Percentage Mod: HP is shown in percentages\n|rule|Endless Battle Clause: Forcing endless battles is banned\n|rule|OHKO Clause: OHKO moves are banned\n|rule|Evasion Moves Clause: Evasion moves are banned\n|rule|Evasion Abilities Clause: Evasion abilities are banned\n|rule|Species Clause: Limit one of each Pok\u00e9mon\n|rule|Gravity Sleep Clause: The combination of sleep-inducing moves with imperfect accuracy and Gravity or Gigantamax Orbeetle are banned\n|clearpoke\n|poke|p1|Togedemaru, L1, F|\n|poke|p1|Liepard, M|\n|poke|p1|Rillaboom, F|\n|poke|p1|Tyranitar, M|\n|poke|p1|Diancie|\n|poke|p1|Gastrodon, F|\n|poke|p2|Ogerpon-Hearthflame, F|\n|poke|p2|Landorus-Therian, M|\n|poke|p2|Roaring Moon|\n|poke|p2|Amoonguss, F|\n|poke|p2|Gholdengo|\n|poke|p2|Volcanion|\n|teampreview\n|inactive|Battle timer is ON: inactive players will automatically lose when time's up. (requested by Edelgard1162)\n|inactive|Shazamwhich also wants the timer to be on.\n|inactive|Edelgard1162 has 120 seconds left.\n|\n|t:|1700623166\n|start\n|switch|p1a: Togedemaru|Togedemaru, L1, F|100\/100\n|switch|p1b: Liepard|Liepard, M|100\/100\n|switch|p2a: Ogerpon|Ogerpon-Hearthflame, F|100\/100\n|switch|p2b: Landorus|Landorus-Therian, M|100\/100\n|-ability|p2b: Landorus|Intimidate|boost\n|-unboost|p1a: Togedemaru|atk|1\n|-unboost|p1b: Liepard|atk|1\n|-ability|p2a: Ogerpon|Mold Breaker\n|turn|1\n|\n|t:|1700623187\n|move|p1b: Liepard|Fake Out|p2a: Ogerpon\n|-damage|p2a: Ogerpon|91\/100\n|move|p2b: Landorus|Earthquake|p1a: Togedemaru|[spread] p2a,p1a,p1b\n|-supereffective|p1a: Togedemaru\n|-damage|p2a: Ogerpon|30\/100\n|-ability|p1a: Togedemaru|Sturdy\n|-damage|p1a: Togedemaru|9\/100\n|-enditem|p1b: Liepard|Focus Sash\n|-damage|p1b: Liepard|1\/100\n|cant|p2a: Ogerpon|flinch\n|move|p1a: Togedemaru|Endeavor|p2a: Ogerpon\n|-damage|p2a: Ogerpon|1\/100\n|-heal|p1a: Togedemaru|92\/100|[from] item: Shell Bell|[of] p2a: Ogerpon\n|\n|upkeep\n|turn|2\n|\n|t:|1700623208\n|move|p1b: Liepard|Sucker Punch|p2a: Ogerpon\n|-damage|p2a: Ogerpon|0 fnt\n|faint|p2a: Ogerpon\n|move|p2b: Landorus|Earthquake|p1a: Togedemaru|[spread] p1a,p1b\n|-supereffective|p1a: Togedemaru\n|-damage|p1a: Togedemaru|0 fnt\n|-damage|p1b: Liepard|0 fnt\n|faint|p1a: Togedemaru\n|faint|p1b: Liepard\n|\n|upkeep\n|\n|t:|1700623219\n|switch|p2a: Roaring Moon|Roaring Moon, shiny|100\/100\n|switch|p1b: Gastrodon|Gastrodon, F|100\/100\n|switch|p1a: Rillaboom|Rillaboom, F|100\/100\n|-fieldstart|move: Grassy Terrain|[from] ability: Grassy Surge|[of] p1a: Rillaboom\n|-enditem|p2a: Roaring Moon|Booster Energy\n|-activate|p2a: Roaring Moon|ability: Protosynthesis|[fromitem]\n|-start|p2a: Roaring Moon|protosynthesisspe\n|turn|3\n|\n|t:|1700623240\n|switch|p2b: Amoonguss|Amoonguss, F|100\/100\n|move|p1a: Rillaboom|Fake Out|p2b: Amoonguss\n|-damage|p2b: Amoonguss|85\/100\n|move|p2a: Roaring Moon|Dragon Dance|p2a: Roaring Moon\n|-boost|p2a: Roaring Moon|atk|1\n|-boost|p2a: Roaring Moon|spe|1\n|move|p1b: Gastrodon|Ice Beam|p2b: Amoonguss\n|-supereffective|p2b: Amoonguss\n|-damage|p2b: Amoonguss|50\/100\n|\n|-heal|p2b: Amoonguss|56\/100|[from] Grassy Terrain\n|-heal|p2b: Amoonguss|63\/100|[from] item: Black Sludge\n|upkeep\n|turn|4\n|\n|t:|1700623260\n|switch|p1b: Tyranitar|Tyranitar, M|100\/100\n|-weather|Sandstorm|[from] ability: Sand Stream|[of] p1b: Tyranitar\n|-terastallize|p2a: Roaring Moon|Flying\n|move|p2a: Roaring Moon|Acrobatics|p1a: Rillaboom\n|-supereffective|p1a: Rillaboom\n|-damage|p1a: Rillaboom|0 fnt\n|faint|p1a: Rillaboom\n|move|p2b: Amoonguss|Spore|p1b: Tyranitar\n|-status|p1b: Tyranitar|slp|[from] move: Spore\n|\n|-weather|Sandstorm|[upkeep]\n|-damage|p2a: Roaring Moon|95\/100|[from] Sandstorm\n|-damage|p2b: Amoonguss|56\/100|[from] Sandstorm\n|-heal|p2b: Amoonguss|63\/100|[from] Grassy Terrain\n|-heal|p2b: Amoonguss|69\/100|[from] item: Black Sludge\n|upkeep\n|\n|t:|1700623270\n|switch|p1a: Diancie|Diancie|100\/100\n|turn|5\n|\n|t:|1700623282\n|detailschange|p1a: Diancie|Diancie-Mega\n|-mega|p1a: Diancie|Diancie|Diancite\n|move|p2a: Roaring Moon|Iron Head|p1a: Diancie\n|-supereffective|p1a: Diancie\n|-damage|p1a: Diancie|0 fnt\n|faint|p1a: Diancie\n|cant|p1b: Tyranitar|slp\n|move|p2b: Amoonguss|Clear Smog|p1b: Tyranitar\n|-resisted|p1b: Tyranitar\n|-crit|p1b: Tyranitar\n|-damage|p1b: Tyranitar|94\/100 slp\n|-clearboost|p1b: Tyranitar\n|\n|-weather|Sandstorm|[upkeep]\n|-damage|p2a: Roaring Moon|89\/100|[from] Sandstorm\n|-damage|p2b: Amoonguss|63\/100|[from] Sandstorm\n|-heal|p1b: Tyranitar|99\/100 slp|[from] Grassy Terrain\n|-heal|p1b: Tyranitar|100\/100 slp|[from] item: Leftovers\n|-heal|p2b: Amoonguss|69\/100|[from] Grassy Terrain\n|-heal|p2b: Amoonguss|75\/100|[from] item: Black Sludge\n|upkeep\n|\n|t:|1700623286\n|switch|p1a: Gastrodon|Gastrodon, F|100\/100\n|turn|6\n|-message|Edelgard1162 forfeited.\n|\n|win|Shazamwhich\n|raw|Edelgard1162's rating: 1351 &rarr; <strong>1332<\/strong><br \/>(-19 for losing)\n|raw|Shazamwhich's rating: 1362 &rarr; <strong>1381<\/strong><br \/>(+19 for winning)\n|c|\u2606Shazamwhich|gg\n|l|\u2606Shazamwhich\n","uploadtime":1700623306,"views":1,"p1id":"edelgard1162","p2id":"shazamwhich","formatid":"gen9nationaldexdoubles","rating":1332,"private":0,"password":""}