{"id":"gen9nationaldexdoubles-1968416897","p1":"OEEM67","p2":"DracoAxel","format":"[Gen 9] National Dex Doubles","log":"|j|\u2606OEEM67\n|j|\u2606DracoAxel\n|t:|1697416303\n|gametype|doubles\n|player|p1|OEEM67|elesa|\n|player|p2|DracoAxel|nate|\n|teamsize|p1|6\n|teamsize|p2|6\n|gen|9\n|tier|[Gen 9] National Dex Doubles\n|rule|HP Percentage Mod: HP is shown in percentages\n|rule|Endless Battle Clause: Forcing endless battles is banned\n|rule|OHKO Clause: OHKO moves are banned\n|rule|Evasion Moves Clause: Evasion moves are banned\n|rule|Evasion Abilities Clause: Evasion abilities are banned\n|rule|Species Clause: Limit one of each Pok\u00e9mon\n|rule|Gravity Sleep Clause: The combination of sleep-inducing moves with imperfect accuracy and Gravity or Gigantamax Orbeetle are banned\n|clearpoke\n|poke|p1|Iron Hands|\n|poke|p1|Zapdos|\n|poke|p1|Thundurus-Therian, M|\n|poke|p1|Tapu Koko|\n|poke|p1|Sandy Shocks|\n|poke|p1|Golem-Alola, F|\n|poke|p2|Empoleon, F|\n|poke|p2|Regieleki|\n|poke|p2|Politoed, F|\n|poke|p2|Swampert, F|\n|poke|p2|Tornadus, M|\n|poke|p2|Ogerpon-Wellspring, F|\n|teampreview\n|\n|t:|1697416327\n|start\n|switch|p1a: Tapu Koko|Tapu Koko|100\/100\n|switch|p1b: Iron Hands|Iron Hands|100\/100\n|switch|p2a: Empoleon|Empoleon, F|100\/100\n|switch|p2b: Ogerpon|Ogerpon-Wellspring, F|100\/100\n|-fieldstart|move: Electric Terrain|[from] ability: Electric Surge|[of] p1a: Tapu Koko\n|-activate|p1b: Iron Hands|ability: Quark Drive\n|-start|p1b: Iron Hands|quarkdriveatk\n|turn|1\n|\n|t:|1697416341\n|move|p1b: Iron Hands|Fake Out|p2b: Ogerpon\n|-damage|p2b: Ogerpon|77\/100\n|move|p1a: Tapu Koko|Reflect|p1a: Tapu Koko\n|-sidestart|p1: OEEM67|Reflect\n|cant|p2b: Ogerpon|flinch\n|move|p2a: Empoleon|Icy Wind|p1b: Iron Hands|[spread] p1a,p1b\n|-damage|p1a: Tapu Koko|82\/100\n|-damage|p1b: Iron Hands|93\/100\n|-unboost|p1a: Tapu Koko|spe|1\n|-unboost|p1b: Iron Hands|spe|1\n|\n|upkeep\n|turn|2\n|\n|t:|1697416365\n|move|p2b: Ogerpon|Play Rough|p1b: Iron Hands\n|-supereffective|p1b: Iron Hands\n|-damage|p1b: Iron Hands|61\/100\n|move|p1a: Tapu Koko|Nature's Madness|p2b: Ogerpon\n|-damage|p2b: Ogerpon|39\/100\n|move|p2a: Empoleon|Icy Wind|p1a: Tapu Koko|[spread] p1a,p1b\n|-damage|p1a: Tapu Koko|66\/100\n|-damage|p1b: Iron Hands|54\/100\n|-unboost|p1a: Tapu Koko|spe|1\n|-unboost|p1b: Iron Hands|spe|1\n|move|p1b: Iron Hands|Drain Punch|p2a: Empoleon\n|-supereffective|p2a: Empoleon\n|-damage|p2a: Empoleon|0 fnt\n|-heal|p1b: Iron Hands|88\/100|[from] drain|[of] p2a: Empoleon\n|faint|p2a: Empoleon\n|\n|upkeep\n|\n|t:|1697416386\n|switch|p2a: Regieleki|Regieleki|100\/100\n|turn|3\n|\n|t:|1697416410\n|switch|p1a: Zapdos|Zapdos|100\/100\n|-terastallize|p2a: Regieleki|Ice\n|move|p2a: Regieleki|Tera Blast|p1a: Zapdos|[anim] Tera Blast Ice\n|-supereffective|p1a: Zapdos\n|-damage|p1a: Zapdos|6\/100\n|-damage|p2a: Regieleki|91\/100|[from] item: Life Orb\n|move|p2b: Ogerpon|Knock Off|p1b: Iron Hands\n|-resisted|p1b: Iron Hands\n|-damage|p1b: Iron Hands|80\/100\n|-enditem|p1b: Iron Hands|Assault Vest|[from] move: Knock Off|[of] p2b: Ogerpon\n|move|p1b: Iron Hands|Earthquake|p2b: Ogerpon|[spread] p2a,p2b\n|-immune|p1a: Zapdos\n|-resisted|p2b: Ogerpon\n|-damage|p2a: Regieleki|22\/100\n|-damage|p2b: Ogerpon|19\/100\n|\n|upkeep\n|turn|4\n|\n|t:|1697416433\n|move|p2a: Regieleki|Tera Blast|p1a: Zapdos|[anim] Tera Blast Ice\n|-supereffective|p1a: Zapdos\n|-damage|p1a: Zapdos|0 fnt\n|faint|p1a: Zapdos\n|-damage|p2a: Regieleki|12\/100|[from] item: Life Orb\n|move|p2b: Ogerpon|Play Rough|p1b: Iron Hands\n|-supereffective|p1b: Iron Hands\n|-damage|p1b: Iron Hands|53\/100\n|move|p1b: Iron Hands|Earthquake|p2b: Ogerpon|[spread] p2a,p2b\n|-resisted|p2b: Ogerpon\n|-damage|p2a: Regieleki|0 fnt\n|-damage|p2b: Ogerpon|0 fnt\n|faint|p2a: Regieleki\n|faint|p2b: Ogerpon\n|\n|upkeep\n|\n|t:|1697416454\n|switch|p2a: Politoed|Politoed, F|100\/100\n|switch|p2b: Swampert|Swampert, F|100\/100\n|switch|p1a: Sandy Shocks|Sandy Shocks|100\/100\n|-weather|RainDance|[from] ability: Drizzle|[of] p2a: Politoed\n|turn|5\n|\n|t:|1697416477\n|detailschange|p2b: Swampert|Swampert-Mega, F\n|-mega|p2b: Swampert|Swampert|Swampertite\n|move|p2b: Swampert|Earthquake|p1a: Sandy Shocks|[spread] p2a,p1a,p1b\n|-supereffective|p1a: Sandy Shocks\n|-supereffective|p1b: Iron Hands\n|-damage|p2a: Politoed|59\/100\n|-damage|p1a: Sandy Shocks|30\/100\n|-damage|p1b: Iron Hands|20\/100\n|move|p1a: Sandy Shocks|Power Gem|p2b: Swampert\n|-resisted|p2b: Swampert\n|-damage|p2b: Swampert|84\/100\n|-damage|p1a: Sandy Shocks|20\/100|[from] item: Life Orb\n|move|p2a: Politoed|Surf|p1b: Iron Hands|[spread] p2b,p1a,p1b\n|-supereffective|p1a: Sandy Shocks\n|-damage|p2b: Swampert|54\/100\n|-damage|p1a: Sandy Shocks|0 fnt\n|-damage|p1b: Iron Hands|0 fnt\n|faint|p1a: Sandy Shocks\n|-end|p1a: Sandy Shocks|Protosynthesis|[silent]\n|faint|p1b: Iron Hands\n|-end|p1b: Iron Hands|Quark Drive|[silent]\n|\n|-weather|RainDance|[upkeep]\n|-heal|p2a: Politoed|65\/100|[from] item: Leftovers\n|-fieldend|move: Electric Terrain\n|upkeep\n|\n|t:|1697416494\n|switch|p1a: Tapu Koko|Tapu Koko|66\/100\n|switch|p1b: Thundurus|Thundurus-Therian, M|100\/100\n|-fieldstart|move: Electric Terrain|[from] ability: Electric Surge|[of] p1a: Tapu Koko\n|turn|6\n|\n|t:|1697416509\n|move|p2b: Swampert|Rock Slide|p1a: Tapu Koko|[spread] p1a,p1b\n|-supereffective|p1b: Thundurus\n|-damage|p1a: Tapu Koko|49\/100\n|-damage|p1b: Thundurus|59\/100\n|cant|p1a: Tapu Koko|flinch\n|move|p1b: Thundurus|Nasty Plot|p1b: Thundurus\n|-boost|p1b: Thundurus|spa|2\n|move|p2a: Politoed|Surf|p1a: Tapu Koko|[spread] p2b,p1a,p1b\n|-damage|p2b: Swampert|24\/100\n|-damage|p1a: Tapu Koko|7\/100\n|-damage|p1b: Thundurus|13\/100\n|\n|-weather|RainDance|[upkeep]\n|-heal|p2a: Politoed|72\/100|[from] item: Leftovers\n|upkeep\n|turn|7\n|\n|t:|1697416528\n|move|p2b: Swampert|Earthquake|p1a: Tapu Koko|[spread] p2a,p1a\n|-immune|p1b: Thundurus\n|-supereffective|p1a: Tapu Koko\n|-damage|p2a: Politoed|30\/100\n|-damage|p1a: Tapu Koko|0 fnt\n|faint|p1a: Tapu Koko\n|move|p1b: Thundurus|Hidden Power|p2b: Swampert\n|-crit|p2b: Swampert\n|-damage|p2b: Swampert|0 fnt\n|faint|p2b: Swampert\n|-damage|p1b: Thundurus|3\/100|[from] item: Life Orb\n|move|p2a: Politoed|Surf|p1b: Thundurus\n|-damage|p1b: Thundurus|0 fnt\n|faint|p1b: Thundurus\n|\n|-weather|RainDance|[upkeep]\n|-heal|p2a: Politoed|36\/100|[from] item: Leftovers\n|upkeep\n|\n|t:|1697416543\n|switch|p1a: Golem|Golem-Alola, F|100\/100\n|switch|p2b: Tornadus|Tornadus, M|100\/100\n|-item|p1a: Golem|Air Balloon\n|turn|8\n|\n|t:|1697416556\n|move|p2b: Tornadus|Protect|p2b: Tornadus\n|-singleturn|p2b: Tornadus|Protect\n|move|p2a: Politoed|Hypnosis|p1a: Golem|[miss]\n|-miss|p2a: Politoed|p1a: Golem\n|move|p1a: Golem|Return|p2a: Politoed\n|-supereffective|p2a: Politoed\n|-damage|p2a: Politoed|0 fnt\n|faint|p2a: Politoed\n|\n|-weather|RainDance|[upkeep]\n|-sideend|p1: OEEM67|Reflect\n|upkeep\n|turn|9\n|\n|t:|1697416566\n|move|p2b: Tornadus|Hurricane|p1a: Golem\n|-resisted|p1a: Golem\n|-damage|p1a: Golem|82\/100\n|-start|p1a: Golem|confusion\n|-enditem|p1a: Golem|Air Balloon\n|-activate|p1a: Golem|confusion\n|move|p1a: Golem|Rock Slide|p2b: Tornadus\n|-supereffective|p2b: Tornadus\n|-damage|p2b: Tornadus|0 fnt\n|faint|p2b: Tornadus\n|\n|win|OEEM67\n|l|\u2606DracoAxel\n","uploadtime":1697416579,"views":9,"p1id":"oeem67","p2id":"dracoaxel","formatid":"gen9nationaldexdoubles","rating":0,"private":0,"password":""}