{"id":"gen9nationaldexdoubles-1969052357","p1":"medichamfan18","p2":"El Ryuk456","format":"[Gen 9] National Dex Doubles","log":"|j|\u2606medichamfan18\n|j|\u2606El Ryuk456\n|t:|1697485953\n|gametype|doubles\n|player|p1|medichamfan18|n-masters|1345\n|player|p2|El Ryuk456|ingo|1400\n|teamsize|p1|6\n|teamsize|p2|6\n|gen|9\n|tier|[Gen 9] National Dex Doubles\n|rated|\n|rule|HP Percentage Mod: HP is shown in percentages\n|rule|Endless Battle Clause: Forcing endless battles is banned\n|rule|OHKO Clause: OHKO moves are banned\n|rule|Evasion Moves Clause: Evasion moves are banned\n|rule|Evasion Abilities Clause: Evasion abilities are banned\n|rule|Species Clause: Limit one of each Pok\u00e9mon\n|rule|Gravity Sleep Clause: The combination of sleep-inducing moves with imperfect accuracy and Gravity or Gigantamax Orbeetle are banned\n|clearpoke\n|poke|p1|Zygarde|\n|poke|p1|Zamazenta-*|\n|poke|p1|Jirachi|\n|poke|p1|Rillaboom, M|\n|poke|p1|Kangaskhan, F|\n|poke|p1|Glimmora, M|\n|poke|p2|Blastoise, M|\n|poke|p2|Urshifu-*, F|\n|poke|p2|Skarmory, M|\n|poke|p2|Meowscarada, M|\n|poke|p2|Ceruledge, M|\n|poke|p2|Ting-Lu|\n|teampreview\n|inactive|Battle timer is ON: inactive players will automatically lose when time's up. (requested by medichamfan18)\n|\n|t:|1697485970\n|start\n|switch|p1a: Glimmora|Glimmora, M|100\/100\n|switch|p1b: Kangaskhan|Kangaskhan, F|100\/100\n|switch|p2a: Harbor|Blastoise, M|100\/100\n|switch|p2b: Ting-Lu|Ting-Lu|100\/100\n|-ability|p2b: Ting-Lu|Vessel of Ruin\n|turn|1\n|\n|t:|1697485980\n|detailschange|p1b: Kangaskhan|Kangaskhan-Mega, F\n|-mega|p1b: Kangaskhan|Kangaskhan|Kangaskhanite\n|move|p1b: Kangaskhan|Seismic Toss|p2b: Ting-Lu\n|-damage|p2b: Ting-Lu|79\/100\n|-damage|p2b: Ting-Lu|58\/100\n|-hitcount|p2b: Ting-Lu|2\n|move|p1a: Glimmora|Stealth Rock|p2a: Harbor\n|-sidestart|p2: El Ryuk456|move: Stealth Rock\n|move|p2a: Harbor|Scald|p1a: Glimmora\n|-supereffective|p1a: Glimmora\n|-damage|p1a: Glimmora|56\/100\n|move|p2b: Ting-Lu|Stomping Tantrum|p1b: Kangaskhan\n|-damage|p1b: Kangaskhan|70\/100\n|\n|upkeep\n|turn|2\n|\n|t:|1697485997\n|move|p1b: Kangaskhan|Seismic Toss|p2b: Ting-Lu\n|-damage|p2b: Ting-Lu|37\/100\n|-damage|p2b: Ting-Lu|16\/100\n|-hitcount|p2b: Ting-Lu|2\n|move|p1a: Glimmora|Power Gem|p2b: Ting-Lu\n|-resisted|p2b: Ting-Lu\n|-crit|p2b: Ting-Lu\n|-damage|p2b: Ting-Lu|5\/100\n|move|p2a: Harbor|Icy Wind|p1a: Glimmora|[spread] p1a,p1b\n|-crit|p1a: Glimmora\n|-damage|p1a: Glimmora|43\/100\n|-damage|p1b: Kangaskhan|64\/100\n|-unboost|p1a: Glimmora|spe|1\n|-unboost|p1b: Kangaskhan|spe|1\n|move|p2b: Ting-Lu|Snarl|p1a: Glimmora|[spread] p1a,p1b\n|-damage|p1a: Glimmora|33\/100\n|-damage|p1b: Kangaskhan|58\/100\n|-unboost|p1a: Glimmora|spa|1\n|-unboost|p1b: Kangaskhan|spa|1\n|\n|upkeep\n|turn|3\n|\n|t:|1697486014\n|move|p1b: Kangaskhan|Sucker Punch|p2b: Ting-Lu\n|-resisted|p2b: Ting-Lu\n|-damage|p2b: Ting-Lu|0 fnt\n|faint|p2b: Ting-Lu\n|-hitcount|p2: Ting-Lu|1\n|move|p1a: Glimmora|Mortal Spin|p2a: Harbor\n|-damage|p2a: Harbor|96\/100\n|-status|p2a: Harbor|psn\n|move|p2a: Harbor|Scald|p1a: Glimmora\n|-supereffective|p1a: Glimmora\n|-damage|p1a: Glimmora|0 fnt\n|faint|p1a: Glimmora\n|\n|-heal|p2a: Harbor|100\/100 psn|[from] item: Leftovers\n|-damage|p2a: Harbor|88\/100 psn|[from] psn\n|upkeep\n|\n|t:|1697486031\n|switch|p1a: Jirachi|Jirachi|100\/100\n|switch|p2b: Urshifu|Urshifu-Rapid-Strike, F|100\/100\n|-damage|p2b: Urshifu|94\/100|[from] Stealth Rock\n|turn|4\n|\n|t:|1697486040\n|-terastallize|p2b: Urshifu|Water\n|move|p1a: Jirachi|Protect|p1a: Jirachi\n|-singleturn|p1a: Jirachi|Protect\n|move|p2b: Urshifu|Surging Strikes|p1b: Kangaskhan\n|-crit|p1b: Kangaskhan\n|-damage|p1b: Kangaskhan|35\/100\n|-crit|p1b: Kangaskhan\n|-damage|p1b: Kangaskhan|12\/100\n|-crit|p1b: Kangaskhan\n|-damage|p1b: Kangaskhan|0 fnt\n|faint|p1b: Kangaskhan\n|-hitcount|p1: Kangaskhan|3\n|move|p2a: Harbor|Scald|p1a: Jirachi\n|-activate|p1a: Jirachi|move: Protect\n|\n|-heal|p2a: Harbor|94\/100 psn|[from] item: Leftovers\n|-damage|p2a: Harbor|82\/100 psn|[from] psn\n|upkeep\n|\n|t:|1697486045\n|switch|p1b: Rillaboom|Rillaboom, M|100\/100\n|-fieldstart|move: Grassy Terrain|[from] ability: Grassy Surge|[of] p1b: Rillaboom\n|turn|5\n|\n|t:|1697486053\n|move|p2b: Urshifu|Detect|p2b: Urshifu\n|-singleturn|p2b: Urshifu|Protect\n|move|p1a: Jirachi|Follow Me|p1a: Jirachi\n|-singleturn|p1a: Jirachi|move: Follow Me\n|move|p1b: Rillaboom|Grassy Glide|p2b: Urshifu\n|-activate|p2b: Urshifu|move: Protect\n|move|p2a: Harbor|Icy Wind|p1a: Jirachi|[spread] p1a,p1b\n|-resisted|p1a: Jirachi\n|-supereffective|p1b: Rillaboom\n|-damage|p1a: Jirachi|98\/100\n|-damage|p1b: Rillaboom|89\/100\n|-unboost|p1a: Jirachi|spe|1\n|-unboost|p1b: Rillaboom|spe|1\n|\n|-heal|p2b: Urshifu|100\/100|[from] Grassy Terrain\n|-heal|p2a: Harbor|88\/100 psn|[from] Grassy Terrain\n|-heal|p2a: Harbor|94\/100 psn|[from] item: Leftovers\n|-heal|p1a: Jirachi|100\/100|[from] Grassy Terrain\n|-heal|p1b: Rillaboom|95\/100|[from] Grassy Terrain\n|-damage|p2a: Harbor|81\/100 psn|[from] psn\n|upkeep\n|turn|6\n|\n|t:|1697486065\n|switch|p2b: Skraa|Skarmory, M|100\/100\n|-damage|p2b: Skraa|88\/100|[from] Stealth Rock\n|move|p1a: Jirachi|Follow Me|p1a: Jirachi\n|-singleturn|p1a: Jirachi|move: Follow Me\n|move|p1b: Rillaboom|Grassy Glide|p2b: Skraa\n|-resisted|p2b: Skraa\n|-damage|p2b: Skraa|82\/100\n|move|p2a: Harbor|Scald|p1a: Jirachi\n|-damage|p1a: Jirachi|85\/100\n|\n|-heal|p2a: Harbor|88\/100 psn|[from] Grassy Terrain\n|-heal|p2a: Harbor|94\/100 psn|[from] item: Leftovers\n|-heal|p1a: Jirachi|91\/100|[from] Grassy Terrain\n|-heal|p1b: Rillaboom|100\/100|[from] Grassy Terrain\n|-damage|p2a: Harbor|81\/100 psn|[from] psn\n|upkeep\n|turn|7\n|\n|t:|1697486083\n|move|p2a: Harbor|Protect|p2a: Harbor\n|-singleturn|p2a: Harbor|Protect\n|move|p1a: Jirachi|Follow Me|p1a: Jirachi\n|-singleturn|p1a: Jirachi|move: Follow Me\n|move|p1b: Rillaboom|U-turn|p2a: Harbor\n|-activate|p2a: Harbor|move: Protect\n|move|p2b: Skraa|Whirlwind|p1a: Jirachi\n|drag|p1a: Zamazenta|Zamazenta|100\/100\n|-ability|p1a: Zamazenta|Dauntless Shield|boost\n|-boost|p1a: Zamazenta|def|1\n|\n|-heal|p2a: Harbor|87\/100 psn|[from] Grassy Terrain\n|-heal|p2a: Harbor|93\/100 psn|[from] item: Leftovers\n|-damage|p2a: Harbor|81\/100 psn|[from] psn\n|upkeep\n|turn|8\n|\n|t:|1697486101\n|move|p1b: Rillaboom|Grassy Glide|p2a: Harbor\n|-supereffective|p2a: Harbor\n|-damage|p2a: Harbor|33\/100 psn\n|move|p1a: Zamazenta|Body Press|p2b: Skraa\n|-damage|p2b: Skraa|50\/100\n|move|p2b: Skraa|Tailwind|p2b: Skraa\n|-sidestart|p2: El Ryuk456|move: Tailwind\n|move|p2a: Harbor|Scald|p1a: Zamazenta\n|-crit|p1a: Zamazenta\n|-damage|p1a: Zamazenta|58\/100\n|-status|p1a: Zamazenta|brn\n|\n|-heal|p1a: Zamazenta|64\/100 brn|[from] Grassy Terrain\n|-heal|p2a: Harbor|39\/100 psn|[from] Grassy Terrain\n|-heal|p2a: Harbor|45\/100 psn|[from] item: Leftovers\n|-damage|p2a: Harbor|33\/100 psn|[from] psn\n|-damage|p1a: Zamazenta|58\/100 brn|[from] brn\n|upkeep\n|turn|9\n|\n|t:|1697486122\n|move|p2a: Harbor|Protect|p2a: Harbor\n|-singleturn|p2a: Harbor|Protect\n|move|p1a: Zamazenta|Body Press|p2b: Skraa\n|-crit|p2b: Skraa\n|-damage|p2b: Skraa|26\/100\n|-zpower|p2b: Skraa\n|move|p2b: Skraa|Supersonic Skystrike|p1b: Rillaboom|[zeffect]\n|-supereffective|p1b: Rillaboom\n|-damage|p1b: Rillaboom|0 fnt\n|faint|p1b: Rillaboom\n|\n|-heal|p1a: Zamazenta|64\/100 brn|[from] Grassy Terrain\n|-heal|p2a: Harbor|39\/100 psn|[from] Grassy Terrain\n|-heal|p2a: Harbor|45\/100 psn|[from] item: Leftovers\n|-damage|p2a: Harbor|32\/100 psn|[from] psn\n|-damage|p1a: Zamazenta|58\/100 brn|[from] brn\n|-fieldend|move: Grassy Terrain\n|upkeep\n|\n|t:|1697486131\n|switch|p1b: Zygarde|Zygarde, shiny|100\/100\n|-ability|p1b: Zygarde|Aura Break\n|turn|10\n|\n|t:|1697486137\n|-terastallize|p1b: Zygarde|Fire\n|move|p1a: Zamazenta|Coaching|p1b: Zygarde\n|-boost|p1b: Zygarde|atk|1\n|-boost|p1b: Zygarde|def|1\n|move|p2a: Harbor|Icy Wind|p1b: Zygarde|[spread] p1a,p1b\n|-resisted|p1b: Zygarde\n|-damage|p1a: Zamazenta|52\/100 brn\n|-damage|p1b: Zygarde|96\/100\n|-unboost|p1a: Zamazenta|spe|1\n|move|p1b: Zygarde|Dragon Dance|p1b: Zygarde\n|-boost|p1b: Zygarde|atk|1\n|-boost|p1b: Zygarde|spe|1\n|move|p2b: Skraa|Whirlwind|p1a: Zamazenta\n|drag|p1a: Jirachi|Jirachi|91\/100\n|\n|-heal|p2a: Harbor|38\/100 psn|[from] item: Leftovers\n|-damage|p2a: Harbor|26\/100 psn|[from] psn\n|upkeep\n|turn|11\n|\n|t:|1697486151\n|move|p1a: Jirachi|Follow Me|p1a: Jirachi\n|-singleturn|p1a: Jirachi|move: Follow Me\n|move|p1b: Zygarde|Dragon Dance|p1b: Zygarde\n|-boost|p1b: Zygarde|atk|1\n|-boost|p1b: Zygarde|spe|1\n|move|p2a: Harbor|Scald|p1a: Jirachi\n|-damage|p1a: Jirachi|63\/100\n|move|p2b: Skraa|Whirlwind|p1a: Jirachi\n|drag|p1a: Zamazenta|Zamazenta|52\/100 brn\n|\n|-heal|p2a: Harbor|32\/100 psn|[from] item: Leftovers\n|-damage|p2a: Harbor|20\/100 psn|[from] psn\n|-damage|p1a: Zamazenta|45\/100 brn|[from] brn\n|-sideend|p2: El Ryuk456|move: Tailwind\n|upkeep\n|-enditem|p1a: Zamazenta|Sitrus Berry|[eat]\n|-heal|p1a: Zamazenta|70\/100 brn|[from] item: Sitrus Berry\n|turn|12\n|\n|t:|1697486163\n|move|p1b: Zygarde|Thousand Arrows|p2a: Harbor|[spread] p2a,p2b\n|-damage|p2a: Harbor|0 fnt\n|-damage|p2b: Skraa|0 fnt\n|faint|p2a: Harbor\n|faint|p2b: Skraa\n|move|p1a: Zamazenta|Coaching|p1b: Zygarde\n|-boost|p1b: Zygarde|atk|1\n|-boost|p1b: Zygarde|def|1\n|\n|-damage|p1a: Zamazenta|64\/100 brn|[from] brn\n|upkeep\n|\n|t:|1697486169\n|switch|p2b: Urshifu|Urshifu-Rapid-Strike, F, tera:Water|100\/100\n|switch|p2a: A.Banderas|Meowscarada, M|100\/100\n|-damage|p2a: A.Banderas|88\/100|[from] Stealth Rock\n|-damage|p2b: Urshifu|88\/100|[from] Stealth Rock\n|turn|13\n|\n|t:|1697486178\n|move|p1b: Zygarde|Extreme Speed|p2b: Urshifu\n|-damage|p2b: Urshifu|23\/100\n|move|p1a: Zamazenta|Coaching|p1b: Zygarde\n|-boost|p1b: Zygarde|atk|1\n|-boost|p1b: Zygarde|def|1\n|move|p2a: A.Banderas|Flower Trick|p1a: Zamazenta\n|-crit|p1a: Zamazenta\n|-damage|p1a: Zamazenta|29\/100 brn\n|move|p2b: Urshifu|Surging Strikes|p1b: Zygarde\n|-supereffective|p1b: Zygarde\n|-crit|p1b: Zygarde\n|-damage|p1b: Zygarde|56\/100\n|-supereffective|p1b: Zygarde\n|-crit|p1b: Zygarde\n|-damage|p1b: Zygarde|13\/100\n|-supereffective|p1b: Zygarde\n|-crit|p1b: Zygarde\n|-damage|p1b: Zygarde|0 fnt\n|faint|p1b: Zygarde\n|-hitcount|p1: Zygarde|3\n|\n|-damage|p1a: Zamazenta|23\/100 brn|[from] brn\n|upkeep\n|\n|t:|1697486189\n|switch|p1b: Jirachi|Jirachi|63\/100\n|turn|14\n|-message|medichamfan18 forfeited.\n|\n|win|El Ryuk456\n|raw|medichamfan18's rating: 1345 &rarr; <strong>1328<\/strong><br \/>(-17 for losing)\n|raw|El Ryuk456's rating: 1400 &rarr; <strong>1417<\/strong><br \/>(+17 for winning)\n|l|\u2606medichamfan18\n","uploadtime":1697486208,"views":6,"p1id":"medichamfan18","p2id":"elryuk456","formatid":"gen9nationaldexdoubles","rating":1328,"private":0,"password":""}