{"id":"gen9nationaldexdoubles-1954787348","p1":"MageDream\/UHE","p2":"PunkRockObstagoon","format":"[Gen 9] National Dex Doubles","log":"|j|\u2606MageDream\/UHE\n|j|\u2606PunkRockObstagoon\n|t:|1695925998\n|gametype|doubles\n|player|p1|MageDream\/UHE|chuck|1316\n|player|p2|PunkRockObstagoon|hilbert|1238\n|teamsize|p1|6\n|teamsize|p2|6\n|gen|9\n|tier|[Gen 9] National Dex Doubles\n|rated|\n|rule|HP Percentage Mod: HP is shown in percentages\n|rule|Endless Battle Clause: Forcing endless battles is banned\n|rule|OHKO Clause: OHKO moves are banned\n|rule|Evasion Moves Clause: Evasion moves are banned\n|rule|Evasion Abilities Clause: Evasion abilities are banned\n|rule|Species Clause: Limit one of each Pok\u00e9mon\n|rule|Gravity Sleep Clause: The combination of sleep-inducing moves with imperfect accuracy and Gravity or Gigantamax Orbeetle are banned\n|clearpoke\n|poke|p1|Goodra-Hisui, M|\n|poke|p1|Dipplin, M|\n|poke|p1|Malamar, F|\n|poke|p1|Beedrill, F|\n|poke|p1|Ninetales-Alola, F|\n|poke|p1|Marowak-Alola, M|\n|poke|p2|Charizard, M|\n|poke|p2|Metagross|\n|poke|p2|Grimmsnarl, M|\n|poke|p2|Tatsugiri-Stretchy, F|\n|poke|p2|Serperior, F|\n|poke|p2|Blaziken, M|\n|teampreview\n|inactive|Battle timer is ON: inactive players will automatically lose when time's up. (requested by PunkRockObstagoon)\n|inactive|PunkRockObstagoon has 120 seconds left.\n|\n|t:|1695926039\n|start\n|switch|p1a: Ninetales|Ninetales-Alola, F|100\/100\n|switch|p1b: Marowak|Marowak-Alola, M|100\/100\n|switch|p2a: Charizard|Charizard, M|100\/100\n|switch|p2b: Metagross|Metagross|100\/100\n|-weather|Snow|[from] ability: Snow Warning|[of] p1a: Ninetales\n|turn|1\n|\n|t:|1695926064\n|switch|p1a: Dipplin|Dipplin, M, shiny|100\/100\n|-terastallize|p2b: Metagross|Rock\n|move|p2a: Charizard|Tailwind|p2a: Charizard\n|-sidestart|p2: PunkRockObstagoon|move: Tailwind\n|move|p2b: Metagross|Rock Slide|p1b: Marowak|[spread] p1a,p1b\n|-supereffective|p1b: Marowak\n|-damage|p1a: Dipplin|83\/100\n|-damage|p1b: Marowak|42\/100\n|move|p1b: Marowak|Flare Blitz|p2b: Metagross\n|-resisted|p2b: Metagross\n|-damage|p2b: Metagross|56\/100\n|-damage|p1b: Marowak|29\/100|[from] Recoil\n|\n|-weather|Snow|[upkeep]\n|upkeep\n|turn|2\n|\n|t:|1695926089\n|switch|p1b: Goodra|Goodra-Hisui, M|100\/100\n|move|p2a: Charizard|Bulldoze|p1b: Goodra|[spread] p2b,p1a,p1b\n|-supereffective|p2b: Metagross\n|-resisted|p1a: Dipplin\n|-supereffective|p1b: Goodra\n|-damage|p2b: Metagross|40\/100\n|-damage|p1a: Dipplin|81\/100\n|-damage|p1b: Goodra|82\/100\n|-unboost|p1a: Dipplin|spe|1\n|-unboost|p1b: Goodra|spe|1\n|-enditem|p2b: Metagross|Weakness Policy\n|-boost|p2b: Metagross|atk|2|[from] item: Weakness Policy\n|-boost|p2b: Metagross|spa|2|[from] item: Weakness Policy\n|move|p2b: Metagross|Iron Head|p1a: Dipplin\n|-damage|p1a: Dipplin|29\/100\n|cant|p1a: Dipplin|flinch\n|\n|-weather|Snow|[upkeep]\n|upkeep\n|turn|3\n|\n|t:|1695926118\n|switch|p1a: Malamar|Malamar, F|100\/100\n|-terastallize|p1b: Goodra|Ground\n|move|p2a: Charizard|Howl|p2a: Charizard|[spread] p2a,p2b\n|-boost|p2a: Charizard|atk|1\n|-boost|p2b: Metagross|atk|1\n|move|p2b: Metagross|Rock Slide|p1a: Malamar|[spread] p1a,p1b\n|-resisted|p1b: Goodra\n|-damage|p1a: Malamar|21\/100\n|-damage|p1b: Goodra|44\/100\n|-enditem|p1a: Malamar|Aguav Berry|[eat]\n|-heal|p1a: Malamar|54\/100|[from] item: Aguav Berry\n|move|p1b: Goodra|Earthquake|p2a: Charizard|[spread] p1a,p2b\n|-immune|p2a: Charizard\n|-supereffective|p2b: Metagross\n|-damage|p1a: Malamar|20\/100\n|-damage|p2b: Metagross|0 fnt\n|faint|p2b: Metagross\n|-damage|p1b: Goodra|35\/100|[from] item: Life Orb\n|\n|-weather|Snow|[upkeep]\n|upkeep\n|\n|t:|1695926131\n|switch|p2b: Tatsugiri|Tatsugiri-Stretchy, F, shiny|100\/100\n|turn|4\n|\n|t:|1695926143\n|move|p2a: Charizard|Howl|p2a: Charizard|[spread] p2a,p2b\n|-boost|p2a: Charizard|atk|1\n|-boost|p2b: Tatsugiri|atk|1\n|move|p2b: Tatsugiri|Muddy Water|p1b: Goodra|[spread] p1a,p1b\n|-supereffective|p1b: Goodra\n|-damage|p1a: Malamar|0 fnt\n|-damage|p1b: Goodra|0 fnt\n|faint|p1a: Malamar\n|faint|p1b: Goodra\n|\n|-weather|Snow|[upkeep]\n|-sideend|p2: PunkRockObstagoon|move: Tailwind\n|upkeep\n|\n|t:|1695926160\n|switch|p1a: Marowak|Marowak-Alola, M|29\/100\n|switch|p1b: Ninetales|Ninetales-Alola, F|100\/100\n|turn|5\n|\n|t:|1695926176\n|move|p1b: Ninetales|Aurora Veil|p1b: Ninetales\n|-sidestart|p1: MageDream\/UHE|move: Aurora Veil\n|move|p2a: Charizard|Tailwind|p2a: Charizard\n|-sidestart|p2: PunkRockObstagoon|move: Tailwind\n|move|p2b: Tatsugiri|Muddy Water|p1b: Ninetales|[spread] p1a,p1b\n|-supereffective|p1a: Marowak\n|-damage|p1a: Marowak|0 fnt\n|-damage|p1b: Ninetales|73\/100\n|-unboost|p1b: Ninetales|accuracy|1\n|faint|p1a: Marowak\n|\n|-weather|none\n|upkeep\n|\n|t:|1695926184\n|switch|p1a: Beedrill|Beedrill, F|100\/100\n|turn|6\n|\n|t:|1695926194\n|detailschange|p1a: Beedrill|Beedrill-Mega, F\n|-mega|p1a: Beedrill|Beedrill|Beedrillite\n|move|p2a: Charizard|Will-O-Wisp|p1a: Beedrill\n|-status|p1a: Beedrill|brn\n|move|p1a: Beedrill|Pin Missile|p2b: Tatsugiri\n|-damage|p2b: Tatsugiri|87\/100\n|-damage|p2b: Tatsugiri|73\/100\n|-damage|p2b: Tatsugiri|60\/100\n|-damage|p2b: Tatsugiri|47\/100\n|-hitcount|p2b: Tatsugiri|4\n|move|p2b: Tatsugiri|Muddy Water|p1b: Ninetales|[spread] p1b\n|-miss|p2b: Tatsugiri|p1a: Beedrill\n|-damage|p1b: Ninetales|48\/100\n|-unboost|p1b: Ninetales|accuracy|1\n|move|p1b: Ninetales|Blizzard|p2b: Tatsugiri|[spread] p2b\n|-miss|p1b: Ninetales|p2a: Charizard\n|-damage|p2b: Tatsugiri|14\/100\n|-damage|p1b: Ninetales|38\/100|[from] item: Life Orb\n|\n|-heal|p2b: Tatsugiri|20\/100|[from] item: Leftovers\n|-damage|p1a: Beedrill|95\/100 brn|[from] brn\n|upkeep\n|turn|7\n|\n|t:|1695926217\n|switch|p1b: Dipplin|Dipplin, M, shiny|29\/100\n|move|p2b: Tatsugiri|Protect|p2b: Tatsugiri\n|-singleturn|p2b: Tatsugiri|Protect\n|move|p2a: Charizard|Bulldoze|p1a: Beedrill|[spread] p1a,p1b\n|-activate|p2b: Tatsugiri|move: Protect\n|-resisted|p1b: Dipplin\n|-damage|p1a: Beedrill|70\/100 brn\n|-damage|p1b: Dipplin|26\/100\n|-unboost|p1a: Beedrill|spe|1\n|-unboost|p1b: Dipplin|spe|1\n|move|p1a: Beedrill|Pin Missile|p2b: Tatsugiri\n|-activate|p2b: Tatsugiri|move: Protect\n|\n|-heal|p2b: Tatsugiri|26\/100|[from] item: Leftovers\n|-damage|p1a: Beedrill|64\/100 brn|[from] brn\n|upkeep\n|turn|8\n|-message|MageDream\/UHE forfeited.\n|\n|win|PunkRockObstagoon\n|raw|MageDream&#x2f;UHE's rating: 1316 &rarr; <strong>1292<\/strong><br \/>(-24 for losing)\n|raw|PunkRockObstagoon's rating: 1238 &rarr; <strong>1269<\/strong><br \/>(+31 for winning)\n|l|\u2606MageDream\/UHE\n","uploadtime":1695926229,"views":23,"p1id":"magedreamuhe","p2id":"punkrockobstagoon","formatid":"gen9nationaldexdoubles","rating":1269,"private":0,"password":""}