{"id":"gen9nationaldexdoubles-1983495981","p1":"ERBESTIONE","p2":"Obsidrugon","format":"[Gen 9] National Dex Doubles","log":"|j|\u2606ERBESTIONE\n|j|\u2606Obsidrugon\n|t:|1699136357\n|gametype|doubles\n|player|p1|ERBESTIONE|pokemaniac|1043\n|player|p2|Obsidrugon|erika-gen1|1224\n|teamsize|p1|6\n|teamsize|p2|6\n|gen|9\n|tier|[Gen 9] National Dex Doubles\n|rated|\n|rule|HP Percentage Mod: HP is shown in percentages\n|rule|Endless Battle Clause: Forcing endless battles is banned\n|rule|OHKO Clause: OHKO moves are banned\n|rule|Evasion Moves Clause: Evasion moves are banned\n|rule|Evasion Abilities Clause: Evasion abilities are banned\n|rule|Species Clause: Limit one of each Pok\u00e9mon\n|rule|Gravity Sleep Clause: The combination of sleep-inducing moves with imperfect accuracy and Gravity or Gigantamax Orbeetle are banned\n|clearpoke\n|poke|p1|Ogerpon-Wellspring, F|\n|poke|p1|Sinistcha|\n|poke|p1|Greedent, M|\n|poke|p1|Grafaiai, M|\n|poke|p1|Bisharp, M|\n|poke|p1|Wyrdeer, M|\n|poke|p2|Alcremie-Rainbow-Swirl, F|\n|poke|p2|Oricorio-Pom-Pom, M|\n|poke|p2|Ditto|\n|poke|p2|Iron Moth|\n|poke|p2|Vivillon-Monsoon, M|\n|poke|p2|Rabsca, F|\n|teampreview\n|c|\u2606Obsidrugon|glhf\n|c|\u2606ERBESTIONE|Glhf\n|\n|t:|1699136373\n|start\n|switch|p1a: Wyrdeer|Wyrdeer, M|100\/100\n|switch|p1b: Bisharp|Bisharp, M|100\/100\n|switch|p2a: Oricorio|Oricorio-Pom-Pom, M|100\/100\n|switch|p2b: Iron Moth|Iron Moth|100\/100\n|-ability|p1a: Wyrdeer|Intimidate|boost\n|-unboost|p2a: Oricorio|atk|1\n|-unboost|p2b: Iron Moth|atk|1\n|-enditem|p2b: Iron Moth|Booster Energy\n|-activate|p2b: Iron Moth|ability: Quark Drive|[fromitem]\n|-start|p2b: Iron Moth|quarkdrivespe\n|turn|1\n|\n|t:|1699136387\n|-terastallize|p1b: Bisharp|Dark\n|move|p2b: Iron Moth|Fiery Dance|p1b: Bisharp\n|-damage|p1b: Bisharp|73\/100\n|-activate|p2a: Oricorio|ability: Dancer\n|move|p2a: Oricorio|Fiery Dance|p1b: Bisharp|[from]ability: Dancer\n|-damage|p1b: Bisharp|52\/100\n|-boost|p2a: Oricorio|spa|1\n|move|p2a: Oricorio|Quiver Dance|p2a: Oricorio\n|-boost|p2a: Oricorio|spa|1\n|-boost|p2a: Oricorio|spd|1\n|-boost|p2a: Oricorio|spe|1\n|move|p1b: Bisharp|Swords Dance|p1b: Bisharp\n|-boost|p1b: Bisharp|atk|2\n|-activate|p2a: Oricorio|ability: Dancer\n|move|p2a: Oricorio|Swords Dance|p2a: Oricorio|[from]ability: Dancer\n|-boost|p2a: Oricorio|atk|2\n|move|p1a: Wyrdeer|Skill Swap|p2a: Oricorio\n|-activate|p1a: Wyrdeer|move: Skill Swap|Dancer|Intimidate|[of] p2a: Oricorio\n|-ability|p2a: Oricorio|Intimidate|boost\n|-unboost|p1a: Wyrdeer|atk|1\n|-unboost|p1b: Bisharp|atk|1\n|-ability|p1b: Bisharp|Defiant|boost\n|-boost|p1b: Bisharp|atk|2\n|\n|upkeep\n|turn|2\n|\n|t:|1699136418\n|move|p1b: Bisharp|Sucker Punch|p2b: Iron Moth\n|-damage|p2b: Iron Moth|0 fnt\n|faint|p2b: Iron Moth\n|-end|p2b: Iron Moth|Quark Drive|[silent]\n|move|p2a: Oricorio|Revelation Dance|p1a: Wyrdeer\n|-damage|p1a: Wyrdeer|31\/100\n|-enditem|p1a: Wyrdeer|Sitrus Berry|[eat]\n|-heal|p1a: Wyrdeer|56\/100|[from] item: Sitrus Berry\n|-activate|p1a: Wyrdeer|ability: Dancer\n|move|p1a: Wyrdeer|Revelation Dance|p2a: Oricorio|[from]ability: Dancer\n|-damage|p2a: Oricorio|74\/100\n|move|p1a: Wyrdeer|Psyshield Bash|p2a: Oricorio\n|-damage|p2a: Oricorio|51\/100\n|-boost|p1a: Wyrdeer|def|1\n|\n|upkeep\n|\n|t:|1699136424\n|switch|p2b: Alcremie|Alcremie-Rainbow-Swirl, F|100\/100\n|turn|3\n|\n|t:|1699136461\n|switch|p1a: LucarioLikesLemons|Sinistcha|100\/100\n|-heal|p1b: Bisharp|77\/100|[from] ability: Hospitality|[of] p1a: LucarioLikesLemons\n|move|p1b: Bisharp|Sucker Punch|p2a: Oricorio\n|-damage|p2a: Oricorio|0 fnt\n|faint|p2a: Oricorio\n|move|p2b: Alcremie|Decorate|p1b: Bisharp\n|-boost|p1b: Bisharp|atk|2\n|-boost|p1b: Bisharp|spa|2\n|\n|upkeep\n|\n|t:|1699136471\n|switch|p2a: Ditto|Ditto|100\/100\n|-transform|p2a: Ditto|p1b: Bisharp|[from] ability: Imposter\n|-start|p2a: Ditto|typechange|Dark\/Steel|[silent]\n|turn|4\n|\n|t:|1699136491\n|move|p1a: LucarioLikesLemons|Rage Powder|p1a: LucarioLikesLemons\n|-singleturn|p1a: LucarioLikesLemons|move: Rage Powder\n|move|p2a: Ditto|X-Scissor|p1a: LucarioLikesLemons\n|-damage|p1a: LucarioLikesLemons|45\/100\n|move|p1b: Bisharp|Brick Break|p2a: Ditto\n|-supereffective|p2a: Ditto\n|-damage|p2a: Ditto|0 fnt\n|faint|p2a: Ditto\n|move|p2b: Alcremie|Dazzling Gleam|p1a: LucarioLikesLemons|[spread] p1a,p1b\n|-supereffective|p1b: Bisharp\n|-damage|p1a: LucarioLikesLemons|14\/100\n|-damage|p1b: Bisharp|29\/100\n|\n|-heal|p1a: LucarioLikesLemons|20\/100|[from] item: Leftovers\n|upkeep\n|\n|t:|1699136502\n|switch|p2a: Rabsca|Rabsca, F|100\/100\n|turn|5\n|\n|t:|1699136514\n|move|p1b: Bisharp|X-Scissor|p2a: Rabsca\n|-supereffective|p2a: Rabsca\n|-enditem|p2a: Rabsca|Focus Sash\n|-damage|p2a: Rabsca|1\/100\n|move|p2b: Alcremie|Energy Ball|p1a: LucarioLikesLemons\n|-resisted|p1a: LucarioLikesLemons\n|-damage|p1a: LucarioLikesLemons|1\/100\n|move|p1a: LucarioLikesLemons|Strength Sap|p2b: Alcremie\n|-unboost|p2b: Alcremie|atk|1\n|-heal|p1a: LucarioLikesLemons|36\/100\n|move|p2a: Rabsca|Revival Blessing|p2a: Rabsca\n|\n|t:|1699136517\n|-heal|p2: Ditto|50\/100|[from] move: Revival Blessing\n|\n|-heal|p1a: LucarioLikesLemons|42\/100|[from] item: Leftovers\n|upkeep\n|turn|6\n|\n|t:|1699136534\n|switch|p1b: Grafaiai|Grafaiai, M|100\/100\n|move|p2b: Alcremie|Decorate|p1b: Grafaiai\n|-boost|p1b: Grafaiai|atk|2\n|-boost|p1b: Grafaiai|spa|2\n|move|p1a: LucarioLikesLemons|Strength Sap|p2a: Rabsca\n|-unboost|p2a: Rabsca|atk|1\n|-heal|p1a: LucarioLikesLemons|76\/100\n|move|p2a: Rabsca|Dazzling Gleam|p1a: LucarioLikesLemons|[spread] p1a,p1b\n|-resisted|p1b: Grafaiai\n|-damage|p1a: LucarioLikesLemons|52\/100\n|-damage|p1b: Grafaiai|86\/100\n|\n|-heal|p1a: LucarioLikesLemons|58\/100|[from] item: Leftovers\n|upkeep\n|turn|7\n|\n|t:|1699136553\n|switch|p1b: Wyrdeer|Wyrdeer, M|56\/100\n|-ability|p1b: Wyrdeer|Intimidate|boost\n|-unboost|p2a: Rabsca|atk|1\n|-unboost|p2b: Alcremie|atk|1\n|move|p2b: Alcremie|Decorate|p1b: Wyrdeer\n|-boost|p1b: Wyrdeer|atk|2\n|-boost|p1b: Wyrdeer|spa|2\n|move|p1a: LucarioLikesLemons|Reflect|p1a: LucarioLikesLemons\n|-sidestart|p1: ERBESTIONE|Reflect\n|move|p2a: Rabsca|Dazzling Gleam|p1b: Wyrdeer|[spread] p1a,p1b\n|-damage|p1a: LucarioLikesLemons|33\/100\n|-damage|p1b: Wyrdeer|38\/100\n|\n|-heal|p1a: LucarioLikesLemons|39\/100|[from] item: Leftovers\n|upkeep\n|turn|8\n|\n|t:|1699136575\n|switch|p1b: Bisharp|Bisharp, M, tera:Dark|29\/100\n|move|p2b: Alcremie|Decorate|p1b: Bisharp\n|-boost|p1b: Bisharp|atk|2\n|-boost|p1b: Bisharp|spa|2\n|move|p1a: LucarioLikesLemons|Matcha Gotcha|p2a: Rabsca|[spread] p2a,p2b\n|-resisted|p2a: Rabsca\n|-damage|p2a: Rabsca|0 fnt\n|-heal|p1a: LucarioLikesLemons|39\/100|[from] drain|[of] p2a: Rabsca\n|-damage|p2b: Alcremie|79\/100\n|-heal|p1a: LucarioLikesLemons|51\/100|[from] drain|[of] p2b: Alcremie\n|faint|p2a: Rabsca\n|\n|-heal|p1a: LucarioLikesLemons|57\/100|[from] item: Leftovers\n|upkeep\n|\n|t:|1699136582\n|switch|p2a: Ditto|Ditto|50\/100\n|-transform|p2a: Ditto|p1b: Bisharp|[from] ability: Imposter\n|turn|9\n|\n|t:|1699136592\n|switch|p2b: Vivillon|Vivillon-Monsoon, M|100\/100\n|move|p1a: LucarioLikesLemons|Rage Powder|p1a: LucarioLikesLemons\n|-singleturn|p1a: LucarioLikesLemons|move: Rage Powder\n|move|p2a: Ditto|Brick Break|p1a: LucarioLikesLemons\n|-immune|p1a: LucarioLikesLemons\n|move|p1b: Bisharp|Brick Break|p2a: Ditto\n|-supereffective|p2a: Ditto\n|-damage|p2a: Ditto|0 fnt\n|faint|p2a: Ditto\n|\n|-heal|p1a: LucarioLikesLemons|63\/100|[from] item: Leftovers\n|upkeep\n|\n|t:|1699136598\n|switch|p2a: Alcremie|Alcremie-Rainbow-Swirl, F|79\/100\n|turn|10\n|\n|t:|1699136614\n|-zpower|p2b: Vivillon\n|move|p2b: Vivillon|Z-Sleep Powder|p1b: Bisharp|[anim]Sleep Powder\n|-boost|p2b: Vivillon|spe|1|[zeffect]\n|-status|p1b: Bisharp|slp|[from] move: Sleep Powder\n|cant|p1b: Bisharp|slp\n|move|p2a: Alcremie|Decorate|p2b: Vivillon\n|-boost|p2b: Vivillon|atk|2\n|-boost|p2b: Vivillon|spa|2\n|move|p1a: LucarioLikesLemons|Matcha Gotcha|p2a: Alcremie|[spread] p2a,p2b\n|-resisted|p2b: Vivillon\n|-damage|p2a: Alcremie|62\/100\n|-heal|p1a: LucarioLikesLemons|72\/100|[from] drain|[of] p2a: Alcremie\n|-damage|p2b: Vivillon|89\/100\n|-heal|p1a: LucarioLikesLemons|77\/100|[from] drain|[of] p2b: Vivillon\n|-status|p2b: Vivillon|brn\n|\n|-heal|p1a: LucarioLikesLemons|83\/100|[from] item: Leftovers\n|-damage|p2b: Vivillon|83\/100 brn|[from] brn\n|upkeep\n|turn|11\n|\n|t:|1699136639\n|cant|p1b: Bisharp|slp\n|move|p2b: Vivillon|Pollen Puff|p1a: LucarioLikesLemons\n|-damage|p1a: LucarioLikesLemons|0 fnt\n|faint|p1a: LucarioLikesLemons\n|move|p2a: Alcremie|Decorate|p2b: Vivillon\n|-boost|p2b: Vivillon|atk|2\n|-boost|p2b: Vivillon|spa|2\n|\n|-damage|p2b: Vivillon|77\/100 brn|[from] brn\n|-sideend|p1: ERBESTIONE|Reflect\n|upkeep\n|\n|t:|1699136647\n|switch|p1a: Wyrdeer|Wyrdeer, M|38\/100\n|-ability|p1a: Wyrdeer|Intimidate|boost\n|-unboost|p2a: Alcremie|atk|1\n|-unboost|p2b: Vivillon|atk|1\n|turn|12\n|\n|t:|1699136666\n|switch|p1b: Greedent|Greedent, M|100\/100\n|move|p2b: Vivillon|Pollen Puff|p1a: Wyrdeer\n|-supereffective|p1a: Wyrdeer\n|-damage|p1a: Wyrdeer|0 fnt\n|faint|p1a: Wyrdeer\n|move|p2a: Alcremie|Decorate|p2b: Vivillon\n|-boost|p2b: Vivillon|atk|2\n|-boost|p2b: Vivillon|spa|2\n|\n|-damage|p2b: Vivillon|71\/100 brn|[from] brn\n|upkeep\n|\n|t:|1699136675\n|switch|p1a: Pardini|Ogerpon-Wellspring, F|100\/100\n|turn|13\n|\n|t:|1699136715\n|move|p2b: Vivillon|Pollen Puff|p1a: Pardini\n|-supereffective|p1a: Pardini\n|-damage|p1a: Pardini|0 fnt\n|faint|p1a: Pardini\n|move|p2a: Alcremie|Energy Ball|p1b: Greedent\n|-damage|p1b: Greedent|77\/100\n|move|p1b: Greedent|Body Slam|p2b: Vivillon\n|-damage|p2b: Vivillon|15\/100 brn\n|\n|-damage|p2b: Vivillon|9\/100 brn|[from] brn\n|upkeep\n|\n|t:|1699136720\n|switch|p1a: Grafaiai|Grafaiai, M|86\/100\n|turn|14\n|\n|t:|1699136743\n|move|p1a: Grafaiai|Copycat|p1a: Grafaiai\n|move|p1a: Grafaiai|Body Slam|p2b: Vivillon|[from]move: Copycat\n|-damage|p2b: Vivillon|0 fnt\n|faint|p2b: Vivillon\n|move|p2a: Alcremie|Dazzling Gleam|p1b: Greedent|[spread] p1a,p1b\n|-resisted|p1a: Grafaiai\n|-damage|p1a: Grafaiai|65\/100\n|-damage|p1b: Greedent|52\/100\n|move|p1b: Greedent|Body Slam|p2a: Alcremie\n|-damage|p2a: Alcremie|24\/100\n|-enditem|p2a: Alcremie|Wiki Berry|[eat]\n|-heal|p2a: Alcremie|57\/100|[from] item: Wiki Berry\n|\n|upkeep\n|turn|15\n|c|\u2606Obsidrugon|gg\n|-message|Obsidrugon forfeited.\n|\n|win|ERBESTIONE\n|raw|ERBESTIONE's rating: 1043 &rarr; <strong>1093<\/strong><br \/>(+50 for winning)\n|raw|Obsidrugon's rating: 1224 &rarr; <strong>1187<\/strong><br \/>(-37 for losing)\n|l|\u2606Obsidrugon\n","uploadtime":1699136759,"views":8,"p1id":"erbestione","p2id":"obsidrugon","formatid":"gen9nationaldexdoubles","rating":1093,"private":0,"password":""}