{"id":"gen9nationaldexdoubles-1957117604","p1":"ll-kid","p2":"DanStone","format":"[Gen 9] National Dex Doubles","log":"|j|\u2606ll-kid\n|j|\u2606DanStone\n|t:|1696187818\n|gametype|doubles\n|player|p1|ll-kid|101|\n|player|p2|DanStone|1|\n|teamsize|p1|4\n|teamsize|p2|4\n|gen|9\n|tier|[Gen 9] National Dex Doubles\n|rule|HP Percentage Mod: HP is shown in percentages\n|rule|Endless Battle Clause: Forcing endless battles is banned\n|rule|OHKO Clause: OHKO moves are banned\n|rule|Evasion Moves Clause: Evasion moves are banned\n|rule|Evasion Abilities Clause: Evasion abilities are banned\n|rule|Species Clause: Limit one of each Pok\u00e9mon\n|rule|Gravity Sleep Clause: The combination of sleep-inducing moves with imperfect accuracy and Gravity or Gigantamax Orbeetle are banned\n|clearpoke\n|poke|p1|Hitmonlee, M|\n|poke|p1|Lanturn, M|\n|poke|p1|Corsola, M|\n|poke|p1|Mawile, F|\n|poke|p2|Lanturn, F|\n|poke|p2|Jynx, F|\n|poke|p2|Mightyena, F|\n|poke|p2|Hitmonchan, M|\n|teampreview\n|\n|t:|1696187833\n|start\n|switch|p1a: Mawile|Mawile, F|100\/100\n|switch|p1b: Hitmonlee|Hitmonlee, M|100\/100\n|switch|p2a: Lanturn|Lanturn, F, shiny|100\/100\n|switch|p2b: Jynx|Jynx, F, shiny|100\/100\n|-ability|p1a: Mawile|Intimidate|boost\n|-unboost|p2a: Lanturn|atk|1\n|-unboost|p2b: Jynx|atk|1\n|turn|1\n|\n|t:|1696187906\n|move|p1b: Hitmonlee|Protect|p1b: Hitmonlee\n|-singleturn|p1b: Hitmonlee|Protect\n|move|p2b: Jynx|Lovely Kiss|p1a: Mawile\n|-status|p1a: Mawile|slp|[from] move: Lovely Kiss\n|move|p2a: Lanturn|Volt Switch|p1b: Hitmonlee\n|-activate|p1b: Hitmonlee|move: Protect\n|cant|p1a: Mawile|slp\n|\n|upkeep\n|turn|2\n|l|\u2606ll-kid\n|player|p1|\n|j|\u2606ll-kid\n|player|p1|ll-kid|101\n|\n|t:|1696187942\n|switch|p2a: Hitmonchan|Hitmonchan, M, shiny|100\/100\n|-terastallize|p1b: Hitmonlee|Ground\n|cant|p1a: Mawile|slp\n|move|p2b: Jynx|Nasty Plot|p2b: Jynx\n|-boost|p2b: Jynx|spa|2\n|move|p1b: Hitmonlee|Knock Off|p2b: Jynx\n|-supereffective|p2b: Jynx\n|-damage|p2b: Jynx|0 fnt\n|-enditem|p2b: Jynx|Life Orb|[from] move: Knock Off|[of] p1b: Hitmonlee\n|faint|p2b: Jynx\n|\n|upkeep\n|\n|t:|1696187975\n|switch|p2b: Mightyena|Mightyena, F, shiny|100\/100\n|turn|3\n|\n|t:|1696188007\n|move|p1b: Hitmonlee|Protect|p1b: Hitmonlee\n|-singleturn|p1b: Hitmonlee|Protect\n|move|p2b: Mightyena|Ice Fang|p1b: Hitmonlee\n|-activate|p1b: Hitmonlee|move: Protect\n|move|p2a: Hitmonchan|Ice Punch|p1b: Hitmonlee\n|-activate|p1b: Hitmonlee|move: Protect\n|cant|p1a: Mawile|slp\n|\n|upkeep\n|turn|4\n|\n|t:|1696188025\n|switch|p1b: Corsola|Corsola, M, shiny|100\/100\n|move|p2b: Mightyena|Ice Fang|p1b: Corsola\n|-resisted|p1b: Corsola\n|-damage|p1b: Corsola|91\/100\n|move|p2a: Hitmonchan|Ice Punch|p1b: Corsola\n|-resisted|p1b: Corsola\n|-damage|p1b: Corsola|79\/100\n|-curestatus|p1a: Mawile|slp|[msg]\n|move|p1a: Mawile|Misty Terrain|p1a: Mawile\n|-fieldstart|move: Misty Terrain\n|\n|-heal|p1b: Corsola|85\/100|[from] item: Leftovers\n|upkeep\n|turn|5\n|\n|t:|1696188053\n|switch|p2b: Lanturn|Lanturn, F, shiny|100\/100\n|move|p2a: Hitmonchan|Mach Punch|p1b: Corsola\n|-supereffective|p1b: Corsola\n|-damage|p1b: Corsola|44\/100\n|move|p1a: Mawile|Play Rough|p2a: Hitmonchan\n|-supereffective|p2a: Hitmonchan\n|-damage|p2a: Hitmonchan|15\/100\n|-enditem|p2a: Hitmonchan|Iapapa Berry|[eat]\n|-heal|p2a: Hitmonchan|48\/100|[from] item: Iapapa Berry\n|move|p1b: Corsola|Earth Power|p2a: Hitmonchan\n|-damage|p2a: Hitmonchan|34\/100\n|\n|-heal|p1b: Corsola|50\/100|[from] item: Leftovers\n|upkeep\n|turn|6\n|\n|t:|1696188099\n|move|p2a: Hitmonchan|Mach Punch|p1b: Corsola\n|-supereffective|p1b: Corsola\n|-damage|p1b: Corsola|10\/100\n|move|p2b: Lanturn|Volt Switch|p1b: Corsola\n|-supereffective|p1b: Corsola\n|-damage|p1b: Corsola|0 fnt\n|faint|p1b: Corsola\n|l|\u2606ll-kid\n|player|p1|\n|j|\u2606ll-kid\n|player|p1|ll-kid|101\n|l|\u2606ll-kid\n|player|p1|\n|\n|t:|1696188180\n|switch|p2b: Mightyena|Mightyena, F, shiny|100\/100|[from] Volt Switch\n|move|p1a: Mawile|Play Rough|p2a: Hitmonchan\n|-supereffective|p2a: Hitmonchan\n|-damage|p2a: Hitmonchan|0 fnt\n|faint|p2a: Hitmonchan\n|\n|upkeep\n|j|\u2606ll-kid\n|player|p1|ll-kid|101\n|\n|t:|1696188195\n|switch|p2a: Lanturn|Lanturn, F, shiny|100\/100\n|switch|p1b: Hitmonlee|Hitmonlee, M, tera:Ground|100\/100\n|-enditem|p1b: Hitmonlee|Misty Seed\n|-boost|p1b: Hitmonlee|spd|1|[from] item: Misty Seed\n|turn|7\n|l|\u2606ll-kid\n|player|p1|\n|j|\u2606ll-kid\n|player|p1|ll-kid|101\n|\n|t:|1696188280\n|move|p1a: Mawile|Protect|p1a: Mawile\n|-singleturn|p1a: Mawile|Protect\n|move|p1b: Hitmonlee|Earthquake|p2a: Lanturn|[spread] p2a,p2b\n|-activate|p1a: Mawile|move: Protect\n|-supereffective|p2a: Lanturn\n|-damage|p2a: Lanturn|13\/100\n|-damage|p2b: Mightyena|41\/100\n|move|p2b: Mightyena|Iron Tail|p1a: Mawile\n|-activate|p1a: Mawile|move: Protect\n|move|p2a: Lanturn|Ice Beam|p1b: Hitmonlee\n|-supereffective|p1b: Hitmonlee\n|-damage|p1b: Hitmonlee|62\/100\n|\n|upkeep\n|turn|8\n|\n|t:|1696188317\n|switch|p1a: Lanturn|Lanturn, M|100\/100\n|move|p1b: Hitmonlee|Earthquake|p2a: Lanturn|[spread] p1a,p2a,p2b\n|-supereffective|p1a: Lanturn\n|-supereffective|p2a: Lanturn\n|-damage|p1a: Lanturn|11\/100\n|-damage|p2a: Lanturn|0 fnt\n|-damage|p2b: Mightyena|0 fnt\n|faint|p2a: Lanturn\n|faint|p2b: Mightyena\n|\n|win|ll-kid\n|l|\u2606ll-kid\n|j|\u2606ll-kid\n|player|p1|ll-kid|101\n|l|\u2606ll-kid\n|player|p1|\n|j|\u2606ll-kid\n|player|p1|ll-kid|101\n","uploadtime":1696188411,"views":21,"p1id":"llkid","p2id":"danstone","formatid":"gen9nationaldexdoubles","rating":0,"private":0,"password":""}