{"id":"gen9nationaldexdoubles-1987328420","p1":"PanduxD","p2":"jffmm7","format":"[Gen 9] National Dex Doubles","log":"|j|\u2606PanduxD\n|j|\u2606jffmm7\n|t:|1699578050\n|gametype|doubles\n|player|p1|PanduxD|265|\n|player|p2|jffmm7|266|\n|teamsize|p1|6\n|teamsize|p2|6\n|gen|9\n|tier|[Gen 9] National Dex Doubles\n|rule|HP Percentage Mod: HP is shown in percentages\n|rule|Endless Battle Clause: Forcing endless battles is banned\n|rule|OHKO Clause: OHKO moves are banned\n|rule|Evasion Moves Clause: Evasion moves are banned\n|rule|Evasion Abilities Clause: Evasion abilities are banned\n|rule|Species Clause: Limit one of each Pok\u00e9mon\n|rule|Gravity Sleep Clause: The combination of sleep-inducing moves with imperfect accuracy and Gravity or Gigantamax Orbeetle are banned\n|clearpoke\n|poke|p1|Sprigatito, F|\n|poke|p1|Bulbasaur, F|\n|poke|p1|Totodile, F|\n|poke|p1|Riolu, M|\n|poke|p1|Scorbunny, M|\n|poke|p1|Larvitar, F|\n|poke|p2|Squirtle, F|\n|poke|p2|Chikorita, M|\n|poke|p2|Litten, M|\n|poke|p2|Scorbunny, F|\n|poke|p2|Larvitar, M|\n|poke|p2|Pichu, F|\n|teampreview\n|\n|t:|1699578095\n|start\n|switch|p1a: Riolu|Riolu, M|100\/100\n|switch|p1b: Scorbunny|Scorbunny, M|100\/100\n|switch|p2a: Litten|Litten, M|100\/100\n|switch|p2b: Larvitar|Larvitar, M|100\/100\n|-ability|p2a: Litten|Intimidate|boost\n|-fail|p1a: Riolu|unboost|Attack|[from] ability: Inner Focus|[of] p1a: Riolu\n|-unboost|p1b: Scorbunny|atk|1\n|turn|1\n|\n|t:|1699578144\n|move|p2a: Litten|Protect|p2a: Litten\n|-singleturn|p2a: Litten|Protect\n|move|p1a: Riolu|Swords Dance|p1a: Riolu\n|-boost|p1a: Riolu|atk|2\n|move|p1b: Scorbunny|U-turn|p2b: Larvitar\n|-start|p1b: Scorbunny|typechange|Bug|[from] ability: Libero\n|-crit|p2b: Larvitar\n|-damage|p2b: Larvitar|2\/100\n|-damage|p1b: Scorbunny|91\/100|[from] item: Life Orb\n|\n|t:|1699578176\n|switch|p1b: Totodile|Totodile, F|100\/100|[from] U-turn\n|move|p2b: Larvitar|Rock Slide|p1a: Riolu|[spread] p1a,p1b\n|-resisted|p1a: Riolu\n|-damage|p1a: Riolu|80\/100\n|-damage|p1b: Totodile|87\/100\n|\n|-status|p2b: Larvitar|brn|[from] item: Flame Orb\n|upkeep\n|turn|2\n|\n|t:|1699578200\n|move|p2a: Litten|Flare Blitz|p1a: Riolu\n|-damage|p1a: Riolu|0 fnt\n|faint|p1a: Riolu\n|-damage|p2a: Litten|75\/100|[from] Recoil\n|-damage|p2a: Litten|65\/100|[from] item: Life Orb\n|move|p2b: Larvitar|Iron Head|p1b: Totodile\n|-resisted|p1b: Totodile\n|-damage|p1b: Totodile|76\/100\n|move|p1b: Totodile|Dragon Dance|p1b: Totodile\n|-boost|p1b: Totodile|atk|1\n|-boost|p1b: Totodile|spe|1\n|\n|-damage|p2b: Larvitar|0 fnt|[from] brn\n|faint|p2b: Larvitar\n|upkeep\n|\n|t:|1699578220\n|switch|p1a: Larvitar|Larvitar, F|100\/100\n|switch|p2b: Chikorita|Chikorita, M|100\/100\n|turn|3\n|\n|t:|1699578244\n|-terastallize|p1b: Totodile|Dragon\n|move|p2a: Litten|Protect|p2a: Litten\n|-singleturn|p2a: Litten|Protect\n|move|p1b: Totodile|Ice Punch|p2b: Chikorita\n|-supereffective|p2b: Chikorita\n|-damage|p2b: Chikorita|52\/100\n|move|p1a: Larvitar|Rock Slide|p2b: Chikorita|[spread] p2b\n|-activate|p2a: Litten|move: Protect\n|-damage|p2b: Chikorita|37\/100\n|move|p2b: Chikorita|Seed Bomb|p1b: Totodile\n|-resisted|p1b: Totodile\n|-damage|p1b: Totodile|67\/100\n|\n|-status|p1a: Larvitar|brn|[from] item: Flame Orb\n|upkeep\n|turn|4\n|\n|t:|1699578282\n|move|p2a: Litten|U-turn|p1a: Larvitar\n|-damage|p1a: Larvitar|63\/100 brn\n|-damage|p2a: Litten|55\/100|[from] item: Life Orb\n|\n|t:|1699578287\n|switch|p2a: Squirtle|Squirtle, F|100\/100|[from] U-turn\n|move|p1b: Totodile|Ice Punch|p2b: Chikorita\n|-supereffective|p2b: Chikorita\n|-damage|p2b: Chikorita|0 fnt\n|faint|p2b: Chikorita\n|move|p1a: Larvitar|Rock Slide|p2a: Squirtle|[miss]\n|-miss|p1a: Larvitar|p2a: Squirtle\n|\n|-damage|p1a: Larvitar|57\/100 brn|[from] brn\n|upkeep\n|\n|t:|1699578297\n|switch|p2b: Scorbunny|Scorbunny, F|100\/100\n|turn|5\n|\n|t:|1699578322\n|move|p2b: Scorbunny|Gunk Shot|p1b: Totodile\n|-start|p2b: Scorbunny|typechange|Poison|[from] ability: Libero\n|-damage|p1b: Totodile|0 fnt\n|faint|p1b: Totodile\n|move|p2a: Squirtle|Icy Wind|p1a: Larvitar\n|-supereffective|p1a: Larvitar\n|-damage|p1a: Larvitar|24\/100 brn\n|-unboost|p1a: Larvitar|spe|1\n|move|p1a: Larvitar|Rock Slide|p2a: Squirtle|[spread] p2b\n|-miss|p1a: Larvitar|p2a: Squirtle\n|-damage|p2b: Scorbunny|45\/100\n|\n|-damage|p1a: Larvitar|18\/100 brn|[from] brn\n|upkeep\n|\n|t:|1699578346\n|switch|p1b: Scorbunny|Scorbunny, M|91\/100\n|turn|6\n|\n|t:|1699578394\n|move|p1b: Scorbunny|U-turn|p2b: Scorbunny\n|-start|p1b: Scorbunny|typechange|Bug|[from] ability: Libero\n|-resisted|p2b: Scorbunny\n|-damage|p2b: Scorbunny|0 fnt\n|faint|p2b: Scorbunny\n|-damage|p1b: Scorbunny|81\/100|[from] item: Life Orb\n|\n|t:|1699578410\n|switch|p1b: Bulbasaur|Bulbasaur, F|100\/100|[from] U-turn\n|move|p2a: Squirtle|Icy Wind|p1a: Larvitar|[spread] p1a,p1b\n|-supereffective|p1a: Larvitar\n|-supereffective|p1b: Bulbasaur\n|-damage|p1a: Larvitar|0 fnt\n|-damage|p1b: Bulbasaur|84\/100\n|-unboost|p1b: Bulbasaur|spe|1\n|faint|p1a: Larvitar\n|\n|upkeep\n|\n|t:|1699578424\n|switch|p2b: Litten|Litten, M|55\/100\n|switch|p1a: Sprigatito|Sprigatito, F|100\/100\n|-ability|p2b: Litten|Intimidate|boost\n|-unboost|p1a: Sprigatito|atk|1\n|-unboost|p1b: Bulbasaur|atk|1\n|turn|7\n|\n|t:|1699578444\n|move|p2b: Litten|U-turn|p1a: Sprigatito\n|-supereffective|p1a: Sprigatito\n|-damage|p1a: Sprigatito|3\/100\n|-damage|p2b: Litten|45\/100|[from] item: Life Orb\n|\n|t:|1699578451\n|switch|p2b: Pichu|Pichu, F|100\/100|[from] U-turn\n|move|p1a: Sprigatito|U-turn|p2b: Pichu\n|-start|p1a: Sprigatito|typechange|Bug|[from] ability: Protean\n|-enditem|p2b: Pichu|Focus Sash\n|-damage|p2b: Pichu|1\/100\n|-damage|p1a: Sprigatito|0 fnt|[from] item: Life Orb\n|faint|p1a: Sprigatito\n|move|p2a: Squirtle|Icy Wind|p1b: Bulbasaur\n|-supereffective|p1b: Bulbasaur\n|-damage|p1b: Bulbasaur|60\/100\n|-unboost|p1b: Bulbasaur|spe|1\n|move|p1b: Bulbasaur|Sleep Powder|p2a: Squirtle\n|-status|p2a: Squirtle|slp|[from] move: Sleep Powder\n|\n|upkeep\n|\n|t:|1699578466\n|switch|p1a: Scorbunny|Scorbunny, M|81\/100\n|turn|8\n|\n|t:|1699578500\n|cant|p2a: Squirtle|slp\n|move|p1a: Scorbunny|U-turn|p2b: Pichu\n|-start|p1a: Scorbunny|typechange|Bug|[from] ability: Libero\n|-damage|p2b: Pichu|0 fnt\n|faint|p2b: Pichu\n|-damage|p1a: Scorbunny|71\/100|[from] item: Life Orb\n|move|p1b: Bulbasaur|Giga Drain|p2a: Squirtle\n|-supereffective|p2a: Squirtle\n|-damage|p2a: Squirtle|48\/100 slp\n|-heal|p1b: Bulbasaur|85\/100|[from] drain|[of] p2a: Squirtle\n|\n|upkeep\n|\n|t:|1699578511\n|switch|p2b: Litten|Litten, M|45\/100\n|-ability|p2b: Litten|Intimidate|boost\n|-unboost|p1a: Scorbunny|atk|1\n|-unboost|p1b: Bulbasaur|atk|1\n|turn|9\n|\n|t:|1699578526\n|move|p1a: Scorbunny|Protect|p1a: Scorbunny\n|-singleturn|p1a: Scorbunny|Protect\n|cant|p2a: Squirtle|slp\n|move|p2b: Litten|U-turn|p1a: Scorbunny\n|-activate|p1a: Scorbunny|move: Protect\n|move|p1b: Bulbasaur|Giga Drain|p2a: Squirtle\n|-supereffective|p2a: Squirtle\n|-damage|p2a: Squirtle|0 fnt\n|-heal|p1b: Bulbasaur|100\/100|[from] drain|[of] p2a: Squirtle\n|faint|p2a: Squirtle\n|\n|upkeep\n|turn|10\n|\n|t:|1699578558\n|move|p2b: Litten|Flare Blitz|p1b: Bulbasaur\n|-supereffective|p1b: Bulbasaur\n|-damage|p1b: Bulbasaur|0 fnt\n|faint|p1b: Bulbasaur\n|-damage|p2b: Litten|8\/100|[from] Recoil\n|-damage|p2b: Litten|0 fnt|[from] item: Life Orb\n|faint|p2b: Litten\n|\n|win|PanduxD\n|c|\u2606PanduxD|gg\n|l|\u2606jffmm7\n","uploadtime":1699578569,"views":8,"p1id":"panduxd","p2id":"jffmm7","formatid":"gen9nationaldexdoubles","rating":0,"private":0,"password":""}