{"id":"gen9nationaldexdoubles-1981147696","p1":"Octolockr","p2":"knightgem","format":"[Gen 9] National Dex Doubles","log":"|j|\u2606Octolockr\n|j|\u2606knightgem\n|t:|1698867428\n|gametype|doubles\n|player|p1|Octolockr|blackbelt-gen4dp|1166\n|player|p2|knightgem|#knightgem|1120\n|teamsize|p1|6\n|teamsize|p2|6\n|gen|9\n|tier|[Gen 9] National Dex Doubles\n|rated|\n|rule|HP Percentage Mod: HP is shown in percentages\n|rule|Endless Battle Clause: Forcing endless battles is banned\n|rule|OHKO Clause: OHKO moves are banned\n|rule|Evasion Moves Clause: Evasion moves are banned\n|rule|Evasion Abilities Clause: Evasion abilities are banned\n|rule|Species Clause: Limit one of each Pok\u00e9mon\n|rule|Gravity Sleep Clause: The combination of sleep-inducing moves with imperfect accuracy and Gravity or Gigantamax Orbeetle are banned\n|clearpoke\n|poke|p1|Excadrill, F|\n|poke|p1|Togekiss, M|\n|poke|p1|Quaquaval, M|\n|poke|p1|Lopunny, F|\n|poke|p1|Ninetales-Alola, F|\n|poke|p1|Zangoose, F|\n|poke|p2|Primarina, F|\n|poke|p2|Skeledirge, M|\n|poke|p2|Rillaboom, M|\n|poke|p2|Toxtricity, M|\n|poke|p2|Kommo-o, F|\n|poke|p2|Clefairy, M|\n|teampreview\n|inactive|Battle timer is ON: inactive players will automatically lose when time's up. (requested by knightgem)\n|\n|t:|1698867443\n|start\n|switch|p1a: Ninetales|Ninetales-Alola, F|100\/100\n|switch|p1b: Quaquaval|Quaquaval, M|100\/100\n|switch|p2a: Timpani|Kommo-o, F|100\/100\n|switch|p2b: Conductor|Clefairy, M|100\/100\n|-weather|Snow|[from] ability: Snow Warning|[of] p1a: Ninetales\n|turn|1\n|\n|t:|1698867463\n|move|p1a: Ninetales|Aurora Veil|p1a: Ninetales\n|-sidestart|p1: Octolockr|move: Aurora Veil\n|move|p1b: Quaquaval|Ice Spinner|p2a: Timpani\n|-supereffective|p2a: Timpani\n|-damage|p2a: Timpani|65\/100\n|move|p2a: Timpani|Substitute|p2a: Timpani\n|-start|p2a: Timpani|Substitute\n|-damage|p2a: Timpani|40\/100\n|move|p2b: Conductor|Wish|p2b: Conductor\n|\n|-weather|Snow|[upkeep]\n|upkeep\n|turn|2\n|\n|t:|1698867477\n|-terastallize|p2a: Timpani|Steel\n|move|p1a: Ninetales|Blizzard|p2b: Conductor|[spread] p2a,p2b\n|-resisted|p2a: Timpani\n|-activate|p2a: Timpani|move: Substitute|[damage]\n|-damage|p2b: Conductor|82\/100\n|move|p1b: Quaquaval|Ice Spinner|p2a: Timpani\n|-resisted|p2a: Timpani\n|-activate|p2a: Timpani|move: Substitute|[damage]\n|move|p2a: Timpani|Iron Head|p1a: Ninetales\n|-supereffective|p1a: Ninetales\n|-damage|p1a: Ninetales|3\/100\n|move|p2b: Conductor|Wish||[still]\n|-fail|p2b: Conductor\n|\n|-weather|Snow|[upkeep]\n|-heal|p2b: Conductor|100\/100|[from] move: Wish|[wisher] Conductor\n|upkeep\n|turn|3\n|\n|t:|1698867502\n|move|p1a: Ninetales|Protect|p1a: Ninetales\n|-singleturn|p1a: Ninetales|Protect\n|move|p2b: Conductor|Ally Switch|p2b: Conductor\n|swap|p2b: Conductor|0|[from] move: Ally Switch\n|move|p1b: Quaquaval|Close Combat|p2a: Conductor\n|-resisted|p2a: Conductor\n|-damage|p2a: Conductor|69\/100\n|-unboost|p1b: Quaquaval|def|1\n|-unboost|p1b: Quaquaval|spd|1\n|move|p2b: Timpani|Drain Punch|p1a: Ninetales\n|-activate|p1a: Ninetales|move: Protect\n|\n|-weather|Snow|[upkeep]\n|upkeep\n|turn|4\n|c|\u2606knightgem|Sorry m in class messed that up lol\n|\n|t:|1698867531\n|switch|p1a: Togekiss|Togekiss, M|100\/100\n|-terastallize|p1b: Quaquaval|Fighting\n|move|p1b: Quaquaval|Close Combat|p2a: Conductor\n|-resisted|p2a: Conductor\n|-damage|p2a: Conductor|28\/100\n|-unboost|p1b: Quaquaval|def|1\n|-unboost|p1b: Quaquaval|spd|1\n|move|p2b: Timpani|Iron Head|p1a: Togekiss\n|-supereffective|p1a: Togekiss\n|-damage|p1a: Togekiss|61\/100\n|move|p2a: Conductor|Wish|p2a: Conductor\n|\n|-weather|Snow|[upkeep]\n|-heal|p1a: Togekiss|67\/100|[from] item: Leftovers\n|upkeep\n|turn|5\n|\n|t:|1698867556\n|move|p2a: Conductor|Ally Switch|p2a: Conductor\n|swap|p2a: Conductor|1|[from] move: Ally Switch\n|move|p1b: Quaquaval|Close Combat|p2b: Conductor\n|-resisted|p2b: Conductor\n|-damage|p2b: Conductor|0 fnt\n|-unboost|p1b: Quaquaval|def|1\n|-unboost|p1b: Quaquaval|spd|1\n|faint|p2b: Conductor\n|-ability|p1b: Quaquaval|Moxie|boost\n|-boost|p1b: Quaquaval|atk|1\n|move|p2a: Timpani|Belly Drum||[still]\n|-fail|p2a: Timpani\n|move|p1a: Togekiss|Air Slash|p2a: Timpani\n|-resisted|p2a: Timpani\n|-end|p2a: Timpani|Substitute\n|\n|-weather|none\n|-heal|p2a: Timpani|93\/100|[from] move: Wish|[wisher] Conductor\n|-heal|p1a: Togekiss|73\/100|[from] item: Leftovers\n|upkeep\n|\n|t:|1698867575\n|switch|p2b: Tenorch|Skeledirge, M|100\/100\n|turn|6\n|\n|t:|1698867591\n|switch|p2b: Gunkitar|Toxtricity, M|100\/100\n|move|p1b: Quaquaval|Close Combat|p2a: Timpani\n|-supereffective|p2a: Timpani\n|-damage|p2a: Timpani|0 fnt\n|-unboost|p1b: Quaquaval|def|1\n|-unboost|p1b: Quaquaval|spd|1\n|faint|p2a: Timpani\n|-ability|p1b: Quaquaval|Moxie|boost\n|-boost|p1b: Quaquaval|atk|1\n|move|p1a: Togekiss|Air Slash|p2b: Gunkitar\n|-resisted|p2b: Gunkitar\n|-damage|p2b: Gunkitar|76\/100\n|\n|-heal|p1a: Togekiss|79\/100|[from] item: Leftovers\n|upkeep\n|-message|knightgem forfeited.\n|\n|win|Octolockr\n|raw|Octolockr's rating: 1166 &rarr; <strong>1188<\/strong><br \/>(+22 for winning)\n|raw|knightgem's rating: 1120 &rarr; <strong>1098<\/strong><br \/>(-22 for losing)\n|l|\u2606knightgem\n","uploadtime":1698867616,"views":7,"p1id":"octolockr","p2id":"knightgem","formatid":"gen9nationaldexdoubles","rating":1098,"private":0,"password":""}