{"id":"gen9nationaldexdoubles-1973715189","p1":"EvaEnDonos","p2":"Davichu7","format":"[Gen 9] National Dex Doubles","log":"|j|\u2606EvaEnDonos\n|j|\u2606Davichu7\n|t:|1698006170\n|gametype|doubles\n|player|p1|EvaEnDonos|170|\n|player|p2|Davichu7|pokemaniac|\n|teamsize|p1|6\n|teamsize|p2|6\n|gen|9\n|tier|[Gen 9] National Dex Doubles\n|rule|HP Percentage Mod: HP is shown in percentages\n|rule|Endless Battle Clause: Forcing endless battles is banned\n|rule|OHKO Clause: OHKO moves are banned\n|rule|Evasion Moves Clause: Evasion moves are banned\n|rule|Evasion Abilities Clause: Evasion abilities are banned\n|rule|Species Clause: Limit one of each Pok\u00e9mon\n|rule|Gravity Sleep Clause: The combination of sleep-inducing moves with imperfect accuracy and Gravity or Gigantamax Orbeetle are banned\n|clearpoke\n|poke|p1|Heracross, M|\n|poke|p1|Ninjask, M|\n|poke|p1|Araquanid, F|\n|poke|p1|Volcarona, F|\n|poke|p1|Vikavolt, F|\n|poke|p1|Scyther, M|\n|poke|p2|Flutter Mane|\n|poke|p2|Gholdengo|\n|poke|p2|Sableye, M|\n|poke|p2|Dragapult, F|\n|poke|p2|Typhlosion-Hisui, M|\n|poke|p2|Palossand, F|\n|teampreview\n|\n|t:|1698006209\n|start\n|switch|p1a: Scyther|Scyther, M|100\/100\n|switch|p1b: Vikavolt|Vikavolt, F|100\/100\n|switch|p2a: Dragapult|Dragapult, F, shiny|100\/100\n|switch|p2b: Gholdengo|Gholdengo, shiny|100\/100\n|turn|1\n|\n|t:|1698006230\n|move|p2a: Dragapult|Light Screen|p2a: Dragapult\n|-sidestart|p2: Davichu7|move: Light Screen\n|move|p1a: Scyther|Bug Bite|p2b: Gholdengo\n|-resisted|p2b: Gholdengo\n|-damage|p2b: Gholdengo|91\/100\n|move|p2b: Gholdengo|Nasty Plot|p2b: Gholdengo\n|-boost|p2b: Gholdengo|spa|2\n|move|p1b: Vikavolt|Bug Buzz|p2b: Gholdengo\n|-resisted|p2b: Gholdengo\n|-damage|p2b: Gholdengo|81\/100\n|-unboost|p2b: Gholdengo|spd|1\n|\n|-heal|p2b: Gholdengo|87\/100|[from] item: Leftovers\n|upkeep\n|turn|2\n|\n|t:|1698006248\n|move|p2a: Dragapult|Reflect|p2a: Dragapult\n|-sidestart|p2: Davichu7|Reflect\n|move|p1a: Scyther|Swords Dance|p1a: Scyther\n|-boost|p1a: Scyther|atk|2\n|move|p2b: Gholdengo|Nasty Plot|p2b: Gholdengo\n|-boost|p2b: Gholdengo|spa|2\n|move|p1b: Vikavolt|Bug Buzz|p2b: Gholdengo\n|-resisted|p2b: Gholdengo\n|-damage|p2b: Gholdengo|74\/100\n|\n|-heal|p2b: Gholdengo|80\/100|[from] item: Leftovers\n|upkeep\n|turn|3\n|\n|t:|1698006265\n|move|p2a: Dragapult|Dragon Darts|p1a: Scyther\n|-damage|p1a: Scyther|81\/100\n|-anim|p2a: Dragapult|Dragon Darts|p1b: Vikavolt\n|-damage|p1b: Vikavolt|78\/100\n|move|p1a: Scyther|Bug Bite|p2b: Gholdengo\n|-resisted|p2b: Gholdengo\n|-damage|p2b: Gholdengo|67\/100\n|move|p2b: Gholdengo|Make It Rain|p1a: Scyther|[spread] p1a,p1b\n|-resisted|p1b: Vikavolt\n|-damage|p1a: Scyther|0 fnt\n|-damage|p1b: Vikavolt|3\/100\n|-unboost|p2b: Gholdengo|spa|1\n|faint|p1a: Scyther\n|move|p1b: Vikavolt|Bug Buzz|p2b: Gholdengo\n|-resisted|p2b: Gholdengo\n|-damage|p2b: Gholdengo|52\/100\n|\n|-heal|p2b: Gholdengo|58\/100|[from] item: Leftovers\n|upkeep\n|\n|t:|1698006283\n|switch|p1a: Volcarona|Volcarona, F|100\/100\n|turn|4\n|\n|t:|1698006297\n|move|p2a: Dragapult|Dragon Darts|p1a: Volcarona\n|-damage|p1a: Volcarona|69\/100\n|-anim|p2a: Dragapult|Dragon Darts|p1b: Vikavolt\n|-damage|p1b: Vikavolt|0 fnt\n|faint|p1b: Vikavolt\n|move|p1a: Volcarona|Heat Wave|p2a: Dragapult|[spread] p2a,p2b\n|-resisted|p2a: Dragapult\n|-supereffective|p2b: Gholdengo\n|-damage|p2a: Dragapult|85\/100\n|-damage|p2b: Gholdengo|1\/100\n|move|p2b: Gholdengo|Shadow Ball|p1a: Volcarona\n|-damage|p1a: Volcarona|0 fnt\n|faint|p1a: Volcarona\n|\n|-heal|p2b: Gholdengo|7\/100|[from] item: Leftovers\n|upkeep\n|\n|t:|1698006315\n|switch|p1a: Ninjask|Ninjask, M|100\/100\n|switch|p1b: Heracross|Heracross, M|100\/100\n|turn|5\n|\n|t:|1698006334\n|move|p2a: Dragapult|Dragon Darts|p1b: Heracross\n|-damage|p1b: Heracross|78\/100\n|-anim|p2a: Dragapult|Dragon Darts|p1a: Ninjask\n|-damage|p1a: Ninjask|50\/100\n|move|p1a: Ninjask|Acrobatics|p2b: Gholdengo\n|-resisted|p2b: Gholdengo\n|-damage|p2b: Gholdengo|0 fnt\n|faint|p2b: Gholdengo\n|move|p1b: Heracross|Pin Missile|p2a: Dragapult\n|-resisted|p2a: Dragapult\n|-damage|p2a: Dragapult|80\/100\n|-resisted|p2a: Dragapult\n|-damage|p2a: Dragapult|74\/100\n|-hitcount|p2a: Dragapult|2\n|\n|-ability|p1a: Ninjask|Speed Boost|boost\n|-boost|p1a: Ninjask|spe|1\n|upkeep\n|\n|t:|1698006359\n|switch|p2b: Flutter Mane|Flutter Mane, shiny|100\/100\n|-enditem|p2b: Flutter Mane|Booster Energy\n|-activate|p2b: Flutter Mane|ability: Protosynthesis|[fromitem]\n|-start|p2b: Flutter Mane|protosynthesisspe\n|turn|6\n|\n|t:|1698006371\n|detailschange|p1b: Heracross|Heracross-Mega, M\n|-mega|p1b: Heracross|Heracross|Heracronite\n|move|p1a: Ninjask|Protect|p1a: Ninjask\n|-singleturn|p1a: Ninjask|Protect\n|move|p2b: Flutter Mane|Dazzling Gleam|p1a: Ninjask|[spread] p1b\n|-activate|p1a: Ninjask|move: Protect\n|-supereffective|p1b: Heracross\n|-damage|p1b: Heracross|24\/100\n|move|p2a: Dragapult|Dragon Darts|p1b: Heracross\n|-damage|p1b: Heracross|7\/100\n|-anim|p2a: Dragapult|Dragon Darts|p1b: Heracross\n|-damage|p1b: Heracross|0 fnt\n|faint|p1b: Heracross\n|\n|-ability|p1a: Ninjask|Speed Boost|boost\n|-boost|p1a: Ninjask|spe|1\n|upkeep\n|\n|t:|1698006384\n|switch|p1b: Araquanid|Araquanid, F|100\/100\n|turn|7\n|\n|t:|1698006392\n|move|p1a: Ninjask|Acrobatics|p2b: Flutter Mane\n|-damage|p2b: Flutter Mane|67\/100\n|move|p2b: Flutter Mane|Dazzling Gleam|p1b: Araquanid|[spread] p1a,p1b\n|-crit|p1a: Ninjask\n|-damage|p1a: Ninjask|0 fnt\n|-damage|p1b: Araquanid|81\/100\n|faint|p1a: Ninjask\n|move|p2a: Dragapult|Dragon Darts|p1b: Araquanid\n|-damage|p1b: Araquanid|57\/100\n|-anim|p2a: Dragapult|Dragon Darts|p1b: Araquanid\n|-damage|p1b: Araquanid|33\/100\n|move|p1b: Araquanid|Liquidation|p2b: Flutter Mane\n|-damage|p2b: Flutter Mane|33\/100\n|\n|-heal|p1b: Araquanid|40\/100|[from] item: Leftovers\n|upkeep\n|turn|8\n|\n|t:|1698006408\n|move|p2b: Flutter Mane|Shadow Ball|p1b: Araquanid\n|-damage|p1b: Araquanid|13\/100\n|move|p2a: Dragapult|Dragon Darts|p1b: Araquanid\n|-damage|p1b: Araquanid|0 fnt\n|faint|p1b: Araquanid\n|\n|win|Davichu7\n|l|\u2606EvaEnDonos\n","uploadtime":1698006419,"views":14,"p1id":"evaendonos","p2id":"davichu7","formatid":"gen9nationaldexdoubles","rating":0,"private":0,"password":""}