{"id":"gen9nationaldexdoubles-1981516368","p1":"DazzlingBrilliance","p2":"testingpoo","format":"[Gen 9] National Dex Doubles","log":"|j|\u2606DazzlingBrilliance\n|j|\u2606testingpoo\n|t:|1698910642\n|gametype|doubles\n|player|p1|DazzlingBrilliance|striker|1066\n|player|p2|testingpoo|1|1209\n|teamsize|p1|6\n|teamsize|p2|6\n|gen|9\n|tier|[Gen 9] National Dex Doubles\n|rated|\n|rule|HP Percentage Mod: HP is shown in percentages\n|rule|Endless Battle Clause: Forcing endless battles is banned\n|rule|OHKO Clause: OHKO moves are banned\n|rule|Evasion Moves Clause: Evasion moves are banned\n|rule|Evasion Abilities Clause: Evasion abilities are banned\n|rule|Species Clause: Limit one of each Pok\u00e9mon\n|rule|Gravity Sleep Clause: The combination of sleep-inducing moves with imperfect accuracy and Gravity or Gigantamax Orbeetle are banned\n|clearpoke\n|poke|p1|Qwilfish, M|\n|poke|p1|Chandelure, M|\n|poke|p1|Altaria, M|\n|poke|p1|Eldegoss, M|\n|poke|p1|Jirachi|\n|poke|p1|Primeape, M|\n|poke|p2|Arcanine, M|\n|poke|p2|Ursaluna, F|\n|poke|p2|Flutter Mane|\n|poke|p2|Hydreigon, M|\n|poke|p2|Sinistcha-Masterpiece|\n|poke|p2|Maushold-Four|\n|teampreview\n|inactive|Battle timer is ON: inactive players will automatically lose when time's up. (requested by testingpoo)\n|\n|t:|1698910652\n|start\n|switch|p1a: Qweefish|Qwilfish, M, shiny|100\/100\n|switch|p1b: Jirachi|Jirachi, shiny|100\/100\n|switch|p2a: Hydreigon|Hydreigon, M|100\/100\n|switch|p2b: Ursaluna|Ursaluna, F|100\/100\n|-ability|p1a: Qweefish|Intimidate|boost\n|-unboost|p2a: Hydreigon|atk|1\n|-unboost|p2b: Ursaluna|atk|1\n|turn|1\n|\n|t:|1698910670\n|move|p2a: Hydreigon|Protect|p2a: Hydreigon\n|-singleturn|p2a: Hydreigon|Protect\n|move|p1b: Jirachi|Cosmic Power|p1b: Jirachi\n|-boost|p1b: Jirachi|def|1\n|-boost|p1b: Jirachi|spd|1\n|move|p1a: Qweefish|Thunder Wave|p2a: Hydreigon\n|-activate|p2a: Hydreigon|move: Protect\n|move|p2b: Ursaluna|Earthquake|p1b: Jirachi|[spread] p1a,p1b\n|-activate|p2a: Hydreigon|move: Protect\n|-supereffective|p1a: Qweefish\n|-supereffective|p1b: Jirachi\n|-crit|p1b: Jirachi\n|-damage|p1a: Qweefish|27\/100\n|-damage|p1b: Jirachi|0 fnt\n|faint|p1b: Jirachi\n|\n|-heal|p1a: Qweefish|33\/100|[from] item: Leftovers\n|-status|p2b: Ursaluna|brn|[from] item: Flame Orb\n|upkeep\n|inactive|DazzlingBrilliance has 120 seconds left.\n|\n|t:|1698910691\n|switch|p1b: Eldegoss|Eldegoss, M, shiny|100\/100\n|turn|2\n|\n|t:|1698910713\n|switch|p1a: Altaria|Altaria, M, shiny|100\/100\n|-ability|p1a: Altaria|Cloud Nine\n|move|p2a: Hydreigon|Heat Wave|p1a: Altaria|[spread] p1a,p1b\n|-resisted|p1a: Altaria\n|-supereffective|p1b: Eldegoss\n|-damage|p1a: Altaria|84\/100\n|-damage|p1b: Eldegoss|43\/100\n|-damage|p2a: Hydreigon|90\/100|[from] item: Life Orb\n|move|p1b: Eldegoss|Leech Seed|p2b: Ursaluna\n|-start|p2b: Ursaluna|move: Leech Seed\n|move|p2b: Ursaluna|Earthquake|p1a: Altaria|[spread] p1b\n|-immune|p2a: Hydreigon|[from] ability: Levitate\n|-immune|p1a: Altaria\n|-resisted|p1b: Eldegoss\n|-damage|p1b: Eldegoss|23\/100\n|\n|-heal|p1a: Altaria|90\/100|[from] item: Leftovers\n|-heal|p1b: Eldegoss|30\/100|[from] item: Leftovers\n|-damage|p2b: Ursaluna|88\/100 brn|[from] Leech Seed|[of] p1b: Eldegoss\n|-heal|p1b: Eldegoss|52\/100|[silent]\n|-damage|p2b: Ursaluna|82\/100 brn|[from] brn\n|upkeep\n|turn|3\n|inactive|DazzlingBrilliance has 120 seconds left.\n|inactive|DazzlingBrilliance has 90 seconds left.\n|\n|t:|1698910793\n|switch|p2b: Sinistcha|Sinistcha-Masterpiece|100\/100\n|-heal|p2a: Hydreigon|100\/100|[from] ability: Hospitality|[of] p2b: Sinistcha\n|move|p2a: Hydreigon|Dragon Pulse|p1a: Altaria\n|-supereffective|p1a: Altaria\n|-damage|p1a: Altaria|0 fnt\n|faint|p1a: Altaria\n|-damage|p2a: Hydreigon|90\/100|[from] item: Life Orb\n|move|p1b: Eldegoss|Leech Seed|p2a: Hydreigon\n|-start|p2a: Hydreigon|move: Leech Seed\n|\n|-heal|p1b: Eldegoss|58\/100|[from] item: Leftovers\n|-damage|p2a: Hydreigon|78\/100|[from] Leech Seed|[of] p1b: Eldegoss\n|-heal|p1b: Eldegoss|74\/100|[silent]\n|upkeep\n|inactive|DazzlingBrilliance has 60 seconds left.\n|\n|t:|1698910813\n|switch|p1a: Qweefish|Qwilfish, M, shiny|33\/100\n|-ability|p1a: Qweefish|Intimidate|boost\n|-unboost|p2a: Hydreigon|atk|1\n|-unboost|p2b: Sinistcha|atk|1\n|turn|4\n|\n|t:|1698910830\n|move|p2b: Sinistcha|Rage Powder|p2b: Sinistcha\n|-singleturn|p2b: Sinistcha|move: Rage Powder\n|move|p2a: Hydreigon|Heat Wave|p1b: Eldegoss|[spread] p1a,p1b\n|-resisted|p1a: Qweefish\n|-supereffective|p1b: Eldegoss\n|-damage|p1a: Qweefish|12\/100\n|-damage|p1b: Eldegoss|14\/100\n|-damage|p2a: Hydreigon|68\/100|[from] item: Life Orb\n|move|p1a: Qweefish|Thunder Wave|p2b: Sinistcha\n|-status|p2b: Sinistcha|par\n|move|p1b: Eldegoss|Pollen Puff|p1a: Qweefish\n|-heal|p1a: Qweefish|62\/100\n|\n|-heal|p1a: Qweefish|68\/100|[from] item: Leftovers\n|-heal|p1b: Eldegoss|20\/100|[from] item: Leftovers\n|-damage|p2a: Hydreigon|56\/100|[from] Leech Seed|[of] p1b: Eldegoss\n|-heal|p1b: Eldegoss|36\/100|[silent]\n|upkeep\n|turn|5\n|inactive|DazzlingBrilliance has 90 seconds left.\n|\n|t:|1698910861\n|switch|p1b: Chandelure|Chandelure, M, shiny|100\/100\n|move|p2a: Hydreigon|Protect|p2a: Hydreigon\n|-singleturn|p2a: Hydreigon|Protect\n|move|p1a: Qweefish|Thunder Wave|p2a: Hydreigon\n|-activate|p2a: Hydreigon|move: Protect\n|move|p2b: Sinistcha|Matcha Gotcha|p1a: Qweefish|[spread] p1b\n|-miss|p2b: Sinistcha|p1a: Qweefish\n|-resisted|p1b: Chandelure\n|-damage|p1b: Chandelure|87\/100\n|\n|-heal|p1a: Qweefish|74\/100|[from] item: Leftovers\n|-heal|p1b: Chandelure|94\/100|[from] item: Leftovers\n|-damage|p2a: Hydreigon|43\/100|[from] Leech Seed|[of] p1b: Chandelure\n|-heal|p1b: Chandelure|100\/100|[silent]\n|upkeep\n|turn|6\n|inactive|DazzlingBrilliance has 60 seconds left.\n|\n|t:|1698910896\n|switch|p2a: Ursaluna|Ursaluna, F|82\/100 brn\n|move|p1a: Qweefish|Thunder Wave|p2a: Ursaluna\n|-immune|p2a: Ursaluna\n|move|p1b: Chandelure|Heat Wave|p2b: Sinistcha|[spread] p2a,p2b\n|-supereffective|p2b: Sinistcha\n|-damage|p2a: Ursaluna|61\/100 brn\n|-damage|p2b: Sinistcha|51\/100 par\n|move|p2b: Sinistcha|Life Dew|p2b: Sinistcha|[spread] p2a,p2b\n|-heal|p2a: Ursaluna|86\/100 brn\n|-heal|p2b: Sinistcha|77\/100 par\n|\n|-heal|p1a: Qweefish|80\/100|[from] item: Leftovers\n|-damage|p2a: Ursaluna|80\/100 brn|[from] brn\n|upkeep\n|turn|7\n|inactive|DazzlingBrilliance has 60 seconds left.\n|\n|t:|1698910931\n|switch|p1b: Eldegoss|Eldegoss, M, shiny|36\/100\n|switch|p2b: Hydreigon|Hydreigon, M|43\/100\n|move|p1a: Qweefish|Acupressure|p1b: Eldegoss\n|-boost|p1b: Eldegoss|atk|2\n|move|p2a: Ursaluna|Earthquake|p1a: Qweefish|[spread] p1a,p1b\n|-immune|p2b: Hydreigon|[from] ability: Levitate\n|-supereffective|p1a: Qweefish\n|-resisted|p1b: Eldegoss\n|-damage|p1a: Qweefish|0 fnt\n|-damage|p1b: Eldegoss|7\/100\n|faint|p1a: Qweefish\n|\n|-heal|p1b: Eldegoss|13\/100|[from] item: Leftovers\n|-damage|p2a: Ursaluna|74\/100 brn|[from] brn\n|upkeep\n|\n|t:|1698910943\n|switch|p1a: Chandelure|Chandelure, M, shiny|100\/100\n|turn|8\n|inactive|DazzlingBrilliance has 60 seconds left.\n|\n|t:|1698910958\n|move|p2b: Hydreigon|Dragon Pulse|p1b: Eldegoss\n|-damage|p1b: Eldegoss|0 fnt\n|faint|p1b: Eldegoss\n|-damage|p2b: Hydreigon|33\/100|[from] item: Life Orb\n|move|p1a: Chandelure|Heat Wave|p2a: Ursaluna|[spread] p2a,p2b\n|-resisted|p2b: Hydreigon\n|-damage|p2a: Ursaluna|52\/100 brn\n|-damage|p2b: Hydreigon|16\/100\n|move|p2a: Ursaluna|Earthquake|p1a: Chandelure|[spread] p1a\n|-immune|p2b: Hydreigon|[from] ability: Levitate\n|-supereffective|p1a: Chandelure\n|-damage|p1a: Chandelure|0 fnt\n|faint|p1a: Chandelure\n|\n|-damage|p2a: Ursaluna|46\/100 brn|[from] brn\n|upkeep\n|\n|t:|1698910962\n|switch|p1a: Primeape|Primeape, M, shiny|100\/100\n|turn|9\n|\n|t:|1698910991\n|-terastallize|p1a: Primeape|Ghost\n|move|p2b: Hydreigon|Dragon Pulse|p1a: Primeape\n|-crit|p1a: Primeape\n|-damage|p1a: Primeape|6\/100\n|-damage|p2b: Hydreigon|6\/100|[from] item: Life Orb\n|move|p1a: Primeape|Dynamic Punch|p2b: Hydreigon\n|-supereffective|p2b: Hydreigon\n|-damage|p2b: Hydreigon|0 fnt\n|faint|p2b: Hydreigon\n|move|p2a: Ursaluna|Earthquake|p1a: Primeape\n|-damage|p1a: Primeape|0 fnt\n|faint|p1a: Primeape\n|\n|win|testingpoo\n|raw|DazzlingBrilliance's rating: 1066 &rarr; <strong>1054<\/strong><br \/>(-12 for losing)\n|raw|testingpoo's rating: 1209 &rarr; <strong>1224<\/strong><br \/>(+15 for winning)\n|l|\u2606DazzlingBrilliance\n","uploadtime":1698911181,"views":7,"p1id":"dazzlingbrilliance","p2id":"testingpoo","formatid":"gen9nationaldexdoubles","rating":1054,"private":0,"password":""}