{"id":"gen9nationaldexdoubles-1966249207","p1":"AutumnCookie","p2":"cassinidivision","format":"[Gen 9] National Dex Doubles","log":"|j|\u2606AutumnCookie\n|j|\u2606cassinidivision\n|t:|1697160330\n|gametype|doubles\n|player|p1|AutumnCookie|blue|\n|player|p2|cassinidivision|cynthia-masters3|\n|teamsize|p1|6\n|teamsize|p2|6\n|gen|9\n|tier|[Gen 9] National Dex Doubles\n|rule|HP Percentage Mod: HP is shown in percentages\n|rule|Endless Battle Clause: Forcing endless battles is banned\n|rule|OHKO Clause: OHKO moves are banned\n|rule|Evasion Moves Clause: Evasion moves are banned\n|rule|Evasion Abilities Clause: Evasion abilities are banned\n|rule|Species Clause: Limit one of each Pok\u00e9mon\n|rule|Gravity Sleep Clause: The combination of sleep-inducing moves with imperfect accuracy and Gravity or Gigantamax Orbeetle are banned\n|clearpoke\n|poke|p1|Lycanroc-Midnight, M|\n|poke|p1|Incineroar, M|\n|poke|p1|Golisopod, F|\n|poke|p1|Mimikyu, F|\n|poke|p1|Scrafty, M|\n|poke|p1|Electivire, M|\n|poke|p2|Spiritomb, F|\n|poke|p2|Roserade, F|\n|poke|p2|Togekiss, M|\n|poke|p2|Lucario, M|\n|poke|p2|Milotic, F|\n|poke|p2|Garchomp, F|\n|teampreview\n|\n|t:|1697160342\n|start\n|switch|p1a: Golisopod|Golisopod, F|100\/100\n|switch|p1b: Electivire|Electivire, M|100\/100\n|switch|p2a: Roserade|Roserade, F|100\/100\n|switch|p2b: Milotic|Milotic, F|100\/100\n|turn|1\n|c|\u2606AutumnCookie|Something funny actually is I literally wasn't even thinking when I gave Kohaku that Insect Plate I was just like \"hm what held item should this thing get. Yeah Insect Plate sounds good\" I wasn't even considering the implications lmao\n|\n|t:|1697160364\n|switch|p2b: Garchomp|Garchomp, F|100\/100\n|move|p1a: Golisopod|First Impression|p2a: Roserade\n|-damage|p2a: Roserade|7\/100\n|move|p2a: Roserade|Toxic Spikes|p1b: Electivire\n|-sidestart|p1: AutumnCookie|move: Toxic Spikes\n|move|p1b: Electivire|Thunderbolt|p2b: Garchomp\n|-immune|p2b: Garchomp\n|\n|upkeep\n|turn|2\n|c|\u2606cassinidivision|teehee\n|\n|t:|1697160390\n|detailschange|p2b: Garchomp|Garchomp-Mega, F\n|-mega|p2b: Garchomp|Garchomp|Garchompite\n|move|p2b: Garchomp|Swords Dance|p2b: Garchomp\n|-boost|p2b: Garchomp|atk|2\n|move|p2a: Roserade|Toxic Spikes|p1b: Electivire\n|-sidestart|p1: AutumnCookie|move: Toxic Spikes\n|move|p1b: Electivire|Ice Punch|p2b: Garchomp\n|-supereffective|p2b: Garchomp\n|-damage|p2b: Garchomp|33\/100\n|move|p1a: Golisopod|Leech Life|p2a: Roserade\n|-damage|p2a: Roserade|0 fnt\n|faint|p2a: Roserade\n|\n|upkeep\n|c|\u2606cassinidivision|NOT TEEHEE\n|\n|t:|1697160406\n|switch|p2a: Togekiss|Togekiss, M|100\/100\n|turn|3\n|c|\u2606AutumnCookie|I'M GLAD I RISKED ELECTIVIRE STAYING IN\n|\n|t:|1697160432\n|move|p2b: Garchomp|Earthquake|p1a: Golisopod|[spread] p1a,p1b\n|-immune|p2a: Togekiss\n|-resisted|p1a: Golisopod\n|-supereffective|p1b: Electivire\n|-damage|p1a: Golisopod|61\/100\n|-enditem|p1b: Electivire|Focus Sash\n|-damage|p1b: Electivire|1\/100\n|move|p1b: Electivire|Ice Punch|p2b: Garchomp\n|-supereffective|p2b: Garchomp\n|-damage|p2b: Garchomp|0 fnt\n|faint|p2b: Garchomp\n|move|p2a: Togekiss|Reflect|p2a: Togekiss\n|-sidestart|p2: cassinidivision|Reflect\n|move|p1a: Golisopod|Liquidation|p2a: Togekiss\n|-crit|p2a: Togekiss\n|-damage|p2a: Togekiss|34\/100\n|\n|upkeep\n|c|\u2606cassinidivision|fvuck\n|\n|t:|1697160451\n|switch|p2b: Lucario|Lucario, M|100\/100\n|turn|4\n|c|\u2606AutumnCookie|FOR ONCE THE SASH WAS USEFUL. USUALLY IT'S JUST FOR PERSONAL REASONS IT HAS THAT BUT THIS ONE TIME IT ACTUALLY HELPED\n|c|\u2606cassinidivision|YEAH\n|\n|t:|1697160475\n|move|p2b: Lucario|Aura Sphere|p1b: Electivire\n|-damage|p1b: Electivire|0 fnt\n|faint|p1b: Electivire\n|-damage|p2b: Lucario|91\/100|[from] item: Life Orb\n|move|p2a: Togekiss|Light Screen|p2a: Togekiss\n|-sidestart|p2: cassinidivision|move: Light Screen\n|move|p1a: Golisopod|Leech Life|p2b: Lucario\n|-resisted|p2b: Lucario\n|-damage|p2b: Lucario|76\/100\n|-heal|p1a: Golisopod|67\/100|[from] drain|[of] p2b: Lucario\n|\n|upkeep\n|c|\u2606cassinidivision|FUCKED ME TBH\n|c|\u2606AutumnCookie|It has come to my attention they actually do not have fairy coverage that is the ONE gap I see here with their type coverage\n|c|\u2606cassinidivision|BEDE....\n|c|\u2606cassinidivision|tomorrow.\n|\n|t:|1697160555\n|switch|p1b: Incineroar|Incineroar, M|100\/100\n|-status|p1b: Incineroar|tox\n|-ability|p1b: Incineroar|Intimidate|boost\n|-unboost|p2a: Togekiss|atk|1\n|-fail|p2b: Lucario|unboost|Attack|[from] ability: Inner Focus|[of] p2b: Lucario\n|turn|5\n|c|\u2606AutumnCookie|TOMORROW\n|\n|t:|1697160580\n|move|p2b: Lucario|Dragon Pulse|p1b: Incineroar\n|-damage|p1b: Incineroar|64\/100 tox\n|-damage|p2b: Lucario|66\/100|[from] item: Life Orb\n|move|p1b: Incineroar|Fire Punch|p2a: Togekiss\n|-damage|p2a: Togekiss|11\/100\n|move|p2a: Togekiss|Air Slash|p1a: Golisopod\n|-supereffective|p1a: Golisopod\n|-damage|p1a: Golisopod|0 fnt\n|faint|p1a: Golisopod\n|\n|-damage|p1b: Incineroar|58\/100 tox|[from] psn\n|upkeep\n|c|\u2606cassinidivision|clutch\n|\n|t:|1697160601\n|switch|p1a: Mimikyu|Mimikyu, F|100\/100\n|-status|p1a: Mimikyu|tox\n|turn|6\n|\n|t:|1697160615\n|move|p2b: Lucario|Meteor Mash|p1a: Mimikyu\n|-activate|p1a: Mimikyu|ability: Disguise\n|-damage|p1a: Mimikyu|100\/100 tox\n|detailschange|p1a: Mimikyu|Mimikyu-Busted, F\n|-damage|p1a: Mimikyu|88\/100 tox|[from] pokemon: Mimikyu-Busted\n|-damage|p2b: Lucario|56\/100|[from] item: Life Orb\n|move|p1a: Mimikyu|Swords Dance|p1a: Mimikyu\n|-boost|p1a: Mimikyu|atk|2\n|move|p1b: Incineroar|Flare Blitz|p2b: Lucario\n|-supereffective|p2b: Lucario\n|-damage|p2b: Lucario|0 fnt\n|faint|p2b: Lucario\n|-damage|p1b: Incineroar|42\/100 tox|[from] Recoil\n|move|p2a: Togekiss|Air Slash|p1b: Incineroar\n|-damage|p1b: Incineroar|11\/100 tox\n|-enditem|p1b: Incineroar|Figy Berry|[eat]\n|-heal|p1b: Incineroar|45\/100 tox|[from] item: Figy Berry\n|\n|-damage|p1a: Mimikyu|82\/100 tox|[from] psn\n|-damage|p1b: Incineroar|33\/100 tox|[from] psn\n|upkeep\n|\n|t:|1697160634\n|switch|p2b: Milotic|Milotic, F|100\/100\n|turn|7\n|\n|t:|1697160664\n|move|p1a: Mimikyu|Phantom Force||[still]\n|-prepare|p1a: Mimikyu|Phantom Force\n|move|p1b: Incineroar|Knock Off|p2a: Togekiss\n|-resisted|p2a: Togekiss\n|-damage|p2a: Togekiss|0 fnt\n|-enditem|p2a: Togekiss|Light Clay|[from] move: Knock Off|[of] p1b: Incineroar\n|faint|p2a: Togekiss\n|move|p2b: Milotic|Aqua Ring|p2b: Milotic\n|-start|p2b: Milotic|Aqua Ring\n|\n|-damage|p1a: Mimikyu|70\/100 tox|[from] psn\n|-damage|p1b: Incineroar|14\/100 tox|[from] psn\n|upkeep\n|\n|t:|1697160677\n|switch|p2a: Spiritomb|Spiritomb, F|100\/100\n|turn|8\n|\n|t:|1697160694\n|move|p1a: Mimikyu|Phantom Force|p2b: Milotic|[from]lockedmove\n|-damage|p2b: Milotic|32\/100\n|-damage|p1a: Mimikyu|60\/100 tox|[from] item: Life Orb\n|move|p1b: Incineroar|Knock Off|p2b: Milotic\n|-damage|p2b: Milotic|0 fnt\n|-enditem|p2b: Milotic|Leftovers|[from] move: Knock Off|[of] p1b: Incineroar\n|faint|p2b: Milotic\n|move|p2a: Spiritomb|Hex|p1b: Incineroar\n|-resisted|p1b: Incineroar\n|-damage|p1b: Incineroar|0 fnt\n|faint|p1b: Incineroar\n|\n|-damage|p1a: Mimikyu|42\/100 tox|[from] psn\n|upkeep\n|c|\u2606cassinidivision|good job kohaku\n|\n|t:|1697160717\n|switch|p1b: Lycanroc|Lycanroc-Midnight, M|100\/100\n|-status|p1b: Lycanroc|tox\n|turn|9\n|\n|t:|1697160724\n|move|p1a: Mimikyu|Play Rough|p2a: Spiritomb\n|-supereffective|p2a: Spiritomb\n|-damage|p2a: Spiritomb|0 fnt\n|faint|p2a: Spiritomb\n|-damage|p1a: Mimikyu|32\/100 tox|[from] item: Life Orb\n|\n|win|AutumnCookie\n|c|\u2606AutumnCookie|REDEMPTION\n|c|\u2606cassinidivision|you didi it\n|c|\u2606cassinidivision|in non canon\n|c|\u2606AutumnCookie|YIPPEE\n|c|\u2606cassinidivision|boooo sfx\n|c|\u2606AutumnCookie|Yeah. Non canon.\n|c|\u2606cassinidivision|\/\/silly\n|c|\u2606AutumnCookie|Oh well. Maybe someday...\n|c|\u2606cassinidivision|ok laptop boutta die\n","uploadtime":1697160755,"views":10,"p1id":"autumncookie","p2id":"cassinidivision","formatid":"gen9nationaldexdoubles","rating":0,"private":0,"password":""}