{"id":"gen9nationaldexdoubles-1990943477","p1":"El Ryuk456","p2":"Croc\/MK","format":"[Gen 9] National Dex Doubles","log":"|j|\u2606El Ryuk456\n|j|\u2606Croc\/MK\n|t:|1700017939\n|gametype|doubles\n|player|p1|El Ryuk456|ingo|1281\n|player|p2|Croc\/MK|102|1174\n|teamsize|p1|6\n|teamsize|p2|6\n|gen|9\n|tier|[Gen 9] National Dex Doubles\n|rated|\n|rule|HP Percentage Mod: HP is shown in percentages\n|rule|Endless Battle Clause: Forcing endless battles is banned\n|rule|OHKO Clause: OHKO moves are banned\n|rule|Evasion Moves Clause: Evasion moves are banned\n|rule|Evasion Abilities Clause: Evasion abilities are banned\n|rule|Species Clause: Limit one of each Pok\u00e9mon\n|rule|Gravity Sleep Clause: The combination of sleep-inducing moves with imperfect accuracy and Gravity or Gigantamax Orbeetle are banned\n|clearpoke\n|poke|p1|Sableye, M|\n|poke|p1|Tapu Koko|\n|poke|p1|Iron Moth|\n|poke|p1|Heracross, M|\n|poke|p1|Hariyama, M|\n|poke|p1|Farigiraf, F|\n|poke|p2|Chi-Yu|\n|poke|p2|Gholdengo|\n|poke|p2|Flutter Mane|\n|poke|p2|Kingambit, F|\n|poke|p2|Landorus-Therian, M|\n|poke|p2|Chien-Pao|\n|teampreview\n|\n|t:|1700017953\n|start\n|switch|p1a: E.V.A|Iron Moth|100\/100\n|switch|p1b: Raijin|Tapu Koko, shiny|100\/100\n|switch|p2a: Chi-Yu|Chi-Yu|100\/100\n|switch|p2b: Flutter Mane|Flutter Mane, shiny|100\/100\n|-fieldstart|move: Electric Terrain|[from] ability: Electric Surge|[of] p1b: Raijin\n|-activate|p1a: E.V.A|ability: Quark Drive\n|-start|p1a: E.V.A|quarkdrivespe\n|-enditem|p1a: E.V.A|Electric Seed\n|-boost|p1a: E.V.A|def|1|[from] item: Electric Seed\n|-ability|p2a: Chi-Yu|Beads of Ruin\n|-enditem|p2b: Flutter Mane|Booster Energy\n|-activate|p2b: Flutter Mane|ability: Protosynthesis|[fromitem]\n|-start|p2b: Flutter Mane|protosynthesisspa\n|turn|1\n|\n|t:|1700017989\n|move|p1a: E.V.A|Acid Spray|p2b: Flutter Mane\n|-damage|p2b: Flutter Mane|76\/100\n|-unboost|p2b: Flutter Mane|spd|2\n|move|p1b: Raijin|Electroweb|p2a: Chi-Yu|[spread] p2a,p2b\n|-damage|p2a: Chi-Yu|74\/100\n|-damage|p2b: Flutter Mane|29\/100\n|-unboost|p2a: Chi-Yu|spe|1\n|-unboost|p2b: Flutter Mane|spe|1\n|move|p2b: Flutter Mane|Dazzling Gleam|p1b: Raijin|[spread] p1a,p1b\n|-resisted|p1a: E.V.A\n|-damage|p1a: E.V.A|87\/100\n|-damage|p1b: Raijin|42\/100\n|move|p2a: Chi-Yu|Heat Wave|p1b: Raijin|[spread] p1a,p1b\n|-resisted|p1a: E.V.A\n|-crit|p1a: E.V.A\n|-damage|p1a: E.V.A|50\/100\n|-damage|p1b: Raijin|0 fnt\n|faint|p1b: Raijin\n|\n|-heal|p2a: Chi-Yu|80\/100|[from] item: Leftovers\n|upkeep\n|\n|t:|1700018005\n|switch|p1b: Raiden|Hariyama, M|100\/100\n|turn|2\n|\n|t:|1700018014\n|move|p1b: Raiden|Fake Out|p2a: Chi-Yu\n|-damage|p2a: Chi-Yu|56\/100\n|move|p1a: E.V.A|Heat Wave|p2b: Flutter Mane|[spread] p2a,p2b\n|-resisted|p2a: Chi-Yu\n|-crit|p2b: Flutter Mane\n|-damage|p2a: Chi-Yu|37\/100\n|-damage|p2b: Flutter Mane|0 fnt\n|faint|p2b: Flutter Mane\n|-end|p2b: Flutter Mane|Protosynthesis|[silent]\n|cant|p2a: Chi-Yu|flinch\n|\n|-heal|p2a: Chi-Yu|43\/100|[from] item: Leftovers\n|-status|p1b: Raiden|brn|[from] item: Flame Orb\n|upkeep\n|\n|t:|1700018028\n|switch|p2b: Kingambit|Kingambit, F, shiny|100\/100\n|-activate|p2b: Kingambit|ability: Supreme Overlord\n|-start|p2b: Kingambit|fallen1|[silent]\n|turn|3\n|\n|t:|1700018040\n|-terastallize|p1b: Raiden|Fire\n|move|p1a: E.V.A|Protect|p1a: E.V.A\n|-singleturn|p1a: E.V.A|Protect\n|move|p2b: Kingambit|Sucker Punch||[still]\n|-fail|p2b: Kingambit\n|move|p2a: Chi-Yu|Heat Wave|p1b: Raiden|[spread] p1b\n|-activate|p1a: E.V.A|move: Protect\n|-resisted|p1b: Raiden\n|-damage|p1b: Raiden|76\/100 brn\n|move|p1b: Raiden|Drain Punch|p2b: Kingambit\n|-supereffective|p2b: Kingambit\n|-damage|p2b: Kingambit|0 fnt\n|-heal|p1b: Raiden|100\/100 brn|[from] drain|[of] p2b: Kingambit\n|faint|p2b: Kingambit\n|-end|p2b: Kingambit|fallen1|[silent]\n|\n|-heal|p2a: Chi-Yu|49\/100|[from] item: Leftovers\n|-damage|p1b: Raiden|94\/100 brn|[from] brn\n|upkeep\n|\n|t:|1700018067\n|switch|p2b: Landorus|Landorus-Therian, M|100\/100\n|-ability|p2b: Landorus|Intimidate|boost\n|-unboost|p1a: E.V.A|atk|1\n|-unboost|p1b: Raiden|atk|1\n|turn|4\n|\n|t:|1700018101\n|switch|p2a: Chien-Pao|Chien-Pao|100\/100\n|-ability|p2a: Chien-Pao|Sword of Ruin\n|move|p1b: Raiden|Wide Guard|p1b: Raiden\n|-singleturn|p1b: Raiden|Wide Guard\n|move|p1a: E.V.A|Heat Wave|p2b: Landorus|[spread] p2a,p2b\n|-supereffective|p2a: Chien-Pao\n|-enditem|p2a: Chien-Pao|Focus Sash\n|-damage|p2a: Chien-Pao|1\/100\n|-damage|p2b: Landorus|72\/100\n|move|p2b: Landorus|Sandsear Storm|p1b: Raiden|[spread] \n|-activate|p1a: E.V.A|move: Wide Guard\n|-activate|p1b: Raiden|move: Wide Guard\n|\n|-damage|p1b: Raiden|88\/100 brn|[from] brn\n|upkeep\n|turn|5\n|\n|t:|1700018128\n|move|p1b: Raiden|Wide Guard|p1b: Raiden\n|-singleturn|p1b: Raiden|Wide Guard\n|move|p2a: Chien-Pao|Sucker Punch||[still]\n|-fail|p2a: Chien-Pao\n|move|p1a: E.V.A|Heat Wave|p2a: Chien-Pao|[spread] p2a,p2b\n|-supereffective|p2a: Chien-Pao\n|-crit|p2a: Chien-Pao\n|-damage|p2a: Chien-Pao|0 fnt\n|-damage|p2b: Landorus|40\/100\n|-status|p2b: Landorus|brn\n|faint|p2a: Chien-Pao\n|move|p2b: Landorus|Sandsear Storm|p1a: E.V.A|[spread] \n|-activate|p1a: E.V.A|move: Wide Guard\n|-activate|p1b: Raiden|move: Wide Guard\n|\n|-damage|p2b: Landorus|34\/100 brn|[from] brn\n|-damage|p1b: Raiden|82\/100 brn|[from] brn\n|-fieldend|move: Electric Terrain\n|-end|p1a: E.V.A|Quark Drive\n|upkeep\n|-message|Croc\/MK forfeited.\n|\n|win|El Ryuk456\n|raw|El Ryuk456's rating: 1281 &rarr; <strong>1299<\/strong><br \/>(+18 for winning)\n|raw|Croc&#x2f;MK's rating: 1174 &rarr; <strong>1156<\/strong><br \/>(-18 for losing)\n|l|\u2606Croc\/MK\n","uploadtime":1700018146,"views":7,"p1id":"elryuk456","p2id":"crocmk","formatid":"gen9nationaldexdoubles","rating":1156,"private":0,"password":""}