{"id":"gen9nationaldexdoubles-1978455997","p1":"Yeehaw 79","p2":"multiingbe","format":"[Gen 9] National Dex Doubles","log":"|j|\u2606Yeehaw 79\n|j|\u2606multiingbe\n|t:|1698541289\n|gametype|doubles\n|player|p1|Yeehaw 79|fisherman-gen4|1060\n|player|p2|multiingbe|kimonogirl|1046\n|teamsize|p1|6\n|teamsize|p2|6\n|gen|9\n|tier|[Gen 9] National Dex Doubles\n|rated|\n|rule|HP Percentage Mod: HP is shown in percentages\n|rule|Endless Battle Clause: Forcing endless battles is banned\n|rule|OHKO Clause: OHKO moves are banned\n|rule|Evasion Moves Clause: Evasion moves are banned\n|rule|Evasion Abilities Clause: Evasion abilities are banned\n|rule|Species Clause: Limit one of each Pok\u00e9mon\n|rule|Gravity Sleep Clause: The combination of sleep-inducing moves with imperfect accuracy and Gravity or Gigantamax Orbeetle are banned\n|clearpoke\n|poke|p1|Ursaluna-Bloodmoon, M|\n|poke|p1|Armarouge, F|\n|poke|p1|Indeedee-F, F|\n|poke|p1|Palafin, M|\n|poke|p1|Brute Bonnet|\n|poke|p1|Fezandipiti, M|\n|poke|p2|Alakazam, F|\n|poke|p2|Comfey, F|\n|poke|p2|Flygon, F|\n|poke|p2|Whimsicott, M|\n|poke|p2|Ludicolo, M|\n|poke|p2|Clefable, M|\n|teampreview\n|inactive|Battle timer is ON: inactive players will automatically lose when time's up. (requested by Yeehaw 79)\n|c|\u2606Yeehaw 79|Glhf!\n|\n|t:|1698541313\n|start\n|switch|p1a: OOH BUTLER|Indeedee-F, F|100\/100\n|switch|p1b: I NEED A HERO|Palafin, M|100\/100\n|switch|p2a: Veledmej|Comfey, F|100\/100\n|switch|p2b: Ahere|Alakazam, F|100\/100\n|-fieldstart|move: Psychic Terrain|[from] ability: Psychic Surge|[of] p1a: OOH BUTLER\n|-enditem|p1a: OOH BUTLER|Psychic Seed\n|-boost|p1a: OOH BUTLER|spd|1|[from] item: Psychic Seed\n|turn|1\n|\n|t:|1698541336\n|detailschange|p2b: Ahere|Alakazam-Mega, F\n|-mega|p2b: Ahere|Alakazam|Alakazite\n|-ability|p2b: Ahere|Psychic Surge|[from] ability: Trace|[of] p1a: OOH BUTLER\n|move|p2a: Veledmej|Ally Switch|p2a: Veledmej\n|swap|p2a: Veledmej|1|[from] move: Ally Switch\n|move|p2a: Ahere|Energy Ball|p1b: I NEED A HERO\n|-supereffective|p1b: I NEED A HERO\n|-damage|p1b: I NEED A HERO|0 fnt\n|faint|p1b: I NEED A HERO\n|move|p1a: OOH BUTLER|Trick Room|p1a: OOH BUTLER\n|-fieldstart|move: Trick Room|[of] p1a: OOH BUTLER\n|\n|upkeep\n|inactive|Yeehaw 79 has 120 seconds left.\n|\n|t:|1698541353\n|switch|p1b: Angy|Brute Bonnet|100\/100\n|-enditem|p1b: Angy|Booster Energy\n|-activate|p1b: Angy|ability: Protosynthesis|[fromitem]\n|-start|p1b: Angy|protosynthesisatk\n|turn|2\n|\n|t:|1698541375\n|-terastallize|p2b: Veledmej|Fairy\n|move|p1b: Angy|Zen Headbutt|p2b: Veledmej\n|-damage|p2b: Veledmej|36\/100\n|move|p1a: OOH BUTLER|Calm Mind|p1a: OOH BUTLER\n|-boost|p1a: OOH BUTLER|spa|1\n|-boost|p1a: OOH BUTLER|spd|1\n|move|p2b: Veledmej|Dazzling Gleam|p1a: OOH BUTLER|[spread] p1a,p1b\n|-supereffective|p1b: Angy\n|-damage|p1a: OOH BUTLER|89\/100\n|-damage|p1b: Angy|50\/100\n|move|p2a: Ahere|Metronome|p2a: Ahere\n|move|p2a: Ahere|Bind|p1b: Angy|[from]move: Metronome\n|-damage|p1b: Angy|48\/100\n|-activate|p1b: Angy|move: Bind|[of] p2a: Ahere\n|\n|-damage|p1b: Angy|35\/100|[from] move: Bind|[partiallytrapped]\n|upkeep\n|turn|3\n|inactive|Yeehaw 79 has 120 seconds left.\n|\n|t:|1698541405\n|move|p1b: Angy|Spore|p2a: Ahere\n|-status|p2a: Ahere|slp|[from] move: Spore\n|move|p1a: OOH BUTLER|Calm Mind|p1a: OOH BUTLER\n|-boost|p1a: OOH BUTLER|spa|1\n|-boost|p1a: OOH BUTLER|spd|1\n|move|p2b: Veledmej|Psych Up|p1a: OOH BUTLER\n|-copyboost|p2b: Veledmej|p1a: OOH BUTLER|[from] move: Psych Up\n|cant|p2a: Ahere|slp\n|\n|-damage|p1b: Angy|23\/100|[from] move: Bind|[partiallytrapped]\n|upkeep\n|turn|4\n|inactive|Yeehaw 79 has 120 seconds left.\n|\n|t:|1698541437\n|move|p2b: Veledmej|Ally Switch|p2b: Veledmej\n|swap|p2b: Veledmej|0|[from] move: Ally Switch\n|move|p1b: Angy|Zen Headbutt|p2b: Ahere\n|-resisted|p2b: Ahere\n|-damage|p2b: Ahere|60\/100 slp\n|move|p1a: OOH BUTLER|Baton Pass|p1a: OOH BUTLER\n|\n|t:|1698541443\n|switch|p1a: Megaman|Armarouge, F|100\/100|[from] Baton Pass\n|cant|p2b: Ahere|slp\n|\n|-damage|p1b: Angy|11\/100|[from] move: Bind|[partiallytrapped]\n|upkeep\n|turn|5\n|inactive|Yeehaw 79 has 120 seconds left.\n|\n|t:|1698541464\n|move|p2a: Veledmej|Floral Healing|p2b: Ahere\n|-heal|p2b: Ahere|100\/100 slp\n|move|p1b: Angy|Seed Bomb|p2b: Ahere\n|-damage|p2b: Ahere|2\/100 slp\n|move|p1a: Megaman|Heat Wave|p2b: Ahere|[spread] p2a,p2b\n|-damage|p2a: Veledmej|2\/100\n|-damage|p2b: Ahere|0 fnt\n|faint|p2b: Ahere\n|\n|-end|p1b: Angy|Bind|[partiallytrapped]|[silent]\n|-fieldend|move: Trick Room\n|-fieldend|move: Psychic Terrain\n|upkeep\n|\n|t:|1698541481\n|switch|p2b: Aoueniese|Clefable, M|100\/100\n|turn|6\n|\n|t:|1698541494\n|-end|p1b: Angy|Protosynthesis|[silent]\n|switch|p1b: OOH BUTLER|Indeedee-F, F|89\/100\n|-fieldstart|move: Psychic Terrain|[from] ability: Psychic Surge|[of] p1b: OOH BUTLER\n|move|p2a: Veledmej|Dazzling Gleam|p1a: Megaman|[spread] p1a,p1b\n|-resisted|p1a: Megaman\n|-damage|p1a: Megaman|90\/100\n|-damage|p1b: OOH BUTLER|38\/100\n|move|p1a: Megaman|Expanding Force|p2a: Veledmej|[spread] p2a,p2b\n|-damage|p2a: Veledmej|0 fnt\n|-damage|p2b: Aoueniese|0 fnt\n|faint|p2a: Veledmej\n|faint|p2b: Aoueniese\n|\n|upkeep\n|\n|t:|1698541518\n|switch|p2a: Seiu|Whimsicott, M|100\/100\n|switch|p2b: Pmilgmiel|Flygon, F|100\/100\n|turn|7\n|\n|t:|1698541531\n|move|p2a: Seiu|Helping Hand|p2b: Pmilgmiel\n|-singleturn|p2b: Pmilgmiel|Helping Hand|[of] p2a: Seiu\n|move|p2b: Pmilgmiel|Outrage|p1a: Megaman\n|-damage|p1a: Megaman|22\/100\n|move|p1a: Megaman|Expanding Force|p2a: Seiu|[spread] p2a,p2b\n|-damage|p2a: Seiu|0 fnt\n|-damage|p2b: Pmilgmiel|0 fnt\n|faint|p2a: Seiu\n|faint|p2b: Pmilgmiel\n|move|p1b: OOH BUTLER|Trick Room|p1b: OOH BUTLER\n|-fieldstart|move: Trick Room|[of] p1b: OOH BUTLER\n|\n|upkeep\n|\n|t:|1698541543\n|switch|p2b: Bunindayae|Ludicolo, M|100\/100\n|turn|8\n|\n|t:|1698541551\n|move|p2b: Bunindayae|Metronome|p2b: Bunindayae\n|move|p2b: Bunindayae|Drain Punch|p1a: Megaman|[from]move: Metronome\n|-resisted|p1a: Megaman\n|-damage|p1a: Megaman|13\/100\n|move|p1b: OOH BUTLER|Mystical Fire|p2b: Bunindayae\n|-damage|p2b: Bunindayae|78\/100\n|-unboost|p2b: Bunindayae|spa|1\n|move|p1a: Megaman|Expanding Force|p2b: Bunindayae\n|-damage|p2b: Bunindayae|0 fnt\n|faint|p2b: Bunindayae\n|\n|win|Yeehaw 79\n|raw|Yeehaw 79's rating: 1060 &rarr; <strong>1090<\/strong><br \/>(+30 for winning)\n|raw|multiingbe's rating: 1046 &rarr; <strong>1030<\/strong><br \/>(-16 for losing)\n","uploadtime":1698541565,"views":5,"p1id":"yeehaw79","p2id":"multiingbe","formatid":"gen9nationaldexdoubles","rating":1030,"private":0,"password":""}