{"id":"gen9nationaldexdoubles-1972907831","p1":"Eragon11145","p2":"Iceberg77","format":"[Gen 9] National Dex Doubles","log":"|j|\u2606Eragon11145\n|j|\u2606Iceberg77\n|t:|1697907763\n|gametype|doubles\n|player|p1|Eragon11145|#dwcopiii|\n|player|p2|Iceberg77|iris-gen5bw2|\n|teamsize|p1|6\n|teamsize|p2|6\n|gen|9\n|tier|[Gen 9] National Dex Doubles\n|rule|HP Percentage Mod: HP is shown in percentages\n|rule|Endless Battle Clause: Forcing endless battles is banned\n|rule|OHKO Clause: OHKO moves are banned\n|rule|Evasion Moves Clause: Evasion moves are banned\n|rule|Evasion Abilities Clause: Evasion abilities are banned\n|rule|Species Clause: Limit one of each Pok\u00e9mon\n|rule|Gravity Sleep Clause: The combination of sleep-inducing moves with imperfect accuracy and Gravity or Gigantamax Orbeetle are banned\n|clearpoke\n|poke|p1|Incineroar, F|\n|poke|p1|Tapu Fini|\n|poke|p1|Zygarde|\n|poke|p1|Metagross|\n|poke|p1|Sinistcha|\n|poke|p1|Tornadus, M|\n|poke|p2|Stakataka|\n|poke|p2|Zamazenta-*|\n|poke|p2|Rillaboom, F|\n|poke|p2|Gothitelle, M|\n|poke|p2|Kangaskhan, F|\n|poke|p2|Ogerpon-Wellspring, F|\n|teampreview\n|inactive|Battle timer is ON: inactive players will automatically lose when time's up. (requested by Eragon11145)\n|c|\u2606Iceberg77|hf\n|c|\u2606Eragon11145|u2\n|j| Kayzn\n|j| Jello1231\n|j| NinjaSnapple\n|inactive|Eragon11145 has 270 seconds left.\n|inactive|Iceberg77 has 270 seconds left.\n|j| Rasche\n|j| DudeWhere'sMyMon?\n|inactive|Iceberg77 has 240 seconds left.\n|j| Faygos\n|inactive|Eragon11145 has 240 seconds left.\n|inactive|Iceberg77 has 210 seconds left.\n|\n|t:|1697907873\n|start\n|switch|p1a: Incineroar|Incineroar, F|100\/100\n|switch|p1b: Metagross|Metagross|100\/100\n|switch|p2a: Kangaskhan|Kangaskhan, F|100\/100\n|switch|p2b: Ogerpon|Ogerpon-Wellspring, F|100\/100\n|-ability|p1a: Incineroar|Intimidate|boost\n|-unboost|p2a: Kangaskhan|atk|1\n|-unboost|p2b: Ogerpon|atk|1\n|turn|1\n|inactive|Iceberg77 has 270 seconds left.\n|inactive|Eragon11145 has 270 seconds left.\n|inactive|Iceberg77 has 240 seconds left.\n|inactive|Eragon11145 has 240 seconds left.\n|inactive|Iceberg77 has 210 seconds left.\n|\n|t:|1697907946\n|switch|p2b: Gothitelle|Gothitelle, M|100\/100\n|detailschange|p1b: Metagross|Metagross-Mega\n|-mega|p1b: Metagross|Metagross|Metagrossite\n|detailschange|p2a: Kangaskhan|Kangaskhan-Mega, F\n|-mega|p2a: Kangaskhan|Kangaskhan|Kangaskhanite\n|move|p1a: Incineroar|Fake Out|p2b: Gothitelle\n|-damage|p2b: Gothitelle|91\/100\n|move|p1b: Metagross|Ice Punch|p2b: Gothitelle\n|-damage|p2b: Gothitelle|60\/100\n|move|p2a: Kangaskhan|Seismic Toss|p1b: Metagross\n|-damage|p1b: Metagross|67\/100\n|-damage|p1b: Metagross|34\/100\n|-hitcount|p1b: Metagross|2\n|\n|upkeep\n|turn|2\n|inactive|Iceberg77 has 210 seconds left.\n|inactive|Eragon11145 has 240 seconds left.\n|inactive|Iceberg77 has 180 seconds left.\n|\n|t:|1697908005\n|switch|p2a: Ogerpon|Ogerpon-Wellspring, F|100\/100\n|move|p2b: Gothitelle|Protect|p2b: Gothitelle\n|-singleturn|p2b: Gothitelle|Protect\n|move|p1b: Metagross|Ice Punch|p2a: Ogerpon\n|-damage|p2a: Ogerpon|62\/100\n|move|p1a: Incineroar|Knock Off|p2b: Gothitelle\n|-activate|p2b: Gothitelle|move: Protect\n|\n|upkeep\n|turn|3\n|inactive|Eragon11145 has 240 seconds left.\n|inactive|Iceberg77 has 180 seconds left.\n|\n|t:|1697908042\n|-terastallize|p1a: Incineroar|Grass\n|move|p1b: Metagross|Ice Punch|p2a: Ogerpon\n|-damage|p2a: Ogerpon|25\/100\n|-status|p2a: Ogerpon|frz\n|cant|p2a: Ogerpon|frz\n|move|p1a: Incineroar|Knock Off|p2b: Gothitelle\n|-supereffective|p2b: Gothitelle\n|-damage|p2b: Gothitelle|0 fnt\n|-enditem|p2b: Gothitelle|Safety Goggles|[from] move: Knock Off|[of] p1a: Incineroar\n|faint|p2b: Gothitelle\n|\n|upkeep\n|c|\u2606Eragon11145|my b\n|j| TBIC106\n|inactive|Iceberg77 has 150 seconds left.\n|\n|t:|1697908072\n|switch|p2b: Zamazenta|Zamazenta|100\/100\n|-ability|p2b: Zamazenta|Dauntless Shield|boost\n|-boost|p2b: Zamazenta|def|1\n|turn|4\n|j| sealoo\n|\n|t:|1697908093\n|switch|p1b: Tapu Fini|Tapu Fini|100\/100\n|-fieldstart|move: Misty Terrain|[from] ability: Misty Surge|[of] p1b: Tapu Fini\n|switch|p2a: Stakataka|Stakataka|100\/100\n|move|p2b: Zamazenta|Coaching|p2a: Stakataka\n|-boost|p2a: Stakataka|atk|1\n|-boost|p2a: Stakataka|def|1\n|move|p1a: Incineroar|Parting Shot|p2b: Zamazenta\n|-unboost|p2b: Zamazenta|atk|1\n|-unboost|p2b: Zamazenta|spa|1\n|inactive|Eragon11145 has 240 seconds left.\n|\n|t:|1697908114\n|switch|p1a: Tornadus|Tornadus, M|100\/100|[from] Parting Shot\n|\n|upkeep\n|turn|5\n|inactive|Iceberg77 has 180 seconds left.\n|inactive|Iceberg77 has 150 seconds left.\n|inactive|Eragon11145 has 240 seconds left.\n|\n|t:|1697908172\n|-terastallize|p2b: Zamazenta|Poison\n|move|p2b: Zamazenta|Wide Guard|p2b: Zamazenta\n|-singleturn|p2b: Zamazenta|Wide Guard\n|-zpower|p1a: Tornadus\n|move|p1a: Tornadus|Supersonic Skystrike|p2b: Zamazenta|[zeffect]\n|-damage|p2b: Zamazenta|28\/100\n|-enditem|p2b: Zamazenta|Sitrus Berry|[eat]\n|-heal|p2b: Zamazenta|52\/100|[from] item: Sitrus Berry\n|move|p1b: Tapu Fini|Hydro Pump|p2a: Stakataka\n|-supereffective|p2a: Stakataka\n|-damage|p2a: Stakataka|0 fnt\n|faint|p2a: Stakataka\n|\n|upkeep\n|inactive|Iceberg77 has 120 seconds left.\n|\n|t:|1697908189\n|switch|p2a: Rillaboom|Rillaboom, F|100\/100\n|-fieldstart|move: Grassy Terrain|[from] ability: Grassy Surge|[of] p2a: Rillaboom\n|turn|6\n|inactive|Iceberg77 has 120 seconds left.\n|\n|t:|1697908221\n|switch|p2b: Kangaskhan|Kangaskhan-Mega, F|100\/100\n|switch|p1b: Incineroar|Incineroar, F, tera:Grass|100\/100\n|-ability|p1b: Incineroar|Intimidate|boost\n|-unboost|p2a: Rillaboom|atk|1\n|-unboost|p2b: Kangaskhan|atk|1\n|move|p1a: Tornadus|Bleakwind Storm|p2a: Rillaboom|[spread] p2a\n|-miss|p1a: Tornadus|p2b: Kangaskhan\n|-supereffective|p2a: Rillaboom\n|-damage|p2a: Rillaboom|54\/100\n|move|p2a: Rillaboom|U-turn|p1b: Incineroar\n|-supereffective|p1b: Incineroar\n|-damage|p1b: Incineroar|75\/100\n|\n|t:|1697908237\n|switch|p2a: Zamazenta|Zamazenta, tera:Poison|52\/100|[from] U-turn\n|\n|-heal|p2a: Zamazenta|59\/100|[from] Grassy Terrain\n|-heal|p1b: Incineroar|81\/100|[from] Grassy Terrain\n|upkeep\n|turn|7\n|inactive|Iceberg77 has 120 seconds left.\n|\n|t:|1697908249\n|move|p2b: Kangaskhan|Fake Out|p1b: Incineroar\n|-damage|p1b: Incineroar|69\/100\n|-damage|p1b: Incineroar|67\/100\n|-hitcount|p1b: Incineroar|2\n|move|p1a: Tornadus|Leer|p2a: Zamazenta|[spread] p2a,p2b\n|-unboost|p2a: Zamazenta|def|1\n|-unboost|p2b: Kangaskhan|def|1\n|move|p2a: Zamazenta|Snarl|p1b: Incineroar|[spread] p1a,p1b\n|-damage|p1a: Tornadus|90\/100\n|-damage|p1b: Incineroar|61\/100\n|-unboost|p1a: Tornadus|spa|1\n|move|p1b: Incineroar|Flare Blitz|p2a: Zamazenta\n|-damage|p2a: Zamazenta|7\/100\n|-damage|p1b: Incineroar|45\/100|[from] Recoil\n|\n|-heal|p2a: Zamazenta|13\/100|[from] Grassy Terrain\n|-heal|p1b: Incineroar|51\/100|[from] Grassy Terrain\n|upkeep\n|turn|8\n|inactive|Iceberg77 has 120 seconds left.\n|\n|t:|1697908275\n|switch|p2a: Ogerpon|Ogerpon-Wellspring, F|25\/100 frz\n|switch|p1b: Sinistcha|Sinistcha|100\/100\n|-heal|p1a: Tornadus|100\/100|[from] ability: Hospitality|[of] p1b: Sinistcha\n|move|p1a: Tornadus|Bleakwind Storm|p2a: Ogerpon|[spread] p2a,p2b\n|-supereffective|p2a: Ogerpon\n|-damage|p2a: Ogerpon|0 fnt\n|-damage|p2b: Kangaskhan|85\/100\n|-unboost|p2b: Kangaskhan|spe|1\n|faint|p2a: Ogerpon\n|move|p2b: Kangaskhan|Seismic Toss|p1a: Tornadus\n|-damage|p1a: Tornadus|67\/100\n|-damage|p1a: Tornadus|34\/100\n|-hitcount|p1a: Tornadus|2\n|\n|-heal|p2b: Kangaskhan|91\/100|[from] Grassy Terrain\n|upkeep\n|inactive|Iceberg77 has 120 seconds left.\n|l| NinjaSnapple\n|\n|t:|1697908294\n|switch|p2a: Rillaboom|Rillaboom, F|54\/100\n|turn|9\n|inactive|Iceberg77 has 120 seconds left.\n|\n|t:|1697908313\n|move|p1a: Tornadus|Protect|p1a: Tornadus\n|-singleturn|p1a: Tornadus|Protect\n|move|p2a: Rillaboom|Grassy Glide|p1a: Tornadus\n|-activate|p1a: Tornadus|move: Protect\n|move|p2b: Kangaskhan|Sucker Punch||[still]\n|-fail|p2b: Kangaskhan\n|move|p1b: Sinistcha|Matcha Gotcha|p2a: Rillaboom|[spread] p2a,p2b\n|-resisted|p2a: Rillaboom\n|-damage|p2a: Rillaboom|43\/100\n|-damage|p2b: Kangaskhan|72\/100\n|\n|-heal|p2a: Rillaboom|49\/100|[from] Grassy Terrain\n|-heal|p2b: Kangaskhan|78\/100|[from] Grassy Terrain\n|upkeep\n|turn|10\n|j| NinjaSnapple\n|l| NinjaSnapple\n|inactive|Iceberg77 has 120 seconds left.\n|\n|t:|1697908345\n|move|p1b: Sinistcha|Rage Powder|p1b: Sinistcha\n|-singleturn|p1b: Sinistcha|move: Rage Powder\n|move|p2a: Rillaboom|Grassy Glide|p1a: Tornadus\n|-resisted|p1a: Tornadus\n|-damage|p1a: Tornadus|8\/100\n|move|p1a: Tornadus|Bleakwind Storm|p2b: Kangaskhan|[spread] p2a\n|-miss|p1a: Tornadus|p2b: Kangaskhan\n|-supereffective|p2a: Rillaboom\n|-damage|p2a: Rillaboom|16\/100\n|move|p2b: Kangaskhan|Seismic Toss|p1b: Sinistcha\n|-immune|p1b: Sinistcha\n|\n|-heal|p2a: Rillaboom|22\/100|[from] Grassy Terrain\n|-heal|p2b: Kangaskhan|84\/100|[from] Grassy Terrain\n|-fieldend|move: Grassy Terrain\n|upkeep\n|turn|11\n|inactive|Iceberg77 has 120 seconds left.\n|\n|t:|1697908368\n|switch|p2a: Zamazenta|Zamazenta, tera:Poison|13\/100\n|move|p1b: Sinistcha|Rage Powder|p1b: Sinistcha\n|-singleturn|p1b: Sinistcha|move: Rage Powder\n|move|p2b: Kangaskhan|Sucker Punch||[still]\n|-fail|p2b: Kangaskhan\n|move|p1a: Tornadus|Bleakwind Storm|p2b: Kangaskhan|[spread] p2a,p2b\n|-damage|p2a: Zamazenta|0 fnt\n|-damage|p2b: Kangaskhan|68\/100\n|-unboost|p2b: Kangaskhan|spe|1\n|faint|p2a: Zamazenta\n|\n|upkeep\n|\n|t:|1697908373\n|switch|p2a: Rillaboom|Rillaboom, F|22\/100\n|-fieldstart|move: Grassy Terrain|[from] ability: Grassy Surge|[of] p2a: Rillaboom\n|turn|12\n|\n|t:|1697908383\n|switch|p1a: Zygarde|Zygarde|100\/100\n|-ability|p1a: Zygarde|Aura Break\n|move|p2b: Kangaskhan|Protect|p2b: Kangaskhan\n|-singleturn|p2b: Kangaskhan|Protect\n|move|p2a: Rillaboom|Grassy Glide|p1a: Zygarde\n|-damage|p1a: Zygarde|77\/100\n|move|p1b: Sinistcha|Life Dew||[still]|[spread] p1a,p1b\n|-heal|p1a: Zygarde|100\/100\n|-fail|p1b: Sinistcha|heal\n|\n|-heal|p2a: Rillaboom|29\/100|[from] Grassy Terrain\n|-heal|p2b: Kangaskhan|74\/100|[from] Grassy Terrain\n|upkeep\n|turn|13\n|\n|t:|1697908398\n|move|p1a: Zygarde|Extreme Speed|p2a: Rillaboom\n|-damage|p2a: Rillaboom|8\/100\n|move|p2a: Rillaboom|Grassy Glide|p1a: Zygarde\n|-damage|p1a: Zygarde|78\/100\n|move|p1b: Sinistcha|Matcha Gotcha|p2a: Rillaboom|[spread] p2a,p2b\n|-resisted|p2a: Rillaboom\n|-damage|p2a: Rillaboom|0 fnt\n|-damage|p2b: Kangaskhan|54\/100\n|faint|p2a: Rillaboom\n|move|p2b: Kangaskhan|Seismic Toss|p1a: Zygarde\n|-damage|p1a: Zygarde|54\/100\n|-damage|p1a: Zygarde|30\/100\n|-hitcount|p1a: Zygarde|2\n|\n|-heal|p1a: Zygarde|37\/100|[from] Grassy Terrain\n|-heal|p2b: Kangaskhan|60\/100|[from] Grassy Terrain\n|upkeep\n|turn|14\n|c|\u2606Eragon11145|gg\n|\n|t:|1697908409\n|move|p1a: Zygarde|Protect|p1a: Zygarde\n|-singleturn|p1a: Zygarde|Protect\n|move|p1b: Sinistcha|Life Dew||[still]|[spread] p1a,p1b\n|-heal|p1a: Zygarde|62\/100\n|-fail|p1b: Sinistcha|heal\n|move|p2b: Kangaskhan|Seismic Toss|p1a: Zygarde\n|-activate|p1a: Zygarde|move: Protect\n|\n|-heal|p1a: Zygarde|68\/100|[from] Grassy Terrain\n|-heal|p2b: Kangaskhan|66\/100|[from] Grassy Terrain\n|upkeep\n|turn|15\n|c|\u2606Iceberg77|gg\n|-message|Iceberg77 forfeited.\n|\n|win|Eragon11145\n|l| sealoo\n","uploadtime":1697908421,"views":97,"p1id":"eragon11145","p2id":"iceberg77","formatid":"gen9nationaldexdoubles","rating":0,"private":0,"password":""}