{"id":"gen9nationaldexdoubles-1975219057","p1":"annoying oranje","p2":"ChronoTrigonometry","format":"[Gen 9] National Dex Doubles","log":"|j|\u2606annoying oranje\n|j|\u2606ChronoTrigonometry\n|t:|1698171162\n|gametype|doubles\n|player|p1|annoying oranje|caitlin|\n|player|p2|ChronoTrigonometry|riley|\n|teamsize|p1|6\n|teamsize|p2|6\n|gen|9\n|tier|[Gen 9] National Dex Doubles\n|rule|HP Percentage Mod: HP is shown in percentages\n|rule|Endless Battle Clause: Forcing endless battles is banned\n|rule|OHKO Clause: OHKO moves are banned\n|rule|Evasion Moves Clause: Evasion moves are banned\n|rule|Evasion Abilities Clause: Evasion abilities are banned\n|rule|Species Clause: Limit one of each Pok\u00e9mon\n|rule|Gravity Sleep Clause: The combination of sleep-inducing moves with imperfect accuracy and Gravity or Gigantamax Orbeetle are banned\n|clearpoke\n|poke|p1|Maushold-Four|\n|poke|p1|Landorus-Therian, M|\n|poke|p1|Whimsicott, M|\n|poke|p1|Marshadow|\n|poke|p1|Virizion|\n|poke|p1|Terrakion|\n|poke|p2|Metagross|\n|poke|p2|Indeedee-F, F|\n|poke|p2|Dragonite, M|\n|poke|p2|Gholdengo|\n|poke|p2|Flamigo, F|\n|poke|p2|Amoonguss, F|\n|teampreview\n|j| AustralianJesus\n|\n|t:|1698171226\n|start\n|switch|p1a: Dugtrio mice|Maushold-Four|100\/100\n|switch|p1b: Lando Calrissian|Landorus-Therian, M|100\/100\n|switch|p2a: big meaty claws|Metagross|100\/100\n|switch|p2b: jajaja|Indeedee-F, F, shiny|100\/100\n|-ability|p1b: Lando Calrissian|Intimidate|boost\n|-fail|p2a: big meaty claws|unboost|[from] ability: Clear Body|[of] p2a: big meaty claws\n|-unboost|p2b: jajaja|atk|1\n|-fieldstart|move: Psychic Terrain|[from] ability: Psychic Surge|[of] p2b: jajaja\n|-enditem|p2b: jajaja|Psychic Seed\n|-boost|p2b: jajaja|spd|1|[from] item: Psychic Seed\n|turn|1\n|\n|t:|1698171318\n|detailschange|p2a: big meaty claws|Metagross-Mega\n|-mega|p2a: big meaty claws|Metagross|Metagrossite\n|-terastallize|p1a: Dugtrio mice|Normal\n|-terastallize|p2b: jajaja|Steel\n|move|p2b: jajaja|Follow Me|p2b: jajaja\n|-singleturn|p2b: jajaja|move: Follow Me\n|move|p1a: Dugtrio mice|Population Bomb|p2b: jajaja\n|-resisted|p2b: jajaja\n|-damage|p2b: jajaja|95\/100\n|-resisted|p2b: jajaja\n|-damage|p2b: jajaja|90\/100\n|-resisted|p2b: jajaja\n|-damage|p2b: jajaja|85\/100\n|-resisted|p2b: jajaja\n|-damage|p2b: jajaja|80\/100\n|-resisted|p2b: jajaja\n|-damage|p2b: jajaja|75\/100\n|-resisted|p2b: jajaja\n|-damage|p2b: jajaja|69\/100\n|-resisted|p2b: jajaja\n|-damage|p2b: jajaja|64\/100\n|-resisted|p2b: jajaja\n|-damage|p2b: jajaja|59\/100\n|-resisted|p2b: jajaja\n|-damage|p2b: jajaja|53\/100\n|-resisted|p2b: jajaja\n|-damage|p2b: jajaja|48\/100\n|-hitcount|p2b: jajaja|10\n|move|p1b: Lando Calrissian|Taunt|p2b: jajaja\n|-start|p2b: jajaja|move: Taunt\n|move|p2a: big meaty claws|Zen Headbutt|p1b: Lando Calrissian\n|-damage|p1b: Lando Calrissian|4\/100\n|-enditem|p1b: Lando Calrissian|Sitrus Berry|[eat]\n|-heal|p1b: Lando Calrissian|29\/100|[from] item: Sitrus Berry\n|\n|upkeep\n|turn|2\n|\n|t:|1698171378\n|switch|p2b: cheese stick|Gholdengo|100\/100\n|-item|p2b: cheese stick|Air Balloon\n|move|p1b: Lando Calrissian|Protect|p1b: Lando Calrissian\n|-singleturn|p1b: Lando Calrissian|Protect\n|move|p1a: Dugtrio mice|Population Bomb|p2b: cheese stick\n|-immune|p2b: cheese stick\n|move|p2a: big meaty claws|Agility|p2a: big meaty claws\n|-boost|p2a: big meaty claws|spe|2\n|\n|upkeep\n|turn|3\n|j| Sasha_Notices\n|\n|t:|1698171457\n|move|p2a: big meaty claws|Zen Headbutt|p1a: Dugtrio mice|[miss]\n|-miss|p2a: big meaty claws|p1a: Dugtrio mice\n|move|p1a: Dugtrio mice|Population Bomb|p2a: big meaty claws\n|-resisted|p2a: big meaty claws\n|-damage|p2a: big meaty claws|97\/100\n|-resisted|p2a: big meaty claws\n|-damage|p2a: big meaty claws|92\/100\n|-resisted|p2a: big meaty claws\n|-damage|p2a: big meaty claws|88\/100\n|-resisted|p2a: big meaty claws\n|-damage|p2a: big meaty claws|83\/100\n|-resisted|p2a: big meaty claws\n|-damage|p2a: big meaty claws|78\/100\n|-resisted|p2a: big meaty claws\n|-crit|p2a: big meaty claws\n|-damage|p2a: big meaty claws|71\/100\n|-resisted|p2a: big meaty claws\n|-crit|p2a: big meaty claws\n|-damage|p2a: big meaty claws|64\/100\n|-resisted|p2a: big meaty claws\n|-damage|p2a: big meaty claws|59\/100\n|-resisted|p2a: big meaty claws\n|-damage|p2a: big meaty claws|55\/100\n|-resisted|p2a: big meaty claws\n|-damage|p2a: big meaty claws|50\/100\n|-hitcount|p2a: big meaty claws|10\n|move|p1b: Lando Calrissian|U-turn|p2a: big meaty claws\n|-damage|p2a: big meaty claws|32\/100\n|\n|t:|1698171490\n|switch|p1b: NeighborhoodThreat|Whimsicott, M|100\/100|[from] U-turn\n|move|p2b: cheese stick|Make It Rain|p1a: Dugtrio mice|[spread] p1a,p1b\n|-supereffective|p1b: NeighborhoodThreat\n|-damage|p1a: Dugtrio mice|43\/100\n|-enditem|p1b: NeighborhoodThreat|Focus Sash\n|-damage|p1b: NeighborhoodThreat|1\/100\n|-unboost|p2b: cheese stick|spa|1\n|\n|upkeep\n|turn|4\n|\n|t:|1698171548\n|move|p1b: NeighborhoodThreat|Tailwind|p1b: NeighborhoodThreat\n|-sidestart|p1: annoying oranje|move: Tailwind\n|move|p1a: Dugtrio mice|Population Bomb|p2a: big meaty claws\n|-resisted|p2a: big meaty claws\n|-damage|p2a: big meaty claws|27\/100\n|-resisted|p2a: big meaty claws\n|-damage|p2a: big meaty claws|23\/100\n|-resisted|p2a: big meaty claws\n|-damage|p2a: big meaty claws|18\/100\n|-resisted|p2a: big meaty claws\n|-damage|p2a: big meaty claws|14\/100\n|-resisted|p2a: big meaty claws\n|-damage|p2a: big meaty claws|10\/100\n|-resisted|p2a: big meaty claws\n|-damage|p2a: big meaty claws|5\/100\n|-resisted|p2a: big meaty claws\n|-damage|p2a: big meaty claws|1\/100\n|-resisted|p2a: big meaty claws\n|-damage|p2a: big meaty claws|0 fnt\n|faint|p2a: big meaty claws\n|-hitcount|p2: big meaty claws|8\n|move|p2b: cheese stick|Shadow Ball|p1b: NeighborhoodThreat\n|-damage|p1b: NeighborhoodThreat|0 fnt\n|faint|p1b: NeighborhoodThreat\n|\n|upkeep\n|\n|t:|1698171605\n|switch|p1b: Millhouse|Terrakion|100\/100\n|switch|p2a: imposter|Amoonguss, F, shiny|100\/100\n|turn|5\n|\n|t:|1698171648\n|move|p1a: Dugtrio mice|Population Bomb|p2a: imposter\n|-damage|p2a: imposter|91\/100\n|-damage|p2a: imposter|82\/100\n|-damage|p2a: imposter|73\/100\n|-damage|p2a: imposter|65\/100\n|-damage|p2a: imposter|56\/100\n|-damage|p2a: imposter|47\/100\n|-damage|p2a: imposter|38\/100\n|-crit|p2a: imposter\n|-damage|p2a: imposter|25\/100\n|-damage|p2a: imposter|15\/100\n|-crit|p2a: imposter\n|-damage|p2a: imposter|3\/100\n|-hitcount|p2a: imposter|10\n|move|p1b: Millhouse|Rock Slide|p2b: cheese stick|[spread] p2a,p2b\n|-resisted|p2b: cheese stick\n|-damage|p2a: imposter|0 fnt\n|-damage|p2b: cheese stick|87\/100\n|-enditem|p2b: cheese stick|Air Balloon\n|faint|p2a: imposter\n|cant|p2b: cheese stick|flinch\n|\n|-fieldend|move: Psychic Terrain\n|upkeep\n|\n|t:|1698171676\n|switch|p2a: amigo|Flamigo, F|100\/100\n|-copyboost|p2a: amigo|p2b: cheese stick|[from] ability: Costar\n|turn|6\n|\n|t:|1698171687\n|move|p2a: amigo|Detect|p2a: amigo\n|-singleturn|p2a: amigo|Protect\n|move|p1a: Dugtrio mice|Beat Up|p1b: Millhouse\n|-resisted|p1b: Millhouse\n|-damage|p1b: Millhouse|98\/100\n|-ability|p1b: Millhouse|Justified|boost\n|-boost|p1b: Millhouse|atk|1\n|-resisted|p1b: Millhouse\n|-damage|p1b: Millhouse|95\/100\n|-ability|p1b: Millhouse|Justified|boost\n|-boost|p1b: Millhouse|atk|1\n|-resisted|p1b: Millhouse\n|-damage|p1b: Millhouse|92\/100\n|-ability|p1b: Millhouse|Justified|boost\n|-boost|p1b: Millhouse|atk|1\n|-resisted|p1b: Millhouse\n|-damage|p1b: Millhouse|89\/100\n|-ability|p1b: Millhouse|Justified|boost\n|-boost|p1b: Millhouse|atk|1\n|-resisted|p1b: Millhouse\n|-damage|p1b: Millhouse|87\/100\n|-ability|p1b: Millhouse|Justified|boost\n|-boost|p1b: Millhouse|atk|1\n|-hitcount|p1b: Millhouse|5\n|move|p1b: Millhouse|Rock Slide|p2a: amigo|[spread] p2b\n|-activate|p2a: amigo|move: Protect\n|-resisted|p2b: cheese stick\n|-damage|p2b: cheese stick|39\/100\n|move|p2b: cheese stick|Make It Rain|p1a: Dugtrio mice|[spread] p1a,p1b\n|-supereffective|p1b: Millhouse\n|-damage|p1a: Dugtrio mice|3\/100\n|-damage|p1b: Millhouse|20\/100\n|-unboost|p2b: cheese stick|spa|1\n|-enditem|p1b: Millhouse|Sitrus Berry|[eat]\n|-heal|p1b: Millhouse|45\/100|[from] item: Sitrus Berry\n|\n|upkeep\n|turn|7\n|\n|t:|1698171758\n|move|p2b: cheese stick|Protect|p2b: cheese stick\n|-singleturn|p2b: cheese stick|Protect\n|move|p1a: Dugtrio mice|Population Bomb|p2a: amigo\n|-damage|p2a: amigo|86\/100\n|-damage|p2a: amigo|72\/100\n|-damage|p2a: amigo|57\/100\n|-damage|p2a: amigo|41\/100\n|-damage|p2a: amigo|26\/100\n|-damage|p2a: amigo|11\/100\n|-damage|p2a: amigo|0 fnt\n|faint|p2a: amigo\n|-hitcount|p2: amigo|7\n|move|p1b: Millhouse|Iron Head|p2b: cheese stick\n|-activate|p2b: cheese stick|move: Protect\n|\n|-sideend|p1: annoying oranje|move: Tailwind\n|upkeep\n|\n|t:|1698171778\n|switch|p2a: deez nites|Dragonite, M|100\/100\n|turn|8\n|\n|t:|1698171798\n|switch|p1a: Yummy in my tummy|Marshadow|100\/100\n|move|p2a: deez nites|Extreme Speed|p1a: Yummy in my tummy\n|-immune|p1a: Yummy in my tummy\n|move|p1b: Millhouse|Rock Slide|p2b: cheese stick|[spread] p2a,p2b\n|-supereffective|p2a: deez nites\n|-resisted|p2b: cheese stick\n|-damage|p2a: deez nites|0 fnt\n|-damage|p2b: cheese stick|0 fnt\n|faint|p2a: deez nites\n|faint|p2b: cheese stick\n|\n|upkeep\n|\n|t:|1698171810\n|switch|p2a: jajaja|Indeedee-F, F, shiny, tera:Steel|48\/100\n|-fieldstart|move: Psychic Terrain|[from] ability: Psychic Surge|[of] p2a: jajaja\n|turn|9\n|\n|t:|1698171816\n|move|p1a: Yummy in my tummy|Close Combat|p2a: jajaja\n|-supereffective|p2a: jajaja\n|-crit|p2a: jajaja\n|-damage|p2a: jajaja|0 fnt\n|-unboost|p1a: Yummy in my tummy|def|1\n|-unboost|p1a: Yummy in my tummy|spd|1\n|faint|p2a: jajaja\n|\n|win|annoying oranje\n|c|\u2606ChronoTrigonometry|gg\n|c|\u2606annoying oranje|gg\n","uploadtime":1698171843,"views":11,"p1id":"annoyingoranje","p2id":"chronotrigonometry","formatid":"gen9nationaldexdoubles","rating":0,"private":0,"password":""}