{"id":"gen9nationaldexdoubles-1950423136","p1":"Luigi3641","p2":"Light_TheLurker","format":"[Gen 9] National Dex Doubles","log":"|j|\u2606Luigi3641\n|j|\u2606Light_TheLurker\n|t:|1695470922\n|gametype|doubles\n|player|p1|Luigi3641|juggler|1185\n|player|p2|Light_TheLurker|argenta|1239\n|teamsize|p1|6\n|teamsize|p2|6\n|gen|9\n|tier|[Gen 9] National Dex Doubles\n|rated|\n|rule|HP Percentage Mod: HP is shown in percentages\n|rule|Endless Battle Clause: Forcing endless battles is banned\n|rule|OHKO Clause: OHKO moves are banned\n|rule|Evasion Moves Clause: Evasion moves are banned\n|rule|Evasion Abilities Clause: Evasion abilities are banned\n|rule|Species Clause: Limit one of each Pok\u00e9mon\n|rule|Gravity Sleep Clause: The combination of sleep-inducing moves with imperfect accuracy and Gravity or Gigantamax Orbeetle are banned\n|clearpoke\n|poke|p1|Chandelure, F|\n|poke|p1|Dusknoir, M|\n|poke|p1|Torkoal, F|\n|poke|p1|Lilligant-Hisui, F|\n|poke|p1|Greninja-*, M|\n|poke|p1|Sylveon, F|\n|poke|p2|Garchomp, M|\n|poke|p2|Armarouge, M|\n|poke|p2|Meowscarada, F|\n|poke|p2|Rotom-Wash|\n|poke|p2|Mawile, F|\n|poke|p2|Sylveon, F|\n|teampreview\n|j| regkjk\n|c|\u2606Luigi3641|Glhf\n|\n|t:|1695470940\n|start\n|switch|p1a: Chandelure|Chandelure, F|100\/100\n|switch|p1b: Dusknoir|Dusknoir, M|100\/100\n|switch|p2a: Razor|Garchomp, M|100\/100\n|switch|p2b: Shinobu|Mawile, F|100\/100\n|-ability|p2b: Shinobu|Intimidate|boost\n|-unboost|p1a: Chandelure|atk|1\n|-unboost|p1b: Dusknoir|atk|1\n|-item|p2a: Razor|Loaded Dice|[from] ability: Frisk|[of] p1b: Dusknoir|[identify]\n|-item|p2b: Shinobu|Mawilite|[from] ability: Frisk|[of] p1b: Dusknoir|[identify]\n|turn|1\n|\n|t:|1695470955\n|switch|p1a: Torkoal|Torkoal, F|100\/100\n|-weather|SunnyDay|[from] ability: Drought|[of] p1a: Torkoal\n|switch|p2b: Emma|Rotom-Wash|100\/100\n|move|p2a: Razor|Earthquake|p1a: Torkoal|[spread] p1a,p1b\n|-immune|p2b: Emma|[from] ability: Levitate\n|-supereffective|p1a: Torkoal\n|-damage|p1a: Torkoal|45\/100\n|-damage|p1b: Dusknoir|68\/100\n|move|p1b: Dusknoir|Trick Room|p1b: Dusknoir\n|-fieldstart|move: Trick Room|[of] p1b: Dusknoir\n|\n|-weather|SunnyDay|[upkeep]\n|-heal|p1b: Dusknoir|74\/100|[from] item: Leftovers\n|upkeep\n|turn|2\n|\n|t:|1695470976\n|switch|p1b: Chandelure|Chandelure, F|100\/100\n|move|p1a: Torkoal|Lava Plume|p2a: Razor|[spread] p2a,p2b\n|-start|p1b: Chandelure|ability: Flash Fire\n|-resisted|p2a: Razor\n|-resisted|p2b: Emma\n|-damage|p2a: Razor|79\/100\n|-damage|p2b: Emma|78\/100\n|-status|p2a: Razor|brn\n|move|p2b: Emma|Will-O-Wisp|p1b: Chandelure\n|-immune|p1b: Chandelure|[from] ability: Flash Fire\n|move|p2a: Razor|Earthquake|p1b: Chandelure|[spread] p1a,p1b\n|-immune|p2b: Emma|[from] ability: Levitate\n|-supereffective|p1a: Torkoal\n|-supereffective|p1b: Chandelure\n|-damage|p1a: Torkoal|17\/100\n|-damage|p1b: Chandelure|61\/100\n|\n|-weather|SunnyDay|[upkeep]\n|-damage|p2a: Razor|73\/100 brn|[from] brn\n|upkeep\n|turn|3\n|\n|t:|1695471000\n|move|p1a: Torkoal|Overheat|p2b: Emma\n|-resisted|p2b: Emma\n|-damage|p2b: Emma|28\/100\n|-unboost|p1a: Torkoal|spa|2\n|-enditem|p1a: Torkoal|Eject Pack\n|-enditem|p2b: Emma|Sitrus Berry|[eat]\n|-heal|p2b: Emma|53\/100|[from] item: Sitrus Berry\n|\n|t:|1695471008\n|switch|p1a: Dusknoir|Dusknoir, M|74\/100\n|-item|p2a: Razor|Loaded Dice|[from] ability: Frisk|[of] p1a: Dusknoir|[identify]\n|move|p1b: Chandelure|Heat Wave|p2b: Emma|[spread] p2a,p2b\n|-resisted|p2a: Razor\n|-resisted|p2b: Emma\n|-damage|p2a: Razor|0 fnt\n|-damage|p2b: Emma|0 fnt\n|faint|p2a: Razor\n|faint|p2b: Emma\n|\n|-weather|SunnyDay|[upkeep]\n|-heal|p1a: Dusknoir|80\/100|[from] item: Leftovers\n|upkeep\n|\n|t:|1695471017\n|switch|p2b: Noir|Meowscarada, F|100\/100\n|switch|p2a: Gilgamesh|Armarouge, M|100\/100\n|turn|4\n|\n|t:|1695471030\n|move|p1a: Dusknoir|Rock Slide|p2b: Noir|[spread] p2a,p2b\n|-supereffective|p2a: Gilgamesh\n|-damage|p2a: Gilgamesh|73\/100\n|-damage|p2b: Noir|74\/100\n|-ability|p2a: Gilgamesh|Weak Armor|boost\n|-unboost|p2a: Gilgamesh|def|1\n|-boost|p2a: Gilgamesh|spe|2\n|-enditem|p2a: Gilgamesh|Weakness Policy\n|-boost|p2a: Gilgamesh|atk|2|[from] item: Weakness Policy\n|-boost|p2a: Gilgamesh|spa|2|[from] item: Weakness Policy\n|move|p1b: Chandelure|Heat Wave|p2a: Gilgamesh|[spread] p2a,p2b\n|-resisted|p2a: Gilgamesh\n|-crit|p2a: Gilgamesh\n|-supereffective|p2b: Noir\n|-damage|p2a: Gilgamesh|0 fnt\n|-damage|p2b: Noir|0 fnt\n|faint|p2a: Gilgamesh\n|faint|p2b: Noir\n|\n|-weather|SunnyDay|[upkeep]\n|-heal|p1a: Dusknoir|86\/100|[from] item: Leftovers\n|upkeep\n|\n|t:|1695471052\n|switch|p2a: Shinobu|Mawile, F|100\/100\n|switch|p2b: Star|Sylveon, F, shiny|100\/100\n|-ability|p2a: Shinobu|Intimidate|boost\n|-unboost|p1a: Dusknoir|atk|1\n|-unboost|p1b: Chandelure|atk|1\n|turn|5\n|\n|t:|1695471070\n|detailschange|p2a: Shinobu|Mawile-Mega, F\n|-mega|p2a: Shinobu|Mawile|Mawilite\n|move|p2a: Shinobu|Sucker Punch|p1b: Chandelure\n|-supereffective|p1b: Chandelure\n|-damage|p1b: Chandelure|0 fnt\n|faint|p1b: Chandelure\n|move|p1a: Dusknoir|Poltergeist|p2b: Star\n|-activate|p2b: Star|move: Poltergeist|Fairy Feather\n|-damage|p2b: Star|75\/100\n|move|p2b: Star|Hyper Voice|p1a: Dusknoir\n|-crit|p1a: Dusknoir\n|-damage|p1a: Dusknoir|16\/100\n|\n|-weather|none\n|-heal|p1a: Dusknoir|23\/100|[from] item: Leftovers\n|-fieldend|move: Trick Room\n|upkeep\n|\n|t:|1695471084\n|switch|p1b: Torkoal|Torkoal, F|17\/100\n|-weather|SunnyDay|[from] ability: Drought|[of] p1b: Torkoal\n|turn|6\n|\n|t:|1695471092\n|move|p2b: Star|Hyper Voice|p1b: Torkoal|[spread] p1a,p1b\n|-resisted|p1b: Torkoal\n|-damage|p1a: Dusknoir|0 fnt\n|-damage|p1b: Torkoal|0 fnt\n|faint|p1a: Dusknoir\n|faint|p1b: Torkoal\n|move|p2a: Shinobu|Iron Head|p1: Dusknoir|[notarget]\n|-fail|p2a: Shinobu\n|\n|-weather|SunnyDay|[upkeep]\n|upkeep\n|\n|t:|1695471106\n|switch|p1a: Greninja|Greninja, M|100\/100\n|switch|p1b: Sylveon|Sylveon, F|100\/100\n|turn|7\n|\n|t:|1695471117\n|move|p1a: Greninja|Weather Ball|p2a: Shinobu\n|-supereffective|p2a: Shinobu\n|-damage|p2a: Shinobu|0 fnt\n|faint|p2a: Shinobu\n|-ability|p1a: Greninja|Battle Bond|boost\n|-boost|p1a: Greninja|atk|1\n|-boost|p1a: Greninja|spa|1\n|-boost|p1a: Greninja|spe|1\n|-activate|p1a: Greninja|ability: Battle Bond\n|move|p1b: Sylveon|Mystical Fire|p2b: Star\n|-damage|p2b: Star|46\/100\n|-unboost|p2b: Star|spa|1\n|move|p2b: Star|Hyper Voice|p1b: Sylveon|[spread] p1a,p1b\n|-supereffective|p1a: Greninja\n|-crit|p1a: Greninja\n|-enditem|p1a: Greninja|Focus Sash\n|-damage|p1a: Greninja|1\/100\n|-damage|p1b: Sylveon|82\/100\n|\n|-weather|SunnyDay|[upkeep]\n|upkeep\n|turn|8\n|-message|Light_TheLurker forfeited.\n|\n|win|Luigi3641\n|raw|Luigi3641's rating: 1185 &rarr; <strong>1214<\/strong><br \/>(+29 for winning)\n|raw|Light_TheLurker's rating: 1239 &rarr; <strong>1210<\/strong><br \/>(-29 for losing)\n|l|\u2606Light_TheLurker\n","uploadtime":1695471153,"views":8,"p1id":"luigi3641","p2id":"lightthelurker","formatid":"gen9nationaldexdoubles","rating":1210,"private":0,"password":""}