{"id":"gen9nationaldexdoubles-1956446859","p1":"SammySs","p2":"Spay","format":"[Gen 9] National Dex Doubles","log":"|j|\u2606SammySs\n|j|\u2606Spay\n|t:|1696108662\n|gametype|doubles\n|player|p1|SammySs|lance|\n|player|p2|Spay|lady-gen4|\n|teamsize|p1|6\n|teamsize|p2|6\n|gen|9\n|tier|[Gen 9] National Dex Doubles\n|rule|HP Percentage Mod: HP is shown in percentages\n|rule|Endless Battle Clause: Forcing endless battles is banned\n|rule|OHKO Clause: OHKO moves are banned\n|rule|Evasion Moves Clause: Evasion moves are banned\n|rule|Evasion Abilities Clause: Evasion abilities are banned\n|rule|Species Clause: Limit one of each Pok\u00e9mon\n|rule|Gravity Sleep Clause: The combination of sleep-inducing moves with imperfect accuracy and Gravity or Gigantamax Orbeetle are banned\n|clearpoke\n|poke|p1|Palafin, F|\n|poke|p1|Urshifu-*, M|\n|poke|p1|Walking Wake|\n|poke|p1|Iron Bundle|\n|poke|p1|Ogerpon-Wellspring, F|\n|poke|p1|Pelipper, M|\n|poke|p2|Darmanitan-Galar, F|\n|poke|p2|Baxcalibur, F|\n|poke|p2|Ninetales-Alola, M|\n|poke|p2|Kyurem|\n|poke|p2|Articuno|\n|poke|p2|Avalugg-Hisui, M|\n|teampreview\n|inactive|Battle timer is ON: inactive players will automatically lose when time's up. (requested by Spay)\n|inactive|SammySs has 270 seconds left.\n|inactiveoff|Battle timer is now OFF.\n|\n|t:|1696108707\n|start\n|switch|p1a: Walking Wake|Walking Wake|100\/100\n|switch|p1b: Ogerpon|Ogerpon-Wellspring, F|100\/100\n|switch|p2a: Ninetales|Ninetales-Alola, M|100\/100\n|switch|p2b: Kyurem|Kyurem|100\/100\n|-weather|Snow|[from] ability: Snow Warning|[of] p2a: Ninetales\n|-ability|p2b: Kyurem|Pressure\n|turn|1\n|\n|t:|1696108734\n|move|p1b: Ogerpon|Play Rough|p2a: Ninetales\n|-crit|p2a: Ninetales\n|-damage|p2a: Ninetales|48\/100\n|-unboost|p2a: Ninetales|atk|1\n|move|p2a: Ninetales|Aurora Veil|p2a: Ninetales\n|-sidestart|p2: Spay|move: Aurora Veil\n|move|p1a: Walking Wake|Flamethrower|p2a: Ninetales\n|-supereffective|p2a: Ninetales\n|-damage|p2a: Ninetales|0 fnt\n|faint|p2a: Ninetales\n|move|p2b: Kyurem|Freeze-Dry|p1a: Walking Wake\n|-supereffective|p1a: Walking Wake\n|-damage|p1a: Walking Wake|0 fnt\n|faint|p1a: Walking Wake\n|-end|p1a: Walking Wake|Protosynthesis|[silent]\n|\n|-weather|Snow|[upkeep]\n|upkeep\n|\n|t:|1696108753\n|switch|p2a: Articuno|Articuno|100\/100\n|switch|p1a: Palafin|Palafin, F|100\/100\n|-ability|p2a: Articuno|Pressure\n|turn|2\n|\n|t:|1696108770\n|detailschange|p1a: Palafin|Palafin-Hero, F\n|switch|p1a: Pelipper|Pelipper, M|100\/100\n|-weather|RainDance|[from] ability: Drizzle|[of] p1a: Pelipper\n|move|p1b: Ogerpon|Play Rough|p2b: Kyurem\n|-supereffective|p2b: Kyurem\n|-damage|p2b: Kyurem|57\/100\n|-unboost|p2b: Kyurem|atk|1\n|move|p2b: Kyurem|Freeze-Dry|p1b: Ogerpon\n|-supereffective|p1b: Ogerpon\n|-damage|p1b: Ogerpon|0 fnt\n|faint|p1b: Ogerpon\n|move|p2a: Articuno|Freeze-Dry|p1a: Pelipper\n|-supereffective|p1a: Pelipper\n|-enditem|p1a: Pelipper|Focus Sash\n|-damage|p1a: Pelipper|1\/100\n|\n|-weather|RainDance|[upkeep]\n|upkeep\n|\n|t:|1696108792\n|switch|p1b: Iron Bundle|Iron Bundle|100\/100\n|-enditem|p1b: Iron Bundle|Booster Energy\n|-activate|p1b: Iron Bundle|ability: Quark Drive|[fromitem]\n|-start|p1b: Iron Bundle|quarkdrivespe\n|turn|3\n|\n|t:|1696108809\n|move|p1b: Iron Bundle|Hydro Pump|p2a: Articuno\n|-damage|p2a: Articuno|70\/100\n|move|p2b: Kyurem|Roost|p2b: Kyurem\n|-heal|p2b: Kyurem|100\/100\n|-singleturn|p2b: Kyurem|move: Roost\n|move|p2a: Articuno|U-turn|p1a: Pelipper\n|-resisted|p1a: Pelipper\n|-damage|p1a: Pelipper|0 fnt\n|faint|p1a: Pelipper\n|\n|t:|1696108820\n|switch|p2a: Baxcalibur|Baxcalibur, F|100\/100|[from] U-turn\n|\n|-weather|RainDance|[upkeep]\n|upkeep\n|\n|t:|1696108830\n|switch|p1a: Urshifu|Urshifu-Rapid-Strike, M|100\/100\n|turn|4\n|l|\u2606Spay\n|player|p2|\n|j|\u2606Spay\n|player|p2|Spay|lady-gen4\n|inactive|Battle timer is ON: inactive players will automatically lose when time's up. (requested by Spay)\n|\n|t:|1696108886\n|move|p1b: Iron Bundle|Freeze-Dry|p2a: Baxcalibur\n|-damage|p2a: Baxcalibur|75\/100\n|move|p1a: Urshifu|Close Combat|p2a: Baxcalibur\n|-supereffective|p2a: Baxcalibur\n|-damage|p2a: Baxcalibur|0 fnt\n|-unboost|p1a: Urshifu|def|1\n|-unboost|p1a: Urshifu|spd|1\n|faint|p2a: Baxcalibur\n|move|p2b: Kyurem|Freeze-Dry|p1a: Urshifu\n|-supereffective|p1a: Urshifu\n|-damage|p1a: Urshifu|0 fnt\n|faint|p1a: Urshifu\n|\n|-weather|RainDance|[upkeep]\n|upkeep\n|\n|t:|1696108902\n|switch|p2a: Darmanitan|Darmanitan-Galar, F|100\/100\n|switch|p1a: Palafin|Palafin-Hero, F|100\/100\n|-activate|p1a: Palafin|ability: Zero to Hero\n|turn|5\n|\n|t:|1696108916\n|switch|p2b: Articuno|Articuno|70\/100\n|-ability|p2b: Articuno|Pressure\n|move|p1b: Iron Bundle|Protect|p1b: Iron Bundle\n|-singleturn|p1b: Iron Bundle|Protect\n|move|p1a: Palafin|Protect|p1a: Palafin\n|-singleturn|p1a: Palafin|Protect\n|move|p2a: Darmanitan|Earthquake|p1a: Palafin|[spread] \n|-activate|p1a: Palafin|move: Protect\n|-activate|p1b: Iron Bundle|move: Protect\n|-immune|p2b: Articuno\n|\n|-weather|RainDance|[upkeep]\n|upkeep\n|turn|6\n|inactive|SammySs has 270 seconds left.\n|c|\u2606SammySs|!weak water\n|c| SammySs|\/raw <div class=\"infobox\">Water:<br \/><span class=\"message-effect-weak\">Weaknesses<\/span>: Electric, Grass<br \/><span class=\"message-effect-resist\">Resistances<\/span>: Fire, Ice, Steel, Water<br \/><span class=\"message-effect-immune\">Immunities<\/span>: <font color=#999999>None<\/font><\/div>\n|\n|t:|1696108964\n|move|p1b: Iron Bundle|Hydro Pump|p2a: Darmanitan\n|-damage|p2a: Darmanitan|16\/100\n|move|p2a: Darmanitan|Earthquake|p1b: Iron Bundle|[spread] p1a,p1b\n|-immune|p2b: Articuno\n|-damage|p1a: Palafin|64\/100\n|-damage|p1b: Iron Bundle|48\/100\n|move|p1a: Palafin|Substitute|p1a: Palafin\n|-start|p1a: Palafin|Substitute\n|-damage|p1a: Palafin|39\/100\n|move|p2b: Articuno|Roost|p2b: Articuno\n|-heal|p2b: Articuno|100\/100\n|-singleturn|p2b: Articuno|move: Roost\n|\n|-weather|none\n|upkeep\n|turn|7\n|\n|t:|1696108988\n|move|p1a: Palafin|Jet Punch|p2a: Darmanitan\n|-damage|p2a: Darmanitan|0 fnt\n|faint|p2a: Darmanitan\n|move|p1b: Iron Bundle|Hydro Pump|p2b: Articuno|[miss]\n|-miss|p1b: Iron Bundle|p2b: Articuno\n|move|p2b: Articuno|Freeze-Dry|p1a: Palafin\n|-supereffective|p1a: Palafin\n|-crit|p1a: Palafin\n|-end|p1a: Palafin|Substitute\n|\n|upkeep\n|\n|t:|1696109001\n|switch|p2a: Kyurem|Kyurem|100\/100\n|-ability|p2a: Kyurem|Pressure\n|turn|8\n|\n|t:|1696109013\n|move|p1b: Iron Bundle|Protect|p1b: Iron Bundle\n|-singleturn|p1b: Iron Bundle|Protect\n|move|p1a: Palafin|Protect|p1a: Palafin\n|-singleturn|p1a: Palafin|Protect\n|move|p2a: Kyurem|Earth Power|p1b: Iron Bundle\n|-activate|p1b: Iron Bundle|move: Protect\n|move|p2b: Articuno|Freeze-Dry|p1a: Palafin\n|-activate|p1a: Palafin|move: Protect\n|\n|-sideend|p2: Spay|move: Aurora Veil\n|upkeep\n|turn|9\n|inactive|SammySs has 270 seconds left.\n|\n|t:|1696109052\n|-terastallize|p1a: Palafin|Water\n|move|p1b: Iron Bundle|Icy Wind|p2b: Articuno|[spread] p2a,p2b\n|-damage|p2a: Kyurem|82\/100\n|-damage|p2b: Articuno|88\/100\n|-unboost|p2a: Kyurem|spe|1\n|-unboost|p2b: Articuno|spe|1\n|move|p1a: Palafin|Wave Crash|p2b: Articuno\n|-damage|p2b: Articuno|0 fnt\n|faint|p2b: Articuno\n|-damage|p1a: Palafin|10\/100|[from] Recoil\n|move|p2a: Kyurem|Earth Power|p1b: Iron Bundle\n|-damage|p1b: Iron Bundle|0 fnt\n|faint|p1b: Iron Bundle\n|-end|p1b: Iron Bundle|Quark Drive|[silent]\n|\n|upkeep\n|l|\u2606Spay\n|inactive|Spay disconnected and has 300 seconds to reconnect!\n|player|p2|\n|j|\u2606Spay\n|inactive|Spay reconnected and has 285 seconds left.\n|player|p2|Spay|lady-gen4\n|inactive|Spay has 270 seconds left.\n|\n|t:|1696109076\n|switch|p2b: Avalugg|Avalugg-Hisui, M|100\/100\n|turn|10\n|\n|t:|1696109100\n|move|p1a: Palafin|Jet Punch|p2b: Avalugg\n|-supereffective|p2b: Avalugg\n|-damage|p2b: Avalugg|32\/100\n|move|p2a: Kyurem|Freeze-Dry|p1a: Palafin\n|-supereffective|p1a: Palafin\n|-damage|p1a: Palafin|0 fnt\n|faint|p1a: Palafin\n|\n|win|Spay\n","uploadtime":1696109110,"views":4,"p1id":"sammyss","p2id":"spay","formatid":"gen9nationaldexdoubles","rating":0,"private":0,"password":""}