{"id":"gen9nationaldexdoubles-1975167110","p1":"cristalves","p2":"multiingbe","format":"[Gen 9] National Dex Doubles","log":"|j|\u2606cristalves\n|j|\u2606multiingbe\n|t:|1698167094\n|gametype|doubles\n|player|p1|cristalves|hilbert-wonderlauncher|1044\n|player|p2|multiingbe|kimonogirl|1000\n|teamsize|p1|6\n|teamsize|p2|6\n|gen|9\n|tier|[Gen 9] National Dex Doubles\n|rated|\n|rule|HP Percentage Mod: HP is shown in percentages\n|rule|Endless Battle Clause: Forcing endless battles is banned\n|rule|OHKO Clause: OHKO moves are banned\n|rule|Evasion Moves Clause: Evasion moves are banned\n|rule|Evasion Abilities Clause: Evasion abilities are banned\n|rule|Species Clause: Limit one of each Pok\u00e9mon\n|rule|Gravity Sleep Clause: The combination of sleep-inducing moves with imperfect accuracy and Gravity or Gigantamax Orbeetle are banned\n|clearpoke\n|poke|p1|Pelipper, M|\n|poke|p1|Basculegion, M|\n|poke|p1|Farigiraf, F|\n|poke|p1|Falinks|\n|poke|p1|Walking Wake|\n|poke|p1|Abomasnow, M|\n|poke|p2|Azumarill, F|\n|poke|p2|Zebstrika, M|\n|poke|p2|Tapu Lele|\n|poke|p2|Ditto|\n|poke|p2|Absol, F|\n|poke|p2|Comfey, F|\n|teampreview\n|\n|t:|1698167105\n|start\n|switch|p1a: Pelipper|Pelipper, M, shiny|100\/100\n|switch|p1b: ghost fish|Basculegion, M|100\/100\n|switch|p2a: Hynwayod|Zebstrika, M|100\/100\n|switch|p2b: Etudelki|Azumarill, F|100\/100\n|-weather|RainDance|[from] ability: Drizzle|[of] p1a: Pelipper\n|turn|1\n|\n|t:|1698167140\n|-terastallize|p2a: Hynwayod|Electric\n|move|p1b: ghost fish|Flip Turn|p2a: Hynwayod\n|-damage|p2a: Hynwayod|32\/100\n|\n|t:|1698167150\n|switch|p1b: Abomas|Abomasnow, M|100\/100|[from] Flip Turn\n|-weather|Snow|[from] ability: Snow Warning|[of] p1b: Abomas\n|move|p1a: Pelipper|Tailwind|p1a: Pelipper\n|-sidestart|p1: cristalves|move: Tailwind\n|move|p2a: Hynwayod|Thunderbolt|p1a: Pelipper\n|-supereffective|p1a: Pelipper\n|-damage|p1a: Pelipper|0 fnt\n|faint|p1a: Pelipper\n|move|p2b: Etudelki|Ice Punch|p1b: Abomas\n|-damage|p1b: Abomas|77\/100\n|\n|-weather|Snow|[upkeep]\n|-heal|p2a: Hynwayod|39\/100|[from] item: Leftovers\n|upkeep\n|\n|t:|1698167180\n|switch|p1a: suicune rex|Walking Wake|100\/100\n|-enditem|p1a: suicune rex|Booster Energy\n|-activate|p1a: suicune rex|ability: Protosynthesis|[fromitem]\n|-start|p1a: suicune rex|protosynthesisspa\n|turn|2\n|\n|t:|1698167210\n|detailschange|p1b: Abomas|Abomasnow-Mega, M\n|-mega|p1b: Abomas|Abomasnow|Abomasite\n|-terastallize|p1a: suicune rex|Water\n|move|p1a: suicune rex|Hydro Steam|p2b: Etudelki\n|-resisted|p2b: Etudelki\n|-damage|p2b: Etudelki|82\/100\n|move|p2a: Hynwayod|Flame Charge|p1b: Abomas\n|-supereffective|p1b: Abomas\n|-damage|p1b: Abomas|50\/100\n|-boost|p2a: Hynwayod|spe|1\n|move|p1b: Abomas|Focus Blast|p2a: Hynwayod\n|-damage|p2a: Hynwayod|0 fnt\n|faint|p2a: Hynwayod\n|move|p2b: Etudelki|Ice Punch|p1a: suicune rex\n|-resisted|p1a: suicune rex\n|-damage|p1a: suicune rex|85\/100\n|\n|-weather|Snow|[upkeep]\n|upkeep\n|\n|t:|1698167230\n|switch|p2a: Mwuessdeti|Ditto|100\/100\n|-transform|p2a: Mwuessdeti|p1b: Abomas|[from] ability: Imposter\n|turn|3\n|\n|t:|1698167263\n|-end|p1a: suicune rex|Protosynthesis|[silent]\n|switch|p1a: the six idiots|Falinks|100\/100\n|move|p1b: Abomas|Focus Blast|p2a: Mwuessdeti|[miss]\n|-miss|p1b: Abomas|p2a: Mwuessdeti\n|move|p2b: Etudelki|Ice Punch|p1b: Abomas\n|-damage|p1b: Abomas|33\/100\n|move|p2a: Mwuessdeti|Aurora Veil|p2a: Mwuessdeti\n|-sidestart|p2: multiingbe|move: Aurora Veil\n|\n|-weather|Snow|[upkeep]\n|upkeep\n|turn|4\n|\n|t:|1698167290\n|switch|p2a: Tapu Lele|Tapu Lele|100\/100\n|-fieldstart|move: Psychic Terrain|[from] ability: Psychic Surge|[of] p2a: Tapu Lele\n|move|p1a: the six idiots|First Impression|p2a: Tapu Lele\n|-activate|p2a: Tapu Lele|move: Psychic Terrain\n|move|p1b: Abomas|Giga Drain|p2b: Etudelki\n|-supereffective|p2b: Etudelki\n|-damage|p2b: Etudelki|50\/100\n|-heal|p1b: Abomas|48\/100|[from] drain|[of] p2b: Etudelki\n|move|p2b: Etudelki|Liquidation|p1a: the six idiots\n|-damage|p1a: the six idiots|44\/100\n|\n|-weather|Snow|[upkeep]\n|-sideend|p1: cristalves|move: Tailwind\n|upkeep\n|turn|5\n|\n|t:|1698167311\n|move|p2a: Tapu Lele|Psychic|p1b: Abomas\n|-damage|p1b: Abomas|0 fnt\n|faint|p1b: Abomas\n|move|p1a: the six idiots|Iron Head|p2a: Tapu Lele\n|-supereffective|p2a: Tapu Lele\n|-damage|p2a: Tapu Lele|43\/100\n|-damage|p1a: the six idiots|34\/100|[from] item: Life Orb\n|move|p2b: Etudelki|Liquidation|p1a: the six idiots\n|-damage|p1a: the six idiots|0 fnt\n|faint|p1a: the six idiots\n|\n|-weather|none\n|upkeep\n|\n|t:|1698167323\n|switch|p1a: suicune rex|Walking Wake, tera:Water|85\/100\n|switch|p1b: ghost fish|Basculegion, M|100\/100\n|turn|6\n|\n|t:|1698167339\n|switch|p2a: Mwuessdeti|Ditto|100\/100\n|-transform|p2a: Mwuessdeti|p1b: ghost fish|[from] ability: Imposter\n|move|p1a: suicune rex|Aqua Jet|p2a: Mwuessdeti\n|-activate|p2a: Mwuessdeti|move: Psychic Terrain\n|move|p1b: ghost fish|Aqua Jet|p2a: Mwuessdeti\n|-activate|p2a: Mwuessdeti|move: Psychic Terrain\n|move|p2b: Etudelki|Body Slam|p1a: suicune rex\n|-damage|p1a: suicune rex|51\/100\n|-status|p1a: suicune rex|par\n|\n|upkeep\n|turn|7\n|\n|t:|1698167382\n|move|p1b: ghost fish|Last Respects|p2a: Mwuessdeti|[miss]\n|-miss|p1b: ghost fish|p2a: Mwuessdeti\n|move|p2a: Mwuessdeti|Flip Turn|p1b: ghost fish\n|-resisted|p1b: ghost fish\n|-damage|p1b: ghost fish|87\/100\n|\n|t:|1698167389\n|switch|p2a: Tapu Lele|Tapu Lele|43\/100|[from] Flip Turn\n|move|p1a: suicune rex|Knock Off|p2b: Etudelki\n|-resisted|p2b: Etudelki\n|-damage|p2b: Etudelki|43\/100\n|-enditem|p2b: Etudelki|Assault Vest|[from] move: Knock Off|[of] p1a: suicune rex\n|move|p2b: Etudelki|Body Slam|p1a: suicune rex\n|-damage|p1a: suicune rex|19\/100 par\n|\n|-sideend|p2: multiingbe|move: Aurora Veil\n|upkeep\n|turn|8\n|\n|t:|1698167409\n|switch|p2b: Veledmej|Comfey, F|100\/100\n|cant|p1a: suicune rex|par\n|move|p2a: Tapu Lele|Moonblast|p1a: suicune rex\n|-damage|p1a: suicune rex|0 fnt\n|faint|p1a: suicune rex\n|-end|p1a: suicune rex|Protosynthesis|[silent]\n|move|p1b: ghost fish|Last Respects|p2a: Tapu Lele\n|-supereffective|p2a: Tapu Lele\n|-damage|p2a: Tapu Lele|0 fnt\n|faint|p2a: Tapu Lele\n|\n|-fieldend|move: Psychic Terrain\n|upkeep\n|\n|t:|1698167424\n|switch|p1a: Farigiraf|Farigiraf, F|100\/100\n|switch|p2a: Etudelki|Azumarill, F|43\/100\n|turn|9\n|\n|t:|1698167448\n|move|p2b: Veledmej|Floral Healing|p2a: Etudelki\n|-heal|p2a: Etudelki|93\/100\n|move|p1b: ghost fish|Last Respects|p2a: Etudelki\n|-damage|p2a: Etudelki|0 fnt\n|faint|p2a: Etudelki\n|move|p1a: Farigiraf|Nasty Plot|p1a: Farigiraf\n|-boost|p1a: Farigiraf|spa|2\n|\n|upkeep\n|\n|t:|1698167458\n|switch|p2a: Refivirsant|Absol, F|100\/100\n|-ability|p2a: Refivirsant|Pressure\n|turn|10\n|\n|t:|1698167475\n|detailschange|p2a: Refivirsant|Absol-Mega, F\n|-mega|p2a: Refivirsant|Absol|Absolite\n|move|p2b: Veledmej|Ally Switch|p2b: Veledmej\n|swap|p2b: Veledmej|0|[from] move: Ally Switch\n|move|p2b: Refivirsant|Knock Off|p1b: ghost fish\n|-supereffective|p1b: ghost fish\n|-damage|p1b: ghost fish|0 fnt\n|-enditem|p1b: ghost fish|Assault Vest|[from] move: Knock Off|[of] p2b: Refivirsant\n|faint|p1b: ghost fish\n|move|p1a: Farigiraf|Psychic|p2b: Refivirsant\n|-immune|p2b: Refivirsant\n|\n|upkeep\n|turn|11\n|-message|cristalves forfeited.\n|\n|win|multiingbe\n|raw|cristalves's rating: 1044 &rarr; <strong>1025<\/strong><br \/>(-19 for losing)\n|raw|multiingbe's rating: 1000 &rarr; <strong>1045<\/strong><br \/>(+45 for winning)\n|l|\u2606cristalves\n","uploadtime":1698167489,"views":4,"p1id":"cristalves","p2id":"multiingbe","formatid":"gen9nationaldexdoubles","rating":1025,"private":0,"password":""}