{"id":"gen9nationaldexdoubles-1973046143","p1":"Savant5","p2":"tiny.flame","format":"[Gen 9] National Dex Doubles","log":"|j|\u2606Savant5\n|j|\u2606tiny.flame\n|t:|1697921824\n|gametype|doubles\n|player|p1|Savant5|170|\n|player|p2|tiny.flame|erika-masters2|\n|teamsize|p1|4\n|teamsize|p2|6\n|gen|9\n|tier|[Gen 9] National Dex Doubles\n|rule|HP Percentage Mod: HP is shown in percentages\n|rule|Endless Battle Clause: Forcing endless battles is banned\n|rule|OHKO Clause: OHKO moves are banned\n|rule|Evasion Moves Clause: Evasion moves are banned\n|rule|Evasion Abilities Clause: Evasion abilities are banned\n|rule|Species Clause: Limit one of each Pok\u00e9mon\n|rule|Gravity Sleep Clause: The combination of sleep-inducing moves with imperfect accuracy and Gravity or Gigantamax Orbeetle are banned\n|clearpoke\n|poke|p1|Palafin, F|\n|poke|p1|Coalossal, M|\n|poke|p1|Pelipper, F|\n|poke|p1|Torkoal, M|\n|poke|p2|Ninetales-Alola, F|\n|poke|p2|Froslass, F|\n|poke|p2|Frosmoth, M|\n|poke|p2|Cetitan, F|\n|poke|p2|Lapras, M|\n|poke|p2|Abomasnow, F|\n|teampreview\n|\n|t:|1697921829\n|start\n|switch|p1a: Palafin|Palafin, F|100\/100\n|switch|p1b: Coalossal|Coalossal, M|100\/100\n|switch|p2a: Ninetales|Ninetales-Alola, F|100\/100\n|switch|p2b: Lapras|Lapras, M|100\/100\n|-weather|Snow|[from] ability: Snow Warning|[of] p2a: Ninetales\n|turn|1\n|\n|t:|1697921879\n|-terastallize|p1b: Coalossal|Water\n|move|p2a: Ninetales|Aurora Veil|p2a: Ninetales\n|-sidestart|p2: tiny.flame|move: Aurora Veil\n|move|p1a: Palafin|Flip Turn|p1b: Coalossal\n|-resisted|p1b: Coalossal\n|-damage|p1b: Coalossal|94\/100\n|-ability|p1b: Coalossal|Steam Engine|boost\n|-boost|p1b: Coalossal|spe|6\n|-enditem|p1b: Coalossal|Absorb Bulb\n|-boost|p1b: Coalossal|spa|1|[from] item: Absorb Bulb\n|\n|t:|1697921888\n|detailschange|p1a: Palafin|Palafin-Hero, F\n|switch|p1a: Torkoal|Torkoal, M|100\/100|[from] Flip Turn\n|-weather|SunnyDay|[from] ability: Drought|[of] p1a: Torkoal\n|move|p1b: Coalossal|Heat Wave|p2a: Ninetales|[spread] p2a,p2b\n|-supereffective|p2a: Ninetales\n|-crit|p2a: Ninetales\n|-damage|p2a: Ninetales|0 fnt\n|-damage|p2b: Lapras|62\/100\n|faint|p2a: Ninetales\n|move|p2b: Lapras|Hydro Pump|p1b: Coalossal\n|-resisted|p1b: Coalossal\n|-damage|p1b: Coalossal|77\/100\n|\n|-weather|SunnyDay|[upkeep]\n|upkeep\n|\n|t:|1697921909\n|switch|p2a: Froslass|Froslass, F|100\/100\n|turn|2\n|\n|t:|1697921917\n|move|p1b: Coalossal|Heat Wave|p2b: Lapras|[spread] p2a,p2b\n|-supereffective|p2a: Froslass\n|-enditem|p2a: Froslass|Focus Sash\n|-damage|p2a: Froslass|1\/100\n|-damage|p2b: Lapras|22\/100\n|move|p2a: Froslass|Destiny Bond|p2a: Froslass\n|-singlemove|p2a: Froslass|Destiny Bond\n|move|p2b: Lapras|Hydro Pump|p1a: Torkoal\n|-supereffective|p1a: Torkoal\n|-damage|p1a: Torkoal|0 fnt\n|faint|p1a: Torkoal\n|\n|-weather|SunnyDay|[upkeep]\n|upkeep\n|\n|t:|1697921932\n|switch|p1a: Palafin|Palafin-Hero, F|100\/100\n|-activate|p1a: Palafin|ability: Zero to Hero\n|turn|3\n|\n|t:|1697921965\n|switch|p2b: Abomasnow|Abomasnow, F|100\/100\n|-weather|Snow|[from] ability: Snow Warning|[of] p2b: Abomasnow\n|move|p1b: Coalossal|Power Gem|p2b: Abomasnow\n|-supereffective|p2b: Abomasnow\n|-damage|p2b: Abomasnow|24\/100\n|move|p2a: Froslass|Shadow Ball|p1a: Palafin\n|-crit|p1a: Palafin\n|-damage|p1a: Palafin|53\/100\n|-unboost|p1a: Palafin|spd|1\n|move|p1a: Palafin|Blizzard|p2b: Abomasnow|[spread] p2a,p2b\n|-resisted|p2a: Froslass\n|-damage|p2a: Froslass|0 fnt\n|-damage|p2b: Abomasnow|5\/100\n|faint|p2a: Froslass\n|\n|-weather|Snow|[upkeep]\n|-heal|p1a: Palafin|59\/100|[from] item: Leftovers\n|upkeep\n|\n|t:|1697922009\n|switch|p2a: Frosmoth|Frosmoth, M|100\/100\n|turn|4\n|\n|t:|1697922020\n|move|p1b: Coalossal|Heat Wave|p2b: Abomasnow|[spread] p2a,p2b\n|-supereffective|p2a: Frosmoth\n|-supereffective|p2b: Abomasnow\n|-damage|p2a: Frosmoth|20\/100\n|-damage|p2b: Abomasnow|0 fnt\n|faint|p2b: Abomasnow\n|move|p1a: Palafin|Flip Turn|p2a: Frosmoth\n|-damage|p2a: Frosmoth|0 fnt\n|faint|p2a: Frosmoth\n|\n|t:|1697922028\n|switch|p1a: Pelipper|Pelipper, F|100\/100|[from] Flip Turn\n|-weather|RainDance|[from] ability: Drizzle|[of] p1a: Pelipper\n|\n|-weather|RainDance|[upkeep]\n|upkeep\n|\n|t:|1697922034\n|switch|p2b: Lapras|Lapras, M|22\/100\n|switch|p2a: Cetitan|Cetitan, F|100\/100\n|turn|5\n|\n|t:|1697922060\n|move|p1b: Coalossal|Power Gem|p2b: Lapras\n|-supereffective|p2b: Lapras\n|-damage|p2b: Lapras|0 fnt\n|faint|p2b: Lapras\n|move|p2a: Cetitan|Icicle Crash|p1b: Coalossal\n|-resisted|p1b: Coalossal\n|-damage|p1b: Coalossal|60\/100\n|move|p1a: Pelipper|Scald|p2a: Cetitan\n|-damage|p2a: Cetitan|63\/100\n|\n|-weather|RainDance|[upkeep]\n|upkeep\n|turn|6\n|\n|t:|1697922084\n|move|p1b: Coalossal|Power Gem|p2a: Cetitan\n|-supereffective|p2a: Cetitan\n|-damage|p2a: Cetitan|0 fnt\n|faint|p2a: Cetitan\n|\n|win|Savant5\n","uploadtime":1697922100,"views":11,"p1id":"savant5","p2id":"tinyflame","formatid":"gen9nationaldexdoubles","rating":0,"private":0,"password":""}