{"id":"gen9nationaldexdoubles-1960770215","p1":"MosheahVOWS","p2":"LowksterP","format":"[Gen 9] National Dex Doubles","log":"|j|\u2606MosheahVOWS\n|j|\u2606LowksterP\n|t:|1696554685\n|gametype|doubles\n|player|p1|MosheahVOWS|burglar|1120\n|player|p2|LowksterP|striker|1102\n|teamsize|p1|6\n|teamsize|p2|6\n|gen|9\n|tier|[Gen 9] National Dex Doubles\n|rated|\n|rule|HP Percentage Mod: HP is shown in percentages\n|rule|Endless Battle Clause: Forcing endless battles is banned\n|rule|OHKO Clause: OHKO moves are banned\n|rule|Evasion Moves Clause: Evasion moves are banned\n|rule|Evasion Abilities Clause: Evasion abilities are banned\n|rule|Species Clause: Limit one of each Pok\u00e9mon\n|rule|Gravity Sleep Clause: The combination of sleep-inducing moves with imperfect accuracy and Gravity or Gigantamax Orbeetle are banned\n|clearpoke\n|poke|p1|Skarmory, F|\n|poke|p1|Tapu Koko|\n|poke|p1|Latios, M|\n|poke|p1|Gallade, M|\n|poke|p1|Heatran, M|\n|poke|p1|Iron Hands|\n|poke|p2|Dodrio, M|\n|poke|p2|Golduck, M|\n|poke|p2|Primeape, M|\n|poke|p2|Arcanine, M|\n|poke|p2|Hypno, M|\n|poke|p2|Parasect, M|\n|teampreview\n|c|\u2606MosheahVOWS|this team looks misleadingly tough\n|inactive|Battle timer is ON: inactive players will automatically lose when time's up. (requested by MosheahVOWS)\n|\n|t:|1696554743\n|start\n|switch|p1a: Tapu Koko|Tapu Koko|100\/100\n|switch|p1b: Iron Hands|Iron Hands|100\/100\n|switch|p2a: Arcanine|Arcanine, M, shiny|100\/100\n|switch|p2b: Dodrio|Dodrio, M, shiny|100\/100\n|-fieldstart|move: Electric Terrain|[from] ability: Electric Surge|[of] p1a: Tapu Koko\n|-activate|p1b: Iron Hands|ability: Quark Drive\n|-start|p1b: Iron Hands|quarkdriveatk\n|-ability|p2a: Arcanine|Intimidate|boost\n|-unboost|p1a: Tapu Koko|atk|1\n|-unboost|p1b: Iron Hands|atk|1\n|turn|1\n|inactive|MosheahVOWS has 120 seconds left.\n|\n|t:|1696554788\n|switch|p2b: Parasect|Parasect, M, shiny|100\/100\n|move|p1b: Iron Hands|Protect|p1b: Iron Hands\n|-singleturn|p1b: Iron Hands|Protect\n|move|p1a: Tapu Koko|Volt Switch|p2b: Parasect\n|-resisted|p2b: Parasect\n|-crit|p2b: Parasect\n|-damage|p2b: Parasect|61\/100\n|\n|t:|1696554800\n|switch|p1a: Heatran|Heatran, M|100\/100|[from] Volt Switch\n|move|p2a: Arcanine|Mud-Slap|p1b: Iron Hands\n|-activate|p1b: Iron Hands|move: Protect\n|\n|-heal|p2b: Parasect|67\/100|[from] item: Leftovers\n|upkeep\n|turn|2\n|inactive|MosheahVOWS has 120 seconds left.\n|j| Creator Cyrus\n|\n|t:|1696554828\n|switch|p2b: Golduck|Golduck, M, shiny|100\/100\n|-ability|p2b: Golduck|Cloud Nine\n|-terastallize|p1a: Heatran|Grass\n|move|p2a: Arcanine|Will-O-Wisp|p1b: Iron Hands\n|-status|p1b: Iron Hands|brn\n|move|p1a: Heatran|Heat Wave|p2a: Arcanine|[spread] p2a,p2b\n|-resisted|p2a: Arcanine\n|-resisted|p2b: Golduck\n|-damage|p2a: Arcanine|78\/100\n|-damage|p2b: Golduck|78\/100\n|-status|p2b: Golduck|brn\n|move|p1b: Iron Hands|Thunder Punch|p2a: Arcanine\n|-crit|p2a: Arcanine\n|-damage|p2a: Arcanine|22\/100\n|\n|-heal|p2a: Arcanine|29\/100|[from] item: Leftovers\n|-heal|p2b: Golduck|84\/100 brn|[from] item: Leftovers\n|-damage|p2b: Golduck|78\/100 brn|[from] brn\n|-damage|p1b: Iron Hands|94\/100 brn|[from] brn\n|upkeep\n|turn|3\n|inactive|MosheahVOWS has 120 seconds left.\n|inactive|LowksterP has 120 seconds left.\n|\n|t:|1696554871\n|move|p2a: Arcanine|Mud-Slap|p1b: Iron Hands\n|-supereffective|p1b: Iron Hands\n|-damage|p1b: Iron Hands|87\/100 brn\n|-unboost|p1b: Iron Hands|accuracy|1\n|move|p2b: Golduck|Nasty Plot|p2b: Golduck\n|-boost|p2b: Golduck|spa|2\n|move|p1a: Heatran|Tera Blast|p2b: Golduck|[anim] Tera Blast Grass\n|-supereffective|p2b: Golduck\n|-damage|p2b: Golduck|0 fnt\n|faint|p2b: Golduck\n|move|p1b: Iron Hands|Swords Dance|p1b: Iron Hands\n|-boost|p1b: Iron Hands|atk|2\n|\n|-heal|p2a: Arcanine|35\/100|[from] item: Leftovers\n|-heal|p1b: Iron Hands|93\/100 brn|[from] item: Leftovers\n|-damage|p1b: Iron Hands|87\/100 brn|[from] brn\n|upkeep\n|\n|t:|1696554889\n|switch|p2b: Hypno|Hypno, M, shiny|100\/100\n|turn|4\n|inactive|MosheahVOWS has 120 seconds left.\n|inactive|LowksterP has 120 seconds left.\n|l| Creator Cyrus\n|\n|t:|1696554909\n|move|p2a: Arcanine|Mud-Slap|p1a: Heatran\n|-resisted|p1a: Heatran\n|-damage|p1a: Heatran|99\/100\n|-unboost|p1a: Heatran|accuracy|1\n|move|p1a: Heatran|Earth Power|p2a: Arcanine|[miss]\n|-miss|p1a: Heatran|p2a: Arcanine\n|move|p2b: Hypno|Nasty Plot|p2b: Hypno\n|-boost|p2b: Hypno|spa|2\n|move|p1b: Iron Hands|Thunder Punch|p2b: Hypno\n|-damage|p2b: Hypno|48\/100\n|\n|-heal|p2a: Arcanine|41\/100|[from] item: Leftovers\n|-heal|p2b: Hypno|54\/100|[from] item: Leftovers\n|-heal|p1b: Iron Hands|93\/100 brn|[from] item: Leftovers\n|-damage|p1b: Iron Hands|87\/100 brn|[from] brn\n|upkeep\n|turn|5\n|inactive|MosheahVOWS has 120 seconds left.\n|inactive|LowksterP has 120 seconds left.\n|inactive|LowksterP has 90 seconds left.\n|\n|t:|1696554970\n|-end|p1b: Iron Hands|Quark Drive|[silent]\n|switch|p1b: Tapu Koko|Tapu Koko|100\/100\n|move|p2a: Arcanine|Mud-Slap|p1a: Heatran\n|-resisted|p1a: Heatran\n|-damage|p1a: Heatran|98\/100\n|-unboost|p1a: Heatran|accuracy|1\n|move|p1a: Heatran|Earth Power|p2a: Arcanine\n|-supereffective|p2a: Arcanine\n|-damage|p2a: Arcanine|0 fnt\n|faint|p2a: Arcanine\n|move|p2b: Hypno|Draining Kiss|p1b: Tapu Koko\n|-damage|p1b: Tapu Koko|64\/100\n|-heal|p2b: Hypno|79\/100|[from] drain|[of] p1b: Tapu Koko\n|\n|-heal|p2b: Hypno|85\/100|[from] item: Leftovers\n|-fieldend|move: Electric Terrain\n|upkeep\n|\n|t:|1696554988\n|switch|p2a: Primeape|Primeape, M, shiny|100\/100\n|turn|6\n|inactive|MosheahVOWS has 120 seconds left.\n|inactive|LowksterP has 60 seconds left.\n|\n|t:|1696555035\n|move|p1b: Tapu Koko|Dazzling Gleam|p2b: Hypno|[spread] p2a,p2b\n|-supereffective|p2a: Primeape\n|-crit|p2b: Hypno\n|-damage|p2a: Primeape|34\/100\n|-damage|p2b: Hypno|37\/100\n|move|p2a: Primeape|Stone Edge|p1b: Tapu Koko\n|-crit|p1b: Tapu Koko\n|-damage|p1b: Tapu Koko|10\/100\n|move|p1a: Heatran|Heat Wave|p2b: Hypno|[spread] p2a,p2b\n|-damage|p2a: Primeape|0 fnt\n|-damage|p2b: Hypno|0 fnt\n|faint|p2a: Primeape\n|faint|p2b: Hypno\n|\n|upkeep\n|\n|t:|1696555046\n|switch|p2a: Parasect|Parasect, M, shiny|67\/100\n|switch|p2b: Dodrio|Dodrio, M, shiny|100\/100\n|turn|7\n|inactive|LowksterP has 60 seconds left.\n|\n|t:|1696555064\n|move|p1b: Tapu Koko|Roost|p1b: Tapu Koko\n|-heal|p1b: Tapu Koko|60\/100\n|-singleturn|p1b: Tapu Koko|move: Roost\n|-zpower|p2b: Dodrio\n|move|p2b: Dodrio|Z-Acupressure|p2b: Dodrio|[anim]Acupressure\n|-start|p2b: Dodrio|move: Focus Energy|[zeffect]\n|-boost|p2b: Dodrio|def|2\n|move|p1a: Heatran|Heat Wave|p2a: Parasect|[spread] p2a,p2b\n|-supereffective|p2a: Parasect\n|-damage|p2a: Parasect|0 fnt\n|-damage|p2b: Dodrio|44\/100\n|faint|p2a: Parasect\n|\n|upkeep\n|turn|8\n|inactive|LowksterP has 60 seconds left.\n|\n|t:|1696555084\n|switch|p1a: Skarmory|Skarmory, F|100\/100\n|move|p1b: Tapu Koko|Volt Switch|p2b: Dodrio\n|-supereffective|p2b: Dodrio\n|-damage|p2b: Dodrio|0 fnt\n|faint|p2b: Dodrio\n|\n|win|MosheahVOWS\n|raw|MosheahVOWS's rating: 1120 &rarr; <strong>1144<\/strong><br \/>(+24 for winning)\n|raw|LowksterP's rating: 1102 &rarr; <strong>1078<\/strong><br \/>(-24 for losing)\n|l|\u2606LowksterP\n","uploadtime":1696555100,"views":9,"p1id":"mosheahvows","p2id":"lowksterp","formatid":"gen9nationaldexdoubles","rating":1078,"private":0,"password":""}