{"id":"gen9nationaldexdoubles-1954573289","p1":"lbwllj","p2":"wssgdsb","format":"[Gen 9] National Dex Doubles","log":"|j|\u2606lbwllj\n|j|\u2606wssgdsb\n|t:|1695909784\n|gametype|doubles\n|player|p1|lbwllj|picnicker|1169\n|player|p2|wssgdsb|teamrocket|1394\n|teamsize|p1|6\n|teamsize|p2|6\n|gen|9\n|tier|[Gen 9] National Dex Doubles\n|rated|\n|rule|HP Percentage Mod: HP is shown in percentages\n|rule|Endless Battle Clause: Forcing endless battles is banned\n|rule|OHKO Clause: OHKO moves are banned\n|rule|Evasion Moves Clause: Evasion moves are banned\n|rule|Evasion Abilities Clause: Evasion abilities are banned\n|rule|Species Clause: Limit one of each Pok\u00e9mon\n|rule|Gravity Sleep Clause: The combination of sleep-inducing moves with imperfect accuracy and Gravity or Gigantamax Orbeetle are banned\n|clearpoke\n|poke|p1|Porygon-Z|\n|poke|p1|Abomasnow, F|\n|poke|p1|Blastoise, M|\n|poke|p1|Tauros-Paldea-Blaze, M|\n|poke|p1|Masquerain, F|\n|poke|p1|Chi-Yu|\n|poke|p2|Kangaskhan, F|\n|poke|p2|Tornadus, M|\n|poke|p2|Flutter Mane|\n|poke|p2|Incineroar, M|\n|poke|p2|Urshifu-*, F|\n|poke|p2|Landorus-Therian, M|\n|teampreview\n|c|\u2606wssgdsb|\u6211\u53bb\n|c|\u2606wssgdsb|\u51e0\u767elbw\n|c|\u2606lbwllj|\u597d\u597d\u597d\n|c|\u2606wssgdsb|\u53c8\u662f\u4ec0\u4e48\u62bd\u8c61\u961f\n|c|\u2606lbwllj|\u597d\u73a9\u7684\n|c|\u2606wssgdsb|\u53d1\u7fa4\u91cc\u7684\u90a3\u4e2a\uff1f\n|c|\u2606wssgdsb|\u7b49\u6211\u53bb\u5427\u4f60\u914d\u7f6e\u770b\u4e86\u518d\u8bf4\n|c|\u2606lbwllj|yes\n|c|\u2606lbwllj|\u4f60byd\n|c|\u2606wssgdsb|\u522b\u6025\n|c|\u2606wssgdsb|\u7b49\u6211\u4f1a\u513f\n|\n|t:|1695910009\n|start\n|switch|p1a: Porygon-Z|Porygon-Z|100\/100\n|switch|p1b: Blastoise|Blastoise, M|100\/100\n|switch|p2a: Tornadus|Tornadus, M|100\/100\n|switch|p2b: Flutter Mane|Flutter Mane|100\/100\n|-enditem|p2b: Flutter Mane|Booster Energy\n|-activate|p2b: Flutter Mane|ability: Protosynthesis|[fromitem]\n|-start|p2b: Flutter Mane|protosynthesisspa\n|turn|1\n|\n|t:|1695910027\n|-terastallize|p2b: Flutter Mane|Electric\n|move|p1b: Blastoise|Fake Out|p2a: Tornadus\n|-damage|p2a: Tornadus|92\/100\n|move|p2a: Tornadus|Taunt|p1a: Porygon-Z\n|-start|p1a: Porygon-Z|move: Taunt\n|move|p2b: Flutter Mane|Thunderbolt|p1b: Blastoise\n|-supereffective|p1b: Blastoise\n|-damage|p1b: Blastoise|16\/100\n|-zpower|p1a: Porygon-Z\n|move|p1a: Porygon-Z|Z-Conversion|p1a: Porygon-Z|[anim]Conversion\n|-boost|p1a: Porygon-Z|atk|1|[zeffect]\n|-boost|p1a: Porygon-Z|def|1|[zeffect]\n|-boost|p1a: Porygon-Z|spa|1|[zeffect]\n|-boost|p1a: Porygon-Z|spd|1|[zeffect]\n|-boost|p1a: Porygon-Z|spe|1|[zeffect]\n|-start|p1a: Porygon-Z|typechange|Ice\n|\n|-heal|p1b: Blastoise|22\/100|[from] item: Leftovers\n|upkeep\n|turn|2\n|c|\u2606wssgdsb|\u6211\u8d85\n|c|\u2606wssgdsb|z\u62db\u5f0f\u4e0d\u53d7\u6311\u8845\n|c|\u2606lbwllj|yes\n|c|\u2606lbwllj|\u6240\u4ee5\u4f60tm\u8fd8\u662f\u770b\u4e86\u662f\u5427\n|\n|t:|1695910075\n|switch|p2a: Urshifu|Urshifu-Rapid-Strike, F|100\/100\n|switch|p1b: Abomasnow|Abomasnow, F|100\/100\n|-weather|Snow|[from] ability: Snow Warning|[of] p1b: Abomasnow\n|move|p1a: Porygon-Z|Blizzard|p2b: Flutter Mane|[spread] p2a,p2b\n|-resisted|p2a: Urshifu\n|-damage|p2a: Urshifu|26\/100\n|-damage|p2b: Flutter Mane|19\/100\n|move|p2b: Flutter Mane|Moonblast|p1a: Porygon-Z\n|-crit|p1a: Porygon-Z\n|-damage|p1a: Porygon-Z|0 fnt\n|faint|p1a: Porygon-Z\n|\n|-weather|Snow|[upkeep]\n|upkeep\n|c|\u2606wssgdsb|\u4e0d\u662f\u6211\u8bf4\n|c|\u2606wssgdsb|\u51e0\u628a\u90fd\u77e5\u9053\u591a\u53d8\u517d\u8981\u5e26z\n|c|\u2606lbwllj|\u90a3\u6211\u662f\u5510\u6c0f\n|c|\u2606wssgdsb|\u4e0d\u7eb9\u7406z\u591a\u8fb9\u517d\u600e\u4e48\u73a9\n|\n|t:|1695910124\n|switch|p1a: Blastoise|Blastoise, M|22\/100\n|turn|3\n|\n|t:|1695910140\n|detailschange|p1b: Abomasnow|Abomasnow-Mega, F\n|-mega|p1b: Abomasnow|Abomasnow|Abomasite\n|move|p1a: Blastoise|Fake Out|p2b: Flutter Mane\n|-crit|p2b: Flutter Mane\n|-damage|p2b: Flutter Mane|2\/100\n|cant|p2b: Flutter Mane|flinch\n|move|p2a: Urshifu|Close Combat|p1b: Abomasnow\n|-supereffective|p1b: Abomasnow\n|-damage|p1b: Abomasnow|6\/100\n|-unboost|p2a: Urshifu|def|1\n|-unboost|p2a: Urshifu|spd|1\n|-damage|p2a: Urshifu|16\/100|[from] item: Life Orb\n|move|p1b: Abomasnow|Blizzard|p2a: Urshifu|[spread] p2a,p2b\n|-resisted|p2a: Urshifu\n|-damage|p2a: Urshifu|0 fnt\n|-damage|p2b: Flutter Mane|0 fnt\n|faint|p2a: Urshifu\n|faint|p2b: Flutter Mane\n|-end|p2b: Flutter Mane|Protosynthesis|[silent]\n|\n|-weather|Snow|[upkeep]\n|-heal|p1a: Blastoise|28\/100|[from] item: Leftovers\n|upkeep\n|c|\u2606wssgdsb|\u6c9f\u8bd5\u529b\u5ea6\n|c|\u2606wssgdsb|\u50bb\u903c\u6c34\u718a\n|c|\u2606lbwllj|\u51b0\u7cfb1.5\u7269\u9632\n|\n|t:|1695910192\n|switch|p2b: Tornadus|Tornadus, M|92\/100\n|switch|p2a: Landorus|Landorus-Therian, M|100\/100\n|-ability|p2a: Landorus|Intimidate|boost\n|-unboost|p1a: Blastoise|atk|1\n|-unboost|p1b: Abomasnow|atk|1\n|turn|4\n|c|\u2606wssgdsb|\u6211\u77e5\u9053\n|\n|t:|1695910220\n|switch|p2a: Incineroar|Incineroar, M|100\/100\n|-ability|p2a: Incineroar|Intimidate|boost\n|-unboost|p1a: Blastoise|atk|1\n|-unboost|p1b: Abomasnow|atk|1\n|switch|p1a: Chi-Yu|Chi-Yu|100\/100\n|-ability|p1a: Chi-Yu|Beads of Ruin\n|switch|p1b: Tauros|Tauros-Paldea-Blaze, M|100\/100\n|-ability|p1b: Tauros|Intimidate|boost\n|-unboost|p2a: Incineroar|atk|1\n|-unboost|p2b: Tornadus|atk|1\n|move|p2b: Tornadus|Bleakwind Storm|p1a: Chi-Yu|[spread] \n|-miss|p2b: Tornadus|p1a: Chi-Yu\n|-miss|p2b: Tornadus|p1b: Tauros\n|\n|-weather|Snow|[upkeep]\n|upkeep\n|turn|5\n|c|\u2606wssgdsb|\u597d\u597d\u597d\n|c|\u2606wssgdsb|\u9f99\u5377\u4e91\u4e5f\u662f\u4e2ajb\n|\n|t:|1695910271\n|move|p2a: Incineroar|Fake Out|p1a: Chi-Yu\n|-damage|p1a: Chi-Yu|87\/100\n|move|p2b: Tornadus|Tailwind|p2b: Tornadus\n|-sidestart|p2: wssgdsb|move: Tailwind\n|cant|p1a: Chi-Yu|flinch\n|move|p1b: Tauros|Raging Bull|p2b: Tornadus\n|-damage|p2b: Tornadus|47\/100\n|\n|-weather|Snow|[upkeep]\n|upkeep\n|turn|6\n|\n|t:|1695910297\n|switch|p2a: Landorus|Landorus-Therian, M|100\/100\n|-ability|p2a: Landorus|Intimidate|boost\n|-unboost|p1a: Chi-Yu|atk|1\n|-unboost|p1b: Tauros|atk|1\n|move|p1a: Chi-Yu|Protect|p1a: Chi-Yu\n|-singleturn|p1a: Chi-Yu|Protect\n|move|p2b: Tornadus|Bleakwind Storm|p1b: Tauros|[spread] \n|-activate|p1a: Chi-Yu|move: Protect\n|-miss|p2b: Tornadus|p1b: Tauros\n|move|p1b: Tauros|Raging Bull|p2b: Tornadus\n|-damage|p2b: Tornadus|12\/100\n|\n|-weather|none\n|upkeep\n|turn|7\n|c|\u2606wssgdsb|wnm\n|c|\u2606lbwllj|\u4e50\n|\n|t:|1695910329\n|switch|p2b: Incineroar|Incineroar, M|100\/100\n|-ability|p2b: Incineroar|Intimidate|boost\n|-unboost|p1a: Chi-Yu|atk|1\n|-unboost|p1b: Tauros|atk|1\n|move|p2a: Landorus|Earthquake|p1b: Tauros|[spread] p2b,p1a,p1b\n|-supereffective|p2b: Incineroar\n|-crit|p2b: Incineroar\n|-supereffective|p1a: Chi-Yu\n|-supereffective|p1b: Tauros\n|-damage|p2b: Incineroar|8\/100\n|-damage|p1a: Chi-Yu|0 fnt\n|-damage|p1b: Tauros|24\/100\n|-enditem|p2b: Incineroar|Aguav Berry|[eat]\n|-heal|p2b: Incineroar|41\/100|[from] item: Aguav Berry\n|faint|p1a: Chi-Yu\n|move|p1b: Tauros|Raging Bull|p2b: Incineroar\n|-resisted|p2b: Incineroar\n|-damage|p2b: Incineroar|33\/100\n|\n|upkeep\n|\n|t:|1695910343\n|switch|p1a: Masquerain|Masquerain, F|100\/100\n|-ability|p1a: Masquerain|Intimidate|boost\n|-unboost|p2a: Landorus|atk|1\n|-unboost|p2b: Incineroar|atk|1\n|turn|8\n|\n|t:|1695910358\n|move|p2b: Incineroar|Fake Out|p1b: Tauros\n|-damage|p1b: Tauros|17\/100\n|-zpower|p2a: Landorus\n|move|p2a: Landorus|Supersonic Skystrike|p1a: Masquerain|[zeffect]\n|-supereffective|p1a: Masquerain\n|-damage|p1a: Masquerain|0 fnt\n|faint|p1a: Masquerain\n|cant|p1b: Tauros|flinch\n|\n|-sideend|p2: wssgdsb|move: Tailwind\n|upkeep\n|c|\u2606wssgdsb|\u9f99\u5377\u4e91\u6536\u94b1\n|\n|t:|1695910366\n|switch|p1a: Blastoise|Blastoise, M|28\/100\n|turn|9\n|\n|t:|1695910376\n|switch|p2b: Tornadus|Tornadus, M|12\/100\n|move|p1b: Tauros|Protect|p1b: Tauros\n|-singleturn|p1b: Tauros|Protect\n|move|p2a: Landorus|Earthquake|p1b: Tauros|[spread] p1a\n|-activate|p1b: Tauros|move: Protect\n|-immune|p2b: Tornadus\n|-damage|p1a: Blastoise|4\/100\n|move|p1a: Blastoise|Hydro Pump|p2a: Landorus\n|-supereffective|p2a: Landorus\n|-damage|p2a: Landorus|18\/100\n|\n|-heal|p1a: Blastoise|10\/100|[from] item: Leftovers\n|upkeep\n|turn|10\n|\n|t:|1695910392\n|switch|p1a: Abomasnow|Abomasnow-Mega, F|6\/100\n|-weather|Snow|[from] ability: Snow Warning|[of] p1a: Abomasnow\n|move|p2b: Tornadus|Tailwind|p2b: Tornadus\n|-sidestart|p2: wssgdsb|move: Tailwind\n|move|p2a: Landorus|Earthquake|p1b: Tauros|[spread] p1a,p1b\n|-immune|p2b: Tornadus\n|-resisted|p1a: Abomasnow\n|-supereffective|p1b: Tauros\n|-damage|p1a: Abomasnow|0 fnt\n|-damage|p1b: Tauros|0 fnt\n|faint|p1a: Abomasnow\n|faint|p1b: Tauros\n|\n|-weather|Snow|[upkeep]\n|upkeep\n|\n|t:|1695910402\n|switch|p1b: Blastoise|Blastoise, M|10\/100\n|turn|11\n|\n|t:|1695910409\n|move|p1b: Blastoise|Fake Out|p2b: Tornadus\n|-damage|p2b: Tornadus|2\/100\n|move|p2a: Landorus|Stomping Tantrum|p1b: Blastoise\n|-damage|p1b: Blastoise|0 fnt\n|faint|p1b: Blastoise\n|\n|win|wssgdsb\n|raw|lbwllj's rating: 1169 &rarr; <strong>1158<\/strong><br \/>(-11 for losing)\n|raw|wssgdsb's rating: 1394 &rarr; <strong>1403<\/strong><br \/>(+9 for winning)\n|c|\u2606wssgdsb|\u54c8\u54c8\u55e8\n","uploadtime":1695910419,"views":11,"p1id":"lbwllj","p2id":"wssgdsb","formatid":"gen9nationaldexdoubles","rating":1158,"private":0,"password":""}