{"id":"gen9nationaldexdoubles-1956912339","p1":"LeanyBreak","p2":"TheMegaKirby","format":"[Gen 9] National Dex Doubles","log":"|j|\u2606LeanyBreak\n|j|\u2606TheMegaKirby\n|t:|1696169101\n|gametype|doubles\n|player|p1|LeanyBreak|hilbert|\n|player|p2|TheMegaKirby|blackbelt-gen4dp|\n|teamsize|p1|6\n|teamsize|p2|6\n|gen|9\n|tier|[Gen 9] National Dex Doubles\n|rule|HP Percentage Mod: HP is shown in percentages\n|rule|Endless Battle Clause: Forcing endless battles is banned\n|rule|OHKO Clause: OHKO moves are banned\n|rule|Evasion Moves Clause: Evasion moves are banned\n|rule|Evasion Abilities Clause: Evasion abilities are banned\n|rule|Species Clause: Limit one of each Pok\u00e9mon\n|rule|Gravity Sleep Clause: The combination of sleep-inducing moves with imperfect accuracy and Gravity or Gigantamax Orbeetle are banned\n|clearpoke\n|poke|p1|Marshadow|\n|poke|p1|Tinkaton, F|\n|poke|p1|Cinderace, M|\n|poke|p1|Arcanine, M|\n|poke|p1|Gardevoir, F|\n|poke|p1|Shaymin|\n|poke|p2|Umbreon, F|\n|poke|p2|Gyarados, M|\n|poke|p2|Dragonite, F|\n|poke|p2|Alakazam, M|\n|poke|p2|Steelix, M|\n|poke|p2|Venusaur, M|\n|teampreview\n|c|\u2606LeanyBreak|This team is not even really made to be good, I just felt silly\n|c|\u2606TheMegaKirby|same\n|c|\u2606TheMegaKirby|did you choose already\n|c|\u2606LeanyBreak|Yeah.\n|c|\u2606TheMegaKirby|odd, i also chose. let's try again.\n|c|\u2606LeanyBreak|Don't tell me it already farted itself lol\n|c|\u2606TheMegaKirby|it did\n|\n|t:|1696169217\n|start\n|switch|p1a: KEL|Cinderace, M|100\/100\n|switch|p1b: HERO|Arcanine, M|100\/100\n|switch|p2a: Umbreon|Umbreon, F|100\/100\n|switch|p2b: Steelix|Steelix, M|100\/100\n|turn|1\n|c|\u2606LeanyBreak|Oh\n|\n|t:|1696169236\n|move|p1a: KEL|Pyro Ball|p2b: Steelix\n|-supereffective|p2b: Steelix\n|-damage|p2b: Steelix|25\/100\n|-enditem|p2b: Steelix|Aguav Berry|[eat]\n|-heal|p2b: Steelix|58\/100|[from] item: Aguav Berry\n|move|p1b: HERO|Attract|p2a: Umbreon\n|-start|p2a: Umbreon|Attract\n|-activate|p2a: Umbreon|move: Attract|[of] p1b: HERO\n|cant|p2a: Umbreon|Attract\n|move|p2b: Steelix|Rock Slide|p1a: KEL|[spread] p1a,p1b\n|-supereffective|p1a: KEL\n|-supereffective|p1b: HERO\n|-crit|p1b: HERO\n|-damage|p1a: KEL|66\/100\n|-damage|p1b: HERO|67\/100\n|\n|upkeep\n|turn|2\n|\n|t:|1696169264\n|switch|p1b: BASIL|Shaymin|100\/100\n|-end|p2a: Umbreon|Attract|[silent]\n|move|p1a: KEL|Pyro Ball|p2b: Steelix\n|-supereffective|p2b: Steelix\n|-damage|p2b: Steelix|0 fnt\n|faint|p2b: Steelix\n|move|p2a: Umbreon|Yawn|p1a: KEL\n|-start|p1a: KEL|move: Yawn|[of] p2a: Umbreon\n|\n|upkeep\n|\n|t:|1696169275\n|switch|p2b: Dragonite|Dragonite, F|100\/100\n|turn|3\n|\n|t:|1696169286\n|move|p1a: KEL|U-turn|p2a: Umbreon\n|-supereffective|p2a: Umbreon\n|-damage|p2a: Umbreon|62\/100\n|\n|t:|1696169291\n|switch|p1a: AUBREY|Tinkaton, F|100\/100|[from] U-turn\n|-ability|p1a: AUBREY|Mold Breaker\n|move|p1b: BASIL|Leech Seed|p2b: Dragonite\n|-start|p2b: Dragonite|move: Leech Seed\n|move|p2b: Dragonite|Flamethrower|p1b: BASIL\n|-supereffective|p1b: BASIL\n|-damage|p1b: BASIL|67\/100\n|move|p2a: Umbreon|Substitute|p2a: Umbreon\n|-start|p2a: Umbreon|Substitute\n|-damage|p2a: Umbreon|38\/100\n|\n|-damage|p2b: Dragonite|88\/100|[from] Leech Seed|[of] p1b: BASIL\n|-heal|p1b: BASIL|78\/100|[silent]\n|upkeep\n|turn|4\n|\n|t:|1696169321\n|move|p1b: BASIL|Leech Seed||[still]\n|-fail|p1b: BASIL\n|move|p2b: Dragonite|Fly||[still]\n|-prepare|p2b: Dragonite|Fly\n|move|p1a: AUBREY|Gigaton Hammer|p2b: Dragonite|[miss]\n|-miss|p1a: AUBREY|p2b: Dragonite\n|move|p2a: Umbreon|Moonlight|p2a: Umbreon\n|-heal|p2a: Umbreon|88\/100\n|\n|-damage|p2b: Dragonite|76\/100|[from] Leech Seed|[of] p1b: BASIL\n|-heal|p1b: BASIL|89\/100|[silent]\n|upkeep\n|turn|5\n|\n|t:|1696169344\n|switch|p1b: OMORI|Marshadow|100\/100\n|move|p2b: Dragonite|Fly|p1b: OMORI|[from]lockedmove\n|-supereffective|p1b: OMORI\n|-damage|p1b: OMORI|0 fnt\n|faint|p1b: OMORI\n|move|p1a: AUBREY|Brick Break|p2a: Umbreon\n|-supereffective|p2a: Umbreon\n|-end|p2a: Umbreon|Substitute\n|move|p2a: Umbreon|Yawn|p1a: AUBREY\n|-start|p1a: AUBREY|move: Yawn|[of] p2a: Umbreon\n|\n|upkeep\n|c|\u2606LeanyBreak|Ouch.\n|c|\u2606LeanyBreak|I had a brain fart lol\n|c|\u2606TheMegaKirby|omori did succumb\n|c|\u2606LeanyBreak|True\n|\n|t:|1696169388\n|switch|p1b: MARI|Gardevoir, F, shiny|100\/100\n|turn|6\n|\n|t:|1696169412\n|move|p1b: MARI|Helping Hand|p1a: AUBREY\n|-singleturn|p1a: AUBREY|Helping Hand|[of] p1b: MARI\n|move|p2b: Dragonite|Dragon Dance|p2b: Dragonite\n|-boost|p2b: Dragonite|atk|1\n|-boost|p2b: Dragonite|spe|1\n|move|p1a: AUBREY|Gigaton Hammer|p2a: Umbreon\n|-damage|p2a: Umbreon|0 fnt\n|faint|p2a: Umbreon\n|\n|-damage|p2b: Dragonite|64\/100|[from] Leech Seed|[of] p1b: MARI\n|-end|p1a: AUBREY|move: Yawn|[silent]\n|-status|p1a: AUBREY|slp\n|upkeep\n|c|\u2606LeanyBreak|There goes that Umbreon's skull\n|c|\u2606LeanyBreak|It got fractured\n|\n|t:|1696169440\n|switch|p2a: Gyarados|Gyarados, M|100\/100\n|-ability|p2a: Gyarados|Intimidate|boost\n|-unboost|p1a: AUBREY|atk|1\n|-unboost|p1b: MARI|atk|1\n|turn|7\n|\n|t:|1696169462\n|move|p2b: Dragonite|Fly||[still]\n|-prepare|p2b: Dragonite|Fly\n|move|p2a: Gyarados|Ice Beam|p1a: AUBREY\n|-resisted|p1a: AUBREY\n|-damage|p1a: AUBREY|96\/100 slp\n|cant|p1a: AUBREY|slp\n|move|p1b: MARI|Draining Kiss|p2b: Dragonite|[miss]\n|-miss|p1b: MARI|p2b: Dragonite\n|\n|-damage|p2b: Dragonite|51\/100|[from] Leech Seed|[of] p1b: MARI\n|upkeep\n|turn|8\n|\n|t:|1696169483\n|move|p2b: Dragonite|Fly|p1b: MARI|[from]lockedmove\n|-damage|p1b: MARI|13\/100\n|move|p2a: Gyarados|Earthquake|p1a: AUBREY|[spread] p1a,p1b\n|-immune|p2b: Dragonite\n|-supereffective|p1a: AUBREY\n|-damage|p1a: AUBREY|50\/100 slp\n|-damage|p1b: MARI|0 fnt\n|faint|p1b: MARI\n|cant|p1a: AUBREY|slp\n|\n|upkeep\n|c|\u2606LeanyBreak|And Mari went back to the graveyard\n|\n|t:|1696169504\n|switch|p1b: BASIL|Shaymin|89\/100\n|turn|9\n|c|\u2606TheMegaKirby|damn\n|\n|t:|1696169518\n|move|p2b: Dragonite|Flamethrower|p1a: AUBREY\n|-supereffective|p1a: AUBREY\n|-damage|p1a: AUBREY|25\/100 slp\n|move|p2a: Gyarados|Ice Beam|p1b: BASIL\n|-supereffective|p1b: BASIL\n|-damage|p1b: BASIL|69\/100\n|move|p1b: BASIL|Bullet Seed|p2a: Gyarados\n|-damage|p2a: Gyarados|89\/100\n|-damage|p2a: Gyarados|80\/100\n|-hitcount|p2a: Gyarados|2\n|-curestatus|p1a: AUBREY|slp|[msg]\n|move|p1a: AUBREY|Knock Off|p2b: Dragonite\n|-damage|p2b: Dragonite|37\/100\n|-enditem|p2b: Dragonite|Aguav Berry|[from] move: Knock Off|[of] p1a: AUBREY\n|\n|-damage|p2b: Dragonite|25\/100|[from] Leech Seed|[of] p1b: BASIL\n|-heal|p1b: BASIL|80\/100|[silent]\n|upkeep\n|turn|10\n|\n|t:|1696169550\n|move|p2b: Dragonite|Roost|p2b: Dragonite\n|-heal|p2b: Dragonite|75\/100\n|-singleturn|p2b: Dragonite|move: Roost\n|move|p2a: Gyarados|Hydro Pump|p1a: AUBREY|[miss]\n|-miss|p2a: Gyarados|p1a: AUBREY\n|move|p1b: BASIL|Leaf Storm|p2a: Gyarados\n|-damage|p2a: Gyarados|32\/100\n|-unboost|p1b: BASIL|spa|2\n|move|p1a: AUBREY|Gigaton Hammer|p2b: Dragonite\n|-damage|p2b: Dragonite|37\/100\n|\n|-damage|p2b: Dragonite|25\/100|[from] Leech Seed|[of] p1b: BASIL\n|-heal|p1b: BASIL|91\/100|[silent]\n|upkeep\n|turn|11\n|\n|t:|1696169573\n|move|p2b: Dragonite|Flamethrower|p1a: AUBREY\n|-supereffective|p1a: AUBREY\n|-damage|p1a: AUBREY|2\/100\n|move|p2a: Gyarados|Ice Beam|p1b: BASIL\n|-supereffective|p1b: BASIL\n|-damage|p1b: BASIL|70\/100\n|move|p1b: BASIL|Magical Leaf|p2a: Gyarados\n|-damage|p2a: Gyarados|20\/100\n|-enditem|p2a: Gyarados|Aguav Berry|[eat]\n|-heal|p2a: Gyarados|54\/100|[from] item: Aguav Berry\n|move|p1a: AUBREY|Brutal Swing|p2a: Gyarados|[spread] p1b,p2a,p2b\n|-damage|p1b: BASIL|64\/100\n|-damage|p2a: Gyarados|46\/100\n|-damage|p2b: Dragonite|17\/100\n|\n|-damage|p2b: Dragonite|5\/100|[from] Leech Seed|[of] p1b: BASIL\n|-heal|p1b: BASIL|75\/100|[silent]\n|upkeep\n|turn|12\n|c|\u2606LeanyBreak|Damn that Aubrey is built on nanomachines\n|\n|t:|1696169614\n|move|p2b: Dragonite|Fly||[still]\n|-prepare|p2b: Dragonite|Fly\n|move|p2a: Gyarados|Earthquake|p1a: AUBREY|[spread] p1a,p1b\n|-miss|p2a: Gyarados|p2b: Dragonite\n|-supereffective|p1a: AUBREY\n|-resisted|p1b: BASIL\n|-damage|p1a: AUBREY|0 fnt\n|-damage|p1b: BASIL|67\/100\n|faint|p1a: AUBREY\n|move|p1b: BASIL|Magical Leaf|p2b: Dragonite|[miss]\n|-miss|p1b: BASIL|p2b: Dragonite\n|\n|-damage|p2b: Dragonite|0 fnt|[from] Leech Seed|[of] p1b: BASIL\n|-heal|p1b: BASIL|71\/100|[silent]\n|faint|p2b: Dragonite\n|upkeep\n|c|\u2606TheMegaKirby|bro fell from the skies\n|\n|t:|1696169637\n|switch|p2b: Alakazam|Alakazam, M|100\/100\n|switch|p1a: HERO|Arcanine, M|67\/100\n|turn|13\n|c|\u2606LeanyBreak|Yup\n|\n|t:|1696169657\n|move|p2b: Alakazam|Substitute|p2b: Alakazam\n|-start|p2b: Alakazam|Substitute\n|-damage|p2b: Alakazam|76\/100\n|move|p2a: Gyarados|Hydro Pump|p1a: HERO|[miss]\n|-miss|p2a: Gyarados|p1a: HERO\n|move|p1b: BASIL|Leech Seed|p2a: Gyarados\n|-start|p2a: Gyarados|move: Leech Seed\n|move|p1a: HERO|Charm|p2a: Gyarados\n|-unboost|p2a: Gyarados|atk|2\n|\n|-damage|p2a: Gyarados|34\/100|[from] Leech Seed|[of] p1b: BASIL\n|-heal|p1b: BASIL|82\/100|[silent]\n|upkeep\n|turn|14\n|\n|t:|1696169688\n|move|p2b: Alakazam|Psychic|p1a: HERO\n|-damage|p1a: HERO|26\/100\n|move|p2a: Gyarados|Earthquake|p1a: HERO|[spread] p2b,p1a,p1b\n|-activate|p2b: Alakazam|move: Substitute|[damage]\n|-supereffective|p1a: HERO\n|-resisted|p1b: BASIL\n|-damage|p1a: HERO|5\/100\n|-damage|p1b: BASIL|79\/100\n|move|p1b: BASIL|Leaf Storm|p2a: Gyarados\n|-damage|p2a: Gyarados|9\/100\n|-unboost|p1b: BASIL|spa|2\n|move|p1a: HERO|Roar|p2b: Alakazam\n|drag|p2b: Venusaur|Venusaur, M|100\/100\n|\n|-damage|p2a: Gyarados|0 fnt|[from] Leech Seed|[of] p1b: BASIL\n|-heal|p1b: BASIL|86\/100|[silent]\n|faint|p2a: Gyarados\n|upkeep\n|\n|t:|1696169704\n|switch|p2a: Alakazam|Alakazam, M|76\/100\n|turn|15\n|\n|t:|1696169720\n|move|p2a: Alakazam|Psychic|p1a: HERO\n|-damage|p1a: HERO|0 fnt\n|faint|p1a: HERO\n|move|p2b: Venusaur|Sleep Powder|p1b: BASIL\n|-immune|p1b: BASIL\n|move|p1b: BASIL|Leech Seed|p2a: Alakazam\n|-start|p2a: Alakazam|move: Leech Seed\n|\n|-damage|p2a: Alakazam|63\/100|[from] Leech Seed|[of] p1b: BASIL\n|-heal|p1b: BASIL|96\/100|[silent]\n|upkeep\n|\n|t:|1696169729\n|switch|p1a: KEL|Cinderace, M|66\/100\n|turn|16\n|\n|t:|1696169743\n|move|p1a: KEL|Pyro Ball|p2b: Venusaur\n|-supereffective|p2b: Venusaur\n|-enditem|p2b: Venusaur|Focus Sash\n|-damage|p2b: Venusaur|1\/100\n|move|p2a: Alakazam|Psychic|p1a: KEL\n|-damage|p1a: KEL|12\/100\n|move|p2b: Venusaur|Sludge Bomb|p1a: KEL\n|-damage|p1a: KEL|0 fnt\n|faint|p1a: KEL\n|move|p1b: BASIL|Leaf Storm|p2a: Alakazam|[miss]\n|-miss|p1b: BASIL|p2a: Alakazam\n|\n|-damage|p2a: Alakazam|51\/100|[from] Leech Seed|[of] p1b: BASIL\n|-heal|p1b: BASIL|100\/100|[silent]\n|upkeep\n|turn|17\n|c|\u2606LeanyBreak|Fun fact, I had a Z-Move on OMORI\n|\n|t:|1696169779\n|move|p2a: Alakazam|Psychic|p1b: BASIL\n|-crit|p1b: BASIL\n|-damage|p1b: BASIL|52\/100\n|move|p2b: Venusaur|Synthesis|p2b: Venusaur\n|-heal|p2b: Venusaur|51\/100\n|move|p1b: BASIL|Magical Leaf|p2b: Venusaur\n|-resisted|p2b: Venusaur\n|-damage|p2b: Venusaur|48\/100\n|\n|-damage|p2a: Alakazam|38\/100|[from] Leech Seed|[of] p1b: BASIL\n|-heal|p1b: BASIL|61\/100|[silent]\n|upkeep\n|turn|18\n|\n|t:|1696169801\n|-terastallize|p1b: BASIL|Grass\n|move|p2a: Alakazam|Psychic|p1b: BASIL\n|-damage|p1b: BASIL|31\/100\n|move|p2b: Venusaur|Giga Drain|p1b: BASIL\n|-resisted|p1b: BASIL\n|-damage|p1b: BASIL|21\/100\n|-heal|p2b: Venusaur|55\/100|[from] drain|[of] p1b: BASIL\n|move|p1b: BASIL|Bullet Seed|p2a: Alakazam\n|-damage|p2a: Alakazam|17\/100\n|-damage|p2a: Alakazam|0 fnt\n|faint|p2a: Alakazam\n|-hitcount|p2: Alakazam|2\n|\n|upkeep\n|turn|19\n|\n|t:|1696169820\n|move|p2b: Venusaur|Sludge Bomb|p1b: BASIL\n|-supereffective|p1b: BASIL\n|-damage|p1b: BASIL|0 fnt\n|faint|p1b: BASIL\n|\n|win|TheMegaKirby\n|c|\u2606LeanyBreak|That was surprisingly close, GG.\n|c|\u2606TheMegaKirby|gg\n|c|\u2606TheMegaKirby|also true\n","uploadtime":1696169833,"views":15,"p1id":"leanybreak","p2id":"themegakirby","formatid":"gen9nationaldexdoubles","rating":0,"private":0,"password":""}