{"id":"gen9nationaldexdoubles-1954886433","p1":"Cruisinconnor","p2":"Rey_The_Savage","format":"[Gen 9] National Dex Doubles","log":"|j|\u2606Cruisinconnor\n|j|\u2606Rey_The_Savage\n|t:|1695934118\n|gametype|doubles\n|player|p1|Cruisinconnor|fantina|1417\n|player|p2|Rey_The_Savage|ethan|1186\n|teamsize|p1|6\n|teamsize|p2|6\n|gen|9\n|tier|[Gen 9] National Dex Doubles\n|rated|\n|rule|HP Percentage Mod: HP is shown in percentages\n|rule|Endless Battle Clause: Forcing endless battles is banned\n|rule|OHKO Clause: OHKO moves are banned\n|rule|Evasion Moves Clause: Evasion moves are banned\n|rule|Evasion Abilities Clause: Evasion abilities are banned\n|rule|Species Clause: Limit one of each Pok\u00e9mon\n|rule|Gravity Sleep Clause: The combination of sleep-inducing moves with imperfect accuracy and Gravity or Gigantamax Orbeetle are banned\n|clearpoke\n|poke|p1|Rillaboom, M|\n|poke|p1|Incineroar, F|\n|poke|p1|Tapu Fini|\n|poke|p1|Flutter Mane|\n|poke|p1|Garganacl, F|\n|poke|p1|Sinistcha-Masterpiece|\n|poke|p2|Ogerpon-Cornerstone, F|\n|poke|p2|Tyranitar, M|\n|poke|p2|Alcremie, F|\n|poke|p2|Arcanine-Hisui, F|\n|poke|p2|Archeops, M|\n|poke|p2|Ursaluna-Bloodmoon, M|\n|teampreview\n|inactive|Battle timer is ON: inactive players will automatically lose when time's up. (requested by Cruisinconnor)\n|\n|t:|1695934141\n|start\n|switch|p1a: Tapu Fini|Tapu Fini, shiny|100\/100\n|switch|p1b: Incineroar|Incineroar, F|100\/100\n|switch|p2a: Alcremie|Alcremie, F, shiny|100\/100\n|switch|p2b: Ogerpon|Ogerpon-Cornerstone, F|100\/100\n|-fieldstart|move: Misty Terrain|[from] ability: Misty Surge|[of] p1a: Tapu Fini\n|-ability|p1b: Incineroar|Intimidate|boost\n|-unboost|p2a: Alcremie|atk|1\n|-unboost|p2b: Ogerpon|atk|1\n|turn|1\n|\n|t:|1695934161\n|move|p1b: Incineroar|Fake Out|p2b: Ogerpon\n|-resisted|p2b: Ogerpon\n|-damage|p2b: Ogerpon|94\/100\n|move|p1a: Tapu Fini|Trick|p2a: Alcremie\n|-activate|p1a: Tapu Fini|move: Trick|[of] p2a: Alcremie\n|-item|p2a: Alcremie|Choice Scarf|[from] move: Trick\n|-item|p1a: Tapu Fini|Safety Goggles|[from] move: Trick\n|cant|p2b: Ogerpon|flinch\n|move|p2a: Alcremie|Substitute|p2a: Alcremie\n|-start|p2a: Alcremie|Substitute\n|-damage|p2a: Alcremie|76\/100\n|\n|upkeep\n|turn|2\n|\n|t:|1695934189\n|switch|p1a: Rillaboom|Rillaboom, M|100\/100\n|-fieldstart|move: Grassy Terrain|[from] ability: Grassy Surge|[of] p1a: Rillaboom\n|switch|p2a: Tyranitar|Tyranitar, M|100\/100\n|-weather|Sandstorm|[from] ability: Sand Stream|[of] p2a: Tyranitar\n|-terastallize|p2b: Ogerpon|Rock\n|detailschange|p2b: Ogerpon|Ogerpon-Cornerstone-Tera, F, tera:Rock\n|-ability|p2b: Ogerpon|Embody Aspect (Cornerstone)|boost\n|-boost|p2b: Ogerpon|def|1\n|move|p2b: Ogerpon|Ivy Cudgel|p1b: Incineroar\n|-supereffective|p1b: Incineroar\n|-crit|p1b: Incineroar\n|-damage|p1b: Incineroar|0 fnt\n|faint|p1b: Incineroar\n|\n|-weather|Sandstorm|[upkeep]\n|-damage|p1a: Rillaboom|94\/100|[from] Sandstorm\n|-heal|p2b: Ogerpon|99\/100|[from] Grassy Terrain\n|-heal|p1a: Rillaboom|100\/100|[from] Grassy Terrain\n|upkeep\n|inactive|Cruisinconnor has 120 seconds left.\n|inactive|Cruisinconnor has 90 seconds left.\n|\n|t:|1695934248\n|switch|p1b: Tapu Fini|Tapu Fini, shiny|100\/100\n|-fieldstart|move: Misty Terrain|[from] ability: Misty Surge|[of] p1b: Tapu Fini\n|turn|3\n|\n|t:|1695934274\n|switch|p2a: Alcremie|Alcremie, F, shiny|76\/100\n|move|p2b: Ogerpon|Swords Dance|p2b: Ogerpon\n|-boost|p2b: Ogerpon|atk|2\n|move|p1b: Tapu Fini|Muddy Water|p2a: Alcremie|[spread] p2a,p2b\n|-supereffective|p2b: Ogerpon\n|-damage|p2a: Alcremie|52\/100\n|-damage|p2b: Ogerpon|53\/100\n|-unboost|p2a: Alcremie|accuracy|1\n|move|p1a: Rillaboom|Grassy Glide|p2a: Alcremie\n|-damage|p2a: Alcremie|27\/100\n|\n|-weather|Sandstorm|[upkeep]\n|-damage|p2a: Alcremie|21\/100|[from] Sandstorm\n|-damage|p1a: Rillaboom|94\/100|[from] Sandstorm\n|upkeep\n|turn|4\n|inactive|Cruisinconnor has 120 seconds left.\n|\n|t:|1695934304\n|move|p2a: Alcremie|Protect|p2a: Alcremie\n|-singleturn|p2a: Alcremie|Protect\n|move|p2b: Ogerpon|Trailblaze|p1b: Tapu Fini\n|-supereffective|p1b: Tapu Fini\n|-damage|p1b: Tapu Fini|4\/100\n|-boost|p2b: Ogerpon|spe|1\n|move|p1b: Tapu Fini|Muddy Water|p2b: Ogerpon|[spread] \n|-activate|p2a: Alcremie|move: Protect\n|-miss|p1b: Tapu Fini|p2b: Ogerpon\n|move|p1a: Rillaboom|Grassy Glide|p2b: Ogerpon\n|-supereffective|p2b: Ogerpon\n|-damage|p2b: Ogerpon|9\/100\n|\n|-weather|Sandstorm|[upkeep]\n|-damage|p2a: Alcremie|15\/100|[from] Sandstorm\n|-damage|p1a: Rillaboom|88\/100|[from] Sandstorm\n|upkeep\n|turn|5\n|inactive|Rey_The_Savage has 120 seconds left.\n|\n|t:|1695934359\n|switch|p1b: Sinistcha|Sinistcha-Masterpiece, shiny|100\/100\n|-heal|p1a: Rillaboom|100\/100|[from] ability: Hospitality|[of] p1b: Sinistcha\n|move|p2b: Ogerpon|Spiky Shield|p2b: Ogerpon\n|-singleturn|p2b: Ogerpon|move: Protect\n|move|p2a: Alcremie|Protect||[still]\n|-fail|p2a: Alcremie\n|move|p1a: Rillaboom|Grassy Glide|p2b: Ogerpon\n|-activate|p2b: Ogerpon|move: Protect\n|-damage|p1a: Rillaboom|88\/100|[from] Spiky Shield|[of] p2b: Ogerpon\n|\n|-weather|Sandstorm|[upkeep]\n|-damage|p2a: Alcremie|9\/100|[from] Sandstorm\n|-damage|p1a: Rillaboom|82\/100|[from] Sandstorm\n|-damage|p1b: Sinistcha|94\/100|[from] Sandstorm\n|-heal|p1b: Sinistcha|100\/100|[from] item: Leftovers\n|upkeep\n|turn|6\n|inactive|Cruisinconnor has 120 seconds left.\n|inactive|Rey_The_Savage has 120 seconds left.\n|\n|t:|1695934398\n|move|p2a: Alcremie|Protect|p2a: Alcremie\n|-singleturn|p2a: Alcremie|Protect\n|move|p2b: Ogerpon|Ivy Cudgel|p1a: Rillaboom\n|-damage|p1a: Rillaboom|0 fnt\n|faint|p1a: Rillaboom\n|move|p1b: Sinistcha|Trick Room|p1b: Sinistcha\n|-fieldstart|move: Trick Room|[of] p1b: Sinistcha\n|\n|-weather|none\n|upkeep\n|\n|t:|1695934406\n|switch|p1a: Garganacl|Garganacl, F, shiny|100\/100\n|turn|7\n|inactive|Cruisinconnor has 120 seconds left.\n|inactive|Rey_The_Savage has 120 seconds left.\n|\n|t:|1695934414\n|switch|p2a: Tyranitar|Tyranitar, M|100\/100\n|-weather|Sandstorm|[from] ability: Sand Stream|[of] p2a: Tyranitar\n|move|p1a: Garganacl|Curse|p1a: Garganacl\n|-unboost|p1a: Garganacl|spe|1\n|-boost|p1a: Garganacl|atk|1\n|-boost|p1a: Garganacl|def|1\n|move|p1b: Sinistcha|Matcha Gotcha|p2b: Ogerpon|[spread] p2a,p2b\n|-supereffective|p2a: Tyranitar\n|-supereffective|p2b: Ogerpon\n|-damage|p2a: Tyranitar|82\/100\n|-damage|p2b: Ogerpon|0 fnt\n|faint|p2b: Ogerpon\n|\n|-weather|Sandstorm|[upkeep]\n|-damage|p1b: Sinistcha|94\/100|[from] Sandstorm\n|-heal|p1b: Sinistcha|100\/100|[from] item: Leftovers\n|-fieldend|Misty Terrain\n|upkeep\n|inactive|Rey_The_Savage has 120 seconds left.\n|\n|t:|1695934430\n|switch|p2b: Ursaluna|Ursaluna-Bloodmoon, M|100\/100\n|turn|8\n|\n|t:|1695934440\n|move|p1b: Sinistcha|Rage Powder|p1b: Sinistcha\n|-singleturn|p1b: Sinistcha|move: Rage Powder\n|move|p1a: Garganacl|Salt Cure|p2b: Ursaluna\n|-resisted|p2b: Ursaluna\n|-damage|p2b: Ursaluna|93\/100\n|-start|p2b: Ursaluna|Salt Cure\n|move|p2b: Ursaluna|Earth Power|p1b: Sinistcha\n|-resisted|p1b: Sinistcha\n|-damage|p1b: Sinistcha|79\/100\n|-unboost|p1b: Sinistcha|spd|1\n|move|p2a: Tyranitar|Crunch|p1b: Sinistcha\n|-supereffective|p1b: Sinistcha\n|-crit|p1b: Sinistcha\n|-damage|p1b: Sinistcha|0 fnt\n|faint|p1b: Sinistcha\n|\n|-weather|Sandstorm|[upkeep]\n|-damage|p2b: Ursaluna|81\/100|[from] Salt Cure\n|upkeep\n|\n|t:|1695934456\n|switch|p1b: Tapu Fini|Tapu Fini, shiny|4\/100\n|-fieldstart|move: Misty Terrain|[from] ability: Misty Surge|[of] p1b: Tapu Fini\n|turn|9\n|\n|t:|1695934468\n|move|p1a: Garganacl|Salt Cure|p2a: Tyranitar\n|-damage|p2a: Tyranitar|65\/100\n|-start|p2a: Tyranitar|Salt Cure\n|move|p2b: Ursaluna|Earth Power|p1a: Garganacl\n|-supereffective|p1a: Garganacl\n|-damage|p1a: Garganacl|56\/100\n|move|p2a: Tyranitar|Crunch|p1b: Tapu Fini\n|-resisted|p1b: Tapu Fini\n|-damage|p1b: Tapu Fini|0 fnt\n|faint|p1b: Tapu Fini\n|\n|-weather|Sandstorm|[upkeep]\n|-heal|p1a: Garganacl|62\/100|[from] item: Leftovers\n|-damage|p2b: Ursaluna|69\/100|[from] Salt Cure\n|-damage|p2a: Tyranitar|53\/100|[from] Salt Cure\n|upkeep\n|\n|t:|1695934481\n|switch|p1b: Flutter Mane|Flutter Mane, shiny|100\/100\n|turn|10\n|\n|t:|1695934493\n|switch|p2b: Archeops|Archeops, M|100\/100\n|switch|p2a: Alcremie|Alcremie, F, shiny|9\/100\n|move|p1a: Garganacl|Protect|p1a: Garganacl\n|-singleturn|p1a: Garganacl|Protect\n|move|p1b: Flutter Mane|Dazzling Gleam|p2b: Archeops|[spread] p2a,p2b\n|-damage|p2a: Alcremie|0 fnt\n|-damage|p2b: Archeops|59\/100\n|faint|p2a: Alcremie\n|\n|-weather|Sandstorm|[upkeep]\n|-damage|p1b: Flutter Mane|95\/100|[from] Sandstorm\n|-heal|p1a: Garganacl|68\/100|[from] item: Leftovers\n|-fieldend|move: Trick Room\n|upkeep\n|\n|t:|1695934504\n|switch|p2a: Ursaluna|Ursaluna-Bloodmoon, M|69\/100\n|turn|11\n|\n|t:|1695934515\n|move|p1b: Flutter Mane|Dazzling Gleam|p2a: Ursaluna|[spread] p2a,p2b\n|-damage|p2a: Ursaluna|49\/100\n|-damage|p2b: Archeops|21\/100\n|-enditem|p2b: Archeops|Sitrus Berry|[eat]\n|-heal|p2b: Archeops|46\/100|[from] item: Sitrus Berry\n|move|p2b: Archeops|Crunch|p1b: Flutter Mane\n|-damage|p1b: Flutter Mane|61\/100\n|move|p2a: Ursaluna|Blood Moon|p1b: Flutter Mane\n|-damage|p1b: Flutter Mane|0 fnt\n|faint|p1b: Flutter Mane\n|-end|p1b: Flutter Mane|Protosynthesis|[silent]\n|move|p1a: Garganacl|Salt Cure|p2a: Ursaluna\n|-resisted|p2a: Ursaluna\n|-damage|p2a: Ursaluna|42\/100\n|-start|p2a: Ursaluna|Salt Cure\n|\n|-weather|none\n|-heal|p1a: Garganacl|75\/100|[from] item: Leftovers\n|-damage|p2a: Ursaluna|30\/100|[from] Salt Cure\n|upkeep\n|turn|12\n|\n|t:|1695934539\n|switch|p2a: Tyranitar|Tyranitar, M|53\/100\n|-weather|Sandstorm|[from] ability: Sand Stream|[of] p2a: Tyranitar\n|move|p1a: Garganacl|Protect|p1a: Garganacl\n|-singleturn|p1a: Garganacl|Protect\n|move|p2b: Archeops|Crunch|p1a: Garganacl\n|-activate|p1a: Garganacl|move: Protect\n|\n|-weather|Sandstorm|[upkeep]\n|-heal|p1a: Garganacl|81\/100|[from] item: Leftovers\n|upkeep\n|turn|13\n|\n|t:|1695934562\n|move|p2b: Archeops|Crunch|p1a: Garganacl\n|-damage|p1a: Garganacl|74\/100\n|move|p2a: Tyranitar|Crunch|p1a: Garganacl\n|-damage|p1a: Garganacl|56\/100\n|move|p1a: Garganacl|Curse|p1a: Garganacl\n|-unboost|p1a: Garganacl|spe|1\n|-boost|p1a: Garganacl|atk|1\n|-boost|p1a: Garganacl|def|1\n|\n|-weather|Sandstorm|[upkeep]\n|-heal|p1a: Garganacl|62\/100|[from] item: Leftovers\n|-fieldend|Misty Terrain\n|upkeep\n|turn|14\n|\n|t:|1695934584\n|move|p2b: Archeops|Crunch|p1a: Garganacl\n|-damage|p1a: Garganacl|58\/100\n|move|p2a: Tyranitar|Crunch|p1a: Garganacl\n|-damage|p1a: Garganacl|44\/100\n|move|p1a: Garganacl|Recover|p1a: Garganacl\n|-heal|p1a: Garganacl|94\/100\n|\n|-weather|Sandstorm|[upkeep]\n|-heal|p1a: Garganacl|99\/100|[from] item: Leftovers\n|upkeep\n|turn|15\n|\n|t:|1695934597\n|switch|p2b: Ursaluna|Ursaluna-Bloodmoon, M|30\/100\n|move|p2a: Tyranitar|Crunch|p1a: Garganacl\n|-damage|p1a: Garganacl|84\/100\n|-unboost|p1a: Garganacl|def|1\n|move|p1a: Garganacl|Curse|p1a: Garganacl\n|-unboost|p1a: Garganacl|spe|1\n|-boost|p1a: Garganacl|atk|1\n|-boost|p1a: Garganacl|def|1\n|\n|-weather|Sandstorm|[upkeep]\n|-heal|p1a: Garganacl|90\/100|[from] item: Leftovers\n|upkeep\n|turn|16\n|\n|t:|1695934615\n|move|p2a: Tyranitar|Crunch|p1a: Garganacl\n|-damage|p1a: Garganacl|76\/100\n|move|p2b: Ursaluna|Blood Moon|p1a: Garganacl\n|-resisted|p1a: Garganacl\n|-damage|p1a: Garganacl|60\/100\n|move|p1a: Garganacl|Salt Cure|p2b: Ursaluna\n|-resisted|p2b: Ursaluna\n|-damage|p2b: Ursaluna|18\/100\n|-start|p2b: Ursaluna|Salt Cure\n|\n|-weather|none\n|-heal|p1a: Garganacl|66\/100|[from] item: Leftovers\n|-damage|p2b: Ursaluna|5\/100|[from] Salt Cure\n|upkeep\n|turn|17\n|\n|t:|1695934627\n|move|p1a: Garganacl|Protect|p1a: Garganacl\n|-singleturn|p1a: Garganacl|Protect\n|move|p2a: Tyranitar|Crunch|p1a: Garganacl\n|-activate|p1a: Garganacl|move: Protect\n|move|p2b: Ursaluna|Earth Power|p1a: Garganacl\n|-activate|p1a: Garganacl|move: Protect\n|\n|-heal|p1a: Garganacl|72\/100|[from] item: Leftovers\n|-damage|p2b: Ursaluna|0 fnt|[from] Salt Cure\n|faint|p2b: Ursaluna\n|upkeep\n|\n|t:|1695934631\n|switch|p2b: Arcanine|Arcanine-Hisui, F|100\/100\n|-ability|p2b: Arcanine|Intimidate|boost\n|-unboost|p1a: Garganacl|atk|1\n|turn|18\n|\n|t:|1695934645\n|move|p2b: Arcanine|Rock Slide|p1a: Garganacl\n|-damage|p1a: Garganacl|63\/100\n|move|p2a: Tyranitar|Crunch|p1a: Garganacl\n|-damage|p1a: Garganacl|49\/100\n|cant|p1a: Garganacl|flinch\n|\n|-heal|p1a: Garganacl|55\/100|[from] item: Leftovers\n|upkeep\n|turn|19\n|\n|t:|1695934655\n|move|p2b: Arcanine|Rock Slide|p1a: Garganacl\n|-damage|p1a: Garganacl|46\/100\n|move|p2a: Tyranitar|Crunch|p1a: Garganacl\n|-crit|p1a: Garganacl\n|-damage|p1a: Garganacl|5\/100\n|-unboost|p1a: Garganacl|def|1\n|cant|p1a: Garganacl|flinch\n|\n|-heal|p1a: Garganacl|11\/100|[from] item: Leftovers\n|upkeep\n|turn|20\n|\n|t:|1695934667\n|move|p1a: Garganacl|Protect|p1a: Garganacl\n|-singleturn|p1a: Garganacl|Protect\n|move|p2b: Arcanine|Extreme Speed|p1a: Garganacl\n|-activate|p1a: Garganacl|move: Protect\n|move|p2a: Tyranitar|Crunch|p1a: Garganacl\n|-activate|p1a: Garganacl|move: Protect\n|\n|-heal|p1a: Garganacl|17\/100|[from] item: Leftovers\n|upkeep\n|turn|21\n|\n|t:|1695934677\n|move|p2b: Arcanine|Rock Slide|p1a: Garganacl\n|-damage|p1a: Garganacl|4\/100\n|move|p2a: Tyranitar|Crunch|p1a: Garganacl\n|-damage|p1a: Garganacl|0 fnt\n|faint|p1a: Garganacl\n|\n|win|Rey_The_Savage\n|raw|Cruisinconnor's rating: 1417 &rarr; <strong>1385<\/strong><br \/>(-32 for losing)\n|raw|Rey_The_Savage's rating: 1186 &rarr; <strong>1226<\/strong><br \/>(+40 for winning)\n|l|\u2606Cruisinconnor\n","uploadtime":1695934690,"views":7,"p1id":"cruisinconnor","p2id":"reythesavage","formatid":"gen9nationaldexdoubles","rating":1226,"private":0,"password":""}