{"id":"gen9nationaldexdoubles-1973681126","p1":"EvaEnDonos","p2":"Evaniidae","format":"[Gen 9] National Dex Doubles","log":"|j|\u2606EvaEnDonos\n|j|\u2606Evaniidae\n|t:|1698002818\n|gametype|doubles\n|player|p1|EvaEnDonos|170|\n|player|p2|Evaniidae|rosa|\n|teamsize|p1|6\n|teamsize|p2|6\n|gen|9\n|tier|[Gen 9] National Dex Doubles\n|rule|HP Percentage Mod: HP is shown in percentages\n|rule|Endless Battle Clause: Forcing endless battles is banned\n|rule|OHKO Clause: OHKO moves are banned\n|rule|Evasion Moves Clause: Evasion moves are banned\n|rule|Evasion Abilities Clause: Evasion abilities are banned\n|rule|Species Clause: Limit one of each Pok\u00e9mon\n|rule|Gravity Sleep Clause: The combination of sleep-inducing moves with imperfect accuracy and Gravity or Gigantamax Orbeetle are banned\n|clearpoke\n|poke|p1|Heracross, F|\n|poke|p1|Ninjask, M|\n|poke|p1|Araquanid, M|\n|poke|p1|Volcarona, F|\n|poke|p1|Vikavolt, F|\n|poke|p1|Scyther, F|\n|poke|p2|Raichu, M|\n|poke|p2|Ampharos, M|\n|poke|p2|Luxray, F|\n|poke|p2|Zebstrika, F|\n|poke|p2|Eelektross, M|\n|poke|p2|Jolteon, F|\n|teampreview\n|\n|t:|1698002864\n|start\n|switch|p1a: Scyther|Scyther, F|100\/100\n|switch|p1b: Heracross|Heracross, F|100\/100\n|switch|p2a: Raichu|Raichu, M|100\/100\n|switch|p2b: Ampharos|Ampharos, M|100\/100\n|turn|1\n|\n|t:|1698002885\n|detailschange|p1b: Heracross|Heracross-Mega, F\n|-mega|p1b: Heracross|Heracross|Heracronite\n|move|p2a: Raichu|Thunderbolt|p1b: Heracross\n|-damage|p1b: Heracross|65\/100\n|move|p1a: Scyther|Swords Dance|p1a: Scyther\n|-boost|p1a: Scyther|atk|2\n|move|p1b: Heracross|Rock Blast|p2a: Raichu\n|-damage|p2a: Raichu|76\/100\n|-damage|p2a: Raichu|49\/100\n|-damage|p2a: Raichu|24\/100\n|-damage|p2a: Raichu|0 fnt\n|faint|p2a: Raichu\n|-hitcount|p2: Raichu|4\n|move|p2b: Ampharos|Dragon Pulse|p1a: Scyther\n|-damage|p1a: Scyther|70\/100\n|\n|upkeep\n|\n|t:|1698002902\n|switch|p2a: Luxray|Luxray, F|100\/100\n|-ability|p2a: Luxray|Intimidate|boost\n|-unboost|p1a: Scyther|atk|1\n|-unboost|p1b: Heracross|atk|1\n|turn|2\n|\n|t:|1698002925\n|move|p1a: Scyther|Swords Dance|p1a: Scyther\n|-boost|p1a: Scyther|atk|2\n|move|p2a: Luxray|Thunderbolt|p1b: Heracross\n|-damage|p1b: Heracross|22\/100\n|-damage|p2a: Luxray|91\/100|[from] item: Life Orb\n|move|p1b: Heracross|Brick Break|p2a: Luxray\n|-damage|p2a: Luxray|39\/100\n|move|p2b: Ampharos|Thunderbolt|p1a: Scyther\n|-supereffective|p1a: Scyther\n|-damage|p1a: Scyther|0 fnt\n|faint|p1a: Scyther\n|\n|upkeep\n|\n|t:|1698002953\n|switch|p1a: Ninjask|Ninjask, M|100\/100\n|turn|3\n|\n|t:|1698002978\n|-terastallize|p2a: Luxray|Electric\n|move|p1a: Ninjask|Baton Pass|p1a: Ninjask\n|\n|t:|1698002992\n|switch|p1a: Araquanid|Araquanid, M|100\/100|[from] Baton Pass\n|move|p2a: Luxray|Thunderbolt|p1a: Araquanid\n|-supereffective|p1a: Araquanid\n|-damage|p1a: Araquanid|24\/100\n|-damage|p2a: Luxray|29\/100|[from] item: Life Orb\n|move|p1b: Heracross|Brick Break|p2a: Luxray\n|-damage|p2a: Luxray|0 fnt\n|faint|p2a: Luxray\n|move|p2b: Ampharos|Thunderbolt|p1b: Heracross\n|-damage|p1b: Heracross|0 fnt\n|faint|p1b: Heracross\n|\n|-heal|p1a: Araquanid|30\/100|[from] item: Leftovers\n|upkeep\n|\n|t:|1698003011\n|switch|p2a: Zebstrika|Zebstrika, F|100\/100\n|switch|p1b: Volcarona|Volcarona, F|100\/100\n|turn|4\n|inactive|Battle timer is ON: inactive players will automatically lose when time's up. (requested by EvaEnDonos)\n|c|\u2606Evaniidae|deja de romperlo tio\n|inactive|EvaEnDonos has 270 seconds left.\n|inactive|EvaEnDonos has 240 seconds left.\n|inactive|EvaEnDonos has 210 seconds left.\n|inactive|EvaEnDonos has 180 seconds left.\n|inactive|EvaEnDonos has 150 seconds left.\n|\n|t:|1698003297\n|detailschange|p2b: Ampharos|Ampharos-Mega, M\n|-mega|p2b: Ampharos|Ampharos|Ampharosite\n|-ability|p2b: Ampharos|Mold Breaker\n|move|p2a: Zebstrika|Volt Switch|p1b: Volcarona\n|-damage|p1b: Volcarona|77\/100\n|\n|t:|1698003306\n|switch|p2a: Eelektross|Eelektross, M|100\/100|[from] Volt Switch\n|move|p1b: Volcarona|Heat Wave|p2a: Eelektross|[spread] p2a\n|-miss|p1b: Volcarona|p2b: Ampharos\n|-crit|p2a: Eelektross\n|-damage|p2a: Eelektross|56\/100\n|move|p1a: Araquanid|Liquidation|p2b: Ampharos\n|-resisted|p2b: Ampharos\n|-damage|p2b: Ampharos|91\/100\n|-unboost|p2b: Ampharos|def|1\n|move|p2b: Ampharos|Thunderbolt|p1a: Araquanid\n|-supereffective|p1a: Araquanid\n|-damage|p1a: Araquanid|0 fnt\n|faint|p1a: Araquanid\n|\n|upkeep\n|inactive|EvaEnDonos has 210 seconds left.\n|\n|t:|1698003321\n|switch|p1a: Vikavolt|Vikavolt, F|100\/100\n|turn|5\n|\n|t:|1698003343\n|move|p1b: Volcarona|Heat Wave|p2b: Ampharos|[spread] p2a,p2b\n|-resisted|p2b: Ampharos\n|-damage|p2a: Eelektross|23\/100\n|-damage|p2b: Ampharos|72\/100\n|move|p2a: Eelektross|Knock Off|p1b: Volcarona\n|-damage|p1b: Volcarona|39\/100\n|-enditem|p1b: Volcarona|Heavy-Duty Boots|[from] move: Knock Off|[of] p2a: Eelektross\n|move|p1a: Vikavolt|Bug Buzz|p2a: Eelektross\n|-damage|p2a: Eelektross|0 fnt\n|faint|p2a: Eelektross\n|move|p2b: Ampharos|Focus Blast|p1a: Vikavolt|[miss]\n|-miss|p2b: Ampharos|p1a: Vikavolt\n|\n|upkeep\n|inactive|Evaniidae has 270 seconds left.\n|\n|t:|1698003361\n|switch|p2a: Zebstrika|Zebstrika, F|100\/100\n|turn|6\n|inactive|EvaEnDonos has 240 seconds left.\n|\n|t:|1698003385\n|move|p2a: Zebstrika|Pursuit|p1b: Volcarona\n|-damage|p1b: Volcarona|21\/100\n|move|p1b: Volcarona|Bug Buzz|p2b: Ampharos\n|-damage|p2b: Ampharos|27\/100\n|move|p1a: Vikavolt|Bug Buzz|p2b: Ampharos\n|-damage|p2b: Ampharos|0 fnt\n|faint|p2b: Ampharos\n|\n|upkeep\n|inactive|Evaniidae has 270 seconds left.\n|\n|t:|1698003396\n|switch|p2b: Jolteon|Jolteon, F|100\/100\n|turn|7\n|\n|t:|1698003411\n|move|p2b: Jolteon|Wish|p2b: Jolteon\n|move|p2a: Zebstrika|Flame Charge|p1a: Vikavolt\n|-supereffective|p1a: Vikavolt\n|-damage|p1a: Vikavolt|72\/100\n|-boost|p2a: Zebstrika|spe|1\n|move|p1b: Volcarona|Heat Wave|p2b: Jolteon|[spread] p2a,p2b\n|-damage|p2a: Zebstrika|23\/100\n|-damage|p2b: Jolteon|47\/100\n|move|p1a: Vikavolt|Bug Buzz|p2a: Zebstrika\n|-damage|p2a: Zebstrika|0 fnt\n|faint|p2a: Zebstrika\n|\n|-heal|p2b: Jolteon|53\/100|[from] item: Leftovers\n|upkeep\n|turn|8\n|\n|t:|1698003430\n|move|p2b: Jolteon|Thunderbolt|p1a: Vikavolt\n|-resisted|p1a: Vikavolt\n|-damage|p1a: Vikavolt|48\/100\n|move|p1b: Volcarona|Heat Wave|p2b: Jolteon|[miss]\n|-miss|p1b: Volcarona|p2b: Jolteon\n|move|p1a: Vikavolt|Bug Buzz|p2b: Jolteon\n|-damage|p2b: Jolteon|0 fnt\n|faint|p2b: Jolteon\n|\n|win|EvaEnDonos\n","uploadtime":1698003470,"views":8,"p1id":"evaendonos","p2id":"evaniidae","formatid":"gen9nationaldexdoubles","rating":0,"private":0,"password":""}