{"id":"gen9nationaldexdoubles-1960672816","p1":"Mudkiped","p2":"Dyonilon","format":"[Gen 9] National Dex Doubles","log":"|j|\u2606Mudkiped\n|j|\u2606Dyonilon\n|t:|1696544605\n|gametype|doubles\n|player|p1|Mudkiped|crasherwake|\n|player|p2|Dyonilon|101|\n|teamsize|p1|6\n|teamsize|p2|6\n|gen|9\n|tier|[Gen 9] National Dex Doubles\n|rule|HP Percentage Mod: HP is shown in percentages\n|rule|Endless Battle Clause: Forcing endless battles is banned\n|rule|OHKO Clause: OHKO moves are banned\n|rule|Evasion Moves Clause: Evasion moves are banned\n|rule|Evasion Abilities Clause: Evasion abilities are banned\n|rule|Species Clause: Limit one of each Pok\u00e9mon\n|rule|Gravity Sleep Clause: The combination of sleep-inducing moves with imperfect accuracy and Gravity or Gigantamax Orbeetle are banned\n|clearpoke\n|poke|p1|Wo-Chien|\n|poke|p1|Sinistcha-Masterpiece|\n|poke|p1|Incineroar, F|\n|poke|p1|Kommo-o, M|\n|poke|p1|Ninetales-Alola, F|\n|poke|p1|Landorus, M|\n|poke|p2|Ursaluna, F|\n|poke|p2|Cresselia, F|\n|poke|p2|Flutter Mane|\n|poke|p2|Tinkaton, F|\n|poke|p2|Skeledirge, M|\n|poke|p2|Palafin, M|\n|teampreview\n|j| caeden0330\n|j| cr46290\n|\n|t:|1696544716\n|start\n|switch|p1a: Wheres My Tea?|Landorus, M|100\/100\n|switch|p1b: Big Kahuna|Kommo-o, M, shiny|100\/100\n|switch|p2a: Cresselia|Cresselia, F|100\/100\n|switch|p2b: Palafin|Palafin, M|100\/100\n|turn|1\n|\n|t:|1696544740\n|-terastallize|p1a: Wheres My Tea?|Water\n|move|p2b: Palafin|Flip Turn|p1a: Wheres My Tea?\n|-resisted|p1a: Wheres My Tea?\n|-damage|p1a: Wheres My Tea?|90\/100\n|\n|t:|1696544761\n|detailschange|p2b: Palafin|Palafin-Hero, M\n|switch|p2b: Ursaluna|Ursaluna, F|100\/100|[from] Flip Turn\n|move|p1b: Big Kahuna|Clangorous Soul|p1b: Big Kahuna\n|-boost|p1b: Big Kahuna|atk|1\n|-boost|p1b: Big Kahuna|def|1\n|-boost|p1b: Big Kahuna|spa|1\n|-boost|p1b: Big Kahuna|spd|1\n|-boost|p1b: Big Kahuna|spe|1\n|-damage|p1b: Big Kahuna|68\/100\n|-enditem|p1b: Big Kahuna|Throat Spray\n|-boost|p1b: Big Kahuna|spa|1|[from] item: Throat Spray\n|move|p1a: Wheres My Tea?|Taunt|p2a: Cresselia\n|-start|p2a: Cresselia|move: Taunt\n|cant|p2a: Cresselia|move: Taunt|Trick Room\n|\n|-status|p2b: Ursaluna|brn|[from] item: Flame Orb\n|upkeep\n|turn|2\n|\n|t:|1696544785\n|switch|p1a: Let Em Cook|Sinistcha-Masterpiece, shiny|100\/100\n|-heal|p1b: Big Kahuna|93\/100|[from] ability: Hospitality|[of] p1a: Let Em Cook\n|move|p1b: Big Kahuna|Clangorous Soul|p1b: Big Kahuna\n|-boost|p1b: Big Kahuna|atk|1\n|-boost|p1b: Big Kahuna|def|1\n|-boost|p1b: Big Kahuna|spa|1\n|-boost|p1b: Big Kahuna|spd|1\n|-boost|p1b: Big Kahuna|spe|1\n|-damage|p1b: Big Kahuna|60\/100\n|move|p2a: Cresselia|Future Sight|p1b: Big Kahuna\n|-start|p2a: Cresselia|move: Future Sight\n|move|p2b: Ursaluna|Swords Dance|p2b: Ursaluna\n|-boost|p2b: Ursaluna|atk|2\n|\n|-damage|p2b: Ursaluna|94\/100 brn|[from] brn\n|upkeep\n|turn|3\n|\n|t:|1696544814\n|move|p1a: Let Em Cook|Rage Powder|p1a: Let Em Cook\n|-singleturn|p1a: Let Em Cook|move: Rage Powder\n|move|p1b: Big Kahuna|Clanging Scales|p2a: Cresselia|[spread] p2a,p2b\n|-damage|p2a: Cresselia|61\/100\n|-damage|p2b: Ursaluna|27\/100 brn\n|-unboost|p1b: Big Kahuna|def|1\n|move|p2a: Cresselia|Future Sight|p1a: Let Em Cook\n|-start|p2a: Cresselia|move: Future Sight\n|move|p2b: Ursaluna|Facade|p1a: Let Em Cook\n|-immune|p1a: Let Em Cook\n|\n|-damage|p2b: Ursaluna|21\/100 brn|[from] brn\n|-end|p2a: Cresselia|move: Taunt\n|upkeep\n|turn|4\n|c|\u2606Dyonilon|oh nyo\n|\n|t:|1696544835\n|move|p1b: Big Kahuna|Flash Cannon|p2a: Cresselia\n|-damage|p2a: Cresselia|36\/100\n|move|p2a: Cresselia|Lunar Blessing|p2a: Cresselia|[spread] p2a,p2b\n|-heal|p2a: Cresselia|61\/100\n|-heal|p2b: Ursaluna|46\/100 brn\n|-curestatus|p2b: Ursaluna|brn|[msg]\n|move|p1a: Let Em Cook|Life Dew||[still]|[spread] p1a,p1b\n|-fail|p1a: Let Em Cook|heal\n|-heal|p1b: Big Kahuna|85\/100\n|move|p2b: Ursaluna|Earthquake|p1a: Let Em Cook|[spread] p1a,p1b\n|-immune|p2a: Cresselia|[from] ability: Levitate\n|-resisted|p1a: Let Em Cook\n|-damage|p1a: Let Em Cook|62\/100\n|-damage|p1b: Big Kahuna|34\/100\n|\n|-end|p1b: Big Kahuna|move: Future Sight\n|-supereffective|p1b: Big Kahuna\n|-damage|p1b: Big Kahuna|5\/100\n|-status|p2b: Ursaluna|brn|[from] item: Flame Orb\n|upkeep\n|turn|5\n|\n|t:|1696544859\n|move|p1b: Big Kahuna|Clanging Scales|p2b: Ursaluna|[spread] p2a,p2b\n|-damage|p2a: Cresselia|26\/100\n|-damage|p2b: Ursaluna|0 fnt\n|faint|p2b: Ursaluna\n|-unboost|p1b: Big Kahuna|def|1\n|move|p2a: Cresselia|Lunar Blessing|p2a: Cresselia\n|-heal|p2a: Cresselia|51\/100\n|move|p1a: Let Em Cook|Life Dew|p1a: Let Em Cook|[spread] p1a,p1b\n|-heal|p1a: Let Em Cook|87\/100\n|-heal|p1b: Big Kahuna|30\/100\n|\n|-end|p1a: Let Em Cook|move: Future Sight\n|-damage|p1a: Let Em Cook|58\/100\n|upkeep\n|\n|t:|1696544873\n|switch|p2b: Flutter Mane|Flutter Mane|100\/100\n|turn|6\n|\n|t:|1696544884\n|move|p1b: Big Kahuna|Flash Cannon|p2b: Flutter Mane\n|-supereffective|p2b: Flutter Mane\n|-damage|p2b: Flutter Mane|4\/100\n|move|p2b: Flutter Mane|Shadow Ball|p1a: Let Em Cook\n|-supereffective|p1a: Let Em Cook\n|-damage|p1a: Let Em Cook|0 fnt\n|faint|p1a: Let Em Cook\n|move|p2a: Cresselia|Future Sight|p1b: Big Kahuna\n|-start|p2a: Cresselia|move: Future Sight\n|\n|upkeep\n|\n|t:|1696544908\n|switch|p1a: Lich's Big W|Wo-Chien|100\/100\n|-ability|p1a: Lich's Big W|Tablets of Ruin\n|turn|7\n|\n|t:|1696544915\n|move|p1b: Big Kahuna|Flash Cannon|p2b: Flutter Mane\n|-supereffective|p2b: Flutter Mane\n|-damage|p2b: Flutter Mane|0 fnt\n|faint|p2b: Flutter Mane\n|-end|p2b: Flutter Mane|Protosynthesis|[silent]\n|move|p2a: Cresselia|Lunar Blessing|p2a: Cresselia\n|-heal|p2a: Cresselia|76\/100\n|move|p1a: Lich's Big W|Leech Seed|p2a: Cresselia|[miss]\n|-miss|p1a: Lich's Big W|p2a: Cresselia\n|\n|upkeep\n|\n|t:|1696544926\n|switch|p2b: Skeledirge|Skeledirge, M|100\/100\n|turn|8\n|\n|t:|1696544939\n|-terastallize|p2b: Skeledirge|Fairy\n|move|p1b: Big Kahuna|Clanging Scales|p2b: Skeledirge|[spread] p2a\n|-immune|p2b: Skeledirge\n|-damage|p2a: Cresselia|35\/100\n|-unboost|p1b: Big Kahuna|def|1\n|move|p2a: Cresselia|Lunar Blessing|p2a: Cresselia|[spread] p2a,p2b\n|-heal|p2a: Cresselia|60\/100\n|move|p2b: Skeledirge|Torch Song|p1a: Lich's Big W\n|-supereffective|p1a: Lich's Big W\n|-damage|p1a: Lich's Big W|65\/100\n|-boost|p2b: Skeledirge|spa|1\n|-enditem|p2b: Skeledirge|Throat Spray\n|-boost|p2b: Skeledirge|spa|1|[from] item: Throat Spray\n|move|p1a: Lich's Big W|Pollen Puff|p1b: Big Kahuna\n|-heal|p1b: Big Kahuna|80\/100\n|\n|-end|p1b: Big Kahuna|move: Future Sight\n|-supereffective|p1b: Big Kahuna\n|-damage|p1b: Big Kahuna|51\/100\n|-heal|p1a: Lich's Big W|71\/100|[from] item: Leftovers\n|upkeep\n|turn|9\n|c|\u2606Dyonilon|the heal :(\n|\n|t:|1696544981\n|move|p1b: Big Kahuna|Flash Cannon|p2b: Skeledirge\n|-supereffective|p2b: Skeledirge\n|-damage|p2b: Skeledirge|26\/100\n|move|p2a: Cresselia|Lunar Blessing|p2a: Cresselia|[spread] p2a,p2b\n|-heal|p2a: Cresselia|85\/100\n|-heal|p2b: Skeledirge|51\/100\n|move|p2b: Skeledirge|Shadow Ball|p1b: Big Kahuna\n|-damage|p1b: Big Kahuna|25\/100\n|move|p1a: Lich's Big W|Pollen Puff|p1b: Big Kahuna\n|-heal|p1b: Big Kahuna|75\/100\n|\n|-heal|p1a: Lich's Big W|78\/100|[from] item: Leftovers\n|upkeep\n|turn|10\n|\n|t:|1696545006\n|move|p1b: Big Kahuna|Flash Cannon|p2b: Skeledirge\n|-supereffective|p2b: Skeledirge\n|-damage|p2b: Skeledirge|0 fnt\n|faint|p2b: Skeledirge\n|move|p2a: Cresselia|Future Sight|p1b: Big Kahuna\n|-start|p2a: Cresselia|move: Future Sight\n|move|p1a: Lich's Big W|Leech Seed|p2a: Cresselia\n|-start|p2a: Cresselia|move: Leech Seed\n|\n|-heal|p1a: Lich's Big W|84\/100|[from] item: Leftovers\n|-damage|p2a: Cresselia|73\/100|[from] Leech Seed|[of] p1a: Lich's Big W\n|-heal|p1a: Lich's Big W|98\/100|[silent]\n|upkeep\n|\n|t:|1696545016\n|switch|p2b: Tinkaton|Tinkaton, F|100\/100\n|-ability|p2b: Tinkaton|Mold Breaker\n|turn|11\n|\n|t:|1696545029\n|move|p1b: Big Kahuna|Vacuum Wave|p2b: Tinkaton\n|-damage|p2b: Tinkaton|61\/100\n|move|p2b: Tinkaton|Knock Off|p1b: Big Kahuna\n|-resisted|p1b: Big Kahuna\n|-damage|p1b: Big Kahuna|68\/100\n|move|p2a: Cresselia|Lunar Blessing|p2a: Cresselia|[spread] p2a,p2b\n|-heal|p2a: Cresselia|98\/100\n|-heal|p2b: Tinkaton|86\/100\n|move|p1a: Lich's Big W|Leech Seed|p2b: Tinkaton\n|-start|p2b: Tinkaton|move: Leech Seed\n|\n|-heal|p2b: Tinkaton|92\/100|[from] item: Leftovers\n|-heal|p1a: Lich's Big W|100\/100|[from] item: Leftovers\n|-damage|p2b: Tinkaton|80\/100|[from] Leech Seed|[of] p1a: Lich's Big W\n|-damage|p2a: Cresselia|85\/100|[from] Leech Seed|[of] p1a: Lich's Big W\n|upkeep\n|turn|12\n|\n|t:|1696545056\n|move|p1b: Big Kahuna|Flash Cannon|p2b: Tinkaton\n|-damage|p2b: Tinkaton|27\/100\n|-unboost|p2b: Tinkaton|spd|1\n|move|p2b: Tinkaton|Gigaton Hammer|p1b: Big Kahuna\n|-damage|p1b: Big Kahuna|15\/100\n|move|p2a: Cresselia|Reflect|p2a: Cresselia\n|-sidestart|p2: Dyonilon|Reflect\n|move|p1a: Lich's Big W|Pollen Puff|p1b: Big Kahuna\n|-heal|p1b: Big Kahuna|65\/100\n|\n|-end|p1b: Big Kahuna|move: Future Sight\n|-supereffective|p1b: Big Kahuna\n|-damage|p1b: Big Kahuna|32\/100\n|-heal|p2b: Tinkaton|33\/100|[from] item: Leftovers\n|-damage|p2b: Tinkaton|20\/100|[from] Leech Seed|[of] p1a: Lich's Big W\n|-damage|p2a: Cresselia|73\/100|[from] Leech Seed|[of] p1a: Lich's Big W\n|upkeep\n|turn|13\n|\n|t:|1696545074\n|move|p2b: Tinkaton|Protect|p2b: Tinkaton\n|-singleturn|p2b: Tinkaton|Protect\n|move|p1b: Big Kahuna|Flash Cannon|p2b: Tinkaton\n|-activate|p2b: Tinkaton|move: Protect\n|move|p2a: Cresselia|Lunar Blessing|p2a: Cresselia|[spread] p2a,p2b\n|-heal|p2a: Cresselia|98\/100\n|-heal|p2b: Tinkaton|46\/100\n|move|p1a: Lich's Big W|Pollen Puff|p1b: Big Kahuna\n|-heal|p1b: Big Kahuna|82\/100\n|\n|-heal|p2b: Tinkaton|52\/100|[from] item: Leftovers\n|-damage|p2b: Tinkaton|39\/100|[from] Leech Seed|[of] p1a: Lich's Big W\n|-damage|p2a: Cresselia|86\/100|[from] Leech Seed|[of] p1a: Lich's Big W\n|upkeep\n|turn|14\n|\n|t:|1696545092\n|move|p1b: Big Kahuna|Flash Cannon|p2b: Tinkaton\n|-damage|p2b: Tinkaton|0 fnt\n|faint|p2b: Tinkaton\n|move|p2a: Cresselia|Future Sight|p1b: Big Kahuna\n|-start|p2a: Cresselia|move: Future Sight\n|move|p1a: Lich's Big W|Foul Play|p2a: Cresselia\n|-supereffective|p2a: Cresselia\n|-damage|p2a: Cresselia|66\/100\n|\n|-damage|p2a: Cresselia|53\/100|[from] Leech Seed|[of] p1a: Lich's Big W\n|upkeep\n|\n|t:|1696545101\n|switch|p2b: Palafin|Palafin-Hero, M|100\/100\n|-activate|p2b: Palafin|ability: Zero to Hero\n|turn|15\n|\n|t:|1696545119\n|move|p1b: Big Kahuna|Clanging Scales|p2b: Palafin|[spread] p2a,p2b\n|-damage|p2a: Cresselia|14\/100\n|-damage|p2b: Palafin|15\/100\n|-unboost|p1b: Big Kahuna|def|1\n|move|p2b: Palafin|Zen Headbutt|p1b: Big Kahuna\n|-supereffective|p1b: Big Kahuna\n|-damage|p1b: Big Kahuna|0 fnt\n|faint|p1b: Big Kahuna\n|move|p2a: Cresselia|Lunar Blessing|p2a: Cresselia|[spread] p2a,p2b\n|-heal|p2a: Cresselia|39\/100\n|-heal|p2b: Palafin|40\/100\n|move|p1a: Lich's Big W|Foul Play|p2b: Palafin\n|-damage|p2b: Palafin|0 fnt\n|faint|p2b: Palafin\n|\n|-damage|p2a: Cresselia|27\/100|[from] Leech Seed|[of] p1a: Lich's Big W\n|upkeep\n|\n|t:|1696545135\n|switch|p1b: Wheres My Tea?|Landorus, M, tera:Water|90\/100\n|turn|16\n|\n|t:|1696545143\n|move|p1b: Wheres My Tea?|Defog|p2a: Cresselia\n|-unboost|p2a: Cresselia|evasion|1\n|-sideend|p2: Dyonilon|Reflect\n|move|p2a: Cresselia|Future Sight|p1a: Lich's Big W\n|-start|p2a: Cresselia|move: Future Sight\n|move|p1a: Lich's Big W|Foul Play|p2a: Cresselia\n|-supereffective|p2a: Cresselia\n|-damage|p2a: Cresselia|0 fnt\n|faint|p2a: Cresselia\n|\n|win|Mudkiped\n|c|\u2606Dyonilon|ow\n|c| caeden0330|Wp all\n|l|\u2606Mudkiped\n|l|\u2606Dyonilon\n|l| caeden0330\n","uploadtime":1696546155,"views":6,"p1id":"mudkiped","p2id":"dyonilon","formatid":"gen9nationaldexdoubles","rating":0,"private":0,"password":""}