{"id":"gen9nationaldexdoubles-1967747837","p1":"KageDeSin","p2":"oil drill123","format":"[Gen 9] National Dex Doubles","log":"|j|\u2606KageDeSin\n|j|\u2606oil drill123\n|t:|1697333924\n|gametype|doubles\n|player|p1|KageDeSin|biker|\n|player|p2|oil drill123|170|\n|teamsize|p1|6\n|teamsize|p2|6\n|gen|9\n|tier|[Gen 9] National Dex Doubles\n|rule|HP Percentage Mod: HP is shown in percentages\n|rule|Endless Battle Clause: Forcing endless battles is banned\n|rule|OHKO Clause: OHKO moves are banned\n|rule|Evasion Moves Clause: Evasion moves are banned\n|rule|Evasion Abilities Clause: Evasion abilities are banned\n|rule|Species Clause: Limit one of each Pok\u00e9mon\n|rule|Gravity Sleep Clause: The combination of sleep-inducing moves with imperfect accuracy and Gravity or Gigantamax Orbeetle are banned\n|clearpoke\n|poke|p1|Zoroark, F|\n|poke|p1|Espathra, F|\n|poke|p1|Falinks|\n|poke|p1|Coalossal, M|\n|poke|p1|Sandy Shocks|\n|poke|p1|Tinkaton, F|\n|poke|p2|Raichu-Alola, F|\n|poke|p2|Tapu Koko|\n|poke|p2|Dragapult, M|\n|poke|p2|Metagross|\n|poke|p2|Weezing-Galar, F|\n|poke|p2|Pangoro, M|\n|teampreview\n|j| TheOfficialSlade\n|c| TheOfficialSlade|*queue Giritina theme*\n|j| landlord79\n|c| TheOfficialSlade|Better yet\n|c| TheOfficialSlade|https:\/\/www.youtube.com\/watch?v=H_3m-oFf2CA\n|\n|t:|1697333987\n|start\n|switch|p1a: Etch A Sketch|Sandy Shocks|100\/100\n|switch|p1b: Lady Gaga|Espathra, F|100\/100\n|switch|p2a: Hoo Hah Tiki Tiki|Tapu Koko|100\/100\n|switch|p2b: Buried Treasure|Metagross, shiny|100\/100\n|-fieldstart|move: Electric Terrain|[from] ability: Electric Surge|[of] p2a: Hoo Hah Tiki Tiki\n|turn|1\n|\n|t:|1697334029\n|move|p2a: Hoo Hah Tiki Tiki|Light Screen|p2a: Hoo Hah Tiki Tiki\n|-sidestart|p2: oil drill123|move: Light Screen\n|move|p1b: Lady Gaga|Calm Mind|p1b: Lady Gaga\n|-boost|p1b: Lady Gaga|spa|1\n|-boost|p1b: Lady Gaga|spd|1\n|move|p1a: Etch A Sketch|Sunny Day|p1a: Etch A Sketch\n|-weather|SunnyDay\n|-activate|p1a: Etch A Sketch|ability: Protosynthesis\n|-start|p1a: Etch A Sketch|protosynthesisspa\n|move|p2b: Buried Treasure|Meteor Mash|p1b: Lady Gaga|[miss]\n|-miss|p2b: Buried Treasure|p1b: Lady Gaga\n|\n|-weather|SunnyDay|[upkeep]\n|upkeep\n|turn|2\n|\n|t:|1697334057\n|switch|p2b: Desiigner|Pangoro, M|100\/100\n|-ability|p2b: Desiigner|Mold Breaker\n|move|p2a: Hoo Hah Tiki Tiki|U-turn|p1b: Lady Gaga\n|-supereffective|p1b: Lady Gaga\n|-damage|p1b: Lady Gaga|35\/100\n|replace|p1b: I LIED|Zoroark, F\n|-end|p1b: I LIED|Illusion\n|\n|t:|1697334095\n|switch|p2a: Danny Phantom|Dragapult, M|100\/100|[from] U-turn\n|move|p1b: I LIED|Taunt|p2a: Danny Phantom\n|-start|p2a: Danny Phantom|move: Taunt\n|move|p1a: Etch A Sketch|Stealth Rock|p2b: Desiigner\n|-sidestart|p2: oil drill123|move: Stealth Rock\n|\n|-weather|SunnyDay|[upkeep]\n|upkeep\n|turn|3\n|c| TheOfficialSlade|Zoroark go O_O\n|\n|t:|1697334156\n|switch|p1b: Demon|Tinkaton, F|100\/100\n|move|p2a: Danny Phantom|U-turn|p1b: Demon\n|-resisted|p1b: Demon\n|-damage|p1b: Demon|94\/100\n|-enditem|p2a: Danny Phantom|Heavy-Duty Boots|[silent]|[from] ability: Pickpocket|[of] p2a: Danny Phantom\n|-item|p1b: Demon|Heavy-Duty Boots|[from] ability: Pickpocket|[of] p2a: Danny Phantom\n|\n|t:|1697334179\n|switch|p2a: Buried Treasure|Metagross, shiny|100\/100|[from] U-turn\n|-damage|p2a: Buried Treasure|94\/100|[from] Stealth Rock\n|move|p1a: Etch A Sketch|Thunderbolt|p2b: Desiigner\n|-damage|p2b: Desiigner|33\/100\n|move|p2b: Desiigner|Close Combat|p1a: Etch A Sketch\n|-damage|p1a: Etch A Sketch|0 fnt\n|-unboost|p2b: Desiigner|def|1\n|-unboost|p2b: Desiigner|spd|1\n|faint|p1a: Etch A Sketch\n|-end|p1a: Etch A Sketch|Protosynthesis|[silent]\n|\n|-weather|SunnyDay|[upkeep]\n|upkeep\n|\n|t:|1697334196\n|switch|p1a: 300|Falinks, shiny|100\/100\n|turn|4\n|c| TheOfficialSlade|THIS\n|c| TheOfficialSlade|IS\n|\n|t:|1697334219\n|switch|p2b: Danny Phantom|Dragapult, M|100\/100\n|-damage|p2b: Danny Phantom|88\/100|[from] Stealth Rock\n|-terastallize|p1a: 300|Bug\n|move|p1b: Demon|Helping Hand|p1a: 300\n|-singleturn|p1a: 300|Helping Hand|[of] p1b: Demon\n|move|p1a: 300|Close Combat|p2a: Buried Treasure\n|-damage|p2a: Buried Treasure|6\/100\n|-unboost|p1a: 300|def|1\n|-unboost|p1a: 300|spd|1\n|move|p2a: Buried Treasure|Zen Headbutt|p1a: 300\n|-damage|p1a: 300|39\/100\n|\n|-weather|SunnyDay|[upkeep]\n|upkeep\n|turn|5\n|c| TheOfficialSlade|SPARTA!!!!\n|\n|t:|1697334282\n|move|p2a: Buried Treasure|Bullet Punch|p1a: 300\n|-damage|p1a: 300|12\/100\n|move|p2b: Danny Phantom|U-turn|p1a: 300\n|-damage|p1a: 300|0 fnt\n|faint|p1a: 300\n|\n|t:|1697334299\n|switch|p2b: Desiigner|Pangoro, M|33\/100|[from] U-turn\n|-damage|p2b: Desiigner|27\/100|[from] Stealth Rock\n|-ability|p2b: Desiigner|Mold Breaker\n|move|p1b: Demon|Ice Hammer|p2b: Desiigner\n|-damage|p2b: Desiigner|1\/100\n|-unboost|p1b: Demon|spe|1\n|\n|-weather|SunnyDay|[upkeep]\n|-fieldend|move: Electric Terrain\n|upkeep\n|\n|t:|1697334312\n|switch|p1a: Lady Gaga|Espathra, F|100\/100\n|turn|6\n|c| TheOfficialSlade|I'm in the top\n|c| TheOfficialSlade|1\n|c| TheOfficialSlade|Percent\n|\n|t:|1697334363\n|move|p2a: Buried Treasure|Bullet Punch|p1a: Lady Gaga\n|-damage|p1a: Lady Gaga|65\/100\n|move|p1a: Lady Gaga|Dazzling Gleam|p2a: Buried Treasure|[spread] p2a,p2b\n|-resisted|p2a: Buried Treasure\n|-supereffective|p2b: Desiigner\n|-damage|p2a: Buried Treasure|2\/100\n|-damage|p2b: Desiigner|0 fnt\n|faint|p2b: Desiigner\n|move|p1b: Demon|Knock Off|p2a: Buried Treasure\n|-supereffective|p2a: Buried Treasure\n|-damage|p2a: Buried Treasure|0 fnt\n|-enditem|p2a: Buried Treasure|Assault Vest|[from] move: Knock Off|[of] p1b: Demon\n|faint|p2a: Buried Treasure\n|\n|-weather|SunnyDay|[upkeep]\n|upkeep\n|\n|t:|1697334385\n|switch|p2b: Minato|Raichu-Alola, F|100\/100\n|switch|p2a: Hoo Hah Tiki Tiki|Tapu Koko|100\/100\n|-damage|p2a: Hoo Hah Tiki Tiki|88\/100|[from] Stealth Rock\n|-fieldstart|move: Electric Terrain|[from] ability: Electric Surge|[of] p2a: Hoo Hah Tiki Tiki\n|-damage|p2b: Minato|88\/100|[from] Stealth Rock\n|turn|7\n|\n|t:|1697334412\n|switch|p1a: Plant DLC|Coalossal, M, shiny|100\/100\n|move|p2b: Minato|Rising Voltage|p1a: Plant DLC\n|-hint|Rising Voltage's BP doubled on grounded target.\n|-damage|p1a: Plant DLC|0 fnt\n|faint|p1a: Plant DLC\n|move|p2a: Hoo Hah Tiki Tiki|Reflect|p2a: Hoo Hah Tiki Tiki\n|-sidestart|p2: oil drill123|Reflect\n|move|p1b: Demon|Gigaton Hammer|p2a: Hoo Hah Tiki Tiki\n|-damage|p2a: Hoo Hah Tiki Tiki|47\/100\n|\n|-weather|SunnyDay|[upkeep]\n|upkeep\n|\n|t:|1697334423\n|switch|p1a: Lady Gaga|Espathra, F|35\/100\n|turn|8\n|\n|t:|1697334451\n|switch|p2b: Indubitably|Weezing-Galar, F|100\/100\n|-damage|p2b: Indubitably|88\/100|[from] Stealth Rock\n|move|p2a: Hoo Hah Tiki Tiki|U-turn|p1b: Demon\n|-resisted|p1b: Demon\n|-damage|p1b: Demon|89\/100\n|\n|t:|1697334470\n|switch|p2a: Minato|Raichu-Alola, F|88\/100|[from] U-turn\n|-damage|p2a: Minato|76\/100|[from] Stealth Rock\n|move|p1a: Lady Gaga|Dark Pulse|p2b: Indubitably\n|-resisted|p2b: Indubitably\n|-damage|p2b: Indubitably|78\/100\n|move|p1b: Demon|Ice Hammer|p2a: Minato\n|-damage|p2a: Minato|50\/100\n|-unboost|p1b: Demon|spe|1\n|\n|-weather|none\n|-heal|p2b: Indubitably|84\/100|[from] item: Leftovers\n|-sideend|p2: oil drill123|move: Light Screen\n|upkeep\n|turn|9\n|\n|t:|1697334507\n|move|p2a: Minato|Rising Voltage|p1a: Lady Gaga\n|-hint|Rising Voltage's BP doubled on grounded target.\n|-damage|p1a: Lady Gaga|0 fnt\n|replace|p1a: I LIED|Zoroark, F\n|-end|p1a: I LIED|Illusion\n|faint|p1a: I LIED\n|move|p2b: Indubitably|Defog|p1b: Demon\n|-unboost|p1b: Demon|evasion|1\n|-sideend|p2: oil drill123|Stealth Rock|[from] move: Defog|[of] p2b: Indubitably\n|-fieldend|move: Electric Terrain\n|move|p1b: Demon|Gigaton Hammer|p2b: Indubitably\n|-supereffective|p2b: Indubitably\n|-damage|p2b: Indubitably|24\/100\n|\n|-heal|p2b: Indubitably|30\/100|[from] item: Leftovers\n|upkeep\n|\n|t:|1697334519\n|switch|p1a: Lady Gaga|Espathra, F|65\/100\n|turn|10\n|\n|t:|1697334538\n|switch|p2a: Hoo Hah Tiki Tiki|Tapu Koko|47\/100\n|-fieldstart|move: Electric Terrain|[from] ability: Electric Surge|[of] p2a: Hoo Hah Tiki Tiki\n|move|p1a: Lady Gaga|Shadow Ball|p2a: Hoo Hah Tiki Tiki\n|-damage|p2a: Hoo Hah Tiki Tiki|19\/100\n|-unboost|p2a: Hoo Hah Tiki Tiki|spd|1\n|move|p2b: Indubitably|Pain Split|p1b: Demon\n|-sethp|p1b: Demon|59\/100|[from] move: Pain Split|[silent]\n|-sethp|p2b: Indubitably|60\/100|[from] move: Pain Split\n|move|p1b: Demon|Ice Hammer|p2b: Indubitably\n|-damage|p2b: Indubitably|48\/100\n|-unboost|p1b: Demon|spe|1\n|\n|-heal|p2b: Indubitably|53\/100|[from] item: Leftovers\n|upkeep\n|turn|11\n|\n|t:|1697334580\n|move|p1a: Lady Gaga|Shadow Ball|p2a: Hoo Hah Tiki Tiki\n|-damage|p2a: Hoo Hah Tiki Tiki|0 fnt\n|faint|p2a: Hoo Hah Tiki Tiki\n|move|p2b: Indubitably|Strange Steam|p1a: Lady Gaga\n|-damage|p1a: Lady Gaga|28\/100\n|move|p1b: Demon|Knock Off|p2b: Indubitably\n|-resisted|p2b: Indubitably\n|-damage|p2b: Indubitably|48\/100\n|-enditem|p2b: Indubitably|Leftovers|[from] move: Knock Off|[of] p1b: Demon\n|\n|upkeep\n|\n|t:|1697334591\n|switch|p2a: Minato|Raichu-Alola, F|50\/100\n|turn|12\n|\n|t:|1697334612\n|move|p2a: Minato|Rising Voltage|p1a: Lady Gaga\n|-hint|Rising Voltage's BP doubled on grounded target.\n|-damage|p1a: Lady Gaga|0 fnt\n|faint|p1a: Lady Gaga\n|move|p2b: Indubitably|Strange Steam|p1b: Demon\n|-resisted|p1b: Demon\n|-damage|p1b: Demon|50\/100\n|move|p1b: Demon|Gigaton Hammer|p2b: Indubitably\n|-supereffective|p2b: Indubitably\n|-damage|p2b: Indubitably|0 fnt\n|faint|p2b: Indubitably\n|\n|upkeep\n|\n|t:|1697334623\n|switch|p2b: Danny Phantom|Dragapult, M|88\/100\n|turn|13\n|\n|t:|1697334634\n|move|p2a: Minato|Rising Voltage|p1b: Demon\n|-hint|Rising Voltage's BP doubled on grounded target.\n|-damage|p1b: Demon|0 fnt\n|faint|p1b: Demon\n|\n|win|oil drill123\n","uploadtime":1697334689,"views":35,"p1id":"kagedesin","p2id":"oildrill123","formatid":"gen9nationaldexdoubles","rating":0,"private":0,"password":""}