{"id":"gen9nationaldexdoubles-1988680882","p1":"Shazamwhich","p2":"BaccoMonkey17","format":"[Gen 9] National Dex Doubles","log":"|j|\u2606Shazamwhich\n|j|\u2606BaccoMonkey17\n|t:|1699749903\n|gametype|doubles\n|player|p1|Shazamwhich|brendan-gen3|1236\n|player|p2|BaccoMonkey17|101|1089\n|teamsize|p1|6\n|teamsize|p2|6\n|gen|9\n|tier|[Gen 9] National Dex Doubles\n|rated|\n|rule|HP Percentage Mod: HP is shown in percentages\n|rule|Endless Battle Clause: Forcing endless battles is banned\n|rule|OHKO Clause: OHKO moves are banned\n|rule|Evasion Moves Clause: Evasion moves are banned\n|rule|Evasion Abilities Clause: Evasion abilities are banned\n|rule|Species Clause: Limit one of each Pok\u00e9mon\n|rule|Gravity Sleep Clause: The combination of sleep-inducing moves with imperfect accuracy and Gravity or Gigantamax Orbeetle are banned\n|clearpoke\n|poke|p1|Zamazenta-*|\n|poke|p1|Grimmsnarl, M|\n|poke|p1|Landorus-Therian, M|\n|poke|p1|Sinistcha-Masterpiece|\n|poke|p1|Diancie|\n|poke|p1|Walking Wake|\n|poke|p2|Blastoise, F|\n|poke|p2|Toxicroak, F|\n|poke|p2|Chandelure, M|\n|poke|p2|Braviary-Hisui, M|\n|poke|p2|Mamoswine, M|\n|poke|p2|Jolteon, F|\n|teampreview\n|inactive|Battle timer is ON: inactive players will automatically lose when time's up. (requested by Shazamwhich)\n|\n|t:|1699749916\n|start\n|switch|p1a: Grimmsnarl|Grimmsnarl, M|100\/100\n|switch|p1b: Ring Pop|Diancie|100\/100\n|switch|p2a: Mamoswine|Mamoswine, M|100\/100\n|switch|p2b: Braviary|Braviary-Hisui, M|100\/100\n|turn|1\n|\n|t:|1699749939\n|detailschange|p1b: Ring Pop|Diancie-Mega\n|-mega|p1b: Ring Pop|Diancie|Diancite\n|move|p1a: Grimmsnarl|Reflect|p1a: Grimmsnarl\n|-sidestart|p1: Shazamwhich|Reflect\n|move|p1b: Ring Pop|Diamond Storm|p2b: Braviary|[spread] p2a,p2b\n|-supereffective|p2b: Braviary\n|-damage|p2a: Mamoswine|58\/100\n|-damage|p2b: Braviary|6\/100\n|-boost|p1b: Ring Pop|def|2\n|move|p2a: Mamoswine|Stealth Rock|p1a: Grimmsnarl\n|move|p1b: Ring Pop|Stealth Rock|p2a: Mamoswine|[from]ability: Magic Bounce\n|-sidestart|p2: BaccoMonkey17|move: Stealth Rock\n|move|p2b: Braviary|Hurricane|p1a: Grimmsnarl|[miss]\n|-miss|p2b: Braviary|p1a: Grimmsnarl\n|\n|upkeep\n|turn|2\n|\n|t:|1699749963\n|move|p1a: Grimmsnarl|Light Screen|p1a: Grimmsnarl\n|-sidestart|p1: Shazamwhich|move: Light Screen\n|move|p1b: Ring Pop|Diamond Storm|p2b: Braviary|[spread] p2a,p2b\n|-supereffective|p2b: Braviary\n|-damage|p2a: Mamoswine|16\/100\n|-damage|p2b: Braviary|0 fnt\n|faint|p2b: Braviary\n|move|p2a: Mamoswine|Earthquake|p1b: Ring Pop|[spread] p1a,p1b\n|-supereffective|p1b: Ring Pop\n|-damage|p1a: Grimmsnarl|75\/100\n|-damage|p1b: Ring Pop|57\/100\n|\n|upkeep\n|j| XDGravemindDX\n|\n|t:|1699749974\n|switch|p2b: Jolteon|Jolteon, F|100\/100\n|-damage|p2b: Jolteon|88\/100|[from] Stealth Rock\n|turn|3\n|\n|t:|1699749986\n|-terastallize|p2b: Jolteon|Flying\n|move|p1a: Grimmsnarl|Parting Shot|p2a: Mamoswine\n|-unboost|p2a: Mamoswine|atk|1\n|-unboost|p2a: Mamoswine|spa|1\n|\n|t:|1699749992\n|switch|p1a: Landorus|Landorus-Therian, M|100\/100|[from] Parting Shot\n|-ability|p1a: Landorus|Intimidate|boost\n|-unboost|p2a: Mamoswine|atk|1\n|-unboost|p2b: Jolteon|atk|1\n|move|p1b: Ring Pop|Earth Power|p2b: Jolteon\n|-immune|p2b: Jolteon\n|move|p2b: Jolteon|Tera Blast|p1a: Landorus|[anim] Tera Blast Flying\n|-damage|p1a: Landorus|67\/100\n|move|p2a: Mamoswine|Earthquake|p1a: Landorus|[spread] p1b\n|-immune|p2b: Jolteon\n|-immune|p1a: Landorus\n|-supereffective|p1b: Ring Pop\n|-damage|p1b: Ring Pop|35\/100\n|\n|-heal|p2b: Jolteon|94\/100|[from] item: Leftovers\n|upkeep\n|turn|4\n|\n|t:|1699750015\n|move|p1a: Landorus|Hidden Power|p2b: Jolteon\n|-supereffective|p2b: Jolteon\n|-damage|p2b: Jolteon|63\/100\n|move|p1b: Ring Pop|Diamond Storm|p2a: Mamoswine|[spread] p2a\n|-miss|p1b: Ring Pop|p2b: Jolteon\n|-damage|p2a: Mamoswine|0 fnt\n|-boost|p1b: Ring Pop|def|2\n|faint|p2a: Mamoswine\n|move|p2b: Jolteon|Volt Switch|p1b: Ring Pop\n|-crit|p1b: Ring Pop\n|-damage|p1b: Ring Pop|0 fnt\n|faint|p1b: Ring Pop\n|\n|t:|1699750030\n|switch|p2b: Blastoise|Blastoise, F|100\/100|[from] Volt Switch\n|-damage|p2b: Blastoise|88\/100|[from] Stealth Rock\n|\n|upkeep\n|\n|t:|1699750036\n|switch|p1b: Sinistcha|Sinistcha-Masterpiece|100\/100\n|switch|p2a: Toxicroak|Toxicroak, F|100\/100\n|-damage|p2a: Toxicroak|94\/100|[from] Stealth Rock\n|-heal|p1a: Landorus|92\/100|[from] ability: Hospitality|[of] p1b: Sinistcha\n|turn|5\n|\n|t:|1699750057\n|switch|p1a: Grimmsnarl|Grimmsnarl, M|75\/100\n|move|p2b: Blastoise|Ice Beam|p1a: Grimmsnarl\n|-damage|p1a: Grimmsnarl|59\/100\n|move|p2a: Toxicroak|Swords Dance|p2a: Toxicroak\n|-boost|p2a: Toxicroak|atk|2\n|move|p1b: Sinistcha|Strength Sap|p2a: Toxicroak\n|-unboost|p2a: Toxicroak|atk|1\n|\n|upkeep\n|turn|6\n|\n|t:|1699750075\n|move|p1a: Grimmsnarl|Taunt|p2a: Toxicroak\n|-start|p2a: Toxicroak|move: Taunt\n|move|p2b: Blastoise|Ice Beam|p1a: Grimmsnarl\n|-damage|p1a: Grimmsnarl|43\/100\n|move|p2a: Toxicroak|Poison Jab|p1b: Sinistcha\n|-damage|p1b: Sinistcha|76\/100\n|move|p1b: Sinistcha|Matcha Gotcha|p2b: Blastoise|[spread] p2a,p2b\n|-resisted|p2a: Toxicroak\n|-supereffective|p2b: Blastoise\n|-damage|p2a: Toxicroak|77\/100\n|-heal|p1b: Sinistcha|85\/100|[from] drain|[of] p2a: Toxicroak\n|-damage|p2b: Blastoise|42\/100\n|-heal|p1b: Sinistcha|100\/100|[from] drain|[of] p2b: Blastoise\n|\n|upkeep\n|turn|7\n|\n|t:|1699750102\n|move|p1a: Grimmsnarl|Parting Shot|p2a: Toxicroak\n|-unboost|p2a: Toxicroak|atk|1\n|-unboost|p2a: Toxicroak|spa|1\n|\n|t:|1699750108\n|switch|p1a: Zamazenta|Zamazenta|100\/100|[from] Parting Shot\n|-ability|p1a: Zamazenta|Dauntless Shield|boost\n|-boost|p1a: Zamazenta|def|1\n|move|p2b: Blastoise|Surf|p1a: Zamazenta|[spread] p1a,p1b\n|-heal|p2a: Toxicroak|100\/100|[from] ability: Dry Skin|[of] p2b: Blastoise\n|-resisted|p1b: Sinistcha\n|-damage|p1a: Zamazenta|86\/100\n|-damage|p1b: Sinistcha|89\/100\n|move|p2a: Toxicroak|Drain Punch|p1b: Sinistcha\n|-immune|p1b: Sinistcha\n|move|p1b: Sinistcha|Strength Sap|p2a: Toxicroak\n|-unboost|p2a: Toxicroak|atk|1\n|-heal|p1b: Sinistcha|100\/100\n|\n|upkeep\n|turn|8\n|\n|t:|1699750129\n|move|p1a: Zamazenta|Coaching|p1b: Sinistcha\n|-boost|p1b: Sinistcha|atk|1\n|-boost|p1b: Sinistcha|def|1\n|move|p2b: Blastoise|Ice Beam|p1b: Sinistcha\n|-supereffective|p1b: Sinistcha\n|-damage|p1b: Sinistcha|60\/100\n|-enditem|p1b: Sinistcha|Weakness Policy\n|-boost|p1b: Sinistcha|atk|2|[from] item: Weakness Policy\n|-boost|p1b: Sinistcha|spa|2|[from] item: Weakness Policy\n|move|p2a: Toxicroak|Drain Punch|p1a: Zamazenta\n|-damage|p1a: Zamazenta|79\/100\n|move|p1b: Sinistcha|Matcha Gotcha|p2a: Toxicroak|[spread] p2a,p2b\n|-resisted|p2a: Toxicroak\n|-supereffective|p2b: Blastoise\n|-damage|p2a: Toxicroak|66\/100\n|-heal|p1b: Sinistcha|78\/100|[from] drain|[of] p2a: Toxicroak\n|-damage|p2b: Blastoise|0 fnt\n|-heal|p1b: Sinistcha|96\/100|[from] drain|[of] p2b: Blastoise\n|faint|p2b: Blastoise\n|\n|-end|p2a: Toxicroak|move: Taunt\n|-sideend|p1: Shazamwhich|Reflect\n|upkeep\n|inactive|BaccoMonkey17 has 120 seconds left.\n|\n|t:|1699750148\n|switch|p2b: Chandelure|Chandelure, M|100\/100\n|-damage|p2b: Chandelure|76\/100|[from] Stealth Rock\n|turn|9\n|\n|t:|1699750167\n|switch|p1a: Landorus|Landorus-Therian, M|92\/100\n|-ability|p1a: Landorus|Intimidate|boost\n|-unboost|p2a: Toxicroak|atk|1\n|-unboost|p2b: Chandelure|atk|1\n|move|p1b: Sinistcha|Protect|p1b: Sinistcha\n|-singleturn|p1b: Sinistcha|Protect\n|move|p2a: Toxicroak|Swords Dance|p2a: Toxicroak\n|-boost|p2a: Toxicroak|atk|2\n|move|p2b: Chandelure|Calm Mind|p2b: Chandelure\n|-boost|p2b: Chandelure|spa|1\n|-boost|p2b: Chandelure|spd|1\n|\n|-sideend|p1: Shazamwhich|move: Light Screen\n|upkeep\n|turn|10\n|\n|t:|1699750193\n|move|p1a: Landorus|Earthquake|p2b: Chandelure|[spread] p1b,p2a,p2b\n|-resisted|p1b: Sinistcha\n|-supereffective|p2a: Toxicroak\n|-supereffective|p2b: Chandelure\n|-damage|p1b: Sinistcha|86\/100\n|-damage|p2a: Toxicroak|0 fnt\n|-damage|p2b: Chandelure|0 fnt\n|faint|p2a: Toxicroak\n|faint|p2b: Chandelure\n|move|p1b: Sinistcha|Strength Sap|p2: Toxicroak|[notarget]\n|-fail|p1b: Sinistcha\n|\n|upkeep\n|inactive|BaccoMonkey17 has 120 seconds left.\n|-message|BaccoMonkey17 forfeited.\n|\n|win|Shazamwhich\n|raw|Shazamwhich's rating: 1236 &rarr; <strong>1251<\/strong><br \/>(+15 for winning)\n|raw|BaccoMonkey17's rating: 1089 &rarr; <strong>1075<\/strong><br \/>(-14 for losing)\n|l|\u2606BaccoMonkey17\n","uploadtime":1699750220,"views":14,"p1id":"shazamwhich","p2id":"baccomonkey17","formatid":"gen9nationaldexdoubles","rating":1075,"private":0,"password":""}