{"id":"gen9nationaldexdoubles-1957204505","p1":"Anna Lisa Melculo","p2":"the mudkip warrior","format":"[Gen 9] National Dex Doubles","log":"|j|\u2606Anna Lisa Melculo\n|j|\u2606the mudkip warrior\n|t:|1696195390\n|gametype|doubles\n|player|p1|Anna Lisa Melculo|cyclist|1443\n|player|p2|the mudkip warrior|acetrainer-gen4dp|1543\n|teamsize|p1|6\n|teamsize|p2|6\n|gen|9\n|tier|[Gen 9] National Dex Doubles\n|rated|\n|rule|HP Percentage Mod: HP is shown in percentages\n|rule|Endless Battle Clause: Forcing endless battles is banned\n|rule|OHKO Clause: OHKO moves are banned\n|rule|Evasion Moves Clause: Evasion moves are banned\n|rule|Evasion Abilities Clause: Evasion abilities are banned\n|rule|Species Clause: Limit one of each Pok\u00e9mon\n|rule|Gravity Sleep Clause: The combination of sleep-inducing moves with imperfect accuracy and Gravity or Gigantamax Orbeetle are banned\n|clearpoke\n|poke|p1|Torkoal, M|\n|poke|p1|Flutter Mane|\n|poke|p1|Walking Wake|\n|poke|p1|Volcanion|\n|poke|p1|Chien-Pao|\n|poke|p1|Kingambit, M|\n|poke|p2|Chien-Pao|\n|poke|p2|Dragonite, F|\n|poke|p2|Tornadus, M|\n|poke|p2|Charizard, M|\n|poke|p2|Kingambit, M|\n|poke|p2|Walking Wake|\n|teampreview\n|c|\u2606the mudkip warrior|gl\n|c|\u2606Anna Lisa Melculo|gl\n|\n|t:|1696195404\n|start\n|switch|p1a: Volcanion|Volcanion|100\/100\n|switch|p1b: Cheems-Pao|Chien-Pao|100\/100\n|switch|p2a: Al'akir|Tornadus, M|100\/100\n|switch|p2b: GRONGO|Walking Wake|100\/100\n|-ability|p1b: Cheems-Pao|Sword of Ruin\n|turn|1\n|\n|t:|1696195422\n|move|p2b: GRONGO|Protect|p2b: GRONGO\n|-singleturn|p2b: GRONGO|Protect\n|move|p2a: Al'akir|Tailwind|p2a: Al'akir\n|-sidestart|p2: the mudkip warrior|move: Tailwind\n|move|p1b: Cheems-Pao|Ice Spinner|p2a: Al'akir\n|-supereffective|p2a: Al'akir\n|-damage|p2a: Al'akir|0 fnt\n|faint|p2a: Al'akir\n|move|p1a: Volcanion|Scorching Sands|p2b: GRONGO\n|-activate|p2b: GRONGO|move: Protect\n|\n|upkeep\n|\n|t:|1696195430\n|switch|p2a: Galakrond|Charizard, M, shiny|100\/100\n|turn|2\n|\n|t:|1696195446\n|detailschange|p2a: Galakrond|Charizard-Mega-Y, M, shiny\n|-mega|p2a: Galakrond|Charizard|Charizardite Y\n|-weather|SunnyDay|[from] ability: Drought|[of] p2a: Galakrond\n|-activate|p2b: GRONGO|ability: Protosynthesis\n|-start|p2b: GRONGO|protosynthesisspe\n|move|p2b: GRONGO|Dragon Pulse|p1a: Volcanion\n|-damage|p1a: Volcanion|54\/100\n|-damage|p2b: GRONGO|91\/100|[from] item: Life Orb\n|move|p2a: Galakrond|Heat Wave|p1a: Volcanion|[spread] p1b\n|-miss|p2a: Galakrond|p1a: Volcanion\n|-supereffective|p1b: Cheems-Pao\n|-enditem|p1b: Cheems-Pao|Focus Sash\n|-damage|p1b: Cheems-Pao|1\/100\n|move|p1b: Cheems-Pao|Crunch|p2a: Galakrond\n|-damage|p2a: Galakrond|28\/100\n|move|p1a: Volcanion|Heat Wave|p2b: GRONGO|[spread] p2a,p2b\n|-resisted|p2a: Galakrond\n|-resisted|p2b: GRONGO\n|-damage|p2a: Galakrond|3\/100\n|-damage|p2b: GRONGO|78\/100\n|\n|-weather|SunnyDay|[upkeep]\n|-heal|p1a: Volcanion|60\/100|[from] item: Leftovers\n|upkeep\n|turn|3\n|\n|t:|1696195472\n|move|p2a: Galakrond|Protect|p2a: Galakrond\n|-singleturn|p2a: Galakrond|Protect\n|move|p1a: Volcanion|Protect|p1a: Volcanion\n|-singleturn|p1a: Volcanion|Protect\n|move|p1b: Cheems-Pao|Sucker Punch||[still]\n|-fail|p1b: Cheems-Pao\n|move|p2b: GRONGO|Dragon Pulse|p1b: Cheems-Pao\n|-damage|p1b: Cheems-Pao|0 fnt\n|faint|p1b: Cheems-Pao\n|-damage|p2b: GRONGO|69\/100|[from] item: Life Orb\n|\n|-weather|SunnyDay|[upkeep]\n|-heal|p1a: Volcanion|66\/100|[from] item: Leftovers\n|upkeep\n|\n|t:|1696195494\n|switch|p1b: Kingambit|Kingambit, M|100\/100\n|-activate|p1b: Kingambit|ability: Supreme Overlord\n|-start|p1b: Kingambit|fallen1|[silent]\n|turn|4\n|\n|t:|1696195519\n|-end|p1b: Kingambit|fallen1|[silent]\n|switch|p1b: Pana Zulia|Torkoal, M|100\/100\n|move|p2b: GRONGO|Flamethrower|p1b: Pana Zulia\n|-resisted|p1b: Pana Zulia\n|-damage|p1b: Pana Zulia|67\/100\n|-damage|p2b: GRONGO|59\/100|[from] item: Life Orb\n|move|p2a: Galakrond|Scorching Sands|p1a: Volcanion\n|-supereffective|p1a: Volcanion\n|-damage|p1a: Volcanion|23\/100\n|move|p1a: Volcanion|Heat Wave|p2b: GRONGO|[spread] p2a,p2b\n|-resisted|p2a: Galakrond\n|-resisted|p2b: GRONGO\n|-crit|p2b: GRONGO\n|-damage|p2a: Galakrond|0 fnt\n|-damage|p2b: GRONGO|39\/100\n|faint|p2a: Galakrond\n|\n|-weather|SunnyDay|[upkeep]\n|-heal|p1a: Volcanion|29\/100|[from] item: Leftovers\n|-sideend|p2: the mudkip warrior|move: Tailwind\n|upkeep\n|\n|t:|1696195527\n|switch|p2a: Schimitar|Kingambit, M|100\/100\n|turn|5\n|\n|t:|1696195550\n|move|p2a: Schimitar|Sucker Punch|p1a: Volcanion\n|-damage|p1a: Volcanion|0 fnt\n|faint|p1a: Volcanion\n|move|p2b: GRONGO|Hydro Steam|p1b: Pana Zulia\n|-supereffective|p1b: Pana Zulia\n|-damage|p1b: Pana Zulia|0 fnt\n|faint|p1b: Pana Zulia\n|-damage|p2b: GRONGO|29\/100|[from] item: Life Orb\n|\n|-weather|SunnyDay|[upkeep]\n|upkeep\n|\n|t:|1696195563\n|switch|p1a: Agua Potable|Walking Wake|100\/100\n|switch|p1b: PeloeQk|Flutter Mane|100\/100\n|-activate|p1b: PeloeQk|ability: Protosynthesis\n|-start|p1b: PeloeQk|protosynthesisspe\n|-activate|p1a: Agua Potable|ability: Protosynthesis\n|-start|p1a: Agua Potable|protosynthesisspe\n|turn|6\n|\n|t:|1696195582\n|move|p2a: Schimitar|Sucker Punch|p1b: PeloeQk\n|-damage|p1b: PeloeQk|29\/100\n|move|p1b: PeloeQk|Dazzling Gleam|p2a: Schimitar|[spread] p2a,p2b\n|-supereffective|p2b: GRONGO\n|-damage|p2a: Schimitar|76\/100\n|-damage|p2b: GRONGO|0 fnt\n|faint|p2b: GRONGO\n|-end|p2b: GRONGO|Protosynthesis|[silent]\n|-damage|p1b: PeloeQk|19\/100|[from] item: Life Orb\n|move|p1a: Agua Potable|Hydro Steam|p2a: Schimitar\n|-damage|p2a: Schimitar|20\/100\n|\n|-weather|none\n|-end|p1b: PeloeQk|Protosynthesis\n|-end|p1a: Agua Potable|Protosynthesis\n|upkeep\n|\n|t:|1696195595\n|switch|p2b: Dolce|Dragonite, F|100\/100\n|turn|7\n|\n|t:|1696195606\n|-end|p1b: PeloeQk|Protosynthesis|[silent]\n|switch|p1b: Kingambit|Kingambit, M|100\/100\n|-activate|p1b: Kingambit|ability: Supreme Overlord\n|-start|p1b: Kingambit|fallen3|[silent]\n|-terastallize|p2b: Dolce|Normal\n|move|p2b: Dolce|Extreme Speed|p1a: Agua Potable\n|-damage|p1a: Agua Potable|48\/100\n|move|p2a: Schimitar|Sucker Punch||[still]\n|-fail|p2a: Schimitar\n|move|p1a: Agua Potable|Hydro Steam|p2a: Schimitar\n|-damage|p2a: Schimitar|0 fnt\n|faint|p2a: Schimitar\n|\n|upkeep\n|\n|t:|1696195613\n|switch|p2a: Yusuke|Chien-Pao|100\/100\n|-ability|p2a: Yusuke|Sword of Ruin\n|turn|8\n|\n|t:|1696195630\n|-end|p1a: Agua Potable|Protosynthesis|[silent]\n|switch|p1a: PeloeQk|Flutter Mane|19\/100\n|-terastallize|p1b: Kingambit|Fairy\n|move|p2b: Dolce|Extreme Speed|p1a: PeloeQk\n|-immune|p1a: PeloeQk\n|move|p2a: Yusuke|Sacred Sword|p1b: Kingambit\n|-resisted|p1b: Kingambit\n|-damage|p1b: Kingambit|87\/100\n|move|p1b: Kingambit|Iron Head|p2a: Yusuke\n|-supereffective|p2a: Yusuke\n|-enditem|p2a: Yusuke|Focus Sash\n|-damage|p2a: Yusuke|1\/100\n|\n|upkeep\n|turn|9\n|\n|t:|1696195662\n|move|p2a: Yusuke|Protect|p2a: Yusuke\n|-singleturn|p2a: Yusuke|Protect\n|move|p1b: Kingambit|Sucker Punch||[still]\n|-fail|p1b: Kingambit\n|move|p1a: PeloeQk|Dazzling Gleam|p2b: Dolce|[spread] p2b\n|-activate|p2a: Yusuke|move: Protect\n|-damage|p2b: Dolce|84\/100\n|-damage|p1a: PeloeQk|9\/100|[from] item: Life Orb\n|move|p2b: Dolce|Rock Slide|p1b: Kingambit|[spread] p1a,p1b\n|-damage|p1a: PeloeQk|0 fnt\n|-damage|p1b: Kingambit|64\/100\n|faint|p1a: PeloeQk\n|-end|p1a: PeloeQk|Protosynthesis|[silent]\n|\n|upkeep\n|\n|t:|1696195679\n|switch|p1a: Agua Potable|Walking Wake|48\/100\n|turn|10\n|\n|t:|1696195697\n|move|p2b: Dolce|Extreme Speed|p1a: Agua Potable\n|-damage|p1a: Agua Potable|0 fnt\n|faint|p1a: Agua Potable\n|-end|p1a: Agua Potable|Protosynthesis|[silent]\n|move|p2a: Yusuke|Ice Spinner|p1b: Kingambit\n|-damage|p1b: Kingambit|28\/100\n|move|p1b: Kingambit|Tera Blast|p2b: Dolce|[anim] Tera Blast Fairy\n|-damage|p2b: Dolce|0 fnt\n|faint|p2b: Dolce\n|\n|upkeep\n|turn|11\n|\n|t:|1696195710\n|move|p2a: Yusuke|Protect|p2a: Yusuke\n|-singleturn|p2a: Yusuke|Protect\n|move|p1b: Kingambit|Sucker Punch||[still]\n|-fail|p1b: Kingambit\n|\n|upkeep\n|turn|12\n|inactive|Battle timer is ON: inactive players will automatically lose when time's up. (requested by the mudkip warrior)\n|\n|t:|1696195718\n|move|p2a: Yusuke|Protect|p2a: Yusuke\n|-singleturn|p2a: Yusuke|Protect\n|move|p1b: Kingambit|Sucker Punch||[still]\n|-fail|p1b: Kingambit\n|\n|upkeep\n|turn|13\n|\n|t:|1696195728\n|move|p2a: Yusuke|Protect||[still]\n|-fail|p2a: Yusuke\n|move|p1b: Kingambit|Sucker Punch||[still]\n|-fail|p1b: Kingambit\n|\n|upkeep\n|turn|14\n|\n|t:|1696195739\n|move|p2a: Yusuke|Protect|p2a: Yusuke\n|-singleturn|p2a: Yusuke|Protect\n|move|p1b: Kingambit|Sucker Punch||[still]\n|-fail|p1b: Kingambit\n|\n|upkeep\n|turn|15\n|\n|t:|1696195751\n|move|p2a: Yusuke|Protect|p2a: Yusuke\n|-singleturn|p2a: Yusuke|Protect\n|move|p1b: Kingambit|Kowtow Cleave|p2a: Yusuke\n|-activate|p2a: Yusuke|move: Protect\n|\n|upkeep\n|turn|16\n|c|\u2606the mudkip warrior|THE ULTIMATE MINDGAMES\n|\n|t:|1696195770\n|move|p2a: Yusuke|Protect||[still]\n|-fail|p2a: Yusuke\n|move|p1b: Kingambit|Sucker Punch||[still]\n|-fail|p1b: Kingambit\n|\n|upkeep\n|turn|17\n|\n|t:|1696195788\n|move|p2a: Yusuke|Protect|p2a: Yusuke\n|-singleturn|p2a: Yusuke|Protect\n|move|p1b: Kingambit|Kowtow Cleave|p2a: Yusuke\n|-activate|p2a: Yusuke|move: Protect\n|\n|upkeep\n|turn|18\n|\n|t:|1696195797\n|move|p2a: Yusuke|Protect||[still]\n|-fail|p2a: Yusuke\n|move|p1b: Kingambit|Sucker Punch||[still]\n|-fail|p1b: Kingambit\n|\n|upkeep\n|turn|19\n|\n|t:|1696195806\n|move|p2a: Yusuke|Protect|p2a: Yusuke\n|-singleturn|p2a: Yusuke|Protect\n|move|p1b: Kingambit|Kowtow Cleave|p2a: Yusuke\n|-activate|p2a: Yusuke|move: Protect\n|\n|upkeep\n|turn|20\n|\n|t:|1696195814\n|move|p2a: Yusuke|Protect||[still]\n|-fail|p2a: Yusuke\n|move|p1b: Kingambit|Kowtow Cleave|p2a: Yusuke\n|-resisted|p2a: Yusuke\n|-damage|p2a: Yusuke|0 fnt\n|faint|p2a: Yusuke\n|\n|win|Anna Lisa Melculo\n|raw|Anna Lisa Melculo's rating: 1443 &rarr; <strong>1469<\/strong><br \/>(+26 for winning)\n|raw|the mudkip warrior's rating: 1543 &rarr; <strong>1517<\/strong><br \/>(-26 for losing)\n|c|\u2606the mudkip warrior|dammit.\n|c|\u2606Anna Lisa Melculo|finally lol\n|c|\u2606Anna Lisa Melculo|gg\n","uploadtime":1696195823,"views":7,"p1id":"annalisamelculo","p2id":"themudkipwarrior","formatid":"gen9nationaldexdoubles","rating":1469,"private":0,"password":""}