{"id":"gen9nationaldexdoubles-1948159259","p1":"theOhgdhdhdhdhdhdh","p2":"Rasangar","format":"[Gen 9] National Dex Doubles","log":"|j|\u2606theOhgdhdhdhdhdhdh\n|j|\u2606Rasangar\n|t:|1695234944\n|gametype|doubles\n|player|p1|theOhgdhdhdhdhdhdh|acetrainer-gen4dp|1047\n|player|p2|Rasangar|266|1176\n|teamsize|p1|6\n|teamsize|p2|6\n|gen|9\n|tier|[Gen 9] National Dex Doubles\n|rated|\n|rule|HP Percentage Mod: HP is shown in percentages\n|rule|Endless Battle Clause: Forcing endless battles is banned\n|rule|OHKO Clause: OHKO moves are banned\n|rule|Evasion Moves Clause: Evasion moves are banned\n|rule|Evasion Abilities Clause: Evasion abilities are banned\n|rule|Species Clause: Limit one of each Pok\u00e9mon\n|rule|Gravity Sleep Clause: The combination of sleep-inducing moves with imperfect accuracy and Gravity or Gigantamax Orbeetle are banned\n|clearpoke\n|poke|p1|Politoed, M|\n|poke|p1|Kingdra, F|\n|poke|p1|Abomasnow, F|\n|poke|p1|Mamoswine, M|\n|poke|p1|Whimsicott, F|\n|poke|p1|Metagross|\n|poke|p2|Amoonguss, M|\n|poke|p2|Pelipper, F|\n|poke|p2|Palafin, F|\n|poke|p2|Great Tusk|\n|poke|p2|Gholdengo|\n|poke|p2|Garganacl, M|\n|teampreview\n|\n|t:|1695234967\n|start\n|switch|p1a: Whimsicott|Whimsicott, F|100\/100\n|switch|p1b: Politoed|Politoed, M|100\/100\n|switch|p2a: Palafin|Palafin, F, shiny|100\/100\n|switch|p2b: Great Tusk|Great Tusk|100\/100\n|-weather|RainDance|[from] ability: Drizzle|[of] p1b: Politoed\n|-enditem|p2b: Great Tusk|Booster Energy\n|-activate|p2b: Great Tusk|ability: Protosynthesis|[fromitem]\n|-start|p2b: Great Tusk|protosynthesisdef\n|turn|1\n|\n|t:|1695235007\n|move|p1b: Politoed|Protect|p1b: Politoed\n|-singleturn|p1b: Politoed|Protect\n|move|p1a: Whimsicott|Tailwind|p1a: Whimsicott\n|-sidestart|p1: theOhgdhdhdhdhdhdh|move: Tailwind\n|move|p2a: Palafin|Flip Turn|p1b: Politoed\n|-activate|p1b: Politoed|move: Protect\n|move|p2b: Great Tusk|Ice Spinner|p1a: Whimsicott\n|-supereffective|p1a: Whimsicott\n|-damage|p1a: Whimsicott|55\/100\n|\n|-weather|RainDance|[upkeep]\n|-heal|p1a: Whimsicott|62\/100|[from] item: Leftovers\n|upkeep\n|turn|2\n|\n|t:|1695235029\n|move|p1a: Whimsicott|Tailwind||[still]\n|-fail|p1a: Whimsicott\n|move|p1b: Politoed|Scald|p2b: Great Tusk\n|-supereffective|p2b: Great Tusk\n|-damage|p2b: Great Tusk|0 fnt\n|faint|p2b: Great Tusk\n|-end|p2b: Great Tusk|Protosynthesis|[silent]\n|move|p2a: Palafin|Flip Turn|p1b: Politoed\n|-resisted|p1b: Politoed\n|-damage|p1b: Politoed|80\/100\n|\n|t:|1695235034\n|detailschange|p2a: Palafin|Palafin-Hero, F, shiny\n|switch|p2a: Pelipper|Pelipper, F|100\/100|[from] Flip Turn\n|\n|-weather|RainDance|[upkeep]\n|-heal|p1a: Whimsicott|68\/100|[from] item: Leftovers\n|-heal|p1b: Politoed|86\/100|[from] item: Leftovers\n|upkeep\n|\n|t:|1695235037\n|switch|p2b: Palafin|Palafin-Hero, F, shiny|100\/100\n|-activate|p2b: Palafin|ability: Zero to Hero\n|turn|3\n|\n|t:|1695235069\n|-terastallize|p2b: Palafin|Water\n|move|p1b: Politoed|Helping Hand|p1a: Whimsicott\n|-singleturn|p1a: Whimsicott|Helping Hand|[of] p1b: Politoed\n|move|p2b: Palafin|Jet Punch|p1a: Whimsicott\n|-resisted|p1a: Whimsicott\n|-damage|p1a: Whimsicott|16\/100\n|move|p1a: Whimsicott|U-turn|p2b: Palafin\n|-damage|p2b: Palafin|81\/100\n|\n|t:|1695235082\n|switch|p1a: Metagross|Metagross|100\/100|[from] U-turn\n|move|p2a: Pelipper|Tailwind|p2a: Pelipper\n|-sidestart|p2: Rasangar|move: Tailwind\n|\n|-weather|RainDance|[upkeep]\n|-heal|p1b: Politoed|92\/100|[from] item: Leftovers\n|upkeep\n|turn|4\n|\n|t:|1695235097\n|move|p1b: Politoed|Protect|p1b: Politoed\n|-singleturn|p1b: Politoed|Protect\n|move|p2b: Palafin|Jet Punch|p1a: Metagross\n|-damage|p1a: Metagross|16\/100\n|move|p1a: Metagross|Explosion|p2b: Palafin|[spread] p2a,p2b\n|-activate|p1b: Politoed|move: Protect\n|-damage|p2a: Pelipper|8\/100\n|-damage|p2b: Palafin|0 fnt\n|faint|p1a: Metagross\n|faint|p2b: Palafin\n|move|p2a: Pelipper|Hurricane|p1b: Politoed\n|-activate|p1b: Politoed|move: Protect\n|\n|-weather|RainDance|[upkeep]\n|-heal|p1b: Politoed|98\/100|[from] item: Leftovers\n|-sideend|p1: theOhgdhdhdhdhdhdh|move: Tailwind\n|upkeep\n|\n|t:|1695235117\n|switch|p2b: Amoonguss|Amoonguss, M, shiny|100\/100\n|switch|p1a: Whimsicott|Whimsicott, F|16\/100\n|turn|5\n|\n|t:|1695235134\n|move|p2a: Pelipper|Protect|p2a: Pelipper\n|-singleturn|p2a: Pelipper|Protect\n|move|p1a: Whimsicott|Taunt|p2b: Amoonguss\n|-start|p2b: Amoonguss|move: Taunt\n|cant|p2b: Amoonguss|move: Taunt|Spore\n|move|p1b: Politoed|Ice Beam|p2b: Amoonguss\n|-supereffective|p2b: Amoonguss\n|-damage|p2b: Amoonguss|70\/100\n|\n|-weather|none\n|-heal|p1a: Whimsicott|22\/100|[from] item: Leftovers\n|-heal|p1b: Politoed|100\/100|[from] item: Leftovers\n|upkeep\n|turn|6\n|\n|t:|1695235159\n|move|p1a: Whimsicott|Encore|p2a: Pelipper\n|-start|p2a: Pelipper|Encore\n|move|p2a: Pelipper|Protect||[still]\n|-fail|p2a: Pelipper\n|move|p2b: Amoonguss|Giga Drain|p1b: Politoed\n|-supereffective|p1b: Politoed\n|-damage|p1b: Politoed|56\/100\n|-heal|p2b: Amoonguss|93\/100|[from] drain|[of] p1b: Politoed\n|move|p1b: Politoed|Ice Beam|p2b: Amoonguss\n|-supereffective|p2b: Amoonguss\n|-damage|p2b: Amoonguss|63\/100\n|\n|-heal|p1a: Whimsicott|28\/100|[from] item: Leftovers\n|-heal|p1b: Politoed|62\/100|[from] item: Leftovers\n|-sideend|p2: Rasangar|move: Tailwind\n|upkeep\n|turn|7\n|\n|t:|1695235185\n|move|p2a: Pelipper|Protect|p2a: Pelipper\n|-singleturn|p2a: Pelipper|Protect\n|move|p1a: Whimsicott|Tailwind|p1a: Whimsicott\n|-sidestart|p1: theOhgdhdhdhdhdhdh|move: Tailwind\n|move|p1b: Politoed|Ice Beam|p2b: Amoonguss\n|-supereffective|p2b: Amoonguss\n|-damage|p2b: Amoonguss|33\/100\n|move|p2b: Amoonguss|Giga Drain|p1b: Politoed\n|-supereffective|p1b: Politoed\n|-damage|p1b: Politoed|24\/100\n|-heal|p2b: Amoonguss|53\/100|[from] drain|[of] p1b: Politoed\n|\n|-heal|p1a: Whimsicott|34\/100|[from] item: Leftovers\n|-heal|p1b: Politoed|30\/100|[from] item: Leftovers\n|-end|p2b: Amoonguss|move: Taunt\n|upkeep\n|turn|8\n|\n|t:|1695235211\n|switch|p1b: Kingdra|Kingdra, F|100\/100\n|move|p2a: Pelipper|Protect||[still]\n|-fail|p2a: Pelipper\n|move|p1a: Whimsicott|Tailwind||[still]\n|-fail|p1a: Whimsicott\n|move|p2b: Amoonguss|Giga Drain|p1b: Kingdra\n|-damage|p1b: Kingdra|75\/100\n|-heal|p2b: Amoonguss|63\/100|[from] drain|[of] p1b: Kingdra\n|\n|-heal|p1a: Whimsicott|40\/100|[from] item: Leftovers\n|-end|p2a: Pelipper|Encore\n|upkeep\n|turn|9\n|\n|t:|1695235239\n|move|p1a: Whimsicott|Taunt|p2b: Amoonguss\n|-start|p2b: Amoonguss|move: Taunt\n|move|p1b: Kingdra|Hurricane|p2b: Amoonguss\n|-supereffective|p2b: Amoonguss\n|-damage|p2b: Amoonguss|12\/100\n|move|p2a: Pelipper|Roost|p2a: Pelipper\n|-heal|p2a: Pelipper|58\/100\n|-singleturn|p2a: Pelipper|move: Roost\n|cant|p2b: Amoonguss|move: Taunt|Spore\n|\n|-heal|p1a: Whimsicott|46\/100|[from] item: Leftovers\n|upkeep\n|turn|10\n|\n|t:|1695235265\n|move|p1a: Whimsicott|Encore|p2a: Pelipper\n|-start|p2a: Pelipper|Encore\n|move|p1b: Kingdra|Hurricane|p2b: Amoonguss|[miss]\n|-miss|p1b: Kingdra|p2b: Amoonguss\n|move|p2a: Pelipper|Roost|p2a: Pelipper\n|-heal|p2a: Pelipper|100\/100\n|-singleturn|p2a: Pelipper|move: Roost\n|move|p2b: Amoonguss|Giga Drain|p1b: Kingdra\n|-damage|p1b: Kingdra|46\/100\n|-heal|p2b: Amoonguss|24\/100|[from] drain|[of] p1b: Kingdra\n|\n|-heal|p1a: Whimsicott|53\/100|[from] item: Leftovers\n|-sideend|p1: theOhgdhdhdhdhdhdh|move: Tailwind\n|upkeep\n|turn|11\n|\n|t:|1695235309\n|switch|p2a: Gholdengo|Gholdengo|100\/100\n|move|p1a: Whimsicott|Tailwind|p1a: Whimsicott\n|-sidestart|p1: theOhgdhdhdhdhdhdh|move: Tailwind\n|move|p1b: Kingdra|Hurricane|p2b: Amoonguss\n|-supereffective|p2b: Amoonguss\n|-damage|p2b: Amoonguss|0 fnt\n|faint|p2b: Amoonguss\n|\n|-heal|p1a: Whimsicott|59\/100|[from] item: Leftovers\n|upkeep\n|\n|t:|1695235313\n|switch|p2b: Pelipper|Pelipper, F|100\/100\n|-weather|RainDance|[from] ability: Drizzle|[of] p2b: Pelipper\n|turn|12\n|\n|t:|1695235343\n|move|p1b: Kingdra|Muddy Water|p2b: Pelipper|[spread] p2a,p2b\n|-resisted|p2b: Pelipper\n|-damage|p2a: Gholdengo|45\/100\n|-damage|p2b: Pelipper|57\/100\n|-unboost|p2a: Gholdengo|accuracy|1\n|move|p1a: Whimsicott|U-turn|p2a: Gholdengo\n|-resisted|p2a: Gholdengo\n|-damage|p2a: Gholdengo|43\/100\n|\n|t:|1695235352\n|switch|p1a: Politoed|Politoed, M|30\/100|[from] U-turn\n|move|p2a: Gholdengo|Make It Rain|p1a: Politoed|[spread] p1b\n|-miss|p2a: Gholdengo|p1a: Politoed\n|-resisted|p1b: Kingdra\n|-damage|p1b: Kingdra|14\/100\n|-unboost|p2a: Gholdengo|spa|1\n|move|p2b: Pelipper|Hurricane|p1a: Politoed\n|-damage|p1a: Politoed|0 fnt\n|faint|p1a: Politoed\n|\n|-weather|RainDance|[upkeep]\n|upkeep\n|\n|t:|1695235369\n|switch|p1a: Whimsicott|Whimsicott, F|59\/100\n|turn|13\n|\n|t:|1695235394\n|move|p1a: Whimsicott|Tailwind||[still]\n|-fail|p1a: Whimsicott\n|move|p1b: Kingdra|Muddy Water|p2b: Pelipper|[spread] p2a,p2b\n|-resisted|p2b: Pelipper\n|-damage|p2a: Gholdengo|0 fnt\n|-damage|p2b: Pelipper|16\/100\n|faint|p2a: Gholdengo\n|move|p2b: Pelipper|Hurricane|p1a: Whimsicott\n|-supereffective|p1a: Whimsicott\n|-damage|p1a: Whimsicott|0 fnt\n|faint|p1a: Whimsicott\n|\n|-weather|RainDance|[upkeep]\n|upkeep\n|\n|t:|1695235411\n|switch|p1a: Abomasnow|Abomasnow, F|100\/100\n|switch|p2a: Garganacl|Garganacl, M|100\/100\n|-weather|Snow|[from] ability: Snow Warning|[of] p1a: Abomasnow\n|turn|14\n|\n|t:|1695235429\n|-terastallize|p1a: Abomasnow|Grass\n|move|p1b: Kingdra|Muddy Water|p2a: Garganacl|[spread] p2a,p2b\n|-supereffective|p2a: Garganacl\n|-resisted|p2b: Pelipper\n|-damage|p2a: Garganacl|39\/100\n|-damage|p2b: Pelipper|0 fnt\n|faint|p2b: Pelipper\n|move|p1a: Abomasnow|Earthquake|p2a: Garganacl|[spread] p1b,p2a\n|-supereffective|p2a: Garganacl\n|-damage|p1b: Kingdra|0 fnt\n|-damage|p2a: Garganacl|22\/100\n|faint|p1b: Kingdra\n|move|p2a: Garganacl|Salt Cure|p1a: Abomasnow\n|-damage|p1a: Abomasnow|84\/100\n|-start|p1a: Abomasnow|Salt Cure\n|\n|-weather|Snow|[upkeep]\n|-heal|p2a: Garganacl|28\/100|[from] item: Leftovers\n|-damage|p1a: Abomasnow|72\/100|[from] Salt Cure\n|-sideend|p1: theOhgdhdhdhdhdhdh|move: Tailwind\n|upkeep\n|\n|t:|1695235447\n|switch|p1b: Mamoswine|Mamoswine, M|100\/100\n|turn|15\n|\n|t:|1695235457\n|move|p1b: Mamoswine|Protect|p1b: Mamoswine\n|-singleturn|p1b: Mamoswine|Protect\n|move|p1a: Abomasnow|Earthquake|p2a: Garganacl|[spread] p2a\n|-activate|p1b: Mamoswine|move: Protect\n|-supereffective|p2a: Garganacl\n|-crit|p2a: Garganacl\n|-damage|p2a: Garganacl|1\/100\n|move|p2a: Garganacl|Recover|p2a: Garganacl\n|-heal|p2a: Garganacl|51\/100\n|\n|-weather|Snow|[upkeep]\n|-heal|p2a: Garganacl|57\/100|[from] item: Leftovers\n|-damage|p1a: Abomasnow|60\/100|[from] Salt Cure\n|upkeep\n|turn|16\n|\n|t:|1695235475\n|move|p1a: Abomasnow|Protect|p1a: Abomasnow\n|-singleturn|p1a: Abomasnow|Protect\n|move|p1b: Mamoswine|Earthquake|p2a: Garganacl|[spread] p2a\n|-activate|p1a: Abomasnow|move: Protect\n|-supereffective|p2a: Garganacl\n|-damage|p2a: Garganacl|17\/100\n|move|p2a: Garganacl|Recover|p2a: Garganacl\n|-heal|p2a: Garganacl|68\/100\n|\n|-weather|Snow|[upkeep]\n|-heal|p2a: Garganacl|74\/100|[from] item: Leftovers\n|-damage|p1a: Abomasnow|47\/100|[from] Salt Cure\n|upkeep\n|turn|17\n|\n|t:|1695235498\n|move|p1b: Mamoswine|Rock Slide|p2a: Garganacl\n|-damage|p2a: Garganacl|59\/100\n|move|p1a: Abomasnow|Wood Hammer|p2a: Garganacl\n|-supereffective|p2a: Garganacl\n|-damage|p2a: Garganacl|0 fnt\n|faint|p2a: Garganacl\n|-damage|p1a: Abomasnow|29\/100|[from] Recoil\n|\n|win|theOhgdhdhdhdhdhdh\n|raw|theOhgdhdhdhdhdhdh's rating: 1047 &rarr; <strong>1092<\/strong><br \/>(+45 for winning)\n|raw|Rasangar's rating: 1176 &rarr; <strong>1142<\/strong><br \/>(-34 for losing)\n|l|\u2606Rasangar\n","uploadtime":1695235518,"views":4,"p1id":"theohgdhdhdhdhdhdh","p2id":"rasangar","formatid":"gen9nationaldexdoubles","rating":1092,"private":0,"password":""}