{"id":"gen9nationaldexdoubles-1949550267","p1":"dusttrustblueberry","p2":"cursedqueenofdonzo","format":"[Gen 9] National Dex Doubles","log":"|j|\u2606dusttrustblueberry\n|j|\u2606cursedqueenofdonzo\n|t:|1695377446\n|gametype|doubles\n|player|p1|dusttrustblueberry|steven-masters2|1436\n|player|p2|cursedqueenofdonzo|dawn-masters3|1457\n|teamsize|p1|6\n|teamsize|p2|6\n|gen|9\n|tier|[Gen 9] National Dex Doubles\n|rated|\n|rule|HP Percentage Mod: HP is shown in percentages\n|rule|Endless Battle Clause: Forcing endless battles is banned\n|rule|OHKO Clause: OHKO moves are banned\n|rule|Evasion Moves Clause: Evasion moves are banned\n|rule|Evasion Abilities Clause: Evasion abilities are banned\n|rule|Species Clause: Limit one of each Pok\u00e9mon\n|rule|Gravity Sleep Clause: The combination of sleep-inducing moves with imperfect accuracy and Gravity or Gigantamax Orbeetle are banned\n|clearpoke\n|poke|p1|Tornadus, M|\n|poke|p1|Regidrago|\n|poke|p1|Rillaboom, M|\n|poke|p1|Heatran, M|\n|poke|p1|Amoonguss, M|\n|poke|p1|Incineroar, F|\n|poke|p2|Diancie|\n|poke|p2|Chien-Pao|\n|poke|p2|Flutter Mane|\n|poke|p2|Volcanion|\n|poke|p2|Rillaboom, M|\n|poke|p2|Zygarde|\n|teampreview\n|inactive|Battle timer is ON: inactive players will automatically lose when time's up. (requested by dusttrustblueberry)\n|c|\u2606dusttrustblueberry|\u597d\u597d\u597d\n|c|\u2606cursedqueenofdonzo|...\n|c|\u2606dusttrustblueberry|\u521a\u6362\u961f\n|c|\u2606dusttrustblueberry|6\n|inactive|dusttrustblueberry has 120 seconds left.\n|\n|t:|1695377481\n|start\n|switch|p1a: Incineroar|Incineroar, F|100\/100\n|switch|p1b: Tornadus|Tornadus, M|100\/100\n|switch|p2a: Chien-Pao|Chien-Pao|100\/100\n|switch|p2b: Rillaboom|Rillaboom, M|100\/100\n|-ability|p2a: Chien-Pao|Sword of Ruin\n|-fieldstart|move: Grassy Terrain|[from] ability: Grassy Surge|[of] p2b: Rillaboom\n|-ability|p1a: Incineroar|Intimidate|boost\n|-unboost|p2a: Chien-Pao|atk|1\n|-unboost|p2b: Rillaboom|atk|1\n|turn|1\n|\n|t:|1695377504\n|switch|p2a: Volcanion|Volcanion|100\/100\n|move|p1a: Incineroar|Fake Out|p2a: Volcanion\n|-damage|p2a: Volcanion|91\/100\n|move|p1b: Tornadus|Tailwind|p1b: Tornadus\n|-sidestart|p1: dusttrustblueberry|move: Tailwind\n|move|p2b: Rillaboom|U-turn|p1a: Incineroar\n|-damage|p1a: Incineroar|87\/100\n|\n|t:|1695377523\n|switch|p2b: Diancie|Diancie|100\/100|[from] U-turn\n|\n|-heal|p1a: Incineroar|94\/100|[from] Grassy Terrain\n|-heal|p2a: Volcanion|97\/100|[from] Grassy Terrain\n|upkeep\n|turn|2\n|\n|t:|1695377533\n|move|p1b: Tornadus|Taunt|p2b: Diancie\n|-start|p2b: Diancie|move: Taunt\n|move|p1a: Incineroar|Parting Shot|p2a: Volcanion\n|-unboost|p2a: Volcanion|atk|1\n|-unboost|p2a: Volcanion|spa|1\n|\n|t:|1695377541\n|switch|p1a: Rillaboom|Rillaboom, M|100\/100|[from] Parting Shot\n|cant|p2b: Diancie|move: Taunt|Substitute\n|move|p2a: Volcanion|Steam Eruption|p1a: Rillaboom\n|-resisted|p1a: Rillaboom\n|-damage|p1a: Rillaboom|77\/100\n|\n|-heal|p1a: Rillaboom|84\/100|[from] Grassy Terrain\n|-heal|p2a: Volcanion|100\/100|[from] Grassy Terrain\n|upkeep\n|turn|3\n|c|\u2606cursedqueenofdonzo|\u554a\uff1f\n|c|\u2606cursedqueenofdonzo|\u4e0d\u6015\u6211mega\u5417\n|\n|t:|1695377566\n|switch|p1b: Regidrago|Regidrago|100\/100\n|switch|p2b: Rillaboom|Rillaboom, M|100\/100\n|-terastallize|p1a: Rillaboom|Grass\n|move|p1a: Rillaboom|Grassy Glide|p2b: Rillaboom\n|-resisted|p2b: Rillaboom\n|-damage|p2b: Rillaboom|69\/100\n|-damage|p1a: Rillaboom|74\/100|[from] item: Life Orb\n|move|p2a: Volcanion|Heat Wave|p1b: Regidrago|[spread] p1a,p1b\n|-supereffective|p1a: Rillaboom\n|-resisted|p1b: Regidrago\n|-damage|p1a: Rillaboom|12\/100\n|-damage|p1b: Regidrago|86\/100\n|-status|p1b: Regidrago|brn\n|\n|-heal|p1b: Regidrago|93\/100 brn|[from] Grassy Terrain\n|-heal|p1a: Rillaboom|18\/100|[from] Grassy Terrain\n|-heal|p2b: Rillaboom|75\/100|[from] Grassy Terrain\n|-damage|p1b: Regidrago|86\/100 brn|[from] brn\n|upkeep\n|turn|4\n|c|\u2606dusttrustblueberry|\u5c31\u662f\u8bfb\u4f60\u4e0dmega\n|c|\u2606cursedqueenofdonzo|..\n|\n|t:|1695377596\n|switch|p1a: Heatran|Heatran, M|100\/100\n|switch|p2a: Zygarde|Zygarde|100\/100\n|-ability|p2a: Zygarde|Aura Break\n|move|p2b: Rillaboom|Fake Out|p1a: Heatran\n|-resisted|p1a: Heatran\n|-damage|p1a: Heatran|94\/100\n|move|p1b: Regidrago|Dragon Energy|p2a: Zygarde|[spread] p2a,p2b\n|-supereffective|p2a: Zygarde\n|-damage|p2a: Zygarde|0 fnt\n|-damage|p2b: Rillaboom|16\/100\n|faint|p2a: Zygarde\n|\n|-heal|p1a: Heatran|99\/100|[from] Grassy Terrain\n|-heal|p1b: Regidrago|93\/100 brn|[from] Grassy Terrain\n|-heal|p1a: Heatran|100\/100|[from] item: Leftovers\n|-heal|p2b: Rillaboom|22\/100|[from] Grassy Terrain\n|-damage|p1b: Regidrago|86\/100 brn|[from] brn\n|-sideend|p1: dusttrustblueberry|move: Tailwind\n|upkeep\n|\n|t:|1695377614\n|switch|p2a: Chien-Pao|Chien-Pao|100\/100\n|-ability|p2a: Chien-Pao|Sword of Ruin\n|turn|5\n|\n|t:|1695377626\n|switch|p1b: Incineroar|Incineroar, F|94\/100\n|-ability|p1b: Incineroar|Intimidate|boost\n|-unboost|p2a: Chien-Pao|atk|1\n|-unboost|p2b: Rillaboom|atk|1\n|-zpower|p2a: Chien-Pao\n|move|p2a: Chien-Pao|Black Hole Eclipse|p1a: Heatran|[zeffect]\n|-damage|p1a: Heatran|34\/100\n|move|p1a: Heatran|Heat Wave|p2b: Rillaboom|[spread] p2a,p2b\n|-supereffective|p2a: Chien-Pao\n|-crit|p2a: Chien-Pao\n|-supereffective|p2b: Rillaboom\n|-damage|p2a: Chien-Pao|0 fnt\n|-damage|p2b: Rillaboom|0 fnt\n|faint|p2a: Chien-Pao\n|faint|p2b: Rillaboom\n|\n|-heal|p1a: Heatran|41\/100|[from] Grassy Terrain\n|-heal|p1a: Heatran|47\/100|[from] item: Leftovers\n|-heal|p1b: Incineroar|99\/100|[from] Grassy Terrain\n|-fieldend|move: Grassy Terrain\n|upkeep\n|\n|t:|1695377632\n|switch|p2a: Diancie|Diancie|100\/100\n|switch|p2b: Volcanion|Volcanion|100\/100\n|turn|6\n|\n|t:|1695377654\n|move|p2a: Diancie|Protect|p2a: Diancie\n|-singleturn|p2a: Diancie|Protect\n|move|p1b: Incineroar|Fake Out|p2a: Diancie\n|-activate|p2a: Diancie|move: Protect\n|move|p1a: Heatran|Earth Power|p2a: Diancie\n|-activate|p2a: Diancie|move: Protect\n|move|p2b: Volcanion|Steam Eruption|p1b: Incineroar\n|-supereffective|p1b: Incineroar\n|-damage|p1b: Incineroar|14\/100\n|\n|-heal|p1a: Heatran|53\/100|[from] item: Leftovers\n|upkeep\n|turn|7\n|\n|t:|1695377687\n|switch|p1b: Rillaboom|Rillaboom, M, tera:Grass|18\/100\n|-fieldstart|move: Grassy Terrain|[from] ability: Grassy Surge|[of] p1b: Rillaboom\n|detailschange|p2a: Diancie|Diancie-Mega\n|-mega|p2a: Diancie|Diancie|Diancite\n|move|p1a: Heatran|Protect|p1a: Heatran\n|-singleturn|p1a: Heatran|Protect\n|move|p2a: Diancie|Diamond Storm|p1b: Rillaboom|[spread] p1b\n|-activate|p1a: Heatran|move: Protect\n|-damage|p1b: Rillaboom|0 fnt\n|-boost|p2a: Diancie|def|2\n|faint|p1b: Rillaboom\n|move|p2b: Volcanion|Steam Eruption|p1a: Heatran\n|-activate|p1a: Heatran|move: Protect\n|\n|-heal|p1a: Heatran|59\/100|[from] Grassy Terrain\n|-heal|p1a: Heatran|65\/100|[from] item: Leftovers\n|upkeep\n|inactive|dusttrustblueberry has 120 seconds left.\n|\n|t:|1695377703\n|switch|p1b: Amoonguss|Amoonguss, M|100\/100\n|turn|8\n|inactive|dusttrustblueberry has 120 seconds left.\n|\n|t:|1695377727\n|switch|p1a: Incineroar|Incineroar, F|14\/100\n|-ability|p1a: Incineroar|Intimidate|boost\n|-unboost|p2a: Diancie|atk|1\n|-unboost|p2b: Volcanion|atk|1\n|-terastallize|p2b: Volcanion|Grass\n|move|p2a: Diancie|Diamond Storm|p1a: Incineroar|[spread] p1a,p1b\n|-supereffective|p1a: Incineroar\n|-damage|p1a: Incineroar|0 fnt\n|-damage|p1b: Amoonguss|73\/100\n|faint|p1a: Incineroar\n|move|p2b: Volcanion|Steam Eruption|p1b: Amoonguss\n|-resisted|p1b: Amoonguss\n|-damage|p1b: Amoonguss|50\/100\n|-status|p1b: Amoonguss|brn\n|-enditem|p1b: Amoonguss|Sitrus Berry|[eat]\n|-heal|p1b: Amoonguss|75\/100 brn|[from] item: Sitrus Berry\n|move|p1b: Amoonguss|Spore|p2b: Volcanion\n|-immune|p2b: Volcanion\n|\n|-heal|p1b: Amoonguss|82\/100 brn|[from] Grassy Terrain\n|-damage|p1b: Amoonguss|75\/100 brn|[from] brn\n|upkeep\n|inactive|dusttrustblueberry has 120 seconds left.\n|\n|t:|1695377741\n|switch|p1a: Tornadus|Tornadus, M|100\/100\n|turn|9\n|\n|t:|1695377749\n|move|p1a: Tornadus|Tailwind|p1a: Tornadus\n|-sidestart|p1: dusttrustblueberry|move: Tailwind\n|move|p2a: Diancie|Diamond Storm|p1a: Tornadus|[spread] p1a,p1b\n|-supereffective|p1a: Tornadus\n|-damage|p1a: Tornadus|22\/100\n|-damage|p1b: Amoonguss|47\/100 brn\n|-boost|p2a: Diancie|def|2\n|move|p2b: Volcanion|Heat Wave|p1b: Amoonguss|[spread] p1a,p1b\n|-crit|p1a: Tornadus\n|-supereffective|p1b: Amoonguss\n|-damage|p1a: Tornadus|0 fnt\n|-damage|p1b: Amoonguss|0 fnt\n|faint|p1a: Tornadus\n|faint|p1b: Amoonguss\n|\n|upkeep\n|\n|t:|1695377755\n|switch|p1a: Regidrago|Regidrago|86\/100 brn\n|switch|p1b: Heatran|Heatran, M|65\/100\n|turn|10\n|\n|t:|1695377783\n|move|p1b: Heatran|Eruption|p2a: Diancie|[spread] p2a,p2b\n|-resisted|p2a: Diancie\n|-supereffective|p2b: Volcanion\n|-damage|p2a: Diancie|76\/100\n|-damage|p2b: Volcanion|46\/100\n|move|p1a: Regidrago|Earth Power|p2a: Diancie\n|-supereffective|p2a: Diancie\n|-damage|p2a: Diancie|0 fnt\n|faint|p2a: Diancie\n|move|p2b: Volcanion|Steam Eruption|p1b: Heatran\n|-supereffective|p1b: Heatran\n|-damage|p1b: Heatran|0 fnt\n|faint|p1b: Heatran\n|\n|-heal|p1a: Regidrago|93\/100 brn|[from] Grassy Terrain\n|-heal|p2b: Volcanion|52\/100|[from] Grassy Terrain\n|-damage|p1a: Regidrago|86\/100 brn|[from] brn\n|upkeep\n|\n|t:|1695377790\n|switch|p2a: \u6709\u4e00\u79cd\u5f3a\u5ea6\u7f8e|Flutter Mane|100\/100\n|-enditem|p2a: \u6709\u4e00\u79cd\u5f3a\u5ea6\u7f8e|Booster Energy\n|-activate|p2a: \u6709\u4e00\u79cd\u5f3a\u5ea6\u7f8e|ability: Protosynthesis|[fromitem]\n|-start|p2a: \u6709\u4e00\u79cd\u5f3a\u5ea6\u7f8e|protosynthesisspe\n|turn|11\n|c|\u2606dusttrustblueberry|\u5bc4\u5b8c\u4e86\n|c|\u2606cursedqueenofdonzo|gg\n|\n|t:|1695377803\n|move|p2a: \u6709\u4e00\u79cd\u5f3a\u5ea6\u7f8e|Protect|p2a: \u6709\u4e00\u79cd\u5f3a\u5ea6\u7f8e\n|-singleturn|p2a: \u6709\u4e00\u79cd\u5f3a\u5ea6\u7f8e|Protect\n|move|p1a: Regidrago|Earth Power|p2a: \u6709\u4e00\u79cd\u5f3a\u5ea6\u7f8e\n|-activate|p2a: \u6709\u4e00\u79cd\u5f3a\u5ea6\u7f8e|move: Protect\n|move|p2b: Volcanion|Steam Eruption|p1a: Regidrago\n|-resisted|p1a: Regidrago\n|-damage|p1a: Regidrago|51\/100 brn\n|\n|-heal|p1a: Regidrago|57\/100 brn|[from] Grassy Terrain\n|-heal|p2b: Volcanion|58\/100|[from] Grassy Terrain\n|-damage|p1a: Regidrago|51\/100 brn|[from] brn\n|-fieldend|move: Grassy Terrain\n|upkeep\n|turn|12\n|c|\u2606dusttrustblueberry|\u8fd9\u961f\u4f0d\u4e0d\u9002\u5e94\u73af\u5883\u4e86\n|c|\u2606dusttrustblueberry|\u672c\u6765\u662f\u524d20\u7684\u961f\u4f0d\n|c|\u2606dusttrustblueberry|\u83dc\u6b7b\n|\n|t:|1695377831\n|move|p1a: Regidrago|Earth Power|p2a: \u6709\u4e00\u79cd\u5f3a\u5ea6\u7f8e\n|-damage|p2a: \u6709\u4e00\u79cd\u5f3a\u5ea6\u7f8e|68\/100\n|move|p2a: \u6709\u4e00\u79cd\u5f3a\u5ea6\u7f8e|Moonblast|p1a: Regidrago\n|-supereffective|p1a: Regidrago\n|-damage|p1a: Regidrago|0 fnt\n|faint|p1a: Regidrago\n|\n|win|cursedqueenofdonzo\n|raw|dusttrustblueberry's rating: 1436 &rarr; <strong>1417<\/strong><br \/>(-19 for losing)\n|raw|cursedqueenofdonzo's rating: 1457 &rarr; <strong>1476<\/strong><br \/>(+19 for winning)\n|c|\u2606cursedqueenofdonzo|\u4e50\n","uploadtime":1695377836,"views":12,"p1id":"dusttrustblueberry","p2id":"cursedqueenofdonzo","formatid":"gen9nationaldexdoubles","rating":1417,"private":0,"password":""}