{"id":"gen9nationaldexdoubles-1948307081","p1":"Alecco","p2":"oLordyyo","format":"[Gen 9] National Dex Doubles","log":"|j|\u2606Alecco\n|j|\u2606oLordyyo\n|t:|1695247053\n|gametype|doubles\n|player|p1|Alecco|102|\n|player|p2|oLordyyo|lucas|\n|teamsize|p1|4\n|teamsize|p2|4\n|gen|9\n|tier|[Gen 9] National Dex Doubles\n|rule|HP Percentage Mod: HP is shown in percentages\n|rule|Endless Battle Clause: Forcing endless battles is banned\n|rule|OHKO Clause: OHKO moves are banned\n|rule|Evasion Moves Clause: Evasion moves are banned\n|rule|Evasion Abilities Clause: Evasion abilities are banned\n|rule|Species Clause: Limit one of each Pok\u00e9mon\n|rule|Gravity Sleep Clause: The combination of sleep-inducing moves with imperfect accuracy and Gravity or Gigantamax Orbeetle are banned\n|clearpoke\n|poke|p1|Gallade, M|\n|poke|p1|Ditto|\n|poke|p1|Clodsire, F|\n|poke|p1|Tyranitar, F|\n|poke|p2|Smeargle, M|\n|poke|p2|Torkoal, F|\n|poke|p2|Amoonguss, F|\n|poke|p2|Arcanine, F|\n|teampreview\n|\n|t:|1695247057\n|start\n|switch|p1a: Smant|Clodsire, F|100\/100\n|switch|p1b: Amogus|Ditto|100\/100\n|switch|p2a: Smeargle|Smeargle, M, shiny|100\/100\n|switch|p2b: Torkoal|Torkoal, F|100\/100\n|-transform|p1b: Amogus|p2a: Smeargle|[from] ability: Imposter\n|-weather|SunnyDay|[from] ability: Drought|[of] p2b: Torkoal\n|turn|1\n|\n|t:|1695247083\n|switch|p2b: Amoonguss|Amoonguss, F, shiny|100\/100\n|move|p2a: Smeargle|Spore|p1a: Smant\n|-status|p1a: Smant|slp|[from] move: Spore\n|move|p1b: Amogus|Spore|p2a: Smeargle\n|-status|p2a: Smeargle|slp|[from] move: Spore\n|cant|p1a: Smant|slp\n|\n|-weather|SunnyDay|[upkeep]\n|upkeep\n|turn|2\n|\n|t:|1695247101\n|cant|p2a: Smeargle|slp\n|move|p1b: Amogus|Icy Wind|p2b: Amoonguss|[spread] p2a,p2b\n|-supereffective|p2b: Amoonguss\n|-damage|p2a: Smeargle|95\/100 slp\n|-damage|p2b: Amoonguss|95\/100\n|-unboost|p2a: Smeargle|spe|1\n|-unboost|p2b: Amoonguss|spe|1\n|cant|p1a: Smant|slp\n|move|p2b: Amoonguss|Spore|p1b: Amogus\n|-status|p1b: Amogus|slp|[from] move: Spore\n|\n|-weather|SunnyDay|[upkeep]\n|-heal|p2b: Amoonguss|100\/100|[from] item: Black Sludge\n|upkeep\n|turn|3\n|\n|t:|1695247128\n|switch|p1b: Galahad|Gallade, M|100\/100\n|switch|p2b: Torkoal|Torkoal, F|100\/100\n|cant|p2a: Smeargle|slp\n|-curestatus|p1a: Smant|slp|[msg]\n|move|p1a: Smant|High Horsepower|p2b: Torkoal\n|-supereffective|p2b: Torkoal\n|-damage|p2b: Torkoal|61\/100\n|\n|-weather|SunnyDay|[upkeep]\n|upkeep\n|turn|4\n|\n|t:|1695247150\n|switch|p2b: Amoonguss|Amoonguss, F, shiny|100\/100\n|cant|p2a: Smeargle|slp\n|move|p1b: Galahad|Sacred Sword|p2a: Smeargle\n|-supereffective|p2a: Smeargle\n|-damage|p2a: Smeargle|0 fnt\n|faint|p2a: Smeargle\n|move|p1a: Smant|High Horsepower|p2b: Amoonguss\n|-damage|p2b: Amoonguss|79\/100\n|\n|-weather|SunnyDay|[upkeep]\n|-heal|p2b: Amoonguss|85\/100|[from] item: Black Sludge\n|upkeep\n|\n|t:|1695247163\n|switch|p2a: Arcanine|Arcanine, F, shiny|100\/100\n|-ability|p2a: Arcanine|Intimidate|boost\n|-unboost|p1a: Smant|atk|1\n|-unboost|p1b: Galahad|atk|1\n|turn|5\n|\n|t:|1695247176\n|switch|p1b: Godzilla|Tyranitar, F|100\/100\n|-weather|Sandstorm|[from] ability: Sand Stream|[of] p1b: Godzilla\n|move|p2a: Arcanine|Protect|p2a: Arcanine\n|-singleturn|p2a: Arcanine|Protect\n|move|p2b: Amoonguss|Spore|p1a: Smant\n|-status|p1a: Smant|slp|[from] move: Spore\n|cant|p1a: Smant|slp\n|\n|-weather|Sandstorm|[upkeep]\n|-damage|p2a: Arcanine|94\/100|[from] Sandstorm\n|-damage|p2b: Amoonguss|79\/100|[from] Sandstorm\n|-heal|p2b: Amoonguss|85\/100|[from] item: Black Sludge\n|upkeep\n|turn|6\n|\n|t:|1695247209\n|switch|p2a: Torkoal|Torkoal, F|61\/100\n|-weather|SunnyDay|[from] ability: Drought|[of] p2a: Torkoal\n|move|p2b: Amoonguss|Rage Powder|p2b: Amoonguss\n|-singleturn|p2b: Amoonguss|move: Rage Powder\n|move|p1b: Godzilla|Stone Edge|p2b: Amoonguss|[miss]\n|-miss|p1b: Godzilla|p2b: Amoonguss\n|cant|p1a: Smant|slp\n|\n|-weather|SunnyDay|[upkeep]\n|-heal|p2b: Amoonguss|91\/100|[from] item: Black Sludge\n|upkeep\n|turn|7\n|\n|t:|1695247225\n|move|p2b: Amoonguss|Rage Powder|p2b: Amoonguss\n|-singleturn|p2b: Amoonguss|move: Rage Powder\n|move|p1b: Godzilla|Stone Edge|p2b: Amoonguss\n|-damage|p2b: Amoonguss|45\/100\n|cant|p1a: Smant|slp\n|move|p2a: Torkoal|Body Press|p1b: Godzilla\n|-supereffective|p1b: Godzilla\n|-damage|p1b: Godzilla|27\/100\n|\n|-weather|SunnyDay|[upkeep]\n|-heal|p2b: Amoonguss|51\/100|[from] item: Black Sludge\n|upkeep\n|turn|8\n|\n|t:|1695247241\n|switch|p1b: Amogus|Ditto|100\/100 slp\n|-transform|p1b: Amogus|p2a: Torkoal|[from] ability: Imposter\n|move|p2b: Amoonguss|Protect|p2b: Amoonguss\n|-singleturn|p2b: Amoonguss|Protect\n|move|p2a: Torkoal|Protect|p2a: Torkoal\n|-singleturn|p2a: Torkoal|Protect\n|-curestatus|p1a: Smant|slp|[msg]\n|move|p1a: Smant|Toxic|p2a: Torkoal\n|-activate|p2a: Torkoal|move: Protect\n|\n|-weather|SunnyDay|[upkeep]\n|-heal|p2b: Amoonguss|57\/100|[from] item: Black Sludge\n|upkeep\n|turn|9\n|\n|t:|1695247260\n|-terastallize|p2a: Torkoal|Normal\n|move|p2b: Amoonguss|Protect||[still]\n|-fail|p2b: Amoonguss\n|move|p1a: Smant|Toxic|p2a: Torkoal\n|-status|p2a: Torkoal|tox\n|move|p2a: Torkoal|Explosion|p1a: Smant|[spread] p2b,p1a,p1b\n|-damage|p2b: Amoonguss|0 fnt\n|-damage|p1a: Smant|25\/100\n|-damage|p1b: Amogus|44\/100 slp\n|faint|p2a: Torkoal\n|faint|p2b: Amoonguss\n|cant|p1b: Amogus|slp\n|\n|-weather|SunnyDay|[upkeep]\n|-heal|p1a: Smant|31\/100|[from] item: Leftovers\n|upkeep\n|\n|t:|1695247273\n|switch|p2b: Arcanine|Arcanine, F, shiny|94\/100\n|-ability|p2b: Arcanine|Intimidate|boost\n|-unboost|p1a: Smant|atk|1\n|-unboost|p1b: Amogus|atk|1\n|turn|10\n|\n|t:|1695247285\n|move|p2b: Arcanine|Flare Blitz|p1a: Smant\n|-damage|p1a: Smant|0 fnt\n|-status|p2b: Arcanine|psn|[from] ability: Poison Point|[of] p1a: Smant\n|faint|p1a: Smant\n|-damage|p2b: Arcanine|81\/100 psn|[from] Recoil\n|-curestatus|p1b: Amogus|slp|[msg]\n|move|p1b: Amogus|Explosion|p2b: Arcanine\n|-damage|p2b: Arcanine|26\/100 psn\n|-enditem|p2b: Arcanine|Sitrus Berry|[eat]\n|-heal|p2b: Arcanine|51\/100 psn|[from] item: Sitrus Berry\n|faint|p1b: Amogus\n|\n|-weather|none\n|-damage|p2b: Arcanine|39\/100 psn|[from] psn\n|upkeep\n|\n|t:|1695247299\n|switch|p1b: Galahad|Gallade, M|100\/100\n|switch|p1a: Godzilla|Tyranitar, F|27\/100\n|-weather|Sandstorm|[from] ability: Sand Stream|[of] p1a: Godzilla\n|turn|11\n|\n|t:|1695247308\n|move|p2b: Arcanine|Flare Blitz|p1b: Galahad\n|-damage|p1b: Galahad|10\/100\n|-damage|p2b: Arcanine|14\/100 psn|[from] Recoil\n|move|p1b: Galahad|Aqua Cutter|p2b: Arcanine\n|-supereffective|p2b: Arcanine\n|-damage|p2b: Arcanine|0 fnt\n|faint|p2b: Arcanine\n|\n|win|Alecco\n|l|\u2606oLordyyo\n","uploadtime":1695247322,"views":6,"p1id":"alecco","p2id":"olordyyo","formatid":"gen9nationaldexdoubles","rating":0,"private":0,"password":""}