{"id":"gen9nationaldexdoubles-1964778980","p1":"yasmachine","p2":"xdablordxreal8","format":"[Gen 9] National Dex Doubles","log":"|j|\u2606yasmachine\n|j|\u2606xdablordxreal8\n|t:|1697007548\n|gametype|doubles\n|player|p1|yasmachine|caitlin|1343\n|player|p2|xdablordxreal8|170|1321\n|teamsize|p1|6\n|teamsize|p2|6\n|gen|9\n|tier|[Gen 9] National Dex Doubles\n|rated|\n|rule|HP Percentage Mod: HP is shown in percentages\n|rule|Endless Battle Clause: Forcing endless battles is banned\n|rule|OHKO Clause: OHKO moves are banned\n|rule|Evasion Moves Clause: Evasion moves are banned\n|rule|Evasion Abilities Clause: Evasion abilities are banned\n|rule|Species Clause: Limit one of each Pok\u00e9mon\n|rule|Gravity Sleep Clause: The combination of sleep-inducing moves with imperfect accuracy and Gravity or Gigantamax Orbeetle are banned\n|clearpoke\n|poke|p1|Venusaur, F|\n|poke|p1|Torkoal, F|\n|poke|p1|Whimsicott, F|\n|poke|p1|Walking Wake|\n|poke|p1|Hitmontop, M|\n|poke|p1|Chi-Yu|\n|poke|p2|Amoonguss, M|\n|poke|p2|Diancie|\n|poke|p2|Scream Tail|\n|poke|p2|Camerupt, F|\n|poke|p2|Rotom-Wash|\n|poke|p2|Scrafty, M|\n|teampreview\n|inactive|Battle timer is ON: inactive players will automatically lose when time's up. (requested by yasmachine)\n|c|\u2606yasmachine|gl\n|c|\u2606xdablordxreal8|glhf\n|inactive|yasmachine has 120 seconds left.\n|\n|t:|1697007584\n|start\n|switch|p1a: Torkoal|Torkoal, F|100\/100\n|switch|p1b: Venusaur|Venusaur, F|100\/100\n|switch|p2a: Camerupt|Camerupt, F|100\/100\n|switch|p2b: Scream Tail|Scream Tail|100\/100\n|-weather|SunnyDay|[from] ability: Drought|[of] p1a: Torkoal\n|-activate|p2b: Scream Tail|ability: Protosynthesis\n|-start|p2b: Scream Tail|protosynthesisspd\n|turn|1\n|\n|t:|1697007602\n|switch|p1a: Walking Wake|Walking Wake|100\/100\n|-activate|p1a: Walking Wake|ability: Protosynthesis\n|-start|p1a: Walking Wake|protosynthesisspa\n|detailschange|p2a: Camerupt|Camerupt-Mega, F\n|-mega|p2a: Camerupt|Camerupt|Cameruptite\n|move|p1b: Venusaur|Sludge Bomb|p2b: Scream Tail\n|-supereffective|p2b: Scream Tail\n|-damage|p2b: Scream Tail|47\/100\n|-damage|p1b: Venusaur|91\/100|[from] item: Life Orb\n|move|p2a: Camerupt|Heat Wave|p1a: Walking Wake|[spread] p1a,p1b\n|-resisted|p1a: Walking Wake\n|-supereffective|p1b: Venusaur\n|-damage|p1a: Walking Wake|77\/100\n|-damage|p1b: Venusaur|0 fnt\n|faint|p1b: Venusaur\n|move|p2b: Scream Tail|Trick Room|p2b: Scream Tail\n|-fieldstart|move: Trick Room|[of] p2b: Scream Tail\n|\n|-weather|SunnyDay|[upkeep]\n|-heal|p2b: Scream Tail|53\/100|[from] item: Leftovers\n|upkeep\n|\n|t:|1697007617\n|switch|p1b: Hitmontop|Hitmontop, M|100\/100\n|-ability|p1b: Hitmontop|Intimidate|boost\n|-unboost|p2a: Camerupt|atk|1\n|-unboost|p2b: Scream Tail|atk|1\n|turn|2\n|\n|t:|1697007622\n|move|p2a: Camerupt|Protect|p2a: Camerupt\n|-singleturn|p2a: Camerupt|Protect\n|move|p1b: Hitmontop|Fake Out|p2a: Camerupt\n|-activate|p2a: Camerupt|move: Protect\n|move|p2b: Scream Tail|Dazzling Gleam|p1a: Walking Wake|[spread] p1a,p1b\n|-supereffective|p1a: Walking Wake\n|-supereffective|p1b: Hitmontop\n|-damage|p1a: Walking Wake|43\/100\n|-damage|p1b: Hitmontop|77\/100\n|move|p1a: Walking Wake|Hydro Steam|p2a: Camerupt\n|-activate|p2a: Camerupt|move: Protect\n|\n|-weather|SunnyDay|[upkeep]\n|-heal|p2b: Scream Tail|59\/100|[from] item: Leftovers\n|upkeep\n|turn|3\n|\n|t:|1697007640\n|move|p1b: Hitmontop|Wide Guard|p1b: Hitmontop\n|-singleturn|p1b: Hitmontop|Wide Guard\n|move|p2a: Camerupt|Heat Wave|p1a: Walking Wake|[spread] \n|-activate|p1a: Walking Wake|move: Wide Guard\n|-activate|p1b: Hitmontop|move: Wide Guard\n|move|p2b: Scream Tail|Dazzling Gleam|p1a: Walking Wake|[spread] \n|-activate|p1a: Walking Wake|move: Wide Guard\n|-activate|p1b: Hitmontop|move: Wide Guard\n|move|p1a: Walking Wake|Hydro Steam|p2a: Camerupt\n|-supereffective|p2a: Camerupt\n|-damage|p2a: Camerupt|0 fnt\n|faint|p2a: Camerupt\n|\n|-weather|SunnyDay|[upkeep]\n|-heal|p2b: Scream Tail|65\/100|[from] item: Leftovers\n|upkeep\n|\n|t:|1697007650\n|switch|p2a: Amoonguss|Amoonguss, M|100\/100\n|turn|4\n|\n|t:|1697007662\n|switch|p1b: Whimsicott|Whimsicott, F|100\/100\n|move|p1a: Walking Wake|Protect|p1a: Walking Wake\n|-singleturn|p1a: Walking Wake|Protect\n|move|p2a: Amoonguss|Spore|p1b: Whimsicott\n|-immune|p1b: Whimsicott\n|move|p2b: Scream Tail|Wish|p2b: Scream Tail\n|\n|-weather|SunnyDay|[upkeep]\n|-heal|p2b: Scream Tail|71\/100|[from] item: Leftovers\n|upkeep\n|turn|5\n|\n|t:|1697007678\n|-end|p1a: Walking Wake|Protosynthesis|[silent]\n|switch|p1a: Hitmontop|Hitmontop, M|77\/100\n|-ability|p1a: Hitmontop|Intimidate|boost\n|-unboost|p2a: Amoonguss|atk|1\n|-unboost|p2b: Scream Tail|atk|1\n|move|p1b: Whimsicott|Encore|p2b: Scream Tail\n|-start|p2b: Scream Tail|Encore\n|move|p2a: Amoonguss|Spore|p1a: Hitmontop\n|-status|p1a: Hitmontop|slp|[from] move: Spore\n|move|p2b: Scream Tail|Wish||[still]\n|-fail|p2b: Scream Tail\n|\n|-weather|none\n|-end|p2b: Scream Tail|Protosynthesis\n|-heal|p2b: Scream Tail|100\/100|[from] move: Wish|[wisher] Scream Tail\n|-fieldend|move: Trick Room\n|upkeep\n|turn|6\n|\n|t:|1697007711\n|-end|p2b: Scream Tail|Protosynthesis|[silent]\n|switch|p2b: Rotom|Rotom-Wash|100\/100\n|switch|p1a: Walking Wake|Walking Wake|43\/100\n|move|p1b: Whimsicott|Fake Tears|p2a: Amoonguss\n|-unboost|p2a: Amoonguss|spd|2\n|move|p2a: Amoonguss|Giga Drain|p1a: Walking Wake\n|-damage|p1a: Walking Wake|17\/100\n|\n|upkeep\n|turn|7\n|\n|t:|1697007733\n|move|p1b: Whimsicott|Fake Tears|p2b: Rotom\n|-unboost|p2b: Rotom|spd|2\n|move|p1a: Walking Wake|Draco Meteor|p2b: Rotom\n|-damage|p2b: Rotom|0 fnt\n|-unboost|p1a: Walking Wake|spa|2\n|-enditem|p1a: Walking Wake|White Herb\n|-clearnegativeboost|p1a: Walking Wake|[silent]\n|faint|p2b: Rotom\n|move|p2a: Amoonguss|Spore|p1a: Walking Wake\n|-status|p1a: Walking Wake|slp|[from] move: Spore\n|\n|upkeep\n|inactive|xdablordxreal8 has 120 seconds left.\n|\n|t:|1697007753\n|switch|p2b: Scrafty|Scrafty, M|100\/100\n|-ability|p2b: Scrafty|Intimidate|boost\n|-unboost|p1a: Walking Wake|atk|1\n|-unboost|p1b: Whimsicott|atk|1\n|turn|8\n|\n|t:|1697007772\n|switch|p1b: Hitmontop|Hitmontop, M|77\/100 slp\n|-ability|p1b: Hitmontop|Intimidate|boost\n|-unboost|p2a: Amoonguss|atk|1\n|-unboost|p2b: Scrafty|atk|1\n|cant|p1a: Walking Wake|slp\n|move|p2b: Scrafty|Poison Jab|p1b: Hitmontop\n|-damage|p1b: Hitmontop|55\/100 slp\n|-damage|p2b: Scrafty|91\/100|[from] item: Life Orb\n|move|p2a: Amoonguss|Giga Drain|p1a: Walking Wake\n|-damage|p1a: Walking Wake|0 fnt\n|faint|p1a: Walking Wake\n|-end|p1a: Walking Wake|Protosynthesis|[silent]\n|\n|upkeep\n|\n|t:|1697007786\n|switch|p1a: Chi-Yu|Chi-Yu|100\/100\n|-ability|p1a: Chi-Yu|Beads of Ruin\n|turn|9\n|\n|t:|1697007804\n|-terastallize|p1a: Chi-Yu|Fire\n|move|p2a: Amoonguss|Protect|p2a: Amoonguss\n|-singleturn|p2a: Amoonguss|Protect\n|cant|p1b: Hitmontop|slp\n|move|p1a: Chi-Yu|Heat Wave|p2a: Amoonguss|[spread] p2b\n|-activate|p2a: Amoonguss|move: Protect\n|-damage|p2b: Scrafty|0 fnt\n|faint|p2b: Scrafty\n|\n|upkeep\n|\n|t:|1697007812\n|switch|p2b: Diancie|Diancie|100\/100\n|turn|10\n|\n|t:|1697007840\n|switch|p1b: Whimsicott|Whimsicott, F|100\/100\n|move|p2b: Diancie|Protect|p2b: Diancie\n|-singleturn|p2b: Diancie|Protect\n|move|p1a: Chi-Yu|Heat Wave|p2b: Diancie|[spread] \n|-activate|p2b: Diancie|move: Protect\n|-miss|p1a: Chi-Yu|p2a: Amoonguss\n|move|p2a: Amoonguss|Spore|p1a: Chi-Yu\n|-status|p1a: Chi-Yu|slp|[from] move: Spore\n|\n|upkeep\n|turn|11\n|\n|t:|1697007856\n|move|p2a: Amoonguss|Rage Powder|p2a: Amoonguss\n|-singleturn|p2a: Amoonguss|move: Rage Powder\n|move|p1b: Whimsicott|Encore|p2b: Diancie\n|-start|p2b: Diancie|Encore\n|cant|p1a: Chi-Yu|slp\n|move|p2b: Diancie|Protect||[still]\n|-fail|p2b: Diancie\n|\n|upkeep\n|turn|12\n|\n|t:|1697007864\n|switch|p2a: Scream Tail|Scream Tail|100\/100\n|move|p2b: Diancie|Protect|p2b: Diancie\n|-singleturn|p2b: Diancie|Protect\n|move|p1b: Whimsicott|Sunny Day|p1b: Whimsicott\n|-weather|SunnyDay\n|-activate|p2a: Scream Tail|ability: Protosynthesis\n|-start|p2a: Scream Tail|protosynthesisspd\n|cant|p1a: Chi-Yu|slp\n|\n|-weather|SunnyDay|[upkeep]\n|upkeep\n|turn|13\n|\n|t:|1697007874\n|switch|p2b: Amoonguss|Amoonguss, M|100\/100\n|move|p1b: Whimsicott|Fake Tears|p2a: Scream Tail\n|-unboost|p2a: Scream Tail|spd|2\n|-curestatus|p1a: Chi-Yu|slp|[msg]\n|move|p1a: Chi-Yu|Heat Wave|p2a: Scream Tail|[spread] p2a,p2b\n|-supereffective|p2b: Amoonguss\n|-damage|p2a: Scream Tail|0 fnt\n|-damage|p2b: Amoonguss|0 fnt\n|faint|p2a: Scream Tail\n|-end|p2a: Scream Tail|Protosynthesis|[silent]\n|faint|p2b: Amoonguss\n|\n|-weather|SunnyDay|[upkeep]\n|upkeep\n|\n|t:|1697007880\n|switch|p2b: Diancie|Diancie|100\/100\n|turn|14\n|\n|t:|1697007905\n|switch|p1a: Hitmontop|Hitmontop, M|55\/100 slp\n|-ability|p1a: Hitmontop|Intimidate|boost\n|-fail|p2b: Diancie|unboost|[from] ability: Clear Body|[of] p2b: Diancie\n|-terastallize|p2b: Diancie|Rock\n|move|p1b: Whimsicott|Sunny Day||[still]\n|-fail|p1b: Whimsicott\n|move|p2b: Diancie|Diamond Storm|p1b: Whimsicott|[spread] p1a,p1b\n|-resisted|p1a: Hitmontop\n|-damage|p1a: Hitmontop|35\/100 slp\n|-damage|p1b: Whimsicott|67\/100\n|-boost|p2b: Diancie|def|2\n|-enditem|p1a: Hitmontop|Sitrus Berry|[eat]\n|-heal|p1a: Hitmontop|60\/100 slp|[from] item: Sitrus Berry\n|\n|-weather|SunnyDay|[upkeep]\n|upkeep\n|turn|15\n|\n|t:|1697007920\n|cant|p1a: Hitmontop|slp\n|move|p1b: Whimsicott|Encore|p2b: Diancie\n|-start|p2b: Diancie|Encore\n|move|p2b: Diancie|Diamond Storm|p1a: Hitmontop|[spread] p1a,p1b\n|-resisted|p1a: Hitmontop\n|-damage|p1a: Hitmontop|40\/100 slp\n|-damage|p1b: Whimsicott|34\/100\n|\n|-weather|SunnyDay|[upkeep]\n|upkeep\n|turn|16\n|\n|t:|1697007927\n|switch|p1b: Chi-Yu|Chi-Yu, tera:Fire|100\/100\n|-ability|p1b: Chi-Yu|Beads of Ruin\n|-curestatus|p1a: Hitmontop|slp|[msg]\n|move|p1a: Hitmontop|Wide Guard|p1a: Hitmontop\n|-singleturn|p1a: Hitmontop|Wide Guard\n|move|p2b: Diancie|Diamond Storm|p1a: Hitmontop|[spread] \n|-activate|p1a: Hitmontop|move: Wide Guard\n|-activate|p1b: Chi-Yu|move: Wide Guard\n|\n|-weather|none\n|upkeep\n|turn|17\n|\n|t:|1697007945\n|move|p1a: Hitmontop|Wide Guard|p1a: Hitmontop\n|-singleturn|p1a: Hitmontop|Wide Guard\n|move|p1b: Chi-Yu|Dark Pulse|p2b: Diancie\n|-damage|p2b: Diancie|20\/100\n|move|p2b: Diancie|Diamond Storm|p1b: Chi-Yu|[spread] \n|-activate|p1a: Hitmontop|move: Wide Guard\n|-activate|p1b: Chi-Yu|move: Wide Guard\n|\n|-end|p2b: Diancie|Encore\n|upkeep\n|turn|18\n|\n|t:|1697007955\n|move|p1a: Hitmontop|Wide Guard|p1a: Hitmontop\n|-singleturn|p1a: Hitmontop|Wide Guard\n|move|p1b: Chi-Yu|Dark Pulse|p2b: Diancie\n|-damage|p2b: Diancie|0 fnt\n|faint|p2b: Diancie\n|\n|win|yasmachine\n|raw|yasmachine's rating: 1343 &rarr; <strong>1362<\/strong><br \/>(+19 for winning)\n|raw|xdablordxreal8's rating: 1321 &rarr; <strong>1302<\/strong><br \/>(-19 for losing)\n|l|\u2606xdablordxreal8\n|c|\u2606yasmachine|gg\n","uploadtime":1697007967,"views":19,"p1id":"yasmachine","p2id":"xdablordxreal8","formatid":"gen9nationaldexdoubles","rating":1302,"private":0,"password":""}