{"id":"gen9nationaldexdoubles-1956267353","p1":"german_mg53","p2":"Noawa","format":"[Gen 9] National Dex Doubles","log":"|j|\u2606german_mg53\n|j|\u2606Noawa\n|t:|1696091353\n|gametype|doubles\n|player|p1|german_mg53|saturn|\n|player|p2|Noawa|psychicf|\n|teamsize|p1|6\n|teamsize|p2|6\n|gen|9\n|tier|[Gen 9] National Dex Doubles\n|rule|HP Percentage Mod: HP is shown in percentages\n|rule|Endless Battle Clause: Forcing endless battles is banned\n|rule|OHKO Clause: OHKO moves are banned\n|rule|Evasion Moves Clause: Evasion moves are banned\n|rule|Evasion Abilities Clause: Evasion abilities are banned\n|rule|Species Clause: Limit one of each Pok\u00e9mon\n|rule|Gravity Sleep Clause: The combination of sleep-inducing moves with imperfect accuracy and Gravity or Gigantamax Orbeetle are banned\n|clearpoke\n|poke|p1|Flygon, M|\n|poke|p1|Eelektross, F|\n|poke|p1|Orthworm, M|\n|poke|p1|Lilligant-Hisui, F|\n|poke|p1|Charizard, F|\n|poke|p1|Pachirisu, F|\n|poke|p2|Hippowdon, F|\n|poke|p2|Garganacl, M|\n|poke|p2|Sylveon, F|\n|poke|p2|Indeedee-F, F|\n|poke|p2|Dipplin, F|\n|poke|p2|Milotic, F|\n|teampreview\n|j| PJewe\n|j| harvestmarc\n|j| VenusTatas\n|c| harvestmarc|os miro\n|\n|t:|1696091383\n|start\n|switch|p1a: arantxa|Flygon, M|100\/100\n|switch|p1b: sorpresiva|Orthworm, M|100\/100\n|switch|p2a: her.|Sylveon, F|100\/100\n|switch|p2b: jefa|Indeedee-F, F, shiny|100\/100\n|-fieldstart|move: Psychic Terrain|[from] ability: Psychic Surge|[of] p2b: jefa\n|turn|1\n|c| VenusTatas|Mirando\n|c| harvestmarc|vi eso\n|c| harvestmarc|lo he visto\n|c| PJewe|her.\n|\n|t:|1696091410\n|switch|p1a: mar|Pachirisu, F|100\/100\n|move|p2b: jefa|Helping Hand|p2a: her.\n|-singleturn|p2a: her.|Helping Hand|[of] p2b: jefa\n|move|p1b: sorpresiva|Iron Head|p2a: her.\n|-supereffective|p2a: her.\n|-damage|p2a: her.|47\/100\n|move|p2a: her.|Calm Mind|p2a: her.\n|-boost|p2a: her.|spa|1\n|-boost|p2a: her.|spd|1\n|\n|upkeep\n|turn|2\n|\n|t:|1696091432\n|move|p1a: mar|Nuzzle|p2b: jefa\n|-damage|p2b: jefa|97\/100\n|-status|p2b: jefa|par\n|move|p1b: sorpresiva|Iron Head|p2a: her.\n|-supereffective|p2a: her.\n|-crit|p2a: her.\n|-damage|p2a: her.|0 fnt\n|faint|p2a: her.\n|move|p2b: jefa|Heal Pulse|p2: her.|[notarget]\n|-fail|p2b: jefa\n|\n|-heal|p2b: jefa|100\/100 par|[from] item: Leftovers\n|upkeep\n|\n|t:|1696091450\n|switch|p2a: dwayne|Garganacl, M, shiny|100\/100\n|turn|3\n|\n|t:|1696091463\n|move|p1a: mar|Nuzzle|p2a: dwayne\n|-damage|p2a: dwayne|98\/100\n|move|p1b: sorpresiva|Coil|p1b: sorpresiva\n|-boost|p1b: sorpresiva|atk|1\n|-boost|p1b: sorpresiva|def|1\n|-boost|p1b: sorpresiva|accuracy|1\n|move|p2a: dwayne|Body Press|p1b: sorpresiva\n|-supereffective|p1b: sorpresiva\n|-damage|p1b: sorpresiva|83\/100\n|move|p2b: jefa|Psychic|p1b: sorpresiva\n|-resisted|p1b: sorpresiva\n|-damage|p1b: sorpresiva|52\/100\n|\n|-heal|p2a: dwayne|100\/100|[from] item: Leftovers\n|upkeep\n|turn|4\n|\n|t:|1696091482\n|move|p2b: jefa|Helping Hand|p2a: dwayne\n|-singleturn|p2a: dwayne|Helping Hand|[of] p2b: jefa\n|move|p1a: mar|U-turn|p2b: jefa\n|-supereffective|p2b: jefa\n|-crit|p2b: jefa\n|-damage|p2b: jefa|71\/100 par\n|\n|t:|1696091488\n|switch|p1a: arantxa|Flygon, M|100\/100|[from] U-turn\n|move|p1b: sorpresiva|Iron Head|p2a: dwayne\n|-supereffective|p2a: dwayne\n|-damage|p2a: dwayne|53\/100\n|move|p2a: dwayne|Salt Cure|p1b: sorpresiva\n|-resisted|p1b: sorpresiva\n|-damage|p1b: sorpresiva|49\/100\n|-start|p1b: sorpresiva|Salt Cure\n|\n|-heal|p2a: dwayne|59\/100|[from] item: Leftovers\n|-heal|p2b: jefa|77\/100 par|[from] item: Leftovers\n|-damage|p1b: sorpresiva|24\/100|[from] Salt Cure\n|upkeep\n|turn|5\n|\n|t:|1696091516\n|move|p1a: arantxa|Earthquake|p2a: dwayne|[spread] p2a,p2b\n|-heal|p1b: sorpresiva|49\/100|[from] ability: Earth Eater|[of] p1a: arantxa\n|-supereffective|p2a: dwayne\n|-damage|p2a: dwayne|12\/100\n|-damage|p2b: jefa|36\/100 par\n|-damage|p1a: arantxa|91\/100|[from] item: Life Orb\n|move|p1b: sorpresiva|Coil|p1b: sorpresiva\n|-boost|p1b: sorpresiva|atk|1\n|-boost|p1b: sorpresiva|def|1\n|-boost|p1b: sorpresiva|accuracy|1\n|move|p2a: dwayne|Recover|p2a: dwayne\n|-heal|p2a: dwayne|62\/100\n|move|p2b: jefa|Psychic|p1b: sorpresiva\n|-resisted|p1b: sorpresiva\n|-damage|p1b: sorpresiva|17\/100\n|\n|-heal|p2a: dwayne|68\/100|[from] item: Leftovers\n|-heal|p2b: jefa|42\/100 par|[from] item: Leftovers\n|-damage|p1b: sorpresiva|0 fnt|[from] Salt Cure\n|faint|p1b: sorpresiva\n|-fieldend|move: Psychic Terrain\n|upkeep\n|\n|t:|1696091536\n|switch|p1b: longaniza|Charizard, F|100\/100\n|turn|6\n|\n|t:|1696091560\n|detailschange|p1b: longaniza|Charizard-Mega-Y, F\n|-mega|p1b: longaniza|Charizard|Charizardite Y\n|-weather|SunnyDay|[from] ability: Drought|[of] p1b: longaniza\n|move|p1b: longaniza|Solar Beam||[still]\n|-prepare|p1b: longaniza|Solar Beam\n|-anim|p1b: longaniza|Solar Beam|p2a: dwayne\n|-supereffective|p2a: dwayne\n|-damage|p2a: dwayne|5\/100\n|move|p1a: arantxa|Earthquake|p2a: dwayne|[spread] p2a,p2b\n|-immune|p1b: longaniza\n|-supereffective|p2a: dwayne\n|-damage|p2a: dwayne|0 fnt\n|-damage|p2b: jefa|0 fnt\n|faint|p2a: dwayne\n|faint|p2b: jefa\n|-damage|p1a: arantxa|81\/100|[from] item: Life Orb\n|\n|-weather|SunnyDay|[upkeep]\n|upkeep\n|\n|t:|1696091579\n|switch|p2b: snek :3|Milotic, F|100\/100\n|switch|p2a: :O|Hippowdon, F|100\/100\n|-weather|Sandstorm|[from] ability: Sand Stream|[of] p2a: :O\n|turn|7\n|\n|t:|1696091600\n|switch|p1b: radiolo|Eelektross, F|100\/100\n|move|p1a: arantxa|Rock Slide|p2b: snek :3|[spread] p2a,p2b\n|-resisted|p2a: :O\n|-damage|p2a: :O|94\/100\n|-damage|p2b: snek :3|87\/100\n|-damage|p1a: arantxa|71\/100|[from] item: Life Orb\n|cant|p2b: snek :3|flinch\n|move|p2a: :O|Sand Tomb|p1a: arantxa\n|-immune|p1a: arantxa|[from] ability: Levitate\n|\n|-weather|Sandstorm|[upkeep]\n|-damage|p2b: snek :3|81\/100|[from] Sandstorm\n|-damage|p1b: radiolo|94\/100|[from] Sandstorm\n|upkeep\n|turn|8\n|\n|t:|1696091625\n|switch|p2a: maz\u00e1|Dipplin, F, shiny|100\/100\n|-ability|p2a: maz\u00e1|Supersweet Syrup\n|-ability|p2a: maz\u00e1|Supersweet Syrup|boost\n|-unboost|p1a: arantxa|evasion|1\n|-unboost|p1b: radiolo|evasion|1\n|move|p1a: arantxa|Rock Slide|p2b: snek :3|[spread] p2b\n|-miss|p1a: arantxa|p2a: maz\u00e1\n|-damage|p2b: snek :3|68\/100\n|-damage|p1a: arantxa|62\/100|[from] item: Life Orb\n|move|p2b: snek :3|Hypnosis|p1b: radiolo\n|-status|p1b: radiolo|slp|[from] move: Hypnosis\n|cant|p1b: radiolo|slp\n|\n|-weather|Sandstorm|[upkeep]\n|-damage|p2b: snek :3|62\/100|[from] Sandstorm\n|-damage|p1b: radiolo|88\/100 slp|[from] Sandstorm\n|-damage|p2a: maz\u00e1|94\/100|[from] Sandstorm\n|upkeep\n|turn|9\n|\n|t:|1696091658\n|move|p1a: arantxa|Dragon Claw|p2b: snek :3\n|-damage|p2b: snek :3|34\/100\n|-damage|p1a: arantxa|52\/100|[from] item: Life Orb\n|move|p2b: snek :3|Hypnosis|p1a: arantxa\n|-status|p1a: arantxa|slp|[from] move: Hypnosis\n|move|p2a: maz\u00e1|Pollen Puff|p2b: snek :3\n|-heal|p2b: snek :3|84\/100\n|cant|p1b: radiolo|slp\n|\n|-weather|Sandstorm|[upkeep]\n|-damage|p2b: snek :3|78\/100|[from] Sandstorm\n|-damage|p1b: radiolo|82\/100 slp|[from] Sandstorm\n|-damage|p2a: maz\u00e1|88\/100|[from] Sandstorm\n|upkeep\n|turn|10\n|\n|t:|1696091681\n|cant|p1a: arantxa|slp\n|move|p2b: snek :3|Scald|p1a: arantxa\n|-damage|p1a: arantxa|18\/100 slp\n|-curestatus|p1b: radiolo|slp|[msg]\n|move|p1b: radiolo|Discharge|p2a: maz\u00e1|[spread] p2a,p2b\n|-immune|p1a: arantxa\n|-resisted|p2a: maz\u00e1\n|-supereffective|p2b: snek :3\n|-damage|p2a: maz\u00e1|86\/100\n|-damage|p2b: snek :3|46\/100\n|move|p2a: maz\u00e1|Infestation|p1b: radiolo\n|-damage|p1b: radiolo|80\/100\n|-activate|p1b: radiolo|move: Infestation|[of] p2a: maz\u00e1\n|\n|-weather|Sandstorm|[upkeep]\n|-damage|p2b: snek :3|40\/100|[from] Sandstorm\n|-damage|p1b: radiolo|74\/100|[from] Sandstorm\n|-damage|p2a: maz\u00e1|80\/100|[from] Sandstorm\n|-damage|p1b: radiolo|61\/100|[from] move: Infestation|[partiallytrapped]\n|upkeep\n|turn|11\n|\n|t:|1696091714\n|cant|p1a: arantxa|slp\n|move|p2b: snek :3|Scald|p1a: arantxa\n|-damage|p1a: arantxa|0 fnt\n|faint|p1a: arantxa\n|move|p1b: radiolo|Giga Drain|p2b: snek :3\n|-supereffective|p2b: snek :3\n|-damage|p2b: snek :3|15\/100\n|-heal|p1b: radiolo|75\/100|[from] drain|[of] p2b: snek :3\n|move|p2a: maz\u00e1|Pollen Puff|p2b: snek :3\n|-heal|p2b: snek :3|65\/100\n|\n|-weather|none\n|-damage|p1b: radiolo|63\/100|[from] move: Infestation|[partiallytrapped]\n|upkeep\n|\n|t:|1696091727\n|switch|p1a: longaniza|Charizard-Mega-Y, F|100\/100\n|-weather|SunnyDay|[from] ability: Drought|[of] p1a: longaniza\n|turn|12\n|\n|t:|1696091741\n|switch|p2a: :O|Hippowdon, F|94\/100\n|-weather|Sandstorm|[from] ability: Sand Stream|[of] p2a: :O\n|-terastallize|p2b: snek :3|Ghost\n|move|p1a: longaniza|Heat Wave|p2b: snek :3|[spread] p2a,p2b\n|-damage|p2a: :O|62\/100\n|-damage|p2b: snek :3|34\/100\n|move|p2b: snek :3|Scald|p1a: longaniza\n|-supereffective|p1a: longaniza\n|-damage|p1a: longaniza|45\/100\n|move|p1b: radiolo|Dragon Tail|p2b: snek :3\n|-damage|p2b: snek :3|23\/100\n|drag|p2b: maz\u00e1|Dipplin, F, shiny|80\/100\n|\n|-weather|Sandstorm|[upkeep]\n|-damage|p1a: longaniza|39\/100|[from] Sandstorm\n|-damage|p1b: radiolo|56\/100|[from] Sandstorm\n|-damage|p2b: maz\u00e1|74\/100|[from] Sandstorm\n|-end|p1b: radiolo|Infestation|[partiallytrapped]|[silent]\n|upkeep\n|turn|13\n|\n|t:|1696091766\n|switch|p1a: mar|Pachirisu, F|100\/100\n|move|p2a: :O|Double-Edge|p1a: mar\n|-damage|p1a: mar|57\/100\n|-damage|p2a: :O|51\/100|[from] Recoil\n|move|p1b: radiolo|Giga Drain|p2a: :O\n|-supereffective|p2a: :O\n|-damage|p2a: :O|23\/100\n|-heal|p1b: radiolo|72\/100|[from] drain|[of] p2a: :O\n|move|p2b: maz\u00e1|Draco Meteor|p1b: radiolo\n|-crit|p1b: radiolo\n|-damage|p1b: radiolo|39\/100\n|-unboost|p2b: maz\u00e1|spa|2\n|\n|-weather|Sandstorm|[upkeep]\n|-damage|p1a: mar|50\/100|[from] Sandstorm\n|-damage|p1b: radiolo|33\/100|[from] Sandstorm\n|-damage|p2b: maz\u00e1|68\/100|[from] Sandstorm\n|upkeep\n|turn|14\n|\n|t:|1696091792\n|move|p2a: :O|Protect|p2a: :O\n|-singleturn|p2a: :O|Protect\n|move|p1a: mar|Encore|p2b: maz\u00e1\n|-start|p2b: maz\u00e1|Encore\n|move|p1b: radiolo|Giga Drain|p2a: :O\n|-activate|p2a: :O|move: Protect\n|move|p2b: maz\u00e1|Draco Meteor|p1a: mar\n|-damage|p1a: mar|27\/100\n|-unboost|p2b: maz\u00e1|spa|2\n|\n|-weather|Sandstorm|[upkeep]\n|-damage|p1a: mar|21\/100|[from] Sandstorm\n|-damage|p1b: radiolo|27\/100|[from] Sandstorm\n|-damage|p2b: maz\u00e1|61\/100|[from] Sandstorm\n|upkeep\n|turn|15\n|\n|t:|1696091808\n|move|p1a: mar|Nuzzle|p2b: maz\u00e1\n|-resisted|p2b: maz\u00e1\n|-damage|p2b: maz\u00e1|61\/100\n|-status|p2b: maz\u00e1|par\n|move|p2a: :O|Slack Off|p2a: :O\n|-heal|p2a: :O|73\/100\n|move|p1b: radiolo|Giga Drain|p2a: :O\n|-supereffective|p2a: :O\n|-damage|p2a: :O|45\/100\n|-heal|p1b: radiolo|42\/100|[from] drain|[of] p2a: :O\n|move|p2b: maz\u00e1|Draco Meteor|p1b: radiolo\n|-damage|p1b: radiolo|34\/100\n|-unboost|p2b: maz\u00e1|spa|2\n|\n|-weather|Sandstorm|[upkeep]\n|-damage|p1a: mar|15\/100|[from] Sandstorm\n|-damage|p1b: radiolo|28\/100|[from] Sandstorm\n|-damage|p2b: maz\u00e1|55\/100 par|[from] Sandstorm\n|upkeep\n|turn|16\n|\n|t:|1696091830\n|move|p2a: :O|Protect|p2a: :O\n|-singleturn|p2a: :O|Protect\n|move|p1a: mar|Super Fang|p2a: :O\n|-activate|p2a: :O|move: Protect\n|move|p1b: radiolo|Giga Drain|p2a: :O\n|-activate|p2a: :O|move: Protect\n|cant|p2b: maz\u00e1|par\n|\n|-weather|none\n|-end|p2b: maz\u00e1|Encore\n|upkeep\n|turn|17\n|\n|t:|1696091847\n|switch|p2a: snek :3|Milotic, F, tera:Ghost|23\/100\n|move|p1a: mar|Super Fang|p2a: snek :3\n|-immune|p2a: snek :3\n|move|p1b: radiolo|Giga Drain|p2a: snek :3\n|-damage|p2a: snek :3|10\/100\n|-heal|p1b: radiolo|35\/100|[from] drain|[of] p2a: snek :3\n|move|p2b: maz\u00e1|Pollen Puff|p2a: snek :3\n|-heal|p2a: snek :3|60\/100\n|\n|upkeep\n|turn|18\n|\n|t:|1696091867\n|move|p1a: mar|Nuzzle|p2a: snek :3\n|-damage|p2a: snek :3|57\/100\n|-status|p2a: snek :3|par\n|move|p1b: radiolo|Discharge|p2a: snek :3|[spread] p2a,p2b\n|-heal|p1a: mar|40\/100|[from] ability: Volt Absorb|[of] p1b: radiolo\n|-resisted|p2b: maz\u00e1\n|-damage|p2a: snek :3|41\/100 par\n|-damage|p2b: maz\u00e1|52\/100 par\n|move|p2a: snek :3|Hypnosis|p1b: radiolo\n|-status|p1b: radiolo|slp|[from] move: Hypnosis\n|move|p2b: maz\u00e1|Pollen Puff|p2a: snek :3\n|-heal|p2a: snek :3|91\/100 par\n|\n|upkeep\n|turn|19\n|\n|t:|1696091888\n|move|p1a: mar|Super Fang|p2b: maz\u00e1\n|-damage|p2b: maz\u00e1|26\/100 par\n|cant|p1b: radiolo|slp\n|cant|p2a: snek :3|par\n|cant|p2b: maz\u00e1|par\n|\n|upkeep\n|turn|20\n|\n|t:|1696091904\n|move|p1a: mar|Super Fang|p2b: maz\u00e1\n|-damage|p2b: maz\u00e1|13\/100 par\n|-curestatus|p1b: radiolo|slp|[msg]\n|move|p1b: radiolo|Discharge|p2a: snek :3|[spread] p2a,p2b\n|-heal|p1a: mar|65\/100|[from] ability: Volt Absorb|[of] p1b: radiolo\n|-resisted|p2b: maz\u00e1\n|-damage|p2a: snek :3|76\/100 par\n|-damage|p2b: maz\u00e1|11\/100 par\n|move|p2a: snek :3|Hypnosis|p1a: mar\n|-status|p1a: mar|slp|[from] move: Hypnosis\n|move|p2b: maz\u00e1|Infestation|p1a: mar\n|-damage|p1a: mar|63\/100 slp\n|-activate|p1a: mar|move: Infestation|[of] p2b: maz\u00e1\n|\n|-damage|p1a: mar|50\/100 slp|[from] move: Infestation|[partiallytrapped]\n|upkeep\n|turn|21\n|\n|t:|1696091927\n|cant|p1a: mar|slp\n|move|p2a: snek :3|Scald|p1b: radiolo\n|-damage|p1b: radiolo|21\/100\n|move|p2b: maz\u00e1|Pollen Puff|p1b: radiolo\n|-damage|p1b: radiolo|18\/100\n|move|p1b: radiolo|Dragon Tail|p2b: maz\u00e1\n|-supereffective|p2b: maz\u00e1\n|-damage|p2b: maz\u00e1|0 fnt\n|faint|p2b: maz\u00e1\n|\n|-end|p1a: mar|Infestation|[partiallytrapped]|[silent]\n|upkeep\n|\n|t:|1696091938\n|switch|p2b: :O|Hippowdon, F|45\/100\n|-weather|Sandstorm|[from] ability: Sand Stream|[of] p2b: :O\n|turn|22\n|\n|t:|1696091947\n|cant|p1a: mar|slp\n|move|p2b: :O|Double-Edge|p1b: radiolo\n|-damage|p1b: radiolo|0 fnt\n|faint|p1b: radiolo\n|-damage|p2b: :O|40\/100|[from] Recoil\n|move|p2a: snek :3|Hypnosis|p1a: mar|[miss]\n|-miss|p2a: snek :3|p1a: mar\n|\n|-weather|Sandstorm|[upkeep]\n|-damage|p1a: mar|44\/100 slp|[from] Sandstorm\n|-damage|p2a: snek :3|70\/100 par|[from] Sandstorm\n|upkeep\n|\n|t:|1696091959\n|switch|p1b: longaniza|Charizard-Mega-Y, F|39\/100\n|-weather|SunnyDay|[from] ability: Drought|[of] p1b: longaniza\n|turn|23\n|\n|t:|1696091977\n|move|p1b: longaniza|Solar Beam||[still]\n|-prepare|p1b: longaniza|Solar Beam\n|-anim|p1b: longaniza|Solar Beam|p2b: :O\n|-supereffective|p2b: :O\n|-damage|p2b: :O|0 fnt\n|faint|p2b: :O\n|-curestatus|p1a: mar|slp|[msg]\n|move|p1a: mar|U-turn|p2a: snek :3\n|-resisted|p2a: snek :3\n|-damage|p2a: snek :3|67\/100 par\n|\n|t:|1696091985\n|switch|p1a: bailonga|Lilligant-Hisui, F|100\/100|[from] U-turn\n|move|p2a: snek :3|Scald|p1b: longaniza\n|-supereffective|p1b: longaniza\n|-damage|p1b: longaniza|13\/100\n|\n|-weather|SunnyDay|[upkeep]\n|upkeep\n|turn|24\n|\n|t:|1696091999\n|move|p1a: bailonga|Solar Blade||[still]\n|-prepare|p1a: bailonga|Solar Blade\n|-anim|p1a: bailonga|Solar Blade|p2a: snek :3\n|-damage|p2a: snek :3|25\/100 par\n|move|p1b: longaniza|Solar Beam||[still]\n|-prepare|p1b: longaniza|Solar Beam\n|-anim|p1b: longaniza|Solar Beam|p2a: snek :3\n|-damage|p2a: snek :3|0 fnt\n|faint|p2a: snek :3\n|\n|win|german_mg53\n|l|\u2606Noawa\n","uploadtime":1696092013,"views":7,"p1id":"germanmg53","p2id":"noawa","formatid":"gen9nationaldexdoubles","rating":0,"private":0,"password":""}