{"id":"gen9nationaldexdoubles-1959186852","p1":"Billtie","p2":"AdvancedDigit","format":"[Gen 9] National Dex Doubles","log":"|j|\u2606Billtie\n|j|\u2606AdvancedDigit\n|t:|1696397532\n|gametype|doubles\n|player|p1|Billtie|hiker-gen4|1222\n|player|p2|AdvancedDigit|hilbert|1142\n|teamsize|p1|6\n|teamsize|p2|6\n|gen|9\n|tier|[Gen 9] National Dex Doubles\n|rated|\n|rule|HP Percentage Mod: HP is shown in percentages\n|rule|Endless Battle Clause: Forcing endless battles is banned\n|rule|OHKO Clause: OHKO moves are banned\n|rule|Evasion Moves Clause: Evasion moves are banned\n|rule|Evasion Abilities Clause: Evasion abilities are banned\n|rule|Species Clause: Limit one of each Pok\u00e9mon\n|rule|Gravity Sleep Clause: The combination of sleep-inducing moves with imperfect accuracy and Gravity or Gigantamax Orbeetle are banned\n|clearpoke\n|poke|p1|Iron Bundle|\n|poke|p1|Tapu Koko|\n|poke|p1|Regieleki|\n|poke|p1|Ninetales-Alola, M|\n|poke|p1|Murkrow, M|\n|poke|p1|Iron Moth|\n|poke|p2|Lopunny, F|\n|poke|p2|Volbeat, M|\n|poke|p2|Ogerpon-Wellspring, F|\n|poke|p2|Greninja-*, M|\n|poke|p2|Maushold-Four|\n|poke|p2|Indeedee-F, F|\n|teampreview\n|inactive|Battle timer is ON: inactive players will automatically lose when time's up. (requested by Billtie)\n|\n|t:|1696397540\n|start\n|switch|p1a: Murkrow|Murkrow, M|100\/100\n|switch|p1b: Ninetales|Ninetales-Alola, M|100\/100\n|switch|p2a: Lopunny|Lopunny, F|100\/100\n|switch|p2b: Maushold|Maushold-Four|100\/100\n|-weather|Snow|[from] ability: Snow Warning|[of] p1b: Ninetales\n|turn|1\n|\n|t:|1696397552\n|move|p1a: Murkrow|Tailwind|p1a: Murkrow\n|-sidestart|p1: Billtie|move: Tailwind\n|move|p1b: Ninetales|Aurora Veil|p1b: Ninetales\n|-sidestart|p1: Billtie|move: Aurora Veil\n|move|p2b: Maushold|Thunder Wave|p1b: Ninetales\n|-status|p1b: Ninetales|par\n|move|p2a: Lopunny|Switcheroo|p1a: Murkrow\n|-activate|p2a: Lopunny|move: Trick|[of] p1a: Murkrow\n|-item|p1a: Murkrow|Assault Vest|[from] move: Switcheroo\n|-item|p2a: Lopunny|Eviolite|[from] move: Switcheroo\n|\n|-weather|Snow|[upkeep]\n|upkeep\n|turn|2\n|\n|t:|1696397572\n|switch|p2a: Volbeat|Volbeat, M|100\/100\n|move|p2b: Maushold|Follow Me|p2b: Maushold\n|-singleturn|p2b: Maushold|move: Follow Me\n|move|p1a: Murkrow|Foul Play|p2b: Maushold\n|-damage|p2b: Maushold|75\/100\n|move|p1b: Ninetales|Encore|p2b: Maushold\n|-start|p2b: Maushold|Encore\n|\n|-weather|Snow|[upkeep]\n|-heal|p2b: Maushold|82\/100|[from] item: Leftovers\n|upkeep\n|turn|3\n|\n|t:|1696397586\n|switch|p1a: Iron Moth|Iron Moth|100\/100\n|switch|p1b: Tapu Koko|Tapu Koko|100\/100\n|-fieldstart|move: Electric Terrain|[from] ability: Electric Surge|[of] p1b: Tapu Koko\n|-activate|p1a: Iron Moth|ability: Quark Drive\n|-start|p1a: Iron Moth|quarkdrivespa\n|move|p2b: Maushold|Follow Me|p2b: Maushold\n|-singleturn|p2b: Maushold|move: Follow Me\n|move|p2a: Volbeat|Tail Glow|p2a: Volbeat\n|-boost|p2a: Volbeat|spa|3\n|\n|-weather|Snow|[upkeep]\n|-heal|p2b: Maushold|88\/100|[from] item: Leftovers\n|upkeep\n|turn|4\n|\n|t:|1696397603\n|-terastallize|p1b: Tapu Koko|Flying\n|move|p2b: Maushold|Follow Me|p2b: Maushold\n|-singleturn|p2b: Maushold|move: Follow Me\n|move|p2a: Volbeat|Baton Pass|p2a: Volbeat\n|\n|t:|1696397608\n|switch|p2a: Greninja|Greninja, M|100\/100|[from] Baton Pass\n|move|p1b: Tapu Koko|Sky Attack||[still]\n|-prepare|p1b: Tapu Koko|Sky Attack\n|-enditem|p1b: Tapu Koko|Power Herb\n|-anim|p1b: Tapu Koko|Sky Attack|p2b: Maushold\n|-damage|p2b: Maushold|0 fnt\n|faint|p2b: Maushold\n|move|p1a: Iron Moth|Fiery Dance|p2a: Greninja\n|-resisted|p2a: Greninja\n|-damage|p2a: Greninja|42\/100\n|-boost|p1a: Iron Moth|spa|1\n|-damage|p1a: Iron Moth|91\/100|[from] item: Life Orb\n|\n|-weather|Snow|[upkeep]\n|-sideend|p1: Billtie|move: Tailwind\n|upkeep\n|\n|t:|1696397621\n|switch|p2b: Indeedee|Indeedee-F, F|100\/100\n|-fieldstart|move: Psychic Terrain|[from] ability: Psychic Surge|[of] p2b: Indeedee\n|-end|p1a: Iron Moth|Quark Drive\n|turn|5\n|\n|t:|1696397633\n|move|p2b: Indeedee|Follow Me|p2b: Indeedee\n|-singleturn|p2b: Indeedee|move: Follow Me\n|move|p2a: Greninja|Surf|p1b: Tapu Koko|[spread] p2b,p1a,p1b\n|-supereffective|p1a: Iron Moth\n|-damage|p2b: Indeedee|35\/100\n|-damage|p1a: Iron Moth|0 fnt\n|-damage|p1b: Tapu Koko|25\/100\n|faint|p1a: Iron Moth\n|-end|p1a: Iron Moth|Quark Drive|[silent]\n|-ability|p2a: Greninja|Battle Bond|boost\n|-boost|p2a: Greninja|atk|1\n|-boost|p2a: Greninja|spa|1\n|-boost|p2a: Greninja|spe|1\n|-activate|p2a: Greninja|ability: Battle Bond\n|move|p1b: Tapu Koko|Acrobatics|p2b: Indeedee\n|-damage|p2b: Indeedee|0 fnt\n|faint|p2b: Indeedee\n|\n|-weather|none\n|upkeep\n|\n|t:|1696397652\n|switch|p1a: Regieleki|Regieleki|100\/100\n|switch|p2b: Ogerpon|Ogerpon-Wellspring, F|100\/100\n|turn|6\n|\n|t:|1696397671\n|move|p2a: Greninja|Surf|p1b: Tapu Koko|[spread] p1a,p1b\n|-immune|p2b: Ogerpon|[from] ability: Water Absorb\n|-damage|p1a: Regieleki|0 fnt\n|-damage|p1b: Tapu Koko|0 fnt\n|faint|p1a: Regieleki\n|faint|p1b: Tapu Koko\n|move|p2b: Ogerpon|Ivy Cudgel|p1: Regieleki|[notarget]\n|-fail|p2b: Ogerpon\n|\n|upkeep\n|-message|Billtie forfeited.\n|\n|win|AdvancedDigit\n|raw|Billtie's rating: 1222 &rarr; <strong>1191<\/strong><br \/>(-31 for losing)\n|raw|AdvancedDigit's rating: 1142 &rarr; <strong>1173<\/strong><br \/>(+31 for winning)\n","uploadtime":1696397698,"views":7,"p1id":"billtie","p2id":"advanceddigit","formatid":"gen9nationaldexdoubles","rating":1173,"private":0,"password":""}