{"id":"gen9nationaldexdoubles-1998996473","p1":"Akira_Vlone","p2":"moregano18","format":"[Gen 9] National Dex Doubles","log":"|j|\u2606Akira_Vlone\n|j|\u2606moregano18\n|t:|1701022068\n|gametype|doubles\n|player|p1|Akira_Vlone|guitarist|1105\n|player|p2|moregano18|backpacker|1239\n|teamsize|p1|6\n|teamsize|p2|6\n|gen|9\n|tier|[Gen 9] National Dex Doubles\n|rated|\n|rule|HP Percentage Mod: HP is shown in percentages\n|rule|Endless Battle Clause: Forcing endless battles is banned\n|rule|OHKO Clause: OHKO moves are banned\n|rule|Evasion Moves Clause: Evasion moves are banned\n|rule|Evasion Abilities Clause: Evasion abilities are banned\n|rule|Species Clause: Limit one of each Pok\u00e9mon\n|rule|Gravity Sleep Clause: The combination of sleep-inducing moves with imperfect accuracy and Gravity or Gigantamax Orbeetle are banned\n|clearpoke\n|poke|p1|Lopunny, F|\n|poke|p1|Kartana|\n|poke|p1|Landorus-Therian, M|\n|poke|p1|Tapu Lele|\n|poke|p1|Celesteela|\n|poke|p1|Heatran, F|\n|poke|p2|Eevee, M|\n|poke|p2|Audino, F|\n|poke|p2|Staraptor, M|\n|poke|p2|Farigiraf, F|\n|poke|p2|Regigigas|\n|poke|p2|Obstagoon, M|\n|teampreview\n|\n|t:|1701022091\n|start\n|switch|p1a: Lopunny|Lopunny, F|100\/100\n|switch|p1b: Landorus|Landorus-Therian, M|100\/100\n|switch|p2a: Staraptor|Staraptor, M|100\/100\n|switch|p2b: Obstagoon|Obstagoon, M|100\/100\n|-ability|p2a: Staraptor|Intimidate|boost\n|-unboost|p1a: Lopunny|atk|1\n|-unboost|p1b: Landorus|atk|1\n|-ability|p1b: Landorus|Intimidate|boost\n|-unboost|p2a: Staraptor|atk|1\n|-unboost|p2b: Obstagoon|atk|1\n|turn|1\n|\n|t:|1701022132\n|detailschange|p1a: Lopunny|Lopunny-Mega, F\n|-mega|p1a: Lopunny|Lopunny|Lopunnite\n|move|p1a: Lopunny|Fake Out|p2a: Staraptor\n|-damage|p2a: Staraptor|80\/100\n|cant|p2a: Staraptor|flinch\n|move|p2b: Obstagoon|Throat Chop|p1a: Lopunny\n|-resisted|p1a: Lopunny\n|-damage|p1a: Lopunny|89\/100\n|-start|p1a: Lopunny|Throat Chop|[silent]\n|move|p1b: Landorus|Stealth Rock|p2a: Staraptor\n|-sidestart|p2: moregano18|move: Stealth Rock\n|\n|-status|p2b: Obstagoon|brn|[from] item: Flame Orb\n|upkeep\n|turn|2\n|\n|t:|1701022166\n|move|p1a: Lopunny|U-turn|p2b: Obstagoon\n|-supereffective|p2b: Obstagoon\n|-damage|p2b: Obstagoon|70\/100 brn\n|\n|t:|1701022176\n|switch|p1a: Celesteela|Celesteela|100\/100|[from] U-turn\n|move|p2a: Staraptor|U-turn|p1b: Landorus\n|-resisted|p1b: Landorus\n|-damage|p1b: Landorus|96\/100\n|-damage|p2a: Staraptor|63\/100|[from] item: Rocky Helmet|[of] p1b: Landorus\n|\n|t:|1701022187\n|switch|p2a: Eevee|Eevee, M|100\/100|[from] U-turn\n|-damage|p2a: Eevee|88\/100|[from] Stealth Rock\n|move|p2b: Obstagoon|Parting Shot|p1a: Celesteela\n|-unboost|p1a: Celesteela|atk|1\n|-unboost|p1a: Celesteela|spa|1\n|\n|t:|1701022195\n|switch|p2b: Audino|Audino, F|100\/100|[from] Parting Shot\n|-damage|p2b: Audino|88\/100|[from] Stealth Rock\n|move|p1b: Landorus|U-turn|p2a: Eevee\n|-damage|p2a: Eevee|64\/100\n|\n|t:|1701022206\n|switch|p1b: Kartana|Kartana, shiny|100\/100|[from] U-turn\n|\n|upkeep\n|turn|3\n|\n|t:|1701022224\n|switch|p2a: Staraptor|Staraptor, M|63\/100\n|-damage|p2a: Staraptor|38\/100|[from] Stealth Rock\n|-ability|p2a: Staraptor|Intimidate|boost\n|-unboost|p1a: Celesteela|atk|1\n|-unboost|p1b: Kartana|atk|1\n|move|p1b: Kartana|Sacred Sword|p2a: Staraptor\n|-damage|p2a: Staraptor|7\/100\n|-enditem|p2a: Staraptor|Aguav Berry|[eat]\n|-heal|p2a: Staraptor|41\/100|[from] item: Aguav Berry\n|move|p2b: Audino|Icy Wind|p1a: Celesteela|[spread] p1a,p1b\n|-damage|p1a: Celesteela|97\/100\n|-damage|p1b: Kartana|81\/100\n|-unboost|p1a: Celesteela|spe|1\n|-unboost|p1b: Kartana|spe|1\n|move|p1a: Celesteela|Leech Seed|p2b: Audino\n|-start|p2b: Audino|move: Leech Seed\n|\n|-heal|p1a: Celesteela|100\/100|[from] item: Leftovers\n|-damage|p2b: Audino|76\/100|[from] Leech Seed|[of] p1a: Celesteela\n|upkeep\n|turn|4\n|\n|t:|1701022262\n|switch|p1b: Heatran|Heatran, F|100\/100\n|-item|p1b: Heatran|Air Balloon\n|switch|p1a: Landorus|Landorus-Therian, M|96\/100\n|-ability|p1a: Landorus|Intimidate|boost\n|-unboost|p2a: Staraptor|atk|1\n|-unboost|p2b: Audino|atk|1\n|move|p2a: Staraptor|Defog|p1a: Landorus\n|-unboost|p1a: Landorus|evasion|1\n|-sideend|p2: moregano18|Stealth Rock|[from] move: Defog|[of] p2a: Staraptor\n|move|p2b: Audino|Life Dew|p2b: Audino|[spread] p2a,p2b\n|-heal|p2a: Staraptor|66\/100\n|-heal|p2b: Audino|100\/100\n|\n|-damage|p2b: Audino|88\/100|[from] Leech Seed|[of] p1a: Landorus\n|-heal|p1a: Landorus|100\/100|[silent]\n|upkeep\n|turn|5\n|\n|t:|1701022293\n|move|p2a: Staraptor|U-turn|p1b: Heatran\n|-resisted|p1b: Heatran\n|-damage|p1b: Heatran|99\/100\n|-enditem|p1b: Heatran|Air Balloon\n|\n|t:|1701022302\n|switch|p2a: Obstagoon|Obstagoon, M|70\/100 brn|[from] U-turn\n|move|p1a: Landorus|U-turn|p2a: Obstagoon\n|-supereffective|p2a: Obstagoon\n|-damage|p2a: Obstagoon|33\/100 brn\n|\n|t:|1701022313\n|switch|p1a: Tapu Lele|Tapu Lele, shiny|100\/100|[from] U-turn\n|-fieldstart|move: Psychic Terrain|[from] ability: Psychic Surge|[of] p1a: Tapu Lele\n|move|p1b: Heatran|Taunt|p2b: Audino\n|-start|p2b: Audino|move: Taunt\n|-enditem|p2b: Audino|Mental Herb\n|-end|p2b: Audino|move: Taunt\n|move|p2b: Audino|Icy Wind|p1b: Heatran|[spread] p1a,p1b\n|-resisted|p1b: Heatran\n|-damage|p1a: Tapu Lele|94\/100\n|-damage|p1b: Heatran|97\/100\n|-unboost|p1a: Tapu Lele|spe|1\n|-unboost|p1b: Heatran|spe|1\n|\n|-damage|p2b: Audino|76\/100|[from] Leech Seed|[of] p1a: Tapu Lele\n|-heal|p1a: Tapu Lele|100\/100|[silent]\n|-damage|p2a: Obstagoon|26\/100 brn|[from] brn\n|upkeep\n|turn|6\n|\n|t:|1701022339\n|move|p1b: Heatran|Protect|p1b: Heatran\n|-singleturn|p1b: Heatran|Protect\n|move|p2a: Obstagoon|Facade|p1a: Tapu Lele\n|-damage|p1a: Tapu Lele|0 fnt\n|faint|p1a: Tapu Lele\n|move|p2b: Audino|Icy Wind|p1b: Heatran\n|-activate|p1b: Heatran|move: Protect\n|\n|-damage|p2a: Obstagoon|20\/100 brn|[from] brn\n|upkeep\n|\n|t:|1701022347\n|switch|p1a: Lopunny|Lopunny-Mega, F|89\/100\n|turn|7\n|\n|t:|1701022373\n|move|p1a: Lopunny|U-turn|p2a: Obstagoon\n|-supereffective|p2a: Obstagoon\n|-damage|p2a: Obstagoon|0 fnt\n|faint|p2a: Obstagoon\n|\n|t:|1701022381\n|switch|p1a: Celesteela|Celesteela|100\/100|[from] U-turn\n|move|p2b: Audino|Icy Wind|p1b: Heatran|[spread] p1a,p1b\n|-resisted|p1b: Heatran\n|-damage|p1a: Celesteela|96\/100\n|-damage|p1b: Heatran|96\/100\n|-unboost|p1a: Celesteela|spe|1\n|-unboost|p1b: Heatran|spe|1\n|move|p1b: Heatran|Taunt|p2b: Audino\n|-start|p2b: Audino|move: Taunt\n|\n|-heal|p1a: Celesteela|100\/100|[from] item: Leftovers\n|-damage|p2b: Audino|63\/100|[from] Leech Seed|[of] p1a: Celesteela\n|upkeep\n|\n|t:|1701022397\n|switch|p2a: Eevee|Eevee, M|64\/100\n|turn|8\n|j| Pikalytics_ou\n|inactive|Battle timer is ON: inactive players will automatically lose when time's up. (requested by moregano18)\n|\n|t:|1701022433\n|switch|p2b: Regigigas|Regigigas|100\/100\n|-start|p2b: Regigigas|ability: Slow Start\n|switch|p1b: Lopunny|Lopunny-Mega, F|89\/100\n|switch|p1a: Kartana|Kartana, shiny|81\/100\n|-zpower|p2a: Eevee\n|move|p2a: Eevee|Extreme Evoboost|p2a: Eevee\n|-boost|p2a: Eevee|atk|2\n|-boost|p2a: Eevee|def|2\n|-boost|p2a: Eevee|spa|2\n|-boost|p2a: Eevee|spd|2\n|-boost|p2a: Eevee|spe|2\n|\n|upkeep\n|turn|9\n|c| Pikalytics_ou|why do all peopel i play against just fovorit\n|c| Pikalytics_ou|can any of yall battle me\n|c| Pikalytics_ou|?\n|\n|t:|1701022461\n|move|p1a: Kartana|Sacred Sword|p2a: Eevee\n|-supereffective|p2a: Eevee\n|-damage|p2a: Eevee|0 fnt\n|faint|p2a: Eevee\n|-ability|p1a: Kartana|Beast Boost|boost\n|-boost|p1a: Kartana|atk|1\n|move|p1b: Lopunny|Close Combat|p2b: Regigigas\n|-supereffective|p2b: Regigigas\n|-damage|p2b: Regigigas|12\/100\n|-unboost|p1b: Lopunny|def|1\n|-unboost|p1b: Lopunny|spd|1\n|move|p2b: Regigigas|Psych Up|p2: Eevee|[notarget]\n|-fail|p2b: Regigigas\n|\n|-heal|p2b: Regigigas|18\/100|[from] item: Leftovers\n|-fieldend|move: Psychic Terrain\n|upkeep\n|inactive|moregano18 has 120 seconds left.\n|\n|t:|1701022479\n|switch|p2a: Staraptor|Staraptor, M|66\/100\n|-ability|p2a: Staraptor|Intimidate|boost\n|-unboost|p1a: Kartana|atk|1\n|-fail|p1b: Lopunny|unboost|Attack|[from] ability: Scrappy|[of] p1b: Lopunny\n|turn|10\n|\n|t:|1701022496\n|move|p1a: Kartana|Sacred Sword|p2b: Regigigas\n|-supereffective|p2b: Regigigas\n|-damage|p2b: Regigigas|0 fnt\n|faint|p2b: Regigigas\n|-end|p2b: Regigigas|Slow Start|[silent]\n|-ability|p1a: Kartana|Beast Boost|boost\n|-boost|p1a: Kartana|atk|1\n|move|p1b: Lopunny|Return|p2a: Staraptor\n|-damage|p2a: Staraptor|0 fnt\n|faint|p2a: Staraptor\n|\n|upkeep\n|c|\u2606moregano18|Well, gg\n|inactive|moregano18 has 120 seconds left.\n|\n|t:|1701022518\n|switch|p2a: Farigiraf|Farigiraf, F|100\/100\n|switch|p2b: Audino|Audino, F|96\/100\n|turn|11\n|l| Pikalytics_ou\n|\n|t:|1701022546\n|-terastallize|p2a: Farigiraf|Normal\n|move|p2b: Audino|Helping Hand|p2a: Farigiraf\n|-singleturn|p2a: Farigiraf|Helping Hand|[of] p2b: Audino\n|move|p1a: Kartana|Sacred Sword|p2b: Audino\n|-supereffective|p2b: Audino\n|-damage|p2b: Audino|0 fnt\n|faint|p2b: Audino\n|-ability|p1a: Kartana|Beast Boost|boost\n|-boost|p1a: Kartana|atk|1\n|move|p1b: Lopunny|U-turn|p2a: Farigiraf\n|-damage|p2a: Farigiraf|65\/100\n|inactive|Akira_Vlone has 120 seconds left.\n|\n|t:|1701022562\n|switch|p1b: Landorus|Landorus-Therian, M|100\/100|[from] U-turn\n|-ability|p1b: Landorus|Intimidate|boost\n|-unboost|p2a: Farigiraf|atk|1\n|move|p2a: Farigiraf|Hyper Voice|p1b: Landorus|[spread] p1a,p1b\n|-resisted|p1a: Kartana\n|-crit|p1a: Kartana\n|-damage|p1a: Kartana|0 fnt\n|-damage|p1b: Landorus|30\/100\n|faint|p1a: Kartana\n|-heal|p2a: Farigiraf|81\/100|[from] item: Shell Bell|[of] p1b: Landorus\n|\n|upkeep\n|\n|t:|1701022568\n|switch|p1a: Lopunny|Lopunny-Mega, F|89\/100\n|turn|12\n|c|\u2606moregano18|The kartana is scarfed, right?\n|c|\u2606Akira_Vlone|gg\n|inactive|moregano18 has 120 seconds left.\n|\n|t:|1701022599\n|move|p1a: Lopunny|Fake Out||[still]\n|cant|p2a: Farigiraf|ability: Armor Tail|Fake Out|[of] p1a: Lopunny\n|move|p2a: Farigiraf|Hyper Voice|p1b: Landorus|[spread] p1a,p1b\n|-damage|p1a: Lopunny|36\/100\n|-damage|p1b: Landorus|0 fnt\n|faint|p1b: Landorus\n|-heal|p2a: Farigiraf|89\/100|[from] item: Shell Bell|[of] p1: Landorus\n|\n|upkeep\n|c|\u2606Akira_Vlone|yes\n|\n|t:|1701022607\n|switch|p1b: Celesteela|Celesteela|100\/100\n|turn|13\n|c|\u2606moregano18|Ah, thought I was clear of it on 2x speed eevee\n|\n|t:|1701022630\n|move|p1a: Lopunny|Close Combat|p2a: Farigiraf\n|-supereffective|p2a: Farigiraf\n|-damage|p2a: Farigiraf|0 fnt\n|-unboost|p1a: Lopunny|def|1\n|-unboost|p1a: Lopunny|spd|1\n|faint|p2a: Farigiraf\n|\n|win|Akira_Vlone\n|raw|Akira_Vlone's rating: 1105 &rarr; <strong>1139<\/strong><br \/>(+34 for winning)\n|raw|moregano18's rating: 1239 &rarr; <strong>1205<\/strong><br \/>(-34 for losing)\n|c|\u2606Akira_Vlone|lol\n","uploadtime":1701022646,"views":1,"p1id":"akiravlone","p2id":"moregano18","formatid":"gen9nationaldexdoubles","rating":1139,"private":0,"password":""}