{"id":"gen9nationaldexdoubles-1989386760","p1":"MarcusTalks","p2":"decidoustree","format":"[Gen 9] National Dex Doubles","log":"|j|\u2606MarcusTalks\n|j|\u2606decidoustree\n|t:|1699843747\n|gametype|doubles\n|player|p1|MarcusTalks|steven|\n|player|p2|decidoustree|cheren-gen5bw2|\n|teamsize|p1|6\n|teamsize|p2|6\n|gen|9\n|tier|[Gen 9] National Dex Doubles\n|rule|HP Percentage Mod: HP is shown in percentages\n|rule|Endless Battle Clause: Forcing endless battles is banned\n|rule|OHKO Clause: OHKO moves are banned\n|rule|Evasion Moves Clause: Evasion moves are banned\n|rule|Evasion Abilities Clause: Evasion abilities are banned\n|rule|Species Clause: Limit one of each Pok\u00e9mon\n|rule|Gravity Sleep Clause: The combination of sleep-inducing moves with imperfect accuracy and Gravity or Gigantamax Orbeetle are banned\n|clearpoke\n|poke|p1|Sinistcha-Masterpiece|\n|poke|p1|Kommo-o, M|\n|poke|p1|Ninetales-Alola, F|\n|poke|p1|Arcanine-Hisui, M|\n|poke|p1|Sableye, M|\n|poke|p1|Iron Hands|\n|poke|p2|Jirachi|\n|poke|p2|Mismagius, F|\n|poke|p2|Audino, F|\n|poke|p2|Delphox, F|\n|poke|p2|Mienshao, M|\n|poke|p2|Altaria, F|\n|teampreview\n|c|\u2606MarcusTalks|may be for fun only, but lets still give it our all\n|c|\u2606decidoustree|true!!\n|\n|t:|1699843772\n|start\n|switch|p1a: Iron Hands|Iron Hands|100\/100\n|switch|p1b: Sableye|Sableye, M, shiny|100\/100\n|switch|p2a: Get mad !!!|Mienshao, M|100\/100\n|switch|p2b: Machiavellian Bach|Jirachi|100\/100\n|turn|1\n|\n|t:|1699843800\n|move|p2a: Get mad !!!|Fake Out|p1a: Iron Hands\n|-damage|p1a: Iron Hands|90\/100\n|-damage|p2a: Get mad !!!|91\/100|[from] item: Life Orb\n|cant|p1a: Iron Hands|flinch\n|move|p1b: Sableye|Taunt|p2b: Machiavellian Bach\n|-start|p2b: Machiavellian Bach|move: Taunt\n|move|p2b: Machiavellian Bach|Charge Beam|p1b: Sableye\n|-damage|p1b: Sableye|82\/100\n|-boost|p2b: Machiavellian Bach|spa|1\n|\n|upkeep\n|turn|2\n|\n|t:|1699843825\n|move|p1b: Sableye|Substitute|p1b: Sableye\n|-start|p1b: Sableye|Substitute\n|-damage|p1b: Sableye|57\/100\n|move|p2a: Get mad !!!|High Jump Kick|p1a: Iron Hands|[miss]\n|-miss|p2a: Get mad !!!|p1a: Iron Hands\n|-damage|p2a: Get mad !!!|41\/100|[from] highjumpkick\n|move|p2b: Machiavellian Bach|Charge Beam|p1b: Sableye\n|-end|p1b: Sableye|Substitute\n|-boost|p2b: Machiavellian Bach|spa|1\n|move|p1a: Iron Hands|Volt Switch|p2a: Get mad !!!\n|-damage|p2a: Get mad !!!|16\/100\n|c|\u2606decidoustree|o-\n|\n|t:|1699843840\n|-end|p1a: Iron Hands|Quark Drive|[silent]\n|switch|p1a: Kommo-o|Kommo-o, M, shiny|100\/100|[from] Volt Switch\n|\n|upkeep\n|turn|3\n|\n|t:|1699843864\n|switch|p1b: Ninetales|Ninetales-Alola, F, shiny|100\/100\n|-weather|Snow|[from] ability: Snow Warning|[of] p1b: Ninetales\n|move|p2a: Get mad !!!|High Jump Kick|p1a: Kommo-o\n|-damage|p1a: Kommo-o|0 fnt\n|faint|p1a: Kommo-o\n|-damage|p2a: Get mad !!!|6\/100|[from] item: Life Orb\n|move|p2b: Machiavellian Bach|Charge Beam|p1b: Ninetales\n|-damage|p1b: Ninetales|73\/100\n|-boost|p2b: Machiavellian Bach|spa|1\n|\n|-weather|Snow|[upkeep]\n|-end|p2b: Machiavellian Bach|move: Taunt\n|upkeep\n|c|\u2606MarcusTalks|oof\n|c|\u2606MarcusTalks|took down my sweeper\n|\n|t:|1699843881\n|switch|p1a: Iron Hands|Iron Hands|90\/100\n|turn|4\n|c|\u2606decidoustree|kommo-o is scary\n|c|\u2606decidoustree|like the oricorio\n|c|\u2606MarcusTalks|no matter, I have a team still\n|c|\u2606MarcusTalks|I hope\n|inactive|Battle timer is ON: inactive players will automatically lose when time's up. (requested by MarcusTalks)\n|\n|t:|1699843924\n|switch|p2a: Yes !|Audino, F|100\/100\n|move|p1a: Iron Hands|Fake Out|p2b: Machiavellian Bach\n|-resisted|p2b: Machiavellian Bach\n|-damage|p2b: Machiavellian Bach|94\/100\n|move|p1b: Ninetales|Aurora Veil|p1b: Ninetales\n|-sidestart|p1: MarcusTalks|move: Aurora Veil\n|cant|p2b: Machiavellian Bach|flinch\n|\n|-weather|Snow|[upkeep]\n|-heal|p2b: Machiavellian Bach|99\/100|[from] item: Leftovers\n|upkeep\n|turn|5\n|\n|t:|1699843946\n|move|p1b: Ninetales|Blizzard|p2b: Machiavellian Bach|[spread] p2a,p2b\n|-resisted|p2b: Machiavellian Bach\n|-damage|p2a: Yes !|73\/100\n|-damage|p2b: Machiavellian Bach|89\/100\n|move|p2b: Machiavellian Bach|Cosmic Power|p2b: Machiavellian Bach\n|-boost|p2b: Machiavellian Bach|def|1\n|-boost|p2b: Machiavellian Bach|spd|1\n|move|p2a: Yes !|Calm Mind|p2a: Yes !\n|-boost|p2a: Yes !|spa|1\n|-boost|p2a: Yes !|spd|1\n|move|p1a: Iron Hands|Drain Punch|p2a: Yes !\n|-supereffective|p2a: Yes !\n|-damage|p2a: Yes !|0 fnt\n|-heal|p1a: Iron Hands|100\/100|[from] drain|[of] p2a: Yes !\n|-damage|p1a: Iron Hands|84\/100|[from] item: Rocky Helmet|[of] p2a: Yes !\n|faint|p2a: Yes !\n|\n|-weather|Snow|[upkeep]\n|-heal|p2b: Machiavellian Bach|95\/100|[from] item: Leftovers\n|upkeep\n|inactive|decidoustree has 270 seconds left.\n|\n|t:|1699843970\n|switch|p2a: Get mad !!!|Mienshao, M|6\/100\n|turn|6\n|\n|t:|1699843980\n|-end|p1a: Iron Hands|Quark Drive|[silent]\n|switch|p1a: Arcanine|Arcanine-Hisui, M, shiny|100\/100\n|move|p2a: Get mad !!!|Fake Out|p1b: Ninetales\n|-damage|p1b: Ninetales|60\/100\n|-damage|p2a: Get mad !!!|0 fnt|[from] item: Life Orb\n|faint|p2a: Get mad !!!\n|cant|p1b: Ninetales|flinch\n|move|p2b: Machiavellian Bach|Stored Power|p1a: Arcanine\n|-damage|p1a: Arcanine|15\/100\n|\n|-weather|Snow|[upkeep]\n|-heal|p2b: Machiavellian Bach|100\/100|[from] item: Leftovers\n|upkeep\n|inactive|decidoustree has 270 seconds left.\n|c|\u2606MarcusTalks|yeah I think I lose this one\n|\n|t:|1699844015\n|switch|p2a: 999|Mismagius, F|100\/100\n|turn|7\n|c|\u2606MarcusTalks|Is that Jirachi a Portal 2 reference?\n|inactive|decidoustree has 270 seconds left.\n|\n|t:|1699844040\n|-terastallize|p2b: Machiavellian Bach|Fairy\n|move|p1b: Ninetales|Blizzard|p2a: 999|[spread] p2a,p2b\n|-damage|p2a: 999|60\/100\n|-damage|p2b: Machiavellian Bach|86\/100\n|move|p2a: 999|Mystical Fire|p1b: Ninetales\n|-supereffective|p1b: Ninetales\n|-damage|p1b: Ninetales|13\/100\n|-unboost|p1b: Ninetales|spa|1\n|-damage|p2a: 999|50\/100|[from] item: Life Orb\n|move|p1a: Arcanine|Flare Blitz|p2b: Machiavellian Bach\n|-damage|p2b: Machiavellian Bach|54\/100\n|move|p2b: Machiavellian Bach|Stored Power|p1a: Arcanine\n|-damage|p1a: Arcanine|0 fnt\n|faint|p1a: Arcanine\n|\n|-weather|none\n|-heal|p2b: Machiavellian Bach|60\/100|[from] item: Leftovers\n|upkeep\n|inactive|MarcusTalks has 270 seconds left.\n|\n|t:|1699844062\n|switch|p1a: Sinistcha|Sinistcha-Masterpiece, shiny|100\/100\n|-heal|p1b: Ninetales|38\/100|[from] ability: Hospitality|[of] p1a: Sinistcha\n|turn|8\n|\n|t:|1699844074\n|switch|p1b: Iron Hands|Iron Hands|84\/100\n|move|p2a: 999|Icy Wind|p1a: Sinistcha|[spread] p1a,p1b\n|-supereffective|p1a: Sinistcha\n|-damage|p1a: Sinistcha|77\/100\n|-damage|p1b: Iron Hands|77\/100\n|-unboost|p1a: Sinistcha|spe|1\n|-unboost|p1b: Iron Hands|spe|1\n|-damage|p2a: 999|40\/100|[from] item: Life Orb\n|move|p2b: Machiavellian Bach|Baton Pass|p2b: Machiavellian Bach\n|inactive|decidoustree has 270 seconds left.\n|\n|t:|1699844085\n|switch|p2b: Fluffy|Altaria, F|100\/100|[from] Baton Pass\n|move|p1a: Sinistcha|Matcha Gotcha|p2b: Fluffy|[spread] p2a,p2b\n|-resisted|p2b: Fluffy\n|-damage|p2a: 999|9\/100\n|-heal|p1a: Sinistcha|89\/100|[from] drain|[of] p2a: 999\n|-damage|p2b: Fluffy|97\/100\n|-heal|p1a: Sinistcha|91\/100|[from] drain|[of] p2b: Fluffy\n|\n|upkeep\n|turn|9\n|\n|t:|1699844108\n|detailschange|p2b: Fluffy|Altaria-Mega, F\n|-mega|p2b: Fluffy|Altaria|Altarianite\n|move|p1b: Iron Hands|Fake Out|p2b: Fluffy\n|-damage|p2b: Fluffy|88\/100\n|move|p2a: 999|Shadow Ball|p1a: Sinistcha\n|-supereffective|p1a: Sinistcha\n|-damage|p1a: Sinistcha|25\/100\n|-damage|p2a: 999|0 fnt|[from] item: Life Orb\n|faint|p2a: 999\n|cant|p2b: Fluffy|flinch\n|move|p1a: Sinistcha|Matcha Gotcha|p2b: Fluffy\n|-resisted|p2b: Fluffy\n|-damage|p2b: Fluffy|79\/100\n|-heal|p1a: Sinistcha|30\/100|[from] drain|[of] p2b: Fluffy\n|\n|upkeep\n|inactive|decidoustree has 270 seconds left.\n|\n|t:|1699844125\n|switch|p2a: Machiavellian Bach|Jirachi, tera:Fairy|60\/100\n|turn|10\n|\n|t:|1699844144\n|-terastallize|p1a: Sinistcha|Fairy\n|move|p2a: Machiavellian Bach|Cosmic Power|p2a: Machiavellian Bach\n|-boost|p2a: Machiavellian Bach|def|1\n|-boost|p2a: Machiavellian Bach|spd|1\n|move|p2b: Fluffy|Hyper Voice|p1b: Iron Hands|[spread] p1a,p1b\n|-supereffective|p1b: Iron Hands\n|-damage|p1a: Sinistcha|0 fnt\n|-damage|p1b: Iron Hands|11\/100\n|faint|p1a: Sinistcha\n|move|p1b: Iron Hands|Volt Switch|p2a: Machiavellian Bach\n|-damage|p2a: Machiavellian Bach|54\/100\n|\n|t:|1699844154\n|-end|p1b: Iron Hands|Quark Drive|[silent]\n|switch|p1b: Ninetales|Ninetales-Alola, F, shiny|38\/100|[from] Volt Switch\n|-weather|Snow|[from] ability: Snow Warning|[of] p1b: Ninetales\n|\n|-weather|Snow|[upkeep]\n|-heal|p2a: Machiavellian Bach|60\/100|[from] item: Leftovers\n|upkeep\n|\n|t:|1699844160\n|switch|p1a: Sableye|Sableye, M, shiny|57\/100\n|turn|11\n|\n|t:|1699844178\n|move|p1a: Sableye|Taunt|p2a: Machiavellian Bach\n|-start|p2a: Machiavellian Bach|move: Taunt\n|move|p1b: Ninetales|Blizzard|p2b: Fluffy|[spread] p2a,p2b\n|-supereffective|p2b: Fluffy\n|-damage|p2a: Machiavellian Bach|45\/100\n|-damage|p2b: Fluffy|46\/100\n|cant|p2a: Machiavellian Bach|move: Taunt|Cosmic Power\n|move|p2b: Fluffy|Heat Wave|p1b: Ninetales|[spread] p1a,p1b\n|-supereffective|p1b: Ninetales\n|-damage|p1a: Sableye|9\/100\n|-damage|p1b: Ninetales|0 fnt\n|faint|p1b: Ninetales\n|\n|-weather|Snow|[upkeep]\n|-heal|p2a: Machiavellian Bach|51\/100|[from] item: Leftovers\n|-sideend|p1: MarcusTalks|move: Aurora Veil\n|upkeep\n|c|\u2606MarcusTalks|I needed the freeze\n|\n|t:|1699844191\n|switch|p1b: Iron Hands|Iron Hands|11\/100\n|turn|12\n|\n|t:|1699844205\n|move|p1b: Iron Hands|Fake Out|p2b: Fluffy\n|-damage|p2b: Fluffy|39\/100\n|move|p1a: Sableye|Toxic|p2b: Fluffy\n|-status|p2b: Fluffy|tox\n|move|p2a: Machiavellian Bach|Stored Power|p1b: Iron Hands\n|-supereffective|p1b: Iron Hands\n|-damage|p1b: Iron Hands|0 fnt\n|faint|p1b: Iron Hands\n|-end|p1b: Iron Hands|Quark Drive|[silent]\n|cant|p2b: Fluffy|flinch\n|\n|-weather|Snow|[upkeep]\n|-heal|p2a: Machiavellian Bach|58\/100|[from] item: Leftovers\n|-damage|p2b: Fluffy|32\/100 tox|[from] psn\n|upkeep\n|turn|13\n|c|\u2606MarcusTalks|gg\n|c|\u2606decidoustree|good gams\n|\n|t:|1699844226\n|detailschange|p1a: Sableye|Sableye-Mega, M, shiny\n|-mega|p1a: Sableye|Sableye|Sablenite\n|move|p2a: Machiavellian Bach|Charge Beam|p1a: Sableye\n|-damage|p1a: Sableye|0 fnt\n|-boost|p2a: Machiavellian Bach|spa|1\n|faint|p1a: Sableye\n|\n|win|decidoustree\n|c|\u2606MarcusTalks|If I didn't mess up with Kommo-o\n|l|\u2606MarcusTalks\n|c|\u2606decidoustree|o..\n|j| yaya_x3\n|l| yaya_x3\n","uploadtime":1699844274,"views":12,"p1id":"marcustalks","p2id":"decidoustree","formatid":"gen9nationaldexdoubles","rating":0,"private":0,"password":""}