{"id":"gen9nationaldexdoubles-1983554553","p1":"Kurususilver11","p2":"BPal12","format":"[Gen 9] National Dex Doubles","log":"|j|\u2606Kurususilver11\n|j|\u2606BPal12\n|t:|1699142830\n|gametype|doubles\n|player|p1|Kurususilver11|2|1081\n|player|p2|BPal12|ghetsis-gen5bw|1000\n|teamsize|p1|6\n|teamsize|p2|6\n|gen|9\n|tier|[Gen 9] National Dex Doubles\n|rated|\n|rule|HP Percentage Mod: HP is shown in percentages\n|rule|Endless Battle Clause: Forcing endless battles is banned\n|rule|OHKO Clause: OHKO moves are banned\n|rule|Evasion Moves Clause: Evasion moves are banned\n|rule|Evasion Abilities Clause: Evasion abilities are banned\n|rule|Species Clause: Limit one of each Pok\u00e9mon\n|rule|Gravity Sleep Clause: The combination of sleep-inducing moves with imperfect accuracy and Gravity or Gigantamax Orbeetle are banned\n|clearpoke\n|poke|p1|Diancie|\n|poke|p1|Eevee, F|\n|poke|p1|Flutter Mane|\n|poke|p1|Cresselia, F|\n|poke|p1|Indeedee-F, F|\n|poke|p1|Iron Bundle|\n|poke|p2|Greninja-*, F|\n|poke|p2|Meowscarada, F|\n|poke|p2|Tyranitar, M|\n|poke|p2|Guzzlord|\n|poke|p2|Ting-Lu|\n|poke|p2|Incineroar, F|\n|teampreview\n|inactive|Battle timer is ON: inactive players will automatically lose when time's up. (requested by Kurususilver11)\n|\n|t:|1699142897\n|start\n|switch|p1a: Eevee|Eevee, F, shiny|100\/100\n|switch|p1b: Indeedee|Indeedee-F, F, shiny|100\/100\n|switch|p2a: Guzzlord|Guzzlord|100\/100\n|switch|p2b: Tyranitar|Tyranitar, M|100\/100\n|-fieldstart|move: Psychic Terrain|[from] ability: Psychic Surge|[of] p1b: Indeedee\n|-weather|Sandstorm|[from] ability: Sand Stream|[of] p2b: Tyranitar\n|turn|1\n|\n|t:|1699142926\n|switch|p2b: Ting-Lu|Ting-Lu|100\/100\n|-ability|p2b: Ting-Lu|Vessel of Ruin\n|move|p1b: Indeedee|Follow Me|p1b: Indeedee\n|-singleturn|p1b: Indeedee|move: Follow Me\n|-zpower|p1a: Eevee\n|move|p1a: Eevee|Extreme Evoboost|p1a: Eevee\n|-boost|p1a: Eevee|atk|2\n|-boost|p1a: Eevee|def|2\n|-boost|p1a: Eevee|spa|2\n|-boost|p1a: Eevee|spd|2\n|-boost|p1a: Eevee|spe|2\n|move|p2a: Guzzlord|Corrosive Gas|p1a: Eevee|[spread] p2b,p1a,p1b\n|-enditem|p2b: Ting-Lu|Ability Shield|[from] move: Corrosive Gas|[of] p2a: Guzzlord\n|-fail|p1a: Eevee|move: Corrosive Gas\n|-enditem|p1b: Indeedee|Leftovers|[from] move: Corrosive Gas|[of] p2a: Guzzlord\n|\n|-weather|Sandstorm|[upkeep]\n|-damage|p1a: Eevee|94\/100|[from] Sandstorm\n|-damage|p1b: Indeedee|94\/100|[from] Sandstorm\n|-damage|p2a: Guzzlord|94\/100|[from] Sandstorm\n|upkeep\n|turn|2\n|inactive|BPal12 has 120 seconds left.\n|\n|t:|1699142966\n|move|p1b: Indeedee|Follow Me|p1b: Indeedee\n|-singleturn|p1b: Indeedee|move: Follow Me\n|move|p1a: Eevee|Baton Pass|p1a: Eevee\n|\n|t:|1699142970\n|switch|p1a: Hard Candy|Diancie, shiny|100\/100|[from] Baton Pass\n|move|p2b: Ting-Lu|Ruination|p1b: Indeedee\n|-damage|p1b: Indeedee|47\/100\n|move|p2a: Guzzlord|Sludge Wave|p1a: Hard Candy|[spread] p2b,p1a,p1b\n|-resisted|p2b: Ting-Lu\n|-damage|p2b: Ting-Lu|94\/100\n|-damage|p1a: Hard Candy|94\/100\n|-damage|p1b: Indeedee|31\/100\n|-status|p1a: Hard Candy|psn\n|\n|-weather|Sandstorm|[upkeep]\n|-damage|p1b: Indeedee|25\/100|[from] Sandstorm\n|-damage|p2a: Guzzlord|88\/100|[from] Sandstorm\n|-damage|p1a: Hard Candy|82\/100 psn|[from] psn\n|upkeep\n|turn|3\n|inactive|BPal12 has 120 seconds left.\n|\n|t:|1699142996\n|detailschange|p1a: Hard Candy|Diancie-Mega, shiny\n|-mega|p1a: Hard Candy|Diancie|Diancite\n|move|p1b: Indeedee|Follow Me|p1b: Indeedee\n|-singleturn|p1b: Indeedee|move: Follow Me\n|move|p1a: Hard Candy|Dazzling Gleam|p2a: Guzzlord|[spread] p2a,p2b\n|-supereffective|p2a: Guzzlord\n|-supereffective|p2b: Ting-Lu\n|-damage|p2a: Guzzlord|0 fnt\n|-damage|p2b: Ting-Lu|5\/100\n|faint|p2a: Guzzlord\n|move|p2b: Ting-Lu|Heavy Slam|p1b: Indeedee\n|-damage|p1b: Indeedee|0 fnt\n|faint|p1b: Indeedee\n|\n|-weather|Sandstorm|[upkeep]\n|-damage|p1a: Hard Candy|69\/100 psn|[from] psn\n|upkeep\n|inactive|BPal12 has 120 seconds left.\n|\n|t:|1699143035\n|switch|p1b: Cresselia|Cresselia, F|100\/100\n|switch|p2a: Tyranitar|Tyranitar, M|100\/100\n|turn|4\n|inactive|BPal12 has 120 seconds left.\n|\n|t:|1699143066\n|move|p1a: Hard Candy|Dazzling Gleam|p2a: Tyranitar|[spread] p2a,p2b\n|-supereffective|p2a: Tyranitar\n|-supereffective|p2b: Ting-Lu\n|-damage|p2a: Tyranitar|35\/100\n|-damage|p2b: Ting-Lu|0 fnt\n|faint|p2b: Ting-Lu\n|move|p1b: Cresselia|Lunar Blessing|p1b: Cresselia|[spread] p1a,p1b\n|-heal|p1a: Hard Candy|94\/100 psn\n|-curestatus|p1a: Hard Candy|psn|[msg]\n|move|p2a: Tyranitar|Iron Defense|p2a: Tyranitar\n|-boost|p2a: Tyranitar|def|2\n|\n|-weather|Sandstorm|[upkeep]\n|-damage|p1b: Cresselia|94\/100|[from] Sandstorm\n|-heal|p1b: Cresselia|100\/100|[from] item: Leftovers\n|upkeep\n|\n|t:|1699143078\n|switch|p2b: Incineroar|Incineroar, F|100\/100\n|-ability|p2b: Incineroar|Intimidate|boost\n|-unboost|p1a: Hard Candy|atk|1\n|-unboost|p1b: Cresselia|atk|1\n|turn|5\n|inactive|BPal12 has 120 seconds left.\n|\n|t:|1699143101\n|move|p1a: Hard Candy|Dazzling Gleam|p2b: Incineroar|[spread] p2a,p2b\n|-supereffective|p2a: Tyranitar\n|-damage|p2a: Tyranitar|0 fnt\n|-damage|p2b: Incineroar|21\/100\n|faint|p2a: Tyranitar\n|move|p1b: Cresselia|Calm Mind|p1b: Cresselia\n|-boost|p1b: Cresselia|spa|1\n|-boost|p1b: Cresselia|spd|1\n|move|p2b: Incineroar|Cross Chop|p1a: Hard Candy\n|-damage|p1a: Hard Candy|72\/100\n|\n|-weather|none\n|-fieldend|move: Psychic Terrain\n|upkeep\n|\n|t:|1699143112\n|switch|p2a: Meowscarada|Meowscarada, F|100\/100\n|turn|6\n|\n|t:|1699143123\n|move|p1a: Hard Candy|Dazzling Gleam|p2b: Incineroar|[spread] p2a,p2b\n|-supereffective|p2a: Meowscarada\n|-damage|p2a: Meowscarada|0 fnt\n|-damage|p2b: Incineroar|0 fnt\n|faint|p2a: Meowscarada\n|faint|p2b: Incineroar\n|move|p1b: Cresselia|Calm Mind|p1b: Cresselia\n|-boost|p1b: Cresselia|spa|1\n|-boost|p1b: Cresselia|spd|1\n|\n|upkeep\n|-message|BPal12 forfeited.\n|\n|win|Kurususilver11\n|raw|Kurususilver11's rating: 1081 &rarr; <strong>1102<\/strong><br \/>(+21 for winning)\n|raw|BPal12's rating: 1000 &rarr; <strong>1000<\/strong><br \/>(+0 for losing)\n|l|\u2606BPal12\n","uploadtime":1699143139,"views":6,"p1id":"kurususilver11","p2id":"bpal12","formatid":"gen9nationaldexdoubles","rating":1000,"private":0,"password":""}