{"id":"gen9nationaldexdoubles-1994462858","p1":"Brick_Enjoyer_144","p2":"jm1011","format":"[Gen 9] National Dex Doubles","log":"|j|\u2606Brick_Enjoyer_144\n|j|\u2606jm1011\n|t:|1700446762\n|gametype|doubles\n|player|p1|Brick_Enjoyer_144|shauntal|1208\n|player|p2|jm1011|266|1049\n|teamsize|p1|6\n|teamsize|p2|6\n|gen|9\n|tier|[Gen 9] National Dex Doubles\n|rated|\n|rule|HP Percentage Mod: HP is shown in percentages\n|rule|Endless Battle Clause: Forcing endless battles is banned\n|rule|OHKO Clause: OHKO moves are banned\n|rule|Evasion Moves Clause: Evasion moves are banned\n|rule|Evasion Abilities Clause: Evasion abilities are banned\n|rule|Species Clause: Limit one of each Pok\u00e9mon\n|rule|Gravity Sleep Clause: The combination of sleep-inducing moves with imperfect accuracy and Gravity or Gigantamax Orbeetle are banned\n|clearpoke\n|poke|p1|Smeargle, F|\n|poke|p1|Kartana|\n|poke|p1|Roaring Moon|\n|poke|p1|Minior-Violet|\n|poke|p1|Mawile, M|\n|poke|p1|Zapdos|\n|poke|p2|Malamar, M|\n|poke|p2|Lurantis, M|\n|poke|p2|Incineroar, M|\n|poke|p2|Empoleon, M|\n|poke|p2|Diancie|\n|poke|p2|Jirachi|\n|teampreview\n|inactive|Battle timer is ON: inactive players will automatically lose when time's up. (requested by Brick_Enjoyer_144)\n|\n|t:|1700446776\n|start\n|switch|p1a: Smeargle|Smeargle, F, shiny|100\/100\n|switch|p1b: Minior|Minior-Violet, shiny|100\/100\n|switch|p2a: Empoleon|Empoleon, M|100\/100\n|switch|p2b: Incineroar|Incineroar, M|100\/100\n|-formechange|p1b: Minior|Minior-Meteor||[from] ability: Shields Down\n|-ability|p2b: Incineroar|Intimidate|boost\n|-fail|p1a: Smeargle|unboost|Attack|[from] ability: Own Tempo|[of] p1a: Smeargle\n|-unboost|p1b: Minior|atk|1\n|turn|1\n|\n|t:|1700446798\n|move|p1a: Smeargle|Fake Out|p2a: Empoleon\n|-resisted|p2a: Empoleon\n|-damage|p2a: Empoleon|97\/100\n|move|p1b: Minior|Shell Smash|p1b: Minior\n|-unboost|p1b: Minior|def|1\n|-unboost|p1b: Minior|spd|1\n|-boost|p1b: Minior|atk|2\n|-boost|p1b: Minior|spa|2\n|-boost|p1b: Minior|spe|2\n|cant|p2a: Empoleon|flinch\n|move|p2b: Incineroar|Fire Pledge|p1a: Smeargle\n|-damage|p1a: Smeargle|57\/100\n|\n|-heal|p1a: Smeargle|63\/100|[from] item: Leftovers\n|upkeep\n|turn|2\n|\n|t:|1700446821\n|move|p1b: Minior|Stone Edge|p2b: Incineroar\n|-supereffective|p2b: Incineroar\n|-damage|p2b: Incineroar|9\/100\n|move|p1a: Smeargle|Spore|p2a: Empoleon\n|-status|p2a: Empoleon|slp|[from] move: Spore\n|cant|p2a: Empoleon|slp\n|move|p2b: Incineroar|Fire Pledge|p1a: Smeargle\n|-damage|p1a: Smeargle|15\/100\n|\n|-heal|p1a: Smeargle|21\/100|[from] item: Leftovers\n|upkeep\n|turn|3\n|\n|t:|1700446850\n|switch|p2a: Diancie|Diancie|100\/100\n|switch|p2b: Malamar|Malamar, M|100\/100\n|move|p1b: Minior|Acrobatics|p2b: Malamar\n|-damage|p2b: Malamar|81\/100\n|move|p1a: Smeargle|Stealth Rock|p2b: Malamar\n|-sidestart|p2: jm1011|move: Stealth Rock\n|\n|-heal|p1a: Smeargle|27\/100|[from] item: Leftovers\n|-heal|p2b: Malamar|87\/100|[from] item: Leftovers\n|upkeep\n|turn|4\n|\n|t:|1700446871\n|move|p1b: Minior|Iron Head|p2a: Diancie\n|-supereffective|p2a: Diancie\n|-damage|p2a: Diancie|0 fnt\n|faint|p2a: Diancie\n|move|p1a: Smeargle|Parting Shot|p2b: Malamar\n|-unboost|p2b: Malamar|atk|1\n|-unboost|p2b: Malamar|spa|1\n|inactive|Brick_Enjoyer_144 has 120 seconds left.\n|\n|t:|1700446893\n|switch|p1a: Zapdos|Zapdos, shiny|100\/100|[from] Parting Shot\n|move|p2b: Malamar|Acupressure|p2b: Malamar\n|-boost|p2b: Malamar|evasion|2\n|\n|-heal|p2b: Malamar|93\/100|[from] item: Leftovers\n|upkeep\n|\n|t:|1700446904\n|switch|p2a: Lurantis|Lurantis, M|100\/100\n|turn|5\n|\n|t:|1700446922\n|move|p1b: Minior|Iron Head|p2b: Malamar\n|-damage|p2b: Malamar|72\/100\n|move|p1a: Zapdos|Heat Wave|p2b: Malamar|[spread] p2a\n|-miss|p1a: Zapdos|p2b: Malamar\n|-supereffective|p2a: Lurantis\n|-damage|p2a: Lurantis|52\/100\n|move|p2b: Malamar|Acupressure|p2b: Malamar\n|-boost|p2b: Malamar|spd|2\n|move|p2a: Lurantis|Superpower|p1a: Zapdos\n|-resisted|p1a: Zapdos\n|-damage|p1a: Zapdos|74\/100\n|-boost|p2a: Lurantis|atk|1\n|-boost|p2a: Lurantis|def|1\n|\n|-heal|p2b: Malamar|78\/100|[from] item: Leftovers\n|upkeep\n|turn|6\n|\n|t:|1700446947\n|move|p1b: Minior|Iron Head|p2b: Malamar|[miss]\n|-miss|p1b: Minior|p2b: Malamar\n|move|p1a: Zapdos|Heat Wave|p2b: Malamar|[spread] p2a\n|-miss|p1a: Zapdos|p2b: Malamar\n|-supereffective|p2a: Lurantis\n|-damage|p2a: Lurantis|0 fnt\n|faint|p2a: Lurantis\n|move|p2b: Malamar|Acupressure|p2b: Malamar\n|-boost|p2b: Malamar|spa|2\n|\n|-heal|p2b: Malamar|84\/100|[from] item: Leftovers\n|upkeep\n|\n|t:|1700446956\n|switch|p2a: Jirachi|Jirachi|100\/100\n|-damage|p2a: Jirachi|94\/100|[from] Stealth Rock\n|turn|7\n|\n|t:|1700446968\n|move|p1b: Minior|Iron Head|p2b: Malamar\n|-damage|p2b: Malamar|64\/100\n|move|p1a: Zapdos|Heat Wave|p2b: Malamar|[spread] p2a,p2b\n|-supereffective|p2a: Jirachi\n|-damage|p2a: Jirachi|52\/100\n|-damage|p2b: Malamar|51\/100\n|move|p2a: Jirachi|Ice Punch|p1b: Minior\n|-supereffective|p1b: Minior\n|-damage|p1b: Minior|29\/100\n|cant|p2b: Malamar|flinch\n|\n|-heal|p2a: Jirachi|58\/100|[from] item: Leftovers\n|-heal|p2b: Malamar|57\/100|[from] item: Leftovers\n|-formechange|p1b: Minior|Minior-Violet||[from] ability: Shields Down\n|upkeep\n|turn|8\n|\n|t:|1700446990\n|move|p1b: Minior|Iron Head|p2b: Malamar\n|-damage|p2b: Malamar|31\/100\n|move|p1a: Zapdos|Heat Wave|p2b: Malamar|[spread] p2a\n|-miss|p1a: Zapdos|p2b: Malamar\n|-supereffective|p2a: Jirachi\n|-damage|p2a: Jirachi|19\/100\n|move|p2a: Jirachi|Ice Punch|p1b: Minior\n|-supereffective|p1b: Minior\n|-damage|p1b: Minior|0 fnt\n|faint|p1b: Minior\n|move|p2b: Malamar|Acupressure|p2b: Malamar\n|-boost|p2b: Malamar|spa|2\n|\n|-heal|p2a: Jirachi|25\/100|[from] item: Leftovers\n|-heal|p2b: Malamar|37\/100|[from] item: Leftovers\n|upkeep\n|\n|t:|1700447009\n|switch|p1b: Kartana|Kartana, shiny|100\/100\n|turn|9\n|\n|t:|1700447028\n|move|p1b: Kartana|Smart Strike|p2b: Malamar\n|-damage|p2b: Malamar|0 fnt\n|faint|p2b: Malamar\n|-ability|p1b: Kartana|Beast Boost|boost\n|-boost|p1b: Kartana|atk|1\n|move|p1a: Zapdos|Heat Wave|p2a: Jirachi\n|-supereffective|p2a: Jirachi\n|-damage|p2a: Jirachi|0 fnt\n|faint|p2a: Jirachi\n|\n|upkeep\n|\n|t:|1700447032\n|switch|p2a: Incineroar|Incineroar, M|9\/100\n|switch|p2b: Empoleon|Empoleon, M|97\/100 slp\n|-damage|p2b: Empoleon|91\/100 slp|[from] Stealth Rock\n|-damage|p2a: Incineroar|0 fnt|[from] Stealth Rock\n|faint|p2a: Incineroar\n|turn|10\n|\n|t:|1700447048\n|-terastallize|p2b: Empoleon|Water\n|move|p1b: Kartana|Smart Strike|p2b: Empoleon\n|-resisted|p2b: Empoleon\n|-damage|p2b: Empoleon|28\/100 slp\n|move|p1a: Zapdos|Discharge|p2b: Empoleon|[spread] p1b,p2b\n|-resisted|p1b: Kartana\n|-supereffective|p2b: Empoleon\n|-damage|p1b: Kartana|56\/100\n|-damage|p2b: Empoleon|0 fnt\n|faint|p2b: Empoleon\n|\n|win|Brick_Enjoyer_144\n|raw|Brick_Enjoyer_144's rating: 1208 &rarr; <strong>1222<\/strong><br \/>(+14 for winning)\n|raw|jm1011's rating: 1049 &rarr; <strong>1039<\/strong><br \/>(-10 for losing)\n|c|\u2606jm1011|Gg good strat\n|l|\u2606Brick_Enjoyer_144\n|l|\u2606jm1011\n|j|\u2606Brick_Enjoyer_144\n|player|p1|Brick_Enjoyer_144|shauntal\n","uploadtime":1700447100,"views":3,"p1id":"brickenjoyer144","p2id":"jm1011","formatid":"gen9nationaldexdoubles","rating":1039,"private":0,"password":""}