{"id":"gen9nationaldexdoubles-1989952232","p1":"dean44","p2":"Nerdygolem513","format":"[Gen 9] National Dex Doubles","log":"|j|\u2606dean44\n|j|\u2606Nerdygolem513\n|t:|1699909635\n|gametype|doubles\n|player|p1|dean44|1|1099\n|player|p2|Nerdygolem513|burglar|1347\n|teamsize|p1|6\n|teamsize|p2|6\n|gen|9\n|tier|[Gen 9] National Dex Doubles\n|rated|\n|rule|HP Percentage Mod: HP is shown in percentages\n|rule|Endless Battle Clause: Forcing endless battles is banned\n|rule|OHKO Clause: OHKO moves are banned\n|rule|Evasion Moves Clause: Evasion moves are banned\n|rule|Evasion Abilities Clause: Evasion abilities are banned\n|rule|Species Clause: Limit one of each Pok\u00e9mon\n|rule|Gravity Sleep Clause: The combination of sleep-inducing moves with imperfect accuracy and Gravity or Gigantamax Orbeetle are banned\n|clearpoke\n|poke|p1|Malamar, F|\n|poke|p1|Klefki, F|\n|poke|p1|Grapploct, F|\n|poke|p1|Hatterene, F|\n|poke|p1|Garganacl, F|\n|poke|p1|Tsareena, F|\n|poke|p2|Tapu Koko|\n|poke|p2|Indeedee-F, F|\n|poke|p2|Raichu-Alola, M|\n|poke|p2|Alakazam, F|\n|poke|p2|Iron Valiant|\n|poke|p2|Farigiraf, M|\n|teampreview\n|inactive|Battle timer is ON: inactive players will automatically lose when time's up. (requested by dean44)\n|\n|t:|1699909645\n|start\n|switch|p1a: Malamar|Malamar, F|100\/100\n|switch|p1b: Klefki|Klefki, F|100\/100\n|switch|p2a: KFC|Tapu Koko|100\/100\n|switch|p2b: Pancakes|Raichu-Alola, M|100\/100\n|-fieldstart|move: Electric Terrain|[from] ability: Electric Surge|[of] p2a: KFC\n|turn|1\n|\n|t:|1699909656\n|move|p1a: Malamar|Protect|p1a: Malamar\n|-singleturn|p1a: Malamar|Protect\n|move|p2b: Pancakes|Rising Voltage|p1b: Klefki\n|-hint|Rising Voltage's BP doubled on grounded target.\n|-damage|p1b: Klefki|0 fnt\n|faint|p1b: Klefki\n|-damage|p2b: Pancakes|91\/100|[from] item: Life Orb\n|move|p2a: KFC|U-turn|p1a: Malamar\n|-activate|p1a: Malamar|move: Protect\n|\n|upkeep\n|\n|t:|1699909674\n|switch|p1b: Garganacl|Garganacl, F|100\/100\n|turn|2\n|\n|t:|1699909685\n|switch|p1a: Grapploct|Grapploct, F|100\/100\n|move|p2b: Pancakes|Rising Voltage|p1b: Garganacl\n|-hint|Rising Voltage's BP doubled on grounded target.\n|-damage|p1b: Garganacl|16\/100\n|-damage|p2b: Pancakes|81\/100|[from] item: Life Orb\n|move|p2a: KFC|U-turn|p1a: Grapploct\n|-resisted|p1a: Grapploct\n|-crit|p1a: Grapploct\n|-damage|p1a: Grapploct|88\/100\n|\n|t:|1699909696\n|switch|p2a: Indeed|Indeedee-F, F|100\/100|[from] U-turn\n|-fieldstart|move: Psychic Terrain|[from] ability: Psychic Surge|[of] p2a: Indeed\n|move|p1b: Garganacl|Salt Cure|p2a: Indeed\n|-damage|p2a: Indeed|73\/100\n|-start|p2a: Indeed|Salt Cure\n|\n|-heal|p2a: Indeed|79\/100|[from] item: Leftovers\n|-heal|p1a: Grapploct|94\/100|[from] item: Leftovers\n|-heal|p1b: Garganacl|22\/100|[from] item: Leftovers\n|-damage|p2a: Indeed|67\/100|[from] Salt Cure\n|upkeep\n|turn|3\n|\n|t:|1699909710\n|switch|p2a: Hannah|Farigiraf, M|100\/100\n|switch|p1a: Malamar|Malamar, F|100\/100\n|move|p2b: Pancakes|Expanding Force|p1b: Garganacl|[spread] p1b\n|-immune|p1a: Malamar\n|-damage|p1b: Garganacl|0 fnt\n|faint|p1b: Garganacl\n|-damage|p2b: Pancakes|71\/100|[from] item: Life Orb\n|\n|upkeep\n|\n|t:|1699909714\n|switch|p1b: Grapploct|Grapploct, F|94\/100\n|turn|4\n|\n|t:|1699909722\n|move|p2a: Hannah|Ally Switch|p2a: Hannah\n|swap|p2a: Hannah|1|[from] move: Ally Switch\n|move|p2a: Pancakes|Expanding Force|p1a: Malamar|[spread] p1b\n|-immune|p1a: Malamar\n|-supereffective|p1b: Grapploct\n|-damage|p1b: Grapploct|0 fnt\n|faint|p1b: Grapploct\n|-damage|p2a: Pancakes|61\/100|[from] item: Life Orb\n|move|p1a: Malamar|Trick Room|p1a: Malamar\n|-fieldstart|move: Trick Room|[of] p1a: Malamar\n|\n|upkeep\n|\n|t:|1699909728\n|switch|p1b: Tsareena|Tsareena, F|100\/100\n|-enditem|p1b: Tsareena|Room Service\n|-unboost|p1b: Tsareena|spe|1|[from] item: Room Service\n|turn|5\n|\n|t:|1699909748\n|move|p2a: Pancakes|Protect|p2a: Pancakes\n|-singleturn|p2a: Pancakes|Protect\n|move|p1b: Tsareena|Trop Kick|p2a: Pancakes\n|-activate|p2a: Pancakes|move: Protect\n|move|p1a: Malamar|Knock Off|p2b: Hannah\n|-supereffective|p2b: Hannah\n|-damage|p2b: Hannah|38\/100\n|-enditem|p2b: Hannah|Aguav Berry|[from] move: Knock Off|[of] p1a: Malamar\n|move|p2b: Hannah|Trick Room|p2b: Hannah\n|-fieldend|move: Trick Room\n|\n|upkeep\n|turn|6\n|\n|t:|1699909769\n|switch|p2b: KFC|Tapu Koko|100\/100\n|-fieldstart|move: Electric Terrain|[from] ability: Electric Surge|[of] p2b: KFC\n|move|p2a: Pancakes|Rising Voltage|p1a: Malamar\n|-hint|Rising Voltage's BP doubled on grounded target.\n|-damage|p1a: Malamar|0 fnt\n|faint|p1a: Malamar\n|-damage|p2a: Pancakes|51\/100|[from] item: Life Orb\n|move|p1b: Tsareena|Trop Kick|p2b: KFC\n|-damage|p2b: KFC|47\/100\n|-unboost|p2b: KFC|atk|1\n|\n|upkeep\n|-message|dean44 forfeited.\n|\n|win|Nerdygolem513\n|raw|dean44's rating: 1099 &rarr; <strong>1089<\/strong><br \/>(-10 for losing)\n|raw|Nerdygolem513's rating: 1347 &rarr; <strong>1355<\/strong><br \/>(+8 for winning)\n|l|\u2606dean44\n","uploadtime":1699909788,"views":21,"p1id":"dean44","p2id":"nerdygolem513","formatid":"gen9nationaldexdoubles","rating":1089,"private":0,"password":""}