{"id":"gen9nationaldexdoubles-1996392279","p1":"eragon11145","p2":"Iceberg77","format":"[Gen 9] National Dex Doubles","log":"|j|\u2606eragon11145\n|j|\u2606Iceberg77\n|t:|1700677672\n|gametype|doubles\n|player|p1|eragon11145|#dwcopiii|\n|player|p2|Iceberg77|iris-gen5bw2|\n|teamsize|p1|6\n|teamsize|p2|6\n|gen|9\n|tier|[Gen 9] National Dex Doubles\n|rule|HP Percentage Mod: HP is shown in percentages\n|rule|Endless Battle Clause: Forcing endless battles is banned\n|rule|OHKO Clause: OHKO moves are banned\n|rule|Evasion Moves Clause: Evasion moves are banned\n|rule|Evasion Abilities Clause: Evasion abilities are banned\n|rule|Species Clause: Limit one of each Pok\u00e9mon\n|rule|Gravity Sleep Clause: The combination of sleep-inducing moves with imperfect accuracy and Gravity or Gigantamax Orbeetle are banned\n|clearpoke\n|poke|p1|Lucario, F|\n|poke|p1|Roaring Moon|\n|poke|p1|Chien-Pao|\n|poke|p1|Rillaboom, M|\n|poke|p1|Flutter Mane|\n|poke|p1|Entei|\n|poke|p2|Iron Hands|\n|poke|p2|Indeedee-F, F|\n|poke|p2|Gardevoir, F|\n|poke|p2|Ogerpon-Hearthflame, F|\n|poke|p2|Flutter Mane|\n|poke|p2|Kyurem-Black|\n|teampreview\n|inactive|Battle timer is ON: inactive players will automatically lose when time's up. (requested by eragon11145)\n|c|\u2606Iceberg77|hf\n|c|\u2606eragon11145|glhf\n|inactive|eragon11145 has 270 seconds left.\n|inactive|Iceberg77 has 270 seconds left.\n|inactive|eragon11145 has 240 seconds left.\n|inactive|Iceberg77 has 240 seconds left.\n|j| smudgerox\n|inactive|Iceberg77 has 210 seconds left.\n|\n|t:|1700677781\n|start\n|switch|p1a: Chien-Pao|Chien-Pao|100\/100\n|switch|p1b: Entei|Entei|100\/100\n|switch|p2a: Flutter Mane|Flutter Mane|100\/100\n|switch|p2b: Ogerpon|Ogerpon-Hearthflame, F|100\/100\n|-ability|p1a: Chien-Pao|Sword of Ruin\n|-ability|p2b: Ogerpon|Mold Breaker\n|-enditem|p2a: Flutter Mane|Booster Energy\n|-activate|p2a: Flutter Mane|ability: Protosynthesis|[fromitem]\n|-start|p2a: Flutter Mane|protosynthesisspe\n|turn|1\n|inactive|Iceberg77 has 270 seconds left.\n|inactive|eragon11145 has 270 seconds left.\n|j| seta0052\n|inactive|Iceberg77 has 240 seconds left.\n|j| glimmeraqua\n|\n|t:|1700677828\n|-terastallize|p1b: Entei|Normal\n|move|p2a: Flutter Mane|Protect|p2a: Flutter Mane\n|-singleturn|p2a: Flutter Mane|Protect\n|move|p1b: Entei|Extreme Speed|p2b: Ogerpon\n|-damage|p2b: Ogerpon|16\/100\n|move|p1a: Chien-Pao|Icicle Crash|p2a: Flutter Mane\n|-activate|p2a: Flutter Mane|move: Protect\n|move|p2b: Ogerpon|Ivy Cudgel|p1a: Chien-Pao|[anim] Ivy Cudgel Fire\n|-supereffective|p1a: Chien-Pao\n|-enditem|p1a: Chien-Pao|Focus Sash\n|-damage|p1a: Chien-Pao|1\/100\n|\n|upkeep\n|turn|2\n|inactive|eragon11145 has 270 seconds left.\n|inactive|Iceberg77 has 240 seconds left.\n|inactive|eragon11145 has 240 seconds left.\n|inactive|Iceberg77 has 210 seconds left.\n|\n|t:|1700677907\n|switch|p1b: Rillaboom|Rillaboom, M|100\/100\n|-fieldstart|move: Grassy Terrain|[from] ability: Grassy Surge|[of] p1b: Rillaboom\n|switch|p2b: Indeedee|Indeedee-F, F|100\/100\n|-fieldstart|move: Psychic Terrain|[from] ability: Psychic Surge|[of] p2b: Indeedee\n|move|p1a: Chien-Pao|Protect|p1a: Chien-Pao\n|-singleturn|p1a: Chien-Pao|Protect\n|move|p2a: Flutter Mane|Dazzling Gleam|p1b: Rillaboom|[spread] p1b\n|-activate|p1a: Chien-Pao|move: Protect\n|-damage|p1b: Rillaboom|78\/100\n|\n|upkeep\n|turn|3\n|inactive|Iceberg77 has 210 seconds left.\n|inactive|eragon11145 has 240 seconds left.\n|inactive|Iceberg77 has 180 seconds left.\n|\n|t:|1700677956\n|switch|p1a: Entei|Entei, tera:Normal|100\/100\n|move|p2b: Indeedee|Follow Me|p2b: Indeedee\n|-singleturn|p2b: Indeedee|move: Follow Me\n|move|p2a: Flutter Mane|Dazzling Gleam|p1b: Rillaboom|[spread] p1a,p1b\n|-damage|p1a: Entei|65\/100\n|-damage|p1b: Rillaboom|52\/100\n|move|p1b: Rillaboom|U-turn|p2b: Indeedee\n|-supereffective|p2b: Indeedee\n|-damage|p2b: Indeedee|24\/100\n|-enditem|p2b: Indeedee|Sitrus Berry|[eat]\n|-heal|p2b: Indeedee|49\/100|[from] item: Sitrus Berry\n|\n|t:|1700677977\n|switch|p1b: Flutter Mane|Flutter Mane|100\/100|[from] U-turn\n|\n|upkeep\n|turn|4\n|inactive|Iceberg77 has 180 seconds left.\n|\n|t:|1700678009\n|switch|p2b: Gardevoir|Gardevoir, F, shiny|100\/100\n|move|p2a: Flutter Mane|Shadow Ball|p1b: Flutter Mane\n|-supereffective|p1b: Flutter Mane\n|-damage|p1b: Flutter Mane|25\/100\n|move|p1b: Flutter Mane|Moonblast|p2b: Gardevoir\n|-damage|p2b: Gardevoir|38\/100\n|-unboost|p2b: Gardevoir|spa|1\n|move|p1a: Entei|Sacred Fire|p2a: Flutter Mane\n|-damage|p2a: Flutter Mane|0 fnt\n|faint|p2a: Flutter Mane\n|-end|p2a: Flutter Mane|Protosynthesis|[silent]\n|\n|upkeep\n|\n|t:|1700678034\n|switch|p2a: Iron Hands|Iron Hands|100\/100\n|-enditem|p2a: Iron Hands|Psychic Seed\n|-boost|p2a: Iron Hands|spd|1|[from] item: Psychic Seed\n|turn|5\n|\n|t:|1700678047\n|detailschange|p2b: Gardevoir|Gardevoir-Mega, F, shiny\n|-mega|p2b: Gardevoir|Gardevoir|Gardevoirite\n|-terastallize|p2a: Iron Hands|Fire\n|move|p1b: Flutter Mane|Moonblast|p2a: Iron Hands\n|-resisted|p2a: Iron Hands\n|-damage|p2a: Iron Hands|82\/100\n|-unboost|p2a: Iron Hands|spa|1\n|move|p1a: Entei|Sacred Fire|p2a: Iron Hands\n|-resisted|p2a: Iron Hands\n|-damage|p2a: Iron Hands|60\/100\n|move|p2b: Gardevoir|Expanding Force|p1b: Flutter Mane|[spread] p1a,p1b\n|-damage|p1a: Entei|8\/100\n|-damage|p1b: Flutter Mane|0 fnt\n|faint|p1b: Flutter Mane\n|-end|p1b: Flutter Mane|Protosynthesis|[silent]\n|move|p2a: Iron Hands|Swords Dance|p2a: Iron Hands\n|-boost|p2a: Iron Hands|atk|2\n|\n|upkeep\n|inactive|eragon11145 has 240 seconds left.\n|\n|t:|1700678074\n|switch|p1b: Lucario|Lucario, F|100\/100\n|turn|6\n|inactive|Iceberg77 has 180 seconds left.\n|\n|t:|1700678109\n|move|p1b: Lucario|Protect|p1b: Lucario\n|-singleturn|p1b: Lucario|Protect\n|move|p2a: Iron Hands|Protect|p2a: Iron Hands\n|-singleturn|p2a: Iron Hands|Protect\n|move|p1a: Entei|Sacred Fire|p2b: Gardevoir\n|-damage|p2b: Gardevoir|0 fnt\n|faint|p2b: Gardevoir\n|\n|-fieldend|move: Psychic Terrain\n|upkeep\n|inactive|Iceberg77 has 150 seconds left.\n|\n|t:|1700678136\n|switch|p2b: Ogerpon|Ogerpon-Hearthflame, F|16\/100\n|-ability|p2b: Ogerpon|Mold Breaker\n|turn|7\n|inactive|eragon11145 has 270 seconds left.\n|inactive|eragon11145 has 240 seconds left.\n|\n|t:|1700678191\n|switch|p1b: Chien-Pao|Chien-Pao|1\/100\n|-ability|p1b: Chien-Pao|Sword of Ruin\n|move|p2b: Ogerpon|Follow Me|p2b: Ogerpon\n|-singleturn|p2b: Ogerpon|move: Follow Me\n|move|p1a: Entei|Sacred Fire|p2b: Ogerpon\n|-damage|p2b: Ogerpon|0 fnt\n|faint|p2b: Ogerpon\n|move|p2a: Iron Hands|Drain Punch|p1b: Chien-Pao\n|-supereffective|p1b: Chien-Pao\n|-damage|p1b: Chien-Pao|0 fnt\n|-heal|p2a: Iron Hands|61\/100|[from] drain|[of] p1b: Chien-Pao\n|faint|p1b: Chien-Pao\n|\n|upkeep\n|inactive|eragon11145 has 240 seconds left.\n|inactive|Iceberg77 has 180 seconds left.\n|\n|t:|1700678206\n|switch|p1b: Lucario|Lucario, F|100\/100\n|switch|p2b: Kyurem|Kyurem-Black|100\/100\n|-ability|p2b: Kyurem|Teravolt\n|turn|8\n|inactive|Iceberg77 has 180 seconds left.\n|\n|t:|1700678227\n|detailschange|p1b: Lucario|Lucario-Mega, F\n|-mega|p1b: Lucario|Lucario|Lucarionite\n|move|p1b: Lucario|Close Combat|p2a: Iron Hands\n|-damage|p2a: Iron Hands|7\/100\n|-unboost|p1b: Lucario|def|1\n|-unboost|p1b: Lucario|spd|1\n|move|p1a: Entei|Sacred Fire|p2a: Iron Hands\n|-resisted|p2a: Iron Hands\n|-crit|p2a: Iron Hands\n|-damage|p2a: Iron Hands|0 fnt\n|faint|p2a: Iron Hands\n|-end|p2a: Iron Hands|Quark Drive|[silent]\n|move|p2b: Kyurem|Ice Beam|p1a: Entei\n|-damage|p1a: Entei|0 fnt\n|faint|p1a: Entei\n|\n|upkeep\n|inactive|eragon11145 has 270 seconds left.\n|\n|t:|1700678246\n|switch|p1a: Roaring Moon|Roaring Moon|100\/100\n|switch|p2a: Indeedee|Indeedee-F, F|49\/100\n|-fieldstart|move: Psychic Terrain|[from] ability: Psychic Surge|[of] p2a: Indeedee\n|-enditem|p1a: Roaring Moon|Booster Energy\n|-activate|p1a: Roaring Moon|ability: Protosynthesis|[fromitem]\n|-start|p1a: Roaring Moon|protosynthesisspe\n|turn|9\n|inactive|Iceberg77 has 210 seconds left.\n|\n|t:|1700678262\n|move|p1a: Roaring Moon|Breaking Swipe|p2a: Indeedee|[spread] p2a,p2b\n|-supereffective|p2b: Kyurem\n|-crit|p2b: Kyurem\n|-damage|p2a: Indeedee|18\/100\n|-damage|p2b: Kyurem|65\/100\n|-unboost|p2a: Indeedee|atk|1\n|-unboost|p2b: Kyurem|atk|1\n|move|p1b: Lucario|Meteor Mash|p2a: Indeedee\n|-damage|p2a: Indeedee|0 fnt\n|faint|p2a: Indeedee\n|move|p2b: Kyurem|Earth Power|p1b: Lucario\n|-supereffective|p1b: Lucario\n|-damage|p1b: Lucario|0 fnt\n|faint|p1b: Lucario\n|\n|upkeep\n|\n|t:|1700678265\n|switch|p1b: Rillaboom|Rillaboom, M|52\/100\n|-fieldstart|move: Grassy Terrain|[from] ability: Grassy Surge|[of] p1b: Rillaboom\n|turn|10\n|\n|t:|1700678276\n|move|p1b: Rillaboom|Fake Out|p2b: Kyurem\n|-damage|p2b: Kyurem|57\/100\n|move|p1a: Roaring Moon|Knock Off|p2b: Kyurem\n|-damage|p2b: Kyurem|30\/100\n|-enditem|p2b: Kyurem|Assault Vest|[from] move: Knock Off|[of] p1a: Roaring Moon\n|cant|p2b: Kyurem|flinch\n|\n|-heal|p1b: Rillaboom|59\/100|[from] Grassy Terrain\n|-heal|p2b: Kyurem|36\/100|[from] Grassy Terrain\n|upkeep\n|turn|11\n|\n|t:|1700678283\n|move|p1b: Rillaboom|Grassy Glide|p2b: Kyurem\n|-resisted|p2b: Kyurem\n|-damage|p2b: Kyurem|24\/100\n|move|p1a: Roaring Moon|Breaking Swipe|p2b: Kyurem\n|-supereffective|p2b: Kyurem\n|-damage|p2b: Kyurem|0 fnt\n|faint|p2b: Kyurem\n|\n|win|eragon11145\n|c|\u2606eragon11145|gg\n|c|\u2606Iceberg77|gg\n|l| seta0052\n|l|\u2606Iceberg77\n|j| orange overhaul\n|l| orange overhaul\n","uploadtime":1700678289,"views":29,"p1id":"eragon11145","p2id":"iceberg77","formatid":"gen9nationaldexdoubles","rating":0,"private":0,"password":""}