{"id":"gen9nationaldexdoubles-1963477434","p1":"alfaceee","p2":"DraconyxRising","format":"[Gen 9] National Dex Doubles","log":"|j|\u2606alfaceee\n|j|\u2606DraconyxRising\n|t:|1696871079\n|gametype|doubles\n|player|p1|alfaceee|waiter-gen4dp|1065\n|player|p2|DraconyxRising|guitarist|1385\n|teamsize|p1|4\n|teamsize|p2|6\n|gen|9\n|tier|[Gen 9] National Dex Doubles\n|rated|\n|rule|HP Percentage Mod: HP is shown in percentages\n|rule|Endless Battle Clause: Forcing endless battles is banned\n|rule|OHKO Clause: OHKO moves are banned\n|rule|Evasion Moves Clause: Evasion moves are banned\n|rule|Evasion Abilities Clause: Evasion abilities are banned\n|rule|Species Clause: Limit one of each Pok\u00e9mon\n|rule|Gravity Sleep Clause: The combination of sleep-inducing moves with imperfect accuracy and Gravity or Gigantamax Orbeetle are banned\n|clearpoke\n|poke|p1|Jirachi|\n|poke|p1|Ninetales-Alola, F|\n|poke|p1|Ogerpon-Cornerstone, F|\n|poke|p1|Indeedee-F, F|\n|poke|p2|Cresselia, F|\n|poke|p2|Goodra-Hisui, F|\n|poke|p2|Medicham, F|\n|poke|p2|Chien-Pao|\n|poke|p2|Incineroar, F|\n|poke|p2|Ting-Lu|\n|teampreview\n|inactive|Battle timer is ON: inactive players will automatically lose when time's up. (requested by DraconyxRising)\n|inactive|alfaceee has 120 seconds left.\n|\n|t:|1696871133\n|start\n|switch|p1a: AuuuuuuBabyNoCry|Ninetales-Alola, F|100\/100\n|switch|p1b: De fato|Indeedee-F, F|100\/100\n|switch|p2a: Medicham|Medicham, F, shiny|100\/100\n|switch|p2b: Ting-Lu|Ting-Lu|100\/100\n|-weather|Snow|[from] ability: Snow Warning|[of] p1a: AuuuuuuBabyNoCry\n|-fieldstart|move: Psychic Terrain|[from] ability: Psychic Surge|[of] p1b: De fato\n|-ability|p2b: Ting-Lu|Vessel of Ruin\n|turn|1\n|inactive|DraconyxRising has 120 seconds left.\n|\n|t:|1696871163\n|-terastallize|p1b: De fato|Fairy\n|-terastallize|p2b: Ting-Lu|Steel\n|move|p1a: AuuuuuuBabyNoCry|Aurora Veil|p1a: AuuuuuuBabyNoCry\n|-sidestart|p1: alfaceee|move: Aurora Veil\n|move|p2a: Medicham|Skill Swap|p2b: Ting-Lu\n|-activate|p2a: Medicham|move: Skill Swap|||[of] p2b: Ting-Lu\n|-ability|p2a: Medicham|Vessel of Ruin\n|move|p1b: De fato|Psychic|p2a: Medicham\n|-damage|p2a: Medicham|52\/100\n|move|p2b: Ting-Lu|Heavy Slam|p1a: AuuuuuuBabyNoCry\n|-supereffective|p1a: AuuuuuuBabyNoCry\n|-damage|p1a: AuuuuuuBabyNoCry|0 fnt\n|faint|p1a: AuuuuuuBabyNoCry\n|\n|-weather|Snow|[upkeep]\n|upkeep\n|\n|t:|1696871181\n|switch|p1a: Jiratina|Jirachi|100\/100\n|turn|2\n|inactive|alfaceee has 120 seconds left.\n|\n|t:|1696871221\n|move|p1b: De fato|Helping Hand|p1a: Jiratina\n|-singleturn|p1a: Jiratina|Helping Hand|[of] p1b: De fato\n|move|p1a: Jiratina|Heart Stamp|p2b: Ting-Lu\n|-resisted|p2b: Ting-Lu\n|-damage|p2b: Ting-Lu|86\/100\n|move|p2a: Medicham|Drain Punch|p1a: Jiratina\n|-damage|p1a: Jiratina|82\/100\n|-heal|p2a: Medicham|64\/100|[from] drain|[of] p1a: Jiratina\n|move|p2b: Ting-Lu|Heavy Slam|p1b: De fato\n|-supereffective|p1b: De fato\n|-damage|p1b: De fato|0 fnt\n|faint|p1b: De fato\n|\n|-weather|Snow|[upkeep]\n|upkeep\n|\n|t:|1696871235\n|switch|p1b: Ugabuga zoas|Ogerpon-Cornerstone, F|100\/100\n|turn|3\n|\n|t:|1696871250\n|move|p2a: Medicham|Bullet Punch|p1b: Ugabuga zoas\n|-activate|p1b: Ugabuga zoas|move: Psychic Terrain\n|move|p1a: Jiratina|Meteor Mash|p2a: Medicham\n|-damage|p2a: Medicham|2\/100\n|-boost|p1a: Jiratina|atk|1\n|move|p2b: Ting-Lu|Heavy Slam|p1b: Ugabuga zoas\n|-supereffective|p1b: Ugabuga zoas\n|-ability|p1b: Ugabuga zoas|Sturdy\n|-damage|p1b: Ugabuga zoas|1\/100\n|move|p1b: Ugabuga zoas|Counter|p2b: Ting-Lu\n|-damage|p2b: Ting-Lu|0 fnt\n|faint|p2b: Ting-Lu\n|\n|-weather|Snow|[upkeep]\n|upkeep\n|\n|t:|1696871263\n|switch|p2b: Chien-Pao|Chien-Pao|100\/100\n|-ability|p2b: Chien-Pao|Sword of Ruin\n|turn|4\n|inactive|alfaceee has 120 seconds left.\n|\n|t:|1696871313\n|move|p2b: Chien-Pao|Sucker Punch|p1a: Jiratina\n|-activate|p1a: Jiratina|move: Psychic Terrain\n|move|p2a: Medicham|Bullet Punch|p1b: Ugabuga zoas\n|-activate|p1b: Ugabuga zoas|move: Psychic Terrain\n|move|p1a: Jiratina|Drain Punch|p2b: Chien-Pao\n|-supereffective|p2b: Chien-Pao\n|-enditem|p2b: Chien-Pao|Focus Sash\n|-damage|p2b: Chien-Pao|1\/100\n|-heal|p1a: Jiratina|100\/100|[from] drain|[of] p2b: Chien-Pao\n|move|p1b: Ugabuga zoas|Ivy Cudgel|p2a: Medicham\n|-resisted|p2a: Medicham\n|-damage|p2a: Medicham|0 fnt\n|faint|p2a: Medicham\n|\n|-weather|Snow|[upkeep]\n|upkeep\n|\n|t:|1696871329\n|switch|p2a: Incineroar|Incineroar, F, shiny|100\/100\n|-ability|p2a: Incineroar|Intimidate|boost\n|-unboost|p1a: Jiratina|atk|1\n|-unboost|p1b: Ugabuga zoas|atk|1\n|turn|5\n|inactive|alfaceee has 120 seconds left.\n|\n|t:|1696871347\n|move|p2b: Chien-Pao|Sacred Sword|p1b: Ugabuga zoas\n|-supereffective|p1b: Ugabuga zoas\n|-damage|p1b: Ugabuga zoas|0 fnt\n|faint|p1b: Ugabuga zoas\n|move|p1a: Jiratina|Meteor Mash|p2b: Chien-Pao\n|-supereffective|p2b: Chien-Pao\n|-damage|p2b: Chien-Pao|0 fnt\n|-boost|p1a: Jiratina|atk|1\n|faint|p2b: Chien-Pao\n|move|p2a: Incineroar|Flare Blitz|p1a: Jiratina\n|-supereffective|p1a: Jiratina\n|-damage|p1a: Jiratina|31\/100\n|-damage|p2a: Incineroar|81\/100|[from] Recoil\n|\n|-weather|none\n|-fieldend|move: Psychic Terrain\n|upkeep\n|\n|t:|1696871353\n|switch|p2b: Goodra|Goodra-Hisui, F, shiny|100\/100\n|turn|6\n|\n|t:|1696871359\n|move|p1a: Jiratina|Drain Punch|p2a: Incineroar\n|-supereffective|p2a: Incineroar\n|-damage|p2a: Incineroar|24\/100\n|-heal|p1a: Jiratina|64\/100|[from] drain|[of] p2a: Incineroar\n|-enditem|p2a: Incineroar|Sitrus Berry|[eat]\n|-heal|p2a: Incineroar|49\/100|[from] item: Sitrus Berry\n|move|p2a: Incineroar|Flare Blitz|p1a: Jiratina\n|-supereffective|p1a: Jiratina\n|-damage|p1a: Jiratina|0 fnt\n|faint|p1a: Jiratina\n|-damage|p2a: Incineroar|31\/100|[from] Recoil\n|\n|win|DraconyxRising\n|raw|alfaceee's rating: 1065 &rarr; <strong>1060<\/strong><br \/>(-5 for losing)\n|raw|DraconyxRising's rating: 1385 &rarr; <strong>1390<\/strong><br \/>(+5 for winning)\n|l|\u2606alfaceee\n","uploadtime":1696871370,"views":17,"p1id":"alfaceee","p2id":"draconyxrising","formatid":"gen9nationaldexdoubles","rating":1060,"private":0,"password":""}