{"id":"gen9nationaldexdoubles-1956144738","p1":"UncleKars","p2":"kpoc12","format":"[Gen 9] National Dex Doubles","log":"|j|\u2606UncleKars\n|j|\u2606kpoc12\n|t:|1696078384\n|gametype|doubles\n|player|p1|UncleKars|silver|\n|player|p2|kpoc12|ingo|\n|teamsize|p1|6\n|teamsize|p2|6\n|gen|9\n|tier|[Gen 9] National Dex Doubles\n|rule|HP Percentage Mod: HP is shown in percentages\n|rule|Endless Battle Clause: Forcing endless battles is banned\n|rule|OHKO Clause: OHKO moves are banned\n|rule|Evasion Moves Clause: Evasion moves are banned\n|rule|Evasion Abilities Clause: Evasion abilities are banned\n|rule|Species Clause: Limit one of each Pok\u00e9mon\n|rule|Gravity Sleep Clause: The combination of sleep-inducing moves with imperfect accuracy and Gravity or Gigantamax Orbeetle are banned\n|clearpoke\n|poke|p1|Camerupt, F|\n|poke|p1|Flygon, M|\n|poke|p1|Quagsire, M|\n|poke|p1|Torterra, M|\n|poke|p1|Palossand, F|\n|poke|p1|Crobat, F|\n|poke|p2|Crustle, M|\n|poke|p2|Klinklang|\n|poke|p2|Garbodor, M|\n|poke|p2|Excadrill, F|\n|poke|p2|Haxorus, M|\n|poke|p2|Chandelure, F|\n|teampreview\n|\n|t:|1696078482\n|start\n|switch|p1a: Palossand|Palossand, F|100\/100\n|switch|p1b: Quagsire|Quagsire, M, shiny|100\/100\n|switch|p2a: Garbodor|Garbodor, M|100\/100\n|switch|p2b: Crustle|Crustle, M|100\/100\n|turn|1\n|c|\u2606UncleKars|fuck it we ball\n|\n|t:|1696078506\n|move|p2a: Garbodor|Toxic|p1b: Quagsire\n|-status|p1b: Quagsire|tox\n|move|p2b: Crustle|Knock Off|p1a: Palossand\n|-supereffective|p1a: Palossand\n|-damage|p1a: Palossand|43\/100\n|-enditem|p1a: Palossand|Aguav Berry|[from] move: Knock Off|[of] p2b: Crustle\n|move|p1a: Palossand|Earth Power|p2a: Garbodor\n|-supereffective|p2a: Garbodor\n|-damage|p2a: Garbodor|4\/100\n|move|p1b: Quagsire|Muddy Water|p2a: Garbodor|[spread] p2a,p2b\n|-supereffective|p2b: Crustle\n|-damage|p2a: Garbodor|0 fnt\n|-damage|p2b: Crustle|56\/100\n|-unboost|p2b: Crustle|accuracy|1\n|faint|p2a: Garbodor\n|\n|-damage|p1b: Quagsire|94\/100 tox|[from] psn\n|upkeep\n|j| AutumnCookie\n|\n|t:|1696078562\n|switch|p2a: Haxorus|Haxorus, M|100\/100\n|-ability|p2a: Haxorus|Mold Breaker\n|turn|2\n|\n|t:|1696078595\n|move|p2a: Haxorus|Close Combat|p1b: Quagsire\n|-damage|p1b: Quagsire|42\/100 tox\n|-unboost|p2a: Haxorus|def|1\n|-unboost|p2a: Haxorus|spd|1\n|move|p2b: Crustle|Knock Off|p1a: Palossand|[miss]\n|-miss|p2b: Crustle|p1a: Palossand\n|move|p1a: Palossand|Earth Power|p2a: Haxorus\n|-damage|p2a: Haxorus|0 fnt\n|faint|p2a: Haxorus\n|move|p1b: Quagsire|Muddy Water|p2b: Crustle\n|-supereffective|p2b: Crustle\n|-damage|p2b: Crustle|0 fnt\n|faint|p2b: Crustle\n|\n|-damage|p1b: Quagsire|30\/100 tox|[from] psn\n|upkeep\n|c|\u2606kpoc12|its joever\n|c|\u2606kpoc12|shouldnt have balled his game team is ass\n|\n|t:|1696078620\n|switch|p2a: Excadrill|Excadrill, F|100\/100\n|switch|p2b: Klinklang|Klinklang|100\/100\n|-ability|p2a: Excadrill|Mold Breaker\n|turn|3\n|c|\u2606UncleKars|SHOULDNT HAVE BALLED...\n|\n|t:|1696078634\n|move|p2a: Excadrill|Rock Slide|p1a: Palossand|[spread] p1a,p1b\n|-resisted|p1a: Palossand\n|-resisted|p1b: Quagsire\n|-damage|p1a: Palossand|32\/100\n|-damage|p1b: Quagsire|17\/100 tox\n|-damage|p2a: Excadrill|91\/100|[from] item: Life Orb\n|move|p2b: Klinklang|Shift Gear|p2b: Klinklang\n|-boost|p2b: Klinklang|spe|2\n|-boost|p2b: Klinklang|atk|1\n|move|p1a: Palossand|Earth Power|p2b: Klinklang\n|-supereffective|p2b: Klinklang\n|-damage|p2b: Klinklang|0 fnt\n|faint|p2b: Klinklang\n|cant|p1b: Quagsire|flinch\n|\n|-damage|p1b: Quagsire|0 fnt|[from] psn\n|faint|p1b: Quagsire\n|upkeep\n|c| AutumnCookie|HIS TEAM IS NOTHING WITHOUT EMMET THERE TOO...\n|c|\u2606kpoc12|should not have balled\n|c|\u2606kpoc12|he needs his sister.\n|\n|t:|1696078650\n|switch|p2b: Chandelure|Chandelure, F|100\/100\n|switch|p1b: Flygon|Flygon, M|100\/100\n|turn|4\n|\n|t:|1696078699\n|move|p2a: Excadrill|Rock Slide|p1a: Palossand|[spread] p1a,p1b\n|-resisted|p1a: Palossand\n|-resisted|p1b: Flygon\n|-damage|p1a: Palossand|21\/100\n|-damage|p1b: Flygon|83\/100\n|-damage|p2a: Excadrill|81\/100|[from] item: Life Orb\n|move|p1b: Flygon|Dragon Claw|p2a: Excadrill\n|-resisted|p2a: Excadrill\n|-damage|p2a: Excadrill|50\/100\n|move|p2b: Chandelure|Shadow Ball|p1a: Palossand\n|-supereffective|p1a: Palossand\n|-damage|p1a: Palossand|0 fnt\n|faint|p1a: Palossand\n|\n|upkeep\n|c|\u2606UncleKars|he needs his sister so bad. ingo i am so sorry.\n|\n|t:|1696078712\n|switch|p1a: Camerupt|Camerupt, F|100\/100\n|turn|5\n|\n|t:|1696078725\n|detailschange|p1a: Camerupt|Camerupt-Mega, F\n|-mega|p1a: Camerupt|Camerupt|Cameruptite\n|move|p2a: Excadrill|Rock Slide|p1a: Camerupt|[spread] p1a,p1b\n|-resisted|p1b: Flygon\n|-damage|p1a: Camerupt|76\/100\n|-damage|p1b: Flygon|66\/100\n|-damage|p2a: Excadrill|40\/100|[from] item: Life Orb\n|move|p1b: Flygon|Dragon Claw|p2a: Excadrill\n|-resisted|p2a: Excadrill\n|-damage|p2a: Excadrill|12\/100\n|move|p2b: Chandelure|Heat Wave|p1b: Flygon|[spread] p1a,p1b\n|-resisted|p1a: Camerupt\n|-resisted|p1b: Flygon\n|-damage|p1a: Camerupt|59\/100\n|-damage|p1b: Flygon|39\/100\n|move|p1a: Camerupt|Earthquake|p2a: Excadrill|[spread] p2a,p2b\n|-immune|p1b: Flygon|[from] ability: Levitate\n|-supereffective|p2a: Excadrill\n|-supereffective|p2b: Chandelure\n|-damage|p2a: Excadrill|0 fnt\n|-damage|p2b: Chandelure|0 fnt\n|faint|p2a: Excadrill\n|faint|p2b: Chandelure\n|\n|win|UncleKars\n|c|\u2606kpoc12|NO FLINCHES OR BURNS\n|c|\u2606kpoc12|OK\n|c|\u2606kpoc12|OK\n|c|\u2606kpoc12|OK\n|c|\u2606kpoc12|NORMAL\n|c|\u2606UncleKars|UNLUCKY\n|c|\u2606kpoc12|god ingo ur team is ass. this is why i fucked around w it\n|c|\u2606kpoc12|ggs\n|l| AutumnCookie\n","uploadtime":1696078791,"views":7,"p1id":"unclekars","p2id":"kpoc12","formatid":"gen9nationaldexdoubles","rating":0,"private":0,"password":""}