{"id":"gen9nationaldexdoubles-1995774043","p1":"Jotijoti","p2":"fiyp","format":"[Gen 9] National Dex Doubles","log":"|j|\u2606Jotijoti\n|j|\u2606fiyp\n|t:|1700601869\n|gametype|doubles\n|player|p1|Jotijoti|fantina|1147\n|player|p2|fiyp|drayden|1138\n|teamsize|p1|6\n|teamsize|p2|6\n|gen|9\n|tier|[Gen 9] National Dex Doubles\n|rated|\n|rule|HP Percentage Mod: HP is shown in percentages\n|rule|Endless Battle Clause: Forcing endless battles is banned\n|rule|OHKO Clause: OHKO moves are banned\n|rule|Evasion Moves Clause: Evasion moves are banned\n|rule|Evasion Abilities Clause: Evasion abilities are banned\n|rule|Species Clause: Limit one of each Pok\u00e9mon\n|rule|Gravity Sleep Clause: The combination of sleep-inducing moves with imperfect accuracy and Gravity or Gigantamax Orbeetle are banned\n|clearpoke\n|poke|p1|Ninetales-Alola, M|\n|poke|p1|Diancie|\n|poke|p1|Heatran, F|\n|poke|p1|Glaceon, M|\n|poke|p1|Abomasnow, F|\n|poke|p1|Baxcalibur, F|\n|poke|p2|Grimmsnarl, M|\n|poke|p2|Hatterene, F|\n|poke|p2|Shaymin-Sky|\n|poke|p2|Chi-Yu|\n|poke|p2|Dragapult, M|\n|poke|p2|Ninetales-Alola, F|\n|teampreview\n|inactive|Battle timer is ON: inactive players will automatically lose when time's up. (requested by fiyp)\n|inactive|Jotijoti also wants the timer to be on.\n|\n|t:|1700601879\n|start\n|switch|p1a: Heatran|Heatran, F|100\/100\n|switch|p1b: Abomasnow|Abomasnow, F, shiny|100\/100\n|switch|p2a: Shaymin|Shaymin-Sky|100\/100\n|switch|p2b: Ninetales|Ninetales-Alola, F|100\/100\n|-weather|Snow|[from] ability: Snow Warning|[of] p2b: Ninetales\n|turn|1\n|c|\u2606fiyp|hello icy motherfucker\n|\n|t:|1700601898\n|move|p2a: Shaymin|Tailwind|p2a: Shaymin\n|-sidestart|p2: fiyp|move: Tailwind\n|move|p2b: Ninetales|Aurora Veil|p2b: Ninetales\n|-sidestart|p2: fiyp|move: Aurora Veil\n|move|p1a: Heatran|Flash Cannon|p2b: Ninetales\n|-supereffective|p2b: Ninetales\n|-damage|p2b: Ninetales|0 fnt\n|faint|p2b: Ninetales\n|move|p1b: Abomasnow|Aurora Veil|p1b: Abomasnow\n|-sidestart|p1: Jotijoti|move: Aurora Veil\n|\n|-weather|Snow|[upkeep]\n|upkeep\n|\n|t:|1700601915\n|switch|p2b: Grimmsnarl|Grimmsnarl, M|100\/100\n|turn|2\n|\n|t:|1700601936\n|move|p2b: Grimmsnarl|Fake Out|p1a: Heatran\n|-resisted|p1a: Heatran\n|-damage|p1a: Heatran|96\/100\n|-damage|p2b: Grimmsnarl|84\/100|[from] item: Rocky Helmet|[of] p1a: Heatran\n|move|p2a: Shaymin|Air Slash|p1b: Abomasnow\n|-supereffective|p1b: Abomasnow\n|-damage|p1b: Abomasnow|64\/100\n|cant|p1a: Heatran|flinch\n|cant|p1b: Abomasnow|flinch\n|\n|-weather|Snow|[upkeep]\n|-heal|p2b: Grimmsnarl|90\/100|[from] item: Leftovers\n|upkeep\n|turn|3\n|inactive|fiyp has 120 seconds left.\n|\n|t:|1700601969\n|move|p2b: Grimmsnarl|Thunder Wave|p1a: Heatran\n|-status|p1a: Heatran|par\n|move|p2a: Shaymin|Air Slash|p1b: Abomasnow\n|-supereffective|p1b: Abomasnow\n|-damage|p1b: Abomasnow|29\/100\n|cant|p1b: Abomasnow|flinch\n|move|p1a: Heatran|Flash Cannon|p2b: Grimmsnarl\n|-supereffective|p2b: Grimmsnarl\n|-damage|p2b: Grimmsnarl|27\/100\n|\n|-weather|Snow|[upkeep]\n|-heal|p2b: Grimmsnarl|33\/100|[from] item: Leftovers\n|upkeep\n|turn|4\n|\n|t:|1700601993\n|move|p2a: Shaymin|Air Slash|p1b: Abomasnow\n|-supereffective|p1b: Abomasnow\n|-damage|p1b: Abomasnow|0 fnt\n|faint|p1b: Abomasnow\n|move|p2b: Grimmsnarl|Spirit Break|p1a: Heatran\n|-resisted|p1a: Heatran\n|-damage|p1a: Heatran|91\/100 par\n|-unboost|p1a: Heatran|spa|1\n|-damage|p2b: Grimmsnarl|16\/100|[from] item: Rocky Helmet|[of] p1a: Heatran\n|cant|p1a: Heatran|par\n|\n|-weather|Snow|[upkeep]\n|-heal|p2b: Grimmsnarl|23\/100|[from] item: Leftovers\n|-sideend|p2: fiyp|move: Tailwind\n|upkeep\n|c|\u2606fiyp|lucky me\n|inactive|Jotijoti has 120 seconds left.\n|\n|t:|1700602011\n|switch|p1b: Baxcalibur|Baxcalibur, F|100\/100\n|turn|5\n|\n|t:|1700602028\n|move|p2a: Shaymin|Protect|p2a: Shaymin\n|-singleturn|p2a: Shaymin|Protect\n|move|p2b: Grimmsnarl|Thunder Wave|p1b: Baxcalibur\n|-status|p1b: Baxcalibur|par\n|move|p1b: Baxcalibur|Iron Head|p2b: Grimmsnarl\n|-supereffective|p2b: Grimmsnarl\n|-damage|p2b: Grimmsnarl|0 fnt\n|faint|p2b: Grimmsnarl\n|move|p1a: Heatran|Stealth Rock|p2a: Shaymin\n|-sidestart|p2: fiyp|move: Stealth Rock\n|\n|-weather|none\n|-sideend|p2: fiyp|move: Aurora Veil\n|upkeep\n|inactive|fiyp has 120 seconds left.\n|\n|t:|1700602060\n|switch|p2b: Dragapult|Dragapult, M|100\/100\n|-damage|p2b: Dragapult|88\/100|[from] Stealth Rock\n|turn|6\n|\n|t:|1700602076\n|-terastallize|p1b: Baxcalibur|Steel\n|move|p2b: Dragapult|Dragon Darts|p1b: Baxcalibur\n|-resisted|p1b: Baxcalibur\n|-damage|p1b: Baxcalibur|94\/100 par\n|-anim|p2b: Dragapult|Dragon Darts|p1a: Heatran\n|-resisted|p1a: Heatran\n|-damage|p1a: Heatran|83\/100 par\n|move|p2a: Shaymin|Air Slash|p1a: Heatran\n|-resisted|p1a: Heatran\n|-damage|p1a: Heatran|73\/100 par\n|move|p1b: Baxcalibur|Crunch|p2b: Dragapult\n|-supereffective|p2b: Dragapult\n|-damage|p2b: Dragapult|0 fnt\n|faint|p2b: Dragapult\n|cant|p1a: Heatran|flinch\n|\n|upkeep\n|inactive|fiyp has 120 seconds left.\n|\n|t:|1700602115\n|switch|p2b: Chi-Yu|Chi-Yu|100\/100\n|-damage|p2b: Chi-Yu|76\/100|[from] Stealth Rock\n|-ability|p2b: Chi-Yu|Beads of Ruin\n|turn|7\n|\n|t:|1700602143\n|move|p2a: Shaymin|Tailwind|p2a: Shaymin\n|-sidestart|p2: fiyp|move: Tailwind\n|move|p2b: Chi-Yu|Heat Wave|p1a: Heatran|[spread] p1b\n|-start|p1a: Heatran|ability: Flash Fire\n|-supereffective|p1b: Baxcalibur\n|-damage|p1b: Baxcalibur|18\/100 par\n|-ability|p1b: Baxcalibur|Thermal Exchange|boost\n|-boost|p1b: Baxcalibur|atk|1\n|-damage|p2b: Chi-Yu|66\/100|[from] item: Life Orb\n|cant|p1b: Baxcalibur|par\n|cant|p1a: Heatran|par\n|\n|upkeep\n|turn|8\n|inactive|fiyp has 120 seconds left.\n|\n|t:|1700602175\n|move|p2a: Shaymin|Air Slash|p1b: Baxcalibur\n|-resisted|p1b: Baxcalibur\n|-damage|p1b: Baxcalibur|4\/100 par\n|move|p2b: Chi-Yu|Dark Pulse|p1a: Heatran\n|-damage|p1a: Heatran|27\/100 par\n|-damage|p2b: Chi-Yu|56\/100|[from] item: Life Orb\n|cant|p1b: Baxcalibur|par\n|move|p1a: Heatran|Flamethrower|p2a: Shaymin\n|-supereffective|p2a: Shaymin\n|-damage|p2a: Shaymin|0 fnt\n|faint|p2a: Shaymin\n|\n|-sideend|p1: Jotijoti|move: Aurora Veil\n|upkeep\n|\n|t:|1700602185\n|switch|p2a: Hatterene|Hatterene, F|100\/100\n|-damage|p2a: Hatterene|88\/100|[from] Stealth Rock\n|turn|9\n|\n|t:|1700602197\n|move|p2b: Chi-Yu|Dark Pulse|p1a: Heatran\n|-damage|p1a: Heatran|0 fnt\n|faint|p1a: Heatran\n|-damage|p2b: Chi-Yu|46\/100|[from] item: Life Orb\n|move|p2a: Hatterene|Dazzling Gleam|p1b: Baxcalibur\n|-resisted|p1b: Baxcalibur\n|-damage|p1b: Baxcalibur|0 fnt\n|faint|p1b: Baxcalibur\n|\n|upkeep\n|\n|t:|1700602212\n|switch|p1b: Glaceon|Glaceon, M|100\/100\n|switch|p1a: Ninetales|Ninetales-Alola, M|100\/100\n|-weather|Snow|[from] ability: Snow Warning|[of] p1a: Ninetales\n|turn|10\n|inactive|fiyp has 120 seconds left.\n|\n|t:|1700602257\n|move|p2b: Chi-Yu|Heat Wave|p1a: Ninetales|[spread] p1a,p1b\n|-supereffective|p1a: Ninetales\n|-supereffective|p1b: Glaceon\n|-enditem|p1a: Ninetales|Focus Sash\n|-damage|p1a: Ninetales|1\/100\n|-damage|p1b: Glaceon|0 fnt\n|faint|p1b: Glaceon\n|-damage|p2b: Chi-Yu|36\/100|[from] item: Life Orb\n|move|p1a: Ninetales|Weather Ball|p2a: Hatterene\n|-damage|p2a: Hatterene|34\/100\n|move|p2a: Hatterene|Dazzling Gleam|p1a: Ninetales\n|-damage|p1a: Ninetales|0 fnt\n|faint|p1a: Ninetales\n|\n|-weather|Snow|[upkeep]\n|-sideend|p2: fiyp|move: Tailwind\n|upkeep\n|inactive|Jotijoti has 120 seconds left.\n|\n|t:|1700602298\n|switch|p1b: Diancie|Diancie, shiny|100\/100\n|turn|11\n|inactive|fiyp has 120 seconds left.\n|\n|t:|1700602320\n|move|p2b: Chi-Yu|Protect|p2b: Chi-Yu\n|-singleturn|p2b: Chi-Yu|Protect\n|move|p1b: Diancie|Diamond Storm|p2b: Chi-Yu|[spread] p2a\n|-activate|p2b: Chi-Yu|move: Protect\n|-crit|p2a: Hatterene\n|-damage|p2a: Hatterene|0 fnt\n|-boost|p1b: Diancie|def|2\n|faint|p2a: Hatterene\n|\n|-weather|Snow|[upkeep]\n|upkeep\n|turn|12\n|\n|t:|1700602333\n|move|p2b: Chi-Yu|Overheat|p1b: Diancie\n|-resisted|p1b: Diancie\n|-damage|p1b: Diancie|71\/100\n|-unboost|p2b: Chi-Yu|spa|2\n|-damage|p2b: Chi-Yu|26\/100|[from] item: Life Orb\n|move|p1b: Diancie|Moonblast|p2b: Chi-Yu\n|-damage|p2b: Chi-Yu|0 fnt\n|faint|p2b: Chi-Yu\n|\n|win|Jotijoti\n|raw|Jotijoti's rating: 1147 &rarr; <strong>1171<\/strong><br \/>(+24 for winning)\n|raw|fiyp's rating: 1138 &rarr; <strong>1114<\/strong><br \/>(-24 for losing)\n","uploadtime":1700601890,"views":0,"p1id":"jotijoti","p2id":"fiyp","formatid":"gen9nationaldexdoubles","rating":1114,"private":0,"password":""}