{"id":"gen9nationaldexdoubles-1976121875","p1":"Voltaris33","p2":"uh ugpu","format":"[Gen 9] National Dex Doubles","log":"|j|\u2606Voltaris33\n|j|\u2606uh ugpu\n|t:|1698265523\n|gametype|doubles\n|player|p1|Voltaris33|unknown|1122\n|player|p2|uh ugpu|lucas|1000\n|teamsize|p1|6\n|teamsize|p2|6\n|gen|9\n|tier|[Gen 9] National Dex Doubles\n|rated|\n|rule|HP Percentage Mod: HP is shown in percentages\n|rule|Endless Battle Clause: Forcing endless battles is banned\n|rule|OHKO Clause: OHKO moves are banned\n|rule|Evasion Moves Clause: Evasion moves are banned\n|rule|Evasion Abilities Clause: Evasion abilities are banned\n|rule|Species Clause: Limit one of each Pok\u00e9mon\n|rule|Gravity Sleep Clause: The combination of sleep-inducing moves with imperfect accuracy and Gravity or Gigantamax Orbeetle are banned\n|clearpoke\n|poke|p1|Regigigas|\n|poke|p1|Hawlucha, F|\n|poke|p1|Falinks|\n|poke|p1|Banette, M|\n|poke|p1|Iron Valiant|\n|poke|p1|Pincurchin, F|\n|poke|p2|Indeedee-F, F|\n|poke|p2|Oranguru, F|\n|poke|p2|Glastrier|\n|poke|p2|Hoopa-Unbound|\n|poke|p2|Ursaluna, M|\n|poke|p2|Zygarde|\n|teampreview\n|inactive|Battle timer is ON: inactive players will automatically lose when time's up. (requested by Voltaris33)\n|\n|t:|1698265537\n|start\n|switch|p1a: Regigigas|Regigigas|100\/100\n|switch|p1b: Hawlucha|Hawlucha, F|100\/100\n|switch|p2a: Hoopa|Hoopa-Unbound|100\/100\n|switch|p2b: Zygarde|Zygarde|100\/100\n|-start|p1a: Regigigas|ability: Slow Start\n|-ability|p2b: Zygarde|Aura Break\n|turn|1\n|\n|t:|1698265548\n|move|p1b: Hawlucha|Entrainment|p1a: Regigigas\n|-end|p1a: Regigigas|Slow Start|[silent]\n|-endability|p1a: Regigigas|Slow Start|[from] move: Entrainment\n|-ability|p1a: Regigigas|Unburden|[from] move: Entrainment\n|move|p1a: Regigigas|Knock Off|p2a: Hoopa\n|-damage|p2a: Hoopa|35\/100\n|-enditem|p2a: Hoopa|Room Service|[from] move: Knock Off|[of] p1a: Regigigas\n|move|p2b: Zygarde|Coil|p2b: Zygarde\n|-boost|p2b: Zygarde|atk|1\n|-boost|p2b: Zygarde|def|1\n|-boost|p2b: Zygarde|accuracy|1\n|move|p2a: Hoopa|Trick Room|p2a: Hoopa\n|-fieldstart|move: Trick Room|[of] p2a: Hoopa\n|-enditem|p2b: Zygarde|Room Service\n|-unboost|p2b: Zygarde|spe|1|[from] item: Room Service\n|\n|upkeep\n|turn|2\n|\n|t:|1698265566\n|move|p2b: Zygarde|Thousand Arrows|p1a: Regigigas|[spread] p1a,p1b\n|-damage|p1a: Regigigas|76\/100\n|-damage|p1b: Hawlucha|48\/100\n|-start|p1b: Hawlucha|Smack Down\n|-enditem|p1a: Regigigas|Red Card|[of] p2b: Zygarde\n|drag|p2b: Glastrier|Glastrier|100\/100\n|move|p2a: Hoopa|Dark Pulse|p1a: Regigigas\n|-damage|p1a: Regigigas|33\/100\n|move|p1b: Hawlucha|Swords Dance|p1b: Hawlucha\n|-boost|p1b: Hawlucha|atk|2\n|move|p1a: Regigigas|Earthquake|p2a: Hoopa|[spread] p1b,p2a,p2b\n|-crit|p2a: Hoopa\n|-crit|p2b: Glastrier\n|-damage|p1b: Hawlucha|3\/100\n|-damage|p2a: Hoopa|0 fnt\n|-damage|p2b: Glastrier|69\/100\n|faint|p2a: Hoopa\n|\n|upkeep\n|\n|t:|1698265581\n|switch|p2a: Oranguru|Oranguru, F|100\/100\n|turn|3\n|\n|t:|1698265588\n|move|p2b: Glastrier|Icicle Spear|p1b: Hawlucha\n|-supereffective|p1b: Hawlucha\n|-damage|p1b: Hawlucha|0 fnt\n|faint|p1b: Hawlucha\n|-ability|p2b: Glastrier|Chilling Neigh|boost\n|-boost|p2b: Glastrier|atk|1\n|-hitcount|p1: Hawlucha|1\n|move|p2a: Oranguru|Instruct|p2b: Glastrier\n|-singleturn|p2b: Glastrier|move: Instruct|[of] p2a: Oranguru\n|move|p2b: Glastrier|Icicle Spear|p1a: Regigigas\n|-damage|p1a: Regigigas|15\/100\n|-damage|p1a: Regigigas|0 fnt\n|faint|p1a: Regigigas\n|-ability|p2b: Glastrier|Chilling Neigh|boost\n|-boost|p2b: Glastrier|atk|1\n|-hitcount|p1: Regigigas|2\n|\n|upkeep\n|\n|t:|1698265602\n|switch|p1a: Iron Valiant|Iron Valiant|100\/100\n|switch|p1b: Pincurchin|Pincurchin, F|100\/100\n|-fieldstart|move: Electric Terrain|[from] ability: Electric Surge|[of] p1b: Pincurchin\n|-activate|p1a: Iron Valiant|ability: Quark Drive\n|-start|p1a: Iron Valiant|quarkdrivespe\n|-item|p1b: Pincurchin|Air Balloon\n|turn|4\n|\n|t:|1698265613\n|move|p2b: Glastrier|Icicle Spear|p1a: Iron Valiant\n|-damage|p1a: Iron Valiant|61\/100\n|-damage|p1a: Iron Valiant|23\/100\n|-damage|p1a: Iron Valiant|0 fnt\n|faint|p1a: Iron Valiant\n|-end|p1a: Iron Valiant|Quark Drive|[silent]\n|-ability|p2b: Glastrier|Chilling Neigh|boost\n|-boost|p2b: Glastrier|atk|1\n|-hitcount|p1: Iron Valiant|3\n|move|p1b: Pincurchin|Toxic Spikes|p2b: Glastrier\n|-sidestart|p2: uh ugpu|move: Toxic Spikes\n|move|p2a: Oranguru|Instruct|p2b: Glastrier\n|-singleturn|p2b: Glastrier|move: Instruct|[of] p2a: Oranguru\n|move|p2b: Glastrier|Icicle Spear|p1b: Pincurchin\n|-damage|p1b: Pincurchin|66\/100\n|-enditem|p1b: Pincurchin|Air Balloon\n|-damage|p1b: Pincurchin|34\/100\n|-damage|p1b: Pincurchin|0 fnt\n|faint|p1b: Pincurchin\n|-ability|p2b: Glastrier|Chilling Neigh|boost\n|-boost|p2b: Glastrier|atk|1\n|-hitcount|p1: Pincurchin|3\n|\n|upkeep\n|\n|t:|1698265621\n|switch|p1b: Falinks|Falinks|100\/100\n|switch|p1a: Banette|Banette, M|100\/100\n|-item|p2a: Oranguru|Mental Herb|[from] ability: Frisk|[of] p1a: Banette|[identify]\n|-item|p2b: Glastrier|Loaded Dice|[from] ability: Frisk|[of] p1a: Banette|[identify]\n|turn|5\n|\n|t:|1698265640\n|detailschange|p1a: Banette|Banette-Mega, M\n|-mega|p1a: Banette|Banette|Banettite\n|-terastallize|p2b: Glastrier|Ice\n|-terastallize|p1b: Falinks|Steel\n|move|p1a: Banette|Taunt|p2a: Oranguru\n|-start|p2a: Oranguru|move: Taunt\n|-enditem|p2a: Oranguru|Mental Herb\n|-end|p2a: Oranguru|move: Taunt\n|move|p2b: Glastrier|Icicle Spear|p1b: Falinks\n|-resisted|p1b: Falinks\n|-damage|p1b: Falinks|65\/100\n|-resisted|p1b: Falinks\n|-damage|p1b: Falinks|26\/100\n|-resisted|p1b: Falinks\n|-damage|p1b: Falinks|0 fnt\n|faint|p1b: Falinks\n|-ability|p2b: Glastrier|Chilling Neigh|boost\n|-boost|p2b: Glastrier|atk|1\n|-hitcount|p1: Falinks|3\n|move|p2a: Oranguru|Instruct|p2b: Glastrier\n|-singleturn|p2b: Glastrier|move: Instruct|[of] p2a: Oranguru\n|move|p2b: Glastrier|Icicle Spear|p1a: Banette\n|-damage|p1a: Banette|12\/100\n|-damage|p1a: Banette|0 fnt\n|faint|p1a: Banette\n|-hitcount|p1: Banette|2\n|\n|win|uh ugpu\n|raw|Voltaris33's rating: 1122 &rarr; <strong>1089<\/strong><br \/>(-33 for losing)\n|raw|uh ugpu's rating: 1000 &rarr; <strong>1053<\/strong><br \/>(+53 for winning)\n|l|\u2606Voltaris33\n","uploadtime":1698265664,"views":8,"p1id":"voltaris33","p2id":"uhugpu","formatid":"gen9nationaldexdoubles","rating":1053,"private":0,"password":""}