{"id":"gen9nationaldexdoubles-1959680642","p1":"JP Guias","p2":"braislago98","format":"[Gen 9] National Dex Doubles","log":"|j|\u2606JP Guias\n|j|\u2606braislago98\n|t:|1696446476\n|gametype|doubles\n|player|p1|JP Guias|bianca|\n|player|p2|braislago98|266|\n|teamsize|p1|6\n|teamsize|p2|6\n|gen|9\n|tier|[Gen 9] National Dex Doubles\n|rule|HP Percentage Mod: HP is shown in percentages\n|rule|Endless Battle Clause: Forcing endless battles is banned\n|rule|OHKO Clause: OHKO moves are banned\n|rule|Evasion Moves Clause: Evasion moves are banned\n|rule|Evasion Abilities Clause: Evasion abilities are banned\n|rule|Species Clause: Limit one of each Pok\u00e9mon\n|rule|Gravity Sleep Clause: The combination of sleep-inducing moves with imperfect accuracy and Gravity or Gigantamax Orbeetle are banned\n|clearpoke\n|poke|p1|Clefairy, F|\n|poke|p1|Torkoal, F|\n|poke|p1|Chi-Yu|\n|poke|p1|Flutter Mane|\n|poke|p1|Iron Hands|\n|poke|p1|Amoonguss, F|\n|poke|p2|Raichu-Alola, F|\n|poke|p2|Thundurus-Therian, M|\n|poke|p2|Iron Hands|\n|poke|p2|Pincurchin, F|\n|poke|p2|Electivire, M|\n|poke|p2|Hydreigon, F|\n|teampreview\n|inactive|Battle timer is ON: inactive players will automatically lose when time's up. (requested by JP Guias)\n|c|\u2606JP Guias|Buena suerte\n|\n|t:|1696446500\n|start\n|switch|p1a: Ferro-Tanque|Iron Hands, shiny|100\/100\n|switch|p1b: Clefairy|Clefairy, F|100\/100\n|switch|p2a: Pincurchin|Pincurchin, F|100\/100\n|switch|p2b: Hydreigon|Hydreigon, F|100\/100\n|-fieldstart|move: Electric Terrain|[from] ability: Electric Surge|[of] p2a: Pincurchin\n|-activate|p1a: Ferro-Tanque|ability: Quark Drive\n|-start|p1a: Ferro-Tanque|quarkdriveatk\n|turn|1\n|\n|t:|1696446520\n|-terastallize|p2b: Hydreigon|Electric\n|move|p1a: Ferro-Tanque|Fake Out|p2a: Pincurchin\n|-damage|p2a: Pincurchin|86\/100\n|move|p1b: Clefairy|Follow Me|p1b: Clefairy\n|-singleturn|p1b: Clefairy|move: Follow Me\n|move|p2b: Hydreigon|Earth Power|p1b: Clefairy\n|-damage|p1b: Clefairy|78\/100\n|cant|p2a: Pincurchin|flinch\n|\n|upkeep\n|turn|2\n|inactive|braislago98 has 270 seconds left.\n|\n|t:|1696446555\n|switch|p2b: Iron Hands|Iron Hands|100\/100\n|-activate|p2b: Iron Hands|ability: Quark Drive\n|-start|p2b: Iron Hands|quarkdriveatk\n|switch|p1b: Amoonguss|Amoonguss, F, shiny|100\/100\n|move|p1a: Ferro-Tanque|Drain Punch|p2b: Iron Hands\n|-damage|p2b: Iron Hands|64\/100\n|move|p2a: Pincurchin|Scald|p1a: Ferro-Tanque\n|-damage|p1a: Ferro-Tanque|91\/100\n|-status|p1a: Ferro-Tanque|brn\n|\n|-damage|p1a: Ferro-Tanque|85\/100 brn|[from] brn\n|upkeep\n|turn|3\n|inactive|braislago98 has 270 seconds left.\n|\n|t:|1696446582\n|-end|p1a: Ferro-Tanque|Quark Drive|[silent]\n|switch|p1a: Clefairy|Clefairy, F|78\/100\n|switch|p2a: Raichu|Raichu-Alola, F|100\/100\n|move|p2b: Iron Hands|Fake Out|p1b: Amoonguss\n|-damage|p1b: Amoonguss|87\/100\n|cant|p1b: Amoonguss|flinch\n|\n|-heal|p1b: Amoonguss|93\/100|[from] item: Leftovers\n|upkeep\n|turn|4\n|c|\u2606JP Guias|Hay yay yay la quemadura\n|\n|t:|1696446604\n|move|p2a: Raichu|Nasty Plot|p2a: Raichu\n|-boost|p2a: Raichu|spa|2\n|move|p2b: Iron Hands|Wild Charge|p1b: Amoonguss\n|-resisted|p1b: Amoonguss\n|-damage|p1b: Amoonguss|63\/100\n|-damage|p2b: Iron Hands|58\/100|[from] Recoil\n|move|p1a: Clefairy|Heal Pulse|p1b: Amoonguss\n|-heal|p1b: Amoonguss|100\/100\n|move|p1b: Amoonguss|Foul Play|p2b: Iron Hands\n|-resisted|p2b: Iron Hands\n|-damage|p2b: Iron Hands|45\/100\n|\n|upkeep\n|turn|5\n|\n|t:|1696446632\n|switch|p1a: Torkoal|Torkoal, F|100\/100\n|-weather|SunnyDay|[from] ability: Drought|[of] p1a: Torkoal\n|move|p2a: Raichu|Psychic|p1b: Amoonguss\n|-supereffective|p1b: Amoonguss\n|-damage|p1b: Amoonguss|0 fnt\n|faint|p1b: Amoonguss\n|-damage|p2a: Raichu|91\/100|[from] item: Life Orb\n|move|p2b: Iron Hands|Wild Charge|p1a: Torkoal\n|-damage|p1a: Torkoal|33\/100\n|-damage|p2b: Iron Hands|33\/100|[from] Recoil\n|\n|-weather|SunnyDay|[upkeep]\n|upkeep\n|\n|t:|1696446644\n|switch|p1b: Chi-Yu|Chi-Yu|100\/100\n|-ability|p1b: Chi-Yu|Beads of Ruin\n|turn|6\n|inactive|JP Guias has 270 seconds left.\n|\n|t:|1696446695\n|switch|p1b: Ferro-Tanque|Iron Hands, shiny|85\/100 brn\n|-activate|p1b: Ferro-Tanque|ability: Quark Drive\n|-start|p1b: Ferro-Tanque|quarkdriveatk\n|move|p2a: Raichu|Discharge|p1b: Ferro-Tanque|[spread] p2b,p1a,p1b\n|-resisted|p2b: Iron Hands\n|-resisted|p1b: Ferro-Tanque\n|-damage|p2b: Iron Hands|11\/100\n|-damage|p1a: Torkoal|0 fnt\n|-damage|p1b: Ferro-Tanque|62\/100 brn\n|faint|p1a: Torkoal\n|-damage|p2a: Raichu|81\/100|[from] item: Life Orb\n|move|p2b: Iron Hands|Drain Punch|p1b: Ferro-Tanque\n|-damage|p1b: Ferro-Tanque|31\/100 brn\n|-heal|p2b: Iron Hands|27\/100|[from] drain|[of] p1b: Ferro-Tanque\n|\n|-weather|SunnyDay|[upkeep]\n|-damage|p1b: Ferro-Tanque|25\/100 brn|[from] brn\n|upkeep\n|\n|t:|1696446708\n|switch|p1a: Flutter Mane|Flutter Mane|100\/100\n|-activate|p1a: Flutter Mane|ability: Protosynthesis\n|-start|p1a: Flutter Mane|protosynthesisspe\n|turn|7\n|\n|t:|1696446723\n|move|p2a: Raichu|Protect|p2a: Raichu\n|-singleturn|p2a: Raichu|Protect\n|move|p1b: Ferro-Tanque|Fake Out|p2b: Iron Hands\n|-damage|p2b: Iron Hands|21\/100\n|move|p1a: Flutter Mane|Shadow Ball|p2a: Raichu\n|-activate|p2a: Raichu|move: Protect\n|cant|p2b: Iron Hands|flinch\n|\n|-weather|SunnyDay|[upkeep]\n|-damage|p1b: Ferro-Tanque|19\/100 brn|[from] brn\n|upkeep\n|turn|8\n|\n|t:|1696446736\n|move|p2a: Raichu|Discharge|p1a: Flutter Mane|[spread] p2b,p1a,p1b\n|-resisted|p2b: Iron Hands\n|-resisted|p1b: Ferro-Tanque\n|-damage|p2b: Iron Hands|0 fnt\n|-damage|p1a: Flutter Mane|10\/100\n|-damage|p1b: Ferro-Tanque|0 fnt\n|faint|p2b: Iron Hands\n|-end|p2b: Iron Hands|Quark Drive|[silent]\n|faint|p1b: Ferro-Tanque\n|-end|p1b: Ferro-Tanque|Quark Drive|[silent]\n|-damage|p2a: Raichu|71\/100|[from] item: Life Orb\n|move|p1a: Flutter Mane|Shadow Ball|p2a: Raichu\n|-supereffective|p2a: Raichu\n|-damage|p2a: Raichu|0 fnt\n|faint|p2a: Raichu\n|\n|-weather|SunnyDay|[upkeep]\n|-fieldend|move: Electric Terrain\n|upkeep\n|\n|t:|1696446752\n|switch|p2a: Pincurchin|Pincurchin, F|86\/100\n|switch|p2b: Hydreigon|Hydreigon, F, tera:Electric|100\/100\n|switch|p1b: Chi-Yu|Chi-Yu|100\/100\n|-ability|p1b: Chi-Yu|Beads of Ruin\n|-fieldstart|move: Electric Terrain|[from] ability: Electric Surge|[of] p2a: Pincurchin\n|turn|9\n|\n|t:|1696446778\n|-terastallize|p1b: Chi-Yu|Fire\n|move|p1a: Flutter Mane|Shadow Ball|p2b: Hydreigon\n|-damage|p2b: Hydreigon|5\/100\n|-unboost|p2b: Hydreigon|spd|1\n|move|p2b: Hydreigon|Heat Wave|p1b: Chi-Yu|[spread] p1a,p1b\n|-resisted|p1b: Chi-Yu\n|-damage|p1a: Flutter Mane|0 fnt\n|-damage|p1b: Chi-Yu|76\/100\n|faint|p1a: Flutter Mane\n|-end|p1a: Flutter Mane|Protosynthesis|[silent]\n|move|p1b: Chi-Yu|Heat Wave|p2b: Hydreigon|[spread] p2a,p2b\n|-damage|p2a: Pincurchin|0 fnt\n|-damage|p2b: Hydreigon|0 fnt\n|faint|p2a: Pincurchin\n|faint|p2b: Hydreigon\n|\n|-weather|SunnyDay|[upkeep]\n|upkeep\n|j| Tron09\n|\n|t:|1696446796\n|switch|p1a: Clefairy|Clefairy, F|78\/100\n|switch|p2b: Thundurus|Thundurus-Therian, M|100\/100\n|switch|p2a: Electivire|Electivire, M|100\/100\n|-item|p2a: Electivire|Air Balloon\n|turn|10\n|\n|t:|1696446810\n|move|p1a: Clefairy|Follow Me|p1a: Clefairy\n|-singleturn|p1a: Clefairy|move: Follow Me\n|move|p2b: Thundurus|Wildbolt Storm|p1a: Clefairy|[spread] p1b\n|-miss|p2b: Thundurus|p1a: Clefairy\n|-damage|p1b: Chi-Yu|23\/100\n|-status|p1b: Chi-Yu|par\n|move|p2a: Electivire|Wild Charge|p1a: Clefairy\n|-damage|p1a: Clefairy|30\/100\n|-damage|p2a: Electivire|87\/100|[from] Recoil\n|cant|p1b: Chi-Yu|par\n|\n|-weather|SunnyDay|[upkeep]\n|upkeep\n|turn|11\n|c|\u2606braislago98|q putada\n|inactive|JP Guias has 270 seconds left.\n|inactive|JP Guias has 240 seconds left.\n|c|\u2606JP Guias|Esto ya es GG\n|c|\u2606braislago98|yep\n|inactive|JP Guias has 210 seconds left.\n|c|\u2606JP Guias|Si pegaba ganaba (creo)\n|c|\u2606JP Guias|Buena partida\n|c|\u2606braislago98|si lo creo tambien\n|\n|t:|1696446910\n|move|p1a: Clefairy|Helping Hand|p1b: Chi-Yu\n|-singleturn|p1b: Chi-Yu|Helping Hand|[of] p1a: Clefairy\n|move|p2b: Thundurus|Wildbolt Storm|p1a: Clefairy|[spread] p1a,p1b\n|-damage|p1a: Clefairy|0 fnt\n|-damage|p1b: Chi-Yu|0 fnt\n|faint|p1a: Clefairy\n|faint|p1b: Chi-Yu\n|\n|win|braislago98\n|l| Tron09\n","uploadtime":1696446922,"views":4,"p1id":"jpguias","p2id":"braislago98","formatid":"gen9nationaldexdoubles","rating":0,"private":0,"password":""}