{"id":"gen9nationaldexdoubles-1978424824","p1":"Daisonia10","p2":"GunGalione","format":"[Gen 9] National Dex Doubles","log":"|j|\u2606Daisonia10\n|j|\u2606GunGalione\n|t:|1698537219\n|gametype|doubles\n|player|p1|Daisonia10|102|1118\n|player|p2|GunGalione|pokemonranger-gen4|1158\n|teamsize|p1|6\n|teamsize|p2|6\n|gen|9\n|tier|[Gen 9] National Dex Doubles\n|rated|\n|rule|HP Percentage Mod: HP is shown in percentages\n|rule|Endless Battle Clause: Forcing endless battles is banned\n|rule|OHKO Clause: OHKO moves are banned\n|rule|Evasion Moves Clause: Evasion moves are banned\n|rule|Evasion Abilities Clause: Evasion abilities are banned\n|rule|Species Clause: Limit one of each Pok\u00e9mon\n|rule|Gravity Sleep Clause: The combination of sleep-inducing moves with imperfect accuracy and Gravity or Gigantamax Orbeetle are banned\n|clearpoke\n|poke|p1|Regigigas|\n|poke|p1|Alakazam, F|\n|poke|p1|Gliscor, F|\n|poke|p1|Diancie|\n|poke|p1|Kommo-o, F|\n|poke|p1|Metagross|\n|poke|p2|Empoleon, M|\n|poke|p2|Wyrdeer, M|\n|poke|p2|Tatsugiri, F|\n|poke|p2|Alakazam, M|\n|poke|p2|Typhlosion, M|\n|poke|p2|Chi-Yu|\n|teampreview\n|\n|t:|1698537242\n|start\n|switch|p1a: Regigigas|Regigigas|100\/100\n|switch|p1b: Alakazam|Alakazam, F|100\/100\n|switch|p2a: Wyrdeer|Wyrdeer, M|100\/100\n|switch|p2b: Empoleon|Empoleon, M|100\/100\n|-start|p1a: Regigigas|ability: Slow Start\n|-ability|p2a: Wyrdeer|Intimidate|boost\n|-unboost|p1a: Regigigas|atk|1\n|-unboost|p1b: Alakazam|atk|1\n|turn|1\n|\n|t:|1698537269\n|move|p2b: Empoleon|Protect|p2b: Empoleon\n|-singleturn|p2b: Empoleon|Protect\n|move|p1b: Alakazam|Skill Swap|p1a: Regigigas\n|-activate|p1b: Alakazam|move: Skill Swap|||[of] p1a: Regigigas\n|-end|p1a: Regigigas|Slow Start|[silent]\n|-start|p1b: Alakazam|ability: Slow Start\n|move|p1a: Regigigas|Drain Punch|p2b: Empoleon\n|-activate|p2b: Empoleon|move: Protect\n|move|p2a: Wyrdeer|Skill Swap|p1b: Alakazam\n|-activate|p2a: Wyrdeer|move: Skill Swap|Slow Start|Intimidate|[of] p1b: Alakazam\n|-end|p1b: Alakazam|Slow Start|[silent]\n|-start|p2a: Wyrdeer|ability: Slow Start\n|-ability|p1b: Alakazam|Intimidate|boost\n|-unboost|p2a: Wyrdeer|atk|1\n|-unboost|p2b: Empoleon|atk|1\n|-ability|p2b: Empoleon|Competitive|boost\n|-boost|p2b: Empoleon|spa|2\n|-enditem|p2b: Empoleon|Adrenaline Orb\n|-boost|p2b: Empoleon|spe|1|[from] item: Adrenaline Orb\n|\n|upkeep\n|turn|2\n|\n|t:|1698537311\n|-end|p2a: Wyrdeer|Slow Start|[silent]\n|switch|p2a: Tatsugiri|Tatsugiri, F|100\/100\n|-terastallize|p2b: Empoleon|Water\n|move|p1b: Alakazam|Light Screen|p1b: Alakazam\n|-sidestart|p1: Daisonia10|move: Light Screen\n|move|p2b: Empoleon|Surf|p1b: Alakazam|[spread] p1a,p1b\n|-ability|p2a: Tatsugiri|Storm Drain|boost\n|-boost|p2a: Tatsugiri|spa|1\n|-damage|p1a: Regigigas|46\/100\n|-damage|p1b: Alakazam|36\/100\n|move|p1a: Regigigas|Drain Punch|p2b: Empoleon\n|-damage|p2b: Empoleon|68\/100\n|-heal|p1a: Regigigas|61\/100|[from] drain|[of] p2b: Empoleon\n|\n|upkeep\n|turn|3\n|\n|t:|1698537333\n|move|p1b: Alakazam|Skill Swap|p2a: Tatsugiri\n|-activate|p1b: Alakazam|move: Skill Swap|Storm Drain|Intimidate|[of] p2a: Tatsugiri\n|-ability|p2a: Tatsugiri|Intimidate|boost\n|-unboost|p1a: Regigigas|atk|1\n|-unboost|p1b: Alakazam|atk|1\n|move|p2b: Empoleon|Surf|p1a: Regigigas|[spread] p2a,p1a\n|-ability|p1b: Alakazam|Storm Drain|boost\n|-boost|p1b: Alakazam|spa|1\n|-resisted|p2a: Tatsugiri\n|-damage|p2a: Tatsugiri|84\/100\n|-damage|p1a: Regigigas|7\/100\n|move|p1a: Regigigas|Body Slam|p2a: Tatsugiri\n|-damage|p2a: Tatsugiri|50\/100\n|move|p2a: Tatsugiri|Icy Wind|p1b: Alakazam|[spread] p1b\n|-miss|p2a: Tatsugiri|p1a: Regigigas\n|-damage|p1b: Alakazam|23\/100\n|-unboost|p1b: Alakazam|spe|1\n|\n|upkeep\n|turn|4\n|\n|t:|1698537354\n|switch|p2a: Wyrdeer|Wyrdeer, M|100\/100\n|-ability|p2a: Wyrdeer|Intimidate|boost\n|-unboost|p1a: Regigigas|atk|1\n|-unboost|p1b: Alakazam|atk|1\n|move|p2b: Empoleon|Air Slash|p1b: Alakazam\n|-damage|p1b: Alakazam|0 fnt\n|faint|p1b: Alakazam\n|move|p1a: Regigigas|Body Slam|p2b: Empoleon\n|-damage|p2b: Empoleon|34\/100\n|\n|upkeep\n|\n|t:|1698537381\n|switch|p1b: Metagross|Metagross|100\/100\n|turn|5\n|\n|t:|1698537400\n|move|p2b: Empoleon|Protect|p2b: Empoleon\n|-singleturn|p2b: Empoleon|Protect\n|move|p1a: Regigigas|Darkest Lariat|p2a: Wyrdeer\n|-supereffective|p2a: Wyrdeer\n|-damage|p2a: Wyrdeer|68\/100\n|move|p1b: Metagross|Pursuit|p2a: Wyrdeer\n|-supereffective|p2a: Wyrdeer\n|-damage|p2a: Wyrdeer|40\/100\n|-enditem|p2a: Wyrdeer|Sitrus Berry|[eat]\n|-heal|p2a: Wyrdeer|65\/100|[from] item: Sitrus Berry\n|move|p2a: Wyrdeer|Skill Swap|p1b: Metagross\n|-activate|p2a: Wyrdeer|move: Skill Swap|Clear Body|Intimidate|[of] p1b: Metagross\n|-ability|p1b: Metagross|Intimidate|boost\n|-fail|p2a: Wyrdeer|unboost|[from] ability: Clear Body|[of] p2a: Wyrdeer\n|-unboost|p2b: Empoleon|atk|1\n|-ability|p2b: Empoleon|Competitive|boost\n|-boost|p2b: Empoleon|spa|2\n|\n|upkeep\n|turn|6\n|\n|t:|1698537432\n|switch|p2a: Tatsugiri|Tatsugiri, F|50\/100\n|move|p2b: Empoleon|Surf|p1b: Metagross|[spread] p1a,p1b\n|-ability|p2a: Tatsugiri|Storm Drain|boost\n|-boost|p2a: Tatsugiri|spa|1\n|-damage|p1a: Regigigas|0 fnt\n|-damage|p1b: Metagross|49\/100\n|faint|p1a: Regigigas\n|move|p1b: Metagross|Meteor Mash|p2a: Tatsugiri\n|-resisted|p2a: Tatsugiri\n|-damage|p2a: Tatsugiri|24\/100\n|\n|upkeep\n|\n|t:|1698537444\n|switch|p1a: Gliscor|Gliscor, F|100\/100\n|turn|7\n|\n|t:|1698537455\n|move|p1b: Metagross|Bullet Punch|p2a: Tatsugiri\n|-resisted|p2a: Tatsugiri\n|-damage|p2a: Tatsugiri|13\/100\n|move|p2b: Empoleon|Surf|p1a: Gliscor|[spread] p1a,p1b\n|-ability|p2a: Tatsugiri|Storm Drain|boost\n|-boost|p2a: Tatsugiri|spa|1\n|-supereffective|p1a: Gliscor\n|-damage|p1a: Gliscor|0 fnt\n|-damage|p1b: Metagross|0 fnt\n|faint|p1a: Gliscor\n|faint|p1b: Metagross\n|move|p2a: Tatsugiri|Icy Wind|p1: Gliscor|[notarget]\n|-fail|p2a: Tatsugiri\n|\n|upkeep\n|c|\u2606Daisonia10|gg\n|-message|Daisonia10 forfeited.\n|\n|win|GunGalione\n|raw|Daisonia10's rating: 1118 &rarr; <strong>1096<\/strong><br \/>(-22 for losing)\n|raw|GunGalione's rating: 1158 &rarr; <strong>1180<\/strong><br \/>(+22 for winning)\n|c|\u2606GunGalione|Gg\n","uploadtime":1698537477,"views":11,"p1id":"daisonia10","p2id":"gungalione","formatid":"gen9nationaldexdoubles","rating":1096,"private":0,"password":""}