{"id":"gen9nationaldexdoubles-1967818480","p1":"Krishy2007","p2":"Wiselin8","format":"[Gen 9] National Dex Doubles","log":"|j|\u2606Krishy2007\n|j|\u2606Wiselin8\n|t:|1697342272\n|gametype|doubles\n|player|p1|Krishy2007|101|\n|player|p2|Wiselin8|gentleman-gen4|\n|teamsize|p1|6\n|teamsize|p2|6\n|gen|9\n|tier|[Gen 9] National Dex Doubles\n|rule|HP Percentage Mod: HP is shown in percentages\n|rule|Endless Battle Clause: Forcing endless battles is banned\n|rule|OHKO Clause: OHKO moves are banned\n|rule|Evasion Moves Clause: Evasion moves are banned\n|rule|Evasion Abilities Clause: Evasion abilities are banned\n|rule|Species Clause: Limit one of each Pok\u00e9mon\n|rule|Gravity Sleep Clause: The combination of sleep-inducing moves with imperfect accuracy and Gravity or Gigantamax Orbeetle are banned\n|clearpoke\n|poke|p1|Clefairy, F|\n|poke|p1|Charjabug, F|\n|poke|p1|Landorus-Therian, M|\n|poke|p1|Cinderace, F|\n|poke|p1|Cradily, F|\n|poke|p1|Aegislash, M|\n|poke|p2|Leavanny, F|\n|poke|p2|Muk, F|\n|poke|p2|Gengar, M|\n|poke|p2|Baxcalibur, F|\n|poke|p2|Magmortar, F|\n|poke|p2|Electabuzz, M|\n|teampreview\n|inactive|Battle timer is ON: inactive players will automatically lose when time's up. (requested by Krishy2007)\n|\n|t:|1697342289\n|start\n|switch|p1a: Cinderace|Cinderace, F, shiny|100\/100\n|switch|p1b: Landorus|Landorus-Therian, M, shiny|100\/100\n|switch|p2a: Leavanny|Leavanny, F, shiny|100\/100\n|switch|p2b: Magmortar|Magmortar, F, shiny|100\/100\n|-ability|p1b: Landorus|Intimidate|boost\n|-unboost|p2a: Leavanny|atk|1\n|-unboost|p2b: Magmortar|atk|1\n|turn|1\n|j| KageDeSin\n|j| landlord79\n|inactive|Krishy2007 has 270 seconds left.\n|inactive|Wiselin8 has 270 seconds left.\n|\n|t:|1697342337\n|move|p1a: Cinderace|Pyro Ball|p2a: Leavanny|[miss]\n|-miss|p1a: Cinderace|p2a: Leavanny\n|move|p2a: Leavanny|Sunny Day|p2a: Leavanny\n|-weather|SunnyDay\n|move|p1b: Landorus|U-turn|p2a: Leavanny\n|-supereffective|p2a: Leavanny\n|-damage|p2a: Leavanny|28\/100\n|\n|t:|1697342348\n|switch|p1b: Clefairy|Clefairy, F, shiny|100\/100|[from] U-turn\n|move|p2b: Magmortar|Fire Blast|p1b: Clefairy\n|-damage|p1b: Clefairy|26\/100\n|\n|-weather|SunnyDay|[upkeep]\n|upkeep\n|turn|2\n|inactive|Krishy2007 has 270 seconds left.\n|inactive|Wiselin8 has 270 seconds left.\n|inactive|Wiselin8 has 240 seconds left.\n|\n|t:|1697342402\n|move|p1b: Clefairy|Protect|p1b: Clefairy\n|-singleturn|p1b: Clefairy|Protect\n|move|p2a: Leavanny|Sticky Web|p1b: Clefairy\n|-sidestart|p1: Krishy2007|move: Sticky Web\n|move|p1a: Cinderace|U-turn|p2a: Leavanny\n|-supereffective|p2a: Leavanny\n|-damage|p2a: Leavanny|0 fnt\n|faint|p2a: Leavanny\n|inactive|Krishy2007 has 270 seconds left.\n|\n|t:|1697342409\n|switch|p1a: Landorus|Landorus-Therian, M, shiny|100\/100|[from] U-turn\n|-ability|p1a: Landorus|Intimidate|boost\n|-unboost|p2b: Magmortar|atk|1\n|move|p2b: Magmortar|Thunderbolt|p1a: Landorus\n|-immune|p1a: Landorus\n|\n|-weather|SunnyDay|[upkeep]\n|upkeep\n|inactive|Wiselin8 has 240 seconds left.\n|\n|t:|1697342422\n|switch|p2a: Muk|Muk, F, shiny|100\/100\n|turn|3\n|inactive|Wiselin8 has 240 seconds left.\n|\n|t:|1697342452\n|move|p1a: Landorus|Defog|p2a: Muk\n|-unboost|p2a: Muk|evasion|1\n|-sideend|p1: Krishy2007|Sticky Web|[from] move: Defog|[of] p1a: Landorus\n|move|p2b: Magmortar|Fire Blast|p1a: Landorus\n|-damage|p1a: Landorus|18\/100\n|move|p2a: Muk|Curse|p2a: Muk\n|-unboost|p2a: Muk|spe|1\n|-boost|p2a: Muk|atk|1\n|-boost|p2a: Muk|def|1\n|move|p1b: Clefairy|Icy Wind|p2b: Magmortar|[spread] p2a,p2b\n|-resisted|p2b: Magmortar\n|-damage|p2a: Muk|97\/100\n|-damage|p2b: Magmortar|97\/100\n|-unboost|p2a: Muk|spe|1\n|-unboost|p2b: Magmortar|spe|1\n|\n|-weather|SunnyDay|[upkeep]\n|-heal|p1a: Landorus|24\/100|[from] item: Leftovers\n|-heal|p2a: Muk|100\/100|[from] item: Leftovers\n|upkeep\n|turn|4\n|inactive|Wiselin8 has 240 seconds left.\n|\n|t:|1697342497\n|move|p1b: Clefairy|Follow Me|p1b: Clefairy\n|-singleturn|p1b: Clefairy|move: Follow Me\n|move|p1a: Landorus|Earthquake|p2b: Magmortar|[spread] p1b,p2a,p2b\n|-supereffective|p2a: Muk\n|-supereffective|p2b: Magmortar\n|-damage|p1b: Clefairy|0 fnt\n|-damage|p2a: Muk|40\/100\n|-damage|p2b: Magmortar|0 fnt\n|faint|p1b: Clefairy\n|faint|p2b: Magmortar\n|move|p2a: Muk|Curse|p2a: Muk\n|-unboost|p2a: Muk|spe|1\n|-boost|p2a: Muk|atk|1\n|-boost|p2a: Muk|def|1\n|\n|-weather|SunnyDay|[upkeep]\n|-heal|p1a: Landorus|30\/100|[from] item: Leftovers\n|-heal|p2a: Muk|46\/100|[from] item: Leftovers\n|upkeep\n|inactive|Wiselin8 has 240 seconds left.\n|\n|t:|1697342512\n|switch|p2b: Gengar|Gengar, M, shiny|100\/100\n|switch|p1b: Charjabug|Charjabug, F, shiny|100\/100\n|turn|5\n|inactive|Wiselin8 has 240 seconds left.\n|\n|t:|1697342534\n|move|p2b: Gengar|Sludge Wave|p1b: Charjabug|[spread] p2a,p1a,p1b\n|-resisted|p2a: Muk\n|-resisted|p1a: Landorus\n|-damage|p2a: Muk|35\/100\n|-damage|p1a: Landorus|6\/100\n|-damage|p1b: Charjabug|78\/100\n|move|p1a: Landorus|Earthquake|p2a: Muk|[spread] p1b,p2a,p2b\n|-supereffective|p2a: Muk\n|-supereffective|p2b: Gengar\n|-damage|p1b: Charjabug|49\/100\n|-damage|p2a: Muk|0 fnt\n|-damage|p2b: Gengar|0 fnt\n|faint|p2a: Muk\n|faint|p2b: Gengar\n|move|p1b: Charjabug|Sticky Web|p2: Muk\n|-sidestart|p2: Wiselin8|move: Sticky Web\n|\n|-weather|none\n|-heal|p1a: Landorus|12\/100|[from] item: Leftovers\n|upkeep\n|\n|t:|1697342548\n|switch|p2b: Electabuzz|Electabuzz, M, shiny|100\/100\n|switch|p2a: Baxcalibur|Baxcalibur, F|100\/100\n|-activate|p2b: Electabuzz|move: Sticky Web\n|-unboost|p2b: Electabuzz|spe|1\n|-activate|p2a: Baxcalibur|move: Sticky Web\n|-unboost|p2a: Baxcalibur|spe|1\n|turn|6\n|inactive|Wiselin8 has 240 seconds left.\n|\n|t:|1697342582\n|move|p2b: Electabuzz|Detect|p2b: Electabuzz\n|-singleturn|p2b: Electabuzz|Protect\n|move|p1a: Landorus|Earthquake|p2a: Baxcalibur|[spread] p1b,p2a\n|-activate|p2b: Electabuzz|move: Protect\n|-crit|p2a: Baxcalibur\n|-damage|p1b: Charjabug|15\/100\n|-damage|p2a: Baxcalibur|35\/100\n|move|p2a: Baxcalibur|Icicle Spear|p1b: Charjabug\n|-damage|p1b: Charjabug|5\/100\n|-damage|p1b: Charjabug|0 fnt\n|faint|p1b: Charjabug\n|-hitcount|p1: Charjabug|2\n|\n|-heal|p1a: Landorus|18\/100|[from] item: Leftovers\n|upkeep\n|inactive|Krishy2007 has 270 seconds left.\n|\n|t:|1697342605\n|switch|p1b: Cinderace|Cinderace, F, shiny|100\/100\n|turn|7\n|inactive|Wiselin8 has 240 seconds left.\n|\n|t:|1697342643\n|move|p2a: Baxcalibur|Ice Shard|p1a: Landorus\n|-supereffective|p1a: Landorus\n|-damage|p1a: Landorus|0 fnt\n|faint|p1a: Landorus\n|move|p1b: Cinderace|Pyro Ball|p2a: Baxcalibur\n|-crit|p2a: Baxcalibur\n|-damage|p2a: Baxcalibur|0 fnt\n|faint|p2a: Baxcalibur\n|move|p2b: Electabuzz|Volt Switch|p1b: Cinderace\n|-damage|p1b: Cinderace|52\/100\n|\n|upkeep\n|\n|t:|1697342652\n|switch|p1a: Cradily|Cradily, F, shiny|100\/100\n|turn|8\n|inactive|Wiselin8 has 240 seconds left.\n|\n|t:|1697342665\n|move|p1b: Cinderace|Pyro Ball|p2b: Electabuzz\n|-damage|p2b: Electabuzz|0 fnt\n|faint|p2b: Electabuzz\n|\n|win|Krishy2007\n|c|\u2606Krishy2007|GGs\n","uploadtime":1697342674,"views":23,"p1id":"krishy2007","p2id":"wiselin8","formatid":"gen9nationaldexdoubles","rating":0,"private":0,"password":""}