{"id":"gen9nationaldexdoubles-1972008396","p1":"josesuperx","p2":"Zingk","format":"[Gen 9] National Dex Doubles","log":"|j|\u2606josesuperx\n|j|\u2606Zingk\n|t:|1697804233\n|gametype|doubles\n|player|p1|josesuperx|hilbert|1364\n|player|p2|Zingk|swimmerf-gen4|1537\n|teamsize|p1|6\n|teamsize|p2|6\n|gen|9\n|tier|[Gen 9] National Dex Doubles\n|rated|\n|rule|HP Percentage Mod: HP is shown in percentages\n|rule|Endless Battle Clause: Forcing endless battles is banned\n|rule|OHKO Clause: OHKO moves are banned\n|rule|Evasion Moves Clause: Evasion moves are banned\n|rule|Evasion Abilities Clause: Evasion abilities are banned\n|rule|Species Clause: Limit one of each Pok\u00e9mon\n|rule|Gravity Sleep Clause: The combination of sleep-inducing moves with imperfect accuracy and Gravity or Gigantamax Orbeetle are banned\n|clearpoke\n|poke|p1|Urshifu-*, M|\n|poke|p1|Flutter Mane|\n|poke|p1|Thundurus, M|\n|poke|p1|Incineroar, M|\n|poke|p1|Ogerpon, F|\n|poke|p1|Salamence, M|\n|poke|p2|Sinistcha-Masterpiece|\n|poke|p2|Stakataka|\n|poke|p2|Okidogi, M|\n|poke|p2|Incineroar, F|\n|poke|p2|Palafin, F|\n|poke|p2|Ampharos, F|\n|teampreview\n|inactive|Battle timer is ON: inactive players will automatically lose when time's up. (requested by Zingk)\n|\n|t:|1697804245\n|start\n|switch|p1a: Incineroar|Incineroar, M, shiny|100\/100\n|switch|p1b: Urshifu|Urshifu-Rapid-Strike, M|100\/100\n|switch|p2a: Stakataka|Stakataka|100\/100\n|switch|p2b: Incineroar|Incineroar, F|100\/100\n|-ability|p1a: Incineroar|Intimidate|boost\n|-fail|p2a: Stakataka|unboost|[from] item: Clear Amulet|[of] p2a: Stakataka\n|-unboost|p2b: Incineroar|atk|1\n|-ability|p2b: Incineroar|Intimidate|boost\n|-unboost|p1a: Incineroar|atk|1\n|-unboost|p1b: Urshifu|atk|1\n|turn|1\n|inactive|josesuperx has 120 seconds left.\n|\n|t:|1697804279\n|-terastallize|p1b: Urshifu|Water\n|-terastallize|p2a: Stakataka|Ghost\n|move|p1a: Incineroar|Fake Out|p2b: Incineroar\n|-crit|p2b: Incineroar\n|-damage|p2b: Incineroar|86\/100\n|cant|p2b: Incineroar|flinch\n|move|p1b: Urshifu|Surging Strikes|p2a: Stakataka\n|-crit|p2a: Stakataka\n|-damage|p2a: Stakataka|83\/100\n|-crit|p2a: Stakataka\n|-damage|p2a: Stakataka|66\/100\n|-crit|p2a: Stakataka\n|-damage|p2a: Stakataka|50\/100\n|-hitcount|p2a: Stakataka|3\n|move|p2a: Stakataka|Trick Room|p2a: Stakataka\n|-fieldstart|move: Trick Room|[of] p2a: Stakataka\n|\n|upkeep\n|turn|2\n|inactive|josesuperx has 120 seconds left.\n|\n|t:|1697804313\n|move|p1b: Urshifu|Detect|p1b: Urshifu\n|-singleturn|p1b: Urshifu|Protect\n|move|p2a: Stakataka|Rock Slide|p1a: Incineroar|[spread] p1a\n|-activate|p1b: Urshifu|move: Protect\n|-supereffective|p1a: Incineroar\n|-damage|p1a: Incineroar|36\/100\n|-enditem|p1a: Incineroar|Sitrus Berry|[eat]\n|-heal|p1a: Incineroar|61\/100|[from] item: Sitrus Berry\n|move|p2b: Incineroar|Parting Shot|p1a: Incineroar\n|-unboost|p1a: Incineroar|atk|1\n|-unboost|p1a: Incineroar|spa|1\n|\n|t:|1697804325\n|switch|p2b: Sinistcha|Sinistcha-Masterpiece|100\/100|[from] Parting Shot\n|-heal|p2a: Stakataka|74\/100|[from] ability: Hospitality|[of] p2b: Sinistcha\n|move|p1a: Incineroar|Flare Blitz|p2a: Stakataka\n|-damage|p2a: Stakataka|58\/100\n|-damage|p1a: Incineroar|56\/100|[from] Recoil\n|\n|upkeep\n|turn|3\n|\n|t:|1697804347\n|switch|p1b: Ogerpon|Ogerpon, F|100\/100\n|move|p2a: Stakataka|Rock Slide|p1b: Ogerpon|[spread] p1a,p1b\n|-supereffective|p1a: Incineroar\n|-damage|p1a: Incineroar|0 fnt\n|-damage|p1b: Ogerpon|54\/100\n|faint|p1a: Incineroar\n|-ability|p2a: Stakataka|Beast Boost|boost\n|-boost|p2a: Stakataka|atk|1\n|move|p2b: Sinistcha|Matcha Gotcha|p1b: Ogerpon\n|-resisted|p1b: Ogerpon\n|-damage|p1b: Ogerpon|31\/100\n|\n|upkeep\n|inactive|josesuperx has 120 seconds left.\n|\n|t:|1697804366\n|switch|p1a: Thundurus|Thundurus, M, shiny|100\/100\n|turn|4\n|\n|t:|1697804382\n|move|p2a: Stakataka|Rock Slide|p1b: Ogerpon|[spread] p1a,p1b\n|-supereffective|p1a: Thundurus\n|-damage|p1a: Thundurus|0 fnt\n|-damage|p1b: Ogerpon|0 fnt\n|faint|p1a: Thundurus\n|faint|p1b: Ogerpon\n|-ability|p2a: Stakataka|Beast Boost|boost\n|-boost|p2a: Stakataka|atk|2\n|move|p2b: Sinistcha|Shadow Ball|p1: Thundurus|[notarget]\n|-fail|p2b: Sinistcha\n|\n|upkeep\n|\n|t:|1697804391\n|switch|p1a: Flutter Mane|Flutter Mane, shiny|100\/100\n|switch|p1b: Urshifu|Urshifu-Rapid-Strike, M, tera:Water|100\/100\n|turn|5\n|inactive|josesuperx has 120 seconds left.\n|inactive|josesuperx has 90 seconds left.\n|inactive|josesuperx has 60 seconds left.\n|inactive|josesuperx has 30 seconds left.\n|inactive|josesuperx has 20 seconds left.\n|inactive|josesuperx has 15 seconds left.\n|inactive|josesuperx has 10 seconds left.\n|inactive|josesuperx has 5 seconds left.\n|-message|josesuperx lost due to inactivity.\n|\n|win|Zingk\n|raw|josesuperx's rating: 1366 &rarr; <strong>1355<\/strong><br \/>(-11 for losing)\n|raw|Zingk's rating: 1537 &rarr; <strong>1548<\/strong><br \/>(+11 for winning)\n","uploadtime":1697804677,"views":7,"p1id":"josesuperx","p2id":"zingk","formatid":"gen9nationaldexdoubles","rating":1355,"private":0,"password":""}