{"id":"gen9nationaldexdoubles-1998953497","p1":"Mythless","p2":"OPieceOfHeroGhost","format":"[Gen 9] National Dex Doubles","log":"|j|\u2606Mythless\n|j|\u2606OPieceOfHeroGhost\n|t:|1701017215\n|gametype|doubles\n|player|p1|Mythless|jacq|1222\n|player|p2|OPieceOfHeroGhost|morty|1199\n|teamsize|p1|6\n|teamsize|p2|6\n|gen|9\n|tier|[Gen 9] National Dex Doubles\n|rated|\n|rule|HP Percentage Mod: HP is shown in percentages\n|rule|Endless Battle Clause: Forcing endless battles is banned\n|rule|OHKO Clause: OHKO moves are banned\n|rule|Evasion Moves Clause: Evasion moves are banned\n|rule|Evasion Abilities Clause: Evasion abilities are banned\n|rule|Species Clause: Limit one of each Pok\u00e9mon\n|rule|Gravity Sleep Clause: The combination of sleep-inducing moves with imperfect accuracy and Gravity or Gigantamax Orbeetle are banned\n|clearpoke\n|poke|p1|Sceptile, F|\n|poke|p1|Electrode-Hisui|\n|poke|p1|Sinistcha|\n|poke|p1|Rillaboom, F|\n|poke|p1|Amoonguss, M|\n|poke|p1|Iron Leaves|\n|poke|p2|Landorus-Therian, M|\n|poke|p2|Cresselia, F|\n|poke|p2|Kangaskhan, F|\n|poke|p2|Heatran, M|\n|poke|p2|Amoonguss, M|\n|poke|p2|Thundurus, M|\n|teampreview\n|\n|t:|1701017232\n|start\n|switch|p1a: Electrode|Electrode-Hisui|100\/100\n|switch|p1b: Sceptile|Sceptile, F|100\/100\n|switch|p2a: \u7262\u5927\uff01\u6211\u7231\u4f60\uff01|Landorus-Therian, M|100\/100\n|switch|p2b: \u7262\u5927\u9a7e\u5230\uff01\uff01\uff01\uff01\uff01|Kangaskhan, F|100\/100\n|-ability|p2a: \u7262\u5927\uff01\u6211\u7231\u4f60\uff01|Intimidate|boost\n|-unboost|p1a: Electrode|atk|1\n|-unboost|p1b: Sceptile|atk|1\n|turn|1\n|\n|t:|1701017254\n|switch|p2a: \u7262\u5927\u8d5b\u9ad8\uff01\uff01\uff01|Heatran, M|100\/100\n|detailschange|p1b: Sceptile|Sceptile-Mega, F\n|-mega|p1b: Sceptile|Sceptile|Sceptilite\n|detailschange|p2b: \u7262\u5927\u9a7e\u5230\uff01\uff01\uff01\uff01\uff01|Kangaskhan-Mega, F\n|-mega|p2b: \u7262\u5927\u9a7e\u5230\uff01\uff01\uff01\uff01\uff01|Kangaskhan|Kangaskhanite\n|-terastallize|p1a: Electrode|Electric\n|move|p2b: \u7262\u5927\u9a7e\u5230\uff01\uff01\uff01\uff01\uff01|Protect|p2b: \u7262\u5927\u9a7e\u5230\uff01\uff01\uff01\uff01\uff01\n|-singleturn|p2b: \u7262\u5927\u9a7e\u5230\uff01\uff01\uff01\uff01\uff01|Protect\n|move|p1a: Electrode|Discharge|p2b: \u7262\u5927\u9a7e\u5230\uff01\uff01\uff01\uff01\uff01|[spread] p2a\n|-activate|p2b: \u7262\u5927\u9a7e\u5230\uff01\uff01\uff01\uff01\uff01|move: Protect\n|-ability|p1b: Sceptile|Lightning Rod|boost\n|-boost|p1b: Sceptile|spa|1\n|-damage|p2a: \u7262\u5927\u8d5b\u9ad8\uff01\uff01\uff01|75\/100\n|-status|p2a: \u7262\u5927\u8d5b\u9ad8\uff01\uff01\uff01|par\n|move|p1b: Sceptile|Leaf Storm|p2a: \u7262\u5927\u8d5b\u9ad8\uff01\uff01\uff01\n|-resisted|p2a: \u7262\u5927\u8d5b\u9ad8\uff01\uff01\uff01\n|-damage|p2a: \u7262\u5927\u8d5b\u9ad8\uff01\uff01\uff01|49\/100 par\n|-unboost|p1b: Sceptile|spa|2\n|\n|-heal|p2a: \u7262\u5927\u8d5b\u9ad8\uff01\uff01\uff01|55\/100 par|[from] item: Leftovers\n|upkeep\n|turn|2\n|\n|t:|1701017276\n|move|p1a: Electrode|Discharge|p2b: \u7262\u5927\u9a7e\u5230\uff01\uff01\uff01\uff01\uff01|[spread] p2a,p2b\n|-ability|p1b: Sceptile|Lightning Rod|boost\n|-boost|p1b: Sceptile|spa|1\n|-damage|p2a: \u7262\u5927\u8d5b\u9ad8\uff01\uff01\uff01|29\/100 par\n|-damage|p2b: \u7262\u5927\u9a7e\u5230\uff01\uff01\uff01\uff01\uff01|76\/100\n|move|p1b: Sceptile|Leaf Storm|p2b: \u7262\u5927\u9a7e\u5230\uff01\uff01\uff01\uff01\uff01|[miss]\n|-miss|p1b: Sceptile|p2b: \u7262\u5927\u9a7e\u5230\uff01\uff01\uff01\uff01\uff01\n|move|p2b: \u7262\u5927\u9a7e\u5230\uff01\uff01\uff01\uff01\uff01|Power-Up Punch|p1b: Sceptile\n|-damage|p1b: Sceptile|79\/100\n|-boost|p2b: \u7262\u5927\u9a7e\u5230\uff01\uff01\uff01\uff01\uff01|atk|1\n|-damage|p1b: Sceptile|71\/100\n|-boost|p2b: \u7262\u5927\u9a7e\u5230\uff01\uff01\uff01\uff01\uff01|atk|1\n|-hitcount|p1b: Sceptile|2\n|move|p2a: \u7262\u5927\u8d5b\u9ad8\uff01\uff01\uff01|Heat Wave|p1b: Sceptile|[spread] p1b\n|-miss|p2a: \u7262\u5927\u8d5b\u9ad8\uff01\uff01\uff01|p1a: Electrode\n|-damage|p1b: Sceptile|11\/100\n|\n|-heal|p2a: \u7262\u5927\u8d5b\u9ad8\uff01\uff01\uff01|35\/100 par|[from] item: Leftovers\n|upkeep\n|turn|3\n|\n|t:|1701017298\n|switch|p2a: \u6211\u7237\u7237\u5411\u7262\u5927\u656c\u793c\uff01|Amoonguss, M|100\/100\n|move|p2b: \u7262\u5927\u9a7e\u5230\uff01\uff01\uff01\uff01\uff01|Protect|p2b: \u7262\u5927\u9a7e\u5230\uff01\uff01\uff01\uff01\uff01\n|-singleturn|p2b: \u7262\u5927\u9a7e\u5230\uff01\uff01\uff01\uff01\uff01|Protect\n|move|p1a: Electrode|Discharge|p2a: \u6211\u7237\u7237\u5411\u7262\u5927\u656c\u793c\uff01|[spread] p2a\n|-activate|p2b: \u7262\u5927\u9a7e\u5230\uff01\uff01\uff01\uff01\uff01|move: Protect\n|-ability|p1b: Sceptile|Lightning Rod|boost\n|-boost|p1b: Sceptile|spa|1\n|-resisted|p2a: \u6211\u7237\u7237\u5411\u7262\u5927\u656c\u793c\uff01\n|-damage|p2a: \u6211\u7237\u7237\u5411\u7262\u5927\u656c\u793c\uff01|86\/100\n|-status|p2a: \u6211\u7237\u7237\u5411\u7262\u5927\u656c\u793c\uff01|par\n|move|p1b: Sceptile|Dragon Pulse|p2a: \u6211\u7237\u7237\u5411\u7262\u5927\u656c\u793c\uff01\n|-damage|p2a: \u6211\u7237\u7237\u5411\u7262\u5927\u656c\u793c\uff01|19\/100 par\n|-enditem|p2a: \u6211\u7237\u7237\u5411\u7262\u5927\u656c\u793c\uff01|Sitrus Berry|[eat]\n|-heal|p2a: \u6211\u7237\u7237\u5411\u7262\u5927\u656c\u793c\uff01|44\/100 par|[from] item: Sitrus Berry\n|\n|upkeep\n|turn|4\n|\n|t:|1701017328\n|switch|p2b: \u7262\u5927\u6765\u4e86\uff01\uff01\uff01\uff01|Cresselia, F|100\/100\n|move|p1a: Electrode|Discharge|p2a: \u6211\u7237\u7237\u5411\u7262\u5927\u656c\u793c\uff01|[spread] p2a,p2b\n|-ability|p1b: Sceptile|Lightning Rod|boost\n|-boost|p1b: Sceptile|spa|1\n|-resisted|p2a: \u6211\u7237\u7237\u5411\u7262\u5927\u656c\u793c\uff01\n|-damage|p2a: \u6211\u7237\u7237\u5411\u7262\u5927\u656c\u793c\uff01|29\/100 par\n|-damage|p2b: \u7262\u5927\u6765\u4e86\uff01\uff01\uff01\uff01|83\/100\n|move|p1b: Sceptile|Dragon Pulse|p2b: \u7262\u5927\u6765\u4e86\uff01\uff01\uff01\uff01\n|-damage|p2b: \u7262\u5927\u6765\u4e86\uff01\uff01\uff01\uff01|19\/100\n|move|p2a: \u6211\u7237\u7237\u5411\u7262\u5927\u656c\u793c\uff01|Sludge Bomb|p1b: Sceptile\n|-supereffective|p1b: Sceptile\n|-crit|p1b: Sceptile\n|-damage|p1b: Sceptile|0 fnt\n|faint|p1b: Sceptile\n|\n|upkeep\n|\n|t:|1701017359\n|switch|p1b: Rillaboom|Rillaboom, F|100\/100\n|-fieldstart|move: Grassy Terrain|[from] ability: Grassy Surge|[of] p1b: Rillaboom\n|-enditem|p1b: Rillaboom|Grassy Seed\n|-boost|p1b: Rillaboom|def|1|[from] item: Grassy Seed\n|turn|5\n|\n|t:|1701017381\n|switch|p2a: \u7262\u5927\uff01\u6211\u7231\u4f60\uff01|Landorus-Therian, M|100\/100\n|-ability|p2a: \u7262\u5927\uff01\u6211\u7231\u4f60\uff01|Intimidate|boost\n|-unboost|p1a: Electrode|atk|1\n|-unboost|p1b: Rillaboom|atk|1\n|move|p1b: Rillaboom|Fake Out|p2b: \u7262\u5927\u6765\u4e86\uff01\uff01\uff01\uff01\n|-damage|p2b: \u7262\u5927\u6765\u4e86\uff01\uff01\uff01\uff01|14\/100\n|-damage|p1b: Rillaboom|84\/100|[from] item: Rocky Helmet|[of] p2b: \u7262\u5927\u6765\u4e86\uff01\uff01\uff01\uff01\n|move|p1a: Electrode|Discharge|p2b: \u7262\u5927\u6765\u4e86\uff01\uff01\uff01\uff01|[spread] p1b,p2b\n|-immune|p2a: \u7262\u5927\uff01\u6211\u7231\u4f60\uff01\n|-resisted|p1b: Rillaboom\n|-damage|p1b: Rillaboom|68\/100\n|-damage|p2b: \u7262\u5927\u6765\u4e86\uff01\uff01\uff01\uff01|0 fnt\n|faint|p2b: \u7262\u5927\u6765\u4e86\uff01\uff01\uff01\uff01\n|\n|-heal|p1b: Rillaboom|74\/100|[from] Grassy Terrain\n|upkeep\n|\n|t:|1701017398\n|switch|p2b: \u7262\u5927\uff01\u6211\u8981\u548c\u4f60\u751f\u5c0f\u888b\u517d\uff01\uff01\uff01|Thundurus, M|100\/100\n|turn|6\n|\n|t:|1701017407\n|-terastallize|p2a: \u7262\u5927\uff01\u6211\u7231\u4f60\uff01|Flying\n|move|p1b: Rillaboom|Grassy Glide|p2a: \u7262\u5927\uff01\u6211\u7231\u4f60\uff01\n|-resisted|p2a: \u7262\u5927\uff01\u6211\u7231\u4f60\uff01\n|-damage|p2a: \u7262\u5927\uff01\u6211\u7231\u4f60\uff01|86\/100\n|move|p1a: Electrode|Leaf Storm|p2a: \u7262\u5927\uff01\u6211\u7231\u4f60\uff01\n|-resisted|p2a: \u7262\u5927\uff01\u6211\u7231\u4f60\uff01\n|-damage|p2a: \u7262\u5927\uff01\u6211\u7231\u4f60\uff01|51\/100\n|-unboost|p1a: Electrode|spa|2\n|move|p2a: \u7262\u5927\uff01\u6211\u7231\u4f60\uff01|Tera Blast|p1b: Rillaboom|[anim] Tera Blast Flying\n|-supereffective|p1b: Rillaboom\n|-damage|p1b: Rillaboom|0 fnt\n|faint|p1b: Rillaboom\n|move|p2b: \u7262\u5927\uff01\u6211\u8981\u548c\u4f60\u751f\u5c0f\u888b\u517d\uff01\uff01\uff01|Wildbolt Storm|p1a: Electrode\n|-resisted|p1a: Electrode\n|-damage|p1a: Electrode|65\/100\n|\n|-heal|p1a: Electrode|71\/100|[from] Grassy Terrain\n|upkeep\n|\n|t:|1701017423\n|switch|p1b: Iron Leaves|Iron Leaves|100\/100\n|turn|7\n|\n|t:|1701017439\n|move|p2b: \u7262\u5927\uff01\u6211\u8981\u548c\u4f60\u751f\u5c0f\u888b\u517d\uff01\uff01\uff01|Thunder Wave|p1b: Iron Leaves\n|-status|p1b: Iron Leaves|par\n|move|p1a: Electrode|Electric Terrain|p1a: Electrode\n|-fieldstart|move: Electric Terrain\n|-activate|p1b: Iron Leaves|ability: Quark Drive\n|-start|p1b: Iron Leaves|quarkdriveatk\n|move|p2a: \u7262\u5927\uff01\u6211\u7231\u4f60\uff01|Tera Blast|p1b: Iron Leaves|[anim] Tera Blast Flying\n|-supereffective|p1b: Iron Leaves\n|-damage|p1b: Iron Leaves|0 fnt\n|faint|p1b: Iron Leaves\n|-end|p1b: Iron Leaves|Quark Drive|[silent]\n|\n|upkeep\n|-message|Mythless forfeited.\n|\n|win|OPieceOfHeroGhost\n|raw|Mythless's rating: 1222 &rarr; <strong>1195<\/strong><br \/>(-27 for losing)\n|raw|OPieceOfHeroGhost's rating: 1199 &rarr; <strong>1226<\/strong><br \/>(+27 for winning)\n|l|\u2606Mythless\n","uploadtime":1701017462,"views":0,"p1id":"mythless","p2id":"opieceofheroghost","formatid":"gen9nationaldexdoubles","rating":1195,"private":0,"password":""}