{"id":"gen9nationaldexdoubles-1999440633","p1":"yrandzo","p2":"moxix_00","format":"[Gen 9] National Dex Doubles","log":"|j|\u2606yrandzo\n|j|\u2606moxix_00\n|t:|1701080917\n|gametype|doubles\n|player|p1|yrandzo|preschooler|1047\n|player|p2|moxix_00|silver|1213\n|teamsize|p1|6\n|teamsize|p2|6\n|gen|9\n|tier|[Gen 9] National Dex Doubles\n|rated|\n|rule|HP Percentage Mod: HP is shown in percentages\n|rule|Endless Battle Clause: Forcing endless battles is banned\n|rule|OHKO Clause: OHKO moves are banned\n|rule|Evasion Moves Clause: Evasion moves are banned\n|rule|Evasion Abilities Clause: Evasion abilities are banned\n|rule|Species Clause: Limit one of each Pok\u00e9mon\n|rule|Gravity Sleep Clause: The combination of sleep-inducing moves with imperfect accuracy and Gravity or Gigantamax Orbeetle are banned\n|clearpoke\n|poke|p1|Coalossal, F|\n|poke|p1|Wimpod, F|\n|poke|p1|Iron Hands|\n|poke|p1|Rillaboom, F|\n|poke|p1|Walking Wake|\n|poke|p1|Oranguru, M|\n|poke|p2|Buzzwole|\n|poke|p2|Guzzlord|\n|poke|p2|Stakataka|\n|poke|p2|Kartana|\n|poke|p2|Glastrier|\n|poke|p2|Hariyama, M|\n|teampreview\n|c|\u2606yrandzo|twickroom!!?!?! >_<\n|\n|t:|1701080936\n|start\n|switch|p1a: Coalossal|Coalossal, F|100\/100\n|switch|p1b: Wimpod|Wimpod, F|100\/100\n|switch|p2a: Hariyama|Hariyama, M, shiny|100\/100\n|switch|p2b: Stakataka|Stakataka, shiny|100\/100\n|turn|1\n|\n|t:|1701080955\n|move|p2a: Hariyama|Fake Out|p1a: Coalossal\n|-resisted|p1a: Coalossal\n|-damage|p1a: Coalossal|96\/100\n|move|p1b: Wimpod|Aqua Jet|p1a: Coalossal\n|-supereffective|p1a: Coalossal\n|-damage|p1a: Coalossal|84\/100\n|-ability|p1a: Coalossal|Steam Engine|boost\n|-boost|p1a: Coalossal|spe|6\n|-enditem|p1a: Coalossal|Weakness Policy\n|-boost|p1a: Coalossal|atk|2|[from] item: Weakness Policy\n|-boost|p1a: Coalossal|spa|2|[from] item: Weakness Policy\n|cant|p1a: Coalossal|flinch\n|move|p2b: Stakataka|Trick Room|p2b: Stakataka\n|-fieldstart|move: Trick Room|[of] p2b: Stakataka\n|\n|-status|p2a: Hariyama|brn|[from] item: Flame Orb\n|upkeep\n|turn|2\n|\n|t:|1701080974\n|switch|p1b: Oranguru|Oranguru, M|100\/100\n|move|p1a: Coalossal|Protect|p1a: Coalossal\n|-singleturn|p1a: Coalossal|Protect\n|move|p2b: Stakataka|Body Press|p1a: Coalossal\n|-activate|p1a: Coalossal|move: Protect\n|move|p2a: Hariyama|Brick Break|p1a: Coalossal\n|-activate|p1a: Coalossal|move: Protect\n|\n|-damage|p2a: Hariyama|94\/100 brn|[from] brn\n|upkeep\n|turn|3\n|\n|t:|1701080995\n|-terastallize|p1a: Coalossal|Fire\n|move|p2b: Stakataka|Body Press|p1a: Coalossal\n|-damage|p1a: Coalossal|62\/100\n|move|p2a: Hariyama|Brick Break|p1a: Coalossal\n|-damage|p1a: Coalossal|17\/100\n|move|p1a: Coalossal|Heat Wave|p2b: Stakataka|[spread] p2a\n|-miss|p1a: Coalossal|p2b: Stakataka\n|-damage|p2a: Hariyama|18\/100 brn\n|move|p1b: Oranguru|Trick Room|p1b: Oranguru\n|-fieldend|move: Trick Room\n|\n|-damage|p2a: Hariyama|12\/100 brn|[from] brn\n|upkeep\n|turn|4\n|inactive|Battle timer is ON: inactive players will automatically lose when time's up. (requested by yrandzo)\n|\n|t:|1701081033\n|move|p2a: Hariyama|Bullet Punch|p1a: Coalossal\n|-resisted|p1a: Coalossal\n|-damage|p1a: Coalossal|10\/100\n|move|p1a: Coalossal|Earth Power|p2b: Stakataka\n|-supereffective|p2b: Stakataka\n|-damage|p2b: Stakataka|0 fnt\n|faint|p2b: Stakataka\n|move|p1b: Oranguru|Instruct|p1a: Coalossal\n|-singleturn|p1a: Coalossal|move: Instruct|[of] p1b: Oranguru\n|move|p1a: Coalossal|Earth Power|p2a: Hariyama\n|-damage|p2a: Hariyama|0 fnt\n|faint|p2a: Hariyama\n|\n|upkeep\n|\n|t:|1701081058\n|switch|p2a: Guzzlord|Guzzlord, shiny|100\/100\n|switch|p2b: Glastrier|Glastrier|100\/100\n|turn|5\n|inactive|yrandzo has 120 seconds left.\n|inactive|moxix_00 has 120 seconds left.\n|\n|t:|1701081119\n|-terastallize|p2b: Glastrier|Psychic\n|move|p1a: Coalossal|Power Gem|p2b: Glastrier\n|-damage|p2b: Glastrier|54\/100\n|move|p1b: Oranguru|Instruct|p1a: Coalossal\n|-singleturn|p1a: Coalossal|move: Instruct|[of] p1b: Oranguru\n|move|p1a: Coalossal|Power Gem|p2b: Glastrier\n|-damage|p2b: Glastrier|10\/100\n|move|p2a: Guzzlord|Crunch|p1a: Coalossal\n|-damage|p1a: Coalossal|0 fnt\n|faint|p1a: Coalossal\n|-ability|p2a: Guzzlord|Beast Boost|boost\n|-boost|p2a: Guzzlord|atk|1\n|move|p2b: Glastrier|Icicle Spear|p1b: Oranguru\n|-damage|p1b: Oranguru|88\/100\n|-damage|p1b: Oranguru|75\/100\n|-damage|p1b: Oranguru|62\/100\n|-damage|p1b: Oranguru|50\/100\n|-hitcount|p1b: Oranguru|4\n|\n|upkeep\n|\n|t:|1701081127\n|switch|p1a: Iron Hands|Iron Hands|100\/100\n|turn|6\n|inactive|yrandzo has 120 seconds left.\n|\n|t:|1701081150\n|move|p1a: Iron Hands|Fake Out|p2b: Glastrier\n|-damage|p2b: Glastrier|0 fnt\n|faint|p2b: Glastrier\n|move|p1b: Oranguru|Instruct|p1a: Iron Hands\n|-singleturn|p1a: Iron Hands|move: Instruct|[of] p1b: Oranguru\n|move|p1a: Iron Hands|Fake Out||[still]\n|-hint|Fake Out only works on your first turn out.\n|-fail|p1a: Iron Hands\n|move|p2a: Guzzlord|Crunch|p1b: Oranguru\n|-supereffective|p1b: Oranguru\n|-damage|p1b: Oranguru|0 fnt\n|faint|p1b: Oranguru\n|-ability|p2a: Guzzlord|Beast Boost|boost\n|-boost|p2a: Guzzlord|atk|1\n|\n|upkeep\n|\n|t:|1701081165\n|switch|p1b: Rillaboom|Rillaboom, F|100\/100\n|switch|p2b: Buzzwole|Buzzwole, shiny|100\/100\n|-fieldstart|move: Grassy Terrain|[from] ability: Grassy Surge|[of] p1b: Rillaboom\n|turn|7\n|inactive|yrandzo has 120 seconds left.\n|\n|t:|1701081208\n|move|p1b: Rillaboom|Fake Out|p2b: Buzzwole\n|-damage|p2b: Buzzwole|90\/100\n|cant|p2b: Buzzwole|flinch\n|move|p1a: Iron Hands|Drain Punch|p2a: Guzzlord\n|-supereffective|p2a: Guzzlord\n|-damage|p2a: Guzzlord|34\/100\n|move|p2a: Guzzlord|Dragon Claw|p1a: Iron Hands\n|-damage|p1a: Iron Hands|54\/100\n|\n|-heal|p2b: Buzzwole|96\/100|[from] Grassy Terrain\n|-heal|p1a: Iron Hands|60\/100|[from] Grassy Terrain\n|-heal|p2a: Guzzlord|40\/100|[from] Grassy Terrain\n|upkeep\n|turn|8\n|\n|t:|1701081232\n|move|p2a: Guzzlord|Protect|p2a: Guzzlord\n|-singleturn|p2a: Guzzlord|Protect\n|move|p1b: Rillaboom|Grassy Glide|p2b: Buzzwole\n|-resisted|p2b: Buzzwole\n|-damage|p2b: Buzzwole|83\/100\n|move|p2b: Buzzwole|Leech Life|p1b: Rillaboom\n|-supereffective|p1b: Rillaboom\n|-damage|p1b: Rillaboom|5\/100\n|-heal|p2b: Buzzwole|100\/100|[from] drain|[of] p1b: Rillaboom\n|move|p1a: Iron Hands|Drain Punch|p2a: Guzzlord\n|-activate|p2a: Guzzlord|move: Protect\n|\n|-heal|p1b: Rillaboom|12\/100|[from] Grassy Terrain\n|-heal|p1a: Iron Hands|66\/100|[from] Grassy Terrain\n|-heal|p2a: Guzzlord|46\/100|[from] Grassy Terrain\n|upkeep\n|turn|9\n|inactive|moxix_00 has 120 seconds left.\n|\n|t:|1701081282\n|switch|p1b: Wimpod|Wimpod, F|100\/100\n|move|p2b: Buzzwole|Drain Punch|p1a: Iron Hands\n|-damage|p1a: Iron Hands|37\/100\n|move|p1a: Iron Hands|Drain Punch|p2a: Guzzlord\n|-supereffective|p2a: Guzzlord\n|-damage|p2a: Guzzlord|0 fnt\n|-heal|p1a: Iron Hands|63\/100|[from] drain|[of] p2a: Guzzlord\n|faint|p2a: Guzzlord\n|\n|-heal|p1a: Iron Hands|69\/100|[from] Grassy Terrain\n|upkeep\n|\n|t:|1701081296\n|switch|p2a: Kartana|Kartana, shiny|100\/100\n|turn|10\n|inactive|moxix_00 has 120 seconds left.\n|\n|t:|1701081308\n|move|p1b: Wimpod|Wide Guard|p1b: Wimpod\n|-singleturn|p1b: Wimpod|Wide Guard\n|-zpower|p2a: Kartana\n|move|p2a: Kartana|Bloom Doom|p1a: Iron Hands|[zeffect]\n|-damage|p1a: Iron Hands|0 fnt\n|faint|p1a: Iron Hands\n|-end|p1a: Iron Hands|Quark Drive|[silent]\n|-ability|p2a: Kartana|Beast Boost|boost\n|-boost|p2a: Kartana|atk|1\n|move|p2b: Buzzwole|Thunder Punch|p1b: Wimpod\n|-supereffective|p1b: Wimpod\n|-damage|p1b: Wimpod|0 fnt\n|faint|p1b: Wimpod\n|-ability|p2b: Buzzwole|Beast Boost|boost\n|-boost|p2b: Buzzwole|atk|1\n|\n|upkeep\n|\n|t:|1701081315\n|switch|p1b: Rillaboom|Rillaboom, F|12\/100\n|switch|p1a: Walking Wake|Walking Wake|100\/100\n|-enditem|p1a: Walking Wake|Booster Energy\n|-activate|p1a: Walking Wake|ability: Protosynthesis|[fromitem]\n|-start|p1a: Walking Wake|protosynthesisspa\n|turn|11\n|inactive|moxix_00 has 120 seconds left.\n|\n|t:|1701081346\n|move|p2a: Kartana|Protect|p2a: Kartana\n|-singleturn|p2a: Kartana|Protect\n|move|p1a: Walking Wake|Flamethrower|p2a: Kartana\n|-activate|p2a: Kartana|move: Protect\n|move|p1b: Rillaboom|Wood Hammer|p2b: Buzzwole\n|-resisted|p2b: Buzzwole\n|-damage|p2b: Buzzwole|69\/100\n|-damage|p1b: Rillaboom|2\/100|[from] Recoil\n|move|p2b: Buzzwole|Thunder Punch|p1a: Walking Wake\n|-damage|p1a: Walking Wake|53\/100\n|\n|-heal|p1a: Walking Wake|59\/100|[from] Grassy Terrain\n|-heal|p1b: Rillaboom|9\/100|[from] Grassy Terrain\n|-heal|p2b: Buzzwole|75\/100|[from] Grassy Terrain\n|-fieldend|move: Grassy Terrain\n|upkeep\n|turn|12\n|inactive|moxix_00 has 120 seconds left.\n|inactive|yrandzo has 120 seconds left.\n|\n|t:|1701081376\n|move|p2a: Kartana|Leaf Blade|p1a: Walking Wake\n|-crit|p1a: Walking Wake\n|-damage|p1a: Walking Wake|0 fnt\n|faint|p1a: Walking Wake\n|-end|p1a: Walking Wake|Protosynthesis|[silent]\n|-ability|p2a: Kartana|Beast Boost|boost\n|-boost|p2a: Kartana|atk|1\n|move|p1b: Rillaboom|Drain Punch|p2b: Buzzwole\n|-resisted|p2b: Buzzwole\n|-damage|p2b: Buzzwole|64\/100\n|-heal|p1b: Rillaboom|13\/100|[from] drain|[of] p2b: Buzzwole\n|move|p2b: Buzzwole|Drain Punch|p1b: Rillaboom\n|-damage|p1b: Rillaboom|0 fnt\n|-heal|p2b: Buzzwole|71\/100|[from] drain|[of] p1b: Rillaboom\n|faint|p1b: Rillaboom\n|\n|win|moxix_00\n|raw|yrandzo's rating: 1047 &rarr; <strong>1038<\/strong><br \/>(-9 for losing)\n|raw|moxix_00's rating: 1213 &rarr; <strong>1227<\/strong><br \/>(+14 for winning)\n","uploadtime":1701081419,"views":2,"p1id":"yrandzo","p2id":"moxix00","formatid":"gen9nationaldexdoubles","rating":1038,"private":0,"password":""}