{"id":"gen9nationaldexdoubles-1961877577","p1":"Datagne","p2":"Play Tale of Wuxia","format":"[Gen 9] National Dex Doubles","log":"|j|\u2606Datagne\n|j|\u2606Play Tale of Wuxia\n|t:|1696683976\n|gametype|doubles\n|player|p1|Datagne|will|\n|player|p2|Play Tale of Wuxia|gentleman|\n|teamsize|p1|6\n|teamsize|p2|6\n|gen|9\n|tier|[Gen 9] National Dex Doubles\n|rule|HP Percentage Mod: HP is shown in percentages\n|rule|Endless Battle Clause: Forcing endless battles is banned\n|rule|OHKO Clause: OHKO moves are banned\n|rule|Evasion Moves Clause: Evasion moves are banned\n|rule|Evasion Abilities Clause: Evasion abilities are banned\n|rule|Species Clause: Limit one of each Pok\u00e9mon\n|rule|Gravity Sleep Clause: The combination of sleep-inducing moves with imperfect accuracy and Gravity or Gigantamax Orbeetle are banned\n|clearpoke\n|poke|p1|Kingambit, F|\n|poke|p1|Enamorus-Therian, F|\n|poke|p1|Great Tusk|\n|poke|p1|Klefki, F|\n|poke|p1|Gigalith, M|\n|poke|p1|Gothitelle, F|\n|poke|p2|Iron Treads|\n|poke|p2|Iron Valiant|\n|poke|p2|Tornadus, M|\n|poke|p2|Dragonite, F|\n|poke|p2|Qwilfish-Hisui, F|\n|poke|p2|Iron Bundle|\n|teampreview\n|j| SgtSmilies\n|j| 2wb\n|\n|t:|1696683996\n|start\n|switch|p1a: Vegimite|Enamorus-Therian, F|100\/100\n|switch|p1b: Sucks|Klefki, F|100\/100\n|switch|p2a: Iron Treads|Iron Treads|100\/100\n|switch|p2b: Iron Valiant|Iron Valiant|100\/100\n|turn|1\n|\n|t:|1696684021\n|move|p1b: Sucks|Protect|p1b: Sucks\n|-singleturn|p1b: Sucks|Protect\n|move|p2a: Iron Treads|High Horsepower|p1b: Sucks\n|-activate|p1b: Sucks|move: Protect\n|move|p2b: Iron Valiant|Aura Sphere|p1b: Sucks\n|-activate|p1b: Sucks|move: Protect\n|move|p1a: Vegimite|Earth Power|p2a: Iron Treads\n|-supereffective|p2a: Iron Treads\n|-damage|p2a: Iron Treads|33\/100\n|\n|upkeep\n|turn|2\n|\n|t:|1696684046\n|-terastallize|p1b: Sucks|Flying\n|move|p1b: Sucks|Reflect|p1b: Sucks\n|-sidestart|p1: Datagne|Reflect\n|move|p2a: Iron Treads|High Horsepower|p1b: Sucks\n|-immune|p1b: Sucks\n|move|p2b: Iron Valiant|Aura Sphere|p1b: Sucks\n|-resisted|p1b: Sucks\n|-damage|p1b: Sucks|76\/100\n|move|p1a: Vegimite|Earth Power|p2a: Iron Treads\n|-supereffective|p2a: Iron Treads\n|-damage|p2a: Iron Treads|0 fnt\n|faint|p2a: Iron Treads\n|-end|p2a: Iron Treads|Quark Drive|[silent]\n|\n|upkeep\n|\n|t:|1696684058\n|switch|p2a: Iron Bundle|Iron Bundle|100\/100\n|-enditem|p2a: Iron Bundle|Booster Energy\n|-activate|p2a: Iron Bundle|ability: Quark Drive|[fromitem]\n|-start|p2a: Iron Bundle|quarkdrivespa\n|turn|3\n|\n|t:|1696684068\n|move|p1b: Sucks|Protect|p1b: Sucks\n|-singleturn|p1b: Sucks|Protect\n|move|p2b: Iron Valiant|Wide Guard|p2b: Iron Valiant\n|-singleturn|p2b: Iron Valiant|Wide Guard\n|move|p2a: Iron Bundle|Ice Beam|p1b: Sucks\n|-activate|p1b: Sucks|move: Protect\n|move|p1a: Vegimite|Moonblast|p2a: Iron Bundle\n|-damage|p2a: Iron Bundle|0 fnt\n|faint|p2a: Iron Bundle\n|-end|p2a: Iron Bundle|Quark Drive|[silent]\n|\n|upkeep\n|\n|t:|1696684081\n|switch|p2a: Dragonite|Dragonite, F|100\/100\n|turn|4\n|\n|t:|1696684097\n|move|p1b: Sucks|Light Screen|p1b: Sucks\n|-sidestart|p1: Datagne|move: Light Screen\n|move|p2b: Iron Valiant|Moonblast|p1a: Vegimite\n|-damage|p1a: Vegimite|79\/100\n|-unboost|p1a: Vegimite|spa|1\n|move|p2a: Dragonite|Rock Slide|p1b: Sucks|[spread] p1a,p1b\n|-supereffective|p1a: Vegimite\n|-supereffective|p1b: Sucks\n|-damage|p1a: Vegimite|46\/100\n|-damage|p1b: Sucks|43\/100\n|move|p1a: Vegimite|Springtide Storm|p2b: Iron Valiant|[spread] p2a,p2b\n|-supereffective|p2a: Dragonite\n|-supereffective|p2b: Iron Valiant\n|-damage|p2a: Dragonite|37\/100\n|-damage|p2b: Iron Valiant|0 fnt\n|faint|p2b: Iron Valiant\n|-end|p2b: Iron Valiant|Quark Drive|[silent]\n|\n|upkeep\n|\n|t:|1696684111\n|switch|p2b: Tornadus|Tornadus, M|100\/100\n|turn|5\n|\n|t:|1696684118\n|move|p2b: Tornadus|Bleakwind Storm|p1a: Vegimite|[spread] p1a\n|-miss|p2b: Tornadus|p1b: Sucks\n|-damage|p1a: Vegimite|29\/100\n|-unboost|p1a: Vegimite|spe|1\n|move|p2a: Dragonite|Rock Slide|p1b: Sucks|[spread] p1b\n|-miss|p2a: Dragonite|p1a: Vegimite\n|-supereffective|p1b: Sucks\n|-damage|p1b: Sucks|11\/100\n|move|p1a: Vegimite|Moonblast|p2a: Dragonite\n|-supereffective|p2a: Dragonite\n|-damage|p2a: Dragonite|0 fnt\n|faint|p2a: Dragonite\n|move|p1b: Sucks|Trick Room|p1b: Sucks\n|-fieldstart|move: Trick Room|[of] p1b: Sucks\n|\n|upkeep\n|\n|t:|1696684132\n|switch|p2a: Qwilfish|Qwilfish-Hisui, F|100\/100\n|-ability|p2a: Qwilfish|Intimidate|boost\n|-unboost|p1a: Vegimite|atk|1\n|-unboost|p1b: Sucks|atk|1\n|turn|6\n|\n|t:|1696684148\n|switch|p1b: Limestone|Gigalith, M|100\/100\n|-weather|Sandstorm|[from] ability: Sand Stream|[of] p1b: Limestone\n|move|p1a: Vegimite|Earth Power|p2a: Qwilfish\n|-supereffective|p2a: Qwilfish\n|-damage|p2a: Qwilfish|47\/100\n|move|p2a: Qwilfish|Crunch|p1a: Vegimite\n|-resisted|p1a: Vegimite\n|-damage|p1a: Vegimite|22\/100\n|move|p2b: Tornadus|Bleakwind Storm|p1b: Limestone|[spread] p1a\n|-miss|p2b: Tornadus|p1b: Limestone\n|-damage|p1a: Vegimite|5\/100\n|\n|-weather|Sandstorm|[upkeep]\n|-damage|p2a: Qwilfish|41\/100|[from] Sandstorm\n|-damage|p2b: Tornadus|94\/100|[from] Sandstorm\n|upkeep\n|turn|7\n|\n|t:|1696684167\n|move|p1a: Vegimite|Earth Power|p2a: Qwilfish\n|-supereffective|p2a: Qwilfish\n|-damage|p2a: Qwilfish|0 fnt\n|faint|p2a: Qwilfish\n|move|p1b: Limestone|Rock Slide|p2b: Tornadus\n|-supereffective|p2b: Tornadus\n|-damage|p2b: Tornadus|0 fnt\n|faint|p2b: Tornadus\n|\n|win|Datagne\n","uploadtime":1696684176,"views":12,"p1id":"datagne","p2id":"playtaleofwuxia","formatid":"gen9nationaldexdoubles","rating":0,"private":0,"password":""}