{"id":"gen9nationaldexdoubles-1970624124","p1":"Chuuugs","p2":"Backs To The Wind","format":"[Gen 9] National Dex Doubles","log":"|j|\u2606Chuuugs\n|j|\u2606Backs To The Wind\n|t:|1697653284\n|gametype|doubles\n|player|p1|Chuuugs|hilda|1079\n|player|p2|Backs To The Wind|lady|1064\n|teamsize|p1|6\n|teamsize|p2|6\n|gen|9\n|tier|[Gen 9] National Dex Doubles\n|rated|\n|rule|HP Percentage Mod: HP is shown in percentages\n|rule|Endless Battle Clause: Forcing endless battles is banned\n|rule|OHKO Clause: OHKO moves are banned\n|rule|Evasion Moves Clause: Evasion moves are banned\n|rule|Evasion Abilities Clause: Evasion abilities are banned\n|rule|Species Clause: Limit one of each Pok\u00e9mon\n|rule|Gravity Sleep Clause: The combination of sleep-inducing moves with imperfect accuracy and Gravity or Gigantamax Orbeetle are banned\n|clearpoke\n|poke|p1|Pincurchin, M|\n|poke|p1|Arboliva, F|\n|poke|p1|Toxapex, F|\n|poke|p1|Iron Hands|\n|poke|p1|Raichu-Alola, F|\n|poke|p1|Azelf|\n|poke|p2|Swanna, F|\n|poke|p2|Politoed, M|\n|poke|p2|Orbeetle, F|\n|poke|p2|Lickilicky, M|\n|poke|p2|Roserade, F|\n|poke|p2|Throh, M|\n|teampreview\n|\n|t:|1697653299\n|start\n|switch|p1a: Burnt Toast|Raichu-Alola, F, shiny|100\/100\n|switch|p1b: Kidney Stone|Pincurchin, M, shiny|100\/100\n|switch|p2a: Lickilicky|Lickilicky, M|100\/100\n|switch|p2b: Politoed|Politoed, M|100\/100\n|-weather|RainDance|[from] ability: Drizzle|[of] p2b: Politoed\n|-fieldstart|move: Electric Terrain|[from] ability: Electric Surge|[of] p1b: Kidney Stone\n|turn|1\n|\n|t:|1697653332\n|switch|p2b: Orbeetle|Orbeetle, F|100\/100\n|move|p1a: Burnt Toast|Rising Voltage|p2b: Orbeetle\n|-hint|Rising Voltage's BP doubled on grounded target.\n|-damage|p2b: Orbeetle|0 fnt\n|faint|p2b: Orbeetle\n|move|p2a: Lickilicky|Explosion|p1a: Burnt Toast|[spread] p1a,p1b\n|-damage|p1a: Burnt Toast|0 fnt\n|-damage|p1b: Kidney Stone|0 fnt\n|faint|p2a: Lickilicky\n|faint|p1a: Burnt Toast\n|faint|p1b: Kidney Stone\n|\n|-weather|RainDance|[upkeep]\n|upkeep\n|\n|t:|1697653355\n|switch|p1a: Oven Mits|Iron Hands|100\/100\n|switch|p2b: Roserade|Roserade, F|100\/100\n|switch|p2a: Swanna|Swanna, F|100\/100\n|switch|p1b: Bongwater|Arboliva, F|100\/100\n|-activate|p1a: Oven Mits|ability: Quark Drive\n|-start|p1a: Oven Mits|quarkdriveatk\n|turn|2\n|\n|t:|1697653399\n|-terastallize|p2a: Swanna|Steel\n|move|p1a: Oven Mits|Fake Out|p2b: Roserade\n|-damage|p2b: Roserade|64\/100\n|move|p2a: Swanna|Hurricane|p1a: Oven Mits\n|-damage|p1a: Oven Mits|57\/100\n|cant|p2b: Roserade|flinch\n|move|p1b: Bongwater|Leech Seed|p2a: Swanna\n|-start|p2a: Swanna|move: Leech Seed\n|\n|-weather|RainDance|[upkeep]\n|-damage|p2a: Swanna|88\/100|[from] Leech Seed|[of] p1b: Bongwater\n|upkeep\n|turn|3\n|\n|t:|1697653422\n|move|p1b: Bongwater|Protect|p1b: Bongwater\n|-singleturn|p1b: Bongwater|Protect\n|move|p2a: Swanna|Hurricane|p1a: Oven Mits\n|-damage|p1a: Oven Mits|19\/100\n|-enditem|p1a: Oven Mits|Sitrus Berry|[eat]\n|-heal|p1a: Oven Mits|44\/100|[from] item: Sitrus Berry\n|move|p2b: Roserade|Hidden Power|p1a: Oven Mits\n|-damage|p1a: Oven Mits|2\/100\n|move|p1a: Oven Mits|Drain Punch|p2b: Roserade\n|-resisted|p2b: Roserade\n|-damage|p2b: Roserade|8\/100\n|-heal|p1a: Oven Mits|17\/100|[from] drain|[of] p2b: Roserade\n|\n|-weather|RainDance|[upkeep]\n|-heal|p2a: Swanna|94\/100|[from] item: Leftovers\n|-damage|p2a: Swanna|82\/100|[from] Leech Seed|[of] p1b: Bongwater\n|upkeep\n|turn|4\n|\n|t:|1697653466\n|switch|p2a: Throh|Throh, M|100\/100\n|-terastallize|p1b: Bongwater|Water\n|move|p1a: Oven Mits|Protect|p1a: Oven Mits\n|-singleturn|p1a: Oven Mits|Protect\n|move|p2b: Roserade|Hidden Power|p1a: Oven Mits\n|-activate|p1a: Oven Mits|move: Protect\n|move|p1b: Bongwater|Giga Drain|p2b: Roserade\n|-resisted|p2b: Roserade\n|-damage|p2b: Roserade|0 fnt\n|faint|p2b: Roserade\n|\n|-weather|RainDance|[upkeep]\n|upkeep\n|\n|t:|1697653480\n|switch|p2b: Politoed|Politoed, M|100\/100\n|turn|5\n|\n|t:|1697653498\n|move|p2b: Politoed|Bounce||[still]\n|-prepare|p2b: Politoed|Bounce\n|move|p1a: Oven Mits|Thunder Punch|p2b: Politoed|[miss]\n|-miss|p1a: Oven Mits|p2b: Politoed\n|move|p1b: Bongwater|Leech Seed|p2a: Throh\n|-start|p2a: Throh|move: Leech Seed\n|move|p2a: Throh|Bulldoze|p1a: Oven Mits|[spread] p1a,p1b\n|-miss|p2a: Throh|p2b: Politoed\n|-supereffective|p1a: Oven Mits\n|-damage|p1a: Oven Mits|3\/100\n|-damage|p1b: Bongwater|93\/100\n|-unboost|p1a: Oven Mits|spe|1\n|-unboost|p1b: Bongwater|spe|1\n|-fieldstart|move: Grassy Terrain|[from] ability: Seed Sower|[of] p1b: Bongwater\n|-end|p1a: Oven Mits|Quark Drive\n|\n|-weather|none\n|-heal|p1a: Oven Mits|9\/100|[from] Grassy Terrain\n|-heal|p1b: Bongwater|99\/100|[from] Grassy Terrain\n|-damage|p2a: Throh|88\/100|[from] Leech Seed|[of] p1b: Bongwater\n|-heal|p1b: Bongwater|100\/100|[silent]\n|upkeep\n|turn|6\n|\n|t:|1697653530\n|move|p1a: Oven Mits|Protect|p1a: Oven Mits\n|-singleturn|p1a: Oven Mits|Protect\n|move|p2b: Politoed|Bounce|p1b: Bongwater|[from]lockedmove\n|-damage|p1b: Bongwater|85\/100\n|-status|p1b: Bongwater|par\n|-damage|p2b: Politoed|84\/100|[from] item: Rocky Helmet|[of] p1b: Bongwater\n|move|p2a: Throh|Poison Jab|p1a: Oven Mits\n|-activate|p1a: Oven Mits|move: Protect\n|cant|p1b: Bongwater|par\n|\n|-heal|p2b: Politoed|90\/100|[from] Grassy Terrain\n|-heal|p1a: Oven Mits|16\/100|[from] Grassy Terrain\n|-heal|p2a: Throh|94\/100|[from] Grassy Terrain\n|-heal|p1b: Bongwater|91\/100 par|[from] Grassy Terrain\n|-damage|p2a: Throh|82\/100|[from] Leech Seed|[of] p1b: Bongwater\n|-heal|p1b: Bongwater|100\/100 par|[silent]\n|upkeep\n|turn|7\n|\n|t:|1697653570\n|move|p2b: Politoed|Bounce||[still]\n|-prepare|p2b: Politoed|Bounce\n|move|p1a: Oven Mits|Thunder Punch|p2a: Throh\n|-crit|p2a: Throh\n|-damage|p2a: Throh|24\/100\n|-status|p2a: Throh|par\n|cant|p2a: Throh|par\n|move|p1b: Bongwater|Giga Drain|p2b: Politoed|[miss]\n|-miss|p1b: Bongwater|p2b: Politoed\n|\n|-heal|p1a: Oven Mits|22\/100|[from] Grassy Terrain\n|-heal|p2a: Throh|30\/100 par|[from] Grassy Terrain\n|-damage|p2a: Throh|18\/100 par|[from] Leech Seed|[of] p1b: Bongwater\n|upkeep\n|turn|8\n|-message|Backs To The Wind forfeited.\n|\n|win|Chuuugs\n|raw|Chuuugs's rating: 1079 &rarr; <strong>1106<\/strong><br \/>(+27 for winning)\n|raw|Backs To The Wind's rating: 1064 &rarr; <strong>1045<\/strong><br \/>(-19 for losing)\n|l|\u2606Backs To The Wind\n","uploadtime":1697653597,"views":11,"p1id":"chuuugs","p2id":"backstothewind","formatid":"gen9nationaldexdoubles","rating":1045,"private":0,"password":""}