{"id":"gen9nationaldexdoubles-1994336444","p1":"xephos223","p2":"Vican259","format":"[Gen 9] National Dex Doubles","log":"|j|\u2606xephos223\n|j|\u2606Vican259\n|t:|1700432474\n|gametype|doubles\n|player|p1|xephos223|gambler|\n|player|p2|Vican259|bellelba|\n|teamsize|p1|6\n|teamsize|p2|6\n|gen|9\n|tier|[Gen 9] National Dex Doubles\n|rule|HP Percentage Mod: HP is shown in percentages\n|rule|Endless Battle Clause: Forcing endless battles is banned\n|rule|OHKO Clause: OHKO moves are banned\n|rule|Evasion Moves Clause: Evasion moves are banned\n|rule|Evasion Abilities Clause: Evasion abilities are banned\n|rule|Species Clause: Limit one of each Pok\u00e9mon\n|rule|Gravity Sleep Clause: The combination of sleep-inducing moves with imperfect accuracy and Gravity or Gigantamax Orbeetle are banned\n|clearpoke\n|poke|p1|Gallade, M|\n|poke|p1|Garchomp, M|\n|poke|p1|Magnezone|\n|poke|p1|Gastrodon, M|\n|poke|p1|Togekiss, F|\n|poke|p1|Lucario, M|\n|poke|p2|Stakataka|\n|poke|p2|Araquanid, M|\n|poke|p2|Buzzwole|\n|poke|p2|Guzzlord|\n|poke|p2|Blacephalon|\n|poke|p2|Celesteela|\n|teampreview\n|\n|t:|1700432498\n|start\n|switch|p1a: Beep Boop|Magnezone|100\/100\n|switch|p1b: Not a Mega|Lucario, M|100\/100\n|switch|p2a: Stakataka|Stakataka|100\/100\n|switch|p2b: Araquanid|Araquanid, M|100\/100\n|turn|1\n|\n|t:|1700432529\n|detailschange|p1b: Not a Mega|Lucario-Mega, M\n|-mega|p1b: Not a Mega|Lucario|Lucarionite\n|move|p2b: Araquanid|Protect|p2b: Araquanid\n|-singleturn|p2b: Araquanid|Protect\n|move|p1b: Not a Mega|Close Combat|p2a: Stakataka\n|-supereffective|p2a: Stakataka\n|-damage|p2a: Stakataka|0 fnt\n|-unboost|p1b: Not a Mega|def|1\n|-unboost|p1b: Not a Mega|spd|1\n|faint|p2a: Stakataka\n|move|p1a: Beep Boop|Discharge|p2b: Araquanid|[spread] p1b\n|-activate|p2b: Araquanid|move: Protect\n|-damage|p1b: Not a Mega|23\/100\n|\n|upkeep\n|\n|t:|1700432556\n|switch|p2a: Blacephalon|Blacephalon|100\/100\n|turn|2\n|\n|t:|1700432570\n|move|p1b: Not a Mega|Bullet Punch|p2a: Blacephalon\n|-resisted|p2a: Blacephalon\n|-damage|p2a: Blacephalon|65\/100\n|move|p2a: Blacephalon|Fire Blast|p1a: Beep Boop\n|-supereffective|p1a: Beep Boop\n|-ability|p1a: Beep Boop|Sturdy\n|-damage|p1a: Beep Boop|1\/100\n|move|p1a: Beep Boop|Flash Cannon|p2b: Araquanid\n|-resisted|p2b: Araquanid\n|-damage|p2b: Araquanid|83\/100\n|move|p2b: Araquanid|Sticky Web|p1b: Not a Mega\n|-sidestart|p1: xephos223|move: Sticky Web\n|\n|upkeep\n|turn|3\n|\n|t:|1700432594\n|move|p1b: Not a Mega|Close Combat|p2a: Blacephalon\n|-immune|p2a: Blacephalon\n|move|p2a: Blacephalon|Fire Blast|p1b: Not a Mega\n|-supereffective|p1b: Not a Mega\n|-damage|p1b: Not a Mega|0 fnt\n|faint|p1b: Not a Mega\n|-ability|p2a: Blacephalon|Beast Boost|boost\n|-boost|p2a: Blacephalon|spa|1\n|move|p1a: Beep Boop|Flash Cannon|p2a: Blacephalon\n|-resisted|p2a: Blacephalon\n|-damage|p2a: Blacephalon|30\/100\n|move|p2b: Araquanid|Liquidation|p1a: Beep Boop\n|-damage|p1a: Beep Boop|0 fnt\n|-damage|p2b: Araquanid|67\/100|[from] item: Rocky Helmet|[of] p1a: Beep Boop\n|faint|p1a: Beep Boop\n|\n|upkeep\n|\n|t:|1700432611\n|switch|p1b: OU|Garchomp, M|100\/100\n|switch|p1a: :)|Togekiss, F|100\/100\n|-activate|p1b: OU|move: Sticky Web\n|-unboost|p1b: OU|spe|1\n|turn|4\n|\n|t:|1700432625\n|switch|p2a: Celesteela|Celesteela|100\/100\n|move|p2b: Araquanid|Protect|p2b: Araquanid\n|-singleturn|p2b: Araquanid|Protect\n|move|p1a: :)|Air Slash|p2b: Araquanid\n|-activate|p2b: Araquanid|move: Protect\n|move|p1b: OU|Earthquake|p2b: Araquanid|[spread] \n|-activate|p2b: Araquanid|move: Protect\n|-immune|p1a: :)\n|-immune|p2a: Celesteela\n|\n|upkeep\n|turn|5\n|\n|t:|1700432651\n|move|p1a: :)|Flamethrower|p2a: Celesteela\n|-supereffective|p2a: Celesteela\n|-damage|p2a: Celesteela|58\/100\n|move|p1b: OU|Iron Head|p2b: Araquanid\n|-resisted|p2b: Araquanid\n|-damage|p2b: Araquanid|53\/100\n|move|p2a: Celesteela|Heavy Slam|p1a: :)\n|-supereffective|p1a: :)\n|-damage|p1a: :)|0 fnt\n|faint|p1a: :)\n|-ability|p2a: Celesteela|Beast Boost|boost\n|-boost|p2a: Celesteela|spd|1\n|move|p2b: Araquanid|Liquidation|p1b: OU\n|-damage|p1b: OU|42\/100\n|-damage|p2b: Araquanid|41\/100|[from] ability: Rough Skin|[of] p1b: OU\n|\n|-heal|p2a: Celesteela|64\/100|[from] item: Leftovers\n|upkeep\n|\n|t:|1700432667\n|switch|p1a: My Boy|Gallade, M|100\/100\n|-activate|p1a: My Boy|move: Sticky Web\n|-unboost|p1a: My Boy|spe|1\n|turn|6\n|\n|t:|1700432714\n|move|p1a: My Boy|Leaf Blade|p2b: Araquanid\n|-damage|p2b: Araquanid|0 fnt\n|faint|p2b: Araquanid\n|move|p1b: OU|Outrage|p2a: Celesteela\n|-resisted|p2a: Celesteela\n|-damage|p2a: Celesteela|38\/100\n|move|p2a: Celesteela|Heavy Slam|p1a: My Boy\n|-damage|p1a: My Boy|20\/100\n|\n|-heal|p2a: Celesteela|44\/100|[from] item: Leftovers\n|upkeep\n|\n|t:|1700432739\n|switch|p2b: Blacephalon|Blacephalon|30\/100\n|turn|7\n|\n|t:|1700432753\n|move|p2b: Blacephalon|Shadow Ball|p1a: My Boy\n|-supereffective|p1a: My Boy\n|-damage|p1a: My Boy|0 fnt\n|faint|p1a: My Boy\n|-ability|p2b: Blacephalon|Beast Boost|boost\n|-boost|p2b: Blacephalon|spa|1\n|move|p1b: OU|Outrage|p2a: Celesteela|[from]lockedmove\n|-resisted|p2a: Celesteela\n|-damage|p2a: Celesteela|17\/100\n|move|p2a: Celesteela|Heavy Slam|p1b: OU\n|-damage|p1b: OU|0 fnt\n|-damage|p2a: Celesteela|5\/100|[from] ability: Rough Skin|[of] p1b: OU\n|faint|p1b: OU\n|-ability|p2a: Celesteela|Beast Boost|boost\n|-boost|p2a: Celesteela|spd|1\n|\n|-heal|p2a: Celesteela|11\/100|[from] item: Leftovers\n|upkeep\n|\n|t:|1700432771\n|switch|p1b: Budget Swampert|Gastrodon, M|100\/100\n|-activate|p1b: Budget Swampert|move: Sticky Web\n|-unboost|p1b: Budget Swampert|spe|1\n|turn|8\n|\n|t:|1700432778\n|move|p2b: Blacephalon|Shadow Ball|p1b: Budget Swampert\n|-damage|p1b: Budget Swampert|0 fnt\n|faint|p1b: Budget Swampert\n|\n|win|Vican259\n","uploadtime":1700432784,"views":4,"p1id":"xephos223","p2id":"vican259","formatid":"gen9nationaldexdoubles","rating":0,"private":0,"password":""}