{"id":"gen9nationaldexdoubles-1982654990","p1":"Black Dragon 275","p2":"isredelpo2009","format":"[Gen 9] National Dex Doubles","log":"|j|\u2606Black Dragon 275\n|j|\u2606isredelpo2009\n|t:|1699033187\n|gametype|doubles\n|player|p1|Black Dragon 275|hilbert-wonderlauncher|1023\n|player|p2|isredelpo2009|lucas|1064\n|teamsize|p1|6\n|teamsize|p2|6\n|gen|9\n|tier|[Gen 9] National Dex Doubles\n|rated|\n|rule|HP Percentage Mod: HP is shown in percentages\n|rule|Endless Battle Clause: Forcing endless battles is banned\n|rule|OHKO Clause: OHKO moves are banned\n|rule|Evasion Moves Clause: Evasion moves are banned\n|rule|Evasion Abilities Clause: Evasion abilities are banned\n|rule|Species Clause: Limit one of each Pok\u00e9mon\n|rule|Gravity Sleep Clause: The combination of sleep-inducing moves with imperfect accuracy and Gravity or Gigantamax Orbeetle are banned\n|clearpoke\n|poke|p1|Great Tusk|\n|poke|p1|Rillaboom, F|\n|poke|p1|Urshifu-*, F|\n|poke|p1|Flutter Mane|\n|poke|p1|Roaring Moon|\n|poke|p1|Houndstone, M|\n|poke|p2|Oranguru, M|\n|poke|p2|Kangaskhan, F|\n|poke|p2|Darkrai|\n|poke|p2|Ogerpon-Hearthflame, F|\n|poke|p2|Rillaboom, F|\n|poke|p2|Tornadus, M|\n|teampreview\n|inactive|Battle timer is ON: inactive players will automatically lose when time's up. (requested by isredelpo2009)\n|inactive|Black Dragon 275 also wants the timer to be on.\n|\n|t:|1699033201\n|start\n|switch|p1a: Urshifu|Urshifu-Rapid-Strike, F|100\/100\n|switch|p1b: Roaring Moon|Roaring Moon|100\/100\n|switch|p2a: Oranguru|Oranguru, M, shiny|100\/100\n|switch|p2b: Ogerpon|Ogerpon-Hearthflame, F|100\/100\n|-ability|p2b: Ogerpon|Mold Breaker\n|turn|1\n|\n|t:|1699033229\n|switch|p2b: Rillaboom|Rillaboom, F|100\/100\n|-fieldstart|move: Grassy Terrain|[from] ability: Grassy Surge|[of] p2b: Rillaboom\n|move|p2a: Oranguru|Protect|p2a: Oranguru\n|-singleturn|p2a: Oranguru|Protect\n|move|p1b: Roaring Moon|Crunch|p2a: Oranguru\n|-activate|p2a: Oranguru|move: Protect\n|move|p1a: Urshifu|Surging Strikes|p2b: Rillaboom\n|-resisted|p2b: Rillaboom\n|-crit|p2b: Rillaboom\n|-damage|p2b: Rillaboom|87\/100\n|-resisted|p2b: Rillaboom\n|-crit|p2b: Rillaboom\n|-damage|p2b: Rillaboom|74\/100\n|-resisted|p2b: Rillaboom\n|-crit|p2b: Rillaboom\n|-damage|p2b: Rillaboom|61\/100\n|-hitcount|p2b: Rillaboom|3\n|\n|-heal|p2b: Rillaboom|67\/100|[from] Grassy Terrain\n|-heal|p2b: Rillaboom|74\/100|[from] item: Leftovers\n|upkeep\n|turn|2\n|inactive|isredelpo2009 has 120 seconds left.\n|\n|t:|1699033281\n|switch|p1a: Rillaboom|Rillaboom, F|100\/100\n|-enditem|p1a: Rillaboom|Grassy Seed\n|-boost|p1a: Rillaboom|def|1|[from] item: Grassy Seed\n|switch|p2a: Darkrai|Darkrai, shiny|100\/100\n|-terastallize|p2b: Rillaboom|Grass\n|move|p2b: Rillaboom|Fake Out|p1a: Rillaboom\n|-damage|p1a: Rillaboom|91\/100\n|move|p1b: Roaring Moon|Crunch|p2a: Darkrai\n|-resisted|p2a: Darkrai\n|-damage|p2a: Darkrai|74\/100\n|\n|-heal|p1a: Rillaboom|97\/100|[from] Grassy Terrain\n|-heal|p2a: Darkrai|80\/100|[from] Grassy Terrain\n|-heal|p2b: Rillaboom|80\/100|[from] Grassy Terrain\n|-heal|p2b: Rillaboom|86\/100|[from] item: Leftovers\n|upkeep\n|turn|3\n|inactive|isredelpo2009 has 120 seconds left.\n|inactive|Black Dragon 275 has 120 seconds left.\n|\n|t:|1699033313\n|move|p2a: Darkrai|Endure|p2a: Darkrai\n|-singleturn|p2a: Darkrai|move: Endure\n|move|p1b: Roaring Moon|Dragon Claw|p2a: Darkrai\n|-damage|p2a: Darkrai|18\/100\n|move|p1a: Rillaboom|Acrobatics|p2b: Rillaboom\n|-supereffective|p2b: Rillaboom\n|-damage|p2b: Rillaboom|5\/100\n|move|p2b: Rillaboom|Trailblaze|p1a: Rillaboom\n|-resisted|p1a: Rillaboom\n|-damage|p1a: Rillaboom|82\/100\n|-boost|p2b: Rillaboom|spe|1\n|\n|-heal|p2b: Rillaboom|11\/100|[from] Grassy Terrain\n|-heal|p2b: Rillaboom|17\/100|[from] item: Leftovers\n|-heal|p1a: Rillaboom|88\/100|[from] Grassy Terrain\n|-heal|p2a: Darkrai|24\/100|[from] Grassy Terrain\n|upkeep\n|turn|4\n|inactive|isredelpo2009 has 120 seconds left.\n|\n|t:|1699033342\n|switch|p2b: Tornadus|Tornadus, M|100\/100\n|switch|p2a: Kangaskhan|Kangaskhan, F, shiny|100\/100\n|move|p1a: Rillaboom|Grassy Glide|p2b: Tornadus\n|-resisted|p2b: Tornadus\n|-damage|p2b: Tornadus|72\/100\n|move|p1b: Roaring Moon|Dragon Claw|p2a: Kangaskhan\n|-damage|p2a: Kangaskhan|46\/100\n|\n|-heal|p1a: Rillaboom|94\/100|[from] Grassy Terrain\n|-heal|p2a: Kangaskhan|51\/100|[from] Grassy Terrain\n|upkeep\n|turn|5\n|inactive|isredelpo2009 has 120 seconds left.\n|\n|t:|1699033367\n|detailschange|p2a: Kangaskhan|Kangaskhan-Mega, F, shiny\n|-mega|p2a: Kangaskhan|Kangaskhan|Kangaskhanite\n|move|p2a: Kangaskhan|Fake Out|p1a: Rillaboom\n|-damage|p1a: Rillaboom|79\/100\n|-damage|p1a: Rillaboom|75\/100\n|-hitcount|p1a: Rillaboom|2\n|cant|p1a: Rillaboom|flinch\n|move|p1b: Roaring Moon|Dragon Claw|p2b: Tornadus\n|-damage|p2b: Tornadus|9\/100\n|-zpower|p2b: Tornadus\n|move|p2b: Tornadus|Supersonic Skystrike|p1a: Rillaboom|[zeffect]\n|-supereffective|p1a: Rillaboom\n|-damage|p1a: Rillaboom|0 fnt\n|faint|p1a: Rillaboom\n|\n|-heal|p2a: Kangaskhan|57\/100|[from] Grassy Terrain\n|-fieldend|move: Grassy Terrain\n|upkeep\n|inactive|Black Dragon 275 has 120 seconds left.\n|\n|t:|1699033390\n|switch|p1a: Great Tusk|Great Tusk|100\/100\n|turn|6\n|\n|t:|1699033399\n|move|p2a: Kangaskhan|Protect|p2a: Kangaskhan\n|-singleturn|p2a: Kangaskhan|Protect\n|move|p1b: Roaring Moon|Dragon Claw|p2b: Tornadus\n|-damage|p2b: Tornadus|0 fnt\n|faint|p2b: Tornadus\n|move|p1a: Great Tusk|Close Combat|p2a: Kangaskhan\n|-activate|p2a: Kangaskhan|move: Protect\n|\n|upkeep\n|inactive|isredelpo2009 has 120 seconds left.\n|\n|t:|1699033411\n|switch|p2b: Rillaboom|Rillaboom, F, tera:Grass|17\/100\n|-fieldstart|move: Grassy Terrain|[from] ability: Grassy Surge|[of] p2b: Rillaboom\n|turn|7\n|\n|t:|1699033424\n|move|p1a: Great Tusk|Protect|p1a: Great Tusk\n|-singleturn|p1a: Great Tusk|Protect\n|move|p2b: Rillaboom|Fake Out|p1a: Great Tusk\n|-activate|p1a: Great Tusk|move: Protect\n|move|p1b: Roaring Moon|Dragon Claw|p2b: Rillaboom\n|-damage|p2b: Rillaboom|0 fnt\n|faint|p2b: Rillaboom\n|move|p2a: Kangaskhan|Seismic Toss|p1a: Great Tusk\n|-activate|p1a: Great Tusk|move: Protect\n|\n|-heal|p2a: Kangaskhan|63\/100|[from] Grassy Terrain\n|upkeep\n|\n|t:|1699033439\n|switch|p2b: Oranguru|Oranguru, M, shiny|100\/100\n|turn|8\n|\n|t:|1699033450\n|move|p2b: Oranguru|Protect|p2b: Oranguru\n|-singleturn|p2b: Oranguru|Protect\n|move|p1b: Roaring Moon|Crunch|p2b: Oranguru\n|-activate|p2b: Oranguru|move: Protect\n|move|p1a: Great Tusk|Close Combat|p2a: Kangaskhan\n|-supereffective|p2a: Kangaskhan\n|-damage|p2a: Kangaskhan|0 fnt\n|-unboost|p1a: Great Tusk|def|1\n|-unboost|p1a: Great Tusk|spd|1\n|faint|p2a: Kangaskhan\n|-damage|p1a: Great Tusk|91\/100|[from] item: Life Orb\n|\n|-heal|p1a: Great Tusk|97\/100|[from] Grassy Terrain\n|upkeep\n|\n|t:|1699033466\n|switch|p2a: Ogerpon|Ogerpon-Hearthflame, F|100\/100\n|-ability|p2a: Ogerpon|Mold Breaker\n|turn|9\n|\n|t:|1699033485\n|move|p1a: Great Tusk|Protect|p1a: Great Tusk\n|-singleturn|p1a: Great Tusk|Protect\n|move|p1b: Roaring Moon|Dragon Claw|p2a: Ogerpon\n|-damage|p2a: Ogerpon|41\/100\n|move|p2a: Ogerpon|Ivy Cudgel|p1b: Roaring Moon\n|-resisted|p1b: Roaring Moon\n|-damage|p1b: Roaring Moon|64\/100\n|move|p2b: Oranguru|Instruct|p2a: Ogerpon\n|-singleturn|p2a: Ogerpon|move: Instruct|[of] p2b: Oranguru\n|move|p2a: Ogerpon|Ivy Cudgel|p1b: Roaring Moon\n|-resisted|p1b: Roaring Moon\n|-damage|p1b: Roaring Moon|29\/100\n|\n|-heal|p1b: Roaring Moon|35\/100|[from] Grassy Terrain\n|-heal|p2a: Ogerpon|47\/100|[from] Grassy Terrain\n|-heal|p1a: Great Tusk|100\/100|[from] Grassy Terrain\n|upkeep\n|turn|10\n|\n|t:|1699033508\n|move|p2a: Ogerpon|Spiky Shield|p2a: Ogerpon\n|-singleturn|p2a: Ogerpon|move: Protect\n|move|p2b: Oranguru|Protect|p2b: Oranguru\n|-singleturn|p2b: Oranguru|Protect\n|move|p1b: Roaring Moon|Crunch|p2b: Oranguru\n|-activate|p2b: Oranguru|move: Protect\n|move|p1a: Great Tusk|Headlong Rush|p2a: Ogerpon\n|-activate|p2a: Ogerpon|move: Protect\n|-damage|p1a: Great Tusk|88\/100|[from] Spiky Shield|[of] p2a: Ogerpon\n|\n|-heal|p1b: Roaring Moon|41\/100|[from] Grassy Terrain\n|-heal|p2a: Ogerpon|53\/100|[from] Grassy Terrain\n|-heal|p1a: Great Tusk|94\/100|[from] Grassy Terrain\n|upkeep\n|turn|11\n|inactive|isredelpo2009 has 120 seconds left.\n|\n|t:|1699033544\n|move|p1b: Roaring Moon|Crunch|p2b: Oranguru\n|-supereffective|p2b: Oranguru\n|-damage|p2b: Oranguru|18\/100\n|move|p2a: Ogerpon|Ivy Cudgel|p1a: Great Tusk\n|-damage|p1a: Great Tusk|29\/100\n|move|p1a: Great Tusk|Close Combat|p2a: Ogerpon\n|-damage|p2a: Ogerpon|0 fnt\n|-unboost|p1a: Great Tusk|def|1\n|-unboost|p1a: Great Tusk|spd|1\n|faint|p2a: Ogerpon\n|-damage|p1a: Great Tusk|19\/100|[from] item: Life Orb\n|move|p2b: Oranguru|Encore|p1a: Great Tusk\n|-start|p1a: Great Tusk|Encore\n|\n|-heal|p1b: Roaring Moon|47\/100|[from] Grassy Terrain\n|-heal|p1a: Great Tusk|25\/100|[from] Grassy Terrain\n|-heal|p2b: Oranguru|24\/100|[from] Grassy Terrain\n|-fieldend|move: Grassy Terrain\n|upkeep\n|\n|t:|1699033566\n|switch|p2a: Darkrai|Darkrai, shiny|24\/100\n|turn|12\n|inactive|isredelpo2009 has 120 seconds left.\n|\n|t:|1699033578\n|move|p2a: Darkrai|Endure|p2a: Darkrai\n|-singleturn|p2a: Darkrai|move: Endure\n|move|p2b: Oranguru|Protect|p2b: Oranguru\n|-singleturn|p2b: Oranguru|Protect\n|move|p1b: Roaring Moon|Crunch|p2b: Oranguru\n|-activate|p2b: Oranguru|move: Protect\n|move|p1a: Great Tusk|Close Combat|p2a: Darkrai\n|-supereffective|p2a: Darkrai\n|-activate|p2a: Darkrai|move: Endure\n|-damage|p2a: Darkrai|1\/100\n|-unboost|p1a: Great Tusk|def|1\n|-unboost|p1a: Great Tusk|spd|1\n|-damage|p1a: Great Tusk|15\/100|[from] item: Life Orb\n|\n|upkeep\n|turn|13\n|-message|isredelpo2009 forfeited.\n|\n|win|Black Dragon 275\n|raw|Black Dragon 275's rating: 1023 &rarr; <strong>1064<\/strong><br \/>(+41 for winning)\n|raw|isredelpo2009's rating: 1064 &rarr; <strong>1042<\/strong><br \/>(-22 for losing)\n|l|\u2606Black Dragon 275\n","uploadtime":1699033606,"views":6,"p1id":"blackdragon275","p2id":"isredelpo2009","formatid":"gen9nationaldexdoubles","rating":1042,"private":0,"password":""}