{"id":"gen9nationaldexdoubles-1948090623","p1":"232323aa","p2":"Electroshibe","format":"[Gen 9] National Dex Doubles","log":"|j|\u203d232323aa\n|j|\u2606Electroshibe\n|t:|1695229744\n|gametype|doubles\n|player|p1|232323aa|bellelba|1198\n|player|p2|Electroshibe|benga|1063\n|teamsize|p1|6\n|teamsize|p2|6\n|gen|9\n|tier|[Gen 9] National Dex Doubles\n|rated|\n|rule|HP Percentage Mod: HP is shown in percentages\n|rule|Endless Battle Clause: Forcing endless battles is banned\n|rule|OHKO Clause: OHKO moves are banned\n|rule|Evasion Moves Clause: Evasion moves are banned\n|rule|Evasion Abilities Clause: Evasion abilities are banned\n|rule|Species Clause: Limit one of each Pok\u00e9mon\n|rule|Gravity Sleep Clause: The combination of sleep-inducing moves with imperfect accuracy and Gravity or Gigantamax Orbeetle are banned\n|clearpoke\n|poke|p1|Regigigas|\n|poke|p1|Koffing, M|\n|poke|p1|Landorus-Therian, M|\n|poke|p1|Ambipom, M|\n|poke|p1|Gholdengo|\n|poke|p1|Chien-Pao|\n|poke|p2|Ninetales, M|\n|poke|p2|Ceruledge, M|\n|poke|p2|Arcanine-Hisui, F|\n|poke|p2|Fezandipiti, M|\n|poke|p2|Eevee, M|\n|poke|p2|Amoonguss, M|\n|teampreview\n|\n|t:|1695229768\n|start\n|switch|p1a: Regigigas|Regigigas|100\/100\n|switch|p1b: Koffing|Koffing, M|100\/100\n|switch|p2a: SUS|Amoonguss, M|100\/100\n|switch|p2b: Prism|Eevee, M|100\/100\n|-ability|p1b: Koffing|Neutralizing Gas\n|turn|1\n|\n|t:|1695229779\n|move|p2a: SUS|Rage Powder|p2a: SUS\n|-singleturn|p2a: SUS|move: Rage Powder\n|move|p1a: Regigigas|Body Slam|p2a: SUS\n|-damage|p2a: SUS|38\/100\n|-zpower|p2b: Prism\n|move|p2b: Prism|Extreme Evoboost|p2b: Prism\n|-boost|p2b: Prism|atk|2\n|-boost|p2b: Prism|def|2\n|-boost|p2b: Prism|spa|2\n|-boost|p2b: Prism|spd|2\n|-boost|p2b: Prism|spe|2\n|move|p1b: Koffing|Sludge Bomb|p2a: SUS\n|-damage|p2a: SUS|25\/100\n|\n|-heal|p2a: SUS|31\/100|[from] item: Black Sludge\n|upkeep\n|turn|2\n|\n|t:|1695229793\n|move|p2a: SUS|Rage Powder|p2a: SUS\n|-singleturn|p2a: SUS|move: Rage Powder\n|move|p2b: Prism|Baton Pass|p2b: Prism\n|\n|t:|1695229795\n|switch|p2b: Funny|Ceruledge, M|100\/100|[from] Baton Pass\n|move|p1a: Regigigas|Body Slam|p2a: SUS\n|-damage|p2a: SUS|0 fnt\n|faint|p2a: SUS\n|move|p1b: Koffing|Sludge Bomb|p2b: Funny\n|-resisted|p2b: Funny\n|-damage|p2b: Funny|94\/100\n|\n|upkeep\n|\n|t:|1695229801\n|switch|p2a: Helios|Ninetales, M|100\/100\n|turn|3\n|\n|t:|1695229815\n|move|p2b: Funny|Close Combat|p1a: Regigigas\n|-supereffective|p1a: Regigigas\n|-crit|p1a: Regigigas\n|-damage|p1a: Regigigas|0 fnt\n|-unboost|p2b: Funny|def|1\n|-unboost|p2b: Funny|spd|1\n|faint|p1a: Regigigas\n|-end|p1a: Regigigas|Slow Start|[silent]\n|move|p2a: Helios|Heat Wave|p1b: Koffing\n|-damage|p1b: Koffing|67\/100\n|move|p1b: Koffing|Sludge Bomb|p2a: Helios\n|-damage|p2a: Helios|76\/100\n|\n|upkeep\n|\n|t:|1695229824\n|switch|p1a: Landorus|Landorus-Therian, M|100\/100\n|turn|4\n|\n|t:|1695229839\n|switch|p2a: Birdup|Fezandipiti, M|100\/100\n|-terastallize|p1a: Landorus|Water\n|move|p2b: Funny|Bitter Blade|p1b: Koffing\n|-damage|p1b: Koffing|0 fnt\n|-heal|p2b: Funny|100\/100|[from] drain|[of] p1b: Koffing\n|faint|p1b: Koffing\n|-end|p1b: Koffing|ability: Neutralizing Gas\n|-ability|p1a: Landorus|Intimidate|boost\n|-unboost|p2a: Birdup|atk|1\n|-unboost|p2b: Funny|atk|1\n|move|p1a: Landorus|Stomping Tantrum|p2b: Funny\n|-supereffective|p2b: Funny\n|-damage|p2b: Funny|21\/100\n|\n|upkeep\n|\n|t:|1695229852\n|switch|p1b: Chien-Pao|Chien-Pao|100\/100\n|-ability|p1b: Chien-Pao|Sword of Ruin\n|turn|5\n|\n|t:|1695229863\n|move|p2b: Funny|Shadow Sneak|p1a: Landorus\n|-damage|p1a: Landorus|55\/100\n|move|p1b: Chien-Pao|Sucker Punch||[still]\n|-fail|p1b: Chien-Pao\n|move|p2a: Birdup|Tailwind|p2a: Birdup\n|-sidestart|p2: Electroshibe|move: Tailwind\n|move|p1a: Landorus|Stone Edge|p2a: Birdup\n|-damage|p2a: Birdup|47\/100\n|\n|-heal|p1a: Landorus|61\/100|[from] item: Leftovers\n|upkeep\n|turn|6\n|\n|t:|1695229901\n|-terastallize|p2b: Funny|Fighting\n|move|p1b: Chien-Pao|Sucker Punch|p2b: Funny\n|-resisted|p2b: Funny\n|-damage|p2b: Funny|0 fnt\n|faint|p2b: Funny\n|move|p2a: Birdup|Icy Wind|p1b: Chien-Pao|[spread] p1a,p1b\n|-resisted|p1a: Landorus\n|-resisted|p1b: Chien-Pao\n|-damage|p1a: Landorus|57\/100\n|-damage|p1b: Chien-Pao|96\/100\n|-unboost|p1a: Landorus|spe|1\n|-unboost|p1b: Chien-Pao|spe|1\n|move|p1a: Landorus|Stomping Tantrum|p2a: Birdup\n|-supereffective|p2a: Birdup\n|-damage|p2a: Birdup|0 fnt\n|faint|p2a: Birdup\n|\n|-heal|p1a: Landorus|63\/100|[from] item: Leftovers\n|upkeep\n|\n|t:|1695229909\n|switch|p2a: Helios|Ninetales, M|76\/100\n|switch|p2b: Amaterasu|Arcanine-Hisui, F|100\/100\n|-weather|SunnyDay|[from] ability: Drought|[of] p2a: Helios\n|turn|7\n|\n|t:|1695229932\n|switch|p1b: Ambipom|Ambipom, M|100\/100\n|move|p2a: Helios|Heat Wave|p1b: Ambipom|[spread] p1a,p1b\n|-resisted|p1a: Landorus\n|-damage|p1a: Landorus|38\/100\n|-damage|p1b: Ambipom|33\/100\n|-status|p1a: Landorus|brn\n|move|p2b: Amaterasu|Head Smash|p1a: Landorus\n|-damage|p1a: Landorus|0 fnt\n|faint|p1a: Landorus\n|\n|-weather|SunnyDay|[upkeep]\n|upkeep\n|\n|t:|1695229934\n|switch|p1a: Chien-Pao|Chien-Pao|96\/100\n|-ability|p1a: Chien-Pao|Sword of Ruin\n|turn|8\n|\n|t:|1695229953\n|move|p2a: Helios|Heat Wave|p1a: Chien-Pao|[spread] p1a,p1b\n|-supereffective|p1a: Chien-Pao\n|-damage|p1a: Chien-Pao|0 fnt\n|-damage|p1b: Ambipom|0 fnt\n|faint|p1a: Chien-Pao\n|faint|p1b: Ambipom\n|move|p2b: Amaterasu|Head Smash|p1: Chien-Pao|[notarget]\n|-fail|p2b: Amaterasu\n|\n|-weather|SunnyDay|[upkeep]\n|-sideend|p2: Electroshibe|move: Tailwind\n|upkeep\n|\n|t:|1695229957\n|switch|p1b: Gholdengo|Gholdengo|100\/100\n|turn|9\n|inactive|Battle timer is ON: inactive players will automatically lose when time's up. (requested by Electroshibe)\n|inactive|232323aa has 120 seconds left.\n|c|\u2606Electroshibe|Rare Ninetales W?\n|inactive|232323aa has 90 seconds left.\n|inactive|232323aa has 60 seconds left.\n|inactive|232323aa has 30 seconds left.\n|inactive|232323aa has 20 seconds left.\n|inactive|232323aa has 15 seconds left.\n|inactive|232323aa has 10 seconds left.\n|inactive|232323aa has 5 seconds left.\n|-message|232323aa lost due to inactivity.\n|\n|win|Electroshibe\n|raw|232323aa's rating: 1172 &rarr; <strong>1139<\/strong><br \/>(-33 for losing)\n|raw|Electroshibe's rating: 1063 &rarr; <strong>1103<\/strong><br \/>(+40 for winning)\n|l|\u203d232323aa\n","uploadtime":1695230177,"views":9,"p1id":"232323aa","p2id":"electroshibe","formatid":"gen9nationaldexdoubles","rating":1103,"private":0,"password":""}