{"id":"gen9nationaldexdoubles-1947433443","p1":"ewbrammer91","p2":"Grunt2222222","format":"[Gen 9] National Dex Doubles","log":"|j|\u2606ewbrammer91\n|j|\u2606Grunt2222222\n|t:|1695160295\n|gametype|doubles\n|player|p1|ewbrammer91|brock|1154\n|player|p2|Grunt2222222|rocketgrunt|1049\n|teamsize|p1|6\n|teamsize|p2|6\n|gen|9\n|tier|[Gen 9] National Dex Doubles\n|rated|\n|rule|HP Percentage Mod: HP is shown in percentages\n|rule|Endless Battle Clause: Forcing endless battles is banned\n|rule|OHKO Clause: OHKO moves are banned\n|rule|Evasion Moves Clause: Evasion moves are banned\n|rule|Evasion Abilities Clause: Evasion abilities are banned\n|rule|Species Clause: Limit one of each Pok\u00e9mon\n|rule|Gravity Sleep Clause: The combination of sleep-inducing moves with imperfect accuracy and Gravity or Gigantamax Orbeetle are banned\n|clearpoke\n|poke|p1|Tyranitar, M|\n|poke|p1|Glimmora, F|\n|poke|p1|Kleavor, F|\n|poke|p1|Lycanroc-Dusk, M|\n|poke|p1|Arcanine-Hisui, M|\n|poke|p1|Tyrantrum, F|\n|poke|p2|Salazzle, F|\n|poke|p2|Sableye, M|\n|poke|p2|Amoonguss, F|\n|poke|p2|Noivern, M|\n|poke|p2|Gastrodon, M|\n|poke|p2|Iron Hands|\n|teampreview\n|inactive|Battle timer is ON: inactive players will automatically lose when time's up. (requested by ewbrammer91)\n|\n|t:|1695160305\n|start\n|switch|p1a: Tyranitar|Tyranitar, M|100\/100\n|switch|p1b: Kleavor|Kleavor, F|100\/100\n|switch|p2a: Gastrodon|Gastrodon, M|100\/100\n|switch|p2b: Sableye|Sableye, M|100\/100\n|-weather|Sandstorm|[from] ability: Sand Stream|[of] p1a: Tyranitar\n|turn|1\n|\n|t:|1695160325\n|move|p2b: Sableye|Will-O-Wisp|p1b: Kleavor\n|-status|p1b: Kleavor|brn\n|move|p1a: Tyranitar|Knock Off|p2a: Gastrodon\n|-damage|p2a: Gastrodon|46\/100\n|-enditem|p2a: Gastrodon|Aguav Berry|[from] move: Knock Off|[of] p1a: Tyranitar\n|move|p1b: Kleavor|Stone Axe|p2a: Gastrodon\n|-resisted|p2a: Gastrodon\n|-damage|p2a: Gastrodon|30\/100\n|-sidestart|p2: Grunt2222222|move: Stealth Rock\n|move|p2a: Gastrodon|Hydro Pump|p1a: Tyranitar|[miss]\n|-miss|p2a: Gastrodon|p1a: Tyranitar\n|\n|-weather|Sandstorm|[upkeep]\n|-damage|p2b: Sableye|94\/100|[from] Sandstorm\n|-damage|p1b: Kleavor|94\/100 brn|[from] brn\n|upkeep\n|turn|2\n|\n|t:|1695160349\n|detailschange|p2b: Sableye|Sableye-Mega, M\n|-mega|p2b: Sableye|Sableye|Sablenite\n|move|p1a: Tyranitar|Knock Off|p2b: Sableye\n|-damage|p2b: Sableye|67\/100\n|move|p1b: Kleavor|X-Scissor|p2a: Gastrodon\n|-damage|p2a: Gastrodon|0 fnt\n|faint|p2a: Gastrodon\n|move|p2b: Sableye|Knock Off|p1a: Tyranitar\n|-resisted|p1a: Tyranitar\n|-damage|p1a: Tyranitar|86\/100\n|-enditem|p1a: Tyranitar|Choice Scarf|[from] move: Knock Off|[of] p2b: Sableye\n|\n|-weather|Sandstorm|[upkeep]\n|-damage|p2b: Sableye|61\/100|[from] Sandstorm\n|-damage|p1b: Kleavor|88\/100 brn|[from] brn\n|upkeep\n|\n|t:|1695160363\n|switch|p2a: Iron Hands|Iron Hands|100\/100\n|-damage|p2a: Iron Hands|94\/100|[from] Stealth Rock\n|-enditem|p2a: Iron Hands|Booster Energy\n|-activate|p2a: Iron Hands|ability: Quark Drive|[fromitem]\n|-start|p2a: Iron Hands|quarkdriveatk\n|turn|3\n|\n|t:|1695160379\n|switch|p1a: Glimmora|Glimmora, F|100\/100\n|-terastallize|p2a: Iron Hands|Fighting\n|move|p1b: Kleavor|X-Scissor|p2b: Sableye\n|-damage|p2b: Sableye|33\/100\n|move|p2a: Iron Hands|Rock Slide|p1b: Kleavor|[spread] p1a,p1b\n|-supereffective|p1b: Kleavor\n|-damage|p1a: Glimmora|63\/100\n|-damage|p1b: Kleavor|18\/100 brn\n|-activate|p1a: Glimmora|ability: Toxic Debris\n|-sidestart|p2: Grunt2222222|move: Toxic Spikes\n|-enditem|p1a: Glimmora|Red Card|[of] p2a: Iron Hands\n|-end|p2a: Iron Hands|Quark Drive|[silent]\n|drag|p2a: Noivern|Noivern, M|100\/100\n|-damage|p2a: Noivern|76\/100|[from] Stealth Rock\n|move|p2b: Sableye|Will-O-Wisp|p1a: Glimmora|[miss]\n|-miss|p2b: Sableye|p1a: Glimmora\n|\n|-weather|Sandstorm|[upkeep]\n|-damage|p2a: Noivern|70\/100|[from] Sandstorm\n|-damage|p2b: Sableye|27\/100|[from] Sandstorm\n|-damage|p1b: Kleavor|11\/100 brn|[from] brn\n|upkeep\n|turn|4\n|inactive|Grunt2222222 has 120 seconds left.\n|\n|t:|1695160410\n|move|p2a: Noivern|Dragon Pulse|p1a: Glimmora\n|-damage|p1a: Glimmora|31\/100\n|move|p1a: Glimmora|Power Gem|p2a: Noivern\n|-supereffective|p2a: Noivern\n|-damage|p2a: Noivern|0 fnt\n|faint|p2a: Noivern\n|move|p1b: Kleavor|Stone Axe|p2b: Sableye\n|-damage|p2b: Sableye|4\/100\n|move|p2b: Sableye|Recover|p2b: Sableye\n|-heal|p2b: Sableye|54\/100\n|\n|-weather|Sandstorm|[upkeep]\n|-damage|p2b: Sableye|48\/100|[from] Sandstorm\n|-damage|p1b: Kleavor|5\/100 brn|[from] brn\n|upkeep\n|inactive|Grunt2222222 has 120 seconds left.\n|\n|t:|1695160424\n|switch|p2a: Amoonguss|Amoonguss, F|100\/100\n|-damage|p2a: Amoonguss|88\/100|[from] Stealth Rock\n|-sideend|p2: Grunt2222222|move: Toxic Spikes|[of] p2a: Amoonguss\n|turn|5\n|\n|t:|1695160437\n|move|p1a: Glimmora|Earth Power|p2a: Amoonguss\n|-damage|p2a: Amoonguss|59\/100\n|-unboost|p2a: Amoonguss|spd|1\n|move|p1b: Kleavor|X-Scissor|p2a: Amoonguss\n|-damage|p2a: Amoonguss|20\/100\n|move|p2a: Amoonguss|Spore|p1a: Glimmora\n|-status|p1a: Glimmora|slp|[from] move: Spore\n|move|p2b: Sableye|Recover|p2b: Sableye\n|-heal|p2b: Sableye|98\/100\n|\n|-weather|none\n|-heal|p2a: Amoonguss|27\/100|[from] item: Black Sludge\n|-damage|p1b: Kleavor|0 fnt|[from] brn\n|faint|p1b: Kleavor\n|upkeep\n|\n|t:|1695160454\n|switch|p1b: Tyranitar|Tyranitar, M|86\/100\n|-weather|Sandstorm|[from] ability: Sand Stream|[of] p1b: Tyranitar\n|turn|6\n|\n|t:|1695160470\n|cant|p1a: Glimmora|slp\n|move|p2a: Amoonguss|Spore|p1b: Tyranitar\n|-status|p1b: Tyranitar|slp|[from] move: Spore\n|move|p2b: Sableye|Will-O-Wisp||[still]\n|-fail|p2b: Sableye\n|cant|p1b: Tyranitar|slp\n|\n|-weather|Sandstorm|[upkeep]\n|-damage|p2a: Amoonguss|20\/100|[from] Sandstorm\n|-damage|p2b: Sableye|92\/100|[from] Sandstorm\n|-heal|p2a: Amoonguss|27\/100|[from] item: Black Sludge\n|upkeep\n|turn|7\n|\n|t:|1695160488\n|switch|p2a: Iron Hands|Iron Hands, tera:Fighting|94\/100\n|-damage|p2a: Iron Hands|88\/100|[from] Stealth Rock\n|cant|p1a: Glimmora|slp\n|-curestatus|p1b: Tyranitar|slp|[msg]\n|move|p1b: Tyranitar|Knock Off|p2a: Iron Hands\n|-resisted|p2a: Iron Hands\n|-damage|p2a: Iron Hands|78\/100\n|move|p2b: Sableye|Knock Off|p1b: Tyranitar\n|-resisted|p1b: Tyranitar\n|-damage|p1b: Tyranitar|77\/100\n|\n|-weather|Sandstorm|[upkeep]\n|-damage|p2a: Iron Hands|72\/100|[from] Sandstorm\n|-damage|p2b: Sableye|85\/100|[from] Sandstorm\n|upkeep\n|turn|8\n|inactive|ewbrammer91 has 120 seconds left.\n|\n|t:|1695160518\n|-curestatus|p1a: Glimmora|slp|[msg]\n|move|p1a: Glimmora|Power Gem|p2a: Iron Hands\n|-resisted|p2a: Iron Hands\n|-damage|p2a: Iron Hands|52\/100\n|move|p2a: Iron Hands|Rock Slide|p1b: Tyranitar|[spread] p1a,p1b\n|-damage|p1a: Glimmora|5\/100\n|-damage|p1b: Tyranitar|57\/100\n|-activate|p1a: Glimmora|ability: Toxic Debris\n|-sidestart|p2: Grunt2222222|move: Toxic Spikes\n|move|p2b: Sableye|Knock Off|p1b: Tyranitar\n|-resisted|p1b: Tyranitar\n|-damage|p1b: Tyranitar|48\/100\n|cant|p1b: Tyranitar|flinch\n|\n|-weather|Sandstorm|[upkeep]\n|-damage|p2a: Iron Hands|46\/100|[from] Sandstorm\n|-damage|p2b: Sableye|79\/100|[from] Sandstorm\n|upkeep\n|turn|9\n|inactive|ewbrammer91 has 120 seconds left.\n|\n|t:|1695160556\n|move|p1a: Glimmora|Venoshock|p2a: Iron Hands\n|-damage|p2a: Iron Hands|15\/100\n|move|p1b: Tyranitar|Earthquake|p2a: Iron Hands|[spread] p1a,p2a,p2b\n|-supereffective|p1a: Glimmora\n|-damage|p1a: Glimmora|0 fnt\n|-damage|p2a: Iron Hands|0 fnt\n|-damage|p2b: Sableye|55\/100\n|-activate|p1a: Glimmora|ability: Toxic Debris\n|-sidestart|p2: Grunt2222222|move: Toxic Spikes\n|faint|p1a: Glimmora\n|faint|p2a: Iron Hands\n|-end|p2a: Iron Hands|Quark Drive|[silent]\n|move|p2b: Sableye|Will-O-Wisp|p1b: Tyranitar\n|-status|p1b: Tyranitar|brn\n|\n|-weather|Sandstorm|[upkeep]\n|-damage|p2b: Sableye|49\/100|[from] Sandstorm\n|-damage|p1b: Tyranitar|42\/100 brn|[from] brn\n|upkeep\n|inactive|ewbrammer91 has 120 seconds left.\n|\n|t:|1695160573\n|switch|p1a: Tyrantrum|Tyrantrum, F|100\/100\n|switch|p2a: Amoonguss|Amoonguss, F|60\/100\n|-damage|p2a: Amoonguss|47\/100|[from] Stealth Rock\n|-sideend|p2: Grunt2222222|move: Toxic Spikes|[of] p2a: Amoonguss\n|turn|10\n|\n|t:|1695160593\n|move|p1a: Tyrantrum|Head Smash|p2b: Sableye\n|-damage|p2b: Sableye|0 fnt\n|faint|p2b: Sableye\n|move|p2a: Amoonguss|Spore|p1a: Tyrantrum\n|-status|p1a: Tyrantrum|slp|[from] move: Spore\n|move|p1b: Tyranitar|Dragon Tail|p2a: Amoonguss\n|-damage|p2a: Amoonguss|37\/100\n|drag|p2a: Salazzle|Salazzle, F|100\/100\n|-damage|p2a: Salazzle|76\/100|[from] Stealth Rock\n|\n|-weather|none\n|-damage|p1b: Tyranitar|36\/100 brn|[from] brn\n|upkeep\n|\n|t:|1695160601\n|switch|p2b: Amoonguss|Amoonguss, F|70\/100\n|-damage|p2b: Amoonguss|58\/100|[from] Stealth Rock\n|turn|11\n|\n|t:|1695160627\n|move|p2a: Salazzle|Sludge Wave|p1b: Tyranitar|[spread] p2b,p1a,p1b\n|-resisted|p1a: Tyrantrum\n|-resisted|p1b: Tyranitar\n|-damage|p2b: Amoonguss|20\/100\n|-damage|p1a: Tyrantrum|82\/100 slp\n|-damage|p1b: Tyranitar|15\/100 brn\n|move|p1b: Tyranitar|Earthquake|p2b: Amoonguss|[spread] p1a,p2a,p2b\n|-supereffective|p1a: Tyrantrum\n|-supereffective|p2a: Salazzle\n|-damage|p1a: Tyrantrum|62\/100 slp\n|-damage|p2a: Salazzle|0 fnt\n|-damage|p2b: Amoonguss|7\/100\n|faint|p2a: Salazzle\n|cant|p1a: Tyrantrum|slp\n|move|p2b: Amoonguss|Clear Smog|p1a: Tyrantrum\n|-resisted|p1a: Tyrantrum\n|-damage|p1a: Tyrantrum|52\/100 slp\n|-clearboost|p1a: Tyrantrum\n|\n|-heal|p2b: Amoonguss|13\/100|[from] item: Black Sludge\n|-damage|p1b: Tyranitar|9\/100 brn|[from] brn\n|upkeep\n|turn|12\n|\n|t:|1695160655\n|move|p1b: Tyranitar|Knock Off|p2b: Amoonguss\n|-damage|p2b: Amoonguss|0 fnt\n|-enditem|p2b: Amoonguss|Black Sludge|[from] move: Knock Off|[of] p1b: Tyranitar\n|faint|p2b: Amoonguss\n|\n|win|ewbrammer91\n|raw|ewbrammer91's rating: 1154 &rarr; <strong>1172<\/strong><br \/>(+18 for winning)\n|raw|Grunt2222222's rating: 1049 &rarr; <strong>1037<\/strong><br \/>(-12 for losing)\n|l|\u2606Grunt2222222\n","uploadtime":1695160664,"views":3,"p1id":"ewbrammer91","p2id":"grunt2222222","formatid":"gen9nationaldexdoubles","rating":1037,"private":0,"password":""}