{"id":"gen9nationaldexdoubles-1947393927","p1":"El Ryuk456","p2":"Oculars\u2655","format":"[Gen 9] National Dex Doubles","log":"|j|\u2606El Ryuk456\n|j|\u2606Oculars\u2655\n|t:|1695156864\n|gametype|doubles\n|player|p1|El Ryuk456|blaine|1319\n|player|p2|Oculars\u2655|lusamine-nihilego|1409\n|teamsize|p1|6\n|teamsize|p2|6\n|gen|9\n|tier|[Gen 9] National Dex Doubles\n|rated|\n|rule|HP Percentage Mod: HP is shown in percentages\n|rule|Endless Battle Clause: Forcing endless battles is banned\n|rule|OHKO Clause: OHKO moves are banned\n|rule|Evasion Moves Clause: Evasion moves are banned\n|rule|Evasion Abilities Clause: Evasion abilities are banned\n|rule|Species Clause: Limit one of each Pok\u00e9mon\n|rule|Gravity Sleep Clause: The combination of sleep-inducing moves with imperfect accuracy and Gravity or Gigantamax Orbeetle are banned\n|clearpoke\n|poke|p1|Sableye, M|\n|poke|p1|Mandibuzz, F|\n|poke|p1|Kleavor, M|\n|poke|p1|Samurott-Hisui, M|\n|poke|p1|Armarouge, M|\n|poke|p1|Skeledirge, M|\n|poke|p2|Audino, M|\n|poke|p2|Tapu Koko|\n|poke|p2|Celesteela|\n|poke|p2|Volcanion|\n|poke|p2|Kyurem-Black|\n|poke|p2|Marshadow|\n|teampreview\n|inactive|Battle timer is ON: inactive players will automatically lose when time's up. (requested by El Ryuk456)\n|\n|t:|1695156886\n|start\n|switch|p1a: Kaido|Kleavor, M|100\/100\n|switch|p1b: Bushii|Samurott-Hisui, M|100\/100\n|switch|p2a: Tapu Koko|Tapu Koko|100\/100\n|switch|p2b: Kyurem|Kyurem-Black|100\/100\n|-fieldstart|move: Electric Terrain|[from] ability: Electric Surge|[of] p2a: Tapu Koko\n|-ability|p2b: Kyurem|Teravolt\n|turn|1\n|\n|t:|1695156895\n|switch|p1b: Yami|Sableye, M|100\/100\n|move|p2a: Tapu Koko|Electroweb|p1b: Yami|[spread] p1b\n|-miss|p2a: Tapu Koko|p1a: Kaido\n|-damage|p1b: Yami|78\/100\n|-unboost|p1b: Yami|spe|1\n|move|p2b: Kyurem|Icicle Spear|p1a: Kaido\n|-damage|p1a: Kaido|83\/100\n|-damage|p1a: Kaido|68\/100\n|-damage|p1a: Kaido|50\/100\n|-damage|p1a: Kaido|32\/100\n|-hitcount|p1a: Kaido|4\n|move|p1a: Kaido|Stone Axe|p2b: Kyurem\n|-supereffective|p2b: Kyurem\n|-damage|p2b: Kyurem|1\/100\n|-sidestart|p2: Oculars\u2655|move: Stealth Rock\n|\n|upkeep\n|turn|2\n|\n|t:|1695156919\n|move|p2b: Kyurem|Protect|p2b: Kyurem\n|-singleturn|p2b: Kyurem|Protect\n|move|p1a: Kaido|Feint|p2b: Kyurem\n|-activate|p2b: Kyurem|move: Feint\n|-damage|p2b: Kyurem|0 fnt\n|faint|p2b: Kyurem\n|move|p1b: Yami|Light Screen|p1b: Yami\n|-sidestart|p1: El Ryuk456|move: Light Screen\n|move|p2a: Tapu Koko|Volt Switch|p1b: Yami\n|-damage|p1b: Yami|52\/100\n|\n|t:|1695156928\n|switch|p2a: Marshadow|Marshadow|100\/100|[from] Volt Switch\n|-damage|p2a: Marshadow|94\/100|[from] Stealth Rock\n|\n|upkeep\n|\n|t:|1695156932\n|switch|p2b: Tapu Koko|Tapu Koko|100\/100\n|-damage|p2b: Tapu Koko|88\/100|[from] Stealth Rock\n|turn|3\n|\n|t:|1695156951\n|move|p1b: Yami|Will-O-Wisp|p2a: Marshadow\n|-status|p2a: Marshadow|brn\n|move|p2b: Tapu Koko|Volt Switch|p1b: Yami\n|-damage|p1b: Yami|29\/100\n|\n|t:|1695156957\n|switch|p2b: Audino|Audino, M|100\/100|[from] Volt Switch\n|-damage|p2b: Audino|88\/100|[from] Stealth Rock\n|move|p2a: Marshadow|Spectral Thief|p1a: Kaido\n|-damage|p1a: Kaido|11\/100\n|move|p1a: Kaido|Stone Axe|p2b: Audino\n|-damage|p2b: Audino|44\/100\n|\n|-damage|p2a: Marshadow|88\/100 brn|[from] brn\n|upkeep\n|turn|4\n|\n|t:|1695156972\n|detailschange|p2b: Audino|Audino-Mega, M\n|-mega|p2b: Audino|Audino|Audinite\n|move|p1b: Yami|Reflect|p1b: Yami\n|-sidestart|p1: El Ryuk456|Reflect\n|move|p2a: Marshadow|Spectral Thief|p1a: Kaido\n|-damage|p1a: Kaido|0 fnt\n|faint|p1a: Kaido\n|move|p2b: Audino|Trick Room|p2b: Audino\n|-fieldstart|move: Trick Room|[of] p2b: Audino\n|\n|-activate|p2b: Audino|ability: Healer\n|-curestatus|p2a: Marshadow|brn|[msg]\n|upkeep\n|inactive|El Ryuk456 has 120 seconds left.\n|\n|t:|1695156998\n|switch|p1a: Rookie|Skeledirge, M|100\/100\n|turn|5\n|\n|t:|1695157005\n|-terastallize|p1a: Rookie|Water\n|move|p1b: Yami|Knock Off|p2a: Marshadow\n|-damage|p2a: Marshadow|66\/100\n|move|p2b: Audino|Toxic|p1a: Rookie\n|-status|p1a: Rookie|tox\n|move|p1a: Rookie|Torch Song|p2a: Marshadow\n|-damage|p2a: Marshadow|26\/100\n|-boost|p1a: Rookie|spa|1\n|-zpower|p2a: Marshadow\n|move|p2a: Marshadow|Soul-Stealing 7-Star Strike|p1a: Rookie|[zeffect]\n|-damage|p1a: Rookie|47\/100 tox\n|-enditem|p1a: Rookie|Sitrus Berry|[eat]\n|-heal|p1a: Rookie|72\/100 tox|[from] item: Sitrus Berry\n|\n|-damage|p1a: Rookie|66\/100 tox|[from] psn\n|-fieldend|move: Electric Terrain\n|upkeep\n|turn|6\n|\n|t:|1695157021\n|move|p2a: Marshadow|Shadow Sneak|p1b: Yami\n|-damage|p1b: Yami|2\/100\n|move|p1b: Yami|Knock Off|p2a: Marshadow\n|-crit|p2a: Marshadow\n|-damage|p2a: Marshadow|0 fnt\n|faint|p2a: Marshadow\n|move|p2b: Audino|Heal Pulse|p2: Marshadow|[notarget]\n|-fail|p2b: Audino\n|move|p1a: Rookie|Torch Song|p2b: Audino\n|-damage|p2b: Audino|14\/100\n|-boost|p1a: Rookie|spa|1\n|\n|-damage|p1a: Rookie|54\/100 tox|[from] psn\n|upkeep\n|\n|t:|1695157032\n|switch|p2a: Celesteela|Celesteela|100\/100\n|-damage|p2a: Celesteela|88\/100|[from] Stealth Rock\n|turn|7\n|\n|t:|1695157042\n|switch|p1b: Wildfire|Armarouge, M|100\/100\n|-terastallize|p2a: Celesteela|Dragon\n|move|p2b: Audino|Dazzling Gleam|p1a: Rookie|[spread] p1a,p1b\n|-resisted|p1b: Wildfire\n|-crit|p1b: Wildfire\n|-damage|p1a: Rookie|42\/100 tox\n|-damage|p1b: Wildfire|89\/100\n|move|p2a: Celesteela|Air Slash|p1b: Wildfire\n|-damage|p1b: Wildfire|66\/100\n|move|p1a: Rookie|Torch Song|p2b: Audino\n|-damage|p2b: Audino|0 fnt\n|-boost|p1a: Rookie|spa|1\n|faint|p2b: Audino\n|\n|-damage|p1a: Rookie|24\/100 tox|[from] psn\n|upkeep\n|\n|t:|1695157054\n|switch|p2b: Volcanion|Volcanion|100\/100\n|-damage|p2b: Volcanion|76\/100|[from] Stealth Rock\n|turn|8\n|\n|t:|1695157061\n|move|p2a: Celesteela|Meteor Beam||[still]\n|-prepare|p2a: Celesteela|Meteor Beam\n|-boost|p2a: Celesteela|spa|1\n|-enditem|p2a: Celesteela|Power Herb\n|-anim|p2a: Celesteela|Meteor Beam|p1b: Wildfire\n|-supereffective|p1b: Wildfire\n|-damage|p1b: Wildfire|0 fnt\n|faint|p1b: Wildfire\n|-ability|p2a: Celesteela|Beast Boost|boost\n|-boost|p2a: Celesteela|spa|1\n|move|p2b: Volcanion|Sludge Bomb|p1a: Rookie\n|-damage|p1a: Rookie|1\/100 tox\n|move|p1a: Rookie|Snarl|p2a: Celesteela|[spread] p2a,p2b\n|-damage|p2a: Celesteela|60\/100\n|-damage|p2b: Volcanion|54\/100\n|-unboost|p2a: Celesteela|spa|1\n|-unboost|p2b: Volcanion|spa|1\n|\n|-damage|p1a: Rookie|0 fnt|[from] psn\n|faint|p1a: Rookie\n|-fieldend|move: Trick Room\n|upkeep\n|\n|t:|1695157080\n|switch|p1b: Dai|Mandibuzz, F|100\/100\n|switch|p1a: Bushii|Samurott-Hisui, M|100\/100\n|turn|9\n|\n|t:|1695157096\n|move|p2a: Celesteela|Protect|p2a: Celesteela\n|-singleturn|p2a: Celesteela|Protect\n|move|p1b: Dai|Snarl|p2b: Volcanion|[spread] p2b\n|-activate|p2a: Celesteela|move: Protect\n|-damage|p2b: Volcanion|48\/100\n|-unboost|p2b: Volcanion|spa|1\n|move|p1a: Bushii|Ceaseless Edge|p2a: Celesteela\n|-activate|p2a: Celesteela|move: Protect\n|move|p2b: Volcanion|Steam Eruption|p1b: Dai\n|-damage|p1b: Dai|85\/100\n|\n|-heal|p1b: Dai|91\/100|[from] item: Leftovers\n|-sideend|p1: El Ryuk456|move: Light Screen\n|upkeep\n|turn|10\n|\n|t:|1695157116\n|switch|p2b: Tapu Koko|Tapu Koko|88\/100\n|-damage|p2b: Tapu Koko|76\/100|[from] Stealth Rock\n|-fieldstart|move: Electric Terrain|[from] ability: Electric Surge|[of] p2b: Tapu Koko\n|move|p1b: Dai|Snarl|p2b: Tapu Koko|[spread] p2a,p2b\n|-resisted|p2b: Tapu Koko\n|-damage|p2a: Celesteela|53\/100\n|-damage|p2b: Tapu Koko|73\/100\n|-unboost|p2a: Celesteela|spa|1\n|-unboost|p2b: Tapu Koko|spa|1\n|move|p1a: Bushii|Ceaseless Edge|p2a: Celesteela\n|-damage|p2a: Celesteela|14\/100\n|-sidestart|p2: Oculars\u2655|Spikes\n|move|p2a: Celesteela|Air Slash|p1a: Bushii\n|-damage|p1a: Bushii|74\/100\n|\n|-heal|p1b: Dai|97\/100|[from] item: Leftovers\n|upkeep\n|turn|11\n|\n|t:|1695157143\n|switch|p1a: Yami|Sableye, M|2\/100\n|move|p2a: Celesteela|Protect|p2a: Celesteela\n|-singleturn|p2a: Celesteela|Protect\n|move|p2b: Tapu Koko|Volt Switch|p1a: Yami\n|-damage|p1a: Yami|0 fnt\n|faint|p1a: Yami\n|\n|t:|1695157146\n|switch|p2b: Volcanion|Volcanion|48\/100|[from] Volt Switch\n|-damage|p2b: Volcanion|23\/100|[from] Stealth Rock\n|-damage|p2b: Volcanion|11\/100|[from] Spikes\n|move|p1b: Dai|Snarl|p2b: Volcanion|[spread] p2b\n|-activate|p2a: Celesteela|move: Protect\n|-damage|p2b: Volcanion|5\/100\n|-unboost|p2b: Volcanion|spa|1\n|\n|-heal|p1b: Dai|100\/100|[from] item: Leftovers\n|-sideend|p1: El Ryuk456|Reflect\n|upkeep\n|\n|t:|1695157161\n|switch|p1a: Bushii|Samurott-Hisui, M|74\/100\n|turn|12\n|\n|t:|1695157167\n|move|p1b: Dai|Snarl|p2b: Volcanion|[spread] p2a,p2b\n|-damage|p2a: Celesteela|6\/100\n|-damage|p2b: Volcanion|0 fnt\n|-unboost|p2a: Celesteela|spa|1\n|faint|p2b: Volcanion\n|move|p1a: Bushii|Ceaseless Edge|p2a: Celesteela\n|-damage|p2a: Celesteela|0 fnt\n|-sidestart|p2: Oculars\u2655|Spikes\n|faint|p2a: Celesteela\n|\n|upkeep\n|\n|t:|1695157175\n|switch|p2a: Tapu Koko|Tapu Koko|73\/100\n|-damage|p2a: Tapu Koko|60\/100|[from] Stealth Rock\n|-damage|p2a: Tapu Koko|44\/100|[from] Spikes\n|turn|13\n|c|\u2606Oculars\u2655|gg\n|\n|t:|1695157186\n|move|p1a: Bushii|Sucker Punch|p2a: Tapu Koko\n|-resisted|p2a: Tapu Koko\n|-damage|p2a: Tapu Koko|24\/100\n|move|p2a: Tapu Koko|Electroweb|p1a: Bushii|[spread] p1a,p1b\n|-supereffective|p1a: Bushii\n|-supereffective|p1b: Dai\n|-damage|p1a: Bushii|47\/100\n|-damage|p1b: Dai|75\/100\n|-unboost|p1a: Bushii|spe|1\n|-unboost|p1b: Dai|spe|1\n|move|p1b: Dai|Snarl|p2a: Tapu Koko\n|-resisted|p2a: Tapu Koko\n|-damage|p2a: Tapu Koko|19\/100\n|-unboost|p2a: Tapu Koko|spa|1\n|\n|-heal|p1b: Dai|81\/100|[from] item: Leftovers\n|upkeep\n|turn|14\n|-message|Oculars\u2655 forfeited.\n|\n|win|El Ryuk456\n|raw|El Ryuk456's rating: 1319 &rarr; <strong>1344<\/strong><br \/>(+25 for winning)\n|raw|Oculars\u2655's rating: 1409 &rarr; <strong>1384<\/strong><br \/>(-25 for losing)\n|l|\u2606Oculars\u2655\n","uploadtime":1695157203,"views":7,"p1id":"elryuk456","p2id":"oculars","formatid":"gen9nationaldexdoubles","rating":1344,"private":0,"password":""}