{"id":"gen9nationaldexdoubles-1962260323","p1":"PyTheCyberGuy","p2":"Penguin Stylez","format":"[Gen 9] National Dex Doubles","log":"|j|\u2606PyTheCyberGuy\n|j|\u2606Penguin Stylez\n|t:|1696723948\n|gametype|doubles\n|player|p1|PyTheCyberGuy|266|1204\n|player|p2|Penguin Stylez|265|1017\n|teamsize|p1|6\n|teamsize|p2|6\n|gen|9\n|tier|[Gen 9] National Dex Doubles\n|rated|\n|rule|HP Percentage Mod: HP is shown in percentages\n|rule|Endless Battle Clause: Forcing endless battles is banned\n|rule|OHKO Clause: OHKO moves are banned\n|rule|Evasion Moves Clause: Evasion moves are banned\n|rule|Evasion Abilities Clause: Evasion abilities are banned\n|rule|Species Clause: Limit one of each Pok\u00e9mon\n|rule|Gravity Sleep Clause: The combination of sleep-inducing moves with imperfect accuracy and Gravity or Gigantamax Orbeetle are banned\n|clearpoke\n|poke|p1|Pawmot, M|\n|poke|p1|Stonjourner, M|\n|poke|p1|Scizor, M|\n|poke|p1|Celesteela|\n|poke|p1|Cacturne, F|\n|poke|p1|Conkeldurr, F|\n|poke|p2|Fearow, F|\n|poke|p2|Scolipede, M|\n|poke|p2|Excadrill, F|\n|poke|p2|Clefable, M|\n|poke|p2|Volcarona, M|\n|poke|p2|Tapu Lele|\n|teampreview\n|\n|t:|1696723953\n|start\n|switch|p1a: Stonjourner|Stonjourner, M|100\/100\n|switch|p1b: Cacturne|Cacturne, F|100\/100\n|switch|p2a: Scolipede|Scolipede, M|100\/100\n|switch|p2b: Clefable|Clefable, M|100\/100\n|turn|1\n|\n|t:|1696723965\n|move|p2a: Scolipede|Protect|p2a: Scolipede\n|-singleturn|p2a: Scolipede|Protect\n|move|p1a: Stonjourner|Protect|p1a: Stonjourner\n|-singleturn|p1a: Stonjourner|Protect\n|move|p2b: Clefable|Encore|p1a: Stonjourner\n|-activate|p1a: Stonjourner|move: Protect\n|move|p1b: Cacturne|Role Play|p1a: Stonjourner\n|-endability|p1b: Cacturne|Water Absorb|[from] move: Role Play\n|-ability|p1b: Cacturne|Power Spot|[from] move: Role Play|[of] p1a: Stonjourner\n|\n|-ability|p2a: Scolipede|Speed Boost|boost\n|-boost|p2a: Scolipede|spe|1\n|upkeep\n|turn|2\n|\n|t:|1696723984\n|switch|p1b: Conkeldurr|Conkeldurr, F|100\/100\n|move|p2a: Scolipede|Swords Dance|p2a: Scolipede\n|-boost|p2a: Scolipede|atk|2\n|move|p1a: Stonjourner|Heavy Slam|p2b: Clefable\n|-supereffective|p2b: Clefable\n|-damage|p2b: Clefable|29\/100\n|move|p2b: Clefable|Encore|p1a: Stonjourner\n|-start|p1a: Stonjourner|Encore\n|\n|-ability|p2a: Scolipede|Speed Boost|boost\n|-boost|p2a: Scolipede|spe|1\n|upkeep\n|turn|3\n|\n|t:|1696724018\n|-terastallize|p1b: Conkeldurr|Fighting\n|move|p2a: Scolipede|Protect|p2a: Scolipede\n|-singleturn|p2a: Scolipede|Protect\n|move|p1b: Conkeldurr|Mach Punch|p2a: Scolipede\n|-activate|p2a: Scolipede|move: Protect\n|move|p1a: Stonjourner|Heavy Slam|p2b: Clefable\n|-supereffective|p2b: Clefable\n|-damage|p2b: Clefable|0 fnt\n|faint|p2b: Clefable\n|\n|-ability|p2a: Scolipede|Speed Boost|boost\n|-boost|p2a: Scolipede|spe|1\n|upkeep\n|\n|t:|1696724027\n|switch|p2b: Tapu Lele|Tapu Lele|100\/100\n|-fieldstart|move: Psychic Terrain|[from] ability: Psychic Surge|[of] p2b: Tapu Lele\n|turn|4\n|\n|t:|1696724042\n|switch|p1a: Cacturne|Cacturne, F|100\/100\n|move|p2a: Scolipede|Swords Dance|p2a: Scolipede\n|-boost|p2a: Scolipede|atk|2\n|move|p2b: Tapu Lele|Psychic|p1b: Conkeldurr\n|-supereffective|p1b: Conkeldurr\n|-damage|p1b: Conkeldurr|0 fnt\n|faint|p1b: Conkeldurr\n|\n|-ability|p2a: Scolipede|Speed Boost|boost\n|-boost|p2a: Scolipede|spe|1\n|upkeep\n|\n|t:|1696724058\n|switch|p1b: Pawmot|Pawmot, M|100\/100\n|turn|5\n|\n|t:|1696724067\n|move|p1a: Cacturne|Spiky Shield|p1a: Cacturne\n|-singleturn|p1a: Cacturne|move: Protect\n|move|p2b: Tapu Lele|Ally Switch|p2b: Tapu Lele\n|swap|p2b: Tapu Lele|0|[from] move: Ally Switch\n|move|p2b: Scolipede|Swords Dance|p2b: Scolipede\n|-boost|p2b: Scolipede|atk|2\n|move|p1b: Pawmot|Double Shock|p2a: Tapu Lele\n|-damage|p2a: Tapu Lele|5\/100\n|-start|p1b: Pawmot|typechange|???\/Fighting|[from] move: Double Shock\n|\n|-ability|p2b: Scolipede|Speed Boost|boost\n|-boost|p2b: Scolipede|spe|1\n|upkeep\n|turn|6\n|-message|PyTheCyberGuy forfeited.\n|\n|win|Penguin Stylez\n|raw|PyTheCyberGuy's rating: 1204 &rarr; <strong>1167<\/strong><br \/>(-37 for losing)\n|raw|Penguin Stylez's rating: 1017 &rarr; <strong>1073<\/strong><br \/>(+56 for winning)\n|l|\u2606PyTheCyberGuy\n","uploadtime":1696724083,"views":13,"p1id":"pythecyberguy","p2id":"penguinstylez","formatid":"gen9nationaldexdoubles","rating":1073,"private":0,"password":""}