{"id":"gen9nationaldexdoubles-1951240119","p1":"KJreppin64","p2":"wppoprpo","format":"[Gen 9] National Dex Doubles","log":"|j|\u2606KJreppin64\n|j|\u2606wppoprpo\n|t:|1695563769\n|gametype|doubles\n|player|p1|KJreppin64|2|1048\n|player|p2|wppoprpo|n-masters|1128\n|teamsize|p1|6\n|teamsize|p2|6\n|gen|9\n|tier|[Gen 9] National Dex Doubles\n|rated|\n|rule|HP Percentage Mod: HP is shown in percentages\n|rule|Endless Battle Clause: Forcing endless battles is banned\n|rule|OHKO Clause: OHKO moves are banned\n|rule|Evasion Moves Clause: Evasion moves are banned\n|rule|Evasion Abilities Clause: Evasion abilities are banned\n|rule|Species Clause: Limit one of each Pok\u00e9mon\n|rule|Gravity Sleep Clause: The combination of sleep-inducing moves with imperfect accuracy and Gravity or Gigantamax Orbeetle are banned\n|clearpoke\n|poke|p1|Ogerpon-Hearthflame, F|\n|poke|p1|Charizard, M|\n|poke|p1|Sinistcha-Masterpiece|\n|poke|p1|Ursaluna-Bloodmoon, M|\n|poke|p1|Arcanine-Hisui, F|\n|poke|p1|Baxcalibur, F|\n|poke|p2|Kartana|\n|poke|p2|Latios, M|\n|poke|p2|Eevee, M|\n|poke|p2|Amoonguss, F|\n|poke|p2|Medicham, F|\n|poke|p2|Alcremie-Ruby-Swirl, F|\n|teampreview\n|inactive|Battle timer is ON: inactive players will automatically lose when time's up. (requested by wppoprpo)\n|\n|t:|1695563779\n|start\n|switch|p1a: Ursaluna|Ursaluna-Bloodmoon, M|100\/100\n|switch|p1b: Ogerpon|Ogerpon-Hearthflame, F|100\/100\n|switch|p2a: Amoonguss|Amoonguss, F|100\/100\n|switch|p2b: Eevee|Eevee, M|100\/100\n|-ability|p1b: Ogerpon|Mold Breaker\n|turn|1\n|\n|t:|1695563794\n|move|p2a: Amoonguss|Rage Powder|p2a: Amoonguss\n|-singleturn|p2a: Amoonguss|move: Rage Powder\n|move|p1b: Ogerpon|Ivy Cudgel|p2a: Amoonguss\n|-supereffective|p2a: Amoonguss\n|-damage|p2a: Amoonguss|0 fnt\n|faint|p2a: Amoonguss\n|-zpower|p2b: Eevee\n|move|p2b: Eevee|Extreme Evoboost|p2b: Eevee\n|-boost|p2b: Eevee|atk|2\n|-boost|p2b: Eevee|def|2\n|-boost|p2b: Eevee|spa|2\n|-boost|p2b: Eevee|spd|2\n|-boost|p2b: Eevee|spe|2\n|move|p1a: Ursaluna|Blood Moon|p2b: Eevee\n|-damage|p2b: Eevee|58\/100\n|\n|upkeep\n|\n|t:|1695563812\n|switch|p2a: Medicham|Medicham, F|100\/100\n|turn|2\n|\n|t:|1695563828\n|move|p2a: Medicham|Protect|p2a: Medicham\n|-singleturn|p2a: Medicham|Protect\n|move|p1b: Ogerpon|Brick Break|p2b: Eevee\n|-supereffective|p2b: Eevee\n|-damage|p2b: Eevee|1\/100\n|move|p2b: Eevee|Baton Pass|p2b: Eevee\n|\n|t:|1695563836\n|switch|p2b: \u6781\u9650\u7269\u653b|Kartana, shiny|100\/100|[from] Baton Pass\n|move|p1a: Ursaluna|Hyper Voice|p2a: Medicham|[spread] p2b\n|-activate|p2a: Medicham|move: Protect\n|-resisted|p2b: \u6781\u9650\u7269\u653b\n|-crit|p2b: \u6781\u9650\u7269\u653b\n|-damage|p2b: \u6781\u9650\u7269\u653b|29\/100\n|\n|upkeep\n|turn|3\n|\n|t:|1695563854\n|-terastallize|p2b: \u6781\u9650\u7269\u653b|Grass\n|move|p1b: Ogerpon|Spiky Shield|p1b: Ogerpon\n|-singleturn|p1b: Ogerpon|move: Protect\n|move|p2b: \u6781\u9650\u7269\u653b|Razor Leaf|p1a: Ursaluna|[spread] p1a\n|-activate|p1b: Ogerpon|move: Protect\n|-supereffective|p1a: Ursaluna\n|-damage|p1a: Ursaluna|0 fnt\n|faint|p1a: Ursaluna\n|-ability|p2b: \u6781\u9650\u7269\u653b|Beast Boost|boost\n|-boost|p2b: \u6781\u9650\u7269\u653b|atk|1\n|move|p2a: Medicham|Skill Swap|p2b: \u6781\u9650\u7269\u653b\n|-activate|p2a: Medicham|move: Skill Swap|||[of] p2b: \u6781\u9650\u7269\u653b\n|\n|upkeep\n|inactive|KJreppin64 has 120 seconds left.\n|\n|t:|1695563875\n|switch|p1a: Charizard|Charizard, M, shiny|100\/100\n|turn|4\n|\n|t:|1695563891\n|detailschange|p1a: Charizard|Charizard-Mega-Y, M, shiny\n|-mega|p1a: Charizard|Charizard|Charizardite Y\n|-weather|SunnyDay|[from] ability: Drought|[of] p1a: Charizard\n|move|p2a: Medicham|Helping Hand|p2b: \u6781\u9650\u7269\u653b\n|-singleturn|p2b: \u6781\u9650\u7269\u653b|Helping Hand|[of] p2a: Medicham\n|move|p2b: \u6781\u9650\u7269\u653b|Razor Leaf|p1a: Charizard|[spread] p1a,p1b\n|-resisted|p1a: Charizard\n|-resisted|p1b: Ogerpon\n|-damage|p1a: Charizard|0 fnt\n|-damage|p1b: Ogerpon|0 fnt\n|faint|p1a: Charizard\n|faint|p1b: Ogerpon\n|\n|-weather|SunnyDay|[upkeep]\n|upkeep\n|c|\u2606wppoprpo|come on\n|\n|t:|1695563905\n|switch|p1b: Baxcalibur|Baxcalibur, F|100\/100\n|switch|p1a: Arcanine|Arcanine-Hisui, F, shiny|100\/100\n|-ability|p1a: Arcanine|Intimidate|boost\n|-unboost|p2a: Medicham|atk|1\n|-unboost|p2b: \u6781\u9650\u7269\u653b|atk|1\n|turn|5\n|\n|t:|1695563914\n|move|p2a: Medicham|Helping Hand|p2b: \u6781\u9650\u7269\u653b\n|-singleturn|p2b: \u6781\u9650\u7269\u653b|Helping Hand|[of] p2a: Medicham\n|move|p1b: Baxcalibur|Protect|p1b: Baxcalibur\n|-singleturn|p1b: Baxcalibur|Protect\n|move|p1a: Arcanine|Extreme Speed|p2b: \u6781\u9650\u7269\u653b\n|-damage|p2b: \u6781\u9650\u7269\u653b|18\/100\n|move|p2b: \u6781\u9650\u7269\u653b|Razor Leaf|p1a: Arcanine|[spread] p1a\n|-activate|p1b: Baxcalibur|move: Protect\n|-damage|p1a: Arcanine|0 fnt\n|faint|p1a: Arcanine\n|\n|-weather|SunnyDay|[upkeep]\n|upkeep\n|\n|t:|1695563927\n|switch|p1a: Sinistcha|Sinistcha-Masterpiece|100\/100\n|turn|6\n|\n|t:|1695563940\n|move|p2a: Medicham|Helping Hand|p2b: \u6781\u9650\u7269\u653b\n|-singleturn|p2b: \u6781\u9650\u7269\u653b|Helping Hand|[of] p2a: Medicham\n|move|p2b: \u6781\u9650\u7269\u653b|Razor Leaf|p1a: Sinistcha|[spread] p1a,p1b\n|-resisted|p1a: Sinistcha\n|-resisted|p1b: Baxcalibur\n|-damage|p1a: Sinistcha|0 fnt\n|-damage|p1b: Baxcalibur|0 fnt\n|faint|p1a: Sinistcha\n|faint|p1b: Baxcalibur\n|\n|win|wppoprpo\n|raw|KJreppin64's rating: 1048 &rarr; <strong>1035<\/strong><br \/>(-13 for losing)\n|raw|wppoprpo's rating: 1128 &rarr; <strong>1147<\/strong><br \/>(+19 for winning)\n|l|\u2606KJreppin64\n","uploadtime":1695563951,"views":51,"p1id":"kjreppin64","p2id":"wppoprpo","formatid":"gen9nationaldexdoubles","rating":1035,"private":0,"password":""}