{"id":"gen9nationaldexdoubles-1950012959","p1":"ZaZa297","p2":"kingspeed51","format":"[Gen 9] National Dex Doubles","log":"|j|\u2606ZaZa297\n|j|\u2606kingspeed51\n|t:|1695417345\n|gametype|doubles\n|player|p1|ZaZa297|2|1044\n|player|p2|kingspeed51|2|1207\n|teamsize|p1|6\n|teamsize|p2|6\n|gen|9\n|tier|[Gen 9] National Dex Doubles\n|rated|\n|rule|HP Percentage Mod: HP is shown in percentages\n|rule|Endless Battle Clause: Forcing endless battles is banned\n|rule|OHKO Clause: OHKO moves are banned\n|rule|Evasion Moves Clause: Evasion moves are banned\n|rule|Evasion Abilities Clause: Evasion abilities are banned\n|rule|Species Clause: Limit one of each Pok\u00e9mon\n|rule|Gravity Sleep Clause: The combination of sleep-inducing moves with imperfect accuracy and Gravity or Gigantamax Orbeetle are banned\n|clearpoke\n|poke|p1|Chandelure, M|\n|poke|p1|Serperior, F|\n|poke|p1|Sceptile, F|\n|poke|p1|Arboliva, M|\n|poke|p1|Obstagoon, F|\n|poke|p1|Fezandipiti, M|\n|poke|p2|Iron Treads|\n|poke|p2|Dragonite, M|\n|poke|p2|Milotic, F|\n|poke|p2|Sinistcha|\n|poke|p2|Klefki, M|\n|poke|p2|Chansey, F|\n|teampreview\n|\n|t:|1695417358\n|start\n|switch|p1a: Arboliva|Arboliva, M|100\/100\n|switch|p1b: Chandelure|Chandelure, M|100\/100\n|switch|p2a: Klefki|Klefki, M|100\/100\n|switch|p2b: Dragonite|Dragonite, M|100\/100\n|turn|1\n|\n|t:|1695417376\n|move|p2a: Klefki|Light Screen|p2a: Klefki\n|-sidestart|p2: kingspeed51|move: Light Screen\n|move|p1b: Chandelure|Will-O-Wisp|p2a: Klefki|[miss]\n|-miss|p1b: Chandelure|p2a: Klefki\n|move|p2b: Dragonite|Dual Wingbeat|p1a: Arboliva\n|-supereffective|p1a: Arboliva\n|-damage|p1a: Arboliva|42\/100\n|-fieldstart|move: Grassy Terrain|[from] ability: Seed Sower|[of] p1a: Arboliva\n|-supereffective|p1a: Arboliva\n|-damage|p1a: Arboliva|0 fnt\n|faint|p1a: Arboliva\n|-hitcount|p1: Arboliva|2\n|-damage|p2b: Dragonite|91\/100|[from] item: Life Orb\n|\n|upkeep\n|\n|t:|1695417384\n|switch|p1a: Fezandipiti|Fezandipiti, M|100\/100\n|turn|2\n|\n|t:|1695417406\n|-terastallize|p2b: Dragonite|Normal\n|move|p2a: Klefki|Reflect|p2a: Klefki\n|-sidestart|p2: kingspeed51|Reflect\n|move|p2b: Dragonite|Dual Wingbeat|p1b: Chandelure|[miss]\n|-miss|p2b: Dragonite|p1b: Chandelure\n|move|p1b: Chandelure|Will-O-Wisp|p2b: Dragonite\n|-status|p2b: Dragonite|brn\n|move|p1a: Fezandipiti|Tailwind|p1a: Fezandipiti\n|-sidestart|p1: ZaZa297|move: Tailwind\n|\n|-heal|p2b: Dragonite|97\/100 brn|[from] Grassy Terrain\n|-damage|p2b: Dragonite|91\/100 brn|[from] brn\n|upkeep\n|turn|3\n|\n|t:|1695417435\n|switch|p1b: Sceptile|Sceptile, F|100\/100\n|switch|p2a: Milotic|Milotic, F|100\/100\n|move|p1a: Fezandipiti|Dazzling Gleam|p2a: Milotic|[spread] p2a,p2b\n|-damage|p2a: Milotic|93\/100\n|-damage|p2b: Dragonite|79\/100 brn\n|move|p2b: Dragonite|Dual Wingbeat|p1b: Sceptile\n|-supereffective|p1b: Sceptile\n|-damage|p1b: Sceptile|53\/100\n|-supereffective|p1b: Sceptile\n|-damage|p1b: Sceptile|0 fnt\n|faint|p1b: Sceptile\n|-hitcount|p1: Sceptile|2\n|-damage|p2b: Dragonite|70\/100 brn|[from] item: Life Orb\n|\n|-heal|p2b: Dragonite|76\/100 brn|[from] Grassy Terrain\n|-heal|p2a: Milotic|99\/100|[from] Grassy Terrain\n|-damage|p2b: Dragonite|70\/100 brn|[from] brn\n|upkeep\n|\n|t:|1695417440\n|switch|p1b: Serperior|Serperior, F|100\/100\n|turn|4\n|\n|t:|1695417462\n|move|p2a: Milotic|Protect|p2a: Milotic\n|-singleturn|p2a: Milotic|Protect\n|move|p1b: Serperior|Leaf Storm|p2a: Milotic\n|-activate|p2a: Milotic|move: Protect\n|move|p1a: Fezandipiti|Sludge Bomb|p2b: Dragonite\n|-damage|p2b: Dragonite|52\/100 brn\n|move|p2b: Dragonite|Dual Wingbeat|p1b: Serperior\n|-supereffective|p1b: Serperior\n|-damage|p1b: Serperior|66\/100\n|-supereffective|p1b: Serperior\n|-damage|p1b: Serperior|32\/100\n|-hitcount|p1b: Serperior|2\n|-damage|p2b: Dragonite|42\/100 brn|[from] item: Life Orb\n|\n|-heal|p1b: Serperior|38\/100|[from] Grassy Terrain\n|-heal|p2b: Dragonite|48\/100 brn|[from] Grassy Terrain\n|-heal|p2a: Milotic|100\/100|[from] Grassy Terrain\n|-damage|p2b: Dragonite|42\/100 brn|[from] brn\n|upkeep\n|turn|5\n|\n|t:|1695417483\n|switch|p2a: Sinistcha|Sinistcha|100\/100\n|-heal|p2b: Dragonite|67\/100 brn|[from] ability: Hospitality|[of] p2a: Sinistcha\n|move|p1b: Serperior|Solar Beam||[still]\n|-prepare|p1b: Serperior|Solar Beam\n|-enditem|p1b: Serperior|Power Herb\n|-anim|p1b: Serperior|Solar Beam|p2a: Sinistcha\n|-resisted|p2a: Sinistcha\n|-damage|p2a: Sinistcha|85\/100\n|move|p1a: Fezandipiti|Dazzling Gleam|p2b: Dragonite|[spread] p2a,p2b\n|-damage|p2a: Sinistcha|77\/100\n|-damage|p2b: Dragonite|57\/100 brn\n|move|p2b: Dragonite|Outrage|p1a: Fezandipiti\n|-immune|p1a: Fezandipiti\n|\n|-heal|p1b: Serperior|44\/100|[from] Grassy Terrain\n|-heal|p2b: Dragonite|63\/100 brn|[from] Grassy Terrain\n|-heal|p2a: Sinistcha|83\/100|[from] Grassy Terrain\n|-damage|p2b: Dragonite|57\/100 brn|[from] brn\n|-sideend|p1: ZaZa297|move: Tailwind\n|upkeep\n|turn|6\n|\n|t:|1695417512\n|move|p2a: Sinistcha|Protect|p2a: Sinistcha\n|-singleturn|p2a: Sinistcha|Protect\n|move|p2b: Dragonite|Extreme Speed|p1b: Serperior\n|-damage|p1b: Serperior|10\/100\n|-damage|p2b: Dragonite|47\/100 brn|[from] item: Life Orb\n|move|p1b: Serperior|Leaf Storm|p2b: Dragonite\n|-damage|p2b: Dragonite|5\/100 brn\n|-boost|p1b: Serperior|spa|2\n|move|p1a: Fezandipiti|Sludge Bomb|p2a: Sinistcha\n|-activate|p2a: Sinistcha|move: Protect\n|\n|-heal|p1b: Serperior|16\/100|[from] Grassy Terrain\n|-heal|p2b: Dragonite|11\/100 brn|[from] Grassy Terrain\n|-heal|p2a: Sinistcha|89\/100|[from] Grassy Terrain\n|-damage|p2b: Dragonite|5\/100 brn|[from] brn\n|upkeep\n|turn|7\n|\n|t:|1695417533\n|switch|p2a: Milotic|Milotic, F|100\/100\n|move|p2b: Dragonite|Extreme Speed|p1b: Serperior\n|-damage|p1b: Serperior|0 fnt\n|faint|p1b: Serperior\n|-damage|p2b: Dragonite|0 fnt|[from] item: Life Orb\n|faint|p2b: Dragonite\n|move|p1a: Fezandipiti|Tailwind|p1a: Fezandipiti\n|-sidestart|p1: ZaZa297|move: Tailwind\n|\n|upkeep\n|\n|t:|1695417545\n|switch|p1b: Obstagoon|Obstagoon, F|100\/100\n|switch|p2b: Klefki|Klefki, M|100\/100\n|turn|8\n|\n|t:|1695417563\n|move|p1b: Obstagoon|Facade|p2b: Klefki\n|-resisted|p2b: Klefki\n|-damage|p2b: Klefki|89\/100\n|move|p1a: Fezandipiti|Sludge Bomb|p2a: Milotic\n|-damage|p2a: Milotic|89\/100\n|move|p2a: Milotic|Scald|p1b: Obstagoon\n|-damage|p1b: Obstagoon|64\/100\n|move|p2b: Klefki|Dazzling Gleam|p1b: Obstagoon|[spread] p1a,p1b\n|-resisted|p1a: Fezandipiti\n|-supereffective|p1b: Obstagoon\n|-damage|p1a: Fezandipiti|96\/100\n|-damage|p1b: Obstagoon|22\/100\n|\n|-heal|p1b: Obstagoon|28\/100|[from] Grassy Terrain\n|-heal|p1a: Fezandipiti|100\/100|[from] Grassy Terrain\n|-heal|p2a: Milotic|95\/100|[from] Grassy Terrain\n|-heal|p2b: Klefki|95\/100|[from] Grassy Terrain\n|-sideend|p2: kingspeed51|move: Light Screen\n|-fieldend|move: Grassy Terrain\n|-status|p1b: Obstagoon|brn|[from] item: Flame Orb\n|upkeep\n|turn|9\n|\n|t:|1695417588\n|move|p2b: Klefki|Light Screen|p2b: Klefki\n|-sidestart|p2: kingspeed51|move: Light Screen\n|move|p1b: Obstagoon|Switcheroo|p2b: Klefki\n|-activate|p1b: Obstagoon|move: Trick|[of] p2b: Klefki\n|-item|p2b: Klefki|Flame Orb|[from] move: Switcheroo\n|-item|p1b: Obstagoon|Light Clay|[from] move: Switcheroo\n|move|p1a: Fezandipiti|Dazzling Gleam|p2a: Milotic|[spread] p2a,p2b\n|-resisted|p2b: Klefki\n|-damage|p2a: Milotic|88\/100\n|-damage|p2b: Klefki|91\/100\n|-status|p2a: Milotic|tox|[from] ability: Toxic Chain|[of] p1a: Fezandipiti\n|move|p2a: Milotic|Scald|p1a: Fezandipiti\n|-damage|p1a: Fezandipiti|83\/100\n|\n|-damage|p2a: Milotic|82\/100 tox|[from] psn\n|-damage|p1b: Obstagoon|22\/100 brn|[from] brn\n|-sideend|p2: kingspeed51|Reflect\n|-status|p2b: Klefki|brn|[from] item: Flame Orb\n|upkeep\n|turn|10\n|\n|t:|1695417607\n|move|p1b: Obstagoon|Facade|p2a: Milotic\n|-damage|p2a: Milotic|13\/100 tox\n|move|p1a: Fezandipiti|Dazzling Gleam|p2b: Klefki|[spread] p2a,p2b\n|-resisted|p2b: Klefki\n|-damage|p2a: Milotic|5\/100 tox\n|-damage|p2b: Klefki|86\/100 brn\n|move|p2a: Milotic|Scald|p1a: Fezandipiti\n|-damage|p1a: Fezandipiti|65\/100\n|move|p2b: Klefki|Dazzling Gleam|p1a: Fezandipiti|[spread] p1a,p1b\n|-resisted|p1a: Fezandipiti\n|-supereffective|p1b: Obstagoon\n|-damage|p1a: Fezandipiti|60\/100\n|-damage|p1b: Obstagoon|0 fnt\n|faint|p1b: Obstagoon\n|\n|-damage|p2a: Milotic|0 fnt|[from] psn\n|faint|p2a: Milotic\n|-damage|p2b: Klefki|80\/100 brn|[from] brn\n|-sideend|p1: ZaZa297|move: Tailwind\n|upkeep\n|\n|t:|1695417624\n|switch|p1b: Chandelure|Chandelure, M|100\/100\n|switch|p2a: Iron Treads|Iron Treads|100\/100\n|-enditem|p2a: Iron Treads|Booster Energy\n|-activate|p2a: Iron Treads|ability: Quark Drive|[fromitem]\n|-start|p2a: Iron Treads|quarkdrivespe\n|turn|11\n|\n|t:|1695417642\n|-terastallize|p1b: Chandelure|Water\n|move|p2b: Klefki|Reflect|p2b: Klefki\n|-sidestart|p2: kingspeed51|Reflect\n|move|p2a: Iron Treads|Earthquake|p1b: Chandelure|[spread] p2b,p1a,p1b\n|-supereffective|p2b: Klefki\n|-supereffective|p1a: Fezandipiti\n|-damage|p2b: Klefki|33\/100 brn\n|-damage|p1a: Fezandipiti|0 fnt\n|-damage|p1b: Chandelure|49\/100\n|faint|p1a: Fezandipiti\n|move|p1b: Chandelure|Tera Blast|p2a: Iron Treads|[anim] Tera Blast Water\n|-supereffective|p2a: Iron Treads\n|-damage|p2a: Iron Treads|15\/100\n|\n|-damage|p2b: Klefki|27\/100 brn|[from] brn\n|upkeep\n|turn|12\n|\n|t:|1695417658\n|move|p2a: Iron Treads|Knock Off|p1b: Chandelure\n|-damage|p1b: Chandelure|8\/100\n|-enditem|p1b: Chandelure|Charcoal|[from] move: Knock Off|[of] p2a: Iron Treads\n|move|p1b: Chandelure|Tera Blast|p2a: Iron Treads|[anim] Tera Blast Water\n|-supereffective|p2a: Iron Treads\n|-damage|p2a: Iron Treads|0 fnt\n|faint|p2a: Iron Treads\n|-end|p2a: Iron Treads|Quark Drive|[silent]\n|move|p2b: Klefki|Dazzling Gleam|p1b: Chandelure\n|-damage|p1b: Chandelure|0 fnt\n|faint|p1b: Chandelure\n|\n|win|kingspeed51\n|raw|ZaZa297's rating: 1044 &rarr; <strong>1035<\/strong><br \/>(-9 for losing)\n|raw|kingspeed51's rating: 1207 &rarr; <strong>1221<\/strong><br \/>(+14 for winning)\n","uploadtime":1695417672,"views":7,"p1id":"zaza297","p2id":"kingspeed51","formatid":"gen9nationaldexdoubles","rating":1035,"private":0,"password":""}