{"id":"gen9nationaldexdoubles-1956767555","p1":"Epilepsy Espeon","p2":"aYUNsang","format":"[Gen 9] National Dex Doubles","log":"|j|\u2606Epilepsy Espeon\n|j|\u2606aYUNsang\n|t:|1696148618\n|gametype|doubles\n|player|p1|Epilepsy Espeon|psychic-gen4|1036\n|player|p2|aYUNsang|sage|1072\n|teamsize|p1|6\n|teamsize|p2|6\n|gen|9\n|tier|[Gen 9] National Dex Doubles\n|rated|\n|rule|HP Percentage Mod: HP is shown in percentages\n|rule|Endless Battle Clause: Forcing endless battles is banned\n|rule|OHKO Clause: OHKO moves are banned\n|rule|Evasion Moves Clause: Evasion moves are banned\n|rule|Evasion Abilities Clause: Evasion abilities are banned\n|rule|Species Clause: Limit one of each Pok\u00e9mon\n|rule|Gravity Sleep Clause: The combination of sleep-inducing moves with imperfect accuracy and Gravity or Gigantamax Orbeetle are banned\n|clearpoke\n|poke|p1|Vaporeon, M|\n|poke|p1|Gastrodon, M|\n|poke|p1|Corsola, F|\n|poke|p1|Milotic, F|\n|poke|p1|Alomomola, F|\n|poke|p1|Slowbro, M|\n|poke|p2|Tyranitar, F|\n|poke|p2|Garganacl, F|\n|poke|p2|Iron Thorns|\n|poke|p2|Naclstack, F|\n|poke|p2|Lycanroc, F|\n|poke|p2|Glimmet, M|\n|teampreview\n|inactive|Battle timer is ON: inactive players will automatically lose when time's up. (requested by Epilepsy Espeon)\n|inactive|aYUNsang has 120 seconds left.\n|\n|t:|1696148657\n|start\n|switch|p1a: Vaporeon|Vaporeon, M|100\/100\n|switch|p1b: Alomomola|Alomomola, F|100\/100\n|switch|p2a: Glimmet|Glimmet, M|100\/100\n|switch|p2b: Naclstack|Naclstack, F|100\/100\n|turn|1\n|\n|t:|1696148683\n|move|p2a: Glimmet|Stealth Rock|p1a: Vaporeon\n|-sidestart|p1: Epilepsy Espeon|move: Stealth Rock\n|move|p1a: Vaporeon|Acid Armor|p1a: Vaporeon\n|-boost|p1a: Vaporeon|def|2\n|move|p1b: Alomomola|Aqua Ring|p1b: Alomomola\n|-start|p1b: Alomomola|Aqua Ring\n|move|p2b: Naclstack|Salt Cure|p1a: Vaporeon\n|-damage|p1a: Vaporeon|95\/100\n|-start|p1a: Vaporeon|Salt Cure\n|\n|-heal|p1a: Vaporeon|100\/100|[from] item: Leftovers\n|-damage|p1a: Vaporeon|76\/100|[from] Salt Cure\n|upkeep\n|turn|2\n|\n|t:|1696148709\n|move|p2a: Glimmet|Sludge Bomb|p1b: Alomomola\n|-damage|p1b: Alomomola|51\/100\n|move|p1a: Vaporeon|Calm Mind|p1a: Vaporeon\n|-boost|p1a: Vaporeon|spa|1\n|-boost|p1a: Vaporeon|spd|1\n|move|p1b: Alomomola|Chilling Water|p2b: Naclstack\n|-supereffective|p2b: Naclstack\n|-damage|p2b: Naclstack|74\/100\n|-unboost|p2b: Naclstack|atk|1\n|move|p2b: Naclstack|Sandstorm|p2b: Naclstack\n|-weather|Sandstorm\n|\n|-weather|Sandstorm|[upkeep]\n|-damage|p1a: Vaporeon|70\/100|[from] Sandstorm\n|-damage|p1b: Alomomola|45\/100|[from] Sandstorm\n|-heal|p1b: Alomomola|51\/100|[from] item: Leftovers\n|-heal|p1a: Vaporeon|76\/100|[from] item: Leftovers\n|-heal|p1b: Alomomola|57\/100|[from] Aqua Ring\n|-damage|p1a: Vaporeon|51\/100|[from] Salt Cure\n|upkeep\n|turn|3\n|\n|t:|1696148725\n|move|p2a: Glimmet|Spikes|p1b: Alomomola\n|-sidestart|p1: Epilepsy Espeon|Spikes\n|move|p1b: Alomomola|Chilling Water|p2b: Naclstack\n|-supereffective|p2b: Naclstack\n|-damage|p2b: Naclstack|59\/100\n|-unboost|p2b: Naclstack|atk|1\n|move|p1a: Vaporeon|Baton Pass|p1a: Vaporeon\n|\n|t:|1696148737\n|switch|p1a: Corsola|Corsola, F|100\/100|[from] Baton Pass\n|-damage|p1a: Corsola|88\/100|[from] Stealth Rock\n|-damage|p1a: Corsola|76\/100|[from] Spikes\n|move|p2b: Naclstack|Salt Cure|p1b: Alomomola\n|-damage|p1b: Alomomola|54\/100\n|-start|p1b: Alomomola|Salt Cure\n|\n|-weather|Sandstorm|[upkeep]\n|-damage|p1b: Alomomola|48\/100|[from] Sandstorm\n|-heal|p1b: Alomomola|54\/100|[from] item: Leftovers\n|-heal|p1b: Alomomola|60\/100|[from] Aqua Ring\n|-damage|p1b: Alomomola|35\/100|[from] Salt Cure\n|upkeep\n|turn|4\n|\n|t:|1696148749\n|move|p2a: Glimmet|Sludge Bomb|p1a: Corsola\n|-resisted|p1a: Corsola\n|-crit|p1a: Corsola\n|-damage|p1a: Corsola|57\/100\n|-status|p1a: Corsola|psn\n|move|p1b: Alomomola|Chilling Water|p2b: Naclstack\n|-supereffective|p2b: Naclstack\n|-damage|p2b: Naclstack|41\/100\n|-unboost|p2b: Naclstack|atk|1\n|move|p2b: Naclstack|Salt Cure|p1a: Corsola\n|-damage|p1a: Corsola|55\/100 psn\n|-start|p1a: Corsola|Salt Cure\n|move|p1a: Corsola|Ingrain|p1a: Corsola\n|-start|p1a: Corsola|move: Ingrain\n|\n|-weather|Sandstorm|[upkeep]\n|-damage|p1b: Alomomola|29\/100|[from] Sandstorm\n|-heal|p1b: Alomomola|35\/100|[from] item: Leftovers\n|-heal|p1b: Alomomola|41\/100|[from] Aqua Ring\n|-heal|p1a: Corsola|63\/100 psn|[from] Ingrain\n|-damage|p1a: Corsola|51\/100 psn|[from] psn\n|-damage|p1b: Alomomola|16\/100|[from] Salt Cure\n|-damage|p1a: Corsola|26\/100 psn|[from] Salt Cure\n|upkeep\n|turn|5\n|\n|t:|1696148775\n|-terastallize|p1a: Corsola|Steel\n|move|p2a: Glimmet|Sludge Bomb|p1b: Alomomola\n|-damage|p1b: Alomomola|0 fnt\n|faint|p1b: Alomomola\n|move|p2b: Naclstack|Recover|p2b: Naclstack\n|-heal|p2b: Naclstack|91\/100\n|move|p1a: Corsola|Aqua Ring|p1a: Corsola\n|-start|p1a: Corsola|Aqua Ring\n|\n|-weather|Sandstorm|[upkeep]\n|-heal|p1a: Corsola|34\/100 psn|[from] Aqua Ring\n|-heal|p1a: Corsola|42\/100 psn|[from] Ingrain\n|-damage|p1a: Corsola|29\/100 psn|[from] psn\n|-damage|p1a: Corsola|4\/100 psn|[from] Salt Cure\n|upkeep\n|inactive|Epilepsy Espeon has 120 seconds left.\n|\n|t:|1696148787\n|switch|p1b: Gastrodon|Gastrodon, M|100\/100\n|-damage|p1b: Gastrodon|94\/100|[from] Stealth Rock\n|-damage|p1b: Gastrodon|82\/100|[from] Spikes\n|turn|6\n|\n|t:|1696148798\n|move|p2a: Glimmet|Sludge Bomb|p1b: Gastrodon\n|-resisted|p1b: Gastrodon\n|-damage|p1b: Gastrodon|68\/100\n|-status|p1b: Gastrodon|psn\n|move|p1b: Gastrodon|Earth Power|p2a: Glimmet\n|-supereffective|p2a: Glimmet\n|-enditem|p2a: Glimmet|Focus Sash\n|-damage|p2a: Glimmet|1\/100\n|move|p2b: Naclstack|Salt Cure|p1b: Gastrodon\n|-resisted|p1b: Gastrodon\n|-damage|p1b: Gastrodon|66\/100 psn\n|-start|p1b: Gastrodon|Salt Cure\n|move|p1a: Corsola|Refresh|p1a: Corsola\n|-curestatus|p1a: Corsola|psn|[msg]\n|\n|-weather|none\n|-heal|p1a: Corsola|12\/100|[from] Aqua Ring\n|-heal|p1a: Corsola|20\/100|[from] Ingrain\n|-damage|p1b: Gastrodon|53\/100 psn|[from] psn\n|-damage|p1b: Gastrodon|28\/100 psn|[from] Salt Cure\n|-damage|p1a: Corsola|0 fnt|[from] Salt Cure\n|faint|p1a: Corsola\n|upkeep\n|inactive|Epilepsy Espeon has 120 seconds left.\n|\n|t:|1696148818\n|switch|p1a: Slowbro|Slowbro, M|100\/100\n|-damage|p1a: Slowbro|88\/100|[from] Stealth Rock\n|-damage|p1a: Slowbro|76\/100|[from] Spikes\n|turn|7\n|\n|t:|1696148829\n|move|p2a: Glimmet|Sludge Bomb|p1a: Slowbro\n|-damage|p1a: Slowbro|47\/100\n|move|p1b: Gastrodon|Surf|p2a: Glimmet|[spread] p1a,p2a,p2b\n|-resisted|p1a: Slowbro\n|-supereffective|p2a: Glimmet\n|-supereffective|p2b: Naclstack\n|-damage|p1a: Slowbro|37\/100\n|-damage|p2a: Glimmet|0 fnt\n|-damage|p2b: Naclstack|42\/100\n|faint|p2a: Glimmet\n|move|p2b: Naclstack|Salt Cure|p1a: Slowbro\n|-damage|p1a: Slowbro|33\/100\n|-start|p1a: Slowbro|Salt Cure\n|move|p1a: Slowbro|Psychic|p2b: Naclstack\n|-damage|p2b: Naclstack|7\/100\n|\n|-damage|p1b: Gastrodon|16\/100 psn|[from] psn\n|-damage|p1b: Gastrodon|0 fnt|[from] Salt Cure\n|faint|p1b: Gastrodon\n|-damage|p1a: Slowbro|9\/100|[from] Salt Cure\n|upkeep\n|\n|t:|1696148854\n|switch|p2a: Tyranitar|Tyranitar, F|100\/100\n|switch|p1b: Vaporeon|Vaporeon, M|51\/100\n|-weather|Sandstorm|[from] ability: Sand Stream|[of] p2a: Tyranitar\n|-damage|p1b: Vaporeon|39\/100|[from] Stealth Rock\n|-damage|p1b: Vaporeon|26\/100|[from] Spikes\n|turn|8\n|\n|t:|1696148861\n|detailschange|p2a: Tyranitar|Tyranitar-Mega, F\n|-mega|p2a: Tyranitar|Tyranitar|Tyranitarite\n|move|p2a: Tyranitar|Rock Slide|p1b: Vaporeon|[spread] p1a,p1b\n|-damage|p1a: Slowbro|0 fnt\n|-damage|p1b: Vaporeon|0 fnt\n|faint|p1a: Slowbro\n|faint|p1b: Vaporeon\n|move|p2b: Naclstack|Recover|p2b: Naclstack\n|-heal|p2b: Naclstack|57\/100\n|\n|-weather|Sandstorm|[upkeep]\n|upkeep\n|\n|t:|1696148867\n|switch|p1b: Milotic|Milotic, F|100\/100\n|-damage|p1b: Milotic|88\/100|[from] Stealth Rock\n|-damage|p1b: Milotic|76\/100|[from] Spikes\n|turn|9\n|\n|t:|1696148880\n|move|p2a: Tyranitar|Knock Off|p1b: Milotic\n|-damage|p1b: Milotic|0 fnt\n|-enditem|p1b: Milotic|Leftovers|[from] move: Knock Off|[of] p2a: Tyranitar\n|faint|p1b: Milotic\n|\n|win|aYUNsang\n|raw|Epilepsy Espeon's rating: 1036 &rarr; <strong>1022<\/strong><br \/>(-14 for losing)\n|raw|aYUNsang's rating: 1072 &rarr; <strong>1098<\/strong><br \/>(+26 for winning)\n|l|\u2606Epilepsy Espeon\n","uploadtime":1696148888,"views":16,"p1id":"epilepsyespeon","p2id":"ayunsang","formatid":"gen9nationaldexdoubles","rating":1022,"private":0,"password":""}