{"id":"gen9nationaldexdoubles-1964486657","p1":"Sc4rletQu33n","p2":"PokeGal1239","format":"[Gen 9] National Dex Doubles","log":"|j|\u2606Sc4rletQu33n\n|j|\u2606PokeGal1239\n|t:|1696972949\n|gametype|doubles\n|player|p1|Sc4rletQu33n|cynthia-gen4|1012\n|player|p2|PokeGal1239|misty|1000\n|teamsize|p1|6\n|teamsize|p2|6\n|gen|9\n|tier|[Gen 9] National Dex Doubles\n|rated|\n|rule|HP Percentage Mod: HP is shown in percentages\n|rule|Endless Battle Clause: Forcing endless battles is banned\n|rule|OHKO Clause: OHKO moves are banned\n|rule|Evasion Moves Clause: Evasion moves are banned\n|rule|Evasion Abilities Clause: Evasion abilities are banned\n|rule|Species Clause: Limit one of each Pok\u00e9mon\n|rule|Gravity Sleep Clause: The combination of sleep-inducing moves with imperfect accuracy and Gravity or Gigantamax Orbeetle are banned\n|clearpoke\n|poke|p1|Medicham, M|\n|poke|p1|Regigigas|\n|poke|p1|Landorus-Therian, M|\n|poke|p1|Venusaur, M|\n|poke|p1|Incineroar, M|\n|poke|p1|Basculegion-F, F|\n|poke|p2|Sawsbuck-Autumn, M|\n|poke|p2|Appletun, M|\n|poke|p2|Gourgeist-*, M|\n|poke|p2|Mudsdale, M|\n|poke|p2|Honchkrow, M|\n|poke|p2|Pachirisu, M|\n|teampreview\n|\n|t:|1696972959\n|start\n|switch|p1a: Medicham|Medicham, M|100\/100\n|switch|p1b: Regigigas|Regigigas|100\/100\n|switch|p2a: Verne|Sawsbuck-Autumn, M|100\/100\n|switch|p2b: Big M|Appletun, M|100\/100\n|-start|p1b: Regigigas|ability: Slow Start\n|turn|1\n|\n|t:|1696973011\n|move|p2a: Verne|Zen Headbutt|p1a: Medicham\n|-damage|p1a: Medicham|62\/100\n|cant|p1a: Medicham|flinch\n|move|p1b: Regigigas|Return|p2b: Big M\n|-damage|p2b: Big M|62\/100\n|move|p2b: Big M|Dragon Pulse|p1b: Regigigas\n|-damage|p1b: Regigigas|75\/100\n|\n|-heal|p2b: Big M|68\/100|[from] item: Leftovers\n|upkeep\n|turn|2\n|\n|t:|1696973030\n|move|p2a: Verne|Zen Headbutt|p1a: Medicham\n|-damage|p1a: Medicham|20\/100\n|move|p1a: Medicham|Skill Swap|p1b: Regigigas\n|-activate|p1a: Medicham|move: Skill Swap|||[of] p1b: Regigigas\n|-end|p1b: Regigigas|Slow Start|[silent]\n|-start|p1a: Medicham|ability: Slow Start\n|move|p1b: Regigigas|Return|p2b: Big M\n|-damage|p2b: Big M|0 fnt\n|faint|p2b: Big M\n|\n|upkeep\n|\n|t:|1696973057\n|switch|p2b: Clyde|Mudsdale, M|100\/100\n|turn|3\n|\n|t:|1696973068\n|move|p1a: Medicham|Bullet Punch|p2a: Verne\n|-damage|p2a: Verne|94\/100\n|move|p1b: Regigigas|Drain Punch|p2a: Verne\n|-supereffective|p2a: Verne\n|-damage|p2a: Verne|0 fnt\n|-heal|p1b: Regigigas|100\/100|[from] drain|[of] p2a: Verne\n|faint|p2a: Verne\n|move|p2b: Clyde|Earthquake|p1a: Medicham|[spread] p1a,p1b\n|-damage|p1a: Medicham|0 fnt\n|-damage|p1b: Regigigas|75\/100\n|faint|p1a: Medicham\n|-end|p1a: Medicham|Slow Start|[silent]\n|\n|upkeep\n|\n|t:|1696973101\n|switch|p2a: Jack|Gourgeist-Super, M|100\/100\n|switch|p1a: Landorus|Landorus-Therian, M|100\/100\n|-ability|p1a: Landorus|Intimidate|boost\n|-unboost|p2a: Jack|atk|1\n|-unboost|p2b: Clyde|atk|1\n|-item|p1a: Landorus|Leftovers|[from] ability: Frisk|[of] p2a: Jack|[identify]\n|-item|p1b: Regigigas|Assault Vest|[from] ability: Frisk|[of] p2a: Jack|[identify]\n|turn|4\n|\n|t:|1696973163\n|-terastallize|p2a: Jack|Ghost\n|move|p1b: Regigigas|Return|p2b: Clyde\n|-damage|p2b: Clyde|20\/100\n|-ability|p2b: Clyde|Stamina|boost\n|-boost|p2b: Clyde|def|1\n|move|p1a: Landorus|Knock Off|p2a: Jack\n|-supereffective|p2a: Jack\n|-damage|p2a: Jack|41\/100\n|-enditem|p2a: Jack|Leftovers|[from] move: Knock Off|[of] p1a: Landorus\n|move|p2a: Jack|Power Whip|p1a: Landorus\n|-damage|p1a: Landorus|63\/100\n|move|p2b: Clyde|Toxic|p1b: Regigigas\n|-status|p1b: Regigigas|tox\n|\n|-heal|p1a: Landorus|69\/100|[from] item: Leftovers\n|-heal|p2b: Clyde|26\/100|[from] item: Leftovers\n|-damage|p1b: Regigigas|69\/100 tox|[from] psn\n|upkeep\n|turn|5\n|\n|t:|1696973208\n|-terastallize|p1b: Regigigas|Normal\n|move|p2b: Clyde|Protect|p2b: Clyde\n|-singleturn|p2b: Clyde|Protect\n|move|p1b: Regigigas|Return|p2b: Clyde\n|-activate|p2b: Clyde|move: Protect\n|move|p1a: Landorus|U-turn|p2a: Jack\n|-resisted|p2a: Jack\n|-damage|p2a: Jack|30\/100\n|\n|t:|1696973214\n|switch|p1a: Basculegion|Basculegion-F, F|100\/100|[from] U-turn\n|move|p2a: Jack|Synthesis|p2a: Jack\n|-heal|p2a: Jack|80\/100\n|\n|-heal|p2b: Clyde|32\/100|[from] item: Leftovers\n|-damage|p1b: Regigigas|57\/100 tox|[from] psn\n|upkeep\n|turn|6\n|\n|t:|1696973243\n|move|p1a: Basculegion|Crunch|p2a: Jack\n|-supereffective|p2a: Jack\n|-damage|p2a: Jack|48\/100\n|-unboost|p2a: Jack|def|1\n|move|p1b: Regigigas|Return|p2b: Clyde\n|-damage|p2b: Clyde|0 fnt\n|faint|p2b: Clyde\n|move|p2a: Jack|Power Whip|p1a: Basculegion\n|-supereffective|p1a: Basculegion\n|-damage|p1a: Basculegion|0 fnt\n|faint|p1a: Basculegion\n|\n|-damage|p1b: Regigigas|39\/100 tox|[from] psn\n|upkeep\n|\n|t:|1696973266\n|switch|p1a: Landorus|Landorus-Therian, M|69\/100\n|switch|p2b: Bandito|Honchkrow, M|100\/100\n|-ability|p1a: Landorus|Intimidate|boost\n|-unboost|p2a: Jack|atk|1\n|-unboost|p2b: Bandito|atk|1\n|turn|7\n|\n|t:|1696973307\n|move|p1b: Regigigas|Return|p2b: Bandito\n|-damage|p2b: Bandito|0 fnt\n|faint|p2b: Bandito\n|move|p1a: Landorus|Knock Off|p2a: Jack\n|-supereffective|p2a: Jack\n|-damage|p2a: Jack|0 fnt\n|faint|p2a: Jack\n|\n|-heal|p1a: Landorus|75\/100|[from] item: Leftovers\n|-damage|p1b: Regigigas|14\/100 tox|[from] psn\n|upkeep\n|\n|t:|1696973325\n|switch|p2a: Chippy|Pachirisu, M|100\/100\n|turn|8\n|\n|t:|1696973339\n|move|p1b: Regigigas|Earthquake|p2a: Chippy|[spread] p2a\n|-immune|p1a: Landorus\n|-supereffective|p2a: Chippy\n|-damage|p2a: Chippy|0 fnt\n|faint|p2a: Chippy\n|\n|win|Sc4rletQu33n\n|raw|Sc4rletQu33n's rating: 1012 &rarr; <strong>1049<\/strong><br \/>(+37 for winning)\n|raw|PokeGal1239's rating: 1000 &rarr; <strong>1000<\/strong><br \/>(+0 for losing)\n","uploadtime":1696973347,"views":7,"p1id":"sc4rletqu33n","p2id":"pokegal1239","formatid":"gen9nationaldexdoubles","rating":1000,"private":0,"password":""}