{"id":"gen9nationaldexdoubles-1973053119","p1":"AdvancedDigit","p2":"BigPengSus","format":"[Gen 9] National Dex Doubles","log":"|j|\u2606AdvancedDigit\n|j|\u2606BigPengSus\n|t:|1697922554\n|gametype|doubles\n|player|p1|AdvancedDigit|hilbert|1346\n|player|p2|BigPengSus|cyrus|1269\n|teamsize|p1|6\n|teamsize|p2|6\n|gen|9\n|tier|[Gen 9] National Dex Doubles\n|rated|\n|rule|HP Percentage Mod: HP is shown in percentages\n|rule|Endless Battle Clause: Forcing endless battles is banned\n|rule|OHKO Clause: OHKO moves are banned\n|rule|Evasion Moves Clause: Evasion moves are banned\n|rule|Evasion Abilities Clause: Evasion abilities are banned\n|rule|Species Clause: Limit one of each Pok\u00e9mon\n|rule|Gravity Sleep Clause: The combination of sleep-inducing moves with imperfect accuracy and Gravity or Gigantamax Orbeetle are banned\n|clearpoke\n|poke|p1|Lilligant-Hisui, F|\n|poke|p1|Tornadus, M|\n|poke|p1|Malamar, M|\n|poke|p1|Gothitelle, M|\n|poke|p1|Charizard, M|\n|poke|p1|Garchomp, M|\n|poke|p2|Sinistcha-Masterpiece|\n|poke|p2|Flutter Mane|\n|poke|p2|Silvally-*|\n|poke|p2|Brambleghast, F|\n|poke|p2|Drifblim, M|\n|poke|p2|Oricorio-Sensu, M|\n|teampreview\n|inactive|Battle timer is ON: inactive players will automatically lose when time's up. (requested by BigPengSus)\n|\n|t:|1697922575\n|start\n|switch|p1a: Lilligant|Lilligant-Hisui, F|100\/100\n|switch|p1b: Charizard|Charizard, M|100\/100\n|switch|p2a: Oricorio|Oricorio-Sensu, M|100\/100\n|switch|p2b: Brambleghast|Brambleghast, F|100\/100\n|turn|1\n|c|\u2606AdvancedDigit|gl hf !\n|inactive|BigPengSus has 120 seconds left.\n|\n|t:|1697922609\n|detailschange|p1b: Charizard|Charizard-Mega-Y, M\n|-mega|p1b: Charizard|Charizard|Charizardite Y\n|-weather|SunnyDay|[from] ability: Drought|[of] p1b: Charizard\n|move|p2b: Brambleghast|Protect|p2b: Brambleghast\n|-singleturn|p2b: Brambleghast|Protect\n|move|p1a: Lilligant|Entrainment|p1b: Charizard\n|-endability|p1b: Charizard|Drought|[from] move: Entrainment\n|-ability|p1b: Charizard|Chlorophyll|[from] move: Entrainment\n|move|p1b: Charizard|Heat Wave|p2a: Oricorio|[spread] p2a\n|-activate|p2b: Brambleghast|move: Protect\n|-damage|p2a: Oricorio|16\/100\n|move|p2a: Oricorio|Tailwind|p2a: Oricorio\n|-sidestart|p2: BigPengSus|move: Tailwind\n|-ability|p2b: Brambleghast|Wind Rider|boost\n|-boost|p2b: Brambleghast|atk|1\n|\n|-weather|SunnyDay|[upkeep]\n|-heal|p2a: Oricorio|23\/100|[from] item: Leftovers\n|upkeep\n|turn|2\n|\n|t:|1697922628\n|move|p2a: Oricorio|Roost|p2a: Oricorio\n|-heal|p2a: Oricorio|73\/100\n|-singleturn|p2a: Oricorio|move: Roost\n|move|p1a: Lilligant|Acrobatics|p2b: Brambleghast\n|-supereffective|p2b: Brambleghast\n|-damage|p2b: Brambleghast|0 fnt\n|faint|p2b: Brambleghast\n|move|p1b: Charizard|Heat Wave|p2a: Oricorio\n|-damage|p2a: Oricorio|0 fnt\n|faint|p2a: Oricorio\n|\n|-weather|SunnyDay|[upkeep]\n|upkeep\n|\n|t:|1697922640\n|switch|p2a: Flutter Mane|Flutter Mane|100\/100\n|switch|p2b: Silvally|Silvally-Ghost|100\/100\n|-activate|p2a: Flutter Mane|ability: Protosynthesis\n|-start|p2a: Flutter Mane|protosynthesisspe\n|turn|3\n|\n|t:|1697922649\n|move|p2a: Flutter Mane|Dazzling Gleam|p1a: Lilligant|[spread] p1a,p1b\n|-supereffective|p1a: Lilligant\n|-resisted|p1b: Charizard\n|-damage|p1a: Lilligant|0 fnt\n|-damage|p1b: Charizard|84\/100\n|faint|p1a: Lilligant\n|move|p2b: Silvally|Multi-Attack|p1b: Charizard\n|-damage|p1b: Charizard|17\/100\n|move|p1b: Charizard|Heat Wave|p2b: Silvally|[spread] p2a,p2b\n|-damage|p2a: Flutter Mane|32\/100\n|-damage|p2b: Silvally|31\/100\n|\n|-weather|SunnyDay|[upkeep]\n|upkeep\n|\n|t:|1697922662\n|switch|p1a: Tornadus|Tornadus, M|100\/100\n|turn|4\n|\n|t:|1697922669\n|-terastallize|p2a: Flutter Mane|Fairy\n|move|p1a: Tornadus|Tailwind|p1a: Tornadus\n|-sidestart|p1: AdvancedDigit|move: Tailwind\n|move|p2a: Flutter Mane|Dazzling Gleam|p1a: Tornadus|[spread] p1a,p1b\n|-resisted|p1b: Charizard\n|-damage|p1a: Tornadus|43\/100\n|-damage|p1b: Charizard|0 fnt\n|faint|p1b: Charizard\n|move|p2b: Silvally|Multi-Attack|p1a: Tornadus\n|-damage|p1a: Tornadus|0 fnt\n|faint|p1a: Tornadus\n|\n|-weather|SunnyDay|[upkeep]\n|-sideend|p2: BigPengSus|move: Tailwind\n|upkeep\n|\n|t:|1697922685\n|switch|p1a: Malamar|Malamar, M|100\/100\n|switch|p1b: Gothitelle|Gothitelle, M|100\/100\n|turn|5\n|\n|t:|1697922695\n|move|p1b: Gothitelle|Fake Out|p2a: Flutter Mane\n|-damage|p2a: Flutter Mane|18\/100\n|cant|p2a: Flutter Mane|flinch\n|move|p1a: Malamar|Rock Slide|p2b: Silvally|[spread] p2a,p2b\n|-damage|p2a: Flutter Mane|0 fnt\n|-damage|p2b: Silvally|11\/100\n|faint|p2a: Flutter Mane\n|-end|p2a: Flutter Mane|Protosynthesis|[silent]\n|move|p2b: Silvally|Multi-Attack|p1a: Malamar\n|-damage|p1a: Malamar|46\/100\n|\n|-weather|none\n|-heal|p1a: Malamar|52\/100|[from] item: Leftovers\n|upkeep\n|\n|t:|1697922706\n|switch|p2a: Drifblim|Drifblim, M|100\/100\n|turn|6\n|\n|t:|1697922717\n|move|p2b: Silvally|Protect|p2b: Silvally\n|-singleturn|p2b: Silvally|Protect\n|move|p1a: Malamar|Rock Slide|p2a: Drifblim|[spread] p2a\n|-activate|p2b: Silvally|move: Protect\n|-supereffective|p2a: Drifblim\n|-damage|p2a: Drifblim|53\/100\n|move|p1b: Gothitelle|Toxic|p2a: Drifblim\n|-status|p2a: Drifblim|tox\n|cant|p2a: Drifblim|flinch\n|\n|-heal|p1a: Malamar|58\/100|[from] item: Leftovers\n|-damage|p2a: Drifblim|47\/100 tox|[from] psn\n|upkeep\n|-enditem|p2a: Drifblim|Sitrus Berry|[eat]\n|-heal|p2a: Drifblim|72\/100 tox|[from] item: Sitrus Berry\n|turn|7\n|inactive|BigPengSus has 120 seconds left.\n|\n|t:|1697922752\n|switch|p2b: Sinistcha|Sinistcha-Masterpiece|100\/100\n|-heal|p2a: Drifblim|97\/100 tox|[from] ability: Hospitality|[of] p2b: Sinistcha\n|move|p2a: Drifblim|Tailwind|p2a: Drifblim\n|-sidestart|p2: BigPengSus|move: Tailwind\n|move|p1a: Malamar|Rock Slide|p2b: Sinistcha|[spread] p2a,p2b\n|-supereffective|p2a: Drifblim\n|-damage|p2a: Drifblim|53\/100 tox\n|-damage|p2b: Sinistcha|85\/100\n|move|p1b: Gothitelle|Substitute|p1b: Gothitelle\n|-start|p1b: Gothitelle|Substitute\n|-damage|p1b: Gothitelle|76\/100\n|\n|-heal|p1a: Malamar|64\/100|[from] item: Leftovers\n|-heal|p1b: Gothitelle|82\/100|[from] item: Leftovers\n|-damage|p2a: Drifblim|40\/100 tox|[from] psn\n|-sideend|p1: AdvancedDigit|move: Tailwind\n|upkeep\n|turn|8\n|\n|t:|1697922768\n|move|p2a: Drifblim|Shadow Ball|p1b: Gothitelle\n|-supereffective|p1b: Gothitelle\n|-end|p1b: Gothitelle|Substitute\n|move|p2b: Sinistcha|Matcha Gotcha|p1a: Malamar|[spread] p1a,p1b\n|-damage|p1a: Malamar|38\/100\n|-heal|p2b: Sinistcha|99\/100|[from] drain|[of] p1a: Malamar\n|-damage|p1b: Gothitelle|64\/100\n|-heal|p2b: Sinistcha|100\/100|[from] drain|[of] p1b: Gothitelle\n|move|p1a: Malamar|Knock Off|p2b: Sinistcha\n|-supereffective|p2b: Sinistcha\n|-damage|p2b: Sinistcha|18\/100\n|-enditem|p2b: Sinistcha|Wiki Berry|[from] move: Knock Off|[of] p1a: Malamar\n|move|p1b: Gothitelle|Shadow Ball|p2b: Sinistcha\n|-supereffective|p2b: Sinistcha\n|-damage|p2b: Sinistcha|0 fnt\n|faint|p2b: Sinistcha\n|\n|-heal|p1a: Malamar|44\/100|[from] item: Leftovers\n|-heal|p1b: Gothitelle|70\/100|[from] item: Leftovers\n|-damage|p2a: Drifblim|22\/100 tox|[from] psn\n|upkeep\n|\n|t:|1697922783\n|switch|p2b: Silvally|Silvally-Ghost|11\/100\n|turn|9\n|\n|t:|1697922797\n|move|p2a: Drifblim|Shadow Ball|p1b: Gothitelle\n|-supereffective|p1b: Gothitelle\n|-damage|p1b: Gothitelle|35\/100\n|move|p2b: Silvally|Iron Head|p1a: Malamar\n|-damage|p1a: Malamar|22\/100\n|move|p1a: Malamar|Rock Slide|p2a: Drifblim|[spread] p2a,p2b\n|-supereffective|p2a: Drifblim\n|-damage|p2a: Drifblim|0 fnt\n|-damage|p2b: Silvally|0 fnt\n|faint|p2a: Drifblim\n|faint|p2b: Silvally\n|\n|win|AdvancedDigit\n|raw|AdvancedDigit's rating: 1346 &rarr; <strong>1362<\/strong><br \/>(+16 for winning)\n|raw|BigPengSus's rating: 1269 &rarr; <strong>1249<\/strong><br \/>(-20 for losing)\n|c|\u2606AdvancedDigit|gg\n|l|\u2606BigPengSus\n","uploadtime":1697922806,"views":7,"p1id":"advanceddigit","p2id":"bigpengsus","formatid":"gen9nationaldexdoubles","rating":1249,"private":0,"password":""}