{"id":"gen9nationaldexdoubles-1990240740","p1":"lachlan008","p2":"ZenithAquarius","format":"[Gen 9] National Dex Doubles","log":"|j|\u2606lachlan008\n|j|\u2606ZenithAquarius\n|t:|1699942857\n|gametype|doubles\n|player|p1|lachlan008|larry|1070\n|player|p2|ZenithAquarius|norman|1057\n|teamsize|p1|6\n|teamsize|p2|6\n|gen|9\n|tier|[Gen 9] National Dex Doubles\n|rated|\n|rule|HP Percentage Mod: HP is shown in percentages\n|rule|Endless Battle Clause: Forcing endless battles is banned\n|rule|OHKO Clause: OHKO moves are banned\n|rule|Evasion Moves Clause: Evasion moves are banned\n|rule|Evasion Abilities Clause: Evasion abilities are banned\n|rule|Species Clause: Limit one of each Pok\u00e9mon\n|rule|Gravity Sleep Clause: The combination of sleep-inducing moves with imperfect accuracy and Gravity or Gigantamax Orbeetle are banned\n|clearpoke\n|poke|p1|Regigigas|\n|poke|p1|Whimsicott, F|\n|poke|p1|Thundurus, M|\n|poke|p1|Seismitoad, M|\n|poke|p1|Lucario, F|\n|poke|p1|Kingler, F|\n|poke|p2|Gigalith, F|\n|poke|p2|Glimmora, F|\n|poke|p2|Lycanroc, M|\n|poke|p2|Drednaw, F|\n|poke|p2|Tyranitar, F|\n|poke|p2|Kleavor, F|\n|teampreview\n|\n|t:|1699942911\n|start\n|switch|p1a: Whimsicott|Whimsicott, F|100\/100\n|switch|p1b: Regigigas|Regigigas|100\/100\n|switch|p2a: Glimmora|Glimmora, F|100\/100\n|switch|p2b: Tyranitar|Tyranitar, F|100\/100\n|-start|p1b: Regigigas|ability: Slow Start\n|-weather|Sandstorm|[from] ability: Sand Stream|[of] p2b: Tyranitar\n|turn|1\n|\n|t:|1699942926\n|move|p1a: Whimsicott|Worry Seed|p1b: Regigigas\n|-end|p1b: Regigigas|Slow Start|[silent]\n|-endability|p1b: Regigigas|Slow Start|[from] move: Worry Seed\n|-ability|p1b: Regigigas|Insomnia|[from] move: Worry Seed\n|move|p1b: Regigigas|Crush Grip|p2b: Tyranitar\n|-resisted|p2b: Tyranitar\n|-damage|p2b: Tyranitar|43\/100\n|move|p2a: Glimmora|Spikes|p1b: Regigigas\n|-sidestart|p1: lachlan008|Spikes\n|move|p2b: Tyranitar|Dragon Dance|p2b: Tyranitar\n|-boost|p2b: Tyranitar|atk|1\n|-boost|p2b: Tyranitar|spe|1\n|\n|-weather|Sandstorm|[upkeep]\n|-damage|p1b: Regigigas|94\/100|[from] Sandstorm\n|-damage|p1a: Whimsicott|94\/100|[from] Sandstorm\n|upkeep\n|turn|2\n|\n|t:|1699942945\n|move|p1a: Whimsicott|Tailwind|p1a: Whimsicott\n|-sidestart|p1: lachlan008|move: Tailwind\n|move|p1b: Regigigas|Crush Grip|p2b: Tyranitar\n|-resisted|p2b: Tyranitar\n|-damage|p2b: Tyranitar|21\/100\n|move|p2b: Tyranitar|Brick Break|p1b: Regigigas\n|-supereffective|p1b: Regigigas\n|-damage|p1b: Regigigas|30\/100\n|move|p2a: Glimmora|Mortal Spin|p1b: Regigigas|[spread] p1a,p1b\n|-supereffective|p1a: Whimsicott\n|-damage|p1a: Whimsicott|76\/100\n|-damage|p1b: Regigigas|27\/100\n|-status|p1a: Whimsicott|psn\n|-status|p1b: Regigigas|psn\n|\n|-weather|Sandstorm|[upkeep]\n|-damage|p1b: Regigigas|21\/100 psn|[from] Sandstorm\n|-damage|p1a: Whimsicott|70\/100 psn|[from] Sandstorm\n|-damage|p1b: Regigigas|8\/100 psn|[from] psn\n|-damage|p1a: Whimsicott|58\/100 psn|[from] psn\n|upkeep\n|turn|3\n|\n|t:|1699942969\n|move|p1a: Whimsicott|Worry Seed|p2a: Glimmora\n|-endability|p2a: Glimmora|Toxic Debris|[from] move: Worry Seed\n|-ability|p2a: Glimmora|Insomnia|[from] move: Worry Seed\n|move|p1b: Regigigas|Crush Grip|p2b: Tyranitar\n|-resisted|p2b: Tyranitar\n|-damage|p2b: Tyranitar|10\/100\n|move|p2b: Tyranitar|Rock Slide|p1b: Regigigas|[spread] p1a,p1b\n|-damage|p1a: Whimsicott|3\/100 psn\n|-damage|p1b: Regigigas|0 fnt\n|faint|p1b: Regigigas\n|move|p2a: Glimmora|Spikes|p1a: Whimsicott\n|-sidestart|p1: lachlan008|Spikes\n|\n|-weather|Sandstorm|[upkeep]\n|-damage|p1a: Whimsicott|0 fnt|[from] Sandstorm\n|faint|p1a: Whimsicott\n|upkeep\n|\n|t:|1699942988\n|switch|p1b: Kingler|Kingler, F|100\/100\n|switch|p1a: Seismitoad|Seismitoad, M|100\/100\n|-damage|p1a: Seismitoad|84\/100|[from] Spikes\n|-damage|p1b: Kingler|84\/100|[from] Spikes\n|turn|4\n|\n|t:|1699943005\n|switch|p2a: Lycanroc|Lycanroc, M|100\/100\n|-terastallize|p2b: Tyranitar|Flying\n|move|p1b: Kingler|Wide Guard|p1b: Kingler\n|-singleturn|p1b: Kingler|Wide Guard\n|move|p1a: Seismitoad|Earthquake|p2b: Tyranitar|[spread] p2a\n|-activate|p1b: Kingler|move: Wide Guard\n|-immune|p2b: Tyranitar\n|-supereffective|p2a: Lycanroc\n|-enditem|p2a: Lycanroc|Focus Sash\n|-damage|p2a: Lycanroc|1\/100\n|move|p2b: Tyranitar|Tera Blast|p1b: Kingler|[anim] Tera Blast Flying\n|-damage|p1b: Kingler|24\/100\n|\n|-weather|Sandstorm|[upkeep]\n|-damage|p1b: Kingler|18\/100|[from] Sandstorm\n|-damage|p2b: Tyranitar|3\/100|[from] Sandstorm\n|-heal|p1b: Kingler|24\/100|[from] item: Leftovers\n|upkeep\n|turn|5\n|\n|t:|1699943038\n|move|p1b: Kingler|Wide Guard|p1b: Kingler\n|-singleturn|p1b: Kingler|Wide Guard\n|move|p2a: Lycanroc|Accelerock|p1b: Kingler\n|-damage|p1b: Kingler|3\/100\n|move|p1a: Seismitoad|Earthquake|p2b: Tyranitar|[spread] p2a\n|-activate|p1b: Kingler|move: Wide Guard\n|-immune|p2b: Tyranitar\n|-supereffective|p2a: Lycanroc\n|-damage|p2a: Lycanroc|0 fnt\n|faint|p2a: Lycanroc\n|move|p2b: Tyranitar|Tera Blast|p1a: Seismitoad|[anim] Tera Blast Flying\n|-damage|p1a: Seismitoad|10\/100\n|\n|-weather|none\n|-heal|p1b: Kingler|9\/100|[from] item: Leftovers\n|-sideend|p1: lachlan008|move: Tailwind\n|upkeep\n|\n|t:|1699943055\n|switch|p2a: Glimmora|Glimmora, F|100\/100\n|turn|6\n|\n|t:|1699943062\n|move|p2b: Tyranitar|Rock Slide|p1b: Kingler|[spread] p1a,p1b\n|-resisted|p1a: Seismitoad\n|-damage|p1a: Seismitoad|0 fnt\n|-damage|p1b: Kingler|0 fnt\n|faint|p1a: Seismitoad\n|faint|p1b: Kingler\n|move|p2a: Glimmora|Mortal Spin|p1: Seismitoad|[notarget]\n|-fail|p2a: Glimmora\n|\n|upkeep\n|\n|t:|1699943071\n|switch|p1a: Lucario|Lucario, F|100\/100\n|switch|p1b: Thundurus|Thundurus, M|100\/100\n|-damage|p1a: Lucario|84\/100|[from] Spikes\n|turn|7\n|\n|t:|1699943085\n|move|p1a: Lucario|Bullet Punch|p2b: Tyranitar\n|-damage|p2b: Tyranitar|0 fnt\n|faint|p2b: Tyranitar\n|move|p1b: Thundurus|Brutal Swing|p2a: Glimmora|[spread] p1a,p2a\n|-resisted|p1a: Lucario\n|-crit|p2a: Glimmora\n|-damage|p1a: Lucario|75\/100\n|-damage|p2a: Glimmora|84\/100\n|-ability|p1a: Lucario|Justified|boost\n|-boost|p1a: Lucario|atk|1\n|-activate|p2a: Glimmora|ability: Toxic Debris\n|-sidestart|p1: lachlan008|move: Toxic Spikes\n|move|p2a: Glimmora|Spikes|p1b: Thundurus\n|-sidestart|p1: lachlan008|Spikes\n|\n|upkeep\n|\n|t:|1699943097\n|switch|p2b: Gigalith|Gigalith, F|100\/100\n|-weather|Sandstorm|[from] ability: Sand Stream|[of] p2b: Gigalith\n|turn|8\n|\n|t:|1699943108\n|move|p1b: Thundurus|Brutal Swing|p2a: Glimmora|[spread] p1a,p2a,p2b\n|-resisted|p1a: Lucario\n|-damage|p1a: Lucario|67\/100\n|-damage|p2a: Glimmora|74\/100\n|-damage|p2b: Gigalith|93\/100\n|-ability|p1a: Lucario|Justified|boost\n|-boost|p1a: Lucario|atk|1\n|-activate|p2a: Glimmora|ability: Toxic Debris\n|-sidestart|p1: lachlan008|move: Toxic Spikes\n|move|p2a: Glimmora|Mortal Spin|p1b: Thundurus|[spread] p1b\n|-immune|p1a: Lucario\n|-damage|p1b: Thundurus|94\/100\n|-status|p1b: Thundurus|psn\n|move|p1a: Lucario|Brick Break|p2b: Gigalith\n|-supereffective|p2b: Gigalith\n|-damage|p2b: Gigalith|0 fnt\n|faint|p2b: Gigalith\n|\n|-weather|Sandstorm|[upkeep]\n|-damage|p1b: Thundurus|88\/100 psn|[from] Sandstorm\n|-damage|p1b: Thundurus|76\/100 psn|[from] psn\n|upkeep\n|\n|t:|1699943130\n|switch|p2b: Kleavor|Kleavor, F|100\/100\n|turn|9\n|\n|t:|1699943149\n|-terastallize|p1b: Thundurus|Electric\n|move|p1b: Thundurus|Electroweb|p2a: Glimmora|[spread] p2a,p2b\n|-damage|p2a: Glimmora|49\/100\n|-damage|p2b: Kleavor|67\/100\n|-unboost|p2a: Glimmora|spe|1\n|-unboost|p2b: Kleavor|spe|1\n|move|p1a: Lucario|Brick Break|p2b: Kleavor\n|-damage|p2b: Kleavor|0 fnt\n|faint|p2b: Kleavor\n|move|p2a: Glimmora|Mortal Spin|p1a: Lucario|[spread] p1b\n|-immune|p1a: Lucario\n|-damage|p1b: Thundurus|69\/100 psn\n|\n|-weather|Sandstorm|[upkeep]\n|-damage|p1b: Thundurus|63\/100 psn|[from] Sandstorm\n|-damage|p1b: Thundurus|51\/100 psn|[from] psn\n|upkeep\n|-message|ZenithAquarius forfeited.\n|\n|win|lachlan008\n|raw|lachlan008's rating: 1070 &rarr; <strong>1098<\/strong><br \/>(+28 for winning)\n|raw|ZenithAquarius's rating: 1057 &rarr; <strong>1039<\/strong><br \/>(-18 for losing)\n|l|\u2606ZenithAquarius\n","uploadtime":1699943172,"views":21,"p1id":"lachlan008","p2id":"zenithaquarius","formatid":"gen9nationaldexdoubles","rating":1039,"private":0,"password":""}