{"id":"gen9nationaldexdoubles-1985963791","p1":"A long name really","p2":"psng","format":"[Gen 9] National Dex Doubles","log":"|j|\u2606A long name really\n|j|\u2606psng\n|t:|1699430696\n|gametype|doubles\n|player|p1|A long name really|candice|1077\n|player|p2|psng|wallace|1111\n|teamsize|p1|6\n|teamsize|p2|6\n|gen|9\n|tier|[Gen 9] National Dex Doubles\n|rated|\n|rule|HP Percentage Mod: HP is shown in percentages\n|rule|Endless Battle Clause: Forcing endless battles is banned\n|rule|OHKO Clause: OHKO moves are banned\n|rule|Evasion Moves Clause: Evasion moves are banned\n|rule|Evasion Abilities Clause: Evasion abilities are banned\n|rule|Species Clause: Limit one of each Pok\u00e9mon\n|rule|Gravity Sleep Clause: The combination of sleep-inducing moves with imperfect accuracy and Gravity or Gigantamax Orbeetle are banned\n|clearpoke\n|poke|p1|Kilowattrel, F|\n|poke|p1|Pikachu-Sinnoh, M|\n|poke|p1|Ribombee, M|\n|poke|p1|Glaceon, F|\n|poke|p1|Decidueye, F|\n|poke|p1|Typhlosion-Hisui, M|\n|poke|p2|Chien-Pao|\n|poke|p2|Zapdos|\n|poke|p2|Pelipper, M|\n|poke|p2|Swampert, F|\n|poke|p2|Klefki, M|\n|poke|p2|Sinistcha|\n|teampreview\n|inactive|Battle timer is ON: inactive players will automatically lose when time's up. (requested by A long name really)\n|inactive|psng also wants the timer to be on.\n|\n|t:|1699430709\n|start\n|switch|p1a: How is it fast|Ribombee, M|100\/100\n|switch|p1b: RU.|Glaceon, F|100\/100\n|switch|p2a: Swampert|Swampert, F, shiny|100\/100\n|switch|p2b: Pelipper|Pelipper, M, shiny|100\/100\n|-weather|RainDance|[from] ability: Drizzle|[of] p2b: Pelipper\n|turn|1\n|\n|t:|1699430720\n|switch|p2b: Klefki|Klefki, M, shiny|100\/100\n|detailschange|p2a: Swampert|Swampert-Mega, F, shiny\n|-mega|p2a: Swampert|Swampert|Swampertite\n|move|p2a: Swampert|Protect|p2a: Swampert\n|-singleturn|p2a: Swampert|Protect\n|move|p1a: How is it fast|Sticky Web|p2b: Klefki\n|-sidestart|p2: psng|move: Sticky Web\n|move|p1b: RU.|Substitute|p1b: RU.\n|-start|p1b: RU.|Substitute\n|-damage|p1b: RU.|76\/100\n|\n|-weather|RainDance|[upkeep]\n|-heal|p1b: RU.|82\/100|[from] item: Leftovers\n|upkeep\n|turn|2\n|\n|t:|1699430739\n|move|p2a: Swampert|Liquidation|p1b: RU.\n|-end|p1b: RU.|Substitute\n|move|p1a: How is it fast|After You|p1b: RU.\n|-activate|p1b: RU.|move: After You\n|move|p1b: RU.|Blizzard|p2a: Swampert|[spread] p2a,p2b\n|-resisted|p2b: Klefki\n|-damage|p2a: Swampert|66\/100\n|-damage|p2b: Klefki|76\/100\n|move|p2b: Klefki|Steel Beam|p1b: RU.\n|-supereffective|p1b: RU.\n|-damage|p1b: RU.|0 fnt\n|-damage|p2b: Klefki|26\/100|[from] steelbeam\n|faint|p1b: RU.\n|\n|-weather|RainDance|[upkeep]\n|upkeep\n|\n|t:|1699430759\n|switch|p1b: Paralyzed swellow|Kilowattrel, F|100\/100\n|turn|3\n|\n|t:|1699430778\n|switch|p1a: Plot armor|Pikachu-Sinnoh, M|100\/100\n|move|p2b: Klefki|Light Screen|p2b: Klefki\n|-sidestart|p2: psng|move: Light Screen\n|move|p2a: Swampert|Liquidation|p1a: Plot armor\n|-damage|p1a: Plot armor|0 fnt\n|faint|p1a: Plot armor\n|move|p1b: Paralyzed swellow|Hurricane|p2a: Swampert\n|-damage|p2a: Swampert|35\/100\n|\n|-weather|RainDance|[upkeep]\n|upkeep\n|\n|t:|1699430790\n|switch|p1a: How is it fast|Ribombee, M|100\/100\n|turn|4\n|\n|t:|1699430802\n|move|p2a: Swampert|Liquidation|p1b: Paralyzed swellow\n|-damage|p1b: Paralyzed swellow|0 fnt\n|faint|p1b: Paralyzed swellow\n|move|p1a: How is it fast|Moonblast|p2a: Swampert\n|-damage|p2a: Swampert|14\/100\n|-unboost|p2a: Swampert|spa|1\n|-zpower|p2b: Klefki\n|move|p2b: Klefki|Twinkle Tackle|p1a: How is it fast|[zeffect]\n|-damage|p1a: How is it fast|20\/100\n|\n|-weather|RainDance|[upkeep]\n|upkeep\n|\n|t:|1699430810\n|switch|p1b: A sea???|Decidueye, F|100\/100\n|turn|5\n|\n|t:|1699430821\n|move|p2b: Klefki|Reflect|p2b: Klefki\n|-sidestart|p2: psng|Reflect\n|move|p2a: Swampert|Liquidation|p1a: How is it fast\n|-damage|p1a: How is it fast|0 fnt\n|faint|p1a: How is it fast\n|move|p1b: A sea???|Grass Pledge|p2a: Swampert\n|-supereffective|p2a: Swampert\n|-damage|p2a: Swampert|0 fnt\n|faint|p2a: Swampert\n|-damage|p1b: A sea???|91\/100|[from] item: Life Orb\n|\n|-weather|none\n|upkeep\n|\n|t:|1699430829\n|switch|p1a: Fire|Typhlosion-Hisui, M|100\/100\n|switch|p2a: Pelipper|Pelipper, M, shiny|100\/100\n|-weather|RainDance|[from] ability: Drizzle|[of] p2a: Pelipper\n|turn|6\n|\n|t:|1699430836\n|move|p1a: Fire|Fire Pledge|p2b: Klefki\n|-waiting|p1a: Fire|p1b: A sea???\n|move|p1b: A sea???|Grass Pledge|p2a: Pelipper|[from]move: Fire Pledge\n|-combine\n|-resisted|p2a: Pelipper\n|-damage|p2a: Pelipper|74\/100\n|-sidestart|p2: psng|Fire Pledge\n|-damage|p1b: A sea???|81\/100|[from] item: Life Orb\n|move|p2b: Klefki|Dazzling Gleam|p1a: Fire|[spread] p1a,p1b\n|-resisted|p1a: Fire\n|-damage|p1a: Fire|86\/100\n|-damage|p1b: A sea???|53\/100\n|move|p2a: Pelipper|Tailwind|p2a: Pelipper\n|-sidestart|p2: psng|move: Tailwind\n|\n|-weather|RainDance|[upkeep]\n|-damage|p2b: Klefki|13\/100|[from] Fire Pledge\n|-damage|p2a: Pelipper|62\/100|[from] Fire Pledge\n|upkeep\n|turn|7\n|\n|t:|1699430856\n|switch|p2b: Sinistcha|Sinistcha, shiny|100\/100\n|-activate|p2b: Sinistcha|move: Sticky Web\n|-unboost|p2b: Sinistcha|spe|1\n|-heal|p2a: Pelipper|87\/100|[from] ability: Hospitality|[of] p2b: Sinistcha\n|move|p2a: Pelipper|Hurricane|p1b: A sea???\n|-supereffective|p1b: A sea???\n|-damage|p1b: A sea???|0 fnt\n|faint|p1b: A sea???\n|move|p1a: Fire|Fire Pledge|p2b: Sinistcha\n|-supereffective|p2b: Sinistcha\n|-damage|p2b: Sinistcha|61\/100\n|-damage|p1a: Fire|76\/100|[from] item: Life Orb\n|\n|-weather|RainDance|[upkeep]\n|-damage|p2a: Pelipper|75\/100|[from] Fire Pledge\n|-damage|p2b: Sinistcha|48\/100|[from] Fire Pledge\n|-heal|p2b: Sinistcha|54\/100|[from] item: Leftovers\n|-sideend|p2: psng|move: Light Screen\n|upkeep\n|turn|8\n|-message|A long name really forfeited.\n|\n|win|psng\n|raw|A long name really's rating: 1077 &rarr; <strong>1058<\/strong><br \/>(-19 for losing)\n|raw|psng's rating: 1111 &rarr; <strong>1134<\/strong><br \/>(+23 for winning)\n|l|\u2606A long name really\n","uploadtime":1699430888,"views":6,"p1id":"alongnamereally","p2id":"psng","formatid":"gen9nationaldexdoubles","rating":1058,"private":0,"password":""}