{"id":"gen9nationaldexdoubles-1989104975","p1":"GoldennSpin","p2":"Inkubone","format":"[Gen 9] National Dex Doubles","log":"|j|\u2606GoldennSpin\n|j|\u2606Inkubone\n|t:|1699812712\n|gametype|doubles\n|player|p1|GoldennSpin|marlon|1303\n|player|p2|Inkubone|yellow|1401\n|teamsize|p1|6\n|teamsize|p2|6\n|gen|9\n|tier|[Gen 9] National Dex Doubles\n|rated|\n|rule|HP Percentage Mod: HP is shown in percentages\n|rule|Endless Battle Clause: Forcing endless battles is banned\n|rule|OHKO Clause: OHKO moves are banned\n|rule|Evasion Moves Clause: Evasion moves are banned\n|rule|Evasion Abilities Clause: Evasion abilities are banned\n|rule|Species Clause: Limit one of each Pok\u00e9mon\n|rule|Gravity Sleep Clause: The combination of sleep-inducing moves with imperfect accuracy and Gravity or Gigantamax Orbeetle are banned\n|clearpoke\n|poke|p1|Iron Bundle|\n|poke|p1|Flutter Mane|\n|poke|p1|Ogerpon-Hearthflame, F|\n|poke|p1|Iron Hands|\n|poke|p1|Heatran, F|\n|poke|p1|Diancie|\n|poke|p2|Kingambit, M|\n|poke|p2|Bisharp, M|\n|poke|p2|Togetic, M|\n|poke|p2|Togekiss, F|\n|poke|p2|Sneasel, M|\n|poke|p2|Sneasler, F|\n|teampreview\n|\n|t:|1699812722\n|start\n|switch|p1a: Diancie|Diancie, shiny|100\/100\n|switch|p1b: Iron Hands|Iron Hands|100\/100\n|switch|p2a: Sneasel|Sneasel, M|100\/100\n|switch|p2b: Sneasler|Sneasler, F|100\/100\n|turn|1\n|c|\u2606Inkubone|Hello good luck have fun\n|inactive|Battle timer is ON: inactive players will automatically lose when time's up. (requested by GoldennSpin)\n|\n|t:|1699812757\n|move|p2a: Sneasel|Fake Out|p1b: Iron Hands\n|-enditem|p2a: Sneasel|Normal Gem|[from] gem\n|-damage|p1b: Iron Hands|90\/100\n|move|p2b: Sneasler|Close Combat|p1a: Diancie\n|-damage|p1a: Diancie|50\/100\n|-unboost|p2b: Sneasler|def|1\n|-unboost|p2b: Sneasler|spd|1\n|-enditem|p2b: Sneasler|White Herb\n|-clearnegativeboost|p2b: Sneasler|[silent]\n|cant|p1b: Iron Hands|flinch\n|move|p1a: Diancie|Trick Room|p1a: Diancie\n|-fieldstart|move: Trick Room|[of] p1a: Diancie\n|\n|upkeep\n|turn|2\n|\n|t:|1699812787\n|switch|p2a: Togetic|Togetic, M|100\/100\n|move|p1a: Diancie|Protect|p1a: Diancie\n|-singleturn|p1a: Diancie|Protect\n|move|p1b: Iron Hands|Drain Punch|p2a: Togetic\n|-resisted|p2a: Togetic\n|-damage|p2a: Togetic|93\/100\n|-heal|p1b: Iron Hands|92\/100|[from] drain|[of] p2a: Togetic\n|move|p2b: Sneasler|Acrobatics|p1b: Iron Hands\n|-crit|p1b: Iron Hands\n|-damage|p1b: Iron Hands|47\/100\n|-enditem|p1b: Iron Hands|Sitrus Berry|[eat]\n|-heal|p1b: Iron Hands|72\/100|[from] item: Sitrus Berry\n|\n|upkeep\n|turn|3\n|\n|t:|1699812809\n|move|p1a: Diancie|Diamond Storm|p2b: Sneasler|[spread] p2a,p2b\n|-supereffective|p2a: Togetic\n|-resisted|p2b: Sneasler\n|-damage|p2a: Togetic|49\/100\n|-damage|p2b: Sneasler|72\/100\n|move|p2a: Togetic|Yawn|p1b: Iron Hands\n|-start|p1b: Iron Hands|move: Yawn|[of] p2a: Togetic\n|move|p1b: Iron Hands|Thunder Punch|p2a: Togetic\n|-supereffective|p2a: Togetic\n|-damage|p2a: Togetic|0 fnt\n|faint|p2a: Togetic\n|move|p2b: Sneasler|Close Combat|p1a: Diancie\n|-damage|p1a: Diancie|0 fnt\n|-unboost|p2b: Sneasler|def|1\n|-unboost|p2b: Sneasler|spd|1\n|faint|p1a: Diancie\n|\n|upkeep\n|\n|t:|1699812833\n|switch|p1a: Heatran|Heatran, F, shiny|100\/100\n|switch|p2a: Sneasel|Sneasel, M|100\/100\n|turn|4\n|\n|t:|1699812842\n|move|p2a: Sneasel|Fake Out|p1b: Iron Hands\n|-damage|p1b: Iron Hands|64\/100\n|cant|p1b: Iron Hands|flinch\n|move|p1a: Heatran|Earth Power|p2b: Sneasler\n|-supereffective|p2b: Sneasler\n|-damage|p2b: Sneasler|0 fnt\n|faint|p2b: Sneasler\n|\n|-end|p1b: Iron Hands|move: Yawn|[silent]\n|-status|p1b: Iron Hands|slp\n|upkeep\n|\n|t:|1699812860\n|switch|p2b: Bisharp|Bisharp, M, shiny|100\/100\n|turn|5\n|\n|t:|1699812877\n|cant|p1b: Iron Hands|slp\n|move|p2b: Bisharp|Thunder Wave|p1a: Heatran\n|-status|p1a: Heatran|par\n|move|p1a: Heatran|Heat Wave|p2a: Sneasel|[spread] p2a\n|-miss|p1a: Heatran|p2b: Bisharp\n|-supereffective|p2a: Sneasel\n|-damage|p2a: Sneasel|0 fnt\n|faint|p2a: Sneasel\n|\n|-fieldend|move: Trick Room\n|upkeep\n|\n|t:|1699812888\n|switch|p2a: Kingambit|Kingambit, M, shiny|100\/100\n|-activate|p2a: Kingambit|ability: Supreme Overlord\n|-start|p2a: Kingambit|fallen3|[silent]\n|turn|6\n|\n|t:|1699812901\n|-terastallize|p2b: Bisharp|Flying\n|move|p2b: Bisharp|Tera Blast|p1b: Iron Hands|[anim] Tera Blast Flying\n|-damage|p1b: Iron Hands|34\/100 slp\n|cant|p1b: Iron Hands|slp\n|move|p2a: Kingambit|Power-Up Punch|p1a: Heatran\n|-supereffective|p1a: Heatran\n|-damage|p1a: Heatran|65\/100 par\n|-boost|p2a: Kingambit|atk|1\n|move|p1a: Heatran|Heat Wave|p2a: Kingambit|[spread] p2a,p2b\n|-supereffective|p2a: Kingambit\n|-damage|p2a: Kingambit|24\/100\n|-damage|p2b: Bisharp|56\/100\n|\n|upkeep\n|turn|7\n|\n|t:|1699812923\n|move|p2a: Kingambit|Protect|p2a: Kingambit\n|-singleturn|p2a: Kingambit|Protect\n|move|p2b: Bisharp|Tera Blast|p1b: Iron Hands|[anim] Tera Blast Flying\n|-damage|p1b: Iron Hands|2\/100 slp\n|cant|p1b: Iron Hands|slp\n|move|p1a: Heatran|Heat Wave|p2a: Kingambit|[spread] p2b\n|-activate|p2a: Kingambit|move: Protect\n|-damage|p2b: Bisharp|15\/100\n|\n|upkeep\n|turn|8\n|\n|t:|1699812952\n|-curestatus|p1b: Iron Hands|slp|[msg]\n|move|p1b: Iron Hands|Protect|p1b: Iron Hands\n|-singleturn|p1b: Iron Hands|Protect\n|move|p2b: Bisharp|Tera Blast|p1b: Iron Hands|[anim] Tera Blast Flying\n|-activate|p1b: Iron Hands|move: Protect\n|move|p2a: Kingambit|Knock Off|p1a: Heatran\n|-damage|p1a: Heatran|0 fnt\n|-enditem|p1a: Heatran|Assault Vest|[from] move: Knock Off|[of] p2a: Kingambit\n|faint|p1a: Heatran\n|\n|upkeep\n|\n|t:|1699812966\n|switch|p1a: Flutter Mane|Flutter Mane, shiny|100\/100\n|-enditem|p1a: Flutter Mane|Booster Energy\n|-activate|p1a: Flutter Mane|ability: Protosynthesis|[fromitem]\n|-start|p1a: Flutter Mane|protosynthesisspe\n|turn|9\n|\n|t:|1699812984\n|move|p2a: Kingambit|Protect|p2a: Kingambit\n|-singleturn|p2a: Kingambit|Protect\n|move|p2b: Bisharp|Sucker Punch|p1a: Flutter Mane\n|-damage|p1a: Flutter Mane|43\/100\n|move|p1a: Flutter Mane|Dazzling Gleam|p2b: Bisharp|[spread] p2b\n|-activate|p2a: Kingambit|move: Protect\n|-damage|p2b: Bisharp|0 fnt\n|faint|p2b: Bisharp\n|move|p1b: Iron Hands|Drain Punch|p2a: Kingambit\n|-activate|p2a: Kingambit|move: Protect\n|\n|upkeep\n|\n|t:|1699812996\n|switch|p2b: Togekiss|Togekiss, F|100\/100\n|turn|10\n|\n|t:|1699813004\n|move|p1a: Flutter Mane|Protect|p1a: Flutter Mane\n|-singleturn|p1a: Flutter Mane|Protect\n|move|p2a: Kingambit|Sucker Punch||[still]\n|-fail|p2a: Kingambit\n|move|p2b: Togekiss|Dazzling Gleam|p1b: Iron Hands|[spread] p1b\n|-activate|p1a: Flutter Mane|move: Protect\n|-supereffective|p1b: Iron Hands\n|-damage|p1b: Iron Hands|0 fnt\n|faint|p1b: Iron Hands\n|-end|p1b: Iron Hands|Quark Drive|[silent]\n|\n|upkeep\n|\n|t:|1699813015\n|switch|p1b: Ogerpon|Ogerpon-Hearthflame, F|100\/100\n|-ability|p1b: Ogerpon|Mold Breaker\n|turn|11\n|\n|t:|1699813035\n|move|p2a: Kingambit|Protect|p2a: Kingambit\n|-singleturn|p2a: Kingambit|Protect\n|move|p1a: Flutter Mane|Shadow Ball|p2b: Togekiss\n|-damage|p2b: Togekiss|72\/100\n|move|p1b: Ogerpon|Ivy Cudgel|p2a: Kingambit\n|-activate|p2a: Kingambit|move: Protect\n|move|p2b: Togekiss|Dazzling Gleam|p1a: Flutter Mane|[spread] p1a,p1b\n|-resisted|p1b: Ogerpon\n|-damage|p1a: Flutter Mane|18\/100\n|-damage|p1b: Ogerpon|83\/100\n|\n|-heal|p2b: Togekiss|79\/100|[from] item: Leftovers\n|upkeep\n|turn|12\n|\n|t:|1699813056\n|move|p1a: Flutter Mane|Protect|p1a: Flutter Mane\n|-singleturn|p1a: Flutter Mane|Protect\n|move|p2a: Kingambit|Sucker Punch|p1b: Ogerpon\n|-damage|p1b: Ogerpon|0 fnt\n|faint|p1b: Ogerpon\n|move|p2b: Togekiss|Dazzling Gleam|p1a: Flutter Mane\n|-activate|p1a: Flutter Mane|move: Protect\n|\n|-heal|p2b: Togekiss|85\/100|[from] item: Leftovers\n|upkeep\n|\n|t:|1699813067\n|switch|p1b: Iron Bundle|Iron Bundle, shiny|100\/100\n|-enditem|p1b: Iron Bundle|Booster Energy\n|-activate|p1b: Iron Bundle|ability: Quark Drive|[fromitem]\n|-start|p1b: Iron Bundle|quarkdrivespe\n|turn|13\n|\n|t:|1699813077\n|move|p2a: Kingambit|Sucker Punch|p1b: Iron Bundle\n|-damage|p1b: Iron Bundle|0 fnt\n|faint|p1b: Iron Bundle\n|-end|p1b: Iron Bundle|Quark Drive|[silent]\n|move|p1a: Flutter Mane|Dazzling Gleam|p2a: Kingambit|[spread] p2a,p2b\n|-damage|p2a: Kingambit|0 fnt\n|-damage|p2b: Togekiss|61\/100\n|faint|p2a: Kingambit\n|-end|p2a: Kingambit|fallen3|[silent]\n|move|p2b: Togekiss|Dazzling Gleam|p1a: Flutter Mane\n|-damage|p1a: Flutter Mane|0 fnt\n|faint|p1a: Flutter Mane\n|-end|p1a: Flutter Mane|Protosynthesis|[silent]\n|\n|win|Inkubone\n|raw|GoldennSpin's rating: 1303 &rarr; <strong>1288<\/strong><br \/>(-15 for losing)\n|raw|Inkubone's rating: 1401 &rarr; <strong>1416<\/strong><br \/>(+15 for winning)\n|l|\u2606GoldennSpin\n|c|\u2606Inkubone|Gg\n","uploadtime":1699813101,"views":5,"p1id":"goldennspin","p2id":"inkubone","formatid":"gen9nationaldexdoubles","rating":1288,"private":0,"password":""}