{"id":"gen9nationaldexdoubles-1975076079","p1":"Syph0n_78","p2":"Chaoss150","format":"[Gen 9] National Dex Doubles","log":"|j|\u2606Syph0n_78\n|j|\u2606Chaoss150\n|t:|1698160034\n|gametype|doubles\n|player|p1|Syph0n_78|265|\n|player|p2|Chaoss150|hugh|\n|teamsize|p1|6\n|teamsize|p2|6\n|gen|9\n|tier|[Gen 9] National Dex Doubles\n|rule|HP Percentage Mod: HP is shown in percentages\n|rule|Endless Battle Clause: Forcing endless battles is banned\n|rule|OHKO Clause: OHKO moves are banned\n|rule|Evasion Moves Clause: Evasion moves are banned\n|rule|Evasion Abilities Clause: Evasion abilities are banned\n|rule|Species Clause: Limit one of each Pok\u00e9mon\n|rule|Gravity Sleep Clause: The combination of sleep-inducing moves with imperfect accuracy and Gravity or Gigantamax Orbeetle are banned\n|clearpoke\n|poke|p1|Torterra, F|\n|poke|p1|Tyranitar, F|\n|poke|p1|Excadrill, F|\n|poke|p1|Ferrothorn, M|\n|poke|p1|Cradily, F|\n|poke|p1|Ogerpon-Cornerstone, F|\n|poke|p2|Indeedee-F, F|\n|poke|p2|Hatterene, F|\n|poke|p2|Armarouge, M|\n|poke|p2|Farigiraf, M|\n|poke|p2|Ursaluna-Bloodmoon, M|\n|poke|p2|Torkoal, M|\n|teampreview\n|inactive|Battle timer is ON: inactive players will automatically lose when time's up. (requested by Chaoss150)\n|\n|t:|1698160051\n|start\n|switch|p1a: Tyranitar|Tyranitar, F|100\/100\n|switch|p1b: Excadrill|Excadrill, F, shiny|100\/100\n|switch|p2a: Torkoal|Torkoal, M|100\/100\n|switch|p2b: Hatterene|Hatterene, F|100\/100\n|-weather|Sandstorm|[from] ability: Sand Stream|[of] p1a: Tyranitar\n|-weather|SunnyDay|[from] ability: Drought|[of] p2a: Torkoal\n|turn|1\n|c|\u2606Chaoss150|glhf\n|inactive|Syph0n_78 has 270 seconds left.\n|\n|t:|1698160084\n|detailschange|p1a: Tyranitar|Tyranitar-Mega, F\n|-mega|p1a: Tyranitar|Tyranitar|Tyranitarite\n|-weather|Sandstorm|[from] ability: Sand Stream|[of] p1a: Tyranitar\n|move|p2a: Torkoal|Protect|p2a: Torkoal\n|-singleturn|p2a: Torkoal|Protect\n|move|p1b: Excadrill|High Horsepower|p2b: Hatterene\n|-damage|p2b: Hatterene|38\/100\n|move|p1a: Tyranitar|High Horsepower|p2a: Torkoal\n|-activate|p2a: Torkoal|move: Protect\n|move|p2b: Hatterene|Trick Room|p2b: Hatterene\n|-fieldstart|move: Trick Room|[of] p2b: Hatterene\n|\n|-weather|Sandstorm|[upkeep]\n|-damage|p2a: Torkoal|94\/100|[from] Sandstorm\n|-damage|p2b: Hatterene|32\/100|[from] Sandstorm\n|upkeep\n|turn|2\n|inactive|Syph0n_78 has 270 seconds left.\n|inactive|Chaoss150 has 270 seconds left.\n|\n|t:|1698160121\n|switch|p2a: Ursaluna|Ursaluna-Bloodmoon, M|100\/100\n|-terastallize|p1b: Excadrill|Ground\n|move|p2b: Hatterene|Dazzling Gleam|p1a: Tyranitar|[spread] p1a,p1b\n|-supereffective|p1a: Tyranitar\n|-damage|p1a: Tyranitar|68\/100\n|-damage|p1b: Excadrill|56\/100\n|move|p1a: Tyranitar|High Horsepower|p2b: Hatterene\n|-damage|p2b: Hatterene|0 fnt\n|faint|p2b: Hatterene\n|move|p1b: Excadrill|High Horsepower|p2a: Ursaluna\n|-damage|p2a: Ursaluna|50\/100\n|\n|-weather|Sandstorm|[upkeep]\n|-heal|p2a: Ursaluna|56\/100|[from] item: Leftovers\n|upkeep\n|inactive|Chaoss150 has 270 seconds left.\n|\n|t:|1698160136\n|switch|p2b: Torkoal|Torkoal, M|94\/100\n|-weather|SunnyDay|[from] ability: Drought|[of] p2b: Torkoal\n|turn|3\n|inactive|Syph0n_78 has 270 seconds left.\n|\n|t:|1698160162\n|switch|p1a: Ogerpon|Ogerpon-Cornerstone, F|100\/100\n|move|p1b: Excadrill|Protect|p1b: Excadrill\n|-singleturn|p1b: Excadrill|Protect\n|move|p2b: Torkoal|Eruption|p1b: Excadrill|[spread] p1a\n|-activate|p1b: Excadrill|move: Protect\n|-damage|p1a: Ogerpon|6\/100\n|move|p2a: Ursaluna|Earth Power|p1a: Ogerpon\n|-damage|p1a: Ogerpon|0 fnt\n|faint|p1a: Ogerpon\n|\n|-weather|SunnyDay|[upkeep]\n|-heal|p2a: Ursaluna|62\/100|[from] item: Leftovers\n|upkeep\n|inactive|Syph0n_78 has 270 seconds left.\n|c|\u2606Syph0n_78|Well fuck man\n|\n|t:|1698160182\n|switch|p1a: Tyranitar|Tyranitar-Mega, F|68\/100\n|-weather|Sandstorm|[from] ability: Sand Stream|[of] p1a: Tyranitar\n|turn|4\n|inactive|Syph0n_78 has 270 seconds left.\n|inactive|Chaoss150 has 270 seconds left.\n|\n|t:|1698160223\n|move|p2b: Torkoal|Protect|p2b: Torkoal\n|-singleturn|p2b: Torkoal|Protect\n|move|p2a: Ursaluna|Earth Power|p1a: Tyranitar\n|-supereffective|p1a: Tyranitar\n|-damage|p1a: Tyranitar|13\/100\n|move|p1a: Tyranitar|High Horsepower|p2b: Torkoal\n|-activate|p2b: Torkoal|move: Protect\n|move|p1b: Excadrill|High Horsepower|p2a: Ursaluna\n|-damage|p2a: Ursaluna|9\/100\n|\n|-weather|Sandstorm|[upkeep]\n|-damage|p2b: Torkoal|88\/100|[from] Sandstorm\n|-heal|p2a: Ursaluna|15\/100|[from] item: Leftovers\n|upkeep\n|turn|5\n|\n|t:|1698160242\n|move|p1a: Tyranitar|Protect|p1a: Tyranitar\n|-singleturn|p1a: Tyranitar|Protect\n|move|p1b: Excadrill|Protect|p1b: Excadrill\n|-singleturn|p1b: Excadrill|Protect\n|move|p2b: Torkoal|Eruption|p1b: Excadrill|[spread] \n|-activate|p1a: Tyranitar|move: Protect\n|-activate|p1b: Excadrill|move: Protect\n|move|p2a: Ursaluna|Earth Power|p1a: Tyranitar\n|-activate|p1a: Tyranitar|move: Protect\n|\n|-weather|Sandstorm|[upkeep]\n|-damage|p2b: Torkoal|82\/100|[from] Sandstorm\n|-heal|p2a: Ursaluna|21\/100|[from] item: Leftovers\n|-fieldend|move: Trick Room\n|upkeep\n|turn|6\n|inactive|Syph0n_78 has 270 seconds left.\n|\n|t:|1698160261\n|switch|p2b: Farigiraf|Farigiraf, M|100\/100\n|move|p1b: Excadrill|High Horsepower|p2a: Ursaluna\n|-damage|p2a: Ursaluna|0 fnt\n|faint|p2a: Ursaluna\n|move|p1a: Tyranitar|High Horsepower|p2b: Farigiraf\n|-damage|p2b: Farigiraf|54\/100\n|\n|-weather|Sandstorm|[upkeep]\n|-damage|p2b: Farigiraf|48\/100|[from] Sandstorm\n|-enditem|p2b: Farigiraf|Sitrus Berry|[eat]\n|-heal|p2b: Farigiraf|73\/100|[from] item: Sitrus Berry\n|upkeep\n|\n|t:|1698160267\n|switch|p2a: Torkoal|Torkoal, M|82\/100\n|-weather|SunnyDay|[from] ability: Drought|[of] p2a: Torkoal\n|turn|7\n|\n|t:|1698160286\n|move|p2a: Torkoal|Protect|p2a: Torkoal\n|-singleturn|p2a: Torkoal|Protect\n|move|p1b: Excadrill|High Horsepower|p2b: Farigiraf|[miss]\n|-miss|p1b: Excadrill|p2b: Farigiraf\n|move|p1a: Tyranitar|High Horsepower|p2a: Torkoal\n|-activate|p2a: Torkoal|move: Protect\n|move|p2b: Farigiraf|Trick Room|p2b: Farigiraf\n|-fieldstart|move: Trick Room|[of] p2b: Farigiraf\n|\n|-weather|SunnyDay|[upkeep]\n|upkeep\n|turn|8\n|c|\u2606Syph0n_78|But of course\n|c|\u2606Syph0n_78|I miss when i need to not miss\n|\n|t:|1698160304\n|move|p1a: Tyranitar|Protect|p1a: Tyranitar\n|-singleturn|p1a: Tyranitar|Protect\n|move|p1b: Excadrill|Protect|p1b: Excadrill\n|-singleturn|p1b: Excadrill|Protect\n|move|p2a: Torkoal|Eruption|p1b: Excadrill|[spread] \n|-activate|p1a: Tyranitar|move: Protect\n|-activate|p1b: Excadrill|move: Protect\n|move|p2b: Farigiraf|Hyper Voice|p1a: Tyranitar|[spread] \n|-activate|p1a: Tyranitar|move: Protect\n|-activate|p1b: Excadrill|move: Protect\n|\n|-weather|SunnyDay|[upkeep]\n|-activate|p2b: Farigiraf|ability: Cud Chew\n|-enditem|p2b: Farigiraf|Sitrus Berry|[eat]\n|-heal|p2b: Farigiraf|98\/100|[from] item: Sitrus Berry\n|upkeep\n|turn|9\n|inactive|Syph0n_78 has 270 seconds left.\n|\n|t:|1698160343\n|switch|p1a: Cradily|Cradily, F|100\/100\n|move|p2a: Torkoal|Eruption|p1a: Cradily|[spread] p1a,p1b\n|-damage|p1a: Cradily|50\/100\n|-damage|p1b: Excadrill|0 fnt\n|faint|p1b: Excadrill\n|move|p2b: Farigiraf|Hyper Voice|p1a: Cradily\n|-resisted|p1a: Cradily\n|-damage|p1a: Cradily|34\/100\n|\n|-weather|SunnyDay|[upkeep]\n|-heal|p1a: Cradily|40\/100|[from] item: Leftovers\n|upkeep\n|\n|t:|1698160356\n|switch|p1b: Tyranitar|Tyranitar-Mega, F|13\/100\n|-weather|Sandstorm|[from] ability: Sand Stream|[of] p1b: Tyranitar\n|turn|10\n|\n|t:|1698160372\n|move|p2a: Torkoal|Protect|p2a: Torkoal\n|-singleturn|p2a: Torkoal|Protect\n|move|p1b: Tyranitar|Protect|p1b: Tyranitar\n|-singleturn|p1b: Tyranitar|Protect\n|move|p2b: Farigiraf|Psychic|p1a: Cradily\n|-damage|p1a: Cradily|18\/100\n|move|p1a: Cradily|Leech Seed|p2b: Farigiraf\n|-start|p2b: Farigiraf|move: Leech Seed\n|\n|-weather|Sandstorm|[upkeep]\n|-damage|p2a: Torkoal|76\/100|[from] Sandstorm\n|-damage|p2b: Farigiraf|92\/100|[from] Sandstorm\n|-heal|p1a: Cradily|24\/100|[from] item: Leftovers\n|-damage|p2b: Farigiraf|79\/100|[from] Leech Seed|[of] p1a: Cradily\n|-heal|p1a: Cradily|39\/100|[silent]\n|upkeep\n|turn|11\n|inactive|Syph0n_78 has 270 seconds left.\n|c|\u2606Chaoss150|i think i lost\n|c|\u2606Syph0n_78|Nope\n|inactive|Syph0n_78 has 240 seconds left.\n|\n|t:|1698160453\n|switch|p2a: Armarouge|Armarouge, M|100\/100\n|switch|p1b: Ferrothorn|Ferrothorn, M|100\/100\n|move|p1a: Cradily|Protect|p1a: Cradily\n|-singleturn|p1a: Cradily|Protect\n|move|p2b: Farigiraf|Psychic Terrain|p2b: Farigiraf\n|-fieldstart|move: Psychic Terrain\n|\n|-weather|Sandstorm|[upkeep]\n|-damage|p2b: Farigiraf|73\/100|[from] Sandstorm\n|-damage|p2a: Armarouge|94\/100|[from] Sandstorm\n|-heal|p1a: Cradily|45\/100|[from] item: Leftovers\n|-damage|p2b: Farigiraf|61\/100|[from] Leech Seed|[of] p1a: Cradily\n|-heal|p1a: Cradily|60\/100|[silent]\n|-fieldend|move: Trick Room\n|upkeep\n|turn|12\n|inactive|Syph0n_78 has 240 seconds left.\n|inactive|Syph0n_78 has 210 seconds left.\n|c|\u2606Syph0n_78|Well shit i thought u were just gonna kill me\n|\n|t:|1698160512\n|move|p2a: Armarouge|Armor Cannon|p1b: Ferrothorn\n|-supereffective|p1b: Ferrothorn\n|-damage|p1b: Ferrothorn|0 fnt\n|-unboost|p2a: Armarouge|def|1\n|-unboost|p2a: Armarouge|spd|1\n|faint|p1b: Ferrothorn\n|move|p1a: Cradily|Rock Slide|p2b: Farigiraf|[spread] p2a,p2b\n|-supereffective|p2a: Armarouge\n|-damage|p2a: Armarouge|51\/100\n|-damage|p2b: Farigiraf|44\/100\n|move|p2b: Farigiraf|Trick Room|p2b: Farigiraf\n|-fieldstart|move: Trick Room|[of] p2b: Farigiraf\n|\n|-weather|Sandstorm|[upkeep]\n|-damage|p2b: Farigiraf|38\/100|[from] Sandstorm\n|-damage|p2a: Armarouge|45\/100|[from] Sandstorm\n|-heal|p1a: Cradily|66\/100|[from] item: Leftovers\n|-damage|p2b: Farigiraf|25\/100|[from] Leech Seed|[of] p1a: Cradily\n|-heal|p1a: Cradily|81\/100|[silent]\n|upkeep\n|inactive|Syph0n_78 has 180 seconds left.\n|\n|t:|1698160535\n|switch|p1b: Torterra|Torterra, F|100\/100\n|turn|13\n|inactive|Chaoss150 has 270 seconds left.\n|\n|t:|1698160578\n|move|p1b: Torterra|Protect|p1b: Torterra\n|-singleturn|p1b: Torterra|Protect\n|move|p2b: Farigiraf|Psychic|p1a: Cradily\n|-damage|p1a: Cradily|52\/100\n|move|p1a: Cradily|Rock Slide|p2a: Armarouge|[spread] p2a,p2b\n|-supereffective|p2a: Armarouge\n|-damage|p2a: Armarouge|3\/100\n|-damage|p2b: Farigiraf|8\/100\n|move|p2a: Armarouge|Armor Cannon|p1b: Torterra\n|-activate|p1b: Torterra|move: Protect\n|\n|-weather|Sandstorm|[upkeep]\n|-damage|p2b: Farigiraf|2\/100|[from] Sandstorm\n|-damage|p2a: Armarouge|0 fnt|[from] Sandstorm\n|faint|p2a: Armarouge\n|-heal|p1a: Cradily|58\/100|[from] item: Leftovers\n|-damage|p2b: Farigiraf|0 fnt|[from] Leech Seed|[of] p1a: Cradily\n|-heal|p1a: Cradily|61\/100|[silent]\n|faint|p2b: Farigiraf\n|upkeep\n|\n|t:|1698160584\n|switch|p2b: Indeedee|Indeedee-F, F|100\/100\n|switch|p2a: Torkoal|Torkoal, M|76\/100\n|-weather|SunnyDay|[from] ability: Drought|[of] p2a: Torkoal\n|turn|14\n|inactive|Syph0n_78 has 210 seconds left.\n|\n|t:|1698160611\n|switch|p1b: Tyranitar|Tyranitar-Mega, F|13\/100\n|-weather|Sandstorm|[from] ability: Sand Stream|[of] p1b: Tyranitar\n|move|p2a: Torkoal|Eruption|p1b: Tyranitar|[spread] p1a,p1b\n|-crit|p1a: Cradily\n|-resisted|p1b: Tyranitar\n|-damage|p1a: Cradily|29\/100\n|-damage|p1b: Tyranitar|2\/100\n|move|p1a: Cradily|Leech Seed|p2b: Indeedee\n|-start|p2b: Indeedee|move: Leech Seed\n|move|p2b: Indeedee|Expanding Force|p1a: Cradily|[spread] p1a\n|-immune|p1b: Tyranitar\n|-damage|p1a: Cradily|9\/100\n|\n|-weather|Sandstorm|[upkeep]\n|-damage|p2a: Torkoal|70\/100|[from] Sandstorm\n|-damage|p2b: Indeedee|94\/100|[from] Sandstorm\n|-heal|p1a: Cradily|15\/100|[from] item: Leftovers\n|-damage|p2b: Indeedee|82\/100|[from] Leech Seed|[of] p1a: Cradily\n|-heal|p1a: Cradily|26\/100|[silent]\n|upkeep\n|turn|15\n|inactive|Syph0n_78 has 210 seconds left.\n|\n|t:|1698160642\n|move|p1a: Cradily|Protect|p1a: Cradily\n|-singleturn|p1a: Cradily|Protect\n|move|p1b: Tyranitar|Protect|p1b: Tyranitar\n|-singleturn|p1b: Tyranitar|Protect\n|move|p2a: Torkoal|Eruption|p1a: Cradily|[spread] \n|-activate|p1a: Cradily|move: Protect\n|-activate|p1b: Tyranitar|move: Protect\n|move|p2b: Indeedee|Expanding Force|p1a: Cradily|[spread] \n|-activate|p1a: Cradily|move: Protect\n|-activate|p1b: Tyranitar|move: Protect\n|\n|-weather|Sandstorm|[upkeep]\n|-damage|p2a: Torkoal|64\/100|[from] Sandstorm\n|-damage|p2b: Indeedee|76\/100|[from] Sandstorm\n|-heal|p1a: Cradily|32\/100|[from] item: Leftovers\n|-damage|p2b: Indeedee|64\/100|[from] Leech Seed|[of] p1a: Cradily\n|-heal|p1a: Cradily|43\/100|[silent]\n|-fieldend|move: Psychic Terrain\n|upkeep\n|turn|16\n|inactive|Syph0n_78 has 210 seconds left.\n|c|\u2606Chaoss150|noooo\n|c|\u2606Chaoss150|gg\n|\n|t:|1698160673\n|move|p2a: Torkoal|Eruption|p1b: Tyranitar|[spread] p1a,p1b\n|-resisted|p1b: Tyranitar\n|-damage|p1a: Cradily|24\/100\n|-damage|p1b: Tyranitar|0 fnt\n|faint|p1b: Tyranitar\n|move|p1a: Cradily|Leech Seed|p2a: Torkoal\n|-start|p2a: Torkoal|move: Leech Seed\n|move|p2b: Indeedee|Expanding Force|p1a: Cradily\n|-damage|p1a: Cradily|9\/100\n|\n|-weather|Sandstorm|[upkeep]\n|-damage|p2a: Torkoal|58\/100|[from] Sandstorm\n|-damage|p2b: Indeedee|58\/100|[from] Sandstorm\n|-heal|p1a: Cradily|15\/100|[from] item: Leftovers\n|-damage|p2a: Torkoal|45\/100|[from] Leech Seed|[of] p1a: Cradily\n|-heal|p1a: Cradily|26\/100|[silent]\n|-damage|p2b: Indeedee|45\/100|[from] Leech Seed|[of] p1a: Cradily\n|-heal|p1a: Cradily|37\/100|[silent]\n|-fieldend|move: Trick Room\n|upkeep\n|inactive|Syph0n_78 has 180 seconds left.\n|\n|t:|1698160689\n|switch|p1b: Torterra|Torterra, F|100\/100\n|turn|17\n|c|\u2606Syph0n_78|CRADILY MY GOAT\n|\n|t:|1698160705\n|move|p2a: Torkoal|Protect|p2a: Torkoal\n|-singleturn|p2a: Torkoal|Protect\n|move|p1b: Torterra|Headlong Rush|p2a: Torkoal\n|-activate|p2a: Torkoal|move: Protect\n|move|p1a: Cradily|Rock Slide|p2b: Indeedee|[spread] p2b\n|-activate|p2a: Torkoal|move: Protect\n|-damage|p2b: Indeedee|22\/100\n|cant|p2b: Indeedee|flinch\n|\n|-weather|Sandstorm|[upkeep]\n|-damage|p2b: Indeedee|16\/100|[from] Sandstorm\n|-damage|p2a: Torkoal|39\/100|[from] Sandstorm\n|-heal|p1a: Cradily|43\/100|[from] item: Leftovers\n|-damage|p2b: Indeedee|4\/100|[from] Leech Seed|[of] p1a: Cradily\n|-heal|p1a: Cradily|54\/100|[silent]\n|-damage|p2a: Torkoal|27\/100|[from] Leech Seed|[of] p1a: Cradily\n|-heal|p1a: Cradily|66\/100|[silent]\n|upkeep\n|turn|18\n|c|\u2606Syph0n_78|LETS\n|c|\u2606Syph0n_78|GOOOOOO\n|\n|t:|1698160733\n|move|p2b: Indeedee|Helping Hand|p2a: Torkoal\n|-singleturn|p2a: Torkoal|Helping Hand|[of] p2b: Indeedee\n|move|p1b: Torterra|Headlong Rush|p2a: Torkoal\n|-supereffective|p2a: Torkoal\n|-damage|p2a: Torkoal|0 fnt\n|-unboost|p1b: Torterra|def|1\n|-unboost|p1b: Torterra|spd|1\n|faint|p2a: Torkoal\n|move|p1a: Cradily|Rock Slide|p2b: Indeedee\n|-damage|p2b: Indeedee|0 fnt\n|faint|p2b: Indeedee\n|\n|win|Syph0n_78\n|c|\u2606Syph0n_78|CRADILY IS MY GOAT\n|l|\u2606Chaoss150\n","uploadtime":1698161266,"views":16,"p1id":"syph0n78","p2id":"chaoss150","formatid":"gen9nationaldexdoubles","rating":0,"private":0,"password":""}