{"id":"gen9nationaldexdoubles-1990807181","p1":"Obsidrugon","p2":"The OG Trainer Red","format":"[Gen 9] National Dex Doubles","log":"|j|\u2606Obsidrugon\n|j|\u2606The OG Trainer Red\n|t:|1700002822\n|gametype|doubles\n|player|p1|Obsidrugon|erika-gen1|1196\n|player|p2|The OG Trainer Red|fisherman-gen4|1262\n|teamsize|p1|6\n|teamsize|p2|6\n|gen|9\n|tier|[Gen 9] National Dex Doubles\n|rated|\n|rule|HP Percentage Mod: HP is shown in percentages\n|rule|Endless Battle Clause: Forcing endless battles is banned\n|rule|OHKO Clause: OHKO moves are banned\n|rule|Evasion Moves Clause: Evasion moves are banned\n|rule|Evasion Abilities Clause: Evasion abilities are banned\n|rule|Species Clause: Limit one of each Pok\u00e9mon\n|rule|Gravity Sleep Clause: The combination of sleep-inducing moves with imperfect accuracy and Gravity or Gigantamax Orbeetle are banned\n|clearpoke\n|poke|p1|Liepard, M|\n|poke|p1|Oricorio-Pom-Pom, M|\n|poke|p1|Volcarona, F|\n|poke|p1|Iron Moth|\n|poke|p1|Lucario, M|\n|poke|p1|Rabsca, F|\n|poke|p2|Ninetales, F|\n|poke|p2|Leafeon, F|\n|poke|p2|Espeon, F|\n|poke|p2|Indeedee-F, F|\n|poke|p2|Umbreon, F|\n|poke|p2|Cresselia, F|\n|teampreview\n|inactive|Battle timer is ON: inactive players will automatically lose when time's up. (requested by Obsidrugon)\n|\n|t:|1700002890\n|start\n|switch|p1a: Oricorio|Oricorio-Pom-Pom, M, shiny|100\/100\n|switch|p1b: Liepard|Liepard, M, shiny|100\/100\n|switch|p2a: Espeon|Espeon, F|100\/100\n|switch|p2b: Indeedee|Indeedee-F, F|100\/100\n|-fieldstart|move: Psychic Terrain|[from] ability: Psychic Surge|[of] p2b: Indeedee\n|turn|1\n|\n|t:|1700002909\n|-terastallize|p2a: Espeon|Fairy\n|move|p1b: Liepard|Role Play|p1a: Oricorio\n|-endability|p1b: Liepard|Prankster|[from] move: Role Play\n|-ability|p1b: Liepard|Dancer|[from] move: Role Play|[of] p1a: Oricorio\n|move|p2a: Espeon|Draining Kiss|p1b: Liepard\n|-supereffective|p1b: Liepard\n|-enditem|p1b: Liepard|Focus Sash\n|-damage|p1b: Liepard|1\/100\n|move|p1a: Oricorio|Quiver Dance|p1a: Oricorio\n|-boost|p1a: Oricorio|spa|1\n|-boost|p1a: Oricorio|spd|1\n|-boost|p1a: Oricorio|spe|1\n|-activate|p1b: Liepard|ability: Dancer\n|move|p1b: Liepard|Quiver Dance|p1b: Liepard|[from]ability: Dancer\n|-boost|p1b: Liepard|spa|1\n|-boost|p1b: Liepard|spd|1\n|-boost|p1b: Liepard|spe|1\n|move|p2b: Indeedee|Expanding Force|p1a: Oricorio|[spread] p1a\n|-immune|p1b: Liepard\n|-damage|p1a: Oricorio|50\/100\n|\n|upkeep\n|turn|2\n|\n|t:|1700002933\n|move|p1a: Oricorio|Revelation Dance|p2b: Indeedee\n|-damage|p2b: Indeedee|36\/100\n|-activate|p1b: Liepard|ability: Dancer\n|move|p1b: Liepard|Revelation Dance|p2b: Indeedee|[from]ability: Dancer\n|-supereffective|p2b: Indeedee\n|-damage|p2b: Indeedee|0 fnt\n|faint|p2b: Indeedee\n|move|p1b: Liepard|Copycat|p1b: Liepard\n|move|p1b: Liepard|Revelation Dance|p2a: Espeon|[from]move: Copycat\n|-resisted|p2a: Espeon\n|-damage|p2a: Espeon|64\/100\n|-activate|p1a: Oricorio|ability: Dancer\n|move|p1a: Oricorio|Revelation Dance|p2a: Espeon|[from]ability: Dancer\n|-damage|p2a: Espeon|0 fnt\n|faint|p2a: Espeon\n|\n|upkeep\n|inactive|The OG Trainer Red has 120 seconds left.\n|c|\u2606The OG Trainer Red|that is the biggest load of bullshit I have ever seen\n|\n|t:|1700002969\n|switch|p2a: Ninetales|Ninetales, F|100\/100\n|switch|p2b: Leafeon|Leafeon, F|100\/100\n|-weather|SunnyDay|[from] ability: Drought|[of] p2a: Ninetales\n|turn|3\n|c|\u2606Obsidrugon|:)\n|inactive|The OG Trainer Red has 120 seconds left.\n|\n|t:|1700002986\n|move|p1a: Oricorio|Protect|p1a: Oricorio\n|-singleturn|p1a: Oricorio|Protect\n|move|p2b: Leafeon|X-Scissor|p1b: Liepard\n|-supereffective|p1b: Liepard\n|-damage|p1b: Liepard|0 fnt\n|faint|p1b: Liepard\n|move|p2a: Ninetales|Flamethrower|p1a: Oricorio\n|-activate|p1a: Oricorio|move: Protect\n|\n|-weather|SunnyDay|[upkeep]\n|upkeep\n|\n|t:|1700002995\n|switch|p1b: Iron Moth|Iron Moth, shiny|100\/100\n|-enditem|p1b: Iron Moth|Booster Energy\n|-activate|p1b: Iron Moth|ability: Quark Drive|[fromitem]\n|-start|p1b: Iron Moth|quarkdrivespe\n|turn|4\n|\n|t:|1700003006\n|move|p1b: Iron Moth|Fiery Dance|p2b: Leafeon\n|-supereffective|p2b: Leafeon\n|-damage|p2b: Leafeon|0 fnt\n|-boost|p1b: Iron Moth|spa|1\n|faint|p2b: Leafeon\n|-activate|p1a: Oricorio|ability: Dancer\n|move|p1a: Oricorio|Fiery Dance|p2a: Ninetales|[from]ability: Dancer\n|-resisted|p2a: Ninetales\n|-damage|p2a: Ninetales|64\/100\n|move|p1a: Oricorio|Revelation Dance|p2a: Ninetales\n|-damage|p2a: Ninetales|0 fnt\n|faint|p2a: Ninetales\n|\n|-weather|SunnyDay|[upkeep]\n|upkeep\n|c|\u2606The OG Trainer Red|shit...\n|inactive|The OG Trainer Red has 120 seconds left.\n|c|\u2606The OG Trainer Red|How is it that fucking fast..\n|c|\u2606Obsidrugon|:)\n|\n|t:|1700003031\n|switch|p2a: Umbreon|Umbreon, F|100\/100\n|switch|p2b: Cresselia|Cresselia, F|100\/100\n|turn|5\n|\n|t:|1700003044\n|-terastallize|p1a: Oricorio|Fighting\n|move|p1b: Iron Moth|Fiery Dance|p2b: Cresselia\n|-damage|p2b: Cresselia|41\/100\n|-activate|p1a: Oricorio|ability: Dancer\n|move|p1a: Oricorio|Fiery Dance|p2b: Cresselia|[from]ability: Dancer\n|-damage|p2b: Cresselia|1\/100\n|move|p1a: Oricorio|Revelation Dance|p2a: Umbreon\n|-supereffective|p2a: Umbreon\n|-damage|p2a: Umbreon|7\/100\n|move|p2b: Cresselia|Calm Mind|p2b: Cresselia\n|-boost|p2b: Cresselia|spa|1\n|-boost|p2b: Cresselia|spd|1\n|move|p2a: Umbreon|Calm Mind|p2a: Umbreon\n|-boost|p2a: Umbreon|spa|1\n|-boost|p2a: Umbreon|spd|1\n|\n|-weather|SunnyDay|[upkeep]\n|-heal|p2b: Cresselia|7\/100|[from] item: Leftovers\n|-heal|p2a: Umbreon|13\/100|[from] item: Leftovers\n|-fieldend|move: Psychic Terrain\n|upkeep\n|turn|6\n|-message|The OG Trainer Red forfeited.\n|\n|win|Obsidrugon\n|raw|Obsidrugon's rating: 1196 &rarr; <strong>1226<\/strong><br \/>(+30 for winning)\n|raw|The OG Trainer Red's rating: 1262 &rarr; <strong>1232<\/strong><br \/>(-30 for losing)\n|l|\u2606The OG Trainer Red\n","uploadtime":1700003071,"views":23,"p1id":"obsidrugon","p2id":"theogtrainerred","formatid":"gen9nationaldexdoubles","rating":1226,"private":0,"password":""}