{"id":"gen9nationaldexdoubles-1998292059","p1":"MrTRB","p2":"myarip","format":"[Gen 9] National Dex Doubles","log":"|j|\u2606MrTRB\n|j|\u2606myarip\n|t:|1700925578\n|gametype|doubles\n|player|p1|MrTRB|benga|\n|player|p2|myarip|lady|\n|teamsize|p1|6\n|teamsize|p2|6\n|gen|9\n|tier|[Gen 9] National Dex Doubles\n|rule|HP Percentage Mod: HP is shown in percentages\n|rule|Endless Battle Clause: Forcing endless battles is banned\n|rule|OHKO Clause: OHKO moves are banned\n|rule|Evasion Moves Clause: Evasion moves are banned\n|rule|Evasion Abilities Clause: Evasion abilities are banned\n|rule|Species Clause: Limit one of each Pok\u00e9mon\n|rule|Gravity Sleep Clause: The combination of sleep-inducing moves with imperfect accuracy and Gravity or Gigantamax Orbeetle are banned\n|clearpoke\n|poke|p1|Seismitoad, F|\n|poke|p1|Pelipper, M|\n|poke|p1|Gholdengo|\n|poke|p1|Garganacl, F|\n|poke|p1|Serperior, F|\n|poke|p1|Baxcalibur, M|\n|poke|p2|Weezing-Galar, M|\n|poke|p2|Iron Valiant|\n|poke|p2|Comfey, M|\n|poke|p2|Azumarill, M|\n|poke|p2|Florges, F|\n|poke|p2|Flutter Mane|\n|teampreview\n|\n|t:|1700925607\n|start\n|switch|p1a: Seismitoad|Seismitoad, F, shiny|100\/100\n|switch|p1b: Serperior|Serperior, F, shiny|100\/100\n|switch|p2a: Florges|Florges, F|100\/100\n|switch|p2b: Azumarill|Azumarill, M|100\/100\n|turn|1\n|\n|t:|1700925650\n|switch|p1b: Pelipper|Pelipper, M, shiny|100\/100\n|-weather|RainDance|[from] ability: Drizzle|[of] p1b: Pelipper\n|switch|p2b: Weezing|Weezing-Galar, M|100\/100\n|-fieldstart|move: Misty Terrain|[from] ability: Misty Surge|[of] p2b: Weezing\n|move|p1a: Seismitoad|Earthquake|p2a: Florges|[spread] p2a,p2b\n|-immune|p1b: Pelipper\n|-supereffective|p2b: Weezing\n|-damage|p2a: Florges|64\/100\n|-damage|p2b: Weezing|54\/100\n|move|p2a: Florges|Pollen Puff|p1b: Pelipper\n|-resisted|p1b: Pelipper\n|-damage|p1b: Pelipper|84\/100\n|\n|-weather|RainDance|[upkeep]\n|upkeep\n|turn|2\n|\n|t:|1700925685\n|move|p1a: Seismitoad|Earthquake|p2b: Weezing|[spread] p2a,p2b\n|-immune|p1b: Pelipper\n|-supereffective|p2b: Weezing\n|-damage|p2a: Florges|26\/100\n|-damage|p2b: Weezing|10\/100\n|move|p2a: Florges|Pollen Puff|p2b: Weezing\n|-heal|p2b: Weezing|60\/100\n|move|p1b: Pelipper|Tailwind|p1b: Pelipper\n|-sidestart|p1: MrTRB|move: Tailwind\n|move|p2b: Weezing|Dazzling Gleam|p1a: Seismitoad|[spread] p1a,p1b\n|-crit|p1b: Pelipper\n|-damage|p1a: Seismitoad|85\/100\n|-damage|p1b: Pelipper|47\/100\n|\n|-weather|RainDance|[upkeep]\n|upkeep\n|turn|3\n|\n|t:|1700925715\n|move|p1a: Seismitoad|Earthquake|p2b: Weezing|[spread] p2a,p2b\n|-immune|p1b: Pelipper\n|-supereffective|p2b: Weezing\n|-damage|p2a: Florges|0 fnt\n|-damage|p2b: Weezing|17\/100\n|faint|p2a: Florges\n|move|p1b: Pelipper|Hurricane|p2b: Weezing\n|-damage|p2b: Weezing|0 fnt\n|faint|p2b: Weezing\n|\n|-weather|RainDance|[upkeep]\n|upkeep\n|\n|t:|1700925733\n|switch|p2a: Flutter Mane|Flutter Mane|100\/100\n|switch|p2b: Comfey|Comfey, M|100\/100\n|turn|4\n|\n|t:|1700925746\n|-terastallize|p2a: Flutter Mane|Fairy\n|move|p1a: Seismitoad|Earthquake|p2a: Flutter Mane|[spread] p2a,p2b\n|-immune|p1b: Pelipper\n|-damage|p2a: Flutter Mane|21\/100\n|-damage|p2b: Comfey|59\/100\n|move|p2a: Flutter Mane|Moonblast|p1a: Seismitoad\n|-damage|p1a: Seismitoad|8\/100\n|move|p1b: Pelipper|U-turn|p2a: Flutter Mane\n|-resisted|p2a: Flutter Mane\n|-damage|p2a: Flutter Mane|11\/100\n|\n|t:|1700925765\n|switch|p1b: Gholdengo|Gholdengo|100\/100|[from] U-turn\n|move|p2b: Comfey|Tailwind|p2b: Comfey\n|-sidestart|p2: myarip|move: Tailwind\n|\n|-weather|RainDance|[upkeep]\n|-heal|p2b: Comfey|65\/100|[from] item: Leftovers\n|upkeep\n|turn|5\n|\n|t:|1700925782\n|move|p2b: Comfey|Floral Healing|p2a: Flutter Mane\n|-heal|p2a: Flutter Mane|61\/100\n|move|p1a: Seismitoad|Ice Punch|p2b: Comfey\n|-damage|p2b: Comfey|36\/100\n|move|p2a: Flutter Mane|Moonblast|p1a: Seismitoad\n|-damage|p1a: Seismitoad|0 fnt\n|faint|p1a: Seismitoad\n|move|p1b: Gholdengo|Make It Rain|p2b: Comfey|[spread] p2a,p2b\n|-supereffective|p2a: Flutter Mane\n|-supereffective|p2b: Comfey\n|-damage|p2a: Flutter Mane|0 fnt\n|-damage|p2b: Comfey|0 fnt\n|-unboost|p1b: Gholdengo|spa|1\n|faint|p2a: Flutter Mane\n|-end|p2a: Flutter Mane|Protosynthesis|[silent]\n|faint|p2b: Comfey\n|\n|-weather|RainDance|[upkeep]\n|-sideend|p1: MrTRB|move: Tailwind\n|upkeep\n|\n|t:|1700925805\n|switch|p2a: Iron Valiant|Iron Valiant|100\/100\n|switch|p2b: Azumarill|Azumarill, M|100\/100\n|switch|p1a: Serperior|Serperior, F, shiny|100\/100\n|-enditem|p2a: Iron Valiant|Booster Energy\n|-activate|p2a: Iron Valiant|ability: Quark Drive|[fromitem]\n|-start|p2a: Iron Valiant|quarkdrivespe\n|turn|6\n|\n|t:|1700925823\n|move|p2a: Iron Valiant|Shadow Sneak|p1b: Gholdengo\n|-supereffective|p1b: Gholdengo\n|-damage|p1b: Gholdengo|69\/100\n|move|p2b: Azumarill|Return|p1a: Serperior\n|-damage|p1a: Serperior|58\/100\n|move|p1a: Serperior|Glare|p2a: Iron Valiant\n|-activate|p2a: Iron Valiant|move: Misty Terrain\n|move|p1b: Gholdengo|Make It Rain|p2a: Iron Valiant|[spread] p2a,p2b\n|-supereffective|p2a: Iron Valiant\n|-damage|p2a: Iron Valiant|0 fnt\n|-damage|p2b: Azumarill|62\/100\n|-unboost|p1b: Gholdengo|spa|1\n|faint|p2a: Iron Valiant\n|-end|p2a: Iron Valiant|Quark Drive|[silent]\n|\n|-weather|RainDance|[upkeep]\n|-heal|p1a: Serperior|64\/100|[from] item: Leftovers\n|upkeep\n|turn|7\n|\n|t:|1700925846\n|move|p2b: Azumarill|Return|p1a: Serperior\n|-damage|p1a: Serperior|22\/100\n|move|p1a: Serperior|Leaf Storm|p2b: Azumarill\n|-supereffective|p2b: Azumarill\n|-damage|p2b: Azumarill|0 fnt\n|-boost|p1a: Serperior|spa|2\n|faint|p2b: Azumarill\n|\n|win|MrTRB\n|c|\u2606myarip|gg\n|c|\u2606myarip|im going back to sleep\n|c|\u2606MrTRB|Gg\n|c|\u2606MrTRB|Ok\n|l|\u2606myarip\n","uploadtime":1700925867,"views":2,"p1id":"mrtrb","p2id":"myarip","formatid":"gen9nationaldexdoubles","rating":0,"private":0,"password":""}