{"id":"gen9nationaldexdoubles-1989330017","p1":"Art_0r","p2":"mostelyharmless","format":"[Gen 9] National Dex Doubles","log":"|j|\u2606Art_0r\n|j|\u2606mostelyharmless\n|t:|1699837098\n|gametype|doubles\n|player|p1|Art_0r|dawn-gen4pt|1085\n|player|p2|mostelyharmless|cheren-gen5bw2|1000\n|teamsize|p1|6\n|teamsize|p2|6\n|gen|9\n|tier|[Gen 9] National Dex Doubles\n|rated|\n|rule|HP Percentage Mod: HP is shown in percentages\n|rule|Endless Battle Clause: Forcing endless battles is banned\n|rule|OHKO Clause: OHKO moves are banned\n|rule|Evasion Moves Clause: Evasion moves are banned\n|rule|Evasion Abilities Clause: Evasion abilities are banned\n|rule|Species Clause: Limit one of each Pok\u00e9mon\n|rule|Gravity Sleep Clause: The combination of sleep-inducing moves with imperfect accuracy and Gravity or Gigantamax Orbeetle are banned\n|clearpoke\n|poke|p1|Polteageist|\n|poke|p1|Obstagoon, M|\n|poke|p1|Tapu Lele|\n|poke|p1|Zoroark-Hisui, M|\n|poke|p1|Cresselia, F|\n|poke|p1|Luxray, M|\n|poke|p2|Indeedee-F, F|\n|poke|p2|Scolipede, M|\n|poke|p2|Audino, F|\n|poke|p2|Garbodor, M|\n|poke|p2|Aegislash, M|\n|poke|p2|Krookodile, M|\n|teampreview\n|\n|t:|1699837124\n|start\n|switch|p1a: Polteageist|Polteageist|100\/100\n|switch|p1b: Obstagoon|Obstagoon, M, shiny|100\/100\n|switch|p2a: Amine|Audino, F|100\/100\n|switch|p2b: Eye Sword|Aegislash, M|100\/100\n|turn|1\n|\n|t:|1699837145\n|detailschange|p2a: Amine|Audino-Mega, F\n|-mega|p2a: Amine|Audino|Audinite\n|move|p1b: Obstagoon|Obstruct|p1b: Obstagoon\n|-singleturn|p1b: Obstagoon|Protect\n|move|p1a: Polteageist|Shell Smash|p1a: Polteageist\n|-unboost|p1a: Polteageist|def|1\n|-unboost|p1a: Polteageist|spd|1\n|-boost|p1a: Polteageist|atk|2\n|-boost|p1a: Polteageist|spa|2\n|-boost|p1a: Polteageist|spe|2\n|-enditem|p1a: Polteageist|White Herb\n|-clearnegativeboost|p1a: Polteageist|[silent]\n|move|p2b: Eye Sword|Swords Dance|p2b: Eye Sword\n|-boost|p2b: Eye Sword|atk|2\n|move|p2a: Amine|Trick Room|p2a: Amine\n|-fieldstart|move: Trick Room|[of] p2a: Amine\n|\n|-status|p1b: Obstagoon|brn|[from] item: Flame Orb\n|upkeep\n|turn|2\n|\n|t:|1699837184\n|move|p2a: Amine|Helping Hand|p2b: Eye Sword\n|-singleturn|p2b: Eye Sword|Helping Hand|[of] p2a: Amine\n|-formechange|p2b: Eye Sword|Aegislash-Blade||[from] ability: Stance Change\n|move|p2b: Eye Sword|Iron Head|p1a: Polteageist\n|-damage|p1a: Polteageist|0 fnt\n|faint|p1a: Polteageist\n|move|p1b: Obstagoon|Parting Shot|p2b: Eye Sword\n|-unboost|p2b: Eye Sword|atk|1\n|-unboost|p2b: Eye Sword|spa|1\n|\n|t:|1699837198\n|switch|p1b: Cresselia|Cresselia, F, shiny|100\/100|[from] Parting Shot\n|\n|upkeep\n|\n|t:|1699837201\n|switch|p1a: Tapu Lele|Tapu Lele|100\/100\n|-fieldstart|move: Psychic Terrain|[from] ability: Psychic Surge|[of] p1a: Tapu Lele\n|turn|3\n|\n|t:|1699837218\n|move|p2a: Amine|Helping Hand|p2b: Eye Sword\n|-singleturn|p2b: Eye Sword|Helping Hand|[of] p2a: Amine\n|move|p1a: Tapu Lele|Protect|p1a: Tapu Lele\n|-singleturn|p1a: Tapu Lele|Protect\n|move|p2b: Eye Sword|Iron Head|p1b: Cresselia\n|-enditem|p1b: Cresselia|Focus Sash\n|-damage|p1b: Cresselia|1\/100\n|replace|p1b: Zoroark|Zoroark-Hisui, M\n|-end|p1b: Zoroark|Illusion\n|cant|p1b: Zoroark|flinch\n|\n|upkeep\n|turn|4\n|\n|t:|1699837248\n|move|p2a: Amine|Draining Kiss|p1a: Tapu Lele\n|-damage|p1a: Tapu Lele|87\/100\n|move|p2b: Eye Sword|Iron Head|p1b: Zoroark\n|-damage|p1b: Zoroark|0 fnt\n|faint|p1b: Zoroark\n|move|p1a: Tapu Lele|Nature's Madness|p2a: Amine\n|-damage|p2a: Amine|50\/100\n|\n|upkeep\n|\n|t:|1699837262\n|switch|p1b: Luxray|Luxray, M|100\/100\n|-ability|p1b: Luxray|Intimidate|boost\n|-unboost|p2a: Amine|atk|1\n|-unboost|p2b: Eye Sword|atk|1\n|turn|5\n|\n|t:|1699837286\n|move|p2a: Amine|Draining Kiss|p1a: Tapu Lele\n|-damage|p1a: Tapu Lele|74\/100\n|-heal|p2a: Amine|60\/100|[from] drain|[of] p1a: Tapu Lele\n|move|p2b: Eye Sword|Swords Dance|p2b: Eye Sword\n|-boost|p2b: Eye Sword|atk|2\n|move|p1b: Luxray|Crunch|p2b: Eye Sword\n|-supereffective|p2b: Eye Sword\n|-damage|p2b: Eye Sword|0 fnt\n|faint|p2b: Eye Sword\n|move|p1a: Tapu Lele|Nature's Madness|p2a: Amine\n|-damage|p2a: Amine|30\/100\n|\n|-fieldend|move: Trick Room\n|upkeep\n|\n|t:|1699837306\n|switch|p2b: Amide|Indeedee-F, F|100\/100\n|turn|6\n|inactive|Battle timer is ON: inactive players will automatically lose when time's up. (requested by mostelyharmless)\n|-message|Art_0r forfeited.\n|\n|win|mostelyharmless\n|raw|Art_0r's rating: 1085 &rarr; <strong>1057<\/strong><br \/>(-28 for losing)\n|raw|mostelyharmless's rating: 1000 &rarr; <strong>1050<\/strong><br \/>(+50 for winning)\n|l|\u2606Art_0r\n","uploadtime":1699837471,"views":6,"p1id":"art0r","p2id":"mostelyharmless","formatid":"gen9nationaldexdoubles","rating":1050,"private":0,"password":""}