{"id":"gen9nationaldexdoubles-1966656848","p1":"Sakura the blossom","p2":"Sencopion","format":"[Gen 9] National Dex Doubles","log":"|j|\u2606Sakura the blossom\n|j|\u2606Sencopion\n|t:|1697211192\n|gametype|doubles\n|player|p1|Sakura the blossom|caitlin|\n|player|p2|Sencopion|hiker-gen4|\n|teamsize|p1|6\n|teamsize|p2|6\n|gen|9\n|tier|[Gen 9] National Dex Doubles\n|rule|HP Percentage Mod: HP is shown in percentages\n|rule|Endless Battle Clause: Forcing endless battles is banned\n|rule|OHKO Clause: OHKO moves are banned\n|rule|Evasion Moves Clause: Evasion moves are banned\n|rule|Evasion Abilities Clause: Evasion abilities are banned\n|rule|Species Clause: Limit one of each Pok\u00e9mon\n|rule|Gravity Sleep Clause: The combination of sleep-inducing moves with imperfect accuracy and Gravity or Gigantamax Orbeetle are banned\n|clearpoke\n|poke|p1|Bouffalant, F|\n|poke|p1|Armarouge, M|\n|poke|p1|Indeedee-F, F|\n|poke|p1|Staraptor, F|\n|poke|p1|Maushold|\n|poke|p1|Gardevoir, F|\n|poke|p2|Hatterene, F|\n|poke|p2|Camerupt, M|\n|poke|p2|Indeedee-F, F|\n|poke|p2|Armarouge, M|\n|poke|p2|Torkoal, M|\n|poke|p2|Kingambit, F|\n|teampreview\n|inactive|Battle timer is ON: inactive players will automatically lose when time's up. (requested by Sencopion)\n|inactive|Sakura the blossom also wants the timer to be on.\n|c|\u2606Sakura the blossom|Nice team\n|c|\u2606Sencopion|great minds think alike\n|c|\u2606Sakura the blossom|Yep\n|inactive|Sencopion has 270 seconds left.\n|c|\u2606Sencopion|can I invite henry?\n|c|\u2606Sencopion|To watch\n|c|\u2606Sakura the blossom|And draco sure\n|c|\u2606Sencopion|k\n|inactive|Sencopion no longer wants the timer on, but the timer is staying on because sakuratheblossom still does.\n|inactive|Sencopion has 240 seconds left.\n|inactiveoff|Battle timer is now OFF.\n|c|\u2606Sencopion|Well, they were invited\n|j| henreyeyee\n|c|\u2606Sencopion|glhf\n|c|\u2606Sakura the blossom|Gl hf\n|c| henreyeyee|hello\n|c|\u2606Sakura the blossom|Hello\n|c| henreyeyee|this kid keeps running trick room\n|c| henreyeyee|i will just commentate\n|c|\u2606Sakura the blossom|Really now?\n|c|\u2606Sakura the blossom|Okis\n|\n|t:|1697211369\n|start\n|switch|p1a: Armarouge|Armarouge, M|100\/100\n|switch|p1b: Maushold|Maushold|100\/100\n|switch|p2a: Indeedee|Indeedee-F, F|100\/100\n|switch|p2b: Armarouge|Armarouge, M|100\/100\n|-fieldstart|move: Psychic Terrain|[from] ability: Psychic Surge|[of] p2a: Indeedee\n|turn|1\n|c| henreyeyee|mausape but its armarouge\n|c| henreyeyee|i think saki is onto something\n|\n|t:|1697211395\n|move|p1a: Armarouge|Endure|p1a: Armarouge\n|-singleturn|p1a: Armarouge|move: Endure\n|move|p2a: Indeedee|Follow Me|p2a: Indeedee\n|-singleturn|p2a: Indeedee|move: Follow Me\n|move|p1b: Maushold|Beat Up|p2a: Indeedee\n|-supereffective|p2a: Indeedee\n|-damage|p2a: Indeedee|94\/100\n|-supereffective|p2a: Indeedee\n|-damage|p2a: Indeedee|87\/100\n|-supereffective|p2a: Indeedee\n|-damage|p2a: Indeedee|81\/100\n|-supereffective|p2a: Indeedee\n|-damage|p2a: Indeedee|73\/100\n|-supereffective|p2a: Indeedee\n|-damage|p2a: Indeedee|66\/100\n|-supereffective|p2a: Indeedee\n|-damage|p2a: Indeedee|60\/100\n|-hitcount|p2a: Indeedee|6\n|move|p2b: Armarouge|Expanding Force|p1a: Armarouge|[spread] p1a,p1b\n|-resisted|p1a: Armarouge\n|-damage|p1a: Armarouge|58\/100\n|-damage|p1b: Maushold|0 fnt\n|faint|p1b: Maushold\n|-damage|p2b: Armarouge|91\/100|[from] item: Life Orb\n|\n|upkeep\n|c| henreyeyee|LMAOOOOOOOOOOOO\n|c| henreyeyee|HOLY SHIT ITS REAL\n|\n|t:|1697211426\n|switch|p1b: Staraptor|Staraptor, F|100\/100\n|turn|2\n|\n|t:|1697211441\n|move|p2a: Indeedee|Follow Me|p2a: Indeedee\n|-singleturn|p2a: Indeedee|move: Follow Me\n|move|p1b: Staraptor|Brave Bird|p2a: Indeedee\n|-crit|p2a: Indeedee\n|-damage|p2a: Indeedee|0 fnt\n|faint|p2a: Indeedee\n|-damage|p1b: Staraptor|79\/100|[from] Recoil\n|move|p1a: Armarouge|Expanding Force|p2b: Armarouge\n|-resisted|p2b: Armarouge\n|-damage|p2b: Armarouge|45\/100\n|move|p2b: Armarouge|Trick Room|p2b: Armarouge\n|-fieldstart|move: Trick Room|[of] p2b: Armarouge\n|\n|upkeep\n|\n|t:|1697211456\n|switch|p2a: Camerupt|Camerupt, M|100\/100\n|turn|3\n|c| henreyeyee|good crit\n|\n|t:|1697211467\n|detailschange|p2a: Camerupt|Camerupt-Mega, M\n|-mega|p2a: Camerupt|Camerupt|Cameruptite\n|move|p1a: Armarouge|Endure|p1a: Armarouge\n|-singleturn|p1a: Armarouge|move: Endure\n|move|p2a: Camerupt|Earth Power|p1a: Armarouge\n|-supereffective|p1a: Armarouge\n|-activate|p1a: Armarouge|move: Endure\n|-damage|p1a: Armarouge|1\/100\n|-enditem|p1a: Armarouge|Weakness Policy\n|-boost|p1a: Armarouge|atk|2|[from] item: Weakness Policy\n|-boost|p1a: Armarouge|spa|2|[from] item: Weakness Policy\n|move|p2b: Armarouge|Expanding Force|p1b: Staraptor|[spread] p1a,p1b\n|-resisted|p1a: Armarouge\n|-activate|p1a: Armarouge|move: Endure\n|-damage|p1a: Armarouge|1\/100\n|-damage|p1b: Staraptor|0 fnt\n|faint|p1b: Staraptor\n|-damage|p2b: Armarouge|36\/100|[from] item: Life Orb\n|\n|upkeep\n|c| henreyeyee|nice set from saki\n|\n|t:|1697211485\n|switch|p1b: Gardevoir|Gardevoir, F|100\/100\n|-ability|p1b: Gardevoir|Sheer Force|[from] ability: Trace|[of] p2a: Camerupt\n|turn|4\n|\n|t:|1697211504\n|detailschange|p1b: Gardevoir|Gardevoir-Mega, F\n|-mega|p1b: Gardevoir|Gardevoir|Gardevoirite\n|move|p2a: Camerupt|Eruption|p1a: Armarouge|[spread] p1a,p1b\n|-resisted|p1a: Armarouge\n|-damage|p1a: Armarouge|0 fnt\n|-damage|p1b: Gardevoir|38\/100\n|faint|p1a: Armarouge\n|move|p2b: Armarouge|Expanding Force|p1b: Gardevoir\n|-resisted|p1b: Gardevoir\n|-damage|p1b: Gardevoir|0 fnt\n|faint|p1b: Gardevoir\n|-damage|p2b: Armarouge|26\/100|[from] item: Life Orb\n|\n|upkeep\n|c| henreyeyee|gardevoir comes out most likely extreme eeveeboost\n|c| henreyeyee|nvm its tera water\n|\n|t:|1697211517\n|switch|p1a: Indeedee|Indeedee-F, F|100\/100\n|switch|p1b: Bouffalant|Bouffalant, F|100\/100\n|-enditem|p1a: Indeedee|Psychic Seed\n|-boost|p1a: Indeedee|spd|1|[from] item: Psychic Seed\n|turn|5\n|c| henreyeyee|and i think saki has played too much unite hence the bouffalant\n|\n|t:|1697211532\n|move|p1a: Indeedee|Helping Hand|p1b: Bouffalant\n|-singleturn|p1b: Bouffalant|Helping Hand|[of] p1a: Indeedee\n|move|p2a: Camerupt|Eruption|p1a: Indeedee|[spread] p1a,p1b\n|-damage|p1a: Indeedee|55\/100\n|-damage|p1b: Bouffalant|33\/100\n|move|p2b: Armarouge|Expanding Force|p1a: Indeedee|[spread] p1a,p1b\n|-resisted|p1a: Indeedee\n|-damage|p1a: Indeedee|27\/100\n|-damage|p1b: Bouffalant|0 fnt\n|faint|p1b: Bouffalant\n|-damage|p2b: Armarouge|16\/100|[from] item: Life Orb\n|\n|-fieldend|move: Psychic Terrain\n|upkeep\n|turn|6\n|c| henreyeyee|really leaning towards the jungle strat\n|c|\u2606Sakura the blossom|Oh well my plan failed and i lost\n|\n|t:|1697211557\n|move|p2a: Camerupt|Eruption|p1a: Indeedee\n|-damage|p1a: Indeedee|0 fnt\n|faint|p1a: Indeedee\n|\n|win|Sencopion\n|c|\u2606Sencopion|gg wp\n|c|\u2606Sakura the blossom|I didnt play well lmao\n|c|\u2606Sakura the blossom|Gg tho\n|c| henreyeyee|dang\n|c| henreyeyee|ggs guys\n","uploadtime":1697211566,"views":8,"p1id":"sakuratheblossom","p2id":"sencopion","formatid":"gen9nationaldexdoubles","rating":0,"private":0,"password":""}