{"id":"gen9nationaldexdoubles-1998548742","p1":"El Ryuk456","p2":"Tournesun","format":"[Gen 9] National Dex Doubles","log":"|j|\u2606El Ryuk456\n|j|\u2606Tournesun\n|t:|1700955009\n|gametype|doubles\n|player|p1|El Ryuk456|ingo|1398\n|player|p2|Tournesun|workerice|1126\n|teamsize|p1|6\n|teamsize|p2|6\n|gen|9\n|tier|[Gen 9] National Dex Doubles\n|rated|\n|rule|HP Percentage Mod: HP is shown in percentages\n|rule|Endless Battle Clause: Forcing endless battles is banned\n|rule|OHKO Clause: OHKO moves are banned\n|rule|Evasion Moves Clause: Evasion moves are banned\n|rule|Evasion Abilities Clause: Evasion abilities are banned\n|rule|Species Clause: Limit one of each Pok\u00e9mon\n|rule|Gravity Sleep Clause: The combination of sleep-inducing moves with imperfect accuracy and Gravity or Gigantamax Orbeetle are banned\n|clearpoke\n|poke|p1|Toxtricity, F|\n|poke|p1|Kricketune, M|\n|poke|p1|Tsareena, F|\n|poke|p1|Keldeo-Resolute|\n|poke|p1|Grimmsnarl, M|\n|poke|p1|Arcanine, M|\n|poke|p2|Enamorus, F|\n|poke|p2|Flamigo, M|\n|poke|p2|Oricorio-Pom-Pom, M|\n|poke|p2|Incineroar, M|\n|poke|p2|Quaquaval, F|\n|poke|p2|Victini|\n|teampreview\n|\n|t:|1700955025\n|start\n|switch|p1a: Keldeo|Keldeo-Resolute|100\/100\n|switch|p1b: Toxtricity|Toxtricity, F|100\/100\n|switch|p2a: Enamorus|Enamorus, F|100\/100\n|switch|p2b: Incineroar|Incineroar, M|100\/100\n|-ability|p2b: Incineroar|Intimidate|boost\n|-unboost|p1a: Keldeo|atk|1\n|-unboost|p1b: Toxtricity|atk|1\n|turn|1\n|\n|t:|1700955058\n|switch|p1b: Tsareena|Tsareena, F|100\/100\n|-terastallize|p2a: Enamorus|Steel\n|move|p2b: Incineroar|Fake Out||[still]\n|cant|p1b: Tsareena|ability: Queenly Majesty|Fake Out|[of] p2b: Incineroar\n|-zpower|p1a: Keldeo\n|move|p1a: Keldeo|Hydro Vortex|p2a: Enamorus|[zeffect]\n|-damage|p2a: Enamorus|12\/100\n|move|p2a: Enamorus|Superpower|p1a: Keldeo\n|-damage|p1a: Keldeo|54\/100\n|-boost|p2a: Enamorus|atk|1\n|-boost|p2a: Enamorus|def|1\n|\n|upkeep\n|turn|2\n|\n|t:|1700955078\n|switch|p1b: Arcanine|Arcanine, M|100\/100\n|-ability|p1b: Arcanine|Intimidate|boost\n|-boost|p2a: Enamorus|atk|1\n|-unboost|p2b: Incineroar|atk|1\n|move|p1a: Keldeo|Secret Sword|p2a: Enamorus\n|-supereffective|p2a: Enamorus\n|-damage|p2a: Enamorus|0 fnt\n|faint|p2a: Enamorus\n|move|p2b: Incineroar|Flare Blitz|p1b: Arcanine\n|-resisted|p1b: Arcanine\n|-damage|p1b: Arcanine|86\/100\n|-damage|p2b: Incineroar|96\/100|[from] Recoil\n|\n|upkeep\n|\n|t:|1700955091\n|switch|p2a: Quaquaval|Quaquaval, F|100\/100\n|turn|3\n|\n|t:|1700955106\n|switch|p2b: Oricorio|Oricorio-Pom-Pom, M|100\/100\n|move|p1b: Arcanine|Protect|p1b: Arcanine\n|-singleturn|p1b: Arcanine|Protect\n|move|p1a: Keldeo|Hydro Pump|p2b: Oricorio\n|-damage|p2b: Oricorio|14\/100\n|move|p2a: Quaquaval|Aqua Step|p1b: Arcanine\n|-activate|p1b: Arcanine|move: Protect\n|\n|upkeep\n|turn|4\n|\n|t:|1700955116\n|move|p2b: Oricorio|Protect|p2b: Oricorio\n|-singleturn|p2b: Oricorio|Protect\n|move|p1a: Keldeo|Icy Wind|p2a: Quaquaval|[spread] p2a\n|-activate|p2b: Oricorio|move: Protect\n|-resisted|p2a: Quaquaval\n|-damage|p2a: Quaquaval|91\/100\n|-unboost|p2a: Quaquaval|spe|1\n|move|p1b: Arcanine|Will-O-Wisp|p2a: Quaquaval\n|-status|p2a: Quaquaval|brn\n|move|p2a: Quaquaval|Aqua Step|p1b: Arcanine\n|-supereffective|p1b: Arcanine\n|-damage|p1b: Arcanine|53\/100\n|-boost|p2a: Quaquaval|spe|1\n|-activate|p2b: Oricorio|ability: Dancer\n|move|p2b: Oricorio|Aqua Step|p1b: Arcanine|[from]ability: Dancer\n|-supereffective|p1b: Arcanine\n|-damage|p1b: Arcanine|34\/100\n|-boost|p2b: Oricorio|spe|1\n|\n|-heal|p2a: Quaquaval|97\/100 brn|[from] item: Leftovers\n|-damage|p2a: Quaquaval|91\/100 brn|[from] brn\n|upkeep\n|turn|5\n|\n|t:|1700955141\n|-terastallize|p1b: Arcanine|Grass\n|move|p2b: Oricorio|Revelation Dance|p1a: Keldeo\n|-supereffective|p1a: Keldeo\n|-damage|p1a: Keldeo|0 fnt\n|faint|p1a: Keldeo\n|move|p2a: Quaquaval|Aqua Step|p1b: Arcanine\n|-resisted|p1b: Arcanine\n|-damage|p1b: Arcanine|27\/100\n|-boost|p2a: Quaquaval|spe|1\n|-activate|p2b: Oricorio|ability: Dancer\n|move|p2b: Oricorio|Aqua Step|p1b: Arcanine|[from]ability: Dancer\n|-resisted|p1b: Arcanine\n|-damage|p1b: Arcanine|22\/100\n|-boost|p2b: Oricorio|spe|1\n|-enditem|p1b: Arcanine|Aguav Berry|[eat]\n|-heal|p1b: Arcanine|56\/100|[from] item: Aguav Berry\n|move|p1b: Arcanine|Snarl|p2a: Quaquaval|[spread] p2a,p2b\n|-resisted|p2a: Quaquaval\n|-damage|p2a: Quaquaval|84\/100 brn\n|-damage|p2b: Oricorio|0 fnt\n|-unboost|p2a: Quaquaval|spa|1\n|faint|p2b: Oricorio\n|\n|-heal|p2a: Quaquaval|91\/100 brn|[from] item: Leftovers\n|-damage|p2a: Quaquaval|84\/100 brn|[from] brn\n|upkeep\n|\n|t:|1700955166\n|switch|p1a: Grimmsnarl|Grimmsnarl, M|100\/100\n|switch|p2b: Flamigo|Flamigo, M|100\/100\n|-copyboost|p2b: Flamigo|p2a: Quaquaval|[from] ability: Costar\n|turn|6\n|inactive|Battle timer is ON: inactive players will automatically lose when time's up. (requested by El Ryuk456)\n|\n|t:|1700955197\n|move|p1b: Arcanine|Protect|p1b: Arcanine\n|-singleturn|p1b: Arcanine|Protect\n|move|p1a: Grimmsnarl|Reflect|p1a: Grimmsnarl\n|-sidestart|p1: El Ryuk456|Reflect\n|move|p2b: Flamigo|Brave Bird|p1b: Arcanine\n|-activate|p1b: Arcanine|move: Protect\n|move|p2a: Quaquaval|Close Combat|p1a: Grimmsnarl\n|-damage|p1a: Grimmsnarl|80\/100\n|-unboost|p2a: Quaquaval|def|1\n|-unboost|p2a: Quaquaval|spd|1\n|\n|-heal|p2a: Quaquaval|91\/100 brn|[from] item: Leftovers\n|-damage|p2a: Quaquaval|84\/100 brn|[from] brn\n|upkeep\n|turn|7\n|\n|t:|1700955219\n|switch|p2a: Incineroar|Incineroar, M|96\/100\n|-ability|p2a: Incineroar|Intimidate|boost\n|-unboost|p1a: Grimmsnarl|atk|1\n|-unboost|p1b: Arcanine|atk|1\n|move|p2b: Flamigo|Brave Bird|p1b: Arcanine\n|-supereffective|p1b: Arcanine\n|-damage|p1b: Arcanine|0 fnt\n|faint|p1b: Arcanine\n|-damage|p2b: Flamigo|78\/100|[from] Recoil\n|move|p1a: Grimmsnarl|Spirit Break|p2b: Flamigo\n|-supereffective|p2b: Flamigo\n|-damage|p2b: Flamigo|20\/100\n|-unboost|p2b: Flamigo|spa|1\n|\n|upkeep\n|inactive|El Ryuk456 has 120 seconds left.\n|\n|t:|1700955235\n|switch|p1b: Toxtricity|Toxtricity, F|100\/100\n|turn|8\n|\n|t:|1700955248\n|switch|p1a: Tsareena|Tsareena, F|100\/100\n|move|p2a: Incineroar|Fake Out||[still]\n|cant|p1a: Tsareena|ability: Queenly Majesty|Fake Out|[of] p2a: Incineroar\n|move|p2b: Flamigo|Brave Bird|p1a: Tsareena\n|-supereffective|p1a: Tsareena\n|-damage|p1a: Tsareena|0 fnt\n|-damage|p2b: Flamigo|3\/100|[from] item: Rocky Helmet|[of] p1a: Tsareena\n|faint|p1a: Tsareena\n|-damage|p2b: Flamigo|0 fnt|[from] Recoil\n|faint|p2b: Flamigo\n|move|p1b: Toxtricity|Overdrive|p2a: Incineroar\n|-damage|p2a: Incineroar|39\/100\n|-enditem|p2a: Incineroar|Sitrus Berry|[eat]\n|-heal|p2a: Incineroar|63\/100|[from] item: Sitrus Berry\n|\n|upkeep\n|\n|t:|1700955271\n|switch|p2b: Quaquaval|Quaquaval, F|84\/100 brn\n|switch|p1a: Grimmsnarl|Grimmsnarl, M|80\/100\n|turn|9\n|\n|t:|1700955281\n|switch|p2a: Victini|Victini|100\/100\n|move|p2b: Quaquaval|Knock Off|p1b: Toxtricity\n|-damage|p1b: Toxtricity|86\/100\n|-enditem|p1b: Toxtricity|Choice Specs|[from] move: Knock Off|[of] p2b: Quaquaval\n|move|p1b: Toxtricity|Overdrive|p2a: Victini|[spread] p2a,p2b\n|-supereffective|p2b: Quaquaval\n|-damage|p2a: Victini|63\/100\n|-damage|p2b: Quaquaval|0 fnt\n|faint|p2b: Quaquaval\n|move|p1a: Grimmsnarl|Spirit Break|p2a: Victini\n|-resisted|p2a: Victini\n|-damage|p2a: Victini|49\/100\n|-unboost|p2a: Victini|spa|1\n|\n|upkeep\n|\n|t:|1700955295\n|switch|p2b: Incineroar|Incineroar, M|63\/100\n|-ability|p2b: Incineroar|Intimidate|boost\n|-unboost|p1a: Grimmsnarl|atk|1\n|-unboost|p1b: Toxtricity|atk|1\n|turn|10\n|\n|t:|1700955309\n|move|p2b: Incineroar|Fake Out|p1b: Toxtricity\n|-damage|p1b: Toxtricity|75\/100\n|move|p1a: Grimmsnarl|Thunder Wave|p2a: Victini\n|-status|p2a: Victini|par\n|cant|p1b: Toxtricity|flinch\n|move|p2a: Victini|V-create|p1b: Toxtricity\n|-damage|p1b: Toxtricity|3\/100\n|-unboost|p2a: Victini|spe|1\n|-unboost|p2a: Victini|def|1\n|-unboost|p2a: Victini|spd|1\n|\n|upkeep\n|turn|11\n|\n|t:|1700955325\n|move|p1b: Toxtricity|Overdrive|p2a: Victini|[spread] p2a,p2b\n|-damage|p2a: Victini|0 fnt\n|-damage|p2b: Incineroar|34\/100\n|faint|p2a: Victini\n|move|p1a: Grimmsnarl|Spirit Break|p2b: Incineroar\n|-damage|p2b: Incineroar|17\/100\n|-unboost|p2b: Incineroar|spa|1\n|move|p2b: Incineroar|Knock Off|p1b: Toxtricity\n|-damage|p1b: Toxtricity|0 fnt\n|faint|p1b: Toxtricity\n|\n|upkeep\n|\n|t:|1700955335\n|switch|p1b: Kricketune|Kricketune, M|100\/100\n|turn|12\n|-message|Tournesun forfeited.\n|\n|win|El Ryuk456\n|raw|El Ryuk456's rating: 1398 &rarr; <strong>1405<\/strong><br \/>(+7 for winning)\n|raw|Tournesun's rating: 1126 &rarr; <strong>1117<\/strong><br \/>(-9 for losing)\n|l|\u2606Tournesun\n","uploadtime":1700955344,"views":5,"p1id":"elryuk456","p2id":"tournesun","formatid":"gen9nationaldexdoubles","rating":1117,"private":0,"password":""}