{"id":"gen9nationaldexdoubles-1974912113","p1":"OrangeLord","p2":"Storm7715","format":"[Gen 9] National Dex Doubles","log":"|j|\u2606OrangeLord\n|j|\u2606Storm7715\n|t:|1698143657\n|gametype|doubles\n|player|p1|OrangeLord|will|1293\n|player|p2|Storm7715|alec-anime|1111\n|teamsize|p1|6\n|teamsize|p2|6\n|gen|9\n|tier|[Gen 9] National Dex Doubles\n|rated|\n|rule|HP Percentage Mod: HP is shown in percentages\n|rule|Endless Battle Clause: Forcing endless battles is banned\n|rule|OHKO Clause: OHKO moves are banned\n|rule|Evasion Moves Clause: Evasion moves are banned\n|rule|Evasion Abilities Clause: Evasion abilities are banned\n|rule|Species Clause: Limit one of each Pok\u00e9mon\n|rule|Gravity Sleep Clause: The combination of sleep-inducing moves with imperfect accuracy and Gravity or Gigantamax Orbeetle are banned\n|clearpoke\n|poke|p1|Volbeat, M|\n|poke|p1|Kleavor, F|\n|poke|p1|Araquanid, F|\n|poke|p1|Scizor, F|\n|poke|p1|Centiskorch, M|\n|poke|p1|Lokix, M|\n|poke|p2|Oricorio-Pom-Pom, F|\n|poke|p2|Espathra, M|\n|poke|p2|Walking Wake|\n|poke|p2|Lilligant-Hisui, F|\n|poke|p2|Charizard, M|\n|poke|p2|Ninetales, M|\n|teampreview\n|inactive|Battle timer is ON: inactive players will automatically lose when time's up. (requested by Storm7715)\n|\n|t:|1698143676\n|start\n|switch|p1a: Volbeat|Volbeat, M, shiny|100\/100\n|switch|p1b: Kleavor|Kleavor, F|100\/100\n|switch|p2a: Oricorio|Oricorio-Pom-Pom, F|100\/100\n|switch|p2b: Espathra|Espathra, M|100\/100\n|turn|1\n|\n|t:|1698143700\n|move|p1a: Volbeat|Thunder Wave|p2b: Espathra|[miss]\n|-miss|p1a: Volbeat|p2b: Espathra\n|move|p2b: Espathra|Dazzling Gleam|p1a: Volbeat|[spread] p1a,p1b\n|-damage|p1a: Volbeat|79\/100\n|-damage|p1b: Kleavor|70\/100\n|move|p1b: Kleavor|Rock Slide|p2a: Oricorio|[spread] p2a,p2b\n|-supereffective|p2a: Oricorio\n|-damage|p2a: Oricorio|0 fnt\n|-damage|p2b: Espathra|11\/100\n|faint|p2a: Oricorio\n|\n|upkeep\n|\n|t:|1698143714\n|switch|p2a: Ninetales|Ninetales, M|100\/100\n|-weather|SunnyDay|[from] ability: Drought|[of] p2a: Ninetales\n|turn|2\n|\n|t:|1698143722\n|move|p1a: Volbeat|Tailwind|p1a: Volbeat\n|-sidestart|p1: OrangeLord|move: Tailwind\n|move|p1b: Kleavor|Rock Slide|p2a: Ninetales|[spread] p2a\n|-miss|p1b: Kleavor|p2b: Espathra\n|-supereffective|p2a: Ninetales\n|-damage|p2a: Ninetales|0 fnt\n|faint|p2a: Ninetales\n|move|p2b: Espathra|Foul Play|p1b: Kleavor\n|-crit|p1b: Kleavor\n|-damage|p1b: Kleavor|0 fnt\n|faint|p1b: Kleavor\n|\n|-weather|SunnyDay|[upkeep]\n|upkeep\n|\n|t:|1698143742\n|switch|p2a: Walking Wake|Walking Wake|100\/100\n|switch|p1b: Lokix|Lokix, M|100\/100\n|-activate|p2a: Walking Wake|ability: Protosynthesis\n|-start|p2a: Walking Wake|protosynthesisspe\n|turn|3\n|\n|t:|1698143754\n|move|p1b: Lokix|First Impression|p2b: Espathra\n|-supereffective|p2b: Espathra\n|-damage|p2b: Espathra|0 fnt\n|faint|p2b: Espathra\n|move|p1a: Volbeat|Thunder Wave|p2a: Walking Wake\n|-status|p2a: Walking Wake|par\n|move|p2a: Walking Wake|Hydro Steam|p1a: Volbeat\n|-damage|p1a: Volbeat|19\/100\n|\n|-weather|SunnyDay|[upkeep]\n|upkeep\n|\n|t:|1698143771\n|switch|p2b: Charizard|Charizard, M|100\/100\n|turn|4\n|\n|t:|1698143792\n|switch|p1b: Araquanid|Araquanid, F, shiny|100\/100\n|move|p1a: Volbeat|Thunder Wave|p2b: Charizard\n|-status|p2b: Charizard|par\n|move|p2a: Walking Wake|Hydro Steam|p1b: Araquanid\n|-resisted|p1b: Araquanid\n|-damage|p1b: Araquanid|85\/100\n|move|p2b: Charizard|Air Slash|p1a: Volbeat\n|-supereffective|p1a: Volbeat\n|-damage|p1a: Volbeat|0 fnt\n|faint|p1a: Volbeat\n|\n|-weather|SunnyDay|[upkeep]\n|-damage|p2b: Charizard|88\/100 par|[from] ability: Solar Power|[of] p2b: Charizard\n|-heal|p1b: Araquanid|91\/100|[from] item: Leftovers\n|upkeep\n|inactive|OrangeLord has 120 seconds left.\n|\n|t:|1698143807\n|switch|p1a: Centiskorch|Centiskorch, M, shiny|100\/100\n|turn|5\n|\n|t:|1698143832\n|-end|p2a: Walking Wake|Protosynthesis|[silent]\n|switch|p2a: Lilligant|Lilligant-Hisui, F|100\/100\n|detailschange|p2b: Charizard|Charizard-Mega-Y, M\n|-mega|p2b: Charizard|Charizard|Charizardite Y\n|move|p1a: Centiskorch|Knock Off|p2b: Charizard\n|-damage|p2b: Charizard|56\/100 par\n|move|p1b: Araquanid|Leech Life|p2a: Lilligant\n|-damage|p2a: Lilligant|66\/100\n|-heal|p1b: Araquanid|100\/100|[from] drain|[of] p2a: Lilligant\n|move|p2b: Charizard|Air Slash|p1a: Centiskorch\n|-supereffective|p1a: Centiskorch\n|-damage|p1a: Centiskorch|0 fnt\n|faint|p1a: Centiskorch\n|\n|-weather|SunnyDay|[upkeep]\n|-sideend|p1: OrangeLord|move: Tailwind\n|upkeep\n|\n|t:|1698143839\n|switch|p1a: Lokix|Lokix, M|100\/100\n|turn|6\n|\n|t:|1698143852\n|move|p1a: Lokix|First Impression|p2a: Lilligant\n|-damage|p2a: Lilligant|4\/100\n|move|p2a: Lilligant|Entrainment|p2b: Charizard\n|-endability|p2b: Charizard|Drought|[from] move: Entrainment\n|-ability|p2b: Charizard|Chlorophyll|[from] move: Entrainment\n|cant|p2b: Charizard|par\n|move|p1b: Araquanid|Liquidation|p2b: Charizard\n|-supereffective|p2b: Charizard\n|-damage|p2b: Charizard|0 fnt\n|faint|p2b: Charizard\n|\n|-weather|SunnyDay|[upkeep]\n|upkeep\n|\n|t:|1698143860\n|switch|p2b: Walking Wake|Walking Wake|100\/100 par\n|-activate|p2b: Walking Wake|ability: Protosynthesis\n|-start|p2b: Walking Wake|protosynthesisspe\n|turn|7\n|\n|t:|1698143877\n|move|p1a: Lokix|Sucker Punch|p2a: Lilligant\n|-resisted|p2a: Lilligant\n|-damage|p2a: Lilligant|0 fnt\n|faint|p2a: Lilligant\n|move|p2b: Walking Wake|Hydro Steam|p1a: Lokix\n|-damage|p1a: Lokix|9\/100\n|move|p1b: Araquanid|Leech Life|p2b: Walking Wake\n|-damage|p2b: Walking Wake|77\/100 par\n|\n|-weather|SunnyDay|[upkeep]\n|-heal|p2b: Walking Wake|83\/100 par|[from] item: Leftovers\n|upkeep\n|turn|8\n|\n|t:|1698143888\n|move|p1a: Lokix|Leech Life|p2b: Walking Wake\n|-damage|p2b: Walking Wake|41\/100 par\n|-heal|p1a: Lokix|35\/100|[from] drain|[of] p2b: Walking Wake\n|move|p2b: Walking Wake|Hydro Steam|p1a: Lokix\n|-damage|p1a: Lokix|0 fnt\n|faint|p1a: Lokix\n|move|p1b: Araquanid|Liquidation|p2b: Walking Wake\n|-resisted|p2b: Walking Wake\n|-damage|p2b: Walking Wake|34\/100 par\n|\n|-weather|SunnyDay|[upkeep]\n|-heal|p2b: Walking Wake|40\/100 par|[from] item: Leftovers\n|upkeep\n|\n|t:|1698143894\n|switch|p1a: Scizor|Scizor, F, shiny|100\/100\n|turn|9\n|\n|t:|1698143899\n|detailschange|p1a: Scizor|Scizor-Mega, F, shiny\n|-mega|p1a: Scizor|Scizor|Scizorite\n|cant|p2b: Walking Wake|par\n|move|p1a: Scizor|Swords Dance|p1a: Scizor\n|-boost|p1a: Scizor|atk|2\n|move|p1b: Araquanid|Liquidation|p2b: Walking Wake\n|-resisted|p2b: Walking Wake\n|-damage|p2b: Walking Wake|33\/100 par\n|-unboost|p2b: Walking Wake|def|1\n|\n|-weather|none\n|-end|p2b: Walking Wake|Protosynthesis\n|-heal|p2b: Walking Wake|39\/100 par|[from] item: Leftovers\n|upkeep\n|turn|10\n|inactive|Storm7715 has 120 seconds left.\n|inactive|Storm7715 has 90 seconds left.\n|inactive|Storm7715 has 60 seconds left.\n|inactive|Storm7715 has 30 seconds left.\n|inactive|Storm7715 has 20 seconds left.\n|inactive|Storm7715 has 15 seconds left.\n|inactive|Storm7715 has 10 seconds left.\n|inactive|Storm7715 has 5 seconds left.\n|-message|Storm7715 lost due to inactivity.\n|\n|win|OrangeLord\n|raw|OrangeLord's rating: 1293 &rarr; <strong>1306<\/strong><br \/>(+13 for winning)\n|raw|Storm7715's rating: 1111 &rarr; <strong>1098<\/strong><br \/>(-13 for losing)\n","uploadtime":1698144053,"views":12,"p1id":"orangelord","p2id":"storm7715","formatid":"gen9nationaldexdoubles","rating":1098,"private":0,"password":""}