{"id":"gen9nationaldexdoubles-1962797076","p1":"Chiropt","p2":"Zera & Lucy","format":"[Gen 9] National Dex Doubles","log":"|j|\u2606Chiropt\n|j|\u2606Zera & Lucy\n|t:|1696793094\n|gametype|doubles\n|player|p1|Chiropt|norman|1185\n|player|p2|Zera & Lucy|cynthia|1212\n|teamsize|p1|6\n|teamsize|p2|6\n|gen|9\n|tier|[Gen 9] National Dex Doubles\n|rated|\n|rule|HP Percentage Mod: HP is shown in percentages\n|rule|Endless Battle Clause: Forcing endless battles is banned\n|rule|OHKO Clause: OHKO moves are banned\n|rule|Evasion Moves Clause: Evasion moves are banned\n|rule|Evasion Abilities Clause: Evasion abilities are banned\n|rule|Species Clause: Limit one of each Pok\u00e9mon\n|rule|Gravity Sleep Clause: The combination of sleep-inducing moves with imperfect accuracy and Gravity or Gigantamax Orbeetle are banned\n|clearpoke\n|poke|p1|Emolga, F|\n|poke|p1|Manectric, F|\n|poke|p1|Tapu Bulu|\n|poke|p1|Bellibolt, M|\n|poke|p1|Gligar, F|\n|poke|p1|Sceptile, F|\n|poke|p2|Indeedee, M|\n|poke|p2|Espeon, F|\n|poke|p2|Amoonguss, F|\n|poke|p2|Goodra-Hisui, F|\n|poke|p2|Sinistcha-Masterpiece|\n|poke|p2|Alakazam, M|\n|teampreview\n|inactive|Battle timer is ON: inactive players will automatically lose when time's up. (requested by Zera & Lucy)\n|\n|t:|1696793102\n|start\n|switch|p1a: Dynamouse|Emolga, F|100\/100\n|switch|p1b: Surgeburst|Manectric, F|100\/100\n|switch|p2a: Goodra|Goodra-Hisui, F|100\/100\n|switch|p2b: Amoonguss|Amoonguss, F|100\/100\n|turn|1\n|\n|t:|1696793128\n|move|p1b: Surgeburst|Switcheroo|p2b: Amoonguss\n|-activate|p1b: Surgeburst|move: Trick|[of] p2b: Amoonguss\n|-item|p2b: Amoonguss|Choice Scarf|[from] move: Switcheroo\n|-item|p1b: Surgeburst|Leftovers|[from] move: Switcheroo\n|move|p1a: Dynamouse|Discharge|p2a: Goodra|[spread] p2a,p2b\n|-ability|p1b: Surgeburst|Lightning Rod|boost\n|-boost|p1b: Surgeburst|spa|1\n|-resisted|p2a: Goodra\n|-resisted|p2b: Amoonguss\n|-damage|p2a: Goodra|93\/100\n|-damage|p2b: Amoonguss|92\/100\n|-status|p2a: Goodra|par\n|move|p2b: Amoonguss|Spore|p1a: Dynamouse\n|-status|p1a: Dynamouse|slp|[from] move: Spore\n|move|p2a: Goodra|Dragon Tail|p1b: Surgeburst\n|-damage|p1b: Surgeburst|50\/100\n|drag|p1b: Gremlin|Gligar, F|100\/100\n|\n|upkeep\n|turn|2\n|\n|t:|1696793151\n|move|p1b: Gremlin|Protect|p1b: Gremlin\n|-singleturn|p1b: Gremlin|Protect\n|cant|p1a: Dynamouse|slp\n|move|p2b: Amoonguss|Spore|p1b: Gremlin\n|-activate|p1b: Gremlin|move: Protect\n|cant|p2a: Goodra|par\n|\n|upkeep\n|turn|3\n|\n|t:|1696793167\n|-curestatus|p1a: Dynamouse|slp|[msg]\n|move|p1a: Dynamouse|Air Slash|p2b: Amoonguss\n|-supereffective|p2b: Amoonguss\n|-damage|p2b: Amoonguss|51\/100\n|move|p1b: Gremlin|Knock Off|p2b: Amoonguss\n|-damage|p2b: Amoonguss|36\/100\n|-enditem|p2b: Amoonguss|Choice Scarf|[from] move: Knock Off|[of] p1b: Gremlin\n|move|p2b: Amoonguss|Spore|p1b: Gremlin\n|-status|p1b: Gremlin|slp|[from] move: Spore\n|move|p2a: Goodra|Curse|p2a: Goodra\n|-unboost|p2a: Goodra|spe|1\n|-boost|p2a: Goodra|atk|1\n|-boost|p2a: Goodra|def|1\n|\n|upkeep\n|turn|4\n|\n|t:|1696793189\n|move|p1a: Dynamouse|Air Slash|p2b: Amoonguss\n|-supereffective|p2b: Amoonguss\n|-damage|p2b: Amoonguss|0 fnt\n|faint|p2b: Amoonguss\n|cant|p1b: Gremlin|slp\n|move|p2a: Goodra|Curse|p2a: Goodra\n|-unboost|p2a: Goodra|spe|1\n|-boost|p2a: Goodra|atk|1\n|-boost|p2a: Goodra|def|1\n|\n|upkeep\n|\n|t:|1696793196\n|switch|p2b: Indeedee|Indeedee, M|100\/100\n|-fieldstart|move: Psychic Terrain|[from] ability: Psychic Surge|[of] p2b: Indeedee\n|turn|5\n|\n|t:|1696793205\n|switch|p2b: Espeon|Espeon, F|100\/100\n|move|p1a: Dynamouse|Encore|p2a: Goodra\n|-start|p2a: Goodra|Encore\n|-curestatus|p1b: Gremlin|slp|[msg]\n|move|p1b: Gremlin|Toxic|p2b: Espeon\n|move|p2b: Espeon|Toxic|p1b: Gremlin|[from]ability: Magic Bounce|[miss]\n|-miss|p2b: Espeon|p1b: Gremlin\n|move|p2a: Goodra|Curse|p2a: Goodra\n|-unboost|p2a: Goodra|spe|1\n|-boost|p2a: Goodra|atk|1\n|-boost|p2a: Goodra|def|1\n|\n|upkeep\n|turn|6\n|\n|t:|1696793225\n|move|p2b: Espeon|Expanding Force|p1b: Gremlin|[spread] p1a,p1b\n|-enditem|p1a: Dynamouse|Focus Sash\n|-damage|p1a: Dynamouse|1\/100\n|-damage|p1b: Gremlin|14\/100\n|move|p1a: Dynamouse|Discharge|p2b: Espeon|[spread] p2a,p2b\n|-immune|p1b: Gremlin\n|-resisted|p2a: Goodra\n|-damage|p2a: Goodra|86\/100 par\n|-damage|p2b: Espeon|74\/100\n|-status|p2b: Espeon|par\n|move|p1b: Gremlin|Knock Off|p2b: Espeon\n|-supereffective|p2b: Espeon\n|-damage|p2b: Espeon|2\/100 par\n|-enditem|p2b: Espeon|Choice Specs|[from] move: Knock Off|[of] p1b: Gremlin\n|move|p2a: Goodra|Curse|p2a: Goodra\n|-unboost|p2a: Goodra|spe|1\n|-boost|p2a: Goodra|atk|1\n|-boost|p2a: Goodra|def|1\n|\n|upkeep\n|turn|7\n|\n|t:|1696793250\n|move|p1a: Dynamouse|Tailwind|p1a: Dynamouse\n|-sidestart|p1: Chiropt|move: Tailwind\n|move|p1b: Gremlin|Knock Off|p2b: Espeon\n|-supereffective|p2b: Espeon\n|-damage|p2b: Espeon|0 fnt\n|faint|p2b: Espeon\n|move|p2a: Goodra|Curse|p2a: Goodra\n|-unboost|p2a: Goodra|spe|1\n|-boost|p2a: Goodra|atk|1\n|-boost|p2a: Goodra|def|1\n|\n|-end|p2a: Goodra|Encore\n|upkeep\n|\n|t:|1696793258\n|switch|p2b: Sinistcha|Sinistcha-Masterpiece|100\/100\n|-heal|p2a: Goodra|100\/100 par|[from] ability: Hospitality|[of] p2b: Sinistcha\n|turn|8\n|\n|t:|1696793269\n|move|p1a: Dynamouse|Encore|p2a: Goodra\n|-start|p2a: Goodra|Encore\n|move|p1b: Gremlin|Toxic|p2b: Sinistcha\n|-status|p2b: Sinistcha|tox\n|move|p2b: Sinistcha|Matcha Gotcha|p1a: Dynamouse|[spread] p1a,p1b\n|-resisted|p1a: Dynamouse\n|-damage|p1a: Dynamouse|0 fnt\n|-damage|p1b: Gremlin|0 fnt\n|faint|p1a: Dynamouse\n|faint|p1b: Gremlin\n|cant|p2a: Goodra|par\n|\n|-damage|p2b: Sinistcha|94\/100 tox|[from] psn\n|upkeep\n|\n|t:|1696793288\n|switch|p1a: Surgeburst|Manectric, F|50\/100\n|switch|p1b: Mother Nature|Sceptile, F|100\/100\n|turn|9\n|\n|t:|1696793301\n|switch|p2b: Indeedee|Indeedee, M|100\/100\n|detailschange|p1b: Mother Nature|Sceptile-Mega, F\n|-mega|p1b: Mother Nature|Sceptile|Sceptilite\n|move|p1b: Mother Nature|Hidden Power|p2b: Indeedee\n|-damage|p2b: Indeedee|68\/100\n|move|p1a: Surgeburst|Discharge|p2b: Indeedee|[spread] p2a,p2b\n|-ability|p1b: Mother Nature|Lightning Rod|boost\n|-boost|p1b: Mother Nature|spa|1\n|-resisted|p2a: Goodra\n|-damage|p2a: Goodra|91\/100 par\n|-damage|p2b: Indeedee|33\/100\n|-status|p2b: Indeedee|par\n|move|p2a: Goodra|Curse|p2a: Goodra\n|-unboost|p2a: Goodra|spe|1\n|-boost|p2a: Goodra|atk|1\n|-boost|p2a: Goodra|def|1\n|\n|-heal|p1a: Surgeburst|56\/100|[from] item: Leftovers\n|upkeep\n|turn|10\n|\n|t:|1696793323\n|move|p1b: Mother Nature|Dragon Pulse|p2a: Goodra\n|-damage|p2a: Goodra|41\/100 par\n|move|p1a: Surgeburst|Discharge|p2b: Indeedee|[spread] p2a,p2b\n|-ability|p1b: Mother Nature|Lightning Rod|boost\n|-boost|p1b: Mother Nature|spa|1\n|-resisted|p2a: Goodra\n|-damage|p2a: Goodra|32\/100 par\n|-damage|p2b: Indeedee|0 fnt\n|faint|p2b: Indeedee\n|move|p2a: Goodra|Curse|p2a: Goodra\n|\n|-heal|p1a: Surgeburst|62\/100|[from] item: Leftovers\n|-end|p2a: Goodra|Encore\n|-sideend|p1: Chiropt|move: Tailwind\n|upkeep\n|\n|t:|1696793330\n|switch|p2b: Alakazam|Alakazam, M|100\/100\n|turn|11\n|\n|t:|1696793343\n|detailschange|p2b: Alakazam|Alakazam-Mega, M\n|-mega|p2b: Alakazam|Alakazam|Alakazite\n|-ability|p2b: Alakazam|Lightning Rod|[from] ability: Trace|[of] p1b: Mother Nature\n|move|p2b: Alakazam|Expanding Force|p1b: Mother Nature|[spread] p1a,p1b\n|-damage|p1a: Surgeburst|0 fnt\n|-damage|p1b: Mother Nature|0 fnt\n|faint|p1a: Surgeburst\n|faint|p1b: Mother Nature\n|move|p2a: Goodra|Dragon Tail|p1: Surgeburst|[notarget]\n|-fail|p2a: Goodra\n|\n|upkeep\n|\n|t:|1696793354\n|switch|p1b: Brother Nature|Tapu Bulu|100\/100\n|switch|p1a: Vandergraff|Bellibolt, M|100\/100\n|-fieldstart|move: Grassy Terrain|[from] ability: Grassy Surge|[of] p1b: Brother Nature\n|turn|12\n|\n|t:|1696793372\n|switch|p2b: Sinistcha|Sinistcha-Masterpiece|94\/100 tox\n|-heal|p2a: Goodra|57\/100 par|[from] ability: Hospitality|[of] p2b: Sinistcha\n|move|p1b: Brother Nature|Darkest Lariat|p2b: Sinistcha\n|-supereffective|p2b: Sinistcha\n|-damage|p2b: Sinistcha|38\/100 tox\n|move|p1a: Vandergraff|Soak|p2a: Goodra\n|-start|p2a: Goodra|typechange|Water\n|cant|p2a: Goodra|par\n|\n|-heal|p2b: Sinistcha|44\/100 tox|[from] Grassy Terrain\n|-heal|p2b: Sinistcha|50\/100 tox|[from] item: Leftovers\n|-heal|p2a: Goodra|63\/100 par|[from] Grassy Terrain\n|-damage|p2b: Sinistcha|44\/100 tox|[from] psn\n|upkeep\n|turn|13\n|inactive|Zera & Lucy has 120 seconds left.\n|\n|t:|1696793407\n|-terastallize|p2a: Goodra|Normal\n|move|p1b: Brother Nature|Darkest Lariat|p2a: Goodra\n|-damage|p2a: Goodra|32\/100 par\n|-damage|p1b: Brother Nature|84\/100|[from] item: Rocky Helmet|[of] p2a: Goodra\n|-ability|p2a: Goodra|Gooey\n|-unboost|p1b: Brother Nature|spe|1\n|move|p2b: Sinistcha|Rest|p2b: Sinistcha\n|-status|p2b: Sinistcha|slp|[from] move: Rest\n|-heal|p2b: Sinistcha|100\/100 slp|[silent]\n|move|p1a: Vandergraff|Parabolic Charge|p2a: Goodra|[spread] p1b,p2a,p2b\n|-resisted|p1b: Brother Nature\n|-resisted|p2b: Sinistcha\n|-damage|p1b: Brother Nature|71\/100\n|-damage|p2a: Goodra|16\/100 par\n|-damage|p2b: Sinistcha|87\/100 slp\n|move|p2a: Goodra|Return|p1b: Brother Nature\n|-damage|p1b: Brother Nature|0 fnt\n|faint|p1b: Brother Nature\n|\n|-heal|p2b: Sinistcha|94\/100 slp|[from] Grassy Terrain\n|-heal|p2b: Sinistcha|99\/100 slp|[from] item: Leftovers\n|-heal|p2a: Goodra|22\/100 par|[from] Grassy Terrain\n|upkeep\n|turn|14\n|inactive|Zera & Lucy has 120 seconds left.\n|\n|t:|1696793436\n|cant|p2b: Sinistcha|slp\n|move|p2b: Sinistcha|Sleep Talk|p2b: Sinistcha\n|move|p2b: Sinistcha|Matcha Gotcha|p1a: Vandergraff|[from]move: Sleep Talk\n|-damage|p1a: Vandergraff|44\/100\n|-heal|p2b: Sinistcha|100\/100 slp|[from] drain|[of] p1a: Vandergraff\n|-start|p1a: Vandergraff|Charge|Matcha Gotcha|[from] ability: Electromorphosis\n|move|p1a: Vandergraff|Parabolic Charge|p2b: Sinistcha|[spread] p2a,p2b\n|-resisted|p2b: Sinistcha\n|-damage|p2a: Goodra|0 fnt\n|-heal|p1a: Vandergraff|54\/100|[from] drain|[of] p2a: Goodra\n|-damage|p2b: Sinistcha|72\/100 slp\n|-heal|p1a: Vandergraff|65\/100|[from] drain|[of] p2b: Sinistcha\n|faint|p2a: Goodra\n|-end|p1a: Vandergraff|Charge|[silent]\n|\n|-heal|p2b: Sinistcha|79\/100 slp|[from] Grassy Terrain\n|-heal|p2b: Sinistcha|85\/100 slp|[from] item: Leftovers\n|-heal|p1a: Vandergraff|71\/100|[from] Grassy Terrain\n|upkeep\n|inactive|Zera & Lucy has 120 seconds left.\n|\n|t:|1696793448\n|switch|p2a: Alakazam|Alakazam-Mega, M|100\/100\n|-ability|p2a: Alakazam|Electromorphosis|[from] ability: Trace|[of] p1a: Vandergraff\n|turn|15\n|l|\u2606Chiropt\n|inactive|Chiropt disconnected and has a minute to reconnect!\n|player|p1|\n|inactive|Chiropt has 30 seconds to reconnect!\n|inactive|Chiropt has 20 seconds to reconnect!\n|inactive|Chiropt has 15 seconds to reconnect!\n|inactive|Chiropt has 10 seconds to reconnect!\n|inactive|Chiropt has 5 seconds to reconnect!\n|-message|Chiropt lost due to inactivity.\n|\n|win|Zera & Lucy\n|raw|Chiropt's rating: 1185 &rarr; <strong>1162<\/strong><br \/>(-23 for losing)\n|raw|Zera &amp; Lucy's rating: 1212 &rarr; <strong>1235<\/strong><br \/>(+23 for winning)\n","uploadtime":1696793517,"views":9,"p1id":"chiropt","p2id":"zeralucy","formatid":"gen9nationaldexdoubles","rating":1162,"private":0,"password":""}