{"id":"gen9nationaldexdoubles-1980618409","p1":"Marlene 420","p2":"Rhench","format":"[Gen 9] National Dex Doubles","log":"|j|\u2606Marlene 420\n|j|\u2606Rhench\n|t:|1698803922\n|gametype|doubles\n|player|p1|Marlene 420|cheryl|1151\n|player|p2|Rhench|rocketgruntf|1112\n|teamsize|p1|6\n|teamsize|p2|6\n|gen|9\n|tier|[Gen 9] National Dex Doubles\n|rated|\n|rule|HP Percentage Mod: HP is shown in percentages\n|rule|Endless Battle Clause: Forcing endless battles is banned\n|rule|OHKO Clause: OHKO moves are banned\n|rule|Evasion Moves Clause: Evasion moves are banned\n|rule|Evasion Abilities Clause: Evasion abilities are banned\n|rule|Species Clause: Limit one of each Pok\u00e9mon\n|rule|Gravity Sleep Clause: The combination of sleep-inducing moves with imperfect accuracy and Gravity or Gigantamax Orbeetle are banned\n|clearpoke\n|poke|p1|Gardevoir, F|\n|poke|p1|Pheromosa|\n|poke|p1|Lopunny, F|\n|poke|p1|Hatterene, F|\n|poke|p1|Meloetta|\n|poke|p1|Diancie|\n|poke|p2|Torkoal, F|\n|poke|p2|Exeggutor-Alola, F|\n|poke|p2|Lilligant-Hisui, F|\n|poke|p2|Trevenant, F|\n|poke|p2|Tropius, F|\n|poke|p2|Arboliva, F|\n|teampreview\n|inactive|Battle timer is ON: inactive players will automatically lose when time's up. (requested by Rhench)\n|inactive|Marlene 420 has 120 seconds left.\n|inactive|Marlene 420 has 90 seconds left.\n|inactive|Marlene 420 has 60 seconds left.\n|inactive|Marlene 420 has 30 seconds left.\n|inactive|Marlene 420 has 20 seconds left.\n|inactive|Marlene 420 has 15 seconds left.\n|inactive|Marlene 420 has 10 seconds left.\n|inactive|Marlene 420 has 5 seconds left.\n|\n|t:|1698804072\n|start\n|switch|p1a: Dianita|Diancie|100\/100\n|switch|p1b: Lola|Lopunny, F, shiny|100\/100\n|switch|p2a: Torkoal|Torkoal, F|100\/100\n|switch|p2b: Trevenant|Trevenant, F|100\/100\n|-weather|SunnyDay|[from] ability: Drought|[of] p2a: Torkoal\n|turn|1\n|inactive|Rhench has 120 seconds left.\n|\n|t:|1698804112\n|switch|p2a: Tropius|Tropius, F|100\/100\n|detailschange|p1b: Lola|Lopunny-Mega, F, shiny\n|-mega|p1b: Lola|Lopunny|Lopunnite\n|move|p1b: Lola|Fake Out|p2b: Trevenant\n|-damage|p2b: Trevenant|77\/100\n|cant|p2b: Trevenant|flinch\n|move|p1a: Dianita|Diamond Storm|p2b: Trevenant|[spread] p2a,p2b\n|-supereffective|p2a: Tropius\n|-damage|p2a: Tropius|46\/100\n|-damage|p2b: Trevenant|48\/100\n|-boost|p1a: Dianita|def|2\n|-enditem|p2a: Tropius|Sitrus Berry|[eat]\n|-heal|p2a: Tropius|71\/100|[from] item: Sitrus Berry\n|\n|-weather|SunnyDay|[upkeep]\n|-item|p2a: Tropius|Sitrus Berry|[from] ability: Harvest\n|upkeep\n|turn|2\n|inactive|Marlene 420 has 90 seconds left.\n|inactive|Rhench has 120 seconds left.\n|\n|t:|1698804144\n|move|p1b: Lola|Fire Punch|p2a: Tropius\n|-supereffective|p2a: Tropius\n|-damage|p2a: Tropius|0 fnt\n|faint|p2a: Tropius\n|move|p2b: Trevenant|Horn Leech|p1a: Dianita\n|-supereffective|p1a: Dianita\n|-damage|p1a: Dianita|84\/100\n|-heal|p2b: Trevenant|54\/100|[from] drain|[of] p1a: Dianita\n|move|p1a: Dianita|Diamond Storm|p2b: Trevenant\n|-damage|p2b: Trevenant|18\/100\n|\n|-weather|SunnyDay|[upkeep]\n|-heal|p1a: Dianita|90\/100|[from] item: Leftovers\n|upkeep\n|\n|t:|1698804160\n|switch|p2a: Lilligant|Lilligant-Hisui, F|100\/100\n|turn|3\n|inactive|Rhench has 120 seconds left.\n|\n|t:|1698804168\n|move|p2a: Lilligant|Axe Kick|p1b: Lola\n|-supereffective|p1b: Lola\n|-damage|p1b: Lola|0 fnt\n|faint|p1b: Lola\n|move|p2b: Trevenant|Rest|p2b: Trevenant\n|-status|p2b: Trevenant|slp|[from] move: Rest\n|-enditem|p2b: Trevenant|Lum Berry|[eat]\n|-curestatus|p2b: Trevenant|slp|[msg]\n|-heal|p2b: Trevenant|100\/100|[silent]\n|move|p1a: Dianita|Diamond Storm|p2b: Trevenant|[spread] p2a,p2b\n|-resisted|p2a: Lilligant\n|-damage|p2a: Lilligant|80\/100\n|-damage|p2b: Trevenant|72\/100\n|\n|-weather|SunnyDay|[upkeep]\n|-heal|p1a: Dianita|96\/100|[from] item: Leftovers\n|-item|p2b: Trevenant|Lum Berry|[from] ability: Harvest\n|upkeep\n|inactive|Marlene 420 has 90 seconds left.\n|\n|t:|1698804192\n|switch|p1b: Phersefone|Pheromosa, shiny|100\/100\n|turn|4\n|inactive|Marlene 420 has 90 seconds left.\n|\n|t:|1698804221\n|-terastallize|p2a: Lilligant|Ice\n|-terastallize|p1b: Phersefone|Ice\n|move|p2a: Lilligant|Ice Spinner|p1b: Phersefone\n|-resisted|p1b: Phersefone\n|-damage|p1b: Phersefone|46\/100\n|move|p1b: Phersefone|Ice Beam|p2a: Lilligant\n|-resisted|p2a: Lilligant\n|-damage|p2a: Lilligant|35\/100\n|-damage|p1b: Phersefone|37\/100|[from] item: Life Orb\n|move|p2b: Trevenant|Will-O-Wisp|p1a: Dianita\n|-status|p1a: Dianita|brn\n|move|p1a: Dianita|Diamond Storm|p2b: Trevenant|[spread] p2a,p2b\n|-supereffective|p2a: Lilligant\n|-crit|p2a: Lilligant\n|-damage|p2a: Lilligant|0 fnt\n|-damage|p2b: Trevenant|58\/100\n|-boost|p1a: Dianita|def|2\n|faint|p2a: Lilligant\n|\n|-weather|SunnyDay|[upkeep]\n|-heal|p1a: Dianita|100\/100 brn|[from] item: Leftovers\n|-damage|p1a: Dianita|95\/100 brn|[from] brn\n|upkeep\n|c|\u2606Rhench|lol\n|inactive|Rhench has 120 seconds left.\n|\n|t:|1698804245\n|switch|p2a: Torkoal|Torkoal, F|100\/100\n|turn|5\n|\n|t:|1698804254\n|move|p1b: Phersefone|Ice Beam|p2b: Trevenant\n|-supereffective|p2b: Trevenant\n|-damage|p2b: Trevenant|0 fnt\n|faint|p2b: Trevenant\n|-ability|p1b: Phersefone|Beast Boost|boost\n|-boost|p1b: Phersefone|spe|1\n|-damage|p1b: Phersefone|27\/100|[from] item: Life Orb\n|move|p1a: Dianita|Diamond Storm|p2a: Torkoal\n|-supereffective|p2a: Torkoal\n|-damage|p2a: Torkoal|74\/100\n|move|p2a: Torkoal|Heat Wave|p1b: Phersefone|[spread] p1a,p1b\n|-resisted|p1a: Dianita\n|-crit|p1a: Dianita\n|-supereffective|p1b: Phersefone\n|-damage|p1a: Dianita|66\/100 brn\n|-damage|p1b: Phersefone|0 fnt\n|faint|p1b: Phersefone\n|\n|-weather|SunnyDay|[upkeep]\n|-heal|p1a: Dianita|71\/100 brn|[from] item: Leftovers\n|-damage|p1a: Dianita|66\/100 brn|[from] brn\n|upkeep\n|inactive|Marlene 420 has 120 seconds left.\n|\n|t:|1698804290\n|switch|p1b: Katherine|Hatterene, F|100\/100\n|switch|p2b: Arboliva|Arboliva, F|100\/100\n|turn|6\n|inactive|Marlene 420 has 90 seconds left.\n|\n|t:|1698804324\n|move|p1a: Dianita|Diamond Storm|p2a: Torkoal|[spread] p2a,p2b\n|-supereffective|p2a: Torkoal\n|-damage|p2a: Torkoal|56\/100\n|-damage|p2b: Arboliva|88\/100\n|-boost|p1a: Dianita|def|2\n|move|p2b: Arboliva|Giga Drain|p1a: Dianita\n|-supereffective|p1a: Dianita\n|-damage|p1a: Dianita|14\/100 brn\n|-heal|p2b: Arboliva|100\/100|[from] drain|[of] p1a: Dianita\n|move|p1b: Katherine|Nuzzle|p2b: Arboliva\n|-resisted|p2b: Arboliva\n|-damage|p2b: Arboliva|99\/100\n|-status|p2b: Arboliva|par\n|move|p2a: Torkoal|Heat Wave|p1a: Dianita|[spread] p1a,p1b\n|-resisted|p1a: Dianita\n|-damage|p1a: Dianita|0 fnt\n|-damage|p1b: Katherine|68\/100\n|faint|p1a: Dianita\n|\n|-weather|SunnyDay|[upkeep]\n|-heal|p1b: Katherine|74\/100|[from] item: Leftovers\n|upkeep\n|inactive|Marlene 420 has 90 seconds left.\n|\n|t:|1698804349\n|switch|p1a: Melody|Meloetta|100\/100\n|turn|7\n|inactive|Marlene 420 has 90 seconds left.\n|\n|t:|1698804362\n|move|p1a: Melody|Relic Song|p2a: Torkoal|[spread] p2a,p2b\n|-damage|p2a: Torkoal|27\/100\n|-damage|p2b: Arboliva|84\/100 par\n|-formechange|p1a: Melody|Meloetta-Pirouette|[msg]\n|move|p1b: Katherine|Calm Mind|p1b: Katherine\n|-boost|p1b: Katherine|spa|1\n|-boost|p1b: Katherine|spd|1\n|move|p2a: Torkoal|Heat Wave|p1b: Katherine|[spread] p1a,p1b\n|-damage|p1a: Melody|40\/100\n|-damage|p1b: Katherine|51\/100\n|-status|p1a: Melody|brn\n|-status|p1b: Katherine|brn\n|move|p2b: Arboliva|Substitute|p2b: Arboliva\n|-start|p2b: Arboliva|Substitute\n|-damage|p2b: Arboliva|59\/100 par\n|\n|-weather|SunnyDay|[upkeep]\n|-heal|p1b: Katherine|57\/100 brn|[from] item: Leftovers\n|-damage|p1a: Melody|34\/100 brn|[from] brn\n|-damage|p1b: Katherine|51\/100 brn|[from] brn\n|upkeep\n|turn|8\n|inactive|Marlene 420 has 90 seconds left.\n|\n|t:|1698804391\n|move|p1a: Melody|Ice Punch|p2b: Arboliva\n|-supereffective|p2b: Arboliva\n|-end|p2b: Arboliva|Substitute\n|move|p1b: Katherine|Draining Kiss|p2a: Torkoal\n|-resisted|p2a: Torkoal\n|-damage|p2a: Torkoal|3\/100\n|-heal|p1b: Katherine|70\/100 brn|[from] drain|[of] p2a: Torkoal\n|move|p2a: Torkoal|Clear Smog|p1b: Katherine\n|-supereffective|p1b: Katherine\n|-crit|p1b: Katherine\n|-damage|p1b: Katherine|35\/100 brn\n|-clearboost|p1b: Katherine\n|cant|p2b: Arboliva|par\n|\n|-weather|none\n|-heal|p1b: Katherine|41\/100 brn|[from] item: Leftovers\n|-damage|p1a: Melody|27\/100 brn|[from] brn\n|-damage|p1b: Katherine|35\/100 brn|[from] brn\n|upkeep\n|turn|9\n|inactive|Marlene 420 has 90 seconds left.\n|inactive|Rhench has 120 seconds left.\n|\n|t:|1698804431\n|-zpower|p1a: Melody\n|move|p1a: Melody|Subzero Slammer|p2b: Arboliva|[zeffect]\n|-supereffective|p2b: Arboliva\n|-damage|p2b: Arboliva|4\/100 par\n|-enditem|p2b: Arboliva|Petaya Berry|[eat]\n|-boost|p2b: Arboliva|spa|1|[from] item: Petaya Berry\n|move|p1b: Katherine|Calm Mind|p1b: Katherine\n|-boost|p1b: Katherine|spa|1\n|-boost|p1b: Katherine|spd|1\n|move|p2a: Torkoal|Heat Wave|p1b: Katherine|[spread] p1a\n|-miss|p2a: Torkoal|p1b: Katherine\n|-damage|p1a: Melody|0 fnt\n|faint|p1a: Melody\n|move|p2b: Arboliva|Giga Drain|p1b: Katherine\n|-damage|p1b: Katherine|11\/100 brn\n|-heal|p2b: Arboliva|15\/100 par|[from] drain|[of] p1b: Katherine\n|\n|-heal|p1b: Katherine|17\/100 brn|[from] item: Leftovers\n|-damage|p1b: Katherine|11\/100 brn|[from] brn\n|-item|p2b: Arboliva|Petaya Berry|[from] ability: Harvest\n|upkeep\n|-enditem|p2b: Arboliva|Petaya Berry|[eat]\n|-boost|p2b: Arboliva|spa|1|[from] item: Petaya Berry\n|inactive|Marlene 420 has 60 seconds left.\n|\n|t:|1698804456\n|switch|p1a: Gardenia|Gardevoir, F|100\/100\n|-weather|SunnyDay|[from] ability: Drought|[of] p1a: Gardenia\n|-ability|p1a: Gardenia|Drought|[from] ability: Trace|[of] p2a: Torkoal\n|turn|10\n|\n|t:|1698804485\n|cant|p2b: Arboliva|par\n|move|p1a: Gardenia|Dazzling Gleam|p2b: Arboliva|[spread] p2a,p2b\n|-resisted|p2a: Torkoal\n|-damage|p2a: Torkoal|0 fnt\n|-damage|p2b: Arboliva|0 fnt\n|faint|p2a: Torkoal\n|faint|p2b: Arboliva\n|-damage|p1a: Gardenia|91\/100|[from] item: Life Orb\n|move|p1b: Katherine|Calm Mind|p1b: Katherine\n|-boost|p1b: Katherine|spa|1\n|-boost|p1b: Katherine|spd|1\n|\n|-weather|SunnyDay|[upkeep]\n|-heal|p1b: Katherine|17\/100 brn|[from] item: Leftovers\n|-damage|p1b: Katherine|11\/100 brn|[from] brn\n|upkeep\n|inactive|Rhench has 120 seconds left.\n|\n|t:|1698804498\n|switch|p2b: Exeggutor|Exeggutor-Alola, F|100\/100\n|turn|11\n|\n|t:|1698804511\n|move|p1a: Gardenia|Mystical Fire|p2b: Exeggutor\n|-damage|p2b: Exeggutor|45\/100\n|-unboost|p2b: Exeggutor|spa|1\n|-damage|p1a: Gardenia|81\/100|[from] item: Life Orb\n|move|p2b: Exeggutor|Giga Drain|p1b: Katherine\n|-damage|p1b: Katherine|2\/100 brn\n|-heal|p2b: Exeggutor|49\/100|[from] drain|[of] p1b: Katherine\n|move|p1b: Katherine|Draining Kiss|p2b: Exeggutor\n|-supereffective|p2b: Exeggutor\n|-damage|p2b: Exeggutor|0 fnt\n|-heal|p1b: Katherine|47\/100 brn|[from] drain|[of] p2b: Exeggutor\n|faint|p2b: Exeggutor\n|\n|win|Marlene 420\n|raw|Marlene 420's rating: 1151 &rarr; <strong>1173<\/strong><br \/>(+22 for winning)\n|raw|Rhench's rating: 1112 &rarr; <strong>1090<\/strong><br \/>(-22 for losing)\n|l|\u2606Rhench\n","uploadtime":1698804779,"views":9,"p1id":"marlene420","p2id":"rhench","formatid":"gen9nationaldexdoubles","rating":1090,"private":0,"password":""}