{"id":"gen9nationaldexdoubles-1951854113","p1":"IceyTeas","p2":"Spiralfox01","format":"[Gen 9] National Dex Doubles","log":"|j|\u2606IceyTeas\n|j|\u2606Spiralfox01\n|t:|1695631061\n|gametype|doubles\n|player|p1|IceyTeas|169|1013\n|player|p2|Spiralfox01|veteran-gen4|1197\n|teamsize|p1|6\n|teamsize|p2|6\n|gen|9\n|tier|[Gen 9] National Dex Doubles\n|rated|\n|rule|HP Percentage Mod: HP is shown in percentages\n|rule|Endless Battle Clause: Forcing endless battles is banned\n|rule|OHKO Clause: OHKO moves are banned\n|rule|Evasion Moves Clause: Evasion moves are banned\n|rule|Evasion Abilities Clause: Evasion abilities are banned\n|rule|Species Clause: Limit one of each Pok\u00e9mon\n|rule|Gravity Sleep Clause: The combination of sleep-inducing moves with imperfect accuracy and Gravity or Gigantamax Orbeetle are banned\n|clearpoke\n|poke|p1|Gliscor, M|\n|poke|p1|Empoleon, M|\n|poke|p1|Golem-Alola, M|\n|poke|p1|Sceptile, M|\n|poke|p1|Marowak-Alola, F|\n|poke|p1|Ninetales-Alola, F|\n|poke|p2|Murkrow, F|\n|poke|p2|Basculegion-F, F|\n|poke|p2|Brambleghast, M|\n|poke|p2|Kilowattrel, M|\n|poke|p2|Amoonguss, F|\n|poke|p2|Typhlosion-Hisui, M|\n|teampreview\n|\n|t:|1695631077\n|start\n|switch|p1a: slushy|Ninetales-Alola, F, shiny|100\/100\n|switch|p1b: dead mother|Marowak-Alola, F, shiny|100\/100\n|switch|p2a: Insomnia|Murkrow, F|100\/100\n|switch|p2b: Mold Breaker|Basculegion-F, F|100\/100\n|-weather|Snow|[from] ability: Snow Warning|[of] p1a: slushy\n|turn|1\n|inactive|Battle timer is ON: inactive players will automatically lose when time's up. (requested by Spiralfox01)\n|\n|t:|1695631104\n|-terastallize|p2b: Mold Breaker|Water\n|move|p2a: Insomnia|Tailwind|p2a: Insomnia\n|-sidestart|p2: Spiralfox01|move: Tailwind\n|move|p2b: Mold Breaker|Surf|p1b: dead mother|[spread] p2a,p1a,p1b\n|-supereffective|p1b: dead mother\n|-damage|p2a: Insomnia|28\/100\n|-damage|p1a: slushy|22\/100\n|-damage|p1b: dead mother|0 fnt\n|faint|p1b: dead mother\n|move|p1a: slushy|Aurora Veil|p1a: slushy\n|-sidestart|p1: IceyTeas|move: Aurora Veil\n|\n|-weather|Snow|[upkeep]\n|upkeep\n|\n|t:|1695631115\n|switch|p1b: the bomb|Golem-Alola, M, shiny|100\/100\n|turn|2\n|\n|t:|1695631125\n|-terastallize|p1b: the bomb|Electric\n|move|p2a: Insomnia|Mean Look|p1b: the bomb\n|-activate|p1b: the bomb|trapped\n|move|p2b: Mold Breaker|Surf|p1b: the bomb|[spread] p2a,p1a,p1b\n|-damage|p2a: Insomnia|0 fnt\n|-damage|p1a: slushy|0 fnt\n|-damage|p1b: the bomb|33\/100\n|faint|p2a: Insomnia\n|faint|p1a: slushy\n|move|p1b: the bomb|Explosion|p2b: Mold Breaker\n|-supereffective|p2b: Mold Breaker\n|-damage|p2b: Mold Breaker|0 fnt\n|faint|p1b: the bomb\n|faint|p2b: Mold Breaker\n|\n|-weather|Snow|[upkeep]\n|upkeep\n|\n|t:|1695631145\n|switch|p1a: chrimas|Sceptile, M, shiny|100\/100\n|switch|p2b: Regenerator|Amoonguss, F|100\/100\n|switch|p2a: Blaze|Typhlosion-Hisui, M|100\/100\n|switch|p1b: titanic|Empoleon, M, shiny|100\/100\n|-item|p1a: chrimas|Sceptilite|[from] ability: Frisk|[of] p2a: Blaze|[identify]\n|-item|p1b: titanic|Life Orb|[from] ability: Frisk|[of] p2a: Blaze|[identify]\n|turn|3\n|\n|t:|1695631173\n|detailschange|p1a: chrimas|Sceptile-Mega, M, shiny\n|-mega|p1a: chrimas|Sceptile|Sceptilite\n|move|p2b: Regenerator|Rage Powder|p2b: Regenerator\n|-singleturn|p2b: Regenerator|move: Rage Powder\n|move|p2a: Blaze|Eruption|p1a: chrimas|[spread] p1a,p1b\n|-damage|p1a: chrimas|52\/100\n|-damage|p1b: titanic|69\/100\n|move|p1a: chrimas|Dragon Pulse|p2b: Regenerator\n|-damage|p2b: Regenerator|55\/100\n|move|p1b: titanic|Scald|p2b: Regenerator\n|-resisted|p2b: Regenerator\n|-damage|p2b: Regenerator|38\/100\n|-damage|p1b: titanic|59\/100|[from] item: Life Orb\n|\n|-weather|Snow|[upkeep]\n|upkeep\n|turn|4\n|\n|t:|1695631200\n|move|p2b: Regenerator|Rage Powder|p2b: Regenerator\n|-singleturn|p2b: Regenerator|move: Rage Powder\n|move|p2a: Blaze|Eruption|p1b: titanic|[spread] p1a,p1b\n|-damage|p1a: chrimas|0 fnt\n|-damage|p1b: titanic|28\/100\n|faint|p1a: chrimas\n|move|p1b: titanic|Ice Beam|p2b: Regenerator\n|-supereffective|p2b: Regenerator\n|-damage|p2b: Regenerator|0 fnt\n|faint|p2b: Regenerator\n|-damage|p1b: titanic|18\/100|[from] item: Life Orb\n|\n|-weather|Snow|[upkeep]\n|-sideend|p2: Spiralfox01|move: Tailwind\n|upkeep\n|\n|t:|1695631212\n|switch|p1a: BIG MEATY CLAWS|Gliscor, M, shiny|100\/100\n|switch|p2b: Wind Power|Kilowattrel, M|100\/100\n|turn|5\n|\n|t:|1695631220\n|move|p2a: Blaze|Eruption|p1a: BIG MEATY CLAWS|[spread] p1a,p1b\n|-damage|p1a: BIG MEATY CLAWS|43\/100\n|-damage|p1b: titanic|0 fnt\n|faint|p1b: titanic\n|move|p2b: Wind Power|Tailwind|p2b: Wind Power\n|-sidestart|p2: Spiralfox01|move: Tailwind\n|-start|p2b: Wind Power|Charge|Tailwind|[from] ability: Wind Power\n|move|p1a: BIG MEATY CLAWS|Crabhammer|p2a: Blaze\n|-supereffective|p2a: Blaze\n|-damage|p2a: Blaze|24\/100\n|\n|-weather|none\n|-status|p1a: BIG MEATY CLAWS|tox|[from] item: Toxic Orb\n|upkeep\n|turn|6\n|\n|t:|1695631234\n|move|p2a: Blaze|Eruption|p1a: BIG MEATY CLAWS\n|-damage|p1a: BIG MEATY CLAWS|26\/100 tox\n|move|p2b: Wind Power|Air Slash|p1a: BIG MEATY CLAWS\n|-damage|p1a: BIG MEATY CLAWS|0 fnt\n|faint|p1a: BIG MEATY CLAWS\n|\n|win|Spiralfox01\n|raw|IceyTeas's rating: 1013 &rarr; <strong>1007<\/strong><br \/>(-6 for losing)\n|raw|Spiralfox01's rating: 1197 &rarr; <strong>1210<\/strong><br \/>(+13 for winning)\n|c|\u2606Spiralfox01|gg\n","uploadtime":1695631252,"views":9,"p1id":"iceyteas","p2id":"spiralfox01","formatid":"gen9nationaldexdoubles","rating":1007,"private":0,"password":""}