{"id":"gen9nationaldexdoubles-1958167320","p1":"thehan13","p2":"Jkhiii","format":"[Gen 9] National Dex Doubles","log":"|j|\u2606thehan13\n|j|\u2606Jkhiii\n|t:|1696294295\n|gametype|doubles\n|player|p1|thehan13|lusamine-nihilego|1029\n|player|p2|Jkhiii|zinzolin|1018\n|teamsize|p1|6\n|teamsize|p2|6\n|gen|9\n|tier|[Gen 9] National Dex Doubles\n|rated|\n|rule|HP Percentage Mod: HP is shown in percentages\n|rule|Endless Battle Clause: Forcing endless battles is banned\n|rule|OHKO Clause: OHKO moves are banned\n|rule|Evasion Moves Clause: Evasion moves are banned\n|rule|Evasion Abilities Clause: Evasion abilities are banned\n|rule|Species Clause: Limit one of each Pok\u00e9mon\n|rule|Gravity Sleep Clause: The combination of sleep-inducing moves with imperfect accuracy and Gravity or Gigantamax Orbeetle are banned\n|clearpoke\n|poke|p1|Sinistcha-Masterpiece|\n|poke|p1|Gholdengo|\n|poke|p1|Weezing-Galar, M|\n|poke|p1|Slaking, M|\n|poke|p1|Meowscarada, M|\n|poke|p1|Urshifu-*, F|\n|poke|p2|Mismagius, F|\n|poke|p2|Muk-Alola, M|\n|poke|p2|Lilligant-Hisui, F|\n|poke|p2|Dipplin, M|\n|poke|p2|Rillaboom, F|\n|poke|p2|Umbreon, F|\n|teampreview\n|l|\u2606Jkhiii\n|player|p2|\n|inactive|Battle timer is ON: inactive players will automatically lose when time's up. (requested by thehan13)\n|inactive|Jkhiii has 30 seconds to reconnect!\n|inactive|Jkhiii has 20 seconds to reconnect!\n|inactive|Jkhiii has 15 seconds to reconnect!\n|inactive|Jkhiii has 10 seconds to reconnect!\n|inactive|Jkhiii has 5 seconds to reconnect!\n|j|\u2606Jkhiii\n|inactive|Jkhiii reconnected and has 95 seconds left.\n|player|p2|Jkhiii|zinzolin\n|inactive|Jkhiii has 90 seconds left.\n|\n|t:|1696294369\n|start\n|switch|p1a: Weezing|Weezing-Galar, M|100\/100\n|switch|p1b: Slaking|Slaking, M|100\/100\n|switch|p2a: Muk|Muk-Alola, M|100\/100\n|switch|p2b: Mismagius|Mismagius, F|100\/100\n|-ability|p1a: Weezing|Neutralizing Gas\n|-item|p1a: Weezing|Air Balloon\n|turn|1\n|inactiveoff|Battle timer is now OFF.\n|j| Corza27\n|l| Corza27\n|\n|t:|1696294401\n|move|p1b: Slaking|Sucker Punch|p2b: Mismagius\n|-supereffective|p2b: Mismagius\n|-damage|p2b: Mismagius|0 fnt\n|faint|p2b: Mismagius\n|-damage|p1b: Slaking|91\/100|[from] item: Life Orb\n|move|p2a: Muk|Toxic|p1b: Slaking\n|-status|p1b: Slaking|tox\n|move|p1a: Weezing|Curse|p1a: Weezing\n|-unboost|p1a: Weezing|spe|1\n|-boost|p1a: Weezing|atk|1\n|-boost|p1a: Weezing|def|1\n|\n|-damage|p1b: Slaking|84\/100 tox|[from] psn\n|upkeep\n|\n|t:|1696294416\n|switch|p2b: Dipplin|Dipplin, M|100\/100\n|turn|2\n|\n|t:|1696294432\n|-terastallize|p2b: Dipplin|Steel\n|move|p1b: Slaking|Play Rough|p2b: Dipplin|[miss]\n|-miss|p1b: Slaking|p2b: Dipplin\n|move|p2a: Muk|Crunch|p1a: Weezing\n|-resisted|p1a: Weezing\n|-damage|p1a: Weezing|93\/100\n|-unboost|p1a: Weezing|def|1\n|-enditem|p1a: Weezing|Air Balloon\n|move|p2b: Dipplin|Syrup Bomb|p1a: Weezing\n|-resisted|p1a: Weezing\n|-crit|p1a: Weezing\n|-damage|p1a: Weezing|72\/100\n|-start|p1a: Weezing|Syrup Bomb\n|move|p1a: Weezing|Aromatherapy|p1a: Weezing\n|-activate|p1a: Weezing|move: Aromatherapy\n|-curestatus|p1b: Slaking|tox|[msg]\n|\n|-unboost|p1a: Weezing|spe|1\n|upkeep\n|turn|3\n|\n|t:|1696294458\n|switch|p2a: Umbreon|Umbreon, F|100\/100\n|move|p1b: Slaking|Earthquake|p2a: Umbreon|[spread] p1a,p2a,p2b\n|-supereffective|p1a: Weezing\n|-supereffective|p2b: Dipplin\n|-damage|p1a: Weezing|13\/100\n|-damage|p2a: Umbreon|74\/100\n|-damage|p2b: Dipplin|46\/100\n|-damage|p1b: Slaking|75\/100|[from] item: Life Orb\n|move|p2b: Dipplin|Infestation|p1b: Slaking\n|-damage|p1b: Slaking|70\/100\n|-activate|p1b: Slaking|move: Infestation|[of] p2b: Dipplin\n|move|p1a: Weezing|Heat Wave|p2a: Umbreon|[spread] p2a,p2b\n|-supereffective|p2b: Dipplin\n|-damage|p2a: Umbreon|64\/100\n|-damage|p2b: Dipplin|26\/100\n|\n|-heal|p2a: Umbreon|70\/100|[from] item: Leftovers\n|-damage|p1b: Slaking|57\/100|[from] move: Infestation|[partiallytrapped]\n|-unboost|p1a: Weezing|spe|1\n|upkeep\n|turn|4\n|\n|t:|1696294485\n|move|p1b: Slaking|Play Rough|p2a: Umbreon\n|-supereffective|p2a: Umbreon\n|-damage|p2a: Umbreon|0 fnt\n|faint|p2a: Umbreon\n|-damage|p1b: Slaking|47\/100|[from] item: Life Orb\n|move|p2b: Dipplin|Syrup Bomb|p1b: Slaking\n|-damage|p1b: Slaking|26\/100\n|-start|p1b: Slaking|Syrup Bomb\n|move|p1a: Weezing|Heat Wave|p2b: Dipplin|[miss]\n|-miss|p1a: Weezing|p2b: Dipplin\n|\n|-damage|p1b: Slaking|14\/100|[from] move: Infestation|[partiallytrapped]\n|-unboost|p1b: Slaking|spe|1\n|-end|p1a: Weezing|Syrup Bomb\n|upkeep\n|\n|t:|1696294501\n|switch|p2a: Lilligant|Lilligant-Hisui, F|100\/100\n|turn|5\n|\n|t:|1696294516\n|move|p1b: Slaking|Sucker Punch|p2b: Dipplin\n|-damage|p2b: Dipplin|2\/100\n|-damage|p1b: Slaking|4\/100|[from] item: Life Orb\n|move|p2a: Lilligant|Brick Break|p1b: Slaking\n|-supereffective|p1b: Slaking\n|-damage|p1b: Slaking|0 fnt\n|faint|p1b: Slaking\n|move|p2b: Dipplin|Syrup Bomb|p1a: Weezing\n|-resisted|p1a: Weezing\n|-damage|p1a: Weezing|0 fnt\n|faint|p1a: Weezing\n|-end|p1a: Weezing|ability: Neutralizing Gas\n|-ability|p2b: Dipplin|Supersweet Syrup\n|\n|upkeep\n|\n|t:|1696294546\n|switch|p1b: Sinistcha|Sinistcha-Masterpiece|100\/100\n|switch|p1a: Meowscarada|Meowscarada, M|100\/100\n|turn|6\n|j| Corza27\n|\n|t:|1696294566\n|move|p1a: Meowscarada|Petal Blizzard|p2b: Dipplin|[spread] p1b,p2a,p2b\n|-start|p1a: Meowscarada|typechange|Grass|[from] ability: Protean\n|-resisted|p1b: Sinistcha\n|-resisted|p2a: Lilligant\n|-resisted|p2b: Dipplin\n|-damage|p1b: Sinistcha|89\/100\n|-damage|p2a: Lilligant|83\/100\n|-damage|p2b: Dipplin|0 fnt\n|faint|p2b: Dipplin\n|move|p2a: Lilligant|Victory Dance|p2a: Lilligant\n|-boost|p2a: Lilligant|atk|1\n|-boost|p2a: Lilligant|def|1\n|-boost|p2a: Lilligant|spe|1\n|move|p1b: Sinistcha|Matcha Gotcha|p2a: Lilligant\n|-resisted|p2a: Lilligant\n|-damage|p2a: Lilligant|65\/100\n|-heal|p1b: Sinistcha|97\/100|[from] drain|[of] p2a: Lilligant\n|\n|-heal|p1b: Sinistcha|100\/100|[from] item: Leftovers\n|upkeep\n|inactive|Battle timer is ON: inactive players will automatically lose when time's up. (requested by Jkhiii)\n|\n|t:|1696294587\n|switch|p2b: Muk|Muk-Alola, M|100\/100\n|turn|7\n|\n|t:|1696294600\n|move|p1a: Meowscarada|Ally Switch|p1a: Meowscarada\n|swap|p1a: Meowscarada|1|[from] move: Ally Switch\n|move|p2a: Lilligant|Victory Dance|p2a: Lilligant\n|-boost|p2a: Lilligant|atk|1\n|-boost|p2a: Lilligant|def|1\n|-boost|p2a: Lilligant|spe|1\n|move|p2b: Muk|Toxic|p1a: Sinistcha\n|-status|p1a: Sinistcha|tox\n|move|p1a: Sinistcha|Stun Spore|p2a: Lilligant\n|-immune|p2a: Lilligant\n|\n|-damage|p1a: Sinistcha|94\/100 tox|[from] psn\n|upkeep\n|turn|8\n|\n|t:|1696294626\n|move|p2a: Lilligant|Victory Dance|p2a: Lilligant\n|-boost|p2a: Lilligant|atk|1\n|-boost|p2a: Lilligant|def|1\n|-boost|p2a: Lilligant|spe|1\n|move|p1b: Meowscarada|Leech Seed|p2b: Muk\n|-start|p2b: Muk|move: Leech Seed\n|move|p2b: Muk|Crunch|p1b: Meowscarada\n|-damage|p1b: Meowscarada|50\/100\n|move|p1a: Sinistcha|Poltergeist|p2a: Lilligant\n|-activate|p2a: Lilligant|move: Poltergeist|Heavy-Duty Boots\n|-crit|p2a: Lilligant\n|-damage|p2a: Lilligant|24\/100\n|\n|-heal|p1b: Meowscarada|56\/100|[from] item: Leftovers\n|-heal|p1a: Sinistcha|100\/100 tox|[from] item: Leftovers\n|-damage|p2b: Muk|88\/100|[from] Leech Seed|[of] p1b: Meowscarada\n|-heal|p1b: Meowscarada|71\/100|[silent]\n|-damage|p1a: Sinistcha|88\/100 tox|[from] psn\n|upkeep\n|turn|9\n|\n|t:|1696294648\n|move|p1b: Meowscarada|Ally Switch|p1b: Meowscarada\n|swap|p1b: Meowscarada|0|[from] move: Ally Switch\n|move|p2a: Lilligant|Brick Break|p1b: Sinistcha\n|-immune|p1b: Sinistcha\n|move|p2b: Muk|Acid Armor|p2b: Muk\n|-boost|p2b: Muk|def|2\n|move|p1b: Sinistcha|Poltergeist|p2a: Lilligant\n|-activate|p2a: Lilligant|move: Poltergeist|Heavy-Duty Boots\n|-damage|p2a: Lilligant|14\/100\n|\n|-heal|p1a: Meowscarada|77\/100|[from] item: Leftovers\n|-heal|p2b: Muk|94\/100|[from] item: Black Sludge\n|-heal|p1b: Sinistcha|94\/100 tox|[from] item: Leftovers\n|-damage|p2b: Muk|82\/100|[from] Leech Seed|[of] p1b: Sinistcha\n|-heal|p1b: Sinistcha|100\/100 tox|[silent]\n|-damage|p1b: Sinistcha|82\/100 tox|[from] psn\n|upkeep\n|turn|10\n|\n|t:|1696294673\n|move|p2a: Lilligant|Brick Break|p1a: Meowscarada|[miss]\n|-miss|p2a: Lilligant|p1a: Meowscarada\n|move|p1a: Meowscarada|Petal Blizzard|p2b: Muk|[spread] p1b,p2a,p2b\n|-resisted|p1b: Sinistcha\n|-resisted|p2a: Lilligant\n|-resisted|p2b: Muk\n|-crit|p2b: Muk\n|-damage|p1b: Sinistcha|71\/100 tox\n|-damage|p2a: Lilligant|7\/100\n|-damage|p2b: Muk|59\/100\n|move|p2b: Muk|Crunch|p1a: Meowscarada\n|-damage|p1a: Meowscarada|22\/100\n|move|p1b: Sinistcha|Matcha Gotcha|p2a: Lilligant|[spread] p2a,p2b\n|-resisted|p2a: Lilligant\n|-resisted|p2b: Muk\n|-damage|p2a: Lilligant|0 fnt\n|-heal|p1b: Sinistcha|74\/100 tox|[from] drain|[of] p2a: Lilligant\n|-damage|p2b: Muk|48\/100\n|-heal|p1b: Sinistcha|80\/100 tox|[from] drain|[of] p2b: Muk\n|faint|p2a: Lilligant\n|-ability|p2b: Muk|Hustle|[from] ability: Power of Alchemy|[of] p2a: Lilligant\n|\n|-heal|p1a: Meowscarada|28\/100|[from] item: Leftovers\n|-heal|p2b: Muk|54\/100|[from] item: Black Sludge\n|-heal|p1b: Sinistcha|86\/100 tox|[from] item: Leftovers\n|-damage|p2b: Muk|42\/100|[from] Leech Seed|[of] p1b: Sinistcha\n|-heal|p1b: Sinistcha|99\/100 tox|[silent]\n|-damage|p1b: Sinistcha|74\/100 tox|[from] psn\n|upkeep\n|inactive|Jkhiii has 120 seconds left.\n|-message|Jkhiii forfeited.\n|\n|win|thehan13\n|raw|thehan13's rating: 1029 &rarr; <strong>1064<\/strong><br \/>(+35 for winning)\n|raw|Jkhiii's rating: 1018 &rarr; <strong>1006<\/strong><br \/>(-12 for losing)\n|l|\u2606Jkhiii\n|c|\u2606thehan13|gg\n","uploadtime":1696294696,"views":11,"p1id":"thehan13","p2id":"jkhiii","formatid":"gen9nationaldexdoubles","rating":1006,"private":0,"password":""}