{"id":"gen9nationaldexdoubles-1951023670","p1":"Epilepsy Espeon","p2":"fumbari 24","format":"[Gen 9] National Dex Doubles","log":"|j|\u2606Epilepsy Espeon\n|j|\u2606fumbari 24\n|t:|1695531283\n|gametype|doubles\n|player|p1|Epilepsy Espeon|psychic-gen4|1109\n|player|p2|fumbari 24|102|1162\n|teamsize|p1|6\n|teamsize|p2|6\n|gen|9\n|tier|[Gen 9] National Dex Doubles\n|rated|\n|rule|HP Percentage Mod: HP is shown in percentages\n|rule|Endless Battle Clause: Forcing endless battles is banned\n|rule|OHKO Clause: OHKO moves are banned\n|rule|Evasion Moves Clause: Evasion moves are banned\n|rule|Evasion Abilities Clause: Evasion abilities are banned\n|rule|Species Clause: Limit one of each Pok\u00e9mon\n|rule|Gravity Sleep Clause: The combination of sleep-inducing moves with imperfect accuracy and Gravity or Gigantamax Orbeetle are banned\n|clearpoke\n|poke|p1|Espeon, M|\n|poke|p1|Lurantis, F|\n|poke|p1|Corsola-Galar, F|\n|poke|p1|Sableye, M|\n|poke|p1|Chimecho, M|\n|poke|p1|Muk-Alola, M|\n|poke|p2|Metagross|\n|poke|p2|Blaziken, M|\n|poke|p2|Armaldo, M|\n|poke|p2|Pelipper, M|\n|poke|p2|Cradily, M|\n|poke|p2|Machamp, F|\n|teampreview\n|inactive|Battle timer is ON: inactive players will automatically lose when time's up. (requested by Epilepsy Espeon)\n|\n|t:|1695531297\n|start\n|switch|p1a: Chimecho|Chimecho, M|100\/100\n|switch|p1b: Muk|Muk-Alola, M|100\/100\n|switch|p2a: Metagross|Metagross, shiny|100\/100\n|switch|p2b: Inferno|Blaziken, M|100\/100\n|turn|1\n|\n|t:|1695531318\n|detailschange|p2a: Metagross|Metagross-Mega, shiny\n|-mega|p2a: Metagross|Metagross|Metagrossite\n|move|p2a: Metagross|Meteor Mash|p1a: Chimecho\n|-damage|p1a: Chimecho|38\/100\n|move|p2b: Inferno|Rock Slide|p1a: Chimecho|[spread] p1a,p1b\n|-damage|p1a: Chimecho|20\/100\n|-damage|p1b: Muk|75\/100\n|move|p1b: Muk|Rock Polish|p1b: Muk\n|-boost|p1b: Muk|spe|2\n|cant|p1a: Chimecho|flinch\n|\n|-heal|p1b: Muk|81\/100|[from] item: Black Sludge\n|-heal|p1a: Chimecho|26\/100|[from] item: Leftovers\n|-ability|p2b: Inferno|Speed Boost|boost\n|-boost|p2b: Inferno|spe|1\n|upkeep\n|turn|2\n|\n|t:|1695531338\n|move|p2a: Metagross|Bullet Punch|p1a: Chimecho\n|-damage|p1a: Chimecho|0 fnt\n|faint|p1a: Chimecho\n|-ability|p1b: Muk|Levitate|[from] ability: Power of Alchemy|[of] p1a: Chimecho\n|move|p1b: Muk|Rock Slide|p2b: Inferno|[spread] p2a,p2b\n|-resisted|p2a: Metagross\n|-damage|p2a: Metagross|94\/100\n|-damage|p2b: Inferno|76\/100\n|cant|p2b: Inferno|flinch\n|\n|-heal|p1b: Muk|87\/100|[from] item: Black Sludge\n|-ability|p2b: Inferno|Speed Boost|boost\n|-boost|p2b: Inferno|spe|1\n|upkeep\n|\n|t:|1695531348\n|switch|p1a: Sableye|Sableye, M|100\/100\n|turn|3\n|\n|t:|1695531356\n|move|p2a: Metagross|Protect|p2a: Metagross\n|-singleturn|p2a: Metagross|Protect\n|move|p1a: Sableye|Confuse Ray|p2a: Metagross\n|-activate|p2a: Metagross|move: Protect\n|move|p2b: Inferno|Bulk Up|p2b: Inferno\n|-boost|p2b: Inferno|atk|1\n|-boost|p2b: Inferno|def|1\n|move|p1b: Muk|Rock Slide|p2b: Inferno|[spread] \n|-activate|p2a: Metagross|move: Protect\n|-miss|p1b: Muk|p2b: Inferno\n|\n|-heal|p1b: Muk|93\/100|[from] item: Black Sludge\n|-ability|p2b: Inferno|Speed Boost|boost\n|-boost|p2b: Inferno|spe|1\n|upkeep\n|turn|4\n|inactive|Epilepsy Espeon has 120 seconds left.\n|\n|t:|1695531388\n|move|p1a: Sableye|Encore|p2a: Metagross\n|-start|p2a: Metagross|Encore\n|-zpower|p2b: Inferno\n|move|p2b: Inferno|Inferno Overdrive|p1b: Muk|[zeffect]\n|-damage|p1b: Muk|0 fnt\n|faint|p1b: Muk\n|move|p2a: Metagross|Protect||[still]\n|-fail|p2a: Metagross\n|\n|-ability|p2b: Inferno|Speed Boost|boost\n|-boost|p2b: Inferno|spe|1\n|upkeep\n|inactive|Epilepsy Espeon has 120 seconds left.\n|\n|t:|1695531409\n|switch|p1b: Corsola|Corsola-Galar, F|100\/100\n|turn|5\n|inactive|Epilepsy Espeon has 120 seconds left.\n|inactive|Epilepsy Espeon has 90 seconds left.\n|\n|t:|1695531450\n|switch|p2a: Cradily|Cradily, M|100\/100\n|move|p1a: Sableye|Confuse Ray|p2b: Inferno\n|-start|p2b: Inferno|confusion\n|-activate|p2b: Inferno|confusion\n|move|p2b: Inferno|Flare Blitz|p1a: Sableye\n|-damage|p1a: Sableye|8\/100\n|-damage|p2b: Inferno|49\/100|[from] Recoil\n|move|p1b: Corsola|Strength Sap|p2b: Inferno\n|-unboost|p2b: Inferno|atk|1\n|\n|-ability|p2b: Inferno|Speed Boost|boost\n|-boost|p2b: Inferno|spe|1\n|upkeep\n|turn|6\n|\n|t:|1695531468\n|move|p1a: Sableye|Confuse Ray|p2a: Cradily\n|-start|p2a: Cradily|confusion\n|-activate|p2b: Inferno|confusion\n|-damage|p2b: Inferno|37\/100|[from] confusion\n|-activate|p2a: Cradily|confusion\n|move|p2a: Cradily|Meteor Beam||[still]\n|-prepare|p2a: Cradily|Meteor Beam\n|-boost|p2a: Cradily|spa|1\n|-enditem|p2a: Cradily|Power Herb\n|-anim|p2a: Cradily|Meteor Beam|p1b: Corsola\n|-damage|p1b: Corsola|65\/100\n|-start|p2a: Cradily|Disable|Meteor Beam|[from] ability: Cursed Body|[of] p1b: Corsola\n|move|p1b: Corsola|Night Shade|p2a: Cradily\n|-damage|p2a: Cradily|71\/100\n|\n|-ability|p2b: Inferno|Speed Boost|boost\n|-boost|p2b: Inferno|spe|1\n|upkeep\n|turn|7\n|inactive|Epilepsy Espeon has 120 seconds left.\n|\n|t:|1695531487\n|move|p1a: Sableye|Encore|p2a: Cradily\n|-start|p2a: Cradily|Encore\n|-end|p2b: Inferno|confusion\n|move|p2b: Inferno|Flare Blitz|p1a: Sableye\n|-damage|p1a: Sableye|0 fnt\n|faint|p1a: Sableye\n|-damage|p2b: Inferno|34\/100|[from] Recoil\n|cant|p2a: Cradily|Disable|Meteor Beam\n|move|p1b: Corsola|Night Shade|p2b: Inferno\n|-damage|p2b: Inferno|4\/100\n|\n|upkeep\n|\n|t:|1695531498\n|switch|p1a: Espeon|Espeon, M|100\/100\n|turn|8\n|inactive|Epilepsy Espeon has 120 seconds left.\n|\n|t:|1695531516\n|switch|p2a: Metagross|Metagross-Mega, shiny|94\/100\n|move|p2b: Inferno|Flare Blitz|p1a: Espeon\n|-enditem|p1a: Espeon|Focus Sash\n|-damage|p1a: Espeon|1\/100\n|-damage|p2b: Inferno|0 fnt|[from] Recoil\n|faint|p2b: Inferno\n|move|p1a: Espeon|Psych Up|p2a: Metagross\n|-copyboost|p1a: Espeon|p2a: Metagross|[from] move: Psych Up\n|move|p1b: Corsola|Strength Sap|p2a: Metagross\n|-unboost|p2a: Metagross|atk|1\n|-heal|p1b: Corsola|100\/100\n|\n|upkeep\n|\n|t:|1695531527\n|switch|p2b: Cradily|Cradily, M|71\/100\n|turn|9\n|\n|t:|1695531534\n|move|p2a: Metagross|Bullet Punch|p1a: Espeon\n|-damage|p1a: Espeon|0 fnt\n|faint|p1a: Espeon\n|move|p2b: Cradily|Leech Seed|p1b: Corsola\n|-start|p1b: Corsola|move: Leech Seed\n|move|p1b: Corsola|Confuse Ray|p2a: Metagross\n|-start|p2a: Metagross|confusion\n|\n|-damage|p1b: Corsola|88\/100|[from] Leech Seed|[of] p2b: Cradily\n|-heal|p2b: Cradily|83\/100|[silent]\n|upkeep\n|\n|t:|1695531541\n|switch|p1a: Lurantis|Lurantis, F|100\/100\n|turn|10\n|\n|t:|1695531555\n|switch|p2a: Mine mine|Pelipper, M|100\/100\n|-weather|RainDance|[from] ability: Drizzle|[of] p2a: Mine mine\n|-terastallize|p1a: Lurantis|Steel\n|move|p2b: Cradily|Protect|p2b: Cradily\n|-singleturn|p2b: Cradily|Protect\n|move|p1a: Lurantis|Superpower|p2a: Mine mine\n|-resisted|p2a: Mine mine\n|-crit|p2a: Mine mine\n|-damage|p2a: Mine mine|81\/100\n|-boost|p1a: Lurantis|atk|1\n|-boost|p1a: Lurantis|def|1\n|move|p1b: Corsola|Strength Sap|p2a: Mine mine\n|-unboost|p2a: Mine mine|atk|1\n|-heal|p1b: Corsola|100\/100\n|\n|-weather|RainDance|[upkeep]\n|-damage|p1b: Corsola|88\/100|[from] Leech Seed|[of] p2b: Cradily\n|-heal|p2b: Cradily|95\/100|[silent]\n|upkeep\n|turn|11\n|\n|t:|1695531573\n|move|p1a: Lurantis|Superpower|p2b: Cradily\n|-supereffective|p2b: Cradily\n|-damage|p2b: Cradily|23\/100\n|-boost|p1a: Lurantis|atk|1\n|-boost|p1a: Lurantis|def|1\n|move|p2a: Mine mine|Scald|p2b: Cradily\n|-activate|p2b: Cradily|ability: Storm Drain\n|-ability|p2b: Cradily|Storm Drain|boost\n|-boost|p2b: Cradily|spa|1\n|move|p2b: Cradily|Leech Seed|p1a: Lurantis\n|-start|p1a: Lurantis|move: Leech Seed\n|move|p1b: Corsola|Mirror Coat||[still]\n|-fail|p1b: Corsola\n|\n|-weather|RainDance|[upkeep]\n|-damage|p1a: Lurantis|88\/100|[from] Leech Seed|[of] p2b: Cradily\n|-heal|p2b: Cradily|36\/100|[silent]\n|-damage|p1b: Corsola|76\/100|[from] Leech Seed|[of] p2b: Cradily\n|-heal|p2b: Cradily|47\/100|[silent]\n|upkeep\n|turn|12\n|\n|t:|1695531589\n|move|p2b: Cradily|Protect|p2b: Cradily\n|-singleturn|p2b: Cradily|Protect\n|move|p1a: Lurantis|Superpower|p2b: Cradily\n|-activate|p2b: Cradily|move: Protect\n|move|p2a: Mine mine|Hurricane|p1a: Lurantis\n|-resisted|p1a: Lurantis\n|-damage|p1a: Lurantis|69\/100\n|move|p1b: Corsola|Confuse Ray|p2a: Mine mine\n|-start|p2a: Mine mine|confusion\n|\n|-weather|RainDance|[upkeep]\n|-damage|p1a: Lurantis|56\/100|[from] Leech Seed|[of] p2b: Cradily\n|-heal|p2b: Cradily|60\/100|[silent]\n|-damage|p1b: Corsola|63\/100|[from] Leech Seed|[of] p2b: Cradily\n|-heal|p2b: Cradily|71\/100|[silent]\n|upkeep\n|turn|13\n|\n|t:|1695531608\n|move|p1a: Lurantis|Superpower|p2b: Cradily\n|-supereffective|p2b: Cradily\n|-damage|p2b: Cradily|0 fnt\n|-boost|p1a: Lurantis|atk|1\n|-boost|p1a: Lurantis|def|1\n|faint|p2b: Cradily\n|-activate|p2a: Mine mine|confusion\n|move|p2a: Mine mine|Tailwind|p2a: Mine mine\n|-sidestart|p2: fumbari 24|move: Tailwind\n|move|p1b: Corsola|Night Shade|p2a: Mine mine\n|-damage|p2a: Mine mine|49\/100\n|-enditem|p2a: Mine mine|Sitrus Berry|[eat]\n|-heal|p2a: Mine mine|74\/100|[from] item: Sitrus Berry\n|\n|-weather|RainDance|[upkeep]\n|upkeep\n|\n|t:|1695531612\n|switch|p2b: La bomba|Machamp, F|100\/100\n|turn|14\n|\n|t:|1695531627\n|-activate|p2a: Mine mine|confusion\n|move|p2a: Mine mine|Scald|p1a: Lurantis\n|-crit|p1a: Lurantis\n|-damage|p1a: Lurantis|0 fnt\n|faint|p1a: Lurantis\n|move|p2b: La bomba|Dynamic Punch|p1b: Corsola\n|-immune|p1b: Corsola\n|move|p1b: Corsola|Confuse Ray|p2b: La bomba\n|-start|p2b: La bomba|confusion\n|\n|-weather|none\n|-damage|p1b: Corsola|51\/100|[from] Leech Seed|[of] p2b: La bomba\n|upkeep\n|turn|15\n|\n|t:|1695531650\n|switch|p2b: Metagross|Metagross-Mega, shiny|94\/100\n|-end|p2a: Mine mine|confusion\n|move|p2a: Mine mine|Scald|p1b: Corsola\n|-damage|p1b: Corsola|37\/100\n|-status|p1b: Corsola|brn\n|move|p1b: Corsola|Strength Sap|p2b: Metagross\n|-unboost|p2b: Metagross|atk|1\n|-heal|p1b: Corsola|100\/100 brn\n|\n|-damage|p1b: Corsola|88\/100 brn|[from] Leech Seed|[of] p2b: Metagross\n|-heal|p2b: Metagross|100\/100|[silent]\n|-damage|p1b: Corsola|82\/100 brn|[from] brn\n|upkeep\n|turn|16\n|\n|t:|1695531667\n|move|p2b: Metagross|Meteor Mash|p1b: Corsola\n|-damage|p1b: Corsola|53\/100 brn\n|move|p2a: Mine mine|Hurricane|p1b: Corsola\n|-damage|p1b: Corsola|36\/100 brn\n|move|p1b: Corsola|Strength Sap|p2b: Metagross\n|-unboost|p2b: Metagross|atk|1\n|-heal|p1b: Corsola|100\/100 brn\n|\n|-damage|p1b: Corsola|88\/100 brn|[from] Leech Seed|[of] p2b: Metagross\n|-damage|p1b: Corsola|82\/100 brn|[from] brn\n|-sideend|p2: fumbari 24|move: Tailwind\n|upkeep\n|turn|17\n|\n|t:|1695531679\n|move|p2b: Metagross|Meteor Mash|p1b: Corsola\n|-damage|p1b: Corsola|57\/100 brn\n|move|p2a: Mine mine|Hurricane|p1b: Corsola\n|-damage|p1b: Corsola|37\/100 brn\n|move|p1b: Corsola|Mirror Coat|p2a: Mine mine\n|-damage|p2a: Mine mine|31\/100\n|\n|-damage|p1b: Corsola|24\/100 brn|[from] Leech Seed|[of] p2b: Metagross\n|-damage|p1b: Corsola|18\/100 brn|[from] brn\n|upkeep\n|turn|18\n|\n|t:|1695531691\n|move|p2b: Metagross|Stomping Tantrum|p1b: Corsola\n|-damage|p1b: Corsola|5\/100 brn\n|-start|p2b: Metagross|Disable|Stomping Tantrum|[from] ability: Cursed Body|[of] p1b: Corsola\n|move|p2a: Mine mine|Scald|p1b: Corsola\n|-damage|p1b: Corsola|0 fnt\n|-start|p2a: Mine mine|Disable|Scald|[from] ability: Cursed Body|[of] p1b: Corsola\n|faint|p1b: Corsola\n|\n|win|fumbari 24\n|raw|Epilepsy Espeon's rating: 1109 &rarr; <strong>1088<\/strong><br \/>(-21 for losing)\n|raw|fumbari 24's rating: 1162 &rarr; <strong>1183<\/strong><br \/>(+21 for winning)\n|l|\u2606Epilepsy Espeon\n","uploadtime":1695531698,"views":9,"p1id":"epilepsyespeon","p2id":"fumbari24","formatid":"gen9nationaldexdoubles","rating":1088,"private":0,"password":""}