{"id":"gen9nationaldexdoubles-1953029085","p1":"XMarcosPr710","p2":"Morakun","format":"[Gen 9] National Dex Doubles","log":"|j|\u2606XMarcosPr710\n|j|\u2606Morakun\n|t:|1695748726\n|gametype|doubles\n|player|p1|XMarcosPr710|benga|\n|player|p2|Morakun|ghetsis|\n|teamsize|p1|6\n|teamsize|p2|6\n|gen|9\n|tier|[Gen 9] National Dex Doubles\n|rule|HP Percentage Mod: HP is shown in percentages\n|rule|Endless Battle Clause: Forcing endless battles is banned\n|rule|OHKO Clause: OHKO moves are banned\n|rule|Evasion Moves Clause: Evasion moves are banned\n|rule|Evasion Abilities Clause: Evasion abilities are banned\n|rule|Species Clause: Limit one of each Pok\u00e9mon\n|rule|Gravity Sleep Clause: The combination of sleep-inducing moves with imperfect accuracy and Gravity or Gigantamax Orbeetle are banned\n|clearpoke\n|poke|p1|Torkoal, F|\n|poke|p1|Arcanine-Hisui, M|\n|poke|p1|Lilligant-Hisui, F|\n|poke|p1|Slowbro, M|\n|poke|p1|Malamar, M|\n|poke|p1|Vikavolt, M|\n|poke|p2|Pelipper, F|\n|poke|p2|Decidueye-Hisui, F|\n|poke|p2|Regidrago|\n|poke|p2|Nihilego|\n|poke|p2|Tyrantrum, M|\n|poke|p2|Greninja-*, M|\n|teampreview\n|\n|t:|1695748758\n|start\n|switch|p1a: Vikavolt|Vikavolt, M|100\/100\n|switch|p1b: Lilligant|Lilligant-Hisui, F|100\/100\n|switch|p2a: lluevee|Pelipper, F|100\/100\n|switch|p2b: verum|Tyrantrum, M|100\/100\n|-weather|RainDance|[from] ability: Drizzle|[of] p2a: lluevee\n|turn|1\n|\n|t:|1695748777\n|move|p2a: lluevee|Protect|p2a: lluevee\n|-singleturn|p2a: lluevee|Protect\n|move|p1b: Lilligant|Sleep Powder|p2b: verum\n|-status|p2b: verum|slp|[from] move: Sleep Powder\n|cant|p2b: verum|slp\n|move|p1a: Vikavolt|Volt Switch|p2a: lluevee\n|-activate|p2a: lluevee|move: Protect\n|\n|-weather|RainDance|[upkeep]\n|upkeep\n|turn|2\n|\n|t:|1695748794\n|switch|p2a: Wavvalluba|Regidrago|100\/100\n|move|p1b: Lilligant|Protect|p1b: Lilligant\n|-singleturn|p1b: Lilligant|Protect\n|cant|p2b: verum|slp\n|move|p1a: Vikavolt|Volt Switch|p2a: Wavvalluba\n|-resisted|p2a: Wavvalluba\n|-damage|p2a: Wavvalluba|66\/100\n|\n|t:|1695748805\n|switch|p1a: Arcanine|Arcanine-Hisui, M|100\/100|[from] Volt Switch\n|\n|-weather|RainDance|[upkeep]\n|upkeep\n|turn|3\n|\n|t:|1695748820\n|move|p1b: Lilligant|Close Combat|p2b: verum\n|-supereffective|p2b: verum\n|-damage|p2b: verum|23\/100 slp\n|-unboost|p1b: Lilligant|def|1\n|-unboost|p1b: Lilligant|spd|1\n|-enditem|p2b: verum|Kee Berry|[eat]\n|-boost|p2b: verum|def|1|[from] item: Kee Berry\n|move|p1a: Arcanine|Head Smash|p2a: Wavvalluba\n|-damage|p2a: Wavvalluba|0 fnt\n|faint|p2a: Wavvalluba\n|-curestatus|p2b: verum|slp|[msg]\n|move|p2b: verum|Dragon Dance|p2b: verum\n|-boost|p2b: verum|atk|1\n|-boost|p2b: verum|spe|1\n|\n|-weather|RainDance|[upkeep]\n|upkeep\n|\n|t:|1695748845\n|switch|p2a: lluevee|Pelipper, F|100\/100\n|turn|4\n|\n|t:|1695748859\n|switch|p1a: Vikavolt|Vikavolt, M|100\/100\n|move|p2b: verum|Rock Slide|p1a: Vikavolt|[spread] p1a,p1b\n|-supereffective|p1a: Vikavolt\n|-resisted|p1b: Lilligant\n|-damage|p1a: Vikavolt|0 fnt\n|-damage|p1b: Lilligant|61\/100\n|faint|p1a: Vikavolt\n|cant|p1b: Lilligant|flinch\n|move|p2a: lluevee|Hurricane|p1b: Lilligant\n|-supereffective|p1b: Lilligant\n|-damage|p1b: Lilligant|0 fnt\n|faint|p1b: Lilligant\n|\n|-weather|RainDance|[upkeep]\n|upkeep\n|\n|t:|1695748876\n|switch|p1b: Arcanine|Arcanine-Hisui, M|100\/100\n|switch|p1a: Torkoal|Torkoal, F|100\/100\n|-weather|SunnyDay|[from] ability: Drought|[of] p1a: Torkoal\n|turn|5\n|\n|t:|1695748893\n|switch|p2a: tornica|Nihilego|100\/100\n|-terastallize|p1b: Arcanine|Normal\n|move|p1a: Torkoal|Protect|p1a: Torkoal\n|-singleturn|p1a: Torkoal|Protect\n|move|p1b: Arcanine|Extreme Speed|p2b: verum\n|-resisted|p2b: verum\n|-damage|p2b: verum|6\/100\n|move|p2b: verum|Rock Slide|p1b: Arcanine|[spread] p1b\n|-activate|p1a: Torkoal|move: Protect\n|-damage|p1b: Arcanine|45\/100\n|\n|-weather|SunnyDay|[upkeep]\n|upkeep\n|turn|6\n|\n|t:|1695748913\n|switch|p2a: lluevee|Pelipper, F|100\/100\n|-weather|RainDance|[from] ability: Drizzle|[of] p2a: lluevee\n|move|p1b: Arcanine|Extreme Speed|p2b: verum\n|-resisted|p2b: verum\n|-damage|p2b: verum|0 fnt\n|faint|p2b: verum\n|move|p1a: Torkoal|Earth Power|p2a: lluevee\n|-immune|p2a: lluevee\n|\n|-weather|RainDance|[upkeep]\n|upkeep\n|\n|t:|1695748928\n|switch|p2b: gioconda|Decidueye-Hisui, F, shiny|100\/100\n|turn|7\n|\n|t:|1695748938\n|switch|p1a: Slowbro|Slowbro, M|100\/100\n|move|p1b: Arcanine|Extreme Speed|p2b: gioconda\n|-damage|p2b: gioconda|35\/100\n|move|p2a: lluevee|Blizzard|p1a: Slowbro|[spread] p1a,p1b\n|-resisted|p1a: Slowbro\n|-crit|p1a: Slowbro\n|-damage|p1a: Slowbro|81\/100\n|-damage|p1b: Arcanine|12\/100\n|move|p2b: gioconda|Swords Dance|p2b: gioconda\n|-boost|p2b: gioconda|atk|2\n|\n|-weather|RainDance|[upkeep]\n|upkeep\n|turn|8\n|\n|t:|1695748965\n|switch|p2b: tornica|Nihilego|100\/100\n|move|p1b: Arcanine|Extreme Speed|p2b: tornica\n|-resisted|p2b: tornica\n|-damage|p2b: tornica|55\/100\n|move|p2a: lluevee|Blizzard|p1b: Arcanine|[spread] p1a,p1b\n|-resisted|p1a: Slowbro\n|-damage|p1a: Slowbro|67\/100\n|-damage|p1b: Arcanine|0 fnt\n|faint|p1b: Arcanine\n|move|p1a: Slowbro|Trick Room|p1a: Slowbro\n|-fieldstart|move: Trick Room|[of] p1a: Slowbro\n|\n|-weather|RainDance|[upkeep]\n|upkeep\n|\n|t:|1695748982\n|switch|p1b: Torkoal|Torkoal, F|100\/100\n|-weather|SunnyDay|[from] ability: Drought|[of] p1b: Torkoal\n|turn|9\n|\n|t:|1695749014\n|switch|p1a: Malamar|Malamar, M|100\/100\n|switch|p2a: gioconda|Decidueye-Hisui, F, shiny|35\/100\n|move|p1b: Torkoal|Eruption|p2a: gioconda|[spread] p2a,p2b\n|-supereffective|p2a: gioconda\n|-resisted|p2b: tornica\n|-damage|p2a: gioconda|0 fnt\n|-damage|p2b: tornica|20\/100\n|faint|p2a: gioconda\n|move|p2b: tornica|Power Gem|p1b: Torkoal\n|-supereffective|p1b: Torkoal\n|-damage|p1b: Torkoal|0 fnt\n|faint|p1b: Torkoal\n|-ability|p2b: tornica|Beast Boost|boost\n|-boost|p2b: tornica|spa|1\n|\n|-weather|SunnyDay|[upkeep]\n|-enditem|p2b: tornica|Micle Berry|[eat]\n|upkeep\n|\n|t:|1695749030\n|switch|p1b: Slowbro|Slowbro, M|67\/100\n|switch|p2a: lluevee|Pelipper, F|100\/100\n|-weather|RainDance|[from] ability: Drizzle|[of] p2a: lluevee\n|turn|10\n|\n|t:|1695749054\n|move|p1b: Slowbro|Scald|p2a: lluevee\n|-resisted|p2a: lluevee\n|-damage|p2a: lluevee|71\/100\n|move|p1a: Malamar|Superpower|p2b: tornica\n|-damage|p2b: tornica|0 fnt\n|-boost|p1a: Malamar|atk|1\n|-boost|p1a: Malamar|def|1\n|faint|p2b: tornica\n|move|p2a: lluevee|Hydro Pump|p1a: Malamar\n|-damage|p1a: Malamar|20\/100\n|\n|-weather|RainDance|[upkeep]\n|-heal|p1a: Malamar|26\/100|[from] item: Leftovers\n|upkeep\n|\n|t:|1695749066\n|switch|p2b: salista|Greninja, M|100\/100\n|turn|11\n|\n|t:|1695749076\n|move|p1b: Slowbro|Scald|p2a: lluevee\n|-resisted|p2a: lluevee\n|-damage|p2a: lluevee|41\/100\n|move|p1a: Malamar|Superpower|p2b: salista\n|-supereffective|p2b: salista\n|-damage|p2b: salista|0 fnt\n|-boost|p1a: Malamar|atk|1\n|-boost|p1a: Malamar|def|1\n|faint|p2b: salista\n|move|p2a: lluevee|Hydro Pump|p1a: Malamar\n|-damage|p1a: Malamar|0 fnt\n|faint|p1a: Malamar\n|\n|-weather|RainDance|[upkeep]\n|upkeep\n|turn|12\n|\n|t:|1695749097\n|move|p2a: lluevee|Protect|p2a: lluevee\n|-singleturn|p2a: lluevee|Protect\n|move|p1b: Slowbro|Slack Off|p1b: Slowbro\n|-heal|p1b: Slowbro|100\/100\n|\n|-weather|RainDance|[upkeep]\n|-fieldend|move: Trick Room\n|upkeep\n|turn|13\n|\n|t:|1695749110\n|-terastallize|p2a: lluevee|Water\n|move|p2a: lluevee|Hydro Pump|p1b: Slowbro\n|-resisted|p1b: Slowbro\n|-damage|p1b: Slowbro|43\/100\n|move|p1b: Slowbro|Slack Off|p1b: Slowbro\n|-heal|p1b: Slowbro|93\/100\n|\n|-weather|RainDance|[upkeep]\n|upkeep\n|turn|14\n|\n|t:|1695749121\n|move|p2a: lluevee|Hurricane|p1b: Slowbro\n|-crit|p1b: Slowbro\n|-damage|p1b: Slowbro|16\/100\n|-start|p1b: Slowbro|confusion\n|-activate|p1b: Slowbro|confusion\n|move|p1b: Slowbro|Slack Off|p1b: Slowbro\n|-heal|p1b: Slowbro|66\/100\n|\n|-weather|RainDance|[upkeep]\n|upkeep\n|turn|15\n|\n|t:|1695749131\n|move|p2a: lluevee|Hydro Pump|p1b: Slowbro\n|-resisted|p1b: Slowbro\n|-damage|p1b: Slowbro|9\/100\n|-activate|p1b: Slowbro|confusion\n|move|p1b: Slowbro|Slack Off|p1b: Slowbro\n|-heal|p1b: Slowbro|59\/100\n|\n|-weather|RainDance|[upkeep]\n|upkeep\n|turn|16\n|\n|t:|1695749140\n|move|p2a: lluevee|Hurricane|p1b: Slowbro\n|-damage|p1b: Slowbro|4\/100\n|-activate|p1b: Slowbro|confusion\n|move|p1b: Slowbro|Slack Off|p1b: Slowbro\n|-heal|p1b: Slowbro|54\/100\n|\n|-weather|RainDance|[upkeep]\n|upkeep\n|turn|17\n|\n|t:|1695749149\n|move|p2a: lluevee|Hydro Pump|p1b: Slowbro\n|-resisted|p1b: Slowbro\n|-damage|p1b: Slowbro|5\/100\n|-end|p1b: Slowbro|confusion\n|move|p1b: Slowbro|Scald|p2a: lluevee\n|-resisted|p2a: lluevee\n|-damage|p2a: lluevee|10\/100\n|\n|-weather|none\n|upkeep\n|turn|18\n|\n|t:|1695749159\n|move|p2a: lluevee|Hydro Pump|p1b: Slowbro\n|-resisted|p1b: Slowbro\n|-damage|p1b: Slowbro|0 fnt\n|faint|p1b: Slowbro\n|\n|win|Morakun\n|c|\u2606XMarcosPr710|gg\n|c|\u2606Morakun|GG\n","uploadtime":1695749168,"views":5,"p1id":"xmarcospr710","p2id":"morakun","formatid":"gen9nationaldexdoubles","rating":0,"private":0,"password":""}