{"id":"gen9nationaldexdoubles-1962703512","p1":"glimmeraqua","p2":"we up","format":"[Gen 9] National Dex Doubles","log":"|j|\u2606glimmeraqua\n|j|\u2606we up\n|inactive|Battle timer is ON: inactive players will automatically lose when time's up.\n|t:|1696784113\n|gametype|doubles\n|player|p1|glimmeraqua|iris-gen5bw2|\n|player|p2|we up|caitlin-masters|\n|teamsize|p1|6\n|teamsize|p2|6\n|gen|9\n|tier|[Gen 9] National Dex Doubles\n|rated|Tournament battle\n|rule|HP Percentage Mod: HP is shown in percentages\n|rule|Endless Battle Clause: Forcing endless battles is banned\n|rule|OHKO Clause: OHKO moves are banned\n|rule|Evasion Moves Clause: Evasion moves are banned\n|rule|Evasion Abilities Clause: Evasion abilities are banned\n|rule|Species Clause: Limit one of each Pok\u00e9mon\n|rule|Gravity Sleep Clause: The combination of sleep-inducing moves with imperfect accuracy and Gravity or Gigantamax Orbeetle are banned\n|clearpoke\n|poke|p1|Iron Bundle|\n|poke|p1|Tapu Koko|\n|poke|p1|Incineroar, F|\n|poke|p1|Salamence, M|\n|poke|p1|Kingambit, M|\n|poke|p1|Ogerpon-Wellspring, F|\n|poke|p2|Chien-Pao|\n|poke|p2|Lucario, F|\n|poke|p2|Incineroar, F|\n|poke|p2|Flutter Mane|\n|poke|p2|Tornadus, M|\n|poke|p2|Rillaboom, M|\n|teampreview\n|inactive|we up also wants the timer to be on.\n|inactive|glimmeraqua has 120 seconds left.\n|inactive|we up has 120 seconds left.\n|\n|t:|1696784170\n|start\n|switch|p1a: Vantage|Incineroar, F|100\/100\n|switch|p1b: Valhalla|Salamence, M|100\/100\n|switch|p2a: Lucario|Lucario, F|100\/100\n|switch|p2b: Chien-Pao|Chien-Pao|100\/100\n|-ability|p2b: Chien-Pao|Sword of Ruin\n|-ability|p1b: Valhalla|Intimidate|boost\n|-fail|p2a: Lucario|unboost|Attack|[from] ability: Inner Focus|[of] p2a: Lucario\n|-unboost|p2b: Chien-Pao|atk|1\n|-ability|p1a: Vantage|Intimidate|boost\n|-fail|p2a: Lucario|unboost|Attack|[from] ability: Inner Focus|[of] p2a: Lucario\n|-unboost|p2b: Chien-Pao|atk|1\n|turn|1\n|\n|t:|1696784193\n|switch|p2b: Incineroar|Incineroar, F|100\/100\n|-ability|p2b: Incineroar|Intimidate|boost\n|-unboost|p1a: Vantage|atk|1\n|-unboost|p1b: Valhalla|atk|1\n|detailschange|p1b: Valhalla|Salamence-Mega, M\n|-mega|p1b: Valhalla|Salamence|Salamencite\n|move|p1a: Vantage|Fake Out|p2a: Lucario\n|-resisted|p2a: Lucario\n|-damage|p2a: Lucario|95\/100\n|move|p1b: Valhalla|Tailwind|p1b: Valhalla\n|-sidestart|p1: glimmeraqua|move: Tailwind\n|move|p2a: Lucario|Close Combat|p1a: Vantage\n|-supereffective|p1a: Vantage\n|-damage|p1a: Vantage|0 fnt\n|-unboost|p2a: Lucario|def|1\n|-unboost|p2a: Lucario|spd|1\n|faint|p1a: Vantage\n|\n|upkeep\n|\n|t:|1696784204\n|switch|p1a: Valkyrie|Ogerpon-Wellspring, F|100\/100\n|turn|2\n|\n|t:|1696784220\n|switch|p2a: Tornadus|Tornadus, M|100\/100\n|move|p2b: Incineroar|Fake Out|p1a: Valkyrie\n|-damage|p1a: Valkyrie|88\/100\n|move|p1b: Valhalla|Hyper Voice|p2b: Incineroar|[spread] p2a,p2b\n|-damage|p2a: Tornadus|67\/100\n|-damage|p2b: Incineroar|77\/100\n|cant|p1a: Valkyrie|flinch\n|\n|upkeep\n|turn|3\n|\n|t:|1696784239\n|move|p2a: Tornadus|Tailwind|p2a: Tornadus\n|-sidestart|p2: we up|move: Tailwind\n|move|p1b: Valhalla|Hyper Voice|p2a: Tornadus|[spread] p2a,p2b\n|-damage|p2a: Tornadus|33\/100\n|-damage|p2b: Incineroar|53\/100\n|move|p1a: Valkyrie|Ivy Cudgel|p2b: Incineroar\n|-supereffective|p2b: Incineroar\n|-damage|p2b: Incineroar|0 fnt\n|faint|p2b: Incineroar\n|\n|upkeep\n|\n|t:|1696784260\n|switch|p2b: Flutter Mane|Flutter Mane|100\/100\n|turn|4\n|\n|t:|1696784278\n|switch|p1b: Valour|Kingambit, M|100\/100\n|-terastallize|p1a: Valkyrie|Water\n|detailschange|p1a: Valkyrie|Ogerpon-Wellspring-Tera, F, tera:Water\n|-ability|p1a: Valkyrie|Embody Aspect (Wellspring)|boost\n|-boost|p1a: Valkyrie|spd|1\n|move|p2b: Flutter Mane|Protect|p2b: Flutter Mane\n|-singleturn|p2b: Flutter Mane|Protect\n|move|p1a: Valkyrie|Ivy Cudgel|p2b: Flutter Mane\n|-activate|p2b: Flutter Mane|move: Protect\n|move|p2a: Tornadus|Bleakwind Storm|p1a: Valkyrie|[spread] p1a,p1b\n|-resisted|p1b: Valour\n|-damage|p1a: Valkyrie|62\/100\n|-damage|p1b: Valour|90\/100\n|-unboost|p1a: Valkyrie|spe|1\n|\n|-sideend|p1: glimmeraqua|move: Tailwind\n|upkeep\n|turn|5\n|\n|t:|1696784308\n|switch|p2a: Lucario|Lucario, F|95\/100\n|move|p2b: Flutter Mane|Dazzling Gleam|p1b: Valour|[spread] p1a,p1b\n|-damage|p1a: Valkyrie|38\/100\n|-damage|p1b: Valour|70\/100\n|move|p1a: Valkyrie|Ivy Cudgel|p2a: Lucario\n|-damage|p2a: Lucario|0 fnt\n|faint|p2a: Lucario\n|move|p1b: Valour|Knock Off|p2b: Flutter Mane\n|-crit|p2b: Flutter Mane\n|-damage|p2b: Flutter Mane|0 fnt\n|-enditem|p2b: Flutter Mane|Pixie Plate|[from] move: Knock Off|[of] p1b: Valour\n|faint|p2b: Flutter Mane\n|-end|p2b: Flutter Mane|Protosynthesis|[silent]\n|\n|upkeep\n|\n|t:|1696784315\n|switch|p2b: Rillaboom|Rillaboom, M|100\/100\n|switch|p2a: Chien-Pao|Chien-Pao|100\/100\n|-ability|p2a: Chien-Pao|Sword of Ruin\n|-fieldstart|move: Grassy Terrain|[from] ability: Grassy Surge|[of] p2b: Rillaboom\n|turn|6\n|\n|t:|1696784336\n|switch|p1a: Valhalla|Salamence-Mega, M|100\/100\n|switch|p1b: Victor|Tapu Koko|100\/100\n|-fieldstart|move: Electric Terrain|[from] ability: Electric Surge|[of] p1b: Victor\n|move|p2a: Chien-Pao|Sacred Sword|p1b: Victor\n|-resisted|p1b: Victor\n|-damage|p1b: Victor|75\/100\n|move|p2b: Rillaboom|U-turn|p1a: Valhalla\n|-resisted|p1a: Valhalla\n|-damage|p1a: Valhalla|85\/100\n|\n|t:|1696784341\n|switch|p2b: Tornadus|Tornadus, M|33\/100|[from] U-turn\n|\n|-sideend|p2: we up|move: Tailwind\n|upkeep\n|turn|7\n|\n|t:|1696784363\n|switch|p1a: Valour|Kingambit, M|70\/100\n|move|p2b: Tornadus|Tailwind|p2b: Tornadus\n|-sidestart|p2: we up|move: Tailwind\n|move|p2a: Chien-Pao|Ice Spinner|p1a: Valour\n|-resisted|p1a: Valour\n|-damage|p1a: Valour|50\/100\n|-fieldend|move: Electric Terrain\n|move|p1b: Victor|Dazzling Gleam|p2b: Tornadus|[spread] p2a,p2b\n|-supereffective|p2a: Chien-Pao\n|-damage|p2a: Chien-Pao|20\/100\n|-damage|p2b: Tornadus|7\/100\n|\n|upkeep\n|turn|8\n|inactive|glimmeraqua has 120 seconds left.\n|inactive|we up has 120 seconds left.\n|\n|t:|1696784404\n|move|p2a: Chien-Pao|Protect|p2a: Chien-Pao\n|-singleturn|p2a: Chien-Pao|Protect\n|move|p1a: Valour|Sucker Punch||[still]\n|-fail|p1a: Valour\n|move|p2b: Tornadus|Bleakwind Storm|p1a: Valour|[spread] p1b\n|-miss|p2b: Tornadus|p1a: Valour\n|-resisted|p1b: Victor\n|-damage|p1b: Victor|51\/100\n|-unboost|p1b: Victor|spe|1\n|move|p1b: Victor|Hidden Power|p2b: Tornadus\n|-supereffective|p2b: Tornadus\n|-damage|p2b: Tornadus|0 fnt\n|faint|p2b: Tornadus\n|\n|upkeep\n|inactive|we up has 120 seconds left.\n|\n|t:|1696784409\n|switch|p2b: Rillaboom|Rillaboom, M|100\/100\n|-fieldstart|move: Grassy Terrain|[from] ability: Grassy Surge|[of] p2b: Rillaboom\n|turn|9\n|inactive|glimmeraqua has 120 seconds left.\n|\n|t:|1696784432\n|switch|p1a: Valkyrie|Ogerpon-Wellspring-Tera, F, tera:Water|38\/100\n|-ability|p1a: Valkyrie|Embody Aspect (Wellspring)|boost\n|-boost|p1a: Valkyrie|spd|1\n|move|p1b: Victor|Protect|p1b: Victor\n|-singleturn|p1b: Victor|Protect\n|move|p2b: Rillaboom|Fake Out|p1a: Valkyrie\n|-damage|p1a: Valkyrie|10\/100\n|move|p2a: Chien-Pao|Ice Spinner|p1b: Victor\n|-activate|p1b: Victor|move: Protect\n|\n|-heal|p2a: Chien-Pao|26\/100|[from] Grassy Terrain\n|-heal|p1a: Valkyrie|16\/100|[from] Grassy Terrain\n|-heal|p1b: Victor|57\/100|[from] Grassy Terrain\n|upkeep\n|turn|10\n|inactive|we up has 120 seconds left.\n|inactive|glimmeraqua has 120 seconds left.\n|inactive|we up has 90 seconds left.\n|\n|t:|1696784495\n|switch|p1b: Valour|Kingambit, M|50\/100\n|move|p1a: Valkyrie|Spiky Shield|p1a: Valkyrie\n|-singleturn|p1a: Valkyrie|move: Protect\n|move|p2b: Rillaboom|Grassy Glide|p1b: Valour\n|-resisted|p1b: Valour\n|-damage|p1b: Valour|30\/100\n|move|p2a: Chien-Pao|Ice Spinner|p1a: Valkyrie\n|-activate|p1a: Valkyrie|move: Protect\n|-damage|p2a: Chien-Pao|14\/100|[from] Spiky Shield|[of] p1a: Valkyrie\n|\n|-heal|p2a: Chien-Pao|20\/100|[from] Grassy Terrain\n|-heal|p1a: Valkyrie|22\/100|[from] Grassy Terrain\n|-heal|p1b: Valour|36\/100|[from] Grassy Terrain\n|-sideend|p2: we up|move: Tailwind\n|upkeep\n|turn|11\n|inactive|glimmeraqua has 120 seconds left.\n|\n|t:|1696784520\n|switch|p1a: Valhalla|Salamence-Mega, M|85\/100\n|move|p2a: Chien-Pao|Sucker Punch||[still]\n|-fail|p2a: Chien-Pao\n|move|p2b: Rillaboom|Drain Punch|p1b: Valour\n|-supereffective|p1b: Valour\n|-damage|p1b: Valour|0 fnt\n|faint|p1b: Valour\n|\n|-heal|p2a: Chien-Pao|26\/100|[from] Grassy Terrain\n|upkeep\n|inactive|glimmeraqua has 120 seconds left.\n|\n|t:|1696784532\n|switch|p1b: Victor|Tapu Koko|57\/100\n|-fieldstart|move: Electric Terrain|[from] ability: Electric Surge|[of] p1b: Victor\n|turn|12\n|\n|t:|1696784546\n|-terastallize|p2b: Rillaboom|Grass\n|move|p2a: Chien-Pao|Protect|p2a: Chien-Pao\n|-singleturn|p2a: Chien-Pao|Protect\n|move|p1a: Valhalla|Protect|p1a: Valhalla\n|-singleturn|p1a: Valhalla|Protect\n|-zpower|p1b: Victor\n|move|p1b: Victor|Gigavolt Havoc|p2a: Chien-Pao|[zeffect]\n|-zbroken|p2a: Chien-Pao\n|-damage|p2a: Chien-Pao|0 fnt\n|faint|p2a: Chien-Pao\n|move|p2b: Rillaboom|Grassy Glide|p1b: Victor\n|-damage|p1b: Victor|0 fnt\n|faint|p1b: Victor\n|\n|upkeep\n|\n|t:|1696784551\n|switch|p1b: Vanquish|Iron Bundle|100\/100\n|-activate|p1b: Vanquish|ability: Quark Drive\n|-start|p1b: Vanquish|quarkdrivespe\n|turn|13\n|\n|t:|1696784558\n|move|p1b: Vanquish|Freeze-Dry|p2b: Rillaboom\n|-supereffective|p2b: Rillaboom\n|-damage|p2b: Rillaboom|37\/100\n|-damage|p1b: Vanquish|91\/100|[from] item: Life Orb\n|move|p1a: Valhalla|Double-Edge|p2b: Rillaboom\n|-supereffective|p2b: Rillaboom\n|-damage|p2b: Rillaboom|0 fnt\n|faint|p2b: Rillaboom\n|-damage|p1a: Valhalla|71\/100|[from] Recoil\n|\n|win|glimmeraqua\n|n|\u2606glimmeraqua|glimmeraqua\n|n|\u2606we up|weup\n","uploadtime":1696784560,"views":23,"p1id":"glimmeraqua","p2id":"weup","formatid":"gen9nationaldexdoubles","rating":0,"private":0,"password":""}