{"id":"gen9nationaldexdoubles-1971234491","p1":"SplashyWashyss","p2":"usgjrabkoufjpo","format":"[Gen 9] National Dex Doubles","log":"|j|\u2606SplashyWashyss\n|j|\u2606usgjrabkoufjpo\n|t:|1697722338\n|gametype|doubles\n|player|p1|SplashyWashyss|bruno|1058\n|player|p2|usgjrabkoufjpo|wallace|1000\n|teamsize|p1|6\n|teamsize|p2|6\n|gen|9\n|tier|[Gen 9] National Dex Doubles\n|rated|\n|rule|HP Percentage Mod: HP is shown in percentages\n|rule|Endless Battle Clause: Forcing endless battles is banned\n|rule|OHKO Clause: OHKO moves are banned\n|rule|Evasion Moves Clause: Evasion moves are banned\n|rule|Evasion Abilities Clause: Evasion abilities are banned\n|rule|Species Clause: Limit one of each Pok\u00e9mon\n|rule|Gravity Sleep Clause: The combination of sleep-inducing moves with imperfect accuracy and Gravity or Gigantamax Orbeetle are banned\n|clearpoke\n|poke|p1|Camerupt, F|\n|poke|p1|Whimsicott, F|\n|poke|p1|Ursaluna-Bloodmoon, M|\n|poke|p1|Walking Wake|\n|poke|p1|Gothitelle, F|\n|poke|p1|Amoonguss, M|\n|poke|p2|Inteleon, M|\n|poke|p2|Mienshao, F|\n|poke|p2|Houndoom, M|\n|poke|p2|Bombirdier, F|\n|poke|p2|Nidoking, M|\n|poke|p2|Lurantis, F|\n|teampreview\n|inactive|Battle timer is ON: inactive players will automatically lose when time's up. (requested by SplashyWashyss)\n|l|\u2606SplashyWashyss\n|inactive|SplashyWashyss disconnected and has a minute to reconnect!\n|player|p1|\n|j|\u2606SplashyWashyss\n|inactive|SplashyWashyss reconnected and has 115 seconds left.\n|player|p1|SplashyWashyss|bruno\n|\n|t:|1697722379\n|start\n|switch|p1a: groundon at home|Camerupt, F, shiny|100\/100\n|switch|p1b: Gothitelle|Gothitelle, F|100\/100\n|switch|p2a: Mienshao|Mienshao, F|100\/100\n|switch|p2b: Lurantis|Lurantis, F|100\/100\n|turn|1\n|inactive|usgjrabkoufjpo has 120 seconds left.\n|\n|t:|1697722414\n|detailschange|p1a: groundon at home|Camerupt-Mega, F, shiny\n|-mega|p1a: groundon at home|Camerupt|Cameruptite\n|move|p1a: groundon at home|Protect|p1a: groundon at home\n|-singleturn|p1a: groundon at home|Protect\n|move|p2a: Mienshao|Ice Spinner|p1b: Gothitelle\n|-damage|p1b: Gothitelle|73\/100\n|move|p2b: Lurantis|Psycho Cut|p1a: groundon at home\n|-activate|p1a: groundon at home|move: Protect\n|move|p1b: Gothitelle|Trick Room|p1b: Gothitelle\n|-fieldstart|move: Trick Room|[of] p1b: Gothitelle\n|\n|-heal|p1b: Gothitelle|79\/100|[from] item: Leftovers\n|upkeep\n|turn|2\n|\n|t:|1697722432\n|switch|p1b: Whimsicott|Whimsicott, F|100\/100\n|move|p1a: groundon at home|Eruption|p2b: Lurantis|[spread] p2a,p2b\n|-supereffective|p2b: Lurantis\n|-damage|p2a: Mienshao|0 fnt\n|-damage|p2b: Lurantis|0 fnt\n|faint|p2a: Mienshao\n|faint|p2b: Lurantis\n|\n|upkeep\n|inactive|usgjrabkoufjpo has 120 seconds left.\n|\n|t:|1697722445\n|switch|p2b: Houndoom|Houndoom, M|100\/100\n|switch|p2a: Nidoking|Nidoking, M|100\/100\n|turn|3\n|\n|t:|1697722458\n|move|p1b: Whimsicott|Sunny Day|p1b: Whimsicott\n|-weather|SunnyDay\n|move|p1a: groundon at home|Earth Power|p2b: Houndoom\n|-supereffective|p2b: Houndoom\n|-damage|p2b: Houndoom|0 fnt\n|faint|p2b: Houndoom\n|move|p2a: Nidoking|Body Slam|p1a: groundon at home\n|-damage|p1a: groundon at home|68\/100\n|\n|-weather|SunnyDay|[upkeep]\n|upkeep\n|\n|t:|1697722469\n|switch|p2b: Inteleon|Inteleon, M|100\/100\n|turn|4\n|\n|t:|1697722479\n|move|p1a: groundon at home|Hidden Power|p2b: Inteleon\n|-supereffective|p2b: Inteleon\n|-damage|p2b: Inteleon|18\/100\n|move|p2a: Nidoking|Brick Break|p1a: groundon at home\n|-damage|p1a: groundon at home|47\/100\n|move|p1b: Whimsicott|Energy Ball|p2b: Inteleon\n|-supereffective|p2b: Inteleon\n|-damage|p2b: Inteleon|0 fnt\n|faint|p2b: Inteleon\n|\n|-weather|SunnyDay|[upkeep]\n|upkeep\n|\n|t:|1697722492\n|switch|p2b: Bombirdier|Bombirdier, F|100\/100\n|turn|5\n|\n|t:|1697722504\n|move|p1b: Whimsicott|Helping Hand|p1a: groundon at home\n|-singleturn|p1a: groundon at home|Helping Hand|[of] p1b: Whimsicott\n|move|p1a: groundon at home|Earth Power|p2a: Nidoking\n|-supereffective|p2a: Nidoking\n|-damage|p2a: Nidoking|0 fnt\n|faint|p2a: Nidoking\n|move|p2b: Bombirdier|Brave Bird|p1b: Whimsicott\n|-supereffective|p1b: Whimsicott\n|-damage|p1b: Whimsicott|19\/100\n|-damage|p2b: Bombirdier|72\/100|[from] Recoil\n|\n|-weather|SunnyDay|[upkeep]\n|-fieldend|move: Trick Room\n|upkeep\n|turn|6\n|\n|t:|1697722522\n|move|p1b: Whimsicott|Helping Hand|p1a: groundon at home\n|-singleturn|p1a: groundon at home|Helping Hand|[of] p1b: Whimsicott\n|move|p2b: Bombirdier|Drill Run|p1a: groundon at home\n|-supereffective|p1a: groundon at home\n|-damage|p1a: groundon at home|3\/100\n|move|p1a: groundon at home|Eruption|p2b: Bombirdier\n|-damage|p2b: Bombirdier|67\/100\n|\n|-weather|SunnyDay|[upkeep]\n|upkeep\n|turn|7\n|\n|t:|1697722537\n|move|p1b: Whimsicott|Sunny Day||[still]\n|-fail|p1b: Whimsicott\n|move|p2b: Bombirdier|Foul Play|p1a: groundon at home\n|-damage|p1a: groundon at home|0 fnt\n|faint|p1a: groundon at home\n|\n|-weather|SunnyDay|[upkeep]\n|upkeep\n|\n|t:|1697722543\n|switch|p1a: Walking Wake|Walking Wake|100\/100\n|-activate|p1a: Walking Wake|ability: Protosynthesis\n|-start|p1a: Walking Wake|protosynthesisspa\n|turn|8\n|\n|t:|1697722560\n|move|p1b: Whimsicott|Helping Hand|p1a: Walking Wake\n|-singleturn|p1a: Walking Wake|Helping Hand|[of] p1b: Whimsicott\n|move|p1a: Walking Wake|Hydro Steam|p2b: Bombirdier\n|-damage|p2b: Bombirdier|0 fnt\n|faint|p2b: Bombirdier\n|\n|win|SplashyWashyss\n|raw|SplashyWashyss's rating: 1058 &rarr; <strong>1084<\/strong><br \/>(+26 for winning)\n|raw|usgjrabkoufjpo's rating: 1000 &rarr; <strong>1000<\/strong><br \/>(+0 for losing)\n|c|\u2606SplashyWashyss|Gg\n|l|\u2606usgjrabkoufjpo\n","uploadtime":1697722584,"views":13,"p1id":"splashywashyss","p2id":"usgjrabkoufjpo","formatid":"gen9nationaldexdoubles","rating":1000,"private":0,"password":""}