{"id":"gen9nationaldexdoubles-1972268148","p1":"Pokemon177","p2":"Empoleonop0706","format":"[Gen 9] National Dex Doubles","log":"|j|\u2606Pokemon177\n|j|\u2606Empoleonop0706\n|t:|1697826550\n|gametype|doubles\n|player|p1|Pokemon177|steven|1153\n|player|p2|Empoleonop0706|169|1269\n|teamsize|p1|6\n|teamsize|p2|6\n|gen|9\n|tier|[Gen 9] National Dex Doubles\n|rated|\n|rule|HP Percentage Mod: HP is shown in percentages\n|rule|Endless Battle Clause: Forcing endless battles is banned\n|rule|OHKO Clause: OHKO moves are banned\n|rule|Evasion Moves Clause: Evasion moves are banned\n|rule|Evasion Abilities Clause: Evasion abilities are banned\n|rule|Species Clause: Limit one of each Pok\u00e9mon\n|rule|Gravity Sleep Clause: The combination of sleep-inducing moves with imperfect accuracy and Gravity or Gigantamax Orbeetle are banned\n|clearpoke\n|poke|p1|Charizard, M|\n|poke|p1|Lilligant-Hisui, F|\n|poke|p1|Walking Wake|\n|poke|p1|Flutter Mane|\n|poke|p1|Roaring Moon|\n|poke|p1|Volcarona, M|\n|poke|p2|Whimsicott, M|\n|poke|p2|Walking Wake|\n|poke|p2|Flutter Mane|\n|poke|p2|Chi-Yu|\n|poke|p2|Farigiraf, M|\n|poke|p2|Iron Hands|\n|teampreview\n|\n|t:|1697826582\n|start\n|switch|p1a: Roaring Moon|Roaring Moon|100\/100\n|switch|p1b: Lilligant|Lilligant-Hisui, F|100\/100\n|switch|p2a: Farigiraf|Farigiraf, M|100\/100\n|switch|p2b: Iron Hands|Iron Hands|100\/100\n|turn|1\n|inactive|Battle timer is ON: inactive players will automatically lose when time's up. (requested by Pokemon177)\n|\n|t:|1697826597\n|move|p2b: Iron Hands|Fake Out|p1a: Roaring Moon\n|-damage|p1a: Roaring Moon|78\/100\n|cant|p1a: Roaring Moon|flinch\n|move|p1b: Lilligant|Victory Dance|p1b: Lilligant\n|-boost|p1b: Lilligant|atk|1\n|-boost|p1b: Lilligant|def|1\n|-boost|p1b: Lilligant|spe|1\n|move|p2a: Farigiraf|Trick Room|p2a: Farigiraf\n|-fieldstart|move: Trick Room|[of] p2a: Farigiraf\n|\n|upkeep\n|turn|2\n|inactive|Empoleonop0706 has 120 seconds left.\n|\n|t:|1697826628\n|move|p2b: Iron Hands|Drain Punch|p1a: Roaring Moon\n|-supereffective|p1a: Roaring Moon\n|-damage|p1a: Roaring Moon|0 fnt\n|faint|p1a: Roaring Moon\n|-end|p1a: Roaring Moon|Protosynthesis|[silent]\n|move|p2a: Farigiraf|Dazzling Gleam|p1b: Lilligant\n|-supereffective|p1b: Lilligant\n|-damage|p1b: Lilligant|24\/100\n|move|p1b: Lilligant|Victory Dance|p1b: Lilligant\n|-boost|p1b: Lilligant|atk|1\n|-boost|p1b: Lilligant|def|1\n|-boost|p1b: Lilligant|spe|1\n|\n|upkeep\n|\n|t:|1697826642\n|switch|p1a: Volcarona|Volcarona, M|100\/100\n|turn|3\n|\n|t:|1697826662\n|move|p2b: Iron Hands|Wild Charge|p1a: Volcarona\n|-damage|p1a: Volcarona|21\/100\n|-damage|p2b: Iron Hands|87\/100|[from] Recoil\n|move|p2a: Farigiraf|Psychic|p1b: Lilligant\n|-supereffective|p1b: Lilligant\n|-damage|p1b: Lilligant|0 fnt\n|faint|p1b: Lilligant\n|move|p1a: Volcarona|Fiery Dance|p2b: Iron Hands\n|-damage|p2b: Iron Hands|65\/100\n|\n|upkeep\n|\n|t:|1697826676\n|switch|p1b: Charizard|Charizard, M|100\/100\n|turn|4\n|\n|t:|1697826690\n|detailschange|p1b: Charizard|Charizard-Mega-Y, M\n|-mega|p1b: Charizard|Charizard|Charizardite Y\n|-weather|SunnyDay|[from] ability: Drought|[of] p1b: Charizard\n|move|p2b: Iron Hands|Wild Charge|p1b: Charizard\n|-supereffective|p1b: Charizard\n|-damage|p1b: Charizard|0 fnt\n|faint|p1b: Charizard\n|-damage|p2b: Iron Hands|48\/100|[from] Recoil\n|move|p2a: Farigiraf|Psychic|p1a: Volcarona\n|-damage|p1a: Volcarona|0 fnt\n|faint|p1a: Volcarona\n|\n|-weather|SunnyDay|[upkeep]\n|upkeep\n|\n|t:|1697826703\n|switch|p1a: Flutter Mane|Flutter Mane|100\/100\n|switch|p1b: Walking Wake|Walking Wake|100\/100\n|-activate|p1b: Walking Wake|ability: Protosynthesis\n|-start|p1b: Walking Wake|protosynthesisspa\n|-activate|p1a: Flutter Mane|ability: Protosynthesis\n|-start|p1a: Flutter Mane|protosynthesisspe\n|turn|5\n|\n|t:|1697826721\n|-terastallize|p1b: Walking Wake|Water\n|move|p2b: Iron Hands|Heavy Slam|p1a: Flutter Mane\n|-supereffective|p1a: Flutter Mane\n|-damage|p1a: Flutter Mane|0 fnt\n|faint|p1a: Flutter Mane\n|-end|p1a: Flutter Mane|Protosynthesis|[silent]\n|move|p2a: Farigiraf|Dazzling Gleam|p1b: Walking Wake\n|-damage|p1b: Walking Wake|71\/100\n|move|p1b: Walking Wake|Hydro Steam|p2a: Farigiraf\n|-damage|p2a: Farigiraf|0 fnt\n|faint|p2a: Farigiraf\n|\n|-weather|SunnyDay|[upkeep]\n|-fieldend|move: Trick Room\n|upkeep\n|\n|t:|1697826745\n|switch|p2a: Whimsicott|Whimsicott, M|100\/100\n|turn|6\n|-message|Pokemon177 forfeited.\n|\n|win|Empoleonop0706\n|raw|Pokemon177's rating: 1153 &rarr; <strong>1136<\/strong><br \/>(-17 for losing)\n|raw|Empoleonop0706's rating: 1269 &rarr; <strong>1286<\/strong><br \/>(+17 for winning)\n|l|\u2606Pokemon177\n","uploadtime":1697826850,"views":12,"p1id":"pokemon177","p2id":"empoleonop0706","formatid":"gen9nationaldexdoubles","rating":1136,"private":0,"password":""}