{"id":"gen9nationaldexdoubles-1976339776","p1":"eragon11145","p2":"psoal0","format":"[Gen 9] National Dex Doubles","log":"|j|\u2606eragon11145\n|j|\u2606psoal0\n|t:|1698288563\n|gametype|doubles\n|player|p1|eragon11145|#dwcopiii|\n|player|p2|psoal0|colress|\n|teamsize|p1|6\n|teamsize|p2|6\n|gen|9\n|tier|[Gen 9] National Dex Doubles\n|rated|Tournament battle\n|rule|HP Percentage Mod: HP is shown in percentages\n|rule|Endless Battle Clause: Forcing endless battles is banned\n|rule|OHKO Clause: OHKO moves are banned\n|rule|Evasion Moves Clause: Evasion moves are banned\n|rule|Evasion Abilities Clause: Evasion abilities are banned\n|rule|Species Clause: Limit one of each Pok\u00e9mon\n|rule|Gravity Sleep Clause: The combination of sleep-inducing moves with imperfect accuracy and Gravity or Gigantamax Orbeetle are banned\n|clearpoke\n|poke|p1|Xerneas-*|\n|poke|p1|Groudon|\n|poke|p1|Necrozma-Dawn-Wings|\n|poke|p1|Calyrex-Shadow|\n|poke|p1|Indeedee-F, F|\n|poke|p1|Mewtwo|\n|poke|p2|Shuckle, M|\n|poke|p2|Oranguru, M|\n|poke|p2|Annihilape, M|\n|poke|p2|Victini|\n|poke|p2|Qwilfish, F|\n|poke|p2|Landorus-Therian, M|\n|teampreview\n|inactive|Battle timer is ON: inactive players will automatically lose when time's up. (requested by eragon11145)\n|inactive|psoal0 also wants the timer to be on.\n|j|%Smudge\n|inactive|eragon11145 has 120 seconds left.\n|\n|t:|1698288614\n|start\n|switch|p1a: Groudon|Groudon|100\/100\n|switch|p1b: Mewtwo|Mewtwo|100\/100\n|switch|p2a: Annihilape|Annihilape, M|100\/100\n|switch|p2b: Victini|Victini|100\/100\n|-ability|p1b: Mewtwo|Pressure\n|detailschange|p1a: Groudon|Groudon-Primal\n|-primal|p1a: Groudon|Red Orb\n|-weather|DesolateLand|[from] ability: Desolate Land|[of] p1a: Groudon\n|turn|1\n|inactive|psoal0 has 120 seconds left.\n|\n|t:|1698288649\n|move|p1b: Mewtwo|Protect|p1b: Mewtwo\n|-singleturn|p1b: Mewtwo|Protect\n|move|p1a: Groudon|Protect|p1a: Groudon\n|-singleturn|p1a: Groudon|Protect\n|move|p2b: Victini|Final Gambit|p1b: Mewtwo\n|-activate|p1b: Mewtwo|move: Protect\n|move|p2a: Annihilape|Final Gambit|p1a: Groudon\n|-activate|p1a: Groudon|move: Protect\n|\n|-weather|DesolateLand|[upkeep]\n|upkeep\n|turn|2\n|\n|t:|1698288662\n|switch|p1b: Calyrex|Calyrex-Shadow|100\/100\n|-ability|p1b: Calyrex|As One\n|-ability|p1b: Calyrex|Unnerve\n|-weather|none\n|switch|p1a: Necrozma|Necrozma-Dawn-Wings|100\/100\n|move|p2b: Victini|Final Gambit|p1b: Calyrex\n|-immune|p1b: Calyrex\n|move|p2a: Annihilape|Final Gambit|p1a: Necrozma\n|-immune|p1a: Necrozma\n|\n|upkeep\n|turn|3\n|\n|t:|1698288686\n|switch|p2b: Landorus|Landorus-Therian, M|100\/100\n|-ability|p2b: Landorus|Intimidate|boost\n|-unboost|p1a: Necrozma|atk|1\n|-unboost|p1b: Calyrex|atk|1\n|switch|p2a: Qwilfish|Qwilfish, F|100\/100\n|-ability|p2a: Qwilfish|Intimidate|boost\n|-unboost|p1a: Necrozma|atk|1\n|-unboost|p1b: Calyrex|atk|1\n|move|p1b: Calyrex|Astral Barrage|p2b: Landorus|[spread] p2a,p2b\n|-enditem|p2a: Qwilfish|Focus Sash\n|-damage|p2a: Qwilfish|1\/100\n|-damage|p2b: Landorus|33\/100\n|move|p1a: Necrozma|Photon Geyser|p2a: Qwilfish\n|-supereffective|p2a: Qwilfish\n|-damage|p2a: Qwilfish|0 fnt\n|faint|p2a: Qwilfish\n|\n|upkeep\n|\n|t:|1698288700\n|switch|p2a: Annihilape|Annihilape, M|100\/100\n|turn|4\n|\n|t:|1698288712\n|switch|p1a: Indeedee|Indeedee-F, F|100\/100\n|-fieldstart|move: Psychic Terrain|[from] ability: Psychic Surge|[of] p1a: Indeedee\n|move|p2a: Annihilape|Rage Fist|p1b: Calyrex\n|-supereffective|p1b: Calyrex\n|-damage|p1b: Calyrex|1\/100\n|move|p1b: Calyrex|Expanding Force|p2a: Annihilape|[spread] p2a,p2b\n|-supereffective|p2a: Annihilape\n|-damage|p2a: Annihilape|0 fnt\n|-damage|p2b: Landorus|0 fnt\n|faint|p2a: Annihilape\n|faint|p2b: Landorus\n|-ability|p1b: Calyrex|Grim Neigh|boost\n|-boost|p1b: Calyrex|spa|2\n|\n|upkeep\n|\n|t:|1698288723\n|switch|p2b: Oranguru|Oranguru, M|100\/100\n|switch|p2a: Shuckle|Shuckle, M|100\/100\n|turn|5\n|c|\u2606eragon11145|(I'm sash but apparently I just lived on 1)\n|\n|t:|1698288737\n|move|p1b: Calyrex|Expanding Force|p2a: Shuckle|[spread] p2a,p2b\n|-resisted|p2b: Oranguru\n|-damage|p2a: Shuckle|10\/100\n|-damage|p2b: Oranguru|46\/100\n|move|p1a: Indeedee|Heal Pulse|p1b: Calyrex\n|-heal|p1b: Calyrex|51\/100\n|move|p2a: Shuckle|Power Trick|p2a: Shuckle\n|-start|p2a: Shuckle|Power Trick\n|move|p2b: Oranguru|Trick Room|p2b: Oranguru\n|-fieldstart|move: Trick Room|[of] p2b: Oranguru\n|-enditem|p2b: Oranguru|Room Service\n|-unboost|p2b: Oranguru|spe|1|[from] item: Room Service\n|\n|upkeep\n|turn|6\n|j| webern enjoyer\n|\n|t:|1698288751\n|move|p1a: Indeedee|Protect|p1a: Indeedee\n|-singleturn|p1a: Indeedee|Protect\n|move|p1b: Calyrex|Protect|p1b: Calyrex\n|-singleturn|p1b: Calyrex|Protect\n|move|p2a: Shuckle|Earthquake|p1a: Indeedee|[spread] \n|-activate|p1a: Indeedee|move: Protect\n|-activate|p1b: Calyrex|move: Protect\n|-activate|p2b: Oranguru|ability: Telepathy\n|move|p2b: Oranguru|Instruct|p2a: Shuckle\n|-singleturn|p2a: Shuckle|move: Instruct|[of] p2b: Oranguru\n|move|p2a: Shuckle|Earthquake|p1b: Calyrex|[spread] \n|-activate|p1a: Indeedee|move: Protect\n|-activate|p1b: Calyrex|move: Protect\n|-activate|p2b: Oranguru|ability: Telepathy\n|\n|upkeep\n|turn|7\n|\n|t:|1698288775\n|move|p1b: Calyrex|Protect|p1b: Calyrex\n|-singleturn|p1b: Calyrex|Protect\n|move|p2a: Shuckle|Earthquake|p1b: Calyrex|[spread] p1a\n|-activate|p1b: Calyrex|move: Protect\n|-activate|p2b: Oranguru|ability: Telepathy\n|-damage|p1a: Indeedee|56\/100\n|move|p2b: Oranguru|Instruct|p2a: Shuckle\n|-singleturn|p2a: Shuckle|move: Instruct|[of] p2b: Oranguru\n|move|p2a: Shuckle|Earthquake|p1b: Calyrex|[spread] p1a\n|-activate|p1b: Calyrex|move: Protect\n|-activate|p2b: Oranguru|ability: Telepathy\n|-damage|p1a: Indeedee|15\/100\n|-enditem|p1a: Indeedee|Sitrus Berry|[eat]\n|-heal|p1a: Indeedee|40\/100|[from] item: Sitrus Berry\n|move|p1a: Indeedee|Psychic|p2a: Shuckle\n|-damage|p2a: Shuckle|0 fnt\n|faint|p2a: Shuckle\n|\n|upkeep\n|c| webern enjoyer|wtf did i walk in on\n|c| webern enjoyer|instruct power trick shuckle is crazy\n|-message|psoal0 forfeited.\n|\n|win|eragon11145\n|n|\u2606eragon11145|eragon11145\n|n|\u2606psoal0|psoal0\n|n| Smudge|smudge\n|n| webern enjoyer|webernenjoyer\n","uploadtime":1698288796,"views":18,"p1id":"eragon11145","p2id":"psoal0","formatid":"gen9nationaldexdoubles","rating":0,"private":0,"password":""}