{"id":"gen9nationaldexdoubles-1998586284","p1":"Theadonia","p2":"Androiddxx","format":"[Gen 9] National Dex Doubles","log":"|j|\u2606Theadonia\n|j|\u2606Androiddxx\n|t:|1700959644\n|gametype|doubles\n|player|p1|Theadonia|roxie|1109\n|player|p2|Androiddxx|lucas|1073\n|teamsize|p1|6\n|teamsize|p2|6\n|gen|9\n|tier|[Gen 9] National Dex Doubles\n|rated|\n|rule|HP Percentage Mod: HP is shown in percentages\n|rule|Endless Battle Clause: Forcing endless battles is banned\n|rule|OHKO Clause: OHKO moves are banned\n|rule|Evasion Moves Clause: Evasion moves are banned\n|rule|Evasion Abilities Clause: Evasion abilities are banned\n|rule|Species Clause: Limit one of each Pok\u00e9mon\n|rule|Gravity Sleep Clause: The combination of sleep-inducing moves with imperfect accuracy and Gravity or Gigantamax Orbeetle are banned\n|clearpoke\n|poke|p1|Braviary-Hisui, M|\n|poke|p1|Oricorio-Sensu, M|\n|poke|p1|Barraskewda, M|\n|poke|p1|Riolu, M|\n|poke|p1|Cresselia, F|\n|poke|p1|Swoobat, M|\n|poke|p2|Garchomp, M|\n|poke|p2|Baxcalibur, F|\n|poke|p2|Dragonite, M|\n|poke|p2|Kommo-o, F|\n|poke|p2|Walking Wake|\n|poke|p2|Goodra-Hisui, M|\n|teampreview\n|\n|t:|1700959654\n|start\n|switch|p1a: Oricorio|Oricorio-Sensu, M, shiny|100\/100\n|switch|p1b: Swoobat|Swoobat, M|100\/100\n|switch|p2a: Sharpie|Garchomp, M|100\/100\n|switch|p2b: My mom|Walking Wake|100\/100\n|-enditem|p2b: My mom|Booster Energy\n|-activate|p2b: My mom|ability: Protosynthesis|[fromitem]\n|-start|p2b: My mom|protosynthesisspa\n|turn|1\n|\n|t:|1700959677\n|move|p1b: Swoobat|Simple Beam|p1a: Oricorio\n|-endability|p1a: Oricorio|Dancer|[from] move: Simple Beam\n|-ability|p1a: Oricorio|Simple|[from] move: Simple Beam\n|move|p2a: Sharpie|Stone Edge|p1b: Swoobat\n|-supereffective|p1b: Swoobat\n|-enditem|p1b: Swoobat|Focus Sash\n|-damage|p1b: Swoobat|1\/100\n|move|p2b: My mom|Hydro Steam|p1a: Oricorio\n|-damage|p1a: Oricorio|35\/100\n|move|p1a: Oricorio|Quiver Dance|p1a: Oricorio\n|-boost|p1a: Oricorio|spa|2\n|-boost|p1a: Oricorio|spd|2\n|-boost|p1a: Oricorio|spe|2\n|\n|upkeep\n|turn|2\n|\n|t:|1700959707\n|move|p1a: Oricorio|Roost|p1a: Oricorio\n|-heal|p1a: Oricorio|85\/100\n|-singleturn|p1a: Oricorio|move: Roost\n|move|p1b: Swoobat|Heat Wave|p2a: Sharpie|[spread] p2a,p2b\n|-resisted|p2a: Sharpie\n|-resisted|p2b: My mom\n|-damage|p2a: Sharpie|92\/100\n|-damage|p2b: My mom|97\/100\n|move|p2a: Sharpie|Dragon Claw|p1b: Swoobat\n|-crit|p1b: Swoobat\n|-damage|p1b: Swoobat|0 fnt\n|faint|p1b: Swoobat\n|move|p2b: My mom|Hydro Steam|p1a: Oricorio\n|-damage|p1a: Oricorio|49\/100\n|\n|upkeep\n|\n|t:|1700959722\n|switch|p1b: Riolu|Riolu, M|100\/100\n|turn|3\n|\n|t:|1700959752\n|-terastallize|p1a: Oricorio|Fairy\n|move|p1b: Riolu|Coaching|p1a: Oricorio\n|-boost|p1a: Oricorio|atk|2\n|-boost|p1a: Oricorio|def|2\n|move|p1a: Oricorio|Roost|p1a: Oricorio\n|-heal|p1a: Oricorio|99\/100\n|move|p2a: Sharpie|Dragon Claw|p1a: Oricorio\n|-immune|p1a: Oricorio\n|move|p2b: My mom|Dragon Pulse|p1b: Riolu\n|-damage|p1b: Riolu|10\/100\n|\n|upkeep\n|turn|4\n|\n|t:|1700959773\n|switch|p2a: Sleepy|Goodra-Hisui, M|100\/100\n|move|p1b: Riolu|Coaching|p1a: Oricorio\n|-boost|p1a: Oricorio|atk|2\n|-boost|p1a: Oricorio|def|2\n|move|p1a: Oricorio|Quiver Dance|p1a: Oricorio\n|-boost|p1a: Oricorio|spa|2\n|-boost|p1a: Oricorio|spd|2\n|-boost|p1a: Oricorio|spe|2\n|move|p2b: My mom|Hydro Steam|p1b: Riolu\n|-damage|p1b: Riolu|0 fnt\n|faint|p1b: Riolu\n|\n|upkeep\n|\n|t:|1700959789\n|switch|p1b: Barraskewda|Barraskewda, M|100\/100\n|turn|5\n|\n|t:|1700959802\n|move|p1a: Oricorio|Revelation Dance|p2b: My mom\n|-supereffective|p2b: My mom\n|-damage|p2b: My mom|0 fnt\n|faint|p2b: My mom\n|-end|p2b: My mom|Protosynthesis|[silent]\n|move|p1b: Barraskewda|Acupressure|p1a: Oricorio\n|-boost|p1a: Oricorio|atk|2\n|move|p2a: Sleepy|Flash Cannon|p1a: Oricorio\n|-supereffective|p1a: Oricorio\n|-damage|p1a: Oricorio|63\/100\n|\n|upkeep\n|\n|t:|1700959819\n|switch|p2b: Happy|Dragonite, M|100\/100\n|turn|6\n|\n|t:|1700959828\n|move|p2b: Happy|Extreme Speed|p1a: Oricorio\n|-damage|p1a: Oricorio|54\/100\n|move|p1a: Oricorio|Roost|p1a: Oricorio\n|-heal|p1a: Oricorio|100\/100\n|move|p1b: Barraskewda|Acupressure|p1a: Oricorio\n|-boost|p1a: Oricorio|evasion|4\n|move|p2a: Sleepy|Flash Cannon|p1a: Oricorio|[miss]\n|-miss|p2a: Sleepy|p1a: Oricorio\n|\n|upkeep\n|turn|7\n|\n|t:|1700959848\n|move|p1a: Oricorio|Quiver Dance|p1a: Oricorio\n|-boost|p1a: Oricorio|spa|2\n|-boost|p1a: Oricorio|spd|2\n|-boost|p1a: Oricorio|spe|2\n|move|p1b: Barraskewda|Acupressure|p1a: Oricorio\n|-boost|p1a: Oricorio|evasion|2\n|move|p2b: Happy|Thunder Punch|p1b: Barraskewda\n|-supereffective|p1b: Barraskewda\n|-enditem|p1b: Barraskewda|Focus Sash\n|-damage|p1b: Barraskewda|1\/100\n|move|p2a: Sleepy|Flash Cannon|p1a: Oricorio|[miss]\n|-miss|p2a: Sleepy|p1a: Oricorio\n|\n|upkeep\n|turn|8\n|\n|t:|1700959870\n|move|p1a: Oricorio|Baton Pass|p1a: Oricorio\n|\n|t:|1700959872\n|switch|p1a: Braviary|Braviary-Hisui, M|100\/100|[from] Baton Pass\n|move|p1b: Barraskewda|Acupressure|p1a: Braviary\n|-boost|p1a: Braviary|def|2\n|move|p2b: Happy|Thunder Punch|p1b: Barraskewda\n|-supereffective|p1b: Barraskewda\n|-damage|p1b: Barraskewda|0 fnt\n|faint|p1b: Barraskewda\n|move|p2a: Sleepy|Flash Cannon|p1a: Braviary|[miss]\n|-miss|p2a: Sleepy|p1a: Braviary\n|\n|upkeep\n|\n|t:|1700959885\n|switch|p1b: Oricorio|Oricorio-Sensu, M, shiny, tera:Fairy|100\/100\n|turn|9\n|\n|t:|1700959913\n|move|p1a: Braviary|Stored Power|p2b: Happy\n|-damage|p2b: Happy|0 fnt\n|faint|p2b: Happy\n|move|p1b: Oricorio|Quiver Dance|p1b: Oricorio\n|-boost|p1b: Oricorio|spa|1\n|-boost|p1b: Oricorio|spd|1\n|-boost|p1b: Oricorio|spe|1\n|move|p2a: Sleepy|Flash Cannon|p1b: Oricorio\n|-supereffective|p1b: Oricorio\n|-damage|p1b: Oricorio|35\/100\n|\n|upkeep\n|\n|t:|1700959936\n|switch|p2b: Obama|Baxcalibur, F|100\/100\n|turn|10\n|\n|t:|1700959943\n|move|p1a: Braviary|Stored Power|p2a: Sleepy\n|-resisted|p2a: Sleepy\n|-damage|p2a: Sleepy|0 fnt\n|faint|p2a: Sleepy\n|move|p1b: Oricorio|Revelation Dance|p2b: Obama\n|-supereffective|p2b: Obama\n|-damage|p2b: Obama|5\/100\n|move|p2b: Obama|Icicle Spear|p1b: Oricorio\n|-damage|p1b: Oricorio|21\/100\n|-enditem|p1b: Oricorio|Aguav Berry|[eat]\n|-heal|p1b: Oricorio|54\/100|[from] item: Aguav Berry\n|-damage|p1b: Oricorio|39\/100\n|-damage|p1b: Oricorio|25\/100\n|-damage|p1b: Oricorio|11\/100\n|-damage|p1b: Oricorio|0 fnt\n|faint|p1b: Oricorio\n|-hitcount|p1: Oricorio|5\n|\n|upkeep\n|\n|t:|1700959966\n|switch|p1b: Cresselia|Cresselia, F|100\/100\n|switch|p2a: Angy|Kommo-o, F|100\/100\n|turn|11\n|\n|t:|1700959986\n|move|p1a: Braviary|Heat Wave|p2a: Angy|[spread] p2a,p2b\n|-resisted|p2a: Angy\n|-damage|p2a: Angy|25\/100\n|-damage|p2b: Obama|0 fnt\n|faint|p2b: Obama\n|move|p2a: Angy|Clangorous Soul||[still]\n|-fail|p2a: Angy\n|move|p1b: Cresselia|Dazzling Gleam|p2a: Angy\n|-supereffective|p2a: Angy\n|-damage|p2a: Angy|0 fnt\n|faint|p2a: Angy\n|\n|upkeep\n|\n|t:|1700959999\n|switch|p2b: Sharpie|Garchomp, M|92\/100\n|turn|12\n|\n|t:|1700960006\n|move|p1a: Braviary|Esper Wing|p2b: Sharpie\n|-damage|p2b: Sharpie|0 fnt\n|faint|p2b: Sharpie\n|\n|win|Theadonia\n|raw|Theadonia's rating: 1109 &rarr; <strong>1131<\/strong><br \/>(+22 for winning)\n|raw|Androiddxx's rating: 1073 &rarr; <strong>1054<\/strong><br \/>(-19 for losing)\n","uploadtime":1700960016,"views":0,"p1id":"theadonia","p2id":"androiddxx","formatid":"gen9nationaldexdoubles","rating":1054,"private":0,"password":""}