{"id":"gen9nationaldexdoubles-1966090640","p1":"DecarolisSTAFFETTA","p2":"Ti do di do do","format":"[Gen 9] National Dex Doubles","log":"|j|\u2606DecarolisSTAFFETTA\n|j|\u2606Ti do di do do\n|t:|1697144011\n|gametype|doubles\n|player|p1|DecarolisSTAFFETTA|bugcatcher-gen4dp|1061\n|player|p2|Ti do di do do|dawn|1042\n|teamsize|p1|6\n|teamsize|p2|6\n|gen|9\n|tier|[Gen 9] National Dex Doubles\n|rated|\n|rule|HP Percentage Mod: HP is shown in percentages\n|rule|Endless Battle Clause: Forcing endless battles is banned\n|rule|OHKO Clause: OHKO moves are banned\n|rule|Evasion Moves Clause: Evasion moves are banned\n|rule|Evasion Abilities Clause: Evasion abilities are banned\n|rule|Species Clause: Limit one of each Pok\u00e9mon\n|rule|Gravity Sleep Clause: The combination of sleep-inducing moves with imperfect accuracy and Gravity or Gigantamax Orbeetle are banned\n|clearpoke\n|poke|p1|Ting-Lu|\n|poke|p1|Riolu, F|\n|poke|p1|Overqwil, M|\n|poke|p1|Politoed, M|\n|poke|p1|Barraskewda, M|\n|poke|p1|Corviknight, M|\n|poke|p2|Blastoise, M|\n|poke|p2|Clefable, M|\n|poke|p2|Indeedee-F, F|\n|poke|p2|Mr. Mime, M|\n|poke|p2|Glastrier|\n|poke|p2|Oranguru, F|\n|teampreview\n|inactive|Battle timer is ON: inactive players will automatically lose when time's up. (requested by DecarolisSTAFFETTA)\n|\n|t:|1697144032\n|start\n|switch|p1a: Ting-Lu|Ting-Lu|100\/100\n|switch|p1b: Barraskewda|Barraskewda, M|100\/100\n|switch|p2a: Glastrier|Glastrier|100\/100\n|switch|p2b: Indeedee|Indeedee-F, F|100\/100\n|-fieldstart|move: Psychic Terrain|[from] ability: Psychic Surge|[of] p2b: Indeedee\n|-ability|p1a: Ting-Lu|Vessel of Ruin\n|turn|1\n|\n|t:|1697144049\n|-terastallize|p1a: Ting-Lu|Dark\n|move|p2a: Glastrier|Protect|p2a: Glastrier\n|-singleturn|p2a: Glastrier|Protect\n|move|p1b: Barraskewda|Acupressure|p1a: Ting-Lu\n|-boost|p1a: Ting-Lu|evasion|2\n|move|p1a: Ting-Lu|Rock Slide|p2b: Indeedee|[spread] p2b\n|-activate|p2a: Glastrier|move: Protect\n|-damage|p2b: Indeedee|84\/100\n|move|p2b: Indeedee|Trick Room|p2b: Indeedee\n|-fieldstart|move: Trick Room|[of] p2b: Indeedee\n|\n|upkeep\n|turn|2\n|\n|t:|1697144075\n|-terastallize|p2a: Glastrier|Ice\n|move|p2b: Indeedee|Helping Hand|p2a: Glastrier\n|-singleturn|p2a: Glastrier|Helping Hand|[of] p2b: Indeedee\n|move|p2a: Glastrier|Icicle Spear|p1a: Ting-Lu\n|-damage|p1a: Ting-Lu|85\/100\n|-damage|p1a: Ting-Lu|69\/100\n|-damage|p1a: Ting-Lu|52\/100\n|-damage|p1a: Ting-Lu|34\/100\n|-damage|p1a: Ting-Lu|17\/100\n|-hitcount|p1a: Ting-Lu|5\n|move|p1a: Ting-Lu|Rock Slide|p2a: Glastrier|[spread] p2a,p2b\n|-supereffective|p2a: Glastrier\n|-damage|p2a: Glastrier|75\/100\n|-damage|p2b: Indeedee|66\/100\n|move|p1b: Barraskewda|Acupressure|p1a: Ting-Lu\n|-boost|p1a: Ting-Lu|spd|2\n|\n|upkeep\n|turn|3\n|\n|t:|1697144097\n|move|p2b: Indeedee|Follow Me|p2b: Indeedee\n|-singleturn|p2b: Indeedee|move: Follow Me\n|move|p2a: Glastrier|Icicle Spear|p1a: Ting-Lu\n|-damage|p1a: Ting-Lu|5\/100\n|-damage|p1a: Ting-Lu|0 fnt\n|faint|p1a: Ting-Lu\n|-ability|p2a: Glastrier|Chilling Neigh|boost\n|-boost|p2a: Glastrier|atk|1\n|-hitcount|p1: Ting-Lu|2\n|move|p1b: Barraskewda|Acupressure|p1b: Barraskewda\n|-boost|p1b: Barraskewda|spd|2\n|\n|upkeep\n|\n|t:|1697144110\n|switch|p1a: Riolu|Riolu, F|100\/100\n|turn|4\n|\n|t:|1697144119\n|move|p2b: Indeedee|Follow Me|p2b: Indeedee\n|-singleturn|p2b: Indeedee|move: Follow Me\n|move|p1a: Riolu|Coaching|p1b: Barraskewda\n|-boost|p1b: Barraskewda|atk|1\n|-boost|p1b: Barraskewda|def|1\n|move|p2a: Glastrier|Icicle Spear|p1a: Riolu\n|-damage|p1a: Riolu|53\/100\n|-crit|p1a: Riolu\n|-damage|p1a: Riolu|0 fnt\n|faint|p1a: Riolu\n|-ability|p2a: Glastrier|Chilling Neigh|boost\n|-boost|p2a: Glastrier|atk|1\n|-hitcount|p1: Riolu|2\n|move|p1b: Barraskewda|Acupressure|p1b: Barraskewda\n|-boost|p1b: Barraskewda|accuracy|2\n|\n|upkeep\n|\n|t:|1697144142\n|switch|p1a: Corviknight|Corviknight, M|100\/100\n|turn|5\n|\n|t:|1697144155\n|move|p2b: Indeedee|Follow Me|p2b: Indeedee\n|-singleturn|p2b: Indeedee|move: Follow Me\n|move|p2a: Glastrier|Icicle Spear|p1a: Corviknight\n|-damage|p1a: Corviknight|61\/100\n|-damage|p1a: Corviknight|20\/100\n|-damage|p1a: Corviknight|0 fnt\n|faint|p1a: Corviknight\n|-ability|p2a: Glastrier|Chilling Neigh|boost\n|-boost|p2a: Glastrier|atk|1\n|-hitcount|p1: Corviknight|3\n|move|p1b: Barraskewda|Acupressure|p1: Corviknight|[notarget]\n|-fail|p1b: Barraskewda\n|\n|-fieldend|move: Trick Room\n|-fieldend|move: Psychic Terrain\n|upkeep\n|\n|t:|1697144169\n|switch|p1a: Politoed|Politoed, M|100\/100\n|-weather|RainDance|[from] ability: Drizzle|[of] p1a: Politoed\n|turn|6\n|\n|t:|1697144188\n|move|p2a: Glastrier|Protect|p2a: Glastrier\n|-singleturn|p2a: Glastrier|Protect\n|move|p1b: Barraskewda|Close Combat|p2b: Indeedee\n|-damage|p2b: Indeedee|17\/100\n|-unboost|p1b: Barraskewda|def|1\n|-unboost|p1b: Barraskewda|spd|1\n|move|p1a: Politoed|Muddy Water|p2a: Glastrier|[spread] p2b\n|-activate|p2a: Glastrier|move: Protect\n|-damage|p2b: Indeedee|0 fnt\n|faint|p2b: Indeedee\n|\n|-weather|RainDance|[upkeep]\n|upkeep\n|\n|t:|1697144218\n|switch|p2b: Clefable|Clefable, M|100\/100\n|turn|7\n|\n|t:|1697144231\n|move|p2b: Clefable|Follow Me|p2b: Clefable\n|-singleturn|p2b: Clefable|move: Follow Me\n|move|p1b: Barraskewda|Acupressure|p1b: Barraskewda\n|-boost|p1b: Barraskewda|spd|2\n|move|p1a: Politoed|Weather Ball|p2b: Clefable\n|-damage|p2b: Clefable|41\/100\n|move|p2a: Glastrier|Icicle Spear|p1a: Politoed\n|-resisted|p1a: Politoed\n|-damage|p1a: Politoed|69\/100\n|-resisted|p1a: Politoed\n|-damage|p1a: Politoed|40\/100\n|-resisted|p1a: Politoed\n|-damage|p1a: Politoed|11\/100\n|-resisted|p1a: Politoed\n|-damage|p1a: Politoed|0 fnt\n|faint|p1a: Politoed\n|-ability|p2a: Glastrier|Chilling Neigh|boost\n|-boost|p2a: Glastrier|atk|1\n|-hitcount|p1: Politoed|4\n|\n|-weather|RainDance|[upkeep]\n|upkeep\n|\n|t:|1697144251\n|switch|p1a: Overqwil|Overqwil, M|100\/100\n|turn|8\n|\n|t:|1697144267\n|move|p2b: Clefable|Follow Me|p2b: Clefable\n|-singleturn|p2b: Clefable|move: Follow Me\n|move|p1b: Barraskewda|Aqua Jet|p2b: Clefable\n|-damage|p2b: Clefable|3\/100\n|move|p1a: Overqwil|Poison Jab|p2b: Clefable\n|-supereffective|p2b: Clefable\n|-damage|p2b: Clefable|0 fnt\n|faint|p2b: Clefable\n|move|p2a: Glastrier|Icicle Spear|p1a: Overqwil\n|-damage|p1a: Overqwil|29\/100\n|-damage|p1a: Overqwil|0 fnt\n|faint|p1a: Overqwil\n|-ability|p2a: Glastrier|Chilling Neigh|boost\n|-boost|p2a: Glastrier|atk|1\n|-hitcount|p1: Overqwil|2\n|\n|-weather|RainDance|[upkeep]\n|upkeep\n|\n|t:|1697144284\n|switch|p2b: Blastoise|Blastoise, M|100\/100\n|turn|9\n|\n|t:|1697144289\n|move|p2b: Blastoise|Follow Me|p2b: Blastoise\n|-singleturn|p2b: Blastoise|move: Follow Me\n|move|p1b: Barraskewda|Close Combat|p2b: Blastoise\n|-damage|p2b: Blastoise|62\/100\n|-unboost|p1b: Barraskewda|def|1\n|-unboost|p1b: Barraskewda|spd|1\n|move|p2a: Glastrier|Icicle Spear|p1b: Barraskewda\n|-resisted|p1b: Barraskewda\n|-damage|p1b: Barraskewda|12\/100\n|-enditem|p1b: Barraskewda|Aguav Berry|[eat]\n|-heal|p1b: Barraskewda|46\/100|[from] item: Aguav Berry\n|-resisted|p1b: Barraskewda\n|-damage|p1b: Barraskewda|0 fnt\n|faint|p1b: Barraskewda\n|-hitcount|p1: Barraskewda|2\n|\n|win|Ti do di do do\n|raw|DecarolisSTAFFETTA's rating: 1061 &rarr; <strong>1041<\/strong><br \/>(-20 for losing)\n|raw|Ti do di do do's rating: 1042 &rarr; <strong>1078<\/strong><br \/>(+36 for winning)\n|l|\u2606DecarolisSTAFFETTA\n","uploadtime":1697144319,"views":3,"p1id":"decarolisstaffetta","p2id":"tidodidodo","formatid":"gen9nationaldexdoubles","rating":1041,"private":0,"password":""}