{"id":"gen9nationaldexdoubles-1949218223","p1":"Ryanodacool","p2":"AerixThorn","format":"[Gen 9] National Dex Doubles","log":"|j|\u2606Ryanodacool\n|j|\u2606AerixThorn\n|t:|1695336420\n|gametype|doubles\n|player|p1|Ryanodacool|youngster-gen4dp|1066\n|player|p2|AerixThorn|riley|1118\n|teamsize|p1|6\n|teamsize|p2|6\n|gen|9\n|tier|[Gen 9] National Dex Doubles\n|rated|\n|rule|HP Percentage Mod: HP is shown in percentages\n|rule|Endless Battle Clause: Forcing endless battles is banned\n|rule|OHKO Clause: OHKO moves are banned\n|rule|Evasion Moves Clause: Evasion moves are banned\n|rule|Evasion Abilities Clause: Evasion abilities are banned\n|rule|Species Clause: Limit one of each Pok\u00e9mon\n|rule|Gravity Sleep Clause: The combination of sleep-inducing moves with imperfect accuracy and Gravity or Gigantamax Orbeetle are banned\n|clearpoke\n|poke|p1|Amoonguss, F|\n|poke|p1|Landorus, M|\n|poke|p1|Tornadus, M|\n|poke|p1|Quaquaval, F|\n|poke|p1|Sinistcha|\n|poke|p1|Meowscarada, F|\n|poke|p2|Maushold|\n|poke|p2|Kommo-o, F|\n|poke|p2|Grimmsnarl, M|\n|poke|p2|Klefki, M|\n|poke|p2|Clefable, F|\n|poke|p2|Veluza, F|\n|teampreview\n|inactive|Battle timer is ON: inactive players will automatically lose when time's up. (requested by AerixThorn)\n|\n|t:|1695336442\n|start\n|switch|p1a: Landorus|Landorus, M|100\/100\n|switch|p1b: Tornadus|Tornadus, M|100\/100\n|switch|p2a: Maushold|Maushold|100\/100\n|switch|p2b: Kommo-o|Kommo-o, F|100\/100\n|turn|1\n|\n|t:|1695336458\n|move|p1b: Tornadus|Rain Dance|p1b: Tornadus\n|-weather|RainDance\n|move|p2a: Maushold|Population Bomb|p1a: Landorus\n|-damage|p1a: Landorus|88\/100\n|-damage|p1a: Landorus|76\/100\n|-damage|p1a: Landorus|62\/100\n|-damage|p1a: Landorus|48\/100\n|-enditem|p1a: Landorus|Sitrus Berry|[eat]\n|-heal|p1a: Landorus|73\/100|[from] item: Sitrus Berry\n|-damage|p1a: Landorus|59\/100\n|-damage|p1a: Landorus|45\/100\n|-damage|p1a: Landorus|30\/100\n|-damage|p1a: Landorus|17\/100\n|-damage|p1a: Landorus|5\/100\n|-damage|p1a: Landorus|0 fnt\n|faint|p1a: Landorus\n|-hitcount|p1: Landorus|10\n|move|p2b: Kommo-o|Clangorous Soul|p2b: Kommo-o\n|-boost|p2b: Kommo-o|atk|1\n|-boost|p2b: Kommo-o|def|1\n|-boost|p2b: Kommo-o|spa|1\n|-boost|p2b: Kommo-o|spd|1\n|-boost|p2b: Kommo-o|spe|1\n|-damage|p2b: Kommo-o|68\/100\n|\n|-weather|RainDance|[upkeep]\n|-heal|p2b: Kommo-o|74\/100|[from] item: Leftovers\n|upkeep\n|inactive|Ryanodacool has 120 seconds left.\n|\n|t:|1695336485\n|switch|p1a: Sinistcha|Sinistcha|100\/100\n|turn|2\n|\n|t:|1695336502\n|move|p2b: Kommo-o|Iron Head|p1a: Sinistcha\n|-damage|p1a: Sinistcha|64\/100\n|move|p2a: Maushold|Population Bomb|p1b: Tornadus\n|-damage|p1b: Tornadus|88\/100\n|-damage|p1b: Tornadus|75\/100\n|-damage|p1b: Tornadus|60\/100\n|-damage|p1b: Tornadus|46\/100\n|-damage|p1b: Tornadus|31\/100\n|-damage|p1b: Tornadus|16\/100\n|-damage|p1b: Tornadus|2\/100\n|-damage|p1b: Tornadus|0 fnt\n|faint|p1b: Tornadus\n|-hitcount|p1: Tornadus|8\n|move|p1a: Sinistcha|Poltergeist|p2b: Kommo-o\n|-activate|p2b: Kommo-o|move: Poltergeist|Leftovers\n|-damage|p2b: Kommo-o|57\/100\n|\n|-weather|RainDance|[upkeep]\n|-heal|p2b: Kommo-o|63\/100|[from] item: Leftovers\n|upkeep\n|inactive|Ryanodacool has 120 seconds left.\n|\n|t:|1695336523\n|switch|p1b: Quaquaval|Quaquaval, F|100\/100\n|turn|3\n|inactive|Ryanodacool has 120 seconds left.\n|\n|t:|1695336549\n|move|p2b: Kommo-o|Breaking Swipe|p1b: Quaquaval|[spread] p1a,p1b\n|-crit|p1b: Quaquaval\n|-damage|p1a: Sinistcha|32\/100\n|-damage|p1b: Quaquaval|50\/100\n|-unboost|p1a: Sinistcha|atk|1\n|-unboost|p1b: Quaquaval|atk|1\n|-damage|p2b: Kommo-o|47\/100|[from] item: Rocky Helmet|[of] p1b: Quaquaval\n|move|p2a: Maushold|Population Bomb|p1b: Quaquaval\n|-damage|p1b: Quaquaval|37\/100\n|-damage|p2a: Maushold|84\/100|[from] item: Rocky Helmet|[of] p1b: Quaquaval\n|-damage|p1b: Quaquaval|24\/100\n|-damage|p2a: Maushold|67\/100|[from] item: Rocky Helmet|[of] p1b: Quaquaval\n|-damage|p1b: Quaquaval|11\/100\n|-damage|p2a: Maushold|51\/100|[from] item: Rocky Helmet|[of] p1b: Quaquaval\n|-damage|p1b: Quaquaval|0 fnt\n|-damage|p2a: Maushold|34\/100|[from] item: Rocky Helmet|[of] p1b: Quaquaval\n|faint|p1b: Quaquaval\n|-hitcount|p1: Quaquaval|4\n|move|p1a: Sinistcha|Poltergeist|p2b: Kommo-o\n|-activate|p2b: Kommo-o|move: Poltergeist|Leftovers\n|-damage|p2b: Kommo-o|35\/100\n|\n|-weather|RainDance|[upkeep]\n|-heal|p2b: Kommo-o|41\/100|[from] item: Leftovers\n|upkeep\n|inactive|Ryanodacool has 120 seconds left.\n|\n|t:|1695336558\n|switch|p1b: Meowscarada|Meowscarada, F|100\/100\n|turn|4\n|\n|t:|1695336577\n|move|p2b: Kommo-o|Drain Punch|p1b: Meowscarada\n|-supereffective|p1b: Meowscarada\n|-damage|p1b: Meowscarada|0 fnt\n|-heal|p2b: Kommo-o|100\/100|[from] drain|[of] p1b: Meowscarada\n|faint|p1b: Meowscarada\n|move|p2a: Maushold|Shadow Claw|p1a: Sinistcha\n|-supereffective|p1a: Sinistcha\n|-damage|p1a: Sinistcha|0 fnt\n|faint|p1a: Sinistcha\n|\n|-weather|RainDance|[upkeep]\n|upkeep\n|\n|t:|1695336587\n|switch|p1b: Amoonguss|Amoonguss, F, shiny|100\/100\n|turn|5\n|\n|t:|1695336597\n|move|p2b: Kommo-o|Breaking Swipe|p1b: Amoonguss\n|-damage|p1b: Amoonguss|50\/100\n|-unboost|p1b: Amoonguss|atk|1\n|-damage|p2b: Kommo-o|84\/100|[from] item: Rocky Helmet|[of] p1b: Amoonguss\n|move|p2a: Maushold|Population Bomb|p1b: Amoonguss\n|-damage|p1b: Amoonguss|36\/100\n|-damage|p2a: Maushold|17\/100|[from] item: Rocky Helmet|[of] p1b: Amoonguss\n|-damage|p1b: Amoonguss|22\/100\n|-damage|p2a: Maushold|1\/100|[from] item: Rocky Helmet|[of] p1b: Amoonguss\n|-damage|p1b: Amoonguss|8\/100\n|-damage|p2a: Maushold|0 fnt|[from] item: Rocky Helmet|[of] p1b: Amoonguss\n|faint|p2a: Maushold\n|-hitcount|p1b: Amoonguss|3\n|move|p1b: Amoonguss|Spore|p2b: Kommo-o\n|-status|p2b: Kommo-o|slp|[from] move: Spore\n|\n|-weather|none\n|-heal|p2b: Kommo-o|90\/100 slp|[from] item: Leftovers\n|upkeep\n|\n|t:|1695336613\n|switch|p2a: Veluza|Veluza, F|100\/100\n|turn|6\n|\n|t:|1695336620\n|cant|p2b: Kommo-o|slp\n|move|p2a: Veluza|Psycho Cut|p1b: Amoonguss\n|-supereffective|p1b: Amoonguss\n|-crit|p1b: Amoonguss\n|-damage|p1b: Amoonguss|0 fnt\n|faint|p1b: Amoonguss\n|\n|win|AerixThorn\n|raw|Ryanodacool's rating: 1066 &rarr; <strong>1049<\/strong><br \/>(-17 for losing)\n|raw|AerixThorn's rating: 1118 &rarr; <strong>1139<\/strong><br \/>(+21 for winning)\n|l|\u2606Ryanodacool\n","uploadtime":1695336633,"views":8,"p1id":"ryanodacool","p2id":"aerixthorn","formatid":"gen9nationaldexdoubles","rating":1049,"private":0,"password":""}