{"id":"gen9nationaldexdoubles-1981249950","p1":"DazzlingBrilliance","p2":"PokeGal1239","format":"[Gen 9] National Dex Doubles","log":"|j|\u2606DazzlingBrilliance\n|j|\u2606PokeGal1239\n|t:|1698876343\n|gametype|doubles\n|player|p1|DazzlingBrilliance|striker|1000\n|player|p2|PokeGal1239|misty|1023\n|teamsize|p1|6\n|teamsize|p2|6\n|gen|9\n|tier|[Gen 9] National Dex Doubles\n|rated|\n|rule|HP Percentage Mod: HP is shown in percentages\n|rule|Endless Battle Clause: Forcing endless battles is banned\n|rule|OHKO Clause: OHKO moves are banned\n|rule|Evasion Moves Clause: Evasion moves are banned\n|rule|Evasion Abilities Clause: Evasion abilities are banned\n|rule|Species Clause: Limit one of each Pok\u00e9mon\n|rule|Gravity Sleep Clause: The combination of sleep-inducing moves with imperfect accuracy and Gravity or Gigantamax Orbeetle are banned\n|clearpoke\n|poke|p1|Qwilfish, M|\n|poke|p1|Chandelure, M|\n|poke|p1|Altaria, M|\n|poke|p1|Eldegoss, F|\n|poke|p1|Jirachi|\n|poke|p1|Primeape, M|\n|poke|p2|Persian, F|\n|poke|p2|Empoleon, M|\n|poke|p2|Sylveon, F|\n|poke|p2|Espeon, F|\n|poke|p2|Arcanine, M|\n|poke|p2|Ditto|\n|teampreview\n|\n|t:|1698876359\n|start\n|switch|p1a: Jirachi|Jirachi, shiny|100\/100\n|switch|p1b: Qweefish|Qwilfish, M, shiny|100\/100\n|switch|p2a: Persian|Persian, F|100\/100\n|switch|p2b: Empoleon|Empoleon, M|100\/100\n|-ability|p1b: Qweefish|Intimidate|boost\n|-unboost|p2a: Persian|atk|1\n|-unboost|p2b: Empoleon|atk|1\n|-ability|p2b: Empoleon|Competitive|boost\n|-boost|p2b: Empoleon|spa|2\n|turn|1\n|\n|t:|1698876404\n|move|p2a: Persian|Hyper Voice|p1a: Jirachi|[spread] p1a,p1b\n|-resisted|p1a: Jirachi\n|-damage|p1a: Jirachi|87\/100\n|-damage|p1b: Qweefish|62\/100\n|-damage|p2a: Persian|91\/100|[from] item: Life Orb\n|move|p1a: Jirachi|Charge Beam|p2b: Empoleon\n|-supereffective|p2b: Empoleon\n|-damage|p2b: Empoleon|82\/100\n|-boost|p1a: Jirachi|spa|1\n|move|p1b: Qweefish|Acupressure|p1a: Jirachi\n|-boost|p1a: Jirachi|spd|2\n|move|p2b: Empoleon|Stealth Rock|p1a: Jirachi\n|-sidestart|p1: DazzlingBrilliance|move: Stealth Rock\n|\n|-heal|p1a: Jirachi|93\/100|[from] item: Leftovers\n|-heal|p1b: Qweefish|68\/100|[from] item: Leftovers\n|-heal|p2b: Empoleon|88\/100|[from] item: Leftovers\n|upkeep\n|turn|2\n|\n|t:|1698876464\n|move|p2a: Persian|Hyper Voice|p1b: Qweefish|[spread] p1a,p1b\n|-resisted|p1a: Jirachi\n|-damage|p1a: Jirachi|87\/100\n|-damage|p1b: Qweefish|29\/100\n|-damage|p2a: Persian|81\/100|[from] item: Life Orb\n|move|p1a: Jirachi|Charge Beam|p2b: Empoleon\n|-supereffective|p2b: Empoleon\n|-damage|p2b: Empoleon|64\/100\n|-boost|p1a: Jirachi|spa|1\n|move|p1b: Qweefish|Acupressure|p1a: Jirachi\n|-boost|p1a: Jirachi|spa|2\n|move|p2b: Empoleon|Stealth Rock||[still]\n|-fail|p2b: Empoleon\n|\n|-heal|p1a: Jirachi|93\/100|[from] item: Leftovers\n|-heal|p1b: Qweefish|35\/100|[from] item: Leftovers\n|-heal|p2b: Empoleon|70\/100|[from] item: Leftovers\n|upkeep\n|turn|3\n|\n|t:|1698876490\n|switch|p1b: Eldegoss|Eldegoss, F, shiny|100\/100\n|-damage|p1b: Eldegoss|88\/100|[from] Stealth Rock\n|move|p2a: Persian|Hyper Voice|p1b: Eldegoss|[spread] p1a,p1b\n|-resisted|p1a: Jirachi\n|-damage|p1a: Jirachi|86\/100\n|-damage|p1b: Eldegoss|60\/100\n|-damage|p2a: Persian|71\/100|[from] item: Life Orb\n|move|p1a: Jirachi|Cosmic Power|p1a: Jirachi\n|-boost|p1a: Jirachi|def|1\n|-boost|p1a: Jirachi|spd|1\n|move|p2b: Empoleon|Stealth Rock||[still]\n|-fail|p2b: Empoleon\n|\n|-heal|p1a: Jirachi|93\/100|[from] item: Leftovers\n|-heal|p1b: Eldegoss|66\/100|[from] item: Leftovers\n|-heal|p2b: Empoleon|76\/100|[from] item: Leftovers\n|upkeep\n|turn|4\n|\n|t:|1698876529\n|switch|p2b: Arcanine|Arcanine, M|100\/100\n|-ability|p2b: Arcanine|Intimidate|boost\n|-unboost|p1a: Jirachi|atk|1\n|-unboost|p1b: Eldegoss|atk|1\n|move|p2a: Persian|Hyper Voice|p1a: Jirachi|[spread] p1a,p1b\n|-resisted|p1a: Jirachi\n|-crit|p1b: Eldegoss\n|-damage|p1a: Jirachi|87\/100\n|-damage|p1b: Eldegoss|25\/100\n|-damage|p2a: Persian|61\/100|[from] item: Life Orb\n|move|p1a: Jirachi|Cosmic Power|p1a: Jirachi\n|-boost|p1a: Jirachi|def|1\n|-boost|p1a: Jirachi|spd|1\n|move|p1b: Eldegoss|Leech Seed|p2b: Arcanine\n|-start|p2b: Arcanine|move: Leech Seed\n|\n|-heal|p1a: Jirachi|93\/100|[from] item: Leftovers\n|-heal|p1b: Eldegoss|31\/100|[from] item: Leftovers\n|-damage|p2b: Arcanine|88\/100|[from] Leech Seed|[of] p1b: Eldegoss\n|-heal|p1b: Eldegoss|46\/100|[silent]\n|upkeep\n|turn|5\n|\n|t:|1698876572\n|move|p2a: Persian|Hyper Voice|p1a: Jirachi|[spread] p1a,p1b\n|-resisted|p1a: Jirachi\n|-damage|p1a: Jirachi|88\/100\n|-damage|p1b: Eldegoss|20\/100\n|-damage|p2a: Persian|51\/100|[from] item: Life Orb\n|move|p1a: Jirachi|Ancient Power|p2b: Arcanine\n|-supereffective|p2b: Arcanine\n|-damage|p2b: Arcanine|0 fnt\n|faint|p2b: Arcanine\n|move|p1b: Eldegoss|Leech Seed|p2a: Persian\n|-start|p2a: Persian|move: Leech Seed\n|\n|-heal|p1a: Jirachi|95\/100|[from] item: Leftovers\n|-heal|p1b: Eldegoss|26\/100|[from] item: Leftovers\n|-damage|p2a: Persian|39\/100|[from] Leech Seed|[of] p1b: Eldegoss\n|-heal|p1b: Eldegoss|39\/100|[silent]\n|upkeep\n|\n|t:|1698876592\n|switch|p2b: Ditto|Ditto|100\/100\n|-transform|p2b: Ditto|p1a: Jirachi|[from] ability: Imposter\n|turn|6\n|\n|t:|1698876630\n|move|p2b: Ditto|Ancient Power|p1a: Jirachi\n|-resisted|p1a: Jirachi\n|-damage|p1a: Jirachi|87\/100\n|move|p2a: Persian|Hyper Voice|p1b: Eldegoss|[spread] p1a,p1b\n|-resisted|p1a: Jirachi\n|-damage|p1a: Jirachi|83\/100\n|-damage|p1b: Eldegoss|10\/100\n|-damage|p2a: Persian|29\/100|[from] item: Life Orb\n|move|p1a: Jirachi|Charge Beam|p2b: Ditto\n|-damage|p2b: Ditto|87\/100\n|-boost|p1a: Jirachi|spa|1\n|move|p1b: Eldegoss|Leech Seed|p2b: Ditto\n|-start|p2b: Ditto|move: Leech Seed\n|\n|-heal|p1a: Jirachi|89\/100|[from] item: Leftovers\n|-heal|p1b: Eldegoss|17\/100|[from] item: Leftovers\n|-damage|p2b: Ditto|75\/100|[from] Leech Seed|[of] p1b: Eldegoss\n|-heal|p1b: Eldegoss|31\/100|[silent]\n|-damage|p2a: Persian|16\/100|[from] Leech Seed|[of] p1b: Eldegoss\n|-heal|p1b: Eldegoss|43\/100|[silent]\n|upkeep\n|turn|7\n|\n|t:|1698876670\n|move|p2b: Ditto|Ancient Power|p1a: Jirachi\n|-resisted|p1a: Jirachi\n|-damage|p1a: Jirachi|81\/100\n|-boost|p2b: Ditto|atk|1\n|-boost|p2b: Ditto|def|1\n|-boost|p2b: Ditto|spa|1\n|-boost|p2b: Ditto|spd|1\n|-boost|p2b: Ditto|spe|1\n|move|p2a: Persian|Hyper Voice|p1a: Jirachi|[spread] p1a,p1b\n|-resisted|p1a: Jirachi\n|-damage|p1a: Jirachi|76\/100\n|-damage|p1b: Eldegoss|15\/100\n|-damage|p2a: Persian|6\/100|[from] item: Life Orb\n|move|p1a: Jirachi|Cosmic Power|p1a: Jirachi\n|-boost|p1a: Jirachi|def|1\n|-boost|p1a: Jirachi|spd|1\n|move|p1b: Eldegoss|Rapid Spin|p2a: Persian\n|-damage|p2a: Persian|0 fnt\n|-boost|p1b: Eldegoss|spe|1\n|-sideend|p1: DazzlingBrilliance|Stealth Rock|[from] move: Rapid Spin|[of] p1b: Eldegoss\n|faint|p2a: Persian\n|\n|-heal|p1a: Jirachi|82\/100|[from] item: Leftovers\n|-heal|p1b: Eldegoss|21\/100|[from] item: Leftovers\n|-damage|p2b: Ditto|62\/100|[from] Leech Seed|[of] p1b: Eldegoss\n|-heal|p1b: Eldegoss|35\/100|[silent]\n|upkeep\n|\n|t:|1698876696\n|switch|p2a: Espeon|Espeon, F|100\/100\n|turn|8\n|\n|t:|1698876726\n|move|p2b: Ditto|Ancient Power|p1b: Eldegoss\n|-damage|p1b: Eldegoss|0 fnt\n|faint|p1b: Eldegoss\n|move|p2a: Espeon|Shadow Ball|p1a: Jirachi\n|-supereffective|p1a: Jirachi\n|-damage|p1a: Jirachi|59\/100\n|move|p1a: Jirachi|Ancient Power|p2a: Espeon\n|-damage|p2a: Espeon|27\/100\n|\n|-heal|p1a: Jirachi|65\/100|[from] item: Leftovers\n|upkeep\n|\n|t:|1698876745\n|switch|p1b: Qweefish|Qwilfish, M, shiny|35\/100\n|-ability|p1b: Qweefish|Intimidate|boost\n|-unboost|p2a: Espeon|atk|1\n|-unboost|p2b: Ditto|atk|1\n|turn|9\n|\n|t:|1698876774\n|-terastallize|p2a: Espeon|Ghost\n|move|p1b: Qweefish|Aqua Jet|p2a: Espeon\n|-damage|p2a: Espeon|6\/100\n|move|p2b: Ditto|Ancient Power|p1b: Qweefish\n|-damage|p1b: Qweefish|0 fnt\n|faint|p1b: Qweefish\n|move|p2a: Espeon|Shadow Ball|p1a: Jirachi\n|-supereffective|p1a: Jirachi\n|-damage|p1a: Jirachi|29\/100\n|move|p1a: Jirachi|Ancient Power|p2a: Espeon\n|-damage|p2a: Espeon|0 fnt\n|faint|p2a: Espeon\n|\n|-heal|p1a: Jirachi|35\/100|[from] item: Leftovers\n|upkeep\n|\n|t:|1698876837\n|switch|p2a: Empoleon|Empoleon, M|76\/100\n|switch|p1b: Primeape|Primeape, M, shiny|100\/100\n|turn|10\n|\n|t:|1698876864\n|move|p2b: Ditto|Ancient Power|p1a: Jirachi\n|-resisted|p1a: Jirachi\n|-damage|p1a: Jirachi|27\/100\n|move|p1a: Jirachi|Charge Beam|p2a: Empoleon\n|-supereffective|p2a: Empoleon\n|-damage|p2a: Empoleon|15\/100\n|-boost|p1a: Jirachi|spa|1\n|move|p1b: Primeape|Dynamic Punch|p2b: Ditto|[miss]\n|-miss|p1b: Primeape|p2b: Ditto\n|-enditem|p1b: Primeape|Blunder Policy\n|-boost|p1b: Primeape|spe|2\n|move|p2a: Empoleon|Surf|p1b: Primeape|[spread] p2b,p1a,p1b\n|-damage|p2b: Ditto|54\/100\n|-damage|p1a: Jirachi|21\/100\n|-damage|p1b: Primeape|69\/100\n|\n|-heal|p1a: Jirachi|27\/100|[from] item: Leftovers\n|-heal|p2a: Empoleon|21\/100|[from] item: Leftovers\n|-damage|p2b: Ditto|42\/100|[from] Leech Seed|[of] p1b: Primeape\n|-heal|p1b: Primeape|83\/100|[silent]\n|upkeep\n|turn|11\n|\n|t:|1698876913\n|-activate|p2b: Ditto|move: Struggle\n|move|p2b: Ditto|Struggle|p1a: Jirachi\n|-damage|p1a: Jirachi|25\/100\n|-damage|p2b: Ditto|17\/100|[from] recoil\n|move|p1b: Primeape|Hone Claws|p1b: Primeape\n|-boost|p1b: Primeape|atk|1\n|-boost|p1b: Primeape|accuracy|1\n|move|p1a: Jirachi|Ancient Power|p2a: Empoleon\n|-resisted|p2a: Empoleon\n|-damage|p2a: Empoleon|0 fnt\n|faint|p2a: Empoleon\n|\n|-heal|p1a: Jirachi|31\/100|[from] item: Leftovers\n|-damage|p2b: Ditto|4\/100|[from] Leech Seed|[of] p1b: Primeape\n|-heal|p1b: Primeape|96\/100|[silent]\n|upkeep\n|\n|t:|1698876930\n|switch|p2a: Sylveon|Sylveon, F|100\/100\n|turn|12\n|\n|t:|1698876948\n|-activate|p2b: Ditto|move: Struggle\n|move|p2b: Ditto|Struggle|p1b: Primeape\n|-damage|p1b: Primeape|89\/100\n|-damage|p2b: Ditto|0 fnt|[from] recoil\n|faint|p2b: Ditto\n|move|p1b: Primeape|Iron Tail|p2a: Sylveon\n|-supereffective|p2a: Sylveon\n|-damage|p2a: Sylveon|44\/100\n|-unboost|p2a: Sylveon|def|1\n|move|p1a: Jirachi|Ancient Power|p2a: Sylveon\n|-crit|p2a: Sylveon\n|-damage|p2a: Sylveon|0 fnt\n|faint|p2a: Sylveon\n|\n|win|DazzlingBrilliance\n|raw|DazzlingBrilliance's rating: 1000 &rarr; <strong>1043<\/strong><br \/>(+43 for winning)\n|raw|PokeGal1239's rating: 1023 &rarr; <strong>1009<\/strong><br \/>(-14 for losing)\n|l|\u2606PokeGal1239\n","uploadtime":1698876967,"views":6,"p1id":"dazzlingbrilliance","p2id":"pokegal1239","formatid":"gen9nationaldexdoubles","rating":1009,"private":0,"password":""}