{"id":"gen9nationaldexdoubles-1994723492","p1":"ArcaneIV","p2":"Yugi Ogami","format":"[Gen 9] National Dex Doubles","log":"|j|\u2606ArcaneIV\n|j|\u2606Yugi Ogami\n|t:|1700485891\n|gametype|doubles\n|player|p1|ArcaneIV|volkner|1120\n|player|p2|Yugi Ogami|nurse|1042\n|teamsize|p1|6\n|teamsize|p2|6\n|gen|9\n|tier|[Gen 9] National Dex Doubles\n|rated|\n|rule|HP Percentage Mod: HP is shown in percentages\n|rule|Endless Battle Clause: Forcing endless battles is banned\n|rule|OHKO Clause: OHKO moves are banned\n|rule|Evasion Moves Clause: Evasion moves are banned\n|rule|Evasion Abilities Clause: Evasion abilities are banned\n|rule|Species Clause: Limit one of each Pok\u00e9mon\n|rule|Gravity Sleep Clause: The combination of sleep-inducing moves with imperfect accuracy and Gravity or Gigantamax Orbeetle are banned\n|clearpoke\n|poke|p1|Eelektross, M|\n|poke|p1|Sceptile, M|\n|poke|p1|Corviknight, M|\n|poke|p1|Maushold-Four|\n|poke|p1|Cinderace, M|\n|poke|p1|Zeraora|\n|poke|p2|Torkoal, F|\n|poke|p2|Cherrim, M|\n|poke|p2|Castform, M|\n|poke|p2|Banette, M|\n|poke|p2|Brute Bonnet|\n|poke|p2|Rillaboom, F|\n|teampreview\n|c|\u2606ArcaneIV|glhf\n|c|\u2606ArcaneIV|YOOOOO CASTFORM\n|c|\u2606Yugi Ogami|Hi\n|c|\u2606Yugi Ogami|Yes ^^\n|\n|t:|1700485913\n|start\n|switch|p1a: Unagi|Eelektross, M, shiny|100\/100\n|switch|p1b: Pain|Maushold-Four, shiny|100\/100\n|switch|p2a: Pretty Chimney|Torkoal, F|100\/100\n|switch|p2b: French Seggs Joke|Banette, M|100\/100\n|-weather|SunnyDay|[from] ability: Drought|[of] p2a: Pretty Chimney\n|turn|1\n|c|\u2606ArcaneIV|i dont get it\n|c|\u2606ArcaneIV|why is banette named that?\n|\n|t:|1700485960\n|switch|p2a: Konkey Dong|Rillaboom, F|100\/100\n|-fieldstart|move: Grassy Terrain|[from] ability: Grassy Surge|[of] p2a: Konkey Dong\n|detailschange|p2b: French Seggs Joke|Banette-Mega, M\n|-mega|p2b: French Seggs Joke|Banette|Banettite\n|-terastallize|p1b: Pain|Normal\n|move|p1b: Pain|Population Bomb|p2a: Konkey Dong\n|-damage|p2a: Konkey Dong|86\/100\n|-damage|p2a: Konkey Dong|71\/100\n|-damage|p2a: Konkey Dong|57\/100\n|-damage|p2a: Konkey Dong|45\/100\n|-damage|p2a: Konkey Dong|31\/100\n|-damage|p2a: Konkey Dong|16\/100\n|-damage|p2a: Konkey Dong|2\/100\n|-damage|p2a: Konkey Dong|0 fnt\n|faint|p2a: Konkey Dong\n|-hitcount|p2: Konkey Dong|8\n|move|p2b: French Seggs Joke|Trick Room|p2b: French Seggs Joke\n|-fieldstart|move: Trick Room|[of] p2b: French Seggs Joke\n|move|p1a: Unagi|Roar|p2b: French Seggs Joke\n|drag|p2b: Gen 3 Bolls|Castform, M|100\/100\n|-formechange|p2b: Gen 3 Bolls|Castform-Sunny|[msg]|[from] ability: Forecast\n|\n|-weather|SunnyDay|[upkeep]\n|upkeep\n|c|\u2606Yugi Ogami|Like I said, French joke\n|c|\u2606Yugi Ogami|x)\n|c|\u2606ArcaneIV|Konkey Dong LOL\n|\n|t:|1700485981\n|switch|p2a: Orlando Bloom|Cherrim, M|100\/100\n|-formechange|p2a: Orlando Bloom|Cherrim-Sunshine|[msg]|[from] ability: Flower Gift\n|turn|2\n|c|\u2606ArcaneIV|CASTFORM LETS GOOOOO\n|\n|t:|1700486004\n|move|p1a: Unagi|Thunderbolt|p2b: Gen 3 Bolls\n|-damage|p2b: Gen 3 Bolls|63\/100\n|move|p2b: Gen 3 Bolls|Weather Ball|p1a: Unagi\n|-damage|p1a: Unagi|36\/100\n|move|p2a: Orlando Bloom|Weather Ball|p1b: Pain\n|-damage|p1b: Pain|46\/100\n|move|p1b: Pain|Population Bomb|p2a: Orlando Bloom\n|-damage|p2a: Orlando Bloom|83\/100\n|-damage|p2a: Orlando Bloom|63\/100\n|-damage|p2a: Orlando Bloom|46\/100\n|-damage|p2a: Orlando Bloom|27\/100\n|-damage|p2a: Orlando Bloom|9\/100\n|-damage|p2a: Orlando Bloom|0 fnt\n|faint|p2a: Orlando Bloom\n|-hitcount|p2: Orlando Bloom|6\n|\n|-weather|SunnyDay|[upkeep]\n|-heal|p2b: Gen 3 Bolls|69\/100|[from] Grassy Terrain\n|-heal|p1b: Pain|52\/100|[from] Grassy Terrain\n|upkeep\n|\n|t:|1700486020\n|switch|p2a: Imposter|Brute Bonnet|100\/100\n|-activate|p2a: Imposter|ability: Protosynthesis\n|-start|p2a: Imposter|protosynthesisatk\n|turn|3\n|c|\u2606ArcaneIV|im sorry for what this family of four is gonna do\n|c|\u2606ArcaneIV|AMOGUS\n|\n|t:|1700486045\n|move|p1a: Unagi|Thunderbolt|p2b: Gen 3 Bolls\n|-damage|p2b: Gen 3 Bolls|11\/100\n|move|p2a: Imposter|Close Combat|p1b: Pain\n|-supereffective|p1b: Pain\n|-damage|p1b: Pain|0 fnt\n|-unboost|p2a: Imposter|def|1\n|-unboost|p2a: Imposter|spd|1\n|faint|p1b: Pain\n|move|p2b: Gen 3 Bolls|Weather Ball|p1a: Unagi\n|-damage|p1a: Unagi|0 fnt\n|faint|p1a: Unagi\n|\n|-weather|SunnyDay|[upkeep]\n|-heal|p2b: Gen 3 Bolls|17\/100|[from] Grassy Terrain\n|upkeep\n|\n|t:|1700486073\n|switch|p1a: Excalibird|Corviknight, M, shiny|100\/100\n|switch|p1b: Bunston|Cinderace, M, shiny|100\/100\n|turn|4\n|\n|t:|1700486093\n|move|p2a: Imposter|Crunch|p1b: Bunston\n|-damage|p1b: Bunston|6\/100\n|move|p1a: Excalibird|Brave Bird|p2b: Gen 3 Bolls\n|-damage|p2b: Gen 3 Bolls|0 fnt\n|faint|p2b: Gen 3 Bolls\n|-damage|p1a: Excalibird|96\/100|[from] Recoil\n|move|p1b: Bunston|Pyro Ball|p2a: Imposter\n|-supereffective|p2a: Imposter\n|-damage|p2a: Imposter|0 fnt\n|faint|p2a: Imposter\n|-end|p2a: Imposter|Protosynthesis|[silent]\n|\n|-weather|SunnyDay|[upkeep]\n|-heal|p1b: Bunston|12\/100|[from] Grassy Terrain\n|upkeep\n|c|\u2606ArcaneIV|castform was really scary there for Excalibird\n|\n|t:|1700486123\n|switch|p2a: French Seggs Joke|Banette-Mega, M|100\/100\n|switch|p2b: Pretty Chimney|Torkoal, F|100\/100\n|turn|5\n|\n|t:|1700486135\n|move|p2a: French Seggs Joke|Will-O-Wisp|p1a: Excalibird\n|-status|p1a: Excalibird|brn\n|move|p2b: Pretty Chimney|Heat Wave|p1b: Bunston|[spread] p1a,p1b\n|-supereffective|p1a: Excalibird\n|-resisted|p1b: Bunston\n|-damage|p1a: Excalibird|7\/100 brn\n|-damage|p1b: Bunston|0 fnt\n|faint|p1b: Bunston\n|-zpower|p1a: Excalibird\n|move|p1a: Excalibird|Supersonic Skystrike|p2a: French Seggs Joke|[zeffect]\n|-damage|p2a: French Seggs Joke|46\/100\n|\n|-weather|none\n|-heal|p2a: French Seggs Joke|52\/100|[from] Grassy Terrain\n|-damage|p1a: Excalibird|1\/100 brn|[from] brn\n|-fieldend|move: Trick Room\n|-fieldend|move: Grassy Terrain\n|upkeep\n|c|\u2606ArcaneIV|HE LIVES\n|\n|t:|1700486155\n|switch|p1b: Chidori|Zeraora|100\/100\n|turn|6\n|c|\u2606Yugi Ogami|:0\n|\n|t:|1700486169\n|move|p2a: French Seggs Joke|Will-O-Wisp|p1b: Chidori\n|-status|p1b: Chidori|brn\n|move|p1b: Chidori|Plasma Fists|p2b: Pretty Chimney\n|-damage|p2b: Pretty Chimney|83\/100\n|-fieldactivate|move: Ion Deluge\n|-hint|Normal-type moves become Electric-type after using Plasma Fists.\n|move|p1a: Excalibird|Tailwind|p1a: Excalibird\n|-sidestart|p1: ArcaneIV|move: Tailwind\n|move|p2b: Pretty Chimney|Heat Wave|p1a: Excalibird|[spread] p1a,p1b\n|-supereffective|p1a: Excalibird\n|-damage|p1a: Excalibird|0 fnt\n|-damage|p1b: Chidori|65\/100 brn\n|faint|p1a: Excalibird\n|\n|-damage|p1b: Chidori|59\/100 brn|[from] brn\n|upkeep\n|c|\u2606ArcaneIV|what?\n|c|\u2606ArcaneIV|whats so surprising?\n|\n|t:|1700486191\n|switch|p1a: Christmas Tree|Sceptile, M, shiny|100\/100\n|turn|7\n|c|\u2606Yugi Ogami|The fact that Corv lived the Heat Wave and the burn xD\n|c|\u2606ArcaneIV|yeah he BULKY\n|c|\u2606Yugi Ogami|^^\n|\n|t:|1700486234\n|detailschange|p1a: Christmas Tree|Sceptile-Mega, M, shiny\n|-mega|p1a: Christmas Tree|Sceptile|Sceptilite\n|move|p2a: French Seggs Joke|Will-O-Wisp|p1a: Christmas Tree\n|-status|p1a: Christmas Tree|brn\n|move|p1b: Chidori|Plasma Fists|p1a: Christmas Tree\n|-activate|p1a: Christmas Tree|ability: Lightning Rod\n|-ability|p1a: Christmas Tree|Lightning Rod|boost\n|-boost|p1a: Christmas Tree|spa|1\n|move|p1a: Christmas Tree|Dragon Claw|p2a: French Seggs Joke\n|-damage|p2a: French Seggs Joke|28\/100\n|move|p2b: Pretty Chimney|Heat Wave|p1a: Christmas Tree|[spread] p1a,p1b\n|-damage|p1a: Christmas Tree|64\/100 brn\n|-damage|p1b: Chidori|25\/100 brn\n|\n|-damage|p1b: Chidori|19\/100 brn|[from] brn\n|-damage|p1a: Christmas Tree|58\/100 brn|[from] brn\n|upkeep\n|turn|8\n|c|\u2606ArcaneIV|that was a misplay on my part\n|c|\u2606ArcaneIV|that special attack buff will really help my PHYSICAL ATTACKING SCEPTILE lol\n|c|\u2606Yugi Ogami|XD\n|\n|t:|1700486299\n|move|p2a: French Seggs Joke|Sucker Punch|p1a: Christmas Tree\n|-damage|p1a: Christmas Tree|13\/100 brn\n|move|p1b: Chidori|Toxic|p2a: French Seggs Joke|[miss]\n|-miss|p1b: Chidori|p2a: French Seggs Joke\n|move|p1a: Christmas Tree|Earthquake|p2a: French Seggs Joke|[spread] p1b,p2a,p2b\n|-supereffective|p1b: Chidori\n|-supereffective|p2b: Pretty Chimney\n|-damage|p1b: Chidori|0 fnt\n|-damage|p2a: French Seggs Joke|11\/100\n|-damage|p2b: Pretty Chimney|64\/100\n|faint|p1b: Chidori\n|move|p2b: Pretty Chimney|Heat Wave|p1a: Christmas Tree\n|-crit|p1a: Christmas Tree\n|-damage|p1a: Christmas Tree|0 fnt\n|faint|p1a: Christmas Tree\n|\n|win|Yugi Ogami\n|raw|ArcaneIV's rating: 1120 &rarr; <strong>1089<\/strong><br \/>(-31 for losing)\n|raw|Yugi Ogami's rating: 1042 &rarr; <strong>1083<\/strong><br \/>(+41 for winning)\n|c|\u2606ArcaneIV|BRUH\n|c|\u2606Yugi Ogami|GG ^^\n|c|\u2606ArcaneIV|gg wp\n","uploadtime":1700486313,"views":19,"p1id":"arcaneiv","p2id":"yugiogami","formatid":"gen9nationaldexdoubles","rating":1083,"private":0,"password":""}