{"id":"gen9nationaldexdoubles-1996700432","p1":"goldruhs","p2":"Wall1234","format":"[Gen 9] National Dex Doubles","log":"|j|\u2606goldruhs\n|j|\u2606Wall1234\n|t:|1700711484\n|gametype|doubles\n|player|p1|goldruhs|biker-gen4|\n|player|p2|Wall1234|shelly|\n|teamsize|p1|2\n|teamsize|p2|3\n|gen|9\n|tier|[Gen 9] National Dex Doubles\n|rule|HP Percentage Mod: HP is shown in percentages\n|rule|Endless Battle Clause: Forcing endless battles is banned\n|rule|OHKO Clause: OHKO moves are banned\n|rule|Evasion Moves Clause: Evasion moves are banned\n|rule|Evasion Abilities Clause: Evasion abilities are banned\n|rule|Species Clause: Limit one of each Pok\u00e9mon\n|rule|Gravity Sleep Clause: The combination of sleep-inducing moves with imperfect accuracy and Gravity or Gigantamax Orbeetle are banned\n|clearpoke\n|poke|p1|Charjabug, M|\n|poke|p1|Ursaring, M|\n|poke|p2|Infernape, F|\n|poke|p2|Dunsparce, F|\n|poke|p2|Gossifleur, M|\n|teampreview\n|\n|t:|1700711489\n|start\n|switch|p1a: Charjabug|Charjabug, M|100\/100\n|switch|p1b: Ursaring|Ursaring, M|100\/100\n|switch|p2a: Infernape|Infernape, F|100\/100\n|switch|p2b: Dunsparce|Dunsparce, F|100\/100\n|turn|1\n|\n|t:|1700711504\n|move|p1b: Ursaring|Protect|p1b: Ursaring\n|-singleturn|p1b: Ursaring|Protect\n|move|p2a: Infernape|Fake Out|p1b: Ursaring\n|-activate|p1b: Ursaring|move: Protect\n|move|p1a: Charjabug|Acrobatics|p2a: Infernape\n|-supereffective|p2a: Infernape\n|-damage|p2a: Infernape|33\/100\n|move|p2b: Dunsparce|Curse|p2b: Dunsparce\n|-unboost|p2b: Dunsparce|spe|1\n|-boost|p2b: Dunsparce|atk|1\n|-boost|p2b: Dunsparce|def|1\n|\n|-status|p1b: Ursaring|brn|[from] item: Flame Orb\n|upkeep\n|turn|2\n|\n|t:|1700711534\n|switch|p2a: Gossifleur|Gossifleur, M|100\/100\n|move|p1a: Charjabug|Protect|p1a: Charjabug\n|-singleturn|p1a: Charjabug|Protect\n|move|p1b: Ursaring|Cross Chop|p2b: Dunsparce\n|-supereffective|p2b: Dunsparce\n|-damage|p2b: Dunsparce|78\/100\n|move|p2b: Dunsparce|Rock Slide|p1a: Charjabug|[spread] p1b\n|-activate|p1a: Charjabug|move: Protect\n|-damage|p1b: Ursaring|72\/100 brn\n|\n|-damage|p1b: Ursaring|65\/100 brn|[from] brn\n|upkeep\n|turn|3\n|c|\u2606Wall1234|How did a wild pokemon get a flame orb\n|\n|t:|1700711570\n|move|p2a: Gossifleur|Protect|p2a: Gossifleur\n|-singleturn|p2a: Gossifleur|Protect\n|move|p1b: Ursaring|Body Slam|p2b: Dunsparce\n|-damage|p2b: Dunsparce|63\/100\n|move|p1a: Charjabug|Acrobatics|p2a: Gossifleur\n|-activate|p2a: Gossifleur|move: Protect\n|move|p2b: Dunsparce|Rock Slide|p1a: Charjabug|[spread] p1a\n|-miss|p2b: Dunsparce|p1b: Ursaring\n|-supereffective|p1a: Charjabug\n|-damage|p1a: Charjabug|39\/100\n|\n|-damage|p1b: Ursaring|59\/100 brn|[from] brn\n|upkeep\n|turn|4\n|\n|t:|1700711592\n|move|p1a: Charjabug|Protect|p1a: Charjabug\n|-singleturn|p1a: Charjabug|Protect\n|move|p1b: Ursaring|Body Slam|p2b: Dunsparce\n|-damage|p2b: Dunsparce|48\/100\n|move|p2b: Dunsparce|Rock Slide|p1a: Charjabug|[spread] p1b\n|-activate|p1a: Charjabug|move: Protect\n|-damage|p1b: Ursaring|30\/100 brn\n|move|p2a: Gossifleur|Energy Ball|p1b: Ursaring\n|-damage|p1b: Ursaring|9\/100 brn\n|\n|-damage|p1b: Ursaring|3\/100 brn|[from] brn\n|upkeep\n|turn|5\n|\n|t:|1700711611\n|move|p2a: Gossifleur|Protect|p2a: Gossifleur\n|-singleturn|p2a: Gossifleur|Protect\n|move|p1b: Ursaring|Body Slam|p2b: Dunsparce\n|-damage|p2b: Dunsparce|32\/100\n|-status|p2b: Dunsparce|par\n|move|p1a: Charjabug|Acrobatics|p2b: Dunsparce\n|-damage|p2b: Dunsparce|14\/100 par\n|cant|p2b: Dunsparce|par\n|\n|-damage|p1b: Ursaring|0 fnt|[from] brn\n|faint|p1b: Ursaring\n|upkeep\n|turn|6\n|\n|t:|1700711669\n|move|p1a: Charjabug|Acrobatics|p2a: Gossifleur\n|-supereffective|p2a: Gossifleur\n|-damage|p2a: Gossifleur|19\/100\n|move|p2a: Gossifleur|Pollen Puff|p2b: Dunsparce\n|-heal|p2b: Dunsparce|64\/100 par\n|move|p2b: Dunsparce|Curse|p2b: Dunsparce\n|-unboost|p2b: Dunsparce|spe|1\n|-boost|p2b: Dunsparce|atk|1\n|-boost|p2b: Dunsparce|def|1\n|\n|upkeep\n|turn|7\n|c|\u2606goldruhs|:)\n|\n|t:|1700711686\n|move|p2a: Gossifleur|Protect|p2a: Gossifleur\n|-singleturn|p2a: Gossifleur|Protect\n|move|p1a: Charjabug|Acrobatics|p2a: Gossifleur\n|-activate|p2a: Gossifleur|move: Protect\n|move|p2b: Dunsparce|Rock Slide|p1a: Charjabug\n|-supereffective|p1a: Charjabug\n|-damage|p1a: Charjabug|0 fnt\n|faint|p1a: Charjabug\n|\n|win|Wall1234\n","uploadtime":1700711697,"views":29,"p1id":"goldruhs","p2id":"wall1234","formatid":"gen9nationaldexdoubles","rating":0,"private":0,"password":""}