{"id":"gen9nationaldexdoubles-1992334606","p1":"LunySama","p2":"Zaynzito","format":"[Gen 9] National Dex Doubles","log":"|j|\u2606LunySama\n|j|\u2606Zaynzito\n|t:|1700175837\n|gametype|doubles\n|player|p1|LunySama|gloria|\n|player|p2|Zaynzito|hugh|\n|teamsize|p1|6\n|teamsize|p2|4\n|gen|9\n|tier|[Gen 9] National Dex Doubles\n|rule|HP Percentage Mod: HP is shown in percentages\n|rule|Endless Battle Clause: Forcing endless battles is banned\n|rule|OHKO Clause: OHKO moves are banned\n|rule|Evasion Moves Clause: Evasion moves are banned\n|rule|Evasion Abilities Clause: Evasion abilities are banned\n|rule|Species Clause: Limit one of each Pok\u00e9mon\n|rule|Gravity Sleep Clause: The combination of sleep-inducing moves with imperfect accuracy and Gravity or Gigantamax Orbeetle are banned\n|clearpoke\n|poke|p1|Mudkip, L10, M|\n|poke|p1|Magnemite, L10|\n|poke|p1|Wingull, L10, F|\n|poke|p1|Gastly, L10, M|\n|poke|p1|Murkrow, L10, F|\n|poke|p1|Beldum, L10|\n|poke|p2|Yungoos, L11, M|\n|poke|p2|Gumshoos, L14, M|\n|poke|p2|Rattata-Alola, L11, F|\n|poke|p2|Raticate-Alola, L14, F|\n|teampreview\n|\n|t:|1700176257\n|start\n|switch|p1a: Dante|Gastly, L10, M|100\/100\n|switch|p1b: Lupense|Mudkip, L10, M|100\/100\n|switch|p2a: Raticate|Raticate-Alola, L14, F|100\/100\n|switch|p2b: Yungoos|Yungoos, L11, M|100\/100\n|turn|1\n|\n|t:|1700176279\n|move|p1a: Dante|Thunderbolt|p2a: Raticate\n|-damage|p2a: Raticate|78\/100\n|-status|p2a: Raticate|par\n|move|p2b: Yungoos|Taunt|p1b: Lupense\n|-start|p1b: Lupense|move: Taunt\n|move|p2a: Raticate|Crunch|p1a: Dante|[miss]\n|-miss|p2a: Raticate|p1a: Dante\n|move|p1b: Lupense|Superpower|p2a: Raticate\n|-supereffective|p2a: Raticate\n|-enditem|p2a: Raticate|Chople Berry|[eat]\n|-enditem|p2a: Raticate|Chople Berry|[weaken]\n|-damage|p2a: Raticate|17\/100 par\n|-unboost|p1b: Lupense|atk|1\n|-unboost|p1b: Lupense|def|1\n|\n|upkeep\n|turn|2\n|\n|t:|1700176301\n|move|p1a: Dante|Thunderbolt|p2a: Raticate\n|-damage|p2a: Raticate|0 fnt\n|faint|p2a: Raticate\n|move|p2b: Yungoos|Psychic Fangs|p1a: Dante\n|-supereffective|p1a: Dante\n|-damage|p1a: Dante|0 fnt\n|faint|p1a: Dante\n|move|p1b: Lupense|Waterfall|p2b: Yungoos\n|-damage|p2b: Yungoos|65\/100\n|\n|upkeep\n|\n|t:|1700176311\n|switch|p2a: Gumshoos|Gumshoos, L14, M|100\/100\n|switch|p1a: Beldum|Beldum, L10, shiny|100\/100\n|turn|3\n|\n|t:|1700176338\n|move|p2a: Gumshoos|Fire Fang|p1a: Beldum\n|-supereffective|p1a: Beldum\n|-damage|p1a: Beldum|0 fnt\n|faint|p1a: Beldum\n|move|p2b: Yungoos|Psychic Fangs|p1b: Lupense\n|-damage|p1b: Lupense|49\/100\n|move|p1b: Lupense|Waterfall|p2a: Gumshoos\n|-damage|p2a: Gumshoos|81\/100\n|\n|-end|p1b: Lupense|move: Taunt\n|upkeep\n|\n|t:|1700176344\n|switch|p1a: Pepper|Wingull, L10, F|100\/100\n|turn|4\n|\n|t:|1700176364\n|move|p1a: Pepper|Rain Dance|p1a: Pepper\n|-weather|RainDance\n|move|p2a: Gumshoos|Thunder Fang|p1a: Pepper|[miss]\n|-miss|p2a: Gumshoos|p1a: Pepper\n|move|p2b: Yungoos|Psychic Fangs|p1b: Lupense\n|-damage|p1b: Lupense|0 fnt\n|faint|p1b: Lupense\n|\n|-weather|RainDance|[upkeep]\n|upkeep\n|\n|t:|1700176377\n|switch|p1b: All beer to me|Magnemite, L10|100\/100\n|turn|5\n|\n|t:|1700176393\n|move|p2b: Yungoos|Helping Hand|p2a: Gumshoos\n|-singleturn|p2a: Gumshoos|Helping Hand|[of] p2b: Yungoos\n|move|p1a: Pepper|Hurricane|p2a: Gumshoos\n|-damage|p2a: Gumshoos|45\/100\n|move|p2a: Gumshoos|Fire Fang|p1b: All beer to me\n|-supereffective|p1b: All beer to me\n|-ability|p1b: All beer to me|Sturdy\n|-damage|p1b: All beer to me|3\/100\n|move|p1b: All beer to me|Thunder|p2a: Gumshoos\n|-damage|p2a: Gumshoos|0 fnt\n|faint|p2a: Gumshoos\n|\n|-weather|RainDance|[upkeep]\n|upkeep\n|\n|t:|1700176399\n|switch|p2a: Rattata|Rattata-Alola, L11, F|100\/100\n|turn|6\n|\n|t:|1700176412\n|move|p2a: Rattata|Quick Attack|p1b: All beer to me\n|-resisted|p1b: All beer to me\n|-damage|p1b: All beer to me|0 fnt\n|faint|p1b: All beer to me\n|move|p1a: Pepper|Hurricane|p2b: Yungoos\n|-damage|p2b: Yungoos|0 fnt\n|faint|p2b: Yungoos\n|\n|-weather|RainDance|[upkeep]\n|upkeep\n|\n|t:|1700176419\n|switch|p1b: Vayne|Murkrow, L10, F|100\/100\n|turn|7\n|\n|t:|1700176429\n|move|p1b: Vayne|Hurricane|p2a: Rattata\n|-enditem|p2a: Rattata|Focus Sash\n|-damage|p2a: Rattata|4\/100\n|move|p2a: Rattata|Endeavor|p1b: Vayne\n|-damage|p1b: Vayne|3\/100\n|move|p1a: Pepper|Hurricane|p2a: Rattata\n|-damage|p2a: Rattata|0 fnt\n|faint|p2a: Rattata\n|\n|win|LunySama\n","uploadtime":1700176444,"views":5,"p1id":"lunysama","p2id":"zaynzito","formatid":"gen9nationaldexdoubles","rating":0,"private":0,"password":""}