{"id":"gen9nationaldexdoubles-1979101771","p1":"JG40s","p2":"Obsidrugon","format":"[Gen 9] National Dex Doubles","log":"|j|\u2606JG40s\n|j|\u2606Obsidrugon\n|t:|1698632385\n|gametype|doubles\n|player|p1|JG40s|101|1240\n|player|p2|Obsidrugon|erika-gen1|1249\n|teamsize|p1|6\n|teamsize|p2|6\n|gen|9\n|tier|[Gen 9] National Dex Doubles\n|rated|\n|rule|HP Percentage Mod: HP is shown in percentages\n|rule|Endless Battle Clause: Forcing endless battles is banned\n|rule|OHKO Clause: OHKO moves are banned\n|rule|Evasion Moves Clause: Evasion moves are banned\n|rule|Evasion Abilities Clause: Evasion abilities are banned\n|rule|Species Clause: Limit one of each Pok\u00e9mon\n|rule|Gravity Sleep Clause: The combination of sleep-inducing moves with imperfect accuracy and Gravity or Gigantamax Orbeetle are banned\n|clearpoke\n|poke|p1|Oricorio-Pom-Pom, F|\n|poke|p1|Kommo-o, F|\n|poke|p1|Volcarona, F|\n|poke|p1|Ludicolo, M|\n|poke|p1|Lilligant-Hisui, F|\n|poke|p1|Okidogi, M|\n|poke|p2|Kommo-o, F|\n|poke|p2|Oricorio-Sensu, F|\n|poke|p2|Lilligant, F|\n|poke|p2|Volcarona, M|\n|poke|p2|Hoopa-Unbound|\n|poke|p2|Ninetales-Alola, F|\n|teampreview\n|c|\u2606Obsidrugon|glhf\n|\n|t:|1698632410\n|start\n|switch|p1a: Oricorio|Oricorio-Pom-Pom, F|100\/100\n|switch|p1b: Volcarona|Volcarona, F|100\/100\n|switch|p2a: Oricorio|Oricorio-Sensu, F, shiny|100\/100\n|switch|p2b: Hoopa|Hoopa-Unbound|100\/100\n|turn|1\n|c|\u2606JG40s|glhf other oricorio\n|\n|t:|1698632422\n|move|p1b: Volcarona|Quiver Dance|p1b: Volcarona\n|-boost|p1b: Volcarona|spa|1\n|-boost|p1b: Volcarona|spd|1\n|-boost|p1b: Volcarona|spe|1\n|-activate|p2a: Oricorio|ability: Dancer\n|move|p2a: Oricorio|Quiver Dance|p2a: Oricorio|[from]ability: Dancer\n|-boost|p2a: Oricorio|spa|1\n|-boost|p2a: Oricorio|spd|1\n|-boost|p2a: Oricorio|spe|1\n|-activate|p1a: Oricorio|ability: Dancer\n|move|p1a: Oricorio|Quiver Dance|p1a: Oricorio|[from]ability: Dancer\n|-boost|p1a: Oricorio|spa|1\n|-boost|p1a: Oricorio|spd|1\n|-boost|p1a: Oricorio|spe|1\n|move|p1a: Oricorio|Revelation Dance|p2a: Oricorio\n|-supereffective|p2a: Oricorio\n|-crit|p2a: Oricorio\n|-enditem|p2a: Oricorio|Focus Sash\n|-damage|p2a: Oricorio|1\/100\n|-activate|p2a: Oricorio|ability: Dancer\n|move|p2a: Oricorio|Revelation Dance|p1a: Oricorio|[from]ability: Dancer\n|-damage|p1a: Oricorio|56\/100\n|move|p2a: Oricorio|Quiver Dance|p2a: Oricorio\n|-boost|p2a: Oricorio|spa|1\n|-boost|p2a: Oricorio|spd|1\n|-boost|p2a: Oricorio|spe|1\n|-activate|p1a: Oricorio|ability: Dancer\n|move|p1a: Oricorio|Quiver Dance|p1a: Oricorio|[from]ability: Dancer\n|-boost|p1a: Oricorio|spa|1\n|-boost|p1a: Oricorio|spd|1\n|-boost|p1a: Oricorio|spe|1\n|move|p2b: Hoopa|Role Play|p2a: Oricorio\n|-endability|p2b: Hoopa|Magician|[from] move: Role Play\n|-ability|p2b: Hoopa|Dancer|[from] move: Role Play|[of] p2a: Oricorio\n|\n|upkeep\n|turn|2\n|\n|t:|1698632476\n|move|p2a: Oricorio|Protect|p2a: Oricorio\n|-singleturn|p2a: Oricorio|Protect\n|move|p2b: Hoopa|Protect|p2b: Hoopa\n|-singleturn|p2b: Hoopa|Protect\n|move|p1a: Oricorio|Tera Blast|p2a: Oricorio\n|-activate|p2a: Oricorio|move: Protect\n|move|p1b: Volcarona|Fiery Dance|p2b: Hoopa\n|-activate|p2b: Hoopa|move: Protect\n|\n|upkeep\n|turn|3\n|inactive|Battle timer is ON: inactive players will automatically lose when time's up. (requested by JG40s)\n|\n|t:|1698632497\n|move|p1a: Oricorio|Tera Blast|p2a: Oricorio\n|-immune|p2a: Oricorio\n|move|p1b: Volcarona|Fiery Dance|p2b: Hoopa\n|-damage|p2b: Hoopa|55\/100\n|-boost|p1b: Volcarona|spa|1\n|-activate|p2a: Oricorio|ability: Dancer\n|move|p2a: Oricorio|Fiery Dance|p1b: Volcarona|[from]ability: Dancer\n|-damage|p1b: Volcarona|77\/100\n|-activate|p2b: Hoopa|ability: Dancer\n|move|p2b: Hoopa|Fiery Dance|p1b: Volcarona|[from]ability: Dancer\n|-damage|p1b: Volcarona|55\/100\n|-boost|p2b: Hoopa|spa|1\n|-activate|p1a: Oricorio|ability: Dancer\n|move|p1a: Oricorio|Fiery Dance|p2b: Hoopa|[from]ability: Dancer\n|-damage|p2b: Hoopa|18\/100\n|-boost|p1a: Oricorio|spa|1\n|move|p2a: Oricorio|Revelation Dance|p1a: Oricorio\n|-crit|p1a: Oricorio\n|-damage|p1a: Oricorio|0 fnt\n|faint|p1a: Oricorio\n|-activate|p2b: Hoopa|ability: Dancer\n|move|p2b: Hoopa|Revelation Dance|p1b: Volcarona|[from]ability: Dancer\n|-damage|p1b: Volcarona|5\/100\n|move|p2b: Hoopa|Hyperspace Fury|p1b: Volcarona\n|-damage|p1b: Volcarona|0 fnt\n|-unboost|p2b: Hoopa|def|1\n|faint|p1b: Volcarona\n|\n|upkeep\n|inactive|JG40s has 120 seconds left.\n|\n|t:|1698632532\n|switch|p1b: Ludicolo|Ludicolo, M|100\/100\n|switch|p1a: Lilligant|Lilligant-Hisui, F|100\/100\n|turn|4\n|\n|t:|1698632549\n|move|p2b: Hoopa|Protect|p2b: Hoopa\n|-singleturn|p2b: Hoopa|Protect\n|move|p2a: Oricorio|Revelation Dance|p1b: Ludicolo\n|-damage|p1b: Ludicolo|48\/100\n|-activate|p2b: Hoopa|ability: Dancer\n|move|p2b: Hoopa|Revelation Dance|p1b: Ludicolo|[from]ability: Dancer\n|-damage|p1b: Ludicolo|0 fnt\n|faint|p1b: Ludicolo\n|move|p1a: Lilligant|Ice Spinner|p2b: Hoopa\n|-activate|p2b: Hoopa|move: Protect\n|\n|upkeep\n|\n|t:|1698632563\n|switch|p1b: Okidogi|Okidogi, M|100\/100\n|turn|5\n|j| wkx6v587\n|\n|t:|1698632579\n|-terastallize|p2a: Oricorio|Ground\n|move|p2b: Hoopa|Protect||[still]\n|-fail|p2b: Hoopa\n|move|p2a: Oricorio|Revelation Dance|p1b: Okidogi\n|-supereffective|p1b: Okidogi\n|-damage|p1b: Okidogi|0 fnt\n|faint|p1b: Okidogi\n|-activate|p2b: Hoopa|ability: Dancer\n|move|p2b: Hoopa|Revelation Dance|p1a: Lilligant|[from]ability: Dancer\n|-supereffective|p1a: Lilligant\n|-damage|p1a: Lilligant|0 fnt\n|faint|p1a: Lilligant\n|\n|upkeep\n|\n|t:|1698632595\n|switch|p1b: Kommo-o|Kommo-o, F|100\/100\n|turn|6\n|\n|t:|1698632603\n|move|p2a: Oricorio|Revelation Dance|p1b: Kommo-o\n|-damage|p1b: Kommo-o|42\/100\n|-activate|p2b: Hoopa|ability: Dancer\n|move|p2b: Hoopa|Revelation Dance|p1b: Kommo-o|[from]ability: Dancer\n|-supereffective|p1b: Kommo-o\n|-damage|p1b: Kommo-o|0 fnt\n|faint|p1b: Kommo-o\n|\n|win|Obsidrugon\n|raw|JG40s's rating: 1240 &rarr; <strong>1216<\/strong><br \/>(-24 for losing)\n|raw|Obsidrugon's rating: 1249 &rarr; <strong>1273<\/strong><br \/>(+24 for winning)\n|c|\u2606Obsidrugon|gg\n|l| wkx6v587\n","uploadtime":1698632630,"views":11,"p1id":"jg40s","p2id":"obsidrugon","formatid":"gen9nationaldexdoubles","rating":1216,"private":0,"password":""}