{"id":"gen9nationaldexdoubles-1957110895","p1":"Tritus ELITE 4","p2":"Dunsyluvy9","format":"[Gen 9] National Dex Doubles","log":"|j|\u2606Tritus ELITE 4\n|j|\u2606Dunsyluvy9\n|t:|1696187251\n|gametype|doubles\n|player|p1|Tritus ELITE 4|wulfric|1111\n|player|p2|Dunsyluvy9|beauty-gen6xy|1114\n|teamsize|p1|6\n|teamsize|p2|6\n|gen|9\n|tier|[Gen 9] National Dex Doubles\n|rated|\n|rule|HP Percentage Mod: HP is shown in percentages\n|rule|Endless Battle Clause: Forcing endless battles is banned\n|rule|OHKO Clause: OHKO moves are banned\n|rule|Evasion Moves Clause: Evasion moves are banned\n|rule|Evasion Abilities Clause: Evasion abilities are banned\n|rule|Species Clause: Limit one of each Pok\u00e9mon\n|rule|Gravity Sleep Clause: The combination of sleep-inducing moves with imperfect accuracy and Gravity or Gigantamax Orbeetle are banned\n|clearpoke\n|poke|p1|Basculegion-F, F|\n|poke|p1|Swampert, M|\n|poke|p1|Pelipper, F|\n|poke|p1|Volcanion|\n|poke|p1|Milotic, F|\n|poke|p1|Carracosta, M|\n|poke|p2|Basculegion, M|\n|poke|p2|Barraskewda, M|\n|poke|p2|Pelipper, M|\n|poke|p2|Drednaw, F|\n|poke|p2|Palafin, F|\n|poke|p2|Ogerpon-Wellspring, F|\n|teampreview\n|inactive|Battle timer is ON: inactive players will automatically lose when time's up. (requested by Dunsyluvy9)\n|\n|t:|1696187271\n|start\n|switch|p1a: Pelipper|Pelipper, F|100\/100\n|switch|p1b: Swampert|Swampert, M|100\/100\n|switch|p2a: Pelipper|Pelipper, M|100\/100\n|switch|p2b: Ogerpon|Ogerpon-Wellspring, F|100\/100\n|-weather|RainDance|[from] ability: Drizzle|[of] p2a: Pelipper\n|turn|1\n|\n|t:|1696187283\n|detailschange|p1b: Swampert|Swampert-Mega, M\n|-mega|p1b: Swampert|Swampert|Swampertite\n|move|p1b: Swampert|Rock Slide|p2b: Ogerpon|[spread] p2a,p2b\n|-supereffective|p2a: Pelipper\n|-damage|p2a: Pelipper|64\/100\n|-damage|p2b: Ogerpon|69\/100\n|move|p2b: Ogerpon|Horn Leech|p1b: Swampert\n|-supereffective|p1b: Swampert\n|-damage|p1b: Swampert|0 fnt\n|-heal|p2b: Ogerpon|100\/100|[from] drain|[of] p1b: Swampert\n|faint|p1b: Swampert\n|move|p2a: Pelipper|U-turn|p1a: Pelipper\n|-resisted|p1a: Pelipper\n|-damage|p1a: Pelipper|95\/100\n|\n|t:|1696187296\n|switch|p2a: Barraskewda|Barraskewda, M, shiny|100\/100|[from] U-turn\n|move|p1a: Pelipper|U-turn|p2b: Ogerpon\n|-supereffective|p2b: Ogerpon\n|-damage|p2b: Ogerpon|66\/100\n|\n|t:|1696187304\n|switch|p1a: Carracosta|Carracosta, M|100\/100|[from] U-turn\n|\n|-weather|RainDance|[upkeep]\n|upkeep\n|\n|t:|1696187307\n|switch|p1b: Volcanion|Volcanion|100\/100\n|turn|2\n|\n|t:|1696187328\n|-terastallize|p2a: Barraskewda|Electric\n|-terastallize|p1a: Carracosta|Steel\n|move|p2a: Barraskewda|Tera Blast|p1b: Volcanion|[anim] Tera Blast Electric\n|-supereffective|p1b: Volcanion\n|-damage|p1b: Volcanion|0 fnt\n|faint|p1b: Volcanion\n|move|p2b: Ogerpon|Horn Leech|p1a: Carracosta\n|-resisted|p1a: Carracosta\n|-damage|p1a: Carracosta|80\/100\n|-heal|p2b: Ogerpon|76\/100|[from] drain|[of] p1a: Carracosta\n|move|p1a: Carracosta|Shell Smash|p1a: Carracosta\n|-unboost|p1a: Carracosta|def|1\n|-unboost|p1a: Carracosta|spd|1\n|-boost|p1a: Carracosta|atk|2\n|-boost|p1a: Carracosta|spa|2\n|-boost|p1a: Carracosta|spe|2\n|-enditem|p1a: Carracosta|White Herb\n|-clearnegativeboost|p1a: Carracosta|[silent]\n|\n|-weather|RainDance|[upkeep]\n|upkeep\n|\n|t:|1696187340\n|switch|p1b: Milotic|Milotic, F|100\/100\n|turn|3\n|\n|t:|1696187348\n|move|p2a: Barraskewda|Tera Blast|p1b: Milotic|[anim] Tera Blast Electric\n|-supereffective|p1b: Milotic\n|-damage|p1b: Milotic|0 fnt\n|faint|p1b: Milotic\n|move|p1a: Carracosta|Rock Slide|p2b: Ogerpon|[spread] p2a,p2b\n|-damage|p2a: Barraskewda|0 fnt\n|-damage|p2b: Ogerpon|0 fnt\n|faint|p2a: Barraskewda\n|faint|p2b: Ogerpon\n|\n|-weather|RainDance|[upkeep]\n|upkeep\n|\n|t:|1696187375\n|switch|p2a: Drednaw|Drednaw, F|100\/100\n|switch|p2b: Basculegion|Basculegion, M, shiny|100\/100\n|switch|p1b: Basculegion|Basculegion-F, F|100\/100\n|turn|4\n|\n|t:|1696187387\n|move|p2b: Basculegion|Wave Crash|p1a: Carracosta\n|-damage|p1a: Carracosta|0 fnt\n|faint|p1a: Carracosta\n|-damage|p2b: Basculegion|81\/100|[from] Recoil\n|move|p1b: Basculegion|Last Respects|p2b: Basculegion\n|-supereffective|p2b: Basculegion\n|-damage|p2b: Basculegion|0 fnt\n|faint|p2b: Basculegion\n|-damage|p1b: Basculegion|91\/100|[from] item: Life Orb\n|move|p2a: Drednaw|Liquidation|p1b: Basculegion\n|-resisted|p1b: Basculegion\n|-crit|p1b: Basculegion\n|-damage|p1b: Basculegion|36\/100\n|\n|-weather|RainDance|[upkeep]\n|upkeep\n|\n|t:|1696187405\n|switch|p2b: Palafin|Palafin, F, shiny|100\/100\n|switch|p1a: Pelipper|Pelipper, F|95\/100\n|turn|5\n|\n|t:|1696187417\n|move|p1b: Basculegion|Last Respects|p2a: Drednaw\n|-enditem|p2a: Drednaw|Focus Sash\n|-damage|p2a: Drednaw|1\/100\n|-damage|p1b: Basculegion|26\/100|[from] item: Life Orb\n|move|p2b: Palafin|Flip Turn|p1b: Basculegion\n|-resisted|p1b: Basculegion\n|-damage|p1b: Basculegion|5\/100\n|\n|t:|1696187422\n|detailschange|p2b: Palafin|Palafin-Hero, F, shiny\n|switch|p2b: Pelipper|Pelipper, M|64\/100|[from] Flip Turn\n|move|p2a: Drednaw|Earthquake|p1b: Basculegion|[spread] p1b\n|-immune|p2b: Pelipper\n|-immune|p1a: Pelipper\n|-damage|p1b: Basculegion|0 fnt\n|faint|p1b: Basculegion\n|move|p1a: Pelipper|Hurricane|p2b: Pelipper\n|-damage|p2b: Pelipper|15\/100\n|\n|-weather|RainDance|[upkeep]\n|-heal|p1a: Pelipper|100\/100|[from] item: Leftovers\n|upkeep\n|turn|6\n|-message|Tritus ELITE 4 forfeited.\n|\n|win|Dunsyluvy9\n|raw|Tritus ELITE 4's rating: 1111 &rarr; <strong>1086<\/strong><br \/>(-25 for losing)\n|raw|Dunsyluvy9's rating: 1114 &rarr; <strong>1139<\/strong><br \/>(+25 for winning)\n|l|\u2606Tritus ELITE 4\n","uploadtime":1696187439,"views":9,"p1id":"trituselite4","p2id":"dunsyluvy9","formatid":"gen9nationaldexdoubles","rating":1086,"private":0,"password":""}