{"id":"gen9nationaldexdoubles-1998722960","p1":"InkyGoBoo!","p2":"eris52","format":"[Gen 9] National Dex Doubles","log":"|j|\u2606InkyGoBoo!\n|j|\u2606eris52\n|t:|1700978025\n|gametype|doubles\n|player|p1|InkyGoBoo!|nemona-s|\n|player|p2|eris52|102|\n|teamsize|p1|6\n|teamsize|p2|6\n|gen|9\n|tier|[Gen 9] National Dex Doubles\n|rule|HP Percentage Mod: HP is shown in percentages\n|rule|Endless Battle Clause: Forcing endless battles is banned\n|rule|OHKO Clause: OHKO moves are banned\n|rule|Evasion Moves Clause: Evasion moves are banned\n|rule|Evasion Abilities Clause: Evasion abilities are banned\n|rule|Species Clause: Limit one of each Pok\u00e9mon\n|rule|Gravity Sleep Clause: The combination of sleep-inducing moves with imperfect accuracy and Gravity or Gigantamax Orbeetle are banned\n|clearpoke\n|poke|p1|Tapu Koko|\n|poke|p1|Ampharos, M|\n|poke|p1|Raichu-Alola, F|\n|poke|p1|Iron Hands|\n|poke|p1|Iron Valiant|\n|poke|p1|Hawlucha, F|\n|poke|p2|Scovillain, M|\n|poke|p2|Torkoal, M|\n|poke|p2|Great Tusk|\n|poke|p2|Houndoom, F|\n|poke|p2|Tapu Lele|\n|poke|p2|Rotom-Wash|\n|teampreview\n|\n|t:|1700978045\n|start\n|switch|p1a: ZAP!|Raichu-Alola, F, shiny|100\/100\n|switch|p1b: Beeg Boi|Iron Hands, shiny|100\/100\n|switch|p2a: Torkoal|Torkoal, M|100\/100\n|switch|p2b: Houndoom|Houndoom, F|100\/100\n|-weather|SunnyDay|[from] ability: Drought|[of] p2a: Torkoal\n|turn|1\n|\n|t:|1700978057\n|-end|p1b: Beeg Boi|Quark Drive|[silent]\n|switch|p1b: Guardian Of W's|Tapu Koko, shiny|100\/100\n|-fieldstart|move: Electric Terrain|[from] ability: Electric Surge|[of] p1b: Guardian Of W's\n|detailschange|p2b: Houndoom|Houndoom-Mega, F\n|-mega|p2b: Houndoom|Houndoom|Houndoominite\n|-zpower|p1a: ZAP!\n|move|p1a: ZAP!|Stoked Sparksurfer|p2a: Torkoal|[zeffect]\n|-damage|p2a: Torkoal|0 fnt\n|faint|p2a: Torkoal\n|move|p2b: Houndoom|Flamethrower|p1b: Guardian Of W's\n|-damage|p1b: Guardian Of W's|0 fnt\n|faint|p1b: Guardian Of W's\n|\n|-weather|SunnyDay|[upkeep]\n|-damage|p2b: Houndoom|88\/100|[from] ability: Solar Power|[of] p2b: Houndoom\n|upkeep\n|\n|t:|1700978071\n|switch|p1b: Iron Valiant|Iron Valiant, shiny|100\/100\n|switch|p2a: Tapu Lele|Tapu Lele|100\/100\n|-fieldstart|move: Psychic Terrain|[from] ability: Psychic Surge|[of] p2a: Tapu Lele\n|turn|2\n|\n|t:|1700978099\n|-end|p1b: Iron Valiant|Quark Drive|[silent]\n|switch|p1b: Beeg Boi|Iron Hands, shiny|100\/100\n|switch|p2b: Scovillain|Scovillain, M|100\/100\n|switch|p1a: L'Or\u00e8al|Ampharos, M, shiny|100\/100\n|move|p2a: Tapu Lele|Moonblast|p1b: Beeg Boi\n|-supereffective|p1b: Beeg Boi\n|-damage|p1b: Beeg Boi|4\/100\n|\n|-weather|SunnyDay|[upkeep]\n|-heal|p1b: Beeg Boi|10\/100|[from] item: Leftovers\n|upkeep\n|turn|3\n|j| bugmonobestmono\n|\n|t:|1700978110\n|detailschange|p1a: L'Or\u00e8al|Ampharos-Mega, M, shiny\n|-mega|p1a: L'Or\u00e8al|Ampharos|Ampharosite\n|-ability|p1a: L'Or\u00e8al|Mold Breaker\n|move|p2b: Scovillain|Giga Drain|p1b: Beeg Boi\n|-damage|p1b: Beeg Boi|0 fnt\n|faint|p1b: Beeg Boi\n|-end|p1b: Beeg Boi|Quark Drive|[silent]\n|-damage|p2b: Scovillain|91\/100|[from] item: Life Orb\n|move|p2a: Tapu Lele|Moonblast|p1a: L'Or\u00e8al\n|-supereffective|p1a: L'Or\u00e8al\n|-damage|p1a: L'Or\u00e8al|14\/100\n|move|p1a: L'Or\u00e8al|Thunderbolt|p2a: Tapu Lele\n|-damage|p2a: Tapu Lele|30\/100\n|\n|-weather|SunnyDay|[upkeep]\n|upkeep\n|c| bugmonobestmono|yo\n|c|\u2606eris52|hi\n|c|\u2606eris52|Are you\n|\n|t:|1700978125\n|switch|p1b: ZAP!|Raichu-Alola, F, shiny|100\/100\n|turn|4\n|c|\u2606eris52|Club raptor\n|c| bugmonobestmono|ye\n|\n|t:|1700978132\n|move|p2b: Scovillain|Fire Blast|p1b: ZAP!\n|-damage|p1b: ZAP!|0 fnt\n|faint|p1b: ZAP!\n|-damage|p2b: Scovillain|81\/100|[from] item: Life Orb\n|move|p2a: Tapu Lele|Moonblast|p1a: L'Or\u00e8al\n|-supereffective|p1a: L'Or\u00e8al\n|-damage|p1a: L'Or\u00e8al|0 fnt\n|faint|p1a: L'Or\u00e8al\n|\n|-weather|SunnyDay|[upkeep]\n|upkeep\n|c| bugmonobestmono|how could you tell\n|c|\u2606eris52|Ok\n|c|\u2606eris52|Because\n|c|\u2606eris52|Bug mono\n|\n|t:|1700978141\n|switch|p1b: Hawlucha|Hawlucha, F, shiny|100\/100\n|switch|p1a: Iron Valiant|Iron Valiant, shiny|100\/100\n|turn|5\n|c| bugmonobestmono|ye\n|c|\u2606eris52|Best mono\n|\n|t:|1700978148\n|-terastallize|p1b: Hawlucha|Flying\n|move|p1a: Iron Valiant|Protect|p1a: Iron Valiant\n|-singleturn|p1a: Iron Valiant|Protect\n|move|p2b: Scovillain|Fire Blast|p1b: Hawlucha\n|-damage|p1b: Hawlucha|0 fnt\n|faint|p1b: Hawlucha\n|-damage|p2b: Scovillain|71\/100|[from] item: Life Orb\n|move|p2a: Tapu Lele|Moonblast|p1a: Iron Valiant\n|-activate|p1a: Iron Valiant|move: Protect\n|\n|-weather|SunnyDay|[upkeep]\n|upkeep\n|turn|6\n|c| bugmonobestmono|facts\n|c|\u2606InkyGoBoo!|Gg\n|\n|t:|1700978158\n|move|p2b: Scovillain|Fire Blast|p1a: Iron Valiant\n|-damage|p1a: Iron Valiant|0 fnt\n|faint|p1a: Iron Valiant\n|-end|p1a: Iron Valiant|Quark Drive|[silent]\n|-damage|p2b: Scovillain|61\/100|[from] item: Life Orb\n|\n|win|eris52\n|c|\u2606eris52|gg\n|c|\u2606eris52|wp\n|l| bugmonobestmono\n|c|\u2606InkyGoBoo!|Yeah, its 7am so Im super tired lmao-\n","uploadtime":1700978182,"views":11,"p1id":"inkygoboo","p2id":"eris52","formatid":"gen9nationaldexdoubles","rating":0,"private":0,"password":""}