{"id":"gen9nationaldexdoubles-1947482469","p1":"Ancientguirus","p2":"br_xton_alt","format":"[Gen 9] National Dex Doubles","log":"|j|\u2606Ancientguirus\n|j|\u2606br_xton_alt\n|t:|1695164962\n|gametype|doubles\n|player|p1|Ancientguirus|raihan|1121\n|player|p2|br_xton_alt|ethan|1000\n|teamsize|p1|6\n|teamsize|p2|6\n|gen|9\n|tier|[Gen 9] National Dex Doubles\n|rated|\n|rule|HP Percentage Mod: HP is shown in percentages\n|rule|Endless Battle Clause: Forcing endless battles is banned\n|rule|OHKO Clause: OHKO moves are banned\n|rule|Evasion Moves Clause: Evasion moves are banned\n|rule|Evasion Abilities Clause: Evasion abilities are banned\n|rule|Species Clause: Limit one of each Pok\u00e9mon\n|rule|Gravity Sleep Clause: The combination of sleep-inducing moves with imperfect accuracy and Gravity or Gigantamax Orbeetle are banned\n|clearpoke\n|poke|p1|Rillaboom, M|\n|poke|p1|Toxtricity, M|\n|poke|p1|Corviknight, M|\n|poke|p1|Grimmsnarl, M|\n|poke|p1|Nihilego|\n|poke|p1|Marshadow|\n|poke|p2|Dipplin, M|\n|poke|p2|Xurkitree|\n|poke|p2|Sinistcha-Masterpiece|\n|poke|p2|Arcanine-Hisui, M|\n|poke|p2|Gholdengo|\n|poke|p2|Ursaluna-Bloodmoon, M|\n|teampreview\n|\n|t:|1695164988\n|start\n|switch|p1a: Nihilego|Nihilego, shiny|100\/100\n|switch|p1b: Corviknight|Corviknight, M|100\/100\n|switch|p2a: Dip|Dipplin, M, shiny|100\/100\n|switch|p2b: Sinistcha|Sinistcha-Masterpiece|100\/100\n|-ability|p2a: Dip|Supersweet Syrup\n|-ability|p2a: Dip|Supersweet Syrup|boost\n|-unboost|p1a: Nihilego|evasion|1\n|-ability|p1b: Corviknight|Mirror Armor\n|-unboost|p2a: Dip|evasion|1\n|turn|1\n|\n|t:|1695165009\n|move|p1a: Nihilego|Meteor Beam||[still]\n|-prepare|p1a: Nihilego|Meteor Beam\n|-boost|p1a: Nihilego|spa|1\n|-enditem|p1a: Nihilego|Power Herb\n|-anim|p1a: Nihilego|Meteor Beam|p2b: Sinistcha\n|-damage|p2b: Sinistcha|17\/100\n|move|p1b: Corviknight|Iron Defense|p1b: Corviknight\n|-boost|p1b: Corviknight|def|2\n|move|p2b: Sinistcha|Matcha Gotcha|p1b: Corviknight|[spread] p1a,p1b\n|-resisted|p1b: Corviknight\n|-damage|p1a: Nihilego|85\/100\n|-heal|p2b: Sinistcha|27\/100|[from] drain|[of] p1a: Nihilego\n|-damage|p1b: Corviknight|95\/100\n|-heal|p2b: Sinistcha|30\/100|[from] drain|[of] p1b: Corviknight\n|move|p2a: Dip|Grassy Terrain|p2a: Dip\n|-fieldstart|move: Grassy Terrain\n|-enditem|p2b: Sinistcha|Grassy Seed\n|-boost|p2b: Sinistcha|def|1|[from] item: Grassy Seed\n|\n|-heal|p1a: Nihilego|91\/100|[from] Grassy Terrain\n|-heal|p2b: Sinistcha|36\/100|[from] Grassy Terrain\n|upkeep\n|turn|2\n|inactive|Battle timer is ON: inactive players will automatically lose when time's up. (requested by br_xton_alt)\n|inactive|br_xton_alt has 120 seconds left.\n|\n|t:|1695165046\n|move|p1a: Nihilego|Dazzling Gleam|p2b: Sinistcha|[spread] p2a,p2b\n|-supereffective|p2a: Dip\n|-damage|p2a: Dip|49\/100\n|-damage|p2b: Sinistcha|10\/100\n|move|p1b: Corviknight|Iron Defense|p1b: Corviknight\n|-boost|p1b: Corviknight|def|2\n|move|p2b: Sinistcha|Phantom Force||[still]\n|-prepare|p2b: Sinistcha|Phantom Force\n|move|p2a: Dip|Energy Ball|p1b: Corviknight\n|-resisted|p1b: Corviknight\n|-damage|p1b: Corviknight|81\/100\n|-ability|p1b: Corviknight|Mirror Armor\n|-unboost|p2a: Dip|spd|1\n|\n|-heal|p1a: Nihilego|97\/100|[from] Grassy Terrain\n|-heal|p2a: Dip|55\/100|[from] Grassy Terrain\n|upkeep\n|turn|3\n|\n|t:|1695165072\n|move|p1a: Nihilego|Dazzling Gleam|p2b: Sinistcha|[spread] p2a\n|-miss|p1a: Nihilego|p2b: Sinistcha\n|-supereffective|p2a: Dip\n|-damage|p2a: Dip|0 fnt\n|faint|p2a: Dip\n|-ability|p1a: Nihilego|Beast Boost|boost\n|-boost|p1a: Nihilego|spe|1\n|move|p1b: Corviknight|Iron Defense|p1b: Corviknight\n|-boost|p1b: Corviknight|def|2\n|move|p2b: Sinistcha|Phantom Force|p1a: Nihilego|[from]lockedmove\n|-damage|p1a: Nihilego|49\/100\n|\n|-heal|p1a: Nihilego|55\/100|[from] Grassy Terrain\n|-heal|p2b: Sinistcha|16\/100|[from] Grassy Terrain\n|upkeep\n|inactive|br_xton_alt has 120 seconds left.\n|\n|t:|1695165088\n|switch|p2a: Xurkitree|Xurkitree|100\/100\n|turn|4\n|inactive|br_xton_alt has 120 seconds left.\n|\n|t:|1695165113\n|move|p1a: Nihilego|Power Gem|p2b: Sinistcha\n|-damage|p2b: Sinistcha|0 fnt\n|faint|p2b: Sinistcha\n|-ability|p1a: Nihilego|Beast Boost|boost\n|-boost|p1a: Nihilego|spe|1\n|move|p2a: Xurkitree|Power Whip|p1b: Corviknight\n|-resisted|p1b: Corviknight\n|-damage|p1b: Corviknight|79\/100\n|-damage|p2a: Xurkitree|84\/100|[from] item: Rocky Helmet|[of] p1b: Corviknight\n|move|p1b: Corviknight|Body Press|p2a: Xurkitree\n|-damage|p2a: Xurkitree|0 fnt\n|faint|p2a: Xurkitree\n|\n|-heal|p1a: Nihilego|62\/100|[from] Grassy Terrain\n|upkeep\n|inactive|br_xton_alt has 120 seconds left.\n|\n|t:|1695165129\n|switch|p2a: Gholdengo|Gholdengo|100\/100\n|switch|p2b: Ursaluna|Ursaluna-Bloodmoon, M|100\/100\n|turn|5\n|\n|t:|1695165143\n|move|p1a: Nihilego|Poison Jab|p2b: Ursaluna\n|-resisted|p2b: Ursaluna\n|-damage|p2b: Ursaluna|95\/100\n|move|p2a: Gholdengo|Make It Rain|p1a: Nihilego|[spread] p1a,p1b\n|-supereffective|p1a: Nihilego\n|-resisted|p1b: Corviknight\n|-damage|p1a: Nihilego|3\/100\n|-damage|p1b: Corviknight|58\/100\n|-unboost|p2a: Gholdengo|spa|1\n|move|p1b: Corviknight|Body Press|p2b: Ursaluna\n|-supereffective|p2b: Ursaluna\n|-enditem|p2b: Ursaluna|Chople Berry|[eat]\n|-enditem|p2b: Ursaluna|Chople Berry|[weaken]\n|-damage|p2b: Ursaluna|41\/100\n|move|p2b: Ursaluna|Blood Moon|p1a: Nihilego\n|-resisted|p1a: Nihilego\n|-damage|p1a: Nihilego|0 fnt\n|faint|p1a: Nihilego\n|\n|-heal|p2b: Ursaluna|47\/100|[from] Grassy Terrain\n|-fieldend|move: Grassy Terrain\n|upkeep\n|inactive|Ancientguirus has 120 seconds left.\n|\n|t:|1695165170\n|switch|p1a: Rillaboom|Rillaboom, M|100\/100\n|-fieldstart|move: Grassy Terrain|[from] ability: Grassy Surge|[of] p1a: Rillaboom\n|-enditem|p1a: Rillaboom|Grassy Seed\n|-boost|p1a: Rillaboom|def|1|[from] item: Grassy Seed\n|turn|6\n|\n|t:|1695165194\n|move|p1a: Rillaboom|Fake Out|p2b: Ursaluna\n|-damage|p2b: Ursaluna|37\/100\n|move|p2a: Gholdengo|Make It Rain|p1a: Rillaboom|[spread] p1a,p1b\n|-resisted|p1b: Corviknight\n|-damage|p1a: Rillaboom|60\/100\n|-damage|p1b: Corviknight|44\/100\n|-unboost|p2a: Gholdengo|spa|1\n|move|p1b: Corviknight|Body Press|p2b: Ursaluna\n|-supereffective|p2b: Ursaluna\n|-damage|p2b: Ursaluna|0 fnt\n|faint|p2b: Ursaluna\n|\n|-heal|p1a: Rillaboom|66\/100|[from] Grassy Terrain\n|upkeep\n|\n|t:|1695165208\n|switch|p2b: Arcanine|Arcanine-Hisui, M, shiny|100\/100\n|turn|7\n|\n|t:|1695165219\n|move|p2b: Arcanine|Raging Fury|p1b: Corviknight\n|-supereffective|p1b: Corviknight\n|-damage|p1b: Corviknight|21\/100\n|move|p1a: Rillaboom|Drum Beating|p2a: Gholdengo\n|-resisted|p2a: Gholdengo\n|-damage|p2a: Gholdengo|70\/100\n|-unboost|p2a: Gholdengo|spe|1\n|move|p2a: Gholdengo|Thunder Wave|p1a: Rillaboom\n|-status|p1a: Rillaboom|par\n|move|p1b: Corviknight|Body Press|p2b: Arcanine\n|-supereffective|p2b: Arcanine\n|-enditem|p2b: Arcanine|Focus Sash\n|-damage|p2b: Arcanine|1\/100\n|\n|-heal|p2b: Arcanine|7\/100|[from] Grassy Terrain\n|-heal|p2a: Gholdengo|76\/100|[from] Grassy Terrain\n|-heal|p1a: Rillaboom|72\/100 par|[from] Grassy Terrain\n|upkeep\n|turn|8\n|\n|t:|1695165242\n|move|p1a: Rillaboom|Grassy Glide|p2b: Arcanine\n|-damage|p2b: Arcanine|0 fnt\n|faint|p2b: Arcanine\n|move|p2a: Gholdengo|Hex|p1a: Rillaboom\n|-damage|p1a: Rillaboom|23\/100 par\n|move|p1b: Corviknight|Drill Peck|p2a: Gholdengo\n|-resisted|p2a: Gholdengo\n|-damage|p2a: Gholdengo|56\/100\n|\n|-heal|p2a: Gholdengo|62\/100|[from] Grassy Terrain\n|-heal|p1a: Rillaboom|29\/100 par|[from] Grassy Terrain\n|upkeep\n|turn|9\n|\n|t:|1695165261\n|move|p2a: Gholdengo|Night Shade|p1a: Rillaboom\n|-damage|p1a: Rillaboom|0 fnt\n|faint|p1a: Rillaboom\n|move|p1b: Corviknight|Drill Peck|p2a: Gholdengo\n|-resisted|p2a: Gholdengo\n|-damage|p2a: Gholdengo|42\/100\n|\n|-heal|p2a: Gholdengo|48\/100|[from] Grassy Terrain\n|upkeep\n|\n|t:|1695165269\n|switch|p1a: Grimmsnarl|Grimmsnarl, M|100\/100\n|turn|10\n|\n|t:|1695165280\n|move|p1a: Grimmsnarl|Sucker Punch|p2a: Gholdengo\n|-supereffective|p2a: Gholdengo\n|-crit|p2a: Gholdengo\n|-damage|p2a: Gholdengo|0 fnt\n|faint|p2a: Gholdengo\n|\n|win|Ancientguirus\n|raw|Ancientguirus's rating: 1121 &rarr; <strong>1138<\/strong><br \/>(+17 for winning)\n|raw|br_xton_alt's rating: 1000 &rarr; <strong>1000<\/strong><br \/>(+0 for losing)\n|l|\u2606br_xton_alt\n","uploadtime":1695165287,"views":5,"p1id":"ancientguirus","p2id":"brxtonalt","formatid":"gen9nationaldexdoubles","rating":1000,"private":0,"password":""}