{"id":"gen9nationaldexdoubles-1947525683","p1":"MPAalltheway","p2":"BugCatcherJameson","format":"[Gen 9] National Dex Doubles","log":"|j|\u2606MPAalltheway\n|j|\u2606BugCatcherJameson\n|t:|1695169252\n|gametype|doubles\n|player|p1|MPAalltheway|n|\n|player|p2|BugCatcherJameson|bugsy|\n|teamsize|p1|6\n|teamsize|p2|6\n|gen|9\n|tier|[Gen 9] National Dex Doubles\n|rule|HP Percentage Mod: HP is shown in percentages\n|rule|Endless Battle Clause: Forcing endless battles is banned\n|rule|OHKO Clause: OHKO moves are banned\n|rule|Evasion Moves Clause: Evasion moves are banned\n|rule|Evasion Abilities Clause: Evasion abilities are banned\n|rule|Species Clause: Limit one of each Pok\u00e9mon\n|rule|Gravity Sleep Clause: The combination of sleep-inducing moves with imperfect accuracy and Gravity or Gigantamax Orbeetle are banned\n|clearpoke\n|poke|p1|Clefable, F|\n|poke|p1|Iron Bundle|\n|poke|p1|Amoonguss, M|\n|poke|p1|Ampharos, M|\n|poke|p1|Skarmory, F|\n|poke|p1|Gothorita, M|\n|poke|p2|Volcarona, M|\n|poke|p2|Oricorio-Pom-Pom, M|\n|poke|p2|Bellossom, F|\n|poke|p2|Quaquaval, F|\n|poke|p2|Maushold-Four|\n|poke|p2|Kommo-o, M|\n|teampreview\n|j| Specific360\n|j| Green133\n|\n|t:|1695169288\n|start\n|switch|p1a: S U S|Amoonguss, M, shiny|100\/100\n|switch|p1b: N's Last Stand|Iron Bundle|100\/100\n|switch|p2a: Takes 2 to Tango|Maushold-Four|100\/100\n|switch|p2b: Carnival|Quaquaval, F|100\/100\n|-enditem|p1b: N's Last Stand|Booster Energy\n|-activate|p1b: N's Last Stand|ability: Quark Drive|[fromitem]\n|-start|p1b: N's Last Stand|quarkdrivespe\n|turn|1\n|\n|t:|1695169347\n|move|p1b: N's Last Stand|Freeze-Dry|p2b: Carnival\n|-supereffective|p2b: Carnival\n|-damage|p2b: Carnival|31\/100\n|move|p2a: Takes 2 to Tango|Population Bomb|p1b: N's Last Stand\n|-damage|p1b: N's Last Stand|92\/100\n|-damage|p1b: N's Last Stand|84\/100\n|-damage|p1b: N's Last Stand|74\/100\n|-damage|p1b: N's Last Stand|65\/100\n|-damage|p1b: N's Last Stand|56\/100\n|-damage|p1b: N's Last Stand|48\/100\n|-damage|p1b: N's Last Stand|39\/100\n|-damage|p1b: N's Last Stand|31\/100\n|-damage|p1b: N's Last Stand|22\/100\n|-damage|p1b: N's Last Stand|13\/100\n|-hitcount|p1b: N's Last Stand|10\n|move|p2b: Carnival|Aqua Step|p1b: N's Last Stand\n|-resisted|p1b: N's Last Stand\n|-damage|p1b: N's Last Stand|0 fnt\n|-boost|p2b: Carnival|spe|1\n|faint|p1b: N's Last Stand\n|-end|p1b: N's Last Stand|Quark Drive|[silent]\n|-ability|p2b: Carnival|Moxie|boost\n|-boost|p2b: Carnival|atk|1\n|move|p1a: S U S|Spore|p2a: Takes 2 to Tango\n|-status|p2a: Takes 2 to Tango|slp|[from] move: Spore\n|\n|upkeep\n|\n|t:|1695169375\n|switch|p1b: The Real Fabio|Ampharos, M|100\/100\n|turn|2\n|\n|t:|1695169390\n|detailschange|p1b: The Real Fabio|Ampharos-Mega, M\n|-mega|p1b: The Real Fabio|Ampharos|Ampharosite\n|-ability|p1b: The Real Fabio|Mold Breaker\n|move|p2b: Carnival|Ice Spinner|p1a: S U S\n|-supereffective|p1a: S U S\n|-damage|p1a: S U S|35\/100\n|cant|p2a: Takes 2 to Tango|slp\n|move|p1b: The Real Fabio|Discharge|p2b: Carnival|[spread] p1a,p2a,p2b\n|-resisted|p1a: S U S\n|-crit|p1a: S U S\n|-supereffective|p2b: Carnival\n|-damage|p1a: S U S|13\/100\n|-damage|p2a: Takes 2 to Tango|56\/100 slp\n|-damage|p2b: Carnival|0 fnt\n|faint|p2b: Carnival\n|move|p1a: S U S|Clear Smog|p2a: Takes 2 to Tango\n|-damage|p2a: Takes 2 to Tango|35\/100 slp\n|-clearboost|p2a: Takes 2 to Tango\n|\n|-heal|p1a: S U S|19\/100|[from] item: Leftovers\n|upkeep\n|\n|t:|1695169411\n|switch|p2b: My Bologna|Volcarona, M|100\/100\n|turn|3\n|\n|t:|1695169453\n|switch|p1a: Lissy|Gothorita, M, shiny|100\/100\n|cant|p2a: Takes 2 to Tango|slp\n|move|p2b: My Bologna|Fiery Dance|p1a: Lissy\n|-damage|p1a: Lissy|67\/100\n|move|p1b: The Real Fabio|Dragon Pulse|p2a: Takes 2 to Tango\n|-damage|p2a: Takes 2 to Tango|0 fnt\n|faint|p2a: Takes 2 to Tango\n|\n|upkeep\n|\n|t:|1695169464\n|switch|p2a: \u30c1\u30a2\u30ea\u30fc\u30c0\u30fc|Oricorio-Pom-Pom, M|100\/100\n|turn|4\n|\n|t:|1695169478\n|move|p2b: My Bologna|Quiver Dance|p2b: My Bologna\n|-boost|p2b: My Bologna|spa|1\n|-boost|p2b: My Bologna|spd|1\n|-boost|p2b: My Bologna|spe|1\n|-activate|p2a: \u30c1\u30a2\u30ea\u30fc\u30c0\u30fc|ability: Dancer\n|move|p2a: \u30c1\u30a2\u30ea\u30fc\u30c0\u30fc|Quiver Dance|p2a: \u30c1\u30a2\u30ea\u30fc\u30c0\u30fc|[from]ability: Dancer\n|-boost|p2a: \u30c1\u30a2\u30ea\u30fc\u30c0\u30fc|spa|1\n|-boost|p2a: \u30c1\u30a2\u30ea\u30fc\u30c0\u30fc|spd|1\n|-boost|p2a: \u30c1\u30a2\u30ea\u30fc\u30c0\u30fc|spe|1\n|move|p2a: \u30c1\u30a2\u30ea\u30fc\u30c0\u30fc|Revelation Dance|p1a: Lissy\n|-damage|p1a: Lissy|22\/100\n|move|p1a: Lissy|Taunt|p2b: My Bologna\n|-start|p2b: My Bologna|move: Taunt\n|move|p1b: The Real Fabio|Dragon Pulse|p2a: \u30c1\u30a2\u30ea\u30fc\u30c0\u30fc\n|-crit|p2a: \u30c1\u30a2\u30ea\u30fc\u30c0\u30fc\n|-damage|p2a: \u30c1\u30a2\u30ea\u30fc\u30c0\u30fc|0 fnt\n|faint|p2a: \u30c1\u30a2\u30ea\u30fc\u30c0\u30fc\n|\n|upkeep\n|\n|t:|1695169499\n|switch|p2a: Hula|Bellossom, F, shiny|100\/100\n|turn|5\n|\n|t:|1695169515\n|move|p2b: My Bologna|Fiery Dance|p1a: Lissy\n|-damage|p1a: Lissy|0 fnt\n|-boost|p2b: My Bologna|spa|1\n|faint|p1a: Lissy\n|move|p2a: Hula|Dazzling Gleam|p1b: The Real Fabio\n|-supereffective|p1b: The Real Fabio\n|-damage|p1b: The Real Fabio|80\/100\n|move|p1b: The Real Fabio|Discharge|p2a: Hula|[spread] p2a,p2b\n|-resisted|p2a: Hula\n|-damage|p2a: Hula|86\/100\n|-damage|p2b: My Bologna|76\/100\n|\n|-heal|p2b: My Bologna|82\/100|[from] item: Leftovers\n|upkeep\n|\n|t:|1695169526\n|switch|p1a: S U S|Amoonguss, M, shiny|53\/100\n|turn|6\n|\n|t:|1695169536\n|-terastallize|p1a: S U S|Fire\n|move|p2b: My Bologna|Fiery Dance|p1a: S U S\n|-resisted|p1a: S U S\n|-damage|p1a: S U S|17\/100\n|-boost|p2b: My Bologna|spa|1\n|move|p2a: Hula|Dazzling Gleam|p1a: S U S|[spread] p1a,p1b\n|-resisted|p1a: S U S\n|-supereffective|p1b: The Real Fabio\n|-damage|p1a: S U S|12\/100\n|-damage|p1b: The Real Fabio|63\/100\n|move|p1b: The Real Fabio|Dragon Pulse|p2b: My Bologna\n|-damage|p2b: My Bologna|50\/100\n|move|p1a: S U S|Clear Smog|p2b: My Bologna\n|-damage|p2b: My Bologna|39\/100\n|-clearboost|p2b: My Bologna\n|\n|-heal|p2b: My Bologna|45\/100|[from] item: Leftovers\n|-heal|p1a: S U S|18\/100|[from] item: Leftovers\n|upkeep\n|turn|7\n|\n|t:|1695169567\n|switch|p1a: Golden Finger|Clefable, F, shiny|100\/100\n|move|p2b: My Bologna|Air Slash|p1a: Golden Finger\n|-damage|p1a: Golden Finger|82\/100\n|move|p2a: Hula|Quiver Dance|p2a: Hula\n|-boost|p2a: Hula|spa|1\n|-boost|p2a: Hula|spd|1\n|-boost|p2a: Hula|spe|1\n|move|p1b: The Real Fabio|Discharge|p2a: Hula|[spread] p1a,p2a,p2b\n|-resisted|p2a: Hula\n|-crit|p2b: My Bologna\n|-damage|p1a: Golden Finger|57\/100\n|-damage|p2a: Hula|76\/100\n|-damage|p2b: My Bologna|0 fnt\n|-status|p1a: Golden Finger|par\n|-status|p2a: Hula|par\n|-enditem|p2a: Hula|Lum Berry|[eat]\n|-curestatus|p2a: Hula|par|[msg]\n|faint|p2b: My Bologna\n|\n|upkeep\n|\n|t:|1695169583\n|switch|p2b: L\u016b\u02bbau|Kommo-o, M, shiny|100\/100\n|turn|8\n|\n|t:|1695169607\n|switch|p1b: Ice Age 2|Skarmory, F|100\/100\n|move|p2b: L\u016b\u02bbau|Rock Slide|p1b: Ice Age 2|[spread] p1b\n|-miss|p2b: L\u016b\u02bbau|p1a: Golden Finger\n|-damage|p1b: Ice Age 2|90\/100\n|move|p2a: Hula|Dazzling Gleam|p1b: Ice Age 2|[spread] p1a,p1b\n|-resisted|p1b: Ice Age 2\n|-damage|p1a: Golden Finger|44\/100 par\n|-damage|p1b: Ice Age 2|79\/100\n|move|p1a: Golden Finger|Dazzling Gleam|p2a: Hula|[spread] p2a,p2b\n|-supereffective|p2b: L\u016b\u02bbau\n|-damage|p2a: Hula|63\/100\n|-damage|p2b: L\u016b\u02bbau|33\/100\n|\n|-heal|p2b: L\u016b\u02bbau|39\/100|[from] item: Leftovers\n|upkeep\n|turn|9\n|\n|t:|1695169646\n|-terastallize|p2b: L\u016b\u02bbau|Fighting\n|move|p2b: L\u016b\u02bbau|Drain Punch|p1b: Ice Age 2\n|-damage|p1b: Ice Age 2|54\/100\n|-heal|p2b: L\u016b\u02bbau|54\/100|[from] drain|[of] p1b: Ice Age 2\n|move|p2a: Hula|Quiver Dance|p2a: Hula\n|-boost|p2a: Hula|spa|1\n|-boost|p2a: Hula|spd|1\n|-boost|p2a: Hula|spe|1\n|move|p1b: Ice Age 2|Body Press|p2b: L\u016b\u02bbau\n|-damage|p2b: L\u016b\u02bbau|28\/100\n|move|p1a: Golden Finger|Dazzling Gleam|p2b: L\u016b\u02bbau|[spread] p2a,p2b\n|-supereffective|p2b: L\u016b\u02bbau\n|-damage|p2a: Hula|54\/100\n|-damage|p2b: L\u016b\u02bbau|0 fnt\n|faint|p2b: L\u016b\u02bbau\n|\n|upkeep\n|turn|10\n|\n|t:|1695169688\n|switch|p1a: S U S|Amoonguss, M, shiny, tera:Fire|51\/100\n|move|p2a: Hula|Quiver Dance|p2a: Hula\n|-boost|p2a: Hula|spa|1\n|-boost|p2a: Hula|spd|1\n|-boost|p2a: Hula|spe|1\n|move|p1b: Ice Age 2|Body Press|p2a: Hula\n|-damage|p2a: Hula|27\/100\n|\n|-heal|p1a: S U S|57\/100|[from] item: Leftovers\n|upkeep\n|turn|11\n|\n|t:|1695169699\n|move|p2a: Hula|Giga Drain|p1a: S U S\n|-resisted|p1a: S U S\n|-damage|p1a: S U S|31\/100\n|-heal|p2a: Hula|47\/100|[from] drain|[of] p1a: S U S\n|move|p1b: Ice Age 2|Body Press|p2a: Hula\n|-damage|p2a: Hula|21\/100\n|move|p1a: S U S|Clear Smog|p2a: Hula\n|-supereffective|p2a: Hula\n|-damage|p2a: Hula|10\/100\n|-clearboost|p2a: Hula\n|\n|-heal|p1a: S U S|38\/100|[from] item: Leftovers\n|upkeep\n|turn|12\n|\n|t:|1695169712\n|move|p1b: Ice Age 2|Body Press|p2a: Hula\n|-damage|p2a: Hula|0 fnt\n|faint|p2a: Hula\n|\n|win|MPAalltheway\n|c|\u2606BugCatcherJameson|gg\n","uploadtime":1695169718,"views":7,"p1id":"mpaalltheway","p2id":"bugcatcherjameson","formatid":"gen9nationaldexdoubles","rating":0,"private":0,"password":""}