{"id":"gen9nationaldexdoubles-1986923237","p1":"Mirrrza","p2":"NosiXdda","format":"[Gen 9] National Dex Doubles","log":"|j|\u2606Mirrrza\n|j|\u2606NosiXdda\n|t:|1699541369\n|gametype|doubles\n|player|p1|Mirrrza|saturn|1499\n|player|p2|NosiXdda|janitor|1316\n|teamsize|p1|6\n|teamsize|p2|6\n|gen|9\n|tier|[Gen 9] National Dex Doubles\n|rated|\n|rule|HP Percentage Mod: HP is shown in percentages\n|rule|Endless Battle Clause: Forcing endless battles is banned\n|rule|OHKO Clause: OHKO moves are banned\n|rule|Evasion Moves Clause: Evasion moves are banned\n|rule|Evasion Abilities Clause: Evasion abilities are banned\n|rule|Species Clause: Limit one of each Pok\u00e9mon\n|rule|Gravity Sleep Clause: The combination of sleep-inducing moves with imperfect accuracy and Gravity or Gigantamax Orbeetle are banned\n|clearpoke\n|poke|p1|Volcarona, M|\n|poke|p1|Smeargle, F|\n|poke|p1|Tapu Lele|\n|poke|p1|Tapu Fini|\n|poke|p1|Suicune|\n|poke|p1|Chien-Pao|\n|poke|p2|Bronzong|\n|poke|p2|Diancie|\n|poke|p2|Amoonguss, F|\n|poke|p2|Torkoal, M|\n|poke|p2|Mawile, M|\n|poke|p2|Iron Hands|\n|teampreview\n|inactive|Battle timer is ON: inactive players will automatically lose when time's up. (requested by Mirrrza)\n|\n|t:|1699541400\n|start\n|switch|p1a: Miami Terror|Volcarona, M|100\/100\n|switch|p1b: Bobby Lee|Smeargle, F|100\/100\n|switch|p2a: Iron Hands|Iron Hands, shiny|100\/100\n|switch|p2b: Bronzong|Bronzong, shiny|100\/100\n|-enditem|p2a: Iron Hands|Booster Energy\n|-activate|p2a: Iron Hands|ability: Quark Drive|[fromitem]\n|-start|p2a: Iron Hands|quarkdriveatk\n|turn|1\n|\n|t:|1699541416\n|-terastallize|p1b: Bobby Lee|Ghost\n|move|p2a: Iron Hands|Fake Out|p1b: Bobby Lee\n|-immune|p1b: Bobby Lee\n|move|p1b: Bobby Lee|Spore|p2b: Bronzong\n|-status|p2b: Bronzong|slp|[from] move: Spore\n|move|p1a: Miami Terror|Quiver Dance|p1a: Miami Terror\n|-boost|p1a: Miami Terror|spa|1\n|-boost|p1a: Miami Terror|spd|1\n|-boost|p1a: Miami Terror|spe|1\n|cant|p2b: Bronzong|slp\n|\n|-ability|p1b: Bobby Lee|Moody|boost\n|-boost|p1b: Bobby Lee|atk|2\n|-unboost|p1b: Bobby Lee|def|1\n|upkeep\n|turn|2\n|\n|t:|1699541446\n|move|p1a: Miami Terror|Quiver Dance|p1a: Miami Terror\n|-boost|p1a: Miami Terror|spa|1\n|-boost|p1a: Miami Terror|spd|1\n|-boost|p1a: Miami Terror|spe|1\n|move|p1b: Bobby Lee|Spore|p2a: Iron Hands\n|-status|p2a: Iron Hands|slp|[from] move: Spore\n|cant|p2a: Iron Hands|slp\n|cant|p2b: Bronzong|slp\n|\n|-ability|p1b: Bobby Lee|Moody|boost\n|-boost|p1b: Bobby Lee|def|2\n|-unboost|p1b: Bobby Lee|spd|1\n|upkeep\n|turn|3\n|c|\u2606NosiXdda|Spore is such a fun move\n|inactive|NosiXdda has 120 seconds left.\n|\n|t:|1699541483\n|switch|p1b: Azura|Suicune|100\/100\n|-end|p2a: Iron Hands|Quark Drive|[silent]\n|switch|p2a: Amoonguss|Amoonguss, F, shiny|100\/100\n|switch|p2b: Diancie|Diancie, shiny|100\/100\n|move|p1a: Miami Terror|Heat Wave|p2b: Diancie|[spread] p2a,p2b\n|-supereffective|p2a: Amoonguss\n|-resisted|p2b: Diancie\n|-damage|p2a: Amoonguss|0 fnt\n|-damage|p2b: Diancie|75\/100\n|faint|p2a: Amoonguss\n|\n|upkeep\n|\n|t:|1699541503\n|switch|p2a: Mawile|Mawile, M, shiny|100\/100\n|turn|4\n|j| esquema de apostas\n|inactive|NosiXdda has 120 seconds left.\n|\n|t:|1699541513\n|detailschange|p2a: Mawile|Mawile-Mega, M, shiny\n|-mega|p2a: Mawile|Mawile|Mawilite\n|move|p1a: Miami Terror|Protect|p1a: Miami Terror\n|-singleturn|p1a: Miami Terror|Protect\n|move|p2a: Mawile|Swords Dance|p2a: Mawile\n|-boost|p2a: Mawile|atk|2\n|move|p2b: Diancie|Diamond Storm|p1a: Miami Terror|[spread] p1b\n|-activate|p1a: Miami Terror|move: Protect\n|-damage|p1b: Azura|73\/100\n|move|p1b: Azura|Roar|p2b: Diancie\n|drag|p2b: Bronzong|Bronzong, shiny|100\/100 slp\n|\n|upkeep\n|turn|5\n|inactive|NosiXdda has 120 seconds left.\n|l| esquema de apostas\n|\n|t:|1699541545\n|switch|p1b: Phoebe|Tapu Lele|100\/100\n|-fieldstart|move: Psychic Terrain|[from] ability: Psychic Surge|[of] p1b: Phoebe\n|move|p1a: Miami Terror|Heat Wave|p2b: Bronzong|[spread] p2a,p2b\n|-supereffective|p2a: Mawile\n|-supereffective|p2b: Bronzong\n|-damage|p2a: Mawile|0 fnt\n|-damage|p2b: Bronzong|47\/100 slp\n|-enditem|p2b: Bronzong|Weakness Policy\n|-boost|p2b: Bronzong|atk|2|[from] item: Weakness Policy\n|-boost|p2b: Bronzong|spa|2|[from] item: Weakness Policy\n|faint|p2a: Mawile\n|cant|p2b: Bronzong|slp\n|\n|upkeep\n|\n|t:|1699541561\n|switch|p2a: Diancie|Diancie, shiny|75\/100\n|turn|6\n|\n|t:|1699541570\n|switch|p1b: Bobby Lee|Smeargle, F, tera:Ghost|100\/100\n|move|p1a: Miami Terror|Giga Drain|p2a: Diancie\n|-supereffective|p2a: Diancie\n|-damage|p2a: Diancie|2\/100\n|-enditem|p2a: Diancie|Aguav Berry|[eat]\n|-heal|p2a: Diancie|35\/100|[from] item: Aguav Berry\n|-curestatus|p2b: Bronzong|slp|[msg]\n|move|p2b: Bronzong|Steel Roller|p1b: Bobby Lee\n|-enditem|p1b: Bobby Lee|Focus Sash\n|-damage|p1b: Bobby Lee|1\/100\n|-fieldend|move: Psychic Terrain\n|move|p2a: Diancie|Trick Room|p2a: Diancie\n|-fieldstart|move: Trick Room|[of] p2a: Diancie\n|\n|-ability|p1b: Bobby Lee|Moody|boost\n|-boost|p1b: Bobby Lee|atk|2\n|-unboost|p1b: Bobby Lee|def|1\n|upkeep\n|turn|7\n|\n|t:|1699541592\n|move|p1b: Bobby Lee|King's Shield|p1b: Bobby Lee\n|-singleturn|p1b: Bobby Lee|Protect\n|move|p1a: Miami Terror|Protect|p1a: Miami Terror\n|-singleturn|p1a: Miami Terror|Protect\n|move|p2b: Bronzong|Gyro Ball|p1a: Miami Terror\n|-activate|p1a: Miami Terror|move: Protect\n|move|p2a: Diancie|Diamond Storm|p1b: Bobby Lee|[spread] \n|-activate|p1a: Miami Terror|move: Protect\n|-activate|p1b: Bobby Lee|move: Protect\n|\n|-ability|p1b: Bobby Lee|Moody|boost\n|-boost|p1b: Bobby Lee|atk|2\n|-unboost|p1b: Bobby Lee|def|1\n|upkeep\n|turn|8\n|\n|t:|1699541611\n|move|p1b: Bobby Lee|Wide Guard|p1b: Bobby Lee\n|-singleturn|p1b: Bobby Lee|Wide Guard\n|move|p2b: Bronzong|Gyro Ball|p1a: Miami Terror\n|-resisted|p1a: Miami Terror\n|-damage|p1a: Miami Terror|40\/100\n|move|p2a: Diancie|Diamond Storm|p1b: Bobby Lee|[spread] \n|-activate|p1a: Miami Terror|move: Wide Guard\n|-activate|p1b: Bobby Lee|move: Wide Guard\n|move|p1a: Miami Terror|Heat Wave|p2b: Bronzong|[spread] p2a,p2b\n|-resisted|p2a: Diancie\n|-supereffective|p2b: Bronzong\n|-damage|p2a: Diancie|8\/100\n|-damage|p2b: Bronzong|0 fnt\n|faint|p2b: Bronzong\n|\n|-heal|p1a: Miami Terror|46\/100|[from] item: Leftovers\n|-ability|p1b: Bobby Lee|Moody|boost\n|-boost|p1b: Bobby Lee|spa|2\n|-unboost|p1b: Bobby Lee|atk|1\n|upkeep\n|\n|t:|1699541628\n|switch|p2b: Torkoal|Torkoal, M, shiny|100\/100\n|-weather|SunnyDay|[from] ability: Drought|[of] p2b: Torkoal\n|turn|9\n|\n|t:|1699541641\n|-terastallize|p2b: Torkoal|Fire\n|move|p1b: Bobby Lee|Wide Guard|p1b: Bobby Lee\n|-singleturn|p1b: Bobby Lee|Wide Guard\n|move|p2b: Torkoal|Eruption|p1b: Bobby Lee|[spread] \n|-activate|p1a: Miami Terror|move: Wide Guard\n|-activate|p1b: Bobby Lee|move: Wide Guard\n|move|p2a: Diancie|Moonblast|p1b: Bobby Lee\n|-damage|p1b: Bobby Lee|0 fnt\n|faint|p1b: Bobby Lee\n|move|p1a: Miami Terror|Heat Wave|p2b: Torkoal|[spread] p2a,p2b\n|-resisted|p2a: Diancie\n|-resisted|p2b: Torkoal\n|-damage|p2a: Diancie|0 fnt\n|-damage|p2b: Torkoal|41\/100\n|faint|p2a: Diancie\n|\n|-weather|SunnyDay|[upkeep]\n|-heal|p1a: Miami Terror|53\/100|[from] item: Leftovers\n|upkeep\n|\n|t:|1699541660\n|switch|p2a: Iron Hands|Iron Hands, shiny|100\/100 slp\n|switch|p1b: Lana|Tapu Fini|100\/100\n|-fieldstart|move: Misty Terrain|[from] ability: Misty Surge|[of] p1b: Lana\n|turn|10\n|\n|t:|1699541671\n|move|p1a: Miami Terror|Protect|p1a: Miami Terror\n|-singleturn|p1a: Miami Terror|Protect\n|move|p2b: Torkoal|Eruption|p1a: Miami Terror|[spread] p1b\n|-activate|p1a: Miami Terror|move: Protect\n|-resisted|p1b: Lana\n|-damage|p1b: Lana|76\/100\n|cant|p2a: Iron Hands|slp\n|move|p1b: Lana|Psych Up|p1a: Miami Terror\n|-copyboost|p1b: Lana|p1a: Miami Terror|[from] move: Psych Up\n|\n|-weather|SunnyDay|[upkeep]\n|-heal|p1a: Miami Terror|59\/100|[from] item: Leftovers\n|-fieldend|move: Trick Room\n|upkeep\n|turn|11\n|c|\u2606NosiXdda|actual hell\n|c|\u2606NosiXdda|T_T\n|\n|t:|1699541694\n|move|p1a: Miami Terror|Heat Wave|p2a: Iron Hands|[spread] p2b\n|-miss|p1a: Miami Terror|p2a: Iron Hands\n|-resisted|p2b: Torkoal\n|-damage|p2b: Torkoal|0 fnt\n|faint|p2b: Torkoal\n|move|p1b: Lana|Dazzling Gleam|p2a: Iron Hands\n|-supereffective|p2a: Iron Hands\n|-damage|p2a: Iron Hands|0 fnt\n|faint|p2a: Iron Hands\n|-end|p2a: Iron Hands|Quark Drive|[silent]\n|\n|win|Mirrrza\n|raw|Mirrrza's rating: 1499 &rarr; <strong>1509<\/strong><br \/>(+10 for winning)\n|raw|NosiXdda's rating: 1316 &rarr; <strong>1306<\/strong><br \/>(-10 for losing)\n|c|\u2606Mirrrza|im sorryyy\n|c|\u2606Mirrrza|gg\n|c|\u2606NosiXdda|gg\n|c|\u2606NosiXdda|8 years to set up one trick room\n|c|\u2606Mirrrza|lmaooo 8 yearsss\n","uploadtime":1699542039,"views":5,"p1id":"mirrrza","p2id":"nosixdda","formatid":"gen9nationaldexdoubles","rating":1306,"private":0,"password":""}