{"id":"gen9nationaldexdoubles-1991722583","p1":"kurono22","p2":"Marlene 420","format":"[Gen 9] National Dex Doubles","log":"|j|\u2606kurono22\n|j|\u2606Marlene 420\n|t:|1700107026\n|gametype|doubles\n|player|p1|kurono22|brawly|1263\n|player|p2|Marlene 420|cheryl|1223\n|teamsize|p1|6\n|teamsize|p2|6\n|gen|9\n|tier|[Gen 9] National Dex Doubles\n|rated|\n|rule|HP Percentage Mod: HP is shown in percentages\n|rule|Endless Battle Clause: Forcing endless battles is banned\n|rule|OHKO Clause: OHKO moves are banned\n|rule|Evasion Moves Clause: Evasion moves are banned\n|rule|Evasion Abilities Clause: Evasion abilities are banned\n|rule|Species Clause: Limit one of each Pok\u00e9mon\n|rule|Gravity Sleep Clause: The combination of sleep-inducing moves with imperfect accuracy and Gravity or Gigantamax Orbeetle are banned\n|clearpoke\n|poke|p1|Falinks|\n|poke|p1|Latios, M|\n|poke|p1|Kangaskhan, F|\n|poke|p1|Sinistcha-Masterpiece|\n|poke|p1|Eevee, F|\n|poke|p1|Gothitelle, M|\n|poke|p2|Pheromosa|\n|poke|p2|Diancie|\n|poke|p2|Lopunny, F|\n|poke|p2|Gardevoir, F|\n|poke|p2|Meloetta|\n|poke|p2|Hatterene, F|\n|teampreview\n|\n|t:|1700107051\n|start\n|switch|p1a: Latios|Latios, M|100\/100\n|switch|p1b: Eevee|Eevee, F|100\/100\n|switch|p2a: Lola|Lopunny, F, shiny|100\/100\n|switch|p2b: Melody|Meloetta|100\/100\n|turn|1\n|\n|t:|1700107071\n|detailschange|p2a: Lola|Lopunny-Mega, F, shiny\n|-mega|p2a: Lola|Lopunny|Lopunnite\n|move|p2a: Lola|Fake Out|p1b: Eevee\n|-damage|p1b: Eevee|62\/100\n|move|p1a: Latios|Simple Beam|p1b: Eevee\n|-endability|p1b: Eevee|Adaptability|[from] move: Simple Beam\n|-ability|p1b: Eevee|Simple|[from] move: Simple Beam\n|move|p2b: Melody|Relic Song|p1a: Latios|[spread] p1a,p1b\n|-damage|p1a: Latios|76\/100\n|-damage|p1b: Eevee|29\/100\n|-status|p1a: Latios|slp|[from] move: Relic Song\n|-formechange|p2b: Melody|Meloetta-Pirouette|[msg]\n|cant|p1b: Eevee|flinch\n|\n|upkeep\n|turn|2\n|\n|t:|1700107115\n|move|p2a: Lola|Thunder Punch|p1b: Eevee\n|-damage|p1b: Eevee|0 fnt\n|faint|p1b: Eevee\n|-zpower|p2b: Melody\n|move|p2b: Melody|Subzero Slammer|p1a: Latios|[zeffect]\n|-supereffective|p1a: Latios\n|-damage|p1a: Latios|0 fnt\n|faint|p1a: Latios\n|\n|upkeep\n|inactive|Battle timer is ON: inactive players will automatically lose when time's up. (requested by Marlene 420)\n|\n|t:|1700107139\n|switch|p1a: Kangaskhan|Kangaskhan, F|100\/100\n|switch|p1b: Falinks|Falinks|100\/100\n|turn|3\n|inactive|Marlene 420 has 120 seconds left.\n|\n|t:|1700107172\n|switch|p2b: Gardenia|Gardevoir, F|100\/100\n|-ability|p2b: Gardenia|Battle Armor|[from] ability: Trace|[of] p1b: Falinks\n|detailschange|p1a: Kangaskhan|Kangaskhan-Mega, F\n|-mega|p1a: Kangaskhan|Kangaskhan|Kangaskhanite\n|move|p1a: Kangaskhan|Fake Out|p2b: Gardenia\n|-damage|p2b: Gardenia|64\/100\n|-damage|p2b: Gardenia|55\/100\n|-hitcount|p2b: Gardenia|2\n|move|p2a: Lola|High Jump Kick|p1a: Kangaskhan\n|-supereffective|p1a: Kangaskhan\n|-damage|p1a: Kangaskhan|0 fnt\n|faint|p1a: Kangaskhan\n|move|p1b: Falinks|No Retreat|p1b: Falinks\n|-boost|p1b: Falinks|atk|1\n|-boost|p1b: Falinks|def|1\n|-boost|p1b: Falinks|spa|1\n|-boost|p1b: Falinks|spd|1\n|-boost|p1b: Falinks|spe|1\n|-start|p1b: Falinks|move: No Retreat\n|\n|upkeep\n|\n|t:|1700107191\n|switch|p1a: Gothitelle|Gothitelle, M|100\/100\n|turn|4\n|\n|t:|1700107213\n|move|p1a: Gothitelle|Fake Out|p2a: Lola\n|-damage|p2a: Lola|92\/100\n|cant|p2a: Lola|flinch\n|move|p2b: Gardenia|Moonblast|p1b: Falinks\n|-supereffective|p1b: Falinks\n|-damage|p1b: Falinks|0 fnt\n|faint|p1b: Falinks\n|\n|upkeep\n|\n|t:|1700107223\n|switch|p1b: Sinistcha|Sinistcha-Masterpiece|100\/100\n|turn|5\n|\n|t:|1700107236\n|-terastallize|p1b: Sinistcha|Grass\n|move|p2a: Lola|High Jump Kick|p1b: Sinistcha\n|-damage|p1b: Sinistcha|31\/100\n|-enditem|p1b: Sinistcha|Sitrus Berry|[eat]\n|-heal|p1b: Sinistcha|56\/100|[from] item: Sitrus Berry\n|move|p2b: Gardenia|Moonblast|p1a: Gothitelle\n|-damage|p1a: Gothitelle|66\/100\n|move|p1b: Sinistcha|Matcha Gotcha|p2a: Lola|[spread] p2a,p2b\n|-crit|p2a: Lola\n|-damage|p2a: Lola|8\/100\n|-heal|p1b: Sinistcha|89\/100|[from] drain|[of] p2a: Lola\n|-damage|p2b: Gardenia|8\/100\n|-heal|p1b: Sinistcha|100\/100|[from] drain|[of] p2b: Gardenia\n|move|p1a: Gothitelle|Heal Bell||[still]\n|-activate|p1a: Gothitelle|move: Heal Bell\n|-fail|p1a: Gothitelle\n|\n|-heal|p1a: Gothitelle|72\/100|[from] item: Leftovers\n|upkeep\n|turn|6\n|\n|t:|1700107265\n|move|p1a: Gothitelle|Protect|p1a: Gothitelle\n|-singleturn|p1a: Gothitelle|Protect\n|move|p2a: Lola|Fire Punch|p1b: Sinistcha\n|-supereffective|p1b: Sinistcha\n|-damage|p1b: Sinistcha|51\/100\n|move|p2b: Gardenia|Moonblast|p1b: Sinistcha\n|-damage|p1b: Sinistcha|0 fnt\n|faint|p1b: Sinistcha\n|\n|-heal|p1a: Gothitelle|78\/100|[from] item: Leftovers\n|upkeep\n|turn|7\n|-message|kurono22 forfeited.\n|\n|win|Marlene 420\n|raw|kurono22's rating: 1263 &rarr; <strong>1235<\/strong><br \/>(-28 for losing)\n|raw|Marlene 420's rating: 1223 &rarr; <strong>1251<\/strong><br \/>(+28 for winning)\n|c|\u2606kurono22|GG\n|c|\u2606kurono22|Buen team\n|l|\u2606kurono22\n","uploadtime":1700107443,"views":5,"p1id":"kurono22","p2id":"marlene420","formatid":"gen9nationaldexdoubles","rating":1235,"private":0,"password":""}