{"id":"gen9nationaldexdoubles-1965003503","p1":"haakloong","p2":"Chumpette","format":"[Gen 9] National Dex Doubles","log":"|j|\u2606haakloong\n|j|\u2606Chumpette\n|t:|1697034810\n|gametype|doubles\n|player|p1|haakloong|265|\n|player|p2|Chumpette|265|\n|teamsize|p1|6\n|teamsize|p2|6\n|gen|9\n|tier|[Gen 9] National Dex Doubles\n|rule|HP Percentage Mod: HP is shown in percentages\n|rule|Endless Battle Clause: Forcing endless battles is banned\n|rule|OHKO Clause: OHKO moves are banned\n|rule|Evasion Moves Clause: Evasion moves are banned\n|rule|Evasion Abilities Clause: Evasion abilities are banned\n|rule|Species Clause: Limit one of each Pok\u00e9mon\n|rule|Gravity Sleep Clause: The combination of sleep-inducing moves with imperfect accuracy and Gravity or Gigantamax Orbeetle are banned\n|clearpoke\n|poke|p1|Goodra-Hisui, F|\n|poke|p1|Lucario, M|\n|poke|p1|Skarmory, F|\n|poke|p1|Ninetales-Alola, F|\n|poke|p1|Cloyster, F|\n|poke|p1|Aggron, F|\n|poke|p2|Ninetales-Alola, M|\n|poke|p2|Togekiss, F|\n|poke|p2|Vanilluxe, F|\n|poke|p2|Cloyster, M|\n|poke|p2|Jolteon, M|\n|poke|p2|Sandslash-Alola, M|\n|teampreview\n|j| Clabeh\n|\n|t:|1697034850\n|start\n|switch|p1a: Aggron|Aggron, F|100\/100\n|switch|p1b: Skarmory|Skarmory, F, shiny|100\/100\n|switch|p2a: The Messiah|Sandslash-Alola, M|100\/100\n|switch|p2b: Sycophant|Togekiss, F|100\/100\n|turn|1\n|\n|t:|1697034877\n|move|p2a: The Messiah|Swords Dance|p2a: The Messiah\n|-boost|p2a: The Messiah|atk|2\n|move|p2b: Sycophant|Air Slash|p1a: Aggron\n|-resisted|p1a: Aggron\n|-damage|p1a: Aggron|89\/100\n|move|p1b: Skarmory|Body Press|p2b: Sycophant\n|-resisted|p2b: Sycophant\n|-crit|p2b: Sycophant\n|-damage|p2b: Sycophant|90\/100\n|-damage|p1b: Skarmory|84\/100|[from] item: Rocky Helmet|[of] p2b: Sycophant\n|move|p1a: Aggron|Heavy Slam|p2a: The Messiah\n|-damage|p2a: The Messiah|53\/100\n|\n|upkeep\n|turn|2\n|\n|t:|1697034913\n|move|p2a: The Messiah|Brick Break|p1a: Aggron\n|-supereffective|p1a: Aggron\n|-damage|p1a: Aggron|4\/100\n|move|p2b: Sycophant|Air Slash|p1b: Skarmory\n|-resisted|p1b: Skarmory\n|-damage|p1b: Skarmory|65\/100\n|cant|p1b: Skarmory|flinch\n|move|p1a: Aggron|Heavy Slam|p2a: The Messiah\n|-damage|p2a: The Messiah|1\/100\n|\n|upkeep\n|turn|3\n|\n|t:|1697034931\n|move|p2a: The Messiah|Brick Break|p1a: Aggron\n|-supereffective|p1a: Aggron\n|-damage|p1a: Aggron|0 fnt\n|faint|p1a: Aggron\n|move|p2b: Sycophant|Air Slash|p1b: Skarmory\n|-resisted|p1b: Skarmory\n|-damage|p1b: Skarmory|47\/100\n|move|p1b: Skarmory|Body Press|p2a: The Messiah\n|-supereffective|p2a: The Messiah\n|-damage|p2a: The Messiah|0 fnt\n|faint|p2a: The Messiah\n|\n|upkeep\n|\n|t:|1697034949\n|switch|p2a: Winter|Ninetales-Alola, M|100\/100\n|switch|p1a: Lucario|Lucario, M|100\/100\n|-weather|Snow|[from] ability: Snow Warning|[of] p2a: Winter\n|turn|4\n|\n|t:|1697034958\n|move|p2a: Winter|Blizzard|p1a: Lucario|[spread] p1a,p1b\n|-resisted|p1a: Lucario\n|-damage|p1a: Lucario|75\/100\n|-damage|p1b: Skarmory|6\/100\n|move|p1a: Lucario|Close Combat|p2a: Winter\n|-damage|p2a: Winter|35\/100\n|-unboost|p1a: Lucario|def|1\n|-unboost|p1a: Lucario|spd|1\n|move|p2b: Sycophant|Air Slash|p1a: Lucario\n|-damage|p1a: Lucario|0 fnt\n|faint|p1a: Lucario\n|move|p1b: Skarmory|Roost|p1b: Skarmory\n|-heal|p1b: Skarmory|56\/100\n|-singleturn|p1b: Skarmory|move: Roost\n|\n|-weather|Snow|[upkeep]\n|upkeep\n|\n|t:|1697034974\n|switch|p1a: Cloyster|Cloyster, F, shiny|100\/100\n|turn|5\n|\n|t:|1697034999\n|move|p2b: Sycophant|Follow Me|p2b: Sycophant\n|-singleturn|p2b: Sycophant|move: Follow Me\n|move|p2a: Winter|Blizzard|p1b: Skarmory|[spread] p1a,p1b\n|-resisted|p1a: Cloyster\n|-damage|p1a: Cloyster|83\/100\n|-damage|p1b: Skarmory|18\/100\n|move|p1b: Skarmory|Body Press|p2b: Sycophant\n|-resisted|p2b: Sycophant\n|-damage|p2b: Sycophant|83\/100\n|-damage|p1b: Skarmory|1\/100|[from] item: Rocky Helmet|[of] p2b: Sycophant\n|move|p1a: Cloyster|Icicle Spear|p2b: Sycophant\n|-supereffective|p2b: Sycophant\n|-damage|p2b: Sycophant|55\/100\n|-supereffective|p2b: Sycophant\n|-crit|p2b: Sycophant\n|-damage|p2b: Sycophant|16\/100\n|-supereffective|p2b: Sycophant\n|-damage|p2b: Sycophant|0 fnt\n|faint|p2b: Sycophant\n|-hitcount|p2: Sycophant|3\n|\n|-weather|Snow|[upkeep]\n|upkeep\n|\n|t:|1697035016\n|switch|p2b: MC Hammer|Jolteon, M|100\/100\n|turn|6\n|\n|t:|1697035023\n|move|p2b: MC Hammer|Thunderbolt|p1a: Cloyster\n|-supereffective|p1a: Cloyster\n|-damage|p1a: Cloyster|0 fnt\n|faint|p1a: Cloyster\n|move|p2a: Winter|Blizzard|p1b: Skarmory\n|-crit|p1b: Skarmory\n|-damage|p1b: Skarmory|0 fnt\n|faint|p1b: Skarmory\n|\n|-weather|Snow|[upkeep]\n|upkeep\n|\n|t:|1697035032\n|switch|p1b: Goodra|Goodra-Hisui, F|100\/100\n|switch|p1a: Ninetales|Ninetales-Alola, F|100\/100\n|turn|7\n|\n|t:|1697035061\n|move|p2b: MC Hammer|Thunderbolt|p1a: Ninetales\n|-damage|p1a: Ninetales|52\/100\n|move|p1a: Ninetales|Weather Ball|p2a: Winter\n|-resisted|p2a: Winter\n|-damage|p2a: Winter|9\/100\n|move|p2a: Winter|Blizzard|p1b: Goodra|[spread] p1a,p1b\n|-resisted|p1a: Ninetales\n|-damage|p1a: Ninetales|35\/100\n|-damage|p1b: Goodra|80\/100\n|move|p1b: Goodra|Body Press|p2a: Winter\n|-damage|p2a: Winter|0 fnt\n|faint|p2a: Winter\n|\n|-weather|Snow|[upkeep]\n|-heal|p1b: Goodra|86\/100|[from] item: Leftovers\n|upkeep\n|\n|t:|1697035095\n|switch|p2a: Vanilla Ice|Vanilluxe, F|100\/100\n|turn|8\n|\n|t:|1697035112\n|move|p2b: MC Hammer|Thunderbolt|p1a: Ninetales\n|-damage|p1a: Ninetales|0 fnt\n|faint|p1a: Ninetales\n|move|p2a: Vanilla Ice|Blizzard|p1b: Goodra\n|-damage|p1b: Goodra|49\/100\n|move|p1b: Goodra|Draco Meteor|p2b: MC Hammer\n|-damage|p2b: MC Hammer|10\/100\n|-unboost|p1b: Goodra|spa|2\n|\n|-weather|Snow|[upkeep]\n|-heal|p1b: Goodra|55\/100|[from] item: Leftovers\n|upkeep\n|turn|9\n|\n|t:|1697035129\n|move|p2b: MC Hammer|Thunder Wave|p1b: Goodra\n|-status|p1b: Goodra|par\n|move|p2a: Vanilla Ice|Blizzard|p1b: Goodra\n|-damage|p1b: Goodra|18\/100 par\n|cant|p1b: Goodra|par\n|\n|-weather|Snow|[upkeep]\n|-heal|p1b: Goodra|24\/100 par|[from] item: Leftovers\n|upkeep\n|turn|10\n|\n|t:|1697035139\n|move|p2b: MC Hammer|Thunderbolt|p1b: Goodra\n|-resisted|p1b: Goodra\n|-damage|p1b: Goodra|10\/100 par\n|move|p2a: Vanilla Ice|Blizzard|p1b: Goodra\n|-damage|p1b: Goodra|0 fnt\n|faint|p1b: Goodra\n|\n|win|Chumpette\n","uploadtime":1697035147,"views":11,"p1id":"haakloong","p2id":"chumpette","formatid":"gen9nationaldexdoubles","rating":0,"private":0,"password":""}