{"id":"gen9nationaldexdoubles-1981276520","p1":"Beyond Subzero","p2":"Trainer Pyrus","format":"[Gen 9] National Dex Doubles","log":"|j|\u2606Beyond Subzero\n|j|\u2606Trainer Pyrus\n|t:|1698878886\n|gametype|doubles\n|player|p1|Beyond Subzero|bruno|1330\n|player|p2|Trainer Pyrus|n-masters|1179\n|teamsize|p1|6\n|teamsize|p2|6\n|gen|9\n|tier|[Gen 9] National Dex Doubles\n|rated|\n|rule|HP Percentage Mod: HP is shown in percentages\n|rule|Endless Battle Clause: Forcing endless battles is banned\n|rule|OHKO Clause: OHKO moves are banned\n|rule|Evasion Moves Clause: Evasion moves are banned\n|rule|Evasion Abilities Clause: Evasion abilities are banned\n|rule|Species Clause: Limit one of each Pok\u00e9mon\n|rule|Gravity Sleep Clause: The combination of sleep-inducing moves with imperfect accuracy and Gravity or Gigantamax Orbeetle are banned\n|clearpoke\n|poke|p1|Kyurem-Black|\n|poke|p1|Tapu Koko|\n|poke|p1|Scizor, M|\n|poke|p1|Marshadow|\n|poke|p1|Volcanion|\n|poke|p1|Ninetales-Alola, F|\n|poke|p2|Infernape, M|\n|poke|p2|Golurk|\n|poke|p2|Scizor, F|\n|poke|p2|Lapras, F|\n|poke|p2|Salamence, M|\n|poke|p2|Farigiraf, F|\n|teampreview\n|inactive|Battle timer is ON: inactive players will automatically lose when time's up. (requested by Beyond Subzero)\n|c|\u2606Trainer Pyrus|glhf\n|\n|t:|1698878896\n|start\n|switch|p1a: Tapu Koko|Tapu Koko|100\/100\n|switch|p1b: Kyurem|Kyurem-Black, shiny|100\/100\n|switch|p2a: Wukong|Infernape, M|100\/100\n|switch|p2b: Eve|Farigiraf, F, shiny|100\/100\n|-fieldstart|move: Electric Terrain|[from] ability: Electric Surge|[of] p1a: Tapu Koko\n|-ability|p1b: Kyurem|Teravolt\n|turn|1\n|\n|t:|1698878916\n|move|p2a: Wukong|Fake Out|p1a: Tapu Koko\n|-damage|p1a: Tapu Koko|89\/100\n|cant|p1a: Tapu Koko|flinch\n|move|p1b: Kyurem|Dragon Dance|p1b: Kyurem\n|-boost|p1b: Kyurem|atk|1\n|-boost|p1b: Kyurem|spe|1\n|move|p2b: Eve|Trick Room|p2b: Eve\n|-fieldstart|move: Trick Room|[of] p2b: Eve\n|\n|upkeep\n|turn|2\n|\n|t:|1698878932\n|-terastallize|p1b: Kyurem|Electric\n|move|p2b: Eve|Nasty Plot|p2b: Eve\n|-boost|p2b: Eve|spa|2\n|move|p2a: Wukong|Heat Wave|p1a: Tapu Koko|[spread] p1a,p1b\n|-damage|p1a: Tapu Koko|52\/100\n|-damage|p1b: Kyurem|68\/100\n|move|p1a: Tapu Koko|Sky Drop||[still]\n|-prepare|p1a: Tapu Koko|Sky Drop|p2a: Wukong\n|move|p1b: Kyurem|Fusion Bolt|p2b: Eve\n|-damage|p2b: Eve|0 fnt\n|faint|p2b: Eve\n|\n|upkeep\n|\n|t:|1698878943\n|switch|p2b: Elric|Golurk, shiny|100\/100\n|turn|3\n|\n|t:|1698878957\n|move|p2b: Elric|High Horsepower|p1b: Kyurem\n|-supereffective|p1b: Kyurem\n|-damage|p1b: Kyurem|0 fnt\n|faint|p1b: Kyurem\n|move|p1a: Tapu Koko|Sky Drop|p2a: Wukong|[from]lockedmove\n|-supereffective|p2a: Wukong\n|-damage|p2a: Wukong|55\/100\n|-end|p2a: Wukong|Sky Drop\n|\n|upkeep\n|\n|t:|1698878969\n|switch|p1b: Volcanion|Volcanion|100\/100\n|turn|4\n|\n|t:|1698878976\n|move|p2b: Elric|High Horsepower|p1b: Volcanion\n|-supereffective|p1b: Volcanion\n|-damage|p1b: Volcanion|0 fnt\n|faint|p1b: Volcanion\n|move|p2a: Wukong|Heat Wave|p1a: Tapu Koko\n|-damage|p1a: Tapu Koko|3\/100\n|-enditem|p1a: Tapu Koko|Sitrus Berry|[eat]\n|-heal|p1a: Tapu Koko|28\/100|[from] item: Sitrus Berry\n|move|p1a: Tapu Koko|Volt Switch|p2a: Wukong\n|-damage|p2a: Wukong|6\/100\n|\n|t:|1698878989\n|switch|p1a: Marshadow|Marshadow|100\/100|[from] Volt Switch\n|\n|upkeep\n|\n|t:|1698878992\n|switch|p1b: Kitsune|Ninetales-Alola, F|100\/100\n|-weather|Snow|[from] ability: Snow Warning|[of] p1b: Kitsune\n|turn|5\n|\n|t:|1698879003\n|move|p1a: Marshadow|Protect|p1a: Marshadow\n|-singleturn|p1a: Marshadow|Protect\n|move|p2b: Elric|High Horsepower|p1b: Kitsune\n|-damage|p1b: Kitsune|38\/100\n|move|p2a: Wukong|Heat Wave|p1a: Marshadow|[spread] p1b\n|-activate|p1a: Marshadow|move: Protect\n|-supereffective|p1b: Kitsune\n|-damage|p1b: Kitsune|0 fnt\n|faint|p1b: Kitsune\n|\n|-weather|Snow|[upkeep]\n|-fieldend|move: Trick Room\n|-fieldend|move: Electric Terrain\n|upkeep\n|\n|t:|1698879015\n|switch|p1b: Scizor|Scizor, M|100\/100\n|turn|6\n|\n|t:|1698879027\n|switch|p2a: Typhon|Salamence, M|100\/100\n|-ability|p2a: Typhon|Intimidate|boost\n|-unboost|p1a: Marshadow|atk|1\n|-unboost|p1b: Scizor|atk|1\n|detailschange|p1b: Scizor|Scizor-Mega, M\n|-mega|p1b: Scizor|Scizor|Scizorite\n|move|p1b: Scizor|Bullet Punch|p2a: Typhon\n|-damage|p2a: Typhon|71\/100\n|-zpower|p1a: Marshadow\n|move|p1a: Marshadow|Soul-Stealing 7-Star Strike|p2b: Elric|[zeffect]\n|-supereffective|p2b: Elric\n|-crit|p2b: Elric\n|-damage|p2b: Elric|0 fnt\n|faint|p2b: Elric\n|\n|-weather|Snow|[upkeep]\n|upkeep\n|\n|t:|1698879043\n|switch|p2b: Hippolyta|Scizor, F|100\/100\n|turn|7\n|\n|t:|1698879065\n|-terastallize|p2a: Typhon|Fire\n|move|p1a: Marshadow|Protect|p1a: Marshadow\n|-singleturn|p1a: Marshadow|Protect\n|move|p2a: Typhon|Tera Blast|p1b: Scizor|[anim] Tera Blast Fire\n|-supereffective|p1b: Scizor\n|-damage|p1b: Scizor|0 fnt\n|faint|p1b: Scizor\n|-damage|p2a: Typhon|61\/100|[from] item: Life Orb\n|move|p2b: Hippolyta|Tailwind|p2b: Hippolyta\n|-sidestart|p2: Trainer Pyrus|move: Tailwind\n|\n|-weather|Snow|[upkeep]\n|upkeep\n|\n|t:|1698879075\n|switch|p1b: Tapu Koko|Tapu Koko|28\/100\n|-fieldstart|move: Electric Terrain|[from] ability: Electric Surge|[of] p1b: Tapu Koko\n|turn|8\n|\n|t:|1698879088\n|move|p2b: Hippolyta|Bullet Punch|p1b: Tapu Koko\n|-damage|p1b: Tapu Koko|0 fnt\n|faint|p1b: Tapu Koko\n|move|p2a: Typhon|Tera Blast|p1a: Marshadow|[anim] Tera Blast Fire\n|-damage|p1a: Marshadow|18\/100\n|-damage|p2a: Typhon|51\/100|[from] item: Life Orb\n|move|p1a: Marshadow|Spectral Thief|p2a: Typhon\n|-damage|p2a: Typhon|10\/100\n|\n|-weather|Snow|[upkeep]\n|upkeep\n|turn|9\n|\n|t:|1698879098\n|move|p1a: Marshadow|Shadow Sneak|p2a: Typhon\n|-damage|p2a: Typhon|0 fnt\n|faint|p2a: Typhon\n|move|p2b: Hippolyta|Bullet Punch|p1a: Marshadow\n|-damage|p1a: Marshadow|0 fnt\n|faint|p1a: Marshadow\n|\n|win|Trainer Pyrus\n|raw|Beyond Subzero's rating: 1330 &rarr; <strong>1302<\/strong><br \/>(-28 for losing)\n|raw|Trainer Pyrus's rating: 1179 &rarr; <strong>1214<\/strong><br \/>(+35 for winning)\n|c|\u2606Trainer Pyrus|Gg\n","uploadtime":1698879107,"views":14,"p1id":"beyondsubzero","p2id":"trainerpyrus","formatid":"gen9nationaldexdoubles","rating":1214,"private":0,"password":""}