{"id":"gen9nationaldexdoubles-1995244580","p1":"Brick_Enjoyer_144","p2":"whenthetheyouknow","format":"[Gen 9] National Dex Doubles","log":"|j|\u2606Brick_Enjoyer_144\n|j|\u2606whenthetheyouknow\n|t:|1700539351\n|gametype|doubles\n|player|p1|Brick_Enjoyer_144|shauntal|\n|player|p2|whenthetheyouknow|nanu|\n|teamsize|p1|6\n|teamsize|p2|6\n|gen|9\n|tier|[Gen 9] National Dex Doubles\n|rule|HP Percentage Mod: HP is shown in percentages\n|rule|Endless Battle Clause: Forcing endless battles is banned\n|rule|OHKO Clause: OHKO moves are banned\n|rule|Evasion Moves Clause: Evasion moves are banned\n|rule|Evasion Abilities Clause: Evasion abilities are banned\n|rule|Species Clause: Limit one of each Pok\u00e9mon\n|rule|Gravity Sleep Clause: The combination of sleep-inducing moves with imperfect accuracy and Gravity or Gigantamax Orbeetle are banned\n|clearpoke\n|poke|p1|Houndoom, F|\n|poke|p1|Skarmory, M|\n|poke|p1|Lucario, M|\n|poke|p1|Palafin, M|\n|poke|p1|Sinistcha-Masterpiece|\n|poke|p1|Roaring Moon|\n|poke|p2|Xurkitree|\n|poke|p2|Sceptile, M|\n|poke|p2|Tapu Koko|\n|poke|p2|Zygarde|\n|poke|p2|Basculegion, M|\n|poke|p2|Sneasler, F|\n|teampreview\n|inactive|Battle timer is ON: inactive players will automatically lose when time's up. (requested by Brick_Enjoyer_144)\n|\n|t:|1700539360\n|start\n|switch|p1a: Skarmory|Skarmory, M|100\/100\n|switch|p1b: Palafin|Palafin, M|100\/100\n|switch|p2a: Xurkitree|Xurkitree|100\/100\n|switch|p2b: Tapu Koko|Tapu Koko|100\/100\n|-fieldstart|move: Electric Terrain|[from] ability: Electric Surge|[of] p2b: Tapu Koko\n|turn|1\n|\n|t:|1700539382\n|detailschange|p1b: Palafin|Palafin-Hero, M\n|switch|p1b: Sinistcha|Sinistcha-Masterpiece|100\/100\n|move|p2b: Tapu Koko|Taunt|p1a: Skarmory\n|-start|p1a: Skarmory|move: Taunt\n|move|p2a: Xurkitree|Tail Glow|p2a: Xurkitree\n|-boost|p2a: Xurkitree|spa|3\n|cant|p1a: Skarmory|move: Taunt|Stealth Rock\n|\n|upkeep\n|turn|2\n|\n|t:|1700539400\n|move|p2b: Tapu Koko|Light Screen|p2b: Tapu Koko\n|-sidestart|p2: whenthetheyouknow|move: Light Screen\n|move|p2a: Xurkitree|Discharge|p1b: Sinistcha|[spread] p2b,p1a,p1b\n|-resisted|p2b: Tapu Koko\n|-supereffective|p1a: Skarmory\n|-resisted|p1b: Sinistcha\n|-damage|p2b: Tapu Koko|49\/100\n|-ability|p1a: Skarmory|Sturdy\n|-damage|p1a: Skarmory|1\/100\n|-damage|p1b: Sinistcha|25\/100\n|move|p1a: Skarmory|Pursuit|p2a: Xurkitree\n|-damage|p2a: Xurkitree|89\/100\n|move|p1b: Sinistcha|Matcha Gotcha|p2a: Xurkitree|[spread] p2b\n|-miss|p1b: Sinistcha|p2a: Xurkitree\n|-damage|p2b: Tapu Koko|22\/100\n|-heal|p1b: Sinistcha|39\/100|[from] drain|[of] p2b: Tapu Koko\n|\n|-heal|p1a: Skarmory|7\/100|[from] item: Leftovers\n|-heal|p1b: Sinistcha|45\/100|[from] item: Leftovers\n|upkeep\n|turn|3\n|\n|t:|1700539429\n|move|p2b: Tapu Koko|U-turn|p1a: Skarmory\n|-resisted|p1a: Skarmory\n|-crit|p1a: Skarmory\n|-damage|p1a: Skarmory|3\/100\n|-activate|p2b: Tapu Koko|move: Pursuit\n|move|p1a: Skarmory|Pursuit|p2b: Tapu Koko|[from]Pursuit\n|-resisted|p2b: Tapu Koko\n|-damage|p2b: Tapu Koko|13\/100\n|\n|t:|1700539436\n|switch|p2b: Zygarde|Zygarde|100\/100|[from] U-turn\n|-ability|p2b: Zygarde|Aura Break\n|move|p2a: Xurkitree|Discharge|p1b: Sinistcha|[spread] p1a,p1b\n|-immune|p2b: Zygarde\n|-supereffective|p1a: Skarmory\n|-resisted|p1b: Sinistcha\n|-damage|p1a: Skarmory|0 fnt\n|-damage|p1b: Sinistcha|0 fnt\n|faint|p1a: Skarmory\n|faint|p1b: Sinistcha\n|-ability|p2a: Xurkitree|Beast Boost|boost\n|-boost|p2a: Xurkitree|spa|2\n|\n|upkeep\n|\n|t:|1700539456\n|switch|p1a: Palafin|Palafin-Hero, M|100\/100\n|switch|p1b: Roaring Moon|Roaring Moon|100\/100\n|-activate|p1a: Palafin|ability: Zero to Hero\n|turn|4\n|\n|t:|1700539473\n|move|p2a: Xurkitree|Endure|p2a: Xurkitree\n|-singleturn|p2a: Xurkitree|move: Endure\n|move|p1a: Palafin|Jet Punch|p2a: Xurkitree\n|-damage|p2a: Xurkitree|39\/100\n|move|p1b: Roaring Moon|U-turn|p2a: Xurkitree\n|-damage|p2a: Xurkitree|2\/100\n|-enditem|p2a: Xurkitree|Salac Berry|[eat]\n|-boost|p2a: Xurkitree|spe|1|[from] item: Salac Berry\n|inactive|Brick_Enjoyer_144 has 270 seconds left.\n|\n|t:|1700539498\n|-end|p1b: Roaring Moon|Protosynthesis|[silent]\n|switch|p1b: Lucario|Lucario, M|100\/100|[from] U-turn\n|move|p2b: Zygarde|Thousand Arrows|p1b: Lucario|[spread] p1a,p1b\n|-supereffective|p1b: Lucario\n|-damage|p1a: Palafin|66\/100\n|-damage|p1b: Lucario|4\/100\n|\n|upkeep\n|turn|5\n|\n|t:|1700539522\n|move|p2a: Xurkitree|Endure||[still]\n|-fail|p2a: Xurkitree\n|move|p1b: Lucario|Extreme Speed|p2a: Xurkitree\n|-damage|p2a: Xurkitree|0 fnt\n|faint|p2a: Xurkitree\n|-damage|p1b: Lucario|0 fnt|[from] item: Life Orb\n|faint|p1b: Lucario\n|move|p1a: Palafin|Ice Punch|p2b: Zygarde\n|-supereffective|p2b: Zygarde\n|-damage|p2b: Zygarde|13\/100\n|move|p2b: Zygarde|Thousand Arrows|p1a: Palafin\n|-damage|p1a: Palafin|25\/100\n|\n|-heal|p2b: Zygarde|19\/100|[from] item: Leftovers\n|-fieldend|move: Electric Terrain\n|upkeep\n|\n|t:|1700539546\n|switch|p1b: Houndoom|Houndoom, F|100\/100\n|switch|p2a: Tapu Koko|Tapu Koko|13\/100\n|-fieldstart|move: Electric Terrain|[from] ability: Electric Surge|[of] p2a: Tapu Koko\n|turn|6\n|\n|t:|1700539571\n|detailschange|p1b: Houndoom|Houndoom-Mega, F\n|-mega|p1b: Houndoom|Houndoom|Houndoominite\n|move|p1a: Palafin|Jet Punch|p2a: Tapu Koko\n|-damage|p2a: Tapu Koko|0 fnt\n|faint|p2a: Tapu Koko\n|move|p1b: Houndoom|Dark Pulse|p2b: Zygarde\n|-damage|p2b: Zygarde|0 fnt\n|faint|p2b: Zygarde\n|\n|upkeep\n|\n|t:|1700539579\n|switch|p2a: Basculegion|Basculegion, M|100\/100\n|switch|p2b: Sneasler|Sneasler, F|100\/100\n|-enditem|p2b: Sneasler|Electric Seed\n|-boost|p2b: Sneasler|def|1|[from] item: Electric Seed\n|turn|7\n|\n|t:|1700539600\n|move|p1a: Palafin|Jet Punch|p2b: Sneasler\n|-damage|p2b: Sneasler|61\/100\n|move|p2b: Sneasler|Acrobatics|p1a: Palafin\n|-damage|p1a: Palafin|0 fnt\n|faint|p1a: Palafin\n|move|p2a: Basculegion|Flip Turn|p1b: Houndoom\n|-supereffective|p1b: Houndoom\n|-damage|p1b: Houndoom|3\/100\n|\n|t:|1700539608\n|switch|p2a: Sceptile|Sceptile, M|100\/100|[from] Flip Turn\n|move|p1b: Houndoom|Dark Pulse|p2a: Sceptile\n|-damage|p2a: Sceptile|60\/100\n|\n|upkeep\n|\n|t:|1700539616\n|switch|p1a: Roaring Moon|Roaring Moon|100\/100\n|turn|8\n|\n|t:|1700539642\n|-terastallize|p2b: Sneasler|Flying\n|move|p2b: Sneasler|Acrobatics|p1b: Houndoom\n|-damage|p1b: Houndoom|0 fnt\n|faint|p1b: Houndoom\n|move|p1a: Roaring Moon|Knock Off|p2a: Sceptile\n|-damage|p2a: Sceptile|0 fnt\n|faint|p2a: Sceptile\n|\n|upkeep\n|\n|t:|1700539650\n|switch|p2a: Basculegion|Basculegion, M|100\/100\n|turn|9\n|\n|t:|1700539662\n|move|p2b: Sneasler|Close Combat|p1a: Roaring Moon\n|-supereffective|p1a: Roaring Moon\n|-damage|p1a: Roaring Moon|0 fnt\n|-unboost|p2b: Sneasler|def|1\n|-unboost|p2b: Sneasler|spd|1\n|faint|p1a: Roaring Moon\n|-end|p1a: Roaring Moon|Protosynthesis|[silent]\n|\n|win|whenthetheyouknow\n","uploadtime":1700539672,"views":1,"p1id":"brickenjoyer144","p2id":"whenthetheyouknow","formatid":"gen9nationaldexdoubles","rating":0,"private":0,"password":""}