{"id":"gen9nationaldexdoubles-1969049303","p1":"Yu hung lo","p2":"Denvah_17","format":"[Gen 9] National Dex Doubles","log":"|j|\u2606Yu hung lo\n|j|\u2606Denvah_17\n|t:|1697485707\n|gametype|doubles\n|player|p1|Yu hung lo|janitor|1420\n|player|p2|Denvah_17|alder|1418\n|teamsize|p1|6\n|teamsize|p2|6\n|gen|9\n|tier|[Gen 9] National Dex Doubles\n|rated|\n|rule|HP Percentage Mod: HP is shown in percentages\n|rule|Endless Battle Clause: Forcing endless battles is banned\n|rule|OHKO Clause: OHKO moves are banned\n|rule|Evasion Moves Clause: Evasion moves are banned\n|rule|Evasion Abilities Clause: Evasion abilities are banned\n|rule|Species Clause: Limit one of each Pok\u00e9mon\n|rule|Gravity Sleep Clause: The combination of sleep-inducing moves with imperfect accuracy and Gravity or Gigantamax Orbeetle are banned\n|clearpoke\n|poke|p1|Lucario, M|\n|poke|p1|Landorus-Therian, M|\n|poke|p1|Grimmsnarl, M|\n|poke|p1|Incineroar, F|\n|poke|p1|Rillaboom, F|\n|poke|p1|Primarina, F|\n|poke|p2|Sinistcha-Masterpiece|\n|poke|p2|Diancie|\n|poke|p2|Okidogi, M|\n|poke|p2|Ursaluna-Bloodmoon, M|\n|poke|p2|Volcanion|\n|poke|p2|Golisopod, M|\n|teampreview\n|inactive|Battle timer is ON: inactive players will automatically lose when time's up. (requested by Yu hung lo)\n|inactive|Denvah_17 has 120 seconds left.\n|\n|t:|1697485752\n|start\n|switch|p1a: Rillaboom|Rillaboom, F|100\/100\n|switch|p1b: Lucario|Lucario, M|100\/100\n|switch|p2a: Rihanna|Diancie, shiny|100\/100\n|switch|p2b: Zombie Dust|Okidogi, M|100\/100\n|-fieldstart|move: Grassy Terrain|[from] ability: Grassy Surge|[of] p1a: Rillaboom\n|turn|1\n|\n|t:|1697485764\n|detailschange|p1b: Lucario|Lucario-Mega, M\n|-mega|p1b: Lucario|Lucario|Lucarionite\n|move|p1a: Rillaboom|Fake Out|p2b: Zombie Dust\n|-damage|p2b: Zombie Dust|90\/100\n|move|p1b: Lucario|Swords Dance|p1b: Lucario\n|-boost|p1b: Lucario|atk|2\n|cant|p2b: Zombie Dust|flinch\n|move|p2a: Rihanna|Trick Room|p2a: Rihanna\n|-fieldstart|move: Trick Room|[of] p2a: Rihanna\n|\n|-heal|p2b: Zombie Dust|96\/100|[from] Grassy Terrain\n|upkeep\n|turn|2\n|\n|t:|1697485791\n|move|p1b: Lucario|Bullet Punch|p2a: Rihanna\n|-supereffective|p2a: Rihanna\n|-damage|p2a: Rihanna|0 fnt\n|faint|p2a: Rihanna\n|move|p1a: Rillaboom|U-turn|p2b: Zombie Dust\n|-resisted|p2b: Zombie Dust\n|-damage|p2b: Zombie Dust|90\/100\n|\n|t:|1697485799\n|switch|p1a: Grimmsnarl|Grimmsnarl, M|100\/100|[from] U-turn\n|move|p2b: Zombie Dust|Gunk Shot|p1a: Grimmsnarl\n|-supereffective|p1a: Grimmsnarl\n|-damage|p1a: Grimmsnarl|0 fnt\n|faint|p1a: Grimmsnarl\n|\n|-heal|p2b: Zombie Dust|97\/100|[from] Grassy Terrain\n|upkeep\n|\n|t:|1697485810\n|switch|p2a: Careless Whisper|Volcanion|100\/100\n|switch|p1a: Rillaboom|Rillaboom, F|100\/100\n|turn|3\n|inactive|Yu hung lo has 120 seconds left.\n|\n|t:|1697485853\n|-terastallize|p2a: Careless Whisper|Fire\n|-terastallize|p1a: Rillaboom|Water\n|move|p1a: Rillaboom|Fake Out|p2a: Careless Whisper\n|-damage|p2a: Careless Whisper|90\/100\n|cant|p2a: Careless Whisper|flinch\n|move|p2b: Zombie Dust|Knock Off|p1a: Rillaboom\n|-damage|p1a: Rillaboom|66\/100\n|-enditem|p1a: Rillaboom|Assault Vest|[from] move: Knock Off|[of] p2b: Zombie Dust\n|move|p1b: Lucario|Drain Punch|p2a: Careless Whisper\n|-damage|p2a: Careless Whisper|10\/100\n|\n|-heal|p2a: Careless Whisper|16\/100|[from] Grassy Terrain\n|-heal|p2a: Careless Whisper|23\/100|[from] item: Leftovers\n|-heal|p1a: Rillaboom|72\/100|[from] Grassy Terrain\n|-heal|p2b: Zombie Dust|100\/100|[from] Grassy Terrain\n|upkeep\n|turn|4\n|inactive|Yu hung lo has 120 seconds left.\n|inactive|Denvah_17 has 120 seconds left.\n|\n|t:|1697485900\n|move|p1b: Lucario|Detect|p1b: Lucario\n|-singleturn|p1b: Lucario|Protect\n|move|p2a: Careless Whisper|Heat Wave|p1b: Lucario|[spread] p1a\n|-activate|p1b: Lucario|move: Protect\n|-resisted|p1a: Rillaboom\n|-damage|p1a: Rillaboom|46\/100\n|move|p1a: Rillaboom|U-turn|p2a: Careless Whisper\n|-resisted|p2a: Careless Whisper\n|-damage|p2a: Careless Whisper|13\/100\n|\n|t:|1697485912\n|switch|p1a: Incineroar|Incineroar, F|100\/100|[from] U-turn\n|-ability|p1a: Incineroar|Intimidate|boost\n|-unboost|p2a: Careless Whisper|atk|1\n|-ability|p2b: Zombie Dust|Guard Dog|boost\n|-boost|p2b: Zombie Dust|atk|1\n|move|p2b: Zombie Dust|Gunk Shot|p1a: Incineroar\n|-damage|p1a: Incineroar|0 fnt\n|faint|p1a: Incineroar\n|\n|-heal|p2a: Careless Whisper|19\/100|[from] Grassy Terrain\n|-heal|p2a: Careless Whisper|25\/100|[from] item: Leftovers\n|upkeep\n|\n|t:|1697485922\n|switch|p1a: Rillaboom|Rillaboom, F, tera:Water|46\/100\n|turn|5\n|\n|t:|1697485934\n|move|p1a: Rillaboom|Fake Out|p2b: Zombie Dust\n|-damage|p2b: Zombie Dust|89\/100\n|move|p1b: Lucario|Bullet Punch|p2a: Careless Whisper\n|-resisted|p2a: Careless Whisper\n|-crit|p2a: Careless Whisper\n|-damage|p2a: Careless Whisper|0 fnt\n|faint|p2a: Careless Whisper\n|cant|p2b: Zombie Dust|flinch\n|\n|-heal|p1a: Rillaboom|53\/100|[from] Grassy Terrain\n|-heal|p2b: Zombie Dust|95\/100|[from] Grassy Terrain\n|-fieldend|move: Trick Room\n|-fieldend|move: Grassy Terrain\n|upkeep\n|\n|t:|1697485940\n|switch|p2a: Goliath|Golisopod, M|100\/100\n|turn|6\n|inactive|Yu hung lo has 120 seconds left.\n|\n|t:|1697485976\n|move|p2a: Goliath|First Impression|p1a: Rillaboom\n|-damage|p1a: Rillaboom|0 fnt\n|faint|p1a: Rillaboom\n|-damage|p2a: Goliath|91\/100|[from] item: Life Orb\n|move|p1b: Lucario|Drain Punch|p2b: Zombie Dust\n|-resisted|p2b: Zombie Dust\n|-damage|p2b: Zombie Dust|58\/100\n|move|p2b: Zombie Dust|Drain Punch|p1b: Lucario\n|-supereffective|p1b: Lucario\n|-damage|p1b: Lucario|0 fnt\n|-heal|p2b: Zombie Dust|100\/100|[from] drain|[of] p1b: Lucario\n|faint|p1b: Lucario\n|\n|upkeep\n|\n|t:|1697485983\n|switch|p1b: Primarina|Primarina, F|100\/100\n|switch|p1a: Landorus|Landorus-Therian, M|100\/100\n|-ability|p1a: Landorus|Intimidate|boost\n|-unboost|p2a: Goliath|atk|1\n|-ability|p2b: Zombie Dust|Guard Dog|boost\n|-boost|p2b: Zombie Dust|atk|1\n|turn|7\n|\n|t:|1697485997\n|move|p2a: Goliath|Wide Guard|p2a: Goliath\n|-singleturn|p2a: Goliath|Wide Guard\n|move|p1a: Landorus|Stomping Tantrum|p2b: Zombie Dust\n|-supereffective|p2b: Zombie Dust\n|-damage|p2b: Zombie Dust|27\/100\n|move|p2b: Zombie Dust|Ice Punch|p1a: Landorus\n|-supereffective|p1a: Landorus\n|-damage|p1a: Landorus|0 fnt\n|faint|p1a: Landorus\n|move|p1b: Primarina|Dazzling Gleam|p2b: Zombie Dust|[spread] \n|-activate|p2a: Goliath|move: Wide Guard\n|-activate|p2b: Zombie Dust|move: Wide Guard\n|\n|upkeep\n|turn|8\n|-message|Yu hung lo forfeited.\n|\n|win|Denvah_17\n|raw|Yu hung lo's rating: 1420 &rarr; <strong>1400<\/strong><br \/>(-20 for losing)\n|raw|Denvah_17's rating: 1418 &rarr; <strong>1438<\/strong><br \/>(+20 for winning)\n|l|\u2606Yu hung lo\n","uploadtime":1697486013,"views":5,"p1id":"yuhunglo","p2id":"denvah17","formatid":"gen9nationaldexdoubles","rating":1400,"private":0,"password":""}