{"id":"gen9nationaldexdoubles-1982044324","p1":"ERBESTIONE","p2":"OlgerV24","format":"[Gen 9] National Dex Doubles","log":"|j|\u2606ERBESTIONE\n|j|\u2606OlgerV24\n|t:|1698962380\n|gametype|doubles\n|player|p1|ERBESTIONE|pokemaniac|1106\n|player|p2|OlgerV24|2|1072\n|teamsize|p1|6\n|teamsize|p2|6\n|gen|9\n|tier|[Gen 9] National Dex Doubles\n|rated|\n|rule|HP Percentage Mod: HP is shown in percentages\n|rule|Endless Battle Clause: Forcing endless battles is banned\n|rule|OHKO Clause: OHKO moves are banned\n|rule|Evasion Moves Clause: Evasion moves are banned\n|rule|Evasion Abilities Clause: Evasion abilities are banned\n|rule|Species Clause: Limit one of each Pok\u00e9mon\n|rule|Gravity Sleep Clause: The combination of sleep-inducing moves with imperfect accuracy and Gravity or Gigantamax Orbeetle are banned\n|clearpoke\n|poke|p1|Dudunsparce-*, F|\n|poke|p1|Arcanine, F|\n|poke|p1|Scream Tail|\n|poke|p1|Maushold|\n|poke|p1|Illumise, F|\n|poke|p1|Landorus, M|\n|poke|p2|Murkrow, F|\n|poke|p2|Kommo-o, F|\n|poke|p2|Volcanion|\n|poke|p2|Amoonguss, F|\n|poke|p2|Ninetales-Alola, F|\n|poke|p2|Great Tusk|\n|teampreview\n|\n|t:|1698962395\n|start\n|switch|p1a: Dudunsparce|Dudunsparce, F|100\/100\n|switch|p1b: Maushold|Maushold|100\/100\n|switch|p2a: Murkrow|Murkrow, F|100\/100\n|switch|p2b: Kommo-o|Kommo-o, F|100\/100\n|turn|1\n|\n|t:|1698962422\n|-terastallize|p1a: Dudunsparce|Psychic\n|move|p2a: Murkrow|Tailwind|p2a: Murkrow\n|-sidestart|p2: OlgerV24|move: Tailwind\n|-zpower|p2b: Kommo-o\n|move|p2b: Kommo-o|Clangorous Soulblaze|p1b: Maushold|[zeffect]|[spread] p1a,p1b\n|-damage|p1a: Dudunsparce|48\/100\n|-damage|p1b: Maushold|42\/100\n|-enditem|p1b: Maushold|Sitrus Berry|[eat]\n|-heal|p1b: Maushold|66\/100|[from] item: Sitrus Berry\n|-boost|p2b: Kommo-o|atk|1\n|-boost|p2b: Kommo-o|def|1\n|-boost|p2b: Kommo-o|spa|1\n|-boost|p2b: Kommo-o|spd|1\n|-boost|p2b: Kommo-o|spe|1\n|move|p1b: Maushold|U-turn|p1a: Dudunsparce\n|-supereffective|p1a: Dudunsparce\n|-damage|p1a: Dudunsparce|29\/100\n|-ability|p1a: Dudunsparce|Rattled|boost\n|-boost|p1a: Dudunsparce|spe|1\n|-enditem|p1a: Dudunsparce|Weakness Policy\n|-boost|p1a: Dudunsparce|atk|2|[from] item: Weakness Policy\n|-boost|p1a: Dudunsparce|spa|2|[from] item: Weakness Policy\n|c|\u2606OlgerV24|tf\n|\n|t:|1698962459\n|switch|p1b: Arcanine|Arcanine, F|100\/100|[from] U-turn\n|-ability|p1b: Arcanine|Intimidate|boost\n|-unboost|p2a: Murkrow|atk|1\n|-unboost|p2b: Kommo-o|atk|1\n|move|p1a: Dudunsparce|Zen Headbutt|p2b: Kommo-o\n|-supereffective|p2b: Kommo-o\n|-damage|p2b: Kommo-o|11\/100\n|\n|upkeep\n|turn|2\n|\n|t:|1698962490\n|switch|p2a: Amoonguss|Amoonguss, F|100\/100\n|move|p1a: Dudunsparce|Protect|p1a: Dudunsparce\n|-singleturn|p1a: Dudunsparce|Protect\n|move|p1b: Arcanine|Extreme Speed|p2b: Kommo-o\n|-damage|p2b: Kommo-o|0 fnt\n|faint|p2b: Kommo-o\n|\n|upkeep\n|\n|t:|1698962500\n|switch|p2b: Volcanion|Volcanion|100\/100\n|turn|3\n|\n|t:|1698962518\n|move|p1b: Arcanine|Flare Blitz|p2a: Amoonguss\n|-supereffective|p2a: Amoonguss\n|-damage|p2a: Amoonguss|22\/100\n|-damage|p1b: Arcanine|84\/100|[from] item: Rocky Helmet|[of] p2a: Amoonguss\n|-damage|p1b: Arcanine|53\/100|[from] Recoil\n|move|p2b: Volcanion|Steam Eruption|p1b: Arcanine\n|-supereffective|p1b: Arcanine\n|-damage|p1b: Arcanine|0 fnt\n|faint|p1b: Arcanine\n|move|p1a: Dudunsparce|Zen Headbutt|p2a: Amoonguss\n|-supereffective|p2a: Amoonguss\n|-damage|p2a: Amoonguss|0 fnt\n|-damage|p1a: Dudunsparce|12\/100|[from] item: Rocky Helmet|[of] p2a: Amoonguss\n|faint|p2a: Amoonguss\n|\n|upkeep\n|\n|t:|1698962539\n|switch|p1b: Illumise|Illumise, F|100\/100\n|switch|p2a: Murkrow|Murkrow, F|100\/100\n|turn|4\n|\n|t:|1698962557\n|move|p2a: Murkrow|Haze|p2a: Murkrow\n|-clearallboost\n|move|p1b: Illumise|Tailwind|p1b: Illumise\n|-sidestart|p1: ERBESTIONE|move: Tailwind\n|move|p1a: Dudunsparce|Hyper Drill|p2b: Volcanion\n|-damage|p2b: Volcanion|61\/100\n|move|p2b: Volcanion|Heat Wave|p1b: Illumise|[spread] p1a,p1b\n|-supereffective|p1b: Illumise\n|-damage|p1a: Dudunsparce|0 fnt\n|-damage|p1b: Illumise|2\/100\n|-status|p1b: Illumise|brn\n|faint|p1a: Dudunsparce\n|\n|-damage|p1b: Illumise|0 fnt|[from] brn\n|faint|p1b: Illumise\n|-sideend|p2: OlgerV24|move: Tailwind\n|upkeep\n|\n|t:|1698962579\n|switch|p1a: Landorus|Landorus, M|100\/100\n|switch|p1b: Scream Tail|Scream Tail|100\/100\n|turn|5\n|\n|t:|1698962595\n|move|p2a: Murkrow|Tailwind|p2a: Murkrow\n|-sidestart|p2: OlgerV24|move: Tailwind\n|move|p1b: Scream Tail|Dazzling Gleam|p2b: Volcanion|[spread] p2a,p2b\n|-supereffective|p2a: Murkrow\n|-resisted|p2b: Volcanion\n|-damage|p2a: Murkrow|67\/100\n|-damage|p2b: Volcanion|54\/100\n|move|p1a: Landorus|Earth Power|p2b: Volcanion\n|-supereffective|p2b: Volcanion\n|-damage|p2b: Volcanion|0 fnt\n|faint|p2b: Volcanion\n|\n|upkeep\n|\n|t:|1698962606\n|switch|p2b: Great Tusk|Great Tusk|100\/100\n|turn|6\n|\n|t:|1698962652\n|-terastallize|p2a: Murkrow|Dark\n|move|p1b: Scream Tail|Dazzling Gleam|p2b: Great Tusk|[spread] p2a,p2b\n|-supereffective|p2a: Murkrow\n|-supereffective|p2b: Great Tusk\n|-crit|p2b: Great Tusk\n|-damage|p2a: Murkrow|35\/100\n|-damage|p2b: Great Tusk|52\/100\n|move|p1a: Landorus|U-turn|p2a: Murkrow\n|-supereffective|p2a: Murkrow\n|-damage|p2a: Murkrow|0 fnt\n|faint|p2a: Murkrow\n|\n|t:|1698962663\n|switch|p1a: Maushold|Maushold|66\/100|[from] U-turn\n|move|p2b: Great Tusk|Headlong Rush|p1a: Maushold\n|-damage|p1a: Maushold|0 fnt\n|-unboost|p2b: Great Tusk|def|1\n|-unboost|p2b: Great Tusk|spd|1\n|faint|p1a: Maushold\n|\n|upkeep\n|\n|t:|1698962673\n|switch|p1a: Landorus|Landorus, M|100\/100\n|switch|p2a: Ninetales|Ninetales-Alola, F|100\/100\n|-weather|Snow|[from] ability: Snow Warning|[of] p2a: Ninetales\n|turn|7\n|\n|t:|1698962693\n|move|p1b: Scream Tail|Dazzling Gleam|p2a: Ninetales|[spread] p2a,p2b\n|-supereffective|p2b: Great Tusk\n|-damage|p2a: Ninetales|85\/100\n|-damage|p2b: Great Tusk|0 fnt\n|faint|p2b: Great Tusk\n|-end|p2b: Great Tusk|Protosynthesis|[silent]\n|move|p1a: Landorus|Sludge Bomb|p2a: Ninetales\n|-supereffective|p2a: Ninetales\n|-damage|p2a: Ninetales|6\/100\n|move|p2a: Ninetales|Aurora Veil|p2a: Ninetales\n|-sidestart|p2: OlgerV24|move: Aurora Veil\n|\n|-weather|Snow|[upkeep]\n|-sideend|p1: ERBESTIONE|move: Tailwind\n|upkeep\n|turn|8\n|\n|t:|1698962707\n|move|p2a: Ninetales|Protect|p2a: Ninetales\n|-singleturn|p2a: Ninetales|Protect\n|move|p1b: Scream Tail|Dazzling Gleam|p2a: Ninetales\n|-activate|p2a: Ninetales|move: Protect\n|move|p1a: Landorus|Rock Slide|p2a: Ninetales\n|-activate|p2a: Ninetales|move: Protect\n|\n|-weather|Snow|[upkeep]\n|-sideend|p2: OlgerV24|move: Tailwind\n|upkeep\n|turn|9\n|\n|t:|1698962721\n|move|p1b: Scream Tail|Helping Hand|p1a: Landorus\n|-singleturn|p1a: Landorus|Helping Hand|[of] p1b: Scream Tail\n|move|p1a: Landorus|Sludge Bomb|p2a: Ninetales\n|-supereffective|p2a: Ninetales\n|-damage|p2a: Ninetales|0 fnt\n|faint|p2a: Ninetales\n|\n|win|ERBESTIONE\n|raw|ERBESTIONE's rating: 1106 &rarr; <strong>1129<\/strong><br \/>(+23 for winning)\n|raw|OlgerV24's rating: 1072 &rarr; <strong>1053<\/strong><br \/>(-19 for losing)\n|c|\u2606OlgerV24|gg\n","uploadtime":1698962727,"views":11,"p1id":"erbestione","p2id":"olgerv24","formatid":"gen9nationaldexdoubles","rating":1053,"private":0,"password":""}