{"id":"gen9nationaldexdoubles-1965930765","p1":"Boshigoat","p2":"Denvah_17","format":"[Gen 9] National Dex Doubles","log":"|j|\u2606Boshigoat\n|j|\u2606Denvah_17\n|t:|1697130845\n|gametype|doubles\n|player|p1|Boshigoat|169|1541\n|player|p2|Denvah_17|alder|1359\n|teamsize|p1|6\n|teamsize|p2|6\n|gen|9\n|tier|[Gen 9] National Dex Doubles\n|rated|\n|rule|HP Percentage Mod: HP is shown in percentages\n|rule|Endless Battle Clause: Forcing endless battles is banned\n|rule|OHKO Clause: OHKO moves are banned\n|rule|Evasion Moves Clause: Evasion moves are banned\n|rule|Evasion Abilities Clause: Evasion abilities are banned\n|rule|Species Clause: Limit one of each Pok\u00e9mon\n|rule|Gravity Sleep Clause: The combination of sleep-inducing moves with imperfect accuracy and Gravity or Gigantamax Orbeetle are banned\n|clearpoke\n|poke|p1|Hatterene, F|\n|poke|p1|Indeedee-F, F|\n|poke|p1|Camerupt, M|\n|poke|p1|Sinistcha|\n|poke|p1|Conkeldurr, F|\n|poke|p1|Kingambit, M|\n|poke|p2|Sinistcha-Masterpiece|\n|poke|p2|Diancie|\n|poke|p2|Okidogi, M|\n|poke|p2|Ursaluna-Bloodmoon, M|\n|poke|p2|Volcanion|\n|poke|p2|Golisopod, F|\n|teampreview\n|inactive|Battle timer is ON: inactive players will automatically lose when time's up. (requested by Denvah_17)\n|inactive|Denvah_17 has 120 seconds left.\n|\n|t:|1697130899\n|start\n|switch|p1a: Hatterene|Hatterene, F|100\/100\n|switch|p1b: Indeedee|Indeedee-F, F|100\/100\n|switch|p2a: Rihanna|Diancie, shiny|100\/100\n|switch|p2b: Goliath|Golisopod, F|100\/100\n|-fieldstart|move: Psychic Terrain|[from] ability: Psychic Surge|[of] p1b: Indeedee\n|turn|1\n|\n|t:|1697130920\n|move|p2b: Goliath|Wide Guard|p2b: Goliath\n|-singleturn|p2b: Goliath|Wide Guard\n|move|p1b: Indeedee|Follow Me|p1b: Indeedee\n|-singleturn|p1b: Indeedee|move: Follow Me\n|move|p2a: Rihanna|Trick Room|p2a: Rihanna\n|-fieldstart|move: Trick Room|[of] p2a: Rihanna\n|move|p1a: Hatterene|Trick Room|p1a: Hatterene\n|-fieldend|move: Trick Room\n|\n|upkeep\n|turn|2\n|\n|t:|1697130940\n|switch|p1a: Sinistcha|Sinistcha|100\/100\n|move|p2b: Goliath|Wide Guard|p2b: Goliath\n|-singleturn|p2b: Goliath|Wide Guard\n|move|p2a: Rihanna|Diamond Storm|p1b: Indeedee|[spread] p1a,p1b\n|-damage|p1a: Sinistcha|74\/100\n|-damage|p1b: Indeedee|73\/100\n|move|p1b: Indeedee|Trick Room|p1b: Indeedee\n|-fieldstart|move: Trick Room|[of] p1b: Indeedee\n|\n|upkeep\n|turn|3\n|\n|t:|1697130964\n|move|p1b: Indeedee|Helping Hand|p1a: Sinistcha\n|-singleturn|p1a: Sinistcha|Helping Hand|[of] p1b: Indeedee\n|move|p2b: Goliath|Wide Guard|p2b: Goliath\n|-singleturn|p2b: Goliath|Wide Guard\n|move|p2a: Rihanna|Diamond Storm|p1b: Indeedee|[spread] p1b\n|-miss|p2a: Rihanna|p1a: Sinistcha\n|-damage|p1b: Indeedee|47\/100\n|-enditem|p1b: Indeedee|Sitrus Berry|[eat]\n|-heal|p1b: Indeedee|72\/100|[from] item: Sitrus Berry\n|move|p1a: Sinistcha|Shadow Ball|p2b: Goliath\n|-damage|p2b: Goliath|35\/100\n|-activate|p2b: Goliath|ability: Emergency Exit\n|inactive|Denvah_17 has 120 seconds left.\n|\n|t:|1697130986\n|switch|p2b: Careless Whisper|Volcanion|100\/100\n|\n|upkeep\n|turn|4\n|\n|t:|1697130994\n|-terastallize|p2b: Careless Whisper|Fire\n|move|p1a: Sinistcha|Matcha Gotcha|p2a: Rihanna|[spread] p2a,p2b\n|-supereffective|p2a: Rihanna\n|-resisted|p2b: Careless Whisper\n|-damage|p2a: Rihanna|56\/100\n|-heal|p1a: Sinistcha|93\/100|[from] drain|[of] p2a: Rihanna\n|-damage|p2b: Careless Whisper|84\/100\n|-heal|p1a: Sinistcha|100\/100|[from] drain|[of] p2b: Careless Whisper\n|-status|p2a: Rihanna|brn\n|-enditem|p2a: Rihanna|Weakness Policy\n|-boost|p2a: Rihanna|atk|2|[from] item: Weakness Policy\n|-boost|p2a: Rihanna|spa|2|[from] item: Weakness Policy\n|move|p2b: Careless Whisper|Heat Wave|p1a: Sinistcha|[spread] p1a\n|-miss|p2b: Careless Whisper|p1b: Indeedee\n|-supereffective|p1a: Sinistcha\n|-damage|p1a: Sinistcha|0 fnt\n|faint|p1a: Sinistcha\n|move|p1b: Indeedee|Expanding Force|p2b: Careless Whisper|[spread] p2a,p2b\n|-damage|p2a: Rihanna|29\/100 brn\n|-damage|p2b: Careless Whisper|48\/100\n|move|p2a: Rihanna|Trick Room|p2a: Rihanna\n|-fieldend|move: Trick Room\n|\n|-heal|p2b: Careless Whisper|54\/100|[from] item: Leftovers\n|-damage|p2a: Rihanna|23\/100 brn|[from] brn\n|upkeep\n|\n|t:|1697131006\n|switch|p1a: Hatterene|Hatterene, F|100\/100\n|turn|5\n|\n|t:|1697131023\n|move|p1b: Indeedee|Follow Me|p1b: Indeedee\n|-singleturn|p1b: Indeedee|move: Follow Me\n|move|p2b: Careless Whisper|Heat Wave|p1b: Indeedee|[spread] p1a,p1b\n|-damage|p1a: Hatterene|40\/100\n|-damage|p1b: Indeedee|17\/100\n|move|p2a: Rihanna|Dazzling Gleam|p1b: Indeedee|[spread] p1a,p1b\n|-damage|p1a: Hatterene|0 fnt\n|-damage|p1b: Indeedee|0 fnt\n|faint|p1a: Hatterene\n|faint|p1b: Indeedee\n|\n|-heal|p2b: Careless Whisper|60\/100|[from] item: Leftovers\n|-damage|p2a: Rihanna|17\/100 brn|[from] brn\n|-fieldend|move: Psychic Terrain\n|upkeep\n|\n|t:|1697131037\n|switch|p1b: Conkeldurr|Conkeldurr, F|100\/100\n|switch|p1a: Camerupt|Camerupt, M|100\/100\n|turn|6\n|\n|t:|1697131056\n|detailschange|p1a: Camerupt|Camerupt-Mega, M\n|-mega|p1a: Camerupt|Camerupt|Cameruptite\n|move|p1a: Camerupt|Protect|p1a: Camerupt\n|-singleturn|p1a: Camerupt|Protect\n|move|p2b: Careless Whisper|Steam Eruption|p1a: Camerupt\n|-activate|p1a: Camerupt|move: Protect\n|move|p1b: Conkeldurr|Close Combat|p2b: Careless Whisper\n|-damage|p2b: Careless Whisper|5\/100\n|-unboost|p1b: Conkeldurr|def|1\n|-unboost|p1b: Conkeldurr|spd|1\n|move|p2a: Rihanna|Dazzling Gleam|p1b: Conkeldurr|[spread] p1b\n|-activate|p1a: Camerupt|move: Protect\n|-supereffective|p1b: Conkeldurr\n|-damage|p1b: Conkeldurr|0 fnt\n|faint|p1b: Conkeldurr\n|\n|-heal|p2b: Careless Whisper|11\/100|[from] item: Leftovers\n|-damage|p2a: Rihanna|11\/100 brn|[from] brn\n|upkeep\n|\n|t:|1697131065\n|switch|p1b: Kingambit|Kingambit, M|100\/100\n|-activate|p1b: Kingambit|ability: Supreme Overlord\n|-start|p1b: Kingambit|fallen4|[silent]\n|turn|7\n|\n|t:|1697131079\n|move|p1b: Kingambit|Sucker Punch|p2b: Careless Whisper\n|-damage|p2b: Careless Whisper|0 fnt\n|faint|p2b: Careless Whisper\n|move|p2a: Rihanna|Earth Power|p1b: Kingambit\n|-supereffective|p1b: Kingambit\n|-crit|p1b: Kingambit\n|-damage|p1b: Kingambit|0 fnt\n|faint|p1b: Kingambit\n|-end|p1b: Kingambit|fallen4|[silent]\n|move|p1a: Camerupt|Earth Power|p2a: Rihanna\n|-supereffective|p2a: Rihanna\n|-damage|p2a: Rihanna|0 fnt\n|faint|p2a: Rihanna\n|\n|upkeep\n|\n|t:|1697131088\n|switch|p2b: Zombie Dust|Okidogi, M|100\/100\n|switch|p2a: Goliath|Golisopod, F|35\/100\n|turn|8\n|\n|t:|1697131096\n|move|p2a: Goliath|Aqua Jet|p1a: Camerupt\n|-supereffective|p1a: Camerupt\n|-damage|p1a: Camerupt|0 fnt\n|faint|p1a: Camerupt\n|-damage|p2a: Goliath|25\/100|[from] item: Life Orb\n|\n|win|Denvah_17\n|raw|Boshigoat's rating: 1541 &rarr; <strong>1511<\/strong><br \/>(-30 for losing)\n|raw|Denvah_17's rating: 1359 &rarr; <strong>1389<\/strong><br \/>(+30 for winning)\n","uploadtime":1697131104,"views":5,"p1id":"boshigoat","p2id":"denvah17","formatid":"gen9nationaldexdoubles","rating":1389,"private":0,"password":""}