{"id":"gen9nationaldexdoubles-1954186114","p1":"Nyata","p2":"Vixen 4 Life","format":"[Gen 9] National Dex Doubles","log":"|j|\u2606Nyata\n|j|\u2606Vixen 4 Life\n|t:|1695862797\n|gametype|doubles\n|player|p1|Nyata|101|1324\n|player|p2|Vixen 4 Life|penny|1465\n|teamsize|p1|6\n|teamsize|p2|6\n|gen|9\n|tier|[Gen 9] National Dex Doubles\n|rated|\n|rule|HP Percentage Mod: HP is shown in percentages\n|rule|Endless Battle Clause: Forcing endless battles is banned\n|rule|OHKO Clause: OHKO moves are banned\n|rule|Evasion Moves Clause: Evasion moves are banned\n|rule|Evasion Abilities Clause: Evasion abilities are banned\n|rule|Species Clause: Limit one of each Pok\u00e9mon\n|rule|Gravity Sleep Clause: The combination of sleep-inducing moves with imperfect accuracy and Gravity or Gigantamax Orbeetle are banned\n|clearpoke\n|poke|p1|Cradily, F|\n|poke|p1|Aerodactyl, M|\n|poke|p1|Arcanine-Hisui, M|\n|poke|p1|Nihilego|\n|poke|p1|Tyranitar, M|\n|poke|p1|Aggron, M|\n|poke|p2|Okidogi, M|\n|poke|p2|Gholdengo|\n|poke|p2|Rillaboom, M|\n|poke|p2|Fezandipiti, M|\n|poke|p2|Shiftry, F|\n|poke|p2|Gyarados, M|\n|teampreview\n|\n|t:|1695862806\n|start\n|switch|p1a: Aerodactyl|Aerodactyl, M|100\/100\n|switch|p1b: Nihilego|Nihilego|100\/100\n|switch|p2a: Fezandipiti|Fezandipiti, M|100\/100\n|switch|p2b: Shiftry|Shiftry, F|100\/100\n|-ability|p1a: Aerodactyl|Unnerve\n|turn|1\n|\n|t:|1695862825\n|move|p1b: Nihilego|Protect|p1b: Nihilego\n|-singleturn|p1b: Nihilego|Protect\n|move|p1a: Aerodactyl|Tailwind|p1a: Aerodactyl\n|-sidestart|p1: Nyata|move: Tailwind\n|move|p2a: Fezandipiti|Tailwind|p2a: Fezandipiti\n|-sidestart|p2: Vixen 4 Life|move: Tailwind\n|-ability|p2b: Shiftry|Wind Rider|boost\n|-boost|p2b: Shiftry|atk|1\n|move|p2b: Shiftry|Leaf Blade|p1b: Nihilego\n|-activate|p1b: Nihilego|move: Protect\n|\n|upkeep\n|turn|2\n|\n|t:|1695862841\n|switch|p2b: Gholdengo|Gholdengo|100\/100\n|move|p1a: Aerodactyl|Sky Drop||[still]\n|-prepare|p1a: Aerodactyl|Sky Drop|p2b: Gholdengo\n|move|p1b: Nihilego|Meteor Beam||[still]\n|-prepare|p1b: Nihilego|Meteor Beam\n|-boost|p1b: Nihilego|spa|1\n|-enditem|p1b: Nihilego|Power Herb\n|-anim|p1b: Nihilego|Meteor Beam|p2a: Fezandipiti\n|-damage|p2a: Fezandipiti|23\/100\n|move|p2a: Fezandipiti|Icy Wind|p1a: Aerodactyl|[spread] p1b\n|-miss|p2a: Fezandipiti|p1a: Aerodactyl\n|-damage|p1b: Nihilego|94\/100\n|-unboost|p1b: Nihilego|spe|1\n|\n|upkeep\n|turn|3\n|\n|t:|1695862859\n|move|p1b: Nihilego|Protect|p1b: Nihilego\n|-singleturn|p1b: Nihilego|Protect\n|move|p1a: Aerodactyl|Sky Drop|p2b: Gholdengo|[from]lockedmove\n|-resisted|p2b: Gholdengo\n|-damage|p2b: Gholdengo|94\/100\n|-end|p2b: Gholdengo|Sky Drop\n|move|p2a: Fezandipiti|Icy Wind|p1a: Aerodactyl|[spread] p1a\n|-activate|p1b: Nihilego|move: Protect\n|-supereffective|p1a: Aerodactyl\n|-damage|p1a: Aerodactyl|81\/100\n|-unboost|p1a: Aerodactyl|spe|1\n|-status|p1a: Aerodactyl|tox|[from] ability: Toxic Chain|[of] p2a: Fezandipiti\n|-enditem|p1a: Aerodactyl|Eject Button\n|\n|t:|1695862866\n|switch|p1a: Arcanine|Arcanine-Hisui, M|100\/100\n|move|p2b: Gholdengo|Make It Rain|p1b: Nihilego|[spread] p1a\n|-activate|p1b: Nihilego|move: Protect\n|-damage|p1a: Arcanine|47\/100\n|-unboost|p2b: Gholdengo|spa|1\n|\n|-heal|p2b: Gholdengo|99\/100|[from] item: Leftovers\n|upkeep\n|turn|4\n|j| sdoihjdroijgds\n|\n|t:|1695862897\n|switch|p2a: Okidogi|Okidogi, M|100\/100\n|switch|p2b: Gyarados|Gyarados, M|100\/100\n|-ability|p2b: Gyarados|Intimidate|boost\n|-unboost|p1a: Arcanine|atk|1\n|-unboost|p1b: Nihilego|atk|1\n|move|p1a: Arcanine|Flare Blitz|p2b: Gyarados\n|-resisted|p2b: Gyarados\n|-damage|p2b: Gyarados|69\/100\n|move|p1b: Nihilego|Sludge Wave|p2b: Gyarados|[spread] p1a,p2a,p2b\n|-resisted|p1a: Arcanine\n|-resisted|p2a: Okidogi\n|-damage|p1a: Arcanine|14\/100\n|-damage|p2a: Okidogi|74\/100\n|-damage|p2b: Gyarados|22\/100\n|\n|-heal|p2a: Okidogi|80\/100|[from] item: Leftovers\n|-sideend|p1: Nyata|move: Tailwind\n|-sideend|p2: Vixen 4 Life|move: Tailwind\n|upkeep\n|turn|5\n|\n|t:|1695862921\n|switch|p1a: Cradily|Cradily, F|100\/100\n|move|p1b: Nihilego|Protect|p1b: Nihilego\n|-singleturn|p1b: Nihilego|Protect\n|move|p2b: Gyarados|Protect|p2b: Gyarados\n|-singleturn|p2b: Gyarados|Protect\n|move|p2a: Okidogi|Bulk Up|p2a: Okidogi\n|-boost|p2a: Okidogi|atk|1\n|-boost|p2a: Okidogi|def|1\n|\n|-heal|p2a: Okidogi|86\/100|[from] item: Leftovers\n|upkeep\n|turn|6\n|\n|t:|1695862945\n|move|p1b: Nihilego|Grass Knot|p2b: Gyarados\n|-damage|p2b: Gyarados|0 fnt\n|faint|p2b: Gyarados\n|-ability|p1b: Nihilego|Beast Boost|boost\n|-boost|p1b: Nihilego|spa|1\n|move|p2a: Okidogi|Drain Punch|p1b: Nihilego\n|-damage|p1b: Nihilego|0 fnt\n|-heal|p2a: Okidogi|100\/100|[from] drain|[of] p1b: Nihilego\n|faint|p1b: Nihilego\n|move|p1a: Cradily|Earth Power|p2a: Okidogi\n|-supereffective|p2a: Okidogi\n|-damage|p2a: Okidogi|67\/100\n|\n|-heal|p2a: Okidogi|73\/100|[from] item: Leftovers\n|upkeep\n|\n|t:|1695862959\n|switch|p1b: Aerodactyl|Aerodactyl, M|81\/100 tox\n|switch|p2b: Rillaboom|Rillaboom, M|100\/100\n|-ability|p1b: Aerodactyl|Unnerve\n|-fieldstart|move: Grassy Terrain|[from] ability: Grassy Surge|[of] p2b: Rillaboom\n|turn|7\n|\n|t:|1695862970\n|move|p1a: Cradily|Protect|p1a: Cradily\n|-singleturn|p1a: Cradily|Protect\n|move|p2b: Rillaboom|Fake Out|p1b: Aerodactyl\n|-resisted|p1b: Aerodactyl\n|-damage|p1b: Aerodactyl|71\/100 tox\n|cant|p1b: Aerodactyl|flinch\n|move|p2a: Okidogi|Bulk Up|p2a: Okidogi\n|-boost|p2a: Okidogi|atk|1\n|-boost|p2a: Okidogi|def|1\n|\n|-heal|p2a: Okidogi|79\/100|[from] Grassy Terrain\n|-heal|p2a: Okidogi|85\/100|[from] item: Leftovers\n|-damage|p1b: Aerodactyl|65\/100 tox|[from] psn\n|upkeep\n|turn|8\n|\n|t:|1695862986\n|move|p2a: Okidogi|Protect|p2a: Okidogi\n|-singleturn|p2a: Okidogi|Protect\n|move|p1b: Aerodactyl|Sky Drop|p2a: Okidogi\n|-activate|p2a: Okidogi|move: Protect\n|move|p2b: Rillaboom|U-turn|p1a: Cradily\n|-supereffective|p1a: Cradily\n|-damage|p1a: Cradily|51\/100\n|\n|t:|1695862994\n|switch|p2b: Fezandipiti|Fezandipiti, M|23\/100|[from] U-turn\n|move|p1a: Cradily|Meteor Beam||[still]\n|-prepare|p1a: Cradily|Meteor Beam\n|-boost|p1a: Cradily|spa|1\n|-enditem|p1a: Cradily|Power Herb\n|-anim|p1a: Cradily|Meteor Beam|p2b: Fezandipiti|[miss]\n|-miss|p1a: Cradily|p2b: Fezandipiti\n|\n|-heal|p2b: Fezandipiti|29\/100|[from] Grassy Terrain\n|-heal|p2a: Okidogi|92\/100|[from] Grassy Terrain\n|-heal|p2a: Okidogi|98\/100|[from] item: Leftovers\n|-heal|p1a: Cradily|57\/100|[from] Grassy Terrain\n|-damage|p1b: Aerodactyl|52\/100 tox|[from] psn\n|upkeep\n|turn|9\n|\n|t:|1695863017\n|move|p1b: Aerodactyl|Taunt|p2b: Fezandipiti\n|-start|p2b: Fezandipiti|move: Taunt\n|move|p2b: Fezandipiti|Dazzling Gleam|p1a: Cradily|[spread] p1a,p1b\n|-damage|p1a: Cradily|47\/100\n|-damage|p1b: Aerodactyl|32\/100 tox\n|move|p2a: Okidogi|Bulk Up|p2a: Okidogi\n|-boost|p2a: Okidogi|atk|1\n|-boost|p2a: Okidogi|def|1\n|move|p1a: Cradily|Earth Power|p2b: Fezandipiti\n|-supereffective|p2b: Fezandipiti\n|-damage|p2b: Fezandipiti|0 fnt\n|faint|p2b: Fezandipiti\n|\n|-heal|p2a: Okidogi|100\/100|[from] Grassy Terrain\n|-heal|p1a: Cradily|53\/100|[from] Grassy Terrain\n|-damage|p1b: Aerodactyl|14\/100 tox|[from] psn\n|upkeep\n|\n|t:|1695863030\n|switch|p2b: Rillaboom|Rillaboom, M|100\/100\n|turn|10\n|\n|t:|1695863042\n|move|p2b: Rillaboom|Grassy Glide|p1b: Aerodactyl\n|-damage|p1b: Aerodactyl|0 fnt\n|faint|p1b: Aerodactyl\n|move|p2a: Okidogi|Drain Punch|p1a: Cradily\n|-supereffective|p1a: Cradily\n|-damage|p1a: Cradily|0 fnt\n|faint|p1a: Cradily\n|\n|upkeep\n|\n|t:|1695863052\n|switch|p1b: Arcanine|Arcanine-Hisui, M|14\/100\n|switch|p1a: Aggron|Aggron, M|100\/100\n|turn|11\n|\n|t:|1695863067\n|detailschange|p1a: Aggron|Aggron-Mega, M\n|-mega|p1a: Aggron|Aggron|Aggronite\n|move|p2b: Rillaboom|Grassy Glide|p1b: Arcanine\n|-damage|p1b: Arcanine|0 fnt\n|faint|p1b: Arcanine\n|move|p2a: Okidogi|Drain Punch|p1a: Aggron\n|-supereffective|p1a: Aggron\n|-damage|p1a: Aggron|39\/100\n|move|p1a: Aggron|Metal Burst|p2a: Okidogi\n|-damage|p2a: Okidogi|17\/100\n|\n|-heal|p2a: Okidogi|23\/100|[from] Grassy Terrain\n|-heal|p2a: Okidogi|29\/100|[from] item: Leftovers\n|-heal|p1a: Aggron|45\/100|[from] Grassy Terrain\n|-fieldend|move: Grassy Terrain\n|upkeep\n|\n|t:|1695863071\n|switch|p1b: Tyranitar|Tyranitar, M|100\/100\n|-weather|Sandstorm|[from] ability: Sand Stream|[of] p1b: Tyranitar\n|turn|12\n|\n|t:|1695863080\n|-zpower|p1b: Tyranitar\n|move|p1b: Tyranitar|Subzero Slammer|p2b: Rillaboom|[zeffect]\n|-supereffective|p2b: Rillaboom\n|-damage|p2b: Rillaboom|0 fnt\n|faint|p2b: Rillaboom\n|move|p2a: Okidogi|Drain Punch|p1b: Tyranitar\n|-supereffective|p1b: Tyranitar\n|-damage|p1b: Tyranitar|0 fnt\n|-heal|p2a: Okidogi|74\/100|[from] drain|[of] p1b: Tyranitar\n|faint|p1b: Tyranitar\n|move|p1a: Aggron|Metal Burst||[still]\n|-fail|p1a: Aggron\n|\n|-weather|Sandstorm|[upkeep]\n|-damage|p2a: Okidogi|68\/100|[from] Sandstorm\n|-heal|p2a: Okidogi|74\/100|[from] item: Leftovers\n|upkeep\n|\n|t:|1695863085\n|switch|p2b: Shiftry|Shiftry, F|100\/100\n|turn|13\n|\n|t:|1695863092\n|move|p2b: Shiftry|Will-O-Wisp|p1a: Aggron\n|-status|p1a: Aggron|brn\n|move|p2a: Okidogi|Bulk Up|p2a: Okidogi\n|-boost|p2a: Okidogi|atk|1\n|-boost|p2a: Okidogi|def|1\n|move|p1a: Aggron|Iron Defense|p1a: Aggron\n|-boost|p1a: Aggron|def|2\n|\n|-weather|Sandstorm|[upkeep]\n|-damage|p2b: Shiftry|94\/100|[from] Sandstorm\n|-damage|p2a: Okidogi|68\/100|[from] Sandstorm\n|-heal|p2b: Shiftry|100\/100|[from] item: Leftovers\n|-heal|p2a: Okidogi|74\/100|[from] item: Leftovers\n|-damage|p1a: Aggron|39\/100 brn|[from] brn\n|upkeep\n|turn|14\n|\n|t:|1695863106\n|move|p2b: Shiftry|Knock Off|p1a: Aggron\n|-crit|p1a: Aggron\n|-damage|p1a: Aggron|20\/100 brn\n|move|p2a: Okidogi|Bulk Up|p2a: Okidogi\n|-boost|p2a: Okidogi|atk|1\n|-boost|p2a: Okidogi|def|1\n|move|p1a: Aggron|Body Press|p2b: Shiftry\n|-supereffective|p2b: Shiftry\n|-damage|p2b: Shiftry|0 fnt\n|faint|p2b: Shiftry\n|\n|-weather|Sandstorm|[upkeep]\n|-damage|p2a: Okidogi|68\/100|[from] Sandstorm\n|-heal|p2a: Okidogi|74\/100|[from] item: Leftovers\n|-damage|p1a: Aggron|14\/100 brn|[from] brn\n|upkeep\n|\n|t:|1695863109\n|switch|p2b: Gholdengo|Gholdengo|99\/100\n|turn|15\n|\n|t:|1695863112\n|move|p2a: Okidogi|Bulk Up|p2a: Okidogi\n|-boost|p2a: Okidogi|atk|1\n|-boost|p2a: Okidogi|def|1\n|move|p2b: Gholdengo|Nasty Plot|p2b: Gholdengo\n|-boost|p2b: Gholdengo|spa|2\n|move|p1a: Aggron|Metal Burst||[still]\n|-fail|p1a: Aggron\n|\n|-weather|Sandstorm|[upkeep]\n|-damage|p2a: Okidogi|68\/100|[from] Sandstorm\n|-heal|p2a: Okidogi|74\/100|[from] item: Leftovers\n|-heal|p2b: Gholdengo|100\/100|[from] item: Leftovers\n|-damage|p1a: Aggron|7\/100 brn|[from] brn\n|upkeep\n|turn|16\n|-message|Nyata forfeited.\n|\n|win|Vixen 4 Life\n|raw|Nyata's rating: 1324 &rarr; <strong>1312<\/strong><br \/>(-12 for losing)\n|raw|Vixen 4 Life's rating: 1465 &rarr; <strong>1477<\/strong><br \/>(+12 for winning)\n|l|\u2606Nyata\n|l|\u2606Vixen 4 Life\n|j|\u2606Vixen 4 Life\n|player|p2|Vixen 4 Life|penny\n","uploadtime":1695863237,"views":15,"p1id":"nyata","p2id":"vixen4life","formatid":"gen9nationaldexdoubles","rating":1312,"private":0,"password":""}