{"id":"gen9nationaldexdoubles-1958745308","p1":"Escavaknight","p2":"LightOfTheRuin","format":"[Gen 9] National Dex Doubles","log":"|j|\u2606Escavaknight\n|j|\u2606LightOfTheRuin\n|t:|1696354785\n|gametype|doubles\n|player|p1|Escavaknight|plasmagrunt-gen5bw|1130\n|player|p2|LightOfTheRuin|wallace|1028\n|teamsize|p1|6\n|teamsize|p2|6\n|gen|9\n|tier|[Gen 9] National Dex Doubles\n|rated|\n|rule|HP Percentage Mod: HP is shown in percentages\n|rule|Endless Battle Clause: Forcing endless battles is banned\n|rule|OHKO Clause: OHKO moves are banned\n|rule|Evasion Moves Clause: Evasion moves are banned\n|rule|Evasion Abilities Clause: Evasion abilities are banned\n|rule|Species Clause: Limit one of each Pok\u00e9mon\n|rule|Gravity Sleep Clause: The combination of sleep-inducing moves with imperfect accuracy and Gravity or Gigantamax Orbeetle are banned\n|clearpoke\n|poke|p1|Cresselia, F|\n|poke|p1|Iron Hands|\n|poke|p1|Armarouge, F|\n|poke|p1|Ogerpon-Wellspring, F|\n|poke|p1|Flutter Mane|\n|poke|p1|Chien-Pao|\n|poke|p2|Electivire, F|\n|poke|p2|Dedenne, M|\n|poke|p2|Ursaluna-Bloodmoon, M|\n|poke|p2|Drifblim, M|\n|poke|p2|Fezandipiti, M|\n|poke|p2|Ogerpon-Wellspring, F|\n|teampreview\n|\n|t:|1696354815\n|start\n|switch|p1a: Cresselia|Cresselia, F|100\/100\n|switch|p1b: Iron Hands|Iron Hands|100\/100\n|switch|p2a: Drifblim|Drifblim, M|100\/100\n|switch|p2b: Dedenne|Dedenne, M|100\/100\n|turn|1\n|\n|t:|1696354835\n|move|p1b: Iron Hands|Fake Out|p2b: Dedenne\n|-damage|p2b: Dedenne|73\/100\n|cant|p2b: Dedenne|flinch\n|move|p2a: Drifblim|Knock Off|p1a: Cresselia\n|-supereffective|p1a: Cresselia\n|-damage|p1a: Cresselia|69\/100\n|-enditem|p1a: Cresselia|Safety Goggles|[from] move: Knock Off|[of] p2a: Drifblim\n|move|p1a: Cresselia|Trick Room|p1a: Cresselia\n|-fieldstart|move: Trick Room|[of] p1a: Cresselia\n|\n|upkeep\n|turn|2\n|\n|t:|1696354858\n|move|p1b: Iron Hands|Ice Punch|p2a: Drifblim\n|-supereffective|p2a: Drifblim\n|-damage|p2a: Drifblim|0 fnt\n|faint|p2a: Drifblim\n|move|p1a: Cresselia|Ice Beam|p2b: Dedenne\n|-damage|p2b: Dedenne|49\/100\n|-enditem|p2b: Dedenne|Sitrus Berry|[eat]\n|-heal|p2b: Dedenne|74\/100|[from] item: Sitrus Berry\n|-heal|p2b: Dedenne|100\/100|[from] ability: Cheek Pouch\n|move|p2b: Dedenne|Super Fang|p1b: Iron Hands\n|-damage|p1b: Iron Hands|50\/100\n|\n|upkeep\n|\n|t:|1696354870\n|switch|p2a: Electivire|Electivire, F|100\/100\n|turn|3\n|\n|t:|1696354890\n|move|p2a: Electivire|Protect|p2a: Electivire\n|-singleturn|p2a: Electivire|Protect\n|move|p1b: Iron Hands|Drain Punch|p2a: Electivire\n|-activate|p2a: Electivire|move: Protect\n|move|p1a: Cresselia|Lunar Blessing|p1a: Cresselia|[spread] p1a,p1b\n|-heal|p1a: Cresselia|93\/100\n|-heal|p1b: Iron Hands|75\/100\n|move|p2b: Dedenne|Magnet Rise|p2b: Dedenne\n|-start|p2b: Dedenne|Magnet Rise\n|\n|upkeep\n|turn|4\n|\n|t:|1696354903\n|switch|p1a: Armarouge|Armarouge, F|100\/100\n|move|p1b: Iron Hands|Drain Punch|p2a: Electivire\n|-damage|p2a: Electivire|32\/100\n|-heal|p1b: Iron Hands|97\/100|[from] drain|[of] p2a: Electivire\n|move|p2a: Electivire|Earthquake|p1b: Iron Hands|[spread] p1a,p1b\n|-immune|p2b: Dedenne\n|-supereffective|p1a: Armarouge\n|-supereffective|p1b: Iron Hands\n|-damage|p1a: Armarouge|37\/100\n|-damage|p1b: Iron Hands|52\/100\n|move|p2b: Dedenne|Nuzzle|p1a: Armarouge\n|-damage|p1a: Armarouge|33\/100\n|-status|p1a: Armarouge|par\n|\n|upkeep\n|turn|5\n|\n|t:|1696354926\n|move|p2a: Electivire|Protect|p2a: Electivire\n|-singleturn|p2a: Electivire|Protect\n|move|p1a: Armarouge|Clear Smog|p2b: Dedenne\n|-supereffective|p2b: Dedenne\n|-damage|p2b: Dedenne|28\/100\n|-clearboost|p2b: Dedenne\n|-damage|p1a: Armarouge|23\/100 par|[from] item: Life Orb\n|move|p1b: Iron Hands|Drain Punch|p2a: Electivire\n|-activate|p2a: Electivire|move: Protect\n|move|p2b: Dedenne|Parabolic Charge|p1a: Armarouge|[spread] p1a,p1b\n|-activate|p2a: Electivire|move: Protect\n|-resisted|p1b: Iron Hands\n|-damage|p1a: Armarouge|10\/100 par\n|-heal|p2b: Dedenne|35\/100|[from] drain|[of] p1a: Armarouge\n|-damage|p1b: Iron Hands|50\/100\n|-heal|p2b: Dedenne|37\/100|[from] drain|[of] p1b: Iron Hands\n|\n|-fieldend|move: Trick Room\n|upkeep\n|turn|6\n|\n|t:|1696354958\n|switch|p1a: Chien-Pao|Chien-Pao|100\/100\n|-ability|p1a: Chien-Pao|Sword of Ruin\n|move|p2b: Dedenne|Parabolic Charge|p1a: Chien-Pao|[spread] p1a,p1b\n|-ability|p2a: Electivire|Motor Drive|boost\n|-boost|p2a: Electivire|spe|1\n|-resisted|p1b: Iron Hands\n|-damage|p1a: Chien-Pao|83\/100\n|-heal|p2b: Dedenne|45\/100|[from] drain|[of] p1a: Chien-Pao\n|-damage|p1b: Iron Hands|47\/100\n|-heal|p2b: Dedenne|46\/100|[from] drain|[of] p1b: Iron Hands\n|move|p2a: Electivire|Earthquake|p1b: Iron Hands|[spread] p1a,p1b\n|-immune|p2b: Dedenne\n|-supereffective|p1b: Iron Hands\n|-damage|p1a: Chien-Pao|47\/100\n|-damage|p1b: Iron Hands|0 fnt\n|faint|p1b: Iron Hands\n|-end|p1b: Iron Hands|Quark Drive|[silent]\n|\n|upkeep\n|\n|t:|1696354982\n|switch|p1b: Ogerpon|Ogerpon-Wellspring, F|100\/100\n|turn|7\n|\n|t:|1696354995\n|-terastallize|p1b: Ogerpon|Water\n|detailschange|p1b: Ogerpon|Ogerpon-Wellspring-Tera, F, tera:Water\n|-ability|p1b: Ogerpon|Embody Aspect (Wellspring)|boost\n|-boost|p1b: Ogerpon|spd|1\n|move|p1a: Chien-Pao|Sucker Punch|p2b: Dedenne\n|-resisted|p2b: Dedenne\n|-damage|p2b: Dedenne|11\/100\n|move|p2a: Electivire|Power-Up Punch|p1a: Chien-Pao\n|-supereffective|p1a: Chien-Pao\n|-damage|p1a: Chien-Pao|0 fnt\n|-boost|p2a: Electivire|atk|1\n|faint|p1a: Chien-Pao\n|move|p2b: Dedenne|Nuzzle|p1b: Ogerpon\n|-supereffective|p1b: Ogerpon\n|-crit|p1b: Ogerpon\n|-damage|p1b: Ogerpon|82\/100\n|-status|p1b: Ogerpon|par\n|move|p1b: Ogerpon|Ivy Cudgel|p2a: Electivire\n|-damage|p2a: Electivire|0 fnt\n|faint|p2a: Electivire\n|\n|-end|p2b: Dedenne|Magnet Rise\n|upkeep\n|\n|t:|1696355024\n|switch|p1a: Flutter Mane|Flutter Mane|100\/100\n|switch|p2a: Ogerpon|Ogerpon-Wellspring, F|100\/100\n|-enditem|p1a: Flutter Mane|Booster Energy\n|-activate|p1a: Flutter Mane|ability: Protosynthesis|[fromitem]\n|-start|p1a: Flutter Mane|protosynthesisspe\n|turn|8\n|\n|t:|1696355037\n|move|p1a: Flutter Mane|Thunderbolt|p2a: Ogerpon\n|-damage|p2a: Ogerpon|64\/100\n|move|p2a: Ogerpon|Encore|p1b: Ogerpon\n|-start|p1b: Ogerpon|Encore\n|move|p2b: Dedenne|Nuzzle|p1a: Flutter Mane\n|-damage|p1a: Flutter Mane|90\/100\n|-status|p1a: Flutter Mane|par\n|move|p1b: Ogerpon|Ivy Cudgel|p2b: Dedenne\n|-damage|p2b: Dedenne|0 fnt\n|faint|p2b: Dedenne\n|\n|upkeep\n|\n|t:|1696355047\n|switch|p2b: Fezandipiti|Fezandipiti, M|100\/100\n|turn|9\n|\n|t:|1696355068\n|move|p2a: Ogerpon|Horn Leech|p1b: Ogerpon\n|-supereffective|p1b: Ogerpon\n|-damage|p1b: Ogerpon|0 fnt\n|-heal|p2a: Ogerpon|100\/100|[from] drain|[of] p1b: Ogerpon\n|faint|p1b: Ogerpon\n|move|p2b: Fezandipiti|Dazzling Gleam|p1a: Flutter Mane\n|-damage|p1a: Flutter Mane|62\/100 par\n|move|p1a: Flutter Mane|Dazzling Gleam|p2b: Fezandipiti|[spread] p2a,p2b\n|-resisted|p2b: Fezandipiti\n|-damage|p2a: Ogerpon|61\/100\n|-damage|p2b: Fezandipiti|85\/100\n|\n|-heal|p2b: Fezandipiti|91\/100|[from] item: Black Sludge\n|upkeep\n|\n|t:|1696355074\n|switch|p1b: Cresselia|Cresselia, F|93\/100\n|turn|10\n|\n|t:|1696355090\n|-terastallize|p2a: Ogerpon|Water\n|detailschange|p2a: Ogerpon|Ogerpon-Wellspring-Tera, F, tera:Water\n|-ability|p2a: Ogerpon|Embody Aspect (Wellspring)|boost\n|-boost|p2a: Ogerpon|spd|1\n|move|p2a: Ogerpon|Ivy Cudgel|p1b: Cresselia\n|-damage|p1b: Cresselia|47\/100\n|move|p2b: Fezandipiti|Icy Wind|p1b: Cresselia|[spread] p1a,p1b\n|-damage|p1a: Flutter Mane|52\/100 par\n|-damage|p1b: Cresselia|41\/100\n|-unboost|p1a: Flutter Mane|spe|1\n|-unboost|p1b: Cresselia|spe|1\n|move|p1a: Flutter Mane|Dazzling Gleam|p2a: Ogerpon|[spread] p2a,p2b\n|-resisted|p2b: Fezandipiti\n|-damage|p2a: Ogerpon|37\/100\n|-damage|p2b: Fezandipiti|78\/100\n|move|p1b: Cresselia|Ice Beam|p2a: Ogerpon\n|-resisted|p2a: Ogerpon\n|-damage|p2a: Ogerpon|31\/100\n|\n|-heal|p2b: Fezandipiti|84\/100|[from] item: Black Sludge\n|upkeep\n|turn|11\n|inactive|Battle timer is ON: inactive players will automatically lose when time's up. (requested by Escavaknight)\n|\n|t:|1696355164\n|move|p2a: Ogerpon|Ivy Cudgel|p1b: Cresselia\n|-damage|p1b: Cresselia|0 fnt\n|faint|p1b: Cresselia\n|move|p2b: Fezandipiti|Icy Wind|p1a: Flutter Mane\n|-damage|p1a: Flutter Mane|38\/100 par\n|-unboost|p1a: Flutter Mane|spe|1\n|move|p1a: Flutter Mane|Shadow Ball|p2a: Ogerpon\n|-damage|p2a: Ogerpon|0 fnt\n|faint|p2a: Ogerpon\n|\n|-heal|p2b: Fezandipiti|90\/100|[from] item: Black Sludge\n|upkeep\n|\n|t:|1696355175\n|switch|p2a: Ursaluna|Ursaluna-Bloodmoon, M|100\/100\n|switch|p1b: Armarouge|Armarouge, F|10\/100 par\n|turn|12\n|c|\u2606LightOfTheRuin|gg\n|\n|t:|1696355196\n|move|p2b: Fezandipiti|Dazzling Gleam|p1a: Flutter Mane|[spread] p1a,p1b\n|-crit|p1a: Flutter Mane\n|-resisted|p1b: Armarouge\n|-damage|p1a: Flutter Mane|4\/100 par\n|-damage|p1b: Armarouge|0 fnt\n|faint|p1b: Armarouge\n|move|p1a: Flutter Mane|Dazzling Gleam|p2b: Fezandipiti|[spread] p2a,p2b\n|-resisted|p2b: Fezandipiti\n|-damage|p2a: Ursaluna|76\/100\n|-damage|p2b: Fezandipiti|75\/100\n|move|p2a: Ursaluna|Hyper Voice|p1a: Flutter Mane\n|-damage|p1a: Flutter Mane|0 fnt\n|faint|p1a: Flutter Mane\n|-end|p1a: Flutter Mane|Protosynthesis|[silent]\n|\n|win|LightOfTheRuin\n|raw|Escavaknight's rating: 1130 &rarr; <strong>1098<\/strong><br \/>(-32 for losing)\n|raw|LightOfTheRuin's rating: 1028 &rarr; <strong>1074<\/strong><br \/>(+46 for winning)\n|l|\u2606Escavaknight\n","uploadtime":1696355210,"views":9,"p1id":"escavaknight","p2id":"lightoftheruin","formatid":"gen9nationaldexdoubles","rating":1074,"private":0,"password":""}