{"id":"gen9nationaldexdoubles-1980734662","p1":"ashnarsis","p2":"TPD DreadNaw","format":"[Gen 9] National Dex Doubles","log":"|j|\u2606ashnarsis\n|j|\u2606TPD DreadNaw\n|t:|1698822146\n|gametype|doubles\n|player|p1|ashnarsis|cameraman|1091\n|player|p2|TPD DreadNaw|clay|1082\n|teamsize|p1|6\n|teamsize|p2|6\n|gen|9\n|tier|[Gen 9] National Dex Doubles\n|rated|\n|rule|HP Percentage Mod: HP is shown in percentages\n|rule|Endless Battle Clause: Forcing endless battles is banned\n|rule|OHKO Clause: OHKO moves are banned\n|rule|Evasion Moves Clause: Evasion moves are banned\n|rule|Evasion Abilities Clause: Evasion abilities are banned\n|rule|Species Clause: Limit one of each Pok\u00e9mon\n|rule|Gravity Sleep Clause: The combination of sleep-inducing moves with imperfect accuracy and Gravity or Gigantamax Orbeetle are banned\n|clearpoke\n|poke|p1|Whimsicott, F|\n|poke|p1|Scizor, F|\n|poke|p1|Roaring Moon|\n|poke|p1|Kingambit, F|\n|poke|p1|Amoonguss, F|\n|poke|p1|Sinistcha|\n|poke|p2|Claydol|\n|poke|p2|Garchomp, M|\n|poke|p2|Camerupt, F|\n|poke|p2|Clodsire, M|\n|poke|p2|Ursaluna-Bloodmoon, M|\n|poke|p2|Great Tusk|\n|teampreview\n|inactive|Battle timer is ON: inactive players will automatically lose when time's up. (requested by ashnarsis)\n|\n|t:|1698822159\n|start\n|switch|p1a: Whimsicott|Whimsicott, F, shiny|100\/100\n|switch|p1b: Scizor|Scizor, F, shiny|100\/100\n|switch|p2a: Claydol|Claydol|100\/100\n|switch|p2b: Camerupt|Camerupt, F|100\/100\n|turn|1\n|\n|t:|1698822181\n|detailschange|p2b: Camerupt|Camerupt-Mega, F\n|-mega|p2b: Camerupt|Camerupt|Cameruptite\n|move|p1a: Whimsicott|Tailwind|p1a: Whimsicott\n|-sidestart|p1: ashnarsis|move: Tailwind\n|move|p1b: Scizor|Close Combat|p2b: Camerupt\n|-damage|p2b: Camerupt|52\/100\n|-unboost|p1b: Scizor|def|1\n|-unboost|p1b: Scizor|spd|1\n|move|p2a: Claydol|Cosmic Power|p2a: Claydol\n|-boost|p2a: Claydol|def|1\n|-boost|p2a: Claydol|spd|1\n|move|p2b: Camerupt|Fire Blast|p1b: Scizor\n|-supereffective|p1b: Scizor\n|-damage|p1b: Scizor|0 fnt\n|faint|p1b: Scizor\n|\n|upkeep\n|inactive|ashnarsis has 120 seconds left.\n|\n|t:|1698822198\n|switch|p1b: Roaring Moon|Roaring Moon, shiny|100\/100\n|turn|2\n|\n|t:|1698822212\n|-terastallize|p2a: Claydol|Ground\n|move|p1a: Whimsicott|Protect|p1a: Whimsicott\n|-singleturn|p1a: Whimsicott|Protect\n|-zpower|p1b: Roaring Moon\n|move|p1b: Roaring Moon|Devastating Drake|p2b: Camerupt|[zeffect]\n|-damage|p2b: Camerupt|0 fnt\n|faint|p2b: Camerupt\n|move|p2a: Claydol|Cosmic Power|p2a: Claydol\n|-boost|p2a: Claydol|def|1\n|-boost|p2a: Claydol|spd|1\n|\n|upkeep\n|\n|t:|1698822231\n|switch|p2b: Great Tusk|Great Tusk|100\/100\n|turn|3\n|\n|t:|1698822249\n|move|p1a: Whimsicott|Taunt|p2a: Claydol\n|-start|p2a: Claydol|move: Taunt\n|move|p1b: Roaring Moon|Outrage|p2a: Claydol\n|-damage|p2a: Claydol|70\/100\n|move|p2b: Great Tusk|Ice Spinner|p1a: Whimsicott\n|-supereffective|p1a: Whimsicott\n|-damage|p1a: Whimsicott|0 fnt\n|faint|p1a: Whimsicott\n|cant|p2a: Claydol|move: Taunt|Cosmic Power\n|\n|-heal|p2a: Claydol|76\/100|[from] item: Leftovers\n|upkeep\n|\n|t:|1698822262\n|switch|p1a: Kingambit|Kingambit, F, shiny|100\/100\n|turn|4\n|\n|t:|1698822280\n|move|p1a: Kingambit|Protect|p1a: Kingambit\n|-singleturn|p1a: Kingambit|Protect\n|move|p1b: Roaring Moon|Outrage|p2a: Claydol|[from]lockedmove\n|-damage|p2a: Claydol|43\/100\n|move|p2b: Great Tusk|Ice Spinner|p1b: Roaring Moon\n|-supereffective|p1b: Roaring Moon\n|-damage|p1b: Roaring Moon|0 fnt\n|faint|p1b: Roaring Moon\n|-end|p1b: Roaring Moon|Protosynthesis|[silent]\n|move|p2a: Claydol|Body Press|p1a: Kingambit\n|-activate|p1a: Kingambit|move: Protect\n|\n|-heal|p2a: Claydol|49\/100|[from] item: Leftovers\n|-sideend|p1: ashnarsis|move: Tailwind\n|upkeep\n|\n|t:|1698822295\n|switch|p1b: Amoonguss|Amoonguss, F, shiny|100\/100\n|turn|5\n|\n|t:|1698822307\n|move|p2b: Great Tusk|Ice Spinner|p1b: Amoonguss\n|-supereffective|p1b: Amoonguss\n|-damage|p1b: Amoonguss|17\/100\n|-damage|p2b: Great Tusk|84\/100|[from] item: Rocky Helmet|[of] p1b: Amoonguss\n|move|p2a: Claydol|Stored Power|p1b: Amoonguss\n|-supereffective|p1b: Amoonguss\n|-damage|p1b: Amoonguss|0 fnt\n|faint|p1b: Amoonguss\n|move|p1a: Kingambit|Kowtow Cleave|p2a: Claydol\n|-damage|p2a: Claydol|25\/100\n|\n|-heal|p2a: Claydol|31\/100|[from] item: Leftovers\n|-end|p2a: Claydol|move: Taunt\n|upkeep\n|\n|t:|1698822320\n|switch|p1b: Sinistcha|Sinistcha, shiny|100\/100\n|turn|6\n|\n|t:|1698822334\n|move|p2b: Great Tusk|Ice Spinner|p1b: Sinistcha\n|-supereffective|p1b: Sinistcha\n|-damage|p1b: Sinistcha|42\/100\n|-damage|p2b: Great Tusk|68\/100|[from] item: Rocky Helmet|[of] p1b: Sinistcha\n|move|p2a: Claydol|Rest|p2a: Claydol\n|-status|p2a: Claydol|slp|[from] move: Rest\n|-heal|p2a: Claydol|100\/100 slp|[silent]\n|move|p1a: Kingambit|Kowtow Cleave|p2a: Claydol\n|-damage|p2a: Claydol|74\/100 slp\n|move|p1b: Sinistcha|Trick Room|p1b: Sinistcha\n|-fieldstart|move: Trick Room|[of] p1b: Sinistcha\n|\n|-heal|p2a: Claydol|80\/100 slp|[from] item: Leftovers\n|upkeep\n|turn|7\n|\n|t:|1698822354\n|move|p1a: Kingambit|Kowtow Cleave|p2a: Claydol\n|-damage|p2a: Claydol|53\/100 slp\n|move|p1b: Sinistcha|Matcha Gotcha|p2b: Great Tusk|[spread] p2a\n|-miss|p1b: Sinistcha|p2b: Great Tusk\n|-supereffective|p2a: Claydol\n|-damage|p2a: Claydol|36\/100 slp\n|-heal|p1b: Sinistcha|50\/100|[from] drain|[of] p2a: Claydol\n|cant|p2a: Claydol|slp\n|move|p2b: Great Tusk|Ice Spinner|p1b: Sinistcha\n|-supereffective|p1b: Sinistcha\n|-damage|p1b: Sinistcha|0 fnt\n|-damage|p2b: Great Tusk|51\/100|[from] item: Rocky Helmet|[of] p1b: Sinistcha\n|faint|p1b: Sinistcha\n|\n|-heal|p2a: Claydol|42\/100 slp|[from] item: Leftovers\n|upkeep\n|turn|8\n|-message|ashnarsis forfeited.\n|\n|win|TPD DreadNaw\n|raw|ashnarsis's rating: 1091 &rarr; <strong>1067<\/strong><br \/>(-24 for losing)\n|raw|TPD DreadNaw's rating: 1082 &rarr; <strong>1110<\/strong><br \/>(+28 for winning)\n|l|\u2606ashnarsis\n","uploadtime":1698822369,"views":11,"p1id":"ashnarsis","p2id":"tpddreadnaw","formatid":"gen9nationaldexdoubles","rating":1067,"private":0,"password":""}