{"id":"gen9nationaldexdoubles-1954109664","p1":"wagglycrazyjj","p2":"pot rocks","format":"[Gen 9] National Dex Doubles","log":"|j|\u2606wagglycrazyjj\n|j|\u2606pot rocks\n|t:|1695854681\n|gametype|doubles\n|player|p1|wagglycrazyjj|2|1007\n|player|p2|pot rocks|fisherman-gen4|1096\n|teamsize|p1|6\n|teamsize|p2|6\n|gen|9\n|tier|[Gen 9] National Dex Doubles\n|rated|\n|rule|HP Percentage Mod: HP is shown in percentages\n|rule|Endless Battle Clause: Forcing endless battles is banned\n|rule|OHKO Clause: OHKO moves are banned\n|rule|Evasion Moves Clause: Evasion moves are banned\n|rule|Evasion Abilities Clause: Evasion abilities are banned\n|rule|Species Clause: Limit one of each Pok\u00e9mon\n|rule|Gravity Sleep Clause: The combination of sleep-inducing moves with imperfect accuracy and Gravity or Gigantamax Orbeetle are banned\n|clearpoke\n|poke|p1|Toxapex, F|\n|poke|p1|Dragapult, M|\n|poke|p1|Wo-Chien|\n|poke|p1|Sinistcha|\n|poke|p1|Glimmora, M|\n|poke|p1|Kommo-o, M|\n|poke|p2|Ambipom, M|\n|poke|p2|Jolteon, F|\n|poke|p2|Absol, F|\n|poke|p2|Tauros, M|\n|poke|p2|Pidove, F|\n|poke|p2|Weezing-Galar, M|\n|teampreview\n|inactive|Battle timer is ON: inactive players will automatically lose when time's up. (requested by pot rocks)\n|\n|t:|1695854709\n|start\n|switch|p1a: Kommo-o|Kommo-o, M|100\/100\n|switch|p1b: Sinistcha|Sinistcha|100\/100\n|switch|p2a: Ambipom|Ambipom, M|100\/100\n|switch|p2b: Jolteon|Jolteon, F|100\/100\n|turn|1\n|\n|t:|1695854725\n|move|p2a: Ambipom|Fake Out|p1a: Kommo-o\n|-damage|p1a: Kommo-o|75\/100\n|move|p2b: Jolteon|Shadow Ball|p1b: Sinistcha\n|-supereffective|p1b: Sinistcha\n|-damage|p1b: Sinistcha|37\/100\n|cant|p1a: Kommo-o|flinch\n|move|p1b: Sinistcha|Life Dew|p1b: Sinistcha|[spread] p1a,p1b\n|-heal|p1a: Kommo-o|99\/100\n|-heal|p1b: Sinistcha|63\/100\n|\n|-heal|p1b: Sinistcha|69\/100|[from] item: Leftovers\n|upkeep\n|turn|2\n|\n|t:|1695854755\n|move|p2b: Jolteon|Hidden Power|p1a: Kommo-o\n|-supereffective|p1a: Kommo-o\n|-damage|p1a: Kommo-o|50\/100\n|move|p2a: Ambipom|Aerial Ace|p1a: Kommo-o\n|-supereffective|p1a: Kommo-o\n|-damage|p1a: Kommo-o|0 fnt\n|faint|p1a: Kommo-o\n|move|p1b: Sinistcha|Life Dew|p1b: Sinistcha\n|-heal|p1b: Sinistcha|94\/100\n|\n|-heal|p1b: Sinistcha|99\/100|[from] item: Leftovers\n|upkeep\n|\n|t:|1695854766\n|switch|p1a: Dragapult|Dragapult, M|100\/100\n|turn|3\n|\n|t:|1695854780\n|switch|p2a: Weezing|Weezing-Galar, M|100\/100\n|-ability|p2a: Weezing|Neutralizing Gas\n|move|p1a: Dragapult|Dragon Darts|p2b: Jolteon\n|-damage|p2b: Jolteon|50\/100\n|-anim|p1a: Dragapult|Dragon Darts|p2b: Jolteon\n|-damage|p2b: Jolteon|2\/100\n|move|p2b: Jolteon|Shadow Ball|p1a: Dragapult\n|-supereffective|p1a: Dragapult\n|-damage|p1a: Dragapult|27\/100\n|move|p1b: Sinistcha|Life Dew|p1b: Sinistcha|[spread] p1a,p1b\n|-heal|p1a: Dragapult|52\/100\n|-heal|p1b: Sinistcha|100\/100\n|\n|upkeep\n|turn|4\n|\n|t:|1695854804\n|move|p1a: Dragapult|Phantom Force||[still]\n|-prepare|p1a: Dragapult|Phantom Force\n|move|p2b: Jolteon|Shadow Ball|p1b: Sinistcha\n|-supereffective|p1b: Sinistcha\n|-damage|p1b: Sinistcha|35\/100\n|move|p1b: Sinistcha|Strength Sap|p2b: Jolteon\n|-unboost|p2b: Jolteon|atk|1\n|-heal|p1b: Sinistcha|70\/100\n|move|p2a: Weezing|Dazzling Gleam|p1a: Dragapult|[spread] p1b\n|-miss|p2a: Weezing|p1a: Dragapult\n|-damage|p1b: Sinistcha|45\/100\n|\n|-heal|p1b: Sinistcha|51\/100|[from] item: Leftovers\n|upkeep\n|turn|5\n|\n|t:|1695854829\n|switch|p2b: Pidove|Pidove, F|100\/100\n|move|p1b: Sinistcha|Rage Powder|p1b: Sinistcha\n|-singleturn|p1b: Sinistcha|move: Rage Powder\n|move|p1a: Dragapult|Phantom Force|p2a: Weezing|[from]lockedmove\n|-damage|p2a: Weezing|71\/100\n|move|p2a: Weezing|Dazzling Gleam|p1a: Dragapult|[spread] p1a,p1b\n|-supereffective|p1a: Dragapult\n|-damage|p1a: Dragapult|1\/100\n|-damage|p1b: Sinistcha|27\/100\n|\n|-heal|p1b: Sinistcha|33\/100|[from] item: Leftovers\n|-heal|p2a: Weezing|77\/100|[from] item: Leftovers\n|upkeep\n|turn|6\n|\n|t:|1695854849\n|move|p1a: Dragapult|Dragon Darts|p2b: Pidove\n|-damage|p2b: Pidove|50\/100\n|-anim|p1a: Dragapult|Dragon Darts|p2b: Pidove\n|-damage|p2b: Pidove|0 fnt\n|faint|p2b: Pidove\n|move|p1b: Sinistcha|Matcha Gotcha|p2a: Weezing\n|-resisted|p2a: Weezing\n|-damage|p2a: Weezing|50\/100\n|-heal|p1b: Sinistcha|45\/100|[from] drain|[of] p2a: Weezing\n|move|p2a: Weezing|Dazzling Gleam|p1b: Sinistcha|[spread] p1a,p1b\n|-supereffective|p1a: Dragapult\n|-damage|p1a: Dragapult|0 fnt\n|-damage|p1b: Sinistcha|23\/100\n|faint|p1a: Dragapult\n|\n|-heal|p1b: Sinistcha|29\/100|[from] item: Leftovers\n|-heal|p2a: Weezing|56\/100|[from] item: Leftovers\n|upkeep\n|\n|t:|1695854866\n|switch|p1a: Glimmora|Glimmora, M|100\/100\n|switch|p2b: Jolteon|Jolteon, F|2\/100\n|turn|7\n|\n|t:|1695854879\n|move|p2b: Jolteon|Thunderbolt|p1a: Glimmora\n|-damage|p1a: Glimmora|42\/100\n|move|p1a: Glimmora|Spikes|p2a: Weezing\n|-sidestart|p2: pot rocks|Spikes\n|move|p1b: Sinistcha|Life Dew|p1b: Sinistcha|[spread] p1a,p1b\n|-heal|p1a: Glimmora|67\/100\n|-heal|p1b: Sinistcha|54\/100\n|move|p2a: Weezing|Dazzling Gleam|p1b: Sinistcha|[spread] p1a,p1b\n|-resisted|p1a: Glimmora\n|-damage|p1a: Glimmora|55\/100\n|-damage|p1b: Sinistcha|29\/100\n|\n|-heal|p1a: Glimmora|61\/100|[from] item: Leftovers\n|-heal|p1b: Sinistcha|35\/100|[from] item: Leftovers\n|-heal|p2a: Weezing|62\/100|[from] item: Leftovers\n|upkeep\n|turn|8\n|inactive|wagglycrazyjj has 120 seconds left.\n|\n|t:|1695854909\n|move|p2b: Jolteon|Thunderbolt|p1a: Glimmora\n|-damage|p1a: Glimmora|3\/100\n|move|p1a: Glimmora|Power Gem|p2b: Jolteon\n|-damage|p2b: Jolteon|0 fnt\n|faint|p2b: Jolteon\n|move|p1b: Sinistcha|Life Dew|p1b: Sinistcha|[spread] p1a,p1b\n|-heal|p1a: Glimmora|29\/100\n|-heal|p1b: Sinistcha|61\/100\n|move|p2a: Weezing|Defog|p1a: Glimmora\n|-unboost|p1a: Glimmora|evasion|1\n|-sideend|p2: pot rocks|Spikes|[from] move: Defog|[of] p2a: Weezing\n|\n|-heal|p1a: Glimmora|35\/100|[from] item: Leftovers\n|-heal|p1b: Sinistcha|67\/100|[from] item: Leftovers\n|-heal|p2a: Weezing|68\/100|[from] item: Leftovers\n|upkeep\n|\n|t:|1695854922\n|switch|p2b: Absol|Absol, F|100\/100\n|turn|9\n|\n|t:|1695854932\n|move|p1a: Glimmora|Power Gem|p2a: Weezing\n|-damage|p2a: Weezing|16\/100\n|move|p2b: Absol|Night Slash|p1b: Sinistcha\n|-supereffective|p1b: Sinistcha\n|-damage|p1b: Sinistcha|0 fnt\n|faint|p1b: Sinistcha\n|move|p2a: Weezing|Dazzling Gleam|p1a: Glimmora\n|-resisted|p1a: Glimmora\n|-damage|p1a: Glimmora|19\/100\n|\n|-heal|p1a: Glimmora|25\/100|[from] item: Leftovers\n|-heal|p2a: Weezing|22\/100|[from] item: Leftovers\n|upkeep\n|\n|t:|1695854952\n|switch|p1b: Wo-Chien|Wo-Chien|100\/100\n|turn|10\n|\n|t:|1695854967\n|move|p2b: Absol|Sucker Punch|p1a: Glimmora\n|-damage|p1a: Glimmora|0 fnt\n|faint|p1a: Glimmora\n|move|p1b: Wo-Chien|Leech Seed|p2b: Absol\n|-start|p2b: Absol|move: Leech Seed\n|move|p2a: Weezing|Dazzling Gleam|p1b: Wo-Chien\n|-supereffective|p1b: Wo-Chien\n|-damage|p1b: Wo-Chien|73\/100\n|\n|-heal|p1b: Wo-Chien|79\/100|[from] item: Leftovers\n|-heal|p2a: Weezing|28\/100|[from] item: Leftovers\n|-damage|p2b: Absol|88\/100|[from] Leech Seed|[of] p1b: Wo-Chien\n|-heal|p1b: Wo-Chien|88\/100|[silent]\n|upkeep\n|\n|t:|1695854979\n|switch|p1a: Toxapex|Toxapex, F|100\/100\n|turn|11\n|\n|t:|1695854990\n|switch|p2b: Ambipom|Ambipom, M|100\/100\n|move|p1b: Wo-Chien|Dark Pulse|p2a: Weezing\n|-resisted|p2a: Weezing\n|-damage|p2a: Weezing|11\/100\n|move|p2a: Weezing|Dazzling Gleam|p1b: Wo-Chien|[spread] p1a,p1b\n|-resisted|p1a: Toxapex\n|-supereffective|p1b: Wo-Chien\n|-damage|p1a: Toxapex|93\/100\n|-damage|p1b: Wo-Chien|67\/100\n|move|p1a: Toxapex|Poison Jab|p2b: Ambipom\n|-damage|p2b: Ambipom|61\/100\n|\n|-heal|p1b: Wo-Chien|73\/100|[from] item: Leftovers\n|-heal|p2a: Weezing|17\/100|[from] item: Leftovers\n|upkeep\n|turn|12\n|\n|t:|1695855015\n|move|p2b: Ambipom|Fake Out|p1b: Wo-Chien\n|-damage|p1b: Wo-Chien|55\/100\n|cant|p1b: Wo-Chien|flinch\n|move|p2a: Weezing|Dazzling Gleam|p1a: Toxapex|[spread] p1a,p1b\n|-resisted|p1a: Toxapex\n|-supereffective|p1b: Wo-Chien\n|-damage|p1a: Toxapex|84\/100\n|-damage|p1b: Wo-Chien|33\/100\n|move|p1a: Toxapex|Toxic|p2a: Weezing\n|-immune|p2a: Weezing\n|\n|-heal|p1b: Wo-Chien|39\/100|[from] item: Leftovers\n|-heal|p2a: Weezing|23\/100|[from] item: Leftovers\n|upkeep\n|turn|13\n|c|\u2606pot rocks|...\n|inactive|wagglycrazyjj has 120 seconds left.\n|inactive|wagglycrazyjj has 90 seconds left.\n|\n|t:|1695855099\n|move|p2b: Ambipom|Aerial Ace|p1b: Wo-Chien\n|-supereffective|p1b: Wo-Chien\n|-damage|p1b: Wo-Chien|4\/100\n|move|p1b: Wo-Chien|Facade|p2a: Weezing\n|-damage|p2a: Weezing|13\/100\n|move|p2a: Weezing|Destiny Bond|p2a: Weezing\n|-singlemove|p2a: Weezing|Destiny Bond\n|move|p1a: Toxapex|Toxic|p2a: Weezing\n|-immune|p2a: Weezing\n|\n|-heal|p1b: Wo-Chien|10\/100|[from] item: Leftovers\n|-heal|p2a: Weezing|19\/100|[from] item: Leftovers\n|upkeep\n|turn|14\n|inactive|wagglycrazyjj has 90 seconds left.\n|c|\u2606pot rocks|Why did you do it twice\n|c|\u2606pot rocks|Weezing a pison type\n|inactive|wagglycrazyjj has 60 seconds left.\n|inactive|wagglycrazyjj has 30 seconds left.\n|inactive|wagglycrazyjj has 20 seconds left.\n|j| Ryoko7\n|inactive|wagglycrazyjj has 15 seconds left.\n|inactive|wagglycrazyjj has 10 seconds left.\n|inactive|wagglycrazyjj has 5 seconds left.\n|\n|t:|1695855193\n|move|p2b: Ambipom|Double Hit|p1a: Toxapex\n|-damage|p1a: Toxapex|74\/100\n|-damage|p1a: Toxapex|63\/100\n|-hitcount|p1a: Toxapex|2\n|move|p1b: Wo-Chien|Dark Pulse|p2b: Ambipom\n|-damage|p2b: Ambipom|17\/100\n|move|p2a: Weezing|Dazzling Gleam|p1b: Wo-Chien|[spread] p1a,p1b\n|-resisted|p1a: Toxapex\n|-supereffective|p1b: Wo-Chien\n|-damage|p1a: Toxapex|54\/100\n|-damage|p1b: Wo-Chien|0 fnt\n|faint|p1b: Wo-Chien\n|move|p1a: Toxapex|Toxic Spikes|p2b: Ambipom\n|-sidestart|p2: pot rocks|move: Toxic Spikes\n|\n|-heal|p2a: Weezing|25\/100|[from] item: Leftovers\n|upkeep\n|turn|15\n|inactive|wagglycrazyjj has 30 seconds left this turn.\n|l| Ryoko7\n|inactive|wagglycrazyjj has 20 seconds left.\n|inactive|wagglycrazyjj has 15 seconds left.\n|\n|t:|1695855211\n|move|p2b: Ambipom|Double Hit|p1a: Toxapex\n|-damage|p1a: Toxapex|45\/100\n|-damage|p1a: Toxapex|36\/100\n|-hitcount|p1a: Toxapex|2\n|move|p2a: Weezing|Destiny Bond|p2a: Weezing\n|-singlemove|p2a: Weezing|Destiny Bond\n|move|p1a: Toxapex|Toxic Spikes|p2b: Ambipom\n|-sidestart|p2: pot rocks|move: Toxic Spikes\n|\n|-heal|p2a: Weezing|31\/100|[from] item: Leftovers\n|upkeep\n|turn|16\n|inactive|wagglycrazyjj has 30 seconds left.\n|\n|t:|1695855225\n|move|p2b: Ambipom|Double Hit|p1a: Toxapex\n|-damage|p1a: Toxapex|26\/100\n|-damage|p1a: Toxapex|15\/100\n|-hitcount|p1a: Toxapex|2\n|move|p2a: Weezing|Dazzling Gleam|p1a: Toxapex\n|-resisted|p1a: Toxapex\n|-damage|p1a: Toxapex|4\/100\n|move|p1a: Toxapex|Poison Jab|p2b: Ambipom\n|-damage|p2b: Ambipom|0 fnt\n|faint|p2b: Ambipom\n|\n|-heal|p2a: Weezing|37\/100|[from] item: Leftovers\n|upkeep\n|\n|t:|1695855232\n|switch|p2b: Absol|Absol, F|88\/100\n|-status|p2b: Absol|tox\n|turn|17\n|-message|wagglycrazyjj forfeited.\n|\n|win|pot rocks\n|raw|wagglycrazyjj's rating: 1007 &rarr; <strong>1000<\/strong><br \/>(-7 for losing)\n|raw|pot rocks's rating: 1096 &rarr; <strong>1115<\/strong><br \/>(+19 for winning)\n|l|\u2606wagglycrazyjj\n","uploadtime":1695855245,"views":10,"p1id":"wagglycrazyjj","p2id":"potrocks","formatid":"gen9nationaldexdoubles","rating":1000,"private":0,"password":""}