{"id":"gen9nationaldexdoubles-1971427397","p1":"Yu hung lo","p2":"aewke","format":"[Gen 9] National Dex Doubles","log":"|j|\u2606Yu hung lo\n|j|\u2606aewke\n|t:|1697737643\n|gametype|doubles\n|player|p1|Yu hung lo|janitor|1473\n|player|p2|aewke|harlequin|1194\n|teamsize|p1|6\n|teamsize|p2|6\n|gen|9\n|tier|[Gen 9] National Dex Doubles\n|rated|\n|rule|HP Percentage Mod: HP is shown in percentages\n|rule|Endless Battle Clause: Forcing endless battles is banned\n|rule|OHKO Clause: OHKO moves are banned\n|rule|Evasion Moves Clause: Evasion moves are banned\n|rule|Evasion Abilities Clause: Evasion abilities are banned\n|rule|Species Clause: Limit one of each Pok\u00e9mon\n|rule|Gravity Sleep Clause: The combination of sleep-inducing moves with imperfect accuracy and Gravity or Gigantamax Orbeetle are banned\n|clearpoke\n|poke|p1|Kangaskhan, F|\n|poke|p1|Grimmsnarl, M|\n|poke|p1|Incineroar, M|\n|poke|p1|Rillaboom, M|\n|poke|p1|Blastoise, F|\n|poke|p1|Dragapult, F|\n|poke|p2|Deoxys-Attack|\n|poke|p2|Indeedee-F, F|\n|poke|p2|Reuniclus, F|\n|poke|p2|Hatterene, F|\n|poke|p2|Tapu Lele|\n|poke|p2|Armarouge, M|\n|teampreview\n|inactive|Battle timer is ON: inactive players will automatically lose when time's up. (requested by aewke)\n|inactive|aewke has 120 seconds left.\n|\n|t:|1697737684\n|start\n|switch|p1a: Grimmsnarl|Grimmsnarl, M|100\/100\n|switch|p1b: Incineroar|Incineroar, M|100\/100\n|switch|p2a: Tapu Lele|Tapu Lele|100\/100\n|switch|p2b: Armarouge|Armarouge, M|100\/100\n|-fieldstart|move: Psychic Terrain|[from] ability: Psychic Surge|[of] p2a: Tapu Lele\n|-ability|p1b: Incineroar|Intimidate|boost\n|-unboost|p2a: Tapu Lele|atk|1\n|-unboost|p2b: Armarouge|atk|1\n|turn|1\n|\n|t:|1697737699\n|move|p1a: Grimmsnarl|Light Screen|p1a: Grimmsnarl\n|-sidestart|p1: Yu hung lo|move: Light Screen\n|move|p2a: Tapu Lele|Taunt|p1a: Grimmsnarl\n|-start|p1a: Grimmsnarl|move: Taunt\n|move|p1b: Incineroar|Snarl|p2b: Armarouge|[spread] p2a,p2b\n|-supereffective|p2b: Armarouge\n|-damage|p2a: Tapu Lele|90\/100\n|-damage|p2b: Armarouge|76\/100\n|-unboost|p2a: Tapu Lele|spa|1\n|-unboost|p2b: Armarouge|spa|1\n|move|p2b: Armarouge|Trick Room|p2b: Armarouge\n|-fieldstart|move: Trick Room|[of] p2b: Armarouge\n|\n|upkeep\n|turn|2\n|\n|t:|1697737723\n|move|p2b: Armarouge|Armor Cannon|p1a: Grimmsnarl\n|-damage|p1a: Grimmsnarl|70\/100\n|-unboost|p2b: Armarouge|def|1\n|-unboost|p2b: Armarouge|spd|1\n|move|p1a: Grimmsnarl|Spirit Break|p2a: Tapu Lele\n|-damage|p2a: Tapu Lele|41\/100\n|-unboost|p2a: Tapu Lele|spa|1\n|move|p1b: Incineroar|Snarl|p2a: Tapu Lele|[spread] p2a,p2b\n|-supereffective|p2b: Armarouge\n|-damage|p2a: Tapu Lele|29\/100\n|-damage|p2b: Armarouge|38\/100\n|-unboost|p2a: Tapu Lele|spa|1\n|-unboost|p2b: Armarouge|spa|1\n|move|p2a: Tapu Lele|Toxic|p1b: Incineroar\n|-status|p1b: Incineroar|tox\n|\n|-damage|p1b: Incineroar|94\/100 tox|[from] psn\n|upkeep\n|turn|3\n|\n|t:|1697737750\n|move|p2b: Armarouge|Armor Cannon|p1a: Grimmsnarl\n|-damage|p1a: Grimmsnarl|49\/100\n|-unboost|p2b: Armarouge|def|1\n|-unboost|p2b: Armarouge|spd|1\n|move|p1a: Grimmsnarl|Spirit Break|p2a: Tapu Lele\n|-damage|p2a: Tapu Lele|0 fnt\n|faint|p2a: Tapu Lele\n|move|p1b: Incineroar|Snarl|p2b: Armarouge\n|-supereffective|p2b: Armarouge\n|-damage|p2b: Armarouge|0 fnt\n|faint|p2b: Armarouge\n|\n|-damage|p1b: Incineroar|82\/100 tox|[from] psn\n|upkeep\n|inactive|aewke has 120 seconds left.\n|\n|t:|1697737768\n|switch|p2b: Hatterene|Hatterene, F|100\/100\n|switch|p2a: Reuniclus|Reuniclus, F|100\/100\n|-enditem|p2b: Hatterene|Psychic Seed\n|-boost|p2b: Hatterene|spd|1|[from] item: Psychic Seed\n|turn|4\n|\n|t:|1697737781\n|switch|p1a: Rillaboom|Rillaboom, M|100\/100\n|-fieldstart|move: Grassy Terrain|[from] ability: Grassy Surge|[of] p1a: Rillaboom\n|-terastallize|p2a: Reuniclus|Fighting\n|move|p2b: Hatterene|Reflect|p2b: Hatterene\n|-sidestart|p2: aewke|Reflect\n|move|p2a: Reuniclus|Focus Blast|p1b: Incineroar\n|-supereffective|p1b: Incineroar\n|-damage|p1b: Incineroar|9\/100 tox\n|move|p1b: Incineroar|Snarl|p2a: Reuniclus|[spread] p2a,p2b\n|-resisted|p2a: Reuniclus\n|-damage|p2a: Reuniclus|96\/100\n|-damage|p2b: Hatterene|94\/100\n|-unboost|p2a: Reuniclus|spa|1\n|-unboost|p2b: Hatterene|spa|1\n|\n|-heal|p2b: Hatterene|99\/100|[from] Grassy Terrain\n|-heal|p2a: Reuniclus|100\/100|[from] Grassy Terrain\n|-heal|p1b: Incineroar|15\/100 tox|[from] Grassy Terrain\n|-damage|p1b: Incineroar|0 fnt|[from] psn\n|faint|p1b: Incineroar\n|upkeep\n|\n|t:|1697737802\n|switch|p1b: Kangaskhan|Kangaskhan, F|100\/100\n|turn|5\n|\n|t:|1697737820\n|switch|p2a: Indeedee|Indeedee-F, F|100\/100\n|-fieldstart|move: Psychic Terrain|[from] ability: Psychic Surge|[of] p2a: Indeedee\n|detailschange|p1b: Kangaskhan|Kangaskhan-Mega, F\n|-mega|p1b: Kangaskhan|Kangaskhan|Kangaskhanite\n|move|p1b: Kangaskhan|Fake Out|p2a: Indeedee\n|-activate|p2a: Indeedee|move: Psychic Terrain\n|move|p2b: Hatterene|Expanding Force|p1a: Rillaboom|[spread] p1a,p1b\n|-damage|p1a: Rillaboom|82\/100\n|-damage|p1b: Kangaskhan|72\/100\n|move|p1a: Rillaboom|Wood Hammer|p2a: Indeedee\n|-damage|p2a: Indeedee|41\/100\n|-damage|p1a: Rillaboom|65\/100|[from] Recoil\n|\n|-fieldend|move: Trick Room\n|upkeep\n|turn|6\n|\n|t:|1697737836\n|switch|p1b: Grimmsnarl|Grimmsnarl, M|49\/100\n|switch|p2b: Deoxys|Deoxys-Attack|100\/100\n|-ability|p2b: Deoxys|Pressure\n|move|p2a: Indeedee|Follow Me|p2a: Indeedee\n|-singleturn|p2a: Indeedee|move: Follow Me\n|move|p1a: Rillaboom|U-turn|p2a: Indeedee\n|-supereffective|p2a: Indeedee\n|-damage|p2a: Indeedee|0 fnt\n|faint|p2a: Indeedee\n|\n|t:|1697737845\n|switch|p1a: Kangaskhan|Kangaskhan-Mega, F|72\/100|[from] U-turn\n|\n|upkeep\n|\n|t:|1697737850\n|switch|p2a: Hatterene|Hatterene, F|99\/100\n|turn|7\n|\n|t:|1697737871\n|move|p1b: Grimmsnarl|Parting Shot|p2b: Deoxys\n|-activate|p2b: Deoxys|move: Psychic Terrain\n|move|p2b: Deoxys|Hidden Power|p1a: Kangaskhan\n|-supereffective|p1a: Kangaskhan\n|-damage|p1a: Kangaskhan|34\/100\n|move|p1a: Kangaskhan|Double-Edge|p2a: Hatterene\n|-damage|p2a: Hatterene|57\/100\n|-damage|p2a: Hatterene|45\/100\n|-hitcount|p2a: Hatterene|2\n|-damage|p1a: Kangaskhan|18\/100|[from] Recoil\n|move|p2a: Hatterene|Expanding Force|p1b: Grimmsnarl|[spread] p1a\n|-immune|p1b: Grimmsnarl\n|-damage|p1a: Kangaskhan|0 fnt\n|faint|p1a: Kangaskhan\n|\n|upkeep\n|\n|t:|1697737883\n|switch|p1a: Dragapult|Dragapult, F|100\/100\n|turn|8\n|\n|t:|1697737891\n|switch|p2b: Reuniclus|Reuniclus, F, tera:Fighting|100\/100\n|-terastallize|p1a: Dragapult|Ghost\n|move|p1a: Dragapult|Tera Blast|p2a: Hatterene|[anim] Tera Blast Ghost\n|-supereffective|p2a: Hatterene\n|-damage|p2a: Hatterene|0 fnt\n|faint|p2a: Hatterene\n|move|p1b: Grimmsnarl|Spirit Break|p2b: Reuniclus\n|-supereffective|p2b: Reuniclus\n|-damage|p2b: Reuniclus|57\/100\n|-unboost|p2b: Reuniclus|spa|1\n|\n|-sideend|p2: aewke|Reflect\n|-sideend|p1: Yu hung lo|move: Light Screen\n|upkeep\n|\n|t:|1697737901\n|switch|p2a: Deoxys|Deoxys-Attack|100\/100\n|-ability|p2a: Deoxys|Pressure\n|turn|9\n|\n|t:|1697737915\n|switch|p1b: Rillaboom|Rillaboom, M|65\/100\n|-fieldstart|move: Grassy Terrain|[from] ability: Grassy Surge|[of] p1b: Rillaboom\n|move|p2a: Deoxys|Psycho Boost|p1a: Dragapult\n|-damage|p1a: Dragapult|0 fnt\n|-unboost|p2a: Deoxys|spa|2\n|faint|p1a: Dragapult\n|move|p2b: Reuniclus|Focus Blast|p1b: Rillaboom\n|-damage|p1b: Rillaboom|27\/100\n|\n|-heal|p1b: Rillaboom|33\/100|[from] Grassy Terrain\n|-heal|p2b: Reuniclus|63\/100|[from] Grassy Terrain\n|upkeep\n|\n|t:|1697737921\n|switch|p1a: Blastoise|Blastoise, F|100\/100\n|turn|10\n|\n|t:|1697737934\n|move|p1a: Blastoise|Follow Me|p1a: Blastoise\n|-singleturn|p1a: Blastoise|move: Follow Me\n|move|p2a: Deoxys|Psycho Boost|p1a: Blastoise\n|-damage|p1a: Blastoise|61\/100\n|-unboost|p2a: Deoxys|spa|2\n|move|p1b: Rillaboom|Wood Hammer|p2b: Reuniclus\n|-damage|p2b: Reuniclus|0 fnt\n|faint|p2b: Reuniclus\n|-damage|p1b: Rillaboom|11\/100|[from] Recoil\n|\n|-heal|p1b: Rillaboom|18\/100|[from] Grassy Terrain\n|-heal|p1a: Blastoise|67\/100|[from] Grassy Terrain\n|upkeep\n|turn|11\n|c|\u2606aewke|gg\n|\n|t:|1697737944\n|move|p1a: Blastoise|Follow Me|p1a: Blastoise\n|-singleturn|p1a: Blastoise|move: Follow Me\n|move|p2a: Deoxys|Psycho Boost|p1a: Blastoise\n|-damage|p1a: Blastoise|39\/100\n|-unboost|p2a: Deoxys|spa|2\n|-enditem|p1a: Blastoise|Sitrus Berry|[eat]\n|-heal|p1a: Blastoise|64\/100|[from] item: Sitrus Berry\n|move|p1b: Rillaboom|U-turn|p2a: Deoxys\n|-supereffective|p2a: Deoxys\n|-damage|p2a: Deoxys|0 fnt\n|faint|p2a: Deoxys\n|\n|win|Yu hung lo\n|raw|Yu hung lo's rating: 1473 &rarr; <strong>1480<\/strong><br \/>(+7 for winning)\n|raw|aewke's rating: 1194 &rarr; <strong>1186<\/strong><br \/>(-8 for losing)\n|l|\u2606aewke\n","uploadtime":1697737950,"views":8,"p1id":"yuhunglo","p2id":"aewke","formatid":"gen9nationaldexdoubles","rating":1186,"private":0,"password":""}