{"id":"gen9nationaldexdoubles-1949416177","p1":"Suburamo","p2":"Anna Lisa Melculo","format":"[Gen 9] National Dex Doubles","log":"|j|\u2606Suburamo\n|j|\u2606Anna Lisa Melculo\n|t:|1695357976\n|gametype|doubles\n|player|p1|Suburamo|2|1187\n|player|p2|Anna Lisa Melculo|1|1254\n|teamsize|p1|6\n|teamsize|p2|6\n|gen|9\n|tier|[Gen 9] National Dex Doubles\n|rated|\n|rule|HP Percentage Mod: HP is shown in percentages\n|rule|Endless Battle Clause: Forcing endless battles is banned\n|rule|OHKO Clause: OHKO moves are banned\n|rule|Evasion Moves Clause: Evasion moves are banned\n|rule|Evasion Abilities Clause: Evasion abilities are banned\n|rule|Species Clause: Limit one of each Pok\u00e9mon\n|rule|Gravity Sleep Clause: The combination of sleep-inducing moves with imperfect accuracy and Gravity or Gigantamax Orbeetle are banned\n|clearpoke\n|poke|p1|Torterra, F|\n|poke|p1|Garchomp, M|\n|poke|p1|Togekiss, F|\n|poke|p1|Ambipom, F|\n|poke|p1|Empoleon, F|\n|poke|p1|Infernape, M|\n|poke|p2|Torkoal, M|\n|poke|p2|Flutter Mane|\n|poke|p2|Walking Wake|\n|poke|p2|Volcanion|\n|poke|p2|Chien-Pao|\n|poke|p2|Kingambit, M|\n|teampreview\n|inactive|Battle timer is ON: inactive players will automatically lose when time's up. (requested by Suburamo)\n|\n|t:|1695357988\n|start\n|switch|p1a: Togekiss|Togekiss, F|100\/100\n|switch|p1b: Torterra|Torterra, F, shiny|100\/100\n|switch|p2a: Pana Zulia|Torkoal, M|100\/100\n|switch|p2b: PeloeQk|Flutter Mane|100\/100\n|-weather|SunnyDay|[from] ability: Drought|[of] p2a: Pana Zulia\n|-activate|p2b: PeloeQk|ability: Protosynthesis\n|-start|p2b: PeloeQk|protosynthesisspe\n|turn|1\n|inactive|Suburamo has 120 seconds left.\n|\n|t:|1695358028\n|-terastallize|p1b: Torterra|Rock\n|move|p2b: PeloeQk|Calm Mind|p2b: PeloeQk\n|-boost|p2b: PeloeQk|spa|1\n|-boost|p2b: PeloeQk|spd|1\n|move|p1b: Torterra|Shell Smash|p1b: Torterra\n|-unboost|p1b: Torterra|def|1\n|-unboost|p1b: Torterra|spd|1\n|-boost|p1b: Torterra|atk|2\n|-boost|p1b: Torterra|spa|2\n|-boost|p1b: Torterra|spe|2\n|-enditem|p1b: Torterra|White Herb\n|-clearnegativeboost|p1b: Torterra|[silent]\n|move|p1a: Togekiss|Yawn|p2b: PeloeQk\n|-start|p2b: PeloeQk|move: Yawn|[of] p1a: Togekiss\n|move|p2a: Pana Zulia|Eruption|p1a: Togekiss|[spread] p1a,p1b\n|-resisted|p1b: Torterra\n|-damage|p1a: Togekiss|58\/100\n|-damage|p1b: Torterra|72\/100\n|\n|-weather|SunnyDay|[upkeep]\n|-heal|p1a: Togekiss|64\/100|[from] item: Leftovers\n|upkeep\n|turn|2\n|inactive|Suburamo has 120 seconds left.\n|\n|t:|1695358055\n|move|p1a: Togekiss|Follow Me|p1a: Togekiss\n|-singleturn|p1a: Togekiss|move: Follow Me\n|move|p2b: PeloeQk|Dazzling Gleam|p1b: Torterra|[spread] p1a,p1b\n|-damage|p1a: Togekiss|23\/100\n|-damage|p1b: Torterra|12\/100\n|-damage|p2b: PeloeQk|90\/100|[from] item: Life Orb\n|move|p1b: Torterra|Earthquake|p2b: PeloeQk|[spread] p2a,p2b\n|-immune|p1a: Togekiss\n|-supereffective|p2a: Pana Zulia\n|-damage|p2a: Pana Zulia|20\/100\n|-damage|p2b: PeloeQk|0 fnt\n|faint|p2b: PeloeQk\n|-end|p2b: PeloeQk|Protosynthesis|[silent]\n|move|p2a: Pana Zulia|Stealth Rock|p1b: Torterra\n|-sidestart|p1: Suburamo|move: Stealth Rock\n|\n|-weather|SunnyDay|[upkeep]\n|-heal|p1a: Togekiss|29\/100|[from] item: Leftovers\n|upkeep\n|inactive|Anna Lisa Melculo has 120 seconds left.\n|\n|t:|1695358077\n|switch|p2b: Volcanion|Volcanion|100\/100\n|turn|3\n|inactive|Anna Lisa Melculo has 120 seconds left.\n|\n|t:|1695358105\n|move|p2b: Volcanion|Protect|p2b: Volcanion\n|-singleturn|p2b: Volcanion|Protect\n|move|p1b: Torterra|Earthquake|p2a: Pana Zulia|[spread] p2a\n|-activate|p2b: Volcanion|move: Protect\n|-immune|p1a: Togekiss\n|-supereffective|p2a: Pana Zulia\n|-damage|p2a: Pana Zulia|0 fnt\n|faint|p2a: Pana Zulia\n|move|p1a: Togekiss|Life Dew|p1a: Togekiss|[spread] p1a,p1b\n|-heal|p1a: Togekiss|54\/100\n|-heal|p1b: Torterra|37\/100\n|\n|-weather|SunnyDay|[upkeep]\n|-heal|p1a: Togekiss|60\/100|[from] item: Leftovers\n|upkeep\n|\n|t:|1695358123\n|switch|p2a: Cheems-Pao|Chien-Pao|100\/100\n|-ability|p2a: Cheems-Pao|Sword of Ruin\n|turn|4\n|\n|t:|1695358136\n|switch|p2b: Agua Potable|Walking Wake|100\/100\n|-activate|p2b: Agua Potable|ability: Protosynthesis\n|-start|p2b: Agua Potable|protosynthesisspe\n|move|p1a: Togekiss|Follow Me|p1a: Togekiss\n|-singleturn|p1a: Togekiss|move: Follow Me\n|move|p1b: Torterra|Rock Slide|p2b: Agua Potable|[spread] p2a,p2b\n|-supereffective|p2a: Cheems-Pao\n|-enditem|p2a: Cheems-Pao|Focus Sash\n|-damage|p2a: Cheems-Pao|1\/100\n|-damage|p2b: Agua Potable|27\/100\n|cant|p2a: Cheems-Pao|flinch\n|\n|-weather|SunnyDay|[upkeep]\n|-heal|p1a: Togekiss|66\/100|[from] item: Leftovers\n|upkeep\n|turn|5\n|\n|t:|1695358160\n|move|p1a: Togekiss|Follow Me|p1a: Togekiss\n|-singleturn|p1a: Togekiss|move: Follow Me\n|move|p2a: Cheems-Pao|Sucker Punch||[still]\n|-fail|p2a: Cheems-Pao\n|move|p2b: Agua Potable|Hydro Steam|p1a: Togekiss\n|-damage|p1a: Togekiss|0 fnt\n|faint|p1a: Togekiss\n|move|p1b: Torterra|Earthquake|p2a: Cheems-Pao|[spread] p2a,p2b\n|-damage|p2a: Cheems-Pao|0 fnt\n|-damage|p2b: Agua Potable|0 fnt\n|faint|p2a: Cheems-Pao\n|faint|p2b: Agua Potable\n|-end|p2b: Agua Potable|Protosynthesis|[silent]\n|\n|-weather|none\n|upkeep\n|inactive|Suburamo has 120 seconds left.\n|c|\u2606Suburamo|GG kid\n|\n|t:|1695358207\n|switch|p2a: Volcanion|Volcanion|100\/100\n|switch|p2b: Kingambit|Kingambit, M|100\/100\n|switch|p1a: Ambipom|Ambipom, F, shiny|100\/100\n|-damage|p1a: Ambipom|88\/100|[from] Stealth Rock\n|turn|6\n|c|\u2606Anna Lisa Melculo|gg\n|inactive|Suburamo has 120 seconds left.\n|\n|t:|1695358222\n|-terastallize|p2b: Kingambit|Dark\n|move|p2a: Volcanion|Protect|p2a: Volcanion\n|-singleturn|p2a: Volcanion|Protect\n|move|p1a: Ambipom|Fake Out|p2a: Volcanion\n|-activate|p2a: Volcanion|move: Protect\n|move|p1b: Torterra|Earthquake|p2b: Kingambit|[spread] p1a,p2b\n|-activate|p2a: Volcanion|move: Protect\n|-damage|p1a: Ambipom|0 fnt\n|-damage|p2b: Kingambit|57\/100\n|faint|p1a: Ambipom\n|move|p2b: Kingambit|Lash Out|p1b: Torterra\n|-damage|p1b: Torterra|0 fnt\n|faint|p1b: Torterra\n|\n|upkeep\n|inactive|Suburamo has 120 seconds left.\n|\n|t:|1695358242\n|switch|p1a: Infernape|Infernape, M|100\/100\n|switch|p1b: Garchomp|Garchomp, M|100\/100\n|-damage|p1a: Infernape|88\/100|[from] Stealth Rock\n|-damage|p1b: Garchomp|94\/100|[from] Stealth Rock\n|turn|7\n|\n|t:|1695358255\n|detailschange|p1b: Garchomp|Garchomp-Mega, M\n|-mega|p1b: Garchomp|Garchomp|Garchompite\n|move|p1a: Infernape|Mach Punch|p2b: Kingambit\n|-supereffective|p2b: Kingambit\n|-damage|p2b: Kingambit|35\/100\n|move|p2b: Kingambit|Sucker Punch|p1b: Garchomp\n|-damage|p1b: Garchomp|53\/100\n|move|p1b: Garchomp|Dragon Claw|p2b: Kingambit\n|-damage|p2b: Kingambit|0 fnt\n|faint|p2b: Kingambit\n|move|p2a: Volcanion|Steam Eruption|p1b: Garchomp\n|-damage|p1b: Garchomp|13\/100\n|\n|upkeep\n|turn|8\n|inactive|Suburamo has 120 seconds left.\n|\n|t:|1695358304\n|move|p1a: Infernape|Shadow Claw|p2a: Volcanion\n|-damage|p2a: Volcanion|90\/100\n|move|p1b: Garchomp|Earthquake|p2a: Volcanion|[spread] p1a,p2a\n|-supereffective|p1a: Infernape\n|-supereffective|p2a: Volcanion\n|-damage|p1a: Infernape|0 fnt\n|-damage|p2a: Volcanion|18\/100\n|faint|p1a: Infernape\n|move|p2a: Volcanion|Heat Wave|p1b: Garchomp\n|-resisted|p1b: Garchomp\n|-damage|p1b: Garchomp|0 fnt\n|faint|p1b: Garchomp\n|\n|-heal|p2a: Volcanion|24\/100|[from] item: Leftovers\n|upkeep\n|\n|t:|1695358308\n|switch|p1b: Empoleon|Empoleon, F, shiny|100\/100\n|-damage|p1b: Empoleon|94\/100|[from] Stealth Rock\n|turn|9\n|\n|t:|1695358323\n|move|p2a: Volcanion|Scorching Sands|p1b: Empoleon\n|-supereffective|p1b: Empoleon\n|-damage|p1b: Empoleon|68\/100\n|-status|p1b: Empoleon|brn\n|move|p1b: Empoleon|Flash Cannon|p2a: Volcanion\n|-resisted|p2a: Volcanion\n|-damage|p2a: Volcanion|17\/100\n|\n|-heal|p2a: Volcanion|23\/100|[from] item: Leftovers\n|-damage|p1b: Empoleon|62\/100 brn|[from] brn\n|upkeep\n|turn|10\n|\n|t:|1695358340\n|move|p2a: Volcanion|Scorching Sands|p1b: Empoleon\n|-supereffective|p1b: Empoleon\n|-damage|p1b: Empoleon|33\/100 brn\n|move|p1b: Empoleon|Flash Cannon|p2a: Volcanion\n|-resisted|p2a: Volcanion\n|-damage|p2a: Volcanion|15\/100\n|\n|-heal|p2a: Volcanion|21\/100|[from] item: Leftovers\n|-damage|p1b: Empoleon|27\/100 brn|[from] brn\n|upkeep\n|turn|11\n|\n|t:|1695358352\n|move|p2a: Volcanion|Scorching Sands|p1b: Empoleon\n|-supereffective|p1b: Empoleon\n|-damage|p1b: Empoleon|3\/100 brn\n|move|p1b: Empoleon|Flash Cannon|p2a: Volcanion\n|-resisted|p2a: Volcanion\n|-damage|p2a: Volcanion|13\/100\n|\n|-heal|p2a: Volcanion|19\/100|[from] item: Leftovers\n|-damage|p1b: Empoleon|0 fnt|[from] brn\n|faint|p1b: Empoleon\n|\n|win|Anna Lisa Melculo\n|upkeep\n|raw|Suburamo's rating: 1187 &rarr; <strong>1167<\/strong><br \/>(-20 for losing)\n|raw|Anna Lisa Melculo's rating: 1254 &rarr; <strong>1274<\/strong><br \/>(+20 for winning)\n|l|\u2606Suburamo\n|c|\u2606Anna Lisa Melculo|gg\n","uploadtime":1695358369,"views":15,"p1id":"suburamo","p2id":"annalisamelculo","formatid":"gen9nationaldexdoubles","rating":1167,"private":0,"password":""}