{"id":"gen9nationaldexdoubles-1955032846","p1":"spacewrangler2","p2":"zeref203","format":"[Gen 9] National Dex Doubles","log":"|j|\u2606spacewrangler2\n|j|\u2606zeref203\n|t:|1695948985\n|gametype|doubles\n|player|p1|spacewrangler2|102|1000\n|player|p2|zeref203|101|1040\n|teamsize|p1|6\n|teamsize|p2|6\n|gen|9\n|tier|[Gen 9] National Dex Doubles\n|rated|\n|rule|HP Percentage Mod: HP is shown in percentages\n|rule|Endless Battle Clause: Forcing endless battles is banned\n|rule|OHKO Clause: OHKO moves are banned\n|rule|Evasion Moves Clause: Evasion moves are banned\n|rule|Evasion Abilities Clause: Evasion abilities are banned\n|rule|Species Clause: Limit one of each Pok\u00e9mon\n|rule|Gravity Sleep Clause: The combination of sleep-inducing moves with imperfect accuracy and Gravity or Gigantamax Orbeetle are banned\n|clearpoke\n|poke|p1|Mawile, M|\n|poke|p1|Haxorus, M|\n|poke|p1|Goodra, M|\n|poke|p1|Sceptile, M|\n|poke|p1|Ninetales, M|\n|poke|p1|Quagsire, M|\n|poke|p2|Altaria, F|\n|poke|p2|Golem-Alola, M|\n|poke|p2|Pawmot, M|\n|poke|p2|Great Tusk|\n|poke|p2|Ninetales, F|\n|poke|p2|Sableye, F|\n|teampreview\n|inactive|Battle timer is ON: inactive players will automatically lose when time's up. (requested by zeref203)\n|\n|t:|1695949009\n|start\n|switch|p1a: Quagsire|Quagsire, M, shiny|100\/100\n|switch|p1b: Ninetales|Ninetales, M|100\/100\n|switch|p2a: Sableye|Sableye, F|100\/100\n|switch|p2b: Ninetales|Ninetales, F|100\/100\n|-weather|SunnyDay|[from] ability: Drought|[of] p2b: Ninetales\n|turn|1\n|\n|t:|1695949029\n|move|p2a: Sableye|Will-O-Wisp|p1a: Quagsire\n|-status|p1a: Quagsire|brn\n|move|p2b: Ninetales|Solar Beam||[still]\n|-prepare|p2b: Ninetales|Solar Beam\n|-anim|p2b: Ninetales|Solar Beam|p1a: Quagsire\n|-supereffective|p1a: Quagsire\n|-damage|p1a: Quagsire|0 fnt\n|faint|p1a: Quagsire\n|move|p1b: Ninetales|Calm Mind|p1b: Ninetales\n|-boost|p1b: Ninetales|spa|1\n|-boost|p1b: Ninetales|spd|1\n|\n|-weather|SunnyDay|[upkeep]\n|upkeep\n|inactive|spacewrangler2 has 120 seconds left.\n|\n|t:|1695949045\n|switch|p1a: Sceptile|Sceptile, M|100\/100\n|turn|2\n|\n|t:|1695949057\n|move|p2a: Sableye|Encore|p1b: Ninetales\n|-start|p1b: Ninetales|Encore\n|move|p1a: Sceptile|Rock Slide|p2b: Ninetales|[spread] p2a,p2b\n|-supereffective|p2b: Ninetales\n|-damage|p2a: Sableye|79\/100\n|-damage|p2b: Ninetales|51\/100\n|move|p2b: Ninetales|Heat Wave|p1a: Sceptile|[spread] p1a,p1b\n|-supereffective|p1a: Sceptile\n|-resisted|p1b: Ninetales\n|-enditem|p1a: Sceptile|Focus Sash\n|-damage|p1a: Sceptile|1\/100\n|-damage|p1b: Ninetales|89\/100\n|move|p1b: Ninetales|Calm Mind|p1b: Ninetales\n|-boost|p1b: Ninetales|spa|1\n|-boost|p1b: Ninetales|spd|1\n|\n|-weather|SunnyDay|[upkeep]\n|upkeep\n|turn|3\n|\n|t:|1695949074\n|-terastallize|p1a: Sceptile|Rock\n|move|p2a: Sableye|Will-O-Wisp|p1a: Sceptile\n|-status|p1a: Sceptile|brn\n|move|p1a: Sceptile|Rock Slide|p2a: Sableye|[spread] p2a,p2b\n|-supereffective|p2b: Ninetales\n|-damage|p2a: Sableye|63\/100\n|-damage|p2b: Ninetales|13\/100\n|move|p2b: Ninetales|Dark Pulse|p1b: Ninetales\n|-damage|p1b: Ninetales|80\/100\n|cant|p1b: Ninetales|flinch\n|\n|-weather|SunnyDay|[upkeep]\n|-damage|p1a: Sceptile|0 fnt|[from] brn\n|faint|p1a: Sceptile\n|upkeep\n|\n|t:|1695949091\n|switch|p1a: Goodra|Goodra, M|100\/100\n|turn|4\n|\n|t:|1695949106\n|switch|p2b: Golem|Golem-Alola, M|100\/100\n|-item|p2b: Golem|Air Balloon\n|move|p2a: Sableye|Will-O-Wisp|p1a: Goodra\n|-status|p1a: Goodra|brn\n|move|p1b: Ninetales|Calm Mind|p1b: Ninetales\n|-boost|p1b: Ninetales|spa|1\n|-boost|p1b: Ninetales|spd|1\n|move|p1a: Goodra|Dragon Pulse|p2a: Sableye\n|-damage|p2a: Sableye|21\/100\n|\n|-weather|SunnyDay|[upkeep]\n|-damage|p1a: Goodra|94\/100 brn|[from] brn\n|-end|p1b: Ninetales|Encore\n|upkeep\n|turn|5\n|\n|t:|1695949132\n|move|p2a: Sableye|Encore|p1b: Ninetales\n|-start|p1b: Ninetales|Encore\n|move|p1b: Ninetales|Calm Mind|p1b: Ninetales\n|-boost|p1b: Ninetales|spa|1\n|-boost|p1b: Ninetales|spd|1\n|move|p1a: Goodra|Acid Armor|p1a: Goodra\n|-boost|p1a: Goodra|def|2\n|move|p2b: Golem|Rock Polish|p2b: Golem\n|-boost|p2b: Golem|spe|2\n|\n|-weather|SunnyDay|[upkeep]\n|-heal|p1a: Goodra|100\/100 brn|[from] item: Leftovers\n|-damage|p1a: Goodra|94\/100 brn|[from] brn\n|upkeep\n|turn|6\n|\n|t:|1695949148\n|switch|p2a: Pawmot|Pawmot, M|100\/100\n|move|p2b: Golem|Self-Destruct|p1a: Goodra|[spread] p1a,p1b\n|-immune|p2a: Pawmot|[from] ability: Volt Absorb\n|-resisted|p1a: Goodra\n|-damage|p1a: Goodra|63\/100 brn\n|-damage|p1b: Ninetales|0 fnt\n|faint|p2b: Golem\n|faint|p1b: Ninetales\n|move|p1a: Goodra|Life Dew|p1a: Goodra\n|-heal|p1a: Goodra|88\/100 brn\n|\n|-weather|SunnyDay|[upkeep]\n|-heal|p1a: Goodra|95\/100 brn|[from] item: Leftovers\n|-damage|p1a: Goodra|88\/100 brn|[from] brn\n|upkeep\n|-message|spacewrangler2 forfeited.\n|\n|win|zeref203\n|raw|spacewrangler2's rating: 1000 &rarr; <strong>1000<\/strong><br \/>(+0 for losing)\n|raw|zeref203's rating: 1040 &rarr; <strong>1070<\/strong><br \/>(+30 for winning)\n|l|\u2606spacewrangler2\n","uploadtime":1695949168,"views":11,"p1id":"spacewrangler2","p2id":"zeref203","formatid":"gen9nationaldexdoubles","rating":1000,"private":0,"password":""}