{"id":"gen9nationaldexdoubles-1961408726","p1":"sussyanime","p2":"lglg gui","format":"[Gen 9] National Dex Doubles","log":"|j|\u2606sussyanime\n|j|\u2606lglg gui\n|t:|1696622693\n|gametype|doubles\n|player|p1|sussyanime|winona|1066\n|player|p2|lglg gui|lucas|1000\n|teamsize|p1|6\n|teamsize|p2|6\n|gen|9\n|tier|[Gen 9] National Dex Doubles\n|rated|\n|rule|HP Percentage Mod: HP is shown in percentages\n|rule|Endless Battle Clause: Forcing endless battles is banned\n|rule|OHKO Clause: OHKO moves are banned\n|rule|Evasion Moves Clause: Evasion moves are banned\n|rule|Evasion Abilities Clause: Evasion abilities are banned\n|rule|Species Clause: Limit one of each Pok\u00e9mon\n|rule|Gravity Sleep Clause: The combination of sleep-inducing moves with imperfect accuracy and Gravity or Gigantamax Orbeetle are banned\n|clearpoke\n|poke|p1|Shiinotic, F|\n|poke|p1|Araquanid, F|\n|poke|p1|Archeops, M|\n|poke|p1|Ditto|\n|poke|p1|Eelektross, F|\n|poke|p1|Lanturn, F|\n|poke|p2|Indeedee-F, F|\n|poke|p2|Oranguru, M|\n|poke|p2|Glastrier|\n|poke|p2|Hoopa-Unbound|\n|poke|p2|Ursaluna, M|\n|poke|p2|Zygarde|\n|teampreview\n|inactive|Battle timer is ON: inactive players will automatically lose when time's up. (requested by lglg gui)\n|\n|t:|1696622709\n|start\n|switch|p1a: Archeops|Archeops, M|100\/100\n|switch|p1b: Ditto|Ditto, shiny|100\/100\n|switch|p2a: Hoopa|Hoopa-Unbound|100\/100\n|switch|p2b: Zygarde|Zygarde|100\/100\n|-transform|p1b: Ditto|p2a: Hoopa|[from] ability: Imposter\n|-ability|p2b: Zygarde|Aura Break\n|turn|1\n|inactive|sussyanime has 120 seconds left.\n|inactive|lglg gui has 120 seconds left.\n|\n|t:|1696622753\n|move|p1a: Archeops|Agility|p1a: Archeops\n|-boost|p1a: Archeops|spe|2\n|move|p2b: Zygarde|Coil|p2b: Zygarde\n|-boost|p2b: Zygarde|atk|1\n|-boost|p2b: Zygarde|def|1\n|-boost|p2b: Zygarde|accuracy|1\n|move|p1b: Ditto|Shadow Ball|p2a: Hoopa\n|-damage|p2a: Hoopa|72\/100\n|move|p2a: Hoopa|Trick Room|p2a: Hoopa\n|-fieldstart|move: Trick Room|[of] p2a: Hoopa\n|-enditem|p2b: Zygarde|Room Service\n|-unboost|p2b: Zygarde|spe|1|[from] item: Room Service\n|-enditem|p2a: Hoopa|Room Service\n|-unboost|p2a: Hoopa|spe|1|[from] item: Room Service\n|\n|upkeep\n|turn|2\n|inactive|sussyanime has 120 seconds left.\n|\n|t:|1696622780\n|move|p2a: Hoopa|Dark Pulse|p1b: Ditto\n|-damage|p1b: Ditto|51\/100\n|-item|p2a: Hoopa|Quick Powder|[from] ability: Magician|[of] p1b: Ditto\n|move|p2b: Zygarde|Thousand Arrows|p1b: Ditto|[spread] p1a,p1b\n|-damage|p1a: Archeops|45\/100\n|-damage|p1b: Ditto|0 fnt\n|-start|p1a: Archeops|Smack Down\n|faint|p1b: Ditto\n|move|p1a: Archeops|Air Slash|p2b: Zygarde\n|-damage|p2b: Zygarde|91\/100\n|\n|-heal|p1a: Archeops|51\/100|[from] item: Leftovers\n|upkeep\n|\n|t:|1696622795\n|switch|p1b: Shiinotic|Shiinotic, F|100\/100\n|turn|3\n|inactive|sussyanime has 120 seconds left.\n|\n|t:|1696622827\n|move|p1a: Archeops|Protect|p1a: Archeops\n|-singleturn|p1a: Archeops|Protect\n|move|p1b: Shiinotic|Sleep Powder|p2b: Zygarde|[miss]\n|-miss|p1b: Shiinotic|p2b: Zygarde\n|move|p2a: Hoopa|Psyshock|p1b: Shiinotic\n|-damage|p1b: Shiinotic|48\/100\n|move|p2b: Zygarde|Thousand Arrows|p1b: Shiinotic|[spread] p1b\n|-activate|p1a: Archeops|move: Protect\n|-resisted|p1b: Shiinotic\n|-damage|p1b: Shiinotic|30\/100\n|\n|-heal|p1a: Archeops|57\/100|[from] item: Leftovers\n|upkeep\n|turn|4\n|inactive|sussyanime has 120 seconds left.\n|\n|t:|1696622852\n|move|p1b: Shiinotic|Protect|p1b: Shiinotic\n|-singleturn|p1b: Shiinotic|Protect\n|move|p2b: Zygarde|Protect|p2b: Zygarde\n|-singleturn|p2b: Zygarde|Protect\n|move|p2a: Hoopa|Psyshock|p1b: Shiinotic\n|-activate|p1b: Shiinotic|move: Protect\n|move|p1a: Archeops|Earthquake|p2b: Zygarde|[spread] p2a\n|-activate|p1b: Shiinotic|move: Protect\n|-activate|p2b: Zygarde|move: Protect\n|-damage|p2a: Hoopa|43\/100\n|\n|-heal|p1a: Archeops|63\/100|[from] item: Leftovers\n|upkeep\n|turn|5\n|\n|t:|1696622869\n|move|p1a: Archeops|Protect|p1a: Archeops\n|-singleturn|p1a: Archeops|Protect\n|move|p1b: Shiinotic|Draining Kiss|p2a: Hoopa\n|-supereffective|p2a: Hoopa\n|-damage|p2a: Hoopa|21\/100\n|-heal|p1b: Shiinotic|48\/100|[from] drain|[of] p2a: Hoopa\n|move|p2a: Hoopa|Psyshock|p1b: Shiinotic\n|-damage|p1b: Shiinotic|0 fnt\n|faint|p1b: Shiinotic\n|move|p2b: Zygarde|Thousand Arrows|p1a: Archeops\n|-activate|p1a: Archeops|move: Protect\n|\n|-heal|p1a: Archeops|69\/100|[from] item: Leftovers\n|-fieldend|move: Trick Room\n|upkeep\n|\n|t:|1696622880\n|switch|p1b: Lanturn|Lanturn, F|100\/100\n|turn|6\n|\n|t:|1696622900\n|move|p1a: Archeops|Air Slash|p2a: Hoopa\n|-damage|p2a: Hoopa|0 fnt\n|faint|p2a: Hoopa\n|move|p1b: Lanturn|Toxic|p2b: Zygarde\n|-status|p2b: Zygarde|tox\n|move|p2b: Zygarde|Thousand Arrows|p1a: Archeops|[spread] p1a,p1b\n|-supereffective|p1a: Archeops\n|-supereffective|p1b: Lanturn\n|-damage|p1a: Archeops|0 fnt\n|-damage|p1b: Lanturn|15\/100\n|faint|p1a: Archeops\n|\n|-damage|p2b: Zygarde|85\/100 tox|[from] psn\n|upkeep\n|\n|t:|1696622911\n|switch|p1a: Eelektross|Eelektross, F|100\/100\n|switch|p2a: Indeedee|Indeedee-F, F|100\/100\n|-fieldstart|move: Psychic Terrain|[from] ability: Psychic Surge|[of] p2a: Indeedee\n|turn|7\n|\n|t:|1696622926\n|move|p1b: Lanturn|Thunder Wave|p2a: Indeedee\n|-status|p2a: Indeedee|par\n|move|p1a: Eelektross|Discharge|p2b: Zygarde|[spread] p1b,p2a\n|-immune|p2b: Zygarde\n|-damage|p1b: Lanturn|0 fnt\n|-damage|p2a: Indeedee|79\/100 par\n|faint|p1b: Lanturn\n|move|p2b: Zygarde|Thousand Arrows|p1a: Eelektross\n|-supereffective|p1a: Eelektross\n|-damage|p1a: Eelektross|3\/100\n|-start|p1a: Eelektross|Smack Down\n|move|p2a: Indeedee|Trick Room|p2a: Indeedee\n|-fieldstart|move: Trick Room|[of] p2a: Indeedee\n|\n|-damage|p2b: Zygarde|73\/100 tox|[from] psn\n|upkeep\n|\n|t:|1696622938\n|switch|p1b: Araquanid|Araquanid, F|100\/100\n|turn|8\n|\n|t:|1696622947\n|move|p1a: Eelektross|Protect|p1a: Eelektross\n|-singleturn|p1a: Eelektross|Protect\n|move|p2a: Indeedee|Heal Pulse|p2b: Zygarde\n|-heal|p2b: Zygarde|100\/100 tox\n|move|p2b: Zygarde|Thousand Arrows|p1a: Eelektross|[spread] p1b\n|-activate|p1a: Eelektross|move: Protect\n|-resisted|p1b: Araquanid\n|-damage|p1b: Araquanid|76\/100\n|move|p1b: Araquanid|Stockpile|p1b: Araquanid\n|-start|p1b: Araquanid|stockpile1\n|-boost|p1b: Araquanid|def|1\n|-boost|p1b: Araquanid|spd|1\n|\n|-damage|p2b: Zygarde|82\/100 tox|[from] psn\n|upkeep\n|turn|9\n|\n|t:|1696622970\n|move|p2a: Indeedee|Helping Hand|p2b: Zygarde\n|-singleturn|p2b: Zygarde|Helping Hand|[of] p2a: Indeedee\n|move|p2b: Zygarde|Thousand Arrows|p1b: Araquanid|[spread] p1a,p1b\n|-supereffective|p1a: Eelektross\n|-resisted|p1b: Araquanid\n|-damage|p1a: Eelektross|0 fnt\n|-damage|p1b: Araquanid|54\/100\n|faint|p1a: Eelektross\n|move|p1b: Araquanid|Stockpile|p1b: Araquanid\n|-start|p1b: Araquanid|stockpile2\n|-boost|p1b: Araquanid|def|1\n|-boost|p1b: Araquanid|spd|1\n|\n|-damage|p2b: Zygarde|57\/100 tox|[from] psn\n|upkeep\n|turn|10\n|\n|t:|1696622991\n|switch|p2a: Glastrier|Glastrier|100\/100\n|switch|p2b: Ursaluna|Ursaluna, M|100\/100\n|move|p1b: Araquanid|Aqua Ring|p1b: Araquanid\n|-start|p1b: Araquanid|Aqua Ring\n|\n|-heal|p1b: Araquanid|60\/100|[from] Aqua Ring\n|-status|p2b: Ursaluna|brn|[from] item: Flame Orb\n|upkeep\n|turn|11\n|\n|t:|1696623010\n|switch|p2a: Indeedee|Indeedee-F, F|79\/100 par\n|move|p2b: Ursaluna|Facade|p1b: Araquanid\n|-damage|p1b: Araquanid|0 fnt\n|faint|p1b: Araquanid\n|\n|win|lglg gui\n|raw|sussyanime's rating: 1066 &rarr; <strong>1042<\/strong><br \/>(-24 for losing)\n|raw|lglg gui's rating: 1000 &rarr; <strong>1048<\/strong><br \/>(+48 for winning)\n|l|\u2606sussyanime\n","uploadtime":1696623020,"views":5,"p1id":"sussyanime","p2id":"lglggui","formatid":"gen9nationaldexdoubles","rating":1042,"private":0,"password":""}