{"id":"gen9nationaldexdoubles-1963515519","p1":"finley the best","p2":"kpoc12","format":"[Gen 9] National Dex Doubles","log":"|j|\u2606finley the best\n|j|\u2606kpoc12\n|t:|1696874209\n|gametype|doubles\n|player|p1|finley the best|lance|1062\n|player|p2|kpoc12|psychic-gen4|1045\n|teamsize|p1|6\n|teamsize|p2|6\n|gen|9\n|tier|[Gen 9] National Dex Doubles\n|rated|\n|rule|HP Percentage Mod: HP is shown in percentages\n|rule|Endless Battle Clause: Forcing endless battles is banned\n|rule|OHKO Clause: OHKO moves are banned\n|rule|Evasion Moves Clause: Evasion moves are banned\n|rule|Evasion Abilities Clause: Evasion abilities are banned\n|rule|Species Clause: Limit one of each Pok\u00e9mon\n|rule|Gravity Sleep Clause: The combination of sleep-inducing moves with imperfect accuracy and Gravity or Gigantamax Orbeetle are banned\n|clearpoke\n|poke|p1|Meowscarada, M|\n|poke|p1|Krookodile, F|\n|poke|p1|Flamigo, M|\n|poke|p1|Salamence, F|\n|poke|p1|Hydreigon, M|\n|poke|p1|Tyranitar, M|\n|poke|p2|Cofagrigus, M|\n|poke|p2|Bouffalant, M|\n|poke|p2|Seismitoad, M|\n|poke|p2|Bisharp, M|\n|poke|p2|Eelektross, F|\n|poke|p2|Hydreigon, M|\n|teampreview\n|\n|t:|1696874221\n|start\n|switch|p1a: Meowscarada|Meowscarada, M|100\/100\n|switch|p1b: Krookodile|Krookodile, F|100\/100\n|switch|p2a: Cofagrigus|Cofagrigus, M|100\/100\n|switch|p2b: Bouffalant|Bouffalant, M|100\/100\n|turn|1\n|\n|t:|1696874247\n|move|p1a: Meowscarada|Flower Trick|p1b: Krookodile\n|-supereffective|p1b: Krookodile\n|-crit|p1b: Krookodile\n|-damage|p1b: Krookodile|12\/100\n|-setboost|p1b: Krookodile|atk|6|[from] ability: Anger Point\n|-enditem|p1b: Krookodile|Salac Berry|[eat]\n|-boost|p1b: Krookodile|spe|1|[from] item: Salac Berry\n|move|p1b: Krookodile|Close Combat|p2b: Bouffalant\n|-supereffective|p2b: Bouffalant\n|-damage|p2b: Bouffalant|0 fnt\n|-unboost|p1b: Krookodile|def|1\n|-unboost|p1b: Krookodile|spd|1\n|faint|p2b: Bouffalant\n|move|p2a: Cofagrigus|Toxic Spikes|p1b: Krookodile\n|-sidestart|p1: finley the best|move: Toxic Spikes\n|\n|upkeep\n|\n|t:|1696874270\n|switch|p2b: Hydreigon|Hydreigon, M|100\/100\n|turn|2\n|\n|t:|1696874277\n|switch|p1a: Flamigo|Flamigo, M|100\/100\n|-copyboost|p1a: Flamigo|p1b: Krookodile|[from] ability: Costar\n|move|p1b: Krookodile|Close Combat|p2b: Hydreigon\n|-supereffective|p2b: Hydreigon\n|-damage|p2b: Hydreigon|0 fnt\n|-unboost|p1b: Krookodile|def|1\n|-unboost|p1b: Krookodile|spd|1\n|faint|p2b: Hydreigon\n|move|p2a: Cofagrigus|Trick Room|p2a: Cofagrigus\n|-fieldstart|move: Trick Room|[of] p2a: Cofagrigus\n|\n|upkeep\n|\n|t:|1696874288\n|switch|p2b: Eelektross|Eelektross, F|100\/100\n|turn|3\n|\n|t:|1696874306\n|move|p2a: Cofagrigus|Shadow Ball|p1b: Krookodile\n|-resisted|p1b: Krookodile\n|-damage|p1b: Krookodile|0 fnt\n|faint|p1b: Krookodile\n|move|p2b: Eelektross|Acrobatics|p1a: Flamigo\n|-supereffective|p1a: Flamigo\n|-damage|p1a: Flamigo|0 fnt\n|faint|p1a: Flamigo\n|\n|upkeep\n|\n|t:|1696874318\n|switch|p1b: Tyranitar|Tyranitar, M|100\/100\n|switch|p1a: Salamence|Salamence, F|100\/100\n|-status|p1b: Tyranitar|psn\n|-weather|Sandstorm|[from] ability: Sand Stream|[of] p1b: Tyranitar\n|turn|4\n|\n|t:|1696874360\n|detailschange|p1a: Salamence|Salamence-Mega, F\n|-mega|p1a: Salamence|Salamence|Salamencite\n|move|p2a: Cofagrigus|Shadow Ball|p1a: Salamence\n|-damage|p1a: Salamence|50\/100\n|move|p2b: Eelektross|Close Combat|p1b: Tyranitar\n|-supereffective|p1b: Tyranitar\n|-damage|p1b: Tyranitar|0 fnt\n|-unboost|p2b: Eelektross|def|1\n|-unboost|p2b: Eelektross|spd|1\n|faint|p1b: Tyranitar\n|move|p1a: Salamence|Dragon Dance|p1a: Salamence\n|-boost|p1a: Salamence|atk|1\n|-boost|p1a: Salamence|spe|1\n|\n|-weather|Sandstorm|[upkeep]\n|-damage|p2a: Cofagrigus|94\/100|[from] Sandstorm\n|-damage|p2b: Eelektross|94\/100|[from] Sandstorm\n|-damage|p1a: Salamence|44\/100|[from] Sandstorm\n|-heal|p2a: Cofagrigus|100\/100|[from] item: Leftovers\n|upkeep\n|\n|t:|1696874377\n|switch|p1b: Hydreigon|Hydreigon, M|100\/100\n|turn|5\n|\n|t:|1696874399\n|move|p2a: Cofagrigus|Shadow Ball|p1a: Salamence\n|-damage|p1a: Salamence|0 fnt\n|faint|p1a: Salamence\n|move|p2b: Eelektross|Close Combat|p1b: Hydreigon\n|-supereffective|p1b: Hydreigon\n|-damage|p1b: Hydreigon|6\/100\n|-unboost|p2b: Eelektross|def|1\n|-unboost|p2b: Eelektross|spd|1\n|move|p1b: Hydreigon|Dark Pulse|p2a: Cofagrigus\n|-supereffective|p2a: Cofagrigus\n|-damage|p2a: Cofagrigus|0 fnt\n|faint|p2a: Cofagrigus\n|-damage|p1b: Hydreigon|0 fnt|[from] item: Life Orb\n|faint|p1b: Hydreigon\n|\n|-weather|Sandstorm|[upkeep]\n|-damage|p2b: Eelektross|88\/100|[from] Sandstorm\n|upkeep\n|\n|t:|1696874420\n|switch|p2a: Bisharp|Bisharp, M|100\/100\n|switch|p1b: Meowscarada|Meowscarada, M|100\/100\n|-status|p1b: Meowscarada|psn\n|turn|6\n|\n|t:|1696874432\n|move|p1b: Meowscarada|Ally Switch||[still]\n|-fail|p1b: Meowscarada\n|move|p2b: Eelektross|Flamethrower|p1b: Meowscarada\n|-supereffective|p1b: Meowscarada\n|-damage|p1b: Meowscarada|52\/100 psn\n|move|p2a: Bisharp|X-Scissor|p1b: Meowscarada\n|-supereffective|p1b: Meowscarada\n|-damage|p1b: Meowscarada|0 fnt\n|faint|p1b: Meowscarada\n|\n|win|kpoc12\n|raw|finley the best's rating: 1062 &rarr; <strong>1042<\/strong><br \/>(-20 for losing)\n|raw|kpoc12's rating: 1045 &rarr; <strong>1080<\/strong><br \/>(+35 for winning)\n|l|\u2606finley the best\n|c|\u2606kpoc12|gg\n","uploadtime":1696874453,"views":22,"p1id":"finleythebest","p2id":"kpoc12","formatid":"gen9nationaldexdoubles","rating":1042,"private":0,"password":""}