{"id":"gen9nationaldexdoubles-1951681046","p1":"CynthiaLinda","p2":"El Ryuk456","format":"[Gen 9] National Dex Doubles","log":"|j|\u2606CynthiaLinda\n|j|\u2606El Ryuk456\n|t:|1695606100\n|gametype|doubles\n|player|p1|CynthiaLinda|cynthia-gen4|1097\n|player|p2|El Ryuk456|blaine|1272\n|teamsize|p1|6\n|teamsize|p2|6\n|gen|9\n|tier|[Gen 9] National Dex Doubles\n|rated|\n|rule|HP Percentage Mod: HP is shown in percentages\n|rule|Endless Battle Clause: Forcing endless battles is banned\n|rule|OHKO Clause: OHKO moves are banned\n|rule|Evasion Moves Clause: Evasion moves are banned\n|rule|Evasion Abilities Clause: Evasion abilities are banned\n|rule|Species Clause: Limit one of each Pok\u00e9mon\n|rule|Gravity Sleep Clause: The combination of sleep-inducing moves with imperfect accuracy and Gravity or Gigantamax Orbeetle are banned\n|clearpoke\n|poke|p1|Oricorio, M|\n|poke|p1|Meowscarada, M|\n|poke|p1|Quaquaval, M|\n|poke|p1|Kommo-o, F|\n|poke|p1|Diancie|\n|poke|p1|Chimecho, F|\n|poke|p2|Lucario, M|\n|poke|p2|Whimsicott, F|\n|poke|p2|Ninetales, F|\n|poke|p2|Blastoise, M|\n|poke|p2|Excadrill, M|\n|poke|p2|Roserade, F|\n|teampreview\n|inactive|Battle timer is ON: inactive players will automatically lose when time's up. (requested by El Ryuk456)\n|\n|t:|1695606122\n|start\n|switch|p1a: Oricorio|Oricorio, M, shiny|100\/100\n|switch|p1b: Meowscarada|Meowscarada, M, shiny|100\/100\n|switch|p2a: Champ|Lucario, M|100\/100\n|switch|p2b: Beso de Mosa|Whimsicott, F, shiny|100\/100\n|turn|1\n|\n|t:|1695606136\n|move|p2a: Champ|Protect|p2a: Champ\n|-singleturn|p2a: Champ|Protect\n|move|p2b: Beso de Mosa|Tailwind|p2b: Beso de Mosa\n|-sidestart|p2: El Ryuk456|move: Tailwind\n|move|p1b: Meowscarada|Taunt|p2b: Beso de Mosa\n|-start|p1b: Meowscarada|typechange|Dark|[from] ability: Protean\n|-start|p2b: Beso de Mosa|move: Taunt\n|move|p1a: Oricorio|Tailwind|p1a: Oricorio\n|-sidestart|p1: CynthiaLinda|move: Tailwind\n|\n|upkeep\n|turn|2\n|\n|t:|1695606159\n|switch|p1b: Chimecho|Chimecho, F, shiny|100\/100\n|move|p2b: Beso de Mosa|Beat Up|p2a: Champ\n|-resisted|p2a: Champ\n|-damage|p2a: Champ|99\/100\n|-ability|p2a: Champ|Justified|boost\n|-boost|p2a: Champ|atk|1\n|-resisted|p2a: Champ\n|-damage|p2a: Champ|98\/100\n|-ability|p2a: Champ|Justified|boost\n|-boost|p2a: Champ|atk|1\n|-resisted|p2a: Champ\n|-damage|p2a: Champ|96\/100\n|-ability|p2a: Champ|Justified|boost\n|-boost|p2a: Champ|atk|1\n|-resisted|p2a: Champ\n|-damage|p2a: Champ|95\/100\n|-ability|p2a: Champ|Justified|boost\n|-boost|p2a: Champ|atk|1\n|-resisted|p2a: Champ\n|-damage|p2a: Champ|93\/100\n|-ability|p2a: Champ|Justified|boost\n|-boost|p2a: Champ|atk|1\n|-resisted|p2a: Champ\n|-damage|p2a: Champ|92\/100\n|-ability|p2a: Champ|Justified|boost\n|-boost|p2a: Champ|atk|1\n|-hitcount|p2a: Champ|6\n|move|p1a: Oricorio|Quiver Dance|p1a: Oricorio\n|-boost|p1a: Oricorio|spa|1\n|-boost|p1a: Oricorio|spd|1\n|-boost|p1a: Oricorio|spe|1\n|move|p2a: Champ|Meteor Mash|p1a: Oricorio\n|-resisted|p1a: Oricorio\n|-enditem|p1a: Oricorio|Focus Sash\n|-damage|p1a: Oricorio|1\/100\n|\n|upkeep\n|turn|3\n|inactive|CynthiaLinda has 120 seconds left.\n|inactive|El Ryuk456 has 120 seconds left.\n|\n|t:|1695606209\n|move|p2a: Champ|Protect|p2a: Champ\n|-singleturn|p2a: Champ|Protect\n|move|p1a: Oricorio|Revelation Dance|p2a: Champ\n|-activate|p2a: Champ|move: Protect\n|move|p2b: Beso de Mosa|Moonblast|p1a: Oricorio\n|-resisted|p1a: Oricorio\n|-damage|p1a: Oricorio|0 fnt\n|faint|p1a: Oricorio\n|move|p1b: Chimecho|Skill Swap|p1: Oricorio|[notarget]\n|-fail|p1b: Chimecho\n|\n|upkeep\n|\n|t:|1695606224\n|switch|p1a: Kommo-o|Kommo-o, F, shiny|100\/100\n|turn|4\n|j| Colorful toots\n|inactive|CynthiaLinda has 120 seconds left.\n|l| Colorful toots\n|\n|t:|1695606248\n|detailschange|p2a: Champ|Lucario-Mega, M\n|-mega|p2a: Champ|Lucario|Lucarionite\n|move|p2a: Champ|Bullet Punch|p1a: Kommo-o\n|-damage|p1a: Kommo-o|0 fnt\n|faint|p1a: Kommo-o\n|move|p2b: Beso de Mosa|Moonblast|p1b: Chimecho\n|-damage|p1b: Chimecho|64\/100\n|move|p1b: Chimecho|Shadow Ball|p2a: Champ\n|-damage|p2a: Champ|69\/100\n|\n|-end|p2b: Beso de Mosa|move: Taunt\n|-sideend|p2: El Ryuk456|move: Tailwind\n|-sideend|p1: CynthiaLinda|move: Tailwind\n|upkeep\n|\n|t:|1695606266\n|switch|p1a: Meowscarada|Meowscarada, M, shiny|100\/100\n|turn|5\n|-message|CynthiaLinda forfeited.\n|\n|win|El Ryuk456\n|raw|CynthiaLinda's rating: 1097 &rarr; <strong>1084<\/strong><br \/>(-13 for losing)\n|raw|El Ryuk456's rating: 1272 &rarr; <strong>1285<\/strong><br \/>(+13 for winning)\n|l|\u2606CynthiaLinda\n","uploadtime":1695606275,"views":10,"p1id":"cynthialinda","p2id":"elryuk456","formatid":"gen9nationaldexdoubles","rating":1084,"private":0,"password":""}