{"id":"gen9nationaldexdoubles-1948554054","p1":"bhandaripoonam","p2":"AerixThorn","format":"[Gen 9] National Dex Doubles","log":"|j|\u2606bhandaripoonam\n|j|\u2606AerixThorn\n|t:|1695273297\n|gametype|doubles\n|player|p1|bhandaripoonam|bellelba|1026\n|player|p2|AerixThorn|riley|1134\n|teamsize|p1|6\n|teamsize|p2|6\n|gen|9\n|tier|[Gen 9] National Dex Doubles\n|rated|\n|rule|HP Percentage Mod: HP is shown in percentages\n|rule|Endless Battle Clause: Forcing endless battles is banned\n|rule|OHKO Clause: OHKO moves are banned\n|rule|Evasion Moves Clause: Evasion moves are banned\n|rule|Evasion Abilities Clause: Evasion abilities are banned\n|rule|Species Clause: Limit one of each Pok\u00e9mon\n|rule|Gravity Sleep Clause: The combination of sleep-inducing moves with imperfect accuracy and Gravity or Gigantamax Orbeetle are banned\n|clearpoke\n|poke|p1|Garchomp, M|\n|poke|p1|Togekiss, F|\n|poke|p1|Cresselia, F|\n|poke|p1|Aromatisse, M|\n|poke|p1|Armarouge, M|\n|poke|p1|Indeedee-F, F|\n|poke|p2|Maushold|\n|poke|p2|Kommo-o, F|\n|poke|p2|Grimmsnarl, M|\n|poke|p2|Klefki, M|\n|poke|p2|Amoonguss, M|\n|poke|p2|Veluza, M|\n|teampreview\n|inactive|Battle timer is ON: inactive players will automatically lose when time's up. (requested by AerixThorn)\n|\n|t:|1695273308\n|start\n|switch|p1a: Armarouge|Armarouge, M|100\/100\n|switch|p1b: Indeedee|Indeedee-F, F|100\/100\n|switch|p2a: Maushold|Maushold|100\/100\n|switch|p2b: Kommo-o|Kommo-o, F|100\/100\n|-fieldstart|move: Psychic Terrain|[from] ability: Psychic Surge|[of] p1b: Indeedee\n|-enditem|p1b: Indeedee|Psychic Seed\n|-boost|p1b: Indeedee|spd|1|[from] item: Psychic Seed\n|-enditem|p1a: Armarouge|Psychic Seed\n|-boost|p1a: Armarouge|spd|1|[from] item: Psychic Seed\n|turn|1\n|inactive|bhandaripoonam has 120 seconds left.\n|\n|t:|1695273342\n|-terastallize|p1a: Armarouge|Psychic\n|move|p1b: Indeedee|Helping Hand|p1a: Armarouge\n|-singleturn|p1a: Armarouge|Helping Hand|[of] p1b: Indeedee\n|move|p2a: Maushold|Population Bomb|p1a: Armarouge\n|-damage|p1a: Armarouge|91\/100\n|-ability|p1a: Armarouge|Weak Armor|boost\n|-unboost|p1a: Armarouge|def|1\n|-boost|p1a: Armarouge|spe|2\n|-damage|p1a: Armarouge|76\/100\n|-ability|p1a: Armarouge|Weak Armor|boost\n|-unboost|p1a: Armarouge|def|1\n|-boost|p1a: Armarouge|spe|2\n|-damage|p1a: Armarouge|57\/100\n|-ability|p1a: Armarouge|Weak Armor|boost\n|-unboost|p1a: Armarouge|def|1\n|-boost|p1a: Armarouge|spe|2\n|-damage|p1a: Armarouge|30\/100\n|-ability|p1a: Armarouge|Weak Armor|boost\n|-unboost|p1a: Armarouge|def|1\n|-damage|p1a: Armarouge|2\/100\n|-ability|p1a: Armarouge|Weak Armor|boost\n|-unboost|p1a: Armarouge|def|1\n|-damage|p1a: Armarouge|0 fnt\n|faint|p1a: Armarouge\n|-hitcount|p1: Armarouge|6\n|move|p2b: Kommo-o|Drain Punch|p1b: Indeedee\n|-damage|p1b: Indeedee|66\/100\n|\n|upkeep\n|inactive|bhandaripoonam has 120 seconds left.\n|\n|t:|1695273371\n|switch|p1a: Garchomp|Garchomp, M|100\/100\n|turn|2\n|inactive|bhandaripoonam has 120 seconds left.\n|\n|t:|1695273386\n|detailschange|p1a: Garchomp|Garchomp-Mega, M\n|-mega|p1a: Garchomp|Garchomp|Garchompite\n|move|p1b: Indeedee|Helping Hand|p1a: Garchomp\n|-singleturn|p1a: Garchomp|Helping Hand|[of] p1b: Indeedee\n|move|p2a: Maushold|Population Bomb|p1b: Indeedee\n|-damage|p1b: Indeedee|56\/100\n|-damage|p1b: Indeedee|46\/100\n|-damage|p1b: Indeedee|35\/100\n|-damage|p1b: Indeedee|25\/100\n|-damage|p1b: Indeedee|16\/100\n|-damage|p1b: Indeedee|5\/100\n|-crit|p1b: Indeedee\n|-damage|p1b: Indeedee|0 fnt\n|faint|p1b: Indeedee\n|-hitcount|p1: Indeedee|7\n|move|p2b: Kommo-o|Breaking Swipe|p1a: Garchomp\n|-supereffective|p1a: Garchomp\n|-damage|p1a: Garchomp|58\/100\n|-unboost|p1a: Garchomp|atk|1\n|move|p1a: Garchomp|Breaking Swipe|p2b: Kommo-o|[spread] p2a,p2b\n|-supereffective|p2b: Kommo-o\n|-damage|p2a: Maushold|54\/100\n|-damage|p2b: Kommo-o|41\/100\n|-unboost|p2a: Maushold|atk|1\n|-unboost|p2b: Kommo-o|atk|1\n|\n|-heal|p2b: Kommo-o|47\/100|[from] item: Leftovers\n|upkeep\n|\n|t:|1695273414\n|switch|p1b: Togekiss|Togekiss, F|100\/100\n|turn|3\n|\n|t:|1695273429\n|move|p2a: Maushold|Population Bomb|p1a: Garchomp\n|-damage|p1a: Garchomp|52\/100\n|-damage|p1a: Garchomp|47\/100\n|-damage|p1a: Garchomp|42\/100\n|-damage|p1a: Garchomp|37\/100\n|-damage|p1a: Garchomp|32\/100\n|-damage|p1a: Garchomp|26\/100\n|-damage|p1a: Garchomp|21\/100\n|-damage|p1a: Garchomp|16\/100\n|-damage|p1a: Garchomp|10\/100\n|-damage|p1a: Garchomp|5\/100\n|-hitcount|p1a: Garchomp|10\n|move|p2b: Kommo-o|Drain Punch|p1b: Togekiss\n|-resisted|p1b: Togekiss\n|-damage|p1b: Togekiss|95\/100\n|-heal|p2b: Kommo-o|50\/100|[from] drain|[of] p1b: Togekiss\n|move|p1a: Garchomp|Breaking Swipe|p2a: Maushold|[spread] p2a,p2b\n|-supereffective|p2b: Kommo-o\n|-crit|p2b: Kommo-o\n|-damage|p2a: Maushold|23\/100\n|-damage|p2b: Kommo-o|0 fnt\n|-unboost|p2a: Maushold|atk|1\n|faint|p2b: Kommo-o\n|move|p1b: Togekiss|Air Slash|p2a: Maushold\n|-damage|p2a: Maushold|0 fnt\n|faint|p2a: Maushold\n|\n|-heal|p1b: Togekiss|100\/100|[from] item: Leftovers\n|upkeep\n|\n|t:|1695273447\n|switch|p2a: Grimmsnarl|Grimmsnarl, M|100\/100\n|switch|p2b: Klefki|Klefki, M|100\/100\n|turn|4\n|inactive|bhandaripoonam has 120 seconds left.\n|\n|t:|1695273476\n|switch|p1a: Aromatisse|Aromatisse, M|100\/100\n|move|p2b: Klefki|Iron Defense|p2b: Klefki\n|-boost|p2b: Klefki|def|2\n|move|p2a: Grimmsnarl|Light Screen|p2a: Grimmsnarl\n|-sidestart|p2: AerixThorn|move: Light Screen\n|move|p1b: Togekiss|Silver Wind|p2a: Grimmsnarl\n|-crit|p2a: Grimmsnarl\n|-damage|p2a: Grimmsnarl|75\/100\n|\n|upkeep\n|turn|5\n|\n|t:|1695273496\n|move|p2b: Klefki|Calm Mind|p2b: Klefki\n|-boost|p2b: Klefki|spa|1\n|-boost|p2b: Klefki|spd|1\n|move|p2a: Grimmsnarl|Reflect|p2a: Grimmsnarl\n|-sidestart|p2: AerixThorn|Reflect\n|move|p1b: Togekiss|Silver Wind|p2a: Grimmsnarl\n|-damage|p2a: Grimmsnarl|64\/100\n|move|p1a: Aromatisse|Disable|p2b: Klefki\n|-start|p2b: Klefki|Disable|Calm Mind\n|\n|-fieldend|move: Psychic Terrain\n|upkeep\n|turn|6\n|\n|t:|1695273518\n|move|p2b: Klefki|Thunder Wave|p1a: Aromatisse\n|-status|p1a: Aromatisse|par\n|move|p2a: Grimmsnarl|Thunder Wave|p1b: Togekiss\n|-status|p1b: Togekiss|par\n|move|p1b: Togekiss|Dazzling Gleam|p2a: Grimmsnarl|[spread] p2a,p2b\n|-supereffective|p2a: Grimmsnarl\n|-resisted|p2b: Klefki\n|-damage|p2a: Grimmsnarl|32\/100\n|-damage|p2b: Klefki|92\/100\n|move|p1a: Aromatisse|Trick Room|p1a: Aromatisse\n|-fieldstart|move: Trick Room|[of] p1a: Aromatisse\n|\n|upkeep\n|turn|7\n|\n|t:|1695273537\n|cant|p1a: Aromatisse|par\n|move|p1b: Togekiss|Dazzling Gleam|p2a: Grimmsnarl|[spread] p2a,p2b\n|-supereffective|p2a: Grimmsnarl\n|-crit|p2a: Grimmsnarl\n|-resisted|p2b: Klefki\n|-damage|p2a: Grimmsnarl|0 fnt\n|-damage|p2b: Klefki|82\/100\n|faint|p2a: Grimmsnarl\n|move|p2b: Klefki|Draining Kiss|p1a: Aromatisse\n|-damage|p1a: Aromatisse|78\/100 par\n|-heal|p2b: Klefki|100\/100|[from] drain|[of] p1a: Aromatisse\n|\n|-heal|p1a: Aromatisse|84\/100 par|[from] item: Leftovers\n|upkeep\n|\n|t:|1695273543\n|switch|p2a: Amoonguss|Amoonguss, M|100\/100\n|turn|8\n|inactive|bhandaripoonam has 120 seconds left.\n|\n|t:|1695273578\n|move|p1a: Aromatisse|Heal Bell|p1a: Aromatisse\n|-activate|p1a: Aromatisse|move: Heal Bell\n|-curestatus|p1a: Aromatisse|par|[msg]\n|-curestatus|p1b: Togekiss|par|[msg]\n|move|p2a: Amoonguss|Ingrain|p2a: Amoonguss\n|-start|p2a: Amoonguss|move: Ingrain\n|move|p2b: Klefki|Draining Kiss|p1a: Aromatisse\n|-damage|p1a: Aromatisse|59\/100\n|move|p1b: Togekiss|Air Slash|p2a: Amoonguss\n|-supereffective|p2a: Amoonguss\n|-crit|p2a: Amoonguss\n|-damage|p2a: Amoonguss|15\/100\n|\n|-heal|p1a: Aromatisse|65\/100|[from] item: Leftovers\n|-heal|p2a: Amoonguss|21\/100|[from] item: Leftovers\n|-heal|p2a: Amoonguss|27\/100|[from] Ingrain\n|upkeep\n|turn|9\n|inactive|bhandaripoonam has 120 seconds left.\n|inactive|AerixThorn has 120 seconds left.\n|\n|t:|1695273610\n|move|p1a: Aromatisse|Disable||[still]\n|-fail|p1a: Aromatisse\n|move|p2a: Amoonguss|Spore|p1b: Togekiss\n|-status|p1b: Togekiss|slp|[from] move: Spore\n|move|p2b: Klefki|Draining Kiss|p1a: Aromatisse\n|-damage|p1a: Aromatisse|40\/100\n|cant|p1b: Togekiss|slp\n|\n|-heal|p1a: Aromatisse|46\/100|[from] item: Leftovers\n|-heal|p2a: Amoonguss|33\/100|[from] item: Leftovers\n|-heal|p2a: Amoonguss|39\/100|[from] Ingrain\n|-end|p2b: Klefki|Disable\n|upkeep\n|turn|10\n|\n|t:|1695273632\n|move|p2a: Amoonguss|Rage Powder|p2a: Amoonguss\n|-singleturn|p2a: Amoonguss|move: Rage Powder\n|move|p2b: Klefki|Calm Mind|p2b: Klefki\n|-boost|p2b: Klefki|spa|1\n|-boost|p2b: Klefki|spd|1\n|move|p1a: Aromatisse|Heal Bell|p1a: Aromatisse\n|-activate|p1a: Aromatisse|move: Heal Bell\n|-curestatus|p1b: Togekiss|slp|[msg]\n|move|p1b: Togekiss|Air Slash|p2a: Amoonguss|[miss]\n|-miss|p1b: Togekiss|p2a: Amoonguss\n|\n|-heal|p1a: Aromatisse|52\/100|[from] item: Leftovers\n|-heal|p2a: Amoonguss|45\/100|[from] item: Leftovers\n|-heal|p2a: Amoonguss|51\/100|[from] Ingrain\n|-fieldend|move: Trick Room\n|upkeep\n|turn|11\n|\n|t:|1695273658\n|move|p1b: Togekiss|Air Slash|p2a: Amoonguss\n|-supereffective|p2a: Amoonguss\n|-damage|p2a: Amoonguss|15\/100\n|move|p2b: Klefki|Draining Kiss|p1b: Togekiss\n|-damage|p1b: Togekiss|72\/100\n|cant|p2a: Amoonguss|flinch\n|move|p1a: Aromatisse|Disable|p2b: Klefki\n|-start|p2b: Klefki|Disable|Draining Kiss\n|\n|-heal|p1b: Togekiss|78\/100|[from] item: Leftovers\n|-heal|p2a: Amoonguss|21\/100|[from] item: Leftovers\n|-heal|p1a: Aromatisse|59\/100|[from] item: Leftovers\n|-heal|p2a: Amoonguss|27\/100|[from] Ingrain\n|-sideend|p2: AerixThorn|move: Light Screen\n|upkeep\n|turn|12\n|\n|t:|1695273684\n|move|p2b: Klefki|Thunder Wave|p1b: Togekiss|[miss]\n|-miss|p2b: Klefki|p1b: Togekiss\n|move|p1b: Togekiss|Air Slash|p2a: Amoonguss\n|-supereffective|p2a: Amoonguss\n|-damage|p2a: Amoonguss|0 fnt\n|faint|p2a: Amoonguss\n|move|p1a: Aromatisse|Heal Bell||[still]\n|-activate|p1a: Aromatisse|move: Heal Bell\n|-fail|p1a: Aromatisse\n|\n|-heal|p1b: Togekiss|84\/100|[from] item: Leftovers\n|-heal|p1a: Aromatisse|65\/100|[from] item: Leftovers\n|-sideend|p2: AerixThorn|Reflect\n|upkeep\n|\n|t:|1695273688\n|switch|p2a: Veluza|Veluza, M|100\/100\n|turn|13\n|\n|t:|1695273712\n|move|p2b: Klefki|Thunder Wave|p1b: Togekiss\n|-status|p1b: Togekiss|par\n|move|p2a: Veluza|Fillet Away|p2a: Veluza\n|-boost|p2a: Veluza|atk|2\n|-boost|p2a: Veluza|spa|2\n|-boost|p2a: Veluza|spe|2\n|-damage|p2a: Veluza|51\/100\n|move|p1b: Togekiss|Air Slash|p2b: Klefki\n|-resisted|p2b: Klefki\n|-damage|p2b: Klefki|88\/100\n|move|p1a: Aromatisse|Trick Room|p1a: Aromatisse\n|-fieldstart|move: Trick Room|[of] p1a: Aromatisse\n|\n|-heal|p1a: Aromatisse|71\/100|[from] item: Leftovers\n|-heal|p1b: Togekiss|91\/100 par|[from] item: Leftovers\n|upkeep\n|turn|14\n|\n|t:|1695273735\n|move|p2b: Klefki|Calm Mind|p2b: Klefki\n|-boost|p2b: Klefki|spa|1\n|-boost|p2b: Klefki|spd|1\n|move|p1a: Aromatisse|Heal Bell|p1a: Aromatisse\n|-activate|p1a: Aromatisse|move: Heal Bell\n|-curestatus|p1b: Togekiss|par|[msg]\n|move|p1b: Togekiss|Air Slash|p2a: Veluza\n|-crit|p2a: Veluza\n|-damage|p2a: Veluza|0 fnt\n|faint|p2a: Veluza\n|\n|-heal|p1a: Aromatisse|77\/100|[from] item: Leftovers\n|-heal|p1b: Togekiss|97\/100|[from] item: Leftovers\n|upkeep\n|turn|15\n|inactive|bhandaripoonam has 120 seconds left.\n|\n|t:|1695273766\n|switch|p1a: Garchomp|Garchomp-Mega, M|5\/100\n|move|p2b: Klefki|Calm Mind|p2b: Klefki\n|-boost|p2b: Klefki|spa|1\n|-boost|p2b: Klefki|spd|1\n|move|p1b: Togekiss|Silver Wind|p2b: Klefki\n|-resisted|p2b: Klefki\n|-damage|p2b: Klefki|86\/100\n|\n|-heal|p1b: Togekiss|100\/100|[from] item: Leftovers\n|-end|p2b: Klefki|Disable\n|upkeep\n|turn|16\n|\n|t:|1695273784\n|move|p2b: Klefki|Draining Kiss|p1a: Garchomp\n|-supereffective|p1a: Garchomp\n|-damage|p1a: Garchomp|0 fnt\n|-heal|p2b: Klefki|90\/100|[from] drain|[of] p1a: Garchomp\n|faint|p1a: Garchomp\n|move|p1b: Togekiss|Air Slash|p2b: Klefki\n|-resisted|p2b: Klefki\n|-damage|p2b: Klefki|82\/100\n|\n|upkeep\n|\n|t:|1695273793\n|switch|p1a: Cresselia|Cresselia, F|100\/100\n|turn|17\n|\n|t:|1695273807\n|move|p1a: Cresselia|Helping Hand|p1b: Togekiss\n|-singleturn|p1b: Togekiss|Helping Hand|[of] p1a: Cresselia\n|move|p2b: Klefki|Draining Kiss|p1b: Togekiss\n|-damage|p1b: Togekiss|59\/100\n|-heal|p2b: Klefki|100\/100|[from] drain|[of] p1b: Togekiss\n|move|p1b: Togekiss|Air Slash|p2b: Klefki\n|-resisted|p2b: Klefki\n|-damage|p2b: Klefki|87\/100\n|\n|-heal|p1b: Togekiss|65\/100|[from] item: Leftovers\n|-fieldend|move: Trick Room\n|upkeep\n|turn|18\n|inactive|bhandaripoonam has 120 seconds left.\n|\n|t:|1695273854\n|move|p2b: Klefki|Thunder Wave|p1b: Togekiss\n|-status|p1b: Togekiss|par\n|move|p1a: Cresselia|Lunar Blessing|p1a: Cresselia|[spread] p1a,p1b\n|-heal|p1b: Togekiss|90\/100 par\n|-curestatus|p1b: Togekiss|par|[msg]\n|move|p1b: Togekiss|Soft-Boiled|p1b: Togekiss\n|-heal|p1b: Togekiss|100\/100\n|\n|upkeep\n|turn|19\n|inactive|bhandaripoonam has 120 seconds left.\n|\n|t:|1695273870\n|move|p1a: Cresselia|Helping Hand|p1b: Togekiss\n|-singleturn|p1b: Togekiss|Helping Hand|[of] p1a: Cresselia\n|move|p2b: Klefki|Calm Mind|p2b: Klefki\n|-boost|p2b: Klefki|spa|1\n|-boost|p2b: Klefki|spd|1\n|move|p1b: Togekiss|Dazzling Gleam|p2b: Klefki\n|-resisted|p2b: Klefki\n|-damage|p2b: Klefki|76\/100\n|\n|upkeep\n|turn|20\n|inactive|bhandaripoonam has 120 seconds left.\n|\n|t:|1695273905\n|switch|p1a: Aromatisse|Aromatisse, M|77\/100\n|move|p2b: Klefki|Calm Mind|p2b: Klefki\n|-boost|p2b: Klefki|spa|1\n|-boost|p2b: Klefki|spd|1\n|move|p1b: Togekiss|Air Slash|p2b: Klefki\n|-resisted|p2b: Klefki\n|-damage|p2b: Klefki|69\/100\n|\n|-heal|p1a: Aromatisse|83\/100|[from] item: Leftovers\n|upkeep\n|turn|21\n|inactive|bhandaripoonam has 120 seconds left.\n|\n|t:|1695273928\n|move|p1b: Togekiss|Air Slash|p2b: Klefki\n|-resisted|p2b: Klefki\n|-damage|p2b: Klefki|63\/100\n|move|p2b: Klefki|Draining Kiss|p1b: Togekiss\n|-damage|p1b: Togekiss|46\/100\n|-heal|p2b: Klefki|100\/100|[from] drain|[of] p1b: Togekiss\n|move|p1a: Aromatisse|Disable|p2b: Klefki\n|-start|p2b: Klefki|Disable|Draining Kiss\n|\n|-heal|p1b: Togekiss|52\/100|[from] item: Leftovers\n|-heal|p1a: Aromatisse|89\/100|[from] item: Leftovers\n|upkeep\n|turn|22\n|inactive|bhandaripoonam has 120 seconds left.\n|\n|t:|1695273949\n|move|p2b: Klefki|Thunder Wave|p1a: Aromatisse\n|-status|p1a: Aromatisse|par\n|move|p1b: Togekiss|Silver Wind|p2b: Klefki\n|-resisted|p2b: Klefki\n|-damage|p2b: Klefki|99\/100\n|cant|p1a: Aromatisse|par\n|\n|-heal|p1b: Togekiss|58\/100|[from] item: Leftovers\n|-heal|p1a: Aromatisse|96\/100 par|[from] item: Leftovers\n|upkeep\n|turn|23\n|\n|t:|1695273967\n|move|p2b: Klefki|Thunder Wave|p1b: Togekiss\n|-status|p1b: Togekiss|par\n|move|p1b: Togekiss|Silver Wind|p2b: Klefki\n|-resisted|p2b: Klefki\n|-damage|p2b: Klefki|97\/100\n|move|p1a: Aromatisse|Heal Bell|p1a: Aromatisse\n|-activate|p1a: Aromatisse|move: Heal Bell\n|-curestatus|p1a: Aromatisse|par|[msg]\n|-curestatus|p1b: Togekiss|par|[msg]\n|\n|-heal|p1b: Togekiss|64\/100|[from] item: Leftovers\n|-heal|p1a: Aromatisse|100\/100|[from] item: Leftovers\n|upkeep\n|turn|24\n|\n|t:|1695273987\n|switch|p1a: Cresselia|Cresselia, F|100\/100\n|move|p2b: Klefki|Thunder Wave|p1a: Cresselia\n|-status|p1a: Cresselia|par\n|move|p1b: Togekiss|Silver Wind|p2b: Klefki\n|-resisted|p2b: Klefki\n|-damage|p2b: Klefki|96\/100\n|\n|-heal|p1b: Togekiss|70\/100|[from] item: Leftovers\n|upkeep\n|turn|25\n|\n|t:|1695274012\n|move|p2b: Klefki|Thunder Wave|p1b: Togekiss\n|-status|p1b: Togekiss|par\n|move|p1a: Cresselia|Lunar Blessing|p1a: Cresselia|[spread] p1a,p1b\n|-curestatus|p1a: Cresselia|par|[msg]\n|-heal|p1b: Togekiss|95\/100 par\n|-curestatus|p1b: Togekiss|par|[msg]\n|move|p1b: Togekiss|Silver Wind|p2b: Klefki\n|-resisted|p2b: Klefki\n|-damage|p2b: Klefki|94\/100\n|\n|-heal|p1b: Togekiss|100\/100|[from] item: Leftovers\n|-end|p2b: Klefki|Disable\n|upkeep\n|turn|26\n|\n|t:|1695274034\n|move|p1a: Cresselia|Helping Hand|p1b: Togekiss\n|-singleturn|p1b: Togekiss|Helping Hand|[of] p1a: Cresselia\n|move|p1b: Togekiss|Silver Wind|p2b: Klefki\n|-resisted|p2b: Klefki\n|-damage|p2b: Klefki|92\/100\n|move|p2b: Klefki|Draining Kiss|p1a: Cresselia\n|-damage|p1a: Cresselia|58\/100\n|-heal|p2b: Klefki|100\/100|[from] drain|[of] p1a: Cresselia\n|\n|-heal|p1a: Cresselia|64\/100|[from] item: Leftovers\n|upkeep\n|turn|27\n|\n|t:|1695274053\n|move|p1a: Cresselia|Helping Hand|p1b: Togekiss\n|-singleturn|p1b: Togekiss|Helping Hand|[of] p1a: Cresselia\n|move|p1b: Togekiss|Air Slash|p2b: Klefki\n|-resisted|p2b: Klefki\n|-damage|p2b: Klefki|91\/100\n|cant|p2b: Klefki|flinch\n|\n|-heal|p1a: Cresselia|70\/100|[from] item: Leftovers\n|upkeep\n|turn|28\n|\n|t:|1695274070\n|move|p1a: Cresselia|Helping Hand|p1b: Togekiss\n|-singleturn|p1b: Togekiss|Helping Hand|[of] p1a: Cresselia\n|move|p1b: Togekiss|Air Slash|p2b: Klefki\n|-resisted|p2b: Klefki\n|-damage|p2b: Klefki|83\/100\n|cant|p2b: Klefki|flinch\n|\n|-heal|p1a: Cresselia|76\/100|[from] item: Leftovers\n|upkeep\n|turn|29\n|\n|t:|1695274084\n|move|p1a: Cresselia|Helping Hand|p1b: Togekiss\n|-singleturn|p1b: Togekiss|Helping Hand|[of] p1a: Cresselia\n|move|p1b: Togekiss|Air Slash|p2b: Klefki\n|-resisted|p2b: Klefki\n|-damage|p2b: Klefki|73\/100\n|move|p2b: Klefki|Draining Kiss|p1a: Cresselia\n|-damage|p1a: Cresselia|35\/100\n|-heal|p2b: Klefki|100\/100|[from] drain|[of] p1a: Cresselia\n|\n|-heal|p1a: Cresselia|41\/100|[from] item: Leftovers\n|upkeep\n|turn|30\n|-message|bhandaripoonam forfeited.\n|\n|win|AerixThorn\n|raw|bhandaripoonam's rating: 1026 &rarr; <strong>1016<\/strong><br \/>(-10 for losing)\n|raw|AerixThorn's rating: 1134 &rarr; <strong>1151<\/strong><br \/>(+17 for winning)\n|l|\u2606bhandaripoonam\n","uploadtime":1695274112,"views":13,"p1id":"bhandaripoonam","p2id":"aerixthorn","formatid":"gen9nationaldexdoubles","rating":1016,"private":0,"password":""}