{"id":"gen9nationaldexdoubles-1956261994","p1":"Noawa","p2":"PJewe","format":"[Gen 9] National Dex Doubles","log":"|j|\u2606Noawa\n|j|\u2606PJewe\n|t:|1696090851\n|gametype|doubles\n|player|p1|Noawa|psychicf|\n|player|p2|PJewe|wallace|\n|teamsize|p1|6\n|teamsize|p2|6\n|gen|9\n|tier|[Gen 9] National Dex Doubles\n|rule|HP Percentage Mod: HP is shown in percentages\n|rule|Endless Battle Clause: Forcing endless battles is banned\n|rule|OHKO Clause: OHKO moves are banned\n|rule|Evasion Moves Clause: Evasion moves are banned\n|rule|Evasion Abilities Clause: Evasion abilities are banned\n|rule|Species Clause: Limit one of each Pok\u00e9mon\n|rule|Gravity Sleep Clause: The combination of sleep-inducing moves with imperfect accuracy and Gravity or Gigantamax Orbeetle are banned\n|clearpoke\n|poke|p1|Hippowdon, M|\n|poke|p1|Garganacl, M|\n|poke|p1|Sylveon, F|\n|poke|p1|Indeedee-F, F|\n|poke|p1|Dipplin, F|\n|poke|p1|Milotic, F|\n|poke|p2|Ambipom, F|\n|poke|p2|Pelipper, F|\n|poke|p2|Gastrodon, F|\n|poke|p2|Overqwil, M|\n|poke|p2|Amoonguss, F|\n|poke|p2|Gholdengo|\n|teampreview\n|j| german_mg53\n|\n|t:|1696090868\n|start\n|switch|p1a: :O|Hippowdon, M|100\/100\n|switch|p1b: dwayne|Garganacl, M, shiny|100\/100\n|switch|p2a: pim pam|Ambipom, F|100\/100\n|switch|p2b: k11l the rich|Gholdengo|100\/100\n|-weather|Sandstorm|[from] ability: Sand Stream|[of] p1a: :O\n|turn|1\n|j| harvestmarc\n|c| german_mg53|:O revientale\n|\n|t:|1696090916\n|switch|p2b: sus|Amoonguss, F|100\/100\n|move|p2a: pim pam|Fake Out|p1b: dwayne\n|-resisted|p1b: dwayne\n|-damage|p1b: dwayne|90\/100\n|-damage|p2a: pim pam|91\/100|[from] item: Life Orb\n|move|p1a: :O|Sand Tomb|p2b: sus\n|-damage|p2b: sus|89\/100\n|-activate|p2b: sus|move: Sand Tomb|[of] p1a: :O\n|cant|p1b: dwayne|flinch\n|\n|-weather|Sandstorm|[upkeep]\n|-damage|p2a: pim pam|84\/100|[from] Sandstorm\n|-damage|p2b: sus|83\/100|[from] Sandstorm\n|-heal|p1b: dwayne|96\/100|[from] item: Leftovers\n|-damage|p2b: sus|66\/100|[from] move: Sand Tomb|[partiallytrapped]\n|upkeep\n|turn|2\n|c|\u2606Noawa|>:3\n|c| german_mg53|pim pam haz lo tuyo\n|\n|t:|1696090943\n|move|p2a: pim pam|Taunt|p1b: dwayne\n|-start|p1b: dwayne|move: Taunt\n|move|p1a: :O|Sand Tomb|p2a: pim pam\n|-damage|p2a: pim pam|62\/100\n|-activate|p2a: pim pam|move: Sand Tomb|[of] p1a: :O\n|move|p1b: dwayne|Salt Cure|p2b: sus\n|-damage|p2b: sus|54\/100\n|-start|p2b: sus|Salt Cure\n|move|p2b: sus|Grass Knot|p1a: :O\n|-supereffective|p1a: :O\n|-damage|p1a: :O|40\/100\n|\n|-weather|Sandstorm|[upkeep]\n|-damage|p2a: pim pam|55\/100|[from] Sandstorm\n|-damage|p2b: sus|48\/100|[from] Sandstorm\n|-heal|p1b: dwayne|100\/100|[from] item: Leftovers\n|-damage|p2a: pim pam|39\/100|[from] move: Sand Tomb|[partiallytrapped]\n|-damage|p2b: sus|32\/100|[from] move: Sand Tomb|[partiallytrapped]\n|-damage|p2b: sus|19\/100|[from] Salt Cure\n|upkeep\n|turn|3\n|\n|t:|1696090978\n|move|p1a: :O|Protect|p1a: :O\n|-singleturn|p1a: :O|Protect\n|move|p2a: pim pam|Return|p1a: :O\n|-activate|p1a: :O|move: Protect\n|move|p1b: dwayne|Salt Cure|p2a: pim pam\n|-damage|p2a: pim pam|16\/100\n|-start|p2a: pim pam|Salt Cure\n|move|p2b: sus|Grass Knot|p1b: dwayne\n|-supereffective|p1b: dwayne\n|-damage|p1b: dwayne|70\/100\n|\n|-weather|Sandstorm|[upkeep]\n|-damage|p2a: pim pam|10\/100|[from] Sandstorm\n|-damage|p2b: sus|13\/100|[from] Sandstorm\n|-heal|p1b: dwayne|76\/100|[from] item: Leftovers\n|-damage|p2a: pim pam|0 fnt|[from] move: Sand Tomb|[partiallytrapped]\n|faint|p2a: pim pam\n|-damage|p2b: sus|0 fnt|[from] move: Sand Tomb|[partiallytrapped]\n|faint|p2b: sus\n|upkeep\n|\n|t:|1696090996\n|switch|p2a: dula pelippa|Pelipper, F|100\/100\n|switch|p2b: pringosa|Gastrodon, F|100\/100\n|-weather|RainDance|[from] ability: Drizzle|[of] p2a: dula pelippa\n|turn|4\n|\n|t:|1696091012\n|switch|p1a: jefa|Indeedee-F, F, shiny|100\/100\n|-fieldstart|move: Psychic Terrain|[from] ability: Psychic Surge|[of] p1a: jefa\n|-terastallize|p1b: dwayne|Fighting\n|move|p2a: dula pelippa|Surf|p1b: dwayne|[spread] p1a,p1b\n|-ability|p2b: pringosa|Storm Drain|boost\n|-boost|p2b: pringosa|spa|1\n|-damage|p1a: jefa|70\/100\n|-damage|p1b: dwayne|56\/100\n|move|p2b: pringosa|Earth Power|p1b: dwayne\n|-damage|p1b: dwayne|26\/100\n|move|p1b: dwayne|Salt Cure|p2a: dula pelippa\n|-supereffective|p2a: dula pelippa\n|-damage|p2a: dula pelippa|73\/100\n|-start|p2a: dula pelippa|Salt Cure\n|\n|-weather|RainDance|[upkeep]\n|-heal|p1a: jefa|76\/100|[from] item: Leftovers\n|-heal|p1b: dwayne|33\/100|[from] item: Leftovers\n|-damage|p2a: dula pelippa|48\/100|[from] Salt Cure\n|-end|p1b: dwayne|move: Taunt\n|upkeep\n|turn|5\n|\n|t:|1696091042\n|move|p1b: dwayne|Wide Guard|p1b: dwayne\n|-singleturn|p1b: dwayne|Wide Guard\n|move|p1a: jefa|Psychic|p2a: dula pelippa\n|-damage|p2a: dula pelippa|5\/100\n|move|p2a: dula pelippa|Hurricane|p1b: dwayne\n|-supereffective|p1b: dwayne\n|-crit|p1b: dwayne\n|-damage|p1b: dwayne|0 fnt\n|faint|p1b: dwayne\n|move|p2b: pringosa|Earth Power|p1a: jefa\n|-damage|p1a: jefa|32\/100\n|\n|-weather|RainDance|[upkeep]\n|-heal|p1a: jefa|39\/100|[from] item: Leftovers\n|-damage|p2a: dula pelippa|0 fnt|[from] Salt Cure\n|faint|p2a: dula pelippa\n|upkeep\n|\n|t:|1696091059\n|switch|p2a: k11l the rich|Gholdengo|100\/100\n|switch|p1b: snek :3|Milotic, F|100\/100\n|-enditem|p1b: snek :3|Psychic Seed\n|-boost|p1b: snek :3|spd|1|[from] item: Psychic Seed\n|turn|6\n|c| german_mg53|venustatas\n|c| german_mg53|venustatas\n|c| german_mg53|venustatas\n|c| german_mg53|venustatas\n|\n|t:|1696091089\n|switch|p1a: maz\u00e1|Dipplin, F, shiny|100\/100\n|-ability|p1a: maz\u00e1|Supersweet Syrup\n|-ability|p1a: maz\u00e1|Supersweet Syrup|boost\n|-unboost|p2a: k11l the rich|evasion|1\n|-unboost|p2b: pringosa|evasion|1\n|move|p2a: k11l the rich|Make It Rain|p1a: maz\u00e1|[spread] p1a,p1b\n|-resisted|p1b: snek :3\n|-damage|p1a: maz\u00e1|72\/100\n|-damage|p1b: snek :3|89\/100\n|-unboost|p2a: k11l the rich|spa|1\n|move|p1b: snek :3|Hypnosis|p2a: k11l the rich\n|-immune|p2a: k11l the rich|[from] ability: Good as Gold\n|move|p2b: pringosa|Earth Power|p1a: maz\u00e1\n|-resisted|p1a: maz\u00e1\n|-crit|p1a: maz\u00e1\n|-damage|p1a: maz\u00e1|53\/100\n|\n|-weather|RainDance|[upkeep]\n|upkeep\n|turn|7\n|c| german_mg53|venustatas\n|c| german_mg53|sirupy\n|c| harvestmarc|siruposa\n|c| german_mg53|bien golosa\n|c| harvestmarc|tetas\n|\n|t:|1696091130\n|move|p2a: k11l the rich|Shadow Ball|p1b: snek :3\n|-damage|p1b: snek :3|75\/100\n|move|p1b: snek :3|Hypnosis|p2b: pringosa\n|-status|p2b: pringosa|slp|[from] move: Hypnosis\n|move|p1a: maz\u00e1|Syrup Bomb|p2b: pringosa\n|-supereffective|p2b: pringosa\n|-damage|p2b: pringosa|39\/100 slp\n|-start|p2b: pringosa|Syrup Bomb\n|-enditem|p2b: pringosa|Sitrus Berry|[eat]\n|-heal|p2b: pringosa|63\/100 slp|[from] item: Sitrus Berry\n|cant|p2b: pringosa|slp\n|\n|-weather|RainDance|[upkeep]\n|-unboost|p2b: pringosa|spe|1\n|upkeep\n|turn|8\n|\n|t:|1696091153\n|move|p2a: k11l the rich|Shadow Ball|p1b: snek :3\n|-damage|p1b: snek :3|62\/100\n|-unboost|p1b: snek :3|spd|1\n|-ability|p1b: snek :3|Competitive|boost\n|-boost|p1b: snek :3|spa|2\n|move|p1b: snek :3|Scald|p2b: pringosa\n|-activate|p2b: pringosa|ability: Storm Drain\n|-ability|p2b: pringosa|Storm Drain|boost\n|-boost|p2b: pringosa|spa|1\n|move|p1a: maz\u00e1|Syrup Bomb|p2b: pringosa\n|-supereffective|p2b: pringosa\n|-damage|p2b: pringosa|3\/100 slp\n|cant|p2b: pringosa|slp\n|\n|-weather|RainDance|[upkeep]\n|-unboost|p2b: pringosa|spe|1\n|-fieldend|move: Psychic Terrain\n|upkeep\n|turn|9\n|\n|t:|1696091177\n|move|p2a: k11l the rich|Make It Rain|p1a: maz\u00e1|[spread] p1a,p1b\n|-resisted|p1b: snek :3\n|-damage|p1a: maz\u00e1|36\/100\n|-damage|p1b: snek :3|52\/100\n|-unboost|p2a: k11l the rich|spa|1\n|move|p1a: maz\u00e1|Pollen Puff|p1b: snek :3\n|-heal|p1b: snek :3|100\/100\n|cant|p2b: pringosa|slp\n|move|p1b: snek :3|Dragon Tail|p2b: pringosa\n|-damage|p2b: pringosa|0 fnt\n|faint|p2b: pringosa\n|\n|-weather|RainDance|[upkeep]\n|upkeep\n|\n|t:|1696091192\n|switch|p2b: man ipulate|Overqwil, M|100\/100\n|-ability|p2b: man ipulate|Intimidate|boost\n|-unboost|p1a: maz\u00e1|atk|1\n|-unboost|p1b: snek :3|atk|1\n|-ability|p1b: snek :3|Competitive|boost\n|-boost|p1b: snek :3|spa|2\n|turn|10\n|\n|t:|1696091216\n|move|p2b: man ipulate|Crunch|p1b: snek :3\n|-damage|p1b: snek :3|75\/100\n|move|p2a: k11l the rich|Shadow Ball|p1a: maz\u00e1\n|-damage|p1a: maz\u00e1|22\/100\n|move|p1b: snek :3|Scald|p2b: man ipulate\n|-damage|p2b: man ipulate|0 fnt\n|faint|p2b: man ipulate\n|move|p1a: maz\u00e1|Draco Meteor|p2a: k11l the rich\n|-resisted|p2a: k11l the rich\n|-damage|p2a: k11l the rich|74\/100\n|-unboost|p1a: maz\u00e1|spa|2\n|\n|-weather|RainDance|[upkeep]\n|-heal|p2a: k11l the rich|80\/100|[from] item: Leftovers\n|upkeep\n|turn|11\n|c| german_mg53|chomp\n|\n|t:|1696091245\n|move|p2a: k11l the rich|Make It Rain|p1b: snek :3|[spread] p1a,p1b\n|-resisted|p1b: snek :3\n|-crit|p1b: snek :3\n|-damage|p1a: maz\u00e1|8\/100\n|-damage|p1b: snek :3|50\/100\n|-unboost|p2a: k11l the rich|spa|1\n|move|p1b: snek :3|Scald|p2a: k11l the rich\n|-damage|p2a: k11l the rich|0 fnt\n|faint|p2a: k11l the rich\n|\n|win|Noawa\n","uploadtime":1696091262,"views":7,"p1id":"noawa","p2id":"pjewe","formatid":"gen9nationaldexdoubles","rating":0,"private":0,"password":""}