{"id":"gen9nationaldexdoubles-1954611397","p1":"ServingOfSalsa","p2":"PunkRockObstagoon","format":"[Gen 9] National Dex Doubles","log":"|j|\u2606ServingOfSalsa\n|j|\u2606PunkRockObstagoon\n|t:|1695912729\n|gametype|doubles\n|player|p1|ServingOfSalsa|barry|1163\n|player|p2|PunkRockObstagoon|hilbert|1117\n|teamsize|p1|6\n|teamsize|p2|6\n|gen|9\n|tier|[Gen 9] National Dex Doubles\n|rated|\n|rule|HP Percentage Mod: HP is shown in percentages\n|rule|Endless Battle Clause: Forcing endless battles is banned\n|rule|OHKO Clause: OHKO moves are banned\n|rule|Evasion Moves Clause: Evasion moves are banned\n|rule|Evasion Abilities Clause: Evasion abilities are banned\n|rule|Species Clause: Limit one of each Pok\u00e9mon\n|rule|Gravity Sleep Clause: The combination of sleep-inducing moves with imperfect accuracy and Gravity or Gigantamax Orbeetle are banned\n|clearpoke\n|poke|p1|Skeledirge, M|\n|poke|p1|Swampert, M|\n|poke|p1|Electrode-Hisui|\n|poke|p1|Reuniclus, F|\n|poke|p1|Lucario, M|\n|poke|p1|Togekiss, F|\n|poke|p2|Charizard, M|\n|poke|p2|Metagross|\n|poke|p2|Grimmsnarl, M|\n|poke|p2|Tatsugiri-Stretchy, F|\n|poke|p2|Serperior, F|\n|poke|p2|Blaziken, M|\n|teampreview\n|inactive|Battle timer is ON: inactive players will automatically lose when time's up. (requested by PunkRockObstagoon)\n|inactive|ServingOfSalsa also wants the timer to be on.\n|inactive|PunkRockObstagoon has 120 seconds left.\n|\n|t:|1695912761\n|start\n|switch|p1a: Cerebellum|Reuniclus, F|100\/100\n|switch|p1b: Marble|Lucario, M|100\/100\n|switch|p2a: Metagross|Metagross|100\/100\n|switch|p2b: Blaziken|Blaziken, M|100\/100\n|turn|1\n|\n|t:|1695912778\n|detailschange|p1b: Marble|Lucario-Mega, M\n|-mega|p1b: Marble|Lucario|Lucarionite\n|move|p2a: Metagross|Protect|p2a: Metagross\n|-singleturn|p2a: Metagross|Protect\n|move|p2b: Blaziken|Detect|p2b: Blaziken\n|-singleturn|p2b: Blaziken|Protect\n|move|p1b: Marble|Aura Sphere|p2a: Metagross\n|-activate|p2a: Metagross|move: Protect\n|move|p1a: Cerebellum|Trick Room|p1a: Cerebellum\n|-fieldstart|move: Trick Room|[of] p1a: Cerebellum\n|\n|-ability|p2b: Blaziken|Speed Boost|boost\n|-boost|p2b: Blaziken|spe|1\n|upkeep\n|turn|2\n|\n|t:|1695912798\n|move|p1a: Cerebellum|Psychic Terrain|p1a: Cerebellum\n|-fieldstart|move: Psychic Terrain\n|move|p2a: Metagross|Iron Head|p1a: Cerebellum\n|-damage|p1a: Cerebellum|55\/100\n|move|p1b: Marble|Aura Sphere|p2a: Metagross\n|-damage|p2a: Metagross|38\/100\n|move|p2b: Blaziken|Flare Blitz|p1b: Marble\n|-supereffective|p1b: Marble\n|-damage|p1b: Marble|0 fnt\n|faint|p1b: Marble\n|-damage|p2b: Blaziken|70\/100|[from] Recoil\n|\n|-ability|p2b: Blaziken|Speed Boost|boost\n|-boost|p2b: Blaziken|spe|1\n|upkeep\n|\n|t:|1695912813\n|switch|p1b: Stagnumud|Swampert, M|100\/100\n|turn|3\n|\n|t:|1695912823\n|move|p2a: Metagross|Protect|p2a: Metagross\n|-singleturn|p2a: Metagross|Protect\n|move|p2b: Blaziken|Detect|p2b: Blaziken\n|-singleturn|p2b: Blaziken|Protect\n|move|p1a: Cerebellum|Expanding Force|p2b: Blaziken|[spread] \n|-activate|p2a: Metagross|move: Protect\n|-activate|p2b: Blaziken|move: Protect\n|move|p1b: Stagnumud|Earth Power|p2a: Metagross\n|-activate|p2a: Metagross|move: Protect\n|\n|-ability|p2b: Blaziken|Speed Boost|boost\n|-boost|p2b: Blaziken|spe|1\n|upkeep\n|turn|4\n|\n|t:|1695912842\n|switch|p2a: Charizard|Charizard, M|100\/100\n|switch|p2b: Grimmsnarl|Grimmsnarl, M|100\/100\n|-item|p1a: Cerebellum|Life Orb|[from] ability: Frisk|[of] p2b: Grimmsnarl|[identify]\n|-item|p1b: Stagnumud|Rindo Berry|[from] ability: Frisk|[of] p2b: Grimmsnarl|[identify]\n|move|p1a: Cerebellum|Expanding Force|p2a: Charizard|[spread] p2a\n|-immune|p2b: Grimmsnarl\n|-damage|p2a: Charizard|10\/100\n|move|p1b: Stagnumud|Earth Power|p2a: Charizard\n|-immune|p2a: Charizard\n|\n|upkeep\n|turn|5\n|\n|t:|1695912873\n|switch|p2a: Serperior|Serperior, F|100\/100\n|move|p1a: Cerebellum|Expanding Force|p2b: Grimmsnarl|[spread] p2a\n|-immune|p2b: Grimmsnarl\n|-damage|p2a: Serperior|0 fnt\n|faint|p2a: Serperior\n|move|p1b: Stagnumud|Ice Beam|p2b: Grimmsnarl\n|-damage|p2b: Grimmsnarl|80\/100\n|move|p2b: Grimmsnarl|Assurance|p1a: Cerebellum\n|-supereffective|p1a: Cerebellum\n|-damage|p1a: Cerebellum|0 fnt\n|faint|p1a: Cerebellum\n|\n|-fieldend|move: Trick Room\n|upkeep\n|\n|t:|1695912892\n|switch|p2a: Tatsugiri|Tatsugiri-Stretchy, F, shiny|100\/100\n|switch|p1a: Old\u00e9ball|Electrode-Hisui|100\/100\n|turn|6\n|\n|t:|1695912904\n|move|p1a: Old\u00e9ball|Electro Ball|p2a: Tatsugiri\n|-damage|p2a: Tatsugiri|70\/100\n|move|p2a: Tatsugiri|Muddy Water|p1b: Stagnumud|[spread] p1a,p1b\n|-resisted|p1a: Old\u00e9ball\n|-damage|p1a: Old\u00e9ball|82\/100\n|-damage|p1b: Stagnumud|68\/100\n|-unboost|p1b: Stagnumud|accuracy|1\n|move|p2b: Grimmsnarl|Assurance|p1a: Old\u00e9ball\n|-damage|p1a: Old\u00e9ball|0 fnt\n|faint|p1a: Old\u00e9ball\n|move|p1b: Stagnumud|Earth Power|p2b: Grimmsnarl\n|-crit|p2b: Grimmsnarl\n|-damage|p2b: Grimmsnarl|37\/100\n|-unboost|p2b: Grimmsnarl|spd|1\n|\n|-heal|p2a: Tatsugiri|76\/100|[from] item: Leftovers\n|-fieldend|move: Psychic Terrain\n|upkeep\n|\n|t:|1695912921\n|switch|p1a: Flincher|Togekiss, F|100\/100\n|turn|7\n|\n|t:|1695912934\n|-terastallize|p2a: Tatsugiri|Fairy\n|move|p2b: Grimmsnarl|Sucker Punch|p1b: Stagnumud\n|-damage|p1b: Stagnumud|35\/100\n|move|p1a: Flincher|Dazzling Gleam|p2b: Grimmsnarl|[spread] p2a,p2b\n|-supereffective|p2b: Grimmsnarl\n|-damage|p2a: Tatsugiri|47\/100\n|-damage|p2b: Grimmsnarl|0 fnt\n|faint|p2b: Grimmsnarl\n|move|p2a: Tatsugiri|Muddy Water|p1b: Stagnumud|[spread] p1a,p1b\n|-damage|p1a: Flincher|66\/100\n|-damage|p1b: Stagnumud|2\/100\n|move|p1b: Stagnumud|Earth Power|p2a: Tatsugiri\n|-damage|p2a: Tatsugiri|5\/100\n|\n|-heal|p2a: Tatsugiri|11\/100|[from] item: Leftovers\n|upkeep\n|\n|t:|1695912940\n|switch|p2b: Charizard|Charizard, M|10\/100\n|turn|8\n|\n|t:|1695912957\n|move|p2b: Charizard|Tailwind|p2b: Charizard\n|-sidestart|p2: PunkRockObstagoon|move: Tailwind\n|move|p2a: Tatsugiri|Muddy Water|p1b: Stagnumud|[spread] p1b\n|-miss|p2a: Tatsugiri|p1a: Flincher\n|-damage|p1b: Stagnumud|0 fnt\n|faint|p1b: Stagnumud\n|move|p1a: Flincher|Air Slash|p2b: Charizard|[miss]\n|-miss|p1a: Flincher|p2b: Charizard\n|\n|-heal|p2a: Tatsugiri|17\/100|[from] item: Leftovers\n|upkeep\n|-message|ServingOfSalsa forfeited.\n|\n|win|PunkRockObstagoon\n|raw|ServingOfSalsa's rating: 1163 &rarr; <strong>1135<\/strong><br \/>(-28 for losing)\n|raw|PunkRockObstagoon's rating: 1117 &rarr; <strong>1145<\/strong><br \/>(+28 for winning)\n|l|\u2606ServingOfSalsa\n","uploadtime":1695912972,"views":16,"p1id":"servingofsalsa","p2id":"punkrockobstagoon","formatid":"gen9nationaldexdoubles","rating":1135,"private":0,"password":""}