{"id":"gen9nationaldexdoubles-1959794263","p1":"TrainerCesarin","p2":"Doyourenember","format":"[Gen 9] National Dex Doubles","log":"|j|\u2606TrainerCesarin\n|j|\u2606Doyourenember\n|t:|1696456018\n|gametype|doubles\n|player|p1|TrainerCesarin|1|1102\n|player|p2|Doyourenember|wallace|1051\n|teamsize|p1|6\n|teamsize|p2|6\n|gen|9\n|tier|[Gen 9] National Dex Doubles\n|rated|\n|rule|HP Percentage Mod: HP is shown in percentages\n|rule|Endless Battle Clause: Forcing endless battles is banned\n|rule|OHKO Clause: OHKO moves are banned\n|rule|Evasion Moves Clause: Evasion moves are banned\n|rule|Evasion Abilities Clause: Evasion abilities are banned\n|rule|Species Clause: Limit one of each Pok\u00e9mon\n|rule|Gravity Sleep Clause: The combination of sleep-inducing moves with imperfect accuracy and Gravity or Gigantamax Orbeetle are banned\n|clearpoke\n|poke|p1|Hitmonchan, M|\n|poke|p1|Chien-Pao|\n|poke|p1|Kingambit, F|\n|poke|p1|Tornadus, M|\n|poke|p1|Sinistcha|\n|poke|p1|Cresselia, F|\n|poke|p2|Lilligant, F|\n|poke|p2|Torkoal, M|\n|poke|p2|Talonflame, M|\n|poke|p2|Fezandipiti, M|\n|poke|p2|Shiftry, M|\n|poke|p2|Sandy Shocks|\n|teampreview\n|\n|t:|1696456042\n|start\n|switch|p1a: Hitmonchan|Hitmonchan, M, shiny|100\/100\n|switch|p1b: Tornadus|Tornadus, M|100\/100\n|switch|p2a: Torkoal|Torkoal, M|100\/100\n|switch|p2b: Sandy Shocks|Sandy Shocks|100\/100\n|-weather|SunnyDay|[from] ability: Drought|[of] p2a: Torkoal\n|-activate|p2b: Sandy Shocks|ability: Protosynthesis\n|-start|p2b: Sandy Shocks|protosynthesisspa\n|turn|1\n|\n|t:|1696456076\n|move|p1a: Hitmonchan|Fake Out|p2a: Torkoal\n|-damage|p2a: Torkoal|91\/100\n|move|p1b: Tornadus|Tailwind|p1b: Tornadus\n|-sidestart|p1: TrainerCesarin|move: Tailwind\n|move|p2b: Sandy Shocks|Flash Cannon|p1a: Hitmonchan\n|-damage|p1a: Hitmonchan|69\/100\n|cant|p2a: Torkoal|flinch\n|\n|-weather|SunnyDay|[upkeep]\n|upkeep\n|turn|2\n|\n|t:|1696456097\n|move|p1b: Tornadus|Foul Play|p2a: Torkoal\n|-damage|p2a: Torkoal|81\/100\n|move|p1a: Hitmonchan|Drain Punch|p2b: Sandy Shocks\n|-damage|p2b: Sandy Shocks|66\/100\n|-heal|p1a: Hitmonchan|87\/100|[from] drain|[of] p2b: Sandy Shocks\n|-heal|p1a: Hitmonchan|91\/100|[from] item: Shell Bell|[of] p2b: Sandy Shocks\n|move|p2b: Sandy Shocks|Flash Cannon|p1a: Hitmonchan\n|-damage|p1a: Hitmonchan|58\/100\n|move|p2a: Torkoal|Eruption|p1a: Hitmonchan|[spread] p1a,p1b\n|-damage|p1a: Hitmonchan|0 fnt\n|-damage|p1b: Tornadus|0 fnt\n|faint|p1a: Hitmonchan\n|faint|p1b: Tornadus\n|\n|-weather|SunnyDay|[upkeep]\n|upkeep\n|\n|t:|1696456129\n|switch|p1b: Kingambit|Kingambit, F|100\/100\n|switch|p1a: Cresselia|Cresselia, F|100\/100\n|turn|3\n|\n|t:|1696456143\n|-terastallize|p1b: Kingambit|Dark\n|move|p1a: Cresselia|Lunar Blessing||[still]|[spread] \n|-fail|p1a: Cresselia\n|move|p2b: Sandy Shocks|Flash Cannon|p1a: Cresselia\n|-damage|p1a: Cresselia|78\/100\n|move|p1b: Kingambit|Kowtow Cleave|p2a: Torkoal\n|-damage|p2a: Torkoal|34\/100\n|move|p2a: Torkoal|Eruption|p1b: Kingambit|[spread] p1a,p1b\n|-damage|p1a: Cresselia|56\/100\n|-damage|p1b: Kingambit|69\/100\n|\n|-weather|SunnyDay|[upkeep]\n|-heal|p1b: Kingambit|75\/100|[from] item: Leftovers\n|upkeep\n|turn|4\n|\n|t:|1696456197\n|move|p1a: Cresselia|Lunar Blessing|p1a: Cresselia|[spread] p1a,p1b\n|-heal|p1a: Cresselia|82\/100\n|-heal|p1b: Kingambit|99\/100\n|move|p2b: Sandy Shocks|Discharge|p1a: Cresselia|[spread] p2a,p1a,p1b\n|-damage|p2a: Torkoal|0 fnt\n|-damage|p1a: Cresselia|60\/100\n|-damage|p1b: Kingambit|67\/100\n|-status|p1b: Kingambit|par\n|faint|p2a: Torkoal\n|cant|p1b: Kingambit|par\n|\n|-weather|SunnyDay|[upkeep]\n|-heal|p1b: Kingambit|73\/100 par|[from] item: Leftovers\n|-sideend|p1: TrainerCesarin|move: Tailwind\n|upkeep\n|\n|t:|1696456220\n|switch|p2a: Fezandipiti|Fezandipiti, M|100\/100\n|turn|5\n|\n|t:|1696456243\n|move|p1b: Kingambit|Sucker Punch|p2a: Fezandipiti\n|-resisted|p2a: Fezandipiti\n|-damage|p2a: Fezandipiti|63\/100\n|move|p2b: Sandy Shocks|Thunderbolt|p1a: Cresselia\n|-damage|p1a: Cresselia|24\/100\n|move|p2a: Fezandipiti|Play Rough|p1b: Kingambit|[miss]\n|-miss|p2a: Fezandipiti|p1b: Kingambit\n|move|p1a: Cresselia|Psybeam|p2a: Fezandipiti\n|-supereffective|p2a: Fezandipiti\n|-damage|p2a: Fezandipiti|42\/100\n|\n|-weather|none\n|-end|p2b: Sandy Shocks|Protosynthesis\n|-heal|p1b: Kingambit|79\/100 par|[from] item: Leftovers\n|upkeep\n|turn|6\n|\n|t:|1696456278\n|move|p1a: Cresselia|Ally Switch|p1a: Cresselia\n|swap|p1a: Cresselia|1|[from] move: Ally Switch\n|move|p2b: Sandy Shocks|Thunderbolt|p1b: Cresselia\n|-damage|p1b: Cresselia|0 fnt\n|faint|p1b: Cresselia\n|move|p2a: Fezandipiti|Icy Wind|p1a: Kingambit\n|-damage|p1a: Kingambit|70\/100 par\n|-unboost|p1a: Kingambit|spe|1\n|-ability|p1a: Kingambit|Defiant|boost\n|-boost|p1a: Kingambit|atk|2\n|move|p1a: Kingambit|Iron Head|p2a: Fezandipiti\n|-supereffective|p2a: Fezandipiti\n|-damage|p2a: Fezandipiti|0 fnt\n|faint|p2a: Fezandipiti\n|\n|-heal|p1a: Kingambit|76\/100 par|[from] item: Leftovers\n|upkeep\n|\n|t:|1696456299\n|switch|p2a: Talonflame|Talonflame, M|100\/100\n|switch|p1b: Sinistcha|Sinistcha|100\/100\n|-heal|p1a: Kingambit|100\/100 par|[from] ability: Hospitality|[of] p1b: Sinistcha\n|turn|7\n|\n|t:|1696456316\n|move|p2a: Talonflame|Tailwind|p2a: Talonflame\n|-sidestart|p2: Doyourenember|move: Tailwind\n|cant|p1a: Kingambit|par\n|move|p2b: Sandy Shocks|Thunderbolt|p1a: Kingambit\n|-damage|p1a: Kingambit|57\/100 par\n|move|p1b: Sinistcha|Strength Sap|p2a: Talonflame\n|-unboost|p2a: Talonflame|atk|1\n|\n|-heal|p1a: Kingambit|63\/100 par|[from] item: Leftovers\n|upkeep\n|turn|8\n|\n|t:|1696456341\n|switch|p1b: Chien-Pao|Chien-Pao|100\/100\n|-ability|p1b: Chien-Pao|Sword of Ruin\n|move|p2a: Talonflame|Acrobatics|p1b: Chien-Pao\n|-damage|p1b: Chien-Pao|65\/100\n|move|p1a: Kingambit|Sucker Punch||[still]\n|-fail|p1a: Kingambit\n|move|p2b: Sandy Shocks|Thunderbolt|p1a: Kingambit\n|-damage|p1a: Kingambit|22\/100 par\n|\n|-heal|p1a: Kingambit|28\/100 par|[from] item: Leftovers\n|upkeep\n|turn|9\n|\n|t:|1696456391\n|move|p2a: Talonflame|Flare Blitz|p1b: Chien-Pao\n|-supereffective|p1b: Chien-Pao\n|-damage|p1b: Chien-Pao|0 fnt\n|faint|p1b: Chien-Pao\n|-damage|p2a: Talonflame|79\/100|[from] Recoil\n|move|p2b: Sandy Shocks|Thunderbolt|p1a: Kingambit\n|-damage|p1a: Kingambit|0 fnt\n|faint|p1a: Kingambit\n|\n|upkeep\n|\n|t:|1696456412\n|switch|p1b: Sinistcha|Sinistcha|100\/100\n|turn|10\n|\n|t:|1696456419\n|move|p2a: Talonflame|Flare Blitz|p1b: Sinistcha\n|-supereffective|p1b: Sinistcha\n|-damage|p1b: Sinistcha|41\/100\n|-status|p1b: Sinistcha|brn\n|-enditem|p1b: Sinistcha|Weakness Policy\n|-boost|p1b: Sinistcha|atk|2|[from] item: Weakness Policy\n|-boost|p1b: Sinistcha|spa|2|[from] item: Weakness Policy\n|-damage|p2a: Talonflame|56\/100|[from] Recoil\n|move|p2b: Sandy Shocks|Discharge|p1b: Sinistcha|[spread] p2a,p1b\n|-supereffective|p2a: Talonflame\n|-resisted|p1b: Sinistcha\n|-damage|p2a: Talonflame|0 fnt\n|-damage|p1b: Sinistcha|23\/100 brn\n|faint|p2a: Talonflame\n|move|p1b: Sinistcha|Strength Sap|p2b: Sandy Shocks\n|-unboost|p2b: Sandy Shocks|atk|1\n|-heal|p1b: Sinistcha|67\/100 brn\n|\n|-damage|p1b: Sinistcha|61\/100 brn|[from] brn\n|-sideend|p2: Doyourenember|move: Tailwind\n|upkeep\n|\n|t:|1696456439\n|switch|p2a: Shiftry|Shiftry, M|100\/100\n|turn|11\n|\n|t:|1696456448\n|move|p2a: Shiftry|Sucker Punch||[still]\n|-fail|p2a: Shiftry\n|move|p2b: Sandy Shocks|Flash Cannon|p1b: Sinistcha\n|-damage|p1b: Sinistcha|29\/100 brn\n|move|p1b: Sinistcha|Strength Sap|p2a: Shiftry\n|-unboost|p2a: Shiftry|atk|1\n|-heal|p1b: Sinistcha|100\/100 brn\n|\n|-damage|p1b: Sinistcha|94\/100 brn|[from] brn\n|upkeep\n|turn|12\n|\n|t:|1696456480\n|-terastallize|p2b: Sandy Shocks|Electric\n|move|p2b: Sandy Shocks|Thunderbolt|p1b: Sinistcha\n|-resisted|p1b: Sinistcha\n|-damage|p1b: Sinistcha|60\/100 brn\n|move|p2a: Shiftry|Leaf Blade|p1b: Sinistcha\n|-resisted|p1b: Sinistcha\n|-damage|p1b: Sinistcha|49\/100 brn\n|move|p1b: Sinistcha|Strength Sap|p2a: Shiftry\n|-unboost|p2a: Shiftry|atk|1\n|-heal|p1b: Sinistcha|100\/100 brn\n|\n|-damage|p1b: Sinistcha|94\/100 brn|[from] brn\n|upkeep\n|turn|13\n|\n|t:|1696456551\n|move|p2b: Sandy Shocks|Flash Cannon|p1b: Sinistcha\n|-damage|p1b: Sinistcha|64\/100 brn\n|move|p2a: Shiftry|Extrasensory|p1b: Sinistcha\n|-damage|p1b: Sinistcha|45\/100 brn\n|move|p1b: Sinistcha|Matcha Gotcha|p2a: Shiftry|[spread] p2a,p2b\n|-resisted|p2a: Shiftry\n|-damage|p2a: Shiftry|48\/100\n|-heal|p1b: Sinistcha|69\/100 brn|[from] drain|[of] p2a: Shiftry\n|-damage|p2b: Sandy Shocks|14\/100\n|-heal|p1b: Sinistcha|92\/100 brn|[from] drain|[of] p2b: Sandy Shocks\n|\n|-damage|p1b: Sinistcha|86\/100 brn|[from] brn\n|upkeep\n|turn|14\n|\n|t:|1696456594\n|move|p2a: Shiftry|Sucker Punch|p1b: Sinistcha\n|-supereffective|p1b: Sinistcha\n|-damage|p1b: Sinistcha|53\/100 brn\n|move|p2b: Sandy Shocks|Flash Cannon|p1b: Sinistcha\n|-damage|p1b: Sinistcha|22\/100 brn\n|move|p1b: Sinistcha|Matcha Gotcha|p2a: Shiftry|[spread] p2a,p2b\n|-resisted|p2a: Shiftry\n|-damage|p2a: Shiftry|0 fnt\n|-heal|p1b: Sinistcha|44\/100 brn|[from] drain|[of] p2a: Shiftry\n|-damage|p2b: Sandy Shocks|0 fnt\n|-heal|p1b: Sinistcha|50\/100 brn|[from] drain|[of] p2b: Sandy Shocks\n|faint|p2a: Shiftry\n|faint|p2b: Sandy Shocks\n|-end|p2b: Sandy Shocks|Protosynthesis|[silent]\n|\n|-damage|p1b: Sinistcha|44\/100 brn|[from] brn\n|upkeep\n|-message|Doyourenember forfeited.\n|\n|win|TrainerCesarin\n|raw|TrainerCesarin's rating: 1102 &rarr; <strong>1123<\/strong><br \/>(+21 for winning)\n|raw|Doyourenember's rating: 1051 &rarr; <strong>1036<\/strong><br \/>(-15 for losing)\n|l|\u2606Doyourenember\n","uploadtime":1696456638,"views":11,"p1id":"trainercesarin","p2id":"doyourenember","formatid":"gen9nationaldexdoubles","rating":1036,"private":0,"password":""}