{"id":"gen9nationaldexdoubles-1987691773","p1":"LightBlade35","p2":"fumbari 24","format":"[Gen 9] National Dex Doubles","log":"|j|\u2606LightBlade35\n|j|\u2606fumbari 24\n|t:|1699628128\n|gametype|doubles\n|player|p1|LightBlade35|grimsley|1287\n|player|p2|fumbari 24|hilbert|1298\n|teamsize|p1|6\n|teamsize|p2|6\n|gen|9\n|tier|[Gen 9] National Dex Doubles\n|rated|\n|rule|HP Percentage Mod: HP is shown in percentages\n|rule|Endless Battle Clause: Forcing endless battles is banned\n|rule|OHKO Clause: OHKO moves are banned\n|rule|Evasion Moves Clause: Evasion moves are banned\n|rule|Evasion Abilities Clause: Evasion abilities are banned\n|rule|Species Clause: Limit one of each Pok\u00e9mon\n|rule|Gravity Sleep Clause: The combination of sleep-inducing moves with imperfect accuracy and Gravity or Gigantamax Orbeetle are banned\n|clearpoke\n|poke|p1|Scizor, M|\n|poke|p1|Kommo-o, F|\n|poke|p1|Ninetales-Alola, M|\n|poke|p1|Volcarona, F|\n|poke|p1|Tapu Koko|\n|poke|p1|Swoobat, M|\n|poke|p2|Thundurus, M|\n|poke|p2|Staraptor, M|\n|poke|p2|Blastoise, M|\n|poke|p2|Bronzong|\n|poke|p2|Blaziken, M|\n|poke|p2|Latias, F|\n|teampreview\n|inactive|Battle timer is ON: inactive players will automatically lose when time's up. (requested by fumbari 24)\n|\n|t:|1699628158\n|start\n|switch|p1a: Tapu Koko|Tapu Koko|100\/100\n|switch|p1b: Volcarona|Volcarona, F|100\/100\n|switch|p2a: Big Ben|Bronzong|100\/100\n|switch|p2b: Harbor|Blastoise, M|100\/100\n|-fieldstart|move: Electric Terrain|[from] ability: Electric Surge|[of] p1a: Tapu Koko\n|turn|1\n|\n|t:|1699628168\n|move|p2b: Harbor|Fake Out|p1a: Tapu Koko\n|-damage|p1a: Tapu Koko|91\/100\n|cant|p1a: Tapu Koko|flinch\n|move|p1b: Volcarona|Heat Wave|p2a: Big Ben|[spread] p2a,p2b\n|-supereffective|p2a: Big Ben\n|-resisted|p2b: Harbor\n|-damage|p2a: Big Ben|26\/100\n|-damage|p2b: Harbor|81\/100\n|-zpower|p2a: Big Ben\n|move|p2a: Big Ben|Z-Trick Room|p2a: Big Ben|[anim]Trick Room\n|-boost|p2a: Big Ben|accuracy|1|[zeffect]\n|-fieldstart|move: Trick Room|[of] p2a: Big Ben\n|\n|-heal|p2b: Harbor|88\/100|[from] item: Leftovers\n|upkeep\n|turn|2\n|\n|t:|1699628193\n|-terastallize|p1a: Tapu Koko|Electric\n|move|p2a: Big Ben|Steel Roller|p1a: Tapu Koko\n|-resisted|p1a: Tapu Koko\n|-damage|p1a: Tapu Koko|56\/100\n|-fieldend|move: Electric Terrain\n|move|p2b: Harbor|Scald|p1b: Volcarona\n|-supereffective|p1b: Volcarona\n|-damage|p1b: Volcarona|50\/100\n|move|p1b: Volcarona|Quiver Dance|p1b: Volcarona\n|-boost|p1b: Volcarona|spa|1\n|-boost|p1b: Volcarona|spd|1\n|-boost|p1b: Volcarona|spe|1\n|move|p1a: Tapu Koko|Volt Switch|p2b: Harbor\n|-supereffective|p2b: Harbor\n|-crit|p2b: Harbor\n|-damage|p2b: Harbor|0 fnt\n|faint|p2b: Harbor\n|inactive|LightBlade35 has 120 seconds left.\n|\n|t:|1699628214\n|switch|p1a: Swoobat|Swoobat, M|100\/100|[from] Volt Switch\n|\n|upkeep\n|\n|t:|1699628224\n|switch|p2b: Thundurus|Thundurus, M|100\/100\n|turn|3\n|inactive|LightBlade35 has 120 seconds left.\n|\n|t:|1699628263\n|move|p2b: Thundurus|Taunt|p1a: Swoobat\n|-start|p1a: Swoobat|move: Taunt\n|move|p2a: Big Ben|Hypnosis|p1b: Volcarona\n|-status|p1b: Volcarona|slp|[from] move: Hypnosis\n|cant|p1a: Swoobat|move: Taunt|Taunt\n|cant|p1b: Volcarona|slp\n|\n|upkeep\n|turn|4\n|\n|t:|1699628276\n|switch|p1a: Tapu Koko|Tapu Koko, tera:Electric|56\/100\n|-fieldstart|move: Electric Terrain|[from] ability: Electric Surge|[of] p1a: Tapu Koko\n|move|p2a: Big Ben|Gyro Ball|p1b: Volcarona\n|-resisted|p1b: Volcarona\n|-damage|p1b: Volcarona|2\/100 slp\n|-status|p2a: Big Ben|brn|[from] ability: Flame Body|[of] p1b: Volcarona\n|move|p2b: Thundurus|Thunderbolt|p1a: Tapu Koko\n|-resisted|p1a: Tapu Koko\n|-damage|p1a: Tapu Koko|34\/100\n|cant|p1b: Volcarona|slp\n|\n|-damage|p2a: Big Ben|20\/100 brn|[from] brn\n|upkeep\n|turn|5\n|\n|t:|1699628295\n|move|p2b: Thundurus|Eerie Impulse|p1a: Tapu Koko\n|-unboost|p1a: Tapu Koko|spa|2\n|move|p2a: Big Ben|Steel Roller|p1b: Volcarona\n|-resisted|p1b: Volcarona\n|-damage|p1b: Volcarona|0 fnt\n|-fieldend|move: Electric Terrain\n|faint|p1b: Volcarona\n|move|p1a: Tapu Koko|Nature's Madness|p2b: Thundurus\n|-damage|p2b: Thundurus|50\/100\n|\n|-damage|p2a: Big Ben|14\/100 brn|[from] brn\n|-fieldend|move: Trick Room\n|upkeep\n|\n|t:|1699628307\n|switch|p1b: Kommo-o|Kommo-o, F, shiny|100\/100\n|turn|6\n|\n|t:|1699628321\n|move|p2b: Thundurus|Eerie Impulse|p1b: Kommo-o\n|-unboost|p1b: Kommo-o|spa|2\n|move|p1a: Tapu Koko|Volt Switch|p2a: Big Ben\n|-damage|p2a: Big Ben|0 fnt\n|faint|p2a: Big Ben\n|inactive|LightBlade35 has 120 seconds left.\n|\n|t:|1699628365\n|switch|p1a: Swoobat|Swoobat, M|100\/100|[from] Volt Switch\n|-zpower|p1b: Kommo-o\n|move|p1b: Kommo-o|Clangorous Soulblaze|p2b: Thundurus|[zeffect]\n|-damage|p2b: Thundurus|14\/100\n|-boost|p1b: Kommo-o|atk|1\n|-boost|p1b: Kommo-o|def|1\n|-boost|p1b: Kommo-o|spa|1\n|-boost|p1b: Kommo-o|spd|1\n|-boost|p1b: Kommo-o|spe|1\n|\n|upkeep\n|\n|t:|1699628378\n|switch|p2a: Staraptor|Staraptor, M|100\/100\n|-ability|p2a: Staraptor|Intimidate|boost\n|-unboost|p1a: Swoobat|atk|1\n|-unboost|p1b: Kommo-o|atk|1\n|turn|7\n|inactive|LightBlade35 has 120 seconds left.\n|\n|t:|1699628401\n|move|p2b: Thundurus|Taunt|p1a: Swoobat\n|-start|p1a: Swoobat|move: Taunt\n|move|p1b: Kommo-o|Clangorous Soul|p1b: Kommo-o\n|-boost|p1b: Kommo-o|atk|1\n|-boost|p1b: Kommo-o|def|1\n|-boost|p1b: Kommo-o|spa|1\n|-boost|p1b: Kommo-o|spd|1\n|-boost|p1b: Kommo-o|spe|1\n|-damage|p1b: Kommo-o|68\/100\n|move|p2a: Staraptor|Brave Bird|p1b: Kommo-o\n|-supereffective|p1b: Kommo-o\n|-damage|p1b: Kommo-o|10\/100\n|-damage|p2a: Staraptor|85\/100|[from] Recoil\n|cant|p1a: Swoobat|move: Taunt|Simple Beam\n|\n|upkeep\n|turn|8\n|inactive|LightBlade35 has 120 seconds left.\n|l|\u2606LightBlade35\n|inactive|LightBlade35 disconnected and has a minute to reconnect!\n|player|p1|\n|inactive|fumbari 24 has 120 seconds left.\n|inactive|LightBlade35 has 30 seconds to reconnect!\n|inactive|LightBlade35 has 20 seconds to reconnect!\n|inactive|LightBlade35 has 15 seconds to reconnect!\n|inactive|LightBlade35 has 10 seconds to reconnect!\n|j|\u2606LightBlade35\n|inactive|LightBlade35 reconnected and has 60 seconds left.\n|player|p1|LightBlade35|grimsley\n|\n|t:|1699628497\n|move|p2b: Thundurus|Eerie Impulse|p1b: Kommo-o\n|-unboost|p1b: Kommo-o|spa|2\n|move|p1b: Kommo-o|Clanging Scales|p2b: Thundurus|[spread] p2a,p2b\n|-damage|p2a: Staraptor|58\/100\n|-damage|p2b: Thundurus|0 fnt\n|faint|p2b: Thundurus\n|-unboost|p1b: Kommo-o|def|1\n|move|p2a: Staraptor|Brave Bird|p1b: Kommo-o\n|-supereffective|p1b: Kommo-o\n|-damage|p1b: Kommo-o|0 fnt\n|faint|p1b: Kommo-o\n|-damage|p2a: Staraptor|56\/100|[from] Recoil\n|move|p1a: Swoobat|Air Slash|p2a: Staraptor\n|-damage|p2a: Staraptor|26\/100\n|\n|upkeep\n|\n|t:|1699628517\n|switch|p1b: Tapu Koko|Tapu Koko, tera:Electric|34\/100\n|switch|p2b: Blaziken|Blaziken, M|100\/100\n|-fieldstart|move: Electric Terrain|[from] ability: Electric Surge|[of] p1b: Tapu Koko\n|turn|9\n|\n|t:|1699628529\n|move|p2b: Blaziken|Protect|p2b: Blaziken\n|-singleturn|p2b: Blaziken|Protect\n|move|p2a: Staraptor|Brave Bird|p1b: Tapu Koko\n|-resisted|p1b: Tapu Koko\n|-damage|p1b: Tapu Koko|0 fnt\n|faint|p1b: Tapu Koko\n|-damage|p2a: Staraptor|17\/100|[from] Recoil\n|move|p1a: Swoobat|Air Slash|p2a: Staraptor\n|-damage|p2a: Staraptor|0 fnt\n|faint|p2a: Staraptor\n|\n|-end|p1a: Swoobat|move: Taunt\n|-ability|p2b: Blaziken|Speed Boost|boost\n|-boost|p2b: Blaziken|spe|1\n|upkeep\n|\n|t:|1699628540\n|switch|p1b: Ninetales|Ninetales-Alola, M|100\/100\n|switch|p2a: Mirage|Latias, F|100\/100\n|-weather|Snow|[from] ability: Snow Warning|[of] p1b: Ninetales\n|turn|10\n|inactive|LightBlade35 has 120 seconds left.\n|\n|t:|1699628550\n|detailschange|p2b: Blaziken|Blaziken-Mega, M\n|-mega|p2b: Blaziken|Blaziken|Blazikenite\n|move|p2b: Blaziken|Heat Wave|p1a: Swoobat|[spread] p1a\n|-miss|p2b: Blaziken|p1b: Ninetales\n|-damage|p1a: Swoobat|31\/100\n|move|p1a: Swoobat|Tailwind|p1a: Swoobat\n|-sidestart|p1: LightBlade35|move: Tailwind\n|move|p1b: Ninetales|Blizzard|p2b: Blaziken|[spread] p2a,p2b\n|-supereffective|p2a: Mirage\n|-resisted|p2b: Blaziken\n|-damage|p2a: Mirage|52\/100\n|-damage|p2b: Blaziken|84\/100\n|move|p2a: Mirage|Light Screen|p2a: Mirage\n|-sidestart|p2: fumbari 24|move: Light Screen\n|\n|-weather|Snow|[upkeep]\n|-heal|p1a: Swoobat|37\/100|[from] item: Leftovers\n|-ability|p2b: Blaziken|Speed Boost|boost\n|-boost|p2b: Blaziken|spe|1\n|upkeep\n|turn|11\n|\n|t:|1699628573\n|-terastallize|p2a: Mirage|Fairy\n|move|p2b: Blaziken|Protect|p2b: Blaziken\n|-singleturn|p2b: Blaziken|Protect\n|move|p1a: Swoobat|Air Slash|p2b: Blaziken\n|-activate|p2b: Blaziken|move: Protect\n|move|p1b: Ninetales|Blizzard|p2a: Mirage|[spread] p2a\n|-activate|p2b: Blaziken|move: Protect\n|-damage|p2a: Mirage|37\/100\n|-enditem|p2a: Mirage|Sitrus Berry|[eat]\n|-heal|p2a: Mirage|62\/100|[from] item: Sitrus Berry\n|move|p2a: Mirage|Recover|p2a: Mirage\n|-heal|p2a: Mirage|100\/100\n|\n|-weather|Snow|[upkeep]\n|-heal|p1a: Swoobat|44\/100|[from] item: Leftovers\n|-ability|p2b: Blaziken|Speed Boost|boost\n|-boost|p2b: Blaziken|spe|1\n|upkeep\n|turn|12\n|\n|t:|1699628587\n|move|p1a: Swoobat|Air Slash|p2b: Blaziken\n|-supereffective|p2b: Blaziken\n|-damage|p2b: Blaziken|51\/100\n|move|p1b: Ninetales|Blizzard|p2b: Blaziken|[spread] p2a,p2b\n|-resisted|p2b: Blaziken\n|-damage|p2a: Mirage|86\/100\n|-damage|p2b: Blaziken|40\/100\n|move|p2b: Blaziken|Heat Wave|p1b: Ninetales|[spread] p1a,p1b\n|-supereffective|p1b: Ninetales\n|-damage|p1a: Swoobat|0 fnt\n|-damage|p1b: Ninetales|0 fnt\n|faint|p1a: Swoobat\n|faint|p1b: Ninetales\n|move|p2a: Mirage|Mystical Fire|p1: Swoobat|[notarget]\n|-fail|p2a: Mirage\n|\n|-weather|Snow|[upkeep]\n|-ability|p2b: Blaziken|Speed Boost|boost\n|-boost|p2b: Blaziken|spe|1\n|upkeep\n|\n|t:|1699628595\n|switch|p1a: Scizor|Scizor, M|100\/100\n|turn|13\n|\n|t:|1699628601\n|detailschange|p1a: Scizor|Scizor-Mega, M\n|-mega|p1a: Scizor|Scizor|Scizorite\n|move|p1a: Scizor|Bullet Punch|p2b: Blaziken\n|-resisted|p2b: Blaziken\n|-damage|p2b: Blaziken|18\/100\n|move|p2b: Blaziken|Heat Wave|p1a: Scizor|[miss]\n|-miss|p2b: Blaziken|p1a: Scizor\n|move|p2a: Mirage|Mystical Fire|p1a: Scizor\n|-supereffective|p1a: Scizor\n|-damage|p1a: Scizor|11\/100\n|-unboost|p1a: Scizor|spa|1\n|\n|-weather|Snow|[upkeep]\n|-sideend|p1: LightBlade35|move: Tailwind\n|-fieldend|move: Electric Terrain\n|-ability|p2b: Blaziken|Speed Boost|boost\n|-boost|p2b: Blaziken|spe|1\n|upkeep\n|turn|14\n|\n|t:|1699628613\n|move|p2b: Blaziken|Protect|p2b: Blaziken\n|-singleturn|p2b: Blaziken|Protect\n|move|p1a: Scizor|Bullet Punch|p2b: Blaziken\n|-activate|p2b: Blaziken|move: Protect\n|move|p2a: Mirage|Mystical Fire|p1a: Scizor\n|-supereffective|p1a: Scizor\n|-damage|p1a: Scizor|0 fnt\n|faint|p1a: Scizor\n|\n|win|fumbari 24\n|raw|LightBlade35's rating: 1258 &rarr; <strong>1236<\/strong><br \/>(-22 for losing)\n|raw|fumbari 24's rating: 1298 &rarr; <strong>1320<\/strong><br \/>(+22 for winning)\n|l|\u2606LightBlade35\n","uploadtime":1699628622,"views":16,"p1id":"lightblade35","p2id":"fumbari24","formatid":"gen9nationaldexdoubles","rating":1236,"private":0,"password":""}