{"id":"gen9nationaldexdoubles-1973418369","p1":"Mister__Yellow","p2":"psng","format":"[Gen 9] National Dex Doubles","log":"|j|\u2606Mister__Yellow\n|j|\u2606psng\n|t:|1697972173\n|gametype|doubles\n|player|p1|Mister__Yellow|102|1048\n|player|p2|psng|wallace|1335\n|teamsize|p1|6\n|teamsize|p2|6\n|gen|9\n|tier|[Gen 9] National Dex Doubles\n|rated|\n|rule|HP Percentage Mod: HP is shown in percentages\n|rule|Endless Battle Clause: Forcing endless battles is banned\n|rule|OHKO Clause: OHKO moves are banned\n|rule|Evasion Moves Clause: Evasion moves are banned\n|rule|Evasion Abilities Clause: Evasion abilities are banned\n|rule|Species Clause: Limit one of each Pok\u00e9mon\n|rule|Gravity Sleep Clause: The combination of sleep-inducing moves with imperfect accuracy and Gravity or Gigantamax Orbeetle are banned\n|clearpoke\n|poke|p1|Minun, M|\n|poke|p1|Blaziken, M|\n|poke|p1|Lapras, F|\n|poke|p1|Torterra, F|\n|poke|p1|Golem, M|\n|poke|p1|Dragonite, M|\n|poke|p2|Chien-Pao|\n|poke|p2|Tapu Koko|\n|poke|p2|Pelipper, F|\n|poke|p2|Swampert, M|\n|poke|p2|Landorus-Therian, M|\n|poke|p2|Ferrothorn, F|\n|teampreview\n|inactive|Battle timer is ON: inactive players will automatically lose when time's up. (requested by psng)\n|\n|t:|1697972187\n|start\n|switch|p1a: Minun|Minun, M|100\/100\n|switch|p1b: Blaziken|Blaziken, M|100\/100\n|switch|p2a: Pelipper|Pelipper, F|100\/100\n|switch|p2b: Swampert|Swampert, M, shiny|100\/100\n|-item|p1b: Blaziken|Air Balloon\n|-weather|RainDance|[from] ability: Drizzle|[of] p2a: Pelipper\n|turn|1\n|\n|t:|1697972201\n|detailschange|p2b: Swampert|Swampert-Mega, M, shiny\n|-mega|p2b: Swampert|Swampert|Swampertite\n|move|p1a: Minun|Helping Hand|p1b: Blaziken\n|-singleturn|p1b: Blaziken|Helping Hand|[of] p1a: Minun\n|move|p2b: Swampert|Earthquake|p1b: Blaziken|[spread] p1a\n|-immune|p2a: Pelipper\n|-immune|p1b: Blaziken\n|-supereffective|p1a: Minun\n|-damage|p1a: Minun|0 fnt\n|faint|p1a: Minun\n|move|p1b: Blaziken|High Jump Kick|p2b: Swampert\n|-damage|p2b: Swampert|0 fnt\n|faint|p2b: Swampert\n|move|p2a: Pelipper|Tailwind|p2a: Pelipper\n|-sidestart|p2: psng|move: Tailwind\n|\n|-weather|RainDance|[upkeep]\n|upkeep\n|\n|t:|1697972217\n|switch|p1a: Lapras|Lapras, F|100\/100\n|switch|p2b: Landorus|Landorus-Therian, M, shiny|100\/100\n|-ability|p2b: Landorus|Intimidate|boost\n|-unboost|p1a: Lapras|atk|1\n|-unboost|p1b: Blaziken|atk|1\n|turn|2\n|\n|t:|1697972239\n|move|p2b: Landorus|U-turn|p1a: Lapras\n|-damage|p1a: Lapras|78\/100\n|\n|t:|1697972243\n|switch|p2b: Tapu Koko|Tapu Koko, shiny|100\/100|[from] U-turn\n|-fieldstart|move: Electric Terrain|[from] ability: Electric Surge|[of] p2b: Tapu Koko\n|move|p2a: Pelipper|Hurricane|p1b: Blaziken\n|-supereffective|p1b: Blaziken\n|-crit|p1b: Blaziken\n|-damage|p1b: Blaziken|0 fnt\n|-enditem|p1b: Blaziken|Air Balloon\n|faint|p1b: Blaziken\n|move|p1a: Lapras|Whirlpool|p2b: Tapu Koko\n|-damage|p2b: Tapu Koko|78\/100\n|-activate|p2b: Tapu Koko|move: Whirlpool|[of] p1a: Lapras\n|\n|-weather|RainDance|[upkeep]\n|-damage|p2b: Tapu Koko|65\/100|[from] move: Whirlpool|[partiallytrapped]\n|upkeep\n|\n|t:|1697972262\n|switch|p1b: Golem|Golem, M|100\/100\n|turn|3\n|\n|t:|1697972283\n|move|p2b: Tapu Koko|U-turn|p1a: Lapras\n|-damage|p1a: Lapras|66\/100\n|\n|t:|1697972304\n|switch|p2b: Ferrothorn|Ferrothorn, F, shiny|100\/100|[from] U-turn\n|move|p2a: Pelipper|Scald|p1b: Golem\n|-supereffective|p1b: Golem\n|-ability|p1b: Golem|Sturdy\n|-damage|p1b: Golem|1\/100\n|move|p1b: Golem|Thunder Punch|p2a: Pelipper\n|-supereffective|p2a: Pelipper\n|-enditem|p2a: Pelipper|Focus Sash\n|-damage|p2a: Pelipper|1\/100\n|move|p1a: Lapras|Rest||[still]\n|-activate|p1a: Lapras|move: Electric Terrain\n|-fail|p1a: Lapras\n|\n|-weather|RainDance|[upkeep]\n|-heal|p1b: Golem|7\/100|[from] item: Leftovers\n|upkeep\n|turn|4\n|\n|t:|1697972333\n|move|p2a: Pelipper|Scald|p1b: Golem\n|-supereffective|p1b: Golem\n|-damage|p1b: Golem|0 fnt\n|faint|p1b: Golem\n|move|p1a: Lapras|Whirlpool|p2a: Pelipper\n|-resisted|p2a: Pelipper\n|-damage|p2a: Pelipper|0 fnt\n|faint|p2a: Pelipper\n|move|p2b: Ferrothorn|Leech Seed|p1a: Lapras\n|-start|p1a: Lapras|move: Leech Seed\n|\n|-weather|RainDance|[upkeep]\n|-damage|p1a: Lapras|53\/100|[from] Leech Seed|[of] p2b: Ferrothorn\n|-sideend|p2: psng|move: Tailwind\n|upkeep\n|\n|t:|1697972346\n|switch|p2a: Chien-Pao|Chien-Pao|100\/100\n|switch|p1b: Dragonite|Dragonite, M|100\/100\n|-ability|p2a: Chien-Pao|Sword of Ruin\n|turn|5\n|\n|t:|1697972360\n|move|p2a: Chien-Pao|Protect|p2a: Chien-Pao\n|-singleturn|p2a: Chien-Pao|Protect\n|move|p1b: Dragonite|Fire Punch|p2a: Chien-Pao\n|-activate|p2a: Chien-Pao|move: Protect\n|move|p1a: Lapras|Rest||[still]\n|-activate|p1a: Lapras|move: Electric Terrain\n|-fail|p1a: Lapras\n|move|p2b: Ferrothorn|Leech Seed|p1b: Dragonite\n|-start|p1b: Dragonite|move: Leech Seed\n|\n|-weather|none\n|-damage|p1b: Dragonite|88\/100|[from] Leech Seed|[of] p2b: Ferrothorn\n|-damage|p1a: Lapras|41\/100|[from] Leech Seed|[of] p2b: Ferrothorn\n|upkeep\n|turn|6\n|\n|t:|1697972382\n|move|p2a: Chien-Pao|Ice Spinner|p1b: Dragonite\n|-supereffective|p1b: Dragonite\n|-damage|p1b: Dragonite|0 fnt\n|-fieldend|move: Electric Terrain\n|faint|p1b: Dragonite\n|-damage|p2a: Chien-Pao|91\/100|[from] item: Life Orb\n|move|p1a: Lapras|Whirlpool|p2b: Ferrothorn|[miss]\n|-miss|p1a: Lapras|p2b: Ferrothorn\n|move|p2b: Ferrothorn|Power Whip|p1a: Lapras\n|-supereffective|p1a: Lapras\n|-damage|p1a: Lapras|0 fnt\n|faint|p1a: Lapras\n|\n|upkeep\n|inactive|Mister__Yellow has 120 seconds left.\n|\n|t:|1697972400\n|switch|p1b: Torterra|Torterra, F|100\/100\n|turn|7\n|\n|t:|1697972407\n|switch|p2b: Landorus|Landorus-Therian, M, shiny|100\/100\n|-ability|p2b: Landorus|Intimidate|boost\n|-unboost|p1b: Torterra|atk|1\n|move|p2a: Chien-Pao|Ice Spinner|p1b: Torterra\n|-supereffective|p1b: Torterra\n|-damage|p1b: Torterra|0 fnt\n|faint|p1b: Torterra\n|-damage|p2a: Chien-Pao|81\/100|[from] item: Life Orb\n|\n|win|psng\n|raw|Mister__Yellow's rating: 1048 &rarr; <strong>1042<\/strong><br \/>(-6 for losing)\n|raw|psng's rating: 1335 &rarr; <strong>1341<\/strong><br \/>(+6 for winning)\n|l|\u2606Mister__Yellow\n","uploadtime":1697972420,"views":19,"p1id":"misteryellow","p2id":"psng","formatid":"gen9nationaldexdoubles","rating":1042,"private":0,"password":""}