{"id":"gen9nationaldexdoubles-1980969810","p1":"AhiruChan","p2":"Syph0n_78","format":"[Gen 9] National Dex Doubles","log":"|j|\u2606AhiruChan\n|j|\u2606Syph0n_78\n|t:|1698853231\n|gametype|doubles\n|player|p1|AhiruChan|lillie-masters2|\n|player|p2|Syph0n_78|265|\n|teamsize|p1|6\n|teamsize|p2|6\n|gen|9\n|tier|[Gen 9] National Dex Doubles\n|rule|HP Percentage Mod: HP is shown in percentages\n|rule|Endless Battle Clause: Forcing endless battles is banned\n|rule|OHKO Clause: OHKO moves are banned\n|rule|Evasion Moves Clause: Evasion moves are banned\n|rule|Evasion Abilities Clause: Evasion abilities are banned\n|rule|Species Clause: Limit one of each Pok\u00e9mon\n|rule|Gravity Sleep Clause: The combination of sleep-inducing moves with imperfect accuracy and Gravity or Gigantamax Orbeetle are banned\n|clearpoke\n|poke|p1|Scizor, F|\n|poke|p1|Sneasler, M|\n|poke|p1|Tapu Koko|\n|poke|p1|Meowscarada, M|\n|poke|p1|Iron Valiant|\n|poke|p1|Raichu-Alola, F|\n|poke|p2|Rillaboom, F|\n|poke|p2|Whimsicott, M|\n|poke|p2|Ogerpon-Wellspring, F|\n|poke|p2|Shiftry, M|\n|poke|p2|Brambleghast, M|\n|poke|p2|Torterra, M|\n|teampreview\n|c|\u2606AhiruChan|glhf\n|\n|t:|1698853258\n|start\n|switch|p1a: Tapu Koko|Tapu Koko|100\/100\n|switch|p1b: Sneasler|Sneasler, M|100\/100\n|switch|p2a: Shiftry|Shiftry, M|100\/100\n|switch|p2b: Torterra|Torterra, M|100\/100\n|-fieldstart|move: Electric Terrain|[from] ability: Electric Surge|[of] p1a: Tapu Koko\n|-enditem|p1b: Sneasler|Electric Seed\n|-boost|p1b: Sneasler|def|1|[from] item: Electric Seed\n|turn|1\n|\n|t:|1698853281\n|switch|p2a: Brambleghast|Brambleghast, M|100\/100\n|-terastallize|p1b: Sneasler|Flying\n|move|p1b: Sneasler|Acrobatics|p2a: Brambleghast\n|-supereffective|p2a: Brambleghast\n|-damage|p2a: Brambleghast|0 fnt\n|faint|p2a: Brambleghast\n|move|p1a: Tapu Koko|Volt Switch|p2b: Torterra\n|-immune|p2b: Torterra\n|move|p2b: Torterra|Headlong Rush|p1b: Sneasler\n|-immune|p1b: Sneasler\n|\n|upkeep\n|c|\u2606AhiruChan|nu.\n|c|\u2606Syph0n_78|Eh?\n|\n|t:|1698853298\n|switch|p2a: Whimsicott|Whimsicott, M|100\/100\n|turn|2\n|\n|t:|1698853316\n|-terastallize|p2b: Torterra|Ground\n|move|p2a: Whimsicott|Protect|p2a: Whimsicott\n|-singleturn|p2a: Whimsicott|Protect\n|move|p1b: Sneasler|Acrobatics|p2a: Whimsicott\n|-activate|p2a: Whimsicott|move: Protect\n|move|p1a: Tapu Koko|Volt Switch|p2a: Whimsicott\n|-activate|p2a: Whimsicott|move: Protect\n|move|p2b: Torterra|Headlong Rush|p1a: Tapu Koko\n|-supereffective|p1a: Tapu Koko\n|-damage|p1a: Tapu Koko|0 fnt\n|-unboost|p2b: Torterra|def|1\n|-unboost|p2b: Torterra|spd|1\n|faint|p1a: Tapu Koko\n|\n|upkeep\n|\n|t:|1698853326\n|switch|p1a: Raichu|Raichu-Alola, F|100\/100\n|turn|3\n|\n|t:|1698853339\n|move|p1a: Raichu|Fake Out|p2b: Torterra\n|-damage|p2b: Torterra|89\/100\n|move|p2a: Whimsicott|Tailwind|p2a: Whimsicott\n|-sidestart|p2: Syph0n_78|move: Tailwind\n|move|p1b: Sneasler|Acrobatics|p2a: Whimsicott\n|-supereffective|p2a: Whimsicott\n|-damage|p2a: Whimsicott|0 fnt\n|faint|p2a: Whimsicott\n|cant|p2b: Torterra|flinch\n|\n|upkeep\n|\n|t:|1698853358\n|switch|p2a: Rillaboom|Rillaboom, F|100\/100\n|-fieldstart|move: Grassy Terrain|[from] ability: Grassy Surge|[of] p2a: Rillaboom\n|-enditem|p2a: Rillaboom|Grassy Seed\n|-boost|p2a: Rillaboom|def|1|[from] item: Grassy Seed\n|turn|4\n|\n|t:|1698853377\n|switch|p1a: Scizor|Scizor, F|100\/100\n|move|p1b: Sneasler|Acrobatics|p2a: Rillaboom\n|-supereffective|p2a: Rillaboom\n|-crit|p2a: Rillaboom\n|-damage|p2a: Rillaboom|0 fnt\n|faint|p2a: Rillaboom\n|move|p2b: Torterra|Rock Blast|p1b: Sneasler\n|-supereffective|p1b: Sneasler\n|-damage|p1b: Sneasler|79\/100\n|-supereffective|p1b: Sneasler\n|-damage|p1b: Sneasler|59\/100\n|-supereffective|p1b: Sneasler\n|-damage|p1b: Sneasler|37\/100\n|-supereffective|p1b: Sneasler\n|-damage|p1b: Sneasler|18\/100\n|-supereffective|p1b: Sneasler\n|-damage|p1b: Sneasler|0 fnt\n|faint|p1b: Sneasler\n|-hitcount|p1: Sneasler|5\n|\n|-heal|p2b: Torterra|95\/100|[from] Grassy Terrain\n|upkeep\n|\n|t:|1698853436\n|switch|p1b: Meowscarada|Meowscarada, M|100\/100\n|switch|p2a: Ogerpon|Ogerpon-Wellspring, F|100\/100\n|turn|5\n|c|\u2606AhiruChan|OH\n|c|\u2606AhiruChan|IT WAS MY TURN\n|\n|t:|1698853454\n|detailschange|p1a: Scizor|Scizor-Mega, F\n|-mega|p1a: Scizor|Scizor|Scizorite\n|move|p2a: Ogerpon|Play Rough|p1b: Meowscarada\n|-supereffective|p1b: Meowscarada\n|-damage|p1b: Meowscarada|0 fnt\n|faint|p1b: Meowscarada\n|move|p2b: Torterra|Headlong Rush|p1a: Scizor\n|-damage|p1a: Scizor|38\/100\n|-unboost|p2b: Torterra|def|1\n|-unboost|p2b: Torterra|spd|1\n|move|p1a: Scizor|Swords Dance|p1a: Scizor\n|-boost|p1a: Scizor|atk|2\n|\n|-heal|p2b: Torterra|100\/100|[from] Grassy Terrain\n|-heal|p1a: Scizor|44\/100|[from] Grassy Terrain\n|upkeep\n|\n|t:|1698853467\n|switch|p1b: Raichu|Raichu-Alola, F|100\/100\n|turn|6\n|\n|t:|1698853486\n|switch|p2b: Shiftry|Shiftry, M|100\/100\n|-ability|p2b: Shiftry|Wind Rider|boost\n|-boost|p2b: Shiftry|atk|1\n|move|p1b: Raichu|Fake Out|p2a: Ogerpon\n|-damage|p2a: Ogerpon|89\/100\n|move|p1a: Scizor|Bullet Punch|p2b: Shiftry\n|-damage|p2b: Shiftry|0 fnt\n|faint|p2b: Shiftry\n|cant|p2a: Ogerpon|flinch\n|\n|-heal|p2a: Ogerpon|95\/100|[from] Grassy Terrain\n|-heal|p1a: Scizor|50\/100|[from] Grassy Terrain\n|-sideend|p2: Syph0n_78|move: Tailwind\n|upkeep\n|\n|t:|1698853501\n|switch|p2b: Torterra|Torterra, M, tera:Ground|100\/100\n|turn|7\n|\n|t:|1698853511\n|move|p1a: Scizor|Bullet Punch|p2b: Torterra\n|-damage|p2b: Torterra|25\/100\n|move|p1b: Raichu|Psyshock|p2a: Ogerpon\n|-damage|p2a: Ogerpon|47\/100\n|move|p2a: Ogerpon|Ivy Cudgel|p1a: Scizor\n|-damage|p1a: Scizor|5\/100\n|move|p2b: Torterra|Headlong Rush|p1b: Raichu\n|-supereffective|p1b: Raichu\n|-damage|p1b: Raichu|0 fnt\n|-unboost|p2b: Torterra|def|1\n|-unboost|p2b: Torterra|spd|1\n|faint|p1b: Raichu\n|\n|-heal|p2a: Ogerpon|53\/100|[from] Grassy Terrain\n|-heal|p2b: Torterra|31\/100|[from] Grassy Terrain\n|-heal|p1a: Scizor|11\/100|[from] Grassy Terrain\n|upkeep\n|\n|t:|1698853518\n|switch|p1b: Iron Valiant|Iron Valiant|100\/100\n|turn|8\n|c|\u2606AhiruChan|gg!\n|\n|t:|1698853582\n|move|p1a: Scizor|Bullet Punch|p2b: Torterra\n|-damage|p2b: Torterra|0 fnt\n|faint|p2b: Torterra\n|move|p1b: Iron Valiant|Moonblast|p2a: Ogerpon\n|-damage|p2a: Ogerpon|1\/100\n|move|p2a: Ogerpon|Ivy Cudgel|p1a: Scizor\n|-damage|p1a: Scizor|0 fnt\n|faint|p1a: Scizor\n|\n|-heal|p2a: Ogerpon|7\/100|[from] Grassy Terrain\n|-fieldend|move: Grassy Terrain\n|upkeep\n|turn|9\n|c|\u2606Syph0n_78|Damn lol gg\n|c|\u2606Syph0n_78|Again i keep misplaying\n|c|\u2606AhiruChan|how ur not dead yet ahh\n|c|\u2606Syph0n_78|LMAO\n|c|\u2606Syph0n_78|IDK, I'll die this turn tho\n|\n|t:|1698853613\n|move|p2a: Ogerpon|Spiky Shield|p2a: Ogerpon\n|-singleturn|p2a: Ogerpon|move: Protect\n|move|p1b: Iron Valiant|Moonblast|p2a: Ogerpon\n|-activate|p2a: Ogerpon|move: Protect\n|\n|upkeep\n|turn|10\n|c|\u2606AhiruChan|oki u send replay\n|c|\u2606AhiruChan|imma brush teeth\n|\n|t:|1698853622\n|move|p1b: Iron Valiant|Moonblast|p2a: Ogerpon\n|-damage|p2a: Ogerpon|0 fnt\n|faint|p2a: Ogerpon\n|\n|win|AhiruChan\n|c|\u2606Syph0n_78|Lol ok\n|c|\u2606AhiruChan|gg\n|c|\u2606Syph0n_78|Gg\n","uploadtime":1698853636,"views":10,"p1id":"ahiruchan","p2id":"syph0n78","formatid":"gen9nationaldexdoubles","rating":0,"private":0,"password":""}