{"id":"gen9nationaldexdoubles-1980209226","p1":"kitsu-aria","p2":"El Ryuk456","format":"[Gen 9] National Dex Doubles","log":"|j|\u2606kitsu-aria\n|j|\u2606El Ryuk456\n|t:|1698766473\n|gametype|doubles\n|player|p1|kitsu-aria|roxie|1600\n|player|p2|El Ryuk456|ingo|1490\n|teamsize|p1|6\n|teamsize|p2|6\n|gen|9\n|tier|[Gen 9] National Dex Doubles\n|rated|\n|rule|HP Percentage Mod: HP is shown in percentages\n|rule|Endless Battle Clause: Forcing endless battles is banned\n|rule|OHKO Clause: OHKO moves are banned\n|rule|Evasion Moves Clause: Evasion moves are banned\n|rule|Evasion Abilities Clause: Evasion abilities are banned\n|rule|Species Clause: Limit one of each Pok\u00e9mon\n|rule|Gravity Sleep Clause: The combination of sleep-inducing moves with imperfect accuracy and Gravity or Gigantamax Orbeetle are banned\n|clearpoke\n|poke|p1|Kingambit, F|\n|poke|p1|Glimmora, F|\n|poke|p1|Ting-Lu|\n|poke|p1|Zamazenta-*|\n|poke|p1|Incineroar, M|\n|poke|p1|Zygarde|\n|poke|p2|Primeape, M|\n|poke|p2|Maushold|\n|poke|p2|Chesnaught, M|\n|poke|p2|Aggron, M|\n|poke|p2|Aromatisse, F|\n|poke|p2|Grimmsnarl, M|\n|teampreview\n|\n|t:|1698766493\n|start\n|switch|p1a: Incineroar|Incineroar, M, shiny|100\/100\n|switch|p1b: Ting-Lu|Ting-Lu|100\/100\n|switch|p2a: Spectrum|Primeape, M|100\/100\n|switch|p2b: Columbo|Maushold|100\/100\n|-ability|p1a: Incineroar|Intimidate|boost\n|-unboost|p2a: Spectrum|atk|1\n|-ability|p2a: Spectrum|Defiant|boost\n|-boost|p2a: Spectrum|atk|2\n|-unboost|p2b: Columbo|atk|1\n|-ability|p1b: Ting-Lu|Vessel of Ruin\n|turn|1\n|\n|t:|1698766510\n|move|p2b: Columbo|Protect|p2b: Columbo\n|-singleturn|p2b: Columbo|Protect\n|move|p2a: Spectrum|Protect|p2a: Spectrum\n|-singleturn|p2a: Spectrum|Protect\n|move|p1a: Incineroar|Fake Out|p2b: Columbo\n|-activate|p2b: Columbo|move: Protect\n|move|p1b: Ting-Lu|Whirlwind|p2a: Spectrum\n|drag|p2a: Steeler|Aggron, M|100\/100\n|\n|upkeep\n|turn|2\n|\n|t:|1698766535\n|detailschange|p2a: Steeler|Aggron-Mega, M\n|-mega|p2a: Steeler|Aggron|Aggronite\n|move|p2b: Columbo|Baby-Doll Eyes|p1a: Incineroar\n|-unboost|p1a: Incineroar|atk|1\n|move|p1a: Incineroar|U-turn|p2b: Columbo\n|-damage|p2b: Columbo|83\/100\n|inactive|Battle timer is ON: inactive players will automatically lose when time's up. (requested by El Ryuk456)\n|\n|t:|1698766546\n|switch|p1a: Glimmora|Glimmora, F, shiny|100\/100|[from] U-turn\n|move|p2a: Steeler|Iron Defense|p2a: Steeler\n|-boost|p2a: Steeler|def|2\n|move|p1b: Ting-Lu|Stealth Rock|p2b: Columbo\n|-sidestart|p2: El Ryuk456|move: Stealth Rock\n|\n|upkeep\n|turn|3\n|\n|t:|1698766558\n|move|p2b: Columbo|Follow Me|p2b: Columbo\n|-singleturn|p2b: Columbo|move: Follow Me\n|move|p1a: Glimmora|Sludge Bomb|p2b: Columbo\n|-damage|p2b: Columbo|49\/100\n|move|p2a: Steeler|Body Press|p1b: Ting-Lu\n|-supereffective|p1b: Ting-Lu\n|-damage|p1b: Ting-Lu|11\/100\n|move|p1b: Ting-Lu|Whirlwind|p2b: Columbo\n|drag|p2b: Maki|Grimmsnarl, M|100\/100\n|-damage|p2b: Maki|88\/100|[from] Stealth Rock\n|\n|-heal|p1b: Ting-Lu|18\/100|[from] item: Leftovers\n|upkeep\n|turn|4\n|\n|t:|1698766584\n|move|p1b: Ting-Lu|Protect|p1b: Ting-Lu\n|-singleturn|p1b: Ting-Lu|Protect\n|move|p2b: Maki|Light Screen|p2b: Maki\n|-sidestart|p2: El Ryuk456|move: Light Screen\n|move|p1a: Glimmora|Earth Power|p2a: Steeler\n|-supereffective|p2a: Steeler\n|-damage|p2a: Steeler|78\/100\n|move|p2a: Steeler|Body Press|p1b: Ting-Lu\n|-activate|p1b: Ting-Lu|move: Protect\n|\n|-heal|p1b: Ting-Lu|24\/100|[from] item: Leftovers\n|upkeep\n|turn|5\n|\n|t:|1698766596\n|move|p2b: Maki|Parting Shot|p1a: Glimmora\n|-unboost|p1a: Glimmora|atk|1\n|-unboost|p1a: Glimmora|spa|1\n|\n|t:|1698766602\n|switch|p2b: Mahna Mahna|Aromatisse, F|100\/100|[from] Parting Shot\n|-damage|p2b: Mahna Mahna|88\/100|[from] Stealth Rock\n|move|p1a: Glimmora|Earth Power|p2a: Steeler\n|-supereffective|p2a: Steeler\n|-damage|p2a: Steeler|64\/100\n|move|p2a: Steeler|Body Press|p1b: Ting-Lu\n|-supereffective|p1b: Ting-Lu\n|-damage|p1b: Ting-Lu|0 fnt\n|faint|p1b: Ting-Lu\n|\n|upkeep\n|\n|t:|1698766612\n|switch|p1b: Zamazenta|Zamazenta, shiny|100\/100\n|-ability|p1b: Zamazenta|Dauntless Shield|boost\n|-boost|p1b: Zamazenta|def|1\n|turn|6\n|\n|t:|1698766624\n|switch|p1a: Incineroar|Incineroar, M, shiny|100\/100\n|-ability|p1a: Incineroar|Intimidate|boost\n|-unboost|p2a: Steeler|atk|1\n|-unboost|p2b: Mahna Mahna|atk|1\n|move|p2a: Steeler|Protect|p2a: Steeler\n|-singleturn|p2a: Steeler|Protect\n|move|p1b: Zamazenta|Body Press|p2a: Steeler\n|-activate|p2a: Steeler|move: Protect\n|move|p2b: Mahna Mahna|Wish|p2b: Mahna Mahna\n|\n|upkeep\n|turn|7\n|\n|t:|1698766647\n|switch|p1a: Glimmora|Glimmora, F, shiny|100\/100\n|move|p2b: Mahna Mahna|Ally Switch|p2b: Mahna Mahna\n|swap|p2b: Mahna Mahna|0|[from] move: Ally Switch\n|move|p1b: Zamazenta|Body Press|p2a: Mahna Mahna\n|-resisted|p2a: Mahna Mahna\n|-damage|p2a: Mahna Mahna|64\/100\n|move|p2b: Steeler|Body Press|p1a: Glimmora\n|-damage|p1a: Glimmora|0 fnt\n|-activate|p1a: Glimmora|ability: Toxic Debris\n|-sidestart|p2: El Ryuk456|move: Toxic Spikes\n|faint|p1a: Glimmora\n|\n|-heal|p2b: Steeler|100\/100|[from] move: Wish|[wisher] Mahna Mahna\n|upkeep\n|inactive|kitsu-aria has 120 seconds left.\n|\n|t:|1698766663\n|switch|p1a: Zygarde|Zygarde, shiny|100\/100\n|-ability|p1a: Zygarde|Aura Break\n|turn|8\n|\n|t:|1698766667\n|move|p1b: Zamazenta|Coaching|p1a: Zygarde\n|-boost|p1a: Zygarde|atk|1\n|-boost|p1a: Zygarde|def|1\n|move|p1a: Zygarde|Coil|p1a: Zygarde\n|-boost|p1a: Zygarde|atk|1\n|-boost|p1a: Zygarde|def|1\n|-boost|p1a: Zygarde|accuracy|1\n|move|p2b: Steeler|Iron Defense|p2b: Steeler\n|-boost|p2b: Steeler|def|2\n|move|p2a: Mahna Mahna|Trick Room|p2a: Mahna Mahna\n|-fieldstart|move: Trick Room|[of] p2a: Mahna Mahna\n|\n|-sideend|p2: El Ryuk456|move: Light Screen\n|upkeep\n|turn|9\n|\n|t:|1698766680\n|move|p1a: Zygarde|Protect|p1a: Zygarde\n|-singleturn|p1a: Zygarde|Protect\n|move|p2a: Mahna Mahna|Moonblast|p1a: Zygarde\n|-activate|p1a: Zygarde|move: Protect\n|move|p2b: Steeler|Body Press|p1a: Zygarde\n|-activate|p1a: Zygarde|move: Protect\n|move|p1b: Zamazenta|Coaching|p1a: Zygarde\n|-boost|p1a: Zygarde|atk|1\n|-boost|p1a: Zygarde|def|1\n|\n|upkeep\n|turn|10\n|\n|t:|1698766694\n|move|p2a: Mahna Mahna|Moonblast|p1a: Zygarde\n|-supereffective|p1a: Zygarde\n|-damage|p1a: Zygarde|41\/100\n|move|p2b: Steeler|Body Press|p1a: Zygarde\n|-damage|p1a: Zygarde|7\/100\n|move|p1a: Zygarde|Thousand Arrows|p2a: Mahna Mahna|[spread] p2a,p2b\n|-crit|p2a: Mahna Mahna\n|-supereffective|p2b: Steeler\n|-damage|p2a: Mahna Mahna|0 fnt\n|-damage|p2b: Steeler|80\/100\n|faint|p2a: Mahna Mahna\n|move|p1b: Zamazenta|Coaching|p1a: Zygarde\n|-boost|p1a: Zygarde|atk|1\n|-boost|p1a: Zygarde|def|1\n|\n|upkeep\n|\n|t:|1698766703\n|switch|p2a: Chespirito|Chesnaught, M, shiny|100\/100\n|-damage|p2a: Chespirito|94\/100|[from] Stealth Rock\n|-status|p2a: Chespirito|psn\n|turn|11\n|\n|t:|1698766711\n|move|p1a: Zygarde|Protect|p1a: Zygarde\n|-singleturn|p1a: Zygarde|Protect\n|move|p2b: Steeler|Body Press|p1a: Zygarde\n|-activate|p1a: Zygarde|move: Protect\n|move|p2a: Chespirito|Leech Seed|p1b: Zamazenta\n|-start|p1b: Zamazenta|move: Leech Seed\n|move|p1b: Zamazenta|Body Press|p2b: Steeler\n|-supereffective|p2b: Steeler\n|-damage|p2b: Steeler|65\/100\n|\n|-heal|p2a: Chespirito|100\/100 psn|[from] item: Leftovers\n|-damage|p1b: Zamazenta|88\/100|[from] Leech Seed|[of] p2a: Chespirito\n|-damage|p2a: Chespirito|88\/100 psn|[from] psn\n|upkeep\n|turn|12\n|\n|t:|1698766727\n|switch|p1b: Incineroar|Incineroar, M, shiny|100\/100\n|-ability|p1b: Incineroar|Intimidate|boost\n|-unboost|p2a: Chespirito|atk|1\n|-unboost|p2b: Steeler|atk|1\n|move|p2a: Chespirito|Wide Guard|p2a: Chespirito\n|-singleturn|p2a: Chespirito|Wide Guard\n|move|p1a: Zygarde|Extreme Speed|p2a: Chespirito\n|-damage|p2a: Chespirito|29\/100 psn\n|move|p2b: Steeler|Body Press|p1a: Zygarde\n|-damage|p1a: Zygarde|0 fnt\n|faint|p1a: Zygarde\n|\n|-heal|p2a: Chespirito|35\/100 psn|[from] item: Leftovers\n|-damage|p2a: Chespirito|22\/100 psn|[from] psn\n|-fieldend|move: Trick Room\n|upkeep\n|\n|t:|1698766737\n|switch|p1a: Zamazenta|Zamazenta, shiny|88\/100\n|turn|13\n|\n|t:|1698766749\n|-terastallize|p1b: Incineroar|Water\n|move|p2b: Steeler|Protect|p2b: Steeler\n|-singleturn|p2b: Steeler|Protect\n|move|p1a: Zamazenta|Coaching|p1b: Incineroar\n|-boost|p1b: Incineroar|atk|1\n|-boost|p1b: Incineroar|def|1\n|move|p2a: Chespirito|Leech Seed|p1a: Zamazenta\n|-start|p1a: Zamazenta|move: Leech Seed\n|move|p1b: Incineroar|Flare Blitz|p2b: Steeler\n|-activate|p2b: Steeler|move: Protect\n|\n|-heal|p2a: Chespirito|28\/100 psn|[from] item: Leftovers\n|-damage|p1a: Zamazenta|76\/100|[from] Leech Seed|[of] p2a: Chespirito\n|-heal|p2a: Chespirito|39\/100 psn|[silent]\n|-damage|p2a: Chespirito|27\/100 psn|[from] psn\n|upkeep\n|turn|14\n|\n|t:|1698766770\n|move|p1a: Zamazenta|Coaching|p1b: Incineroar\n|-boost|p1b: Incineroar|atk|1\n|-boost|p1b: Incineroar|def|1\n|move|p2a: Chespirito|Leech Seed|p1b: Incineroar\n|-start|p1b: Incineroar|move: Leech Seed\n|move|p1b: Incineroar|Flare Blitz|p2b: Steeler\n|-supereffective|p2b: Steeler\n|-damage|p2b: Steeler|35\/100\n|-damage|p1b: Incineroar|92\/100|[from] Recoil\n|move|p2b: Steeler|Body Press|p1b: Incineroar\n|-damage|p1b: Incineroar|30\/100\n|\n|-heal|p2a: Chespirito|33\/100 psn|[from] item: Leftovers\n|-damage|p1a: Zamazenta|64\/100|[from] Leech Seed|[of] p2a: Chespirito\n|-heal|p2a: Chespirito|43\/100 psn|[silent]\n|-damage|p1b: Incineroar|17\/100|[from] Leech Seed|[of] p2a: Chespirito\n|-heal|p2a: Chespirito|56\/100 psn|[silent]\n|-damage|p2a: Chespirito|44\/100 psn|[from] psn\n|upkeep\n|turn|15\n|-message|kitsu-aria forfeited.\n|\n|win|El Ryuk456\n|raw|kitsu-aria's rating: 1600 &rarr; <strong>1574<\/strong><br \/>(-26 for losing)\n|raw|El Ryuk456's rating: 1490 &rarr; <strong>1516<\/strong><br \/>(+26 for winning)\n|l|\u2606kitsu-aria\n","uploadtime":1698766788,"views":14,"p1id":"kitsuaria","p2id":"elryuk456","formatid":"gen9nationaldexdoubles","rating":1516,"private":0,"password":""}