{"id":"gen9nationaldexdoubles-1966188161","p1":"Asanaquarian","p2":"RebelMarksman","format":"[Gen 9] National Dex Doubles","log":"|j|\u2606Asanaquarian\n|j|\u2606RebelMarksman\n|t:|1697153771\n|gametype|doubles\n|player|p1|Asanaquarian|pokemonrangerf|1286\n|player|p2|RebelMarksman|burglar|1000\n|teamsize|p1|6\n|teamsize|p2|6\n|gen|9\n|tier|[Gen 9] National Dex Doubles\n|rated|\n|rule|HP Percentage Mod: HP is shown in percentages\n|rule|Endless Battle Clause: Forcing endless battles is banned\n|rule|OHKO Clause: OHKO moves are banned\n|rule|Evasion Moves Clause: Evasion moves are banned\n|rule|Evasion Abilities Clause: Evasion abilities are banned\n|rule|Species Clause: Limit one of each Pok\u00e9mon\n|rule|Gravity Sleep Clause: The combination of sleep-inducing moves with imperfect accuracy and Gravity or Gigantamax Orbeetle are banned\n|clearpoke\n|poke|p1|Serperior, M|\n|poke|p1|Reuniclus, M|\n|poke|p1|Goodra, F|\n|poke|p1|Klefki, M|\n|poke|p1|Appletun, F|\n|poke|p1|Dondozo, M|\n|poke|p2|Leafeon, M|\n|poke|p2|Ninetales, F|\n|poke|p2|Talonflame, F|\n|poke|p2|Garchomp, F|\n|poke|p2|Hawlucha, M|\n|poke|p2|Vikavolt, M|\n|teampreview\n|inactive|Battle timer is ON: inactive players will automatically lose when time's up. (requested by RebelMarksman)\n|inactive|Asanaquarian also wants the timer to be on.\n|\n|t:|1697153794\n|start\n|switch|p1a: Goodra|Goodra, F|100\/100\n|switch|p1b: Appletun|Appletun, F|100\/100\n|switch|p2a: Layosh|Leafeon, M|100\/100\n|switch|p2b: Akari|Ninetales, F|100\/100\n|-weather|SunnyDay|[from] ability: Drought|[of] p2b: Akari\n|turn|1\n|inactive|RebelMarksman has 120 seconds left.\n|\n|t:|1697153838\n|switch|p1b: Reuniclus|Reuniclus, M|100\/100\n|move|p2a: Layosh|Razor Leaf|p1b: Reuniclus|[spread] p1a,p1b\n|-resisted|p1a: Goodra\n|-damage|p1a: Goodra|90\/100\n|-damage|p1b: Reuniclus|88\/100\n|move|p2b: Akari|Fire Blast|p1b: Reuniclus\n|-damage|p1b: Reuniclus|30\/100\n|move|p1a: Goodra|Flamethrower|p2a: Layosh\n|-supereffective|p2a: Layosh\n|-damage|p2a: Layosh|0 fnt\n|faint|p2a: Layosh\n|\n|-weather|SunnyDay|[upkeep]\n|upkeep\n|\n|t:|1697153851\n|switch|p2a: Garchomp|Garchomp, F|100\/100\n|turn|2\n|\n|t:|1697153873\n|switch|p2b: Vikavolt|Vikavolt, M|100\/100\n|switch|p1a: Dondozo|Dondozo, M|100\/100\n|move|p2a: Garchomp|Earthquake|p1b: Reuniclus|[spread] p1a,p1b\n|-immune|p2b: Vikavolt|[from] ability: Levitate\n|-damage|p1a: Dondozo|83\/100\n|-damage|p1b: Reuniclus|3\/100\n|move|p1b: Reuniclus|Recover|p1b: Reuniclus\n|-heal|p1b: Reuniclus|53\/100\n|\n|-weather|SunnyDay|[upkeep]\n|upkeep\n|turn|3\n|\n|t:|1697153892\n|switch|p1a: Serperior|Serperior, M|100\/100\n|move|p2a: Garchomp|Earthquake|p1b: Reuniclus|[spread] p1a,p1b\n|-immune|p2b: Vikavolt|[from] ability: Levitate\n|-resisted|p1a: Serperior\n|-damage|p1a: Serperior|79\/100\n|-damage|p1b: Reuniclus|25\/100\n|move|p2b: Vikavolt|Discharge|p1b: Reuniclus|[spread] p1a,p1b\n|-immune|p2a: Garchomp\n|-resisted|p1a: Serperior\n|-damage|p1a: Serperior|59\/100\n|-damage|p1b: Reuniclus|0 fnt\n|faint|p1b: Reuniclus\n|\n|-weather|SunnyDay|[upkeep]\n|-heal|p1a: Serperior|65\/100|[from] item: Leftovers\n|upkeep\n|inactive|Asanaquarian has 120 seconds left.\n|\n|t:|1697153914\n|switch|p1b: Klefki|Klefki, M|100\/100\n|turn|4\n|\n|t:|1697153920\n|move|p1b: Klefki|Reflect|p1b: Klefki\n|-sidestart|p1: Asanaquarian|Reflect\n|move|p1a: Serperior|Leaf Storm|p2a: Garchomp\n|-crit|p2a: Garchomp\n|-damage|p2a: Garchomp|33\/100\n|-boost|p1a: Serperior|spa|2\n|move|p2a: Garchomp|Earthquake|p1a: Serperior|[spread] p1a,p1b\n|-immune|p2b: Vikavolt|[from] ability: Levitate\n|-resisted|p1a: Serperior\n|-supereffective|p1b: Klefki\n|-damage|p1a: Serperior|50\/100\n|-damage|p1b: Klefki|62\/100\n|move|p2b: Vikavolt|Bug Buzz|p1a: Serperior\n|-supereffective|p1a: Serperior\n|-damage|p1a: Serperior|0 fnt\n|faint|p1a: Serperior\n|\n|-weather|SunnyDay|[upkeep]\n|-heal|p2a: Garchomp|39\/100|[from] item: Leftovers\n|upkeep\n|\n|t:|1697153940\n|switch|p1a: Goodra|Goodra, F|90\/100\n|turn|5\n|\n|t:|1697153953\n|move|p1b: Klefki|Light Screen|p1b: Klefki\n|-sidestart|p1: Asanaquarian|move: Light Screen\n|move|p2a: Garchomp|Earthquake|p1a: Goodra|[spread] p1a,p1b\n|-immune|p2b: Vikavolt|[from] ability: Levitate\n|-supereffective|p1b: Klefki\n|-damage|p1a: Goodra|64\/100\n|-damage|p1b: Klefki|27\/100\n|move|p2b: Vikavolt|Volt Switch|p1a: Goodra\n|-resisted|p1a: Goodra\n|-damage|p1a: Goodra|60\/100\n|\n|t:|1697153965\n|switch|p2b: Hawlucha|Hawlucha, M|100\/100|[from] Volt Switch\n|move|p1a: Goodra|Draco Meteor|p2a: Garchomp\n|-supereffective|p2a: Garchomp\n|-damage|p2a: Garchomp|0 fnt\n|-unboost|p1a: Goodra|spa|2\n|faint|p2a: Garchomp\n|\n|-weather|none\n|upkeep\n|\n|t:|1697153974\n|switch|p2a: Akari|Ninetales, F|100\/100\n|-weather|SunnyDay|[from] ability: Drought|[of] p2a: Akari\n|turn|6\n|\n|t:|1697153983\n|move|p1b: Klefki|Toxic|p2a: Akari\n|-status|p2a: Akari|tox\n|move|p2b: Hawlucha|Fling|p1a: Goodra\n|-damage|p1a: Goodra|55\/100\n|-enditem|p2b: Hawlucha|King's Rock|[from] move: Fling\n|move|p2a: Akari|Fire Blast|p1b: Klefki\n|-supereffective|p1b: Klefki\n|-crit|p1b: Klefki\n|-damage|p1b: Klefki|0 fnt\n|faint|p1b: Klefki\n|cant|p1a: Goodra|flinch\n|\n|-weather|SunnyDay|[upkeep]\n|-damage|p2a: Akari|95\/100 tox|[from] psn\n|upkeep\n|\n|t:|1697153997\n|switch|p1b: Dondozo|Dondozo, M|83\/100\n|turn|7\n|\n|t:|1697154004\n|move|p2b: Hawlucha|Acrobatics|p1a: Goodra\n|-damage|p1a: Goodra|27\/100\n|-ability|p1a: Goodra|Gooey\n|-unboost|p2b: Hawlucha|spe|1\n|move|p2a: Akari|Energy Ball|p1b: Dondozo\n|-supereffective|p1b: Dondozo\n|-damage|p1b: Dondozo|59\/100\n|move|p1a: Goodra|Thunderbolt|p2b: Hawlucha\n|-supereffective|p2b: Hawlucha\n|-damage|p2b: Hawlucha|73\/100\n|move|p1b: Dondozo|Wave Crash|p2a: Akari\n|-supereffective|p2a: Akari\n|-damage|p2a: Akari|42\/100 tox\n|-damage|p1b: Dondozo|48\/100|[from] Recoil\n|\n|-weather|SunnyDay|[upkeep]\n|-damage|p2a: Akari|30\/100 tox|[from] psn\n|upkeep\n|turn|8\n|\n|t:|1697154024\n|move|p2b: Hawlucha|Acrobatics|p1a: Goodra\n|-damage|p1a: Goodra|0 fnt\n|-ability|p1a: Goodra|Gooey\n|-unboost|p2b: Hawlucha|spe|1\n|faint|p1a: Goodra\n|move|p2a: Akari|Energy Ball|p1b: Dondozo\n|-supereffective|p1b: Dondozo\n|-damage|p1b: Dondozo|22\/100\n|move|p1b: Dondozo|Rest|p1b: Dondozo\n|-status|p1b: Dondozo|slp|[from] move: Rest\n|-heal|p1b: Dondozo|100\/100 slp|[silent]\n|-enditem|p1b: Dondozo|Chesto Berry|[eat]\n|-curestatus|p1b: Dondozo|slp|[msg]\n|\n|-weather|SunnyDay|[upkeep]\n|-damage|p2a: Akari|13\/100 tox|[from] psn\n|upkeep\n|inactive|Asanaquarian has 120 seconds left.\n|\n|t:|1697154040\n|switch|p1a: Appletun|Appletun, F|100\/100\n|turn|9\n|\n|t:|1697154052\n|-terastallize|p1a: Appletun|Steel\n|move|p2b: Hawlucha|Encore|p1b: Dondozo\n|-start|p1b: Dondozo|Encore\n|move|p2a: Akari|Will-O-Wisp|p1b: Dondozo\n|-status|p1b: Dondozo|brn\n|move|p1a: Appletun|Leech Seed|p2b: Hawlucha\n|-start|p2b: Hawlucha|move: Leech Seed\n|move|p1b: Dondozo|Rest|p1b: Dondozo\n|-fail|p1b: Dondozo|heal\n|\n|-weather|SunnyDay|[upkeep]\n|-damage|p2b: Hawlucha|60\/100|[from] Leech Seed|[of] p1a: Appletun\n|-damage|p2a: Akari|0 fnt|[from] psn\n|faint|p2a: Akari\n|-damage|p1b: Dondozo|94\/100 brn|[from] brn\n|upkeep\n|\n|t:|1697154069\n|switch|p2a: Amelia|Talonflame, F|100\/100\n|turn|10\n|\n|t:|1697154085\n|move|p2a: Amelia|Flare Blitz|p1a: Appletun\n|-supereffective|p1a: Appletun\n|-damage|p1a: Appletun|48\/100\n|-damage|p2a: Amelia|78\/100|[from] Recoil\n|move|p2b: Hawlucha|Acrobatics|p1a: Appletun\n|-resisted|p1a: Appletun\n|-damage|p1a: Appletun|36\/100\n|move|p1a: Appletun|Recover|p1a: Appletun\n|-heal|p1a: Appletun|86\/100\n|move|p1b: Dondozo|Rest|p1b: Dondozo\n|-status|p1b: Dondozo|slp|[from] move: Rest\n|-heal|p1b: Dondozo|100\/100 slp|[silent]\n|\n|-weather|none\n|-heal|p1a: Appletun|92\/100|[from] item: Leftovers\n|-damage|p2b: Hawlucha|48\/100|[from] Leech Seed|[of] p1a: Appletun\n|-heal|p1a: Appletun|100\/100|[silent]\n|upkeep\n|turn|11\n|\n|t:|1697154108\n|switch|p2b: Vikavolt|Vikavolt, M|100\/100\n|-terastallize|p2a: Amelia|Fire\n|move|p2a: Amelia|Flare Blitz|p1a: Appletun\n|-supereffective|p1a: Appletun\n|-damage|p1a: Appletun|53\/100\n|-damage|p2a: Amelia|58\/100|[from] Recoil\n|move|p1a: Appletun|Recover|p1a: Appletun\n|-heal|p1a: Appletun|100\/100\n|cant|p1b: Dondozo|slp\n|\n|-end|p1b: Dondozo|Encore\n|-sideend|p1: Asanaquarian|Reflect\n|upkeep\n|turn|12\n|\n|t:|1697154130\n|move|p2a: Amelia|Flare Blitz|p1a: Appletun\n|-supereffective|p1a: Appletun\n|-damage|p1a: Appletun|33\/100\n|-damage|p2a: Amelia|29\/100|[from] Recoil\n|move|p2b: Vikavolt|Bug Buzz|p1a: Appletun\n|-resisted|p1a: Appletun\n|-damage|p1a: Appletun|22\/100\n|move|p1a: Appletun|Recover|p1a: Appletun\n|-heal|p1a: Appletun|72\/100\n|cant|p1b: Dondozo|slp\n|\n|-heal|p1a: Appletun|78\/100|[from] item: Leftovers\n|-sideend|p1: Asanaquarian|move: Light Screen\n|upkeep\n|turn|13\n|\n|t:|1697154144\n|move|p2a: Amelia|Roost|p2a: Amelia\n|-heal|p2a: Amelia|80\/100\n|move|p2b: Vikavolt|Discharge|p1a: Appletun|[spread] p2a,p1a,p1b\n|-supereffective|p1b: Dondozo\n|-damage|p2a: Amelia|35\/100\n|-damage|p1a: Appletun|55\/100\n|-damage|p1b: Dondozo|39\/100 slp\n|-status|p1a: Appletun|par\n|-curestatus|p1b: Dondozo|slp|[msg]\n|move|p1b: Dondozo|Wave Crash|p2a: Amelia\n|-supereffective|p2a: Amelia\n|-damage|p2a: Amelia|0 fnt\n|faint|p2a: Amelia\n|-damage|p1b: Dondozo|32\/100|[from] Recoil\n|move|p1a: Appletun|Recover|p1a: Appletun\n|-heal|p1a: Appletun|100\/100 par\n|\n|upkeep\n|\n|t:|1697154159\n|switch|p2a: Hawlucha|Hawlucha, M|48\/100\n|turn|14\n|\n|t:|1697154174\n|move|p2a: Hawlucha|Acrobatics|p1b: Dondozo\n|-damage|p1b: Dondozo|17\/100\n|move|p2b: Vikavolt|Bug Buzz|p1a: Appletun\n|-resisted|p1a: Appletun\n|-damage|p1a: Appletun|84\/100 par\n|move|p1b: Dondozo|Wave Crash|p2b: Vikavolt\n|-damage|p2b: Vikavolt|52\/100\n|-damage|p1b: Dondozo|7\/100|[from] Recoil\n|move|p1a: Appletun|Leech Seed|p2b: Vikavolt\n|-start|p2b: Vikavolt|move: Leech Seed\n|\n|-heal|p1a: Appletun|91\/100 par|[from] item: Leftovers\n|-damage|p2b: Vikavolt|39\/100|[from] Leech Seed|[of] p1a: Appletun\n|-heal|p1a: Appletun|99\/100 par|[silent]\n|upkeep\n|turn|15\n|\n|t:|1697154194\n|move|p2a: Hawlucha|Acrobatics|p1b: Dondozo\n|-damage|p1b: Dondozo|0 fnt\n|faint|p1b: Dondozo\n|move|p2b: Vikavolt|Bug Buzz|p1a: Appletun\n|-resisted|p1a: Appletun\n|-damage|p1a: Appletun|81\/100 par\n|-unboost|p1a: Appletun|spd|1\n|move|p1a: Appletun|Leech Seed|p2a: Hawlucha\n|-start|p2a: Hawlucha|move: Leech Seed\n|\n|-heal|p1a: Appletun|87\/100 par|[from] item: Leftovers\n|-damage|p2a: Hawlucha|36\/100|[from] Leech Seed|[of] p1a: Appletun\n|-heal|p1a: Appletun|96\/100 par|[silent]\n|-damage|p2b: Vikavolt|27\/100|[from] Leech Seed|[of] p1a: Appletun\n|-heal|p1a: Appletun|100\/100 par|[silent]\n|upkeep\n|turn|16\n|inactive|RebelMarksman has 120 seconds left.\n|n|!RebelMarksman|rebelmarksman\n|-message|RebelMarksman forfeited.\n|\n|win|Asanaquarian\n|raw|Asanaquarian's rating: 1286 &rarr; <strong>1294<\/strong><br \/>(+8 for winning)\n|raw|RebelMarksman's rating: 1000 &rarr; <strong>1000<\/strong><br \/>(+0 for losing)\n","uploadtime":1697154236,"views":6,"p1id":"asanaquarian","p2id":"rebelmarksman","formatid":"gen9nationaldexdoubles","rating":1000,"private":0,"password":""}