{"id":"gen9nationaldexdoubles-1996884474","p1":"conbomb","p2":"iwkaid","format":"[Gen 9] National Dex Doubles","log":"|j|\u2606conbomb\n|j|\u2606iwkaid\n|t:|1700740118\n|gametype|doubles\n|player|p1|conbomb|cueball-gen1|1258\n|player|p2|iwkaid|n|1096\n|teamsize|p1|6\n|teamsize|p2|6\n|gen|9\n|tier|[Gen 9] National Dex Doubles\n|rated|\n|rule|HP Percentage Mod: HP is shown in percentages\n|rule|Endless Battle Clause: Forcing endless battles is banned\n|rule|OHKO Clause: OHKO moves are banned\n|rule|Evasion Moves Clause: Evasion moves are banned\n|rule|Evasion Abilities Clause: Evasion abilities are banned\n|rule|Species Clause: Limit one of each Pok\u00e9mon\n|rule|Gravity Sleep Clause: The combination of sleep-inducing moves with imperfect accuracy and Gravity or Gigantamax Orbeetle are banned\n|clearpoke\n|poke|p1|Regigigas|\n|poke|p1|Flamigo, F|\n|poke|p1|Ursaluna-Bloodmoon, M|\n|poke|p1|Audino, M|\n|poke|p1|Oranguru, M|\n|poke|p1|Malamar, F|\n|poke|p2|Oranguru, M|\n|poke|p2|Ursaluna-Bloodmoon, M|\n|poke|p2|Ninetales-Alola, F|\n|poke|p2|Glastrier|\n|poke|p2|Banette, F|\n|poke|p2|Porygon2|\n|teampreview\n|inactive|Battle timer is ON: inactive players will automatically lose when time's up. (requested by iwkaid)\n|c|\u2606iwkaid|\u53c8\u662f\u4f60\n|\n|t:|1700740136\n|start\n|switch|p1a: Oranguru|Oranguru, M|100\/100\n|switch|p1b: Ursaluna|Ursaluna-Bloodmoon, M|100\/100\n|switch|p2a: Oranguru|Oranguru, M|100\/100\n|switch|p2b: Ursaluna|Ursaluna-Bloodmoon, M|100\/100\n|turn|1\n|\n|t:|1700740156\n|move|p2a: Oranguru|Protect|p2a: Oranguru\n|-singleturn|p2a: Oranguru|Protect\n|move|p2b: Ursaluna|Calm Mind|p2b: Ursaluna\n|-boost|p2b: Ursaluna|spa|1\n|-boost|p2b: Ursaluna|spd|1\n|move|p1a: Oranguru|Taunt|p2b: Ursaluna\n|-start|p2b: Ursaluna|move: Taunt\n|move|p1b: Ursaluna|Calm Mind|p1b: Ursaluna\n|-boost|p1b: Ursaluna|spa|1\n|-boost|p1b: Ursaluna|spd|1\n|\n|upkeep\n|turn|2\n|inactive|conbomb has 120 seconds left.\n|\n|t:|1700740187\n|move|p2a: Oranguru|Instruct|p2b: Ursaluna\n|-singleturn|p2b: Ursaluna|move: Instruct|[of] p2a: Oranguru\n|cant|p2b: Ursaluna|move: Taunt|Calm Mind\n|move|p2b: Ursaluna|Blood Moon|p1a: Oranguru\n|-damage|p1a: Oranguru|19\/100\n|move|p1b: Ursaluna|Calm Mind|p1b: Ursaluna\n|-boost|p1b: Ursaluna|spa|1\n|-boost|p1b: Ursaluna|spd|1\n|move|p1a: Oranguru|Trick Room|p1a: Oranguru\n|-fieldstart|move: Trick Room|[of] p1a: Oranguru\n|\n|upkeep\n|turn|3\n|\n|t:|1700740210\n|move|p1b: Ursaluna|Blood Moon|p2b: Ursaluna\n|-damage|p2b: Ursaluna|0 fnt\n|faint|p2b: Ursaluna\n|move|p1a: Oranguru|Instruct|p1b: Ursaluna\n|-singleturn|p1b: Ursaluna|move: Instruct|[of] p1a: Oranguru\n|move|p1b: Ursaluna|Blood Moon|p2a: Oranguru\n|-damage|p2a: Oranguru|0 fnt\n|faint|p2a: Oranguru\n|-hint|Some effects can force a Pokemon to use Blood Moon again in a row.\n|\n|upkeep\n|inactive|iwkaid has 120 seconds left.\n|\n|t:|1700740229\n|switch|p2b: Banette|Banette, F|100\/100\n|switch|p2a: Glastrier|Glastrier|100\/100\n|-item|p1a: Oranguru|Mental Herb|[from] ability: Frisk|[of] p2b: Banette|[identify]\n|-item|p1b: Ursaluna|Focus Sash|[from] ability: Frisk|[of] p2b: Banette|[identify]\n|turn|4\n|c|\u2606conbomb|You try to use my own spells against me?\n|\n|t:|1700740243\n|detailschange|p2b: Banette|Banette-Mega, F\n|-mega|p2b: Banette|Banette|Banettite\n|-terastallize|p1b: Ursaluna|Ghost\n|move|p1b: Ursaluna|Vacuum Wave|p2a: Glastrier\n|-supereffective|p2a: Glastrier\n|-damage|p2a: Glastrier|58\/100\n|move|p2b: Banette|Shadow Sneak|p1b: Ursaluna\n|-supereffective|p1b: Ursaluna\n|-damage|p1b: Ursaluna|67\/100\n|move|p2a: Glastrier|Icicle Crash|p1b: Ursaluna\n|-damage|p1b: Ursaluna|35\/100\n|move|p1a: Oranguru|Instruct|p1b: Ursaluna\n|-singleturn|p1b: Ursaluna|move: Instruct|[of] p1a: Oranguru\n|move|p1b: Ursaluna|Vacuum Wave|p2a: Glastrier\n|-supereffective|p2a: Glastrier\n|-damage|p2a: Glastrier|10\/100\n|\n|-heal|p2a: Glastrier|17\/100|[from] item: Leftovers\n|upkeep\n|turn|5\n|\n|t:|1700740266\n|move|p1b: Ursaluna|Vacuum Wave|p2a: Glastrier\n|-supereffective|p2a: Glastrier\n|-damage|p2a: Glastrier|0 fnt\n|faint|p2a: Glastrier\n|move|p1a: Oranguru|Taunt|p2b: Banette\n|-start|p2b: Banette|move: Taunt\n|move|p2b: Banette|Poltergeist|p1b: Ursaluna\n|-activate|p1b: Ursaluna|move: Poltergeist|Focus Sash\n|-supereffective|p1b: Ursaluna\n|-damage|p1b: Ursaluna|0 fnt\n|faint|p1b: Ursaluna\n|\n|upkeep\n|\n|t:|1700740277\n|switch|p2a: Ninetales|Ninetales-Alola, F|100\/100\n|switch|p1b: Malamar|Malamar, F, shiny|100\/100\n|-weather|Snow|[from] ability: Snow Warning|[of] p2a: Ninetales\n|turn|6\n|j| wkx6v587\n|\n|t:|1700740288\n|switch|p1a: MC Compensator|Regigigas, shiny|100\/100\n|-start|p1a: MC Compensator|ability: Slow Start\n|move|p1b: Malamar|Simple Beam|p1a: MC Compensator\n|-end|p1a: MC Compensator|Slow Start|[silent]\n|-endability|p1a: MC Compensator|Slow Start|[from] move: Simple Beam\n|-ability|p1a: MC Compensator|Simple|[from] move: Simple Beam\n|move|p2b: Banette|Poltergeist|p1b: Malamar\n|-activate|p1b: Malamar|move: Poltergeist|Focus Sash\n|-damage|p1b: Malamar|45\/100\n|move|p2a: Ninetales|Aurora Veil|p2a: Ninetales\n|-sidestart|p2: iwkaid|move: Aurora Veil\n|\n|-weather|Snow|[upkeep]\n|-fieldend|move: Trick Room\n|upkeep\n|turn|7\n|l| wkx6v587\n|\n|t:|1700740310\n|move|p2a: Ninetales|Freeze-Dry|p1a: MC Compensator\n|-damage|p1a: MC Compensator|89\/100\n|move|p1a: MC Compensator|Rock Polish|p1a: MC Compensator\n|-boost|p1a: MC Compensator|spe|4\n|move|p2b: Banette|Poltergeist|p1b: Malamar\n|-activate|p1b: Malamar|move: Poltergeist|Focus Sash\n|-damage|p1b: Malamar|0 fnt\n|faint|p1b: Malamar\n|\n|-weather|Snow|[upkeep]\n|-end|p2b: Banette|move: Taunt\n|upkeep\n|\n|t:|1700740323\n|switch|p1b: Audino|Audino, M|100\/100\n|turn|8\n|inactive|iwkaid has 120 seconds left.\n|\n|t:|1700740369\n|detailschange|p1b: Audino|Audino-Mega, M\n|-mega|p1b: Audino|Audino|Audinite\n|move|p1b: Audino|Ally Switch|p1b: Audino\n|swap|p1b: Audino|0|[from] move: Ally Switch\n|move|p2b: Banette|Destiny Bond|p2b: Banette\n|-singlemove|p2b: Banette|Destiny Bond\n|move|p1b: MC Compensator|Knock Off|p2b: Banette\n|-supereffective|p2b: Banette\n|-damage|p2b: Banette|60\/100\n|move|p2a: Ninetales|Freeze-Dry|p1a: Audino\n|-damage|p1a: Audino|89\/100\n|\n|-weather|Snow|[upkeep]\n|upkeep\n|turn|9\n|inactive|iwkaid has 120 seconds left.\n|\n|t:|1700740394\n|move|p2b: Banette|Protect|p2b: Banette\n|-singleturn|p2b: Banette|Protect\n|move|p1b: MC Compensator|Rock Slide|p2b: Banette|[spread] p2a\n|-activate|p2b: Banette|move: Protect\n|-supereffective|p2a: Ninetales\n|-damage|p2a: Ninetales|80\/100\n|move|p2a: Ninetales|Dazzling Gleam|p1a: Audino|[spread] p1a,p1b\n|-damage|p1a: Audino|80\/100\n|-damage|p1b: MC Compensator|78\/100\n|move|p1a: Audino|Encore|p2b: Banette\n|-activate|p2b: Banette|move: Protect\n|\n|-weather|Snow|[upkeep]\n|upkeep\n|turn|10\n|inactive|iwkaid has 120 seconds left.\n|\n|t:|1700740414\n|move|p1b: MC Compensator|Rock Slide|p2b: Banette|[spread] p2a,p2b\n|-supereffective|p2a: Ninetales\n|-damage|p2a: Ninetales|60\/100\n|-damage|p2b: Banette|41\/100\n|move|p2a: Ninetales|Freeze-Dry|p1b: MC Compensator\n|-damage|p1b: MC Compensator|66\/100\n|move|p2b: Banette|Poltergeist|p1a: Audino\n|-immune|p1a: Audino\n|move|p1a: Audino|Wish|p1a: Audino\n|\n|-weather|none\n|upkeep\n|turn|11\n|\n|t:|1700740429\n|move|p2b: Banette|Protect|p2b: Banette\n|-singleturn|p2b: Banette|Protect\n|move|p1a: Audino|Ally Switch|p1a: Audino\n|swap|p1a: Audino|1|[from] move: Ally Switch\n|move|p1a: MC Compensator|Rock Slide|p2b: Banette|[spread] p2a\n|-activate|p2b: Banette|move: Protect\n|-supereffective|p2a: Ninetales\n|-damage|p2a: Ninetales|30\/100\n|move|p2a: Ninetales|Draining Kiss|p1b: Audino\n|-damage|p1b: Audino|71\/100\n|-heal|p2a: Ninetales|38\/100|[from] drain|[of] p1b: Audino\n|\n|-heal|p1a: MC Compensator|100\/100|[from] move: Wish|[wisher] Audino\n|upkeep\n|turn|12\n|\n|t:|1700740451\n|move|p2b: Banette|Destiny Bond|p2b: Banette\n|-singlemove|p2b: Banette|Destiny Bond\n|move|p1a: MC Compensator|Rock Slide|p2b: Banette|[spread] p2a,p2b\n|-supereffective|p2a: Ninetales\n|-damage|p2a: Ninetales|5\/100\n|-damage|p2b: Banette|24\/100\n|move|p2a: Ninetales|Draining Kiss|p1a: MC Compensator\n|-crit|p1a: MC Compensator\n|-damage|p1a: MC Compensator|88\/100\n|-heal|p2a: Ninetales|16\/100|[from] drain|[of] p1a: MC Compensator\n|move|p1b: Audino|Encore|p2b: Banette\n|-start|p2b: Banette|Encore\n|\n|upkeep\n|turn|13\n|\n|t:|1700740470\n|move|p2b: Banette|Destiny Bond||[still]\n|-fail|p2b: Banette\n|move|p1a: MC Compensator|Rock Slide|p2a: Ninetales|[spread] p2a,p2b\n|-supereffective|p2a: Ninetales\n|-damage|p2a: Ninetales|0 fnt\n|-damage|p2b: Banette|8\/100\n|faint|p2a: Ninetales\n|move|p1b: Audino|Wish|p1b: Audino\n|\n|-sideend|p2: iwkaid|move: Aurora Veil\n|upkeep\n|\n|t:|1700740478\n|switch|p2a: Porygon2|Porygon2|100\/100\n|-ability|p2a: Porygon2|Download|boost\n|-boost|p2a: Porygon2|atk|1\n|turn|14\n|\n|t:|1700740485\n|move|p1b: Audino|Ally Switch|p1b: Audino\n|swap|p1b: Audino|0|[from] move: Ally Switch\n|move|p2b: Banette|Destiny Bond|p2b: Banette\n|-singlemove|p2b: Banette|Destiny Bond\n|move|p1b: MC Compensator|Knock Off|p2a: Porygon2\n|-damage|p2a: Porygon2|80\/100\n|-enditem|p2a: Porygon2|Eviolite|[from] move: Knock Off|[of] p1b: MC Compensator\n|move|p2a: Porygon2|Trick Room|p2a: Porygon2\n|-fieldstart|move: Trick Room|[of] p2a: Porygon2\n|\n|-heal|p1b: MC Compensator|100\/100|[from] move: Wish|[wisher] Audino\n|upkeep\n|turn|15\n|\n|t:|1700740499\n|move|p2b: Banette|Destiny Bond||[still]\n|-fail|p2b: Banette\n|move|p1a: Audino|Encore|p2a: Porygon2\n|-start|p2a: Porygon2|Encore\n|move|p2a: Porygon2|Trick Room|p2a: Porygon2\n|-fieldend|move: Trick Room\n|move|p1b: MC Compensator|Drain Punch|p2a: Porygon2\n|-supereffective|p2a: Porygon2\n|-damage|p2a: Porygon2|38\/100\n|\n|-end|p2b: Banette|Encore\n|upkeep\n|turn|16\n|c|\u2606iwkaid|GG\n|-message|iwkaid forfeited.\n|\n|win|conbomb\n|raw|conbomb's rating: 1258 &rarr; <strong>1272<\/strong><br \/>(+14 for winning)\n|raw|iwkaid's rating: 1096 &rarr; <strong>1082<\/strong><br \/>(-14 for losing)\n|c|\u2606conbomb|Gg\n|l|\u2606iwkaid\n","uploadtime":1700740539,"views":1,"p1id":"conbomb","p2id":"iwkaid","formatid":"gen9nationaldexdoubles","rating":1082,"private":0,"password":""}