{"id":"gen9nationaldexdoubles-1981917371","p1":"kooflah","p2":"nombre epico.jpg","format":"[Gen 9] National Dex Doubles","log":"|j|\u2606kooflah\n|j|\u2606nombre epico.jpg\n|t:|1698951524\n|gametype|doubles\n|player|p1|kooflah|1|1435\n|player|p2|nombre epico.jpg|korrina-masters|1319\n|teamsize|p1|6\n|teamsize|p2|6\n|gen|9\n|tier|[Gen 9] National Dex Doubles\n|rated|\n|rule|HP Percentage Mod: HP is shown in percentages\n|rule|Endless Battle Clause: Forcing endless battles is banned\n|rule|OHKO Clause: OHKO moves are banned\n|rule|Evasion Moves Clause: Evasion moves are banned\n|rule|Evasion Abilities Clause: Evasion abilities are banned\n|rule|Species Clause: Limit one of each Pok\u00e9mon\n|rule|Gravity Sleep Clause: The combination of sleep-inducing moves with imperfect accuracy and Gravity or Gigantamax Orbeetle are banned\n|clearpoke\n|poke|p1|Gardevoir, F|\n|poke|p1|Sinistcha-Masterpiece|\n|poke|p1|Landorus-Therian, M|\n|poke|p1|Thundurus, M|\n|poke|p1|Chi-Yu|\n|poke|p1|Aegislash, M|\n|poke|p2|Chi-Yu|\n|poke|p2|Charizard, M|\n|poke|p2|Tapu Lele|\n|poke|p2|Whimsicott, F|\n|poke|p2|Flutter Mane|\n|poke|p2|Torkoal, M|\n|teampreview\n|\n|t:|1698951538\n|start\n|switch|p1a: Sinistcha|Sinistcha-Masterpiece, shiny|100\/100\n|switch|p1b: Chi-Yu|Chi-Yu|100\/100\n|switch|p2a: Whimsicott|Whimsicott, F, shiny|100\/100\n|switch|p2b: Torkoal|Torkoal, M, shiny|100\/100\n|-ability|p1b: Chi-Yu|Beads of Ruin\n|-weather|SunnyDay|[from] ability: Drought|[of] p2b: Torkoal\n|turn|1\n|inactive|Battle timer is ON: inactive players will automatically lose when time's up. (requested by kooflah)\n|\n|t:|1698951558\n|switch|p1a: Landorus|Landorus-Therian, M, shiny|100\/100\n|-ability|p1a: Landorus|Intimidate|boost\n|-unboost|p2a: Whimsicott|atk|1\n|-unboost|p2b: Torkoal|atk|1\n|move|p2a: Whimsicott|Tailwind|p2a: Whimsicott\n|-sidestart|p2: nombre epico.jpg|move: Tailwind\n|move|p1b: Chi-Yu|Dark Pulse|p2b: Torkoal\n|-damage|p2b: Torkoal|10\/100\n|-damage|p1b: Chi-Yu|91\/100|[from] item: Life Orb\n|move|p2b: Torkoal|Stealth Rock|p1b: Chi-Yu\n|-sidestart|p1: kooflah|move: Stealth Rock\n|\n|-weather|SunnyDay|[upkeep]\n|upkeep\n|turn|2\n|\n|t:|1698951577\n|move|p2a: Whimsicott|Dazzling Gleam|p1b: Chi-Yu|[spread] p1a,p1b\n|-damage|p1a: Landorus|66\/100\n|-damage|p1b: Chi-Yu|71\/100\n|move|p1a: Landorus|U-turn|p2a: Whimsicott\n|-damage|p2a: Whimsicott|75\/100\n|\n|t:|1698951583\n|switch|p1a: Thundurus|Thundurus, M, shiny|100\/100|[from] U-turn\n|-damage|p1a: Thundurus|76\/100|[from] Stealth Rock\n|move|p1b: Chi-Yu|Heat Wave|p2b: Torkoal|[spread] p2a,p2b\n|-supereffective|p2a: Whimsicott\n|-resisted|p2b: Torkoal\n|-damage|p2a: Whimsicott|0 fnt\n|-damage|p2b: Torkoal|0 fnt\n|faint|p2a: Whimsicott\n|faint|p2b: Torkoal\n|-damage|p1b: Chi-Yu|61\/100|[from] item: Life Orb\n|\n|-weather|SunnyDay|[upkeep]\n|upkeep\n|\n|t:|1698951600\n|switch|p2a: Flutter Mane|Flutter Mane, shiny|100\/100\n|switch|p2b: Tapu Lele|Tapu Lele, shiny|100\/100\n|-activate|p2a: Flutter Mane|ability: Protosynthesis\n|-start|p2a: Flutter Mane|protosynthesisspe\n|-fieldstart|move: Psychic Terrain|[from] ability: Psychic Surge|[of] p2b: Tapu Lele\n|turn|3\n|inactive|kooflah has 120 seconds left.\n|inactive|nombre epico.jpg has 120 seconds left.\n|\n|t:|1698951658\n|-terastallize|p1b: Chi-Yu|Grass\n|move|p2a: Flutter Mane|Dazzling Gleam|p1b: Chi-Yu|[spread] p1a,p1b\n|-damage|p1a: Thundurus|18\/100\n|-damage|p1b: Chi-Yu|26\/100\n|move|p2b: Tapu Lele|Thunderbolt|p1b: Chi-Yu\n|-resisted|p1b: Chi-Yu\n|-damage|p1b: Chi-Yu|0 fnt\n|faint|p1b: Chi-Yu\n|move|p1a: Thundurus|Thunderbolt|p2a: Flutter Mane\n|-damage|p2a: Flutter Mane|53\/100\n|\n|-weather|SunnyDay|[upkeep]\n|upkeep\n|\n|t:|1698951670\n|switch|p1b: Aegislash|Aegislash, M, shiny|100\/100\n|-damage|p1b: Aegislash|94\/100|[from] Stealth Rock\n|turn|4\n|inactive|kooflah has 120 seconds left.\n|\n|t:|1698951690\n|move|p2a: Flutter Mane|Shadow Ball|p1b: Aegislash\n|-supereffective|p1b: Aegislash\n|-damage|p1b: Aegislash|31\/100\n|move|p2b: Tapu Lele|Thunderbolt|p1a: Thundurus\n|-damage|p1a: Thundurus|0 fnt\n|faint|p1a: Thundurus\n|move|p1b: Aegislash|Toxic|p2b: Tapu Lele|[miss]\n|-miss|p1b: Aegislash|p2b: Tapu Lele\n|\n|-weather|SunnyDay|[upkeep]\n|-heal|p1b: Aegislash|38\/100|[from] item: Leftovers\n|-sideend|p2: nombre epico.jpg|move: Tailwind\n|upkeep\n|inactive|kooflah has 120 seconds left.\n|\n|t:|1698951700\n|switch|p1a: Landorus|Landorus-Therian, M, shiny|66\/100\n|-damage|p1a: Landorus|54\/100|[from] Stealth Rock\n|-ability|p1a: Landorus|Intimidate|boost\n|-unboost|p2a: Flutter Mane|atk|1\n|-unboost|p2b: Tapu Lele|atk|1\n|turn|5\n|\n|t:|1698951714\n|move|p1b: Aegislash|King's Shield|p1b: Aegislash\n|-singleturn|p1b: Aegislash|Protect\n|-zpower|p2a: Flutter Mane\n|move|p2a: Flutter Mane|Twinkle Tackle|p1a: Landorus|[zeffect]\n|-damage|p1a: Landorus|0 fnt\n|faint|p1a: Landorus\n|move|p2b: Tapu Lele|Thunderbolt|p1b: Aegislash\n|-activate|p1b: Aegislash|move: Protect\n|\n|-weather|SunnyDay|[upkeep]\n|-heal|p1b: Aegislash|44\/100|[from] item: Leftovers\n|upkeep\n|\n|t:|1698951726\n|switch|p1a: Sinistcha|Sinistcha-Masterpiece, shiny|100\/100\n|-damage|p1a: Sinistcha|88\/100|[from] Stealth Rock\n|-heal|p1b: Aegislash|69\/100|[from] ability: Hospitality|[of] p1a: Sinistcha\n|turn|6\n|\n|t:|1698951741\n|switch|p2b: Chi-Yu|Chi-Yu|100\/100\n|-ability|p2b: Chi-Yu|Beads of Ruin\n|move|p1a: Sinistcha|Rage Powder|p1a: Sinistcha\n|-singleturn|p1a: Sinistcha|move: Rage Powder\n|move|p2a: Flutter Mane|Shadow Ball|p1a: Sinistcha\n|-supereffective|p1a: Sinistcha\n|-damage|p1a: Sinistcha|0 fnt\n|faint|p1a: Sinistcha\n|move|p1b: Aegislash|Toxic|p2a: Flutter Mane\n|-status|p2a: Flutter Mane|tox\n|\n|-weather|SunnyDay|[upkeep]\n|-heal|p1b: Aegislash|75\/100|[from] item: Leftovers\n|-damage|p2a: Flutter Mane|47\/100 tox|[from] psn\n|upkeep\n|\n|t:|1698951755\n|switch|p1a: Gardevoir|Gardevoir, F, shiny|100\/100\n|-damage|p1a: Gardevoir|88\/100|[from] Stealth Rock\n|turn|7\n|\n|t:|1698951765\n|detailschange|p1a: Gardevoir|Gardevoir-Mega, F, shiny\n|-mega|p1a: Gardevoir|Gardevoir|Gardevoirite\n|-terastallize|p2b: Chi-Yu|Fire\n|move|p1a: Gardevoir|Protect|p1a: Gardevoir\n|-singleturn|p1a: Gardevoir|Protect\n|move|p1b: Aegislash|King's Shield|p1b: Aegislash\n|-singleturn|p1b: Aegislash|Protect\n|move|p2a: Flutter Mane|Shadow Ball|p1a: Gardevoir\n|-activate|p1a: Gardevoir|move: Protect\n|move|p2b: Chi-Yu|Overheat|p1b: Aegislash\n|-activate|p1b: Aegislash|move: Protect\n|\n|-weather|SunnyDay|[upkeep]\n|-heal|p1b: Aegislash|81\/100|[from] item: Leftovers\n|-damage|p2a: Flutter Mane|35\/100 tox|[from] psn\n|-fieldend|move: Psychic Terrain\n|upkeep\n|turn|8\n|\n|t:|1698951792\n|-end|p2a: Flutter Mane|Protosynthesis|[silent]\n|switch|p2a: Tapu Lele|Tapu Lele, shiny|100\/100\n|-fieldstart|move: Psychic Terrain|[from] ability: Psychic Surge|[of] p2a: Tapu Lele\n|move|p1a: Gardevoir|Psyshock|p2b: Chi-Yu\n|-damage|p2b: Chi-Yu|0 fnt\n|faint|p2b: Chi-Yu\n|-formechange|p1b: Aegislash|Aegislash-Blade||[from] ability: Stance Change\n|move|p1b: Aegislash|Shadow Ball|p2a: Tapu Lele\n|-supereffective|p2a: Tapu Lele\n|-damage|p2a: Tapu Lele|2\/100\n|\n|-weather|none\n|-heal|p1b: Aegislash|87\/100|[from] item: Leftovers\n|upkeep\n|inactive|nombre epico.jpg has 120 seconds left.\n|\n|t:|1698951809\n|switch|p2b: Charizard|Charizard, M, shiny|100\/100\n|turn|9\n|\n|t:|1698951821\n|detailschange|p2b: Charizard|Charizard-Mega-Y, M, shiny\n|-mega|p2b: Charizard|Charizard|Charizardite Y\n|-weather|SunnyDay|[from] ability: Drought|[of] p2b: Charizard\n|-formechange|p1b: Aegislash|Aegislash||[from] ability: Stance Change\n|move|p1b: Aegislash|King's Shield|p1b: Aegislash\n|-singleturn|p1b: Aegislash|Protect\n|move|p1a: Gardevoir|Psyshock|p2b: Charizard\n|-damage|p2b: Charizard|12\/100\n|move|p2a: Tapu Lele|Dazzling Gleam|p1a: Gardevoir|[spread] p1a\n|-activate|p1b: Aegislash|move: Protect\n|-damage|p1a: Gardevoir|42\/100\n|move|p2b: Charizard|Heat Wave|p1a: Gardevoir|[spread] p1a\n|-activate|p1b: Aegislash|move: Protect\n|-damage|p1a: Gardevoir|0 fnt\n|faint|p1a: Gardevoir\n|\n|-weather|SunnyDay|[upkeep]\n|-heal|p1b: Aegislash|93\/100|[from] item: Leftovers\n|upkeep\n|turn|10\n|\n|t:|1698951846\n|move|p2a: Tapu Lele|Dazzling Gleam|p1b: Aegislash\n|-resisted|p1b: Aegislash\n|-crit|p1b: Aegislash\n|-damage|p1b: Aegislash|56\/100\n|move|p2b: Charizard|Weather Ball|p1b: Aegislash\n|-supereffective|p1b: Aegislash\n|-damage|p1b: Aegislash|0 fnt\n|faint|p1b: Aegislash\n|\n|win|nombre epico.jpg\n|raw|kooflah's rating: 1435 &rarr; <strong>1409<\/strong><br \/>(-26 for losing)\n|raw|nombre epico.jpg's rating: 1319 &rarr; <strong>1345<\/strong><br \/>(+26 for winning)\n|l|\u2606kooflah\n|l|\u2606nombre epico.jpg\n|j|\u2606nombre epico.jpg\n|player|p2|nombre epico.jpg|korrina-masters\n","uploadtime":1698951863,"views":11,"p1id":"kooflah","p2id":"nombreepicojpg","formatid":"gen9nationaldexdoubles","rating":1345,"private":0,"password":""}