{"id":"gen9nationaldexdoubles-1984619521","p1":"bigdwg123","p2":"Lumageist","format":"[Gen 9] National Dex Doubles","log":"|j|\u2606bigdwg123\n|j|\u2606Lumageist\n|t:|1699285194\n|gametype|doubles\n|player|p1|bigdwg123|unknown|1191\n|player|p2|Lumageist|rocketgruntf|1280\n|teamsize|p1|6\n|teamsize|p2|6\n|gen|9\n|tier|[Gen 9] National Dex Doubles\n|rated|\n|rule|HP Percentage Mod: HP is shown in percentages\n|rule|Endless Battle Clause: Forcing endless battles is banned\n|rule|OHKO Clause: OHKO moves are banned\n|rule|Evasion Moves Clause: Evasion moves are banned\n|rule|Evasion Abilities Clause: Evasion abilities are banned\n|rule|Species Clause: Limit one of each Pok\u00e9mon\n|rule|Gravity Sleep Clause: The combination of sleep-inducing moves with imperfect accuracy and Gravity or Gigantamax Orbeetle are banned\n|clearpoke\n|poke|p1|Blacephalon|\n|poke|p1|Tornadus, M|\n|poke|p1|Comfey, M|\n|poke|p1|Indeedee-F, F|\n|poke|p1|Charizard, M|\n|poke|p1|Gastrodon, M|\n|poke|p2|Skeledirge, M|\n|poke|p2|Torkoal, F|\n|poke|p2|Swampert, F|\n|poke|p2|Pelipper, F|\n|poke|p2|Kleavor, M|\n|poke|p2|Glimmora, F|\n|teampreview\n|inactive|Battle timer is ON: inactive players will automatically lose when time's up. (requested by Lumageist)\n|inactive|bigdwg123 also wants the timer to be on.\n|\n|t:|1699285202\n|start\n|switch|p1a: Blacephalon|Blacephalon|100\/100\n|switch|p1b: Tornadus|Tornadus, M|100\/100\n|switch|p2a: Grandpa|Kleavor, M|100\/100\n|switch|p2b: Grandma|Glimmora, F|100\/100\n|turn|1\n|\n|t:|1699285221\n|-terastallize|p1a: Blacephalon|Fire\n|move|p1b: Tornadus|Sunny Day|p1b: Tornadus\n|-weather|SunnyDay\n|move|p1a: Blacephalon|Mind Blown|p2a: Grandpa|[spread] p1b,p2a,p2b\n|-resisted|p2b: Grandma\n|-enditem|p1b: Tornadus|Focus Sash\n|-damage|p1b: Tornadus|1\/100\n|-damage|p2a: Grandpa|0 fnt\n|-enditem|p2b: Grandma|Focus Sash\n|-damage|p2b: Grandma|1\/100\n|-damage|p1a: Blacephalon|50\/100|[from] mindblown\n|faint|p2a: Grandpa\n|-ability|p1a: Blacephalon|Beast Boost|boost\n|-boost|p1a: Blacephalon|spa|1\n|-damage|p1a: Blacephalon|41\/100|[from] item: Life Orb\n|move|p2b: Grandma|Spikes|p1a: Blacephalon\n|-sidestart|p1: bigdwg123|Spikes\n|\n|-weather|SunnyDay|[upkeep]\n|upkeep\n|\n|t:|1699285246\n|switch|p2a: Spooky|Skeledirge, M|100\/100\n|turn|2\n|\n|t:|1699285258\n|move|p1a: Blacephalon|Shadow Ball|p2a: Spooky\n|-supereffective|p2a: Spooky\n|-damage|p2a: Spooky|0 fnt\n|faint|p2a: Spooky\n|-ability|p1a: Blacephalon|Beast Boost|boost\n|-boost|p1a: Blacephalon|spa|1\n|-damage|p1a: Blacephalon|31\/100|[from] item: Life Orb\n|move|p2b: Grandma|Mortal Spin|p1b: Tornadus|[spread] p1a,p1b\n|-damage|p1a: Blacephalon|19\/100\n|-damage|p1b: Tornadus|0 fnt\n|-status|p1a: Blacephalon|psn\n|faint|p1b: Tornadus\n|\n|-weather|SunnyDay|[upkeep]\n|-damage|p1a: Blacephalon|7\/100 psn|[from] psn\n|upkeep\n|\n|t:|1699285267\n|switch|p1b: Comfey|Comfey, M|100\/100\n|switch|p2a: Mike|Torkoal, F|100\/100\n|-damage|p1b: Comfey|88\/100|[from] Spikes\n|turn|3\n|\n|t:|1699285277\n|move|p1b: Comfey|Floral Healing|p1a: Blacephalon\n|-heal|p1a: Blacephalon|57\/100 psn\n|move|p1a: Blacephalon|Shadow Ball|p2a: Mike\n|-damage|p2a: Mike|0 fnt\n|faint|p2a: Mike\n|-ability|p1a: Blacephalon|Beast Boost|boost\n|-boost|p1a: Blacephalon|spa|1\n|-damage|p1a: Blacephalon|47\/100 psn|[from] item: Life Orb\n|move|p2b: Grandma|Mortal Spin|p1a: Blacephalon|[spread] p1a,p1b\n|-supereffective|p1b: Comfey\n|-crit|p1b: Comfey\n|-damage|p1a: Blacephalon|37\/100 psn\n|-damage|p1b: Comfey|70\/100\n|-status|p1b: Comfey|psn\n|\n|-weather|SunnyDay|[upkeep]\n|-damage|p1a: Blacephalon|25\/100 psn|[from] psn\n|-damage|p1b: Comfey|57\/100 psn|[from] psn\n|upkeep\n|\n|t:|1699285294\n|switch|p2a: Squack|Pelipper, F|100\/100\n|-weather|RainDance|[from] ability: Drizzle|[of] p2a: Squack\n|turn|4\n|\n|t:|1699285302\n|move|p1b: Comfey|Helping Hand|p1a: Blacephalon\n|-singleturn|p1a: Blacephalon|Helping Hand|[of] p1b: Comfey\n|move|p1a: Blacephalon|Mind Blown|p2a: Squack|[spread] p1b,p2a,p2b\n|-resisted|p2a: Squack\n|-resisted|p2b: Grandma\n|-damage|p1b: Comfey|0 fnt\n|-damage|p2a: Squack|0 fnt\n|-damage|p2b: Grandma|0 fnt\n|-damage|p1a: Blacephalon|0 fnt|[from] mindblown\n|faint|p1a: Blacephalon\n|faint|p1b: Comfey\n|faint|p2a: Squack\n|faint|p2b: Grandma\n|\n|-weather|RainDance|[upkeep]\n|upkeep\n|\n|t:|1699285312\n|switch|p1a: Charizard|Charizard, M|100\/100\n|switch|p1b: Gastrodon|Gastrodon, M|100\/100\n|switch|p2a: Squishy|Swampert, F|100\/100\n|-damage|p1b: Gastrodon|88\/100|[from] Spikes\n|turn|5\n|\n|t:|1699285318\n|detailschange|p1a: Charizard|Charizard-Mega-Y, M\n|-mega|p1a: Charizard|Charizard|Charizardite Y\n|-weather|SunnyDay|[from] ability: Drought|[of] p1a: Charizard\n|detailschange|p2a: Squishy|Swampert-Mega, F\n|-mega|p2a: Squishy|Swampert|Swampertite\n|move|p1a: Charizard|Solar Beam||[still]\n|-prepare|p1a: Charizard|Solar Beam\n|-anim|p1a: Charizard|Solar Beam|p2a: Squishy\n|-supereffective|p2a: Squishy\n|-damage|p2a: Squishy|0 fnt\n|faint|p2a: Squishy\n|\n|win|bigdwg123\n|raw|bigdwg123's rating: 1191 &rarr; <strong>1222<\/strong><br \/>(+31 for winning)\n|raw|Lumageist's rating: 1280 &rarr; <strong>1249<\/strong><br \/>(-31 for losing)\n|c|\u2606Lumageist|Gg\n|c|\u2606bigdwg123|gg\n|l|\u2606Lumageist\n","uploadtime":1699285410,"views":5,"p1id":"bigdwg123","p2id":"lumageist","formatid":"gen9nationaldexdoubles","rating":1222,"private":0,"password":""}