{"id":"gen9nationaldexdoubles-1956503114","p1":"ErHecks","p2":"Paldea Athens 420","format":"[Gen 9] National Dex Doubles","log":"|j|\u2606ErHecks\n|j|\u2606Paldea Athens 420\n|t:|1696114571\n|gametype|doubles\n|player|p1|ErHecks|cyclist|1327\n|player|p2|Paldea Athens 420|1|1445\n|teamsize|p1|6\n|teamsize|p2|6\n|gen|9\n|tier|[Gen 9] National Dex Doubles\n|rated|\n|rule|HP Percentage Mod: HP is shown in percentages\n|rule|Endless Battle Clause: Forcing endless battles is banned\n|rule|OHKO Clause: OHKO moves are banned\n|rule|Evasion Moves Clause: Evasion moves are banned\n|rule|Evasion Abilities Clause: Evasion abilities are banned\n|rule|Species Clause: Limit one of each Pok\u00e9mon\n|rule|Gravity Sleep Clause: The combination of sleep-inducing moves with imperfect accuracy and Gravity or Gigantamax Orbeetle are banned\n|clearpoke\n|poke|p1|Torkoal, M|\n|poke|p1|Flutter Mane|\n|poke|p1|Walking Wake|\n|poke|p1|Volcanion|\n|poke|p1|Chien-Pao|\n|poke|p1|Kingambit, M|\n|poke|p2|Kingambit, M|\n|poke|p2|Flutter Mane|\n|poke|p2|Charizard, M|\n|poke|p2|Tornadus, M|\n|poke|p2|Ogerpon-Hearthflame, F|\n|poke|p2|Chien-Pao|\n|teampreview\n|\n|t:|1696114606\n|start\n|switch|p1a: Volcanion|Volcanion|100\/100\n|switch|p1b: Cheems-Pao|Chien-Pao|100\/100\n|switch|p2a: Tornadus|Tornadus, M|100\/100\n|switch|p2b: Ogerpon|Ogerpon-Hearthflame, F|100\/100\n|-ability|p1b: Cheems-Pao|Sword of Ruin\n|-ability|p2b: Ogerpon|Mold Breaker\n|turn|1\n|inactive|Battle timer is ON: inactive players will automatically lose when time's up. (requested by Paldea Athens 420)\n|inactive|ErHecks has 120 seconds left.\n|\n|t:|1696114656\n|move|p2b: Ogerpon|Spiky Shield|p2b: Ogerpon\n|-singleturn|p2b: Ogerpon|move: Protect\n|move|p2a: Tornadus|Tailwind|p2a: Tornadus\n|-sidestart|p2: Paldea Athens 420|move: Tailwind\n|move|p1b: Cheems-Pao|Crunch|p2b: Ogerpon\n|-activate|p2b: Ogerpon|move: Protect\n|-damage|p1b: Cheems-Pao|88\/100|[from] Spiky Shield|[of] p2b: Ogerpon\n|move|p1a: Volcanion|Heat Wave|p2b: Ogerpon|[spread] \n|-activate|p2b: Ogerpon|move: Protect\n|-miss|p1a: Volcanion|p2a: Tornadus\n|\n|upkeep\n|turn|2\n|\n|t:|1696114680\n|move|p2b: Ogerpon|Swords Dance|p2b: Ogerpon\n|-boost|p2b: Ogerpon|atk|2\n|move|p2a: Tornadus|Superpower|p1b: Cheems-Pao\n|-supereffective|p1b: Cheems-Pao\n|-damage|p1b: Cheems-Pao|0 fnt\n|-unboost|p2a: Tornadus|atk|1\n|-unboost|p2a: Tornadus|def|1\n|faint|p1b: Cheems-Pao\n|move|p1a: Volcanion|Heat Wave|p2b: Ogerpon|[spread] p2a,p2b\n|-damage|p2a: Tornadus|78\/100\n|-damage|p2b: Ogerpon|62\/100\n|\n|upkeep\n|inactive|ErHecks has 120 seconds left.\n|\n|t:|1696114703\n|switch|p1b: Pana Zulia|Torkoal, M|100\/100\n|-weather|SunnyDay|[from] ability: Drought|[of] p1b: Pana Zulia\n|turn|3\n|\n|t:|1696114714\n|-terastallize|p2b: Ogerpon|Fire\n|detailschange|p2b: Ogerpon|Ogerpon-Hearthflame-Tera, F, tera:Fire\n|-ability|p2b: Ogerpon|Embody Aspect (Hearthflame)|boost\n|-boost|p2b: Ogerpon|atk|1\n|move|p2b: Ogerpon|Ivy Cudgel|p1b: Pana Zulia\n|-resisted|p1b: Pana Zulia\n|-damage|p1b: Pana Zulia|11\/100\n|move|p2a: Tornadus|Bleakwind Storm|p1a: Volcanion|[spread] p1a,p1b\n|-damage|p1a: Volcanion|76\/100\n|-damage|p1b: Pana Zulia|0 fnt\n|faint|p1b: Pana Zulia\n|move|p1a: Volcanion|Heat Wave|p2a: Tornadus|[spread] p2a,p2b\n|-resisted|p2b: Ogerpon\n|-damage|p2a: Tornadus|39\/100\n|-damage|p2b: Ogerpon|36\/100\n|\n|-weather|SunnyDay|[upkeep]\n|-heal|p1a: Volcanion|82\/100|[from] item: Leftovers\n|upkeep\n|inactive|ErHecks has 120 seconds left.\n|\n|t:|1696114732\n|switch|p1b: Kingambit|Kingambit, M|100\/100\n|-activate|p1b: Kingambit|ability: Supreme Overlord\n|-start|p1b: Kingambit|fallen2|[silent]\n|turn|4\n|\n|t:|1696114741\n|move|p2b: Ogerpon|Spiky Shield|p2b: Ogerpon\n|-singleturn|p2b: Ogerpon|move: Protect\n|move|p1b: Kingambit|Sucker Punch||[still]\n|-fail|p1b: Kingambit\n|move|p2a: Tornadus|Superpower|p1b: Kingambit\n|-supereffective|p1b: Kingambit\n|-damage|p1b: Kingambit|44\/100\n|-unboost|p2a: Tornadus|atk|1\n|-unboost|p2a: Tornadus|def|1\n|move|p1a: Volcanion|Heat Wave|p2b: Ogerpon|[spread] p2a\n|-activate|p2b: Ogerpon|move: Protect\n|-damage|p2a: Tornadus|0 fnt\n|faint|p2a: Tornadus\n|\n|-weather|SunnyDay|[upkeep]\n|-heal|p1a: Volcanion|88\/100|[from] item: Leftovers\n|-sideend|p2: Paldea Athens 420|move: Tailwind\n|upkeep\n|\n|t:|1696114755\n|switch|p2a: Chien-Pao|Chien-Pao|100\/100\n|-ability|p2a: Chien-Pao|Sword of Ruin\n|turn|5\n|\n|t:|1696114763\n|move|p1b: Kingambit|Sucker Punch|p2b: Ogerpon\n|-damage|p2b: Ogerpon|0 fnt\n|faint|p2b: Ogerpon\n|move|p2a: Chien-Pao|Sacred Sword|p1b: Kingambit\n|-supereffective|p1b: Kingambit\n|-damage|p1b: Kingambit|0 fnt\n|faint|p1b: Kingambit\n|-end|p1b: Kingambit|fallen2|[silent]\n|move|p1a: Volcanion|Heat Wave|p2a: Chien-Pao\n|-supereffective|p2a: Chien-Pao\n|-enditem|p2a: Chien-Pao|Focus Sash\n|-damage|p2a: Chien-Pao|1\/100\n|\n|-weather|SunnyDay|[upkeep]\n|-heal|p1a: Volcanion|94\/100|[from] item: Leftovers\n|upkeep\n|\n|t:|1696114779\n|switch|p2b: Charizard|Charizard, M|100\/100\n|switch|p1b: Agua Potable|Walking Wake|100\/100\n|-activate|p1b: Agua Potable|ability: Protosynthesis\n|-start|p1b: Agua Potable|protosynthesisspe\n|turn|6\n|\n|t:|1696114789\n|detailschange|p2b: Charizard|Charizard-Mega-Y, M\n|-mega|p2b: Charizard|Charizard|Charizardite Y\n|move|p2a: Chien-Pao|Protect|p2a: Chien-Pao\n|-singleturn|p2a: Chien-Pao|Protect\n|move|p1b: Agua Potable|Hydro Steam|p2b: Charizard\n|-supereffective|p2b: Charizard\n|-damage|p2b: Charizard|0 fnt\n|faint|p2b: Charizard\n|move|p1a: Volcanion|Heat Wave|p2a: Chien-Pao\n|-activate|p2a: Chien-Pao|move: Protect\n|\n|-weather|SunnyDay|[upkeep]\n|-heal|p1a: Volcanion|100\/100|[from] item: Leftovers\n|upkeep\n|\n|t:|1696114798\n|switch|p2b: Flutter Mane|Flutter Mane|100\/100\n|-activate|p2b: Flutter Mane|ability: Protosynthesis\n|-start|p2b: Flutter Mane|protosynthesisspe\n|turn|7\n|\n|t:|1696114810\n|-terastallize|p1b: Agua Potable|Fire\n|move|p2b: Flutter Mane|Moonblast|p1b: Agua Potable\n|-resisted|p1b: Agua Potable\n|-damage|p1b: Agua Potable|69\/100\n|move|p1b: Agua Potable|Hydro Steam|p2b: Flutter Mane\n|-enditem|p2b: Flutter Mane|Focus Sash\n|-damage|p2b: Flutter Mane|1\/100\n|move|p2a: Chien-Pao|Crunch|p1a: Volcanion\n|-damage|p1a: Volcanion|65\/100\n|move|p1a: Volcanion|Heat Wave|p2a: Chien-Pao|[spread] p2a,p2b\n|-supereffective|p2a: Chien-Pao\n|-damage|p2a: Chien-Pao|0 fnt\n|-damage|p2b: Flutter Mane|0 fnt\n|faint|p2a: Chien-Pao\n|faint|p2b: Flutter Mane\n|-end|p2b: Flutter Mane|Protosynthesis|[silent]\n|\n|-weather|none\n|-end|p1b: Agua Potable|Protosynthesis\n|-heal|p1a: Volcanion|71\/100|[from] item: Leftovers\n|upkeep\n|\n|t:|1696114814\n|switch|p2b: Kingambit|Kingambit, M, shiny|100\/100\n|turn|8\n|\n|t:|1696114836\n|move|p2b: Kingambit|Sucker Punch|p1b: Agua Potable\n|-damage|p1b: Agua Potable|21\/100\n|move|p1b: Agua Potable|Hydro Steam|p2b: Kingambit\n|-damage|p2b: Kingambit|43\/100\n|move|p1a: Volcanion|Heat Wave|p2b: Kingambit\n|-supereffective|p2b: Kingambit\n|-damage|p2b: Kingambit|0 fnt\n|faint|p2b: Kingambit\n|\n|win|ErHecks\n|raw|ErHecks's rating: 1327 &rarr; <strong>1354<\/strong><br \/>(+27 for winning)\n|raw|Paldea Athens 420's rating: 1445 &rarr; <strong>1418<\/strong><br \/>(-27 for losing)\n|l|\u2606Paldea Athens 420\n","uploadtime":1696114852,"views":9,"p1id":"erhecks","p2id":"paldeaathens420","formatid":"gen9nationaldexdoubles","rating":1354,"private":0,"password":""}