{"id":"gen9nationaldexdoubles-1953863791","p1":"icybro12","p2":"dragapult1977","format":"[Gen 9] National Dex Doubles","log":"|j|\u2606icybro12\n|j|\u2606dragapult1977\n|t:|1695834043\n|gametype|doubles\n|player|p1|icybro12|psychic|1139\n|player|p2|dragapult1977|fisherman-gen4|1027\n|teamsize|p1|6\n|teamsize|p2|6\n|gen|9\n|tier|[Gen 9] National Dex Doubles\n|rated|\n|rule|HP Percentage Mod: HP is shown in percentages\n|rule|Endless Battle Clause: Forcing endless battles is banned\n|rule|OHKO Clause: OHKO moves are banned\n|rule|Evasion Moves Clause: Evasion moves are banned\n|rule|Evasion Abilities Clause: Evasion abilities are banned\n|rule|Species Clause: Limit one of each Pok\u00e9mon\n|rule|Gravity Sleep Clause: The combination of sleep-inducing moves with imperfect accuracy and Gravity or Gigantamax Orbeetle are banned\n|clearpoke\n|poke|p1|Regigigas|\n|poke|p1|Alcremie-Rainbow-Swirl, F|\n|poke|p1|Weezing, F|\n|poke|p1|Exploud, M|\n|poke|p1|Ribombee, M|\n|poke|p1|Incineroar, F|\n|poke|p2|Torterra, M|\n|poke|p2|Shiftry, F|\n|poke|p2|Rillaboom, M|\n|poke|p2|Amoonguss, F|\n|poke|p2|Ogerpon-Cornerstone, F|\n|poke|p2|Dipplin, M|\n|teampreview\n|\n|t:|1695834067\n|start\n|switch|p1a: Weezing|Weezing, F|100\/100\n|switch|p1b: Incineroar|Incineroar, F|100\/100\n|switch|p2a: Shiftry|Shiftry, F|100\/100\n|switch|p2b: Rillaboom|Rillaboom, M|100\/100\n|-ability|p1a: Weezing|Neutralizing Gas\n|-item|p1a: Weezing|Air Balloon\n|turn|1\n|\n|t:|1695834114\n|move|p2a: Shiftry|Tailwind|p2a: Shiftry\n|-sidestart|p2: dragapult1977|move: Tailwind\n|move|p2b: Rillaboom|Stomping Tantrum|p1b: Incineroar\n|-supereffective|p1b: Incineroar\n|-damage|p1b: Incineroar|21\/100\n|move|p1a: Weezing|Will-O-Wisp|p2b: Rillaboom\n|-status|p2b: Rillaboom|brn\n|move|p1b: Incineroar|Will-O-Wisp|p2b: Rillaboom\n|-fail|p2b: Rillaboom|brn\n|\n|-heal|p1b: Incineroar|27\/100|[from] item: Leftovers\n|-damage|p2b: Rillaboom|94\/100 brn|[from] brn\n|upkeep\n|turn|2\n|j| dragapult1977fan\n|\n|t:|1695834142\n|switch|p1b: Ribombee|Ribombee, M|100\/100\n|move|p1a: Weezing|Protect|p1a: Weezing\n|-singleturn|p1a: Weezing|Protect\n|move|p2a: Shiftry|Toxic Spikes|p1a: Weezing\n|-sidestart|p1: icybro12|move: Toxic Spikes\n|move|p2b: Rillaboom|Stomping Tantrum|p1b: Ribombee\n|-resisted|p1b: Ribombee\n|-damage|p1b: Ribombee|83\/100\n|\n|-damage|p2b: Rillaboom|88\/100 brn|[from] brn\n|upkeep\n|turn|3\n|\n|t:|1695834161\n|switch|p2a: Amoonguss|Amoonguss, F|100\/100\n|switch|p2b: Dipplin|Dipplin, M|100\/100\n|-end|p1a: Weezing|ability: Neutralizing Gas\n|-ability|p2b: Dipplin|Supersweet Syrup\n|-ability|p2b: Dipplin|Supersweet Syrup|boost\n|-unboost|p1a: Weezing|evasion|1\n|-unboost|p1b: Ribombee|evasion|1\n|switch|p1a: Exploud|Exploud, M|100\/100\n|-status|p1a: Exploud|psn\n|move|p1b: Ribombee|Speed Swap|p1a: Exploud\n|-activate|p1b: Ribombee|move: Speed Swap|[of] p1a: Exploud\n|\n|-damage|p1a: Exploud|88\/100 psn|[from] psn\n|upkeep\n|turn|4\n|c| txwix|yeah ur done\n|c|\u2606dragapult1977|when tf did u jion\n|c| txwix|just now bby girl\n|c| txwix|also ehy are u using the WORST oferpon\n|c|\u2606dragapult1977|you dont know whats ab to happen\n|c| txwix|i fear i do\n|\n|t:|1695834235\n|switch|p2b: Rillaboom|Rillaboom, M|88\/100 brn\n|-fieldstart|move: Grassy Terrain|[from] ability: Grassy Surge|[of] p2b: Rillaboom\n|move|p1a: Exploud|Protect|p1a: Exploud\n|-singleturn|p1a: Exploud|Protect\n|move|p1b: Ribombee|Protect|p1b: Ribombee\n|-singleturn|p1b: Ribombee|Protect\n|move|p2a: Amoonguss|Spore|p1b: Ribombee\n|-activate|p1b: Ribombee|move: Protect\n|\n|-heal|p2b: Rillaboom|94\/100 brn|[from] Grassy Terrain\n|-heal|p1a: Exploud|94\/100 psn|[from] Grassy Terrain\n|-heal|p1b: Ribombee|89\/100|[from] Grassy Terrain\n|-damage|p1a: Exploud|82\/100 psn|[from] psn\n|-damage|p2b: Rillaboom|88\/100 brn|[from] brn\n|-sideend|p2: dragapult1977|move: Tailwind\n|upkeep\n|turn|5\n|c|\u2606dragapult1977|nope\n|c| txwix|both of u playing like monkeys\n|\n|t:|1695834282\n|-terastallize|p1a: Exploud|Normal\n|move|p1b: Ribombee|Helping Hand|p1a: Exploud\n|-singleturn|p1a: Exploud|Helping Hand|[of] p1b: Ribombee\n|move|p1a: Exploud|Boomburst|p2a: Amoonguss|[spread] p1b,p2a,p2b\n|-damage|p1b: Ribombee|0 fnt\n|-damage|p2a: Amoonguss|0 fnt\n|-damage|p2b: Rillaboom|0 fnt\n|faint|p1b: Ribombee\n|faint|p2a: Amoonguss\n|faint|p2b: Rillaboom\n|-damage|p1a: Exploud|72\/100 psn|[from] item: Life Orb\n|\n|-heal|p1a: Exploud|78\/100 psn|[from] Grassy Terrain\n|-damage|p1a: Exploud|66\/100 psn|[from] psn\n|upkeep\n|c|\u2606dragapult1977|the neutralzing gas regi gigas tho !\n|c|\u2606dragapult1977|ok\n|c| txwix|LMAO\n|c|\u2606dragapult1977|i did not see that one coming\n|\n|t:|1695834299\n|switch|p1b: Alcremie|Alcremie-Rainbow-Swirl, F|100\/100\n|switch|p2b: Ogerpon|Ogerpon-Cornerstone, F|100\/100\n|switch|p2a: Shiftry|Shiftry, F|100\/100\n|-status|p1b: Alcremie|psn\n|turn|6\n|c| txwix|im crone\n|c|\u2606dragapult1977|like what is that\n|c| txwix|crine\n|\n|t:|1695834316\n|move|p1a: Exploud|Blizzard|p2a: Shiftry|[spread] p2b\n|-ability|p2a: Shiftry|Wind Rider|boost\n|-boost|p2a: Shiftry|atk|1\n|-supereffective|p2b: Ogerpon\n|-damage|p2b: Ogerpon|18\/100\n|-damage|p1a: Exploud|56\/100 psn|[from] item: Life Orb\n|move|p2b: Ogerpon|Power Whip|p1a: Exploud\n|-damage|p1a: Exploud|0 fnt\n|faint|p1a: Exploud\n|move|p2a: Shiftry|Tailwind|p2a: Shiftry\n|-sidestart|p2: dragapult1977|move: Tailwind\n|-ability|p2a: Shiftry|Wind Rider|boost\n|-boost|p2a: Shiftry|atk|1\n|move|p1b: Alcremie|Dazzling Gleam|p2b: Ogerpon|[spread] p2a,p2b\n|-supereffective|p2a: Shiftry\n|-damage|p2a: Shiftry|33\/100\n|-damage|p2b: Ogerpon|0 fnt\n|faint|p2b: Ogerpon\n|\n|-heal|p2a: Shiftry|39\/100|[from] Grassy Terrain\n|-damage|p1b: Alcremie|88\/100 psn|[from] psn\n|upkeep\n|c| txwix|no litereally\n|c| txwix|OMG UR COOKING\n|c|\u2606dragapult1977|hes not ready for this shiftry sweep\n|c| txwix|nvm\n|\n|t:|1695834339\n|switch|p2b: Torterra|Torterra, M|100\/100\n|switch|p1a: Incineroar|Incineroar, F|27\/100\n|-status|p1a: Incineroar|psn\n|-ability|p1a: Incineroar|Intimidate|boost\n|-unboost|p2a: Shiftry|atk|1\n|-unboost|p2b: Torterra|atk|1\n|turn|7\n|c|\u2606dragapult1977|dw hes out now\n|\n|t:|1695834353\n|move|p1a: Incineroar|Protect|p1a: Incineroar\n|-singleturn|p1a: Incineroar|Protect\n|move|p2a: Shiftry|Leaf Blade|p1b: Alcremie\n|-damage|p1b: Alcremie|19\/100 psn\n|move|p2b: Torterra|Shell Smash|p2b: Torterra\n|-unboost|p2b: Torterra|def|1\n|-unboost|p2b: Torterra|spd|1\n|-boost|p2b: Torterra|atk|2\n|-boost|p2b: Torterra|spa|2\n|-boost|p2b: Torterra|spe|2\n|move|p1b: Alcremie|Misty Explosion|p2a: Shiftry|[spread] p2a,p2b\n|-activate|p1a: Incineroar|move: Protect\n|-supereffective|p2a: Shiftry\n|-crit|p2a: Shiftry\n|-damage|p2a: Shiftry|0 fnt\n|-damage|p2b: Torterra|52\/100\n|faint|p1b: Alcremie\n|faint|p2a: Shiftry\n|\n|-heal|p2b: Torterra|58\/100|[from] Grassy Terrain\n|-heal|p1a: Incineroar|33\/100 psn|[from] Grassy Terrain\n|-heal|p1a: Incineroar|39\/100 psn|[from] item: Leftovers\n|-damage|p1a: Incineroar|27\/100 psn|[from] psn\n|upkeep\n|c|\u2606dragapult1977|all part of the plan\n|c|\u2606dragapult1977|BRO WHAT IS THIS\n|c| txwix|\ud83d\ude2d\ud83d\ude2d\ud83d\ude2d\n|\n|t:|1695834373\n|switch|p2a: Dipplin|Dipplin, M|100\/100\n|switch|p1b: Weezing|Weezing, F|100\/100\n|-ability|p1b: Weezing|Neutralizing Gas\n|-item|p1b: Weezing|Air Balloon\n|turn|8\n|c|\u2606dragapult1977|LOW LADDER SCARES ME\n|\n|t:|1695834384\n|move|p2b: Torterra|Rock Blast|p1a: Incineroar|[miss]\n|-miss|p2b: Torterra|p1a: Incineroar\n|move|p2a: Dipplin|Pollen Puff|p2b: Torterra\n|-heal|p2b: Torterra|100\/100\n|move|p1a: Incineroar|Parting Shot|p2b: Torterra\n|-unboost|p2b: Torterra|atk|1\n|-unboost|p2b: Torterra|spa|1\n|c|\u2606dragapult1977|OFC\n|c|\u2606dragapult1977|LMFAO\n|\n|t:|1695834391\n|switch|p1a: Regigigas|Regigigas|100\/100|[from] Parting Shot\n|-status|p1a: Regigigas|psn\n|move|p1b: Weezing|Will-O-Wisp|p2b: Torterra\n|-status|p2b: Torterra|brn\n|\n|-damage|p1a: Regigigas|88\/100 psn|[from] psn\n|-damage|p2b: Torterra|94\/100 brn|[from] brn\n|-fieldend|move: Grassy Terrain\n|upkeep\n|turn|9\n|c| txwix|im cruing\n|c|\u2606dragapult1977|dude\n|c|\u2606dragapult1977|why is this\n|\n|t:|1695834411\n|-end|p1b: Weezing|ability: Neutralizing Gas\n|-start|p1a: Regigigas|ability: Slow Start\n|switch|p1b: Incineroar|Incineroar, F|27\/100 psn\n|-ability|p1b: Incineroar|Intimidate|boost\n|-unboost|p2a: Dipplin|atk|1\n|-unboost|p2b: Torterra|atk|1\n|move|p2b: Torterra|Giga Drain|p1a: Regigigas\n|-damage|p1a: Regigigas|58\/100 psn\n|-heal|p2b: Torterra|100\/100 brn|[from] drain|[of] p1a: Regigigas\n|move|p2a: Dipplin|Syrup Bomb|p1a: Regigigas\n|-damage|p1a: Regigigas|42\/100 psn\n|-start|p1a: Regigigas|Syrup Bomb\n|move|p1a: Regigigas|Earthquake|p2b: Torterra|[spread] p1b,p2a,p2b\n|-supereffective|p1b: Incineroar\n|-crit|p1b: Incineroar\n|-resisted|p2a: Dipplin\n|-resisted|p2b: Torterra\n|-damage|p1b: Incineroar|0 fnt\n|-damage|p2a: Dipplin|97\/100\n|-damage|p2b: Torterra|87\/100 brn\n|faint|p1b: Incineroar\n|\n|-heal|p1a: Regigigas|49\/100 psn|[from] item: Leftovers\n|-damage|p1a: Regigigas|36\/100 psn|[from] psn\n|-damage|p2b: Torterra|81\/100 brn|[from] brn\n|-unboost|p1a: Regigigas|spe|1\n|-sideend|p2: dragapult1977|move: Tailwind\n|upkeep\n|c|\u2606dragapult1977|LMFAO WHAT\n|c|\u2606dragapult1977|??\n|c| txwix|YOU SUCK\n|\n|t:|1695834419\n|switch|p1b: Weezing|Weezing, F|100\/100\n|-ability|p1b: Weezing|Neutralizing Gas\n|-end|p1a: Regigigas|Slow Start|[silent]\n|-item|p1b: Weezing|Air Balloon\n|turn|10\n|c|\u2606dragapult1977|WHY DID HE TAKE OFF THE NEUTRALZING\n|c|\u2606dragapult1977|AND THEN EQ\n|c|\u2606dragapult1977|IM SO LOST\n|c| txwix|well\n|c| txwix|atleast u won\n|c| txwix|wait nvm\n|\n|t:|1695834447\n|move|p2b: Torterra|Giga Drain|p1a: Regigigas\n|-damage|p1a: Regigigas|5\/100 psn\n|-heal|p2b: Torterra|100\/100 brn|[from] drain|[of] p1a: Regigigas\n|move|p1a: Regigigas|Earthquake|p2a: Dipplin|[spread] p2a,p2b\n|-immune|p1b: Weezing\n|-resisted|p2a: Dipplin\n|-resisted|p2b: Torterra\n|-damage|p2a: Dipplin|90\/100\n|-damage|p2b: Torterra|71\/100 brn\n|move|p1b: Weezing|Pain Split|p1a: Regigigas\n|-sethp|p1a: Regigigas|42\/100 psn|[from] move: Pain Split|[silent]\n|-sethp|p1b: Weezing|53\/100|[from] move: Pain Split\n|move|p2a: Dipplin|Pollen Puff|p1a: Regigigas\n|-damage|p1a: Regigigas|29\/100 psn\n|\n|-heal|p1a: Regigigas|35\/100 psn|[from] item: Leftovers\n|-damage|p1a: Regigigas|22\/100 psn|[from] psn\n|-damage|p2b: Torterra|65\/100 brn|[from] brn\n|-unboost|p1a: Regigigas|spe|1\n|upkeep\n|turn|11\n|c| txwix|my bad girly\n|c|\u2606dragapult1977|HE PAIN SPLIUT HIS OWN MON\n|c|\u2606dragapult1977|THE STRAT\n|c|\u2606icybro12|cmon man I wonted to show that off\n|c|\u2606dragapult1977|this is the worst thing ive ever seen\n|\n|t:|1695834480\n|move|p2b: Torterra|Giga Drain|p1a: Regigigas\n|-damage|p1a: Regigigas|0 fnt\n|-heal|p2b: Torterra|78\/100 brn|[from] drain|[of] p1a: Regigigas\n|faint|p1a: Regigigas\n|-end|p1a: Regigigas|Slow Start|[silent]\n|move|p1b: Weezing|Pain Split|p1: Regigigas|[notarget]\n|-fail|p1b: Weezing\n|move|p2a: Dipplin|Pollen Puff|p2b: Torterra\n|-heal|p2b: Torterra|100\/100 brn\n|\n|-damage|p2b: Torterra|94\/100 brn|[from] brn\n|upkeep\n|turn|12\n|c| txwix|niga drain\n|c|\u2606icybro12|but I coulden't winn this match up anyway\n|\n|t:|1695834504\n|move|p2b: Torterra|Headlong Rush|p1b: Weezing\n|-immune|p1b: Weezing\n|move|p1b: Weezing|Pain Split|p2a: Dipplin\n|-sethp|p2a: Dipplin|69\/100|[from] move: Pain Split|[silent]\n|-sethp|p1b: Weezing|75\/100|[from] move: Pain Split\n|move|p2a: Dipplin|Draco Meteor|p1b: Weezing\n|-damage|p1b: Weezing|34\/100\n|-unboost|p2a: Dipplin|spa|2\n|-enditem|p1b: Weezing|Air Balloon\n|\n|-damage|p2b: Torterra|88\/100 brn|[from] brn\n|upkeep\n|turn|13\n|c|\u2606dragapult1977|bro im mono grass in doubles\n|c|\u2606dragapult1977|its not good\n|\n|t:|1695834524\n|move|p2b: Torterra|Giga Drain|p1b: Weezing\n|-resisted|p1b: Weezing\n|-damage|p1b: Weezing|15\/100\n|-heal|p2b: Torterra|98\/100 brn|[from] drain|[of] p1b: Weezing\n|move|p1b: Weezing|Pain Split|p2b: Torterra\n|-sethp|p2b: Torterra|56\/100 brn|[from] move: Pain Split|[silent]\n|-sethp|p1b: Weezing|56\/100|[from] move: Pain Split\n|move|p2a: Dipplin|Draco Meteor|p1b: Weezing\n|-damage|p1b: Weezing|36\/100\n|-unboost|p2a: Dipplin|spa|2\n|\n|-damage|p2b: Torterra|50\/100 brn|[from] brn\n|upkeep\n|turn|14\n|c| txwix|this is sad\n|c|\u2606dragapult1977|no i think i lost\n|\n|t:|1695834542\n|move|p2b: Torterra|Giga Drain|p1b: Weezing\n|-resisted|p1b: Weezing\n|-damage|p1b: Weezing|18\/100\n|-heal|p2b: Torterra|59\/100 brn|[from] drain|[of] p1b: Weezing\n|move|p1b: Weezing|Pain Split|p2a: Dipplin\n|-sethp|p2a: Dipplin|43\/100|[from] move: Pain Split|[silent]\n|-sethp|p1b: Weezing|47\/100|[from] move: Pain Split\n|move|p2a: Dipplin|Pollen Puff|p2b: Torterra\n|-heal|p2b: Torterra|100\/100 brn\n|\n|-damage|p2b: Torterra|94\/100 brn|[from] brn\n|upkeep\n|turn|15\n|c| txwix|just shell smash again omfg\n|c|\u2606dragapult1977|nah i win this in style\n|c| txwix|lmae\n|c| txwix|lame\n|\n|t:|1695834564\n|move|p2b: Torterra|Shell Smash|p2b: Torterra\n|-unboost|p2b: Torterra|def|1\n|-unboost|p2b: Torterra|spd|1\n|-boost|p2b: Torterra|atk|2\n|-boost|p2b: Torterra|spa|2\n|-boost|p2b: Torterra|spe|2\n|move|p1b: Weezing|Pain Split|p2b: Torterra\n|-sethp|p2b: Torterra|71\/100 brn|[from] move: Pain Split|[silent]\n|-sethp|p1b: Weezing|70\/100|[from] move: Pain Split\n|move|p2a: Dipplin|Pollen Puff|p2b: Torterra\n|-heal|p2b: Torterra|100\/100 brn\n|\n|-damage|p2b: Torterra|94\/100 brn|[from] brn\n|upkeep\n|turn|16\n|\n|t:|1695834580\n|move|p1b: Weezing|Protect|p1b: Weezing\n|-singleturn|p1b: Weezing|Protect\n|move|p2b: Torterra|Giga Drain|p1b: Weezing\n|-activate|p1b: Weezing|move: Protect\n|move|p2a: Dipplin|Syrup Bomb|p1b: Weezing\n|-activate|p1b: Weezing|move: Protect\n|\n|-damage|p2b: Torterra|88\/100 brn|[from] brn\n|upkeep\n|turn|17\n|c| txwix|ZZZZZZ\n|c|\u2606dragapult1977|LMFAO\n|c|\u2606dragapult1977|WHY\n|c|\u2606dragapult1977|JUST FF BRO\n|c|\u2606icybro12|nah\n|c| txwix|CAN YOU HURRY\n|c|\u2606dragapult1977|sigh\n|\n|t:|1695834594\n|move|p2b: Torterra|Giga Drain|p1b: Weezing\n|-resisted|p1b: Weezing\n|-damage|p1b: Weezing|38\/100\n|-heal|p2b: Torterra|100\/100 brn|[from] drain|[of] p1b: Weezing\n|move|p1b: Weezing|Pain Split|p2b: Torterra\n|-sethp|p2b: Torterra|69\/100 brn|[from] move: Pain Split|[silent]\n|-sethp|p1b: Weezing|69\/100|[from] move: Pain Split\n|move|p2a: Dipplin|Syrup Bomb|p1b: Weezing\n|-resisted|p1b: Weezing\n|-damage|p1b: Weezing|66\/100\n|-start|p1b: Weezing|Syrup Bomb\n|\n|-damage|p2b: Torterra|63\/100 brn|[from] brn\n|-unboost|p1b: Weezing|spe|1\n|upkeep\n|turn|18\n|c| txwix|why is icy being such an opp\n|\n|t:|1695834608\n|move|p1b: Weezing|Protect|p1b: Weezing\n|-singleturn|p1b: Weezing|Protect\n|move|p2b: Torterra|Shell Smash|p2b: Torterra\n|-unboost|p2b: Torterra|def|1\n|-unboost|p2b: Torterra|spd|1\n|-boost|p2b: Torterra|atk|2\n|-boost|p2b: Torterra|spa|2\n|-boost|p2b: Torterra|spe|2\n|move|p2a: Dipplin|Pollen Puff|p2b: Torterra\n|-heal|p2b: Torterra|100\/100 brn\n|\n|-damage|p2b: Torterra|94\/100 brn|[from] brn\n|-unboost|p1b: Weezing|spe|1\n|upkeep\n|turn|19\n|c|\u2606dragapult1977|like ur so free\n|\n|t:|1695834622\n|move|p2b: Torterra|Giga Drain|p1b: Weezing\n|-resisted|p1b: Weezing\n|-damage|p1b: Weezing|22\/100\n|-heal|p2b: Torterra|100\/100 brn|[from] drain|[of] p1b: Weezing\n|move|p2a: Dipplin|Pollen Puff|p2b: Torterra\n|-immune|p2b: Torterra\n|move|p1b: Weezing|Pain Split|p2b: Torterra\n|-sethp|p2b: Torterra|61\/100 brn|[from] move: Pain Split|[silent]\n|-sethp|p1b: Weezing|61\/100|[from] move: Pain Split\n|\n|-damage|p2b: Torterra|55\/100 brn|[from] brn\n|-end|p1b: Weezing|Syrup Bomb\n|upkeep\n|turn|20\n|c|\u2606icybro12|crazy for someone who hasn't won yet\n|c|\u2606dragapult1977|broi\n|c|\u2606icybro12|when head long would already ko\n|c|\u2606icybro12|2 turns ago\n|\n|t:|1695834648\n|move|p2b: Torterra|Shell Smash|p2b: Torterra\n|-unboost|p2b: Torterra|def|1\n|-unboost|p2b: Torterra|spd|1\n|-boost|p2b: Torterra|atk|2\n|-boost|p2b: Torterra|spa|1\n|-boost|p2b: Torterra|spe|0\n|move|p2a: Dipplin|Pollen Puff|p2b: Torterra\n|-heal|p2b: Torterra|100\/100 brn\n|move|p1b: Weezing|Pain Split|p2b: Torterra\n|-sethp|p2b: Torterra|81\/100 brn|[from] move: Pain Split|[silent]\n|-sethp|p1b: Weezing|80\/100|[from] move: Pain Split\n|\n|-damage|p2b: Torterra|75\/100 brn|[from] brn\n|upkeep\n|turn|21\n|c|\u2606dragapult1977|bro my headlong has ab 3 power\n|c| txwix|zzzz\n|\n|t:|1695834673\n|move|p2a: Dipplin|Protect|p2a: Dipplin\n|-singleturn|p2a: Dipplin|Protect\n|move|p2b: Torterra|Giga Drain|p1b: Weezing\n|-resisted|p1b: Weezing\n|-damage|p1b: Weezing|33\/100\n|-heal|p2b: Torterra|99\/100 brn|[from] drain|[of] p1b: Weezing\n|move|p1b: Weezing|Taunt|p2b: Torterra\n|-start|p2b: Torterra|move: Taunt\n|\n|-damage|p2b: Torterra|93\/100 brn|[from] brn\n|upkeep\n|turn|22\n|c|\u2606dragapult1977|to ez ong\n|\n|t:|1695834687\n|move|p2b: Torterra|Headlong Rush|p1b: Weezing\n|-supereffective|p1b: Weezing\n|-damage|p1b: Weezing|0 fnt\n|-unboost|p2b: Torterra|def|1\n|-unboost|p2b: Torterra|spd|1\n|faint|p1b: Weezing\n|-end|p1b: Weezing|ability: Neutralizing Gas\n|\n|win|dragapult1977\n|raw|icybro12's rating: 1139 &rarr; <strong>1106<\/strong><br \/>(-33 for losing)\n|raw|dragapult1977's rating: 1027 &rarr; <strong>1074<\/strong><br \/>(+47 for winning)\n|c| txwix|well\n|c|\u2606icybro12|ur 127\n|c|\u2606dragapult1977|eyeroll\n|c| txwix|LMAO\n|c|\u2606icybro12|1027*\n|c|\u2606dragapult1977|i made this acc today ??\n|c| txwix|LMAOOOOOO\n|c| txwix|end him\n|c|\u2606icybro12|sureeeeeeeeeeee\n|c|\u2606dragapult1977|i did ??\n|c| txwix|GET HIS ASS ICY\n|c|\u2606dragapult1977|and its even worse you lost to a suppoeed 1027\n|c|\u2606dragapult1977|supposed\n|c|\u2606icybro12|sure\n|c|\u2606dragapult1977|???\n|c| txwix|nah icy ended u\n|c|\u2606dragapult1977|nah shut up tx\n|c| txwix|ahh u mad\n|c|\u2606dragapult1977|no im mad i just got called 1027\n|l|\u2606icybro12\n|c| txwix|icy ended u so hard \ud83d\ude2d\n|c|\u2606dragapult1977|LMAO SHUT UP\n","uploadtime":1695834753,"views":10,"p1id":"icybro12","p2id":"dragapult1977","formatid":"gen9nationaldexdoubles","rating":1074,"private":0,"password":""}