{"id":"gen9nationaldexdoubles-1987975455","p1":"LightBlade35","p2":"Xalvadore","format":"[Gen 9] National Dex Doubles","log":"|j|\u2606LightBlade35\n|j|\u2606Xalvadore\n|t:|1699654982\n|gametype|doubles\n|player|p1|LightBlade35|grimsley|1342\n|player|p2|Xalvadore|102|1413\n|teamsize|p1|6\n|teamsize|p2|6\n|gen|9\n|tier|[Gen 9] National Dex Doubles\n|rated|\n|rule|HP Percentage Mod: HP is shown in percentages\n|rule|Endless Battle Clause: Forcing endless battles is banned\n|rule|OHKO Clause: OHKO moves are banned\n|rule|Evasion Moves Clause: Evasion moves are banned\n|rule|Evasion Abilities Clause: Evasion abilities are banned\n|rule|Species Clause: Limit one of each Pok\u00e9mon\n|rule|Gravity Sleep Clause: The combination of sleep-inducing moves with imperfect accuracy and Gravity or Gigantamax Orbeetle are banned\n|clearpoke\n|poke|p1|Gyarados, F|\n|poke|p1|Kommo-o, F|\n|poke|p1|Ninetales-Alola, F|\n|poke|p1|Volcarona, F|\n|poke|p1|Tapu Lele|\n|poke|p1|Swoobat, F|\n|poke|p2|Tyranitar, F|\n|poke|p2|Gastrodon, F|\n|poke|p2|Excadrill, F|\n|poke|p2|Zapdos|\n|poke|p2|Latias, F|\n|poke|p2|Hitmontop, M|\n|teampreview\n|\n|t:|1699654999\n|start\n|switch|p1a: Tapu Lele|Tapu Lele|100\/100\n|switch|p1b: Swoobat|Swoobat, F|100\/100\n|switch|p2a: Latias|Latias, F|100\/100\n|switch|p2b: Hitmontop|Hitmontop, M|100\/100\n|-fieldstart|move: Psychic Terrain|[from] ability: Psychic Surge|[of] p1a: Tapu Lele\n|-enditem|p1a: Tapu Lele|Psychic Seed\n|-boost|p1a: Tapu Lele|spd|1|[from] item: Psychic Seed\n|-ability|p2b: Hitmontop|Intimidate|boost\n|-unboost|p1a: Tapu Lele|atk|1\n|-unboost|p1b: Swoobat|atk|1\n|turn|1\n|\n|t:|1699655027\n|move|p2b: Hitmontop|Wide Guard|p2b: Hitmontop\n|-singleturn|p2b: Hitmontop|Wide Guard\n|move|p1b: Swoobat|Tailwind|p1b: Swoobat\n|-sidestart|p1: LightBlade35|move: Tailwind\n|move|p1a: Tapu Lele|Dazzling Gleam|p2a: Latias|[spread] \n|-activate|p2a: Latias|move: Wide Guard\n|-activate|p2b: Hitmontop|move: Wide Guard\n|move|p2a: Latias|Tailwind|p2a: Latias\n|-sidestart|p2: Xalvadore|move: Tailwind\n|\n|upkeep\n|turn|2\n|\n|t:|1699655055\n|switch|p2a: Excadrill|Excadrill, F|100\/100\n|switch|p2b: Tyranitar|Tyranitar, F|100\/100\n|-weather|Sandstorm|[from] ability: Sand Stream|[of] p2b: Tyranitar\n|move|p1b: Swoobat|Taunt|p2a: Excadrill\n|-start|p2a: Excadrill|move: Taunt\n|move|p1a: Tapu Lele|Psychic|p2b: Tyranitar\n|-immune|p2b: Tyranitar\n|\n|-weather|Sandstorm|[upkeep]\n|-damage|p1b: Swoobat|94\/100|[from] Sandstorm\n|-damage|p1a: Tapu Lele|94\/100|[from] Sandstorm\n|-heal|p1b: Swoobat|100\/100|[from] item: Leftovers\n|upkeep\n|turn|3\n|\n|t:|1699655077\n|-zpower|p2a: Excadrill\n|move|p2a: Excadrill|Tectonic Rage|p1a: Tapu Lele|[zeffect]\n|-damage|p1a: Tapu Lele|0 fnt\n|faint|p1a: Tapu Lele\n|move|p1b: Swoobat|Air Slash|p2a: Excadrill\n|-resisted|p2a: Excadrill\n|-damage|p2a: Excadrill|88\/100\n|move|p2b: Tyranitar|Rock Slide|p1b: Swoobat\n|-supereffective|p1b: Swoobat\n|-damage|p1b: Swoobat|0 fnt\n|faint|p1b: Swoobat\n|\n|-weather|Sandstorm|[upkeep]\n|upkeep\n|\n|t:|1699655089\n|switch|p1b: Gyarados|Gyarados, F|100\/100\n|switch|p1a: Kommo-o|Kommo-o, F, shiny|100\/100\n|-ability|p1b: Gyarados|Intimidate|boost\n|-unboost|p2a: Excadrill|atk|1\n|-unboost|p2b: Tyranitar|atk|1\n|turn|4\n|\n|t:|1699655098\n|detailschange|p1b: Gyarados|Gyarados-Mega, F\n|-mega|p1b: Gyarados|Gyarados|Gyaradosite\n|-ability|p1b: Gyarados|Mold Breaker\n|move|p2a: Excadrill|Rock Slide|p1b: Gyarados|[spread] p1a,p1b\n|-resisted|p1a: Kommo-o\n|-crit|p1a: Kommo-o\n|-damage|p1a: Kommo-o|84\/100\n|-damage|p1b: Gyarados|85\/100\n|-zpower|p1a: Kommo-o\n|move|p1a: Kommo-o|Clangorous Soulblaze|p2b: Tyranitar|[zeffect]|[spread] p2a,p2b\n|-resisted|p2a: Excadrill\n|-damage|p2a: Excadrill|50\/100\n|-damage|p2b: Tyranitar|71\/100\n|-boost|p1a: Kommo-o|atk|1\n|-boost|p1a: Kommo-o|def|1\n|-boost|p1a: Kommo-o|spa|1\n|-boost|p1a: Kommo-o|spd|1\n|-boost|p1a: Kommo-o|spe|1\n|move|p1b: Gyarados|Waterfall|p2a: Excadrill\n|-supereffective|p2a: Excadrill\n|-damage|p2a: Excadrill|0 fnt\n|faint|p2a: Excadrill\n|move|p2b: Tyranitar|Rock Slide|p1b: Gyarados|[spread] p1a,p1b\n|-resisted|p1a: Kommo-o\n|-damage|p1a: Kommo-o|77\/100\n|-damage|p1b: Gyarados|67\/100\n|\n|-weather|Sandstorm|[upkeep]\n|-damage|p1a: Kommo-o|71\/100|[from] Sandstorm\n|-damage|p1b: Gyarados|61\/100|[from] Sandstorm\n|-sideend|p2: Xalvadore|move: Tailwind\n|-sideend|p1: LightBlade35|move: Tailwind\n|upkeep\n|\n|t:|1699655125\n|switch|p2a: Gastrodon|Gastrodon, F|100\/100\n|turn|5\n|\n|t:|1699655136\n|move|p2b: Tyranitar|Protect|p2b: Tyranitar\n|-singleturn|p2b: Tyranitar|Protect\n|move|p1a: Kommo-o|Clangorous Soul|p1a: Kommo-o\n|-boost|p1a: Kommo-o|atk|1\n|-boost|p1a: Kommo-o|def|1\n|-boost|p1a: Kommo-o|spa|1\n|-boost|p1a: Kommo-o|spd|1\n|-boost|p1a: Kommo-o|spe|1\n|-damage|p1a: Kommo-o|38\/100\n|move|p1b: Gyarados|Crunch|p2a: Gastrodon\n|-damage|p2a: Gastrodon|62\/100\n|move|p2a: Gastrodon|Toxic|p1a: Kommo-o\n|-status|p1a: Kommo-o|tox\n|\n|-weather|Sandstorm|[upkeep]\n|-damage|p1a: Kommo-o|32\/100 tox|[from] Sandstorm\n|-damage|p1b: Gyarados|55\/100|[from] Sandstorm\n|-damage|p1a: Kommo-o|26\/100 tox|[from] psn\n|-fieldend|move: Psychic Terrain\n|upkeep\n|turn|6\n|\n|t:|1699655157\n|move|p1a: Kommo-o|Aura Sphere|p2b: Tyranitar\n|-supereffective|p2b: Tyranitar\n|-enditem|p2b: Tyranitar|Chople Berry|[eat]\n|-enditem|p2b: Tyranitar|Chople Berry|[weaken]\n|-damage|p2b: Tyranitar|8\/100\n|move|p1b: Gyarados|Crunch|p2a: Gastrodon\n|-damage|p2a: Gastrodon|22\/100\n|-enditem|p2a: Gastrodon|Sitrus Berry|[eat]\n|-heal|p2a: Gastrodon|47\/100|[from] item: Sitrus Berry\n|move|p2b: Tyranitar|Rock Slide|p1a: Kommo-o|[spread] p1a,p1b\n|-resisted|p1a: Kommo-o\n|-damage|p1a: Kommo-o|21\/100 tox\n|-damage|p1b: Gyarados|36\/100\n|move|p2a: Gastrodon|Earth Power|p1b: Gyarados\n|-damage|p1b: Gyarados|13\/100\n|\n|-weather|none\n|-damage|p1a: Kommo-o|9\/100 tox|[from] psn\n|upkeep\n|turn|7\n|\n|t:|1699655179\n|move|p2b: Tyranitar|Protect|p2b: Tyranitar\n|-singleturn|p2b: Tyranitar|Protect\n|move|p1a: Kommo-o|Clanging Scales|p2a: Gastrodon|[spread] p2a\n|-activate|p2b: Tyranitar|move: Protect\n|-damage|p2a: Gastrodon|0 fnt\n|faint|p2a: Gastrodon\n|-unboost|p1a: Kommo-o|def|1\n|move|p1b: Gyarados|Dragon Dance|p1b: Gyarados\n|-boost|p1b: Gyarados|atk|1\n|-boost|p1b: Gyarados|spe|1\n|\n|-damage|p1a: Kommo-o|0 fnt|[from] psn\n|faint|p1a: Kommo-o\n|upkeep\n|\n|t:|1699655192\n|switch|p1a: Ninetales|Ninetales-Alola, F|100\/100\n|switch|p2a: Hitmontop|Hitmontop, M|100\/100\n|-weather|Snow|[from] ability: Snow Warning|[of] p1a: Ninetales\n|-ability|p2a: Hitmontop|Intimidate|boost\n|-unboost|p1a: Ninetales|atk|1\n|-unboost|p1b: Gyarados|atk|1\n|turn|8\n|inactive|Battle timer is ON: inactive players will automatically lose when time's up. (requested by Xalvadore)\n|\n|t:|1699655288\n|move|p2a: Hitmontop|Fake Out|p1b: Gyarados\n|-damage|p1b: Gyarados|4\/100\n|cant|p1b: Gyarados|flinch\n|move|p1a: Ninetales|Blizzard|p2a: Hitmontop|[spread] p2a,p2b\n|-crit|p2a: Hitmontop\n|-damage|p2a: Hitmontop|61\/100\n|-damage|p2b: Tyranitar|0 fnt\n|faint|p2b: Tyranitar\n|\n|-weather|Snow|[upkeep]\n|upkeep\n|\n|t:|1699655298\n|switch|p2b: Zapdos|Zapdos|100\/100\n|-ability|p2b: Zapdos|Pressure\n|turn|9\n|\n|t:|1699655315\n|move|p2a: Hitmontop|Wide Guard|p2a: Hitmontop\n|-singleturn|p2a: Hitmontop|Wide Guard\n|move|p1b: Gyarados|Crunch|p2b: Zapdos\n|-damage|p2b: Zapdos|40\/100\n|-enditem|p2b: Zapdos|Sitrus Berry|[eat]\n|-heal|p2b: Zapdos|65\/100|[from] item: Sitrus Berry\n|move|p1a: Ninetales|Blizzard|p2a: Hitmontop|[spread] \n|-activate|p2a: Hitmontop|move: Wide Guard\n|-activate|p2b: Zapdos|move: Wide Guard\n|move|p2b: Zapdos|Discharge|p1a: Ninetales|[spread] p1a,p1b\n|-activate|p2a: Hitmontop|move: Wide Guard\n|-supereffective|p1b: Gyarados\n|-damage|p1a: Ninetales|64\/100\n|-damage|p1b: Gyarados|0 fnt\n|faint|p1b: Gyarados\n|\n|-weather|Snow|[upkeep]\n|upkeep\n|\n|t:|1699655323\n|switch|p1b: Volcarona|Volcarona, F|100\/100\n|turn|10\n|\n|t:|1699655344\n|move|p1a: Ninetales|Blizzard|p2a: Hitmontop|[spread] p2a,p2b\n|-supereffective|p2b: Zapdos\n|-damage|p2a: Hitmontop|36\/100\n|-damage|p2b: Zapdos|2\/100\n|-enditem|p2a: Hitmontop|Sitrus Berry|[eat]\n|-heal|p2a: Hitmontop|61\/100|[from] item: Sitrus Berry\n|move|p1b: Volcarona|Quiver Dance|p1b: Volcarona\n|-boost|p1b: Volcarona|spa|1\n|-boost|p1b: Volcarona|spd|1\n|-boost|p1b: Volcarona|spe|1\n|move|p2b: Zapdos|Discharge|p1a: Ninetales|[spread] p2a,p1a,p1b\n|-damage|p2a: Hitmontop|36\/100\n|-damage|p1a: Ninetales|28\/100\n|-damage|p1b: Volcarona|79\/100\n|-status|p2a: Hitmontop|par\n|cant|p2a: Hitmontop|par\n|\n|-weather|Snow|[upkeep]\n|upkeep\n|turn|11\n|\n|t:|1699655364\n|-terastallize|p1b: Volcarona|Fire\n|move|p2a: Hitmontop|Mach Punch|p1a: Ninetales\n|-damage|p1a: Ninetales|15\/100\n|move|p1b: Volcarona|Heat Wave|p2b: Zapdos|[spread] p2a,p2b\n|-crit|p2a: Hitmontop\n|-damage|p2a: Hitmontop|0 fnt\n|-damage|p2b: Zapdos|0 fnt\n|faint|p2a: Hitmontop\n|faint|p2b: Zapdos\n|move|p1a: Ninetales|Aurora Veil|p1a: Ninetales\n|-sidestart|p1: LightBlade35|move: Aurora Veil\n|\n|-weather|Snow|[upkeep]\n|upkeep\n|inactive|Xalvadore has 120 seconds left.\n|\n|t:|1699655392\n|switch|p2a: Latias|Latias, F|100\/100\n|turn|12\n|\n|t:|1699655399\n|move|p1b: Volcarona|Bug Buzz|p2a: Latias\n|-supereffective|p2a: Latias\n|-damage|p2a: Latias|0 fnt\n|faint|p2a: Latias\n|\n|win|LightBlade35\n|raw|LightBlade35's rating: 1342 &rarr; <strong>1366<\/strong><br \/>(+24 for winning)\n|raw|Xalvadore's rating: 1413 &rarr; <strong>1389<\/strong><br \/>(-24 for losing)\n|c|\u2606Xalvadore|gg\n|l|\u2606LightBlade35\n","uploadtime":1699655408,"views":6,"p1id":"lightblade35","p2id":"xalvadore","formatid":"gen9nationaldexdoubles","rating":1366,"private":0,"password":""}