{"id":"gen9nationaldexdoubles-1950911271","p1":"Yveltak","p2":"Gamer00ooO","format":"[Gen 9] National Dex Doubles","log":"|j|\u2606Yveltak\n|j|\u2606Gamer00ooO\n|t:|1695518646\n|gametype|doubles\n|player|p1|Yveltak|hugh|\n|player|p2|Gamer00ooO|170|\n|teamsize|p1|6\n|teamsize|p2|6\n|gen|9\n|tier|[Gen 9] National Dex Doubles\n|rule|HP Percentage Mod: HP is shown in percentages\n|rule|Endless Battle Clause: Forcing endless battles is banned\n|rule|OHKO Clause: OHKO moves are banned\n|rule|Evasion Moves Clause: Evasion moves are banned\n|rule|Evasion Abilities Clause: Evasion abilities are banned\n|rule|Species Clause: Limit one of each Pok\u00e9mon\n|rule|Gravity Sleep Clause: The combination of sleep-inducing moves with imperfect accuracy and Gravity or Gigantamax Orbeetle are banned\n|clearpoke\n|poke|p1|Iron Hands|\n|poke|p1|Tapu Koko|\n|poke|p1|Manectric, M|\n|poke|p1|Raichu-Alola, M|\n|poke|p1|Zapdos|\n|poke|p1|Rotom-Wash|\n|poke|p2|Grimmsnarl, M|\n|poke|p2|Diancie|\n|poke|p2|Klefki, M|\n|poke|p2|Azumarill, M|\n|poke|p2|Sylveon, F|\n|poke|p2|Iron Valiant|\n|teampreview\n|j| Leviatan4\n|c|\u2606Yveltak|Ora si\n|c| Leviatan4|eeeeeee\n|c|\u2606Yveltak|Suerte\n|c| Leviatan4|Uf\n|c|\u2606Gamer00ooO|Igual\n|c| Leviatan4|Liza es mi waifu (?)\n|c| Leviatan4|Esto queda en la grabaci\u00f3n, cierto?\n|c| Leviatan4|XD\n|c|\u2606Yveltak|Si\n|\n|t:|1695518736\n|start\n|switch|p1a: Tapu Koko|Tapu Koko|100\/100\n|switch|p1b: Raichu|Raichu-Alola, M|100\/100\n|switch|p2a: Grimmsnarl|Grimmsnarl, M|100\/100\n|switch|p2b: Diancie|Diancie|100\/100\n|-fieldstart|move: Electric Terrain|[from] ability: Electric Surge|[of] p1a: Tapu Koko\n|turn|1\n|\n|t:|1695518752\n|move|p2a: Grimmsnarl|Light Screen|p2a: Grimmsnarl\n|-sidestart|p2: Gamer00ooO|move: Light Screen\n|move|p1b: Raichu|Rising Voltage|p2b: Diancie\n|-hint|Rising Voltage's BP doubled on grounded target.\n|-damage|p2b: Diancie|30\/100\n|move|p1a: Tapu Koko|Dazzling Gleam|p2a: Grimmsnarl|[spread] p2a,p2b\n|-supereffective|p2a: Grimmsnarl\n|-damage|p2a: Grimmsnarl|65\/100\n|-damage|p2b: Diancie|16\/100\n|move|p2b: Diancie|Diamond Storm|p1a: Tapu Koko|[spread] p1a,p1b\n|-damage|p1a: Tapu Koko|65\/100\n|-damage|p1b: Raichu|43\/100\n|-boost|p2b: Diancie|def|2\n|\n|-heal|p2a: Grimmsnarl|71\/100|[from] item: Leftovers\n|-heal|p2b: Diancie|22\/100|[from] item: Leftovers\n|upkeep\n|turn|2\n|\n|t:|1695518796\n|switch|p1b: Iron Hands|Iron Hands|100\/100\n|-activate|p1b: Iron Hands|ability: Quark Drive\n|-start|p1b: Iron Hands|quarkdriveatk\n|move|p1a: Tapu Koko|Thunderbolt|p2a: Grimmsnarl\n|-damage|p2a: Grimmsnarl|38\/100\n|move|p2a: Grimmsnarl|Crunch|p1b: Iron Hands\n|-resisted|p1b: Iron Hands\n|-damage|p1b: Iron Hands|89\/100\n|move|p2b: Diancie|Diamond Storm|p1b: Iron Hands|[spread] p1a,p1b\n|-resisted|p1b: Iron Hands\n|-damage|p1a: Tapu Koko|32\/100\n|-damage|p1b: Iron Hands|81\/100\n|-boost|p2b: Diancie|def|2\n|\n|-heal|p2a: Grimmsnarl|44\/100|[from] item: Leftovers\n|-heal|p2b: Diancie|29\/100|[from] item: Leftovers\n|upkeep\n|turn|3\n|\n|t:|1695518820\n|move|p2a: Grimmsnarl|Reflect|p2a: Grimmsnarl\n|-sidestart|p2: Gamer00ooO|Reflect\n|move|p1a: Tapu Koko|Thunderbolt|p2b: Diancie\n|-damage|p2b: Diancie|2\/100\n|-status|p2b: Diancie|par\n|move|p1b: Iron Hands|Drain Punch|p2a: Grimmsnarl\n|-damage|p2a: Grimmsnarl|7\/100\n|-heal|p1b: Iron Hands|93\/100|[from] drain|[of] p2a: Grimmsnarl\n|move|p2b: Diancie|Body Press|p1b: Iron Hands\n|-damage|p1b: Iron Hands|34\/100\n|\n|-heal|p2a: Grimmsnarl|13\/100|[from] item: Leftovers\n|-heal|p2b: Diancie|8\/100 par|[from] item: Leftovers\n|upkeep\n|turn|4\n|\n|t:|1695518842\n|move|p1a: Tapu Koko|Volt Switch|p2b: Diancie\n|-damage|p2b: Diancie|0 fnt\n|faint|p2b: Diancie\n|\n|t:|1695518857\n|switch|p1a: Manectric|Manectric, M|100\/100|[from] Volt Switch\n|move|p2a: Grimmsnarl|Drain Punch|p1a: Manectric\n|-damage|p1a: Manectric|63\/100\n|-heal|p2a: Grimmsnarl|30\/100|[from] drain|[of] p1a: Manectric\n|-status|p2a: Grimmsnarl|par|[from] ability: Static|[of] p1a: Manectric\n|move|p1b: Iron Hands|Drain Punch|p2a: Grimmsnarl\n|-damage|p2a: Grimmsnarl|0 fnt\n|-heal|p1b: Iron Hands|44\/100|[from] drain|[of] p2a: Grimmsnarl\n|faint|p2a: Grimmsnarl\n|\n|upkeep\n|\n|t:|1695518879\n|switch|p2a: Sylveon|Sylveon, F|100\/100\n|switch|p2b: Azumarill|Azumarill, M|100\/100\n|turn|5\n|\n|t:|1695518903\n|-end|p1b: Iron Hands|Quark Drive|[silent]\n|switch|p1b: Zapdos|Zapdos|100\/100\n|detailschange|p1a: Manectric|Manectric-Mega, M\n|-mega|p1a: Manectric|Manectric|Manectite\n|-ability|p1a: Manectric|Intimidate|boost\n|-unboost|p2a: Sylveon|atk|1\n|-unboost|p2b: Azumarill|atk|1\n|move|p1a: Manectric|Rising Voltage|p2b: Azumarill\n|-hint|Rising Voltage's BP doubled on grounded target.\n|-supereffective|p2b: Azumarill\n|-damage|p2b: Azumarill|0 fnt\n|faint|p2b: Azumarill\n|move|p2a: Sylveon|Hyper Voice|p1a: Manectric|[spread] p1a,p1b\n|-damage|p1a: Manectric|11\/100\n|-damage|p1b: Zapdos|55\/100\n|\n|-heal|p1b: Zapdos|61\/100|[from] item: Leftovers\n|-sideend|p2: Gamer00ooO|move: Light Screen\n|upkeep\n|\n|t:|1695518918\n|switch|p2b: Klefki|Klefki, M|100\/100\n|-item|p2b: Klefki|Air Balloon\n|turn|6\n|\n|t:|1695518939\n|move|p2b: Klefki|Light Screen|p2b: Klefki\n|-sidestart|p2: Gamer00ooO|move: Light Screen\n|move|p1a: Manectric|Volt Switch|p2a: Sylveon\n|-damage|p2a: Sylveon|73\/100\n|\n|t:|1695518950\n|switch|p1a: Rotom|Rotom-Wash|100\/100|[from] Volt Switch\n|move|p1b: Zapdos|Thunderbolt|p2a: Sylveon\n|-damage|p2a: Sylveon|47\/100\n|move|p2a: Sylveon|Hyper Voice|p1a: Rotom|[spread] p1a,p1b\n|-damage|p1a: Rotom|58\/100\n|-damage|p1b: Zapdos|19\/100\n|\n|-heal|p1b: Zapdos|25\/100|[from] item: Leftovers\n|-heal|p1a: Rotom|64\/100|[from] item: Leftovers\n|upkeep\n|turn|7\n|\n|t:|1695518968\n|move|p1a: Rotom|Protect|p1a: Rotom\n|-singleturn|p1a: Rotom|Protect\n|move|p1b: Zapdos|Thunderbolt|p2a: Sylveon\n|-damage|p2a: Sylveon|21\/100\n|move|p2a: Sylveon|Hyper Voice|p1a: Rotom|[spread] p1b\n|-activate|p1a: Rotom|move: Protect\n|-crit|p1b: Zapdos\n|-damage|p1b: Zapdos|0 fnt\n|faint|p1b: Zapdos\n|move|p2b: Klefki|Dazzling Gleam|p1a: Rotom\n|-activate|p1a: Rotom|move: Protect\n|\n|-heal|p1a: Rotom|70\/100|[from] item: Leftovers\n|-sideend|p2: Gamer00ooO|Reflect\n|upkeep\n|\n|t:|1695519010\n|switch|p1b: Raichu|Raichu-Alola, M|43\/100\n|turn|8\n|\n|t:|1695519035\n|move|p1b: Raichu|Volt Switch|p2a: Sylveon\n|-damage|p2a: Sylveon|0 fnt\n|faint|p2a: Sylveon\n|\n|t:|1695519040\n|switch|p1b: Iron Hands|Iron Hands|44\/100|[from] Volt Switch\n|-activate|p1b: Iron Hands|ability: Quark Drive\n|-start|p1b: Iron Hands|quarkdriveatk\n|move|p1a: Rotom|Hydro Pump|p2b: Klefki|[miss]\n|-miss|p1a: Rotom|p2b: Klefki\n|move|p2b: Klefki|Dazzling Gleam|p1a: Rotom|[spread] p1a,p1b\n|-supereffective|p1b: Iron Hands\n|-damage|p1a: Rotom|51\/100\n|-damage|p1b: Iron Hands|29\/100\n|\n|-heal|p1a: Rotom|57\/100|[from] item: Leftovers\n|-fieldend|move: Electric Terrain\n|-end|p1b: Iron Hands|Quark Drive\n|upkeep\n|\n|t:|1695519051\n|switch|p2a: Iron Valiant|Iron Valiant|100\/100\n|turn|9\n|\n|t:|1695519067\n|move|p1b: Iron Hands|Fake Out|p2a: Iron Valiant\n|-damage|p2a: Iron Valiant|87\/100\n|cant|p2a: Iron Valiant|flinch\n|move|p1a: Rotom|Volt Switch|p2b: Klefki\n|-damage|p2b: Klefki|80\/100\n|-enditem|p2b: Klefki|Air Balloon\n|\n|t:|1695519073\n|switch|p1a: Tapu Koko|Tapu Koko|32\/100|[from] Volt Switch\n|-fieldstart|move: Electric Terrain|[from] ability: Electric Surge|[of] p1a: Tapu Koko\n|-activate|p2a: Iron Valiant|ability: Quark Drive\n|-start|p2a: Iron Valiant|quarkdriveatk\n|-activate|p1b: Iron Hands|ability: Quark Drive\n|-start|p1b: Iron Hands|quarkdriveatk\n|move|p2b: Klefki|Dazzling Gleam|p1a: Tapu Koko|[spread] p1a,p1b\n|-supereffective|p1b: Iron Hands\n|-crit|p1b: Iron Hands\n|-damage|p1a: Tapu Koko|8\/100\n|-damage|p1b: Iron Hands|3\/100\n|\n|upkeep\n|turn|10\n|\n|t:|1695519091\n|move|p2a: Iron Valiant|Shadow Sneak|p1a: Tapu Koko\n|-crit|p1a: Tapu Koko\n|-damage|p1a: Tapu Koko|0 fnt\n|faint|p1a: Tapu Koko\n|move|p2b: Klefki|Dazzling Gleam|p1b: Iron Hands\n|-supereffective|p1b: Iron Hands\n|-damage|p1b: Iron Hands|0 fnt\n|faint|p1b: Iron Hands\n|-end|p1b: Iron Hands|Quark Drive|[silent]\n|\n|-sideend|p2: Gamer00ooO|move: Light Screen\n|upkeep\n|c|\u2606Yveltak|Coooooomo\n|\n|t:|1695519106\n|switch|p1a: Manectric|Manectric-Mega, M|11\/100\n|switch|p1b: Rotom|Rotom-Wash|57\/100\n|-ability|p1a: Manectric|Intimidate|boost\n|-unboost|p2a: Iron Valiant|atk|1\n|-unboost|p2b: Klefki|atk|1\n|turn|11\n|\n|t:|1695519132\n|move|p2a: Iron Valiant|Shadow Sneak|p1a: Manectric\n|-damage|p1a: Manectric|0 fnt\n|faint|p1a: Manectric\n|move|p2b: Klefki|Light Screen|p2b: Klefki\n|-sidestart|p2: Gamer00ooO|move: Light Screen\n|move|p1b: Rotom|Will-O-Wisp|p2a: Iron Valiant\n|-status|p2a: Iron Valiant|brn\n|\n|-heal|p1b: Rotom|63\/100|[from] item: Leftovers\n|-damage|p2a: Iron Valiant|81\/100 brn|[from] brn\n|upkeep\n|\n|t:|1695519137\n|switch|p1a: Raichu|Raichu-Alola, M|43\/100\n|turn|12\n|\n|t:|1695519184\n|-terastallize|p1a: Raichu|Psychic\n|move|p2a: Iron Valiant|Shadow Sneak|p1a: Raichu\n|-supereffective|p1a: Raichu\n|-damage|p1a: Raichu|18\/100\n|move|p1a: Raichu|Psychic|p2a: Iron Valiant\n|-supereffective|p2a: Iron Valiant\n|-damage|p2a: Iron Valiant|0 fnt\n|faint|p2a: Iron Valiant\n|-end|p2a: Iron Valiant|Quark Drive|[silent]\n|move|p1b: Rotom|Will-O-Wisp|p2b: Klefki\n|-status|p2b: Klefki|brn\n|move|p2b: Klefki|Dazzling Gleam|p1b: Rotom|[spread] p1a,p1b\n|-damage|p1a: Raichu|0 fnt\n|-damage|p1b: Rotom|44\/100\n|faint|p1a: Raichu\n|\n|-heal|p1b: Rotom|50\/100|[from] item: Leftovers\n|-damage|p2b: Klefki|75\/100 brn|[from] brn\n|upkeep\n|turn|13\n|\n|t:|1695519202\n|move|p1b: Rotom|Protect|p1b: Rotom\n|-singleturn|p1b: Rotom|Protect\n|move|p2b: Klefki|Dazzling Gleam|p1b: Rotom\n|-activate|p1b: Rotom|move: Protect\n|\n|-heal|p1b: Rotom|57\/100|[from] item: Leftovers\n|-damage|p2b: Klefki|69\/100 brn|[from] brn\n|upkeep\n|turn|14\n|\n|t:|1695519207\n|move|p1b: Rotom|Volt Switch|p2b: Klefki\n|-damage|p2b: Klefki|48\/100 brn\n|move|p2b: Klefki|Dazzling Gleam|p1b: Rotom\n|-damage|p1b: Rotom|31\/100\n|\n|-heal|p1b: Rotom|37\/100|[from] item: Leftovers\n|-damage|p2b: Klefki|42\/100 brn|[from] brn\n|upkeep\n|turn|15\n|\n|t:|1695519213\n|move|p1b: Rotom|Protect|p1b: Rotom\n|-singleturn|p1b: Rotom|Protect\n|move|p2b: Klefki|Dazzling Gleam|p1b: Rotom\n|-activate|p1b: Rotom|move: Protect\n|\n|-heal|p1b: Rotom|43\/100|[from] item: Leftovers\n|-damage|p2b: Klefki|36\/100 brn|[from] brn\n|-sideend|p2: Gamer00ooO|move: Light Screen\n|upkeep\n|turn|16\n|\n|t:|1695519221\n|move|p1b: Rotom|Volt Switch|p2b: Klefki\n|-damage|p2b: Klefki|2\/100 brn\n|move|p2b: Klefki|Dazzling Gleam|p1b: Rotom\n|-damage|p1b: Rotom|19\/100\n|\n|-heal|p1b: Rotom|25\/100|[from] item: Leftovers\n|-damage|p2b: Klefki|0 fnt|[from] brn\n|faint|p2b: Klefki\n|\n|win|Yveltak\n|upkeep\n|c|\u2606Yveltak|Avr el crit\n|c|\u2606Yveltak|gg\n","uploadtime":1695519228,"views":20,"p1id":"yveltak","p2id":"gamer00ooo","formatid":"gen9nationaldexdoubles","rating":0,"private":0,"password":""}