{"id":"gen9nationaldexdoubles-1991949282","p1":"fumbari 24","p2":"Pancake Tuesday","format":"[Gen 9] National Dex Doubles","log":"|j|\u2606fumbari 24\n|j|\u2606Pancake Tuesday\n|t:|1700141600\n|gametype|doubles\n|player|p1|fumbari 24|hilbert|1294\n|player|p2|Pancake Tuesday|170|1435\n|teamsize|p1|6\n|teamsize|p2|6\n|gen|9\n|tier|[Gen 9] National Dex Doubles\n|rated|\n|rule|HP Percentage Mod: HP is shown in percentages\n|rule|Endless Battle Clause: Forcing endless battles is banned\n|rule|OHKO Clause: OHKO moves are banned\n|rule|Evasion Moves Clause: Evasion moves are banned\n|rule|Evasion Abilities Clause: Evasion abilities are banned\n|rule|Species Clause: Limit one of each Pok\u00e9mon\n|rule|Gravity Sleep Clause: The combination of sleep-inducing moves with imperfect accuracy and Gravity or Gigantamax Orbeetle are banned\n|clearpoke\n|poke|p1|Celesteela|\n|poke|p1|Indeedee-F, F|\n|poke|p1|Manectric, M|\n|poke|p1|Gardevoir, F|\n|poke|p1|Mamoswine, F|\n|poke|p1|Blastoise, M|\n|poke|p2|Buzzwole|\n|poke|p2|Diancie|\n|poke|p2|Salamence, F|\n|poke|p2|Rillaboom, M|\n|poke|p2|Volcanion|\n|poke|p2|Landorus, M|\n|teampreview\n|inactive|Battle timer is ON: inactive players will automatically lose when time's up. (requested by fumbari 24)\n|\n|t:|1700141625\n|start\n|switch|p1a: Celesteela|Celesteela|100\/100\n|switch|p1b: Harbor|Blastoise, M|100\/100\n|switch|p2a: Landorus|Landorus, M|100\/100\n|switch|p2b: Rillaboom|Rillaboom, M|100\/100\n|-fieldstart|move: Grassy Terrain|[from] ability: Grassy Surge|[of] p2b: Rillaboom\n|turn|1\n|inactive|fumbari 24 has 120 seconds left.\n|inactive|fumbari 24 has 90 seconds left.\n|\n|t:|1700141689\n|switch|p1b: Indeedee|Indeedee-F, F|100\/100\n|-fieldstart|move: Psychic Terrain|[from] ability: Psychic Surge|[of] p1b: Indeedee\n|-enditem|p1a: Celesteela|Psychic Seed\n|-boost|p1a: Celesteela|spd|1|[from] item: Psychic Seed\n|move|p2b: Rillaboom|Fake Out|p1b: Indeedee\n|-activate|p1b: Indeedee|move: Psychic Terrain\n|move|p2a: Landorus|Sandsear Storm|p1b: Indeedee|[spread] p1b\n|-immune|p1a: Celesteela\n|-damage|p1b: Indeedee|49\/100\n|move|p1a: Celesteela|Acrobatics|p2b: Rillaboom\n|-supereffective|p2b: Rillaboom\n|-damage|p2b: Rillaboom|24\/100\n|\n|upkeep\n|turn|2\n|\n|t:|1700141711\n|switch|p2b: Volcanion|Volcanion|100\/100\n|move|p2a: Landorus|Sandsear Storm|p1b: Indeedee|[spread] p1b\n|-immune|p1a: Celesteela\n|-damage|p1b: Indeedee|0 fnt\n|faint|p1b: Indeedee\n|move|p1a: Celesteela|Leech Seed|p2a: Landorus\n|-start|p2a: Landorus|move: Leech Seed\n|\n|-damage|p2a: Landorus|88\/100|[from] Leech Seed|[of] p1a: Celesteela\n|upkeep\n|inactive|fumbari 24 has 90 seconds left.\n|\n|t:|1700141735\n|switch|p1b: Harbor|Blastoise, M|100\/100\n|turn|3\n|\n|t:|1700141752\n|switch|p2a: Rillaboom|Rillaboom, M|24\/100\n|-fieldstart|move: Grassy Terrain|[from] ability: Grassy Surge|[of] p2a: Rillaboom\n|move|p1b: Harbor|Icy Wind|p2a: Rillaboom|[spread] p2a,p2b\n|-supereffective|p2a: Rillaboom\n|-resisted|p2b: Volcanion\n|-damage|p2a: Rillaboom|13\/100\n|-damage|p2b: Volcanion|99\/100\n|-unboost|p2a: Rillaboom|spe|1\n|-unboost|p2b: Volcanion|spe|1\n|move|p1a: Celesteela|Leech Seed|p2b: Volcanion\n|-start|p2b: Volcanion|move: Leech Seed\n|move|p2b: Volcanion|Substitute|p2b: Volcanion\n|-start|p2b: Volcanion|Substitute\n|-damage|p2b: Volcanion|74\/100\n|\n|-heal|p2a: Rillaboom|19\/100|[from] Grassy Terrain\n|-heal|p2b: Volcanion|80\/100|[from] Grassy Terrain\n|-damage|p2b: Volcanion|67\/100|[from] Leech Seed|[of] p1a: Celesteela\n|upkeep\n|turn|4\n|\n|t:|1700141781\n|move|p1a: Celesteela|Protect|p1a: Celesteela\n|-singleturn|p1a: Celesteela|Protect\n|move|p1b: Harbor|Icy Wind|p2a: Rillaboom|[spread] p2a,p2b\n|-resisted|p2b: Volcanion\n|-activate|p2b: Volcanion|move: Substitute|[damage]\n|-supereffective|p2a: Rillaboom\n|-damage|p2a: Rillaboom|7\/100\n|-unboost|p2a: Rillaboom|spe|1\n|-zpower|p2b: Volcanion\n|move|p2b: Volcanion|Hydro Vortex|p1a: Celesteela|[zeffect]\n|-zbroken|p1a: Celesteela\n|-damage|p1a: Celesteela|87\/100\n|move|p2a: Rillaboom|Wood Hammer|p1b: Harbor\n|-supereffective|p1b: Harbor\n|-damage|p1b: Harbor|0 fnt\n|faint|p1b: Harbor\n|-damage|p2a: Rillaboom|0 fnt|[from] Recoil\n|faint|p2a: Rillaboom\n|\n|-heal|p2b: Volcanion|73\/100|[from] Grassy Terrain\n|-damage|p2b: Volcanion|61\/100|[from] Leech Seed|[of] p1a: Celesteela\n|-heal|p1a: Celesteela|99\/100|[silent]\n|upkeep\n|\n|t:|1700141799\n|switch|p2a: Salamence|Salamence, F|100\/100\n|switch|p1b: Neo|Manectric, M, shiny|100\/100\n|-ability|p2a: Salamence|Intimidate|boost\n|-unboost|p1a: Celesteela|atk|1\n|-unboost|p1b: Neo|atk|1\n|turn|5\n|\n|t:|1700141820\n|detailschange|p1b: Neo|Manectric-Mega, M, shiny\n|-mega|p1b: Neo|Manectric|Manectite\n|-ability|p1b: Neo|Intimidate|boost\n|-unboost|p2a: Salamence|atk|1\n|-immune|p2b: Volcanion\n|detailschange|p2a: Salamence|Salamence-Mega, F\n|-mega|p2a: Salamence|Salamence|Salamencite\n|move|p1b: Neo|Snarl|p2b: Volcanion|[spread] p2a,p2b\n|-damage|p2a: Salamence|89\/100\n|-damage|p2b: Volcanion|47\/100\n|-unboost|p2a: Salamence|spa|1\n|-unboost|p2b: Volcanion|spa|1\n|move|p2a: Salamence|Dragon Dance|p2a: Salamence\n|-boost|p2a: Salamence|atk|1\n|-boost|p2a: Salamence|spe|1\n|move|p1a: Celesteela|Leech Seed|p2a: Salamence\n|-start|p2a: Salamence|move: Leech Seed\n|move|p2b: Volcanion|Steam Eruption|p1b: Neo\n|-damage|p1b: Neo|52\/100\n|-status|p1b: Neo|brn\n|\n|-heal|p1b: Neo|58\/100 brn|[from] Grassy Terrain\n|-heal|p2b: Volcanion|54\/100|[from] Grassy Terrain\n|-damage|p2a: Salamence|76\/100|[from] Leech Seed|[of] p1a: Celesteela\n|-heal|p1a: Celesteela|100\/100|[silent]\n|-damage|p2b: Volcanion|41\/100|[from] Leech Seed|[of] p1a: Celesteela\n|-damage|p1b: Neo|52\/100 brn|[from] brn\n|upkeep\n|turn|6\n|\n|t:|1700141846\n|move|p2a: Salamence|Dragon Dance|p2a: Salamence\n|-boost|p2a: Salamence|atk|1\n|-boost|p2a: Salamence|spe|1\n|move|p1b: Neo|Snarl|p2a: Salamence|[spread] p2a,p2b\n|-damage|p2a: Salamence|65\/100\n|-damage|p2b: Volcanion|29\/100\n|-unboost|p2a: Salamence|spa|1\n|-unboost|p2b: Volcanion|spa|1\n|move|p1a: Celesteela|Heavy Slam|p2a: Salamence\n|-damage|p2a: Salamence|41\/100\n|move|p2b: Volcanion|Heat Wave|p1a: Celesteela|[spread] p1a,p1b\n|-supereffective|p1a: Celesteela\n|-damage|p1a: Celesteela|80\/100\n|-damage|p1b: Neo|30\/100 brn\n|\n|-heal|p1b: Neo|36\/100 brn|[from] Grassy Terrain\n|-heal|p2b: Volcanion|35\/100|[from] Grassy Terrain\n|-damage|p2a: Salamence|29\/100|[from] Leech Seed|[of] p1a: Celesteela\n|-heal|p1a: Celesteela|93\/100|[silent]\n|-damage|p2b: Volcanion|22\/100|[from] Leech Seed|[of] p1a: Celesteela\n|-heal|p1a: Celesteela|100\/100|[silent]\n|-damage|p1b: Neo|30\/100 brn|[from] brn\n|upkeep\n|turn|7\n|\n|t:|1700141872\n|switch|p2b: Diancie|Diancie|100\/100\n|move|p2a: Salamence|Roost|p2a: Salamence\n|-heal|p2a: Salamence|79\/100\n|-singleturn|p2a: Salamence|move: Roost\n|move|p1b: Neo|Snarl|p2a: Salamence|[spread] p2a,p2b\n|-resisted|p2b: Diancie\n|-damage|p2a: Salamence|68\/100\n|-damage|p2b: Diancie|96\/100\n|-unboost|p2a: Salamence|spa|1\n|move|p1a: Celesteela|Heavy Slam|p2a: Salamence\n|-damage|p2a: Salamence|48\/100\n|\n|-heal|p2a: Salamence|54\/100|[from] Grassy Terrain\n|-heal|p1b: Neo|36\/100 brn|[from] Grassy Terrain\n|-heal|p2b: Diancie|100\/100|[from] Grassy Terrain\n|-damage|p2a: Salamence|41\/100|[from] Leech Seed|[of] p1a: Celesteela\n|-damage|p1b: Neo|30\/100 brn|[from] brn\n|-fieldend|move: Grassy Terrain\n|upkeep\n|turn|8\n|\n|t:|1700141890\n|switch|p2a: Landorus|Landorus, M|88\/100\n|-terastallize|p2b: Diancie|Grass\n|move|p1b: Neo|Volt Switch|p2a: Landorus\n|-immune|p2a: Landorus\n|move|p1a: Celesteela|Heavy Slam|p2b: Diancie\n|-damage|p2b: Diancie|77\/100\n|move|p2b: Diancie|Trick Room|p2b: Diancie\n|-fieldstart|move: Trick Room|[of] p2b: Diancie\n|\n|-damage|p1b: Neo|24\/100 brn|[from] brn\n|upkeep\n|turn|9\n|\n|t:|1700141908\n|move|p2b: Diancie|Body Press|p1a: Celesteela\n|-damage|p1a: Celesteela|82\/100\n|move|p1a: Celesteela|Acrobatics|p2b: Diancie\n|-supereffective|p2b: Diancie\n|-damage|p2b: Diancie|31\/100\n|-enditem|p2b: Diancie|Weakness Policy\n|-boost|p2b: Diancie|atk|2|[from] item: Weakness Policy\n|-boost|p2b: Diancie|spa|2|[from] item: Weakness Policy\n|move|p2a: Landorus|Sandsear Storm|p1b: Neo|[spread] p1b\n|-immune|p1a: Celesteela\n|-supereffective|p1b: Neo\n|-damage|p1b: Neo|0 fnt\n|faint|p1b: Neo\n|\n|upkeep\n|\n|t:|1700141925\n|switch|p1b: Ellie|Mamoswine, F|100\/100\n|turn|10\n|\n|t:|1700141940\n|move|p1b: Ellie|Ice Shard|p2b: Diancie\n|-supereffective|p2b: Diancie\n|-damage|p2b: Diancie|0 fnt\n|faint|p2b: Diancie\n|move|p1a: Celesteela|Leech Seed|p2a: Landorus\n|-start|p2a: Landorus|move: Leech Seed\n|move|p2a: Landorus|Hidden Power|p1a: Celesteela\n|-crit|p1a: Celesteela\n|-damage|p1a: Celesteela|51\/100\n|-damage|p2a: Landorus|79\/100|[from] item: Life Orb\n|\n|-damage|p2a: Landorus|66\/100|[from] Leech Seed|[of] p1a: Celesteela\n|-heal|p1a: Celesteela|61\/100|[silent]\n|upkeep\n|\n|t:|1700141947\n|switch|p2b: Buzzwole|Buzzwole|100\/100\n|turn|11\n|\n|t:|1700141960\n|switch|p2a: Volcanion|Volcanion|22\/100\n|move|p1b: Ellie|Ice Shard|p2a: Volcanion\n|-resisted|p2a: Volcanion\n|-damage|p2a: Volcanion|18\/100\n|move|p1a: Celesteela|Acrobatics|p2b: Buzzwole\n|-supereffective|p2b: Buzzwole\n|-damage|p2b: Buzzwole|34\/100\n|move|p2b: Buzzwole|Drain Punch|p1b: Ellie\n|-supereffective|p1b: Ellie\n|-damage|p1b: Ellie|23\/100\n|-heal|p2b: Buzzwole|71\/100|[from] drain|[of] p1b: Ellie\n|\n|-heal|p2b: Buzzwole|77\/100|[from] item: Leftovers\n|upkeep\n|turn|12\n|\n|t:|1700141989\n|move|p1a: Celesteela|Protect|p1a: Celesteela\n|-singleturn|p1a: Celesteela|Protect\n|move|p2a: Volcanion|Heat Wave|p1b: Ellie|[spread] p1b\n|-activate|p1a: Celesteela|move: Protect\n|-supereffective|p1b: Ellie\n|-damage|p1b: Ellie|0 fnt\n|faint|p1b: Ellie\n|move|p2b: Buzzwole|Drain Punch|p1a: Celesteela\n|-activate|p1a: Celesteela|move: Protect\n|\n|-heal|p2b: Buzzwole|83\/100|[from] item: Leftovers\n|-fieldend|move: Trick Room\n|upkeep\n|\n|t:|1700141992\n|switch|p1b: Belle|Gardevoir, F, shiny|100\/100\n|turn|13\n|\n|t:|1700142005\n|move|p1b: Belle|Expanding Force|p2a: Volcanion\n|-damage|p2a: Volcanion|0 fnt\n|faint|p2a: Volcanion\n|move|p2b: Buzzwole|Leech Life|p1b: Belle\n|-damage|p1b: Belle|48\/100\n|-heal|p2b: Buzzwole|100\/100|[from] drain|[of] p1b: Belle\n|move|p1a: Celesteela|Leech Seed|p2b: Buzzwole\n|-start|p2b: Buzzwole|move: Leech Seed\n|\n|-damage|p2b: Buzzwole|88\/100|[from] Leech Seed|[of] p1a: Celesteela\n|-heal|p1a: Celesteela|74\/100|[silent]\n|upkeep\n|\n|t:|1700142013\n|switch|p2a: Landorus|Landorus, M|66\/100\n|turn|14\n|\n|t:|1700142024\n|move|p1b: Belle|Protect|p1b: Belle\n|-singleturn|p1b: Belle|Protect\n|move|p2a: Landorus|Hidden Power|p1a: Celesteela\n|-damage|p1a: Celesteela|62\/100\n|-damage|p2a: Landorus|57\/100|[from] item: Life Orb\n|move|p2b: Buzzwole|Leech Life|p1b: Belle\n|-activate|p1b: Belle|move: Protect\n|move|p1a: Celesteela|Heavy Slam|p2a: Landorus\n|-damage|p2a: Landorus|22\/100\n|\n|-heal|p2b: Buzzwole|94\/100|[from] item: Leftovers\n|-damage|p2b: Buzzwole|82\/100|[from] Leech Seed|[of] p1a: Celesteela\n|-heal|p1a: Celesteela|75\/100|[silent]\n|upkeep\n|turn|15\n|\n|t:|1700142046\n|move|p2a: Landorus|Hidden Power|p1a: Celesteela\n|-damage|p1a: Celesteela|63\/100\n|-damage|p2a: Landorus|13\/100|[from] item: Life Orb\n|move|p1b: Belle|Expanding Force|p2a: Landorus\n|-damage|p2a: Landorus|0 fnt\n|faint|p2a: Landorus\n|move|p2b: Buzzwole|Leech Life|p1b: Belle\n|-damage|p1b: Belle|0 fnt\n|-heal|p2b: Buzzwole|99\/100|[from] drain|[of] p1b: Belle\n|faint|p1b: Belle\n|-ability|p2b: Buzzwole|Beast Boost|boost\n|-boost|p2b: Buzzwole|atk|1\n|move|p1a: Celesteela|Acrobatics|p2b: Buzzwole\n|-supereffective|p2b: Buzzwole\n|-damage|p2b: Buzzwole|25\/100\n|\n|-heal|p2b: Buzzwole|32\/100|[from] item: Leftovers\n|-damage|p2b: Buzzwole|19\/100|[from] Leech Seed|[of] p1a: Celesteela\n|-heal|p1a: Celesteela|76\/100|[silent]\n|upkeep\n|\n|t:|1700142051\n|switch|p2a: Salamence|Salamence-Mega, F|41\/100\n|turn|16\n|\n|t:|1700142066\n|move|p2a: Salamence|Roost|p2a: Salamence\n|-heal|p2a: Salamence|91\/100\n|-singleturn|p2a: Salamence|move: Roost\n|move|p2b: Buzzwole|Coaching|p2a: Salamence\n|-boost|p2a: Salamence|atk|1\n|-boost|p2a: Salamence|def|1\n|move|p1a: Celesteela|Acrobatics|p2b: Buzzwole\n|-supereffective|p2b: Buzzwole\n|-damage|p2b: Buzzwole|0 fnt\n|faint|p2b: Buzzwole\n|-ability|p1a: Celesteela|Beast Boost|boost\n|-boost|p1a: Celesteela|atk|1\n|\n|upkeep\n|turn|17\n|\n|t:|1700142075\n|move|p2a: Salamence|Protect|p2a: Salamence\n|-singleturn|p2a: Salamence|Protect\n|move|p1a: Celesteela|Leech Seed|p2a: Salamence\n|-activate|p2a: Salamence|move: Protect\n|\n|upkeep\n|turn|18\n|\n|t:|1700142079\n|move|p2a: Salamence|Dragon Dance|p2a: Salamence\n|-boost|p2a: Salamence|atk|1\n|-boost|p2a: Salamence|spe|1\n|move|p1a: Celesteela|Leech Seed|p2a: Salamence\n|-start|p2a: Salamence|move: Leech Seed\n|\n|-damage|p2a: Salamence|79\/100|[from] Leech Seed|[of] p1a: Celesteela\n|-heal|p1a: Celesteela|89\/100|[silent]\n|upkeep\n|turn|19\n|\n|t:|1700142085\n|move|p2a: Salamence|Dragon Dance|p2a: Salamence\n|-boost|p2a: Salamence|atk|1\n|-boost|p2a: Salamence|spe|1\n|move|p1a: Celesteela|Acrobatics|p2a: Salamence\n|-damage|p2a: Salamence|58\/100\n|\n|-damage|p2a: Salamence|46\/100|[from] Leech Seed|[of] p1a: Celesteela\n|-heal|p1a: Celesteela|100\/100|[silent]\n|upkeep\n|turn|20\n|\n|t:|1700142093\n|move|p2a: Salamence|Roost|p2a: Salamence\n|-heal|p2a: Salamence|96\/100\n|-singleturn|p2a: Salamence|move: Roost\n|move|p1a: Celesteela|Heavy Slam|p2a: Salamence\n|-damage|p2a: Salamence|74\/100\n|\n|-damage|p2a: Salamence|62\/100|[from] Leech Seed|[of] p1a: Celesteela\n|upkeep\n|turn|21\n|\n|t:|1700142097\n|move|p2a: Salamence|Roost|p2a: Salamence\n|-heal|p2a: Salamence|100\/100\n|-singleturn|p2a: Salamence|move: Roost\n|move|p1a: Celesteela|Heavy Slam|p2a: Salamence\n|-damage|p2a: Salamence|79\/100\n|\n|-damage|p2a: Salamence|67\/100|[from] Leech Seed|[of] p1a: Celesteela\n|upkeep\n|turn|22\n|\n|t:|1700142110\n|move|p2a: Salamence|Return|p1a: Celesteela\n|-resisted|p1a: Celesteela\n|-damage|p1a: Celesteela|39\/100\n|move|p1a: Celesteela|Heavy Slam|p2a: Salamence\n|-damage|p2a: Salamence|45\/100\n|\n|-damage|p2a: Salamence|32\/100|[from] Leech Seed|[of] p1a: Celesteela\n|-heal|p1a: Celesteela|52\/100|[silent]\n|upkeep\n|turn|23\n|\n|t:|1700142117\n|move|p2a: Salamence|Roost|p2a: Salamence\n|-heal|p2a: Salamence|82\/100\n|-singleturn|p2a: Salamence|move: Roost\n|move|p1a: Celesteela|Heavy Slam|p2a: Salamence\n|-damage|p2a: Salamence|59\/100\n|\n|-damage|p2a: Salamence|47\/100|[from] Leech Seed|[of] p1a: Celesteela\n|-heal|p1a: Celesteela|64\/100|[silent]\n|upkeep\n|turn|24\n|\n|t:|1700142128\n|move|p2a: Salamence|Return|p1a: Celesteela\n|-resisted|p1a: Celesteela\n|-damage|p1a: Celesteela|6\/100\n|move|p1a: Celesteela|Heavy Slam|p2a: Salamence\n|-damage|p2a: Salamence|26\/100\n|\n|-damage|p2a: Salamence|13\/100|[from] Leech Seed|[of] p1a: Celesteela\n|-heal|p1a: Celesteela|18\/100|[silent]\n|upkeep\n|turn|25\n|\n|t:|1700142135\n|move|p1a: Celesteela|Protect|p1a: Celesteela\n|-singleturn|p1a: Celesteela|Protect\n|move|p2a: Salamence|Roost|p2a: Salamence\n|-heal|p2a: Salamence|63\/100\n|-singleturn|p2a: Salamence|move: Roost\n|\n|-damage|p2a: Salamence|51\/100|[from] Leech Seed|[of] p1a: Celesteela\n|-heal|p1a: Celesteela|31\/100|[silent]\n|upkeep\n|turn|26\n|-message|fumbari 24 forfeited.\n|\n|win|Pancake Tuesday\n|raw|fumbari 24's rating: 1294 &rarr; <strong>1279<\/strong><br \/>(-15 for losing)\n|raw|Pancake Tuesday's rating: 1435 &rarr; <strong>1447<\/strong><br \/>(+12 for winning)\n|l|\u2606fumbari 24\n","uploadtime":1700142165,"views":5,"p1id":"fumbari24","p2id":"pancaketuesday","formatid":"gen9nationaldexdoubles","rating":1279,"private":0,"password":""}