{"id":"gen9nationaldexdoubles-1949357538","p1":"goshia25","p2":"butoseason","format":"[Gen 9] National Dex Doubles","log":"|j|\u2606goshia25\n|j|\u2606butoseason\n|t:|1695350735\n|gametype|doubles\n|player|p1|goshia25|265|1000\n|player|p2|butoseason|boarder|1116\n|teamsize|p1|6\n|teamsize|p2|6\n|gen|9\n|tier|[Gen 9] National Dex Doubles\n|rated|\n|rule|HP Percentage Mod: HP is shown in percentages\n|rule|Endless Battle Clause: Forcing endless battles is banned\n|rule|OHKO Clause: OHKO moves are banned\n|rule|Evasion Moves Clause: Evasion moves are banned\n|rule|Evasion Abilities Clause: Evasion abilities are banned\n|rule|Species Clause: Limit one of each Pok\u00e9mon\n|rule|Gravity Sleep Clause: The combination of sleep-inducing moves with imperfect accuracy and Gravity or Gigantamax Orbeetle are banned\n|clearpoke\n|poke|p1|Mandibuzz, F|\n|poke|p1|Blacephalon|\n|poke|p1|Aegislash, F|\n|poke|p1|Scrafty, M|\n|poke|p1|Flutter Mane|\n|poke|p1|Gliscor, M|\n|poke|p2|Metagross|\n|poke|p2|Mantine, F|\n|poke|p2|Houndoom, F|\n|poke|p2|Toxicroak, F|\n|poke|p2|Mr. Mime, F|\n|poke|p2|Krookodile, M|\n|teampreview\n|\n|t:|1695350761\n|start\n|switch|p1a: Mandibuzz|Mandibuzz, F|100\/100\n|switch|p1b: Scrafty|Scrafty, M|100\/100\n|switch|p2a: Mantine|Mantine, F|100\/100\n|switch|p2b: Toxicroak|Toxicroak, F|100\/100\n|-ability|p1b: Scrafty|Intimidate|boost\n|-unboost|p2a: Mantine|atk|1\n|-unboost|p2b: Toxicroak|atk|1\n|turn|1\n|\n|t:|1695350790\n|move|p2b: Toxicroak|Fake Out|p1a: Mandibuzz\n|-damage|p1a: Mandibuzz|96\/100\n|-damage|p2b: Toxicroak|84\/100|[from] item: Rocky Helmet|[of] p1a: Mandibuzz\n|move|p1b: Scrafty|Fake Out|p2b: Toxicroak\n|-damage|p2b: Toxicroak|61\/100\n|-damage|p1b: Scrafty|91\/100|[from] item: Life Orb\n|cant|p1a: Mandibuzz|flinch\n|move|p2a: Mantine|Tailwind|p2a: Mantine\n|-sidestart|p2: butoseason|move: Tailwind\n|\n|-heal|p2b: Toxicroak|67\/100|[from] item: Black Sludge\n|upkeep\n|turn|2\n|\n|t:|1695350810\n|-terastallize|p2b: Toxicroak|Poison\n|move|p1b: Scrafty|Protect|p1b: Scrafty\n|-singleturn|p1b: Scrafty|Protect\n|move|p2b: Toxicroak|Gunk Shot|p1a: Mandibuzz\n|-damage|p1a: Mandibuzz|66\/100\n|move|p2a: Mantine|Surf|p1b: Scrafty|[spread] p1a\n|-activate|p1b: Scrafty|move: Protect\n|-heal|p2b: Toxicroak|92\/100|[from] ability: Dry Skin|[of] p2a: Mantine\n|-damage|p1a: Mandibuzz|51\/100\n|move|p1a: Mandibuzz|Tailwind|p1a: Mandibuzz\n|-sidestart|p1: goshia25|move: Tailwind\n|\n|-heal|p2b: Toxicroak|98\/100|[from] item: Black Sludge\n|upkeep\n|turn|3\n|\n|t:|1695350837\n|move|p2b: Toxicroak|Gunk Shot|p1a: Mandibuzz|[miss]\n|-miss|p2b: Toxicroak|p1a: Mandibuzz\n|move|p1b: Scrafty|Dragon Dance|p1b: Scrafty\n|-boost|p1b: Scrafty|atk|1\n|-boost|p1b: Scrafty|spe|1\n|move|p1a: Mandibuzz|Foul Play|p2b: Toxicroak\n|-damage|p2b: Toxicroak|50\/100\n|move|p2a: Mantine|Icy Wind|p1b: Scrafty|[spread] p1a,p1b\n|-supereffective|p1a: Mandibuzz\n|-damage|p1a: Mandibuzz|37\/100\n|-damage|p1b: Scrafty|82\/100\n|-unboost|p1a: Mandibuzz|spe|1\n|-unboost|p1b: Scrafty|spe|1\n|\n|-heal|p2b: Toxicroak|56\/100|[from] item: Black Sludge\n|upkeep\n|turn|4\n|\n|t:|1695350857\n|move|p2b: Toxicroak|Drain Punch|p1b: Scrafty\n|-supereffective|p1b: Scrafty\n|-damage|p1b: Scrafty|31\/100\n|-heal|p2b: Toxicroak|79\/100|[from] drain|[of] p1b: Scrafty\n|move|p1b: Scrafty|Drain Punch|p2b: Toxicroak\n|-resisted|p2b: Toxicroak\n|-damage|p2b: Toxicroak|27\/100\n|-heal|p1b: Scrafty|61\/100|[from] drain|[of] p2b: Toxicroak\n|-damage|p1b: Scrafty|51\/100|[from] item: Life Orb\n|move|p2a: Mantine|Surf|p1a: Mandibuzz|[spread] p1a,p1b\n|-heal|p2b: Toxicroak|51\/100|[from] ability: Dry Skin|[of] p2a: Mantine\n|-damage|p1a: Mandibuzz|21\/100\n|-damage|p1b: Scrafty|27\/100\n|move|p1a: Mandibuzz|Toxic|p2a: Mantine|[miss]\n|-miss|p1a: Mandibuzz|p2a: Mantine\n|\n|-heal|p2b: Toxicroak|58\/100|[from] item: Black Sludge\n|-sideend|p2: butoseason|move: Tailwind\n|upkeep\n|turn|5\n|j| your yellow\n|\n|t:|1695350882\n|move|p1b: Scrafty|Protect|p1b: Scrafty\n|-singleturn|p1b: Scrafty|Protect\n|move|p2b: Toxicroak|Drain Punch|p1b: Scrafty\n|-activate|p1b: Scrafty|move: Protect\n|move|p1a: Mandibuzz|Foul Play|p2b: Toxicroak\n|-damage|p2b: Toxicroak|12\/100\n|move|p2a: Mantine|Icy Wind|p1b: Scrafty|[spread] p1a\n|-activate|p1b: Scrafty|move: Protect\n|-supereffective|p1a: Mandibuzz\n|-damage|p1a: Mandibuzz|9\/100\n|-unboost|p1a: Mandibuzz|spe|1\n|\n|-heal|p2b: Toxicroak|18\/100|[from] item: Black Sludge\n|-sideend|p1: goshia25|move: Tailwind\n|upkeep\n|turn|6\n|\n|t:|1695350908\n|move|p2b: Toxicroak|Drain Punch|p1b: Scrafty\n|-supereffective|p1b: Scrafty\n|-damage|p1b: Scrafty|0 fnt\n|-heal|p2b: Toxicroak|30\/100|[from] drain|[of] p1b: Scrafty\n|faint|p1b: Scrafty\n|move|p2a: Mantine|Surf|p1a: Mandibuzz|[spread] p1a\n|-heal|p2b: Toxicroak|55\/100|[from] ability: Dry Skin|[of] p2a: Mantine\n|-damage|p1a: Mandibuzz|0 fnt\n|faint|p1a: Mandibuzz\n|\n|-heal|p2b: Toxicroak|61\/100|[from] item: Black Sludge\n|upkeep\n|\n|t:|1695350928\n|switch|p1b: Aegislash|Aegislash, F|100\/100\n|switch|p1a: Flutter Mane|Flutter Mane|100\/100\n|-enditem|p1a: Flutter Mane|Booster Energy\n|-activate|p1a: Flutter Mane|ability: Protosynthesis|[fromitem]\n|-start|p1a: Flutter Mane|protosynthesisspe\n|turn|7\n|\n|t:|1695350947\n|move|p1b: Aegislash|King's Shield|p1b: Aegislash\n|-singleturn|p1b: Aegislash|Protect\n|move|p1a: Flutter Mane|Shadow Ball|p2b: Toxicroak\n|-crit|p2b: Toxicroak\n|-damage|p2b: Toxicroak|0 fnt\n|faint|p2b: Toxicroak\n|move|p2a: Mantine|Icy Wind|p1b: Aegislash|[spread] p1a\n|-activate|p1b: Aegislash|move: Protect\n|-damage|p1a: Flutter Mane|92\/100\n|-unboost|p1a: Flutter Mane|spe|1\n|\n|upkeep\n|\n|t:|1695350962\n|switch|p2b: Metagross|Metagross|100\/100\n|turn|8\n|\n|t:|1695350984\n|-terastallize|p1a: Flutter Mane|Ghost\n|move|p1a: Flutter Mane|Shadow Ball|p2b: Metagross\n|-supereffective|p2b: Metagross\n|-damage|p2b: Metagross|0 fnt\n|faint|p2b: Metagross\n|move|p2a: Mantine|Icy Wind|p1a: Flutter Mane|[spread] p1a,p1b\n|-resisted|p1b: Aegislash\n|-damage|p1a: Flutter Mane|83\/100\n|-damage|p1b: Aegislash|98\/100\n|-unboost|p1a: Flutter Mane|spe|1\n|-unboost|p1b: Aegislash|spe|1\n|move|p1b: Aegislash|Swords Dance|p1b: Aegislash\n|-boost|p1b: Aegislash|atk|2\n|\n|upkeep\n|\n|t:|1695350997\n|switch|p2b: Krookodile|Krookodile, M|100\/100\n|turn|9\n|\n|t:|1695351013\n|-end|p1a: Flutter Mane|Protosynthesis|[silent]\n|switch|p1a: Gliscor|Gliscor, M|100\/100\n|move|p1b: Aegislash|King's Shield|p1b: Aegislash\n|-singleturn|p1b: Aegislash|Protect\n|move|p2b: Krookodile|Crunch|p1a: Gliscor\n|-damage|p1a: Gliscor|56\/100\n|-unboost|p1a: Gliscor|def|1\n|move|p2a: Mantine|Icy Wind|p1b: Aegislash|[spread] p1a\n|-activate|p1b: Aegislash|move: Protect\n|-supereffective|p1a: Gliscor\n|-damage|p1a: Gliscor|12\/100\n|-unboost|p1a: Gliscor|spe|1\n|\n|-status|p1a: Gliscor|tox|[from] item: Toxic Orb\n|upkeep\n|turn|10\n|\n|t:|1695351050\n|switch|p2a: Houndoom|Houndoom, F|100\/100\n|move|p1a: Gliscor|Protect|p1a: Gliscor\n|-singleturn|p1a: Gliscor|Protect\n|move|p2b: Krookodile|Crunch|p1a: Gliscor\n|-activate|p1a: Gliscor|move: Protect\n|-formechange|p1b: Aegislash|Aegislash-Blade||[from] ability: Stance Change\n|move|p1b: Aegislash|Iron Head|p2b: Krookodile\n|-damage|p2b: Krookodile|15\/100\n|\n|-heal|p1a: Gliscor|24\/100 tox|[from] ability: Poison Heal\n|upkeep\n|turn|11\n|\n|t:|1695351073\n|-formechange|p1b: Aegislash|Aegislash||[from] ability: Stance Change\n|move|p1b: Aegislash|King's Shield|p1b: Aegislash\n|-singleturn|p1b: Aegislash|Protect\n|move|p2a: Houndoom|Will-O-Wisp|p1b: Aegislash|[miss]\n|-miss|p2a: Houndoom|p1b: Aegislash\n|move|p2b: Krookodile|Crunch|p1a: Gliscor\n|-damage|p1a: Gliscor|0 fnt\n|faint|p1a: Gliscor\n|-ability|p2b: Krookodile|Moxie|boost\n|-boost|p2b: Krookodile|atk|1\n|\n|upkeep\n|\n|t:|1695351084\n|switch|p1a: Blacephalon|Blacephalon|100\/100\n|turn|12\n|\n|t:|1695351109\n|move|p1a: Blacephalon|Shadow Ball|p2a: Houndoom\n|-resisted|p2a: Houndoom\n|-damage|p2a: Houndoom|69\/100\n|move|p2a: Houndoom|Will-O-Wisp|p1b: Aegislash\n|-status|p1b: Aegislash|brn\n|move|p2b: Krookodile|Crunch|p1a: Blacephalon\n|-supereffective|p1a: Blacephalon\n|-crit|p1a: Blacephalon\n|-enditem|p1a: Blacephalon|Focus Sash\n|-damage|p1a: Blacephalon|1\/100\n|-formechange|p1b: Aegislash|Aegislash-Blade||[from] ability: Stance Change\n|move|p1b: Aegislash|Iron Head|p2a: Houndoom\n|-resisted|p2a: Houndoom\n|-damage|p2a: Houndoom|29\/100\n|\n|-damage|p1b: Aegislash|92\/100 brn|[from] brn\n|upkeep\n|turn|13\n|\n|t:|1695351142\n|-formechange|p1b: Aegislash|Aegislash||[from] ability: Stance Change\n|move|p1b: Aegislash|King's Shield|p1b: Aegislash\n|-singleturn|p1b: Aegislash|Protect\n|move|p1a: Blacephalon|Shadow Ball|p2b: Krookodile\n|-resisted|p2b: Krookodile\n|-damage|p2b: Krookodile|0 fnt\n|faint|p2b: Krookodile\n|-ability|p1a: Blacephalon|Beast Boost|boost\n|-boost|p1a: Blacephalon|spa|1\n|move|p2a: Houndoom|Heat Wave|p1b: Aegislash|[spread] p1a\n|-activate|p1b: Aegislash|move: Protect\n|-resisted|p1a: Blacephalon\n|-damage|p1a: Blacephalon|0 fnt\n|faint|p1a: Blacephalon\n|\n|-damage|p1b: Aegislash|86\/100 brn|[from] brn\n|upkeep\n|\n|t:|1695351160\n|switch|p1a: Flutter Mane|Flutter Mane, tera:Ghost|83\/100\n|switch|p2b: Mantine|Mantine, F|100\/100\n|turn|14\n|\n|t:|1695351194\n|move|p1a: Flutter Mane|Dazzling Gleam|p2b: Mantine|[spread] p2a,p2b\n|-damage|p2a: Houndoom|0 fnt\n|-damage|p2b: Mantine|78\/100\n|faint|p2a: Houndoom\n|move|p2b: Mantine|Tailwind|p2b: Mantine\n|-sidestart|p2: butoseason|move: Tailwind\n|-formechange|p1b: Aegislash|Aegislash-Blade||[from] ability: Stance Change\n|move|p1b: Aegislash|Shadow Ball|p2b: Mantine\n|-damage|p2b: Mantine|53\/100\n|\n|-heal|p2b: Mantine|59\/100|[from] item: Leftovers\n|-damage|p1b: Aegislash|80\/100 brn|[from] brn\n|upkeep\n|\n|t:|1695351206\n|switch|p2a: Mr. Mime|Mr. Mime, F|100\/100\n|turn|15\n|\n|t:|1695351228\n|-formechange|p1b: Aegislash|Aegislash||[from] ability: Stance Change\n|move|p1b: Aegislash|King's Shield|p1b: Aegislash\n|-singleturn|p1b: Aegislash|Protect\n|move|p2a: Mr. Mime|Follow Me|p2a: Mr. Mime\n|-singleturn|p2a: Mr. Mime|move: Follow Me\n|move|p1a: Flutter Mane|Shadow Ball|p2a: Mr. Mime\n|-supereffective|p2a: Mr. Mime\n|-damage|p2a: Mr. Mime|18\/100\n|move|p2b: Mantine|Surf|p1b: Aegislash|[spread] p2a,p1a\n|-activate|p1b: Aegislash|move: Protect\n|-damage|p2a: Mr. Mime|0 fnt\n|-damage|p1a: Flutter Mane|63\/100\n|faint|p2a: Mr. Mime\n|\n|-heal|p2b: Mantine|65\/100|[from] item: Leftovers\n|-damage|p1b: Aegislash|74\/100 brn|[from] brn\n|upkeep\n|turn|16\n|-message|butoseason forfeited.\n|\n|win|goshia25\n|raw|goshia25's rating: 1000 &rarr; <strong>1053<\/strong><br \/>(+53 for winning)\n|raw|butoseason's rating: 1116 &rarr; <strong>1083<\/strong><br \/>(-33 for losing)\n|l|\u2606butoseason\n","uploadtime":1695351263,"views":14,"p1id":"goshia25","p2id":"butoseason","formatid":"gen9nationaldexdoubles","rating":1053,"private":0,"password":""}