{"id":"gen9nationaldexdoubles-1972886131","p1":"hogocog","p2":"myarip","format":"[Gen 9] National Dex Doubles","log":"|j|\u2606hogocog\n|j|\u2606myarip\n|t:|1697905582\n|gametype|doubles\n|player|p1|hogocog|pokekid|\n|player|p2|myarip|sabrina|\n|teamsize|p1|6\n|teamsize|p2|6\n|gen|9\n|tier|[Gen 9] National Dex Doubles\n|rule|HP Percentage Mod: HP is shown in percentages\n|rule|Endless Battle Clause: Forcing endless battles is banned\n|rule|OHKO Clause: OHKO moves are banned\n|rule|Evasion Moves Clause: Evasion moves are banned\n|rule|Evasion Abilities Clause: Evasion abilities are banned\n|rule|Species Clause: Limit one of each Pok\u00e9mon\n|rule|Gravity Sleep Clause: The combination of sleep-inducing moves with imperfect accuracy and Gravity or Gigantamax Orbeetle are banned\n|clearpoke\n|poke|p1|Greninja-*, M|\n|poke|p1|Palafin, F|\n|poke|p1|Ursaluna-Bloodmoon, M|\n|poke|p1|Gholdengo|\n|poke|p1|Ferrothorn, F|\n|poke|p1|Darmanitan-Galar, F|\n|poke|p2|Weezing-Galar, F|\n|poke|p2|Iron Valiant|\n|poke|p2|Mimikyu, M|\n|poke|p2|Sylveon, M|\n|poke|p2|Comfey, M|\n|poke|p2|Azumarill, M|\n|teampreview\n|j| CloysterEnjoyer\n|\n|t:|1697905616\n|start\n|switch|p1a: Ferrothorn|Ferrothorn, F|100\/100\n|switch|p1b: Ursaluna|Ursaluna-Bloodmoon, M|100\/100\n|switch|p2a: Weezing|Weezing-Galar, F|100\/100\n|switch|p2b: Iron Valiant|Iron Valiant|100\/100\n|-enditem|p2b: Iron Valiant|Booster Energy\n|-activate|p2b: Iron Valiant|ability: Quark Drive|[fromitem]\n|-start|p2b: Iron Valiant|quarkdrivespe\n|turn|1\n|\n|t:|1697905666\n|move|p2b: Iron Valiant|Leaf Blade|p1b: Ursaluna\n|-supereffective|p1b: Ursaluna\n|-damage|p1b: Ursaluna|57\/100\n|move|p1b: Ursaluna|Blood Moon|p2b: Iron Valiant\n|-damage|p2b: Iron Valiant|0 fnt\n|faint|p2b: Iron Valiant\n|-end|p2b: Iron Valiant|Quark Drive|[silent]\n|move|p2a: Weezing|Misty Terrain|p2a: Weezing\n|-fieldstart|move: Misty Terrain\n|move|p1a: Ferrothorn|Spikes|p2a: Weezing\n|-sidestart|p2: myarip|Spikes\n|\n|upkeep\n|\n|t:|1697905684\n|switch|p2b: Mimikyu|Mimikyu, M|100\/100\n|-damage|p2b: Mimikyu|88\/100|[from] Spikes\n|turn|2\n|\n|t:|1697905704\n|move|p1b: Ursaluna|Vacuum Wave|p2b: Mimikyu\n|-resisted|p2b: Mimikyu\n|-activate|p2b: Mimikyu|ability: Disguise\n|-damage|p2b: Mimikyu|88\/100\n|detailschange|p2b: Mimikyu|Mimikyu-Busted, M\n|-damage|p2b: Mimikyu|76\/100|[from] pokemon: Mimikyu-Busted\n|move|p2b: Mimikyu|Swords Dance|p2b: Mimikyu\n|-boost|p2b: Mimikyu|atk|2\n|move|p2a: Weezing|Toxic|p1b: Ursaluna\n|-activate|p1b: Ursaluna|move: Misty Terrain\n|move|p1a: Ferrothorn|Leech Seed|p2b: Mimikyu\n|-start|p2b: Mimikyu|move: Leech Seed\n|\n|-damage|p2b: Mimikyu|64\/100|[from] Leech Seed|[of] p1a: Ferrothorn\n|upkeep\n|turn|3\n|\n|t:|1697905735\n|move|p2b: Mimikyu|Protect|p2b: Mimikyu\n|-singleturn|p2b: Mimikyu|Protect\n|move|p1b: Ursaluna|Blood Moon|p2a: Weezing\n|-damage|p2a: Weezing|6\/100\n|move|p2a: Weezing|Strange Steam|p1b: Ursaluna\n|-damage|p1b: Ursaluna|23\/100\n|move|p1a: Ferrothorn|Leech Seed|p2a: Weezing|[miss]\n|-miss|p1a: Ferrothorn|p2a: Weezing\n|\n|-damage|p2b: Mimikyu|51\/100|[from] Leech Seed|[of] p1a: Ferrothorn\n|upkeep\n|turn|4\n|j| PiplupNEO\n|\n|t:|1697905748\n|move|p1b: Ursaluna|Vacuum Wave|p2a: Weezing\n|-resisted|p2a: Weezing\n|-damage|p2a: Weezing|2\/100\n|move|p2b: Mimikyu|Drain Punch|p1a: Ferrothorn\n|-supereffective|p1a: Ferrothorn\n|-damage|p1a: Ferrothorn|30\/100\n|-heal|p2b: Mimikyu|99\/100|[from] drain|[of] p1a: Ferrothorn\n|-damage|p2b: Mimikyu|88\/100|[from] ability: Iron Barbs|[of] p1a: Ferrothorn\n|move|p2a: Weezing|Strange Steam|p1b: Ursaluna\n|-damage|p1b: Ursaluna|0 fnt\n|faint|p1b: Ursaluna\n|move|p1a: Ferrothorn|Spikes|p2b: Mimikyu\n|-sidestart|p2: myarip|Spikes\n|\n|-heal|p1a: Ferrothorn|36\/100|[from] item: Leftovers\n|-damage|p2b: Mimikyu|75\/100|[from] Leech Seed|[of] p1a: Ferrothorn\n|-heal|p1a: Ferrothorn|45\/100|[silent]\n|upkeep\n|\n|t:|1697905762\n|switch|p1b: Palafin|Palafin, F|100\/100\n|turn|5\n|\n|t:|1697905773\n|move|p1b: Palafin|Flip Turn|p2b: Mimikyu\n|-damage|p2b: Mimikyu|17\/100\n|\n|t:|1697905780\n|detailschange|p1b: Palafin|Palafin-Hero, F\n|switch|p1b: Darmanitan|Darmanitan-Galar, F|100\/100|[from] Flip Turn\n|move|p2b: Mimikyu|Drain Punch|p1a: Ferrothorn\n|-supereffective|p1a: Ferrothorn\n|-damage|p1a: Ferrothorn|0 fnt\n|-heal|p2b: Mimikyu|49\/100|[from] drain|[of] p1a: Ferrothorn\n|-damage|p2b: Mimikyu|36\/100|[from] ability: Iron Barbs|[of] p1a: Ferrothorn\n|faint|p1a: Ferrothorn\n|move|p2a: Weezing|Toxic|p1b: Darmanitan\n|-activate|p1b: Darmanitan|move: Misty Terrain\n|\n|upkeep\n|\n|t:|1697905792\n|switch|p1a: Greninja|Greninja, M|100\/100\n|turn|6\n|\n|t:|1697905804\n|move|p1a: Greninja|Water Shuriken|p2b: Mimikyu\n|-damage|p2b: Mimikyu|25\/100\n|-damage|p2b: Mimikyu|14\/100\n|-hitcount|p2b: Mimikyu|2\n|-damage|p1a: Greninja|91\/100|[from] item: Life Orb\n|move|p1b: Darmanitan|U-turn|p2a: Weezing\n|-resisted|p2a: Weezing\n|-damage|p2a: Weezing|0 fnt\n|faint|p2a: Weezing\n|\n|t:|1697905813\n|switch|p1b: Gholdengo|Gholdengo|100\/100|[from] U-turn\n|move|p2b: Mimikyu|Drain Punch|p1b: Gholdengo\n|-immune|p1b: Gholdengo\n|\n|-damage|p2b: Mimikyu|2\/100|[from] Leech Seed|[of] p1a: Greninja\n|-heal|p1a: Greninja|100\/100|[silent]\n|upkeep\n|\n|t:|1697905823\n|switch|p2a: Sylveon|Sylveon, M|100\/100\n|-damage|p2a: Sylveon|84\/100|[from] Spikes\n|turn|7\n|c| CloysterEnjoyer|oh\n|\n|t:|1697905837\n|-terastallize|p2a: Sylveon|Fairy\n|move|p2b: Mimikyu|Protect|p2b: Mimikyu\n|-singleturn|p2b: Mimikyu|Protect\n|move|p1a: Greninja|Water Shuriken|p2b: Mimikyu\n|-activate|p2b: Mimikyu|move: Protect\n|move|p1b: Gholdengo|Trick|p2a: Sylveon\n|-activate|p1b: Gholdengo|move: Trick|[of] p2a: Sylveon\n|-item|p2a: Sylveon|Choice Scarf|[from] move: Trick\n|-item|p1b: Gholdengo|Leftovers|[from] move: Trick\n|move|p2a: Sylveon|Hyper Voice|p1a: Greninja|[spread] p1a,p1b\n|-supereffective|p1a: Greninja\n|-crit|p1a: Greninja\n|-resisted|p1b: Gholdengo\n|-damage|p1a: Greninja|0 fnt\n|-damage|p1b: Gholdengo|71\/100\n|faint|p1a: Greninja\n|\n|-heal|p1b: Gholdengo|77\/100|[from] item: Leftovers\n|upkeep\n|\n|t:|1697905853\n|switch|p1a: Darmanitan|Darmanitan-Galar, F|100\/100\n|turn|8\n|\n|t:|1697905883\n|-terastallize|p1b: Gholdengo|Water\n|move|p1a: Darmanitan|Earthquake|p2a: Sylveon|[spread] p1b,p2a,p2b\n|-crit|p2a: Sylveon\n|-damage|p1b: Gholdengo|33\/100\n|-damage|p2a: Sylveon|13\/100\n|-damage|p2b: Mimikyu|0 fnt\n|faint|p2b: Mimikyu\n|move|p1b: Gholdengo|Trick|p2a: Sylveon\n|-activate|p1b: Gholdengo|move: Trick|[of] p2a: Sylveon\n|-item|p2a: Sylveon|Leftovers|[from] move: Trick\n|-item|p1b: Gholdengo|Choice Scarf|[from] move: Trick\n|move|p2a: Sylveon|Hyper Voice|p1a: Darmanitan|[spread] p1a,p1b\n|-damage|p1a: Darmanitan|22\/100\n|-damage|p1b: Gholdengo|0 fnt\n|faint|p1b: Gholdengo\n|\n|-heal|p2a: Sylveon|20\/100|[from] item: Leftovers\n|-fieldend|Misty Terrain\n|upkeep\n|\n|t:|1697905896\n|switch|p1b: Palafin|Palafin-Hero, F|100\/100\n|switch|p2b: Comfey|Comfey, M|100\/100\n|-activate|p1b: Palafin|ability: Zero to Hero\n|turn|9\n|c| CloysterEnjoyer|yesss\n|\n|t:|1697905919\n|move|p2b: Comfey|Floral Healing|p2a: Sylveon\n|-heal|p2a: Sylveon|70\/100\n|move|p1a: Darmanitan|Earthquake|p2a: Sylveon|[spread] p1b,p2a,p2b\n|-damage|p1b: Palafin|57\/100\n|-damage|p2a: Sylveon|20\/100\n|-damage|p2b: Comfey|53\/100\n|move|p1b: Palafin|Zen Headbutt|p2a: Sylveon\n|-damage|p2a: Sylveon|0 fnt\n|faint|p2a: Sylveon\n|\n|upkeep\n|c|\u2606myarip|I hate this\n|\n|t:|1697905924\n|switch|p2a: Azumarill|Azumarill, M|100\/100\n|-damage|p2a: Azumarill|84\/100|[from] Spikes\n|turn|10\n|c| PiplupNEO|cmon myari\n|\n|t:|1697905977\n|move|p1a: Darmanitan|Earthquake|p2a: Azumarill|[spread] p1b,p2a,p2b\n|-damage|p1b: Palafin|14\/100\n|-damage|p2a: Azumarill|37\/100\n|-damage|p2b: Comfey|6\/100\n|move|p1b: Palafin|Zen Headbutt|p2a: Azumarill\n|-damage|p2a: Azumarill|0 fnt\n|faint|p2a: Azumarill\n|move|p2b: Comfey|Pollen Puff|p1b: Palafin\n|-damage|p1b: Palafin|0 fnt\n|faint|p1b: Palafin\n|\n|upkeep\n|turn|11\n|\n|t:|1697905988\n|move|p1a: Darmanitan|Earthquake|p2b: Comfey\n|-damage|p2b: Comfey|0 fnt\n|faint|p2b: Comfey\n|\n|win|hogocog\n|c| PiplupNEO|nooooo\n|c|\u2606myarip|UGh\n|c| CloysterEnjoyer|damn\n|c| PiplupNEO|that was so close\n|c|\u2606hogocog|gg\n","uploadtime":1697906001,"views":5,"p1id":"hogocog","p2id":"myarip","formatid":"gen9nationaldexdoubles","rating":0,"private":0,"password":""}