{"id":"gen9nationaldexdoubles-1983295924","p1":"Xalvadore","p2":"the maraculous","format":"[Gen 9] National Dex Doubles","log":"|j|\u2606Xalvadore\n|j|\u2606the maraculous\n|t:|1699115296\n|gametype|doubles\n|player|p1|Xalvadore|marnie|1305\n|player|p2|the maraculous|dragontamer|1487\n|teamsize|p1|6\n|teamsize|p2|6\n|gen|9\n|tier|[Gen 9] National Dex Doubles\n|rated|\n|rule|HP Percentage Mod: HP is shown in percentages\n|rule|Endless Battle Clause: Forcing endless battles is banned\n|rule|OHKO Clause: OHKO moves are banned\n|rule|Evasion Moves Clause: Evasion moves are banned\n|rule|Evasion Abilities Clause: Evasion abilities are banned\n|rule|Species Clause: Limit one of each Pok\u00e9mon\n|rule|Gravity Sleep Clause: The combination of sleep-inducing moves with imperfect accuracy and Gravity or Gigantamax Orbeetle are banned\n|clearpoke\n|poke|p1|Cresselia, F|\n|poke|p1|Heatran, M|\n|poke|p1|Slowking, F|\n|poke|p1|Abomasnow, M|\n|poke|p1|Scizor, F|\n|poke|p1|Dragonite, F|\n|poke|p2|Gallade, M|\n|poke|p2|Moltres-Galar|\n|poke|p2|Charizard, F|\n|poke|p2|Comfey, M|\n|poke|p2|Goodra-Hisui, M|\n|poke|p2|Espathra, M|\n|teampreview\n|\n|t:|1699115312\n|start\n|switch|p1a: Cresselia|Cresselia, F|100\/100\n|switch|p1b: Heatran|Heatran, M|100\/100\n|switch|p2a: Moltres|Moltres-Galar|100\/100\n|switch|p2b: Comfey|Comfey, M|100\/100\n|turn|1\n|\n|t:|1699115323\n|move|p2a: Moltres|Nasty Plot|p2a: Moltres\n|-boost|p2a: Moltres|spa|2\n|move|p2b: Comfey|Leech Seed|p1b: Heatran\n|-start|p1b: Heatran|move: Leech Seed\n|move|p1b: Heatran|Heat Wave|p2a: Moltres|[spread] p2a,p2b\n|-damage|p2a: Moltres|63\/100\n|-damage|p2b: Comfey|40\/100\n|move|p1a: Cresselia|Trick Room|p1a: Cresselia\n|-fieldstart|move: Trick Room|[of] p1a: Cresselia\n|\n|-damage|p1b: Heatran|88\/100|[from] Leech Seed|[of] p2b: Comfey\n|-heal|p2b: Comfey|64\/100|[silent]\n|upkeep\n|turn|2\n|\n|t:|1699115337\n|move|p1a: Cresselia|Helping Hand|p1b: Heatran\n|-singleturn|p1b: Heatran|Helping Hand|[of] p1a: Cresselia\n|move|p2b: Comfey|Floral Healing|p2a: Moltres\n|-heal|p2a: Moltres|100\/100\n|move|p1b: Heatran|Heat Wave|p2a: Moltres|[spread] p2a,p2b\n|-damage|p2a: Moltres|44\/100\n|-damage|p2b: Comfey|0 fnt\n|faint|p2b: Comfey\n|-ability|p2a: Moltres|Berserk|boost\n|-boost|p2a: Moltres|spa|1\n|-enditem|p2a: Moltres|Sitrus Berry|[eat]\n|-heal|p2a: Moltres|69\/100|[from] item: Sitrus Berry\n|move|p2a: Moltres|Fiery Wrath|p1b: Heatran|[spread] p1a,p1b\n|-supereffective|p1a: Cresselia\n|-damage|p1a: Cresselia|16\/100\n|-damage|p1b: Heatran|26\/100\n|-enditem|p1a: Cresselia|Sitrus Berry|[eat]\n|-heal|p1a: Cresselia|41\/100|[from] item: Sitrus Berry\n|\n|upkeep\n|\n|t:|1699115352\n|switch|p2b: Gallade|Gallade, M|100\/100\n|turn|3\n|\n|t:|1699115361\n|move|p2b: Gallade|Wide Guard|p2b: Gallade\n|-singleturn|p2b: Gallade|Wide Guard\n|move|p1a: Cresselia|Psyshock|p2b: Gallade\n|-damage|p2b: Gallade|67\/100\n|move|p1b: Heatran|Flash Cannon|p2a: Moltres\n|-damage|p2a: Moltres|32\/100\n|-ability|p2a: Moltres|Berserk|boost\n|-boost|p2a: Moltres|spa|1\n|move|p2a: Moltres|Fiery Wrath|p1a: Cresselia|[spread] p1a,p1b\n|-supereffective|p1a: Cresselia\n|-damage|p1a: Cresselia|0 fnt\n|-damage|p1b: Heatran|0 fnt\n|faint|p1a: Cresselia\n|faint|p1b: Heatran\n|\n|upkeep\n|\n|t:|1699115376\n|switch|p1a: Abomasnow|Abomasnow, M|100\/100\n|switch|p1b: Scizor|Scizor, F|100\/100\n|-weather|Snow|[from] ability: Snow Warning|[of] p1a: Abomasnow\n|turn|4\n|\n|t:|1699115384\n|switch|p2a: Goodra|Goodra-Hisui, M|100\/100\n|move|p1b: Scizor|Bullet Punch|p2a: Goodra\n|-resisted|p2a: Goodra\n|-damage|p2a: Goodra|84\/100\n|move|p1a: Abomasnow|Blizzard|p2a: Goodra|[spread] p2a,p2b\n|-damage|p2a: Goodra|63\/100\n|-damage|p2b: Gallade|34\/100\n|move|p2b: Gallade|Sacred Sword|p1a: Abomasnow\n|-supereffective|p1a: Abomasnow\n|-enditem|p1a: Abomasnow|Focus Sash\n|-damage|p1a: Abomasnow|1\/100\n|\n|-weather|Snow|[upkeep]\n|upkeep\n|turn|5\n|\n|t:|1699115418\n|move|p1a: Abomasnow|Protect|p1a: Abomasnow\n|-singleturn|p1a: Abomasnow|Protect\n|move|p2b: Gallade|Wide Guard|p2b: Gallade\n|-singleturn|p2b: Gallade|Wide Guard\n|move|p1b: Scizor|Bullet Punch|p2b: Gallade\n|-damage|p2b: Gallade|0 fnt\n|faint|p2b: Gallade\n|move|p2a: Goodra|Flash Cannon|p1a: Abomasnow\n|-activate|p1a: Abomasnow|move: Protect\n|\n|-weather|Snow|[upkeep]\n|-fieldend|move: Trick Room\n|upkeep\n|\n|t:|1699115424\n|switch|p2b: Charizard|Charizard, F|100\/100\n|turn|6\n|\n|t:|1699115437\n|switch|p1b: Slowking|Slowking, F|100\/100\n|move|p2b: Charizard|Dragon Dance|p2b: Charizard\n|-boost|p2b: Charizard|atk|1\n|-boost|p2b: Charizard|spe|1\n|move|p2a: Goodra|Flash Cannon|p1a: Abomasnow\n|-supereffective|p1a: Abomasnow\n|-damage|p1a: Abomasnow|0 fnt\n|faint|p1a: Abomasnow\n|\n|-weather|Snow|[upkeep]\n|upkeep\n|\n|t:|1699115447\n|switch|p1a: Dragonite|Dragonite, F|100\/100\n|turn|7\n|\n|t:|1699115456\n|detailschange|p2b: Charizard|Charizard-Mega-X, F\n|-mega|p2b: Charizard|Charizard|Charizardite X\n|move|p1a: Dragonite|Protect|p1a: Dragonite\n|-singleturn|p1a: Dragonite|Protect\n|move|p2b: Charizard|Thunder Punch|p1b: Slowking\n|-supereffective|p1b: Slowking\n|-damage|p1b: Slowking|0 fnt\n|faint|p1b: Slowking\n|move|p2a: Goodra|Dragon Pulse|p1a: Dragonite\n|-activate|p1a: Dragonite|move: Protect\n|\n|-weather|Snow|[upkeep]\n|upkeep\n|\n|t:|1699115469\n|switch|p1b: Scizor|Scizor, F|100\/100\n|turn|8\n|\n|t:|1699115479\n|-terastallize|p1a: Dragonite|Dragon\n|move|p1b: Scizor|Protect|p1b: Scizor\n|-singleturn|p1b: Scizor|Protect\n|move|p2b: Charizard|Fire Punch|p1b: Scizor\n|-activate|p1b: Scizor|move: Protect\n|move|p1a: Dragonite|Dragon Claw|p2b: Charizard\n|-supereffective|p2b: Charizard\n|-damage|p2b: Charizard|0 fnt\n|faint|p2b: Charizard\n|move|p2a: Goodra|Dragon Pulse|p1a: Dragonite\n|-supereffective|p1a: Dragonite\n|-enditem|p1a: Dragonite|Haban Berry|[eat]\n|-enditem|p1a: Dragonite|Haban Berry|[weaken]\n|-damage|p1a: Dragonite|82\/100\n|\n|-weather|none\n|upkeep\n|\n|t:|1699115486\n|switch|p2b: Espathra|Espathra, M|100\/100\n|turn|9\n|\n|t:|1699115501\n|move|p2b: Espathra|Protect|p2b: Espathra\n|-singleturn|p2b: Espathra|Protect\n|move|p1a: Dragonite|Fire Punch|p2a: Goodra\n|-damage|p2a: Goodra|36\/100\n|move|p1b: Scizor|Swords Dance|p1b: Scizor\n|-boost|p1b: Scizor|atk|2\n|move|p2a: Goodra|Body Press|p1b: Scizor\n|-damage|p1b: Scizor|78\/100\n|\n|-ability|p2b: Espathra|Speed Boost|boost\n|-boost|p2b: Espathra|spe|1\n|upkeep\n|turn|10\n|\n|t:|1699115515\n|move|p2b: Espathra|Calm Mind|p2b: Espathra\n|-boost|p2b: Espathra|spa|1\n|-boost|p2b: Espathra|spd|1\n|move|p1a: Dragonite|Fire Punch|p2a: Goodra\n|-damage|p2a: Goodra|12\/100\n|move|p1b: Scizor|Bug Bite|p2b: Espathra\n|-supereffective|p2b: Espathra\n|-enditem|p2b: Espathra|Focus Sash\n|-damage|p2b: Espathra|1\/100\n|move|p2a: Goodra|Dragon Pulse|p1a: Dragonite\n|-supereffective|p1a: Dragonite\n|-damage|p1a: Dragonite|10\/100\n|\n|-ability|p2b: Espathra|Speed Boost|boost\n|-boost|p2b: Espathra|spe|1\n|upkeep\n|turn|11\n|-message|the maraculous forfeited.\n|\n|win|Xalvadore\n|raw|Xalvadore's rating: 1305 &rarr; <strong>1335<\/strong><br \/>(+30 for winning)\n|raw|the maraculous's rating: 1487 &rarr; <strong>1457<\/strong><br \/>(-30 for losing)\n|l|\u2606the maraculous\n|c|\u2606Xalvadore|gg\n","uploadtime":1699115548,"views":6,"p1id":"xalvadore","p2id":"themaraculous","formatid":"gen9nationaldexdoubles","rating":1335,"private":0,"password":""}