{"id":"gen9nationaldexdoubles-1948298745","p1":"kingspeed51","p2":"FuniPlagueMan","format":"[Gen 9] National Dex Doubles","log":"|j|\u2606kingspeed51\n|j|\u2606FuniPlagueMan\n|t:|1695246313\n|gametype|doubles\n|player|p1|kingspeed51|170|1112\n|player|p2|FuniPlagueMan|roxie|1210\n|teamsize|p1|6\n|teamsize|p2|6\n|gen|9\n|tier|[Gen 9] National Dex Doubles\n|rated|\n|rule|HP Percentage Mod: HP is shown in percentages\n|rule|Endless Battle Clause: Forcing endless battles is banned\n|rule|OHKO Clause: OHKO moves are banned\n|rule|Evasion Moves Clause: Evasion moves are banned\n|rule|Evasion Abilities Clause: Evasion abilities are banned\n|rule|Species Clause: Limit one of each Pok\u00e9mon\n|rule|Gravity Sleep Clause: The combination of sleep-inducing moves with imperfect accuracy and Gravity or Gigantamax Orbeetle are banned\n|clearpoke\n|poke|p1|Metagross|\n|poke|p1|Roaring Moon|\n|poke|p1|Milotic, F|\n|poke|p1|Sinistcha|\n|poke|p1|Talonflame, M|\n|poke|p1|Chansey, F|\n|poke|p2|Gothitelle, F|\n|poke|p2|Breloom, M|\n|poke|p2|Azumarill, M|\n|poke|p2|Oricorio-Sensu, F|\n|poke|p2|Ampharos, F|\n|poke|p2|Decidueye-Hisui, M|\n|teampreview\n|inactive|Battle timer is ON: inactive players will automatically lose when time's up. (requested by FuniPlagueMan)\n|\n|t:|1695246321\n|start\n|switch|p1a: Talonflame|Talonflame, M|100\/100\n|switch|p1b: Roaring Moon|Roaring Moon|100\/100\n|switch|p2a: Gothitelle|Gothitelle, F|100\/100\n|switch|p2b: Azumarill|Azumarill, M|100\/100\n|-enditem|p1b: Roaring Moon|Booster Energy\n|-activate|p1b: Roaring Moon|ability: Protosynthesis|[fromitem]\n|-start|p1b: Roaring Moon|protosynthesisatk\n|turn|1\n|\n|t:|1695246349\n|move|p1a: Talonflame|Protect|p1a: Talonflame\n|-singleturn|p1a: Talonflame|Protect\n|move|p1b: Roaring Moon|Jaw Lock|p2a: Gothitelle\n|-supereffective|p2a: Gothitelle\n|-damage|p2a: Gothitelle|0 fnt\n|faint|p2a: Gothitelle\n|move|p2b: Azumarill|Belly Drum|p2b: Azumarill\n|-damage|p2b: Azumarill|51\/100\n|-setboost|p2b: Azumarill|atk|6|[from] move: Belly Drum\n|\n|upkeep\n|\n|t:|1695246362\n|switch|p2a: Oricorio|Oricorio-Sensu, F, shiny|100\/100\n|turn|2\n|\n|t:|1695246376\n|-terastallize|p2a: Oricorio|Fighting\n|move|p1a: Talonflame|Brave Bird|p2b: Azumarill\n|-damage|p2b: Azumarill|15\/100\n|-damage|p1a: Talonflame|87\/100|[from] Recoil\n|move|p1b: Roaring Moon|Jaw Lock|p2a: Oricorio\n|-resisted|p2a: Oricorio\n|-damage|p2a: Oricorio|60\/100\n|-activate|p1b: Roaring Moon|trapped\n|-activate|p2a: Oricorio|trapped\n|move|p2b: Azumarill|Ice Spinner|p1b: Roaring Moon\n|-supereffective|p1b: Roaring Moon\n|-damage|p1b: Roaring Moon|0 fnt\n|faint|p1b: Roaring Moon\n|-end|p1b: Roaring Moon|Protosynthesis|[silent]\n|-damage|p2b: Azumarill|5\/100|[from] item: Life Orb\n|move|p2a: Oricorio|Revelation Dance|p1a: Talonflame\n|-resisted|p1a: Talonflame\n|-damage|p1a: Talonflame|58\/100\n|\n|upkeep\n|\n|t:|1695246395\n|switch|p1b: Sinistcha|Sinistcha|100\/100\n|-heal|p1a: Talonflame|83\/100|[from] ability: Hospitality|[of] p1b: Sinistcha\n|turn|3\n|\n|t:|1695246412\n|move|p1a: Talonflame|Brave Bird|p2a: Oricorio\n|-supereffective|p2a: Oricorio\n|-damage|p2a: Oricorio|0 fnt\n|faint|p2a: Oricorio\n|-damage|p1a: Talonflame|64\/100|[from] Recoil\n|move|p1b: Sinistcha|Matcha Gotcha|p2b: Azumarill|[miss]\n|-miss|p1b: Sinistcha|p2b: Azumarill\n|move|p2b: Azumarill|Ice Spinner|p1b: Sinistcha\n|-supereffective|p1b: Sinistcha\n|-damage|p1b: Sinistcha|0 fnt\n|faint|p1b: Sinistcha\n|-damage|p2b: Azumarill|0 fnt|[from] item: Life Orb\n|faint|p2b: Azumarill\n|\n|upkeep\n|\n|t:|1695246432\n|switch|p1b: Metagross|Metagross|100\/100\n|switch|p2a: Ampharos|Ampharos, F, shiny|100\/100\n|switch|p2b: Decidueye|Decidueye-Hisui, M|100\/100\n|turn|4\n|\n|t:|1695246444\n|detailschange|p2a: Ampharos|Ampharos-Mega, F, shiny\n|-mega|p2a: Ampharos|Ampharos|Ampharosite\n|-ability|p2a: Ampharos|Mold Breaker\n|-terastallize|p1b: Metagross|Ground\n|move|p1a: Talonflame|Flare Blitz|p2b: Decidueye\n|-supereffective|p2b: Decidueye\n|-damage|p2b: Decidueye|26\/100\n|-damage|p1a: Talonflame|38\/100|[from] Recoil\n|move|p1b: Metagross|Earthquake|p2a: Ampharos|[spread] p2a,p2b\n|-immune|p1a: Talonflame\n|-supereffective|p2a: Ampharos\n|-resisted|p2b: Decidueye\n|-damage|p2a: Ampharos|37\/100\n|-damage|p2b: Decidueye|6\/100\n|move|p2b: Decidueye|Triple Arrows|p1b: Metagross\n|-damage|p1b: Metagross|55\/100\n|move|p2a: Ampharos|Thunderbolt|p1a: Talonflame\n|-supereffective|p1a: Talonflame\n|-damage|p1a: Talonflame|0 fnt\n|faint|p1a: Talonflame\n|\n|upkeep\n|\n|t:|1695246467\n|switch|p1a: Chansey|Chansey, F|100\/100\n|turn|5\n|\n|t:|1695246480\n|move|p1b: Metagross|Earthquake|p2a: Ampharos|[spread] p1a,p2a,p2b\n|-supereffective|p2a: Ampharos\n|-resisted|p2b: Decidueye\n|-damage|p1a: Chansey|76\/100\n|-damage|p2a: Ampharos|0 fnt\n|-damage|p2b: Decidueye|0 fnt\n|faint|p2a: Ampharos\n|faint|p2b: Decidueye\n|move|p1a: Chansey|Soft-Boiled|p1a: Chansey\n|-heal|p1a: Chansey|100\/100\n|\n|upkeep\n|\n|t:|1695246485\n|switch|p2a: Breloom|Breloom, M|100\/100\n|turn|6\n|\n|t:|1695246502\n|move|p1b: Metagross|Ice Punch|p2a: Breloom\n|-supereffective|p2a: Breloom\n|-damage|p2a: Breloom|30\/100\n|move|p1a: Chansey|Toxic|p2a: Breloom\n|-status|p2a: Breloom|tox\n|move|p2a: Breloom|Bullet Seed|p1b: Metagross\n|-supereffective|p1b: Metagross\n|-damage|p1b: Metagross|1\/100\n|-enditem|p1b: Metagross|Weakness Policy\n|-boost|p1b: Metagross|atk|2|[from] item: Weakness Policy\n|-boost|p1b: Metagross|spa|2|[from] item: Weakness Policy\n|-supereffective|p1b: Metagross\n|-damage|p1b: Metagross|0 fnt\n|faint|p1b: Metagross\n|-hitcount|p1: Metagross|2\n|\n|-damage|p2a: Breloom|24\/100 tox|[from] psn\n|upkeep\n|\n|t:|1695246516\n|switch|p1b: Milotic|Milotic, F|100\/100\n|turn|7\n|\n|t:|1695246524\n|move|p1b: Milotic|Protect|p1b: Milotic\n|-singleturn|p1b: Milotic|Protect\n|move|p1a: Chansey|Seismic Toss|p2a: Breloom\n|-damage|p2a: Breloom|0 fnt\n|faint|p2a: Breloom\n|\n|win|kingspeed51\n|raw|kingspeed51's rating: 1112 &rarr; <strong>1144<\/strong><br \/>(+32 for winning)\n|raw|FuniPlagueMan's rating: 1210 &rarr; <strong>1178<\/strong><br \/>(-32 for losing)\n|l|\u2606FuniPlagueMan\n","uploadtime":1695246533,"views":8,"p1id":"kingspeed51","p2id":"funiplagueman","formatid":"gen9nationaldexdoubles","rating":1144,"private":0,"password":""}