{"id":"gen9nationaldexdoubles-1989851042","p1":"djman346688","p2":"Numa no Kage","format":"[Gen 9] National Dex Doubles","log":"|j|\u2606djman346688\n|j|\u2606Numa no Kage\n|t:|1699901001\n|gametype|doubles\n|player|p1|djman346688|lucy|1309\n|player|p2|Numa no Kage|acetrainer|1346\n|teamsize|p1|6\n|teamsize|p2|6\n|gen|9\n|tier|[Gen 9] National Dex Doubles\n|rated|\n|rule|HP Percentage Mod: HP is shown in percentages\n|rule|Endless Battle Clause: Forcing endless battles is banned\n|rule|OHKO Clause: OHKO moves are banned\n|rule|Evasion Moves Clause: Evasion moves are banned\n|rule|Evasion Abilities Clause: Evasion abilities are banned\n|rule|Species Clause: Limit one of each Pok\u00e9mon\n|rule|Gravity Sleep Clause: The combination of sleep-inducing moves with imperfect accuracy and Gravity or Gigantamax Orbeetle are banned\n|clearpoke\n|poke|p1|Primarina, F|\n|poke|p1|Amoonguss, M|\n|poke|p1|Garchomp, M|\n|poke|p1|Dusclops, F|\n|poke|p1|Scizor, M|\n|poke|p1|Landorus-Therian, M|\n|poke|p2|Tapu Koko|\n|poke|p2|Iron Treads|\n|poke|p2|Aerodactyl, F|\n|poke|p2|Wo-Chien|\n|poke|p2|Kommo-o, F|\n|poke|p2|Murkrow, M|\n|teampreview\n|inactive|Battle timer is ON: inactive players will automatically lose when time's up. (requested by djman346688)\n|inactive|Numa no Kage also wants the timer to be on.\n|\n|t:|1699901017\n|start\n|switch|p1a: Landorus|Landorus-Therian, M|100\/100\n|switch|p1b: Dusclops|Dusclops, F|100\/100\n|switch|p2a: Kolo Muani|Tapu Koko, shiny|100\/100\n|switch|p2b: Donmenic|Iron Treads, shiny|100\/100\n|-ability|p1a: Landorus|Intimidate|boost\n|-unboost|p2a: Kolo Muani|atk|1\n|-unboost|p2b: Donmenic|atk|1\n|-fieldstart|move: Electric Terrain|[from] ability: Electric Surge|[of] p2a: Kolo Muani\n|-activate|p2b: Donmenic|ability: Quark Drive\n|-start|p2b: Donmenic|quarkdrivespe\n|-enditem|p2b: Donmenic|Electric Seed\n|-boost|p2b: Donmenic|def|1|[from] item: Electric Seed\n|-item|p2a: Kolo Muani|Terrain Extender|[from] ability: Frisk|[of] p1b: Dusclops|[identify]\n|turn|1\n|\n|t:|1699901028\n|move|p2b: Donmenic|Iron Head|p1b: Dusclops\n|-damage|p1b: Dusclops|82\/100\n|move|p1a: Landorus|Stomping Tantrum|p2b: Donmenic\n|-supereffective|p2b: Donmenic\n|-damage|p2b: Donmenic|50\/100\n|move|p2a: Kolo Muani|Thunder Wave|p1b: Dusclops|[miss]\n|-miss|p2a: Kolo Muani|p1b: Dusclops\n|move|p1b: Dusclops|Icy Wind|p2a: Kolo Muani|[spread] p2a,p2b\n|-crit|p2a: Kolo Muani\n|-damage|p2a: Kolo Muani|85\/100\n|-damage|p2b: Donmenic|41\/100\n|-unboost|p2a: Kolo Muani|spe|1\n|-unboost|p2b: Donmenic|spe|1\n|\n|upkeep\n|turn|2\n|\n|t:|1699901046\n|move|p1a: Landorus|Stomping Tantrum|p2a: Kolo Muani\n|-supereffective|p2a: Kolo Muani\n|-damage|p2a: Kolo Muani|0 fnt\n|faint|p2a: Kolo Muani\n|move|p2b: Donmenic|Iron Head|p1b: Dusclops\n|-damage|p1b: Dusclops|64\/100\n|move|p1b: Dusclops|Icy Wind|p2b: Donmenic\n|-damage|p2b: Donmenic|29\/100\n|-unboost|p2b: Donmenic|spe|1\n|\n|upkeep\n|\n|t:|1699901055\n|switch|p2a: Floquinho|Wo-Chien|100\/100\n|-ability|p2a: Floquinho|Tablets of Ruin\n|turn|3\n|\n|t:|1699901063\n|move|p1a: Landorus|Stomping Tantrum|p2b: Donmenic\n|-supereffective|p2b: Donmenic\n|-damage|p2b: Donmenic|0 fnt\n|faint|p2b: Donmenic\n|-end|p2b: Donmenic|Quark Drive|[silent]\n|move|p2a: Floquinho|Snarl|p1a: Landorus|[spread] p1a,p1b\n|-supereffective|p1b: Dusclops\n|-damage|p1a: Landorus|75\/100\n|-damage|p1b: Dusclops|39\/100\n|-unboost|p1a: Landorus|spa|1\n|-unboost|p1b: Dusclops|spa|1\n|move|p1b: Dusclops|Icy Wind|p2a: Floquinho\n|-supereffective|p2a: Floquinho\n|-crit|p2a: Floquinho\n|-damage|p2a: Floquinho|89\/100\n|-unboost|p2a: Floquinho|spe|1\n|\n|upkeep\n|\n|t:|1699901083\n|switch|p2b: Rock Dragon|Aerodactyl, F, shiny|100\/100\n|-ability|p2b: Rock Dragon|Pressure\n|turn|4\n|\n|t:|1699901106\n|switch|p1a: Red|Scizor, M|100\/100\n|detailschange|p2b: Rock Dragon|Aerodactyl-Mega, F, shiny\n|-mega|p2b: Rock Dragon|Aerodactyl|Aerodactylite\n|move|p2b: Rock Dragon|Rock Slide|p1b: Dusclops|[spread] p1a,p1b\n|-damage|p1a: Red|68\/100\n|-damage|p1b: Dusclops|23\/100\n|move|p2a: Floquinho|Snarl|p1b: Dusclops|[spread] p1a,p1b\n|-supereffective|p1b: Dusclops\n|-crit|p1b: Dusclops\n|-damage|p1a: Red|47\/100\n|-damage|p1b: Dusclops|0 fnt\n|-unboost|p1a: Red|spa|1\n|faint|p1b: Dusclops\n|\n|upkeep\n|\n|t:|1699901119\n|switch|p1b: Garchomp|Garchomp, M|100\/100\n|turn|5\n|\n|t:|1699901130\n|move|p1a: Red|Bullet Punch|p2b: Rock Dragon\n|-supereffective|p2b: Rock Dragon\n|-damage|p2b: Rock Dragon|14\/100\n|-damage|p1a: Red|37\/100|[from] item: Life Orb\n|move|p2b: Rock Dragon|Fire Fang|p1a: Red\n|-supereffective|p1a: Red\n|-damage|p1a: Red|0 fnt\n|faint|p1a: Red\n|move|p1b: Garchomp|Swords Dance|p1b: Garchomp\n|-boost|p1b: Garchomp|atk|2\n|move|p2a: Floquinho|Giga Drain|p1b: Garchomp\n|-damage|p1b: Garchomp|64\/100\n|-heal|p2a: Floquinho|100\/100|[from] drain|[of] p1b: Garchomp\n|\n|upkeep\n|\n|t:|1699901143\n|switch|p1a: Landorus|Landorus-Therian, M|75\/100\n|-ability|p1a: Landorus|Intimidate|boost\n|-unboost|p2a: Floquinho|atk|1\n|-unboost|p2b: Rock Dragon|atk|1\n|turn|6\n|\n|t:|1699901162\n|move|p1a: Landorus|U-turn|p2a: Floquinho\n|-supereffective|p2a: Floquinho\n|-damage|p2a: Floquinho|25\/100\n|\n|t:|1699901166\n|switch|p1a: SUS|Amoonguss, M|100\/100|[from] U-turn\n|move|p2b: Rock Dragon|Rock Slide|p1b: Garchomp|[spread] p1a,p1b\n|-resisted|p1b: Garchomp\n|-damage|p1a: SUS|86\/100\n|-damage|p1b: Garchomp|56\/100\n|move|p1b: Garchomp|Scale Shot|p2b: Rock Dragon\n|-damage|p2b: Rock Dragon|0 fnt\n|faint|p2b: Rock Dragon\n|-hitcount|p2: Rock Dragon|1\n|-unboost|p1b: Garchomp|def|1\n|-boost|p1b: Garchomp|spe|1\n|move|p2a: Floquinho|Giga Drain|p1b: Garchomp\n|-damage|p1b: Garchomp|17\/100\n|-heal|p2a: Floquinho|44\/100|[from] drain|[of] p1b: Garchomp\n|\n|-heal|p1a: SUS|92\/100|[from] item: Black Sludge\n|upkeep\n|\n|t:|1699901180\n|switch|p2b: Bruxa 71|Murkrow, M, shiny|100\/100\n|turn|7\n|inactive|djman346688 has 120 seconds left.\n|j| calamity2008\n|\n|t:|1699901232\n|move|p2b: Bruxa 71|Taunt|p1a: SUS\n|-start|p1a: SUS|move: Taunt\n|move|p1b: Garchomp|Scale Shot|p2a: Floquinho\n|-damage|p2a: Floquinho|25\/100\n|-damage|p2a: Floquinho|9\/100\n|-hitcount|p2a: Floquinho|2\n|-unboost|p1b: Garchomp|def|1\n|-boost|p1b: Garchomp|spe|1\n|move|p2a: Floquinho|Giga Drain|p1b: Garchomp\n|-damage|p1b: Garchomp|0 fnt\n|-heal|p2a: Floquinho|17\/100|[from] drain|[of] p1b: Garchomp\n|faint|p1b: Garchomp\n|move|p1a: SUS|Pollen Puff|p1: Garchomp|[notarget]\n|-fail|p1a: SUS\n|\n|-heal|p1a: SUS|98\/100|[from] item: Black Sludge\n|upkeep\n|c| calamity2008|i knew you would be on here\n|l|\u2606Numa no Kage\n|inactive|Numa no Kage disconnected and has a minute to reconnect!\n|player|p2|\n|\n|t:|1699901247\n|switch|p1b: Primarina|Primarina, F, shiny|100\/100\n|turn|8\n|c| calamity2008|djmn\n|c| calamity2008|djman\n|c|\u2606djman346688|yea\n|c| calamity2008|im sick as hell right now\n|inactive|Numa no Kage has 30 seconds to reconnect!\n|c|\u2606djman346688|riley told me\n|inactive|Numa no Kage has 20 seconds to reconnect!\n|inactive|Numa no Kage has 15 seconds to reconnect!\n|c| calamity2008|ok well bye bye\n|inactive|Numa no Kage has 10 seconds to reconnect!\n|l| calamity2008\n|inactive|Numa no Kage has 5 seconds to reconnect!\n|j|\u2606Numa no Kage\n|inactive|Numa no Kage reconnected and has 95 seconds left.\n|player|p2|Numa no Kage|acetrainer\n|inactive|Numa no Kage has 90 seconds left.\n|\n|t:|1699901319\n|move|p2b: Bruxa 71|Tailwind|p2b: Bruxa 71\n|-sidestart|p2: Numa no Kage|move: Tailwind\n|move|p2a: Floquinho|Giga Drain|p1b: Primarina\n|-supereffective|p1b: Primarina\n|-damage|p1b: Primarina|40\/100\n|-heal|p2a: Floquinho|45\/100|[from] drain|[of] p1b: Primarina\n|move|p1b: Primarina|Moonblast|p2b: Bruxa 71\n|-supereffective|p2b: Bruxa 71\n|-damage|p2b: Bruxa 71|15\/100\n|move|p1a: SUS|Pollen Puff|p2a: Floquinho\n|-supereffective|p2a: Floquinho\n|-damage|p2a: Floquinho|4\/100\n|\n|-heal|p1a: SUS|100\/100|[from] item: Black Sludge\n|-fieldend|move: Electric Terrain\n|upkeep\n|turn|9\n|inactive|Numa no Kage has 90 seconds left.\n|inactive|djman346688 has 120 seconds left.\n|\n|t:|1699901359\n|move|p1b: Primarina|Protect|p1b: Primarina\n|-singleturn|p1b: Primarina|Protect\n|move|p2b: Bruxa 71|Sucker Punch|p1a: SUS\n|-damage|p1a: SUS|87\/100\n|move|p2a: Floquinho|Giga Drain|p1b: Primarina\n|-activate|p1b: Primarina|move: Protect\n|move|p1a: SUS|Pollen Puff|p2a: Floquinho\n|-supereffective|p2a: Floquinho\n|-damage|p2a: Floquinho|0 fnt\n|faint|p2a: Floquinho\n|\n|-heal|p1a: SUS|93\/100|[from] item: Black Sludge\n|-end|p1a: SUS|move: Taunt\n|upkeep\n|inactive|Numa no Kage has 60 seconds left.\n|l|\u2606Numa no Kage\n|inactive|Numa no Kage disconnected and has a minute to reconnect!\n|player|p2|\n|inactive|Numa no Kage has 30 seconds to reconnect!\n|inactive|Numa no Kage has 20 seconds to reconnect!\n|j|\u2606Numa no Kage\n|inactive|Numa no Kage reconnected and has 20 seconds left.\n|player|p2|Numa no Kage|acetrainer\n|inactive|Numa no Kage has 15 seconds left.\n|inactive|Numa no Kage has 10 seconds left.\n|\n|t:|1699901436\n|switch|p2a: Komi-san|Kommo-o, F|100\/100\n|turn|10\n|inactive|Numa no Kage has 30 seconds left.\n|inactive|djman346688 has 120 seconds left.\n|\n|t:|1699901452\n|move|p2b: Bruxa 71|Sucker Punch|p1b: Primarina\n|-resisted|p1b: Primarina\n|-damage|p1b: Primarina|28\/100\n|move|p2a: Komi-san|Poison Jab|p1b: Primarina\n|-supereffective|p1b: Primarina\n|-damage|p1b: Primarina|0 fnt\n|faint|p1b: Primarina\n|move|p1a: SUS|Pollen Puff|p2b: Bruxa 71\n|-damage|p2b: Bruxa 71|0 fnt\n|faint|p2b: Bruxa 71\n|\n|-heal|p1a: SUS|99\/100|[from] item: Black Sludge\n|upkeep\n|inactive|Numa no Kage has 30 seconds left this turn.\n|\n|t:|1699901457\n|switch|p1b: Landorus|Landorus-Therian, M|75\/100\n|-ability|p1b: Landorus|Intimidate|boost\n|-unboost|p2a: Komi-san|atk|1\n|turn|11\n|\n|t:|1699901482\n|move|p1a: SUS|Protect|p1a: SUS\n|-singleturn|p1a: SUS|Protect\n|-zpower|p2a: Komi-san\n|move|p2a: Komi-san|Clangorous Soulblaze|p1b: Landorus|[zeffect]|[spread] p1a,p1b\n|-zbroken|p1a: SUS\n|-damage|p1a: SUS|89\/100\n|-damage|p1b: Landorus|11\/100\n|-boost|p2a: Komi-san|atk|1\n|-boost|p2a: Komi-san|def|1\n|-boost|p2a: Komi-san|spa|1\n|-boost|p2a: Komi-san|spd|1\n|-boost|p2a: Komi-san|spe|1\n|move|p1b: Landorus|Explosion|p2a: Komi-san|[spread] p2a\n|-activate|p1a: SUS|move: Protect\n|-damage|p2a: Komi-san|51\/100\n|faint|p1b: Landorus\n|\n|-heal|p1a: SUS|95\/100|[from] item: Black Sludge\n|-sideend|p2: Numa no Kage|move: Tailwind\n|upkeep\n|turn|12\n|inactive|djman346688 has 120 seconds left.\n|\n|t:|1699901539\n|-terastallize|p1a: SUS|Steel\n|move|p2a: Komi-san|Earthquake|p1a: SUS\n|-supereffective|p1a: SUS\n|-damage|p1a: SUS|36\/100\n|move|p1a: SUS|Spore|p2a: Komi-san\n|-immune|p2a: Komi-san|[from] ability: Overcoat\n|\n|-damage|p1a: SUS|24\/100|[from] item: Black Sludge\n|upkeep\n|turn|13\n|inactive|Numa no Kage has 60 seconds left.\n|-message|djman346688 forfeited.\n|\n|win|Numa no Kage\n|raw|djman346688's rating: 1309 &rarr; <strong>1291<\/strong><br \/>(-18 for losing)\n|raw|Numa no Kage's rating: 1346 &rarr; <strong>1364<\/strong><br \/>(+18 for winning)\n|l|\u2606djman346688\n","uploadtime":1699901556,"views":22,"p1id":"djman346688","p2id":"numanokage","formatid":"gen9nationaldexdoubles","rating":1291,"private":0,"password":""}