{"id":"gen9nationaldexdoubles-1978895242","p1":"AutumnCookie","p2":"kpoc12","format":"[Gen 9] National Dex Doubles","log":"|j|\u2606AutumnCookie\n|j|\u2606kpoc12\n|t:|1698607561\n|gametype|doubles\n|player|p1|AutumnCookie|ortega|\n|player|p2|kpoc12|grimsley-masters|\n|teamsize|p1|6\n|teamsize|p2|6\n|gen|9\n|tier|[Gen 9] National Dex Doubles\n|rule|HP Percentage Mod: HP is shown in percentages\n|rule|Endless Battle Clause: Forcing endless battles is banned\n|rule|OHKO Clause: OHKO moves are banned\n|rule|Evasion Moves Clause: Evasion moves are banned\n|rule|Evasion Abilities Clause: Evasion abilities are banned\n|rule|Species Clause: Limit one of each Pok\u00e9mon\n|rule|Gravity Sleep Clause: The combination of sleep-inducing moves with imperfect accuracy and Gravity or Gigantamax Orbeetle are banned\n|clearpoke\n|poke|p1|Klefki, M|\n|poke|p1|Wigglytuff, M|\n|poke|p1|Hatterene, F|\n|poke|p1|Dachsbun, M|\n|poke|p1|Azumarill, F|\n|poke|p1|Carbink|\n|poke|p2|Serperior, F|\n|poke|p2|Empoleon, F|\n|poke|p2|Kingdra, F|\n|poke|p2|Aegislash, M|\n|poke|p2|Lucario, F|\n|poke|p2|Scolipede, F|\n|teampreview\n|\n|t:|1698607584\n|start\n|switch|p1a: Klefki|Klefki, M, shiny|100\/100\n|switch|p1b: Wigglytuff|Wigglytuff, M|100\/100\n|switch|p2a: Scolipede|Scolipede, F|100\/100\n|switch|p2b: Serperior|Serperior, F|100\/100\n|turn|1\n|\n|t:|1698607613\n|move|p1a: Klefki|Light Screen|p1a: Klefki\n|-sidestart|p1: AutumnCookie|move: Light Screen\n|move|p2b: Serperior|Glare|p1a: Klefki\n|-status|p1a: Klefki|par\n|move|p2a: Scolipede|Toxic Spikes|p1b: Wigglytuff\n|-sidestart|p1: AutumnCookie|move: Toxic Spikes\n|move|p1b: Wigglytuff|Flamethrower|p2a: Scolipede\n|-supereffective|p2a: Scolipede\n|-damage|p2a: Scolipede|0 fnt\n|faint|p2a: Scolipede\n|-damage|p1b: Wigglytuff|91\/100|[from] item: Life Orb\n|\n|upkeep\n|\n|t:|1698607627\n|switch|p2a: Empoleon|Empoleon, F|100\/100\n|turn|2\n|\n|t:|1698607645\n|move|p1a: Klefki|Reflect|p1a: Klefki\n|-sidestart|p1: AutumnCookie|Reflect\n|move|p2b: Serperior|Substitute|p2b: Serperior\n|-start|p2b: Serperior|Substitute\n|-damage|p2b: Serperior|76\/100\n|move|p2a: Empoleon|Flash Cannon|p1b: Wigglytuff\n|-supereffective|p1b: Wigglytuff\n|-damage|p1b: Wigglytuff|21\/100\n|move|p1b: Wigglytuff|Flamethrower|p2b: Serperior\n|-supereffective|p2b: Serperior\n|-end|p2b: Serperior|Substitute\n|-damage|p1b: Wigglytuff|11\/100|[from] item: Life Orb\n|\n|-heal|p2b: Serperior|82\/100|[from] item: Leftovers\n|upkeep\n|turn|3\n|l|\u2606AutumnCookie\n|player|p1|\n|j|\u2606AutumnCookie\n|player|p1|AutumnCookie|ortega\n|n|\u2606AutumnCookie|autumncookie\n|\n|t:|1698607678\n|move|p1a: Klefki|Spikes|p2b: Serperior\n|-sidestart|p2: kpoc12|Spikes\n|move|p2b: Serperior|Substitute|p2b: Serperior\n|-start|p2b: Serperior|Substitute\n|-damage|p2b: Serperior|57\/100\n|move|p2a: Empoleon|Flash Cannon|p1b: Wigglytuff\n|-supereffective|p1b: Wigglytuff\n|-damage|p1b: Wigglytuff|0 fnt\n|faint|p1b: Wigglytuff\n|\n|-heal|p2b: Serperior|63\/100|[from] item: Leftovers\n|upkeep\n|\n|t:|1698607699\n|switch|p1b: Carbink|Carbink, shiny|100\/100\n|-status|p1b: Carbink|psn\n|turn|4\n|\n|t:|1698607720\n|-terastallize|p1b: Carbink|Fighting\n|cant|p1a: Klefki|par\n|move|p2b: Serperior|Leaf Storm|p1b: Carbink\n|-damage|p1b: Carbink|87\/100 psn\n|-boost|p2b: Serperior|spa|2\n|move|p2a: Empoleon|Flash Cannon|p1b: Carbink\n|-damage|p1b: Carbink|70\/100 psn\n|move|p1b: Carbink|Iron Defense|p1b: Carbink\n|-boost|p1b: Carbink|def|2\n|\n|-heal|p2b: Serperior|69\/100|[from] item: Leftovers\n|-heal|p1b: Carbink|76\/100 psn|[from] item: Leftovers\n|-damage|p1b: Carbink|64\/100 psn|[from] psn\n|upkeep\n|turn|5\n|\n|t:|1698607751\n|move|p2b: Serperior|Leaf Storm|p1b: Carbink\n|-damage|p1b: Carbink|37\/100 psn\n|-boost|p2b: Serperior|spa|2\n|move|p2a: Empoleon|Air Slash|p1b: Carbink\n|-supereffective|p1b: Carbink\n|-damage|p1b: Carbink|18\/100 psn\n|move|p1b: Carbink|Body Press|p2b: Serperior\n|-end|p2b: Serperior|Substitute\n|move|p1a: Klefki|Flash Cannon|p2b: Serperior\n|-damage|p2b: Serperior|48\/100\n|\n|-heal|p2b: Serperior|54\/100|[from] item: Leftovers\n|-heal|p1b: Carbink|24\/100 psn|[from] item: Leftovers\n|-damage|p1b: Carbink|11\/100 psn|[from] psn\n|upkeep\n|turn|6\n|l|\u2606AutumnCookie\n|player|p1|\n|j|\u2606AutumnCookie\n|player|p1|AutumnCookie|ortega\n|\n|t:|1698607821\n|move|p1a: Klefki|Spikes|p2a: Empoleon\n|-sidestart|p2: kpoc12|Spikes\n|move|p2b: Serperior|Synthesis|p2b: Serperior\n|-heal|p2b: Serperior|100\/100\n|move|p2a: Empoleon|Air Slash|p1b: Carbink\n|-supereffective|p1b: Carbink\n|-damage|p1b: Carbink|0 fnt\n|faint|p1b: Carbink\n|\n|upkeep\n|\n|t:|1698607843\n|switch|p1b: Azumarill|Azumarill, F|100\/100\n|-status|p1b: Azumarill|psn\n|turn|7\n|\n|t:|1698607858\n|move|p2b: Serperior|Leaf Storm|p1b: Azumarill\n|-supereffective|p1b: Azumarill\n|-damage|p1b: Azumarill|0 fnt\n|-boost|p2b: Serperior|spa|2\n|faint|p1b: Azumarill\n|move|p2a: Empoleon|Air Slash|p1a: Klefki\n|-resisted|p1a: Klefki\n|-damage|p1a: Klefki|90\/100 par\n|cant|p1a: Klefki|flinch\n|\n|upkeep\n|\n|t:|1698607872\n|switch|p1b: Hatterene|Hatterene, F|100\/100\n|-status|p1b: Hatterene|psn\n|turn|8\n|\n|t:|1698607884\n|cant|p1a: Klefki|par\n|move|p2b: Serperior|Substitute|p2b: Serperior\n|-start|p2b: Serperior|Substitute\n|-damage|p2b: Serperior|76\/100\n|move|p2a: Empoleon|Flash Cannon|p1b: Hatterene\n|-supereffective|p1b: Hatterene\n|-damage|p1b: Hatterene|42\/100 psn\n|move|p1b: Hatterene|Calm Mind|p1b: Hatterene\n|-boost|p1b: Hatterene|spa|1\n|-boost|p1b: Hatterene|spd|1\n|\n|-heal|p2b: Serperior|82\/100|[from] item: Leftovers\n|-heal|p1b: Hatterene|48\/100 psn|[from] item: Leftovers\n|-damage|p1b: Hatterene|36\/100 psn|[from] psn\n|-sideend|p1: AutumnCookie|move: Light Screen\n|upkeep\n|turn|9\n|c|\u2606AutumnCookie|Decided I am not a fan of that Serperior...\n|c|\u2606kpoc12|shes so fu\n|\n|t:|1698607911\n|move|p1a: Klefki|Light Screen|p1a: Klefki\n|-sidestart|p1: AutumnCookie|move: Light Screen\n|move|p2b: Serperior|Leaf Storm|p1a: Klefki\n|-resisted|p1a: Klefki\n|-damage|p1a: Klefki|37\/100 par\n|move|p2a: Empoleon|Flash Cannon|p1b: Hatterene\n|-supereffective|p1b: Hatterene\n|-damage|p1b: Hatterene|0 fnt\n|faint|p1b: Hatterene\n|\n|-heal|p2b: Serperior|88\/100|[from] item: Leftovers\n|-sideend|p1: AutumnCookie|Reflect\n|upkeep\n|c|\u2606AutumnCookie|I wanna try with Kohaku's team after this they could do it...\n|\n|t:|1698607935\n|switch|p1b: Dachsbun|Dachsbun, M|100\/100\n|-status|p1b: Dachsbun|psn\n|turn|10\n|\n|t:|1698607950\n|move|p1a: Klefki|Reflect|p1a: Klefki\n|-sidestart|p1: AutumnCookie|Reflect\n|move|p2b: Serperior|Leaf Storm|p1a: Klefki\n|-resisted|p1a: Klefki\n|-damage|p1a: Klefki|0 fnt\n|faint|p1a: Klefki\n|move|p1b: Dachsbun|Body Press|p2a: Empoleon\n|-supereffective|p2a: Empoleon\n|-crit|p2a: Empoleon\n|-damage|p2a: Empoleon|17\/100\n|move|p2a: Empoleon|Flash Cannon|p1b: Dachsbun\n|-supereffective|p1b: Dachsbun\n|-damage|p1b: Dachsbun|29\/100 psn\n|\n|-heal|p2b: Serperior|94\/100|[from] item: Leftovers\n|-heal|p1b: Dachsbun|35\/100 psn|[from] item: Leftovers\n|-damage|p1b: Dachsbun|23\/100 psn|[from] psn\n|upkeep\n|turn|11\n|\n|t:|1698607967\n|move|p2b: Serperior|Leaf Storm|p1b: Dachsbun\n|-damage|p1b: Dachsbun|0 fnt\n|faint|p1b: Dachsbun\n|\n|win|kpoc12\n","uploadtime":1698607975,"views":13,"p1id":"autumncookie","p2id":"kpoc12","formatid":"gen9nationaldexdoubles","rating":0,"private":0,"password":""}