{"id":"gen9nationaldexdoubles-1977121766","p1":"JacintoElGrande","p2":"Elnutriajp","format":"[Gen 9] National Dex Doubles","log":"|j|\u2606JacintoElGrande\n|j|\u2606Elnutriajp\n|t:|1698374019\n|gametype|doubles\n|player|p1|JacintoElGrande|doctor-gen8|\n|player|p2|Elnutriajp|lucas|\n|teamsize|p1|6\n|teamsize|p2|6\n|gen|9\n|tier|[Gen 9] National Dex Doubles\n|rule|HP Percentage Mod: HP is shown in percentages\n|rule|Endless Battle Clause: Forcing endless battles is banned\n|rule|OHKO Clause: OHKO moves are banned\n|rule|Evasion Moves Clause: Evasion moves are banned\n|rule|Evasion Abilities Clause: Evasion abilities are banned\n|rule|Species Clause: Limit one of each Pok\u00e9mon\n|rule|Gravity Sleep Clause: The combination of sleep-inducing moves with imperfect accuracy and Gravity or Gigantamax Orbeetle are banned\n|clearpoke\n|poke|p1|Galvantula, F|\n|poke|p1|Beedrill, F|\n|poke|p1|Scizor, F|\n|poke|p1|Vikavolt, M|\n|poke|p1|Frosmoth, F|\n|poke|p1|Crustle, F|\n|poke|p2|Mr. Rime, F|\n|poke|p2|Gallade, M|\n|poke|p2|Indeedee-F, F|\n|poke|p2|Starmie|\n|poke|p2|Espeon, F|\n|poke|p2|Sigilyph, M|\n|teampreview\n|c|\u2606JacintoElGrande|oh\n|c|\u2606JacintoElGrande|gl hf\n|\n|t:|1698374042\n|start\n|switch|p1a: Galvantula|Galvantula, F|100\/100\n|switch|p1b: Beedrill|Beedrill, F|100\/100\n|switch|p2a: Y|Sigilyph, M|100\/100\n|switch|p2b: Mr.Ms|Mr. Rime, F, shiny|100\/100\n|turn|1\n|\n|t:|1698374067\n|detailschange|p1b: Beedrill|Beedrill-Mega, F\n|-mega|p1b: Beedrill|Beedrill|Beedrillite\n|move|p1b: Beedrill|Protect|p1b: Beedrill\n|-singleturn|p1b: Beedrill|Protect\n|move|p2b: Mr.Ms|Fake Out|p1b: Beedrill\n|-activate|p1b: Beedrill|move: Protect\n|move|p1a: Galvantula|Thunder|p2a: Y\n|-supereffective|p2a: Y\n|-damage|p2a: Y|0 fnt\n|faint|p2a: Y\n|\n|upkeep\n|c|\u2606Elnutriajp|mala mia XD\n|\n|t:|1698374082\n|switch|p2a: hola bb|Indeedee-F, F|100\/100\n|-fieldstart|move: Psychic Terrain|[from] ability: Psychic Surge|[of] p2a: hola bb\n|turn|2\n|c|\u2606JacintoElGrande|igual tienes desventaja de tipo\n|c|\u2606JacintoElGrande|ta dificil el matchup\n|\n|t:|1698374111\n|switch|p1b: Scizor|Scizor, F|100\/100\n|move|p2a: hola bb|Fake Out|p1b: Scizor\n|-activate|p1b: Scizor|move: Psychic Terrain\n|move|p1a: Galvantula|Sticky Web|p2b: Mr.Ms\n|-sidestart|p2: Elnutriajp|move: Sticky Web\n|move|p2b: Mr.Ms|Reflect|p2b: Mr.Ms\n|-sidestart|p2: Elnutriajp|Reflect\n|\n|upkeep\n|turn|3\n|\n|t:|1698374139\n|switch|p2a: mie|Starmie|100\/100\n|-activate|p2a: mie|move: Sticky Web\n|-unboost|p2a: mie|spe|1\n|move|p1a: Galvantula|Bug Buzz|p2b: Mr.Ms\n|-supereffective|p2b: Mr.Ms\n|-damage|p2b: Mr.Ms|46\/100\n|move|p1b: Scizor|Swords Dance|p1b: Scizor\n|-boost|p1b: Scizor|atk|2\n|move|p2b: Mr.Ms|Expanding Force|p1a: Galvantula|[spread] p1a,p1b\n|-resisted|p1b: Scizor\n|-damage|p1a: Galvantula|24\/100\n|-damage|p1b: Scizor|77\/100\n|\n|upkeep\n|turn|4\n|\n|t:|1698374160\n|move|p1a: Galvantula|Thunder|p2a: mie\n|-supereffective|p2a: mie\n|-damage|p2a: mie|0 fnt\n|faint|p2a: mie\n|move|p1b: Scizor|Bug Bite|p2b: Mr.Ms\n|-supereffective|p2b: Mr.Ms\n|-damage|p2b: Mr.Ms|0 fnt\n|faint|p2b: Mr.Ms\n|\n|upkeep\n|\n|t:|1698374172\n|switch|p2a: hola bb|Indeedee-F, F|100\/100\n|switch|p2b: Hina|Espeon, F|100\/100\n|-activate|p2b: Hina|move: Sticky Web\n|-unboost|p2b: Hina|spe|1\n|-activate|p2a: hola bb|move: Sticky Web\n|-unboost|p2a: hola bb|spe|1\n|turn|5\n|\n|t:|1698374194\n|switch|p1a: Frosmoth|Frosmoth, F|100\/100\n|move|p1b: Scizor|Protect|p1b: Scizor\n|-singleturn|p1b: Scizor|Protect\n|move|p2b: Hina|Stored Power|p1a: Frosmoth\n|-damage|p1a: Frosmoth|91\/100\n|move|p2a: hola bb|Expanding Force|p1b: Scizor|[spread] p1a\n|-activate|p1b: Scizor|move: Protect\n|-damage|p1a: Frosmoth|61\/100\n|\n|upkeep\n|turn|6\n|\n|t:|1698374218\n|move|p1a: Frosmoth|Quiver Dance|p1a: Frosmoth\n|-boost|p1a: Frosmoth|spa|1\n|-boost|p1a: Frosmoth|spd|1\n|-boost|p1a: Frosmoth|spe|1\n|move|p2b: Hina|Expanding Force|p1a: Frosmoth|[spread] p1a,p1b\n|-resisted|p1b: Scizor\n|-damage|p1a: Frosmoth|36\/100\n|-damage|p1b: Scizor|43\/100\n|move|p2a: hola bb|Expanding Force|p1a: Frosmoth|[spread] p1a,p1b\n|-resisted|p1b: Scizor\n|-damage|p1a: Frosmoth|13\/100\n|-damage|p1b: Scizor|12\/100\n|move|p1b: Scizor|Bug Bite|p2b: Hina\n|-supereffective|p2b: Hina\n|-damage|p2b: Hina|0 fnt\n|faint|p2b: Hina\n|\n|upkeep\n|c|\u2606Elnutriajp|literalmente la mejor wea que puedo hacer XDD\n|\n|t:|1698374240\n|switch|p2b: maru|Gallade, M|100\/100\n|-activate|p2b: maru|move: Sticky Web\n|-unboost|p2b: maru|spe|1\n|turn|7\n|\n|t:|1698374257\n|detailschange|p2b: maru|Gallade-Mega, M\n|-mega|p2b: maru|Gallade|Galladite\n|move|p1a: Frosmoth|Protect|p1a: Frosmoth\n|-singleturn|p1a: Frosmoth|Protect\n|move|p1b: Scizor|Protect|p1b: Scizor\n|-singleturn|p1b: Scizor|Protect\n|move|p2b: maru|Psycho Cut|p1a: Frosmoth\n|-activate|p1a: Frosmoth|move: Protect\n|move|p2a: hola bb|Expanding Force|p1b: Scizor|[spread] \n|-activate|p1a: Frosmoth|move: Protect\n|-activate|p1b: Scizor|move: Protect\n|\n|upkeep\n|turn|8\n|\n|t:|1698374280\n|move|p1a: Frosmoth|Blizzard|p2a: hola bb|[spread] p2a\n|-miss|p1a: Frosmoth|p2b: maru\n|-damage|p2a: hola bb|28\/100\n|move|p2b: maru|Knock Off|p1a: Frosmoth\n|-damage|p1a: Frosmoth|0 fnt\n|-enditem|p1a: Frosmoth|Expert Belt|[from] move: Knock Off|[of] p2b: maru\n|faint|p1a: Frosmoth\n|move|p2a: hola bb|Expanding Force|p1b: Scizor\n|-resisted|p1b: Scizor\n|-damage|p1b: Scizor|0 fnt\n|faint|p1b: Scizor\n|\n|upkeep\n|\n|t:|1698374295\n|switch|p1a: Crustle|Crustle, F|100\/100\n|switch|p1b: Beedrill|Beedrill-Mega, F|100\/100\n|turn|9\n|\n|t:|1698374329\n|move|p1b: Beedrill|Fell Stinger|p2a: hola bb\n|-supereffective|p2a: hola bb\n|-damage|p2a: hola bb|0 fnt\n|faint|p2a: hola bb\n|-boost|p1b: Beedrill|atk|3\n|move|p2b: maru|Knock Off|p1a: Crustle\n|-damage|p1a: Crustle|57\/100\n|-enditem|p1a: Crustle|White Herb|[from] move: Knock Off|[of] p2b: maru\n|move|p1a: Crustle|Shell Smash|p1a: Crustle\n|-unboost|p1a: Crustle|def|1\n|-unboost|p1a: Crustle|spd|1\n|-boost|p1a: Crustle|atk|2\n|-boost|p1a: Crustle|spa|2\n|-boost|p1a: Crustle|spe|2\n|\n|-sideend|p2: Elnutriajp|Reflect\n|-fieldend|move: Psychic Terrain\n|upkeep\n|turn|10\n|\n|t:|1698374348\n|move|p1b: Beedrill|Poison Jab|p2b: maru\n|-damage|p2b: maru|0 fnt\n|faint|p2b: maru\n|\n|win|JacintoElGrande\n|c|\u2606JacintoElGrande|gg\n","uploadtime":1698374354,"views":12,"p1id":"jacintoelgrande","p2id":"elnutriajp","formatid":"gen9nationaldexdoubles","rating":0,"private":0,"password":""}