{"id":"gen9nationaldexdoubles-1970647946","p1":"krlozx","p2":"rax lemon","format":"[Gen 9] National Dex Doubles","log":"|j|\u2606krlozx\n|j|\u2606rax lemon\n|t:|1697655127\n|gametype|doubles\n|player|p1|krlozx|265|1146\n|player|p2|rax lemon|juan|1229\n|teamsize|p1|6\n|teamsize|p2|6\n|gen|9\n|tier|[Gen 9] National Dex Doubles\n|rated|\n|rule|HP Percentage Mod: HP is shown in percentages\n|rule|Endless Battle Clause: Forcing endless battles is banned\n|rule|OHKO Clause: OHKO moves are banned\n|rule|Evasion Moves Clause: Evasion moves are banned\n|rule|Evasion Abilities Clause: Evasion abilities are banned\n|rule|Species Clause: Limit one of each Pok\u00e9mon\n|rule|Gravity Sleep Clause: The combination of sleep-inducing moves with imperfect accuracy and Gravity or Gigantamax Orbeetle are banned\n|clearpoke\n|poke|p1|Drifblim, M|\n|poke|p1|Serperior, F|\n|poke|p1|Malamar, M|\n|poke|p1|Grimmsnarl, M|\n|poke|p1|Dragonite, F|\n|poke|p1|Clefable, F|\n|poke|p2|Illumise, F|\n|poke|p2|Lurantis, F|\n|poke|p2|Gogoat, M|\n|poke|p2|Florges, F|\n|poke|p2|Indeedee, M|\n|poke|p2|Masquerain, F|\n|teampreview\n|inactive|Battle timer is ON: inactive players will automatically lose when time's up. (requested by krlozx)\n|c|\u2606krlozx|You are pokeaim?\n|inactive|rax lemon has 120 seconds left.\n|\n|t:|1697655173\n|start\n|switch|p1a: Drifblim|Drifblim, M|100\/100\n|switch|p1b: Malamar|Malamar, M|100\/100\n|switch|p2a: Masquerain|Masquerain, F|100\/100\n|switch|p2b: Lurantis|Lurantis, F, shiny|100\/100\n|-ability|p2a: Masquerain|Intimidate|boost\n|-unboost|p1a: Drifblim|atk|1\n|-boost|p1b: Malamar|atk|1\n|turn|1\n|\n|t:|1697655190\n|move|p1a: Drifblim|Defog|p1b: Malamar\n|-boost|p1b: Malamar|evasion|1\n|move|p2a: Masquerain|Tailwind|p2a: Masquerain\n|-sidestart|p2: rax lemon|move: Tailwind\n|move|p2b: Lurantis|Superpower|p1b: Malamar\n|-crit|p1b: Malamar\n|-damage|p1b: Malamar|42\/100\n|-boost|p2b: Lurantis|atk|1\n|-boost|p2b: Lurantis|def|1\n|move|p1b: Malamar|Superpower|p2b: Lurantis\n|-damage|p2b: Lurantis|64\/100\n|-boost|p1b: Malamar|atk|1\n|-boost|p1b: Malamar|def|1\n|\n|-heal|p1b: Malamar|48\/100|[from] item: Leftovers\n|upkeep\n|turn|2\n|\n|t:|1697655209\n|move|p2a: Masquerain|Defog|p2b: Lurantis\n|-boost|p2b: Lurantis|evasion|1\n|move|p1a: Drifblim|Defog|p1b: Malamar\n|-boost|p1b: Malamar|evasion|1\n|move|p2b: Lurantis|Superpower|p1b: Malamar\n|-crit|p1b: Malamar\n|-damage|p1b: Malamar|0 fnt\n|-boost|p2b: Lurantis|atk|1\n|-boost|p2b: Lurantis|def|1\n|faint|p1b: Malamar\n|\n|upkeep\n|c|\u2606krlozx|Jajakajajajaj\n|inactive|krlozx has 120 seconds left.\n|\n|t:|1697655232\n|switch|p1b: Dragonite|Dragonite, F|100\/100\n|turn|3\n|\n|t:|1697655257\n|switch|p1a: Clefable|Clefable, F|100\/100\n|-zpower|p1b: Dragonite\n|move|p1b: Dragonite|Z-Detect|p1b: Dragonite|[anim]Detect\n|-boost|p1b: Dragonite|evasion|1|[zeffect]\n|-singleturn|p1b: Dragonite|Protect\n|move|p2a: Masquerain|Scary Face|p2b: Lurantis\n|-boost|p2b: Lurantis|spe|2\n|move|p2b: Lurantis|Knock Off|p1a: Clefable\n|-resisted|p1a: Clefable\n|-damage|p1a: Clefable|83\/100\n|-enditem|p1a: Clefable|Leftovers|[from] move: Knock Off|[of] p2b: Lurantis\n|\n|upkeep\n|turn|4\n|\n|t:|1697655284\n|move|p1a: Clefable|Follow Me|p1a: Clefable\n|-singleturn|p1a: Clefable|move: Follow Me\n|move|p2a: Masquerain|Defog|p1a: Clefable\n|-unboost|p1a: Clefable|evasion|1\n|move|p2b: Lurantis|Superpower|p1a: Clefable\n|-resisted|p1a: Clefable\n|-damage|p1a: Clefable|61\/100\n|-boost|p2b: Lurantis|atk|1\n|-boost|p2b: Lurantis|def|1\n|move|p1b: Dragonite|Dragon Dance|p1b: Dragonite\n|-boost|p1b: Dragonite|atk|1\n|-boost|p1b: Dragonite|spe|1\n|\n|-sideend|p2: rax lemon|move: Tailwind\n|upkeep\n|turn|5\n|c|\u2606krlozx|you stole my strategy hahaha\n|inactive|rax lemon has 120 seconds left.\n|\n|t:|1697655322\n|move|p1a: Clefable|Follow Me|p1a: Clefable\n|-singleturn|p1a: Clefable|move: Follow Me\n|move|p1b: Dragonite|Dual Wingbeat|p2b: Lurantis\n|-supereffective|p2b: Lurantis\n|-damage|p2b: Lurantis|35\/100\n|-supereffective|p2b: Lurantis\n|-damage|p2b: Lurantis|5\/100\n|-hitcount|p2b: Lurantis|2\n|move|p2a: Masquerain|Defog|p1a: Clefable\n|-unboost|p1a: Clefable|evasion|1\n|move|p2b: Lurantis|Superpower|p1a: Clefable\n|-resisted|p1a: Clefable\n|-damage|p1a: Clefable|40\/100\n|-boost|p2b: Lurantis|atk|1\n|-boost|p2b: Lurantis|def|1\n|\n|upkeep\n|turn|6\n|inactive|rax lemon has 120 seconds left.\n|\n|t:|1697655342\n|move|p1a: Clefable|Follow Me|p1a: Clefable\n|-singleturn|p1a: Clefable|move: Follow Me\n|move|p1b: Dragonite|Dual Wingbeat|p2b: Lurantis\n|-supereffective|p2b: Lurantis\n|-damage|p2b: Lurantis|0 fnt\n|faint|p2b: Lurantis\n|-hitcount|p2: Lurantis|1\n|move|p2a: Masquerain|Tailwind|p2a: Masquerain\n|-sidestart|p2: rax lemon|move: Tailwind\n|\n|upkeep\n|inactive|rax lemon has 120 seconds left.\n|\n|t:|1697655352\n|switch|p2b: Indeedee|Indeedee, M|100\/100\n|-fieldstart|move: Psychic Terrain|[from] ability: Psychic Surge|[of] p2b: Indeedee\n|turn|7\n|\n|t:|1697655362\n|switch|p2a: Illumise|Illumise, F, shiny|100\/100\n|-terastallize|p2b: Indeedee|Psychic\n|move|p1a: Clefable|Follow Me|p1a: Clefable\n|-singleturn|p1a: Clefable|move: Follow Me\n|move|p2b: Indeedee|Expanding Force|p1b: Dragonite|[spread] p1a\n|-miss|p2b: Indeedee|p1b: Dragonite\n|-damage|p1a: Clefable|0 fnt\n|faint|p1a: Clefable\n|move|p1b: Dragonite|Dragon Dance|p1b: Dragonite\n|-boost|p1b: Dragonite|atk|1\n|-boost|p1b: Dragonite|spe|1\n|\n|upkeep\n|\n|t:|1697655368\n|switch|p1a: Grimmsnarl|Grimmsnarl, M|100\/100\n|turn|8\n|\n|t:|1697655387\n|move|p2a: Illumise|Helping Hand|p2b: Indeedee\n|-singleturn|p2b: Indeedee|Helping Hand|[of] p2a: Illumise\n|move|p1a: Grimmsnarl|Parting Shot|p2b: Indeedee\n|-activate|p2b: Indeedee|move: Psychic Terrain\n|move|p2b: Indeedee|Expanding Force|p1b: Dragonite|[spread] p1b\n|-immune|p1a: Grimmsnarl\n|-damage|p1b: Dragonite|9\/100\n|move|p1b: Dragonite|Dual Wingbeat|p2a: Illumise\n|-supereffective|p2a: Illumise\n|-damage|p2a: Illumise|5\/100\n|-supereffective|p2a: Illumise\n|-damage|p2a: Illumise|0 fnt\n|faint|p2a: Illumise\n|-hitcount|p2: Illumise|2\n|\n|upkeep\n|\n|t:|1697655406\n|switch|p2a: Florges|Florges, F|100\/100\n|turn|9\n|\n|t:|1697655424\n|switch|p2b: Gogoat|Gogoat, M, shiny|100\/100\n|move|p2a: Florges|Petal Blizzard|p1a: Grimmsnarl|[spread] p1a,p1b\n|-ability|p2b: Gogoat|Sap Sipper|boost\n|-boost|p2b: Gogoat|atk|1\n|-resisted|p1b: Dragonite\n|-damage|p1a: Grimmsnarl|81\/100\n|-damage|p1b: Dragonite|4\/100\n|move|p1b: Dragonite|Dual Wingbeat|p2b: Gogoat\n|-supereffective|p2b: Gogoat\n|-damage|p2b: Gogoat|0 fnt\n|faint|p2b: Gogoat\n|-hitcount|p2: Gogoat|1\n|move|p1a: Grimmsnarl|Spirit Break|p2a: Florges\n|-damage|p2a: Florges|38\/100\n|-unboost|p2a: Florges|spa|1\n|\n|-heal|p1a: Grimmsnarl|88\/100|[from] item: Leftovers\n|-sideend|p2: rax lemon|move: Tailwind\n|upkeep\n|\n|t:|1697655444\n|switch|p2b: Indeedee|Indeedee, M, tera:Psychic|100\/100\n|turn|10\n|-message|rax lemon forfeited.\n|\n|win|krlozx\n|raw|krlozx's rating: 1146 &rarr; <strong>1177<\/strong><br \/>(+31 for winning)\n|raw|rax lemon's rating: 1229 &rarr; <strong>1198<\/strong><br \/>(-31 for losing)\n","uploadtime":1697655471,"views":10,"p1id":"krlozx","p2id":"raxlemon","formatid":"gen9nationaldexdoubles","rating":1177,"private":0,"password":""}