{"id":"gen9nationaldexdoubles-1993852822","p1":"TheMoistFetus","p2":"0spr3y","format":"[Gen 9] National Dex Doubles","log":"|j|\u2606TheMoistFetus\n|j|\u26060spr3y\n|t:|1700365473\n|gametype|doubles\n|player|p1|TheMoistFetus|bianca-pwt|\n|player|p2|0spr3y|colress|\n|teamsize|p1|6\n|teamsize|p2|6\n|gen|9\n|tier|[Gen 9] National Dex Doubles\n|rule|HP Percentage Mod: HP is shown in percentages\n|rule|Endless Battle Clause: Forcing endless battles is banned\n|rule|OHKO Clause: OHKO moves are banned\n|rule|Evasion Moves Clause: Evasion moves are banned\n|rule|Evasion Abilities Clause: Evasion abilities are banned\n|rule|Species Clause: Limit one of each Pok\u00e9mon\n|rule|Gravity Sleep Clause: The combination of sleep-inducing moves with imperfect accuracy and Gravity or Gigantamax Orbeetle are banned\n|clearpoke\n|poke|p1|Chien-Pao|\n|poke|p1|Iron Bundle|\n|poke|p1|Ninetales-Alola, M|\n|poke|p1|Ogerpon-Cornerstone, F|\n|poke|p1|Tornadus, M|\n|poke|p1|Chi-Yu|\n|poke|p2|Volcanion|\n|poke|p2|Urshifu-*, M|\n|poke|p2|Kommo-o, F|\n|poke|p2|Indeedee-F, F|\n|poke|p2|Alakazam, F|\n|poke|p2|Chien-Pao|\n|teampreview\n|j| Eliminathan\n|c|\u26060spr3y|I am an idiot.\n|c|\u26060spr3y|Meant to change something, did not.\n|c|\u2606TheMoistFetus|same Im pretty sure lol\n|c|\u2606TheMoistFetus|glhf\n|c|\u26060spr3y|glhf\n|j| Shiny_Hero64\n|\n|t:|1700365580\n|start\n|switch|p1a: Nicole|Chien-Pao|100\/100\n|switch|p1b: Penny|Ogerpon-Cornerstone, F|100\/100\n|switch|p2a: Indeedee|Indeedee-F, F|100\/100\n|switch|p2b: Alakazam|Alakazam, F|100\/100\n|-ability|p1a: Nicole|Sword of Ruin\n|-fieldstart|move: Psychic Terrain|[from] ability: Psychic Surge|[of] p2a: Indeedee\n|turn|1\n|c| Shiny_Hero64|Did you just straight up decide to start using Psy spam because of me Osprey!?\n|\n|t:|1700365612\n|detailschange|p2b: Alakazam|Alakazam-Mega, F\n|-mega|p2b: Alakazam|Alakazam|Alakazite\n|-ability|p2b: Alakazam|Sturdy|[from] ability: Trace|[of] p1b: Penny\n|move|p2a: Indeedee|Follow Me|p2a: Indeedee\n|-singleturn|p2a: Indeedee|move: Follow Me\n|move|p2b: Alakazam|Dazzling Gleam|p1b: Penny|[spread] p1a,p1b\n|-supereffective|p1a: Nicole\n|-damage|p1a: Nicole|17\/100\n|-damage|p1b: Penny|68\/100\n|move|p1a: Nicole|Icicle Crash|p2a: Indeedee|[miss]\n|-miss|p1a: Nicole|p2a: Indeedee\n|move|p1b: Penny|Horn Leech|p2a: Indeedee\n|-enditem|p2a: Indeedee|Focus Sash\n|-damage|p2a: Indeedee|1\/100\n|-heal|p1b: Penny|100\/100|[from] drain|[of] p2a: Indeedee\n|\n|upkeep\n|turn|2\n|\n|t:|1700365644\n|move|p1a: Nicole|Protect|p1a: Nicole\n|-singleturn|p1a: Nicole|Protect\n|move|p2a: Indeedee|Follow Me|p2a: Indeedee\n|-singleturn|p2a: Indeedee|move: Follow Me\n|move|p2b: Alakazam|Dazzling Gleam|p1b: Penny|[spread] p1b\n|-activate|p1a: Nicole|move: Protect\n|-damage|p1b: Penny|72\/100\n|move|p1b: Penny|Horn Leech|p2a: Indeedee\n|-damage|p2a: Indeedee|0 fnt\n|-heal|p1b: Penny|73\/100|[from] drain|[of] p2a: Indeedee\n|faint|p2a: Indeedee\n|\n|upkeep\n|\n|t:|1700365657\n|switch|p2a: Kommo-o|Kommo-o, F|100\/100\n|turn|3\n|c| Shiny_Hero64|OK but I think getting sturdy is kind of crazy\n|c|\u26060spr3y|Yeah that was sick.\n|c|\u26060spr3y|I have no idea how trace works lol.\n|c|\u26060spr3y|Nah I had psy spam before, just with armarouge.\n|c|\u26060spr3y|You convinced me to play alakazam instead.\n|\n|t:|1700365707\n|switch|p1a: Gumball|Ninetales-Alola, M|100\/100\n|-weather|Snow|[from] ability: Snow Warning|[of] p1a: Gumball\n|move|p2b: Alakazam|Dazzling Gleam|p1b: Penny|[spread] p1a,p1b\n|-damage|p1a: Gumball|76\/100\n|-damage|p1b: Penny|44\/100\n|move|p1b: Penny|Horn Leech|p2b: Alakazam\n|-damage|p2b: Alakazam|7\/100\n|-heal|p1b: Penny|83\/100|[from] drain|[of] p2b: Alakazam\n|-zpower|p2a: Kommo-o\n|move|p2a: Kommo-o|Clangorous Soulblaze|p1a: Gumball|[zeffect]|[spread] p1b\n|-immune|p1a: Gumball\n|-damage|p1b: Penny|18\/100\n|-boost|p2a: Kommo-o|atk|1\n|-boost|p2a: Kommo-o|def|1\n|-boost|p2a: Kommo-o|spa|1\n|-boost|p2a: Kommo-o|spd|1\n|-boost|p2a: Kommo-o|spe|1\n|\n|-weather|Snow|[upkeep]\n|upkeep\n|turn|4\n|c| Shiny_Hero64|Also did all of us decide to use Chien-po without knowing?\n|c| Shiny_Hero64|I get why I\u2019m just saying it\u2019s kind of funny\n|c| Eliminathan|its too good to not use\n|c| Shiny_Hero64|Fair\n|\n|t:|1700365749\n|move|p1b: Penny|Spiky Shield|p1b: Penny\n|-singleturn|p1b: Penny|move: Protect\n|move|p1a: Gumball|Protect|p1a: Gumball\n|-singleturn|p1a: Gumball|Protect\n|move|p2a: Kommo-o|Aura Sphere|p1a: Gumball\n|-activate|p1a: Gumball|move: Protect\n|move|p2b: Alakazam|Dazzling Gleam|p1a: Gumball|[spread] \n|-activate|p1a: Gumball|move: Protect\n|-activate|p1b: Penny|move: Protect\n|\n|-weather|Snow|[upkeep]\n|upkeep\n|turn|5\n|c| Shiny_Hero64|at the same time, this format is extremely Goofy with some of the stuff\n|c| Shiny_Hero64|Like DOA\n|j| Ryan1Baek\n|\n|t:|1700365786\n|switch|p1b: Mr Small|Tornadus, M, shiny|100\/100\n|move|p2a: Kommo-o|Aura Sphere|p1a: Gumball\n|-damage|p1a: Gumball|25\/100\n|move|p2b: Alakazam|Expanding Force|p1b: Mr Small|[spread] p1a,p1b\n|-damage|p1a: Gumball|0 fnt\n|-damage|p1b: Mr Small|42\/100\n|faint|p1a: Gumball\n|\n|-weather|Snow|[upkeep]\n|-fieldend|move: Psychic Terrain\n|upkeep\n|c| Shiny_Hero64|Hey Ryan\n|\n|t:|1700365829\n|switch|p1a: Penny|Ogerpon-Cornerstone, F|18\/100\n|turn|6\n|c|\u26060spr3y|We got the whole squad on this match lol.\n|\n|t:|1700365845\n|move|p1b: Mr Small|Tailwind|p1b: Mr Small\n|-sidestart|p1: TheMoistFetus|move: Tailwind\n|move|p1a: Penny|Ivy Cudgel|p2b: Alakazam|[anim] Ivy Cudgel Rock\n|-damage|p2b: Alakazam|0 fnt\n|faint|p2b: Alakazam\n|move|p2a: Kommo-o|Clanging Scales|p1a: Penny|[spread] p1a,p1b\n|-damage|p1a: Penny|0 fnt\n|-damage|p1b: Mr Small|0 fnt\n|faint|p1a: Penny\n|faint|p1b: Mr Small\n|-unboost|p2a: Kommo-o|def|1\n|\n|-weather|Snow|[upkeep]\n|upkeep\n|c| Eliminathan|huge delta fan\n|\n|t:|1700365860\n|switch|p2b: Volcanion|Volcanion|100\/100\n|switch|p1a: Nicole|Chien-Pao|17\/100\n|switch|p1b: Bobert|Iron Bundle, shiny|100\/100\n|-ability|p1a: Nicole|Sword of Ruin\n|-enditem|p1b: Bobert|Booster Energy\n|-activate|p1b: Bobert|ability: Quark Drive|[fromitem]\n|-start|p1b: Bobert|quarkdrivespe\n|turn|7\n|\n|t:|1700365888\n|move|p1b: Bobert|Protect|p1b: Bobert\n|-singleturn|p1b: Bobert|Protect\n|move|p2a: Kommo-o|Protect|p2a: Kommo-o\n|-singleturn|p2a: Kommo-o|Protect\n|move|p1a: Nicole|Icicle Crash|p2a: Kommo-o\n|-activate|p2a: Kommo-o|move: Protect\n|move|p2b: Volcanion|Heat Wave|p1b: Bobert|[spread] p1a\n|-activate|p1b: Bobert|move: Protect\n|-supereffective|p1a: Nicole\n|-damage|p1a: Nicole|0 fnt\n|faint|p1a: Nicole\n|\n|-weather|none\n|upkeep\n|\n|t:|1700365900\n|switch|p1a: Darwin|Chi-Yu|100\/100\n|-ability|p1a: Darwin|Beads of Ruin\n|turn|8\n|c|\u2606TheMoistFetus|this ones over rip\n|c| Shiny_Hero64|My brother wanted to watch now lol\n|\n|t:|1700365979\n|-terastallize|p1b: Bobert|Ice\n|move|p1b: Bobert|Blizzard|p2b: Volcanion|[spread] p2b\n|-miss|p1b: Bobert|p2a: Kommo-o\n|-resisted|p2b: Volcanion\n|-damage|p2b: Volcanion|81\/100\n|move|p1a: Darwin|Heat Wave|p2a: Kommo-o|[spread] p2a,p2b\n|-resisted|p2a: Kommo-o\n|-resisted|p2b: Volcanion\n|-damage|p2a: Kommo-o|78\/100\n|-damage|p2b: Volcanion|66\/100\n|move|p2a: Kommo-o|Aura Sphere|p1b: Bobert\n|-supereffective|p1b: Bobert\n|-damage|p1b: Bobert|0 fnt\n|faint|p1b: Bobert\n|-end|p1b: Bobert|Quark Drive|[silent]\n|move|p2b: Volcanion|Steam Eruption|p1a: Darwin\n|-supereffective|p1a: Darwin\n|-damage|p1a: Darwin|0 fnt\n|faint|p1a: Darwin\n|\n|win|0spr3y\n|c|\u26060spr3y|Same brother that goes to regionals and such?\n|l|\u2606TheMoistFetus\n|c|\u26060spr3y|gg\n|j|\u2606TheMoistFetus\n|player|p1|TheMoistFetus|bianca-pwt\n|c| Shiny_Hero64|He does not go to Regionals\n","uploadtime":1700366003,"views":23,"p1id":"themoistfetus","p2id":"0spr3y","formatid":"gen9nationaldexdoubles","rating":0,"private":0,"password":""}