{"id":"gen9nationaldexdoubles-1992139258","p1":"3eveeJ","p2":"MermaidSiren","format":"[Gen 9] National Dex Doubles","log":"|j|\u26063eveeJ\n|j|\u2606MermaidSiren\n|t:|1700158288\n|gametype|doubles\n|player|p1|3eveeJ|cheryl|1045\n|player|p2|MermaidSiren|swimmerf-gen4|1205\n|teamsize|p1|6\n|teamsize|p2|6\n|gen|9\n|tier|[Gen 9] National Dex Doubles\n|rated|\n|rule|HP Percentage Mod: HP is shown in percentages\n|rule|Endless Battle Clause: Forcing endless battles is banned\n|rule|OHKO Clause: OHKO moves are banned\n|rule|Evasion Moves Clause: Evasion moves are banned\n|rule|Evasion Abilities Clause: Evasion abilities are banned\n|rule|Species Clause: Limit one of each Pok\u00e9mon\n|rule|Gravity Sleep Clause: The combination of sleep-inducing moves with imperfect accuracy and Gravity or Gigantamax Orbeetle are banned\n|clearpoke\n|poke|p1|Zoroark, F|\n|poke|p1|Kommo-o, F|\n|poke|p1|Exeggutor, F|\n|poke|p1|Azumarill, M|\n|poke|p1|Torkoal, F|\n|poke|p1|Gholdengo|\n|poke|p2|Primarina, F|\n|poke|p2|Malamar, M|\n|poke|p2|Corsola-Galar, F|\n|poke|p2|Dhelmise|\n|poke|p2|Eelektross, F|\n|poke|p2|Dewgong, F|\n|teampreview\n|\n|t:|1700158301\n|start\n|switch|p1a: Torkoal|Torkoal, F|100\/100\n|switch|p1b: Exeggutor|Exeggutor, F|100\/100\n|switch|p2a: Primarina|Primarina, F, shiny|100\/100\n|switch|p2b: Dewgong|Dewgong, F|100\/100\n|-weather|SunnyDay|[from] ability: Drought|[of] p1a: Torkoal\n|turn|1\n|\n|t:|1700158316\n|move|p2b: Dewgong|Fake Out|p1b: Exeggutor\n|-damage|p1b: Exeggutor|91\/100\n|move|p2a: Primarina|Hyper Voice|p1a: Torkoal|[spread] p1a,p1b\n|-supereffective|p1a: Torkoal\n|-resisted|p1b: Exeggutor\n|-damage|p1a: Torkoal|30\/100\n|-damage|p1b: Exeggutor|75\/100\n|cant|p1b: Exeggutor|flinch\n|move|p1a: Torkoal|Solar Beam||[still]\n|-prepare|p1a: Torkoal|Solar Beam\n|-anim|p1a: Torkoal|Solar Beam|p2a: Primarina\n|-supereffective|p2a: Primarina\n|-damage|p2a: Primarina|48\/100\n|\n|-weather|SunnyDay|[upkeep]\n|upkeep\n|turn|2\n|\n|t:|1700158335\n|switch|p1a: Azumarill|Azumarill, M|100\/100\n|move|p2b: Dewgong|Ice Shard|p1b: Exeggutor\n|-supereffective|p1b: Exeggutor\n|-damage|p1b: Exeggutor|41\/100\n|move|p2a: Primarina|Hyper Voice|p1b: Exeggutor|[spread] p1a,p1b\n|-resisted|p1a: Azumarill\n|-resisted|p1b: Exeggutor\n|-damage|p1a: Azumarill|87\/100\n|-damage|p1b: Exeggutor|25\/100\n|-enditem|p1b: Exeggutor|Wiki Berry|[eat]\n|-heal|p1b: Exeggutor|58\/100|[from] item: Wiki Berry\n|move|p1b: Exeggutor|Calm Mind|p1b: Exeggutor\n|-boost|p1b: Exeggutor|spa|1\n|-boost|p1b: Exeggutor|spd|1\n|\n|-weather|SunnyDay|[upkeep]\n|-item|p1b: Exeggutor|Wiki Berry|[from] ability: Harvest\n|upkeep\n|turn|3\n|\n|t:|1700158355\n|switch|p2a: Dhelmise|Dhelmise|100\/100\n|move|p2b: Dewgong|Ice Shard|p1b: Exeggutor\n|-supereffective|p1b: Exeggutor\n|-damage|p1b: Exeggutor|23\/100\n|-enditem|p1b: Exeggutor|Wiki Berry|[eat]\n|-heal|p1b: Exeggutor|56\/100|[from] item: Wiki Berry\n|move|p1b: Exeggutor|Energy Ball|p2a: Dhelmise\n|-resisted|p2a: Dhelmise\n|-damage|p2a: Dhelmise|58\/100\n|move|p1a: Azumarill|Belly Drum|p1a: Azumarill\n|-damage|p1a: Azumarill|37\/100\n|-setboost|p1a: Azumarill|atk|6|[from] move: Belly Drum\n|-enditem|p1a: Azumarill|Sitrus Berry|[eat]\n|-heal|p1a: Azumarill|62\/100|[from] item: Sitrus Berry\n|\n|-weather|SunnyDay|[upkeep]\n|-item|p1b: Exeggutor|Wiki Berry|[from] ability: Harvest\n|upkeep\n|turn|4\n|\n|t:|1700158381\n|move|p2b: Dewgong|Ice Shard|p1b: Exeggutor\n|-supereffective|p1b: Exeggutor\n|-damage|p1b: Exeggutor|22\/100\n|-enditem|p1b: Exeggutor|Wiki Berry|[eat]\n|-heal|p1b: Exeggutor|55\/100|[from] item: Wiki Berry\n|move|p1b: Exeggutor|Energy Ball|p2b: Dewgong\n|-supereffective|p2b: Dewgong\n|-damage|p2b: Dewgong|0 fnt\n|faint|p2b: Dewgong\n|move|p1a: Azumarill|Iron Tail|p2a: Dhelmise\n|-damage|p2a: Dhelmise|0 fnt\n|faint|p2a: Dhelmise\n|\n|-weather|SunnyDay|[upkeep]\n|-item|p1b: Exeggutor|Wiki Berry|[from] ability: Harvest\n|upkeep\n|\n|t:|1700158396\n|switch|p2b: Corsola|Corsola-Galar, F|100\/100\n|switch|p2a: Eelektross|Eelektross, F|100\/100\n|turn|5\n|\n|t:|1700158409\n|move|p1b: Exeggutor|Ancient Power|p2a: Eelektross\n|-damage|p2a: Eelektross|64\/100\n|-boost|p1b: Exeggutor|atk|1\n|-boost|p1b: Exeggutor|def|1\n|-boost|p1b: Exeggutor|spa|1\n|-boost|p1b: Exeggutor|spd|1\n|-boost|p1b: Exeggutor|spe|1\n|move|p1a: Azumarill|Iron Tail|p2b: Corsola\n|-damage|p2b: Corsola|0 fnt\n|faint|p2b: Corsola\n|move|p2a: Eelektross|Thunderbolt|p1a: Azumarill\n|-supereffective|p1a: Azumarill\n|-damage|p1a: Azumarill|0 fnt\n|faint|p1a: Azumarill\n|-damage|p2a: Eelektross|54\/100|[from] item: Life Orb\n|\n|-weather|SunnyDay|[upkeep]\n|upkeep\n|\n|t:|1700158423\n|switch|p1a: Torkoal|Torkoal, F|30\/100\n|switch|p2b: Malamar|Malamar, M|100\/100\n|turn|6\n|-message|MermaidSiren forfeited.\n|\n|win|3eveeJ\n|raw|3eveeJ's rating: 1045 &rarr; <strong>1093<\/strong><br \/>(+48 for winning)\n|raw|MermaidSiren's rating: 1205 &rarr; <strong>1169<\/strong><br \/>(-36 for losing)\n|l|\u2606MermaidSiren\n","uploadtime":1700158431,"views":13,"p1id":"3eveej","p2id":"mermaidsiren","formatid":"gen9nationaldexdoubles","rating":1093,"private":0,"password":""}