{"id":"gen9nationaldexdoubles-1978181572","p1":"AdvilPills","p2":"Syph0n_78","format":"[Gen 9] National Dex Doubles","log":"|j|\u2606AdvilPills\n|j|\u2606Syph0n_78\n|t:|1698508857\n|gametype|doubles\n|player|p1|AdvilPills|2|\n|player|p2|Syph0n_78|102|\n|teamsize|p1|6\n|teamsize|p2|6\n|gen|9\n|tier|[Gen 9] National Dex Doubles\n|rule|HP Percentage Mod: HP is shown in percentages\n|rule|Endless Battle Clause: Forcing endless battles is banned\n|rule|OHKO Clause: OHKO moves are banned\n|rule|Evasion Moves Clause: Evasion moves are banned\n|rule|Evasion Abilities Clause: Evasion abilities are banned\n|rule|Species Clause: Limit one of each Pok\u00e9mon\n|rule|Gravity Sleep Clause: The combination of sleep-inducing moves with imperfect accuracy and Gravity or Gigantamax Orbeetle are banned\n|clearpoke\n|poke|p1|Toxapex, M|\n|poke|p1|Incineroar, F|\n|poke|p1|Aegislash, M|\n|poke|p1|Landorus-Therian, M|\n|poke|p1|Hydreigon, F|\n|poke|p1|Lopunny, M|\n|poke|p2|Rillaboom, F|\n|poke|p2|Whimsicott, M|\n|poke|p2|Ogerpon-Wellspring, F|\n|poke|p2|Shiftry, M|\n|poke|p2|Brambleghast, F|\n|poke|p2|Torterra, M|\n|teampreview\n|inactive|Battle timer is ON: inactive players will automatically lose when time's up. (requested by AdvilPills)\n|\n|t:|1698508879\n|start\n|switch|p1a: Incineroar|Incineroar, F|100\/100\n|switch|p1b: Aegislash|Aegislash, M|100\/100\n|switch|p2a: Whimsicott|Whimsicott, M|100\/100\n|switch|p2b: Brambleghast|Brambleghast, F|100\/100\n|-ability|p1a: Incineroar|Intimidate|boost\n|-unboost|p2a: Whimsicott|atk|1\n|-unboost|p2b: Brambleghast|atk|1\n|turn|1\n|\n|t:|1698508899\n|-terastallize|p2b: Brambleghast|Fire\n|move|p2a: Whimsicott|Protect|p2a: Whimsicott\n|-singleturn|p2a: Whimsicott|Protect\n|move|p1b: Aegislash|King's Shield|p1b: Aegislash\n|-singleturn|p1b: Aegislash|Protect\n|move|p2b: Brambleghast|Tera Blast|p1b: Aegislash|[anim] Tera Blast Fire\n|-activate|p1b: Aegislash|move: Protect\n|move|p1a: Incineroar|Flare Blitz|p2a: Whimsicott\n|-activate|p2a: Whimsicott|move: Protect\n|\n|upkeep\n|turn|2\n|\n|t:|1698508921\n|switch|p1b: Toxapex|Toxapex, M|100\/100\n|move|p2a: Whimsicott|Tailwind|p2a: Whimsicott\n|-sidestart|p2: Syph0n_78|move: Tailwind\n|-ability|p2b: Brambleghast|Wind Rider|boost\n|-boost|p2b: Brambleghast|atk|1\n|move|p2b: Brambleghast|Poltergeist|p1b: Toxapex\n|-activate|p1b: Toxapex|move: Poltergeist|Leftovers\n|-damage|p1b: Toxapex|59\/100\n|-damage|p2b: Brambleghast|91\/100|[from] item: Life Orb\n|move|p1a: Incineroar|Flare Blitz|p2a: Whimsicott\n|-supereffective|p2a: Whimsicott\n|-damage|p2a: Whimsicott|0 fnt\n|faint|p2a: Whimsicott\n|-damage|p1a: Incineroar|73\/100|[from] Recoil\n|\n|-heal|p1b: Toxapex|65\/100|[from] item: Leftovers\n|upkeep\n|inactive|Syph0n_78 has 270 seconds left.\n|\n|t:|1698508940\n|switch|p2a: Shiftry|Shiftry, M|100\/100\n|-ability|p2a: Shiftry|Wind Rider|boost\n|-boost|p2a: Shiftry|atk|1\n|turn|3\n|\n|t:|1698508956\n|move|p1b: Toxapex|Baneful Bunker|p1b: Toxapex\n|-singleturn|p1b: Toxapex|move: Protect\n|move|p2b: Brambleghast|Poltergeist|p1b: Toxapex\n|-activate|p1b: Toxapex|move: Protect\n|move|p2a: Shiftry|Rock Slide|p1a: Incineroar|[spread] p1a\n|-activate|p1b: Toxapex|move: Protect\n|-supereffective|p1a: Incineroar\n|-damage|p1a: Incineroar|0 fnt\n|faint|p1a: Incineroar\n|\n|-heal|p1b: Toxapex|72\/100|[from] item: Leftovers\n|upkeep\n|\n|t:|1698508968\n|switch|p1a: Lopunny|Lopunny, M|100\/100\n|turn|4\n|\n|t:|1698508993\n|detailschange|p1a: Lopunny|Lopunny-Mega, M\n|-mega|p1a: Lopunny|Lopunny|Lopunnite\n|move|p1a: Lopunny|Fake Out|p2a: Shiftry\n|-damage|p2a: Shiftry|64\/100\n|move|p2b: Brambleghast|Tera Blast|p1a: Lopunny|[anim] Tera Blast Fire\n|-damage|p1a: Lopunny|31\/100\n|-damage|p2b: Brambleghast|81\/100|[from] item: Life Orb\n|cant|p2a: Shiftry|flinch\n|move|p1b: Toxapex|Scald|p2b: Brambleghast\n|-supereffective|p2b: Brambleghast\n|-damage|p2b: Brambleghast|20\/100\n|\n|-heal|p1b: Toxapex|78\/100|[from] item: Leftovers\n|upkeep\n|turn|5\n|\n|t:|1698509021\n|move|p2b: Brambleghast|Tera Blast|p1a: Lopunny|[anim] Tera Blast Fire\n|-damage|p1a: Lopunny|0 fnt\n|faint|p1a: Lopunny\n|-damage|p2b: Brambleghast|10\/100|[from] item: Life Orb\n|move|p2a: Shiftry|Rock Slide|p1b: Toxapex|[miss]\n|-miss|p2a: Shiftry|p1b: Toxapex\n|move|p1b: Toxapex|Scald|p2b: Brambleghast\n|-supereffective|p2b: Brambleghast\n|-damage|p2b: Brambleghast|0 fnt\n|faint|p2b: Brambleghast\n|\n|-heal|p1b: Toxapex|84\/100|[from] item: Leftovers\n|-sideend|p2: Syph0n_78|move: Tailwind\n|upkeep\n|\n|t:|1698509040\n|switch|p1a: Landorus|Landorus-Therian, M|100\/100\n|switch|p2b: Torterra|Torterra, M|100\/100\n|-ability|p1a: Landorus|Intimidate|boost\n|-unboost|p2a: Shiftry|atk|1\n|-unboost|p2b: Torterra|atk|1\n|turn|6\n|\n|t:|1698509054\n|switch|p2a: Ogerpon|Ogerpon-Wellspring, F|100\/100\n|move|p1a: Landorus|Toxic|p2b: Torterra\n|-status|p2b: Torterra|tox\n|move|p2b: Torterra|Shell Smash|p2b: Torterra\n|-unboost|p2b: Torterra|def|1\n|-unboost|p2b: Torterra|spd|1\n|-boost|p2b: Torterra|atk|2\n|-boost|p2b: Torterra|spa|2\n|-boost|p2b: Torterra|spe|2\n|move|p1b: Toxapex|Toxic|p2a: Ogerpon\n|-status|p2a: Ogerpon|tox\n|\n|-heal|p1b: Toxapex|90\/100|[from] item: Leftovers\n|-damage|p2b: Torterra|94\/100 tox|[from] psn\n|-damage|p2a: Ogerpon|95\/100 tox|[from] psn\n|upkeep\n|turn|7\n|inactive|AdvilPills has 270 seconds left.\n|\n|t:|1698509092\n|switch|p1a: Hydreigon|Hydreigon, F|100\/100\n|move|p1b: Toxapex|Baneful Bunker|p1b: Toxapex\n|-singleturn|p1b: Toxapex|move: Protect\n|move|p2b: Torterra|Headlong Rush|p1b: Toxapex\n|-activate|p1b: Toxapex|move: Protect\n|move|p2a: Ogerpon|Play Rough|p1a: Hydreigon\n|-supereffective|p1a: Hydreigon\n|-damage|p1a: Hydreigon|0 fnt\n|faint|p1a: Hydreigon\n|\n|-heal|p1b: Toxapex|97\/100|[from] item: Leftovers\n|-damage|p2b: Torterra|82\/100 tox|[from] psn\n|-damage|p2a: Ogerpon|83\/100 tox|[from] psn\n|upkeep\n|inactive|AdvilPills has 270 seconds left.\n|\n|t:|1698509098\n|switch|p1a: Aegislash|Aegislash, M|100\/100\n|turn|8\n|\n|t:|1698509121\n|switch|p1b: Landorus|Landorus-Therian, M|100\/100\n|-ability|p1b: Landorus|Intimidate|boost\n|-unboost|p2a: Ogerpon|atk|1\n|-unboost|p2b: Torterra|atk|1\n|move|p2a: Ogerpon|Spiky Shield|p2a: Ogerpon\n|-singleturn|p2a: Ogerpon|move: Protect\n|move|p2b: Torterra|Headlong Rush|p1b: Landorus\n|-immune|p1b: Landorus\n|move|p1a: Aegislash|Swords Dance|p1a: Aegislash\n|-boost|p1a: Aegislash|atk|2\n|\n|-damage|p2b: Torterra|64\/100 tox|[from] psn\n|-damage|p2a: Ogerpon|65\/100 tox|[from] psn\n|upkeep\n|turn|9\n|\n|t:|1698509147\n|-formechange|p1a: Aegislash|Aegislash-Blade||[from] ability: Stance Change\n|move|p1a: Aegislash|Shadow Sneak|p2b: Torterra\n|-damage|p2b: Torterra|0 fnt\n|faint|p2b: Torterra\n|-damage|p1a: Aegislash|91\/100|[from] item: Life Orb\n|move|p2a: Ogerpon|Ivy Cudgel|p1b: Landorus\n|-supereffective|p1b: Landorus\n|-crit|p1b: Landorus\n|-damage|p1b: Landorus|0 fnt\n|faint|p1b: Landorus\n|\n|-damage|p2a: Ogerpon|41\/100 tox|[from] psn\n|upkeep\n|\n|t:|1698509162\n|switch|p1b: Toxapex|Toxapex, M|100\/100\n|switch|p2b: Shiftry|Shiftry, M|64\/100\n|turn|10\n|\n|t:|1698509177\n|move|p2a: Ogerpon|Spiky Shield|p2a: Ogerpon\n|-singleturn|p2a: Ogerpon|move: Protect\n|-formechange|p1a: Aegislash|Aegislash||[from] ability: Stance Change\n|move|p1a: Aegislash|King's Shield|p1a: Aegislash\n|-singleturn|p1a: Aegislash|Protect\n|move|p1b: Toxapex|Baneful Bunker|p1b: Toxapex\n|-singleturn|p1b: Toxapex|move: Protect\n|move|p2b: Shiftry|Knock Off|p1b: Toxapex\n|-activate|p1b: Toxapex|move: Protect\n|-status|p2b: Shiftry|psn\n|\n|-damage|p2a: Ogerpon|11\/100 tox|[from] psn\n|-damage|p2b: Shiftry|52\/100 psn|[from] psn\n|upkeep\n|turn|11\n|\n|t:|1698509200\n|move|p2a: Ogerpon|Horn Leech|p1b: Toxapex\n|-damage|p1b: Toxapex|82\/100\n|-heal|p2a: Ogerpon|20\/100 tox|[from] drain|[of] p1b: Toxapex\n|move|p2b: Shiftry|Knock Off|p1a: Aegislash\n|-supereffective|p1a: Aegislash\n|-damage|p1a: Aegislash|0 fnt\n|-enditem|p1a: Aegislash|Life Orb|[from] move: Knock Off|[of] p2b: Shiftry\n|faint|p1a: Aegislash\n|move|p1b: Toxapex|Scald|p2a: Ogerpon\n|-heal|p2a: Ogerpon|45\/100 tox|[from] ability: Water Absorb|[of] p1b: Toxapex\n|\n|-heal|p1b: Toxapex|88\/100|[from] item: Leftovers\n|-damage|p2a: Ogerpon|9\/100 tox|[from] psn\n|-damage|p2b: Shiftry|39\/100 psn|[from] psn\n|upkeep\n|turn|12\n|c|\u2606Syph0n_78|Ty\n|c|\u2606AdvilPills|I mislcicked with that\n|c|\u2606AdvilPills|great\n|c|\u2606Syph0n_78|Lol allg\n|inactive|Syph0n_78 has 270 seconds left.\n|\n|t:|1698509233\n|switch|p2a: Rillaboom|Rillaboom, F|100\/100\n|-fieldstart|move: Grassy Terrain|[from] ability: Grassy Surge|[of] p2a: Rillaboom\n|-enditem|p2a: Rillaboom|Grassy Seed\n|-boost|p2a: Rillaboom|def|1|[from] item: Grassy Seed\n|move|p1b: Toxapex|Baneful Bunker|p1b: Toxapex\n|-singleturn|p1b: Toxapex|move: Protect\n|move|p2b: Shiftry|Knock Off|p1b: Toxapex\n|-activate|p1b: Toxapex|move: Protect\n|\n|-heal|p2b: Shiftry|45\/100 psn|[from] Grassy Terrain\n|-heal|p1b: Toxapex|94\/100|[from] Grassy Terrain\n|-heal|p1b: Toxapex|100\/100|[from] item: Leftovers\n|-damage|p2b: Shiftry|33\/100 psn|[from] psn\n|upkeep\n|turn|13\n|\n|t:|1698509253\n|move|p2a: Rillaboom|Fake Out|p1b: Toxapex\n|-damage|p1b: Toxapex|92\/100\n|move|p2b: Shiftry|Knock Off|p1b: Toxapex\n|-damage|p1b: Toxapex|46\/100\n|-enditem|p1b: Toxapex|Leftovers|[from] move: Knock Off|[of] p2b: Shiftry\n|cant|p1b: Toxapex|flinch\n|\n|-heal|p2b: Shiftry|39\/100 psn|[from] Grassy Terrain\n|-heal|p1b: Toxapex|52\/100|[from] Grassy Terrain\n|-damage|p2b: Shiftry|27\/100 psn|[from] psn\n|upkeep\n|turn|14\n|c|\u2606AdvilPills|gg\n|\n|t:|1698509271\n|move|p1b: Toxapex|Baneful Bunker|p1b: Toxapex\n|-singleturn|p1b: Toxapex|move: Protect\n|move|p2a: Rillaboom|Drum Beating|p1b: Toxapex\n|-activate|p1b: Toxapex|move: Protect\n|move|p2b: Shiftry|Knock Off|p1b: Toxapex\n|-activate|p1b: Toxapex|move: Protect\n|\n|-heal|p2b: Shiftry|33\/100 psn|[from] Grassy Terrain\n|-heal|p1b: Toxapex|59\/100|[from] Grassy Terrain\n|-damage|p2b: Shiftry|20\/100 psn|[from] psn\n|upkeep\n|turn|15\n|\n|t:|1698509288\n|-terastallize|p1b: Toxapex|Fairy\n|move|p2a: Rillaboom|High Horsepower|p1b: Toxapex\n|-damage|p1b: Toxapex|41\/100\n|move|p2b: Shiftry|Knock Off|p1b: Toxapex\n|-resisted|p1b: Toxapex\n|-damage|p1b: Toxapex|27\/100\n|move|p1b: Toxapex|Recover|p1b: Toxapex\n|-heal|p1b: Toxapex|77\/100\n|\n|-heal|p2b: Shiftry|27\/100 psn|[from] Grassy Terrain\n|-heal|p1b: Toxapex|83\/100|[from] Grassy Terrain\n|-damage|p2b: Shiftry|14\/100 psn|[from] psn\n|upkeep\n|turn|16\n|\n|t:|1698509312\n|switch|p2b: Ogerpon|Ogerpon-Wellspring, F|9\/100 tox\n|move|p1b: Toxapex|Baneful Bunker|p1b: Toxapex\n|-singleturn|p1b: Toxapex|move: Protect\n|move|p2a: Rillaboom|Drum Beating|p1b: Toxapex\n|-activate|p1b: Toxapex|move: Protect\n|\n|-heal|p2b: Ogerpon|15\/100 tox|[from] Grassy Terrain\n|-heal|p1b: Toxapex|89\/100|[from] Grassy Terrain\n|-damage|p2b: Ogerpon|9\/100 tox|[from] psn\n|-fieldend|move: Grassy Terrain\n|upkeep\n|turn|17\n|inactiveoff|Battle timer is now OFF.\n|\n|t:|1698509378\n|switch|p2a: Shiftry|Shiftry, M|14\/100 psn\n|move|p2b: Ogerpon|Ivy Cudgel|p1b: Toxapex\n|-damage|p1b: Toxapex|53\/100\n|move|p1b: Toxapex|Toxic||[still]\n|-fail|p1b: Toxapex\n|\n|-damage|p2b: Ogerpon|0 fnt|[from] psn\n|faint|p2b: Ogerpon\n|-damage|p2a: Shiftry|2\/100 psn|[from] psn\n|upkeep\n|\n|t:|1698509391\n|switch|p2b: Rillaboom|Rillaboom, F|100\/100\n|-fieldstart|move: Grassy Terrain|[from] ability: Grassy Surge|[of] p2b: Rillaboom\n|turn|18\n|\n|t:|1698509407\n|move|p1b: Toxapex|Baneful Bunker|p1b: Toxapex\n|-singleturn|p1b: Toxapex|move: Protect\n|move|p2b: Rillaboom|Drum Beating|p1b: Toxapex\n|-activate|p1b: Toxapex|move: Protect\n|move|p2a: Shiftry|Rock Slide|p1b: Toxapex\n|-activate|p1b: Toxapex|move: Protect\n|\n|-heal|p2a: Shiftry|8\/100 psn|[from] Grassy Terrain\n|-heal|p1b: Toxapex|59\/100|[from] Grassy Terrain\n|-damage|p2a: Shiftry|0 fnt|[from] psn\n|faint|p2a: Shiftry\n|upkeep\n|turn|19\n|c|\u2606Syph0n_78|Yeahhh\n|c|\u2606Syph0n_78|Youll probs just win with this dumb shit\n|c|\u2606Syph0n_78|Just gonna stall me out\n|c|\u2606AdvilPills|Toxapex has been carrying me for some reason\n|c|\u2606Syph0n_78|Kinda irritating ngl\n|inactive|Battle timer is ON: inactive players will automatically lose when time's up. (requested by AdvilPills)\n|\n|t:|1698509453\n|move|p2b: Rillaboom|Fake Out||[still]\n|-hint|Fake Out only works on your first turn out.\n|-fail|p2b: Rillaboom\n|move|p1b: Toxapex|Recover|p1b: Toxapex\n|-heal|p1b: Toxapex|100\/100\n|\n|upkeep\n|turn|20\n|c|\u2606AdvilPills|fake out?\n|\n|t:|1698509467\n|move|p2b: Rillaboom|Drum Beating|p1b: Toxapex\n|-damage|p1b: Toxapex|71\/100\n|-unboost|p1b: Toxapex|spe|1\n|move|p1b: Toxapex|Toxic|p2b: Rillaboom\n|-status|p2b: Rillaboom|tox\n|\n|-heal|p1b: Toxapex|77\/100|[from] Grassy Terrain\n|-damage|p2b: Rillaboom|94\/100 tox|[from] psn\n|upkeep\n|turn|21\n|c|\u2606Syph0n_78|Tried predicting ur bunker idk\n|\n|t:|1698509492\n|move|p2b: Rillaboom|Acrobatics|p1b: Toxapex\n|-damage|p1b: Toxapex|56\/100\n|move|p1b: Toxapex|Recover|p1b: Toxapex\n|-heal|p1b: Toxapex|100\/100\n|\n|-heal|p2b: Rillaboom|100\/100 tox|[from] Grassy Terrain\n|-damage|p2b: Rillaboom|88\/100 tox|[from] psn\n|upkeep\n|turn|22\n|c|\u2606Syph0n_78|Thats a gg i cant do shit\n|c|\u2606AdvilPills|Bro I rlly thought I would lose\n|inactive|Syph0n_78 has 270 seconds left.\n|c|\u2606Syph0n_78|I really dislike the playstyle that toxapex forces people to play as\n|c|\u2606AdvilPills|But toxapex carries again\n|raw|<div class=\"broadcast-red\"><b>The server is restarting soon.<\/b><br \/>Please finish your battles quickly. No new battles can be started until the server resets in a few minutes.<\/div>\n|inactive|staff also wants the timer to be on.\n|raw|<div class=\"broadcast-red\"><b>Moderated chat was set to +!<\/b><br \/>Only users of rank + and higher can talk.<\/div>\n|inactive|Syph0n_78 has 240 seconds left.\n|c|\u2606AdvilPills|Gotta win how I can\n|c|\u2606Syph0n_78|Annoying\n|-message|Syph0n_78 forfeited.\n|\n|win|AdvilPills\n","uploadtime":1698509582,"views":12,"p1id":"advilpills","p2id":"syph0n78","formatid":"gen9nationaldexdoubles","rating":0,"private":0,"password":""}