{"id":"gen9nationaldexdoubles-1985413541","p1":"MAISRN","p2":"fumbari 24","format":"[Gen 9] National Dex Doubles","log":"|j|\u2606MAISRN\n|j|\u2606fumbari 24\n|t:|1699372642\n|gametype|doubles\n|player|p1|MAISRN|101|1239\n|player|p2|fumbari 24|hilbert|1164\n|teamsize|p1|6\n|teamsize|p2|6\n|gen|9\n|tier|[Gen 9] National Dex Doubles\n|rated|\n|rule|HP Percentage Mod: HP is shown in percentages\n|rule|Endless Battle Clause: Forcing endless battles is banned\n|rule|OHKO Clause: OHKO moves are banned\n|rule|Evasion Moves Clause: Evasion moves are banned\n|rule|Evasion Abilities Clause: Evasion abilities are banned\n|rule|Species Clause: Limit one of each Pok\u00e9mon\n|rule|Gravity Sleep Clause: The combination of sleep-inducing moves with imperfect accuracy and Gravity or Gigantamax Orbeetle are banned\n|clearpoke\n|poke|p1|Stakataka|\n|poke|p1|Torkoal, M|\n|poke|p1|Walking Wake|\n|poke|p1|Grimmsnarl, M|\n|poke|p1|Houndstone, M|\n|poke|p1|Tyranitar, M|\n|poke|p2|Medicham, F|\n|poke|p2|Azumarill, F|\n|poke|p2|Celebi|\n|poke|p2|Iron Bundle|\n|poke|p2|Indeedee-F, F|\n|poke|p2|Togekiss, F|\n|teampreview\n|\n|t:|1699372661\n|start\n|switch|p1a: Stakataka|Stakataka|100\/100\n|switch|p1b: Torkoal|Torkoal, M|100\/100\n|switch|p2a: Azumarill|Azumarill, F|100\/100\n|switch|p2b: Medicham|Medicham, F, shiny|100\/100\n|-weather|SunnyDay|[from] ability: Drought|[of] p1b: Torkoal\n|turn|1\n|\n|t:|1699372681\n|detailschange|p2b: Medicham|Medicham-Mega, F, shiny\n|-mega|p2b: Medicham|Medicham|Medichamite\n|move|p2b: Medicham|Fake Out|p1b: Torkoal\n|-damage|p1b: Torkoal|88\/100\n|move|p2a: Azumarill|Liquidation|p1a: Stakataka\n|-supereffective|p1a: Stakataka\n|-damage|p1a: Stakataka|76\/100\n|cant|p1b: Torkoal|flinch\n|move|p1a: Stakataka|Gyro Ball|p2a: Azumarill\n|-damage|p2a: Azumarill|36\/100\n|\n|-weather|SunnyDay|[upkeep]\n|upkeep\n|turn|2\n|\n|t:|1699372695\n|move|p1b: Torkoal|Protect|p1b: Torkoal\n|-singleturn|p1b: Torkoal|Protect\n|move|p2b: Medicham|Drain Punch|p1a: Stakataka\n|-supereffective|p1a: Stakataka\n|-damage|p1a: Stakataka|0 fnt\n|faint|p1a: Stakataka\n|move|p2a: Azumarill|Liquidation|p1b: Torkoal\n|-activate|p1b: Torkoal|move: Protect\n|\n|-weather|SunnyDay|[upkeep]\n|upkeep\n|\n|t:|1699372706\n|switch|p1a: Walking Wake|Walking Wake|100\/100\n|-activate|p1a: Walking Wake|ability: Protosynthesis\n|-start|p1a: Walking Wake|protosynthesisspa\n|turn|3\n|\n|t:|1699372718\n|move|p1a: Walking Wake|Dragon Pulse|p2b: Medicham\n|-damage|p2b: Medicham|55\/100\n|move|p2b: Medicham|Drain Punch|p1a: Walking Wake\n|-damage|p1a: Walking Wake|49\/100\n|-heal|p2b: Medicham|82\/100|[from] drain|[of] p1a: Walking Wake\n|move|p2a: Azumarill|Liquidation|p1b: Torkoal\n|-supereffective|p1b: Torkoal\n|-damage|p1b: Torkoal|53\/100\n|-enditem|p1b: Torkoal|Weakness Policy\n|-boost|p1b: Torkoal|atk|2|[from] item: Weakness Policy\n|-boost|p1b: Torkoal|spa|2|[from] item: Weakness Policy\n|move|p1b: Torkoal|Eruption|p2a: Azumarill|[spread] p2a,p2b\n|-resisted|p2a: Azumarill\n|-damage|p2a: Azumarill|13\/100\n|-damage|p2b: Medicham|15\/100\n|\n|-weather|SunnyDay|[upkeep]\n|upkeep\n|turn|4\n|\n|t:|1699372736\n|move|p1b: Torkoal|Helping Hand|p1a: Walking Wake\n|-singleturn|p1a: Walking Wake|Helping Hand|[of] p1b: Torkoal\n|move|p2b: Medicham|Detect|p2b: Medicham\n|-singleturn|p2b: Medicham|Protect\n|move|p2a: Azumarill|Aqua Jet|p1b: Torkoal\n|-supereffective|p1b: Torkoal\n|-crit|p1b: Torkoal\n|-damage|p1b: Torkoal|27\/100\n|move|p1a: Walking Wake|Hydro Steam|p2b: Medicham\n|-activate|p2b: Medicham|move: Protect\n|\n|-weather|SunnyDay|[upkeep]\n|upkeep\n|turn|5\n|inactive|Battle timer is ON: inactive players will automatically lose when time's up. (requested by fumbari 24)\n|\n|t:|1699372752\n|move|p1b: Torkoal|Helping Hand|p1a: Walking Wake\n|-singleturn|p1a: Walking Wake|Helping Hand|[of] p1b: Torkoal\n|move|p1a: Walking Wake|Hydro Steam|p2b: Medicham\n|-damage|p2b: Medicham|0 fnt\n|faint|p2b: Medicham\n|move|p2a: Azumarill|Play Rough|p1a: Walking Wake\n|-supereffective|p1a: Walking Wake\n|-damage|p1a: Walking Wake|0 fnt\n|faint|p1a: Walking Wake\n|-end|p1a: Walking Wake|Protosynthesis|[silent]\n|\n|-weather|none\n|upkeep\n|\n|t:|1699372765\n|switch|p1a: Grimmsnarl|Grimmsnarl, M|100\/100\n|switch|p2b: Iron Bundle|Iron Bundle|100\/100\n|-enditem|p2b: Iron Bundle|Booster Energy\n|-activate|p2b: Iron Bundle|ability: Quark Drive|[fromitem]\n|-start|p2b: Iron Bundle|quarkdrivespe\n|turn|6\n|\n|t:|1699372776\n|move|p1a: Grimmsnarl|Thunder Wave|p2b: Iron Bundle\n|-status|p2b: Iron Bundle|par\n|move|p2b: Iron Bundle|Encore|p1b: Torkoal\n|-start|p1b: Torkoal|Encore\n|move|p2a: Azumarill|Liquidation|p1b: Torkoal\n|-supereffective|p1b: Torkoal\n|-crit|p1b: Torkoal\n|-damage|p1b: Torkoal|0 fnt\n|faint|p1b: Torkoal\n|\n|upkeep\n|\n|t:|1699372785\n|switch|p1b: Tyranitar|Tyranitar, M|100\/100\n|-weather|Sandstorm|[from] ability: Sand Stream|[of] p1b: Tyranitar\n|turn|7\n|\n|t:|1699372796\n|detailschange|p1b: Tyranitar|Tyranitar-Mega, M\n|-mega|p1b: Tyranitar|Tyranitar|Tyranitarite\n|move|p2b: Iron Bundle|Hydro Pump|p1b: Tyranitar\n|-supereffective|p1b: Tyranitar\n|-damage|p1b: Tyranitar|60\/100\n|move|p1b: Tyranitar|Body Press|p2b: Iron Bundle\n|-supereffective|p2b: Iron Bundle\n|-damage|p2b: Iron Bundle|47\/100 par\n|move|p1a: Grimmsnarl|Play Rough|p2a: Azumarill|[miss]\n|-miss|p1a: Grimmsnarl|p2a: Azumarill\n|move|p2a: Azumarill|Liquidation|p1b: Tyranitar\n|-supereffective|p1b: Tyranitar\n|-damage|p1b: Tyranitar|5\/100\n|\n|-weather|Sandstorm|[upkeep]\n|-damage|p2b: Iron Bundle|41\/100 par|[from] Sandstorm\n|-damage|p1a: Grimmsnarl|94\/100|[from] Sandstorm\n|-damage|p2a: Azumarill|6\/100|[from] Sandstorm\n|upkeep\n|turn|8\n|\n|t:|1699372822\n|move|p2a: Azumarill|Aqua Jet|p1b: Tyranitar\n|-supereffective|p1b: Tyranitar\n|-damage|p1b: Tyranitar|0 fnt\n|faint|p1b: Tyranitar\n|cant|p2b: Iron Bundle|par\n|move|p1a: Grimmsnarl|Play Rough|p2b: Iron Bundle\n|-damage|p2b: Iron Bundle|7\/100 par\n|\n|-weather|Sandstorm|[upkeep]\n|-damage|p2b: Iron Bundle|0 fnt|[from] Sandstorm\n|-damage|p1a: Grimmsnarl|88\/100|[from] Sandstorm\n|-damage|p2a: Azumarill|0 fnt|[from] Sandstorm\n|faint|p2b: Iron Bundle\n|-end|p2b: Iron Bundle|Quark Drive|[silent]\n|faint|p2a: Azumarill\n|upkeep\n|\n|t:|1699372835\n|switch|p2b: Togekiss|Togekiss, F|100\/100\n|switch|p1b: Houndstone|Houndstone, M, shiny|100\/100\n|switch|p2a: Indeedee|Indeedee-F, F|100\/100\n|-fieldstart|move: Psychic Terrain|[from] ability: Psychic Surge|[of] p2a: Indeedee\n|-enditem|p2a: Indeedee|Psychic Seed\n|-boost|p2a: Indeedee|spd|1|[from] item: Psychic Seed\n|turn|9\n|\n|t:|1699372854\n|move|p1a: Grimmsnarl|Fake Out||[still]\n|-hint|Fake Out only works on your first turn out.\n|-fail|p1a: Grimmsnarl\n|move|p2a: Indeedee|Follow Me|p2a: Indeedee\n|-singleturn|p2a: Indeedee|move: Follow Me\n|move|p1b: Houndstone|Last Respects|p2a: Indeedee\n|-immune|p2a: Indeedee\n|move|p2b: Togekiss|Yawn|p1a: Grimmsnarl\n|-start|p1a: Grimmsnarl|move: Yawn|[of] p2b: Togekiss\n|\n|-weather|Sandstorm|[upkeep]\n|-damage|p2a: Indeedee|94\/100|[from] Sandstorm\n|-damage|p1a: Grimmsnarl|82\/100|[from] Sandstorm\n|upkeep\n|turn|10\n|\n|t:|1699372873\n|move|p2a: Indeedee|Follow Me|p2a: Indeedee\n|-singleturn|p2a: Indeedee|move: Follow Me\n|move|p1a: Grimmsnarl|Thunder Wave|p2a: Indeedee\n|-activate|p2a: Indeedee|move: Psychic Terrain\n|move|p1b: Houndstone|Last Respects|p2a: Indeedee\n|-immune|p2a: Indeedee\n|move|p2b: Togekiss|Yawn|p1b: Houndstone\n|-start|p1b: Houndstone|move: Yawn|[of] p2b: Togekiss\n|\n|-weather|Sandstorm|[upkeep]\n|-damage|p2a: Indeedee|88\/100|[from] Sandstorm\n|-damage|p1a: Grimmsnarl|76\/100|[from] Sandstorm\n|-end|p1a: Grimmsnarl|move: Yawn|[silent]\n|-status|p1a: Grimmsnarl|slp\n|upkeep\n|turn|11\n|\n|t:|1699372889\n|move|p2a: Indeedee|Follow Me|p2a: Indeedee\n|-singleturn|p2a: Indeedee|move: Follow Me\n|cant|p1a: Grimmsnarl|slp\n|move|p1b: Houndstone|Last Respects|p2a: Indeedee\n|-immune|p2a: Indeedee\n|move|p2b: Togekiss|Air Slash|p1b: Houndstone\n|-damage|p1b: Houndstone|63\/100\n|\n|-weather|none\n|-end|p1b: Houndstone|move: Yawn|[silent]\n|-status|p1b: Houndstone|slp\n|upkeep\n|turn|12\n|\n|t:|1699372904\n|-curestatus|p1a: Grimmsnarl|slp|[msg]\n|move|p1a: Grimmsnarl|Thunder Wave|p2a: Indeedee\n|-activate|p2a: Indeedee|move: Psychic Terrain\n|cant|p1b: Houndstone|slp\n|move|p2b: Togekiss|Air Slash|p1b: Houndstone\n|-damage|p1b: Houndstone|24\/100 slp\n|move|p2a: Indeedee|Expanding Force|p1b: Houndstone|[spread] p1b\n|-immune|p1a: Grimmsnarl\n|-damage|p1b: Houndstone|0 fnt\n|faint|p1b: Houndstone\n|\n|upkeep\n|turn|13\n|-message|MAISRN forfeited.\n|\n|win|fumbari 24\n|raw|MAISRN's rating: 1239 &rarr; <strong>1209<\/strong><br \/>(-30 for losing)\n|raw|fumbari 24's rating: 1164 &rarr; <strong>1194<\/strong><br \/>(+30 for winning)\n|l|\u2606MAISRN\n","uploadtime":1699372918,"views":6,"p1id":"maisrn","p2id":"fumbari24","formatid":"gen9nationaldexdoubles","rating":1194,"private":0,"password":""}