{"id":"gen9nationaldexdoubles-1949971618","p1":"ColtDoesStuff","p2":"DysTek Magic","format":"[Gen 9] National Dex Doubles","log":"|j|\u2606ColtDoesStuff\n|j|\u2606DysTek Magic\n|t:|1695413654\n|gametype|doubles\n|player|p1|ColtDoesStuff|pokemonranger-gen4|1101\n|player|p2|DysTek Magic|dragontamer|1000\n|teamsize|p1|6\n|teamsize|p2|6\n|gen|9\n|tier|[Gen 9] National Dex Doubles\n|rated|\n|rule|HP Percentage Mod: HP is shown in percentages\n|rule|Endless Battle Clause: Forcing endless battles is banned\n|rule|OHKO Clause: OHKO moves are banned\n|rule|Evasion Moves Clause: Evasion moves are banned\n|rule|Evasion Abilities Clause: Evasion abilities are banned\n|rule|Species Clause: Limit one of each Pok\u00e9mon\n|rule|Gravity Sleep Clause: The combination of sleep-inducing moves with imperfect accuracy and Gravity or Gigantamax Orbeetle are banned\n|clearpoke\n|poke|p1|Shiftry, M|\n|poke|p1|Pelipper, M|\n|poke|p1|Toxicroak, F|\n|poke|p1|Machamp, F|\n|poke|p1|Rhyperior, M|\n|poke|p1|Porygon-Z|\n|poke|p2|Dragapult, F|\n|poke|p2|Togekiss, F|\n|poke|p2|Ampharos, M|\n|poke|p2|Bronzong|\n|poke|p2|Greninja-*, M|\n|poke|p2|Garbodor, M|\n|teampreview\n|inactive|Battle timer is ON: inactive players will automatically lose when time's up. (requested by ColtDoesStuff)\n|\n|t:|1695413676\n|start\n|switch|p1a: Shiftry|Shiftry, M|100\/100\n|switch|p1b: Pelipper|Pelipper, M|100\/100\n|switch|p2a: Liberty Bell|Bronzong|100\/100\n|switch|p2b: Caludio|Ampharos, M|100\/100\n|-weather|RainDance|[from] ability: Drizzle|[of] p1b: Pelipper\n|turn|1\n|\n|t:|1695413694\n|move|p2b: Caludio|Protect|p2b: Caludio\n|-singleturn|p2b: Caludio|Protect\n|move|p1a: Shiftry|Dark Pulse|p2a: Liberty Bell\n|-supereffective|p2a: Liberty Bell\n|-damage|p2a: Liberty Bell|38\/100\n|move|p1b: Pelipper|Toxic|p2b: Caludio\n|-activate|p2b: Caludio|move: Protect\n|move|p2a: Liberty Bell|Trick Room|p2a: Liberty Bell\n|-fieldstart|move: Trick Room|[of] p2a: Liberty Bell\n|\n|-weather|RainDance|[upkeep]\n|upkeep\n|turn|2\n|inactive|ColtDoesStuff has 120 seconds left.\n|\n|t:|1695413727\n|move|p2a: Liberty Bell|Body Press|p1a: Shiftry\n|-supereffective|p1a: Shiftry\n|-damage|p1a: Shiftry|15\/100\n|move|p2b: Caludio|Thunderbolt|p1b: Pelipper\n|-supereffective|p1b: Pelipper\n|-damage|p1b: Pelipper|0 fnt\n|faint|p1b: Pelipper\n|move|p1a: Shiftry|Will-O-Wisp|p2b: Caludio\n|-status|p2b: Caludio|brn\n|\n|-weather|RainDance|[upkeep]\n|-damage|p2b: Caludio|94\/100 brn|[from] brn\n|upkeep\n|inactive|ColtDoesStuff has 120 seconds left.\n|\n|t:|1695413739\n|switch|p1b: Toxicroak|Toxicroak, F|100\/100\n|turn|3\n|\n|t:|1695413753\n|detailschange|p2b: Caludio|Ampharos-Mega, M\n|-mega|p2b: Caludio|Ampharos|Ampharosite\n|-ability|p2b: Caludio|Mold Breaker\n|move|p2a: Liberty Bell|Gyro Ball|p1b: Toxicroak\n|-damage|p1b: Toxicroak|74\/100\n|move|p2b: Caludio|Dazzling Gleam|p1a: Shiftry|[spread] p1a,p1b\n|-supereffective|p1a: Shiftry\n|-damage|p1a: Shiftry|0 fnt\n|-damage|p1b: Toxicroak|43\/100\n|faint|p1a: Shiftry\n|move|p1b: Toxicroak|Knock Off|p2b: Caludio\n|-damage|p2b: Caludio|82\/100 brn\n|\n|-weather|RainDance|[upkeep]\n|-heal|p1b: Toxicroak|55\/100|[from] ability: Dry Skin\n|-heal|p1b: Toxicroak|61\/100|[from] item: Black Sludge\n|-damage|p2b: Caludio|76\/100 brn|[from] brn\n|upkeep\n|inactive|ColtDoesStuff has 120 seconds left.\n|\n|t:|1695413773\n|switch|p1a: Rhyperior|Rhyperior, M|100\/100\n|turn|4\n|\n|t:|1695413791\n|move|p2a: Liberty Bell|Gyro Ball|p1a: Rhyperior\n|-supereffective|p1a: Rhyperior\n|-damage|p1a: Rhyperior|86\/100\n|move|p2b: Caludio|Dragon Pulse|p1b: Toxicroak\n|-damage|p1b: Toxicroak|0 fnt\n|faint|p1b: Toxicroak\n|move|p1a: Rhyperior|Dragon Tail|p2b: Caludio|[miss]\n|-miss|p1a: Rhyperior|p2b: Caludio\n|\n|-weather|RainDance|[upkeep]\n|-damage|p2b: Caludio|70\/100 brn|[from] brn\n|upkeep\n|\n|t:|1695413803\n|switch|p1b: Porygon-Z|Porygon-Z|100\/100\n|turn|5\n|\n|t:|1695413811\n|move|p2a: Liberty Bell|Body Press|p1b: Porygon-Z\n|-supereffective|p1b: Porygon-Z\n|-damage|p1b: Porygon-Z|9\/100\n|move|p1a: Rhyperior|Drill Run|p2b: Caludio\n|-supereffective|p2b: Caludio\n|-damage|p2b: Caludio|0 fnt\n|faint|p2b: Caludio\n|move|p1b: Porygon-Z|Shadow Ball|p2a: Liberty Bell\n|-supereffective|p2a: Liberty Bell\n|-damage|p2a: Liberty Bell|0 fnt\n|faint|p2a: Liberty Bell\n|\n|-weather|none\n|-fieldend|move: Trick Room\n|upkeep\n|\n|t:|1695413827\n|switch|p2b: Drazooka|Dragapult, F|100\/100\n|switch|p2a: Shuriken|Greninja, M|100\/100\n|turn|6\n|\n|t:|1695413843\n|-terastallize|p1b: Porygon-Z|Normal\n|move|p2b: Drazooka|Dragon Darts|p1b: Porygon-Z\n|-damage|p1b: Porygon-Z|0 fnt\n|-anim|p2b: Drazooka|Dragon Darts|p1a: Rhyperior\n|-damage|p1a: Rhyperior|70\/100\n|faint|p1b: Porygon-Z\n|move|p2a: Shuriken|Hydro Pump|p1a: Rhyperior\n|-supereffective|p1a: Rhyperior\n|-damage|p1a: Rhyperior|0 fnt\n|faint|p1a: Rhyperior\n|-ability|p2a: Shuriken|Battle Bond|boost\n|-boost|p2a: Shuriken|atk|1\n|-boost|p2a: Shuriken|spa|1\n|-boost|p2a: Shuriken|spe|1\n|-activate|p2a: Shuriken|ability: Battle Bond\n|\n|upkeep\n|-message|ColtDoesStuff forfeited.\n|\n|win|DysTek Magic\n|raw|ColtDoesStuff's rating: 1101 &rarr; <strong>1069<\/strong><br \/>(-32 for losing)\n|raw|DysTek Magic's rating: 1000 &rarr; <strong>1051<\/strong><br \/>(+51 for winning)\n|l|\u2606ColtDoesStuff\n","uploadtime":1695413866,"views":10,"p1id":"coltdoesstuff","p2id":"dystekmagic","formatid":"gen9nationaldexdoubles","rating":1051,"private":0,"password":""}