{"id":"gen9nationaldexdoubles-1968021515","p1":"BigJarInAJam","p2":"oh oh no U MAD?","format":"[Gen 9] National Dex Doubles","log":"|j|\u2606BigJarInAJam\n|j|\u2606oh oh no U MAD?\n|t:|1697375279\n|gametype|doubles\n|player|p1|BigJarInAJam|backers|1188\n|player|p2|oh oh no U MAD?|cyclistf-gen4|1000\n|teamsize|p1|6\n|teamsize|p2|6\n|gen|9\n|tier|[Gen 9] National Dex Doubles\n|rated|\n|rule|HP Percentage Mod: HP is shown in percentages\n|rule|Endless Battle Clause: Forcing endless battles is banned\n|rule|OHKO Clause: OHKO moves are banned\n|rule|Evasion Moves Clause: Evasion moves are banned\n|rule|Evasion Abilities Clause: Evasion abilities are banned\n|rule|Species Clause: Limit one of each Pok\u00e9mon\n|rule|Gravity Sleep Clause: The combination of sleep-inducing moves with imperfect accuracy and Gravity or Gigantamax Orbeetle are banned\n|clearpoke\n|poke|p1|Cresselia, F|\n|poke|p1|Diancie|\n|poke|p1|Uxie|\n|poke|p1|Oricorio-Pom-Pom, M|\n|poke|p1|Volcarona, M|\n|poke|p1|Sinistcha-Masterpiece|\n|poke|p2|Indeedee-F, F|\n|poke|p2|Oranguru, M|\n|poke|p2|Glastrier|\n|poke|p2|Hoopa-Unbound|\n|poke|p2|Ursaluna, M|\n|poke|p2|Zygarde|\n|teampreview\n|inactive|Battle timer is ON: inactive players will automatically lose when time's up. (requested by BigJarInAJam)\n|\n|t:|1697375300\n|start\n|switch|p1a: Uxie|Uxie|100\/100\n|switch|p1b: Oricorio|Oricorio-Pom-Pom, M|100\/100\n|switch|p2a: Hoopa|Hoopa-Unbound|100\/100\n|switch|p2b: Zygarde|Zygarde|100\/100\n|-ability|p2b: Zygarde|Aura Break\n|turn|1\n|\n|t:|1697375324\n|move|p1a: Uxie|Knock Off|p2a: Hoopa\n|-crit|p2a: Hoopa\n|-damage|p2a: Hoopa|65\/100\n|-enditem|p2a: Hoopa|Room Service|[from] move: Knock Off|[of] p1a: Uxie\n|move|p1b: Oricorio|Quiver Dance|p1b: Oricorio\n|-boost|p1b: Oricorio|spa|1\n|-boost|p1b: Oricorio|spd|1\n|-boost|p1b: Oricorio|spe|1\n|move|p2b: Zygarde|Coil|p2b: Zygarde\n|-boost|p2b: Zygarde|atk|1\n|-boost|p2b: Zygarde|def|1\n|-boost|p2b: Zygarde|accuracy|1\n|move|p2a: Hoopa|Trick Room|p2a: Hoopa\n|-fieldstart|move: Trick Room|[of] p2a: Hoopa\n|-enditem|p2b: Zygarde|Room Service\n|-unboost|p2b: Zygarde|spe|1|[from] item: Room Service\n|\n|upkeep\n|turn|2\n|inactive|BigJarInAJam has 120 seconds left.\n|\n|t:|1697375365\n|switch|p1b: Sinistcha|Sinistcha-Masterpiece|100\/100\n|move|p2b: Zygarde|Thousand Arrows|p1a: Uxie|[spread] p1a,p1b\n|-resisted|p1b: Sinistcha\n|-damage|p1a: Uxie|76\/100\n|-damage|p1b: Sinistcha|83\/100\n|-start|p1a: Uxie|Smack Down\n|move|p2a: Hoopa|Dark Pulse|p1a: Uxie\n|-supereffective|p1a: Uxie\n|-damage|p1a: Uxie|12\/100\n|-item|p2a: Hoopa|Leftovers|[from] ability: Magician|[of] p1a: Uxie\n|move|p1a: Uxie|Shadow Ball|p2a: Hoopa\n|-damage|p2a: Hoopa|54\/100\n|\n|-heal|p2a: Hoopa|60\/100|[from] item: Leftovers\n|-heal|p1b: Sinistcha|89\/100|[from] item: Leftovers\n|upkeep\n|turn|3\n|inactive|BigJarInAJam has 120 seconds left.\n|inactive|oh oh no U MAD? has 120 seconds left.\n|inactive|oh oh no U MAD? has 90 seconds left.\n|\n|t:|1697375429\n|-terastallize|p1b: Sinistcha|Water\n|move|p2b: Zygarde|Thousand Arrows|p1b: Sinistcha|[spread] p1a,p1b\n|-damage|p1a: Uxie|0 fnt\n|-damage|p1b: Sinistcha|58\/100\n|faint|p1a: Uxie\n|move|p2a: Hoopa|Dark Pulse|p1b: Sinistcha\n|-damage|p1b: Sinistcha|0 fnt\n|faint|p1b: Sinistcha\n|\n|-heal|p2a: Hoopa|66\/100|[from] item: Leftovers\n|upkeep\n|inactive|BigJarInAJam has 90 seconds left.\n|\n|t:|1697375443\n|switch|p1b: Diancie|Diancie|100\/100\n|switch|p1a: Cresselia|Cresselia, F|100\/100\n|turn|4\n|c|\u2606BigJarInAJam|gg\n|c|\u2606BigJarInAJam|prob\n|inactive|oh oh no U MAD? has 90 seconds left.\n|\n|t:|1697375473\n|move|p2b: Zygarde|Thousand Arrows|p1b: Diancie|[spread] p1a,p1b\n|-supereffective|p1b: Diancie\n|-damage|p1a: Cresselia|77\/100\n|-damage|p1b: Diancie|41\/100\n|-start|p1a: Cresselia|Smack Down\n|move|p1b: Diancie|Diamond Storm|p2a: Hoopa|[spread] p2a,p2b\n|-resisted|p2b: Zygarde\n|-damage|p2a: Hoopa|32\/100\n|-damage|p2b: Zygarde|94\/100\n|move|p2a: Hoopa|Dark Pulse|p1a: Cresselia\n|-supereffective|p1a: Cresselia\n|-damage|p1a: Cresselia|3\/100\n|cant|p1a: Cresselia|flinch\n|\n|-heal|p1b: Diancie|48\/100|[from] item: Leftovers\n|-heal|p2a: Hoopa|38\/100|[from] item: Leftovers\n|-heal|p1a: Cresselia|9\/100|[from] item: Leftovers\n|upkeep\n|turn|5\n|inactive|BigJarInAJam has 120 seconds left.\n|\n|t:|1697375489\n|move|p1b: Diancie|Protect|p1b: Diancie\n|-singleturn|p1b: Diancie|Protect\n|move|p2b: Zygarde|Thousand Arrows|p1a: Cresselia|[spread] p1a\n|-activate|p1b: Diancie|move: Protect\n|-crit|p1a: Cresselia\n|-damage|p1a: Cresselia|0 fnt\n|faint|p1a: Cresselia\n|move|p2a: Hoopa|Shadow Ball|p1b: Diancie\n|-activate|p1b: Diancie|move: Protect\n|\n|-heal|p1b: Diancie|54\/100|[from] item: Leftovers\n|-heal|p2a: Hoopa|44\/100|[from] item: Leftovers\n|-fieldend|move: Trick Room\n|upkeep\n|\n|t:|1697375494\n|switch|p1a: Volcarona|Volcarona, M|100\/100\n|turn|6\n|inactive|oh oh no U MAD? has 120 seconds left.\n|\n|t:|1697375521\n|move|p1a: Volcarona|Bug Buzz|p2a: Hoopa\n|-supereffective|p2a: Hoopa\n|-damage|p2a: Hoopa|0 fnt\n|faint|p2a: Hoopa\n|move|p1b: Diancie|Diamond Storm|p2b: Zygarde\n|-resisted|p2b: Zygarde\n|-damage|p2b: Zygarde|87\/100\n|move|p2b: Zygarde|Thousand Arrows|p1b: Diancie|[spread] p1a,p1b\n|-supereffective|p1b: Diancie\n|-damage|p1a: Volcarona|49\/100\n|-damage|p1b: Diancie|0 fnt\n|faint|p1b: Diancie\n|\n|upkeep\n|\n|t:|1697375534\n|switch|p2a: Indeedee|Indeedee-F, F|100\/100\n|switch|p1b: Oricorio|Oricorio-Pom-Pom, M|100\/100\n|-fieldstart|move: Psychic Terrain|[from] ability: Psychic Surge|[of] p2a: Indeedee\n|turn|7\n|\n|t:|1697375548\n|move|p1a: Volcarona|Bug Buzz|p2a: Indeedee\n|-supereffective|p2a: Indeedee\n|-damage|p2a: Indeedee|13\/100\n|-unboost|p2a: Indeedee|spd|1\n|move|p1b: Oricorio|Revelation Dance|p2a: Indeedee\n|-damage|p2a: Indeedee|0 fnt\n|faint|p2a: Indeedee\n|move|p2b: Zygarde|Thousand Arrows|p1a: Volcarona|[spread] p1a,p1b\n|-crit|p1a: Volcarona\n|-damage|p1a: Volcarona|0 fnt\n|-damage|p1b: Oricorio|69\/100\n|-start|p1b: Oricorio|Smack Down\n|faint|p1a: Volcarona\n|\n|upkeep\n|-message|BigJarInAJam forfeited.\n|\n|win|oh oh no U MAD?\n|raw|BigJarInAJam's rating: 1188 &rarr; <strong>1153<\/strong><br \/>(-35 for losing)\n|raw|oh oh no U MAD?'s rating: 1041 &rarr; <strong>1088<\/strong><br \/>(+47 for winning)\n|l|\u2606BigJarInAJam\n","uploadtime":1697375568,"views":5,"p1id":"bigjarinajam","p2id":"ohohnoumad","formatid":"gen9nationaldexdoubles","rating":1088,"private":0,"password":""}