{"id":"gen9nationaldexdoubles-1957826038","p1":"Dyonilon","p2":"Rodnire","format":"[Gen 9] National Dex Doubles","log":"|j|\u2606Dyonilon\n|j|\u2606Rodnire\n|t:|1696263961\n|gametype|doubles\n|player|p1|Dyonilon|169|1303\n|player|p2|Rodnire|1|1582\n|teamsize|p1|6\n|teamsize|p2|6\n|gen|9\n|tier|[Gen 9] National Dex Doubles\n|rated|\n|rule|HP Percentage Mod: HP is shown in percentages\n|rule|Endless Battle Clause: Forcing endless battles is banned\n|rule|OHKO Clause: OHKO moves are banned\n|rule|Evasion Moves Clause: Evasion moves are banned\n|rule|Evasion Abilities Clause: Evasion abilities are banned\n|rule|Species Clause: Limit one of each Pok\u00e9mon\n|rule|Gravity Sleep Clause: The combination of sleep-inducing moves with imperfect accuracy and Gravity or Gigantamax Orbeetle are banned\n|clearpoke\n|poke|p1|Ursaluna, F|\n|poke|p1|Cresselia, F|\n|poke|p1|Flutter Mane|\n|poke|p1|Tinkaton, F|\n|poke|p1|Skeledirge, F|\n|poke|p1|Palafin, M|\n|poke|p2|Sinistcha|\n|poke|p2|Amoonguss, M|\n|poke|p2|Diancie|\n|poke|p2|Cresselia, F|\n|poke|p2|Kingambit, F|\n|poke|p2|Iron Hands|\n|teampreview\n|\n|t:|1696263972\n|start\n|switch|p1a: Cresselia|Cresselia, F|100\/100\n|switch|p1b: Ursaluna|Ursaluna, F|100\/100\n|switch|p2a: Amoonguss|Amoonguss, M|100\/100\n|switch|p2b: Diancie|Diancie|100\/100\n|turn|1\n|\n|t:|1696263984\n|-terastallize|p1b: Ursaluna|Grass\n|move|p1b: Ursaluna|Swords Dance|p1b: Ursaluna\n|-boost|p1b: Ursaluna|atk|2\n|move|p2b: Diancie|Diamond Storm|p1b: Ursaluna|[spread] p1a,p1b\n|-damage|p1a: Cresselia|73\/100\n|-damage|p1b: Ursaluna|73\/100\n|move|p2a: Amoonguss|Spore|p1b: Ursaluna\n|-immune|p1b: Ursaluna\n|move|p1a: Cresselia|Trick Room|p1a: Cresselia\n|-fieldstart|move: Trick Room|[of] p1a: Cresselia\n|\n|-status|p1b: Ursaluna|brn|[from] item: Flame Orb\n|upkeep\n|turn|2\n|\n|t:|1696263996\n|move|p2b: Diancie|Protect|p2b: Diancie\n|-singleturn|p2b: Diancie|Protect\n|move|p2a: Amoonguss|Clear Smog|p1b: Ursaluna\n|-supereffective|p1b: Ursaluna\n|-damage|p1b: Ursaluna|45\/100 brn\n|-clearboost|p1b: Ursaluna\n|move|p1b: Ursaluna|Earthquake|p2b: Diancie|[spread] p2a\n|-activate|p2b: Diancie|move: Protect\n|-immune|p1a: Cresselia|[from] ability: Levitate\n|-damage|p2a: Amoonguss|42\/100\n|-enditem|p2a: Amoonguss|Sitrus Berry|[eat]\n|-heal|p2a: Amoonguss|67\/100|[from] item: Sitrus Berry\n|move|p1a: Cresselia|Lunar Blessing|p1a: Cresselia|[spread] p1a,p1b\n|-heal|p1a: Cresselia|98\/100\n|-heal|p1b: Ursaluna|70\/100 brn\n|-curestatus|p1b: Ursaluna|brn|[msg]\n|\n|-status|p1b: Ursaluna|brn|[from] item: Flame Orb\n|upkeep\n|turn|3\n|\n|t:|1696264020\n|move|p2a: Amoonguss|Pollen Puff|p1b: Ursaluna\n|-supereffective|p1b: Ursaluna\n|-damage|p1b: Ursaluna|39\/100 brn\n|move|p2b: Diancie|Diamond Storm|p1a: Cresselia|[spread] p1a,p1b\n|-damage|p1a: Cresselia|73\/100\n|-damage|p1b: Ursaluna|14\/100 brn\n|move|p1b: Ursaluna|Earthquake|p2b: Diancie|[spread] p2a,p2b\n|-immune|p1a: Cresselia|[from] ability: Levitate\n|-supereffective|p2b: Diancie\n|-damage|p2a: Amoonguss|16\/100\n|-damage|p2b: Diancie|0 fnt\n|faint|p2b: Diancie\n|move|p1a: Cresselia|Lunar Blessing|p1a: Cresselia|[spread] p1a,p1b\n|-heal|p1a: Cresselia|98\/100\n|-heal|p1b: Ursaluna|39\/100 brn\n|-curestatus|p1b: Ursaluna|brn|[msg]\n|\n|-status|p1b: Ursaluna|brn|[from] item: Flame Orb\n|upkeep\n|raw|<div class=\"broadcast-red\"><b>The server is restarting soon.<\/b><br \/>Please finish your battles quickly. No new battles can be started until the server resets in a few minutes.<\/div>\n|inactive|Battle timer is ON: inactive players will automatically lose when time's up.\n|raw|<div class=\"broadcast-red\"><b>Moderated chat was set to +!<\/b><br \/>Only users of rank + and higher can talk.<\/div>\n|\n|t:|1696264035\n|switch|p2b: Sinistcha|Sinistcha|100\/100\n|-heal|p2a: Amoonguss|40\/100|[from] ability: Hospitality|[of] p2b: Sinistcha\n|turn|4\n|\n|t:|1696264045\n|move|p2a: Amoonguss|Pollen Puff|p1b: Ursaluna\n|-supereffective|p1b: Ursaluna\n|-damage|p1b: Ursaluna|7\/100 brn\n|move|p1b: Ursaluna|Earthquake|p2b: Sinistcha|[spread] p2a,p2b\n|-immune|p1a: Cresselia|[from] ability: Levitate\n|-resisted|p2b: Sinistcha\n|-damage|p2a: Amoonguss|0 fnt\n|-damage|p2b: Sinistcha|68\/100\n|faint|p2a: Amoonguss\n|move|p2b: Sinistcha|Matcha Gotcha|p1a: Cresselia|[spread] p1a,p1b\n|-resisted|p1b: Ursaluna\n|-crit|p1b: Ursaluna\n|-damage|p1a: Cresselia|77\/100\n|-heal|p2b: Sinistcha|82\/100|[from] drain|[of] p1a: Cresselia\n|-damage|p1b: Ursaluna|0 fnt\n|-heal|p2b: Sinistcha|87\/100|[from] drain|[of] p1b: Ursaluna\n|faint|p1b: Ursaluna\n|-damage|p2b: Sinistcha|77\/100|[from] item: Life Orb\n|move|p1a: Cresselia|Lunar Blessing|p1a: Cresselia\n|-heal|p1a: Cresselia|100\/100\n|\n|upkeep\n|\n|t:|1696264065\n|switch|p2a: Kingambit|Kingambit, F|100\/100\n|switch|p1b: Skeledirge|Skeledirge, F|100\/100\n|turn|5\n|\n|t:|1696264082\n|-terastallize|p2a: Kingambit|Dark\n|move|p1a: Cresselia|Helping Hand|p1b: Skeledirge\n|-singleturn|p1b: Skeledirge|Helping Hand|[of] p1a: Cresselia\n|move|p2a: Kingambit|Knock Off|p1b: Skeledirge\n|-supereffective|p1b: Skeledirge\n|-damage|p1b: Skeledirge|0 fnt\n|-enditem|p1b: Skeledirge|Throat Spray|[from] move: Knock Off|[of] p2a: Kingambit\n|faint|p1b: Skeledirge\n|move|p2b: Sinistcha|Shadow Ball|p1a: Cresselia\n|-supereffective|p1a: Cresselia\n|-damage|p1a: Cresselia|46\/100\n|-damage|p2b: Sinistcha|67\/100|[from] item: Life Orb\n|\n|-fieldend|move: Trick Room\n|upkeep\n|\n|t:|1696264097\n|switch|p1b: Flutter Mane|Flutter Mane|100\/100\n|turn|6\n|\n|t:|1696264109\n|move|p1a: Cresselia|Helping Hand|p1b: Flutter Mane\n|-singleturn|p1b: Flutter Mane|Helping Hand|[of] p1a: Cresselia\n|move|p2a: Kingambit|Sucker Punch|p1b: Flutter Mane\n|-damage|p1b: Flutter Mane|0 fnt\n|faint|p1b: Flutter Mane\n|-end|p1b: Flutter Mane|Protosynthesis|[silent]\n|move|p2b: Sinistcha|Trick Room|p2b: Sinistcha\n|-fieldstart|move: Trick Room|[of] p2b: Sinistcha\n|\n|upkeep\n|\n|t:|1696264117\n|switch|p1b: Tinkaton|Tinkaton, F|100\/100\n|-ability|p1b: Tinkaton|Mold Breaker\n|turn|7\n|\n|t:|1696264130\n|move|p2a: Kingambit|Protect|p2a: Kingambit\n|-singleturn|p2a: Kingambit|Protect\n|move|p1b: Tinkaton|Fake Out|p2a: Kingambit\n|-activate|p2a: Kingambit|move: Protect\n|move|p2b: Sinistcha|Scald|p1b: Tinkaton\n|-crit|p1b: Tinkaton\n|-damage|p1b: Tinkaton|40\/100\n|-status|p1b: Tinkaton|brn\n|-damage|p2b: Sinistcha|57\/100|[from] item: Life Orb\n|move|p1a: Cresselia|Lunar Blessing|p1a: Cresselia|[spread] p1a,p1b\n|-heal|p1a: Cresselia|71\/100\n|-heal|p1b: Tinkaton|65\/100 brn\n|-curestatus|p1b: Tinkaton|brn|[msg]\n|\n|-heal|p1b: Tinkaton|71\/100|[from] item: Leftovers\n|upkeep\n|turn|8\n|\n|t:|1696264151\n|switch|p1b: Palafin|Palafin, M|100\/100\n|move|p2a: Kingambit|Knock Off|p1a: Cresselia\n|-supereffective|p1a: Cresselia\n|-damage|p1a: Cresselia|0 fnt\n|-enditem|p1a: Cresselia|Focus Sash|[from] move: Knock Off|[of] p2a: Kingambit\n|faint|p1a: Cresselia\n|move|p2b: Sinistcha|Shadow Ball|p1b: Palafin\n|-damage|p1b: Palafin|24\/100\n|-damage|p2b: Sinistcha|47\/100|[from] item: Life Orb\n|\n|upkeep\n|\n|t:|1696264161\n|switch|p1a: Tinkaton|Tinkaton, F|71\/100\n|-ability|p1a: Tinkaton|Mold Breaker\n|turn|9\n|c|\u2606Rodnire|damn no pala-h\n|\n|t:|1696264180\n|move|p2a: Kingambit|Knock Off|p1a: Tinkaton\n|-resisted|p1a: Tinkaton\n|-damage|p1a: Tinkaton|5\/100\n|-enditem|p1a: Tinkaton|Leftovers|[from] move: Knock Off|[of] p2a: Kingambit\n|move|p2b: Sinistcha|Matcha Gotcha|p1a: Tinkaton|[spread] p1a,p1b\n|-resisted|p1a: Tinkaton\n|-supereffective|p1b: Palafin\n|-damage|p1a: Tinkaton|0 fnt\n|-heal|p2b: Sinistcha|49\/100|[from] drain|[of] p1a: Tinkaton\n|-damage|p1b: Palafin|0 fnt\n|-heal|p2b: Sinistcha|61\/100|[from] drain|[of] p1b: Palafin\n|faint|p1a: Tinkaton\n|faint|p1b: Palafin\n|-damage|p2b: Sinistcha|51\/100|[from] item: Life Orb\n|\n|win|Rodnire\n|raw|Dyonilon's rating: 1303 &rarr; <strong>1296<\/strong><br \/>(-7 for losing)\n|raw|Rodnire's rating: 1582 &rarr; <strong>1589<\/strong><br \/>(+7 for winning)\n|l|\u2606Dyonilon\n","uploadtime":1696264411,"views":17,"p1id":"dyonilon","p2id":"rodnire","formatid":"gen9nationaldexdoubles","rating":1296,"private":0,"password":""}