{"id":"gen9nationaldexdoubles-1988081576","p1":"Ariana880","p2":"Dalender","format":"[Gen 9] National Dex Doubles","log":"|j|\u2606Ariana880\n|j|\u2606Dalender\n|t:|1699667257\n|gametype|doubles\n|player|p1|Ariana880|bellelba|1013\n|player|p2|Dalender|guitarist|1063\n|teamsize|p1|6\n|teamsize|p2|6\n|gen|9\n|tier|[Gen 9] National Dex Doubles\n|rated|\n|rule|HP Percentage Mod: HP is shown in percentages\n|rule|Endless Battle Clause: Forcing endless battles is banned\n|rule|OHKO Clause: OHKO moves are banned\n|rule|Evasion Moves Clause: Evasion moves are banned\n|rule|Evasion Abilities Clause: Evasion abilities are banned\n|rule|Species Clause: Limit one of each Pok\u00e9mon\n|rule|Gravity Sleep Clause: The combination of sleep-inducing moves with imperfect accuracy and Gravity or Gigantamax Orbeetle are banned\n|clearpoke\n|poke|p1|Kadabra, M|\n|poke|p1|Gardevoir, F|\n|poke|p1|Xatu, F|\n|poke|p1|Hypno, M|\n|poke|p1|Grumpig, M|\n|poke|p1|Medicham, M|\n|poke|p2|Muk-Alola, M|\n|poke|p2|Clefairy, F|\n|poke|p2|Klefki, M|\n|poke|p2|Espeon, F|\n|poke|p2|Incineroar, F|\n|poke|p2|Conkeldurr, M|\n|teampreview\n|\n|t:|1699667269\n|start\n|switch|p1a: Kadabra|Kadabra, M|100\/100\n|switch|p1b: Medicham|Medicham, M|100\/100\n|switch|p2a: Princesa|Incineroar, F|100\/100\n|switch|p2b: Keysay|Klefki, M|100\/100\n|-ability|p2a: Princesa|Intimidate|boost\n|-unboost|p1a: Kadabra|atk|1\n|-unboost|p1b: Medicham|atk|1\n|turn|1\n|\n|t:|1699667288\n|move|p2a: Princesa|Fake Out|p1b: Medicham\n|-damage|p1b: Medicham|81\/100\n|move|p2b: Keysay|Light Screen|p2b: Keysay\n|-sidestart|p2: Dalender|move: Light Screen\n|move|p1a: Kadabra|Reflect|p1a: Kadabra\n|-sidestart|p1: Ariana880|Reflect\n|cant|p1b: Medicham|flinch\n|\n|upkeep\n|turn|2\n|\n|t:|1699667303\n|move|p2b: Keysay|Reflect|p2b: Keysay\n|-sidestart|p2: Dalender|Reflect\n|move|p1a: Kadabra|Psybeam|p2a: Princesa\n|-immune|p2a: Princesa\n|move|p1b: Medicham|Brick Break|p2a: Princesa\n|-sideend|p2: Dalender|Reflect\n|-sideend|p2: Dalender|move: Light Screen\n|-supereffective|p2a: Princesa\n|-damage|p2a: Princesa|29\/100\n|move|p2a: Princesa|Snarl|p1a: Kadabra|[spread] p1a,p1b\n|-supereffective|p1a: Kadabra\n|-damage|p1a: Kadabra|55\/100\n|-damage|p1b: Medicham|61\/100\n|-unboost|p1a: Kadabra|spa|1\n|-unboost|p1b: Medicham|spa|1\n|\n|upkeep\n|turn|3\n|\n|t:|1699667328\n|move|p2b: Keysay|Thunder Wave|p1b: Medicham\n|-status|p1b: Medicham|par\n|move|p1a: Kadabra|Recover|p1a: Kadabra\n|-heal|p1a: Kadabra|100\/100\n|move|p2a: Princesa|Flare Blitz|p1b: Medicham\n|-damage|p1b: Medicham|0 fnt\n|faint|p1b: Medicham\n|-damage|p2a: Princesa|15\/100|[from] Recoil\n|-enditem|p2a: Princesa|Figy Berry|[eat]\n|-heal|p2a: Princesa|48\/100|[from] item: Figy Berry\n|\n|upkeep\n|c|\u2606Ariana880|Why am I using a Kadabra and not an Alakasam\n|\n|t:|1699667349\n|switch|p1b: Grumpig|Grumpig, M|100\/100\n|turn|4\n|\n|t:|1699667371\n|move|p2b: Keysay|Light Screen|p2b: Keysay\n|-sidestart|p2: Dalender|move: Light Screen\n|move|p1a: Kadabra|Psybeam|p2b: Keysay\n|-resisted|p2b: Keysay\n|-damage|p2b: Keysay|92\/100\n|move|p1b: Grumpig|Hidden Power|p2a: Princesa\n|-resisted|p2a: Princesa\n|-damage|p2a: Princesa|44\/100\n|move|p2a: Princesa|Snarl|p1b: Grumpig|[spread] p1b\n|-miss|p2a: Princesa|p1a: Kadabra\n|-supereffective|p1b: Grumpig\n|-damage|p1b: Grumpig|77\/100\n|-unboost|p1b: Grumpig|spa|1\n|\n|-heal|p1b: Grumpig|83\/100|[from] item: Leftovers\n|-heal|p2b: Keysay|98\/100|[from] item: Leftovers\n|upkeep\n|turn|5\n|\n|t:|1699667401\n|move|p2b: Keysay|Thunder Wave|p1b: Grumpig\n|-status|p1b: Grumpig|par\n|move|p1a: Kadabra|Disable|p2a: Princesa\n|-start|p2a: Princesa|Disable|Snarl\n|move|p1b: Grumpig|Extrasensory|p2b: Keysay\n|-resisted|p2b: Keysay\n|-damage|p2b: Keysay|90\/100\n|cant|p2a: Princesa|Disable|Snarl\n|\n|-heal|p2b: Keysay|96\/100|[from] item: Leftovers\n|-heal|p1b: Grumpig|89\/100 par|[from] item: Leftovers\n|-sideend|p1: Ariana880|Reflect\n|upkeep\n|turn|6\n|\n|t:|1699667427\n|move|p1a: Kadabra|Disable|p2b: Keysay\n|-start|p2b: Keysay|Disable|Thunder Wave\n|move|p2b: Keysay|Draining Kiss|p1a: Kadabra\n|-crit|p1a: Kadabra\n|-damage|p1a: Kadabra|58\/100\n|-heal|p2b: Keysay|100\/100|[from] drain|[of] p1a: Kadabra\n|move|p1b: Grumpig|Reflect|p1b: Grumpig\n|-sidestart|p1: Ariana880|Reflect\n|move|p2a: Princesa|Taunt|p1a: Kadabra\n|-start|p1a: Kadabra|move: Taunt\n|\n|-heal|p1b: Grumpig|95\/100 par|[from] item: Leftovers\n|upkeep\n|turn|7\n|\n|t:|1699667456\n|move|p1a: Kadabra|Psybeam|p2b: Keysay\n|-resisted|p2b: Keysay\n|-crit|p2b: Keysay\n|-damage|p2b: Keysay|70\/100\n|move|p2b: Keysay|Draining Kiss|p1b: Grumpig\n|-damage|p1b: Grumpig|80\/100 par\n|-heal|p2b: Keysay|82\/100|[from] drain|[of] p1b: Grumpig\n|move|p1b: Grumpig|Psychic|p2b: Keysay\n|-resisted|p2b: Keysay\n|-damage|p2b: Keysay|74\/100\n|move|p2a: Princesa|Flare Blitz|p1a: Kadabra\n|-damage|p1a: Kadabra|0 fnt\n|faint|p1a: Kadabra\n|-damage|p2a: Princesa|32\/100|[from] Recoil\n|\n|-heal|p2b: Keysay|80\/100|[from] item: Leftovers\n|-heal|p1b: Grumpig|86\/100 par|[from] item: Leftovers\n|upkeep\n|\n|t:|1699667473\n|switch|p1a: Gardevoir|Gardevoir, F, shiny|100\/100\n|-ability|p1a: Gardevoir|Intimidate|boost\n|-unboost|p2a: Princesa|atk|1\n|-unboost|p2b: Keysay|atk|1\n|-ability|p1a: Gardevoir|Intimidate|[from] ability: Trace|[of] p2a: Princesa\n|turn|8\n|\n|t:|1699667492\n|move|p1a: Gardevoir|Thunderbolt|p2a: Princesa\n|-damage|p2a: Princesa|15\/100\n|move|p2b: Keysay|Draining Kiss|p1b: Grumpig\n|-damage|p1b: Grumpig|70\/100 par\n|-heal|p2b: Keysay|93\/100|[from] drain|[of] p1b: Grumpig\n|move|p1b: Grumpig|Hidden Power|p2a: Princesa\n|-resisted|p2a: Princesa\n|-damage|p2a: Princesa|12\/100\n|move|p2a: Princesa|Flare Blitz|p1a: Gardevoir\n|-damage|p1a: Gardevoir|60\/100\n|-damage|p2a: Princesa|2\/100|[from] Recoil\n|\n|-heal|p2b: Keysay|99\/100|[from] item: Leftovers\n|-heal|p1b: Grumpig|76\/100 par|[from] item: Leftovers\n|-end|p2a: Princesa|Disable\n|-sideend|p2: Dalender|move: Light Screen\n|upkeep\n|turn|9\n|\n|t:|1699667521\n|move|p2b: Keysay|Light Screen|p2b: Keysay\n|-sidestart|p2: Dalender|move: Light Screen\n|move|p1a: Gardevoir|Thunderbolt|p2a: Princesa\n|-damage|p2a: Princesa|0 fnt\n|faint|p2a: Princesa\n|move|p1b: Grumpig|Psychic|p2b: Keysay\n|-resisted|p2b: Keysay\n|-damage|p2b: Keysay|90\/100\n|\n|-heal|p2b: Keysay|97\/100|[from] item: Leftovers\n|-heal|p1b: Grumpig|82\/100 par|[from] item: Leftovers\n|-end|p2b: Keysay|Disable\n|upkeep\n|\n|t:|1699667535\n|switch|p2a: Venus|Espeon, F|100\/100\n|turn|10\n|\n|t:|1699667548\n|move|p2b: Keysay|Thunder Wave|p1a: Gardevoir\n|-status|p1a: Gardevoir|par\n|move|p2a: Venus|Calm Mind|p2a: Venus\n|-boost|p2a: Venus|spa|1\n|-boost|p2a: Venus|spd|1\n|move|p1a: Gardevoir|Calm Mind|p1a: Gardevoir\n|-boost|p1a: Gardevoir|spa|1\n|-boost|p1a: Gardevoir|spd|1\n|move|p1b: Grumpig|Hidden Power|p2a: Venus\n|-supereffective|p2a: Venus\n|-damage|p2a: Venus|88\/100\n|-enditem|p2a: Venus|Weakness Policy\n|-boost|p2a: Venus|atk|2|[from] item: Weakness Policy\n|-boost|p2a: Venus|spa|2|[from] item: Weakness Policy\n|\n|-heal|p2b: Keysay|100\/100|[from] item: Leftovers\n|-heal|p1b: Grumpig|88\/100 par|[from] item: Leftovers\n|-sideend|p1: Ariana880|Reflect\n|upkeep\n|turn|11\n|\n|t:|1699667576\n|move|p2a: Venus|Stored Power|p1b: Grumpig\n|-resisted|p1b: Grumpig\n|-damage|p1b: Grumpig|0 fnt\n|faint|p1b: Grumpig\n|move|p2b: Keysay|Draining Kiss|p1a: Gardevoir\n|-damage|p1a: Gardevoir|50\/100 par\n|move|p1a: Gardevoir|Thunderbolt|p2b: Keysay\n|-damage|p2b: Keysay|72\/100\n|\n|-heal|p2b: Keysay|78\/100|[from] item: Leftovers\n|upkeep\n|\n|t:|1699667586\n|switch|p1b: Xatu|Xatu, F|100\/100\n|turn|12\n|\n|t:|1699667601\n|move|p1b: Xatu|Light Screen|p1b: Xatu\n|-sidestart|p1: Ariana880|move: Light Screen\n|move|p2a: Venus|Stored Power|p1b: Xatu\n|-resisted|p1b: Xatu\n|-damage|p1b: Xatu|0 fnt\n|faint|p1b: Xatu\n|move|p2b: Keysay|Draining Kiss|p1a: Gardevoir\n|-damage|p1a: Gardevoir|42\/100 par\n|-heal|p2b: Keysay|84\/100|[from] drain|[of] p1a: Gardevoir\n|move|p1a: Gardevoir|Substitute|p1a: Gardevoir\n|-start|p1a: Gardevoir|Substitute\n|-damage|p1a: Gardevoir|17\/100 par\n|\n|-heal|p2b: Keysay|90\/100|[from] item: Leftovers\n|upkeep\n|\n|t:|1699667612\n|switch|p1b: Hypno|Hypno, M|100\/100\n|turn|13\n|\n|t:|1699667623\n|move|p2a: Venus|Stored Power|p1b: Hypno\n|-resisted|p1b: Hypno\n|-damage|p1b: Hypno|52\/100\n|move|p1b: Hypno|Hypnosis|p2b: Keysay\n|-status|p2b: Keysay|slp|[from] move: Hypnosis\n|cant|p2b: Keysay|slp\n|move|p1a: Gardevoir|Thunderbolt|p2b: Keysay\n|-damage|p2b: Keysay|62\/100 slp\n|\n|-heal|p2b: Keysay|68\/100 slp|[from] item: Leftovers\n|-sideend|p2: Dalender|move: Light Screen\n|upkeep\n|turn|14\n|\n|t:|1699667641\n|-curestatus|p2b: Keysay|slp|[msg]\n|move|p2b: Keysay|Light Screen|p2b: Keysay\n|-sidestart|p2: Dalender|move: Light Screen\n|move|p2a: Venus|Stored Power|p1b: Hypno\n|-resisted|p1b: Hypno\n|-damage|p1b: Hypno|0 fnt\n|faint|p1b: Hypno\n|cant|p1a: Gardevoir|par\n|\n|-heal|p2b: Keysay|74\/100|[from] item: Leftovers\n|upkeep\n|turn|15\n|-message|Ariana880 forfeited.\n|\n|win|Dalender\n|raw|Ariana880's rating: 1013 &rarr; <strong>1003<\/strong><br \/>(-10 for losing)\n|raw|Dalender's rating: 1063 &rarr; <strong>1089<\/strong><br \/>(+26 for winning)\n|l|\u2606Ariana880\n","uploadtime":1699667657,"views":29,"p1id":"ariana880","p2id":"dalender","formatid":"gen9nationaldexdoubles","rating":1003,"private":0,"password":""}