{"id":"gen9nationaldexdoubles-1995195443","p1":"Alonso26ca","p2":"Roncito","format":"[Gen 9] National Dex Doubles","log":"|j|\u2606Alonso26ca\n|j|\u2606Roncito\n|t:|1700533302\n|gametype|doubles\n|player|p1|Alonso26ca|n|\n|player|p2|Roncito|2|\n|teamsize|p1|6\n|teamsize|p2|6\n|gen|9\n|tier|[Gen 9] National Dex Doubles\n|rule|HP Percentage Mod: HP is shown in percentages\n|rule|Endless Battle Clause: Forcing endless battles is banned\n|rule|OHKO Clause: OHKO moves are banned\n|rule|Evasion Moves Clause: Evasion moves are banned\n|rule|Evasion Abilities Clause: Evasion abilities are banned\n|rule|Species Clause: Limit one of each Pok\u00e9mon\n|rule|Gravity Sleep Clause: The combination of sleep-inducing moves with imperfect accuracy and Gravity or Gigantamax Orbeetle are banned\n|clearpoke\n|poke|p1|Bulbasaur, M|\n|poke|p1|Scorbunny, F|\n|poke|p1|Litten, F|\n|poke|p1|Froakie, M|\n|poke|p1|Riolu, F|\n|poke|p1|Snivy, M|\n|poke|p2|Charmander, M|\n|poke|p2|Larvitar, M|\n|poke|p2|Totodile, M|\n|poke|p2|Sprigatito, M|\n|poke|p2|Bulbasaur, F|\n|poke|p2|Litten, M|\n|teampreview\n|\n|t:|1700533313\n|start\n|switch|p1a: Scorbunny|Scorbunny, F|100\/100\n|switch|p1b: Bulbasaur|Bulbasaur, M|100\/100\n|switch|p2a: Litten|Litten, M|100\/100\n|switch|p2b: Bulbasaur|Bulbasaur, F|100\/100\n|-ability|p2a: Litten|Intimidate|boost\n|-unboost|p1a: Scorbunny|atk|1\n|-unboost|p1b: Bulbasaur|atk|1\n|turn|1\n|\n|t:|1700533346\n|move|p2a: Litten|Fake Out|p1a: Scorbunny\n|-crit|p1a: Scorbunny\n|-damage|p1a: Scorbunny|62\/100\n|cant|p1a: Scorbunny|flinch\n|move|p2b: Bulbasaur|Sleep Powder|p1b: Bulbasaur\n|-immune|p1b: Bulbasaur\n|move|p1b: Bulbasaur|Sleep Powder|p2a: Litten\n|-status|p2a: Litten|slp|[from] move: Sleep Powder\n|\n|upkeep\n|turn|2\n|\n|t:|1700533374\n|switch|p2b: Totodile|Totodile, M|100\/100\n|move|p1a: Scorbunny|U-turn|p2b: Totodile\n|-start|p1a: Scorbunny|typechange|Bug|[from] ability: Libero\n|-damage|p2b: Totodile|85\/100\n|\n|t:|1700533395\n|switch|p1a: Snivy|Snivy, M|100\/100|[from] U-turn\n|cant|p2a: Litten|slp\n|move|p1b: Bulbasaur|Leech Seed|p2a: Litten\n|-start|p2a: Litten|move: Leech Seed\n|\n|-damage|p2a: Litten|88\/100 slp|[from] Leech Seed|[of] p1b: Bulbasaur\n|upkeep\n|turn|3\n|\n|t:|1700533419\n|switch|p2a: Charmander|Charmander, M|100\/100\n|move|p1a: Snivy|Substitute|p1a: Snivy\n|-start|p1a: Snivy|Substitute\n|-damage|p1a: Snivy|76\/100\n|move|p2b: Totodile|Ice Punch|p1a: Snivy\n|-supereffective|p1a: Snivy\n|-end|p1a: Snivy|Substitute\n|move|p1b: Bulbasaur|Sleep Powder|p2b: Totodile\n|-status|p2b: Totodile|slp|[from] move: Sleep Powder\n|\n|-heal|p1a: Snivy|82\/100|[from] item: Leftovers\n|upkeep\n|turn|4\n|\n|t:|1700533435\n|move|p1a: Snivy|Substitute|p1a: Snivy\n|-start|p1a: Snivy|Substitute\n|-damage|p1a: Snivy|57\/100\n|move|p2a: Charmander|Heat Wave|p1b: Bulbasaur|[spread] p1a,p1b\n|-supereffective|p1a: Snivy\n|-end|p1a: Snivy|Substitute\n|-supereffective|p1b: Bulbasaur\n|-damage|p1b: Bulbasaur|12\/100\n|cant|p2b: Totodile|slp\n|move|p1b: Bulbasaur|Sleep Powder|p2a: Charmander\n|-status|p2a: Charmander|slp|[from] move: Sleep Powder\n|\n|-heal|p1a: Snivy|63\/100|[from] item: Leftovers\n|-heal|p1b: Bulbasaur|18\/100|[from] item: Leftovers\n|upkeep\n|turn|5\n|\n|t:|1700533456\n|cant|p2a: Charmander|slp\n|move|p1a: Snivy|Glare||[still]\n|-fail|p1a: Snivy\n|-curestatus|p2b: Totodile|slp|[msg]\n|move|p2b: Totodile|Ice Punch|p1a: Snivy\n|-supereffective|p1a: Snivy\n|-damage|p1a: Snivy|0 fnt\n|faint|p1a: Snivy\n|move|p1b: Bulbasaur|Giga Drain|p2b: Totodile\n|-supereffective|p2b: Totodile\n|-damage|p2b: Totodile|11\/100\n|-heal|p1b: Bulbasaur|54\/100|[from] drain|[of] p2b: Totodile\n|\n|-heal|p1b: Bulbasaur|60\/100|[from] item: Leftovers\n|upkeep\n|\n|t:|1700533463\n|switch|p1a: Litten|Litten, F|100\/100\n|-ability|p1a: Litten|Intimidate|boost\n|-unboost|p2a: Charmander|atk|1\n|-unboost|p2b: Totodile|atk|1\n|turn|6\n|\n|t:|1700533483\n|move|p2b: Totodile|Aqua Jet|p1a: Litten\n|-supereffective|p1a: Litten\n|-damage|p1a: Litten|60\/100\n|move|p1a: Litten|Parting Shot|p2a: Charmander\n|-unboost|p2a: Charmander|atk|1\n|-unboost|p2a: Charmander|spa|1\n|\n|t:|1700533491\n|switch|p1a: Riolu|Riolu, F|100\/100|[from] Parting Shot\n|-curestatus|p2a: Charmander|slp|[msg]\n|move|p2a: Charmander|Ancient Power|p1a: Riolu\n|-resisted|p1a: Riolu\n|-damage|p1a: Riolu|88\/100\n|move|p1b: Bulbasaur|Giga Drain|p2b: Totodile\n|-supereffective|p2b: Totodile\n|-damage|p2b: Totodile|0 fnt\n|-heal|p1b: Bulbasaur|65\/100|[from] drain|[of] p2b: Totodile\n|faint|p2b: Totodile\n|\n|-heal|p1b: Bulbasaur|72\/100|[from] item: Leftovers\n|upkeep\n|j| larsonshark\n|l| larsonshark\n|\n|t:|1700533506\n|switch|p2b: Sprigatito|Sprigatito, M|100\/100\n|turn|7\n|\n|t:|1700533521\n|switch|p1b: Litten|Litten, F|60\/100\n|-ability|p1b: Litten|Intimidate|boost\n|-unboost|p2a: Charmander|atk|1\n|-unboost|p2b: Sprigatito|atk|1\n|-terastallize|p1a: Riolu|Fighting\n|move|p2b: Sprigatito|Acrobatics|p1b: Litten\n|-start|p2b: Sprigatito|typechange|Flying|[from] ability: Protean\n|-damage|p1b: Litten|18\/100\n|-enditem|p1b: Litten|Iapapa Berry|[eat]\n|-heal|p1b: Litten|52\/100|[from] item: Iapapa Berry\n|-damage|p2b: Sprigatito|91\/100|[from] item: Life Orb\n|move|p1a: Riolu|Close Combat|p2a: Charmander\n|-damage|p2a: Charmander|0 fnt\n|-unboost|p1a: Riolu|def|1\n|-unboost|p1a: Riolu|spd|1\n|faint|p2a: Charmander\n|-damage|p1a: Riolu|78\/100|[from] item: Life Orb\n|\n|upkeep\n|\n|t:|1700533545\n|switch|p2a: Larvitar|Larvitar, M|100\/100\n|turn|8\n|\n|t:|1700533555\n|move|p2b: Sprigatito|Protect|p2b: Sprigatito\n|-singleturn|p2b: Sprigatito|Protect\n|move|p1b: Litten|Fake Out|p2b: Sprigatito\n|-activate|p2b: Sprigatito|move: Protect\n|move|p1a: Riolu|Close Combat|p2a: Larvitar\n|-supereffective|p2a: Larvitar\n|-damage|p2a: Larvitar|0 fnt\n|-unboost|p1a: Riolu|def|1\n|-unboost|p1a: Riolu|spd|1\n|faint|p2a: Larvitar\n|-damage|p1a: Riolu|68\/100|[from] item: Life Orb\n|\n|upkeep\n|\n|t:|1700533567\n|switch|p2a: Bulbasaur|Bulbasaur, F|100\/100\n|turn|9\n|\n|t:|1700533583\n|-terastallize|p2b: Sprigatito|Water\n|move|p1a: Riolu|Protect|p1a: Riolu\n|-singleturn|p1a: Riolu|Protect\n|move|p2b: Sprigatito|Acrobatics|p1b: Litten\n|-damage|p1b: Litten|14\/100\n|-damage|p2b: Sprigatito|81\/100|[from] item: Life Orb\n|move|p1b: Litten|Parting Shot|p2a: Bulbasaur\n|-unboost|p2a: Bulbasaur|atk|1\n|-unboost|p2a: Bulbasaur|spa|1\n|\n|t:|1700533592\n|switch|p1b: Bulbasaur|Bulbasaur, M|72\/100|[from] Parting Shot\n|move|p2a: Bulbasaur|Sleep Powder|p1a: Riolu\n|-activate|p1a: Riolu|move: Protect\n|\n|-heal|p1b: Bulbasaur|78\/100|[from] item: Leftovers\n|upkeep\n|turn|10\n|\n|t:|1700533610\n|move|p2b: Sprigatito|Acrobatics|p1b: Bulbasaur\n|-supereffective|p1b: Bulbasaur\n|-damage|p1b: Bulbasaur|35\/100\n|-damage|p2b: Sprigatito|71\/100|[from] item: Life Orb\n|move|p1a: Riolu|Close Combat|p2a: Bulbasaur\n|-resisted|p2a: Bulbasaur\n|-damage|p2a: Bulbasaur|53\/100\n|-unboost|p1a: Riolu|def|1\n|-unboost|p1a: Riolu|spd|1\n|-damage|p1a: Riolu|58\/100|[from] item: Life Orb\n|move|p2a: Bulbasaur|Giga Drain|p1a: Riolu\n|-damage|p1a: Riolu|0 fnt\n|-heal|p2a: Bulbasaur|77\/100|[from] drain|[of] p1a: Riolu\n|faint|p1a: Riolu\n|move|p1b: Bulbasaur|Giga Drain|p2b: Sprigatito\n|-supereffective|p2b: Sprigatito\n|-damage|p2b: Sprigatito|0 fnt\n|-heal|p1b: Bulbasaur|61\/100|[from] drain|[of] p2b: Sprigatito\n|faint|p2b: Sprigatito\n|\n|-heal|p1b: Bulbasaur|67\/100|[from] item: Leftovers\n|upkeep\n|\n|t:|1700533632\n|switch|p2b: Litten|Litten, M|88\/100 slp\n|switch|p1a: Litten|Litten, F|14\/100\n|-ability|p2b: Litten|Intimidate|boost\n|-unboost|p1a: Litten|atk|1\n|-unboost|p1b: Bulbasaur|atk|1\n|-ability|p1a: Litten|Intimidate|boost\n|-unboost|p2a: Bulbasaur|atk|1\n|-unboost|p2b: Litten|atk|1\n|turn|11\n|\n|t:|1700533647\n|move|p1a: Litten|Fake Out|p2a: Bulbasaur\n|-damage|p2a: Bulbasaur|72\/100\n|cant|p2b: Litten|slp\n|cant|p2a: Bulbasaur|flinch\n|move|p1b: Bulbasaur|Leech Seed|p2b: Litten\n|-start|p2b: Litten|move: Leech Seed\n|\n|-heal|p1b: Bulbasaur|73\/100|[from] item: Leftovers\n|-damage|p2b: Litten|76\/100 slp|[from] Leech Seed|[of] p1b: Bulbasaur\n|-heal|p1b: Bulbasaur|84\/100|[silent]\n|upkeep\n|turn|12\n|\n|t:|1700533663\n|cant|p2b: Litten|slp\n|move|p1a: Litten|Overheat|p2a: Bulbasaur\n|-supereffective|p2a: Bulbasaur\n|-damage|p2a: Bulbasaur|6\/100\n|-unboost|p1a: Litten|spa|2\n|move|p2a: Bulbasaur|Sludge Bomb|p1a: Litten\n|-damage|p1a: Litten|0 fnt\n|faint|p1a: Litten\n|move|p1b: Bulbasaur|Giga Drain|p2b: Litten\n|-resisted|p2b: Litten\n|-damage|p2b: Litten|49\/100 slp\n|-heal|p1b: Bulbasaur|96\/100|[from] drain|[of] p2b: Litten\n|\n|-heal|p1b: Bulbasaur|100\/100|[from] item: Leftovers\n|-damage|p2b: Litten|37\/100 slp|[from] Leech Seed|[of] p1b: Bulbasaur\n|upkeep\n|\n|t:|1700533673\n|switch|p1a: Froakie|Froakie, M|100\/100\n|turn|13\n|\n|t:|1700533686\n|move|p1a: Froakie|Rock Slide|p2a: Bulbasaur|[spread] p2a,p2b\n|-start|p1a: Froakie|typechange|Rock|[from] ability: Protean\n|-supereffective|p2b: Litten\n|-damage|p2a: Bulbasaur|0 fnt\n|-damage|p2b: Litten|0 fnt\n|faint|p2a: Bulbasaur\n|faint|p2b: Litten\n|\n|win|Alonso26ca\n|l|\u2606Roncito\n","uploadtime":1700533705,"views":2,"p1id":"alonso26ca","p2id":"roncito","formatid":"gen9nationaldexdoubles","rating":0,"private":0,"password":""}