{"id":"gen9nationaldexdoubles-1966606703","p1":"ahduwn","p2":"Phenixclause","format":"[Gen 9] National Dex Doubles","log":"|j|\u2606ahduwn\n|j|\u203dPhenixclause\n|t:|1697207089\n|gametype|doubles\n|player|p1|ahduwn|266|1000\n|player|p2|Phenixclause|benga|1107\n|teamsize|p1|6\n|teamsize|p2|6\n|gen|9\n|tier|[Gen 9] National Dex Doubles\n|rated|\n|rule|HP Percentage Mod: HP is shown in percentages\n|rule|Endless Battle Clause: Forcing endless battles is banned\n|rule|OHKO Clause: OHKO moves are banned\n|rule|Evasion Moves Clause: Evasion moves are banned\n|rule|Evasion Abilities Clause: Evasion abilities are banned\n|rule|Species Clause: Limit one of each Pok\u00e9mon\n|rule|Gravity Sleep Clause: The combination of sleep-inducing moves with imperfect accuracy and Gravity or Gigantamax Orbeetle are banned\n|clearpoke\n|poke|p1|Torkoal, M|\n|poke|p1|Amoonguss, M|\n|poke|p1|Arcanine, F|\n|poke|p1|Dragonite, M|\n|poke|p1|Charizard, F|\n|poke|p1|Kartana|\n|poke|p2|Garchomp, M|\n|poke|p2|Espathra, F|\n|poke|p2|Sinistcha|\n|poke|p2|Indeedee-F, F|\n|poke|p2|Pawmot, M|\n|poke|p2|Chi-Yu|\n|teampreview\n|\n|t:|1697207098\n|start\n|switch|p1a: Amoonguss|Amoonguss, M|100\/100\n|switch|p1b: Torkoal|Torkoal, M|100\/100\n|switch|p2a: Espathra|Espathra, F|100\/100\n|switch|p2b: Garchomp|Garchomp, M|100\/100\n|-weather|SunnyDay|[from] ability: Drought|[of] p1b: Torkoal\n|turn|1\n|\n|t:|1697207123\n|switch|p1b: Arcanine|Arcanine, F|100\/100\n|-ability|p1b: Arcanine|Intimidate|boost\n|-unboost|p2a: Espathra|atk|1\n|-unboost|p2b: Garchomp|atk|1\n|detailschange|p2b: Garchomp|Garchomp-Mega, M\n|-mega|p2b: Garchomp|Garchomp|Garchompite\n|move|p2b: Garchomp|Swords Dance|p2b: Garchomp\n|-boost|p2b: Garchomp|atk|2\n|move|p2a: Espathra|Skill Swap|p2b: Garchomp\n|-activate|p2a: Espathra|move: Skill Swap|||[of] p2b: Garchomp\n|move|p1a: Amoonguss|Spore|p2b: Garchomp\n|-status|p2b: Garchomp|slp|[from] move: Spore\n|\n|-weather|SunnyDay|[upkeep]\n|-ability|p2b: Garchomp|Speed Boost|boost\n|-boost|p2b: Garchomp|spe|1\n|upkeep\n|turn|2\n|\n|t:|1697207150\n|switch|p2a: Indeedee|Indeedee-F, F|100\/100\n|-fieldstart|move: Psychic Terrain|[from] ability: Psychic Surge|[of] p2a: Indeedee\n|cant|p2b: Garchomp|slp\n|move|p1b: Arcanine|Solar Beam||[still]\n|-prepare|p1b: Arcanine|Solar Beam\n|-anim|p1b: Arcanine|Solar Beam|p2b: Garchomp\n|-damage|p2b: Garchomp|78\/100 slp\n|move|p1a: Amoonguss|Stun Spore||[still]\n|-fail|p1a: Amoonguss\n|\n|-weather|SunnyDay|[upkeep]\n|-ability|p2b: Garchomp|Speed Boost|boost\n|-boost|p2b: Garchomp|spe|1\n|upkeep\n|turn|3\n|\n|t:|1697207195\n|switch|p1b: Charizard|Charizard, F, shiny|100\/100\n|cant|p2b: Garchomp|slp\n|move|p2a: Indeedee|Aromatherapy|p2a: Indeedee\n|-activate|p2a: Indeedee|move: Aromatherapy\n|-curestatus|p2b: Garchomp|slp|[msg]\n|move|p1a: Amoonguss|Giga Drain|p2b: Garchomp\n|-damage|p2b: Garchomp|56\/100\n|\n|-weather|SunnyDay|[upkeep]\n|-damage|p1b: Charizard|88\/100|[from] ability: Solar Power|[of] p1b: Charizard\n|-ability|p2b: Garchomp|Speed Boost|boost\n|-boost|p2b: Garchomp|spe|1\n|upkeep\n|turn|4\n|\n|t:|1697207229\n|move|p2b: Garchomp|Rock Slide|p1a: Amoonguss|[spread] p1a,p1b\n|-supereffective|p1b: Charizard\n|-damage|p1a: Amoonguss|69\/100\n|-damage|p1b: Charizard|0 fnt\n|faint|p1b: Charizard\n|-zpower|p2a: Indeedee\n|move|p2a: Indeedee|Shattered Psyche|p1a: Amoonguss|[zeffect]\n|-supereffective|p1a: Amoonguss\n|-damage|p1a: Amoonguss|0 fnt\n|faint|p1a: Amoonguss\n|\n|-weather|SunnyDay|[upkeep]\n|-ability|p2b: Garchomp|Speed Boost|boost\n|-boost|p2b: Garchomp|spe|1\n|upkeep\n|\n|t:|1697207253\n|switch|p1b: Kartana|Kartana|100\/100\n|switch|p1a: Dragonite|Dragonite, M|100\/100\n|turn|5\n|\n|t:|1697207403\n|move|p2a: Indeedee|Follow Me|p2a: Indeedee\n|-singleturn|p2a: Indeedee|move: Follow Me\n|move|p2b: Garchomp|Rock Slide|p1a: Dragonite|[spread] p1a\n|-miss|p2b: Garchomp|p1b: Kartana\n|-supereffective|p1a: Dragonite\n|-damage|p1a: Dragonite|28\/100\n|move|p1b: Kartana|Smart Strike|p2a: Indeedee\n|-damage|p2a: Indeedee|39\/100\n|move|p1a: Dragonite|Dragon Claw|p2a: Indeedee\n|-damage|p2a: Indeedee|0 fnt\n|faint|p2a: Indeedee\n|\n|-weather|none\n|-heal|p1a: Dragonite|34\/100|[from] item: Leftovers\n|-ability|p2b: Garchomp|Speed Boost|boost\n|-boost|p2b: Garchomp|spe|1\n|upkeep\n|\n|t:|1697207416\n|switch|p2a: Chi-Yu|Chi-Yu|100\/100\n|-ability|p2a: Chi-Yu|Beads of Ruin\n|turn|6\n|\n|t:|1697207431\n|move|p2b: Garchomp|Rock Slide|p1a: Dragonite|[spread] p1a,p1b\n|-supereffective|p1a: Dragonite\n|-resisted|p1b: Kartana\n|-damage|p1a: Dragonite|0 fnt\n|-damage|p1b: Kartana|83\/100\n|faint|p1a: Dragonite\n|move|p1b: Kartana|Sacred Sword|p2a: Chi-Yu\n|-supereffective|p2a: Chi-Yu\n|-damage|p2a: Chi-Yu|0 fnt\n|faint|p2a: Chi-Yu\n|-ability|p1b: Kartana|Beast Boost|boost\n|-boost|p1b: Kartana|atk|1\n|\n|-fieldend|move: Psychic Terrain\n|-ability|p2b: Garchomp|Speed Boost|boost\n|-boost|p2b: Garchomp|spe|1\n|upkeep\n|\n|t:|1697207466\n|switch|p2a: Pawmot|Pawmot, M|100\/100\n|switch|p1a: Torkoal|Torkoal, M|100\/100\n|-weather|SunnyDay|[from] ability: Drought|[of] p1a: Torkoal\n|turn|7\n|\n|t:|1697207484\n|switch|p1a: Arcanine|Arcanine, F|100\/100\n|-ability|p1a: Arcanine|Intimidate|boost\n|-unboost|p2a: Pawmot|atk|1\n|-unboost|p2b: Garchomp|atk|1\n|move|p2b: Garchomp|Earthquake|p1a: Arcanine|[spread] p2a,p1a,p1b\n|-supereffective|p2a: Pawmot\n|-supereffective|p1a: Arcanine\n|-damage|p2a: Pawmot|0 fnt\n|-damage|p1a: Arcanine|0 fnt\n|-damage|p1b: Kartana|29\/100\n|faint|p2a: Pawmot\n|faint|p1a: Arcanine\n|move|p1b: Kartana|Leaf Blade|p2b: Garchomp\n|-crit|p2b: Garchomp\n|-damage|p2b: Garchomp|0 fnt\n|faint|p2b: Garchomp\n|-ability|p1b: Kartana|Beast Boost|boost\n|-boost|p1b: Kartana|atk|1\n|\n|-weather|SunnyDay|[upkeep]\n|upkeep\n|\n|t:|1697207502\n|switch|p2a: Sinistcha|Sinistcha|100\/100\n|switch|p2b: Espathra|Espathra, F|100\/100\n|switch|p1a: Torkoal|Torkoal, M|100\/100\n|turn|8\n|inactive|Battle timer is ON: inactive players will automatically lose when time's up. (requested by Phenixclause)\n|inactiveoff|Battle timer is now OFF.\n|\n|t:|1697207520\n|-terastallize|p2a: Sinistcha|Water\n|move|p1b: Kartana|Smart Strike|p2b: Espathra\n|-enditem|p2b: Espathra|Focus Sash\n|-damage|p2b: Espathra|1\/100\n|move|p2b: Espathra|Skill Swap|p2a: Sinistcha\n|-activate|p2b: Espathra|move: Skill Swap|||[of] p2a: Sinistcha\n|move|p2a: Sinistcha|Nasty Plot|p2a: Sinistcha\n|-boost|p2a: Sinistcha|spa|2\n|move|p1a: Torkoal|Eruption|p2b: Espathra|[spread] p2a,p2b\n|-resisted|p2a: Sinistcha\n|-crit|p2b: Espathra\n|-damage|p2a: Sinistcha|71\/100\n|-damage|p2b: Espathra|0 fnt\n|faint|p2b: Espathra\n|\n|-weather|SunnyDay|[upkeep]\n|-heal|p2a: Sinistcha|77\/100|[from] item: Leftovers\n|-ability|p2a: Sinistcha|Speed Boost|boost\n|-boost|p2a: Sinistcha|spe|1\n|upkeep\n|turn|9\n|\n|t:|1697207548\n|move|p1b: Kartana|Leaf Blade|p2a: Sinistcha\n|-supereffective|p2a: Sinistcha\n|-crit|p2a: Sinistcha\n|-damage|p2a: Sinistcha|0 fnt\n|faint|p2a: Sinistcha\n|\n|win|ahduwn\n|raw|ahduwn's rating: 1000 &rarr; <strong>1052<\/strong><br \/>(+52 for winning)\n|raw|Phenixclause's rating: 1107 &rarr; <strong>1075<\/strong><br \/>(-32 for losing)\n|l|\u203dPhenixclause\n","uploadtime":1697207562,"views":18,"p1id":"ahduwn","p2id":"phenixclause","formatid":"gen9nationaldexdoubles","rating":1052,"private":0,"password":""}