{"id":"gen9nationaldexdoubles-1960284923","p1":"Golbur","p2":"Electro_97","format":"[Gen 9] National Dex Doubles","log":"|j|\u2606Golbur\n|j|\u203dElectro_97\n|t:|1696513797\n|gametype|doubles\n|player|p1|Golbur|roxie|1104\n|player|p2|Electro_97|169|1004\n|teamsize|p1|6\n|teamsize|p2|6\n|gen|9\n|tier|[Gen 9] National Dex Doubles\n|rated|\n|rule|HP Percentage Mod: HP is shown in percentages\n|rule|Endless Battle Clause: Forcing endless battles is banned\n|rule|OHKO Clause: OHKO moves are banned\n|rule|Evasion Moves Clause: Evasion moves are banned\n|rule|Evasion Abilities Clause: Evasion abilities are banned\n|rule|Species Clause: Limit one of each Pok\u00e9mon\n|rule|Gravity Sleep Clause: The combination of sleep-inducing moves with imperfect accuracy and Gravity or Gigantamax Orbeetle are banned\n|clearpoke\n|poke|p1|Aromatisse, M|\n|poke|p1|Stakataka|\n|poke|p1|Torterra, F|\n|poke|p1|Vivillon-Elegant, F|\n|poke|p1|Grapploct, F|\n|poke|p1|Tsareena, F|\n|poke|p2|Rhyperior, M|\n|poke|p2|Archeops, F|\n|poke|p2|Camerupt, F|\n|poke|p2|Dracozolt|\n|poke|p2|Diancie|\n|poke|p2|Hippopotas, M|\n|teampreview\n|inactive|Battle timer is ON: inactive players will automatically lose when time's up. (requested by Golbur)\n|\n|t:|1696513810\n|start\n|switch|p1a: Bimpy|Stakataka|100\/100\n|switch|p1b: Goopy|Torterra, F|100\/100\n|switch|p2a: Camerupt|Camerupt, F|100\/100\n|switch|p2b: Archeops|Archeops, F, shiny|100\/100\n|turn|1\n|\n|t:|1696513829\n|detailschange|p2a: Camerupt|Camerupt-Mega, F\n|-mega|p2a: Camerupt|Camerupt|Cameruptite\n|move|p2b: Archeops|Tailwind|p2b: Archeops\n|-sidestart|p2: Electro_97|move: Tailwind\n|move|p2a: Camerupt|Rock Polish|p2a: Camerupt\n|-boost|p2a: Camerupt|spe|2\n|move|p1b: Goopy|Light Screen|p1b: Goopy\n|-sidestart|p1: Golbur|move: Light Screen\n|move|p1a: Bimpy|Trick Room|p1a: Bimpy\n|-fieldstart|move: Trick Room|[of] p1a: Bimpy\n|\n|upkeep\n|turn|2\n|\n|t:|1696513851\n|move|p1a: Bimpy|Gyro Ball|p2b: Archeops\n|-supereffective|p2b: Archeops\n|-damage|p2b: Archeops|0 fnt\n|faint|p2b: Archeops\n|-ability|p1a: Bimpy|Beast Boost|boost\n|-boost|p1a: Bimpy|def|1\n|move|p1b: Goopy|Reflect|p1b: Goopy\n|-sidestart|p1: Golbur|Reflect\n|move|p2a: Camerupt|Eruption|p1a: Bimpy|[spread] p1a,p1b\n|-supereffective|p1b: Goopy\n|-damage|p1a: Bimpy|54\/100\n|-damage|p1b: Goopy|28\/100\n|\n|upkeep\n|\n|t:|1696513865\n|switch|p2b: Rhyperior|Rhyperior, M|100\/100\n|turn|3\n|\n|t:|1696513879\n|move|p1a: Bimpy|Gyro Ball|p2b: Rhyperior\n|-supereffective|p2b: Rhyperior\n|-damage|p2b: Rhyperior|24\/100\n|move|p1b: Goopy|Stealth Rock|p2b: Rhyperior\n|-sidestart|p2: Electro_97|move: Stealth Rock\n|move|p2b: Rhyperior|High Horsepower|p1a: Bimpy\n|-supereffective|p1a: Bimpy\n|-damage|p1a: Bimpy|3\/100\n|move|p2a: Camerupt|Heat Wave|p1b: Goopy|[spread] p1a,p1b\n|-supereffective|p1b: Goopy\n|-damage|p1a: Bimpy|0 fnt\n|-damage|p1b: Goopy|0 fnt\n|faint|p1a: Bimpy\n|faint|p1b: Goopy\n|\n|upkeep\n|\n|t:|1696513895\n|switch|p1a: Grabby|Grapploct, F|100\/100\n|switch|p1b: Spoopy|Aromatisse, M, shiny|100\/100\n|turn|4\n|\n|t:|1696513910\n|move|p1b: Spoopy|Nasty Plot|p1b: Spoopy\n|-boost|p1b: Spoopy|spa|2\n|move|p1a: Grabby|Drain Punch|p2b: Rhyperior\n|-supereffective|p2b: Rhyperior\n|-damage|p2b: Rhyperior|0 fnt\n|faint|p2b: Rhyperior\n|move|p2a: Camerupt|Eruption|p1b: Spoopy|[spread] p1a,p1b\n|-damage|p1a: Grabby|51\/100\n|-damage|p1b: Spoopy|63\/100\n|\n|-heal|p1a: Grabby|57\/100|[from] item: Leftovers\n|-sideend|p2: Electro_97|move: Tailwind\n|upkeep\n|\n|t:|1696513923\n|switch|p2b: Hippopotas|Hippopotas, M|100\/100\n|-damage|p2b: Hippopotas|94\/100|[from] Stealth Rock\n|-weather|Sandstorm|[from] ability: Sand Stream|[of] p2b: Hippopotas\n|turn|5\n|\n|t:|1696513948\n|move|p1b: Spoopy|Moonblast|p2a: Camerupt\n|-resisted|p2a: Camerupt\n|-damage|p2a: Camerupt|47\/100\n|move|p2b: Hippopotas|Toxic|p1b: Spoopy\n|-status|p1b: Spoopy|tox\n|move|p1a: Grabby|Octolock|p2b: Hippopotas\n|-start|p2b: Hippopotas|move: Octolock|[of] p1a: Grabby\n|move|p2a: Camerupt|Eruption|p1b: Spoopy|[spread] p1a,p1b\n|-damage|p1a: Grabby|35\/100\n|-damage|p1b: Spoopy|45\/100 tox\n|\n|-weather|Sandstorm|[upkeep]\n|-damage|p1b: Spoopy|39\/100 tox|[from] Sandstorm\n|-damage|p1a: Grabby|29\/100|[from] Sandstorm\n|-heal|p1a: Grabby|35\/100|[from] item: Leftovers\n|-damage|p1b: Spoopy|33\/100 tox|[from] psn\n|-unboost|p2b: Hippopotas|def|1\n|-unboost|p2b: Hippopotas|spd|1\n|-fieldend|move: Trick Room\n|upkeep\n|turn|6\n|\n|t:|1696513974\n|move|p2a: Camerupt|Heat Wave|p1a: Grabby|[spread] p1a,p1b\n|-damage|p1a: Grabby|0 fnt\n|-damage|p1b: Spoopy|3\/100 tox\n|-enditem|p1b: Spoopy|Aguav Berry|[eat]\n|-heal|p1b: Spoopy|36\/100 tox|[from] item: Aguav Berry\n|faint|p1a: Grabby\n|move|p2b: Hippopotas|Curse|p2b: Hippopotas\n|-unboost|p2b: Hippopotas|spe|1\n|-boost|p2b: Hippopotas|atk|1\n|-boost|p2b: Hippopotas|def|1\n|move|p1b: Spoopy|Moonblast|p2a: Camerupt\n|-resisted|p2a: Camerupt\n|-damage|p2a: Camerupt|0 fnt\n|faint|p2a: Camerupt\n|\n|-weather|Sandstorm|[upkeep]\n|-damage|p1b: Spoopy|30\/100 tox|[from] Sandstorm\n|-damage|p1b: Spoopy|18\/100 tox|[from] psn\n|-end|p2b: Hippopotas|Octolock|[partiallytrapped]|[silent]\n|upkeep\n|\n|t:|1696513991\n|switch|p2a: Dracozolt|Dracozolt|100\/100\n|switch|p1a: Flippy|Vivillon-Elegant, F|100\/100\n|-damage|p2a: Dracozolt|88\/100|[from] Stealth Rock\n|turn|7\n|\n|t:|1696514004\n|-terastallize|p1a: Flippy|Fairy\n|move|p2a: Dracozolt|Iron Tail|p1b: Spoopy\n|-supereffective|p1b: Spoopy\n|-damage|p1b: Spoopy|0 fnt\n|faint|p1b: Spoopy\n|move|p1a: Flippy|Draining Kiss|p2a: Dracozolt\n|-supereffective|p2a: Dracozolt\n|-damage|p2a: Dracozolt|20\/100\n|move|p2b: Hippopotas|Toxic|p1a: Flippy\n|-status|p1a: Flippy|tox\n|\n|-weather|Sandstorm|[upkeep]\n|-damage|p1a: Flippy|95\/100 tox|[from] Sandstorm\n|-damage|p1a: Flippy|89\/100 tox|[from] psn\n|upkeep\n|\n|t:|1696514011\n|switch|p1b: Kicky|Tsareena, F|100\/100\n|turn|8\n|\n|t:|1696514028\n|switch|p2a: Diancie|Diancie|100\/100\n|-damage|p2a: Diancie|88\/100|[from] Stealth Rock\n|move|p1a: Flippy|Draining Kiss|p2a: Diancie\n|-damage|p2a: Diancie|78\/100\n|-heal|p1a: Flippy|96\/100 tox|[from] drain|[of] p2a: Diancie\n|move|p1b: Kicky|Trop Kick|p2b: Hippopotas\n|-supereffective|p2b: Hippopotas\n|-damage|p2b: Hippopotas|51\/100\n|-unboost|p2b: Hippopotas|atk|1\n|move|p2b: Hippopotas|Superpower|p1b: Kicky\n|-damage|p1b: Kicky|87\/100\n|-unboost|p2b: Hippopotas|atk|1\n|-unboost|p2b: Hippopotas|def|1\n|\n|-weather|Sandstorm|[upkeep]\n|-damage|p1a: Flippy|90\/100 tox|[from] Sandstorm\n|-damage|p1b: Kicky|81\/100|[from] Sandstorm\n|-heal|p2a: Diancie|84\/100|[from] item: Leftovers\n|-damage|p1a: Flippy|78\/100 tox|[from] psn\n|-sideend|p1: Golbur|move: Light Screen\n|upkeep\n|turn|9\n|\n|t:|1696514058\n|move|p1a: Flippy|Sleep Powder|p2a: Diancie\n|-status|p2a: Diancie|slp|[from] move: Sleep Powder\n|move|p1b: Kicky|Trop Kick|p2b: Hippopotas\n|-supereffective|p2b: Hippopotas\n|-damage|p2b: Hippopotas|0 fnt\n|faint|p2b: Hippopotas\n|cant|p2a: Diancie|slp\n|\n|-weather|none\n|-heal|p2a: Diancie|90\/100 slp|[from] item: Leftovers\n|-damage|p1a: Flippy|60\/100 tox|[from] psn\n|-sideend|p1: Golbur|Reflect\n|upkeep\n|inactive|Electro_97 has 120 seconds left.\n|\n|t:|1696514070\n|switch|p2b: Dracozolt|Dracozolt|20\/100\n|-damage|p2b: Dracozolt|8\/100|[from] Stealth Rock\n|turn|10\n|\n|t:|1696514092\n|move|p2b: Dracozolt|Mega Kick|p1b: Kicky\n|-damage|p1b: Kicky|19\/100\n|move|p1a: Flippy|Draining Kiss|p2b: Dracozolt\n|-supereffective|p2b: Dracozolt\n|-damage|p2b: Dracozolt|0 fnt\n|-heal|p1a: Flippy|66\/100 tox|[from] drain|[of] p2b: Dracozolt\n|faint|p2b: Dracozolt\n|move|p1b: Kicky|Trop Kick|p2a: Diancie\n|-supereffective|p2a: Diancie\n|-crit|p2a: Diancie\n|-damage|p2a: Diancie|0 fnt\n|faint|p2a: Diancie\n|\n|win|Golbur\n|raw|Golbur's rating: 1104 &rarr; <strong>1122<\/strong><br \/>(+18 for winning)\n|raw|Electro_97's rating: 1004 &rarr; <strong>1000<\/strong><br \/>(-4 for losing)\n|c|\u2606Golbur|Gg\n|l|\u203dElectro_97\n","uploadtime":1696514108,"views":6,"p1id":"golbur","p2id":"electro97","formatid":"gen9nationaldexdoubles","rating":1000,"private":0,"password":""}