{"id":"gen9nationaldexdoubles-1974290938","p1":"BuChonAso","p2":"skythegastrodon","format":"[Gen 9] National Dex Doubles","log":"|j|\u2606BuChonAso\n|j|\u2606skythegastrodon\n|t:|1698075252\n|gametype|doubles\n|player|p1|BuChonAso|psychic|1219\n|player|p2|skythegastrodon|wallace|1166\n|teamsize|p1|6\n|teamsize|p2|6\n|gen|9\n|tier|[Gen 9] National Dex Doubles\n|rated|\n|rule|HP Percentage Mod: HP is shown in percentages\n|rule|Endless Battle Clause: Forcing endless battles is banned\n|rule|OHKO Clause: OHKO moves are banned\n|rule|Evasion Moves Clause: Evasion moves are banned\n|rule|Evasion Abilities Clause: Evasion abilities are banned\n|rule|Species Clause: Limit one of each Pok\u00e9mon\n|rule|Gravity Sleep Clause: The combination of sleep-inducing moves with imperfect accuracy and Gravity or Gigantamax Orbeetle are banned\n|clearpoke\n|poke|p1|Ninetales-Alola, F|\n|poke|p1|Iron Bundle|\n|poke|p1|Sinistcha-Masterpiece|\n|poke|p1|Cresselia, F|\n|poke|p1|Arcanine-Hisui, F|\n|poke|p1|Iron Hands|\n|poke|p2|Meganium, F|\n|poke|p2|Ninetales, M|\n|poke|p2|Scovillain, F|\n|poke|p2|Torkoal, F|\n|poke|p2|Roaring Moon|\n|poke|p2|Slither Wing|\n|teampreview\n|\n|t:|1698075263\n|start\n|switch|p1a: Ninetales|Ninetales-Alola, F|100\/100\n|switch|p1b: Iron Bundle|Iron Bundle, shiny|100\/100\n|switch|p2a: Torkoal|Torkoal, F|100\/100\n|switch|p2b: Scovillain|Scovillain, F|100\/100\n|-weather|Snow|[from] ability: Snow Warning|[of] p1a: Ninetales\n|-weather|SunnyDay|[from] ability: Drought|[of] p2a: Torkoal\n|-enditem|p1b: Iron Bundle|Booster Energy\n|-activate|p1b: Iron Bundle|ability: Quark Drive|[fromitem]\n|-start|p1b: Iron Bundle|quarkdrivespe\n|turn|1\n|\n|t:|1698075293\n|switch|p1a: Cresselia|Cresselia, F, shiny|100\/100\n|-terastallize|p1b: Iron Bundle|Water\n|move|p1b: Iron Bundle|Freeze-Dry|p2b: Scovillain\n|-crit|p2b: Scovillain\n|-damage|p2b: Scovillain|0 fnt\n|faint|p2b: Scovillain\n|move|p2a: Torkoal|Flamethrower|p1a: Cresselia\n|-damage|p1a: Cresselia|61\/100\n|\n|-weather|SunnyDay|[upkeep]\n|upkeep\n|\n|t:|1698075308\n|switch|p2b: Slither Wing|Slither Wing|100\/100\n|-activate|p2b: Slither Wing|ability: Protosynthesis\n|-start|p2b: Slither Wing|protosynthesisatk\n|turn|2\n|\n|t:|1698075320\n|switch|p1a: Ninetales|Ninetales-Alola, F|100\/100\n|-weather|Snow|[from] ability: Snow Warning|[of] p1a: Ninetales\n|-end|p2b: Slither Wing|Protosynthesis\n|-terastallize|p2a: Torkoal|Grass\n|move|p2b: Slither Wing|First Impression|p1a: Ninetales\n|-resisted|p1a: Ninetales\n|-damage|p1a: Ninetales|80\/100\n|move|p1b: Iron Bundle|Hydro Pump|p2a: Torkoal\n|-resisted|p2a: Torkoal\n|-damage|p2a: Torkoal|47\/100\n|move|p2a: Torkoal|Tera Blast|p1b: Iron Bundle|[anim] Tera Blast Grass\n|-supereffective|p1b: Iron Bundle\n|-damage|p1b: Iron Bundle|0 fnt\n|faint|p1b: Iron Bundle\n|-end|p1b: Iron Bundle|Quark Drive|[silent]\n|\n|-weather|Snow|[upkeep]\n|upkeep\n|inactive|Battle timer is ON: inactive players will automatically lose when time's up. (requested by BuChonAso)\n|\n|t:|1698075335\n|switch|p1b: Arcanine|Arcanine-Hisui, F|100\/100\n|turn|3\n|\n|t:|1698075356\n|switch|p2a: Ninetales|Ninetales, M|100\/100\n|-weather|SunnyDay|[from] ability: Drought|[of] p2a: Ninetales\n|-activate|p2b: Slither Wing|ability: Protosynthesis\n|-start|p2b: Slither Wing|protosynthesisatk\n|move|p1a: Ninetales|Aurora Veil||[still]\n|-fail|p1a: Ninetales\n|move|p2b: Slither Wing|Close Combat|p1b: Arcanine\n|-supereffective|p1b: Arcanine\n|-damage|p1b: Arcanine|0 fnt\n|-unboost|p2b: Slither Wing|def|1\n|-unboost|p2b: Slither Wing|spd|1\n|faint|p1b: Arcanine\n|\n|-weather|SunnyDay|[upkeep]\n|upkeep\n|\n|t:|1698075364\n|switch|p1b: Iron Hands|Iron Hands|100\/100\n|-enditem|p1b: Iron Hands|Booster Energy\n|-activate|p1b: Iron Hands|ability: Quark Drive|[fromitem]\n|-start|p1b: Iron Hands|quarkdriveatk\n|turn|4\n|\n|t:|1698075378\n|switch|p1a: Cresselia|Cresselia, F, shiny|61\/100\n|-end|p2b: Slither Wing|Protosynthesis|[silent]\n|switch|p2b: Torkoal|Torkoal, F, tera:Grass|47\/100\n|move|p1b: Iron Hands|Fake Out|p2a: Ninetales\n|-damage|p2a: Ninetales|68\/100\n|cant|p2a: Ninetales|flinch\n|\n|-weather|SunnyDay|[upkeep]\n|upkeep\n|turn|5\n|\n|t:|1698075400\n|switch|p1a: Ninetales|Ninetales-Alola, F|80\/100\n|-weather|Snow|[from] ability: Snow Warning|[of] p1a: Ninetales\n|move|p2a: Ninetales|Will-O-Wisp|p1b: Iron Hands|[miss]\n|-miss|p2a: Ninetales|p1b: Iron Hands\n|move|p1b: Iron Hands|Drain Punch|p2b: Torkoal\n|-damage|p2b: Torkoal|1\/100\n|move|p2b: Torkoal|Flamethrower|p1a: Ninetales\n|-supereffective|p1a: Ninetales\n|-damage|p1a: Ninetales|5\/100\n|\n|-weather|Snow|[upkeep]\n|upkeep\n|turn|6\n|\n|t:|1698075423\n|switch|p2b: Meganium|Meganium, F|100\/100\n|move|p1a: Ninetales|Icy Wind|p2b: Meganium|[spread] p2a,p2b\n|-resisted|p2a: Ninetales\n|-supereffective|p2b: Meganium\n|-damage|p2a: Ninetales|61\/100\n|-damage|p2b: Meganium|79\/100\n|-unboost|p2a: Ninetales|spe|1\n|-unboost|p2b: Meganium|spe|1\n|move|p2a: Ninetales|Heat Wave|p1b: Iron Hands|[spread] p1b\n|-miss|p2a: Ninetales|p1a: Ninetales\n|-damage|p1b: Iron Hands|77\/100\n|move|p1b: Iron Hands|Wild Charge|p2a: Ninetales\n|-damage|p2a: Ninetales|0 fnt\n|faint|p2a: Ninetales\n|-damage|p1b: Iron Hands|68\/100|[from] Recoil\n|\n|-weather|Snow|[upkeep]\n|upkeep\n|inactive|skythegastrodon has 120 seconds left.\n|\n|t:|1698075438\n|switch|p2a: Torkoal|Torkoal, F, tera:Grass|1\/100\n|-weather|SunnyDay|[from] ability: Drought|[of] p2a: Torkoal\n|turn|7\n|\n|t:|1698075457\n|move|p1a: Ninetales|Icy Wind|p2a: Torkoal|[spread] p2a,p2b\n|-supereffective|p2a: Torkoal\n|-supereffective|p2b: Meganium\n|-damage|p2a: Torkoal|0 fnt\n|-damage|p2b: Meganium|55\/100\n|-unboost|p2b: Meganium|spe|1\n|faint|p2a: Torkoal\n|move|p1b: Iron Hands|Wild Charge|p2b: Meganium\n|-resisted|p2b: Meganium\n|-damage|p2b: Meganium|21\/100\n|-damage|p1b: Iron Hands|62\/100|[from] Recoil\n|move|p2b: Meganium|Solar Beam||[still]\n|-prepare|p2b: Meganium|Solar Beam\n|-anim|p2b: Meganium|Solar Beam|p1a: Ninetales\n|-damage|p1a: Ninetales|0 fnt\n|faint|p1a: Ninetales\n|\n|-weather|SunnyDay|[upkeep]\n|upkeep\n|\n|t:|1698075482\n|switch|p1a: Cresselia|Cresselia, F, shiny|61\/100\n|switch|p2a: Slither Wing|Slither Wing|100\/100\n|-activate|p2a: Slither Wing|ability: Protosynthesis\n|-start|p2a: Slither Wing|protosynthesisatk\n|turn|8\n|\n|t:|1698075498\n|move|p1a: Cresselia|Helping Hand|p1b: Iron Hands\n|-singleturn|p1b: Iron Hands|Helping Hand|[of] p1a: Cresselia\n|move|p2a: Slither Wing|First Impression|p1a: Cresselia\n|-supereffective|p1a: Cresselia\n|-damage|p1a: Cresselia|0 fnt\n|faint|p1a: Cresselia\n|move|p1b: Iron Hands|Wild Charge|p2a: Slither Wing\n|-damage|p2a: Slither Wing|0 fnt\n|faint|p2a: Slither Wing\n|-end|p2a: Slither Wing|Protosynthesis|[silent]\n|-damage|p1b: Iron Hands|47\/100|[from] Recoil\n|move|p2b: Meganium|Solar Beam||[still]\n|-prepare|p2b: Meganium|Solar Beam\n|-anim|p2b: Meganium|Solar Beam|p1b: Iron Hands\n|-crit|p1b: Iron Hands\n|-damage|p1b: Iron Hands|0 fnt\n|faint|p1b: Iron Hands\n|-end|p1b: Iron Hands|Quark Drive|[silent]\n|\n|-weather|SunnyDay|[upkeep]\n|upkeep\n|\n|t:|1698075521\n|switch|p2a: Roaring Moon|Roaring Moon|100\/100\n|switch|p1a: Sinistcha|Sinistcha-Masterpiece|100\/100\n|-activate|p2a: Roaring Moon|ability: Protosynthesis\n|-start|p2a: Roaring Moon|protosynthesisspe\n|turn|9\n|\n|t:|1698075532\n|move|p2a: Roaring Moon|Knock Off|p1a: Sinistcha\n|-supereffective|p1a: Sinistcha\n|-damage|p1a: Sinistcha|0 fnt\n|-enditem|p1a: Sinistcha|Leftovers|[from] move: Knock Off|[of] p2a: Roaring Moon\n|faint|p1a: Sinistcha\n|\n|win|skythegastrodon\n|raw|BuChonAso's rating: 1219 &rarr; <strong>1190<\/strong><br \/>(-29 for losing)\n|raw|skythegastrodon's rating: 1166 &rarr; <strong>1195<\/strong><br \/>(+29 for winning)\n|l|\u2606BuChonAso\n","uploadtime":1698075557,"views":11,"p1id":"buchonaso","p2id":"skythegastrodon","formatid":"gen9nationaldexdoubles","rating":1190,"private":0,"password":""}