{"id":"gen9nationaldexdoubles-1969201055","p1":"Naz0337","p2":"Esdaethss9","format":"[Gen 9] National Dex Doubles","log":"|j|\u2606Naz0337\n|j|\u2606Esdaethss9\n|t:|1697499773\n|gametype|doubles\n|player|p1|Naz0337|iris-gen5bw2|\n|player|p2|Esdaethss9|n|\n|teamsize|p1|6\n|teamsize|p2|6\n|gen|9\n|tier|[Gen 9] National Dex Doubles\n|rule|HP Percentage Mod: HP is shown in percentages\n|rule|Endless Battle Clause: Forcing endless battles is banned\n|rule|OHKO Clause: OHKO moves are banned\n|rule|Evasion Moves Clause: Evasion moves are banned\n|rule|Evasion Abilities Clause: Evasion abilities are banned\n|rule|Species Clause: Limit one of each Pok\u00e9mon\n|rule|Gravity Sleep Clause: The combination of sleep-inducing moves with imperfect accuracy and Gravity or Gigantamax Orbeetle are banned\n|clearpoke\n|poke|p1|Flutter Mane|\n|poke|p1|Torkoal, F|\n|poke|p1|Gengar, M|\n|poke|p1|Arcanine, M|\n|poke|p1|Armarouge, F|\n|poke|p1|Rotom-Heat|\n|poke|p2|Indeedee-F, F|\n|poke|p2|Glimmora, F|\n|poke|p2|Sinistcha-Masterpiece|\n|poke|p2|Alcremie-Salted-Cream, F|\n|poke|p2|Espathra, F|\n|poke|p2|Tyranitar, F|\n|teampreview\n|\n|t:|1697499799\n|start\n|switch|p1a: Gengar|Gengar, M|100\/100\n|switch|p1b: Torkoal|Torkoal, F|100\/100\n|switch|p2a: Indeedee|Indeedee-F, F|100\/100\n|switch|p2b: Espathra|Espathra, F, shiny|100\/100\n|-fieldstart|move: Psychic Terrain|[from] ability: Psychic Surge|[of] p2a: Indeedee\n|-weather|SunnyDay|[from] ability: Drought|[of] p1b: Torkoal\n|turn|1\n|\n|t:|1697499855\n|-terastallize|p1a: Gengar|Ghost\n|move|p1a: Gengar|Hypnosis|p2b: Espathra\n|-status|p2b: Espathra|slp|[from] move: Hypnosis\n|cant|p2b: Espathra|slp\n|move|p2a: Indeedee|Expanding Force|p1a: Gengar|[spread] p1a,p1b\n|-damage|p1a: Gengar|24\/100\n|-damage|p1b: Torkoal|34\/100\n|move|p1b: Torkoal|Rock Slide|p2b: Espathra|[spread] p2a,p2b\n|-damage|p2a: Indeedee|85\/100\n|-damage|p2b: Espathra|83\/100 slp\n|\n|-weather|SunnyDay|[upkeep]\n|upkeep\n|turn|2\n|\n|t:|1697499883\n|switch|p1b: Armarouge|Armarouge, F|100\/100\n|move|p1a: Gengar|Toxic|p2a: Indeedee\n|-status|p2a: Indeedee|tox\n|cant|p2b: Espathra|slp\n|move|p2a: Indeedee|Expanding Force|p1a: Gengar|[spread] p1a,p1b\n|-resisted|p1b: Armarouge\n|-damage|p1a: Gengar|0 fnt\n|-damage|p1b: Armarouge|72\/100\n|faint|p1a: Gengar\n|\n|-weather|SunnyDay|[upkeep]\n|-damage|p2a: Indeedee|79\/100 tox|[from] psn\n|upkeep\n|\n|t:|1697499895\n|switch|p1a: Rotom|Rotom-Heat|100\/100\n|turn|3\n|\n|t:|1697499912\n|-curestatus|p2b: Espathra|slp|[msg]\n|move|p2b: Espathra|Dazzling Gleam|p1b: Armarouge|[spread] p1a,p1b\n|-resisted|p1a: Rotom\n|-resisted|p1b: Armarouge\n|-damage|p1a: Rotom|91\/100\n|-damage|p1b: Armarouge|63\/100\n|move|p1a: Rotom|Hex|p2b: Espathra\n|-supereffective|p2b: Espathra\n|-damage|p2b: Espathra|29\/100\n|move|p1b: Armarouge|Confuse Ray|p2a: Indeedee\n|-start|p2a: Indeedee|confusion\n|-activate|p2a: Indeedee|confusion\n|move|p2a: Indeedee|Expanding Force|p1b: Armarouge|[spread] p1a,p1b\n|-resisted|p1b: Armarouge\n|-crit|p1b: Armarouge\n|-damage|p1a: Rotom|29\/100\n|-damage|p1b: Armarouge|21\/100\n|\n|-weather|SunnyDay|[upkeep]\n|-damage|p2a: Indeedee|66\/100 tox|[from] psn\n|upkeep\n|turn|4\n|\n|t:|1697499954\n|switch|p2b: Glimmora|Glimmora, F|100\/100\n|-zpower|p1a: Rotom\n|move|p1a: Rotom|Never-Ending Nightmare|p2a: Indeedee|[zeffect]\n|-immune|p2a: Indeedee\n|move|p1b: Armarouge|Expanding Force|p2b: Glimmora|[spread] p2a,p2b\n|-resisted|p2a: Indeedee\n|-supereffective|p2b: Glimmora\n|-damage|p2a: Indeedee|32\/100 tox\n|-enditem|p2b: Glimmora|Focus Sash\n|-damage|p2b: Glimmora|1\/100\n|-damage|p1b: Armarouge|11\/100|[from] item: Life Orb\n|-end|p2a: Indeedee|confusion\n|move|p2a: Indeedee|Expanding Force|p1b: Armarouge|[spread] p1a,p1b\n|-resisted|p1b: Armarouge\n|-damage|p1a: Rotom|0 fnt\n|-damage|p1b: Armarouge|0 fnt\n|faint|p1a: Rotom\n|faint|p1b: Armarouge\n|\n|-weather|SunnyDay|[upkeep]\n|-damage|p2a: Indeedee|14\/100 tox|[from] psn\n|upkeep\n|\n|t:|1697499982\n|switch|p1a: Flutter Mane|Flutter Mane|100\/100\n|switch|p1b: Arcanine|Arcanine, M|100\/100\n|-activate|p1a: Flutter Mane|ability: Protosynthesis\n|-start|p1a: Flutter Mane|protosynthesisspe\n|-ability|p1b: Arcanine|Intimidate|boost\n|-unboost|p2a: Indeedee|atk|1\n|-unboost|p2b: Glimmora|atk|1\n|turn|5\n|\n|t:|1697500000\n|move|p2b: Glimmora|Spiky Shield|p2b: Glimmora\n|-singleturn|p2b: Glimmora|move: Protect\n|move|p1a: Flutter Mane|Dazzling Gleam|p2a: Indeedee|[spread] p2a\n|-activate|p2b: Glimmora|move: Protect\n|-damage|p2a: Indeedee|0 fnt\n|faint|p2a: Indeedee\n|move|p1b: Arcanine|Crunch|p2b: Glimmora\n|-activate|p2b: Glimmora|move: Protect\n|-damage|p1b: Arcanine|88\/100|[from] Spiky Shield|[of] p2b: Glimmora\n|\n|-weather|SunnyDay|[upkeep]\n|upkeep\n|\n|t:|1697500013\n|switch|p2a: Espathra|Espathra, F, shiny|29\/100\n|turn|6\n|\n|t:|1697500024\n|move|p1b: Arcanine|Extreme Speed|p2a: Espathra\n|-activate|p2a: Espathra|move: Psychic Terrain\n|move|p1a: Flutter Mane|Dazzling Gleam|p2a: Espathra|[spread] p2a,p2b\n|-resisted|p2b: Glimmora\n|-damage|p2a: Espathra|0 fnt\n|-damage|p2b: Glimmora|0 fnt\n|faint|p2a: Espathra\n|faint|p2b: Glimmora\n|\n|-weather|SunnyDay|[upkeep]\n|upkeep\n|\n|t:|1697500033\n|switch|p2a: Tyranitar|Tyranitar, F|100\/100\n|switch|p2b: Alcremie|Alcremie-Salted-Cream, F|100\/100\n|-weather|Sandstorm|[from] ability: Sand Stream|[of] p2a: Tyranitar\n|-end|p1a: Flutter Mane|Protosynthesis\n|turn|7\n|\n|t:|1697500048\n|move|p1a: Flutter Mane|Dazzling Gleam|p2b: Alcremie|[spread] p2a,p2b\n|-supereffective|p2a: Tyranitar\n|-damage|p2a: Tyranitar|77\/100\n|-damage|p2b: Alcremie|71\/100\n|move|p2b: Alcremie|Decorate|p2a: Tyranitar\n|-boost|p2a: Tyranitar|atk|2\n|-boost|p2a: Tyranitar|spa|2\n|move|p1b: Arcanine|Play Rough|p2a: Tyranitar\n|-supereffective|p2a: Tyranitar\n|-damage|p2a: Tyranitar|38\/100\n|-unboost|p2a: Tyranitar|atk|1\n|move|p2a: Tyranitar|Iron Head|p1a: Flutter Mane\n|-supereffective|p1a: Flutter Mane\n|-damage|p1a: Flutter Mane|0 fnt\n|faint|p1a: Flutter Mane\n|-end|p1a: Flutter Mane|Protosynthesis|[silent]\n|\n|-weather|Sandstorm|[upkeep]\n|-damage|p2b: Alcremie|65\/100|[from] Sandstorm\n|-damage|p1b: Arcanine|82\/100|[from] Sandstorm\n|-heal|p2b: Alcremie|71\/100|[from] item: Leftovers\n|upkeep\n|\n|t:|1697500064\n|switch|p1a: Torkoal|Torkoal, F|34\/100\n|-weather|SunnyDay|[from] ability: Drought|[of] p1a: Torkoal\n|turn|8\n|\n|t:|1697500090\n|-terastallize|p2a: Tyranitar|Rock\n|move|p2b: Alcremie|Decorate|p2a: Tyranitar\n|-boost|p2a: Tyranitar|atk|2\n|-boost|p2a: Tyranitar|spa|2\n|move|p1b: Arcanine|Play Rough|p2a: Tyranitar\n|-damage|p2a: Tyranitar|16\/100\n|move|p2a: Tyranitar|Rock Slide|p1a: Torkoal|[spread] p1a,p1b\n|-supereffective|p1a: Torkoal\n|-supereffective|p1b: Arcanine\n|-crit|p1b: Arcanine\n|-damage|p1a: Torkoal|0 fnt\n|-damage|p1b: Arcanine|0 fnt\n|faint|p1a: Torkoal\n|faint|p1b: Arcanine\n|\n|win|Esdaethss9\n","uploadtime":1697500388,"views":10,"p1id":"naz0337","p2id":"esdaethss9","formatid":"gen9nationaldexdoubles","rating":0,"private":0,"password":""}