{"id":"gen9nationaldexdoubles-1955488725","p1":"Tico6942069","p2":"Hanktrank","format":"[Gen 9] National Dex Doubles","log":"|j|\u2606Tico6942069\n|j|\u2606Hanktrank\n|t:|1696002177\n|gametype|doubles\n|player|p1|Tico6942069|unknownf|1152\n|player|p2|Hanktrank|gentleman-gen4|1078\n|teamsize|p1|6\n|teamsize|p2|6\n|gen|9\n|tier|[Gen 9] National Dex Doubles\n|rated|\n|rule|HP Percentage Mod: HP is shown in percentages\n|rule|Endless Battle Clause: Forcing endless battles is banned\n|rule|OHKO Clause: OHKO moves are banned\n|rule|Evasion Moves Clause: Evasion moves are banned\n|rule|Evasion Abilities Clause: Evasion abilities are banned\n|rule|Species Clause: Limit one of each Pok\u00e9mon\n|rule|Gravity Sleep Clause: The combination of sleep-inducing moves with imperfect accuracy and Gravity or Gigantamax Orbeetle are banned\n|clearpoke\n|poke|p1|Palafin, M|\n|poke|p1|Swampert, M|\n|poke|p1|Pelipper, F|\n|poke|p1|Basculegion-F, F|\n|poke|p1|Ludicolo, M|\n|poke|p1|Poliwrath, M|\n|poke|p2|Regigigas|\n|poke|p2|Crobat, F|\n|poke|p2|Medicham, F|\n|poke|p2|Chansey, F|\n|poke|p2|Ambipom, F|\n|poke|p2|Drifblim, F|\n|teampreview\n|\n|t:|1696002194\n|start\n|switch|p1a: Pelipper|Pelipper, F, shiny|100\/100\n|switch|p1b: HeroGuy|Palafin, M, shiny|100\/100\n|switch|p2a: Crobat|Crobat, F|100\/100\n|switch|p2b: Drifblim|Drifblim, F|100\/100\n|-weather|RainDance|[from] ability: Drizzle|[of] p1a: Pelipper\n|turn|1\n|\n|t:|1696002211\n|-terastallize|p2b: Drifblim|Normal\n|move|p2a: Crobat|Tailwind|p2a: Crobat\n|-sidestart|p2: Hanktrank|move: Tailwind\n|move|p2b: Drifblim|Substitute|p2b: Drifblim\n|-start|p2b: Drifblim|Substitute\n|-damage|p2b: Drifblim|76\/100\n|move|p1b: HeroGuy|Flip Turn|p2a: Crobat\n|-damage|p2a: Crobat|63\/100\n|\n|t:|1696002232\n|detailschange|p1b: HeroGuy|Palafin-Hero, M, shiny\n|switch|p1b: Steroids|Swampert, M, shiny|100\/100|[from] Flip Turn\n|move|p1a: Pelipper|Tailwind|p1a: Pelipper\n|-sidestart|p1: Tico6942069|move: Tailwind\n|\n|-weather|RainDance|[upkeep]\n|upkeep\n|turn|2\n|\n|t:|1696002250\n|detailschange|p1b: Steroids|Swampert-Mega, M, shiny\n|-mega|p1b: Steroids|Swampert|Swampertite\n|move|p1b: Steroids|Protect|p1b: Steroids\n|-singleturn|p1b: Steroids|Protect\n|move|p2a: Crobat|U-turn|p1a: Pelipper\n|-resisted|p1a: Pelipper\n|-damage|p1a: Pelipper|95\/100\n|\n|t:|1696002258\n|switch|p2a: Ambipom|Ambipom, F|100\/100|[from] U-turn\n|move|p2b: Drifblim|Stockpile|p2b: Drifblim\n|-start|p2b: Drifblim|stockpile1\n|-boost|p2b: Drifblim|def|1\n|-boost|p2b: Drifblim|spd|1\n|move|p1a: Pelipper|Hurricane|p2b: Drifblim\n|-activate|p2b: Drifblim|move: Substitute|[damage]\n|\n|-weather|RainDance|[upkeep]\n|-heal|p1a: Pelipper|100\/100|[from] item: Leftovers\n|upkeep\n|turn|3\n|\n|t:|1696002282\n|move|p2a: Ambipom|Fake Out|p1b: Steroids\n|-damage|p1b: Steroids|76\/100\n|cant|p1b: Steroids|flinch\n|move|p2b: Drifblim|Stockpile|p2b: Drifblim\n|-start|p2b: Drifblim|stockpile2\n|-boost|p2b: Drifblim|def|1\n|-boost|p2b: Drifblim|spd|1\n|move|p1a: Pelipper|Hurricane|p2b: Drifblim\n|-end|p2b: Drifblim|Substitute\n|\n|-weather|RainDance|[upkeep]\n|upkeep\n|turn|4\n|\n|t:|1696002311\n|move|p1b: Steroids|Ice Punch|p2b: Drifblim\n|-damage|p2b: Drifblim|48\/100\n|move|p2a: Ambipom|Thunder Wave|p1b: Steroids\n|-immune|p1b: Steroids\n|move|p2b: Drifblim|Substitute|p2b: Drifblim\n|-start|p2b: Drifblim|Substitute\n|-damage|p2b: Drifblim|23\/100\n|move|p1a: Pelipper|Hydro Pump|p2b: Drifblim\n|-activate|p2b: Drifblim|move: Substitute|[damage]\n|\n|-weather|RainDance|[upkeep]\n|-sideend|p1: Tico6942069|move: Tailwind\n|-sideend|p2: Hanktrank|move: Tailwind\n|upkeep\n|turn|5\n|\n|t:|1696002337\n|switch|p2a: Crobat|Crobat, F|63\/100\n|move|p1b: Steroids|Ice Punch|p2b: Drifblim\n|-end|p2b: Drifblim|Substitute\n|move|p2b: Drifblim|Baton Pass|p2b: Drifblim\n|\n|t:|1696002344\n|switch|p2b: Regigigas|Regigigas|100\/100|[from] Baton Pass\n|-start|p2b: Regigigas|ability: Slow Start\n|move|p1a: Pelipper|Hurricane|p2b: Regigigas\n|-damage|p2b: Regigigas|90\/100\n|-start|p2b: Regigigas|confusion\n|\n|-weather|none\n|upkeep\n|turn|6\n|\n|t:|1696002366\n|move|p2a: Crobat|Tailwind|p2a: Crobat\n|-sidestart|p2: Hanktrank|move: Tailwind\n|-activate|p2b: Regigigas|confusion\n|move|p2b: Regigigas|Earthquake|p1a: Pelipper|[spread] p1b\n|-immune|p2a: Crobat\n|-immune|p1a: Pelipper\n|-damage|p1b: Steroids|63\/100\n|move|p1b: Steroids|Ice Punch|p2a: Crobat\n|-supereffective|p2a: Crobat\n|-damage|p2a: Crobat|0 fnt\n|faint|p2a: Crobat\n|move|p1a: Pelipper|Rain Dance|p1a: Pelipper\n|-weather|RainDance\n|\n|-weather|RainDance|[upkeep]\n|upkeep\n|\n|t:|1696002375\n|switch|p2a: Medicham|Medicham, F|100\/100\n|turn|7\n|\n|t:|1696002384\n|move|p2a: Medicham|Skill Swap|p2b: Regigigas\n|-activate|p2a: Medicham|move: Skill Swap|||[of] p2b: Regigigas\n|-end|p2b: Regigigas|Slow Start|[silent]\n|-start|p2a: Medicham|ability: Slow Start\n|-end|p2b: Regigigas|confusion\n|move|p2b: Regigigas|Earthquake|p1a: Pelipper|[spread] p2a,p1b\n|-immune|p1a: Pelipper\n|-damage|p2a: Medicham|0 fnt\n|-damage|p1b: Steroids|3\/100\n|faint|p2a: Medicham\n|-end|p2a: Medicham|Slow Start|[silent]\n|move|p1b: Steroids|Earthquake|p2b: Regigigas|[spread] p2b\n|-immune|p1a: Pelipper\n|-damage|p2b: Regigigas|70\/100\n|move|p1a: Pelipper|Hurricane|p2b: Regigigas\n|-damage|p2b: Regigigas|59\/100\n|-start|p2b: Regigigas|confusion\n|\n|-weather|RainDance|[upkeep]\n|upkeep\n|\n|t:|1696002402\n|switch|p2a: Chansey|Chansey, F|100\/100\n|turn|8\n|\n|t:|1696002420\n|move|p1b: Steroids|Protect|p1b: Steroids\n|-singleturn|p1b: Steroids|Protect\n|-activate|p2b: Regigigas|confusion\n|move|p2b: Regigigas|Knock Off|p1b: Steroids\n|-activate|p1b: Steroids|move: Protect\n|move|p2a: Chansey|Reflect|p2a: Chansey\n|-sidestart|p2: Hanktrank|Reflect\n|move|p1a: Pelipper|Tailwind|p1a: Pelipper\n|-sidestart|p1: Tico6942069|move: Tailwind\n|\n|-weather|RainDance|[upkeep]\n|upkeep\n|turn|9\n|\n|t:|1696002434\n|switch|p1b: :O|Ludicolo, M, shiny|100\/100\n|-activate|p2b: Regigigas|confusion\n|move|p2b: Regigigas|Earthquake|p1b: :O|[spread] p2a,p1b\n|-immune|p1a: Pelipper\n|-resisted|p1b: :O\n|-damage|p2a: Chansey|75\/100\n|-damage|p1b: :O|63\/100\n|move|p1a: Pelipper|Hurricane|p2a: Chansey\n|-damage|p2a: Chansey|63\/100\n|-start|p2a: Chansey|confusion\n|-activate|p2a: Chansey|confusion\n|move|p2a: Chansey|Heal Pulse|p2b: Regigigas\n|-heal|p2b: Regigigas|100\/100\n|\n|-weather|RainDance|[upkeep]\n|-heal|p1b: :O|69\/100|[from] ability: Rain Dish\n|-sideend|p2: Hanktrank|move: Tailwind\n|upkeep\n|turn|10\n|inactive|Battle timer is ON: inactive players will automatically lose when time's up. (requested by Hanktrank)\n|\n|t:|1696002477\n|-terastallize|p1b: :O|Electric\n|move|p1b: :O|Energy Ball|p2b: Regigigas\n|-damage|p2b: Regigigas|89\/100\n|move|p1a: Pelipper|Hydro Pump|p2b: Regigigas\n|-damage|p2b: Regigigas|73\/100\n|-activate|p2b: Regigigas|confusion\n|-damage|p2b: Regigigas|65\/100|[from] confusion\n|-end|p2a: Chansey|confusion\n|move|p2a: Chansey|Seismic Toss|p1b: :O\n|-damage|p1b: :O|42\/100\n|\n|-weather|none\n|upkeep\n|turn|11\n|\n|t:|1696002496\n|switch|p1b: FROG|Poliwrath, M, shiny|100\/100\n|move|p1a: Pelipper|Rain Dance|p1a: Pelipper\n|-weather|RainDance\n|-activate|p2b: Regigigas|confusion\n|move|p2b: Regigigas|Return|p1a: Pelipper\n|-damage|p1a: Pelipper|9\/100\n|move|p2a: Chansey|Heal Pulse|p2b: Regigigas\n|-heal|p2b: Regigigas|100\/100\n|\n|-weather|RainDance|[upkeep]\n|-heal|p1a: Pelipper|15\/100|[from] item: Leftovers\n|-sideend|p1: Tico6942069|move: Tailwind\n|upkeep\n|turn|12\n|\n|t:|1696002515\n|move|p1b: FROG|Close Combat|p2a: Chansey\n|-supereffective|p2a: Chansey\n|-damage|p2a: Chansey|15\/100\n|-unboost|p1b: FROG|def|1\n|-unboost|p1b: FROG|spd|1\n|-end|p2b: Regigigas|confusion\n|move|p2b: Regigigas|Earthquake|p1a: Pelipper|[spread] p2a,p1b\n|-immune|p1a: Pelipper\n|-damage|p2a: Chansey|0 fnt\n|-enditem|p1b: FROG|Focus Sash\n|-damage|p1b: FROG|1\/100\n|faint|p2a: Chansey\n|move|p1a: Pelipper|Tailwind|p1a: Pelipper\n|-sidestart|p1: Tico6942069|move: Tailwind\n|\n|-weather|RainDance|[upkeep]\n|-heal|p1a: Pelipper|21\/100|[from] item: Leftovers\n|-sideend|p2: Hanktrank|Reflect\n|upkeep\n|\n|t:|1696002520\n|switch|p2a: Ambipom|Ambipom, F|100\/100\n|turn|13\n|\n|t:|1696002543\n|switch|p1a: HeroGuy|Palafin-Hero, M, shiny|100\/100\n|-activate|p1a: HeroGuy|ability: Zero to Hero\n|move|p2a: Ambipom|Fake Out|p1a: HeroGuy\n|-damage|p1a: HeroGuy|70\/100\n|move|p1b: FROG|Close Combat|p2a: Ambipom\n|-supereffective|p2a: Ambipom\n|-damage|p2a: Ambipom|0 fnt\n|-unboost|p1b: FROG|def|1\n|-unboost|p1b: FROG|spd|1\n|faint|p2a: Ambipom\n|move|p2b: Regigigas|Power-Up Punch|p1b: FROG\n|-damage|p1b: FROG|0 fnt\n|-boost|p2b: Regigigas|atk|1\n|faint|p1b: FROG\n|\n|-weather|RainDance|[upkeep]\n|upkeep\n|\n|t:|1696002551\n|switch|p2a: Drifblim|Drifblim, F, tera:Normal|23\/100\n|switch|p1b: :O|Ludicolo, M, shiny, tera:Electric|42\/100\n|turn|14\n|\n|t:|1696002563\n|move|p1a: HeroGuy|Jet Punch|p2a: Drifblim\n|-damage|p2a: Drifblim|0 fnt\n|faint|p2a: Drifblim\n|move|p1b: :O|Energy Ball|p2b: Regigigas\n|-damage|p2b: Regigigas|88\/100\n|-unboost|p2b: Regigigas|spd|1\n|move|p2b: Regigigas|Earthquake|p1b: :O|[spread] p1a,p1b\n|-supereffective|p1b: :O\n|-damage|p1a: HeroGuy|0 fnt\n|-damage|p1b: :O|0 fnt\n|faint|p1a: HeroGuy\n|faint|p1b: :O\n|\n|-weather|RainDance|[upkeep]\n|upkeep\n|\n|t:|1696002573\n|switch|p1a: banana|Basculegion-F, F, shiny|100\/100\n|switch|p1b: Steroids|Swampert-Mega, M, shiny|3\/100\n|turn|15\n|l|\u2606Tico6942069\n|inactive|Tico6942069 disconnected and has a minute to reconnect!\n|player|p1|\n|j|\u2606Tico6942069\n|inactive|Tico6942069 reconnected and has 135 seconds left.\n|player|p1|Tico6942069|unknownf\n|inactive|Tico6942069 has 120 seconds left.\n|\n|t:|1696002613\n|move|p1b: Steroids|Waterfall|p2b: Regigigas\n|-damage|p2b: Regigigas|53\/100\n|move|p1a: banana|Hydro Pump|p2b: Regigigas\n|-damage|p2b: Regigigas|12\/100\n|move|p2b: Regigigas|Earthquake|p1a: banana|[spread] p1a,p1b\n|-damage|p1a: banana|0 fnt\n|-damage|p1b: Steroids|0 fnt\n|faint|p1a: banana\n|faint|p1b: Steroids\n|\n|-weather|none\n|-sideend|p1: Tico6942069|move: Tailwind\n|upkeep\n|\n|t:|1696002621\n|switch|p1a: Pelipper|Pelipper, F, shiny|21\/100\n|-weather|RainDance|[from] ability: Drizzle|[of] p1a: Pelipper\n|turn|16\n|\n|t:|1696002630\n|move|p2b: Regigigas|Return|p1a: Pelipper\n|-damage|p1a: Pelipper|0 fnt\n|faint|p1a: Pelipper\n|\n|win|Hanktrank\n|raw|Tico6942069's rating: 1152 &rarr; <strong>1122<\/strong><br \/>(-30 for losing)\n|raw|Hanktrank's rating: 1078 &rarr; <strong>1112<\/strong><br \/>(+34 for winning)\n|l|\u2606Tico6942069\n|c|\u2606Hanktrank|Gg\n","uploadtime":1696002678,"views":12,"p1id":"tico6942069","p2id":"hanktrank","formatid":"gen9nationaldexdoubles","rating":1112,"private":0,"password":""}