{"id":"gen9nationaldexdoubles-1981141706","p1":"Ancientguirus","p2":"Octolockr","format":"[Gen 9] National Dex Doubles","log":"|j|\u2606Ancientguirus\n|j|\u2606Octolockr\n|t:|1698866929\n|gametype|doubles\n|player|p1|Ancientguirus|raihan|1063\n|player|p2|Octolockr|blackbelt-gen4dp|1200\n|teamsize|p1|6\n|teamsize|p2|6\n|gen|9\n|tier|[Gen 9] National Dex Doubles\n|rated|\n|rule|HP Percentage Mod: HP is shown in percentages\n|rule|Endless Battle Clause: Forcing endless battles is banned\n|rule|OHKO Clause: OHKO moves are banned\n|rule|Evasion Moves Clause: Evasion moves are banned\n|rule|Evasion Abilities Clause: Evasion abilities are banned\n|rule|Species Clause: Limit one of each Pok\u00e9mon\n|rule|Gravity Sleep Clause: The combination of sleep-inducing moves with imperfect accuracy and Gravity or Gigantamax Orbeetle are banned\n|clearpoke\n|poke|p1|Swampert, M|\n|poke|p1|Typhlosion-Hisui, M|\n|poke|p1|Grimmsnarl, M|\n|poke|p1|Baxcalibur, M|\n|poke|p1|Ogerpon-Hearthflame, F|\n|poke|p1|Okidogi, M|\n|poke|p2|Excadrill, F|\n|poke|p2|Togekiss, M|\n|poke|p2|Quaquaval, M|\n|poke|p2|Lopunny, F|\n|poke|p2|Ninetales-Alola, F|\n|poke|p2|Zangoose, F|\n|teampreview\n|\n|t:|1698866944\n|start\n|switch|p1a: Baxcalibur|Baxcalibur, M|100\/100\n|switch|p1b: Fraxolotl|Swampert, M|100\/100\n|switch|p2a: Excadrill|Excadrill, F|100\/100\n|switch|p2b: Ninetales|Ninetales-Alola, F|100\/100\n|-weather|Snow|[from] ability: Snow Warning|[of] p2b: Ninetales\n|-ability|p2a: Excadrill|Mold Breaker\n|turn|1\n|\n|t:|1698866962\n|detailschange|p1b: Fraxolotl|Swampert-Mega, M\n|-mega|p1b: Fraxolotl|Swampert|Swampertite\n|move|p2b: Ninetales|Aurora Veil|p2b: Ninetales\n|-sidestart|p2: Octolockr|move: Aurora Veil\n|-zpower|p2a: Excadrill\n|move|p2a: Excadrill|Tectonic Rage|p1a: Baxcalibur|[zeffect]\n|-damage|p1a: Baxcalibur|39\/100\n|move|p1a: Baxcalibur|Icicle Spear|p2a: Excadrill\n|-damage|p2a: Excadrill|88\/100\n|-damage|p2a: Excadrill|75\/100\n|-damage|p2a: Excadrill|63\/100\n|-damage|p2a: Excadrill|50\/100\n|-damage|p2a: Excadrill|38\/100\n|-hitcount|p2a: Excadrill|5\n|move|p1b: Fraxolotl|Liquidation|p2a: Excadrill\n|-supereffective|p2a: Excadrill\n|-damage|p2a: Excadrill|0 fnt\n|faint|p2a: Excadrill\n|\n|-weather|Snow|[upkeep]\n|upkeep\n|\n|t:|1698866987\n|switch|p2a: Togekiss|Togekiss, M|100\/100\n|turn|2\n|\n|t:|1698866995\n|move|p2b: Ninetales|Blizzard|p1a: Baxcalibur|[spread] p1a,p1b\n|-damage|p1a: Baxcalibur|11\/100\n|-damage|p1b: Fraxolotl|74\/100\n|move|p1a: Baxcalibur|Icicle Spear|p2a: Togekiss\n|-supereffective|p2a: Togekiss\n|-damage|p2a: Togekiss|82\/100\n|-supereffective|p2a: Togekiss\n|-damage|p2a: Togekiss|65\/100\n|-supereffective|p2a: Togekiss\n|-damage|p2a: Togekiss|48\/100\n|-supereffective|p2a: Togekiss\n|-damage|p2a: Togekiss|30\/100\n|-supereffective|p2a: Togekiss\n|-damage|p2a: Togekiss|12\/100\n|-hitcount|p2a: Togekiss|5\n|move|p1b: Fraxolotl|Rock Slide|p2a: Togekiss|[spread] p2a,p2b\n|-supereffective|p2a: Togekiss\n|-supereffective|p2b: Ninetales\n|-damage|p2a: Togekiss|0 fnt\n|-damage|p2b: Ninetales|74\/100\n|faint|p2a: Togekiss\n|\n|-weather|Snow|[upkeep]\n|upkeep\n|\n|t:|1698867014\n|switch|p2a: Lopunny|Lopunny, F|100\/100\n|turn|3\n|\n|t:|1698867025\n|switch|p2b: Zangoose|Zangoose, F|100\/100\n|detailschange|p2a: Lopunny|Lopunny-Mega, F\n|-mega|p2a: Lopunny|Lopunny|Lopunnite\n|move|p2a: Lopunny|Fake Out|p1a: Baxcalibur\n|-damage|p1a: Baxcalibur|0 fnt\n|faint|p1a: Baxcalibur\n|move|p1b: Fraxolotl|Liquidation|p2b: Zangoose\n|-damage|p2b: Zangoose|34\/100\n|\n|-weather|Snow|[upkeep]\n|-status|p2b: Zangoose|tox|[from] item: Toxic Orb\n|upkeep\n|\n|t:|1698867037\n|switch|p1a: Typhlosion|Typhlosion-Hisui, M|100\/100\n|-item|p2a: Lopunny|Lopunnite|[from] ability: Frisk|[of] p1a: Typhlosion|[identify]\n|-item|p2b: Zangoose|Toxic Orb|[from] ability: Frisk|[of] p1a: Typhlosion|[identify]\n|turn|4\n|\n|t:|1698867052\n|-terastallize|p2b: Zangoose|Ghost\n|move|p2a: Lopunny|Return|p1b: Fraxolotl\n|-damage|p1b: Fraxolotl|21\/100\n|move|p1a: Typhlosion|Heat Wave|p2b: Zangoose|[spread] p2a\n|-miss|p1a: Typhlosion|p2b: Zangoose\n|-damage|p2a: Lopunny|60\/100\n|-status|p2a: Lopunny|brn\n|-damage|p1a: Typhlosion|91\/100|[from] item: Life Orb\n|move|p2b: Zangoose|Facade|p1b: Fraxolotl\n|-damage|p1b: Fraxolotl|0 fnt\n|faint|p1b: Fraxolotl\n|\n|-weather|Snow|[upkeep]\n|-damage|p2b: Zangoose|28\/100 tox|[from] psn\n|-damage|p2a: Lopunny|54\/100 brn|[from] brn\n|upkeep\n|\n|t:|1698867074\n|switch|p1b: gatekeep|Okidogi, M|100\/100\n|turn|5\n|\n|t:|1698867088\n|move|p2a: Lopunny|Return|p1b: gatekeep\n|-damage|p1b: gatekeep|76\/100\n|move|p1a: Typhlosion|Infernal Parade|p2b: Zangoose\n|-supereffective|p2b: Zangoose\n|-damage|p2b: Zangoose|0 fnt\n|faint|p2b: Zangoose\n|-damage|p1a: Typhlosion|81\/100|[from] item: Life Orb\n|move|p1b: gatekeep|Drain Punch|p2a: Lopunny\n|-supereffective|p2a: Lopunny\n|-damage|p2a: Lopunny|0 fnt\n|-heal|p1b: gatekeep|99\/100|[from] drain|[of] p2a: Lopunny\n|faint|p2a: Lopunny\n|\n|-weather|none\n|upkeep\n|\n|t:|1698867105\n|switch|p2a: Quaquaval|Quaquaval, M|100\/100\n|switch|p2b: Ninetales|Ninetales-Alola, F|74\/100\n|-weather|Snow|[from] ability: Snow Warning|[of] p2b: Ninetales\n|turn|6\n|\n|t:|1698867119\n|move|p2b: Ninetales|Protect|p2b: Ninetales\n|-singleturn|p2b: Ninetales|Protect\n|move|p2a: Quaquaval|Aqua Jet|p1a: Typhlosion\n|-supereffective|p1a: Typhlosion\n|-damage|p1a: Typhlosion|16\/100\n|move|p1a: Typhlosion|Extrasensory|p2a: Quaquaval\n|-supereffective|p2a: Quaquaval\n|-damage|p2a: Quaquaval|34\/100\n|-damage|p1a: Typhlosion|6\/100|[from] item: Life Orb\n|move|p1b: gatekeep|Drain Punch|p2a: Quaquaval\n|-damage|p2a: Quaquaval|0 fnt\n|-heal|p1b: gatekeep|100\/100|[from] drain|[of] p2a: Quaquaval\n|faint|p2a: Quaquaval\n|\n|-weather|Snow|[upkeep]\n|upkeep\n|turn|7\n|-message|Octolockr forfeited.\n|\n|win|Ancientguirus\n|raw|Ancientguirus's rating: 1063 &rarr; <strong>1105<\/strong><br \/>(+42 for winning)\n|raw|Octolockr's rating: 1200 &rarr; <strong>1166<\/strong><br \/>(-34 for losing)\n|l|\u2606Ancientguirus\n","uploadtime":1698867148,"views":8,"p1id":"ancientguirus","p2id":"octolockr","formatid":"gen9nationaldexdoubles","rating":1105,"private":0,"password":""}