{"id":"gen9nationaldexdoubles-1963979904","p1":"Rikard & Frida","p2":"ConorS420","format":"[Gen 9] National Dex Doubles","log":"|j|\u2606Rikard & Frida\n|j|\u2606ConorS420\n|t:|1696925412\n|gametype|doubles\n|player|p1|Rikard & Frida|youngcouple-gen4dp|1230\n|player|p2|ConorS420|veteran|1101\n|teamsize|p1|6\n|teamsize|p2|6\n|gen|9\n|tier|[Gen 9] National Dex Doubles\n|rated|\n|rule|HP Percentage Mod: HP is shown in percentages\n|rule|Endless Battle Clause: Forcing endless battles is banned\n|rule|OHKO Clause: OHKO moves are banned\n|rule|Evasion Moves Clause: Evasion moves are banned\n|rule|Evasion Abilities Clause: Evasion abilities are banned\n|rule|Species Clause: Limit one of each Pok\u00e9mon\n|rule|Gravity Sleep Clause: The combination of sleep-inducing moves with imperfect accuracy and Gravity or Gigantamax Orbeetle are banned\n|clearpoke\n|poke|p1|Electivire, M|\n|poke|p1|Porygon-Z|\n|poke|p1|Sceptile, M|\n|poke|p1|Infernape, M|\n|poke|p1|Greninja-*, M|\n|poke|p1|Salamence, M|\n|poke|p2|Pelipper, M|\n|poke|p2|Ludicolo, F|\n|poke|p2|Garchomp, F|\n|poke|p2|Eelektross, M|\n|poke|p2|Hatterene, F|\n|poke|p2|Chi-Yu|\n|teampreview\n|inactive|Battle timer is ON: inactive players will automatically lose when time's up. (requested by Rikard & Frida)\n|\n|t:|1696925420\n|start\n|switch|p1a: Infernape|Infernape, M|100\/100\n|switch|p1b: Salamence|Salamence, M|100\/100\n|switch|p2a: Pelipper|Pelipper, M|100\/100\n|switch|p2b: Garchomp|Garchomp, F|100\/100\n|-ability|p1b: Salamence|Intimidate|boost\n|-unboost|p2a: Pelipper|atk|1\n|-unboost|p2b: Garchomp|atk|1\n|-weather|RainDance|[from] ability: Drizzle|[of] p2a: Pelipper\n|turn|1\n|\n|t:|1696925435\n|detailschange|p1b: Salamence|Salamence-Mega, M\n|-mega|p1b: Salamence|Salamence|Salamencite\n|move|p1a: Infernape|Fake Out|p2a: Pelipper\n|-damage|p2a: Pelipper|79\/100\n|-damage|p1a: Infernape|91\/100|[from] item: Life Orb\n|move|p1b: Salamence|Dragon Dance|p1b: Salamence\n|-boost|p1b: Salamence|atk|1\n|-boost|p1b: Salamence|spe|1\n|move|p2b: Garchomp|Earthquake|p1b: Salamence|[spread] p1a\n|-immune|p2a: Pelipper\n|-immune|p1b: Salamence\n|-supereffective|p1a: Infernape\n|-damage|p1a: Infernape|0 fnt\n|faint|p1a: Infernape\n|cant|p2a: Pelipper|flinch\n|\n|-weather|RainDance|[upkeep]\n|upkeep\n|\n|t:|1696925449\n|switch|p1a: Greninja|Greninja, M|100\/100\n|turn|2\n|\n|t:|1696925460\n|move|p1b: Salamence|Double-Edge|p2a: Pelipper\n|-damage|p2a: Pelipper|0 fnt\n|faint|p2a: Pelipper\n|-damage|p1b: Salamence|80\/100|[from] Recoil\n|move|p1a: Greninja|Ice Beam|p2b: Garchomp\n|-supereffective|p2b: Garchomp\n|-damage|p2b: Garchomp|0 fnt\n|faint|p2b: Garchomp\n|-ability|p1a: Greninja|Battle Bond|boost\n|-boost|p1a: Greninja|atk|1\n|-boost|p1a: Greninja|spa|1\n|-boost|p1a: Greninja|spe|1\n|-activate|p1a: Greninja|ability: Battle Bond\n|\n|-weather|RainDance|[upkeep]\n|upkeep\n|\n|t:|1696925477\n|switch|p2b: Hatterene|Hatterene, F|100\/100\n|switch|p2a: Ludicolo|Ludicolo, F|100\/100\n|turn|3\n|\n|t:|1696925491\n|-terastallize|p1a: Greninja|Water\n|move|p2a: Ludicolo|Fake Out|p1a: Greninja\n|-crit|p1a: Greninja\n|-damage|p1a: Greninja|83\/100\n|cant|p1a: Greninja|flinch\n|move|p1b: Salamence|Double-Edge|p2a: Ludicolo\n|-supereffective|p2a: Ludicolo\n|-damage|p2a: Ludicolo|0 fnt\n|faint|p2a: Ludicolo\n|-damage|p1b: Salamence|50\/100|[from] Recoil\n|move|p2b: Hatterene|Dazzling Gleam|p1b: Salamence|[spread] p1a,p1b\n|-supereffective|p1b: Salamence\n|-damage|p1a: Greninja|41\/100\n|-damage|p1b: Salamence|0 fnt\n|faint|p1b: Salamence\n|\n|-weather|RainDance|[upkeep]\n|upkeep\n|\n|t:|1696925508\n|switch|p1b: Porygon-Z|Porygon-Z|100\/100\n|switch|p2a: Eelektross|Eelektross, M|100\/100\n|turn|4\n|\n|t:|1696925521\n|move|p1a: Greninja|Water Shuriken|p2a: Eelektross\n|-damage|p2a: Eelektross|75\/100\n|-damage|p2a: Eelektross|50\/100\n|-damage|p2a: Eelektross|23\/100\n|-damage|p2a: Eelektross|0 fnt\n|faint|p2a: Eelektross\n|-hitcount|p2: Eelektross|4\n|-zpower|p1b: Porygon-Z\n|move|p1b: Porygon-Z|Breakneck Blitz|p2b: Hatterene|[zeffect]\n|-damage|p2b: Hatterene|0 fnt\n|faint|p2b: Hatterene\n|\n|-weather|RainDance|[upkeep]\n|upkeep\n|\n|t:|1696925536\n|switch|p2b: Chi-Yu|Chi-Yu|100\/100\n|-ability|p2b: Chi-Yu|Beads of Ruin\n|-item|p2b: Chi-Yu|Air Balloon\n|turn|5\n|\n|t:|1696925553\n|-terastallize|p2b: Chi-Yu|Dark\n|move|p1a: Greninja|Water Shuriken|p2b: Chi-Yu\n|-damage|p2b: Chi-Yu|75\/100\n|-enditem|p2b: Chi-Yu|Air Balloon\n|-crit|p2b: Chi-Yu\n|-damage|p2b: Chi-Yu|36\/100\n|-damage|p2b: Chi-Yu|9\/100\n|-damage|p2b: Chi-Yu|0 fnt\n|faint|p2b: Chi-Yu\n|-hitcount|p2: Chi-Yu|4\n|\n|win|Rikard & Frida\n|raw|Rikard &amp; Frida's rating: 1230 &rarr; <strong>1246<\/strong><br \/>(+16 for winning)\n|raw|ConorS420's rating: 1101 &rarr; <strong>1085<\/strong><br \/>(-16 for losing)\n","uploadtime":1696925567,"views":10,"p1id":"rikardfrida","p2id":"conors420","formatid":"gen9nationaldexdoubles","rating":1085,"private":0,"password":""}