{"id":"gen9nationaldexdoubles-1982945283","p1":"sleepfanning","p2":"delicioustree","format":"[Gen 9] National Dex Doubles","log":"|j|\u2606sleepfanning\n|j|\u2606delicioustree\n|t:|1699061673\n|gametype|doubles\n|player|p1|sleepfanning|nurseryaide|1224\n|player|p2|delicioustree|cheren-gen5bw2|1199\n|teamsize|p1|6\n|teamsize|p2|6\n|gen|9\n|tier|[Gen 9] National Dex Doubles\n|rated|\n|rule|HP Percentage Mod: HP is shown in percentages\n|rule|Endless Battle Clause: Forcing endless battles is banned\n|rule|OHKO Clause: OHKO moves are banned\n|rule|Evasion Moves Clause: Evasion moves are banned\n|rule|Evasion Abilities Clause: Evasion abilities are banned\n|rule|Species Clause: Limit one of each Pok\u00e9mon\n|rule|Gravity Sleep Clause: The combination of sleep-inducing moves with imperfect accuracy and Gravity or Gigantamax Orbeetle are banned\n|clearpoke\n|poke|p1|Tornadus, M|\n|poke|p1|Incineroar, F|\n|poke|p1|Ogerpon-Wellspring, F|\n|poke|p1|Landorus-Therian, M|\n|poke|p1|Diancie|\n|poke|p1|Flutter Mane|\n|poke|p2|Indeedee-F, F|\n|poke|p2|Scolipede, M|\n|poke|p2|Audino, F|\n|poke|p2|Garbodor, M|\n|poke|p2|Aegislash, M|\n|poke|p2|Krookodile, M|\n|teampreview\n|inactive|Battle timer is ON: inactive players will automatically lose when time's up. (requested by sleepfanning)\n|\n|t:|1699061693\n|start\n|switch|p1a: Diancie|Diancie|100\/100\n|switch|p1b: Landorus|Landorus-Therian, M|100\/100\n|switch|p2a: Amine|Audino, F|100\/100\n|switch|p2b: Eye Sword|Aegislash, M|100\/100\n|-ability|p1b: Landorus|Intimidate|boost\n|-unboost|p2a: Amine|atk|1\n|-unboost|p2b: Eye Sword|atk|1\n|turn|1\n|inactive|delicioustree has 120 seconds left.\n|\n|t:|1699061733\n|detailschange|p2a: Amine|Audino-Mega, F\n|-mega|p2a: Amine|Audino|Audinite\n|move|p1b: Landorus|Rock Slide|p2b: Eye Sword|[spread] p2a,p2b\n|-resisted|p2b: Eye Sword\n|-damage|p2a: Amine|85\/100\n|-damage|p2b: Eye Sword|90\/100\n|move|p1a: Diancie|Stealth Rock|p2a: Amine\n|-sidestart|p2: delicioustree|move: Stealth Rock\n|move|p2b: Eye Sword|Swords Dance|p2b: Eye Sword\n|-boost|p2b: Eye Sword|atk|2\n|cant|p2a: Amine|flinch\n|\n|upkeep\n|turn|2\n|\n|t:|1699061755\n|switch|p1b: Incineroar|Incineroar, F|100\/100\n|-ability|p1b: Incineroar|Intimidate|boost\n|-unboost|p2a: Amine|atk|1\n|-unboost|p2b: Eye Sword|atk|1\n|move|p1a: Diancie|Protect|p1a: Diancie\n|-singleturn|p1a: Diancie|Protect\n|move|p2b: Eye Sword|King's Shield|p2b: Eye Sword\n|-singleturn|p2b: Eye Sword|Protect\n|move|p2a: Amine|Trick Room|p2a: Amine\n|-fieldstart|move: Trick Room|[of] p2a: Amine\n|\n|upkeep\n|turn|3\n|inactive|delicioustree has 120 seconds left.\n|\n|t:|1699061790\n|move|p2b: Eye Sword|King's Shield|p2b: Eye Sword\n|-singleturn|p2b: Eye Sword|Protect\n|move|p2a: Amine|Yawn|p1a: Diancie\n|-start|p1a: Diancie|move: Yawn|[of] p2a: Amine\n|move|p1b: Incineroar|Parting Shot|p2b: Eye Sword\n|-unboost|p2b: Eye Sword|atk|1\n|-unboost|p2b: Eye Sword|spa|1\n|\n|t:|1699061798\n|switch|p1b: Landorus|Landorus-Therian, M|100\/100|[from] Parting Shot\n|-ability|p1b: Landorus|Intimidate|boost\n|-unboost|p2a: Amine|atk|1\n|-unboost|p2b: Eye Sword|atk|1\n|move|p1a: Diancie|Earth Power|p2b: Eye Sword\n|-activate|p2b: Eye Sword|move: Protect\n|\n|upkeep\n|turn|4\n|inactive|delicioustree has 120 seconds left.\n|\n|t:|1699061843\n|switch|p1a: Tornadus|Tornadus, M|100\/100\n|move|p2a: Amine|Dazzling Gleam|p1a: Tornadus|[spread] p1a,p1b\n|-damage|p1a: Tornadus|76\/100\n|-damage|p1b: Landorus|77\/100\n|-formechange|p2b: Eye Sword|Aegislash-Blade||[from] ability: Stance Change\n|move|p2b: Eye Sword|Iron Head|p1a: Tornadus\n|-damage|p1a: Tornadus|49\/100\n|move|p1b: Landorus|Earthquake|p2a: Amine|[spread] p2a,p2b\n|-immune|p1a: Tornadus\n|-supereffective|p2b: Eye Sword\n|-damage|p2a: Amine|57\/100\n|-damage|p2b: Eye Sword|0 fnt\n|faint|p2b: Eye Sword\n|\n|upkeep\n|inactive|delicioustree has 90 seconds left.\n|\n|t:|1699061862\n|switch|p2b: Starbucks\ud83e\udd2e\ud83e\udd2e|Garbodor, M|100\/100\n|-damage|p2b: Starbucks\ud83e\udd2e\ud83e\udd2e|88\/100|[from] Stealth Rock\n|turn|5\n|\n|t:|1699061877\n|move|p1a: Tornadus|Protect|p1a: Tornadus\n|-singleturn|p1a: Tornadus|Protect\n|move|p2a: Amine|Yawn|p1b: Landorus\n|-start|p1b: Landorus|move: Yawn|[of] p2a: Amine\n|move|p2b: Starbucks\ud83e\udd2e\ud83e\udd2e|Toxic|p1b: Landorus\n|-status|p1b: Landorus|tox\n|move|p1b: Landorus|Earthquake|p2b: Starbucks\ud83e\udd2e\ud83e\udd2e|[spread] p2a,p2b\n|-activate|p1a: Tornadus|move: Protect\n|-supereffective|p2b: Starbucks\ud83e\udd2e\ud83e\udd2e\n|-damage|p2a: Amine|31\/100\n|-damage|p2b: Starbucks\ud83e\udd2e\ud83e\udd2e|13\/100\n|\n|-heal|p2b: Starbucks\ud83e\udd2e\ud83e\udd2e|19\/100|[from] item: Black Sludge\n|-damage|p1b: Landorus|71\/100 tox|[from] psn\n|upkeep\n|turn|6\n|inactive|delicioustree has 120 seconds left.\n|\n|t:|1699061908\n|move|p2a: Amine|Helping Hand|p2b: Starbucks\ud83e\udd2e\ud83e\udd2e\n|-singleturn|p2b: Starbucks\ud83e\udd2e\ud83e\udd2e|Helping Hand|[of] p2a: Amine\n|move|p1a: Tornadus|Taunt|p2b: Starbucks\ud83e\udd2e\ud83e\udd2e\n|-start|p2b: Starbucks\ud83e\udd2e\ud83e\udd2e|move: Taunt\n|move|p2b: Starbucks\ud83e\udd2e\ud83e\udd2e|Rock Blast|p1a: Tornadus\n|-supereffective|p1a: Tornadus\n|-damage|p1a: Tornadus|32\/100\n|-supereffective|p1a: Tornadus\n|-damage|p1a: Tornadus|16\/100\n|-supereffective|p1a: Tornadus\n|-damage|p1a: Tornadus|0 fnt\n|faint|p1a: Tornadus\n|-hitcount|p1: Tornadus|3\n|move|p1b: Landorus|Earthquake|p2b: Starbucks\ud83e\udd2e\ud83e\udd2e|[spread] p2a,p2b\n|-supereffective|p2b: Starbucks\ud83e\udd2e\ud83e\udd2e\n|-damage|p2a: Amine|3\/100\n|-damage|p2b: Starbucks\ud83e\udd2e\ud83e\udd2e|0 fnt\n|faint|p2b: Starbucks\ud83e\udd2e\ud83e\udd2e\n|\n|-damage|p1b: Landorus|59\/100 tox|[from] psn\n|-end|p1b: Landorus|move: Yawn|[silent]\n|-fieldend|move: Trick Room\n|upkeep\n|inactive|delicioustree has 120 seconds left.\n|\n|t:|1699061929\n|switch|p1a: Diancie|Diancie|100\/100\n|switch|p2b: Acidic Chloride|Scolipede, M|100\/100\n|-damage|p2b: Acidic Chloride|76\/100|[from] Stealth Rock\n|turn|7\n|inactive|delicioustree has 120 seconds left.\n|\n|t:|1699061950\n|move|p2a: Amine|Helping Hand|p2b: Acidic Chloride\n|-singleturn|p2b: Acidic Chloride|Helping Hand|[of] p2a: Amine\n|move|p1a: Diancie|Protect|p1a: Diancie\n|-singleturn|p1a: Diancie|Protect\n|move|p1b: Landorus|Earthquake|p2b: Acidic Chloride|[spread] p2a,p2b\n|-activate|p1a: Diancie|move: Protect\n|-damage|p2a: Amine|0 fnt\n|-damage|p2b: Acidic Chloride|12\/100\n|faint|p2a: Amine\n|move|p2b: Acidic Chloride|Rock Slide|p1b: Landorus|[spread] p1b\n|-activate|p1a: Diancie|move: Protect\n|-damage|p1b: Landorus|26\/100 tox\n|\n|-damage|p1b: Landorus|8\/100 tox|[from] psn\n|-ability|p2b: Acidic Chloride|Speed Boost|boost\n|-boost|p2b: Acidic Chloride|spe|1\n|upkeep\n|\n|t:|1699061973\n|switch|p2a: Amide|Indeedee-F, F|100\/100\n|-damage|p2a: Amide|88\/100|[from] Stealth Rock\n|-fieldstart|move: Psychic Terrain|[from] ability: Psychic Surge|[of] p2a: Amide\n|turn|8\n|\n|t:|1699061996\n|switch|p1b: Ogerpon|Ogerpon-Wellspring, F|100\/100\n|detailschange|p1a: Diancie|Diancie-Mega\n|-mega|p1a: Diancie|Diancie|Diancite\n|-terastallize|p2a: Amide|Psychic\n|move|p2b: Acidic Chloride|Rock Slide|p1a: Diancie|[spread] p1a,p1b\n|-damage|p1a: Diancie|81\/100\n|-damage|p1b: Ogerpon|85\/100\n|cant|p1a: Diancie|flinch\n|move|p2a: Amide|Expanding Force|p1a: Diancie|[spread] p1a,p1b\n|-damage|p1a: Diancie|0 fnt\n|-damage|p1b: Ogerpon|0 fnt\n|faint|p1a: Diancie\n|faint|p1b: Ogerpon\n|\n|-ability|p2b: Acidic Chloride|Speed Boost|boost\n|-boost|p2b: Acidic Chloride|spe|1\n|upkeep\n|\n|t:|1699062009\n|switch|p1a: Incineroar|Incineroar, F|100\/100\n|switch|p1b: Flutter Mane|Flutter Mane|100\/100\n|-ability|p1a: Incineroar|Intimidate|boost\n|-unboost|p2a: Amide|atk|1\n|-unboost|p2b: Acidic Chloride|atk|1\n|turn|9\n|\n|t:|1699062022\n|move|p2b: Acidic Chloride|Rock Slide|p1a: Incineroar|[spread] p1a,p1b\n|-supereffective|p1a: Incineroar\n|-damage|p1a: Incineroar|85\/100\n|-damage|p1b: Flutter Mane|76\/100\n|move|p1b: Flutter Mane|Dazzling Gleam|p2a: Amide|[spread] p2a,p2b\n|-resisted|p2b: Acidic Chloride\n|-damage|p2a: Amide|45\/100\n|-damage|p2b: Acidic Chloride|0 fnt\n|faint|p2b: Acidic Chloride\n|move|p2a: Amide|Expanding Force|p1a: Incineroar|[spread] p1b\n|-immune|p1a: Incineroar\n|-damage|p1b: Flutter Mane|0 fnt\n|faint|p1b: Flutter Mane\n|-end|p1b: Flutter Mane|Protosynthesis|[silent]\n|cant|p1a: Incineroar|flinch\n|\n|upkeep\n|\n|t:|1699062035\n|switch|p1b: Landorus|Landorus-Therian, M|8\/100 tox\n|switch|p2b: Ketone|Krookodile, M|100\/100\n|-damage|p2b: Ketone|94\/100|[from] Stealth Rock\n|-ability|p1b: Landorus|Intimidate|boost\n|-unboost|p2a: Amide|atk|1\n|-unboost|p2b: Ketone|atk|1\n|turn|10\n|\n|t:|1699062057\n|move|p2b: Ketone|Brick Break|p1a: Incineroar\n|-supereffective|p1a: Incineroar\n|-damage|p1a: Incineroar|64\/100\n|move|p1b: Landorus|U-turn|p2b: Ketone\n|-supereffective|p2b: Ketone\n|-damage|p2b: Ketone|28\/100\n|move|p2a: Amide|Expanding Force|p1b: Landorus|[spread] p1b\n|-immune|p1a: Incineroar\n|-damage|p1b: Landorus|0 fnt\n|faint|p1b: Landorus\n|move|p1a: Incineroar|Knock Off|p2a: Amide\n|-supereffective|p2a: Amide\n|-damage|p2a: Amide|0 fnt\n|-enditem|p2a: Amide|Choice Specs|[from] move: Knock Off|[of] p1a: Incineroar\n|faint|p2a: Amide\n|\n|upkeep\n|turn|11\n|\n|t:|1699062084\n|move|p2b: Ketone|Brick Break|p1a: Incineroar\n|-supereffective|p1a: Incineroar\n|-damage|p1a: Incineroar|40\/100\n|move|p1a: Incineroar|Knock Off|p2b: Ketone\n|-resisted|p2b: Ketone\n|-damage|p2b: Ketone|4\/100\n|-enditem|p2b: Ketone|Choice Scarf|[from] move: Knock Off|[of] p1a: Incineroar\n|\n|upkeep\n|turn|12\n|\n|t:|1699062095\n|-terastallize|p1a: Incineroar|Fire\n|move|p2b: Ketone|Earthquake|p1a: Incineroar\n|-supereffective|p1a: Incineroar\n|-damage|p1a: Incineroar|0 fnt\n|faint|p1a: Incineroar\n|\n|win|delicioustree\n|raw|sleepfanning's rating: 1224 &rarr; <strong>1197<\/strong><br \/>(-27 for losing)\n|raw|delicioustree's rating: 1199 &rarr; <strong>1226<\/strong><br \/>(+27 for winning)\n|l|\u2606sleepfanning\n","uploadtime":1699062117,"views":12,"p1id":"sleepfanning","p2id":"delicioustree","formatid":"gen9nationaldexdoubles","rating":1197,"private":0,"password":""}