{"id":"gen9nationaldexdoubles-1991772309","p1":"Penter","p2":"Smudge","format":"[Gen 9] National Dex Doubles","log":"|j|\u2606Penter\n|j|\u2606Smudge\n|t:|1700114531\n|gametype|doubles\n|player|p1|Penter|n|\n|player|p2|Smudge|#dwcopiii|\n|teamsize|p1|6\n|teamsize|p2|6\n|gen|9\n|tier|[Gen 9] National Dex Doubles\n|rated|Tournament battle\n|rule|HP Percentage Mod: HP is shown in percentages\n|rule|Endless Battle Clause: Forcing endless battles is banned\n|rule|OHKO Clause: OHKO moves are banned\n|rule|Evasion Moves Clause: Evasion moves are banned\n|rule|Evasion Abilities Clause: Evasion abilities are banned\n|rule|Species Clause: Limit one of each Pok\u00e9mon\n|rule|Gravity Sleep Clause: The combination of sleep-inducing moves with imperfect accuracy and Gravity or Gigantamax Orbeetle are banned\n|clearpoke\n|poke|p1|Calyrex-Ice|\n|poke|p1|Grimmsnarl, M|\n|poke|p1|Zacian-*|\n|poke|p1|Yveltal|\n|poke|p1|Rayquaza|\n|poke|p1|Zygarde|\n|poke|p2|Miraidon|\n|poke|p2|Necrozma-Dusk-Mane|\n|poke|p2|Groudon|\n|poke|p2|Zygarde|\n|poke|p2|Koraidon|\n|poke|p2|Whimsicott, F|\n|teampreview\n|inactive|Battle timer is ON: inactive players will automatically lose when time's up. (requested by Smudge)\n|c|\u2606Smudge|hf\n|c|\u2606Penter|glgl\n|j| Schister\n|j| eragon11145\n|inactive|Penter has 120 seconds left.\n|inactive|Smudge has 120 seconds left.\n|j| SquidSpring\n|inactive|Penter has 90 seconds left.\n|inactive|Smudge has 90 seconds left.\n|\n|t:|1700114602\n|start\n|switch|p1a: Calyrex|Calyrex-Ice|100\/100\n|switch|p1b: Rayquaza|Rayquaza|100\/100\n|switch|p2a: Zygarde|Zygarde, shiny|100\/100\n|switch|p2b: Whimsicott|Whimsicott, F, shiny|100\/100\n|-ability|p1a: Calyrex|As One\n|-ability|p1a: Calyrex|Unnerve\n|-ability|p1b: Rayquaza|Air Lock\n|turn|1\n|inactive|Penter has 120 seconds left.\n|j| toed cool\n|j| Test Bots\n|\n|t:|1700114648\n|-terastallize|p2a: Zygarde|Fairy\n|move|p2b: Whimsicott|Protect|p2b: Whimsicott\n|-singleturn|p2b: Whimsicott|Protect\n|move|p1b: Rayquaza|Protect|p1b: Rayquaza\n|-singleturn|p1b: Rayquaza|Protect\n|move|p2a: Zygarde|Substitute|p2a: Zygarde\n|-start|p2a: Zygarde|Substitute\n|-damage|p2a: Zygarde|75\/100\n|move|p1a: Calyrex|Trick Room|p1a: Calyrex\n|-fieldstart|move: Trick Room|[of] p1a: Calyrex\n|\n|-heal|p2a: Zygarde|82\/100|[from] item: Leftovers\n|upkeep\n|turn|2\n|l| toed cool\n|inactive|Penter has 120 seconds left.\n|l| Test Bots\n|inactive|Penter has 90 seconds left.\n|\n|t:|1700114716\n|detailschange|p1b: Rayquaza|Rayquaza-Mega\n|-mega|p1b: Rayquaza|Rayquaza|\n|-weather|DeltaStream|[from] ability: Delta Stream|[of] p1b: Rayquaza\n|move|p2b: Whimsicott|Encore|p1a: Calyrex\n|-start|p1a: Calyrex|Encore\n|-enditem|p1a: Calyrex|Mental Herb\n|-end|p1a: Calyrex|Encore\n|move|p1a: Calyrex|Glacial Lance|p2a: Zygarde|[spread] p2a,p2b\n|-end|p2a: Zygarde|Substitute\n|-supereffective|p2b: Whimsicott\n|-enditem|p2b: Whimsicott|Focus Sash\n|-damage|p2b: Whimsicott|1\/100\n|move|p2a: Zygarde|Thousand Waves|p1b: Rayquaza|[spread] p1a\n|-immune|p1b: Rayquaza\n|-damage|p1a: Calyrex|80\/100\n|-activate|p1a: Calyrex|trapped\n|move|p1b: Rayquaza|V-create|p2b: Whimsicott\n|-supereffective|p2b: Whimsicott\n|-damage|p2b: Whimsicott|0 fnt\n|-unboost|p1b: Rayquaza|spe|1\n|-unboost|p1b: Rayquaza|def|1\n|-unboost|p1b: Rayquaza|spd|1\n|faint|p2b: Whimsicott\n|\n|-weather|DeltaStream|[upkeep]\n|-heal|p2a: Zygarde|88\/100|[from] item: Leftovers\n|upkeep\n|inactive|Smudge has 120 seconds left.\n|inactive|Smudge has 90 seconds left.\n|\n|t:|1700114756\n|switch|p2b: Groudon|Groudon|100\/100\n|detailschange|p2b: Groudon|Groudon-Primal\n|-primal|p2b: Groudon|Red Orb\n|-weather|DesolateLand|[from] ability: Desolate Land|[of] p2b: Groudon\n|turn|3\n|inactive|Penter has 90 seconds left.\n|inactive|Smudge has 90 seconds left.\n|inactive|Penter has 60 seconds left.\n|\n|t:|1700114804\n|-terastallize|p1a: Calyrex|Water\n|move|p2b: Groudon|Protect|p2b: Groudon\n|-singleturn|p2b: Groudon|Protect\n|move|p1a: Calyrex|Glacial Lance|p2b: Groudon|[spread] p2a\n|-activate|p2b: Groudon|move: Protect\n|-damage|p2a: Zygarde|38\/100\n|move|p1b: Rayquaza|V-create|p2a: Zygarde\n|-damage|p2a: Zygarde|0 fnt\n|-unboost|p1b: Rayquaza|spe|1\n|-unboost|p1b: Rayquaza|def|1\n|-unboost|p1b: Rayquaza|spd|1\n|faint|p2a: Zygarde\n|\n|-weather|DesolateLand|[upkeep]\n|upkeep\n|\n|t:|1700114818\n|switch|p2a: Koraidon|Koraidon|100\/100\n|-ability|p2a: Koraidon|Orichalcum Pulse|[from] desolateland|[fail]\n|turn|4\n|\n|t:|1700114839\n|switch|p2a: Necrozma|Necrozma-Dusk-Mane, shiny|100\/100\n|move|p1a: Calyrex|Glacial Lance|p2a: Necrozma|[spread] p2a,p2b\n|-resisted|p2a: Necrozma\n|-damage|p2a: Necrozma|79\/100\n|-damage|p2b: Groudon|61\/100\n|move|p1b: Rayquaza|Dragon Ascent|p2a: Necrozma\n|-resisted|p2a: Necrozma\n|-damage|p2a: Necrozma|47\/100\n|-unboost|p1b: Rayquaza|def|1\n|-unboost|p1b: Rayquaza|spd|1\n|move|p2b: Groudon|Precipice Blades|p1a: Calyrex|[spread] \n|-immune|p1b: Rayquaza\n|-miss|p2b: Groudon|p1a: Calyrex\n|\n|-weather|DesolateLand|[upkeep]\n|upkeep\n|turn|5\n|inactive|Penter has 90 seconds left.\n|j| Test Bots\n|j| doubo poolparty\n|inactive|Smudge has 90 seconds left.\n|inactive|Penter has 60 seconds left.\n|\n|t:|1700114875\n|switch|p2a: Koraidon|Koraidon|100\/100\n|-ability|p2a: Koraidon|Orichalcum Pulse|[from] desolateland|[fail]\n|move|p2b: Groudon|Protect|p2b: Groudon\n|-singleturn|p2b: Groudon|Protect\n|move|p1a: Calyrex|Glacial Lance|p2a: Koraidon|[spread] p2a\n|-activate|p2b: Groudon|move: Protect\n|-supereffective|p2a: Koraidon\n|-damage|p2a: Koraidon|0 fnt\n|faint|p2a: Koraidon\n|-ability|p1a: Calyrex|Chilling Neigh|boost\n|-boost|p1a: Calyrex|atk|1\n|move|p1b: Rayquaza|V-create|p2b: Groudon\n|-activate|p2b: Groudon|move: Protect\n|\n|-weather|DesolateLand|[upkeep]\n|-fieldend|move: Trick Room\n|upkeep\n|\n|t:|1700114884\n|switch|p2a: Miraidon|Miraidon|100\/100\n|-fieldstart|move: Electric Terrain|[from] ability: Hadron Engine|[of] p2a: Miraidon\n|turn|6\n|inactive|Smudge has 90 seconds left.\n|inactive|Penter has 60 seconds left.\n|\n|t:|1700114928\n|switch|p1b: Zygarde|Zygarde|100\/100\n|move|p2a: Miraidon|Volt Switch|p1b: Zygarde\n|-immune|p1b: Zygarde\n|move|p2b: Groudon|Precipice Blades|p1b: Zygarde|[spread] p1a\n|-miss|p2b: Groudon|p1b: Zygarde\n|-damage|p1a: Calyrex|42\/100\n|move|p1a: Calyrex|Glacial Lance|p2a: Miraidon|[spread] p2a,p2b\n|-supereffective|p2a: Miraidon\n|-damage|p2a: Miraidon|0 fnt\n|-damage|p2b: Groudon|8\/100\n|faint|p2a: Miraidon\n|-ability|p1a: Calyrex|Chilling Neigh|boost\n|-boost|p1a: Calyrex|atk|1\n|\n|-weather|DesolateLand|[upkeep]\n|upkeep\n|\n|t:|1700114942\n|switch|p2a: Necrozma|Necrozma-Dusk-Mane, shiny|47\/100\n|turn|7\n|\n|t:|1700114970\n|move|p1b: Zygarde|Dragon Dance|p1b: Zygarde\n|-boost|p1b: Zygarde|atk|1\n|-boost|p1b: Zygarde|spe|1\n|move|p2b: Groudon|Precipice Blades|p1b: Zygarde|[spread] p1a,p1b\n|-damage|p1a: Calyrex|2\/100\n|-damage|p1b: Zygarde|53\/100\n|move|p2a: Necrozma|Morning Sun|p2a: Necrozma\n|-heal|p2a: Necrozma|100\/100\n|move|p1a: Calyrex|Glacial Lance|p2a: Necrozma|[spread] p2a,p2b\n|-resisted|p2a: Necrozma\n|-damage|p2a: Necrozma|54\/100\n|-damage|p2b: Groudon|0 fnt\n|faint|p2b: Groudon\n|-weather|none\n|-ability|p1a: Calyrex|Chilling Neigh|boost\n|-boost|p1a: Calyrex|atk|1\n|\n|upkeep\n|turn|8\n|\n|t:|1700114988\n|move|p1b: Zygarde|Thousand Arrows|p2a: Necrozma\n|-supereffective|p2a: Necrozma\n|-damage|p2a: Necrozma|0 fnt\n|faint|p2a: Necrozma\n|\n|win|Penter\n|n|\u2606Penter|penter\n|n|\u2606Smudge|smudge\n|n| Schister|schister\n|n| eragon11145|eragon11145\n|n| SquidSpring|squidspring\n|n| Test Bots|testbots\n|n| doubo poolparty|doubopoolparty\n|c|\u2606Smudge|gg\n|c|\u2606Penter|gg\n|l| doubo poolparty\n|l|\u2606Penter\n|l| Schister\n|l| eragon11145\n|l| Test Bots\n","uploadtime":1700114989,"views":10,"p1id":"penter","p2id":"smudge","formatid":"gen9nationaldexdoubles","rating":0,"private":0,"password":""}