{"id":"gen9nationaldexdoubles-1982175525","p1":"El nuevo meta","p2":"AdvancedDigit","format":"[Gen 9] National Dex Doubles","log":"|j|\u2606El nuevo meta\n|j|\u2606AdvancedDigit\n|t:|1698975729\n|gametype|doubles\n|player|p1|El nuevo meta|palmer|1381\n|player|p2|AdvancedDigit|nate|1397\n|teamsize|p1|6\n|teamsize|p2|6\n|gen|9\n|tier|[Gen 9] National Dex Doubles\n|rated|\n|rule|HP Percentage Mod: HP is shown in percentages\n|rule|Endless Battle Clause: Forcing endless battles is banned\n|rule|OHKO Clause: OHKO moves are banned\n|rule|Evasion Moves Clause: Evasion moves are banned\n|rule|Evasion Abilities Clause: Evasion abilities are banned\n|rule|Species Clause: Limit one of each Pok\u00e9mon\n|rule|Gravity Sleep Clause: The combination of sleep-inducing moves with imperfect accuracy and Gravity or Gigantamax Orbeetle are banned\n|clearpoke\n|poke|p1|Dugtrio, M|\n|poke|p1|Gothitelle, F|\n|poke|p1|Slaking, F|\n|poke|p1|Riolu, M|\n|poke|p1|Sneasler, F|\n|poke|p1|Volcarona, M|\n|poke|p2|Lilligant-Hisui, F|\n|poke|p2|Grafaiai, M|\n|poke|p2|Malamar, F|\n|poke|p2|Indeedee-F, F|\n|poke|p2|Charizard, F|\n|poke|p2|Garchomp, M|\n|teampreview\n|c|\u2606AdvancedDigit|hi again\n|\n|t:|1698975752\n|start\n|switch|p1a: Gothitelle|Gothitelle, F|100\/100\n|switch|p1b: Dugtrio|Dugtrio, M|100\/100\n|switch|p2a: Grafaiai|Grafaiai, M|100\/100\n|switch|p2b: Malamar|Malamar, F|100\/100\n|turn|1\n|\n|t:|1698975776\n|switch|p1b: Slaking|Slaking, F|100\/100\n|move|p2a: Grafaiai|Parting Shot|p2b: Malamar\n|-boost|p2b: Malamar|atk|1\n|-boost|p2b: Malamar|spa|1\n|\n|t:|1698975785\n|switch|p2a: Indeedee|Indeedee-F, F|100\/100|[from] Parting Shot\n|move|p2b: Malamar|Superpower|p1b: Slaking\n|-supereffective|p1b: Slaking\n|-damage|p1b: Slaking|12\/100\n|-boost|p2b: Malamar|atk|1\n|-boost|p2b: Malamar|def|1\n|move|p1a: Gothitelle|Skill Swap|p1b: Slaking\n|-activate|p1a: Gothitelle|move: Skill Swap|||[of] p1b: Slaking\n|\n|upkeep\n|turn|2\n|\n|t:|1698975812\n|switch|p1a: Volcarona|Volcarona, M|100\/100\n|move|p1b: Slaking|Protect|p1b: Slaking\n|-singleturn|p1b: Slaking|Protect\n|move|p2a: Indeedee|Follow Me|p2a: Indeedee\n|-singleturn|p2a: Indeedee|move: Follow Me\n|move|p2b: Malamar|Rock Slide|p1a: Volcarona|[spread] p1a\n|-activate|p1b: Slaking|move: Protect\n|-supereffective|p1a: Volcarona\n|-damage|p1a: Volcarona|0 fnt\n|faint|p1a: Volcarona\n|\n|upkeep\n|c|\u2606AdvancedDigit|omg damn\n|\n|t:|1698975827\n|switch|p1a: Riolu|Riolu, M|100\/100\n|turn|3\n|\n|t:|1698975835\n|move|p2a: Indeedee|Follow Me|p2a: Indeedee\n|-singleturn|p2a: Indeedee|move: Follow Me\n|move|p1a: Riolu|Coaching|p1b: Slaking\n|-boost|p1b: Slaking|atk|1\n|-boost|p1b: Slaking|def|1\n|move|p1b: Slaking|Return|p2a: Indeedee\n|-damage|p2a: Indeedee|0 fnt\n|faint|p2a: Indeedee\n|move|p2b: Malamar|Rock Slide|p1a: Riolu|[spread] p1a,p1b\n|-resisted|p1a: Riolu\n|-crit|p1a: Riolu\n|-damage|p1a: Riolu|43\/100\n|-damage|p1b: Slaking|0 fnt\n|faint|p1b: Slaking\n|\n|upkeep\n|\n|t:|1698975846\n|switch|p1b: Sneasler|Sneasler, F|100\/100\n|switch|p2a: Grafaiai|Grafaiai, M|100\/100\n|turn|4\n|\n|t:|1698975855\n|move|p2b: Malamar|Protect|p2b: Malamar\n|-singleturn|p2b: Malamar|Protect\n|move|p1b: Sneasler|Fake Out|p2a: Grafaiai\n|-enditem|p1b: Sneasler|Normal Gem|[from] gem\n|-damage|p2a: Grafaiai|70\/100\n|move|p1a: Riolu|Coaching|p1b: Sneasler\n|-boost|p1b: Sneasler|atk|1\n|-boost|p1b: Sneasler|def|1\n|cant|p2a: Grafaiai|flinch\n|\n|upkeep\n|turn|5\n|\n|t:|1698975874\n|move|p1a: Riolu|Quick Guard|p1a: Riolu\n|-singleturn|p1a: Riolu|Quick Guard\n|move|p2a: Grafaiai|Parting Shot|p2b: Malamar\n|-boost|p2b: Malamar|atk|1\n|-boost|p2b: Malamar|spa|1\n|\n|t:|1698975881\n|switch|p2a: Charizard|Charizard, F|100\/100|[from] Parting Shot\n|move|p1b: Sneasler|Dire Claw|p2b: Malamar\n|-damage|p2b: Malamar|52\/100\n|move|p2b: Malamar|Rock Slide|p1a: Riolu|[spread] p1a,p1b\n|-resisted|p1a: Riolu\n|-resisted|p1b: Sneasler\n|-damage|p1a: Riolu|0 fnt\n|-damage|p1b: Sneasler|75\/100\n|faint|p1a: Riolu\n|\n|-heal|p2b: Malamar|58\/100|[from] item: Leftovers\n|upkeep\n|\n|t:|1698975889\n|switch|p1a: Dugtrio|Dugtrio, M|100\/100\n|turn|6\n|\n|t:|1698975901\n|detailschange|p2a: Charizard|Charizard-Mega-Y, F\n|-mega|p2a: Charizard|Charizard|Charizardite Y\n|-weather|SunnyDay|[from] ability: Drought|[of] p2a: Charizard\n|move|p1b: Sneasler|Dire Claw|p2b: Malamar\n|-damage|p2b: Malamar|11\/100\n|-status|p2b: Malamar|slp\n|move|p1a: Dugtrio|Rock Tomb|p2a: Charizard\n|-supereffective|p2a: Charizard\n|-damage|p2a: Charizard|32\/100\n|-unboost|p2a: Charizard|spe|1\n|move|p2a: Charizard|Heat Wave|p1a: Dugtrio|[spread] p1a,p1b\n|-enditem|p1a: Dugtrio|Focus Sash\n|-damage|p1a: Dugtrio|1\/100\n|-damage|p1b: Sneasler|0 fnt\n|faint|p1b: Sneasler\n|cant|p2b: Malamar|slp\n|\n|-weather|SunnyDay|[upkeep]\n|-heal|p2b: Malamar|17\/100 slp|[from] item: Leftovers\n|upkeep\n|c|\u2606AdvancedDigit|bruh\n|\n|t:|1698975914\n|switch|p1b: Gothitelle|Gothitelle, F|100\/100\n|turn|7\n|\n|t:|1698975919\n|cant|p2b: Malamar|slp\n|move|p1b: Gothitelle|Fake Out|p2b: Malamar\n|-damage|p2b: Malamar|12\/100 slp\n|move|p1a: Dugtrio|Rock Tomb|p2a: Charizard\n|-supereffective|p2a: Charizard\n|-damage|p2a: Charizard|0 fnt\n|faint|p2a: Charizard\n|\n|-weather|SunnyDay|[upkeep]\n|-heal|p2b: Malamar|19\/100 slp|[from] item: Leftovers\n|upkeep\n|\n|t:|1698975922\n|switch|p2a: Lilligant|Lilligant-Hisui, F|100\/100\n|turn|8\n|\n|t:|1698975934\n|cant|p2b: Malamar|slp\n|move|p2a: Lilligant|Leaf Blade|p1a: Dugtrio\n|-supereffective|p1a: Dugtrio\n|-damage|p1a: Dugtrio|0 fnt\n|faint|p1a: Dugtrio\n|move|p1b: Gothitelle|Charm|p2b: Malamar\n|-boost|p2b: Malamar|atk|2\n|\n|-weather|SunnyDay|[upkeep]\n|-heal|p2b: Malamar|25\/100 slp|[from] item: Leftovers\n|upkeep\n|turn|9\n|c|\u2606AdvancedDigit|gg\n|\n|t:|1698975942\n|-terastallize|p2a: Lilligant|Grass\n|move|p2a: Lilligant|Leaf Blade|p1b: Gothitelle\n|-damage|p1b: Gothitelle|53\/100\n|-curestatus|p2b: Malamar|slp|[msg]\n|move|p2b: Malamar|Knock Off|p1b: Gothitelle\n|-supereffective|p1b: Gothitelle\n|-damage|p1b: Gothitelle|0 fnt\n|-enditem|p1b: Gothitelle|Mental Herb|[from] move: Knock Off|[of] p2b: Malamar\n|faint|p1b: Gothitelle\n|\n|win|AdvancedDigit\n|raw|El nuevo meta's rating: 1381 &rarr; <strong>1362<\/strong><br \/>(-19 for losing)\n|raw|AdvancedDigit's rating: 1397 &rarr; <strong>1416<\/strong><br \/>(+19 for winning)\n|l|\u2606El nuevo meta\n","uploadtime":1698975950,"views":5,"p1id":"elnuevometa","p2id":"advanceddigit","formatid":"gen9nationaldexdoubles","rating":1362,"private":0,"password":""}