{"id":"gen9nationaldexdoubles-1962280999","p1":"Slash Death","p2":"eragon11145","format":"[Gen 9] National Dex Doubles","log":"|j|\u2606Slash Death\n|j|\u2606eragon11145\n|t:|1696726371\n|gametype|doubles\n|player|p1|Slash Death|unknown|\n|player|p2|eragon11145|#dwcopiii|\n|teamsize|p1|6\n|teamsize|p2|6\n|gen|9\n|tier|[Gen 9] National Dex Doubles\n|rated|Tournament battle\n|rule|HP Percentage Mod: HP is shown in percentages\n|rule|Endless Battle Clause: Forcing endless battles is banned\n|rule|OHKO Clause: OHKO moves are banned\n|rule|Evasion Moves Clause: Evasion moves are banned\n|rule|Evasion Abilities Clause: Evasion abilities are banned\n|rule|Species Clause: Limit one of each Pok\u00e9mon\n|rule|Gravity Sleep Clause: The combination of sleep-inducing moves with imperfect accuracy and Gravity or Gigantamax Orbeetle are banned\n|clearpoke\n|poke|p1|Deoxys-Speed|\n|poke|p1|Chien-Pao|\n|poke|p1|Urshifu-*, M|\n|poke|p1|Rillaboom, F|\n|poke|p1|Kingambit, F|\n|poke|p1|Salamence, M|\n|poke|p2|Tyranitar, F|\n|poke|p2|Excadrill, M|\n|poke|p2|Tornadus, M|\n|poke|p2|Ogerpon, F|\n|poke|p2|Dracovish|\n|poke|p2|Flutter Mane|\n|teampreview\n|inactive|Battle timer is ON: inactive players will automatically lose when time's up. (requested by eragon11145)\n|j| cornpopbad\n|\n|t:|1696726388\n|start\n|switch|p1a: Rillaboom|Rillaboom, F|100\/100\n|switch|p1b: Urshifu|Urshifu-Rapid-Strike, M|100\/100\n|switch|p2a: Ogerpon|Ogerpon, F|100\/100\n|switch|p2b: Flutter Mane|Flutter Mane|100\/100\n|-fieldstart|move: Grassy Terrain|[from] ability: Grassy Surge|[of] p1a: Rillaboom\n|turn|1\n|\n|t:|1696726404\n|-terastallize|p1a: Rillaboom|Grass\n|move|p1b: Urshifu|Protect|p1b: Urshifu\n|-singleturn|p1b: Urshifu|Protect\n|move|p2a: Ogerpon|Follow Me|p2a: Ogerpon\n|-singleturn|p2a: Ogerpon|move: Follow Me\n|move|p1a: Rillaboom|Grassy Glide|p2a: Ogerpon\n|-resisted|p2a: Ogerpon\n|-damage|p2a: Ogerpon|78\/100\n|move|p2b: Flutter Mane|Dazzling Gleam|p1b: Urshifu|[spread] p1a\n|-activate|p1b: Urshifu|move: Protect\n|-damage|p1a: Rillaboom|65\/100\n|\n|-heal|p2a: Ogerpon|84\/100|[from] Grassy Terrain\n|-heal|p1a: Rillaboom|72\/100|[from] Grassy Terrain\n|upkeep\n|turn|2\n|\n|t:|1696726429\n|-end|p2b: Flutter Mane|Protosynthesis|[silent]\n|switch|p2b: Tornadus|Tornadus, M|100\/100\n|switch|p1b: Deoxys|Deoxys-Speed|100\/100\n|-ability|p1b: Deoxys|Pressure\n|move|p1a: Rillaboom|Grassy Glide|p2b: Tornadus\n|-resisted|p2b: Tornadus\n|-damage|p2b: Tornadus|67\/100\n|move|p2a: Ogerpon|Ivy Cudgel|p1b: Deoxys\n|-damage|p1b: Deoxys|25\/100\n|\n|-heal|p1b: Deoxys|32\/100|[from] Grassy Terrain\n|-heal|p2a: Ogerpon|90\/100|[from] Grassy Terrain\n|-heal|p1a: Rillaboom|78\/100|[from] Grassy Terrain\n|upkeep\n|turn|3\n|\n|t:|1696726458\n|switch|p1a: Kingambit|Kingambit, F|100\/100\n|move|p2b: Tornadus|Tailwind|p2b: Tornadus\n|-sidestart|p2: eragon11145|move: Tailwind\n|move|p2a: Ogerpon|Ivy Cudgel|p1b: Deoxys\n|-damage|p1b: Deoxys|0 fnt\n|faint|p1b: Deoxys\n|\n|-heal|p2a: Ogerpon|96\/100|[from] Grassy Terrain\n|upkeep\n|inactive|Slash Death has 120 seconds left.\n|\n|t:|1696726469\n|switch|p1b: Chien-Pao|Chien-Pao|100\/100\n|-ability|p1b: Chien-Pao|Sword of Ruin\n|turn|4\n|\n|t:|1696726479\n|move|p2b: Tornadus|Bleakwind Storm|p1b: Chien-Pao|[spread] p1a,p1b\n|-resisted|p1a: Kingambit\n|-crit|p1b: Chien-Pao\n|-damage|p1a: Kingambit|89\/100\n|-damage|p1b: Chien-Pao|7\/100\n|move|p2a: Ogerpon|Ivy Cudgel|p1b: Chien-Pao\n|-damage|p1b: Chien-Pao|0 fnt\n|faint|p1b: Chien-Pao\n|move|p1a: Kingambit|Knock Off|p2b: Tornadus\n|-damage|p2b: Tornadus|0 fnt\n|-enditem|p2b: Tornadus|Covert Cloak|[from] move: Knock Off|[of] p1a: Kingambit\n|faint|p2b: Tornadus\n|\n|-heal|p2a: Ogerpon|100\/100|[from] Grassy Terrain\n|-heal|p1a: Kingambit|95\/100|[from] Grassy Terrain\n|upkeep\n|\n|t:|1696726488\n|switch|p1b: Salamence|Salamence, M|100\/100\n|switch|p2b: Excadrill|Excadrill, M|100\/100\n|-ability|p1b: Salamence|Intimidate|boost\n|-unboost|p2a: Ogerpon|atk|1\n|-ability|p2a: Ogerpon|Defiant|boost\n|-boost|p2a: Ogerpon|atk|2\n|-unboost|p2b: Excadrill|atk|1\n|turn|5\n|inactive|Slash Death has 120 seconds left.\n|\n|t:|1696726530\n|switch|p2a: Tyranitar|Tyranitar, F|100\/100\n|-weather|Sandstorm|[from] ability: Sand Stream|[of] p2a: Tyranitar\n|detailschange|p1b: Salamence|Salamence-Mega, M\n|-mega|p1b: Salamence|Salamence|Salamencite\n|move|p1a: Kingambit|Sucker Punch||[still]\n|-fail|p1a: Kingambit\n|move|p2b: Excadrill|High Horsepower|p1a: Kingambit\n|-supereffective|p1a: Kingambit\n|-damage|p1a: Kingambit|27\/100\n|-damage|p2b: Excadrill|91\/100|[from] item: Life Orb\n|move|p1b: Salamence|Double-Edge|p2a: Tyranitar\n|-resisted|p2a: Tyranitar\n|-damage|p2a: Tyranitar|71\/100\n|-damage|p1b: Salamence|88\/100|[from] Recoil\n|\n|-weather|Sandstorm|[upkeep]\n|-damage|p1b: Salamence|82\/100|[from] Sandstorm\n|-heal|p2b: Excadrill|97\/100|[from] Grassy Terrain\n|-heal|p2a: Tyranitar|77\/100|[from] Grassy Terrain\n|-heal|p1a: Kingambit|33\/100|[from] Grassy Terrain\n|-fieldend|move: Grassy Terrain\n|upkeep\n|turn|6\n|inactive|Slash Death has 120 seconds left.\n|\n|t:|1696726554\n|detailschange|p2a: Tyranitar|Tyranitar-Mega, F\n|-mega|p2a: Tyranitar|Tyranitar|Tyranitarite\n|move|p1a: Kingambit|Sucker Punch|p2b: Excadrill\n|-damage|p2b: Excadrill|36\/100\n|move|p2b: Excadrill|High Horsepower|p1a: Kingambit\n|-supereffective|p1a: Kingambit\n|-damage|p1a: Kingambit|0 fnt\n|faint|p1a: Kingambit\n|-damage|p2b: Excadrill|26\/100|[from] item: Life Orb\n|move|p2a: Tyranitar|Rock Slide|p1b: Salamence\n|-supereffective|p1b: Salamence\n|-damage|p1b: Salamence|0 fnt\n|faint|p1b: Salamence\n|\n|-weather|Sandstorm|[upkeep]\n|-sideend|p2: eragon11145|move: Tailwind\n|upkeep\n|\n|t:|1696726559\n|switch|p1b: Urshifu|Urshifu-Rapid-Strike, M|100\/100\n|switch|p1a: Rillaboom|Rillaboom, F, tera:Grass|78\/100\n|-fieldstart|move: Grassy Terrain|[from] ability: Grassy Surge|[of] p1a: Rillaboom\n|turn|7\n|\n|t:|1696726572\n|move|p1b: Urshifu|Aqua Jet|p2b: Excadrill\n|-supereffective|p2b: Excadrill\n|-damage|p2b: Excadrill|0 fnt\n|faint|p2b: Excadrill\n|move|p1a: Rillaboom|Grassy Glide|p2a: Tyranitar\n|-supereffective|p2a: Tyranitar\n|-damage|p2a: Tyranitar|17\/100\n|move|p2a: Tyranitar|Rock Slide|p1b: Urshifu|[spread] p1a,p1b\n|-resisted|p1b: Urshifu\n|-damage|p1a: Rillaboom|47\/100\n|-damage|p1b: Urshifu|83\/100\n|\n|-weather|Sandstorm|[upkeep]\n|-damage|p1b: Urshifu|77\/100|[from] Sandstorm\n|-damage|p1a: Rillaboom|40\/100|[from] Sandstorm\n|-heal|p1b: Urshifu|83\/100|[from] Grassy Terrain\n|-heal|p1a: Rillaboom|47\/100|[from] Grassy Terrain\n|-heal|p2a: Tyranitar|23\/100|[from] Grassy Terrain\n|upkeep\n|\n|t:|1696726588\n|switch|p2b: Dracovish|Dracovish|100\/100\n|turn|8\n|\n|t:|1696726607\n|move|p1b: Urshifu|Aqua Jet|p2a: Tyranitar\n|-supereffective|p2a: Tyranitar\n|-damage|p2a: Tyranitar|0 fnt\n|faint|p2a: Tyranitar\n|move|p1a: Rillaboom|Grassy Glide|p2b: Dracovish\n|-damage|p2b: Dracovish|41\/100\n|move|p2b: Dracovish|Dragon Rush|p1a: Rillaboom\n|-damage|p1a: Rillaboom|0 fnt\n|faint|p1a: Rillaboom\n|-damage|p2b: Dracovish|31\/100|[from] item: Life Orb\n|\n|-weather|Sandstorm|[upkeep]\n|-damage|p1b: Urshifu|77\/100|[from] Sandstorm\n|-heal|p2b: Dracovish|38\/100|[from] Grassy Terrain\n|-heal|p1b: Urshifu|83\/100|[from] Grassy Terrain\n|upkeep\n|\n|t:|1696726616\n|switch|p2a: Ogerpon|Ogerpon, F|100\/100\n|turn|9\n|\n|t:|1696726621\n|move|p2b: Dracovish|Fishious Rend|p1b: Urshifu\n|-resisted|p1b: Urshifu\n|-damage|p1b: Urshifu|37\/100\n|-damage|p2b: Dracovish|28\/100|[from] item: Life Orb\n|move|p1b: Urshifu|Close Combat|p2a: Ogerpon\n|-damage|p2a: Ogerpon|43\/100\n|-unboost|p1b: Urshifu|def|1\n|-unboost|p1b: Urshifu|spd|1\n|move|p2a: Ogerpon|Ivy Cudgel|p1b: Urshifu\n|-supereffective|p1b: Urshifu\n|-damage|p1b: Urshifu|0 fnt\n|faint|p1b: Urshifu\n|\n|win|eragon11145\n|n|\u2606Slash Death|slashdeath\n|n|\u2606eragon11145|eragon11145\n|n| cornpopbad|cornpopbad\n|c|\u2606Slash Death|Gg\n|c|\u2606eragon11145|gg\n|l|\u2606Slash Death\n","uploadtime":1696726729,"views":14,"p1id":"slashdeath","p2id":"eragon11145","formatid":"gen9nationaldexdoubles","rating":0,"private":0,"password":""}