{"id":"gen9nationaldexdoubles-1964401047","p1":"Theadonia","p2":"Mr. Buggy Boy","format":"[Gen 9] National Dex Doubles","log":"|j|\u2606Theadonia\n|j|\u2606Mr. Buggy Boy\n|t:|1696965781\n|gametype|doubles\n|player|p1|Theadonia|caitlin|1059\n|player|p2|Mr. Buggy Boy|bugcatcher-gen4dp|1122\n|teamsize|p1|6\n|teamsize|p2|6\n|gen|9\n|tier|[Gen 9] National Dex Doubles\n|rated|\n|rule|HP Percentage Mod: HP is shown in percentages\n|rule|Endless Battle Clause: Forcing endless battles is banned\n|rule|OHKO Clause: OHKO moves are banned\n|rule|Evasion Moves Clause: Evasion moves are banned\n|rule|Evasion Abilities Clause: Evasion abilities are banned\n|rule|Species Clause: Limit one of each Pok\u00e9mon\n|rule|Gravity Sleep Clause: The combination of sleep-inducing moves with imperfect accuracy and Gravity or Gigantamax Orbeetle are banned\n|clearpoke\n|poke|p1|Delphox, F|\n|poke|p1|Oricorio-Sensu, F|\n|poke|p1|Kommo-o, F|\n|poke|p1|Arctozolt|\n|poke|p1|Zarude-Dada|\n|poke|p1|Swoobat, F|\n|poke|p2|Tyranitar, M|\n|poke|p2|Dracovish|\n|poke|p2|Houndstone, M|\n|poke|p2|Glimmora, F|\n|poke|p2|Ogerpon-Cornerstone, F|\n|poke|p2|Gholdengo|\n|teampreview\n|c|\u2606Mr. Buggy Boy|Howdy! I like your team!\n|\n|t:|1696965796\n|start\n|switch|p1a: Arctozolt|Arctozolt|100\/100\n|switch|p1b: Swoobat|Swoobat, F|100\/100\n|switch|p2a: Godzilla|Tyranitar, M|100\/100\n|switch|p2b: Flower|Glimmora, F|100\/100\n|-item|p2b: Flower|Air Balloon\n|-weather|Sandstorm|[from] ability: Sand Stream|[of] p2a: Godzilla\n|turn|1\n|c|\u2606Theadonia|Thanks! It\u2019s been a fun wip meme team\n|\n|t:|1696965816\n|detailschange|p2a: Godzilla|Tyranitar-Mega, M\n|-mega|p2a: Godzilla|Tyranitar|Tyranitarite\n|move|p1b: Swoobat|Speed Swap|p1a: Arctozolt\n|-activate|p1b: Swoobat|move: Speed Swap|[of] p1a: Arctozolt\n|move|p1a: Arctozolt|Substitute|p1a: Arctozolt\n|-start|p1a: Arctozolt|Substitute\n|-damage|p1a: Arctozolt|75\/100\n|move|p2b: Flower|Stealth Rock|p1b: Swoobat\n|-sidestart|p1: Theadonia|move: Stealth Rock\n|move|p2a: Godzilla|Knock Off|p1b: Swoobat\n|-supereffective|p1b: Swoobat\n|-enditem|p1b: Swoobat|Focus Sash\n|-damage|p1b: Swoobat|1\/100\n|\n|-weather|Sandstorm|[upkeep]\n|-damage|p1a: Arctozolt|69\/100|[from] Sandstorm\n|-damage|p1b: Swoobat|0 fnt|[from] Sandstorm\n|faint|p1b: Swoobat\n|upkeep\n|\n|t:|1696965830\n|switch|p1b: Kommo-o|Kommo-o, F, shiny|100\/100\n|-damage|p1b: Kommo-o|94\/100|[from] Stealth Rock\n|turn|2\n|c|\u2606Mr. Buggy Boy|The best kind\n|\n|t:|1696965845\n|-terastallize|p1a: Arctozolt|Electric\n|move|p1a: Arctozolt|Bolt Beak|p2a: Godzilla\n|-damage|p2a: Godzilla|57\/100\n|-zpower|p1b: Kommo-o\n|move|p1b: Kommo-o|Clangorous Soulblaze|p2b: Flower|[zeffect]|[spread] p2a,p2b\n|-damage|p2a: Godzilla|36\/100\n|-damage|p2b: Flower|67\/100\n|-enditem|p2b: Flower|Air Balloon\n|-boost|p1b: Kommo-o|atk|1\n|-boost|p1b: Kommo-o|def|1\n|-boost|p1b: Kommo-o|spa|1\n|-boost|p1b: Kommo-o|spd|1\n|-boost|p1b: Kommo-o|spe|1\n|move|p2b: Flower|Spikes|p1a: Arctozolt\n|-sidestart|p1: Theadonia|Spikes\n|move|p2a: Godzilla|Dragon Tail|p1b: Kommo-o\n|-supereffective|p1b: Kommo-o\n|-damage|p1b: Kommo-o|69\/100\n|drag|p1b: Delphox|Delphox, F, shiny|100\/100\n|-damage|p1b: Delphox|76\/100|[from] Stealth Rock\n|-damage|p1b: Delphox|63\/100|[from] Spikes\n|\n|-weather|Sandstorm|[upkeep]\n|-damage|p1a: Arctozolt|63\/100|[from] Sandstorm\n|-damage|p1b: Delphox|57\/100|[from] Sandstorm\n|upkeep\n|turn|3\n|c|\u2606Mr. Buggy Boy|See that just wont do\n|c|\u2606Theadonia|Ya know I respect that counter\n|c|\u2606Theadonia|dragon tail is honestly clutch\n|\n|t:|1696965892\n|move|p1a: Arctozolt|Protect|p1a: Arctozolt\n|-singleturn|p1a: Arctozolt|Protect\n|move|p1b: Delphox|Copycat||[still]\n|-fail|p1b: Delphox\n|move|p2b: Flower|Spikes|p1b: Delphox\n|-sidestart|p1: Theadonia|Spikes\n|move|p2a: Godzilla|Stone Edge|p1b: Delphox\n|-supereffective|p1b: Delphox\n|-damage|p1b: Delphox|0 fnt\n|faint|p1b: Delphox\n|\n|-weather|Sandstorm|[upkeep]\n|-damage|p1a: Arctozolt|57\/100|[from] Sandstorm\n|upkeep\n|c|\u2606Theadonia|Ooof\n|\n|t:|1696965903\n|switch|p1b: Kommo-o|Kommo-o, F, shiny|69\/100\n|-damage|p1b: Kommo-o|63\/100|[from] Stealth Rock\n|-damage|p1b: Kommo-o|46\/100|[from] Spikes\n|turn|4\n|c|\u2606Mr. Buggy Boy|Its so underlooked as a move tbh\n|c|\u2606Theadonia|Hella unexpected\n|\n|t:|1696965924\n|move|p1a: Arctozolt|Bolt Beak|p2b: Flower\n|-damage|p2b: Flower|0 fnt\n|-activate|p2b: Flower|ability: Toxic Debris\n|-sidestart|p1: Theadonia|move: Toxic Spikes\n|faint|p2b: Flower\n|move|p1b: Kommo-o|Drain Punch|p2a: Godzilla\n|-supereffective|p2a: Godzilla\n|-damage|p2a: Godzilla|0 fnt\n|-heal|p1b: Kommo-o|67\/100|[from] drain|[of] p2a: Godzilla\n|faint|p2a: Godzilla\n|\n|-weather|Sandstorm|[upkeep]\n|-damage|p1a: Arctozolt|50\/100|[from] Sandstorm\n|-damage|p1b: Kommo-o|61\/100|[from] Sandstorm\n|upkeep\n|c|\u2606Theadonia|and great executionary move\n|\n|t:|1696965942\n|switch|p2b: Ogerpon|Ogerpon-Cornerstone, F|100\/100\n|switch|p2a: Fish|Dracovish|100\/100\n|turn|5\n|\n|t:|1696965957\n|move|p1a: Arctozolt|Protect|p1a: Arctozolt\n|-singleturn|p1a: Arctozolt|Protect\n|move|p2b: Ogerpon|Spiky Shield|p2b: Ogerpon\n|-singleturn|p2b: Ogerpon|move: Protect\n|move|p2a: Fish|Outrage|p1b: Kommo-o\n|-supereffective|p1b: Kommo-o\n|-damage|p1b: Kommo-o|0 fnt\n|faint|p1b: Kommo-o\n|\n|-weather|none\n|upkeep\n|\n|t:|1696965964\n|switch|p1b: Oricorio|Oricorio-Sensu, F, shiny|100\/100\n|-damage|p1b: Oricorio|75\/100|[from] Stealth Rock\n|turn|6\n|\n|t:|1696966003\n|move|p1a: Arctozolt|Bolt Beak|p2a: Fish\n|-damage|p2a: Fish|19\/100\n|move|p2b: Ogerpon|Ivy Cudgel|p1b: Oricorio\n|-supereffective|p1b: Oricorio\n|-crit|p1b: Oricorio\n|-damage|p1b: Oricorio|0 fnt\n|faint|p1b: Oricorio\n|move|p2a: Fish|Outrage|p1a: Arctozolt|[from]lockedmove\n|-end|p1a: Arctozolt|Substitute\n|-start|p2a: Fish|confusion|[fatigue]\n|\n|-heal|p2a: Fish|25\/100|[from] item: Leftovers\n|upkeep\n|\n|t:|1696966015\n|switch|p1b: Zarude|Zarude-Dada|100\/100\n|-damage|p1b: Zarude|88\/100|[from] Stealth Rock\n|-damage|p1b: Zarude|72\/100|[from] Spikes\n|-status|p1b: Zarude|psn\n|turn|7\n|\n|t:|1696966027\n|move|p1a: Arctozolt|Bolt Beak|p2a: Fish\n|-damage|p2a: Fish|0 fnt\n|faint|p2a: Fish\n|move|p1b: Zarude|Jungle Healing|p1b: Zarude|[spread] p1a,p1b\n|-heal|p1a: Arctozolt|75\/100\n|-heal|p1b: Zarude|97\/100 psn\n|-curestatus|p1b: Zarude|psn|[msg]\n|move|p2b: Ogerpon|Play Rough|p1b: Zarude\n|-supereffective|p1b: Zarude\n|-damage|p1b: Zarude|31\/100\n|\n|-heal|p1b: Zarude|37\/100|[from] item: Leftovers\n|upkeep\n|\n|t:|1696966041\n|switch|p2a: Coins|Gholdengo|100\/100\n|turn|8\n|\n|t:|1696966049\n|move|p1a: Arctozolt|Protect|p1a: Arctozolt\n|-singleturn|p1a: Arctozolt|Protect\n|move|p1b: Zarude|Knock Off|p2a: Coins\n|-supereffective|p2a: Coins\n|-damage|p2a: Coins|13\/100\n|-enditem|p2a: Coins|Smooth Rock|[from] move: Knock Off|[of] p1b: Zarude\n|move|p2b: Ogerpon|Play Rough|p1b: Zarude\n|-supereffective|p1b: Zarude\n|-damage|p1b: Zarude|0 fnt\n|faint|p1b: Zarude\n|move|p2a: Coins|Sandstorm|p2a: Coins\n|-weather|Sandstorm\n|\n|-weather|Sandstorm|[upkeep]\n|-damage|p1a: Arctozolt|69\/100|[from] Sandstorm\n|upkeep\n|turn|9\n|\n|t:|1696966067\n|move|p1a: Arctozolt|Blizzard|p2a: Coins|[spread] p2a\n|-miss|p1a: Arctozolt|p2b: Ogerpon\n|-resisted|p2a: Coins\n|-damage|p2a: Coins|2\/100\n|move|p2b: Ogerpon|Ivy Cudgel|p1a: Arctozolt\n|-damage|p1a: Arctozolt|26\/100\n|move|p2a: Coins|Power Gem|p1a: Arctozolt\n|-damage|p1a: Arctozolt|3\/100\n|-enditem|p1a: Arctozolt|Aguav Berry|[eat]\n|-heal|p1a: Arctozolt|36\/100|[from] item: Aguav Berry\n|\n|-weather|Sandstorm|[upkeep]\n|-damage|p1a: Arctozolt|30\/100|[from] Sandstorm\n|upkeep\n|turn|10\n|c|\u2606Theadonia|Ggwp homie :)\n|c|\u2606Mr. Buggy Boy|The berry clutch\n|c|\u2606Mr. Buggy Boy|I believe in you\n|\n|t:|1696966093\n|move|p1a: Arctozolt|Blizzard|p2a: Coins|[spread] p2a,p2b\n|-resisted|p2a: Coins\n|-supereffective|p2b: Ogerpon\n|-damage|p2a: Coins|0 fnt\n|-damage|p2b: Ogerpon|63\/100\n|faint|p2a: Coins\n|move|p2b: Ogerpon|Ivy Cudgel|p1a: Arctozolt\n|-damage|p1a: Arctozolt|0 fnt\n|faint|p1a: Arctozolt\n|\n|win|Mr. Buggy Boy\n|raw|Theadonia's rating: 1059 &rarr; <strong>1044<\/strong><br \/>(-15 for losing)\n|raw|Mr. Buggy Boy's rating: 1122 &rarr; <strong>1143<\/strong><br \/>(+21 for winning)\n|c|\u2606Mr. Buggy Boy|Ggwp!\n","uploadtime":1696966104,"views":4,"p1id":"theadonia","p2id":"mrbuggyboy","formatid":"gen9nationaldexdoubles","rating":1044,"private":0,"password":""}