{"id":"gen9nationaldexdoubles-1971337463","p1":"lxvliiz","p2":"TheRarWolf","format":"[Gen 9] National Dex Doubles","log":"|j|\u2606lxvliiz\n|j|\u2606TheRarWolf\n|t:|1697730582\n|gametype|doubles\n|player|p1|lxvliiz|gambler|1106\n|player|p2|TheRarWolf|roxie|1043\n|teamsize|p1|6\n|teamsize|p2|6\n|gen|9\n|tier|[Gen 9] National Dex Doubles\n|rated|\n|rule|HP Percentage Mod: HP is shown in percentages\n|rule|Endless Battle Clause: Forcing endless battles is banned\n|rule|OHKO Clause: OHKO moves are banned\n|rule|Evasion Moves Clause: Evasion moves are banned\n|rule|Evasion Abilities Clause: Evasion abilities are banned\n|rule|Species Clause: Limit one of each Pok\u00e9mon\n|rule|Gravity Sleep Clause: The combination of sleep-inducing moves with imperfect accuracy and Gravity or Gigantamax Orbeetle are banned\n|clearpoke\n|poke|p1|Ogerpon-Hearthflame, F|\n|poke|p1|Volcarona, F|\n|poke|p1|Eevee, M|\n|poke|p1|Altaria, F|\n|poke|p1|Oricorio-Sensu, F|\n|poke|p1|Kommo-o, F|\n|poke|p2|Ribombee, F|\n|poke|p2|Scizor, F|\n|poke|p2|Kricketune, F|\n|poke|p2|Heracross, F|\n|poke|p2|Masquerain, F|\n|poke|p2|Kleavor, M|\n|teampreview\n|\n|t:|1697730588\n|start\n|switch|p1a: Kommo-o|Kommo-o, F|100\/100\n|switch|p1b: Oricorio|Oricorio-Sensu, F|100\/100\n|switch|p2a: Masquerain|Masquerain, F|100\/100\n|switch|p2b: Ribombee|Ribombee, F|100\/100\n|-ability|p2a: Masquerain|Intimidate|boost\n|-unboost|p1a: Kommo-o|atk|1\n|-unboost|p1b: Oricorio|atk|1\n|turn|1\n|inactive|Battle timer is ON: inactive players will automatically lose when time's up. (requested by TheRarWolf)\n|\n|t:|1697730603\n|move|p2b: Ribombee|Moonblast|p1a: Kommo-o\n|-supereffective|p1a: Kommo-o\n|-damage|p1a: Kommo-o|0 fnt\n|faint|p1a: Kommo-o\n|move|p1b: Oricorio|Quiver Dance|p1b: Oricorio\n|-boost|p1b: Oricorio|spa|1\n|-boost|p1b: Oricorio|spd|1\n|-boost|p1b: Oricorio|spe|1\n|move|p2a: Masquerain|Tailwind|p2a: Masquerain\n|-sidestart|p2: TheRarWolf|move: Tailwind\n|\n|upkeep\n|\n|t:|1697730606\n|switch|p1a: Eevee|Eevee, M|100\/100\n|turn|2\n|\n|t:|1697730619\n|move|p2b: Ribombee|Stun Spore|p1b: Oricorio|[miss]\n|-miss|p2b: Ribombee|p1b: Oricorio\n|move|p2a: Masquerain|Struggle Bug|p1a: Eevee|[spread] p1a,p1b\n|-resisted|p1b: Oricorio\n|-damage|p1a: Eevee|71\/100\n|-damage|p1b: Oricorio|96\/100\n|-unboost|p1a: Eevee|spa|1\n|-unboost|p1b: Oricorio|spa|1\n|move|p1b: Oricorio|Revelation Dance|p2b: Ribombee\n|-damage|p2b: Ribombee|37\/100\n|-zpower|p1a: Eevee\n|move|p1a: Eevee|Extreme Evoboost|p1a: Eevee\n|-boost|p1a: Eevee|atk|2\n|-boost|p1a: Eevee|def|2\n|-boost|p1a: Eevee|spa|2\n|-boost|p1a: Eevee|spd|2\n|-boost|p1a: Eevee|spe|2\n|\n|upkeep\n|turn|3\n|\n|t:|1697730640\n|move|p2b: Ribombee|Sticky Web|p1b: Oricorio\n|-sidestart|p1: lxvliiz|move: Sticky Web\n|move|p2a: Masquerain|Struggle Bug|p1a: Eevee|[spread] p1a,p1b\n|-resisted|p1b: Oricorio\n|-damage|p1a: Eevee|55\/100\n|-damage|p1b: Oricorio|92\/100\n|-unboost|p1a: Eevee|spa|1\n|-unboost|p1b: Oricorio|spa|1\n|move|p1a: Eevee|Baton Pass|p1a: Eevee\n|\n|t:|1697730648\n|switch|p1a: Altaria|Altaria, F|100\/100|[from] Baton Pass\n|-ability|p1a: Altaria|Cloud Nine\n|move|p1b: Oricorio|Revelation Dance|p2b: Ribombee\n|-damage|p2b: Ribombee|0 fnt\n|faint|p2b: Ribombee\n|\n|upkeep\n|\n|t:|1697730667\n|switch|p2b: Kleavor|Kleavor, M|100\/100\n|turn|4\n|\n|t:|1697730684\n|detailschange|p1a: Altaria|Altaria-Mega, F\n|-mega|p1a: Altaria|Altaria|Altarianite\n|move|p2a: Masquerain|Protect|p2a: Masquerain\n|-singleturn|p2a: Masquerain|Protect\n|move|p2b: Kleavor|Stone Axe|p1a: Altaria\n|-damage|p1a: Altaria|71\/100\n|-sidestart|p1: lxvliiz|move: Stealth Rock\n|-damage|p2b: Kleavor|91\/100|[from] item: Life Orb\n|move|p1b: Oricorio|Revelation Dance|p2b: Kleavor\n|-damage|p2b: Kleavor|51\/100\n|move|p1a: Altaria|Earthquake|p2b: Kleavor|[spread] p2b\n|-activate|p2a: Masquerain|move: Protect\n|-immune|p1b: Oricorio\n|-damage|p2b: Kleavor|0 fnt\n|faint|p2b: Kleavor\n|\n|-sideend|p2: TheRarWolf|move: Tailwind\n|upkeep\n|\n|t:|1697730692\n|switch|p2b: Scizor|Scizor, F|100\/100\n|turn|5\n|\n|t:|1697730712\n|detailschange|p2b: Scizor|Scizor-Mega, F\n|-mega|p2b: Scizor|Scizor|Scizorite\n|move|p2b: Scizor|Bullet Punch|p1a: Altaria\n|-supereffective|p1a: Altaria\n|-damage|p1a: Altaria|38\/100\n|move|p1b: Oricorio|Revelation Dance|p2b: Scizor\n|-damage|p2b: Scizor|73\/100\n|move|p1a: Altaria|Earthquake|p2a: Masquerain|[spread] p2b\n|-immune|p1b: Oricorio\n|-immune|p2a: Masquerain\n|-damage|p2b: Scizor|44\/100\n|move|p2a: Masquerain|Tailwind|p2a: Masquerain\n|-sidestart|p2: TheRarWolf|move: Tailwind\n|\n|upkeep\n|turn|6\n|\n|t:|1697730730\n|move|p2b: Scizor|Bullet Punch|p1a: Altaria\n|-supereffective|p1a: Altaria\n|-damage|p1a: Altaria|8\/100\n|move|p2a: Masquerain|Struggle Bug|p1b: Oricorio|[spread] p1a,p1b\n|-resisted|p1a: Altaria\n|-resisted|p1b: Oricorio\n|-damage|p1a: Altaria|4\/100\n|-damage|p1b: Oricorio|88\/100\n|-unboost|p1a: Altaria|spa|1\n|-unboost|p1b: Oricorio|spa|1\n|move|p1b: Oricorio|Revelation Dance|p2b: Scizor\n|-damage|p2b: Scizor|24\/100\n|move|p1a: Altaria|Roost|p1a: Altaria\n|-heal|p1a: Altaria|54\/100\n|-singleturn|p1a: Altaria|move: Roost\n|\n|upkeep\n|turn|7\n|\n|t:|1697730749\n|-terastallize|p1b: Oricorio|Ghost\n|move|p2a: Masquerain|Bug Buzz|p1a: Altaria\n|-resisted|p1a: Altaria\n|-damage|p1a: Altaria|46\/100\n|move|p1b: Oricorio|Revelation Dance|p2b: Scizor\n|-damage|p2b: Scizor|1\/100\n|move|p1a: Altaria|Roost|p1a: Altaria\n|-heal|p1a: Altaria|96\/100\n|-singleturn|p1a: Altaria|move: Roost\n|move|p2b: Scizor|Knock Off|p1b: Oricorio\n|-supereffective|p1b: Oricorio\n|-damage|p1b: Oricorio|6\/100\n|\n|upkeep\n|turn|8\n|\n|t:|1697730774\n|move|p2b: Scizor|Bullet Punch|p1a: Altaria\n|-supereffective|p1a: Altaria\n|-damage|p1a: Altaria|63\/100\n|move|p2a: Masquerain|Struggle Bug|p1a: Altaria|[spread] p1a,p1b\n|-resisted|p1a: Altaria\n|-resisted|p1b: Oricorio\n|-damage|p1a: Altaria|60\/100\n|-damage|p1b: Oricorio|0 fnt\n|-unboost|p1a: Altaria|spa|1\n|faint|p1b: Oricorio\n|move|p1a: Altaria|Frustration|p2a: Masquerain\n|-damage|p2a: Masquerain|0 fnt\n|faint|p2a: Masquerain\n|\n|-sideend|p2: TheRarWolf|move: Tailwind\n|upkeep\n|\n|t:|1697730785\n|switch|p1b: Ogerpon|Ogerpon-Hearthflame, F|100\/100\n|switch|p2a: Kricketune|Kricketune, F|100\/100\n|-activate|p1b: Ogerpon|move: Sticky Web\n|-unboost|p1b: Ogerpon|spe|1\n|-damage|p1b: Ogerpon|76\/100|[from] Stealth Rock\n|-ability|p1b: Ogerpon|Mold Breaker\n|turn|9\n|\n|t:|1697730792\n|move|p2b: Scizor|Bullet Punch|p1a: Altaria\n|-supereffective|p1a: Altaria\n|-damage|p1a: Altaria|25\/100\n|move|p1a: Altaria|Earthquake|p2b: Scizor|[spread] p1b,p2a,p2b\n|-resisted|p2a: Kricketune\n|-damage|p1b: Ogerpon|23\/100\n|-damage|p2a: Kricketune|71\/100\n|-damage|p2b: Scizor|0 fnt\n|faint|p2b: Scizor\n|move|p1b: Ogerpon|Ivy Cudgel|p2a: Kricketune\n|-supereffective|p2a: Kricketune\n|-damage|p2a: Kricketune|0 fnt\n|faint|p2a: Kricketune\n|\n|upkeep\n|\n|t:|1697730795\n|switch|p2b: Heracross|Heracross, F|100\/100\n|turn|10\n|\n|t:|1697730803\n|-terastallize|p2b: Heracross|Bug\n|move|p1a: Altaria|Roost|p1a: Altaria\n|-heal|p1a: Altaria|75\/100\n|-singleturn|p1a: Altaria|move: Roost\n|move|p2b: Heracross|Rock Slide|p1b: Ogerpon|[spread] p1a,p1b\n|-supereffective|p1b: Ogerpon\n|-damage|p1a: Altaria|67\/100\n|-damage|p1b: Ogerpon|0 fnt\n|faint|p1b: Ogerpon\n|\n|-status|p2b: Heracross|brn|[from] item: Flame Orb\n|upkeep\n|\n|t:|1697730808\n|switch|p1b: Volcarona|Volcarona, F|100\/100\n|-activate|p1b: Volcarona|move: Sticky Web\n|-unboost|p1b: Volcarona|spe|1\n|-damage|p1b: Volcarona|51\/100|[from] Stealth Rock\n|turn|11\n|\n|t:|1697730818\n|move|p1b: Volcarona|Rage Powder|p1b: Volcarona\n|-singleturn|p1b: Volcarona|move: Rage Powder\n|move|p1a: Altaria|Frustration|p2b: Heracross\n|-damage|p2b: Heracross|0 fnt\n|faint|p2b: Heracross\n|\n|win|lxvliiz\n|raw|lxvliiz's rating: 1106 &rarr; <strong>1127<\/strong><br \/>(+21 for winning)\n|raw|TheRarWolf's rating: 1043 &rarr; <strong>1030<\/strong><br \/>(-13 for losing)\n|l|\u2606TheRarWolf\n","uploadtime":1697730827,"views":9,"p1id":"lxvliiz","p2id":"therarwolf","formatid":"gen9nationaldexdoubles","rating":1030,"private":0,"password":""}