{"id":"gen9nationaldexdoubles-1956771814","p1":"aYUNsang","p2":"anemi","format":"[Gen 9] National Dex Doubles","log":"|j|\u2606aYUNsang\n|j|\u2606anemi\n|t:|1696149365\n|gametype|doubles\n|player|p1|aYUNsang|sage|1098\n|player|p2|anemi|101|1034\n|teamsize|p1|6\n|teamsize|p2|6\n|gen|9\n|tier|[Gen 9] National Dex Doubles\n|rated|\n|rule|HP Percentage Mod: HP is shown in percentages\n|rule|Endless Battle Clause: Forcing endless battles is banned\n|rule|OHKO Clause: OHKO moves are banned\n|rule|Evasion Moves Clause: Evasion moves are banned\n|rule|Evasion Abilities Clause: Evasion abilities are banned\n|rule|Species Clause: Limit one of each Pok\u00e9mon\n|rule|Gravity Sleep Clause: The combination of sleep-inducing moves with imperfect accuracy and Gravity or Gigantamax Orbeetle are banned\n|clearpoke\n|poke|p1|Tyranitar, F|\n|poke|p1|Garganacl, F|\n|poke|p1|Iron Thorns|\n|poke|p1|Naclstack, M|\n|poke|p1|Lycanroc, M|\n|poke|p1|Glimmet, F|\n|poke|p2|Sinistcha-Masterpiece|\n|poke|p2|Spiritomb, M|\n|poke|p2|Hoopa|\n|poke|p2|Sableye, F|\n|poke|p2|Heracross, F|\n|poke|p2|Banette, F|\n|teampreview\n|\n|t:|1696149418\n|start\n|switch|p1a: Glimmet|Glimmet, F|100\/100\n|switch|p1b: Naclstack|Naclstack, M|100\/100\n|switch|p2a: Spiritomb|Spiritomb, M|100\/100\n|switch|p2b: Sableye|Sableye, F|100\/100\n|turn|1\n|\n|t:|1696149440\n|move|p2b: Sableye|Reflect|p2b: Sableye\n|-sidestart|p2: anemi|Reflect\n|move|p1a: Glimmet|Stealth Rock|p2a: Spiritomb\n|-sidestart|p2: anemi|move: Stealth Rock\n|move|p1b: Naclstack|Sandstorm|p1b: Naclstack\n|-weather|Sandstorm\n|move|p2a: Spiritomb|Toxic|p1b: Naclstack\n|-immune|p1b: Naclstack|[from] ability: Purifying Salt\n|\n|-weather|Sandstorm|[upkeep]\n|-damage|p2b: Sableye|94\/100|[from] Sandstorm\n|-damage|p2a: Spiritomb|94\/100|[from] Sandstorm\n|-heal|p2a: Spiritomb|100\/100|[from] item: Leftovers\n|upkeep\n|turn|2\n|\n|t:|1696149468\n|switch|p2a: Sinistcha|Sinistcha-Masterpiece|100\/100\n|-damage|p2a: Sinistcha|88\/100|[from] Stealth Rock\n|-heal|p2b: Sableye|100\/100|[from] ability: Hospitality|[of] p2a: Sinistcha\n|move|p2b: Sableye|Light Screen|p2b: Sableye\n|-sidestart|p2: anemi|move: Light Screen\n|move|p1a: Glimmet|Toxic|p2a: Sinistcha\n|-status|p2a: Sinistcha|tox\n|move|p1b: Naclstack|Salt Cure|p2b: Sableye\n|-damage|p2b: Sableye|94\/100\n|-start|p2b: Sableye|Salt Cure\n|\n|-weather|Sandstorm|[upkeep]\n|-damage|p2a: Sinistcha|82\/100 tox|[from] Sandstorm\n|-damage|p2b: Sableye|88\/100|[from] Sandstorm\n|-damage|p2a: Sinistcha|76\/100 tox|[from] psn\n|-damage|p2b: Sableye|75\/100|[from] Salt Cure\n|upkeep\n|turn|3\n|\n|t:|1696149495\n|switch|p2b: Spiritomb|Spiritomb, M|100\/100\n|-damage|p2b: Spiritomb|88\/100|[from] Stealth Rock\n|move|p1a: Glimmet|Sludge Bomb|p2a: Sinistcha\n|-damage|p2a: Sinistcha|49\/100 tox\n|move|p2a: Sinistcha|Matcha Gotcha|p1b: Naclstack|[spread] p1a,p1b\n|-supereffective|p1b: Naclstack\n|-damage|p1a: Glimmet|55\/100\n|-heal|p2a: Sinistcha|68\/100 tox|[from] drain|[of] p1a: Glimmet\n|-damage|p1b: Naclstack|65\/100\n|-heal|p2a: Sinistcha|88\/100 tox|[from] drain|[of] p1b: Naclstack\n|-status|p1a: Glimmet|brn\n|move|p1b: Naclstack|Salt Cure|p2a: Sinistcha\n|-damage|p2a: Sinistcha|80\/100 tox\n|-start|p2a: Sinistcha|Salt Cure\n|\n|-weather|Sandstorm|[upkeep]\n|-damage|p2a: Sinistcha|74\/100 tox|[from] Sandstorm\n|-damage|p2b: Spiritomb|82\/100|[from] Sandstorm\n|-heal|p2b: Spiritomb|88\/100|[from] item: Leftovers\n|-damage|p2a: Sinistcha|62\/100 tox|[from] psn\n|-damage|p1a: Glimmet|49\/100 brn|[from] brn\n|-damage|p2a: Sinistcha|49\/100 tox|[from] Salt Cure\n|upkeep\n|turn|4\n|\n|t:|1696149533\n|move|p1b: Naclstack|Protect|p1b: Naclstack\n|-singleturn|p1b: Naclstack|Protect\n|move|p1a: Glimmet|Toxic|p2b: Spiritomb\n|-status|p2b: Spiritomb|tox\n|move|p2a: Sinistcha|Giga Drain|p1a: Glimmet\n|-damage|p1a: Glimmet|0 fnt\n|-heal|p2a: Sinistcha|70\/100 tox|[from] drain|[of] p1a: Glimmet\n|faint|p1a: Glimmet\n|move|p2b: Spiritomb|Pain Split|p1b: Naclstack\n|-activate|p1b: Naclstack|move: Protect\n|\n|-weather|Sandstorm|[upkeep]\n|-damage|p2a: Sinistcha|64\/100 tox|[from] Sandstorm\n|-damage|p2b: Spiritomb|82\/100 tox|[from] Sandstorm\n|-heal|p2b: Spiritomb|88\/100 tox|[from] item: Leftovers\n|-damage|p2a: Sinistcha|46\/100 tox|[from] psn\n|-damage|p2b: Spiritomb|82\/100 tox|[from] psn\n|-damage|p2a: Sinistcha|34\/100 tox|[from] Salt Cure\n|upkeep\n|\n|t:|1696149552\n|switch|p1a: Lycanroc|Lycanroc, M, shiny|100\/100\n|turn|5\n|\n|t:|1696149570\n|switch|p2a: Hoopa|Hoopa|100\/100\n|-damage|p2a: Hoopa|88\/100|[from] Stealth Rock\n|move|p1a: Lycanroc|Rock Slide|p2a: Hoopa|[spread] p2a,p2b\n|-damage|p2a: Hoopa|57\/100\n|-damage|p2b: Spiritomb|56\/100 tox\n|-damage|p1a: Lycanroc|91\/100|[from] item: Life Orb\n|move|p1b: Naclstack|Recover|p1b: Naclstack\n|-heal|p1b: Naclstack|100\/100\n|move|p2b: Spiritomb|Toxic|p1a: Lycanroc\n|-status|p1a: Lycanroc|tox\n|\n|-weather|none\n|-heal|p2b: Spiritomb|62\/100 tox|[from] item: Leftovers\n|-damage|p1a: Lycanroc|84\/100 tox|[from] psn\n|-damage|p2b: Spiritomb|50\/100 tox|[from] psn\n|upkeep\n|turn|6\n|\n|t:|1696149607\n|move|p1a: Lycanroc|Rock Slide|p2a: Hoopa|[spread] p2a,p2b\n|-damage|p2a: Hoopa|26\/100\n|-damage|p2b: Spiritomb|27\/100 tox\n|-damage|p1a: Lycanroc|74\/100 tox|[from] item: Life Orb\n|move|p2a: Hoopa|Grass Knot|p1a: Lycanroc\n|-supereffective|p1a: Lycanroc\n|-damage|p1a: Lycanroc|0 fnt\n|faint|p1a: Lycanroc\n|move|p2b: Spiritomb|Pain Split|p1b: Naclstack\n|-sethp|p1b: Naclstack|60\/100|[from] move: Pain Split|[silent]\n|-sethp|p2b: Spiritomb|81\/100 tox|[from] move: Pain Split\n|move|p1b: Naclstack|Sandstorm|p1b: Naclstack\n|-weather|Sandstorm\n|\n|-weather|Sandstorm|[upkeep]\n|-damage|p2a: Hoopa|20\/100|[from] Sandstorm\n|-damage|p2b: Spiritomb|74\/100 tox|[from] Sandstorm\n|-enditem|p2a: Hoopa|Aguav Berry|[eat]\n|-heal|p2a: Hoopa|54\/100|[from] item: Aguav Berry\n|-heal|p2b: Spiritomb|81\/100 tox|[from] item: Leftovers\n|-damage|p2b: Spiritomb|62\/100 tox|[from] psn\n|upkeep\n|\n|t:|1696149617\n|switch|p1a: Iron Thorns|Iron Thorns|100\/100\n|turn|7\n|\n|t:|1696149674\n|switch|p2b: Sinistcha|Sinistcha-Masterpiece|34\/100 tox\n|-damage|p2b: Sinistcha|21\/100 tox|[from] Stealth Rock\n|-heal|p2a: Hoopa|79\/100|[from] ability: Hospitality|[of] p2b: Sinistcha\n|-terastallize|p1a: Iron Thorns|Bug\n|move|p1a: Iron Thorns|Rock Blast|p2a: Hoopa\n|-damage|p2a: Hoopa|67\/100\n|-damage|p2a: Hoopa|56\/100\n|-damage|p2a: Hoopa|45\/100\n|-damage|p2a: Hoopa|33\/100\n|-hitcount|p2a: Hoopa|4\n|move|p2a: Hoopa|Grass Knot|p1a: Iron Thorns\n|-resisted|p1a: Iron Thorns\n|-damage|p1a: Iron Thorns|69\/100\n|-item|p2a: Hoopa|Loaded Dice|[from] ability: Magician|[of] p1a: Iron Thorns\n|move|p1b: Naclstack|Salt Cure|p2b: Sinistcha\n|-damage|p2b: Sinistcha|14\/100 tox\n|-start|p2b: Sinistcha|Salt Cure\n|\n|-weather|Sandstorm|[upkeep]\n|-damage|p1a: Iron Thorns|63\/100|[from] Sandstorm\n|-damage|p2a: Hoopa|27\/100|[from] Sandstorm\n|-damage|p2b: Sinistcha|8\/100 tox|[from] Sandstorm\n|-damage|p2b: Sinistcha|2\/100 tox|[from] psn\n|-damage|p2b: Sinistcha|0 fnt|[from] Salt Cure\n|faint|p2b: Sinistcha\n|upkeep\n|\n|t:|1696149715\n|switch|p2b: Heracross|Heracross, F|100\/100\n|-damage|p2b: Heracross|88\/100|[from] Stealth Rock\n|turn|8\n|\n|t:|1696149746\n|move|p1b: Naclstack|Protect|p1b: Naclstack\n|-singleturn|p1b: Naclstack|Protect\n|move|p1a: Iron Thorns|Pin Missile|p2a: Hoopa\n|-damage|p2a: Hoopa|15\/100\n|-damage|p2a: Hoopa|4\/100\n|-hitcount|p2a: Hoopa|2\n|move|p2b: Heracross|Stone Edge|p1a: Iron Thorns\n|-supereffective|p1a: Iron Thorns\n|-damage|p1a: Iron Thorns|0 fnt\n|faint|p1a: Iron Thorns\n|-end|p1a: Iron Thorns|Quark Drive|[silent]\n|move|p2a: Hoopa|Focus Blast|p1b: Naclstack\n|-activate|p1b: Naclstack|move: Protect\n|\n|-weather|Sandstorm|[upkeep]\n|-damage|p2b: Heracross|82\/100|[from] Sandstorm\n|-damage|p2a: Hoopa|0 fnt|[from] Sandstorm\n|faint|p2a: Hoopa\n|-sideend|p2: anemi|Reflect\n|-status|p2b: Heracross|brn|[from] item: Flame Orb\n|upkeep\n|\n|t:|1696149777\n|switch|p1a: Tyranitar|Tyranitar, F|100\/100\n|switch|p2a: Banette|Banette, F|100\/100\n|-damage|p2a: Banette|88\/100|[from] Stealth Rock\n|turn|9\n|\n|t:|1696149791\n|detailschange|p1a: Tyranitar|Tyranitar-Mega, F\n|-mega|p1a: Tyranitar|Tyranitar|Tyranitarite\n|detailschange|p2a: Banette|Banette-Mega, F\n|-mega|p2a: Banette|Banette|Banettite\n|move|p1a: Tyranitar|Rock Slide|p2a: Banette|[spread] p2a\n|-miss|p1a: Tyranitar|p2b: Heracross\n|-damage|p2a: Banette|38\/100\n|move|p2b: Heracross|High Horsepower|p1b: Naclstack\n|-supereffective|p1b: Naclstack\n|-damage|p1b: Naclstack|2\/100\n|move|p2a: Banette|Trailblaze|p1a: Tyranitar\n|-supereffective|p1a: Tyranitar\n|-damage|p1a: Tyranitar|70\/100\n|-boost|p2a: Banette|spe|1\n|move|p1b: Naclstack|Salt Cure|p2b: Heracross\n|-damage|p2b: Heracross|71\/100 brn\n|-start|p2b: Heracross|Salt Cure\n|\n|-weather|Sandstorm|[upkeep]\n|-damage|p2a: Banette|32\/100|[from] Sandstorm\n|-damage|p2b: Heracross|65\/100 brn|[from] Sandstorm\n|-damage|p2b: Heracross|59\/100 brn|[from] brn\n|-damage|p2b: Heracross|47\/100 brn|[from] Salt Cure\n|-sideend|p2: anemi|move: Light Screen\n|upkeep\n|turn|10\n|\n|t:|1696149827\n|move|p2a: Banette|Pain Split|p1a: Tyranitar\n|-hint|Since gen 7, Dark is immune to Prankster moves.\n|-immune|p1a: Tyranitar\n|move|p1a: Tyranitar|Rock Slide|p2a: Banette|[spread] p2a,p2b\n|-crit|p2a: Banette\n|-crit|p2b: Heracross\n|-damage|p2a: Banette|0 fnt\n|-damage|p2b: Heracross|0 fnt\n|faint|p2a: Banette\n|faint|p2b: Heracross\n|move|p1b: Naclstack|Recover|p1b: Naclstack\n|-heal|p1b: Naclstack|52\/100\n|\n|-weather|none\n|upkeep\n|\n|t:|1696149840\n|switch|p2b: Sableye|Sableye, F|75\/100\n|switch|p2a: Spiritomb|Spiritomb, M|62\/100 tox\n|-damage|p2b: Sableye|63\/100|[from] Stealth Rock\n|-damage|p2a: Spiritomb|50\/100 tox|[from] Stealth Rock\n|turn|11\n|\n|t:|1696149850\n|move|p2b: Sableye|Confuse Ray|p1a: Tyranitar\n|-hint|Since gen 7, Dark is immune to Prankster moves.\n|-immune|p1a: Tyranitar\n|move|p1a: Tyranitar|Rock Slide|p2b: Sableye|[spread] p2a,p2b\n|-damage|p2a: Spiritomb|16\/100 tox\n|-damage|p2b: Sableye|23\/100\n|move|p1b: Naclstack|Sandstorm|p1b: Naclstack\n|-weather|Sandstorm\n|cant|p2a: Spiritomb|flinch\n|\n|-weather|Sandstorm|[upkeep]\n|-damage|p2b: Sableye|17\/100|[from] Sandstorm\n|-damage|p2a: Spiritomb|10\/100 tox|[from] Sandstorm\n|-heal|p2a: Spiritomb|16\/100 tox|[from] item: Leftovers\n|-damage|p2a: Spiritomb|10\/100 tox|[from] psn\n|upkeep\n|turn|12\n|\n|t:|1696149871\n|move|p2b: Sableye|Will-O-Wisp|p1a: Tyranitar\n|-hint|Since gen 7, Dark is immune to Prankster moves.\n|-immune|p1a: Tyranitar\n|move|p1a: Tyranitar|Rock Slide|p2a: Spiritomb|[spread] p2a,p2b\n|-damage|p2a: Spiritomb|0 fnt\n|-damage|p2b: Sableye|0 fnt\n|faint|p2a: Spiritomb\n|faint|p2b: Sableye\n|\n|win|aYUNsang\n|raw|aYUNsang's rating: 1098 &rarr; <strong>1119<\/strong><br \/>(+21 for winning)\n|raw|anemi's rating: 1034 &rarr; <strong>1022<\/strong><br \/>(-12 for losing)\n|l|\u2606anemi\n","uploadtime":1696149886,"views":9,"p1id":"ayunsang","p2id":"anemi","formatid":"gen9nationaldexdoubles","rating":1022,"private":0,"password":""}