{"id":"gen9nationaldexdoubles-1960359476","p1":"fumbari 24","p2":"R3d_VGC","format":"[Gen 9] National Dex Doubles","log":"|j|\u2606fumbari 24\n|j|\u2606R3d_VGC\n|t:|1696519630\n|gametype|doubles\n|player|p1|fumbari 24|266|1313\n|player|p2|R3d_VGC|lance|1478\n|teamsize|p1|6\n|teamsize|p2|6\n|gen|9\n|tier|[Gen 9] National Dex Doubles\n|rated|\n|rule|HP Percentage Mod: HP is shown in percentages\n|rule|Endless Battle Clause: Forcing endless battles is banned\n|rule|OHKO Clause: OHKO moves are banned\n|rule|Evasion Moves Clause: Evasion moves are banned\n|rule|Evasion Abilities Clause: Evasion abilities are banned\n|rule|Species Clause: Limit one of each Pok\u00e9mon\n|rule|Gravity Sleep Clause: The combination of sleep-inducing moves with imperfect accuracy and Gravity or Gigantamax Orbeetle are banned\n|clearpoke\n|poke|p1|Haxorus, F|\n|poke|p1|Krookodile, M|\n|poke|p1|Druddigon, F|\n|poke|p1|Salamence, M|\n|poke|p1|Aggron, F|\n|poke|p1|Cofagrigus, M|\n|poke|p2|Incineroar, M|\n|poke|p2|Lucario, M|\n|poke|p2|Mr. Mime, M|\n|poke|p2|Iron Hands|\n|poke|p2|Walking Wake|\n|poke|p2|Landorus, M|\n|teampreview\n|inactive|Battle timer is ON: inactive players will automatically lose when time's up. (requested by fumbari 24)\n|\n|t:|1696519647\n|start\n|switch|p1a: Cofagrigus|Cofagrigus, M|100\/100\n|switch|p1b: Druddigon|Druddigon, F|100\/100\n|switch|p2a: Iron Hands|Iron Hands|100\/100\n|switch|p2b: Mr. Mime|Mr. Mime, M|100\/100\n|turn|1\n|\n|t:|1696519658\n|-terastallize|p2a: Iron Hands|Fire\n|move|p2b: Mr. Mime|Fake Out|p1b: Druddigon\n|-damage|p1b: Druddigon|97\/100\n|-damage|p2b: Mr. Mime|88\/100|[from] ability: Rough Skin|[of] p1b: Druddigon\n|-damage|p2b: Mr. Mime|72\/100|[from] item: Rocky Helmet|[of] p1b: Druddigon\n|move|p2a: Iron Hands|Swords Dance|p2a: Iron Hands\n|-boost|p2a: Iron Hands|atk|2\n|cant|p1b: Druddigon|flinch\n|move|p1a: Cofagrigus|Will-O-Wisp|p2a: Iron Hands\n|-immune|p2a: Iron Hands\n|\n|upkeep\n|turn|2\n|\n|t:|1696519687\n|move|p2b: Mr. Mime|Follow Me|p2b: Mr. Mime\n|-singleturn|p2b: Mr. Mime|move: Follow Me\n|move|p2a: Iron Hands|Swords Dance|p2a: Iron Hands\n|-boost|p2a: Iron Hands|atk|2\n|move|p1b: Druddigon|Glare|p2b: Mr. Mime\n|-status|p2b: Mr. Mime|par\n|move|p1a: Cofagrigus|Trick Room|p1a: Cofagrigus\n|-fieldstart|move: Trick Room|[of] p1a: Cofagrigus\n|\n|upkeep\n|turn|3\n|\n|t:|1696519699\n|move|p1b: Druddigon|Protect|p1b: Druddigon\n|-singleturn|p1b: Druddigon|Protect\n|move|p2b: Mr. Mime|Follow Me|p2b: Mr. Mime\n|-singleturn|p2b: Mr. Mime|move: Follow Me\n|move|p1a: Cofagrigus|Shadow Ball|p2b: Mr. Mime\n|-supereffective|p2b: Mr. Mime\n|-damage|p2b: Mr. Mime|23\/100 par\n|-unboost|p2b: Mr. Mime|spd|1\n|-enditem|p2b: Mr. Mime|Aguav Berry|[eat]\n|-heal|p2b: Mr. Mime|57\/100 par|[from] item: Aguav Berry\n|move|p2a: Iron Hands|Drain Punch|p1b: Druddigon\n|-activate|p1b: Druddigon|move: Protect\n|\n|upkeep\n|turn|4\n|\n|t:|1696519715\n|switch|p2b: Incineroar|Incineroar, M|100\/100\n|-ability|p2b: Incineroar|Intimidate|boost\n|-unboost|p1a: Cofagrigus|atk|1\n|-unboost|p1b: Druddigon|atk|1\n|move|p2a: Iron Hands|Protect|p2a: Iron Hands\n|-singleturn|p2a: Iron Hands|Protect\n|move|p1a: Cofagrigus|Shadow Ball|p2a: Iron Hands\n|-activate|p2a: Iron Hands|move: Protect\n|move|p1b: Druddigon|Rock Slide|p2b: Incineroar|[spread] p2b\n|-activate|p2a: Iron Hands|move: Protect\n|-supereffective|p2b: Incineroar\n|-damage|p2b: Incineroar|80\/100\n|\n|upkeep\n|turn|5\n|inactive|R3d_VGC has 120 seconds left.\n|\n|t:|1696519748\n|move|p2b: Incineroar|Fake Out|p1b: Druddigon\n|-damage|p1b: Druddigon|86\/100\n|-damage|p2b: Incineroar|67\/100|[from] ability: Rough Skin|[of] p1b: Druddigon\n|-damage|p2b: Incineroar|50\/100|[from] item: Rocky Helmet|[of] p1b: Druddigon\n|-enditem|p2b: Incineroar|Sitrus Berry|[eat]\n|-heal|p2b: Incineroar|75\/100|[from] item: Sitrus Berry\n|move|p1a: Cofagrigus|Shadow Ball|p2a: Iron Hands\n|-damage|p2a: Iron Hands|79\/100\n|-unboost|p2a: Iron Hands|spd|1\n|cant|p1b: Druddigon|flinch\n|move|p2a: Iron Hands|Drain Punch|p1b: Druddigon\n|-damage|p1b: Druddigon|0 fnt\n|-heal|p2a: Iron Hands|100\/100|[from] drain|[of] p1b: Druddigon\n|-damage|p2a: Iron Hands|88\/100|[from] ability: Rough Skin|[of] p1b: Druddigon\n|-damage|p2a: Iron Hands|71\/100|[from] item: Rocky Helmet|[of] p1b: Druddigon\n|faint|p1b: Druddigon\n|\n|upkeep\n|\n|t:|1696519761\n|switch|p1b: Aggron|Aggron, F|100\/100\n|turn|6\n|\n|t:|1696519770\n|switch|p2b: Landorus|Landorus, M|100\/100\n|move|p2a: Iron Hands|Protect|p2a: Iron Hands\n|-singleturn|p2a: Iron Hands|Protect\n|move|p1a: Cofagrigus|Shadow Ball|p2b: Landorus\n|-crit|p2b: Landorus\n|-damage|p2b: Landorus|40\/100\n|-zpower|p1b: Aggron\n|move|p1b: Aggron|Continental Crush|p2a: Iron Hands|[zeffect]\n|-supereffective|p2a: Iron Hands\n|-zbroken|p2a: Iron Hands\n|-damage|p2a: Iron Hands|39\/100\n|\n|-fieldend|move: Trick Room\n|upkeep\n|turn|7\n|\n|t:|1696519782\n|move|p1b: Aggron|Protect|p1b: Aggron\n|-singleturn|p1b: Aggron|Protect\n|move|p2b: Landorus|Earth Power|p1a: Cofagrigus\n|-damage|p1a: Cofagrigus|36\/100\n|move|p2a: Iron Hands|Drain Punch|p1b: Aggron\n|-activate|p1b: Aggron|move: Protect\n|move|p1a: Cofagrigus|Trick Room|p1a: Cofagrigus\n|-fieldstart|move: Trick Room|[of] p1a: Cofagrigus\n|\n|upkeep\n|turn|8\n|\n|t:|1696519790\n|switch|p2b: Incineroar|Incineroar, M|75\/100\n|-ability|p2b: Incineroar|Intimidate|boost\n|-unboost|p1a: Cofagrigus|atk|1\n|-unboost|p1b: Aggron|atk|1\n|move|p2a: Iron Hands|Protect|p2a: Iron Hands\n|-singleturn|p2a: Iron Hands|Protect\n|move|p1a: Cofagrigus|Shadow Ball|p2b: Incineroar\n|-resisted|p2b: Incineroar\n|-damage|p2b: Incineroar|64\/100\n|move|p1b: Aggron|Head Smash|p2b: Incineroar\n|-supereffective|p2b: Incineroar\n|-damage|p2b: Incineroar|0 fnt\n|faint|p2b: Incineroar\n|\n|upkeep\n|\n|t:|1696519800\n|switch|p2b: Mr. Mime|Mr. Mime, M|57\/100 par\n|turn|9\n|\n|t:|1696519807\n|move|p1b: Aggron|Protect|p1b: Aggron\n|-singleturn|p1b: Aggron|Protect\n|move|p2b: Mr. Mime|Follow Me|p2b: Mr. Mime\n|-singleturn|p2b: Mr. Mime|move: Follow Me\n|move|p1a: Cofagrigus|Shadow Ball|p2b: Mr. Mime\n|-supereffective|p2b: Mr. Mime\n|-damage|p2b: Mr. Mime|12\/100 par\n|move|p2a: Iron Hands|Drain Punch|p1b: Aggron\n|-activate|p1b: Aggron|move: Protect\n|\n|upkeep\n|turn|10\n|\n|t:|1696519824\n|move|p2b: Mr. Mime|Follow Me|p2b: Mr. Mime\n|-singleturn|p2b: Mr. Mime|move: Follow Me\n|move|p1a: Cofagrigus|Shadow Ball|p2b: Mr. Mime\n|-supereffective|p2b: Mr. Mime\n|-damage|p2b: Mr. Mime|0 fnt\n|faint|p2b: Mr. Mime\n|move|p1b: Aggron|Head Smash|p2a: Iron Hands\n|-supereffective|p2a: Iron Hands\n|-damage|p2a: Iron Hands|0 fnt\n|faint|p2a: Iron Hands\n|-end|p2a: Iron Hands|Quark Drive|[silent]\n|\n|upkeep\n|\n|t:|1696519829\n|switch|p2a: Lucario|Lucario, M|100\/100\n|switch|p2b: Walking Wake|Walking Wake|100\/100\n|-enditem|p2b: Walking Wake|Booster Energy\n|-activate|p2b: Walking Wake|ability: Protosynthesis|[fromitem]\n|-start|p2b: Walking Wake|protosynthesisspe\n|turn|11\n|\n|t:|1696519839\n|move|p2a: Lucario|Protect|p2a: Lucario\n|-singleturn|p2a: Lucario|Protect\n|move|p2b: Walking Wake|Protect|p2b: Walking Wake\n|-singleturn|p2b: Walking Wake|Protect\n|move|p1a: Cofagrigus|Will-O-Wisp|p2a: Lucario\n|-activate|p2a: Lucario|move: Protect\n|move|p1b: Aggron|Head Smash|p2b: Walking Wake\n|-activate|p2b: Walking Wake|move: Protect\n|\n|-fieldend|move: Trick Room\n|upkeep\n|turn|12\n|\n|t:|1696519852\n|detailschange|p2a: Lucario|Lucario-Mega, M\n|-mega|p2a: Lucario|Lucario|Lucarionite\n|move|p2b: Walking Wake|Hydro Steam|p1a: Cofagrigus\n|-damage|p1a: Cofagrigus|3\/100\n|move|p2a: Lucario|Close Combat|p1b: Aggron\n|-supereffective|p1b: Aggron\n|-damage|p1b: Aggron|0 fnt\n|-unboost|p2a: Lucario|def|1\n|-unboost|p2a: Lucario|spd|1\n|faint|p1b: Aggron\n|move|p1a: Cofagrigus|Pain Split|p2b: Walking Wake\n|-sethp|p2b: Walking Wake|52\/100|[from] move: Pain Split|[silent]\n|-sethp|p1a: Cofagrigus|59\/100|[from] move: Pain Split\n|\n|upkeep\n|inactive|fumbari 24 has 120 seconds left.\n|\n|t:|1696519890\n|switch|p1b: Blue Flame|Salamence, M|100\/100\n|-ability|p1b: Blue Flame|Intimidate|boost\n|-unboost|p2a: Lucario|atk|1\n|-unboost|p2b: Walking Wake|atk|1\n|turn|13\n|\n|t:|1696519904\n|move|p1b: Blue Flame|Protect|p1b: Blue Flame\n|-singleturn|p1b: Blue Flame|Protect\n|move|p2b: Walking Wake|Draco Meteor|p1a: Cofagrigus|[miss]\n|-miss|p2b: Walking Wake|p1a: Cofagrigus\n|move|p2a: Lucario|Meteor Mash|p1a: Cofagrigus\n|-damage|p1a: Cofagrigus|23\/100\n|-boost|p2a: Lucario|atk|1\n|-activate|p1a: Cofagrigus|ability: Mummy|Adaptability|[of] p2a: Lucario\n|move|p1a: Cofagrigus|Will-O-Wisp|p2a: Lucario\n|-status|p2a: Lucario|brn\n|\n|-damage|p2a: Lucario|94\/100 brn|[from] brn\n|upkeep\n|turn|14\n|\n|t:|1696519921\n|switch|p1b: Atraco|Krookodile, M|100\/100\n|-ability|p1b: Atraco|Intimidate|boost\n|-unboost|p2a: Lucario|atk|1\n|-unboost|p2b: Walking Wake|atk|1\n|move|p2b: Walking Wake|Draco Meteor|p1b: Atraco\n|-damage|p1b: Atraco|46\/100\n|-unboost|p2b: Walking Wake|spa|2\n|move|p2a: Lucario|Meteor Mash|p1a: Cofagrigus\n|-damage|p1a: Cofagrigus|10\/100\n|move|p1a: Cofagrigus|Pain Split|p2a: Lucario\n|-sethp|p2a: Lucario|53\/100 brn|[from] move: Pain Split|[silent]\n|-sethp|p1a: Cofagrigus|49\/100|[from] move: Pain Split\n|\n|-damage|p2a: Lucario|47\/100 brn|[from] brn\n|upkeep\n|turn|15\n|\n|t:|1696519940\n|-end|p2b: Walking Wake|Protosynthesis|[silent]\n|switch|p2b: Landorus|Landorus, M|40\/100\n|move|p2a: Lucario|Close Combat|p1b: Atraco\n|-supereffective|p1b: Atraco\n|-damage|p1b: Atraco|1\/100\n|-unboost|p2a: Lucario|def|1\n|-unboost|p2a: Lucario|spd|1\n|-enditem|p1b: Atraco|Figy Berry|[eat]\n|-heal|p1b: Atraco|34\/100|[from] item: Figy Berry\n|move|p1b: Atraco|Snarl|p2b: Landorus|[spread] p2a,p2b\n|-resisted|p2a: Lucario\n|-damage|p2a: Lucario|32\/100 brn\n|-damage|p2b: Landorus|28\/100\n|-unboost|p2a: Lucario|spa|1\n|-unboost|p2b: Landorus|spa|1\n|move|p1a: Cofagrigus|Trick Room|p1a: Cofagrigus\n|-fieldstart|move: Trick Room|[of] p1a: Cofagrigus\n|\n|-damage|p2a: Lucario|26\/100 brn|[from] brn\n|upkeep\n|turn|16\n|-message|R3d_VGC forfeited.\n|\n|win|fumbari 24\n|raw|fumbari 24's rating: 1313 &rarr; <strong>1342<\/strong><br \/>(+29 for winning)\n|raw|R3d_VGC's rating: 1478 &rarr; <strong>1449<\/strong><br \/>(-29 for losing)\n|l|\u2606R3d_VGC\n","uploadtime":1696519988,"views":6,"p1id":"fumbari24","p2id":"r3dvgc","formatid":"gen9nationaldexdoubles","rating":1342,"private":0,"password":""}