{"id":"gen9nationaldexdoubles-1979412326","p1":"Kingofspades13","p2":"The power of ROCK","format":"[Gen 9] National Dex Doubles","log":"|j|\u2606Kingofspades13\n|j|\u2606The power of ROCK\n|t:|1698680611\n|gametype|doubles\n|player|p1|Kingofspades13|plasmagrunt-gen5bw|\n|player|p2|The power of ROCK|roark|\n|teamsize|p1|6\n|teamsize|p2|6\n|gen|9\n|tier|[Gen 9] National Dex Doubles\n|rated|Tournament battle\n|rule|HP Percentage Mod: HP is shown in percentages\n|rule|Endless Battle Clause: Forcing endless battles is banned\n|rule|OHKO Clause: OHKO moves are banned\n|rule|Evasion Moves Clause: Evasion moves are banned\n|rule|Evasion Abilities Clause: Evasion abilities are banned\n|rule|Species Clause: Limit one of each Pok\u00e9mon\n|rule|Gravity Sleep Clause: The combination of sleep-inducing moves with imperfect accuracy and Gravity or Gigantamax Orbeetle are banned\n|clearpoke\n|poke|p1|Grapploct, F|\n|poke|p1|Flutter Mane|\n|poke|p1|Volcanion|\n|poke|p1|Rillaboom, M|\n|poke|p1|Empoleon, M|\n|poke|p1|Zygarde|\n|poke|p2|Tyranitar, M|\n|poke|p2|Garganacl, M|\n|poke|p2|Stakataka|\n|poke|p2|Aggron, M|\n|poke|p2|Ogerpon-Cornerstone, F|\n|poke|p2|Shuckle, F|\n|teampreview\n|j| kitsu-aria\n|c|\u2606The power of ROCK|Welcome to the ROCK gym\n|\n|t:|1698680634\n|start\n|switch|p1a: Empoleon|Empoleon, M|100\/100\n|switch|p1b: Volcanion|Volcanion|100\/100\n|switch|p2a: Stakataka|Stakataka|100\/100\n|switch|p2b: Garganacl|Garganacl, M|100\/100\n|turn|1\n|\n|t:|1698680669\n|-terastallize|p2b: Garganacl|Ghost\n|move|p1b: Volcanion|Brick Break|p2b: Garganacl\n|-immune|p2b: Garganacl\n|move|p1a: Empoleon|Surf|p2a: Stakataka|[spread] p2a,p2b\n|-immune|p1b: Volcanion|[from] ability: Water Absorb\n|-supereffective|p2a: Stakataka\n|-damage|p2a: Stakataka|28\/100\n|-damage|p2b: Garganacl|77\/100\n|-enditem|p2b: Garganacl|Maranga Berry|[eat]\n|-boost|p2b: Garganacl|spd|1|[from] item: Maranga Berry\n|move|p2b: Garganacl|Salt Cure|p1b: Volcanion\n|-supereffective|p1b: Volcanion\n|-damage|p1b: Volcanion|83\/100\n|-start|p1b: Volcanion|Salt Cure\n|move|p2a: Stakataka|Trick Room|p2a: Stakataka\n|-fieldstart|move: Trick Room|[of] p2a: Stakataka\n|\n|-heal|p1b: Volcanion|90\/100|[from] item: Leftovers\n|-damage|p1b: Volcanion|65\/100|[from] Salt Cure\n|upkeep\n|turn|2\n|\n|t:|1698680692\n|move|p2a: Stakataka|Rock Blast|p1b: Volcanion\n|-supereffective|p1b: Volcanion\n|-damage|p1b: Volcanion|46\/100\n|-supereffective|p1b: Volcanion\n|-damage|p1b: Volcanion|29\/100\n|-supereffective|p1b: Volcanion\n|-damage|p1b: Volcanion|11\/100\n|-supereffective|p1b: Volcanion\n|-damage|p1b: Volcanion|0 fnt\n|faint|p1b: Volcanion\n|-ability|p2a: Stakataka|Beast Boost|boost\n|-boost|p2a: Stakataka|atk|1\n|-hitcount|p1: Volcanion|4\n|move|p2b: Garganacl|Salt Cure|p1a: Empoleon\n|-resisted|p1a: Empoleon\n|-damage|p1a: Empoleon|93\/100\n|-start|p1a: Empoleon|Salt Cure\n|move|p1a: Empoleon|Surf|p2a: Stakataka|[spread] p2a,p2b\n|-supereffective|p2a: Stakataka\n|-damage|p2a: Stakataka|0 fnt\n|-damage|p2b: Garganacl|62\/100\n|faint|p2a: Stakataka\n|\n|-heal|p1a: Empoleon|99\/100|[from] item: Leftovers\n|-damage|p1a: Empoleon|74\/100|[from] Salt Cure\n|upkeep\n|\n|t:|1698680741\n|switch|p2a: Shuckle|Shuckle, F|100\/100\n|switch|p1b: Zygarde|Zygarde|100\/100\n|-ability|p1b: Zygarde|Aura Break\n|turn|3\n|\n|t:|1698680761\n|switch|p1a: Flutter Mane|Flutter Mane|100\/100\n|-enditem|p1a: Flutter Mane|Booster Energy\n|-activate|p1a: Flutter Mane|ability: Protosynthesis|[fromitem]\n|-start|p1a: Flutter Mane|protosynthesisspe\n|move|p2a: Shuckle|Guard Split|p2b: Garganacl\n|-activate|p2a: Shuckle|move: Guard Split|[of] p2b: Garganacl\n|move|p2b: Garganacl|Iron Defense|p2b: Garganacl\n|-boost|p2b: Garganacl|def|2\n|move|p1b: Zygarde|Dragon Dance|p1b: Zygarde\n|-boost|p1b: Zygarde|atk|1\n|-boost|p1b: Zygarde|spe|1\n|\n|upkeep\n|turn|4\n|\n|t:|1698680778\n|move|p2a: Shuckle|Knock Off|p1b: Zygarde\n|-damage|p1b: Zygarde|96\/100\n|-enditem|p1b: Zygarde|Leftovers|[from] move: Knock Off|[of] p2a: Shuckle\n|move|p2b: Garganacl|Salt Cure|p1b: Zygarde\n|-resisted|p1b: Zygarde\n|-damage|p1b: Zygarde|90\/100\n|-start|p1b: Zygarde|Salt Cure\n|move|p1b: Zygarde|Substitute|p1b: Zygarde\n|-start|p1b: Zygarde|Substitute\n|-damage|p1b: Zygarde|65\/100\n|move|p1a: Flutter Mane|Shadow Ball|p2b: Garganacl\n|-supereffective|p2b: Garganacl\n|-damage|p2b: Garganacl|48\/100\n|\n|-damage|p1b: Zygarde|53\/100|[from] Salt Cure\n|upkeep\n|turn|5\n|\n|t:|1698680800\n|move|p2a: Shuckle|Infestation|p1a: Flutter Mane\n|-resisted|p1a: Flutter Mane\n|-damage|p1a: Flutter Mane|99\/100\n|-activate|p1a: Flutter Mane|move: Infestation|[of] p2a: Shuckle\n|move|p2b: Garganacl|Recover|p2b: Garganacl\n|-heal|p2b: Garganacl|98\/100\n|move|p1b: Zygarde|Thousand Arrows|p2a: Shuckle|[spread] p2a,p2b\n|-damage|p2a: Shuckle|64\/100\n|-damage|p2b: Garganacl|87\/100\n|move|p1a: Flutter Mane|Shadow Ball|p2b: Garganacl\n|-supereffective|p2b: Garganacl\n|-damage|p2b: Garganacl|73\/100\n|\n|-heal|p2a: Shuckle|71\/100|[from] item: Leftovers\n|-damage|p1b: Zygarde|41\/100|[from] Salt Cure\n|-damage|p1a: Flutter Mane|88\/100|[from] move: Infestation|[partiallytrapped]\n|-fieldend|move: Trick Room\n|upkeep\n|turn|6\n|\n|t:|1698680823\n|move|p1a: Flutter Mane|Taunt|p2b: Garganacl\n|-start|p2b: Garganacl|move: Taunt\n|move|p1b: Zygarde|Thousand Arrows|p2a: Shuckle|[spread] p2a,p2b\n|-damage|p2a: Shuckle|35\/100\n|-damage|p2b: Garganacl|62\/100\n|cant|p2b: Garganacl|move: Taunt|Recover\n|move|p2a: Shuckle|Sticky Web|p1b: Zygarde\n|-sidestart|p1: Kingofspades13|move: Sticky Web\n|\n|-heal|p2a: Shuckle|41\/100|[from] item: Leftovers\n|-damage|p1a: Flutter Mane|75\/100|[from] move: Infestation|[partiallytrapped]\n|-damage|p1b: Zygarde|29\/100|[from] Salt Cure\n|upkeep\n|turn|7\n|\n|t:|1698680842\n|move|p1a: Flutter Mane|Shadow Ball|p2b: Garganacl\n|-supereffective|p2b: Garganacl\n|-damage|p2b: Garganacl|49\/100\n|move|p1b: Zygarde|Thousand Arrows|p2a: Shuckle|[spread] p2a,p2b\n|-damage|p2a: Shuckle|5\/100\n|-damage|p2b: Garganacl|38\/100\n|move|p2b: Garganacl|Salt Cure|p1a: Flutter Mane\n|-damage|p1a: Flutter Mane|46\/100\n|-start|p1a: Flutter Mane|Salt Cure\n|move|p2a: Shuckle|Infestation|p1a: Flutter Mane\n|-resisted|p1a: Flutter Mane\n|-damage|p1a: Flutter Mane|45\/100\n|\n|-heal|p2a: Shuckle|11\/100|[from] item: Leftovers\n|-damage|p1a: Flutter Mane|33\/100|[from] Salt Cure\n|-damage|p1a: Flutter Mane|20\/100|[from] move: Infestation|[partiallytrapped]\n|-damage|p1b: Zygarde|16\/100|[from] Salt Cure\n|upkeep\n|turn|8\n|\n|t:|1698680862\n|move|p1a: Flutter Mane|Shadow Ball|p2b: Garganacl\n|-supereffective|p2b: Garganacl\n|-damage|p2b: Garganacl|24\/100\n|-unboost|p2b: Garganacl|spd|1\n|move|p1b: Zygarde|Thousand Arrows|p2a: Shuckle|[spread] p2a,p2b\n|-damage|p2a: Shuckle|0 fnt\n|-damage|p2b: Garganacl|12\/100\n|faint|p2a: Shuckle\n|move|p2b: Garganacl|Salt Cure|p1a: Flutter Mane\n|-damage|p1a: Flutter Mane|0 fnt\n|faint|p1a: Flutter Mane\n|-end|p1a: Flutter Mane|Protosynthesis|[silent]\n|\n|-damage|p1b: Zygarde|4\/100|[from] Salt Cure\n|-end|p2b: Garganacl|move: Taunt\n|upkeep\n|\n|t:|1698680879\n|switch|p1a: Rillaboom|Rillaboom, M|100\/100\n|switch|p2a: Ogerpon|Ogerpon-Cornerstone, F|100\/100\n|-activate|p1a: Rillaboom|move: Sticky Web\n|-unboost|p1a: Rillaboom|spe|1\n|-fieldstart|move: Grassy Terrain|[from] ability: Grassy Surge|[of] p1a: Rillaboom\n|turn|9\n|\n|t:|1698680888\n|move|p1a: Rillaboom|Fake Out|p2a: Ogerpon\n|-resisted|p2a: Ogerpon\n|-damage|p2a: Ogerpon|91\/100\n|move|p1b: Zygarde|Thousand Arrows|p2b: Garganacl|[spread] p2a,p2b\n|-crit|p2a: Ogerpon\n|-damage|p2a: Ogerpon|0 fnt\n|-damage|p2b: Garganacl|2\/100\n|faint|p2a: Ogerpon\n|move|p2b: Garganacl|Recover|p2b: Garganacl\n|-heal|p2b: Garganacl|52\/100\n|\n|-heal|p1b: Zygarde|10\/100|[from] Grassy Terrain\n|-heal|p2b: Garganacl|58\/100|[from] Grassy Terrain\n|-damage|p1b: Zygarde|0 fnt|[from] Salt Cure\n|faint|p1b: Zygarde\n|upkeep\n|\n|t:|1698680908\n|switch|p2a: Aggron|Aggron, M|100\/100\n|switch|p1b: Empoleon|Empoleon, M|74\/100\n|-activate|p1b: Empoleon|move: Sticky Web\n|-unboost|p1b: Empoleon|spe|1\n|-ability|p1b: Empoleon|Competitive|boost\n|-boost|p1b: Empoleon|spa|2\n|turn|10\n|\n|t:|1698680924\n|detailschange|p2a: Aggron|Aggron-Mega, M\n|-mega|p2a: Aggron|Aggron|Aggronite\n|move|p1a: Rillaboom|Taunt|p2b: Garganacl\n|-start|p2b: Garganacl|move: Taunt\n|move|p2a: Aggron|Body Press|p1b: Empoleon\n|-supereffective|p1b: Empoleon\n|-crit|p1b: Empoleon\n|-damage|p1b: Empoleon|0 fnt\n|faint|p1b: Empoleon\n|cant|p2b: Garganacl|move: Taunt|Recover\n|\n|-heal|p2b: Garganacl|64\/100|[from] Grassy Terrain\n|upkeep\n|\n|t:|1698680936\n|switch|p1b: Grapploct|Grapploct, F|100\/100\n|-activate|p1b: Grapploct|move: Sticky Web\n|-unboost|p1b: Grapploct|spe|1\n|turn|11\n|\n|t:|1698680954\n|move|p1a: Rillaboom|Wood Hammer|p2a: Aggron\n|-resisted|p2a: Aggron\n|-damage|p2a: Aggron|86\/100\n|-damage|p1a: Rillaboom|96\/100|[from] Recoil\n|move|p2a: Aggron|Body Press|p1b: Grapploct\n|-damage|p1b: Grapploct|51\/100\n|move|p2b: Garganacl|Body Press|p1b: Grapploct\n|-damage|p1b: Grapploct|0 fnt\n|faint|p1b: Grapploct\n|\n|-heal|p1a: Rillaboom|100\/100|[from] Grassy Terrain\n|-heal|p2a: Aggron|92\/100|[from] Grassy Terrain\n|-heal|p2b: Garganacl|71\/100|[from] Grassy Terrain\n|upkeep\n|turn|12\n|-message|Kingofspades13 forfeited.\n|\n|win|The power of ROCK\n|n|\u2606Kingofspades13|kingofspades13\n|n|\u2606The power of ROCK|thepowerofrock\n|n| kitsu-aria|kitsuaria\n|l|\u2606Kingofspades13\n|c|\u2606The power of ROCK|gg : )\n","uploadtime":1698680995,"views":10,"p1id":"kingofspades13","p2id":"thepowerofrock","formatid":"gen9nationaldexdoubles","rating":0,"private":0,"password":""}