{"id":"gen9nationaldexdoubles-1954938629","p1":"Brick_Enjoyer_144","p2":"KR0N0Z","format":"[Gen 9] National Dex Doubles","log":"|j|\u2606Brick_Enjoyer_144\n|j|\u2606KR0N0Z\n|t:|1695939046\n|gametype|doubles\n|player|p1|Brick_Enjoyer_144|shauntal|1158\n|player|p2|KR0N0Z|roxie|1185\n|teamsize|p1|6\n|teamsize|p2|6\n|gen|9\n|tier|[Gen 9] National Dex Doubles\n|rated|\n|rule|HP Percentage Mod: HP is shown in percentages\n|rule|Endless Battle Clause: Forcing endless battles is banned\n|rule|OHKO Clause: OHKO moves are banned\n|rule|Evasion Moves Clause: Evasion moves are banned\n|rule|Evasion Abilities Clause: Evasion abilities are banned\n|rule|Species Clause: Limit one of each Pok\u00e9mon\n|rule|Gravity Sleep Clause: The combination of sleep-inducing moves with imperfect accuracy and Gravity or Gigantamax Orbeetle are banned\n|clearpoke\n|poke|p1|Spiritomb, M|\n|poke|p1|Cetitan, M|\n|poke|p1|Porygon2|\n|poke|p1|Stakataka|\n|poke|p1|Vikavolt, F|\n|poke|p1|Volcanion|\n|poke|p2|Muk-Alola, F|\n|poke|p2|Oranguru, M|\n|poke|p2|Torkoal, M|\n|poke|p2|Camerupt, M|\n|poke|p2|Golem-Alola, F|\n|poke|p2|Zygarde|\n|teampreview\n|inactive|Battle timer is ON: inactive players will automatically lose when time's up. (requested by Brick_Enjoyer_144)\n|\n|t:|1695939054\n|start\n|switch|p1a: Spiritomb|Spiritomb, M|100\/100\n|switch|p1b: Cetitan|Cetitan, M|100\/100\n|switch|p2a: Muk|Muk-Alola, F, shiny|100\/100\n|switch|p2b: Golem|Golem-Alola, F, shiny|100\/100\n|-ability|p1a: Spiritomb|Pressure\n|turn|1\n|\n|t:|1695939069\n|move|p2a: Muk|Protect|p2a: Muk\n|-singleturn|p2a: Muk|Protect\n|move|p1b: Cetitan|Belly Drum|p1b: Cetitan\n|-damage|p1b: Cetitan|50\/100\n|-setboost|p1b: Cetitan|atk|6|[from] move: Belly Drum\n|move|p2b: Golem|Explosion|p1b: Cetitan|[spread] p1a,p1b\n|-activate|p2a: Muk|move: Protect\n|-damage|p1a: Spiritomb|0 fnt\n|-damage|p1b: Cetitan|0 fnt\n|faint|p2b: Golem\n|-ability|p2a: Muk|Galvanize|[from] ability: Power of Alchemy|[of] p2b: Golem\n|faint|p1a: Spiritomb\n|faint|p1b: Cetitan\n|\n|upkeep\n|\n|t:|1695939090\n|switch|p1b: Vikavolt|Vikavolt, F|100\/100\n|switch|p2b: Oranguru|Oranguru, M|100\/100\n|switch|p1a: Porygon2|Porygon2|100\/100\n|-ability|p1a: Porygon2|Telepathy|[from] ability: Trace|[of] p2b: Oranguru\n|turn|2\n|\n|t:|1695939108\n|move|p2a: Muk|Explosion|p1a: Porygon2|[spread] p1a,p1b\n|-activate|p2b: Oranguru|ability: Telepathy\n|-resisted|p1b: Vikavolt\n|-damage|p1a: Porygon2|55\/100\n|-damage|p1b: Vikavolt|60\/100\n|faint|p2a: Muk\n|move|p1b: Vikavolt|Bug Buzz|p2b: Oranguru\n|-supereffective|p2b: Oranguru\n|-enditem|p2b: Oranguru|Focus Sash\n|-damage|p2b: Oranguru|1\/100\n|move|p2b: Oranguru|Trick Room|p2b: Oranguru\n|-fieldstart|move: Trick Room|[of] p2b: Oranguru\n|move|p1a: Porygon2|Trick Room|p1a: Porygon2\n|-fieldend|move: Trick Room\n|\n|upkeep\n|\n|t:|1695939125\n|switch|p2a: Zygarde|Zygarde|100\/100\n|-ability|p2a: Zygarde|Aura Break\n|turn|3\n|\n|t:|1695939138\n|move|p2b: Oranguru|Ally Switch|p2b: Oranguru\n|swap|p2b: Oranguru|0|[from] move: Ally Switch\n|move|p2b: Zygarde|Dragon Dance|p2b: Zygarde\n|-boost|p2b: Zygarde|atk|1\n|-boost|p2b: Zygarde|spe|1\n|move|p1b: Vikavolt|Bug Buzz|p2b: Zygarde\n|-damage|p2b: Zygarde|17\/100\n|move|p1a: Porygon2|Trick Room|p1a: Porygon2\n|-fieldstart|move: Trick Room|[of] p1a: Porygon2\n|\n|-heal|p2b: Zygarde|23\/100|[from] item: Leftovers\n|upkeep\n|turn|4\n|\n|t:|1695939162\n|switch|p2a: Torkoal|Torkoal, M, shiny|100\/100\n|-weather|SunnyDay|[from] ability: Drought|[of] p2a: Torkoal\n|move|p1b: Vikavolt|Bug Buzz|p2a: Torkoal\n|-resisted|p2a: Torkoal\n|-damage|p2a: Torkoal|42\/100\n|move|p1a: Porygon2|Foul Play|p2b: Zygarde\n|-damage|p2b: Zygarde|0 fnt\n|faint|p2b: Zygarde\n|\n|-weather|SunnyDay|[upkeep]\n|-heal|p2a: Torkoal|48\/100|[from] item: Leftovers\n|upkeep\n|inactive|KR0N0Z has 120 seconds left.\n|\n|t:|1695939178\n|switch|p2b: Oranguru|Oranguru, M|1\/100\n|turn|5\n|\n|t:|1695939188\n|-terastallize|p2a: Torkoal|Fire\n|move|p2a: Torkoal|Lava Plume|p1b: Vikavolt|[spread] p1a,p1b\n|-activate|p2b: Oranguru|ability: Telepathy\n|-supereffective|p1b: Vikavolt\n|-damage|p1a: Porygon2|32\/100\n|-damage|p1b: Vikavolt|0 fnt\n|faint|p1b: Vikavolt\n|move|p1a: Porygon2|Foul Play|p2b: Oranguru\n|-supereffective|p2b: Oranguru\n|-damage|p2b: Oranguru|0 fnt\n|faint|p2b: Oranguru\n|\n|-weather|SunnyDay|[upkeep]\n|-heal|p2a: Torkoal|54\/100|[from] item: Leftovers\n|upkeep\n|\n|t:|1695939202\n|switch|p1b: Volcanion|Volcanion|100\/100\n|switch|p2b: Camerupt|Camerupt, M, shiny|100\/100\n|turn|6\n|\n|t:|1695939217\n|detailschange|p2b: Camerupt|Camerupt-Mega, M, shiny\n|-mega|p2b: Camerupt|Camerupt|Cameruptite\n|move|p2a: Torkoal|Fire Blast|p1a: Porygon2\n|-damage|p1a: Porygon2|0 fnt\n|faint|p1a: Porygon2\n|move|p2b: Camerupt|Earth Power|p1b: Volcanion\n|-supereffective|p1b: Volcanion\n|-damage|p1b: Volcanion|0 fnt\n|faint|p1b: Volcanion\n|\n|-weather|SunnyDay|[upkeep]\n|-heal|p2a: Torkoal|60\/100|[from] item: Leftovers\n|upkeep\n|\n|t:|1695939227\n|switch|p1b: Stakataka|Stakataka|100\/100\n|turn|7\n|\n|t:|1695939240\n|-terastallize|p1b: Stakataka|Rock\n|move|p1b: Stakataka|Substitute|p1b: Stakataka\n|-start|p1b: Stakataka|Substitute\n|-damage|p1b: Stakataka|76\/100\n|move|p2b: Camerupt|Earth Power|p1b: Stakataka\n|-supereffective|p1b: Stakataka\n|-end|p1b: Stakataka|Substitute\n|move|p2a: Torkoal|Fire Blast|p1b: Stakataka\n|-resisted|p1b: Stakataka\n|-damage|p1b: Stakataka|27\/100\n|\n|-weather|SunnyDay|[upkeep]\n|-heal|p2a: Torkoal|66\/100|[from] item: Leftovers\n|-fieldend|move: Trick Room\n|upkeep\n|turn|8\n|\n|t:|1695939260\n|move|p2a: Torkoal|Fire Blast|p1b: Stakataka|[miss]\n|-miss|p2a: Torkoal|p1b: Stakataka\n|move|p2b: Camerupt|Eruption|p1b: Stakataka\n|-resisted|p1b: Stakataka\n|-damage|p1b: Stakataka|0 fnt\n|faint|p1b: Stakataka\n|\n|win|KR0N0Z\n|raw|Brick_Enjoyer_144's rating: 1158 &rarr; <strong>1135<\/strong><br \/>(-23 for losing)\n|raw|KR0N0Z's rating: 1185 &rarr; <strong>1208<\/strong><br \/>(+23 for winning)\n","uploadtime":1695939270,"views":12,"p1id":"brickenjoyer144","p2id":"kr0n0z","formatid":"gen9nationaldexdoubles","rating":1135,"private":0,"password":""}