{"id":"gen9nationaldexdoubles-1987771112","p1":"Cod3broken_2009","p2":"cutiefy","format":"[Gen 9] National Dex Doubles","log":"|j|\u2606Cod3broken_2009\n|j|\u2606cutiefy\n|t:|1699635388\n|gametype|doubles\n|player|p1|Cod3broken_2009|akari|1000\n|player|p2|cutiefy|dawn|1104\n|teamsize|p1|6\n|teamsize|p2|6\n|gen|9\n|tier|[Gen 9] National Dex Doubles\n|rated|\n|rule|HP Percentage Mod: HP is shown in percentages\n|rule|Endless Battle Clause: Forcing endless battles is banned\n|rule|OHKO Clause: OHKO moves are banned\n|rule|Evasion Moves Clause: Evasion moves are banned\n|rule|Evasion Abilities Clause: Evasion abilities are banned\n|rule|Species Clause: Limit one of each Pok\u00e9mon\n|rule|Gravity Sleep Clause: The combination of sleep-inducing moves with imperfect accuracy and Gravity or Gigantamax Orbeetle are banned\n|clearpoke\n|poke|p1|Ogerpon-Hearthflame, F|\n|poke|p1|Lilligant-Hisui, F|\n|poke|p1|Gholdengo|\n|poke|p1|Iron Valiant|\n|poke|p1|Palafin, M|\n|poke|p1|Dragonite, M|\n|poke|p2|Lilligant, F|\n|poke|p2|Jumpluff, M|\n|poke|p2|Clefairy, F|\n|poke|p2|Sylveon, M|\n|poke|p2|Gastrodon-East, M|\n|poke|p2|Breloom, F|\n|teampreview\n|c|\u2606Cod3broken_2009|glhf\n|\n|t:|1699635407\n|start\n|switch|p1a: Palafin|Palafin, M|100\/100\n|switch|p1b: Gholdengo|Gholdengo, shiny|100\/100\n|switch|p2a: Silvie|Sylveon, M|100\/100\n|switch|p2b: Jumpy|Jumpluff, M, shiny|100\/100\n|turn|1\n|c|\u2606cutiefy|:(\n|\n|t:|1699635434\n|move|p1a: Palafin|Endure|p1a: Palafin\n|-singleturn|p1a: Palafin|move: Endure\n|move|p2b: Jumpy|Sleep Powder|p1b: Gholdengo\n|-immune|p1b: Gholdengo|[from] ability: Good as Gold\n|move|p2a: Silvie|Calm Mind|p2a: Silvie\n|-boost|p2a: Silvie|spa|1\n|-boost|p2a: Silvie|spd|1\n|move|p1b: Gholdengo|Shadow Ball|p2b: Jumpy\n|-damage|p2b: Jumpy|56\/100\n|\n|upkeep\n|turn|2\n|\n|t:|1699635467\n|-terastallize|p2a: Silvie|Fighting\n|move|p1a: Palafin|Endure|p1a: Palafin\n|-singleturn|p1a: Palafin|move: Endure\n|move|p2b: Jumpy|Sleep Powder|p1a: Palafin\n|-status|p1a: Palafin|slp|[from] move: Sleep Powder\n|move|p2a: Silvie|Hyper Voice|p1b: Gholdengo|[spread] p1a,p1b\n|-resisted|p1b: Gholdengo\n|-crit|p1b: Gholdengo\n|-activate|p1a: Palafin|move: Endure\n|-damage|p1a: Palafin|1\/100 slp\n|-damage|p1b: Gholdengo|43\/100\n|-enditem|p1a: Palafin|Eject Button\n|-damage|p2a: Silvie|91\/100|[from] item: Life Orb\n|\n|t:|1699635483\n|detailschange|p1a: Palafin|Palafin-Hero, M\n|switch|p1a: Dragonite|Dragonite, M|100\/100\n|move|p1b: Gholdengo|Make It Rain|p2b: Jumpy|[spread] p2a,p2b\n|-damage|p2a: Silvie|63\/100\n|-damage|p2b: Jumpy|0 fnt\n|-unboost|p1b: Gholdengo|spa|1\n|faint|p2b: Jumpy\n|\n|upkeep\n|\n|t:|1699635496\n|switch|p2b: Cleffy|Clefairy, F|100\/100\n|turn|3\n|\n|t:|1699635512\n|switch|p1b: Iron Valiant|Iron Valiant|100\/100\n|-enditem|p1b: Iron Valiant|Booster Energy\n|-activate|p1b: Iron Valiant|ability: Quark Drive|[fromitem]\n|-start|p1b: Iron Valiant|quarkdrivespe\n|-terastallize|p1a: Dragonite|Dragon\n|move|p2b: Cleffy|Follow Me|p2b: Cleffy\n|-singleturn|p2b: Cleffy|move: Follow Me\n|move|p1a: Dragonite|Hurricane|p2b: Cleffy\n|-damage|p2b: Cleffy|53\/100\n|move|p2a: Silvie|Hyper Voice|p1a: Dragonite|[spread] p1a,p1b\n|-supereffective|p1a: Dragonite\n|-supereffective|p1b: Iron Valiant\n|-damage|p1a: Dragonite|24\/100\n|-damage|p1b: Iron Valiant|0 fnt\n|faint|p1b: Iron Valiant\n|-end|p1b: Iron Valiant|Quark Drive|[silent]\n|-damage|p2a: Silvie|53\/100|[from] item: Life Orb\n|\n|-heal|p1a: Dragonite|30\/100|[from] item: Leftovers\n|upkeep\n|\n|t:|1699635532\n|switch|p1b: Lilligant|Lilligant-Hisui, F, shiny|100\/100\n|turn|4\n|\n|t:|1699635545\n|move|p2b: Cleffy|Follow Me|p2b: Cleffy\n|-singleturn|p2b: Cleffy|move: Follow Me\n|move|p1b: Lilligant|Axe Kick|p2b: Cleffy\n|-resisted|p2b: Cleffy\n|-damage|p2b: Cleffy|8\/100\n|-damage|p1b: Lilligant|91\/100|[from] item: Life Orb\n|move|p1a: Dragonite|Roost|p1a: Dragonite\n|-heal|p1a: Dragonite|80\/100\n|move|p2a: Silvie|Hyper Voice|p1b: Lilligant|[spread] p1a,p1b\n|-supereffective|p1a: Dragonite\n|-supereffective|p1b: Lilligant\n|-damage|p1a: Dragonite|0 fnt\n|-damage|p1b: Lilligant|0 fnt\n|faint|p1a: Dragonite\n|faint|p1b: Lilligant\n|-damage|p2a: Silvie|43\/100|[from] item: Life Orb\n|\n|upkeep\n|\n|t:|1699635564\n|switch|p1b: Gholdengo|Gholdengo, shiny|43\/100\n|switch|p1a: Ogerpon|Ogerpon-Hearthflame, F|100\/100\n|-ability|p1a: Ogerpon|Mold Breaker\n|turn|5\n|\n|t:|1699635582\n|move|p1a: Ogerpon|Brick Break|p2b: Cleffy\n|-resisted|p2b: Cleffy\n|-damage|p2b: Cleffy|0 fnt\n|faint|p2b: Cleffy\n|move|p2a: Silvie|Hyper Voice|p1b: Gholdengo|[spread] p1a,p1b\n|-resisted|p1a: Ogerpon\n|-resisted|p1b: Gholdengo\n|-damage|p1a: Ogerpon|56\/100\n|-damage|p1b: Gholdengo|6\/100\n|-damage|p2a: Silvie|33\/100|[from] item: Life Orb\n|move|p1b: Gholdengo|Shadow Ball|p2a: Silvie\n|-damage|p2a: Silvie|7\/100\n|\n|upkeep\n|\n|t:|1699635595\n|switch|p2b: Celantro|Breloom, F|100\/100\n|turn|6\n|\n|t:|1699635606\n|move|p1a: Ogerpon|Ivy Cudgel|p2b: Celantro\n|-supereffective|p2b: Celantro\n|-damage|p2b: Celantro|0 fnt\n|faint|p2b: Celantro\n|move|p2a: Silvie|Hyper Voice|p1b: Gholdengo|[spread] p1a,p1b\n|-resisted|p1a: Ogerpon\n|-resisted|p1b: Gholdengo\n|-damage|p1a: Ogerpon|10\/100\n|-damage|p1b: Gholdengo|0 fnt\n|faint|p1b: Gholdengo\n|-damage|p2a: Silvie|0 fnt|[from] item: Life Orb\n|faint|p2a: Silvie\n|\n|upkeep\n|\n|t:|1699635618\n|switch|p2b: shell boi|Gastrodon-East, M|100\/100\n|switch|p2a: Lily|Lilligant, F, shiny|100\/100\n|switch|p1b: Palafin|Palafin-Hero, M|1\/100 slp\n|-activate|p1b: Palafin|ability: Zero to Hero\n|turn|7\n|\n|t:|1699635642\n|cant|p1b: Palafin|slp\n|move|p1a: Ogerpon|Horn Leech|p2b: shell boi\n|-supereffective|p2b: shell boi\n|-damage|p2b: shell boi|0 fnt\n|-heal|p1a: Ogerpon|80\/100|[from] drain|[of] p2b: shell boi\n|faint|p2b: shell boi\n|move|p2a: Lily|Giga Drain|p1a: Ogerpon\n|-resisted|p1a: Ogerpon\n|-damage|p1a: Ogerpon|67\/100\n|-damage|p2a: Lily|91\/100|[from] item: Life Orb\n|\n|upkeep\n|turn|8\n|\n|t:|1699635657\n|-curestatus|p1b: Palafin|slp|[msg]\n|move|p1b: Palafin|Protect|p1b: Palafin\n|-singleturn|p1b: Palafin|Protect\n|move|p1a: Ogerpon|Ivy Cudgel|p2a: Lily\n|-supereffective|p2a: Lily\n|-damage|p2a: Lily|0 fnt\n|faint|p2a: Lily\n|\n|win|Cod3broken_2009\n|raw|Cod3broken_2009's rating: 1000 &rarr; <strong>1052<\/strong><br \/>(+52 for winning)\n|raw|cutiefy's rating: 1104 &rarr; <strong>1072<\/strong><br \/>(-32 for losing)\n|l|\u2606cutiefy\n|c|\u2606Cod3broken_2009|gg\n|l|\u2606Cod3broken_2009\n|j|\u2606Cod3broken_2009\n|player|p1|Cod3broken_2009|akari\n","uploadtime":1699635718,"views":10,"p1id":"cod3broken2009","p2id":"cutiefy","formatid":"gen9nationaldexdoubles","rating":1052,"private":0,"password":""}