{"id":"gen9nationaldexdoubles-1966344876","p1":"Mokaccino333","p2":"BipolarBear33243","format":"[Gen 9] National Dex Doubles","log":"|j|\u2606Mokaccino333\n|j|\u2606BipolarBear33243\n|t:|1697171870\n|gametype|doubles\n|player|p1|Mokaccino333|102|1397\n|player|p2|BipolarBear33243|lady-gen4|1247\n|teamsize|p1|6\n|teamsize|p2|6\n|gen|9\n|tier|[Gen 9] National Dex Doubles\n|rated|\n|rule|HP Percentage Mod: HP is shown in percentages\n|rule|Endless Battle Clause: Forcing endless battles is banned\n|rule|OHKO Clause: OHKO moves are banned\n|rule|Evasion Moves Clause: Evasion moves are banned\n|rule|Evasion Abilities Clause: Evasion abilities are banned\n|rule|Species Clause: Limit one of each Pok\u00e9mon\n|rule|Gravity Sleep Clause: The combination of sleep-inducing moves with imperfect accuracy and Gravity or Gigantamax Orbeetle are banned\n|clearpoke\n|poke|p1|Cradily, F|\n|poke|p1|Aerodactyl, M|\n|poke|p1|Lycanroc-Dusk, M|\n|poke|p1|Nihilego|\n|poke|p1|Tyranitar, M|\n|poke|p1|Aggron, M|\n|poke|p2|Barraskewda, M|\n|poke|p2|Pelipper, F|\n|poke|p2|Drednaw, M|\n|poke|p2|Zapdos|\n|poke|p2|Seaking, M|\n|poke|p2|Oranguru, M|\n|teampreview\n|inactive|Battle timer is ON: inactive players will automatically lose when time's up. (requested by BipolarBear33243)\n|inactive|BipolarBear33243 has 120 seconds left.\n|\n|t:|1697171916\n|start\n|switch|p1a: Aerodactyl|Aerodactyl, M|100\/100\n|switch|p1b: Nihilego|Nihilego|100\/100\n|switch|p2a: Pelipper|Pelipper, F|100\/100\n|switch|p2b: Zapdos|Zapdos|100\/100\n|-ability|p1a: Aerodactyl|Unnerve\n|-weather|RainDance|[from] ability: Drizzle|[of] p2a: Pelipper\n|turn|1\n|\n|t:|1697171939\n|switch|p2a: Seaking|Seaking, M|100\/100\n|move|p1a: Aerodactyl|Tailwind|p1a: Aerodactyl\n|-sidestart|p1: Mokaccino333|move: Tailwind\n|-zpower|p1b: Nihilego\n|move|p1b: Nihilego|Continental Crush|p2b: Zapdos|[zeffect]\n|-supereffective|p2b: Zapdos\n|-damage|p2b: Zapdos|0 fnt\n|faint|p2b: Zapdos\n|-ability|p1b: Nihilego|Beast Boost|boost\n|-boost|p1b: Nihilego|spa|1\n|\n|-weather|RainDance|[upkeep]\n|upkeep\n|inactive|BipolarBear33243 has 120 seconds left.\n|\n|t:|1697171967\n|switch|p2b: Drednaw|Drednaw, M|100\/100\n|turn|2\n|\n|t:|1697171974\n|move|p1a: Aerodactyl|Sky Drop||[still]\n|-prepare|p1a: Aerodactyl|Sky Drop|p2a: Seaking\n|move|p1b: Nihilego|Grass Knot|p2b: Drednaw\n|-supereffective|p2b: Drednaw\n|-damage|p2b: Drednaw|0 fnt\n|faint|p2b: Drednaw\n|-ability|p1b: Nihilego|Beast Boost|boost\n|-boost|p1b: Nihilego|spa|1\n|\n|-weather|RainDance|[upkeep]\n|upkeep\n|inactive|BipolarBear33243 has 120 seconds left.\n|\n|t:|1697172005\n|switch|p2b: Barraskewda|Barraskewda, M|100\/100\n|turn|3\n|inactive|BipolarBear33243 has 120 seconds left.\n|\n|t:|1697172028\n|-terastallize|p2b: Barraskewda|Water\n|move|p1b: Nihilego|Protect|p1b: Nihilego\n|-singleturn|p1b: Nihilego|Protect\n|move|p1a: Aerodactyl|Sky Drop|p2a: Seaking|[from]lockedmove\n|-damage|p2a: Seaking|72\/100\n|-end|p2a: Seaking|Sky Drop\n|move|p2b: Barraskewda|Liquidation|p1b: Nihilego\n|-activate|p1b: Nihilego|move: Protect\n|move|p2a: Seaking|Muddy Water|p1a: Aerodactyl|[spread] p1a\n|-activate|p1b: Nihilego|move: Protect\n|-supereffective|p1a: Aerodactyl\n|-enditem|p1a: Aerodactyl|Focus Sash\n|-damage|p1a: Aerodactyl|1\/100\n|\n|-weather|RainDance|[upkeep]\n|upkeep\n|turn|4\n|inactive|BipolarBear33243 has 120 seconds left.\n|\n|t:|1697172068\n|switch|p1a: Tyranitar|Tyranitar, M|100\/100\n|-weather|Sandstorm|[from] ability: Sand Stream|[of] p1a: Tyranitar\n|move|p2b: Barraskewda|Aqua Jet|p1b: Nihilego\n|-supereffective|p1b: Nihilego\n|-damage|p1b: Nihilego|0 fnt\n|faint|p1b: Nihilego\n|-damage|p2b: Barraskewda|91\/100|[from] item: Life Orb\n|move|p2a: Seaking|Muddy Water|p1a: Tyranitar\n|-supereffective|p1a: Tyranitar\n|-damage|p1a: Tyranitar|37\/100\n|\n|-weather|Sandstorm|[upkeep]\n|-damage|p2b: Barraskewda|85\/100|[from] Sandstorm\n|-damage|p2a: Seaking|66\/100|[from] Sandstorm\n|-sideend|p1: Mokaccino333|move: Tailwind\n|upkeep\n|\n|t:|1697172075\n|switch|p1b: Cradily|Cradily, F|100\/100\n|turn|5\n|\n|t:|1697172084\n|switch|p2b: Pelipper|Pelipper, F|100\/100\n|-weather|RainDance|[from] ability: Drizzle|[of] p2b: Pelipper\n|move|p1a: Tyranitar|Rock Slide|p2a: Seaking|[spread] p2a,p2b\n|-supereffective|p2b: Pelipper\n|-damage|p2a: Seaking|4\/100\n|-damage|p2b: Pelipper|15\/100\n|-damage|p1a: Tyranitar|27\/100|[from] item: Life Orb\n|move|p2a: Seaking|Muddy Water|p1a: Tyranitar|[spread] p1a\n|-ability|p1b: Cradily|Storm Drain|boost\n|-boost|p1b: Cradily|spa|1\n|-supereffective|p1a: Tyranitar\n|-damage|p1a: Tyranitar|0 fnt\n|faint|p1a: Tyranitar\n|move|p1b: Cradily|Giga Drain|p2b: Pelipper\n|-damage|p2b: Pelipper|0 fnt\n|faint|p2b: Pelipper\n|\n|-weather|RainDance|[upkeep]\n|upkeep\n|\n|t:|1697172104\n|switch|p1a: Lycanroc|Lycanroc-Dusk, M|100\/100\n|switch|p2b: Oranguru|Oranguru, M|100\/100\n|turn|6\n|\n|t:|1697172118\n|move|p2b: Oranguru|Protect|p2b: Oranguru\n|-singleturn|p2b: Oranguru|Protect\n|move|p1a: Lycanroc|Accelerock|p2a: Seaking\n|-damage|p2a: Seaking|0 fnt\n|faint|p2a: Seaking\n|-damage|p1a: Lycanroc|91\/100|[from] item: Life Orb\n|move|p1b: Cradily|Meteor Beam||[still]\n|-prepare|p1b: Cradily|Meteor Beam\n|-boost|p1b: Cradily|spa|1\n|-enditem|p1b: Cradily|Power Herb\n|-anim|p1b: Cradily|Meteor Beam|p2b: Oranguru\n|-activate|p2b: Oranguru|move: Protect\n|\n|-weather|RainDance|[upkeep]\n|upkeep\n|\n|t:|1697172131\n|switch|p2a: Barraskewda|Barraskewda, M, tera:Water|85\/100\n|turn|7\n|\n|t:|1697172153\n|-terastallize|p1a: Lycanroc|Rock\n|move|p1a: Lycanroc|Accelerock|p2a: Barraskewda\n|-damage|p2a: Barraskewda|5\/100\n|-damage|p1a: Lycanroc|81\/100|[from] item: Life Orb\n|move|p2a: Barraskewda|Psychic Fangs|p1b: Cradily\n|-damage|p1b: Cradily|65\/100\n|-damage|p2a: Barraskewda|0 fnt|[from] item: Life Orb\n|faint|p2a: Barraskewda\n|move|p2b: Oranguru|Instruct|p2: Barraskewda|[notarget]\n|-fail|p2b: Oranguru\n|move|p1b: Cradily|Giga Drain|p2b: Oranguru\n|-damage|p2b: Oranguru|75\/100\n|-heal|p1b: Cradily|78\/100|[from] drain|[of] p2b: Oranguru\n|\n|-weather|RainDance|[upkeep]\n|upkeep\n|turn|8\n|c|\u2606Mokaccino333|gg\n|-message|BipolarBear33243 forfeited.\n|\n|win|Mokaccino333\n|raw|Mokaccino333's rating: 1397 &rarr; <strong>1409<\/strong><br \/>(+12 for winning)\n|raw|BipolarBear33243's rating: 1247 &rarr; <strong>1232<\/strong><br \/>(-15 for losing)\n|l|\u2606BipolarBear33243\n","uploadtime":1697172170,"views":10,"p1id":"mokaccino333","p2id":"bipolarbear33243","formatid":"gen9nationaldexdoubles","rating":1232,"private":0,"password":""}