{"id":"gen9nationaldexdoubles-1981614220","p1":"R.para ti","p2":"noobplayer1302","format":"[Gen 9] National Dex Doubles","log":"|j|\u2606R.para ti\n|j|\u2606noobplayer1302\n|t:|1698926186\n|gametype|doubles\n|player|p1|R.para ti|101|\n|player|p2|noobplayer1302|101|\n|teamsize|p1|6\n|teamsize|p2|6\n|gen|9\n|tier|[Gen 9] National Dex Doubles\n|rated|Tournament battle\n|rule|HP Percentage Mod: HP is shown in percentages\n|rule|Endless Battle Clause: Forcing endless battles is banned\n|rule|OHKO Clause: OHKO moves are banned\n|rule|Evasion Moves Clause: Evasion moves are banned\n|rule|Evasion Abilities Clause: Evasion abilities are banned\n|rule|Species Clause: Limit one of each Pok\u00e9mon\n|rule|Gravity Sleep Clause: The combination of sleep-inducing moves with imperfect accuracy and Gravity or Gigantamax Orbeetle are banned\n|clearpoke\n|poke|p1|Meowstic, M|\n|poke|p1|Armarouge, F|\n|poke|p1|Alakazam, F|\n|poke|p1|Chi-Yu|\n|poke|p1|Flutter Mane|\n|poke|p1|Gothitelle, M|\n|poke|p2|Kangaskhan, F|\n|poke|p2|Rillaboom, M|\n|poke|p2|Kyurem-Black|\n|poke|p2|Jirachi|\n|poke|p2|Urshifu-*, F|\n|poke|p2|Zeraora|\n|teampreview\n|\n|t:|1698926201\n|start\n|switch|p1a: \"El Bananero\"|Meowstic, M, shiny|100\/100\n|switch|p1b: Armarouge|Armarouge, F|100\/100\n|switch|p2a: Jirachi|Jirachi|100\/100\n|switch|p2b: Kyurem|Kyurem-Black|100\/100\n|-ability|p2b: Kyurem|Teravolt\n|turn|1\n|\n|t:|1698926208\n|-terastallize|p1b: Armarouge|Dark\n|move|p2a: Jirachi|Follow Me|p2a: Jirachi\n|-singleturn|p2a: Jirachi|move: Follow Me\n|move|p1a: \"El Bananero\"|Power-Up Punch|p2a: Jirachi\n|-damage|p2a: Jirachi|97\/100\n|-boost|p1a: \"El Bananero\"|atk|1\n|move|p2b: Kyurem|Dragon Dance|p2b: Kyurem\n|-boost|p2b: Kyurem|atk|1\n|-boost|p2b: Kyurem|spe|1\n|move|p1b: Armarouge|Calm Mind|p1b: Armarouge\n|-boost|p1b: Armarouge|spa|1\n|-boost|p1b: Armarouge|spd|1\n|\n|upkeep\n|turn|2\n|inactive|Battle timer is ON: inactive players will automatically lose when time's up. (requested by noobplayer1302)\n|\n|t:|1698926219\n|move|p2a: Jirachi|Follow Me|p2a: Jirachi\n|-singleturn|p2a: Jirachi|move: Follow Me\n|move|p1a: \"El Bananero\"|Psychic Terrain|p1a: \"El Bananero\"\n|-fieldstart|move: Psychic Terrain\n|move|p2b: Kyurem|Dragon Dance|p2b: Kyurem\n|-boost|p2b: Kyurem|atk|1\n|-boost|p2b: Kyurem|spe|1\n|move|p1b: Armarouge|Expanding Force|p2b: Kyurem|[spread] p2a,p2b\n|-resisted|p2a: Jirachi\n|-crit|p2a: Jirachi\n|-damage|p2a: Jirachi|77\/100\n|-damage|p2b: Kyurem|43\/100\n|\n|upkeep\n|turn|3\n|inactive|noobplayer1302 has 120 seconds left.\n|\n|t:|1698926250\n|move|p2b: Kyurem|Protect|p2b: Kyurem\n|-singleturn|p2b: Kyurem|Protect\n|move|p1a: \"El Bananero\"|Sunny Day|p1a: \"El Bananero\"\n|-weather|SunnyDay\n|move|p2a: Jirachi|Life Dew|p2a: Jirachi|[spread] p2a,p2b\n|-heal|p2a: Jirachi|100\/100\n|-heal|p2b: Kyurem|68\/100\n|move|p1b: Armarouge|Heat Wave|p2a: Jirachi|[spread] p2a\n|-activate|p2b: Kyurem|move: Protect\n|-supereffective|p2a: Jirachi\n|-damage|p2a: Jirachi|10\/100\n|\n|-weather|SunnyDay|[upkeep]\n|upkeep\n|turn|4\n|inactive|noobplayer1302 has 120 seconds left.\n|\n|t:|1698926276\n|move|p1a: \"El Bananero\"|Ally Switch|p1a: \"El Bananero\"\n|swap|p1a: \"El Bananero\"|1|[from] move: Ally Switch\n|move|p2b: Kyurem|Fusion Bolt|p1b: \"El Bananero\"\n|-damage|p1b: \"El Bananero\"|18\/100\n|move|p2a: Jirachi|Iron Head|p1a: Armarouge\n|-damage|p1a: Armarouge|76\/100\n|-ability|p1a: Armarouge|Weak Armor|boost\n|-unboost|p1a: Armarouge|def|1\n|-boost|p1a: Armarouge|spe|2\n|move|p1a: Armarouge|Expanding Force|p2a: Jirachi|[spread] p2a,p2b\n|-resisted|p2a: Jirachi\n|-damage|p2a: Jirachi|0 fnt\n|-damage|p2b: Kyurem|11\/100\n|faint|p2a: Jirachi\n|\n|-weather|SunnyDay|[upkeep]\n|upkeep\n|inactive|noobplayer1302 has 120 seconds left.\n|\n|t:|1698926291\n|switch|p2a: Zeraora|Zeraora|100\/100\n|turn|5\n|j| KingFlame47\n|\n|t:|1698926301\n|move|p2a: Zeraora|Fake Out|p1a: Armarouge\n|-activate|p1a: Armarouge|move: Psychic Terrain\n|move|p2b: Kyurem|Fusion Bolt|p1a: Armarouge\n|-damage|p1a: Armarouge|0 fnt\n|faint|p1a: Armarouge\n|move|p1b: \"El Bananero\"|Power-Up Punch|p1: Armarouge|[notarget]\n|-fail|p1b: \"El Bananero\"\n|\n|-weather|SunnyDay|[upkeep]\n|upkeep\n|\n|t:|1698926307\n|switch|p1a: Flutter Mane|Flutter Mane|100\/100\n|-activate|p1a: Flutter Mane|ability: Protosynthesis\n|-start|p1a: Flutter Mane|protosynthesisspe\n|turn|6\n|\n|t:|1698926324\n|move|p1b: \"El Bananero\"|Ally Switch|p1b: \"El Bananero\"\n|swap|p1b: \"El Bananero\"|0|[from] move: Ally Switch\n|move|p1b: Flutter Mane|Dazzling Gleam|p2a: Zeraora|[spread] p2a,p2b\n|-supereffective|p2b: Kyurem\n|-damage|p2a: Zeraora|50\/100\n|-damage|p2b: Kyurem|0 fnt\n|faint|p2b: Kyurem\n|-damage|p1b: Flutter Mane|91\/100|[from] item: Life Orb\n|move|p2a: Zeraora|Coaching|p2: Kyurem|[notarget]\n|-fail|p2a: Zeraora\n|\n|-weather|SunnyDay|[upkeep]\n|-fieldend|move: Psychic Terrain\n|upkeep\n|\n|t:|1698926333\n|switch|p2b: Rillaboom|Rillaboom, M|100\/100\n|-fieldstart|move: Grassy Terrain|[from] ability: Grassy Surge|[of] p2b: Rillaboom\n|turn|7\n|\n|t:|1698926359\n|move|p2b: Rillaboom|Fake Out|p1a: \"El Bananero\"\n|-damage|p1a: \"El Bananero\"|6\/100\n|cant|p1a: \"El Bananero\"|flinch\n|move|p1b: Flutter Mane|Moonblast|p2a: Zeraora\n|-damage|p2a: Zeraora|0 fnt\n|faint|p2a: Zeraora\n|-damage|p1b: Flutter Mane|81\/100|[from] item: Life Orb\n|\n|-weather|none\n|-end|p1b: Flutter Mane|Protosynthesis\n|-heal|p1b: Flutter Mane|87\/100|[from] Grassy Terrain\n|-heal|p1a: \"El Bananero\"|12\/100|[from] Grassy Terrain\n|upkeep\n|\n|t:|1698926370\n|switch|p2a: Kangaskhan|Kangaskhan, F|100\/100\n|turn|8\n|\n|t:|1698926379\n|detailschange|p2a: Kangaskhan|Kangaskhan-Mega, F\n|-mega|p2a: Kangaskhan|Kangaskhan|Kangaskhanite\n|move|p2a: Kangaskhan|Fake Out|p1a: \"El Bananero\"\n|-damage|p1a: \"El Bananero\"|0 fnt\n|faint|p1a: \"El Bananero\"\n|-hitcount|p1: \"El Bananero\"|1\n|move|p1b: Flutter Mane|Mystical Fire|p2b: Rillaboom\n|-supereffective|p2b: Rillaboom\n|-damage|p2b: Rillaboom|47\/100\n|-unboost|p2b: Rillaboom|spa|1\n|-damage|p1b: Flutter Mane|77\/100|[from] item: Life Orb\n|move|p2b: Rillaboom|Wood Hammer|p1b: Flutter Mane\n|-damage|p1b: Flutter Mane|0 fnt\n|faint|p1b: Flutter Mane\n|-end|p1b: Flutter Mane|Protosynthesis|[silent]\n|-damage|p2b: Rillaboom|31\/100|[from] Recoil\n|\n|-heal|p2b: Rillaboom|38\/100|[from] Grassy Terrain\n|upkeep\n|\n|t:|1698926395\n|switch|p1b: Alakazam|Alakazam, F|100\/100\n|switch|p1a: Chi-Yu|Chi-Yu|100\/100\n|-ability|p1a: Chi-Yu|Beads of Ruin\n|turn|9\n|inactive|noobplayer1302 has 120 seconds left.\n|\n|t:|1698926426\n|detailschange|p1b: Alakazam|Alakazam-Mega, F\n|-mega|p1b: Alakazam|Alakazam|Alakazite\n|-ability|p1b: Alakazam|Parental Bond|[from] ability: Trace|[of] p2a: Kangaskhan\n|move|p2a: Kangaskhan|Protect|p2a: Kangaskhan\n|-singleturn|p2a: Kangaskhan|Protect\n|move|p1b: Alakazam|Expanding Force|p2a: Kangaskhan\n|-activate|p2a: Kangaskhan|move: Protect\n|move|p1a: Chi-Yu|Heat Wave|p2a: Kangaskhan|[spread] \n|-activate|p2a: Kangaskhan|move: Protect\n|-miss|p1a: Chi-Yu|p2b: Rillaboom\n|move|p2b: Rillaboom|Wood Hammer|p1b: Alakazam\n|-damage|p1b: Alakazam|0 fnt\n|faint|p1b: Alakazam\n|-damage|p2b: Rillaboom|17\/100|[from] Recoil\n|\n|-heal|p2b: Rillaboom|23\/100|[from] Grassy Terrain\n|upkeep\n|c| KingFlame47|@R.para ti damn ur a noob\n|\n|t:|1698926438\n|switch|p1b: Gothitelle|Gothitelle, M|100\/100\n|turn|10\n|\n|t:|1698926450\n|move|p1a: Chi-Yu|Heat Wave|p2a: Kangaskhan|[spread] p2b\n|-miss|p1a: Chi-Yu|p2a: Kangaskhan\n|-supereffective|p2b: Rillaboom\n|-damage|p2b: Rillaboom|0 fnt\n|faint|p2b: Rillaboom\n|-damage|p1a: Chi-Yu|91\/100|[from] item: Life Orb\n|move|p2a: Kangaskhan|Shadow Claw|p1b: Gothitelle\n|-supereffective|p1b: Gothitelle\n|-damage|p1b: Gothitelle|54\/100\n|-supereffective|p1b: Gothitelle\n|-damage|p1b: Gothitelle|43\/100\n|-hitcount|p1b: Gothitelle|2\n|move|p1b: Gothitelle|Expanding Force|p2a: Kangaskhan\n|-damage|p2a: Kangaskhan|53\/100\n|\n|-heal|p1a: Chi-Yu|97\/100|[from] Grassy Terrain\n|-heal|p2a: Kangaskhan|59\/100|[from] Grassy Terrain\n|-heal|p1b: Gothitelle|49\/100|[from] Grassy Terrain\n|upkeep\n|\n|t:|1698926459\n|switch|p2b: Urshifu|Urshifu-Rapid-Strike, F|100\/100\n|turn|11\n|\n|t:|1698926484\n|-terastallize|p2b: Urshifu|Grass\n|move|p2b: Urshifu|Surging Strikes|p1b: Gothitelle\n|-crit|p1b: Gothitelle\n|-damage|p1b: Gothitelle|25\/100\n|-crit|p1b: Gothitelle\n|-damage|p1b: Gothitelle|4\/100\n|-crit|p1b: Gothitelle\n|-damage|p1b: Gothitelle|0 fnt\n|faint|p1b: Gothitelle\n|-hitcount|p1: Gothitelle|3\n|move|p1a: Chi-Yu|Psychic|p2b: Urshifu\n|-damage|p2b: Urshifu|18\/100\n|-damage|p1a: Chi-Yu|87\/100|[from] item: Life Orb\n|move|p2a: Kangaskhan|Shadow Claw|p1a: Chi-Yu\n|-resisted|p1a: Chi-Yu\n|-damage|p1a: Chi-Yu|66\/100\n|-resisted|p1a: Chi-Yu\n|-damage|p1a: Chi-Yu|61\/100\n|-hitcount|p1a: Chi-Yu|2\n|\n|-heal|p2b: Urshifu|24\/100|[from] Grassy Terrain\n|-heal|p1a: Chi-Yu|67\/100|[from] Grassy Terrain\n|-heal|p2a: Kangaskhan|65\/100|[from] Grassy Terrain\n|-fieldend|move: Grassy Terrain\n|upkeep\n|turn|12\n|\n|t:|1698926503\n|move|p2b: Urshifu|Surging Strikes|p1a: Chi-Yu\n|-supereffective|p1a: Chi-Yu\n|-crit|p1a: Chi-Yu\n|-damage|p1a: Chi-Yu|0 fnt\n|faint|p1a: Chi-Yu\n|-hitcount|p1: Chi-Yu|1\n|\n|win|noobplayer1302\n|n|\u2606R.para ti|rparati\n|n|\u2606noobplayer1302|noobplayer1302\n|n| KingFlame47|kingflame47\n","uploadtime":1698926505,"views":4,"p1id":"rparati","p2id":"noobplayer1302","formatid":"gen9nationaldexdoubles","rating":0,"private":0,"password":""}