{"id":"gen9nationaldexdoubles-1986207646","p1":"Danodile","p2":"AkRAA22555","format":"[Gen 9] National Dex Doubles","log":"|j|\u2606Danodile\n|j|\u2606AkRAA22555\n|t:|1699459886\n|gametype|doubles\n|player|p1|Danodile|102|1000\n|player|p2|AkRAA22555|gambler|1092\n|teamsize|p1|6\n|teamsize|p2|6\n|gen|9\n|tier|[Gen 9] National Dex Doubles\n|rated|\n|rule|HP Percentage Mod: HP is shown in percentages\n|rule|Endless Battle Clause: Forcing endless battles is banned\n|rule|OHKO Clause: OHKO moves are banned\n|rule|Evasion Moves Clause: Evasion moves are banned\n|rule|Evasion Abilities Clause: Evasion abilities are banned\n|rule|Species Clause: Limit one of each Pok\u00e9mon\n|rule|Gravity Sleep Clause: The combination of sleep-inducing moves with imperfect accuracy and Gravity or Gigantamax Orbeetle are banned\n|clearpoke\n|poke|p1|Sceptile, M|\n|poke|p1|Skeledirge, M|\n|poke|p1|Samurott-Hisui, M|\n|poke|p1|Vikavolt, F|\n|poke|p1|Braviary-Hisui, M|\n|poke|p1|Kommo-o, M|\n|poke|p2|Chien-Pao|\n|poke|p2|Dragonite, M|\n|poke|p2|Ogerpon-Hearthflame, F|\n|poke|p2|Farigiraf, F|\n|poke|p2|Flutter Mane|\n|poke|p2|Clefairy, F|\n|teampreview\n|inactive|Battle timer is ON: inactive players will automatically lose when time's up. (requested by Danodile)\n|\n|t:|1699459897\n|start\n|switch|p1a: Vikavolt|Vikavolt, F|100\/100\n|switch|p1b: Samurott|Samurott-Hisui, M|100\/100\n|switch|p2a: Clefairy|Clefairy, F|100\/100\n|switch|p2b: Ogerpon|Ogerpon-Hearthflame, F|100\/100\n|-ability|p2b: Ogerpon|Mold Breaker\n|turn|1\n|\n|t:|1699459915\n|move|p2a: Clefairy|Follow Me|p2a: Clefairy\n|-singleturn|p2a: Clefairy|move: Follow Me\n|move|p2b: Ogerpon|Swords Dance|p2b: Ogerpon\n|-boost|p2b: Ogerpon|atk|2\n|move|p1b: Samurott|Ceaseless Edge|p2a: Clefairy\n|-resisted|p2a: Clefairy\n|-damage|p2a: Clefairy|68\/100\n|-sidestart|p2: AkRAA22555|Spikes\n|-damage|p1b: Samurott|91\/100|[from] item: Life Orb\n|move|p1a: Vikavolt|Sticky Web|p2a: Clefairy\n|-sidestart|p2: AkRAA22555|move: Sticky Web\n|\n|upkeep\n|turn|2\n|inactive|AkRAA22555 has 120 seconds left.\n|\n|t:|1699459947\n|move|p2b: Ogerpon|Trailblaze|p1b: Samurott\n|-supereffective|p1b: Samurott\n|-damage|p1b: Samurott|0 fnt\n|-boost|p2b: Ogerpon|spe|1\n|faint|p1b: Samurott\n|move|p1a: Vikavolt|Bug Buzz|p2b: Ogerpon\n|-damage|p2b: Ogerpon|55\/100\n|move|p2a: Clefairy|Encore|p1a: Vikavolt\n|-start|p1a: Vikavolt|Encore\n|\n|upkeep\n|\n|t:|1699459955\n|switch|p1b: Braviary|Braviary-Hisui, M|100\/100\n|turn|3\n|\n|t:|1699459965\n|move|p2a: Clefairy|Follow Me|p2a: Clefairy\n|-singleturn|p2a: Clefairy|move: Follow Me\n|move|p2b: Ogerpon|Ivy Cudgel|p1a: Vikavolt\n|-supereffective|p1a: Vikavolt\n|-enditem|p1a: Vikavolt|Focus Sash\n|-damage|p1a: Vikavolt|1\/100\n|move|p1b: Braviary|Esper Wing|p2a: Clefairy\n|-damage|p2a: Clefairy|40\/100\n|-boost|p1b: Braviary|spe|1\n|move|p1a: Vikavolt|Bug Buzz|p2a: Clefairy\n|-resisted|p2a: Clefairy\n|-damage|p2a: Clefairy|24\/100\n|\n|upkeep\n|turn|4\n|\n|t:|1699459988\n|move|p2a: Clefairy|Follow Me|p2a: Clefairy\n|-singleturn|p2a: Clefairy|move: Follow Me\n|move|p2b: Ogerpon|Knock Off|p1b: Braviary\n|-supereffective|p1b: Braviary\n|-damage|p1b: Braviary|0 fnt\n|-enditem|p1b: Braviary|Expert Belt|[from] move: Knock Off|[of] p2b: Ogerpon\n|faint|p1b: Braviary\n|move|p1a: Vikavolt|Bug Buzz|p2a: Clefairy\n|-resisted|p2a: Clefairy\n|-damage|p2a: Clefairy|5\/100\n|\n|upkeep\n|\n|t:|1699459992\n|switch|p1b: Kommo-o|Kommo-o, M|100\/100\n|turn|5\n|\n|t:|1699460006\n|move|p2a: Clefairy|Follow Me|p2a: Clefairy\n|-singleturn|p2a: Clefairy|move: Follow Me\n|move|p2b: Ogerpon|Trailblaze|p1a: Vikavolt\n|-resisted|p1a: Vikavolt\n|-damage|p1a: Vikavolt|0 fnt\n|-boost|p2b: Ogerpon|spe|1\n|faint|p1a: Vikavolt\n|move|p1b: Kommo-o|Clangorous Soul|p1b: Kommo-o\n|-boost|p1b: Kommo-o|atk|1\n|-boost|p1b: Kommo-o|def|1\n|-boost|p1b: Kommo-o|spa|1\n|-boost|p1b: Kommo-o|spd|1\n|-boost|p1b: Kommo-o|spe|1\n|-damage|p1b: Kommo-o|68\/100\n|-enditem|p1b: Kommo-o|Throat Spray\n|-boost|p1b: Kommo-o|spa|1|[from] item: Throat Spray\n|\n|upkeep\n|\n|t:|1699460009\n|switch|p1a: Sceptile|Sceptile, M|100\/100\n|turn|6\n|inactive|AkRAA22555 has 120 seconds left.\n|\n|t:|1699460040\n|detailschange|p1a: Sceptile|Sceptile-Mega, M\n|-mega|p1a: Sceptile|Sceptile|Sceptilite\n|-terastallize|p2b: Ogerpon|Fire\n|detailschange|p2b: Ogerpon|Ogerpon-Hearthflame-Tera, F, tera:Fire\n|-ability|p2b: Ogerpon|Embody Aspect (Hearthflame)|boost\n|-boost|p2b: Ogerpon|atk|1\n|move|p2a: Clefairy|Follow Me|p2a: Clefairy\n|-singleturn|p2a: Clefairy|move: Follow Me\n|move|p2b: Ogerpon|Ivy Cudgel|p1b: Kommo-o\n|-resisted|p1b: Kommo-o\n|-crit|p1b: Kommo-o\n|-damage|p1b: Kommo-o|0 fnt\n|faint|p1b: Kommo-o\n|move|p1a: Sceptile|Dragon Pulse|p2a: Clefairy\n|-immune|p2a: Clefairy\n|\n|upkeep\n|\n|t:|1699460043\n|switch|p1b: Skeledirge|Skeledirge, M|100\/100\n|turn|7\n|\n|t:|1699460064\n|move|p2a: Clefairy|Follow Me|p2a: Clefairy\n|-singleturn|p2a: Clefairy|move: Follow Me\n|move|p2b: Ogerpon|Knock Off|p1b: Skeledirge\n|-supereffective|p1b: Skeledirge\n|-damage|p1b: Skeledirge|38\/100\n|-enditem|p1b: Skeledirge|Leftovers|[from] move: Knock Off|[of] p2b: Ogerpon\n|move|p1a: Sceptile|Grass Pledge|p2a: Clefairy\n|-waiting|p1a: Sceptile|p1b: Skeledirge\n|move|p1b: Skeledirge|Fire Pledge|p2a: Clefairy|[from]move: Grass Pledge\n|-combine\n|-crit|p2a: Clefairy\n|-damage|p2a: Clefairy|0 fnt\n|-sidestart|p2: AkRAA22555|Fire Pledge\n|faint|p2a: Clefairy\n|\n|upkeep\n|inactive|AkRAA22555 has 120 seconds left.\n|\n|t:|1699460085\n|switch|p2a: Chien-Pao|Chien-Pao|100\/100\n|-damage|p2a: Chien-Pao|88\/100|[from] Spikes\n|-activate|p2a: Chien-Pao|move: Sticky Web\n|-unboost|p2a: Chien-Pao|spe|1\n|-ability|p2a: Chien-Pao|Sword of Ruin\n|turn|8\n|\n|t:|1699460104\n|move|p2a: Chien-Pao|Ice Shard|p1a: Sceptile\n|-supereffective|p1a: Sceptile\n|-damage|p1a: Sceptile|0 fnt\n|faint|p1a: Sceptile\n|move|p2b: Ogerpon|Ivy Cudgel|p1b: Skeledirge\n|-resisted|p1b: Skeledirge\n|-damage|p1b: Skeledirge|0 fnt\n|faint|p1b: Skeledirge\n|\n|win|AkRAA22555\n|raw|Danodile's rating: 1000 &rarr; <strong>1000<\/strong><br \/>(+0 for losing)\n|raw|AkRAA22555's rating: 1092 &rarr; <strong>1111<\/strong><br \/>(+19 for winning)\n|l|\u2606Danodile\n","uploadtime":1699460119,"views":6,"p1id":"danodile","p2id":"akraa22555","formatid":"gen9nationaldexdoubles","rating":1000,"private":0,"password":""}