{"id":"gen9nationaldexdoubles-1967641831","p1":"LAIDEN22","p2":"the maraculous","format":"[Gen 9] National Dex Doubles","log":"|j|\u2606LAIDEN22\n|j|\u2606the maraculous\n|t:|1697322105\n|gametype|doubles\n|player|p1|LAIDEN22|266|1444\n|player|p2|the maraculous|dragontamer|1396\n|teamsize|p1|6\n|teamsize|p2|6\n|gen|9\n|tier|[Gen 9] National Dex Doubles\n|rated|\n|rule|HP Percentage Mod: HP is shown in percentages\n|rule|Endless Battle Clause: Forcing endless battles is banned\n|rule|OHKO Clause: OHKO moves are banned\n|rule|Evasion Moves Clause: Evasion moves are banned\n|rule|Evasion Abilities Clause: Evasion abilities are banned\n|rule|Species Clause: Limit one of each Pok\u00e9mon\n|rule|Gravity Sleep Clause: The combination of sleep-inducing moves with imperfect accuracy and Gravity or Gigantamax Orbeetle are banned\n|clearpoke\n|poke|p1|Dragapult, M|\n|poke|p1|Flutter Mane|\n|poke|p1|Tornadus, M|\n|poke|p1|Landorus-Therian, M|\n|poke|p1|Iron Bundle|\n|poke|p1|Palafin, M|\n|poke|p2|Xurkitree|\n|poke|p2|Iron Valiant|\n|poke|p2|Chandelure, M|\n|poke|p2|Landorus-Therian, M|\n|poke|p2|Kartana|\n|poke|p2|Farigiraf, F|\n|teampreview\n|inactive|Battle timer is ON: inactive players will automatically lose when time's up. (requested by LAIDEN22)\n|\n|t:|1697322122\n|start\n|switch|p1a: Tornadus|Tornadus, M|100\/100\n|switch|p1b: Dragapult|Dragapult, M|100\/100\n|switch|p2a: Iron Valiant|Iron Valiant|100\/100\n|switch|p2b: Xurkitree|Xurkitree|100\/100\n|turn|1\n|\n|t:|1697322141\n|move|p1a: Tornadus|Tailwind|p1a: Tornadus\n|-sidestart|p1: LAIDEN22|move: Tailwind\n|-zpower|p1b: Dragapult\n|move|p1b: Dragapult|Supersonic Skystrike|p2a: Iron Valiant|[zeffect]\n|-supereffective|p2a: Iron Valiant\n|-damage|p2a: Iron Valiant|13\/100\n|move|p2a: Iron Valiant|Moonblast|p1b: Dragapult\n|-supereffective|p1b: Dragapult\n|-damage|p1b: Dragapult|0 fnt\n|faint|p1b: Dragapult\n|-damage|p2a: Iron Valiant|4\/100|[from] item: Life Orb\n|-zpower|p2b: Xurkitree\n|move|p2b: Xurkitree|Z-Electric Terrain|p2b: Xurkitree|[anim]Electric Terrain\n|-boost|p2b: Xurkitree|spe|1|[zeffect]\n|-fieldstart|move: Electric Terrain\n|-activate|p2a: Iron Valiant|ability: Quark Drive\n|-start|p2a: Iron Valiant|quarkdrivespe\n|\n|upkeep\n|\n|t:|1697322160\n|switch|p1b: Flutter Mane|Flutter Mane|100\/100\n|turn|2\n|\n|t:|1697322174\n|move|p2a: Iron Valiant|Wide Guard|p2a: Iron Valiant\n|-singleturn|p2a: Iron Valiant|Wide Guard\n|move|p1a: Tornadus|Taunt|p2b: Xurkitree\n|-start|p2b: Xurkitree|move: Taunt\n|move|p1b: Flutter Mane|Dazzling Gleam|p2b: Xurkitree|[spread] \n|-activate|p2a: Iron Valiant|move: Wide Guard\n|-activate|p2b: Xurkitree|move: Wide Guard\n|move|p2b: Xurkitree|Rising Voltage|p1b: Flutter Mane\n|-hint|Rising Voltage's BP doubled on grounded target.\n|-damage|p1b: Flutter Mane|0 fnt\n|faint|p1b: Flutter Mane\n|-end|p1b: Flutter Mane|Protosynthesis|[silent]\n|-ability|p2b: Xurkitree|Beast Boost|boost\n|-boost|p2b: Xurkitree|spa|1\n|\n|upkeep\n|\n|t:|1697322180\n|switch|p1b: Landorus|Landorus-Therian, M|100\/100\n|-ability|p1b: Landorus|Intimidate|boost\n|-unboost|p2a: Iron Valiant|atk|1\n|-unboost|p2b: Xurkitree|atk|1\n|turn|3\n|\n|t:|1697322199\n|switch|p1b: Palafin|Palafin, M|100\/100\n|switch|p2b: Chandelure|Chandelure, M|100\/100\n|-item|p2b: Chandelure|Air Balloon\n|move|p1a: Tornadus|Toxic|p2a: Iron Valiant\n|-status|p2a: Iron Valiant|tox\n|move|p2a: Iron Valiant|Destiny Bond|p2a: Iron Valiant\n|-singlemove|p2a: Iron Valiant|Destiny Bond\n|\n|-damage|p2a: Iron Valiant|0 fnt|[from] psn\n|faint|p2a: Iron Valiant\n|-end|p2a: Iron Valiant|Quark Drive|[silent]\n|upkeep\n|\n|t:|1697322210\n|switch|p2a: Farigiraf|Farigiraf, F|100\/100\n|turn|4\n|\n|t:|1697322235\n|-terastallize|p1b: Palafin|Water\n|-terastallize|p2b: Chandelure|Ghost\n|move|p1b: Palafin|Jet Punch||[still]\n|cant|p2a: Farigiraf|ability: Armor Tail|Jet Punch|[of] p1b: Palafin\n|move|p1a: Tornadus|Bleakwind Storm|p2b: Chandelure|[spread] p2a,p2b\n|-damage|p2a: Farigiraf|70\/100\n|-damage|p2b: Chandelure|65\/100\n|-enditem|p2b: Chandelure|Air Balloon\n|move|p2a: Farigiraf|Nasty Plot|p2a: Farigiraf\n|-boost|p2a: Farigiraf|spa|2\n|move|p2b: Chandelure|Trick Room|p2b: Chandelure\n|-fieldstart|move: Trick Room|[of] p2b: Chandelure\n|\n|-heal|p2a: Farigiraf|76\/100|[from] item: Leftovers\n|-sideend|p1: LAIDEN22|move: Tailwind\n|upkeep\n|turn|5\n|\n|t:|1697322254\n|detailschange|p1b: Palafin|Palafin-Hero, M, tera:Water\n|switch|p1b: Landorus|Landorus-Therian, M|100\/100\n|-ability|p1b: Landorus|Intimidate|boost\n|-unboost|p2a: Farigiraf|atk|1\n|-unboost|p2b: Chandelure|atk|1\n|move|p2a: Farigiraf|Hyper Voice|p1a: Tornadus|[spread] p1a,p1b\n|-damage|p1a: Tornadus|42\/100\n|-damage|p1b: Landorus|53\/100\n|move|p2b: Chandelure|Shadow Ball|p1b: Landorus\n|-damage|p1b: Landorus|11\/100\n|move|p1a: Tornadus|Bleakwind Storm|p2b: Chandelure|[spread] p2b\n|-miss|p1a: Tornadus|p2a: Farigiraf\n|-damage|p2b: Chandelure|29\/100\n|\n|-heal|p2a: Farigiraf|82\/100|[from] item: Leftovers\n|-fieldend|move: Electric Terrain\n|upkeep\n|turn|6\n|\n|t:|1697322279\n|move|p2a: Farigiraf|Hyper Voice|p1b: Landorus|[spread] p1a,p1b\n|-damage|p1a: Tornadus|0 fnt\n|-damage|p1b: Landorus|0 fnt\n|faint|p1a: Tornadus\n|faint|p1b: Landorus\n|move|p2b: Chandelure|Shadow Ball|p1: Tornadus|[notarget]\n|-fail|p2b: Chandelure\n|\n|-heal|p2a: Farigiraf|88\/100|[from] item: Leftovers\n|upkeep\n|\n|t:|1697322285\n|switch|p1b: Palafin|Palafin-Hero, M, tera:Water|100\/100\n|switch|p1a: Iron Bundle|Iron Bundle|100\/100\n|-activate|p1b: Palafin|ability: Zero to Hero\n|-enditem|p1a: Iron Bundle|Booster Energy\n|-activate|p1a: Iron Bundle|ability: Quark Drive|[fromitem]\n|-start|p1a: Iron Bundle|quarkdrivespe\n|turn|7\n|\n|t:|1697322298\n|move|p2a: Farigiraf|Hyper Voice|p1b: Palafin|[spread] p1a,p1b\n|-damage|p1a: Iron Bundle|0 fnt\n|-damage|p1b: Palafin|42\/100\n|faint|p1a: Iron Bundle\n|-end|p1a: Iron Bundle|Quark Drive|[silent]\n|move|p2b: Chandelure|Shadow Ball|p1b: Palafin\n|-damage|p1b: Palafin|0 fnt\n|faint|p1b: Palafin\n|\n|win|the maraculous\n|raw|LAIDEN22's rating: 1444 &rarr; <strong>1421<\/strong><br \/>(-23 for losing)\n|raw|the maraculous's rating: 1396 &rarr; <strong>1419<\/strong><br \/>(+23 for winning)\n|l|\u2606LAIDEN22\n","uploadtime":1697322309,"views":8,"p1id":"laiden22","p2id":"themaraculous","formatid":"gen9nationaldexdoubles","rating":1419,"private":0,"password":""}