{"id":"gen9nationaldexdoubles-1981998374","p1":"PyxlFie","p2":"sdfgdfdhfgd","format":"[Gen 9] National Dex Doubles","log":"|j|\u2606PyxlFie\n|j|\u2606sdfgdfdhfgd\n|t:|1698958306\n|gametype|doubles\n|player|p1|PyxlFie|pokemonranger-gen4|1065\n|player|p2|sdfgdfdhfgd|pokemonbreederf|1041\n|teamsize|p1|6\n|teamsize|p2|6\n|gen|9\n|tier|[Gen 9] National Dex Doubles\n|rated|\n|rule|HP Percentage Mod: HP is shown in percentages\n|rule|Endless Battle Clause: Forcing endless battles is banned\n|rule|OHKO Clause: OHKO moves are banned\n|rule|Evasion Moves Clause: Evasion moves are banned\n|rule|Evasion Abilities Clause: Evasion abilities are banned\n|rule|Species Clause: Limit one of each Pok\u00e9mon\n|rule|Gravity Sleep Clause: The combination of sleep-inducing moves with imperfect accuracy and Gravity or Gigantamax Orbeetle are banned\n|clearpoke\n|poke|p1|Urshifu-*, M|\n|poke|p1|Pelipper, M|\n|poke|p1|Charizard, M|\n|poke|p1|Manaphy|\n|poke|p1|Floatzel, F|\n|poke|p1|Zoroark-Hisui, F|\n|poke|p2|Ferrothorn, F|\n|poke|p2|Flutter Mane|\n|poke|p2|Heatran, M|\n|poke|p2|Illumise, F|\n|poke|p2|Porygon-Z|\n|poke|p2|Incineroar, F|\n|teampreview\n|inactive|Battle timer is ON: inactive players will automatically lose when time's up. (requested by PyxlFie)\n|\n|t:|1698958322\n|start\n|switch|p1a: Manaphy|Manaphy|100\/100\n|switch|p1b: Floatzel|Floatzel, F|100\/100\n|switch|p2a: Scorched Earth|Heatran, M|100\/100\n|switch|p2b: hewwo thewe|Illumise, F|100\/100\n|turn|1\n|\n|t:|1698958342\n|-terastallize|p2a: Scorched Earth|Fire\n|move|p2b: hewwo thewe|Tailwind|p2b: hewwo thewe\n|-sidestart|p2: sdfgdfdhfgd|move: Tailwind\n|move|p2a: Scorched Earth|Eruption|p1b: Floatzel|[spread] p1a,p1b\n|-resisted|p1a: Manaphy\n|-resisted|p1b: Floatzel\n|-damage|p1a: Manaphy|43\/100\n|-damage|p1b: Floatzel|0 fnt\n|faint|p1b: Floatzel\n|move|p1a: Manaphy|Tail Glow|p1a: Manaphy\n|-boost|p1a: Manaphy|spa|3\n|\n|upkeep\n|\n|t:|1698958355\n|switch|p1b: Pelipper|Pelipper, M|100\/100\n|-weather|RainDance|[from] ability: Drizzle|[of] p1b: Pelipper\n|turn|2\n|\n|t:|1698958368\n|move|p1a: Manaphy|Protect|p1a: Manaphy\n|-singleturn|p1a: Manaphy|Protect\n|move|p2b: hewwo thewe|Sunny Day|p2b: hewwo thewe\n|-weather|SunnyDay\n|move|p2a: Scorched Earth|Eruption|p1a: Manaphy|[spread] p1b\n|-activate|p1a: Manaphy|move: Protect\n|-resisted|p1b: Pelipper\n|-damage|p1b: Pelipper|0 fnt\n|faint|p1b: Pelipper\n|\n|-weather|SunnyDay|[upkeep]\n|upkeep\n|c|\u2606PyxlFie|wtf\n|\n|t:|1698958393\n|switch|p1b: Charizard|Charizard, M|100\/100\n|turn|3\n|\n|t:|1698958417\n|detailschange|p1b: Charizard|Charizard-Mega-X, M\n|-mega|p1b: Charizard|Charizard|Charizardite X\n|move|p1b: Charizard|Endure|p1b: Charizard\n|-singleturn|p1b: Charizard|move: Endure\n|move|p2b: hewwo thewe|Fake Tears|p1b: Charizard\n|-unboost|p1b: Charizard|spd|2\n|move|p2a: Scorched Earth|Eruption|p1b: Charizard|[spread] p1a,p1b\n|-resisted|p1a: Manaphy\n|-resisted|p1b: Charizard\n|-damage|p1a: Manaphy|0 fnt\n|-activate|p1b: Charizard|move: Endure\n|-damage|p1b: Charizard|1\/100\n|faint|p1a: Manaphy\n|\n|-weather|SunnyDay|[upkeep]\n|upkeep\n|inactive|PyxlFie has 120 seconds left.\n|inactive|PyxlFie has 90 seconds left.\n|\n|t:|1698958466\n|switch|p1a: Urshifu|Urshifu-Rapid-Strike, M|100\/100\n|turn|4\n|\n|t:|1698958480\n|-terastallize|p1a: Urshifu|Water\n|move|p1b: Charizard|Endure||[still]\n|-fail|p1b: Charizard\n|move|p2b: hewwo thewe|Fake Tears|p1a: Urshifu\n|-unboost|p1a: Urshifu|spd|2\n|move|p2a: Scorched Earth|Eruption|p1b: Charizard|[spread] p1a,p1b\n|-resisted|p1a: Urshifu\n|-resisted|p1b: Charizard\n|-enditem|p1a: Urshifu|Focus Sash\n|-damage|p1a: Urshifu|1\/100\n|-damage|p1b: Charizard|0 fnt\n|replace|p1a: Zoroark|Zoroark-Hisui, F, shiny\n|-end|p1a: Zoroark|Illusion\n|faint|p1b: Charizard\n|move|p1a: Zoroark|Tera Blast|p2a: Scorched Earth|[anim] Tera Blast Water\n|-supereffective|p2a: Scorched Earth\n|-damage|p2a: Scorched Earth|58\/100\n|\n|-weather|SunnyDay|[upkeep]\n|-sideend|p2: sdfgdfdhfgd|move: Tailwind\n|upkeep\n|inactive|PyxlFie has 90 seconds left.\n|c|\u2606PyxlFie|thats so annoying wtf how does eruption do so much damage even with no stat drops with damaged halved\n|\n|t:|1698958526\n|switch|p1b: Urshifu|Urshifu-Rapid-Strike, M|100\/100\n|turn|5\n|c|\u2606sdfgdfdhfgd|specs\n|\n|t:|1698958545\n|move|p2b: hewwo thewe|Fake Tears|p1b: Urshifu\n|-unboost|p1b: Urshifu|spd|2\n|move|p1b: Urshifu|Surging Strikes|p2a: Scorched Earth\n|-supereffective|p2a: Scorched Earth\n|-crit|p2a: Scorched Earth\n|-damage|p2a: Scorched Earth|36\/100\n|-supereffective|p2a: Scorched Earth\n|-crit|p2a: Scorched Earth\n|-damage|p2a: Scorched Earth|13\/100\n|-supereffective|p2a: Scorched Earth\n|-crit|p2a: Scorched Earth\n|-damage|p2a: Scorched Earth|0 fnt\n|faint|p2a: Scorched Earth\n|-hitcount|p2: Scorched Earth|3\n|move|p1a: Zoroark|Tera Blast|p2b: hewwo thewe|[anim] Tera Blast Water\n|-damage|p2b: hewwo thewe|80\/100\n|\n|-weather|SunnyDay|[upkeep]\n|upkeep\n|\n|t:|1698958563\n|switch|p2a: Miss Fortune|Flutter Mane|100\/100\n|-activate|p2a: Miss Fortune|ability: Protosynthesis\n|-start|p2a: Miss Fortune|protosynthesisspa\n|turn|6\n|\n|t:|1698958574\n|move|p2b: hewwo thewe|Tailwind|p2b: hewwo thewe\n|-sidestart|p2: sdfgdfdhfgd|move: Tailwind\n|move|p2a: Miss Fortune|Dazzling Gleam|p1a: Zoroark|[spread] p1a,p1b\n|-supereffective|p1b: Urshifu\n|-damage|p1a: Zoroark|0 fnt\n|-damage|p1b: Urshifu|0 fnt\n|faint|p1a: Zoroark\n|faint|p1b: Urshifu\n|\n|win|sdfgdfdhfgd\n|raw|PyxlFie's rating: 1065 &rarr; <strong>1044<\/strong><br \/>(-21 for losing)\n|raw|sdfgdfdhfgd's rating: 1041 &rarr; <strong>1077<\/strong><br \/>(+36 for winning)\n|c|\u2606PyxlFie|i did not enjoy that heatran\n|l|\u2606PyxlFie\n","uploadtime":1698958672,"views":9,"p1id":"pyxlfie","p2id":"sdfgdfdhfgd","formatid":"gen9nationaldexdoubles","rating":1044,"private":0,"password":""}