{"id":"gen9nationaldexdoubles-1969805726","p1":"HexOfTheLizard","p2":"lxvliiz","format":"[Gen 9] National Dex Doubles","log":"|j|\u2606HexOfTheLizard\n|j|\u2606lxvliiz\n|t:|1697566770\n|gametype|doubles\n|player|p1|HexOfTheLizard|170|1096\n|player|p2|lxvliiz|gambler|1114\n|teamsize|p1|6\n|teamsize|p2|6\n|gen|9\n|tier|[Gen 9] National Dex Doubles\n|rated|\n|rule|HP Percentage Mod: HP is shown in percentages\n|rule|Endless Battle Clause: Forcing endless battles is banned\n|rule|OHKO Clause: OHKO moves are banned\n|rule|Evasion Moves Clause: Evasion moves are banned\n|rule|Evasion Abilities Clause: Evasion abilities are banned\n|rule|Species Clause: Limit one of each Pok\u00e9mon\n|rule|Gravity Sleep Clause: The combination of sleep-inducing moves with imperfect accuracy and Gravity or Gigantamax Orbeetle are banned\n|clearpoke\n|poke|p1|Goodra, F|\n|poke|p1|Politoed, M|\n|poke|p1|Jolteon, M|\n|poke|p1|Thundurus-Therian, M|\n|poke|p1|Lanturn, F|\n|poke|p1|Raichu, F|\n|poke|p2|Ribombee, F|\n|poke|p2|Nidoking, M|\n|poke|p2|Ogerpon-Cornerstone, F|\n|poke|p2|Eevee, F|\n|poke|p2|Volcarona, F|\n|poke|p2|Medicham, M|\n|teampreview\n|\n|t:|1697566775\n|start\n|switch|p1a: Goodra|Goodra, F, shiny|100\/100\n|switch|p1b: Politoed|Politoed, M|100\/100\n|switch|p2a: testing1|Eevee, F|100\/100\n|switch|p2b: testing2|Ogerpon-Cornerstone, F|100\/100\n|-weather|RainDance|[from] ability: Drizzle|[of] p1b: Politoed\n|turn|1\n|\n|t:|1697566787\n|move|p2b: testing2|Follow Me|p2b: testing2\n|-singleturn|p2b: testing2|move: Follow Me\n|move|p1a: Goodra|Toxic|p2b: testing2\n|-status|p2b: testing2|tox\n|move|p1b: Politoed|Icy Wind|p2b: testing2|[spread] p2a,p2b\n|-supereffective|p2b: testing2\n|-damage|p2a: testing1|86\/100\n|-damage|p2b: testing2|80\/100 tox\n|-unboost|p2a: testing1|spe|1\n|-unboost|p2b: testing2|spe|1\n|-zpower|p2a: testing1\n|move|p2a: testing1|Extreme Evoboost|p2a: testing1\n|-boost|p2a: testing1|atk|2\n|-boost|p2a: testing1|def|2\n|-boost|p2a: testing1|spa|2\n|-boost|p2a: testing1|spd|2\n|-boost|p2a: testing1|spe|2\n|\n|-weather|RainDance|[upkeep]\n|-damage|p2b: testing2|74\/100 tox|[from] psn\n|upkeep\n|turn|2\n|\n|t:|1697566809\n|move|p2b: testing2|Follow Me|p2b: testing2\n|-singleturn|p2b: testing2|move: Follow Me\n|move|p1a: Goodra|Toxic|p2b: testing2\n|-fail|p2b: testing2|tox\n|move|p1b: Politoed|Psychic|p2b: testing2\n|-damage|p2b: testing2|51\/100 tox\n|-unboost|p2b: testing2|spd|1\n|move|p2a: testing1|Baton Pass|p2a: testing1\n|\n|t:|1697566817\n|switch|p2a: Medicham|Medicham, M|100\/100|[from] Baton Pass\n|\n|-weather|RainDance|[upkeep]\n|-damage|p2b: testing2|39\/100 tox|[from] psn\n|upkeep\n|turn|3\n|\n|t:|1697566829\n|detailschange|p2a: Medicham|Medicham-Mega, M\n|-mega|p2a: Medicham|Medicham|Medichamite\n|move|p2b: testing2|Follow Me|p2b: testing2\n|-singleturn|p2b: testing2|move: Follow Me\n|move|p2a: Medicham|Zen Headbutt|p1a: Goodra\n|-damage|p1a: Goodra|0 fnt\n|-damage|p2a: Medicham|84\/100|[from] item: Rocky Helmet|[of] p1a: Goodra\n|faint|p1a: Goodra\n|move|p1b: Politoed|Icy Wind|p2a: Medicham|[spread] p2a,p2b\n|-supereffective|p2b: testing2\n|-damage|p2a: Medicham|76\/100\n|-damage|p2b: testing2|5\/100 tox\n|-unboost|p2a: Medicham|spe|1\n|-unboost|p2b: testing2|spe|1\n|\n|-weather|RainDance|[upkeep]\n|-damage|p2b: testing2|0 fnt|[from] psn\n|faint|p2b: testing2\n|upkeep\n|\n|t:|1697566845\n|switch|p2b: testing4|Volcarona, F|100\/100\n|switch|p1a: Jolteon|Jolteon, M|100\/100\n|turn|4\n|\n|t:|1697566852\n|move|p2b: testing4|Rage Powder|p2b: testing4\n|-singleturn|p2b: testing4|move: Rage Powder\n|move|p2a: Medicham|Drain Punch|p1b: Politoed\n|-damage|p1b: Politoed|0 fnt\n|-heal|p2a: Medicham|100\/100|[from] drain|[of] p1b: Politoed\n|faint|p1b: Politoed\n|move|p1a: Jolteon|Volt Switch|p2b: testing4\n|-damage|p2b: testing4|78\/100\n|\n|t:|1697566867\n|switch|p1a: Thundurus|Thundurus-Therian, M|100\/100|[from] Volt Switch\n|\n|-weather|RainDance|[upkeep]\n|upkeep\n|\n|t:|1697566871\n|switch|p1b: Jolteon|Jolteon, M|100\/100\n|turn|5\n|\n|t:|1697566887\n|move|p2b: testing4|Rage Powder|p2b: testing4\n|-singleturn|p2b: testing4|move: Rage Powder\n|move|p2a: Medicham|Power-Up Punch|p1b: Jolteon\n|-damage|p1b: Jolteon|0 fnt\n|-boost|p2a: Medicham|atk|1\n|faint|p1b: Jolteon\n|move|p1a: Thundurus|Discharge|p2b: testing4|[spread] p2a,p2b\n|-damage|p2a: Medicham|78\/100\n|-damage|p2b: testing4|58\/100\n|\n|-weather|RainDance|[upkeep]\n|upkeep\n|\n|t:|1697566902\n|switch|p1b: Raichu|Raichu, F|100\/100\n|turn|6\n|\n|t:|1697566927\n|-terastallize|p1b: Raichu|Flying\n|move|p2b: testing4|Rage Powder|p2b: testing4\n|-singleturn|p2b: testing4|move: Rage Powder\n|move|p2a: Medicham|Zen Headbutt|p1a: Thundurus\n|-damage|p1a: Thundurus|0 fnt\n|faint|p1a: Thundurus\n|move|p1b: Raichu|Nuzzle|p2b: testing4\n|-damage|p2b: testing4|51\/100\n|-status|p2b: testing4|par\n|\n|-weather|RainDance|[upkeep]\n|upkeep\n|\n|t:|1697566938\n|switch|p1a: Lanturn|Lanturn, F|100\/100\n|turn|7\n|\n|t:|1697566943\n|move|p2b: testing4|Rage Powder|p2b: testing4\n|-singleturn|p2b: testing4|move: Rage Powder\n|move|p2a: Medicham|Zen Headbutt|p1b: Raichu\n|-damage|p1b: Raichu|0 fnt\n|faint|p1b: Raichu\n|move|p1a: Lanturn|Discharge|p2a: Medicham|[spread] p2a,p2b\n|-damage|p2a: Medicham|60\/100\n|-damage|p2b: testing4|36\/100 par\n|\n|-weather|RainDance|[upkeep]\n|upkeep\n|turn|8\n|\n|t:|1697566957\n|move|p2b: testing4|Protect|p2b: testing4\n|-singleturn|p2b: testing4|Protect\n|move|p2a: Medicham|Zen Headbutt|p1a: Lanturn\n|-damage|p1a: Lanturn|0 fnt\n|faint|p1a: Lanturn\n|\n|win|lxvliiz\n|raw|HexOfTheLizard's rating: 1096 &rarr; <strong>1073<\/strong><br \/>(-23 for losing)\n|raw|lxvliiz's rating: 1114 &rarr; <strong>1138<\/strong><br \/>(+24 for winning)\n|c|\u2606lxvliiz|gg\n|l|\u2606HexOfTheLizard\n","uploadtime":1697566970,"views":4,"p1id":"hexofthelizard","p2id":"lxvliiz","formatid":"gen9nationaldexdoubles","rating":1073,"private":0,"password":""}