{"id":"gen9nationaldexdoubles-1966745985","p1":"UnownPeep","p2":"jongus donguss","format":"[Gen 9] National Dex Doubles","log":"|j|\u2606UnownPeep\n|j|\u2606jongus donguss\n|t:|1697218406\n|gametype|doubles\n|player|p1|UnownPeep|waitress-gen4|1117\n|player|p2|jongus donguss|pokemaniac|1072\n|teamsize|p1|6\n|teamsize|p2|6\n|gen|9\n|tier|[Gen 9] National Dex Doubles\n|rated|\n|rule|HP Percentage Mod: HP is shown in percentages\n|rule|Endless Battle Clause: Forcing endless battles is banned\n|rule|OHKO Clause: OHKO moves are banned\n|rule|Evasion Moves Clause: Evasion moves are banned\n|rule|Evasion Abilities Clause: Evasion abilities are banned\n|rule|Species Clause: Limit one of each Pok\u00e9mon\n|rule|Gravity Sleep Clause: The combination of sleep-inducing moves with imperfect accuracy and Gravity or Gigantamax Orbeetle are banned\n|clearpoke\n|poke|p1|Indeedee-F, F|\n|poke|p1|Charizard, M|\n|poke|p1|Delphox, F|\n|poke|p1|Ogerpon-Wellspring, F|\n|poke|p1|Rillaboom, M|\n|poke|p1|Marshadow|\n|poke|p2|Torkoal, F|\n|poke|p2|Lilligant-Hisui, F|\n|poke|p2|Ninetales, F|\n|poke|p2|Victreebel, F|\n|poke|p2|Skuntank, F|\n|poke|p2|Talonflame, M|\n|teampreview\n|c|\u2606UnownPeep|Glhf\n|inactive|Battle timer is ON: inactive players will automatically lose when time's up. (requested by jongus donguss)\n|c|\u2606jongus donguss|glhf\n|\n|t:|1697218428\n|start\n|switch|p1a: Indeedee|Indeedee-F, F, shiny|100\/100\n|switch|p1b: Ogerpon|Ogerpon-Wellspring, F|100\/100\n|switch|p2a: Torkoal|Torkoal, F|100\/100\n|switch|p2b: Skuntank|Skuntank, F|100\/100\n|-fieldstart|move: Psychic Terrain|[from] ability: Psychic Surge|[of] p1a: Indeedee\n|-enditem|p1a: Indeedee|Psychic Seed\n|-boost|p1a: Indeedee|spd|1|[from] item: Psychic Seed\n|-weather|SunnyDay|[from] ability: Drought|[of] p2a: Torkoal\n|turn|1\n|\n|t:|1697218449\n|move|p1a: Indeedee|Protect|p1a: Indeedee\n|-singleturn|p1a: Indeedee|Protect\n|move|p2b: Skuntank|Nasty Plot|p2b: Skuntank\n|-boost|p2b: Skuntank|spa|2\n|move|p1b: Ogerpon|Ivy Cudgel|p2a: Torkoal\n|-supereffective|p2a: Torkoal\n|-damage|p2a: Torkoal|59\/100\n|move|p2a: Torkoal|Shell Smash|p2a: Torkoal\n|-unboost|p2a: Torkoal|def|1\n|-unboost|p2a: Torkoal|spd|1\n|-boost|p2a: Torkoal|atk|2\n|-boost|p2a: Torkoal|spa|2\n|-boost|p2a: Torkoal|spe|2\n|-enditem|p2a: Torkoal|White Herb\n|-clearnegativeboost|p2a: Torkoal|[silent]\n|\n|-weather|SunnyDay|[upkeep]\n|upkeep\n|turn|2\n|inactive|UnownPeep has 120 seconds left.\n|\n|t:|1697218482\n|move|p1a: Indeedee|Follow Me|p1a: Indeedee\n|-singleturn|p1a: Indeedee|move: Follow Me\n|move|p2b: Skuntank|Sludge Bomb|p1a: Indeedee\n|-damage|p1a: Indeedee|59\/100\n|move|p2a: Torkoal|Eruption|p1a: Indeedee|[spread] p1a,p1b\n|-damage|p1a: Indeedee|5\/100\n|-damage|p1b: Ogerpon|23\/100\n|move|p1b: Ogerpon|Ivy Cudgel|p2a: Torkoal\n|-supereffective|p2a: Torkoal\n|-damage|p2a: Torkoal|14\/100\n|\n|-weather|SunnyDay|[upkeep]\n|upkeep\n|turn|3\n|\n|t:|1697218500\n|move|p1a: Indeedee|Follow Me|p1a: Indeedee\n|-singleturn|p1a: Indeedee|move: Follow Me\n|move|p2b: Skuntank|Flamethrower|p1a: Indeedee\n|-damage|p1a: Indeedee|0 fnt\n|faint|p1a: Indeedee\n|move|p2a: Torkoal|Solar Beam||[still]\n|-prepare|p2a: Torkoal|Solar Beam\n|-anim|p2a: Torkoal|Solar Beam|p1b: Ogerpon\n|-damage|p1b: Ogerpon|0 fnt\n|faint|p1b: Ogerpon\n|\n|-weather|SunnyDay|[upkeep]\n|upkeep\n|inactive|UnownPeep has 120 seconds left.\n|\n|t:|1697218517\n|switch|p1b: Delphox|Delphox, F, shiny|100\/100\n|switch|p1a: Marshadow|Marshadow|100\/100\n|turn|4\n|\n|t:|1697218538\n|move|p1b: Delphox|Protect|p1b: Delphox\n|-singleturn|p1b: Delphox|Protect\n|move|p1a: Marshadow|Spectral Thief||[still]\n|-clearpositiveboost|p2a: Torkoal|p1a: Marshadow|move: Spectral Thief\n|-boost|p1a: Marshadow|atk|2\n|-boost|p1a: Marshadow|spa|2\n|-boost|p1a: Marshadow|spe|2\n|-anim|p1a: Marshadow|Spectral Thief|p2a: Torkoal\n|-damage|p2a: Torkoal|0 fnt\n|faint|p2a: Torkoal\n|move|p2b: Skuntank|Sludge Bomb|p1a: Marshadow\n|-resisted|p1a: Marshadow\n|-damage|p1a: Marshadow|65\/100\n|\n|-weather|SunnyDay|[upkeep]\n|upkeep\n|\n|t:|1697218556\n|switch|p2a: Talonflame|Talonflame, M|100\/100\n|turn|5\n|\n|t:|1697218565\n|move|p2a: Talonflame|Air Slash|p1a: Marshadow\n|-activate|p1a: Marshadow|move: Psychic Terrain\n|-zpower|p1a: Marshadow\n|move|p1a: Marshadow|Soul-Stealing 7-Star Strike|p2a: Talonflame|[zeffect]\n|-damage|p2a: Talonflame|0 fnt\n|faint|p2a: Talonflame\n|move|p1b: Delphox|Heat Wave|p2b: Skuntank\n|-damage|p2b: Skuntank|0 fnt\n|faint|p2b: Skuntank\n|\n|-weather|none\n|-fieldend|move: Psychic Terrain\n|upkeep\n|\n|t:|1697218583\n|switch|p2a: Ninetales|Ninetales, F|100\/100\n|switch|p2b: Victreebel|Victreebel, F|100\/100\n|-weather|SunnyDay|[from] ability: Drought|[of] p2a: Ninetales\n|turn|6\n|\n|t:|1697218596\n|move|p1b: Delphox|Protect|p1b: Delphox\n|-singleturn|p1b: Delphox|Protect\n|move|p1a: Marshadow|Shadow Sneak|p2a: Ninetales\n|-damage|p2a: Ninetales|1\/100\n|move|p2b: Victreebel|Sucker Punch||[still]\n|-fail|p2b: Victreebel\n|move|p2a: Ninetales|Heat Wave|p1a: Marshadow|[spread] p1a\n|-activate|p1b: Delphox|move: Protect\n|-damage|p1a: Marshadow|15\/100\n|\n|-weather|SunnyDay|[upkeep]\n|upkeep\n|turn|7\n|\n|t:|1697218614\n|move|p1a: Marshadow|Shadow Sneak|p2b: Victreebel\n|-damage|p2b: Victreebel|0 fnt\n|faint|p2b: Victreebel\n|move|p1b: Delphox|Encore|p2a: Ninetales\n|-start|p2a: Ninetales|Encore\n|move|p2a: Ninetales|Heat Wave|p1b: Delphox|[spread] p1a,p1b\n|-resisted|p1b: Delphox\n|-damage|p1a: Marshadow|0 fnt\n|-damage|p1b: Delphox|75\/100\n|faint|p1a: Marshadow\n|\n|-weather|SunnyDay|[upkeep]\n|upkeep\n|\n|t:|1697218627\n|switch|p1a: Charizard|Charizard, M, shiny|100\/100\n|switch|p2b: Lilligant|Lilligant-Hisui, F|100\/100\n|turn|8\n|\n|t:|1697218638\n|detailschange|p1a: Charizard|Charizard-Mega-Y, M, shiny\n|-mega|p1a: Charizard|Charizard|Charizardite Y\n|-terastallize|p2b: Lilligant|Grass\n|move|p2b: Lilligant|Solar Blade||[still]\n|-prepare|p2b: Lilligant|Solar Blade\n|-anim|p2b: Lilligant|Solar Blade|p1a: Charizard\n|-resisted|p1a: Charizard\n|-crit|p1a: Charizard\n|-damage|p1a: Charizard|44\/100\n|-damage|p2b: Lilligant|91\/100|[from] item: Life Orb\n|move|p1b: Delphox|Heat Wave|p2b: Lilligant|[spread] p2a,p2b\n|-resisted|p2a: Ninetales\n|-supereffective|p2b: Lilligant\n|-damage|p2a: Ninetales|0 fnt\n|-damage|p2b: Lilligant|0 fnt\n|faint|p2a: Ninetales\n|faint|p2b: Lilligant\n|\n|win|UnownPeep\n|raw|UnownPeep's rating: 1117 &rarr; <strong>1139<\/strong><br \/>(+22 for winning)\n|raw|jongus donguss's rating: 1072 &rarr; <strong>1054<\/strong><br \/>(-18 for losing)\n|l|\u2606jongus donguss\n|c|\u2606UnownPeep|Gg\n","uploadtime":1697218672,"views":5,"p1id":"unownpeep","p2id":"jongusdonguss","formatid":"gen9nationaldexdoubles","rating":1054,"private":0,"password":""}