{"id":"gen9nationaldexdoubles-1994067464","p1":"Atlost","p2":"fumbari 24","format":"[Gen 9] National Dex Doubles","log":"|j|\u2606Atlost\n|j|\u2606fumbari 24\n|t:|1700402542\n|gametype|doubles\n|player|p1|Atlost|266|1320\n|player|p2|fumbari 24|hilbert|1121\n|teamsize|p1|6\n|teamsize|p2|6\n|gen|9\n|tier|[Gen 9] National Dex Doubles\n|rated|\n|rule|HP Percentage Mod: HP is shown in percentages\n|rule|Endless Battle Clause: Forcing endless battles is banned\n|rule|OHKO Clause: OHKO moves are banned\n|rule|Evasion Moves Clause: Evasion moves are banned\n|rule|Evasion Abilities Clause: Evasion abilities are banned\n|rule|Species Clause: Limit one of each Pok\u00e9mon\n|rule|Gravity Sleep Clause: The combination of sleep-inducing moves with imperfect accuracy and Gravity or Gigantamax Orbeetle are banned\n|clearpoke\n|poke|p1|Ogerpon-Wellspring, F|\n|poke|p1|Pelipper, M|\n|poke|p1|Swampert, M|\n|poke|p1|Ludicolo, M|\n|poke|p1|Urshifu-*, M|\n|poke|p1|Cresselia, F|\n|poke|p2|Ogerpon-Hearthflame, F|\n|poke|p2|Morpeko, M|\n|poke|p2|Inteleon, M|\n|poke|p2|Sinistcha|\n|poke|p2|Drapion, M|\n|poke|p2|Gyarados, M|\n|teampreview\n|\n|t:|1700402556\n|start\n|switch|p1a: Pelipper|Pelipper, M|100\/100\n|switch|p1b: Ludicolo|Ludicolo, M|100\/100\n|switch|p2a: Morpeko|Morpeko, M|100\/100\n|switch|p2b: Sinistcha|Sinistcha|100\/100\n|-weather|RainDance|[from] ability: Drizzle|[of] p1a: Pelipper\n|turn|1\n|\n|t:|1700402571\n|move|p2a: Morpeko|Protect|p2a: Morpeko\n|-singleturn|p2a: Morpeko|Protect\n|move|p1b: Ludicolo|Fake Out|p2a: Morpeko\n|-activate|p2a: Morpeko|move: Protect\n|move|p2b: Sinistcha|Rage Powder|p2b: Sinistcha\n|-singleturn|p2b: Sinistcha|move: Rage Powder\n|move|p1a: Pelipper|U-turn|p2b: Sinistcha\n|-damage|p2b: Sinistcha|93\/100\n|inactive|Battle timer is ON: inactive players will automatically lose when time's up. (requested by fumbari 24)\n|\n|t:|1700402596\n|switch|p1a: Cresselia|Cresselia, F|100\/100|[from] U-turn\n|\n|-weather|RainDance|[upkeep]\n|-heal|p2b: Sinistcha|99\/100|[from] item: Leftovers\n|-formechange|p2a: Morpeko|Morpeko-Hangry||[from] ability: Hunger Switch\n|upkeep\n|turn|2\n|inactive|Atlost has 120 seconds left.\n|\n|t:|1700402643\n|move|p1a: Cresselia|Protect|p1a: Cresselia\n|-singleturn|p1a: Cresselia|Protect\n|move|p1b: Ludicolo|Blizzard|p2b: Sinistcha|[spread] p2b\n|-miss|p1b: Ludicolo|p2a: Morpeko\n|-supereffective|p2b: Sinistcha\n|-damage|p2b: Sinistcha|55\/100\n|move|p2a: Morpeko|Aura Wheel|p1b: Ludicolo\n|-damage|p1b: Ludicolo|33\/100\n|-boost|p2a: Morpeko|spe|1\n|move|p2b: Sinistcha|Matcha Gotcha|p1a: Cresselia|[spread] p1b\n|-activate|p1a: Cresselia|move: Protect\n|-damage|p1b: Ludicolo|8\/100\n|-heal|p2b: Sinistcha|66\/100|[from] drain|[of] p1b: Ludicolo\n|\n|-weather|RainDance|[upkeep]\n|-heal|p2b: Sinistcha|72\/100|[from] item: Leftovers\n|-formechange|p2a: Morpeko|Morpeko||[from] ability: Hunger Switch\n|upkeep\n|turn|3\n|inactive|Atlost has 120 seconds left.\n|\n|t:|1700402676\n|move|p1a: Cresselia|Helping Hand|p1b: Ludicolo\n|-singleturn|p1b: Ludicolo|Helping Hand|[of] p1a: Cresselia\n|move|p2a: Morpeko|Protect|p2a: Morpeko\n|-singleturn|p2a: Morpeko|Protect\n|move|p1b: Ludicolo|Blizzard|p2b: Sinistcha|[spread] p2b\n|-activate|p2a: Morpeko|move: Protect\n|-supereffective|p2b: Sinistcha\n|-damage|p2b: Sinistcha|9\/100\n|move|p2b: Sinistcha|Matcha Gotcha|p1b: Ludicolo|[spread] p1a,p1b\n|-damage|p1a: Cresselia|88\/100\n|-heal|p2b: Sinistcha|18\/100|[from] drain|[of] p1a: Cresselia\n|-damage|p1b: Ludicolo|0 fnt\n|-heal|p2b: Sinistcha|21\/100|[from] drain|[of] p1b: Ludicolo\n|faint|p1b: Ludicolo\n|\n|-weather|RainDance|[upkeep]\n|-heal|p2b: Sinistcha|27\/100|[from] item: Leftovers\n|-formechange|p2a: Morpeko|Morpeko-Hangry||[from] ability: Hunger Switch\n|upkeep\n|inactive|Atlost has 90 seconds left.\n|\n|t:|1700402700\n|switch|p1b: Ogerpon|Ogerpon-Wellspring, F|100\/100\n|turn|4\n|\n|t:|1700402716\n|move|p2b: Sinistcha|Rage Powder|p2b: Sinistcha\n|-singleturn|p2b: Sinistcha|move: Rage Powder\n|move|p2a: Morpeko|Aura Wheel|p1b: Ogerpon\n|-damage|p1b: Ogerpon|57\/100\n|-boost|p2a: Morpeko|spe|1\n|move|p1b: Ogerpon|Ivy Cudgel|p2b: Sinistcha|[anim] Ivy Cudgel Water\n|-resisted|p2b: Sinistcha\n|-damage|p2b: Sinistcha|0 fnt\n|faint|p2b: Sinistcha\n|move|p1a: Cresselia|Toxic|p2a: Morpeko\n|-status|p2a: Morpeko|tox\n|\n|-weather|RainDance|[upkeep]\n|-damage|p2a: Morpeko|94\/100 tox|[from] psn\n|-formechange|p2a: Morpeko|Morpeko||[from] ability: Hunger Switch\n|upkeep\n|\n|t:|1700402727\n|switch|p2b: Gyarados|Gyarados, M|100\/100\n|-ability|p2b: Gyarados|Intimidate|boost\n|-unboost|p1a: Cresselia|atk|1\n|-unboost|p1b: Ogerpon|atk|1\n|turn|5\n|inactive|Atlost has 120 seconds left.\n|\n|t:|1700402748\n|switch|p1b: Swampert|Swampert, M|100\/100\n|move|p2a: Morpeko|Aura Wheel|p1b: Swampert\n|-immune|p1b: Swampert\n|move|p2b: Gyarados|Taunt|p1a: Cresselia\n|-start|p1a: Cresselia|move: Taunt\n|cant|p1a: Cresselia|move: Taunt|Toxic\n|\n|-weather|RainDance|[upkeep]\n|-damage|p2a: Morpeko|82\/100 tox|[from] psn\n|-formechange|p2a: Morpeko|Morpeko-Hangry||[from] ability: Hunger Switch\n|upkeep\n|turn|6\n|inactive|Atlost has 120 seconds left.\n|\n|t:|1700402770\n|detailschange|p1b: Swampert|Swampert-Mega, M\n|-mega|p1b: Swampert|Swampert|Swampertite\n|move|p2a: Morpeko|Aura Wheel|p1b: Swampert\n|-damage|p1b: Swampert|70\/100\n|-boost|p2a: Morpeko|spe|1\n|move|p1b: Swampert|Earthquake|p2b: Gyarados|[spread] p2a\n|-immune|p1a: Cresselia|[from] ability: Levitate\n|-immune|p2b: Gyarados\n|-supereffective|p2a: Morpeko\n|-damage|p2a: Morpeko|0 fnt\n|faint|p2a: Morpeko\n|move|p2b: Gyarados|Icy Wind|p1a: Cresselia|[spread] p1a,p1b\n|-damage|p1a: Cresselia|84\/100\n|-damage|p1b: Swampert|66\/100\n|-unboost|p1a: Cresselia|spe|1\n|-unboost|p1b: Swampert|spe|1\n|-activate|p1a: Cresselia|move: Struggle\n|move|p1a: Cresselia|Struggle|p2b: Gyarados\n|-damage|p2b: Gyarados|96\/100\n|-damage|p1a: Cresselia|59\/100|[from] recoil\n|\n|-weather|RainDance|[upkeep]\n|upkeep\n|inactive|fumbari 24 has 120 seconds left.\n|\n|t:|1700402795\n|switch|p2a: Inteleon|Inteleon, M|100\/100\n|turn|7\n|\n|t:|1700402817\n|switch|p1a: Urshifu|Urshifu-Rapid-Strike, M|100\/100\n|move|p2a: Inteleon|Substitute|p2a: Inteleon\n|-start|p2a: Inteleon|Substitute\n|-damage|p2a: Inteleon|76\/100\n|move|p2b: Gyarados|Icy Wind|p1b: Swampert|[spread] p1a,p1b\n|-resisted|p1a: Urshifu\n|-damage|p1a: Urshifu|96\/100\n|-damage|p1b: Swampert|62\/100\n|-unboost|p1a: Urshifu|spe|1\n|-unboost|p1b: Swampert|spe|1\n|move|p1b: Swampert|Flip Turn|p2a: Inteleon\n|-resisted|p2a: Inteleon\n|-end|p2a: Inteleon|Substitute\n|inactive|Atlost has 120 seconds left.\n|\n|t:|1700402829\n|switch|p1b: Ogerpon|Ogerpon-Wellspring, F|57\/100|[from] Flip Turn\n|\n|-weather|RainDance|[upkeep]\n|upkeep\n|turn|8\n|\n|t:|1700402846\n|move|p2a: Inteleon|Snipe Shot|p1a: Urshifu\n|-resisted|p1a: Urshifu\n|-damage|p1a: Urshifu|53\/100\n|move|p2b: Gyarados|Thunder Wave|p1b: Ogerpon\n|-status|p1b: Ogerpon|par\n|move|p1a: Urshifu|Surging Strikes|p2b: Gyarados\n|-resisted|p2b: Gyarados\n|-crit|p2b: Gyarados\n|-damage|p2b: Gyarados|76\/100\n|-resisted|p2b: Gyarados\n|-crit|p2b: Gyarados\n|-damage|p2b: Gyarados|57\/100\n|-resisted|p2b: Gyarados\n|-crit|p2b: Gyarados\n|-damage|p2b: Gyarados|35\/100\n|-enditem|p2b: Gyarados|Sitrus Berry|[eat]\n|-heal|p2b: Gyarados|59\/100|[from] item: Sitrus Berry\n|-hitcount|p2b: Gyarados|3\n|move|p1b: Ogerpon|Wood Hammer|p2b: Gyarados\n|-damage|p2b: Gyarados|0 fnt\n|faint|p2b: Gyarados\n|-damage|p1b: Ogerpon|36\/100 par|[from] Recoil\n|\n|-weather|none\n|upkeep\n|\n|t:|1700402857\n|switch|p2b: Ogerpon|Ogerpon-Hearthflame, F|100\/100\n|-ability|p2b: Ogerpon|Mold Breaker\n|turn|9\n|\n|t:|1700402885\n|switch|p1a: Pelipper|Pelipper, M|100\/100\n|-weather|RainDance|[from] ability: Drizzle|[of] p1a: Pelipper\n|-terastallize|p2b: Ogerpon|Fire\n|detailschange|p2b: Ogerpon|Ogerpon-Hearthflame-Tera, F, tera:Fire\n|-ability|p2b: Ogerpon|Embody Aspect (Hearthflame)|boost\n|-boost|p2b: Ogerpon|atk|1\n|move|p2a: Inteleon|Substitute|p2a: Inteleon\n|-start|p2a: Inteleon|Substitute\n|-damage|p2a: Inteleon|51\/100\n|move|p2b: Ogerpon|Horn Leech|p1a: Pelipper\n|-damage|p1a: Pelipper|27\/100\n|move|p1b: Ogerpon|Wood Hammer|p2a: Inteleon\n|-supereffective|p2a: Inteleon\n|-end|p2a: Inteleon|Substitute\n|-damage|p1b: Ogerpon|30\/100 par|[from] Recoil|[of] p2a: Inteleon\n|\n|-weather|RainDance|[upkeep]\n|upkeep\n|turn|10\n|\n|t:|1700402909\n|move|p2a: Inteleon|Substitute|p2a: Inteleon\n|-start|p2a: Inteleon|Substitute\n|-damage|p2a: Inteleon|26\/100\n|move|p2b: Ogerpon|Horn Leech|p1b: Ogerpon\n|-damage|p1b: Ogerpon|0 fnt\n|faint|p1b: Ogerpon\n|move|p1a: Pelipper|Hydro Pump|p2b: Ogerpon\n|-supereffective|p2b: Ogerpon\n|-damage|p2b: Ogerpon|0 fnt\n|faint|p2b: Ogerpon\n|\n|-weather|RainDance|[upkeep]\n|upkeep\n|\n|t:|1700402923\n|switch|p2b: Drapion|Drapion, M|100\/100\n|switch|p1b: Cresselia|Cresselia, F|59\/100\n|turn|11\n|\n|t:|1700402935\n|-terastallize|p1a: Pelipper|Water\n|move|p2a: Inteleon|Snipe Shot|p1a: Pelipper\n|-resisted|p1a: Pelipper\n|-damage|p1a: Pelipper|0 fnt\n|faint|p1a: Pelipper\n|-zpower|p2b: Drapion\n|move|p2b: Drapion|Z-Acupressure|p2b: Drapion|[anim]Acupressure\n|-start|p2b: Drapion|move: Focus Energy|[zeffect]\n|-boost|p2b: Drapion|spa|2\n|move|p1b: Cresselia|Lunar Blessing|p1b: Cresselia\n|-heal|p1b: Cresselia|84\/100\n|\n|-weather|RainDance|[upkeep]\n|upkeep\n|\n|t:|1700402952\n|switch|p1a: Swampert|Swampert-Mega, M|62\/100\n|turn|12\n|\n|t:|1700402963\n|move|p1b: Cresselia|Helping Hand|p1a: Swampert\n|-singleturn|p1a: Swampert|Helping Hand|[of] p1b: Cresselia\n|move|p1a: Swampert|Earthquake|p2a: Inteleon|[spread] p2a,p2b\n|-immune|p1b: Cresselia|[from] ability: Levitate\n|-end|p2a: Inteleon|Substitute\n|-supereffective|p2b: Drapion\n|-damage|p2b: Drapion|0 fnt\n|faint|p2b: Drapion\n|move|p2a: Inteleon|Snipe Shot|p1a: Swampert\n|-crit|p1a: Swampert\n|-damage|p1a: Swampert|0 fnt\n|faint|p1a: Swampert\n|\n|-weather|RainDance|[upkeep]\n|upkeep\n|\n|t:|1700402975\n|switch|p1a: Urshifu|Urshifu-Rapid-Strike, M|53\/100\n|turn|13\n|\n|t:|1700402981\n|move|p1b: Cresselia|Helping Hand|p1a: Urshifu\n|-singleturn|p1a: Urshifu|Helping Hand|[of] p1b: Cresselia\n|move|p2a: Inteleon|Snipe Shot|p1a: Urshifu\n|-resisted|p1a: Urshifu\n|-crit|p1a: Urshifu\n|-damage|p1a: Urshifu|0 fnt\n|faint|p1a: Urshifu\n|\n|-weather|RainDance|[upkeep]\n|upkeep\n|turn|14\n|\n|t:|1700402992\n|move|p2a: Inteleon|Substitute|p2a: Inteleon\n|-start|p2a: Inteleon|Substitute\n|-damage|p2a: Inteleon|1\/100\n|move|p1b: Cresselia|Toxic||[still]\n|-fail|p1b: Cresselia\n|\n|-weather|RainDance|[upkeep]\n|upkeep\n|turn|15\n|c|\u2606fumbari 24|Gg\n|\n|t:|1700403008\n|move|p1b: Cresselia|Protect|p1b: Cresselia\n|-singleturn|p1b: Cresselia|Protect\n|move|p2a: Inteleon|Focus Energy|p2a: Inteleon\n|-start|p2a: Inteleon|move: Focus Energy\n|\n|-weather|RainDance|[upkeep]\n|upkeep\n|turn|16\n|\n|t:|1700403014\n|move|p1b: Cresselia|Protect||[still]\n|-fail|p1b: Cresselia\n|move|p2a: Inteleon|Snipe Shot|p1b: Cresselia\n|-crit|p1b: Cresselia\n|-damage|p1b: Cresselia|4\/100\n|-enditem|p1b: Cresselia|Aguav Berry|[eat]\n|-heal|p1b: Cresselia|37\/100|[from] item: Aguav Berry\n|\n|-weather|none\n|upkeep\n|turn|17\n|-message|Atlost forfeited.\n|\n|win|fumbari 24\n|raw|Atlost's rating: 1320 &rarr; <strong>1290<\/strong><br \/>(-30 for losing)\n|raw|fumbari 24's rating: 1121 &rarr; <strong>1159<\/strong><br \/>(+38 for winning)\n|l|\u2606Atlost\n","uploadtime":1700403021,"views":10,"p1id":"atlost","p2id":"fumbari24","formatid":"gen9nationaldexdoubles","rating":1159,"private":0,"password":""}