{"id":"gen9nationaldexdoubles-1959723781","p1":"GoldenDaniel","p2":"pantostadooficial","format":"[Gen 9] National Dex Doubles","log":"|j|\u2606GoldenDaniel\n|j|\u2606pantostadooficial\n|t:|1696449927\n|gametype|doubles\n|player|p1|GoldenDaniel|ethan|\n|player|p2|pantostadooficial|benga|\n|teamsize|p1|6\n|teamsize|p2|6\n|gen|9\n|tier|[Gen 9] National Dex Doubles\n|rule|HP Percentage Mod: HP is shown in percentages\n|rule|Endless Battle Clause: Forcing endless battles is banned\n|rule|OHKO Clause: OHKO moves are banned\n|rule|Evasion Moves Clause: Evasion moves are banned\n|rule|Evasion Abilities Clause: Evasion abilities are banned\n|rule|Species Clause: Limit one of each Pok\u00e9mon\n|rule|Gravity Sleep Clause: The combination of sleep-inducing moves with imperfect accuracy and Gravity or Gigantamax Orbeetle are banned\n|clearpoke\n|poke|p1|Ferrothorn, M|\n|poke|p1|Carbink|\n|poke|p1|Orthworm, M|\n|poke|p1|Excadrill, M|\n|poke|p1|Dragonite, F|\n|poke|p1|Mimikyu, M|\n|poke|p2|Landorus-Therian, M|\n|poke|p2|Incineroar, M|\n|poke|p2|Hitmontop, M|\n|poke|p2|Tauros, M|\n|poke|p2|Manectric, F|\n|poke|p2|Salamence, M|\n|teampreview\n|\n|t:|1696449963\n|start\n|switch|p1a: Ferrothorn|Ferrothorn, M, shiny|100\/100\n|switch|p1b: Carbink|Carbink|100\/100\n|switch|p2a: Incineroar|Incineroar, M|100\/100\n|switch|p2b: Salamence|Salamence, M|100\/100\n|-ability|p2b: Salamence|Intimidate|boost\n|-unboost|p1a: Ferrothorn|atk|1\n|-unboost|p1b: Carbink|atk|1\n|-ability|p2a: Incineroar|Intimidate|boost\n|-unboost|p1a: Ferrothorn|atk|1\n|-unboost|p1b: Carbink|atk|1\n|turn|1\n|\n|t:|1696450008\n|move|p2a: Incineroar|Fake Out|p1b: Carbink\n|-resisted|p1b: Carbink\n|-damage|p1b: Carbink|96\/100\n|move|p2b: Salamence|Dragon Dance|p2b: Salamence\n|-boost|p2b: Salamence|atk|1\n|-boost|p2b: Salamence|spe|1\n|cant|p1b: Carbink|flinch\n|move|p1a: Ferrothorn|Stealth Rock|p2b: Salamence\n|-sidestart|p2: pantostadooficial|move: Stealth Rock\n|\n|upkeep\n|turn|2\n|\n|t:|1696450031\n|move|p2b: Salamence|Iron Head|p1b: Carbink\n|-supereffective|p1b: Carbink\n|-damage|p1b: Carbink|0 fnt\n|faint|p1b: Carbink\n|move|p2a: Incineroar|Flare Blitz|p1a: Ferrothorn\n|-supereffective|p1a: Ferrothorn\n|-damage|p1a: Ferrothorn|0 fnt\n|-damage|p2a: Incineroar|88\/100|[from] ability: Iron Barbs|[of] p1a: Ferrothorn\n|-damage|p2a: Incineroar|72\/100|[from] item: Rocky Helmet|[of] p1a: Ferrothorn\n|faint|p1a: Ferrothorn\n|-damage|p2a: Incineroar|42\/100|[from] Recoil\n|\n|-heal|p2a: Incineroar|48\/100|[from] item: Leftovers\n|upkeep\n|\n|t:|1696450055\n|switch|p1b: Excadrill|Excadrill, M|100\/100\n|switch|p1a: Orthworm|Orthworm, M|100\/100\n|-ability|p1b: Excadrill|Mold Breaker\n|turn|3\n|\n|t:|1696450104\n|switch|p2b: Hitmontop|Hitmontop, M|100\/100\n|-damage|p2b: Hitmontop|94\/100|[from] Stealth Rock\n|-ability|p2b: Hitmontop|Intimidate|boost\n|-unboost|p1a: Orthworm|atk|1\n|-unboost|p1b: Excadrill|atk|1\n|move|p1b: Excadrill|Earthquake|p2b: Hitmontop|[spread] p1a,p2a,p2b\n|-supereffective|p1a: Orthworm\n|-supereffective|p2a: Incineroar\n|-damage|p1a: Orthworm|54\/100\n|-damage|p2a: Incineroar|0 fnt\n|-damage|p2b: Hitmontop|51\/100\n|faint|p2a: Incineroar\n|-damage|p1b: Excadrill|91\/100|[from] item: Life Orb\n|move|p1a: Orthworm|Coil|p1a: Orthworm\n|-boost|p1a: Orthworm|atk|1\n|-boost|p1a: Orthworm|def|1\n|-boost|p1a: Orthworm|accuracy|1\n|\n|upkeep\n|\n|t:|1696450121\n|switch|p2a: Manectric|Manectric, F, shiny|100\/100\n|-damage|p2a: Manectric|88\/100|[from] Stealth Rock\n|turn|4\n|\n|t:|1696450145\n|detailschange|p2a: Manectric|Manectric-Mega, F, shiny\n|-mega|p2a: Manectric|Manectric|Manectite\n|-ability|p2a: Manectric|Intimidate|boost\n|-unboost|p1a: Orthworm|atk|1\n|-unboost|p1b: Excadrill|atk|1\n|-terastallize|p1a: Orthworm|Ground\n|move|p1a: Orthworm|Helping Hand|p1b: Excadrill\n|-singleturn|p1b: Excadrill|Helping Hand|[of] p1a: Orthworm\n|move|p2b: Hitmontop|Fake Out|p1b: Excadrill\n|-resisted|p1b: Excadrill\n|-crit|p1b: Excadrill\n|-damage|p1b: Excadrill|78\/100\n|move|p2a: Manectric|Hidden Power|p1b: Excadrill\n|-damage|p1b: Excadrill|45\/100\n|cant|p1b: Excadrill|flinch\n|\n|upkeep\n|turn|5\n|\n|t:|1696450169\n|move|p2b: Hitmontop|Bullet Punch|p1b: Excadrill\n|-resisted|p1b: Excadrill\n|-damage|p1b: Excadrill|37\/100\n|move|p2a: Manectric|Hidden Power|p1b: Excadrill\n|-damage|p1b: Excadrill|4\/100\n|move|p1b: Excadrill|Earthquake|p2a: Manectric|[spread] p1a,p2a,p2b\n|-supereffective|p2a: Manectric\n|-crit|p2a: Manectric\n|-damage|p1a: Orthworm|43\/100\n|-damage|p2a: Manectric|0 fnt\n|-damage|p2b: Hitmontop|20\/100\n|faint|p2a: Manectric\n|-damage|p1b: Excadrill|0 fnt|[from] item: Life Orb\n|faint|p1b: Excadrill\n|move|p1a: Orthworm|Earthquake|p2b: Hitmontop\n|-damage|p2b: Hitmontop|0 fnt\n|faint|p2b: Hitmontop\n|\n|upkeep\n|\n|t:|1696450194\n|switch|p2a: Landorus|Landorus-Therian, M|100\/100\n|switch|p1b: Dragonite|Dragonite, F|100\/100\n|switch|p2b: Tauros|Tauros, M|100\/100\n|-damage|p2b: Tauros|88\/100|[from] Stealth Rock\n|-ability|p2b: Tauros|Intimidate|boost\n|-unboost|p1a: Orthworm|atk|1\n|-unboost|p1b: Dragonite|atk|1\n|-damage|p2a: Landorus|88\/100|[from] Stealth Rock\n|-ability|p2a: Landorus|Intimidate|boost\n|-unboost|p1a: Orthworm|atk|1\n|-unboost|p1b: Dragonite|atk|1\n|turn|6\n|\n|t:|1696450214\n|move|p2b: Tauros|Double-Edge|p1a: Orthworm\n|-damage|p1a: Orthworm|22\/100\n|-damage|p2b: Tauros|72\/100|[from] item: Rocky Helmet|[of] p1a: Orthworm\n|-damage|p2b: Tauros|63\/100|[from] Recoil\n|move|p1b: Dragonite|Substitute|p1b: Dragonite\n|-start|p1b: Dragonite|Substitute\n|-damage|p1b: Dragonite|76\/100\n|move|p2a: Landorus|Toxic|p1b: Dragonite|[miss]\n|-miss|p2a: Landorus|p1b: Dragonite\n|move|p1a: Orthworm|Body Press|p2b: Tauros\n|-supereffective|p2b: Tauros\n|-damage|p2b: Tauros|0 fnt\n|faint|p2b: Tauros\n|\n|-heal|p1b: Dragonite|82\/100|[from] item: Leftovers\n|-heal|p2a: Landorus|94\/100|[from] item: Leftovers\n|upkeep\n|\n|t:|1696450222\n|switch|p2b: Salamence|Salamence, M|100\/100\n|-damage|p2b: Salamence|76\/100|[from] Stealth Rock\n|-ability|p2b: Salamence|Intimidate|boost\n|-unboost|p1a: Orthworm|atk|1\n|-immune|p1b: Dragonite\n|turn|7\n|\n|t:|1696450258\n|-terastallize|p2b: Salamence|Steel\n|move|p1b: Dragonite|Dragon Dance|p1b: Dragonite\n|-boost|p1b: Dragonite|atk|1\n|-boost|p1b: Dragonite|spe|1\n|move|p2b: Salamence|Iron Head|p1a: Orthworm\n|-damage|p1a: Orthworm|2\/100\n|-damage|p2b: Salamence|59\/100|[from] item: Rocky Helmet|[of] p1a: Orthworm\n|move|p2a: Landorus|Knock Off|p1a: Orthworm\n|-damage|p1a: Orthworm|0 fnt\n|-damage|p2a: Landorus|78\/100|[from] item: Rocky Helmet|[of] p1a: Orthworm\n|-enditem|p1a: Orthworm|Rocky Helmet|[from] move: Knock Off|[of] p2a: Landorus\n|faint|p1a: Orthworm\n|\n|-heal|p1b: Dragonite|88\/100|[from] item: Leftovers\n|-heal|p2a: Landorus|84\/100|[from] item: Leftovers\n|upkeep\n|\n|t:|1696450276\n|switch|p1a: Mimikyu|Mimikyu, M|100\/100\n|turn|8\n|\n|t:|1696450295\n|move|p1b: Dragonite|Dragon Dance|p1b: Dragonite\n|-boost|p1b: Dragonite|atk|1\n|-boost|p1b: Dragonite|spe|1\n|move|p1a: Mimikyu|Drain Punch|p2b: Salamence\n|-supereffective|p2b: Salamence\n|-damage|p2b: Salamence|14\/100\n|-enditem|p2b: Salamence|Iapapa Berry|[eat]\n|-heal|p2b: Salamence|47\/100|[from] item: Iapapa Berry\n|move|p2b: Salamence|Iron Head|p1a: Mimikyu\n|-activate|p1a: Mimikyu|ability: Disguise\n|-damage|p1a: Mimikyu|100\/100\n|detailschange|p1a: Mimikyu|Mimikyu-Busted, M\n|-damage|p1a: Mimikyu|88\/100|[from] pokemon: Mimikyu-Busted\n|move|p2a: Landorus|Knock Off|p1b: Dragonite\n|-end|p1b: Dragonite|Substitute\n|\n|-heal|p1b: Dragonite|94\/100|[from] item: Leftovers\n|-heal|p2a: Landorus|90\/100|[from] item: Leftovers\n|upkeep\n|turn|9\n|\n|t:|1696450333\n|move|p1b: Dragonite|Substitute|p1b: Dragonite\n|-start|p1b: Dragonite|Substitute\n|-damage|p1b: Dragonite|69\/100\n|move|p1a: Mimikyu|Drain Punch|p2b: Salamence\n|-supereffective|p2b: Salamence\n|-damage|p2b: Salamence|8\/100\n|-heal|p1a: Mimikyu|100\/100|[from] drain|[of] p2b: Salamence\n|move|p2b: Salamence|Breaking Swipe|p1b: Dragonite|[spread] p1b\n|-immune|p1a: Mimikyu\n|-supereffective|p1b: Dragonite\n|-end|p1b: Dragonite|Substitute\n|move|p2a: Landorus|Toxic|p1b: Dragonite\n|-status|p1b: Dragonite|tox\n|\n|-heal|p1b: Dragonite|76\/100 tox|[from] item: Leftovers\n|-heal|p2a: Landorus|96\/100|[from] item: Leftovers\n|-damage|p1b: Dragonite|69\/100 tox|[from] psn\n|upkeep\n|turn|10\n|\n|t:|1696450360\n|move|p1b: Dragonite|Extreme Speed|p2a: Landorus\n|-damage|p2a: Landorus|70\/100\n|move|p1a: Mimikyu|Shadow Sneak|p2b: Salamence\n|-damage|p2b: Salamence|0 fnt\n|faint|p2b: Salamence\n|move|p2a: Landorus|Knock Off|p1a: Mimikyu\n|-damage|p1a: Mimikyu|49\/100\n|-enditem|p1a: Mimikyu|Weakness Policy|[from] move: Knock Off|[of] p2a: Landorus\n|\n|-heal|p1b: Dragonite|76\/100 tox|[from] item: Leftovers\n|-heal|p2a: Landorus|76\/100|[from] item: Leftovers\n|-damage|p1b: Dragonite|63\/100 tox|[from] psn\n|upkeep\n|turn|11\n|\n|t:|1696450387\n|move|p2a: Landorus|Protect|p2a: Landorus\n|-singleturn|p2a: Landorus|Protect\n|move|p1b: Dragonite|Extreme Speed|p2a: Landorus\n|-activate|p2a: Landorus|move: Protect\n|move|p1a: Mimikyu|Play Rough|p2a: Landorus\n|-activate|p2a: Landorus|move: Protect\n|\n|-heal|p1b: Dragonite|69\/100 tox|[from] item: Leftovers\n|-heal|p2a: Landorus|82\/100|[from] item: Leftovers\n|-damage|p1b: Dragonite|51\/100 tox|[from] psn\n|upkeep\n|turn|12\n|\n|t:|1696450399\n|move|p1b: Dragonite|Extreme Speed|p2a: Landorus\n|-damage|p2a: Landorus|58\/100\n|move|p1a: Mimikyu|Play Rough|p2a: Landorus\n|-damage|p2a: Landorus|19\/100\n|move|p2a: Landorus|Earthquake|p1b: Dragonite|[spread] p1a\n|-immune|p1b: Dragonite\n|-damage|p1a: Mimikyu|0 fnt\n|faint|p1a: Mimikyu\n|\n|-heal|p1b: Dragonite|57\/100 tox|[from] item: Leftovers\n|-heal|p2a: Landorus|25\/100|[from] item: Leftovers\n|-damage|p1b: Dragonite|32\/100 tox|[from] psn\n|upkeep\n|turn|13\n|\n|t:|1696450424\n|move|p1b: Dragonite|Roost|p1b: Dragonite\n|-heal|p1b: Dragonite|82\/100 tox\n|-singleturn|p1b: Dragonite|move: Roost\n|move|p2a: Landorus|Knock Off|p1b: Dragonite\n|-damage|p1b: Dragonite|54\/100 tox\n|-enditem|p1b: Dragonite|Leftovers|[from] move: Knock Off|[of] p2a: Landorus\n|\n|-heal|p2a: Landorus|31\/100|[from] item: Leftovers\n|-damage|p1b: Dragonite|23\/100 tox|[from] psn\n|upkeep\n|turn|14\n|\n|t:|1696450436\n|move|p2a: Landorus|Protect|p2a: Landorus\n|-singleturn|p2a: Landorus|Protect\n|move|p1b: Dragonite|Extreme Speed|p2a: Landorus\n|-activate|p2a: Landorus|move: Protect\n|\n|-heal|p2a: Landorus|37\/100|[from] item: Leftovers\n|-damage|p1b: Dragonite|0 fnt|[from] psn\n|faint|p1b: Dragonite\n|\n|win|pantostadooficial\n|upkeep\n","uploadtime":1696450445,"views":8,"p1id":"goldendaniel","p2id":"pantostadooficial","formatid":"gen9nationaldexdoubles","rating":0,"private":0,"password":""}