{"id":"gen9nationaldexdoubles-1976361558","p1":"larsonshark","p2":"RandyTheBirdKiller","format":"[Gen 9] National Dex Doubles","log":"|j|\u2606larsonshark\n|j|\u2606RandyTheBirdKiller\n|t:|1698291260\n|gametype|doubles\n|player|p1|larsonshark|caitlin|1286\n|player|p2|RandyTheBirdKiller|infielder|1289\n|teamsize|p1|6\n|teamsize|p2|6\n|gen|9\n|tier|[Gen 9] National Dex Doubles\n|rated|\n|rule|HP Percentage Mod: HP is shown in percentages\n|rule|Endless Battle Clause: Forcing endless battles is banned\n|rule|OHKO Clause: OHKO moves are banned\n|rule|Evasion Moves Clause: Evasion moves are banned\n|rule|Evasion Abilities Clause: Evasion abilities are banned\n|rule|Species Clause: Limit one of each Pok\u00e9mon\n|rule|Gravity Sleep Clause: The combination of sleep-inducing moves with imperfect accuracy and Gravity or Gigantamax Orbeetle are banned\n|clearpoke\n|poke|p1|Cresselia, F|\n|poke|p1|Minior|\n|poke|p1|Chien-Pao|\n|poke|p1|Ogerpon-Hearthflame, F|\n|poke|p1|Salamence, M|\n|poke|p1|Okidogi, M|\n|poke|p2|Pikachu-Original, M|\n|poke|p2|Blastoise, M|\n|poke|p2|Typhlosion-Hisui, M|\n|poke|p2|Decidueye, M|\n|poke|p2|Metagross|\n|poke|p2|Corviknight, M|\n|teampreview\n|inactive|Battle timer is ON: inactive players will automatically lose when time's up. (requested by larsonshark)\n|\n|t:|1698291286\n|start\n|switch|p1a: Minior|Minior|100\/100\n|switch|p1b: Salamence|Salamence, M|100\/100\n|switch|p2a: Pikachu|Pikachu-Original, M|100\/100\n|switch|p2b: Blastoise|Blastoise, M|100\/100\n|-formechange|p1a: Minior|Minior-Meteor||[from] ability: Shields Down\n|-ability|p1b: Salamence|Intimidate|boost\n|-unboost|p2a: Pikachu|atk|1\n|-unboost|p2b: Blastoise|atk|1\n|-enditem|p2b: Blastoise|White Herb\n|-clearnegativeboost|p2b: Blastoise|[silent]\n|turn|1\n|\n|t:|1698291302\n|detailschange|p1b: Salamence|Salamence-Mega, M\n|-mega|p1b: Salamence|Salamence|Salamencite\n|move|p2a: Pikachu|Fake Out|p1b: Salamence\n|-damage|p1b: Salamence|96\/100\n|cant|p1b: Salamence|flinch\n|move|p1a: Minior|Shell Smash|p1a: Minior\n|-unboost|p1a: Minior|def|1\n|-unboost|p1a: Minior|spd|1\n|-boost|p1a: Minior|atk|2\n|-boost|p1a: Minior|spa|2\n|-boost|p1a: Minior|spe|2\n|move|p2b: Blastoise|Shell Smash|p2b: Blastoise\n|-unboost|p2b: Blastoise|def|1\n|-unboost|p2b: Blastoise|spd|1\n|-boost|p2b: Blastoise|atk|2\n|-boost|p2b: Blastoise|spa|2\n|-boost|p2b: Blastoise|spe|2\n|\n|upkeep\n|turn|2\n|inactive|RandyTheBirdKiller has 120 seconds left.\n|\n|t:|1698291341\n|move|p1a: Minior|Earthquake|p2a: Pikachu|[spread] p2a,p2b\n|-immune|p1b: Salamence\n|-supereffective|p2a: Pikachu\n|-enditem|p2a: Pikachu|Focus Sash\n|-damage|p2a: Pikachu|1\/100\n|-damage|p2b: Blastoise|52\/100\n|move|p2b: Blastoise|Ice Beam|p1b: Salamence\n|-supereffective|p1b: Salamence\n|-damage|p1b: Salamence|0 fnt\n|faint|p1b: Salamence\n|move|p2a: Pikachu|Nuzzle|p1a: Minior\n|-supereffective|p1a: Minior\n|-damage|p1a: Minior|84\/100\n|\n|upkeep\n|\n|t:|1698291351\n|switch|p1b: Chien-Pao|Chien-Pao|100\/100\n|-ability|p1b: Chien-Pao|Sword of Ruin\n|turn|3\n|inactive|RandyTheBirdKiller has 120 seconds left.\n|\n|t:|1698291401\n|move|p2a: Pikachu|Helping Hand|p2b: Blastoise\n|-singleturn|p2b: Blastoise|Helping Hand|[of] p2a: Pikachu\n|move|p1a: Minior|Rock Slide|p2b: Blastoise|[spread] p2a,p2b\n|-crit|p2b: Blastoise\n|-damage|p2a: Pikachu|0 fnt\n|-damage|p2b: Blastoise|0 fnt\n|faint|p2a: Pikachu\n|faint|p2b: Blastoise\n|move|p1b: Chien-Pao|Sacred Sword|p2: Pikachu|[notarget]\n|-fail|p1b: Chien-Pao\n|\n|upkeep\n|c|\u2606larsonshark|crit didnt matter\n|inactive|RandyTheBirdKiller has 90 seconds left.\n|\n|t:|1698291441\n|switch|p2a: Metagross|Metagross|100\/100\n|switch|p2b: Decidueye|Decidueye, M, shiny|100\/100\n|turn|4\n|\n|t:|1698291455\n|move|p2b: Decidueye|Shadow Sneak|p1a: Minior\n|-damage|p1a: Minior|20\/100\n|-damage|p2b: Decidueye|90\/100|[from] item: Life Orb\n|move|p2a: Metagross|Bullet Punch|p1a: Minior\n|-supereffective|p1a: Minior\n|-damage|p1a: Minior|0 fnt\n|faint|p1a: Minior\n|move|p1b: Chien-Pao|Crunch|p2a: Metagross\n|-supereffective|p2a: Metagross\n|-damage|p2a: Metagross|21\/100\n|-damage|p1b: Chien-Pao|91\/100|[from] item: Life Orb\n|\n|upkeep\n|\n|t:|1698291464\n|switch|p1a: Ogerpon|Ogerpon-Hearthflame, F|100\/100\n|-ability|p1a: Ogerpon|Mold Breaker\n|turn|5\n|\n|t:|1698291481\n|-terastallize|p1b: Chien-Pao|Dark\n|-terastallize|p2b: Decidueye|Fairy\n|move|p2b: Decidueye|Shadow Sneak|p1b: Chien-Pao\n|-resisted|p1b: Chien-Pao\n|-damage|p1b: Chien-Pao|74\/100\n|-damage|p2b: Decidueye|80\/100|[from] item: Life Orb\n|move|p2a: Metagross|Bullet Punch|p1b: Chien-Pao\n|-damage|p1b: Chien-Pao|47\/100\n|move|p1b: Chien-Pao|Crunch|p2a: Metagross\n|-supereffective|p2a: Metagross\n|-damage|p2a: Metagross|0 fnt\n|faint|p2a: Metagross\n|-damage|p1b: Chien-Pao|37\/100|[from] item: Life Orb\n|move|p1a: Ogerpon|Ivy Cudgel|p2b: Decidueye\n|-damage|p2b: Decidueye|0 fnt\n|faint|p2b: Decidueye\n|\n|upkeep\n|inactive|RandyTheBirdKiller has 90 seconds left.\n|\n|t:|1698291493\n|switch|p2b: Corviknight|Corviknight, M|100\/100\n|switch|p2a: Typhlosion|Typhlosion-Hisui, M|100\/100\n|-item|p1a: Ogerpon|Hearthflame Mask|[from] ability: Frisk|[of] p2a: Typhlosion|[identify]\n|-item|p1b: Chien-Pao|Life Orb|[from] ability: Frisk|[of] p2a: Typhlosion|[identify]\n|turn|6\n|inactive|RandyTheBirdKiller has 90 seconds left.\n|\n|t:|1698291529\n|move|p2a: Typhlosion|Eruption|p1a: Ogerpon|[spread] p1a,p1b\n|-damage|p1a: Ogerpon|32\/100\n|-damage|p1b: Chien-Pao|0 fnt\n|faint|p1b: Chien-Pao\n|move|p1a: Ogerpon|Ivy Cudgel|p2b: Corviknight\n|-supereffective|p2b: Corviknight\n|-crit|p2b: Corviknight\n|-damage|p2b: Corviknight|0 fnt\n|faint|p2b: Corviknight\n|\n|upkeep\n|\n|t:|1698291543\n|switch|p1b: Okidogi|Okidogi, M|100\/100\n|turn|7\n|\n|t:|1698291550\n|move|p2a: Typhlosion|Eruption|p1a: Ogerpon|[spread] p1a,p1b\n|-damage|p1a: Ogerpon|0 fnt\n|-damage|p1b: Okidogi|58\/100\n|faint|p1a: Ogerpon\n|move|p1b: Okidogi|Knock Off|p2a: Typhlosion\n|-supereffective|p2a: Typhlosion\n|-damage|p2a: Typhlosion|2\/100\n|-enditem|p2a: Typhlosion|Choice Scarf|[from] move: Knock Off|[of] p1b: Okidogi\n|\n|upkeep\n|c|\u2606larsonshark|thought it was gg\n|\n|t:|1698291559\n|switch|p1a: Cresselia|Cresselia, F|100\/100\n|turn|8\n|\n|t:|1698291564\n|move|p2a: Typhlosion|Eruption|p1a: Cresselia|[spread] p1a,p1b\n|-damage|p1a: Cresselia|99\/100\n|-damage|p1b: Okidogi|57\/100\n|move|p1a: Cresselia|Lunar Blessing|p1a: Cresselia|[spread] p1a,p1b\n|-heal|p1a: Cresselia|100\/100\n|-heal|p1b: Okidogi|82\/100\n|move|p1b: Okidogi|Ice Punch|p2a: Typhlosion\n|-resisted|p2a: Typhlosion\n|-damage|p2a: Typhlosion|0 fnt\n|faint|p2a: Typhlosion\n|\n|win|larsonshark\n|raw|larsonshark's rating: 1286 &rarr; <strong>1311<\/strong><br \/>(+25 for winning)\n|raw|RandyTheBirdKiller's rating: 1289 &rarr; <strong>1264<\/strong><br \/>(-25 for losing)\n|l|\u2606RandyTheBirdKiller\n","uploadtime":1698291605,"views":15,"p1id":"larsonshark","p2id":"randythebirdkiller","formatid":"gen9nationaldexdoubles","rating":1264,"private":0,"password":""}