{"id":"gen9nationaldexdoubles-2000446716","p1":"fumbari 24","p2":"lobyte","format":"[Gen 9] National Dex Doubles","log":"|j|\u2606fumbari 24\n|j|\u2606lobyte\n|t:|1701195547\n|gametype|doubles\n|player|p1|fumbari 24|hilbert|1324\n|player|p2|lobyte|steven|1183\n|teamsize|p1|6\n|teamsize|p2|6\n|gen|9\n|tier|[Gen 9] National Dex Doubles\n|rated|\n|rule|HP Percentage Mod: HP is shown in percentages\n|rule|Endless Battle Clause: Forcing endless battles is banned\n|rule|OHKO Clause: OHKO moves are banned\n|rule|Evasion Moves Clause: Evasion moves are banned\n|rule|Evasion Abilities Clause: Evasion abilities are banned\n|rule|Species Clause: Limit one of each Pok\u00e9mon\n|rule|Gravity Sleep Clause: The combination of sleep-inducing moves with imperfect accuracy and Gravity or Gigantamax Orbeetle are banned\n|clearpoke\n|poke|p1|Ninetales, F|\n|poke|p1|Heatran, M|\n|poke|p1|Scovillain, F|\n|poke|p1|Stonjourner, M|\n|poke|p1|Arcanine-Hisui, M|\n|poke|p1|Latias, F|\n|poke|p2|Charizard, F|\n|poke|p2|Tapu Fini|\n|poke|p2|Chien-Pao|\n|poke|p2|Jirachi|\n|poke|p2|Zygarde|\n|poke|p2|Zeraora|\n|teampreview\n|inactive|Battle timer is ON: inactive players will automatically lose when time's up. (requested by lobyte)\n|\n|t:|1701195555\n|start\n|switch|p1a: Ninetales|Ninetales, F|100\/100\n|switch|p1b: Arcanine|Arcanine-Hisui, M|100\/100\n|switch|p2a: Zeraora|Zeraora|100\/100\n|switch|p2b: Zygarde|Zygarde|100\/100\n|-ability|p1b: Arcanine|Intimidate|boost\n|-unboost|p2a: Zeraora|atk|1\n|-fail|p2b: Zygarde|unboost|[from] item: Clear Amulet|[of] p2b: Zygarde\n|-weather|SunnyDay|[from] ability: Drought|[of] p1a: Ninetales\n|-ability|p2b: Zygarde|Aura Break\n|turn|1\n|\n|t:|1701195568\n|switch|p1b: Latias|Latias, F|100\/100\n|move|p2a: Zeraora|Fake Out|p1b: Latias\n|-damage|p1b: Latias|91\/100\n|move|p1a: Ninetales|Will-O-Wisp|p2b: Zygarde\n|-status|p2b: Zygarde|brn\n|move|p2b: Zygarde|Thousand Arrows|p1a: Ninetales|[spread] p1a,p1b\n|-supereffective|p1a: Ninetales\n|-enditem|p1a: Ninetales|Shuca Berry|[eat]\n|-enditem|p1a: Ninetales|Shuca Berry|[weaken]\n|-damage|p1a: Ninetales|82\/100\n|-damage|p1b: Latias|74\/100\n|-start|p1b: Latias|Smack Down\n|\n|-weather|SunnyDay|[upkeep]\n|-damage|p2b: Zygarde|94\/100 brn|[from] brn\n|upkeep\n|turn|2\n|\n|t:|1701195594\n|detailschange|p1b: Latias|Latias-Mega, F\n|-mega|p1b: Latias|Latias|Latiasite\n|move|p2a: Zeraora|Coaching|p2b: Zygarde\n|-boost|p2b: Zygarde|atk|1\n|-boost|p2b: Zygarde|def|1\n|move|p1b: Latias|Recover|p1b: Latias\n|-heal|p1b: Latias|100\/100\n|move|p1a: Ninetales|Will-O-Wisp|p2a: Zeraora\n|-status|p2a: Zeraora|brn\n|move|p2b: Zygarde|Dragon Dance|p2b: Zygarde\n|-boost|p2b: Zygarde|atk|1\n|-boost|p2b: Zygarde|spe|1\n|\n|-weather|SunnyDay|[upkeep]\n|-damage|p2a: Zeraora|95\/100 brn|[from] brn\n|-damage|p2b: Zygarde|88\/100 brn|[from] brn\n|upkeep\n|turn|3\n|\n|t:|1701195621\n|-terastallize|p2b: Zygarde|Steel\n|move|p2a: Zeraora|Taunt|p1a: Ninetales\n|-start|p1a: Ninetales|move: Taunt\n|move|p2b: Zygarde|Dragon Dance|p2b: Zygarde\n|-boost|p2b: Zygarde|atk|1\n|-boost|p2b: Zygarde|spe|1\n|move|p1b: Latias|Psychic|p2a: Zeraora\n|-damage|p2a: Zeraora|32\/100 brn\n|cant|p1a: Ninetales|move: Taunt|Roar\n|\n|-weather|SunnyDay|[upkeep]\n|-damage|p2b: Zygarde|82\/100 brn|[from] brn\n|-damage|p2a: Zeraora|26\/100 brn|[from] brn\n|upkeep\n|turn|4\n|\n|t:|1701195649\n|switch|p2a: Chien-Pao|Chien-Pao|100\/100\n|-ability|p2a: Chien-Pao|Sword of Ruin\n|move|p2b: Zygarde|Thousand Arrows|p1b: Latias|[spread] p1a,p1b\n|-supereffective|p1a: Ninetales\n|-damage|p1a: Ninetales|0 fnt\n|-damage|p1b: Latias|62\/100\n|faint|p1a: Ninetales\n|move|p1b: Latias|Mystical Fire|p2b: Zygarde\n|-supereffective|p2b: Zygarde\n|-damage|p2b: Zygarde|16\/100 brn\n|\n|-weather|SunnyDay|[upkeep]\n|-damage|p2b: Zygarde|10\/100 brn|[from] brn\n|upkeep\n|\n|t:|1701195664\n|switch|p1a: Stonjourner|Stonjourner, M|100\/100\n|turn|5\n|\n|t:|1701195672\n|move|p1a: Stonjourner|Wide Guard|p1a: Stonjourner\n|-singleturn|p1a: Stonjourner|Wide Guard\n|move|p2b: Zygarde|Extreme Speed|p1b: Latias\n|-damage|p1b: Latias|30\/100\n|move|p2a: Chien-Pao|Sacred Sword|p1a: Stonjourner\n|-supereffective|p1a: Stonjourner\n|-damage|p1a: Stonjourner|37\/100\n|move|p1b: Latias|Mystical Fire|p2b: Zygarde\n|-supereffective|p2b: Zygarde\n|-damage|p2b: Zygarde|0 fnt\n|faint|p2b: Zygarde\n|\n|-weather|none\n|upkeep\n|\n|t:|1701195684\n|switch|p2b: Zeraora|Zeraora|26\/100 brn\n|turn|6\n|\n|t:|1701195691\n|move|p1a: Stonjourner|Protect|p1a: Stonjourner\n|-singleturn|p1a: Stonjourner|Protect\n|move|p2b: Zeraora|Fake Out|p1b: Latias\n|-damage|p1b: Latias|23\/100\n|move|p2a: Chien-Pao|Sacred Sword|p1a: Stonjourner\n|-activate|p1a: Stonjourner|move: Protect\n|cant|p1b: Latias|flinch\n|\n|-damage|p2b: Zeraora|20\/100 brn|[from] brn\n|upkeep\n|turn|7\n|\n|t:|1701195703\n|-terastallize|p1a: Stonjourner|Ghost\n|move|p2b: Zeraora|Coaching|p2a: Chien-Pao\n|-boost|p2a: Chien-Pao|atk|1\n|-boost|p2a: Chien-Pao|def|1\n|move|p2a: Chien-Pao|Sacred Sword|p1a: Stonjourner\n|-immune|p1a: Stonjourner\n|move|p1b: Latias|Recover|p1b: Latias\n|-heal|p1b: Latias|73\/100\n|move|p1a: Stonjourner|Low Kick|p2a: Chien-Pao\n|-supereffective|p2a: Chien-Pao\n|-damage|p2a: Chien-Pao|0 fnt\n|faint|p2a: Chien-Pao\n|\n|-damage|p2b: Zeraora|14\/100 brn|[from] brn\n|upkeep\n|\n|t:|1701195709\n|switch|p2a: Tapu Fini|Tapu Fini|100\/100\n|-fieldstart|move: Misty Terrain|[from] ability: Misty Surge|[of] p2a: Tapu Fini\n|turn|8\n|inactive|lobyte has 120 seconds left.\n|\n|t:|1701195740\n|move|p1a: Stonjourner|Protect|p1a: Stonjourner\n|-singleturn|p1a: Stonjourner|Protect\n|move|p2a: Tapu Fini|Trick|p1a: Stonjourner\n|-activate|p1a: Stonjourner|move: Protect\n|-zpower|p2b: Zeraora\n|move|p2b: Zeraora|Gigavolt Havoc|p1b: Latias|[zeffect]\n|-resisted|p1b: Latias\n|-damage|p1b: Latias|56\/100\n|move|p1b: Latias|Mystical Fire|p2a: Tapu Fini\n|-resisted|p2a: Tapu Fini\n|-damage|p2a: Tapu Fini|82\/100\n|-unboost|p2a: Tapu Fini|spa|1\n|\n|-damage|p2b: Zeraora|8\/100 brn|[from] brn\n|upkeep\n|turn|9\n|\n|t:|1701195770\n|switch|p2b: Charizard|Charizard, F, shiny|100\/100\n|move|p2a: Tapu Fini|Trick|p1a: Stonjourner\n|-activate|p2a: Tapu Fini|move: Trick|[of] p1a: Stonjourner\n|-item|p1a: Stonjourner|Choice Scarf|[from] move: Trick\n|-item|p2a: Tapu Fini|Focus Sash|[from] move: Trick\n|move|p1a: Stonjourner|Rock Slide|p2a: Tapu Fini|[spread] p2a,p2b\n|-supereffective|p2b: Charizard\n|-damage|p2a: Tapu Fini|46\/100\n|-damage|p2b: Charizard|0 fnt\n|faint|p2b: Charizard\n|move|p1b: Latias|Light Screen|p1b: Latias\n|-sidestart|p1: fumbari 24|move: Light Screen\n|\n|upkeep\n|inactive|lobyte has 120 seconds left.\n|-message|lobyte forfeited.\n|\n|win|fumbari 24\n|raw|fumbari 24's rating: 1324 &rarr; <strong>1336<\/strong><br \/>(+12 for winning)\n|raw|lobyte's rating: 1183 &rarr; <strong>1168<\/strong><br \/>(-15 for losing)\n|l|\u2606lobyte\n","uploadtime":1701195790,"views":0,"p1id":"fumbari24","p2id":"lobyte","formatid":"gen9nationaldexdoubles","rating":1168,"private":0,"password":""}