{"id":"gen9nationaldexdoubles-1959560530","p1":"caeden0330","p2":"shinyumbreon98","format":"[Gen 9] National Dex Doubles","log":"|j|\u2606caeden0330\n|j|\u2606shinyumbreon98\n|t:|1696437464\n|gametype|doubles\n|player|p1|caeden0330|n|1146\n|player|p2|shinyumbreon98|red|1154\n|teamsize|p1|6\n|teamsize|p2|6\n|gen|9\n|tier|[Gen 9] National Dex Doubles\n|rated|\n|rule|HP Percentage Mod: HP is shown in percentages\n|rule|Endless Battle Clause: Forcing endless battles is banned\n|rule|OHKO Clause: OHKO moves are banned\n|rule|Evasion Moves Clause: Evasion moves are banned\n|rule|Evasion Abilities Clause: Evasion abilities are banned\n|rule|Species Clause: Limit one of each Pok\u00e9mon\n|rule|Gravity Sleep Clause: The combination of sleep-inducing moves with imperfect accuracy and Gravity or Gigantamax Orbeetle are banned\n|clearpoke\n|poke|p1|Charizard, F|\n|poke|p1|Whimsicott, F|\n|poke|p1|Zapdos|\n|poke|p1|Great Tusk|\n|poke|p1|Volcanion|\n|poke|p1|Kingambit, M|\n|poke|p2|Bronzong|\n|poke|p2|Porygon2|\n|poke|p2|Greedent, M|\n|poke|p2|Shiinotic, F|\n|poke|p2|Maractus, F|\n|poke|p2|Oranguru, M|\n|teampreview\n|inactive|Battle timer is ON: inactive players will automatically lose when time's up. (requested by shinyumbreon98)\n|\n|t:|1696437498\n|start\n|switch|p1a: Hydraxon|Volcanion|100\/100\n|switch|p1b: Nuparu|Great Tusk|100\/100\n|switch|p2a: Oranguru|Oranguru, M|100\/100\n|switch|p2b: Maractus|Maractus, F|100\/100\n|turn|1\n|\n|t:|1696437524\n|-end|p1b: Nuparu|Protosynthesis|[silent]\n|switch|p1b: Teridax|Kingambit, M|100\/100\n|move|p1a: Hydraxon|Fire Blast|p2b: Maractus|[miss]\n|-miss|p1a: Hydraxon|p2b: Maractus\n|move|p2b: Maractus|Cotton Guard|p2b: Maractus\n|-boost|p2b: Maractus|def|3\n|move|p2a: Oranguru|Trick Room|p2a: Oranguru\n|-fieldstart|move: Trick Room|[of] p2a: Oranguru\n|\n|upkeep\n|turn|2\n|inactive|shinyumbreon98 has 120 seconds left.\n|inactive|shinyumbreon98 has 90 seconds left.\n|\n|t:|1696437597\n|switch|p2a: Porygon2|Porygon2|100\/100\n|-ability|p2a: Porygon2|Defiant|[from] ability: Trace|[of] p1b: Teridax\n|switch|p2b: Shiinotic|Shiinotic, F|100\/100\n|move|p1b: Teridax|Swords Dance|p1b: Teridax\n|-boost|p1b: Teridax|atk|2\n|move|p1a: Hydraxon|Fire Blast|p2b: Shiinotic|[miss]\n|-miss|p1a: Hydraxon|p2b: Shiinotic\n|\n|upkeep\n|turn|3\n|inactive|shinyumbreon98 has 90 seconds left.\n|c|\u2606caeden0330|fire blast my beloved\n|\n|t:|1696437627\n|move|p2b: Shiinotic|Spore|p1a: Hydraxon\n|-status|p1a: Hydraxon|slp|[from] move: Spore\n|move|p1b: Teridax|Iron Head|p2b: Shiinotic\n|-supereffective|p2b: Shiinotic\n|-damage|p2b: Shiinotic|0 fnt\n|-status|p1b: Teridax|par|[from] ability: Effect Spore|[of] p2b: Shiinotic\n|faint|p2b: Shiinotic\n|move|p2a: Porygon2|Tri Attack|p1b: Teridax\n|-resisted|p1b: Teridax\n|-damage|p1b: Teridax|87\/100 par\n|cant|p1a: Hydraxon|slp\n|\n|-heal|p1b: Teridax|93\/100 par|[from] item: Leftovers\n|upkeep\n|inactive|shinyumbreon98 has 90 seconds left.\n|\n|t:|1696437645\n|switch|p2b: Greedent|Greedent, M|100\/100\n|turn|4\n|\n|t:|1696437661\n|switch|p2a: Oranguru|Oranguru, M|100\/100\n|move|p1b: Teridax|Knock Off|p2b: Greedent\n|-damage|p2b: Greedent|22\/100\n|-enditem|p2b: Greedent|Sitrus Berry|[from] move: Knock Off|[of] p1b: Teridax\n|move|p2b: Greedent|Belly Drum||[still]\n|-fail|p2b: Greedent\n|-curestatus|p1a: Hydraxon|slp|[msg]\n|move|p1a: Hydraxon|Steam Eruption|p2b: Greedent\n|-damage|p2b: Greedent|0 fnt\n|faint|p2b: Greedent\n|\n|-heal|p1b: Teridax|99\/100 par|[from] item: Leftovers\n|upkeep\n|inactive|shinyumbreon98 has 90 seconds left.\n|\n|t:|1696437682\n|switch|p2b: Porygon2|Porygon2|100\/100\n|-ability|p2b: Porygon2|Water Absorb|[from] ability: Trace|[of] p1a: Hydraxon\n|turn|5\n|\n|t:|1696437693\n|move|p1b: Teridax|Knock Off|p2a: Oranguru\n|-supereffective|p2a: Oranguru\n|-damage|p2a: Oranguru|0 fnt\n|-enditem|p2a: Oranguru|Red Card|[from] move: Knock Off|[of] p1b: Teridax\n|faint|p2a: Oranguru\n|move|p2b: Porygon2|Tri Attack|p1a: Hydraxon\n|-damage|p1a: Hydraxon|82\/100\n|move|p1a: Hydraxon|Fire Blast|p2b: Porygon2\n|-damage|p2b: Porygon2|73\/100\n|\n|-heal|p1b: Teridax|100\/100 par|[from] item: Leftovers\n|-fieldend|move: Trick Room\n|upkeep\n|-message|shinyumbreon98 forfeited.\n|\n|win|caeden0330\n|raw|caeden0330's rating: 1125 &rarr; <strong>1152<\/strong><br \/>(+27 for winning)\n|raw|shinyumbreon98's rating: 1154 &rarr; <strong>1127<\/strong><br \/>(-27 for losing)\n|l|\u2606shinyumbreon98\n","uploadtime":1696437712,"views":19,"p1id":"caeden0330","p2id":"shinyumbreon98","formatid":"gen9nationaldexdoubles","rating":1127,"private":0,"password":""}