{"id":"gen9nationaldexdoubles-1961675320","p1":"Jpolo23","p2":"bogerslybridging","format":"[Gen 9] National Dex Doubles","log":"|j|\u2606Jpolo23\n|j|\u2606bogerslybridging\n|t:|1696651191\n|gametype|doubles\n|player|p1|Jpolo23|alder|1194\n|player|p2|bogerslybridging|unknown|1042\n|teamsize|p1|6\n|teamsize|p2|4\n|gen|9\n|tier|[Gen 9] National Dex Doubles\n|rated|\n|rule|HP Percentage Mod: HP is shown in percentages\n|rule|Endless Battle Clause: Forcing endless battles is banned\n|rule|OHKO Clause: OHKO moves are banned\n|rule|Evasion Moves Clause: Evasion moves are banned\n|rule|Evasion Abilities Clause: Evasion abilities are banned\n|rule|Species Clause: Limit one of each Pok\u00e9mon\n|rule|Gravity Sleep Clause: The combination of sleep-inducing moves with imperfect accuracy and Gravity or Gigantamax Orbeetle are banned\n|clearpoke\n|poke|p1|Slaking, M|\n|poke|p1|Weezing-Galar, M|\n|poke|p1|Grafaiai, M|\n|poke|p1|Dipplin, F|\n|poke|p1|Oranguru, F|\n|poke|p1|Espathra, F|\n|poke|p2|Jirachi|\n|poke|p2|Dudunsparce-*, F|\n|poke|p2|Cinderace, F|\n|poke|p2|Greninja-*, M|\n|teampreview\n|\n|t:|1696651196\n|start\n|switch|p1a: Weezing|Weezing-Galar, M|100\/100\n|switch|p1b: Slaking|Slaking, M|100\/100\n|switch|p2a: Cinderace|Cinderace, F|100\/100\n|switch|p2b: Greninja|Greninja, M|100\/100\n|-ability|p1a: Weezing|Neutralizing Gas\n|turn|1\n|\n|t:|1696651218\n|move|p2b: Greninja|Mat Block|p2b: Greninja\n|-singleturn|p2b: Greninja|Mat Block\n|move|p2a: Cinderace|Agility|p2a: Cinderace\n|-boost|p2a: Cinderace|spe|2\n|move|p1b: Slaking|Bulk Up|p1b: Slaking\n|-boost|p1b: Slaking|atk|1\n|-boost|p1b: Slaking|def|1\n|move|p1a: Weezing|Will-O-Wisp|p2b: Greninja|[miss]\n|-miss|p1a: Weezing|p2b: Greninja\n|\n|upkeep\n|turn|2\n|\n|t:|1696651232\n|move|p2a: Cinderace|Fire Pledge|p1a: Weezing\n|-waiting|p2a: Cinderace|p2b: Greninja\n|move|p2b: Greninja|Water Pledge|p1a: Weezing|[from]move: Fire Pledge\n|-combine\n|-damage|p1a: Weezing|40\/100\n|-sidestart|p2: bogerslybridging|Water Pledge\n|move|p1b: Slaking|Bulk Up|p1b: Slaking\n|-boost|p1b: Slaking|atk|1\n|-boost|p1b: Slaking|def|1\n|move|p1a: Weezing|Will-O-Wisp|p2b: Greninja\n|-status|p2b: Greninja|brn\n|\n|-damage|p2b: Greninja|95\/100 brn|[from] brn\n|upkeep\n|turn|3\n|\n|t:|1696651249\n|move|p2a: Cinderace|Fire Pledge|p1a: Weezing\n|-waiting|p2a: Cinderace|p2b: Greninja\n|move|p2b: Greninja|Water Pledge|p1a: Weezing|[from]move: Fire Pledge\n|-combine\n|-damage|p1a: Weezing|0 fnt\n|faint|p1a: Weezing\n|-end|p1a: Weezing|ability: Neutralizing Gas\n|-ability|p2b: Greninja|Battle Bond|boost\n|-boost|p2b: Greninja|atk|1\n|-boost|p2b: Greninja|spa|1\n|-boost|p2b: Greninja|spe|1\n|-activate|p2b: Greninja|ability: Battle Bond\n|move|p1b: Slaking|Bulk Up|p1b: Slaking\n|-boost|p1b: Slaking|atk|1\n|-boost|p1b: Slaking|def|1\n|\n|-damage|p2b: Greninja|89\/100 brn|[from] brn\n|upkeep\n|\n|t:|1696651262\n|switch|p1a: Grafaiai|Grafaiai, M|100\/100\n|turn|4\n|\n|t:|1696651282\n|move|p1a: Grafaiai|Doodle|p2a: Cinderace\n|-endability|p1a: Grafaiai|Prankster|[from] move: Doodle\n|-ability|p1a: Grafaiai|Libero|[from] move: Doodle\n|-endability|p1b: Slaking|Truant|[from] move: Doodle\n|-ability|p1b: Slaking|Libero|[from] move: Doodle\n|move|p2a: Cinderace|U-turn|p1b: Slaking\n|-start|p2a: Cinderace|typechange|Bug|[from] ability: Libero\n|-damage|p1b: Slaking|92\/100\n|\n|t:|1696651290\n|switch|p2a: Dudunsparce|Dudunsparce-Three-Segment, F|100\/100|[from] U-turn\n|move|p2b: Greninja|Haze|p2b: Greninja\n|-clearallboost\n|move|p1b: Slaking|Drain Punch|p2b: Greninja\n|-start|p1b: Slaking|typechange|Fighting|[from] ability: Libero\n|-supereffective|p2b: Greninja\n|-crit|p2b: Greninja\n|-damage|p2b: Greninja|0 fnt\n|-heal|p1b: Slaking|100\/100|[from] drain|[of] p2b: Greninja\n|faint|p2b: Greninja\n|\n|upkeep\n|\n|t:|1696651300\n|switch|p2b: Jirachi|Jirachi|100\/100\n|turn|5\n|\n|t:|1696651339\n|move|p1b: Slaking|Fire Punch|p2b: Jirachi\n|-supereffective|p2b: Jirachi\n|-damage|p2b: Jirachi|42\/100\n|-status|p2b: Jirachi|brn\n|move|p2b: Jirachi|Ancient Power|p1b: Slaking\n|-resisted|p1b: Slaking\n|-damage|p1b: Slaking|94\/100\n|-boost|p2b: Jirachi|atk|1\n|-boost|p2b: Jirachi|def|1\n|-boost|p2b: Jirachi|spa|1\n|-boost|p2b: Jirachi|spd|1\n|-boost|p2b: Jirachi|spe|1\n|move|p1a: Grafaiai|Doodle|p2b: Jirachi\n|-start|p1a: Grafaiai|typechange|Normal|[from] ability: Libero\n|-endability|p1a: Grafaiai|Libero|[from] move: Doodle\n|-ability|p1a: Grafaiai|Serene Grace|[from] move: Doodle\n|-endability|p1b: Slaking|Libero|[from] move: Doodle\n|-ability|p1b: Slaking|Serene Grace|[from] move: Doodle\n|move|p2a: Dudunsparce|Ancient Power|p1b: Slaking\n|-resisted|p1b: Slaking\n|-damage|p1b: Slaking|88\/100\n|\n|-heal|p1b: Slaking|94\/100|[from] item: Leftovers\n|-damage|p2b: Jirachi|36\/100 brn|[from] brn\n|-sideend|p2: bogerslybridging|Water Pledge\n|upkeep\n|turn|6\n|\n|t:|1696651377\n|move|p2b: Jirachi|Drain Punch|p1a: Grafaiai\n|-supereffective|p1a: Grafaiai\n|-damage|p1a: Grafaiai|52\/100\n|-heal|p2b: Jirachi|59\/100 brn|[from] drain|[of] p1a: Grafaiai\n|move|p1b: Slaking|Fire Punch|p2b: Jirachi\n|-supereffective|p2b: Jirachi\n|-damage|p2b: Jirachi|22\/100 brn\n|move|p1a: Grafaiai|Encore|p2a: Dudunsparce\n|-start|p2a: Dudunsparce|Encore\n|move|p2a: Dudunsparce|Ancient Power|p1b: Slaking\n|-resisted|p1b: Slaking\n|-damage|p1b: Slaking|89\/100\n|\n|-heal|p1b: Slaking|95\/100|[from] item: Leftovers\n|-damage|p2b: Jirachi|16\/100 brn|[from] brn\n|upkeep\n|turn|7\n|\n|t:|1696651396\n|move|p2b: Jirachi|Drain Punch|p1a: Grafaiai\n|-supereffective|p1a: Grafaiai\n|-damage|p1a: Grafaiai|8\/100\n|-heal|p2b: Jirachi|38\/100 brn|[from] drain|[of] p1a: Grafaiai\n|move|p1b: Slaking|Fire Punch|p2b: Jirachi\n|-supereffective|p2b: Jirachi\n|-damage|p2b: Jirachi|0 fnt\n|faint|p2b: Jirachi\n|move|p1a: Grafaiai|Encore||[still]\n|-fail|p1a: Grafaiai\n|move|p2a: Dudunsparce|Ancient Power|p1b: Slaking\n|-resisted|p1b: Slaking\n|-damage|p1b: Slaking|89\/100\n|-boost|p2a: Dudunsparce|atk|1\n|-boost|p2a: Dudunsparce|def|1\n|-boost|p2a: Dudunsparce|spa|1\n|-boost|p2a: Dudunsparce|spd|1\n|-boost|p2a: Dudunsparce|spe|1\n|\n|-heal|p1b: Slaking|95\/100|[from] item: Leftovers\n|upkeep\n|\n|t:|1696651400\n|switch|p2b: Cinderace|Cinderace, F|100\/100\n|turn|8\n|\n|t:|1696651427\n|move|p2b: Cinderace|Coaching|p2a: Dudunsparce\n|-start|p2b: Cinderace|typechange|Fighting|[from] ability: Libero\n|-boost|p2a: Dudunsparce|atk|1\n|-boost|p2a: Dudunsparce|def|1\n|move|p1b: Slaking|Drain Punch|p2a: Dudunsparce\n|-supereffective|p2a: Dudunsparce\n|-damage|p2a: Dudunsparce|61\/100\n|-heal|p1b: Slaking|100\/100|[from] drain|[of] p2a: Dudunsparce\n|move|p1a: Grafaiai|Parting Shot|p2b: Cinderace\n|-unboost|p2b: Cinderace|atk|1\n|-unboost|p2b: Cinderace|spa|1\n|\n|t:|1696651438\n|switch|p1a: Oranguru|Oranguru, F|100\/100|[from] Parting Shot\n|move|p2a: Dudunsparce|Ancient Power|p1a: Oranguru\n|-damage|p1a: Oranguru|86\/100\n|\n|-heal|p2a: Dudunsparce|67\/100|[from] item: Leftovers\n|-heal|p1a: Oranguru|92\/100|[from] item: Leftovers\n|-end|p2a: Dudunsparce|Encore\n|upkeep\n|turn|9\n|\n|t:|1696651461\n|move|p2b: Cinderace|Coaching|p2a: Dudunsparce\n|-boost|p2a: Dudunsparce|atk|1\n|-boost|p2a: Dudunsparce|def|1\n|move|p1b: Slaking|Drain Punch|p2b: Cinderace\n|-damage|p2b: Cinderace|46\/100\n|move|p2a: Dudunsparce|Coil|p2a: Dudunsparce\n|-boost|p2a: Dudunsparce|atk|1\n|-boost|p2a: Dudunsparce|def|1\n|-boost|p2a: Dudunsparce|accuracy|1\n|move|p1a: Oranguru|Instruct|p1b: Slaking\n|-singleturn|p1b: Slaking|move: Instruct|[of] p1a: Oranguru\n|move|p1b: Slaking|Drain Punch|p2b: Cinderace\n|-damage|p2b: Cinderace|0 fnt\n|faint|p2b: Cinderace\n|\n|-heal|p2a: Dudunsparce|73\/100|[from] item: Leftovers\n|-heal|p1a: Oranguru|99\/100|[from] item: Leftovers\n|upkeep\n|turn|10\n|\n|t:|1696651488\n|move|p1b: Slaking|Bulk Up|p1b: Slaking\n|-boost|p1b: Slaking|atk|1\n|-boost|p1b: Slaking|def|1\n|move|p2a: Dudunsparce|Rock Slide|p1b: Slaking|[spread] p1a,p1b\n|-resisted|p1b: Slaking\n|-damage|p1a: Oranguru|59\/100\n|-damage|p1b: Slaking|89\/100\n|cant|p1a: Oranguru|flinch\n|\n|-heal|p1b: Slaking|96\/100|[from] item: Leftovers\n|-heal|p2a: Dudunsparce|79\/100|[from] item: Leftovers\n|-heal|p1a: Oranguru|66\/100|[from] item: Leftovers\n|upkeep\n|turn|11\n|\n|t:|1696651506\n|move|p1b: Slaking|Bulk Up|p1b: Slaking\n|-boost|p1b: Slaking|atk|1\n|-boost|p1b: Slaking|def|1\n|move|p2a: Dudunsparce|Body Slam|p1b: Slaking\n|-damage|p1b: Slaking|60\/100\n|-status|p1b: Slaking|par\n|move|p1a: Oranguru|Instruct|p1b: Slaking\n|-singleturn|p1b: Slaking|move: Instruct|[of] p1a: Oranguru\n|move|p1b: Slaking|Bulk Up|p1b: Slaking\n|-boost|p1b: Slaking|atk|1\n|-boost|p1b: Slaking|def|1\n|\n|-heal|p2a: Dudunsparce|85\/100|[from] item: Leftovers\n|-heal|p1b: Slaking|66\/100 par|[from] item: Leftovers\n|-heal|p1a: Oranguru|72\/100|[from] item: Leftovers\n|upkeep\n|turn|12\n|\n|t:|1696651526\n|move|p2a: Dudunsparce|Body Slam|p1a: Oranguru\n|-damage|p1a: Oranguru|0 fnt\n|faint|p1a: Oranguru\n|move|p1b: Slaking|Bulk Up|p1b: Slaking\n|-boost|p1b: Slaking|atk|1\n|-boost|p1b: Slaking|def|1\n|\n|-heal|p2a: Dudunsparce|91\/100|[from] item: Leftovers\n|-heal|p1b: Slaking|72\/100 par|[from] item: Leftovers\n|upkeep\n|\n|t:|1696651540\n|switch|p1a: Espathra|Espathra, F|100\/100\n|turn|13\n|\n|t:|1696651564\n|move|p2a: Dudunsparce|Body Slam|p1a: Espathra\n|-enditem|p1a: Espathra|Focus Sash\n|-damage|p1a: Espathra|1\/100\n|-status|p1a: Espathra|par\n|move|p1b: Slaking|Bulk Up|p1b: Slaking\n|-boost|p1b: Slaking|atk|1\n|-boost|p1b: Slaking|def|1\n|move|p1a: Espathra|Skill Swap|p1b: Slaking\n|-activate|p1a: Espathra|move: Skill Swap|||[of] p1b: Slaking\n|\n|-heal|p2a: Dudunsparce|97\/100|[from] item: Leftovers\n|-heal|p1b: Slaking|78\/100 par|[from] item: Leftovers\n|-ability|p1b: Slaking|Speed Boost|boost\n|-boost|p1b: Slaking|spe|1\n|upkeep\n|turn|14\n|\n|t:|1696651583\n|move|p1a: Espathra|Protect|p1a: Espathra\n|-singleturn|p1a: Espathra|Protect\n|move|p2a: Dudunsparce|Rock Slide|p1b: Slaking|[spread] p1b\n|-activate|p1a: Espathra|move: Protect\n|-resisted|p1b: Slaking\n|-damage|p1b: Slaking|73\/100 par\n|cant|p1b: Slaking|flinch\n|\n|-heal|p2a: Dudunsparce|100\/100|[from] item: Leftovers\n|-heal|p1b: Slaking|79\/100 par|[from] item: Leftovers\n|-ability|p1b: Slaking|Speed Boost|boost\n|-boost|p1b: Slaking|spe|1\n|upkeep\n|turn|15\n|\n|t:|1696651609\n|move|p1b: Slaking|Drain Punch|p2a: Dudunsparce\n|-supereffective|p2a: Dudunsparce\n|-crit|p2a: Dudunsparce\n|-damage|p2a: Dudunsparce|0 fnt\n|-heal|p1b: Slaking|100\/100 par|[from] drain|[of] p2a: Dudunsparce\n|faint|p2a: Dudunsparce\n|\n|win|Jpolo23\n|raw|Jpolo23's rating: 1194 &rarr; <strong>1209<\/strong><br \/>(+15 for winning)\n|raw|bogerslybridging's rating: 1042 &rarr; <strong>1032<\/strong><br \/>(-10 for losing)\n|l|\u2606bogerslybridging\n","uploadtime":1696651620,"views":8,"p1id":"jpolo23","p2id":"bogerslybridging","formatid":"gen9nationaldexdoubles","rating":1032,"private":0,"password":""}