{"id":"gen9nationaldexdoubles-1970185382","p1":"Chuuugs","p2":"Cabinet Minister","format":"[Gen 9] National Dex Doubles","log":"|j|\u2606Chuuugs\n|j|\u2606Cabinet Minister\n|t:|1697606809\n|gametype|doubles\n|player|p1|Chuuugs|hilda|1000\n|player|p2|Cabinet Minister|gentleman|1069\n|teamsize|p1|6\n|teamsize|p2|6\n|gen|9\n|tier|[Gen 9] National Dex Doubles\n|rated|\n|rule|HP Percentage Mod: HP is shown in percentages\n|rule|Endless Battle Clause: Forcing endless battles is banned\n|rule|OHKO Clause: OHKO moves are banned\n|rule|Evasion Moves Clause: Evasion moves are banned\n|rule|Evasion Abilities Clause: Evasion abilities are banned\n|rule|Species Clause: Limit one of each Pok\u00e9mon\n|rule|Gravity Sleep Clause: The combination of sleep-inducing moves with imperfect accuracy and Gravity or Gigantamax Orbeetle are banned\n|clearpoke\n|poke|p1|Ribombee, M|\n|poke|p1|Aggron, M|\n|poke|p1|Raichu-Alola, F|\n|poke|p1|Pincurchin, M|\n|poke|p1|Azelf|\n|poke|p1|Sinistcha-Masterpiece|\n|poke|p2|Regigigas|\n|poke|p2|Mienshao, F|\n|poke|p2|Dusknoir, M|\n|poke|p2|Clefable, M|\n|poke|p2|Blissey, F|\n|poke|p2|Eelektross, M|\n|teampreview\n|\n|t:|1697606827\n|start\n|switch|p1a: Burnt Toast|Raichu-Alola, F, shiny|100\/100\n|switch|p1b: Kidney Stone|Pincurchin, M, shiny|100\/100\n|switch|p2a: Political Campaign|Regigigas|100\/100\n|switch|p2b: Exchequer|Eelektross, M|100\/100\n|-start|p2a: Political Campaign|ability: Slow Start\n|-fieldstart|move: Electric Terrain|[from] ability: Electric Surge|[of] p1b: Kidney Stone\n|turn|1\n|\n|t:|1697606896\n|move|p1a: Burnt Toast|Rising Voltage|p2a: Political Campaign\n|-hint|Rising Voltage's BP doubled on grounded target.\n|-damage|p2a: Political Campaign|29\/100\n|move|p2b: Exchequer|U-turn|p1a: Burnt Toast\n|-supereffective|p1a: Burnt Toast\n|-damage|p1a: Burnt Toast|10\/100\n|\n|t:|1697606904\n|switch|p2b: Committee Chair|Clefable, M|100\/100|[from] U-turn\n|move|p2a: Political Campaign|Heat Crash|p1a: Burnt Toast\n|-damage|p1a: Burnt Toast|0 fnt\n|faint|p1a: Burnt Toast\n|move|p1b: Kidney Stone|Toxic Spikes|p2a: Political Campaign\n|-sidestart|p2: Cabinet Minister|move: Toxic Spikes\n|\n|upkeep\n|\n|t:|1697606928\n|switch|p1a: Starbucks|Sinistcha-Masterpiece, shiny|100\/100\n|turn|2\n|\n|t:|1697606955\n|move|p2b: Committee Chair|Protect|p2b: Committee Chair\n|-singleturn|p2b: Committee Chair|Protect\n|move|p2a: Political Campaign|Protect|p2a: Political Campaign\n|-singleturn|p2a: Political Campaign|Protect\n|move|p1a: Starbucks|Calm Mind|p1a: Starbucks\n|-boost|p1a: Starbucks|spa|1\n|-boost|p1a: Starbucks|spd|1\n|move|p1b: Kidney Stone|Rising Voltage|p2a: Political Campaign\n|-activate|p2a: Political Campaign|move: Protect\n|\n|upkeep\n|turn|3\n|\n|t:|1697607003\n|move|p1a: Starbucks|Matcha Gotcha|p2b: Committee Chair|[spread] p2a,p2b\n|-damage|p2a: Political Campaign|6\/100\n|-damage|p2b: Committee Chair|68\/100\n|-status|p2a: Political Campaign|brn\n|move|p2b: Committee Chair|Heal Pulse|p2a: Political Campaign\n|-heal|p2a: Political Campaign|56\/100 brn\n|move|p2a: Political Campaign|Heat Crash|p1a: Starbucks\n|-supereffective|p1a: Starbucks\n|-damage|p1a: Starbucks|93\/100\n|move|p1b: Kidney Stone|Scald|p2a: Political Campaign\n|-damage|p2a: Political Campaign|41\/100 brn\n|\n|-damage|p2a: Political Campaign|35\/100 brn|[from] brn\n|upkeep\n|turn|4\n|\n|t:|1697607045\n|move|p1a: Starbucks|Strength Sap|p2a: Political Campaign\n|-unboost|p2a: Political Campaign|atk|1\n|-heal|p1a: Starbucks|100\/100\n|move|p2b: Committee Chair|Thunderbolt|p1a: Starbucks\n|-resisted|p1a: Starbucks\n|-damage|p1a: Starbucks|84\/100\n|move|p1b: Kidney Stone|Rising Voltage|p2b: Committee Chair\n|-hint|Rising Voltage's BP doubled on grounded target.\n|-damage|p2b: Committee Chair|7\/100\n|move|p2a: Political Campaign|Revenge|p1b: Kidney Stone\n|-damage|p1b: Kidney Stone|96\/100\n|\n|-damage|p2a: Political Campaign|29\/100 brn|[from] brn\n|upkeep\n|turn|5\n|\n|t:|1697607071\n|move|p2b: Committee Chair|Protect|p2b: Committee Chair\n|-singleturn|p2b: Committee Chair|Protect\n|move|p2a: Political Campaign|Protect|p2a: Political Campaign\n|-singleturn|p2a: Political Campaign|Protect\n|move|p1a: Starbucks|Matcha Gotcha|p2a: Political Campaign|[spread] \n|-activate|p2a: Political Campaign|move: Protect\n|-activate|p2b: Committee Chair|move: Protect\n|move|p1b: Kidney Stone|Scald|p2a: Political Campaign\n|-activate|p2a: Political Campaign|move: Protect\n|\n|-damage|p2a: Political Campaign|23\/100 brn|[from] brn\n|-end|p2a: Political Campaign|Slow Start\n|upkeep\n|turn|6\n|c|\u2606Chuuugs|this is why i hate politics\n|\n|t:|1697607111\n|move|p2a: Political Campaign|Crush Grip|p1b: Kidney Stone\n|-damage|p1b: Kidney Stone|71\/100\n|move|p1a: Starbucks|Matcha Gotcha|p2b: Committee Chair|[spread] p2a,p2b\n|-damage|p2a: Political Campaign|0 fnt\n|-heal|p1a: Starbucks|98\/100|[from] drain|[of] p2a: Political Campaign\n|-damage|p2b: Committee Chair|0 fnt\n|-heal|p1a: Starbucks|100\/100|[from] drain|[of] p2b: Committee Chair\n|faint|p2a: Political Campaign\n|-end|p2a: Political Campaign|Slow Start|[silent]\n|faint|p2b: Committee Chair\n|move|p1b: Kidney Stone|Scald|p2: Political Campaign|[notarget]\n|-fail|p1b: Kidney Stone\n|\n|upkeep\n|\n|t:|1697607132\n|switch|p2a: Budget Master|Blissey, F|100\/100\n|switch|p2b: Exchequer|Eelektross, M|100\/100\n|-status|p2a: Budget Master|psn\n|turn|7\n|\n|t:|1697607160\n|move|p1a: Starbucks|Matcha Gotcha|p2a: Budget Master|[spread] p2b\n|-miss|p1a: Starbucks|p2a: Budget Master\n|-damage|p2b: Exchequer|79\/100\n|move|p2a: Budget Master|Toxic|p1a: Starbucks\n|-status|p1a: Starbucks|tox\n|move|p1b: Kidney Stone|Scald|p2b: Exchequer\n|-damage|p2b: Exchequer|64\/100\n|-status|p2b: Exchequer|brn\n|move|p2b: Exchequer|Dragon Tail|p1b: Kidney Stone\n|-damage|p1b: Kidney Stone|60\/100\n|drag|p1b: Buzby|Ribombee, M, shiny|100\/100\n|\n|-damage|p1a: Starbucks|94\/100 tox|[from] psn\n|-damage|p2a: Budget Master|88\/100 psn|[from] psn\n|-damage|p2b: Exchequer|58\/100 brn|[from] brn\n|upkeep\n|turn|8\n|\n|t:|1697607216\n|move|p1b: Buzby|Bug Buzz|p2a: Budget Master\n|-damage|p2a: Budget Master|76\/100 psn\n|move|p1a: Starbucks|Matcha Gotcha|p2a: Budget Master|[spread] p2a,p2b\n|-damage|p2a: Budget Master|64\/100 psn\n|-heal|p1a: Starbucks|100\/100 tox|[from] drain|[of] p2a: Budget Master\n|-damage|p2b: Exchequer|34\/100 brn\n|move|p2a: Budget Master|Aromatherapy|p2a: Budget Master\n|-activate|p2a: Budget Master|move: Aromatherapy\n|-curestatus|p2a: Budget Master|psn|[msg]\n|-curestatus|p2b: Exchequer|brn|[msg]\n|move|p2b: Exchequer|Dragon Tail|p1a: Starbucks\n|-damage|p1a: Starbucks|89\/100 tox\n|drag|p1a: MechaGodzilla|Aggron, M, shiny|100\/100\n|\n|-heal|p2a: Budget Master|70\/100|[from] item: Leftovers\n|-fieldend|move: Electric Terrain\n|upkeep\n|turn|9\n|\n|t:|1697607256\n|move|p1b: Buzby|Bug Buzz|p2a: Budget Master\n|-damage|p2a: Budget Master|57\/100\n|-unboost|p2a: Budget Master|spd|1\n|move|p2a: Budget Master|Toxic|p1b: Buzby\n|-status|p1b: Buzby|tox\n|move|p1a: MechaGodzilla|Head Smash|p2b: Exchequer\n|-damage|p2b: Exchequer|0 fnt\n|faint|p2b: Exchequer\n|\n|-heal|p2a: Budget Master|63\/100|[from] item: Leftovers\n|-damage|p1b: Buzby|94\/100 tox|[from] psn\n|upkeep\n|\n|t:|1697607270\n|switch|p2b: PAC Board Member|Mienshao, F|100\/100\n|-status|p2b: PAC Board Member|psn\n|turn|10\n|\n|t:|1697607298\n|switch|p1b: Genie|Azelf, shiny|100\/100\n|-terastallize|p2b: PAC Board Member|Steel\n|move|p2b: PAC Board Member|High Jump Kick|p1a: MechaGodzilla\n|-supereffective|p1a: MechaGodzilla\n|-damage|p1a: MechaGodzilla|0 fnt\n|faint|p1a: MechaGodzilla\n|move|p2a: Budget Master|Tri Attack|p1b: Genie\n|-damage|p1b: Genie|69\/100\n|\n|-heal|p2a: Budget Master|69\/100|[from] item: Leftovers\n|-damage|p2b: PAC Board Member|88\/100 psn|[from] psn\n|upkeep\n|\n|t:|1697607332\n|switch|p1a: Buzby|Ribombee, M, shiny|94\/100 tox\n|turn|11\n|\n|t:|1697607365\n|-terastallize|p1b: Genie|Fire\n|move|p1a: Buzby|Toxic|p2a: Budget Master\n|-status|p2a: Budget Master|tox\n|move|p1b: Genie|Flamethrower|p2b: PAC Board Member\n|-supereffective|p2b: PAC Board Member\n|-damage|p2b: PAC Board Member|0 fnt\n|faint|p2b: PAC Board Member\n|-damage|p1b: Genie|59\/100|[from] item: Life Orb\n|move|p2a: Budget Master|Aromatherapy|p2a: Budget Master\n|-activate|p2a: Budget Master|move: Aromatherapy\n|-curestatus|p2a: Budget Master|tox|[msg]\n|\n|-heal|p2a: Budget Master|76\/100|[from] item: Leftovers\n|-damage|p1a: Buzby|88\/100 tox|[from] psn\n|upkeep\n|\n|t:|1697607376\n|switch|p2b: Senate|Dusknoir, M|100\/100\n|-status|p2b: Senate|psn\n|-ability|p2b: Senate|Pressure\n|turn|12\n|\n|t:|1697607399\n|move|p1a: Buzby|Toxic|p2a: Budget Master\n|-status|p2a: Budget Master|tox\n|move|p1b: Genie|Dazzling Gleam|p2b: Senate|[spread] p2a,p2b\n|-damage|p2a: Budget Master|61\/100 tox\n|-damage|p2b: Senate|80\/100 psn\n|-damage|p1b: Genie|49\/100|[from] item: Life Orb\n|move|p2a: Budget Master|Tri Attack|p1b: Genie\n|-damage|p1b: Genie|15\/100\n|-status|p1b: Genie|par\n|move|p2b: Senate|Earthquake|p1a: Buzby|[spread] p2a,p1a\n|-immune|p1b: Genie|[from] ability: Levitate\n|-crit|p2a: Budget Master\n|-resisted|p1a: Buzby\n|-damage|p2a: Budget Master|29\/100 tox\n|-damage|p1a: Buzby|70\/100 tox\n|\n|-heal|p2a: Budget Master|35\/100 tox|[from] item: Leftovers\n|-heal|p2b: Senate|86\/100 psn|[from] item: Leftovers\n|-damage|p1a: Buzby|58\/100 tox|[from] psn\n|-damage|p2a: Budget Master|29\/100 tox|[from] psn\n|-damage|p2b: Senate|74\/100 psn|[from] psn\n|upkeep\n|turn|13\n|\n|t:|1697607448\n|switch|p1a: Starbucks|Sinistcha-Masterpiece, shiny|89\/100 tox\n|move|p1b: Genie|Flamethrower|p2a: Budget Master\n|-damage|p2a: Budget Master|1\/100 tox\n|-damage|p1b: Genie|5\/100 par|[from] item: Life Orb\n|move|p2a: Budget Master|Aromatherapy|p2a: Budget Master\n|-activate|p2a: Budget Master|move: Aromatherapy\n|-curestatus|p2a: Budget Master|tox|[msg]\n|-curestatus|p2b: Senate|psn|[msg]\n|move|p2b: Senate|Psychic|p1b: Genie\n|-damage|p1b: Genie|0 fnt\n|faint|p1b: Genie\n|\n|-heal|p2a: Budget Master|7\/100|[from] item: Leftovers\n|-heal|p2b: Senate|80\/100|[from] item: Leftovers\n|-damage|p1a: Starbucks|83\/100 tox|[from] psn\n|upkeep\n|\n|t:|1697607474\n|switch|p1b: Buzby|Ribombee, M, shiny|58\/100 tox\n|turn|14\n|\n|t:|1697607488\n|move|p1b: Buzby|U-turn|p2a: Budget Master\n|-damage|p2a: Budget Master|0 fnt\n|faint|p2a: Budget Master\n|\n|t:|1697607492\n|switch|p1b: Kidney Stone|Pincurchin, M, shiny|60\/100|[from] U-turn\n|-fieldstart|move: Electric Terrain|[from] ability: Electric Surge|[of] p1b: Kidney Stone\n|move|p1a: Starbucks|Matcha Gotcha|p2b: Senate\n|-damage|p2b: Senate|56\/100\n|-heal|p1a: Starbucks|93\/100 tox|[from] drain|[of] p2b: Senate\n|-status|p2b: Senate|brn\n|move|p2b: Senate|Mimic|p1a: Starbucks\n|-start|p2b: Senate|Mimic|Matcha Gotcha\n|\n|-heal|p2b: Senate|62\/100 brn|[from] item: Leftovers\n|-damage|p1a: Starbucks|81\/100 tox|[from] psn\n|-damage|p2b: Senate|56\/100 brn|[from] brn\n|upkeep\n|turn|15\n|\n|t:|1697607519\n|move|p1a: Starbucks|Matcha Gotcha|p2b: Senate|[miss]\n|-miss|p1a: Starbucks|p2b: Senate\n|move|p2b: Senate|Matcha Gotcha|p1a: Starbucks|[spread] p1a,p1b\n|-resisted|p1a: Starbucks\n|-crit|p1a: Starbucks\n|-damage|p1a: Starbucks|72\/100 tox\n|-heal|p2b: Senate|61\/100 brn|[from] drain|[of] p1a: Starbucks\n|-damage|p1b: Kidney Stone|49\/100\n|-heal|p2b: Senate|68\/100 brn|[from] drain|[of] p1b: Kidney Stone\n|move|p1b: Kidney Stone|Rising Voltage|p2b: Senate\n|-hint|Rising Voltage's BP doubled on grounded target.\n|-damage|p2b: Senate|11\/100 brn\n|\n|-heal|p2b: Senate|17\/100 brn|[from] item: Leftovers\n|-damage|p1a: Starbucks|54\/100 tox|[from] psn\n|-damage|p2b: Senate|11\/100 brn|[from] brn\n|upkeep\n|turn|16\n|\n|t:|1697607539\n|move|p1a: Starbucks|Matcha Gotcha|p2b: Senate\n|-damage|p2b: Senate|0 fnt\n|-heal|p1a: Starbucks|58\/100 tox|[from] drain|[of] p2b: Senate\n|faint|p2b: Senate\n|\n|win|Chuuugs\n|raw|Chuuugs's rating: 1000 &rarr; <strong>1048<\/strong><br \/>(+48 for winning)\n|raw|Cabinet Minister's rating: 1069 &rarr; <strong>1045<\/strong><br \/>(-24 for losing)\n|l|\u2606Cabinet Minister\n|c|\u2606Chuuugs|gg\n","uploadtime":1697607551,"views":10,"p1id":"chuuugs","p2id":"cabinetminister","formatid":"gen9nationaldexdoubles","rating":1045,"private":0,"password":""}