{"id":"gen9nationaldexdoubles-1987455493","p1":"cassndra","p2":"SirChewsALot","format":"[Gen 9] National Dex Doubles","log":"|j|\u2606cassndra\n|j|\u2606SirChewsALot\n|t:|1699594245\n|gametype|doubles\n|player|p1|cassndra|lisia|\n|player|p2|SirChewsALot|acetrainerf|\n|teamsize|p1|6\n|teamsize|p2|6\n|gen|9\n|tier|[Gen 9] National Dex Doubles\n|rule|HP Percentage Mod: HP is shown in percentages\n|rule|Endless Battle Clause: Forcing endless battles is banned\n|rule|OHKO Clause: OHKO moves are banned\n|rule|Evasion Moves Clause: Evasion moves are banned\n|rule|Evasion Abilities Clause: Evasion abilities are banned\n|rule|Species Clause: Limit one of each Pok\u00e9mon\n|rule|Gravity Sleep Clause: The combination of sleep-inducing moves with imperfect accuracy and Gravity or Gigantamax Orbeetle are banned\n|clearpoke\n|poke|p1|Pelipper, F|\n|poke|p1|Zapdos|\n|poke|p1|Keldeo-Resolute|\n|poke|p1|Milotic, F|\n|poke|p1|Ogerpon-Wellspring, F|\n|poke|p1|Gastrodon, F|\n|poke|p2|Kyurem|\n|poke|p2|Tornadus-Therian, M|\n|poke|p2|Ogerpon-Wellspring, F|\n|poke|p2|Cresselia, F|\n|poke|p2|Garganacl, M|\n|poke|p2|Volcarona, M|\n|teampreview\n|\n|t:|1699594257\n|start\n|switch|p1a: The Postal Service|Pelipper, F|100\/100\n|switch|p1b: Cal Falcons|Zapdos|100\/100\n|switch|p2a: Ogerpon|Ogerpon-Wellspring, F|100\/100\n|switch|p2b: Cresselia|Cresselia, F|100\/100\n|-weather|RainDance|[from] ability: Drizzle|[of] p1a: The Postal Service\n|turn|1\n|c|\u2606cassndra|glhf\n|c|\u2606SirChewsALot|glhf!\n|\n|t:|1699594298\n|switch|p2a: Kyurem|Kyurem|100\/100\n|-ability|p2a: Kyurem|Pressure\n|move|p1b: Cal Falcons|Hurricane|p2a: Kyurem\n|-damage|p2a: Kyurem|45\/100\n|-start|p2a: Kyurem|confusion\n|move|p2b: Cresselia|Sunny Day|p2b: Cresselia\n|-weather|SunnyDay\n|move|p1a: The Postal Service|U-turn|p2a: Kyurem\n|-damage|p2a: Kyurem|37\/100\n|\n|t:|1699594309\n|switch|p1a: Kunik|Keldeo-Resolute|100\/100|[from] U-turn\n|\n|-weather|SunnyDay|[upkeep]\n|upkeep\n|turn|2\n|\n|t:|1699594332\n|move|p1a: Kunik|Protect|p1a: Kunik\n|-singleturn|p1a: Kunik|Protect\n|move|p2b: Cresselia|Ally Switch|p2b: Cresselia\n|swap|p2b: Cresselia|0|[from] move: Ally Switch\n|-activate|p2b: Kyurem|confusion\n|move|p2b: Kyurem|Freeze-Dry|p1a: Kunik\n|-activate|p1a: Kunik|move: Protect\n|move|p1b: Cal Falcons|Thunder|p2b: Kyurem|[miss]\n|-miss|p1b: Cal Falcons|p2b: Kyurem\n|\n|-weather|SunnyDay|[upkeep]\n|upkeep\n|turn|3\n|\n|t:|1699594354\n|-activate|p2b: Kyurem|confusion\n|move|p2b: Kyurem|Freeze-Dry|p1b: Cal Falcons\n|-supereffective|p1b: Cal Falcons\n|-crit|p1b: Cal Falcons\n|-damage|p1b: Cal Falcons|0 fnt\n|faint|p1b: Cal Falcons\n|move|p1a: Kunik|Secret Sword|p2b: Kyurem\n|-supereffective|p2b: Kyurem\n|-damage|p2b: Kyurem|0 fnt\n|faint|p2b: Kyurem\n|move|p2a: Cresselia|Grass Knot|p1a: Kunik\n|-supereffective|p1a: Kunik\n|-damage|p1a: Kunik|77\/100\n|\n|-weather|SunnyDay|[upkeep]\n|upkeep\n|\n|t:|1699594370\n|switch|p2b: Ogerpon|Ogerpon-Wellspring, F|100\/100\n|switch|p1b: The Postal Service|Pelipper, F|100\/100\n|-weather|RainDance|[from] ability: Drizzle|[of] p1b: The Postal Service\n|turn|4\n|\n|t:|1699594383\n|move|p2b: Ogerpon|Spiky Shield|p2b: Ogerpon\n|-singleturn|p2b: Ogerpon|move: Protect\n|move|p1a: Kunik|Swords Dance|p1a: Kunik\n|-boost|p1a: Kunik|atk|2\n|move|p2a: Cresselia|Sunny Day|p2a: Cresselia\n|-weather|SunnyDay\n|move|p1b: The Postal Service|Hurricane|p2b: Ogerpon\n|-activate|p2b: Ogerpon|move: Protect\n|\n|-weather|SunnyDay|[upkeep]\n|upkeep\n|turn|5\n|\n|t:|1699594398\n|move|p2a: Cresselia|Ally Switch|p2a: Cresselia\n|swap|p2a: Cresselia|1|[from] move: Ally Switch\n|move|p2a: Ogerpon|Horn Leech|p1a: Kunik\n|-supereffective|p1a: Kunik\n|-damage|p1a: Kunik|0 fnt\n|faint|p1a: Kunik\n|move|p1b: The Postal Service|Hurricane|p2a: Ogerpon\n|-supereffective|p2a: Ogerpon\n|-damage|p2a: Ogerpon|12\/100\n|\n|-weather|SunnyDay|[upkeep]\n|upkeep\n|\n|t:|1699594408\n|switch|p1a: Millie|Milotic, F|100\/100\n|turn|6\n|\n|t:|1699594428\n|move|p2a: Ogerpon|Horn Leech|p1a: Millie\n|-supereffective|p1a: Millie\n|-damage|p1a: Millie|30\/100\n|-heal|p2a: Ogerpon|58\/100|[from] drain|[of] p1a: Millie\n|move|p2b: Cresselia|Grass Knot|p1a: Millie\n|-supereffective|p1a: Millie\n|-damage|p1a: Millie|5\/100\n|move|p1a: Millie|Ice Beam|p2a: Ogerpon\n|-damage|p2a: Ogerpon|33\/100\n|move|p1b: The Postal Service|U-turn|p2b: Cresselia\n|-supereffective|p2b: Cresselia\n|-damage|p2b: Cresselia|89\/100\n|-damage|p1b: The Postal Service|84\/100|[from] item: Rocky Helmet|[of] p2b: Cresselia\n|\n|t:|1699594444\n|switch|p1b: Friend :3|Gastrodon, F|100\/100|[from] U-turn\n|\n|-weather|SunnyDay|[upkeep]\n|-heal|p1a: Millie|11\/100|[from] item: Leftovers\n|upkeep\n|turn|7\n|\n|t:|1699594459\n|move|p2a: Ogerpon|Spiky Shield|p2a: Ogerpon\n|-singleturn|p2a: Ogerpon|move: Protect\n|move|p2b: Cresselia|Grass Knot|p1a: Millie\n|-supereffective|p1a: Millie\n|-damage|p1a: Millie|0 fnt\n|faint|p1a: Millie\n|move|p1b: Friend :3|Surf|p2b: Cresselia|[spread] p2b\n|-activate|p2a: Ogerpon|move: Protect\n|-damage|p2b: Cresselia|81\/100\n|-damage|p1b: Friend :3|91\/100|[from] item: Life Orb\n|\n|-weather|SunnyDay|[upkeep]\n|upkeep\n|\n|t:|1699594470\n|switch|p1a: The Postal Service|Pelipper, F|84\/100\n|-weather|RainDance|[from] ability: Drizzle|[of] p1a: The Postal Service\n|turn|8\n|\n|t:|1699594490\n|move|p2a: Ogerpon|Horn Leech|p1b: Friend :3\n|-supereffective|p1b: Friend :3\n|-damage|p1b: Friend :3|0 fnt\n|-heal|p2a: Ogerpon|97\/100|[from] drain|[of] p1b: Friend :3\n|faint|p1b: Friend :3\n|move|p2b: Cresselia|Sunny Day|p2b: Cresselia\n|-weather|SunnyDay\n|move|p1a: The Postal Service|Hurricane|p2b: Cresselia\n|-crit|p2b: Cresselia\n|-damage|p2b: Cresselia|49\/100\n|\n|-weather|SunnyDay|[upkeep]\n|upkeep\n|\n|t:|1699594500\n|switch|p1b: Kiki|Ogerpon-Wellspring, F|100\/100\n|turn|9\n|\n|t:|1699594519\n|move|p2a: Ogerpon|U-turn|p1b: Kiki\n|-supereffective|p1b: Kiki\n|-damage|p1b: Kiki|25\/100\n|\n|t:|1699594539\n|switch|p2a: Tornadus|Tornadus-Therian, M|100\/100|[from] U-turn\n|move|p1b: Kiki|Play Rough|p2b: Cresselia\n|-damage|p2b: Cresselia|24\/100\n|-unboost|p2b: Cresselia|atk|1\n|-damage|p1b: Kiki|8\/100|[from] item: Rocky Helmet|[of] p2b: Cresselia\n|move|p2b: Cresselia|Grass Knot|p1a: The Postal Service\n|-damage|p1a: The Postal Service|68\/100\n|move|p1a: The Postal Service|Hurricane|p2a: Tornadus|[miss]\n|-miss|p1a: The Postal Service|p2a: Tornadus\n|\n|-weather|SunnyDay|[upkeep]\n|upkeep\n|turn|10\n|c|\u2606SirChewsALot|i so sorry for the rng\n|\n|t:|1699594571\n|move|p2a: Tornadus|Knock Off|p1a: The Postal Service\n|-damage|p1a: The Postal Service|51\/100\n|-enditem|p1a: The Postal Service|Damp Rock|[from] move: Knock Off|[of] p2a: Tornadus\n|move|p1b: Kiki|Horn Leech|p2a: Tornadus\n|-resisted|p2a: Tornadus\n|-damage|p2a: Tornadus|68\/100\n|-heal|p1b: Kiki|24\/100|[from] drain|[of] p2a: Tornadus\n|-damage|p1b: Kiki|7\/100|[from] item: Rocky Helmet|[of] p2a: Tornadus\n|move|p2b: Cresselia|Grass Knot|p1a: The Postal Service\n|-damage|p1a: The Postal Service|36\/100\n|move|p1a: The Postal Service|U-turn|p2b: Cresselia\n|-supereffective|p2b: Cresselia\n|-damage|p2b: Cresselia|13\/100\n|-damage|p1a: The Postal Service|19\/100|[from] item: Rocky Helmet|[of] p2b: Cresselia\n|\n|-weather|SunnyDay|[upkeep]\n|upkeep\n|turn|11\n|c|\u2606cassndra|ggs!\n|c|\u2606cassndra|no worries\n|c|\u2606cassndra|also LOL my b i was so certain my UI looked like end of battle ui\n|\n|t:|1699594615\n|move|p1b: Kiki|Protect|p1b: Kiki\n|-singleturn|p1b: Kiki|Protect\n|move|p2a: Tornadus|Knock Off|p1b: Kiki\n|-activate|p1b: Kiki|move: Protect\n|move|p2b: Cresselia|Grass Knot|p1a: The Postal Service\n|-damage|p1a: The Postal Service|4\/100\n|move|p1a: The Postal Service|Surf|p2a: Tornadus|[spread] p2a,p2b\n|-activate|p1b: Kiki|move: Protect\n|-damage|p2a: Tornadus|54\/100\n|-damage|p2b: Cresselia|7\/100\n|\n|-weather|SunnyDay|[upkeep]\n|upkeep\n|turn|12\n|\n|t:|1699594631\n|move|p2a: Tornadus|Knock Off|p1b: Kiki\n|-damage|p1b: Kiki|0 fnt\n|faint|p1b: Kiki\n|move|p2b: Cresselia|Grass Knot|p1a: The Postal Service\n|-damage|p1a: The Postal Service|0 fnt\n|faint|p1a: The Postal Service\n|\n|win|SirChewsALot\n|c|\u2606cassndra|ggs fr this time! congrats\n|c|\u2606SirChewsALot|ggs! thanks!\n","uploadtime":1699594647,"views":33,"p1id":"cassndra","p2id":"sirchewsalot","formatid":"gen9nationaldexdoubles","rating":0,"private":0,"password":""}