{"id":"gen9nationaldexdoubles-1997616450","p1":"13KStephen","p2":"fumbari 24","format":"[Gen 9] National Dex Doubles","log":"|j|\u260613KStephen\n|j|\u2606fumbari 24\n|t:|1700833444\n|gametype|doubles\n|player|p1|13KStephen|lucas|1240\n|player|p2|fumbari 24|hilbert|1223\n|teamsize|p1|6\n|teamsize|p2|6\n|gen|9\n|tier|[Gen 9] National Dex Doubles\n|rated|\n|rule|HP Percentage Mod: HP is shown in percentages\n|rule|Endless Battle Clause: Forcing endless battles is banned\n|rule|OHKO Clause: OHKO moves are banned\n|rule|Evasion Moves Clause: Evasion moves are banned\n|rule|Evasion Abilities Clause: Evasion abilities are banned\n|rule|Species Clause: Limit one of each Pok\u00e9mon\n|rule|Gravity Sleep Clause: The combination of sleep-inducing moves with imperfect accuracy and Gravity or Gigantamax Orbeetle are banned\n|clearpoke\n|poke|p1|Absol, F|\n|poke|p1|Slowbro, M|\n|poke|p1|Aegislash, F|\n|poke|p1|Magmortar, F|\n|poke|p1|Murkrow, M|\n|poke|p1|Serperior, M|\n|poke|p2|Persian-Alola, M|\n|poke|p2|Ceruledge, M|\n|poke|p2|Kecleon, M|\n|poke|p2|Amoonguss, M|\n|poke|p2|Skarmory, M|\n|poke|p2|Kingambit, M|\n|teampreview\n|inactive|Battle timer is ON: inactive players will automatically lose when time's up. (requested by fumbari 24)\n|\n|t:|1700833471\n|start\n|switch|p1a: Maggie|Magmortar, F|100\/100\n|switch|p1b: Brutus|Serperior, M|100\/100\n|switch|p2a: Persian|Persian-Alola, M|100\/100\n|switch|p2b: Kecleon|Kecleon, M|100\/100\n|turn|1\n|\n|t:|1700833485\n|move|p1a: Maggie|Flamethrower|p2b: Kecleon\n|-damage|p2b: Kecleon|55\/100\n|move|p1b: Brutus|Leaf Storm|p2a: Persian\n|-damage|p2a: Persian|54\/100\n|-boost|p1b: Brutus|spa|2\n|move|p2a: Persian|Parting Shot|p1a: Maggie\n|-unboost|p1a: Maggie|atk|1\n|-unboost|p1a: Maggie|spa|1\n|\n|t:|1700833495\n|switch|p2a: Ceruledge|Ceruledge, M|100\/100|[from] Parting Shot\n|move|p2b: Kecleon|Trick Room|p2b: Kecleon\n|-start|p2b: Kecleon|typechange|Psychic|[from] ability: Protean\n|-fieldstart|move: Trick Room|[of] p2b: Kecleon\n|\n|-heal|p2b: Kecleon|61\/100|[from] item: Leftovers\n|upkeep\n|turn|2\n|\n|t:|1700833510\n|switch|p1b: Odie|Slowbro, M|100\/100\n|move|p2b: Kecleon|Drain Punch|p1b: Odie\n|-resisted|p1b: Odie\n|-damage|p1b: Odie|91\/100\n|-heal|p2b: Kecleon|67\/100|[from] drain|[of] p1b: Odie\n|move|p2a: Ceruledge|Bulk Up|p2a: Ceruledge\n|-boost|p2a: Ceruledge|atk|1\n|-boost|p2a: Ceruledge|def|1\n|move|p1a: Maggie|Flamethrower|p2b: Kecleon\n|-damage|p2b: Kecleon|37\/100\n|\n|-heal|p2b: Kecleon|44\/100|[from] item: Leftovers\n|-heal|p1b: Odie|97\/100|[from] item: Leftovers\n|upkeep\n|turn|3\n|\n|t:|1700833535\n|switch|p2b: Amoonguss|Amoonguss, M|100\/100\n|-terastallize|p2a: Ceruledge|Fire\n|move|p1b: Odie|Scald|p2a: Ceruledge\n|-supereffective|p2a: Ceruledge\n|-damage|p2a: Ceruledge|49\/100\n|-enditem|p2a: Ceruledge|Sitrus Berry|[eat]\n|-heal|p2a: Ceruledge|74\/100|[from] item: Sitrus Berry\n|move|p2a: Ceruledge|Bitter Blade|p1a: Maggie\n|-resisted|p1a: Maggie\n|-damage|p1a: Maggie|35\/100\n|-heal|p2a: Ceruledge|100\/100|[from] drain|[of] p1a: Maggie\n|move|p1a: Maggie|Flamethrower|p2b: Amoonguss\n|-supereffective|p2b: Amoonguss\n|-damage|p2b: Amoonguss|41\/100\n|\n|-heal|p1b: Odie|100\/100|[from] item: Leftovers\n|upkeep\n|turn|4\n|inactive|13KStephen has 120 seconds left.\n|\n|t:|1700833565\n|switch|p1a: Lucky|Murkrow, M|100\/100\n|move|p1b: Odie|Psychic|p2b: Amoonguss\n|-supereffective|p2b: Amoonguss\n|-damage|p2b: Amoonguss|0 fnt\n|faint|p2b: Amoonguss\n|move|p2a: Ceruledge|Bitter Blade|p1a: Lucky\n|-enditem|p1a: Lucky|Focus Sash\n|-damage|p1a: Lucky|1\/100\n|\n|upkeep\n|\n|t:|1700833576\n|switch|p2b: Kingambit|Kingambit, M|100\/100\n|turn|5\n|\n|t:|1700833595\n|switch|p1b: Chloe|Absol, F|100\/100\n|move|p2a: Ceruledge|Shadow Sneak|p1a: Lucky\n|-resisted|p1a: Lucky\n|-damage|p1a: Lucky|0 fnt\n|faint|p1a: Lucky\n|move|p2b: Kingambit|Kowtow Cleave|p1b: Chloe\n|-resisted|p1b: Chloe\n|-damage|p1b: Chloe|59\/100\n|\n|-fieldend|move: Trick Room\n|upkeep\n|\n|t:|1700833611\n|switch|p1a: Maggie|Magmortar, F|35\/100\n|turn|6\n|inactive|13KStephen has 120 seconds left.\n|\n|t:|1700833648\n|switch|p1a: Brutus|Serperior, M|100\/100\n|move|p2a: Ceruledge|Shadow Sneak|p1a: Brutus\n|-damage|p1a: Brutus|72\/100\n|move|p1b: Chloe|Night Slash|p2a: Ceruledge\n|-crit|p2a: Ceruledge\n|-damage|p2a: Ceruledge|44\/100\n|move|p2b: Kingambit|Low Kick|p1b: Chloe\n|-supereffective|p1b: Chloe\n|-damage|p1b: Chloe|0 fnt\n|faint|p1b: Chloe\n|\n|upkeep\n|\n|t:|1700833663\n|switch|p1b: Odie|Slowbro, M|100\/100\n|turn|7\n|j| Scarf Hippowdon\n|inactive|13KStephen has 120 seconds left.\n|\n|t:|1700833678\n|switch|p1a: Maggie|Magmortar, F|35\/100\n|move|p2a: Ceruledge|Protect|p2a: Ceruledge\n|-singleturn|p2a: Ceruledge|Protect\n|move|p2b: Kingambit|Kowtow Cleave|p1a: Maggie\n|-damage|p1a: Maggie|0 fnt\n|faint|p1a: Maggie\n|move|p1b: Odie|Scald|p2a: Ceruledge\n|-activate|p2a: Ceruledge|move: Protect\n|\n|upkeep\n|inactive|13KStephen has 120 seconds left.\n|\n|t:|1700833688\n|switch|p1a: Brutus|Serperior, M|72\/100\n|turn|8\n|\n|t:|1700833693\n|move|p1a: Brutus|Leaf Storm|p2a: Ceruledge\n|-resisted|p2a: Ceruledge\n|-damage|p2a: Ceruledge|29\/100\n|-boost|p1a: Brutus|spa|2\n|move|p2a: Ceruledge|Bitter Blade|p1a: Brutus\n|-supereffective|p1a: Brutus\n|-damage|p1a: Brutus|0 fnt\n|-heal|p2a: Ceruledge|59\/100|[from] drain|[of] p1a: Brutus\n|faint|p1a: Brutus\n|move|p2b: Kingambit|Kowtow Cleave|p1b: Odie\n|-supereffective|p1b: Odie\n|-damage|p1b: Odie|31\/100\n|move|p1b: Odie|Scald|p2a: Ceruledge\n|-supereffective|p2a: Ceruledge\n|-damage|p2a: Ceruledge|6\/100\n|\n|-heal|p1b: Odie|38\/100|[from] item: Leftovers\n|upkeep\n|-message|13KStephen forfeited.\n|\n|win|fumbari 24\n|raw|13KStephen's rating: 1240 &rarr; <strong>1214<\/strong><br \/>(-26 for losing)\n|raw|fumbari 24's rating: 1223 &rarr; <strong>1249<\/strong><br \/>(+26 for winning)\n|l|\u260613KStephen\n|l| Scarf Hippowdon\n","uploadtime":1700833713,"views":13,"p1id":"13kstephen","p2id":"fumbari24","formatid":"gen9nationaldexdoubles","rating":1214,"private":0,"password":""}