{"id":"gen9nationaldexdoubles-1952106291","p1":"DMcClay08","p2":"Gambriwis","format":"[Gen 9] National Dex Doubles","log":"|j|\u2606DMcClay08\n|j|\u2606Gambriwis\n|t:|1695657425\n|gametype|doubles\n|player|p1|DMcClay08|crasherwake|1063\n|player|p2|Gambriwis|unknownf|1053\n|teamsize|p1|6\n|teamsize|p2|6\n|gen|9\n|tier|[Gen 9] National Dex Doubles\n|rated|\n|rule|HP Percentage Mod: HP is shown in percentages\n|rule|Endless Battle Clause: Forcing endless battles is banned\n|rule|OHKO Clause: OHKO moves are banned\n|rule|Evasion Moves Clause: Evasion moves are banned\n|rule|Evasion Abilities Clause: Evasion abilities are banned\n|rule|Species Clause: Limit one of each Pok\u00e9mon\n|rule|Gravity Sleep Clause: The combination of sleep-inducing moves with imperfect accuracy and Gravity or Gigantamax Orbeetle are banned\n|clearpoke\n|poke|p1|Togekiss, M|\n|poke|p1|Armarouge, M|\n|poke|p1|Polteageist|\n|poke|p1|Iron Hands|\n|poke|p1|Yanmega, M|\n|poke|p1|Walking Wake|\n|poke|p2|Incineroar, M|\n|poke|p2|Grimmsnarl, M|\n|poke|p2|Gothitelle, M|\n|poke|p2|Flutter Mane|\n|poke|p2|Gengar, F|\n|poke|p2|Gliscor, F|\n|teampreview\n|\n|t:|1695657437\n|start\n|switch|p1a: Togekiss|Togekiss, M|100\/100\n|switch|p1b: Tea|Polteageist|100\/100\n|switch|p2a: Incineroar|Incineroar, M|100\/100\n|switch|p2b: Grimmsnarl|Grimmsnarl, M|100\/100\n|-ability|p2a: Incineroar|Intimidate|boost\n|-unboost|p1a: Togekiss|atk|1\n|-unboost|p1b: Tea|atk|1\n|turn|1\n|\n|t:|1695657457\n|move|p2a: Incineroar|Fake Out|p1a: Togekiss\n|-damage|p1a: Togekiss|88\/100\n|cant|p1a: Togekiss|flinch\n|move|p2b: Grimmsnarl|Reflect|p2b: Grimmsnarl\n|-sidestart|p2: Gambriwis|Reflect\n|move|p1b: Tea|Shell Smash|p1b: Tea\n|-unboost|p1b: Tea|def|1\n|-unboost|p1b: Tea|spd|1\n|-boost|p1b: Tea|atk|2\n|-boost|p1b: Tea|spa|2\n|-boost|p1b: Tea|spe|2\n|\n|-heal|p1a: Togekiss|94\/100|[from] item: Leftovers\n|upkeep\n|turn|2\n|\n|t:|1695657479\n|move|p1a: Togekiss|Follow Me|p1a: Togekiss\n|-singleturn|p1a: Togekiss|move: Follow Me\n|move|p2b: Grimmsnarl|Light Screen|p2b: Grimmsnarl\n|-sidestart|p2: Gambriwis|move: Light Screen\n|move|p1b: Tea|Baton Pass|p1b: Tea\n|\n|t:|1695657491\n|switch|p1b: Iron Hands|Iron Hands|100\/100|[from] Baton Pass\n|-enditem|p1b: Iron Hands|Booster Energy\n|-activate|p1b: Iron Hands|ability: Quark Drive|[fromitem]\n|-start|p1b: Iron Hands|quarkdriveatk\n|move|p2a: Incineroar|Parting Shot|p1a: Togekiss\n|-unboost|p1a: Togekiss|atk|1\n|-unboost|p1a: Togekiss|spa|1\n|\n|t:|1695657503\n|switch|p2a: Gengar|Gengar, F|100\/100|[from] Parting Shot\n|\n|-heal|p1a: Togekiss|99\/100|[from] item: Leftovers\n|upkeep\n|turn|3\n|\n|t:|1695657516\n|move|p2b: Grimmsnarl|Protect|p2b: Grimmsnarl\n|-singleturn|p2b: Grimmsnarl|Protect\n|move|p1b: Iron Hands|Fake Out|p2b: Grimmsnarl\n|-activate|p2b: Grimmsnarl|move: Protect\n|move|p1a: Togekiss|Follow Me|p1a: Togekiss\n|-singleturn|p1a: Togekiss|move: Follow Me\n|move|p2a: Gengar|Perish Song|p2a: Gengar\n|-start|p1a: Togekiss|perish3|[silent]\n|-start|p1b: Iron Hands|perish3|[silent]\n|-start|p2a: Gengar|perish3|[silent]\n|-start|p2b: Grimmsnarl|perish3|[silent]\n|-fieldactivate|move: Perish Song\n|\n|-heal|p1a: Togekiss|100\/100|[from] item: Leftovers\n|-start|p2a: Gengar|perish3\n|-start|p1b: Iron Hands|perish3\n|-start|p1a: Togekiss|perish3\n|-start|p2b: Grimmsnarl|perish3\n|upkeep\n|turn|4\n|\n|t:|1695657541\n|-end|p1b: Iron Hands|Quark Drive|[silent]\n|switch|p1b: Yanmega|Yanmega, M|100\/100\n|move|p1a: Togekiss|Follow Me|p1a: Togekiss\n|-singleturn|p1a: Togekiss|move: Follow Me\n|move|p2a: Gengar|Destiny Bond|p2a: Gengar\n|-singlemove|p2a: Gengar|Destiny Bond\n|move|p2b: Grimmsnarl|Spirit Break|p1a: Togekiss\n|-damage|p1a: Togekiss|72\/100\n|-unboost|p1a: Togekiss|spa|1\n|\n|-heal|p1a: Togekiss|78\/100|[from] item: Leftovers\n|-start|p2a: Gengar|perish2\n|-start|p1a: Togekiss|perish2\n|-start|p2b: Grimmsnarl|perish2\n|upkeep\n|turn|5\n|\n|t:|1695657579\n|switch|p2a: Incineroar|Incineroar, M|100\/100\n|-ability|p2a: Incineroar|Intimidate|boost\n|-unboost|p1a: Togekiss|atk|1\n|-unboost|p1b: Yanmega|atk|1\n|-enditem|p1b: Yanmega|White Herb\n|-clearnegativeboost|p1b: Yanmega|[silent]\n|move|p1a: Togekiss|Follow Me|p1a: Togekiss\n|-singleturn|p1a: Togekiss|move: Follow Me\n|move|p1b: Yanmega|Substitute|p1b: Yanmega\n|-start|p1b: Yanmega|Substitute\n|-damage|p1b: Yanmega|76\/100\n|move|p2b: Grimmsnarl|Spirit Break|p1a: Togekiss\n|-damage|p1a: Togekiss|50\/100\n|-unboost|p1a: Togekiss|spa|1\n|\n|-heal|p1a: Togekiss|56\/100|[from] item: Leftovers\n|-start|p1a: Togekiss|perish1\n|-start|p2b: Grimmsnarl|perish1\n|-ability|p1b: Yanmega|Speed Boost|boost\n|-boost|p1b: Yanmega|spe|1\n|upkeep\n|turn|6\n|\n|t:|1695657603\n|move|p2a: Incineroar|Fake Out|p1b: Yanmega\n|-activate|p1b: Yanmega|move: Substitute|[damage]\n|move|p1b: Yanmega|Curse|p1b: Yanmega\n|-unboost|p1b: Yanmega|spe|1\n|-boost|p1b: Yanmega|atk|1\n|-boost|p1b: Yanmega|def|1\n|move|p1a: Togekiss|Dazzling Gleam|p2a: Incineroar|[spread] p2a,p2b\n|-supereffective|p2b: Grimmsnarl\n|-damage|p2a: Incineroar|95\/100\n|-damage|p2b: Grimmsnarl|89\/100\n|move|p2b: Grimmsnarl|Spirit Break|p1b: Yanmega\n|-end|p1b: Yanmega|Substitute\n|\n|-heal|p1a: Togekiss|62\/100|[from] item: Leftovers\n|-start|p1a: Togekiss|perish0\n|-start|p2b: Grimmsnarl|perish0\n|faint|p1a: Togekiss\n|faint|p2b: Grimmsnarl\n|-ability|p1b: Yanmega|Speed Boost|boost\n|-boost|p1b: Yanmega|spe|1\n|upkeep\n|\n|t:|1695657622\n|switch|p1a: Walking Wake|Walking Wake|100\/100\n|switch|p2b: Gengar|Gengar, F|100\/100\n|turn|7\n|\n|t:|1695657641\n|-terastallize|p1b: Yanmega|Dark\n|move|p1b: Yanmega|Shadow Ball|p2b: Gengar\n|-supereffective|p2b: Gengar\n|-damage|p2b: Gengar|55\/100\n|move|p2b: Gengar|Perish Song|p2b: Gengar\n|-start|p1a: Walking Wake|perish3|[silent]\n|-start|p1b: Yanmega|perish3|[silent]\n|-start|p2a: Incineroar|perish3|[silent]\n|-start|p2b: Gengar|perish3|[silent]\n|-fieldactivate|move: Perish Song\n|move|p1a: Walking Wake|Hydro Pump|p2a: Incineroar\n|-supereffective|p2a: Incineroar\n|-damage|p2a: Incineroar|25\/100\n|-enditem|p2a: Incineroar|Aguav Berry|[eat]\n|-heal|p2a: Incineroar|58\/100|[from] item: Aguav Berry\n|move|p2a: Incineroar|Parting Shot|p1b: Yanmega\n|-unboost|p1b: Yanmega|atk|1\n|-unboost|p1b: Yanmega|spa|1\n|\n|t:|1695657657\n|switch|p2a: Banshee|Gothitelle, M|100\/100|[from] Parting Shot\n|\n|-start|p1b: Yanmega|perish3\n|-start|p2b: Gengar|perish3\n|-start|p1a: Walking Wake|perish3\n|-ability|p1b: Yanmega|Speed Boost|boost\n|-boost|p1b: Yanmega|spe|1\n|upkeep\n|turn|8\n|inactive|Battle timer is ON: inactive players will automatically lose when time's up. (requested by DMcClay08)\n|\n|t:|1695657693\n|move|p1b: Yanmega|Signal Beam|p2a: Banshee\n|-supereffective|p2a: Banshee\n|-damage|p2a: Banshee|70\/100\n|move|p2b: Gengar|Destiny Bond|p2b: Gengar\n|-singlemove|p2b: Gengar|Destiny Bond\n|move|p1a: Walking Wake|Draco Meteor|p2b: Gengar\n|-damage|p2b: Gengar|0 fnt\n|-unboost|p1a: Walking Wake|spa|2\n|-start|p1a: Walking Wake|Disable|Draco Meteor|[from] ability: Cursed Body|[of] p2b: Gengar\n|faint|p2b: Gengar\n|-activate|p2b: Gengar|move: Destiny Bond\n|faint|p1a: Walking Wake\n|-end|p1a: Walking Wake|Protosynthesis|[silent]\n|move|p2a: Banshee|Calm Mind|p2a: Banshee\n|-boost|p2a: Banshee|spa|1\n|-boost|p2a: Banshee|spd|1\n|\n|-heal|p2a: Banshee|76\/100|[from] item: Leftovers\n|-start|p1b: Yanmega|perish2\n|-sideend|p2: Gambriwis|Reflect\n|-ability|p1b: Yanmega|Speed Boost|boost\n|-boost|p1b: Yanmega|spe|1\n|upkeep\n|\n|t:|1695657721\n|switch|p2b: Flutter Mane|Flutter Mane|100\/100\n|switch|p1a: Tea|Polteageist|100\/100\n|turn|9\n|\n|t:|1695657735\n|move|p2a: Banshee|Protect|p2a: Banshee\n|-singleturn|p2a: Banshee|Protect\n|move|p1b: Yanmega|Shadow Ball|p2b: Flutter Mane\n|-supereffective|p2b: Flutter Mane\n|-crit|p2b: Flutter Mane\n|-damage|p2b: Flutter Mane|23\/100\n|-unboost|p2b: Flutter Mane|spd|1\n|move|p2b: Flutter Mane|Perish Song|p2b: Flutter Mane\n|-start|p1a: Tea|perish3|[silent]\n|-start|p2a: Banshee|perish3|[silent]\n|-start|p2b: Flutter Mane|perish3|[silent]\n|-fieldactivate|move: Perish Song\n|move|p1a: Tea|Shell Smash|p1a: Tea\n|-unboost|p1a: Tea|def|1\n|-unboost|p1a: Tea|spd|1\n|-boost|p1a: Tea|atk|2\n|-boost|p1a: Tea|spa|2\n|-boost|p1a: Tea|spe|2\n|\n|-heal|p2a: Banshee|82\/100|[from] item: Leftovers\n|-start|p1b: Yanmega|perish1\n|-start|p1a: Tea|perish3\n|-start|p2b: Flutter Mane|perish3\n|-start|p2a: Banshee|perish3\n|-sideend|p2: Gambriwis|move: Light Screen\n|-ability|p1b: Yanmega|Speed Boost|boost\n|-boost|p1b: Yanmega|spe|1\n|upkeep\n|turn|10\n|\n|t:|1695657761\n|move|p1b: Yanmega|Shadow Ball|p2a: Banshee\n|-supereffective|p2a: Banshee\n|-damage|p2a: Banshee|63\/100\n|move|p1a: Tea|Shadow Ball|p2a: Banshee\n|-supereffective|p2a: Banshee\n|-crit|p2a: Banshee\n|-damage|p2a: Banshee|0 fnt\n|faint|p2a: Banshee\n|move|p2b: Flutter Mane|Mystical Fire|p1b: Yanmega\n|-damage|p1b: Yanmega|12\/100\n|-unboost|p1b: Yanmega|spa|1\n|-damage|p2b: Flutter Mane|13\/100|[from] item: Life Orb\n|\n|-start|p1b: Yanmega|perish0\n|-start|p1a: Tea|perish2\n|faint|p1b: Yanmega\n|-start|p2b: Flutter Mane|perish2\n|upkeep\n|\n|t:|1695657780\n|switch|p1b: Iron Hands|Iron Hands|100\/100\n|switch|p2a: Incineroar|Incineroar, M|58\/100\n|-ability|p2a: Incineroar|Intimidate|boost\n|-unboost|p1a: Tea|atk|1\n|-unboost|p1b: Iron Hands|atk|1\n|turn|11\n|inactive|DMcClay08 has 120 seconds left.\n|\n|t:|1695657817\n|move|p2b: Flutter Mane|Protect|p2b: Flutter Mane\n|-singleturn|p2b: Flutter Mane|Protect\n|move|p2a: Incineroar|Fake Out|p1b: Iron Hands\n|-damage|p1b: Iron Hands|91\/100\n|cant|p1b: Iron Hands|flinch\n|move|p1a: Tea|Shadow Ball|p2b: Flutter Mane\n|-activate|p2b: Flutter Mane|move: Protect\n|\n|-start|p1a: Tea|perish1\n|-start|p2b: Flutter Mane|perish1\n|upkeep\n|turn|12\n|\n|t:|1695657834\n|move|p1a: Tea|Baton Pass|p1a: Tea\n|\n|t:|1695657838\n|switch|p1a: Armarouge|Armarouge, M|100\/100|[from] Baton Pass\n|move|p2b: Flutter Mane|Dazzling Gleam|p1b: Iron Hands|[spread] p1a,p1b\n|-resisted|p1a: Armarouge\n|-supereffective|p1b: Iron Hands\n|-damage|p1a: Armarouge|63\/100\n|-damage|p1b: Iron Hands|9\/100\n|-damage|p2b: Flutter Mane|3\/100|[from] item: Life Orb\n|move|p2a: Incineroar|Parting Shot|p1a: Armarouge\n|-unboost|p1a: Armarouge|atk|1\n|-unboost|p1a: Armarouge|spa|1\n|\n|t:|1695657848\n|switch|p2a: Gliscor|Gliscor, F|100\/100|[from] Parting Shot\n|move|p1b: Iron Hands|Drain Punch|p2a: Gliscor\n|-resisted|p2a: Gliscor\n|-damage|p2a: Gliscor|84\/100\n|-heal|p1b: Iron Hands|14\/100|[from] drain|[of] p2a: Gliscor\n|\n|-start|p2b: Flutter Mane|perish0\n|-start|p1a: Armarouge|perish0\n|-status|p2a: Gliscor|tox|[from] item: Toxic Orb\n|faint|p2b: Flutter Mane\n|-end|p2b: Flutter Mane|Protosynthesis|[silent]\n|faint|p1a: Armarouge\n|upkeep\n|\n|t:|1695657859\n|switch|p2b: Incineroar|Incineroar, M|58\/100\n|switch|p1a: Tea|Polteageist|100\/100\n|-ability|p2b: Incineroar|Intimidate|boost\n|-unboost|p1a: Tea|atk|1\n|-unboost|p1b: Iron Hands|atk|1\n|turn|13\n|\n|t:|1695657872\n|move|p2a: Gliscor|Knock Off|p1a: Tea\n|-supereffective|p1a: Tea\n|-enditem|p1a: Tea|Focus Sash\n|-damage|p1a: Tea|1\/100\n|-ability|p1a: Tea|Weak Armor|boost\n|-unboost|p1a: Tea|def|1\n|-boost|p1a: Tea|spe|2\n|move|p1a: Tea|Shell Smash|p1a: Tea\n|-unboost|p1a: Tea|def|1\n|-unboost|p1a: Tea|spd|1\n|-boost|p1a: Tea|atk|2\n|-boost|p1a: Tea|spa|2\n|-boost|p1a: Tea|spe|2\n|move|p2b: Incineroar|Darkest Lariat|p1a: Tea\n|-supereffective|p1a: Tea\n|-damage|p1a: Tea|0 fnt\n|faint|p1a: Tea\n|move|p1b: Iron Hands|Volt Switch|p2b: Incineroar\n|-damage|p2b: Incineroar|46\/100\n|\n|-heal|p2a: Gliscor|97\/100 tox|[from] ability: Poison Heal\n|upkeep\n|turn|14\n|-message|DMcClay08 forfeited.\n|\n|win|Gambriwis\n|raw|DMcClay08's rating: 1063 &rarr; <strong>1043<\/strong><br \/>(-20 for losing)\n|raw|Gambriwis's rating: 1053 &rarr; <strong>1086<\/strong><br \/>(+33 for winning)\n|l|\u2606DMcClay08\n|c|\u2606Gambriwis|GG, WP!\n","uploadtime":1695658129,"views":7,"p1id":"dmcclay08","p2id":"gambriwis","formatid":"gen9nationaldexdoubles","rating":1043,"private":0,"password":""}