{"id":"gen9nationaldexdoubles-1965106665","p1":"Draggy Gutsfree","p2":"cyndaquilrockz","format":"[Gen 9] National Dex Doubles","log":"|j|\u2606Draggy Gutsfree\n|j|\u2606cyndaquilrockz\n|t:|1697043006\n|gametype|doubles\n|player|p1|Draggy Gutsfree|roxie|\n|player|p2|cyndaquilrockz|pokemonranger-gen4|\n|teamsize|p1|6\n|teamsize|p2|6\n|gen|9\n|tier|[Gen 9] National Dex Doubles\n|rule|HP Percentage Mod: HP is shown in percentages\n|rule|Endless Battle Clause: Forcing endless battles is banned\n|rule|OHKO Clause: OHKO moves are banned\n|rule|Evasion Moves Clause: Evasion moves are banned\n|rule|Evasion Abilities Clause: Evasion abilities are banned\n|rule|Species Clause: Limit one of each Pok\u00e9mon\n|rule|Gravity Sleep Clause: The combination of sleep-inducing moves with imperfect accuracy and Gravity or Gigantamax Orbeetle are banned\n|clearpoke\n|poke|p1|Sinistcha-Masterpiece|\n|poke|p1|Grimmsnarl, M|\n|poke|p1|Goodra-Hisui, M|\n|poke|p1|Darmanitan, F|\n|poke|p1|Gengar, F|\n|poke|p1|Glimmora, F|\n|poke|p2|Pincurchin, F|\n|poke|p2|Iron Leaves|\n|poke|p2|Iron Bundle|\n|poke|p2|Ribombee, F|\n|poke|p2|Slowking-Galar, F|\n|poke|p2|Braviary-Hisui, M|\n|teampreview\n|\n|t:|1697043014\n|start\n|switch|p1a: Bricked Up|Grimmsnarl, M, shiny|100\/100\n|switch|p1b: Glimmora|Glimmora, F|100\/100\n|switch|p2a: Braviary|Braviary-Hisui, M, shiny|100\/100\n|switch|p2b: Ribombee|Ribombee, F|100\/100\n|turn|1\n|\n|t:|1697043026\n|move|p1a: Bricked Up|Taunt|p2b: Ribombee\n|-start|p2b: Ribombee|move: Taunt\n|cant|p2b: Ribombee|move: Taunt|Tailwind\n|move|p1b: Glimmora|Stealth Rock|p2a: Braviary\n|-sidestart|p2: cyndaquilrockz|move: Stealth Rock\n|move|p2a: Braviary|Esper Wing|p1b: Glimmora\n|-supereffective|p1b: Glimmora\n|-enditem|p1b: Glimmora|Focus Sash\n|-damage|p1b: Glimmora|1\/100\n|-boost|p2a: Braviary|spe|1\n|\n|upkeep\n|turn|2\n|\n|t:|1697043041\n|move|p1a: Bricked Up|Reflect|p1a: Bricked Up\n|-sidestart|p1: Draggy Gutsfree|Reflect\n|move|p2b: Ribombee|Pollen Puff|p1a: Bricked Up\n|-damage|p1a: Bricked Up|69\/100\n|move|p1b: Glimmora|Power Gem|p2a: Braviary\n|-supereffective|p2a: Braviary\n|-damage|p2a: Braviary|13\/100\n|move|p2a: Braviary|Esper Wing|p1b: Glimmora\n|-supereffective|p1b: Glimmora\n|-damage|p1b: Glimmora|0 fnt\n|-boost|p2a: Braviary|spe|1\n|faint|p1b: Glimmora\n|\n|upkeep\n|\n|t:|1697043059\n|switch|p1b: Gengar|Gengar, F|100\/100\n|turn|3\n|\n|t:|1697043083\n|switch|p2b: Slowking|Slowking-Galar, F|100\/100\n|-damage|p2b: Slowking|88\/100|[from] Stealth Rock\n|move|p1a: Bricked Up|Light Screen|p1a: Bricked Up\n|-sidestart|p1: Draggy Gutsfree|move: Light Screen\n|move|p1b: Gengar|Shadow Ball|p2a: Braviary\n|-supereffective|p2a: Braviary\n|-damage|p2a: Braviary|0 fnt\n|faint|p2a: Braviary\n|\n|-heal|p2b: Slowking|94\/100|[from] item: Leftovers\n|upkeep\n|\n|t:|1697043092\n|switch|p2a: La Creatura|Pincurchin, F|100\/100\n|-damage|p2a: La Creatura|88\/100|[from] Stealth Rock\n|-fieldstart|move: Electric Terrain|[from] ability: Electric Surge|[of] p2a: La Creatura\n|turn|4\n|\n|t:|1697043105\n|move|p1a: Bricked Up|Taunt|p2a: La Creatura\n|-start|p2a: La Creatura|move: Taunt\n|move|p2a: La Creatura|Sucker Punch|p1b: Gengar\n|-supereffective|p1b: Gengar\n|-damage|p1b: Gengar|45\/100\n|move|p1b: Gengar|Shadow Ball|p2b: Slowking\n|-supereffective|p2b: Slowking\n|-damage|p2b: Slowking|18\/100\n|move|p2b: Slowking|Sludge Bomb|p1a: Bricked Up\n|-supereffective|p1a: Bricked Up\n|-damage|p1a: Bricked Up|20\/100\n|\n|-heal|p2b: Slowking|24\/100|[from] item: Leftovers\n|upkeep\n|turn|5\n|\n|t:|1697043126\n|switch|p1b: NiceToMatcha|Sinistcha-Masterpiece|100\/100\n|-heal|p1a: Bricked Up|45\/100|[from] ability: Hospitality|[of] p1b: NiceToMatcha\n|switch|p2b: Ribombee|Ribombee, F|100\/100\n|move|p2a: La Creatura|Sucker Punch||[still]\n|-fail|p2a: La Creatura\n|move|p1a: Bricked Up|Play Rough|p2b: Ribombee\n|-damage|p2b: Ribombee|47\/100\n|-unboost|p2b: Ribombee|atk|1\n|\n|upkeep\n|turn|6\n|\n|t:|1697043152\n|switch|p2a: Iron Leaves|Iron Leaves|100\/100\n|-damage|p2a: Iron Leaves|88\/100|[from] Stealth Rock\n|-activate|p2a: Iron Leaves|ability: Quark Drive\n|-start|p2a: Iron Leaves|quarkdriveatk\n|move|p1a: Bricked Up|Taunt|p2b: Ribombee\n|-start|p2b: Ribombee|move: Taunt\n|cant|p2b: Ribombee|move: Taunt|Tailwind\n|move|p1b: NiceToMatcha|Shadow Ball|p2b: Ribombee\n|-damage|p2b: Ribombee|0 fnt\n|faint|p2b: Ribombee\n|\n|upkeep\n|\n|t:|1697043159\n|switch|p2b: Iron Bundle|Iron Bundle|100\/100\n|-damage|p2b: Iron Bundle|76\/100|[from] Stealth Rock\n|-activate|p2b: Iron Bundle|ability: Quark Drive\n|-start|p2b: Iron Bundle|quarkdrivespe\n|turn|7\n|\n|t:|1697043176\n|switch|p1a: Goodra|Goodra-Hisui, M|100\/100\n|move|p2b: Iron Bundle|Ice Beam|p1b: NiceToMatcha\n|-supereffective|p1b: NiceToMatcha\n|-damage|p1b: NiceToMatcha|28\/100\n|move|p2a: Iron Leaves|Leaf Blade|p1a: Goodra\n|-ability|p1a: Goodra|Sap Sipper|boost\n|-boost|p1a: Goodra|atk|1\n|move|p1b: NiceToMatcha|Matcha Gotcha|p2b: Iron Bundle|[spread] p2a,p2b\n|-resisted|p2a: Iron Leaves\n|-supereffective|p2b: Iron Bundle\n|-damage|p2a: Iron Leaves|74\/100\n|-heal|p1b: NiceToMatcha|35\/100|[from] drain|[of] p2a: Iron Leaves\n|-damage|p2b: Iron Bundle|0 fnt\n|-heal|p1b: NiceToMatcha|62\/100|[from] drain|[of] p2b: Iron Bundle\n|faint|p2b: Iron Bundle\n|-end|p2b: Iron Bundle|Quark Drive|[silent]\n|\n|-heal|p1b: NiceToMatcha|68\/100|[from] item: Leftovers\n|upkeep\n|\n|t:|1697043181\n|switch|p2b: Slowking|Slowking-Galar, F|57\/100\n|-damage|p2b: Slowking|44\/100|[from] Stealth Rock\n|turn|8\n|\n|t:|1697043203\n|move|p2a: Iron Leaves|Close Combat|p1a: Goodra\n|-supereffective|p1a: Goodra\n|-damage|p1a: Goodra|34\/100\n|-unboost|p2a: Iron Leaves|def|1\n|-unboost|p2a: Iron Leaves|spd|1\n|-damage|p2a: Iron Leaves|58\/100|[from] item: Rocky Helmet|[of] p1a: Goodra\n|-damage|p2a: Iron Leaves|48\/100|[from] item: Life Orb\n|move|p1b: NiceToMatcha|Shadow Ball|p2b: Slowking\n|-supereffective|p2b: Slowking\n|-damage|p2b: Slowking|0 fnt\n|faint|p2b: Slowking\n|move|p1a: Goodra|Acid Armor|p1a: Goodra\n|-boost|p1a: Goodra|def|2\n|\n|-heal|p1b: NiceToMatcha|74\/100|[from] item: Leftovers\n|upkeep\n|\n|t:|1697043206\n|switch|p2b: La Creatura|Pincurchin, F|88\/100\n|-damage|p2b: La Creatura|76\/100|[from] Stealth Rock\n|turn|9\n|\n|t:|1697043225\n|move|p1b: NiceToMatcha|Rage Powder|p1b: NiceToMatcha\n|-singleturn|p1b: NiceToMatcha|move: Rage Powder\n|move|p2b: La Creatura|Sucker Punch||[still]\n|-fail|p2b: La Creatura\n|move|p2a: Iron Leaves|Close Combat|p1a: Goodra\n|-supereffective|p1a: Goodra\n|-damage|p1a: Goodra|0 fnt\n|-unboost|p2a: Iron Leaves|def|1\n|-unboost|p2a: Iron Leaves|spd|1\n|-damage|p2a: Iron Leaves|31\/100|[from] item: Rocky Helmet|[of] p1a: Goodra\n|faint|p1a: Goodra\n|-damage|p2a: Iron Leaves|21\/100|[from] item: Life Orb\n|\n|-heal|p1b: NiceToMatcha|80\/100|[from] item: Leftovers\n|-sideend|p1: Draggy Gutsfree|Reflect\n|upkeep\n|\n|t:|1697043241\n|switch|p1a: Darmanitan|Darmanitan, F|100\/100\n|turn|10\n|\n|t:|1697043256\n|move|p2a: Iron Leaves|Psyblade|p1a: Darmanitan\n|-damage|p1a: Darmanitan|0 fnt\n|faint|p1a: Darmanitan\n|-damage|p2a: Iron Leaves|11\/100|[from] item: Life Orb\n|move|p1b: NiceToMatcha|Shadow Ball|p2b: La Creatura\n|-damage|p2b: La Creatura|21\/100\n|move|p2b: La Creatura|Rising Voltage|p1b: NiceToMatcha\n|-hint|Rising Voltage's BP doubled on grounded target.\n|-resisted|p1b: NiceToMatcha\n|-damage|p1b: NiceToMatcha|56\/100\n|\n|-heal|p1b: NiceToMatcha|62\/100|[from] item: Leftovers\n|-sideend|p1: Draggy Gutsfree|move: Light Screen\n|upkeep\n|\n|t:|1697043271\n|switch|p1a: Gengar|Gengar, F|45\/100\n|turn|11\n|\n|t:|1697043289\n|switch|p1a: Bricked Up|Grimmsnarl, M, shiny|45\/100\n|move|p2b: La Creatura|Sucker Punch||[still]\n|-fail|p2b: La Creatura\n|move|p2a: Iron Leaves|Psyblade|p1b: NiceToMatcha\n|-damage|p1b: NiceToMatcha|0 fnt\n|faint|p1b: NiceToMatcha\n|-damage|p2a: Iron Leaves|1\/100|[from] item: Life Orb\n|\n|-fieldend|move: Electric Terrain\n|-end|p2a: Iron Leaves|Quark Drive\n|upkeep\n|\n|t:|1697043298\n|switch|p1b: Gengar|Gengar, F|45\/100\n|turn|12\n|\n|t:|1697043311\n|move|p2b: La Creatura|Sucker Punch||[still]\n|-fail|p2b: La Creatura\n|move|p1b: Gengar|Trick|p2b: La Creatura\n|-activate|p1b: Gengar|move: Trick|[of] p2b: La Creatura\n|-item|p2b: La Creatura|Choice Specs|[from] move: Trick\n|-item|p1b: Gengar|Terrain Extender|[from] move: Trick\n|move|p2a: Iron Leaves|Leaf Blade|p1a: Bricked Up\n|-damage|p1a: Bricked Up|0 fnt\n|faint|p1a: Bricked Up\n|-damage|p2a: Iron Leaves|0 fnt|[from] item: Life Orb\n|faint|p2a: Iron Leaves\n|-end|p2a: Iron Leaves|Quark Drive|[silent]\n|\n|upkeep\n|turn|13\n|\n|t:|1697043343\n|move|p2b: La Creatura|Sucker Punch|p1b: Gengar\n|-supereffective|p1b: Gengar\n|-damage|p1b: Gengar|0 fnt\n|faint|p1b: Gengar\n|\n|win|cyndaquilrockz\n","uploadtime":1697043349,"views":18,"p1id":"draggygutsfree","p2id":"cyndaquilrockz","formatid":"gen9nationaldexdoubles","rating":0,"private":0,"password":""}