{"id":"gen9nationaldexdoubles-1955723402","p1":"Kalosstarterslover","p2":"Theadonia","format":"[Gen 9] National Dex Doubles","log":"|j|\u2606Kalosstarterslover\n|j|\u2606Theadonia\n|t:|1696021753\n|gametype|doubles\n|player|p1|Kalosstarterslover|wallace|1024\n|player|p2|Theadonia|caitlin|1078\n|teamsize|p1|6\n|teamsize|p2|6\n|gen|9\n|tier|[Gen 9] National Dex Doubles\n|rated|\n|rule|HP Percentage Mod: HP is shown in percentages\n|rule|Endless Battle Clause: Forcing endless battles is banned\n|rule|OHKO Clause: OHKO moves are banned\n|rule|Evasion Moves Clause: Evasion moves are banned\n|rule|Evasion Abilities Clause: Evasion abilities are banned\n|rule|Species Clause: Limit one of each Pok\u00e9mon\n|rule|Gravity Sleep Clause: The combination of sleep-inducing moves with imperfect accuracy and Gravity or Gigantamax Orbeetle are banned\n|clearpoke\n|poke|p1|Umbreon, F|\n|poke|p1|Tyranitar, M|\n|poke|p1|Toxapex, F|\n|poke|p1|Clefable, M|\n|poke|p1|Pawmot, M|\n|poke|p1|Clodsire, F|\n|poke|p2|Delphox, M|\n|poke|p2|Oricorio-Sensu, M|\n|poke|p2|Kommo-o, F|\n|poke|p2|Smeargle, M|\n|poke|p2|Comfey, M|\n|poke|p2|Jirachi|\n|teampreview\n|\n|t:|1696021773\n|start\n|switch|p1a: Umbreon|Umbreon, F, shiny|100\/100\n|switch|p1b: Clodsire|Clodsire, F, shiny|100\/100\n|switch|p2a: Oricorio|Oricorio-Sensu, M|100\/100\n|switch|p2b: Kommo-o|Kommo-o, F|100\/100\n|-item|p1b: Clodsire|Air Balloon\n|turn|1\n|\n|t:|1696021788\n|move|p2b: Kommo-o|Clangorous Soul|p2b: Kommo-o\n|-boost|p2b: Kommo-o|atk|1\n|-boost|p2b: Kommo-o|def|1\n|-boost|p2b: Kommo-o|spa|1\n|-boost|p2b: Kommo-o|spd|1\n|-boost|p2b: Kommo-o|spe|1\n|-damage|p2b: Kommo-o|68\/100\n|-activate|p2a: Oricorio|ability: Dancer\n|move|p2a: Oricorio|Clangorous Soul|p2a: Oricorio|[from]ability: Dancer\n|-boost|p2a: Oricorio|atk|1\n|-boost|p2a: Oricorio|def|1\n|-boost|p2a: Oricorio|spa|1\n|-boost|p2a: Oricorio|spd|1\n|-boost|p2a: Oricorio|spe|1\n|-damage|p2a: Oricorio|68\/100\n|move|p2a: Oricorio|Quiver Dance|p2a: Oricorio\n|-boost|p2a: Oricorio|spa|1\n|-boost|p2a: Oricorio|spd|1\n|-boost|p2a: Oricorio|spe|1\n|move|p1a: Umbreon|Light Screen|p1a: Umbreon\n|-sidestart|p1: Kalosstarterslover|move: Light Screen\n|move|p1b: Clodsire|Spikes|p2a: Oricorio\n|-sidestart|p2: Theadonia|Spikes\n|\n|upkeep\n|turn|2\n|\n|t:|1696021813\n|switch|p1a: Clefable|Clefable, M, shiny|100\/100\n|move|p2a: Oricorio|Substitute|p2a: Oricorio\n|-start|p2a: Oricorio|Substitute\n|-damage|p2a: Oricorio|43\/100\n|move|p2b: Kommo-o|Clangorous Soul|p2b: Kommo-o\n|-boost|p2b: Kommo-o|atk|1\n|-boost|p2b: Kommo-o|def|1\n|-boost|p2b: Kommo-o|spa|1\n|-boost|p2b: Kommo-o|spd|1\n|-boost|p2b: Kommo-o|spe|1\n|-damage|p2b: Kommo-o|35\/100\n|-activate|p2a: Oricorio|ability: Dancer\n|move|p2a: Oricorio|Clangorous Soul|p2a: Oricorio|[from]ability: Dancer\n|-boost|p2a: Oricorio|atk|1\n|-boost|p2a: Oricorio|def|1\n|-boost|p2a: Oricorio|spa|1\n|-boost|p2a: Oricorio|spd|1\n|-boost|p2a: Oricorio|spe|1\n|-damage|p2a: Oricorio|10\/100\n|-enditem|p2a: Oricorio|Aguav Berry|[eat]\n|-heal|p2a: Oricorio|43\/100|[from] item: Aguav Berry\n|move|p1b: Clodsire|Spikes|p2a: Oricorio\n|-sidestart|p2: Theadonia|Spikes\n|\n|upkeep\n|turn|3\n|\n|t:|1696021847\n|move|p2b: Kommo-o|Poison Jab|p1a: Clefable\n|-supereffective|p1a: Clefable\n|-damage|p1a: Clefable|16\/100\n|-enditem|p1a: Clefable|Sitrus Berry|[eat]\n|-heal|p1a: Clefable|40\/100|[from] item: Sitrus Berry\n|move|p2a: Oricorio|Roost|p2a: Oricorio\n|-heal|p2a: Oricorio|93\/100\n|-singleturn|p2a: Oricorio|move: Roost\n|move|p1a: Clefable|Dazzling Gleam|p2b: Kommo-o|[spread] p2a,p2b\n|-activate|p2a: Oricorio|move: Substitute|[damage]\n|-supereffective|p2b: Kommo-o\n|-damage|p2b: Kommo-o|0 fnt\n|faint|p2b: Kommo-o\n|move|p1b: Clodsire|Spikes|p2a: Oricorio\n|-sidestart|p2: Theadonia|Spikes\n|\n|upkeep\n|\n|t:|1696021853\n|switch|p2b: Smeargle|Smeargle, M|100\/100\n|-damage|p2b: Smeargle|76\/100|[from] Spikes\n|turn|4\n|\n|t:|1696021870\n|move|p2a: Oricorio|Revelation Dance|p1a: Clefable\n|-damage|p1a: Clefable|0 fnt\n|faint|p1a: Clefable\n|move|p2b: Smeargle|Clangorous Soul|p2b: Smeargle\n|-boost|p2b: Smeargle|atk|1\n|-boost|p2b: Smeargle|def|1\n|-boost|p2b: Smeargle|spa|1\n|-boost|p2b: Smeargle|spd|1\n|-boost|p2b: Smeargle|spe|1\n|-damage|p2b: Smeargle|43\/100\n|-activate|p2a: Oricorio|ability: Dancer\n|move|p2a: Oricorio|Clangorous Soul|p2a: Oricorio|[from]ability: Dancer\n|-boost|p2a: Oricorio|atk|1\n|-boost|p2a: Oricorio|def|1\n|-boost|p2a: Oricorio|spa|1\n|-boost|p2a: Oricorio|spd|1\n|-boost|p2a: Oricorio|spe|1\n|-damage|p2a: Oricorio|60\/100\n|move|p1b: Clodsire|Toxic Spikes|p2a: Oricorio\n|-sidestart|p2: Theadonia|move: Toxic Spikes\n|\n|upkeep\n|\n|t:|1696021893\n|switch|p1a: Toxapex|Toxapex, F, shiny|100\/100\n|turn|5\n|\n|t:|1696021900\n|move|p2a: Oricorio|Roost|p2a: Oricorio\n|-heal|p2a: Oricorio|100\/100\n|-singleturn|p2a: Oricorio|move: Roost\n|move|p2b: Smeargle|Clangorous Soul|p2b: Smeargle\n|-boost|p2b: Smeargle|atk|1\n|-boost|p2b: Smeargle|def|1\n|-boost|p2b: Smeargle|spa|1\n|-boost|p2b: Smeargle|spd|1\n|-boost|p2b: Smeargle|spe|1\n|-damage|p2b: Smeargle|10\/100\n|-activate|p2a: Oricorio|ability: Dancer\n|move|p2a: Oricorio|Clangorous Soul|p2a: Oricorio|[from]ability: Dancer\n|-boost|p2a: Oricorio|atk|1\n|-boost|p2a: Oricorio|def|1\n|-boost|p2a: Oricorio|spa|1\n|-boost|p2a: Oricorio|spd|1\n|-boost|p2a: Oricorio|spe|1\n|-damage|p2a: Oricorio|68\/100\n|move|p1a: Toxapex|Toxic Spikes|p2a: Oricorio\n|-sidestart|p2: Theadonia|move: Toxic Spikes\n|move|p1b: Clodsire|Spikes||[still]\n|-fail|p1b: Clodsire\n|\n|-sideend|p1: Kalosstarterslover|move: Light Screen\n|upkeep\n|turn|6\n|\n|t:|1696021929\n|move|p2a: Oricorio|Revelation Dance|p1a: Toxapex\n|-damage|p1a: Toxapex|7\/100\n|move|p2b: Smeargle|Clangorous Soul||[still]\n|-fail|p2b: Smeargle\n|move|p1a: Toxapex|Toxic Spikes||[still]\n|-fail|p1a: Toxapex\n|move|p1b: Clodsire|Toxic||[still]\n|-fail|p1b: Clodsire\n|\n|-heal|p1a: Toxapex|14\/100|[from] item: Black Sludge\n|upkeep\n|turn|7\n|\n|t:|1696021955\n|switch|p2b: Jirachi|Jirachi|100\/100\n|-damage|p2b: Jirachi|76\/100|[from] Spikes\n|move|p2a: Oricorio|Roost|p2a: Oricorio\n|-heal|p2a: Oricorio|100\/100\n|-singleturn|p2a: Oricorio|move: Roost\n|move|p1a: Toxapex|Recover|p1a: Toxapex\n|-heal|p1a: Toxapex|64\/100\n|move|p1b: Clodsire|Toxic|p2b: Jirachi\n|-immune|p2b: Jirachi\n|\n|-heal|p2b: Jirachi|82\/100|[from] item: Leftovers\n|-heal|p1a: Toxapex|70\/100|[from] item: Black Sludge\n|upkeep\n|turn|8\n|\n|t:|1696021984\n|switch|p1b: Pawmot|Pawmot, M, shiny|100\/100\n|move|p2a: Oricorio|Revelation Dance|p1b: Pawmot\n|-enditem|p1b: Pawmot|Focus Sash\n|-damage|p1b: Pawmot|1\/100\n|move|p2b: Jirachi|Skill Swap|p2a: Oricorio\n|-activate|p2b: Jirachi|move: Skill Swap|||[of] p2a: Oricorio\n|move|p1a: Toxapex|Recover|p1a: Toxapex\n|-heal|p1a: Toxapex|100\/100\n|\n|-heal|p2b: Jirachi|88\/100|[from] item: Leftovers\n|upkeep\n|turn|9\n|\n|t:|1696022006\n|move|p2a: Oricorio|Revelation Dance|p1b: Pawmot\n|-damage|p1b: Pawmot|0 fnt\n|faint|p1b: Pawmot\n|-activate|p2b: Jirachi|ability: Dancer\n|move|p2b: Jirachi|Revelation Dance|p1a: Toxapex|[from]ability: Dancer\n|-resisted|p1a: Toxapex\n|-damage|p1a: Toxapex|84\/100\n|move|p2b: Jirachi|Psychic|p1a: Toxapex\n|-supereffective|p1a: Toxapex\n|-damage|p1a: Toxapex|18\/100\n|move|p1a: Toxapex|Liquidation|p2b: Jirachi\n|-damage|p2b: Jirachi|66\/100\n|\n|-heal|p2b: Jirachi|72\/100|[from] item: Leftovers\n|-heal|p1a: Toxapex|24\/100|[from] item: Black Sludge\n|upkeep\n|\n|t:|1696022027\n|switch|p1b: Umbreon|Umbreon, F, shiny|100\/100\n|turn|10\n|\n|t:|1696022039\n|move|p2a: Oricorio|Quiver Dance|p2a: Oricorio\n|-boost|p2a: Oricorio|spa|1\n|-boost|p2a: Oricorio|spd|1\n|-boost|p2a: Oricorio|spe|1\n|-activate|p2b: Jirachi|ability: Dancer\n|move|p2b: Jirachi|Quiver Dance|p2b: Jirachi|[from]ability: Dancer\n|-boost|p2b: Jirachi|spa|1\n|-boost|p2b: Jirachi|spd|1\n|-boost|p2b: Jirachi|spe|1\n|move|p2b: Jirachi|Psychic|p1a: Toxapex\n|-supereffective|p1a: Toxapex\n|-damage|p1a: Toxapex|0 fnt\n|faint|p1a: Toxapex\n|move|p1b: Umbreon|Light Screen|p1b: Umbreon\n|-sidestart|p1: Kalosstarterslover|move: Light Screen\n|\n|-heal|p2b: Jirachi|78\/100|[from] item: Leftovers\n|upkeep\n|\n|t:|1696022059\n|switch|p1a: Tyranitar|Tyranitar, M, shiny|100\/100\n|-weather|Sandstorm|[from] ability: Sand Stream|[of] p1a: Tyranitar\n|turn|11\n|\n|t:|1696022084\n|move|p2a: Oricorio|Quiver Dance|p2a: Oricorio\n|-boost|p2a: Oricorio|spa|0\n|-boost|p2a: Oricorio|spd|0\n|-boost|p2a: Oricorio|spe|0\n|move|p2b: Jirachi|Flash Cannon|p1a: Tyranitar\n|-supereffective|p1a: Tyranitar\n|-damage|p1a: Tyranitar|50\/100\n|move|p1a: Tyranitar|Stone Edge|p2a: Oricorio\n|-supereffective|p2a: Oricorio\n|-end|p2a: Oricorio|Substitute\n|move|p1b: Umbreon|Reflect|p1b: Umbreon\n|-sidestart|p1: Kalosstarterslover|Reflect\n|\n|-weather|Sandstorm|[upkeep]\n|-damage|p2a: Oricorio|94\/100|[from] Sandstorm\n|-damage|p1b: Umbreon|94\/100|[from] Sandstorm\n|-heal|p2b: Jirachi|84\/100|[from] item: Leftovers\n|-heal|p1b: Umbreon|100\/100|[from] item: Leftovers\n|upkeep\n|turn|12\n|\n|t:|1696022108\n|-terastallize|p2a: Oricorio|Fairy\n|move|p2a: Oricorio|Revelation Dance|p1b: Umbreon\n|-supereffective|p1b: Umbreon\n|-damage|p1b: Umbreon|0 fnt\n|faint|p1b: Umbreon\n|-activate|p2b: Jirachi|ability: Dancer\n|move|p2b: Jirachi|Revelation Dance|p1a: Tyranitar|[from]ability: Dancer\n|-supereffective|p1a: Tyranitar\n|-damage|p1a: Tyranitar|0 fnt\n|faint|p1a: Tyranitar\n|move|p2b: Jirachi|Flash Cannon|p1: Tyranitar|[notarget]\n|-fail|p2b: Jirachi\n|\n|-weather|Sandstorm|[upkeep]\n|-damage|p2a: Oricorio|88\/100|[from] Sandstorm\n|-heal|p2b: Jirachi|91\/100|[from] item: Leftovers\n|upkeep\n|\n|t:|1696022138\n|switch|p1b: Clodsire|Clodsire, F, shiny|100\/100\n|-item|p1b: Clodsire|Air Balloon\n|turn|13\n|\n|t:|1696022158\n|move|p2a: Oricorio|Revelation Dance|p1b: Clodsire\n|-resisted|p1b: Clodsire\n|-damage|p1b: Clodsire|71\/100\n|-enditem|p1b: Clodsire|Air Balloon\n|-activate|p2b: Jirachi|ability: Dancer\n|move|p2b: Jirachi|Revelation Dance|p1b: Clodsire|[from]ability: Dancer\n|-damage|p1b: Clodsire|47\/100\n|move|p2b: Jirachi|Psychic|p1b: Clodsire\n|-supereffective|p1b: Clodsire\n|-damage|p1b: Clodsire|0 fnt\n|faint|p1b: Clodsire\n|\n|win|Theadonia\n|raw|Kalosstarterslover's rating: 1024 &rarr; <strong>1012<\/strong><br \/>(-12 for losing)\n|raw|Theadonia's rating: 1078 &rarr; <strong>1102<\/strong><br \/>(+24 for winning)\n|c|\u2606Theadonia|Gg\n|l|\u2606Kalosstarterslover\n","uploadtime":1696022179,"views":7,"p1id":"kalosstarterslover","p2id":"theadonia","formatid":"gen9nationaldexdoubles","rating":1012,"private":0,"password":""}