{"id":"gen9nationaldexdoubles-1956212528","p1":"XiuKaiMeiLiZhi","p2":"conbomb","format":"[Gen 9] National Dex Doubles","log":"|j|\u2606XiuKaiMeiLiZhi\n|j|\u2606conbomb\n|t:|1696085936\n|gametype|doubles\n|player|p1|XiuKaiMeiLiZhi|emmet|1000\n|player|p2|conbomb|swimmer-gen4dp|1186\n|teamsize|p1|6\n|teamsize|p2|6\n|gen|9\n|tier|[Gen 9] National Dex Doubles\n|rated|\n|rule|HP Percentage Mod: HP is shown in percentages\n|rule|Endless Battle Clause: Forcing endless battles is banned\n|rule|OHKO Clause: OHKO moves are banned\n|rule|Evasion Moves Clause: Evasion moves are banned\n|rule|Evasion Abilities Clause: Evasion abilities are banned\n|rule|Species Clause: Limit one of each Pok\u00e9mon\n|rule|Gravity Sleep Clause: The combination of sleep-inducing moves with imperfect accuracy and Gravity or Gigantamax Orbeetle are banned\n|clearpoke\n|poke|p1|Sinistcha-Masterpiece|\n|poke|p1|Ogerpon-Hearthflame, F|\n|poke|p1|Amoonguss, M|\n|poke|p1|Breloom, F|\n|poke|p1|Kommo-o, F|\n|poke|p1|Swadloon, F|\n|poke|p2|Regigigas|\n|poke|p2|Flamigo, M|\n|poke|p2|Ursaluna-Bloodmoon, M|\n|poke|p2|Audino, M|\n|poke|p2|Oranguru, M|\n|poke|p2|Malamar, F|\n|teampreview\n|\n|t:|1696085948\n|start\n|switch|p1a: Swadloon|Swadloon, F|100\/100\n|switch|p1b: Amoonguss|Amoonguss, M|100\/100\n|switch|p2a: Oranguru|Oranguru, M|100\/100\n|switch|p2b: Ursaluna|Ursaluna-Bloodmoon, M|100\/100\n|turn|1\n|\n|t:|1696085972\n|move|p1b: Amoonguss|Protect|p1b: Amoonguss\n|-singleturn|p1b: Amoonguss|Protect\n|move|p2a: Oranguru|Taunt|p1b: Amoonguss\n|-activate|p1b: Amoonguss|move: Protect\n|move|p2b: Ursaluna|Calm Mind|p2b: Ursaluna\n|-boost|p2b: Ursaluna|spa|1\n|-boost|p2b: Ursaluna|spd|1\n|move|p1a: Swadloon|Light Screen|p1a: Swadloon\n|-sidestart|p1: XiuKaiMeiLiZhi|move: Light Screen\n|\n|upkeep\n|turn|2\n|\n|t:|1696085996\n|move|p2b: Ursaluna|Calm Mind|p2b: Ursaluna\n|-boost|p2b: Ursaluna|spa|1\n|-boost|p2b: Ursaluna|spd|1\n|move|p1a: Swadloon|Sticky Web|p2a: Oranguru\n|-sidestart|p2: conbomb|move: Sticky Web\n|move|p1b: Amoonguss|Spore|p2b: Ursaluna\n|-status|p2b: Ursaluna|slp|[from] move: Spore\n|move|p2a: Oranguru|Trick Room|p2a: Oranguru\n|-fieldstart|move: Trick Room|[of] p2a: Oranguru\n|\n|upkeep\n|turn|3\n|\n|t:|1696086030\n|switch|p1a: Sinistcha|Sinistcha-Masterpiece|100\/100\n|move|p1b: Amoonguss|Clear Smog|p2b: Ursaluna\n|-resisted|p2b: Ursaluna\n|-damage|p2b: Ursaluna|96\/100 slp\n|-clearboost|p2b: Ursaluna\n|cant|p2b: Ursaluna|slp\n|move|p2a: Oranguru|Taunt|p1b: Amoonguss\n|-start|p1b: Amoonguss|move: Taunt\n|\n|-heal|p2b: Ursaluna|100\/100 slp|[from] item: Leftovers\n|upkeep\n|turn|4\n|\n|t:|1696086045\n|move|p1b: Amoonguss|Leaf Storm|p2a: Oranguru\n|-damage|p2a: Oranguru|73\/100\n|-unboost|p1b: Amoonguss|spa|2\n|-enditem|p1b: Amoonguss|Eject Pack\n|\n|t:|1696086060\n|switch|p1b: Swadloon|Swadloon, F|100\/100\n|-curestatus|p2b: Ursaluna|slp|[msg]\n|move|p2b: Ursaluna|Blood Moon|p1a: Sinistcha\n|-damage|p1a: Sinistcha|41\/100\n|move|p2a: Oranguru|Instruct|p2b: Ursaluna\n|-singleturn|p2b: Ursaluna|move: Instruct|[of] p2a: Oranguru\n|move|p2b: Ursaluna|Blood Moon|p1a: Sinistcha\n|-crit|p1a: Sinistcha\n|-damage|p1a: Sinistcha|0 fnt\n|faint|p1a: Sinistcha\n|-hint|Some effects can force a Pokemon to use Blood Moon again in a row.\n|\n|upkeep\n|\n|t:|1696086077\n|switch|p1a: Amoonguss|Amoonguss, M|100\/100\n|turn|5\n|\n|t:|1696086089\n|move|p1a: Amoonguss|Protect|p1a: Amoonguss\n|-singleturn|p1a: Amoonguss|Protect\n|move|p1b: Swadloon|Protect|p1b: Swadloon\n|-singleturn|p1b: Swadloon|Protect\n|move|p2b: Ursaluna|Earth Power|p1a: Amoonguss\n|-activate|p1a: Amoonguss|move: Protect\n|move|p2a: Oranguru|Taunt|p1a: Amoonguss\n|-activate|p1a: Amoonguss|move: Protect\n|\n|-sideend|p1: XiuKaiMeiLiZhi|move: Light Screen\n|upkeep\n|turn|6\n|\n|t:|1696086112\n|move|p1a: Amoonguss|Spore|p2a: Oranguru\n|-status|p2a: Oranguru|slp|[from] move: Spore\n|move|p1b: Swadloon|Light Screen|p1b: Swadloon\n|-sidestart|p1: XiuKaiMeiLiZhi|move: Light Screen\n|move|p2b: Ursaluna|Calm Mind|p2b: Ursaluna\n|-boost|p2b: Ursaluna|spa|1\n|-boost|p2b: Ursaluna|spd|1\n|cant|p2a: Oranguru|slp\n|\n|-fieldend|move: Trick Room\n|upkeep\n|turn|7\n|\n|t:|1696086132\n|switch|p1b: Kommo-o|Kommo-o, F|100\/100\n|cant|p2a: Oranguru|slp\n|move|p2b: Ursaluna|Blood Moon|p1a: Amoonguss\n|-damage|p1a: Amoonguss|54\/100\n|move|p1a: Amoonguss|Clear Smog|p2b: Ursaluna\n|-resisted|p2b: Ursaluna\n|-damage|p2b: Ursaluna|94\/100\n|-clearboost|p2b: Ursaluna\n|\n|-heal|p2b: Ursaluna|100\/100|[from] item: Leftovers\n|upkeep\n|turn|8\n|\n|t:|1696086154\n|move|p1a: Amoonguss|Protect|p1a: Amoonguss\n|-singleturn|p1a: Amoonguss|Protect\n|-zpower|p1b: Kommo-o\n|move|p1b: Kommo-o|Clangorous Soulblaze|p2b: Ursaluna|[zeffect]|[spread] p2a,p2b\n|-damage|p2a: Oranguru|31\/100 slp\n|-damage|p2b: Ursaluna|37\/100\n|-boost|p1b: Kommo-o|atk|1\n|-boost|p1b: Kommo-o|def|1\n|-boost|p1b: Kommo-o|spa|1\n|-boost|p1b: Kommo-o|spd|1\n|-boost|p1b: Kommo-o|spe|1\n|cant|p2a: Oranguru|slp\n|move|p2b: Ursaluna|Calm Mind|p2b: Ursaluna\n|-boost|p2b: Ursaluna|spa|1\n|-boost|p2b: Ursaluna|spd|1\n|\n|-heal|p2b: Ursaluna|43\/100|[from] item: Leftovers\n|upkeep\n|turn|9\n|\n|t:|1696086188\n|-terastallize|p2b: Ursaluna|Ghost\n|move|p1b: Kommo-o|Boomburst|p2b: Ursaluna|[spread] p1a,p2a\n|-immune|p2b: Ursaluna\n|-damage|p1a: Amoonguss|35\/100\n|-damage|p2a: Oranguru|3\/100 slp\n|-curestatus|p2a: Oranguru|slp|[msg]\n|move|p2a: Oranguru|Taunt|p1a: Amoonguss\n|-start|p1a: Amoonguss|move: Taunt\n|move|p2b: Ursaluna|Blood Moon|p1b: Kommo-o\n|-damage|p1b: Kommo-o|45\/100\n|move|p1a: Amoonguss|Clear Smog|p2b: Ursaluna\n|-resisted|p2b: Ursaluna\n|-damage|p2b: Ursaluna|37\/100\n|-clearboost|p2b: Ursaluna\n|\n|-heal|p2b: Ursaluna|43\/100|[from] item: Leftovers\n|upkeep\n|turn|10\n|\n|t:|1696086207\n|move|p1b: Kommo-o|Clanging Scales|p2a: Oranguru|[spread] p2a,p2b\n|-damage|p2a: Oranguru|0 fnt\n|-damage|p2b: Ursaluna|0 fnt\n|faint|p2a: Oranguru\n|faint|p2b: Ursaluna\n|-unboost|p1b: Kommo-o|def|1\n|move|p1a: Amoonguss|Leaf Storm|p2: Oranguru|[notarget]\n|-fail|p1a: Amoonguss\n|\n|-sideend|p1: XiuKaiMeiLiZhi|move: Light Screen\n|upkeep\n|\n|t:|1696086213\n|switch|p2a: Malamar|Malamar, F, shiny|100\/100\n|switch|p2b: Audino|Audino, M|100\/100\n|-activate|p2a: Malamar|move: Sticky Web\n|-boost|p2a: Malamar|spe|1\n|-activate|p2b: Audino|move: Sticky Web\n|-unboost|p2b: Audino|spe|1\n|turn|11\n|\n|t:|1696086223\n|switch|p2b: MC Compensator|Regigigas, shiny|100\/100\n|-activate|p2b: MC Compensator|move: Sticky Web\n|-unboost|p2b: MC Compensator|spe|1\n|-start|p2b: MC Compensator|ability: Slow Start\n|move|p1b: Kommo-o|Aura Sphere|p2b: MC Compensator\n|-supereffective|p2b: MC Compensator\n|-damage|p2b: MC Compensator|40\/100\n|-enditem|p2b: MC Compensator|Weakness Policy\n|-boost|p2b: MC Compensator|atk|2|[from] item: Weakness Policy\n|-boost|p2b: MC Compensator|spa|2|[from] item: Weakness Policy\n|move|p2a: Malamar|Simple Beam|p2b: MC Compensator\n|-end|p2b: MC Compensator|Slow Start|[silent]\n|-endability|p2b: MC Compensator|Slow Start|[from] move: Simple Beam\n|-ability|p2b: MC Compensator|Simple|[from] move: Simple Beam\n|move|p1a: Amoonguss|Clear Smog|p2a: Malamar\n|-damage|p2a: Malamar|83\/100\n|-clearboost|p2a: Malamar\n|\n|-end|p1a: Amoonguss|move: Taunt\n|upkeep\n|turn|12\n|\n|t:|1696086254\n|switch|p2a: Flamigo|Flamigo, M|100\/100\n|-copyboost|p2a: Flamigo|p2b: MC Compensator|[from] ability: Costar\n|-enditem|p2a: Flamigo|White Herb\n|-clearnegativeboost|p2a: Flamigo|[silent]\n|move|p1b: Kommo-o|Clanging Scales|p2a: Flamigo|[spread] p2a,p2b\n|-damage|p2a: Flamigo|11\/100\n|-damage|p2b: MC Compensator|10\/100\n|-unboost|p1b: Kommo-o|def|1\n|move|p2b: MC Compensator|Rock Slide|p1b: Kommo-o|[spread] p1a,p1b\n|-resisted|p1b: Kommo-o\n|-crit|p1b: Kommo-o\n|-damage|p1a: Amoonguss|0 fnt\n|-damage|p1b: Kommo-o|3\/100\n|faint|p1a: Amoonguss\n|\n|upkeep\n|\n|t:|1696086268\n|switch|p1a: Ogerpon|Ogerpon-Hearthflame, F|100\/100\n|-ability|p1a: Ogerpon|Mold Breaker\n|turn|13\n|-message|conbomb forfeited.\n|\n|win|XiuKaiMeiLiZhi\n|raw|XiuKaiMeiLiZhi's rating: 1000 &rarr; <strong>1060<\/strong><br \/>(+60 for winning)\n|raw|conbomb's rating: 1186 &rarr; <strong>1149<\/strong><br \/>(-37 for losing)\n","uploadtime":1696086286,"views":13,"p1id":"xiukaimeilizhi","p2id":"conbomb","formatid":"gen9nationaldexdoubles","rating":1060,"private":0,"password":""}