{"id":"gen9nationaldexdoubles-1990641932","p1":"elmaptiv","p2":"Tukitiko","format":"[Gen 9] National Dex Doubles","log":"|j|\u2606elmaptiv\n|j|\u2606Tukitiko\n|t:|1699988066\n|gametype|doubles\n|player|p1|elmaptiv|ghetsis|\n|player|p2|Tukitiko|lusamine-nihilego|\n|teamsize|p1|6\n|teamsize|p2|6\n|gen|9\n|tier|[Gen 9] National Dex Doubles\n|rule|HP Percentage Mod: HP is shown in percentages\n|rule|Endless Battle Clause: Forcing endless battles is banned\n|rule|OHKO Clause: OHKO moves are banned\n|rule|Evasion Moves Clause: Evasion moves are banned\n|rule|Evasion Abilities Clause: Evasion abilities are banned\n|rule|Species Clause: Limit one of each Pok\u00e9mon\n|rule|Gravity Sleep Clause: The combination of sleep-inducing moves with imperfect accuracy and Gravity or Gigantamax Orbeetle are banned\n|clearpoke\n|poke|p1|Camerupt, F|\n|poke|p1|Ditto|\n|poke|p1|Chimecho, F|\n|poke|p1|Pyukumuku, M|\n|poke|p1|Torkoal, F|\n|poke|p1|Ambipom, F|\n|poke|p2|Oranguru, F|\n|poke|p2|Slowbro, M|\n|poke|p2|Crawdaunt, M|\n|poke|p2|Marowak-Alola, M|\n|poke|p2|Buzzwole|\n|poke|p2|Malamar, F|\n|teampreview\n|inactive|Battle timer is ON: inactive players will automatically lose when time's up. (requested by Tukitiko)\n|j| kuramasempai95\n|c|\u2606Tukitiko|ooooomaga\n|\n|t:|1699988094\n|start\n|switch|p1a: Chimecho|Chimecho, F|100\/100\n|switch|p1b: Pyukumuku|Pyukumuku, M|100\/100\n|switch|p2a: Changa|Oranguru, F|100\/100\n|switch|p2b: Sans|Marowak-Alola, M, shiny|100\/100\n|turn|1\n|\n|t:|1699988112\n|switch|p1a: Torkoal|Torkoal, F|100\/100\n|-weather|SunnyDay|[from] ability: Drought|[of] p1a: Torkoal\n|move|p2b: Sans|Poltergeist|p1a: Torkoal|[miss]\n|-miss|p2b: Sans|p1a: Torkoal\n|move|p1b: Pyukumuku|Toxic|p2a: Changa\n|-status|p2a: Changa|tox\n|move|p2a: Changa|Trick Room|p2a: Changa\n|-fieldstart|move: Trick Room|[of] p2a: Changa\n|\n|-weather|SunnyDay|[upkeep]\n|-damage|p2a: Changa|94\/100 tox|[from] psn\n|upkeep\n|turn|2\n|c|\u2606Tukitiko|oh no hermano\n|c|\u2606elmaptiv|gracias por el trick room rey\n|\n|t:|1699988141\n|move|p1b: Pyukumuku|Helping Hand|p1a: Torkoal\n|-singleturn|p1a: Torkoal|Helping Hand|[of] p1b: Pyukumuku\n|move|p1a: Torkoal|Eruption|p2b: Sans|[spread] p2a,p2b\n|-resisted|p2b: Sans\n|-damage|p2a: Changa|0 fnt\n|-damage|p2b: Sans|38\/100\n|faint|p2a: Changa\n|move|p2b: Sans|Poltergeist|p1a: Torkoal|[miss]\n|-miss|p2b: Sans|p1a: Torkoal\n|\n|-weather|SunnyDay|[upkeep]\n|upkeep\n|c|\u2606elmaptiv|xd\n|c|\u2606Tukitiko|AAAAAAAA\n|inactive|Tukitiko has 270 seconds left.\n|c|\u2606elmaptiv|no tiene objeto\n|c|\u2606elmaptiv|se me olvido\n|c|\u2606elmaptiv|xd\n|\n|t:|1699988162\n|switch|p2a: Taladro brrrrrr|Slowbro, M|100\/100\n|turn|3\n|\n|t:|1699988175\n|detailschange|p2a: Taladro brrrrrr|Slowbro-Mega, M\n|-mega|p2a: Taladro brrrrrr|Slowbro|Slowbronite\n|move|p2b: Sans|Protect|p2b: Sans\n|-singleturn|p2b: Sans|Protect\n|move|p1b: Pyukumuku|Toxic|p2a: Taladro brrrrrr\n|-status|p2a: Taladro brrrrrr|tox\n|move|p1a: Torkoal|Eruption|p2a: Taladro brrrrrr|[spread] p2a\n|-activate|p2b: Sans|move: Protect\n|-resisted|p2a: Taladro brrrrrr\n|-damage|p2a: Taladro brrrrrr|63\/100 tox\n|move|p2a: Taladro brrrrrr|Psychic|p1a: Torkoal\n|-damage|p1a: Torkoal|29\/100\n|\n|-weather|SunnyDay|[upkeep]\n|-damage|p2a: Taladro brrrrrr|57\/100 tox|[from] psn\n|upkeep\n|turn|4\n|c|\u2606elmaptiv|en realidad es bait\n|c|\u2606elmaptiv|si tiene\n|c| kuramasempai95|beyblade!!! xD\n|\n|t:|1699988199\n|move|p1b: Pyukumuku|Pain Split|p1a: Torkoal\n|-sethp|p1a: Torkoal|61\/100|[from] move: Pain Split|[silent]\n|-sethp|p1b: Pyukumuku|66\/100|[from] move: Pain Split\n|move|p1a: Torkoal|Lava Plume|p2a: Taladro brrrrrr|[spread] p1b,p2a,p2b\n|-resisted|p1b: Pyukumuku\n|-resisted|p2a: Taladro brrrrrr\n|-resisted|p2b: Sans\n|-damage|p1b: Pyukumuku|55\/100\n|-damage|p2a: Taladro brrrrrr|36\/100 tox\n|-damage|p2b: Sans|14\/100\n|move|p2a: Taladro brrrrrr|Nasty Plot|p2a: Taladro brrrrrr\n|-boost|p2a: Taladro brrrrrr|spa|2\n|move|p2b: Sans|Flare Blitz|p1a: Torkoal\n|-resisted|p1a: Torkoal\n|-damage|p1a: Torkoal|5\/100\n|\n|-weather|SunnyDay|[upkeep]\n|-heal|p1b: Pyukumuku|61\/100|[from] item: Leftovers\n|-damage|p2a: Taladro brrrrrr|24\/100 tox|[from] psn\n|upkeep\n|turn|5\n|c|\u2606elmaptiv|el pain split carreando\n|inactive|Tukitiko has 270 seconds left.\n|c|\u2606elmaptiv|que locura\n|c|\u2606elmaptiv|ahora tengo sol mas turnos\n|\n|t:|1699988243\n|switch|p1a: Chimecho|Chimecho, F|100\/100\n|move|p1b: Pyukumuku|Recover|p1b: Pyukumuku\n|-heal|p1b: Pyukumuku|100\/100\n|move|p2a: Taladro brrrrrr|Psychic|p1b: Pyukumuku\n|-damage|p1b: Pyukumuku|69\/100\n|move|p2b: Sans|Flare Blitz|p1a: Chimecho\n|-damage|p1a: Chimecho|0 fnt\n|faint|p1a: Chimecho\n|\n|-weather|SunnyDay|[upkeep]\n|-heal|p1b: Pyukumuku|75\/100|[from] item: Leftovers\n|-damage|p2a: Taladro brrrrrr|5\/100 tox|[from] psn\n|-fieldend|move: Trick Room\n|upkeep\n|c|\u2606elmaptiv|adio chimecho\n|\n|t:|1699988258\n|switch|p1a: Ambipom|Ambipom, F|100\/100\n|turn|6\n|\n|t:|1699988285\n|move|p2b: Sans|Ally Switch|p2b: Sans\n|swap|p2b: Sans|0|[from] move: Ally Switch\n|move|p1a: Ambipom|U-turn|p2b: Taladro brrrrrr\n|-supereffective|p2b: Taladro brrrrrr\n|-damage|p2b: Taladro brrrrrr|0 fnt\n|faint|p2b: Taladro brrrrrr\n|\n|t:|1699988292\n|switch|p1a: Camerupt|Camerupt, F|100\/100|[from] U-turn\n|move|p1b: Pyukumuku|Recover|p1b: Pyukumuku\n|-heal|p1b: Pyukumuku|100\/100\n|\n|-weather|SunnyDay|[upkeep]\n|upkeep\n|c|\u2606Tukitiko|el rap de fernan flo el rap de fernan flo el rap de fernan flofloflofloflo\n|\n|t:|1699988307\n|switch|p2b: Noelio|Malamar, F|100\/100\n|turn|7\n|\n|t:|1699988319\n|detailschange|p1a: Camerupt|Camerupt-Mega, F\n|-mega|p1a: Camerupt|Camerupt|Cameruptite\n|move|p2b: Noelio|Superpower|p1a: Camerupt\n|-damage|p1a: Camerupt|77\/100\n|-boost|p2b: Noelio|atk|1\n|-boost|p2b: Noelio|def|1\n|move|p2a: Sans|Poltergeist|p1a: Camerupt\n|-activate|p1a: Camerupt|move: Poltergeist|Cameruptite\n|-damage|p1a: Camerupt|0 fnt\n|faint|p1a: Camerupt\n|move|p1b: Pyukumuku|Toxic|p2b: Noelio\n|-status|p2b: Noelio|tox\n|\n|-weather|SunnyDay|[upkeep]\n|-damage|p2b: Noelio|94\/100 tox|[from] psn\n|upkeep\n|c|\u2606elmaptiv|otia\n|c|\u2606Tukitiko|ALAAAA\n|c|\u2606elmaptiv|si pega el wey ese\n|c|\u2606Tukitiko|Y eso?\n|\n|t:|1699988338\n|switch|p1a: Ambipom|Ambipom, F|100\/100\n|turn|8\n|\n|t:|1699988354\n|move|p1a: Ambipom|U-turn|p2b: Noelio\n|-supereffective|p2b: Noelio\n|-damage|p2b: Noelio|57\/100 tox\n|c|\u2606elmaptiv|que s emuera ya el wy ese\n|c|\u2606Tukitiko|aaa x4\n|c|\u2606elmaptiv|como que x4 y tan poco da\u00f1o\n|\n|t:|1699988368\n|switch|p1a: Torkoal|Torkoal, F|5\/100|[from] U-turn\n|move|p2b: Noelio|Superpower|p1a: Torkoal\n|-damage|p1a: Torkoal|0 fnt\n|-boost|p2b: Noelio|atk|1\n|-boost|p2b: Noelio|def|1\n|faint|p1a: Torkoal\n|move|p2a: Sans|Flare Blitz|p1b: Pyukumuku\n|-resisted|p1b: Pyukumuku\n|-damage|p1b: Pyukumuku|36\/100\n|move|p1b: Pyukumuku|Toxic|p2a: Sans\n|-status|p2a: Sans|tox\n|\n|-weather|none\n|-heal|p2b: Noelio|63\/100 tox|[from] item: Leftovers\n|-heal|p1b: Pyukumuku|42\/100|[from] item: Leftovers\n|-damage|p2b: Noelio|51\/100 tox|[from] psn\n|-damage|p2a: Sans|8\/100 tox|[from] psn\n|upkeep\n|c|\u2606Tukitiko|las cagao\n|\n|t:|1699988376\n|switch|p1a: Ditto|Ditto|100\/100\n|turn|9\n|c|\u2606Tukitiko|te tento mucho ek x4\n|c|\u2606elmaptiv|no necesito el sol\n|inactive|Tukitiko has 270 seconds left.\n|\n|t:|1699988411\n|move|p1a: Ditto|Transform|p2b: Noelio\n|-transform|p1a: Ditto|p2b: Noelio\n|move|p2b: Noelio|Superpower|p1b: Pyukumuku\n|-damage|p1b: Pyukumuku|21\/100\n|-boost|p2b: Noelio|atk|1\n|-boost|p2b: Noelio|def|1\n|move|p2a: Sans|Flare Blitz|p1a: Ditto\n|-damage|p1a: Ditto|55\/100\n|move|p1b: Pyukumuku|Recover|p1b: Pyukumuku\n|-heal|p1b: Pyukumuku|71\/100\n|\n|-heal|p2b: Noelio|57\/100 tox|[from] item: Leftovers\n|-heal|p1b: Pyukumuku|77\/100|[from] item: Leftovers\n|-damage|p2b: Noelio|39\/100 tox|[from] psn\n|-damage|p2a: Sans|0 fnt|[from] psn\n|faint|p2a: Sans\n|upkeep\n|\n|t:|1699988432\n|switch|p2a: Mosco|Buzzwole|100\/100\n|turn|10\n|inactive|Tukitiko has 270 seconds left.\n|\n|t:|1699988446\n|switch|p2a: El Crabhammer|Crawdaunt, M|100\/100\n|move|p2b: Noelio|Protect|p2b: Noelio\n|-singleturn|p2b: Noelio|Protect\n|move|p1a: Ditto|Protect|p1a: Ditto\n|-singleturn|p1a: Ditto|Protect\n|move|p1b: Pyukumuku|Toxic|p2a: El Crabhammer\n|-status|p2a: El Crabhammer|tox\n|\n|-heal|p2b: Noelio|45\/100 tox|[from] item: Leftovers\n|-heal|p1b: Pyukumuku|83\/100|[from] item: Leftovers\n|-damage|p2b: Noelio|20\/100 tox|[from] psn\n|-damage|p2a: El Crabhammer|94\/100 tox|[from] psn\n|upkeep\n|turn|11\n|\n|t:|1699988470\n|move|p1a: Ditto|Superpower|p2a: El Crabhammer\n|-supereffective|p2a: El Crabhammer\n|-damage|p2a: El Crabhammer|0 fnt\n|-boost|p1a: Ditto|atk|1\n|-boost|p1a: Ditto|def|1\n|faint|p2a: El Crabhammer\n|move|p1b: Pyukumuku|Pain Split|p1a: Ditto\n|-sethp|p1a: Ditto|71\/100|[from] move: Pain Split|[silent]\n|-sethp|p1b: Pyukumuku|68\/100|[from] move: Pain Split\n|move|p2b: Noelio|Trick Room|p2b: Noelio\n|-fieldstart|move: Trick Room|[of] p2b: Noelio\n|\n|-heal|p1b: Pyukumuku|74\/100|[from] item: Leftovers\n|-heal|p2b: Noelio|27\/100 tox|[from] item: Leftovers\n|-damage|p2b: Noelio|0 fnt|[from] psn\n|faint|p2b: Noelio\n|upkeep\n|\n|t:|1699988479\n|switch|p2b: Mosco|Buzzwole|100\/100\n|turn|12\n|\n|t:|1699988489\n|-terastallize|p2b: Mosco|Bug\n|move|p1a: Ditto|Protect|p1a: Ditto\n|-singleturn|p1a: Ditto|Protect\n|move|p1b: Pyukumuku|Toxic|p2b: Mosco\n|-status|p2b: Mosco|tox\n|move|p2b: Mosco|Leech Life|p1a: Ditto\n|-activate|p1a: Ditto|move: Protect\n|\n|-heal|p1b: Pyukumuku|80\/100|[from] item: Leftovers\n|-damage|p2b: Mosco|94\/100 tox|[from] psn\n|upkeep\n|turn|13\n|c|\u2606Tukitiko|EL PODER DE CONGELAR\n|c|\u2606Tukitiko|El poder de morirme de hambre\n|c|\u2606elmaptiv|tiene maximo e velocidad?\n|inactive|elmaptiv has 270 seconds left.\n|c|\u2606elmaptiv|bueno\n|c|\u2606elmaptiv|da igual\n|\n|t:|1699988534\n|-terastallize|p1a: Ditto|Normal\n|move|p1b: Pyukumuku|Helping Hand|p1a: Ditto\n|-singleturn|p1a: Ditto|Helping Hand|[of] p1b: Pyukumuku\n|move|p2b: Mosco|Leech Life|p1a: Ditto\n|-damage|p1a: Ditto|45\/100\n|-heal|p2b: Mosco|100\/100 tox|[from] drain|[of] p1a: Ditto\n|move|p1a: Ditto|Superpower|p2b: Mosco\n|-resisted|p2b: Mosco\n|-crit|p2b: Mosco\n|-damage|p2b: Mosco|57\/100 tox\n|-boost|p1a: Ditto|atk|1\n|-boost|p1a: Ditto|def|1\n|\n|-heal|p1b: Pyukumuku|86\/100|[from] item: Leftovers\n|-heal|p2b: Mosco|63\/100 tox|[from] item: Leftovers\n|-damage|p2b: Mosco|50\/100 tox|[from] psn\n|upkeep\n|turn|14\n|c|\u2606Tukitiko|lo llevo en un team de trickrrom we\n|c|\u2606Tukitiko|aaaaa\n|c|\u2606Tukitiko|mi culo\n|inactive|elmaptiv has 270 seconds left.\n|\n|t:|1699988552\n|move|p1b: Pyukumuku|Pain Split|p1a: Ditto\n|-sethp|p1a: Ditto|67\/100|[from] move: Pain Split|[silent]\n|-sethp|p1b: Pyukumuku|65\/100|[from] move: Pain Split\n|move|p2b: Mosco|Drain Punch|p1a: Ditto\n|-supereffective|p1a: Ditto\n|-damage|p1a: Ditto|39\/100\n|-heal|p2b: Mosco|61\/100 tox|[from] drain|[of] p1a: Ditto\n|move|p1a: Ditto|Superpower|p2b: Mosco\n|-resisted|p2b: Mosco\n|-damage|p2b: Mosco|38\/100 tox\n|-boost|p1a: Ditto|atk|1\n|-boost|p1a: Ditto|def|1\n|\n|-heal|p1b: Pyukumuku|71\/100|[from] item: Leftovers\n|-heal|p2b: Mosco|44\/100 tox|[from] item: Leftovers\n|-damage|p2b: Mosco|25\/100 tox|[from] psn\n|upkeep\n|turn|15\n|c|\u2606Tukitiko|TOMA PIUCUMUCU\n|\n|t:|1699988572\n|move|p1b: Pyukumuku|Pain Split|p1a: Ditto\n|-sethp|p1a: Ditto|56\/100|[from] move: Pain Split|[silent]\n|-sethp|p1b: Pyukumuku|54\/100|[from] move: Pain Split\n|move|p2b: Mosco|Fell Stinger|p1b: Pyukumuku\n|-damage|p1b: Pyukumuku|15\/100\n|move|p1a: Ditto|Night Slash|p2b: Mosco\n|-damage|p2b: Mosco|0 fnt\n|faint|p2b: Mosco\n|\n|win|elmaptiv\n|c|\u2606Tukitiko|ADIOS\n|l| kuramasempai95\n|c|\u2606Tukitiko|QUE ESO ES 50 DE POTENCIA\n|c|\u2606elmaptiv|piucumucu god support\n|c|\u2606elmaptiv|habia un random\n|c|\u2606Tukitiko|si\n|c|\u2606Tukitiko|era mi pene\n","uploadtime":1699988603,"views":9,"p1id":"elmaptiv","p2id":"tukitiko","formatid":"gen9nationaldexdoubles","rating":0,"private":0,"password":""}