{"id":"gen9nationaldexdoubles-1990800101","p1":"Delreynan","p2":"AJF2565","format":"[Gen 9] National Dex Doubles","log":"|j|\u2606Delreynan\n|j|\u2606AJF2565\n|t:|1700002089\n|gametype|doubles\n|player|p1|Delreynan|cynthia-gen4|1047\n|player|p2|AJF2565|lance|1091\n|teamsize|p1|6\n|teamsize|p2|6\n|gen|9\n|tier|[Gen 9] National Dex Doubles\n|rated|\n|rule|HP Percentage Mod: HP is shown in percentages\n|rule|Endless Battle Clause: Forcing endless battles is banned\n|rule|OHKO Clause: OHKO moves are banned\n|rule|Evasion Moves Clause: Evasion moves are banned\n|rule|Evasion Abilities Clause: Evasion abilities are banned\n|rule|Species Clause: Limit one of each Pok\u00e9mon\n|rule|Gravity Sleep Clause: The combination of sleep-inducing moves with imperfect accuracy and Gravity or Gigantamax Orbeetle are banned\n|clearpoke\n|poke|p1|Arbok, F|\n|poke|p1|Serperior, F|\n|poke|p1|Milotic, F|\n|poke|p1|Sandaconda, F|\n|poke|p1|Gyarados, F|\n|poke|p1|Seviper, F|\n|poke|p2|Rillaboom, F|\n|poke|p2|Arcanine-Hisui, F|\n|poke|p2|Ambipom, F|\n|poke|p2|Aipom, F|\n|poke|p2|Glimmora, M|\n|poke|p2|Kingambit, F|\n|teampreview\n|\n|t:|1700002096\n|start\n|switch|p1a: Sandaconda|Sandaconda, F|100\/100\n|switch|p1b: Arbok|Arbok, F|100\/100\n|switch|p2a: Ambipom|Ambipom, F|100\/100\n|switch|p2b: Aipom|Aipom, F|100\/100\n|-ability|p1b: Arbok|Intimidate|boost\n|-unboost|p2a: Ambipom|atk|1\n|-unboost|p2b: Aipom|atk|1\n|turn|1\n|\n|t:|1700002111\n|switch|p1b: Gyarados|Gyarados, F|100\/100\n|-ability|p1b: Gyarados|Intimidate|boost\n|-unboost|p2a: Ambipom|atk|1\n|-unboost|p2b: Aipom|atk|1\n|move|p2a: Ambipom|Fling|p1b: Gyarados\n|-damage|p1b: Gyarados|77\/100\n|-enditem|p2a: Ambipom|Iron Ball|[from] move: Fling\n|move|p1a: Sandaconda|Stealth Rock|p2b: Aipom\n|-sidestart|p2: AJF2565|move: Stealth Rock\n|move|p2b: Aipom|Fling|p1a: Sandaconda\n|-damage|p1a: Sandaconda|87\/100\n|-enditem|p2b: Aipom|Iron Ball|[from] move: Fling\n|\n|-heal|p1a: Sandaconda|93\/100|[from] item: Leftovers\n|-item|p2a: Ambipom|Iron Ball|[from] ability: Pickup\n|-item|p2b: Aipom|Iron Ball|[from] ability: Pickup\n|upkeep\n|turn|2\n|\n|t:|1700002137\n|move|p1b: Gyarados|Dragon Dance|p1b: Gyarados\n|-boost|p1b: Gyarados|atk|1\n|-boost|p1b: Gyarados|spe|1\n|move|p2a: Ambipom|Trailblaze|p1a: Sandaconda\n|-supereffective|p1a: Sandaconda\n|-damage|p1a: Sandaconda|81\/100\n|-boost|p2a: Ambipom|spe|1\n|move|p1a: Sandaconda|Iron Defense|p1a: Sandaconda\n|-boost|p1a: Sandaconda|def|2\n|move|p2b: Aipom|Foul Play|p1b: Gyarados\n|-damage|p1b: Gyarados|17\/100\n|\n|-heal|p1a: Sandaconda|87\/100|[from] item: Leftovers\n|upkeep\n|turn|3\n|\n|t:|1700002167\n|detailschange|p1b: Gyarados|Gyarados-Mega, F\n|-mega|p1b: Gyarados|Gyarados|Gyaradosite\n|-ability|p1b: Gyarados|Mold Breaker\n|move|p1b: Gyarados|Crunch|p2a: Ambipom\n|-crit|p2a: Ambipom\n|-damage|p2a: Ambipom|0 fnt\n|faint|p2a: Ambipom\n|move|p1a: Sandaconda|Iron Defense|p1a: Sandaconda\n|-boost|p1a: Sandaconda|def|2\n|move|p2b: Aipom|Foul Play|p1a: Sandaconda\n|-damage|p1a: Sandaconda|78\/100\n|\n|-heal|p1a: Sandaconda|84\/100|[from] item: Leftovers\n|upkeep\n|\n|t:|1700002181\n|switch|p2a: Glimmora|Glimmora, M|100\/100\n|-damage|p2a: Glimmora|88\/100|[from] Stealth Rock\n|turn|4\n|\n|t:|1700002193\n|move|p1b: Gyarados|Crunch|p2b: Aipom\n|-damage|p2b: Aipom|0 fnt\n|faint|p2b: Aipom\n|move|p2a: Glimmora|Stealth Rock|p1b: Gyarados\n|-sidestart|p1: Delreynan|move: Stealth Rock\n|move|p1a: Sandaconda|Earthquake|p2a: Glimmora|[spread] p1b,p2a\n|-supereffective|p2a: Glimmora\n|-damage|p1b: Gyarados|0 fnt\n|-damage|p2a: Glimmora|0 fnt\n|-activate|p2a: Glimmora|ability: Toxic Debris\n|-sidestart|p1: Delreynan|move: Toxic Spikes\n|faint|p1b: Gyarados\n|faint|p2a: Glimmora\n|\n|-heal|p1a: Sandaconda|90\/100|[from] item: Leftovers\n|upkeep\n|\n|t:|1700002211\n|switch|p2b: Rillaboom|Rillaboom, F|100\/100\n|switch|p1b: Arbok|Arbok, F|100\/100\n|switch|p2a: Arcanine|Arcanine-Hisui, F|100\/100\n|-damage|p1b: Arbok|88\/100|[from] Stealth Rock\n|-sideend|p1: Delreynan|move: Toxic Spikes|[of] p1b: Arbok\n|-ability|p1b: Arbok|Intimidate|boost\n|-unboost|p2a: Arcanine|atk|1\n|-unboost|p2b: Rillaboom|atk|1\n|-damage|p2a: Arcanine|76\/100|[from] Stealth Rock\n|-damage|p2b: Rillaboom|88\/100|[from] Stealth Rock\n|-fieldstart|move: Grassy Terrain|[from] ability: Grassy Surge|[of] p2b: Rillaboom\n|turn|5\n|\n|t:|1700002234\n|switch|p1b: Milotic|Milotic, F|100\/100\n|-damage|p1b: Milotic|88\/100|[from] Stealth Rock\n|-terastallize|p1a: Sandaconda|Steel\n|move|p2b: Rillaboom|Grassy Glide|p1a: Sandaconda\n|-resisted|p1a: Sandaconda\n|-damage|p1a: Sandaconda|87\/100\n|move|p2a: Arcanine|Head Smash|p1b: Milotic\n|-damage|p1b: Milotic|35\/100\n|move|p1a: Sandaconda|Earthquake|p2a: Arcanine|[spread] p1b,p2a,p2b\n|-supereffective|p2a: Arcanine\n|-resisted|p2b: Rillaboom\n|-damage|p1b: Milotic|14\/100\n|-damage|p2a: Arcanine|0 fnt\n|-damage|p2b: Rillaboom|78\/100\n|faint|p2a: Arcanine\n|\n|-heal|p2b: Rillaboom|84\/100|[from] Grassy Terrain\n|-heal|p2b: Rillaboom|90\/100|[from] item: Leftovers\n|-heal|p1b: Milotic|21\/100|[from] Grassy Terrain\n|-heal|p1b: Milotic|27\/100|[from] item: Leftovers\n|-heal|p1a: Sandaconda|92\/100|[from] Grassy Terrain\n|-heal|p1a: Sandaconda|98\/100|[from] item: Leftovers\n|upkeep\n|\n|t:|1700002259\n|switch|p2a: Kingambit|Kingambit, F|100\/100\n|-damage|p2a: Kingambit|94\/100|[from] Stealth Rock\n|-activate|p2a: Kingambit|ability: Supreme Overlord\n|-start|p2a: Kingambit|fallen4|[silent]\n|turn|6\n|\n|t:|1700002268\n|switch|p1b: Arbok|Arbok, F|88\/100\n|-damage|p1b: Arbok|76\/100|[from] Stealth Rock\n|-ability|p1b: Arbok|Intimidate|boost\n|-unboost|p2a: Kingambit|atk|1\n|-unboost|p2b: Rillaboom|atk|1\n|move|p2b: Rillaboom|Grassy Glide|p1b: Arbok\n|-resisted|p1b: Arbok\n|-damage|p1b: Arbok|58\/100\n|move|p1a: Sandaconda|Earthquake|p2a: Kingambit|[spread] p1b,p2a,p2b\n|-supereffective|p1b: Arbok\n|-supereffective|p2a: Kingambit\n|-resisted|p2b: Rillaboom\n|-damage|p1b: Arbok|0 fnt\n|-damage|p2a: Kingambit|60\/100\n|-damage|p2b: Rillaboom|81\/100\n|faint|p1b: Arbok\n|move|p2a: Kingambit|Power-Up Punch|p1a: Sandaconda\n|-supereffective|p1a: Sandaconda\n|-damage|p1a: Sandaconda|86\/100\n|-boost|p2a: Kingambit|atk|1\n|\n|-heal|p2b: Rillaboom|87\/100|[from] Grassy Terrain\n|-heal|p2b: Rillaboom|93\/100|[from] item: Leftovers\n|-heal|p1a: Sandaconda|92\/100|[from] Grassy Terrain\n|-heal|p1a: Sandaconda|98\/100|[from] item: Leftovers\n|-heal|p2a: Kingambit|66\/100|[from] Grassy Terrain\n|upkeep\n|\n|t:|1700002292\n|switch|p1b: Seviper|Seviper, F|100\/100\n|-damage|p1b: Seviper|88\/100|[from] Stealth Rock\n|turn|7\n|\n|t:|1700002307\n|move|p1b: Seviper|Switcheroo|p2a: Kingambit\n|-activate|p1b: Seviper|move: Trick|[of] p2a: Kingambit\n|-item|p2a: Kingambit|Choice Scarf|[from] move: Switcheroo\n|-item|p1b: Seviper|Choice Band|[from] move: Switcheroo\n|move|p2a: Kingambit|Power-Up Punch|p1a: Sandaconda\n|-supereffective|p1a: Sandaconda\n|-damage|p1a: Sandaconda|85\/100\n|-boost|p2a: Kingambit|atk|1\n|move|p2b: Rillaboom|Drum Beating|p1a: Sandaconda\n|-resisted|p1a: Sandaconda\n|-damage|p1a: Sandaconda|82\/100\n|-unboost|p1a: Sandaconda|spe|1\n|move|p1a: Sandaconda|Body Press|p2a: Kingambit\n|-supereffective|p2a: Kingambit\n|-damage|p2a: Kingambit|0 fnt\n|faint|p2a: Kingambit\n|-end|p2a: Kingambit|fallen4|[silent]\n|\n|-heal|p1b: Seviper|94\/100|[from] Grassy Terrain\n|-heal|p2b: Rillaboom|99\/100|[from] Grassy Terrain\n|-heal|p2b: Rillaboom|100\/100|[from] item: Leftovers\n|-heal|p1a: Sandaconda|88\/100|[from] Grassy Terrain\n|-heal|p1a: Sandaconda|94\/100|[from] item: Leftovers\n|upkeep\n|turn|8\n|\n|t:|1700002339\n|move|p1b: Seviper|Sludge Wave|p2b: Rillaboom|[spread] p2b\n|-immune|p1a: Sandaconda\n|-supereffective|p2b: Rillaboom\n|-damage|p2b: Rillaboom|25\/100\n|move|p2b: Rillaboom|Drain Punch|p1a: Sandaconda\n|-supereffective|p1a: Sandaconda\n|-damage|p1a: Sandaconda|85\/100\n|-heal|p2b: Rillaboom|28\/100|[from] drain|[of] p1a: Sandaconda\n|move|p1a: Sandaconda|Body Press|p2b: Rillaboom\n|-damage|p2b: Rillaboom|0 fnt\n|faint|p2b: Rillaboom\n|\n|win|Delreynan\n|raw|Delreynan's rating: 1047 &rarr; <strong>1084<\/strong><br \/>(+37 for winning)\n|raw|AJF2565's rating: 1091 &rarr; <strong>1064<\/strong><br \/>(-27 for losing)\n","uploadtime":1700002354,"views":4,"p1id":"delreynan","p2id":"ajf2565","formatid":"gen9nationaldexdoubles","rating":1064,"private":0,"password":""}