{"id":"gen9nationaldexdoubles-1972900667","p1":"Geust_37","p2":"Metalslay3r","format":"[Gen 9] National Dex Doubles","log":"|j|\u2606Geust_37\n|j|\u2606Metalslay3r\n|t:|1697907038\n|gametype|doubles\n|player|p1|Geust_37|bellelba|\n|player|p2|Metalslay3r|hilda-wonderlauncher|\n|teamsize|p1|6\n|teamsize|p2|6\n|gen|9\n|tier|[Gen 9] National Dex Doubles\n|rule|HP Percentage Mod: HP is shown in percentages\n|rule|Endless Battle Clause: Forcing endless battles is banned\n|rule|OHKO Clause: OHKO moves are banned\n|rule|Evasion Moves Clause: Evasion moves are banned\n|rule|Evasion Abilities Clause: Evasion abilities are banned\n|rule|Species Clause: Limit one of each Pok\u00e9mon\n|rule|Gravity Sleep Clause: The combination of sleep-inducing moves with imperfect accuracy and Gravity or Gigantamax Orbeetle are banned\n|clearpoke\n|poke|p1|Gallade, M|\n|poke|p1|Ceruledge, F|\n|poke|p1|Medicham, M|\n|poke|p1|Reuniclus, M|\n|poke|p1|Hatterene, F|\n|poke|p1|Meowstic, M|\n|poke|p2|Mudsdale, M|\n|poke|p2|Maushold-Four|\n|poke|p2|Farigiraf, M|\n|poke|p2|Arcanine-Hisui, M|\n|poke|p2|Zapdos-Galar|\n|poke|p2|Tyranitar, M|\n|teampreview\n|\n|t:|1697907055\n|start\n|switch|p1a: Nyan-Nyan|Meowstic, M|100\/100\n|switch|p1b: Mayanne|Hatterene, F|100\/100\n|switch|p2a: Chance|Mudsdale, M|100\/100\n|switch|p2b: Maushold|Maushold-Four|100\/100\n|turn|1\n|\n|t:|1697907088\n|-terastallize|p1a: Nyan-Nyan|Dark\n|move|p1a: Nyan-Nyan|Psychic Terrain|p1a: Nyan-Nyan\n|-fieldstart|move: Psychic Terrain\n|move|p2b: Maushold|Population Bomb|p2a: Chance\n|-damage|p2a: Chance|98\/100\n|-ability|p2a: Chance|Stamina|boost\n|-boost|p2a: Chance|def|1\n|-damage|p2a: Chance|96\/100\n|-ability|p2a: Chance|Stamina|boost\n|-boost|p2a: Chance|def|1\n|-damage|p2a: Chance|95\/100\n|-ability|p2a: Chance|Stamina|boost\n|-boost|p2a: Chance|def|1\n|-damage|p2a: Chance|94\/100\n|-ability|p2a: Chance|Stamina|boost\n|-boost|p2a: Chance|def|1\n|-damage|p2a: Chance|93\/100\n|-ability|p2a: Chance|Stamina|boost\n|-boost|p2a: Chance|def|1\n|-hitcount|p2a: Chance|5\n|move|p2a: Chance|Heavy Slam|p1b: Mayanne\n|-supereffective|p1b: Mayanne\n|-damage|p1b: Mayanne|25\/100\n|move|p1b: Mayanne|Calm Mind|p1b: Mayanne\n|-boost|p1b: Mayanne|spa|1\n|-boost|p1b: Mayanne|spd|1\n|\n|-heal|p1b: Mayanne|31\/100|[from] item: Leftovers\n|upkeep\n|turn|2\n|c|\u2606Geust_37|oh\n|c|\u2606Geust_37|oh no\n|c|\u2606Geust_37|i thought you were going for taunt\n|\n|t:|1697907132\n|move|p2b: Maushold|Population Bomb|p1b: Mayanne\n|-damage|p1b: Mayanne|24\/100\n|-damage|p1b: Mayanne|18\/100\n|-damage|p1b: Mayanne|12\/100\n|-damage|p1b: Mayanne|6\/100\n|-damage|p1b: Mayanne|0 fnt\n|faint|p1b: Mayanne\n|-hitcount|p1: Mayanne|5\n|move|p1a: Nyan-Nyan|Expanding Force|p2b: Maushold|[spread] p2a,p2b\n|-damage|p2a: Chance|68\/100\n|-damage|p2b: Maushold|46\/100\n|-ability|p2a: Chance|Stamina|boost\n|-boost|p2a: Chance|def|1\n|move|p2a: Chance|Heavy Slam|p1a: Nyan-Nyan\n|-damage|p1a: Nyan-Nyan|50\/100\n|\n|upkeep\n|c|\u2606Metalslay3r|terra dark only stops prankster Taunt\n|c|\u2606Metalslay3r|not normal taunts\n|c|\u2606Geust_37|crap\n|\n|t:|1697907157\n|switch|p1b: Zen|Medicham, M|100\/100\n|turn|3\n|\n|t:|1697907179\n|move|p1a: Nyan-Nyan|Reflect|p1a: Nyan-Nyan\n|-sidestart|p1: Geust_37|Reflect\n|move|p2b: Maushold|Population Bomb|p1a: Nyan-Nyan\n|-damage|p1a: Nyan-Nyan|45\/100\n|-damage|p1a: Nyan-Nyan|39\/100\n|-damage|p1a: Nyan-Nyan|33\/100\n|-damage|p1a: Nyan-Nyan|27\/100\n|-damage|p1a: Nyan-Nyan|22\/100\n|-damage|p1a: Nyan-Nyan|17\/100\n|-damage|p1a: Nyan-Nyan|11\/100\n|-damage|p1a: Nyan-Nyan|6\/100\n|-damage|p1a: Nyan-Nyan|0 fnt\n|faint|p1a: Nyan-Nyan\n|-hitcount|p1: Nyan-Nyan|9\n|move|p1b: Zen|Drain Punch|p2b: Maushold\n|-supereffective|p2b: Maushold\n|-damage|p2b: Maushold|0 fnt\n|faint|p2b: Maushold\n|move|p2a: Chance|Body Press|p1b: Zen\n|-resisted|p1b: Zen\n|-damage|p1b: Zen|40\/100\n|\n|upkeep\n|\n|t:|1697907205\n|switch|p2b: Seraphina|Farigiraf, M, shiny|100\/100\n|switch|p1a: Jello|Reuniclus, M|100\/100\n|turn|4\n|\n|t:|1697907238\n|move|p1b: Zen|Drain Punch|p2b: Seraphina\n|-damage|p2b: Seraphina|60\/100\n|-heal|p1b: Zen|74\/100|[from] drain|[of] p2b: Seraphina\n|-damage|p1b: Zen|58\/100|[from] item: Rocky Helmet|[of] p2b: Seraphina\n|move|p2b: Seraphina|Dazzling Gleam|p1a: Jello|[spread] p1a,p1b\n|-supereffective|p1b: Zen\n|-damage|p1a: Jello|81\/100\n|-damage|p1b: Zen|3\/100\n|move|p1a: Jello|Psychic|p2a: Chance\n|-damage|p2a: Chance|33\/100\n|move|p2a: Chance|Body Press|p1b: Zen\n|-resisted|p1b: Zen\n|-damage|p1b: Zen|0 fnt\n|faint|p1b: Zen\n|\n|-status|p1a: Jello|tox|[from] item: Toxic Orb\n|upkeep\n|c|\u2606Geust_37|wait\n|c|\u2606Geust_37|i didnt went mega?\n|\n|t:|1697907290\n|switch|p1b: Aastro|Gallade, M|100\/100\n|turn|5\n|\n|t:|1697907315\n|move|p1b: Aastro|Aqua Cutter|p2a: Chance\n|-supereffective|p2a: Chance\n|-damage|p2a: Chance|21\/100\n|move|p2b: Seraphina|Psychic|p1b: Aastro\n|-damage|p1b: Aastro|43\/100\n|move|p1a: Jello|Facade|p2b: Seraphina\n|-damage|p2b: Seraphina|29\/100\n|move|p2a: Chance|Body Press|p1a: Jello\n|-resisted|p1a: Jello\n|-damage|p1a: Jello|47\/100 tox\n|\n|upkeep\n|turn|6\n|\n|t:|1697907340\n|move|p1b: Aastro|Sacred Sword|p2a: Chance\n|-damage|p2a: Chance|0 fnt\n|faint|p2a: Chance\n|move|p2b: Seraphina|Dazzling Gleam|p1b: Aastro|[spread] p1a,p1b\n|-supereffective|p1b: Aastro\n|-damage|p1a: Jello|29\/100 tox\n|-damage|p1b: Aastro|9\/100\n|move|p1a: Jello|Drain Punch|p2b: Seraphina\n|-damage|p2b: Seraphina|14\/100\n|-heal|p1a: Jello|37\/100 tox|[from] drain|[of] p2b: Seraphina\n|\n|upkeep\n|\n|t:|1697907358\n|switch|p2a: Abyss|Tyranitar, M|100\/100\n|-weather|Sandstorm|[from] ability: Sand Stream|[of] p2a: Abyss\n|turn|7\n|\n|t:|1697907367\n|move|p2a: Abyss|Protect|p2a: Abyss\n|-singleturn|p2a: Abyss|Protect\n|move|p2b: Seraphina|Protect|p2b: Seraphina\n|-singleturn|p2b: Seraphina|Protect\n|move|p1a: Jello|Protect|p1a: Jello\n|-singleturn|p1a: Jello|Protect\n|move|p1b: Aastro|Sacred Sword|p2a: Abyss\n|-activate|p2a: Abyss|move: Protect\n|\n|-weather|Sandstorm|[upkeep]\n|-damage|p1b: Aastro|3\/100|[from] Sandstorm\n|-damage|p2b: Seraphina|8\/100|[from] Sandstorm\n|-sideend|p1: Geust_37|Reflect\n|upkeep\n|turn|8\n|c|\u2606Geust_37|huh\n|\n|t:|1697907390\n|switch|p2a: Podostrix|Zapdos-Galar|100\/100\n|move|p1b: Aastro|Sacred Sword|p2a: Podostrix\n|-resisted|p2a: Podostrix\n|-crit|p2a: Podostrix\n|-damage|p2a: Podostrix|41\/100\n|move|p2b: Seraphina|Dazzling Gleam|p1b: Aastro|[spread] p1a,p1b\n|-supereffective|p1b: Aastro\n|-damage|p1a: Jello|20\/100 tox\n|-damage|p1b: Aastro|0 fnt\n|faint|p1b: Aastro\n|move|p1a: Jello|Drain Punch|p2a: Podostrix\n|-resisted|p2a: Podostrix\n|-damage|p2a: Podostrix|31\/100\n|-heal|p1a: Jello|24\/100 tox|[from] drain|[of] p2a: Podostrix\n|\n|-weather|Sandstorm|[upkeep]\n|-damage|p2b: Seraphina|2\/100|[from] Sandstorm\n|-fieldend|move: Psychic Terrain\n|upkeep\n|\n|t:|1697907406\n|switch|p1b: Enkiryia|Ceruledge, F|100\/100\n|turn|9\n|\n|t:|1697907426\n|switch|p2a: Abyss|Tyranitar, M|100\/100\n|move|p1a: Jello|Protect|p1a: Jello\n|-singleturn|p1a: Jello|Protect\n|move|p1b: Enkiryia|Shadow Sneak||[still]\n|cant|p2b: Seraphina|ability: Armor Tail|Shadow Sneak|[of] p1b: Enkiryia\n|move|p2b: Seraphina|Dazzling Gleam|p1a: Jello|[spread] p1b\n|-activate|p1a: Jello|move: Protect\n|-resisted|p1b: Enkiryia\n|-damage|p1b: Enkiryia|91\/100\n|\n|-weather|Sandstorm|[upkeep]\n|-damage|p1b: Enkiryia|84\/100|[from] Sandstorm\n|-damage|p2b: Seraphina|0 fnt|[from] Sandstorm\n|faint|p2b: Seraphina\n|upkeep\n|\n|t:|1697907439\n|switch|p2b: Rex|Arcanine-Hisui, M, shiny|100\/100\n|-ability|p2b: Rex|Intimidate|boost\n|-unboost|p1a: Jello|atk|1\n|-unboost|p1b: Enkiryia|atk|1\n|turn|10\n|\n|t:|1697907453\n|move|p2b: Rex|Extreme Speed|p1a: Jello\n|-damage|p1a: Jello|0 fnt\n|faint|p1a: Jello\n|move|p1b: Enkiryia|Phantom Force||[still]\n|-prepare|p1b: Enkiryia|Phantom Force\n|move|p2a: Abyss|High Horsepower|p1b: Enkiryia|[miss]\n|-miss|p2a: Abyss|p1b: Enkiryia\n|\n|-weather|Sandstorm|[upkeep]\n|-damage|p1b: Enkiryia|78\/100|[from] Sandstorm\n|upkeep\n|turn|11\n|\n|t:|1697907468\n|move|p1b: Enkiryia|Phantom Force|p2b: Rex|[from]lockedmove\n|-damage|p2b: Rex|59\/100\n|-damage|p1b: Enkiryia|68\/100|[from] item: Life Orb\n|move|p2b: Rex|Crunch|p1b: Enkiryia\n|-supereffective|p1b: Enkiryia\n|-damage|p1b: Enkiryia|0 fnt\n|faint|p1b: Enkiryia\n|\n|win|Metalslay3r\n|c|\u2606Metalslay3r|GG\n","uploadtime":1697907483,"views":10,"p1id":"geust37","p2id":"metalslay3r","formatid":"gen9nationaldexdoubles","rating":0,"private":0,"password":""}