{"id":"gen9nationaldexdoubles-1948968245","p1":"FlameDrake345","p2":"kyjin42","format":"[Gen 9] National Dex Doubles","log":"|j|\u2606FlameDrake345\n|j|\u2606kyjin42\n|t:|1695316045\n|gametype|doubles\n|player|p1|FlameDrake345|veteran|1097\n|player|p2|kyjin42|102|1022\n|teamsize|p1|6\n|teamsize|p2|6\n|gen|9\n|tier|[Gen 9] National Dex Doubles\n|rated|\n|rule|HP Percentage Mod: HP is shown in percentages\n|rule|Endless Battle Clause: Forcing endless battles is banned\n|rule|OHKO Clause: OHKO moves are banned\n|rule|Evasion Moves Clause: Evasion moves are banned\n|rule|Evasion Abilities Clause: Evasion abilities are banned\n|rule|Species Clause: Limit one of each Pok\u00e9mon\n|rule|Gravity Sleep Clause: The combination of sleep-inducing moves with imperfect accuracy and Gravity or Gigantamax Orbeetle are banned\n|clearpoke\n|poke|p1|Ogerpon-Hearthflame, F|\n|poke|p1|Torkoal, F|\n|poke|p1|Charizard, F|\n|poke|p1|Dipplin, F|\n|poke|p1|Ambipom, F|\n|poke|p1|Dusclops, M|\n|poke|p2|Raichu, M|\n|poke|p2|Corviknight, M|\n|poke|p2|Dragonite, M|\n|poke|p2|Keldeo-Resolute|\n|poke|p2|Breloom, M|\n|poke|p2|Lycanroc-Dusk, M|\n|teampreview\n|\n|t:|1695316057\n|start\n|switch|p1a: Ogerpon|Ogerpon-Hearthflame, F|100\/100\n|switch|p1b: Torkoal|Torkoal, F|100\/100\n|switch|p2a: Lycanroc|Lycanroc-Dusk, M, shiny|100\/100\n|switch|p2b: Raichu|Raichu, M, shiny|100\/100\n|-ability|p1a: Ogerpon|Mold Breaker\n|-weather|SunnyDay|[from] ability: Drought|[of] p1b: Torkoal\n|turn|1\n|\n|t:|1695316086\n|move|p2b: Raichu|Fake Out|p1b: Torkoal\n|-damage|p1b: Torkoal|93\/100\n|-damage|p2b: Raichu|91\/100|[from] item: Life Orb\n|move|p2a: Lycanroc|Earth Power|p1b: Torkoal\n|-supereffective|p1b: Torkoal\n|-damage|p1b: Torkoal|51\/100\n|-damage|p2a: Lycanroc|91\/100|[from] item: Life Orb\n|move|p1a: Ogerpon|Solar Blade||[still]\n|-prepare|p1a: Ogerpon|Solar Blade\n|-anim|p1a: Ogerpon|Solar Blade|p2a: Lycanroc\n|-supereffective|p2a: Lycanroc\n|-damage|p2a: Lycanroc|0 fnt\n|faint|p2a: Lycanroc\n|cant|p1b: Torkoal|flinch\n|\n|-weather|SunnyDay|[upkeep]\n|upkeep\n|\n|t:|1695316103\n|switch|p2a: Dragonite|Dragonite, M, shiny|100\/100\n|turn|2\n|\n|t:|1695316122\n|switch|p2b: Corviknight|Corviknight, M, shiny|100\/100\n|-terastallize|p1a: Ogerpon|Fire\n|detailschange|p1a: Ogerpon|Ogerpon-Hearthflame-Tera, F, tera:Fire\n|-ability|p1a: Ogerpon|Embody Aspect (Hearthflame)|boost\n|-boost|p1a: Ogerpon|atk|1\n|move|p1a: Ogerpon|Ivy Cudgel|p2b: Corviknight\n|-supereffective|p2b: Corviknight\n|-damage|p2b: Corviknight|0 fnt\n|faint|p2b: Corviknight\n|move|p2a: Dragonite|Earthquake|p1b: Torkoal|[spread] p1a,p1b\n|-supereffective|p1a: Ogerpon\n|-supereffective|p1b: Torkoal\n|-damage|p1a: Ogerpon|27\/100\n|-damage|p1b: Torkoal|18\/100\n|move|p1b: Torkoal|Gyro Ball|p2a: Dragonite\n|-damage|p2a: Dragonite|91\/100\n|\n|-weather|SunnyDay|[upkeep]\n|upkeep\n|\n|t:|1695316140\n|switch|p2b: Breloom|Breloom, M, shiny|100\/100\n|turn|3\n|\n|t:|1695316158\n|move|p2a: Dragonite|Extreme Speed|p1b: Torkoal\n|-damage|p1b: Torkoal|0 fnt\n|faint|p1b: Torkoal\n|move|p2b: Breloom|Mach Punch|p1a: Ogerpon\n|-damage|p1a: Ogerpon|0 fnt\n|faint|p1a: Ogerpon\n|\n|-weather|SunnyDay|[upkeep]\n|upkeep\n|\n|t:|1695316168\n|switch|p1a: Charizard|Charizard, F|100\/100\n|switch|p1b: Dipplin|Dipplin, F|100\/100\n|-ability|p1b: Dipplin|Supersweet Syrup\n|-ability|p1b: Dipplin|Supersweet Syrup|boost\n|-unboost|p2a: Dragonite|evasion|1\n|-unboost|p2b: Breloom|evasion|1\n|turn|4\n|\n|t:|1695316186\n|move|p1a: Charizard|Flamethrower|p2b: Breloom\n|-supereffective|p2b: Breloom\n|-enditem|p2b: Breloom|Focus Sash\n|-damage|p2b: Breloom|1\/100\n|move|p2a: Dragonite|Draco Meteor|p1b: Dipplin|[miss]\n|-miss|p2a: Dragonite|p1b: Dipplin\n|move|p2b: Breloom|Spore|p1a: Charizard\n|-status|p1a: Charizard|slp|[from] move: Spore\n|move|p1b: Dipplin|Dragon Pulse|p2a: Dragonite\n|-supereffective|p2a: Dragonite\n|-damage|p2a: Dragonite|44\/100\n|-enditem|p2a: Dragonite|Weakness Policy\n|-boost|p2a: Dragonite|atk|2|[from] item: Weakness Policy\n|-boost|p2a: Dragonite|spa|2|[from] item: Weakness Policy\n|\n|-weather|SunnyDay|[upkeep]\n|-damage|p1a: Charizard|88\/100 slp|[from] ability: Solar Power|[of] p1a: Charizard\n|upkeep\n|turn|5\n|\n|t:|1695316218\n|cant|p1a: Charizard|slp\n|move|p2a: Dragonite|Draco Meteor|p1b: Dipplin\n|-supereffective|p1b: Dipplin\n|-damage|p1b: Dipplin|0 fnt\n|-unboost|p2a: Dragonite|spa|2\n|faint|p1b: Dipplin\n|move|p2b: Breloom|Swords Dance|p2b: Breloom\n|-boost|p2b: Breloom|atk|2\n|\n|-weather|SunnyDay|[upkeep]\n|-damage|p1a: Charizard|76\/100 slp|[from] ability: Solar Power|[of] p1a: Charizard\n|upkeep\n|\n|t:|1695316231\n|switch|p1b: Ambipom|Ambipom, F|100\/100\n|turn|6\n|\n|t:|1695316251\n|detailschange|p1a: Charizard|Charizard-Mega-Y, F\n|-mega|p1a: Charizard|Charizard|Charizardite Y\n|-terastallize|p2a: Dragonite|Dragon\n|move|p1b: Ambipom|Fake Out|p2b: Breloom\n|-damage|p2b: Breloom|0 fnt\n|faint|p2b: Breloom\n|-damage|p1b: Ambipom|91\/100|[from] item: Life Orb\n|cant|p1a: Charizard|slp\n|move|p2a: Dragonite|Draco Meteor|p1b: Ambipom\n|-damage|p1b: Ambipom|0 fnt\n|-unboost|p2a: Dragonite|spa|2\n|faint|p1b: Ambipom\n|\n|-weather|SunnyDay|[upkeep]\n|upkeep\n|\n|t:|1695316273\n|switch|p1b: Dusclops|Dusclops, M|100\/100\n|switch|p2b: Keldeo|Keldeo-Resolute|100\/100\n|-item|p2b: Keldeo|Focus Sash|[from] ability: Frisk|[of] p1b: Dusclops|[identify]\n|turn|7\n|\n|t:|1695316297\n|move|p2b: Keldeo|Hydro Pump|p1a: Charizard\n|-supereffective|p1a: Charizard\n|-damage|p1a: Charizard|15\/100 slp\n|cant|p1a: Charizard|slp\n|move|p2a: Dragonite|Draco Meteor|p1b: Dusclops|[miss]\n|-miss|p2a: Dragonite|p1b: Dusclops\n|move|p1b: Dusclops|Disable|p2a: Dragonite\n|-start|p2a: Dragonite|Disable|Draco Meteor\n|\n|-weather|SunnyDay|[upkeep]\n|upkeep\n|turn|8\n|\n|t:|1695316316\n|move|p2b: Keldeo|Hydro Pump|p1a: Charizard\n|-supereffective|p1a: Charizard\n|-damage|p1a: Charizard|0 fnt\n|faint|p1a: Charizard\n|move|p2a: Dragonite|Earthquake|p1b: Dusclops|[spread] p2b,p1b\n|-damage|p2b: Keldeo|28\/100\n|-damage|p1b: Dusclops|61\/100\n|move|p1b: Dusclops|Skitter Smack|p2b: Keldeo\n|-resisted|p2b: Keldeo\n|-damage|p2b: Keldeo|20\/100\n|-unboost|p2b: Keldeo|spa|1\n|\n|-weather|none\n|upkeep\n|turn|9\n|\n|t:|1695316338\n|move|p2b: Keldeo|Hydro Pump|p1b: Dusclops\n|-damage|p1b: Dusclops|43\/100\n|move|p2a: Dragonite|Earthquake|p1b: Dusclops|[spread] p2b,p1b\n|-damage|p2b: Keldeo|0 fnt\n|-damage|p1b: Dusclops|5\/100\n|faint|p2b: Keldeo\n|move|p1b: Dusclops|Skitter Smack|p2a: Dragonite\n|-damage|p2a: Dragonite|32\/100\n|-unboost|p2a: Dragonite|spa|1\n|\n|upkeep\n|\n|t:|1695316349\n|switch|p2b: Raichu|Raichu, M, shiny|91\/100\n|turn|10\n|\n|t:|1695316357\n|move|p2b: Raichu|Thunder Punch|p1b: Dusclops\n|-crit|p1b: Dusclops\n|-damage|p1b: Dusclops|0 fnt\n|faint|p1b: Dusclops\n|-damage|p2b: Raichu|81\/100|[from] item: Life Orb\n|\n|win|kyjin42\n|raw|FlameDrake345's rating: 1097 &rarr; <strong>1067<\/strong><br \/>(-30 for losing)\n|raw|kyjin42's rating: 1022 &rarr; <strong>1067<\/strong><br \/>(+45 for winning)\n|l|\u2606FlameDrake345\n","uploadtime":1695316366,"views":12,"p1id":"flamedrake345","p2id":"kyjin42","formatid":"gen9nationaldexdoubles","rating":1067,"private":0,"password":""}