{"id":"gen9nationaldexdoubles-1978298256","p1":"noodleneck","p2":"Careytheicon","format":"[Gen 9] National Dex Doubles","log":"|j|\u2606noodleneck\n|j|\u2606Careytheicon\n|t:|1698522318\n|gametype|doubles\n|player|p1|noodleneck|hoopster|1144\n|player|p2|Careytheicon|lucy|1069\n|teamsize|p1|6\n|teamsize|p2|6\n|gen|9\n|tier|[Gen 9] National Dex Doubles\n|rated|\n|rule|HP Percentage Mod: HP is shown in percentages\n|rule|Endless Battle Clause: Forcing endless battles is banned\n|rule|OHKO Clause: OHKO moves are banned\n|rule|Evasion Moves Clause: Evasion moves are banned\n|rule|Evasion Abilities Clause: Evasion abilities are banned\n|rule|Species Clause: Limit one of each Pok\u00e9mon\n|rule|Gravity Sleep Clause: The combination of sleep-inducing moves with imperfect accuracy and Gravity or Gigantamax Orbeetle are banned\n|clearpoke\n|poke|p1|Abomasnow, F|\n|poke|p1|Sandslash-Alola, M|\n|poke|p1|Milotic, M|\n|poke|p1|Chi-Yu|\n|poke|p1|Scizor, M|\n|poke|p1|Clefairy, M|\n|poke|p2|Shuckle, F|\n|poke|p2|Runerigus, M|\n|poke|p2|Malamar, F|\n|poke|p2|Victini|\n|poke|p2|Comfey, M|\n|poke|p2|Jirachi|\n|teampreview\n|inactive|Battle timer is ON: inactive players will automatically lose when time's up. (requested by Careytheicon)\n|c|\u2606Careytheicon|hey boo\n|inactive|noodleneck has 120 seconds left.\n|\n|t:|1698522354\n|start\n|switch|p1a: Abomasnow|Abomasnow, F|100\/100\n|switch|p1b: Sandslash|Sandslash-Alola, M|100\/100\n|switch|p2a: Roxxx|Runerigus, M, shiny|100\/100\n|switch|p2b: Shuckle|Shuckle, F|100\/100\n|-weather|Snow|[from] ability: Snow Warning|[of] p1a: Abomasnow\n|turn|1\n|\n|t:|1698522376\n|move|p1b: Sandslash|Swords Dance|p1b: Sandslash\n|-boost|p1b: Sandslash|atk|2\n|move|p2a: Roxxx|Poltergeist|p1b: Sandslash\n|-activate|p1b: Sandslash|move: Poltergeist|Expert Belt\n|-damage|p1b: Sandslash|77\/100\n|move|p1a: Abomasnow|Blizzard|p2a: Roxxx|[spread] p2a,p2b\n|-supereffective|p2a: Roxxx\n|-damage|p2a: Roxxx|44\/100\n|-damage|p2b: Shuckle|78\/100\n|-enditem|p2a: Roxxx|Sitrus Berry|[eat]\n|-heal|p2a: Roxxx|69\/100|[from] item: Sitrus Berry\n|move|p2b: Shuckle|Infestation|p1b: Sandslash\n|-resisted|p1b: Sandslash\n|-damage|p1b: Sandslash|76\/100\n|-activate|p1b: Sandslash|move: Infestation|[of] p2b: Shuckle\n|\n|-weather|Snow|[upkeep]\n|-damage|p1b: Sandslash|64\/100|[from] move: Infestation|[partiallytrapped]\n|upkeep\n|turn|2\n|\n|t:|1698522405\n|move|p2b: Shuckle|Protect|p2b: Shuckle\n|-singleturn|p2b: Shuckle|Protect\n|move|p1b: Sandslash|Ice Spinner|p2a: Roxxx\n|-supereffective|p2a: Roxxx\n|-damage|p2a: Roxxx|0 fnt\n|-activate|p2a: Roxxx|ability: Wandering Spirit|Slush Rush|Wandering Spirit|[of] p1b: Sandslash\n|faint|p2a: Roxxx\n|move|p1a: Abomasnow|Aurora Veil|p1a: Abomasnow\n|-sidestart|p1: noodleneck|move: Aurora Veil\n|\n|-weather|Snow|[upkeep]\n|-damage|p1b: Sandslash|51\/100|[from] move: Infestation|[partiallytrapped]\n|upkeep\n|inactive|Careytheicon has 120 seconds left.\n|c|\u2606Careytheicon|LOL\n|\n|t:|1698522424\n|switch|p2a: Malamar|Malamar, F|100\/100\n|turn|3\n|\n|t:|1698522432\n|move|p2a: Malamar|Superpower|p1b: Sandslash\n|-supereffective|p1b: Sandslash\n|-damage|p1b: Sandslash|2\/100\n|-boost|p2a: Malamar|atk|1\n|-boost|p2a: Malamar|def|1\n|-activate|p1b: Sandslash|ability: Wandering Spirit|Contrary|Wandering Spirit|[of] p2a: Malamar\n|move|p1b: Sandslash|Iron Head|p2b: Shuckle\n|-supereffective|p2b: Shuckle\n|-damage|p2b: Shuckle|0 fnt\n|faint|p2b: Shuckle\n|move|p1a: Abomasnow|Blizzard|p2a: Malamar\n|-damage|p2a: Malamar|54\/100\n|-status|p2a: Malamar|frz\n|\n|-weather|Snow|[upkeep]\n|-end|p1b: Sandslash|Infestation|[partiallytrapped]|[silent]\n|upkeep\n|inactive|Careytheicon has 120 seconds left.\n|\n|t:|1698522452\n|switch|p2b: Jirachi|Jirachi|100\/100\n|turn|4\n|\n|t:|1698522462\n|move|p2b: Jirachi|Ancient Power|p1b: Sandslash\n|-damage|p1b: Sandslash|0 fnt\n|-boost|p2b: Jirachi|atk|1\n|-boost|p2b: Jirachi|def|1\n|-boost|p2b: Jirachi|spa|1\n|-boost|p2b: Jirachi|spd|1\n|-boost|p2b: Jirachi|spe|1\n|faint|p1b: Sandslash\n|-curestatus|p2a: Malamar|frz|[msg]\n|move|p2a: Malamar|Superpower|p1a: Abomasnow\n|-supereffective|p1a: Abomasnow\n|-damage|p1a: Abomasnow|68\/100\n|-unboost|p2a: Malamar|atk|1\n|-unboost|p2a: Malamar|def|1\n|move|p1a: Abomasnow|Blizzard|p2b: Jirachi|[spread] p2a,p2b\n|-resisted|p2b: Jirachi\n|-damage|p2a: Malamar|18\/100\n|-damage|p2b: Jirachi|92\/100\n|-status|p2a: Malamar|frz\n|\n|-weather|Snow|[upkeep]\n|upkeep\n|\n|t:|1698522483\n|switch|p1b: Chi-Yu|Chi-Yu|100\/100\n|-ability|p1b: Chi-Yu|Beads of Ruin\n|turn|5\n|c|\u2606Careytheicon|wtf\n|\n|t:|1698522504\n|move|p2b: Jirachi|Ancient Power|p1b: Chi-Yu\n|-supereffective|p1b: Chi-Yu\n|-damage|p1b: Chi-Yu|67\/100\n|-boost|p2b: Jirachi|atk|1\n|-boost|p2b: Jirachi|def|1\n|-boost|p2b: Jirachi|spa|1\n|-boost|p2b: Jirachi|spd|1\n|-boost|p2b: Jirachi|spe|1\n|move|p1b: Chi-Yu|Heat Wave|p2b: Jirachi|[spread] p2a,p2b\n|-supereffective|p2b: Jirachi\n|-damage|p2a: Malamar|0 fnt\n|-damage|p2b: Jirachi|17\/100\n|-enditem|p2b: Jirachi|Sitrus Berry|[eat]\n|-heal|p2b: Jirachi|42\/100|[from] item: Sitrus Berry\n|faint|p2a: Malamar\n|move|p1a: Abomasnow|Blizzard|p2b: Jirachi\n|-resisted|p2b: Jirachi\n|-damage|p2b: Jirachi|30\/100\n|\n|-weather|Snow|[upkeep]\n|upkeep\n|inactive|Careytheicon has 120 seconds left.\n|\n|t:|1698522533\n|switch|p2a: Victini|Victini|100\/100\n|turn|6\n|inactive|Careytheicon has 120 seconds left.\n|\n|t:|1698522566\n|switch|p1b: Milotic|Milotic, M|100\/100\n|move|p2b: Jirachi|Drain Punch|p1b: Milotic\n|-damage|p1b: Milotic|83\/100\n|-heal|p2b: Jirachi|40\/100|[from] drain|[of] p1b: Milotic\n|move|p2a: Victini|Bolt Strike|p1b: Milotic\n|-supereffective|p1b: Milotic\n|-damage|p1b: Milotic|52\/100\n|move|p1a: Abomasnow|Blizzard|p2a: Victini|[spread] p2a,p2b\n|-resisted|p2a: Victini\n|-resisted|p2b: Jirachi\n|-damage|p2a: Victini|88\/100\n|-damage|p2b: Jirachi|34\/100\n|-enditem|p2a: Victini|Red Card|[of] p1a: Abomasnow\n|drag|p1a: Clefairy|Clefairy, M|100\/100\n|\n|-weather|Snow|[upkeep]\n|-heal|p1b: Milotic|58\/100|[from] item: Leftovers\n|-sideend|p1: noodleneck|move: Aurora Veil\n|upkeep\n|turn|7\n|inactive|Careytheicon has 120 seconds left.\n|\n|t:|1698522592\n|move|p1a: Clefairy|Follow Me|p1a: Clefairy\n|-singleturn|p1a: Clefairy|move: Follow Me\n|move|p2b: Jirachi|Iron Head|p1a: Clefairy\n|-supereffective|p1a: Clefairy\n|-damage|p1a: Clefairy|0 fnt\n|faint|p1a: Clefairy\n|move|p2a: Victini|Bolt Strike|p1b: Milotic\n|-supereffective|p1b: Milotic\n|-crit|p1b: Milotic\n|-damage|p1b: Milotic|0 fnt\n|faint|p1b: Milotic\n|\n|-weather|Snow|[upkeep]\n|upkeep\n|\n|t:|1698522607\n|switch|p1b: Scizor|Scizor, M|100\/100\n|switch|p1a: Chi-Yu|Chi-Yu|67\/100\n|-ability|p1a: Chi-Yu|Beads of Ruin\n|turn|8\n|inactive|Careytheicon has 120 seconds left.\n|\n|t:|1698522646\n|-terastallize|p2b: Jirachi|Dragon\n|move|p1b: Scizor|Protect|p1b: Scizor\n|-singleturn|p1b: Scizor|Protect\n|move|p2b: Jirachi|Drain Punch|p1a: Chi-Yu\n|-supereffective|p1a: Chi-Yu\n|-damage|p1a: Chi-Yu|0 fnt\n|-heal|p2b: Jirachi|58\/100|[from] drain|[of] p1a: Chi-Yu\n|faint|p1a: Chi-Yu\n|move|p2a: Victini|Bolt Strike|p1b: Scizor\n|-activate|p1b: Scizor|move: Protect\n|\n|-weather|none\n|upkeep\n|-message|noodleneck forfeited.\n|\n|win|Careytheicon\n|raw|noodleneck's rating: 1169 &rarr; <strong>1137<\/strong><br \/>(-32 for losing)\n|raw|Careytheicon's rating: 1069 &rarr; <strong>1107<\/strong><br \/>(+38 for winning)\n|l|\u2606noodleneck\n","uploadtime":1698522664,"views":7,"p1id":"noodleneck","p2id":"careytheicon","formatid":"gen9nationaldexdoubles","rating":1107,"private":0,"password":""}