{"id":"gen9nationaldexdoubles-1955078051","p1":"Yeshiqi","p2":"DraconyxRising","format":"[Gen 9] National Dex Doubles","log":"|j|\u2606Yeshiqi\n|j|\u2606DraconyxRising\n|t:|1695953848\n|gametype|doubles\n|player|p1|Yeshiqi|winona|1321\n|player|p2|DraconyxRising|guitarist|1416\n|teamsize|p1|6\n|teamsize|p2|6\n|gen|9\n|tier|[Gen 9] National Dex Doubles\n|rated|\n|rule|HP Percentage Mod: HP is shown in percentages\n|rule|Endless Battle Clause: Forcing endless battles is banned\n|rule|OHKO Clause: OHKO moves are banned\n|rule|Evasion Moves Clause: Evasion moves are banned\n|rule|Evasion Abilities Clause: Evasion abilities are banned\n|rule|Species Clause: Limit one of each Pok\u00e9mon\n|rule|Gravity Sleep Clause: The combination of sleep-inducing moves with imperfect accuracy and Gravity or Gigantamax Orbeetle are banned\n|clearpoke\n|poke|p1|Oranguru, M|\n|poke|p1|Exploud, M|\n|poke|p1|Snorlax, M|\n|poke|p1|Toxtricity, F|\n|poke|p1|Regieleki|\n|poke|p1|Chi-Yu|\n|poke|p2|Charizard, F|\n|poke|p2|Flutter Mane|\n|poke|p2|Chi-Yu|\n|poke|p2|Torkoal, F|\n|poke|p2|Incineroar, F|\n|poke|p2|Lilligant, F|\n|teampreview\n|inactive|Battle timer is ON: inactive players will automatically lose when time's up. (requested by DraconyxRising)\n|inactive|Yeshiqi also wants the timer to be on.\n|\n|t:|1695953868\n|start\n|switch|p1a: Oranguru|Oranguru, M|100\/100\n|switch|p1b: Snorlax|Snorlax, M|100\/100\n|switch|p2a: Chibi|Lilligant, F, shiny|100\/100\n|switch|p2b: Bald Mf|Torkoal, F, shiny|100\/100\n|-weather|SunnyDay|[from] ability: Drought|[of] p2b: Bald Mf\n|turn|1\n|\n|t:|1695953883\n|move|p2b: Bald Mf|Protect|p2b: Bald Mf\n|-singleturn|p2b: Bald Mf|Protect\n|move|p2a: Chibi|Sleep Powder|p1b: Snorlax\n|-status|p1b: Snorlax|slp|[from] move: Sleep Powder\n|cant|p1b: Snorlax|slp\n|move|p1a: Oranguru|Trick Room|p1a: Oranguru\n|-fieldstart|move: Trick Room|[of] p1a: Oranguru\n|\n|-weather|SunnyDay|[upkeep]\n|upkeep\n|turn|2\n|\n|t:|1695953903\n|cant|p1b: Snorlax|slp\n|move|p2b: Bald Mf|Eruption|p1b: Snorlax|[spread] p1a,p1b\n|-damage|p1a: Oranguru|54\/100\n|-damage|p1b: Snorlax|80\/100 slp\n|move|p1a: Oranguru|Imprison|p1a: Oranguru\n|-start|p1a: Oranguru|move: Imprison\n|move|p2a: Chibi|Solar Beam||[still]\n|-prepare|p2a: Chibi|Solar Beam\n|-anim|p2a: Chibi|Solar Beam|p1a: Oranguru\n|-damage|p1a: Oranguru|27\/100\n|\n|-weather|SunnyDay|[upkeep]\n|upkeep\n|turn|3\n|\n|t:|1695953922\n|switch|p1b: Regieleki|Regieleki|100\/100\n|move|p1a: Oranguru|Protect|p1a: Oranguru\n|-singleturn|p1a: Oranguru|Protect\n|move|p2b: Bald Mf|Eruption|p1a: Oranguru|[spread] p1b\n|-activate|p1a: Oranguru|move: Protect\n|-damage|p1b: Regieleki|0 fnt\n|faint|p1b: Regieleki\n|move|p2a: Chibi|Solar Beam||[still]\n|-prepare|p2a: Chibi|Solar Beam\n|-anim|p2a: Chibi|Solar Beam|p1a: Oranguru\n|-activate|p1a: Oranguru|move: Protect\n|\n|-weather|SunnyDay|[upkeep]\n|upkeep\n|\n|t:|1695953947\n|switch|p1b: Snorlax|Snorlax, M|80\/100 slp\n|turn|4\n|\n|t:|1695953962\n|move|p1a: Oranguru|Protect|p1a: Oranguru\n|-singleturn|p1a: Oranguru|Protect\n|cant|p1b: Snorlax|slp\n|move|p2b: Bald Mf|Body Press|p1b: Snorlax\n|-supereffective|p1b: Snorlax\n|-damage|p1b: Snorlax|37\/100 slp\n|move|p2a: Chibi|Solar Beam||[still]\n|-prepare|p2a: Chibi|Solar Beam\n|-anim|p2a: Chibi|Solar Beam|p1a: Oranguru\n|-activate|p1a: Oranguru|move: Protect\n|\n|-weather|SunnyDay|[upkeep]\n|upkeep\n|turn|5\n|\n|t:|1695953981\n|move|p1a: Oranguru|Protect||[still]\n|-fail|p1a: Oranguru\n|-curestatus|p1b: Snorlax|slp|[msg]\n|move|p1b: Snorlax|Self-Destruct|p2b: Bald Mf|[spread] p2a,p2b\n|-activate|p1a: Oranguru|ability: Telepathy\n|-enditem|p2a: Chibi|Focus Sash\n|-damage|p2a: Chibi|1\/100\n|-damage|p2b: Bald Mf|11\/100\n|faint|p1b: Snorlax\n|move|p2b: Bald Mf|Eruption|p1a: Oranguru\n|-crit|p1a: Oranguru\n|-damage|p1a: Oranguru|17\/100\n|move|p2a: Chibi|Solar Beam||[still]\n|-prepare|p2a: Chibi|Solar Beam\n|-anim|p2a: Chibi|Solar Beam|p1a: Oranguru\n|-damage|p1a: Oranguru|0 fnt\n|faint|p1a: Oranguru\n|\n|-weather|SunnyDay|[upkeep]\n|-fieldend|move: Trick Room\n|upkeep\n|-message|Yeshiqi forfeited.\n|\n|win|DraconyxRising\n|raw|Yeshiqi's rating: 1321 &rarr; <strong>1306<\/strong><br \/>(-15 for losing)\n|raw|DraconyxRising's rating: 1416 &rarr; <strong>1431<\/strong><br \/>(+15 for winning)\n|l|\u2606Yeshiqi\n","uploadtime":1695953999,"views":14,"p1id":"yeshiqi","p2id":"draconyxrising","formatid":"gen9nationaldexdoubles","rating":1306,"private":0,"password":""}