{"id":"gen9nationaldexdoubles-1999301617","p1":"luijoroma","p2":"Aceofhearts13","format":"[Gen 9] National Dex Doubles","log":"|j|\u2606luijoroma\n|j|\u2606Aceofhearts13\n|t:|1701057195\n|gametype|doubles\n|player|p1|luijoroma|lucas-gen4pt|1116\n|player|p2|Aceofhearts13|pokemonranger-gen4|1049\n|teamsize|p1|6\n|teamsize|p2|6\n|gen|9\n|tier|[Gen 9] National Dex Doubles\n|rated|\n|rule|HP Percentage Mod: HP is shown in percentages\n|rule|Endless Battle Clause: Forcing endless battles is banned\n|rule|OHKO Clause: OHKO moves are banned\n|rule|Evasion Moves Clause: Evasion moves are banned\n|rule|Evasion Abilities Clause: Evasion abilities are banned\n|rule|Species Clause: Limit one of each Pok\u00e9mon\n|rule|Gravity Sleep Clause: The combination of sleep-inducing moves with imperfect accuracy and Gravity or Gigantamax Orbeetle are banned\n|clearpoke\n|poke|p1|Skeledirge, M|\n|poke|p1|Tinkaton, F|\n|poke|p1|Milotic, F|\n|poke|p1|Baxcalibur, M|\n|poke|p1|Garchomp, M|\n|poke|p1|Iron Valiant|\n|poke|p2|Beedrill, F|\n|poke|p2|Raichu, M|\n|poke|p2|Arcanine, M|\n|poke|p2|Jolteon, M|\n|poke|p2|Vileplume, F|\n|poke|p2|Sandslash, M|\n|teampreview\n|\n|t:|1701057207\n|start\n|switch|p1a: Milotic|Milotic, F, shiny|100\/100\n|switch|p1b: Skeledirge|Skeledirge, M|100\/100\n|switch|p2a: Vileplume|Vileplume, F|100\/100\n|switch|p2b: Beedrill|Beedrill, F|100\/100\n|turn|1\n|\n|t:|1701057226\n|move|p2b: Beedrill|Protect|p2b: Beedrill\n|-singleturn|p2b: Beedrill|Protect\n|move|p1a: Milotic|Ice Beam|p2b: Beedrill\n|-activate|p2b: Beedrill|move: Protect\n|move|p1b: Skeledirge|Torch Song|p2a: Vileplume\n|-supereffective|p2a: Vileplume\n|-damage|p2a: Vileplume|49\/100\n|-boost|p1b: Skeledirge|spa|1\n|move|p2a: Vileplume|Mega Drain|p1a: Milotic\n|-supereffective|p1a: Milotic\n|-damage|p1a: Milotic|84\/100\n|-heal|p2a: Vileplume|58\/100|[from] drain|[of] p1a: Milotic\n|\n|-heal|p2a: Vileplume|65\/100|[from] item: Black Sludge\n|-status|p1a: Milotic|brn|[from] item: Flame Orb\n|upkeep\n|turn|2\n|\n|t:|1701057252\n|move|p2a: Vileplume|Bide|p2a: Vileplume\n|-start|p2a: Vileplume|move: Bide\n|move|p2b: Beedrill|Substitute|p2b: Beedrill\n|-start|p2b: Beedrill|Substitute\n|-damage|p2b: Beedrill|76\/100\n|move|p1a: Milotic|Hypnosis|p2a: Vileplume|[miss]\n|-miss|p1a: Milotic|p2a: Vileplume\n|move|p1b: Skeledirge|Will-O-Wisp||[still]\n|-fail|p1b: Skeledirge\n|\n|-heal|p2a: Vileplume|71\/100|[from] item: Black Sludge\n|-damage|p1a: Milotic|78\/100 brn|[from] brn\n|upkeep\n|turn|3\n|\n|t:|1701057272\n|-activate|p2a: Vileplume|move: Bide\n|move|p2b: Beedrill|Outrage|p1b: Skeledirge\n|-damage|p1b: Skeledirge|81\/100\n|move|p1a: Milotic|Ice Beam|p2a: Vileplume\n|-supereffective|p2a: Vileplume\n|-damage|p2a: Vileplume|38\/100\n|-status|p2a: Vileplume|frz\n|move|p1b: Skeledirge|Earth Power|p2b: Beedrill\n|-end|p2b: Beedrill|Substitute\n|\n|-heal|p1b: Skeledirge|87\/100|[from] item: Leftovers\n|-heal|p2a: Vileplume|44\/100 frz|[from] item: Black Sludge\n|-damage|p1a: Milotic|72\/100 brn|[from] brn\n|upkeep\n|turn|4\n|\n|t:|1701057296\n|cant|p2a: Vileplume|frz\n|-end|p2a: Vileplume|move: Bide|[silent]\n|move|p2b: Beedrill|Outrage|p1a: Milotic|[from]lockedmove\n|-damage|p1a: Milotic|50\/100 brn\n|move|p1a: Milotic|Scald|p2b: Beedrill\n|-damage|p2b: Beedrill|39\/100\n|move|p1b: Skeledirge|Torch Song|p2b: Beedrill\n|-supereffective|p2b: Beedrill\n|-damage|p2b: Beedrill|0 fnt\n|-boost|p1b: Skeledirge|spa|1\n|faint|p2b: Beedrill\n|\n|-heal|p1b: Skeledirge|93\/100|[from] item: Leftovers\n|-heal|p2a: Vileplume|50\/100 frz|[from] item: Black Sludge\n|-damage|p1a: Milotic|44\/100 brn|[from] brn\n|upkeep\n|\n|t:|1701057312\n|switch|p2b: Arcanine|Arcanine, M|100\/100\n|turn|5\n|\n|t:|1701057321\n|move|p2b: Arcanine|Toxic||[still]\n|-fail|p2b: Arcanine\n|move|p1a: Milotic|Recover|p1a: Milotic\n|-heal|p1a: Milotic|94\/100 brn\n|move|p1b: Skeledirge|Earth Power|p2b: Arcanine\n|-supereffective|p2b: Arcanine\n|-damage|p2b: Arcanine|0 fnt\n|faint|p2b: Arcanine\n|cant|p2a: Vileplume|frz\n|\n|-heal|p1b: Skeledirge|99\/100|[from] item: Leftovers\n|-heal|p2a: Vileplume|56\/100 frz|[from] item: Black Sludge\n|-damage|p1a: Milotic|88\/100 brn|[from] brn\n|upkeep\n|\n|t:|1701057336\n|switch|p2b: Raichu|Raichu, M|100\/100\n|turn|6\n|\n|t:|1701057347\n|-terastallize|p1a: Milotic|Fairy\n|move|p2b: Raichu|Toxic|p1b: Skeledirge\n|-status|p1b: Skeledirge|tox\n|move|p1a: Milotic|Hypnosis|p2b: Raichu|[miss]\n|-miss|p1a: Milotic|p2b: Raichu\n|move|p1b: Skeledirge|Torch Song|p2a: Vileplume\n|-supereffective|p2a: Vileplume\n|-damage|p2a: Vileplume|0 fnt\n|-boost|p1b: Skeledirge|spa|1\n|faint|p2a: Vileplume\n|\n|-heal|p1b: Skeledirge|100\/100 tox|[from] item: Leftovers\n|-damage|p1b: Skeledirge|94\/100 tox|[from] psn\n|-damage|p1a: Milotic|82\/100 brn|[from] brn\n|upkeep\n|\n|t:|1701057364\n|switch|p2a: Jolteon|Jolteon, M|100\/100\n|turn|7\n|\n|t:|1701057375\n|move|p2a: Jolteon|Detect|p2a: Jolteon\n|-singleturn|p2a: Jolteon|Protect\n|move|p2b: Raichu|Thunderbolt|p1a: Milotic\n|-damage|p1a: Milotic|64\/100 brn\n|move|p1a: Milotic|Recover|p1a: Milotic\n|-heal|p1a: Milotic|100\/100 brn\n|move|p1b: Skeledirge|Earth Power|p2a: Jolteon\n|-activate|p2a: Jolteon|move: Protect\n|\n|-heal|p1b: Skeledirge|100\/100 tox|[from] item: Leftovers\n|-damage|p1b: Skeledirge|88\/100 tox|[from] psn\n|-damage|p1a: Milotic|94\/100 brn|[from] brn\n|upkeep\n|turn|8\n|\n|t:|1701057397\n|move|p2a: Jolteon|Hidden Power|p1a: Milotic\n|-supereffective|p1a: Milotic\n|-damage|p1a: Milotic|71\/100 brn\n|move|p2b: Raichu|Mega Kick|p1b: Skeledirge\n|-immune|p1b: Skeledirge\n|move|p1a: Milotic|Ice Beam|p2a: Jolteon\n|-damage|p2a: Jolteon|74\/100\n|move|p1b: Skeledirge|Earth Power|p2b: Raichu\n|-supereffective|p2b: Raichu\n|-damage|p2b: Raichu|0 fnt\n|faint|p2b: Raichu\n|\n|-heal|p1b: Skeledirge|94\/100 tox|[from] item: Leftovers\n|-damage|p1b: Skeledirge|76\/100 tox|[from] psn\n|-damage|p1a: Milotic|65\/100 brn|[from] brn\n|upkeep\n|\n|t:|1701057412\n|switch|p2b: Sandslash|Sandslash, M|100\/100\n|turn|9\n|\n|t:|1701057421\n|move|p2a: Jolteon|Hidden Power|p1a: Milotic\n|-supereffective|p1a: Milotic\n|-damage|p1a: Milotic|40\/100 brn\n|move|p1a: Milotic|Recover|p1a: Milotic\n|-heal|p1a: Milotic|90\/100 brn\n|move|p1b: Skeledirge|Slack Off|p1b: Skeledirge\n|-heal|p1b: Skeledirge|100\/100 tox\n|move|p2b: Sandslash|Poison Jab|p1a: Milotic\n|-supereffective|p1a: Milotic\n|-damage|p1a: Milotic|54\/100 brn\n|\n|-damage|p1b: Skeledirge|76\/100 tox|[from] psn\n|-damage|p1a: Milotic|48\/100 brn|[from] brn\n|upkeep\n|turn|10\n|\n|t:|1701057439\n|move|p2a: Jolteon|Hidden Power|p1a: Milotic\n|-supereffective|p1a: Milotic\n|-damage|p1a: Milotic|25\/100 brn\n|move|p1a: Milotic|Scald|p2b: Sandslash\n|-supereffective|p2b: Sandslash\n|-damage|p2b: Sandslash|17\/100\n|-status|p2b: Sandslash|brn\n|move|p1b: Skeledirge|Earth Power|p2a: Jolteon\n|-supereffective|p2a: Jolteon\n|-damage|p2a: Jolteon|0 fnt\n|faint|p2a: Jolteon\n|move|p2b: Sandslash|Poison Jab|p1a: Milotic\n|-supereffective|p1a: Milotic\n|-damage|p1a: Milotic|7\/100 brn\n|\n|-heal|p1b: Skeledirge|82\/100 tox|[from] item: Leftovers\n|-damage|p1b: Skeledirge|52\/100 tox|[from] psn\n|-damage|p1a: Milotic|1\/100 brn|[from] brn\n|-damage|p2b: Sandslash|11\/100 brn|[from] brn\n|upkeep\n|turn|11\n|\n|t:|1701057466\n|move|p1a: Milotic|Recover|p1a: Milotic\n|-heal|p1a: Milotic|51\/100 brn\n|move|p1b: Skeledirge|Earth Power|p2b: Sandslash\n|-crit|p2b: Sandslash\n|-damage|p2b: Sandslash|0 fnt\n|faint|p2b: Sandslash\n|\n|win|luijoroma\n|raw|luijoroma's rating: 1116 &rarr; <strong>1136<\/strong><br \/>(+20 for winning)\n|raw|Aceofhearts13's rating: 1049 &rarr; <strong>1035<\/strong><br \/>(-14 for losing)\n|c|\u2606Aceofhearts13|gg\n|l|\u2606Aceofhearts13\n","uploadtime":1701057478,"views":0,"p1id":"luijoroma","p2id":"aceofhearts13","formatid":"gen9nationaldexdoubles","rating":1035,"private":0,"password":""}