{"id":"gen9nationaldexdoubles-1962514868","p1":"XMarcosPr710","p2":"El_Gran_Wigglytuff","format":"[Gen 9] National Dex Doubles","log":"|j|\u2606XMarcosPr710\n|j|\u2606El_Gran_Wigglytuff\n|t:|1696760727\n|gametype|doubles\n|player|p1|XMarcosPr710|benga|\n|player|p2|El_Gran_Wigglytuff|benga|\n|teamsize|p1|6\n|teamsize|p2|6\n|gen|9\n|tier|[Gen 9] National Dex Doubles\n|rule|HP Percentage Mod: HP is shown in percentages\n|rule|Endless Battle Clause: Forcing endless battles is banned\n|rule|OHKO Clause: OHKO moves are banned\n|rule|Evasion Moves Clause: Evasion moves are banned\n|rule|Evasion Abilities Clause: Evasion abilities are banned\n|rule|Species Clause: Limit one of each Pok\u00e9mon\n|rule|Gravity Sleep Clause: The combination of sleep-inducing moves with imperfect accuracy and Gravity or Gigantamax Orbeetle are banned\n|clearpoke\n|poke|p1|Iron Hands|\n|poke|p1|Rotom-Wash|\n|poke|p1|Zapdos|\n|poke|p1|Manectric, F|\n|poke|p1|Thundurus, M|\n|poke|p1|Tapu Koko|\n|poke|p2|Iron Hands|\n|poke|p2|Great Tusk|\n|poke|p2|Lucario, F|\n|poke|p2|Kommo-o, M|\n|poke|p2|Lilligant-Hisui, F|\n|poke|p2|Okidogi, M|\n|teampreview\n|c|\u2606XMarcosPr710|Gl hf\n|j| fifier\n|c| fifier|q humilde marcos\n|\n|t:|1696760747\n|start\n|switch|p1a: ZapGod|Zapdos|100\/100\n|switch|p1b: Best gen 9 mon?|Iron Hands|100\/100\n|switch|p2a: Okidogi|Okidogi, M|100\/100\n|switch|p2b: Iron Hands|Iron Hands|100\/100\n|turn|1\n|c| fifier|q humilde bluff sin usar protect en ningun poke\n|c|\u2606XMarcosPr710|XD\n|c|\u2606XMarcosPr710|La cosa esta en el ev spread de ese hands B)\n|\n|t:|1696760785\n|move|p1a: ZapGod|Protect|p1a: ZapGod\n|-singleturn|p1a: ZapGod|Protect\n|move|p2b: Iron Hands|Fake Out|p1a: ZapGod\n|-activate|p1a: ZapGod|move: Protect\n|move|p2a: Okidogi|Ice Punch|p1a: ZapGod\n|-activate|p1a: ZapGod|move: Protect\n|move|p1b: Best gen 9 mon?|Wild Charge|p2a: Okidogi\n|-damage|p2a: Okidogi|48\/100\n|-damage|p1b: Best gen 9 mon?|92\/100|[from] Recoil\n|\n|upkeep\n|turn|2\n|c| fifier|se lo leyeron\n|\n|t:|1696760814\n|-end|p1b: Best gen 9 mon?|Quark Drive|[silent]\n|switch|p1b: Moto Moto|Rotom-Wash, shiny|100\/100\n|-zpower|p1a: ZapGod\n|move|p1a: ZapGod|Supersonic Skystrike|p2a: Okidogi|[zeffect]\n|-supereffective|p2a: Okidogi\n|-damage|p2a: Okidogi|0 fnt\n|faint|p2a: Okidogi\n|move|p2b: Iron Hands|Drain Punch|p1b: Moto Moto\n|-damage|p1b: Moto Moto|56\/100\n|-damage|p2b: Iron Hands|91\/100|[from] item: Life Orb\n|\n|upkeep\n|c| fifier|q hace\n|c| fifier|XD\n|\n|t:|1696760826\n|switch|p2a: Lucario|Lucario, F|100\/100\n|turn|3\n|c|\u2606XMarcosPr710|Por el switch al otro este\n|c|\u2606XMarcosPr710|El ground\n|c| fifier|great tusk\n|j| Kaxxxx\n|\n|t:|1696760870\n|detailschange|p2a: Lucario|Lucario-Mega, F\n|-mega|p2a: Lucario|Lucario|Lucarionite\n|move|p1b: Moto Moto|Helping Hand|p1a: ZapGod\n|-singleturn|p1a: ZapGod|Helping Hand|[of] p1b: Moto Moto\n|move|p2a: Lucario|Close Combat|p1b: Moto Moto\n|-damage|p1b: Moto Moto|0 fnt\n|-unboost|p2a: Lucario|def|1\n|-unboost|p2a: Lucario|spd|1\n|faint|p1b: Moto Moto\n|move|p1a: ZapGod|Heat Wave|p2b: Iron Hands|[spread] p2a,p2b\n|-supereffective|p2a: Lucario\n|-damage|p2a: Lucario|0 fnt\n|-damage|p2b: Iron Hands|59\/100\n|faint|p2a: Lucario\n|move|p2b: Iron Hands|Ice Punch|p1a: ZapGod\n|-supereffective|p1a: ZapGod\n|-damage|p1a: ZapGod|16\/100\n|-damage|p2b: Iron Hands|49\/100|[from] item: Life Orb\n|\n|upkeep\n|\n|t:|1696760886\n|switch|p2a: Lilligant|Lilligant-Hisui, F|100\/100\n|switch|p1b: Best gen 9 mon?|Iron Hands|92\/100\n|turn|4\n|\n|t:|1696760909\n|move|p1b: Best gen 9 mon?|Fake Out|p2a: Lilligant\n|-damage|p2a: Lilligant|76\/100\n|cant|p2a: Lilligant|flinch\n|move|p1a: ZapGod|Heat Wave|p2a: Lilligant|[spread] p2a,p2b\n|-supereffective|p2a: Lilligant\n|-damage|p2a: Lilligant|7\/100\n|-damage|p2b: Iron Hands|28\/100\n|move|p2b: Iron Hands|Ice Punch|p1a: ZapGod\n|-supereffective|p1a: ZapGod\n|-damage|p1a: ZapGod|0 fnt\n|faint|p1a: ZapGod\n|-damage|p2b: Iron Hands|18\/100|[from] item: Life Orb\n|\n|upkeep\n|\n|t:|1696760918\n|switch|p1a: Remus Lupin|Manectric, F|100\/100\n|turn|5\n|\n|t:|1696760932\n|detailschange|p1a: Remus Lupin|Manectric-Mega, F\n|-mega|p1a: Remus Lupin|Manectric|Manectite\n|-ability|p1a: Remus Lupin|Intimidate|boost\n|-unboost|p2a: Lilligant|atk|1\n|-unboost|p2b: Iron Hands|atk|1\n|move|p1a: Remus Lupin|Protect|p1a: Remus Lupin\n|-singleturn|p1a: Remus Lupin|Protect\n|move|p2a: Lilligant|Close Combat|p1a: Remus Lupin\n|-activate|p1a: Remus Lupin|move: Protect\n|move|p1b: Best gen 9 mon?|Drain Punch|p2a: Lilligant\n|-damage|p2a: Lilligant|0 fnt\n|-heal|p1b: Best gen 9 mon?|94\/100|[from] drain|[of] p2a: Lilligant\n|faint|p2a: Lilligant\n|move|p2b: Iron Hands|Drain Punch|p1a: Remus Lupin\n|-activate|p1a: Remus Lupin|move: Protect\n|\n|upkeep\n|c| fifier|q grande lupin\n|\n|t:|1696760939\n|switch|p2a: Great Tusk|Great Tusk|100\/100\n|turn|6\n|l| Kaxxxx\n|\n|t:|1696760946\n|switch|p1a: Mi padre|Thundurus, M|100\/100\n|-terastallize|p1b: Best gen 9 mon?|Grass\n|move|p2a: Great Tusk|Headlong Rush|p1a: Mi padre\n|-immune|p1a: Mi padre\n|move|p1b: Best gen 9 mon?|Drain Punch|p2b: Iron Hands\n|-damage|p2b: Iron Hands|0 fnt\n|-heal|p1b: Best gen 9 mon?|100\/100|[from] drain|[of] p2b: Iron Hands\n|faint|p2b: Iron Hands\n|-end|p2b: Iron Hands|Quark Drive|[silent]\n|\n|upkeep\n|\n|t:|1696760953\n|switch|p2b: Kommo-o|Kommo-o, M|100\/100\n|turn|7\n|\n|t:|1696760970\n|move|p1a: Mi padre|Thunder Wave|p2b: Kommo-o\n|-status|p2b: Kommo-o|par\n|move|p2a: Great Tusk|Headlong Rush|p1b: Best gen 9 mon?\n|-resisted|p1b: Best gen 9 mon?\n|-damage|p1b: Best gen 9 mon?|80\/100\n|-unboost|p2a: Great Tusk|def|1\n|-unboost|p2a: Great Tusk|spd|1\n|-zpower|p2b: Kommo-o\n|move|p2b: Kommo-o|Clangorous Soulblaze|p1a: Mi padre|[zeffect]|[spread] p1a,p1b\n|-damage|p1a: Mi padre|46\/100\n|-damage|p1b: Best gen 9 mon?|53\/100\n|-enditem|p1a: Mi padre|Sitrus Berry|[eat]\n|-heal|p1a: Mi padre|71\/100|[from] item: Sitrus Berry\n|-boost|p2b: Kommo-o|atk|1\n|-boost|p2b: Kommo-o|def|1\n|-boost|p2b: Kommo-o|spa|1\n|-boost|p2b: Kommo-o|spd|1\n|-boost|p2b: Kommo-o|spe|1\n|move|p1b: Best gen 9 mon?|Drain Punch|p2b: Kommo-o\n|-damage|p2b: Kommo-o|73\/100 par\n|-heal|p1b: Best gen 9 mon?|62\/100|[from] drain|[of] p2b: Kommo-o\n|\n|upkeep\n|turn|8\n|\n|t:|1696760997\n|move|p1a: Mi padre|Scary Face|p2b: Kommo-o\n|-unboost|p2b: Kommo-o|spe|2\n|move|p2a: Great Tusk|Headlong Rush|p1b: Best gen 9 mon?\n|-resisted|p1b: Best gen 9 mon?\n|-damage|p1b: Best gen 9 mon?|42\/100\n|-unboost|p2a: Great Tusk|def|1\n|-unboost|p2a: Great Tusk|spd|1\n|move|p1b: Best gen 9 mon?|Drain Punch|p2b: Kommo-o\n|-damage|p2b: Kommo-o|45\/100 par\n|-heal|p1b: Best gen 9 mon?|50\/100|[from] drain|[of] p2b: Kommo-o\n|cant|p2b: Kommo-o|par\n|\n|upkeep\n|turn|9\n|\n|t:|1696761016\n|move|p1a: Mi padre|Scary Face|p2a: Great Tusk\n|-unboost|p2a: Great Tusk|spe|2\n|move|p2a: Great Tusk|Headlong Rush|p1b: Best gen 9 mon?\n|-resisted|p1b: Best gen 9 mon?\n|-damage|p1b: Best gen 9 mon?|32\/100\n|-unboost|p2a: Great Tusk|def|1\n|-unboost|p2a: Great Tusk|spd|1\n|move|p1b: Best gen 9 mon?|Drain Punch|p2b: Kommo-o\n|-damage|p2b: Kommo-o|17\/100 par\n|-heal|p1b: Best gen 9 mon?|41\/100|[from] drain|[of] p2b: Kommo-o\n|move|p2b: Kommo-o|Ice Punch|p1a: Mi padre\n|-supereffective|p1a: Mi padre\n|-damage|p1a: Mi padre|1\/100\n|\n|upkeep\n|turn|10\n|\n|t:|1696761034\n|move|p1a: Mi padre|Scary Face|p2a: Great Tusk\n|-unboost|p2a: Great Tusk|spe|2\n|move|p2a: Great Tusk|Headlong Rush|p1b: Best gen 9 mon?\n|-resisted|p1b: Best gen 9 mon?\n|-damage|p1b: Best gen 9 mon?|22\/100\n|-unboost|p2a: Great Tusk|def|1\n|-unboost|p2a: Great Tusk|spd|1\n|move|p1b: Best gen 9 mon?|Drain Punch|p2b: Kommo-o\n|-damage|p2b: Kommo-o|0 fnt\n|-heal|p1b: Best gen 9 mon?|27\/100|[from] drain|[of] p2b: Kommo-o\n|faint|p2b: Kommo-o\n|\n|upkeep\n|turn|11\n|c|\u2606El_Gran_Wigglytuff|Torneo ama\u00f1ado\n|\n|t:|1696761046\n|move|p1a: Mi padre|Scary Face|p2a: Great Tusk\n|-unboost|p2a: Great Tusk|spe|2\n|move|p1b: Best gen 9 mon?|Drain Punch|p2a: Great Tusk\n|-damage|p2a: Great Tusk|12\/100\n|-heal|p1b: Best gen 9 mon?|61\/100|[from] drain|[of] p2a: Great Tusk\n|move|p2a: Great Tusk|Headlong Rush|p1b: Best gen 9 mon?\n|-resisted|p1b: Best gen 9 mon?\n|-damage|p1b: Best gen 9 mon?|44\/100\n|-unboost|p2a: Great Tusk|def|1\n|-unboost|p2a: Great Tusk|spd|1\n|\n|upkeep\n|turn|12\n|c| fifier|q lento es el hdp de iron hands\n|c| fifier|JAJAJAJAJ\n|c|\u2606XMarcosPr710|XD\n|\n|t:|1696761059\n|move|p1a: Mi padre|Wildbolt Storm|p2a: Great Tusk\n|-immune|p2a: Great Tusk\n|move|p1b: Best gen 9 mon?|Drain Punch|p2a: Great Tusk\n|-damage|p2a: Great Tusk|0 fnt\n|-heal|p1b: Best gen 9 mon?|48\/100|[from] drain|[of] p2a: Great Tusk\n|faint|p2a: Great Tusk\n|-end|p2a: Great Tusk|Protosynthesis|[silent]\n|\n|win|XMarcosPr710\n|c| fifier|uffff\n|c| fifier|ese wildbolt\n|c|\u2606XMarcosPr710|Que iba a tirar si no\n|c|\u2606XMarcosPr710|Taunt?\n","uploadtime":1696761080,"views":12,"p1id":"xmarcospr710","p2id":"elgranwigglytuff","formatid":"gen9nationaldexdoubles","rating":0,"private":0,"password":""}