{"id":"gen9nationaldexdoubles-1994746059","p1":"Retsuna","p2":"Tombstone Ghost","format":"[Gen 9] National Dex Doubles","log":"|j|\u2606Retsuna\n|j|\u2606Tombstone Ghost\n|t:|1700488497\n|gametype|doubles\n|player|p1|Retsuna|169|1158\n|player|p2|Tombstone Ghost|gambler|1150\n|teamsize|p1|6\n|teamsize|p2|6\n|gen|9\n|tier|[Gen 9] National Dex Doubles\n|rated|\n|rule|HP Percentage Mod: HP is shown in percentages\n|rule|Endless Battle Clause: Forcing endless battles is banned\n|rule|OHKO Clause: OHKO moves are banned\n|rule|Evasion Moves Clause: Evasion moves are banned\n|rule|Evasion Abilities Clause: Evasion abilities are banned\n|rule|Species Clause: Limit one of each Pok\u00e9mon\n|rule|Gravity Sleep Clause: The combination of sleep-inducing moves with imperfect accuracy and Gravity or Gigantamax Orbeetle are banned\n|clearpoke\n|poke|p1|Decidueye, M|\n|poke|p1|Pidgeot, F|\n|poke|p1|Volcarona, M|\n|poke|p1|Lycanroc-Dusk, F|\n|poke|p1|Kommo-o, M|\n|poke|p1|Goodra, F|\n|poke|p2|Electrode-Hisui|\n|poke|p2|Sneasler, M|\n|poke|p2|Rillaboom, M|\n|poke|p2|Espathra, M|\n|poke|p2|Chi-Yu|\n|poke|p2|Gliscor, M|\n|teampreview\n|\n|t:|1700488509\n|start\n|switch|p1a: Decidueye|Decidueye, M, shiny|100\/100\n|switch|p1b: Goodra|Goodra, F|100\/100\n|switch|p2a: Drumline|Rillaboom, M|100\/100\n|switch|p2b: Bandit|Sneasler, M|100\/100\n|-fieldstart|move: Grassy Terrain|[from] ability: Grassy Surge|[of] p2a: Drumline\n|-enditem|p2b: Bandit|Grassy Seed\n|-boost|p2b: Bandit|def|1|[from] item: Grassy Seed\n|turn|1\n|\n|t:|1700488541\n|-terastallize|p1a: Decidueye|Dark\n|move|p2b: Bandit|Acrobatics|p1a: Decidueye\n|-damage|p1a: Decidueye|52\/100\n|move|p2a: Drumline|U-turn|p1a: Decidueye\n|-supereffective|p1a: Decidueye\n|-damage|p1a: Decidueye|0 fnt\n|faint|p1a: Decidueye\n|\n|t:|1700488555\n|switch|p2a: Scissors|Gliscor, M, shiny|100\/100|[from] U-turn\n|move|p1b: Goodra|Toxic|p2a: Scissors\n|-status|p2a: Scissors|tox\n|\n|upkeep\n|\n|t:|1700488565\n|switch|p1a: Pidgeot|Pidgeot, F|100\/100\n|turn|2\n|\n|t:|1700488580\n|switch|p1b: Kommo-o|Kommo-o, M|100\/100\n|detailschange|p1a: Pidgeot|Pidgeot-Mega, F\n|-mega|p1a: Pidgeot|Pidgeot|Pidgeotite\n|move|p2b: Bandit|Dire Claw|p1a: Pidgeot\n|-damage|p1a: Pidgeot|38\/100\n|move|p1a: Pidgeot|Hurricane|p2b: Bandit\n|-supereffective|p2b: Bandit\n|-damage|p2b: Bandit|0 fnt\n|faint|p2b: Bandit\n|move|p2a: Scissors|Swords Dance|p2a: Scissors\n|-boost|p2a: Scissors|atk|2\n|\n|upkeep\n|\n|t:|1700488603\n|switch|p2b: Wrecking Ball|Electrode-Hisui|100\/100\n|turn|3\n|\n|t:|1700488624\n|switch|p1a: Goodra|Goodra, F|100\/100\n|move|p2b: Wrecking Ball|Thunderbolt|p1a: Goodra\n|-resisted|p1a: Goodra\n|-damage|p1a: Goodra|89\/100\n|-damage|p2b: Wrecking Ball|91\/100|[from] item: Life Orb\n|-zpower|p1b: Kommo-o\n|move|p1b: Kommo-o|Clangorous Soulblaze|p2a: Scissors|[zeffect]|[spread] p2a,p2b\n|-damage|p2a: Scissors|40\/100 tox\n|-damage|p2b: Wrecking Ball|14\/100\n|-boost|p1b: Kommo-o|atk|1\n|-boost|p1b: Kommo-o|def|1\n|-boost|p1b: Kommo-o|spa|1\n|-boost|p1b: Kommo-o|spd|1\n|-boost|p1b: Kommo-o|spe|1\n|move|p2a: Scissors|High Horsepower|p1b: Kommo-o\n|-damage|p1b: Kommo-o|55\/100\n|\n|-heal|p1b: Kommo-o|61\/100|[from] Grassy Terrain\n|-heal|p2b: Wrecking Ball|20\/100|[from] Grassy Terrain\n|-heal|p1a: Goodra|96\/100|[from] Grassy Terrain\n|-heal|p2a: Scissors|53\/100 tox|[from] ability: Poison Heal\n|upkeep\n|turn|4\n|\n|t:|1700488660\n|move|p2a: Scissors|Protect|p2a: Scissors\n|-singleturn|p2a: Scissors|Protect\n|move|p1b: Kommo-o|Aqua Tail|p2a: Scissors\n|-activate|p2a: Scissors|move: Protect\n|move|p2b: Wrecking Ball|Volt Switch|p1b: Kommo-o\n|-resisted|p1b: Kommo-o\n|-damage|p1b: Kommo-o|46\/100\n|-damage|p2b: Wrecking Ball|10\/100|[from] item: Life Orb\n|\n|t:|1700488681\n|switch|p2b: Crash|Espathra, M|100\/100|[from] Volt Switch\n|move|p1a: Goodra|Toxic|p2b: Crash\n|-status|p2b: Crash|tox\n|\n|-heal|p1b: Kommo-o|52\/100|[from] Grassy Terrain\n|-heal|p1a: Goodra|100\/100|[from] Grassy Terrain\n|-damage|p2b: Crash|94\/100 tox|[from] psn\n|-heal|p2a: Scissors|65\/100 tox|[from] ability: Poison Heal\n|upkeep\n|turn|5\n|\n|t:|1700488701\n|move|p2b: Crash|Protect|p2b: Crash\n|-singleturn|p2b: Crash|Protect\n|move|p1b: Kommo-o|Aqua Tail|p2a: Scissors\n|-supereffective|p2a: Scissors\n|-crit|p2a: Scissors\n|-damage|p2a: Scissors|0 fnt\n|faint|p2a: Scissors\n|move|p1a: Goodra|Rain Dance|p1a: Goodra\n|-weather|RainDance\n|\n|-weather|RainDance|[upkeep]\n|-heal|p1b: Kommo-o|58\/100|[from] Grassy Terrain\n|-heal|p2b: Crash|100\/100 tox|[from] Grassy Terrain\n|-damage|p2b: Crash|88\/100 tox|[from] psn\n|-fieldend|move: Grassy Terrain\n|-ability|p2b: Crash|Speed Boost|boost\n|-boost|p2b: Crash|spe|1\n|upkeep\n|inactive|Battle timer is ON: inactive players will automatically lose when time's up. (requested by Retsuna)\n|\n|t:|1700488719\n|switch|p2a: Guppy|Chi-Yu|100\/100\n|-ability|p2a: Guppy|Beads of Ruin\n|turn|6\n|\n|t:|1700488742\n|move|p2a: Guppy|Protect|p2a: Guppy\n|-singleturn|p2a: Guppy|Protect\n|move|p1b: Kommo-o|Drain Punch|p2a: Guppy\n|-activate|p2a: Guppy|move: Protect\n|move|p2b: Crash|Calm Mind|p2b: Crash\n|-boost|p2b: Crash|spa|1\n|-boost|p2b: Crash|spd|1\n|move|p1a: Goodra|Toxic|p2a: Guppy\n|-activate|p2a: Guppy|move: Protect\n|\n|-weather|RainDance|[upkeep]\n|-heal|p2b: Crash|94\/100 tox|[from] item: Leftovers\n|-damage|p2b: Crash|76\/100 tox|[from] psn\n|-ability|p2b: Crash|Speed Boost|boost\n|-boost|p2b: Crash|spe|1\n|upkeep\n|turn|7\n|\n|t:|1700488772\n|move|p2b: Crash|Stored Power|p1b: Kommo-o\n|-supereffective|p1b: Kommo-o\n|-damage|p1b: Kommo-o|0 fnt\n|faint|p1b: Kommo-o\n|move|p2a: Guppy|Heat Wave|p1a: Goodra\n|-resisted|p1a: Goodra\n|-damage|p1a: Goodra|93\/100\n|-status|p1a: Goodra|brn\n|move|p1a: Goodra|Earthquake|p2b: Crash|[spread] p2a,p2b\n|-supereffective|p2a: Guppy\n|-damage|p2a: Guppy|84\/100\n|-damage|p2b: Crash|65\/100 tox\n|\n|-weather|RainDance|[upkeep]\n|-heal|p2b: Crash|72\/100 tox|[from] item: Leftovers\n|-heal|p2a: Guppy|90\/100|[from] item: Leftovers\n|-activate|p1a: Goodra|ability: Hydration\n|-curestatus|p1a: Goodra|brn|[msg]\n|-damage|p2b: Crash|47\/100 tox|[from] psn\n|-ability|p2b: Crash|Speed Boost|boost\n|-boost|p2b: Crash|spe|1\n|upkeep\n|inactive|Retsuna has 120 seconds left.\n|\n|t:|1700488788\n|switch|p1b: Volcarona|Volcarona, M|100\/100\n|turn|8\n|\n|t:|1700488807\n|move|p2a: Guppy|Protect|p2a: Guppy\n|-singleturn|p2a: Guppy|Protect\n|move|p2b: Crash|Stored Power|p1b: Volcarona\n|-damage|p1b: Volcarona|0 fnt\n|faint|p1b: Volcarona\n|move|p1a: Goodra|Toxic|p2a: Guppy\n|-activate|p2a: Guppy|move: Protect\n|\n|-weather|RainDance|[upkeep]\n|-heal|p2b: Crash|53\/100 tox|[from] item: Leftovers\n|-heal|p2a: Guppy|96\/100|[from] item: Leftovers\n|-damage|p2b: Crash|23\/100 tox|[from] psn\n|-ability|p2b: Crash|Speed Boost|boost\n|-boost|p2b: Crash|spe|1\n|upkeep\n|\n|t:|1700488816\n|switch|p1b: Lycanroc|Lycanroc-Dusk, F|100\/100\n|turn|9\n|\n|t:|1700488834\n|move|p1b: Lycanroc|Accelerock|p2b: Crash\n|-crit|p2b: Crash\n|-damage|p2b: Crash|0 fnt\n|faint|p2b: Crash\n|move|p2a: Guppy|Will-O-Wisp|p1b: Lycanroc\n|-status|p1b: Lycanroc|brn\n|move|p1a: Goodra|Toxic|p2a: Guppy|[miss]\n|-miss|p1a: Goodra|p2a: Guppy\n|\n|-weather|RainDance|[upkeep]\n|-heal|p2a: Guppy|100\/100|[from] item: Leftovers\n|-damage|p1b: Lycanroc|94\/100 brn|[from] brn\n|upkeep\n|\n|t:|1700488847\n|switch|p2b: Wrecking Ball|Electrode-Hisui|10\/100\n|turn|10\n|inactive|Tombstone Ghost has 120 seconds left.\n|\n|t:|1700488878\n|move|p2a: Guppy|Protect|p2a: Guppy\n|-singleturn|p2a: Guppy|Protect\n|move|p1b: Lycanroc|Accelerock|p2b: Wrecking Ball\n|-damage|p2b: Wrecking Ball|0 fnt\n|-damage|p1b: Lycanroc|70\/100 brn|[from] ability: Aftermath|[of] p2b: Wrecking Ball\n|faint|p2b: Wrecking Ball\n|move|p1a: Goodra|Toxic|p2a: Guppy\n|-activate|p2a: Guppy|move: Protect\n|\n|-weather|RainDance|[upkeep]\n|-damage|p1b: Lycanroc|63\/100 brn|[from] brn\n|upkeep\n|inactive|Tombstone Ghost has 120 seconds left.\n|\n|t:|1700488890\n|switch|p2b: Drumline|Rillaboom, M|100\/100\n|-fieldstart|move: Grassy Terrain|[from] ability: Grassy Surge|[of] p2b: Drumline\n|turn|11\n|inactive|Tombstone Ghost has 120 seconds left.\n|\n|t:|1700488911\n|move|p1b: Lycanroc|Iron Head|p2b: Drumline\n|-damage|p2b: Drumline|85\/100\n|move|p2a: Guppy|Dark Pulse|p1a: Goodra\n|-damage|p1a: Goodra|69\/100\n|cant|p2b: Drumline|flinch\n|move|p1a: Goodra|Toxic|p2a: Guppy|[miss]\n|-miss|p1a: Goodra|p2a: Guppy\n|\n|-weather|RainDance|[upkeep]\n|-heal|p1b: Lycanroc|70\/100 brn|[from] Grassy Terrain\n|-heal|p2b: Drumline|91\/100|[from] Grassy Terrain\n|-heal|p1a: Goodra|75\/100|[from] Grassy Terrain\n|-damage|p1b: Lycanroc|63\/100 brn|[from] brn\n|upkeep\n|turn|12\n|\n|t:|1700488935\n|move|p1b: Lycanroc|Iron Head|p2b: Drumline\n|-damage|p2b: Drumline|76\/100\n|move|p2a: Guppy|Dark Pulse|p1b: Lycanroc\n|-damage|p1b: Lycanroc|0 fnt\n|faint|p1b: Lycanroc\n|move|p2b: Drumline|Drain Punch|p1a: Goodra\n|-damage|p1a: Goodra|41\/100\n|-heal|p2b: Drumline|93\/100|[from] drain|[of] p1a: Goodra\n|move|p1a: Goodra|Toxic|p2b: Drumline\n|-status|p2b: Drumline|tox\n|\n|-weather|none\n|-heal|p2b: Drumline|99\/100 tox|[from] Grassy Terrain\n|-heal|p1a: Goodra|47\/100|[from] Grassy Terrain\n|-damage|p2b: Drumline|93\/100 tox|[from] psn\n|upkeep\n|\n|t:|1700488946\n|switch|p1b: Pidgeot|Pidgeot-Mega, F|38\/100\n|turn|13\n|\n|t:|1700488964\n|move|p2b: Drumline|Grassy Glide|p1b: Pidgeot\n|-resisted|p1b: Pidgeot\n|-damage|p1b: Pidgeot|10\/100\n|move|p1b: Pidgeot|Hurricane|p2b: Drumline\n|-supereffective|p2b: Drumline\n|-damage|p2b: Drumline|0 fnt\n|faint|p2b: Drumline\n|move|p2a: Guppy|Heat Wave|p1b: Pidgeot|[spread] p1b\n|-miss|p2a: Guppy|p1a: Goodra\n|-damage|p1b: Pidgeot|0 fnt\n|faint|p1b: Pidgeot\n|move|p1a: Goodra|Rest|p1a: Goodra\n|-status|p1a: Goodra|slp|[from] move: Rest\n|-heal|p1a: Goodra|100\/100 slp|[silent]\n|\n|upkeep\n|turn|14\n|\n|t:|1700488986\n|move|p2a: Guppy|Dark Pulse|p1a: Goodra\n|-damage|p1a: Goodra|76\/100 slp\n|cant|p1a: Goodra|slp\n|\n|-heal|p1a: Goodra|82\/100 slp|[from] Grassy Terrain\n|upkeep\n|turn|15\n|\n|t:|1700488996\n|move|p2a: Guppy|Dark Pulse|p1a: Goodra\n|-damage|p1a: Goodra|59\/100 slp\n|cant|p1a: Goodra|slp\n|\n|-heal|p1a: Goodra|65\/100 slp|[from] Grassy Terrain\n|-fieldend|move: Grassy Terrain\n|upkeep\n|turn|16\n|\n|t:|1700489006\n|-terastallize|p2a: Guppy|Grass\n|move|p2a: Guppy|Dark Pulse|p1a: Goodra\n|-damage|p1a: Goodra|43\/100 slp\n|-curestatus|p1a: Goodra|slp|[msg]\n|cant|p1a: Goodra|flinch\n|\n|upkeep\n|turn|17\n|\n|t:|1700489019\n|move|p2a: Guppy|Dark Pulse|p1a: Goodra\n|-damage|p1a: Goodra|21\/100\n|move|p1a: Goodra|Toxic|p2a: Guppy\n|-status|p2a: Guppy|tox\n|\n|-damage|p2a: Guppy|94\/100 tox|[from] psn\n|upkeep\n|turn|18\n|\n|t:|1700489029\n|move|p2a: Guppy|Dark Pulse|p1a: Goodra\n|-damage|p1a: Goodra|0 fnt\n|faint|p1a: Goodra\n|\n|win|Tombstone Ghost\n|raw|Retsuna's rating: 1158 &rarr; <strong>1132<\/strong><br \/>(-26 for losing)\n|raw|Tombstone Ghost's rating: 1150 &rarr; <strong>1176<\/strong><br \/>(+26 for winning)\n|l|\u2606Tombstone Ghost\n","uploadtime":1700489041,"views":2,"p1id":"retsuna","p2id":"tombstoneghost","formatid":"gen9nationaldexdoubles","rating":1132,"private":0,"password":""}