{"id":"gen9nationaldexdoubles-1973769418","p1":"TheOfficialSlade","p2":"imjustthatawsom","format":"[Gen 9] National Dex Doubles","log":"|j|\u2606TheOfficialSlade\n|j|\u2606imjustthatawsom\n|t:|1698011566\n|gametype|doubles\n|player|p1|TheOfficialSlade|shadowtriad|\n|player|p2|imjustthatawsom|2|\n|teamsize|p1|6\n|teamsize|p2|6\n|gen|9\n|tier|[Gen 9] National Dex Doubles\n|rule|HP Percentage Mod: HP is shown in percentages\n|rule|Endless Battle Clause: Forcing endless battles is banned\n|rule|OHKO Clause: OHKO moves are banned\n|rule|Evasion Moves Clause: Evasion moves are banned\n|rule|Evasion Abilities Clause: Evasion abilities are banned\n|rule|Species Clause: Limit one of each Pok\u00e9mon\n|rule|Gravity Sleep Clause: The combination of sleep-inducing moves with imperfect accuracy and Gravity or Gigantamax Orbeetle are banned\n|clearpoke\n|poke|p1|Espeon, F|\n|poke|p1|Rhyperior, F|\n|poke|p1|Dusclops, F|\n|poke|p1|Ferrothorn, F|\n|poke|p1|Ampharos, F|\n|poke|p1|Gothitelle, F|\n|poke|p2|Grafaiai, F|\n|poke|p2|Iron Valiant|\n|poke|p2|Dragonite, F|\n|poke|p2|Regigigas|\n|poke|p2|Vaporeon, F|\n|poke|p2|Volcarona, M|\n|teampreview\n|\n|t:|1698011595\n|start\n|switch|p1a: Espeon|Espeon, F|100\/100\n|switch|p1b: Ferrothorn|Ferrothorn, F|100\/100\n|switch|p2a: Bob|Grafaiai, F|100\/100\n|switch|p2b: The BOI|Regigigas|100\/100\n|-start|p2b: The BOI|ability: Slow Start\n|turn|1\n|\n|t:|1698011632\n|move|p2a: Bob|Doodle|p1b: Ferrothorn\n|-endability|p2a: Bob|Prankster|[from] move: Doodle\n|-ability|p2a: Bob|Iron Barbs|[from] move: Doodle\n|-end|p2b: The BOI|Slow Start|[silent]\n|-endability|p2b: The BOI|Slow Start|[from] move: Doodle\n|-ability|p2b: The BOI|Iron Barbs|[from] move: Doodle\n|move|p1a: Espeon|Psyshock|p2a: Bob\n|-supereffective|p2a: Bob\n|-enditem|p2a: Bob|Focus Sash\n|-damage|p2a: Bob|1\/100\n|move|p2b: The BOI|Fire Punch|p1a: Espeon\n|-damage|p1a: Espeon|37\/100\n|move|p1b: Ferrothorn|Body Press|p2b: The BOI\n|-supereffective|p2b: The BOI\n|-damage|p2b: The BOI|57\/100\n|-damage|p1b: Ferrothorn|88\/100|[from] ability: Iron Barbs|[of] p2b: The BOI\n|\n|-heal|p2b: The BOI|63\/100|[from] item: Leftovers\n|-heal|p1b: Ferrothorn|94\/100|[from] item: Leftovers\n|upkeep\n|turn|2\n|\n|t:|1698011693\n|move|p1a: Espeon|Psyshock|p2b: The BOI\n|-damage|p2b: The BOI|31\/100\n|move|p2a: Bob|Parting Shot|p1b: Ferrothorn\n|-unboost|p1b: Ferrothorn|atk|1\n|-unboost|p1b: Ferrothorn|spa|1\n|\n|t:|1698011703\n|switch|p2a: OU|Iron Valiant|100\/100|[from] Parting Shot\n|move|p2b: The BOI|Fire Punch|p1a: Espeon\n|-damage|p1a: Espeon|0 fnt\n|faint|p1a: Espeon\n|move|p1b: Ferrothorn|Body Press|p2b: The BOI\n|-supereffective|p2b: The BOI\n|-damage|p2b: The BOI|0 fnt\n|-damage|p1b: Ferrothorn|82\/100|[from] ability: Iron Barbs|[of] p2b: The BOI\n|faint|p2b: The BOI\n|\n|-heal|p1b: Ferrothorn|88\/100|[from] item: Leftovers\n|upkeep\n|\n|t:|1698011721\n|switch|p1a: Gothitelle|Gothitelle, F|100\/100\n|switch|p2b: Bob|Grafaiai, F|1\/100\n|turn|3\n|\n|t:|1698011739\n|move|p2b: Bob|Parting Shot|p1b: Ferrothorn\n|-unboost|p1b: Ferrothorn|atk|1\n|-unboost|p1b: Ferrothorn|spa|1\n|\n|t:|1698011746\n|switch|p2b: Copypasta|Vaporeon, F|100\/100|[from] Parting Shot\n|move|p2a: OU|Spirit Break|p1a: Gothitelle\n|-damage|p1a: Gothitelle|55\/100\n|-unboost|p1a: Gothitelle|spa|1\n|-damage|p2a: OU|91\/100|[from] item: Life Orb\n|move|p1a: Gothitelle|Charm|p2a: OU\n|-unboost|p2a: OU|atk|2\n|move|p1b: Ferrothorn|Leech Seed|p2a: OU\n|-start|p2a: OU|move: Leech Seed\n|\n|-heal|p1a: Gothitelle|61\/100|[from] item: Leftovers\n|-heal|p1b: Ferrothorn|94\/100|[from] item: Leftovers\n|-damage|p2a: OU|78\/100|[from] Leech Seed|[of] p1b: Ferrothorn\n|-heal|p1b: Ferrothorn|100\/100|[silent]\n|upkeep\n|turn|4\n|\n|t:|1698011805\n|switch|p1b: Ampharos|Ampharos, F|100\/100\n|move|p2a: OU|Taunt|p1b: Ampharos\n|-start|p1b: Ampharos|move: Taunt\n|move|p1a: Gothitelle|Cosmic Power|p1a: Gothitelle\n|-boost|p1a: Gothitelle|def|1\n|-boost|p1a: Gothitelle|spd|1\n|move|p2b: Copypasta|Shadow Ball|p1a: Gothitelle\n|-supereffective|p1a: Gothitelle\n|-damage|p1a: Gothitelle|27\/100\n|\n|-heal|p1a: Gothitelle|33\/100|[from] item: Leftovers\n|-damage|p2a: OU|66\/100|[from] Leech Seed|[of] p1b: Ampharos\n|upkeep\n|turn|5\n|\n|t:|1698011828\n|move|p2a: OU|Spirit Break|p1b: Ampharos\n|-damage|p1b: Ampharos|69\/100\n|-unboost|p1b: Ampharos|spa|1\n|-damage|p2a: OU|56\/100|[from] item: Life Orb\n|move|p1a: Gothitelle|Rest|p1a: Gothitelle\n|-status|p1a: Gothitelle|slp|[from] move: Rest\n|-heal|p1a: Gothitelle|100\/100 slp|[silent]\n|move|p1b: Ampharos|Thunderbolt|p2a: OU\n|-damage|p2a: OU|0 fnt\n|faint|p2a: OU\n|-end|p2a: OU|Quark Drive|[silent]\n|move|p2b: Copypasta|Shadow Ball|p1a: Gothitelle\n|-supereffective|p1a: Gothitelle\n|-damage|p1a: Gothitelle|64\/100 slp\n|\n|-heal|p1a: Gothitelle|71\/100 slp|[from] item: Leftovers\n|upkeep\n|\n|t:|1698011874\n|switch|p2a: Bug|Volcarona, M|100\/100\n|turn|6\n|\n|t:|1698011891\n|move|p2a: Bug|Bug Buzz|p1a: Gothitelle\n|-supereffective|p1a: Gothitelle\n|-damage|p1a: Gothitelle|0 fnt\n|faint|p1a: Gothitelle\n|move|p1b: Ampharos|Volt Switch|p2a: Bug\n|-damage|p2a: Bug|76\/100\n|\n|t:|1698011899\n|switch|p1b: Rhyperior|Rhyperior, F|100\/100|[from] Volt Switch\n|move|p2b: Copypasta|Shadow Ball|p1b: Rhyperior\n|-damage|p1b: Rhyperior|76\/100\n|\n|-heal|p1b: Rhyperior|82\/100|[from] item: Leftovers\n|upkeep\n|\n|t:|1698011907\n|switch|p1a: Ferrothorn|Ferrothorn, F|100\/100\n|turn|7\n|\n|t:|1698011919\n|switch|p2a: Bob|Grafaiai, F|1\/100\n|move|p2b: Copypasta|Scald|p1b: Rhyperior\n|-supereffective|p1b: Rhyperior\n|-damage|p1b: Rhyperior|0 fnt\n|faint|p1b: Rhyperior\n|move|p1a: Ferrothorn|Gyro Ball|p2b: Copypasta\n|-resisted|p2b: Copypasta\n|-damage|p2b: Copypasta|81\/100\n|\n|upkeep\n|\n|t:|1698011928\n|switch|p1b: Ampharos|Ampharos, F|69\/100\n|turn|8\n|\n|t:|1698011953\n|move|p2a: Bob|Parting Shot|p1b: Ampharos\n|-unboost|p1b: Ampharos|atk|1\n|-unboost|p1b: Ampharos|spa|1\n|\n|t:|1698011963\n|switch|p2a: Has Assault Vest|Dragonite, F|100\/100|[from] Parting Shot\n|move|p1b: Ampharos|Volt Switch|p2b: Copypasta\n|-supereffective|p2b: Copypasta\n|-damage|p2b: Copypasta|57\/100\n|\n|t:|1698011969\n|switch|p1b: Dusclops|Dusclops, F|100\/100|[from] Volt Switch\n|-item|p2a: Has Assault Vest|Weakness Policy|[from] ability: Frisk|[of] p1b: Dusclops|[identify]\n|-item|p2b: Copypasta|Assault Vest|[from] ability: Frisk|[of] p1b: Dusclops|[identify]\n|move|p2b: Copypasta|Ice Beam|p1b: Dusclops\n|-crit|p1b: Dusclops\n|-damage|p1b: Dusclops|70\/100\n|move|p1a: Ferrothorn|Gyro Ball|p2a: Has Assault Vest\n|-damage|p2a: Has Assault Vest|82\/100\n|\n|upkeep\n|turn|9\n|\n|t:|1698011989\n|move|p2a: Has Assault Vest|Dragon Claw|p1b: Dusclops\n|-damage|p1b: Dusclops|47\/100\n|move|p2b: Copypasta|Shadow Ball|p1b: Dusclops\n|-supereffective|p1b: Dusclops\n|-damage|p1b: Dusclops|12\/100\n|move|p1b: Dusclops|Will-O-Wisp|p2a: Has Assault Vest\n|-status|p2a: Has Assault Vest|brn\n|move|p1a: Ferrothorn|Leech Seed|p2b: Copypasta\n|-start|p2b: Copypasta|move: Leech Seed\n|\n|-damage|p2b: Copypasta|45\/100|[from] Leech Seed|[of] p1a: Ferrothorn\n|-damage|p2a: Has Assault Vest|76\/100 brn|[from] brn\n|upkeep\n|turn|10\n|\n|t:|1698012020\n|switch|p2a: Bob|Grafaiai, F|1\/100\n|move|p2b: Copypasta|Shadow Ball|p1b: Dusclops\n|-supereffective|p1b: Dusclops\n|-damage|p1b: Dusclops|0 fnt\n|faint|p1b: Dusclops\n|move|p1a: Ferrothorn|Iron Defense|p1a: Ferrothorn\n|-boost|p1a: Ferrothorn|def|2\n|\n|-damage|p2b: Copypasta|33\/100|[from] Leech Seed|[of] p1a: Ferrothorn\n|upkeep\n|\n|t:|1698012028\n|switch|p1b: Ampharos|Ampharos, F|69\/100\n|turn|11\n|\n|t:|1698012050\n|detailschange|p1b: Ampharos|Ampharos-Mega, F\n|-mega|p1b: Ampharos|Ampharos|Ampharosite\n|-ability|p1b: Ampharos|Mold Breaker\n|move|p2a: Bob|Toxic|p1b: Ampharos\n|-status|p1b: Ampharos|tox\n|move|p2b: Copypasta|Ice Beam|p1b: Ampharos\n|-supereffective|p1b: Ampharos\n|-damage|p1b: Ampharos|12\/100 tox\n|move|p1b: Ampharos|Thunderbolt|p2a: Bob\n|-damage|p2a: Bob|0 fnt\n|faint|p2a: Bob\n|move|p1a: Ferrothorn|Body Press|p2b: Copypasta\n|-damage|p2b: Copypasta|0 fnt\n|faint|p2b: Copypasta\n|\n|-damage|p1b: Ampharos|5\/100 tox|[from] psn\n|upkeep\n|\n|t:|1698012065\n|switch|p2a: Has Assault Vest|Dragonite, F|76\/100 brn\n|switch|p2b: Bug|Volcarona, M|76\/100\n|turn|12\n|\n|t:|1698012079\n|move|p2a: Has Assault Vest|Extreme Speed|p1b: Ampharos\n|-damage|p1b: Ampharos|0 fnt\n|faint|p1b: Ampharos\n|move|p2b: Bug|Fiery Dance|p1a: Ferrothorn\n|-supereffective|p1a: Ferrothorn\n|-damage|p1a: Ferrothorn|0 fnt\n|faint|p1a: Ferrothorn\n|\n|win|imjustthatawsom\n|c|\u2606TheOfficialSlade|gg\n|c|\u2606imjustthatawsom|gg\n","uploadtime":1698012092,"views":20,"p1id":"theofficialslade","p2id":"imjustthatawsom","formatid":"gen9nationaldexdoubles","rating":0,"private":0,"password":""}