{"id":"gen9nationaldexdoubles-1993713296","p1":"Edelgard1162","p2":"SupaMexicanMan","format":"[Gen 9] National Dex Doubles","log":"|j|\u2606Edelgard1162\n|j|\u2606SupaMexicanMan\n|t:|1700348506\n|gametype|doubles\n|player|p1|Edelgard1162|rika|1317\n|player|p2|SupaMexicanMan|richboy-gen4|1288\n|teamsize|p1|6\n|teamsize|p2|6\n|gen|9\n|tier|[Gen 9] National Dex Doubles\n|rated|\n|rule|HP Percentage Mod: HP is shown in percentages\n|rule|Endless Battle Clause: Forcing endless battles is banned\n|rule|OHKO Clause: OHKO moves are banned\n|rule|Evasion Moves Clause: Evasion moves are banned\n|rule|Evasion Abilities Clause: Evasion abilities are banned\n|rule|Species Clause: Limit one of each Pok\u00e9mon\n|rule|Gravity Sleep Clause: The combination of sleep-inducing moves with imperfect accuracy and Gravity or Gigantamax Orbeetle are banned\n|clearpoke\n|poke|p1|Togedemaru, L1, F|\n|poke|p1|Liepard, F|\n|poke|p1|Rillaboom, F|\n|poke|p1|Tyranitar, F|\n|poke|p1|Diancie|\n|poke|p1|Gastrodon, F|\n|poke|p2|Hatterene, F|\n|poke|p2|Grimmsnarl, M|\n|poke|p2|Ceruledge, M|\n|poke|p2|Gholdengo|\n|poke|p2|Amoonguss, M|\n|poke|p2|Buzzwole|\n|teampreview\n|inactive|Battle timer is ON: inactive players will automatically lose when time's up. (requested by Edelgard1162)\n|\n|t:|1700348514\n|start\n|switch|p1a: Togedemaru|Togedemaru, L1, F|100\/100\n|switch|p1b: Liepard|Liepard, F|100\/100\n|switch|p2a: Hatterene|Hatterene, F|100\/100\n|switch|p2b: Grimmsnarl|Grimmsnarl, M|100\/100\n|turn|1\n|\n|t:|1700348525\n|move|p1b: Liepard|Fake Out|p2b: Grimmsnarl\n|-damage|p2b: Grimmsnarl|88\/100\n|cant|p2b: Grimmsnarl|flinch\n|move|p1a: Togedemaru|Endeavor|p2a: Hatterene\n|-damage|p2a: Hatterene|4\/100\n|move|p2a: Hatterene|Trick Room|p2a: Hatterene\n|-fieldstart|move: Trick Room|[of] p2a: Hatterene\n|\n|upkeep\n|turn|2\n|\n|t:|1700348549\n|move|p1b: Liepard|Sucker Punch|p2a: Hatterene\n|-damage|p2a: Hatterene|0 fnt\n|faint|p2a: Hatterene\n|move|p1a: Togedemaru|Endeavor|p2b: Grimmsnarl\n|-damage|p2b: Grimmsnarl|4\/100\n|move|p2b: Grimmsnarl|Spirit Break|p1b: Liepard\n|-supereffective|p1b: Liepard\n|-enditem|p1b: Liepard|Focus Sash\n|-damage|p1b: Liepard|1\/100\n|-unboost|p1b: Liepard|spa|1\n|\n|upkeep\n|\n|t:|1700348560\n|switch|p2a: Ceruledge|Ceruledge, M|100\/100\n|turn|3\n|\n|t:|1700348577\n|switch|p1a: Tyranitar|Tyranitar, F|100\/100\n|-weather|Sandstorm|[from] ability: Sand Stream|[of] p1a: Tyranitar\n|move|p1b: Liepard|Sucker Punch|p2b: Grimmsnarl\n|-resisted|p2b: Grimmsnarl\n|-damage|p2b: Grimmsnarl|0 fnt\n|faint|p2b: Grimmsnarl\n|move|p2a: Ceruledge|Swords Dance|p2a: Ceruledge\n|-boost|p2a: Ceruledge|atk|2\n|\n|-weather|Sandstorm|[upkeep]\n|-damage|p2a: Ceruledge|94\/100|[from] Sandstorm\n|-damage|p1b: Liepard|0 fnt|[from] Sandstorm\n|faint|p1b: Liepard\n|upkeep\n|\n|t:|1700348591\n|switch|p2b: Buzzwole|Buzzwole|100\/100\n|switch|p1b: Diancie|Diancie|100\/100\n|turn|4\n|\n|t:|1700348619\n|-terastallize|p2a: Ceruledge|Grass\n|move|p1a: Tyranitar|Protect|p1a: Tyranitar\n|-singleturn|p1a: Tyranitar|Protect\n|move|p2a: Ceruledge|Shadow Claw|p1b: Diancie\n|-damage|p1b: Diancie|36\/100\n|-damage|p2a: Ceruledge|85\/100|[from] item: Life Orb\n|move|p2b: Buzzwole|Drain Punch|p1a: Tyranitar\n|-activate|p1a: Tyranitar|move: Protect\n|move|p1b: Diancie|Diamond Storm|p2a: Ceruledge|[spread] p2a,p2b\n|-damage|p2a: Ceruledge|61\/100\n|-damage|p2b: Buzzwole|83\/100\n|\n|-weather|Sandstorm|[upkeep]\n|-damage|p2a: Ceruledge|55\/100|[from] Sandstorm\n|-damage|p2b: Buzzwole|77\/100|[from] Sandstorm\n|upkeep\n|turn|5\n|inactive|SupaMexicanMan has 120 seconds left.\n|inactive|Edelgard1162 has 120 seconds left.\n|\n|t:|1700348660\n|switch|p1a: Rillaboom|Rillaboom, F|100\/100\n|-fieldstart|move: Grassy Terrain|[from] ability: Grassy Surge|[of] p1a: Rillaboom\n|move|p1b: Diancie|Protect|p1b: Diancie\n|-singleturn|p1b: Diancie|Protect\n|move|p2a: Ceruledge|Bitter Blade|p1a: Rillaboom\n|-supereffective|p1a: Rillaboom\n|-damage|p1a: Rillaboom|0 fnt\n|-heal|p2a: Ceruledge|100\/100|[from] drain|[of] p1a: Rillaboom\n|faint|p1a: Rillaboom\n|-damage|p2a: Ceruledge|91\/100|[from] item: Life Orb\n|move|p2b: Buzzwole|Drain Punch|p1b: Diancie\n|-activate|p1b: Diancie|move: Protect\n|\n|-weather|Sandstorm|[upkeep]\n|-damage|p2a: Ceruledge|85\/100|[from] Sandstorm\n|-damage|p2b: Buzzwole|71\/100|[from] Sandstorm\n|-heal|p2a: Ceruledge|91\/100|[from] Grassy Terrain\n|-heal|p2b: Buzzwole|77\/100|[from] Grassy Terrain\n|-heal|p1b: Diancie|42\/100|[from] Grassy Terrain\n|-fieldend|move: Trick Room\n|upkeep\n|inactive|Edelgard1162 has 120 seconds left.\n|\n|t:|1700348680\n|switch|p1a: Togedemaru|Togedemaru, L1, F|100\/100\n|turn|6\n|inactive|Edelgard1162 has 120 seconds left.\n|\n|t:|1700348693\n|detailschange|p1b: Diancie|Diancie-Mega\n|-mega|p1b: Diancie|Diancie|Diancite\n|move|p1b: Diancie|Dazzling Gleam|p2b: Buzzwole|[spread] p2a,p2b\n|-supereffective|p2b: Buzzwole\n|-damage|p2a: Ceruledge|65\/100\n|-damage|p2b: Buzzwole|36\/100\n|move|p2b: Buzzwole|Drain Punch|p1a: Togedemaru\n|-supereffective|p1a: Togedemaru\n|-ability|p1a: Togedemaru|Sturdy\n|-damage|p1a: Togedemaru|9\/100\n|-heal|p2b: Buzzwole|38\/100|[from] drain|[of] p1a: Togedemaru\n|move|p2a: Ceruledge|Bitter Blade|p1a: Togedemaru\n|-supereffective|p1a: Togedemaru\n|-damage|p1a: Togedemaru|0 fnt\n|-heal|p2a: Ceruledge|66\/100|[from] drain|[of] p1a: Togedemaru\n|faint|p1a: Togedemaru\n|-damage|p2a: Ceruledge|56\/100|[from] item: Life Orb\n|\n|-weather|Sandstorm|[upkeep]\n|-damage|p2b: Buzzwole|32\/100|[from] Sandstorm\n|-damage|p2a: Ceruledge|50\/100|[from] Sandstorm\n|-heal|p1b: Diancie|48\/100|[from] Grassy Terrain\n|-heal|p2b: Buzzwole|38\/100|[from] Grassy Terrain\n|-heal|p2a: Ceruledge|56\/100|[from] Grassy Terrain\n|upkeep\n|inactive|Edelgard1162 has 120 seconds left.\n|\n|t:|1700348705\n|switch|p1a: Gastrodon|Gastrodon, F|100\/100\n|turn|7\n|\n|t:|1700348731\n|move|p1b: Diancie|Dazzling Gleam|p2b: Buzzwole|[spread] p2a,p2b\n|-supereffective|p2b: Buzzwole\n|-crit|p2b: Buzzwole\n|-damage|p2a: Ceruledge|25\/100\n|-damage|p2b: Buzzwole|0 fnt\n|faint|p2b: Buzzwole\n|move|p2a: Ceruledge|Bitter Blade|p1b: Diancie\n|-resisted|p1b: Diancie\n|-damage|p1b: Diancie|0 fnt\n|-heal|p2a: Ceruledge|47\/100|[from] drain|[of] p1b: Diancie\n|faint|p1b: Diancie\n|-damage|p2a: Ceruledge|38\/100|[from] item: Life Orb\n|move|p1a: Gastrodon|Ice Beam|p2a: Ceruledge\n|-supereffective|p2a: Ceruledge\n|-damage|p2a: Ceruledge|0 fnt\n|faint|p2a: Ceruledge\n|\n|-weather|none\n|upkeep\n|\n|t:|1700348746\n|switch|p1b: Tyranitar|Tyranitar, F|100\/100\n|switch|p2b: Amoonguss|Amoonguss, M|100\/100\n|switch|p2a: Gholdengo|Gholdengo|100\/100\n|-weather|Sandstorm|[from] ability: Sand Stream|[of] p1b: Tyranitar\n|turn|8\n|\n|t:|1700348768\n|move|p2a: Gholdengo|Make It Rain|p1a: Gastrodon|[spread] p1a,p1b\n|-resisted|p1a: Gastrodon\n|-supereffective|p1b: Tyranitar\n|-damage|p1a: Gastrodon|77\/100\n|-damage|p1b: Tyranitar|42\/100\n|-unboost|p2a: Gholdengo|spa|1\n|move|p1b: Tyranitar|Knock Off|p2a: Gholdengo\n|-supereffective|p2a: Gholdengo\n|-damage|p2a: Gholdengo|0 fnt\n|-enditem|p2a: Gholdengo|Metal Coat|[from] move: Knock Off|[of] p1b: Tyranitar\n|faint|p2a: Gholdengo\n|move|p1a: Gastrodon|Earth Power|p2b: Amoonguss\n|-damage|p2b: Amoonguss|65\/100\n|move|p2b: Amoonguss|Toxic|p1a: Gastrodon\n|-status|p1a: Gastrodon|tox\n|\n|-weather|Sandstorm|[upkeep]\n|-damage|p2b: Amoonguss|59\/100|[from] Sandstorm\n|-heal|p1b: Tyranitar|48\/100|[from] Grassy Terrain\n|-heal|p1b: Tyranitar|54\/100|[from] item: Leftovers\n|-heal|p1a: Gastrodon|83\/100 tox|[from] Grassy Terrain\n|-heal|p2b: Amoonguss|65\/100|[from] Grassy Terrain\n|-heal|p2b: Amoonguss|71\/100|[from] item: Black Sludge\n|-damage|p1a: Gastrodon|77\/100 tox|[from] psn\n|upkeep\n|turn|9\n|\n|t:|1700348797\n|move|p1b: Tyranitar|Knock Off|p2b: Amoonguss\n|-damage|p2b: Amoonguss|27\/100\n|-enditem|p2b: Amoonguss|Black Sludge|[from] move: Knock Off|[of] p1b: Tyranitar\n|move|p1a: Gastrodon|Earth Power|p2b: Amoonguss\n|-damage|p2b: Amoonguss|0 fnt\n|faint|p2b: Amoonguss\n|\n|win|Edelgard1162\n|raw|Edelgard1162's rating: 1317 &rarr; <strong>1335<\/strong><br \/>(+18 for winning)\n|raw|SupaMexicanMan's rating: 1288 &rarr; <strong>1265<\/strong><br \/>(-23 for losing)\n|l|\u2606SupaMexicanMan\n","uploadtime":1700348803,"views":4,"p1id":"edelgard1162","p2id":"supamexicanman","formatid":"gen9nationaldexdoubles","rating":1265,"private":0,"password":""}