{"id":"gen9nationaldexdoubles-1974448723","p1":"Ajhanham","p2":"DanStone","format":"[Gen 9] National Dex Doubles","log":"|j|\u2606Ajhanham\n|j|\u2606DanStone\n|t:|1698087855\n|gametype|doubles\n|player|p1|Ajhanham|janitor|\n|player|p2|DanStone|266|\n|teamsize|p1|4\n|teamsize|p2|4\n|gen|9\n|tier|[Gen 9] National Dex Doubles\n|rule|HP Percentage Mod: HP is shown in percentages\n|rule|Endless Battle Clause: Forcing endless battles is banned\n|rule|OHKO Clause: OHKO moves are banned\n|rule|Evasion Moves Clause: Evasion moves are banned\n|rule|Evasion Abilities Clause: Evasion abilities are banned\n|rule|Species Clause: Limit one of each Pok\u00e9mon\n|rule|Gravity Sleep Clause: The combination of sleep-inducing moves with imperfect accuracy and Gravity or Gigantamax Orbeetle are banned\n|clearpoke\n|poke|p1|Lopunny, M|\n|poke|p1|Cacturne, M|\n|poke|p1|Banette, M|\n|poke|p1|Pidgeot, F|\n|poke|p2|Lanturn, M|\n|poke|p2|Hitmonchan, M|\n|poke|p2|Pidgeot, M|\n|poke|p2|Vespiquen, F|\n|teampreview\n|\n|t:|1698087875\n|start\n|switch|p1a: Lopunny|Lopunny, M|100\/100\n|switch|p1b: Cacturne|Cacturne, M|100\/100\n|switch|p2a: Vespiquen|Vespiquen, F, shiny|100\/100\n|switch|p2b: Pidgeot|Pidgeot, M, shiny|100\/100\n|-ability|p2a: Vespiquen|Unnerve\n|turn|1\n|\n|t:|1698087916\n|-terastallize|p1b: Cacturne|Fire\n|move|p1a: Lopunny|Fake Out|p2b: Pidgeot\n|-damage|p2b: Pidgeot|81\/100\n|cant|p2b: Pidgeot|flinch\n|move|p1b: Cacturne|Substitute|p1b: Cacturne\n|-start|p1b: Cacturne|Substitute\n|-damage|p1b: Cacturne|75\/100\n|move|p2a: Vespiquen|Toxic Spikes|p1a: Lopunny\n|-sidestart|p1: Ajhanham|move: Toxic Spikes\n|\n|upkeep\n|turn|2\n|\n|t:|1698087945\n|switch|p2b: Lanturn|Lanturn, M, shiny|100\/100\n|move|p1a: Lopunny|Rototiller|p1a: Lopunny\n|-immune|p2a: Vespiquen\n|move|p1b: Cacturne|Tera Blast|p2a: Vespiquen|[anim] Tera Blast Fire\n|-supereffective|p2a: Vespiquen\n|-damage|p2a: Vespiquen|27\/100\n|move|p2a: Vespiquen|Spikes|p1a: Lopunny\n|-sidestart|p1: Ajhanham|Spikes\n|\n|-heal|p2a: Vespiquen|33\/100|[from] item: Leftovers\n|upkeep\n|turn|3\n|\n|t:|1698087977\n|move|p1a: Lopunny|Protect|p1a: Lopunny\n|-singleturn|p1a: Lopunny|Protect\n|move|p2b: Lanturn|Scald|p1b: Cacturne\n|-heal|p1b: Cacturne|100\/100|[from] ability: Water Absorb|[of] p2b: Lanturn\n|move|p1b: Cacturne|Tera Blast|p2a: Vespiquen|[anim] Tera Blast Fire\n|-supereffective|p2a: Vespiquen\n|-damage|p2a: Vespiquen|0 fnt\n|faint|p2a: Vespiquen\n|\n|upkeep\n|\n|t:|1698087991\n|switch|p2a: Hitmonchan|Hitmonchan, M, shiny|100\/100\n|turn|4\n|\n|t:|1698088041\n|move|p2a: Hitmonchan|Mach Punch|p1a: Lopunny\n|-supereffective|p1a: Lopunny\n|-damage|p1a: Lopunny|52\/100\n|move|p1a: Lopunny|Return|p2a: Hitmonchan\n|-damage|p2a: Hitmonchan|46\/100\n|move|p2b: Lanturn|Dazzling Gleam|p1a: Lopunny|[spread] p1a,p1b\n|-resisted|p1b: Cacturne\n|-crit|p1b: Cacturne\n|-activate|p1b: Cacturne|move: Substitute|[damage]\n|-damage|p1a: Lopunny|33\/100\n|move|p1b: Cacturne|Tera Blast|p2a: Hitmonchan|[anim] Tera Blast Fire\n|-damage|p2a: Hitmonchan|0 fnt\n|faint|p2a: Hitmonchan\n|\n|upkeep\n|\n|t:|1698088058\n|switch|p2a: Pidgeot|Pidgeot, M, shiny|81\/100\n|turn|5\n|\n|t:|1698088097\n|move|p1a: Lopunny|Protect|p1a: Lopunny\n|-singleturn|p1a: Lopunny|Protect\n|move|p1b: Cacturne|Spiky Shield|p1b: Cacturne\n|-singleturn|p1b: Cacturne|move: Protect\n|move|p2a: Pidgeot|Hurricane|p1b: Cacturne\n|-activate|p1b: Cacturne|move: Protect\n|move|p2b: Lanturn|Scald|p1a: Lopunny\n|-activate|p1a: Lopunny|move: Protect\n|\n|upkeep\n|turn|6\n|\n|t:|1698088129\n|move|p1b: Cacturne|Sucker Punch|p2a: Pidgeot\n|-damage|p2a: Pidgeot|29\/100\n|move|p1a: Lopunny|Return|p2b: Lanturn\n|-damage|p2b: Lanturn|52\/100\n|move|p2a: Pidgeot|Hurricane|p1b: Cacturne\n|-end|p1b: Cacturne|Substitute\n|-damage|p2a: Pidgeot|20\/100|[from] item: Life Orb\n|move|p2b: Lanturn|Dazzling Gleam|p1a: Lopunny|[spread] p1a,p1b\n|-resisted|p1b: Cacturne\n|-damage|p1a: Lopunny|15\/100\n|-damage|p1b: Cacturne|89\/100\n|\n|upkeep\n|turn|7\n|\n|t:|1698088167\n|move|p1b: Cacturne|Spiky Shield|p1b: Cacturne\n|-singleturn|p1b: Cacturne|move: Protect\n|move|p1a: Lopunny|Return|p2a: Pidgeot\n|-damage|p2a: Pidgeot|0 fnt\n|faint|p2a: Pidgeot\n|move|p2b: Lanturn|Dazzling Gleam|p1a: Lopunny|[spread] p1a\n|-activate|p1b: Cacturne|move: Protect\n|-damage|p1a: Lopunny|0 fnt\n|faint|p1a: Lopunny\n|\n|upkeep\n|\n|t:|1698088182\n|switch|p1a: Banette|Banette, M|100\/100\n|-status|p1a: Banette|psn\n|-damage|p1a: Banette|88\/100 psn|[from] Spikes\n|-item|p2b: Lanturn|Assault Vest|[from] ability: Frisk|[of] p1a: Banette|[identify]\n|turn|8\n|\n|t:|1698088240\n|move|p1b: Cacturne|Sucker Punch|p2b: Lanturn\n|-damage|p2b: Lanturn|5\/100\n|move|p2b: Lanturn|Dazzling Gleam|p1a: Banette|[spread] p1a,p1b\n|-resisted|p1b: Cacturne\n|-damage|p1a: Banette|66\/100 psn\n|-damage|p1b: Cacturne|78\/100\n|move|p1a: Banette|Poltergeist|p2b: Lanturn\n|-activate|p2b: Lanturn|move: Poltergeist|Assault Vest\n|-damage|p2b: Lanturn|0 fnt\n|faint|p2b: Lanturn\n|\n|win|Ajhanham\n|c|\u2606Ajhanham|Gg\n","uploadtime":1698088266,"views":15,"p1id":"ajhanham","p2id":"danstone","formatid":"gen9nationaldexdoubles","rating":0,"private":0,"password":""}