{"id":"gen9nationaldexdoubles-1958633630","p1":"thedrinquestion","p2":"zeref203","format":"[Gen 9] National Dex Doubles","log":"|j|\u2606thedrinquestion\n|j|\u2606zeref203\n|t:|1696346615\n|gametype|doubles\n|player|p1|thedrinquestion|scientist-gen4|1007\n|player|p2|zeref203|170|1102\n|teamsize|p1|6\n|teamsize|p2|6\n|gen|9\n|tier|[Gen 9] National Dex Doubles\n|rated|\n|rule|HP Percentage Mod: HP is shown in percentages\n|rule|Endless Battle Clause: Forcing endless battles is banned\n|rule|OHKO Clause: OHKO moves are banned\n|rule|Evasion Moves Clause: Evasion moves are banned\n|rule|Evasion Abilities Clause: Evasion abilities are banned\n|rule|Species Clause: Limit one of each Pok\u00e9mon\n|rule|Gravity Sleep Clause: The combination of sleep-inducing moves with imperfect accuracy and Gravity or Gigantamax Orbeetle are banned\n|clearpoke\n|poke|p1|Ferrothorn, F|\n|poke|p1|Clawitzer, M|\n|poke|p1|Whimsicott, F|\n|poke|p1|Porygon2|\n|poke|p1|Gliscor, M|\n|poke|p1|Munkidori, M|\n|poke|p2|Great Tusk|\n|poke|p2|Ninetales, F|\n|poke|p2|Sableye, F|\n|poke|p2|Gardevoir, F|\n|poke|p2|Feraligatr, F|\n|poke|p2|Salamence, F|\n|teampreview\n|inactive|Battle timer is ON: inactive players will automatically lose when time's up. (requested by zeref203)\n|\n|t:|1696346619\n|start\n|switch|p1a: Hazard|Clawitzer, M, shiny|100\/100\n|switch|p1b: Gargan|Gliscor, M, shiny|100\/100\n|switch|p2a: Feraligatr|Feraligatr, F|100\/100\n|switch|p2b: Sableye|Sableye, F|100\/100\n|turn|1\n|\n|t:|1696346632\n|move|p2b: Sableye|Will-O-Wisp|p1a: Hazard\n|-status|p1a: Hazard|brn\n|move|p1b: Gargan|Tailwind|p1b: Gargan\n|-sidestart|p1: thedrinquestion|move: Tailwind\n|move|p1a: Hazard|Substitute|p1a: Hazard\n|-start|p1a: Hazard|Substitute\n|-damage|p1a: Hazard|75\/100 brn\n|move|p2a: Feraligatr|Ice Punch|p1b: Gargan\n|-supereffective|p1b: Gargan\n|-damage|p1b: Gargan|0 fnt\n|faint|p1b: Gargan\n|\n|-heal|p1a: Hazard|82\/100 brn|[from] item: Leftovers\n|-damage|p1a: Hazard|75\/100 brn|[from] brn\n|upkeep\n|\n|t:|1696346653\n|switch|p1b: Coconut|Porygon2, shiny|100\/100\n|-ability|p1b: Coconut|Prankster|[from] ability: Trace|[of] p2b: Sableye\n|turn|2\n|\n|t:|1696346671\n|move|p2b: Sableye|Will-O-Wisp|p1b: Coconut|[miss]\n|-miss|p2b: Sableye|p1b: Coconut\n|move|p1a: Hazard|Dark Pulse|p2b: Sableye\n|-damage|p2b: Sableye|53\/100\n|move|p1b: Coconut|Foul Play|p2a: Feraligatr\n|-damage|p2a: Feraligatr|68\/100\n|move|p2a: Feraligatr|Rock Slide|p1a: Hazard|[spread] p1a,p1b\n|-end|p1a: Hazard|Substitute\n|-damage|p1b: Coconut|87\/100\n|\n|-heal|p1a: Hazard|82\/100 brn|[from] item: Leftovers\n|-heal|p2b: Sableye|59\/100|[from] item: Leftovers\n|-damage|p1a: Hazard|75\/100 brn|[from] brn\n|upkeep\n|turn|3\n|\n|t:|1696346699\n|move|p1b: Coconut|Toxic|p2a: Feraligatr\n|-status|p2a: Feraligatr|tox\n|move|p2b: Sableye|Will-O-Wisp|p1b: Coconut\n|-status|p1b: Coconut|brn\n|move|p1a: Hazard|Substitute|p1a: Hazard\n|-start|p1a: Hazard|Substitute\n|-damage|p1a: Hazard|50\/100 brn\n|move|p2a: Feraligatr|Rock Slide|p1a: Hazard|[spread] p1a,p1b\n|-end|p1a: Hazard|Substitute\n|-damage|p1b: Coconut|73\/100 brn\n|\n|-heal|p1a: Hazard|57\/100 brn|[from] item: Leftovers\n|-heal|p2b: Sableye|65\/100|[from] item: Leftovers\n|-damage|p2a: Feraligatr|62\/100 tox|[from] psn\n|-damage|p1a: Hazard|50\/100 brn|[from] brn\n|-damage|p1b: Coconut|67\/100 brn|[from] brn\n|upkeep\n|turn|4\n|\n|t:|1696346728\n|move|p1b: Coconut|Recover|p1b: Coconut\n|-heal|p1b: Coconut|100\/100 brn\n|move|p2b: Sableye|Encore|p1a: Hazard\n|-start|p1a: Hazard|Encore\n|move|p1a: Hazard|Substitute|p1a: Hazard\n|-start|p1a: Hazard|Substitute\n|-damage|p1a: Hazard|25\/100 brn\n|move|p2a: Feraligatr|Rock Slide|p1b: Coconut|[spread] p1a,p1b\n|-end|p1a: Hazard|Substitute\n|-damage|p1b: Coconut|88\/100 brn\n|\n|-heal|p1a: Hazard|32\/100 brn|[from] item: Leftovers\n|-heal|p2b: Sableye|70\/100|[from] item: Leftovers\n|-damage|p2a: Feraligatr|50\/100 tox|[from] psn\n|-damage|p1a: Hazard|25\/100 brn|[from] brn\n|-damage|p1b: Coconut|82\/100 brn|[from] brn\n|-sideend|p1: thedrinquestion|move: Tailwind\n|upkeep\n|turn|5\n|\n|t:|1696346756\n|switch|p1a: Mob|Munkidori, M|100\/100\n|move|p2b: Sableye|Encore|p1b: Coconut\n|-start|p1b: Coconut|Encore\n|move|p2a: Feraligatr|Rock Slide|p1a: Mob|[spread] p1a,p1b\n|-damage|p1a: Mob|56\/100\n|-damage|p1b: Coconut|69\/100 brn\n|move|p1b: Coconut|Recover|p1b: Coconut\n|-heal|p1b: Coconut|100\/100 brn\n|\n|-heal|p2b: Sableye|76\/100|[from] item: Leftovers\n|-damage|p2a: Feraligatr|32\/100 tox|[from] psn\n|-damage|p1b: Coconut|94\/100 brn|[from] brn\n|upkeep\n|turn|6\n|\n|t:|1696346783\n|switch|p1b: Hazard|Clawitzer, M, shiny|25\/100 brn\n|move|p2b: Sableye|Will-O-Wisp|p1a: Mob\n|-status|p1a: Mob|brn\n|move|p1a: Mob|Sludge Wave|p2b: Sableye|[spread] p1b,p2a,p2b\n|-resisted|p2b: Sableye\n|-damage|p1b: Hazard|0 fnt\n|-damage|p2a: Feraligatr|0 fnt\n|-damage|p2b: Sableye|57\/100\n|faint|p1b: Hazard\n|faint|p2a: Feraligatr\n|\n|-heal|p2b: Sableye|63\/100|[from] item: Leftovers\n|-damage|p1a: Mob|50\/100 brn|[from] brn\n|upkeep\n|\n|t:|1696346800\n|switch|p1b: Coconut|Porygon2, shiny|94\/100 brn\n|switch|p2a: Salamence|Salamence, F|100\/100\n|-ability|p1b: Coconut|Moxie|[from] ability: Trace|[of] p2a: Salamence\n|turn|7\n|\n|t:|1696346812\n|switch|p2b: Gardevoir|Gardevoir, F|100\/100\n|move|p1a: Mob|Shadow Ball|p2b: Gardevoir\n|-supereffective|p2b: Gardevoir\n|-damage|p2b: Gardevoir|41\/100\n|move|p2a: Salamence|Earthquake|p1b: Coconut|[spread] p1a,p1b\n|-activate|p2b: Gardevoir|ability: Telepathy\n|-supereffective|p1a: Mob\n|-damage|p1a: Mob|0 fnt\n|-damage|p1b: Coconut|81\/100 brn\n|faint|p1a: Mob\n|-ability|p2a: Salamence|Moxie|boost\n|-boost|p2a: Salamence|atk|1\n|move|p1b: Coconut|Ice Beam|p2a: Salamence\n|-supereffective|p2a: Salamence\n|-crit|p2a: Salamence\n|-damage|p2a: Salamence|0 fnt\n|faint|p2a: Salamence\n|-ability|p1b: Coconut|Moxie|boost\n|-boost|p1b: Coconut|atk|1\n|\n|-damage|p1b: Coconut|75\/100 brn|[from] brn\n|upkeep\n|inactive|thedrinquestion has 120 seconds left.\n|\n|t:|1696346842\n|switch|p1a: Whisk|Whimsicott, F, shiny|100\/100\n|switch|p2a: Ninetales|Ninetales, F|100\/100\n|-weather|SunnyDay|[from] ability: Drought|[of] p2a: Ninetales\n|turn|8\n|\n|t:|1696346861\n|detailschange|p2b: Gardevoir|Gardevoir-Mega, F\n|-mega|p2b: Gardevoir|Gardevoir|Gardevoirite\n|-terastallize|p2a: Ninetales|Grass\n|move|p2b: Gardevoir|Protect|p2b: Gardevoir\n|-singleturn|p2b: Gardevoir|Protect\n|move|p1a: Whisk|U-turn|p2b: Gardevoir\n|-activate|p2b: Gardevoir|move: Protect\n|move|p2a: Ninetales|Heat Wave|p1b: Coconut|[spread] p1a,p1b\n|-supereffective|p1a: Whisk\n|-damage|p1a: Whisk|0 fnt\n|-damage|p1b: Coconut|49\/100 brn\n|faint|p1a: Whisk\n|move|p1b: Coconut|Toxic|p2a: Ninetales\n|-status|p2a: Ninetales|tox\n|\n|-weather|SunnyDay|[upkeep]\n|-damage|p2a: Ninetales|95\/100 tox|[from] psn\n|-damage|p1b: Coconut|43\/100 brn|[from] brn\n|upkeep\n|\n|t:|1696346880\n|switch|p1a: Shyera|Ferrothorn, F, shiny|100\/100\n|turn|9\n|\n|t:|1696346889\n|move|p1a: Shyera|Protect|p1a: Shyera\n|-singleturn|p1a: Shyera|Protect\n|move|p2b: Gardevoir|Expanding Force|p1b: Coconut\n|-damage|p1b: Coconut|14\/100 brn\n|move|p2a: Ninetales|Heat Wave|p1a: Shyera|[spread] \n|-activate|p1a: Shyera|move: Protect\n|-miss|p2a: Ninetales|p1b: Coconut\n|move|p1b: Coconut|Ice Beam|p2a: Ninetales\n|-supereffective|p2a: Ninetales\n|-damage|p2a: Ninetales|41\/100 tox\n|\n|-weather|SunnyDay|[upkeep]\n|-damage|p2a: Ninetales|29\/100 tox|[from] psn\n|-damage|p1b: Coconut|7\/100 brn|[from] brn\n|upkeep\n|turn|10\n|\n|t:|1696346908\n|move|p2b: Gardevoir|Hyper Voice|p1a: Shyera|[spread] p1a,p1b\n|-resisted|p1a: Shyera\n|-damage|p1a: Shyera|79\/100\n|-damage|p1b: Coconut|0 fnt\n|faint|p1b: Coconut\n|move|p2a: Ninetales|Heat Wave|p1a: Shyera\n|-supereffective|p1a: Shyera\n|-damage|p1a: Shyera|0 fnt\n|faint|p1a: Shyera\n|\n|win|zeref203\n|raw|thedrinquestion's rating: 1007 &rarr; <strong>1000<\/strong><br \/>(-7 for losing)\n|raw|zeref203's rating: 1102 &rarr; <strong>1120<\/strong><br \/>(+18 for winning)\n|c|\u2606thedrinquestion|Gg\n","uploadtime":1696346924,"views":10,"p1id":"thedrinquestion","p2id":"zeref203","formatid":"gen9nationaldexdoubles","rating":1000,"private":0,"password":""}