{"id":"gen9nationaldexdoubles-1965675670","p1":"YokoSpaghetti","p2":"SnepsWiseSam","format":"[Gen 9] National Dex Doubles","log":"|j|\u2606YokoSpaghetti\n|j|\u2606SnepsWiseSam\n|t:|1697106725\n|gametype|doubles\n|player|p1|YokoSpaghetti|2|1125\n|player|p2|SnepsWiseSam|benga|1060\n|teamsize|p1|6\n|teamsize|p2|6\n|gen|9\n|tier|[Gen 9] National Dex Doubles\n|rated|\n|rule|HP Percentage Mod: HP is shown in percentages\n|rule|Endless Battle Clause: Forcing endless battles is banned\n|rule|OHKO Clause: OHKO moves are banned\n|rule|Evasion Moves Clause: Evasion moves are banned\n|rule|Evasion Abilities Clause: Evasion abilities are banned\n|rule|Species Clause: Limit one of each Pok\u00e9mon\n|rule|Gravity Sleep Clause: The combination of sleep-inducing moves with imperfect accuracy and Gravity or Gigantamax Orbeetle are banned\n|clearpoke\n|poke|p1|Serperior, F|\n|poke|p1|Zapdos|\n|poke|p1|Gliscor, F|\n|poke|p1|Lopunny, M|\n|poke|p1|Heatran, M|\n|poke|p1|Amoonguss, F|\n|poke|p2|Volcarona, M|\n|poke|p2|Oricorio-Pom-Pom, M|\n|poke|p2|Florges-Orange, F|\n|poke|p2|Lilligant-Hisui, F|\n|poke|p2|Quaquaval, M|\n|poke|p2|Dragapult, M|\n|teampreview\n|\n|t:|1697106732\n|start\n|switch|p1a: Serperior|Serperior, F, shiny|100\/100\n|switch|p1b: Gliscor|Gliscor, F, shiny|100\/100\n|switch|p2a: Oricorio|Oricorio-Pom-Pom, M|100\/100\n|switch|p2b: Volcarona|Volcarona, M|100\/100\n|turn|1\n|inactive|Battle timer is ON: inactive players will automatically lose when time's up. (requested by YokoSpaghetti)\n|\n|t:|1697106748\n|move|p1a: Serperior|Leaf Storm|p2b: Volcarona\n|-resisted|p2b: Volcarona\n|-damage|p2b: Volcarona|88\/100\n|-boost|p1a: Serperior|spa|2\n|move|p2b: Volcarona|Fiery Dance|p1a: Serperior\n|-supereffective|p1a: Serperior\n|-damage|p1a: Serperior|0 fnt\n|-boost|p2b: Volcarona|spa|1\n|faint|p1a: Serperior\n|-activate|p2a: Oricorio|ability: Dancer\n|move|p2a: Oricorio|Fiery Dance|p1b: Gliscor|[from]ability: Dancer\n|-damage|p1b: Gliscor|70\/100\n|move|p2a: Oricorio|Quiver Dance|p2a: Oricorio\n|-boost|p2a: Oricorio|spa|1\n|-boost|p2a: Oricorio|spd|1\n|-boost|p2a: Oricorio|spe|1\n|move|p1b: Gliscor|Defog|p1: Serperior|[notarget]\n|-fail|p1b: Gliscor\n|\n|-status|p1b: Gliscor|tox|[from] item: Toxic Orb\n|upkeep\n|\n|t:|1697106760\n|switch|p1a: Heatran|Heatran, M, shiny|100\/100\n|turn|2\n|\n|t:|1697106785\n|move|p2a: Oricorio|Air Slash|p1a: Heatran\n|-resisted|p1a: Heatran\n|-damage|p1a: Heatran|80\/100\n|move|p2b: Volcarona|Fiery Dance|p1b: Gliscor\n|-damage|p1b: Gliscor|0 fnt\n|-boost|p2b: Volcarona|spa|1\n|faint|p1b: Gliscor\n|-activate|p2a: Oricorio|ability: Dancer\n|move|p2a: Oricorio|Fiery Dance|p1a: Heatran|[from]ability: Dancer\n|-damage|p1a: Heatran|53\/100\n|-boost|p2a: Oricorio|spa|1\n|move|p1a: Heatran|Stealth Rock|p2b: Volcarona\n|-sidestart|p2: SnepsWiseSam|move: Stealth Rock\n|\n|upkeep\n|\n|t:|1697106804\n|switch|p1b: Zapdos|Zapdos, shiny|100\/100\n|turn|3\n|\n|t:|1697106819\n|-terastallize|p1b: Zapdos|Fire\n|move|p2a: Oricorio|Revelation Dance|p1b: Zapdos\n|-damage|p1b: Zapdos|0 fnt\n|faint|p1b: Zapdos\n|move|p2b: Volcarona|Quiver Dance|p2b: Volcarona\n|-boost|p2b: Volcarona|spa|1\n|-boost|p2b: Volcarona|spd|1\n|-boost|p2b: Volcarona|spe|1\n|-activate|p2a: Oricorio|ability: Dancer\n|move|p2a: Oricorio|Quiver Dance|p2a: Oricorio|[from]ability: Dancer\n|-boost|p2a: Oricorio|spa|1\n|-boost|p2a: Oricorio|spd|1\n|-boost|p2a: Oricorio|spe|1\n|move|p1a: Heatran|Bulldoze|p2b: Volcarona|[spread] p2b\n|-immune|p2a: Oricorio\n|-damage|p2b: Volcarona|72\/100\n|-unboost|p2b: Volcarona|spe|1\n|\n|upkeep\n|\n|t:|1697106839\n|switch|p1b: Lopunny|Lopunny, M, shiny|100\/100\n|turn|4\n|\n|t:|1697106852\n|detailschange|p1b: Lopunny|Lopunny-Mega, M, shiny\n|-mega|p1b: Lopunny|Lopunny|Lopunnite\n|move|p1a: Heatran|Protect|p1a: Heatran\n|-singleturn|p1a: Heatran|Protect\n|move|p1b: Lopunny|Fake Out|p2a: Oricorio\n|-damage|p2a: Oricorio|65\/100\n|cant|p2a: Oricorio|flinch\n|move|p2b: Volcarona|Fiery Dance|p1a: Heatran\n|-activate|p1a: Heatran|move: Protect\n|\n|upkeep\n|turn|5\n|inactive|YokoSpaghetti has 120 seconds left.\n|\n|t:|1697106882\n|move|p2a: Oricorio|Revelation Dance|p1a: Heatran\n|-damage|p1a: Heatran|0 fnt\n|faint|p1a: Heatran\n|move|p1b: Lopunny|Fire Punch|p2a: Oricorio\n|-damage|p2a: Oricorio|21\/100\n|move|p2b: Volcarona|Fiery Dance|p1b: Lopunny\n|-damage|p1b: Lopunny|0 fnt\n|-boost|p2b: Volcarona|spa|1\n|faint|p1b: Lopunny\n|-activate|p2a: Oricorio|ability: Dancer\n|move|p2a: Oricorio|Fiery Dance|p1: Heatran|[from]ability: Dancer|[notarget]\n|-fail|p2a: Oricorio\n|\n|upkeep\n|inactive|YokoSpaghetti has 120 seconds left.\n|\n|t:|1697106893\n|switch|p1b: Amoonguss|Amoonguss, F, shiny|100\/100\n|turn|6\n|-message|YokoSpaghetti forfeited.\n|\n|win|SnepsWiseSam\n|raw|YokoSpaghetti's rating: 1125 &rarr; <strong>1095<\/strong><br \/>(-30 for losing)\n|raw|SnepsWiseSam's rating: 1060 &rarr; <strong>1097<\/strong><br \/>(+37 for winning)\n|l|\u2606YokoSpaghetti\n","uploadtime":1697106914,"views":11,"p1id":"yokospaghetti","p2id":"snepswisesam","formatid":"gen9nationaldexdoubles","rating":1095,"private":0,"password":""}