{"id":"gen9nationaldexdoubles-1949943905","p1":"Hit 2773","p2":"Immagamer","format":"[Gen 9] National Dex Doubles","log":"|j|\u2606Hit 2773\n|j|\u203dImmagamer\n|t:|1695411299\n|gametype|doubles\n|player|p1|Hit 2773|266|1033\n|player|p2|Immagamer|lucas|1215\n|teamsize|p1|3\n|teamsize|p2|6\n|gen|9\n|tier|[Gen 9] National Dex Doubles\n|rated|\n|rule|HP Percentage Mod: HP is shown in percentages\n|rule|Endless Battle Clause: Forcing endless battles is banned\n|rule|OHKO Clause: OHKO moves are banned\n|rule|Evasion Moves Clause: Evasion moves are banned\n|rule|Evasion Abilities Clause: Evasion abilities are banned\n|rule|Species Clause: Limit one of each Pok\u00e9mon\n|rule|Gravity Sleep Clause: The combination of sleep-inducing moves with imperfect accuracy and Gravity or Gigantamax Orbeetle are banned\n|clearpoke\n|poke|p1|Breloom, F|\n|poke|p1|Sableye, M|\n|poke|p1|Gliscor, F|\n|poke|p2|Zygarde|\n|poke|p2|Swoobat, M|\n|poke|p2|Maushold-Four|\n|poke|p2|Indeedee-F, F|\n|poke|p2|Flamigo, F|\n|poke|p2|Quaquaval, F|\n|teampreview\n|inactive|Battle timer is ON: inactive players will automatically lose when time's up. (requested by Immagamer)\n|\n|t:|1695411304\n|start\n|switch|p1a: Breloom|Breloom, F, shiny|100\/100\n|switch|p1b: Sableye|Sableye, M|100\/100\n|switch|p2a: Zygarde|Zygarde|100\/100\n|switch|p2b: Swoobat|Swoobat, M|100\/100\n|-ability|p2a: Zygarde|Aura Break\n|turn|1\n|inactive|Hit 2773 has 120 seconds left.\n|inactive|Immagamer has 120 seconds left.\n|inactive|Immagamer has 90 seconds left.\n|c|\u2606Hit 2773|?\n|\n|t:|1695411394\n|move|p1b: Sableye|Fake Out|p2b: Swoobat\n|-damage|p2b: Swoobat|87\/100\n|cant|p2b: Swoobat|flinch\n|move|p2a: Zygarde|Dragon Dance|p2a: Zygarde\n|-boost|p2a: Zygarde|atk|1\n|-boost|p2a: Zygarde|spe|1\n|move|p1a: Breloom|Bulk Up|p1a: Breloom\n|-boost|p1a: Breloom|atk|1\n|-boost|p1a: Breloom|def|1\n|\n|upkeep\n|turn|2\n|inactive|Hit 2773 has 120 seconds left.\n|\n|t:|1695411411\n|-terastallize|p1a: Breloom|Water\n|move|p2a: Zygarde|Protect|p2a: Zygarde\n|-singleturn|p2a: Zygarde|Protect\n|move|p1b: Sableye|Light Screen|p1b: Sableye\n|-sidestart|p1: Hit 2773|move: Light Screen\n|move|p2b: Swoobat|U-turn|p1a: Breloom\n|-damage|p1a: Breloom|91\/100\n|\n|t:|1695411424\n|switch|p2b: Indeedee|Indeedee-F, F|100\/100|[from] U-turn\n|-fieldstart|move: Psychic Terrain|[from] ability: Psychic Surge|[of] p2b: Indeedee\n|move|p1a: Breloom|Substitute|p1a: Breloom\n|-start|p1a: Breloom|Substitute\n|-damage|p1a: Breloom|66\/100\n|\n|-heal|p1a: Breloom|72\/100|[from] item: Leftovers\n|upkeep\n|turn|3\n|inactive|Immagamer has 90 seconds left.\n|\n|t:|1695411435\n|move|p2b: Indeedee|Follow Me|p2b: Indeedee\n|-singleturn|p2b: Indeedee|move: Follow Me\n|move|p1b: Sableye|Reflect|p1b: Sableye\n|-sidestart|p1: Hit 2773|Reflect\n|move|p2a: Zygarde|Dragon Dance|p2a: Zygarde\n|-boost|p2a: Zygarde|atk|1\n|-boost|p2a: Zygarde|spe|1\n|move|p1a: Breloom|Bulk Up|p1a: Breloom\n|-boost|p1a: Breloom|atk|1\n|-boost|p1a: Breloom|def|1\n|\n|-heal|p1a: Breloom|79\/100|[from] item: Leftovers\n|upkeep\n|turn|4\n|\n|t:|1695411450\n|move|p1b: Sableye|Ally Switch|p1b: Sableye\n|swap|p1b: Sableye|0|[from] move: Ally Switch\n|move|p2b: Indeedee|Follow Me|p2b: Indeedee\n|-singleturn|p2b: Indeedee|move: Follow Me\n|move|p2a: Zygarde|Dragon Dance|p2a: Zygarde\n|-boost|p2a: Zygarde|atk|1\n|-boost|p2a: Zygarde|spe|1\n|move|p1b: Breloom|Bulk Up|p1b: Breloom\n|-boost|p1b: Breloom|atk|1\n|-boost|p1b: Breloom|def|1\n|\n|-heal|p1b: Breloom|85\/100|[from] item: Leftovers\n|upkeep\n|turn|5\n|inactive|Immagamer has 120 seconds left.\n|\n|t:|1695411463\n|switch|p1a: Gliscor|Gliscor, F|100\/100\n|move|p2b: Indeedee|Follow Me|p2b: Indeedee\n|-singleturn|p2b: Indeedee|move: Follow Me\n|move|p2a: Zygarde|Dragon Dance|p2a: Zygarde\n|-boost|p2a: Zygarde|atk|1\n|-boost|p2a: Zygarde|spe|1\n|move|p1b: Breloom|Drain Punch|p2b: Indeedee\n|-enditem|p2b: Indeedee|Focus Sash\n|-damage|p2b: Indeedee|1\/100\n|-heal|p1b: Breloom|100\/100|[from] drain|[of] p2b: Indeedee\n|\n|upkeep\n|turn|6\n|\n|t:|1695411481\n|move|p2a: Zygarde|Protect|p2a: Zygarde\n|-singleturn|p2a: Zygarde|Protect\n|move|p1a: Gliscor|Toxic||[still]\n|-fail|p1a: Gliscor\n|move|p2b: Indeedee|Psychic|p1b: Breloom\n|-end|p1b: Breloom|Substitute\n|move|p1b: Breloom|Drain Punch|p2a: Zygarde\n|-activate|p2a: Zygarde|move: Protect\n|\n|-fieldend|move: Psychic Terrain\n|upkeep\n|turn|7\n|inactive|Immagamer has 120 seconds left.\n|\n|t:|1695411526\n|switch|p2b: Flamigo|Flamigo, F|100\/100\n|-copyboost|p2b: Flamigo|p2a: Zygarde|[from] ability: Costar\n|-terastallize|p2a: Zygarde|Normal\n|move|p2a: Zygarde|Return|p1a: Gliscor\n|-damage|p1a: Gliscor|0 fnt\n|faint|p1a: Gliscor\n|move|p1b: Breloom|Toxic|p1: Gliscor|[notarget]\n|-fail|p1b: Breloom\n|\n|upkeep\n|\n|t:|1695411534\n|switch|p1a: Sableye|Sableye, M|100\/100\n|turn|8\n|\n|t:|1695411550\n|move|p2a: Zygarde|Protect|p2a: Zygarde\n|-singleturn|p2a: Zygarde|Protect\n|move|p1a: Sableye|Fake Out|p2b: Flamigo\n|-damage|p2b: Flamigo|89\/100\n|cant|p2b: Flamigo|flinch\n|move|p1b: Breloom|Drain Punch|p2a: Zygarde\n|-activate|p2a: Zygarde|move: Protect\n|\n|upkeep\n|turn|9\n|\n|t:|1695411565\n|move|p1a: Sableye|Ally Switch|p1a: Sableye\n|swap|p1a: Sableye|1|[from] move: Ally Switch\n|move|p2b: Flamigo|Brave Bird|p1b: Sableye\n|-damage|p1b: Sableye|0 fnt\n|faint|p1b: Sableye\n|-damage|p2b: Flamigo|57\/100|[from] Recoil\n|move|p2a: Zygarde|Thousand Arrows|p1a: Breloom\n|-damage|p1a: Breloom|58\/100\n|move|p1a: Breloom|Drain Punch|p2a: Zygarde\n|-supereffective|p2a: Zygarde\n|-damage|p2a: Zygarde|0 fnt\n|-heal|p1a: Breloom|100\/100|[from] drain|[of] p2a: Zygarde\n|faint|p2a: Zygarde\n|\n|-sideend|p1: Hit 2773|move: Light Screen\n|upkeep\n|\n|t:|1695411584\n|switch|p2a: Indeedee|Indeedee-F, F|1\/100\n|-fieldstart|move: Psychic Terrain|[from] ability: Psychic Surge|[of] p2a: Indeedee\n|turn|10\n|\n|t:|1695411594\n|move|p2a: Indeedee|Follow Me|p2a: Indeedee\n|-singleturn|p2a: Indeedee|move: Follow Me\n|move|p2b: Flamigo|Close Combat|p1a: Breloom\n|-damage|p1a: Breloom|43\/100\n|-unboost|p2b: Flamigo|def|1\n|-unboost|p2b: Flamigo|spd|1\n|move|p1a: Breloom|Drain Punch|p2a: Indeedee\n|-damage|p2a: Indeedee|0 fnt\n|-heal|p1a: Breloom|43\/100|[from] drain|[of] p2a: Indeedee\n|faint|p2a: Indeedee\n|\n|-heal|p1a: Breloom|50\/100|[from] item: Leftovers\n|-sideend|p1: Hit 2773|Reflect\n|upkeep\n|c|\u2606Hit 2773|Gg\n|\n|t:|1695411607\n|switch|p2a: Maushold|Maushold-Four|100\/100\n|turn|11\n|\n|t:|1695411612\n|move|p2a: Maushold|Follow Me|p2a: Maushold\n|-singleturn|p2a: Maushold|move: Follow Me\n|move|p2b: Flamigo|Brave Bird|p1a: Breloom\n|-damage|p1a: Breloom|0 fnt\n|faint|p1a: Breloom\n|-damage|p2b: Flamigo|40\/100|[from] Recoil\n|\n|win|Immagamer\n|raw|Hit 2773's rating: 1033 &rarr; <strong>1026<\/strong><br \/>(-7 for losing)\n|raw|Immagamer's rating: 1244 &rarr; <strong>1255<\/strong><br \/>(+11 for winning)\n","uploadtime":1695411619,"views":5,"p1id":"hit2773","p2id":"immagamer","formatid":"gen9nationaldexdoubles","rating":1026,"private":0,"password":""}