{"id":"gen9nationaldexdoubles-1954874325","p1":"S1r.sweepsaLot","p2":"Lv. 21XX","format":"[Gen 9] National Dex Doubles","log":"|j|\u2606S1r.sweepsaLot\n|j|\u2606Lv. 21XX\n|t:|1695933081\n|gametype|doubles\n|player|p1|S1r.sweepsaLot|marshal|1616\n|player|p2|Lv. 21XX|102|1488\n|teamsize|p1|6\n|teamsize|p2|6\n|gen|9\n|tier|[Gen 9] National Dex Doubles\n|rated|\n|rule|HP Percentage Mod: HP is shown in percentages\n|rule|Endless Battle Clause: Forcing endless battles is banned\n|rule|OHKO Clause: OHKO moves are banned\n|rule|Evasion Moves Clause: Evasion moves are banned\n|rule|Evasion Abilities Clause: Evasion abilities are banned\n|rule|Species Clause: Limit one of each Pok\u00e9mon\n|rule|Gravity Sleep Clause: The combination of sleep-inducing moves with imperfect accuracy and Gravity or Gigantamax Orbeetle are banned\n|clearpoke\n|poke|p1|Tyranitar, M|\n|poke|p1|Excadrill, F|\n|poke|p1|Togekiss, F|\n|poke|p1|Kommo-o, M|\n|poke|p1|Gholdengo|\n|poke|p1|Incineroar, M|\n|poke|p2|Zygarde|\n|poke|p2|Blastoise, F|\n|poke|p2|Jirachi|\n|poke|p2|Tornadus, M|\n|poke|p2|Ogerpon-Hearthflame, F|\n|poke|p2|Zamazenta-*|\n|teampreview\n|c|\u2606S1r.sweepsaLot|glhf\n|\n|t:|1695933114\n|start\n|switch|p1a: Nala|Incineroar, M|100\/100\n|switch|p1b: Godzilla|Tyranitar, M|100\/100\n|switch|p2a: Zygarde|Zygarde|100\/100\n|switch|p2b: Tornadus|Tornadus, M, shiny|100\/100\n|-ability|p2a: Zygarde|Aura Break\n|-weather|Sandstorm|[from] ability: Sand Stream|[of] p1b: Godzilla\n|-ability|p1a: Nala|Intimidate|boost\n|-unboost|p2a: Zygarde|atk|1\n|-unboost|p2b: Tornadus|atk|1\n|turn|1\n|\n|t:|1695933127\n|move|p1a: Nala|Snatch|p1a: Nala\n|-singleturn|p1a: Nala|Snatch\n|move|p2a: Zygarde|Thousand Arrows|p1a: Nala|[spread] p1a,p1b\n|-supereffective|p1a: Nala\n|-supereffective|p1b: Godzilla\n|-damage|p1a: Nala|67\/100\n|-damage|p1b: Godzilla|69\/100\n|move|p2b: Tornadus|Bleakwind Storm|p1a: Nala|[spread] p1b\n|-miss|p2b: Tornadus|p1a: Nala\n|-resisted|p1b: Godzilla\n|-damage|p1b: Godzilla|59\/100\n|move|p1b: Godzilla|Knock Off|p2a: Zygarde\n|-damage|p2a: Zygarde|52\/100\n|-enditem|p2a: Zygarde|Assault Vest|[from] move: Knock Off|[of] p1b: Godzilla\n|\n|-weather|Sandstorm|[upkeep]\n|-damage|p2b: Tornadus|94\/100|[from] Sandstorm\n|-damage|p1a: Nala|61\/100|[from] Sandstorm\n|upkeep\n|turn|2\n|\n|t:|1695933149\n|move|p1a: Nala|Snatch|p1a: Nala\n|-singleturn|p1a: Nala|Snatch\n|move|p2b: Tornadus|Tailwind|p2b: Tornadus\n|-activate|p1a: Nala|move: Snatch|[of] p2b: Tornadus\n|move|p1a: Nala|Tailwind|p1a: Nala|[from]Snatch\n|-sidestart|p1: S1r.sweepsaLot|move: Tailwind\n|-zpower|p1b: Godzilla\n|move|p1b: Godzilla|Continental Crush|p2b: Tornadus|[zeffect]\n|-supereffective|p2b: Tornadus\n|-damage|p2b: Tornadus|0 fnt\n|faint|p2b: Tornadus\n|move|p2a: Zygarde|Thousand Arrows|p1b: Godzilla|[spread] p1a,p1b\n|-supereffective|p1a: Nala\n|-supereffective|p1b: Godzilla\n|-damage|p1a: Nala|21\/100\n|-damage|p1b: Godzilla|24\/100\n|-enditem|p1a: Nala|Figy Berry|[eat]\n|-heal|p1a: Nala|55\/100|[from] item: Figy Berry\n|\n|-weather|Sandstorm|[upkeep]\n|-damage|p1a: Nala|48\/100|[from] Sandstorm\n|upkeep\n|\n|t:|1695933165\n|switch|p2b: Blastoise|Blastoise, F|100\/100\n|turn|3\n|\n|t:|1695933196\n|detailschange|p2b: Blastoise|Blastoise-Mega, F\n|-mega|p2b: Blastoise|Blastoise|Blastoisinite\n|-terastallize|p1a: Nala|Water\n|move|p1a: Nala|Snatch|p1a: Nala\n|-singleturn|p1a: Nala|Snatch\n|move|p1b: Godzilla|Rock Slide|p2a: Zygarde|[spread] p2a\n|-miss|p1b: Godzilla|p2b: Blastoise\n|-resisted|p2a: Zygarde\n|-damage|p2a: Zygarde|38\/100\n|cant|p2a: Zygarde|flinch\n|move|p2b: Blastoise|Water Spout|p1a: Nala|[spread] p1a,p1b\n|-resisted|p1a: Nala\n|-supereffective|p1b: Godzilla\n|-damage|p1a: Nala|25\/100\n|-damage|p1b: Godzilla|0 fnt\n|faint|p1b: Godzilla\n|\n|-weather|Sandstorm|[upkeep]\n|-damage|p1a: Nala|19\/100|[from] Sandstorm\n|-damage|p2b: Blastoise|94\/100|[from] Sandstorm\n|upkeep\n|\n|t:|1695933213\n|switch|p1b: Home Depot|Excadrill, F|100\/100\n|turn|4\n|\n|t:|1695933224\n|move|p1b: Home Depot|Protect|p1b: Home Depot\n|-singleturn|p1b: Home Depot|Protect\n|move|p1a: Nala|Parting Shot|p2b: Blastoise\n|-unboost|p2b: Blastoise|atk|1\n|-unboost|p2b: Blastoise|spa|1\n|\n|t:|1695933228\n|switch|p1a: Look at Me|Togekiss, F|100\/100|[from] Parting Shot\n|move|p2a: Zygarde|Thousand Arrows|p1a: Look at Me|[spread] p1a\n|-activate|p1b: Home Depot|move: Protect\n|-damage|p1a: Look at Me|85\/100\n|-start|p1a: Look at Me|Smack Down\n|move|p2b: Blastoise|Water Spout|p1b: Home Depot|[spread] p1a\n|-activate|p1b: Home Depot|move: Protect\n|-damage|p1a: Look at Me|56\/100\n|\n|-weather|Sandstorm|[upkeep]\n|-damage|p2b: Blastoise|88\/100|[from] Sandstorm\n|upkeep\n|turn|5\n|\n|t:|1695933240\n|move|p1a: Look at Me|Helping Hand|p1b: Home Depot\n|-singleturn|p1b: Home Depot|Helping Hand|[of] p1a: Look at Me\n|move|p1b: Home Depot|Earthquake|p2b: Blastoise|[spread] p1a,p2a,p2b\n|-damage|p1a: Look at Me|0 fnt\n|-damage|p2a: Zygarde|0 fnt\n|-damage|p2b: Blastoise|7\/100\n|faint|p1a: Look at Me\n|faint|p2a: Zygarde\n|-damage|p1b: Home Depot|91\/100|[from] item: Life Orb\n|move|p2b: Blastoise|Water Spout|p1b: Home Depot\n|-supereffective|p1b: Home Depot\n|-damage|p1b: Home Depot|81\/100\n|\n|-weather|none\n|-sideend|p1: S1r.sweepsaLot|move: Tailwind\n|upkeep\n|\n|t:|1695933251\n|switch|p2a: Ogerpon|Ogerpon-Hearthflame, F|100\/100\n|switch|p1a: Nala|Incineroar, M, tera:Water|19\/100\n|-ability|p2a: Ogerpon|Mold Breaker\n|-ability|p1a: Nala|Intimidate|boost\n|-unboost|p2a: Ogerpon|atk|1\n|-unboost|p2b: Blastoise|atk|1\n|turn|6\n|\n|t:|1695933274\n|move|p1a: Nala|Fake Out|p2a: Ogerpon\n|-damage|p2a: Ogerpon|87\/100\n|cant|p2a: Ogerpon|flinch\n|move|p1b: Home Depot|Rock Slide|p2a: Ogerpon|[spread] p2a,p2b\n|-supereffective|p2a: Ogerpon\n|-damage|p2a: Ogerpon|12\/100\n|-damage|p2b: Blastoise|0 fnt\n|faint|p2b: Blastoise\n|-damage|p1b: Home Depot|71\/100|[from] item: Life Orb\n|\n|upkeep\n|\n|t:|1695933277\n|switch|p2b: Zamazenta|Zamazenta|100\/100\n|-ability|p2b: Zamazenta|Dauntless Shield|boost\n|-boost|p2b: Zamazenta|def|1\n|turn|7\n|\n|t:|1695933302\n|switch|p1a: Money Bags|Gholdengo, shiny|100\/100\n|move|p1b: Home Depot|Protect|p1b: Home Depot\n|-singleturn|p1b: Home Depot|Protect\n|move|p2b: Zamazenta|Body Press|p1a: Money Bags\n|-immune|p1a: Money Bags\n|move|p2a: Ogerpon|Ivy Cudgel|p1b: Home Depot\n|-activate|p1b: Home Depot|move: Protect\n|\n|upkeep\n|turn|8\n|\n|t:|1695933328\n|move|p2b: Zamazenta|Body Press|p1b: Home Depot\n|-supereffective|p1b: Home Depot\n|-damage|p1b: Home Depot|0 fnt\n|faint|p1b: Home Depot\n|move|p2a: Ogerpon|Ivy Cudgel|p1a: Money Bags\n|-supereffective|p1a: Money Bags\n|-damage|p1a: Money Bags|23\/100\n|move|p1a: Money Bags|Nasty Plot|p1a: Money Bags\n|-boost|p1a: Money Bags|spa|2\n|\n|-heal|p1a: Money Bags|30\/100|[from] item: Leftovers\n|upkeep\n|\n|t:|1695933331\n|switch|p1b: Nala|Incineroar, M, tera:Water|19\/100\n|-ability|p1b: Nala|Intimidate|boost\n|-unboost|p2a: Ogerpon|atk|1\n|-fail|p2b: Zamazenta|unboost|[from] item: Clear Amulet|[of] p2b: Zamazenta\n|turn|9\n|\n|t:|1695933342\n|move|p1b: Nala|Fake Out|p2a: Ogerpon\n|-damage|p2a: Ogerpon|0 fnt\n|faint|p2a: Ogerpon\n|move|p2b: Zamazenta|Crunch|p1a: Money Bags\n|-supereffective|p1a: Money Bags\n|-damage|p1a: Money Bags|0 fnt\n|faint|p1a: Money Bags\n|\n|upkeep\n|\n|t:|1695933349\n|switch|p2a: Jirachi|Jirachi|100\/100\n|switch|p1a: Concert Speaker|Kommo-o, M|100\/100\n|turn|10\n|\n|t:|1695933363\n|-terastallize|p2a: Jirachi|Fairy\n|move|p2b: Zamazenta|Body Press|p1a: Concert Speaker\n|-damage|p1a: Concert Speaker|44\/100\n|move|p1a: Concert Speaker|Clangorous Soul|p1a: Concert Speaker\n|-boost|p1a: Concert Speaker|atk|1\n|-boost|p1a: Concert Speaker|def|1\n|-boost|p1a: Concert Speaker|spa|1\n|-boost|p1a: Concert Speaker|spd|1\n|-boost|p1a: Concert Speaker|spe|1\n|-damage|p1a: Concert Speaker|11\/100\n|-enditem|p1a: Concert Speaker|Throat Spray\n|-boost|p1a: Concert Speaker|spa|1|[from] item: Throat Spray\n|move|p2a: Jirachi|Dazzling Gleam|p1b: Nala|[spread] p1a,p1b\n|-supereffective|p1a: Concert Speaker\n|-damage|p1a: Concert Speaker|0 fnt\n|-damage|p1b: Nala|3\/100\n|faint|p1a: Concert Speaker\n|move|p1b: Nala|Flare Blitz|p2a: Jirachi\n|-damage|p2a: Jirachi|66\/100\n|-damage|p1b: Nala|0 fnt|[from] item: Rocky Helmet|[of] p2a: Jirachi\n|faint|p1b: Nala\n|\n|win|Lv. 21XX\n|raw|S1r.sweepsaLot's rating: 1616 &rarr; <strong>1589<\/strong><br \/>(-27 for losing)\n|raw|Lv. 21XX's rating: 1488 &rarr; <strong>1515<\/strong><br \/>(+27 for winning)\n|c|\u2606S1r.sweepsaLot|gg\n|c|\u2606Lv. 21XX|Gg\n|l|\u2606Lv. 21XX\n","uploadtime":1695933534,"views":8,"p1id":"s1rsweepsalot","p2id":"lv21xx","formatid":"gen9nationaldexdoubles","rating":1515,"private":0,"password":""}