{"id":"gen9nationaldexdoubles-1968300284","p1":"sadf adsf","p2":"Moldy kk","format":"[Gen 9] National Dex Doubles","log":"|j|\u2606sadf adsf\n|j|\u2606Moldy kk\n|t:|1697403824\n|gametype|doubles\n|player|p1|sadf adsf|lucas|1000\n|player|p2|Moldy kk|101|1144\n|teamsize|p1|6\n|teamsize|p2|6\n|gen|9\n|tier|[Gen 9] National Dex Doubles\n|rated|\n|rule|HP Percentage Mod: HP is shown in percentages\n|rule|Endless Battle Clause: Forcing endless battles is banned\n|rule|OHKO Clause: OHKO moves are banned\n|rule|Evasion Moves Clause: Evasion moves are banned\n|rule|Evasion Abilities Clause: Evasion abilities are banned\n|rule|Species Clause: Limit one of each Pok\u00e9mon\n|rule|Gravity Sleep Clause: The combination of sleep-inducing moves with imperfect accuracy and Gravity or Gigantamax Orbeetle are banned\n|clearpoke\n|poke|p1|Indeedee-F, F|\n|poke|p1|Oranguru, M|\n|poke|p1|Glastrier|\n|poke|p1|Hoopa-Unbound|\n|poke|p1|Ursaluna, M|\n|poke|p1|Zygarde|\n|poke|p2|Weezing-Galar, F|\n|poke|p2|Regigigas|\n|poke|p2|Clefairy, F|\n|poke|p2|Celesteela|\n|poke|p2|Blastoise, M|\n|poke|p2|Archeops, M|\n|teampreview\n|inactive|Battle timer is ON: inactive players will automatically lose when time's up. (requested by Moldy kk)\n|\n|t:|1697403828\n|start\n|switch|p1a: Hoopa|Hoopa-Unbound|100\/100\n|switch|p1b: Zygarde|Zygarde|100\/100\n|switch|p2a: Regigigas|Regigigas|100\/100\n|switch|p2b: Weezing|Weezing-Galar, F|100\/100\n|-ability|p2b: Weezing|Neutralizing Gas\n|turn|1\n|\n|t:|1697403840\n|move|p2a: Regigigas|Protect|p2a: Regigigas\n|-singleturn|p2a: Regigigas|Protect\n|move|p1b: Zygarde|Coil|p1b: Zygarde\n|-boost|p1b: Zygarde|atk|1\n|-boost|p1b: Zygarde|def|1\n|-boost|p1b: Zygarde|accuracy|1\n|move|p2b: Weezing|Dazzling Gleam|p1a: Hoopa|[spread] p1a,p1b\n|-supereffective|p1a: Hoopa\n|-supereffective|p1b: Zygarde\n|-damage|p1a: Hoopa|59\/100\n|-damage|p1b: Zygarde|69\/100\n|move|p1a: Hoopa|Trick Room|p1a: Hoopa\n|-fieldstart|move: Trick Room|[of] p1a: Hoopa\n|-enditem|p1b: Zygarde|Room Service\n|-unboost|p1b: Zygarde|spe|1|[from] item: Room Service\n|-enditem|p1a: Hoopa|Room Service\n|-unboost|p1a: Hoopa|spe|1|[from] item: Room Service\n|\n|upkeep\n|turn|2\n|\n|t:|1697403859\n|move|p1a: Hoopa|Psyshock|p2b: Weezing\n|-supereffective|p2b: Weezing\n|-damage|p2b: Weezing|8\/100\n|-enditem|p2b: Weezing|Sitrus Berry|[eat]\n|-heal|p2b: Weezing|33\/100|[from] item: Sitrus Berry\n|move|p1b: Zygarde|Thousand Arrows|p2a: Regigigas|[spread] p2a,p2b\n|-supereffective|p2b: Weezing\n|-damage|p2a: Regigigas|73\/100\n|-damage|p2b: Weezing|0 fnt\n|faint|p2b: Weezing\n|-end|p2b: Weezing|ability: Neutralizing Gas\n|-ability|p1b: Zygarde|Aura Break\n|-start|p2a: Regigigas|ability: Slow Start\n|move|p2a: Regigigas|Power-Up Punch|p1a: Hoopa\n|-damage|p1a: Hoopa|41\/100\n|-boost|p2a: Regigigas|atk|1\n|-damage|p2a: Regigigas|63\/100|[from] item: Life Orb\n|\n|upkeep\n|inactive|Moldy kk has 120 seconds left.\n|\n|t:|1697403885\n|switch|p2b: Blastoise|Blastoise, M|100\/100\n|turn|3\n|\n|t:|1697403898\n|move|p1a: Hoopa|Dark Pulse|p2b: Blastoise\n|-damage|p2b: Blastoise|43\/100\n|-item|p1a: Hoopa|White Herb|[from] ability: Magician|[of] p2b: Blastoise\n|-enditem|p1a: Hoopa|White Herb\n|-clearnegativeboost|p1a: Hoopa|[silent]\n|move|p1b: Zygarde|Thousand Arrows|p2b: Blastoise|[spread] p2a,p2b\n|-damage|p2a: Regigigas|33\/100\n|-damage|p2b: Blastoise|7\/100\n|move|p2a: Regigigas|Power-Up Punch|p1a: Hoopa\n|-damage|p1a: Hoopa|18\/100\n|-boost|p2a: Regigigas|atk|1\n|-damage|p2a: Regigigas|23\/100|[from] item: Life Orb\n|move|p2b: Blastoise|Ice Beam|p1b: Zygarde\n|-supereffective|p1b: Zygarde\n|-damage|p1b: Zygarde|3\/100\n|\n|upkeep\n|turn|4\n|\n|t:|1697403920\n|move|p1b: Zygarde|Thousand Arrows|p2a: Regigigas|[spread] p2a,p2b\n|-damage|p2a: Regigigas|0 fnt\n|-damage|p2b: Blastoise|0 fnt\n|faint|p2a: Regigigas\n|-end|p2a: Regigigas|Slow Start|[silent]\n|faint|p2b: Blastoise\n|move|p1a: Hoopa|Psyshock|p2: Regigigas|[notarget]\n|-fail|p1a: Hoopa\n|\n|upkeep\n|\n|t:|1697403928\n|switch|p2b: Celesteela|Celesteela|100\/100\n|switch|p2a: Clefairy|Clefairy, F|100\/100\n|turn|5\n|\n|t:|1697403935\n|move|p2a: Clefairy|Follow Me|p2a: Clefairy\n|-singleturn|p2a: Clefairy|move: Follow Me\n|move|p1b: Zygarde|Thousand Arrows|p2b: Celesteela|[spread] p2a,p2b\n|-damage|p2a: Clefairy|59\/100\n|-damage|p2b: Celesteela|76\/100\n|-start|p2b: Celesteela|Smack Down\n|move|p1a: Hoopa|Dark Pulse|p2a: Clefairy\n|-resisted|p2a: Clefairy\n|-crit|p2a: Clefairy\n|-damage|p2a: Clefairy|33\/100\n|-item|p1a: Hoopa|Eviolite|[from] ability: Magician|[of] p2a: Clefairy\n|move|p2b: Celesteela|Autotomize|p2b: Celesteela\n|-boost|p2b: Celesteela|spe|2\n|-start|p2b: Celesteela|Autotomize\n|\n|-fieldend|move: Trick Room\n|upkeep\n|turn|6\n|\n|t:|1697403952\n|move|p2b: Celesteela|Flash Cannon|p1a: Hoopa\n|-damage|p1a: Hoopa|0 fnt\n|faint|p1a: Hoopa\n|-ability|p2b: Celesteela|Beast Boost|boost\n|-boost|p2b: Celesteela|spa|1\n|move|p1b: Zygarde|Thousand Arrows|p2a: Clefairy|[spread] p2a,p2b\n|-supereffective|p2b: Celesteela\n|-damage|p2a: Clefairy|0 fnt\n|-damage|p2b: Celesteela|23\/100\n|-enditem|p2b: Celesteela|Weakness Policy\n|-boost|p2b: Celesteela|atk|2|[from] item: Weakness Policy\n|-boost|p2b: Celesteela|spa|2|[from] item: Weakness Policy\n|faint|p2a: Clefairy\n|\n|upkeep\n|\n|t:|1697403964\n|switch|p1a: Indeedee|Indeedee-F, F|100\/100\n|switch|p2a: Archeops|Archeops, M|100\/100\n|-fieldstart|move: Psychic Terrain|[from] ability: Psychic Surge|[of] p1a: Indeedee\n|turn|7\n|\n|t:|1697403978\n|move|p2b: Celesteela|Flash Cannon|p1b: Zygarde\n|-damage|p1b: Zygarde|0 fnt\n|faint|p1b: Zygarde\n|-ability|p2b: Celesteela|Beast Boost|boost\n|-boost|p2b: Celesteela|spa|1\n|move|p2a: Archeops|Meteor Beam||[still]\n|-prepare|p2a: Archeops|Meteor Beam\n|-boost|p2a: Archeops|spa|1\n|-enditem|p2a: Archeops|Power Herb\n|-anim|p2a: Archeops|Meteor Beam|p1a: Indeedee\n|-damage|p1a: Indeedee|22\/100\n|move|p1a: Indeedee|Trick Room|p1a: Indeedee\n|-fieldstart|move: Trick Room|[of] p1a: Indeedee\n|\n|upkeep\n|\n|t:|1697403997\n|switch|p1b: Glastrier|Glastrier|100\/100\n|turn|8\n|\n|t:|1697404022\n|-terastallize|p1b: Glastrier|Ice\n|-terastallize|p2a: Archeops|Rock\n|move|p1a: Indeedee|Follow Me|p1a: Indeedee\n|-singleturn|p1a: Indeedee|move: Follow Me\n|move|p1b: Glastrier|Icicle Spear|p2b: Celesteela\n|-damage|p2b: Celesteela|1\/100\n|-damage|p2b: Celesteela|0 fnt\n|faint|p2b: Celesteela\n|-ability|p1b: Glastrier|Chilling Neigh|boost\n|-boost|p1b: Glastrier|atk|1\n|-hitcount|p2: Celesteela|2\n|move|p2a: Archeops|Dragon Pulse|p1a: Indeedee\n|-damage|p1a: Indeedee|0 fnt\n|faint|p1a: Indeedee\n|\n|upkeep\n|\n|t:|1697404039\n|switch|p1a: Ursaluna|Ursaluna, M|100\/100\n|turn|9\n|\n|t:|1697404047\n|move|p1b: Glastrier|Icicle Spear|p2a: Archeops\n|-damage|p2a: Archeops|47\/100\n|-damage|p2a: Archeops|0 fnt\n|faint|p2a: Archeops\n|-hitcount|p2: Archeops|2\n|\n|win|sadf adsf\n|raw|sadf adsf's rating: 1000 &rarr; <strong>1057<\/strong><br \/>(+57 for winning)\n|raw|Moldy kk's rating: 1159 &rarr; <strong>1123<\/strong><br \/>(-36 for losing)\n|l|\u2606Moldy kk\n","uploadtime":1697404053,"views":7,"p1id":"sadfadsf","p2id":"moldykk","formatid":"gen9nationaldexdoubles","rating":1057,"private":0,"password":""}