{"id":"gen9nationaldexdoubles-1961655439","p1":"MirzaMirza","p2":"Theadonia","format":"[Gen 9] National Dex Doubles","log":"|j|\u2606MirzaMirza\n|j|\u2606Theadonia\n|t:|1696648670\n|gametype|doubles\n|player|p1|MirzaMirza|169|1513\n|player|p2|Theadonia|caitlin|1224\n|teamsize|p1|6\n|teamsize|p2|6\n|gen|9\n|tier|[Gen 9] National Dex Doubles\n|rated|\n|rule|HP Percentage Mod: HP is shown in percentages\n|rule|Endless Battle Clause: Forcing endless battles is banned\n|rule|OHKO Clause: OHKO moves are banned\n|rule|Evasion Moves Clause: Evasion moves are banned\n|rule|Evasion Abilities Clause: Evasion abilities are banned\n|rule|Species Clause: Limit one of each Pok\u00e9mon\n|rule|Gravity Sleep Clause: The combination of sleep-inducing moves with imperfect accuracy and Gravity or Gigantamax Orbeetle are banned\n|clearpoke\n|poke|p1|Volcarona, F|\n|poke|p1|Smeargle, M|\n|poke|p1|Tapu Lele|\n|poke|p1|Tapu Fini|\n|poke|p1|Suicune|\n|poke|p1|Chien-Pao|\n|poke|p2|Delphox, F|\n|poke|p2|Oricorio-Sensu, M|\n|poke|p2|Kommo-o, F|\n|poke|p2|Eevee, F|\n|poke|p2|Cresselia, F|\n|poke|p2|Smeargle, F|\n|teampreview\n|inactive|Battle timer is ON: inactive players will automatically lose when time's up. (requested by MirzaMirza)\n|\n|t:|1696648684\n|start\n|switch|p1a: Miami Terror|Volcarona, F|100\/100\n|switch|p1b: Bobby Lee|Smeargle, M|100\/100\n|switch|p2a: Eevee|Eevee, F, shiny|100\/100\n|switch|p2b: Smeargle|Smeargle, F|100\/100\n|turn|1\n|\n|t:|1696648693\n|move|p1b: Bobby Lee|Spore|p2b: Smeargle\n|-status|p2b: Smeargle|slp|[from] move: Spore\n|cant|p2b: Smeargle|slp\n|move|p1a: Miami Terror|Quiver Dance|p1a: Miami Terror\n|-boost|p1a: Miami Terror|spa|1\n|-boost|p1a: Miami Terror|spd|1\n|-boost|p1a: Miami Terror|spe|1\n|-zpower|p2a: Eevee\n|move|p2a: Eevee|Extreme Evoboost|p2a: Eevee\n|-boost|p2a: Eevee|atk|2\n|-boost|p2a: Eevee|def|2\n|-boost|p2a: Eevee|spa|2\n|-boost|p2a: Eevee|spd|2\n|-boost|p2a: Eevee|spe|2\n|\n|-ability|p1b: Bobby Lee|Moody|boost\n|-boost|p1b: Bobby Lee|def|2\n|-unboost|p1b: Bobby Lee|spd|1\n|upkeep\n|turn|2\n|\n|t:|1696648711\n|move|p1a: Miami Terror|Quiver Dance|p1a: Miami Terror\n|-boost|p1a: Miami Terror|spa|1\n|-boost|p1a: Miami Terror|spd|1\n|-boost|p1a: Miami Terror|spe|1\n|move|p2a: Eevee|Return|p1b: Bobby Lee\n|-enditem|p1b: Bobby Lee|Focus Sash\n|-damage|p1b: Bobby Lee|1\/100\n|cant|p2b: Smeargle|slp\n|move|p1b: Bobby Lee|Spore|p2a: Eevee\n|-status|p2a: Eevee|slp|[from] move: Spore\n|\n|-ability|p1b: Bobby Lee|Moody|boost\n|-boost|p1b: Bobby Lee|spd|2\n|-unboost|p1b: Bobby Lee|spa|1\n|upkeep\n|turn|3\n|\n|t:|1696648727\n|switch|p1b: Azura|Suicune|100\/100\n|move|p1a: Miami Terror|Heat Wave|p2b: Smeargle|[spread] p2a,p2b\n|-damage|p2a: Eevee|51\/100 slp\n|-damage|p2b: Smeargle|0 fnt\n|faint|p2b: Smeargle\n|cant|p2a: Eevee|slp\n|\n|upkeep\n|\n|t:|1696648731\n|switch|p2b: Cresselia|Cresselia, F|100\/100\n|turn|4\n|\n|t:|1696648739\n|move|p1a: Miami Terror|Heat Wave|p2b: Cresselia|[spread] p2a,p2b\n|-damage|p2a: Eevee|4\/100 slp\n|-damage|p2b: Cresselia|62\/100\n|cant|p2a: Eevee|slp\n|move|p2b: Cresselia|Lunar Blessing|p2b: Cresselia|[spread] p2a,p2b\n|-heal|p2a: Eevee|29\/100 slp\n|-curestatus|p2a: Eevee|slp|[msg]\n|-heal|p2b: Cresselia|87\/100\n|move|p1b: Azura|Roar|p2a: Eevee\n|drag|p2a: Oricorio|Oricorio-Sensu, M, shiny|100\/100\n|\n|-heal|p2b: Cresselia|94\/100|[from] item: Leftovers\n|upkeep\n|turn|5\n|\n|t:|1696648754\n|move|p1a: Miami Terror|Heat Wave|p2b: Cresselia|[spread] p2a,p2b\n|-damage|p2a: Oricorio|19\/100\n|-damage|p2b: Cresselia|49\/100\n|-enditem|p2a: Oricorio|Aguav Berry|[eat]\n|-heal|p2a: Oricorio|52\/100|[from] item: Aguav Berry\n|move|p2a: Oricorio|Quiver Dance|p2a: Oricorio\n|-boost|p2a: Oricorio|spa|1\n|-boost|p2a: Oricorio|spd|1\n|-boost|p2a: Oricorio|spe|1\n|move|p1b: Azura|Psych Up|p1a: Miami Terror\n|-copyboost|p1b: Azura|p1a: Miami Terror|[from] move: Psych Up\n|move|p2b: Cresselia|Psych Up|p1a: Miami Terror\n|-copyboost|p2b: Cresselia|p1a: Miami Terror|[from] move: Psych Up\n|\n|-heal|p2b: Cresselia|55\/100|[from] item: Leftovers\n|upkeep\n|turn|6\n|\n|t:|1696648770\n|move|p1a: Miami Terror|Heat Wave|p2a: Oricorio|[spread] p2a,p2b\n|-damage|p2a: Oricorio|0 fnt\n|-damage|p2b: Cresselia|36\/100\n|faint|p2a: Oricorio\n|move|p1b: Azura|Ice Beam|p2b: Cresselia\n|-damage|p2b: Cresselia|19\/100\n|move|p2b: Cresselia|Stored Power|p1b: Azura\n|-damage|p1b: Azura|62\/100\n|\n|-heal|p2b: Cresselia|25\/100|[from] item: Leftovers\n|upkeep\n|\n|t:|1696648781\n|switch|p2a: Eevee|Eevee, F, shiny|29\/100\n|turn|7\n|\n|t:|1696648793\n|move|p1a: Miami Terror|Heat Wave|p2a: Eevee|[spread] p2a,p2b\n|-damage|p2a: Eevee|0 fnt\n|-damage|p2b: Cresselia|5\/100\n|faint|p2a: Eevee\n|move|p1b: Azura|Scald|p2b: Cresselia\n|-damage|p2b: Cresselia|0 fnt\n|faint|p2b: Cresselia\n|\n|upkeep\n|\n|t:|1696648797\n|switch|p2b: Delphox|Delphox, F, shiny|100\/100\n|switch|p2a: Kommo-o|Kommo-o, F, shiny|100\/100\n|turn|8\n|\n|t:|1696648807\n|move|p1a: Miami Terror|Heat Wave|p2a: Kommo-o|[spread] p2a,p2b\n|-resisted|p2a: Kommo-o\n|-resisted|p2b: Delphox\n|-damage|p2a: Kommo-o|61\/100\n|-damage|p2b: Delphox|62\/100\n|move|p1b: Azura|Scald|p2b: Delphox\n|-supereffective|p2b: Delphox\n|-damage|p2b: Delphox|0 fnt\n|faint|p2b: Delphox\n|move|p2a: Kommo-o|Clangorous Soul|p2a: Kommo-o\n|-boost|p2a: Kommo-o|atk|1\n|-boost|p2a: Kommo-o|def|1\n|-boost|p2a: Kommo-o|spa|1\n|-boost|p2a: Kommo-o|spd|1\n|-boost|p2a: Kommo-o|spe|1\n|-damage|p2a: Kommo-o|28\/100\n|\n|upkeep\n|turn|9\n|\n|t:|1696648821\n|move|p1a: Miami Terror|Heat Wave|p2a: Kommo-o\n|-resisted|p2a: Kommo-o\n|-damage|p2a: Kommo-o|0 fnt\n|faint|p2a: Kommo-o\n|\n|win|MirzaMirza\n|raw|MirzaMirza's rating: 1513 &rarr; <strong>1519<\/strong><br \/>(+6 for winning)\n|raw|Theadonia's rating: 1224 &rarr; <strong>1216<\/strong><br \/>(-8 for losing)\n|l|\u2606Theadonia\n","uploadtime":1696648831,"views":8,"p1id":"mirzamirza","p2id":"theadonia","formatid":"gen9nationaldexdoubles","rating":1216,"private":0,"password":""}