{"id":"gen9nationaldexdoubles-1983357252","p1":"InkyGoBoo!","p2":"AhiruChan","format":"[Gen 9] National Dex Doubles","log":"|j|\u2606InkyGoBoo!\n|j|\u2606AhiruChan\n|t:|1699121648\n|gametype|doubles\n|player|p1|InkyGoBoo!|nemona-s|\n|player|p2|AhiruChan|lillie-masters2|\n|teamsize|p1|6\n|teamsize|p2|6\n|gen|9\n|tier|[Gen 9] National Dex Doubles\n|rule|HP Percentage Mod: HP is shown in percentages\n|rule|Endless Battle Clause: Forcing endless battles is banned\n|rule|OHKO Clause: OHKO moves are banned\n|rule|Evasion Moves Clause: Evasion moves are banned\n|rule|Evasion Abilities Clause: Evasion abilities are banned\n|rule|Species Clause: Limit one of each Pok\u00e9mon\n|rule|Gravity Sleep Clause: The combination of sleep-inducing moves with imperfect accuracy and Gravity or Gigantamax Orbeetle are banned\n|clearpoke\n|poke|p1|Tapu Koko|\n|poke|p1|Ampharos, F|\n|poke|p1|Raichu-Alola, M|\n|poke|p1|Iron Hands|\n|poke|p1|Iron Valiant|\n|poke|p1|Hawlucha, F|\n|poke|p2|Scizor, M|\n|poke|p2|Sneasler, F|\n|poke|p2|Tapu Koko|\n|poke|p2|Meowscarada, F|\n|poke|p2|Iron Valiant|\n|poke|p2|Raichu-Alola, F|\n|teampreview\n|c|\u2606AhiruChan|glhf dear :3\n|j| Chaoss150\n|inactive|Battle timer is ON: inactive players will automatically lose when time's up. (requested by InkyGoBoo!)\n|\n|t:|1699121686\n|start\n|switch|p1a: Guardian Of W's|Tapu Koko, shiny|100\/100\n|switch|p1b: ZAP!|Raichu-Alola, M, shiny|100\/100\n|switch|p2a: Meowscarada|Meowscarada, F|100\/100\n|switch|p2b: Iron Valiant|Iron Valiant|100\/100\n|-fieldstart|move: Electric Terrain|[from] ability: Electric Surge|[of] p1a: Guardian Of W's\n|-activate|p2b: Iron Valiant|ability: Quark Drive\n|-start|p2b: Iron Valiant|quarkdrivespe\n|turn|1\n|c|\u2606InkyGoBoo!|You too!\n|inactive|AhiruChan has 270 seconds left.\n|\n|t:|1699121718\n|move|p2b: Iron Valiant|Protect|p2b: Iron Valiant\n|-singleturn|p2b: Iron Valiant|Protect\n|move|p1b: ZAP!|Psychic|p2b: Iron Valiant\n|-activate|p2b: Iron Valiant|move: Protect\n|move|p2a: Meowscarada|U-turn|p1b: ZAP!\n|-start|p2a: Meowscarada|typechange|Bug|[from] ability: Protean\n|-supereffective|p1b: ZAP!\n|-damage|p1b: ZAP!|0 fnt\n|faint|p1b: ZAP!\n|inactive|AhiruChan has 270 seconds left.\n|c|\u2606AhiruChan|>;3\n|\n|t:|1699121732\n|switch|p2a: Sneasler|Sneasler, F|100\/100|[from] U-turn\n|-enditem|p2a: Sneasler|Electric Seed\n|-boost|p2a: Sneasler|def|1|[from] item: Electric Seed\n|move|p1a: Guardian Of W's|Dazzling Gleam|p2b: Iron Valiant|[spread] p2a\n|-activate|p2b: Iron Valiant|move: Protect\n|-damage|p2a: Sneasler|68\/100\n|\n|upkeep\n|c|\u2606InkyGoBoo!|Geez...\n|\n|t:|1699121744\n|switch|p1b: Beeg Boi|Iron Hands, shiny|100\/100\n|-activate|p1b: Beeg Boi|ability: Quark Drive\n|-start|p1b: Beeg Boi|quarkdriveatk\n|turn|2\n|j| Sencopion\n|\n|t:|1699121761\n|move|p2a: Sneasler|Fake Out|p1b: Beeg Boi\n|-damage|p1b: Beeg Boi|90\/100\n|cant|p1b: Beeg Boi|flinch\n|move|p2b: Iron Valiant|Moonblast|p1b: Beeg Boi\n|-supereffective|p1b: Beeg Boi\n|-damage|p1b: Beeg Boi|0 fnt\n|faint|p1b: Beeg Boi\n|-end|p1b: Beeg Boi|Quark Drive|[silent]\n|move|p1a: Guardian Of W's|Volt Switch|p2a: Sneasler\n|-damage|p2a: Sneasler|14\/100\n|\n|t:|1699121773\n|switch|p1a: Hawlucha|Hawlucha, F, shiny|100\/100|[from] Volt Switch\n|-enditem|p1a: Hawlucha|Electric Seed\n|-boost|p1a: Hawlucha|def|1|[from] item: Electric Seed\n|\n|upkeep\n|\n|t:|1699121782\n|switch|p1b: Iron Valiant|Iron Valiant, shiny|100\/100\n|-activate|p1b: Iron Valiant|ability: Quark Drive\n|-start|p1b: Iron Valiant|quarkdrivespe\n|turn|3\n|c|\u2606AhiruChan|the haw is out.\n|j| Jack the Ripper21\n|inactive|AhiruChan has 270 seconds left.\n|\n|t:|1699121813\n|-terastallize|p1b: Iron Valiant|Fairy\n|move|p1a: Hawlucha|Protect|p1a: Hawlucha\n|-singleturn|p1a: Hawlucha|Protect\n|move|p2b: Iron Valiant|Protect|p2b: Iron Valiant\n|-singleturn|p2b: Iron Valiant|Protect\n|move|p2a: Sneasler|Acrobatics|p1b: Iron Valiant\n|-damage|p1b: Iron Valiant|42\/100\n|move|p1b: Iron Valiant|Moonblast|p2a: Sneasler\n|-damage|p2a: Sneasler|0 fnt\n|faint|p2a: Sneasler\n|-damage|p1b: Iron Valiant|33\/100|[from] item: Life Orb\n|\n|upkeep\n|inactive|AhiruChan has 270 seconds left.\n|c|\u2606InkyGoBoo!|Phew...\n|c|\u2606AhiruChan|i see\n|c|\u2606AhiruChan|so u learnt from what i said yesterday :3\n|inactive|AhiruChan has 240 seconds left.\n|\n|t:|1699121851\n|switch|p2a: Raichu|Raichu-Alola, F|100\/100\n|turn|4\n|\n|t:|1699121870\n|move|p2a: Raichu|Fake Out|p1a: Hawlucha\n|-damage|p1a: Hawlucha|92\/100\n|cant|p1a: Hawlucha|flinch\n|move|p2b: Iron Valiant|Moonblast|p1a: Hawlucha\n|-supereffective|p1a: Hawlucha\n|-damage|p1a: Hawlucha|0 fnt\n|faint|p1a: Hawlucha\n|move|p1b: Iron Valiant|Moonblast|p2a: Raichu\n|-damage|p2a: Raichu|0 fnt\n|faint|p2a: Raichu\n|-damage|p1b: Iron Valiant|23\/100|[from] item: Life Orb\n|\n|upkeep\n|inactive|AhiruChan has 270 seconds left.\n|\n|t:|1699121887\n|switch|p2a: Meowscarada|Meowscarada, F|100\/100\n|switch|p1a: L'Or\u00e8al|Ampharos, F, shiny|100\/100\n|turn|5\n|\n|t:|1699121900\n|detailschange|p1a: L'Or\u00e8al|Ampharos-Mega, F, shiny\n|-mega|p1a: L'Or\u00e8al|Ampharos|Ampharosite\n|-ability|p1a: L'Or\u00e8al|Mold Breaker\n|move|p2a: Meowscarada|Flower Trick|p1b: Iron Valiant\n|-start|p2a: Meowscarada|typechange|Grass|[from] ability: Protean\n|-crit|p1b: Iron Valiant\n|-damage|p1b: Iron Valiant|0 fnt\n|faint|p1b: Iron Valiant\n|-end|p1b: Iron Valiant|Quark Drive|[silent]\n|move|p2b: Iron Valiant|Moonblast|p1a: L'Or\u00e8al\n|-supereffective|p1a: L'Or\u00e8al\n|-damage|p1a: L'Or\u00e8al|3\/100\n|move|p1a: L'Or\u00e8al|Focus Blast|p2a: Meowscarada\n|-crit|p2a: Meowscarada\n|-damage|p2a: Meowscarada|0 fnt\n|faint|p2a: Meowscarada\n|\n|upkeep\n|\n|t:|1699121914\n|switch|p2a: Tapu Koko|Tapu Koko|100\/100\n|switch|p1b: Guardian Of W's|Tapu Koko, shiny|100\/100\n|turn|6\n|c|\u2606InkyGoBoo!|Why am I playing so bad?!\n|c|\u2606AhiruChan|cute charm\n|\n|t:|1699121941\n|move|p2b: Iron Valiant|Moonblast|p1b: Guardian Of W's\n|-damage|p1b: Guardian Of W's|29\/100\n|move|p1b: Guardian Of W's|Dazzling Gleam|p2b: Iron Valiant|[spread] p2a,p2b\n|-supereffective|p2b: Iron Valiant\n|-damage|p2a: Tapu Koko|67\/100\n|-damage|p2b: Iron Valiant|8\/100\n|move|p2a: Tapu Koko|Volt Switch|p1b: Guardian Of W's\n|-resisted|p1b: Guardian Of W's\n|-damage|p1b: Guardian Of W's|4\/100\n|l| Jack the Ripper21\n|\n|t:|1699121949\n|switch|p2a: Scizor|Scizor, M|100\/100|[from] Volt Switch\n|move|p1a: L'Or\u00e8al|Thunderbolt|p2b: Iron Valiant\n|-damage|p2b: Iron Valiant|0 fnt\n|faint|p2b: Iron Valiant\n|-end|p2b: Iron Valiant|Quark Drive|[silent]\n|\n|upkeep\n|inactive|AhiruChan has 270 seconds left.\n|c|\u2606InkyGoBoo!|I lose...\n|c|\u2606InkyGoBoo!|There's no way I can win...\n|c|\u2606AhiruChan|u did well :3\n|inactive|AhiruChan has 240 seconds left.\n|c|\u2606AhiruChan|u still have alot to learn but im proud of chu!\n|c|\u2606InkyGoBoo!|How am I losing so much?! Ive been doing so poorly recently!\n|inactive|AhiruChan has 210 seconds left.\n|c|\u2606InkyGoBoo!|Just end it dear...\n|\n|t:|1699122030\n|switch|p2b: Tapu Koko|Tapu Koko|67\/100\n|turn|7\n|c|\u2606AhiruChan|wait\n|c|\u2606AhiruChan|it was my turn-\n|\n|t:|1699122043\n|detailschange|p2a: Scizor|Scizor-Mega, M\n|-mega|p2a: Scizor|Scizor|Scizorite\n|move|p2a: Scizor|Bullet Punch|p1b: Guardian Of W's\n|-damage|p1b: Guardian Of W's|0 fnt\n|faint|p1b: Guardian Of W's\n|move|p2b: Tapu Koko|Volt Switch|p1a: L'Or\u00e8al\n|-resisted|p1a: L'Or\u00e8al\n|-damage|p1a: L'Or\u00e8al|0 fnt\n|faint|p1a: L'Or\u00e8al\n|\n|win|AhiruChan\n|c|\u2606AhiruChan|gg wp dear!\n","uploadtime":1699122057,"views":22,"p1id":"inkygoboo","p2id":"ahiruchan","formatid":"gen9nationaldexdoubles","rating":0,"private":0,"password":""}