{"id":"gen9nationaldexdoubles-1971563909","p1":"Tubaguia_Ofc","p2":"fumbari 24","format":"[Gen 9] National Dex Doubles","log":"|j|\u2606Tubaguia_Ofc\n|j|\u2606fumbari 24\n|t:|1697748754\n|gametype|doubles\n|player|p1|Tubaguia_Ofc|iris-gen5bw2|1287\n|player|p2|fumbari 24|hilbert|1380\n|teamsize|p1|6\n|teamsize|p2|6\n|gen|9\n|tier|[Gen 9] National Dex Doubles\n|rated|\n|rule|HP Percentage Mod: HP is shown in percentages\n|rule|Endless Battle Clause: Forcing endless battles is banned\n|rule|OHKO Clause: OHKO moves are banned\n|rule|Evasion Moves Clause: Evasion moves are banned\n|rule|Evasion Abilities Clause: Evasion abilities are banned\n|rule|Species Clause: Limit one of each Pok\u00e9mon\n|rule|Gravity Sleep Clause: The combination of sleep-inducing moves with imperfect accuracy and Gravity or Gigantamax Orbeetle are banned\n|clearpoke\n|poke|p1|Landorus-Therian, M|\n|poke|p1|Tornadus, M|\n|poke|p1|Chandelure, F|\n|poke|p1|Hydreigon, F|\n|poke|p1|Lilligant-Hisui, F|\n|poke|p1|Victini|\n|poke|p2|Alakazam, M|\n|poke|p2|Indeedee-F, F|\n|poke|p2|Meowscarada, M|\n|poke|p2|Garchomp, M|\n|poke|p2|Blastoise, M|\n|poke|p2|Suicune|\n|teampreview\n|\n|t:|1697748785\n|start\n|switch|p1a: Main light|Chandelure, F, shiny|100\/100\n|switch|p1b: Victoryy|Victini|100\/100\n|switch|p2a: Suicune|Suicune|100\/100\n|switch|p2b: Fang|Garchomp, M|100\/100\n|turn|1\n|\n|t:|1697748802\n|switch|p1b: Genie's of the|Landorus-Therian, M, shiny|100\/100\n|-ability|p1b: Genie's of the|Intimidate|boost\n|-fail|p2a: Suicune|unboost|Attack|[from] ability: Inner Focus|[of] p2a: Suicune\n|-unboost|p2b: Fang|atk|1\n|move|p2b: Fang|Protect|p2b: Fang\n|-singleturn|p2b: Fang|Protect\n|move|p1a: Main light|Protect|p1a: Main light\n|-singleturn|p1a: Main light|Protect\n|move|p2a: Suicune|Tailwind|p2a: Suicune\n|-sidestart|p2: fumbari 24|move: Tailwind\n|\n|upkeep\n|turn|2\n|\n|t:|1697748820\n|move|p2b: Fang|Swords Dance|p2b: Fang\n|-boost|p2b: Fang|atk|2\n|move|p2a: Suicune|Icy Wind|p1a: Main light|[spread] p1a,p1b\n|-resisted|p1a: Main light\n|-supereffective|p1b: Genie's of the\n|-damage|p1a: Main light|95\/100\n|-damage|p1b: Genie's of the|61\/100\n|-unboost|p1a: Main light|spe|1\n|-unboost|p1b: Genie's of the|spe|1\n|move|p1b: Genie's of the|Knock Off|p2a: Suicune\n|-damage|p2a: Suicune|79\/100\n|-enditem|p2a: Suicune|Sitrus Berry|[from] move: Knock Off|[of] p1b: Genie's of the\n|move|p1a: Main light|Heat Wave|p2a: Suicune|[spread] p2a\n|-miss|p1a: Main light|p2b: Fang\n|-resisted|p2a: Suicune\n|-damage|p2a: Suicune|63\/100\n|\n|-heal|p1b: Genie's of the|67\/100|[from] item: Leftovers\n|upkeep\n|turn|3\n|inactive|Battle timer is ON: inactive players will automatically lose when time's up. (requested by fumbari 24)\n|\n|t:|1697748848\n|-zpower|p2b: Fang\n|move|p2b: Fang|Tectonic Rage|p1a: Main light|[zeffect]\n|-supereffective|p1a: Main light\n|-damage|p1a: Main light|0 fnt\n|faint|p1a: Main light\n|move|p2a: Suicune|Scald|p1b: Genie's of the\n|-supereffective|p1b: Genie's of the\n|-damage|p1b: Genie's of the|6\/100\n|move|p1b: Genie's of the|Earthquake|p2a: Suicune|[spread] p2a,p2b\n|-damage|p2a: Suicune|40\/100\n|-damage|p2b: Fang|67\/100\n|\n|-heal|p1b: Genie's of the|12\/100|[from] item: Leftovers\n|upkeep\n|\n|t:|1697748855\n|switch|p1a: Healthy meta|Tornadus, M, shiny|100\/100\n|turn|4\n|\n|t:|1697748868\n|move|p1b: Genie's of the|Protect|p1b: Genie's of the\n|-singleturn|p1b: Genie's of the|Protect\n|move|p1a: Healthy meta|Tailwind|p1a: Healthy meta\n|-sidestart|p1: Tubaguia_Ofc|move: Tailwind\n|move|p2b: Fang|Poison Jab|p1a: Healthy meta\n|-damage|p1a: Healthy meta|37\/100\n|move|p2a: Suicune|Icy Wind|p1a: Healthy meta|[spread] p1a\n|-activate|p1b: Genie's of the|move: Protect\n|-supereffective|p1a: Healthy meta\n|-damage|p1a: Healthy meta|14\/100\n|-unboost|p1a: Healthy meta|spe|1\n|\n|-heal|p1b: Genie's of the|18\/100|[from] item: Leftovers\n|-sideend|p2: fumbari 24|move: Tailwind\n|upkeep\n|turn|5\n|\n|t:|1697748892\n|move|p1a: Healthy meta|Taunt|p2a: Suicune\n|-start|p2a: Suicune|move: Taunt\n|move|p1b: Genie's of the|Earthquake|p2a: Suicune|[spread] p2a,p2b\n|-immune|p1a: Healthy meta\n|-damage|p2a: Suicune|17\/100\n|-damage|p2b: Fang|34\/100\n|move|p2b: Fang|Poison Jab|p1a: Healthy meta\n|-damage|p1a: Healthy meta|0 fnt\n|faint|p1a: Healthy meta\n|cant|p2a: Suicune|move: Taunt|Tailwind\n|\n|-heal|p1b: Genie's of the|24\/100|[from] item: Leftovers\n|upkeep\n|inactive|Tubaguia_Ofc has 120 seconds left.\n|\n|t:|1697748912\n|switch|p1a: Three head Kermit|Hydreigon, F, shiny|100\/100\n|turn|6\n|inactive|Tubaguia_Ofc has 120 seconds left.\n|\n|t:|1697748937\n|switch|p2a: Harbor|Blastoise, M|100\/100\n|move|p2b: Fang|Protect|p2b: Fang\n|-singleturn|p2b: Fang|Protect\n|move|p1a: Three head Kermit|Flamethrower|p2b: Fang\n|-activate|p2b: Fang|move: Protect\n|move|p1b: Genie's of the|Earthquake|p2b: Fang|[spread] p2a\n|-activate|p2b: Fang|move: Protect\n|-immune|p1a: Three head Kermit|[from] ability: Levitate\n|-damage|p2a: Harbor|73\/100\n|\n|-heal|p1b: Genie's of the|30\/100|[from] item: Leftovers\n|-heal|p2a: Harbor|79\/100|[from] item: Leftovers\n|upkeep\n|turn|7\n|\n|t:|1697748959\n|switch|p1b: Ellegant|Lilligant-Hisui, F, shiny|100\/100\n|move|p2a: Harbor|Fake Out|p1b: Ellegant\n|-damage|p1b: Ellegant|90\/100\n|move|p1a: Three head Kermit|Flamethrower|p2b: Fang\n|-resisted|p2b: Fang\n|-damage|p2b: Fang|10\/100\n|move|p2b: Fang|Poison Jab|p1b: Ellegant\n|-supereffective|p1b: Ellegant\n|-damage|p1b: Ellegant|0 fnt\n|faint|p1b: Ellegant\n|\n|-heal|p2a: Harbor|85\/100|[from] item: Leftovers\n|-sideend|p1: Tubaguia_Ofc|move: Tailwind\n|upkeep\n|\n|t:|1697748970\n|switch|p1b: Genie's of the|Landorus-Therian, M, shiny|30\/100\n|-ability|p1b: Genie's of the|Intimidate|boost\n|-unboost|p2a: Harbor|atk|1\n|-unboost|p2b: Fang|atk|1\n|turn|8\n|\n|t:|1697748987\n|move|p2b: Fang|Protect|p2b: Fang\n|-singleturn|p2b: Fang|Protect\n|move|p1a: Three head Kermit|Flamethrower|p2b: Fang\n|-activate|p2b: Fang|move: Protect\n|move|p1b: Genie's of the|Knock Off|p2a: Harbor\n|-damage|p2a: Harbor|61\/100\n|-enditem|p2a: Harbor|Leftovers|[from] move: Knock Off|[of] p1b: Genie's of the\n|move|p2a: Harbor|Scald|p1b: Genie's of the\n|-supereffective|p1b: Genie's of the\n|-damage|p1b: Genie's of the|0 fnt\n|faint|p1b: Genie's of the\n|\n|upkeep\n|\n|t:|1697748993\n|switch|p1b: Victoryy|Victini|100\/100\n|turn|9\n|\n|t:|1697749001\n|switch|p2a: Suicune|Suicune|17\/100\n|move|p1a: Three head Kermit|Flamethrower|p2a: Suicune\n|-resisted|p2a: Suicune\n|-damage|p2a: Suicune|0 fnt\n|faint|p2a: Suicune\n|move|p2b: Fang|Earthquake|p1b: Victoryy|[spread] p1b\n|-immune|p1a: Three head Kermit|[from] ability: Levitate\n|-supereffective|p1b: Victoryy\n|-damage|p1b: Victoryy|26\/100\n|move|p1b: Victoryy|Dazzling Gleam|p2b: Fang\n|-supereffective|p2b: Fang\n|-damage|p2b: Fang|0 fnt\n|faint|p2b: Fang\n|\n|upkeep\n|\n|t:|1697749021\n|switch|p2b: A.Banderas|Meowscarada, M|100\/100\n|switch|p2a: Harbor|Blastoise, M|61\/100\n|turn|10\n|\n|t:|1697749036\n|-terastallize|p2b: A.Banderas|Grass\n|move|p2a: Harbor|Fake Out|p1a: Three head Kermit\n|-damage|p1a: Three head Kermit|92\/100\n|move|p2b: A.Banderas|Flower Trick|p1b: Victoryy\n|-resisted|p1b: Victoryy\n|-crit|p1b: Victoryy\n|-damage|p1b: Victoryy|0 fnt\n|faint|p1b: Victoryy\n|cant|p1a: Three head Kermit|flinch\n|\n|upkeep\n|turn|11\n|\n|t:|1697749045\n|move|p2b: A.Banderas|Protect|p2b: A.Banderas\n|-singleturn|p2b: A.Banderas|Protect\n|move|p1a: Three head Kermit|Flamethrower|p2b: A.Banderas\n|-activate|p2b: A.Banderas|move: Protect\n|move|p2a: Harbor|Yawn|p1a: Three head Kermit\n|-start|p1a: Three head Kermit|move: Yawn|[of] p2a: Harbor\n|\n|upkeep\n|turn|12\n|\n|t:|1697749058\n|move|p2b: A.Banderas|Flower Trick|p1a: Three head Kermit\n|-resisted|p1a: Three head Kermit\n|-crit|p1a: Three head Kermit\n|-damage|p1a: Three head Kermit|56\/100\n|move|p1a: Three head Kermit|Flamethrower|p2b: A.Banderas\n|-supereffective|p2b: A.Banderas\n|-enditem|p2b: A.Banderas|Focus Sash\n|-damage|p2b: A.Banderas|1\/100\n|move|p2a: Harbor|Scald|p1a: Three head Kermit\n|-resisted|p1a: Three head Kermit\n|-damage|p1a: Three head Kermit|42\/100\n|-status|p1a: Three head Kermit|brn\n|\n|-damage|p1a: Three head Kermit|36\/100 brn|[from] brn\n|-end|p1a: Three head Kermit|move: Yawn|[silent]\n|upkeep\n|turn|13\n|\n|t:|1697749075\n|-terastallize|p1a: Three head Kermit|Poison\n|move|p2b: A.Banderas|Protect|p2b: A.Banderas\n|-singleturn|p2b: A.Banderas|Protect\n|move|p1a: Three head Kermit|Flamethrower|p2a: Harbor\n|-resisted|p2a: Harbor\n|-damage|p2a: Harbor|41\/100\n|move|p2a: Harbor|Scald|p1a: Three head Kermit\n|-damage|p1a: Three head Kermit|10\/100 brn\n|\n|-damage|p1a: Three head Kermit|4\/100 brn|[from] brn\n|upkeep\n|turn|14\n|\n|t:|1697749087\n|move|p2b: A.Banderas|Flower Trick|p1a: Three head Kermit\n|-resisted|p1a: Three head Kermit\n|-crit|p1a: Three head Kermit\n|-damage|p1a: Three head Kermit|0 fnt\n|faint|p1a: Three head Kermit\n|\n|win|fumbari 24\n|raw|Tubaguia_Ofc's rating: 1287 &rarr; <strong>1269<\/strong><br \/>(-18 for losing)\n|raw|fumbari 24's rating: 1380 &rarr; <strong>1395<\/strong><br \/>(+15 for winning)\n|l|\u2606Tubaguia_Ofc\n","uploadtime":1697749097,"views":10,"p1id":"tubaguiaofc","p2id":"fumbari24","formatid":"gen9nationaldexdoubles","rating":1269,"private":0,"password":""}