{"id":"gen9nationaldexdoubles-1973854705","p1":"Ultra-Wach99","p2":"EL GRAN CARPINCHO","format":"[Gen 9] National Dex Doubles","log":"|j|\u2606Ultra-Wach99\n|j|\u2606EL GRAN CARPINCHO\n|t:|1698020868\n|gametype|doubles\n|player|p1|Ultra-Wach99|ghetsis|\n|player|p2|EL GRAN CARPINCHO|bugcatcher-gen4dp|\n|teamsize|p1|6\n|teamsize|p2|6\n|gen|9\n|tier|[Gen 9] National Dex Doubles\n|rule|HP Percentage Mod: HP is shown in percentages\n|rule|Endless Battle Clause: Forcing endless battles is banned\n|rule|OHKO Clause: OHKO moves are banned\n|rule|Evasion Moves Clause: Evasion moves are banned\n|rule|Evasion Abilities Clause: Evasion abilities are banned\n|rule|Species Clause: Limit one of each Pok\u00e9mon\n|rule|Gravity Sleep Clause: The combination of sleep-inducing moves with imperfect accuracy and Gravity or Gigantamax Orbeetle are banned\n|clearpoke\n|poke|p1|Ogerpon-Hearthflame, F|\n|poke|p1|Amoonguss, F|\n|poke|p1|Rillaboom, F|\n|poke|p1|Whimsicott, F|\n|poke|p1|Ludicolo, F|\n|poke|p1|Abomasnow, F|\n|poke|p2|Clefable, F|\n|poke|p2|Azumarill, M|\n|poke|p2|Ninetales-Alola, F|\n|poke|p2|Iron Valiant|\n|poke|p2|Ribombee, F|\n|poke|p2|Fezandipiti, M|\n|teampreview\n|\n|t:|1698020888\n|start\n|switch|p1a: Majora's Mask|Ogerpon-Hearthflame, F|100\/100\n|switch|p1b: La HDP|Whimsicott, F|100\/100\n|switch|p2a: LA MURRALLA CHINA|Ninetales-Alola, F|100\/100\n|switch|p2b: JUGADOR DE LOL|Fezandipiti, M|100\/100\n|-weather|Snow|[from] ability: Snow Warning|[of] p2a: LA MURRALLA CHINA\n|-ability|p1a: Majora's Mask|Mold Breaker\n|turn|1\n|\n|t:|1698020906\n|-terastallize|p1a: Majora's Mask|Fire\n|detailschange|p1a: Majora's Mask|Ogerpon-Hearthflame-Tera, F, tera:Fire\n|-ability|p1a: Majora's Mask|Embody Aspect (Hearthflame)|boost\n|-boost|p1a: Majora's Mask|atk|1\n|move|p1b: La HDP|Tailwind|p1b: La HDP\n|-sidestart|p1: Ultra-Wach99|move: Tailwind\n|move|p1a: Majora's Mask|Ivy Cudgel|p2a: LA MURRALLA CHINA\n|-supereffective|p2a: LA MURRALLA CHINA\n|-damage|p2a: LA MURRALLA CHINA|0 fnt\n|faint|p2a: LA MURRALLA CHINA\n|move|p2b: JUGADOR DE LOL|Air Cutter|p1b: La HDP|[spread] p1b\n|-miss|p2b: JUGADOR DE LOL|p1a: Majora's Mask\n|-supereffective|p1b: La HDP\n|-crit|p1b: La HDP\n|-damage|p1b: La HDP|62\/100\n|\n|-weather|Snow|[upkeep]\n|upkeep\n|inactive|Battle timer is ON: inactive players will automatically lose when time's up. (requested by EL GRAN CARPINCHO)\n|inactiveoff|Battle timer is now OFF.\n|\n|t:|1698020943\n|switch|p2a: CARPINCHO|Azumarill, M, shiny|100\/100\n|turn|2\n|j| elianm10\n|c|\u2606EL GRAN CARPINCHO|espero\n|inactive|Battle timer is ON: inactive players will automatically lose when time's up. (requested by EL GRAN CARPINCHO)\n|\n|t:|1698021018\n|move|p1b: La HDP|Sunny Day|p1b: La HDP\n|-weather|SunnyDay\n|move|p2a: CARPINCHO|Aqua Jet|p1a: Majora's Mask\n|-supereffective|p1a: Majora's Mask\n|-damage|p1a: Majora's Mask|69\/100\n|move|p1a: Majora's Mask|Horn Leech|p2a: CARPINCHO\n|-supereffective|p2a: CARPINCHO\n|-damage|p2a: CARPINCHO|0 fnt\n|-heal|p1a: Majora's Mask|100\/100|[from] drain|[of] p2a: CARPINCHO\n|faint|p2a: CARPINCHO\n|move|p2b: JUGADOR DE LOL|Venoshock|p1a: Majora's Mask\n|-damage|p1a: Majora's Mask|74\/100\n|-status|p1a: Majora's Mask|tox|[from] ability: Toxic Chain|[of] p2b: JUGADOR DE LOL\n|\n|-weather|SunnyDay|[upkeep]\n|-damage|p1a: Majora's Mask|67\/100 tox|[from] psn\n|upkeep\n|\n|t:|1698021035\n|switch|p2a: NO-BINARIO|Iron Valiant|100\/100\n|turn|3\n|\n|t:|1698021051\n|move|p1a: Majora's Mask|Ivy Cudgel|p2a: NO-BINARIO\n|-damage|p2a: NO-BINARIO|0 fnt\n|faint|p2a: NO-BINARIO\n|-end|p2a: NO-BINARIO|Quark Drive|[silent]\n|move|p1b: La HDP|Moonblast|p2b: JUGADOR DE LOL\n|-resisted|p2b: JUGADOR DE LOL\n|-damage|p2b: JUGADOR DE LOL|88\/100\n|-unboost|p2b: JUGADOR DE LOL|spa|1\n|move|p2b: JUGADOR DE LOL|Venoshock|p1b: La HDP\n|-supereffective|p1b: La HDP\n|-damage|p1b: La HDP|0 fnt\n|faint|p1b: La HDP\n|\n|-weather|SunnyDay|[upkeep]\n|-heal|p2b: JUGADOR DE LOL|94\/100|[from] item: Black Sludge\n|-damage|p1a: Majora's Mask|55\/100 tox|[from] psn\n|upkeep\n|\n|t:|1698021069\n|switch|p2a: SOPORTE|Ribombee, F|100\/100\n|switch|p1b: SUS \u0d9e|Amoonguss, F, shiny|100\/100\n|turn|4\n|\n|t:|1698021090\n|move|p1a: Majora's Mask|Ivy Cudgel|p2a: SOPORTE\n|-supereffective|p2a: SOPORTE\n|-enditem|p2a: SOPORTE|Focus Sash\n|-damage|p2a: SOPORTE|1\/100\n|move|p2a: SOPORTE|Pollen Puff|p1b: SUS \u0d9e\n|-damage|p1b: SUS \u0d9e|79\/100\n|move|p2b: JUGADOR DE LOL|Air Cutter|p1b: SUS \u0d9e|[spread] p1a,p1b\n|-supereffective|p1b: SUS \u0d9e\n|-crit|p1b: SUS \u0d9e\n|-damage|p1a: Majora's Mask|46\/100 tox\n|-damage|p1b: SUS \u0d9e|58\/100\n|move|p1b: SUS \u0d9e|Pollen Puff|p1a: Majora's Mask\n|-heal|p1a: Majora's Mask|96\/100 tox\n|\n|-weather|SunnyDay|[upkeep]\n|-heal|p2b: JUGADOR DE LOL|99\/100|[from] item: Black Sludge\n|-heal|p1b: SUS \u0d9e|64\/100|[from] item: Black Sludge\n|-damage|p1a: Majora's Mask|78\/100 tox|[from] psn\n|-sideend|p1: Ultra-Wach99|move: Tailwind\n|upkeep\n|turn|5\n|\n|t:|1698021119\n|move|p2a: SOPORTE|Moonblast|p1a: Majora's Mask\n|-resisted|p1a: Majora's Mask\n|-damage|p1a: Majora's Mask|61\/100 tox\n|move|p1a: Majora's Mask|Ivy Cudgel|p2b: JUGADOR DE LOL\n|-damage|p2b: JUGADOR DE LOL|0 fnt\n|faint|p2b: JUGADOR DE LOL\n|move|p1b: SUS \u0d9e|Clear Smog|p2a: SOPORTE\n|-supereffective|p2a: SOPORTE\n|-damage|p2a: SOPORTE|0 fnt\n|-clearboost|p2a: SOPORTE\n|faint|p2a: SOPORTE\n|\n|-weather|SunnyDay|[upkeep]\n|-heal|p1b: SUS \u0d9e|70\/100|[from] item: Black Sludge\n|-damage|p1a: Majora's Mask|36\/100 tox|[from] psn\n|upkeep\n|inactive|EL GRAN CARPINCHO has 270 seconds left.\n|\n|t:|1698021134\n|switch|p2b: FAIRY CORE|Clefable, F|100\/100\n|turn|6\n|\n|t:|1698021142\n|move|p1a: Majora's Mask|Ivy Cudgel|p2b: FAIRY CORE\n|-damage|p2b: FAIRY CORE|0 fnt\n|faint|p2b: FAIRY CORE\n|\n|win|Ultra-Wach99\n|c|\u2606Ultra-Wach99|gg\n|l|\u2606EL GRAN CARPINCHO\n","uploadtime":1698021161,"views":8,"p1id":"ultrawach99","p2id":"elgrancarpincho","formatid":"gen9nationaldexdoubles","rating":0,"private":0,"password":""}