{"id":"gen9nationaldexdoubles-1982056847","p1":"Ench1r1d1on","p2":"NotTheSpy5","format":"[Gen 9] National Dex Doubles","log":"|j|\u2606Ench1r1d1on\n|j|\u2606NotTheSpy5\n|t:|1698963561\n|gametype|doubles\n|player|p1|Ench1r1d1on|1|\n|player|p2|NotTheSpy5|2|\n|teamsize|p1|6\n|teamsize|p2|6\n|gen|9\n|tier|[Gen 9] National Dex Doubles\n|rule|HP Percentage Mod: HP is shown in percentages\n|rule|Endless Battle Clause: Forcing endless battles is banned\n|rule|OHKO Clause: OHKO moves are banned\n|rule|Evasion Moves Clause: Evasion moves are banned\n|rule|Evasion Abilities Clause: Evasion abilities are banned\n|rule|Species Clause: Limit one of each Pok\u00e9mon\n|rule|Gravity Sleep Clause: The combination of sleep-inducing moves with imperfect accuracy and Gravity or Gigantamax Orbeetle are banned\n|clearpoke\n|poke|p1|Pelipper, F|\n|poke|p1|Toxicroak, M|\n|poke|p1|Gastrodon, M|\n|poke|p1|Volcanion|\n|poke|p1|Urshifu-*, F|\n|poke|p1|Basculegion, M|\n|poke|p2|Golurk|\n|poke|p2|Cresselia, F|\n|poke|p2|Amoonguss, F|\n|poke|p2|Hariyama, M|\n|poke|p2|Indeedee-F, F|\n|poke|p2|Yanmega, M|\n|teampreview\n|\n|t:|1698963573\n|start\n|switch|p1a: Pelipper|Pelipper, F|100\/100\n|switch|p1b: Volcanion|Volcanion|100\/100\n|switch|p2a: Indeedee|Indeedee-F, F|100\/100\n|switch|p2b: Robo Saitama|Golurk, shiny|100\/100\n|-weather|RainDance|[from] ability: Drizzle|[of] p1a: Pelipper\n|turn|1\n|\n|t:|1698963607\n|-terastallize|p2b: Robo Saitama|Water\n|move|p1b: Volcanion|Steam Eruption|p2b: Robo Saitama\n|-resisted|p2b: Robo Saitama\n|-damage|p2b: Robo Saitama|34\/100\n|-status|p2b: Robo Saitama|brn\n|-damage|p1b: Volcanion|91\/100|[from] item: Life Orb\n|move|p1a: Pelipper|Ice Beam|p2b: Robo Saitama\n|-resisted|p2b: Robo Saitama\n|-damage|p2b: Robo Saitama|17\/100 brn\n|move|p2b: Robo Saitama|Curse|p2b: Robo Saitama\n|-unboost|p2b: Robo Saitama|spe|1\n|-boost|p2b: Robo Saitama|atk|1\n|-boost|p2b: Robo Saitama|def|1\n|move|p2a: Indeedee|Trick Room|p2a: Indeedee\n|-fieldstart|move: Trick Room|[of] p2a: Indeedee\n|\n|-weather|RainDance|[upkeep]\n|-damage|p2b: Robo Saitama|11\/100 brn|[from] brn\n|upkeep\n|turn|2\n|\n|t:|1698963640\n|move|p2b: Robo Saitama|Thunder Punch|p1a: Pelipper\n|-supereffective|p1a: Pelipper\n|-damage|p1a: Pelipper|0 fnt\n|faint|p1a: Pelipper\n|move|p2a: Indeedee|Heal Pulse|p2b: Robo Saitama\n|-heal|p2b: Robo Saitama|62\/100 brn\n|move|p1b: Volcanion|Body Press|p2b: Robo Saitama\n|-damage|p2b: Robo Saitama|44\/100 brn\n|-damage|p1b: Volcanion|81\/100|[from] item: Life Orb\n|\n|-weather|RainDance|[upkeep]\n|-damage|p2b: Robo Saitama|38\/100 brn|[from] brn\n|upkeep\n|\n|t:|1698963656\n|switch|p1a: Gastrodon|Gastrodon, M|100\/100\n|turn|3\n|\n|t:|1698963690\n|move|p2b: Robo Saitama|Thunder Punch|p1b: Volcanion\n|-supereffective|p1b: Volcanion\n|-damage|p1b: Volcanion|28\/100\n|move|p1a: Gastrodon|Ice Beam|p2b: Robo Saitama\n|-resisted|p2b: Robo Saitama\n|-damage|p2b: Robo Saitama|20\/100 brn\n|move|p2a: Indeedee|Heal Pulse|p2b: Robo Saitama\n|-heal|p2b: Robo Saitama|70\/100 brn\n|move|p1b: Volcanion|Steam Eruption|p1a: Gastrodon\n|-activate|p1a: Gastrodon|ability: Storm Drain\n|-ability|p1a: Gastrodon|Storm Drain|boost\n|-boost|p1a: Gastrodon|spa|1\n|\n|-weather|RainDance|[upkeep]\n|-damage|p2b: Robo Saitama|64\/100 brn|[from] brn\n|upkeep\n|turn|4\n|\n|t:|1698963717\n|move|p2a: Indeedee|Follow Me|p2a: Indeedee\n|-singleturn|p2a: Indeedee|move: Follow Me\n|move|p2b: Robo Saitama|Thunder Punch|p1b: Volcanion\n|-supereffective|p1b: Volcanion\n|-damage|p1b: Volcanion|0 fnt\n|faint|p1b: Volcanion\n|move|p1a: Gastrodon|Pain Split|p2a: Indeedee\n|-sethp|p2a: Indeedee|100\/100|[from] move: Pain Split|[silent]\n|-sethp|p1a: Gastrodon|91\/100|[from] move: Pain Split\n|\n|-weather|RainDance|[upkeep]\n|-damage|p2b: Robo Saitama|58\/100 brn|[from] brn\n|upkeep\n|\n|t:|1698963730\n|switch|p1b: Toxicroak|Toxicroak, M|100\/100\n|turn|5\n|\n|t:|1698963763\n|move|p2a: Indeedee|Follow Me|p2a: Indeedee\n|-singleturn|p2a: Indeedee|move: Follow Me\n|move|p2b: Robo Saitama|Curse|p2b: Robo Saitama\n|-unboost|p2b: Robo Saitama|spe|1\n|-boost|p2b: Robo Saitama|atk|1\n|-boost|p2b: Robo Saitama|def|1\n|move|p1a: Gastrodon|Substitute|p1a: Gastrodon\n|-start|p1a: Gastrodon|Substitute\n|-damage|p1a: Gastrodon|66\/100\n|move|p1b: Toxicroak|Swords Dance|p1b: Toxicroak\n|-boost|p1b: Toxicroak|atk|2\n|\n|-weather|RainDance|[upkeep]\n|-damage|p2b: Robo Saitama|53\/100 brn|[from] brn\n|-fieldend|move: Trick Room\n|upkeep\n|turn|6\n|\n|t:|1698963791\n|move|p1b: Toxicroak|Baton Pass|p1b: Toxicroak\n|\n|t:|1698963793\n|switch|p1b: Urshifu|Urshifu-Rapid-Strike, F|100\/100|[from] Baton Pass\n|move|p1a: Gastrodon|Earth Power|p2a: Indeedee\n|-damage|p2a: Indeedee|43\/100\n|move|p2b: Robo Saitama|Drain Punch|p1b: Urshifu\n|-damage|p1b: Urshifu|70\/100\n|-heal|p2b: Robo Saitama|69\/100 brn|[from] drain|[of] p1b: Urshifu\n|move|p2a: Indeedee|Trick Room|p2a: Indeedee\n|-fieldstart|move: Trick Room|[of] p2a: Indeedee\n|\n|-weather|RainDance|[upkeep]\n|-damage|p2b: Robo Saitama|63\/100 brn|[from] brn\n|upkeep\n|turn|7\n|\n|t:|1698963820\n|move|p2b: Robo Saitama|Thunder Punch|p1b: Urshifu\n|-supereffective|p1b: Urshifu\n|-damage|p1b: Urshifu|5\/100\n|move|p1a: Gastrodon|Ice Beam|p2a: Indeedee\n|-damage|p2a: Indeedee|5\/100\n|-status|p2a: Indeedee|frz\n|-enditem|p2a: Indeedee|Aguav Berry|[eat]\n|-heal|p2a: Indeedee|38\/100 frz|[from] item: Aguav Berry\n|cant|p2a: Indeedee|frz\n|move|p1b: Urshifu|Surging Strikes|p1a: Gastrodon\n|-activate|p1a: Gastrodon|ability: Storm Drain\n|-ability|p1a: Gastrodon|Storm Drain|boost\n|-boost|p1a: Gastrodon|spa|1\n|\n|-weather|RainDance|[upkeep]\n|-damage|p2b: Robo Saitama|57\/100 brn|[from] brn\n|upkeep\n|turn|8\n|l|\u2606NotTheSpy5\n|player|p2|\n|j|\u2606NotTheSpy5\n|player|p2|NotTheSpy5|2\n|\n|t:|1698963900\n|switch|p2a: Ranni|Cresselia, F, shiny|100\/100\n|move|p1b: Urshifu|Detect|p1b: Urshifu\n|-singleturn|p1b: Urshifu|Protect\n|move|p2b: Robo Saitama|Drain Punch|p1b: Urshifu\n|-activate|p1b: Urshifu|move: Protect\n|move|p1a: Gastrodon|Ice Beam|p2b: Robo Saitama\n|-resisted|p2b: Robo Saitama\n|-damage|p2b: Robo Saitama|20\/100 brn\n|\n|-weather|none\n|-damage|p2b: Robo Saitama|14\/100 brn|[from] brn\n|upkeep\n|turn|9\n|l|\u2606NotTheSpy5\n|player|p2|\n|j|\u2606NotTheSpy5\n|player|p2|NotTheSpy5|2\n|\n|t:|1698963951\n|move|p2a: Ranni|Ally Switch|p2a: Ranni\n|swap|p2a: Ranni|1|[from] move: Ally Switch\n|move|p2a: Robo Saitama|Ice Punch|p1a: Gastrodon\n|-end|p1a: Gastrodon|Substitute\n|move|p1a: Gastrodon|Ice Beam|p2b: Ranni\n|-damage|p2b: Ranni|67\/100\n|move|p1b: Urshifu|U-turn|p2a: Robo Saitama\n|-damage|p2a: Robo Saitama|0 fnt\n|faint|p2a: Robo Saitama\n|\n|t:|1698963964\n|switch|p1b: Toxicroak|Toxicroak, M|100\/100|[from] U-turn\n|\n|-heal|p2b: Ranni|74\/100|[from] item: Leftovers\n|upkeep\n|\n|t:|1698963986\n|switch|p2a: Janmega|Yanmega, M, shiny|100\/100\n|turn|10\n|\n|t:|1698964016\n|switch|p1b: Basculegion|Basculegion, M|100\/100\n|move|p1a: Gastrodon|Ice Beam|p2a: Janmega\n|-supereffective|p2a: Janmega\n|-crit|p2a: Janmega\n|-damage|p2a: Janmega|0 fnt\n|faint|p2a: Janmega\n|move|p2b: Ranni|Psychic|p1b: Basculegion\n|-damage|p1b: Basculegion|72\/100\n|\n|-heal|p2b: Ranni|80\/100|[from] item: Leftovers\n|-fieldend|move: Trick Room\n|upkeep\n|\n|t:|1698964025\n|switch|p2a: Hanayama|Hariyama, M, shiny|100\/100\n|turn|11\n|\n|t:|1698964034\n|move|p2a: Hanayama|Fake Out|p1a: Gastrodon\n|-damage|p1a: Gastrodon|50\/100\n|move|p1b: Basculegion|Last Respects|p2b: Ranni\n|-supereffective|p2b: Ranni\n|-damage|p2b: Ranni|0 fnt\n|faint|p2b: Ranni\n|cant|p1a: Gastrodon|flinch\n|\n|-status|p2a: Hanayama|brn|[from] item: Flame Orb\n|upkeep\n|\n|t:|1698964051\n|switch|p2b: Indeedee|Indeedee-F, F|38\/100 frz\n|turn|12\n|\n|t:|1698964082\n|-curestatus|p2b: Indeedee|frz|[msg]\n|move|p2b: Indeedee|Follow Me|p2b: Indeedee\n|-singleturn|p2b: Indeedee|move: Follow Me\n|move|p1b: Basculegion|Ice Fang|p2b: Indeedee\n|-damage|p2b: Indeedee|18\/100\n|move|p1a: Gastrodon|Earth Power|p2b: Indeedee\n|-damage|p2b: Indeedee|0 fnt\n|faint|p2b: Indeedee\n|move|p2a: Hanayama|Earthquake|p1b: Basculegion|[spread] p1a,p1b\n|-damage|p1a: Gastrodon|2\/100\n|-damage|p1b: Basculegion|16\/100\n|\n|-damage|p2a: Hanayama|94\/100 brn|[from] brn\n|upkeep\n|\n|t:|1698964089\n|switch|p2b: Among us|Amoonguss, F|100\/100\n|turn|13\n|\n|t:|1698964107\n|move|p1b: Basculegion|Last Respects|p2b: Among us\n|-damage|p2b: Among us|42\/100\n|-enditem|p2b: Among us|Sitrus Berry|[eat]\n|-heal|p2b: Among us|67\/100|[from] item: Sitrus Berry\n|move|p1a: Gastrodon|Pain Split|p2a: Hanayama\n|-sethp|p2a: Hanayama|48\/100 brn|[from] move: Pain Split|[silent]\n|-sethp|p1a: Gastrodon|56\/100|[from] move: Pain Split\n|move|p2a: Hanayama|Drain Punch|p1a: Gastrodon\n|-damage|p1a: Gastrodon|0 fnt\n|-heal|p2a: Hanayama|72\/100 brn|[from] drain|[of] p1a: Gastrodon\n|faint|p1a: Gastrodon\n|move|p2b: Among us|Pollen Puff|p1b: Basculegion\n|-resisted|p1b: Basculegion\n|-damage|p1b: Basculegion|6\/100\n|\n|-damage|p2a: Hanayama|66\/100 brn|[from] brn\n|upkeep\n|\n|t:|1698964126\n|switch|p1a: Toxicroak|Toxicroak, M|100\/100\n|turn|14\n|\n|t:|1698964139\n|move|p1a: Toxicroak|Bullet Punch|p2a: Hanayama\n|-damage|p2a: Hanayama|56\/100 brn\n|move|p1b: Basculegion|Last Respects|p2b: Among us\n|-damage|p2b: Among us|0 fnt\n|faint|p2b: Among us\n|move|p2a: Hanayama|Facade|p1a: Toxicroak\n|-damage|p1a: Toxicroak|3\/100\n|\n|-heal|p1a: Toxicroak|9\/100|[from] item: Black Sludge\n|-damage|p2a: Hanayama|50\/100 brn|[from] brn\n|upkeep\n|turn|15\n|\n|t:|1698964159\n|move|p1a: Toxicroak|Bullet Punch|p2a: Hanayama\n|-damage|p2a: Hanayama|40\/100 brn\n|move|p1b: Basculegion|Ice Fang|p2a: Hanayama\n|-damage|p2a: Hanayama|17\/100 brn\n|move|p2a: Hanayama|Earthquake|p1a: Toxicroak|[spread] p1a,p1b\n|-supereffective|p1a: Toxicroak\n|-damage|p1a: Toxicroak|0 fnt\n|-damage|p1b: Basculegion|0 fnt\n|faint|p1a: Toxicroak\n|faint|p1b: Basculegion\n|\n|-damage|p2a: Hanayama|10\/100 brn|[from] brn\n|upkeep\n|\n|t:|1698964176\n|switch|p1b: Urshifu|Urshifu-Rapid-Strike, F|5\/100\n|turn|16\n|\n|t:|1698964189\n|move|p1b: Urshifu|Surging Strikes|p2a: Hanayama\n|-crit|p2a: Hanayama\n|-damage|p2a: Hanayama|0 fnt\n|faint|p2a: Hanayama\n|-hitcount|p2: Hanayama|1\n|\n|win|Ench1r1d1on\n","uploadtime":1698964196,"views":9,"p1id":"ench1r1d1on","p2id":"notthespy5","formatid":"gen9nationaldexdoubles","rating":0,"private":0,"password":""}