{"id":"gen9nationaldexdoubles-1957438461","p1":"Wicklette","p2":"Christheboss90","format":"[Gen 9] National Dex Doubles","log":"|j|\u2606Wicklette\n|j|\u2606Christheboss90\n|t:|1696221164\n|gametype|doubles\n|player|p1|Wicklette|aromalady|1000\n|player|p2|Christheboss90|red|1163\n|teamsize|p1|6\n|teamsize|p2|6\n|gen|9\n|tier|[Gen 9] National Dex Doubles\n|rated|\n|rule|HP Percentage Mod: HP is shown in percentages\n|rule|Endless Battle Clause: Forcing endless battles is banned\n|rule|OHKO Clause: OHKO moves are banned\n|rule|Evasion Moves Clause: Evasion moves are banned\n|rule|Evasion Abilities Clause: Evasion abilities are banned\n|rule|Species Clause: Limit one of each Pok\u00e9mon\n|rule|Gravity Sleep Clause: The combination of sleep-inducing moves with imperfect accuracy and Gravity or Gigantamax Orbeetle are banned\n|clearpoke\n|poke|p1|Shuckle, M|\n|poke|p1|Snorlax, M|\n|poke|p1|Meowscarada, F|\n|poke|p1|Hatterene, F|\n|poke|p1|Gothitelle, F|\n|poke|p1|Ribombee, M|\n|poke|p2|Medicham, F|\n|poke|p2|Rapidash-Galar, F|\n|poke|p2|Malamar, M|\n|poke|p2|Regieleki|\n|poke|p2|Regigigas|\n|poke|p2|Zarude|\n|teampreview\n|inactive|Battle timer is ON: inactive players will automatically lose when time's up. (requested by Christheboss90)\n|\n|t:|1696221175\n|start\n|switch|p1a: The Lolita|Gothitelle, F|100\/100\n|switch|p1b: The Trickster|Meowscarada, F|100\/100\n|switch|p2a: Medicham|Medicham, F, shiny|100\/100\n|switch|p2b: Malamar|Malamar, M, shiny|100\/100\n|turn|1\n|inactive|Christheboss90 has 120 seconds left.\n|inactive|Christheboss90 has 90 seconds left.\n|\n|t:|1696221235\n|detailschange|p2a: Medicham|Medicham-Mega, F, shiny\n|-mega|p2a: Medicham|Medicham|Medichamite\n|move|p1a: The Lolita|Fake Out|p2b: Malamar\n|-damage|p2b: Malamar|97\/100\n|move|p1b: The Trickster|Taunt|p2a: Medicham\n|-start|p2a: Medicham|move: Taunt\n|cant|p2a: Medicham|move: Taunt|Light Screen\n|cant|p2b: Malamar|flinch\n|\n|upkeep\n|turn|2\n|inactive|Wicklette has 120 seconds left.\n|\n|t:|1696221267\n|switch|p1b: The Shuckster|Shuckle, M|100\/100\n|move|p2b: Malamar|Ally Switch|p2b: Malamar\n|swap|p2b: Malamar|0|[from] move: Ally Switch\n|move|p2b: Medicham|Aura Sphere|p1b: The Shuckster\n|-damage|p1b: The Shuckster|82\/100\n|move|p1a: The Lolita|Trick Room|p1a: The Lolita\n|-fieldstart|move: Trick Room|[of] p1a: The Lolita\n|\n|upkeep\n|turn|3\n|inactive|Christheboss90 has 120 seconds left.\n|\n|t:|1696221293\n|switch|p1a: The Punching Bag|Snorlax, M|100\/100\n|move|p1b: The Shuckster|Guard Split|p1a: The Punching Bag\n|-activate|p1b: The Shuckster|move: Guard Split|[of] p1a: The Punching Bag\n|move|p2a: Malamar|Hypnosis|p1a: The Punching Bag|[miss]\n|-miss|p2a: Malamar|p1a: The Punching Bag\n|move|p2b: Medicham|Aura Sphere|p1b: The Shuckster\n|-damage|p1b: The Shuckster|59\/100\n|\n|-end|p2b: Medicham|move: Taunt\n|upkeep\n|turn|4\n|inactive|Christheboss90 has 120 seconds left.\n|\n|t:|1696221315\n|switch|p1b: The Lolita|Gothitelle, F|100\/100\n|switch|p2a: RegiGG's|Regigigas, shiny|100\/100\n|-start|p2a: RegiGG's|ability: Slow Start\n|move|p1a: The Punching Bag|Amnesia|p1a: The Punching Bag\n|-boost|p1a: The Punching Bag|spd|2\n|move|p2b: Medicham|Skill Swap|p2a: RegiGG's\n|-activate|p2b: Medicham|move: Skill Swap|||[of] p2a: RegiGG's\n|-end|p2a: RegiGG's|Slow Start|[silent]\n|-start|p2b: Medicham|ability: Slow Start\n|\n|upkeep\n|turn|5\n|inactive|Christheboss90 has 120 seconds left.\n|\n|t:|1696221339\n|move|p1b: The Lolita|Fake Out|p2b: Medicham\n|-damage|p2b: Medicham|94\/100\n|move|p1a: The Punching Bag|Curse|p1a: The Punching Bag\n|-unboost|p1a: The Punching Bag|spe|1\n|-boost|p1a: The Punching Bag|atk|1\n|-boost|p1a: The Punching Bag|def|1\n|cant|p2b: Medicham|flinch\n|move|p2a: RegiGG's|Drain Punch|p1a: The Punching Bag\n|-supereffective|p1a: The Punching Bag\n|-damage|p1a: The Punching Bag|62\/100\n|\n|upkeep\n|turn|6\n|inactive|Christheboss90 has 120 seconds left.\n|\n|t:|1696221361\n|switch|p1b: The Bee|Ribombee, M|100\/100\n|move|p1a: The Punching Bag|Curse|p1a: The Punching Bag\n|-unboost|p1a: The Punching Bag|spe|1\n|-boost|p1a: The Punching Bag|atk|1\n|-boost|p1a: The Punching Bag|def|1\n|move|p2b: Medicham|Skill Swap|p1a: The Punching Bag\n|-activate|p2b: Medicham|move: Skill Swap|Thick Fat|Slow Start|[of] p1a: The Punching Bag\n|-end|p2b: Medicham|Slow Start|[silent]\n|-start|p1a: The Punching Bag|ability: Slow Start\n|move|p2a: RegiGG's|Drain Punch|p1a: The Punching Bag\n|-supereffective|p1a: The Punching Bag\n|-damage|p1a: The Punching Bag|35\/100\n|\n|-fieldend|move: Trick Room\n|upkeep\n|turn|7\n|inactive|Christheboss90 has 120 seconds left.\n|\n|t:|1696221385\n|switch|p2b: Malamar|Malamar, M, shiny|97\/100\n|-terastallize|p2a: RegiGG's|Ghost\n|move|p1b: The Bee|Pollen Puff|p1a: The Punching Bag\n|-heal|p1a: The Punching Bag|85\/100\n|move|p2a: RegiGG's|Drain Punch|p1a: The Punching Bag\n|-supereffective|p1a: The Punching Bag\n|-damage|p1a: The Punching Bag|56\/100\n|move|p1a: The Punching Bag|Rest|p1a: The Punching Bag\n|-block|p1a: The Punching Bag|ability: Sweet Veil|[of] p1b: The Bee\n|\n|upkeep\n|turn|8\n|inactive|Wicklette has 120 seconds left.\n|\n|t:|1696221420\n|move|p2a: RegiGG's|Protect|p2a: RegiGG's\n|-singleturn|p2a: RegiGG's|Protect\n|move|p1b: The Bee|Trick|p1a: The Punching Bag\n|-activate|p1b: The Bee|move: Trick|[of] p1a: The Punching Bag\n|-item|p1a: The Punching Bag|Leftovers|[from] move: Trick\n|-item|p1b: The Bee|Chesto Berry|[from] move: Trick\n|move|p2b: Malamar|Topsy-Turvy|p1a: The Punching Bag\n|-invertboost|p1a: The Punching Bag|[from] move: Topsy-Turvy\n|move|p1a: The Punching Bag|Curse|p1a: The Punching Bag\n|-unboost|p1a: The Punching Bag|spe|1\n|-boost|p1a: The Punching Bag|atk|1\n|-boost|p1a: The Punching Bag|def|1\n|\n|-heal|p1a: The Punching Bag|62\/100|[from] item: Leftovers\n|upkeep\n|turn|9\n|inactive|Wicklette has 120 seconds left.\n|\n|t:|1696221446\n|-end|p1a: The Punching Bag|Slow Start|[silent]\n|switch|p1a: The Lolita|Gothitelle, F|100\/100\n|move|p1b: The Bee|U-turn|p2b: Malamar\n|-supereffective|p2b: Malamar\n|-damage|p2b: Malamar|58\/100\n|inactive|Wicklette has 120 seconds left.\n|\n|t:|1696221454\n|switch|p1b: The Witch|Hatterene, F|100\/100|[from] U-turn\n|move|p2a: RegiGG's|Drain Punch|p1a: The Lolita\n|-resisted|p1a: The Lolita\n|-damage|p1a: The Lolita|73\/100\n|move|p2b: Malamar|Expanding Force|p1b: The Witch\n|-resisted|p1b: The Witch\n|-damage|p1b: The Witch|91\/100\n|\n|upkeep\n|turn|10\n|inactive|Wicklette has 120 seconds left.\n|\n|t:|1696221488\n|move|p1a: The Lolita|Fake Out|p2b: Malamar\n|-damage|p2b: Malamar|54\/100\n|move|p2a: RegiGG's|Ice Punch|p1b: The Witch\n|-damage|p1b: The Witch|22\/100\n|cant|p2b: Malamar|flinch\n|move|p1b: The Witch|Skill Swap|p2a: RegiGG's\n|-activate|p1b: The Witch|move: Skill Swap|Pure Power|Magic Bounce|[of] p2a: RegiGG's\n|\n|upkeep\n|turn|11\n|inactive|Christheboss90 has 120 seconds left.\n|\n|t:|1696221519\n|move|p2a: RegiGG's|Ice Punch|p1a: The Lolita\n|-damage|p1a: The Lolita|42\/100\n|-status|p1a: The Lolita|frz\n|move|p2b: Malamar|Hypnosis|p1a: The Lolita|[miss]\n|-miss|p2b: Malamar|p1a: The Lolita\n|move|p1b: The Witch|Misty Explosion|p2a: RegiGG's|[spread] p1a,p2a,p2b\n|-crit|p1a: The Lolita\n|-supereffective|p2b: Malamar\n|-damage|p1a: The Lolita|0 fnt\n|-damage|p2a: RegiGG's|70\/100\n|-damage|p2b: Malamar|0 fnt\n|faint|p1b: The Witch\n|faint|p1a: The Lolita\n|faint|p2b: Malamar\n|\n|-heal|p2a: RegiGG's|76\/100|[from] item: Leftovers\n|upkeep\n|\n|t:|1696221541\n|switch|p2b: Medicham|Medicham-Mega, F, shiny|94\/100\n|switch|p1a: The Shuckster|Shuckle, M|59\/100\n|switch|p1b: The Punching Bag|Snorlax, M|62\/100\n|turn|12\n|\n|t:|1696221550\n|move|p2a: RegiGG's|Drain Punch|p1b: The Punching Bag\n|-supereffective|p1b: The Punching Bag\n|-damage|p1b: The Punching Bag|16\/100\n|-heal|p2a: RegiGG's|100\/100|[from] drain|[of] p1b: The Punching Bag\n|move|p2b: Medicham|Skill Swap|p2a: RegiGG's\n|-activate|p2b: Medicham|move: Skill Swap|||[of] p2a: RegiGG's\n|move|p1b: The Punching Bag|Rest|p1b: The Punching Bag\n|-status|p1b: The Punching Bag|slp|[from] move: Rest\n|-heal|p1b: The Punching Bag|100\/100 slp|[silent]\n|move|p1a: The Shuckster|Guard Split|p1b: The Punching Bag\n|-activate|p1a: The Shuckster|move: Guard Split|[of] p1b: The Punching Bag\n|\n|upkeep\n|turn|13\n|\n|t:|1696221570\n|move|p2a: RegiGG's|Drain Punch|p1b: The Punching Bag\n|-supereffective|p1b: The Punching Bag\n|-damage|p1b: The Punching Bag|48\/100 slp\n|move|p2b: Medicham|Light Screen|p2b: Medicham\n|-sidestart|p2: Christheboss90|move: Light Screen\n|cant|p1b: The Punching Bag|slp\n|move|p1a: The Shuckster|Gastro Acid|p2a: RegiGG's\n|-endability|p2a: RegiGG's\n|\n|-heal|p1b: The Punching Bag|54\/100 slp|[from] item: Leftovers\n|upkeep\n|turn|14\n|\n|t:|1696221583\n|switch|p1a: The Bee|Ribombee, M|100\/100\n|move|p2a: RegiGG's|Drain Punch|p1b: The Punching Bag\n|-supereffective|p1b: The Punching Bag\n|-crit|p1b: The Punching Bag\n|-damage|p1b: The Punching Bag|14\/100 slp\n|move|p2b: Medicham|Calm Mind|p2b: Medicham\n|-boost|p2b: Medicham|spa|1\n|-boost|p2b: Medicham|spd|1\n|cant|p1b: The Punching Bag|slp\n|\n|-heal|p1b: The Punching Bag|20\/100 slp|[from] item: Leftovers\n|upkeep\n|turn|15\n|\n|t:|1696221597\n|move|p1a: The Bee|Pollen Puff|p1b: The Punching Bag\n|-heal|p1b: The Punching Bag|70\/100 slp\n|move|p2a: RegiGG's|Ice Punch|p1a: The Bee\n|-damage|p1a: The Bee|39\/100\n|move|p2b: Medicham|Aura Sphere|p1b: The Punching Bag\n|-supereffective|p1b: The Punching Bag\n|-damage|p1b: The Punching Bag|41\/100 slp\n|-curestatus|p1b: The Punching Bag|slp|[msg]\n|move|p1b: The Punching Bag|Curse|p1b: The Punching Bag\n|-unboost|p1b: The Punching Bag|spe|1\n|-boost|p1b: The Punching Bag|atk|1\n|-boost|p1b: The Punching Bag|def|1\n|\n|-heal|p1b: The Punching Bag|47\/100|[from] item: Leftovers\n|upkeep\n|turn|16\n|\n|t:|1696221616\n|move|p1a: The Bee|Pollen Puff|p1b: The Punching Bag\n|-heal|p1b: The Punching Bag|97\/100\n|move|p2a: RegiGG's|Ice Punch|p1a: The Bee\n|-damage|p1a: The Bee|0 fnt\n|faint|p1a: The Bee\n|move|p2b: Medicham|Aura Sphere|p1b: The Punching Bag\n|-supereffective|p1b: The Punching Bag\n|-damage|p1b: The Punching Bag|66\/100\n|move|p1b: The Punching Bag|Amnesia|p1b: The Punching Bag\n|-boost|p1b: The Punching Bag|spd|2\n|\n|-heal|p1b: The Punching Bag|72\/100|[from] item: Leftovers\n|upkeep\n|\n|t:|1696221630\n|switch|p1a: The Trickster|Meowscarada, F|100\/100\n|turn|17\n|\n|t:|1696221646\n|switch|p2b: Rapidash|Rapidash-Galar, F|100\/100\n|move|p1a: The Trickster|Sucker Punch|p2a: RegiGG's\n|-supereffective|p2a: RegiGG's\n|-damage|p2a: RegiGG's|39\/100\n|move|p2a: RegiGG's|Ice Punch|p1a: The Trickster\n|-supereffective|p1a: The Trickster\n|-enditem|p1a: The Trickster|Focus Sash\n|-damage|p1a: The Trickster|1\/100\n|move|p1b: The Punching Bag|Curse|p1b: The Punching Bag\n|-unboost|p1b: The Punching Bag|spe|1\n|-boost|p1b: The Punching Bag|atk|1\n|-boost|p1b: The Punching Bag|def|1\n|\n|-heal|p2a: RegiGG's|45\/100|[from] item: Leftovers\n|-heal|p1b: The Punching Bag|78\/100|[from] item: Leftovers\n|-sideend|p2: Christheboss90|move: Light Screen\n|upkeep\n|turn|18\n|\n|t:|1696221664\n|move|p2a: RegiGG's|Protect|p2a: RegiGG's\n|-singleturn|p2a: RegiGG's|Protect\n|move|p1a: The Trickster|Sucker Punch||[still]\n|-fail|p1a: The Trickster\n|move|p2b: Rapidash|Play Rough|p1a: The Trickster\n|-supereffective|p1a: The Trickster\n|-damage|p1a: The Trickster|0 fnt\n|faint|p1a: The Trickster\n|move|p1b: The Punching Bag|Curse|p1b: The Punching Bag\n|-unboost|p1b: The Punching Bag|spe|1\n|-boost|p1b: The Punching Bag|atk|1\n|-boost|p1b: The Punching Bag|def|1\n|\n|-heal|p2a: RegiGG's|51\/100|[from] item: Leftovers\n|-heal|p1b: The Punching Bag|84\/100|[from] item: Leftovers\n|upkeep\n|\n|t:|1696221668\n|switch|p1a: The Shuckster|Shuckle, M|59\/100\n|turn|19\n|\n|t:|1696221684\n|move|p2b: Rapidash|Psychic Terrain|p2b: Rapidash\n|-fieldstart|move: Psychic Terrain\n|move|p2a: RegiGG's|Drain Punch|p1b: The Punching Bag\n|-supereffective|p1b: The Punching Bag\n|-damage|p1b: The Punching Bag|74\/100\n|-heal|p2a: RegiGG's|57\/100|[from] drain|[of] p1b: The Punching Bag\n|move|p1a: The Shuckster|Infestation|p2a: RegiGG's\n|-resisted|p2a: RegiGG's\n|-damage|p2a: RegiGG's|57\/100\n|-activate|p2a: RegiGG's|move: Infestation|[of] p1a: The Shuckster\n|move|p1b: The Punching Bag|Curse|p1b: The Punching Bag\n|-unboost|p1b: The Punching Bag|spe|1\n|-boost|p1b: The Punching Bag|atk|1\n|-boost|p1b: The Punching Bag|def|1\n|\n|-heal|p2a: RegiGG's|63\/100|[from] item: Leftovers\n|-heal|p1b: The Punching Bag|80\/100|[from] item: Leftovers\n|-damage|p2a: RegiGG's|50\/100|[from] move: Infestation|[partiallytrapped]\n|upkeep\n|turn|20\n|\n|t:|1696221708\n|move|p1a: The Shuckster|Protect|p1a: The Shuckster\n|-singleturn|p1a: The Shuckster|Protect\n|move|p2b: Rapidash|Expanding Force|p1b: The Punching Bag|[spread] p1b\n|-activate|p1a: The Shuckster|move: Protect\n|-damage|p1b: The Punching Bag|73\/100\n|move|p2a: RegiGG's|Drain Punch|p1b: The Punching Bag\n|-supereffective|p1b: The Punching Bag\n|-damage|p1b: The Punching Bag|64\/100\n|-heal|p2a: RegiGG's|56\/100|[from] drain|[of] p1b: The Punching Bag\n|move|p1b: The Punching Bag|Curse|p1b: The Punching Bag\n|-unboost|p1b: The Punching Bag|spe|1\n|-boost|p1b: The Punching Bag|atk|1\n|-boost|p1b: The Punching Bag|def|1\n|\n|-heal|p2a: RegiGG's|62\/100|[from] item: Leftovers\n|-heal|p1b: The Punching Bag|70\/100|[from] item: Leftovers\n|-damage|p2a: RegiGG's|49\/100|[from] move: Infestation|[partiallytrapped]\n|upkeep\n|turn|21\n|inactive|Wicklette has 120 seconds left.\n|\n|t:|1696221743\n|move|p2b: Rapidash|Heal Pulse|p2a: RegiGG's\n|-heal|p2a: RegiGG's|99\/100\n|move|p2a: RegiGG's|Ice Punch|p1a: The Shuckster\n|-damage|p1a: The Shuckster|33\/100\n|-enditem|p1a: The Shuckster|Sitrus Berry|[eat]\n|-heal|p1a: The Shuckster|58\/100|[from] item: Sitrus Berry\n|move|p1a: The Shuckster|Gastro Acid|p2b: Rapidash\n|-endability|p2b: Rapidash\n|move|p1b: The Punching Bag|Curse|p1b: The Punching Bag\n|-unboost|p1b: The Punching Bag|spe|1\n|-boost|p1b: The Punching Bag|atk|1\n|-boost|p1b: The Punching Bag|def|1\n|\n|-heal|p2a: RegiGG's|100\/100|[from] item: Leftovers\n|-heal|p1b: The Punching Bag|76\/100|[from] item: Leftovers\n|-damage|p2a: RegiGG's|88\/100|[from] move: Infestation|[partiallytrapped]\n|upkeep\n|turn|22\n|inactive|Wicklette has 120 seconds left.\n|\n|t:|1696221765\n|move|p1a: The Shuckster|Protect|p1a: The Shuckster\n|-singleturn|p1a: The Shuckster|Protect\n|move|p2b: Rapidash|Expanding Force|p1a: The Shuckster|[spread] p1b\n|-activate|p1a: The Shuckster|move: Protect\n|-damage|p1b: The Punching Bag|70\/100\n|move|p2a: RegiGG's|Ice Punch|p1a: The Shuckster\n|-activate|p1a: The Shuckster|move: Protect\n|move|p1b: The Punching Bag|Rollout|p2a: RegiGG's\n|-damage|p2a: RegiGG's|63\/100\n|\n|-heal|p2a: RegiGG's|69\/100|[from] item: Leftovers\n|-heal|p1b: The Punching Bag|76\/100|[from] item: Leftovers\n|-damage|p2a: RegiGG's|57\/100|[from] move: Infestation|[partiallytrapped]\n|upkeep\n|turn|23\n|\n|t:|1696221784\n|move|p2b: Rapidash|Heal Pulse|p2a: RegiGG's\n|-heal|p2a: RegiGG's|100\/100\n|move|p2a: RegiGG's|Ice Punch|p1a: The Shuckster\n|-damage|p1a: The Shuckster|35\/100\n|move|p1a: The Shuckster|Infestation|p2a: RegiGG's\n|-resisted|p2a: RegiGG's\n|-damage|p2a: RegiGG's|99\/100\n|move|p1b: The Punching Bag|Rollout|p2a: RegiGG's|[from]lockedmove\n|-damage|p2a: RegiGG's|44\/100\n|\n|-heal|p2a: RegiGG's|50\/100|[from] item: Leftovers\n|-heal|p1b: The Punching Bag|82\/100|[from] item: Leftovers\n|-damage|p2a: RegiGG's|37\/100|[from] move: Infestation|[partiallytrapped]\n|-fieldend|move: Psychic Terrain\n|upkeep\n|turn|24\n|\n|t:|1696221807\n|move|p2a: RegiGG's|Protect|p2a: RegiGG's\n|-singleturn|p2a: RegiGG's|Protect\n|move|p2b: Rapidash|Expanding Force|p1a: The Shuckster\n|-damage|p1a: The Shuckster|15\/100\n|move|p1a: The Shuckster|Infestation|p2b: Rapidash\n|-damage|p2b: Rapidash|98\/100\n|-activate|p2b: Rapidash|move: Infestation|[of] p1a: The Shuckster\n|move|p1b: The Punching Bag|Rollout|p2a: RegiGG's|[from]lockedmove\n|-activate|p2a: RegiGG's|move: Protect\n|\n|-heal|p2a: RegiGG's|43\/100|[from] item: Leftovers\n|-heal|p1b: The Punching Bag|88\/100|[from] item: Leftovers\n|-damage|p2b: Rapidash|86\/100|[from] move: Infestation|[partiallytrapped]\n|-end|p2a: RegiGG's|Infestation|[partiallytrapped]\n|upkeep\n|turn|25\n|\n|t:|1696221836\n|move|p1a: The Shuckster|Protect|p1a: The Shuckster\n|-singleturn|p1a: The Shuckster|Protect\n|move|p2b: Rapidash|Heal Pulse|p2a: RegiGG's\n|-heal|p2a: RegiGG's|93\/100\n|move|p2a: RegiGG's|Drain Punch|p1b: The Punching Bag\n|-supereffective|p1b: The Punching Bag\n|-crit|p1b: The Punching Bag\n|-damage|p1b: The Punching Bag|46\/100\n|-heal|p2a: RegiGG's|100\/100|[from] drain|[of] p1b: The Punching Bag\n|move|p1b: The Punching Bag|Rollout|p2a: RegiGG's\n|-damage|p2a: RegiGG's|73\/100\n|\n|-heal|p2a: RegiGG's|79\/100|[from] item: Leftovers\n|-heal|p1b: The Punching Bag|52\/100|[from] item: Leftovers\n|-damage|p2b: Rapidash|74\/100|[from] move: Infestation|[partiallytrapped]\n|upkeep\n|turn|26\n|inactive|Christheboss90 has 120 seconds left.\n|\n|t:|1696221866\n|move|p2a: RegiGG's|Protect|p2a: RegiGG's\n|-singleturn|p2a: RegiGG's|Protect\n|move|p2b: Rapidash|Expanding Force|p1a: The Shuckster\n|-damage|p1a: The Shuckster|0 fnt\n|faint|p1a: The Shuckster\n|move|p1b: The Punching Bag|Rollout|p2a: RegiGG's|[from]lockedmove\n|-activate|p2a: RegiGG's|move: Protect\n|\n|-heal|p2a: RegiGG's|85\/100|[from] item: Leftovers\n|-heal|p1b: The Punching Bag|58\/100|[from] item: Leftovers\n|-end|p2b: Rapidash|Infestation|[partiallytrapped]|[silent]\n|upkeep\n|turn|27\n|\n|t:|1696221890\n|switch|p2b: Medicham|Medicham-Mega, F, shiny|94\/100\n|move|p2a: RegiGG's|Drain Punch|p1b: The Punching Bag\n|-supereffective|p1b: The Punching Bag\n|-damage|p1b: The Punching Bag|52\/100\n|-heal|p2a: RegiGG's|89\/100|[from] drain|[of] p1b: The Punching Bag\n|move|p1b: The Punching Bag|Amnesia|p1b: The Punching Bag\n|-boost|p1b: The Punching Bag|spd|2\n|\n|-heal|p2a: RegiGG's|95\/100|[from] item: Leftovers\n|-heal|p1b: The Punching Bag|58\/100|[from] item: Leftovers\n|upkeep\n|turn|28\n|\n|t:|1696221906\n|move|p2a: RegiGG's|Drain Punch|p1b: The Punching Bag\n|-supereffective|p1b: The Punching Bag\n|-damage|p1b: The Punching Bag|51\/100\n|-heal|p2a: RegiGG's|99\/100|[from] drain|[of] p1b: The Punching Bag\n|move|p2b: Medicham|Skill Swap|p2a: RegiGG's\n|-activate|p2b: Medicham|move: Skill Swap|||[of] p2a: RegiGG's\n|move|p1b: The Punching Bag|Amnesia|p1b: The Punching Bag\n|-boost|p1b: The Punching Bag|spd|2\n|\n|-heal|p2a: RegiGG's|100\/100|[from] item: Leftovers\n|-heal|p1b: The Punching Bag|57\/100|[from] item: Leftovers\n|upkeep\n|turn|29\n|\n|t:|1696221932\n|switch|p2b: Rapidash|Rapidash-Galar, F|74\/100\n|move|p2a: RegiGG's|Drain Punch|p1b: The Punching Bag\n|-supereffective|p1b: The Punching Bag\n|-damage|p1b: The Punching Bag|51\/100\n|move|p1b: The Punching Bag|Rollout|p2a: RegiGG's\n|-damage|p2a: RegiGG's|72\/100\n|\n|-heal|p2a: RegiGG's|78\/100|[from] item: Leftovers\n|-heal|p1b: The Punching Bag|57\/100|[from] item: Leftovers\n|upkeep\n|turn|30\n|\n|t:|1696221955\n|move|p2a: RegiGG's|Protect|p2a: RegiGG's\n|-singleturn|p2a: RegiGG's|Protect\n|move|p2b: Rapidash|Psychic Terrain|p2b: Rapidash\n|-fieldstart|move: Psychic Terrain\n|move|p1b: The Punching Bag|Rollout|p2a: RegiGG's|[from]lockedmove\n|-activate|p2a: RegiGG's|move: Protect\n|\n|-heal|p2a: RegiGG's|84\/100|[from] item: Leftovers\n|-heal|p1b: The Punching Bag|63\/100|[from] item: Leftovers\n|upkeep\n|turn|31\n|\n|t:|1696221981\n|move|p2b: Rapidash|Heal Pulse|p2a: RegiGG's\n|-heal|p2a: RegiGG's|100\/100\n|move|p2a: RegiGG's|Drain Punch|p1b: The Punching Bag\n|-supereffective|p1b: The Punching Bag\n|-damage|p1b: The Punching Bag|56\/100\n|move|p1b: The Punching Bag|Rollout|p2b: Rapidash\n|-damage|p2b: Rapidash|34\/100\n|\n|-heal|p1b: The Punching Bag|62\/100|[from] item: Leftovers\n|upkeep\n|turn|32\n|\n|t:|1696221997\n|move|p2b: Rapidash|Play Rough|p1b: The Punching Bag\n|-damage|p1b: The Punching Bag|59\/100\n|move|p2a: RegiGG's|Drain Punch|p1b: The Punching Bag\n|-supereffective|p1b: The Punching Bag\n|-damage|p1b: The Punching Bag|52\/100\n|move|p1b: The Punching Bag|Rollout|p2b: Rapidash|[from]lockedmove\n|-damage|p2b: Rapidash|0 fnt\n|faint|p2b: Rapidash\n|\n|-heal|p1b: The Punching Bag|58\/100|[from] item: Leftovers\n|upkeep\n|inactive|Christheboss90 has 120 seconds left.\n|\n|t:|1696222019\n|switch|p2b: Zarude|Zarude|100\/100\n|turn|33\n|\n|t:|1696222025\n|move|p2b: Zarude|Power Whip|p1b: The Punching Bag\n|-damage|p1b: The Punching Bag|51\/100\n|move|p2a: RegiGG's|Ice Punch|p1b: The Punching Bag\n|-damage|p1b: The Punching Bag|49\/100\n|move|p1b: The Punching Bag|Rollout|p2b: Zarude|[from]lockedmove\n|-damage|p2b: Zarude|0 fnt\n|faint|p2b: Zarude\n|\n|-heal|p1b: The Punching Bag|55\/100|[from] item: Leftovers\n|upkeep\n|\n|t:|1696222035\n|switch|p2b: Regieleki|Regieleki, shiny|100\/100\n|-item|p2b: Regieleki|Air Balloon\n|turn|34\n|\n|t:|1696222043\n|move|p2b: Regieleki|Explosion|p1b: The Punching Bag|[spread] p1b\n|-immune|p2a: RegiGG's\n|-damage|p1b: The Punching Bag|49\/100\n|faint|p2b: Regieleki\n|move|p2a: RegiGG's|Drain Punch|p1b: The Punching Bag\n|-supereffective|p1b: The Punching Bag\n|-damage|p1b: The Punching Bag|42\/100\n|move|p1b: The Punching Bag|Rollout|p2a: RegiGG's|[from]lockedmove\n|-damage|p2a: RegiGG's|0 fnt\n|faint|p2a: RegiGG's\n|\n|-heal|p1b: The Punching Bag|48\/100|[from] item: Leftovers\n|-fieldend|move: Psychic Terrain\n|upkeep\n|\n|t:|1696222057\n|switch|p2a: Medicham|Medicham-Mega, F, shiny|94\/100\n|turn|35\n|\n|t:|1696222064\n|move|p2a: Medicham|Aura Sphere|p1b: The Punching Bag\n|-supereffective|p1b: The Punching Bag\n|-crit|p1b: The Punching Bag\n|-damage|p1b: The Punching Bag|20\/100\n|move|p1b: The Punching Bag|Rollout|p2a: Medicham|[from]lockedmove\n|-resisted|p2a: Medicham\n|-damage|p2a: Medicham|0 fnt\n|faint|p2a: Medicham\n|\n|win|Wicklette\n|raw|Wicklette's rating: 1000 &rarr; <strong>1058<\/strong><br \/>(+58 for winning)\n|raw|Christheboss90's rating: 1163 &rarr; <strong>1127<\/strong><br \/>(-36 for losing)\n|l|\u2606Christheboss90\n|c|\u2606Wicklette|What an exciting battle\n","uploadtime":1696222085,"views":6,"p1id":"wicklette","p2id":"christheboss90","formatid":"gen9nationaldexdoubles","rating":1058,"private":0,"password":""}