{"id":"gen9nationaldexdoubles-1983611122","p1":"Marselha","p2":"Kurususilver11","format":"[Gen 9] National Dex Doubles","log":"|j|\u2606Marselha\n|j|\u2606Kurususilver11\n|t:|1699149245\n|gametype|doubles\n|player|p1|Marselha|fantina|1144\n|player|p2|Kurususilver11|2|1071\n|teamsize|p1|6\n|teamsize|p2|6\n|gen|9\n|tier|[Gen 9] National Dex Doubles\n|rated|\n|rule|HP Percentage Mod: HP is shown in percentages\n|rule|Endless Battle Clause: Forcing endless battles is banned\n|rule|OHKO Clause: OHKO moves are banned\n|rule|Evasion Moves Clause: Evasion moves are banned\n|rule|Evasion Abilities Clause: Evasion abilities are banned\n|rule|Species Clause: Limit one of each Pok\u00e9mon\n|rule|Gravity Sleep Clause: The combination of sleep-inducing moves with imperfect accuracy and Gravity or Gigantamax Orbeetle are banned\n|clearpoke\n|poke|p1|Glimmora, F|\n|poke|p1|Espeon, F|\n|poke|p1|Toxapex, F|\n|poke|p1|Zeraora|\n|poke|p1|Charizard, M|\n|poke|p1|Great Tusk|\n|poke|p2|Diancie|\n|poke|p2|Eevee, F|\n|poke|p2|Flutter Mane|\n|poke|p2|Cresselia, F|\n|poke|p2|Indeedee-F, F|\n|poke|p2|Iron Bundle|\n|teampreview\n|\n|t:|1699149251\n|start\n|switch|p1a: Glimmora|Glimmora, F|100\/100\n|switch|p1b: Espeon|Espeon, F|100\/100\n|switch|p2a: Eevee|Eevee, F, shiny|100\/100\n|switch|p2b: Indeedee|Indeedee-F, F, shiny|100\/100\n|-fieldstart|move: Psychic Terrain|[from] ability: Psychic Surge|[of] p2b: Indeedee\n|turn|1\n|c|\u2606Kurususilver11|glhf\n|\n|t:|1699149269\n|move|p2b: Indeedee|Follow Me|p2b: Indeedee\n|-singleturn|p2b: Indeedee|move: Follow Me\n|move|p1b: Espeon|Psychic|p2b: Indeedee\n|-resisted|p2b: Indeedee\n|-damage|p2b: Indeedee|73\/100\n|move|p1a: Glimmora|Sludge Bomb|p2b: Indeedee\n|-damage|p2b: Indeedee|30\/100\n|-status|p2b: Indeedee|psn\n|-zpower|p2a: Eevee\n|move|p2a: Eevee|Extreme Evoboost|p2a: Eevee\n|-boost|p2a: Eevee|atk|2\n|-boost|p2a: Eevee|def|2\n|-boost|p2a: Eevee|spa|2\n|-boost|p2a: Eevee|spd|2\n|-boost|p2a: Eevee|spe|2\n|\n|-heal|p2b: Indeedee|36\/100 psn|[from] item: Leftovers\n|-damage|p2b: Indeedee|24\/100 psn|[from] psn\n|upkeep\n|turn|2\n|\n|t:|1699149289\n|move|p2b: Indeedee|Follow Me|p2b: Indeedee\n|-singleturn|p2b: Indeedee|move: Follow Me\n|move|p1b: Espeon|Psychic|p2b: Indeedee\n|-resisted|p2b: Indeedee\n|-damage|p2b: Indeedee|0 fnt\n|faint|p2b: Indeedee\n|move|p2a: Eevee|Baton Pass|p2a: Eevee\n|\n|t:|1699149296\n|switch|p2a: Hard Candy|Diancie, shiny|100\/100|[from] Baton Pass\n|move|p1a: Glimmora|Sludge Bomb|p2a: Hard Candy\n|-damage|p2a: Hard Candy|74\/100\n|\n|upkeep\n|\n|t:|1699149306\n|switch|p2b: Silver Deli|Iron Bundle, shiny|100\/100\n|-enditem|p2b: Silver Deli|Booster Energy\n|-activate|p2b: Silver Deli|ability: Quark Drive|[fromitem]\n|-start|p2b: Silver Deli|quarkdrivespe\n|turn|3\n|\n|t:|1699149329\n|detailschange|p2a: Hard Candy|Diancie-Mega, shiny\n|-mega|p2a: Hard Candy|Diancie|Diancite\n|move|p2a: Hard Candy|Protect|p2a: Hard Candy\n|-singleturn|p2a: Hard Candy|Protect\n|move|p2b: Silver Deli|Blizzard|p1a: Glimmora|[spread] p1a\n|-miss|p2b: Silver Deli|p1b: Espeon\n|-damage|p1a: Glimmora|54\/100\n|move|p1b: Espeon|Psychic|p2b: Silver Deli\n|-damage|p2b: Silver Deli|0 fnt\n|faint|p2b: Silver Deli\n|-end|p2b: Silver Deli|Quark Drive|[silent]\n|move|p1a: Glimmora|Sludge Bomb|p2a: Hard Candy\n|-activate|p2a: Hard Candy|move: Protect\n|\n|-heal|p1a: Glimmora|60\/100|[from] item: Leftovers\n|upkeep\n|\n|t:|1699149338\n|switch|p2b: Para|Flutter Mane|100\/100\n|-enditem|p2b: Para|Booster Energy\n|-activate|p2b: Para|ability: Protosynthesis|[fromitem]\n|-start|p2b: Para|protosynthesisspe\n|turn|4\n|\n|t:|1699149352\n|-terastallize|p2b: Para|Fairy\n|move|p1b: Espeon|Protect|p1b: Espeon\n|-singleturn|p1b: Espeon|Protect\n|move|p2a: Hard Candy|Diamond Storm|p1a: Glimmora|[spread] p1a\n|-activate|p1b: Espeon|move: Protect\n|-damage|p1a: Glimmora|0 fnt\n|-boost|p2a: Hard Candy|def|2\n|-activate|p1a: Glimmora|ability: Toxic Debris\n|-sidestart|p2: Kurususilver11|move: Toxic Spikes\n|faint|p1a: Glimmora\n|move|p2b: Para|Shadow Ball|p1b: Espeon\n|-activate|p1b: Espeon|move: Protect\n|\n|upkeep\n|\n|t:|1699149367\n|switch|p1a: Toxapex|Toxapex, F|100\/100\n|turn|5\n|\n|t:|1699149384\n|move|p1b: Espeon|Protect|p1b: Espeon\n|-singleturn|p1b: Espeon|Protect\n|move|p1a: Toxapex|Baneful Bunker|p1a: Toxapex\n|-singleturn|p1a: Toxapex|move: Protect\n|move|p2a: Hard Candy|Diamond Storm|p1b: Espeon|[spread] \n|-activate|p1a: Toxapex|move: Protect\n|-activate|p1b: Espeon|move: Protect\n|move|p2b: Para|Shadow Ball|p1b: Espeon\n|-activate|p1b: Espeon|move: Protect\n|\n|-fieldend|move: Psychic Terrain\n|upkeep\n|turn|6\n|\n|t:|1699149440\n|switch|p1b: Great Tusk|Great Tusk|100\/100\n|move|p2a: Hard Candy|Diamond Storm|p1b: Great Tusk|[spread] p1a,p1b\n|-resisted|p1b: Great Tusk\n|-damage|p1a: Toxapex|31\/100\n|-damage|p1b: Great Tusk|86\/100\n|-boost|p2a: Hard Candy|def|2\n|move|p2b: Para|Shadow Ball|p1b: Great Tusk\n|-damage|p1b: Great Tusk|25\/100\n|-unboost|p1b: Great Tusk|spd|1\n|move|p1a: Toxapex|Toxic|p2a: Hard Candy\n|move|p2a: Hard Candy|Toxic|p1a: Toxapex|[from]ability: Magic Bounce|[miss]\n|-miss|p2a: Hard Candy|p1a: Toxapex\n|\n|upkeep\n|turn|7\n|c|\u2606Kurususilver11|wow i didnt know it deflected toxic\n|\n|t:|1699149470\n|move|p2a: Hard Candy|Diamond Storm|p1b: Great Tusk|[spread] p1a,p1b\n|-resisted|p1b: Great Tusk\n|-damage|p1a: Toxapex|0 fnt\n|-damage|p1b: Great Tusk|9\/100\n|faint|p1a: Toxapex\n|move|p2b: Para|Dazzling Gleam|p1b: Great Tusk\n|-supereffective|p1b: Great Tusk\n|-damage|p1b: Great Tusk|0 fnt\n|faint|p1b: Great Tusk\n|-end|p1b: Great Tusk|Protosynthesis|[silent]\n|\n|upkeep\n|c|\u2606Marselha|i forgot it had magic bounce\u2026\n|c|\u2606Kurususilver11|yeaah\n|\n|t:|1699149493\n|switch|p1b: Charizard|Charizard, M|100\/100\n|switch|p1a: Zeraora|Zeraora|100\/100\n|turn|8\n|c|\u2606Kurususilver11|thats a mega charizard, aint it.\n|\n|t:|1699149514\n|detailschange|p1b: Charizard|Charizard-Mega-Y, M\n|-mega|p1b: Charizard|Charizard|Charizardite Y\n|-weather|SunnyDay|[from] ability: Drought|[of] p1b: Charizard\n|move|p1a: Zeraora|Fake Out|p2a: Hard Candy\n|-resisted|p2a: Hard Candy\n|-damage|p2a: Hard Candy|72\/100\n|cant|p2a: Hard Candy|flinch\n|move|p2b: Para|Dazzling Gleam|p1a: Zeraora|[spread] p1a,p1b\n|-resisted|p1b: Charizard\n|-damage|p1a: Zeraora|49\/100\n|-damage|p1b: Charizard|79\/100\n|move|p1b: Charizard|Tailwind|p1b: Charizard\n|-sidestart|p1: Marselha|move: Tailwind\n|\n|-weather|SunnyDay|[upkeep]\n|upkeep\n|turn|9\n|\n|t:|1699149544\n|move|p1a: Zeraora|Blaze Kick|p2b: Para\n|-damage|p2b: Para|9\/100\n|move|p2a: Hard Candy|Diamond Storm|p1b: Charizard|[spread] p1a,p1b\n|-supereffective|p1b: Charizard\n|-damage|p1a: Zeraora|0 fnt\n|-damage|p1b: Charizard|0 fnt\n|faint|p1a: Zeraora\n|faint|p1b: Charizard\n|move|p2b: Para|Dazzling Gleam|p1: Zeraora|[notarget]\n|-fail|p2b: Para\n|\n|-weather|SunnyDay|[upkeep]\n|upkeep\n|\n|t:|1699149555\n|switch|p1b: Espeon|Espeon, F|100\/100\n|turn|10\n|\n|t:|1699149567\n|move|p1b: Espeon|Psychic|p2a: Hard Candy\n|-damage|p2a: Hard Candy|40\/100\n|move|p2a: Hard Candy|Dazzling Gleam|p1b: Espeon\n|-damage|p1b: Espeon|0 fnt\n|faint|p1b: Espeon\n|\n|win|Kurususilver11\n|raw|Marselha's rating: 1144 &rarr; <strong>1114<\/strong><br \/>(-30 for losing)\n|raw|Kurususilver11's rating: 1071 &rarr; <strong>1106<\/strong><br \/>(+35 for winning)\n|c|\u2606Marselha|Gg\n|c|\u2606Kurususilver11|gg\n|l|\u2606Marselha\n","uploadtime":1699149584,"views":9,"p1id":"marselha","p2id":"kurususilver11","formatid":"gen9nationaldexdoubles","rating":1106,"private":0,"password":""}