{"id":"gen9nationaldexdoubles-1955315724","p1":"crocturie","p2":"Olive_Highscore","format":"[Gen 9] National Dex Doubles","log":"|j|\u2606crocturie\n|j|\u2606Olive_Highscore\n|t:|1695986515\n|gametype|doubles\n|player|p1|crocturie|scientist-gen4|1000\n|player|p2|Olive_Highscore|266|1040\n|teamsize|p1|6\n|teamsize|p2|6\n|gen|9\n|tier|[Gen 9] National Dex Doubles\n|rated|\n|rule|HP Percentage Mod: HP is shown in percentages\n|rule|Endless Battle Clause: Forcing endless battles is banned\n|rule|OHKO Clause: OHKO moves are banned\n|rule|Evasion Moves Clause: Evasion moves are banned\n|rule|Evasion Abilities Clause: Evasion abilities are banned\n|rule|Species Clause: Limit one of each Pok\u00e9mon\n|rule|Gravity Sleep Clause: The combination of sleep-inducing moves with imperfect accuracy and Gravity or Gigantamax Orbeetle are banned\n|clearpoke\n|poke|p1|Sigilyph, M|\n|poke|p1|Cryogonal|\n|poke|p1|Clawitzer, F|\n|poke|p1|Wo-Chien|\n|poke|p1|Klinklang|\n|poke|p1|Palossand, M|\n|poke|p2|Gardevoir, F|\n|poke|p2|Diancie|\n|poke|p2|Indeedee-F, F|\n|poke|p2|Amoonguss, M|\n|poke|p2|Grimmsnarl, M|\n|poke|p2|Ursaluna-Bloodmoon, M|\n|teampreview\n|\n|t:|1695986538\n|start\n|switch|p1a: Cryogonal|Cryogonal, shiny|100\/100\n|switch|p1b: Klinklang|Klinklang|100\/100\n|switch|p2a: Grimmsnarl|Grimmsnarl, M|100\/100\n|switch|p2b: Amoonguss|Amoonguss, M|100\/100\n|turn|1\n|\n|t:|1695986567\n|move|p2a: Grimmsnarl|Light Screen|p2a: Grimmsnarl\n|-sidestart|p2: Olive_Highscore|move: Light Screen\n|move|p1a: Cryogonal|Reflect|p1a: Cryogonal\n|-sidestart|p1: crocturie|Reflect\n|move|p1b: Klinklang|Iron Defense|p1b: Klinklang\n|-boost|p1b: Klinklang|def|2\n|move|p2b: Amoonguss|Spore|p1a: Cryogonal\n|-status|p1a: Cryogonal|slp|[from] move: Spore\n|\n|upkeep\n|turn|2\n|\n|t:|1695986588\n|move|p2a: Grimmsnarl|Reflect|p2a: Grimmsnarl\n|-sidestart|p2: Olive_Highscore|Reflect\n|cant|p1a: Cryogonal|slp\n|move|p1b: Klinklang|Gear Grind|p2a: Grimmsnarl\n|-supereffective|p2a: Grimmsnarl\n|-damage|p2a: Grimmsnarl|70\/100\n|-supereffective|p2a: Grimmsnarl\n|-damage|p2a: Grimmsnarl|43\/100\n|-hitcount|p2a: Grimmsnarl|2\n|move|p2b: Amoonguss|Clear Smog|p1b: Klinklang\n|-immune|p1b: Klinklang\n|\n|upkeep\n|turn|3\n|\n|t:|1695986612\n|switch|p2b: Rem|Indeedee-F, F|100\/100\n|-fieldstart|move: Psychic Terrain|[from] ability: Psychic Surge|[of] p2b: Rem\n|move|p2a: Grimmsnarl|Parting Shot|p1b: Klinklang\n|-activate|p1b: Klinklang|move: Psychic Terrain\n|cant|p1a: Cryogonal|slp\n|move|p1b: Klinklang|Gear Grind|p2a: Grimmsnarl\n|-supereffective|p2a: Grimmsnarl\n|-damage|p2a: Grimmsnarl|14\/100\n|-supereffective|p2a: Grimmsnarl\n|-damage|p2a: Grimmsnarl|0 fnt\n|faint|p2a: Grimmsnarl\n|-hitcount|p2: Grimmsnarl|2\n|\n|upkeep\n|\n|t:|1695986630\n|switch|p2a: Rikka|Gardevoir, F|100\/100\n|-ability|p2a: Rikka|Clear Body|[from] ability: Trace|[of] p1b: Klinklang\n|turn|4\n|\n|t:|1695986644\n|detailschange|p2a: Rikka|Gardevoir-Mega, F\n|-mega|p2a: Rikka|Gardevoir|Gardevoirite\n|move|p2b: Rem|Follow Me|p2b: Rem\n|-singleturn|p2b: Rem|move: Follow Me\n|cant|p1a: Cryogonal|slp\n|move|p1b: Klinklang|Gear Grind|p2b: Rem\n|-damage|p2b: Rem|89\/100\n|-damage|p2b: Rem|78\/100\n|-hitcount|p2b: Rem|2\n|move|p2a: Rikka|Trick Room|p2a: Rikka\n|-fieldstart|move: Trick Room|[of] p2a: Rikka\n|\n|upkeep\n|turn|5\n|\n|t:|1695986663\n|move|p2b: Rem|Helping Hand|p2a: Rikka\n|-singleturn|p2a: Rikka|Helping Hand|[of] p2b: Rem\n|move|p2a: Rikka|Hyper Voice|p1b: Klinklang|[spread] p1a,p1b\n|-resisted|p1b: Klinklang\n|-damage|p1a: Cryogonal|47\/100 slp\n|-damage|p1b: Klinklang|58\/100\n|move|p1b: Klinklang|Gear Grind|p2a: Rikka\n|-supereffective|p2a: Rikka\n|-damage|p2a: Rikka|72\/100\n|-supereffective|p2a: Rikka\n|-damage|p2a: Rikka|44\/100\n|-hitcount|p2a: Rikka|2\n|-curestatus|p1a: Cryogonal|slp|[msg]\n|move|p1a: Cryogonal|Light Screen|p1a: Cryogonal\n|-sidestart|p1: crocturie|move: Light Screen\n|\n|-heal|p1b: Klinklang|64\/100|[from] item: Leftovers\n|upkeep\n|turn|6\n|\n|t:|1695986696\n|move|p2b: Rem|Follow Me|p2b: Rem\n|-singleturn|p2b: Rem|move: Follow Me\n|move|p2a: Rikka|Psychic|p1b: Klinklang\n|-resisted|p1b: Klinklang\n|-damage|p1b: Klinklang|32\/100\n|move|p1b: Klinklang|Gear Grind|p2b: Rem\n|-damage|p2b: Rem|66\/100\n|-damage|p2b: Rem|54\/100\n|-hitcount|p2b: Rem|2\n|move|p1a: Cryogonal|Recover|p1a: Cryogonal\n|-heal|p1a: Cryogonal|97\/100\n|\n|-heal|p1b: Klinklang|38\/100|[from] item: Leftovers\n|upkeep\n|turn|7\n|\n|t:|1695986718\n|move|p2b: Rem|Follow Me|p2b: Rem\n|-singleturn|p2b: Rem|move: Follow Me\n|move|p2a: Rikka|Hyper Voice|p1a: Cryogonal|[spread] p1a,p1b\n|-resisted|p1b: Klinklang\n|-damage|p1a: Cryogonal|73\/100\n|-damage|p1b: Klinklang|18\/100\n|move|p1b: Klinklang|Gear Grind|p2b: Rem\n|-damage|p2b: Rem|41\/100\n|-damage|p2b: Rem|29\/100\n|-hitcount|p2b: Rem|2\n|move|p1a: Cryogonal|Ice Beam|p2b: Rem\n|-damage|p2b: Rem|11\/100\n|\n|-heal|p1b: Klinklang|25\/100|[from] item: Leftovers\n|-fieldend|move: Psychic Terrain\n|upkeep\n|turn|8\n|\n|t:|1695986759\n|switch|p1b: Clawitzer|Clawitzer, F|100\/100\n|move|p2b: Rem|Helping Hand|p2a: Rikka\n|-singleturn|p2a: Rikka|Helping Hand|[of] p2b: Rem\n|move|p2a: Rikka|Hyper Voice|p1a: Cryogonal|[spread] p1a,p1b\n|-damage|p1a: Cryogonal|35\/100\n|-damage|p1b: Clawitzer|63\/100\n|move|p1a: Cryogonal|Ice Beam|p2b: Rem\n|-damage|p2b: Rem|0 fnt\n|faint|p2b: Rem\n|\n|-sideend|p1: crocturie|Reflect\n|-sideend|p2: Olive_Highscore|move: Light Screen\n|-fieldend|move: Trick Room\n|upkeep\n|\n|t:|1695986780\n|switch|p2b: Amoonguss|Amoonguss, M|100\/100\n|turn|9\n|\n|t:|1695986798\n|move|p2b: Amoonguss|Rage Powder|p2b: Amoonguss\n|-singleturn|p2b: Amoonguss|move: Rage Powder\n|move|p1a: Cryogonal|Reflect|p1a: Cryogonal\n|-sidestart|p1: crocturie|Reflect\n|move|p1b: Clawitzer|Water Pulse|p2b: Amoonguss\n|-resisted|p2b: Amoonguss\n|-damage|p2b: Amoonguss|80\/100\n|move|p2a: Rikka|Trick Room|p2a: Rikka\n|-fieldstart|move: Trick Room|[of] p2a: Rikka\n|\n|-sideend|p2: Olive_Highscore|Reflect\n|upkeep\n|turn|10\n|\n|t:|1695986819\n|move|p2a: Rikka|Protect|p2a: Rikka\n|-singleturn|p2a: Rikka|Protect\n|move|p2b: Amoonguss|Spore|p1a: Cryogonal\n|-status|p1a: Cryogonal|slp|[from] move: Spore\n|move|p1b: Clawitzer|Water Pulse|p2a: Rikka\n|-activate|p2a: Rikka|move: Protect\n|cant|p1a: Cryogonal|slp\n|\n|upkeep\n|turn|11\n|\n|t:|1695986833\n|switch|p1a: Sigilyph|Sigilyph, M, shiny|100\/100\n|move|p2b: Amoonguss|Rage Powder|p2b: Amoonguss\n|-singleturn|p2b: Amoonguss|move: Rage Powder\n|move|p1b: Clawitzer|Water Pulse|p2b: Amoonguss\n|-resisted|p2b: Amoonguss\n|-damage|p2b: Amoonguss|60\/100\n|move|p2a: Rikka|Hyper Voice|p1b: Clawitzer|[spread] p1a,p1b\n|-damage|p1a: Sigilyph|73\/100\n|-damage|p1b: Clawitzer|40\/100\n|\n|upkeep\n|turn|12\n|\n|t:|1695986853\n|move|p2a: Rikka|Protect|p2a: Rikka\n|-singleturn|p2a: Rikka|Protect\n|move|p2b: Amoonguss|Spore|p1a: Sigilyph\n|-status|p1a: Sigilyph|slp|[from] move: Spore\n|move|p1b: Clawitzer|Water Pulse|p2a: Rikka\n|-activate|p2a: Rikka|move: Protect\n|cant|p1a: Sigilyph|slp\n|\n|-sideend|p1: crocturie|move: Light Screen\n|upkeep\n|turn|13\n|\n|t:|1695986878\n|move|p2b: Amoonguss|Rage Powder|p2b: Amoonguss\n|-singleturn|p2b: Amoonguss|move: Rage Powder\n|move|p1b: Clawitzer|Aura Sphere|p2b: Amoonguss\n|-resisted|p2b: Amoonguss\n|-damage|p2b: Amoonguss|44\/100\n|move|p2a: Rikka|Hyper Voice|p1b: Clawitzer|[spread] p1a,p1b\n|-damage|p1a: Sigilyph|32\/100 slp\n|-damage|p1b: Clawitzer|1\/100\n|cant|p1a: Sigilyph|slp\n|\n|-fieldend|move: Trick Room\n|upkeep\n|turn|14\n|inactive|Battle timer is ON: inactive players will automatically lose when time's up. (requested by Olive_Highscore)\n|\n|t:|1695986905\n|move|p2b: Amoonguss|Rage Powder|p2b: Amoonguss\n|-singleturn|p2b: Amoonguss|move: Rage Powder\n|cant|p1a: Sigilyph|slp\n|move|p1b: Clawitzer|Dark Pulse|p2b: Amoonguss\n|-damage|p2b: Amoonguss|8\/100\n|move|p2a: Rikka|Trick Room|p2a: Rikka\n|-fieldstart|move: Trick Room|[of] p2a: Rikka\n|\n|upkeep\n|turn|15\n|\n|t:|1695986921\n|move|p2b: Amoonguss|Pollen Puff|p2a: Rikka\n|-heal|p2a: Rikka|93\/100\n|move|p1b: Clawitzer|Dark Pulse|p2b: Amoonguss\n|-damage|p2b: Amoonguss|0 fnt\n|faint|p2b: Amoonguss\n|move|p2a: Rikka|Hyper Voice|p1b: Clawitzer|[spread] p1a,p1b\n|-damage|p1a: Sigilyph|0 fnt\n|-damage|p1b: Clawitzer|0 fnt\n|faint|p1a: Sigilyph\n|faint|p1b: Clawitzer\n|\n|upkeep\n|\n|t:|1695986943\n|switch|p2b: Ursaluna|Ursaluna-Bloodmoon, M|100\/100\n|switch|p1b: Wo-Chien|Wo-Chien|100\/100\n|switch|p1a: Palossand|Palossand, M, shiny|100\/100\n|-ability|p1b: Wo-Chien|Tablets of Ruin\n|turn|16\n|\n|t:|1695986967\n|-terastallize|p1b: Wo-Chien|Fairy\n|move|p1a: Palossand|Infestation|p2a: Rikka\n|-damage|p2a: Rikka|90\/100\n|-activate|p2a: Rikka|move: Infestation|[of] p1a: Palossand\n|move|p2b: Ursaluna|Blood Moon|p1a: Palossand\n|-damage|p1a: Palossand|51\/100\n|move|p1b: Wo-Chien|Leech Seed|p2b: Ursaluna\n|-start|p2b: Ursaluna|move: Leech Seed\n|move|p2a: Rikka|Hyper Voice|p1a: Palossand|[spread] p1a,p1b\n|-damage|p1a: Palossand|8\/100\n|-damage|p1b: Wo-Chien|74\/100\n|\n|-damage|p2b: Ursaluna|88\/100|[from] Leech Seed|[of] p1b: Wo-Chien\n|-heal|p1b: Wo-Chien|88\/100|[silent]\n|-damage|p2a: Rikka|73\/100|[from] move: Infestation|[partiallytrapped]\n|-sideend|p1: crocturie|Reflect\n|upkeep\n|turn|17\n|inactive|Olive_Highscore has 120 seconds left.\n|\n|t:|1695987000\n|move|p1a: Palossand|Shore Up|p1a: Palossand\n|-heal|p1a: Palossand|58\/100\n|move|p2b: Ursaluna|Earth Power|p1b: Wo-Chien\n|-damage|p1b: Wo-Chien|66\/100\n|move|p1b: Wo-Chien|Substitute|p1b: Wo-Chien\n|-start|p1b: Wo-Chien|Substitute\n|-damage|p1b: Wo-Chien|41\/100\n|move|p2a: Rikka|Hyper Voice|p1b: Wo-Chien|[spread] p1a,p1b\n|-damage|p1a: Palossand|14\/100\n|-damage|p1b: Wo-Chien|12\/100\n|\n|-heal|p2b: Ursaluna|94\/100|[from] item: Leftovers\n|-damage|p2b: Ursaluna|82\/100|[from] Leech Seed|[of] p1b: Wo-Chien\n|-heal|p1b: Wo-Chien|26\/100|[silent]\n|-damage|p2a: Rikka|57\/100|[from] move: Infestation|[partiallytrapped]\n|upkeep\n|turn|18\n|\n|t:|1695987026\n|move|p1b: Wo-Chien|Protect|p1b: Wo-Chien\n|-singleturn|p1b: Wo-Chien|Protect\n|move|p1a: Palossand|Toxic|p2a: Rikka\n|-status|p2a: Rikka|tox\n|move|p2b: Ursaluna|Blood Moon|p1b: Wo-Chien\n|-activate|p1b: Wo-Chien|move: Protect\n|move|p2a: Rikka|Hyper Voice|p1a: Palossand|[spread] p1a\n|-activate|p1b: Wo-Chien|move: Protect\n|-damage|p1a: Palossand|0 fnt\n|faint|p1a: Palossand\n|\n|-heal|p2b: Ursaluna|88\/100|[from] item: Leftovers\n|-damage|p2b: Ursaluna|76\/100|[from] Leech Seed|[of] p1b: Wo-Chien\n|-heal|p1b: Wo-Chien|40\/100|[silent]\n|-damage|p2a: Rikka|50\/100 tox|[from] psn\n|-end|p2a: Rikka|Infestation|[partiallytrapped]|[silent]\n|-fieldend|move: Trick Room\n|upkeep\n|inactive|crocturie has 120 seconds left.\n|\n|t:|1695987050\n|switch|p1a: Klinklang|Klinklang|25\/100\n|turn|19\n|inactive|crocturie has 120 seconds left.\n|\n|t:|1695987065\n|move|p2a: Rikka|Protect|p2a: Rikka\n|-singleturn|p2a: Rikka|Protect\n|move|p1a: Klinklang|Gear Grind|p2b: Ursaluna\n|-damage|p2b: Ursaluna|69\/100\n|-damage|p2b: Ursaluna|63\/100\n|-hitcount|p2b: Ursaluna|2\n|move|p1b: Wo-Chien|Leech Seed|p2a: Rikka\n|-activate|p2a: Rikka|move: Protect\n|move|p2b: Ursaluna|Earth Power|p1a: Klinklang\n|-supereffective|p1a: Klinklang\n|-damage|p1a: Klinklang|0 fnt\n|faint|p1a: Klinklang\n|\n|-heal|p2b: Ursaluna|69\/100|[from] item: Leftovers\n|-damage|p2b: Ursaluna|57\/100|[from] Leech Seed|[of] p1b: Wo-Chien\n|-heal|p1b: Wo-Chien|55\/100|[silent]\n|-damage|p2a: Rikka|38\/100 tox|[from] psn\n|upkeep\n|inactive|crocturie has 120 seconds left.\n|\n|t:|1695987086\n|switch|p1a: Cryogonal|Cryogonal, shiny|35\/100 slp\n|turn|20\n|inactive|crocturie has 120 seconds left.\n|\n|t:|1695987100\n|move|p1b: Wo-Chien|Protect|p1b: Wo-Chien\n|-singleturn|p1b: Wo-Chien|Protect\n|cant|p1a: Cryogonal|slp\n|move|p2b: Ursaluna|Blood Moon|p1a: Cryogonal\n|-damage|p1a: Cryogonal|0 fnt\n|faint|p1a: Cryogonal\n|move|p2a: Rikka|Trick Room|p2a: Rikka\n|-fieldstart|move: Trick Room|[of] p2a: Rikka\n|\n|-heal|p2b: Ursaluna|63\/100|[from] item: Leftovers\n|-damage|p2b: Ursaluna|50\/100|[from] Leech Seed|[of] p1b: Wo-Chien\n|-heal|p1b: Wo-Chien|69\/100|[silent]\n|-damage|p2a: Rikka|19\/100 tox|[from] psn\n|upkeep\n|turn|21\n|\n|t:|1695987125\n|move|p2b: Ursaluna|Earth Power|p1b: Wo-Chien\n|-activate|p1b: Wo-Chien|move: Substitute|[damage]\n|move|p1b: Wo-Chien|Substitute|p1b: Wo-Chien\n|-fail|p1b: Wo-Chien|move: Substitute\n|move|p2a: Rikka|Hyper Voice|p1b: Wo-Chien\n|-damage|p1b: Wo-Chien|31\/100\n|\n|-heal|p2b: Ursaluna|56\/100|[from] item: Leftovers\n|-damage|p2b: Ursaluna|44\/100|[from] Leech Seed|[of] p1b: Wo-Chien\n|-heal|p1b: Wo-Chien|45\/100|[silent]\n|-damage|p2a: Rikka|0 fnt|[from] psn\n|faint|p2a: Rikka\n|upkeep\n|\n|t:|1695987139\n|switch|p2a: Diancie|Diancie|100\/100\n|turn|22\n|\n|t:|1695987151\n|move|p1b: Wo-Chien|Protect|p1b: Wo-Chien\n|-singleturn|p1b: Wo-Chien|Protect\n|move|p2a: Diancie|Diamond Storm|p1b: Wo-Chien\n|-activate|p1b: Wo-Chien|move: Protect\n|move|p2b: Ursaluna|Blood Moon|p1b: Wo-Chien\n|-activate|p1b: Wo-Chien|move: Protect\n|\n|-heal|p2b: Ursaluna|50\/100|[from] item: Leftovers\n|-damage|p2b: Ursaluna|38\/100|[from] Leech Seed|[of] p1b: Wo-Chien\n|-heal|p1b: Wo-Chien|59\/100|[silent]\n|upkeep\n|turn|23\n|\n|t:|1695987177\n|move|p2a: Diancie|Diamond Storm|p1b: Wo-Chien\n|-end|p1b: Wo-Chien|Substitute\n|-boost|p2a: Diancie|def|2\n|move|p2b: Ursaluna|Moonlight|p2b: Ursaluna\n|-heal|p2b: Ursaluna|88\/100\n|move|p1b: Wo-Chien|Leech Seed|p2a: Diancie\n|-start|p2a: Diancie|move: Leech Seed\n|\n|-heal|p2b: Ursaluna|94\/100|[from] item: Leftovers\n|-damage|p2a: Diancie|88\/100|[from] Leech Seed|[of] p1b: Wo-Chien\n|-heal|p1b: Wo-Chien|69\/100|[silent]\n|-damage|p2b: Ursaluna|81\/100|[from] Leech Seed|[of] p1b: Wo-Chien\n|-heal|p1b: Wo-Chien|84\/100|[silent]\n|upkeep\n|turn|24\n|\n|t:|1695987199\n|move|p2a: Diancie|Diamond Storm|p1b: Wo-Chien\n|-damage|p1b: Wo-Chien|50\/100\n|-boost|p2a: Diancie|def|2\n|move|p2b: Ursaluna|Blood Moon|p1b: Wo-Chien\n|-damage|p1b: Wo-Chien|19\/100\n|move|p1b: Wo-Chien|Substitute|p1b: Wo-Chien\n|-fail|p1b: Wo-Chien|move: Substitute|[weak]\n|\n|-heal|p2b: Ursaluna|87\/100|[from] item: Leftovers\n|-damage|p2a: Diancie|75\/100|[from] Leech Seed|[of] p1b: Wo-Chien\n|-heal|p1b: Wo-Chien|29\/100|[silent]\n|-damage|p2b: Ursaluna|75\/100|[from] Leech Seed|[of] p1b: Wo-Chien\n|-heal|p1b: Wo-Chien|43\/100|[silent]\n|-fieldend|move: Trick Room\n|upkeep\n|turn|25\n|\n|t:|1695987219\n|move|p1b: Wo-Chien|Protect|p1b: Wo-Chien\n|-singleturn|p1b: Wo-Chien|Protect\n|move|p2b: Ursaluna|Earth Power|p1b: Wo-Chien\n|-activate|p1b: Wo-Chien|move: Protect\n|move|p2a: Diancie|Trick Room|p2a: Diancie\n|-fieldstart|move: Trick Room|[of] p2a: Diancie\n|\n|-heal|p2b: Ursaluna|81\/100|[from] item: Leftovers\n|-damage|p2a: Diancie|63\/100|[from] Leech Seed|[of] p1b: Wo-Chien\n|-heal|p1b: Wo-Chien|53\/100|[silent]\n|-damage|p2b: Ursaluna|69\/100|[from] Leech Seed|[of] p1b: Wo-Chien\n|-heal|p1b: Wo-Chien|68\/100|[silent]\n|upkeep\n|turn|26\n|\n|t:|1695987240\n|move|p1b: Wo-Chien|Protect||[still]\n|-fail|p1b: Wo-Chien\n|move|p2a: Diancie|Diamond Storm|p1b: Wo-Chien\n|-damage|p1b: Wo-Chien|36\/100\n|move|p2b: Ursaluna|Blood Moon|p1b: Wo-Chien\n|-damage|p1b: Wo-Chien|1\/100\n|\n|-heal|p2b: Ursaluna|75\/100|[from] item: Leftovers\n|-damage|p2a: Diancie|50\/100|[from] Leech Seed|[of] p1b: Wo-Chien\n|-heal|p1b: Wo-Chien|11\/100|[silent]\n|-damage|p2b: Ursaluna|63\/100|[from] Leech Seed|[of] p1b: Wo-Chien\n|-heal|p1b: Wo-Chien|25\/100|[silent]\n|upkeep\n|turn|27\n|\n|t:|1695987259\n|move|p1b: Wo-Chien|Protect|p1b: Wo-Chien\n|-singleturn|p1b: Wo-Chien|Protect\n|move|p2a: Diancie|Diamond Storm|p1b: Wo-Chien\n|-activate|p1b: Wo-Chien|move: Protect\n|move|p2b: Ursaluna|Calm Mind|p2b: Ursaluna\n|-boost|p2b: Ursaluna|spa|1\n|-boost|p2b: Ursaluna|spd|1\n|\n|-heal|p2b: Ursaluna|69\/100|[from] item: Leftovers\n|-damage|p2a: Diancie|38\/100|[from] Leech Seed|[of] p1b: Wo-Chien\n|-heal|p1b: Wo-Chien|36\/100|[silent]\n|-damage|p2b: Ursaluna|56\/100|[from] Leech Seed|[of] p1b: Wo-Chien\n|-heal|p1b: Wo-Chien|50\/100|[silent]\n|upkeep\n|turn|28\n|\n|t:|1695987279\n|move|p1b: Wo-Chien|Protect|p1b: Wo-Chien\n|-singleturn|p1b: Wo-Chien|Protect\n|move|p2a: Diancie|Diamond Storm|p1b: Wo-Chien\n|-activate|p1b: Wo-Chien|move: Protect\n|move|p2b: Ursaluna|Blood Moon|p1b: Wo-Chien\n|-activate|p1b: Wo-Chien|move: Protect\n|\n|-heal|p2b: Ursaluna|62\/100|[from] item: Leftovers\n|-damage|p2a: Diancie|25\/100|[from] Leech Seed|[of] p1b: Wo-Chien\n|-heal|p1b: Wo-Chien|60\/100|[silent]\n|-damage|p2b: Ursaluna|50\/100|[from] Leech Seed|[of] p1b: Wo-Chien\n|-heal|p1b: Wo-Chien|74\/100|[silent]\n|upkeep\n|turn|29\n|\n|t:|1695987304\n|move|p2a: Diancie|Diamond Storm|p1b: Wo-Chien\n|-damage|p1b: Wo-Chien|43\/100\n|-boost|p2a: Diancie|def|2\n|move|p2b: Ursaluna|Moonlight|p2b: Ursaluna\n|-heal|p2b: Ursaluna|99\/100\n|move|p1b: Wo-Chien|Substitute|p1b: Wo-Chien\n|-start|p1b: Wo-Chien|Substitute\n|-damage|p1b: Wo-Chien|18\/100\n|\n|-heal|p2b: Ursaluna|100\/100|[from] item: Leftovers\n|-damage|p2a: Diancie|13\/100|[from] Leech Seed|[of] p1b: Wo-Chien\n|-heal|p1b: Wo-Chien|28\/100|[silent]\n|-damage|p2b: Ursaluna|88\/100|[from] Leech Seed|[of] p1b: Wo-Chien\n|-heal|p1b: Wo-Chien|42\/100|[silent]\n|-fieldend|move: Trick Room\n|upkeep\n|turn|30\n|\n|t:|1695987328\n|move|p1b: Wo-Chien|Protect|p1b: Wo-Chien\n|-singleturn|p1b: Wo-Chien|Protect\n|move|p2b: Ursaluna|Calm Mind|p2b: Ursaluna\n|-boost|p2b: Ursaluna|spa|1\n|-boost|p2b: Ursaluna|spd|1\n|move|p2a: Diancie|Trick Room|p2a: Diancie\n|-fieldstart|move: Trick Room|[of] p2a: Diancie\n|\n|-heal|p2b: Ursaluna|94\/100|[from] item: Leftovers\n|-damage|p2a: Diancie|0 fnt|[from] Leech Seed|[of] p1b: Wo-Chien\n|-heal|p1b: Wo-Chien|52\/100|[silent]\n|faint|p2a: Diancie\n|-damage|p2b: Ursaluna|82\/100|[from] Leech Seed|[of] p1b: Wo-Chien\n|-heal|p1b: Wo-Chien|67\/100|[silent]\n|upkeep\n|turn|31\n|inactive|crocturie has 120 seconds left.\n|\n|t:|1695987363\n|move|p2b: Ursaluna|Blood Moon|p1b: Wo-Chien\n|-end|p1b: Wo-Chien|Substitute\n|move|p1b: Wo-Chien|Foul Play|p2b: Ursaluna\n|-damage|p2b: Ursaluna|72\/100\n|\n|-heal|p2b: Ursaluna|78\/100|[from] item: Leftovers\n|-damage|p2b: Ursaluna|66\/100|[from] Leech Seed|[of] p1b: Wo-Chien\n|-heal|p1b: Wo-Chien|81\/100|[silent]\n|upkeep\n|turn|32\n|\n|t:|1695987374\n|move|p2b: Ursaluna|Calm Mind|p2b: Ursaluna\n|-boost|p2b: Ursaluna|spa|1\n|-boost|p2b: Ursaluna|spd|1\n|move|p1b: Wo-Chien|Substitute|p1b: Wo-Chien\n|-start|p1b: Wo-Chien|Substitute\n|-damage|p1b: Wo-Chien|56\/100\n|\n|-heal|p2b: Ursaluna|72\/100|[from] item: Leftovers\n|-damage|p2b: Ursaluna|59\/100|[from] Leech Seed|[of] p1b: Wo-Chien\n|-heal|p1b: Wo-Chien|70\/100|[silent]\n|upkeep\n|turn|33\n|\n|t:|1695987388\n|move|p1b: Wo-Chien|Protect|p1b: Wo-Chien\n|-singleturn|p1b: Wo-Chien|Protect\n|move|p2b: Ursaluna|Moonlight|p2b: Ursaluna\n|-heal|p2b: Ursaluna|100\/100\n|\n|-damage|p2b: Ursaluna|88\/100|[from] Leech Seed|[of] p1b: Wo-Chien\n|-heal|p1b: Wo-Chien|84\/100|[silent]\n|upkeep\n|turn|34\n|\n|t:|1695987403\n|move|p2b: Ursaluna|Calm Mind|p2b: Ursaluna\n|-boost|p2b: Ursaluna|spa|1\n|-boost|p2b: Ursaluna|spd|1\n|move|p1b: Wo-Chien|Foul Play|p2b: Ursaluna\n|-damage|p2b: Ursaluna|78\/100\n|\n|-heal|p2b: Ursaluna|84\/100|[from] item: Leftovers\n|-damage|p2b: Ursaluna|72\/100|[from] Leech Seed|[of] p1b: Wo-Chien\n|-heal|p1b: Wo-Chien|98\/100|[silent]\n|-fieldend|move: Trick Room\n|upkeep\n|turn|35\n|\n|t:|1695987416\n|move|p1b: Wo-Chien|Substitute|p1b: Wo-Chien\n|-fail|p1b: Wo-Chien|move: Substitute\n|move|p2b: Ursaluna|Earth Power|p1b: Wo-Chien\n|-end|p1b: Wo-Chien|Substitute\n|\n|-heal|p2b: Ursaluna|78\/100|[from] item: Leftovers\n|-damage|p2b: Ursaluna|66\/100|[from] Leech Seed|[of] p1b: Wo-Chien\n|-heal|p1b: Wo-Chien|100\/100|[silent]\n|upkeep\n|turn|36\n|\n|t:|1695987430\n|move|p1b: Wo-Chien|Substitute|p1b: Wo-Chien\n|-start|p1b: Wo-Chien|Substitute\n|-damage|p1b: Wo-Chien|76\/100\n|move|p2b: Ursaluna|Earth Power|p1b: Wo-Chien\n|-end|p1b: Wo-Chien|Substitute\n|\n|-heal|p2b: Ursaluna|72\/100|[from] item: Leftovers\n|-damage|p2b: Ursaluna|59\/100|[from] Leech Seed|[of] p1b: Wo-Chien\n|-heal|p1b: Wo-Chien|90\/100|[silent]\n|upkeep\n|turn|37\n|\n|t:|1695987443\n|move|p1b: Wo-Chien|Protect|p1b: Wo-Chien\n|-singleturn|p1b: Wo-Chien|Protect\n|move|p2b: Ursaluna|Earth Power|p1b: Wo-Chien\n|-activate|p1b: Wo-Chien|move: Protect\n|\n|-heal|p2b: Ursaluna|65\/100|[from] item: Leftovers\n|-damage|p2b: Ursaluna|53\/100|[from] Leech Seed|[of] p1b: Wo-Chien\n|-heal|p1b: Wo-Chien|100\/100|[silent]\n|upkeep\n|turn|38\n|\n|t:|1695987459\n|move|p1b: Wo-Chien|Substitute|p1b: Wo-Chien\n|-start|p1b: Wo-Chien|Substitute\n|-damage|p1b: Wo-Chien|76\/100\n|move|p2b: Ursaluna|Earth Power|p1b: Wo-Chien\n|-end|p1b: Wo-Chien|Substitute\n|\n|-heal|p2b: Ursaluna|59\/100|[from] item: Leftovers\n|-damage|p2b: Ursaluna|47\/100|[from] Leech Seed|[of] p1b: Wo-Chien\n|-heal|p1b: Wo-Chien|90\/100|[silent]\n|upkeep\n|turn|39\n|\n|t:|1695987471\n|move|p1b: Wo-Chien|Protect|p1b: Wo-Chien\n|-singleturn|p1b: Wo-Chien|Protect\n|move|p2b: Ursaluna|Moonlight|p2b: Ursaluna\n|-heal|p2b: Ursaluna|97\/100\n|\n|-heal|p2b: Ursaluna|100\/100|[from] item: Leftovers\n|-damage|p2b: Ursaluna|88\/100|[from] Leech Seed|[of] p1b: Wo-Chien\n|-heal|p1b: Wo-Chien|100\/100|[silent]\n|upkeep\n|turn|40\n|\n|t:|1695987494\n|move|p1b: Wo-Chien|Substitute|p1b: Wo-Chien\n|-start|p1b: Wo-Chien|Substitute\n|-damage|p1b: Wo-Chien|76\/100\n|move|p2b: Ursaluna|Earth Power|p1b: Wo-Chien\n|-end|p1b: Wo-Chien|Substitute\n|\n|-heal|p2b: Ursaluna|94\/100|[from] item: Leftovers\n|-damage|p2b: Ursaluna|82\/100|[from] Leech Seed|[of] p1b: Wo-Chien\n|-heal|p1b: Wo-Chien|90\/100|[silent]\n|upkeep\n|turn|41\n|\n|t:|1695987505\n|move|p1b: Wo-Chien|Protect|p1b: Wo-Chien\n|-singleturn|p1b: Wo-Chien|Protect\n|move|p2b: Ursaluna|Calm Mind|p2b: Ursaluna\n|-boost|p2b: Ursaluna|spa|1\n|-boost|p2b: Ursaluna|spd|1\n|\n|-heal|p2b: Ursaluna|88\/100|[from] item: Leftovers\n|-damage|p2b: Ursaluna|76\/100|[from] Leech Seed|[of] p1b: Wo-Chien\n|-heal|p1b: Wo-Chien|100\/100|[silent]\n|upkeep\n|turn|42\n|\n|t:|1695987519\n|move|p1b: Wo-Chien|Substitute|p1b: Wo-Chien\n|-start|p1b: Wo-Chien|Substitute\n|-damage|p1b: Wo-Chien|76\/100\n|move|p2b: Ursaluna|Calm Mind|p2b: Ursaluna\n|-boost|p2b: Ursaluna|spa|1\n|-boost|p2b: Ursaluna|spd|1\n|\n|-heal|p2b: Ursaluna|82\/100|[from] item: Leftovers\n|-damage|p2b: Ursaluna|69\/100|[from] Leech Seed|[of] p1b: Wo-Chien\n|-heal|p1b: Wo-Chien|90\/100|[silent]\n|upkeep\n|turn|43\n|\n|t:|1695987530\n|move|p1b: Wo-Chien|Foul Play|p2b: Ursaluna\n|-crit|p2b: Ursaluna\n|-damage|p2b: Ursaluna|56\/100\n|move|p2b: Ursaluna|Moonlight|p2b: Ursaluna\n|-heal|p2b: Ursaluna|100\/100\n|\n|-damage|p2b: Ursaluna|88\/100|[from] Leech Seed|[of] p1b: Wo-Chien\n|-heal|p1b: Wo-Chien|100\/100|[silent]\n|upkeep\n|turn|44\n|\n|t:|1695987546\n|move|p1b: Wo-Chien|Foul Play|p2b: Ursaluna\n|-damage|p2b: Ursaluna|78\/100\n|move|p2b: Ursaluna|Earth Power|p1b: Wo-Chien\n|-end|p1b: Wo-Chien|Substitute\n|\n|-heal|p2b: Ursaluna|84\/100|[from] item: Leftovers\n|-damage|p2b: Ursaluna|72\/100|[from] Leech Seed|[of] p1b: Wo-Chien\n|upkeep\n|turn|45\n|\n|t:|1695987561\n|move|p1b: Wo-Chien|Substitute|p1b: Wo-Chien\n|-start|p1b: Wo-Chien|Substitute\n|-damage|p1b: Wo-Chien|76\/100\n|move|p2b: Ursaluna|Earth Power|p1b: Wo-Chien\n|-end|p1b: Wo-Chien|Substitute\n|\n|-heal|p2b: Ursaluna|78\/100|[from] item: Leftovers\n|-damage|p2b: Ursaluna|66\/100|[from] Leech Seed|[of] p1b: Wo-Chien\n|-heal|p1b: Wo-Chien|90\/100|[silent]\n|upkeep\n|turn|46\n|\n|t:|1695987583\n|move|p1b: Wo-Chien|Protect|p1b: Wo-Chien\n|-singleturn|p1b: Wo-Chien|Protect\n|move|p2b: Ursaluna|Moonlight|p2b: Ursaluna\n|-heal|p2b: Ursaluna|100\/100\n|\n|-damage|p2b: Ursaluna|88\/100|[from] Leech Seed|[of] p1b: Wo-Chien\n|-heal|p1b: Wo-Chien|100\/100|[silent]\n|upkeep\n|turn|47\n|\n|t:|1695987595\n|move|p1b: Wo-Chien|Substitute|p1b: Wo-Chien\n|-start|p1b: Wo-Chien|Substitute\n|-damage|p1b: Wo-Chien|76\/100\n|move|p2b: Ursaluna|Earth Power|p1b: Wo-Chien\n|-end|p1b: Wo-Chien|Substitute\n|\n|-heal|p2b: Ursaluna|94\/100|[from] item: Leftovers\n|-damage|p2b: Ursaluna|82\/100|[from] Leech Seed|[of] p1b: Wo-Chien\n|-heal|p1b: Wo-Chien|90\/100|[silent]\n|upkeep\n|turn|48\n|\n|t:|1695987608\n|move|p1b: Wo-Chien|Substitute|p1b: Wo-Chien\n|-start|p1b: Wo-Chien|Substitute\n|-damage|p1b: Wo-Chien|65\/100\n|move|p2b: Ursaluna|Calm Mind|p2b: Ursaluna\n|-boost|p2b: Ursaluna|spa|0\n|-boost|p2b: Ursaluna|spd|0\n|\n|-heal|p2b: Ursaluna|88\/100|[from] item: Leftovers\n|-damage|p2b: Ursaluna|76\/100|[from] Leech Seed|[of] p1b: Wo-Chien\n|-heal|p1b: Wo-Chien|79\/100|[silent]\n|upkeep\n|turn|49\n|\n|t:|1695987620\n|move|p1b: Wo-Chien|Foul Play|p2b: Ursaluna\n|-damage|p2b: Ursaluna|66\/100\n|move|p2b: Ursaluna|Calm Mind|p2b: Ursaluna\n|-boost|p2b: Ursaluna|spa|0\n|-boost|p2b: Ursaluna|spd|0\n|\n|-heal|p2b: Ursaluna|72\/100|[from] item: Leftovers\n|-damage|p2b: Ursaluna|60\/100|[from] Leech Seed|[of] p1b: Wo-Chien\n|-heal|p1b: Wo-Chien|93\/100|[silent]\n|upkeep\n|turn|50\n|\n|t:|1695987631\n|move|p1b: Wo-Chien|Foul Play|p2b: Ursaluna\n|-damage|p2b: Ursaluna|50\/100\n|move|p2b: Ursaluna|Moonlight|p2b: Ursaluna\n|-heal|p2b: Ursaluna|99\/100\n|\n|-heal|p2b: Ursaluna|100\/100|[from] item: Leftovers\n|-damage|p2b: Ursaluna|88\/100|[from] Leech Seed|[of] p1b: Wo-Chien\n|-heal|p1b: Wo-Chien|100\/100|[silent]\n|upkeep\n|turn|51\n|\n|t:|1695987654\n|move|p1b: Wo-Chien|Foul Play|p2b: Ursaluna\n|-damage|p2b: Ursaluna|80\/100\n|move|p2b: Ursaluna|Earth Power|p1b: Wo-Chien\n|-end|p1b: Wo-Chien|Substitute\n|\n|-heal|p2b: Ursaluna|86\/100|[from] item: Leftovers\n|-damage|p2b: Ursaluna|73\/100|[from] Leech Seed|[of] p1b: Wo-Chien\n|upkeep\n|turn|52\n|\n|t:|1695987672\n|move|p1b: Wo-Chien|Substitute|p1b: Wo-Chien\n|-start|p1b: Wo-Chien|Substitute\n|-damage|p1b: Wo-Chien|76\/100\n|move|p2b: Ursaluna|Earth Power|p1b: Wo-Chien\n|-end|p1b: Wo-Chien|Substitute\n|\n|-heal|p2b: Ursaluna|79\/100|[from] item: Leftovers\n|-damage|p2b: Ursaluna|67\/100|[from] Leech Seed|[of] p1b: Wo-Chien\n|-heal|p1b: Wo-Chien|90\/100|[silent]\n|upkeep\n|turn|53\n|\n|t:|1695987683\n|move|p1b: Wo-Chien|Substitute|p1b: Wo-Chien\n|-start|p1b: Wo-Chien|Substitute\n|-damage|p1b: Wo-Chien|65\/100\n|move|p2b: Ursaluna|Moonlight|p2b: Ursaluna\n|-heal|p2b: Ursaluna|100\/100\n|\n|-damage|p2b: Ursaluna|88\/100|[from] Leech Seed|[of] p1b: Wo-Chien\n|-heal|p1b: Wo-Chien|79\/100|[silent]\n|upkeep\n|turn|54\n|\n|t:|1695987698\n|move|p1b: Wo-Chien|Protect|p1b: Wo-Chien\n|-singleturn|p1b: Wo-Chien|Protect\n|move|p2b: Ursaluna|Earth Power|p1b: Wo-Chien\n|-activate|p1b: Wo-Chien|move: Protect\n|\n|-heal|p2b: Ursaluna|94\/100|[from] item: Leftovers\n|-damage|p2b: Ursaluna|82\/100|[from] Leech Seed|[of] p1b: Wo-Chien\n|-heal|p1b: Wo-Chien|93\/100|[silent]\n|upkeep\n|turn|55\n|\n|t:|1695987724\n|move|p1b: Wo-Chien|Foul Play|p2b: Ursaluna\n|-damage|p2b: Ursaluna|72\/100\n|move|p2b: Ursaluna|Calm Mind|p2b: Ursaluna\n|-boost|p2b: Ursaluna|spa|0\n|-boost|p2b: Ursaluna|spd|0\n|\n|-heal|p2b: Ursaluna|78\/100|[from] item: Leftovers\n|-damage|p2b: Ursaluna|66\/100|[from] Leech Seed|[of] p1b: Wo-Chien\n|-heal|p1b: Wo-Chien|100\/100|[silent]\n|upkeep\n|turn|56\n|\n|t:|1695987737\n|move|p1b: Wo-Chien|Foul Play|p2b: Ursaluna\n|-damage|p2b: Ursaluna|56\/100\n|move|p2b: Ursaluna|Earth Power|p1b: Wo-Chien\n|-end|p1b: Wo-Chien|Substitute\n|\n|-heal|p2b: Ursaluna|62\/100|[from] item: Leftovers\n|-damage|p2b: Ursaluna|49\/100|[from] Leech Seed|[of] p1b: Wo-Chien\n|upkeep\n|turn|57\n|-message|Olive_Highscore forfeited.\n|\n|win|crocturie\n|raw|crocturie's rating: 1000 &rarr; <strong>1045<\/strong><br \/>(+45 for winning)\n|raw|Olive_Highscore's rating: 1040 &rarr; <strong>1022<\/strong><br \/>(-18 for losing)\n|l|\u2606Olive_Highscore\n","uploadtime":1695987756,"views":6,"p1id":"crocturie","p2id":"olivehighscore","formatid":"gen9nationaldexdoubles","rating":1022,"private":0,"password":""}