{"id":"gen9nationaldexdoubles-1953376704","p1":"AceTheInadequate","p2":"dragapult1977","format":"[Gen 9] National Dex Doubles","log":"|j|\u2606AceTheInadequate\n|j|\u2606dragapult1977\n|t:|1695779927\n|gametype|doubles\n|player|p1|AceTheInadequate|guitarist|1145\n|player|p2|dragapult1977|fisherman-gen4|1060\n|teamsize|p1|6\n|teamsize|p2|6\n|gen|9\n|tier|[Gen 9] National Dex Doubles\n|rated|\n|rule|HP Percentage Mod: HP is shown in percentages\n|rule|Endless Battle Clause: Forcing endless battles is banned\n|rule|OHKO Clause: OHKO moves are banned\n|rule|Evasion Moves Clause: Evasion moves are banned\n|rule|Evasion Abilities Clause: Evasion abilities are banned\n|rule|Species Clause: Limit one of each Pok\u00e9mon\n|rule|Gravity Sleep Clause: The combination of sleep-inducing moves with imperfect accuracy and Gravity or Gigantamax Orbeetle are banned\n|clearpoke\n|poke|p1|Volcarona, F|\n|poke|p1|Scizor, M|\n|poke|p1|Slither Wing|\n|poke|p1|Kleavor, M|\n|poke|p1|Vikavolt, M|\n|poke|p1|Shuckle, M|\n|poke|p2|Hatterene, F|\n|poke|p2|Indeedee-F, F|\n|poke|p2|Dragapult, F|\n|poke|p2|Grimmsnarl, M|\n|poke|p2|Amoonguss, M|\n|poke|p2|Maushold|\n|teampreview\n|inactive|Battle timer is ON: inactive players will automatically lose when time's up. (requested by dragapult1977)\n|\n|t:|1695779944\n|start\n|switch|p1a: Fuckle|Shuckle, M|100\/100\n|switch|p1b: Squidgy|Kleavor, M|100\/100\n|switch|p2a: Indeedee|Indeedee-F, F|100\/100\n|switch|p2b: Hatterene|Hatterene, F|100\/100\n|-fieldstart|move: Psychic Terrain|[from] ability: Psychic Surge|[of] p2a: Indeedee\n|turn|1\n|\n|t:|1695779959\n|move|p2a: Indeedee|Fake Out|p1a: Fuckle\n|-activate|p1a: Fuckle|move: Psychic Terrain\n|move|p1b: Squidgy|Stone Axe|p2a: Indeedee\n|-damage|p2a: Indeedee|41\/100\n|-sidestart|p2: dragapult1977|move: Stealth Rock\n|move|p2b: Hatterene|Substitute|p2b: Hatterene\n|-start|p2b: Hatterene|Substitute\n|-damage|p2b: Hatterene|76\/100\n|move|p1a: Fuckle|Knock Off|p2a: Indeedee\n|-supereffective|p2a: Indeedee\n|-damage|p2a: Indeedee|31\/100\n|-enditem|p2a: Indeedee|Safety Goggles|[from] move: Knock Off|[of] p1a: Fuckle\n|\n|-heal|p2b: Hatterene|82\/100|[from] item: Leftovers\n|upkeep\n|turn|2\n|\n|t:|1695779979\n|move|p2a: Indeedee|Follow Me|p2a: Indeedee\n|-singleturn|p2a: Indeedee|move: Follow Me\n|move|p1b: Squidgy|Stone Axe|p2a: Indeedee\n|-damage|p2a: Indeedee|0 fnt\n|faint|p2a: Indeedee\n|move|p2b: Hatterene|Swords Dance|p2b: Hatterene\n|-boost|p2b: Hatterene|atk|2\n|move|p1a: Fuckle|Toxic|p2b: Hatterene\n|move|p2b: Hatterene|Toxic|p1a: Fuckle|[from]ability: Magic Bounce\n|-status|p1a: Fuckle|tox\n|\n|-heal|p2b: Hatterene|88\/100|[from] item: Leftovers\n|-damage|p1a: Fuckle|94\/100 tox|[from] psn\n|upkeep\n|\n|t:|1695779993\n|switch|p2a: Grimmsnarl|Grimmsnarl, M|100\/100\n|-damage|p2a: Grimmsnarl|88\/100|[from] Stealth Rock\n|turn|3\n|\n|t:|1695780004\n|move|p2a: Grimmsnarl|Reflect|p2a: Grimmsnarl\n|-sidestart|p2: dragapult1977|Reflect\n|move|p1b: Squidgy|Close Combat|p2a: Grimmsnarl\n|-damage|p2a: Grimmsnarl|58\/100\n|-unboost|p1b: Squidgy|def|1\n|-unboost|p1b: Squidgy|spd|1\n|move|p2b: Hatterene|Baton Pass|p2b: Hatterene\n|\n|t:|1695780011\n|switch|p2b: Dragapult|Dragapult, F|100\/100|[from] Baton Pass\n|-damage|p2b: Dragapult|88\/100|[from] Stealth Rock\n|move|p1a: Fuckle|Toxic|p2a: Grimmsnarl\n|-status|p2a: Grimmsnarl|tox\n|\n|-damage|p2a: Grimmsnarl|52\/100 tox|[from] psn\n|-damage|p1a: Fuckle|82\/100 tox|[from] psn\n|upkeep\n|turn|4\n|\n|t:|1695780026\n|move|p2a: Grimmsnarl|Taunt|p1a: Fuckle\n|-activate|p1a: Fuckle|move: Psychic Terrain\n|move|p2b: Dragapult|Dragon Dance|p2b: Dragapult\n|-boost|p2b: Dragapult|atk|1\n|-boost|p2b: Dragapult|spe|1\n|move|p1b: Squidgy|Close Combat|p2a: Grimmsnarl\n|-damage|p2a: Grimmsnarl|22\/100 tox\n|-unboost|p1b: Squidgy|def|1\n|-unboost|p1b: Squidgy|spd|1\n|move|p1a: Fuckle|Sticky Web|p2b: Dragapult\n|-sidestart|p2: dragapult1977|move: Sticky Web\n|\n|-damage|p2a: Grimmsnarl|10\/100 tox|[from] psn\n|-damage|p1a: Fuckle|63\/100 tox|[from] psn\n|upkeep\n|turn|5\n|\n|t:|1695780049\n|move|p2a: Grimmsnarl|Reflect||[still]\n|-fail|p2a: Grimmsnarl\n|move|p2b: Dragapult|Dragon Darts|p1b: Squidgy\n|-damage|p1b: Squidgy|0 fnt\n|-anim|p2b: Dragapult|Dragon Darts|p1a: Fuckle\n|-damage|p1a: Fuckle|13\/100 tox\n|faint|p1b: Squidgy\n|-damage|p2b: Dragapult|78\/100|[from] item: Life Orb\n|move|p1a: Fuckle|Knock Off|p2b: Dragapult\n|-supereffective|p2b: Dragapult\n|-activate|p2b: Dragapult|move: Substitute|[damage]\n|\n|-damage|p2a: Grimmsnarl|0 fnt|[from] psn\n|faint|p2a: Grimmsnarl\n|-damage|p1a: Fuckle|0 fnt|[from] psn\n|faint|p1a: Fuckle\n|-fieldend|move: Psychic Terrain\n|upkeep\n|\n|t:|1695780068\n|switch|p1b: GasGasGas!!!|Scizor, M|100\/100\n|switch|p2a: Amoonguss|Amoonguss, M|100\/100\n|switch|p1a: \ud83d\udc41\ufe0f\ud83d\udc44\ud83d\udc41\ufe0f|Volcarona, F|100\/100\n|-damage|p2a: Amoonguss|88\/100|[from] Stealth Rock\n|-activate|p2a: Amoonguss|move: Sticky Web\n|-unboost|p2a: Amoonguss|spe|1\n|turn|6\n|\n|t:|1695780084\n|-terastallize|p1a: \ud83d\udc41\ufe0f\ud83d\udc44\ud83d\udc41\ufe0f|Bug\n|-terastallize|p2a: Amoonguss|Water\n|move|p2a: Amoonguss|Rage Powder|p2a: Amoonguss\n|-singleturn|p2a: Amoonguss|move: Rage Powder\n|move|p2b: Dragapult|Dragon Darts|p1a: \ud83d\udc41\ufe0f\ud83d\udc44\ud83d\udc41\ufe0f\n|-damage|p1a: \ud83d\udc41\ufe0f\ud83d\udc44\ud83d\udc41\ufe0f|0 fnt\n|-anim|p2b: Dragapult|Dragon Darts|p1b: GasGasGas!!!\n|-resisted|p1b: GasGasGas!!!\n|-damage|p1b: GasGasGas!!!|72\/100\n|faint|p1a: \ud83d\udc41\ufe0f\ud83d\udc44\ud83d\udc41\ufe0f\n|-damage|p2b: Dragapult|69\/100|[from] item: Life Orb\n|move|p1b: GasGasGas!!!|Brutal Swing|p2b: Dragapult|[spread] p2a,p2b\n|-supereffective|p2b: Dragapult\n|-end|p2b: Dragapult|Substitute\n|-damage|p2a: Amoonguss|74\/100\n|-damage|p1b: GasGasGas!!!|62\/100|[from] item: Life Orb\n|\n|upkeep\n|\n|t:|1695780089\n|switch|p1a: Vegeta|Slither Wing, shiny|100\/100\n|-enditem|p1a: Vegeta|Booster Energy\n|-activate|p1a: Vegeta|ability: Protosynthesis|[fromitem]\n|-start|p1a: Vegeta|protosynthesisatk\n|turn|7\n|\n|t:|1695780108\n|move|p1a: Vegeta|First Impression|p2a: Amoonguss\n|-damage|p2a: Amoonguss|37\/100\n|-enditem|p2a: Amoonguss|Sitrus Berry|[eat]\n|-heal|p2a: Amoonguss|62\/100|[from] item: Sitrus Berry\n|move|p1b: GasGasGas!!!|Bullet Punch|p2b: Dragapult\n|-damage|p2b: Dragapult|37\/100\n|-damage|p1b: GasGasGas!!!|52\/100|[from] item: Life Orb\n|move|p2b: Dragapult|Phantom Force||[still]\n|-prepare|p2b: Dragapult|Phantom Force\n|move|p2a: Amoonguss|Pollen Puff|p2b: Dragapult|[miss]\n|-miss|p2a: Amoonguss|p2b: Dragapult\n|\n|upkeep\n|turn|8\n|\n|t:|1695780137\n|move|p1a: Vegeta|Protect|p1a: Vegeta\n|-singleturn|p1a: Vegeta|Protect\n|move|p2b: Dragapult|Phantom Force|p1b: GasGasGas!!!|[from]lockedmove\n|-damage|p1b: GasGasGas!!!|0 fnt\n|faint|p1b: GasGasGas!!!\n|-damage|p2b: Dragapult|27\/100|[from] item: Life Orb\n|move|p2a: Amoonguss|Pollen Puff|p2b: Dragapult\n|-heal|p2b: Dragapult|77\/100\n|\n|upkeep\n|inactive|AceTheInadequate has 120 seconds left.\n|\n|t:|1695780151\n|switch|p1b: Pew Pew!!|Vikavolt, M|100\/100\n|turn|9\n|\n|t:|1695780157\n|move|p2a: Amoonguss|Rage Powder|p2a: Amoonguss\n|-singleturn|p2a: Amoonguss|move: Rage Powder\n|move|p2b: Dragapult|Dragon Darts|p1b: Pew Pew!!\n|-damage|p1b: Pew Pew!!|15\/100\n|-anim|p2b: Dragapult|Dragon Darts|p1a: Vegeta\n|-damage|p1a: Vegeta|0 fnt\n|faint|p1a: Vegeta\n|-end|p1a: Vegeta|Protosynthesis|[silent]\n|-damage|p2b: Dragapult|67\/100|[from] item: Life Orb\n|move|p1b: Pew Pew!!|Hidden Power|p2a: Amoonguss\n|-resisted|p2a: Amoonguss\n|-damage|p2a: Amoonguss|52\/100\n|\n|upkeep\n|turn|10\n|c|\u2606dragapult1977|gg\n|\n|t:|1695780172\n|move|p2b: Dragapult|Dragon Darts|p1b: Pew Pew!!\n|-damage|p1b: Pew Pew!!|0 fnt\n|faint|p1b: Pew Pew!!\n|-damage|p2b: Dragapult|58\/100|[from] item: Life Orb\n|\n|win|dragapult1977\n|raw|AceTheInadequate's rating: 1145 &rarr; <strong>1114<\/strong><br \/>(-31 for losing)\n|raw|dragapult1977's rating: 1060 &rarr; <strong>1098<\/strong><br \/>(+38 for winning)\n|l|\u2606AceTheInadequate\n","uploadtime":1695780179,"views":16,"p1id":"acetheinadequate","p2id":"dragapult1977","formatid":"gen9nationaldexdoubles","rating":1098,"private":0,"password":""}