{"id":"gen9nationaldexdoubles-1970486978","p1":"TheRarWolf","p2":"ElectroShibe","format":"[Gen 9] National Dex Doubles","log":"|j|\u2606TheRarWolf\n|j|\u2606ElectroShibe\n|t:|1697642791\n|gametype|doubles\n|player|p1|TheRarWolf|roxie|1140\n|player|p2|ElectroShibe|265|1223\n|teamsize|p1|6\n|teamsize|p2|6\n|gen|9\n|tier|[Gen 9] National Dex Doubles\n|rated|\n|rule|HP Percentage Mod: HP is shown in percentages\n|rule|Endless Battle Clause: Forcing endless battles is banned\n|rule|OHKO Clause: OHKO moves are banned\n|rule|Evasion Moves Clause: Evasion moves are banned\n|rule|Evasion Abilities Clause: Evasion abilities are banned\n|rule|Species Clause: Limit one of each Pok\u00e9mon\n|rule|Gravity Sleep Clause: The combination of sleep-inducing moves with imperfect accuracy and Gravity or Gigantamax Orbeetle are banned\n|clearpoke\n|poke|p1|Ribombee, F|\n|poke|p1|Scizor, M|\n|poke|p1|Kricketune, M|\n|poke|p1|Heracross, M|\n|poke|p1|Masquerain, M|\n|poke|p1|Kleavor, M|\n|poke|p2|Amoonguss, M|\n|poke|p2|Pawmot, F|\n|poke|p2|Jolteon, M|\n|poke|p2|Ninetales-Alola, F|\n|poke|p2|Palafin, F|\n|poke|p2|Clefable, M|\n|teampreview\n|\n|t:|1697642805\n|start\n|switch|p1a: Ribombee|Ribombee, F|100\/100\n|switch|p1b: Masquerain|Masquerain, M|100\/100\n|switch|p2a: Impostor|Amoonguss, M|100\/100\n|switch|p2b: Super Sonic|Jolteon, M|100\/100\n|-ability|p1b: Masquerain|Intimidate|boost\n|-unboost|p2a: Impostor|atk|1\n|-unboost|p2b: Super Sonic|atk|1\n|turn|1\n|\n|t:|1697642819\n|move|p2b: Super Sonic|Protect|p2b: Super Sonic\n|-singleturn|p2b: Super Sonic|Protect\n|move|p1a: Ribombee|Sticky Web|p2a: Impostor\n|-sidestart|p2: ElectroShibe|move: Sticky Web\n|move|p1b: Masquerain|Tailwind|p1b: Masquerain\n|-sidestart|p1: TheRarWolf|move: Tailwind\n|move|p2a: Impostor|Spore|p1b: Masquerain\n|-status|p1b: Masquerain|slp|[from] move: Spore\n|\n|upkeep\n|turn|2\n|\n|t:|1697642836\n|cant|p1b: Masquerain|slp\n|move|p2a: Impostor|Rage Powder|p2a: Impostor\n|-singleturn|p2a: Impostor|move: Rage Powder\n|move|p1a: Ribombee|Moonblast|p2a: Impostor\n|-resisted|p2a: Impostor\n|-damage|p2a: Impostor|87\/100\n|move|p2b: Super Sonic|Calm Mind|p2b: Super Sonic\n|-boost|p2b: Super Sonic|spa|1\n|-boost|p2b: Super Sonic|spd|1\n|\n|-heal|p2a: Impostor|93\/100|[from] item: Black Sludge\n|upkeep\n|turn|3\n|\n|t:|1697642851\n|move|p2b: Super Sonic|Protect|p2b: Super Sonic\n|-singleturn|p2b: Super Sonic|Protect\n|move|p1a: Ribombee|Struggle Bug|p2b: Super Sonic|[spread] p2a\n|-activate|p2b: Super Sonic|move: Protect\n|-damage|p2a: Impostor|82\/100\n|-unboost|p2a: Impostor|spa|1\n|-curestatus|p1b: Masquerain|slp|[msg]\n|move|p1b: Masquerain|Struggle Bug|p2a: Impostor|[spread] p2a\n|-activate|p2b: Super Sonic|move: Protect\n|-damage|p2a: Impostor|71\/100\n|-unboost|p2a: Impostor|spa|1\n|move|p2a: Impostor|Spore|p1a: Ribombee\n|-status|p1a: Ribombee|slp|[from] move: Spore\n|\n|-heal|p2a: Impostor|77\/100|[from] item: Black Sludge\n|upkeep\n|turn|4\n|\n|t:|1697642893\n|cant|p1a: Ribombee|slp\n|move|p1b: Masquerain|Struggle Bug|p2b: Super Sonic|[spread] p2a,p2b\n|-damage|p2a: Impostor|65\/100\n|-damage|p2b: Super Sonic|85\/100\n|-unboost|p2a: Impostor|spa|1\n|-unboost|p2b: Super Sonic|spa|1\n|move|p2b: Super Sonic|Discharge|p1a: Ribombee|[spread] p2a,p1a,p1b\n|-resisted|p2a: Impostor\n|-supereffective|p1b: Masquerain\n|-damage|p2a: Impostor|52\/100\n|-damage|p1a: Ribombee|32\/100 slp\n|-damage|p1b: Masquerain|2\/100\n|-status|p1b: Masquerain|par\n|-damage|p2b: Super Sonic|75\/100|[from] item: Life Orb\n|move|p2a: Impostor|Synthesis|p2a: Impostor\n|-heal|p2a: Impostor|100\/100\n|\n|-sideend|p1: TheRarWolf|move: Tailwind\n|upkeep\n|turn|5\n|\n|t:|1697642926\n|move|p2b: Super Sonic|Calm Mind|p2b: Super Sonic\n|-boost|p2b: Super Sonic|spa|1\n|-boost|p2b: Super Sonic|spd|1\n|cant|p1a: Ribombee|slp\n|move|p1b: Masquerain|Struggle Bug|p2b: Super Sonic|[spread] p2a,p2b\n|-damage|p2a: Impostor|89\/100\n|-damage|p2b: Super Sonic|65\/100\n|-unboost|p2a: Impostor|spa|1\n|-unboost|p2b: Super Sonic|spa|1\n|move|p2a: Impostor|Clear Smog|p1b: Masquerain\n|-crit|p1b: Masquerain\n|-damage|p1b: Masquerain|0 fnt\n|-clearboost|p1b: Masquerain\n|faint|p1b: Masquerain\n|\n|-heal|p2a: Impostor|95\/100|[from] item: Black Sludge\n|upkeep\n|\n|t:|1697642939\n|switch|p1b: Kleavor|Kleavor, M|100\/100\n|turn|6\n|\n|t:|1697642948\n|move|p2a: Impostor|Rage Powder|p2a: Impostor\n|-singleturn|p2a: Impostor|move: Rage Powder\n|move|p2b: Super Sonic|Discharge|p1a: Ribombee|[spread] p2a,p1a,p1b\n|-resisted|p2a: Impostor\n|-damage|p2a: Impostor|83\/100\n|-damage|p1a: Ribombee|0 fnt\n|-damage|p1b: Kleavor|37\/100\n|faint|p1a: Ribombee\n|-damage|p2b: Super Sonic|55\/100|[from] item: Life Orb\n|move|p1b: Kleavor|Psycho Cut|p2a: Impostor\n|-supereffective|p2a: Impostor\n|-damage|p2a: Impostor|0 fnt\n|faint|p2a: Impostor\n|-damage|p1b: Kleavor|27\/100|[from] item: Life Orb\n|\n|upkeep\n|\n|t:|1697642960\n|switch|p1a: Scizor|Scizor, M|100\/100\n|switch|p2a: Undyne|Palafin, F|100\/100\n|-activate|p2a: Undyne|move: Sticky Web\n|-unboost|p2a: Undyne|spe|1\n|turn|7\n|\n|t:|1697642980\n|detailschange|p1a: Scizor|Scizor-Mega, M\n|-mega|p1a: Scizor|Scizor|Scizorite\n|move|p2b: Super Sonic|Protect|p2b: Super Sonic\n|-singleturn|p2b: Super Sonic|Protect\n|move|p1a: Scizor|Bullet Punch|p2b: Super Sonic\n|-activate|p2b: Super Sonic|move: Protect\n|move|p1b: Kleavor|Stone Axe|p2b: Super Sonic\n|-activate|p2b: Super Sonic|move: Protect\n|move|p2a: Undyne|Flip Turn|p1b: Kleavor\n|-supereffective|p1b: Kleavor\n|-damage|p1b: Kleavor|0 fnt\n|faint|p1b: Kleavor\n|\n|t:|1697642995\n|detailschange|p2a: Undyne|Palafin-Hero, F\n|switch|p2a: Medic|Clefable, M|100\/100|[from] Flip Turn\n|-activate|p2a: Medic|move: Sticky Web\n|-unboost|p2a: Medic|spe|1\n|\n|upkeep\n|\n|t:|1697643002\n|switch|p1b: Heracross|Heracross, M|100\/100\n|turn|8\n|\n|t:|1697643015\n|-terastallize|p1b: Heracross|Bug\n|move|p1a: Scizor|Bullet Punch|p2b: Super Sonic\n|-resisted|p2b: Super Sonic\n|-damage|p2b: Super Sonic|22\/100\n|move|p2b: Super Sonic|Calm Mind|p2b: Super Sonic\n|-boost|p2b: Super Sonic|spa|1\n|-boost|p2b: Super Sonic|spd|1\n|move|p1b: Heracross|Megahorn|p2a: Medic\n|-resisted|p2a: Medic\n|-damage|p2a: Medic|57\/100\n|move|p2a: Medic|Heal Pulse|p2b: Super Sonic\n|-heal|p2b: Super Sonic|72\/100\n|\n|-heal|p2a: Medic|63\/100|[from] item: Leftovers\n|-status|p1b: Heracross|brn|[from] item: Flame Orb\n|upkeep\n|turn|9\n|\n|t:|1697643051\n|move|p1a: Scizor|Bullet Punch|p2b: Super Sonic\n|-resisted|p2b: Super Sonic\n|-damage|p2b: Super Sonic|34\/100\n|move|p2b: Super Sonic|Discharge|p1a: Scizor|[spread] p2a,p1a,p1b\n|-damage|p2a: Medic|30\/100\n|-damage|p1a: Scizor|45\/100\n|-damage|p1b: Heracross|41\/100 brn\n|-damage|p2b: Super Sonic|24\/100|[from] item: Life Orb\n|move|p1b: Heracross|Rock Slide|p2a: Medic|[spread] p2a,p2b\n|-damage|p2a: Medic|0 fnt\n|-damage|p2b: Super Sonic|0 fnt\n|faint|p2a: Medic\n|faint|p2b: Super Sonic\n|\n|-damage|p1b: Heracross|35\/100 brn|[from] brn\n|upkeep\n|\n|t:|1697643067\n|switch|p2b: EMT|Pawmot, F|100\/100\n|switch|p2a: Undyne|Palafin-Hero, F|100\/100\n|-activate|p2b: EMT|move: Sticky Web\n|-unboost|p2b: EMT|spe|1\n|-activate|p2a: Undyne|move: Sticky Web\n|-unboost|p2a: Undyne|spe|1\n|-activate|p2a: Undyne|ability: Zero to Hero\n|turn|10\n|\n|t:|1697643077\n|move|p2b: EMT|Fake Out|p1a: Scizor\n|-resisted|p1a: Scizor\n|-damage|p1a: Scizor|40\/100\n|move|p2a: Undyne|Jet Punch|p1b: Heracross\n|-damage|p1b: Heracross|0 fnt\n|faint|p1b: Heracross\n|cant|p1a: Scizor|flinch\n|\n|upkeep\n|\n|t:|1697643079\n|switch|p1b: Kricketune|Kricketune, M|100\/100\n|turn|11\n|\n|t:|1697643109\n|move|p2a: Undyne|Jet Punch|p1a: Scizor\n|-damage|p1a: Scizor|14\/100\n|move|p2b: EMT|Nuzzle|p1b: Kricketune\n|-damage|p1b: Kricketune|87\/100\n|-status|p1b: Kricketune|par\n|move|p1a: Scizor|Dual Wingbeat|p2b: EMT\n|-damage|p2b: EMT|60\/100\n|-damage|p2b: EMT|19\/100\n|-hitcount|p2b: EMT|2\n|move|p1b: Kricketune|Trailblaze|p2a: Undyne\n|-supereffective|p2a: Undyne\n|-damage|p2a: Undyne|59\/100\n|-boost|p1b: Kricketune|spe|1\n|-damage|p1b: Kricketune|71\/100 par|[from] item: Rocky Helmet|[of] p2a: Undyne\n|\n|upkeep\n|turn|12\n|\n|t:|1697643130\n|move|p2a: Undyne|Jet Punch|p1a: Scizor\n|-damage|p1a: Scizor|0 fnt\n|faint|p1a: Scizor\n|move|p2b: EMT|Revival Blessing|p2b: EMT\n|-enditem|p2b: EMT|Leppa Berry|[eat]\n|-activate|p2b: EMT|item: Leppa Berry|Revival Blessing|[consumed]\n|-message|TheRarWolf forfeited.\n|\n|win|ElectroShibe\n|raw|TheRarWolf's rating: 1140 &rarr; <strong>1121<\/strong><br \/>(-19 for losing)\n|raw|ElectroShibe's rating: 1223 &rarr; <strong>1242<\/strong><br \/>(+19 for winning)\n|l|\u2606TheRarWolf\n","uploadtime":1697643142,"views":5,"p1id":"therarwolf","p2id":"electroshibe","formatid":"gen9nationaldexdoubles","rating":1121,"private":0,"password":""}