{"id":"gen9nationaldexdoubles-1984099985","p1":"bubbybean","p2":"FriedBeaver01","format":"[Gen 9] National Dex Doubles","log":"|j|\u2606bubbybean\n|j|\u2606FriedBeaver01\n|t:|1699218643\n|gametype|doubles\n|player|p1|bubbybean|102|\n|player|p2|FriedBeaver01|101|\n|teamsize|p1|6\n|teamsize|p2|6\n|gen|9\n|tier|[Gen 9] National Dex Doubles\n|rule|HP Percentage Mod: HP is shown in percentages\n|rule|Endless Battle Clause: Forcing endless battles is banned\n|rule|OHKO Clause: OHKO moves are banned\n|rule|Evasion Moves Clause: Evasion moves are banned\n|rule|Evasion Abilities Clause: Evasion abilities are banned\n|rule|Species Clause: Limit one of each Pok\u00e9mon\n|rule|Gravity Sleep Clause: The combination of sleep-inducing moves with imperfect accuracy and Gravity or Gigantamax Orbeetle are banned\n|clearpoke\n|poke|p1|Conkeldurr, F|\n|poke|p1|Ursaluna-Bloodmoon, M|\n|poke|p1|Cetitan, F|\n|poke|p1|Arcanine-Hisui, F|\n|poke|p1|Urshifu-*, M|\n|poke|p1|Farigiraf, F|\n|poke|p2|Dragapult, M|\n|poke|p2|Grimmsnarl, M|\n|poke|p2|Iron Hands|\n|poke|p2|Pincurchin, M|\n|poke|p2|Heatran, M|\n|poke|p2|Torterra, M|\n|teampreview\n|j| Prankbox454\n|\n|t:|1699218661\n|start\n|switch|p1a: Farigiraf|Farigiraf, F, shiny|100\/100\n|switch|p1b: Ursaluna|Ursaluna-Bloodmoon, M|100\/100\n|switch|p2a: Hedgeshock|Pincurchin, M, shiny|100\/100\n|switch|p2b: Lizardgeist|Dragapult, M, shiny|100\/100\n|-fieldstart|move: Electric Terrain|[from] ability: Electric Surge|[of] p2a: Hedgeshock\n|-enditem|p2a: Hedgeshock|Electric Seed\n|-boost|p2a: Hedgeshock|def|1|[from] item: Electric Seed\n|turn|1\n|c|\u2606bubbybean|Howdy\n|c| Prankbox454|1-0 so far\n|\n|t:|1699218687\n|switch|p2a: Tortellini|Torterra, M, shiny|100\/100\n|move|p2b: Lizardgeist|U-turn|p1a: Farigiraf\n|-supereffective|p1a: Farigiraf\n|-damage|p1a: Farigiraf|27\/100\n|-damage|p2b: Lizardgeist|84\/100|[from] item: Rocky Helmet|[of] p1a: Farigiraf\n|c|\u2606bubbybean|aww\n|\n|t:|1699218706\n|switch|p2b: Hedgeshock|Pincurchin, M, shiny|100\/100|[from] U-turn\n|move|p1b: Ursaluna|Earth Power|p2a: Tortellini\n|-resisted|p2a: Tortellini\n|-damage|p2a: Tortellini|75\/100\n|move|p1a: Farigiraf|Trick Room|p1a: Farigiraf\n|-fieldstart|move: Trick Room|[of] p1a: Farigiraf\n|\n|-heal|p2a: Tortellini|81\/100|[from] item: Leftovers\n|upkeep\n|turn|2\n|inactive|Battle timer is ON: inactive players will automatically lose when time's up. (requested by FriedBeaver01)\n|\n|t:|1699218755\n|switch|p1a: Conkeldurr|Conkeldurr, F|100\/100\n|move|p2b: Hedgeshock|Rising Voltage|p1a: Conkeldurr\n|-hint|Rising Voltage's BP doubled on grounded target.\n|-damage|p1a: Conkeldurr|12\/100\n|move|p1b: Ursaluna|Hyper Voice|p2b: Hedgeshock|[spread] p2a,p2b\n|-damage|p2a: Tortellini|41\/100\n|-damage|p2b: Hedgeshock|37\/100\n|move|p2a: Tortellini|Seed Bomb|p1b: Ursaluna\n|-supereffective|p1b: Ursaluna\n|-damage|p1b: Ursaluna|50\/100\n|\n|-heal|p2a: Tortellini|47\/100|[from] item: Leftovers\n|-status|p1a: Conkeldurr|brn|[from] item: Flame Orb\n|upkeep\n|turn|3\n|\n|t:|1699218776\n|move|p1a: Conkeldurr|Protect|p1a: Conkeldurr\n|-singleturn|p1a: Conkeldurr|Protect\n|move|p2a: Tortellini|Protect|p2a: Tortellini\n|-singleturn|p2a: Tortellini|Protect\n|move|p2b: Hedgeshock|Toxic Spikes|p1b: Ursaluna\n|-sidestart|p1: bubbybean|move: Toxic Spikes\n|move|p1b: Ursaluna|Hyper Voice|p2a: Tortellini|[spread] p2b\n|-activate|p2a: Tortellini|move: Protect\n|-damage|p2b: Hedgeshock|0 fnt\n|faint|p2b: Hedgeshock\n|\n|-heal|p2a: Tortellini|53\/100|[from] item: Leftovers\n|-damage|p1a: Conkeldurr|6\/100 brn|[from] brn\n|upkeep\n|c| Prankbox454|The demon is down!\n|inactive|FriedBeaver01 has 270 seconds left.\n|c|\u2606bubbybean|LETS GOOOOOOO\n|c|\u2606bubbybean|>:)\n|\n|t:|1699218819\n|switch|p2b: EXTRA THICC|Grimmsnarl, M, shiny|100\/100\n|turn|4\n|\n|t:|1699218830\n|move|p2b: EXTRA THICC|Sucker Punch|p1a: Conkeldurr\n|-resisted|p1a: Conkeldurr\n|-damage|p1a: Conkeldurr|0 fnt\n|faint|p1a: Conkeldurr\n|move|p1b: Ursaluna|Moonblast|p2b: EXTRA THICC\n|-supereffective|p2b: EXTRA THICC\n|-damage|p2b: EXTRA THICC|25\/100\n|-unboost|p2b: EXTRA THICC|spa|1\n|move|p2a: Tortellini|Seed Bomb|p1b: Ursaluna\n|-supereffective|p1b: Ursaluna\n|-damage|p1b: Ursaluna|0 fnt\n|faint|p1b: Ursaluna\n|\n|-heal|p2a: Tortellini|59\/100|[from] item: Leftovers\n|upkeep\n|c|\u2606FriedBeaver01|Great\n|c|\u2606FriedBeaver01|now deal with all the other demons\n|inactive|bubbybean has 270 seconds left.\n|c| Prankbox454|Im not used to Grimmsnarl not setting up screens\n|\n|t:|1699218867\n|switch|p1a: Cetitan|Cetitan, F, shiny|100\/100\n|switch|p1b: Farigiraf|Farigiraf, F, shiny|27\/100\n|-status|p1b: Farigiraf|psn\n|-status|p1a: Cetitan|psn\n|turn|5\n|inactive|bubbybean has 270 seconds left.\n|\n|t:|1699218889\n|move|p1b: Farigiraf|Dazzling Gleam|p2b: EXTRA THICC|[spread] p2a,p2b\n|-supereffective|p2b: EXTRA THICC\n|-damage|p2a: Tortellini|44\/100\n|-damage|p2b: EXTRA THICC|0 fnt\n|faint|p2b: EXTRA THICC\n|move|p2a: Tortellini|Leech Seed|p1a: Cetitan\n|-start|p1a: Cetitan|move: Leech Seed\n|move|p1a: Cetitan|Ice Spinner|p2a: Tortellini\n|-supereffective|p2a: Tortellini\n|-damage|p2a: Tortellini|0 fnt\n|-fieldend|move: Electric Terrain\n|faint|p2a: Tortellini\n|\n|-damage|p1b: Farigiraf|14\/100 psn|[from] psn\n|-damage|p1a: Cetitan|88\/100 psn|[from] psn\n|-fieldend|move: Trick Room\n|upkeep\n|inactive|FriedBeaver01 has 270 seconds left.\n|\n|t:|1699218911\n|switch|p2a: Lizardgeist|Dragapult, M, shiny|84\/100\n|switch|p2b: Krakatoada|Heatran, M, shiny|100\/100\n|-item|p2b: Krakatoada|Air Balloon\n|turn|6\n|inactive|bubbybean has 270 seconds left.\n|\n|t:|1699218944\n|switch|p1b: Urshifu|Urshifu-Rapid-Strike, M|100\/100\n|-status|p1b: Urshifu|psn\n|move|p2a: Lizardgeist|U-turn|p1b: Urshifu\n|-resisted|p1b: Urshifu\n|-damage|p1b: Urshifu|83\/100 psn\n|\n|t:|1699218950\n|switch|p2a: Big Slapper|Iron Hands, shiny|100\/100|[from] U-turn\n|move|p2b: Krakatoada|Eruption|p1b: Urshifu|[spread] p1a,p1b\n|-supereffective|p1a: Cetitan\n|-resisted|p1b: Urshifu\n|-damage|p1a: Cetitan|0 fnt\n|-damage|p1b: Urshifu|37\/100 psn\n|faint|p1a: Cetitan\n|\n|-damage|p1b: Urshifu|25\/100 psn|[from] psn\n|upkeep\n|inactive|bubbybean has 270 seconds left.\n|\n|t:|1699218962\n|switch|p1a: Farigiraf|Farigiraf, F, shiny|14\/100 psn\n|turn|7\n|c|\u2606FriedBeaver01|Man\n|inactive|bubbybean has 270 seconds left.\n|c|\u2606FriedBeaver01|Heatran is also busted af\n|inactive|FriedBeaver01 has 270 seconds left.\n|c| Prankbox454|trueee\n|\n|t:|1699219004\n|move|p1a: Farigiraf|Helping Hand|p1b: Urshifu\n|-singleturn|p1b: Urshifu|Helping Hand|[of] p1a: Farigiraf\n|move|p2b: Krakatoada|Protect|p2b: Krakatoada\n|-singleturn|p2b: Krakatoada|Protect\n|move|p2a: Big Slapper|Fake Out||[still]\n|cant|p1a: Farigiraf|ability: Armor Tail|Fake Out|[of] p2a: Big Slapper\n|move|p1b: Urshifu|Surging Strikes|p2b: Krakatoada\n|-supereffective|p2b: Krakatoada\n|-crit|p2b: Krakatoada\n|-damage|p2b: Krakatoada|26\/100\n|-enditem|p2b: Krakatoada|Air Balloon\n|-supereffective|p2b: Krakatoada\n|-crit|p2b: Krakatoada\n|-damage|p2b: Krakatoada|0 fnt\n|faint|p2b: Krakatoada\n|-hitcount|p2: Krakatoada|2\n|\n|-damage|p1b: Urshifu|13\/100 psn|[from] psn\n|-damage|p1a: Farigiraf|2\/100 psn|[from] psn\n|upkeep\n|c|\u2606bubbybean|Big boy\n|\n|t:|1699219021\n|switch|p2b: Lizardgeist|Dragapult, M, shiny|84\/100\n|turn|8\n|inactive|FriedBeaver01 has 270 seconds left.\n|\n|t:|1699219040\n|move|p1a: Farigiraf|Helping Hand|p1b: Urshifu\n|-singleturn|p1b: Urshifu|Helping Hand|[of] p1a: Farigiraf\n|move|p2b: Lizardgeist|Dragon Darts|p1b: Urshifu\n|-damage|p1b: Urshifu|0 fnt\n|-anim|p2b: Lizardgeist|Dragon Darts|p1a: Farigiraf\n|-damage|p1a: Farigiraf|0 fnt\n|faint|p1b: Urshifu\n|faint|p1a: Farigiraf\n|move|p2a: Big Slapper|Thunder Punch|p1: Farigiraf|[notarget]\n|-fail|p2a: Big Slapper\n|\n|upkeep\n|\n|t:|1699219050\n|switch|p1b: Arcanine|Arcanine-Hisui, F|100\/100\n|-status|p1b: Arcanine|psn\n|turn|9\n|c|\u2606FriedBeaver01|Dragapult the goat\n|c|\u2606FriedBeaver01|Man gg\n|\n|t:|1699219077\n|-terastallize|p1b: Arcanine|Fire\n|move|p2b: Lizardgeist|Dragon Darts|p1b: Arcanine\n|-crit|p1b: Arcanine\n|-damage|p1b: Arcanine|35\/100 psn\n|-anim|p2b: Lizardgeist|Dragon Darts|p1b: Arcanine\n|-damage|p1b: Arcanine|0 fnt\n|faint|p1b: Arcanine\n|\n|win|FriedBeaver01\n|c|\u2606bubbybean|yeah\n|c|\u2606bubbybean|gg\n|c|\u2606FriedBeaver01|Hey prank\n|c| Prankbox454|It could've gone either way tbh\n|c|\u2606FriedBeaver01|wanna play against this dude?\n|c| Prankbox454|Oh sure\n|c|\u2606FriedBeaver01|you know, so you also get to play\n|c|\u2606bubbybean|lol\n|c| Prankbox454|I have this sick new team to try :smug:\n|c|\u2606FriedBeaver01|Ok\n|c|\u2606FriedBeaver01|I\u2019ll wait for you guys\n|l|\u2606FriedBeaver01\n","uploadtime":1699220044,"views":5,"p1id":"bubbybean","p2id":"friedbeaver01","formatid":"gen9nationaldexdoubles","rating":0,"private":0,"password":""}