{"id":"gen9nationaldexdoubles-1950655071","p1":"Gamer00ooO","p2":"El_Gran_Wigglytuff","format":"[Gen 9] National Dex Doubles","log":"|j|\u2606Gamer00ooO\n|j|\u2606El_Gran_Wigglytuff\n|t:|1695493680\n|gametype|doubles\n|player|p1|Gamer00ooO|266|\n|player|p2|El_Gran_Wigglytuff|benga|\n|teamsize|p1|6\n|teamsize|p2|6\n|gen|9\n|tier|[Gen 9] National Dex Doubles\n|rule|HP Percentage Mod: HP is shown in percentages\n|rule|Endless Battle Clause: Forcing endless battles is banned\n|rule|OHKO Clause: OHKO moves are banned\n|rule|Evasion Moves Clause: Evasion moves are banned\n|rule|Evasion Abilities Clause: Evasion abilities are banned\n|rule|Species Clause: Limit one of each Pok\u00e9mon\n|rule|Gravity Sleep Clause: The combination of sleep-inducing moves with imperfect accuracy and Gravity or Gigantamax Orbeetle are banned\n|clearpoke\n|poke|p1|Grimmsnarl, M|\n|poke|p1|Diancie|\n|poke|p1|Klefki, F|\n|poke|p1|Azumarill, F|\n|poke|p1|Sylveon, F|\n|poke|p1|Iron Valiant|\n|poke|p2|Basculegion-F, F|\n|poke|p2|Pelipper, M|\n|poke|p2|Ogerpon-Wellspring, F|\n|poke|p2|Walking Wake|\n|poke|p2|Palafin, M|\n|poke|p2|Swampert, M|\n|teampreview\n|\n|t:|1695493698\n|start\n|switch|p1a: Grimmsnarl|Grimmsnarl, M|100\/100\n|switch|p1b: Diancie|Diancie|100\/100\n|switch|p2a: Pelipper|Pelipper, M|100\/100\n|switch|p2b: Palafin|Palafin, M|100\/100\n|-weather|RainDance|[from] ability: Drizzle|[of] p2a: Pelipper\n|turn|1\n|\n|t:|1695493711\n|move|p2a: Pelipper|Protect|p2a: Pelipper\n|-singleturn|p2a: Pelipper|Protect\n|move|p1a: Grimmsnarl|Light Screen|p1a: Grimmsnarl\n|-sidestart|p1: Gamer00ooO|move: Light Screen\n|move|p2b: Palafin|Flip Turn|p1b: Diancie\n|-supereffective|p1b: Diancie\n|-damage|p1b: Diancie|43\/100\n|\n|t:|1695493722\n|detailschange|p2b: Palafin|Palafin-Hero, M\n|switch|p2b: Swampert|Swampert, M|100\/100|[from] Flip Turn\n|move|p1b: Diancie|Diamond Storm|p2a: Pelipper|[spread] p2b\n|-activate|p2a: Pelipper|move: Protect\n|-resisted|p2b: Swampert\n|-damage|p2b: Swampert|86\/100\n|\n|-weather|RainDance|[upkeep]\n|-heal|p1b: Diancie|49\/100|[from] item: Leftovers\n|upkeep\n|turn|2\n|\n|t:|1695493739\n|switch|p2a: Palafin|Palafin-Hero, M|100\/100\n|-activate|p2a: Palafin|ability: Zero to Hero\n|switch|p1b: Azumarill|Azumarill, F|100\/100\n|detailschange|p2b: Swampert|Swampert-Mega, M\n|-mega|p2b: Swampert|Swampert|Swampertite\n|move|p1a: Grimmsnarl|Reflect|p1a: Grimmsnarl\n|-sidestart|p1: Gamer00ooO|Reflect\n|move|p2b: Swampert|Liquidation|p1b: Azumarill\n|-resisted|p1b: Azumarill\n|-damage|p1b: Azumarill|75\/100\n|\n|-weather|RainDance|[upkeep]\n|upkeep\n|turn|3\n|\n|t:|1695493776\n|move|p2b: Swampert|High Horsepower|p1b: Azumarill\n|-damage|p1b: Azumarill|40\/100\n|move|p2a: Palafin|Flip Turn|p1a: Grimmsnarl\n|-damage|p1a: Grimmsnarl|65\/100\n|\n|t:|1695493788\n|switch|p2a: Ogerpon|Ogerpon-Wellspring, F|100\/100|[from] Flip Turn\n|move|p1a: Grimmsnarl|Crunch|p2a: Ogerpon\n|-damage|p2a: Ogerpon|52\/100\n|move|p1b: Azumarill|Ice Spinner|p2b: Swampert\n|-damage|p2b: Swampert|73\/100\n|-damage|p1b: Azumarill|30\/100|[from] item: Life Orb\n|\n|-weather|RainDance|[upkeep]\n|-heal|p1a: Grimmsnarl|71\/100|[from] item: Leftovers\n|upkeep\n|turn|4\n|l|\u2606Gamer00ooO\n|player|p1|\n|j|\u2606Gamer00ooO\n|player|p1|Gamer00ooO|266\n|\n|t:|1695494064\n|move|p2a: Ogerpon|Protect|p2a: Ogerpon\n|-singleturn|p2a: Ogerpon|Protect\n|move|p2b: Swampert|High Horsepower|p1b: Azumarill\n|-damage|p1b: Azumarill|0 fnt\n|faint|p1b: Azumarill\n|move|p1a: Grimmsnarl|Crunch|p2a: Ogerpon\n|-activate|p2a: Ogerpon|move: Protect\n|\n|-weather|RainDance|[upkeep]\n|-heal|p1a: Grimmsnarl|77\/100|[from] item: Leftovers\n|upkeep\n|\n|t:|1695494088\n|switch|p1b: Iron Valiant|Iron Valiant|100\/100\n|turn|5\n|j| Aluh_opa\n|c|\u2606Gamer00ooO|Hola\n|\n|t:|1695494115\n|move|p2b: Swampert|Liquidation|p1b: Iron Valiant\n|-damage|p1b: Iron Valiant|45\/100\n|move|p2a: Ogerpon|Ivy Cudgel|p1b: Iron Valiant\n|-damage|p1b: Iron Valiant|0 fnt\n|faint|p1b: Iron Valiant\n|-end|p1b: Iron Valiant|Quark Drive|[silent]\n|move|p1a: Grimmsnarl|Crunch|p2a: Ogerpon\n|-damage|p2a: Ogerpon|8\/100\n|\n|-weather|RainDance|[upkeep]\n|-heal|p1a: Grimmsnarl|83\/100|[from] item: Leftovers\n|-sideend|p1: Gamer00ooO|move: Light Screen\n|upkeep\n|\n|t:|1695494125\n|switch|p1b: Sylveon|Sylveon, F|100\/100\n|turn|6\n|\n|t:|1695494130\n|move|p2a: Ogerpon|Protect|p2a: Ogerpon\n|-singleturn|p2a: Ogerpon|Protect\n|move|p1a: Grimmsnarl|Light Screen|p1a: Grimmsnarl\n|-sidestart|p1: Gamer00ooO|move: Light Screen\n|move|p2b: Swampert|Liquidation|p1b: Sylveon\n|-damage|p1b: Sylveon|49\/100\n|move|p1b: Sylveon|Hyper Voice|p2b: Swampert|[spread] p2b\n|-activate|p2a: Ogerpon|move: Protect\n|-damage|p2b: Swampert|38\/100\n|\n|-weather|RainDance|[upkeep]\n|-heal|p1a: Grimmsnarl|89\/100|[from] item: Leftovers\n|-sideend|p1: Gamer00ooO|Reflect\n|upkeep\n|turn|7\n|\n|t:|1695494150\n|move|p2b: Swampert|Liquidation|p1b: Sylveon\n|-damage|p1b: Sylveon|0 fnt\n|faint|p1b: Sylveon\n|move|p2a: Ogerpon|Ivy Cudgel|p1a: Grimmsnarl\n|-crit|p1a: Grimmsnarl\n|-damage|p1a: Grimmsnarl|0 fnt\n|faint|p1a: Grimmsnarl\n|\n|-weather|RainDance|[upkeep]\n|upkeep\n|\n|t:|1695494159\n|switch|p1b: Klefki|Klefki, F|100\/100\n|switch|p1a: Diancie|Diancie|49\/100\n|-item|p1b: Klefki|Air Balloon\n|turn|8\n|j| fifier\n|\n|t:|1695494170\n|move|p1b: Klefki|Reflect|p1b: Klefki\n|-sidestart|p1: Gamer00ooO|Reflect\n|move|p2b: Swampert|Liquidation|p1b: Klefki\n|-damage|p1b: Klefki|45\/100\n|-enditem|p1b: Klefki|Air Balloon\n|move|p2a: Ogerpon|Horn Leech|p1a: Diancie\n|-supereffective|p1a: Diancie\n|-damage|p1a: Diancie|1\/100\n|-heal|p2a: Ogerpon|28\/100|[from] drain|[of] p1a: Diancie\n|move|p1a: Diancie|Diamond Storm|p2a: Ogerpon|[spread] p2a,p2b\n|-resisted|p2b: Swampert\n|-damage|p2a: Ogerpon|0 fnt\n|-damage|p2b: Swampert|26\/100\n|faint|p2a: Ogerpon\n|\n|-weather|none\n|-heal|p1a: Diancie|8\/100|[from] item: Leftovers\n|upkeep\n|\n|t:|1695494173\n|switch|p2a: Pelipper|Pelipper, M|100\/100\n|-weather|RainDance|[from] ability: Drizzle|[of] p2a: Pelipper\n|turn|9\n|\n|t:|1695494193\n|move|p2b: Swampert|Liquidation|p1b: Klefki\n|-damage|p1b: Klefki|0 fnt\n|faint|p1b: Klefki\n|move|p2a: Pelipper|Scald|p1a: Diancie\n|-supereffective|p1a: Diancie\n|-damage|p1a: Diancie|0 fnt\n|faint|p1a: Diancie\n|\n|win|El_Gran_Wigglytuff\n|j| XMarcosPr710\n","uploadtime":1695494197,"views":14,"p1id":"gamer00ooo","p2id":"elgranwigglytuff","formatid":"gen9nationaldexdoubles","rating":0,"private":0,"password":""}