{"id":"gen9nationaldexdoubles-1964479741","p1":"dgxd drzg","p2":"Tritus ELITE 4","format":"[Gen 9] National Dex Doubles","log":"|j|\u2606dgxd drzg\n|j|\u2606Tritus ELITE 4\n|t:|1696972316\n|gametype|doubles\n|player|p1|dgxd drzg|lucas|1047\n|player|p2|Tritus ELITE 4|wulfric|1100\n|teamsize|p1|6\n|teamsize|p2|6\n|gen|9\n|tier|[Gen 9] National Dex Doubles\n|rated|\n|rule|HP Percentage Mod: HP is shown in percentages\n|rule|Endless Battle Clause: Forcing endless battles is banned\n|rule|OHKO Clause: OHKO moves are banned\n|rule|Evasion Moves Clause: Evasion moves are banned\n|rule|Evasion Abilities Clause: Evasion abilities are banned\n|rule|Species Clause: Limit one of each Pok\u00e9mon\n|rule|Gravity Sleep Clause: The combination of sleep-inducing moves with imperfect accuracy and Gravity or Gigantamax Orbeetle are banned\n|clearpoke\n|poke|p1|Indeedee-F, F|\n|poke|p1|Oranguru, M|\n|poke|p1|Glastrier|\n|poke|p1|Hoopa-Unbound|\n|poke|p1|Ursaluna, F|\n|poke|p1|Zygarde|\n|poke|p2|Basculegion-F, F|\n|poke|p2|Swampert, M|\n|poke|p2|Pelipper, F|\n|poke|p2|Araquanid, F|\n|poke|p2|Milotic, F|\n|poke|p2|Ludicolo, M|\n|teampreview\n|inactive|Battle timer is ON: inactive players will automatically lose when time's up. (requested by dgxd drzg)\n|\n|t:|1696972340\n|start\n|switch|p1a: Hoopa|Hoopa-Unbound|100\/100\n|switch|p1b: Zygarde|Zygarde|100\/100\n|switch|p2a: Pelipper|Pelipper, F|100\/100\n|switch|p2b: Milotic|Milotic, F|100\/100\n|-ability|p1b: Zygarde|Aura Break\n|-weather|RainDance|[from] ability: Drizzle|[of] p2a: Pelipper\n|turn|1\n|\n|t:|1696972348\n|move|p2b: Milotic|Coil|p2b: Milotic\n|-boost|p2b: Milotic|atk|1\n|-boost|p2b: Milotic|def|1\n|-boost|p2b: Milotic|accuracy|1\n|move|p1b: Zygarde|Coil|p1b: Zygarde\n|-boost|p1b: Zygarde|atk|1\n|-boost|p1b: Zygarde|def|1\n|-boost|p1b: Zygarde|accuracy|1\n|move|p2a: Pelipper|U-turn|p1a: Hoopa\n|-supereffective|p1a: Hoopa\n|-damage|p1a: Hoopa|17\/100\n|\n|t:|1696972360\n|switch|p2a: Swampert|Swampert, M|100\/100|[from] U-turn\n|move|p1a: Hoopa|Trick Room|p1a: Hoopa\n|-fieldstart|move: Trick Room|[of] p1a: Hoopa\n|-enditem|p1b: Zygarde|Room Service\n|-unboost|p1b: Zygarde|spe|1|[from] item: Room Service\n|-enditem|p1a: Hoopa|Room Service\n|-unboost|p1a: Hoopa|spe|1|[from] item: Room Service\n|\n|-weather|RainDance|[upkeep]\n|upkeep\n|turn|2\n|\n|t:|1696972387\n|detailschange|p2a: Swampert|Swampert-Mega, M\n|-mega|p2a: Swampert|Swampert|Swampertite\n|move|p1a: Hoopa|Dark Pulse|p2b: Milotic\n|-damage|p2b: Milotic|62\/100\n|-item|p1a: Hoopa|Leftovers|[from] ability: Magician|[of] p2b: Milotic\n|move|p1b: Zygarde|Thousand Arrows|p2b: Milotic|[spread] p2a,p2b\n|-damage|p2a: Swampert|69\/100\n|-damage|p2b: Milotic|33\/100\n|move|p2b: Milotic|Muddy Water|p1a: Hoopa|[spread] p1a,p1b\n|-damage|p1a: Hoopa|0 fnt\n|-damage|p1b: Zygarde|78\/100\n|-unboost|p1b: Zygarde|accuracy|1\n|faint|p1a: Hoopa\n|move|p2a: Swampert|Waterfall|p1b: Zygarde\n|-damage|p1b: Zygarde|45\/100\n|\n|-weather|RainDance|[upkeep]\n|upkeep\n|inactive|dgxd drzg has 120 seconds left.\n|\n|t:|1696972415\n|switch|p1a: Ursaluna|Ursaluna, F|100\/100\n|turn|3\n|inactive|dgxd drzg has 120 seconds left.\n|\n|t:|1696972440\n|move|p1a: Ursaluna|Facade|p2a: Swampert\n|-damage|p2a: Swampert|32\/100\n|move|p1b: Zygarde|Thousand Arrows|p2a: Swampert|[spread] p2a,p2b\n|-damage|p2a: Swampert|0 fnt\n|-damage|p2b: Milotic|1\/100\n|faint|p2a: Swampert\n|move|p2b: Milotic|Hydro Pump|p1a: Ursaluna\n|-supereffective|p1a: Ursaluna\n|-damage|p1a: Ursaluna|7\/100\n|\n|-weather|RainDance|[upkeep]\n|-status|p1a: Ursaluna|brn|[from] item: Flame Orb\n|upkeep\n|\n|t:|1696972453\n|switch|p2a: Araquanid|Araquanid, F|100\/100\n|turn|4\n|\n|t:|1696972458\n|move|p1a: Ursaluna|Facade|p2a: Araquanid\n|-damage|p2a: Araquanid|0 fnt\n|faint|p2a: Araquanid\n|move|p1b: Zygarde|Thousand Arrows|p2b: Milotic\n|-damage|p2b: Milotic|0 fnt\n|faint|p2b: Milotic\n|\n|-weather|RainDance|[upkeep]\n|-damage|p1a: Ursaluna|1\/100 brn|[from] brn\n|upkeep\n|\n|t:|1696972465\n|switch|p2a: Ludicolo|Ludicolo, M|100\/100\n|switch|p2b: Pelipper|Pelipper, F|100\/100\n|turn|5\n|\n|t:|1696972482\n|move|p2b: Pelipper|Protect|p2b: Pelipper\n|-singleturn|p2b: Pelipper|Protect\n|move|p1a: Ursaluna|Facade|p2a: Ludicolo\n|-damage|p2a: Ludicolo|0 fnt\n|faint|p2a: Ludicolo\n|move|p1b: Zygarde|Thousand Arrows|p2b: Pelipper\n|-activate|p2b: Pelipper|move: Protect\n|\n|-weather|none\n|-damage|p1a: Ursaluna|0 fnt|[from] brn\n|faint|p1a: Ursaluna\n|-fieldend|move: Trick Room\n|upkeep\n|\n|t:|1696972490\n|switch|p2a: Basculegion|Basculegion-F, F|100\/100\n|switch|p1a: Indeedee|Indeedee-F, F|100\/100\n|-fieldstart|move: Psychic Terrain|[from] ability: Psychic Surge|[of] p1a: Indeedee\n|turn|6\n|\n|t:|1696972500\n|move|p1b: Zygarde|Protect|p1b: Zygarde\n|-singleturn|p1b: Zygarde|Protect\n|move|p2a: Basculegion|Last Respects|p1a: Indeedee\n|-immune|p1a: Indeedee\n|move|p2b: Pelipper|Scald|p1b: Zygarde\n|-activate|p1b: Zygarde|move: Protect\n|move|p1a: Indeedee|Trick Room|p1a: Indeedee\n|-fieldstart|move: Trick Room|[of] p1a: Indeedee\n|\n|upkeep\n|turn|7\n|\n|t:|1696972515\n|move|p1a: Indeedee|Follow Me|p1a: Indeedee\n|-singleturn|p1a: Indeedee|move: Follow Me\n|move|p1b: Zygarde|Thousand Arrows|p2a: Basculegion|[spread] p2a,p2b\n|-damage|p2a: Basculegion|59\/100\n|-damage|p2b: Pelipper|55\/100\n|-start|p2b: Pelipper|Smack Down\n|move|p2b: Pelipper|Scald|p1a: Indeedee\n|-damage|p1a: Indeedee|79\/100\n|move|p2a: Basculegion|Last Respects|p1a: Indeedee\n|-immune|p1a: Indeedee\n|\n|-heal|p2b: Pelipper|61\/100|[from] item: Leftovers\n|upkeep\n|turn|8\n|\n|t:|1696972526\n|move|p1a: Indeedee|Follow Me|p1a: Indeedee\n|-singleturn|p1a: Indeedee|move: Follow Me\n|move|p1b: Zygarde|Thousand Arrows|p2b: Pelipper|[spread] p2a,p2b\n|-damage|p2a: Basculegion|15\/100\n|-damage|p2b: Pelipper|16\/100\n|move|p2b: Pelipper|Scald|p1a: Indeedee\n|-damage|p1a: Indeedee|54\/100\n|move|p2a: Basculegion|Liquidation|p1a: Indeedee\n|-damage|p1a: Indeedee|5\/100\n|-damage|p2a: Basculegion|5\/100|[from] item: Life Orb\n|\n|-heal|p2b: Pelipper|22\/100|[from] item: Leftovers\n|upkeep\n|turn|9\n|-message|Tritus ELITE 4 forfeited.\n|\n|win|dgxd drzg\n|raw|dgxd drzg's rating: 1047 &rarr; <strong>1085<\/strong><br \/>(+38 for winning)\n|raw|Tritus ELITE 4's rating: 1100 &rarr; <strong>1071<\/strong><br \/>(-29 for losing)\n|l|\u2606Tritus ELITE 4\n","uploadtime":1696972543,"views":4,"p1id":"dgxddrzg","p2id":"trituselite4","formatid":"gen9nationaldexdoubles","rating":1071,"private":0,"password":""}