{"id":"gen9nationaldexdoubles-1954055250","p1":"Paldea Athens 420","p2":"kylieminogueate","format":"[Gen 9] National Dex Doubles","log":"|j|\u2606Paldea Athens 420\n|j|\u2606kylieminogueate\n|t:|1695849386\n|gametype|doubles\n|player|p1|Paldea Athens 420|169|1270\n|player|p2|kylieminogueate|winona|1117\n|teamsize|p1|6\n|teamsize|p2|6\n|gen|9\n|tier|[Gen 9] National Dex Doubles\n|rated|\n|rule|HP Percentage Mod: HP is shown in percentages\n|rule|Endless Battle Clause: Forcing endless battles is banned\n|rule|OHKO Clause: OHKO moves are banned\n|rule|Evasion Moves Clause: Evasion moves are banned\n|rule|Evasion Abilities Clause: Evasion abilities are banned\n|rule|Species Clause: Limit one of each Pok\u00e9mon\n|rule|Gravity Sleep Clause: The combination of sleep-inducing moves with imperfect accuracy and Gravity or Gigantamax Orbeetle are banned\n|clearpoke\n|poke|p1|Iron Hands|\n|poke|p1|Sableye, F|\n|poke|p1|Tyranitar, M|\n|poke|p1|Clodsire, M|\n|poke|p1|Rillaboom, M|\n|poke|p1|Flutter Mane|\n|poke|p2|Alakazam, F|\n|poke|p2|Indeedee, M|\n|poke|p2|Tauros-Paldea-Aqua, M|\n|poke|p2|Meowscarada, M|\n|poke|p2|Noivern, M|\n|poke|p2|Toxtricity, F|\n|teampreview\n|inactive|Battle timer is ON: inactive players will automatically lose when time's up. (requested by kylieminogueate)\n|\n|t:|1695849410\n|start\n|switch|p1a: Clodsire|Clodsire, M|100\/100\n|switch|p1b: Sableye|Sableye, F|100\/100\n|switch|p2a: Meowscarada|Meowscarada, M|100\/100\n|switch|p2b: Tauros|Tauros-Paldea-Aqua, M|100\/100\n|turn|1\n|j| S1r.sweepsaLot\n|\n|t:|1695849435\n|-terastallize|p2b: Tauros|Poison\n|move|p1b: Sableye|Will-O-Wisp|p2a: Meowscarada\n|-hint|Since gen 7, Dark is immune to Prankster moves.\n|-immune|p2a: Meowscarada\n|move|p2a: Meowscarada|Flower Trick|p2b: Tauros\n|-resisted|p2b: Tauros\n|-crit|p2b: Tauros\n|-damage|p2b: Tauros|85\/100\n|-setboost|p2b: Tauros|atk|6|[from] ability: Anger Point\n|move|p2b: Tauros|Raging Bull|p1b: Sableye\n|-enditem|p1b: Sableye|Focus Sash\n|-damage|p1b: Sableye|1\/100\n|move|p1a: Clodsire|Stockpile|p1a: Clodsire\n|-start|p1a: Clodsire|stockpile1\n|-boost|p1a: Clodsire|def|1\n|-boost|p1a: Clodsire|spd|1\n|\n|upkeep\n|turn|2\n|inactive|Paldea Athens 420 has 120 seconds left.\n|\n|t:|1695849467\n|move|p2b: Tauros|Aqua Jet|p1b: Sableye\n|-damage|p1b: Sableye|0 fnt\n|faint|p1b: Sableye\n|move|p2a: Meowscarada|Knock Off|p1a: Clodsire\n|-damage|p1a: Clodsire|78\/100\n|-enditem|p1a: Clodsire|Leftovers|[from] move: Knock Off|[of] p2a: Meowscarada\n|move|p1a: Clodsire|Stockpile|p1a: Clodsire\n|-start|p1a: Clodsire|stockpile2\n|-boost|p1a: Clodsire|def|1\n|-boost|p1a: Clodsire|spd|1\n|\n|upkeep\n|inactive|Paldea Athens 420 has 120 seconds left.\n|\n|t:|1695849480\n|switch|p1b: Flutter Mane|Flutter Mane|100\/100\n|-enditem|p1b: Flutter Mane|Booster Energy\n|-activate|p1b: Flutter Mane|ability: Protosynthesis|[fromitem]\n|-start|p1b: Flutter Mane|protosynthesisspa\n|turn|3\n|\n|t:|1695849502\n|-terastallize|p1b: Flutter Mane|Fairy\n|move|p2a: Meowscarada|Sucker Punch|p1b: Flutter Mane\n|-resisted|p1b: Flutter Mane\n|-damage|p1b: Flutter Mane|67\/100\n|move|p1b: Flutter Mane|Dazzling Gleam|p2b: Tauros|[spread] p2a,p2b\n|-supereffective|p2a: Meowscarada\n|-resisted|p2b: Tauros\n|-damage|p2a: Meowscarada|0 fnt\n|-damage|p2b: Tauros|42\/100\n|-enditem|p2b: Tauros|Sitrus Berry|[eat]\n|-heal|p2b: Tauros|67\/100|[from] item: Sitrus Berry\n|faint|p2a: Meowscarada\n|move|p2b: Tauros|Earthquake|p1a: Clodsire|[spread] p1a,p1b\n|-supereffective|p1a: Clodsire\n|-damage|p1a: Clodsire|20\/100\n|-damage|p1b: Flutter Mane|0 fnt\n|faint|p1b: Flutter Mane\n|-end|p1b: Flutter Mane|Protosynthesis|[silent]\n|move|p1a: Clodsire|After You||[still]\n|-fail|p1a: Clodsire\n|\n|upkeep\n|\n|t:|1695849518\n|switch|p2a: Noivern|Noivern, M|100\/100\n|switch|p1b: Iron Hands|Iron Hands|100\/100\n|-enditem|p1b: Iron Hands|Booster Energy\n|-activate|p1b: Iron Hands|ability: Quark Drive|[fromitem]\n|-start|p1b: Iron Hands|quarkdriveatk\n|turn|4\n|\n|t:|1695849528\n|move|p2a: Noivern|Tailwind|p2a: Noivern\n|-sidestart|p2: kylieminogueate|move: Tailwind\n|move|p2b: Tauros|Earthquake|p1b: Iron Hands|[spread] p1a,p1b\n|-activate|p2a: Noivern|ability: Telepathy\n|-supereffective|p1a: Clodsire\n|-supereffective|p1b: Iron Hands\n|-damage|p1a: Clodsire|0 fnt\n|-damage|p1b: Iron Hands|9\/100\n|faint|p1a: Clodsire\n|move|p1b: Iron Hands|Wild Charge|p2b: Tauros\n|-damage|p2b: Tauros|24\/100\n|-damage|p1b: Iron Hands|1\/100|[from] Recoil\n|\n|upkeep\n|\n|t:|1695849538\n|switch|p1a: Rillaboom|Rillaboom, M|100\/100\n|-fieldstart|move: Grassy Terrain|[from] ability: Grassy Surge|[of] p1a: Rillaboom\n|turn|5\n|\n|t:|1695849547\n|-end|p1b: Iron Hands|Quark Drive|[silent]\n|switch|p1b: Tyranitar|Tyranitar, M, shiny|100\/100\n|-weather|Sandstorm|[from] ability: Sand Stream|[of] p1b: Tyranitar\n|move|p1a: Rillaboom|Fake Out|p2b: Tauros\n|-damage|p2b: Tauros|15\/100\n|move|p2a: Noivern|Heat Wave|p1b: Tyranitar|[spread] p1a\n|-miss|p2a: Noivern|p1b: Tyranitar\n|-supereffective|p1a: Rillaboom\n|-damage|p1a: Rillaboom|52\/100\n|-damage|p2a: Noivern|91\/100|[from] item: Life Orb\n|cant|p2b: Tauros|flinch\n|\n|-weather|Sandstorm|[upkeep]\n|-damage|p2a: Noivern|84\/100|[from] Sandstorm\n|-damage|p2b: Tauros|8\/100|[from] Sandstorm\n|-damage|p1a: Rillaboom|46\/100|[from] Sandstorm\n|-heal|p2b: Tauros|15\/100|[from] Grassy Terrain\n|-heal|p1a: Rillaboom|52\/100|[from] Grassy Terrain\n|upkeep\n|turn|6\n|\n|t:|1695849567\n|detailschange|p1b: Tyranitar|Tyranitar-Mega, M, shiny\n|-mega|p1b: Tyranitar|Tyranitar|Tyranitarite\n|move|p2b: Tauros|Aqua Jet|p1b: Tyranitar\n|-supereffective|p1b: Tyranitar\n|-damage|p1b: Tyranitar|27\/100\n|move|p1a: Rillaboom|Grassy Glide|p2b: Tauros\n|-resisted|p2b: Tauros\n|-damage|p2b: Tauros|2\/100\n|move|p2a: Noivern|Heat Wave|p1a: Rillaboom|[spread] p1a,p1b\n|-supereffective|p1a: Rillaboom\n|-resisted|p1b: Tyranitar\n|-damage|p1a: Rillaboom|5\/100\n|-damage|p1b: Tyranitar|22\/100\n|-damage|p2a: Noivern|75\/100|[from] item: Life Orb\n|move|p1b: Tyranitar|Dragon Dance|p1b: Tyranitar\n|-boost|p1b: Tyranitar|atk|1\n|-boost|p1b: Tyranitar|spe|1\n|\n|-weather|Sandstorm|[upkeep]\n|-damage|p2a: Noivern|68\/100|[from] Sandstorm\n|-damage|p2b: Tauros|0 fnt|[from] Sandstorm\n|-damage|p1a: Rillaboom|0 fnt|[from] Sandstorm\n|faint|p2b: Tauros\n|faint|p1a: Rillaboom\n|-heal|p1b: Tyranitar|28\/100|[from] Grassy Terrain\n|upkeep\n|\n|t:|1695849584\n|switch|p1a: Iron Hands|Iron Hands|1\/100\n|switch|p2b: Toxtricity|Toxtricity, F|100\/100\n|turn|7\n|\n|t:|1695849597\n|move|p1a: Iron Hands|Fake Out|p2a: Noivern\n|-damage|p2a: Noivern|48\/100\n|cant|p2a: Noivern|flinch\n|move|p2b: Toxtricity|Boomburst|p1a: Iron Hands|[spread] p1a,p1b\n|-activate|p2a: Noivern|ability: Telepathy\n|-resisted|p1b: Tyranitar\n|-damage|p1a: Iron Hands|0 fnt\n|-damage|p1b: Tyranitar|17\/100\n|faint|p1a: Iron Hands\n|-end|p1a: Iron Hands|Quark Drive|[silent]\n|-enditem|p2b: Toxtricity|Throat Spray\n|-boost|p2b: Toxtricity|spa|1|[from] item: Throat Spray\n|move|p1b: Tyranitar|Rock Slide|p2b: Toxtricity|[spread] p2a,p2b\n|-supereffective|p2a: Noivern\n|-damage|p2a: Noivern|0 fnt\n|-damage|p2b: Toxtricity|31\/100\n|faint|p2a: Noivern\n|\n|-weather|Sandstorm|[upkeep]\n|-damage|p2b: Toxtricity|25\/100|[from] Sandstorm\n|-heal|p2b: Toxtricity|31\/100|[from] Grassy Terrain\n|-heal|p1b: Tyranitar|24\/100|[from] Grassy Terrain\n|-sideend|p2: kylieminogueate|move: Tailwind\n|upkeep\n|\n|t:|1695849616\n|switch|p2a: Alakazam|Alakazam, F|100\/100\n|turn|8\n|\n|t:|1695849630\n|detailschange|p2a: Alakazam|Alakazam-Mega, F\n|-mega|p2a: Alakazam|Alakazam|Alakazite\n|-ability|p2a: Alakazam|Sand Stream|[from] ability: Trace|[of] p1b: Tyranitar\n|move|p2a: Alakazam|Focus Blast|p1b: Tyranitar\n|-supereffective|p1b: Tyranitar\n|-damage|p1b: Tyranitar|0 fnt\n|faint|p1b: Tyranitar\n|\n|win|kylieminogueate\n|raw|Paldea Athens 420's rating: 1270 &rarr; <strong>1235<\/strong><br \/>(-35 for losing)\n|raw|kylieminogueate's rating: 1117 &rarr; <strong>1152<\/strong><br \/>(+35 for winning)\n|l|\u2606Paldea Athens 420\n","uploadtime":1695849641,"views":11,"p1id":"paldeaathens420","p2id":"kylieminogueate","formatid":"gen9nationaldexdoubles","rating":1152,"private":0,"password":""}