{"id":"gen9nationaldexdoubles-1998150051","p1":"Redjoejo","p2":"Sinnoh Athens 420","format":"[Gen 9] National Dex Doubles","log":"|j|\u2606Redjoejo\n|j|\u2606Sinnoh Athens 420\n|t:|1700901087\n|gametype|doubles\n|player|p1|Redjoejo|n|1303\n|player|p2|Sinnoh Athens 420|266|1346\n|teamsize|p1|6\n|teamsize|p2|6\n|gen|9\n|tier|[Gen 9] National Dex Doubles\n|rated|\n|rule|HP Percentage Mod: HP is shown in percentages\n|rule|Endless Battle Clause: Forcing endless battles is banned\n|rule|OHKO Clause: OHKO moves are banned\n|rule|Evasion Moves Clause: Evasion moves are banned\n|rule|Evasion Abilities Clause: Evasion abilities are banned\n|rule|Species Clause: Limit one of each Pok\u00e9mon\n|rule|Gravity Sleep Clause: The combination of sleep-inducing moves with imperfect accuracy and Gravity or Gigantamax Orbeetle are banned\n|clearpoke\n|poke|p1|Serperior, M|\n|poke|p1|Pelipper, F|\n|poke|p1|Rillaboom, F|\n|poke|p1|Swampert, F|\n|poke|p1|Oranguru, M|\n|poke|p1|Barraskewda, F|\n|poke|p2|Ferrothorn, M|\n|poke|p2|Gigalith, M|\n|poke|p2|Runerigus, M|\n|poke|p2|Garchomp, M|\n|poke|p2|Hippowdon, M|\n|poke|p2|Cradily, M|\n|teampreview\n|inactive|Battle timer is ON: inactive players will automatically lose when time's up. (requested by Sinnoh Athens 420)\n|\n|t:|1700901096\n|start\n|switch|p1a: \u8f70\u96f7\u91d1\u521a\u7329|Rillaboom, F, shiny|100\/100\n|switch|p1b: \u8bf8\u845b\u6751\u592b|Oranguru, M, shiny|100\/100\n|switch|p2a: Hippowdon|Hippowdon, M|100\/100\n|switch|p2b: Runerigus|Runerigus, M|100\/100\n|-fieldstart|move: Grassy Terrain|[from] ability: Grassy Surge|[of] p1a: \u8f70\u96f7\u91d1\u521a\u7329\n|-weather|Sandstorm|[from] ability: Sand Stream|[of] p2a: Hippowdon\n|turn|1\n|\n|t:|1700901109\n|move|p1a: \u8f70\u96f7\u91d1\u521a\u7329|Fake Out|p2a: Hippowdon\n|-damage|p2a: Hippowdon|90\/100\n|move|p1b: \u8bf8\u845b\u6751\u592b|Gravity|p1b: \u8bf8\u845b\u6751\u592b\n|-fieldstart|move: Gravity\n|cant|p2a: Hippowdon|flinch\n|move|p2b: Runerigus|Toxic Spikes|p1a: \u8f70\u96f7\u91d1\u521a\u7329\n|-sidestart|p1: Redjoejo|move: Toxic Spikes\n|\n|-weather|Sandstorm|[upkeep]\n|-damage|p1a: \u8f70\u96f7\u91d1\u521a\u7329|94\/100|[from] Sandstorm\n|-damage|p1b: \u8bf8\u845b\u6751\u592b|94\/100|[from] Sandstorm\n|-heal|p1a: \u8f70\u96f7\u91d1\u521a\u7329|100\/100|[from] Grassy Terrain\n|-heal|p1b: \u8bf8\u845b\u6751\u592b|100\/100|[from] Grassy Terrain\n|-heal|p2a: Hippowdon|96\/100|[from] Grassy Terrain\n|-heal|p2a: Hippowdon|100\/100|[from] item: Leftovers\n|upkeep\n|turn|2\n|\n|t:|1700901126\n|move|p1a: \u8f70\u96f7\u91d1\u521a\u7329|U-turn|p2a: Hippowdon\n|-damage|p2a: Hippowdon|84\/100\n|\n|t:|1700901129\n|switch|p1a: \u9e22\u9752|Serperior, M|100\/100|[from] U-turn\n|-status|p1a: \u9e22\u9752|psn\n|move|p1b: \u8bf8\u845b\u6751\u592b|Bulldoze|p2b: Runerigus|[spread] p1a,p2a,p2b\n|-resisted|p1a: \u9e22\u9752\n|-crit|p2a: Hippowdon\n|-damage|p1a: \u9e22\u9752|99\/100 psn\n|-damage|p2a: Hippowdon|81\/100\n|-damage|p2b: Runerigus|98\/100\n|-boost|p1a: \u9e22\u9752|spe|1\n|-unboost|p2a: Hippowdon|spe|1\n|-unboost|p2b: Runerigus|spe|1\n|move|p2a: Hippowdon|Stealth Rock|p1a: \u9e22\u9752\n|-sidestart|p1: Redjoejo|move: Stealth Rock\n|move|p2b: Runerigus|Toxic Spikes|p1a: \u9e22\u9752\n|-sidestart|p1: Redjoejo|move: Toxic Spikes\n|\n|-weather|Sandstorm|[upkeep]\n|-damage|p1a: \u9e22\u9752|93\/100 psn|[from] Sandstorm\n|-damage|p1b: \u8bf8\u845b\u6751\u592b|94\/100|[from] Sandstorm\n|-heal|p1a: \u9e22\u9752|99\/100 psn|[from] Grassy Terrain\n|-heal|p1b: \u8bf8\u845b\u6751\u592b|100\/100|[from] Grassy Terrain\n|-heal|p2a: Hippowdon|87\/100|[from] Grassy Terrain\n|-heal|p2a: Hippowdon|93\/100|[from] item: Leftovers\n|-heal|p2b: Runerigus|100\/100|[from] Grassy Terrain\n|-damage|p1a: \u9e22\u9752|86\/100 psn|[from] psn\n|upkeep\n|turn|3\n|\n|t:|1700901156\n|-terastallize|p1a: \u9e22\u9752|Grass\n|move|p1a: \u9e22\u9752|Leaf Storm|p2b: Runerigus\n|-supereffective|p2b: Runerigus\n|-damage|p2b: Runerigus|0 fnt\n|-boost|p1a: \u9e22\u9752|spa|2\n|faint|p2b: Runerigus\n|move|p1b: \u8bf8\u845b\u6751\u592b|Instruct|p1a: \u9e22\u9752\n|-singleturn|p1a: \u9e22\u9752|move: Instruct|[of] p1b: \u8bf8\u845b\u6751\u592b\n|move|p1a: \u9e22\u9752|Leaf Storm|p2a: Hippowdon\n|-supereffective|p2a: Hippowdon\n|-damage|p2a: Hippowdon|0 fnt\n|-boost|p1a: \u9e22\u9752|spa|2\n|faint|p2a: Hippowdon\n|\n|-weather|Sandstorm|[upkeep]\n|-damage|p1a: \u9e22\u9752|80\/100 psn|[from] Sandstorm\n|-damage|p1b: \u8bf8\u845b\u6751\u592b|94\/100|[from] Sandstorm\n|-heal|p1a: \u9e22\u9752|86\/100 psn|[from] Grassy Terrain\n|-heal|p1b: \u8bf8\u845b\u6751\u592b|100\/100|[from] Grassy Terrain\n|-damage|p1a: \u9e22\u9752|74\/100 psn|[from] psn\n|upkeep\n|inactive|Sinnoh Athens 420 has 120 seconds left.\n|\n|t:|1700901179\n|switch|p2a: Garchomp|Garchomp, M|100\/100\n|switch|p2b: Ferrothorn|Ferrothorn, M|100\/100\n|turn|4\n|\n|t:|1700901194\n|detailschange|p2a: Garchomp|Garchomp-Mega, M\n|-mega|p2a: Garchomp|Garchomp|Garchompite\n|move|p1b: \u8bf8\u845b\u6751\u592b|Ally Switch|p1b: \u8bf8\u845b\u6751\u592b\n|swap|p1b: \u8bf8\u845b\u6751\u592b|0|[from] move: Ally Switch\n|move|p1b: \u9e22\u9752|Leaf Storm|p2a: Garchomp\n|-damage|p2a: Garchomp|0 fnt\n|-boost|p1b: \u9e22\u9752|spa|2\n|faint|p2a: Garchomp\n|move|p2b: Ferrothorn|Gyro Ball|p1a: \u8bf8\u845b\u6751\u592b\n|-damage|p1a: \u8bf8\u845b\u6751\u592b|74\/100\n|\n|-weather|Sandstorm|[upkeep]\n|-damage|p1b: \u9e22\u9752|68\/100 psn|[from] Sandstorm\n|-damage|p1a: \u8bf8\u845b\u6751\u592b|67\/100|[from] Sandstorm\n|-heal|p1b: \u9e22\u9752|74\/100 psn|[from] Grassy Terrain\n|-heal|p1a: \u8bf8\u845b\u6751\u592b|74\/100|[from] Grassy Terrain\n|-damage|p1b: \u9e22\u9752|62\/100 psn|[from] psn\n|upkeep\n|inactive|Sinnoh Athens 420 has 120 seconds left.\n|\n|t:|1700901211\n|switch|p2a: Cradily|Cradily, M|100\/100\n|turn|5\n|j| Waiting on U\n|l| Waiting on U\n|\n|t:|1700901218\n|move|p1b: \u9e22\u9752|Leaf Storm|p2b: Ferrothorn\n|-resisted|p2b: Ferrothorn\n|-damage|p2b: Ferrothorn|37\/100\n|move|p1a: \u8bf8\u845b\u6751\u592b|Instruct|p1b: \u9e22\u9752\n|-singleturn|p1b: \u9e22\u9752|move: Instruct|[of] p1a: \u8bf8\u845b\u6751\u592b\n|move|p1b: \u9e22\u9752|Leaf Storm|p2b: Ferrothorn\n|-resisted|p2b: Ferrothorn\n|-damage|p2b: Ferrothorn|0 fnt\n|faint|p2b: Ferrothorn\n|-zpower|p2a: Cradily\n|move|p2a: Cradily|Z-Stockpile|p2a: Cradily|[anim]Stockpile\n|-start|p2a: Cradily|stockpile1\n|-boost|p2a: Cradily|def|1\n|-boost|p2a: Cradily|spd|1\n|\n|-weather|none\n|-heal|p1b: \u9e22\u9752|68\/100 psn|[from] Grassy Terrain\n|-heal|p1a: \u8bf8\u845b\u6751\u592b|80\/100|[from] Grassy Terrain\n|-damage|p1b: \u9e22\u9752|56\/100 psn|[from] psn\n|-fieldend|move: Gravity\n|-fieldend|move: Grassy Terrain\n|upkeep\n|\n|t:|1700901239\n|switch|p2b: Gigalith|Gigalith, M, shiny|100\/100\n|-weather|Sandstorm|[from] ability: Sand Stream|[of] p2b: Gigalith\n|turn|6\n|\n|t:|1700901252\n|move|p1b: \u9e22\u9752|Giga Drain|p2b: Gigalith\n|-supereffective|p2b: Gigalith\n|-damage|p2b: Gigalith|0 fnt\n|-heal|p1b: \u9e22\u9752|100\/100 psn|[from] drain|[of] p2b: Gigalith\n|faint|p2b: Gigalith\n|move|p1a: \u8bf8\u845b\u6751\u592b|Instruct|p1b: \u9e22\u9752\n|-singleturn|p1b: \u9e22\u9752|move: Instruct|[of] p1a: \u8bf8\u845b\u6751\u592b\n|move|p1b: \u9e22\u9752|Giga Drain|p2a: Cradily\n|-damage|p2a: Cradily|36\/100\n|move|p2a: Cradily|Ancient Power|p1b: \u9e22\u9752\n|-damage|p1b: \u9e22\u9752|78\/100 psn\n|\n|-weather|Sandstorm|[upkeep]\n|-damage|p1b: \u9e22\u9752|71\/100 psn|[from] Sandstorm\n|-damage|p1a: \u8bf8\u845b\u6751\u592b|74\/100|[from] Sandstorm\n|-damage|p1b: \u9e22\u9752|59\/100 psn|[from] psn\n|upkeep\n|turn|7\n|-message|Sinnoh Athens 420 forfeited.\n|\n|win|Redjoejo\n|raw|Redjoejo's rating: 1303 &rarr; <strong>1325<\/strong><br \/>(+22 for winning)\n|raw|Sinnoh Athens 420's rating: 1346 &rarr; <strong>1324<\/strong><br \/>(-22 for losing)\n|l|\u2606Sinnoh Athens 420\n","uploadtime":1700901270,"views":0,"p1id":"redjoejo","p2id":"sinnohathens420","formatid":"gen9nationaldexdoubles","rating":1324,"private":0,"password":""}