{"id":"gen9nationaldexdoubles-1973602506","p1":"djalove62","p2":"Mmirza","format":"[Gen 9] National Dex Doubles","log":"|j|\u2606djalove62\n|j|\u2606Mmirza\n|t:|1697995115\n|gametype|doubles\n|player|p1|djalove62|caitlin|1268\n|player|p2|Mmirza|saturn|1548\n|teamsize|p1|6\n|teamsize|p2|6\n|gen|9\n|tier|[Gen 9] National Dex Doubles\n|rated|\n|rule|HP Percentage Mod: HP is shown in percentages\n|rule|Endless Battle Clause: Forcing endless battles is banned\n|rule|OHKO Clause: OHKO moves are banned\n|rule|Evasion Moves Clause: Evasion moves are banned\n|rule|Evasion Abilities Clause: Evasion abilities are banned\n|rule|Species Clause: Limit one of each Pok\u00e9mon\n|rule|Gravity Sleep Clause: The combination of sleep-inducing moves with imperfect accuracy and Gravity or Gigantamax Orbeetle are banned\n|clearpoke\n|poke|p1|Whimsicott, M|\n|poke|p1|Charizard, F|\n|poke|p1|Ferrothorn, M|\n|poke|p1|Moltres|\n|poke|p1|Alomomola, M|\n|poke|p1|Garchomp, M|\n|poke|p2|Incineroar, M|\n|poke|p2|Gastrodon-East, M|\n|poke|p2|Rillaboom, M|\n|poke|p2|Zygarde|\n|poke|p2|Amoonguss, M|\n|poke|p2|Chien-Pao|\n|teampreview\n|inactive|Battle timer is ON: inactive players will automatically lose when time's up. (requested by Mmirza)\n|\n|t:|1697995136\n|start\n|switch|p1a: Moltres|Moltres|100\/100\n|switch|p1b: Charizard|Charizard, F|100\/100\n|switch|p2a: Chien-Pao|Chien-Pao|100\/100\n|switch|p2b: Incineroar|Incineroar, M, shiny|100\/100\n|-ability|p2a: Chien-Pao|Sword of Ruin\n|-ability|p2b: Incineroar|Intimidate|boost\n|-unboost|p1a: Moltres|atk|1\n|-unboost|p1b: Charizard|atk|1\n|turn|1\n|\n|t:|1697995151\n|detailschange|p1b: Charizard|Charizard-Mega-Y, F\n|-mega|p1b: Charizard|Charizard|Charizardite Y\n|-weather|SunnyDay|[from] ability: Drought|[of] p1b: Charizard\n|move|p2a: Chien-Pao|Protect|p2a: Chien-Pao\n|-singleturn|p2a: Chien-Pao|Protect\n|move|p1a: Moltres|Heat Wave|p2a: Chien-Pao|[spread] p2b\n|-activate|p2a: Chien-Pao|move: Protect\n|-resisted|p2b: Incineroar\n|-damage|p2b: Incineroar|73\/100\n|move|p1b: Charizard|Heat Wave|p2a: Chien-Pao|[spread] p2b\n|-activate|p2a: Chien-Pao|move: Protect\n|-resisted|p2b: Incineroar\n|-damage|p2b: Incineroar|37\/100\n|move|p2b: Incineroar|Flare Blitz|p1b: Charizard\n|-resisted|p1b: Charizard\n|-damage|p1b: Charizard|19\/100\n|-damage|p2b: Incineroar|16\/100|[from] Recoil\n|-enditem|p2b: Incineroar|Mago Berry|[eat]\n|-heal|p2b: Incineroar|49\/100|[from] item: Mago Berry\n|\n|-weather|SunnyDay|[upkeep]\n|upkeep\n|turn|2\n|\n|t:|1697995174\n|move|p2a: Chien-Pao|Ice Spinner|p1b: Charizard\n|-damage|p1b: Charizard|0 fnt\n|faint|p1b: Charizard\n|move|p1a: Moltres|Heat Wave|p2a: Chien-Pao|[spread] p2a,p2b\n|-supereffective|p2a: Chien-Pao\n|-resisted|p2b: Incineroar\n|-enditem|p2a: Chien-Pao|Focus Sash\n|-damage|p2a: Chien-Pao|1\/100\n|-damage|p2b: Incineroar|24\/100\n|move|p2b: Incineroar|Parting Shot|p1a: Moltres\n|-unboost|p1a: Moltres|atk|1\n|-unboost|p1a: Moltres|spa|1\n|inactive|Mmirza has 120 seconds left.\n|\n|t:|1697995196\n|switch|p2b: Gastrodon|Gastrodon-East, M, shiny|100\/100|[from] Parting Shot\n|\n|-weather|SunnyDay|[upkeep]\n|upkeep\n|\n|t:|1697995200\n|switch|p1b: Whimsicott|Whimsicott, M|100\/100\n|turn|3\n|\n|t:|1697995211\n|switch|p2a: Zygarde|Zygarde, shiny|100\/100\n|-ability|p2a: Zygarde|Aura Break\n|move|p1b: Whimsicott|Cotton Spore|p2b: Gastrodon|[spread] p2a,p2b\n|-fail|p2a: Zygarde|unboost|[from] item: Clear Amulet|[of] p2a: Zygarde\n|-unboost|p2b: Gastrodon|spe|2\n|move|p1a: Moltres|Heat Wave|p2b: Gastrodon|[spread] p2a,p2b\n|-resisted|p2a: Zygarde\n|-resisted|p2b: Gastrodon\n|-damage|p2a: Zygarde|89\/100\n|-damage|p2b: Gastrodon|85\/100\n|move|p2b: Gastrodon|Ice Beam|p1b: Whimsicott\n|-supereffective|p1b: Whimsicott\n|-damage|p1b: Whimsicott|34\/100\n|\n|-weather|SunnyDay|[upkeep]\n|-heal|p1b: Whimsicott|40\/100|[from] item: Leftovers\n|-heal|p2b: Gastrodon|91\/100|[from] item: Leftovers\n|upkeep\n|turn|4\n|\n|t:|1697995234\n|switch|p1b: Alomomola|Alomomola, M|100\/100\n|move|p2a: Zygarde|Protect|p2a: Zygarde\n|-singleturn|p2a: Zygarde|Protect\n|move|p1a: Moltres|Solar Beam||[still]\n|-prepare|p1a: Moltres|Solar Beam\n|-anim|p1a: Moltres|Solar Beam|p2b: Gastrodon\n|-supereffective|p2b: Gastrodon\n|-damage|p2b: Gastrodon|0 fnt\n|faint|p2b: Gastrodon\n|\n|-weather|SunnyDay|[upkeep]\n|upkeep\n|\n|t:|1697995245\n|switch|p2b: Incineroar|Incineroar, M, shiny|24\/100\n|-ability|p2b: Incineroar|Intimidate|boost\n|-unboost|p1a: Moltres|atk|1\n|-unboost|p1b: Alomomola|atk|1\n|turn|5\n|\n|t:|1697995258\n|move|p2b: Incineroar|Fake Out|p1b: Alomomola\n|-damage|p1b: Alomomola|93\/100\n|move|p1a: Moltres|Solar Beam||[still]\n|-prepare|p1a: Moltres|Solar Beam\n|-anim|p1a: Moltres|Solar Beam|p2a: Zygarde\n|-damage|p2a: Zygarde|72\/100\n|move|p2a: Zygarde|Dragon Dance|p2a: Zygarde\n|-boost|p2a: Zygarde|atk|1\n|-boost|p2a: Zygarde|spe|1\n|cant|p1b: Alomomola|flinch\n|\n|-weather|none\n|-heal|p1b: Alomomola|99\/100|[from] item: Leftovers\n|upkeep\n|turn|6\n|\n|t:|1697995279\n|move|p2a: Zygarde|Dragon Dance|p2a: Zygarde\n|-boost|p2a: Zygarde|atk|1\n|-boost|p2a: Zygarde|spe|1\n|move|p1a: Moltres|Heat Wave|p2b: Incineroar|[spread] p2a,p2b\n|-resisted|p2a: Zygarde\n|-resisted|p2b: Incineroar\n|-damage|p2a: Zygarde|64\/100\n|-damage|p2b: Incineroar|12\/100\n|move|p2b: Incineroar|Parting Shot|p1b: Alomomola\n|-unboost|p1b: Alomomola|atk|1\n|-unboost|p1b: Alomomola|spa|1\n|\n|t:|1697995289\n|switch|p2b: Amoonguss|Amoonguss, M|100\/100|[from] Parting Shot\n|move|p1b: Alomomola|Toxic|p2a: Zygarde\n|-status|p2a: Zygarde|tox\n|\n|-heal|p1b: Alomomola|100\/100|[from] item: Leftovers\n|-damage|p2a: Zygarde|58\/100 tox|[from] psn\n|upkeep\n|turn|7\n|\n|t:|1697995302\n|switch|p1a: Garchomp|Garchomp, M|100\/100\n|move|p1b: Alomomola|Protect|p1b: Alomomola\n|-singleturn|p1b: Alomomola|Protect\n|move|p2a: Zygarde|Thousand Arrows|p1b: Alomomola|[spread] p1a\n|-activate|p1b: Alomomola|move: Protect\n|-damage|p1a: Garchomp|50\/100\n|move|p2b: Amoonguss|Pollen Puff|p2a: Zygarde\n|-heal|p2a: Zygarde|100\/100 tox\n|\n|-damage|p2a: Zygarde|88\/100 tox|[from] psn\n|upkeep\n|turn|8\n|\n|t:|1697995321\n|move|p1a: Garchomp|Dragon Claw|p2a: Zygarde\n|-supereffective|p2a: Zygarde\n|-damage|p2a: Zygarde|34\/100 tox\n|move|p2a: Zygarde|Thousand Arrows|p1a: Garchomp|[spread] p1a,p1b\n|-damage|p1a: Garchomp|3\/100\n|-damage|p1b: Alomomola|72\/100\n|move|p1b: Alomomola|Wish|p1b: Alomomola\n|move|p2b: Amoonguss|Spore|p1b: Alomomola\n|-status|p1b: Alomomola|slp|[from] move: Spore\n|\n|-heal|p1b: Alomomola|79\/100 slp|[from] item: Leftovers\n|-damage|p2a: Zygarde|15\/100 tox|[from] psn\n|upkeep\n|turn|9\n|inactive|Mmirza has 120 seconds left.\n|\n|t:|1697995360\n|cant|p1b: Alomomola|slp\n|move|p2b: Amoonguss|Rage Powder|p2b: Amoonguss\n|-singleturn|p2b: Amoonguss|move: Rage Powder\n|move|p1a: Garchomp|Dragon Claw|p2b: Amoonguss\n|-damage|p2b: Amoonguss|66\/100\n|move|p2a: Zygarde|Thousand Arrows|p1b: Alomomola|[spread] p1a,p1b\n|-damage|p1a: Garchomp|0 fnt\n|-damage|p1b: Alomomola|50\/100 slp\n|faint|p1a: Garchomp\n|\n|-heal|p1b: Alomomola|100\/100 slp|[from] move: Wish|[wisher] Alomomola\n|-heal|p2b: Amoonguss|72\/100|[from] item: Leftovers\n|-damage|p2a: Zygarde|0 fnt|[from] psn\n|faint|p2a: Zygarde\n|upkeep\n|\n|t:|1697995378\n|switch|p1a: Moltres|Moltres|100\/100\n|switch|p2a: Incineroar|Incineroar, M, shiny|12\/100\n|-ability|p2a: Incineroar|Intimidate|boost\n|-unboost|p1a: Moltres|atk|1\n|-unboost|p1b: Alomomola|atk|1\n|turn|10\n|\n|t:|1697995389\n|cant|p1b: Alomomola|slp\n|move|p2a: Incineroar|Fake Out|p1a: Moltres\n|-damage|p1a: Moltres|83\/100\n|cant|p1a: Moltres|flinch\n|move|p2b: Amoonguss|Pollen Puff|p2a: Incineroar\n|-heal|p2a: Incineroar|62\/100\n|\n|-heal|p2b: Amoonguss|78\/100|[from] item: Leftovers\n|upkeep\n|turn|11\n|\n|t:|1697995404\n|-terastallize|p2b: Amoonguss|Water\n|move|p1a: Moltres|Heat Wave|p2a: Incineroar|[spread] p2a,p2b\n|-resisted|p2a: Incineroar\n|-resisted|p2b: Amoonguss\n|-damage|p2a: Incineroar|44\/100\n|-damage|p2b: Amoonguss|63\/100\n|move|p2a: Incineroar|Knock Off|p1a: Moltres\n|-damage|p1a: Moltres|22\/100\n|-enditem|p1a: Moltres|Heavy-Duty Boots|[from] move: Knock Off|[of] p2a: Incineroar\n|cant|p1b: Alomomola|slp\n|move|p2b: Amoonguss|Spore|p1a: Moltres\n|-status|p1a: Moltres|slp|[from] move: Spore\n|\n|-heal|p2b: Amoonguss|70\/100|[from] item: Leftovers\n|upkeep\n|turn|12\n|\n|t:|1697995423\n|cant|p1a: Moltres|slp\n|move|p2a: Incineroar|Knock Off|p1b: Alomomola\n|-damage|p1b: Alomomola|73\/100 slp\n|-enditem|p1b: Alomomola|Leftovers|[from] move: Knock Off|[of] p2a: Incineroar\n|-curestatus|p1b: Alomomola|slp|[msg]\n|move|p1b: Alomomola|Toxic|p2a: Incineroar\n|-status|p2a: Incineroar|tox\n|move|p2b: Amoonguss|Pollen Puff|p2a: Incineroar\n|-heal|p2a: Incineroar|94\/100 tox\n|\n|-heal|p2b: Amoonguss|76\/100|[from] item: Leftovers\n|-damage|p2a: Incineroar|88\/100 tox|[from] psn\n|upkeep\n|turn|13\n|\n|t:|1697995444\n|move|p1b: Alomomola|Protect|p1b: Alomomola\n|-singleturn|p1b: Alomomola|Protect\n|cant|p1a: Moltres|slp\n|move|p2a: Incineroar|Knock Off|p1a: Moltres\n|-damage|p1a: Moltres|0 fnt\n|faint|p1a: Moltres\n|move|p2b: Amoonguss|Spore|p1b: Alomomola\n|-activate|p1b: Alomomola|move: Protect\n|\n|-heal|p2b: Amoonguss|82\/100|[from] item: Leftovers\n|-damage|p2a: Incineroar|76\/100 tox|[from] psn\n|upkeep\n|inactive|djalove62 has 120 seconds left.\n|\n|t:|1697995459\n|switch|p1a: Whimsicott|Whimsicott, M|40\/100\n|turn|14\n|\n|t:|1697995469\n|switch|p2a: Rillaboom|Rillaboom, M|100\/100\n|-fieldstart|move: Grassy Terrain|[from] ability: Grassy Surge|[of] p2a: Rillaboom\n|move|p1a: Whimsicott|Moonblast|p2a: Rillaboom\n|-damage|p2a: Rillaboom|76\/100\n|move|p1b: Alomomola|Wish|p1b: Alomomola\n|move|p2b: Amoonguss|Clear Smog|p1a: Whimsicott\n|-supereffective|p1a: Whimsicott\n|-damage|p1a: Whimsicott|0 fnt\n|-clearboost|p1a: Whimsicott\n|faint|p1a: Whimsicott\n|\n|-heal|p2a: Rillaboom|82\/100|[from] Grassy Terrain\n|-heal|p1b: Alomomola|79\/100|[from] Grassy Terrain\n|-heal|p2b: Amoonguss|88\/100|[from] Grassy Terrain\n|-heal|p2b: Amoonguss|95\/100|[from] item: Leftovers\n|upkeep\n|\n|t:|1697995487\n|switch|p1a: Ferrothorn|Ferrothorn, M|100\/100\n|turn|15\n|\n|t:|1697995494\n|switch|p2a: Incineroar|Incineroar, M, shiny|76\/100 tox\n|-ability|p2a: Incineroar|Intimidate|boost\n|-unboost|p1a: Ferrothorn|atk|1\n|-unboost|p1b: Alomomola|atk|1\n|move|p1b: Alomomola|Protect|p1b: Alomomola\n|-singleturn|p1b: Alomomola|Protect\n|move|p2b: Amoonguss|Spore|p1b: Alomomola\n|-activate|p1b: Alomomola|move: Protect\n|move|p1a: Ferrothorn|Knock Off|p2a: Incineroar\n|-resisted|p2a: Incineroar\n|-damage|p2a: Incineroar|72\/100 tox\n|\n|-heal|p1b: Alomomola|100\/100|[from] move: Wish|[wisher] Alomomola\n|-heal|p2a: Incineroar|78\/100 tox|[from] Grassy Terrain\n|-heal|p2b: Amoonguss|100\/100|[from] Grassy Terrain\n|-damage|p2a: Incineroar|72\/100 tox|[from] psn\n|upkeep\n|turn|16\n|\n|t:|1697995517\n|move|p2a: Incineroar|Flare Blitz|p1a: Ferrothorn\n|-supereffective|p1a: Ferrothorn\n|-damage|p1a: Ferrothorn|0 fnt\n|-damage|p2a: Incineroar|59\/100 tox|[from] ability: Iron Barbs|[of] p1a: Ferrothorn\n|-damage|p2a: Incineroar|43\/100 tox|[from] item: Rocky Helmet|[of] p1a: Ferrothorn\n|faint|p1a: Ferrothorn\n|-damage|p2a: Incineroar|12\/100 tox|[from] Recoil\n|move|p1b: Alomomola|Wish|p1b: Alomomola\n|move|p2b: Amoonguss|Spore|p1b: Alomomola\n|-status|p1b: Alomomola|slp|[from] move: Spore\n|\n|-heal|p2a: Incineroar|18\/100 tox|[from] Grassy Terrain\n|-damage|p2a: Incineroar|6\/100 tox|[from] psn\n|upkeep\n|turn|17\n|\n|t:|1697995541\n|switch|p2a: Chien-Pao|Chien-Pao|1\/100\n|-ability|p2a: Chien-Pao|Sword of Ruin\n|cant|p1b: Alomomola|slp\n|move|p2b: Amoonguss|Pollen Puff|p2a: Chien-Pao\n|-heal|p2a: Chien-Pao|51\/100\n|\n|-heal|p2a: Chien-Pao|57\/100|[from] Grassy Terrain\n|upkeep\n|turn|18\n|c|\u2606djalove62|gg\n|-message|djalove62 forfeited.\n|\n|win|Mmirza\n|raw|djalove62's rating: 1268 &rarr; <strong>1260<\/strong><br \/>(-8 for losing)\n|raw|Mmirza's rating: 1548 &rarr; <strong>1555<\/strong><br \/>(+7 for winning)\n|l|\u2606djalove62\n","uploadtime":1697995559,"views":8,"p1id":"djalove62","p2id":"mmirza","formatid":"gen9nationaldexdoubles","rating":1260,"private":0,"password":""}