{"id":"gen9nationaldexdoubles-1983013542","p1":"Colinz_the_best","p2":"ZippyZappyZeke","format":"[Gen 9] National Dex Doubles","log":"|j|\u2606Colinz_the_best\n|j|\u2606ZippyZappyZeke\n|t:|1699070025\n|gametype|doubles\n|player|p1|Colinz_the_best|266|\n|player|p2|ZippyZappyZeke|volkner|\n|teamsize|p1|6\n|teamsize|p2|6\n|gen|9\n|tier|[Gen 9] National Dex Doubles\n|rule|HP Percentage Mod: HP is shown in percentages\n|rule|Endless Battle Clause: Forcing endless battles is banned\n|rule|OHKO Clause: OHKO moves are banned\n|rule|Evasion Moves Clause: Evasion moves are banned\n|rule|Evasion Abilities Clause: Evasion abilities are banned\n|rule|Species Clause: Limit one of each Pok\u00e9mon\n|rule|Gravity Sleep Clause: The combination of sleep-inducing moves with imperfect accuracy and Gravity or Gigantamax Orbeetle are banned\n|clearpoke\n|poke|p1|Sandy Shocks|\n|poke|p1|Gastrodon, F|\n|poke|p1|Tyranitar, M|\n|poke|p1|Excadrill, F|\n|poke|p1|Sandslash, M|\n|poke|p1|Flygon, M|\n|poke|p2|Serperior, F|\n|poke|p2|Infernape, F|\n|poke|p2|Torterra, M|\n|poke|p2|Porygon-Z|\n|poke|p2|Ninetales, F|\n|poke|p2|Gallade, M|\n|teampreview\n|c|\u2606ZippyZappyZeke|not breakin nothing\n|c|\u2606ZippyZappyZeke|dont think i am\n|\n|t:|1699070050\n|start\n|switch|p1a: Tyranitar|Tyranitar, M|100\/100\n|switch|p1b: Sandslash|Sandslash, M|100\/100\n|switch|p2a: Royal Snake|Serperior, F|100\/100\n|switch|p2b: THEY BUFFED HIM|Torterra, M|100\/100\n|-weather|Sandstorm|[from] ability: Sand Stream|[of] p1a: Tyranitar\n|turn|1\n|\n|t:|1699070084\n|-terastallize|p1a: Tyranitar|Flying\n|move|p1b: Sandslash|Swords Dance|p1b: Sandslash\n|-boost|p1b: Sandslash|atk|2\n|move|p2a: Royal Snake|Leaf Storm|p1b: Sandslash\n|-supereffective|p1b: Sandslash\n|-damage|p1b: Sandslash|0 fnt\n|-boost|p2a: Royal Snake|spa|2\n|faint|p1b: Sandslash\n|-damage|p2a: Royal Snake|91\/100|[from] item: Life Orb\n|move|p1a: Tyranitar|Ice Punch|p2b: THEY BUFFED HIM\n|-supereffective|p2b: THEY BUFFED HIM\n|-damage|p2b: THEY BUFFED HIM|8\/100\n|move|p2b: THEY BUFFED HIM|Iron Defense|p2b: THEY BUFFED HIM\n|-boost|p2b: THEY BUFFED HIM|def|2\n|\n|-weather|Sandstorm|[upkeep]\n|-damage|p2a: Royal Snake|84\/100|[from] Sandstorm\n|-damage|p1a: Tyranitar|94\/100|[from] Sandstorm\n|upkeep\n|\n|t:|1699070110\n|switch|p1b: Excadrill|Excadrill, F|100\/100\n|turn|2\n|c|\u2606ZippyZappyZeke|you did not have to do torterra like that\n|\n|t:|1699070130\n|move|p1b: Excadrill|Iron Head|p2a: Royal Snake\n|-damage|p2a: Royal Snake|27\/100\n|cant|p2a: Royal Snake|flinch\n|move|p1a: Tyranitar|Ice Punch|p2a: Royal Snake\n|-supereffective|p2a: Royal Snake\n|-damage|p2a: Royal Snake|0 fnt\n|faint|p2a: Royal Snake\n|move|p2b: THEY BUFFED HIM|Zen Headbutt|p1a: Tyranitar|[miss]\n|-miss|p2b: THEY BUFFED HIM|p1a: Tyranitar\n|\n|-weather|Sandstorm|[upkeep]\n|-damage|p1a: Tyranitar|88\/100|[from] Sandstorm\n|upkeep\n|c|\u2606ZippyZappyZeke|that lucky flinchhhh\n|c|\u2606Colinz_the_best|Yep\n|\n|t:|1699070149\n|switch|p2a: Not Zoro|Gallade, M|100\/100\n|turn|3\n|\n|t:|1699070165\n|switch|p1b: Gastrodon|Gastrodon, F|100\/100\n|move|p2a: Not Zoro|Sacred Sword|p1b: Gastrodon\n|-damage|p1b: Gastrodon|48\/100\n|move|p1a: Tyranitar|Ice Punch|p2b: THEY BUFFED HIM\n|-supereffective|p2b: THEY BUFFED HIM\n|-damage|p2b: THEY BUFFED HIM|0 fnt\n|faint|p2b: THEY BUFFED HIM\n|\n|-weather|Sandstorm|[upkeep]\n|-damage|p2a: Not Zoro|94\/100|[from] Sandstorm\n|-damage|p1a: Tyranitar|82\/100|[from] Sandstorm\n|-heal|p1b: Gastrodon|54\/100|[from] item: Leftovers\n|upkeep\n|\n|t:|1699070171\n|switch|p2b: Downloadig...|Porygon-Z|100\/100\n|turn|4\n|\n|t:|1699070186\n|move|p2b: Downloadig...|Tri Attack|p1b: Gastrodon\n|-damage|p1b: Gastrodon|3\/100\n|move|p2a: Not Zoro|Triple Axel|p1a: Tyranitar\n|-supereffective|p1a: Tyranitar\n|-damage|p1a: Tyranitar|70\/100\n|-supereffective|p1a: Tyranitar\n|-damage|p1a: Tyranitar|44\/100\n|-hitcount|p1a: Tyranitar|2\n|move|p1a: Tyranitar|Stone Edge|p2b: Downloadig...\n|-damage|p2b: Downloadig...|3\/100\n|move|p1b: Gastrodon|Toxic|p2a: Not Zoro\n|-status|p2a: Not Zoro|tox\n|\n|-weather|Sandstorm|[upkeep]\n|-damage|p2b: Downloadig...|0 fnt|[from] Sandstorm\n|-damage|p2a: Not Zoro|88\/100 tox|[from] Sandstorm\n|-damage|p1a: Tyranitar|38\/100|[from] Sandstorm\n|faint|p2b: Downloadig...\n|-heal|p1b: Gastrodon|9\/100|[from] item: Leftovers\n|-damage|p2a: Not Zoro|82\/100 tox|[from] psn\n|upkeep\n|\n|t:|1699070199\n|switch|p2b: Buffed Monke?|Infernape, F|100\/100\n|turn|5\n|\n|t:|1699070208\n|move|p2b: Buffed Monke?|Aura Sphere|p1b: Gastrodon\n|-damage|p1b: Gastrodon|0 fnt\n|faint|p1b: Gastrodon\n|move|p2a: Not Zoro|Triple Axel|p1a: Tyranitar\n|-supereffective|p1a: Tyranitar\n|-damage|p1a: Tyranitar|24\/100\n|-supereffective|p1a: Tyranitar\n|-damage|p1a: Tyranitar|0 fnt\n|faint|p1a: Tyranitar\n|-hitcount|p1: Tyranitar|2\n|\n|-weather|Sandstorm|[upkeep]\n|-damage|p2b: Buffed Monke?|94\/100|[from] Sandstorm\n|-damage|p2a: Not Zoro|76\/100 tox|[from] Sandstorm\n|-damage|p2a: Not Zoro|64\/100 tox|[from] psn\n|upkeep\n|c|\u2606ZippyZappyZeke|we are speed\n|\n|t:|1699070222\n|switch|p1a: Flygon|Flygon, M|100\/100\n|switch|p1b: Excadrill|Excadrill, F|100\/100\n|turn|6\n|\n|t:|1699070234\n|move|p1b: Excadrill|Earthquake|p2a: Not Zoro|[spread] p2a,p2b\n|-immune|p1a: Flygon|[from] ability: Levitate\n|-supereffective|p2b: Buffed Monke?\n|-crit|p2b: Buffed Monke?\n|-damage|p2a: Not Zoro|0 fnt\n|-damage|p2b: Buffed Monke?|0 fnt\n|faint|p2a: Not Zoro\n|faint|p2b: Buffed Monke?\n|move|p1a: Flygon|Outrage|p2: Not Zoro|[notarget]\n|-fail|p1a: Flygon\n|\n|-weather|Sandstorm|[upkeep]\n|upkeep\n|c|\u2606ZippyZappyZeke|god damn it\n|\n|t:|1699070245\n|switch|p2b: Naruto-Defense|Ninetales, F|100\/100\n|turn|7\n|c|\u2606ZippyZappyZeke|why is it fast\n|c|\u2606Colinz_the_best|Never underestimate the eq strat\n|c|\u2606ZippyZappyZeke|its scarfed isnt it\n|c|\u2606Colinz_the_best|Nope\n|c|\u2606Colinz_the_best|Sand rush doubles its speed in sandstorm\n|c|\u2606ZippyZappyZeke|OHHHH\n|c|\u2606ZippyZappyZeke|thats why\n|c|\u2606ZippyZappyZeke|fckin sand rush\n|c|\u2606Colinz_the_best|Same with gastrodon and sandslash\n|\n|t:|1699070297\n|move|p1b: Excadrill|Earthquake|p2b: Naruto-Defense|[spread] p2b\n|-immune|p1a: Flygon|[from] ability: Levitate\n|-supereffective|p2b: Naruto-Defense\n|-damage|p2b: Naruto-Defense|0 fnt\n|faint|p2b: Naruto-Defense\n|\n|win|Colinz_the_best\n|c|\u2606ZippyZappyZeke|gg\n|c|\u2606Colinz_the_best|Anyways gg\n|c|\u2606ZippyZappyZeke|gallade couldnt go all out as he could not mega\n|c|\u2606ZippyZappyZeke|very sadge\n|c|\u2606Colinz_the_best|That flinch tho\n","uploadtime":1699070334,"views":28,"p1id":"colinzthebest","p2id":"zippyzappyzeke","formatid":"gen9nationaldexdoubles","rating":0,"private":0,"password":""}