{"id":"gen9nationaldexdoubles-1964323964","p1":"Kipkai","p2":"Lord Highkage","format":"[Gen 9] National Dex Doubles","log":"|j|\u2606Kipkai\n|j|\u2606Lord Highkage\n|t:|1696959696\n|gametype|doubles\n|player|p1|Kipkai|unknown|\n|player|p2|Lord Highkage|266|\n|teamsize|p1|6\n|teamsize|p2|6\n|gen|9\n|tier|[Gen 9] National Dex Doubles\n|rule|HP Percentage Mod: HP is shown in percentages\n|rule|Endless Battle Clause: Forcing endless battles is banned\n|rule|OHKO Clause: OHKO moves are banned\n|rule|Evasion Moves Clause: Evasion moves are banned\n|rule|Evasion Abilities Clause: Evasion abilities are banned\n|rule|Species Clause: Limit one of each Pok\u00e9mon\n|rule|Gravity Sleep Clause: The combination of sleep-inducing moves with imperfect accuracy and Gravity or Gigantamax Orbeetle are banned\n|clearpoke\n|poke|p1|Amoonguss, M|\n|poke|p1|Cresselia, F|\n|poke|p1|Ursaluna, F|\n|poke|p1|Tornadus, M|\n|poke|p1|Thundurus-Therian, M|\n|poke|p1|Brambleghast, M|\n|poke|p2|Wyrdeer, F|\n|poke|p2|Milotic, F|\n|poke|p2|Electrode|\n|poke|p2|Graveler-Alola, F|\n|poke|p2|Weavile, F|\n|poke|p2|Ogerpon-Hearthflame, F|\n|teampreview\n|\n|t:|1696959710\n|start\n|switch|p1a: Thundurus|Thundurus-Therian, M, shiny|100\/100\n|switch|p1b: Amoonguss|Amoonguss, M, shiny|100\/100\n|switch|p2a: Wyrdeer|Wyrdeer, F|100\/100\n|switch|p2b: Graveler|Graveler-Alola, F|100\/100\n|-ability|p2a: Wyrdeer|Intimidate|boost\n|-unboost|p1a: Thundurus|atk|1\n|-unboost|p1b: Amoonguss|atk|1\n|turn|1\n|\n|t:|1696959733\n|move|p1b: Amoonguss|Protect|p1b: Amoonguss\n|-singleturn|p1b: Amoonguss|Protect\n|move|p1a: Thundurus|Volt Switch|p2a: Wyrdeer\n|-damage|p2a: Wyrdeer|49\/100\n|\n|t:|1696959739\n|switch|p1a: Cresselia|Cresselia, F, shiny|100\/100|[from] Volt Switch\n|move|p2a: Wyrdeer|Body Slam|p1a: Cresselia\n|-damage|p1a: Cresselia|81\/100\n|move|p2b: Graveler|Rock Slide|p1a: Cresselia|[spread] p1a\n|-activate|p1b: Amoonguss|move: Protect\n|-damage|p1a: Cresselia|70\/100\n|\n|upkeep\n|turn|2\n|\n|t:|1696959770\n|switch|p2a: Ogerpon|Ogerpon-Hearthflame, F|100\/100\n|-ability|p2a: Ogerpon|Mold Breaker\n|move|p1b: Amoonguss|Rage Powder|p1b: Amoonguss\n|-singleturn|p1b: Amoonguss|move: Rage Powder\n|move|p2b: Graveler|Rock Slide|p1b: Amoonguss|[spread] p1a\n|-miss|p2b: Graveler|p1b: Amoonguss\n|-damage|p1a: Cresselia|57\/100\n|cant|p1a: Cresselia|flinch\n|\n|upkeep\n|turn|3\n|\n|t:|1696959814\n|move|p2a: Ogerpon|Leech Seed|p1a: Cresselia\n|-start|p1a: Cresselia|move: Leech Seed\n|move|p2b: Graveler|Rock Slide|p1a: Cresselia|[spread] p1a,p1b\n|-damage|p1a: Cresselia|46\/100\n|-damage|p1b: Amoonguss|84\/100\n|move|p1b: Amoonguss|Spore|p2b: Graveler\n|-status|p2b: Graveler|slp|[from] move: Spore\n|move|p1a: Cresselia|Trick Room|p1a: Cresselia\n|-fieldstart|move: Trick Room|[of] p1a: Cresselia\n|\n|-damage|p1a: Cresselia|34\/100|[from] Leech Seed|[of] p2a: Ogerpon\n|upkeep\n|turn|4\n|\n|t:|1696959835\n|switch|p2b: Weavile|Weavile, F|100\/100\n|-ability|p2b: Weavile|Pressure\n|move|p1b: Amoonguss|Pollen Puff|p1a: Cresselia\n|-heal|p1a: Cresselia|83\/100\n|move|p1a: Cresselia|Lunar Blessing|p1a: Cresselia|[spread] p1a,p1b\n|-heal|p1a: Cresselia|100\/100\n|-heal|p1b: Amoonguss|100\/100\n|move|p2a: Ogerpon|Ivy Cudgel|p1b: Amoonguss\n|-supereffective|p1b: Amoonguss\n|-damage|p1b: Amoonguss|9\/100\n|\n|-damage|p1a: Cresselia|88\/100|[from] Leech Seed|[of] p2a: Ogerpon\n|upkeep\n|turn|5\n|\n|t:|1696959871\n|switch|p1b: Ursaluna|Ursaluna, F, shiny|100\/100\n|move|p2b: Weavile|Fake Out|p1b: Ursaluna\n|-damage|p1b: Ursaluna|90\/100\n|move|p1a: Cresselia|Psychic|p2a: Ogerpon\n|-damage|p2a: Ogerpon|78\/100\n|move|p2a: Ogerpon|Ivy Cudgel|p1b: Ursaluna\n|-crit|p1b: Ursaluna\n|-damage|p1b: Ursaluna|22\/100\n|\n|-damage|p1a: Cresselia|76\/100|[from] Leech Seed|[of] p2a: Ogerpon\n|-heal|p2a: Ogerpon|93\/100|[silent]\n|-status|p1b: Ursaluna|brn|[from] item: Flame Orb\n|upkeep\n|turn|6\n|\n|t:|1696959898\n|move|p2a: Ogerpon|Follow Me|p2a: Ogerpon\n|-singleturn|p2a: Ogerpon|move: Follow Me\n|move|p1a: Cresselia|Psychic|p2a: Ogerpon\n|-damage|p2a: Ogerpon|74\/100\n|move|p1b: Ursaluna|Facade|p2a: Ogerpon\n|-damage|p2a: Ogerpon|0 fnt\n|faint|p2a: Ogerpon\n|move|p2b: Weavile|Lash Out|p1b: Ursaluna\n|-damage|p1b: Ursaluna|0 fnt\n|faint|p1b: Ursaluna\n|\n|upkeep\n|\n|t:|1696959921\n|switch|p1b: Amoonguss|Amoonguss, M, shiny|43\/100\n|switch|p2a: Electrode|Electrode|100\/100\n|turn|7\n|\n|t:|1696959960\n|switch|p2a: Graveler|Graveler-Alola, F|100\/100 slp\n|move|p1b: Amoonguss|Protect|p1b: Amoonguss\n|-singleturn|p1b: Amoonguss|Protect\n|move|p1a: Cresselia|Lunar Blessing|p1a: Cresselia|[spread] p1a,p1b\n|-heal|p1a: Cresselia|100\/100\n|-heal|p1b: Amoonguss|67\/100\n|move|p2b: Weavile|Icicle Crash|p1b: Amoonguss\n|-activate|p1b: Amoonguss|move: Protect\n|\n|-damage|p1a: Cresselia|88\/100|[from] Leech Seed|[of] p2a: Graveler\n|-fieldend|move: Trick Room\n|upkeep\n|turn|8\n|\n|t:|1696959991\n|move|p1a: Cresselia|Ally Switch|p1a: Cresselia\n|swap|p1a: Cresselia|1|[from] move: Ally Switch\n|move|p2b: Weavile|Taunt|p1a: Amoonguss\n|-start|p1a: Amoonguss|move: Taunt\n|cant|p2a: Graveler|slp\n|cant|p1a: Amoonguss|move: Taunt|Spore\n|\n|-damage|p1b: Cresselia|76\/100|[from] Leech Seed|[of] p2a: Graveler\n|upkeep\n|turn|9\n|\n|t:|1696960012\n|move|p2b: Weavile|Taunt|p1b: Cresselia\n|-start|p1b: Cresselia|move: Taunt\n|move|p1b: Cresselia|Psychic|p2a: Graveler\n|-damage|p2a: Graveler|80\/100 slp\n|-curestatus|p2a: Graveler|slp|[msg]\n|move|p2a: Graveler|Rock Slide|p1a: Amoonguss|[spread] p1a,p1b\n|-damage|p1a: Amoonguss|53\/100\n|-damage|p1b: Cresselia|65\/100\n|move|p1a: Amoonguss|Pollen Puff|p2b: Weavile\n|-supereffective|p2b: Weavile\n|-damage|p2b: Weavile|49\/100\n|\n|-damage|p1b: Cresselia|52\/100|[from] Leech Seed|[of] p2a: Graveler\n|-heal|p2a: Graveler|98\/100|[silent]\n|upkeep\n|turn|10\n|\n|t:|1696960034\n|move|p2b: Weavile|Icicle Crash|p1a: Amoonguss\n|-supereffective|p1a: Amoonguss\n|-damage|p1a: Amoonguss|0 fnt\n|faint|p1a: Amoonguss\n|move|p1b: Cresselia|Psychic|p2a: Graveler\n|-damage|p2a: Graveler|79\/100\n|move|p2a: Graveler|Rock Slide|p1b: Cresselia\n|-damage|p1b: Cresselia|36\/100\n|\n|-damage|p1b: Cresselia|23\/100|[from] Leech Seed|[of] p2a: Graveler\n|-heal|p2a: Graveler|96\/100|[silent]\n|upkeep\n|\n|t:|1696960048\n|switch|p1a: Tornadus|Tornadus, M, shiny|100\/100\n|turn|11\n|\n|t:|1696960079\n|move|p1a: Tornadus|Tailwind|p1a: Tornadus\n|-sidestart|p1: Kipkai|move: Tailwind\n|move|p2b: Weavile|Icicle Crash|p1a: Tornadus\n|-supereffective|p1a: Tornadus\n|-crit|p1a: Tornadus\n|-enditem|p1a: Tornadus|Focus Sash\n|-damage|p1a: Tornadus|1\/100\n|move|p1b: Cresselia|Psychic|p2a: Graveler\n|-damage|p2a: Graveler|77\/100\n|move|p2a: Graveler|Rock Slide|p1b: Cresselia|[spread] p1a,p1b\n|-supereffective|p1a: Tornadus\n|-damage|p1a: Tornadus|0 fnt\n|-damage|p1b: Cresselia|10\/100\n|faint|p1a: Tornadus\n|\n|-damage|p1b: Cresselia|0 fnt|[from] Leech Seed|[of] p2a: Graveler\n|-heal|p2a: Graveler|91\/100|[silent]\n|faint|p1b: Cresselia\n|upkeep\n|\n|t:|1696960094\n|switch|p1a: Thundurus|Thundurus-Therian, M, shiny|100\/100\n|switch|p1b: Brambleghast|Brambleghast, M|100\/100\n|-ability|p1b: Brambleghast|Wind Rider|boost\n|-boost|p1b: Brambleghast|atk|1\n|turn|12\n|\n|t:|1696960123\n|move|p1b: Brambleghast|Power Whip|p2b: Weavile\n|-damage|p2b: Weavile|0 fnt\n|faint|p2b: Weavile\n|move|p1a: Thundurus|Grass Knot|p2a: Graveler\n|-supereffective|p2a: Graveler\n|-damage|p2a: Graveler|0 fnt\n|faint|p2a: Graveler\n|\n|upkeep\n|\n|t:|1696960153\n|switch|p2b: Milotic|Milotic, F|100\/100\n|switch|p2a: Wyrdeer|Wyrdeer, F|49\/100\n|-ability|p2a: Wyrdeer|Intimidate|boost\n|-unboost|p1a: Thundurus|atk|1\n|-unboost|p1b: Brambleghast|atk|1\n|turn|13\n|\n|t:|1696960169\n|move|p1b: Brambleghast|Poltergeist|p2b: Milotic\n|-activate|p2b: Milotic|move: Poltergeist|Lum Berry\n|-damage|p2b: Milotic|35\/100\n|move|p1a: Thundurus|Grass Knot|p2b: Milotic\n|-supereffective|p2b: Milotic\n|-damage|p2b: Milotic|0 fnt\n|faint|p2b: Milotic\n|move|p2a: Wyrdeer|Skill Swap|p2: Milotic|[notarget]\n|-fail|p2a: Wyrdeer\n|\n|upkeep\n|\n|t:|1696960178\n|switch|p2b: Electrode|Electrode|100\/100\n|turn|14\n|c|\u2606Lord Highkage|gg\n|\n|t:|1696960205\n|move|p2a: Wyrdeer|Protect|p2a: Wyrdeer\n|-singleturn|p2a: Wyrdeer|Protect\n|move|p1b: Brambleghast|Poltergeist|p2b: Electrode\n|-activate|p2b: Electrode|move: Poltergeist|Choice Band\n|-damage|p2b: Electrode|17\/100\n|move|p1a: Thundurus|Grass Knot|p2b: Electrode\n|-damage|p2b: Electrode|0 fnt\n|faint|p2b: Electrode\n|\n|-sideend|p1: Kipkai|move: Tailwind\n|upkeep\n|turn|15\n|\n|t:|1696960217\n|move|p1b: Brambleghast|Power Whip|p2a: Wyrdeer\n|-damage|p2a: Wyrdeer|0 fnt\n|faint|p2a: Wyrdeer\n|\n|win|Kipkai\n","uploadtime":1696960223,"views":10,"p1id":"kipkai","p2id":"lordhighkage","formatid":"gen9nationaldexdoubles","rating":0,"private":0,"password":""}