{"id":"gen9nationaldexdoubles-1957296597","p1":"Chad Tankers","p2":"Paldea Athens 420","format":"[Gen 9] National Dex Doubles","log":"|j|\u2606Chad Tankers\n|j|\u2606Paldea Athens 420\n|t:|1696205882\n|gametype|doubles\n|player|p1|Chad Tankers|burglar|1326\n|player|p2|Paldea Athens 420|volo|1616\n|teamsize|p1|6\n|teamsize|p2|6\n|gen|9\n|tier|[Gen 9] National Dex Doubles\n|rated|\n|rule|HP Percentage Mod: HP is shown in percentages\n|rule|Endless Battle Clause: Forcing endless battles is banned\n|rule|OHKO Clause: OHKO moves are banned\n|rule|Evasion Moves Clause: Evasion moves are banned\n|rule|Evasion Abilities Clause: Evasion abilities are banned\n|rule|Species Clause: Limit one of each Pok\u00e9mon\n|rule|Gravity Sleep Clause: The combination of sleep-inducing moves with imperfect accuracy and Gravity or Gigantamax Orbeetle are banned\n|clearpoke\n|poke|p1|Blaziken, M|\n|poke|p1|Kingambit, M|\n|poke|p1|Tapu Koko|\n|poke|p1|Landorus-Therian, M|\n|poke|p1|Kyurem-Black|\n|poke|p1|Tapu Fini|\n|poke|p2|Kingambit, M|\n|poke|p2|Flutter Mane|\n|poke|p2|Charizard, M|\n|poke|p2|Tornadus, M|\n|poke|p2|Ogerpon-Hearthflame, F|\n|poke|p2|Chien-Pao|\n|teampreview\n|inactive|Battle timer is ON: inactive players will automatically lose when time's up. (requested by Chad Tankers)\n|\n|t:|1696205903\n|start\n|switch|p1a: Blaziken|Blaziken, M, shiny|100\/100\n|switch|p1b: Kingambit|Kingambit, M, shiny|100\/100\n|switch|p2a: Chien-Pao|Chien-Pao|100\/100\n|switch|p2b: Charizard|Charizard, M|100\/100\n|-ability|p2a: Chien-Pao|Sword of Ruin\n|turn|1\n|c|\u2606Chad Tankers|Glhf\n|c|\u2606Paldea Athens 420|u2\n|\n|t:|1696205925\n|switch|p1b: Tapu Fini|Tapu Fini|100\/100\n|-fieldstart|move: Misty Terrain|[from] ability: Misty Surge|[of] p1b: Tapu Fini\n|detailschange|p2b: Charizard|Charizard-Mega-Y, M\n|-mega|p2b: Charizard|Charizard|Charizardite Y\n|-weather|SunnyDay|[from] ability: Drought|[of] p2b: Charizard\n|detailschange|p1a: Blaziken|Blaziken-Mega, M, shiny\n|-mega|p1a: Blaziken|Blaziken|Blazikenite\n|move|p2a: Chien-Pao|Sacred Sword|p1b: Tapu Fini\n|-resisted|p1b: Tapu Fini\n|-damage|p1b: Tapu Fini|87\/100\n|move|p2b: Charizard|Tailwind|p2b: Charizard\n|-sidestart|p2: Paldea Athens 420|move: Tailwind\n|move|p1a: Blaziken|Swords Dance|p1a: Blaziken\n|-boost|p1a: Blaziken|atk|2\n|\n|-weather|SunnyDay|[upkeep]\n|-heal|p1b: Tapu Fini|94\/100|[from] item: Leftovers\n|-ability|p1a: Blaziken|Speed Boost|boost\n|-boost|p1a: Blaziken|spe|1\n|upkeep\n|turn|2\n|inactive|Chad Tankers has 120 seconds left.\n|\n|t:|1696205956\n|move|p1a: Blaziken|Protect|p1a: Blaziken\n|-singleturn|p1a: Blaziken|Protect\n|move|p2a: Chien-Pao|Sacred Sword|p1a: Blaziken\n|-activate|p1a: Blaziken|move: Protect\n|move|p2b: Charizard|Solar Beam||[still]\n|-prepare|p2b: Charizard|Solar Beam\n|-anim|p2b: Charizard|Solar Beam|p1b: Tapu Fini\n|-supereffective|p1b: Tapu Fini\n|-damage|p1b: Tapu Fini|21\/100\n|move|p1b: Tapu Fini|Calm Mind|p1b: Tapu Fini\n|-boost|p1b: Tapu Fini|spa|1\n|-boost|p1b: Tapu Fini|spd|1\n|\n|-weather|SunnyDay|[upkeep]\n|-heal|p1b: Tapu Fini|27\/100|[from] item: Leftovers\n|-ability|p1a: Blaziken|Speed Boost|boost\n|-boost|p1a: Blaziken|spe|1\n|upkeep\n|turn|3\n|inactive|Chad Tankers has 120 seconds left.\n|\n|t:|1696205995\n|move|p2a: Chien-Pao|Sacred Sword|p1a: Blaziken\n|-damage|p1a: Blaziken|48\/100\n|move|p2b: Charizard|Heat Wave|p1a: Blaziken|[spread] p1a,p1b\n|-resisted|p1a: Blaziken\n|-resisted|p1b: Tapu Fini\n|-damage|p1a: Blaziken|3\/100\n|-damage|p1b: Tapu Fini|10\/100\n|move|p1a: Blaziken|Close Combat|p2a: Chien-Pao\n|-supereffective|p2a: Chien-Pao\n|-enditem|p2a: Chien-Pao|Focus Sash\n|-damage|p2a: Chien-Pao|1\/100\n|-unboost|p1a: Blaziken|def|1\n|-unboost|p1a: Blaziken|spd|1\n|move|p1b: Tapu Fini|Muddy Water|p2a: Chien-Pao|[spread] p2a,p2b\n|-supereffective|p2b: Charizard\n|-damage|p2a: Chien-Pao|0 fnt\n|-damage|p2b: Charizard|64\/100\n|faint|p2a: Chien-Pao\n|\n|-weather|SunnyDay|[upkeep]\n|-heal|p1b: Tapu Fini|16\/100|[from] item: Leftovers\n|-ability|p1a: Blaziken|Speed Boost|boost\n|-boost|p1a: Blaziken|spe|1\n|upkeep\n|\n|t:|1696206009\n|switch|p2a: Flutter Mane|Flutter Mane|100\/100\n|-activate|p2a: Flutter Mane|ability: Protosynthesis\n|-start|p2a: Flutter Mane|protosynthesisspe\n|turn|4\n|\n|t:|1696206022\n|move|p1a: Blaziken|Protect|p1a: Blaziken\n|-singleturn|p1a: Blaziken|Protect\n|move|p2b: Charizard|Protect|p2b: Charizard\n|-singleturn|p2b: Charizard|Protect\n|move|p1b: Tapu Fini|Protect|p1b: Tapu Fini\n|-singleturn|p1b: Tapu Fini|Protect\n|move|p2a: Flutter Mane|Dazzling Gleam|p1a: Blaziken|[spread] \n|-activate|p1a: Blaziken|move: Protect\n|-activate|p1b: Tapu Fini|move: Protect\n|\n|-weather|SunnyDay|[upkeep]\n|-heal|p1b: Tapu Fini|23\/100|[from] item: Leftovers\n|-sideend|p2: Paldea Athens 420|move: Tailwind\n|-ability|p1a: Blaziken|Speed Boost|boost\n|-boost|p1a: Blaziken|spe|1\n|upkeep\n|turn|5\n|\n|t:|1696206041\n|move|p1a: Blaziken|Flare Blitz|p2b: Charizard\n|-resisted|p2b: Charizard\n|-damage|p2b: Charizard|0 fnt\n|faint|p2b: Charizard\n|-damage|p1a: Blaziken|0 fnt|[from] Recoil\n|faint|p1a: Blaziken\n|move|p2a: Flutter Mane|Dazzling Gleam|p1b: Tapu Fini\n|-crit|p1b: Tapu Fini\n|-damage|p1b: Tapu Fini|0 fnt\n|faint|p1b: Tapu Fini\n|\n|-weather|none\n|-end|p2a: Flutter Mane|Protosynthesis\n|-fieldend|Misty Terrain\n|upkeep\n|\n|t:|1696206061\n|switch|p2b: Tornadus|Tornadus, M|100\/100\n|switch|p1a: Tapu Koko|Tapu Koko|100\/100\n|switch|p1b: Landorus|Landorus-Therian, M|100\/100\n|-fieldstart|move: Electric Terrain|[from] ability: Electric Surge|[of] p1a: Tapu Koko\n|-ability|p1b: Landorus|Intimidate|boost\n|-unboost|p2a: Flutter Mane|atk|1\n|-unboost|p2b: Tornadus|atk|1\n|turn|6\n|\n|t:|1696206087\n|move|p2b: Tornadus|Tailwind|p2b: Tornadus\n|-sidestart|p2: Paldea Athens 420|move: Tailwind\n|move|p2a: Flutter Mane|Dazzling Gleam|p1b: Landorus|[spread] p1a,p1b\n|-damage|p1a: Tapu Koko|63\/100\n|-damage|p1b: Landorus|56\/100\n|move|p1a: Tapu Koko|Electroweb|p2a: Flutter Mane|[spread] p2a,p2b\n|-supereffective|p2b: Tornadus\n|-damage|p2a: Flutter Mane|81\/100\n|-damage|p2b: Tornadus|72\/100\n|-unboost|p2a: Flutter Mane|spe|1\n|-unboost|p2b: Tornadus|spe|1\n|-zpower|p1b: Landorus\n|move|p1b: Landorus|Tectonic Rage|p2a: Flutter Mane|[zeffect]\n|-damage|p2a: Flutter Mane|9\/100\n|\n|upkeep\n|turn|7\n|\n|t:|1696206112\n|move|p2a: Flutter Mane|Moonblast|p1a: Tapu Koko\n|-damage|p1a: Tapu Koko|3\/100\n|-enditem|p1a: Tapu Koko|Sitrus Berry|[eat]\n|-heal|p1a: Tapu Koko|28\/100|[from] item: Sitrus Berry\n|move|p1a: Tapu Koko|Volt Switch|p2b: Tornadus\n|-supereffective|p2b: Tornadus\n|-damage|p2b: Tornadus|27\/100\n|\n|t:|1696206123\n|switch|p1a: Kingambit|Kingambit, M, shiny|100\/100|[from] Volt Switch\n|-zpower|p2b: Tornadus\n|move|p2b: Tornadus|Supersonic Skystrike|p1b: Landorus|[zeffect]\n|-damage|p1b: Landorus|0 fnt\n|faint|p1b: Landorus\n|\n|upkeep\n|\n|t:|1696206136\n|switch|p1b: Kyurem|Kyurem-Black, shiny|100\/100\n|-ability|p1b: Kyurem|Teravolt\n|turn|8\n|\n|t:|1696206144\n|move|p1a: Kingambit|Sucker Punch|p2a: Flutter Mane\n|-damage|p2a: Flutter Mane|0 fnt\n|faint|p2a: Flutter Mane\n|-end|p2a: Flutter Mane|Protosynthesis|[silent]\n|move|p2b: Tornadus|Superpower|p1a: Kingambit\n|-supereffective|p1a: Kingambit\n|-damage|p1a: Kingambit|43\/100\n|-unboost|p2b: Tornadus|atk|1\n|-unboost|p2b: Tornadus|def|1\n|move|p1b: Kyurem|Dragon Dance|p1b: Kyurem\n|-boost|p1b: Kyurem|atk|1\n|-boost|p1b: Kyurem|spe|1\n|\n|upkeep\n|\n|t:|1696206160\n|switch|p2a: Ogerpon|Ogerpon-Hearthflame, F|100\/100\n|-ability|p2a: Ogerpon|Mold Breaker\n|turn|9\n|\n|t:|1696206177\n|-terastallize|p2a: Ogerpon|Fire\n|detailschange|p2a: Ogerpon|Ogerpon-Hearthflame-Tera, F, tera:Fire\n|-ability|p2a: Ogerpon|Embody Aspect (Hearthflame)|boost\n|-boost|p2a: Ogerpon|atk|1\n|move|p1b: Kyurem|Protect|p1b: Kyurem\n|-singleturn|p1b: Kyurem|Protect\n|move|p1a: Kingambit|Sucker Punch|p2b: Tornadus\n|-damage|p2b: Tornadus|0 fnt\n|faint|p2b: Tornadus\n|move|p2a: Ogerpon|Ivy Cudgel|p1b: Kyurem\n|-activate|p1b: Kyurem|move: Protect\n|\n|-sideend|p2: Paldea Athens 420|move: Tailwind\n|upkeep\n|\n|t:|1696206185\n|switch|p2b: Kingambit|Kingambit, M, shiny|100\/100\n|-activate|p2b: Kingambit|ability: Supreme Overlord\n|-start|p2b: Kingambit|fallen4|[silent]\n|turn|10\n|inactive|Chad Tankers has 120 seconds left.\n|\n|t:|1696206234\n|-terastallize|p1a: Kingambit|Dark\n|move|p1a: Kingambit|Sucker Punch|p2a: Ogerpon\n|-damage|p2a: Ogerpon|14\/100\n|move|p1b: Kyurem|Fusion Bolt|p2b: Kingambit\n|-damage|p2b: Kingambit|33\/100\n|move|p2a: Ogerpon|Ivy Cudgel|p1b: Kyurem\n|-damage|p1b: Kyurem|6\/100\n|move|p2b: Kingambit|Brick Break|p1a: Kingambit\n|-supereffective|p1a: Kingambit\n|-damage|p1a: Kingambit|0 fnt\n|faint|p1a: Kingambit\n|\n|-fieldend|move: Electric Terrain\n|upkeep\n|\n|t:|1696206250\n|switch|p1a: Tapu Koko|Tapu Koko|28\/100\n|-fieldstart|move: Electric Terrain|[from] ability: Electric Surge|[of] p1a: Tapu Koko\n|turn|11\n|\n|t:|1696206279\n|move|p1b: Kyurem|Protect|p1b: Kyurem\n|-singleturn|p1b: Kyurem|Protect\n|move|p2a: Ogerpon|Spiky Shield|p2a: Ogerpon\n|-singleturn|p2a: Ogerpon|move: Protect\n|move|p2b: Kingambit|Sucker Punch||[still]\n|-fail|p2b: Kingambit\n|move|p1a: Tapu Koko|Electroweb|p2b: Kingambit|[spread] p2b\n|-activate|p2a: Ogerpon|move: Protect\n|-damage|p2b: Kingambit|22\/100\n|-unboost|p2b: Kingambit|spe|1\n|\n|upkeep\n|turn|12\n|inactive|Chad Tankers has 120 seconds left.\n|\n|t:|1696206298\n|move|p2b: Kingambit|Sucker Punch|p1a: Tapu Koko\n|-resisted|p1a: Tapu Koko\n|-damage|p1a: Tapu Koko|1\/100\n|move|p1b: Kyurem|Dragon Dance|p1b: Kyurem\n|-boost|p1b: Kyurem|atk|1\n|-boost|p1b: Kyurem|spe|1\n|move|p1a: Tapu Koko|Electroweb|p2a: Ogerpon|[spread] p2a,p2b\n|-damage|p2a: Ogerpon|0 fnt\n|-damage|p2b: Kingambit|11\/100\n|-unboost|p2b: Kingambit|spe|1\n|faint|p2a: Ogerpon\n|\n|upkeep\n|turn|13\n|\n|t:|1696206312\n|move|p2b: Kingambit|Sucker Punch|p1b: Kyurem\n|-damage|p1b: Kyurem|0 fnt\n|faint|p1b: Kyurem\n|move|p1a: Tapu Koko|Volt Switch|p2b: Kingambit\n|-damage|p2b: Kingambit|0 fnt\n|faint|p2b: Kingambit\n|-end|p2b: Kingambit|fallen4|[silent]\n|\n|win|Chad Tankers\n|raw|Chad Tankers's rating: 1326 &rarr; <strong>1360<\/strong><br \/>(+34 for winning)\n|raw|Paldea Athens 420's rating: 1616 &rarr; <strong>1582<\/strong><br \/>(-34 for losing)\n|c|\u2606Chad Tankers|Ggs\n|l|\u2606Paldea Athens 420\n","uploadtime":1696206338,"views":10,"p1id":"chadtankers","p2id":"paldeaathens420","formatid":"gen9nationaldexdoubles","rating":1360,"private":0,"password":""}