{"id":"gen9nationaldexdoubles-1996203700","p1":"Guufii Guubaa","p2":"Tubaguia_Ofc","format":"[Gen 9] National Dex Doubles","log":"|j|\u2606Guufii Guubaa\n|j|\u2606Tubaguia_Ofc\n|t:|1700658744\n|gametype|doubles\n|player|p1|Guufii Guubaa|youngster-gen4dp|1089\n|player|p2|Tubaguia_Ofc|iris-gen5bw2|1201\n|teamsize|p1|6\n|teamsize|p2|6\n|gen|9\n|tier|[Gen 9] National Dex Doubles\n|rated|\n|rule|HP Percentage Mod: HP is shown in percentages\n|rule|Endless Battle Clause: Forcing endless battles is banned\n|rule|OHKO Clause: OHKO moves are banned\n|rule|Evasion Moves Clause: Evasion moves are banned\n|rule|Evasion Abilities Clause: Evasion abilities are banned\n|rule|Species Clause: Limit one of each Pok\u00e9mon\n|rule|Gravity Sleep Clause: The combination of sleep-inducing moves with imperfect accuracy and Gravity or Gigantamax Orbeetle are banned\n|clearpoke\n|poke|p1|Landorus-Therian, M|\n|poke|p1|Blastoise, M|\n|poke|p1|Weezing-Galar, F|\n|poke|p1|Blaziken, M|\n|poke|p1|Type: Null|\n|poke|p1|Shaymin-Sky|\n|poke|p2|Whimsicott, F|\n|poke|p2|Yanmega, M|\n|poke|p2|Flutter Mane|\n|poke|p2|Chien-Pao|\n|poke|p2|Incineroar, F|\n|poke|p2|Noivern, F|\n|teampreview\n|\n|t:|1700658755\n|start\n|switch|p1a: Shaymin|Shaymin-Sky|100\/100\n|switch|p1b: Weezing|Weezing-Galar, F|100\/100\n|switch|p2a: Smashy Bros!!|Incineroar, F, shiny|100\/100\n|switch|p2b: Cheap tornadus-i|Whimsicott, F, shiny|100\/100\n|-ability|p1b: Weezing|Neutralizing Gas\n|turn|1\n|inactive|Battle timer is ON: inactive players will automatically lose when time's up. (requested by Guufii Guubaa)\n|\n|t:|1700658768\n|move|p2a: Smashy Bros!!|Fake Out|p1a: Shaymin\n|-damage|p1a: Shaymin|86\/100\n|cant|p1a: Shaymin|flinch\n|move|p2b: Cheap tornadus-i|Taunt|p1b: Weezing\n|-start|p1b: Weezing|move: Taunt\n|cant|p1b: Weezing|move: Taunt|Taunt\n|\n|upkeep\n|turn|2\n|\n|t:|1700658783\n|move|p1a: Shaymin|Tailwind|p1a: Shaymin\n|-sidestart|p1: Guufii Guubaa|move: Tailwind\n|move|p2b: Cheap tornadus-i|Tailwind|p2b: Cheap tornadus-i\n|-sidestart|p2: Tubaguia_Ofc|move: Tailwind\n|move|p1b: Weezing|Sludge Wave|p2b: Cheap tornadus-i|[spread] p1a,p2a,p2b\n|-supereffective|p1a: Shaymin\n|-supereffective|p2b: Cheap tornadus-i\n|-damage|p1a: Shaymin|33\/100\n|-damage|p2a: Smashy Bros!!|84\/100\n|-damage|p2b: Cheap tornadus-i|0 fnt\n|faint|p2b: Cheap tornadus-i\n|move|p2a: Smashy Bros!!|Fire Punch|p1a: Shaymin\n|-supereffective|p1a: Shaymin\n|-damage|p1a: Shaymin|0 fnt\n|faint|p1a: Shaymin\n|\n|upkeep\n|\n|t:|1700658810\n|switch|p1a: Type: Null|Type: Null|100\/100\n|switch|p2b: Miss VGC?|Flutter Mane, shiny|100\/100\n|-enditem|p2b: Miss VGC?|Booster Energy\n|-activate|p2b: Miss VGC?|ability: Protosynthesis|[fromitem]\n|-start|p2b: Miss VGC?|protosynthesisspa\n|turn|3\n|\n|t:|1700658821\n|move|p2b: Miss VGC?|Psyshock|p1b: Weezing\n|-supereffective|p1b: Weezing\n|-damage|p1b: Weezing|43\/100\n|move|p1b: Weezing|Sludge Wave|p2a: Smashy Bros!!|[spread] p1a,p2a,p2b\n|-damage|p1a: Type: Null|88\/100\n|-damage|p2a: Smashy Bros!!|68\/100\n|-damage|p2b: Miss VGC?|80\/100\n|move|p2a: Smashy Bros!!|Parting Shot|p1a: Type: Null\n|-unboost|p1a: Type: Null|atk|1\n|-unboost|p1a: Type: Null|spa|1\n|\n|t:|1700658832\n|switch|p2a: Batman|Noivern, F, shiny|100\/100|[from] Parting Shot\n|move|p1a: Type: Null|Swords Dance|p1a: Type: Null\n|-boost|p1a: Type: Null|atk|2\n|\n|-heal|p1b: Weezing|49\/100|[from] item: Leftovers\n|-end|p1b: Weezing|move: Taunt\n|upkeep\n|turn|4\n|\n|t:|1700658860\n|move|p1b: Weezing|Protect|p1b: Weezing\n|-singleturn|p1b: Weezing|Protect\n|move|p2b: Miss VGC?|Dazzling Gleam|p1b: Weezing|[spread] p1a\n|-activate|p1b: Weezing|move: Protect\n|-damage|p1a: Type: Null|61\/100\n|move|p2a: Batman|Heat Wave|p1b: Weezing|[spread] p1a\n|-activate|p1b: Weezing|move: Protect\n|-damage|p1a: Type: Null|49\/100\n|move|p1a: Type: Null|Return|p2a: Batman\n|-damage|p2a: Batman|5\/100\n|\n|-heal|p1b: Weezing|55\/100|[from] item: Leftovers\n|upkeep\n|turn|5\n|\n|t:|1700658882\n|move|p2b: Miss VGC?|Mystical Fire|p1b: Weezing\n|-crit|p1b: Weezing\n|-damage|p1b: Weezing|0 fnt\n|faint|p1b: Weezing\n|-end|p1b: Weezing|ability: Neutralizing Gas\n|move|p2a: Batman|Draco Meteor|p1a: Type: Null\n|-damage|p1a: Type: Null|13\/100\n|-unboost|p2a: Batman|spa|2\n|move|p1a: Type: Null|Rest|p1a: Type: Null\n|-status|p1a: Type: Null|slp|[from] move: Rest\n|-heal|p1a: Type: Null|100\/100 slp|[silent]\n|\n|-sideend|p2: Tubaguia_Ofc|move: Tailwind\n|-sideend|p1: Guufii Guubaa|move: Tailwind\n|upkeep\n|\n|t:|1700658894\n|switch|p1b: Landorus|Landorus-Therian, M|100\/100\n|-ability|p1b: Landorus|Intimidate|boost\n|-unboost|p2a: Batman|atk|1\n|-unboost|p2b: Miss VGC?|atk|1\n|turn|6\n|\n|t:|1700658905\n|move|p2b: Miss VGC?|Dazzling Gleam|p1b: Landorus|[spread] p1a,p1b\n|-damage|p1a: Type: Null|73\/100 slp\n|-damage|p1b: Landorus|38\/100\n|move|p2a: Batman|Air Slash|p1b: Landorus\n|-damage|p1b: Landorus|14\/100\n|move|p1b: Landorus|Earthquake|p2a: Batman|[spread] p1a,p2b\n|-immune|p2a: Batman\n|-damage|p1a: Type: Null|48\/100 slp\n|-damage|p2b: Miss VGC?|0 fnt\n|faint|p2b: Miss VGC?\n|-end|p2b: Miss VGC?|Protosynthesis|[silent]\n|cant|p1a: Type: Null|slp\n|move|p1a: Type: Null|Sleep Talk|p1a: Type: Null\n|move|p1a: Type: Null|Return|p2a: Batman|[from]move: Sleep Talk\n|-damage|p2a: Batman|0 fnt\n|faint|p2a: Batman\n|\n|upkeep\n|\n|t:|1700658922\n|switch|p2b: Avalanche ferret|Chien-Pao|100\/100\n|switch|p2a: Smashy Bros!!|Incineroar, F, shiny|68\/100\n|-ability|p2b: Avalanche ferret|Sword of Ruin\n|-ability|p2a: Smashy Bros!!|Intimidate|boost\n|-unboost|p1a: Type: Null|atk|1\n|-unboost|p1b: Landorus|atk|1\n|turn|7\n|\n|t:|1700658934\n|move|p2a: Smashy Bros!!|Fake Out|p1b: Landorus\n|-damage|p1b: Landorus|0 fnt\n|faint|p1b: Landorus\n|move|p2b: Avalanche ferret|Sacred Sword|p1a: Type: Null\n|-supereffective|p1a: Type: Null\n|-damage|p1a: Type: Null|0 fnt\n|faint|p1a: Type: Null\n|\n|upkeep\n|\n|t:|1700658942\n|switch|p1b: Blaziken|Blaziken, M|100\/100\n|switch|p1a: Blastoise|Blastoise, M|100\/100\n|turn|8\n|\n|t:|1700658971\n|detailschange|p1a: Blastoise|Blastoise-Mega, M\n|-mega|p1a: Blastoise|Blastoise|Blastoisinite\n|-terastallize|p1b: Blaziken|Fire\n|move|p2b: Avalanche ferret|Sacred Sword|p1a: Blastoise\n|-damage|p1a: Blastoise|64\/100\n|move|p1b: Blaziken|Swords Dance|p1b: Blaziken\n|-boost|p1b: Blaziken|atk|2\n|move|p1a: Blastoise|Water Spout|p2a: Smashy Bros!!|[spread] p2a,p2b\n|-supereffective|p2a: Smashy Bros!!\n|-crit|p2b: Avalanche ferret\n|-damage|p2a: Smashy Bros!!|5\/100\n|-enditem|p2b: Avalanche ferret|Focus Sash\n|-damage|p2b: Avalanche ferret|1\/100\n|-enditem|p2a: Smashy Bros!!|Figy Berry|[eat]\n|-heal|p2a: Smashy Bros!!|38\/100|[from] item: Figy Berry\n|move|p2a: Smashy Bros!!|Parting Shot|p1a: Blastoise\n|-unboost|p1a: Blastoise|atk|1\n|-unboost|p1a: Blastoise|spa|1\n|\n|t:|1700658978\n|switch|p2a: YANMEGAAAAAA!!|Yanmega, M, shiny|100\/100|[from] Parting Shot\n|\n|-ability|p1b: Blaziken|Speed Boost|boost\n|-boost|p1b: Blaziken|spe|1\n|upkeep\n|turn|9\n|inactive|Tubaguia_Ofc has 120 seconds left.\n|\n|t:|1700659010\n|-terastallize|p2b: Avalanche ferret|Flying\n|move|p2a: YANMEGAAAAAA!!|Protect|p2a: YANMEGAAAAAA!!\n|-singleturn|p2a: YANMEGAAAAAA!!|Protect\n|move|p2b: Avalanche ferret|Acrobatics|p1b: Blaziken\n|-damage|p1b: Blaziken|0 fnt\n|faint|p1b: Blaziken\n|move|p1a: Blastoise|Water Spout|p2b: Avalanche ferret|[spread] p2b\n|-activate|p2a: YANMEGAAAAAA!!|move: Protect\n|-damage|p2b: Avalanche ferret|0 fnt\n|faint|p2b: Avalanche ferret\n|\n|-ability|p2a: YANMEGAAAAAA!!|Speed Boost|boost\n|-boost|p2a: YANMEGAAAAAA!!|spe|1\n|upkeep\n|inactive|Tubaguia_Ofc has 120 seconds left.\n|\n|t:|1700659018\n|switch|p2b: Smashy Bros!!|Incineroar, F, shiny|38\/100\n|-ability|p2b: Smashy Bros!!|Intimidate|boost\n|-unboost|p1a: Blastoise|atk|1\n|turn|10\n|\n|t:|1700659025\n|move|p2b: Smashy Bros!!|Fake Out|p1a: Blastoise\n|-damage|p1a: Blastoise|53\/100\n|move|p2a: YANMEGAAAAAA!!|Giga Drain|p1a: Blastoise\n|-supereffective|p1a: Blastoise\n|-damage|p1a: Blastoise|0 fnt\n|faint|p1a: Blastoise\n|\n|win|Tubaguia_Ofc\n|raw|Guufii Guubaa's rating: 1089 &rarr; <strong>1073<\/strong><br \/>(-16 for losing)\n|raw|Tubaguia_Ofc's rating: 1201 &rarr; <strong>1218<\/strong><br \/>(+17 for winning)\n|l|\u2606Guufii Guubaa\n","uploadtime":1700659037,"views":0,"p1id":"guufiiguubaa","p2id":"tubaguiaofc","formatid":"gen9nationaldexdoubles","rating":1073,"private":0,"password":""}