{"id":"gen9nationaldexdoubles-1964780439","p1":"smudgerox","p2":"GuitarheroVGC","format":"[Gen 9] National Dex Doubles","log":"|j|\u2606smudgerox\n|j|\u2606GuitarheroVGC\n|inactive|Battle timer is ON: inactive players will automatically lose when time's up.\n|t:|1697007779\n|gametype|doubles\n|player|p1|smudgerox|#dwcopiii|\n|player|p2|GuitarheroVGC|kimonogirl|\n|teamsize|p1|6\n|teamsize|p2|6\n|gen|9\n|tier|[Gen 9] National Dex Doubles\n|rated|Tournament battle\n|rule|HP Percentage Mod: HP is shown in percentages\n|rule|Endless Battle Clause: Forcing endless battles is banned\n|rule|OHKO Clause: OHKO moves are banned\n|rule|Evasion Moves Clause: Evasion moves are banned\n|rule|Evasion Abilities Clause: Evasion abilities are banned\n|rule|Species Clause: Limit one of each Pok\u00e9mon\n|rule|Gravity Sleep Clause: The combination of sleep-inducing moves with imperfect accuracy and Gravity or Gigantamax Orbeetle are banned\n|clearpoke\n|poke|p1|Urshifu-*, F|\n|poke|p1|Chien-Pao|\n|poke|p1|Rillaboom, F|\n|poke|p1|Tornadus, M|\n|poke|p1|Flutter Mane|\n|poke|p1|Chi-Yu|\n|poke|p2|Salamence, M|\n|poke|p2|Glimmora, F|\n|poke|p2|Urshifu-*, M|\n|poke|p2|Heatran, M|\n|poke|p2|Basculegion, M|\n|poke|p2|Cresselia, F|\n|teampreview\n|inactive|smudgerox also wants the timer to be on.\n|inactive|GuitarheroVGC also wants the timer to be on.\n|c|\u2606smudgerox|hf\n|j| Slash Death\n|inactive|smudgerox has 120 seconds left.\n|\n|t:|1697007833\n|start\n|switch|p1a: Rillaboom|Rillaboom, F|100\/100\n|switch|p1b: Urshifu|Urshifu-Rapid-Strike, F|100\/100\n|switch|p2a: Salamence|Salamence, M|100\/100\n|switch|p2b: Glimmora|Glimmora, F|100\/100\n|-ability|p2a: Salamence|Intimidate|boost\n|-unboost|p1a: Rillaboom|atk|1\n|-unboost|p1b: Urshifu|atk|1\n|-fieldstart|move: Grassy Terrain|[from] ability: Grassy Surge|[of] p1a: Rillaboom\n|turn|1\n|j| cornpopbad\n|inactive|smudgerox has 120 seconds left.\n|inactive|GuitarheroVGC has 120 seconds left.\n|\n|t:|1697007875\n|detailschange|p2a: Salamence|Salamence-Mega, M\n|-mega|p2a: Salamence|Salamence|Salamencite\n|move|p1a: Rillaboom|Fake Out|p2a: Salamence\n|-damage|p2a: Salamence|92\/100\n|move|p1b: Urshifu|Surging Strikes|p2b: Glimmora\n|-supereffective|p2b: Glimmora\n|-crit|p2b: Glimmora\n|-damage|p2b: Glimmora|56\/100\n|-activate|p2b: Glimmora|ability: Toxic Debris\n|-sidestart|p1: smudgerox|move: Toxic Spikes\n|-supereffective|p2b: Glimmora\n|-crit|p2b: Glimmora\n|-damage|p2b: Glimmora|6\/100\n|-activate|p2b: Glimmora|ability: Toxic Debris\n|-sidestart|p1: smudgerox|move: Toxic Spikes\n|-supereffective|p2b: Glimmora\n|-crit|p2b: Glimmora\n|-damage|p2b: Glimmora|0 fnt\n|faint|p2b: Glimmora\n|-hitcount|p2: Glimmora|3\n|cant|p2a: Salamence|flinch\n|\n|upkeep\n|\n|t:|1697007886\n|switch|p2b: Heatran|Heatran, M|100\/100\n|turn|2\n|inactive|GuitarheroVGC has 120 seconds left.\n|inactive|smudgerox has 120 seconds left.\n|\n|t:|1697007933\n|-terastallize|p2b: Heatran|Grass\n|move|p1b: Urshifu|Surging Strikes|p2b: Heatran\n|-resisted|p2b: Heatran\n|-crit|p2b: Heatran\n|-damage|p2b: Heatran|92\/100\n|-resisted|p2b: Heatran\n|-crit|p2b: Heatran\n|-damage|p2b: Heatran|83\/100\n|-resisted|p2b: Heatran\n|-crit|p2b: Heatran\n|-damage|p2b: Heatran|75\/100\n|-hitcount|p2b: Heatran|3\n|move|p2a: Salamence|Double-Edge|p1b: Urshifu\n|-supereffective|p1b: Urshifu\n|-damage|p1b: Urshifu|0 fnt\n|faint|p1b: Urshifu\n|-damage|p2a: Salamence|58\/100|[from] Recoil\n|move|p1a: Rillaboom|U-turn|p2b: Heatran\n|-supereffective|p2b: Heatran\n|-crit|p2b: Heatran\n|-damage|p2b: Heatran|5\/100\n|\n|t:|1697007950\n|switch|p1a: Tornadus|Tornadus, M|100\/100|[from] U-turn\n|move|p2b: Heatran|Heat Wave|p1a: Tornadus\n|-crit|p1a: Tornadus\n|-damage|p1a: Tornadus|11\/100\n|\n|-heal|p2b: Heatran|11\/100|[from] Grassy Terrain\n|upkeep\n|\n|t:|1697007958\n|switch|p1b: Flutter Mane|Flutter Mane|100\/100\n|-status|p1b: Flutter Mane|tox\n|turn|3\n|\n|t:|1697007977\n|-terastallize|p1b: Flutter Mane|Fairy\n|move|p1a: Tornadus|Tailwind|p1a: Tornadus\n|-sidestart|p1: smudgerox|move: Tailwind\n|move|p1b: Flutter Mane|Dazzling Gleam|p2b: Heatran|[spread] p2a,p2b\n|-supereffective|p2a: Salamence\n|-damage|p2a: Salamence|0 fnt\n|-damage|p2b: Heatran|0 fnt\n|faint|p2a: Salamence\n|faint|p2b: Heatran\n|\n|-damage|p1b: Flutter Mane|94\/100 tox|[from] psn\n|upkeep\n|\n|t:|1697007985\n|switch|p2a: Cresselia|Cresselia, F|100\/100\n|switch|p2b: Urshifu|Urshifu-Rapid-Strike, M|100\/100\n|turn|4\n|\n|t:|1697007993\n|move|p2b: Urshifu|Protect|p2b: Urshifu\n|-singleturn|p2b: Urshifu|Protect\n|move|p1a: Tornadus|Sunny Day|p1a: Tornadus\n|-weather|SunnyDay\n|-activate|p1b: Flutter Mane|ability: Protosynthesis\n|-start|p1b: Flutter Mane|protosynthesisspe\n|move|p1b: Flutter Mane|Dazzling Gleam|p2b: Urshifu|[spread] p2a\n|-activate|p2b: Urshifu|move: Protect\n|-damage|p2a: Cresselia|68\/100\n|move|p2a: Cresselia|Trick Room|p2a: Cresselia\n|-fieldstart|move: Trick Room|[of] p2a: Cresselia\n|\n|-weather|SunnyDay|[upkeep]\n|-heal|p1b: Flutter Mane|100\/100 tox|[from] Grassy Terrain\n|-damage|p1b: Flutter Mane|88\/100 tox|[from] psn\n|upkeep\n|turn|5\n|\n|t:|1697008007\n|-end|p1b: Flutter Mane|Protosynthesis|[silent]\n|switch|p1b: Rillaboom|Rillaboom, F|100\/100\n|-status|p1b: Rillaboom|tox\n|move|p2a: Cresselia|Psychic|p1a: Tornadus\n|-damage|p1a: Tornadus|0 fnt\n|faint|p1a: Tornadus\n|move|p2b: Urshifu|Surging Strikes|p1b: Rillaboom\n|-resisted|p1b: Rillaboom\n|-crit|p1b: Rillaboom\n|-damage|p1b: Rillaboom|95\/100 tox\n|-resisted|p1b: Rillaboom\n|-crit|p1b: Rillaboom\n|-damage|p1b: Rillaboom|89\/100 tox\n|-resisted|p1b: Rillaboom\n|-crit|p1b: Rillaboom\n|-damage|p1b: Rillaboom|83\/100 tox\n|-hitcount|p1b: Rillaboom|3\n|-damage|p2b: Urshifu|91\/100|[from] item: Life Orb\n|\n|-weather|SunnyDay|[upkeep]\n|-heal|p2b: Urshifu|97\/100|[from] Grassy Terrain\n|-heal|p1b: Rillaboom|89\/100 tox|[from] Grassy Terrain\n|-damage|p1b: Rillaboom|83\/100 tox|[from] psn\n|-fieldend|move: Grassy Terrain\n|upkeep\n|\n|t:|1697008031\n|switch|p1a: Chien-Pao|Chien-Pao|100\/100\n|-status|p1a: Chien-Pao|tox\n|-ability|p1a: Chien-Pao|Sword of Ruin\n|turn|6\n|\n|t:|1697008040\n|move|p2b: Urshifu|Protect|p2b: Urshifu\n|-singleturn|p2b: Urshifu|Protect\n|move|p1a: Chien-Pao|Sucker Punch||[still]\n|-fail|p1a: Chien-Pao\n|move|p2a: Cresselia|Lunar Blessing|p2a: Cresselia|[spread] p2a,p2b\n|-heal|p2a: Cresselia|93\/100\n|-heal|p2b: Urshifu|100\/100\n|move|p1b: Rillaboom|Wood Hammer|p2b: Urshifu\n|-activate|p2b: Urshifu|move: Protect\n|\n|-weather|SunnyDay|[upkeep]\n|-damage|p1b: Rillaboom|70\/100 tox|[from] psn\n|-damage|p1a: Chien-Pao|95\/100 tox|[from] psn\n|-sideend|p1: smudgerox|move: Tailwind\n|upkeep\n|turn|7\n|inactive|smudgerox has 120 seconds left.\n|\n|t:|1697008070\n|switch|p1a: Chi-Yu|Chi-Yu|100\/100\n|-status|p1a: Chi-Yu|tox\n|-ability|p1a: Chi-Yu|Beads of Ruin\n|move|p2a: Cresselia|Ally Switch|p2a: Cresselia\n|swap|p2a: Cresselia|1|[from] move: Ally Switch\n|move|p1b: Rillaboom|Wood Hammer|p2b: Cresselia\n|-damage|p2b: Cresselia|53\/100\n|-damage|p1b: Rillaboom|55\/100 tox|[from] Recoil\n|move|p2a: Urshifu|Close Combat|p1a: Chi-Yu\n|-supereffective|p1a: Chi-Yu\n|-damage|p1a: Chi-Yu|0 fnt\n|-unboost|p2a: Urshifu|def|1\n|-unboost|p2a: Urshifu|spd|1\n|faint|p1a: Chi-Yu\n|-damage|p2a: Urshifu|91\/100|[from] item: Life Orb\n|\n|-weather|SunnyDay|[upkeep]\n|-damage|p1b: Rillaboom|37\/100 tox|[from] psn\n|upkeep\n|inactive|smudgerox has 120 seconds left.\n|\n|t:|1697008083\n|switch|p1a: Chien-Pao|Chien-Pao|95\/100 tox\n|-ability|p1a: Chien-Pao|Sword of Ruin\n|turn|8\n|\n|t:|1697008095\n|move|p2a: Urshifu|Protect|p2a: Urshifu\n|-singleturn|p2a: Urshifu|Protect\n|move|p2b: Cresselia|Lunar Blessing|p2b: Cresselia|[spread] p2a,p2b\n|-heal|p2a: Urshifu|100\/100\n|-heal|p2b: Cresselia|78\/100\n|move|p1b: Rillaboom|U-turn|p2a: Urshifu\n|-activate|p2a: Urshifu|move: Protect\n|move|p1a: Chien-Pao|Icicle Crash|p2a: Urshifu\n|-activate|p2a: Urshifu|move: Protect\n|\n|-weather|none\n|-damage|p1b: Rillaboom|12\/100 tox|[from] psn\n|-damage|p1a: Chien-Pao|89\/100 tox|[from] psn\n|-fieldend|move: Trick Room\n|upkeep\n|turn|9\n|\n|t:|1697008112\n|switch|p2a: Basculegion|Basculegion, M|100\/100\n|move|p1a: Chien-Pao|Icicle Crash|p2a: Basculegion\n|-resisted|p2a: Basculegion\n|-crit|p2a: Basculegion\n|-damage|p2a: Basculegion|49\/100\n|move|p1b: Rillaboom|U-turn|p2b: Cresselia\n|-supereffective|p2b: Cresselia\n|-damage|p2b: Cresselia|36\/100\n|\n|t:|1697008120\n|switch|p1b: Flutter Mane|Flutter Mane, tera:Fairy|88\/100 tox|[from] U-turn\n|move|p2b: Cresselia|Trick Room|p2b: Cresselia\n|-fieldstart|move: Trick Room|[of] p2b: Cresselia\n|\n|-damage|p1b: Flutter Mane|82\/100 tox|[from] psn\n|-damage|p1a: Chien-Pao|77\/100 tox|[from] psn\n|upkeep\n|turn|10\n|\n|t:|1697008138\n|move|p2a: Basculegion|Aqua Jet|p1b: Flutter Mane\n|-damage|p1b: Flutter Mane|18\/100 tox\n|move|p2b: Cresselia|Lunar Blessing|p2b: Cresselia|[spread] p2a,p2b\n|-heal|p2a: Basculegion|74\/100\n|-heal|p2b: Cresselia|61\/100\n|move|p1b: Flutter Mane|Dazzling Gleam|p2a: Basculegion|[spread] p2a,p2b\n|-damage|p2a: Basculegion|39\/100\n|-damage|p2b: Cresselia|30\/100\n|move|p1a: Chien-Pao|Icicle Crash|p2b: Cresselia\n|-damage|p2b: Cresselia|0 fnt\n|faint|p2b: Cresselia\n|\n|-damage|p1b: Flutter Mane|6\/100 tox|[from] psn\n|-damage|p1a: Chien-Pao|59\/100 tox|[from] psn\n|upkeep\n|\n|t:|1697008149\n|switch|p2b: Urshifu|Urshifu-Rapid-Strike, M|100\/100\n|turn|11\n|\n|t:|1697008169\n|move|p2a: Basculegion|Aqua Jet|p1b: Flutter Mane\n|-damage|p1b: Flutter Mane|0 fnt\n|faint|p1b: Flutter Mane\n|-end|p1b: Flutter Mane|Protosynthesis|[silent]\n|move|p1a: Chien-Pao|Sucker Punch||[still]\n|-fail|p1a: Chien-Pao\n|move|p2b: Urshifu|Close Combat|p1a: Chien-Pao\n|-supereffective|p1a: Chien-Pao\n|-damage|p1a: Chien-Pao|0 fnt\n|-unboost|p2b: Urshifu|def|1\n|-unboost|p2b: Urshifu|spd|1\n|faint|p1a: Chien-Pao\n|-damage|p2b: Urshifu|91\/100|[from] item: Life Orb\n|\n|upkeep\n|\n|t:|1697008177\n|switch|p1b: Rillaboom|Rillaboom, F|12\/100 tox\n|-fieldstart|move: Grassy Terrain|[from] ability: Grassy Surge|[of] p1b: Rillaboom\n|turn|12\n|\n|t:|1697008189\n|move|p2a: Basculegion|Aqua Jet|p1b: Rillaboom\n|-resisted|p1b: Rillaboom\n|-damage|p1b: Rillaboom|0 fnt\n|faint|p1b: Rillaboom\n|\n|win|GuitarheroVGC\n|n|\u2606smudgerox|smudgerox\n|n|\u2606GuitarheroVGC|guitarherovgc\n|n| Slash Death|slashdeath\n|n| cornpopbad|cornpopbad\n|c|\u2606smudgerox|gg\n|c|\u2606GuitarheroVGC|ggs\n|l|\u2606GuitarheroVGC\n","uploadtime":1697008201,"views":14,"p1id":"smudgerox","p2id":"guitarherovgc","formatid":"gen9nationaldexdoubles","rating":0,"private":0,"password":""}