{"id":"gen9nationaldexdoubles-1987677773","p1":"fumbari 24","p2":"miltankplz","format":"[Gen 9] National Dex Doubles","log":"|j|\u2606fumbari 24\n|j|\u2606miltankplz\n|t:|1699626776\n|gametype|doubles\n|player|p1|fumbari 24|hilbert|1236\n|player|p2|miltankplz|li|1102\n|teamsize|p1|6\n|teamsize|p2|6\n|gen|9\n|tier|[Gen 9] National Dex Doubles\n|rated|\n|rule|HP Percentage Mod: HP is shown in percentages\n|rule|Endless Battle Clause: Forcing endless battles is banned\n|rule|OHKO Clause: OHKO moves are banned\n|rule|Evasion Moves Clause: Evasion moves are banned\n|rule|Evasion Abilities Clause: Evasion abilities are banned\n|rule|Species Clause: Limit one of each Pok\u00e9mon\n|rule|Gravity Sleep Clause: The combination of sleep-inducing moves with imperfect accuracy and Gravity or Gigantamax Orbeetle are banned\n|clearpoke\n|poke|p1|Thundurus, M|\n|poke|p1|Staraptor, M|\n|poke|p1|Blastoise, M|\n|poke|p1|Bronzong|\n|poke|p1|Blaziken, M|\n|poke|p1|Latias, F|\n|poke|p2|Scream Tail|\n|poke|p2|Wobbuffet, F|\n|poke|p2|Miltank, F|\n|poke|p2|Weezing, F|\n|poke|p2|Drowzee, F|\n|poke|p2|Murkrow, M|\n|teampreview\n|\n|t:|1699626788\n|start\n|switch|p1a: Staraptor|Staraptor, M|100\/100\n|switch|p1b: Big Ben|Bronzong|100\/100\n|switch|p2a: Scream Tail|Scream Tail|100\/100\n|switch|p2b: Weezing|Weezing, F|100\/100\n|-ability|p2b: Weezing|Neutralizing Gas\n|turn|1\n|\n|t:|1699626806\n|move|p1a: Staraptor|U-turn|p2a: Scream Tail\n|-damage|p2a: Scream Tail|81\/100\n|inactive|Battle timer is ON: inactive players will automatically lose when time's up. (requested by miltankplz)\n|\n|t:|1699626818\n|switch|p1a: Blaziken|Blaziken, M|100\/100|[from] U-turn\n|move|p2a: Scream Tail|Wish|p2a: Scream Tail\n|move|p2b: Weezing|Will-O-Wisp|p1a: Blaziken\n|-immune|p1a: Blaziken\n|-zpower|p1b: Big Ben\n|move|p1b: Big Ben|Z-Trick Room|p1b: Big Ben|[anim]Trick Room\n|-boost|p1b: Big Ben|accuracy|1|[zeffect]\n|-fieldstart|move: Trick Room|[of] p1b: Big Ben\n|\n|upkeep\n|turn|2\n|\n|t:|1699626845\n|-end|p2b: Weezing|ability: Neutralizing Gas\n|switch|p2b: Miltank|Miltank, F|100\/100\n|-end|p2a: Scream Tail|Protosynthesis|[silent]\n|switch|p2a: Drowzee|Drowzee, F|100\/100\n|detailschange|p1a: Blaziken|Blaziken-Mega, M\n|-mega|p1a: Blaziken|Blaziken|Blazikenite\n|move|p1b: Big Ben|Hypnosis|p2b: Miltank\n|-status|p2b: Miltank|slp|[from] move: Hypnosis\n|move|p1a: Blaziken|Heat Wave|p2a: Drowzee|[spread] p2a,p2b\n|-damage|p2a: Drowzee|74\/100\n|-damage|p2b: Miltank|78\/100 slp\n|-status|p2a: Drowzee|brn\n|\n|-heal|p2a: Drowzee|100\/100 brn|[from] move: Wish|[wisher] Scream Tail\n|-damage|p2a: Drowzee|94\/100 brn|[from] brn\n|-ability|p1a: Blaziken|Speed Boost|boost\n|-boost|p1a: Blaziken|spe|1\n|upkeep\n|turn|3\n|inactive|fumbari 24 has 120 seconds left.\n|inactive|miltankplz has 120 seconds left.\n|\n|t:|1699626884\n|move|p1b: Big Ben|Gyro Ball|p2a: Drowzee\n|-damage|p2a: Drowzee|71\/100 brn\n|move|p2a: Drowzee|Flatter|p1b: Big Ben\n|-boost|p1b: Big Ben|spa|1\n|-start|p1b: Big Ben|confusion\n|cant|p2b: Miltank|slp\n|move|p1a: Blaziken|Aura Sphere|p2b: Miltank\n|-supereffective|p2b: Miltank\n|-damage|p2b: Miltank|0 fnt\n|faint|p2b: Miltank\n|\n|-damage|p2a: Drowzee|65\/100 brn|[from] brn\n|-ability|p1a: Blaziken|Speed Boost|boost\n|-boost|p1a: Blaziken|spe|1\n|upkeep\n|\n|t:|1699626911\n|switch|p2b: Murkrow|Murkrow, M|100\/100\n|turn|4\n|inactive|fumbari 24 has 120 seconds left.\n|inactive|fumbari 24 has 90 seconds left.\n|\n|t:|1699626978\n|move|p2b: Murkrow|Toxic|p1a: Blaziken\n|-status|p1a: Blaziken|tox\n|-activate|p1b: Big Ben|confusion\n|move|p1b: Big Ben|Gyro Ball|p2b: Murkrow\n|-crit|p2b: Murkrow\n|-enditem|p2b: Murkrow|Focus Sash\n|-damage|p2b: Murkrow|1\/100\n|move|p2a: Drowzee|Wish|p2a: Drowzee\n|move|p1a: Blaziken|Hidden Power|p2b: Murkrow\n|-supereffective|p2b: Murkrow\n|-damage|p2b: Murkrow|0 fnt\n|faint|p2b: Murkrow\n|\n|-damage|p1a: Blaziken|94\/100 tox|[from] psn\n|-damage|p2a: Drowzee|59\/100 brn|[from] brn\n|-ability|p1a: Blaziken|Speed Boost|boost\n|-boost|p1a: Blaziken|spe|1\n|upkeep\n|\n|t:|1699626999\n|switch|p2b: Weezing|Weezing, F|100\/100\n|-ability|p2b: Weezing|Neutralizing Gas\n|turn|5\n|inactive|miltankplz has 120 seconds left.\n|\n|t:|1699627018\n|switch|p2a: Scream Tail|Scream Tail|81\/100\n|move|p1a: Blaziken|Protect|p1a: Blaziken\n|-singleturn|p1a: Blaziken|Protect\n|-activate|p1b: Big Ben|confusion\n|-damage|p1b: Big Ben|90\/100|[from] confusion\n|move|p2b: Weezing|Venom Drench||[still]|[spread] \n|-activate|p1a: Blaziken|move: Protect\n|-fail|p2b: Weezing\n|\n|-heal|p2a: Scream Tail|100\/100|[from] move: Wish|[wisher] Drowzee\n|-damage|p1a: Blaziken|82\/100 tox|[from] psn\n|-fieldend|move: Trick Room\n|upkeep\n|turn|6\n|inactive|fumbari 24 has 120 seconds left.\n|inactive|miltankplz has 120 seconds left.\n|\n|t:|1699627043\n|move|p1a: Blaziken|Heat Wave|p2b: Weezing|[spread] p2b\n|-miss|p1a: Blaziken|p2a: Scream Tail\n|-crit|p2b: Weezing\n|-damage|p2b: Weezing|45\/100\n|move|p2a: Scream Tail|Perish Song|p2a: Scream Tail\n|-start|p1a: Blaziken|perish3|[silent]\n|-start|p1b: Big Ben|perish3|[silent]\n|-start|p2a: Scream Tail|perish3|[silent]\n|-start|p2b: Weezing|perish3|[silent]\n|-fieldactivate|move: Perish Song\n|move|p2b: Weezing|Toxic Spikes|p1a: Blaziken\n|-sidestart|p1: fumbari 24|move: Toxic Spikes\n|-end|p1b: Big Ben|confusion\n|move|p1b: Big Ben|Gyro Ball|p2a: Scream Tail\n|-supereffective|p2a: Scream Tail\n|-damage|p2a: Scream Tail|6\/100\n|\n|-heal|p2b: Weezing|51\/100|[from] item: Black Sludge\n|-damage|p1a: Blaziken|64\/100 tox|[from] psn\n|-start|p1a: Blaziken|perish3\n|-start|p2a: Scream Tail|perish3\n|-start|p2b: Weezing|perish3\n|-start|p1b: Big Ben|perish3\n|upkeep\n|turn|7\n|inactive|miltankplz has 120 seconds left.\n|inactive|fumbari 24 has 120 seconds left.\n|\n|t:|1699627087\n|move|p2b: Weezing|Protect|p2b: Weezing\n|-singleturn|p2b: Weezing|Protect\n|move|p1a: Blaziken|Heat Wave|p2a: Scream Tail|[spread] \n|-activate|p2b: Weezing|move: Protect\n|-miss|p1a: Blaziken|p2a: Scream Tail\n|move|p2a: Scream Tail|Disable|p1b: Big Ben\n|-start|p1b: Big Ben|Disable|Gyro Ball\n|cant|p1b: Big Ben|Disable|Gyro Ball\n|\n|-heal|p2b: Weezing|57\/100|[from] item: Black Sludge\n|-damage|p1a: Blaziken|40\/100 tox|[from] psn\n|-start|p1a: Blaziken|perish2\n|-start|p2a: Scream Tail|perish2\n|-start|p2b: Weezing|perish2\n|-start|p1b: Big Ben|perish2\n|upkeep\n|turn|8\n|inactive|fumbari 24 has 120 seconds left.\n|inactive|miltankplz has 120 seconds left.\n|\n|t:|1699627114\n|-end|p2a: Scream Tail|Protosynthesis|[silent]\n|switch|p2a: Drowzee|Drowzee, F|59\/100 brn\n|-end|p2b: Weezing|ability: Neutralizing Gas\n|switch|p2b: Wobbuffet|Wobbuffet, F|100\/100\n|move|p1a: Blaziken|Heat Wave|p2a: Drowzee|[spread] p2a,p2b\n|-damage|p2a: Drowzee|30\/100 brn\n|-damage|p2b: Wobbuffet|75\/100\n|move|p1b: Big Ben|Hypnosis|p2b: Wobbuffet\n|-status|p2b: Wobbuffet|slp|[from] move: Hypnosis\n|\n|-damage|p1a: Blaziken|10\/100 tox|[from] psn\n|-damage|p2a: Drowzee|24\/100 brn|[from] brn\n|-start|p1a: Blaziken|perish1\n|-start|p1b: Big Ben|perish1\n|-ability|p1a: Blaziken|Speed Boost|boost\n|-boost|p1a: Blaziken|spe|1\n|upkeep\n|turn|9\n|inactive|miltankplz has 120 seconds left.\n|\n|t:|1699627135\n|move|p1a: Blaziken|Heat Wave|p2b: Wobbuffet|[spread] p2a,p2b\n|-damage|p2a: Drowzee|0 fnt\n|-damage|p2b: Wobbuffet|53\/100 slp\n|faint|p2a: Drowzee\n|cant|p2b: Wobbuffet|slp\n|move|p1b: Big Ben|Steel Roller||[still]\n|-fail|p1b: Big Ben\n|\n|-damage|p1a: Blaziken|0 fnt|[from] psn\n|faint|p1a: Blaziken\n|-start|p1b: Big Ben|perish0\n|upkeep\n|faint|p1b: Big Ben\n|\n|t:|1699627149\n|switch|p1a: Staraptor|Staraptor, M|100\/100\n|switch|p2a: Scream Tail|Scream Tail|6\/100\n|switch|p1b: Thundurus|Thundurus, M|100\/100\n|-ability|p1a: Staraptor|Intimidate|boost\n|-unboost|p2a: Scream Tail|atk|1\n|-unboost|p2b: Wobbuffet|atk|1\n|turn|10\n|\n|t:|1699627163\n|move|p1b: Thundurus|Taunt|p2b: Wobbuffet\n|-start|p2b: Wobbuffet|move: Taunt\n|move|p1a: Staraptor|U-turn|p2a: Scream Tail\n|-damage|p2a: Scream Tail|0 fnt\n|faint|p2a: Scream Tail\n|-end|p2a: Scream Tail|Protosynthesis|[silent]\n|\n|t:|1699627169\n|switch|p1a: Mirage|Latias, F|100\/100|[from] U-turn\n|-curestatus|p2b: Wobbuffet|slp|[msg]\n|cant|p2b: Wobbuffet|move: Taunt|Destiny Bond\n|\n|upkeep\n|-message|miltankplz forfeited.\n|\n|win|fumbari 24\n|raw|fumbari 24's rating: 1236 &rarr; <strong>1252<\/strong><br \/>(+16 for winning)\n|raw|miltankplz's rating: 1102 &rarr; <strong>1086<\/strong><br \/>(-16 for losing)\n|l|\u2606miltankplz\n","uploadtime":1699627182,"views":9,"p1id":"fumbari24","p2id":"miltankplz","formatid":"gen9nationaldexdoubles","rating":1086,"private":0,"password":""}