{"id":"gen9nationaldexdoubles-1958504334","p1":"cabeca de Folha","p2":"50 centavos","format":"[Gen 9] National Dex Doubles","log":"|j|\u2606cabeca de Folha\n|j|\u260650 centavos\n|t:|1696336007\n|gametype|doubles\n|player|p1|cabeca de Folha|drayden|\n|player|p2|50 centavos|drayden|\n|teamsize|p1|6\n|teamsize|p2|6\n|gen|9\n|tier|[Gen 9] National Dex Doubles\n|rule|HP Percentage Mod: HP is shown in percentages\n|rule|Endless Battle Clause: Forcing endless battles is banned\n|rule|OHKO Clause: OHKO moves are banned\n|rule|Evasion Moves Clause: Evasion moves are banned\n|rule|Evasion Abilities Clause: Evasion abilities are banned\n|rule|Species Clause: Limit one of each Pok\u00e9mon\n|rule|Gravity Sleep Clause: The combination of sleep-inducing moves with imperfect accuracy and Gravity or Gigantamax Orbeetle are banned\n|clearpoke\n|poke|p1|Sneasler, F|\n|poke|p1|Tangrowth, F|\n|poke|p1|Basculegion-F, F|\n|poke|p1|Kleavor, M|\n|poke|p1|Wyrdeer, M|\n|poke|p1|Gliscor, M|\n|poke|p2|Ursaluna-Bloodmoon, M|\n|poke|p2|Skeledirge, M|\n|poke|p2|Sinistcha|\n|poke|p2|Goodra, M|\n|poke|p2|Lycanroc, F|\n|poke|p2|Kingambit, F|\n|teampreview\n|\n|t:|1696336035\n|start\n|switch|p1a: Sneasler|Sneasler, F|100\/100\n|switch|p1b: Basculegion|Basculegion-F, F|100\/100\n|switch|p2a: Sinistcha|Sinistcha|100\/100\n|switch|p2b: Ursaluna|Ursaluna-Bloodmoon, M|100\/100\n|turn|1\n|\n|t:|1696336077\n|switch|p1b: Gliscor|Gliscor, M|100\/100\n|move|p1a: Sneasler|Close Combat|p2b: Ursaluna\n|-supereffective|p2b: Ursaluna\n|-damage|p2b: Ursaluna|16\/100\n|-unboost|p1a: Sneasler|def|1\n|-unboost|p1a: Sneasler|spd|1\n|-status|p2b: Ursaluna|psn|[from] ability: Poison Touch|[of] p1a: Sneasler\n|move|p2a: Sinistcha|Calm Mind|p2a: Sinistcha\n|-boost|p2a: Sinistcha|spa|1\n|-boost|p2a: Sinistcha|spd|1\n|move|p2b: Ursaluna|Earth Power|p1b: Gliscor\n|-immune|p1b: Gliscor\n|\n|-damage|p2b: Ursaluna|4\/100 psn|[from] psn\n|upkeep\n|turn|2\n|\n|t:|1696336123\n|move|p1a: Sneasler|Acrobatics|p2a: Sinistcha\n|-supereffective|p2a: Sinistcha\n|-damage|p2a: Sinistcha|29\/100\n|move|p1b: Gliscor|Tailwind|p1b: Gliscor\n|-sidestart|p1: cabeca de Folha|move: Tailwind\n|move|p2a: Sinistcha|Hex|p1a: Sneasler\n|-damage|p1a: Sneasler|4\/100\n|move|p2b: Ursaluna|Earth Power|p1a: Sneasler\n|-supereffective|p1a: Sneasler\n|-damage|p1a: Sneasler|0 fnt\n|faint|p1a: Sneasler\n|\n|-damage|p2b: Ursaluna|0 fnt|[from] psn\n|faint|p2b: Ursaluna\n|upkeep\n|\n|t:|1696336149\n|switch|p1a: Kleavor|Kleavor, M|100\/100\n|switch|p2b: Goodra|Goodra, M|100\/100\n|turn|3\n|\n|t:|1696336187\n|switch|p1b: Basculegion|Basculegion-F, F|100\/100\n|move|p1a: Kleavor|U-turn|p2a: Sinistcha\n|-damage|p2a: Sinistcha|0 fnt\n|faint|p2a: Sinistcha\n|\n|t:|1696336197\n|switch|p1a: Wyrdeer|Wyrdeer, M|100\/100|[from] U-turn\n|-ability|p1a: Wyrdeer|Intimidate|boost\n|-unboost|p2b: Goodra|atk|1\n|move|p2b: Goodra|Scald|p1a: Wyrdeer\n|-crit|p1a: Wyrdeer\n|-damage|p1a: Wyrdeer|72\/100\n|\n|upkeep\n|\n|t:|1696336213\n|switch|p2a: Kingambit|Kingambit, F|100\/100\n|-activate|p2a: Kingambit|ability: Supreme Overlord\n|-start|p2a: Kingambit|fallen2|[silent]\n|turn|4\n|\n|t:|1696336248\n|move|p1b: Basculegion|Surf|p2a: Kingambit|[spread] p1a,p2a,p2b\n|-resisted|p2b: Goodra\n|-damage|p1a: Wyrdeer|32\/100\n|-damage|p2a: Kingambit|58\/100\n|-damage|p2b: Goodra|89\/100\n|move|p1a: Wyrdeer|High Horsepower|p2b: Goodra|[miss]\n|-miss|p1a: Wyrdeer|p2b: Goodra\n|move|p2b: Goodra|Thunderbolt|p1a: Wyrdeer\n|-damage|p1a: Wyrdeer|11\/100\n|-status|p1a: Wyrdeer|par\n|move|p2a: Kingambit|Zen Headbutt|p1a: Wyrdeer\n|-resisted|p1a: Wyrdeer\n|-damage|p1a: Wyrdeer|0 fnt\n|faint|p1a: Wyrdeer\n|\n|upkeep\n|\n|t:|1696336269\n|switch|p1a: Gliscor|Gliscor, M|100\/100\n|turn|5\n|\n|t:|1696336302\n|switch|p1b: Kleavor|Kleavor, M|100\/100\n|move|p1a: Gliscor|Acrobatics|p2b: Goodra\n|-damage|p2b: Goodra|44\/100\n|move|p2b: Goodra|Scald|p1a: Gliscor\n|-supereffective|p1a: Gliscor\n|-damage|p1a: Gliscor|39\/100\n|-status|p1a: Gliscor|brn\n|move|p2a: Kingambit|Kowtow Cleave|p1a: Gliscor\n|-damage|p1a: Gliscor|0 fnt\n|faint|p1a: Gliscor\n|\n|-sideend|p1: cabeca de Folha|move: Tailwind\n|upkeep\n|\n|t:|1696336327\n|switch|p1a: Tangrowth|Tangrowth, F|100\/100\n|turn|6\n|\n|t:|1696336355\n|switch|p2b: Lycanroc|Lycanroc, F|100\/100\n|move|p1b: Kleavor|Stone Axe|p2b: Lycanroc|[miss]\n|-miss|p1b: Kleavor|p2b: Lycanroc\n|move|p1a: Tangrowth|Leech Seed|p2a: Kingambit\n|-start|p2a: Kingambit|move: Leech Seed\n|move|p2a: Kingambit|Zen Headbutt|p1a: Tangrowth\n|-damage|p1a: Tangrowth|76\/100\n|\n|-damage|p2a: Kingambit|45\/100|[from] Leech Seed|[of] p1a: Tangrowth\n|-heal|p1a: Tangrowth|88\/100|[silent]\n|upkeep\n|turn|7\n|\n|t:|1696336396\n|switch|p1a: Basculegion|Basculegion-F, F|100\/100\n|move|p2b: Lycanroc|Stone Edge|p1b: Kleavor\n|-supereffective|p1b: Kleavor\n|-crit|p1b: Kleavor\n|-damage|p1b: Kleavor|0 fnt\n|faint|p1b: Kleavor\n|move|p2a: Kingambit|Kowtow Cleave|p1a: Basculegion\n|-supereffective|p1a: Basculegion\n|-damage|p1a: Basculegion|0 fnt\n|faint|p1a: Basculegion\n|\n|upkeep\n|\n|t:|1696336412\n|switch|p1b: Tangrowth|Tangrowth, F|88\/100\n|turn|8\n|\n|t:|1696336439\n|-end|p2a: Kingambit|fallen2|[silent]\n|switch|p2a: Skeledirge|Skeledirge, M|100\/100\n|move|p2b: Lycanroc|Close Combat|p2a: Skeledirge\n|-immune|p2a: Skeledirge\n|move|p1b: Tangrowth|Substitute|p1b: Tangrowth\n|-start|p1b: Tangrowth|Substitute\n|-damage|p1b: Tangrowth|63\/100\n|\n|upkeep\n|turn|9\n|\n|t:|1696336473\n|move|p2b: Lycanroc|Bulk Up|p2b: Lycanroc\n|-boost|p2b: Lycanroc|atk|1\n|-boost|p2b: Lycanroc|def|1\n|move|p2a: Skeledirge|Shadow Ball|p1b: Tangrowth\n|-end|p1b: Tangrowth|Substitute\n|move|p1b: Tangrowth|Toxic|p2a: Skeledirge\n|-status|p2a: Skeledirge|tox\n|\n|-damage|p2a: Skeledirge|94\/100 tox|[from] psn\n|upkeep\n|turn|10\n|\n|t:|1696336518\n|move|p2b: Lycanroc|Bulk Up|p2b: Lycanroc\n|-boost|p2b: Lycanroc|atk|1\n|-boost|p2b: Lycanroc|def|1\n|move|p2a: Skeledirge|Torch Song|p1b: Tangrowth\n|-supereffective|p1b: Tangrowth\n|-damage|p1b: Tangrowth|0 fnt\n|-boost|p2a: Skeledirge|spa|1\n|faint|p1b: Tangrowth\n|\n|win|50 centavos\n","uploadtime":1696336551,"views":8,"p1id":"cabecadefolha","p2id":"50centavos","formatid":"gen9nationaldexdoubles","rating":0,"private":0,"password":""}