{"id":"gen9nationaldexdoubles-1959920646","p1":"Theadonia","p2":"Alexjames99","format":"[Gen 9] National Dex Doubles","log":"|j|\u2606Theadonia\n|j|\u2606Alexjames99\n|t:|1696468753\n|gametype|doubles\n|player|p1|Theadonia|caitlin|1193\n|player|p2|Alexjames99|acetrainer-gen4dp|1090\n|teamsize|p1|6\n|teamsize|p2|6\n|gen|9\n|tier|[Gen 9] National Dex Doubles\n|rated|\n|rule|HP Percentage Mod: HP is shown in percentages\n|rule|Endless Battle Clause: Forcing endless battles is banned\n|rule|OHKO Clause: OHKO moves are banned\n|rule|Evasion Moves Clause: Evasion moves are banned\n|rule|Evasion Abilities Clause: Evasion abilities are banned\n|rule|Species Clause: Limit one of each Pok\u00e9mon\n|rule|Gravity Sleep Clause: The combination of sleep-inducing moves with imperfect accuracy and Gravity or Gigantamax Orbeetle are banned\n|clearpoke\n|poke|p1|Delphox, M|\n|poke|p1|Oricorio-Sensu, F|\n|poke|p1|Kommo-o, M|\n|poke|p1|Riolu, M|\n|poke|p1|Cresselia, F|\n|poke|p1|Smeargle, F|\n|poke|p2|Aggron, M|\n|poke|p2|Altaria, F|\n|poke|p2|Amoonguss, F|\n|poke|p2|Stonjourner, F|\n|poke|p2|Flamigo, F|\n|poke|p2|Alomomola, M|\n|teampreview\n|inactive|Battle timer is ON: inactive players will automatically lose when time's up. (requested by Theadonia)\n|\n|t:|1696468805\n|start\n|switch|p1a: Kommo-o|Kommo-o, M, shiny|100\/100\n|switch|p1b: Smeargle|Smeargle, F|100\/100\n|switch|p2a: Amoonguss|Amoonguss, F, shiny|100\/100\n|switch|p2b: Aggron|Aggron, M, shiny|100\/100\n|turn|1\n|\n|t:|1696468820\n|detailschange|p2b: Aggron|Aggron-Mega, M, shiny\n|-mega|p2b: Aggron|Aggron|Aggronite\n|move|p2a: Amoonguss|Rage Powder|p2a: Amoonguss\n|-singleturn|p2a: Amoonguss|move: Rage Powder\n|move|p1b: Smeargle|Simple Beam|p2a: Amoonguss\n|-endability|p2a: Amoonguss|Regenerator|[from] move: Simple Beam\n|-ability|p2a: Amoonguss|Simple|[from] move: Simple Beam\n|-zpower|p1a: Kommo-o\n|move|p1a: Kommo-o|Clangorous Soulblaze|p2a: Amoonguss|[zeffect]|[spread] p2a,p2b\n|-resisted|p2b: Aggron\n|-damage|p2a: Amoonguss|62\/100\n|-damage|p2b: Aggron|72\/100\n|-boost|p1a: Kommo-o|atk|1\n|-boost|p1a: Kommo-o|def|1\n|-boost|p1a: Kommo-o|spa|1\n|-boost|p1a: Kommo-o|spd|1\n|-boost|p1a: Kommo-o|spe|1\n|move|p2b: Aggron|Iron Defense|p2b: Aggron\n|-boost|p2b: Aggron|def|2\n|\n|upkeep\n|turn|2\n|inactive|Alexjames99 has 120 seconds left.\n|\n|t:|1696468853\n|move|p2a: Amoonguss|Rage Powder|p2a: Amoonguss\n|-singleturn|p2a: Amoonguss|move: Rage Powder\n|move|p1a: Kommo-o|Clangorous Soul|p1a: Kommo-o\n|-boost|p1a: Kommo-o|atk|1\n|-boost|p1a: Kommo-o|def|1\n|-boost|p1a: Kommo-o|spa|1\n|-boost|p1a: Kommo-o|spd|1\n|-boost|p1a: Kommo-o|spe|1\n|-damage|p1a: Kommo-o|68\/100\n|move|p1b: Smeargle|Simple Beam||[still]\n|-fail|p1b: Smeargle\n|move|p2b: Aggron|Body Press|p1a: Kommo-o\n|-damage|p1a: Kommo-o|19\/100\n|\n|upkeep\n|turn|3\n|\n|t:|1696468876\n|switch|p1b: Cresselia|Cresselia, F|100\/100\n|move|p2a: Amoonguss|Rage Powder|p2a: Amoonguss\n|-singleturn|p2a: Amoonguss|move: Rage Powder\n|move|p1a: Kommo-o|Poison Jab|p2a: Amoonguss\n|-damage|p2a: Amoonguss|19\/100\n|move|p2b: Aggron|Body Press|p1a: Kommo-o\n|-damage|p1a: Kommo-o|0 fnt\n|faint|p1a: Kommo-o\n|\n|upkeep\n|\n|t:|1696468885\n|switch|p1a: Delphox|Delphox, M, shiny|100\/100\n|turn|4\n|inactive|Alexjames99 has 120 seconds left.\n|\n|t:|1696468929\n|move|p1a: Delphox|Heat Wave|p2a: Amoonguss|[spread] p2a,p2b\n|-supereffective|p2a: Amoonguss\n|-supereffective|p2b: Aggron\n|-damage|p2a: Amoonguss|0 fnt\n|-damage|p2b: Aggron|10\/100\n|faint|p2a: Amoonguss\n|move|p1b: Cresselia|Icy Wind|p2b: Aggron\n|-resisted|p2b: Aggron\n|-damage|p2b: Aggron|2\/100\n|-unboost|p2b: Aggron|spe|1\n|move|p2b: Aggron|Body Press|p1a: Delphox\n|-resisted|p1a: Delphox\n|-damage|p1a: Delphox|26\/100\n|\n|upkeep\n|\n|t:|1696468952\n|switch|p2a: Flamigo|Flamigo, F|100\/100\n|-copyboost|p2a: Flamigo|p2b: Aggron|[from] ability: Costar\n|turn|5\n|\n|t:|1696468974\n|move|p1a: Delphox|Heat Wave|p2a: Flamigo|[spread] p2a,p2b\n|-supereffective|p2b: Aggron\n|-damage|p2a: Flamigo|49\/100\n|-damage|p2b: Aggron|0 fnt\n|-enditem|p2a: Flamigo|Sitrus Berry|[eat]\n|-heal|p2a: Flamigo|74\/100|[from] item: Sitrus Berry\n|faint|p2b: Aggron\n|move|p1b: Cresselia|Icy Wind|p2a: Flamigo|[miss]\n|-miss|p1b: Cresselia|p2a: Flamigo\n|move|p2a: Flamigo|Tailwind|p2a: Flamigo\n|-sidestart|p2: Alexjames99|move: Tailwind\n|\n|upkeep\n|inactive|Alexjames99 has 90 seconds left.\n|\n|t:|1696468991\n|switch|p2b: Alomomola|Alomomola, M|100\/100\n|turn|6\n|\n|t:|1696469008\n|move|p2a: Flamigo|Acrobatics|p1b: Cresselia\n|-damage|p1b: Cresselia|62\/100\n|move|p1a: Delphox|Copycat|p1a: Delphox\n|move|p1a: Delphox|Acrobatics|p2b: Alomomola|[from]move: Copycat\n|-damage|p2b: Alomomola|96\/100\n|move|p2b: Alomomola|Knock Off|p1a: Delphox\n|-supereffective|p1a: Delphox\n|-damage|p1a: Delphox|0 fnt\n|-enditem|p1a: Delphox|Blunder Policy|[from] move: Knock Off|[of] p2b: Alomomola\n|faint|p1a: Delphox\n|move|p1b: Cresselia|Icy Wind|p2b: Alomomola|[spread] p2a,p2b\n|-supereffective|p2a: Flamigo\n|-resisted|p2b: Alomomola\n|-damage|p2a: Flamigo|38\/100\n|-damage|p2b: Alomomola|89\/100\n|-unboost|p2a: Flamigo|spe|1\n|-unboost|p2b: Alomomola|spe|1\n|\n|-heal|p1b: Cresselia|69\/100|[from] item: Leftovers\n|upkeep\n|\n|t:|1696469019\n|switch|p1a: Riolu|Riolu, M|100\/100\n|turn|7\n|inactive|Alexjames99 has 120 seconds left.\n|inactive|Alexjames99 has 90 seconds left.\n|\n|t:|1696469062\n|-terastallize|p2a: Flamigo|Steel\n|move|p2b: Alomomola|Helping Hand|p2a: Flamigo\n|-singleturn|p2a: Flamigo|Helping Hand|[of] p2b: Alomomola\n|move|p1a: Riolu|Coaching|p1b: Cresselia\n|-boost|p1b: Cresselia|atk|1\n|-boost|p1b: Cresselia|def|1\n|move|p2a: Flamigo|Acrobatics|p1b: Cresselia\n|-damage|p1b: Cresselia|25\/100\n|move|p1b: Cresselia|Lunar Blessing|p1b: Cresselia|[spread] p1a,p1b\n|-heal|p1b: Cresselia|50\/100\n|\n|-heal|p1b: Cresselia|56\/100|[from] item: Leftovers\n|upkeep\n|turn|8\n|inactive|Alexjames99 has 90 seconds left.\n|\n|t:|1696469090\n|move|p1a: Riolu|Coaching|p1b: Cresselia\n|-boost|p1b: Cresselia|atk|1\n|-boost|p1b: Cresselia|def|1\n|move|p2a: Flamigo|Acrobatics|p1b: Cresselia\n|-damage|p1b: Cresselia|34\/100\n|move|p2b: Alomomola|Knock Off|p1b: Cresselia\n|-supereffective|p1b: Cresselia\n|-damage|p1b: Cresselia|22\/100\n|-enditem|p1b: Cresselia|Leftovers|[from] move: Knock Off|[of] p2b: Alomomola\n|move|p1b: Cresselia|Lunar Blessing|p1b: Cresselia|[spread] p1a,p1b\n|-heal|p1b: Cresselia|47\/100\n|\n|-sideend|p2: Alexjames99|move: Tailwind\n|upkeep\n|turn|9\n|\n|t:|1696469115\n|move|p1a: Riolu|Coaching|p1b: Cresselia\n|-boost|p1b: Cresselia|atk|1\n|-boost|p1b: Cresselia|def|1\n|move|p1b: Cresselia|Stored Power|p2a: Flamigo\n|-resisted|p2a: Flamigo\n|-damage|p2a: Flamigo|0 fnt\n|faint|p2a: Flamigo\n|move|p2b: Alomomola|Heal Pulse|p2: Flamigo|[notarget]\n|-fail|p2b: Alomomola\n|\n|upkeep\n|inactive|Alexjames99 has 90 seconds left.\n|\n|t:|1696469130\n|switch|p2a: Stonjourner|Stonjourner, F|100\/100\n|turn|10\n|\n|t:|1696469139\n|move|p1a: Riolu|Coaching|p1b: Cresselia\n|-boost|p1b: Cresselia|atk|1\n|-boost|p1b: Cresselia|def|1\n|move|p1b: Cresselia|Lunar Blessing|p1b: Cresselia|[spread] p1a,p1b\n|-heal|p1b: Cresselia|72\/100\n|move|p2a: Stonjourner|Substitute|p2a: Stonjourner\n|-start|p2a: Stonjourner|Substitute\n|-damage|p2a: Stonjourner|76\/100\n|move|p2b: Alomomola|Knock Off|p1b: Cresselia\n|-supereffective|p1b: Cresselia\n|-damage|p1b: Cresselia|64\/100\n|\n|upkeep\n|turn|11\n|inactive|Alexjames99 has 120 seconds left.\n|\n|t:|1696469166\n|move|p1a: Riolu|Coaching|p1b: Cresselia\n|-boost|p1b: Cresselia|atk|1\n|-boost|p1b: Cresselia|def|1\n|move|p1b: Cresselia|Stored Power|p2a: Stonjourner\n|-end|p2a: Stonjourner|Substitute\n|move|p2a: Stonjourner|Body Press|p1a: Riolu\n|-damage|p1a: Riolu|54\/100\n|move|p2b: Alomomola|Light Screen|p2b: Alomomola\n|-sidestart|p2: Alexjames99|move: Light Screen\n|\n|upkeep\n|turn|12\n|inactive|Alexjames99 has 120 seconds left.\n|\n|t:|1696469201\n|move|p2b: Alomomola|Helping Hand|p2a: Stonjourner\n|-singleturn|p2a: Stonjourner|Helping Hand|[of] p2b: Alomomola\n|move|p1a: Riolu|Coaching|p1b: Cresselia\n|-boost|p1b: Cresselia|atk|1\n|-boost|p1b: Cresselia|def|1\n|move|p1b: Cresselia|Stored Power|p2a: Stonjourner\n|-damage|p2a: Stonjourner|0 fnt\n|faint|p2a: Stonjourner\n|\n|upkeep\n|\n|t:|1696469212\n|switch|p2a: Altaria|Altaria, F, shiny|100\/100\n|-ability|p2a: Altaria|Cloud Nine\n|turn|13\n|\n|t:|1696469235\n|move|p2b: Alomomola|Helping Hand|p2a: Altaria\n|-singleturn|p2a: Altaria|Helping Hand|[of] p2b: Alomomola\n|move|p1a: Riolu|Vacuum Wave|p2b: Alomomola\n|-damage|p2b: Alomomola|80\/100\n|move|p1b: Cresselia|Icy Wind|p2a: Altaria|[spread] p2a,p2b\n|-supereffective|p2a: Altaria\n|-resisted|p2b: Alomomola\n|-damage|p2a: Altaria|77\/100\n|-damage|p2b: Alomomola|76\/100\n|-unboost|p2a: Altaria|spe|1\n|-unboost|p2b: Alomomola|spe|1\n|move|p2a: Altaria|Dual Wingbeat|p1a: Riolu\n|-supereffective|p1a: Riolu\n|-damage|p1a: Riolu|7\/100\n|-supereffective|p1a: Riolu\n|-damage|p1a: Riolu|0 fnt\n|faint|p1a: Riolu\n|-hitcount|p1: Riolu|2\n|\n|-heal|p2a: Altaria|83\/100|[from] item: Leftovers\n|upkeep\n|inactive|Theadonia has 120 seconds left.\n|\n|t:|1696469254\n|switch|p1a: Oricorio|Oricorio-Sensu, F, shiny|100\/100\n|turn|14\n|\n|t:|1696469270\n|move|p2b: Alomomola|Helping Hand|p2a: Altaria\n|-singleturn|p2a: Altaria|Helping Hand|[of] p2b: Alomomola\n|move|p1a: Oricorio|Quiver Dance|p1a: Oricorio\n|-boost|p1a: Oricorio|spa|1\n|-boost|p1a: Oricorio|spd|1\n|-boost|p1a: Oricorio|spe|1\n|move|p1b: Cresselia|Stored Power|p2b: Alomomola\n|-damage|p2b: Alomomola|0 fnt\n|faint|p2b: Alomomola\n|move|p2a: Altaria|Dragon Claw|p1a: Oricorio\n|-damage|p1a: Oricorio|74\/100\n|\n|-heal|p2a: Altaria|89\/100|[from] item: Leftovers\n|upkeep\n|turn|15\n|\n|t:|1696469293\n|-terastallize|p1a: Oricorio|Fairy\n|move|p1a: Oricorio|Revelation Dance|p2a: Altaria\n|-supereffective|p2a: Altaria\n|-crit|p2a: Altaria\n|-damage|p2a: Altaria|0 fnt\n|faint|p2a: Altaria\n|\n|win|Theadonia\n|raw|Theadonia's rating: 1193 &rarr; <strong>1211<\/strong><br \/>(+18 for winning)\n|raw|Alexjames99's rating: 1090 &rarr; <strong>1073<\/strong><br \/>(-17 for losing)\n|l|\u2606Alexjames99\n","uploadtime":1696469309,"views":11,"p1id":"theadonia","p2id":"alexjames99","formatid":"gen9nationaldexdoubles","rating":1073,"private":0,"password":""}