{"id":"gen9nationaldexdoubles-1973200611","p1":"W7v","p2":"the maraculous","format":"[Gen 9] National Dex Doubles","log":"|j|\u203dW7v\n|j|\u2606the maraculous\n|t:|1697938766\n|gametype|doubles\n|player|p1|W7v|swimmerf-gen4|1372\n|player|p2|the maraculous|dragontamer|1382\n|teamsize|p1|6\n|teamsize|p2|6\n|gen|9\n|tier|[Gen 9] National Dex Doubles\n|rated|\n|rule|HP Percentage Mod: HP is shown in percentages\n|rule|Endless Battle Clause: Forcing endless battles is banned\n|rule|OHKO Clause: OHKO moves are banned\n|rule|Evasion Moves Clause: Evasion moves are banned\n|rule|Evasion Abilities Clause: Evasion abilities are banned\n|rule|Species Clause: Limit one of each Pok\u00e9mon\n|rule|Gravity Sleep Clause: The combination of sleep-inducing moves with imperfect accuracy and Gravity or Gigantamax Orbeetle are banned\n|clearpoke\n|poke|p1|Kingdra, M|\n|poke|p1|Dudunsparce-*, M|\n|poke|p1|Flamigo, M|\n|poke|p1|Brambleghast, F|\n|poke|p1|Incineroar, F|\n|poke|p1|Maushold|\n|poke|p2|Xurkitree|\n|poke|p2|Iron Valiant|\n|poke|p2|Chandelure, F|\n|poke|p2|Landorus-Therian, M|\n|poke|p2|Kartana|\n|poke|p2|Farigiraf, F|\n|teampreview\n|inactive|Battle timer is ON: inactive players will automatically lose when time's up. (requested by W7v)\n|\n|t:|1697938796\n|start\n|switch|p1a: Dudunsparce|Dudunsparce, M|100\/100\n|switch|p1b: Incineroar|Incineroar, F|100\/100\n|switch|p2a: Xurkitree|Xurkitree|100\/100\n|switch|p2b: Landorus|Landorus-Therian, M|100\/100\n|-ability|p2b: Landorus|Intimidate|boost\n|-unboost|p1a: Dudunsparce|atk|1\n|-ability|p1a: Dudunsparce|Rattled|boost\n|-boost|p1a: Dudunsparce|spe|1\n|-unboost|p1b: Incineroar|atk|1\n|-ability|p1b: Incineroar|Intimidate|boost\n|-unboost|p2a: Xurkitree|atk|1\n|-unboost|p2b: Landorus|atk|1\n|turn|1\n|\n|t:|1697938815\n|switch|p2b: Iron Valiant|Iron Valiant|100\/100\n|-zpower|p2a: Xurkitree\n|move|p2a: Xurkitree|Z-Electric Terrain|p2a: Xurkitree|[anim]Electric Terrain\n|-boost|p2a: Xurkitree|spe|1|[zeffect]\n|-fieldstart|move: Electric Terrain\n|-activate|p2b: Iron Valiant|ability: Quark Drive\n|-start|p2b: Iron Valiant|quarkdrivespe\n|-zpower|p1a: Dudunsparce\n|move|p1a: Dudunsparce|Z-Tailwind|p1a: Dudunsparce|[anim]Tailwind\n|-start|p1a: Dudunsparce|move: Focus Energy|[zeffect]\n|-sidestart|p1: W7v|move: Tailwind\n|move|p1b: Incineroar|U-turn|p2a: Xurkitree\n|-damage|p2a: Xurkitree|82\/100\n|inactive|W7v has 120 seconds left.\n|\n|t:|1697938840\n|switch|p1b: Brambleghast|Brambleghast, F|100\/100|[from] U-turn\n|-ability|p1b: Brambleghast|Wind Rider|boost\n|-boost|p1b: Brambleghast|atk|1\n|\n|upkeep\n|turn|2\n|\n|t:|1697938856\n|move|p1b: Brambleghast|Poltergeist|p2a: Xurkitree\n|-activate|p2a: Xurkitree|move: Poltergeist|Electrium Z\n|-damage|p2a: Xurkitree|0 fnt\n|faint|p2a: Xurkitree\n|move|p2b: Iron Valiant|Moonblast|p1b: Brambleghast\n|-enditem|p1b: Brambleghast|Focus Sash\n|-damage|p1b: Brambleghast|1\/100\n|-damage|p2b: Iron Valiant|91\/100|[from] item: Life Orb\n|move|p1a: Dudunsparce|Baton Pass|p1a: Dudunsparce\n|inactive|W7v has 120 seconds left.\n|\n|t:|1697938867\n|switch|p1a: Kingdra|Kingdra, M|100\/100|[from] Baton Pass\n|\n|upkeep\n|\n|t:|1697938871\n|switch|p2a: Kartana|Kartana|100\/100\n|turn|3\n|\n|t:|1697938899\n|-terastallize|p1a: Kingdra|Steel\n|move|p1a: Kingdra|Draco Meteor|p2a: Kartana\n|-resisted|p2a: Kartana\n|-crit|p2a: Kartana\n|-enditem|p2a: Kartana|Focus Sash\n|-damage|p2a: Kartana|1\/100\n|-unboost|p1a: Kingdra|spa|2\n|move|p1b: Brambleghast|Poltergeist|p2b: Iron Valiant\n|-activate|p2b: Iron Valiant|move: Poltergeist|Life Orb\n|-damage|p2b: Iron Valiant|0 fnt\n|faint|p2b: Iron Valiant\n|-end|p2b: Iron Valiant|Quark Drive|[silent]\n|move|p2a: Kartana|Tailwind|p2a: Kartana\n|-sidestart|p2: the maraculous|move: Tailwind\n|\n|upkeep\n|inactive|the maraculous has 120 seconds left.\n|\n|t:|1697938918\n|switch|p2b: Farigiraf|Farigiraf, F|100\/100\n|turn|4\n|\n|t:|1697938935\n|switch|p2a: Landorus|Landorus-Therian, M|100\/100\n|-ability|p2a: Landorus|Intimidate|boost\n|-unboost|p1a: Kingdra|atk|1\n|-unboost|p1b: Brambleghast|atk|1\n|switch|p1b: Incineroar|Incineroar, F|100\/100\n|-ability|p1b: Incineroar|Intimidate|boost\n|-unboost|p2a: Landorus|atk|1\n|-unboost|p2b: Farigiraf|atk|1\n|move|p1a: Kingdra|Protect|p1a: Kingdra\n|-singleturn|p1a: Kingdra|Protect\n|move|p2b: Farigiraf|Dazzling Gleam|p1a: Kingdra|[spread] p1b\n|-activate|p1a: Kingdra|move: Protect\n|-damage|p1b: Incineroar|90\/100\n|\n|-sideend|p1: W7v|move: Tailwind\n|upkeep\n|turn|5\n|\n|t:|1697938953\n|-terastallize|p2b: Farigiraf|Normal\n|move|p1a: Kingdra|Draco Meteor|p2a: Landorus|[miss]\n|-miss|p1a: Kingdra|p2a: Landorus\n|move|p2a: Landorus|Stomping Tantrum|p1b: Incineroar\n|-supereffective|p1b: Incineroar\n|-damage|p1b: Incineroar|35\/100\n|move|p2b: Farigiraf|Nasty Plot|p2b: Farigiraf\n|-boost|p2b: Farigiraf|spa|2\n|move|p1b: Incineroar|U-turn|p2b: Farigiraf\n|-damage|p2b: Farigiraf|80\/100\n|inactive|W7v has 120 seconds left.\n|\n|t:|1697938979\n|switch|p1b: Maushold|Maushold|100\/100|[from] U-turn\n|\n|-heal|p2b: Farigiraf|87\/100|[from] item: Leftovers\n|-fieldend|move: Electric Terrain\n|upkeep\n|turn|6\n|\n|t:|1697938989\n|move|p1b: Maushold|Follow Me|p1b: Maushold\n|-singleturn|p1b: Maushold|move: Follow Me\n|move|p1a: Kingdra|Draco Meteor|p2b: Farigiraf\n|-crit|p2b: Farigiraf\n|-damage|p2b: Farigiraf|0 fnt\n|-unboost|p1a: Kingdra|spa|2\n|faint|p2b: Farigiraf\n|move|p2a: Landorus|Knock Off|p1b: Maushold\n|-damage|p1b: Maushold|68\/100\n|-enditem|p1b: Maushold|Sitrus Berry|[from] move: Knock Off|[of] p2a: Landorus\n|\n|-sideend|p2: the maraculous|move: Tailwind\n|upkeep\n|\n|t:|1697938999\n|switch|p2b: Chandelure|Chandelure, F|100\/100\n|-item|p2b: Chandelure|Air Balloon\n|turn|7\n|\n|t:|1697939010\n|move|p1b: Maushold|Follow Me|p1b: Maushold\n|-singleturn|p1b: Maushold|move: Follow Me\n|move|p1a: Kingdra|Draco Meteor|p2b: Chandelure\n|-crit|p2b: Chandelure\n|-damage|p2b: Chandelure|0 fnt\n|-unboost|p1a: Kingdra|spa|2\n|-enditem|p2b: Chandelure|Air Balloon\n|faint|p2b: Chandelure\n|move|p2a: Landorus|U-turn|p1b: Maushold\n|-damage|p1b: Maushold|44\/100\n|-message|the maraculous forfeited.\n|\n|win|W7v\n|raw|W7v's rating: 1372 &rarr; <strong>1393<\/strong><br \/>(+21 for winning)\n|raw|the maraculous's rating: 1382 &rarr; <strong>1361<\/strong><br \/>(-21 for losing)\n","uploadtime":1697939023,"views":12,"p1id":"w7v","p2id":"themaraculous","formatid":"gen9nationaldexdoubles","rating":1361,"private":0,"password":""}