{"id":"gen9nationaldexdoubles-1967391573","p1":"kkddyy","p2":"ccD8 3+","format":"[Gen 9] National Dex Doubles","log":"|j|\u2606kkddyy\n|j|\u2606ccD8 3+\n|t:|1697297306\n|gametype|doubles\n|player|p1|kkddyy|101|1366\n|player|p2|ccD8 3+|2|1330\n|teamsize|p1|6\n|teamsize|p2|6\n|gen|9\n|tier|[Gen 9] National Dex Doubles\n|rated|\n|rule|HP Percentage Mod: HP is shown in percentages\n|rule|Endless Battle Clause: Forcing endless battles is banned\n|rule|OHKO Clause: OHKO moves are banned\n|rule|Evasion Moves Clause: Evasion moves are banned\n|rule|Evasion Abilities Clause: Evasion abilities are banned\n|rule|Species Clause: Limit one of each Pok\u00e9mon\n|rule|Gravity Sleep Clause: The combination of sleep-inducing moves with imperfect accuracy and Gravity or Gigantamax Orbeetle are banned\n|clearpoke\n|poke|p1|Amoonguss, F|\n|poke|p1|Flutter Mane|\n|poke|p1|Incineroar, F|\n|poke|p1|Salamence, M|\n|poke|p1|Cresselia, F|\n|poke|p1|Urshifu-*, M|\n|poke|p2|Charizard, M|\n|poke|p2|Chi-Yu|\n|poke|p2|Flutter Mane|\n|poke|p2|Whimsicott, M|\n|poke|p2|Zygarde|\n|poke|p2|Chien-Pao|\n|teampreview\n|inactive|Battle timer is ON: inactive players will automatically lose when time's up. (requested by ccD8 3+)\n|inactive|kkddyy has 120 seconds left.\n|inactive|ccD8 3+ has 120 seconds left.\n|\n|t:|1697297356\n|start\n|switch|p1a: Incineroar|Incineroar, F|100\/100\n|switch|p1b: Salamence|Salamence, M|100\/100\n|switch|p2a: Whimsicott|Whimsicott, M|100\/100\n|switch|p2b: Charizard|Charizard, M|100\/100\n|-ability|p1b: Salamence|Intimidate|boost\n|-unboost|p2a: Whimsicott|atk|1\n|-unboost|p2b: Charizard|atk|1\n|-ability|p1a: Incineroar|Intimidate|boost\n|-unboost|p2a: Whimsicott|atk|1\n|-unboost|p2b: Charizard|atk|1\n|turn|1\n|j| koreanfroslass2\n|inactive|ccD8 3+ has 120 seconds left.\n|l| koreanfroslass2\n|\n|t:|1697297415\n|detailschange|p1b: Salamence|Salamence-Mega, M\n|-mega|p1b: Salamence|Salamence|Salamencite\n|move|p2b: Charizard|Protect|p2b: Charizard\n|-singleturn|p2b: Charizard|Protect\n|move|p1a: Incineroar|Fake Out|p2a: Whimsicott\n|-damage|p2a: Whimsicott|86\/100\n|move|p2a: Whimsicott|Tailwind|p2a: Whimsicott\n|-sidestart|p2: ccD8 3+|move: Tailwind\n|move|p1b: Salamence|Tailwind|p1b: Salamence\n|-sidestart|p1: kkddyy|move: Tailwind\n|\n|upkeep\n|turn|2\n|inactive|ccD8 3+ has 90 seconds left.\n|\n|t:|1697297453\n|detailschange|p2b: Charizard|Charizard-Mega-Y, M\n|-mega|p2b: Charizard|Charizard|Charizardite Y\n|-weather|SunnyDay|[from] ability: Drought|[of] p2b: Charizard\n|move|p2a: Whimsicott|Encore|p1b: Salamence\n|-start|p1b: Salamence|Encore\n|move|p1b: Salamence|Tailwind||[still]\n|-fail|p1b: Salamence\n|move|p2b: Charizard|Scorching Sands|p1a: Incineroar\n|-supereffective|p1a: Incineroar\n|-damage|p1a: Incineroar|53\/100\n|move|p1a: Incineroar|Flare Blitz|p2a: Whimsicott\n|-supereffective|p2a: Whimsicott\n|-damage|p2a: Whimsicott|0 fnt\n|faint|p2a: Whimsicott\n|-damage|p1a: Incineroar|28\/100|[from] Recoil\n|-enditem|p1a: Incineroar|Sitrus Berry|[eat]\n|-heal|p1a: Incineroar|53\/100|[from] item: Sitrus Berry\n|\n|-weather|SunnyDay|[upkeep]\n|upkeep\n|\n|t:|1697297476\n|switch|p2a: Flutter Mane|Flutter Mane|100\/100\n|-activate|p2a: Flutter Mane|ability: Protosynthesis\n|-start|p2a: Flutter Mane|protosynthesisspe\n|turn|3\n|inactive|ccD8 3+ has 90 seconds left.\n|\n|t:|1697297500\n|switch|p1b: Amoonguss|Amoonguss, F|100\/100\n|switch|p1a: Cresselia|Cresselia, F|100\/100\n|move|p2a: Flutter Mane|Dazzling Gleam|p1a: Cresselia|[spread] p1a,p1b\n|-resisted|p1b: Amoonguss\n|-damage|p1a: Cresselia|76\/100\n|-damage|p1b: Amoonguss|81\/100\n|move|p2b: Charizard|Scorching Sands|p1a: Cresselia\n|-immune|p1a: Cresselia|[from] ability: Levitate\n|\n|-weather|SunnyDay|[upkeep]\n|upkeep\n|turn|4\n|\n|t:|1697297529\n|-terastallize|p1b: Amoonguss|Water\n|move|p2a: Flutter Mane|Dazzling Gleam|p1b: Amoonguss|[spread] p1a,p1b\n|-damage|p1a: Cresselia|48\/100\n|-damage|p1b: Amoonguss|45\/100\n|move|p2b: Charizard|Heat Wave|p1b: Amoonguss|[spread] p1a,p1b\n|-resisted|p1b: Amoonguss\n|-damage|p1a: Cresselia|13\/100\n|-damage|p1b: Amoonguss|17\/100\n|-status|p1a: Cresselia|brn\n|move|p1a: Cresselia|Icy Wind|p2a: Flutter Mane|[spread] p2a,p2b\n|-damage|p2a: Flutter Mane|94\/100\n|-damage|p2b: Charizard|93\/100\n|-unboost|p2a: Flutter Mane|spe|1\n|-unboost|p2b: Charizard|spe|1\n|move|p1b: Amoonguss|Spore|p2b: Charizard\n|-status|p2b: Charizard|slp|[from] move: Spore\n|\n|-weather|SunnyDay|[upkeep]\n|-damage|p1a: Cresselia|7\/100 brn|[from] brn\n|-sideend|p2: ccD8 3+|move: Tailwind\n|-sideend|p1: kkddyy|move: Tailwind\n|upkeep\n|turn|5\n|inactive|kkddyy has 120 seconds left.\n|inactive|ccD8 3+ has 90 seconds left.\n|\n|t:|1697297566\n|switch|p2b: Chien-Pao|Chien-Pao|100\/100\n|-ability|p2b: Chien-Pao|Sword of Ruin\n|switch|p1b: Incineroar|Incineroar, F|53\/100\n|-ability|p1b: Incineroar|Intimidate|boost\n|-unboost|p2a: Flutter Mane|atk|1\n|-unboost|p2b: Chien-Pao|atk|1\n|move|p1a: Cresselia|Ally Switch|p1a: Cresselia\n|swap|p1a: Cresselia|1|[from] move: Ally Switch\n|move|p2a: Flutter Mane|Dazzling Gleam|p1a: Incineroar|[spread] p1a,p1b\n|-damage|p1a: Incineroar|17\/100\n|-damage|p1b: Cresselia|0 fnt\n|faint|p1b: Cresselia\n|\n|-weather|SunnyDay|[upkeep]\n|upkeep\n|inactive|kkddyy has 120 seconds left.\n|\n|t:|1697297583\n|switch|p1b: Flutter Mane|Flutter Mane|100\/100\n|-activate|p1b: Flutter Mane|ability: Protosynthesis\n|-start|p1b: Flutter Mane|protosynthesisspa\n|turn|6\n|inactive|kkddyy has 120 seconds left.\n|\n|t:|1697297600\n|switch|p1a: Amoonguss|Amoonguss, F, tera:Water|50\/100\n|move|p2b: Chien-Pao|Sucker Punch|p1b: Flutter Mane\n|-damage|p1b: Flutter Mane|35\/100\n|move|p1b: Flutter Mane|Dazzling Gleam|p2a: Flutter Mane|[spread] p2a,p2b\n|-supereffective|p2b: Chien-Pao\n|-damage|p2a: Flutter Mane|47\/100\n|-enditem|p2b: Chien-Pao|Focus Sash\n|-damage|p2b: Chien-Pao|1\/100\n|move|p2a: Flutter Mane|Dazzling Gleam|p1a: Amoonguss|[spread] p1a,p1b\n|-damage|p1a: Amoonguss|11\/100\n|-damage|p1b: Flutter Mane|0 fnt\n|faint|p1b: Flutter Mane\n|-end|p1b: Flutter Mane|Protosynthesis|[silent]\n|\n|-weather|none\n|-end|p2a: Flutter Mane|Protosynthesis\n|upkeep\n|inactive|kkddyy has 120 seconds left.\n|\n|t:|1697297613\n|switch|p1b: Incineroar|Incineroar, F|17\/100\n|-ability|p1b: Incineroar|Intimidate|boost\n|-unboost|p2a: Flutter Mane|atk|1\n|-unboost|p2b: Chien-Pao|atk|1\n|turn|7\n|\n|t:|1697297622\n|switch|p2b: Charizard|Charizard-Mega-Y, M|93\/100 slp\n|-weather|SunnyDay|[from] ability: Drought|[of] p2b: Charizard\n|-activate|p2a: Flutter Mane|ability: Protosynthesis\n|-start|p2a: Flutter Mane|protosynthesisspa\n|move|p1a: Amoonguss|Protect|p1a: Amoonguss\n|-singleturn|p1a: Amoonguss|Protect\n|move|p1b: Incineroar|Fake Out|p2b: Charizard\n|-damage|p2b: Charizard|78\/100 slp\n|move|p2a: Flutter Mane|Dazzling Gleam|p1a: Amoonguss|[spread] p1b\n|-activate|p1a: Amoonguss|move: Protect\n|-damage|p1b: Incineroar|0 fnt\n|faint|p1b: Incineroar\n|\n|-weather|SunnyDay|[upkeep]\n|upkeep\n|\n|t:|1697297626\n|switch|p1b: Salamence|Salamence-Mega, M|100\/100\n|turn|8\n|inactive|ccD8 3+ has 120 seconds left.\n|\n|t:|1697297685\n|switch|p2b: Chien-Pao|Chien-Pao|1\/100\n|-ability|p2b: Chien-Pao|Sword of Ruin\n|switch|p1a: Urshifu|Urshifu-Rapid-Strike, M|100\/100\n|move|p1b: Salamence|Frustration|p2a: Flutter Mane\n|-damage|p2a: Flutter Mane|0 fnt\n|faint|p2a: Flutter Mane\n|-end|p2a: Flutter Mane|Protosynthesis|[silent]\n|\n|-weather|SunnyDay|[upkeep]\n|upkeep\n|inactive|ccD8 3+ has 90 seconds left.\n|\n|t:|1697297700\n|switch|p2a: Chi-Yu|Chi-Yu|100\/100\n|-ability|p2a: Chi-Yu|Beads of Ruin\n|turn|9\n|inactive|kkddyy has 120 seconds left.\n|\n|t:|1697297732\n|move|p1a: Urshifu|Aqua Jet|p2b: Chien-Pao\n|-damage|p2b: Chien-Pao|0 fnt\n|faint|p2b: Chien-Pao\n|move|p1b: Salamence|Dragon Dance|p1b: Salamence\n|-boost|p1b: Salamence|atk|1\n|-boost|p1b: Salamence|spe|1\n|-zpower|p2a: Chi-Yu\n|move|p2a: Chi-Yu|Inferno Overdrive|p1a: Urshifu|[zeffect]\n|-resisted|p1a: Urshifu\n|-damage|p1a: Urshifu|0 fnt\n|faint|p1a: Urshifu\n|\n|-weather|SunnyDay|[upkeep]\n|upkeep\n|inactive|ccD8 3+ has 120 seconds left.\n|\n|t:|1697297748\n|switch|p2b: Zygarde|Zygarde|100\/100\n|switch|p1a: Amoonguss|Amoonguss, F, tera:Water|44\/100\n|-ability|p2b: Zygarde|Aura Break\n|turn|10\n|\n|t:|1697297773\n|-terastallize|p2b: Zygarde|Normal\n|move|p2b: Zygarde|Extreme Speed|p1b: Salamence\n|-damage|p1b: Salamence|58\/100\n|move|p1b: Salamence|Frustration|p2a: Chi-Yu\n|-damage|p2a: Chi-Yu|0 fnt\n|faint|p2a: Chi-Yu\n|move|p1a: Amoonguss|Spore|p2b: Zygarde\n|-status|p2b: Zygarde|slp|[from] move: Spore\n|\n|-weather|SunnyDay|[upkeep]\n|upkeep\n|\n|t:|1697297783\n|switch|p2a: Charizard|Charizard-Mega-Y, M|78\/100 slp\n|turn|11\n|\n|t:|1697297804\n|cant|p2b: Zygarde|slp\n|move|p1b: Salamence|Dragon Dance|p1b: Salamence\n|-boost|p1b: Salamence|atk|1\n|-boost|p1b: Salamence|spe|1\n|cant|p2a: Charizard|slp\n|move|p1a: Amoonguss|Pollen Puff|p1b: Salamence\n|-heal|p1b: Salamence|100\/100\n|\n|-weather|none\n|upkeep\n|turn|12\n|\n|t:|1697297820\n|cant|p2b: Zygarde|slp\n|move|p1a: Amoonguss|Rage Powder|p1a: Amoonguss\n|-singleturn|p1a: Amoonguss|move: Rage Powder\n|move|p1b: Salamence|Frustration|p2a: Charizard\n|-damage|p2a: Charizard|0 fnt\n|faint|p2a: Charizard\n|\n|upkeep\n|turn|13\n|\n|t:|1697297838\n|cant|p2b: Zygarde|slp\n|move|p1b: Salamence|Frustration|p2b: Zygarde\n|-damage|p2b: Zygarde|6\/100 slp\n|move|p1a: Amoonguss|Spore|p2b: Zygarde\n|-fail|p2b: Zygarde|slp\n|\n|upkeep\n|turn|14\n|-message|ccD8 3+ forfeited.\n|\n|win|kkddyy\n|raw|kkddyy's rating: 1366 &rarr; <strong>1384<\/strong><br \/>(+18 for winning)\n|raw|ccD8 3+'s rating: 1330 &rarr; <strong>1312<\/strong><br \/>(-18 for losing)\n","uploadtime":1697297864,"views":6,"p1id":"kkddyy","p2id":"ccd83","formatid":"gen9nationaldexdoubles","rating":1312,"private":0,"password":""}