{"id":"gen9nationaldexdoubles-1992722426","p1":"Thatfunniguy","p2":"the maraculous","format":"[Gen 9] National Dex Doubles","log":"|j|\u2606Thatfunniguy\n|j|\u2606the maraculous\n|t:|1700229180\n|gametype|doubles\n|player|p1|Thatfunniguy|fisherman-gen4|1360\n|player|p2|the maraculous|dragontamer|1387\n|teamsize|p1|6\n|teamsize|p2|6\n|gen|9\n|tier|[Gen 9] National Dex Doubles\n|rated|\n|rule|HP Percentage Mod: HP is shown in percentages\n|rule|Endless Battle Clause: Forcing endless battles is banned\n|rule|OHKO Clause: OHKO moves are banned\n|rule|Evasion Moves Clause: Evasion moves are banned\n|rule|Evasion Abilities Clause: Evasion abilities are banned\n|rule|Species Clause: Limit one of each Pok\u00e9mon\n|rule|Gravity Sleep Clause: The combination of sleep-inducing moves with imperfect accuracy and Gravity or Gigantamax Orbeetle are banned\n|clearpoke\n|poke|p1|Murkrow, F|\n|poke|p1|Eldegoss, M|\n|poke|p1|Malamar, M|\n|poke|p1|Serperior, F|\n|poke|p1|Kingambit, F|\n|poke|p1|Medicham, M|\n|poke|p2|Xurkitree|\n|poke|p2|Iron Valiant|\n|poke|p2|Chandelure, F|\n|poke|p2|Landorus-Therian, M|\n|poke|p2|Kartana|\n|poke|p2|Farigiraf, F|\n|teampreview\n|\n|t:|1700229227\n|start\n|switch|p1a: Snek|Serperior, F|100\/100\n|switch|p1b: Caesar|Murkrow, F|100\/100\n|switch|p2a: Iron Valiant|Iron Valiant|100\/100\n|switch|p2b: Kartana|Kartana|100\/100\n|turn|1\n|inactive|Battle timer is ON: inactive players will automatically lose when time's up. (requested by Thatfunniguy)\n|c|\u2606Thatfunniguy|Oh shoot\n|\n|t:|1700229245\n|-end|p2a: Iron Valiant|Quark Drive|[silent]\n|switch|p2a: Chandelure|Chandelure, F|100\/100\n|-item|p2a: Chandelure|Air Balloon\n|move|p1b: Caesar|Defog|p1a: Snek\n|-boost|p1a: Snek|evasion|1\n|move|p2b: Kartana|Smart Strike|p1a: Snek\n|-damage|p1a: Snek|54\/100\n|move|p1a: Snek|Leaf Storm|p2a: Chandelure\n|-resisted|p2a: Chandelure\n|-damage|p2a: Chandelure|71\/100\n|-boost|p1a: Snek|spa|2\n|-enditem|p2a: Chandelure|Air Balloon\n|\n|-heal|p1a: Snek|60\/100|[from] item: Leftovers\n|upkeep\n|turn|2\n|\n|t:|1700229260\n|move|p1b: Caesar|Defog|p1a: Snek\n|-boost|p1a: Snek|evasion|1\n|move|p2b: Kartana|Smart Strike|p1a: Snek\n|-damage|p1a: Snek|17\/100\n|move|p1a: Snek|Leaf Storm|p2b: Kartana\n|-resisted|p2b: Kartana\n|-damage|p2b: Kartana|26\/100\n|-boost|p1a: Snek|spa|2\n|move|p2a: Chandelure|Trick Room|p2a: Chandelure\n|-fieldstart|move: Trick Room|[of] p2a: Chandelure\n|\n|-heal|p1a: Snek|23\/100|[from] item: Leftovers\n|upkeep\n|turn|3\n|\n|t:|1700229282\n|move|p1b: Caesar|Defog|p1a: Snek\n|-boost|p1a: Snek|evasion|1\n|move|p2a: Chandelure|Flamethrower|p1a: Snek|[miss]\n|-miss|p2a: Chandelure|p1a: Snek\n|move|p1a: Snek|Leaf Storm|p2b: Kartana\n|-resisted|p2b: Kartana\n|-damage|p2b: Kartana|0 fnt\n|-boost|p1a: Snek|spa|2\n|faint|p2b: Kartana\n|\n|-heal|p1a: Snek|30\/100|[from] item: Leftovers\n|upkeep\n|\n|t:|1700229293\n|switch|p2b: Xurkitree|Xurkitree|100\/100\n|turn|4\n|\n|t:|1700229315\n|move|p1b: Caesar|Quash|p2b: Xurkitree\n|-activate|p2b: Xurkitree|move: Quash\n|move|p2a: Chandelure|Flamethrower|p1b: Caesar\n|-damage|p1b: Caesar|53\/100\n|move|p1a: Snek|Substitute|p1a: Snek\n|-start|p1a: Snek|Substitute\n|-damage|p1a: Snek|5\/100\n|-zpower|p2b: Xurkitree\n|move|p2b: Xurkitree|Gigavolt Havoc|p1a: Snek|[zeffect]\n|-resisted|p1a: Snek\n|-end|p1a: Snek|Substitute\n|\n|-heal|p1a: Snek|11\/100|[from] item: Leftovers\n|upkeep\n|turn|5\n|\n|t:|1700229336\n|move|p1b: Caesar|Defog|p1a: Snek\n|-boost|p1a: Snek|evasion|1\n|move|p2a: Chandelure|Flamethrower|p1a: Snek|[miss]\n|-miss|p2a: Chandelure|p1a: Snek\n|move|p1a: Snek|Hidden Power|p2b: Xurkitree\n|-supereffective|p2b: Xurkitree\n|-damage|p2b: Xurkitree|0 fnt\n|faint|p2b: Xurkitree\n|\n|-heal|p1a: Snek|17\/100|[from] item: Leftovers\n|upkeep\n|\n|t:|1700229351\n|switch|p2b: Farigiraf|Farigiraf, F|100\/100\n|turn|6\n|\n|t:|1700229358\n|move|p1b: Caesar|Quash||[still]\n|cant|p2b: Farigiraf|ability: Armor Tail|Quash|[of] p1b: Caesar\n|move|p2b: Farigiraf|Hyper Voice|p1a: Snek|[spread] p1a,p1b\n|-crit|p1b: Caesar\n|-damage|p1a: Snek|0 fnt\n|-damage|p1b: Caesar|14\/100\n|faint|p1a: Snek\n|move|p2a: Chandelure|Flamethrower|p1b: Caesar\n|-damage|p1b: Caesar|0 fnt\n|faint|p1b: Caesar\n|\n|-fieldend|move: Trick Room\n|upkeep\n|\n|t:|1700229375\n|switch|p1a: L\u1ec4 GUY|Malamar, M|100\/100\n|switch|p1b: Powa|Medicham, M|100\/100\n|turn|7\n|\n|t:|1700229391\n|detailschange|p1b: Powa|Medicham-Mega, M\n|-mega|p1b: Powa|Medicham|Medichamite\n|move|p1b: Powa|Skill Swap|p2a: Chandelure\n|-activate|p1b: Powa|move: Skill Swap|Flash Fire|Pure Power|[of] p2a: Chandelure\n|move|p2a: Chandelure|Flamethrower|p1a: L\u1ec4 GUY\n|-damage|p1a: L\u1ec4 GUY|34\/100\n|-status|p1a: L\u1ec4 GUY|brn\n|move|p1a: L\u1ec4 GUY|Superpower|p2b: Farigiraf\n|-damage|p2b: Farigiraf|81\/100\n|-boost|p1a: L\u1ec4 GUY|atk|1\n|-boost|p1a: L\u1ec4 GUY|def|1\n|move|p2b: Farigiraf|Dazzling Gleam|p1a: L\u1ec4 GUY|[spread] p1a,p1b\n|-supereffective|p1a: L\u1ec4 GUY\n|-supereffective|p1b: Powa\n|-damage|p1a: L\u1ec4 GUY|0 fnt\n|-damage|p1b: Powa|37\/100\n|faint|p1a: L\u1ec4 GUY\n|\n|-heal|p2b: Farigiraf|87\/100|[from] item: Leftovers\n|upkeep\n|\n|t:|1700229407\n|switch|p1a: Checkmate|Kingambit, F|100\/100\n|turn|8\n|\n|t:|1700229430\n|-activate|p2a: Chandelure|move: Pursuit\n|move|p1a: Checkmate|Pursuit|p2a: Chandelure|[from]Pursuit\n|-supereffective|p2a: Chandelure\n|-damage|p2a: Chandelure|0 fnt\n|faint|p2a: Chandelure\n|-hint|A Pokemon can't switch between when it runs out of HP and when it faints\n|-terastallize|p2b: Farigiraf|Normal\n|move|p1b: Powa|Close Combat|p2b: Farigiraf\n|-supereffective|p2b: Farigiraf\n|-damage|p2b: Farigiraf|0 fnt\n|-unboost|p1b: Powa|def|1\n|-unboost|p1b: Powa|spd|1\n|faint|p2b: Farigiraf\n|\n|upkeep\n|\n|t:|1700229442\n|switch|p2a: Iron Valiant|Iron Valiant|100\/100\n|switch|p2b: Landorus|Landorus-Therian, M|100\/100\n|-ability|p2b: Landorus|Intimidate|boost\n|-unboost|p1a: Checkmate|atk|1\n|-ability|p1a: Checkmate|Defiant|boost\n|-boost|p1a: Checkmate|atk|2\n|-unboost|p1b: Powa|atk|1\n|turn|9\n|\n|t:|1700229461\n|switch|p1b: Slow down|Eldegoss, M|100\/100\n|-terastallize|p1a: Checkmate|Poison\n|move|p2a: Iron Valiant|Moonblast|p1b: Slow down\n|-damage|p1b: Slow down|63\/100\n|-unboost|p1b: Slow down|spa|1\n|-ability|p1b: Slow down|Cotton Down\n|-unboost|p1a: Checkmate|spe|1\n|-unboost|p2a: Iron Valiant|spe|1\n|-unboost|p2b: Landorus|spe|1\n|-damage|p2a: Iron Valiant|91\/100|[from] item: Life Orb\n|move|p2b: Landorus|Stomping Tantrum|p1a: Checkmate\n|-supereffective|p1a: Checkmate\n|-crit|p1a: Checkmate\n|-damage|p1a: Checkmate|0 fnt\n|faint|p1a: Checkmate\n|\n|upkeep\n|\n|t:|1700229475\n|switch|p1a: Powa|Medicham-Mega, M|37\/100\n|turn|10\n|\n|t:|1700229490\n|move|p1a: Powa|Bullet Punch|p2a: Iron Valiant\n|-supereffective|p2a: Iron Valiant\n|-damage|p2a: Iron Valiant|25\/100\n|move|p2a: Iron Valiant|Moonblast|p1a: Powa\n|-supereffective|p1a: Powa\n|-damage|p1a: Powa|0 fnt\n|faint|p1a: Powa\n|-damage|p2a: Iron Valiant|15\/100|[from] item: Life Orb\n|move|p1b: Slow down|Sleep Powder|p2b: Landorus\n|-status|p2b: Landorus|slp|[from] move: Sleep Powder\n|cant|p2b: Landorus|slp\n|\n|upkeep\n|turn|11\n|\n|t:|1700229501\n|move|p2a: Iron Valiant|Close Combat|p1b: Slow down\n|-damage|p1b: Slow down|0 fnt\n|-unboost|p2a: Iron Valiant|def|1\n|-unboost|p2a: Iron Valiant|spd|1\n|-ability|p1b: Slow down|Cotton Down\n|-unboost|p2a: Iron Valiant|spe|1\n|-unboost|p2b: Landorus|spe|1\n|faint|p1b: Slow down\n|-damage|p2a: Iron Valiant|6\/100|[from] item: Life Orb\n|\n|win|the maraculous\n|raw|Thatfunniguy's rating: 1360 &rarr; <strong>1342<\/strong><br \/>(-18 for losing)\n|raw|the maraculous's rating: 1387 &rarr; <strong>1405<\/strong><br \/>(+18 for winning)\n|c|\u2606Thatfunniguy|Ggs\n","uploadtime":1700229508,"views":5,"p1id":"thatfunniguy","p2id":"themaraculous","formatid":"gen9nationaldexdoubles","rating":1342,"private":0,"password":""}