{"id":"gen9nationaldexdoubles-1956503321","p1":"B tu obyfu","p2":"mozzerz969lyx","format":"[Gen 9] National Dex Doubles","log":"|j|\u2606B tu obyfu\n|j|\u2606mozzerz969lyx\n|t:|1696114594\n|gametype|doubles\n|player|p1|B tu obyfu|lucas|1000\n|player|p2|mozzerz969lyx|pokemaniac|1073\n|teamsize|p1|6\n|teamsize|p2|6\n|gen|9\n|tier|[Gen 9] National Dex Doubles\n|rated|\n|rule|HP Percentage Mod: HP is shown in percentages\n|rule|Endless Battle Clause: Forcing endless battles is banned\n|rule|OHKO Clause: OHKO moves are banned\n|rule|Evasion Moves Clause: Evasion moves are banned\n|rule|Evasion Abilities Clause: Evasion abilities are banned\n|rule|Species Clause: Limit one of each Pok\u00e9mon\n|rule|Gravity Sleep Clause: The combination of sleep-inducing moves with imperfect accuracy and Gravity or Gigantamax Orbeetle are banned\n|clearpoke\n|poke|p1|Indeedee, M|\n|poke|p1|Deoxys-Attack|\n|poke|p1|Typhlosion, M|\n|poke|p1|Kartana|\n|poke|p1|Murkrow, F|\n|poke|p1|Shuckle, M|\n|poke|p2|Scream Tail|\n|poke|p2|Goodra, F|\n|poke|p2|Venusaur, F|\n|poke|p2|Golbat, F|\n|poke|p2|Gastrodon, F|\n|poke|p2|Infernape, M|\n|teampreview\n|\n|t:|1696114612\n|start\n|switch|p1a: Murkrow|Murkrow, F|100\/100\n|switch|p1b: Shuckle|Shuckle, M|100\/100\n|switch|p2a: Golbat|Golbat, F|100\/100\n|switch|p2b: POONDRA|Goodra, F, shiny|100\/100\n|turn|1\n|inactive|Battle timer is ON: inactive players will automatically lose when time's up. (requested by B tu obyfu)\n|inactive|mozzerz969lyx has 120 seconds left.\n|\n|t:|1696114645\n|move|p1a: Murkrow|Perish Song|p1a: Murkrow\n|-start|p1a: Murkrow|perish3|[silent]\n|-start|p1b: Shuckle|perish3|[silent]\n|-start|p2a: Golbat|perish3|[silent]\n|-start|p2b: POONDRA|perish3|[silent]\n|-fieldactivate|move: Perish Song\n|move|p2a: Golbat|U-turn|p1b: Shuckle\n|-damage|p1b: Shuckle|92\/100\n|\n|t:|1696114656\n|switch|p2a: JIGGLY$LUT|Scream Tail, shiny|100\/100|[from] U-turn\n|move|p2b: POONDRA|Thunderbolt|p1b: Shuckle\n|-damage|p1b: Shuckle|74\/100\n|move|p1b: Shuckle|Stealth Rock|p2b: POONDRA\n|-sidestart|p2: mozzerz969lyx|move: Stealth Rock\n|\n|-start|p1a: Murkrow|perish3\n|-start|p2b: POONDRA|perish3\n|-start|p1b: Shuckle|perish3\n|upkeep\n|turn|2\n|\n|t:|1696114679\n|move|p1a: Murkrow|Taunt|p2a: JIGGLY$LUT\n|-start|p2a: JIGGLY$LUT|move: Taunt\n|cant|p2a: JIGGLY$LUT|move: Taunt|Light Screen\n|move|p2b: POONDRA|Flamethrower|p1b: Shuckle\n|-damage|p1b: Shuckle|55\/100\n|move|p1b: Shuckle|Sticky Web|p2b: POONDRA\n|-sidestart|p2: mozzerz969lyx|move: Sticky Web\n|\n|-start|p1a: Murkrow|perish2\n|-start|p2b: POONDRA|perish2\n|-start|p1b: Shuckle|perish2\n|upkeep\n|turn|3\n|\n|t:|1696114705\n|switch|p2b: RAFIKI|Infernape, M, shiny|100\/100\n|-damage|p2b: RAFIKI|88\/100|[from] Stealth Rock\n|-activate|p2b: RAFIKI|move: Sticky Web\n|-unboost|p2b: RAFIKI|spe|1\n|move|p1a: Murkrow|Tailwind|p1a: Murkrow\n|-sidestart|p1: B tu obyfu|move: Tailwind\n|move|p2a: JIGGLY$LUT|Dazzling Gleam|p1b: Shuckle|[spread] p1a,p1b\n|-supereffective|p1a: Murkrow\n|-crit|p1a: Murkrow\n|-damage|p1a: Murkrow|12\/100\n|-damage|p1b: Shuckle|46\/100\n|move|p1b: Shuckle|Toxic|p2b: RAFIKI\n|-status|p2b: RAFIKI|tox\n|\n|-damage|p2b: RAFIKI|82\/100 tox|[from] psn\n|-start|p1a: Murkrow|perish1\n|-start|p1b: Shuckle|perish1\n|upkeep\n|turn|4\n|inactive|mozzerz969lyx has 120 seconds left.\n|\n|t:|1696114737\n|move|p1a: Murkrow|Perish Song|p1a: Murkrow\n|-start|p2a: JIGGLY$LUT|perish3|[silent]\n|-start|p2b: RAFIKI|perish3|[silent]\n|-fieldactivate|move: Perish Song\n|move|p2a: JIGGLY$LUT|Dazzling Gleam|p1a: Murkrow|[spread] p1a,p1b\n|-supereffective|p1a: Murkrow\n|-damage|p1a: Murkrow|0 fnt\n|-damage|p1b: Shuckle|37\/100\n|faint|p1a: Murkrow\n|move|p2b: RAFIKI|Knock Off|p1b: Shuckle\n|-damage|p1b: Shuckle|19\/100\n|-enditem|p1b: Shuckle|Mental Herb|[from] move: Knock Off|[of] p2b: RAFIKI\n|move|p1b: Shuckle|Power Split|p2a: JIGGLY$LUT\n|-activate|p1b: Shuckle|move: Power Split|[of] p2a: JIGGLY$LUT\n|\n|-damage|p2b: RAFIKI|70\/100 tox|[from] psn\n|-end|p2a: JIGGLY$LUT|move: Taunt\n|-start|p2a: JIGGLY$LUT|perish3\n|-start|p2b: RAFIKI|perish3\n|-start|p1b: Shuckle|perish0\n|faint|p1b: Shuckle\n|upkeep\n|inactive|B tu obyfu has 120 seconds left.\n|\n|t:|1696114776\n|switch|p1a: Indeedee|Indeedee, M|100\/100\n|switch|p1b: Deoxys|Deoxys-Attack|100\/100\n|-ability|p1b: Deoxys|Pressure\n|-fieldstart|move: Psychic Terrain|[from] ability: Psychic Surge|[of] p1a: Indeedee\n|turn|5\n|\n|t:|1696114794\n|-terastallize|p1a: Indeedee|Psychic\n|move|p1b: Deoxys|Shadow Ball|p2a: JIGGLY$LUT\n|-supereffective|p2a: JIGGLY$LUT\n|-damage|p2a: JIGGLY$LUT|48\/100\n|-unboost|p2a: JIGGLY$LUT|spd|1\n|move|p1a: Indeedee|Expanding Force|p2a: JIGGLY$LUT|[spread] p2a,p2b\n|-resisted|p2a: JIGGLY$LUT\n|-supereffective|p2b: RAFIKI\n|-damage|p2a: JIGGLY$LUT|8\/100\n|-damage|p2b: RAFIKI|0 fnt\n|faint|p2b: RAFIKI\n|move|p2a: JIGGLY$LUT|Light Screen|p2a: JIGGLY$LUT\n|-sidestart|p2: mozzerz969lyx|move: Light Screen\n|\n|-start|p2a: JIGGLY$LUT|perish2\n|upkeep\n|inactive|mozzerz969lyx has 120 seconds left.\n|\n|t:|1696114816\n|switch|p2b: EEMMAA!!|Venusaur, F, shiny|100\/100\n|-damage|p2b: EEMMAA!!|88\/100|[from] Stealth Rock\n|-activate|p2b: EEMMAA!!|move: Sticky Web\n|-unboost|p2b: EEMMAA!!|spe|1\n|turn|6\n|\n|t:|1696114832\n|move|p1b: Deoxys|Psyshock|p2b: EEMMAA!!\n|-supereffective|p2b: EEMMAA!!\n|-damage|p2b: EEMMAA!!|0 fnt\n|faint|p2b: EEMMAA!!\n|move|p1a: Indeedee|Expanding Force|p2a: JIGGLY$LUT\n|-resisted|p2a: JIGGLY$LUT\n|-damage|p2a: JIGGLY$LUT|0 fnt\n|faint|p2a: JIGGLY$LUT\n|-end|p2a: JIGGLY$LUT|Protosynthesis|[silent]\n|\n|-sideend|p1: B tu obyfu|move: Tailwind\n|upkeep\n|-message|mozzerz969lyx forfeited.\n|\n|win|B tu obyfu\n|raw|B tu obyfu's rating: 1000 &rarr; <strong>1048<\/strong><br \/>(+48 for winning)\n|raw|mozzerz969lyx's rating: 1073 &rarr; <strong>1048<\/strong><br \/>(-25 for losing)\n|l|\u2606mozzerz969lyx\n","uploadtime":1696114845,"views":4,"p1id":"btuobyfu","p2id":"mozzerz969lyx","formatid":"gen9nationaldexdoubles","rating":1048,"private":0,"password":""}