{"id":"gen9nationaldexdoubles-1957333530","p1":"chompskyhonk76","p2":"Zinner02","format":"[Gen 9] National Dex Doubles","log":"|j|\u2606chompskyhonk76\n|j|\u2606Zinner02\n|t:|1696209594\n|gametype|doubles\n|player|p1|chompskyhonk76|265|\n|player|p2|Zinner02|hilda-wonderlauncher|\n|teamsize|p1|6\n|teamsize|p2|6\n|gen|9\n|tier|[Gen 9] National Dex Doubles\n|rule|HP Percentage Mod: HP is shown in percentages\n|rule|Endless Battle Clause: Forcing endless battles is banned\n|rule|OHKO Clause: OHKO moves are banned\n|rule|Evasion Moves Clause: Evasion moves are banned\n|rule|Evasion Abilities Clause: Evasion abilities are banned\n|rule|Species Clause: Limit one of each Pok\u00e9mon\n|rule|Gravity Sleep Clause: The combination of sleep-inducing moves with imperfect accuracy and Gravity or Gigantamax Orbeetle are banned\n|clearpoke\n|poke|p1|Cresselia, F|\n|poke|p1|Ninetales-Alola, F|\n|poke|p1|Ursaluna-Bloodmoon, M|\n|poke|p1|Baxcalibur, F|\n|poke|p1|Urshifu-*, F|\n|poke|p1|Rillaboom, F|\n|poke|p2|Staraptor, M|\n|poke|p2|Crabominable, M|\n|poke|p2|Oranguru, M|\n|poke|p2|Bruxish, L1, M|\n|poke|p2|Farigiraf, M|\n|poke|p2|Camerupt, F|\n|teampreview\n|c|\u2606chompskyhonk76|glhf\n|c|\u2606Zinner02|U2\n|\n|t:|1696209615\n|start\n|switch|p1a: Ninetales|Ninetales-Alola, F|100\/100\n|switch|p1b: Ursaluna|Ursaluna-Bloodmoon, M|100\/100\n|switch|p2a: Staraptor|Staraptor, M|100\/100\n|switch|p2b: Bruxish|Bruxish, L1, M|100\/100\n|-ability|p2a: Staraptor|Intimidate|boost\n|-unboost|p1a: Ninetales|atk|1\n|-unboost|p1b: Ursaluna|atk|1\n|-weather|Snow|[from] ability: Snow Warning|[of] p1a: Ninetales\n|turn|1\n|inactive|Battle timer is ON: inactive players will automatically lose when time's up. (requested by chompskyhonk76)\n|\n|t:|1696209642\n|move|p2a: Staraptor|Final Gambit|p1b: Ursaluna\n|-damage|p1b: Ursaluna|14\/100\n|faint|p2a: Staraptor\n|move|p1a: Ninetales|Aurora Veil|p1a: Ninetales\n|-sidestart|p1: chompskyhonk76|move: Aurora Veil\n|move|p1b: Ursaluna|Calm Mind|p1b: Ursaluna\n|-boost|p1b: Ursaluna|spa|1\n|-boost|p1b: Ursaluna|spd|1\n|move|p2b: Bruxish|Trick Room|p2b: Bruxish\n|-fieldstart|move: Trick Room|[of] p2b: Bruxish\n|\n|-weather|Snow|[upkeep]\n|-heal|p1b: Ursaluna|20\/100|[from] item: Leftovers\n|upkeep\n|\n|t:|1696209652\n|switch|p2a: Crabominable|Crabominable, M|100\/100\n|turn|2\n|\n|t:|1696209667\n|move|p2b: Bruxish|Frost Breath|p2a: Crabominable|[miss]\n|-miss|p2b: Bruxish|p2a: Crabominable\n|move|p2a: Crabominable|Rock Slide|p1b: Ursaluna|[spread] p1a,p1b\n|-supereffective|p1a: Ninetales\n|-resisted|p1b: Ursaluna\n|-damage|p1a: Ninetales|70\/100\n|-damage|p1b: Ursaluna|15\/100\n|move|p1b: Ursaluna|Hyper Voice|p2b: Bruxish|[spread] p2a,p2b\n|-damage|p2a: Crabominable|29\/100\n|-enditem|p2b: Bruxish|Focus Sash\n|-damage|p2b: Bruxish|8\/100\n|move|p1a: Ninetales|Moonblast|p2a: Crabominable\n|-supereffective|p2a: Crabominable\n|-damage|p2a: Crabominable|0 fnt\n|faint|p2a: Crabominable\n|\n|-weather|Snow|[upkeep]\n|-heal|p1b: Ursaluna|21\/100|[from] item: Leftovers\n|upkeep\n|\n|t:|1696209682\n|switch|p2a: Camerupt|Camerupt, F|100\/100\n|turn|3\n|\n|t:|1696209695\n|switch|p1a: Cresselia|Cresselia, F|100\/100\n|move|p2b: Bruxish|Frost Breath|p2a: Camerupt\n|-crit|p2a: Camerupt\n|-damage|p2a: Camerupt|99\/100\n|-setboost|p2a: Camerupt|atk|6|[from] ability: Anger Point\n|move|p2a: Camerupt|Earthquake|p1b: Ursaluna|[spread] p2b,p1b\n|-immune|p1a: Cresselia|[from] ability: Levitate\n|-damage|p2b: Bruxish|0 fnt\n|-damage|p1b: Ursaluna|0 fnt\n|faint|p2b: Bruxish\n|faint|p1b: Ursaluna\n|\n|-weather|Snow|[upkeep]\n|upkeep\n|\n|t:|1696209709\n|switch|p2b: Oranguru|Oranguru, M|100\/100\n|switch|p1b: Rillaboom|Rillaboom, F|100\/100\n|-fieldstart|move: Grassy Terrain|[from] ability: Grassy Surge|[of] p1b: Rillaboom\n|turn|4\n|\n|t:|1696209723\n|detailschange|p2a: Camerupt|Camerupt-Mega, F\n|-mega|p2a: Camerupt|Camerupt|Cameruptite\n|move|p1b: Rillaboom|Fake Out|p2a: Camerupt\n|-damage|p2a: Camerupt|87\/100\n|cant|p2a: Camerupt|flinch\n|move|p2b: Oranguru|Psychic Terrain|p2b: Oranguru\n|-fieldstart|move: Psychic Terrain\n|move|p1a: Cresselia|Psychic|p2a: Camerupt\n|-damage|p2a: Camerupt|62\/100\n|\n|-weather|Snow|[upkeep]\n|upkeep\n|turn|5\n|inactive|chompskyhonk76 has 270 seconds left.\n|\n|t:|1696209762\n|move|p1a: Cresselia|Ally Switch|p1a: Cresselia\n|swap|p1a: Cresselia|1|[from] move: Ally Switch\n|move|p2a: Camerupt|Rock Slide|p1a: Rillaboom|[spread] p1a,p1b\n|-damage|p1a: Rillaboom|21\/100\n|-damage|p1b: Cresselia|48\/100\n|move|p2b: Oranguru|Instruct|p2a: Camerupt\n|-singleturn|p2a: Camerupt|move: Instruct|[of] p2b: Oranguru\n|move|p2a: Camerupt|Rock Slide|p1a: Rillaboom|[spread] p1a,p1b\n|-damage|p1a: Rillaboom|0 fnt\n|-damage|p1b: Cresselia|0 fnt\n|faint|p1a: Rillaboom\n|faint|p1b: Cresselia\n|\n|-weather|none\n|-sideend|p1: chompskyhonk76|move: Aurora Veil\n|-fieldend|move: Trick Room\n|upkeep\n|\n|t:|1696209779\n|switch|p1a: Urshifu|Urshifu-Rapid-Strike, F|100\/100\n|switch|p1b: Ninetales|Ninetales-Alola, F|70\/100\n|-weather|Snow|[from] ability: Snow Warning|[of] p1b: Ninetales\n|turn|6\n|inactive|chompskyhonk76 has 270 seconds left.\n|\n|t:|1696209793\n|move|p1b: Ninetales|Aurora Veil|p1b: Ninetales\n|-sidestart|p1: chompskyhonk76|move: Aurora Veil\n|move|p1a: Urshifu|Surging Strikes|p2a: Camerupt\n|-supereffective|p2a: Camerupt\n|-crit|p2a: Camerupt\n|-damage|p2a: Camerupt|0 fnt\n|faint|p2a: Camerupt\n|-hitcount|p2: Camerupt|1\n|move|p2b: Oranguru|Trick Room|p2b: Oranguru\n|-fieldstart|move: Trick Room|[of] p2b: Oranguru\n|\n|-weather|Snow|[upkeep]\n|upkeep\n|\n|t:|1696209797\n|switch|p2a: Farigiraf|Farigiraf, M|100\/100\n|turn|7\n|\n|t:|1696209809\n|move|p1a: Urshifu|Aqua Jet||[still]\n|cant|p2a: Farigiraf|ability: Armor Tail|Aqua Jet|[of] p1a: Urshifu\n|move|p2a: Farigiraf|Psychic Fangs|p1a: Urshifu\n|-sideend|p1: chompskyhonk76|move: Aurora Veil\n|-supereffective|p1a: Urshifu\n|-damage|p1a: Urshifu|35\/100\n|move|p2b: Oranguru|Expanding Force|p1b: Ninetales|[spread] p1a,p1b\n|-supereffective|p1a: Urshifu\n|-damage|p1a: Urshifu|0 fnt\n|-damage|p1b: Ninetales|30\/100\n|faint|p1a: Urshifu\n|move|p1b: Ninetales|Blizzard|p2a: Farigiraf|[spread] p2a,p2b\n|-crit|p2b: Oranguru\n|-damage|p2a: Farigiraf|71\/100\n|-damage|p2b: Oranguru|64\/100\n|\n|-weather|Snow|[upkeep]\n|-heal|p2a: Farigiraf|77\/100|[from] item: Leftovers\n|-heal|p2b: Oranguru|70\/100|[from] item: Leftovers\n|upkeep\n|\n|t:|1696209823\n|switch|p1a: Baxcalibur|Baxcalibur, F|100\/100\n|turn|8\n|\n|t:|1696209836\n|move|p2a: Farigiraf|Dazzling Gleam|p1b: Ninetales|[spread] p1a,p1b\n|-supereffective|p1a: Baxcalibur\n|-damage|p1a: Baxcalibur|57\/100\n|-damage|p1b: Ninetales|5\/100\n|move|p2b: Oranguru|Expanding Force|p1b: Ninetales|[spread] p1a,p1b\n|-damage|p1a: Baxcalibur|21\/100\n|-damage|p1b: Ninetales|0 fnt\n|faint|p1b: Ninetales\n|move|p1a: Baxcalibur|Icicle Spear|p2a: Farigiraf\n|-damage|p2a: Farigiraf|61\/100\n|-damage|p2a: Farigiraf|46\/100\n|-damage|p2a: Farigiraf|31\/100\n|-damage|p2a: Farigiraf|16\/100\n|-damage|p2a: Farigiraf|1\/100\n|-hitcount|p2a: Farigiraf|5\n|\n|-weather|Snow|[upkeep]\n|-heal|p2a: Farigiraf|7\/100|[from] item: Leftovers\n|-heal|p2b: Oranguru|76\/100|[from] item: Leftovers\n|-fieldend|move: Psychic Terrain\n|upkeep\n|turn|9\n|\n|t:|1696209853\n|move|p1a: Baxcalibur|Ice Shard||[still]\n|cant|p2a: Farigiraf|ability: Armor Tail|Ice Shard|[of] p1a: Baxcalibur\n|move|p2a: Farigiraf|Hyper Voice|p1a: Baxcalibur\n|-damage|p1a: Baxcalibur|0 fnt\n|faint|p1a: Baxcalibur\n|\n|win|Zinner02\n|c|\u2606chompskyhonk76|damn you got some good abilities\n|c|\u2606chompskyhonk76|gg\n|c|\u2606Zinner02|GG bro\n","uploadtime":1696209880,"views":4,"p1id":"chompskyhonk76","p2id":"zinner02","formatid":"gen9nationaldexdoubles","rating":0,"private":0,"password":""}