{"id":"gen9nationaldexdoubles-1982923405","p1":"LilyLopears","p2":"13KStephen","format":"[Gen 9] National Dex Doubles","log":"|j|\u2606LilyLopears\n|j|\u260613KStephen\n|t:|1699059127\n|gametype|doubles\n|player|p1|LilyLopears|acetrainersnowf|1100\n|player|p2|13KStephen|lucas|1039\n|teamsize|p1|6\n|teamsize|p2|6\n|gen|9\n|tier|[Gen 9] National Dex Doubles\n|rated|\n|rule|HP Percentage Mod: HP is shown in percentages\n|rule|Endless Battle Clause: Forcing endless battles is banned\n|rule|OHKO Clause: OHKO moves are banned\n|rule|Evasion Moves Clause: Evasion moves are banned\n|rule|Evasion Abilities Clause: Evasion abilities are banned\n|rule|Species Clause: Limit one of each Pok\u00e9mon\n|rule|Gravity Sleep Clause: The combination of sleep-inducing moves with imperfect accuracy and Gravity or Gigantamax Orbeetle are banned\n|clearpoke\n|poke|p1|Ninetales-Alola, M|\n|poke|p1|Sandslash-Alola, F|\n|poke|p1|Ursaluna-Bloodmoon, M|\n|poke|p1|Volcarona, F|\n|poke|p1|Kommo-o, F|\n|poke|p1|Latios, M|\n|poke|p2|Absol, F|\n|poke|p2|Froslass, F|\n|poke|p2|Conkeldurr, F|\n|poke|p2|Torkoal, M|\n|poke|p2|Leafeon, M|\n|poke|p2|Gastrodon, M|\n|teampreview\n|\n|t:|1699059149\n|start\n|switch|p1a: Ninetales|Ninetales-Alola, M|100\/100\n|switch|p1b: Ursaluna|Ursaluna-Bloodmoon, M|100\/100\n|switch|p2a: The Violence|Conkeldurr, F|100\/100\n|switch|p2b: Echo|Froslass, F|100\/100\n|-weather|Snow|[from] ability: Snow Warning|[of] p1a: Ninetales\n|turn|1\n|\n|t:|1699059180\n|move|p2b: Echo|Ice Beam|p1b: Ursaluna\n|-supereffective|p1b: Ursaluna\n|-damage|p1b: Ursaluna|0 fnt\n|faint|p1b: Ursaluna\n|move|p1a: Ninetales|Moonblast|p2a: The Violence\n|-supereffective|p2a: The Violence\n|-damage|p2a: The Violence|0 fnt\n|faint|p2a: The Violence\n|\n|-weather|Snow|[upkeep]\n|upkeep\n|\n|t:|1699059216\n|switch|p1b: Sandslash|Sandslash-Alola, F|100\/100\n|switch|p2a: Mr. Brightside|Torkoal, M|100\/100\n|-weather|SunnyDay|[from] ability: Drought|[of] p2a: Mr. Brightside\n|turn|2\n|\n|t:|1699059251\n|switch|p2b: Nessie|Gastrodon, M|100\/100\n|switch|p1a: Volcarona|Volcarona, F|100\/100\n|switch|p1b: Latios|Latios, M|100\/100\n|move|p2a: Mr. Brightside|Flamethrower|p1b: Latios\n|-resisted|p1b: Latios\n|-damage|p1b: Latios|72\/100\n|\n|-weather|SunnyDay|[upkeep]\n|upkeep\n|turn|3\n|\n|t:|1699059280\n|detailschange|p1b: Latios|Latios-Mega, M\n|-mega|p1b: Latios|Latios|Latiosite\n|move|p1b: Latios|Draco Meteor|p2a: Mr. Brightside|[miss]\n|-miss|p1b: Latios|p2a: Mr. Brightside\n|move|p1a: Volcarona|Hurricane|p2a: Mr. Brightside|[miss]\n|-miss|p1a: Volcarona|p2a: Mr. Brightside\n|move|p2b: Nessie|Earth Power|p1a: Volcarona\n|-damage|p1a: Volcarona|73\/100\n|move|p2a: Mr. Brightside|Clear Smog|p1a: Volcarona\n|-damage|p1a: Volcarona|58\/100\n|-clearboost|p1a: Volcarona\n|\n|-weather|SunnyDay|[upkeep]\n|upkeep\n|turn|4\n|c|\u2606LilyLopears|....both of those missed?\n|\n|t:|1699059309\n|move|p1b: Latios|Protect|p1b: Latios\n|-singleturn|p1b: Latios|Protect\n|move|p1a: Volcarona|Quiver Dance|p1a: Volcarona\n|-boost|p1a: Volcarona|spa|1\n|-boost|p1a: Volcarona|spd|1\n|-boost|p1a: Volcarona|spe|1\n|move|p2b: Nessie|Scald|p1a: Volcarona\n|-supereffective|p1a: Volcarona\n|-damage|p1a: Volcarona|44\/100\n|move|p2a: Mr. Brightside|Flamethrower|p1a: Volcarona\n|-damage|p1a: Volcarona|0 fnt\n|faint|p1a: Volcarona\n|\n|-weather|SunnyDay|[upkeep]\n|upkeep\n|j| Colorful toots\n|\n|t:|1699059338\n|switch|p1a: Ninetales|Ninetales-Alola, M|100\/100\n|-weather|Snow|[from] ability: Snow Warning|[of] p1a: Ninetales\n|turn|5\n|l| Colorful toots\n|\n|t:|1699059361\n|switch|p2a: Echo|Froslass, F|100\/100\n|move|p1b: Latios|Draco Meteor|p2a: Echo\n|-damage|p2a: Echo|0 fnt\n|-unboost|p1b: Latios|spa|2\n|faint|p2a: Echo\n|move|p1a: Ninetales|Aurora Veil|p1a: Ninetales\n|-sidestart|p1: LilyLopears|move: Aurora Veil\n|move|p2b: Nessie|Scald|p1a: Ninetales\n|-damage|p1a: Ninetales|82\/100\n|-status|p1a: Ninetales|brn\n|\n|-weather|Snow|[upkeep]\n|-damage|p1a: Ninetales|76\/100 brn|[from] brn\n|upkeep\n|\n|t:|1699059379\n|switch|p2a: Mr. Brightside|Torkoal, M|100\/100\n|-weather|SunnyDay|[from] ability: Drought|[of] p2a: Mr. Brightside\n|turn|6\n|\n|t:|1699059402\n|switch|p1a: Kommo-o|Kommo-o, F|100\/100\n|move|p1b: Latios|Protect|p1b: Latios\n|-singleturn|p1b: Latios|Protect\n|move|p2b: Nessie|Earth Power|p1b: Latios\n|-activate|p1b: Latios|move: Protect\n|move|p2a: Mr. Brightside|Flamethrower|p1a: Kommo-o\n|-resisted|p1a: Kommo-o\n|-damage|p1a: Kommo-o|80\/100\n|\n|-weather|SunnyDay|[upkeep]\n|upkeep\n|turn|7\n|\n|t:|1699059431\n|move|p2b: Nessie|Protect|p2b: Nessie\n|-singleturn|p2b: Nessie|Protect\n|move|p1b: Latios|Simple Beam|p1a: Kommo-o\n|-endability|p1a: Kommo-o|Bulletproof|[from] move: Simple Beam\n|-ability|p1a: Kommo-o|Simple|[from] move: Simple Beam\n|-zpower|p1a: Kommo-o\n|move|p1a: Kommo-o|Clangorous Soulblaze|p2b: Nessie|[zeffect]|[spread] p2a,p2b\n|-zbroken|p2b: Nessie\n|-damage|p2a: Mr. Brightside|18\/100\n|-damage|p2b: Nessie|85\/100\n|-enditem|p2a: Mr. Brightside|Sitrus Berry|[eat]\n|-heal|p2a: Mr. Brightside|43\/100|[from] item: Sitrus Berry\n|-boost|p1a: Kommo-o|atk|2\n|-boost|p1a: Kommo-o|def|2\n|-boost|p1a: Kommo-o|spa|2\n|-boost|p1a: Kommo-o|spd|2\n|-boost|p1a: Kommo-o|spe|2\n|move|p2a: Mr. Brightside|Stealth Rock|p1b: Latios\n|-sidestart|p1: LilyLopears|move: Stealth Rock\n|\n|-weather|SunnyDay|[upkeep]\n|-heal|p2b: Nessie|91\/100|[from] item: Leftovers\n|upkeep\n|turn|8\n|\n|t:|1699059463\n|move|p1b: Latios|Protect|p1b: Latios\n|-singleturn|p1b: Latios|Protect\n|move|p1a: Kommo-o|Draco Meteor|p2b: Nessie\n|-damage|p2b: Nessie|0 fnt\n|-unboost|p1a: Kommo-o|spa|4\n|faint|p2b: Nessie\n|move|p2a: Mr. Brightside|Clear Smog|p1a: Kommo-o\n|-damage|p1a: Kommo-o|74\/100\n|-clearboost|p1a: Kommo-o\n|\n|-weather|SunnyDay|[upkeep]\n|upkeep\n|\n|t:|1699059477\n|switch|p2b: Dorian|Leafeon, M|100\/100\n|turn|9\n|\n|t:|1699059491\n|move|p2b: Dorian|Leaf Blade|p1a: Kommo-o\n|-resisted|p1a: Kommo-o\n|-damage|p1a: Kommo-o|55\/100\n|move|p1b: Latios|Psychic|p2a: Mr. Brightside\n|-damage|p2a: Mr. Brightside|6\/100\n|move|p1a: Kommo-o|Flamethrower|p2b: Dorian\n|-supereffective|p2b: Dorian\n|-damage|p2b: Dorian|0 fnt\n|faint|p2b: Dorian\n|move|p2a: Mr. Brightside|Flamethrower|p1a: Kommo-o\n|-resisted|p1a: Kommo-o\n|-damage|p1a: Kommo-o|33\/100\n|\n|-weather|SunnyDay|[upkeep]\n|-sideend|p1: LilyLopears|move: Aurora Veil\n|upkeep\n|\n|t:|1699059507\n|switch|p2b: Chloe|Absol, F|100\/100\n|turn|10\n|\n|t:|1699059522\n|move|p1b: Latios|Protect|p1b: Latios\n|-singleturn|p1b: Latios|Protect\n|move|p2b: Chloe|Sucker Punch||[still]\n|-fail|p2b: Chloe\n|move|p1a: Kommo-o|Aura Sphere|p2b: Chloe\n|-supereffective|p2b: Chloe\n|-damage|p2b: Chloe|0 fnt\n|faint|p2b: Chloe\n|move|p2a: Mr. Brightside|Flamethrower|p1a: Kommo-o\n|-resisted|p1a: Kommo-o\n|-damage|p1a: Kommo-o|2\/100\n|\n|-weather|none\n|upkeep\n|turn|11\n|-message|13KStephen forfeited.\n|\n|win|LilyLopears\n|raw|LilyLopears's rating: 1100 &rarr; <strong>1121<\/strong><br \/>(+21 for winning)\n|raw|13KStephen's rating: 1039 &rarr; <strong>1026<\/strong><br \/>(-13 for losing)\n|l|\u260613KStephen\n","uploadtime":1699059549,"views":8,"p1id":"lilylopears","p2id":"13kstephen","formatid":"gen9nationaldexdoubles","rating":1026,"private":0,"password":""}