{"id":"gen9nationaldexdoubles-1950160856","p1":"Backs To The Wind","p2":"garyjgames","format":"[Gen 9] National Dex Doubles","log":"|j|\u2606Backs To The Wind\n|j|\u2606garyjgames\n|t:|1695432659\n|gametype|doubles\n|player|p1|Backs To The Wind|lady|1000\n|player|p2|garyjgames|rancher|1000\n|teamsize|p1|6\n|teamsize|p2|6\n|gen|9\n|tier|[Gen 9] National Dex Doubles\n|rated|\n|rule|HP Percentage Mod: HP is shown in percentages\n|rule|Endless Battle Clause: Forcing endless battles is banned\n|rule|OHKO Clause: OHKO moves are banned\n|rule|Evasion Moves Clause: Evasion moves are banned\n|rule|Evasion Abilities Clause: Evasion abilities are banned\n|rule|Species Clause: Limit one of each Pok\u00e9mon\n|rule|Gravity Sleep Clause: The combination of sleep-inducing moves with imperfect accuracy and Gravity or Gigantamax Orbeetle are banned\n|clearpoke\n|poke|p1|Araquanid, M|\n|poke|p1|Simisage, M|\n|poke|p1|Rhydon, F|\n|poke|p1|Slowbro, M|\n|poke|p1|Goodra-Hisui, M|\n|poke|p1|Mimikyu-Totem, M|\n|poke|p2|Incineroar, M|\n|poke|p2|Okidogi, M|\n|poke|p2|Cresselia, F|\n|poke|p2|Ursaluna-Bloodmoon, M|\n|poke|p2|Torkoal, F|\n|poke|p2|Spiritomb, F|\n|teampreview\n|inactive|Battle timer is ON: inactive players will automatically lose when time's up. (requested by Backs To The Wind)\n|c|\u2606Backs To The Wind|Pick\n|c|\u2606garyjgames|okay\n|\n|t:|1695432697\n|start\n|switch|p1a: Slowbro|Slowbro, M|100\/100\n|switch|p1b: Goodra|Goodra-Hisui, M|100\/100\n|switch|p2a: Incineroar|Incineroar, M|100\/100\n|switch|p2b: Spiritomb|Spiritomb, F|100\/100\n|-ability|p2a: Incineroar|Intimidate|boost\n|-fail|p1a: Slowbro|unboost|Attack|[from] ability: Oblivious|[of] p1a: Slowbro\n|-unboost|p1b: Goodra|atk|1\n|turn|1\n|\n|t:|1695432716\n|switch|p1a: Mimikyu|Mimikyu-Totem, M|100\/100\n|move|p2a: Incineroar|Fake Out|p1a: Mimikyu\n|-immune|p1a: Mimikyu\n|move|p1b: Goodra|Substitute|p1b: Goodra\n|-start|p1b: Goodra|Substitute\n|-damage|p1b: Goodra|75\/100\n|move|p2b: Spiritomb|Trick Room|p2b: Spiritomb\n|-fieldstart|move: Trick Room|[of] p2b: Spiritomb\n|\n|upkeep\n|turn|2\n|\n|t:|1695432743\n|move|p2a: Incineroar|Parting Shot|p1a: Mimikyu\n|-unboost|p1a: Mimikyu|atk|1\n|-unboost|p1a: Mimikyu|spa|1\n|\n|t:|1695432746\n|switch|p2a: Torkoal|Torkoal, F|100\/100|[from] Parting Shot\n|-weather|SunnyDay|[from] ability: Drought|[of] p2a: Torkoal\n|move|p2b: Spiritomb|Night Shade|p1b: Goodra\n|-damage|p1b: Goodra|48\/100\n|-enditem|p1b: Goodra|Maranga Berry|[eat]\n|-boost|p1b: Goodra|spd|1|[from] item: Maranga Berry\n|move|p1b: Goodra|Attract|p2b: Spiritomb\n|-start|p2b: Spiritomb|Attract\n|move|p1a: Mimikyu|Dazzling Gleam|p2b: Spiritomb|[spread] p2a,p2b\n|-resisted|p2a: Torkoal\n|-supereffective|p2b: Spiritomb\n|-damage|p2a: Torkoal|89\/100\n|-damage|p2b: Spiritomb|61\/100\n|\n|-weather|SunnyDay|[upkeep]\n|upkeep\n|turn|3\n|inactive|garyjgames has 120 seconds left.\n|\n|t:|1695432777\n|switch|p2a: Incineroar|Incineroar, M|100\/100\n|-ability|p2a: Incineroar|Intimidate|boost\n|-unboost|p1a: Mimikyu|atk|1\n|-immune|p1b: Goodra\n|-activate|p2b: Spiritomb|move: Attract|[of] p1b: Goodra\n|move|p2b: Spiritomb|Night Shade|p1b: Goodra\n|-damage|p1b: Goodra|21\/100\n|move|p1b: Goodra|Attract|p2a: Incineroar\n|-immune|p2a: Incineroar\n|move|p1a: Mimikyu|Dazzling Gleam|p2b: Spiritomb|[spread] p2a,p2b\n|-supereffective|p2b: Spiritomb\n|-damage|p2a: Incineroar|84\/100\n|-damage|p2b: Spiritomb|27\/100\n|-enditem|p2b: Spiritomb|Sitrus Berry|[eat]\n|-heal|p2b: Spiritomb|52\/100|[from] item: Sitrus Berry\n|\n|-weather|SunnyDay|[upkeep]\n|upkeep\n|turn|4\n|inactive|garyjgames has 120 seconds left.\n|\n|t:|1695432804\n|switch|p1a: Araquanid|Araquanid, M|100\/100\n|move|p2a: Incineroar|Darkest Lariat|p1a: Araquanid\n|-damage|p1a: Araquanid|52\/100\n|-activate|p2b: Spiritomb|move: Attract|[of] p1b: Goodra\n|cant|p2b: Spiritomb|Attract\n|move|p1b: Goodra|Life Dew|p1b: Goodra|[spread] p1a,p1b\n|-heal|p1a: Araquanid|77\/100\n|-heal|p1b: Goodra|46\/100\n|\n|-weather|SunnyDay|[upkeep]\n|upkeep\n|turn|5\n|inactive|garyjgames has 120 seconds left.\n|\n|t:|1695432835\n|move|p1a: Araquanid|Liquidation|p2a: Incineroar\n|-supereffective|p2a: Incineroar\n|-damage|p2a: Incineroar|44\/100\n|-unboost|p2a: Incineroar|def|1\n|move|p2a: Incineroar|Acrobatics|p1a: Araquanid\n|-supereffective|p1a: Araquanid\n|-damage|p1a: Araquanid|34\/100\n|-activate|p2b: Spiritomb|move: Attract|[of] p1b: Goodra\n|cant|p2b: Spiritomb|Attract\n|move|p1b: Goodra|Life Dew|p1b: Goodra|[spread] p1a,p1b\n|-heal|p1a: Araquanid|59\/100\n|-heal|p1b: Goodra|71\/100\n|\n|-weather|SunnyDay|[upkeep]\n|-fieldend|move: Trick Room\n|upkeep\n|turn|6\n|inactive|garyjgames has 120 seconds left.\n|\n|t:|1695432861\n|switch|p2a: Cresselia|Cresselia, F|100\/100\n|move|p1b: Goodra|Life Dew|p1b: Goodra|[spread] p1a,p1b\n|-heal|p1a: Araquanid|84\/100\n|-heal|p1b: Goodra|96\/100\n|-activate|p2b: Spiritomb|move: Attract|[of] p1b: Goodra\n|cant|p2b: Spiritomb|Attract\n|move|p1a: Araquanid|Leech Life|p2a: Cresselia\n|-supereffective|p2a: Cresselia\n|-crit|p2a: Cresselia\n|-damage|p2a: Cresselia|61\/100\n|-heal|p1a: Araquanid|100\/100|[from] drain|[of] p2a: Cresselia\n|\n|-weather|none\n|-heal|p2a: Cresselia|67\/100|[from] item: Leftovers\n|upkeep\n|turn|7\n|\n|t:|1695432879\n|switch|p2b: Incineroar|Incineroar, M|44\/100\n|-ability|p2b: Incineroar|Intimidate|boost\n|-unboost|p1a: Araquanid|atk|1\n|-immune|p1b: Goodra\n|move|p2a: Cresselia|Lunar Blessing|p2a: Cresselia|[spread] p2a,p2b\n|-heal|p2a: Cresselia|92\/100\n|-heal|p2b: Incineroar|69\/100\n|move|p1b: Goodra|Toxic|p2a: Cresselia\n|-status|p2a: Cresselia|tox\n|move|p1a: Araquanid|Leech Life|p2a: Cresselia\n|-supereffective|p2a: Cresselia\n|-damage|p2a: Cresselia|75\/100 tox\n|\n|-heal|p2a: Cresselia|81\/100 tox|[from] item: Leftovers\n|-damage|p2a: Cresselia|75\/100 tox|[from] psn\n|upkeep\n|turn|8\n|\n|t:|1695432898\n|move|p2b: Incineroar|Fake Out|p1a: Araquanid\n|-enditem|p2b: Incineroar|Normal Gem|[from] gem\n|-damage|p1a: Araquanid|79\/100\n|move|p2a: Cresselia|Lunar Blessing|p2a: Cresselia|[spread] p2a,p2b\n|-heal|p2a: Cresselia|99\/100 tox\n|-curestatus|p2a: Cresselia|tox|[msg]\n|-heal|p2b: Incineroar|94\/100\n|move|p1b: Goodra|Toxic|p2b: Incineroar\n|-status|p2b: Incineroar|tox\n|cant|p1a: Araquanid|flinch\n|\n|-heal|p2a: Cresselia|100\/100|[from] item: Leftovers\n|-damage|p2b: Incineroar|88\/100 tox|[from] psn\n|upkeep\n|turn|9\n|c|\u2606Backs To The Wind|How are you even supposed to deal with creselia now\n|inactive|Backs To The Wind has 120 seconds left.\n|\n|t:|1695432933\n|move|p2a: Cresselia|Ally Switch|p2a: Cresselia\n|swap|p2a: Cresselia|1|[from] move: Ally Switch\n|move|p1b: Goodra|Attract|p2a: Incineroar\n|-immune|p2a: Incineroar\n|move|p2a: Incineroar|Acrobatics|p1a: Araquanid\n|-supereffective|p1a: Araquanid\n|-damage|p1a: Araquanid|0 fnt\n|faint|p1a: Araquanid\n|\n|-damage|p2a: Incineroar|76\/100 tox|[from] psn\n|upkeep\n|\n|t:|1695432949\n|switch|p1a: Rhydon|Rhydon, F|100\/100\n|turn|10\n|inactive|garyjgames has 120 seconds left.\n|\n|t:|1695432980\n|move|p2b: Cresselia|Ally Switch|p2b: Cresselia\n|swap|p2b: Cresselia|0|[from] move: Ally Switch\n|move|p1b: Goodra|Attract|p2b: Incineroar\n|-immune|p2b: Incineroar\n|move|p1a: Rhydon|High Horsepower|p2a: Cresselia\n|-immune|p2a: Cresselia|[from] ability: Levitate\n|move|p2b: Incineroar|Parting Shot|p1b: Goodra\n|-unboost|p1b: Goodra|atk|1\n|-unboost|p1b: Goodra|spa|1\n|inactive|garyjgames has 120 seconds left.\n|\n|t:|1695432996\n|switch|p2b: Okidogi|Okidogi, M|100\/100|[from] Parting Shot\n|\n|upkeep\n|turn|11\n|inactive|garyjgames has 120 seconds left.\n|\n|t:|1695433029\n|-terastallize|p1a: Rhydon|Water\n|move|p2b: Okidogi|Knock Off|p1a: Rhydon\n|-damage|p1a: Rhydon|82\/100\n|-status|p1a: Rhydon|tox|[from] ability: Toxic Chain|[of] p2b: Okidogi\n|-enditem|p1a: Rhydon|Eviolite|[from] move: Knock Off|[of] p2b: Okidogi\n|move|p2a: Cresselia|Moonblast|p1b: Goodra\n|-activate|p1b: Goodra|move: Substitute|[damage]\n|move|p1b: Goodra|Attract|p2a: Cresselia\n|-start|p2a: Cresselia|Attract\n|move|p1a: Rhydon|Aqua Tail|p2b: Okidogi\n|-damage|p2b: Okidogi|60\/100\n|\n|-damage|p1a: Rhydon|76\/100 tox|[from] psn\n|upkeep\n|turn|12\n|inactive|garyjgames has 120 seconds left.\n|inactive|garyjgames has 90 seconds left.\n|\n|t:|1695433077\n|move|p2b: Okidogi|Drain Punch|p1b: Goodra\n|-supereffective|p1b: Goodra\n|-end|p1b: Goodra|Substitute\n|-heal|p2b: Okidogi|70\/100|[from] drain|[of] p1b: Goodra\n|move|p1b: Goodra|Toxic|p2a: Cresselia\n|-status|p2a: Cresselia|tox\n|move|p1a: Rhydon|Aqua Tail|p2b: Okidogi\n|-damage|p2b: Okidogi|29\/100\n|-activate|p2a: Cresselia|move: Attract|[of] p1b: Goodra\n|cant|p2a: Cresselia|Attract\n|\n|-damage|p2a: Cresselia|94\/100 tox|[from] psn\n|-damage|p1a: Rhydon|64\/100 tox|[from] psn\n|upkeep\n|turn|13\n|\n|t:|1695433094\n|-activate|p2a: Cresselia|move: Attract|[of] p1b: Goodra\n|move|p2a: Cresselia|Ally Switch|p2a: Cresselia\n|swap|p2a: Cresselia|1|[from] move: Ally Switch\n|move|p2a: Okidogi|Drain Punch|p1b: Goodra\n|-supereffective|p1b: Goodra\n|-damage|p1b: Goodra|11\/100\n|-heal|p2a: Okidogi|72\/100|[from] drain|[of] p1b: Goodra\n|move|p1b: Goodra|Substitute|p1b: Goodra\n|-fail|p1b: Goodra|move: Substitute|[weak]\n|move|p1a: Rhydon|Aqua Tail|p2b: Cresselia\n|-crit|p2b: Cresselia\n|-damage|p2b: Cresselia|40\/100 tox\n|\n|-heal|p2b: Cresselia|46\/100 tox|[from] item: Leftovers\n|-damage|p2b: Cresselia|34\/100 tox|[from] psn\n|-damage|p1a: Rhydon|45\/100 tox|[from] psn\n|upkeep\n|turn|14\n|inactive|garyjgames has 90 seconds left.\n|\n|t:|1695433145\n|switch|p2b: Spiritomb|Spiritomb, F|52\/100\n|switch|p1b: Mimikyu|Mimikyu-Totem, M|100\/100\n|move|p2a: Okidogi|Ice Punch|p1b: Mimikyu\n|-activate|p1b: Mimikyu|ability: Disguise\n|-damage|p1b: Mimikyu|100\/100\n|detailschange|p1b: Mimikyu|Mimikyu-Busted-Totem, M\n|-damage|p1b: Mimikyu|88\/100|[from] pokemon: Mimikyu-Busted-Totem\n|move|p1a: Rhydon|Aqua Tail|p2b: Spiritomb\n|-damage|p2b: Spiritomb|10\/100\n|\n|-damage|p1a: Rhydon|21\/100 tox|[from] psn\n|upkeep\n|turn|15\n|inactive|garyjgames has 90 seconds left.\n|inactive|garyjgames has 60 seconds left.\n|\n|t:|1695433184\n|move|p1b: Mimikyu|Dazzling Gleam|p2b: Spiritomb|[spread] p2a,p2b\n|-supereffective|p2b: Spiritomb\n|-damage|p2a: Okidogi|53\/100\n|-damage|p2b: Spiritomb|0 fnt\n|faint|p2b: Spiritomb\n|move|p2a: Okidogi|Poison Fang|p1b: Mimikyu\n|-damage|p1b: Mimikyu|38\/100\n|-status|p1b: Mimikyu|tox\n|move|p1a: Rhydon|High Horsepower|p2a: Okidogi\n|-supereffective|p2a: Okidogi\n|-damage|p2a: Okidogi|0 fnt\n|faint|p2a: Okidogi\n|\n|-damage|p1b: Mimikyu|32\/100 tox|[from] psn\n|-damage|p1a: Rhydon|0 fnt|[from] psn\n|faint|p1a: Rhydon\n|upkeep\n|\n|t:|1695433204\n|switch|p2a: Ursaluna|Ursaluna-Bloodmoon, M|100\/100\n|switch|p1a: Goodra|Goodra-Hisui, M|11\/100\n|switch|p2b: Cresselia|Cresselia, F|34\/100 tox\n|turn|16\n|inactive|garyjgames has 90 seconds left.\n|inactive|garyjgames has 60 seconds left.\n|\n|t:|1695433249\n|-terastallize|p2a: Ursaluna|Normal\n|move|p2b: Cresselia|Ally Switch|p2b: Cresselia\n|swap|p2b: Cresselia|0|[from] move: Ally Switch\n|move|p1b: Mimikyu|Dazzling Gleam|p2b: Ursaluna|[spread] p2a,p2b\n|-damage|p2a: Cresselia|21\/100 tox\n|-damage|p2b: Ursaluna|71\/100\n|move|p1a: Goodra|Attract|p2b: Ursaluna\n|-immune|p2b: Ursaluna\n|move|p2b: Ursaluna|Hyper Voice|p1a: Goodra|[spread] p1a,p1b\n|-resisted|p1a: Goodra\n|-damage|p1a: Goodra|0 fnt\n|-damage|p1b: Mimikyu|0 fnt\n|faint|p1a: Goodra\n|faint|p1b: Mimikyu\n|-enditem|p2b: Ursaluna|Throat Spray\n|-boost|p2b: Ursaluna|spa|1|[from] item: Throat Spray\n|\n|-heal|p2a: Cresselia|27\/100 tox|[from] item: Leftovers\n|-damage|p2a: Cresselia|21\/100 tox|[from] psn\n|upkeep\n|\n|t:|1695433261\n|switch|p1b: Slowbro|Slowbro, M|100\/100\n|switch|p1a: Simisage|Simisage, M|100\/100\n|turn|17\n|inactive|garyjgames has 60 seconds left.\n|\n|t:|1695433288\n|detailschange|p1b: Slowbro|Slowbro-Mega, M\n|-mega|p1b: Slowbro|Slowbro|Slowbronite\n|move|p1a: Simisage|Giga Drain|p2b: Ursaluna\n|-damage|p2b: Ursaluna|36\/100\n|move|p2b: Ursaluna|Blood Moon|p1b: Slowbro\n|-damage|p1b: Slowbro|0 fnt\n|faint|p1b: Slowbro\n|move|p2a: Cresselia|Trick Room|p2a: Cresselia\n|-fieldstart|move: Trick Room|[of] p2a: Cresselia\n|\n|-heal|p2a: Cresselia|27\/100 tox|[from] item: Leftovers\n|-damage|p2a: Cresselia|15\/100 tox|[from] psn\n|upkeep\n|turn|18\n|c|\u2606Backs To The Wind|Sure\n|-message|Backs To The Wind forfeited.\n|\n|win|garyjgames\n|raw|Backs To The Wind's rating: 1000 &rarr; <strong>1000<\/strong><br \/>(+0 for losing)\n|raw|garyjgames's rating: 1000 &rarr; <strong>1040<\/strong><br \/>(+40 for winning)\n|l|\u2606Backs To The Wind\n|c|\u2606garyjgames|gg\n","uploadtime":1695433315,"views":16,"p1id":"backstothewind","p2id":"garyjgames","formatid":"gen9nationaldexdoubles","rating":1000,"private":0,"password":""}