{"id":"gen9nationaldexdoubles-1976049206","p1":"Batman135","p2":"nicokino","format":"[Gen 9] National Dex Doubles","log":"|j|\u2606Batman135\n|j|\u203dnicokino\n|t:|1698259400\n|gametype|doubles\n|player|p1|Batman135|170|1322\n|player|p2|nicokino|170|1414\n|teamsize|p1|6\n|teamsize|p2|6\n|gen|9\n|tier|[Gen 9] National Dex Doubles\n|rated|\n|rule|HP Percentage Mod: HP is shown in percentages\n|rule|Endless Battle Clause: Forcing endless battles is banned\n|rule|OHKO Clause: OHKO moves are banned\n|rule|Evasion Moves Clause: Evasion moves are banned\n|rule|Evasion Abilities Clause: Evasion abilities are banned\n|rule|Species Clause: Limit one of each Pok\u00e9mon\n|rule|Gravity Sleep Clause: The combination of sleep-inducing moves with imperfect accuracy and Gravity or Gigantamax Orbeetle are banned\n|clearpoke\n|poke|p1|Chansey, F|\n|poke|p1|Whimsicott, M|\n|poke|p1|Volcarona, F|\n|poke|p1|Masquerain, M|\n|poke|p1|Gardevoir, F|\n|poke|p1|Gothitelle, M|\n|poke|p2|Torkoal, F|\n|poke|p2|Camerupt, F|\n|poke|p2|Lilligant-Hisui, F|\n|poke|p2|Flutter Mane|\n|poke|p2|Cresselia, F|\n|poke|p2|Ninetales, F|\n|teampreview\n|\n|t:|1698259413\n|start\n|switch|p1a: Whimsicott|Whimsicott, M|100\/100\n|switch|p1b: Chansey|Chansey, F|100\/100\n|switch|p2a: Flutter Mane|Flutter Mane|100\/100\n|switch|p2b: Ninetales|Ninetales, F|100\/100\n|-weather|SunnyDay|[from] ability: Drought|[of] p2b: Ninetales\n|-activate|p2a: Flutter Mane|ability: Protosynthesis\n|-start|p2a: Flutter Mane|protosynthesisspa\n|turn|1\n|\n|t:|1698259428\n|move|p2a: Flutter Mane|Protect|p2a: Flutter Mane\n|-singleturn|p2a: Flutter Mane|Protect\n|move|p1b: Chansey|Snatch|p1b: Chansey\n|-singleturn|p1b: Chansey|Snatch\n|move|p1a: Whimsicott|Cotton Guard|p1a: Whimsicott\n|-activate|p1b: Chansey|move: Snatch|[of] p1a: Whimsicott\n|move|p1b: Chansey|Cotton Guard|p1b: Chansey|[from]Snatch\n|-boost|p1b: Chansey|def|3\n|move|p2b: Ninetales|Fire Blast|p1a: Whimsicott\n|-supereffective|p1a: Whimsicott\n|-crit|p1a: Whimsicott\n|-enditem|p1a: Whimsicott|Focus Sash\n|-damage|p1a: Whimsicott|1\/100\n|\n|-weather|SunnyDay|[upkeep]\n|upkeep\n|turn|2\n|\n|t:|1698259445\n|move|p1b: Chansey|Snatch|p1b: Chansey\n|-singleturn|p1b: Chansey|Snatch\n|move|p1a: Whimsicott|Cotton Guard|p1a: Whimsicott\n|-activate|p1b: Chansey|move: Snatch|[of] p1a: Whimsicott\n|move|p1b: Chansey|Cotton Guard|p1b: Chansey|[from]Snatch\n|-boost|p1b: Chansey|def|3\n|move|p2a: Flutter Mane|Dazzling Gleam|p1b: Chansey|[spread] p1a,p1b\n|-damage|p1a: Whimsicott|0 fnt\n|-damage|p1b: Chansey|85\/100\n|faint|p1a: Whimsicott\n|-damage|p2a: Flutter Mane|91\/100|[from] item: Life Orb\n|move|p2b: Ninetales|Fire Blast|p1b: Chansey\n|-damage|p1b: Chansey|72\/100\n|\n|-weather|SunnyDay|[upkeep]\n|upkeep\n|j| thebestever543\n|\n|t:|1698259468\n|switch|p1a: Volcarona|Volcarona, F|100\/100\n|turn|3\n|c| thebestever543|Nah\u2026.\n|c| thebestever543|This Chans is never dying\n|\n|t:|1698259485\n|move|p1b: Chansey|Snatch|p1b: Chansey\n|-singleturn|p1b: Chansey|Snatch\n|move|p1a: Volcarona|Quiver Dance|p1a: Volcarona\n|-activate|p1b: Chansey|move: Snatch|[of] p1a: Volcarona\n|move|p1b: Chansey|Quiver Dance|p1b: Chansey|[from]Snatch\n|-boost|p1b: Chansey|spa|1\n|-boost|p1b: Chansey|spd|1\n|-boost|p1b: Chansey|spe|1\n|move|p2a: Flutter Mane|Dazzling Gleam|p1b: Chansey|[spread] p1a,p1b\n|-resisted|p1a: Volcarona\n|-damage|p1a: Volcarona|76\/100\n|-damage|p1b: Chansey|62\/100\n|-damage|p2a: Flutter Mane|81\/100|[from] item: Life Orb\n|move|p2b: Ninetales|Fire Blast|p1b: Chansey\n|-damage|p1b: Chansey|53\/100\n|\n|-weather|SunnyDay|[upkeep]\n|upkeep\n|turn|4\n|\n|t:|1698259503\n|move|p1b: Chansey|Snatch|p1b: Chansey\n|-singleturn|p1b: Chansey|Snatch\n|move|p1a: Volcarona|Quiver Dance|p1a: Volcarona\n|-activate|p1b: Chansey|move: Snatch|[of] p1a: Volcarona\n|move|p1b: Chansey|Quiver Dance|p1b: Chansey|[from]Snatch\n|-boost|p1b: Chansey|spa|1\n|-boost|p1b: Chansey|spd|1\n|-boost|p1b: Chansey|spe|1\n|move|p2a: Flutter Mane|Dazzling Gleam|p1a: Volcarona|[spread] p1a,p1b\n|-resisted|p1a: Volcarona\n|-damage|p1a: Volcarona|48\/100\n|-damage|p1b: Chansey|46\/100\n|-damage|p2a: Flutter Mane|71\/100|[from] item: Life Orb\n|move|p2b: Ninetales|Fire Blast|p1b: Chansey\n|-damage|p1b: Chansey|39\/100\n|\n|-weather|SunnyDay|[upkeep]\n|upkeep\n|turn|5\n|\n|t:|1698259522\n|move|p1b: Chansey|Snatch|p1b: Chansey\n|-singleturn|p1b: Chansey|Snatch\n|move|p1a: Volcarona|Quiver Dance|p1a: Volcarona\n|-activate|p1b: Chansey|move: Snatch|[of] p1a: Volcarona\n|move|p1b: Chansey|Quiver Dance|p1b: Chansey|[from]Snatch\n|-boost|p1b: Chansey|spa|1\n|-boost|p1b: Chansey|spd|1\n|-boost|p1b: Chansey|spe|1\n|move|p2a: Flutter Mane|Dazzling Gleam|p1a: Volcarona|[spread] p1a,p1b\n|-resisted|p1a: Volcarona\n|-damage|p1a: Volcarona|21\/100\n|-damage|p1b: Chansey|32\/100\n|-damage|p2a: Flutter Mane|61\/100|[from] item: Life Orb\n|move|p2b: Ninetales|Fire Blast|p1b: Chansey|[miss]\n|-miss|p2b: Ninetales|p1b: Chansey\n|\n|-weather|SunnyDay|[upkeep]\n|upkeep\n|turn|6\n|\n|t:|1698259540\n|move|p1b: Chansey|Snatch|p1b: Chansey\n|-singleturn|p1b: Chansey|Snatch\n|move|p1a: Volcarona|Quiver Dance|p1a: Volcarona\n|-activate|p1b: Chansey|move: Snatch|[of] p1a: Volcarona\n|move|p1b: Chansey|Quiver Dance|p1b: Chansey|[from]Snatch\n|-boost|p1b: Chansey|spa|1\n|-boost|p1b: Chansey|spd|1\n|-boost|p1b: Chansey|spe|1\n|move|p2a: Flutter Mane|Dazzling Gleam|p1a: Volcarona|[spread] p1a,p1b\n|-resisted|p1a: Volcarona\n|-damage|p1a: Volcarona|0 fnt\n|-damage|p1b: Chansey|27\/100\n|faint|p1a: Volcarona\n|-damage|p2a: Flutter Mane|51\/100|[from] item: Life Orb\n|move|p2b: Ninetales|Fire Blast|p1b: Chansey|[miss]\n|-miss|p2b: Ninetales|p1b: Chansey\n|\n|-weather|SunnyDay|[upkeep]\n|upkeep\n|\n|t:|1698259571\n|switch|p1a: Gardevoir|Gardevoir, F|100\/100\n|turn|7\n|\n|t:|1698259585\n|detailschange|p1a: Gardevoir|Gardevoir-Mega, F\n|-mega|p1a: Gardevoir|Gardevoir|Gardevoirite\n|move|p1b: Chansey|Soft-Boiled|p1b: Chansey\n|-heal|p1b: Chansey|77\/100\n|move|p2a: Flutter Mane|Moonblast|p1a: Gardevoir\n|-crit|p1a: Gardevoir\n|-damage|p1a: Gardevoir|0 fnt\n|faint|p1a: Gardevoir\n|-damage|p2a: Flutter Mane|41\/100|[from] item: Life Orb\n|move|p2b: Ninetales|Dark Pulse|p1b: Chansey\n|-damage|p1b: Chansey|76\/100\n|\n|-weather|SunnyDay|[upkeep]\n|upkeep\n|\n|t:|1698259601\n|switch|p1a: Gothitelle|Gothitelle, M|100\/100\n|turn|8\n|\n|t:|1698259613\n|move|p1b: Chansey|Shadow Ball|p2a: Flutter Mane\n|-supereffective|p2a: Flutter Mane\n|-damage|p2a: Flutter Mane|0 fnt\n|faint|p2a: Flutter Mane\n|-end|p2a: Flutter Mane|Protosynthesis|[silent]\n|move|p2b: Ninetales|Fire Blast|p1b: Chansey\n|-damage|p1b: Chansey|72\/100\n|move|p1a: Gothitelle|Psych Up|p1b: Chansey\n|-copyboost|p1a: Gothitelle|p1b: Chansey|[from] move: Psych Up\n|\n|-weather|none\n|upkeep\n|\n|t:|1698259621\n|switch|p2a: Cresselia|Cresselia, F|100\/100\n|turn|9\n|\n|t:|1698259649\n|move|p1a: Gothitelle|Toxic|p2a: Cresselia\n|-status|p2a: Cresselia|tox\n|move|p1b: Chansey|Shadow Ball|p2a: Cresselia\n|-supereffective|p2a: Cresselia\n|-damage|p2a: Cresselia|73\/100 tox\n|move|p2b: Ninetales|Fire Blast|p1b: Chansey\n|-damage|p1b: Chansey|69\/100\n|move|p2a: Cresselia|Trick Room|p2a: Cresselia\n|-fieldstart|move: Trick Room|[of] p2a: Cresselia\n|\n|-damage|p2a: Cresselia|67\/100 tox|[from] psn\n|upkeep\n|turn|10\n|-message|nicokino forfeited.\n|\n|win|Batman135\n|raw|Batman135's rating: 1322 &rarr; <strong>1347<\/strong><br \/>(+25 for winning)\n|raw|nicokino's rating: 1414 &rarr; <strong>1389<\/strong><br \/>(-25 for losing)\n|l|\u203dnicokino\n|l|\u2606Batman135\n","uploadtime":1698259747,"views":9,"p1id":"batman135","p2id":"nicokino","formatid":"gen9nationaldexdoubles","rating":1347,"private":0,"password":""}