{"id":"gen9nationaldexdoubles-1995190586","p1":"Alonso26ca","p2":"Roncito","format":"[Gen 9] National Dex Doubles","log":"|j|\u2606Alonso26ca\n|j|\u2606Roncito\n|t:|1700532750\n|gametype|doubles\n|player|p1|Alonso26ca|n|\n|player|p2|Roncito|2|\n|teamsize|p1|6\n|teamsize|p2|6\n|gen|9\n|tier|[Gen 9] National Dex Doubles\n|rule|HP Percentage Mod: HP is shown in percentages\n|rule|Endless Battle Clause: Forcing endless battles is banned\n|rule|OHKO Clause: OHKO moves are banned\n|rule|Evasion Moves Clause: Evasion moves are banned\n|rule|Evasion Abilities Clause: Evasion abilities are banned\n|rule|Species Clause: Limit one of each Pok\u00e9mon\n|rule|Gravity Sleep Clause: The combination of sleep-inducing moves with imperfect accuracy and Gravity or Gigantamax Orbeetle are banned\n|clearpoke\n|poke|p1|Bulbasaur, F|\n|poke|p1|Scorbunny, F|\n|poke|p1|Litten, M|\n|poke|p1|Froakie, F|\n|poke|p1|Riolu, M|\n|poke|p1|Snivy, F|\n|poke|p2|Charmander, F|\n|poke|p2|Larvitar, M|\n|poke|p2|Totodile, M|\n|poke|p2|Sprigatito, M|\n|poke|p2|Bulbasaur, M|\n|poke|p2|Litten, M|\n|teampreview\n|\n|t:|1700532757\n|start\n|switch|p1a: Litten|Litten, M|100\/100\n|switch|p1b: Bulbasaur|Bulbasaur, F|100\/100\n|switch|p2a: Litten|Litten, M|100\/100\n|switch|p2b: Bulbasaur|Bulbasaur, M|100\/100\n|-ability|p2a: Litten|Intimidate|boost\n|-unboost|p1a: Litten|atk|1\n|-unboost|p1b: Bulbasaur|atk|1\n|-ability|p1a: Litten|Intimidate|boost\n|-unboost|p2a: Litten|atk|1\n|-unboost|p2b: Bulbasaur|atk|1\n|turn|1\n|\n|t:|1700532784\n|move|p1a: Litten|Fake Out|p2a: Litten\n|-damage|p2a: Litten|90\/100\n|cant|p2a: Litten|flinch\n|move|p2b: Bulbasaur|Sludge Bomb|p1a: Litten\n|-damage|p1a: Litten|59\/100\n|move|p1b: Bulbasaur|Sleep Powder|p2a: Litten\n|-status|p2a: Litten|slp|[from] move: Sleep Powder\n|\n|upkeep\n|turn|2\n|\n|t:|1700532807\n|switch|p2b: Totodile|Totodile, M|100\/100\n|cant|p2a: Litten|slp\n|move|p1a: Litten|Overheat|p2b: Totodile|[miss]\n|-miss|p1a: Litten|p2b: Totodile\n|move|p1b: Bulbasaur|Leech Seed|p2a: Litten\n|-start|p2a: Litten|move: Leech Seed\n|\n|-damage|p2a: Litten|78\/100 slp|[from] Leech Seed|[of] p1b: Bulbasaur\n|upkeep\n|turn|3\n|\n|t:|1700532824\n|switch|p1a: Snivy|Snivy, F|100\/100\n|-curestatus|p2a: Litten|slp|[msg]\n|move|p2a: Litten|Flare Blitz|p1b: Bulbasaur\n|-supereffective|p1b: Bulbasaur\n|-damage|p1b: Bulbasaur|30\/100\n|-damage|p2a: Litten|51\/100|[from] Recoil\n|move|p2b: Totodile|Waterfall|p1a: Snivy\n|-resisted|p1a: Snivy\n|-damage|p1a: Snivy|66\/100\n|move|p1b: Bulbasaur|Sleep Powder|p2b: Totodile|[miss]\n|-miss|p1b: Bulbasaur|p2b: Totodile\n|\n|-heal|p1a: Snivy|72\/100|[from] item: Leftovers\n|-heal|p1b: Bulbasaur|37\/100|[from] item: Leftovers\n|-damage|p2a: Litten|39\/100|[from] Leech Seed|[of] p1b: Bulbasaur\n|-heal|p1b: Bulbasaur|47\/100|[silent]\n|upkeep\n|turn|4\n|\n|t:|1700532859\n|switch|p2a: Charmander|Charmander, F|100\/100\n|move|p1a: Snivy|Substitute|p1a: Snivy\n|-start|p1a: Snivy|Substitute\n|-damage|p1a: Snivy|47\/100\n|move|p2b: Totodile|Ice Punch|p1a: Snivy\n|-supereffective|p1a: Snivy\n|-end|p1a: Snivy|Substitute\n|move|p1b: Bulbasaur|Giga Drain|p2b: Totodile\n|-supereffective|p2b: Totodile\n|-damage|p2b: Totodile|48\/100\n|-heal|p1b: Bulbasaur|73\/100|[from] drain|[of] p2b: Totodile\n|\n|-heal|p1a: Snivy|53\/100|[from] item: Leftovers\n|-heal|p1b: Bulbasaur|79\/100|[from] item: Leftovers\n|upkeep\n|turn|5\n|\n|t:|1700532882\n|move|p1a: Snivy|Hidden Power|p2a: Charmander\n|-supereffective|p2a: Charmander\n|-damage|p2a: Charmander|57\/100\n|move|p2a: Charmander|Heat Wave|p1b: Bulbasaur|[spread] p1a,p1b\n|-supereffective|p1a: Snivy\n|-supereffective|p1b: Bulbasaur\n|-damage|p1a: Snivy|0 fnt\n|-damage|p1b: Bulbasaur|0 fnt\n|faint|p1a: Snivy\n|faint|p1b: Bulbasaur\n|move|p2b: Totodile|Ice Punch|p1: Snivy|[notarget]\n|-fail|p2b: Totodile\n|\n|upkeep\n|\n|t:|1700532890\n|switch|p1a: Riolu|Riolu, M|100\/100\n|switch|p1b: Litten|Litten, M|59\/100\n|-ability|p1b: Litten|Intimidate|boost\n|-unboost|p2a: Charmander|atk|1\n|-unboost|p2b: Totodile|atk|1\n|turn|6\n|\n|t:|1700532937\n|move|p1b: Litten|Fake Out|p2a: Charmander\n|-damage|p2a: Charmander|42\/100\n|move|p2b: Totodile|Aqua Jet|p1b: Litten\n|-supereffective|p1b: Litten\n|-damage|p1b: Litten|22\/100\n|-enditem|p1b: Litten|Iapapa Berry|[eat]\n|-heal|p1b: Litten|55\/100|[from] item: Iapapa Berry\n|move|p1a: Riolu|Close Combat|p2a: Charmander\n|-damage|p2a: Charmander|0 fnt\n|-unboost|p1a: Riolu|def|1\n|-unboost|p1a: Riolu|spd|1\n|faint|p2a: Charmander\n|-damage|p1a: Riolu|91\/100|[from] item: Life Orb\n|\n|upkeep\n|\n|t:|1700532957\n|switch|p2a: Larvitar|Larvitar, M|100\/100\n|turn|7\n|\n|t:|1700532970\n|move|p1a: Riolu|Protect|p1a: Riolu\n|-singleturn|p1a: Riolu|Protect\n|move|p1b: Litten|Parting Shot|p2a: Larvitar\n|-unboost|p2a: Larvitar|atk|1\n|-unboost|p2a: Larvitar|spa|1\n|\n|t:|1700532975\n|switch|p1b: Scorbunny|Scorbunny, F|100\/100|[from] Parting Shot\n|move|p2b: Totodile|Waterfall|p1b: Scorbunny\n|-supereffective|p1b: Scorbunny\n|-damage|p1b: Scorbunny|0 fnt\n|faint|p1b: Scorbunny\n|move|p2a: Larvitar|Rock Slide|p1a: Riolu\n|-activate|p1a: Riolu|move: Protect\n|\n|-status|p2a: Larvitar|brn|[from] item: Flame Orb\n|upkeep\n|\n|t:|1700532978\n|switch|p1b: Froakie|Froakie, F|100\/100\n|turn|8\n|\n|t:|1700533020\n|switch|p2a: Bulbasaur|Bulbasaur, M|100\/100\n|move|p2b: Totodile|Aqua Jet|p1a: Riolu\n|-damage|p1a: Riolu|53\/100\n|move|p1b: Froakie|Bounce||[still]\n|-prepare|p1b: Froakie|Bounce\n|-start|p1b: Froakie|typechange|Flying|[from] ability: Protean\n|move|p1a: Riolu|Earthquake|p2b: Totodile|[spread] p2a,p2b\n|-miss|p1a: Riolu|p1b: Froakie\n|-damage|p2a: Bulbasaur|74\/100\n|-damage|p2b: Totodile|21\/100\n|-damage|p1a: Riolu|43\/100|[from] item: Life Orb\n|\n|upkeep\n|turn|9\n|\n|t:|1700533049\n|-terastallize|p1a: Riolu|Fighting\n|move|p1b: Froakie|Bounce|p2b: Totodile|[from]lockedmove\n|-damage|p2b: Totodile|0 fnt\n|faint|p2b: Totodile\n|move|p1a: Riolu|Swords Dance|p1a: Riolu\n|-boost|p1a: Riolu|atk|2\n|move|p2a: Bulbasaur|Sludge Bomb|p1a: Riolu\n|-damage|p1a: Riolu|0 fnt\n|faint|p1a: Riolu\n|\n|upkeep\n|\n|t:|1700533060\n|switch|p1a: Litten|Litten, M|55\/100\n|switch|p2b: Sprigatito|Sprigatito, M|100\/100\n|-ability|p1a: Litten|Intimidate|boost\n|-unboost|p2a: Bulbasaur|atk|1\n|-unboost|p2b: Sprigatito|atk|1\n|turn|10\n|\n|t:|1700533082\n|move|p1a: Litten|Fake Out|p2b: Sprigatito\n|-damage|p2b: Sprigatito|85\/100\n|move|p1b: Froakie|Bounce||[still]\n|-prepare|p1b: Froakie|Bounce\n|cant|p2b: Sprigatito|flinch\n|move|p2a: Bulbasaur|Sleep Powder|p1b: Froakie|[miss]\n|-miss|p2a: Bulbasaur|p1b: Froakie\n|\n|upkeep\n|turn|11\n|\n|t:|1700533115\n|move|p2b: Sprigatito|Protect|p2b: Sprigatito\n|-start|p2b: Sprigatito|typechange|Normal|[from] ability: Protean\n|-singleturn|p2b: Sprigatito|Protect\n|move|p1b: Froakie|Bounce|p2b: Sprigatito|[from]lockedmove\n|-activate|p2b: Sprigatito|move: Protect\n|move|p1a: Litten|Overheat|p2a: Bulbasaur\n|-supereffective|p2a: Bulbasaur\n|-damage|p2a: Bulbasaur|8\/100\n|-unboost|p1a: Litten|spa|2\n|move|p2a: Bulbasaur|Sludge Bomb|p1a: Litten\n|-damage|p1a: Litten|9\/100\n|\n|upkeep\n|turn|12\n|\n|t:|1700533144\n|move|p1b: Froakie|Bounce||[still]\n|-prepare|p1b: Froakie|Bounce\n|move|p2b: Sprigatito|Acrobatics|p1a: Litten\n|-damage|p1a: Litten|0 fnt\n|faint|p1a: Litten\n|-damage|p2b: Sprigatito|75\/100|[from] item: Life Orb\n|move|p2a: Bulbasaur|Giga Drain|p1b: Froakie|[miss]\n|-miss|p2a: Bulbasaur|p1b: Froakie\n|\n|upkeep\n|turn|13\n|\n|t:|1700533163\n|move|p2b: Sprigatito|Protect|p2b: Sprigatito\n|-singleturn|p2b: Sprigatito|Protect\n|move|p1b: Froakie|Bounce|p2b: Sprigatito|[from]lockedmove\n|-activate|p2b: Sprigatito|move: Protect\n|move|p2a: Bulbasaur|Sleep Powder|p1b: Froakie\n|-status|p1b: Froakie|slp|[from] move: Sleep Powder\n|\n|upkeep\n|turn|14\n|\n|t:|1700533175\n|cant|p1b: Froakie|slp\n|move|p2b: Sprigatito|Seed Bomb|p1b: Froakie\n|-resisted|p1b: Froakie\n|-damage|p1b: Froakie|71\/100 slp\n|-damage|p2b: Sprigatito|65\/100|[from] item: Life Orb\n|move|p2a: Bulbasaur|Giga Drain|p1b: Froakie\n|-resisted|p1b: Froakie\n|-damage|p1b: Froakie|39\/100 slp\n|-heal|p2a: Bulbasaur|21\/100|[from] drain|[of] p1b: Froakie\n|\n|upkeep\n|turn|15\n|\n|t:|1700533189\n|-curestatus|p1b: Froakie|slp|[msg]\n|move|p1b: Froakie|Bounce||[still]\n|-prepare|p1b: Froakie|Bounce\n|move|p2b: Sprigatito|Acrobatics|p1b: Froakie|[miss]\n|-miss|p2b: Sprigatito|p1b: Froakie\n|move|p2a: Bulbasaur|Giga Drain|p1b: Froakie|[miss]\n|-miss|p2a: Bulbasaur|p1b: Froakie\n|\n|upkeep\n|turn|16\n|\n|t:|1700533202\n|move|p2b: Sprigatito|Protect|p2b: Sprigatito\n|-singleturn|p2b: Sprigatito|Protect\n|move|p1b: Froakie|Bounce|p2a: Bulbasaur|[from]lockedmove\n|-supereffective|p2a: Bulbasaur\n|-damage|p2a: Bulbasaur|0 fnt\n|faint|p2a: Bulbasaur\n|\n|upkeep\n|\n|t:|1700533210\n|switch|p2a: Larvitar|Larvitar, M|100\/100 brn\n|turn|17\n|\n|t:|1700533217\n|move|p1b: Froakie|Bounce||[still]\n|-prepare|p1b: Froakie|Bounce\n|move|p2b: Sprigatito|Acrobatics|p1b: Froakie|[miss]\n|-miss|p2b: Sprigatito|p1b: Froakie\n|move|p2a: Larvitar|Rock Slide|p1b: Froakie|[miss]\n|-miss|p2a: Larvitar|p1b: Froakie\n|\n|-damage|p2a: Larvitar|94\/100 brn|[from] brn\n|upkeep\n|turn|18\n|\n|t:|1700533236\n|move|p2b: Sprigatito|Protect|p2b: Sprigatito\n|-singleturn|p2b: Sprigatito|Protect\n|move|p1b: Froakie|Bounce|p2a: Larvitar|[from]lockedmove\n|-resisted|p2a: Larvitar\n|-damage|p2a: Larvitar|74\/100 brn\n|move|p2a: Larvitar|Dragon Dance|p2a: Larvitar\n|-boost|p2a: Larvitar|atk|1\n|-boost|p2a: Larvitar|spe|1\n|\n|-damage|p2a: Larvitar|68\/100 brn|[from] brn\n|upkeep\n|turn|19\n|\n|t:|1700533251\n|move|p1b: Froakie|Bounce||[still]\n|-prepare|p1b: Froakie|Bounce\n|move|p2b: Sprigatito|U-turn|p1b: Froakie|[miss]\n|-miss|p2b: Sprigatito|p1b: Froakie\n|move|p2a: Larvitar|Rock Slide|p1b: Froakie|[miss]\n|-miss|p2a: Larvitar|p1b: Froakie\n|\n|-damage|p2a: Larvitar|62\/100 brn|[from] brn\n|upkeep\n|turn|20\n|\n|t:|1700533264\n|move|p2b: Sprigatito|Protect|p2b: Sprigatito\n|-singleturn|p2b: Sprigatito|Protect\n|move|p1b: Froakie|Bounce|p2a: Larvitar|[from]lockedmove|[miss]\n|-miss|p1b: Froakie|p2a: Larvitar\n|move|p2a: Larvitar|Iron Head|p1b: Froakie\n|-damage|p1b: Froakie|0 fnt\n|faint|p1b: Froakie\n|\n|win|Roncito\n|c|\u2606Alonso26ca|gg\n","uploadtime":1700533272,"views":3,"p1id":"alonso26ca","p2id":"roncito","formatid":"gen9nationaldexdoubles","rating":0,"private":0,"password":""}