{"id":"gen9nationaldexdoubles-1958823997","p1":"LightOfTheRuin","p2":"nombre epico.jpg","format":"[Gen 9] National Dex Doubles","log":"|j|\u2606LightOfTheRuin\n|j|\u2606nombre epico.jpg\n|t:|1696360669\n|gametype|doubles\n|player|p1|LightOfTheRuin|wallace|1193\n|player|p2|nombre epico.jpg|lisia-masters|1200\n|teamsize|p1|6\n|teamsize|p2|6\n|gen|9\n|tier|[Gen 9] National Dex Doubles\n|rated|\n|rule|HP Percentage Mod: HP is shown in percentages\n|rule|Endless Battle Clause: Forcing endless battles is banned\n|rule|OHKO Clause: OHKO moves are banned\n|rule|Evasion Moves Clause: Evasion moves are banned\n|rule|Evasion Abilities Clause: Evasion abilities are banned\n|rule|Species Clause: Limit one of each Pok\u00e9mon\n|rule|Gravity Sleep Clause: The combination of sleep-inducing moves with imperfect accuracy and Gravity or Gigantamax Orbeetle are banned\n|clearpoke\n|poke|p1|Electivire, M|\n|poke|p1|Electabuzz, F|\n|poke|p1|Ursaluna-Bloodmoon, M|\n|poke|p1|Basculegion-F, F|\n|poke|p1|Fezandipiti, M|\n|poke|p1|Ribombee, F|\n|poke|p2|Weavile, F|\n|poke|p2|Ribombee, F|\n|poke|p2|Dragonite, F|\n|poke|p2|Gliscor, F|\n|poke|p2|Metagross|\n|poke|p2|Manaphy|\n|teampreview\n|\n|t:|1696360680\n|start\n|switch|p1a: phish|Basculegion-F, F|100\/100\n|switch|p1b: sleeper build|Electabuzz, F|100\/100\n|switch|p2a: Weavile|Weavile, F|100\/100\n|switch|p2b: Ribombee|Ribombee, F, shiny|100\/100\n|-ability|p2a: Weavile|Pressure\n|turn|1\n|\n|t:|1696360698\n|move|p1a: phish|Protect|p1a: phish\n|-singleturn|p1a: phish|Protect\n|move|p2a: Weavile|Night Slash|p1a: phish\n|-activate|p1a: phish|move: Protect\n|move|p2b: Ribombee|Reflect|p2b: Ribombee\n|-sidestart|p2: nombre epico.jpg|Reflect\n|move|p1b: sleeper build|Discharge|p2a: Weavile|[spread] p2a,p2b\n|-activate|p1a: phish|move: Protect\n|-damage|p2a: Weavile|72\/100\n|-damage|p2b: Ribombee|74\/100\n|-status|p2a: Weavile|par\n|\n|upkeep\n|turn|2\n|\n|t:|1696360745\n|move|p2b: Ribombee|Light Screen|p2b: Ribombee\n|-sidestart|p2: nombre epico.jpg|move: Light Screen\n|move|p1b: sleeper build|Discharge|p2b: Ribombee|[spread] p1a,p2a,p2b\n|-supereffective|p1a: phish\n|-damage|p1a: phish|59\/100\n|-damage|p2a: Weavile|52\/100 par\n|-damage|p2b: Ribombee|56\/100\n|-status|p1a: phish|par\n|-status|p2b: Ribombee|par\n|-enditem|p1a: phish|Weakness Policy\n|-boost|p1a: phish|atk|2|[from] item: Weakness Policy\n|-boost|p1a: phish|spa|2|[from] item: Weakness Policy\n|move|p2a: Weavile|Night Slash|p1a: phish\n|-supereffective|p1a: phish\n|-damage|p1a: phish|0 fnt\n|faint|p1a: phish\n|\n|upkeep\n|\n|t:|1696360765\n|switch|p1a: fatty|Electivire, M|100\/100\n|turn|3\n|\n|t:|1696360772\n|switch|p2a: Gliscor|Gliscor, F, shiny|100\/100\n|move|p1b: sleeper build|Discharge|p2a: Gliscor|[spread] p2b\n|-ability|p1a: fatty|Motor Drive|boost\n|-boost|p1a: fatty|spe|1\n|-immune|p2a: Gliscor\n|-damage|p2b: Ribombee|38\/100 par\n|move|p1a: fatty|Power-Up Punch|p2a: Gliscor\n|-resisted|p2a: Gliscor\n|-damage|p2a: Gliscor|96\/100\n|-boost|p1a: fatty|atk|1\n|move|p2b: Ribombee|Sticky Web|p1a: fatty\n|-sidestart|p1: LightOfTheRuin|move: Sticky Web\n|\n|-status|p2a: Gliscor|tox|[from] item: Toxic Orb\n|upkeep\n|turn|4\n|\n|t:|1696360792\n|move|p1a: fatty|Thunder Punch|p2b: Ribombee\n|-damage|p2b: Ribombee|0 fnt\n|faint|p2b: Ribombee\n|move|p1b: sleeper build|Magnet Rise|p1b: sleeper build\n|-start|p1b: sleeper build|Magnet Rise\n|move|p2a: Gliscor|Earthquake|p1a: fatty|[spread] p1a\n|-immune|p1b: sleeper build\n|-supereffective|p1a: fatty\n|-damage|p1a: fatty|1\/100\n|\n|-heal|p2a: Gliscor|100\/100 tox|[from] ability: Poison Heal\n|upkeep\n|\n|t:|1696360805\n|switch|p2b: Dragonite|Dragonite, F|100\/100\n|turn|5\n|\n|t:|1696360839\n|move|p2b: Dragonite|Extreme Speed|p1a: fatty\n|-damage|p1a: fatty|0 fnt\n|faint|p1a: fatty\n|move|p1b: sleeper build|Discharge|p2a: Gliscor|[spread] p2b\n|-immune|p2a: Gliscor\n|-damage|p2b: Dragonite|95\/100\n|move|p2a: Gliscor|Swords Dance|p2a: Gliscor\n|-boost|p2a: Gliscor|atk|2\n|\n|upkeep\n|\n|t:|1696360847\n|switch|p1a: flamINGO|Fezandipiti, M|100\/100\n|-activate|p1a: flamINGO|move: Sticky Web\n|-unboost|p1a: flamINGO|spe|1\n|turn|6\n|\n|t:|1696360856\n|move|p1b: sleeper build|Protect|p1b: sleeper build\n|-singleturn|p1b: sleeper build|Protect\n|move|p2a: Gliscor|Earthquake|p1b: sleeper build|[spread] p1a\n|-activate|p1b: sleeper build|move: Protect\n|-immune|p2b: Dragonite\n|-supereffective|p1a: flamINGO\n|-damage|p1a: flamINGO|0 fnt\n|faint|p1a: flamINGO\n|move|p2b: Dragonite|Dragon Dance|p2b: Dragonite\n|-boost|p2b: Dragonite|atk|1\n|-boost|p2b: Dragonite|spe|1\n|\n|upkeep\n|-message|LightOfTheRuin forfeited.\n|\n|win|nombre epico.jpg\n|raw|LightOfTheRuin's rating: 1193 &rarr; <strong>1169<\/strong><br \/>(-24 for losing)\n|raw|nombre epico.jpg's rating: 1200 &rarr; <strong>1224<\/strong><br \/>(+24 for winning)\n|l|\u2606LightOfTheRuin\n","uploadtime":1696360874,"views":16,"p1id":"lightoftheruin","p2id":"nombreepicojpg","formatid":"gen9nationaldexdoubles","rating":1169,"private":0,"password":""}