{"id":"gen9nationaldexdoubles-1961841828","p1":"ido4231","p2":"Stonny","format":"[Gen 9] National Dex Doubles","log":"|j|\u2606ido4231\n|j|\u2606Stonny\n|t:|1696678992\n|gametype|doubles\n|player|p1|ido4231|169|1126\n|player|p2|Stonny|acetrainer-gen4dp|1204\n|teamsize|p1|6\n|teamsize|p2|6\n|gen|9\n|tier|[Gen 9] National Dex Doubles\n|rated|\n|rule|HP Percentage Mod: HP is shown in percentages\n|rule|Endless Battle Clause: Forcing endless battles is banned\n|rule|OHKO Clause: OHKO moves are banned\n|rule|Evasion Moves Clause: Evasion moves are banned\n|rule|Evasion Abilities Clause: Evasion abilities are banned\n|rule|Species Clause: Limit one of each Pok\u00e9mon\n|rule|Gravity Sleep Clause: The combination of sleep-inducing moves with imperfect accuracy and Gravity or Gigantamax Orbeetle are banned\n|clearpoke\n|poke|p1|Gholdengo|\n|poke|p1|Iron Bundle|\n|poke|p1|Chi-Yu|\n|poke|p1|Dragonite, M|\n|poke|p1|Kingambit, M|\n|poke|p1|Amoonguss, F|\n|poke|p2|Tyranitar, M|\n|poke|p2|Diancie|\n|poke|p2|Iron Hands|\n|poke|p2|Gyarados, F|\n|poke|p2|Armarouge, M|\n|poke|p2|Indeedee-F, F|\n|teampreview\n|inactive|Battle timer is ON: inactive players will automatically lose when time's up. (requested by Stonny)\n|\n|t:|1696679016\n|start\n|switch|p1a: Iron Bundle|Iron Bundle|100\/100\n|switch|p1b: Amoonguss|Amoonguss, F|100\/100\n|switch|p2a: Armarouge|Armarouge, M|100\/100\n|switch|p2b: Indeedee|Indeedee-F, F|100\/100\n|-fieldstart|move: Psychic Terrain|[from] ability: Psychic Surge|[of] p2b: Indeedee\n|-enditem|p2b: Indeedee|Psychic Seed\n|-boost|p2b: Indeedee|spd|1|[from] item: Psychic Seed\n|turn|1\n|\n|t:|1696679035\n|move|p2b: Indeedee|Follow Me|p2b: Indeedee\n|-singleturn|p2b: Indeedee|move: Follow Me\n|move|p1a: Iron Bundle|Hydro Pump|p2b: Indeedee\n|-damage|p2b: Indeedee|64\/100\n|-zpower|p2a: Armarouge\n|move|p2a: Armarouge|Inferno Overdrive|p1b: Amoonguss|[zeffect]\n|-supereffective|p1b: Amoonguss\n|-damage|p1b: Amoonguss|0 fnt\n|faint|p1b: Amoonguss\n|\n|upkeep\n|\n|t:|1696679046\n|switch|p1b: Dragonite|Dragonite, M|100\/100\n|turn|2\n|\n|t:|1696679055\n|move|p2b: Indeedee|Follow Me|p2b: Indeedee\n|-singleturn|p2b: Indeedee|move: Follow Me\n|move|p1a: Iron Bundle|Hydro Pump|p2b: Indeedee\n|-damage|p2b: Indeedee|21\/100\n|move|p1b: Dragonite|Outrage|p2b: Indeedee\n|-damage|p2b: Indeedee|0 fnt\n|faint|p2b: Indeedee\n|move|p2a: Armarouge|Trick Room|p2a: Armarouge\n|-fieldstart|move: Trick Room|[of] p2a: Armarouge\n|\n|upkeep\n|\n|t:|1696679070\n|switch|p2b: Tyranitar|Tyranitar, M|100\/100\n|-weather|Sandstorm|[from] ability: Sand Stream|[of] p2b: Tyranitar\n|turn|3\n|\n|t:|1696679090\n|detailschange|p2b: Tyranitar|Tyranitar-Mega, M\n|-mega|p2b: Tyranitar|Tyranitar|Tyranitarite\n|move|p2b: Tyranitar|Rock Slide|p1b: Dragonite|[spread] p1a,p1b\n|-supereffective|p1a: Iron Bundle\n|-supereffective|p1b: Dragonite\n|-damage|p1a: Iron Bundle|11\/100\n|-damage|p1b: Dragonite|17\/100\n|move|p2a: Armarouge|Expanding Force|p1a: Iron Bundle|[spread] p1a,p1b\n|-damage|p1a: Iron Bundle|0 fnt\n|-damage|p1b: Dragonite|0 fnt\n|faint|p1a: Iron Bundle\n|-end|p1a: Iron Bundle|Quark Drive|[silent]\n|faint|p1b: Dragonite\n|\n|-weather|Sandstorm|[upkeep]\n|-damage|p2a: Armarouge|94\/100|[from] Sandstorm\n|upkeep\n|\n|t:|1696679100\n|switch|p1b: Kingambit|Kingambit, M|100\/100\n|switch|p1a: Gholdengo|Gholdengo|100\/100\n|-activate|p1b: Kingambit|ability: Supreme Overlord\n|-start|p1b: Kingambit|fallen3|[silent]\n|turn|4\n|\n|t:|1696679119\n|move|p2b: Tyranitar|Crunch|p1a: Gholdengo\n|-supereffective|p1a: Gholdengo\n|-damage|p1a: Gholdengo|0 fnt\n|faint|p1a: Gholdengo\n|move|p1b: Kingambit|Kowtow Cleave|p2a: Armarouge\n|-supereffective|p2a: Armarouge\n|-damage|p2a: Armarouge|0 fnt\n|faint|p2a: Armarouge\n|\n|-weather|Sandstorm|[upkeep]\n|upkeep\n|\n|t:|1696679135\n|switch|p2a: Iron Hands|Iron Hands|100\/100\n|switch|p1a: Chi-Yu|Chi-Yu|100\/100\n|-ability|p1a: Chi-Yu|Beads of Ruin\n|-enditem|p2a: Iron Hands|Booster Energy\n|-activate|p2a: Iron Hands|ability: Quark Drive|[fromitem]\n|-start|p2a: Iron Hands|quarkdriveatk\n|turn|5\n|inactive|ido4231 has 120 seconds left.\n|\n|t:|1696679172\n|-terastallize|p1b: Kingambit|Flying\n|move|p2a: Iron Hands|Drain Punch|p1b: Kingambit\n|-resisted|p1b: Kingambit\n|-damage|p1b: Kingambit|79\/100\n|move|p2b: Tyranitar|Rock Slide|p1a: Chi-Yu|[spread] p1a,p1b\n|-supereffective|p1a: Chi-Yu\n|-supereffective|p1b: Kingambit\n|-damage|p1a: Chi-Yu|0 fnt\n|-damage|p1b: Kingambit|21\/100\n|faint|p1a: Chi-Yu\n|cant|p1b: Kingambit|flinch\n|\n|-weather|Sandstorm|[upkeep]\n|-damage|p2a: Iron Hands|94\/100|[from] Sandstorm\n|-damage|p1b: Kingambit|14\/100|[from] Sandstorm\n|-fieldend|move: Psychic Terrain\n|upkeep\n|turn|6\n|\n|t:|1696679187\n|move|p2a: Iron Hands|Wild Charge|p1b: Kingambit\n|-supereffective|p1b: Kingambit\n|-damage|p1b: Kingambit|0 fnt\n|faint|p1b: Kingambit\n|-end|p1b: Kingambit|fallen3|[silent]\n|-damage|p2a: Iron Hands|91\/100|[from] Recoil\n|\n|win|Stonny\n|raw|ido4231's rating: 1126 &rarr; <strong>1107<\/strong><br \/>(-19 for losing)\n|raw|Stonny's rating: 1204 &rarr; <strong>1223<\/strong><br \/>(+19 for winning)\n|l|\u2606ido4231\n|c|\u2606Stonny|gg\n","uploadtime":1696679196,"views":14,"p1id":"ido4231","p2id":"stonny","formatid":"gen9nationaldexdoubles","rating":1107,"private":0,"password":""}