{"id":"gen9nationaldexdoubles-1958570812","p1":"El Ryuk456","p2":"SacredTerrador","format":"[Gen 9] National Dex Doubles","log":"|j|\u2606El Ryuk456\n|j|\u2606SacredTerrador\n|t:|1696341831\n|gametype|doubles\n|player|p1|El Ryuk456|blaine|1268\n|player|p2|SacredTerrador|hiker-gen4|1097\n|teamsize|p1|6\n|teamsize|p2|6\n|gen|9\n|tier|[Gen 9] National Dex Doubles\n|rated|\n|rule|HP Percentage Mod: HP is shown in percentages\n|rule|Endless Battle Clause: Forcing endless battles is banned\n|rule|OHKO Clause: OHKO moves are banned\n|rule|Evasion Moves Clause: Evasion moves are banned\n|rule|Evasion Abilities Clause: Evasion abilities are banned\n|rule|Species Clause: Limit one of each Pok\u00e9mon\n|rule|Gravity Sleep Clause: The combination of sleep-inducing moves with imperfect accuracy and Gravity or Gigantamax Orbeetle are banned\n|clearpoke\n|poke|p1|Sableye, M|\n|poke|p1|Mandibuzz, F|\n|poke|p1|Kleavor, M|\n|poke|p1|Samurott-Hisui, M|\n|poke|p1|Armarouge, M|\n|poke|p1|Skeledirge, M|\n|poke|p2|Sceptile, M|\n|poke|p2|Heliolisk, F|\n|poke|p2|Alcremie, F|\n|poke|p2|Armarouge, M|\n|poke|p2|Greninja-*, M|\n|poke|p2|Dragonite, F|\n|teampreview\n|\n|t:|1696341847\n|start\n|switch|p1a: Bushii|Samurott-Hisui, M|100\/100\n|switch|p1b: Kaido|Kleavor, M|100\/100\n|switch|p2a: Kaia|Dragonite, F|100\/100\n|switch|p2b: Sweetie|Alcremie, F, shiny|100\/100\n|turn|1\n|\n|t:|1696341869\n|-terastallize|p2a: Kaia|Normal\n|move|p1b: Kaido|Stone Axe|p2a: Kaia\n|-damage|p2a: Kaia|77\/100\n|-sidestart|p2: SacredTerrador|move: Stealth Rock\n|move|p1a: Bushii|Ceaseless Edge|p2a: Kaia\n|-damage|p2a: Kaia|38\/100\n|-sidestart|p2: SacredTerrador|Spikes\n|move|p2a: Kaia|Tailwind|p2a: Kaia\n|-sidestart|p2: SacredTerrador|move: Tailwind\n|move|p2b: Sweetie|Decorate|p2a: Kaia\n|-boost|p2a: Kaia|atk|2\n|-boost|p2a: Kaia|spa|2\n|\n|upkeep\n|turn|2\n|\n|t:|1696341901\n|move|p2a: Kaia|Extreme Speed|p1a: Bushii\n|-damage|p1a: Bushii|0 fnt\n|faint|p1a: Bushii\n|-damage|p2a: Kaia|28\/100|[from] item: Life Orb\n|move|p2b: Sweetie|Decorate|p2a: Kaia\n|-boost|p2a: Kaia|atk|2\n|-boost|p2a: Kaia|spa|2\n|move|p1b: Kaido|Stone Axe|p2a: Kaia\n|-crit|p2a: Kaia\n|-damage|p2a: Kaia|0 fnt\n|faint|p2a: Kaia\n|\n|upkeep\n|\n|t:|1696341924\n|switch|p1a: Dai|Mandibuzz, F|100\/100\n|switch|p2a: Gex|Sceptile, M|100\/100\n|-damage|p2a: Gex|88\/100|[from] Stealth Rock\n|-damage|p2a: Gex|76\/100|[from] Spikes\n|turn|3\n|\n|t:|1696341947\n|detailschange|p2a: Gex|Sceptile-Mega, M\n|-mega|p2a: Gex|Sceptile|Sceptilite\n|move|p2a: Gex|Leaf Storm|p1b: Kaido\n|-damage|p1b: Kaido|10\/100\n|-unboost|p2a: Gex|spa|2\n|move|p2b: Sweetie|Decorate|p2a: Gex\n|-boost|p2a: Gex|atk|2\n|-boost|p2a: Gex|spa|2\n|move|p1b: Kaido|X-Scissor|p2a: Gex\n|-supereffective|p2a: Gex\n|-damage|p2a: Gex|0 fnt\n|faint|p2a: Gex\n|move|p1a: Dai|Whirlwind|p2b: Sweetie\n|drag|p2b: Lissa|Heliolisk, F, shiny|100\/100\n|-damage|p2b: Lissa|88\/100|[from] Stealth Rock\n|-damage|p2b: Lissa|76\/100|[from] Spikes\n|\n|upkeep\n|\n|t:|1696341966\n|switch|p2a: Sweetie|Alcremie, F, shiny|100\/100\n|-damage|p2a: Sweetie|88\/100|[from] Stealth Rock\n|-damage|p2a: Sweetie|76\/100|[from] Spikes\n|turn|4\n|\n|t:|1696341980\n|move|p2b: Lissa|Hyper Voice|p1b: Kaido|[spread] p1a,p1b\n|-resisted|p1b: Kaido\n|-damage|p1a: Dai|73\/100\n|-damage|p1b: Kaido|0 fnt\n|faint|p1b: Kaido\n|-damage|p2b: Lissa|66\/100|[from] item: Life Orb\n|move|p2a: Sweetie|Decorate|p2b: Lissa\n|-boost|p2b: Lissa|atk|2\n|-boost|p2b: Lissa|spa|2\n|move|p1a: Dai|Whirlwind|p2b: Lissa\n|drag|p2b: Frokage|Greninja, M|100\/100\n|-damage|p2b: Frokage|88\/100|[from] Stealth Rock\n|-damage|p2b: Frokage|76\/100|[from] Spikes\n|\n|-heal|p2a: Sweetie|82\/100|[from] item: Leftovers\n|-heal|p1a: Dai|79\/100|[from] item: Leftovers\n|-sideend|p2: SacredTerrador|move: Tailwind\n|upkeep\n|\n|t:|1696341997\n|switch|p1b: Yami|Sableye, M|100\/100\n|turn|5\n|c|\u2606SacredTerrador|Okay, I REAALLY like your strategy. This is cool\n|\n|t:|1696342029\n|move|p1b: Yami|Light Screen|p1b: Yami\n|-sidestart|p1: El Ryuk456|move: Light Screen\n|move|p2b: Frokage|Mat Block|p2b: Frokage\n|-start|p2b: Frokage|typechange|Fighting|[from] ability: Protean\n|-singleturn|p2b: Frokage|Mat Block\n|move|p2a: Sweetie|Decorate|p2b: Frokage\n|-boost|p2b: Frokage|atk|2\n|-boost|p2b: Frokage|spa|2\n|move|p1a: Dai|Whirlwind|p2b: Frokage\n|drag|p2b: Shoulders|Armarouge, M|100\/100\n|-damage|p2b: Shoulders|76\/100|[from] Stealth Rock\n|-damage|p2b: Shoulders|63\/100|[from] Spikes\n|\n|-heal|p1a: Dai|85\/100|[from] item: Leftovers\n|-heal|p2a: Sweetie|88\/100|[from] item: Leftovers\n|upkeep\n|turn|6\n|\n|t:|1696342074\n|move|p1b: Yami|Will-O-Wisp|p2a: Sweetie\n|-status|p2a: Sweetie|brn\n|move|p2b: Shoulders|Heat Wave|p1a: Dai|[spread] p1a\n|-miss|p2b: Shoulders|p1b: Yami\n|-damage|p1a: Dai|72\/100\n|move|p2a: Sweetie|Dazzling Gleam|p1b: Yami|[spread] p1a,p1b\n|-supereffective|p1a: Dai\n|-crit|p1a: Dai\n|-supereffective|p1b: Yami\n|-damage|p1a: Dai|30\/100\n|-damage|p1b: Yami|64\/100\n|move|p1a: Dai|Whirlwind|p2b: Shoulders\n|drag|p2b: Lissa|Heliolisk, F, shiny|66\/100\n|-damage|p2b: Lissa|53\/100|[from] Stealth Rock\n|-damage|p2b: Lissa|41\/100|[from] Spikes\n|\n|-heal|p1a: Dai|36\/100|[from] item: Leftovers\n|-heal|p2a: Sweetie|94\/100 brn|[from] item: Leftovers\n|-damage|p2a: Sweetie|88\/100 brn|[from] brn\n|upkeep\n|turn|7\n|\n|t:|1696342115\n|move|p2b: Lissa|Thunderbolt|p1b: Yami\n|-damage|p1b: Yami|23\/100\n|-damage|p2b: Lissa|31\/100|[from] item: Life Orb\n|move|p1a: Dai|Roost|p1a: Dai\n|-heal|p1a: Dai|86\/100\n|-singleturn|p1a: Dai|move: Roost\n|move|p2a: Sweetie|Light Screen|p2a: Sweetie\n|-sidestart|p2: SacredTerrador|move: Light Screen\n|move|p1b: Yami|Knock Off|p2b: Lissa\n|-damage|p2b: Lissa|0 fnt\n|-enditem|p2b: Lissa|Life Orb|[from] move: Knock Off|[of] p1b: Yami\n|faint|p2b: Lissa\n|\n|-heal|p1a: Dai|92\/100|[from] item: Leftovers\n|-heal|p2a: Sweetie|94\/100 brn|[from] item: Leftovers\n|-damage|p2a: Sweetie|88\/100 brn|[from] brn\n|upkeep\n|inactive|Battle timer is ON: inactive players will automatically lose when time's up. (requested by El Ryuk456)\n|\n|t:|1696342135\n|switch|p2b: Shoulders|Armarouge, M|63\/100\n|-damage|p2b: Shoulders|38\/100|[from] Stealth Rock\n|-damage|p2b: Shoulders|26\/100|[from] Spikes\n|-enditem|p2b: Shoulders|Sitrus Berry|[eat]\n|-heal|p2b: Shoulders|51\/100|[from] item: Sitrus Berry\n|turn|8\n|\n|t:|1696342148\n|move|p2b: Shoulders|Ally Switch|p2b: Shoulders\n|swap|p2b: Shoulders|0|[from] move: Ally Switch\n|move|p2b: Sweetie|Dazzling Gleam|p1b: Yami|[spread] p1a,p1b\n|-supereffective|p1a: Dai\n|-supereffective|p1b: Yami\n|-damage|p1a: Dai|72\/100\n|-damage|p1b: Yami|0 fnt\n|faint|p1b: Yami\n|move|p1a: Dai|Whirlwind|p2a: Shoulders\n|drag|p2a: Frokage|Greninja, M|76\/100\n|-damage|p2a: Frokage|64\/100|[from] Stealth Rock\n|-damage|p2a: Frokage|51\/100|[from] Spikes\n|\n|-heal|p1a: Dai|78\/100|[from] item: Leftovers\n|-heal|p2b: Sweetie|94\/100 brn|[from] item: Leftovers\n|-damage|p2b: Sweetie|88\/100 brn|[from] brn\n|upkeep\n|\n|t:|1696342156\n|switch|p1b: Rookie|Skeledirge, M|100\/100\n|turn|9\n|inactive|SacredTerrador has 120 seconds left.\n|\n|t:|1696342187\n|-terastallize|p1b: Rookie|Water\n|move|p2a: Frokage|Water Shuriken|p1b: Rookie\n|-start|p2a: Frokage|typechange|Water|[from] ability: Protean\n|-resisted|p1b: Rookie\n|-damage|p1b: Rookie|98\/100\n|-resisted|p1b: Rookie\n|-damage|p1b: Rookie|96\/100\n|-resisted|p1b: Rookie\n|-damage|p1b: Rookie|94\/100\n|-resisted|p1b: Rookie\n|-damage|p1b: Rookie|91\/100\n|-resisted|p1b: Rookie\n|-damage|p1b: Rookie|89\/100\n|-hitcount|p1b: Rookie|5\n|move|p1b: Rookie|Snarl|p2b: Sweetie|[spread] p2a,p2b\n|-resisted|p2b: Sweetie\n|-damage|p2a: Frokage|37\/100\n|-damage|p2b: Sweetie|85\/100 brn\n|-unboost|p2a: Frokage|spa|1\n|-unboost|p2b: Sweetie|spa|1\n|move|p2b: Sweetie|Dazzling Gleam|p1a: Dai|[spread] p1a,p1b\n|-supereffective|p1a: Dai\n|-damage|p1a: Dai|65\/100\n|-damage|p1b: Rookie|75\/100\n|move|p1a: Dai|Whirlwind|p2a: Frokage\n|drag|p2a: Shoulders|Armarouge, M|51\/100\n|-damage|p2a: Shoulders|26\/100|[from] Stealth Rock\n|-damage|p2a: Shoulders|14\/100|[from] Spikes\n|\n|-heal|p1a: Dai|71\/100|[from] item: Leftovers\n|-heal|p2b: Sweetie|91\/100 brn|[from] item: Leftovers\n|-damage|p2b: Sweetie|85\/100 brn|[from] brn\n|upkeep\n|turn|10\n|inactive|SacredTerrador has 120 seconds left.\n|-message|SacredTerrador forfeited.\n|\n|win|El Ryuk456\n|raw|El Ryuk456's rating: 1268 &rarr; <strong>1282<\/strong><br \/>(+14 for winning)\n|raw|SacredTerrador's rating: 1097 &rarr; <strong>1084<\/strong><br \/>(-13 for losing)\n|l|\u2606SacredTerrador\n","uploadtime":1696342275,"views":10,"p1id":"elryuk456","p2id":"sacredterrador","formatid":"gen9nationaldexdoubles","rating":1084,"private":0,"password":""}