{"id":"gen9nationaldexdoubles-1959599253","p1":"Indominus T-Rex","p2":"Dusk Lucarionite","format":"[Gen 9] National Dex Doubles","log":"|j|\u2606Indominus T-Rex\n|j|\u2606Dusk Lucarionite\n|t:|1696440333\n|gametype|doubles\n|player|p1|Indominus T-Rex|lusamine-nihilego|1119\n|player|p2|Dusk Lucarionite|riley|1000\n|teamsize|p1|6\n|teamsize|p2|6\n|gen|9\n|tier|[Gen 9] National Dex Doubles\n|rated|\n|rule|HP Percentage Mod: HP is shown in percentages\n|rule|Endless Battle Clause: Forcing endless battles is banned\n|rule|OHKO Clause: OHKO moves are banned\n|rule|Evasion Moves Clause: Evasion moves are banned\n|rule|Evasion Abilities Clause: Evasion abilities are banned\n|rule|Species Clause: Limit one of each Pok\u00e9mon\n|rule|Gravity Sleep Clause: The combination of sleep-inducing moves with imperfect accuracy and Gravity or Gigantamax Orbeetle are banned\n|clearpoke\n|poke|p1|Naganadel|\n|poke|p1|Guzzlord|\n|poke|p1|Nihilego|\n|poke|p1|Buzzwole|\n|poke|p1|Pheromosa|\n|poke|p1|Xurkitree|\n|poke|p2|Dudunsparce-*, F|\n|poke|p2|Maushold|\n|poke|p2|Meowscarada, M|\n|poke|p2|Amoonguss, F|\n|poke|p2|Flamigo, M|\n|poke|p2|Vaporeon, F|\n|teampreview\n|c|\u2606Dusk Lucarionite|holy beat\n|c|\u2606Dusk Lucarionite|beast\n|\n|t:|1696440348\n|start\n|switch|p1a: Buzzwole|Buzzwole|100\/100\n|switch|p1b: Pheromosa|Pheromosa|100\/100\n|switch|p2a: Dudunsparce|Dudunsparce-Three-Segment, F|100\/100\n|switch|p2b: Maushold|Maushold|100\/100\n|turn|1\n|c|\u2606Indominus T-Rex|MR BEAST\n|c|\u2606Dusk Lucarionite|lol\n|\n|t:|1696440369\n|-terastallize|p2a: Dudunsparce|Ghost\n|move|p1b: Pheromosa|High Jump Kick|p2a: Dudunsparce\n|-immune|p2a: Dudunsparce\n|-damage|p1b: Pheromosa|51\/100|[from] highjumpkick\n|move|p2b: Maushold|Beat Up|p2a: Dudunsparce\n|-supereffective|p2a: Dudunsparce\n|-damage|p2a: Dudunsparce|98\/100\n|-ability|p2a: Dudunsparce|Rattled|boost\n|-boost|p2a: Dudunsparce|spe|1\n|-enditem|p2a: Dudunsparce|Weakness Policy\n|-boost|p2a: Dudunsparce|atk|2|[from] item: Weakness Policy\n|-boost|p2a: Dudunsparce|spa|2|[from] item: Weakness Policy\n|-supereffective|p2a: Dudunsparce\n|-damage|p2a: Dudunsparce|95\/100\n|-ability|p2a: Dudunsparce|Rattled|boost\n|-boost|p2a: Dudunsparce|spe|1\n|-supereffective|p2a: Dudunsparce\n|-damage|p2a: Dudunsparce|92\/100\n|-ability|p2a: Dudunsparce|Rattled|boost\n|-boost|p2a: Dudunsparce|spe|1\n|-supereffective|p2a: Dudunsparce\n|-damage|p2a: Dudunsparce|90\/100\n|-ability|p2a: Dudunsparce|Rattled|boost\n|-boost|p2a: Dudunsparce|spe|1\n|-supereffective|p2a: Dudunsparce\n|-damage|p2a: Dudunsparce|88\/100\n|-ability|p2a: Dudunsparce|Rattled|boost\n|-boost|p2a: Dudunsparce|spe|1\n|-supereffective|p2a: Dudunsparce\n|-damage|p2a: Dudunsparce|86\/100\n|-ability|p2a: Dudunsparce|Rattled|boost\n|-boost|p2a: Dudunsparce|spe|1\n|-hitcount|p2a: Dudunsparce|6\n|move|p2a: Dudunsparce|Coil|p2a: Dudunsparce\n|-boost|p2a: Dudunsparce|atk|1\n|-boost|p2a: Dudunsparce|def|1\n|-boost|p2a: Dudunsparce|accuracy|1\n|move|p1a: Buzzwole|Brick Break|p2b: Maushold\n|-supereffective|p2b: Maushold\n|-enditem|p2b: Maushold|Focus Sash\n|-damage|p2b: Maushold|1\/100\n|\n|upkeep\n|turn|2\n|\n|t:|1696440423\n|move|p2a: Dudunsparce|Protect|p2a: Dudunsparce\n|-singleturn|p2a: Dudunsparce|Protect\n|move|p1b: Pheromosa|Throat Chop|p2a: Dudunsparce\n|-activate|p2a: Dudunsparce|move: Protect\n|move|p2b: Maushold|Population Bomb|p1b: Pheromosa\n|-damage|p1b: Pheromosa|38\/100\n|-hitcount|p1b: Pheromosa|1\n|move|p1a: Buzzwole|Darkest Lariat|p2a: Dudunsparce\n|-activate|p2a: Dudunsparce|move: Protect\n|\n|upkeep\n|turn|3\n|\n|t:|1696440446\n|move|p2a: Dudunsparce|Baton Pass|p2a: Dudunsparce\n|\n|t:|1696440450\n|switch|p2a: Vaporeon|Vaporeon, F|100\/100|[from] Baton Pass\n|move|p1b: Pheromosa|Drill Run|p2b: Maushold\n|-damage|p2b: Maushold|0 fnt\n|faint|p2b: Maushold\n|-ability|p1b: Pheromosa|Beast Boost|boost\n|-boost|p1b: Pheromosa|spe|1\n|move|p1a: Buzzwole|Darkest Lariat|p2a: Vaporeon\n|-damage|p2a: Vaporeon|60\/100\n|\n|-heal|p2a: Vaporeon|66\/100|[from] item: Leftovers\n|upkeep\n|\n|t:|1696440459\n|switch|p2b: Meowscarada|Meowscarada, M|100\/100\n|turn|4\n|\n|t:|1696440473\n|move|p2a: Vaporeon|Surf|p1b: Pheromosa|[spread] p2b,p1a,p1b\n|-resisted|p2b: Meowscarada\n|-damage|p2b: Meowscarada|53\/100\n|-damage|p1a: Buzzwole|22\/100\n|-damage|p1b: Pheromosa|0 fnt\n|faint|p1b: Pheromosa\n|move|p2b: Meowscarada|Play Rough|p1a: Buzzwole\n|-start|p2b: Meowscarada|typechange|Fairy|[from] ability: Protean\n|-supereffective|p1a: Buzzwole\n|-damage|p1a: Buzzwole|0 fnt\n|faint|p1a: Buzzwole\n|\n|-heal|p2a: Vaporeon|73\/100|[from] item: Leftovers\n|upkeep\n|c|\u2606Dusk Lucarionite|lol\n|c|\u2606Dusk Lucarionite|vaporeon good\n|\n|t:|1696440502\n|switch|p1b: Guzzlord|Guzzlord|100\/100\n|switch|p1a: Xurkitree|Xurkitree|100\/100\n|turn|5\n|\n|t:|1696440516\n|move|p2a: Vaporeon|Stored Power|p1a: Xurkitree\n|-damage|p1a: Xurkitree|0 fnt\n|faint|p1a: Xurkitree\n|move|p2b: Meowscarada|Play Rough|p1b: Guzzlord\n|-supereffective|p1b: Guzzlord\n|-damage|p1b: Guzzlord|0 fnt\n|faint|p1b: Guzzlord\n|\n|-heal|p2a: Vaporeon|79\/100|[from] item: Leftovers\n|upkeep\n|c|\u2606Indominus T-Rex|Yeah'\n|\n|t:|1696440530\n|switch|p1a: Naganadel|Naganadel|100\/100\n|switch|p1b: Nihilego|Nihilego|100\/100\n|turn|6\n|c|\u2606Dusk Lucarionite|lol kill me meow\n|c|\u2606Dusk Lucarionite|i wanna show this\n|c|\u2606Indominus T-Rex|Sure\n|\n|t:|1696440553\n|move|p2a: Vaporeon|Surf|p1b: Nihilego|[spread] p2b,p1a,p1b\n|-resisted|p1a: Naganadel\n|-supereffective|p1b: Nihilego\n|-damage|p2b: Meowscarada|0 fnt\n|-damage|p1a: Naganadel|60\/100\n|-damage|p1b: Nihilego|19\/100\n|faint|p2b: Meowscarada\n|move|p1a: Naganadel|Sludge Bomb|p2a: Vaporeon\n|-damage|p2a: Vaporeon|45\/100\n|move|p1b: Nihilego|Power Gem|p2a: Vaporeon\n|-damage|p2a: Vaporeon|14\/100\n|\n|-heal|p2a: Vaporeon|20\/100|[from] item: Leftovers\n|-heal|p1a: Naganadel|66\/100|[from] item: Black Sludge\n|upkeep\n|\n|t:|1696440563\n|switch|p2b: Flamigo|Flamigo, M|100\/100\n|-copyboost|p2b: Flamigo|p2a: Vaporeon|[from] ability: Costar\n|turn|7\n|c|\u2606Dusk Lucarionite|see\n|c|\u2606Dusk Lucarionite|now they both good\n|c|\u2606Indominus T-Rex|I'm Flabbergasted\n|c|\u2606Dusk Lucarionite|why\n|c|\u2606Indominus T-Rex|I Never Knew It Was That OP\n|c|\u2606Indominus T-Rex|GG\n|c|\u2606Dusk Lucarionite|gg\n|\n|t:|1696440610\n|move|p2b: Flamigo|Close Combat|p1b: Nihilego\n|-damage|p1b: Nihilego|0 fnt\n|-unboost|p2b: Flamigo|def|1\n|-unboost|p2b: Flamigo|spd|1\n|faint|p1b: Nihilego\n|move|p2a: Vaporeon|Stored Power|p1a: Naganadel\n|-supereffective|p1a: Naganadel\n|-damage|p1a: Naganadel|0 fnt\n|faint|p1a: Naganadel\n|\n|win|Dusk Lucarionite\n|raw|Indominus T-Rex's rating: 1119 &rarr; <strong>1086<\/strong><br \/>(-33 for losing)\n|raw|Dusk Lucarionite's rating: 1000 &rarr; <strong>1053<\/strong><br \/>(+53 for winning)\n|c|\u2606Dusk Lucarionite|yea want the team\n|c|\u2606Dusk Lucarionite|i can give it to you\n|c|\u2606Indominus T-Rex|Yes Please\n|c|\u2606Dusk Lucarionite|ok\n|c|\u2606Dusk Lucarionite|its in dm\n|c|\u2606Indominus T-Rex|Alright\n","uploadtime":1696440690,"views":4,"p1id":"indominustrex","p2id":"dusklucarionite","formatid":"gen9nationaldexdoubles","rating":1053,"private":0,"password":""}