{"id":"gen9nationaldexdoubles-1958223691","p1":"blossom02","p2":"GundamCalibarn","format":"[Gen 9] National Dex Doubles","log":"|j|\u2606blossom02\n|j|\u2606GundamCalibarn\n|t:|1696299795\n|gametype|doubles\n|player|p1|blossom02|mira|1242\n|player|p2|GundamCalibarn|1|1228\n|teamsize|p1|6\n|teamsize|p2|6\n|gen|9\n|tier|[Gen 9] National Dex Doubles\n|rated|\n|rule|HP Percentage Mod: HP is shown in percentages\n|rule|Endless Battle Clause: Forcing endless battles is banned\n|rule|OHKO Clause: OHKO moves are banned\n|rule|Evasion Moves Clause: Evasion moves are banned\n|rule|Evasion Abilities Clause: Evasion abilities are banned\n|rule|Species Clause: Limit one of each Pok\u00e9mon\n|rule|Gravity Sleep Clause: The combination of sleep-inducing moves with imperfect accuracy and Gravity or Gigantamax Orbeetle are banned\n|clearpoke\n|poke|p1|Audino, F|\n|poke|p1|Clefable, F|\n|poke|p1|Klefki, F|\n|poke|p1|Primarina, F|\n|poke|p1|Togekiss, F|\n|poke|p1|Hatterene, F|\n|poke|p2|Exploud, F|\n|poke|p2|Toxtricity-Low-Key, F|\n|poke|p2|Noivern, M|\n|poke|p2|Meloetta|\n|poke|p2|Kommo-o, F|\n|poke|p2|Bastiodon, F|\n|teampreview\n|\n|t:|1696299823\n|start\n|switch|p1a: Klefki|Klefki, F|100\/100\n|switch|p1b: Togekiss|Togekiss, F, shiny|100\/100\n|switch|p2a: Exploud|Exploud, F|100\/100\n|switch|p2b: Bastiodon|Bastiodon, F|100\/100\n|-item|p2b: Bastiodon|Air Balloon\n|turn|1\n|inactive|Battle timer is ON: inactive players will automatically lose when time's up. (requested by GundamCalibarn)\n|\n|t:|1696299844\n|-terastallize|p1b: Togekiss|Fairy\n|move|p1a: Klefki|Reflect|p1a: Klefki\n|-sidestart|p1: blossom02|Reflect\n|move|p1b: Togekiss|Aura Sphere|p2a: Exploud\n|-supereffective|p2a: Exploud\n|-damage|p2a: Exploud|35\/100\n|move|p2a: Exploud|Flamethrower|p1a: Klefki\n|-supereffective|p1a: Klefki\n|-damage|p1a: Klefki|30\/100\n|move|p2b: Bastiodon|Stealth Rock|p1a: Klefki\n|-sidestart|p1: blossom02|move: Stealth Rock\n|\n|upkeep\n|turn|2\n|inactive|GundamCalibarn has 120 seconds left.\n|\n|t:|1696299879\n|switch|p2a: Meloetta|Meloetta|100\/100\n|move|p1a: Klefki|Light Screen|p1a: Klefki\n|-sidestart|p1: blossom02|move: Light Screen\n|move|p1b: Togekiss|Aura Sphere|p2a: Meloetta\n|-damage|p2a: Meloetta|80\/100\n|move|p2b: Bastiodon|Roar|p1b: Togekiss\n|drag|p1b: Audino|Audino, F|100\/100\n|-damage|p1b: Audino|88\/100|[from] Stealth Rock\n|\n|upkeep\n|turn|3\n|\n|t:|1696299900\n|detailschange|p1b: Audino|Audino-Mega, F\n|-mega|p1b: Audino|Audino|Audinite\n|move|p2a: Meloetta|Psychic|p1a: Klefki\n|-resisted|p1a: Klefki\n|-damage|p1a: Klefki|11\/100\n|move|p1b: Audino|Calm Mind|p1b: Audino\n|-boost|p1b: Audino|spa|1\n|-boost|p1b: Audino|spd|1\n|move|p1a: Klefki|Trick Room|p1a: Klefki\n|-fieldstart|move: Trick Room|[of] p1a: Klefki\n|move|p2b: Bastiodon|Roar|p1b: Audino\n|drag|p1b: Clefable|Clefable, F, shiny|100\/100\n|-damage|p1b: Clefable|88\/100|[from] Stealth Rock\n|\n|upkeep\n|turn|4\n|\n|t:|1696299926\n|move|p1b: Clefable|Wish|p1b: Clefable\n|move|p1a: Klefki|Foul Play|p2a: Meloetta\n|-supereffective|p2a: Meloetta\n|-damage|p2a: Meloetta|54\/100\n|move|p2a: Meloetta|Shadow Ball|p1a: Klefki\n|-damage|p1a: Klefki|0 fnt\n|faint|p1a: Klefki\n|move|p2b: Bastiodon|Roar|p1b: Clefable\n|drag|p1b: Audino|Audino-Mega, F|88\/100\n|-damage|p1b: Audino|76\/100|[from] Stealth Rock\n|\n|upkeep\n|\n|t:|1696299939\n|switch|p1a: Togekiss|Togekiss, F, shiny, tera:Fairy|100\/100\n|-damage|p1a: Togekiss|88\/100|[from] Stealth Rock\n|turn|5\n|\n|t:|1696299966\n|move|p1b: Audino|Dazzling Gleam|p2b: Bastiodon|[spread] p2a,p2b\n|-resisted|p2b: Bastiodon\n|-damage|p2a: Meloetta|46\/100\n|-damage|p2b: Bastiodon|94\/100\n|-enditem|p2b: Bastiodon|Air Balloon\n|move|p1a: Togekiss|Aura Sphere|p2b: Bastiodon\n|-supereffective|p2b: Bastiodon\n|-damage|p2b: Bastiodon|0 fnt\n|faint|p2b: Bastiodon\n|move|p2a: Meloetta|Psychic|p1a: Togekiss\n|-damage|p1a: Togekiss|62\/100\n|-unboost|p1a: Togekiss|spd|1\n|\n|-heal|p1b: Audino|100\/100|[from] move: Wish|[wisher] Clefable\n|upkeep\n|inactive|GundamCalibarn has 120 seconds left.\n|\n|t:|1696299986\n|switch|p2b: Toxtricity|Toxtricity-Low-Key, F|100\/100\n|turn|6\n|inactive|GundamCalibarn has 120 seconds left.\n|\n|t:|1696300015\n|switch|p1a: Clefable|Clefable, F, shiny|88\/100\n|-damage|p1a: Clefable|76\/100|[from] Stealth Rock\n|switch|p2a: Noivern|Noivern, M|100\/100\n|move|p1b: Audino|Calm Mind|p1b: Audino\n|-boost|p1b: Audino|spa|1\n|-boost|p1b: Audino|spd|1\n|move|p2b: Toxtricity|Sludge Wave|p1b: Audino|[spread] p1a,p1b\n|-activate|p2a: Noivern|ability: Telepathy\n|-supereffective|p1a: Clefable\n|-supereffective|p1b: Audino\n|-damage|p1a: Clefable|30\/100\n|-damage|p1b: Audino|77\/100\n|\n|upkeep\n|turn|7\n|\n|t:|1696300035\n|move|p1b: Audino|Wish|p1b: Audino\n|move|p1a: Clefable|Moonblast|p2a: Noivern\n|-supereffective|p2a: Noivern\n|-damage|p2a: Noivern|12\/100\n|-unboost|p2a: Noivern|spa|1\n|move|p2b: Toxtricity|Sludge Wave|p1a: Clefable|[spread] p1a,p1b\n|-activate|p2a: Noivern|ability: Telepathy\n|-supereffective|p1a: Clefable\n|-supereffective|p1b: Audino\n|-damage|p1a: Clefable|0 fnt\n|-damage|p1b: Audino|55\/100\n|faint|p1a: Clefable\n|move|p2a: Noivern|Tailwind|p2a: Noivern\n|-sidestart|p2: GundamCalibarn|move: Tailwind\n|\n|-fieldend|move: Trick Room\n|upkeep\n|\n|t:|1696300045\n|switch|p1a: Togekiss|Togekiss, F, shiny, tera:Fairy|62\/100\n|-damage|p1a: Togekiss|50\/100|[from] Stealth Rock\n|turn|8\n|\n|t:|1696300059\n|-terastallize|p2b: Toxtricity|Ghost\n|move|p2a: Noivern|Boomburst|p1a: Togekiss|[spread] p1a,p1b\n|-immune|p2b: Toxtricity\n|-damage|p1a: Togekiss|40\/100\n|-damage|p1b: Audino|48\/100\n|-enditem|p2a: Noivern|Throat Spray\n|-boost|p2a: Noivern|spa|1|[from] item: Throat Spray\n|move|p2b: Toxtricity|Sludge Wave|p1a: Togekiss|[spread] p1a,p1b\n|-activate|p2a: Noivern|ability: Telepathy\n|-supereffective|p1a: Togekiss\n|-supereffective|p1b: Audino\n|-damage|p1a: Togekiss|0 fnt\n|-damage|p1b: Audino|25\/100\n|faint|p1a: Togekiss\n|move|p1b: Audino|Calm Mind|p1b: Audino\n|-boost|p1b: Audino|spa|1\n|-boost|p1b: Audino|spd|1\n|\n|-heal|p1b: Audino|75\/100|[from] move: Wish|[wisher] Audino\n|-sideend|p1: blossom02|Reflect\n|upkeep\n|\n|t:|1696300086\n|switch|p1a: Primarina|Primarina, F, shiny|100\/100\n|-damage|p1a: Primarina|88\/100|[from] Stealth Rock\n|turn|9\n|\n|t:|1696300099\n|move|p2a: Noivern|Boomburst|p1b: Audino|[spread] p1a,p1b\n|-immune|p2b: Toxtricity\n|-damage|p1a: Primarina|77\/100\n|-damage|p1b: Audino|68\/100\n|move|p2b: Toxtricity|Sludge Wave|p1a: Primarina|[spread] p1a,p1b\n|-activate|p2a: Noivern|ability: Telepathy\n|-supereffective|p1a: Primarina\n|-supereffective|p1b: Audino\n|-damage|p1a: Primarina|49\/100\n|-damage|p1b: Audino|50\/100\n|move|p1a: Primarina|Hyper Voice|p2a: Noivern|[spread] p2a,p2b\n|-resisted|p2a: Noivern\n|-damage|p2a: Noivern|0 fnt\n|-damage|p2b: Toxtricity|85\/100\n|faint|p2a: Noivern\n|move|p1b: Audino|Dazzling Gleam|p2b: Toxtricity\n|-damage|p2b: Toxtricity|43\/100\n|\n|-sideend|p1: blossom02|move: Light Screen\n|upkeep\n|\n|t:|1696300119\n|switch|p2a: Exploud|Exploud, F|35\/100\n|turn|10\n|\n|t:|1696300131\n|move|p2b: Toxtricity|Sludge Wave|p1b: Audino|[spread] p2a,p1a,p1b\n|-supereffective|p1a: Primarina\n|-supereffective|p1b: Audino\n|-damage|p2a: Exploud|9\/100\n|-damage|p1a: Primarina|7\/100\n|-damage|p1b: Audino|22\/100\n|move|p2a: Exploud|Boomburst|p1b: Audino|[spread] p1a,p1b\n|-immune|p2b: Toxtricity\n|-damage|p1a: Primarina|0 fnt\n|-damage|p1b: Audino|7\/100\n|faint|p1a: Primarina\n|move|p1b: Audino|Wish|p1b: Audino\n|\n|-sideend|p2: GundamCalibarn|move: Tailwind\n|upkeep\n|\n|t:|1696300134\n|switch|p1a: Hatterene|Hatterene, F, shiny|100\/100\n|-damage|p1a: Hatterene|88\/100|[from] Stealth Rock\n|turn|11\n|\n|t:|1696300148\n|move|p1b: Audino|Protect|p1b: Audino\n|-singleturn|p1b: Audino|Protect\n|move|p2b: Toxtricity|Boomburst|p1b: Audino|[spread] p1a\n|-activate|p1b: Audino|move: Protect\n|-immune|p2a: Exploud|[from] ability: Soundproof\n|-damage|p1a: Hatterene|37\/100\n|move|p2a: Exploud|Boomburst|p1b: Audino|[spread] p1a\n|-activate|p1b: Audino|move: Protect\n|-immune|p2b: Toxtricity\n|-damage|p1a: Hatterene|0 fnt\n|faint|p1a: Hatterene\n|\n|-heal|p1b: Audino|57\/100|[from] move: Wish|[wisher] Audino\n|upkeep\n|turn|12\n|\n|t:|1696300167\n|move|p2b: Toxtricity|Sludge Wave|p1b: Audino|[spread] p2a,p1b\n|-supereffective|p1b: Audino\n|-damage|p2a: Exploud|0 fnt\n|-damage|p1b: Audino|32\/100\n|faint|p2a: Exploud\n|move|p1b: Audino|Wish|p1b: Audino\n|\n|upkeep\n|\n|t:|1696300173\n|switch|p2a: Kommo-o|Kommo-o, F|100\/100\n|turn|13\n|\n|t:|1696300194\n|move|p1b: Audino|Protect|p1b: Audino\n|-singleturn|p1b: Audino|Protect\n|-zpower|p2a: Kommo-o\n|move|p2a: Kommo-o|Clangorous Soulblaze|p1b: Audino|[zeffect]\n|-immune|p1b: Audino\n|move|p2b: Toxtricity|Boomburst|p1b: Audino|[spread] \n|-activate|p1b: Audino|move: Protect\n|-immune|p2a: Kommo-o|[from] ability: Soundproof\n|\n|-heal|p1b: Audino|82\/100|[from] move: Wish|[wisher] Audino\n|upkeep\n|turn|14\n|\n|t:|1696300218\n|move|p2a: Kommo-o|Flamethrower|p1b: Audino\n|-damage|p1b: Audino|73\/100\n|move|p2b: Toxtricity|Boomburst|p1b: Audino|[spread] p1b\n|-immune|p2a: Kommo-o|[from] ability: Soundproof\n|-damage|p1b: Audino|57\/100\n|move|p1b: Audino|Calm Mind|p1b: Audino\n|-boost|p1b: Audino|spa|1\n|-boost|p1b: Audino|spd|1\n|\n|upkeep\n|turn|15\n|\n|t:|1696300236\n|move|p2a: Kommo-o|Flamethrower|p1b: Audino\n|-damage|p1b: Audino|49\/100\n|move|p2b: Toxtricity|Boomburst|p1b: Audino|[spread] p1b\n|-immune|p2a: Kommo-o|[from] ability: Soundproof\n|-damage|p1b: Audino|36\/100\n|move|p1b: Audino|Wish|p1b: Audino\n|\n|upkeep\n|turn|16\n|\n|t:|1696300254\n|move|p1b: Audino|Protect|p1b: Audino\n|-singleturn|p1b: Audino|Protect\n|move|p2a: Kommo-o|Flamethrower|p1b: Audino\n|-activate|p1b: Audino|move: Protect\n|move|p2b: Toxtricity|Overdrive|p1b: Audino\n|-activate|p1b: Audino|move: Protect\n|\n|-heal|p1b: Audino|86\/100|[from] move: Wish|[wisher] Audino\n|upkeep\n|turn|17\n|\n|t:|1696300270\n|move|p2a: Kommo-o|Flamethrower|p1b: Audino\n|-damage|p1b: Audino|78\/100\n|move|p2b: Toxtricity|Boomburst|p1b: Audino|[spread] p1b\n|-immune|p2a: Kommo-o|[from] ability: Soundproof\n|-damage|p1b: Audino|66\/100\n|move|p1b: Audino|Calm Mind|p1b: Audino\n|-boost|p1b: Audino|spa|1\n|-boost|p1b: Audino|spd|1\n|\n|upkeep\n|turn|18\n|\n|t:|1696300282\n|move|p2a: Kommo-o|Flamethrower|p1b: Audino\n|-damage|p1b: Audino|60\/100\n|move|p2b: Toxtricity|Boomburst|p1b: Audino|[spread] p1b\n|-immune|p2a: Kommo-o|[from] ability: Soundproof\n|-damage|p1b: Audino|49\/100\n|move|p1b: Audino|Wish|p1b: Audino\n|\n|upkeep\n|turn|19\n|\n|t:|1696300297\n|move|p2a: Kommo-o|Flamethrower|p1b: Audino\n|-damage|p1b: Audino|43\/100\n|move|p2b: Toxtricity|Hyper Voice|p1b: Audino\n|-damage|p1b: Audino|34\/100\n|move|p1b: Audino|Calm Mind|p1b: Audino\n|-boost|p1b: Audino|spa|1\n|-boost|p1b: Audino|spd|1\n|\n|-heal|p1b: Audino|84\/100|[from] move: Wish|[wisher] Audino\n|upkeep\n|turn|20\n|\n|t:|1696300312\n|move|p2a: Kommo-o|Flamethrower|p1b: Audino\n|-damage|p1b: Audino|78\/100\n|move|p2b: Toxtricity|Boomburst|p1b: Audino|[spread] p1b\n|-immune|p2a: Kommo-o|[from] ability: Soundproof\n|-damage|p1b: Audino|69\/100\n|move|p1b: Audino|Calm Mind|p1b: Audino\n|-boost|p1b: Audino|spa|1\n|-boost|p1b: Audino|spd|1\n|\n|upkeep\n|turn|21\n|\n|t:|1696300335\n|move|p2a: Kommo-o|Flamethrower|p1b: Audino\n|-damage|p1b: Audino|65\/100\n|move|p2b: Toxtricity|Boomburst|p1b: Audino|[spread] p1b\n|-immune|p2a: Kommo-o|[from] ability: Soundproof\n|-damage|p1b: Audino|57\/100\n|move|p1b: Audino|Wish|p1b: Audino\n|\n|upkeep\n|turn|22\n|\n|t:|1696300344\n|move|p1b: Audino|Protect|p1b: Audino\n|-singleturn|p1b: Audino|Protect\n|move|p2a: Kommo-o|Flamethrower|p1b: Audino\n|-activate|p1b: Audino|move: Protect\n|move|p2b: Toxtricity|Boomburst|p1b: Audino|[spread] \n|-activate|p1b: Audino|move: Protect\n|-immune|p2a: Kommo-o|[from] ability: Soundproof\n|\n|-heal|p1b: Audino|100\/100|[from] move: Wish|[wisher] Audino\n|upkeep\n|turn|23\n|\n|t:|1696300357\n|move|p2a: Kommo-o|Flamethrower|p1b: Audino\n|-damage|p1b: Audino|96\/100\n|move|p2b: Toxtricity|Boomburst|p1b: Audino|[spread] p1b\n|-immune|p2a: Kommo-o|[from] ability: Soundproof\n|-damage|p1b: Audino|88\/100\n|move|p1b: Audino|Dazzling Gleam|p2a: Kommo-o|[spread] p2a,p2b\n|-supereffective|p2a: Kommo-o\n|-damage|p2a: Kommo-o|0 fnt\n|-damage|p2b: Toxtricity|0 fnt\n|faint|p2a: Kommo-o\n|faint|p2b: Toxtricity\n|\n|upkeep\n|\n|t:|1696300369\n|switch|p2b: Meloetta|Meloetta|46\/100\n|turn|24\n|\n|t:|1696300380\n|move|p2b: Meloetta|Signal Beam|p1b: Audino\n|-resisted|p1b: Audino\n|-damage|p1b: Audino|85\/100\n|move|p1b: Audino|Dazzling Gleam|p2b: Meloetta\n|-damage|p2b: Meloetta|0 fnt\n|faint|p2b: Meloetta\n|\n|win|blossom02\n|raw|blossom02's rating: 1242 &rarr; <strong>1266<\/strong><br \/>(+24 for winning)\n|raw|GundamCalibarn's rating: 1228 &rarr; <strong>1204<\/strong><br \/>(-24 for losing)\n|l|\u2606GundamCalibarn\n","uploadtime":1696300394,"views":14,"p1id":"blossom02","p2id":"gundamcalibarn","formatid":"gen9nationaldexdoubles","rating":1204,"private":0,"password":""}