{"id":"gen9nationaldexdoubles-1950881264","p1":"black a cat","p2":"Schuey_007","format":"[Gen 9] National Dex Doubles","log":"|j|\u2606black a cat\n|j|\u2606Schuey_007\n|t:|1695515544\n|gametype|doubles\n|player|p1|black a cat|preschooler|1048\n|player|p2|Schuey_007|benga|1226\n|teamsize|p1|6\n|teamsize|p2|6\n|gen|9\n|tier|[Gen 9] National Dex Doubles\n|rated|\n|rule|HP Percentage Mod: HP is shown in percentages\n|rule|Endless Battle Clause: Forcing endless battles is banned\n|rule|OHKO Clause: OHKO moves are banned\n|rule|Evasion Moves Clause: Evasion moves are banned\n|rule|Evasion Abilities Clause: Evasion abilities are banned\n|rule|Species Clause: Limit one of each Pok\u00e9mon\n|rule|Gravity Sleep Clause: The combination of sleep-inducing moves with imperfect accuracy and Gravity or Gigantamax Orbeetle are banned\n|clearpoke\n|poke|p1|Serperior, F|\n|poke|p1|Maushold-Four|\n|poke|p1|Flutter Mane|\n|poke|p1|Medicham, M|\n|poke|p1|Blaziken, F|\n|poke|p1|Lucario, F|\n|poke|p2|Cramorant, F|\n|poke|p2|Gastrodon, M|\n|poke|p2|Grapploct, F|\n|poke|p2|Lurantis, M|\n|poke|p2|Ninetales, F|\n|poke|p2|Houndoom, M|\n|teampreview\n|\n|t:|1695515549\n|start\n|switch|p1a: Maushold|Maushold-Four|100\/100\n|switch|p1b: Lucario|Lucario, F|100\/100\n|switch|p2a: Lurantis|Lurantis, M, shiny|100\/100\n|switch|p2b: Grapploct|Grapploct, F, shiny|100\/100\n|turn|1\n|\n|t:|1695515565\n|move|p1b: Lucario|Extreme Speed|p2a: Lurantis\n|-damage|p2a: Lurantis|53\/100\n|move|p1a: Maushold|Beat Up|p1b: Lucario\n|-resisted|p1b: Lucario\n|-damage|p1b: Lucario|98\/100\n|-ability|p1b: Lucario|Justified|boost\n|-boost|p1b: Lucario|atk|1\n|-resisted|p1b: Lucario\n|-damage|p1b: Lucario|94\/100\n|-ability|p1b: Lucario|Justified|boost\n|-boost|p1b: Lucario|atk|1\n|-resisted|p1b: Lucario\n|-damage|p1b: Lucario|91\/100\n|-ability|p1b: Lucario|Justified|boost\n|-boost|p1b: Lucario|atk|1\n|-resisted|p1b: Lucario\n|-damage|p1b: Lucario|88\/100\n|-ability|p1b: Lucario|Justified|boost\n|-boost|p1b: Lucario|atk|1\n|-resisted|p1b: Lucario\n|-damage|p1b: Lucario|84\/100\n|-ability|p1b: Lucario|Justified|boost\n|-boost|p1b: Lucario|atk|1\n|-resisted|p1b: Lucario\n|-damage|p1b: Lucario|81\/100\n|-ability|p1b: Lucario|Justified|boost\n|-boost|p1b: Lucario|atk|1\n|-hitcount|p1b: Lucario|6\n|move|p2a: Lurantis|Leaf Storm|p1a: Maushold\n|-damage|p1a: Maushold|48\/100\n|-boost|p2a: Lurantis|spa|2\n|move|p2b: Grapploct|Octolock|p2a: Lurantis\n|-start|p2a: Lurantis|move: Octolock|[of] p2b: Grapploct\n|\n|-boost|p2a: Lurantis|def|1\n|-boost|p2a: Lurantis|spd|1\n|upkeep\n|turn|2\n|\n|t:|1695515599\n|move|p1b: Lucario|Extreme Speed|p2a: Lurantis\n|-damage|p2a: Lurantis|0 fnt\n|faint|p2a: Lurantis\n|move|p1a: Maushold|U-turn|p2b: Grapploct\n|-resisted|p2b: Grapploct\n|-damage|p2b: Grapploct|92\/100\n|\n|t:|1695515609\n|switch|p1a: Medicham|Medicham, M|100\/100|[from] U-turn\n|move|p2b: Grapploct|Octazooka|p1b: Lucario\n|-damage|p1b: Lucario|62\/100\n|-unboost|p1b: Lucario|accuracy|1\n|\n|-heal|p2b: Grapploct|98\/100|[from] item: Leftovers\n|upkeep\n|\n|t:|1695515622\n|switch|p2a: Cramorant|Cramorant, F, shiny|100\/100\n|turn|3\n|\n|t:|1695515644\n|move|p2b: Grapploct|Protect|p2b: Grapploct\n|-singleturn|p2b: Grapploct|Protect\n|move|p1b: Lucario|Extreme Speed|p2a: Cramorant\n|-damage|p2a: Cramorant|0 fnt\n|faint|p2a: Cramorant\n|move|p1a: Medicham|Skill Swap|p1b: Lucario\n|-activate|p1a: Medicham|move: Skill Swap|||[of] p1b: Lucario\n|\n|-heal|p2b: Grapploct|100\/100|[from] item: Leftovers\n|upkeep\n|\n|t:|1695515664\n|switch|p2a: Gastrodon|Gastrodon, M|100\/100\n|turn|4\n|\n|t:|1695515684\n|switch|p1a: Serperior|Serperior, F|100\/100\n|move|p1b: Lucario|Extreme Speed|p2a: Gastrodon\n|-damage|p2a: Gastrodon|0 fnt\n|faint|p2a: Gastrodon\n|move|p2b: Grapploct|Octazooka|p1a: Serperior\n|-resisted|p1a: Serperior\n|-damage|p1a: Serperior|93\/100\n|\n|upkeep\n|\n|t:|1695515695\n|switch|p2a: Ninetales|Ninetales, F|100\/100\n|-weather|SunnyDay|[from] ability: Drought|[of] p2a: Ninetales\n|turn|5\n|\n|t:|1695515707\n|move|p1b: Lucario|Extreme Speed|p2a: Ninetales\n|-damage|p2a: Ninetales|0 fnt\n|faint|p2a: Ninetales\n|move|p1a: Serperior|Leaf Storm|p2b: Grapploct|[miss]\n|-miss|p1a: Serperior|p2b: Grapploct\n|move|p2b: Grapploct|Octazooka|p1b: Lucario\n|-damage|p1b: Lucario|54\/100\n|\n|-weather|SunnyDay|[upkeep]\n|upkeep\n|\n|t:|1695515718\n|switch|p2a: Houndoom|Houndoom, M|100\/100\n|turn|6\n|\n|t:|1695515741\n|detailschange|p2a: Houndoom|Houndoom-Mega, M\n|-mega|p2a: Houndoom|Houndoom|Houndoominite\n|move|p1b: Lucario|Extreme Speed|p2a: Houndoom\n|-damage|p2a: Houndoom|0 fnt\n|faint|p2a: Houndoom\n|move|p1a: Serperior|Leaf Storm|p2b: Grapploct\n|-damage|p2b: Grapploct|36\/100\n|-boost|p1a: Serperior|spa|2\n|move|p2b: Grapploct|Octazooka|p1b: Lucario\n|-damage|p1b: Lucario|44\/100\n|-unboost|p1b: Lucario|accuracy|1\n|\n|-weather|SunnyDay|[upkeep]\n|-heal|p2b: Grapploct|42\/100|[from] item: Leftovers\n|upkeep\n|turn|7\n|\n|t:|1695515761\n|move|p1b: Lucario|Extreme Speed|p2b: Grapploct|[miss]\n|-miss|p1b: Lucario|p2b: Grapploct\n|move|p1a: Serperior|Leaf Storm|p2b: Grapploct\n|-crit|p2b: Grapploct\n|-damage|p2b: Grapploct|0 fnt\n|-boost|p1a: Serperior|spa|2\n|faint|p2b: Grapploct\n|\n|win|black a cat\n|raw|black a cat's rating: 1048 &rarr; <strong>1096<\/strong><br \/>(+48 for winning)\n|raw|Schuey_007's rating: 1226 &rarr; <strong>1189<\/strong><br \/>(-37 for losing)\n","uploadtime":1695515774,"views":10,"p1id":"blackacat","p2id":"schuey007","formatid":"gen9nationaldexdoubles","rating":1096,"private":0,"password":""}