{"id":"gen9nationaldexdoubles-1973700151","p1":"Deagle50uu","p2":"cynda3","format":"[Gen 9] National Dex Doubles","log":"|j|\u2606Deagle50uu\n|j|\u2606cynda3\n|t:|1698004684\n|gametype|doubles\n|player|p1|Deagle50uu|266|\n|player|p2|cynda3|lyra|\n|teamsize|p1|6\n|teamsize|p2|6\n|gen|9\n|tier|[Gen 9] National Dex Doubles\n|rule|HP Percentage Mod: HP is shown in percentages\n|rule|Endless Battle Clause: Forcing endless battles is banned\n|rule|OHKO Clause: OHKO moves are banned\n|rule|Evasion Moves Clause: Evasion moves are banned\n|rule|Evasion Abilities Clause: Evasion abilities are banned\n|rule|Species Clause: Limit one of each Pok\u00e9mon\n|rule|Gravity Sleep Clause: The combination of sleep-inducing moves with imperfect accuracy and Gravity or Gigantamax Orbeetle are banned\n|clearpoke\n|poke|p1|Tyranitar, M|\n|poke|p1|Terrakion|\n|poke|p1|Rhyperior, F|\n|poke|p1|Tyrantrum, F|\n|poke|p1|Aggron, F|\n|poke|p1|Aerodactyl, F|\n|poke|p2|Volcarona, F|\n|poke|p2|Araquanid, M|\n|poke|p2|Illumise, F|\n|poke|p2|Shuckle, F|\n|poke|p2|Pinsir, M|\n|poke|p2|Slither Wing|\n|teampreview\n|\n|t:|1698004698\n|start\n|switch|p1a: Tyranitar|Tyranitar, M|100\/100\n|switch|p1b: Aerodactyl|Aerodactyl, F|100\/100\n|switch|p2a: Thrickster|Illumise, F, shiny|100\/100\n|switch|p2b: Ara\u00f1ita|Araquanid, M, shiny|100\/100\n|-ability|p1b: Aerodactyl|Pressure\n|-weather|Sandstorm|[from] ability: Sand Stream|[of] p1a: Tyranitar\n|turn|1\n|\n|t:|1698004708\n|move|p2b: Ara\u00f1ita|Wide Guard|p2b: Ara\u00f1ita\n|-singleturn|p2b: Ara\u00f1ita|Wide Guard\n|move|p2a: Thrickster|Thunder Wave|p1b: Aerodactyl\n|-status|p1b: Aerodactyl|par\n|move|p1a: Tyranitar|Earthquake|p2b: Ara\u00f1ita|[spread] \n|-activate|p2a: Thrickster|move: Wide Guard\n|-activate|p2b: Ara\u00f1ita|move: Wide Guard\n|-immune|p1b: Aerodactyl\n|move|p1b: Aerodactyl|Earthquake|p2a: Thrickster|[spread] p1a\n|-activate|p2a: Thrickster|move: Wide Guard\n|-activate|p2b: Ara\u00f1ita|move: Wide Guard\n|-supereffective|p1a: Tyranitar\n|-damage|p1a: Tyranitar|59\/100\n|\n|-weather|Sandstorm|[upkeep]\n|-damage|p2a: Thrickster|95\/100|[from] Sandstorm\n|-damage|p2b: Ara\u00f1ita|94\/100|[from] Sandstorm\n|-heal|p2b: Ara\u00f1ita|100\/100|[from] item: Leftovers\n|upkeep\n|turn|2\n|\n|t:|1698004734\n|switch|p2a: Caracol|Shuckle, F, shiny|100\/100\n|move|p2b: Ara\u00f1ita|Wide Guard|p2b: Ara\u00f1ita\n|-singleturn|p2b: Ara\u00f1ita|Wide Guard\n|move|p1a: Tyranitar|Earthquake|p2a: Caracol|[spread] \n|-activate|p2a: Caracol|move: Wide Guard\n|-activate|p2b: Ara\u00f1ita|move: Wide Guard\n|-immune|p1b: Aerodactyl\n|move|p1b: Aerodactyl|Aerial Ace|p2b: Ara\u00f1ita\n|-supereffective|p2b: Ara\u00f1ita\n|-damage|p2b: Ara\u00f1ita|47\/100\n|\n|-weather|Sandstorm|[upkeep]\n|-damage|p2b: Ara\u00f1ita|41\/100|[from] Sandstorm\n|-heal|p2b: Ara\u00f1ita|47\/100|[from] item: Leftovers\n|upkeep\n|turn|3\n|\n|t:|1698004759\n|move|p1a: Tyranitar|Ice Punch|p2b: Ara\u00f1ita\n|-resisted|p2b: Ara\u00f1ita\n|-damage|p2b: Ara\u00f1ita|34\/100\n|move|p1b: Aerodactyl|Aerial Ace|p2b: Ara\u00f1ita\n|-supereffective|p2b: Ara\u00f1ita\n|-crit|p2b: Ara\u00f1ita\n|-damage|p2b: Ara\u00f1ita|0 fnt\n|faint|p2b: Ara\u00f1ita\n|move|p2a: Caracol|Sticky Web|p1a: Tyranitar\n|-sidestart|p1: Deagle50uu|move: Sticky Web\n|\n|-weather|Sandstorm|[upkeep]\n|upkeep\n|\n|t:|1698004769\n|switch|p2b: Hey hola|Slither Wing|100\/100\n|turn|4\n|\n|t:|1698004782\n|move|p2b: Hey hola|Wild Charge|p1b: Aerodactyl\n|-supereffective|p1b: Aerodactyl\n|-damage|p1b: Aerodactyl|0 fnt\n|faint|p1b: Aerodactyl\n|-damage|p2b: Hey hola|76\/100|[from] Recoil\n|move|p1a: Tyranitar|Earthquake|p2b: Hey hola|[spread] p2a,p2b\n|-resisted|p2b: Hey hola\n|-damage|p2a: Caracol|84\/100\n|-damage|p2b: Hey hola|59\/100\n|move|p2a: Caracol|Toxic|p1a: Tyranitar|[miss]\n|-miss|p2a: Caracol|p1a: Tyranitar\n|\n|-weather|Sandstorm|[upkeep]\n|-damage|p2b: Hey hola|53\/100|[from] Sandstorm\n|-heal|p2a: Caracol|90\/100|[from] item: Leftovers\n|upkeep\n|\n|t:|1698004791\n|switch|p1b: Rhyperior|Rhyperior, F|100\/100\n|-activate|p1b: Rhyperior|move: Sticky Web\n|-unboost|p1b: Rhyperior|spe|1\n|turn|5\n|\n|t:|1698004805\n|-end|p2b: Hey hola|Protosynthesis|[silent]\n|switch|p2b: Thrickster|Illumise, F, shiny|95\/100\n|detailschange|p1a: Tyranitar|Tyranitar-Mega, M\n|-mega|p1a: Tyranitar|Tyranitar|Tyranitarite\n|move|p1a: Tyranitar|Earthquake|p2b: Thrickster|[spread] p1b,p2a,p2b\n|-supereffective|p1b: Rhyperior\n|-resisted|p2b: Thrickster\n|-damage|p1b: Rhyperior|72\/100\n|-damage|p2a: Caracol|69\/100\n|-damage|p2b: Thrickster|74\/100\n|move|p1b: Rhyperior|Ice Punch|p2a: Caracol\n|-damage|p2a: Caracol|48\/100\n|move|p2a: Caracol|Infestation|p1b: Rhyperior\n|-damage|p1b: Rhyperior|71\/100\n|-activate|p1b: Rhyperior|move: Infestation|[of] p2a: Caracol\n|\n|-weather|none\n|-heal|p1b: Rhyperior|77\/100|[from] item: Leftovers\n|-heal|p2a: Caracol|54\/100|[from] item: Leftovers\n|-damage|p1b: Rhyperior|64\/100|[from] move: Infestation|[partiallytrapped]\n|upkeep\n|turn|6\n|\n|t:|1698004841\n|move|p2b: Thrickster|Tailwind|p2b: Thrickster\n|-sidestart|p2: cynda3|move: Tailwind\n|move|p1a: Tyranitar|Ice Punch|p2b: Thrickster\n|-damage|p2b: Thrickster|37\/100\n|move|p2a: Caracol|Infestation|p1a: Tyranitar\n|-supereffective|p1a: Tyranitar\n|-damage|p1a: Tyranitar|55\/100\n|-activate|p1a: Tyranitar|move: Infestation|[of] p2a: Caracol\n|move|p1b: Rhyperior|Earthquake|p2b: Thrickster|[spread] p1a,p2a,p2b\n|-supereffective|p1a: Tyranitar\n|-resisted|p2b: Thrickster\n|-damage|p1a: Tyranitar|0 fnt\n|-damage|p2a: Caracol|22\/100\n|-damage|p2b: Thrickster|8\/100\n|faint|p1a: Tyranitar\n|\n|-heal|p2a: Caracol|28\/100|[from] item: Leftovers\n|-heal|p1b: Rhyperior|71\/100|[from] item: Leftovers\n|-damage|p1b: Rhyperior|58\/100|[from] move: Infestation|[partiallytrapped]\n|upkeep\n|\n|t:|1698004853\n|switch|p1a: Terrakion|Terrakion|100\/100\n|-activate|p1a: Terrakion|move: Sticky Web\n|-unboost|p1a: Terrakion|spe|1\n|turn|7\n|\n|t:|1698004874\n|move|p2b: Thrickster|Tailwind||[still]\n|-fail|p2b: Thrickster\n|move|p1a: Terrakion|Quick Attack|p2b: Thrickster\n|-damage|p2b: Thrickster|0 fnt\n|faint|p2b: Thrickster\n|move|p2a: Caracol|Toxic|p1a: Terrakion\n|-status|p1a: Terrakion|tox\n|move|p1b: Rhyperior|Ice Punch|p2a: Caracol\n|-damage|p2a: Caracol|8\/100\n|\n|-heal|p2a: Caracol|14\/100|[from] item: Leftovers\n|-heal|p1b: Rhyperior|64\/100|[from] item: Leftovers\n|-damage|p1a: Terrakion|94\/100 tox|[from] psn\n|-damage|p1b: Rhyperior|52\/100|[from] move: Infestation|[partiallytrapped]\n|upkeep\n|\n|t:|1698004896\n|switch|p2b: Hey hola|Slither Wing|53\/100\n|turn|8\n|\n|t:|1698004911\n|move|p1a: Terrakion|Quick Attack|p2a: Caracol\n|-resisted|p2a: Caracol\n|-damage|p2a: Caracol|10\/100\n|move|p2b: Hey hola|Close Combat|p1b: Rhyperior\n|-supereffective|p1b: Rhyperior\n|-damage|p1b: Rhyperior|0 fnt\n|-unboost|p2b: Hey hola|def|1\n|-unboost|p2b: Hey hola|spd|1\n|faint|p1b: Rhyperior\n|move|p2a: Caracol|Infestation|p1a: Terrakion\n|-resisted|p1a: Terrakion\n|-damage|p1a: Terrakion|93\/100 tox\n|-activate|p1a: Terrakion|move: Infestation|[of] p2a: Caracol\n|\n|-heal|p2a: Caracol|16\/100|[from] item: Leftovers\n|-damage|p1a: Terrakion|81\/100 tox|[from] psn\n|-damage|p1a: Terrakion|69\/100 tox|[from] move: Infestation|[partiallytrapped]\n|upkeep\n|\n|t:|1698004920\n|switch|p1b: Tyrantrum|Tyrantrum, F|100\/100\n|-activate|p1b: Tyrantrum|move: Sticky Web\n|-unboost|p1b: Tyrantrum|spe|1\n|turn|9\n|\n|t:|1698004943\n|switch|p2a: FIUMMMMMM|Pinsir, M|100\/100\n|move|p1a: Terrakion|Quick Attack|p2a: FIUMMMMMM\n|-damage|p2a: FIUMMMMMM|84\/100\n|move|p2b: Hey hola|Close Combat|p1b: Tyrantrum\n|-supereffective|p1b: Tyrantrum\n|-damage|p1b: Tyrantrum|0 fnt\n|-unboost|p2b: Hey hola|def|1\n|-unboost|p2b: Hey hola|spd|1\n|faint|p1b: Tyrantrum\n|\n|-damage|p1a: Terrakion|50\/100 tox|[from] psn\n|-end|p1a: Terrakion|Infestation|[partiallytrapped]|[silent]\n|-sideend|p2: cynda3|move: Tailwind\n|upkeep\n|\n|t:|1698004954\n|switch|p1b: Aggron|Aggron, F|100\/100\n|-activate|p1b: Aggron|move: Sticky Web\n|-unboost|p1b: Aggron|spe|1\n|turn|10\n|\n|t:|1698004966\n|detailschange|p2a: FIUMMMMMM|Pinsir-Mega, M\n|-mega|p2a: FIUMMMMMM|Pinsir|Pinsirite\n|move|p1a: Terrakion|Quick Attack|p2b: Hey hola\n|-damage|p2b: Hey hola|13\/100\n|move|p2a: FIUMMMMMM|Return|p1a: Terrakion\n|-damage|p1a: Terrakion|0 fnt\n|faint|p1a: Terrakion\n|move|p2b: Hey hola|Close Combat|p1b: Aggron\n|-supereffective|p1b: Aggron\n|-ability|p1b: Aggron|Sturdy\n|-damage|p1b: Aggron|1\/100\n|-unboost|p2b: Hey hola|def|1\n|-unboost|p2b: Hey hola|spd|1\n|move|p1b: Aggron|Head Smash|p2b: Hey hola\n|-damage|p2b: Hey hola|0 fnt\n|faint|p2b: Hey hola\n|-end|p2b: Hey hola|Protosynthesis|[silent]\n|-damage|p1b: Aggron|0 fnt|[from] Recoil\n|faint|p1b: Aggron\n|\n|win|cynda3\n","uploadtime":1698004986,"views":7,"p1id":"deagle50uu","p2id":"cynda3","formatid":"gen9nationaldexdoubles","rating":0,"private":0,"password":""}