{"id":"gen9nationaldexdoubles-1959566727","p1":"NotBugSme","p2":"Chumpette","format":"[Gen 9] National Dex Doubles","log":"|j|\u2606NotBugSme\n|j|\u2606Chumpette\n|t:|1696437920\n|gametype|doubles\n|player|p1|NotBugSme|koga|\n|player|p2|Chumpette|boarder|\n|teamsize|p1|6\n|teamsize|p2|6\n|gen|9\n|tier|[Gen 9] National Dex Doubles\n|rule|HP Percentage Mod: HP is shown in percentages\n|rule|Endless Battle Clause: Forcing endless battles is banned\n|rule|OHKO Clause: OHKO moves are banned\n|rule|Evasion Moves Clause: Evasion moves are banned\n|rule|Evasion Abilities Clause: Evasion abilities are banned\n|rule|Species Clause: Limit one of each Pok\u00e9mon\n|rule|Gravity Sleep Clause: The combination of sleep-inducing moves with imperfect accuracy and Gravity or Gigantamax Orbeetle are banned\n|clearpoke\n|poke|p1|Kingambit, M|\n|poke|p1|Avalugg-Hisui, F|\n|poke|p1|Tyranitar, M|\n|poke|p1|Carbink|\n|poke|p1|Aggron, F|\n|poke|p1|Archeops, M|\n|poke|p2|Ninetales-Alola, M|\n|poke|p2|Togekiss, M|\n|poke|p2|Vanilluxe, F|\n|poke|p2|Cloyster, M|\n|poke|p2|Jolteon, M|\n|poke|p2|Sandslash-Alola, M|\n|teampreview\n|\n|t:|1696437935\n|start\n|switch|p1a: Tyranitar|Tyranitar, M, shiny|100\/100\n|switch|p1b: Aggron|Aggron, F, shiny|100\/100\n|switch|p2a: Sycophant|Togekiss, M|100\/100\n|switch|p2b: The Messiah|Sandslash-Alola, M|100\/100\n|-weather|Sandstorm|[from] ability: Sand Stream|[of] p1a: Tyranitar\n|turn|1\n|j| JoeStepBrother\n|l| JoeStepBrother\n|\n|t:|1696437971\n|move|p2a: Sycophant|Helping Hand|p2b: The Messiah\n|-singleturn|p2b: The Messiah|Helping Hand|[of] p2a: Sycophant\n|move|p2b: The Messiah|Brick Break|p1a: Tyranitar\n|-supereffective|p1a: Tyranitar\n|-damage|p1a: Tyranitar|0 fnt\n|faint|p1a: Tyranitar\n|move|p1b: Aggron|Thunder Punch|p2a: Sycophant\n|-supereffective|p2a: Sycophant\n|-damage|p2a: Sycophant|65\/100\n|-damage|p1b: Aggron|84\/100|[from] item: Rocky Helmet|[of] p2a: Sycophant\n|\n|-weather|Sandstorm|[upkeep]\n|-damage|p2a: Sycophant|59\/100|[from] Sandstorm\n|upkeep\n|\n|t:|1696438013\n|switch|p1a: Avalugg|Avalugg-Hisui, F, shiny|100\/100\n|turn|2\n|\n|t:|1696438061\n|move|p2a: Sycophant|Helping Hand|p2b: The Messiah\n|-singleturn|p2b: The Messiah|Helping Hand|[of] p2a: Sycophant\n|move|p2b: The Messiah|Brick Break|p1a: Avalugg\n|-supereffective|p1a: Avalugg\n|-damage|p1a: Avalugg|52\/100\n|move|p1b: Aggron|Thunder Punch|p2a: Sycophant\n|-supereffective|p2a: Sycophant\n|-damage|p2a: Sycophant|26\/100\n|-damage|p1b: Aggron|67\/100|[from] item: Rocky Helmet|[of] p2a: Sycophant\n|move|p1a: Avalugg|Ice Spinner|p2a: Sycophant\n|-supereffective|p2a: Sycophant\n|-damage|p2a: Sycophant|0 fnt\n|-damage|p1a: Avalugg|35\/100|[from] item: Rocky Helmet|[of] p2a: Sycophant\n|faint|p2a: Sycophant\n|\n|-weather|Sandstorm|[upkeep]\n|upkeep\n|\n|t:|1696438089\n|switch|p2a: Winter|Ninetales-Alola, M|100\/100\n|-weather|Snow|[from] ability: Snow Warning|[of] p2a: Winter\n|turn|3\n|\n|t:|1696438102\n|move|p2b: The Messiah|Brick Break|p1b: Aggron\n|-supereffective|p1b: Aggron\n|-damage|p1b: Aggron|23\/100\n|move|p2a: Winter|Blizzard|p1b: Aggron|[spread] p1a,p1b\n|-resisted|p1a: Avalugg\n|-resisted|p1b: Aggron\n|-damage|p1a: Avalugg|4\/100\n|-damage|p1b: Aggron|13\/100\n|move|p1b: Aggron|Body Press|p2b: The Messiah\n|-supereffective|p2b: The Messiah\n|-damage|p2b: The Messiah|11\/100\n|move|p1a: Avalugg|Body Press|p2b: The Messiah\n|-supereffective|p2b: The Messiah\n|-damage|p2b: The Messiah|0 fnt\n|faint|p2b: The Messiah\n|\n|-weather|Snow|[upkeep]\n|upkeep\n|\n|t:|1696438119\n|switch|p2b: Judas|Cloyster, M|100\/100\n|turn|4\n|\n|t:|1696438134\n|move|p2a: Winter|Blizzard|p1b: Aggron|[spread] p1a,p1b\n|-resisted|p1a: Avalugg\n|-resisted|p1b: Aggron\n|-damage|p1a: Avalugg|0 fnt\n|-damage|p1b: Aggron|1\/100\n|faint|p1a: Avalugg\n|move|p2b: Judas|Shell Smash|p2b: Judas\n|-unboost|p2b: Judas|def|1\n|-unboost|p2b: Judas|spd|1\n|-boost|p2b: Judas|atk|2\n|-boost|p2b: Judas|spa|2\n|-boost|p2b: Judas|spe|2\n|-enditem|p2b: Judas|White Herb\n|-clearnegativeboost|p2b: Judas|[silent]\n|move|p1b: Aggron|Body Press|p2b: Judas\n|-supereffective|p2b: Judas\n|-damage|p2b: Judas|63\/100\n|\n|-weather|Snow|[upkeep]\n|upkeep\n|\n|t:|1696438152\n|switch|p1a: Archeops|Archeops, M, shiny|100\/100\n|turn|5\n|\n|t:|1696438171\n|move|p2b: Judas|Icicle Spear|p1a: Archeops\n|-supereffective|p1a: Archeops\n|-damage|p1a: Archeops|22\/100\n|-supereffective|p1a: Archeops\n|-damage|p1a: Archeops|0 fnt\n|faint|p1a: Archeops\n|-hitcount|p1: Archeops|2\n|move|p2a: Winter|Blizzard|p1b: Aggron\n|-resisted|p1b: Aggron\n|-damage|p1b: Aggron|0 fnt\n|faint|p1b: Aggron\n|\n|-weather|Snow|[upkeep]\n|upkeep\n|\n|t:|1696438181\n|switch|p1a: Carbink|Carbink, shiny|100\/100\n|switch|p1b: Kingambit|Kingambit, M, shiny|100\/100\n|-activate|p1b: Kingambit|ability: Supreme Overlord\n|-start|p1b: Kingambit|fallen4|[silent]\n|turn|6\n|\n|t:|1696438228\n|move|p1b: Kingambit|Sucker Punch|p2b: Judas\n|-damage|p2b: Judas|27\/100\n|move|p2b: Judas|Icicle Spear|p1b: Kingambit\n|-resisted|p1b: Kingambit\n|-damage|p1b: Kingambit|92\/100\n|-resisted|p1b: Kingambit\n|-damage|p1b: Kingambit|84\/100\n|-resisted|p1b: Kingambit\n|-damage|p1b: Kingambit|76\/100\n|-resisted|p1b: Kingambit\n|-damage|p1b: Kingambit|69\/100\n|-resisted|p1b: Kingambit\n|-damage|p1b: Kingambit|61\/100\n|-hitcount|p1b: Kingambit|5\n|move|p2a: Winter|Moonblast|p1b: Kingambit\n|-damage|p1b: Kingambit|25\/100\n|-unboost|p1b: Kingambit|spa|1\n|move|p1a: Carbink|Body Press|p2b: Judas\n|-supereffective|p2b: Judas\n|-damage|p2b: Judas|0 fnt\n|faint|p2b: Judas\n|\n|-weather|Snow|[upkeep]\n|upkeep\n|\n|t:|1696438258\n|switch|p2b: Vanilla Ice|Vanilluxe, F|100\/100\n|turn|7\n|\n|t:|1696438293\n|move|p1b: Kingambit|Sucker Punch|p2a: Winter\n|-resisted|p2a: Winter\n|-damage|p2a: Winter|65\/100\n|move|p2a: Winter|Moonblast|p1b: Kingambit\n|-damage|p1b: Kingambit|0 fnt\n|faint|p1b: Kingambit\n|-end|p1b: Kingambit|fallen4|[silent]\n|move|p2b: Vanilla Ice|Signal Beam|p1a: Carbink\n|-resisted|p1a: Carbink\n|-damage|p1a: Carbink|90\/100\n|move|p1a: Carbink|Body Press|p2a: Winter\n|-damage|p2a: Winter|29\/100\n|\n|-weather|Snow|[upkeep]\n|-heal|p1a: Carbink|96\/100|[from] item: Leftovers\n|upkeep\n|turn|8\n|\n|t:|1696438327\n|move|p2a: Winter|Blizzard|p1a: Carbink\n|-damage|p1a: Carbink|64\/100\n|move|p2b: Vanilla Ice|Water Pulse|p1a: Carbink\n|-supereffective|p1a: Carbink\n|-damage|p1a: Carbink|29\/100\n|move|p1a: Carbink|Body Press|p2a: Winter\n|-damage|p2a: Winter|0 fnt\n|faint|p2a: Winter\n|\n|-weather|Snow|[upkeep]\n|-heal|p1a: Carbink|35\/100|[from] item: Leftovers\n|upkeep\n|\n|t:|1696438337\n|switch|p2a: MC Hammer|Jolteon, M|100\/100\n|turn|9\n|\n|t:|1696438344\n|move|p2a: MC Hammer|Hidden Power|p1a: Carbink\n|-supereffective|p1a: Carbink\n|-damage|p1a: Carbink|7\/100\n|move|p2b: Vanilla Ice|Water Pulse|p1a: Carbink\n|-supereffective|p1a: Carbink\n|-damage|p1a: Carbink|0 fnt\n|faint|p1a: Carbink\n|\n|win|Chumpette\n|l|\u2606NotBugSme\n","uploadtime":1696438355,"views":16,"p1id":"notbugsme","p2id":"chumpette","formatid":"gen9nationaldexdoubles","rating":0,"private":0,"password":""}