{"id":"gen9nationaldexdoubles-1988736347","p1":"bibleisreal20994","p2":"Denvah_17","format":"[Gen 9] National Dex Doubles","log":"|j|\u2606bibleisreal20994\n|j|\u2606Denvah_17\n|t:|1699756611\n|gametype|doubles\n|player|p1|bibleisreal20994|ingo|1260\n|player|p2|Denvah_17|alder|1384\n|teamsize|p1|6\n|teamsize|p2|6\n|gen|9\n|tier|[Gen 9] National Dex Doubles\n|rated|\n|rule|HP Percentage Mod: HP is shown in percentages\n|rule|Endless Battle Clause: Forcing endless battles is banned\n|rule|OHKO Clause: OHKO moves are banned\n|rule|Evasion Moves Clause: Evasion moves are banned\n|rule|Evasion Abilities Clause: Evasion abilities are banned\n|rule|Species Clause: Limit one of each Pok\u00e9mon\n|rule|Gravity Sleep Clause: The combination of sleep-inducing moves with imperfect accuracy and Gravity or Gigantamax Orbeetle are banned\n|clearpoke\n|poke|p1|Articuno-Galar|\n|poke|p1|Inteleon, F|\n|poke|p1|Mr. Mime, M|\n|poke|p1|Lucario, F|\n|poke|p1|Incineroar, F|\n|poke|p1|Vespiquen, F|\n|poke|p2|Porygon2|\n|poke|p2|Marowak-Alola, F|\n|poke|p2|Snorlax, M|\n|poke|p2|Slowbro-Galar, F|\n|poke|p2|Rhyperior, M|\n|poke|p2|Zapdos|\n|teampreview\n|inactive|Battle timer is ON: inactive players will automatically lose when time's up. (requested by bibleisreal20994)\n|inactive|Denvah_17 has 120 seconds left.\n|c|\u2606Denvah_17|can't tell if I'm playing the same guy a lot or if this is just a popular team today\n|\n|t:|1699756661\n|start\n|switch|p1a: \u2205 is silent|Inteleon, F, shiny|100\/100\n|switch|p1b: Limbs?|Mr. Mime, M|100\/100\n|switch|p2a: Lavender Townie|Marowak-Alola, F, shiny|100\/100\n|switch|p2b: silph_sys.exe|Porygon2|100\/100\n|turn|1\n|c|\u2606bibleisreal20994|Same guy\n|c|\u2606Denvah_17|ah, coulda sworn I remembered different names haha\n|inactive|Denvah_17 has 120 seconds left.\n|\n|t:|1699756692\n|-terastallize|p2a: Lavender Townie|Water\n|move|p1a: \u2205 is silent|Snipe Shot|p2a: Lavender Townie\n|-resisted|p2a: Lavender Townie\n|-damage|p2a: Lavender Townie|63\/100\n|move|p2a: Lavender Townie|Shadow Bone|p1b: Limbs?\n|-supereffective|p1b: Limbs?\n|-damage|p1b: Limbs?|0 fnt\n|faint|p1b: Limbs?\n|move|p2b: silph_sys.exe|Trick Room|p2b: silph_sys.exe\n|-fieldstart|move: Trick Room|[of] p2b: silph_sys.exe\n|\n|upkeep\n|\n|t:|1699756699\n|switch|p1b: Tornado|Incineroar, F|100\/100\n|-ability|p1b: Tornado|Intimidate|boost\n|-unboost|p2a: Lavender Townie|atk|1\n|-unboost|p2b: silph_sys.exe|atk|1\n|turn|2\n|\n|t:|1699756712\n|move|p1b: Tornado|Fake Out|p2a: Lavender Townie\n|-damage|p2a: Lavender Townie|52\/100\n|cant|p2a: Lavender Townie|flinch\n|move|p2b: silph_sys.exe|Tri Attack|p1b: Tornado\n|-damage|p1b: Tornado|74\/100\n|move|p1a: \u2205 is silent|Snipe Shot|p2b: silph_sys.exe\n|-damage|p2b: silph_sys.exe|68\/100\n|\n|upkeep\n|turn|3\n|\n|t:|1699756741\n|switch|p2a: Giovanni|Rhyperior, M, shiny|100\/100\n|move|p2b: silph_sys.exe|Tri Attack|p1a: \u2205 is silent\n|-damage|p1a: \u2205 is silent|44\/100\n|move|p1b: Tornado|Will-O-Wisp|p2a: Giovanni\n|-status|p2a: Giovanni|brn\n|move|p1a: \u2205 is silent|Snipe Shot|p2b: silph_sys.exe\n|-crit|p2b: silph_sys.exe\n|-damage|p2b: silph_sys.exe|0 fnt\n|faint|p2b: silph_sys.exe\n|\n|-damage|p2a: Giovanni|94\/100 brn|[from] brn\n|upkeep\n|inactive|Denvah_17 has 120 seconds left.\n|\n|t:|1699756762\n|switch|p2b: Amnesiac|Slowbro-Galar, F, shiny|100\/100\n|turn|4\n|-activate|p2b: Amnesiac|ability: Quick Draw\n|\n|t:|1699756791\n|switch|p1a: Moon|Lucario, F|100\/100\n|detailschange|p2b: Amnesiac|Slowbro-Mega, F, shiny\n|-mega|p2b: Amnesiac|Slowbro|Slowbronite\n|move|p2b: Amnesiac|Expanding Force|p1a: Moon\n|-damage|p1a: Moon|24\/100\n|move|p2a: Giovanni|Rock Slide|p1b: Tornado|[spread] p1a,p1b\n|-resisted|p1a: Moon\n|-crit|p1a: Moon\n|-supereffective|p1b: Tornado\n|-damage|p1a: Moon|14\/100\n|-damage|p1b: Tornado|47\/100\n|-enditem|p1b: Tornado|Sitrus Berry|[eat]\n|-heal|p1b: Tornado|72\/100|[from] item: Sitrus Berry\n|move|p1b: Tornado|Parting Shot|p2b: Amnesiac\n|-unboost|p2b: Amnesiac|atk|1\n|-unboost|p2b: Amnesiac|spa|1\n|inactive|bibleisreal20994 has 120 seconds left.\n|\n|t:|1699756809\n|switch|p1b: Lanky Bird|Articuno-Galar, shiny|100\/100|[from] Parting Shot\n|\n|-damage|p2a: Giovanni|88\/100 brn|[from] brn\n|upkeep\n|turn|5\n|\n|t:|1699756828\n|-terastallize|p1b: Lanky Bird|Steel\n|move|p1a: Moon|Protect|p1a: Moon\n|-singleturn|p1a: Moon|Protect\n|move|p2b: Amnesiac|Ice Beam|p1b: Lanky Bird\n|-resisted|p1b: Lanky Bird\n|-damage|p1b: Lanky Bird|89\/100\n|move|p2a: Giovanni|Rock Slide|p1b: Lanky Bird|[spread] p1b\n|-activate|p1a: Moon|move: Protect\n|-resisted|p1b: Lanky Bird\n|-damage|p1b: Lanky Bird|78\/100\n|move|p1b: Lanky Bird|Calm Mind|p1b: Lanky Bird\n|-boost|p1b: Lanky Bird|spa|1\n|-boost|p1b: Lanky Bird|spd|1\n|\n|-damage|p2a: Giovanni|82\/100 brn|[from] brn\n|-fieldend|move: Trick Room\n|upkeep\n|turn|6\n|\n|t:|1699756845\n|switch|p2b: Power Plant Prince|Zapdos, shiny|100\/100\n|detailschange|p1a: Moon|Lucario-Mega, F\n|-mega|p1a: Moon|Lucario|Lucarionite\n|move|p1a: Moon|Meteor Mash|p2a: Giovanni\n|-supereffective|p2a: Giovanni\n|-damage|p2a: Giovanni|12\/100 brn\n|move|p1b: Lanky Bird|Air Slash|p2b: Power Plant Prince\n|-resisted|p2b: Power Plant Prince\n|-damage|p2b: Power Plant Prince|75\/100\n|move|p2a: Giovanni|Earthquake|p1b: Lanky Bird|[spread] p1a,p1b\n|-immune|p2b: Power Plant Prince\n|-supereffective|p1a: Moon\n|-supereffective|p1b: Lanky Bird\n|-damage|p1a: Moon|0 fnt\n|-damage|p1b: Lanky Bird|25\/100\n|faint|p1a: Moon\n|\n|-damage|p2a: Giovanni|6\/100 brn|[from] brn\n|upkeep\n|c|\u2606Denvah_17|!dt quick draw\n|raw|<ul class=\"utilichart\"><li class=\"result\"><span class=\"col namecol\"><a href=\"https:\/\/dex.pokemonshowdown.com\/abilities\/quickdraw\">Quick Draw<\/a><\/span> <span class=\"col abilitydesccol\">This Pokemon has a 30% chance to move first in its priority bracket with attacking moves.<\/span> <\/li><li style=\"clear:both\"><\/li><\/ul>\n|raw|<font size=\"1\"><font color=\"#686868\">Gen:<\/font> 8<\/font>\n\n|\n|t:|1699756858\n|switch|p1a: \u2205 is silent|Inteleon, F, shiny|44\/100\n|turn|7\n|\n|t:|1699756873\n|move|p1a: \u2205 is silent|Ice Beam|p2b: Power Plant Prince\n|-supereffective|p2b: Power Plant Prince\n|-damage|p2b: Power Plant Prince|0 fnt\n|faint|p2b: Power Plant Prince\n|move|p1b: Lanky Bird|Freezing Glare|p2a: Giovanni\n|-damage|p2a: Giovanni|0 fnt\n|faint|p2a: Giovanni\n|\n|upkeep\n|\n|t:|1699756883\n|switch|p2b: Amnesiac|Slowbro-Mega, F, shiny|100\/100\n|switch|p2a: Lavender Townie|Marowak-Alola, F, shiny, tera:Water|52\/100\n|turn|8\n|\n|t:|1699756902\n|switch|p1a: Tornado|Incineroar, F|72\/100\n|-ability|p1a: Tornado|Intimidate|boost\n|-unboost|p2a: Lavender Townie|atk|1\n|-unboost|p2b: Amnesiac|atk|1\n|move|p1b: Lanky Bird|Air Slash|p2b: Amnesiac\n|-damage|p2b: Amnesiac|44\/100\n|move|p2a: Lavender Townie|Flare Blitz|p1b: Lanky Bird\n|-supereffective|p1b: Lanky Bird\n|-damage|p1b: Lanky Bird|0 fnt\n|faint|p1b: Lanky Bird\n|move|p2b: Amnesiac|Expanding Force|p1a: Tornado\n|-immune|p1a: Tornado\n|\n|upkeep\n|\n|t:|1699756912\n|switch|p1b: \u2205 is silent|Inteleon, F, shiny|44\/100\n|turn|9\n|\n|t:|1699756925\n|switch|p2a: Road Block|Snorlax, M, shiny|100\/100\n|move|p1a: Tornado|Fake Out|p2a: Road Block\n|-damage|p2a: Road Block|92\/100\n|move|p1b: \u2205 is silent|U-turn|p2b: Amnesiac\n|-supereffective|p2b: Amnesiac\n|-damage|p2b: Amnesiac|30\/100\n|\n|t:|1699756933\n|switch|p1b: Doggo|Vespiquen, F|100\/100|[from] U-turn\n|-ability|p1b: Doggo|Pressure\n|move|p2b: Amnesiac|Scald|p1a: Tornado\n|-supereffective|p1a: Tornado\n|-damage|p1a: Tornado|1\/100\n|\n|upkeep\n|turn|10\n|\n|t:|1699756953\n|move|p1a: Tornado|Will-O-Wisp|p2a: Road Block|[miss]\n|-miss|p1a: Tornado|p2a: Road Block\n|move|p1b: Doggo|Struggle Bug|p2a: Road Block|[spread] p2a,p2b\n|-supereffective|p2b: Amnesiac\n|-damage|p2a: Road Block|85\/100\n|-damage|p2b: Amnesiac|9\/100\n|-unboost|p2a: Road Block|spa|1\n|-unboost|p2b: Amnesiac|spa|1\n|move|p2a: Road Block|Belly Drum|p2a: Road Block\n|-damage|p2a: Road Block|35\/100\n|-setboost|p2a: Road Block|atk|6|[from] move: Belly Drum\n|-enditem|p2a: Road Block|Figy Berry|[eat]\n|-heal|p2a: Road Block|69\/100|[from] item: Figy Berry\n|move|p2b: Amnesiac|Shell Side Arm|p1a: Tornado|[anim] Shell Side Arm Special\n|-damage|p1a: Tornado|0 fnt\n|-hint|Special Shell Side Arm\n|faint|p1a: Tornado\n|\n|upkeep\n|\n|t:|1699756957\n|switch|p1a: \u2205 is silent|Inteleon, F, shiny|44\/100\n|turn|11\n|\n|t:|1699756980\n|move|p1a: \u2205 is silent|Hydro Pump|p2a: Road Block\n|-damage|p2a: Road Block|10\/100\n|move|p1b: Doggo|Struggle Bug|p2b: Amnesiac|[spread] p2a,p2b\n|-supereffective|p2b: Amnesiac\n|-damage|p2a: Road Block|3\/100\n|-damage|p2b: Amnesiac|0 fnt\n|-unboost|p2a: Road Block|spa|1\n|faint|p2b: Amnesiac\n|move|p2a: Road Block|Double-Edge|p1a: \u2205 is silent\n|-damage|p1a: \u2205 is silent|0 fnt\n|faint|p1a: \u2205 is silent\n|-damage|p2a: Road Block|0 fnt|[from] Recoil\n|faint|p2a: Road Block\n|\n|upkeep\n|\n|t:|1699756987\n|switch|p2b: Lavender Townie|Marowak-Alola, F, shiny, tera:Water|52\/100\n|turn|12\n|\n|t:|1699756991\n|move|p1b: Doggo|Struggle Bug|p2b: Lavender Townie\n|-damage|p2b: Lavender Townie|35\/100\n|-unboost|p2b: Lavender Townie|spa|1\n|move|p2b: Lavender Townie|Flare Blitz|p1b: Doggo\n|-supereffective|p1b: Doggo\n|-damage|p1b: Doggo|0 fnt\n|faint|p1b: Doggo\n|\n|win|Denvah_17\n|raw|bibleisreal20994's rating: 1244 &rarr; <strong>1229<\/strong><br \/>(-15 for losing)\n|raw|Denvah_17's rating: 1384 &rarr; <strong>1396<\/strong><br \/>(+12 for winning)\n|l|\u2606bibleisreal20994\n|c|\u2606Denvah_17|GG!\n","uploadtime":1699757005,"views":5,"p1id":"bibleisreal20994","p2id":"denvah17","formatid":"gen9nationaldexdoubles","rating":1229,"private":0,"password":""}