{"id":"gen9nationaldexdoubles-1957073971","p1":"Anna Lisa Melculo","p2":"Paldea Athens 420","format":"[Gen 9] National Dex Doubles","log":"|j|\u2606Anna Lisa Melculo\n|j|\u2606Paldea Athens 420\n|t:|1696184036\n|gametype|doubles\n|player|p1|Anna Lisa Melculo|1|1414\n|player|p2|Paldea Athens 420|volo|1588\n|teamsize|p1|6\n|teamsize|p2|6\n|gen|9\n|tier|[Gen 9] National Dex Doubles\n|rated|\n|rule|HP Percentage Mod: HP is shown in percentages\n|rule|Endless Battle Clause: Forcing endless battles is banned\n|rule|OHKO Clause: OHKO moves are banned\n|rule|Evasion Moves Clause: Evasion moves are banned\n|rule|Evasion Abilities Clause: Evasion abilities are banned\n|rule|Species Clause: Limit one of each Pok\u00e9mon\n|rule|Gravity Sleep Clause: The combination of sleep-inducing moves with imperfect accuracy and Gravity or Gigantamax Orbeetle are banned\n|clearpoke\n|poke|p1|Torkoal, M|\n|poke|p1|Flutter Mane|\n|poke|p1|Walking Wake|\n|poke|p1|Volcanion|\n|poke|p1|Chien-Pao|\n|poke|p1|Kingambit, M|\n|poke|p2|Kingambit, M|\n|poke|p2|Flutter Mane|\n|poke|p2|Charizard, M|\n|poke|p2|Tornadus, M|\n|poke|p2|Ogerpon-Hearthflame, F|\n|poke|p2|Chien-Pao|\n|teampreview\n|\n|t:|1696184064\n|start\n|switch|p1a: Cheems-Pao|Chien-Pao|100\/100\n|switch|p1b: Volcanion|Volcanion|100\/100\n|switch|p2a: Charizard|Charizard, M|100\/100\n|switch|p2b: Ogerpon|Ogerpon-Hearthflame, F|100\/100\n|-ability|p1a: Cheems-Pao|Sword of Ruin\n|-ability|p2b: Ogerpon|Mold Breaker\n|turn|1\n|inactive|Battle timer is ON: inactive players will automatically lose when time's up. (requested by Paldea Athens 420)\n|\n|t:|1696184083\n|detailschange|p2a: Charizard|Charizard-Mega-Y, M\n|-mega|p2a: Charizard|Charizard|Charizardite Y\n|-weather|SunnyDay|[from] ability: Drought|[of] p2a: Charizard\n|move|p2b: Ogerpon|Spiky Shield|p2b: Ogerpon\n|-singleturn|p2b: Ogerpon|move: Protect\n|move|p1a: Cheems-Pao|Crunch|p2a: Charizard\n|-damage|p2a: Charizard|20\/100\n|move|p2a: Charizard|Heat Wave|p1b: Volcanion|[spread] p1a\n|-miss|p2a: Charizard|p1b: Volcanion\n|-supereffective|p1a: Cheems-Pao\n|-enditem|p1a: Cheems-Pao|Focus Sash\n|-damage|p1a: Cheems-Pao|1\/100\n|move|p1b: Volcanion|Heat Wave|p2a: Charizard|[spread] p2a\n|-activate|p2b: Ogerpon|move: Protect\n|-resisted|p2a: Charizard\n|-damage|p2a: Charizard|0 fnt\n|faint|p2a: Charizard\n|\n|-weather|SunnyDay|[upkeep]\n|upkeep\n|\n|t:|1696184103\n|switch|p2a: Tornadus|Tornadus, M|100\/100\n|turn|2\n|\n|t:|1696184117\n|move|p1a: Cheems-Pao|Ice Spinner|p2a: Tornadus\n|-supereffective|p2a: Tornadus\n|-damage|p2a: Tornadus|0 fnt\n|faint|p2a: Tornadus\n|move|p2b: Ogerpon|Horn Leech|p1b: Volcanion\n|-damage|p1b: Volcanion|60\/100\n|move|p1b: Volcanion|Heat Wave|p2b: Ogerpon\n|-damage|p2b: Ogerpon|33\/100\n|\n|-weather|SunnyDay|[upkeep]\n|-heal|p1b: Volcanion|66\/100|[from] item: Leftovers\n|upkeep\n|\n|t:|1696184125\n|switch|p2a: Chien-Pao|Chien-Pao|100\/100\n|-ability|p2a: Chien-Pao|Sword of Ruin\n|turn|3\n|\n|t:|1696184137\n|-terastallize|p2b: Ogerpon|Fire\n|detailschange|p2b: Ogerpon|Ogerpon-Hearthflame-Tera, F, tera:Fire\n|-ability|p2b: Ogerpon|Embody Aspect (Hearthflame)|boost\n|-boost|p2b: Ogerpon|atk|1\n|move|p2a: Chien-Pao|Ice Shard|p1a: Cheems-Pao\n|-resisted|p1a: Cheems-Pao\n|-damage|p1a: Cheems-Pao|0 fnt\n|faint|p1a: Cheems-Pao\n|move|p2b: Ogerpon|Horn Leech|p1b: Volcanion\n|-damage|p1b: Volcanion|3\/100\n|-heal|p2b: Ogerpon|71\/100|[from] drain|[of] p1b: Volcanion\n|move|p1b: Volcanion|Heat Wave|p2a: Chien-Pao|[spread] p2a,p2b\n|-supereffective|p2a: Chien-Pao\n|-resisted|p2b: Ogerpon\n|-enditem|p2a: Chien-Pao|Focus Sash\n|-damage|p2a: Chien-Pao|1\/100\n|-damage|p2b: Ogerpon|46\/100\n|\n|-weather|SunnyDay|[upkeep]\n|-heal|p1b: Volcanion|9\/100|[from] item: Leftovers\n|upkeep\n|\n|t:|1696184161\n|switch|p1a: Agua Potable|Walking Wake|100\/100\n|-activate|p1a: Agua Potable|ability: Protosynthesis\n|-start|p1a: Agua Potable|protosynthesisspe\n|turn|4\n|\n|t:|1696184179\n|move|p2b: Ogerpon|Spiky Shield|p2b: Ogerpon\n|-singleturn|p2b: Ogerpon|move: Protect\n|move|p1b: Volcanion|Protect|p1b: Volcanion\n|-singleturn|p1b: Volcanion|Protect\n|move|p2a: Chien-Pao|Ice Shard|p1a: Agua Potable\n|-damage|p1a: Agua Potable|70\/100\n|move|p1a: Agua Potable|Flip Turn|p2a: Chien-Pao\n|-damage|p2a: Chien-Pao|0 fnt\n|faint|p2a: Chien-Pao\n|\n|t:|1696184200\n|-end|p1a: Agua Potable|Protosynthesis|[silent]\n|switch|p1a: PeloeQk|Flutter Mane|100\/100|[from] Flip Turn\n|-activate|p1a: PeloeQk|ability: Protosynthesis\n|-start|p1a: PeloeQk|protosynthesisspe\n|\n|-weather|SunnyDay|[upkeep]\n|-heal|p1b: Volcanion|15\/100|[from] item: Leftovers\n|upkeep\n|\n|t:|1696184208\n|switch|p2a: Flutter Mane|Flutter Mane|100\/100\n|-activate|p2a: Flutter Mane|ability: Protosynthesis\n|-start|p2a: Flutter Mane|protosynthesisspe\n|turn|5\n|\n|t:|1696184218\n|move|p2a: Flutter Mane|Dazzling Gleam|p1b: Volcanion|[spread] p1a,p1b\n|-resisted|p1b: Volcanion\n|-damage|p1a: PeloeQk|72\/100\n|-damage|p1b: Volcanion|3\/100\n|move|p1a: PeloeQk|Shadow Ball|p2a: Flutter Mane\n|-supereffective|p2a: Flutter Mane\n|-enditem|p2a: Flutter Mane|Focus Sash\n|-damage|p2a: Flutter Mane|1\/100\n|-damage|p1a: PeloeQk|62\/100|[from] item: Life Orb\n|move|p2b: Ogerpon|Horn Leech|p1a: PeloeQk\n|-crit|p1a: PeloeQk\n|-damage|p1a: PeloeQk|0 fnt\n|-heal|p2b: Ogerpon|77\/100|[from] drain|[of] p1a: PeloeQk\n|faint|p1a: PeloeQk\n|-end|p1a: PeloeQk|Protosynthesis|[silent]\n|move|p1b: Volcanion|Heat Wave|p2b: Ogerpon|[spread] p2a,p2b\n|-resisted|p2b: Ogerpon\n|-damage|p2a: Flutter Mane|0 fnt\n|-damage|p2b: Ogerpon|49\/100\n|faint|p2a: Flutter Mane\n|-end|p2a: Flutter Mane|Protosynthesis|[silent]\n|\n|-weather|none\n|-heal|p1b: Volcanion|9\/100|[from] item: Leftovers\n|upkeep\n|\n|t:|1696184241\n|switch|p2a: Kingambit|Kingambit, M, shiny|100\/100\n|switch|p1a: Pana Zulia|Torkoal, M|100\/100\n|-activate|p2a: Kingambit|ability: Supreme Overlord\n|-start|p2a: Kingambit|fallen4|[silent]\n|-weather|SunnyDay|[from] ability: Drought|[of] p1a: Pana Zulia\n|turn|6\n|\n|t:|1696184268\n|move|p1b: Volcanion|Protect|p1b: Volcanion\n|-singleturn|p1b: Volcanion|Protect\n|move|p2a: Kingambit|Sucker Punch|p1a: Pana Zulia\n|-damage|p1a: Pana Zulia|64\/100\n|move|p2b: Ogerpon|Horn Leech|p1b: Volcanion\n|-activate|p1b: Volcanion|move: Protect\n|move|p1a: Pana Zulia|Eruption|p2a: Kingambit|[spread] p2a,p2b\n|-supereffective|p2a: Kingambit\n|-resisted|p2b: Ogerpon\n|-damage|p2a: Kingambit|36\/100\n|-damage|p2b: Ogerpon|29\/100\n|\n|-weather|SunnyDay|[upkeep]\n|-heal|p1b: Volcanion|15\/100|[from] item: Leftovers\n|-heal|p2a: Kingambit|42\/100|[from] item: Leftovers\n|upkeep\n|turn|7\n|\n|t:|1696184293\n|move|p2b: Ogerpon|Horn Leech|p1b: Volcanion\n|-damage|p1b: Volcanion|0 fnt\n|-heal|p2b: Ogerpon|38\/100|[from] drain|[of] p1b: Volcanion\n|faint|p1b: Volcanion\n|move|p2a: Kingambit|Kowtow Cleave|p1a: Pana Zulia\n|-damage|p1a: Pana Zulia|22\/100\n|move|p1a: Pana Zulia|Lava Plume|p2b: Ogerpon|[spread] p2a,p2b\n|-supereffective|p2a: Kingambit\n|-resisted|p2b: Ogerpon\n|-damage|p2a: Kingambit|0 fnt\n|-damage|p2b: Ogerpon|23\/100\n|faint|p2a: Kingambit\n|-end|p2a: Kingambit|fallen4|[silent]\n|\n|-weather|SunnyDay|[upkeep]\n|upkeep\n|\n|t:|1696184308\n|switch|p1b: Agua Potable|Walking Wake|70\/100\n|-activate|p1b: Agua Potable|ability: Protosynthesis\n|-start|p1b: Agua Potable|protosynthesisspe\n|turn|8\n|\n|t:|1696184317\n|move|p1b: Agua Potable|Hydro Steam|p2b: Ogerpon\n|-supereffective|p2b: Ogerpon\n|-crit|p2b: Ogerpon\n|-damage|p2b: Ogerpon|0 fnt\n|faint|p2b: Ogerpon\n|\n|win|Anna Lisa Melculo\n|raw|Anna Lisa Melculo's rating: 1414 &rarr; <strong>1443<\/strong><br \/>(+29 for winning)\n|raw|Paldea Athens 420's rating: 1588 &rarr; <strong>1559<\/strong><br \/>(-29 for losing)\n|l|\u2606Paldea Athens 420\n","uploadtime":1696184327,"views":13,"p1id":"annalisamelculo","p2id":"paldeaathens420","formatid":"gen9nationaldexdoubles","rating":1443,"private":0,"password":""}