{"id":"gen9nationaldexdoubles-1972160274","p1":"bibleisreal20994","p2":"AdvancedDigit","format":"[Gen 9] National Dex Doubles","log":"|j|\u2606bibleisreal20994\n|j|\u2606AdvancedDigit\n|t:|1697817726\n|gametype|doubles\n|player|p1|bibleisreal20994|cheren-gen5bw2|1169\n|player|p2|AdvancedDigit|hilbert|1235\n|teamsize|p1|6\n|teamsize|p2|6\n|gen|9\n|tier|[Gen 9] National Dex Doubles\n|rated|\n|rule|HP Percentage Mod: HP is shown in percentages\n|rule|Endless Battle Clause: Forcing endless battles is banned\n|rule|OHKO Clause: OHKO moves are banned\n|rule|Evasion Moves Clause: Evasion moves are banned\n|rule|Evasion Abilities Clause: Evasion abilities are banned\n|rule|Species Clause: Limit one of each Pok\u00e9mon\n|rule|Gravity Sleep Clause: The combination of sleep-inducing moves with imperfect accuracy and Gravity or Gigantamax Orbeetle are banned\n|clearpoke\n|poke|p1|Zeraora|\n|poke|p1|Gothitelle, M|\n|poke|p1|Durant, F|\n|poke|p1|Rillaboom, M|\n|poke|p1|Jirachi|\n|poke|p1|Volcarona, F|\n|poke|p2|Lilligant-Hisui, F|\n|poke|p2|Tornadus, M|\n|poke|p2|Malamar, M|\n|poke|p2|Gothitelle, F|\n|poke|p2|Charizard, M|\n|poke|p2|Garchomp, M|\n|teampreview\n|inactive|Battle timer is ON: inactive players will automatically lose when time's up. (requested by bibleisreal20994)\n|c|\u2606AdvancedDigit|new team this time lol\n|\n|t:|1697817742\n|start\n|switch|p1a: Durant|Durant, F|100\/100\n|switch|p1b: Volcarona|Volcarona, F|100\/100\n|switch|p2a: Lilligant|Lilligant-Hisui, F|100\/100\n|switch|p2b: Charizard|Charizard, M|100\/100\n|turn|1\n|\n|t:|1697817752\n|detailschange|p2b: Charizard|Charizard-Mega-Y, M\n|-mega|p2b: Charizard|Charizard|Charizardite Y\n|-weather|SunnyDay|[from] ability: Drought|[of] p2b: Charizard\n|move|p2a: Lilligant|Entrainment|p2b: Charizard\n|-endability|p2b: Charizard|Drought|[from] move: Entrainment\n|-ability|p2b: Charizard|Chlorophyll|[from] move: Entrainment\n|move|p2b: Charizard|Heat Wave|p1a: Durant|[spread] p1a,p1b\n|-supereffective|p1a: Durant\n|-damage|p1a: Durant|0 fnt\n|-damage|p1b: Volcarona|26\/100\n|faint|p1a: Durant\n|move|p1b: Volcarona|Quiver Dance|p1b: Volcarona\n|-boost|p1b: Volcarona|spa|1\n|-boost|p1b: Volcarona|spd|1\n|-boost|p1b: Volcarona|spe|1\n|\n|-weather|SunnyDay|[upkeep]\n|upkeep\n|\n|t:|1697817762\n|switch|p1a: Gothitelle|Gothitelle, M|100\/100\n|turn|2\n|\n|t:|1697817780\n|move|p1a: Gothitelle|Fake Out|p2b: Charizard\n|-damage|p2b: Charizard|92\/100\n|move|p2a: Lilligant|Entrainment|p1a: Gothitelle\n|-endability|p1a: Gothitelle|Shadow Tag|[from] move: Entrainment\n|-ability|p1a: Gothitelle|Chlorophyll|[from] move: Entrainment\n|cant|p2b: Charizard|flinch\n|move|p1b: Volcarona|Fiery Dance|p2a: Lilligant\n|-supereffective|p2a: Lilligant\n|-damage|p2a: Lilligant|0 fnt\n|faint|p2a: Lilligant\n|\n|-weather|SunnyDay|[upkeep]\n|upkeep\n|\n|t:|1697817786\n|switch|p2a: Gothitelle|Gothitelle, F|100\/100\n|turn|3\n|\n|t:|1697817794\n|move|p1b: Volcarona|Protect|p1b: Volcarona\n|-singleturn|p1b: Volcarona|Protect\n|move|p2a: Gothitelle|Fake Out|p1b: Volcarona\n|-activate|p1b: Volcarona|move: Protect\n|move|p2b: Charizard|Heat Wave|p1a: Gothitelle|[spread] p1a\n|-activate|p1b: Volcarona|move: Protect\n|-damage|p1a: Gothitelle|37\/100\n|move|p1a: Gothitelle|Toxic|p2b: Charizard\n|-status|p2b: Charizard|tox\n|\n|-weather|SunnyDay|[upkeep]\n|-heal|p1a: Gothitelle|43\/100|[from] item: Leftovers\n|-damage|p2b: Charizard|86\/100 tox|[from] psn\n|upkeep\n|turn|4\n|\n|t:|1697817815\n|move|p1a: Gothitelle|Protect|p1a: Gothitelle\n|-singleturn|p1a: Gothitelle|Protect\n|move|p2b: Charizard|Heat Wave|p1a: Gothitelle|[spread] p1b\n|-activate|p1a: Gothitelle|move: Protect\n|-damage|p1b: Volcarona|0 fnt\n|faint|p1b: Volcarona\n|move|p2a: Gothitelle|Toxic|p1a: Gothitelle\n|-activate|p1a: Gothitelle|move: Protect\n|\n|-weather|SunnyDay|[upkeep]\n|-heal|p1a: Gothitelle|49\/100|[from] item: Leftovers\n|-damage|p2b: Charizard|74\/100 tox|[from] psn\n|upkeep\n|\n|t:|1697817826\n|switch|p1b: Rillaboom|Rillaboom, M|100\/100\n|-fieldstart|move: Grassy Terrain|[from] ability: Grassy Surge|[of] p1b: Rillaboom\n|turn|5\n|\n|t:|1697817835\n|move|p1b: Rillaboom|Fake Out|p2b: Charizard\n|-damage|p2b: Charizard|59\/100 tox\n|cant|p2b: Charizard|flinch\n|move|p1a: Gothitelle|Toxic|p2a: Gothitelle\n|-status|p2a: Gothitelle|tox\n|move|p2a: Gothitelle|Toxic|p1b: Rillaboom\n|-status|p1b: Rillaboom|tox\n|\n|-weather|none\n|-heal|p1a: Gothitelle|55\/100|[from] Grassy Terrain\n|-heal|p1a: Gothitelle|61\/100|[from] item: Leftovers\n|-damage|p2b: Charizard|41\/100 tox|[from] psn\n|-damage|p1b: Rillaboom|94\/100 tox|[from] psn\n|-damage|p2a: Gothitelle|94\/100 tox|[from] psn\n|upkeep\n|turn|6\n|\n|t:|1697817851\n|move|p1a: Gothitelle|Protect|p1a: Gothitelle\n|-singleturn|p1a: Gothitelle|Protect\n|move|p2b: Charizard|Heat Wave|p1a: Gothitelle|[spread] p1b\n|-activate|p1a: Gothitelle|move: Protect\n|-supereffective|p1b: Rillaboom\n|-damage|p1b: Rillaboom|26\/100 tox\n|move|p1b: Rillaboom|U-turn|p2a: Gothitelle\n|-supereffective|p2a: Gothitelle\n|-damage|p2a: Gothitelle|53\/100 tox\n|\n|t:|1697817861\n|switch|p1b: Jirachi|Jirachi|100\/100|[from] U-turn\n|move|p2a: Gothitelle|Substitute|p2a: Gothitelle\n|-start|p2a: Gothitelle|Substitute\n|-damage|p2a: Gothitelle|28\/100 tox\n|\n|-heal|p1a: Gothitelle|67\/100|[from] Grassy Terrain\n|-heal|p2a: Gothitelle|34\/100 tox|[from] Grassy Terrain\n|-heal|p2a: Gothitelle|40\/100 tox|[from] item: Leftovers\n|-heal|p1a: Gothitelle|73\/100|[from] item: Leftovers\n|-damage|p2b: Charizard|17\/100 tox|[from] psn\n|-damage|p2a: Gothitelle|28\/100 tox|[from] psn\n|upkeep\n|turn|7\n|\n|t:|1697817873\n|move|p1a: Gothitelle|Protect||[still]\n|-fail|p1a: Gothitelle\n|move|p2b: Charizard|Heat Wave|p1a: Gothitelle|[spread] p1b\n|-miss|p2b: Charizard|p1a: Gothitelle\n|-supereffective|p1b: Jirachi\n|-crit|p1b: Jirachi\n|-damage|p1b: Jirachi|0 fnt\n|faint|p1b: Jirachi\n|move|p2a: Gothitelle|Shadow Ball|p1a: Gothitelle\n|-supereffective|p1a: Gothitelle\n|-damage|p1a: Gothitelle|41\/100\n|\n|-heal|p1a: Gothitelle|47\/100|[from] Grassy Terrain\n|-heal|p2a: Gothitelle|34\/100 tox|[from] Grassy Terrain\n|-heal|p1a: Gothitelle|53\/100|[from] item: Leftovers\n|-heal|p2a: Gothitelle|40\/100 tox|[from] item: Leftovers\n|-damage|p2b: Charizard|0 fnt|[from] psn\n|faint|p2b: Charizard\n|-damage|p2a: Gothitelle|22\/100 tox|[from] psn\n|upkeep\n|\n|t:|1697817891\n|switch|p2b: Tornadus|Tornadus, M|100\/100\n|switch|p1b: Rillaboom|Rillaboom, M|26\/100 tox\n|turn|8\n|\n|t:|1697817902\n|move|p1b: Rillaboom|Fake Out|p2b: Tornadus\n|-damage|p2b: Tornadus|84\/100\n|cant|p2b: Tornadus|flinch\n|move|p2a: Gothitelle|Shadow Ball|p1a: Gothitelle\n|-supereffective|p1a: Gothitelle\n|-damage|p1a: Gothitelle|21\/100\n|move|p1a: Gothitelle|Toxic|p2b: Tornadus\n|-status|p2b: Tornadus|tox\n|\n|-heal|p2b: Tornadus|90\/100 tox|[from] item: Leftovers\n|-heal|p1b: Rillaboom|32\/100 tox|[from] Grassy Terrain\n|-heal|p1a: Gothitelle|28\/100|[from] Grassy Terrain\n|-heal|p2a: Gothitelle|28\/100 tox|[from] Grassy Terrain\n|-heal|p1a: Gothitelle|34\/100|[from] item: Leftovers\n|-heal|p2a: Gothitelle|34\/100 tox|[from] item: Leftovers\n|-damage|p2b: Tornadus|84\/100 tox|[from] psn\n|-damage|p1b: Rillaboom|26\/100 tox|[from] psn\n|-damage|p2a: Gothitelle|10\/100 tox|[from] psn\n|upkeep\n|turn|9\n|\n|t:|1697817917\n|move|p1a: Gothitelle|Protect|p1a: Gothitelle\n|-singleturn|p1a: Gothitelle|Protect\n|move|p2b: Tornadus|Tailwind|p2b: Tornadus\n|-sidestart|p2: AdvancedDigit|move: Tailwind\n|move|p2a: Gothitelle|Shadow Ball|p1a: Gothitelle\n|-activate|p1a: Gothitelle|move: Protect\n|move|p1b: Rillaboom|Snarl|p2b: Tornadus|[spread] p2a,p2b\n|-supereffective|p2a: Gothitelle\n|-damage|p2a: Gothitelle|0 fnt\n|-damage|p2b: Tornadus|76\/100 tox\n|-unboost|p2b: Tornadus|spa|1\n|faint|p2a: Gothitelle\n|\n|-heal|p2b: Tornadus|82\/100 tox|[from] item: Leftovers\n|-heal|p1b: Rillaboom|32\/100 tox|[from] Grassy Terrain\n|-heal|p1a: Gothitelle|40\/100|[from] Grassy Terrain\n|-heal|p1a: Gothitelle|46\/100|[from] item: Leftovers\n|-damage|p2b: Tornadus|70\/100 tox|[from] psn\n|-damage|p1b: Rillaboom|20\/100 tox|[from] psn\n|-fieldend|move: Grassy Terrain\n|upkeep\n|\n|t:|1697817920\n|switch|p2a: Garchomp|Garchomp, M|100\/100\n|turn|10\n|\n|t:|1697817936\n|move|p2b: Tornadus|Icy Wind|p1a: Gothitelle|[spread] p1a,p1b\n|-supereffective|p1b: Rillaboom\n|-damage|p1a: Gothitelle|37\/100\n|-damage|p1b: Rillaboom|8\/100 tox\n|-unboost|p1a: Gothitelle|spe|1\n|-unboost|p1b: Rillaboom|spe|1\n|move|p2a: Garchomp|Earthquake|p1a: Gothitelle|[spread] p1a,p1b\n|-immune|p2b: Tornadus\n|-resisted|p1b: Rillaboom\n|-damage|p1a: Gothitelle|0 fnt\n|-damage|p1b: Rillaboom|0 fnt\n|faint|p1a: Gothitelle\n|faint|p1b: Rillaboom\n|\n|-heal|p2b: Tornadus|76\/100 tox|[from] item: Leftovers\n|-damage|p2b: Tornadus|58\/100 tox|[from] psn\n|upkeep\n|\n|t:|1697817945\n|switch|p1b: Killua|Zeraora|100\/100\n|turn|11\n|\n|t:|1697817950\n|-terastallize|p1b: Killua|Ghost\n|move|p2b: Tornadus|Icy Wind|p1b: Killua\n|-damage|p1b: Killua|84\/100\n|-unboost|p1b: Killua|spe|1\n|move|p2a: Garchomp|Earthquake|p1b: Killua|[spread] p1b\n|-immune|p2b: Tornadus\n|-damage|p1b: Killua|24\/100\n|move|p1b: Killua|Knock Off|p2a: Garchomp\n|-damage|p2a: Garchomp|69\/100\n|-damage|p1b: Killua|12\/100|[from] ability: Rough Skin|[of] p2a: Garchomp\n|-enditem|p2a: Garchomp|Expert Belt|[from] move: Knock Off|[of] p1b: Killua\n|\n|-heal|p2b: Tornadus|64\/100 tox|[from] item: Leftovers\n|-damage|p2b: Tornadus|40\/100 tox|[from] psn\n|upkeep\n|turn|12\n|-message|bibleisreal20994 forfeited.\n|\n|win|AdvancedDigit\n|raw|bibleisreal20994's rating: 1169 &rarr; <strong>1149<\/strong><br \/>(-20 for losing)\n|raw|AdvancedDigit's rating: 1235 &rarr; <strong>1255<\/strong><br \/>(+20 for winning)\n|c|\u2606AdvancedDigit|gg\n|l|\u2606bibleisreal20994\n","uploadtime":1697817959,"views":5,"p1id":"bibleisreal20994","p2id":"advanceddigit","formatid":"gen9nationaldexdoubles","rating":1149,"private":0,"password":""}