{"id":"gen9nationaldexdoubles-1958633437","p1":"Real Bani-Banani","p2":"i am bad unu","format":"[Gen 9] National Dex Doubles","log":"|j|\u2606Real Bani-Banani\n|j|\u2606i am bad unu\n|t:|1696346598\n|gametype|doubles\n|player|p1|Real Bani-Banani|rocketgruntf|1091\n|player|p2|i am bad unu|266|1000\n|teamsize|p1|6\n|teamsize|p2|6\n|gen|9\n|tier|[Gen 9] National Dex Doubles\n|rated|\n|rule|HP Percentage Mod: HP is shown in percentages\n|rule|Endless Battle Clause: Forcing endless battles is banned\n|rule|OHKO Clause: OHKO moves are banned\n|rule|Evasion Moves Clause: Evasion moves are banned\n|rule|Evasion Abilities Clause: Evasion abilities are banned\n|rule|Species Clause: Limit one of each Pok\u00e9mon\n|rule|Gravity Sleep Clause: The combination of sleep-inducing moves with imperfect accuracy and Gravity or Gigantamax Orbeetle are banned\n|clearpoke\n|poke|p1|Furret, F|\n|poke|p1|Eelektross, M|\n|poke|p1|Sableye, F|\n|poke|p1|Drifblim, F|\n|poke|p1|Vanilluxe, M|\n|poke|p1|Carbink|\n|poke|p2|Pelipper, F|\n|poke|p2|Kingdra, F|\n|poke|p2|Inteleon, F|\n|poke|p2|Crawdaunt, F|\n|poke|p2|Quagsire, F|\n|poke|p2|Lopunny, F|\n|teampreview\n|\n|t:|1696346636\n|start\n|switch|p1a: FrostAtronach|Vanilluxe, M|100\/100\n|switch|p1b: TheRetchingNetch|Drifblim, F|100\/100\n|switch|p2a: Pelipper|Pelipper, F|100\/100\n|switch|p2b: Kingdra|Kingdra, F|100\/100\n|-weather|RainDance|[from] ability: Drizzle|[of] p2a: Pelipper\n|turn|1\n|\n|t:|1696346657\n|-terastallize|p2b: Kingdra|Water\n|move|p2b: Kingdra|Surf|p1a: FrostAtronach|[spread] p2a,p1a,p1b\n|-resisted|p2a: Pelipper\n|-damage|p2a: Pelipper|57\/100\n|-damage|p1a: FrostAtronach|29\/100\n|-damage|p1b: TheRetchingNetch|58\/100\n|move|p1a: FrostAtronach|Freeze-Dry|p2a: Pelipper\n|-supereffective|p2a: Pelipper\n|-damage|p2a: Pelipper|0 fnt\n|faint|p2a: Pelipper\n|move|p1b: TheRetchingNetch|Strength Sap|p2b: Kingdra\n|-unboost|p2b: Kingdra|atk|1\n|-heal|p1b: TheRetchingNetch|93\/100\n|\n|-weather|RainDance|[upkeep]\n|upkeep\n|\n|t:|1696346669\n|switch|p2a: Quagsire|Quagsire, F|100\/100\n|turn|2\n|\n|t:|1696346679\n|move|p1a: FrostAtronach|Endure|p1a: FrostAtronach\n|-singleturn|p1a: FrostAtronach|move: Endure\n|move|p2b: Kingdra|Surf|p1a: FrostAtronach|[spread] p1a,p1b\n|-immune|p2a: Quagsire|[from] ability: Water Absorb\n|-activate|p1a: FrostAtronach|move: Endure\n|-damage|p1a: FrostAtronach|1\/100\n|-damage|p1b: TheRetchingNetch|46\/100\n|move|p1b: TheRetchingNetch|Imprison|p1b: TheRetchingNetch\n|-start|p1b: TheRetchingNetch|move: Imprison\n|move|p2a: Quagsire|Fling|p2b: Kingdra\n|-damage|p2b: Kingdra|98\/100\n|-start|p2b: Kingdra|move: Focus Energy\n|-enditem|p2a: Quagsire|Lansat Berry|[from] move: Fling\n|\n|-weather|RainDance|[upkeep]\n|upkeep\n|turn|3\n|\n|t:|1696346711\n|switch|p1a: BananaSplit|Furret, F|100\/100\n|-item|p2b: Kingdra|Scope Lens|[from] ability: Frisk|[of] p1a: BananaSplit|[identify]\n|move|p2a: Quagsire|Helping Hand|p2b: Kingdra\n|-singleturn|p2b: Kingdra|Helping Hand|[of] p2a: Quagsire\n|move|p2b: Kingdra|Surf|p1b: TheRetchingNetch|[spread] p1a,p1b\n|-immune|p2a: Quagsire|[from] ability: Water Absorb\n|-crit|p1a: BananaSplit\n|-crit|p1b: TheRetchingNetch\n|-damage|p1a: BananaSplit|0 fnt\n|-damage|p1b: TheRetchingNetch|0 fnt\n|faint|p1a: BananaSplit\n|faint|p1b: TheRetchingNetch\n|\n|-weather|RainDance|[upkeep]\n|upkeep\n|\n|t:|1696346731\n|switch|p1a: Falmer|Sableye, F|100\/100\n|switch|p1b: Stalhrim|Carbink|100\/100\n|turn|4\n|j| unknown11111111\n|l| unknown11111111\n|\n|t:|1696346743\n|-terastallize|p1b: Stalhrim|Water\n|move|p2a: Quagsire|Helping Hand|p2b: Kingdra\n|-singleturn|p2b: Kingdra|Helping Hand|[of] p2a: Quagsire\n|move|p1a: Falmer|Skill Swap|p1b: Stalhrim\n|-activate|p1a: Falmer|move: Skill Swap|||[of] p1b: Stalhrim\n|move|p1b: Stalhrim|Light Screen|p1b: Stalhrim\n|-sidestart|p1: Real Bani-Banani|move: Light Screen\n|move|p2b: Kingdra|Surf|p1b: Stalhrim|[spread] p1a,p1b\n|-immune|p2a: Quagsire|[from] ability: Water Absorb\n|-crit|p1a: Falmer\n|-resisted|p1b: Stalhrim\n|-crit|p1b: Stalhrim\n|-ability|p1a: Falmer|Sturdy\n|-damage|p1a: Falmer|1\/100\n|-damage|p1b: Stalhrim|13\/100\n|\n|-weather|RainDance|[upkeep]\n|upkeep\n|turn|5\n|-enditem|p1a: Falmer|Custap Berry|[eat]\n|-activate|p1a: Falmer|item: Custap Berry|[consumed]\n|\n|t:|1696346776\n|move|p2a: Quagsire|Helping Hand|p2b: Kingdra\n|-singleturn|p2b: Kingdra|Helping Hand|[of] p2a: Quagsire\n|move|p1a: Falmer|Encore|p2a: Quagsire\n|-start|p2a: Quagsire|Encore\n|move|p2b: Kingdra|Surf|p1a: Falmer|[spread] p1a,p1b\n|-immune|p2a: Quagsire|[from] ability: Water Absorb\n|-crit|p1a: Falmer\n|-resisted|p1b: Stalhrim\n|-crit|p1b: Stalhrim\n|-damage|p1a: Falmer|0 fnt\n|-damage|p1b: Stalhrim|0 fnt\n|faint|p1a: Falmer\n|faint|p1b: Stalhrim\n|\n|-weather|none\n|upkeep\n|\n|t:|1696346783\n|switch|p1a: FrostAtronach|Vanilluxe, M|1\/100\n|switch|p1b: Nazeem|Eelektross, M|100\/100\n|turn|6\n|\n|t:|1696346798\n|move|p2a: Quagsire|Helping Hand|p2b: Kingdra\n|-singleturn|p2b: Kingdra|Helping Hand|[of] p2a: Quagsire\n|move|p1a: FrostAtronach|Endure|p1a: FrostAtronach\n|-singleturn|p1a: FrostAtronach|move: Endure\n|move|p2b: Kingdra|Surf|p1b: Nazeem|[spread] p1a,p1b\n|-immune|p2a: Quagsire|[from] ability: Water Absorb\n|-crit|p1a: FrostAtronach\n|-crit|p1b: Nazeem\n|-activate|p1a: FrostAtronach|move: Endure\n|-damage|p1a: FrostAtronach|1\/100\n|-damage|p1b: Nazeem|0 fnt\n|faint|p1b: Nazeem\n|\n|upkeep\n|turn|7\n|\n|t:|1696346812\n|move|p2a: Quagsire|Helping Hand|p2b: Kingdra\n|-singleturn|p2b: Kingdra|Helping Hand|[of] p2a: Quagsire\n|move|p2b: Kingdra|Surf|p1a: FrostAtronach|[spread] p1a\n|-immune|p2a: Quagsire|[from] ability: Water Absorb\n|-crit|p1a: FrostAtronach\n|-damage|p1a: FrostAtronach|0 fnt\n|faint|p1a: FrostAtronach\n|\n|win|i am bad unu\n|raw|Real Bani-Banani's rating: 1091 &rarr; <strong>1061<\/strong><br \/>(-30 for losing)\n|raw|i am bad unu's rating: 1000 &rarr; <strong>1050<\/strong><br \/>(+50 for winning)\n|c|\u2606Real Bani-Banani|gg wp\n|l|\u2606Real Bani-Banani\n","uploadtime":1696346825,"views":12,"p1id":"realbanibanani","p2id":"iambadunu","formatid":"gen9nationaldexdoubles","rating":1050,"private":0,"password":""}