{"id":"gen9nationaldexdoubles-1980964320","p1":"Syph0n_78","p2":"AhiruChan","format":"[Gen 9] National Dex Doubles","log":"|j|\u2606Syph0n_78\n|j|\u2606AhiruChan\n|t:|1698852781\n|gametype|doubles\n|player|p1|Syph0n_78|265|\n|player|p2|AhiruChan|lillie-masters2|\n|teamsize|p1|6\n|teamsize|p2|6\n|gen|9\n|tier|[Gen 9] National Dex Doubles\n|rule|HP Percentage Mod: HP is shown in percentages\n|rule|Endless Battle Clause: Forcing endless battles is banned\n|rule|OHKO Clause: OHKO moves are banned\n|rule|Evasion Moves Clause: Evasion moves are banned\n|rule|Evasion Abilities Clause: Evasion abilities are banned\n|rule|Species Clause: Limit one of each Pok\u00e9mon\n|rule|Gravity Sleep Clause: The combination of sleep-inducing moves with imperfect accuracy and Gravity or Gigantamax Orbeetle are banned\n|clearpoke\n|poke|p1|Rillaboom, F|\n|poke|p1|Whimsicott, F|\n|poke|p1|Ogerpon-Wellspring, F|\n|poke|p1|Shiftry, M|\n|poke|p1|Brambleghast, F|\n|poke|p1|Torterra, F|\n|poke|p2|Scizor, F|\n|poke|p2|Sneasler, M|\n|poke|p2|Tapu Koko|\n|poke|p2|Meowscarada, M|\n|poke|p2|Iron Valiant|\n|poke|p2|Raichu-Alola, F|\n|teampreview\n|c|\u2606AhiruChan|glhf!\n|c|\u2606Syph0n_78|Glhf\n|\n|t:|1698852811\n|start\n|switch|p1a: Whimsicott|Whimsicott, F|100\/100\n|switch|p1b: Brambleghast|Brambleghast, F|100\/100\n|switch|p2a: Meowscarada|Meowscarada, M|100\/100\n|switch|p2b: Scizor|Scizor, F|100\/100\n|turn|1\n|\n|t:|1698852840\n|detailschange|p2b: Scizor|Scizor-Mega, F\n|-mega|p2b: Scizor|Scizor|Scizorite\n|-terastallize|p1b: Brambleghast|Fire\n|move|p1a: Whimsicott|Tailwind|p1a: Whimsicott\n|-sidestart|p1: Syph0n_78|move: Tailwind\n|-ability|p1b: Brambleghast|Wind Rider|boost\n|-boost|p1b: Brambleghast|atk|1\n|move|p2b: Scizor|Bullet Punch|p1a: Whimsicott\n|-supereffective|p1a: Whimsicott\n|-damage|p1a: Whimsicott|35\/100\n|move|p1b: Brambleghast|Tera Blast|p2b: Scizor|[anim] Tera Blast Fire\n|-supereffective|p2b: Scizor\n|-damage|p2b: Scizor|0 fnt\n|faint|p2b: Scizor\n|-damage|p1b: Brambleghast|91\/100|[from] item: Life Orb\n|move|p2a: Meowscarada|U-turn|p1b: Brambleghast\n|-start|p2a: Meowscarada|typechange|Bug|[from] ability: Protean\n|-resisted|p1b: Brambleghast\n|-damage|p1b: Brambleghast|59\/100\n|\n|t:|1698852859\n|switch|p2a: Tapu Koko|Tapu Koko|100\/100|[from] U-turn\n|-fieldstart|move: Electric Terrain|[from] ability: Electric Surge|[of] p2a: Tapu Koko\n|\n|-heal|p1a: Whimsicott|41\/100|[from] item: Leftovers\n|upkeep\n|\n|t:|1698852864\n|switch|p2b: Raichu|Raichu-Alola, F|100\/100\n|turn|2\n|\n|t:|1698852879\n|switch|p1a: Torterra|Torterra, F|100\/100\n|move|p2b: Raichu|Rising Voltage|p1b: Brambleghast\n|-hint|Rising Voltage's BP doubled on grounded target.\n|-damage|p1b: Brambleghast|0 fnt\n|faint|p1b: Brambleghast\n|move|p2a: Tapu Koko|Light Screen|p2a: Tapu Koko\n|-sidestart|p2: AhiruChan|move: Light Screen\n|\n|upkeep\n|\n|t:|1698852891\n|switch|p1b: Rillaboom|Rillaboom, F|100\/100\n|-fieldstart|move: Grassy Terrain|[from] ability: Grassy Surge|[of] p1b: Rillaboom\n|-enditem|p1b: Rillaboom|Grassy Seed\n|-boost|p1b: Rillaboom|def|1|[from] item: Grassy Seed\n|turn|3\n|c|\u2606Syph0n_78|Yeahh rising voltage is 182 base power in electric terrain\n|c|\u2606Syph0n_78|Bout time someone found that out\n|\n|t:|1698852931\n|switch|p2a: Iron Valiant|Iron Valiant|100\/100\n|move|p2b: Raichu|Protect|p2b: Raichu\n|-singleturn|p2b: Raichu|Protect\n|move|p1b: Rillaboom|Fake Out|p2b: Raichu\n|-activate|p2b: Raichu|move: Protect\n|move|p1a: Torterra|Shell Smash|p1a: Torterra\n|-unboost|p1a: Torterra|def|1\n|-unboost|p1a: Torterra|spd|1\n|-boost|p1a: Torterra|atk|2\n|-boost|p1a: Torterra|spa|2\n|-boost|p1a: Torterra|spe|2\n|\n|upkeep\n|turn|4\n|\n|t:|1698852951\n|switch|p2b: Tapu Koko|Tapu Koko|100\/100\n|-fieldstart|move: Electric Terrain|[from] ability: Electric Surge|[of] p2b: Tapu Koko\n|-activate|p2a: Iron Valiant|ability: Quark Drive\n|-start|p2a: Iron Valiant|quarkdrivespe\n|move|p2a: Iron Valiant|Protect|p2a: Iron Valiant\n|-singleturn|p2a: Iron Valiant|Protect\n|move|p1a: Torterra|Headlong Rush|p2b: Tapu Koko\n|-supereffective|p2b: Tapu Koko\n|-damage|p2b: Tapu Koko|0 fnt\n|-unboost|p1a: Torterra|def|1\n|-unboost|p1a: Torterra|spd|1\n|faint|p2b: Tapu Koko\n|move|p1b: Rillaboom|Acrobatics|p2a: Iron Valiant\n|-activate|p2a: Iron Valiant|move: Protect\n|\n|-sideend|p1: Syph0n_78|move: Tailwind\n|upkeep\n|\n|t:|1698852955\n|switch|p2b: Sneasler|Sneasler, M|100\/100\n|-enditem|p2b: Sneasler|Electric Seed\n|-boost|p2b: Sneasler|def|1|[from] item: Electric Seed\n|turn|5\n|\n|t:|1698853010\n|move|p2b: Sneasler|Acrobatics|p1a: Torterra\n|-supereffective|p1a: Torterra\n|-damage|p1a: Torterra|0 fnt\n|faint|p1a: Torterra\n|move|p2a: Iron Valiant|Moonblast|p1b: Rillaboom\n|-damage|p1b: Rillaboom|35\/100\n|move|p1b: Rillaboom|Acrobatics|p2b: Sneasler\n|-supereffective|p2b: Sneasler\n|-crit|p2b: Sneasler\n|-damage|p2b: Sneasler|0 fnt\n|faint|p2b: Sneasler\n|\n|upkeep\n|\n|t:|1698853022\n|switch|p2b: Raichu|Raichu-Alola, F|100\/100\n|switch|p1a: Whimsicott|Whimsicott, F|41\/100\n|turn|6\n|\n|t:|1698853033\n|switch|p1b: Shiftry|Shiftry, M|100\/100\n|move|p1a: Whimsicott|Protect|p1a: Whimsicott\n|-singleturn|p1a: Whimsicott|Protect\n|move|p2b: Raichu|Fake Out|p1a: Whimsicott\n|-activate|p1a: Whimsicott|move: Protect\n|move|p2a: Iron Valiant|Moonblast|p1b: Shiftry\n|-supereffective|p1b: Shiftry\n|-damage|p1b: Shiftry|0 fnt\n|faint|p1b: Shiftry\n|\n|-heal|p1a: Whimsicott|47\/100|[from] item: Leftovers\n|upkeep\n|c|\u2606Syph0n_78|Well i shoulda expected that\n|\n|t:|1698853052\n|switch|p1b: Ogerpon|Ogerpon-Wellspring, F|100\/100\n|turn|7\n|\n|t:|1698853063\n|move|p1b: Ogerpon|Spiky Shield|p1b: Ogerpon\n|-singleturn|p1b: Ogerpon|move: Protect\n|move|p1a: Whimsicott|Tailwind|p1a: Whimsicott\n|-sidestart|p1: Syph0n_78|move: Tailwind\n|move|p2b: Raichu|Rising Voltage|p1b: Ogerpon\n|-activate|p1b: Ogerpon|move: Protect\n|move|p2a: Iron Valiant|Moonblast|p1a: Whimsicott\n|-damage|p1a: Whimsicott|0 fnt\n|faint|p1a: Whimsicott\n|\n|upkeep\n|\n|t:|1698853077\n|switch|p1a: Rillaboom|Rillaboom, F|35\/100\n|-fieldstart|move: Grassy Terrain|[from] ability: Grassy Surge|[of] p1a: Rillaboom\n|-end|p2a: Iron Valiant|Quark Drive\n|turn|8\n|\n|t:|1698853088\n|move|p2b: Raichu|Protect|p2b: Raichu\n|-singleturn|p2b: Raichu|Protect\n|move|p1b: Ogerpon|Ivy Cudgel|p2b: Raichu\n|-activate|p2b: Raichu|move: Protect\n|move|p1a: Rillaboom|Acrobatics|p2a: Iron Valiant\n|-supereffective|p2a: Iron Valiant\n|-damage|p2a: Iron Valiant|4\/100\n|move|p2a: Iron Valiant|Thunderbolt|p1b: Ogerpon\n|-damage|p1b: Ogerpon|68\/100\n|\n|-heal|p1b: Ogerpon|74\/100|[from] Grassy Terrain\n|-heal|p1a: Rillaboom|41\/100|[from] Grassy Terrain\n|-heal|p2a: Iron Valiant|10\/100|[from] Grassy Terrain\n|upkeep\n|turn|9\n|\n|t:|1698853108\n|move|p2a: Iron Valiant|Protect|p2a: Iron Valiant\n|-singleturn|p2a: Iron Valiant|Protect\n|move|p1b: Ogerpon|Ivy Cudgel|p2b: Raichu\n|-damage|p2b: Raichu|0 fnt\n|faint|p2b: Raichu\n|move|p1a: Rillaboom|Acrobatics|p2a: Iron Valiant\n|-activate|p2a: Iron Valiant|move: Protect\n|\n|-heal|p1b: Ogerpon|80\/100|[from] Grassy Terrain\n|-heal|p1a: Rillaboom|47\/100|[from] Grassy Terrain\n|-heal|p2a: Iron Valiant|16\/100|[from] Grassy Terrain\n|-sideend|p2: AhiruChan|move: Light Screen\n|upkeep\n|\n|t:|1698853114\n|switch|p2b: Meowscarada|Meowscarada, M|100\/100\n|turn|10\n|\n|t:|1698853140\n|move|p1b: Ogerpon|Play Rough|p2b: Meowscarada\n|-supereffective|p2b: Meowscarada\n|-damage|p2b: Meowscarada|0 fnt\n|faint|p2b: Meowscarada\n|move|p1a: Rillaboom|Acrobatics|p2a: Iron Valiant\n|-supereffective|p2a: Iron Valiant\n|-damage|p2a: Iron Valiant|0 fnt\n|faint|p2a: Iron Valiant\n|-end|p2a: Iron Valiant|Quark Drive|[silent]\n|\n|win|Syph0n_78\n|c|\u2606AhiruChan|oof\n|c|\u2606AhiruChan|gg\n","uploadtime":1698853149,"views":7,"p1id":"syph0n78","p2id":"ahiruchan","formatid":"gen9nationaldexdoubles","rating":0,"private":0,"password":""}