{"id":"gen9nationaldexdoubles-1999223058","p1":"itshenryc","p2":"Sorry LOSER HAHA","format":"[Gen 9] National Dex Doubles","log":"|j|\u2606itshenryc\n|j|\u2606Sorry LOSER HAHA\n|t:|1701047415\n|gametype|doubles\n|player|p1|itshenryc|ghetsis|1061\n|player|p2|Sorry LOSER HAHA|camper|1000\n|teamsize|p1|6\n|teamsize|p2|6\n|gen|9\n|tier|[Gen 9] National Dex Doubles\n|rated|\n|rule|HP Percentage Mod: HP is shown in percentages\n|rule|Endless Battle Clause: Forcing endless battles is banned\n|rule|OHKO Clause: OHKO moves are banned\n|rule|Evasion Moves Clause: Evasion moves are banned\n|rule|Evasion Abilities Clause: Evasion abilities are banned\n|rule|Species Clause: Limit one of each Pok\u00e9mon\n|rule|Gravity Sleep Clause: The combination of sleep-inducing moves with imperfect accuracy and Gravity or Gigantamax Orbeetle are banned\n|clearpoke\n|poke|p1|Volcanion|\n|poke|p1|Urshifu-*, M|\n|poke|p1|Azumarill, F|\n|poke|p1|Electrode-Hisui|\n|poke|p1|Pelipper, M|\n|poke|p1|Scizor, F|\n|poke|p2|Blastoise, F|\n|poke|p2|Clefable, F|\n|poke|p2|Indeedee-F, F|\n|poke|p2|Mr. Mime, F|\n|poke|p2|Glastrier|\n|poke|p2|Oranguru, M|\n|teampreview\n|\n|t:|1701047422\n|start\n|switch|p1a: Volcanion|Volcanion|100\/100\n|switch|p1b: Urshifu|Urshifu-Rapid-Strike, M|100\/100\n|switch|p2a: Glastrier|Glastrier|100\/100\n|switch|p2b: Indeedee|Indeedee-F, F|100\/100\n|-fieldstart|move: Psychic Terrain|[from] ability: Psychic Surge|[of] p2b: Indeedee\n|turn|1\n|inactive|Battle timer is ON: inactive players will automatically lose when time's up. (requested by itshenryc)\n|inactive|Sorry LOSER HAHA has 120 seconds left.\n|inactive|Sorry LOSER HAHA has 90 seconds left.\n|inactive|Sorry LOSER HAHA has 60 seconds left.\n|\n|t:|1701047543\n|move|p2a: Glastrier|Protect|p2a: Glastrier\n|-singleturn|p2a: Glastrier|Protect\n|move|p1a: Volcanion|Heat Wave|p2b: Indeedee|[spread] p2b\n|-activate|p2a: Glastrier|move: Protect\n|-damage|p2b: Indeedee|64\/100\n|move|p1b: Urshifu|Thunder Punch|p1a: Volcanion\n|-supereffective|p1a: Volcanion\n|-damage|p1a: Volcanion|57\/100\n|-enditem|p1a: Volcanion|Weakness Policy\n|-boost|p1a: Volcanion|atk|2|[from] item: Weakness Policy\n|-boost|p1a: Volcanion|spa|2|[from] item: Weakness Policy\n|move|p2b: Indeedee|Trick Room|p2b: Indeedee\n|-fieldstart|move: Trick Room|[of] p2b: Indeedee\n|\n|upkeep\n|turn|2\n|\n|t:|1701047561\n|move|p2b: Indeedee|Helping Hand|p2a: Glastrier\n|-singleturn|p2a: Glastrier|Helping Hand|[of] p2b: Indeedee\n|move|p1b: Urshifu|Aqua Jet|p1a: Volcanion\n|-heal|p1a: Volcanion|82\/100|[from] ability: Water Absorb|[of] p1b: Urshifu\n|move|p2a: Glastrier|Stomping Tantrum|p1a: Volcanion\n|-supereffective|p1a: Volcanion\n|-damage|p1a: Volcanion|0 fnt\n|faint|p1a: Volcanion\n|-ability|p2a: Glastrier|Chilling Neigh|boost\n|-boost|p2a: Glastrier|atk|1\n|\n|upkeep\n|inactive|itshenryc has 120 seconds left.\n|\n|t:|1701047582\n|switch|p1a: Scizor|Scizor, F|100\/100\n|turn|3\n|inactive|Sorry LOSER HAHA has 120 seconds left.\n|\n|t:|1701047625\n|detailschange|p1a: Scizor|Scizor-Mega, F\n|-mega|p1a: Scizor|Scizor|Scizorite\n|move|p2b: Indeedee|Follow Me|p2b: Indeedee\n|-singleturn|p2b: Indeedee|move: Follow Me\n|move|p2a: Glastrier|Stomping Tantrum|p1a: Scizor\n|-damage|p1a: Scizor|66\/100\n|move|p1a: Scizor|Swords Dance|p1a: Scizor\n|-boost|p1a: Scizor|atk|2\n|move|p1b: Urshifu|Drain Punch|p2b: Indeedee\n|-damage|p2b: Indeedee|35\/100\n|\n|upkeep\n|turn|4\n|inactive|Sorry LOSER HAHA has 120 seconds left.\n|\n|t:|1701047642\n|move|p2b: Indeedee|Follow Me|p2b: Indeedee\n|-singleturn|p2b: Indeedee|move: Follow Me\n|move|p1a: Scizor|Bullet Punch|p2b: Indeedee\n|-activate|p2b: Indeedee|move: Psychic Terrain\n|move|p2a: Glastrier|Stomping Tantrum|p1a: Scizor\n|-damage|p1a: Scizor|29\/100\n|move|p1b: Urshifu|Liquidation|p2b: Indeedee\n|-damage|p2b: Indeedee|1\/100\n|\n|upkeep\n|turn|5\n|inactive|Sorry LOSER HAHA has 120 seconds left.\n|inactive|Sorry LOSER HAHA has 90 seconds left.\n|\n|t:|1701047719\n|move|p2b: Indeedee|Follow Me|p2b: Indeedee\n|-singleturn|p2b: Indeedee|move: Follow Me\n|move|p2a: Glastrier|Stomping Tantrum|p1a: Scizor\n|-damage|p1a: Scizor|0 fnt\n|faint|p1a: Scizor\n|-ability|p2a: Glastrier|Chilling Neigh|boost\n|-boost|p2a: Glastrier|atk|1\n|move|p1b: Urshifu|Drain Punch|p2b: Indeedee\n|-damage|p2b: Indeedee|0 fnt\n|faint|p2b: Indeedee\n|\n|-fieldend|move: Trick Room\n|-fieldend|move: Psychic Terrain\n|upkeep\n|inactive|Sorry LOSER HAHA has 90 seconds left.\n|\n|t:|1701047735\n|switch|p1a: Azumarill|Azumarill, F|100\/100\n|switch|p2b: Oranguru|Oranguru, M|100\/100\n|turn|6\n|inactive|Sorry LOSER HAHA has 90 seconds left.\n|inactive|Sorry LOSER HAHA has 60 seconds left.\n|-message|itshenryc forfeited.\n|\n|win|Sorry LOSER HAHA\n|raw|itshenryc's rating: 1061 &rarr; <strong>1039<\/strong><br \/>(-22 for losing)\n|raw|Sorry LOSER HAHA's rating: 1000 &rarr; <strong>1047<\/strong><br \/>(+47 for winning)\n|l|\u2606itshenryc\n","uploadtime":1701047807,"views":0,"p1id":"itshenryc","p2id":"sorryloserhaha","formatid":"gen9nationaldexdoubles","rating":1039,"private":0,"password":""}