{"id":"gen9nationaldexdoubles-1984233790","p1":"NPC At Home","p2":"BPal12","format":"[Gen 9] National Dex Doubles","log":"|j|\u2606NPC At Home\n|j|\u2606BPal12\n|t:|1699233178\n|gametype|doubles\n|player|p1|NPC At Home|piers|1359\n|player|p2|BPal12|ghetsis-gen5bw|1115\n|teamsize|p1|6\n|teamsize|p2|6\n|gen|9\n|tier|[Gen 9] National Dex Doubles\n|rated|\n|rule|HP Percentage Mod: HP is shown in percentages\n|rule|Endless Battle Clause: Forcing endless battles is banned\n|rule|OHKO Clause: OHKO moves are banned\n|rule|Evasion Moves Clause: Evasion moves are banned\n|rule|Evasion Abilities Clause: Evasion abilities are banned\n|rule|Species Clause: Limit one of each Pok\u00e9mon\n|rule|Gravity Sleep Clause: The combination of sleep-inducing moves with imperfect accuracy and Gravity or Gigantamax Orbeetle are banned\n|clearpoke\n|poke|p1|Kyurem-Black|\n|poke|p1|Tapu Koko|\n|poke|p1|Scizor, F|\n|poke|p1|Marshadow|\n|poke|p1|Volcanion|\n|poke|p1|Ninetales-Alola, F|\n|poke|p2|Incineroar, M|\n|poke|p2|Meowscarada, F|\n|poke|p2|Greninja-*, F|\n|poke|p2|Overqwil, F|\n|poke|p2|Umbreon, F|\n|poke|p2|Wo-Chien|\n|teampreview\n|inactive|Battle timer is ON: inactive players will automatically lose when time's up. (requested by NPC At Home)\n|\n|t:|1699233190\n|start\n|switch|p1a: Tapu Koko|Tapu Koko|100\/100\n|switch|p1b: Kyurem|Kyurem-Black, shiny|100\/100\n|switch|p2a: Wo-Chien|Wo-Chien|100\/100\n|switch|p2b: Umbreon|Umbreon, F|100\/100\n|-fieldstart|move: Electric Terrain|[from] ability: Electric Surge|[of] p1a: Tapu Koko\n|-ability|p1b: Kyurem|Teravolt\n|-ability|p2a: Wo-Chien|Tablets of Ruin\n|turn|1\n|inactive|BPal12 has 120 seconds left.\n|inactive|BPal12 has 90 seconds left.\n|\n|t:|1699233254\n|switch|p2b: Overqwil|Overqwil, F|100\/100\n|move|p1a: Tapu Koko|Taunt|p2b: Overqwil\n|-start|p2b: Overqwil|move: Taunt\n|move|p1b: Kyurem|Dragon Dance|p1b: Kyurem\n|-boost|p1b: Kyurem|atk|1\n|-boost|p1b: Kyurem|spe|1\n|move|p2a: Wo-Chien|Reflect|p2a: Wo-Chien\n|-sidestart|p2: BPal12|Reflect\n|\n|upkeep\n|turn|2\n|\n|t:|1699233273\n|move|p1b: Kyurem|Dragon Dance|p1b: Kyurem\n|-boost|p1b: Kyurem|atk|1\n|-boost|p1b: Kyurem|spe|1\n|move|p1a: Tapu Koko|Sky Drop||[still]\n|-prepare|p1a: Tapu Koko|Sky Drop|p2a: Wo-Chien\n|move|p2b: Overqwil|Barb Barrage|p1b: Kyurem\n|-damage|p1b: Kyurem|74\/100\n|-status|p1b: Kyurem|psn\n|\n|-damage|p1b: Kyurem|62\/100 psn|[from] psn\n|upkeep\n|turn|3\n|inactive|BPal12 has 120 seconds left.\n|\n|t:|1699233289\n|move|p1b: Kyurem|Fusion Bolt|p2b: Overqwil\n|-damage|p2b: Overqwil|45\/100\n|move|p1a: Tapu Koko|Sky Drop|p2a: Wo-Chien|[from]lockedmove\n|-supereffective|p2a: Wo-Chien\n|-damage|p2a: Wo-Chien|87\/100\n|-end|p2a: Wo-Chien|Sky Drop\n|move|p2b: Overqwil|Barb Barrage|p1b: Kyurem\n|-damage|p1b: Kyurem|14\/100 psn\n|move|p2a: Wo-Chien|Foul Play|p1b: Kyurem\n|-damage|p1b: Kyurem|0 fnt\n|faint|p1b: Kyurem\n|\n|-end|p2b: Overqwil|move: Taunt\n|upkeep\n|\n|t:|1699233313\n|switch|p1b: Volcanion|Volcanion|100\/100\n|turn|4\n|\n|t:|1699233333\n|switch|p1a: Scizor|Scizor, F|100\/100\n|move|p2b: Overqwil|Barb Barrage|p1a: Scizor\n|-immune|p1a: Scizor\n|move|p1b: Volcanion|Earth Power|p2b: Overqwil\n|-supereffective|p2b: Overqwil\n|-damage|p2b: Overqwil|0 fnt\n|faint|p2b: Overqwil\n|move|p2a: Wo-Chien|Light Screen|p2a: Wo-Chien\n|-sidestart|p2: BPal12|move: Light Screen\n|\n|upkeep\n|inactive|BPal12 has 120 seconds left.\n|\n|t:|1699233346\n|switch|p2b: Incineroar|Incineroar, M|100\/100\n|-ability|p2b: Incineroar|Intimidate|boost\n|-unboost|p1a: Scizor|atk|1\n|-unboost|p1b: Volcanion|atk|1\n|turn|5\n|\n|t:|1699233357\n|switch|p1a: Tapu Koko|Tapu Koko|100\/100\n|move|p1b: Volcanion|Steam Eruption|p2b: Incineroar\n|-supereffective|p2b: Incineroar\n|-damage|p2b: Incineroar|32\/100\n|move|p2a: Wo-Chien|Foul Play|p1a: Tapu Koko\n|-resisted|p1a: Tapu Koko\n|-damage|p1a: Tapu Koko|84\/100\n|move|p2b: Incineroar|Flare Blitz|p1a: Tapu Koko\n|-damage|p1a: Tapu Koko|47\/100\n|-enditem|p1a: Tapu Koko|Sitrus Berry|[eat]\n|-heal|p1a: Tapu Koko|72\/100|[from] item: Sitrus Berry\n|-damage|p2b: Incineroar|22\/100|[from] Recoil\n|\n|-fieldend|move: Electric Terrain\n|upkeep\n|turn|6\n|inactive|NPC At Home has 120 seconds left.\n|inactive|BPal12 has 120 seconds left.\n|\n|t:|1699233402\n|switch|p2b: Umbreon|Umbreon, F|100\/100\n|move|p1a: Tapu Koko|Nature's Madness|p2a: Wo-Chien\n|-damage|p2a: Wo-Chien|44\/100\n|move|p1b: Volcanion|Heat Wave|p2b: Umbreon|[spread] p2a,p2b\n|-supereffective|p2a: Wo-Chien\n|-damage|p2a: Wo-Chien|19\/100\n|-damage|p2b: Umbreon|83\/100\n|move|p2a: Wo-Chien|Pollen Puff|p1a: Tapu Koko\n|-resisted|p1a: Tapu Koko\n|-damage|p1a: Tapu Koko|60\/100\n|\n|-heal|p2b: Umbreon|89\/100|[from] item: Leftovers\n|upkeep\n|turn|7\n|inactive|NPC At Home has 120 seconds left.\n|inactive|BPal12 has 120 seconds left.\n|\n|t:|1699233423\n|switch|p2a: Greninja|Greninja, F|100\/100\n|move|p1a: Tapu Koko|Taunt|p2b: Umbreon\n|-start|p2b: Umbreon|move: Taunt\n|move|p1b: Volcanion|Heat Wave|p2a: Greninja|[spread] p2a,p2b\n|-resisted|p2a: Greninja\n|-damage|p2a: Greninja|82\/100\n|-damage|p2b: Umbreon|73\/100\n|cant|p2b: Umbreon|move: Taunt|Yawn\n|\n|-heal|p2b: Umbreon|79\/100|[from] item: Leftovers\n|upkeep\n|turn|8\n|\n|t:|1699233443\n|switch|p2b: Meowscarada|Meowscarada, F|100\/100\n|move|p2a: Greninja|Water Shuriken|p1a: Tapu Koko\n|-damage|p1a: Tapu Koko|51\/100\n|-damage|p1a: Tapu Koko|43\/100\n|-damage|p1a: Tapu Koko|35\/100\n|-damage|p1a: Tapu Koko|27\/100\n|-damage|p1a: Tapu Koko|18\/100\n|-hitcount|p1a: Tapu Koko|5\n|move|p1a: Tapu Koko|Volt Switch|p2a: Greninja\n|-supereffective|p2a: Greninja\n|-damage|p2a: Greninja|34\/100\n|\n|t:|1699233451\n|switch|p1a: Scizor|Scizor, F|100\/100|[from] Volt Switch\n|move|p1b: Volcanion|Steam Eruption|p2b: Meowscarada\n|-resisted|p2b: Meowscarada\n|-damage|p2b: Meowscarada|70\/100\n|\n|-sideend|p2: BPal12|Reflect\n|upkeep\n|turn|9\n|\n|t:|1699233468\n|detailschange|p1a: Scizor|Scizor-Mega, F\n|-mega|p1a: Scizor|Scizor|Scizorite\n|move|p2a: Greninja|Dark Pulse|p1a: Scizor\n|-damage|p1a: Scizor|66\/100\n|move|p2b: Meowscarada|Flower Trick|p1b: Volcanion\n|-start|p2b: Meowscarada|typechange|Grass|[from] ability: Protean\n|-crit|p1b: Volcanion\n|-damage|p1b: Volcanion|62\/100\n|cant|p1a: Scizor|flinch\n|move|p1b: Volcanion|Heat Wave|p2a: Greninja|[spread] p2a,p2b\n|-resisted|p2a: Greninja\n|-supereffective|p2b: Meowscarada\n|-damage|p2a: Greninja|16\/100\n|-damage|p2b: Meowscarada|0 fnt\n|-status|p2a: Greninja|brn\n|faint|p2b: Meowscarada\n|\n|-damage|p2a: Greninja|10\/100 brn|[from] brn\n|upkeep\n|inactive|BPal12 has 120 seconds left.\n|\n|t:|1699233490\n|switch|p2b: Incineroar|Incineroar, M|22\/100\n|-ability|p2b: Incineroar|Intimidate|boost\n|-unboost|p1a: Scizor|atk|1\n|-unboost|p1b: Volcanion|atk|1\n|turn|10\n|\n|t:|1699233497\n|move|p1a: Scizor|Protect|p1a: Scizor\n|-singleturn|p1a: Scizor|Protect\n|move|p2a: Greninja|Water Shuriken|p1b: Volcanion\n|-heal|p1b: Volcanion|87\/100|[from] ability: Water Absorb|[of] p2a: Greninja\n|move|p1b: Volcanion|Steam Eruption|p2b: Incineroar\n|-supereffective|p2b: Incineroar\n|-damage|p2b: Incineroar|0 fnt\n|faint|p2b: Incineroar\n|\n|-damage|p2a: Greninja|4\/100 brn|[from] brn\n|upkeep\n|\n|t:|1699233510\n|switch|p2b: Umbreon|Umbreon, F|79\/100\n|turn|11\n|\n|t:|1699233520\n|switch|p1a: Tapu Koko|Tapu Koko|18\/100\n|-fieldstart|move: Electric Terrain|[from] ability: Electric Surge|[of] p1a: Tapu Koko\n|move|p2a: Greninja|Dark Pulse|p1a: Tapu Koko\n|-resisted|p1a: Tapu Koko\n|-damage|p1a: Tapu Koko|0 fnt\n|faint|p1a: Tapu Koko\n|move|p1b: Volcanion|Heat Wave|p2a: Greninja|[spread] p2a,p2b\n|-resisted|p2a: Greninja\n|-damage|p2a: Greninja|0 fnt\n|-damage|p2b: Umbreon|62\/100\n|faint|p2a: Greninja\n|move|p2b: Umbreon|Yawn|p1b: Volcanion\n|-activate|p1b: Volcanion|move: Electric Terrain\n|\n|-heal|p2b: Umbreon|68\/100|[from] item: Leftovers\n|-sideend|p2: BPal12|move: Light Screen\n|upkeep\n|\n|t:|1699233537\n|switch|p2a: Wo-Chien|Wo-Chien|19\/100\n|switch|p1a: Scizor|Scizor-Mega, F|66\/100\n|-ability|p2a: Wo-Chien|Tablets of Ruin\n|turn|12\n|\n|t:|1699233545\n|move|p1a: Scizor|Swords Dance|p1a: Scizor\n|-boost|p1a: Scizor|atk|2\n|move|p1b: Volcanion|Heat Wave|p2b: Umbreon|[spread] p2a,p2b\n|-supereffective|p2a: Wo-Chien\n|-damage|p2a: Wo-Chien|0 fnt\n|-damage|p2b: Umbreon|43\/100\n|faint|p2a: Wo-Chien\n|move|p2b: Umbreon|Wish|p2b: Umbreon\n|\n|-heal|p2b: Umbreon|49\/100|[from] item: Leftovers\n|upkeep\n|turn|13\n|c|\u2606BPal12|gg no damaging moves left hha\n|-message|BPal12 forfeited.\n|\n|win|NPC At Home\n|raw|NPC At Home's rating: 1359 &rarr; <strong>1367<\/strong><br \/>(+8 for winning)\n|raw|BPal12's rating: 1115 &rarr; <strong>1105<\/strong><br \/>(-10 for losing)\n|l|\u2606BPal12\n","uploadtime":1699233583,"views":5,"p1id":"npcathome","p2id":"bpal12","formatid":"gen9nationaldexdoubles","rating":1105,"private":0,"password":""}