{"id":"gen9nationaldexdoubles-1950899353","p1":"ItzWild_Yt","p2":"Theonlykev","format":"[Gen 9] National Dex Doubles","log":"|j|\u2606ItzWild_Yt\n|j|\u2606Theonlykev\n|t:|1695517408\n|gametype|doubles\n|player|p1|ItzWild_Yt|170|\n|player|p2|Theonlykev|ltsurge|\n|teamsize|p1|6\n|teamsize|p2|6\n|gen|9\n|tier|[Gen 9] National Dex Doubles\n|rule|HP Percentage Mod: HP is shown in percentages\n|rule|Endless Battle Clause: Forcing endless battles is banned\n|rule|OHKO Clause: OHKO moves are banned\n|rule|Evasion Moves Clause: Evasion moves are banned\n|rule|Evasion Abilities Clause: Evasion abilities are banned\n|rule|Species Clause: Limit one of each Pok\u00e9mon\n|rule|Gravity Sleep Clause: The combination of sleep-inducing moves with imperfect accuracy and Gravity or Gigantamax Orbeetle are banned\n|clearpoke\n|poke|p1|Hippowdon, F|\n|poke|p1|Garganacl, F|\n|poke|p1|Gliscor, M|\n|poke|p1|Gastrodon, F|\n|poke|p1|Toedscool, M|\n|poke|p1|Garchomp, F|\n|poke|p2|Landorus-Therian, M|\n|poke|p2|Tornadus, M|\n|poke|p2|Enamorus-Therian, F|\n|poke|p2|Thundurus, M|\n|poke|p2|Ogerpon-Hearthflame, F|\n|poke|p2|Palafin, F|\n|teampreview\n|\n|t:|1695517434\n|start\n|switch|p1a: Hippowdon|Hippowdon, F|100\/100\n|switch|p1b: Gastrodon|Gastrodon, F|100\/100\n|switch|p2a: Tornadus|Tornadus, M|100\/100\n|switch|p2b: Palafin|Palafin, F|100\/100\n|-weather|Sandstorm|[from] ability: Sand Stream|[of] p1a: Hippowdon\n|turn|1\n|c|\u2606Theonlykev|Round 2\n|\n|t:|1695517450\n|move|p2a: Tornadus|Tailwind|p2a: Tornadus\n|-sidestart|p2: Theonlykev|move: Tailwind\n|move|p2b: Palafin|Flip Turn|p1a: Hippowdon\n|-supereffective|p1a: Hippowdon\n|-damage|p1a: Hippowdon|66\/100\n|\n|t:|1695517457\n|detailschange|p2b: Palafin|Palafin-Hero, F\n|switch|p2b: Landorus|Landorus-Therian, M|100\/100|[from] Flip Turn\n|-ability|p2b: Landorus|Intimidate|boost\n|-unboost|p1a: Hippowdon|atk|1\n|-unboost|p1b: Gastrodon|atk|1\n|move|p1a: Hippowdon|Rock Slide|p2b: Landorus|[spread] p2a,p2b\n|-supereffective|p2a: Tornadus\n|-damage|p2a: Tornadus|69\/100\n|-damage|p2b: Landorus|91\/100\n|move|p1b: Gastrodon|Rock Slide|p2b: Landorus|[spread] p2a,p2b\n|-supereffective|p2a: Tornadus\n|-damage|p2a: Tornadus|39\/100\n|-damage|p2b: Landorus|81\/100\n|\n|-weather|Sandstorm|[upkeep]\n|-damage|p2a: Tornadus|33\/100|[from] Sandstorm\n|upkeep\n|turn|2\n|\n|t:|1695517478\n|move|p2a: Tornadus|Protect|p2a: Tornadus\n|-singleturn|p2a: Tornadus|Protect\n|move|p2b: Landorus|Earthquake|p1a: Hippowdon|[spread] p1a,p1b\n|-activate|p2a: Tornadus|move: Protect\n|-damage|p1a: Hippowdon|40\/100\n|-damage|p1b: Gastrodon|60\/100\n|move|p1a: Hippowdon|Rock Slide|p2b: Landorus|[spread] p2b\n|-activate|p2a: Tornadus|move: Protect\n|-damage|p2b: Landorus|71\/100\n|move|p1b: Gastrodon|Rock Slide|p2b: Landorus|[spread] p2b\n|-activate|p2a: Tornadus|move: Protect\n|-damage|p2b: Landorus|62\/100\n|\n|-weather|Sandstorm|[upkeep]\n|-damage|p2a: Tornadus|27\/100|[from] Sandstorm\n|-heal|p1b: Gastrodon|66\/100|[from] item: Leftovers\n|upkeep\n|turn|3\n|\n|t:|1695517508\n|move|p1a: Hippowdon|Protect|p1a: Hippowdon\n|-singleturn|p1a: Hippowdon|Protect\n|move|p2a: Tornadus|Bleakwind Storm|p1b: Gastrodon|[spread] p1b\n|-activate|p1a: Hippowdon|move: Protect\n|-damage|p1b: Gastrodon|35\/100\n|move|p2b: Landorus|Earthquake|p1b: Gastrodon|[spread] p1b\n|-activate|p1a: Hippowdon|move: Protect\n|-immune|p2a: Tornadus\n|-damage|p1b: Gastrodon|0 fnt\n|faint|p1b: Gastrodon\n|\n|-weather|Sandstorm|[upkeep]\n|-damage|p2a: Tornadus|21\/100|[from] Sandstorm\n|upkeep\n|\n|t:|1695517529\n|switch|p1b: Toedscool|Toedscool, M|100\/100\n|turn|4\n|\n|t:|1695517538\n|move|p2a: Tornadus|Taunt|p1b: Toedscool\n|-start|p1b: Toedscool|move: Taunt\n|move|p2b: Landorus|U-turn|p1b: Toedscool\n|-supereffective|p1b: Toedscool\n|-damage|p1b: Toedscool|22\/100\n|\n|t:|1695517545\n|switch|p2b: Palafin|Palafin-Hero, F|100\/100|[from] U-turn\n|-activate|p2b: Palafin|ability: Zero to Hero\n|move|p1a: Hippowdon|Rock Slide|p2a: Tornadus|[spread] p2a,p2b\n|-supereffective|p2a: Tornadus\n|-damage|p2a: Tornadus|0 fnt\n|-damage|p2b: Palafin|90\/100\n|faint|p2a: Tornadus\n|cant|p1b: Toedscool|move: Taunt|Trick Room\n|\n|-weather|Sandstorm|[upkeep]\n|-damage|p2b: Palafin|84\/100|[from] Sandstorm\n|-sideend|p2: Theonlykev|move: Tailwind\n|upkeep\n|\n|t:|1695517563\n|switch|p2a: Ogerpon|Ogerpon-Hearthflame, F|100\/100\n|-ability|p2a: Ogerpon|Mold Breaker\n|turn|5\n|\n|t:|1695517577\n|-terastallize|p2a: Ogerpon|Fire\n|detailschange|p2a: Ogerpon|Ogerpon-Hearthflame-Tera, F, tera:Fire\n|-ability|p2a: Ogerpon|Embody Aspect (Hearthflame)|boost\n|-boost|p2a: Ogerpon|atk|1\n|move|p2b: Palafin|Jet Punch|p1b: Toedscool\n|-crit|p1b: Toedscool\n|-damage|p1b: Toedscool|0 fnt\n|faint|p1b: Toedscool\n|move|p2a: Ogerpon|Horn Leech|p1a: Hippowdon\n|-supereffective|p1a: Hippowdon\n|-damage|p1a: Hippowdon|0 fnt\n|faint|p1a: Hippowdon\n|\n|-weather|Sandstorm|[upkeep]\n|-damage|p2a: Ogerpon|95\/100|[from] Sandstorm\n|-damage|p2b: Palafin|78\/100|[from] Sandstorm\n|upkeep\n|\n|t:|1695517600\n|switch|p1b: Garchomp|Garchomp, F|100\/100\n|switch|p1a: Garganacl|Garganacl, F|100\/100\n|turn|6\n|\n|t:|1695517612\n|move|p2a: Ogerpon|Ivy Cudgel|p1b: Garchomp\n|-resisted|p1b: Garchomp\n|-crit|p1b: Garchomp\n|-damage|p1b: Garchomp|30\/100\n|move|p2b: Palafin|Wave Crash|p1a: Garganacl\n|-supereffective|p1a: Garganacl\n|-damage|p1a: Garganacl|0 fnt\n|faint|p1a: Garganacl\n|-damage|p2b: Palafin|45\/100|[from] Recoil\n|move|p1b: Garchomp|Rock Slide|p2b: Palafin|[spread] p2a,p2b\n|-supereffective|p2a: Ogerpon\n|-damage|p2a: Ogerpon|38\/100\n|-damage|p2b: Palafin|26\/100\n|\n|-weather|Sandstorm|[upkeep]\n|-damage|p2a: Ogerpon|32\/100|[from] Sandstorm\n|-damage|p2b: Palafin|20\/100|[from] Sandstorm\n|upkeep\n|\n|t:|1695517626\n|switch|p1a: Gliscor|Gliscor, M|100\/100\n|turn|7\n|\n|t:|1695517637\n|move|p2a: Ogerpon|Ivy Cudgel|p1a: Gliscor\n|-damage|p1a: Gliscor|0 fnt\n|faint|p1a: Gliscor\n|move|p2b: Palafin|Wave Crash|p1b: Garchomp\n|-damage|p1b: Garchomp|0 fnt\n|-damage|p2b: Palafin|8\/100|[from] ability: Rough Skin|[of] p1b: Garchomp\n|faint|p1b: Garchomp\n|-damage|p2b: Palafin|0 fnt|[from] Recoil\n|faint|p2b: Palafin\n|\n|win|Theonlykev\n|l|\u2606ItzWild_Yt\n","uploadtime":1695517654,"views":12,"p1id":"itzwildyt","p2id":"theonlykev","formatid":"gen9nationaldexdoubles","rating":0,"private":0,"password":""}