{"id":"gen9nationaldexdoubles-1998165281","p1":"oonati","p2":"Xeris02","format":"[Gen 9] National Dex Doubles","log":"|j|\u2606oonati\n|j|\u2606Xeris02\n|t:|1700904369\n|gametype|doubles\n|player|p1|oonati|bugcatcher-gen4dp|1180\n|player|p2|Xeris02|n|1086\n|teamsize|p1|6\n|teamsize|p2|6\n|gen|9\n|tier|[Gen 9] National Dex Doubles\n|rated|\n|rule|HP Percentage Mod: HP is shown in percentages\n|rule|Endless Battle Clause: Forcing endless battles is banned\n|rule|OHKO Clause: OHKO moves are banned\n|rule|Evasion Moves Clause: Evasion moves are banned\n|rule|Evasion Abilities Clause: Evasion abilities are banned\n|rule|Species Clause: Limit one of each Pok\u00e9mon\n|rule|Gravity Sleep Clause: The combination of sleep-inducing moves with imperfect accuracy and Gravity or Gigantamax Orbeetle are banned\n|clearpoke\n|poke|p1|Marshadow|\n|poke|p1|Rillaboom, F|\n|poke|p1|Diancie|\n|poke|p1|Palafin, F|\n|poke|p1|Salamence, M|\n|poke|p1|Heatran, M|\n|poke|p2|Eevee, M|\n|poke|p2|Espathra, F|\n|poke|p2|Ogerpon-Hearthflame, F|\n|poke|p2|Grimmsnarl, M|\n|poke|p2|Flamigo, F|\n|poke|p2|Cyclizar, M|\n|teampreview\n|inactive|Battle timer is ON: inactive players will automatically lose when time's up. (requested by oonati)\n|inactive|Xeris02 also wants the timer to be on.\n|\n|t:|1700904394\n|start\n|switch|p1a: Palafin|Palafin, F|100\/100\n|switch|p1b: Marshadow|Marshadow|100\/100\n|switch|p2a: Ogerpon|Ogerpon-Hearthflame, F|100\/100\n|switch|p2b: Cyclizar|Cyclizar, M|100\/100\n|-ability|p2a: Ogerpon|Mold Breaker\n|turn|1\n|\n|t:|1700904417\n|detailschange|p1a: Palafin|Palafin-Hero, F\n|switch|p1a: Diancie|Diancie|100\/100\n|move|p2a: Ogerpon|Follow Me|p2a: Ogerpon\n|-singleturn|p2a: Ogerpon|move: Follow Me\n|move|p1b: Marshadow|Close Combat|p2a: Ogerpon\n|-damage|p2a: Ogerpon|26\/100\n|-unboost|p1b: Marshadow|def|1\n|-unboost|p1b: Marshadow|spd|1\n|move|p2b: Cyclizar|Shed Tail|p2b: Cyclizar\n|-start|p2b: Cyclizar|Substitute|[from] move: Shed Tail\n|-damage|p2b: Cyclizar|50\/100\n|\n|t:|1700904430\n|switch|p2b: Eevee|Eevee, M, shiny|100\/100|[from] Shed Tail\n|\n|upkeep\n|turn|2\n|\n|t:|1700904449\n|move|p1b: Marshadow|Close Combat|p2b: Eevee\n|-supereffective|p2b: Eevee\n|-end|p2b: Eevee|Substitute\n|-unboost|p1b: Marshadow|def|1\n|-unboost|p1b: Marshadow|spd|1\n|move|p2a: Ogerpon|Horn Leech|p1a: Diancie\n|-supereffective|p1a: Diancie\n|-damage|p1a: Diancie|33\/100\n|-heal|p2a: Ogerpon|61\/100|[from] drain|[of] p1a: Diancie\n|-enditem|p1a: Diancie|Weakness Policy\n|-boost|p1a: Diancie|atk|2|[from] item: Weakness Policy\n|-boost|p1a: Diancie|spa|2|[from] item: Weakness Policy\n|-zpower|p2b: Eevee\n|move|p2b: Eevee|Extreme Evoboost|p2b: Eevee\n|-boost|p2b: Eevee|atk|2\n|-boost|p2b: Eevee|def|2\n|-boost|p2b: Eevee|spa|2\n|-boost|p2b: Eevee|spd|2\n|-boost|p2b: Eevee|spe|2\n|move|p1a: Diancie|Trick Room|p1a: Diancie\n|-fieldstart|move: Trick Room|[of] p1a: Diancie\n|\n|upkeep\n|turn|3\n|inactive|oonati has 120 seconds left.\n|inactive|Xeris02 has 120 seconds left.\n|\n|t:|1700904506\n|move|p1b: Marshadow|Protect|p1b: Marshadow\n|-singleturn|p1b: Marshadow|Protect\n|move|p2a: Ogerpon|Follow Me|p2a: Ogerpon\n|-singleturn|p2a: Ogerpon|move: Follow Me\n|move|p1a: Diancie|Diamond Storm|p2a: Ogerpon|[spread] p2a,p2b\n|-supereffective|p2a: Ogerpon\n|-damage|p2a: Ogerpon|0 fnt\n|-damage|p2b: Eevee|34\/100\n|faint|p2a: Ogerpon\n|move|p2b: Eevee|Baton Pass|p2b: Eevee\n|\n|t:|1700904516\n|switch|p2b: Espathra|Espathra, F|100\/100|[from] Baton Pass\n|\n|upkeep\n|\n|t:|1700904517\n|switch|p2a: Flamigo|Flamigo, F|100\/100\n|-copyboost|p2a: Flamigo|p2b: Espathra|[from] ability: Costar\n|turn|4\n|inactive|oonati has 120 seconds left.\n|inactive|Xeris02 has 120 seconds left.\n|\n|t:|1700904529\n|move|p1a: Diancie|Diamond Storm|p2b: Espathra|[spread] p2a,p2b\n|-damage|p2a: Flamigo|52\/100\n|-damage|p2b: Espathra|45\/100\n|move|p1b: Marshadow|Spectral Thief||[still]\n|-clearpositiveboost|p2b: Espathra|p1b: Marshadow|move: Spectral Thief\n|-boost|p1b: Marshadow|atk|2\n|-boost|p1b: Marshadow|def|2\n|-boost|p1b: Marshadow|spa|2\n|-boost|p1b: Marshadow|spd|2\n|-boost|p1b: Marshadow|spe|2\n|-anim|p1b: Marshadow|Spectral Thief|p2b: Espathra\n|-supereffective|p2b: Espathra\n|-damage|p2b: Espathra|0 fnt\n|faint|p2b: Espathra\n|move|p2a: Flamigo|Brave Bird|p1b: Marshadow\n|-supereffective|p1b: Marshadow\n|-damage|p1b: Marshadow|0 fnt\n|faint|p1b: Marshadow\n|-damage|p2a: Flamigo|17\/100|[from] Recoil\n|\n|upkeep\n|\n|t:|1700904544\n|switch|p2b: Cyclizar|Cyclizar, M|84\/100\n|switch|p1b: Palafin|Palafin-Hero, F|100\/100\n|-activate|p1b: Palafin|ability: Zero to Hero\n|turn|5\n|\n|t:|1700904564\n|move|p1b: Palafin|Jet Punch|p2a: Flamigo\n|-damage|p2a: Flamigo|0 fnt\n|faint|p2a: Flamigo\n|move|p1a: Diancie|Diamond Storm|p2b: Cyclizar\n|-damage|p2b: Cyclizar|0 fnt\n|faint|p2b: Cyclizar\n|\n|upkeep\n|\n|t:|1700904568\n|switch|p2a: Grimmsnarl|Grimmsnarl, M|100\/100\n|switch|p2b: Eevee|Eevee, M, shiny|34\/100\n|turn|6\n|\n|t:|1700904576\n|move|p2b: Eevee|Protect|p2b: Eevee\n|-singleturn|p2b: Eevee|Protect\n|move|p2a: Grimmsnarl|Power Swap|p1a: Diancie\n|-swapboost|p2a: Grimmsnarl|p1a: Diancie|atk, spa|[from] move: Power Swap\n|move|p1b: Palafin|Jet Punch|p2b: Eevee\n|-activate|p2b: Eevee|move: Protect\n|move|p1a: Diancie|Diamond Storm|p2b: Eevee|[spread] p2a\n|-activate|p2b: Eevee|move: Protect\n|-damage|p2a: Grimmsnarl|58\/100\n|\n|-fieldend|move: Trick Room\n|upkeep\n|turn|7\n|inactive|Xeris02 has 120 seconds left.\n|\n|t:|1700904612\n|move|p1b: Palafin|Jet Punch|p2b: Eevee\n|-damage|p2b: Eevee|0 fnt\n|faint|p2b: Eevee\n|move|p2a: Grimmsnarl|Power Swap|p2: Eevee|[notarget]\n|-fail|p2a: Grimmsnarl\n|move|p1a: Diancie|Diamond Storm|p2a: Grimmsnarl\n|-damage|p2a: Grimmsnarl|8\/100\n|\n|upkeep\n|turn|8\n|c|\u2606Xeris02|Infine\n|c|\u2606Xeris02|Unfun*\n|inactive|Xeris02 has 120 seconds left.\n|\n|t:|1700904632\n|move|p1b: Palafin|Jet Punch|p2a: Grimmsnarl\n|-damage|p2a: Grimmsnarl|0 fnt\n|faint|p2a: Grimmsnarl\n|\n|win|oonati\n|raw|oonati's rating: 1180 &rarr; <strong>1198<\/strong><br \/>(+18 for winning)\n|raw|Xeris02's rating: 1086 &rarr; <strong>1069<\/strong><br \/>(-17 for losing)\n|l|\u2606Xeris02\n","uploadtime":1700904643,"views":2,"p1id":"oonati","p2id":"xeris02","formatid":"gen9nationaldexdoubles","rating":1069,"private":0,"password":""}