{"id":"gen9nationaldexdoubles-1985048764","p1":"Beast of Moonlight","p2":"Snorkle Porkle","format":"[Gen 9] National Dex Doubles","log":"|j|\u2606Beast of Moonlight\n|j|\u2606Snorkle Porkle\n|t:|1699324589\n|gametype|doubles\n|player|p1|Beast of Moonlight|riley|\n|player|p2|Snorkle Porkle|266|\n|teamsize|p1|6\n|teamsize|p2|6\n|gen|9\n|tier|[Gen 9] National Dex Doubles\n|rule|HP Percentage Mod: HP is shown in percentages\n|rule|Endless Battle Clause: Forcing endless battles is banned\n|rule|OHKO Clause: OHKO moves are banned\n|rule|Evasion Moves Clause: Evasion moves are banned\n|rule|Evasion Abilities Clause: Evasion abilities are banned\n|rule|Species Clause: Limit one of each Pok\u00e9mon\n|rule|Gravity Sleep Clause: The combination of sleep-inducing moves with imperfect accuracy and Gravity or Gigantamax Orbeetle are banned\n|clearpoke\n|poke|p1|Meowstic, M|\n|poke|p1|Chatot, F|\n|poke|p1|Manectric, M|\n|poke|p1|Jumpluff, F|\n|poke|p1|Noivern, F|\n|poke|p1|Heatran, M|\n|poke|p2|Tapu Koko|\n|poke|p2|Garchomp, F|\n|poke|p2|Archeops, F|\n|poke|p2|Dragapult, F|\n|poke|p2|Metagross|\n|poke|p2|Weezing-Galar, M|\n|teampreview\n|\n|t:|1699324610\n|start\n|switch|p1a: Acererak|Meowstic, M|100\/100\n|switch|p1b: Mega Crobat|Noivern, F|100\/100\n|switch|p2a: Roberto|Archeops, F|100\/100\n|switch|p2b: Buried Treasure|Metagross, shiny|100\/100\n|turn|1\n|\n|t:|1699324709\n|move|p1a: Acererak|Yawn|p2b: Buried Treasure\n|-start|p2b: Buried Treasure|move: Yawn|[of] p1a: Acererak\n|move|p1b: Mega Crobat|Super Fang|p2a: Roberto\n|-damage|p2a: Roberto|50\/100\n|-damage|p1b: Mega Crobat|91\/100|[from] item: Life Orb\n|move|p2a: Roberto|Taunt|p1a: Acererak\n|-start|p1a: Acererak|move: Taunt\n|move|p2b: Buried Treasure|Ice Punch|p1b: Mega Crobat\n|-supereffective|p1b: Mega Crobat\n|-damage|p1b: Mega Crobat|0 fnt\n|faint|p1b: Mega Crobat\n|\n|upkeep\n|\n|t:|1699324726\n|switch|p1b: In My Mouth|Chatot, F|100\/100\n|turn|2\n|\n|t:|1699324758\n|switch|p1a: Hullbreaker|Jumpluff, F, shiny|100\/100\n|switch|p2b: hoo hah tiki tiki|Tapu Koko|100\/100\n|move|p2a: Roberto|Taunt|p1b: In My Mouth\n|-start|p1b: In My Mouth|move: Taunt\n|move|p1b: In My Mouth|Heat Wave|p2a: Roberto|[spread] p2a,p2b\n|-resisted|p2a: Roberto\n|-damage|p2a: Roberto|28\/100\n|-damage|p2b: hoo hah tiki tiki|66\/100\n|-damage|p1b: In My Mouth|91\/100|[from] item: Life Orb\n|\n|upkeep\n|turn|3\n|j| NatsumiChan2\n|c| NatsumiChan2|Have fun\n|\n|t:|1699324833\n|switch|p1b: Hidden Power|Manectric, M|100\/100\n|move|p2b: hoo hah tiki tiki|Thunderbolt|p1b: Hidden Power\n|-activate|p1b: Hidden Power|ability: Lightning Rod\n|-ability|p1b: Hidden Power|Lightning Rod|boost\n|-boost|p1b: Hidden Power|spa|1\n|move|p1a: Hullbreaker|Leech Seed|p2b: hoo hah tiki tiki|[miss]\n|-miss|p1a: Hullbreaker|p2b: hoo hah tiki tiki\n|move|p2a: Roberto|Taunt|p1a: Hullbreaker\n|-start|p1a: Hullbreaker|move: Taunt\n|\n|upkeep\n|turn|4\n|\n|t:|1699324873\n|switch|p2b: Candy Gram|Garchomp, F, shiny|100\/100\n|switch|p1a: Moradin|Heatran, M, shiny|100\/100\n|detailschange|p1b: Hidden Power|Manectric-Mega, M\n|-mega|p1b: Hidden Power|Manectric|Manectite\n|-ability|p1b: Hidden Power|Intimidate|boost\n|-unboost|p2a: Roberto|atk|1\n|-unboost|p2b: Candy Gram|atk|1\n|move|p1b: Hidden Power|Snarl|p2a: Roberto|[spread] p2a,p2b\n|-damage|p2a: Roberto|0 fnt\n|-damage|p2b: Candy Gram|81\/100\n|-unboost|p2b: Candy Gram|spa|1\n|faint|p2a: Roberto\n|\n|upkeep\n|\n|t:|1699324911\n|switch|p2a: hoo hah tiki tiki|Tapu Koko|66\/100\n|turn|5\n|l| NatsumiChan2\n|\n|t:|1699324995\n|switch|p1a: Hullbreaker|Jumpluff, F, shiny|100\/100\n|move|p1b: Hidden Power|Protect|p1b: Hidden Power\n|-singleturn|p1b: Hidden Power|Protect\n|move|p2a: hoo hah tiki tiki|Nature's Madness|p1b: Hidden Power\n|-activate|p1b: Hidden Power|move: Protect\n|move|p2b: Candy Gram|Earthquake|p1a: Hullbreaker|[spread] \n|-activate|p1b: Hidden Power|move: Protect\n|-activate|p2a: hoo hah tiki tiki|ability: Telepathy\n|-immune|p1a: Hullbreaker\n|\n|upkeep\n|turn|6\n|\n|t:|1699325027\n|move|p2a: hoo hah tiki tiki|Nature's Madness|p1a: Hullbreaker\n|-damage|p1a: Hullbreaker|50\/100\n|move|p1b: Hidden Power|Snarl|p2b: Candy Gram|[spread] p2a,p2b\n|-resisted|p2a: hoo hah tiki tiki\n|-damage|p2a: hoo hah tiki tiki|51\/100\n|-damage|p2b: Candy Gram|62\/100\n|-unboost|p2a: hoo hah tiki tiki|spa|1\n|-unboost|p2b: Candy Gram|spa|1\n|move|p1a: Hullbreaker|Strength Sap|p2b: Candy Gram\n|-unboost|p2b: Candy Gram|atk|1\n|-heal|p1a: Hullbreaker|100\/100\n|move|p2b: Candy Gram|Earthquake|p1b: Hidden Power|[spread] p1b\n|-activate|p2a: hoo hah tiki tiki|ability: Telepathy\n|-immune|p1a: Hullbreaker\n|-supereffective|p1b: Hidden Power\n|-damage|p1b: Hidden Power|41\/100\n|\n|upkeep\n|turn|7\n|\n|t:|1699325052\n|move|p2a: hoo hah tiki tiki|Nature's Madness|p1b: Hidden Power\n|-damage|p1b: Hidden Power|21\/100\n|move|p1b: Hidden Power|Snarl|p2b: Candy Gram|[spread] p2a,p2b\n|-resisted|p2a: hoo hah tiki tiki\n|-damage|p2a: hoo hah tiki tiki|35\/100\n|-damage|p2b: Candy Gram|40\/100\n|-unboost|p2a: hoo hah tiki tiki|spa|1\n|-unboost|p2b: Candy Gram|spa|1\n|move|p1a: Hullbreaker|Pollen Puff|p1b: Hidden Power\n|-heal|p1b: Hidden Power|71\/100\n|move|p2b: Candy Gram|Earthquake|p1b: Hidden Power|[spread] p1b\n|-activate|p2a: hoo hah tiki tiki|ability: Telepathy\n|-immune|p1a: Hullbreaker\n|-supereffective|p1b: Hidden Power\n|-damage|p1b: Hidden Power|11\/100\n|\n|upkeep\n|turn|8\n|\n|t:|1699325134\n|switch|p2a: Danny Phantom|Dragapult, F|100\/100\n|switch|p2b: Buried Treasure|Metagross, shiny|100\/100\n|move|p1b: Hidden Power|Protect|p1b: Hidden Power\n|-singleturn|p1b: Hidden Power|Protect\n|move|p1a: Hullbreaker|Leech Seed|p2b: Buried Treasure\n|-start|p2b: Buried Treasure|move: Leech Seed\n|\n|-damage|p2b: Buried Treasure|88\/100|[from] Leech Seed|[of] p1a: Hullbreaker\n|upkeep\n|turn|9\n|\n|t:|1699325230\n|move|p1a: Hullbreaker|Rage Powder|p1a: Hullbreaker\n|-singleturn|p1a: Hullbreaker|move: Rage Powder\n|move|p2b: Buried Treasure|Bullet Punch|p1a: Hullbreaker\n|-damage|p1a: Hullbreaker|74\/100\n|move|p2a: Danny Phantom|Light Screen|p2a: Danny Phantom\n|-sidestart|p2: Snorkle Porkle|move: Light Screen\n|move|p1b: Hidden Power|Snarl|p2a: Danny Phantom|[spread] p2a,p2b\n|-supereffective|p2a: Danny Phantom\n|-supereffective|p2b: Buried Treasure\n|-damage|p2a: Danny Phantom|68\/100\n|-damage|p2b: Buried Treasure|71\/100\n|-unboost|p2a: Danny Phantom|spa|1\n|\n|-heal|p1a: Hullbreaker|80\/100|[from] item: Leftovers\n|-damage|p2b: Buried Treasure|58\/100|[from] Leech Seed|[of] p1a: Hullbreaker\n|-heal|p1a: Hullbreaker|93\/100|[silent]\n|upkeep\n|turn|10\n|\n|t:|1699325254\n|switch|p1b: In My Mouth|Chatot, F|91\/100\n|move|p2b: Buried Treasure|Bullet Punch|p1b: In My Mouth\n|-damage|p1b: In My Mouth|46\/100\n|move|p2a: Danny Phantom|Draco Meteor|p1a: Hullbreaker\n|-damage|p1a: Hullbreaker|59\/100\n|-unboost|p2a: Danny Phantom|spa|2\n|move|p1a: Hullbreaker|Leech Seed|p2a: Danny Phantom\n|-start|p2a: Danny Phantom|move: Leech Seed\n|\n|-heal|p1a: Hullbreaker|65\/100|[from] item: Leftovers\n|-damage|p2a: Danny Phantom|56\/100|[from] Leech Seed|[of] p1a: Hullbreaker\n|-heal|p1a: Hullbreaker|79\/100|[silent]\n|-damage|p2b: Buried Treasure|46\/100|[from] Leech Seed|[of] p1a: Hullbreaker\n|-heal|p1a: Hullbreaker|91\/100|[silent]\n|upkeep\n|turn|11\n|\n|t:|1699325294\n|switch|p2a: hoo hah tiki tiki|Tapu Koko|35\/100\n|move|p1a: Hullbreaker|Rage Powder|p1a: Hullbreaker\n|-singleturn|p1a: Hullbreaker|move: Rage Powder\n|move|p1b: In My Mouth|Tailwind|p1b: In My Mouth\n|-sidestart|p1: Beast of Moonlight|move: Tailwind\n|move|p2b: Buried Treasure|Ice Punch|p1a: Hullbreaker\n|-supereffective|p1a: Hullbreaker\n|-damage|p1a: Hullbreaker|0 fnt\n|faint|p1a: Hullbreaker\n|\n|upkeep\n|\n|t:|1699325305\n|switch|p1a: Hidden Power|Manectric-Mega, M|11\/100\n|-ability|p1a: Hidden Power|Intimidate|boost\n|-unboost|p2a: hoo hah tiki tiki|atk|1\n|-fail|p2b: Buried Treasure|unboost|[from] ability: Clear Body|[of] p2b: Buried Treasure\n|turn|12\n|\n|t:|1699325367\n|move|p1a: Hidden Power|Protect|p1a: Hidden Power\n|-singleturn|p1a: Hidden Power|Protect\n|move|p2b: Buried Treasure|Bullet Punch|p1a: Hidden Power\n|-activate|p1a: Hidden Power|move: Protect\n|move|p1b: In My Mouth|Heat Wave|p2b: Buried Treasure|[spread] p2a,p2b\n|-supereffective|p2b: Buried Treasure\n|-damage|p2a: hoo hah tiki tiki|10\/100\n|-damage|p2b: Buried Treasure|29\/100\n|-damage|p1b: In My Mouth|36\/100|[from] item: Life Orb\n|move|p2a: hoo hah tiki tiki|Dazzling Gleam|p1a: Hidden Power|[spread] p1b\n|-activate|p1a: Hidden Power|move: Protect\n|-damage|p1b: In My Mouth|0 fnt\n|faint|p1b: In My Mouth\n|\n|-damage|p2b: Buried Treasure|16\/100|[from] Leech Seed|[of] p1a: Hidden Power\n|-heal|p1a: Hidden Power|27\/100|[silent]\n|upkeep\n|\n|t:|1699325384\n|switch|p1b: Acererak|Meowstic, M|100\/100\n|turn|13\n|\n|t:|1699325432\n|switch|p2a: Honest Abe|Weezing-Galar, M, shiny|100\/100\n|move|p1a: Hidden Power|Snarl|p2b: Buried Treasure|[spread] p2a,p2b\n|-resisted|p2a: Honest Abe\n|-supereffective|p2b: Buried Treasure\n|-damage|p2a: Honest Abe|94\/100\n|-damage|p2b: Buried Treasure|5\/100\n|-unboost|p2a: Honest Abe|spa|1\n|move|p2b: Buried Treasure|Earthquake|p1a: Hidden Power|[spread] p1a,p1b\n|-immune|p2a: Honest Abe|[from] ability: Levitate\n|-supereffective|p1a: Hidden Power\n|-crit|p1a: Hidden Power\n|-damage|p1a: Hidden Power|0 fnt\n|-damage|p1b: Acererak|79\/100\n|faint|p1a: Hidden Power\n|move|p1b: Acererak|Psychic|p2b: Buried Treasure\n|-resisted|p2b: Buried Treasure\n|-damage|p2b: Buried Treasure|3\/100\n|\n|-heal|p2a: Honest Abe|99\/100|[from] item: Black Sludge\n|upkeep\n|\n|t:|1699325448\n|switch|p1a: Moradin|Heatran, M, shiny|100\/100\n|turn|14\n|\n|t:|1699325463\n|move|p1a: Moradin|Protect|p1a: Moradin\n|-singleturn|p1a: Moradin|Protect\n|move|p1b: Acererak|Yawn|p2a: Honest Abe\n|-start|p2a: Honest Abe|move: Yawn|[of] p1b: Acererak\n|move|p2b: Buried Treasure|Earthquake|p1b: Acererak|[spread] p1b\n|-activate|p1a: Moradin|move: Protect\n|-immune|p2a: Honest Abe|[from] ability: Levitate\n|-crit|p1b: Acererak\n|-damage|p1b: Acererak|49\/100\n|move|p2a: Honest Abe|Strange Steam|p1a: Moradin\n|-activate|p1a: Moradin|move: Protect\n|\n|-heal|p2a: Honest Abe|100\/100|[from] item: Black Sludge\n|-damage|p2b: Buried Treasure|0 fnt|[from] Leech Seed|[of] p1a: Moradin\n|faint|p2b: Buried Treasure\n|-sideend|p1: Beast of Moonlight|move: Tailwind\n|upkeep\n|\n|t:|1699325487\n|switch|p2b: Candy Gram|Garchomp, F, shiny|40\/100\n|turn|15\n|\n|t:|1699325577\n|switch|p2b: hoo hah tiki tiki|Tapu Koko|10\/100\n|move|p1a: Moradin|Will-O-Wisp|p2b: hoo hah tiki tiki|[miss]\n|-miss|p1a: Moradin|p2b: hoo hah tiki tiki\n|move|p2a: Honest Abe|Acid Spray|p1b: Acererak\n|-damage|p1b: Acererak|39\/100\n|-unboost|p1b: Acererak|spd|2\n|move|p1b: Acererak|Psychic|p2a: Honest Abe\n|-supereffective|p2a: Honest Abe\n|-damage|p2a: Honest Abe|53\/100\n|\n|-heal|p2a: Honest Abe|59\/100|[from] item: Black Sludge\n|-end|p2a: Honest Abe|move: Yawn|[silent]\n|-status|p2a: Honest Abe|slp\n|upkeep\n|turn|16\n|\n|t:|1699325606\n|move|p2b: hoo hah tiki tiki|Nature's Madness|p1a: Moradin\n|-damage|p1a: Moradin|50\/100\n|move|p1a: Moradin|Heat Wave|p2b: hoo hah tiki tiki|[spread] p2a,p2b\n|-damage|p2a: Honest Abe|27\/100 slp\n|-damage|p2b: hoo hah tiki tiki|0 fnt\n|faint|p2b: hoo hah tiki tiki\n|cant|p2a: Honest Abe|slp\n|move|p1b: Acererak|Psychic|p2a: Honest Abe\n|-supereffective|p2a: Honest Abe\n|-damage|p2a: Honest Abe|0 fnt\n|faint|p2a: Honest Abe\n|\n|-heal|p1a: Moradin|57\/100|[from] item: Leftovers\n|-sideend|p2: Snorkle Porkle|move: Light Screen\n|upkeep\n|\n|t:|1699325621\n|switch|p2b: Candy Gram|Garchomp, F, shiny|40\/100\n|switch|p2a: Danny Phantom|Dragapult, F|56\/100\n|turn|17\n|\n|t:|1699325659\n|move|p1b: Acererak|Trick|p2a: Danny Phantom\n|-activate|p1b: Acererak|move: Trick|[of] p2a: Danny Phantom\n|-item|p2a: Danny Phantom|Lagging Tail|[from] move: Trick\n|-item|p1b: Acererak|Light Clay|[from] move: Trick\n|move|p2a: Danny Phantom|Light Screen|p2a: Danny Phantom\n|-sidestart|p2: Snorkle Porkle|move: Light Screen\n|move|p2b: Candy Gram|Scale Shot|p1a: Moradin\n|-resisted|p1a: Moradin\n|-damage|p1a: Moradin|50\/100\n|-resisted|p1a: Moradin\n|-damage|p1a: Moradin|44\/100\n|-resisted|p1a: Moradin\n|-damage|p1a: Moradin|38\/100\n|-hitcount|p1a: Moradin|3\n|-unboost|p2b: Candy Gram|def|1\n|-boost|p2b: Candy Gram|spe|1\n|move|p1a: Moradin|Will-O-Wisp|p2b: Candy Gram\n|-status|p2b: Candy Gram|brn\n|\n|-heal|p1a: Moradin|44\/100|[from] item: Leftovers\n|-damage|p2b: Candy Gram|34\/100 brn|[from] brn\n|upkeep\n|turn|18\n|\n|t:|1699325686\n|move|p1a: Moradin|Protect|p1a: Moradin\n|-singleturn|p1a: Moradin|Protect\n|move|p2a: Danny Phantom|Protect|p2a: Danny Phantom\n|-singleturn|p2a: Danny Phantom|Protect\n|move|p1b: Acererak|Yawn|p2a: Danny Phantom\n|-activate|p2a: Danny Phantom|move: Protect\n|move|p2b: Candy Gram|Earthquake|p1b: Acererak|[spread] p1b\n|-activate|p2a: Danny Phantom|move: Protect\n|-activate|p1a: Moradin|move: Protect\n|-damage|p1b: Acererak|23\/100\n|\n|-heal|p1a: Moradin|50\/100|[from] item: Leftovers\n|-damage|p2b: Candy Gram|28\/100 brn|[from] brn\n|upkeep\n|turn|19\n|\n|t:|1699325815\n|move|p2a: Danny Phantom|Protect|p2a: Danny Phantom\n|-singleturn|p2a: Danny Phantom|Protect\n|move|p1b: Acererak|Yawn|p2a: Danny Phantom\n|-activate|p2a: Danny Phantom|move: Protect\n|move|p2b: Candy Gram|Earthquake|p1b: Acererak|[spread] p1a,p1b\n|-activate|p2a: Danny Phantom|move: Protect\n|-supereffective|p1a: Moradin\n|-damage|p1a: Moradin|0 fnt\n|-damage|p1b: Acererak|4\/100\n|faint|p1a: Moradin\n|\n|-damage|p2b: Candy Gram|22\/100 brn|[from] brn\n|upkeep\n|turn|20\n|\n|t:|1699325839\n|move|p1b: Acererak|Trick|p1: Moradin|[notarget]\n|-fail|p1b: Acererak\n|move|p2b: Candy Gram|Rock Slide|p1b: Acererak\n|-damage|p1b: Acererak|0 fnt\n|faint|p1b: Acererak\n|\n|win|Snorkle Porkle\n","uploadtime":1699325867,"views":26,"p1id":"beastofmoonlight","p2id":"snorkleporkle","formatid":"gen9nationaldexdoubles","rating":0,"private":0,"password":""}