{"id":"gen9nationaldexdoubles-1994332789","p1":"xephos223","p2":"DoomedTaurus","format":"[Gen 9] National Dex Doubles","log":"|j|\u2606xephos223\n|j|\u2606DoomedTaurus\n|t:|1700432087\n|gametype|doubles\n|player|p1|xephos223|gambler|\n|player|p2|DoomedTaurus|bruno|\n|teamsize|p1|6\n|teamsize|p2|6\n|gen|9\n|tier|[Gen 9] National Dex Doubles\n|rule|HP Percentage Mod: HP is shown in percentages\n|rule|Endless Battle Clause: Forcing endless battles is banned\n|rule|OHKO Clause: OHKO moves are banned\n|rule|Evasion Moves Clause: Evasion moves are banned\n|rule|Evasion Abilities Clause: Evasion abilities are banned\n|rule|Species Clause: Limit one of each Pok\u00e9mon\n|rule|Gravity Sleep Clause: The combination of sleep-inducing moves with imperfect accuracy and Gravity or Gigantamax Orbeetle are banned\n|clearpoke\n|poke|p1|Gallade, M|\n|poke|p1|Garchomp, F|\n|poke|p1|Magnezone|\n|poke|p1|Gastrodon, F|\n|poke|p1|Togekiss, M|\n|poke|p1|Lucario, M|\n|poke|p2|Florges-Blue, F|\n|poke|p2|Chesnaught, M|\n|poke|p2|Aegislash, M|\n|poke|p2|Klefki, M|\n|poke|p2|Trevenant, M|\n|poke|p2|Dragalge, F|\n|teampreview\n|\n|t:|1700432103\n|start\n|switch|p1a: OU|Garchomp, F|100\/100\n|switch|p1b: :)|Togekiss, M|100\/100\n|switch|p2a: Merlin|Klefki, M|100\/100\n|switch|p2b: Viviane|Dragalge, F|100\/100\n|turn|1\n|\n|t:|1700432116\n|move|p2a: Merlin|Thunder Wave|p1b: :)\n|-status|p1b: :)|par\n|move|p1a: OU|Earthquake|p2a: Merlin|[spread] p2a,p2b\n|-immune|p1b: :)\n|-supereffective|p2a: Merlin\n|-supereffective|p2b: Viviane\n|-damage|p2a: Merlin|36\/100\n|-damage|p2b: Viviane|7\/100\n|move|p1b: :)|Flamethrower|p2a: Merlin\n|-supereffective|p2a: Merlin\n|-damage|p2a: Merlin|0 fnt\n|faint|p2a: Merlin\n|move|p2b: Viviane|Draco Meteor|p1a: OU\n|-supereffective|p1a: OU\n|-enditem|p1a: OU|Focus Sash\n|-damage|p1a: OU|1\/100\n|-unboost|p2b: Viviane|spa|2\n|\n|upkeep\n|\n|t:|1700432142\n|switch|p2a: Morgana|Florges-Blue, F|100\/100\n|turn|2\n|\n|t:|1700432160\n|move|p1a: OU|Iron Head|p2a: Morgana\n|-supereffective|p2a: Morgana\n|-crit|p2a: Morgana\n|-damage|p2a: Morgana|22\/100\n|cant|p2a: Morgana|flinch\n|move|p1b: :)|Air Slash|p2a: Morgana\n|-damage|p2a: Morgana|0 fnt\n|faint|p2a: Morgana\n|move|p2b: Viviane|Draco Meteor|p1a: OU\n|-supereffective|p1a: OU\n|-damage|p1a: OU|0 fnt\n|-unboost|p2b: Viviane|spa|2\n|faint|p1a: OU\n|\n|upkeep\n|\n|t:|1700432182\n|switch|p1a: My Boy|Gallade, M|100\/100\n|switch|p2a: Arthur|Aegislash, M|100\/100\n|turn|3\n|\n|t:|1700432200\n|move|p1a: My Boy|Psycho Cut|p2b: Viviane\n|-supereffective|p2b: Viviane\n|-crit|p2b: Viviane\n|-damage|p2b: Viviane|0 fnt\n|faint|p2b: Viviane\n|move|p2a: Arthur|Substitute|p2a: Arthur\n|-start|p2a: Arthur|Substitute\n|-damage|p2a: Arthur|75\/100\n|move|p1b: :)|Nasty Plot|p1b: :)\n|-boost|p1b: :)|spa|2\n|\n|-heal|p2a: Arthur|82\/100|[from] item: Leftovers\n|upkeep\n|\n|t:|1700432213\n|switch|p2b: Lancelot|Trevenant, M|100\/100\n|turn|4\n|\n|t:|1700432221\n|move|p1a: My Boy|Psycho Cut|p2b: Lancelot\n|-damage|p2b: Lancelot|34\/100\n|move|p2b: Lancelot|Shadow Claw|p1a: My Boy\n|-supereffective|p1a: My Boy\n|-damage|p1a: My Boy|0 fnt\n|faint|p1a: My Boy\n|-formechange|p2a: Arthur|Aegislash-Blade||[from] ability: Stance Change\n|move|p2a: Arthur|Shadow Ball|p1b: :)\n|-damage|p1b: :)|55\/100 par\n|move|p1b: :)|Flamethrower|p2b: Lancelot\n|-supereffective|p2b: Lancelot\n|-damage|p2b: Lancelot|0 fnt\n|faint|p2b: Lancelot\n|\n|-heal|p2a: Arthur|88\/100|[from] item: Leftovers\n|upkeep\n|\n|t:|1700432240\n|switch|p1a: Budget Swampert|Gastrodon, F|100\/100\n|switch|p2b: Percival|Chesnaught, M|100\/100\n|turn|5\n|\n|t:|1700432253\n|-terastallize|p1a: Budget Swampert|Ice\n|move|p2b: Percival|Spiky Shield|p2b: Percival\n|-singleturn|p2b: Percival|move: Protect\n|move|p2a: Arthur|Toxic|p1a: Budget Swampert\n|-status|p1a: Budget Swampert|tox\n|move|p1b: :)|Flamethrower|p2b: Percival\n|-activate|p2b: Percival|move: Protect\n|move|p1a: Budget Swampert|Earthquake|p2a: Arthur|[spread] p2a\n|-activate|p2b: Percival|move: Protect\n|-immune|p1b: :)\n|-supereffective|p2a: Arthur\n|-end|p2a: Arthur|Substitute\n|\n|-heal|p2a: Arthur|94\/100|[from] item: Leftovers\n|-damage|p1a: Budget Swampert|94\/100 tox|[from] psn\n|upkeep\n|turn|6\n|\n|t:|1700432272\n|-formechange|p2a: Arthur|Aegislash||[from] ability: Stance Change\n|move|p2a: Arthur|King's Shield|p2a: Arthur\n|-singleturn|p2a: Arthur|Protect\n|move|p2b: Percival|Body Press|p1a: Budget Swampert\n|-supereffective|p1a: Budget Swampert\n|-damage|p1a: Budget Swampert|0 fnt\n|faint|p1a: Budget Swampert\n|move|p1b: :)|Flamethrower|p2b: Percival\n|-supereffective|p2b: Percival\n|-damage|p2b: Percival|0 fnt\n|faint|p2b: Percival\n|\n|-heal|p2a: Arthur|99\/100|[from] item: Leftovers\n|upkeep\n|\n|t:|1700432285\n|switch|p1a: Not a Mega|Lucario, M|100\/100\n|turn|7\n|\n|t:|1700432295\n|detailschange|p1a: Not a Mega|Lucario-Mega, M\n|-mega|p1a: Not a Mega|Lucario|Lucarionite\n|move|p2a: Arthur|King's Shield|p2a: Arthur\n|-singleturn|p2a: Arthur|Protect\n|move|p1a: Not a Mega|Bullet Punch|p2a: Arthur\n|-activate|p2a: Arthur|move: Protect\n|-unboost|p1a: Not a Mega|atk|1\n|move|p1b: :)|Flamethrower|p2a: Arthur\n|-activate|p2a: Arthur|move: Protect\n|\n|-heal|p2a: Arthur|100\/100|[from] item: Leftovers\n|upkeep\n|turn|8\n|\n|t:|1700432307\n|move|p1a: Not a Mega|Swords Dance|p1a: Not a Mega\n|-boost|p1a: Not a Mega|atk|2\n|-formechange|p2a: Arthur|Aegislash-Blade||[from] ability: Stance Change\n|move|p2a: Arthur|Shadow Ball|p1a: Not a Mega\n|-damage|p1a: Not a Mega|21\/100\n|move|p1b: :)|Flamethrower|p2a: Arthur\n|-supereffective|p2a: Arthur\n|-damage|p2a: Arthur|0 fnt\n|faint|p2a: Arthur\n|\n|win|xephos223\n","uploadtime":1700432320,"views":4,"p1id":"xephos223","p2id":"doomedtaurus","formatid":"gen9nationaldexdoubles","rating":0,"private":0,"password":""}