{"id":"gen9nationaldexdoubles-1968468806","p1":"Sakura the blossom","p2":"Empress_Anna","format":"[Gen 9] National Dex Doubles","log":"|j|\u2606Sakura the blossom\n|j|\u2606Empress_Anna\n|t:|1697421847\n|gametype|doubles\n|player|p1|Sakura the blossom|caitlin|\n|player|p2|Empress_Anna|cheryl|\n|teamsize|p1|6\n|teamsize|p2|6\n|gen|9\n|tier|[Gen 9] National Dex Doubles\n|rule|HP Percentage Mod: HP is shown in percentages\n|rule|Endless Battle Clause: Forcing endless battles is banned\n|rule|OHKO Clause: OHKO moves are banned\n|rule|Evasion Moves Clause: Evasion moves are banned\n|rule|Evasion Abilities Clause: Evasion abilities are banned\n|rule|Species Clause: Limit one of each Pok\u00e9mon\n|rule|Gravity Sleep Clause: The combination of sleep-inducing moves with imperfect accuracy and Gravity or Gigantamax Orbeetle are banned\n|clearpoke\n|poke|p1|Armarouge, M|\n|poke|p1|Indeedee-F, F|\n|poke|p1|Maushold|\n|poke|p1|Gardevoir, F|\n|poke|p1|Farigiraf, F|\n|poke|p1|Kommo-o, F|\n|poke|p2|Cherrim, F|\n|poke|p2|Ursaluna, F|\n|poke|p2|Barraskewda, M|\n|poke|p2|Pincurchin, M|\n|poke|p2|Manectric, F|\n|poke|p2|Raichu-Alola, F|\n|teampreview\n|inactive|Battle timer is ON: inactive players will automatically lose when time's up. (requested by Sakura the blossom)\n|c|\u2606Empress_Anna|gl hf!\n|c|\u2606Sakura the blossom|Gl hf\n|\n|t:|1697421878\n|start\n|switch|p1a: Kommo-o|Kommo-o, F|100\/100\n|switch|p1b: Farigiraf|Farigiraf, F|100\/100\n|switch|p2a: Cherrim|Cherrim, F|100\/100\n|switch|p2b: Barraskewda|Barraskewda, M, shiny|100\/100\n|turn|1\n|\n|t:|1697421896\n|move|p2b: Barraskewda|Throat Chop|p1a: Kommo-o\n|-resisted|p1a: Kommo-o\n|-damage|p1a: Kommo-o|85\/100\n|-start|p1a: Kommo-o|Throat Chop|[silent]\n|cant|p1a: Kommo-o|move: Throat Chop\n|move|p2a: Cherrim|Sunny Day|p2a: Cherrim\n|-weather|SunnyDay\n|-formechange|p2a: Cherrim|Cherrim-Sunshine|[msg]|[from] ability: Flower Gift\n|move|p1b: Farigiraf|Thunder Wave|p2b: Barraskewda|[miss]\n|-miss|p1b: Farigiraf|p2b: Barraskewda\n|\n|-weather|SunnyDay|[upkeep]\n|upkeep\n|turn|2\n|c|\u2606Sakura the blossom|BREH\n|c|\u2606Empress_Anna|:3\n|c|\u2606Sakura the blossom|FUCKING GIRAFFE\n|inactive|Sakura the blossom has 270 seconds left.\n|inactive|Empress_Anna has 270 seconds left.\n|c|\u2606Sakura the blossom|Throat chop was smart btw\n|\n|t:|1697421936\n|move|p2b: Barraskewda|Throat Chop|p1b: Farigiraf\n|-supereffective|p1b: Farigiraf\n|-damage|p1b: Farigiraf|24\/100\n|-start|p1b: Farigiraf|Throat Chop|[silent]\n|-enditem|p1b: Farigiraf|Sitrus Berry|[eat]\n|-heal|p1b: Farigiraf|49\/100|[from] item: Sitrus Berry\n|move|p1a: Kommo-o|Drain Punch|p2b: Barraskewda\n|-damage|p2b: Barraskewda|35\/100\n|-heal|p1a: Kommo-o|100\/100|[from] drain|[of] p2b: Barraskewda\n|move|p2a: Cherrim|Toxic|p1b: Farigiraf\n|-status|p1b: Farigiraf|tox\n|move|p1b: Farigiraf|Thunder Wave|p2b: Barraskewda\n|-status|p2b: Barraskewda|par\n|\n|-weather|SunnyDay|[upkeep]\n|-damage|p1b: Farigiraf|43\/100 tox|[from] psn\n|-end|p1a: Kommo-o|Throat Chop|[silent]\n|upkeep\n|turn|3\n|inactive|Sakura the blossom has 270 seconds left.\n|inactive|Empress_Anna has 270 seconds left.\n|\n|t:|1697421973\n|move|p1a: Kommo-o|Dragon Claw|p2a: Cherrim\n|-damage|p2a: Cherrim|62\/100\n|move|p2b: Barraskewda|Throat Chop|p1a: Kommo-o\n|-resisted|p1a: Kommo-o\n|-damage|p1a: Kommo-o|81\/100\n|-start|p1a: Kommo-o|Throat Chop|[silent]\n|move|p2a: Cherrim|Toxic|p1a: Kommo-o\n|-status|p1a: Kommo-o|tox\n|move|p1b: Farigiraf|Psyshock|p2a: Cherrim\n|-damage|p2a: Cherrim|30\/100\n|\n|-weather|SunnyDay|[upkeep]\n|-damage|p1a: Kommo-o|74\/100 tox|[from] psn\n|-damage|p1b: Farigiraf|31\/100 tox|[from] psn\n|-end|p1b: Farigiraf|Throat Chop|[silent]\n|upkeep\n|turn|4\n|inactive|Sakura the blossom has 270 seconds left.\n|inactive|Empress_Anna has 270 seconds left.\n|\n|t:|1697421995\n|switch|p1a: Maushold|Maushold|100\/100\n|cant|p2b: Barraskewda|par\n|move|p2a: Cherrim|Leech Seed|p1a: Maushold\n|-start|p1a: Maushold|move: Leech Seed\n|move|p1b: Farigiraf|Dazzling Gleam|p2b: Barraskewda|[spread] p2a,p2b\n|-damage|p2a: Cherrim|21\/100\n|-damage|p2b: Barraskewda|24\/100 par\n|\n|-weather|SunnyDay|[upkeep]\n|-damage|p1a: Maushold|88\/100|[from] Leech Seed|[of] p2a: Cherrim\n|-heal|p2a: Cherrim|31\/100|[silent]\n|-damage|p1b: Farigiraf|12\/100 tox|[from] psn\n|upkeep\n|turn|5\n|inactive|Empress_Anna has 270 seconds left.\n|\n|t:|1697422015\n|move|p1a: Maushold|Population Bomb|p2a: Cherrim\n|-damage|p2a: Cherrim|22\/100\n|-damage|p2a: Cherrim|13\/100\n|-damage|p2a: Cherrim|4\/100\n|-damage|p2a: Cherrim|0 fnt\n|faint|p2a: Cherrim\n|-hitcount|p2: Cherrim|4\n|move|p2b: Barraskewda|Close Combat|p1a: Maushold\n|-supereffective|p1a: Maushold\n|-damage|p1a: Maushold|0 fnt\n|-unboost|p2b: Barraskewda|def|1\n|-unboost|p2b: Barraskewda|spd|1\n|faint|p1a: Maushold\n|move|p1b: Farigiraf|Psyshock|p2b: Barraskewda\n|-damage|p2b: Barraskewda|0 fnt\n|faint|p2b: Barraskewda\n|\n|-weather|SunnyDay|[upkeep]\n|-damage|p1b: Farigiraf|0 fnt|[from] psn\n|faint|p1b: Farigiraf\n|upkeep\n|\n|t:|1697422042\n|switch|p1a: Kommo-o|Kommo-o, F|74\/100 tox\n|switch|p2b: Manectric|Manectric, F, shiny|100\/100\n|switch|p2a: Ursaluna|Ursaluna, F|100\/100\n|switch|p1b: Gardevoir|Gardevoir, F|100\/100\n|-ability|p1b: Gardevoir|Guts|[from] ability: Trace|[of] p2a: Ursaluna\n|turn|6\n|\n|t:|1697422064\n|detailschange|p2b: Manectric|Manectric-Mega, F, shiny\n|-mega|p2b: Manectric|Manectric|Manectite\n|-ability|p2b: Manectric|Intimidate|boost\n|-unboost|p1a: Kommo-o|atk|1\n|-unboost|p1b: Gardevoir|atk|1\n|detailschange|p1b: Gardevoir|Gardevoir-Mega, F\n|-mega|p1b: Gardevoir|Gardevoir|Gardevoirite\n|move|p2a: Ursaluna|Protect|p2a: Ursaluna\n|-singleturn|p2a: Ursaluna|Protect\n|move|p2b: Manectric|Rising Voltage|p1b: Gardevoir\n|-damage|p1b: Gardevoir|67\/100\n|move|p1b: Gardevoir|Hyper Voice|p2b: Manectric|[spread] p2b\n|-activate|p2a: Ursaluna|move: Protect\n|-damage|p2b: Manectric|32\/100\n|move|p1a: Kommo-o|Drain Punch|p2a: Ursaluna\n|-activate|p2a: Ursaluna|move: Protect\n|\n|-weather|SunnyDay|[upkeep]\n|-damage|p1a: Kommo-o|68\/100 tox|[from] psn\n|-status|p2a: Ursaluna|brn|[from] item: Flame Orb\n|upkeep\n|turn|7\n|inactive|Sakura the blossom has 270 seconds left.\n|inactive|Empress_Anna has 270 seconds left.\n|\n|t:|1697422120\n|move|p2b: Manectric|Hyper Voice|p1a: Kommo-o|[spread] p1b\n|-immune|p1a: Kommo-o|[from] ability: Soundproof\n|-damage|p1b: Gardevoir|43\/100\n|move|p1b: Gardevoir|Hyper Voice|p2a: Ursaluna|[spread] p2a,p2b\n|-damage|p2a: Ursaluna|53\/100 brn\n|-damage|p2b: Manectric|0 fnt\n|faint|p2b: Manectric\n|move|p1a: Kommo-o|Drain Punch|p2a: Ursaluna\n|-supereffective|p2a: Ursaluna\n|-damage|p2a: Ursaluna|17\/100 brn\n|-heal|p1a: Kommo-o|93\/100 tox|[from] drain|[of] p2a: Ursaluna\n|move|p2a: Ursaluna|Facade|p1b: Gardevoir\n|-damage|p1b: Gardevoir|0 fnt\n|faint|p1b: Gardevoir\n|\n|-weather|SunnyDay|[upkeep]\n|-damage|p1a: Kommo-o|81\/100 tox|[from] psn\n|-damage|p2a: Ursaluna|10\/100 brn|[from] brn\n|upkeep\n|inactive|Empress_Anna has 270 seconds left.\n|\n|t:|1697422146\n|switch|p2b: Pincurchin|Pincurchin, M|100\/100\n|switch|p1b: Armarouge|Armarouge, M|100\/100\n|-fieldstart|move: Electric Terrain|[from] ability: Electric Surge|[of] p2b: Pincurchin\n|turn|8\n|inactive|Sakura the blossom has 270 seconds left.\n|inactive|Empress_Anna has 270 seconds left.\n|\n|t:|1697422182\n|move|p1b: Armarouge|Endure|p1b: Armarouge\n|-singleturn|p1b: Armarouge|move: Endure\n|move|p1a: Kommo-o|Clangorous Soul|p1a: Kommo-o\n|-boost|p1a: Kommo-o|atk|1\n|-boost|p1a: Kommo-o|def|1\n|-boost|p1a: Kommo-o|spa|1\n|-boost|p1a: Kommo-o|spd|1\n|-boost|p1a: Kommo-o|spe|1\n|-damage|p1a: Kommo-o|48\/100 tox\n|move|p2a: Ursaluna|Facade|p1a: Kommo-o\n|-damage|p1a: Kommo-o|0 fnt\n|faint|p1a: Kommo-o\n|move|p2b: Pincurchin|Rising Voltage|p1b: Armarouge\n|-hint|Rising Voltage's BP doubled on grounded target.\n|-damage|p1b: Armarouge|27\/100\n|\n|-weather|none\n|-damage|p2a: Ursaluna|4\/100 brn|[from] brn\n|upkeep\n|\n|t:|1697422201\n|switch|p1a: Indeedee|Indeedee-F, F|100\/100\n|-fieldstart|move: Psychic Terrain|[from] ability: Psychic Surge|[of] p1a: Indeedee\n|-enditem|p1a: Indeedee|Psychic Seed\n|-boost|p1a: Indeedee|spd|1|[from] item: Psychic Seed\n|turn|9\n|inactive|Empress_Anna has 270 seconds left.\n|inactive|Sakura the blossom has 240 seconds left.\n|\n|t:|1697422246\n|switch|p2b: Raichu|Raichu-Alola, F|100\/100\n|move|p1b: Armarouge|Endure|p1b: Armarouge\n|-singleturn|p1b: Armarouge|move: Endure\n|move|p2a: Ursaluna|Facade|p1a: Indeedee\n|-damage|p1a: Indeedee|0 fnt\n|faint|p1a: Indeedee\n|\n|-damage|p2a: Ursaluna|0 fnt|[from] brn\n|faint|p2a: Ursaluna\n|upkeep\n|inactive|Empress_Anna has 270 seconds left.\n|\n|t:|1697422257\n|switch|p2a: Pincurchin|Pincurchin, M|100\/100\n|-fieldstart|move: Electric Terrain|[from] ability: Electric Surge|[of] p2a: Pincurchin\n|turn|10\n|c|\u2606Sakura the blossom|Read so badly wrong\n|c|\u2606Sakura the blossom|Ggs\n|c|\u2606Empress_Anna|what was the read?\n|inactive|Empress_Anna has 270 seconds left.\n|\n|t:|1697422280\n|move|p2b: Raichu|Rising Voltage|p1b: Armarouge\n|-hint|Rising Voltage's BP doubled on grounded target.\n|-damage|p1b: Armarouge|0 fnt\n|faint|p1b: Armarouge\n|-damage|p2b: Raichu|91\/100|[from] item: Life Orb\n|\n|win|Empress_Anna\n|c|\u2606Sakura the blossom|Ursa attack arm\n|c|\u2606Empress_Anna|ahh\n|c|\u2606Empress_Anna|ggs!\n|c|\u2606Sakura the blossom|Then trickroom go up\n|c|\u2606Empress_Anna|ahh, im really lucky then\n|c|\u2606Sakura the blossom|I should of just attacked lol\n|c|\u2606Empress_Anna|100% would have won\n|c|\u2606Sakura the blossom|Yeah dont say its always bad luck against you l.ao\n|c|\u2606Sakura the blossom|Lmao*\n|c|\u2606Empress_Anna|yep x3\n","uploadtime":1697422317,"views":10,"p1id":"sakuratheblossom","p2id":"empressanna","formatid":"gen9nationaldexdoubles","rating":0,"private":0,"password":""}