{"id":"gen9nationaldexdoubles-1995139722","p1":"Socram08","p2":"Brick_Enjoyer_144","format":"[Gen 9] National Dex Doubles","log":"|j|\u2606Socram08\n|j|\u2606Brick_Enjoyer_144\n|t:|1700526991\n|gametype|doubles\n|player|p1|Socram08|falkner|1239\n|player|p2|Brick_Enjoyer_144|shauntal|1206\n|teamsize|p1|6\n|teamsize|p2|6\n|gen|9\n|tier|[Gen 9] National Dex Doubles\n|rated|\n|rule|HP Percentage Mod: HP is shown in percentages\n|rule|Endless Battle Clause: Forcing endless battles is banned\n|rule|OHKO Clause: OHKO moves are banned\n|rule|Evasion Moves Clause: Evasion moves are banned\n|rule|Evasion Abilities Clause: Evasion abilities are banned\n|rule|Species Clause: Limit one of each Pok\u00e9mon\n|rule|Gravity Sleep Clause: The combination of sleep-inducing moves with imperfect accuracy and Gravity or Gigantamax Orbeetle are banned\n|clearpoke\n|poke|p1|Shuckle, F|\n|poke|p1|Passimian, M|\n|poke|p1|Whimsicott, F|\n|poke|p1|Machamp, M|\n|poke|p1|Staraptor, M|\n|poke|p1|Stonjourner, M|\n|poke|p2|Houndoom, M|\n|poke|p2|Skarmory, F|\n|poke|p2|Lucario, M|\n|poke|p2|Palafin, F|\n|poke|p2|Sinistcha-Masterpiece|\n|poke|p2|Roaring Moon|\n|teampreview\n|inactive|Battle timer is ON: inactive players will automatically lose when time's up. (requested by Brick_Enjoyer_144)\n|inactive|Socram08 also wants the timer to be on.\n|\n|t:|1700526998\n|start\n|switch|p1a: Shuckle|Shuckle, F|100\/100\n|switch|p1b: Passimian|Passimian, M|100\/100\n|switch|p2a: Houndoom|Houndoom, M|100\/100\n|switch|p2b: Skarmory|Skarmory, F|100\/100\n|turn|1\n|\n|t:|1700527021\n|detailschange|p2a: Houndoom|Houndoom-Mega, M\n|-mega|p2a: Houndoom|Houndoom|Houndoominite\n|move|p1b: Passimian|Protect|p1b: Passimian\n|-singleturn|p1b: Passimian|Protect\n|move|p2a: Houndoom|Heat Wave|p1b: Passimian|[spread] p1a\n|-activate|p1b: Passimian|move: Protect\n|-damage|p1a: Shuckle|78\/100\n|move|p2b: Skarmory|Stealth Rock|p1a: Shuckle\n|-sidestart|p1: Socram08|move: Stealth Rock\n|move|p1a: Shuckle|Final Gambit|p2b: Skarmory\n|-damage|p2b: Skarmory|44\/100\n|faint|p1a: Shuckle\n|-ability|p1b: Passimian|Contrary|[from] ability: Receiver|[of] p1a: Shuckle\n|\n|-heal|p2b: Skarmory|50\/100|[from] item: Leftovers\n|upkeep\n|\n|t:|1700527035\n|switch|p1a: Whimsicott|Whimsicott, F|100\/100\n|-damage|p1a: Whimsicott|88\/100|[from] Stealth Rock\n|turn|2\n|\n|t:|1700527047\n|move|p1a: Whimsicott|Tailwind|p1a: Whimsicott\n|-sidestart|p1: Socram08|move: Tailwind\n|move|p1b: Passimian|Superpower|p2a: Houndoom\n|-supereffective|p2a: Houndoom\n|-damage|p2a: Houndoom|0 fnt\n|-boost|p1b: Passimian|atk|1\n|-boost|p1b: Passimian|def|1\n|faint|p2a: Houndoom\n|-damage|p1b: Passimian|91\/100|[from] item: Life Orb\n|move|p2b: Skarmory|Tailwind|p2b: Skarmory\n|-sidestart|p2: Brick_Enjoyer_144|move: Tailwind\n|\n|-heal|p2b: Skarmory|56\/100|[from] item: Leftovers\n|upkeep\n|\n|t:|1700527069\n|switch|p2a: Lucario|Lucario, M|100\/100\n|turn|3\n|inactive|Socram08 has 120 seconds left.\n|\n|t:|1700527102\n|move|p1a: Whimsicott|Charm|p2a: Lucario\n|-unboost|p2a: Lucario|atk|2\n|move|p2a: Lucario|Close Combat|p1b: Passimian\n|-damage|p1b: Passimian|63\/100\n|-unboost|p2a: Lucario|def|1\n|-unboost|p2a: Lucario|spd|1\n|-damage|p2a: Lucario|91\/100|[from] item: Life Orb\n|move|p1b: Passimian|Superpower|p2b: Skarmory\n|-damage|p2b: Skarmory|0 fnt\n|-boost|p1b: Passimian|atk|1\n|-boost|p1b: Passimian|def|1\n|faint|p2b: Skarmory\n|-damage|p1b: Passimian|53\/100|[from] item: Life Orb\n|\n|upkeep\n|\n|t:|1700527120\n|switch|p2b: Palafin|Palafin, F|100\/100\n|turn|4\n|\n|t:|1700527130\n|detailschange|p2b: Palafin|Palafin-Hero, F\n|switch|p2b: Sinistcha|Sinistcha-Masterpiece|100\/100\n|-heal|p2a: Lucario|100\/100|[from] ability: Hospitality|[of] p2b: Sinistcha\n|move|p1b: Passimian|Protect|p1b: Passimian\n|-singleturn|p1b: Passimian|Protect\n|move|p2a: Lucario|Close Combat|p1b: Passimian\n|-activate|p1b: Passimian|move: Protect\n|move|p1a: Whimsicott|Dazzling Gleam|p2a: Lucario|[spread] p2a,p2b\n|-damage|p2a: Lucario|59\/100\n|-damage|p2b: Sinistcha|80\/100\n|\n|-heal|p2b: Sinistcha|86\/100|[from] item: Leftovers\n|upkeep\n|turn|5\n|inactive|Brick_Enjoyer_144 has 120 seconds left.\n|\n|t:|1700527162\n|move|p1a: Whimsicott|Charm|p2a: Lucario\n|-unboost|p2a: Lucario|atk|2\n|move|p2a: Lucario|Close Combat|p1b: Passimian\n|-damage|p1b: Passimian|39\/100\n|-unboost|p2a: Lucario|def|1\n|-unboost|p2a: Lucario|spd|1\n|-damage|p2a: Lucario|49\/100|[from] item: Life Orb\n|move|p1b: Passimian|Rock Slide|p2b: Sinistcha|[spread] p2a,p2b\n|-resisted|p2a: Lucario\n|-damage|p2a: Lucario|13\/100\n|-damage|p2b: Sinistcha|41\/100\n|-damage|p1b: Passimian|29\/100|[from] item: Life Orb\n|cant|p2b: Sinistcha|flinch\n|\n|-heal|p2b: Sinistcha|47\/100|[from] item: Leftovers\n|-sideend|p2: Brick_Enjoyer_144|move: Tailwind\n|-sideend|p1: Socram08|move: Tailwind\n|upkeep\n|turn|6\n|\n|t:|1700527185\n|move|p2a: Lucario|Bullet Punch|p1a: Whimsicott\n|-supereffective|p1a: Whimsicott\n|-damage|p1a: Whimsicott|73\/100\n|-damage|p2a: Lucario|3\/100|[from] item: Life Orb\n|move|p1a: Whimsicott|Tailwind|p1a: Whimsicott\n|-sidestart|p1: Socram08|move: Tailwind\n|move|p1b: Passimian|Rock Slide|p2b: Sinistcha|[spread] p2b\n|-miss|p1b: Passimian|p2a: Lucario\n|-damage|p2b: Sinistcha|0 fnt\n|faint|p2b: Sinistcha\n|-damage|p1b: Passimian|19\/100|[from] item: Life Orb\n|\n|upkeep\n|inactive|Brick_Enjoyer_144 has 120 seconds left.\n|\n|t:|1700527200\n|switch|p2b: Palafin|Palafin-Hero, F|100\/100\n|-activate|p2b: Palafin|ability: Zero to Hero\n|turn|7\n|\n|t:|1700527208\n|move|p1a: Whimsicott|Charm|p2b: Palafin\n|-unboost|p2b: Palafin|atk|2\n|move|p2b: Palafin|Jet Punch|p1b: Passimian\n|-damage|p1b: Passimian|9\/100\n|move|p2a: Lucario|Bullet Punch|p1a: Whimsicott\n|-supereffective|p1a: Whimsicott\n|-damage|p1a: Whimsicott|59\/100\n|-damage|p2a: Lucario|0 fnt|[from] item: Life Orb\n|faint|p2a: Lucario\n|move|p1b: Passimian|Superpower|p2b: Palafin\n|-damage|p2b: Palafin|0 fnt\n|-boost|p1b: Passimian|atk|1\n|-boost|p1b: Passimian|def|1\n|faint|p2b: Palafin\n|-damage|p1b: Passimian|0 fnt|[from] item: Life Orb\n|faint|p1b: Passimian\n|\n|upkeep\n|\n|t:|1700527228\n|switch|p2b: Roaring Moon|Roaring Moon|100\/100\n|switch|p1b: Stonjourner|Stonjourner, M|100\/100\n|-damage|p1b: Stonjourner|88\/100|[from] Stealth Rock\n|turn|8\n|\n|t:|1700527238\n|move|p2b: Roaring Moon|Iron Head|p1a: Whimsicott\n|-supereffective|p1a: Whimsicott\n|-damage|p1a: Whimsicott|9\/100\n|-enditem|p1a: Whimsicott|Sitrus Berry|[eat]\n|-heal|p1a: Whimsicott|34\/100|[from] item: Sitrus Berry\n|cant|p1a: Whimsicott|flinch\n|move|p1b: Stonjourner|Rock Slide|p2b: Roaring Moon\n|-damage|p2b: Roaring Moon|48\/100\n|\n|upkeep\n|turn|9\n|\n|t:|1700527251\n|-terastallize|p1a: Whimsicott|Water\n|move|p2b: Roaring Moon|Iron Head|p1a: Whimsicott\n|-resisted|p1a: Whimsicott\n|-damage|p1a: Whimsicott|20\/100\n|move|p1a: Whimsicott|Dazzling Gleam|p2b: Roaring Moon\n|-supereffective|p2b: Roaring Moon\n|-crit|p2b: Roaring Moon\n|-damage|p2b: Roaring Moon|0 fnt\n|faint|p2b: Roaring Moon\n|-end|p2b: Roaring Moon|Protosynthesis|[silent]\n|\n|win|Socram08\n|raw|Socram08's rating: 1239 &rarr; <strong>1262<\/strong><br \/>(+23 for winning)\n|raw|Brick_Enjoyer_144's rating: 1206 &rarr; <strong>1183<\/strong><br \/>(-23 for losing)\n|l|\u2606Socram08\n","uploadtime":1700527264,"views":1,"p1id":"socram08","p2id":"brickenjoyer144","formatid":"gen9nationaldexdoubles","rating":1183,"private":0,"password":""}