{"id":"gen9nationaldexdoubles-1994309077","p1":"Daepiquejt","p2":"ChainlessJoe","format":"[Gen 9] National Dex Doubles","log":"|j|\u2606Daepiquejt\n|j|\u2606ChainlessJoe\n|t:|1700429558\n|gametype|doubles\n|player|p1|Daepiquejt|2|\n|player|p2|ChainlessJoe|drayden|\n|teamsize|p1|6\n|teamsize|p2|6\n|gen|9\n|tier|[Gen 9] National Dex Doubles\n|rated|Tournament battle\n|rule|HP Percentage Mod: HP is shown in percentages\n|rule|Endless Battle Clause: Forcing endless battles is banned\n|rule|OHKO Clause: OHKO moves are banned\n|rule|Evasion Moves Clause: Evasion moves are banned\n|rule|Evasion Abilities Clause: Evasion abilities are banned\n|rule|Species Clause: Limit one of each Pok\u00e9mon\n|rule|Gravity Sleep Clause: The combination of sleep-inducing moves with imperfect accuracy and Gravity or Gigantamax Orbeetle are banned\n|clearpoke\n|poke|p1|Scizor, M|\n|poke|p1|Volcanion|\n|poke|p1|Rillaboom, F|\n|poke|p1|Chien-Pao|\n|poke|p1|Tornadus, M|\n|poke|p1|Zygarde|\n|poke|p2|Tapu Fini|\n|poke|p2|Iron Hands|\n|poke|p2|Aegislash, M|\n|poke|p2|Landorus-Therian, M|\n|poke|p2|Salamence, M|\n|poke|p2|Zamazenta-*|\n|teampreview\n|inactive|Battle timer is ON: inactive players will automatically lose when time's up. (requested by Daepiquejt)\n|inactive|ChainlessJoe also wants the timer to be on.\n|c|\u2606ChainlessJoe|glhf\n|inactive|Daepiquejt has 120 seconds left.\n|inactive|ChainlessJoe has 120 seconds left.\n|inactive|Daepiquejt has 90 seconds left.\n|inactive|ChainlessJoe has 90 seconds left.\n|\n|t:|1700429633\n|start\n|switch|p1a: Very ice weak|Zygarde|100\/100\n|switch|p1b: Rillaboom|Rillaboom, F|100\/100\n|switch|p2a: FuckUGambit|Zamazenta|100\/100\n|switch|p2b: GenieOfWar|Landorus-Therian, M|100\/100\n|-ability|p2a: FuckUGambit|Dauntless Shield|boost\n|-boost|p2a: FuckUGambit|def|1\n|-ability|p1a: Very ice weak|Aura Break\n|-ability|p2b: GenieOfWar|Intimidate|boost\n|-fail|p1a: Very ice weak|unboost|[from] item: Clear Amulet|[of] p1a: Very ice weak\n|-unboost|p1b: Rillaboom|atk|1\n|-fieldstart|move: Grassy Terrain|[from] ability: Grassy Surge|[of] p1b: Rillaboom\n|turn|1\n|\n|t:|1700429656\n|move|p1b: Rillaboom|Fake Out|p2b: GenieOfWar\n|-damage|p2b: GenieOfWar|91\/100\n|move|p2a: FuckUGambit|Body Press|p1a: Very ice weak\n|-damage|p1a: Very ice weak|62\/100\n|move|p1a: Very ice weak|Dragon Dance|p1a: Very ice weak\n|-boost|p1a: Very ice weak|atk|1\n|-boost|p1a: Very ice weak|spe|1\n|cant|p2b: GenieOfWar|flinch\n|\n|-heal|p1a: Very ice weak|68\/100|[from] Grassy Terrain\n|upkeep\n|turn|2\n|\n|t:|1700429669\n|move|p1a: Very ice weak|Protect|p1a: Very ice weak\n|-singleturn|p1a: Very ice weak|Protect\n|move|p2a: FuckUGambit|Body Press|p1a: Very ice weak\n|-activate|p1a: Very ice weak|move: Protect\n|move|p2b: GenieOfWar|U-turn|p1b: Rillaboom\n|-supereffective|p1b: Rillaboom\n|-damage|p1b: Rillaboom|53\/100\n|\n|t:|1700429676\n|switch|p2b: HandsRatedE|Iron Hands, shiny|100\/100|[from] U-turn\n|move|p1b: Rillaboom|Wood Hammer|p2b: HandsRatedE\n|-damage|p2b: HandsRatedE|65\/100\n|-damage|p1b: Rillaboom|38\/100|[from] Recoil\n|-enditem|p1b: Rillaboom|Sitrus Berry|[eat]\n|-heal|p1b: Rillaboom|63\/100|[from] item: Sitrus Berry\n|\n|-heal|p1a: Very ice weak|74\/100|[from] Grassy Terrain\n|-heal|p1b: Rillaboom|70\/100|[from] Grassy Terrain\n|-heal|p2b: HandsRatedE|71\/100|[from] Grassy Terrain\n|upkeep\n|turn|3\n|inactive|ChainlessJoe has 120 seconds left.\n|\n|t:|1700429709\n|-terastallize|p1a: Very ice weak|Steel\n|move|p1a: Very ice weak|Protect||[still]\n|-fail|p1a: Very ice weak\n|move|p2a: FuckUGambit|Body Press|p1a: Very ice weak\n|-supereffective|p1a: Very ice weak\n|-damage|p1a: Very ice weak|1\/100\n|move|p1b: Rillaboom|U-turn|p2b: HandsRatedE\n|-resisted|p2b: HandsRatedE\n|-damage|p2b: HandsRatedE|66\/100\n|inactive|Daepiquejt has 120 seconds left.\n|\n|t:|1700429721\n|switch|p1b: Less ice weak|Tornadus, M|100\/100|[from] U-turn\n|move|p2b: HandsRatedE|Drain Punch|p1a: Very ice weak\n|-supereffective|p1a: Very ice weak\n|-damage|p1a: Very ice weak|0 fnt\n|-heal|p2b: HandsRatedE|66\/100|[from] drain|[of] p1a: Very ice weak\n|faint|p1a: Very ice weak\n|\n|-heal|p2b: HandsRatedE|72\/100|[from] Grassy Terrain\n|upkeep\n|c|\u2606ChainlessJoe|tera steel?\n|inactive|Daepiquejt has 120 seconds left.\n|\n|t:|1700429734\n|switch|p1a: Rillaboom|Rillaboom, F|70\/100\n|turn|4\n|\n|t:|1700429750\n|move|p1a: Rillaboom|Fake Out|p2b: HandsRatedE\n|-damage|p2b: HandsRatedE|63\/100\n|move|p1b: Less ice weak|Taunt|p2a: FuckUGambit\n|-start|p2a: FuckUGambit|move: Taunt\n|move|p2a: FuckUGambit|Body Press|p1a: Rillaboom\n|-damage|p1a: Rillaboom|24\/100\n|cant|p2b: HandsRatedE|flinch\n|\n|-heal|p1a: Rillaboom|30\/100|[from] Grassy Terrain\n|-heal|p2b: HandsRatedE|69\/100|[from] Grassy Terrain\n|upkeep\n|turn|5\n|\n|t:|1700429776\n|move|p1a: Rillaboom|Grassy Glide|p2b: HandsRatedE\n|-damage|p2b: HandsRatedE|42\/100\n|move|p2a: FuckUGambit|Body Press|p1a: Rillaboom\n|-damage|p1a: Rillaboom|0 fnt\n|faint|p1a: Rillaboom\n|-zpower|p1b: Less ice weak\n|move|p1b: Less ice weak|Supersonic Skystrike|p2a: FuckUGambit|[zeffect]\n|-supereffective|p2a: FuckUGambit\n|-damage|p2a: FuckUGambit|0 fnt\n|faint|p2a: FuckUGambit\n|move|p2b: HandsRatedE|Wild Charge|p1b: Less ice weak\n|-supereffective|p1b: Less ice weak\n|-damage|p1b: Less ice weak|0 fnt\n|faint|p1b: Less ice weak\n|-damage|p2b: HandsRatedE|27\/100|[from] Recoil\n|\n|-heal|p2b: HandsRatedE|33\/100|[from] Grassy Terrain\n|-fieldend|move: Grassy Terrain\n|upkeep\n|inactive|Daepiquejt has 120 seconds left.\n|\n|t:|1700429827\n|switch|p2a: GenieOfWar|Landorus-Therian, M|91\/100\n|switch|p1b: Not ice weak|Volcanion|100\/100\n|switch|p1a: Pien-chao|Chien-Pao|100\/100\n|-ability|p1a: Pien-chao|Sword of Ruin\n|-ability|p2a: GenieOfWar|Intimidate|boost\n|-unboost|p1a: Pien-chao|atk|1\n|-unboost|p1b: Not ice weak|atk|1\n|turn|6\n|inactive|Daepiquejt has 120 seconds left.\n|inactive|ChainlessJoe has 120 seconds left.\n|\n|t:|1700429871\n|-terastallize|p2a: GenieOfWar|Water\n|move|p1b: Not ice weak|Protect|p1b: Not ice weak\n|-singleturn|p1b: Not ice weak|Protect\n|move|p1a: Pien-chao|Icicle Crash|p2a: GenieOfWar|[miss]\n|-miss|p1a: Pien-chao|p2a: GenieOfWar\n|move|p2a: GenieOfWar|Stomping Tantrum|p1b: Not ice weak\n|-activate|p1b: Not ice weak|move: Protect\n|move|p2b: HandsRatedE|Drain Punch|p1a: Pien-chao\n|-supereffective|p1a: Pien-chao\n|-enditem|p1a: Pien-chao|Focus Sash\n|-damage|p1a: Pien-chao|1\/100\n|-heal|p2b: HandsRatedE|63\/100|[from] drain|[of] p1a: Pien-chao\n|\n|upkeep\n|turn|7\n|\n|t:|1700429888\n|move|p1a: Pien-chao|Icicle Crash|p2b: HandsRatedE\n|-damage|p2b: HandsRatedE|38\/100\n|move|p2a: GenieOfWar|Stomping Tantrum|p1b: Not ice weak\n|-supereffective|p1b: Not ice weak\n|-damage|p1b: Not ice weak|8\/100\n|move|p1b: Not ice weak|Heat Wave|p2b: HandsRatedE|[spread] p2a,p2b\n|-resisted|p2a: GenieOfWar\n|-crit|p2b: HandsRatedE\n|-damage|p2a: GenieOfWar|78\/100\n|-damage|p2b: HandsRatedE|1\/100\n|-status|p2b: HandsRatedE|brn\n|cant|p2b: HandsRatedE|flinch\n|\n|-heal|p1b: Not ice weak|14\/100|[from] item: Leftovers\n|-damage|p2b: HandsRatedE|0 fnt|[from] brn\n|faint|p2b: HandsRatedE\n|-end|p2b: HandsRatedE|Quark Drive|[silent]\n|upkeep\n|inactive|ChainlessJoe has 120 seconds left.\n|\n|t:|1700429905\n|switch|p2b: GuantanamoBayGuard|Tapu Fini, shiny|100\/100\n|-fieldstart|move: Misty Terrain|[from] ability: Misty Surge|[of] p2b: GuantanamoBayGuard\n|turn|8\n|c|\u2606ChainlessJoe|hype\n|inactive|ChainlessJoe has 120 seconds left.\n|\n|t:|1700429928\n|move|p1b: Not ice weak|Protect|p1b: Not ice weak\n|-singleturn|p1b: Not ice weak|Protect\n|move|p1a: Pien-chao|Sucker Punch|p2a: GenieOfWar\n|-crit|p2a: GenieOfWar\n|-damage|p2a: GenieOfWar|7\/100\n|move|p2a: GenieOfWar|Stomping Tantrum|p1b: Not ice weak\n|-activate|p1b: Not ice weak|move: Protect\n|move|p2b: GuantanamoBayGuard|Moonblast|p1a: Pien-chao\n|-supereffective|p1a: Pien-chao\n|-damage|p1a: Pien-chao|0 fnt\n|faint|p1a: Pien-chao\n|\n|-heal|p1b: Not ice weak|20\/100|[from] item: Leftovers\n|upkeep\n|\n|t:|1700429946\n|switch|p1a: Scizor|Scizor, M|100\/100\n|turn|9\n|\n|t:|1700429968\n|switch|p2a: ScreamingLizards|Salamence, M|100\/100\n|-ability|p2a: ScreamingLizards|Intimidate|boost\n|-unboost|p1a: Scizor|atk|1\n|-unboost|p1b: Not ice weak|atk|1\n|detailschange|p1a: Scizor|Scizor-Mega, M\n|-mega|p1a: Scizor|Scizor|Scizorite\n|move|p1a: Scizor|Bullet Punch|p2a: ScreamingLizards\n|-damage|p2a: ScreamingLizards|65\/100\n|move|p2b: GuantanamoBayGuard|Moonblast|p1b: Not ice weak\n|-resisted|p1b: Not ice weak\n|-damage|p1b: Not ice weak|0 fnt\n|faint|p1b: Not ice weak\n|\n|upkeep\n|turn|10\n|\n|t:|1700429980\n|switch|p2b: GenieOfWar|Landorus-Therian, M, tera:Water|7\/100\n|-ability|p2b: GenieOfWar|Intimidate|boost\n|-unboost|p1a: Scizor|atk|1\n|detailschange|p2a: ScreamingLizards|Salamence-Mega, M\n|-mega|p2a: ScreamingLizards|Salamence|Salamencite\n|move|p2a: ScreamingLizards|Double-Edge|p1a: Scizor\n|-damage|p1a: Scizor|44\/100\n|-damage|p2a: ScreamingLizards|46\/100|[from] Recoil\n|move|p1a: Scizor|Swords Dance|p1a: Scizor\n|-boost|p1a: Scizor|atk|2\n|\n|upkeep\n|turn|11\n|c|\u2606ChainlessJoe|gg\n|c|\u2606Daepiquejt|1v4 light work\n|inactive|Daepiquejt has 120 seconds left.\n|\n|t:|1700430018\n|move|p1a: Scizor|Bullet Punch|p2a: ScreamingLizards\n|-damage|p2a: ScreamingLizards|9\/100\n|move|p2a: ScreamingLizards|Double-Edge|p1a: Scizor\n|-damage|p1a: Scizor|0 fnt\n|faint|p1a: Scizor\n|-damage|p2a: ScreamingLizards|0 fnt|[from] Recoil\n|faint|p2a: ScreamingLizards\n|\n|win|ChainlessJoe\n|n|\u2606Daepiquejt|daepiquejt\n|n|\u2606ChainlessJoe|chainlessjoe\n","uploadtime":1700430019,"views":8,"p1id":"daepiquejt","p2id":"chainlessjoe","formatid":"gen9nationaldexdoubles","rating":0,"private":0,"password":""}