{"id":"gen9nationaldexdoubles-1983890642","p1":"fumbari 24","p2":"Etrick1","format":"[Gen 9] National Dex Doubles","log":"|j|\u2606fumbari 24\n|j|\u2606Etrick1\n|t:|1699196702\n|gametype|doubles\n|player|p1|fumbari 24|hilbert|1474\n|player|p2|Etrick1|youngster-gen4dp|1491\n|teamsize|p1|6\n|teamsize|p2|6\n|gen|9\n|tier|[Gen 9] National Dex Doubles\n|rated|\n|rule|HP Percentage Mod: HP is shown in percentages\n|rule|Endless Battle Clause: Forcing endless battles is banned\n|rule|OHKO Clause: OHKO moves are banned\n|rule|Evasion Moves Clause: Evasion moves are banned\n|rule|Evasion Abilities Clause: Evasion abilities are banned\n|rule|Species Clause: Limit one of each Pok\u00e9mon\n|rule|Gravity Sleep Clause: The combination of sleep-inducing moves with imperfect accuracy and Gravity or Gigantamax Orbeetle are banned\n|clearpoke\n|poke|p1|Tornadus, M|\n|poke|p1|Chi-Yu|\n|poke|p1|Krookodile, M|\n|poke|p1|Salamence, M|\n|poke|p1|Arcanine-Hisui, M|\n|poke|p1|Amoonguss, F|\n|poke|p2|Mawile, F|\n|poke|p2|Ursaluna, M|\n|poke|p2|Volcanion|\n|poke|p2|Deoxys-Attack|\n|poke|p2|Sinistcha-Masterpiece|\n|poke|p2|Chien-Pao|\n|teampreview\n|inactive|Battle timer is ON: inactive players will automatically lose when time's up. (requested by Etrick1)\n|\n|t:|1699196724\n|start\n|switch|p1a: Atraco|Krookodile, M|100\/100\n|switch|p1b: Dare|Tornadus, M|100\/100\n|switch|p2a: Sword Cat|Chien-Pao|100\/100\n|switch|p2b: Attack|Deoxys-Attack|100\/100\n|-ability|p2b: Attack|Pressure\n|-ability|p2a: Sword Cat|Sword of Ruin\n|-ability|p1a: Atraco|Intimidate|boost\n|-unboost|p2a: Sword Cat|atk|1\n|-unboost|p2b: Attack|atk|1\n|turn|1\n|\n|t:|1699196744\n|-terastallize|p1a: Atraco|Ghost\n|move|p1b: Dare|Tailwind|p1b: Dare\n|-sidestart|p1: fumbari 24|move: Tailwind\n|move|p1a: Atraco|Rock Slide|p2b: Attack|[spread] p2a,p2b\n|-supereffective|p2a: Sword Cat\n|-damage|p2a: Sword Cat|61\/100\n|-damage|p2b: Attack|5\/100\n|move|p2b: Attack|Drain Punch|p1a: Atraco\n|-immune|p1a: Atraco\n|move|p2a: Sword Cat|Ice Spinner|p1b: Dare\n|-supereffective|p1b: Dare\n|-damage|p1b: Dare|35\/100\n|\n|upkeep\n|turn|2\n|\n|t:|1699196763\n|move|p2b: Attack|Extreme Speed|p1b: Dare\n|-damage|p1b: Dare|8\/100\n|move|p1b: Dare|Sunny Day|p1b: Dare\n|-weather|SunnyDay\n|move|p2a: Sword Cat|Sucker Punch|p1a: Atraco\n|-supereffective|p1a: Atraco\n|-damage|p1a: Atraco|38\/100\n|-enditem|p1a: Atraco|Sitrus Berry|[eat]\n|-heal|p1a: Atraco|62\/100|[from] item: Sitrus Berry\n|move|p1a: Atraco|Rock Slide|p2b: Attack|[spread] p2a,p2b\n|-supereffective|p2a: Sword Cat\n|-crit|p2a: Sword Cat\n|-damage|p2a: Sword Cat|1\/100\n|-damage|p2b: Attack|0 fnt\n|faint|p2b: Attack\n|\n|-weather|SunnyDay|[upkeep]\n|upkeep\n|\n|t:|1699196774\n|switch|p2b: Goodboy|Sinistcha-Masterpiece|100\/100\n|turn|3\n|\n|t:|1699196784\n|switch|p1a: Blue Flame|Salamence, M|100\/100\n|-ability|p1a: Blue Flame|Intimidate|boost\n|-unboost|p2a: Sword Cat|atk|1\n|-unboost|p2b: Goodboy|atk|1\n|-terastallize|p2b: Goodboy|Steel\n|move|p2a: Sword Cat|Sucker Punch|p1b: Dare\n|-damage|p1b: Dare|0 fnt\n|faint|p1b: Dare\n|move|p2b: Goodboy|Trick Room|p2b: Goodboy\n|-fieldstart|move: Trick Room|[of] p2b: Goodboy\n|\n|-weather|SunnyDay|[upkeep]\n|upkeep\n|\n|t:|1699196800\n|switch|p1b: Catallena|Amoonguss, F|100\/100\n|turn|4\n|\n|t:|1699196817\n|switch|p1a: Canned Heat|Chi-Yu|100\/100\n|-ability|p1a: Canned Heat|Beads of Ruin\n|move|p2b: Goodboy|Rage Powder|p2b: Goodboy\n|-singleturn|p2b: Goodboy|move: Rage Powder\n|move|p1b: Catallena|Pollen Puff|p2a: Sword Cat\n|-supereffective|p2a: Sword Cat\n|-damage|p2a: Sword Cat|0 fnt\n|faint|p2a: Sword Cat\n|\n|-weather|SunnyDay|[upkeep]\n|-sideend|p1: fumbari 24|move: Tailwind\n|upkeep\n|\n|t:|1699196828\n|switch|p2a: Mega|Mawile, F|100\/100\n|-ability|p2a: Mega|Intimidate|boost\n|-unboost|p1a: Canned Heat|atk|1\n|-unboost|p1b: Catallena|atk|1\n|turn|5\n|\n|t:|1699196838\n|detailschange|p2a: Mega|Mawile-Mega, F\n|-mega|p2a: Mega|Mawile|Mawilite\n|move|p1b: Catallena|Rage Powder|p1b: Catallena\n|-singleturn|p1b: Catallena|move: Rage Powder\n|move|p2a: Mega|Play Rough|p1b: Catallena\n|-resisted|p1b: Catallena\n|-damage|p1b: Catallena|69\/100\n|-damage|p2a: Mega|84\/100|[from] item: Rocky Helmet|[of] p1b: Catallena\n|move|p2b: Goodboy|Matcha Gotcha|p1a: Canned Heat|[spread] p1a,p1b\n|-resisted|p1a: Canned Heat\n|-resisted|p1b: Catallena\n|-damage|p1a: Canned Heat|88\/100\n|-damage|p1b: Catallena|61\/100\n|move|p1a: Canned Heat|Heat Wave|p2b: Goodboy|[spread] p2a,p2b\n|-supereffective|p2a: Mega\n|-supereffective|p2b: Goodboy\n|-damage|p2a: Mega|0 fnt\n|-damage|p2b: Goodboy|19\/100\n|faint|p2a: Mega\n|\n|-weather|SunnyDay|[upkeep]\n|upkeep\n|\n|t:|1699196853\n|switch|p2a: Truck|Ursaluna, M|100\/100\n|turn|6\n|\n|t:|1699196865\n|move|p1a: Canned Heat|Protect|p1a: Canned Heat\n|-singleturn|p1a: Canned Heat|Protect\n|move|p2a: Truck|Facade|p1b: Catallena\n|-damage|p1b: Catallena|29\/100\n|-damage|p2a: Truck|84\/100|[from] item: Rocky Helmet|[of] p1b: Catallena\n|move|p1b: Catallena|Spore|p2a: Truck\n|-status|p2a: Truck|slp|[from] move: Spore\n|move|p2b: Goodboy|Matcha Gotcha|p1b: Catallena|[spread] p1b\n|-activate|p1a: Canned Heat|move: Protect\n|-resisted|p1b: Catallena\n|-damage|p1b: Catallena|22\/100\n|-heal|p2b: Goodboy|24\/100|[from] drain|[of] p1b: Catallena\n|\n|-weather|none\n|upkeep\n|turn|7\n|\n|t:|1699196882\n|switch|p1b: Blue Flame|Salamence, M|100\/100\n|-ability|p1b: Blue Flame|Intimidate|boost\n|-unboost|p2a: Truck|atk|1\n|-unboost|p2b: Goodboy|atk|1\n|cant|p2a: Truck|slp\n|move|p2b: Goodboy|Shadow Ball|p1b: Blue Flame\n|-damage|p1b: Blue Flame|48\/100\n|move|p1a: Canned Heat|Heat Wave|p2a: Truck|[spread] p2a,p2b\n|-crit|p2a: Truck\n|-supereffective|p2b: Goodboy\n|-damage|p2a: Truck|22\/100 slp\n|-damage|p2b: Goodboy|0 fnt\n|faint|p2b: Goodboy\n|\n|-fieldend|move: Trick Room\n|upkeep\n|\n|t:|1699196891\n|switch|p2b: Bigboy|Volcanion|100\/100\n|turn|8\n|\n|t:|1699196900\n|detailschange|p1b: Blue Flame|Salamence-Mega, M\n|-mega|p1b: Blue Flame|Salamence|Salamencite\n|cant|p2a: Truck|slp\n|move|p1b: Blue Flame|Hyper Voice|p2a: Truck|[spread] p2a,p2b\n|-damage|p2a: Truck|0 fnt\n|-damage|p2b: Bigboy|47\/100\n|faint|p2a: Truck\n|move|p1a: Canned Heat|Snarl|p2b: Bigboy\n|-damage|p2b: Bigboy|8\/100\n|-unboost|p2b: Bigboy|spa|1\n|move|p2b: Bigboy|Steam Eruption|p1a: Canned Heat\n|-supereffective|p1a: Canned Heat\n|-damage|p1a: Canned Heat|6\/100\n|\n|-heal|p2b: Bigboy|14\/100|[from] item: Leftovers\n|upkeep\n|turn|9\n|inactive|fumbari 24 has 120 seconds left.\n|\n|t:|1699196936\n|move|p1b: Blue Flame|Tailwind|p1b: Blue Flame\n|-sidestart|p1: fumbari 24|move: Tailwind\n|-zpower|p1a: Canned Heat\n|move|p1a: Canned Heat|Inferno Overdrive|p2b: Bigboy|[zeffect]\n|-resisted|p2b: Bigboy\n|-damage|p2b: Bigboy|0 fnt\n|faint|p2b: Bigboy\n|\n|win|fumbari 24\n|raw|fumbari 24's rating: 1474 &rarr; <strong>1495<\/strong><br \/>(+21 for winning)\n|raw|Etrick1's rating: 1491 &rarr; <strong>1470<\/strong><br \/>(-21 for losing)\n|l|\u2606Etrick1\n","uploadtime":1699196952,"views":5,"p1id":"fumbari24","p2id":"etrick1","formatid":"gen9nationaldexdoubles","rating":1470,"private":0,"password":""}