{"id":"gen9nationaldexdoubles-1958952555","p1":"GundamCalibarn","p2":"SquidSpring","format":"[Gen 9] National Dex Doubles","log":"|j|\u2606GundamCalibarn\n|j|\u2606SquidSpring\n|t:|1696371678\n|gametype|doubles\n|player|p1|GundamCalibarn|1|1296\n|player|p2|SquidSpring|iono|1444\n|teamsize|p1|6\n|teamsize|p2|6\n|gen|9\n|tier|[Gen 9] National Dex Doubles\n|rated|\n|rule|HP Percentage Mod: HP is shown in percentages\n|rule|Endless Battle Clause: Forcing endless battles is banned\n|rule|OHKO Clause: OHKO moves are banned\n|rule|Evasion Moves Clause: Evasion moves are banned\n|rule|Evasion Abilities Clause: Evasion abilities are banned\n|rule|Species Clause: Limit one of each Pok\u00e9mon\n|rule|Gravity Sleep Clause: The combination of sleep-inducing moves with imperfect accuracy and Gravity or Gigantamax Orbeetle are banned\n|clearpoke\n|poke|p1|Exploud, M|\n|poke|p1|Toxtricity-Low-Key, F|\n|poke|p1|Noivern, F|\n|poke|p1|Meloetta|\n|poke|p1|Kommo-o, M|\n|poke|p1|Bastiodon, M|\n|poke|p2|Naganadel|\n|poke|p2|Marshadow|\n|poke|p2|Whimsicott, M|\n|poke|p2|Metagross|\n|poke|p2|Kingambit, M|\n|poke|p2|Volcanion|\n|teampreview\n|inactive|Battle timer is ON: inactive players will automatically lose when time's up. (requested by SquidSpring)\n|c|\u2606SquidSpring|glhf\n|inactive|SquidSpring has 120 seconds left.\n|\n|t:|1696371728\n|start\n|switch|p1a: Bastiodon|Bastiodon, M|100\/100\n|switch|p1b: Noivern|Noivern, F|100\/100\n|switch|p2a: GINGERBREAD|Whimsicott, M, shiny|100\/100\n|switch|p2b: STARSCREAM|Naganadel, shiny|100\/100\n|-item|p1a: Bastiodon|Air Balloon\n|turn|1\n|\n|t:|1696371739\n|move|p2a: GINGERBREAD|Tailwind|p2a: GINGERBREAD\n|-sidestart|p2: SquidSpring|move: Tailwind\n|move|p2b: STARSCREAM|Draco Meteor|p1b: Noivern\n|-supereffective|p1b: Noivern\n|-damage|p1b: Noivern|0 fnt\n|-unboost|p2b: STARSCREAM|spa|2\n|faint|p1b: Noivern\n|-ability|p2b: STARSCREAM|Beast Boost|boost\n|-boost|p2b: STARSCREAM|spa|1\n|-damage|p2b: STARSCREAM|91\/100|[from] item: Life Orb\n|move|p1a: Bastiodon|Stealth Rock|p2b: STARSCREAM\n|-sidestart|p2: SquidSpring|move: Stealth Rock\n|\n|upkeep\n|\n|t:|1696371752\n|switch|p1b: Exploud|Exploud, M|100\/100\n|turn|2\n|\n|t:|1696371762\n|move|p2a: GINGERBREAD|Moonblast|p1b: Exploud\n|-damage|p1b: Exploud|75\/100\n|move|p2b: STARSCREAM|Draco Meteor|p1b: Exploud\n|-damage|p1b: Exploud|30\/100\n|-unboost|p2b: STARSCREAM|spa|2\n|-damage|p2b: STARSCREAM|81\/100|[from] item: Life Orb\n|move|p1b: Exploud|Boomburst|p2b: STARSCREAM|[spread] p2a,p2b\n|-immune|p1a: Bastiodon|[from] ability: Soundproof\n|-crit|p2a: GINGERBREAD\n|-damage|p2a: GINGERBREAD|0 fnt\n|-damage|p2b: STARSCREAM|10\/100\n|faint|p2a: GINGERBREAD\n|move|p1a: Bastiodon|Roar|p2b: STARSCREAM\n|drag|p2b: PAPA SMURF|Kingambit, M, shiny|100\/100\n|-damage|p2b: PAPA SMURF|94\/100|[from] Stealth Rock\n|\n|upkeep\n|\n|t:|1696371779\n|switch|p2a: THE SMOKE|Marshadow|100\/100\n|-damage|p2a: THE SMOKE|94\/100|[from] Stealth Rock\n|turn|3\n|\n|t:|1696371801\n|move|p2a: THE SMOKE|Close Combat|p1a: Bastiodon\n|-supereffective|p1a: Bastiodon\n|-damage|p1a: Bastiodon|0 fnt\n|-unboost|p2a: THE SMOKE|def|1\n|-unboost|p2a: THE SMOKE|spd|1\n|-enditem|p1a: Bastiodon|Air Balloon\n|faint|p1a: Bastiodon\n|-damage|p2a: THE SMOKE|84\/100|[from] item: Life Orb\n|move|p2b: PAPA SMURF|Knock Off|p1b: Exploud\n|-damage|p1b: Exploud|0 fnt\n|-enditem|p1b: Exploud|Assault Vest|[from] move: Knock Off|[of] p2b: PAPA SMURF\n|faint|p1b: Exploud\n|\n|upkeep\n|\n|t:|1696371814\n|switch|p1b: Toxtricity|Toxtricity-Low-Key, F|100\/100\n|switch|p1a: Kommo-o|Kommo-o, M|100\/100\n|turn|4\n|\n|t:|1696371825\n|switch|p2a: STARSCREAM|Naganadel, shiny|10\/100\n|-damage|p2a: STARSCREAM|0 fnt|[from] Stealth Rock\n|faint|p2a: STARSCREAM\n|move|p2b: PAPA SMURF|Knock Off|p1b: Toxtricity\n|-damage|p1b: Toxtricity|6\/100\n|-enditem|p1b: Toxtricity|Assault Vest|[from] move: Knock Off|[of] p2b: PAPA SMURF\n|-zpower|p1a: Kommo-o\n|move|p1a: Kommo-o|Clangorous Soulblaze|p2b: PAPA SMURF|[zeffect]\n|-resisted|p2b: PAPA SMURF\n|-damage|p2b: PAPA SMURF|56\/100\n|-boost|p1a: Kommo-o|atk|1\n|-boost|p1a: Kommo-o|def|1\n|-boost|p1a: Kommo-o|spa|1\n|-boost|p1a: Kommo-o|spd|1\n|-boost|p1a: Kommo-o|spe|1\n|move|p1b: Toxtricity|Overdrive|p2b: PAPA SMURF\n|-damage|p2b: PAPA SMURF|0 fnt\n|faint|p2b: PAPA SMURF\n|\n|-sideend|p2: SquidSpring|move: Tailwind\n|upkeep\n|\n|t:|1696371839\n|switch|p2a: THE SMOKE|Marshadow|84\/100\n|switch|p2b: MONEY MONEY MONEY|Metagross, shiny|100\/100\n|-damage|p2a: THE SMOKE|78\/100|[from] Stealth Rock\n|-damage|p2b: MONEY MONEY MONEY|95\/100|[from] Stealth Rock\n|turn|5\n|\n|t:|1696371866\n|detailschange|p2b: MONEY MONEY MONEY|Metagross-Mega, shiny\n|-mega|p2b: MONEY MONEY MONEY|Metagross|Metagrossite\n|-terastallize|p1b: Toxtricity|Ghost\n|move|p2b: MONEY MONEY MONEY|Bullet Punch|p1b: Toxtricity\n|-damage|p1b: Toxtricity|0 fnt\n|faint|p1b: Toxtricity\n|move|p1a: Kommo-o|Flamethrower|p2b: MONEY MONEY MONEY\n|-supereffective|p2b: MONEY MONEY MONEY\n|-damage|p2b: MONEY MONEY MONEY|11\/100\n|move|p2a: THE SMOKE|Spectral Thief||[still]\n|-clearpositiveboost|p1a: Kommo-o|p2a: THE SMOKE|move: Spectral Thief\n|-boost|p2a: THE SMOKE|atk|1\n|-boost|p2a: THE SMOKE|def|1\n|-boost|p2a: THE SMOKE|spa|1\n|-boost|p2a: THE SMOKE|spd|1\n|-boost|p2a: THE SMOKE|spe|1\n|-anim|p2a: THE SMOKE|Spectral Thief|p1a: Kommo-o\n|-damage|p1a: Kommo-o|20\/100\n|-damage|p2a: THE SMOKE|68\/100|[from] item: Life Orb\n|\n|upkeep\n|inactive|GundamCalibarn has 120 seconds left.\n|\n|t:|1696371884\n|switch|p1b: Meloetta|Meloetta|100\/100\n|turn|6\n|\n|t:|1696371895\n|move|p2a: THE SMOKE|Protect|p2a: THE SMOKE\n|-singleturn|p2a: THE SMOKE|Protect\n|move|p2b: MONEY MONEY MONEY|Bullet Punch|p1a: Kommo-o\n|-damage|p1a: Kommo-o|0 fnt\n|faint|p1a: Kommo-o\n|move|p1b: Meloetta|Psychic|p2a: THE SMOKE\n|-activate|p2a: THE SMOKE|move: Protect\n|\n|upkeep\n|turn|7\n|-message|GundamCalibarn forfeited.\n|\n|win|SquidSpring\n|raw|GundamCalibarn's rating: 1296 &rarr; <strong>1281<\/strong><br \/>(-15 for losing)\n|raw|SquidSpring's rating: 1444 &rarr; <strong>1456<\/strong><br \/>(+12 for winning)\n|l|\u2606GundamCalibarn\n|c|\u2606SquidSpring|gg\n","uploadtime":1696371911,"views":15,"p1id":"gundamcalibarn","p2id":"squidspring","formatid":"gen9nationaldexdoubles","rating":1281,"private":0,"password":""}