{"id":"gen9nationaldexdoubles-1985953324","p1":"DazzlingBrilliance","p2":"psng","format":"[Gen 9] National Dex Doubles","log":"|j|\u2606DazzlingBrilliance\n|j|\u2606psng\n|t:|1699428862\n|gametype|doubles\n|player|p1|DazzlingBrilliance|striker|1104\n|player|p2|psng|wallace|1153\n|teamsize|p1|6\n|teamsize|p2|6\n|gen|9\n|tier|[Gen 9] National Dex Doubles\n|rated|\n|rule|HP Percentage Mod: HP is shown in percentages\n|rule|Endless Battle Clause: Forcing endless battles is banned\n|rule|OHKO Clause: OHKO moves are banned\n|rule|Evasion Moves Clause: Evasion moves are banned\n|rule|Evasion Abilities Clause: Evasion abilities are banned\n|rule|Species Clause: Limit one of each Pok\u00e9mon\n|rule|Gravity Sleep Clause: The combination of sleep-inducing moves with imperfect accuracy and Gravity or Gigantamax Orbeetle are banned\n|clearpoke\n|poke|p1|Qwilfish, M|\n|poke|p1|Chandelure, M|\n|poke|p1|Altaria, M|\n|poke|p1|Jirachi|\n|poke|p1|Hitmontop, M|\n|poke|p1|Celebi|\n|poke|p2|Chien-Pao|\n|poke|p2|Zapdos|\n|poke|p2|Pelipper, M|\n|poke|p2|Swampert, M|\n|poke|p2|Klefki, F|\n|poke|p2|Sinistcha|\n|teampreview\n|inactive|Battle timer is ON: inactive players will automatically lose when time's up. (requested by psng)\n|\n|t:|1699428879\n|start\n|switch|p1a: Jirachi|Jirachi, shiny|100\/100\n|switch|p1b: Qweefish|Qwilfish, M, shiny|100\/100\n|switch|p2a: Chien-Pao|Chien-Pao|100\/100\n|switch|p2b: Swampert|Swampert, M, shiny|100\/100\n|-ability|p2a: Chien-Pao|Sword of Ruin\n|-ability|p1b: Qweefish|Intimidate|boost\n|-unboost|p2a: Chien-Pao|atk|1\n|-unboost|p2b: Swampert|atk|1\n|turn|1\n|\n|t:|1699428900\n|detailschange|p2b: Swampert|Swampert-Mega, M, shiny\n|-mega|p2b: Swampert|Swampert|Swampertite\n|-terastallize|p2a: Chien-Pao|Fighting\n|move|p2a: Chien-Pao|Sacred Sword|p1a: Jirachi\n|-damage|p1a: Jirachi|54\/100\n|-damage|p2a: Chien-Pao|91\/100|[from] item: Life Orb\n|move|p1a: Jirachi|Icy Wind|p2a: Chien-Pao|[spread] p2a,p2b\n|-damage|p2a: Chien-Pao|73\/100\n|-damage|p2b: Swampert|91\/100\n|-unboost|p2a: Chien-Pao|spe|1\n|-unboost|p2b: Swampert|spe|1\n|move|p1b: Qweefish|Thunder Wave|p2a: Chien-Pao\n|-status|p2a: Chien-Pao|par\n|move|p2b: Swampert|Earthquake|p1b: Qweefish|[spread] p2a,p1a,p1b\n|-supereffective|p1a: Jirachi\n|-supereffective|p1b: Qweefish\n|-damage|p2a: Chien-Pao|29\/100 par\n|-damage|p1a: Jirachi|0 fnt\n|-damage|p1b: Qweefish|0 fnt\n|faint|p1a: Jirachi\n|faint|p1b: Qweefish\n|\n|upkeep\n|inactive|DazzlingBrilliance has 120 seconds left.\n|\n|t:|1699428934\n|switch|p1a: Celebi|Celebi, shiny|100\/100\n|switch|p1b: Altaria|Altaria, M, shiny|100\/100\n|-ability|p1b: Altaria|Cloud Nine\n|turn|2\n|inactive|DazzlingBrilliance has 120 seconds left.\n|inactive|psng has 120 seconds left.\n|\n|t:|1699428973\n|switch|p2a: Klefki|Klefki, F, shiny|100\/100\n|move|p2b: Swampert|Protect|p2b: Swampert\n|-singleturn|p2b: Swampert|Protect\n|move|p1a: Celebi|Charge Beam|p2a: Klefki\n|-damage|p2a: Klefki|80\/100\n|-boost|p1a: Celebi|spa|1\n|move|p1b: Altaria|Trailblaze|p2b: Swampert\n|-activate|p2b: Swampert|move: Protect\n|\n|upkeep\n|turn|3\n|inactive|psng has 120 seconds left.\n|inactive|DazzlingBrilliance has 90 seconds left.\n|\n|t:|1699429014\n|switch|p2b: Chien-Pao|Chien-Pao, tera:Fighting|29\/100 par\n|-ability|p2b: Chien-Pao|Sword of Ruin\n|move|p2a: Klefki|Reflect|p2a: Klefki\n|-sidestart|p2: psng|Reflect\n|move|p1a: Celebi|Leech Seed|p2b: Chien-Pao\n|-start|p2b: Chien-Pao|move: Leech Seed\n|move|p1b: Altaria|Hone Claws|p1b: Altaria\n|-boost|p1b: Altaria|atk|1\n|-boost|p1b: Altaria|accuracy|1\n|\n|-damage|p2b: Chien-Pao|17\/100 par|[from] Leech Seed|[of] p1a: Celebi\n|upkeep\n|turn|4\n|inactive|DazzlingBrilliance has 90 seconds left.\n|inactive|DazzlingBrilliance has 60 seconds left.\n|\n|t:|1699429073\n|move|p1a: Celebi|Charge Beam|p2a: Klefki|[miss]\n|-miss|p1a: Celebi|p2a: Klefki\n|move|p1b: Altaria|Trailblaze|p2b: Chien-Pao\n|-crit|p2b: Chien-Pao\n|-damage|p2b: Chien-Pao|0 fnt\n|-boost|p1b: Altaria|spe|1\n|faint|p2b: Chien-Pao\n|-zpower|p2a: Klefki\n|move|p2a: Klefki|Twinkle Tackle|p1b: Altaria|[zeffect]\n|-supereffective|p1b: Altaria\n|-damage|p1b: Altaria|0 fnt\n|faint|p1b: Altaria\n|\n|upkeep\n|inactive|DazzlingBrilliance has 60 seconds left.\n|\n|t:|1699429092\n|switch|p2b: Pelipper|Pelipper, M, shiny|100\/100\n|switch|p1b: Chandelure|Chandelure, M, shiny|100\/100\n|-weather|RainDance|[from] ability: Drizzle|[of] p2b: Pelipper\n|turn|5\n|inactive|DazzlingBrilliance has 60 seconds left.\n|\n|t:|1699429124\n|move|p2a: Klefki|Light Screen|p2a: Klefki\n|-sidestart|p2: psng|move: Light Screen\n|move|p1a: Celebi|Charge Beam|p2b: Pelipper\n|-supereffective|p2b: Pelipper\n|-damage|p2b: Pelipper|10\/100\n|-boost|p1a: Celebi|spa|1\n|move|p1b: Chandelure|Psych Up|p1a: Celebi\n|-copyboost|p1b: Chandelure|p1a: Celebi|[from] move: Psych Up\n|move|p2b: Pelipper|Hurricane|p1a: Celebi\n|-supereffective|p1a: Celebi\n|-damage|p1a: Celebi|0 fnt\n|faint|p1a: Celebi\n|\n|-weather|RainDance|[upkeep]\n|upkeep\n|\n|t:|1699429138\n|switch|p1a: Hitmontop|Hitmontop, M, shiny|100\/100\n|turn|6\n|\n|t:|1699429152\n|move|p2a: Klefki|Dazzling Gleam|p1a: Hitmontop|[spread] p1a,p1b\n|-supereffective|p1a: Hitmontop\n|-resisted|p1b: Chandelure\n|-damage|p1a: Hitmontop|43\/100\n|-damage|p1b: Chandelure|88\/100\n|move|p1b: Chandelure|Heat Wave|p2b: Pelipper|[spread] p2a,p2b\n|-supereffective|p2a: Klefki\n|-resisted|p2b: Pelipper\n|-damage|p2a: Klefki|0 fnt\n|-damage|p2b: Pelipper|0 fnt\n|faint|p2a: Klefki\n|faint|p2b: Pelipper\n|move|p1a: Hitmontop|Rapid Spin|p2: Klefki|[notarget]\n|-fail|p1a: Hitmontop\n|\n|-weather|RainDance|[upkeep]\n|-heal|p1b: Chandelure|94\/100|[from] item: Leftovers\n|upkeep\n|\n|t:|1699429175\n|switch|p2a: Swampert|Swampert-Mega, M, shiny|91\/100\n|switch|p2b: Zapdos|Zapdos, shiny|100\/100\n|turn|7\n|inactive|DazzlingBrilliance has 90 seconds left.\n|inactive|DazzlingBrilliance has 60 seconds left.\n|inactive|DazzlingBrilliance has 30 seconds left.\n|\n|t:|1699429247\n|-terastallize|p1b: Chandelure|Flying\n|move|p2a: Swampert|Earthquake|p1a: Hitmontop|[spread] p1a\n|-immune|p2b: Zapdos\n|-immune|p1b: Chandelure\n|-damage|p1a: Hitmontop|0 fnt\n|faint|p1a: Hitmontop\n|move|p2b: Zapdos|Hurricane|p1b: Chandelure\n|-damage|p1b: Chandelure|43\/100\n|-start|p1b: Chandelure|confusion\n|-activate|p1b: Chandelure|confusion\n|-damage|p1b: Chandelure|39\/100|[from] confusion\n|\n|-weather|RainDance|[upkeep]\n|-heal|p1b: Chandelure|45\/100|[from] item: Leftovers\n|-sideend|p2: psng|Reflect\n|upkeep\n|turn|8\n|inactive|DazzlingBrilliance has 30 seconds left.\n|inactive|DazzlingBrilliance has 20 seconds left.\n|inactive|DazzlingBrilliance has 15 seconds left.\n|inactive|DazzlingBrilliance has 10 seconds left.\n|inactive|DazzlingBrilliance has 5 seconds left.\n|\n|t:|1699429294\n|move|p2a: Swampert|Ice Punch|p1b: Chandelure\n|-supereffective|p1b: Chandelure\n|-damage|p1b: Chandelure|0 fnt\n|faint|p1b: Chandelure\n|\n|win|psng\n|inactive|DazzlingBrilliance has 10 seconds left this turn.\n|raw|DazzlingBrilliance's rating: 1104 &rarr; <strong>1083<\/strong><br \/>(-21 for losing)\n|raw|psng's rating: 1153 &rarr; <strong>1174<\/strong><br \/>(+21 for winning)\n|l|\u2606DazzlingBrilliance\n","uploadtime":1699429309,"views":7,"p1id":"dazzlingbrilliance","p2id":"psng","formatid":"gen9nationaldexdoubles","rating":1083,"private":0,"password":""}