{"id":"gen9nationaldexdoubles-1963292211","p1":"froslass reign","p2":"AdvancedDigit","format":"[Gen 9] National Dex Doubles","log":"|j|\u2606froslass reign\n|j|\u2606AdvancedDigit\n|t:|1696854356\n|gametype|doubles\n|player|p1|froslass reign|acetrainersnow|1431\n|player|p2|AdvancedDigit|hilbert|1287\n|teamsize|p1|6\n|teamsize|p2|6\n|gen|9\n|tier|[Gen 9] National Dex Doubles\n|rated|\n|rule|HP Percentage Mod: HP is shown in percentages\n|rule|Endless Battle Clause: Forcing endless battles is banned\n|rule|OHKO Clause: OHKO moves are banned\n|rule|Evasion Moves Clause: Evasion moves are banned\n|rule|Evasion Abilities Clause: Evasion abilities are banned\n|rule|Species Clause: Limit one of each Pok\u00e9mon\n|rule|Gravity Sleep Clause: The combination of sleep-inducing moves with imperfect accuracy and Gravity or Gigantamax Orbeetle are banned\n|clearpoke\n|poke|p1|Froslass, F|\n|poke|p1|Thundurus, M|\n|poke|p1|Iron Hands|\n|poke|p1|Chi-Yu|\n|poke|p1|Scizor, M|\n|poke|p1|Flutter Mane|\n|poke|p2|Chandelure, F|\n|poke|p2|Chi-Yu|\n|poke|p2|Murkrow, F|\n|poke|p2|Volbeat, M|\n|poke|p2|Maushold-Four|\n|poke|p2|Togekiss, M|\n|teampreview\n|inactive|Battle timer is ON: inactive players will automatically lose when time's up. (requested by froslass reign)\n|\n|t:|1696854377\n|start\n|switch|p1a: Love Crash Landing|Froslass, F|100\/100\n|switch|p1b: Judge vs Judge|Thundurus, M|100\/100\n|switch|p2a: Chandelure|Chandelure, F, shiny|100\/100\n|switch|p2b: Murkrow|Murkrow, F|100\/100\n|turn|1\n|\n|t:|1696854397\n|-terastallize|p1a: Love Crash Landing|Fighting\n|move|p2b: Murkrow|Taunt|p1b: Judge vs Judge\n|-start|p1b: Judge vs Judge|move: Taunt\n|move|p1a: Love Crash Landing|Trick|p2b: Murkrow\n|-activate|p1a: Love Crash Landing|move: Trick|[of] p2b: Murkrow\n|-item|p2b: Murkrow|Choice Scarf|[from] move: Trick\n|-item|p1a: Love Crash Landing|Eviolite|[from] move: Trick\n|move|p2a: Chandelure|Heat Wave|p1a: Love Crash Landing|[spread] p1a\n|-miss|p2a: Chandelure|p1b: Judge vs Judge\n|-damage|p1a: Love Crash Landing|44\/100\n|move|p1b: Judge vs Judge|Thunderbolt|p2b: Murkrow\n|-supereffective|p2b: Murkrow\n|-damage|p2b: Murkrow|3\/100\n|\n|upkeep\n|turn|2\n|\n|t:|1696854411\n|move|p1a: Love Crash Landing|Protect|p1a: Love Crash Landing\n|-singleturn|p1a: Love Crash Landing|Protect\n|move|p2b: Murkrow|Tailwind|p2b: Murkrow\n|-sidestart|p2: AdvancedDigit|move: Tailwind\n|move|p2a: Chandelure|Heat Wave|p1a: Love Crash Landing|[spread] \n|-activate|p1a: Love Crash Landing|move: Protect\n|-miss|p2a: Chandelure|p1b: Judge vs Judge\n|move|p1b: Judge vs Judge|Thunderbolt|p2b: Murkrow\n|-supereffective|p2b: Murkrow\n|-damage|p2b: Murkrow|0 fnt\n|faint|p2b: Murkrow\n|\n|upkeep\n|c|\u2606AdvancedDigit|god dman\n|inactive|AdvancedDigit has 120 seconds left.\n|\n|t:|1696854440\n|switch|p2b: Maushold|Maushold-Four|100\/100\n|turn|3\n|\n|t:|1696854457\n|-terastallize|p2a: Chandelure|Fire\n|move|p2b: Maushold|Follow Me|p2b: Maushold\n|-singleturn|p2b: Maushold|move: Follow Me\n|move|p2a: Chandelure|Heat Wave|p1a: Love Crash Landing|[spread] p1a,p1b\n|-damage|p1a: Love Crash Landing|0 fnt\n|-damage|p1b: Judge vs Judge|46\/100\n|faint|p1a: Love Crash Landing\n|move|p1b: Judge vs Judge|Thunderbolt|p2b: Maushold\n|-damage|p2b: Maushold|54\/100\n|\n|-heal|p2b: Maushold|60\/100|[from] item: Leftovers\n|-end|p1b: Judge vs Judge|move: Taunt\n|upkeep\n|\n|t:|1696854467\n|switch|p1a: Fight For My Way|Iron Hands|100\/100\n|turn|4\n|\n|t:|1696854476\n|move|p1b: Judge vs Judge|Protect|p1b: Judge vs Judge\n|-singleturn|p1b: Judge vs Judge|Protect\n|move|p1a: Fight For My Way|Fake Out|p2b: Maushold\n|-damage|p2b: Maushold|42\/100\n|cant|p2b: Maushold|flinch\n|move|p2a: Chandelure|Heat Wave|p1b: Judge vs Judge|[spread] p1a\n|-activate|p1b: Judge vs Judge|move: Protect\n|-damage|p1a: Fight For My Way|57\/100\n|\n|-heal|p2b: Maushold|48\/100|[from] item: Leftovers\n|-heal|p1a: Fight For My Way|63\/100|[from] item: Leftovers\n|upkeep\n|turn|5\n|\n|t:|1696854491\n|switch|p1b: I Hear Your Voice|Chi-Yu|100\/100\n|-ability|p1b: I Hear Your Voice|Beads of Ruin\n|move|p2b: Maushold|Encore|p1a: Fight For My Way\n|-start|p1a: Fight For My Way|Encore\n|move|p2a: Chandelure|Heat Wave|p1a: Fight For My Way|[spread] p1a,p1b\n|-resisted|p1b: I Hear Your Voice\n|-damage|p1a: Fight For My Way|8\/100\n|-damage|p1b: I Hear Your Voice|76\/100\n|move|p1a: Fight For My Way|Fake Out||[still]\n|-hint|Fake Out only works on your first turn out.\n|-fail|p1a: Fight For My Way\n|\n|-heal|p2b: Maushold|54\/100|[from] item: Leftovers\n|-heal|p1b: I Hear Your Voice|83\/100|[from] item: Leftovers\n|-heal|p1a: Fight For My Way|14\/100|[from] item: Leftovers\n|-sideend|p2: AdvancedDigit|move: Tailwind\n|upkeep\n|turn|6\n|inactive|froslass reign has 120 seconds left.\n|\n|t:|1696854525\n|-end|p1a: Fight For My Way|Quark Drive|[silent]\n|switch|p1a: Judge vs Judge|Thundurus, M|46\/100\n|move|p2b: Maushold|Thunder Wave|p1b: I Hear Your Voice\n|-status|p1b: I Hear Your Voice|par\n|move|p2a: Chandelure|Heat Wave|p1b: I Hear Your Voice|[spread] p1a\n|-miss|p2a: Chandelure|p1b: I Hear Your Voice\n|-damage|p1a: Judge vs Judge|0 fnt\n|faint|p1a: Judge vs Judge\n|cant|p1b: I Hear Your Voice|par\n|\n|-heal|p2b: Maushold|60\/100|[from] item: Leftovers\n|-heal|p1b: I Hear Your Voice|89\/100 par|[from] item: Leftovers\n|upkeep\n|inactive|froslass reign has 120 seconds left.\n|\n|t:|1696854536\n|switch|p1a: Hotel Del Luna|Flutter Mane|100\/100\n|-enditem|p1a: Hotel Del Luna|Booster Energy\n|-activate|p1a: Hotel Del Luna|ability: Protosynthesis|[fromitem]\n|-start|p1a: Hotel Del Luna|protosynthesisspe\n|turn|7\n|\n|t:|1696854553\n|move|p2b: Maushold|Follow Me|p2b: Maushold\n|-singleturn|p2b: Maushold|move: Follow Me\n|move|p1a: Hotel Del Luna|Moonblast|p2b: Maushold\n|-damage|p2b: Maushold|0 fnt\n|faint|p2b: Maushold\n|move|p2a: Chandelure|Shadow Ball|p1a: Hotel Del Luna\n|-supereffective|p1a: Hotel Del Luna\n|-damage|p1a: Hotel Del Luna|0 fnt\n|faint|p1a: Hotel Del Luna\n|-end|p1a: Hotel Del Luna|Protosynthesis|[silent]\n|move|p1b: I Hear Your Voice|Dark Pulse|p2a: Chandelure\n|-damage|p2a: Chandelure|27\/100\n|\n|-heal|p1b: I Hear Your Voice|95\/100 par|[from] item: Leftovers\n|upkeep\n|\n|t:|1696854566\n|switch|p1a: Fight For My Way|Iron Hands|14\/100\n|switch|p2b: Togekiss|Togekiss, M|100\/100\n|turn|8\n|\n|t:|1696854573\n|move|p1a: Fight For My Way|Fake Out|p2a: Chandelure\n|-damage|p2a: Chandelure|6\/100\n|move|p2b: Togekiss|Follow Me|p2b: Togekiss\n|-singleturn|p2b: Togekiss|move: Follow Me\n|cant|p2a: Chandelure|flinch\n|move|p1b: I Hear Your Voice|Dark Pulse|p2b: Togekiss\n|-resisted|p2b: Togekiss\n|-damage|p2b: Togekiss|85\/100\n|\n|-heal|p2b: Togekiss|91\/100|[from] item: Leftovers\n|-heal|p1a: Fight For My Way|20\/100|[from] item: Leftovers\n|-heal|p1b: I Hear Your Voice|100\/100 par|[from] item: Leftovers\n|upkeep\n|turn|9\n|\n|t:|1696854585\n|move|p1a: Fight For My Way|Protect|p1a: Fight For My Way\n|-singleturn|p1a: Fight For My Way|Protect\n|move|p2b: Togekiss|Follow Me|p2b: Togekiss\n|-singleturn|p2b: Togekiss|move: Follow Me\n|move|p2a: Chandelure|Heat Wave|p1a: Fight For My Way|[spread] \n|-activate|p1a: Fight For My Way|move: Protect\n|-miss|p2a: Chandelure|p1b: I Hear Your Voice\n|cant|p1b: I Hear Your Voice|par\n|\n|-heal|p2b: Togekiss|97\/100|[from] item: Leftovers\n|-heal|p1a: Fight For My Way|27\/100|[from] item: Leftovers\n|upkeep\n|turn|10\n|c|\u2606AdvancedDigit|how u get paralyzed\n|\n|t:|1696854607\n|move|p1a: Fight For My Way|Protect||[still]\n|-fail|p1a: Fight For My Way\n|move|p2b: Togekiss|Follow Me|p2b: Togekiss\n|-singleturn|p2b: Togekiss|move: Follow Me\n|move|p2a: Chandelure|Heat Wave|p1a: Fight For My Way|[spread] p1a,p1b\n|-resisted|p1b: I Hear Your Voice\n|-damage|p1a: Fight For My Way|0 fnt\n|-damage|p1b: I Hear Your Voice|74\/100 par\n|faint|p1a: Fight For My Way\n|-end|p1a: Fight For My Way|Quark Drive|[silent]\n|cant|p1b: I Hear Your Voice|par\n|\n|-heal|p2b: Togekiss|100\/100|[from] item: Leftovers\n|-heal|p1b: I Hear Your Voice|80\/100 par|[from] item: Leftovers\n|upkeep\n|\n|t:|1696854617\n|switch|p1a: Moon Lovers|Scizor, M|100\/100\n|turn|11\n|\n|t:|1696854622\n|detailschange|p1a: Moon Lovers|Scizor-Mega, M\n|-mega|p1a: Moon Lovers|Scizor|Scizorite\n|move|p2b: Togekiss|Follow Me|p2b: Togekiss\n|-singleturn|p2b: Togekiss|move: Follow Me\n|move|p1a: Moon Lovers|Bullet Punch|p2b: Togekiss\n|-supereffective|p2b: Togekiss\n|-damage|p2b: Togekiss|33\/100\n|move|p2a: Chandelure|Heat Wave|p1a: Moon Lovers|[spread] p1a,p1b\n|-supereffective|p1a: Moon Lovers\n|-resisted|p1b: I Hear Your Voice\n|-damage|p1a: Moon Lovers|0 fnt\n|-damage|p1b: I Hear Your Voice|56\/100 par\n|faint|p1a: Moon Lovers\n|cant|p1b: I Hear Your Voice|par\n|\n|-heal|p2b: Togekiss|39\/100|[from] item: Leftovers\n|-heal|p1b: I Hear Your Voice|62\/100 par|[from] item: Leftovers\n|upkeep\n|turn|12\n|-message|froslass reign forfeited.\n|\n|win|AdvancedDigit\n|raw|froslass reign's rating: 1431 &rarr; <strong>1403<\/strong><br \/>(-28 for losing)\n|raw|AdvancedDigit's rating: 1287 &rarr; <strong>1322<\/strong><br \/>(+35 for winning)\n|l|\u2606froslass reign\n","uploadtime":1696854634,"views":12,"p1id":"froslassreign","p2id":"advanceddigit","formatid":"gen9nationaldexdoubles","rating":1322,"private":0,"password":""}