{"id":"gen9nationaldexdoubles-1987215903","p1":"Vican259","p2":"xephos223","format":"[Gen 9] National Dex Doubles","log":"|j|\u2606Vican259\n|j|\u2606xephos223\n|t:|1699566103\n|gametype|doubles\n|player|p1|Vican259|bellelba|\n|player|p2|xephos223|gambler|\n|teamsize|p1|6\n|teamsize|p2|6\n|gen|9\n|tier|[Gen 9] National Dex Doubles\n|rule|HP Percentage Mod: HP is shown in percentages\n|rule|Endless Battle Clause: Forcing endless battles is banned\n|rule|OHKO Clause: OHKO moves are banned\n|rule|Evasion Moves Clause: Evasion moves are banned\n|rule|Evasion Abilities Clause: Evasion abilities are banned\n|rule|Species Clause: Limit one of each Pok\u00e9mon\n|rule|Gravity Sleep Clause: The combination of sleep-inducing moves with imperfect accuracy and Gravity or Gigantamax Orbeetle are banned\n|clearpoke\n|poke|p1|Ting-Lu|\n|poke|p1|Crawdaunt, F|\n|poke|p1|Honchkrow, F|\n|poke|p1|Wo-Chien|\n|poke|p1|Houndoom, F|\n|poke|p1|Hydreigon, M|\n|poke|p2|Gallade, M|\n|poke|p2|Ceruledge, M|\n|poke|p2|Iron Moth|\n|poke|p2|Raichu-Alola, M|\n|poke|p2|Decidueye, F|\n|poke|p2|Toxapex, M|\n|teampreview\n|\n|t:|1699566126\n|start\n|switch|p1a: No sp atac|Ting-Lu|100\/100\n|switch|p1b: Crawdaunt|Crawdaunt, F|100\/100\n|switch|p2a: Toxapex|Toxapex, M|100\/100\n|switch|p2b: Gallade|Gallade, M|100\/100\n|-ability|p1a: No sp atac|Vessel of Ruin\n|turn|1\n|\n|t:|1699566171\n|move|p1a: No sp atac|Protect|p1a: No sp atac\n|-singleturn|p1a: No sp atac|Protect\n|move|p2b: Gallade|Sacred Sword|p1a: No sp atac\n|-activate|p1a: No sp atac|move: Protect\n|move|p1b: Crawdaunt|Crabhammer|p2b: Gallade\n|-damage|p2b: Gallade|0 fnt\n|faint|p2b: Gallade\n|move|p2a: Toxapex|Toxic Spikes|p1a: No sp atac\n|-sidestart|p1: Vican259|move: Toxic Spikes\n|\n|upkeep\n|\n|t:|1699566181\n|switch|p2b: Raichu|Raichu-Alola, M|100\/100\n|turn|2\n|\n|t:|1699566202\n|move|p2b: Raichu|Rising Voltage|p1b: Crawdaunt\n|-supereffective|p1b: Crawdaunt\n|-damage|p1b: Crawdaunt|0 fnt\n|faint|p1b: Crawdaunt\n|move|p1a: No sp atac|Throat Chop|p2b: Raichu\n|-supereffective|p2b: Raichu\n|-damage|p2b: Raichu|0 fnt\n|faint|p2b: Raichu\n|move|p2a: Toxapex|Toxic Spikes|p1a: No sp atac\n|-sidestart|p1: Vican259|move: Toxic Spikes\n|\n|upkeep\n|\n|t:|1699566214\n|switch|p2b: Decidueye|Decidueye, F|100\/100\n|switch|p1b: Honchkrow|Honchkrow, F|100\/100\n|turn|3\n|\n|t:|1699566228\n|move|p2b: Decidueye|Leaf Blade|p1a: No sp atac\n|-supereffective|p1a: No sp atac\n|-crit|p1a: No sp atac\n|-damage|p1a: No sp atac|29\/100\n|move|p1b: Honchkrow|Defog|p2a: Toxapex\n|-unboost|p2a: Toxapex|evasion|1\n|-sideend|p1: Vican259|Toxic Spikes|[from] move: Defog|[of] p1b: Honchkrow\n|move|p1a: No sp atac|Earthquake|p2b: Decidueye|[spread] p2a,p2b\n|-immune|p1b: Honchkrow\n|-supereffective|p2a: Toxapex\n|-resisted|p2b: Decidueye\n|-crit|p2b: Decidueye\n|-damage|p2a: Toxapex|59\/100\n|-damage|p2b: Decidueye|63\/100\n|move|p2a: Toxapex|Scald|p1b: Honchkrow\n|-damage|p1b: Honchkrow|79\/100\n|-status|p1b: Honchkrow|brn\n|\n|-heal|p1a: No sp atac|35\/100|[from] item: Leftovers\n|-heal|p2a: Toxapex|65\/100|[from] item: Black Sludge\n|-damage|p1b: Honchkrow|73\/100 brn|[from] brn\n|upkeep\n|turn|4\n|\n|t:|1699566277\n|move|p1a: No sp atac|Protect|p1a: No sp atac\n|-singleturn|p1a: No sp atac|Protect\n|move|p2b: Decidueye|Leaf Blade|p1a: No sp atac\n|-activate|p1a: No sp atac|move: Protect\n|move|p1b: Honchkrow|U-turn|p2b: Decidueye\n|-crit|p2b: Decidueye\n|-damage|p2b: Decidueye|37\/100\n|\n|t:|1699566292\n|switch|p1b: Hydreigon|Hydreigon, M|100\/100|[from] U-turn\n|move|p2a: Toxapex|Scald|p1a: No sp atac\n|-activate|p1a: No sp atac|move: Protect\n|\n|-heal|p1a: No sp atac|41\/100|[from] item: Leftovers\n|-heal|p2a: Toxapex|72\/100|[from] item: Black Sludge\n|upkeep\n|turn|5\n|\n|t:|1699566336\n|switch|p1a: No atac|Wo-Chien|100\/100\n|-ability|p1a: No atac|Tablets of Ruin\n|move|p2b: Decidueye|Leaf Blade|p1a: No atac\n|-resisted|p1a: No atac\n|-damage|p1a: No atac|88\/100\n|move|p1b: Hydreigon|Dark Pulse|p2b: Decidueye\n|-supereffective|p2b: Decidueye\n|-damage|p2b: Decidueye|0 fnt\n|faint|p2b: Decidueye\n|move|p2a: Toxapex|Toxic Spikes|p1b: Hydreigon\n|-sidestart|p1: Vican259|move: Toxic Spikes\n|\n|-heal|p1a: No atac|95\/100|[from] item: Leftovers\n|-heal|p2a: Toxapex|78\/100|[from] item: Black Sludge\n|upkeep\n|\n|t:|1699566353\n|switch|p2b: Ceruledge|Ceruledge, M, shiny|100\/100\n|turn|6\n|\n|t:|1699566367\n|move|p1a: No atac|Protect|p1a: No atac\n|-singleturn|p1a: No atac|Protect\n|move|p1b: Hydreigon|Dark Pulse|p2b: Ceruledge\n|-supereffective|p2b: Ceruledge\n|-enditem|p2b: Ceruledge|Focus Sash\n|-damage|p2b: Ceruledge|1\/100\n|cant|p2b: Ceruledge|flinch\n|move|p2a: Toxapex|Toxic Spikes|p1a: No atac\n|-sidestart|p1: Vican259|move: Toxic Spikes\n|\n|-heal|p1a: No atac|100\/100|[from] item: Leftovers\n|-heal|p2a: Toxapex|84\/100|[from] item: Black Sludge\n|upkeep\n|turn|7\n|\n|t:|1699566406\n|-terastallize|p1a: No atac|Water\n|move|p1b: Hydreigon|Dark Pulse|p2b: Ceruledge\n|-supereffective|p2b: Ceruledge\n|-damage|p2b: Ceruledge|0 fnt\n|faint|p2b: Ceruledge\n|move|p1a: No atac|Ruination|p2a: Toxapex\n|-damage|p2a: Toxapex|42\/100\n|move|p2a: Toxapex|Scald|p1b: Hydreigon\n|-resisted|p1b: Hydreigon\n|-damage|p1b: Hydreigon|90\/100\n|\n|-heal|p2a: Toxapex|49\/100|[from] item: Black Sludge\n|upkeep\n|\n|t:|1699566417\n|switch|p2b: Iron Moth|Iron Moth|100\/100\n|-enditem|p2b: Iron Moth|Booster Energy\n|-activate|p2b: Iron Moth|ability: Quark Drive|[fromitem]\n|-start|p2b: Iron Moth|quarkdrivespa\n|turn|8\n|\n|t:|1699566472\n|move|p2b: Iron Moth|Fiery Dance|p1b: Hydreigon\n|-resisted|p1b: Hydreigon\n|-damage|p1b: Hydreigon|59\/100\n|move|p1b: Hydreigon|Dark Pulse|p2b: Iron Moth\n|-damage|p2b: Iron Moth|35\/100\n|move|p1a: No atac|Leech Seed|p2a: Toxapex\n|-start|p2a: Toxapex|move: Leech Seed\n|move|p2a: Toxapex|Recover|p2a: Toxapex\n|-heal|p2a: Toxapex|99\/100\n|\n|-heal|p2a: Toxapex|100\/100|[from] item: Black Sludge\n|-damage|p2a: Toxapex|88\/100|[from] Leech Seed|[of] p1a: No atac\n|upkeep\n|turn|9\n|\n|t:|1699566490\n|move|p2b: Iron Moth|Fiery Dance|p1b: Hydreigon\n|-resisted|p1b: Hydreigon\n|-damage|p1b: Hydreigon|29\/100\n|-boost|p2b: Iron Moth|spa|1\n|move|p1b: Hydreigon|Dark Pulse|p2b: Iron Moth\n|-damage|p2b: Iron Moth|0 fnt\n|faint|p2b: Iron Moth\n|-end|p2b: Iron Moth|Quark Drive|[silent]\n|move|p1a: No atac|Ruination|p2a: Toxapex\n|-damage|p2a: Toxapex|44\/100\n|move|p2a: Toxapex|Scald|p1b: Hydreigon\n|-resisted|p1b: Hydreigon\n|-damage|p1b: Hydreigon|18\/100\n|\n|-heal|p2a: Toxapex|50\/100|[from] item: Black Sludge\n|-damage|p2a: Toxapex|38\/100|[from] Leech Seed|[of] p1a: No atac\n|upkeep\n|turn|10\n|\n|t:|1699566514\n|move|p1b: Hydreigon|Dark Pulse|p2a: Toxapex\n|-damage|p2a: Toxapex|0 fnt\n|faint|p2a: Toxapex\n|\n|win|Vican259\n","uploadtime":1699566520,"views":10,"p1id":"vican259","p2id":"xephos223","formatid":"gen9nationaldexdoubles","rating":0,"private":0,"password":""}