{"id":"gen9nationaldexdoubles-1969211088","p1":"spacists","p2":"Elite Four Spiffy","format":"[Gen 9] National Dex Doubles","log":"|j|\u2606spacists\n|j|\u2606Elite Four Spiffy\n|t:|1697500811\n|gametype|doubles\n|player|p1|spacists|169|1170\n|player|p2|Elite Four Spiffy|lance|1145\n|teamsize|p1|6\n|teamsize|p2|6\n|gen|9\n|tier|[Gen 9] National Dex Doubles\n|rated|\n|rule|HP Percentage Mod: HP is shown in percentages\n|rule|Endless Battle Clause: Forcing endless battles is banned\n|rule|OHKO Clause: OHKO moves are banned\n|rule|Evasion Moves Clause: Evasion moves are banned\n|rule|Evasion Abilities Clause: Evasion abilities are banned\n|rule|Species Clause: Limit one of each Pok\u00e9mon\n|rule|Gravity Sleep Clause: The combination of sleep-inducing moves with imperfect accuracy and Gravity or Gigantamax Orbeetle are banned\n|clearpoke\n|poke|p1|Registeel|\n|poke|p1|Scizor, M|\n|poke|p1|Dracozolt|\n|poke|p1|Skarmory, F|\n|poke|p1|Lanturn, F|\n|poke|p1|Liepard, F|\n|poke|p2|Galvantula, M|\n|poke|p2|Iron Thorns|\n|poke|p2|Arctozolt|\n|poke|p2|Manectric, M|\n|poke|p2|Raichu-Alola, M|\n|poke|p2|Morpeko, M|\n|teampreview\n|inactive|Battle timer is ON: inactive players will automatically lose when time's up. (requested by Elite Four Spiffy)\n|\n|t:|1697500814\n|start\n|switch|p1a: Lanturn|Lanturn, F|100\/100\n|switch|p1b: Liepard|Liepard, F|100\/100\n|switch|p2a: Spider-Bug|Galvantula, M|100\/100\n|switch|p2b: Iron Titan|Iron Thorns|100\/100\n|turn|1\n|\n|t:|1697500827\n|move|p1b: Liepard|Fake Out|p2b: Iron Titan\n|-resisted|p2b: Iron Titan\n|-damage|p2b: Iron Titan|96\/100\n|move|p2a: Spider-Bug|Sticky Web|p1b: Liepard\n|-sidestart|p1: spacists|move: Sticky Web\n|cant|p2b: Iron Titan|flinch\n|move|p1a: Lanturn|Rain Dance|p1a: Lanturn\n|-weather|RainDance\n|\n|-weather|RainDance|[upkeep]\n|upkeep\n|turn|2\n|\n|t:|1697500849\n|move|p2a: Spider-Bug|Bug Buzz|p1b: Liepard\n|-supereffective|p1b: Liepard\n|-damage|p1b: Liepard|0 fnt\n|faint|p1b: Liepard\n|move|p2b: Iron Titan|Electric Terrain|p2b: Iron Titan\n|-fieldstart|move: Electric Terrain\n|-activate|p2b: Iron Titan|ability: Quark Drive\n|-start|p2b: Iron Titan|quarkdriveatk\n|move|p1a: Lanturn|Scald|p2b: Iron Titan\n|-supereffective|p2b: Iron Titan\n|-damage|p2b: Iron Titan|35\/100\n|\n|-weather|RainDance|[upkeep]\n|upkeep\n|\n|t:|1697500860\n|switch|p1b: Scizor|Scizor, M|100\/100\n|-activate|p1b: Scizor|move: Sticky Web\n|-unboost|p1b: Scizor|spe|1\n|turn|3\n|\n|t:|1697500878\n|detailschange|p1b: Scizor|Scizor-Mega, M\n|-mega|p1b: Scizor|Scizor|Scizorite\n|move|p1b: Scizor|Bullet Punch|p2b: Iron Titan\n|-damage|p2b: Iron Titan|13\/100\n|move|p2a: Spider-Bug|Energy Ball|p1a: Lanturn\n|-supereffective|p1a: Lanturn\n|-damage|p1a: Lanturn|63\/100\n|move|p2b: Iron Titan|Rock Slide|p1a: Lanturn|[spread] p1a,p1b\n|-damage|p1a: Lanturn|20\/100\n|-damage|p1b: Scizor|71\/100\n|cant|p1a: Lanturn|flinch\n|\n|-weather|RainDance|[upkeep]\n|upkeep\n|turn|4\n|\n|t:|1697500898\n|move|p1b: Scizor|Bullet Punch|p2b: Iron Titan\n|-damage|p2b: Iron Titan|0 fnt\n|faint|p2b: Iron Titan\n|-end|p2b: Iron Titan|Quark Drive|[silent]\n|move|p2a: Spider-Bug|Thunder|p1b: Scizor\n|-damage|p1b: Scizor|28\/100\n|-status|p1b: Scizor|par\n|move|p1a: Lanturn|Scald|p2a: Spider-Bug\n|-damage|p2a: Spider-Bug|40\/100\n|\n|-weather|RainDance|[upkeep]\n|upkeep\n|\n|t:|1697500912\n|switch|p2b: Zenitsu|Raichu-Alola, M|100\/100\n|turn|5\n|\n|t:|1697500931\n|move|p2b: Zenitsu|Psychic|p1a: Lanturn\n|-damage|p1a: Lanturn|0 fnt\n|faint|p1a: Lanturn\n|move|p2a: Spider-Bug|Thunder|p1b: Scizor\n|-damage|p1b: Scizor|0 fnt\n|faint|p1b: Scizor\n|\n|-weather|RainDance|[upkeep]\n|upkeep\n|inactive|spacists has 120 seconds left.\n|\n|t:|1697500953\n|switch|p1a: Registeel|Registeel|100\/100\n|switch|p1b: Dracozolt|Dracozolt|100\/100\n|-activate|p1b: Dracozolt|move: Sticky Web\n|-unboost|p1b: Dracozolt|spe|1\n|-activate|p1a: Registeel|move: Sticky Web\n|-fail|p1a: Registeel|unboost|[from] ability: Clear Body|[of] p1a: Registeel\n|turn|6\n|\n|t:|1697500974\n|-zpower|p2b: Zenitsu\n|move|p2b: Zenitsu|Stoked Sparksurfer|p1a: Registeel|[zeffect]\n|-damage|p1a: Registeel|51\/100\n|-status|p1a: Registeel|par\n|move|p2a: Spider-Bug|Bug Buzz|p1b: Dracozolt\n|-damage|p1b: Dracozolt|43\/100\n|-unboost|p1b: Dracozolt|spd|1\n|move|p1b: Dracozolt|Aerial Ace|p2a: Spider-Bug\n|-damage|p2a: Spider-Bug|0 fnt\n|faint|p2a: Spider-Bug\n|cant|p1a: Registeel|par\n|\n|-weather|RainDance|[upkeep]\n|-heal|p1a: Registeel|57\/100 par|[from] item: Leftovers\n|upkeep\n|inactive|Elite Four Spiffy has 120 seconds left.\n|\n|t:|1697501001\n|switch|p2a: Abomination|Arctozolt|100\/100\n|turn|7\n|inactive|Elite Four Spiffy has 120 seconds left.\n|\n|t:|1697501026\n|switch|p1b: Skarmory|Skarmory, F|100\/100\n|-terastallize|p2a: Abomination|Ice\n|move|p2b: Zenitsu|Thunderbolt|p1a: Registeel\n|-damage|p1a: Registeel|30\/100 par\n|move|p2a: Abomination|Icicle Crash|p1b: Skarmory|[miss]\n|-miss|p2a: Abomination|p1b: Skarmory\n|cant|p1a: Registeel|par\n|\n|-weather|RainDance|[upkeep]\n|-heal|p1a: Registeel|36\/100 par|[from] item: Leftovers\n|upkeep\n|turn|8\n|\n|t:|1697501045\n|move|p2b: Zenitsu|Thunderbolt|p1a: Registeel\n|-damage|p1a: Registeel|12\/100 par\n|move|p2a: Abomination|Icicle Crash|p1a: Registeel\n|-resisted|p1a: Registeel\n|-damage|p1a: Registeel|0 fnt\n|faint|p1a: Registeel\n|move|p1b: Skarmory|Tailwind|p1b: Skarmory\n|-sidestart|p1: spacists|move: Tailwind\n|\n|-weather|none\n|upkeep\n|\n|t:|1697501053\n|switch|p1a: Dracozolt|Dracozolt|43\/100\n|-activate|p1a: Dracozolt|move: Sticky Web\n|-unboost|p1a: Dracozolt|spe|1\n|turn|9\n|\n|t:|1697501073\n|move|p2b: Zenitsu|Thunderbolt|p1b: Skarmory\n|-supereffective|p1b: Skarmory\n|-ability|p1b: Skarmory|Sturdy\n|-damage|p1b: Skarmory|1\/100\n|move|p1a: Dracozolt|Bolt Beak|p2a: Abomination\n|-damage|p2a: Abomination|0 fnt\n|faint|p2a: Abomination\n|move|p1b: Skarmory|Stealth Rock|p2b: Zenitsu\n|-sidestart|p2: Elite Four Spiffy|move: Stealth Rock\n|\n|-fieldend|move: Electric Terrain\n|upkeep\n|\n|t:|1697501090\n|switch|p2a: Darwin|Morpeko, M|100\/100\n|turn|10\n|\n|t:|1697501100\n|move|p1a: Dracozolt|Bolt Beak|p2b: Zenitsu|[miss]\n|-miss|p1a: Dracozolt|p2b: Zenitsu\n|move|p1b: Skarmory|Roost|p1b: Skarmory\n|-heal|p1b: Skarmory|51\/100\n|-singleturn|p1b: Skarmory|move: Roost\n|move|p2b: Zenitsu|Psychic|p1a: Dracozolt\n|-damage|p1a: Dracozolt|0 fnt\n|faint|p1a: Dracozolt\n|move|p2a: Darwin|Rapid Spin|p1b: Skarmory\n|-resisted|p1b: Skarmory\n|-damage|p1b: Skarmory|47\/100\n|-boost|p2a: Darwin|spe|1\n|-damage|p2a: Darwin|84\/100|[from] item: Rocky Helmet|[of] p1b: Skarmory\n|-sideend|p2: Elite Four Spiffy|Stealth Rock|[from] move: Rapid Spin|[of] p2a: Darwin\n|\n|-formechange|p2a: Darwin|Morpeko-Hangry||[from] ability: Hunger Switch\n|upkeep\n|turn|11\n|-message|spacists forfeited.\n|\n|win|Elite Four Spiffy\n|raw|spacists's rating: 1170 &rarr; <strong>1143<\/strong><br \/>(-27 for losing)\n|raw|Elite Four Spiffy's rating: 1145 &rarr; <strong>1172<\/strong><br \/>(+27 for winning)\n|l|\u2606spacists\n","uploadtime":1697501119,"views":12,"p1id":"spacists","p2id":"elitefourspiffy","formatid":"gen9nationaldexdoubles","rating":1143,"private":0,"password":""}