{"id":"gen9nationaldexdoubles-1959870659","p1":"impastabot4000","p2":"Boshigoat","format":"[Gen 9] National Dex Doubles","log":"|j|\u2606impastabot4000\n|j|\u2606Boshigoat\n|t:|1696463627\n|gametype|doubles\n|player|p1|impastabot4000|nate|1335\n|player|p2|Boshigoat|1|1430\n|teamsize|p1|6\n|teamsize|p2|6\n|gen|9\n|tier|[Gen 9] National Dex Doubles\n|rated|\n|rule|HP Percentage Mod: HP is shown in percentages\n|rule|Endless Battle Clause: Forcing endless battles is banned\n|rule|OHKO Clause: OHKO moves are banned\n|rule|Evasion Moves Clause: Evasion moves are banned\n|rule|Evasion Abilities Clause: Evasion abilities are banned\n|rule|Species Clause: Limit one of each Pok\u00e9mon\n|rule|Gravity Sleep Clause: The combination of sleep-inducing moves with imperfect accuracy and Gravity or Gigantamax Orbeetle are banned\n|clearpoke\n|poke|p1|Rillaboom, M|\n|poke|p1|Salamence, F|\n|poke|p1|Volcanion|\n|poke|p1|Chien-Pao|\n|poke|p1|Flutter Mane|\n|poke|p1|Ogerpon-Cornerstone, F|\n|poke|p2|Hatterene, F|\n|poke|p2|Indeedee-F, F|\n|poke|p2|Camerupt, F|\n|poke|p2|Sinistcha|\n|poke|p2|Conkeldurr, M|\n|poke|p2|Kingambit, M|\n|teampreview\n|inactive|Battle timer is ON: inactive players will automatically lose when time's up. (requested by impastabot4000)\n|\n|t:|1696463640\n|start\n|switch|p1a: Chien-Pao|Chien-Pao|100\/100\n|switch|p1b: Ogerpon|Ogerpon-Cornerstone, F|100\/100\n|switch|p2a: Hatterene|Hatterene, F|100\/100\n|switch|p2b: Indeedee|Indeedee-F, F|100\/100\n|-ability|p1a: Chien-Pao|Sword of Ruin\n|-fieldstart|move: Psychic Terrain|[from] ability: Psychic Surge|[of] p2b: Indeedee\n|turn|1\n|\n|t:|1696463658\n|move|p2b: Indeedee|Follow Me|p2b: Indeedee\n|-singleturn|p2b: Indeedee|move: Follow Me\n|move|p1a: Chien-Pao|Ice Spinner|p2b: Indeedee\n|-damage|p2b: Indeedee|51\/100\n|-fieldend|move: Psychic Terrain\n|move|p1b: Ogerpon|Ivy Cudgel|p2b: Indeedee\n|-damage|p2b: Indeedee|0 fnt\n|faint|p2b: Indeedee\n|move|p2a: Hatterene|Trick Room|p2a: Hatterene\n|-fieldstart|move: Trick Room|[of] p2a: Hatterene\n|\n|upkeep\n|\n|t:|1696463669\n|switch|p2b: Camerupt|Camerupt, F|100\/100\n|turn|2\n|\n|t:|1696463682\n|detailschange|p2b: Camerupt|Camerupt-Mega, F\n|-mega|p2b: Camerupt|Camerupt|Cameruptite\n|-terastallize|p1b: Ogerpon|Rock\n|detailschange|p1b: Ogerpon|Ogerpon-Cornerstone-Tera, F, tera:Rock\n|-ability|p1b: Ogerpon|Embody Aspect (Cornerstone)|boost\n|-boost|p1b: Ogerpon|def|1\n|move|p1a: Chien-Pao|Sucker Punch|p2b: Camerupt\n|-damage|p2b: Camerupt|54\/100\n|move|p2b: Camerupt|Eruption|p1a: Chien-Pao|[spread] p1a,p1b\n|-supereffective|p1a: Chien-Pao\n|-resisted|p1b: Ogerpon\n|-enditem|p1a: Chien-Pao|Focus Sash\n|-damage|p1a: Chien-Pao|1\/100\n|-damage|p1b: Ogerpon|79\/100\n|move|p2a: Hatterene|Dazzling Gleam|p1a: Chien-Pao|[spread] p1a,p1b\n|-supereffective|p1a: Chien-Pao\n|-damage|p1a: Chien-Pao|0 fnt\n|-damage|p1b: Ogerpon|26\/100\n|faint|p1a: Chien-Pao\n|-damage|p2a: Hatterene|91\/100|[from] item: Life Orb\n|move|p1b: Ogerpon|Ivy Cudgel|p2b: Camerupt\n|-damage|p2b: Camerupt|0 fnt\n|faint|p2b: Camerupt\n|\n|upkeep\n|\n|t:|1696463703\n|switch|p2b: Conkeldurr|Conkeldurr, M|100\/100\n|switch|p1a: Rillaboom|Rillaboom, M|100\/100\n|-fieldstart|move: Grassy Terrain|[from] ability: Grassy Surge|[of] p1a: Rillaboom\n|turn|3\n|\n|t:|1696463717\n|switch|p1b: Salamence|Salamence, F|100\/100\n|-ability|p1b: Salamence|Intimidate|boost\n|-unboost|p2a: Hatterene|atk|1\n|-unboost|p2b: Conkeldurr|atk|1\n|move|p1a: Rillaboom|Fake Out|p2a: Hatterene\n|-damage|p2a: Hatterene|76\/100\n|cant|p2a: Hatterene|flinch\n|move|p2b: Conkeldurr|Close Combat|p1b: Salamence\n|-resisted|p1b: Salamence\n|-damage|p1b: Salamence|76\/100\n|-unboost|p2b: Conkeldurr|def|1\n|-unboost|p2b: Conkeldurr|spd|1\n|\n|-heal|p2a: Hatterene|82\/100|[from] Grassy Terrain\n|-status|p2b: Conkeldurr|brn|[from] item: Flame Orb\n|upkeep\n|turn|4\n|\n|t:|1696463738\n|switch|p2b: Sinistcha|Sinistcha|100\/100\n|-heal|p2a: Hatterene|100\/100|[from] ability: Hospitality|[of] p2b: Sinistcha\n|switch|p1b: Volcanion|Volcanion|100\/100\n|move|p2a: Hatterene|Dazzling Gleam|p1b: Volcanion|[spread] p1a,p1b\n|-resisted|p1b: Volcanion\n|-damage|p1a: Rillaboom|71\/100\n|-damage|p1b: Volcanion|87\/100\n|-damage|p2a: Hatterene|91\/100|[from] item: Life Orb\n|move|p1a: Rillaboom|U-turn|p2a: Hatterene\n|-damage|p2a: Hatterene|65\/100\n|inactive|impastabot4000 has 120 seconds left.\n|\n|t:|1696463760\n|switch|p1a: Salamence|Salamence, F|76\/100|[from] U-turn\n|-ability|p1a: Salamence|Intimidate|boost\n|-unboost|p2a: Hatterene|atk|1\n|-unboost|p2b: Sinistcha|atk|1\n|\n|-heal|p2a: Hatterene|71\/100|[from] Grassy Terrain\n|-heal|p1b: Volcanion|93\/100|[from] Grassy Terrain\n|upkeep\n|turn|5\n|\n|t:|1696463773\n|move|p1a: Salamence|Protect|p1a: Salamence\n|-singleturn|p1a: Salamence|Protect\n|move|p1b: Volcanion|Heat Wave|p2b: Sinistcha|[spread] p2b\n|-miss|p1b: Volcanion|p2a: Hatterene\n|-supereffective|p2b: Sinistcha\n|-damage|p2b: Sinistcha|5\/100\n|-enditem|p2b: Sinistcha|Sitrus Berry|[eat]\n|-heal|p2b: Sinistcha|30\/100|[from] item: Sitrus Berry\n|move|p2a: Hatterene|Trick Room|p2a: Hatterene\n|-fieldend|move: Trick Room\n|move|p2b: Sinistcha|Trick Room|p2b: Sinistcha\n|-fieldstart|move: Trick Room|[of] p2b: Sinistcha\n|\n|-heal|p2a: Hatterene|77\/100|[from] Grassy Terrain\n|-heal|p2b: Sinistcha|36\/100|[from] Grassy Terrain\n|-heal|p1b: Volcanion|99\/100|[from] Grassy Terrain\n|upkeep\n|turn|6\n|\n|t:|1696463796\n|switch|p1a: Ogerpon|Ogerpon-Cornerstone-Tera, F, tera:Rock|26\/100\n|-ability|p1a: Ogerpon|Embody Aspect (Cornerstone)|boost\n|-boost|p1a: Ogerpon|def|1\n|move|p2a: Hatterene|Dazzling Gleam|p1a: Ogerpon|[spread] p1a,p1b\n|-resisted|p1b: Volcanion\n|-damage|p1a: Ogerpon|0 fnt\n|-damage|p1b: Volcanion|84\/100\n|faint|p1a: Ogerpon\n|-damage|p2a: Hatterene|67\/100|[from] item: Life Orb\n|move|p2b: Sinistcha|Shadow Ball|p1b: Volcanion\n|-damage|p1b: Volcanion|56\/100\n|move|p1b: Volcanion|Heat Wave|p2a: Hatterene|[spread] p2a,p2b\n|-supereffective|p2b: Sinistcha\n|-damage|p2a: Hatterene|23\/100\n|-damage|p2b: Sinistcha|0 fnt\n|faint|p2b: Sinistcha\n|\n|-heal|p2a: Hatterene|29\/100|[from] Grassy Terrain\n|-heal|p1b: Volcanion|62\/100|[from] Grassy Terrain\n|upkeep\n|\n|t:|1696463822\n|switch|p2b: Conkeldurr|Conkeldurr, M|100\/100 brn\n|switch|p1a: Flutter Mane|Flutter Mane|100\/100\n|turn|7\n|\n|t:|1696463832\n|switch|p1b: Salamence|Salamence, F|76\/100\n|-ability|p1b: Salamence|Intimidate|boost\n|-unboost|p2a: Hatterene|atk|1\n|-unboost|p2b: Conkeldurr|atk|1\n|move|p2a: Hatterene|Expanding Force|p1b: Salamence\n|-damage|p1b: Salamence|8\/100\n|-damage|p2a: Hatterene|19\/100|[from] item: Life Orb\n|move|p2b: Conkeldurr|Knock Off|p1a: Flutter Mane\n|-damage|p1a: Flutter Mane|10\/100\n|-enditem|p1a: Flutter Mane|Choice Specs|[from] move: Knock Off|[of] p2b: Conkeldurr\n|move|p1a: Flutter Mane|Dazzling Gleam|p2b: Conkeldurr|[spread] p2a,p2b\n|-supereffective|p2b: Conkeldurr\n|-damage|p2a: Hatterene|0 fnt\n|-damage|p2b: Conkeldurr|31\/100 brn\n|faint|p2a: Hatterene\n|\n|-heal|p2b: Conkeldurr|37\/100 brn|[from] Grassy Terrain\n|-heal|p1a: Flutter Mane|16\/100|[from] Grassy Terrain\n|-damage|p2b: Conkeldurr|31\/100 brn|[from] brn\n|-fieldend|move: Grassy Terrain\n|upkeep\n|\n|t:|1696463844\n|switch|p2a: Kingambit|Kingambit, M|100\/100\n|-activate|p2a: Kingambit|ability: Supreme Overlord\n|-start|p2a: Kingambit|fallen4|[silent]\n|turn|8\n|\n|t:|1696463860\n|switch|p1b: Volcanion|Volcanion|62\/100\n|-end|p1a: Flutter Mane|Protosynthesis|[silent]\n|switch|p1a: Rillaboom|Rillaboom, M|71\/100\n|-fieldstart|move: Grassy Terrain|[from] ability: Grassy Surge|[of] p1a: Rillaboom\n|move|p2b: Conkeldurr|Ice Punch|p1b: Volcanion\n|-resisted|p1b: Volcanion\n|-damage|p1b: Volcanion|56\/100\n|move|p2a: Kingambit|Kowtow Cleave|p1a: Rillaboom\n|-damage|p1a: Rillaboom|0 fnt\n|faint|p1a: Rillaboom\n|\n|-heal|p2b: Conkeldurr|37\/100 brn|[from] Grassy Terrain\n|-heal|p1b: Volcanion|62\/100|[from] Grassy Terrain\n|-damage|p2b: Conkeldurr|31\/100 brn|[from] brn\n|upkeep\n|\n|t:|1696463876\n|switch|p1a: Salamence|Salamence, F|8\/100\n|-ability|p1a: Salamence|Intimidate|boost\n|-unboost|p2a: Kingambit|atk|1\n|-unboost|p2b: Conkeldurr|atk|1\n|turn|9\n|\n|t:|1696463888\n|move|p1a: Salamence|Protect|p1a: Salamence\n|-singleturn|p1a: Salamence|Protect\n|move|p2a: Kingambit|Sucker Punch|p1b: Volcanion\n|-damage|p1b: Volcanion|22\/100\n|move|p2b: Conkeldurr|Ice Punch|p1a: Salamence\n|-activate|p1a: Salamence|move: Protect\n|move|p1b: Volcanion|Heat Wave|p2b: Conkeldurr|[spread] p2a,p2b\n|-supereffective|p2a: Kingambit\n|-damage|p2a: Kingambit|26\/100\n|-damage|p2b: Conkeldurr|0 fnt\n|-status|p2a: Kingambit|brn\n|faint|p2b: Conkeldurr\n|\n|-heal|p2a: Kingambit|32\/100 brn|[from] Grassy Terrain\n|-heal|p1b: Volcanion|28\/100|[from] Grassy Terrain\n|-damage|p2a: Kingambit|26\/100 brn|[from] brn\n|-fieldend|move: Trick Room\n|upkeep\n|turn|10\n|c|\u2606impastabot4000|gg\n|\n|t:|1696463909\n|detailschange|p1a: Salamence|Salamence-Mega, F\n|-mega|p1a: Salamence|Salamence|Salamencite\n|move|p2a: Kingambit|Sucker Punch|p1b: Volcanion\n|-damage|p1b: Volcanion|9\/100\n|move|p1a: Salamence|Frustration|p2a: Kingambit\n|-resisted|p2a: Kingambit\n|-damage|p2a: Kingambit|3\/100 brn\n|move|p1b: Volcanion|Earth Power|p2a: Kingambit\n|-supereffective|p2a: Kingambit\n|-damage|p2a: Kingambit|0 fnt\n|faint|p2a: Kingambit\n|-end|p2a: Kingambit|fallen4|[silent]\n|\n|win|impastabot4000\n|raw|impastabot4000's rating: 1335 &rarr; <strong>1360<\/strong><br \/>(+25 for winning)\n|raw|Boshigoat's rating: 1430 &rarr; <strong>1405<\/strong><br \/>(-25 for losing)\n|l|\u2606Boshigoat\n","uploadtime":1696463925,"views":13,"p1id":"impastabot4000","p2id":"boshigoat","formatid":"gen9nationaldexdoubles","rating":1360,"private":0,"password":""}