{"id":"gen9nationaldexdoubles-1962598349","p1":"Gumbus wumbus","p2":"cediedesu","format":"[Gen 9] National Dex Doubles","log":"|j|\u2606Gumbus wumbus\n|j|\u2606cediedesu\n|t:|1696772953\n|gametype|doubles\n|player|p1|Gumbus wumbus|clown|\n|player|p2|cediedesu|acetrainer-gen4dp|\n|teamsize|p1|6\n|teamsize|p2|6\n|gen|9\n|tier|[Gen 9] National Dex Doubles\n|rule|HP Percentage Mod: HP is shown in percentages\n|rule|Endless Battle Clause: Forcing endless battles is banned\n|rule|OHKO Clause: OHKO moves are banned\n|rule|Evasion Moves Clause: Evasion moves are banned\n|rule|Evasion Abilities Clause: Evasion abilities are banned\n|rule|Species Clause: Limit one of each Pok\u00e9mon\n|rule|Gravity Sleep Clause: The combination of sleep-inducing moves with imperfect accuracy and Gravity or Gigantamax Orbeetle are banned\n|clearpoke\n|poke|p1|Garchomp, M|\n|poke|p1|Ferrothorn, M|\n|poke|p1|Archeops, F|\n|poke|p1|Audino, F|\n|poke|p1|Jellicent, F|\n|poke|p1|Gothitelle, F|\n|poke|p2|Aggron, F|\n|poke|p2|Swampert, F|\n|poke|p2|Corviknight, F|\n|poke|p2|Conkeldurr, F|\n|poke|p2|Kingambit, F|\n|poke|p2|Gardevoir, F|\n|teampreview\n|inactive|Battle timer is ON: inactive players will automatically lose when time's up. (requested by cediedesu)\n|\n|t:|1696772972\n|start\n|switch|p1a: Meta|Gothitelle, F|100\/100\n|switch|p1b: hell yeah|Ferrothorn, M|100\/100\n|switch|p2a: Aggron|Aggron, F|100\/100\n|switch|p2b: Conkeldurr|Conkeldurr, F|100\/100\n|turn|1\n|\n|t:|1696773000\n|move|p2b: Conkeldurr|Protect|p2b: Conkeldurr\n|-singleturn|p2b: Conkeldurr|Protect\n|move|p1a: Meta|Trick|p2a: Aggron\n|-activate|p1a: Meta|move: Trick|[of] p2a: Aggron\n|-item|p2a: Aggron|Choice Scarf|[from] move: Trick\n|-item|p1a: Meta|Rocky Helmet|[from] move: Trick\n|move|p2a: Aggron|Stealth Rock|p1b: hell yeah\n|-sidestart|p1: Gumbus wumbus|move: Stealth Rock\n|move|p1b: hell yeah|Leech Seed|p2a: Aggron\n|-start|p2a: Aggron|move: Leech Seed\n|\n|-damage|p2a: Aggron|88\/100|[from] Leech Seed|[of] p1b: hell yeah\n|-status|p2b: Conkeldurr|tox|[from] item: Toxic Orb\n|upkeep\n|turn|2\n|inactive|Gumbus wumbus has 270 seconds left.\n|\n|t:|1696773037\n|move|p1a: Meta|Expanding Force|p2b: Conkeldurr\n|-supereffective|p2b: Conkeldurr\n|-damage|p2b: Conkeldurr|44\/100 tox\n|move|p2a: Aggron|Stealth Rock||[still]\n|-fail|p2a: Aggron\n|move|p2b: Conkeldurr|Knock Off|p1a: Meta\n|-supereffective|p1a: Meta\n|-damage|p1a: Meta|0 fnt\n|-damage|p2b: Conkeldurr|27\/100 tox|[from] item: Rocky Helmet|[of] p1a: Meta\n|-enditem|p1a: Meta|Rocky Helmet|[from] move: Knock Off|[of] p2b: Conkeldurr\n|faint|p1a: Meta\n|move|p1b: hell yeah|Leech Seed|p2b: Conkeldurr\n|-start|p2b: Conkeldurr|move: Leech Seed\n|\n|-damage|p2a: Aggron|76\/100|[from] Leech Seed|[of] p1b: hell yeah\n|-damage|p2b: Conkeldurr|15\/100 tox|[from] Leech Seed|[of] p1b: hell yeah\n|-damage|p2b: Conkeldurr|9\/100 tox|[from] psn\n|upkeep\n|\n|t:|1696773066\n|switch|p1a: What could've been|Jellicent, F, shiny|100\/100\n|-damage|p1a: What could've been|88\/100|[from] Stealth Rock\n|turn|3\n|\n|t:|1696773079\n|switch|p2a: Kingambit|Kingambit, F|100\/100\n|move|p1a: What could've been|Scald|p2b: Conkeldurr\n|-damage|p2b: Conkeldurr|0 fnt\n|faint|p2b: Conkeldurr\n|move|p1b: hell yeah|Stealth Rock|p2a: Kingambit\n|-sidestart|p2: cediedesu|move: Stealth Rock\n|\n|upkeep\n|\n|t:|1696773089\n|switch|p2b: Aggron|Aggron, F|76\/100\n|-damage|p2b: Aggron|69\/100|[from] Stealth Rock\n|turn|4\n|\n|t:|1696773105\n|move|p1a: What could've been|Protect|p1a: What could've been\n|-singleturn|p1a: What could've been|Protect\n|move|p1b: hell yeah|Protect|p1b: hell yeah\n|-singleturn|p1b: hell yeah|Protect\n|move|p2b: Aggron|Body Press|p1b: hell yeah\n|-activate|p1b: hell yeah|move: Protect\n|move|p2a: Kingambit|Kowtow Cleave|p1a: What could've been\n|-activate|p1a: What could've been|move: Protect\n|\n|upkeep\n|turn|5\n|\n|t:|1696773131\n|-terastallize|p1b: hell yeah|Water\n|move|p2b: Aggron|Body Press|p1b: hell yeah\n|-damage|p1b: hell yeah|74\/100\n|-damage|p2b: Aggron|57\/100|[from] ability: Iron Barbs|[of] p1b: hell yeah\n|-damage|p2b: Aggron|40\/100|[from] item: Rocky Helmet|[of] p1b: hell yeah\n|move|p1a: What could've been|Scald|p2b: Aggron\n|-supereffective|p2b: Aggron\n|-damage|p2b: Aggron|0 fnt\n|faint|p2b: Aggron\n|move|p2a: Kingambit|Kowtow Cleave|p1a: What could've been\n|-supereffective|p1a: What could've been\n|-damage|p1a: What could've been|0 fnt\n|faint|p1a: What could've been\n|move|p1b: hell yeah|Leech Seed|p2a: Kingambit\n|-start|p2a: Kingambit|move: Leech Seed\n|\n|-damage|p2a: Kingambit|88\/100|[from] Leech Seed|[of] p1b: hell yeah\n|-heal|p1b: hell yeah|87\/100|[silent]\n|upkeep\n|\n|t:|1696773160\n|switch|p1a: lightning|Archeops, F|100\/100\n|switch|p2b: Corviknight|Corviknight, F|100\/100\n|-damage|p1a: lightning|76\/100|[from] Stealth Rock\n|-damage|p2b: Corviknight|88\/100|[from] Stealth Rock\n|-ability|p2b: Corviknight|Pressure\n|turn|6\n|\n|t:|1696773185\n|move|p1a: lightning|U-turn|p2a: Kingambit\n|-damage|p2a: Kingambit|65\/100\n|\n|t:|1696773189\n|switch|p1a: iwantthisokau|Audino, F, shiny|100\/100|[from] U-turn\n|-damage|p1a: iwantthisokau|88\/100|[from] Stealth Rock\n|move|p2b: Corviknight|Body Press|p1a: iwantthisokau\n|-supereffective|p1a: iwantthisokau\n|-damage|p1a: iwantthisokau|49\/100\n|move|p2a: Kingambit|Iron Head|p1a: iwantthisokau\n|-crit|p1a: iwantthisokau\n|-damage|p1a: iwantthisokau|0 fnt\n|faint|p1a: iwantthisokau\n|move|p1b: hell yeah|Leech Seed|p2b: Corviknight\n|-start|p2b: Corviknight|move: Leech Seed\n|\n|-heal|p2b: Corviknight|94\/100|[from] item: Leftovers\n|-damage|p2b: Corviknight|82\/100|[from] Leech Seed|[of] p1b: hell yeah\n|-heal|p1b: hell yeah|100\/100|[silent]\n|-damage|p2a: Kingambit|53\/100|[from] Leech Seed|[of] p1b: hell yeah\n|upkeep\n|\n|t:|1696773207\n|switch|p1a: lightning|Archeops, F|76\/100\n|-damage|p1a: lightning|51\/100|[from] Stealth Rock\n|turn|7\n|\n|t:|1696773216\n|move|p1a: lightning|Rock Slide|p2b: Corviknight|[spread] p2a,p2b\n|-resisted|p2a: Kingambit\n|-crit|p2b: Corviknight\n|-damage|p2a: Kingambit|41\/100\n|-damage|p2b: Corviknight|48\/100\n|move|p2b: Corviknight|Body Press|p1a: lightning\n|-damage|p1a: lightning|10\/100\n|move|p2a: Kingambit|Iron Head|p1a: lightning\n|-supereffective|p1a: lightning\n|-damage|p1a: lightning|0 fnt\n|faint|p1a: lightning\n|move|p1b: hell yeah|Body Press|p2a: Kingambit\n|-supereffective|p2a: Kingambit\n|-damage|p2a: Kingambit|0 fnt\n|faint|p2a: Kingambit\n|-end|p2a: Kingambit|fallenundefined|[silent]\n|\n|-heal|p2b: Corviknight|54\/100|[from] item: Leftovers\n|-damage|p2b: Corviknight|42\/100|[from] Leech Seed|[of] p1b: hell yeah\n|upkeep\n|\n|t:|1696773234\n|switch|p1a: The guy|Garchomp, M, shiny|100\/100\n|switch|p2a: Swampert|Swampert, F|100\/100\n|-damage|p1a: The guy|94\/100|[from] Stealth Rock\n|-damage|p2a: Swampert|94\/100|[from] Stealth Rock\n|turn|8\n|\n|t:|1696773249\n|detailschange|p2a: Swampert|Swampert-Mega, F\n|-mega|p2a: Swampert|Swampert|Swampertite\n|move|p1a: The guy|Protect|p1a: The guy\n|-singleturn|p1a: The guy|Protect\n|move|p2a: Swampert|Ice Punch|p1a: The guy\n|-activate|p1a: The guy|move: Protect\n|move|p2b: Corviknight|Roost|p2b: Corviknight\n|-heal|p2b: Corviknight|92\/100\n|-singleturn|p2b: Corviknight|move: Roost\n|move|p1b: hell yeah|Leech Seed|p2a: Swampert\n|-start|p2a: Swampert|move: Leech Seed\n|\n|-heal|p2b: Corviknight|98\/100|[from] item: Leftovers\n|-damage|p2a: Swampert|82\/100|[from] Leech Seed|[of] p1b: hell yeah\n|-damage|p2b: Corviknight|86\/100|[from] Leech Seed|[of] p1b: hell yeah\n|upkeep\n|turn|9\n|\n|t:|1696773278\n|move|p1a: The guy|Iron Head|p2a: Swampert\n|-resisted|p2a: Swampert\n|-damage|p2a: Swampert|66\/100\n|-damage|p1a: The guy|85\/100|[from] item: Life Orb\n|cant|p2a: Swampert|flinch\n|move|p2b: Corviknight|Body Press|p1a: The guy\n|-damage|p1a: The guy|58\/100\n|-damage|p2b: Corviknight|73\/100|[from] ability: Rough Skin|[of] p1a: The guy\n|move|p1b: hell yeah|Body Press|p2a: Swampert\n|-damage|p2a: Swampert|45\/100\n|\n|-heal|p2b: Corviknight|79\/100|[from] item: Leftovers\n|-damage|p2a: Swampert|33\/100|[from] Leech Seed|[of] p1b: hell yeah\n|-damage|p2b: Corviknight|67\/100|[from] Leech Seed|[of] p1b: hell yeah\n|upkeep\n|turn|10\n|inactive|cediedesu has 270 seconds left.\n|\n|t:|1696773325\n|move|p1a: The guy|Protect|p1a: The guy\n|-singleturn|p1a: The guy|Protect\n|move|p1b: hell yeah|Protect|p1b: hell yeah\n|-singleturn|p1b: hell yeah|Protect\n|move|p2a: Swampert|Flip Turn|p1a: The guy\n|-activate|p1a: The guy|move: Protect\n|move|p2b: Corviknight|Defog|p2a: Swampert\n|-unboost|p2a: Swampert|evasion|1\n|-sideend|p2: cediedesu|Stealth Rock|[from] move: Defog|[of] p2b: Corviknight\n|\n|-heal|p2b: Corviknight|73\/100|[from] item: Leftovers\n|-damage|p2a: Swampert|20\/100|[from] Leech Seed|[of] p1b: hell yeah\n|-damage|p2b: Corviknight|60\/100|[from] Leech Seed|[of] p1b: hell yeah\n|upkeep\n|turn|11\n|inactive|cediedesu has 270 seconds left.\n|\n|t:|1696773345\n|move|p1a: The guy|Iron Head|p2a: Swampert\n|-resisted|p2a: Swampert\n|-damage|p2a: Swampert|4\/100\n|-damage|p1a: The guy|48\/100|[from] item: Life Orb\n|move|p2a: Swampert|Ice Punch|p1a: The guy\n|-supereffective|p1a: The guy\n|-damage|p1a: The guy|0 fnt\n|-damage|p2a: Swampert|0 fnt|[from] ability: Rough Skin|[of] p1a: The guy\n|faint|p1a: The guy\n|faint|p2a: Swampert\n|move|p2b: Corviknight|Body Press|p1b: hell yeah\n|-damage|p1b: hell yeah|81\/100\n|-damage|p2b: Corviknight|48\/100|[from] ability: Iron Barbs|[of] p1b: hell yeah\n|-damage|p2b: Corviknight|31\/100|[from] item: Rocky Helmet|[of] p1b: hell yeah\n|move|p1b: hell yeah|Body Press|p2b: Corviknight\n|-damage|p2b: Corviknight|15\/100\n|\n|-heal|p2b: Corviknight|22\/100|[from] item: Leftovers\n|-damage|p2b: Corviknight|9\/100|[from] Leech Seed|[of] p1b: hell yeah\n|-heal|p1b: hell yeah|95\/100|[silent]\n|upkeep\n|\n|t:|1696773367\n|switch|p2a: Gardevoir|Gardevoir, F|100\/100\n|turn|12\n|inactive|cediedesu has 270 seconds left.\n|\n|t:|1696773374\n|move|p2a: Gardevoir|Calm Mind|p2a: Gardevoir\n|-boost|p2a: Gardevoir|spa|1\n|-boost|p2a: Gardevoir|spd|1\n|move|p2b: Corviknight|Roost|p2b: Corviknight\n|-heal|p2b: Corviknight|59\/100\n|-singleturn|p2b: Corviknight|move: Roost\n|move|p1b: hell yeah|Leech Seed|p2a: Gardevoir\n|-start|p2a: Gardevoir|move: Leech Seed\n|\n|-heal|p2b: Corviknight|65\/100|[from] item: Leftovers\n|-damage|p2a: Gardevoir|88\/100|[from] Leech Seed|[of] p1b: hell yeah\n|-heal|p1b: hell yeah|100\/100|[silent]\n|-damage|p2b: Corviknight|53\/100|[from] Leech Seed|[of] p1b: hell yeah\n|upkeep\n|turn|13\n|inactive|cediedesu has 270 seconds left.\n|\n|t:|1696773401\n|move|p2a: Gardevoir|Calm Mind|p2a: Gardevoir\n|-boost|p2a: Gardevoir|spa|1\n|-boost|p2a: Gardevoir|spd|1\n|move|p2b: Corviknight|Roost|p2b: Corviknight\n|-heal|p2b: Corviknight|100\/100\n|-singleturn|p2b: Corviknight|move: Roost\n|move|p1b: hell yeah|Body Press|p2b: Corviknight\n|-supereffective|p2b: Corviknight\n|-damage|p2b: Corviknight|66\/100\n|\n|-heal|p2b: Corviknight|73\/100|[from] item: Leftovers\n|-damage|p2a: Gardevoir|76\/100|[from] Leech Seed|[of] p1b: hell yeah\n|-damage|p2b: Corviknight|60\/100|[from] Leech Seed|[of] p1b: hell yeah\n|upkeep\n|turn|14\n|inactive|cediedesu has 270 seconds left.\n|\n|t:|1696773427\n|move|p2a: Gardevoir|Psychic|p1b: hell yeah\n|-damage|p1b: hell yeah|18\/100\n|-damage|p2a: Gardevoir|66\/100|[from] item: Life Orb\n|move|p2b: Corviknight|Brave Bird|p1b: hell yeah\n|-crit|p1b: hell yeah\n|-damage|p1b: hell yeah|0 fnt\n|-damage|p2b: Corviknight|48\/100|[from] ability: Iron Barbs|[of] p1b: hell yeah\n|-damage|p2b: Corviknight|31\/100|[from] item: Rocky Helmet|[of] p1b: hell yeah\n|faint|p1b: hell yeah\n|-damage|p2b: Corviknight|26\/100|[from] Recoil\n|\n|win|cediedesu\n","uploadtime":1696773468,"views":10,"p1id":"gumbuswumbus","p2id":"cediedesu","formatid":"gen9nationaldexdoubles","rating":0,"private":0,"password":""}