{"id":"gen9nationaldexdoubles-1971641902","p1":"Yu hung lo","p2":"Brrunoth","format":"[Gen 9] National Dex Doubles","log":"|j|\u2606Yu hung lo\n|j|\u2606Brrunoth\n|t:|1697756335\n|gametype|doubles\n|player|p1|Yu hung lo|janitor|1505\n|player|p2|Brrunoth|adaman|1565\n|teamsize|p1|6\n|teamsize|p2|6\n|gen|9\n|tier|[Gen 9] National Dex Doubles\n|rated|\n|rule|HP Percentage Mod: HP is shown in percentages\n|rule|Endless Battle Clause: Forcing endless battles is banned\n|rule|OHKO Clause: OHKO moves are banned\n|rule|Evasion Moves Clause: Evasion moves are banned\n|rule|Evasion Abilities Clause: Evasion abilities are banned\n|rule|Species Clause: Limit one of each Pok\u00e9mon\n|rule|Gravity Sleep Clause: The combination of sleep-inducing moves with imperfect accuracy and Gravity or Gigantamax Orbeetle are banned\n|clearpoke\n|poke|p1|Kangaskhan, F|\n|poke|p1|Grimmsnarl, M|\n|poke|p1|Incineroar, M|\n|poke|p1|Rillaboom, M|\n|poke|p1|Blastoise, M|\n|poke|p1|Dragapult, M|\n|poke|p2|Charizard, M|\n|poke|p2|Chi-Yu|\n|poke|p2|Flutter Mane|\n|poke|p2|Whimsicott, F|\n|poke|p2|Kingambit, M|\n|poke|p2|Landorus-Therian, M|\n|teampreview\n|inactive|Battle timer is ON: inactive players will automatically lose when time's up. (requested by Yu hung lo)\n|\n|t:|1697756361\n|start\n|switch|p1a: Grimmsnarl|Grimmsnarl, M|100\/100\n|switch|p1b: Incineroar|Incineroar, M|100\/100\n|switch|p2a: the king|Kingambit, M|100\/100\n|switch|p2b: the fool|Whimsicott, F|100\/100\n|-ability|p1b: Incineroar|Intimidate|boost\n|-unboost|p2a: the king|atk|1\n|-ability|p2a: the king|Defiant|boost\n|-boost|p2a: the king|atk|2\n|-unboost|p2b: the fool|atk|1\n|turn|1\n|\n|t:|1697756380\n|-terastallize|p2a: the king|Fire\n|move|p2b: the fool|Tailwind|p2b: the fool\n|-sidestart|p2: Brrunoth|move: Tailwind\n|move|p1a: Grimmsnarl|Reflect|p1a: Grimmsnarl\n|-sidestart|p1: Yu hung lo|Reflect\n|move|p2a: the king|Iron Head|p1a: Grimmsnarl\n|-supereffective|p1a: Grimmsnarl\n|-damage|p1a: Grimmsnarl|16\/100\n|move|p1b: Incineroar|Flare Blitz|p2b: the fool\n|-supereffective|p2b: the fool\n|-damage|p2b: the fool|0 fnt\n|faint|p2b: the fool\n|-damage|p1b: Incineroar|73\/100|[from] Recoil\n|\n|upkeep\n|\n|t:|1697756393\n|switch|p2b: the METAFOUR|Landorus-Therian, M|100\/100\n|-ability|p2b: the METAFOUR|Intimidate|boost\n|-unboost|p1a: Grimmsnarl|atk|1\n|-unboost|p1b: Incineroar|atk|1\n|turn|2\n|\n|t:|1697756413\n|move|p1a: Grimmsnarl|Parting Shot|p2b: the METAFOUR\n|-unboost|p2b: the METAFOUR|atk|1\n|-unboost|p2b: the METAFOUR|spa|1\n|\n|t:|1697756417\n|switch|p1a: Kangaskhan|Kangaskhan, F|100\/100|[from] Parting Shot\n|-zpower|p2b: the METAFOUR\n|move|p2b: the METAFOUR|Tectonic Rage|p1b: Incineroar|[zeffect]\n|-supereffective|p1b: Incineroar\n|-damage|p1b: Incineroar|0 fnt\n|faint|p1b: Incineroar\n|move|p2a: the king|Iron Head|p1a: Kangaskhan\n|-damage|p1a: Kangaskhan|52\/100\n|\n|upkeep\n|\n|t:|1697756428\n|switch|p1b: Blastoise|Blastoise, M|100\/100\n|turn|3\n|\n|t:|1697756438\n|detailschange|p1a: Kangaskhan|Kangaskhan-Mega, F\n|-mega|p1a: Kangaskhan|Kangaskhan|Kangaskhanite\n|move|p2b: the METAFOUR|U-turn|p1a: Kangaskhan\n|-damage|p1a: Kangaskhan|41\/100\n|\n|t:|1697756443\n|switch|p2b: the sun|Charizard, M|100\/100|[from] U-turn\n|move|p1a: Kangaskhan|Power-Up Punch|p2a: the king\n|-damage|p2a: the king|91\/100\n|-boost|p1a: Kangaskhan|atk|1\n|-damage|p2a: the king|88\/100\n|-boost|p1a: Kangaskhan|atk|1\n|-hitcount|p2a: the king|2\n|move|p2a: the king|Knock Off|p1b: Blastoise\n|-damage|p1b: Blastoise|58\/100\n|-enditem|p1b: Blastoise|Sitrus Berry|[from] move: Knock Off|[of] p2a: the king\n|move|p1b: Blastoise|Scald|p2a: the king\n|-supereffective|p2a: the king\n|-damage|p2a: the king|58\/100\n|\n|upkeep\n|turn|4\n|\n|t:|1697756466\n|move|p2b: the sun|Protect|p2b: the sun\n|-singleturn|p2b: the sun|Protect\n|move|p1a: Kangaskhan|Sucker Punch|p2a: the king\n|-crit|p2a: the king\n|-damage|p2a: the king|4\/100\n|-damage|p2a: the king|0 fnt\n|faint|p2a: the king\n|-hitcount|p2: the king|2\n|move|p1b: Blastoise|Scald|p2b: the sun\n|-activate|p2b: the sun|move: Protect\n|\n|-sideend|p2: Brrunoth|move: Tailwind\n|upkeep\n|\n|t:|1697756482\n|switch|p2a: the feesh|Chi-Yu|100\/100\n|-ability|p2a: the feesh|Beads of Ruin\n|turn|5\n|\n|t:|1697756495\n|detailschange|p2b: the sun|Charizard-Mega-Y, M\n|-mega|p2b: the sun|Charizard|Charizardite Y\n|-weather|SunnyDay|[from] ability: Drought|[of] p2b: the sun\n|move|p1a: Kangaskhan|Sucker Punch|p2b: the sun\n|-damage|p2b: the sun|30\/100\n|-damage|p2b: the sun|13\/100\n|-hitcount|p2b: the sun|2\n|move|p2a: the feesh|Heat Wave|p1b: Blastoise|[spread] p1a,p1b\n|-resisted|p1b: Blastoise\n|-damage|p1a: Kangaskhan|0 fnt\n|-damage|p1b: Blastoise|30\/100\n|faint|p1a: Kangaskhan\n|move|p2b: the sun|Solar Beam||[still]\n|-prepare|p2b: the sun|Solar Beam\n|-anim|p2b: the sun|Solar Beam|p1b: Blastoise\n|-supereffective|p1b: Blastoise\n|-damage|p1b: Blastoise|0 fnt\n|faint|p1b: Blastoise\n|\n|-weather|SunnyDay|[upkeep]\n|upkeep\n|inactive|Yu hung lo has 120 seconds left.\n|\n|t:|1697756523\n|switch|p1a: Grimmsnarl|Grimmsnarl, M|16\/100\n|switch|p1b: Rillaboom|Rillaboom, M|100\/100\n|-fieldstart|move: Grassy Terrain|[from] ability: Grassy Surge|[of] p1b: Rillaboom\n|turn|6\n|\n|t:|1697756540\n|-terastallize|p1b: Rillaboom|Water\n|move|p2b: the sun|Protect|p2b: the sun\n|-singleturn|p2b: the sun|Protect\n|move|p2a: the feesh|Protect|p2a: the feesh\n|-singleturn|p2a: the feesh|Protect\n|move|p1b: Rillaboom|Fake Out|p2a: the feesh\n|-activate|p2a: the feesh|move: Protect\n|move|p1a: Grimmsnarl|Spirit Break|p2a: the feesh\n|-activate|p2a: the feesh|move: Protect\n|\n|-weather|SunnyDay|[upkeep]\n|-heal|p1a: Grimmsnarl|22\/100|[from] Grassy Terrain\n|upkeep\n|turn|7\n|\n|t:|1697756554\n|move|p1b: Rillaboom|Grassy Glide|p2b: the sun\n|-resisted|p2b: the sun\n|-damage|p2b: the sun|0 fnt\n|faint|p2b: the sun\n|move|p2a: the feesh|Dark Pulse|p1b: Rillaboom\n|-damage|p1b: Rillaboom|63\/100\n|move|p1a: Grimmsnarl|Spirit Break|p2a: the feesh\n|-damage|p2a: the feesh|53\/100\n|-unboost|p2a: the feesh|spa|1\n|\n|-weather|SunnyDay|[upkeep]\n|-heal|p2a: the feesh|59\/100|[from] Grassy Terrain\n|-heal|p1b: Rillaboom|69\/100|[from] Grassy Terrain\n|-heal|p1a: Grimmsnarl|28\/100|[from] Grassy Terrain\n|upkeep\n|\n|t:|1697756567\n|switch|p2b: the METAFOUR|Landorus-Therian, M|100\/100\n|-ability|p2b: the METAFOUR|Intimidate|boost\n|-unboost|p1a: Grimmsnarl|atk|1\n|-unboost|p1b: Rillaboom|atk|1\n|turn|8\n|\n|t:|1697756583\n|move|p2a: the feesh|Protect|p2a: the feesh\n|-singleturn|p2a: the feesh|Protect\n|move|p1a: Grimmsnarl|Light Screen|p1a: Grimmsnarl\n|-sidestart|p1: Yu hung lo|move: Light Screen\n|move|p2b: the METAFOUR|Earthquake|p1b: Rillaboom|[spread] p1a,p1b\n|-activate|p2a: the feesh|move: Protect\n|-damage|p1a: Grimmsnarl|14\/100\n|-damage|p1b: Rillaboom|57\/100\n|move|p1b: Rillaboom|U-turn|p2a: the feesh\n|-activate|p2a: the feesh|move: Protect\n|\n|-weather|SunnyDay|[upkeep]\n|-heal|p2a: the feesh|65\/100|[from] Grassy Terrain\n|-heal|p1b: Rillaboom|63\/100|[from] Grassy Terrain\n|-heal|p1a: Grimmsnarl|21\/100|[from] Grassy Terrain\n|-sideend|p1: Yu hung lo|Reflect\n|upkeep\n|turn|9\n|\n|t:|1697756612\n|move|p1a: Grimmsnarl|Reflect|p1a: Grimmsnarl\n|-sidestart|p1: Yu hung lo|Reflect\n|move|p2a: the feesh|Dark Pulse|p1b: Rillaboom\n|-damage|p1b: Rillaboom|46\/100\n|move|p2b: the METAFOUR|U-turn|p1a: Grimmsnarl\n|-damage|p1a: Grimmsnarl|6\/100\n|\n|t:|1697756618\n|switch|p2b: the tank|Flutter Mane|100\/100|[from] U-turn\n|-activate|p2b: the tank|ability: Protosynthesis\n|-start|p2b: the tank|protosynthesisspe\n|cant|p1b: Rillaboom|flinch\n|\n|-weather|none\n|-end|p2b: the tank|Protosynthesis\n|-heal|p2a: the feesh|71\/100|[from] Grassy Terrain\n|-heal|p1b: Rillaboom|52\/100|[from] Grassy Terrain\n|-heal|p1a: Grimmsnarl|12\/100|[from] Grassy Terrain\n|upkeep\n|turn|10\n|\n|t:|1697756632\n|move|p1a: Grimmsnarl|Parting Shot|p2b: the tank\n|-unboost|p2b: the tank|atk|1\n|-unboost|p2b: the tank|spa|1\n|\n|t:|1697756636\n|switch|p1a: Dragapult|Dragapult, M|100\/100|[from] Parting Shot\n|move|p2b: the tank|Dazzling Gleam|p1a: Dragapult|[spread] p1a,p1b\n|-supereffective|p1a: Dragapult\n|-damage|p1a: Dragapult|26\/100\n|-damage|p1b: Rillaboom|35\/100\n|move|p2a: the feesh|Dark Pulse|p1b: Rillaboom\n|-damage|p1b: Rillaboom|19\/100\n|move|p1b: Rillaboom|U-turn|p2a: the feesh\n|-damage|p2a: the feesh|45\/100\n|\n|t:|1697756641\n|switch|p1b: Grimmsnarl|Grimmsnarl, M|12\/100|[from] U-turn\n|\n|-heal|p1a: Dragapult|32\/100|[from] Grassy Terrain\n|-heal|p2a: the feesh|51\/100|[from] Grassy Terrain\n|-heal|p1b: Grimmsnarl|18\/100|[from] Grassy Terrain\n|-fieldend|move: Grassy Terrain\n|upkeep\n|turn|11\n|\n|t:|1697756655\n|move|p1a: Dragapult|Phantom Force||[still]\n|-prepare|p1a: Dragapult|Phantom Force\n|move|p2b: the tank|Dazzling Gleam|p1a: Dragapult|[spread] p1b\n|-miss|p2b: the tank|p1a: Dragapult\n|-supereffective|p1b: Grimmsnarl\n|-damage|p1b: Grimmsnarl|0 fnt\n|faint|p1b: Grimmsnarl\n|move|p2a: the feesh|Dark Pulse|p1a: Dragapult|[miss]\n|-miss|p2a: the feesh|p1a: Dragapult\n|\n|upkeep\n|\n|t:|1697756660\n|switch|p1b: Rillaboom|Rillaboom, M, tera:Water|19\/100\n|-fieldstart|move: Grassy Terrain|[from] ability: Grassy Surge|[of] p1b: Rillaboom\n|turn|12\n|\n|t:|1697756668\n|-end|p2b: the tank|Protosynthesis|[silent]\n|switch|p2b: the METAFOUR|Landorus-Therian, M|100\/100\n|-ability|p2b: the METAFOUR|Intimidate|boost\n|-fail|p1a: Dragapult|unboost|[from] ability: Clear Body|[of] p1a: Dragapult\n|-unboost|p1b: Rillaboom|atk|1\n|move|p1b: Rillaboom|Grassy Glide|p2b: the METAFOUR\n|-damage|p2b: the METAFOUR|77\/100\n|move|p1a: Dragapult|Phantom Force|p2a: the feesh|[from]lockedmove\n|-resisted|p2a: the feesh\n|-damage|p2a: the feesh|0 fnt\n|faint|p2a: the feesh\n|\n|-heal|p1a: Dragapult|38\/100|[from] Grassy Terrain\n|-heal|p1b: Rillaboom|25\/100|[from] Grassy Terrain\n|upkeep\n|\n|t:|1697756678\n|switch|p2a: the tank|Flutter Mane|100\/100\n|turn|13\n|\n|t:|1697756701\n|move|p1b: Rillaboom|Grassy Glide|p2a: the tank\n|-damage|p2a: the tank|50\/100\n|move|p1a: Dragapult|Phantom Force||[still]\n|-prepare|p1a: Dragapult|Phantom Force\n|move|p2a: the tank|Moonblast|p1a: Dragapult|[miss]\n|-miss|p2a: the tank|p1a: Dragapult\n|move|p2b: the METAFOUR|Defog|p1b: Rillaboom\n|-unboost|p1b: Rillaboom|evasion|1\n|-sideend|p1: Yu hung lo|Reflect\n|-sideend|p1: Yu hung lo|move: Light Screen\n|-fieldend|move: Grassy Terrain\n|\n|upkeep\n|turn|14\n|\n|t:|1697756715\n|move|p1a: Dragapult|Phantom Force|p2a: the tank|[from]lockedmove\n|-supereffective|p2a: the tank\n|-damage|p2a: the tank|0 fnt\n|faint|p2a: the tank\n|-end|p2a: the tank|Protosynthesis|[silent]\n|move|p2b: the METAFOUR|Earthquake|p1a: Dragapult|[spread] p1a,p1b\n|-damage|p1a: Dragapult|0 fnt\n|-damage|p1b: Rillaboom|0 fnt\n|faint|p1a: Dragapult\n|faint|p1b: Rillaboom\n|\n|win|Brrunoth\n|raw|Yu hung lo's rating: 1505 &rarr; <strong>1488<\/strong><br \/>(-17 for losing)\n|raw|Brrunoth's rating: 1565 &rarr; <strong>1582<\/strong><br \/>(+17 for winning)\n|l|\u2606Brrunoth\n","uploadtime":1697756731,"views":7,"p1id":"yuhunglo","p2id":"brrunoth","formatid":"gen9nationaldexdoubles","rating":1488,"private":0,"password":""}