{"id":"gen9nationaldexdoubles-1983979360","p1":"the maraculous","p2":"MathHacker","format":"[Gen 9] National Dex Doubles","log":"|j|\u2606the maraculous\n|j|\u2606MathHacker\n|t:|1699206328\n|gametype|doubles\n|player|p1|the maraculous|dragontamer|1391\n|player|p2|MathHacker|picnicker|1389\n|teamsize|p1|6\n|teamsize|p2|6\n|gen|9\n|tier|[Gen 9] National Dex Doubles\n|rated|\n|rule|HP Percentage Mod: HP is shown in percentages\n|rule|Endless Battle Clause: Forcing endless battles is banned\n|rule|OHKO Clause: OHKO moves are banned\n|rule|Evasion Moves Clause: Evasion moves are banned\n|rule|Evasion Abilities Clause: Evasion abilities are banned\n|rule|Species Clause: Limit one of each Pok\u00e9mon\n|rule|Gravity Sleep Clause: The combination of sleep-inducing moves with imperfect accuracy and Gravity or Gigantamax Orbeetle are banned\n|clearpoke\n|poke|p1|Xurkitree|\n|poke|p1|Iron Valiant|\n|poke|p1|Chandelure, M|\n|poke|p1|Landorus-Therian, M|\n|poke|p1|Kartana|\n|poke|p1|Farigiraf, M|\n|poke|p2|Shuckle, F|\n|poke|p2|Pelipper, F|\n|poke|p2|Cresselia, F|\n|poke|p2|Torkoal, M|\n|poke|p2|Oranguru, F|\n|poke|p2|Ursaluna, M|\n|teampreview\n|\n|t:|1699206345\n|start\n|switch|p1a: Chandelure|Chandelure, M|100\/100\n|switch|p1b: Landorus|Landorus-Therian, M|100\/100\n|switch|p2a: Shucky|Shuckle, F, shiny|100\/100\n|switch|p2b: munke|Oranguru, F|100\/100\n|-ability|p1b: Landorus|Intimidate|boost\n|-unboost|p2a: Shucky|atk|1\n|-unboost|p2b: munke|atk|1\n|-item|p1a: Chandelure|Air Balloon\n|turn|1\n|\n|t:|1699206361\n|move|p1b: Landorus|U-turn|p2b: munke\n|-supereffective|p2b: munke\n|-damage|p2b: munke|51\/100\n|\n|t:|1699206366\n|switch|p1b: Kartana|Kartana|100\/100|[from] U-turn\n|move|p1a: Chandelure|Imprison|p1a: Chandelure\n|-start|p1a: Chandelure|move: Imprison\n|move|p2a: Shucky|Power Trick|p2a: Shucky\n|-start|p2a: Shucky|Power Trick\n|cant|p2b: munke|move: Imprison|Trick Room\n|\n|upkeep\n|turn|2\n|inactive|Battle timer is ON: inactive players will automatically lose when time's up. (requested by the maraculous)\n|\n|t:|1699206422\n|move|p1b: Kartana|Smart Strike|p2a: Shucky\n|-supereffective|p2a: Shucky\n|-ability|p2a: Shucky|Sturdy\n|-damage|p2a: Shucky|1\/100\n|move|p1a: Chandelure|Flamethrower|p2a: Shucky\n|-damage|p2a: Shucky|0 fnt\n|faint|p2a: Shucky\n|move|p2b: munke|Instruct|p2: Shucky|[notarget]\n|-fail|p2b: munke\n|\n|upkeep\n|inactive|MathHacker has 120 seconds left.\n|\n|t:|1699206465\n|switch|p2a: Bird|Pelipper, F|100\/100\n|-weather|RainDance|[from] ability: Drizzle|[of] p2a: Bird\n|turn|3\n|\n|t:|1699206479\n|move|p1b: Kartana|Leaf Blade|p2a: Bird\n|-damage|p2a: Bird|37\/100\n|move|p1a: Chandelure|Shadow Ball|p2a: Bird\n|-damage|p2a: Bird|0 fnt\n|faint|p2a: Bird\n|move|p2b: munke|Instruct|p2: Bird|[notarget]\n|-fail|p2b: munke\n|\n|-weather|RainDance|[upkeep]\n|upkeep\n|inactive|MathHacker has 120 seconds left.\n|\n|t:|1699206512\n|switch|p2a: ber|Ursaluna, M|100\/100\n|turn|4\n|inactive|MathHacker has 120 seconds left.\n|\n|t:|1699206520\n|switch|p2b: Cresselia|Cresselia, F, shiny|100\/100\n|move|p2a: ber|Protect|p2a: ber\n|-singleturn|p2a: ber|Protect\n|move|p1b: Kartana|Leaf Blade|p2b: Cresselia\n|-damage|p2b: Cresselia|67\/100\n|move|p1a: Chandelure|Flamethrower|p2b: Cresselia\n|-damage|p2b: Cresselia|52\/100\n|-status|p2b: Cresselia|brn\n|\n|-weather|RainDance|[upkeep]\n|-heal|p2b: Cresselia|58\/100 brn|[from] item: Leftovers\n|-damage|p2b: Cresselia|52\/100 brn|[from] brn\n|-status|p2a: ber|brn|[from] item: Flame Orb\n|upkeep\n|turn|5\n|\n|t:|1699206543\n|move|p2b: Cresselia|Ally Switch|p2b: Cresselia\n|swap|p2b: Cresselia|0|[from] move: Ally Switch\n|move|p1b: Kartana|Leaf Blade|p2a: Cresselia\n|-damage|p2a: Cresselia|19\/100 brn\n|move|p1a: Chandelure|Shadow Ball|p2b: ber\n|-immune|p2b: ber\n|move|p2b: ber|Earthquake|p1b: Kartana|[spread] p1b\n|-immune|p2a: Cresselia|[from] ability: Levitate\n|-immune|p1a: Chandelure\n|-damage|p1b: Kartana|36\/100\n|\n|-weather|RainDance|[upkeep]\n|-heal|p2a: Cresselia|25\/100 brn|[from] item: Leftovers\n|-damage|p2a: Cresselia|19\/100 brn|[from] brn\n|-damage|p2b: ber|94\/100 brn|[from] brn\n|upkeep\n|turn|6\n|inactive|MathHacker has 120 seconds left.\n|\n|t:|1699206589\n|move|p1b: Kartana|Leaf Blade|p2b: ber\n|-supereffective|p2b: ber\n|-damage|p2b: ber|0 fnt\n|faint|p2b: ber\n|-ability|p1b: Kartana|Beast Boost|boost\n|-boost|p1b: Kartana|atk|1\n|move|p1a: Chandelure|Shadow Ball|p2a: Cresselia\n|-supereffective|p2a: Cresselia\n|-damage|p2a: Cresselia|0 fnt\n|faint|p2a: Cresselia\n|\n|-weather|RainDance|[upkeep]\n|upkeep\n|\n|t:|1699206600\n|switch|p2a: Yertle|Torkoal, M|100\/100\n|switch|p2b: munke|Oranguru, F|51\/100\n|-weather|SunnyDay|[from] ability: Drought|[of] p2a: Yertle\n|turn|7\n|inactive|MathHacker has 120 seconds left.\n|\n|t:|1699206620\n|move|p2b: munke|Protect|p2b: munke\n|-singleturn|p2b: munke|Protect\n|move|p1b: Kartana|Leaf Blade|p2b: munke\n|-activate|p2b: munke|move: Protect\n|move|p1a: Chandelure|Shadow Ball|p2a: Yertle\n|-damage|p2a: Yertle|42\/100\n|move|p2a: Yertle|Eruption|p1b: Kartana|[spread] p1b\n|-start|p1a: Chandelure|ability: Flash Fire\n|-supereffective|p1b: Kartana\n|-damage|p1b: Kartana|0 fnt\n|faint|p1b: Kartana\n|\n|-weather|SunnyDay|[upkeep]\n|upkeep\n|\n|t:|1699206636\n|switch|p1b: Xurkitree|Xurkitree|100\/100\n|turn|8\n|\n|t:|1699206652\n|-zpower|p1b: Xurkitree\n|move|p1b: Xurkitree|Gigavolt Havoc|p2a: Yertle|[zeffect]\n|-damage|p2a: Yertle|0 fnt\n|faint|p2a: Yertle\n|-ability|p1b: Xurkitree|Beast Boost|boost\n|-boost|p1b: Xurkitree|spa|1\n|move|p1a: Chandelure|Flamethrower|p2b: munke\n|-damage|p2b: munke|0 fnt\n|faint|p2b: munke\n|\n|win|the maraculous\n|raw|the maraculous's rating: 1391 &rarr; <strong>1411<\/strong><br \/>(+20 for winning)\n|raw|MathHacker's rating: 1389 &rarr; <strong>1369<\/strong><br \/>(-20 for losing)\n|l|\u2606the maraculous\n","uploadtime":1699207162,"views":4,"p1id":"themaraculous","p2id":"mathhacker","formatid":"gen9nationaldexdoubles","rating":1369,"private":0,"password":""}