{"id":"gen9nationaldexdoubles-1987674407","p1":"fumbari 24","p2":"Chiropt","format":"[Gen 9] National Dex Doubles","log":"|j|\u2606fumbari 24\n|j|\u2606Chiropt\n|t:|1699626458\n|gametype|doubles\n|player|p1|fumbari 24|hilbert|1223\n|player|p2|Chiropt|norman|1036\n|teamsize|p1|6\n|teamsize|p2|6\n|gen|9\n|tier|[Gen 9] National Dex Doubles\n|rated|\n|rule|HP Percentage Mod: HP is shown in percentages\n|rule|Endless Battle Clause: Forcing endless battles is banned\n|rule|OHKO Clause: OHKO moves are banned\n|rule|Evasion Moves Clause: Evasion moves are banned\n|rule|Evasion Abilities Clause: Evasion abilities are banned\n|rule|Species Clause: Limit one of each Pok\u00e9mon\n|rule|Gravity Sleep Clause: The combination of sleep-inducing moves with imperfect accuracy and Gravity or Gigantamax Orbeetle are banned\n|clearpoke\n|poke|p1|Thundurus, M|\n|poke|p1|Staraptor, M|\n|poke|p1|Blastoise, M|\n|poke|p1|Bronzong|\n|poke|p1|Blaziken, M|\n|poke|p1|Latias, F|\n|poke|p2|Shiftry, F|\n|poke|p2|Noivern, M|\n|poke|p2|Maushold|\n|poke|p2|Cloyster, M|\n|poke|p2|Oranguru, M|\n|poke|p2|Bombirdier, M|\n|teampreview\n|inactive|Battle timer is ON: inactive players will automatically lose when time's up. (requested by Chiropt)\n|\n|t:|1699626481\n|start\n|switch|p1a: Big Ben|Bronzong|100\/100\n|switch|p1b: Harbor|Blastoise, M|100\/100\n|switch|p2a: Oranguru|Oranguru, M|100\/100\n|switch|p2b: Bombirdier|Bombirdier, M|100\/100\n|turn|1\n|inactive|fumbari 24 has 120 seconds left.\n|\n|t:|1699626519\n|move|p1b: Harbor|Fake Out|p2b: Bombirdier\n|-damage|p2b: Bombirdier|92\/100\n|cant|p2b: Bombirdier|flinch\n|move|p2a: Oranguru|Light Screen|p2a: Oranguru\n|-sidestart|p2: Chiropt|move: Light Screen\n|-zpower|p1a: Big Ben\n|move|p1a: Big Ben|Z-Trick Room|p1a: Big Ben|[anim]Trick Room\n|-boost|p1a: Big Ben|accuracy|1|[zeffect]\n|-fieldstart|move: Trick Room|[of] p1a: Big Ben\n|\n|-heal|p2b: Bombirdier|98\/100|[from] item: Leftovers\n|upkeep\n|turn|2\n|inactive|Chiropt has 120 seconds left.\n|\n|t:|1699626574\n|move|p1a: Big Ben|Hypnosis|p2b: Bombirdier\n|-status|p2b: Bombirdier|slp|[from] move: Hypnosis\n|move|p2a: Oranguru|Reflect|p2a: Oranguru\n|-sidestart|p2: Chiropt|Reflect\n|move|p1b: Harbor|Scald|p2a: Oranguru\n|-damage|p2a: Oranguru|90\/100\n|cant|p2b: Bombirdier|slp\n|\n|-heal|p2b: Bombirdier|100\/100 slp|[from] item: Leftovers\n|upkeep\n|turn|3\n|inactive|Chiropt has 120 seconds left.\n|\n|t:|1699626597\n|move|p2a: Oranguru|Protect|p2a: Oranguru\n|-singleturn|p2a: Oranguru|Protect\n|move|p1a: Big Ben|Gyro Ball|p2b: Bombirdier\n|-damage|p2b: Bombirdier|77\/100 slp\n|move|p1b: Harbor|Scald|p2a: Oranguru\n|-activate|p2a: Oranguru|move: Protect\n|cant|p2b: Bombirdier|slp\n|\n|-heal|p2b: Bombirdier|83\/100 slp|[from] item: Leftovers\n|upkeep\n|turn|4\n|inactive|Chiropt has 120 seconds left.\n|\n|t:|1699626616\n|switch|p2a: Noivern|Noivern, M|100\/100\n|move|p1a: Big Ben|Gyro Ball|p2b: Bombirdier\n|-damage|p2b: Bombirdier|59\/100 slp\n|move|p1b: Harbor|Scald|p2a: Noivern\n|-resisted|p2a: Noivern\n|-damage|p2a: Noivern|91\/100\n|-status|p2a: Noivern|brn\n|cant|p2b: Bombirdier|slp\n|\n|-heal|p2b: Bombirdier|65\/100 slp|[from] item: Leftovers\n|-damage|p2a: Noivern|85\/100 brn|[from] brn\n|upkeep\n|turn|5\n|\n|t:|1699626633\n|move|p1a: Big Ben|Gyro Ball|p2a: Noivern\n|-damage|p2a: Noivern|40\/100 brn\n|-damage|p1a: Big Ben|84\/100|[from] item: Rocky Helmet|[of] p2a: Noivern\n|move|p1b: Harbor|Scald|p2b: Bombirdier\n|-damage|p2b: Bombirdier|51\/100 slp\n|-curestatus|p2b: Bombirdier|slp|[msg]\n|move|p2b: Bombirdier|Parting Shot|p1b: Harbor\n|-unboost|p1b: Harbor|atk|1\n|-unboost|p1b: Harbor|spa|1\n|inactive|Chiropt has 120 seconds left.\n|\n|t:|1699626645\n|switch|p2b: Shiftry|Shiftry, F|100\/100|[from] Parting Shot\n|move|p2a: Noivern|Tailwind|p2a: Noivern\n|-sidestart|p2: Chiropt|move: Tailwind\n|-ability|p2b: Shiftry|Wind Rider|boost\n|-boost|p2b: Shiftry|atk|1\n|\n|-damage|p2a: Noivern|34\/100 brn|[from] brn\n|-sideend|p2: Chiropt|move: Light Screen\n|-fieldend|move: Trick Room\n|upkeep\n|turn|6\n|\n|t:|1699626663\n|move|p1b: Harbor|Follow Me|p1b: Harbor\n|-singleturn|p1b: Harbor|move: Follow Me\n|move|p2a: Noivern|U-turn|p1b: Harbor\n|-damage|p1b: Harbor|96\/100\n|\n|t:|1699626674\n|switch|p2a: Oranguru|Oranguru, M|90\/100|[from] U-turn\n|move|p2b: Shiftry|Power-Up Punch|p1b: Harbor\n|-damage|p1b: Harbor|84\/100\n|-boost|p2b: Shiftry|atk|1\n|move|p1a: Big Ben|Trick Room|p1a: Big Ben\n|-fieldstart|move: Trick Room|[of] p1a: Big Ben\n|\n|-heal|p1b: Harbor|90\/100|[from] item: Leftovers\n|-sideend|p2: Chiropt|Reflect\n|upkeep\n|turn|7\n|\n|t:|1699626689\n|move|p1a: Big Ben|Gyro Ball|p2b: Shiftry\n|-damage|p2b: Shiftry|6\/100\n|move|p1b: Harbor|Scald|p2b: Shiftry\n|-resisted|p2b: Shiftry\n|-damage|p2b: Shiftry|0 fnt\n|faint|p2b: Shiftry\n|move|p2a: Oranguru|Instruct|p2: Shiftry|[notarget]\n|-fail|p2a: Oranguru\n|\n|-heal|p1b: Harbor|96\/100|[from] item: Leftovers\n|upkeep\n|-message|Chiropt forfeited.\n|\n|win|fumbari 24\n|raw|fumbari 24's rating: 1223 &rarr; <strong>1236<\/strong><br \/>(+13 for winning)\n|raw|Chiropt's rating: 1036 &rarr; <strong>1028<\/strong><br \/>(-8 for losing)\n|l|\u2606Chiropt\n","uploadtime":1699626700,"views":14,"p1id":"fumbari24","p2id":"chiropt","formatid":"gen9nationaldexdoubles","rating":1028,"private":0,"password":""}