{"id":"gen9nationaldexdoubles-1947498291","p1":"Backs To The Wind","p2":"Isi d djdh","format":"[Gen 9] National Dex Doubles","log":"|j|\u2606Backs To The Wind\n|j|\u2606Isi d djdh\n|t:|1695166537\n|gametype|doubles\n|player|p1|Backs To The Wind|lady|1095\n|player|p2|Isi d djdh|youngster-gen4dp|1040\n|teamsize|p1|6\n|teamsize|p2|6\n|gen|9\n|tier|[Gen 9] National Dex Doubles\n|rated|\n|rule|HP Percentage Mod: HP is shown in percentages\n|rule|Endless Battle Clause: Forcing endless battles is banned\n|rule|OHKO Clause: OHKO moves are banned\n|rule|Evasion Moves Clause: Evasion moves are banned\n|rule|Evasion Abilities Clause: Evasion abilities are banned\n|rule|Species Clause: Limit one of each Pok\u00e9mon\n|rule|Gravity Sleep Clause: The combination of sleep-inducing moves with imperfect accuracy and Gravity or Gigantamax Orbeetle are banned\n|clearpoke\n|poke|p1|Glaceon, F|\n|poke|p1|Espeon, M|\n|poke|p1|Hippowdon, F|\n|poke|p1|Pelipper, F|\n|poke|p1|Torkoal, F|\n|poke|p1|Ninetales-Alola, M|\n|poke|p2|Indeedee, M|\n|poke|p2|Deoxys-Attack|\n|poke|p2|Typhlosion, M|\n|poke|p2|Kartana|\n|poke|p2|Murkrow, F|\n|poke|p2|Shuckle, F|\n|teampreview\n|\n|t:|1695166541\n|start\n|switch|p1a: Another one|Glaceon, F|100\/100\n|switch|p1b: Dust|Espeon, M|100\/100\n|switch|p2a: Murkrow|Murkrow, F|100\/100\n|switch|p2b: Shuckle|Shuckle, F|100\/100\n|turn|1\n|\n|t:|1695166554\n|move|p2a: Murkrow|Perish Song|p2a: Murkrow\n|-start|p1a: Another one|perish3|[silent]\n|-start|p1b: Dust|perish3|[silent]\n|-start|p2a: Murkrow|perish3|[silent]\n|-start|p2b: Shuckle|perish3|[silent]\n|-fieldactivate|move: Perish Song\n|move|p1a: Another one|Bite|p1b: Dust\n|-supereffective|p1b: Dust\n|-damage|p1b: Dust|63\/100\n|-enditem|p1b: Dust|Weakness Policy\n|-boost|p1b: Dust|atk|2|[from] item: Weakness Policy\n|-boost|p1b: Dust|spa|2|[from] item: Weakness Policy\n|move|p1b: Dust|Draining Kiss|p2a: Murkrow\n|-supereffective|p2a: Murkrow\n|-enditem|p2a: Murkrow|Focus Sash\n|-damage|p2a: Murkrow|1\/100\n|-heal|p1b: Dust|100\/100|[from] drain|[of] p2a: Murkrow\n|move|p2b: Shuckle|Toxic|p1a: Another one\n|-status|p1a: Another one|tox\n|\n|-damage|p1a: Another one|95\/100 tox|[from] psn\n|-start|p1a: Another one|perish3\n|-start|p1b: Dust|perish3\n|-start|p2a: Murkrow|perish3\n|-start|p2b: Shuckle|perish3\n|upkeep\n|turn|2\n|\n|t:|1695166582\n|move|p2a: Murkrow|Tailwind|p2a: Murkrow\n|-sidestart|p2: Isi d djdh|move: Tailwind\n|move|p1a: Another one|Copycat|p1a: Another one\n|move|p1a: Another one|Tailwind|p1a: Another one|[from]move: Copycat\n|-sidestart|p1: Backs To The Wind|move: Tailwind\n|move|p1b: Dust|Draining Kiss|p2a: Murkrow\n|-supereffective|p2a: Murkrow\n|-damage|p2a: Murkrow|0 fnt\n|faint|p2a: Murkrow\n|move|p2b: Shuckle|Power Split|p1b: Dust\n|-activate|p2b: Shuckle|move: Power Split|[of] p1b: Dust\n|\n|-damage|p1a: Another one|83\/100 tox|[from] psn\n|-start|p1a: Another one|perish2\n|-start|p1b: Dust|perish2\n|-start|p2b: Shuckle|perish2\n|upkeep\n|\n|t:|1695166621\n|switch|p2a: Deoxys|Deoxys-Attack|100\/100\n|-ability|p2a: Deoxys|Pressure\n|turn|3\n|\n|t:|1695166631\n|switch|p2b: Indeedee|Indeedee, M|100\/100\n|-fieldstart|move: Psychic Terrain|[from] ability: Psychic Surge|[of] p2b: Indeedee\n|move|p2a: Deoxys|Shadow Ball|p1b: Dust\n|-supereffective|p1b: Dust\n|-damage|p1b: Dust|7\/100\n|move|p1a: Another one|Bite|p2a: Deoxys\n|-supereffective|p2a: Deoxys\n|-damage|p2a: Deoxys|20\/100\n|move|p1b: Dust|Zap Cannon|p2a: Deoxys|[miss]\n|-miss|p1b: Dust|p2a: Deoxys\n|\n|-damage|p1a: Another one|65\/100 tox|[from] psn\n|-start|p1a: Another one|perish1\n|-start|p1b: Dust|perish1\n|upkeep\n|turn|4\n|\n|t:|1695166650\n|move|p2a: Deoxys|Psyshock|p1a: Another one\n|-damage|p1a: Another one|3\/100 tox\n|move|p2b: Indeedee|Expanding Force|p1b: Dust|[spread] p1a,p1b\n|-resisted|p1b: Dust\n|-damage|p1a: Another one|0 fnt\n|-damage|p1b: Dust|0 fnt\n|faint|p1a: Another one\n|faint|p1b: Dust\n|\n|upkeep\n|inactive|Battle timer is ON: inactive players will automatically lose when time's up. (requested by Isi d djdh)\n|\n|t:|1695166668\n|switch|p1a: Torkoal|Torkoal, F|100\/100\n|switch|p1b: Hippowdon|Hippowdon, F|100\/100\n|-weather|Sandstorm|[from] ability: Sand Stream|[of] p1b: Hippowdon\n|-weather|SunnyDay|[from] ability: Drought|[of] p1a: Torkoal\n|turn|5\n|\n|t:|1695166693\n|-terastallize|p2b: Indeedee|Psychic\n|move|p2a: Deoxys|Psyshock|p1b: Hippowdon\n|-damage|p1b: Hippowdon|46\/100\n|move|p2b: Indeedee|Expanding Force|p1b: Hippowdon|[spread] p1a,p1b\n|-damage|p1a: Torkoal|0 fnt\n|-damage|p1b: Hippowdon|0 fnt\n|faint|p1a: Torkoal\n|faint|p1b: Hippowdon\n|\n|-weather|SunnyDay|[upkeep]\n|-sideend|p2: Isi d djdh|move: Tailwind\n|-sideend|p1: Backs To The Wind|move: Tailwind\n|upkeep\n|c|\u2606Backs To The Wind|Their both scarfed\n|\n|t:|1695166713\n|switch|p1b: Ninetales|Ninetales-Alola, M|100\/100\n|switch|p1a: Pelipper|Pelipper, F|100\/100\n|-weather|Snow|[from] ability: Snow Warning|[of] p1b: Ninetales\n|-weather|RainDance|[from] ability: Drizzle|[of] p1a: Pelipper\n|turn|6\n|\n|t:|1695166726\n|move|p2a: Deoxys|Psyshock|p1a: Pelipper\n|-damage|p1a: Pelipper|28\/100\n|move|p2b: Indeedee|Expanding Force|p1a: Pelipper|[spread] p1a,p1b\n|-damage|p1a: Pelipper|0 fnt\n|-damage|p1b: Ninetales|36\/100\n|faint|p1a: Pelipper\n|move|p1b: Ninetales|Powder Snow|p2b: Indeedee|[spread] p2a,p2b\n|-damage|p2a: Deoxys|0 fnt\n|-damage|p2b: Indeedee|83\/100\n|faint|p2a: Deoxys\n|\n|-weather|RainDance|[upkeep]\n|upkeep\n|\n|t:|1695166736\n|switch|p2a: Kartana|Kartana|100\/100\n|turn|7\n|-message|Backs To The Wind forfeited.\n|\n|win|Isi d djdh\n|raw|Backs To The Wind's rating: 1095 &rarr; <strong>1069<\/strong><br \/>(-26 for losing)\n|raw|Isi d djdh's rating: 1070 &rarr; <strong>1102<\/strong><br \/>(+32 for winning)\n|l|\u2606Backs To The Wind\n","uploadtime":1695166740,"views":3,"p1id":"backstothewind","p2id":"isiddjdh","formatid":"gen9nationaldexdoubles","rating":1069,"private":0,"password":""}