{"id":"gen9nationaldexdoubles-1956653460","p1":"masterash","p2":"Creepystank","format":"[Gen 9] National Dex Doubles","log":"|j|\u2606masterash\n|j|\u2606Creepystank\n|t:|1696131225\n|gametype|doubles\n|player|p1|masterash|ash|1131\n|player|p2|Creepystank|cynthia-gen4|1135\n|teamsize|p1|6\n|teamsize|p2|6\n|gen|9\n|tier|[Gen 9] National Dex Doubles\n|rated|\n|rule|HP Percentage Mod: HP is shown in percentages\n|rule|Endless Battle Clause: Forcing endless battles is banned\n|rule|OHKO Clause: OHKO moves are banned\n|rule|Evasion Moves Clause: Evasion moves are banned\n|rule|Evasion Abilities Clause: Evasion abilities are banned\n|rule|Species Clause: Limit one of each Pok\u00e9mon\n|rule|Gravity Sleep Clause: The combination of sleep-inducing moves with imperfect accuracy and Gravity or Gigantamax Orbeetle are banned\n|clearpoke\n|poke|p1|Empoleon, M|\n|poke|p1|Lopunny, F|\n|poke|p1|Pachirisu, M|\n|poke|p1|Typhlosion-Hisui, M|\n|poke|p1|Mamoswine, M|\n|poke|p1|Togekiss, M|\n|poke|p2|Azelf|\n|poke|p2|Crawdaunt, M|\n|poke|p2|Noivern, F|\n|poke|p2|Dragapult, F|\n|poke|p2|Armarouge, M|\n|poke|p2|Indeedee-F, F|\n|teampreview\n|inactive|Battle timer is ON: inactive players will automatically lose when time's up. (requested by Creepystank)\n|\n|t:|1696131234\n|start\n|switch|p1a: Benjamin|Empoleon, M|100\/100\n|switch|p1b: Hadassah|Lopunny, F|100\/100\n|switch|p2a: Azelf|Azelf, shiny|100\/100\n|switch|p2b: Dragapult|Dragapult, F, shiny|100\/100\n|turn|1\n|inactive|Creepystank has 120 seconds left.\n|inactive|Creepystank has 90 seconds left.\n|\n|t:|1696131295\n|detailschange|p1b: Hadassah|Lopunny-Mega, F\n|-mega|p1b: Hadassah|Lopunny|Lopunnite\n|move|p1b: Hadassah|Fake Out|p2b: Dragapult\n|-damage|p2b: Dragapult|68\/100\n|cant|p2b: Dragapult|flinch\n|move|p2a: Azelf|Explosion|p1a: Benjamin|[spread] p1a,p1b\n|-immune|p2b: Dragapult\n|-resisted|p1a: Benjamin\n|-damage|p1a: Benjamin|50\/100\n|-damage|p1b: Hadassah|0 fnt\n|faint|p2a: Azelf\n|faint|p1b: Hadassah\n|move|p1a: Benjamin|Blizzard|p2b: Dragapult\n|-supereffective|p2b: Dragapult\n|-damage|p2b: Dragapult|0 fnt\n|faint|p2b: Dragapult\n|\n|upkeep\n|\n|t:|1696131315\n|switch|p2b: Crawdaunt|Crawdaunt, M, shiny|100\/100\n|switch|p1b: Klep|Pachirisu, M|100\/100\n|switch|p2a: Noivern|Noivern, F|100\/100\n|turn|2\n|inactive|Creepystank has 120 seconds left.\n|\n|t:|1696131336\n|move|p2a: Noivern|Tailwind|p2a: Noivern\n|-sidestart|p2: Creepystank|move: Tailwind\n|move|p2b: Crawdaunt|Dragon Dance|p2b: Crawdaunt\n|-boost|p2b: Crawdaunt|atk|1\n|-boost|p2b: Crawdaunt|spe|1\n|move|p1b: Klep|Nuzzle|p2b: Crawdaunt\n|-supereffective|p2b: Crawdaunt\n|-damage|p2b: Crawdaunt|83\/100\n|-status|p2b: Crawdaunt|par\n|move|p1a: Benjamin|Blizzard|p2b: Crawdaunt|[spread] p2b\n|-miss|p1a: Benjamin|p2a: Noivern\n|-resisted|p2b: Crawdaunt\n|-damage|p2b: Crawdaunt|63\/100 par\n|\n|upkeep\n|turn|3\n|inactive|Creepystank has 120 seconds left.\n|\n|t:|1696131364\n|-terastallize|p2b: Crawdaunt|Steel\n|move|p2a: Noivern|Boomburst|p1a: Benjamin|[spread] p2b,p1a,p1b\n|-resisted|p2b: Crawdaunt\n|-resisted|p1a: Benjamin\n|-crit|p1a: Benjamin\n|-damage|p2b: Crawdaunt|42\/100 par\n|-damage|p1a: Benjamin|31\/100\n|-damage|p1b: Klep|61\/100\n|-enditem|p2a: Noivern|Throat Spray\n|-boost|p2a: Noivern|spa|1|[from] item: Throat Spray\n|move|p1b: Klep|Encore|p2a: Noivern\n|-start|p2a: Noivern|Encore\n|cant|p2b: Crawdaunt|par\n|move|p1a: Benjamin|Blizzard|p2a: Noivern|[spread] p2a,p2b\n|-supereffective|p2a: Noivern\n|-resisted|p2b: Crawdaunt\n|-crit|p2b: Crawdaunt\n|-damage|p2a: Noivern|0 fnt\n|-damage|p2b: Crawdaunt|12\/100 par\n|faint|p2a: Noivern\n|\n|upkeep\n|\n|t:|1696131380\n|switch|p2a: Like my perm?|Indeedee-F, F, shiny|100\/100\n|-fieldstart|move: Psychic Terrain|[from] ability: Psychic Surge|[of] p2a: Like my perm?\n|-enditem|p2a: Like my perm?|Psychic Seed\n|-boost|p2a: Like my perm?|spd|1|[from] item: Psychic Seed\n|turn|4\n|inactive|Creepystank has 120 seconds left.\n|\n|t:|1696131415\n|move|p1b: Klep|Nuzzle|p2a: Like my perm?\n|-damage|p2a: Like my perm?|94\/100\n|-status|p2a: Like my perm?|par\n|move|p2b: Crawdaunt|Crabhammer|p1a: Benjamin|[miss]\n|-miss|p2b: Crawdaunt|p1a: Benjamin\n|-enditem|p2b: Crawdaunt|Blunder Policy\n|-boost|p2b: Crawdaunt|spe|2\n|move|p1a: Benjamin|Chilling Water|p2b: Crawdaunt\n|-damage|p2b: Crawdaunt|0 fnt\n|faint|p2b: Crawdaunt\n|move|p2a: Like my perm?|Trick Room|p2a: Like my perm?\n|-fieldstart|move: Trick Room|[of] p2a: Like my perm?\n|\n|upkeep\n|inactive|Creepystank has 90 seconds left.\n|\n|t:|1696131427\n|switch|p2b: Noble steed|Armarouge, M, shiny|100\/100\n|-enditem|p2b: Noble steed|Room Service\n|-unboost|p2b: Noble steed|spe|1|[from] item: Room Service\n|turn|5\n|\n|t:|1696131447\n|move|p2a: Like my perm?|Helping Hand|p2b: Noble steed\n|-singleturn|p2b: Noble steed|Helping Hand|[of] p2a: Like my perm?\n|move|p1a: Benjamin|Chilling Water|p2b: Noble steed\n|-supereffective|p2b: Noble steed\n|-damage|p2b: Noble steed|45\/100\n|-unboost|p2b: Noble steed|atk|1\n|move|p2b: Noble steed|Expanding Force|p1b: Klep|[spread] p1a,p1b\n|-resisted|p1a: Benjamin\n|-damage|p1a: Benjamin|0 fnt\n|-damage|p1b: Klep|0 fnt\n|faint|p1a: Benjamin\n|faint|p1b: Klep\n|\n|-sideend|p2: Creepystank|move: Tailwind\n|upkeep\n|\n|t:|1696131464\n|switch|p1a: Mamoswine|Mamoswine, M|100\/100\n|switch|p1b: Togekiss|Togekiss, M|100\/100\n|turn|6\n|\n|t:|1696131478\n|cant|p2a: Like my perm?|par\n|move|p2b: Noble steed|Expanding Force|p1a: Mamoswine|[spread] p1a,p1b\n|-damage|p1a: Mamoswine|11\/100\n|-damage|p1b: Togekiss|37\/100\n|move|p1a: Mamoswine|Earthquake|p2a: Like my perm?|[spread] p2a,p2b\n|-immune|p1b: Togekiss\n|-supereffective|p2b: Noble steed\n|-damage|p2a: Like my perm?|24\/100 par\n|-damage|p2b: Noble steed|0 fnt\n|faint|p2b: Noble steed\n|move|p1b: Togekiss|Dazzling Gleam|p2a: Like my perm?\n|-damage|p2a: Like my perm?|0 fnt\n|faint|p2a: Like my perm?\n|\n|win|masterash\n|raw|masterash's rating: 1131 &rarr; <strong>1159<\/strong><br \/>(+28 for winning)\n|raw|Creepystank's rating: 1178 &rarr; <strong>1150<\/strong><br \/>(-28 for losing)\n|l|\u2606Creepystank\n|c|\u2606masterash|GG\n","uploadtime":1696131620,"views":9,"p1id":"masterash","p2id":"creepystank","formatid":"gen9nationaldexdoubles","rating":1150,"private":0,"password":""}