{"id":"gen9nationaldexdoubles-1972167203","p1":"KingGodzila","p2":"BlueB4llz","format":"[Gen 9] National Dex Doubles","log":"|j|\u2606KingGodzila\n|j|\u2606BlueB4llz\n|t:|1697818283\n|gametype|doubles\n|player|p1|KingGodzila|bugsy|1209\n|player|p2|BlueB4llz|acetrainerf-gen4|1132\n|teamsize|p1|6\n|teamsize|p2|6\n|gen|9\n|tier|[Gen 9] National Dex Doubles\n|rated|\n|rule|HP Percentage Mod: HP is shown in percentages\n|rule|Endless Battle Clause: Forcing endless battles is banned\n|rule|OHKO Clause: OHKO moves are banned\n|rule|Evasion Moves Clause: Evasion moves are banned\n|rule|Evasion Abilities Clause: Evasion abilities are banned\n|rule|Species Clause: Limit one of each Pok\u00e9mon\n|rule|Gravity Sleep Clause: The combination of sleep-inducing moves with imperfect accuracy and Gravity or Gigantamax Orbeetle are banned\n|clearpoke\n|poke|p1|Vikavolt, M|\n|poke|p1|Lokix, M|\n|poke|p1|Golisopod, M|\n|poke|p1|Cresselia, F|\n|poke|p1|Escavalier, M|\n|poke|p1|Charjabug, F|\n|poke|p2|Armarouge, F|\n|poke|p2|Dragapult, F|\n|poke|p2|Indeedee-F, F|\n|poke|p2|Flamigo, F|\n|poke|p2|Garganacl, M|\n|poke|p2|Gengar, F|\n|teampreview\n|\n|t:|1697818295\n|start\n|switch|p1a: \u7f8e\u68a6\u8001\u5988|Cresselia, F|100\/100\n|switch|p1b: \u80fd\u8fdb\u80fd\u9000\u65b9\u6b66\u8005|Golisopod, M, shiny|100\/100\n|switch|p2a: LAME AS FUCK|Flamigo, F|100\/100\n|switch|p2b: Expendables 5|Garganacl, M|100\/100\n|-copyboost|p2a: LAME AS FUCK|p2b: Expendables 5|[from] ability: Costar\n|turn|1\n|\n|t:|1697818320\n|move|p1b: \u80fd\u8fdb\u80fd\u9000\u65b9\u6b66\u8005|First Impression|p2b: Expendables 5\n|-crit|p2b: Expendables 5\n|-damage|p2b: Expendables 5|50\/100\n|move|p2a: LAME AS FUCK|Throat Chop|p1a: \u7f8e\u68a6\u8001\u5988\n|-supereffective|p1a: \u7f8e\u68a6\u8001\u5988\n|-damage|p1a: \u7f8e\u68a6\u8001\u5988|67\/100\n|-start|p1a: \u7f8e\u68a6\u8001\u5988|Throat Chop|[silent]\n|move|p2b: Expendables 5|Rock Slide|p1a: \u7f8e\u68a6\u8001\u5988|[spread] p1a,p1b\n|-supereffective|p1b: \u80fd\u8fdb\u80fd\u9000\u65b9\u6b66\u8005\n|-damage|p1a: \u7f8e\u68a6\u8001\u5988|40\/100\n|-damage|p1b: \u80fd\u8fdb\u80fd\u9000\u65b9\u6b66\u8005|46\/100\n|-activate|p1b: \u80fd\u8fdb\u80fd\u9000\u65b9\u6b66\u8005|ability: Emergency Exit\n|\n|t:|1697818339\n|switch|p1b: \u7535\u5149\u8f68\u9053\u70ae|Vikavolt, M|100\/100\n|move|p1a: \u7f8e\u68a6\u8001\u5988|Trick Room|p1a: \u7f8e\u68a6\u8001\u5988\n|-fieldstart|move: Trick Room|[of] p1a: \u7f8e\u68a6\u8001\u5988\n|\n|-heal|p1a: \u7f8e\u68a6\u8001\u5988|46\/100|[from] item: Leftovers\n|upkeep\n|turn|2\n|\n|t:|1697818364\n|switch|p1a: Charjabug|Charjabug, F, shiny|100\/100\n|move|p1b: \u7535\u5149\u8f68\u9053\u70ae|Discharge|p2b: Expendables 5|[spread] p1a,p2a,p2b\n|-resisted|p1a: Charjabug\n|-crit|p1a: Charjabug\n|-supereffective|p2a: LAME AS FUCK\n|-damage|p1a: Charjabug|56\/100\n|-damage|p2a: LAME AS FUCK|0 fnt\n|-damage|p2b: Expendables 5|0 fnt\n|faint|p2a: LAME AS FUCK\n|faint|p2b: Expendables 5\n|-damage|p1b: \u7535\u5149\u8f68\u9053\u70ae|91\/100|[from] item: Life Orb\n|\n|upkeep\n|\n|t:|1697818379\n|switch|p2b: Smelly?|Gengar, F|100\/100\n|switch|p2a: Croissants|Indeedee-F, F|100\/100\n|-fieldstart|move: Psychic Terrain|[from] ability: Psychic Surge|[of] p2a: Croissants\n|turn|3\n|\n|t:|1697818407\n|move|p1a: Charjabug|Struggle Bug|p2b: Smelly?|[spread] p2a,p2b\n|-supereffective|p2a: Croissants\n|-resisted|p2b: Smelly?\n|-damage|p2a: Croissants|81\/100\n|-damage|p2b: Smelly?|97\/100\n|-unboost|p2a: Croissants|spa|1\n|-unboost|p2b: Smelly?|spa|1\n|move|p1b: \u7535\u5149\u8f68\u9053\u70ae|Discharge|p2b: Smelly?|[spread] p1a,p2a,p2b\n|-resisted|p1a: Charjabug\n|-damage|p1a: Charjabug|28\/100\n|-damage|p2a: Croissants|4\/100\n|-damage|p2b: Smelly?|0 fnt\n|-status|p2a: Croissants|par\n|faint|p2b: Smelly?\n|-damage|p1b: \u7535\u5149\u8f68\u9053\u70ae|81\/100|[from] item: Life Orb\n|move|p2a: Croissants|Dazzling Gleam|p1b: \u7535\u5149\u8f68\u9053\u70ae|[spread] p1a,p1b\n|-damage|p1a: Charjabug|18\/100\n|-damage|p1b: \u7535\u5149\u8f68\u9053\u70ae|67\/100\n|\n|upkeep\n|\n|t:|1697818424\n|switch|p2b: Digimonlookinass|Armarouge, F|100\/100\n|turn|4\n|\n|t:|1697818434\n|-terastallize|p1b: \u7535\u5149\u8f68\u9053\u70ae|Electric\n|move|p1a: Charjabug|Protect|p1a: Charjabug\n|-singleturn|p1a: Charjabug|Protect\n|move|p2b: Digimonlookinass|Protect|p2b: Digimonlookinass\n|-singleturn|p2b: Digimonlookinass|Protect\n|move|p1b: \u7535\u5149\u8f68\u9053\u70ae|Discharge|p2b: Digimonlookinass|[spread] p2a\n|-activate|p1a: Charjabug|move: Protect\n|-activate|p2b: Digimonlookinass|move: Protect\n|-damage|p2a: Croissants|0 fnt\n|faint|p2a: Croissants\n|-damage|p1b: \u7535\u5149\u8f68\u9053\u70ae|57\/100|[from] item: Life Orb\n|\n|upkeep\n|\n|t:|1697818444\n|switch|p2a: Dead Pet Geck|Dragapult, F|100\/100\n|turn|5\n|\n|t:|1697818470\n|-terastallize|p2b: Digimonlookinass|Psychic\n|move|p2b: Digimonlookinass|Protect||[still]\n|-fail|p2b: Digimonlookinass\n|move|p1a: Charjabug|Toxic|p2a: Dead Pet Geck\n|-status|p2a: Dead Pet Geck|tox\n|move|p1b: \u7535\u5149\u8f68\u9053\u70ae|Discharge|p2a: Dead Pet Geck|[spread] p1a,p2a,p2b\n|-resisted|p1a: Charjabug\n|-resisted|p2a: Dead Pet Geck\n|-damage|p1a: Charjabug|0 fnt\n|-damage|p2a: Dead Pet Geck|40\/100 tox\n|-damage|p2b: Digimonlookinass|0 fnt\n|faint|p1a: Charjabug\n|faint|p2b: Digimonlookinass\n|-damage|p1b: \u7535\u5149\u8f68\u9053\u70ae|47\/100|[from] item: Life Orb\n|move|p2a: Dead Pet Geck|U-turn|p2: Digimonlookinass|[notarget]\n|-fail|p2a: Dead Pet Geck\n|\n|-damage|p2a: Dead Pet Geck|34\/100 tox|[from] psn\n|-fieldend|move: Trick Room\n|upkeep\n|-message|BlueB4llz forfeited.\n|\n|win|KingGodzila\n|raw|KingGodzila's rating: 1209 &rarr; <strong>1229<\/strong><br \/>(+20 for winning)\n|raw|BlueB4llz's rating: 1132 &rarr; <strong>1112<\/strong><br \/>(-20 for losing)\n|l|\u2606BlueB4llz\n","uploadtime":1697818492,"views":12,"p1id":"kinggodzila","p2id":"blueb4llz","formatid":"gen9nationaldexdoubles","rating":1112,"private":0,"password":""}