{"id":"gen9nationaldexdoubles-1974321576","p1":"interdimentional","p2":"Nerdygolem513","format":"[Gen 9] National Dex Doubles","log":"|j|\u2606interdimentional\n|j|\u2606Nerdygolem513\n|t:|1698077717\n|gametype|doubles\n|player|p1|interdimentional|steven|1216\n|player|p2|Nerdygolem513|skullgrunt|1370\n|teamsize|p1|6\n|teamsize|p2|6\n|gen|9\n|tier|[Gen 9] National Dex Doubles\n|rated|\n|rule|HP Percentage Mod: HP is shown in percentages\n|rule|Endless Battle Clause: Forcing endless battles is banned\n|rule|OHKO Clause: OHKO moves are banned\n|rule|Evasion Moves Clause: Evasion moves are banned\n|rule|Evasion Abilities Clause: Evasion abilities are banned\n|rule|Species Clause: Limit one of each Pok\u00e9mon\n|rule|Gravity Sleep Clause: The combination of sleep-inducing moves with imperfect accuracy and Gravity or Gigantamax Orbeetle are banned\n|clearpoke\n|poke|p1|Kommo-o, M|\n|poke|p1|Iron Hands|\n|poke|p1|Ogerpon-Hearthflame, F|\n|poke|p1|Fezandipiti, M|\n|poke|p1|Cresselia, F|\n|poke|p1|Gliscor, F|\n|poke|p2|Tapu Koko|\n|poke|p2|Indeedee-F, F|\n|poke|p2|Raichu-Alola, F|\n|poke|p2|Alakazam, F|\n|poke|p2|Iron Valiant|\n|poke|p2|Farigiraf, F|\n|teampreview\n|inactive|Battle timer is ON: inactive players will automatically lose when time's up. (requested by interdimentional)\n|\n|t:|1698077727\n|start\n|switch|p1a: Gliscor|Gliscor, F|100\/100\n|switch|p1b: Fezandipiti|Fezandipiti, M|100\/100\n|switch|p2a: Tapu Koko|Tapu Koko|100\/100\n|switch|p2b: Raichu|Raichu-Alola, F|100\/100\n|-fieldstart|move: Electric Terrain|[from] ability: Electric Surge|[of] p2a: Tapu Koko\n|turn|1\n|\n|t:|1698077742\n|move|p2b: Raichu|Rising Voltage|p1b: Fezandipiti\n|-hint|Rising Voltage's BP doubled on grounded target.\n|-damage|p1b: Fezandipiti|24\/100\n|-damage|p2b: Raichu|91\/100|[from] item: Life Orb\n|move|p2a: Tapu Koko|U-turn|p1a: Gliscor\n|-resisted|p1a: Gliscor\n|-damage|p1a: Gliscor|93\/100\n|\n|t:|1698077749\n|switch|p2a: Indeedee|Indeedee-F, F|100\/100|[from] U-turn\n|-fieldstart|move: Psychic Terrain|[from] ability: Psychic Surge|[of] p2a: Indeedee\n|move|p1a: Gliscor|Stealth Rock|p2b: Raichu\n|-sidestart|p2: Nerdygolem513|move: Stealth Rock\n|move|p1b: Fezandipiti|Tailwind|p1b: Fezandipiti\n|-sidestart|p1: interdimentional|move: Tailwind\n|\n|-heal|p1b: Fezandipiti|30\/100|[from] item: Leftovers\n|-status|p1a: Gliscor|tox|[from] item: Toxic Orb\n|upkeep\n|turn|2\n|inactive|Nerdygolem513 has 120 seconds left.\n|\n|t:|1698077781\n|move|p2b: Raichu|Protect|p2b: Raichu\n|-singleturn|p2b: Raichu|Protect\n|move|p1a: Gliscor|Knock Off|p2a: Indeedee\n|-supereffective|p2a: Indeedee\n|-damage|p2a: Indeedee|34\/100\n|-enditem|p2a: Indeedee|Leftovers|[from] move: Knock Off|[of] p1a: Gliscor\n|move|p1b: Fezandipiti|Icy Wind|p2a: Indeedee|[spread] p2a\n|-activate|p2b: Raichu|move: Protect\n|-damage|p2a: Indeedee|28\/100\n|-unboost|p2a: Indeedee|spe|1\n|move|p2a: Indeedee|Trick Room|p2a: Indeedee\n|-fieldstart|move: Trick Room|[of] p2a: Indeedee\n|\n|-heal|p1b: Fezandipiti|36\/100|[from] item: Leftovers\n|-heal|p1a: Gliscor|100\/100 tox|[from] ability: Poison Heal\n|upkeep\n|turn|3\n|\n|t:|1698077801\n|move|p1a: Gliscor|Protect|p1a: Gliscor\n|-singleturn|p1a: Gliscor|Protect\n|move|p2a: Indeedee|Expanding Force|p1a: Gliscor|[spread] p1b\n|-activate|p1a: Gliscor|move: Protect\n|-supereffective|p1b: Fezandipiti\n|-damage|p1b: Fezandipiti|0 fnt\n|faint|p1b: Fezandipiti\n|move|p2b: Raichu|Expanding Force|p1a: Gliscor\n|-activate|p1a: Gliscor|move: Protect\n|\n|upkeep\n|\n|t:|1698077808\n|switch|p1b: Iron Hands|Iron Hands|100\/100\n|turn|4\n|\n|t:|1698077819\n|switch|p1a: Cresselia|Cresselia, F|100\/100\n|move|p1b: Iron Hands|Fake Out|p2a: Indeedee\n|-activate|p2a: Indeedee|move: Psychic Terrain\n|move|p2a: Indeedee|Expanding Force|p1a: Cresselia|[spread] p1a,p1b\n|-resisted|p1a: Cresselia\n|-supereffective|p1b: Iron Hands\n|-damage|p1a: Cresselia|90\/100\n|-damage|p1b: Iron Hands|57\/100\n|move|p2b: Raichu|Expanding Force|p1a: Cresselia|[spread] p1a,p1b\n|-resisted|p1a: Cresselia\n|-supereffective|p1b: Iron Hands\n|-damage|p1a: Cresselia|75\/100\n|-damage|p1b: Iron Hands|0 fnt\n|faint|p1b: Iron Hands\n|-end|p1b: Iron Hands|Quark Drive|[silent]\n|-damage|p2b: Raichu|81\/100|[from] item: Life Orb\n|\n|-heal|p1a: Cresselia|82\/100|[from] item: Leftovers\n|-sideend|p1: interdimentional|move: Tailwind\n|upkeep\n|\n|t:|1698077834\n|switch|p1b: Kommo-o|Kommo-o, M|100\/100\n|turn|5\n|\n|t:|1698077845\n|move|p1a: Cresselia|Ally Switch|p1a: Cresselia\n|swap|p1a: Cresselia|1|[from] move: Ally Switch\n|move|p2a: Indeedee|Expanding Force|p1b: Cresselia|[spread] p1a,p1b\n|-supereffective|p1a: Kommo-o\n|-resisted|p1b: Cresselia\n|-damage|p1a: Kommo-o|8\/100\n|-damage|p1b: Cresselia|71\/100\n|-zpower|p1a: Kommo-o\n|move|p1a: Kommo-o|Clangorous Soulblaze|p2a: Indeedee|[zeffect]|[spread] p2a,p2b\n|-damage|p2a: Indeedee|0 fnt\n|-damage|p2b: Raichu|0 fnt\n|faint|p2a: Indeedee\n|faint|p2b: Raichu\n|-boost|p1a: Kommo-o|atk|1\n|-boost|p1a: Kommo-o|def|1\n|-boost|p1a: Kommo-o|spa|1\n|-boost|p1a: Kommo-o|spd|1\n|-boost|p1a: Kommo-o|spe|1\n|\n|-heal|p1b: Cresselia|78\/100|[from] item: Leftovers\n|-fieldend|move: Psychic Terrain\n|upkeep\n|inactive|Nerdygolem513 has 120 seconds left.\n|inactive|Nerdygolem513 has 90 seconds left.\n|\n|t:|1698077900\n|switch|p2a: Farigiraf|Farigiraf, F|100\/100\n|switch|p2b: Alakazam|Alakazam, F|100\/100\n|-damage|p2a: Farigiraf|88\/100|[from] Stealth Rock\n|turn|6\n|\n|t:|1698077915\n|detailschange|p2b: Alakazam|Alakazam-Mega, F\n|-mega|p2b: Alakazam|Alakazam|Alakazite\n|-ability|p2b: Alakazam|Soundproof|[from] ability: Trace|[of] p1a: Kommo-o\n|move|p2b: Alakazam|Protect|p2b: Alakazam\n|-singleturn|p2b: Alakazam|Protect\n|move|p1b: Cresselia|Ally Switch|p1b: Cresselia\n|swap|p1b: Cresselia|0|[from] move: Ally Switch\n|move|p2a: Farigiraf|Hyper Voice|p1a: Cresselia|[spread] p1a\n|-immune|p1b: Kommo-o|[from] ability: Soundproof\n|-damage|p1a: Cresselia|65\/100\n|move|p1b: Kommo-o|Clanging Scales|p2a: Farigiraf|[spread] p2a\n|-activate|p2b: Alakazam|move: Protect\n|-damage|p2a: Farigiraf|50\/100\n|-unboost|p1b: Kommo-o|def|1\n|\n|-heal|p1a: Cresselia|71\/100|[from] item: Leftovers\n|-fieldend|move: Trick Room\n|upkeep\n|turn|7\n|inactive|Nerdygolem513 has 120 seconds left.\n|inactive|interdimentional has 120 seconds left.\n|\n|t:|1698077978\n|move|p1b: Kommo-o|Clanging Scales|p2b: Alakazam|[spread] p2a\n|-immune|p2b: Alakazam|[from] ability: Soundproof\n|-crit|p2a: Farigiraf\n|-damage|p2a: Farigiraf|0 fnt\n|faint|p2a: Farigiraf\n|-unboost|p1b: Kommo-o|def|1\n|move|p2b: Alakazam|Dazzling Gleam|p1b: Kommo-o|[spread] p1a,p1b\n|-supereffective|p1b: Kommo-o\n|-damage|p1a: Cresselia|59\/100\n|-damage|p1b: Kommo-o|0 fnt\n|faint|p1b: Kommo-o\n|move|p1a: Cresselia|Lunar Blessing|p1a: Cresselia\n|-heal|p1a: Cresselia|84\/100\n|\n|-heal|p1a: Cresselia|90\/100|[from] item: Leftovers\n|upkeep\n|inactive|Nerdygolem513 has 120 seconds left.\n|\n|t:|1698077995\n|switch|p1b: Gliscor|Gliscor, F|100\/100 tox\n|switch|p2a: Iron Valiant|Iron Valiant|100\/100\n|-damage|p2a: Iron Valiant|94\/100|[from] Stealth Rock\n|turn|8\n|inactive|Nerdygolem513 has 120 seconds left.\n|\n|t:|1698078011\n|move|p2b: Alakazam|Protect|p2b: Alakazam\n|-singleturn|p2b: Alakazam|Protect\n|move|p2a: Iron Valiant|Ice Punch|p1b: Gliscor\n|-supereffective|p1b: Gliscor\n|-crit|p1b: Gliscor\n|-damage|p1b: Gliscor|0 fnt\n|faint|p1b: Gliscor\n|move|p1a: Cresselia|Moonblast|p2a: Iron Valiant\n|-supereffective|p2a: Iron Valiant\n|-damage|p2a: Iron Valiant|36\/100\n|\n|-heal|p1a: Cresselia|96\/100|[from] item: Leftovers\n|upkeep\n|\n|t:|1698078020\n|switch|p1b: Ogerpon|Ogerpon-Hearthflame, F|100\/100\n|-ability|p1b: Ogerpon|Mold Breaker\n|turn|9\n|\n|t:|1698078034\n|-end|p2a: Iron Valiant|Quark Drive|[silent]\n|switch|p2a: Tapu Koko|Tapu Koko|100\/100\n|-damage|p2a: Tapu Koko|88\/100|[from] Stealth Rock\n|-fieldstart|move: Electric Terrain|[from] ability: Electric Surge|[of] p2a: Tapu Koko\n|move|p1b: Ogerpon|Spiky Shield|p1b: Ogerpon\n|-singleturn|p1b: Ogerpon|move: Protect\n|move|p2b: Alakazam|Expanding Force|p1b: Ogerpon\n|-activate|p1b: Ogerpon|move: Protect\n|move|p1a: Cresselia|Moonblast|p2a: Tapu Koko\n|-damage|p2a: Tapu Koko|62\/100\n|\n|-heal|p1a: Cresselia|100\/100|[from] item: Leftovers\n|upkeep\n|turn|10\n|\n|t:|1698078053\n|-terastallize|p1b: Ogerpon|Fire\n|detailschange|p1b: Ogerpon|Ogerpon-Hearthflame-Tera, F, tera:Fire\n|-ability|p1b: Ogerpon|Embody Aspect (Hearthflame)|boost\n|-boost|p1b: Ogerpon|atk|1\n|move|p1a: Cresselia|Helping Hand|p1b: Ogerpon\n|-singleturn|p1b: Ogerpon|Helping Hand|[of] p1a: Cresselia\n|move|p2b: Alakazam|Expanding Force|p1b: Ogerpon\n|-damage|p1b: Ogerpon|40\/100\n|move|p2a: Tapu Koko|Brave Bird|p1b: Ogerpon\n|-damage|p1b: Ogerpon|0 fnt\n|faint|p1b: Ogerpon\n|-damage|p2a: Tapu Koko|48\/100|[from] Recoil\n|\n|upkeep\n|turn|11\n|-message|interdimentional forfeited.\n|\n|win|Nerdygolem513\n|raw|interdimentional's rating: 1216 &rarr; <strong>1201<\/strong><br \/>(-15 for losing)\n|raw|Nerdygolem513's rating: 1370 &rarr; <strong>1382<\/strong><br \/>(+12 for winning)\n|l|\u2606interdimentional\n","uploadtime":1698078081,"views":15,"p1id":"interdimentional","p2id":"nerdygolem513","formatid":"gen9nationaldexdoubles","rating":1201,"private":0,"password":""}