{"id":"gen9nationaldexdoubles-1991579716","p1":"Evanlava75","p2":"bigstinkycheeks","format":"[Gen 9] National Dex Doubles","log":"|j|\u2606Evanlava75\n|j|\u2606bigstinkycheeks\n|t:|1700090510\n|gametype|doubles\n|player|p1|Evanlava75|ethan|1184\n|player|p2|bigstinkycheeks|koga|1000\n|teamsize|p1|6\n|teamsize|p2|6\n|gen|9\n|tier|[Gen 9] National Dex Doubles\n|rated|\n|rule|HP Percentage Mod: HP is shown in percentages\n|rule|Endless Battle Clause: Forcing endless battles is banned\n|rule|OHKO Clause: OHKO moves are banned\n|rule|Evasion Moves Clause: Evasion moves are banned\n|rule|Evasion Abilities Clause: Evasion abilities are banned\n|rule|Species Clause: Limit one of each Pok\u00e9mon\n|rule|Gravity Sleep Clause: The combination of sleep-inducing moves with imperfect accuracy and Gravity or Gigantamax Orbeetle are banned\n|clearpoke\n|poke|p1|Regigigas|\n|poke|p1|Medicham, F|\n|poke|p1|Venusaur, F|\n|poke|p1|Ogerpon-Wellspring, F|\n|poke|p1|Typhlosion-Hisui, M|\n|poke|p1|Gliscor, F|\n|poke|p2|Tapu Koko|\n|poke|p2|Meowscarada, F|\n|poke|p2|Iron Valiant|\n|poke|p2|Aegislash, M|\n|poke|p2|Charizard, M|\n|poke|p2|Great Tusk|\n|teampreview\n|inactive|Battle timer is ON: inactive players will automatically lose when time's up. (requested by bigstinkycheeks)\n|\n|t:|1700090527\n|start\n|switch|p1a: Regigigas|Regigigas|100\/100\n|switch|p1b: Medicham|Medicham, F|100\/100\n|switch|p2a: Tapu Koko|Tapu Koko, shiny|100\/100\n|switch|p2b: Iron Valiant|Iron Valiant, shiny|100\/100\n|-fieldstart|move: Electric Terrain|[from] ability: Electric Surge|[of] p2a: Tapu Koko\n|-activate|p2b: Iron Valiant|ability: Quark Drive\n|-start|p2b: Iron Valiant|quarkdrivespe\n|-start|p1a: Regigigas|ability: Slow Start\n|turn|1\n|\n|t:|1700090555\n|move|p2b: Iron Valiant|Aura Sphere|p1a: Regigigas\n|-supereffective|p1a: Regigigas\n|-damage|p1a: Regigigas|0 fnt\n|faint|p1a: Regigigas\n|-end|p1a: Regigigas|Slow Start|[silent]\n|move|p2a: Tapu Koko|Dazzling Gleam|p1b: Medicham\n|-supereffective|p1b: Medicham\n|-enditem|p1b: Medicham|Focus Sash\n|-damage|p1b: Medicham|1\/100\n|move|p1b: Medicham|Skill Swap|p1: Regigigas|[notarget]\n|-fail|p1b: Medicham\n|\n|upkeep\n|inactive|Evanlava75 has 120 seconds left.\n|\n|t:|1700090568\n|switch|p1a: Ogerpon|Ogerpon-Wellspring, F|100\/100\n|turn|2\n|inactive|Evanlava75 has 120 seconds left.\n|\n|t:|1700090600\n|-end|p2b: Iron Valiant|Quark Drive|[silent]\n|switch|p2b: Aegislash|Aegislash, M, shiny|100\/100\n|move|p1b: Medicham|Bullet Punch|p2b: Aegislash\n|-resisted|p2b: Aegislash\n|-damage|p2b: Aegislash|93\/100\n|move|p2a: Tapu Koko|Thunderbolt|p1a: Ogerpon\n|-damage|p1a: Ogerpon|47\/100\n|move|p1a: Ogerpon|Ivy Cudgel|p2b: Aegislash|[anim] Ivy Cudgel Water\n|-damage|p2b: Aegislash|44\/100\n|\n|-heal|p2b: Aegislash|50\/100|[from] item: Leftovers\n|upkeep\n|turn|3\n|inactive|Evanlava75 has 120 seconds left.\n|\n|t:|1700090625\n|-terastallize|p1a: Ogerpon|Water\n|detailschange|p1a: Ogerpon|Ogerpon-Wellspring-Tera, F, tera:Water\n|-ability|p1a: Ogerpon|Embody Aspect (Wellspring)|boost\n|-boost|p1a: Ogerpon|spd|1\n|move|p2b: Aegislash|King's Shield|p2b: Aegislash\n|-singleturn|p2b: Aegislash|Protect\n|move|p2a: Tapu Koko|U-turn|p1b: Medicham\n|-damage|p1b: Medicham|0 fnt\n|faint|p1b: Medicham\n|\n|t:|1700090633\n|switch|p2a: Meowscarada|Meowscarada, F, shiny|100\/100|[from] U-turn\n|move|p1a: Ogerpon|Horn Leech|p2a: Meowscarada\n|-resisted|p2a: Meowscarada\n|-damage|p2a: Meowscarada|65\/100\n|-heal|p1a: Ogerpon|65\/100|[from] drain|[of] p2a: Meowscarada\n|\n|-heal|p2b: Aegislash|57\/100|[from] item: Leftovers\n|upkeep\n|inactive|Evanlava75 has 120 seconds left.\n|\n|t:|1700090654\n|switch|p1b: Venusaur|Venusaur, F|100\/100\n|turn|4\n|inactive|Evanlava75 has 120 seconds left.\n|\n|t:|1700090674\n|detailschange|p1b: Venusaur|Venusaur-Mega, F\n|-mega|p1b: Venusaur|Venusaur|Venusaurite\n|move|p1a: Ogerpon|Ivy Cudgel|p2b: Aegislash|[anim] Ivy Cudgel Water\n|-damage|p2b: Aegislash|0 fnt\n|faint|p2b: Aegislash\n|move|p2a: Meowscarada|U-turn|p1b: Venusaur\n|-start|p2a: Meowscarada|typechange|Bug|[from] ability: Protean\n|-damage|p1b: Venusaur|49\/100\n|\n|t:|1700090687\n|switch|p2a: Charizard|Charizard, M, shiny|100\/100|[from] U-turn\n|move|p1b: Venusaur|Sludge Bomb|p2a: Charizard\n|-damage|p2a: Charizard|37\/100\n|-status|p2a: Charizard|psn\n|\n|-damage|p2a: Charizard|24\/100 psn|[from] psn\n|upkeep\n|\n|t:|1700090701\n|switch|p2b: Iron Valiant|Iron Valiant, shiny|100\/100\n|-activate|p2b: Iron Valiant|ability: Quark Drive\n|-start|p2b: Iron Valiant|quarkdrivespe\n|turn|5\n|\n|t:|1700090720\n|detailschange|p2a: Charizard|Charizard-Mega-Y, M, shiny\n|-mega|p2a: Charizard|Charizard|Charizardite Y\n|-weather|SunnyDay|[from] ability: Drought|[of] p2a: Charizard\n|move|p2b: Iron Valiant|Psychic|p1b: Venusaur\n|-supereffective|p1b: Venusaur\n|-damage|p1b: Venusaur|0 fnt\n|faint|p1b: Venusaur\n|move|p1a: Ogerpon|Horn Leech|p2b: Iron Valiant\n|-damage|p2b: Iron Valiant|47\/100\n|-heal|p1a: Ogerpon|91\/100|[from] drain|[of] p2b: Iron Valiant\n|move|p2a: Charizard|Solar Beam||[still]\n|-prepare|p2a: Charizard|Solar Beam\n|-anim|p2a: Charizard|Solar Beam|p1a: Ogerpon\n|-supereffective|p1a: Ogerpon\n|-damage|p1a: Ogerpon|11\/100\n|\n|-weather|SunnyDay|[upkeep]\n|-damage|p2a: Charizard|12\/100 psn|[from] psn\n|-fieldend|move: Electric Terrain\n|-end|p2b: Iron Valiant|Quark Drive\n|upkeep\n|inactive|Evanlava75 has 120 seconds left.\n|inactive|Evanlava75 has 90 seconds left.\n|\n|t:|1700090773\n|switch|p1b: Typhlosion|Typhlosion-Hisui, M|100\/100\n|-item|p2a: Charizard|Charizardite Y|[from] ability: Frisk|[of] p1b: Typhlosion|[identify]\n|-item|p2b: Iron Valiant|Choice Specs|[from] ability: Frisk|[of] p1b: Typhlosion|[identify]\n|turn|6\n|\n|t:|1700090797\n|move|p1a: Ogerpon|Ivy Cudgel|p2b: Iron Valiant|[anim] Ivy Cudgel Water\n|-damage|p2b: Iron Valiant|0 fnt\n|faint|p2b: Iron Valiant\n|-end|p2b: Iron Valiant|Quark Drive|[silent]\n|move|p2a: Charizard|Scorching Sands|p1b: Typhlosion\n|-supereffective|p1b: Typhlosion\n|-damage|p1b: Typhlosion|29\/100\n|move|p1b: Typhlosion|Infernal Parade|p2a: Charizard\n|-damage|p2a: Charizard|0 fnt\n|faint|p2a: Charizard\n|\n|-weather|SunnyDay|[upkeep]\n|upkeep\n|\n|t:|1700090815\n|switch|p2b: Meowscarada|Meowscarada, F, shiny|65\/100\n|switch|p2a: Great Tusk|Great Tusk, shiny|100\/100\n|-activate|p2a: Great Tusk|ability: Protosynthesis\n|-start|p2a: Great Tusk|protosynthesisatk\n|turn|7\n|inactive|Evanlava75 has 120 seconds left.\n|\n|t:|1700090837\n|-terastallize|p2b: Meowscarada|Grass\n|move|p1a: Ogerpon|Ivy Cudgel|p2a: Great Tusk|[anim] Ivy Cudgel Water\n|-supereffective|p2a: Great Tusk\n|-damage|p2a: Great Tusk|46\/100\n|move|p2b: Meowscarada|Flower Trick|p1a: Ogerpon\n|-supereffective|p1a: Ogerpon\n|-crit|p1a: Ogerpon\n|-damage|p1a: Ogerpon|0 fnt\n|faint|p1a: Ogerpon\n|move|p1b: Typhlosion|Flamethrower|p2b: Meowscarada\n|-supereffective|p2b: Meowscarada\n|-damage|p2b: Meowscarada|0 fnt\n|faint|p2b: Meowscarada\n|move|p2a: Great Tusk|Smack Down|p1b: Typhlosion\n|-supereffective|p1b: Typhlosion\n|-damage|p1b: Typhlosion|0 fnt\n|faint|p1b: Typhlosion\n|\n|-weather|SunnyDay|[upkeep]\n|upkeep\n|inactive|Evanlava75 has 120 seconds left.\n|\n|t:|1700090861\n|switch|p1a: Gliscor|Gliscor, F|100\/100\n|switch|p2b: Tapu Koko|Tapu Koko, shiny|100\/100\n|-fieldstart|move: Electric Terrain|[from] ability: Electric Surge|[of] p2b: Tapu Koko\n|turn|8\n|\n|t:|1700090890\n|move|p2b: Tapu Koko|Dazzling Gleam|p1a: Gliscor\n|-damage|p1a: Gliscor|59\/100\n|move|p1a: Gliscor|Stealth Rock|p2b: Tapu Koko\n|-sidestart|p2: bigstinkycheeks|move: Stealth Rock\n|move|p2a: Great Tusk|Smack Down|p1a: Gliscor\n|-damage|p1a: Gliscor|45\/100\n|-start|p1a: Gliscor|Smack Down\n|\n|-weather|SunnyDay|[upkeep]\n|-status|p1a: Gliscor|tox|[from] item: Toxic Orb\n|upkeep\n|turn|9\n|inactive|bigstinkycheeks has 120 seconds left.\n|\n|t:|1700090920\n|move|p1a: Gliscor|Protect|p1a: Gliscor\n|-singleturn|p1a: Gliscor|Protect\n|move|p2b: Tapu Koko|Dazzling Gleam|p1a: Gliscor\n|-activate|p1a: Gliscor|move: Protect\n|move|p2a: Great Tusk|Smack Down|p1a: Gliscor\n|-activate|p1a: Gliscor|move: Protect\n|\n|-weather|none\n|-end|p2a: Great Tusk|Protosynthesis\n|-heal|p1a: Gliscor|58\/100 tox|[from] ability: Poison Heal\n|upkeep\n|turn|10\n|inactive|Evanlava75 has 120 seconds left.\n|\n|t:|1700090969\n|move|p2b: Tapu Koko|Dazzling Gleam|p1a: Gliscor\n|-damage|p1a: Gliscor|19\/100 tox\n|move|p1a: Gliscor|Roost|p1a: Gliscor\n|-heal|p1a: Gliscor|69\/100 tox\n|-singleturn|p1a: Gliscor|move: Roost\n|move|p2a: Great Tusk|Smack Down|p1a: Gliscor\n|-resisted|p1a: Gliscor\n|-damage|p1a: Gliscor|63\/100 tox\n|\n|-heal|p1a: Gliscor|76\/100 tox|[from] ability: Poison Heal\n|upkeep\n|turn|11\n|inactive|Evanlava75 has 120 seconds left.\n|\n|t:|1700090991\n|move|p1a: Gliscor|Protect|p1a: Gliscor\n|-singleturn|p1a: Gliscor|Protect\n|move|p2b: Tapu Koko|Dazzling Gleam|p1a: Gliscor\n|-activate|p1a: Gliscor|move: Protect\n|move|p2a: Great Tusk|Brick Break|p1a: Gliscor\n|-activate|p1a: Gliscor|move: Protect\n|\n|-heal|p1a: Gliscor|88\/100 tox|[from] ability: Poison Heal\n|upkeep\n|turn|12\n|inactive|Evanlava75 has 120 seconds left.\n|\n|t:|1700091021\n|move|p1a: Gliscor|Protect||[still]\n|-fail|p1a: Gliscor\n|move|p2b: Tapu Koko|Dazzling Gleam|p1a: Gliscor\n|-damage|p1a: Gliscor|50\/100 tox\n|move|p2a: Great Tusk|Brick Break|p1a: Gliscor\n|-resisted|p1a: Gliscor\n|-damage|p1a: Gliscor|38\/100 tox\n|\n|-heal|p1a: Gliscor|50\/100 tox|[from] ability: Poison Heal\n|-fieldend|move: Electric Terrain\n|upkeep\n|turn|13\n|\n|t:|1700091035\n|move|p1a: Gliscor|Protect|p1a: Gliscor\n|-singleturn|p1a: Gliscor|Protect\n|move|p2b: Tapu Koko|Dazzling Gleam|p1a: Gliscor\n|-activate|p1a: Gliscor|move: Protect\n|move|p2a: Great Tusk|Brick Break|p1a: Gliscor\n|-activate|p1a: Gliscor|move: Protect\n|\n|-heal|p1a: Gliscor|63\/100 tox|[from] ability: Poison Heal\n|upkeep\n|turn|14\n|\n|t:|1700091050\n|move|p2b: Tapu Koko|Dazzling Gleam|p1a: Gliscor\n|-damage|p1a: Gliscor|25\/100 tox\n|move|p1a: Gliscor|Roost|p1a: Gliscor\n|-heal|p1a: Gliscor|75\/100 tox\n|-singleturn|p1a: Gliscor|move: Roost\n|move|p2a: Great Tusk|Brick Break|p1a: Gliscor\n|-damage|p1a: Gliscor|51\/100 tox\n|\n|-heal|p1a: Gliscor|64\/100 tox|[from] ability: Poison Heal\n|upkeep\n|turn|15\n|\n|t:|1700091068\n|move|p1a: Gliscor|Protect|p1a: Gliscor\n|-singleturn|p1a: Gliscor|Protect\n|move|p2b: Tapu Koko|Thunderbolt|p1a: Gliscor\n|-activate|p1a: Gliscor|move: Protect\n|move|p2a: Great Tusk|Thunder Fang|p1a: Gliscor\n|-activate|p1a: Gliscor|move: Protect\n|\n|-heal|p1a: Gliscor|76\/100 tox|[from] ability: Poison Heal\n|upkeep\n|turn|16\n|\n|t:|1700091094\n|move|p2b: Tapu Koko|U-turn|p1a: Gliscor\n|-resisted|p1a: Gliscor\n|-damage|p1a: Gliscor|71\/100 tox\n|move|p1a: Gliscor|Roost|p1a: Gliscor\n|-heal|p1a: Gliscor|100\/100 tox\n|-singleturn|p1a: Gliscor|move: Roost\n|move|p2a: Great Tusk|Smack Down|p1a: Gliscor\n|-resisted|p1a: Gliscor\n|-damage|p1a: Gliscor|95\/100 tox\n|\n|-heal|p1a: Gliscor|100\/100 tox|[from] ability: Poison Heal\n|upkeep\n|turn|17\n|inactive|Evanlava75 has 120 seconds left.\n|\n|t:|1700091125\n|move|p1a: Gliscor|Protect|p1a: Gliscor\n|-singleturn|p1a: Gliscor|Protect\n|move|p2b: Tapu Koko|Dazzling Gleam|p1a: Gliscor\n|-activate|p1a: Gliscor|move: Protect\n|move|p2a: Great Tusk|Smack Down|p1a: Gliscor\n|-activate|p1a: Gliscor|move: Protect\n|\n|upkeep\n|turn|18\n|\n|t:|1700091134\n|move|p2b: Tapu Koko|Dazzling Gleam|p1a: Gliscor\n|-damage|p1a: Gliscor|60\/100 tox\n|move|p1a: Gliscor|Roost|p1a: Gliscor\n|-heal|p1a: Gliscor|100\/100 tox\n|-singleturn|p1a: Gliscor|move: Roost\n|move|p2a: Great Tusk|Brick Break|p1a: Gliscor\n|-crit|p1a: Gliscor\n|-damage|p1a: Gliscor|65\/100 tox\n|\n|-heal|p1a: Gliscor|78\/100 tox|[from] ability: Poison Heal\n|upkeep\n|turn|19\n|\n|t:|1700091146\n|move|p1a: Gliscor|Protect|p1a: Gliscor\n|-singleturn|p1a: Gliscor|Protect\n|move|p2b: Tapu Koko|Thunderbolt|p1a: Gliscor\n|-activate|p1a: Gliscor|move: Protect\n|move|p2a: Great Tusk|Thunder Fang|p1a: Gliscor\n|-activate|p1a: Gliscor|move: Protect\n|\n|-heal|p1a: Gliscor|90\/100 tox|[from] ability: Poison Heal\n|upkeep\n|turn|20\n|\n|t:|1700091166\n|move|p1a: Gliscor|Protect|p1a: Gliscor\n|-singleturn|p1a: Gliscor|Protect\n|move|p2b: Tapu Koko|U-turn|p1a: Gliscor\n|-activate|p1a: Gliscor|move: Protect\n|move|p2a: Great Tusk|Brick Break|p1a: Gliscor\n|-activate|p1a: Gliscor|move: Protect\n|\n|-heal|p1a: Gliscor|100\/100 tox|[from] ability: Poison Heal\n|upkeep\n|turn|21\n|inactive|Evanlava75 has 120 seconds left.\n|\n|t:|1700091196\n|move|p2b: Tapu Koko|Dazzling Gleam|p1a: Gliscor\n|-damage|p1a: Gliscor|58\/100 tox\n|move|p1a: Gliscor|Roost|p1a: Gliscor\n|-heal|p1a: Gliscor|100\/100 tox\n|-singleturn|p1a: Gliscor|move: Roost\n|move|p2a: Great Tusk|Brick Break|p1a: Gliscor\n|-damage|p1a: Gliscor|77\/100 tox\n|\n|-heal|p1a: Gliscor|90\/100 tox|[from] ability: Poison Heal\n|upkeep\n|turn|22\n|\n|t:|1700091225\n|move|p1a: Gliscor|Protect|p1a: Gliscor\n|-singleturn|p1a: Gliscor|Protect\n|move|p2b: Tapu Koko|U-turn|p1a: Gliscor\n|-activate|p1a: Gliscor|move: Protect\n|move|p2a: Great Tusk|Brick Break|p1a: Gliscor\n|-activate|p1a: Gliscor|move: Protect\n|\n|-heal|p1a: Gliscor|100\/100 tox|[from] ability: Poison Heal\n|upkeep\n|turn|23\n|\n|t:|1700091240\n|move|p2b: Tapu Koko|U-turn|p1a: Gliscor\n|-resisted|p1a: Gliscor\n|-damage|p1a: Gliscor|95\/100 tox\n|move|p1a: Gliscor|Roost|p1a: Gliscor\n|-heal|p1a: Gliscor|100\/100 tox\n|-singleturn|p1a: Gliscor|move: Roost\n|move|p2a: Great Tusk|Smack Down|p1a: Gliscor\n|-resisted|p1a: Gliscor\n|-damage|p1a: Gliscor|95\/100 tox\n|\n|-heal|p1a: Gliscor|100\/100 tox|[from] ability: Poison Heal\n|upkeep\n|turn|24\n|inactive|Evanlava75 has 120 seconds left.\n|\n|t:|1700091273\n|move|p1a: Gliscor|Protect|p1a: Gliscor\n|-singleturn|p1a: Gliscor|Protect\n|move|p2b: Tapu Koko|U-turn|p1a: Gliscor\n|-activate|p1a: Gliscor|move: Protect\n|move|p2a: Great Tusk|Smack Down|p1a: Gliscor\n|-activate|p1a: Gliscor|move: Protect\n|\n|upkeep\n|turn|25\n|\n|t:|1700091286\n|move|p1a: Gliscor|Protect|p1a: Gliscor\n|-singleturn|p1a: Gliscor|Protect\n|move|p2b: Tapu Koko|U-turn|p1a: Gliscor\n|-activate|p1a: Gliscor|move: Protect\n|move|p2a: Great Tusk|Smack Down|p1a: Gliscor\n|-activate|p1a: Gliscor|move: Protect\n|\n|upkeep\n|turn|26\n|\n|t:|1700091309\n|move|p2b: Tapu Koko|U-turn|p1a: Gliscor\n|-resisted|p1a: Gliscor\n|-damage|p1a: Gliscor|96\/100 tox\n|move|p1a: Gliscor|Roost|p1a: Gliscor\n|-heal|p1a: Gliscor|100\/100 tox\n|-singleturn|p1a: Gliscor|move: Roost\n|move|p2a: Great Tusk|Smack Down|p1a: Gliscor\n|-resisted|p1a: Gliscor\n|-damage|p1a: Gliscor|95\/100 tox\n|\n|-heal|p1a: Gliscor|100\/100 tox|[from] ability: Poison Heal\n|upkeep\n|turn|27\n|\n|t:|1700091327\n|move|p1a: Gliscor|Protect|p1a: Gliscor\n|-singleturn|p1a: Gliscor|Protect\n|move|p2b: Tapu Koko|U-turn|p1a: Gliscor\n|-activate|p1a: Gliscor|move: Protect\n|move|p2a: Great Tusk|Smack Down|p1a: Gliscor\n|-activate|p1a: Gliscor|move: Protect\n|\n|upkeep\n|turn|28\n|\n|t:|1700091339\n|move|p1a: Gliscor|Protect||[still]\n|-fail|p1a: Gliscor\n|move|p2b: Tapu Koko|U-turn|p1a: Gliscor\n|-resisted|p1a: Gliscor\n|-damage|p1a: Gliscor|95\/100 tox\n|move|p2a: Great Tusk|Brick Break|p1a: Gliscor\n|-resisted|p1a: Gliscor\n|-damage|p1a: Gliscor|82\/100 tox\n|\n|-heal|p1a: Gliscor|95\/100 tox|[from] ability: Poison Heal\n|upkeep\n|turn|29\n|\n|t:|1700091354\n|move|p2b: Tapu Koko|U-turn|p1a: Gliscor\n|-resisted|p1a: Gliscor\n|-damage|p1a: Gliscor|89\/100 tox\n|move|p1a: Gliscor|Toxic Spikes|p2a: Great Tusk\n|-sidestart|p2: bigstinkycheeks|move: Toxic Spikes\n|move|p2a: Great Tusk|Smack Down|p1a: Gliscor\n|-damage|p1a: Gliscor|78\/100 tox\n|\n|-heal|p1a: Gliscor|90\/100 tox|[from] ability: Poison Heal\n|upkeep\n|turn|30\n|\n|t:|1700091365\n|move|p2b: Tapu Koko|Dazzling Gleam|p1a: Gliscor\n|-damage|p1a: Gliscor|49\/100 tox\n|move|p1a: Gliscor|Toxic Spikes|p2a: Great Tusk\n|-sidestart|p2: bigstinkycheeks|move: Toxic Spikes\n|move|p2a: Great Tusk|Smack Down|p1a: Gliscor\n|-damage|p1a: Gliscor|38\/100 tox\n|\n|-heal|p1a: Gliscor|50\/100 tox|[from] ability: Poison Heal\n|upkeep\n|turn|31\n|\n|t:|1700091376\n|move|p1a: Gliscor|Protect|p1a: Gliscor\n|-singleturn|p1a: Gliscor|Protect\n|move|p2b: Tapu Koko|Dazzling Gleam|p1a: Gliscor\n|-activate|p1a: Gliscor|move: Protect\n|move|p2a: Great Tusk|Smack Down|p1a: Gliscor\n|-activate|p1a: Gliscor|move: Protect\n|\n|-heal|p1a: Gliscor|62\/100 tox|[from] ability: Poison Heal\n|upkeep\n|turn|32\n|\n|t:|1700091392\n|move|p2b: Tapu Koko|Dazzling Gleam|p1a: Gliscor\n|-damage|p1a: Gliscor|23\/100 tox\n|move|p1a: Gliscor|Roost|p1a: Gliscor\n|-heal|p1a: Gliscor|73\/100 tox\n|-singleturn|p1a: Gliscor|move: Roost\n|move|p2a: Great Tusk|Smack Down|p1a: Gliscor\n|-resisted|p1a: Gliscor\n|-damage|p1a: Gliscor|68\/100 tox\n|\n|-heal|p1a: Gliscor|81\/100 tox|[from] ability: Poison Heal\n|upkeep\n|turn|33\n|\n|t:|1700091407\n|move|p1a: Gliscor|Protect|p1a: Gliscor\n|-singleturn|p1a: Gliscor|Protect\n|move|p2b: Tapu Koko|U-turn|p1a: Gliscor\n|-activate|p1a: Gliscor|move: Protect\n|move|p2a: Great Tusk|Brick Break|p1a: Gliscor\n|-activate|p1a: Gliscor|move: Protect\n|\n|-heal|p1a: Gliscor|93\/100 tox|[from] ability: Poison Heal\n|upkeep\n|turn|34\n|inactive|Evanlava75 has 120 seconds left.\n|\n|t:|1700091440\n|move|p2b: Tapu Koko|U-turn|p1a: Gliscor\n|-resisted|p1a: Gliscor\n|-damage|p1a: Gliscor|88\/100 tox\n|move|p1a: Gliscor|Toxic Spikes||[still]\n|-fail|p1a: Gliscor\n|move|p2a: Great Tusk|Brick Break|p1a: Gliscor\n|-resisted|p1a: Gliscor\n|-crit|p1a: Gliscor\n|-damage|p1a: Gliscor|71\/100 tox\n|\n|-heal|p1a: Gliscor|83\/100 tox|[from] ability: Poison Heal\n|upkeep\n|turn|35\n|\n|t:|1700091456\n|move|p2b: Tapu Koko|U-turn|p1a: Gliscor\n|-resisted|p1a: Gliscor\n|-damage|p1a: Gliscor|78\/100 tox\n|move|p1a: Gliscor|Toxic Spikes||[still]\n|-fail|p1a: Gliscor\n|move|p2a: Great Tusk|Brick Break|p1a: Gliscor\n|-resisted|p1a: Gliscor\n|-damage|p1a: Gliscor|65\/100 tox\n|\n|-heal|p1a: Gliscor|77\/100 tox|[from] ability: Poison Heal\n|upkeep\n|turn|36\n|\n|t:|1700091474\n|move|p2b: Tapu Koko|Dazzling Gleam|p1a: Gliscor\n|-damage|p1a: Gliscor|34\/100 tox\n|move|p1a: Gliscor|Toxic Spikes||[still]\n|-fail|p1a: Gliscor\n|move|p2a: Great Tusk|Smack Down|p1a: Gliscor\n|-damage|p1a: Gliscor|23\/100 tox\n|\n|-heal|p1a: Gliscor|36\/100 tox|[from] ability: Poison Heal\n|upkeep\n|turn|37\n|\n|t:|1700091483\n|move|p1a: Gliscor|Protect|p1a: Gliscor\n|-singleturn|p1a: Gliscor|Protect\n|move|p2b: Tapu Koko|Dazzling Gleam|p1a: Gliscor\n|-activate|p1a: Gliscor|move: Protect\n|move|p2a: Great Tusk|Smack Down|p1a: Gliscor\n|-activate|p1a: Gliscor|move: Protect\n|\n|-heal|p1a: Gliscor|48\/100 tox|[from] ability: Poison Heal\n|upkeep\n|turn|38\n|inactive|Evanlava75 has 120 seconds left.\n|\n|t:|1700091514\n|move|p2b: Tapu Koko|U-turn|p1a: Gliscor\n|-resisted|p1a: Gliscor\n|-damage|p1a: Gliscor|43\/100 tox\n|move|p1a: Gliscor|Toxic Spikes||[still]\n|-fail|p1a: Gliscor\n|move|p2a: Great Tusk|Smack Down|p1a: Gliscor\n|-damage|p1a: Gliscor|31\/100 tox\n|\n|-heal|p1a: Gliscor|44\/100 tox|[from] ability: Poison Heal\n|upkeep\n|turn|39\n|inactive|Evanlava75 has 120 seconds left.\n|inactive|Evanlava75 has 90 seconds left.\n|inactive|Evanlava75 has 60 seconds left.\n|inactive|Evanlava75 has 30 seconds left.\n|inactive|Evanlava75 has 20 seconds left.\n|inactive|Evanlava75 has 15 seconds left.\n|\n|t:|1700091645\n|move|p2b: Tapu Koko|U-turn|p1a: Gliscor\n|-resisted|p1a: Gliscor\n|-damage|p1a: Gliscor|38\/100 tox\n|move|p1a: Gliscor|Toxic Spikes||[still]\n|-fail|p1a: Gliscor\n|move|p2a: Great Tusk|Brick Break|p1a: Gliscor\n|-resisted|p1a: Gliscor\n|-damage|p1a: Gliscor|25\/100 tox\n|\n|-heal|p1a: Gliscor|38\/100 tox|[from] ability: Poison Heal\n|upkeep\n|turn|40\n|c|\u2606bigstinkycheeks|i got all night brother\n|\n|t:|1700091666\n|move|p2b: Tapu Koko|U-turn|p1a: Gliscor\n|-resisted|p1a: Gliscor\n|-damage|p1a: Gliscor|33\/100 tox\n|move|p1a: Gliscor|Stealth Rock||[still]\n|-fail|p1a: Gliscor\n|move|p2a: Great Tusk|Brick Break|p1a: Gliscor\n|-resisted|p1a: Gliscor\n|-damage|p1a: Gliscor|20\/100 tox\n|\n|-heal|p1a: Gliscor|32\/100 tox|[from] ability: Poison Heal\n|upkeep\n|turn|41\n|\n|t:|1700091677\n|move|p2b: Tapu Koko|U-turn|p1a: Gliscor\n|-resisted|p1a: Gliscor\n|-damage|p1a: Gliscor|27\/100 tox\n|move|p1a: Gliscor|Toxic Spikes||[still]\n|-fail|p1a: Gliscor\n|move|p2a: Great Tusk|Smack Down|p1a: Gliscor\n|-damage|p1a: Gliscor|16\/100 tox\n|\n|-heal|p1a: Gliscor|28\/100 tox|[from] ability: Poison Heal\n|upkeep\n|turn|42\n|\n|t:|1700091689\n|move|p2b: Tapu Koko|U-turn|p1a: Gliscor\n|-resisted|p1a: Gliscor\n|-damage|p1a: Gliscor|23\/100 tox\n|move|p1a: Gliscor|Toxic Spikes||[still]\n|-fail|p1a: Gliscor\n|move|p2a: Great Tusk|Smack Down|p1a: Gliscor\n|-damage|p1a: Gliscor|13\/100 tox\n|\n|-heal|p1a: Gliscor|25\/100 tox|[from] ability: Poison Heal\n|upkeep\n|turn|43\n|inactive|Evanlava75 has 90 seconds left.\n|\n|t:|1700091700\n|move|p2b: Tapu Koko|U-turn|p1a: Gliscor\n|-resisted|p1a: Gliscor\n|-damage|p1a: Gliscor|20\/100 tox\n|move|p1a: Gliscor|Toxic Spikes||[still]\n|-fail|p1a: Gliscor\n|move|p2a: Great Tusk|Smack Down|p1a: Gliscor\n|-damage|p1a: Gliscor|9\/100 tox\n|\n|-heal|p1a: Gliscor|22\/100 tox|[from] ability: Poison Heal\n|upkeep\n|turn|44\n|\n|t:|1700091712\n|move|p2b: Tapu Koko|U-turn|p1a: Gliscor\n|-resisted|p1a: Gliscor\n|-damage|p1a: Gliscor|17\/100 tox\n|move|p1a: Gliscor|Toxic Spikes||[still]\n|-fail|p1a: Gliscor\n|move|p2a: Great Tusk|Brick Break|p1a: Gliscor\n|-resisted|p1a: Gliscor\n|-damage|p1a: Gliscor|5\/100 tox\n|\n|-heal|p1a: Gliscor|18\/100 tox|[from] ability: Poison Heal\n|upkeep\n|turn|45\n|inactive|Evanlava75 has 120 seconds left.\n|\n|t:|1700091725\n|move|p2b: Tapu Koko|U-turn|p1a: Gliscor\n|-resisted|p1a: Gliscor\n|-damage|p1a: Gliscor|12\/100 tox\n|move|p1a: Gliscor|Toxic Spikes||[still]\n|-fail|p1a: Gliscor\n|move|p2a: Great Tusk|Brick Break|p1a: Gliscor\n|-resisted|p1a: Gliscor\n|-damage|p1a: Gliscor|0 fnt\n|faint|p1a: Gliscor\n|\n|win|bigstinkycheeks\n|raw|Evanlava75's rating: 1184 &rarr; <strong>1147<\/strong><br \/>(-37 for losing)\n|raw|bigstinkycheeks's rating: 1000 &rarr; <strong>1059<\/strong><br \/>(+59 for winning)\n","uploadtime":1700091740,"views":6,"p1id":"evanlava75","p2id":"bigstinkycheeks","formatid":"gen9nationaldexdoubles","rating":1059,"private":0,"password":""}