{"id":"gen9nationaldexdoubles-1991679804","p1":"Beast of Moonlight","p2":"Maybebetterthanu","format":"[Gen 9] National Dex Doubles","log":"|j|\u2606Beast of Moonlight\n|j|\u2606Maybebetterthanu\n|t:|1700101845\n|gametype|doubles\n|player|p1|Beast of Moonlight|riley|\n|player|p2|Maybebetterthanu|1|\n|teamsize|p1|6\n|teamsize|p2|6\n|gen|9\n|tier|[Gen 9] National Dex Doubles\n|rule|HP Percentage Mod: HP is shown in percentages\n|rule|Endless Battle Clause: Forcing endless battles is banned\n|rule|OHKO Clause: OHKO moves are banned\n|rule|Evasion Moves Clause: Evasion moves are banned\n|rule|Evasion Abilities Clause: Evasion abilities are banned\n|rule|Species Clause: Limit one of each Pok\u00e9mon\n|rule|Gravity Sleep Clause: The combination of sleep-inducing moves with imperfect accuracy and Gravity or Gigantamax Orbeetle are banned\n|clearpoke\n|poke|p1|Meowstic, M|\n|poke|p1|Ninetales-Alola, M|\n|poke|p1|Walrein, F|\n|poke|p1|Heatran, F|\n|poke|p1|Noivern, F|\n|poke|p1|Quaquaval, F|\n|poke|p2|Ogerpon-Cornerstone, F|\n|poke|p2|Thwackey, M|\n|poke|p2|Gliscor, F|\n|poke|p2|Magnezone|\n|poke|p2|Mr. Mime-Galar, F|\n|poke|p2|Alomomola, M|\n|teampreview\n|c|\u2606Maybebetterthanu|Bungus\n|\n|t:|1700101862\n|start\n|switch|p1a: FernGully 1992|Noivern, F, shiny|100\/100\n|switch|p1b: CookiesInTheOven|Heatran, F, shiny|100\/100\n|switch|p2a: Home Run Bat|Ogerpon-Cornerstone, F|100\/100\n|switch|p2b: Bungus|Thwackey, M|100\/100\n|-fieldstart|move: Grassy Terrain|[from] ability: Grassy Surge|[of] p2b: Bungus\n|-item|p1b: CookiesInTheOven|Air Balloon\n|turn|1\n|j| imjustthatawsom\n|\n|t:|1700101932\n|switch|p1a: Elyk|Meowstic, M|100\/100\n|move|p2b: Bungus|Fake Out|p1b: CookiesInTheOven\n|-resisted|p1b: CookiesInTheOven\n|-damage|p1b: CookiesInTheOven|97\/100\n|-enditem|p1b: CookiesInTheOven|Air Balloon\n|move|p2a: Home Run Bat|Swords Dance|p2a: Home Run Bat\n|-boost|p2a: Home Run Bat|atk|2\n|cant|p1b: CookiesInTheOven|flinch\n|\n|-heal|p1b: CookiesInTheOven|100\/100|[from] Grassy Terrain\n|upkeep\n|turn|2\n|\n|t:|1700101950\n|move|p1a: Elyk|Skill Swap|p1b: CookiesInTheOven\n|-activate|p1a: Elyk|move: Skill Swap|||[of] p1b: CookiesInTheOven\n|move|p1b: CookiesInTheOven|Will-O-Wisp|p2a: Home Run Bat|[miss]\n|-miss|p1b: CookiesInTheOven|p2a: Home Run Bat\n|move|p2a: Home Run Bat|Stomping Tantrum|p1b: CookiesInTheOven\n|-supereffective|p1b: CookiesInTheOven\n|-damage|p1b: CookiesInTheOven|0 fnt\n|faint|p1b: CookiesInTheOven\n|move|p2b: Bungus|Taunt|p1a: Elyk\n|-start|p1a: Elyk|move: Taunt\n|-enditem|p1a: Elyk|Mental Herb\n|-end|p1a: Elyk|move: Taunt\n|\n|upkeep\n|\n|t:|1700101963\n|switch|p1b: Jester|Ninetales-Alola, M|100\/100\n|-weather|Snow|[from] ability: Snow Warning|[of] p1b: Jester\n|turn|3\n|c|\u2606Beast of Moonlight|85%\n|\n|t:|1700101998\n|move|p1b: Jester|Blizzard|p2b: Bungus|[spread] p2a,p2b\n|-supereffective|p2a: Home Run Bat\n|-supereffective|p2b: Bungus\n|-damage|p2a: Home Run Bat|23\/100\n|-damage|p2b: Bungus|4\/100\n|move|p2a: Home Run Bat|Ivy Cudgel|p1b: Jester|[anim] Ivy Cudgel Rock\n|-supereffective|p1b: Jester\n|-damage|p1b: Jester|0 fnt\n|faint|p1b: Jester\n|move|p2b: Bungus|Taunt|p1a: Elyk\n|-start|p1a: Elyk|move: Taunt\n|cant|p1a: Elyk|move: Taunt|Trick Room\n|\n|-weather|Snow|[upkeep]\n|-heal|p2a: Home Run Bat|29\/100|[from] Grassy Terrain\n|-heal|p2b: Bungus|10\/100|[from] Grassy Terrain\n|upkeep\n|\n|t:|1700102017\n|switch|p1b: FernGully 1992|Noivern, F, shiny|100\/100\n|turn|4\n|\n|t:|1700102098\n|switch|p2a: Goliath|Gliscor, F|100\/100\n|switch|p2b: Sunfish Revenge|Alomomola, M|100\/100\n|switch|p1a: Fabulous|Quaquaval, F|100\/100\n|move|p1b: FernGully 1992|Draco Meteor|p2a: Goliath\n|-damage|p2a: Goliath|27\/100\n|-unboost|p1b: FernGully 1992|spa|2\n|\n|-weather|Snow|[upkeep]\n|-status|p2a: Goliath|tox|[from] item: Toxic Orb\n|upkeep\n|turn|5\n|\n|t:|1700102122\n|switch|p1b: Elyk|Meowstic, M|100\/100\n|move|p2a: Goliath|Protect|p2a: Goliath\n|-singleturn|p2a: Goliath|Protect\n|move|p1a: Fabulous|Ice Spinner|p2a: Goliath\n|-activate|p2a: Goliath|move: Protect\n|move|p2b: Sunfish Revenge|Toxic|p1a: Fabulous\n|-status|p1a: Fabulous|tox\n|\n|-weather|Snow|[upkeep]\n|-activate|p2b: Sunfish Revenge|ability: Healer\n|-curestatus|p2a: Goliath|tox|[msg]\n|-damage|p1a: Fabulous|94\/100 tox|[from] psn\n|-status|p2a: Goliath|tox|[from] item: Toxic Orb\n|upkeep\n|turn|6\n|\n|t:|1700102231\n|switch|p2a: Shield Break|Magnezone|100\/100\n|-item|p2a: Shield Break|Air Balloon\n|move|p1b: Elyk|Skill Swap|p2b: Sunfish Revenge\n|-activate|p1b: Elyk|move: Skill Swap|Healer|Prankster|[of] p2b: Sunfish Revenge\n|move|p2b: Sunfish Revenge|Heal Pulse|p2a: Shield Break\n|-fail|p2a: Shield Break|heal\n|move|p1a: Fabulous|Bulk Up|p1a: Fabulous\n|-boost|p1a: Fabulous|atk|1\n|-boost|p1a: Fabulous|def|1\n|\n|-weather|Snow|[upkeep]\n|-heal|p1a: Fabulous|100\/100 tox|[from] Grassy Terrain\n|-damage|p1a: Fabulous|88\/100 tox|[from] psn\n|upkeep\n|turn|7\n|\n|t:|1700102357\n|move|p2b: Sunfish Revenge|Protect|p2b: Sunfish Revenge\n|-singleturn|p2b: Sunfish Revenge|Protect\n|move|p2a: Shield Break|Protect|p2a: Shield Break\n|-singleturn|p2a: Shield Break|Protect\n|move|p1a: Fabulous|Close Combat|p2a: Shield Break\n|-activate|p2a: Shield Break|move: Protect\n|move|p1b: Elyk|Psychic|p2a: Shield Break\n|-activate|p2a: Shield Break|move: Protect\n|\n|-weather|none\n|-heal|p1a: Fabulous|94\/100 tox|[from] Grassy Terrain\n|-damage|p1a: Fabulous|76\/100 tox|[from] psn\n|upkeep\n|turn|8\n|\n|t:|1700102398\n|switch|p2a: Bungus|Thwackey, M|10\/100\n|move|p2b: Sunfish Revenge|Toxic|p1b: Elyk\n|-status|p1b: Elyk|tox\n|move|p1a: Fabulous|Close Combat|p2a: Bungus\n|-damage|p2a: Bungus|0 fnt\n|-unboost|p1a: Fabulous|def|1\n|-unboost|p1a: Fabulous|spd|1\n|faint|p2a: Bungus\n|-ability|p1a: Fabulous|Moxie|boost\n|-boost|p1a: Fabulous|atk|1\n|move|p1b: Elyk|Psychic|p2b: Sunfish Revenge\n|-damage|p2b: Sunfish Revenge|67\/100\n|\n|-heal|p1a: Fabulous|82\/100 tox|[from] Grassy Terrain\n|-activate|p1b: Elyk|ability: Healer\n|-curestatus|p1a: Fabulous|tox|[msg]\n|-heal|p2b: Sunfish Revenge|73\/100|[from] Grassy Terrain\n|-heal|p2b: Sunfish Revenge|80\/100|[from] item: Leftovers\n|-damage|p1b: Elyk|95\/100 tox|[from] psn\n|-fieldend|move: Grassy Terrain\n|upkeep\n|\n|t:|1700102412\n|switch|p2a: Handsjob|Mr. Mime-Galar, F|100\/100\n|turn|9\n|c|\u2606Beast of Moonlight|YES HANDSJAOB\n|\n|t:|1700102475\n|move|p2b: Sunfish Revenge|Wish|p2b: Sunfish Revenge\n|move|p2a: Handsjob|Freeze-Dry|p1a: Fabulous\n|-supereffective|p1a: Fabulous\n|-damage|p1a: Fabulous|0 fnt\n|faint|p1a: Fabulous\n|move|p1b: Elyk|Psychic|p2a: Handsjob\n|-resisted|p2a: Handsjob\n|-damage|p2a: Handsjob|81\/100\n|\n|-heal|p2b: Sunfish Revenge|86\/100|[from] item: Leftovers\n|-damage|p1b: Elyk|83\/100 tox|[from] psn\n|upkeep\n|\n|t:|1700102485\n|switch|p1a: Kick Proof|Walrein, F|100\/100\n|turn|10\n|\n|t:|1700102531\n|switch|p2a: Home Run Bat|Ogerpon-Cornerstone, F|29\/100\n|switch|p1b: FernGully 1992|Noivern, F, shiny|100\/100\n|switch|p2b: Shield Break|Magnezone|100\/100\n|-item|p2b: Shield Break|Air Balloon\n|move|p1a: Kick Proof|Protect||[still]\n|-fail|p1a: Kick Proof\n|\n|upkeep\n|turn|11\n|\n|t:|1700102561\n|move|p1b: FernGully 1992|Hurricane|p2a: Home Run Bat|[miss]\n|-miss|p1b: FernGully 1992|p2a: Home Run Bat\n|move|p2a: Home Run Bat|Ivy Cudgel|p1a: Kick Proof|[anim] Ivy Cudgel Rock\n|-supereffective|p1a: Kick Proof\n|-damage|p1a: Kick Proof|31\/100\n|move|p2b: Shield Break|Light Screen|p2b: Shield Break\n|-sidestart|p2: Maybebetterthanu|move: Light Screen\n|move|p1a: Kick Proof|Super Fang|p2b: Shield Break\n|-damage|p2b: Shield Break|51\/100\n|-enditem|p2b: Shield Break|Air Balloon\n|\n|-heal|p1a: Kick Proof|37\/100|[from] item: Leftovers\n|upkeep\n|turn|12\n|\n|t:|1700102584\n|move|p1a: Kick Proof|Protect|p1a: Kick Proof\n|-singleturn|p1a: Kick Proof|Protect\n|move|p1b: FernGully 1992|Hurricane|p2a: Home Run Bat\n|-damage|p2a: Home Run Bat|0 fnt\n|faint|p2a: Home Run Bat\n|move|p2b: Shield Break|Thunderbolt|p1a: Kick Proof\n|-activate|p1a: Kick Proof|move: Protect\n|\n|-heal|p1a: Kick Proof|43\/100|[from] item: Leftovers\n|upkeep\n|\n|t:|1700102590\n|switch|p2a: Handsjob|Mr. Mime-Galar, F|81\/100\n|-activate|p2a: Handsjob|ability: Screen Cleaner\n|-sideend|p2: Maybebetterthanu|move: Light Screen\n|turn|13\n|\n|t:|1700102619\n|switch|p1b: Elyk|Meowstic, M|83\/100 tox\n|move|p2a: Handsjob|Freeze-Dry|p1b: Elyk\n|-damage|p1b: Elyk|58\/100 tox\n|move|p2b: Shield Break|Thunderbolt|p1a: Kick Proof\n|-supereffective|p1a: Kick Proof\n|-damage|p1a: Kick Proof|0 fnt\n|faint|p1a: Kick Proof\n|\n|-damage|p1b: Elyk|52\/100 tox|[from] psn\n|upkeep\n|\n|t:|1700102629\n|switch|p1a: FernGully 1992|Noivern, F, shiny|100\/100\n|turn|14\n|\n|t:|1700102640\n|-terastallize|p1b: Elyk|Fairy\n|move|p2a: Handsjob|Freeze-Dry|p1a: FernGully 1992\n|-supereffective|p1a: FernGully 1992\n|-damage|p1a: FernGully 1992|0 fnt\n|faint|p1a: FernGully 1992\n|move|p1b: Elyk|Psychic|p2a: Handsjob\n|-resisted|p2a: Handsjob\n|-damage|p2a: Handsjob|62\/100\n|move|p2b: Shield Break|Thunderbolt|p1b: Elyk\n|-damage|p1b: Elyk|2\/100 tox\n|\n|-damage|p1b: Elyk|0 fnt|[from] psn\n|faint|p1b: Elyk\n|\n|win|Maybebetterthanu\n|upkeep\n|c|\u2606Beast of Moonlight|gg\n|c|\u2606Maybebetterthanu|BUNGUS TEAM\n|c|\u2606Maybebetterthanu|BOTTOM TEXT\n|c|\u2606Maybebetterthanu|gg\n|c|\u2606Beast of Moonlight|Two m,issed head ass\n","uploadtime":1700102666,"views":16,"p1id":"beastofmoonlight","p2id":"maybebetterthanu","formatid":"gen9nationaldexdoubles","rating":0,"private":0,"password":""}