{"id":"gen9nationaldexdoubles-1961444631","p1":"NJKD18","p2":"RenLegend","format":"[Gen 9] National Dex Doubles","log":"|j|\u2606NJKD18\n|j|\u2606RenLegend\n|t:|1696625951\n|gametype|doubles\n|player|p1|NJKD18|2|1000\n|player|p2|RenLegend|swimmerf|1013\n|teamsize|p1|6\n|teamsize|p2|6\n|gen|9\n|tier|[Gen 9] National Dex Doubles\n|rated|\n|rule|HP Percentage Mod: HP is shown in percentages\n|rule|Endless Battle Clause: Forcing endless battles is banned\n|rule|OHKO Clause: OHKO moves are banned\n|rule|Evasion Moves Clause: Evasion moves are banned\n|rule|Evasion Abilities Clause: Evasion abilities are banned\n|rule|Species Clause: Limit one of each Pok\u00e9mon\n|rule|Gravity Sleep Clause: The combination of sleep-inducing moves with imperfect accuracy and Gravity or Gigantamax Orbeetle are banned\n|clearpoke\n|poke|p1|Poliwhirl, F|\n|poke|p1|Medicham, M|\n|poke|p1|Tornadus, M|\n|poke|p1|Eevee, F|\n|poke|p1|Latios, M|\n|poke|p1|Kingambit, F|\n|poke|p2|Gliscor, M|\n|poke|p2|Infernape, M|\n|poke|p2|Flutter Mane|\n|poke|p2|Bisharp, F|\n|poke|p2|Salamence, M|\n|poke|p2|Dracovish|\n|teampreview\n|\n|t:|1696625961\n|start\n|switch|p1a: forg|Poliwhirl, F|100\/100\n|switch|p1b: Medicham|Medicham, M|100\/100\n|switch|p2a: SpeedOsoundSonic|Flutter Mane|100\/100\n|switch|p2b: Dracovish|Dracovish|100\/100\n|-enditem|p2a: SpeedOsoundSonic|Booster Energy\n|-activate|p2a: SpeedOsoundSonic|ability: Protosynthesis|[fromitem]\n|-start|p2a: SpeedOsoundSonic|protosynthesisspe\n|turn|1\n|inactive|Battle timer is ON: inactive players will automatically lose when time's up. (requested by NJKD18)\n|\n|t:|1696625981\n|-terastallize|p2b: Dracovish|Water\n|move|p2a: SpeedOsoundSonic|Dazzling Gleam|p1a: forg|[spread] p1a,p1b\n|-supereffective|p1b: Medicham\n|-damage|p1a: forg|57\/100\n|-damage|p1b: Medicham|15\/100\n|move|p2b: Dracovish|Fishious Rend|p1b: Medicham\n|-damage|p1b: Medicham|0 fnt\n|faint|p1b: Medicham\n|move|p1a: forg|Belly Drum|p1a: forg\n|-damage|p1a: forg|7\/100\n|-setboost|p1a: forg|atk|6|[from] move: Belly Drum\n|\n|upkeep\n|c|\u2606NJKD18|uh oh\n|\n|t:|1696625999\n|switch|p1b: Tornadus|Tornadus, M|100\/100\n|turn|2\n|\n|t:|1696626021\n|move|p1b: Tornadus|Tailwind|p1b: Tornadus\n|-sidestart|p1: NJKD18|move: Tailwind\n|move|p1a: forg|Earthquake|p2b: Dracovish|[spread] p2a,p2b\n|-immune|p1b: Tornadus\n|-damage|p2a: SpeedOsoundSonic|0 fnt\n|-damage|p2b: Dracovish|33\/100\n|faint|p2a: SpeedOsoundSonic\n|-end|p2a: SpeedOsoundSonic|Protosynthesis|[silent]\n|move|p2b: Dracovish|Fishious Rend|p1a: forg\n|-heal|p1a: forg|32\/100|[from] ability: Water Absorb|[of] p2b: Dracovish\n|\n|upkeep\n|c|\u2606NJKD18|oh\n|\n|t:|1696626032\n|switch|p2a: Roar of the moon|Salamence, M|100\/100\n|-ability|p2a: Roar of the moon|Intimidate|boost\n|-unboost|p1a: forg|atk|1\n|-unboost|p1b: Tornadus|atk|1\n|turn|3\n|\n|t:|1696626060\n|detailschange|p2a: Roar of the moon|Salamence-Mega, M\n|-mega|p2a: Roar of the moon|Salamence|Salamencite\n|move|p1a: forg|Brick Break|p2b: Dracovish\n|-damage|p2b: Dracovish|0 fnt\n|faint|p2b: Dracovish\n|move|p1b: Tornadus|Bleakwind Storm|p2a: Roar of the moon|[miss]\n|-miss|p1b: Tornadus|p2a: Roar of the moon\n|-enditem|p1b: Tornadus|Blunder Policy\n|-boost|p1b: Tornadus|spe|2\n|move|p2a: Roar of the moon|Dragon Claw|p1a: forg\n|-damage|p1a: forg|0 fnt\n|faint|p1a: forg\n|\n|upkeep\n|\n|t:|1696626075\n|switch|p1a: Eevee|Eevee, F|100\/100\n|switch|p2b: Garo|Infernape, M, shiny|100\/100\n|-ability|p1a: Eevee|Anticipation\n|turn|4\n|c|\u2606NJKD18|oh i ruined my strat by changing movesets lol\n|inactive|NJKD18 has 120 seconds left.\n|\n|t:|1696626134\n|move|p1b: Tornadus|Chilling Water|p2b: Garo\n|-supereffective|p2b: Garo\n|-damage|p2b: Garo|47\/100\n|-unboost|p2b: Garo|atk|1\n|move|p2a: Roar of the moon|Brick Break|p1a: Eevee\n|-supereffective|p1a: Eevee\n|-crit|p1a: Eevee\n|-damage|p1a: Eevee|0 fnt\n|faint|p1a: Eevee\n|move|p2b: Garo|Thunder Punch|p1b: Tornadus\n|-supereffective|p1b: Tornadus\n|-damage|p1b: Tornadus|46\/100\n|\n|upkeep\n|inactive|NJKD18 has 90 seconds left.\n|\n|t:|1696626144\n|switch|p1a: Latios|Latios, M|100\/100\n|turn|5\n|\n|t:|1696626152\n|move|p1b: Tornadus|Chilling Water|p2b: Garo\n|-supereffective|p2b: Garo\n|-damage|p2b: Garo|0 fnt\n|faint|p2b: Garo\n|move|p1a: Latios|Future Sight|p2a: Roar of the moon\n|-start|p1a: Latios|move: Future Sight\n|move|p2a: Roar of the moon|Dragon Claw|p1a: Latios\n|-supereffective|p1a: Latios\n|-damage|p1a: Latios|0 fnt\n|faint|p1a: Latios\n|\n|-sideend|p1: NJKD18|move: Tailwind\n|upkeep\n|\n|t:|1696626164\n|switch|p1a: Kingambit|Kingambit, F|100\/100\n|switch|p2b: metal bat|Gliscor, M, shiny|100\/100\n|-activate|p1a: Kingambit|ability: Supreme Overlord\n|-start|p1a: Kingambit|fallen4|[silent]\n|turn|6\n|\n|t:|1696626181\n|move|p1b: Tornadus|Bleakwind Storm|p2b: metal bat|[spread] p2a,p2b\n|-damage|p2a: Roar of the moon|51\/100\n|-damage|p2b: metal bat|37\/100\n|-unboost|p2b: metal bat|spe|1\n|move|p2a: Roar of the moon|Fire Fang|p1a: Kingambit\n|-supereffective|p1a: Kingambit\n|-damage|p1a: Kingambit|67\/100\n|move|p2b: metal bat|Ice Fang|p1b: Tornadus|[miss]\n|-miss|p2b: metal bat|p1b: Tornadus\n|move|p1a: Kingambit|Kowtow Cleave|p2b: metal bat\n|-damage|p2b: metal bat|0 fnt\n|faint|p2b: metal bat\n|\n|upkeep\n|\n|t:|1696626196\n|switch|p2b: Inosuke|Bisharp, F, shiny|100\/100\n|turn|7\n|\n|t:|1696626205\n|move|p1b: Tornadus|Tailwind|p1b: Tornadus\n|-sidestart|p1: NJKD18|move: Tailwind\n|move|p2a: Roar of the moon|Dragon Claw|p1b: Tornadus\n|-damage|p1b: Tornadus|0 fnt\n|faint|p1b: Tornadus\n|move|p1a: Kingambit|Brick Break|p2b: Inosuke\n|-supereffective|p2b: Inosuke\n|-damage|p2b: Inosuke|0 fnt\n|faint|p2b: Inosuke\n|\n|-end|p2a: Roar of the moon|move: Future Sight\n|-damage|p2a: Roar of the moon|0 fnt\n|faint|p2a: Roar of the moon\n|\n|win|NJKD18\n|upkeep\n|raw|NJKD18's rating: 1000 &rarr; <strong>1041<\/strong><br \/>(+41 for winning)\n|raw|RenLegend's rating: 1013 &rarr; <strong>1001<\/strong><br \/>(-12 for losing)\n|c|\u2606NJKD18|i\n|l|\u2606RenLegend\n|c|\u2606NJKD18|i have no idea how that happened\n","uploadtime":1696626258,"views":11,"p1id":"njkd18","p2id":"renlegend","formatid":"gen9nationaldexdoubles","rating":1001,"private":0,"password":""}