{"id":"gen9nationaldexdoubles-1958349499","p1":"ce57\u521a\u521a33ii","p2":"blubry","format":"[Gen 9] National Dex Doubles","log":"|j|\u2606ce57\u521a\u521a33ii\n|j|\u2606blubry\n|t:|1696316207\n|gametype|doubles\n|player|p1|ce57\u521a\u521a33ii|hiker-gen4|1135\n|player|p2|blubry|265|1095\n|teamsize|p1|6\n|teamsize|p2|6\n|gen|9\n|tier|[Gen 9] National Dex Doubles\n|rated|\n|rule|HP Percentage Mod: HP is shown in percentages\n|rule|Endless Battle Clause: Forcing endless battles is banned\n|rule|OHKO Clause: OHKO moves are banned\n|rule|Evasion Moves Clause: Evasion moves are banned\n|rule|Evasion Abilities Clause: Evasion abilities are banned\n|rule|Species Clause: Limit one of each Pok\u00e9mon\n|rule|Gravity Sleep Clause: The combination of sleep-inducing moves with imperfect accuracy and Gravity or Gigantamax Orbeetle are banned\n|clearpoke\n|poke|p1|Flutter Mane|\n|poke|p1|Charizard, M|\n|poke|p1|Incineroar, F|\n|poke|p1|Venusaur, M|\n|poke|p1|Grimmsnarl, M|\n|poke|p1|Dragonite, F|\n|poke|p2|Espeon, M|\n|poke|p2|Masquerain, F|\n|poke|p2|Kingambit, M|\n|poke|p2|Sneasler, M|\n|poke|p2|Wigglytuff, F|\n|poke|p2|Jumpluff, F|\n|teampreview\n|\n|t:|1696316232\n|start\n|switch|p1a: \u5f00\u5899|Grimmsnarl, M, shiny|100\/100\n|switch|p1b: \u8001\u55b7|Charizard, M, shiny|100\/100\n|switch|p2a: Espeon|Espeon, M|100\/100\n|switch|p2b: Masquerain|Masquerain, F|100\/100\n|-ability|p2b: Masquerain|Intimidate|boost\n|-unboost|p1a: \u5f00\u5899|atk|1\n|-unboost|p1b: \u8001\u55b7|atk|1\n|turn|1\n|\n|t:|1696316250\n|detailschange|p1b: \u8001\u55b7|Charizard-Mega-Y, M, shiny\n|-mega|p1b: \u8001\u55b7|Charizard|Charizardite Y\n|-weather|SunnyDay|[from] ability: Drought|[of] p1b: \u8001\u55b7\n|move|p1a: \u5f00\u5899|Light Screen|p1a: \u5f00\u5899\n|-sidestart|p1: ce57\u521a\u521a33ii|move: Light Screen\n|move|p2a: Espeon|Skill Swap|p1a: \u5f00\u5899\n|-activate|p2a: Espeon|move: Skill Swap|Prankster|Magic Bounce|[of] p1a: \u5f00\u5899\n|move|p2b: Masquerain|U-turn|p1a: \u5f00\u5899\n|-damage|p1a: \u5f00\u5899|71\/100\n|\n|t:|1696316258\n|switch|p2b: Jumpluff|Jumpluff, F|100\/100|[from] U-turn\n|move|p1b: \u8001\u55b7|Heat Wave|p2b: Jumpluff|[spread] p2a,p2b\n|-crit|p2a: Espeon\n|-supereffective|p2b: Jumpluff\n|-damage|p2a: Espeon|0 fnt\n|-damage|p2b: Jumpluff|0 fnt\n|faint|p2a: Espeon\n|faint|p2b: Jumpluff\n|\n|-weather|SunnyDay|[upkeep]\n|upkeep\n|\n|t:|1696316264\n|switch|p2a: Sneasler|Sneasler, M|100\/100\n|switch|p2b: Masquerain|Masquerain, F|100\/100\n|-ability|p2b: Masquerain|Intimidate|boost\n|-unboost|p1a: \u5f00\u5899|atk|1\n|-unboost|p1b: \u8001\u55b7|atk|1\n|turn|2\n|\n|t:|1696316283\n|move|p2a: Sneasler|Rock Slide|p1a: \u5f00\u5899|[spread] p1a,p1b\n|-supereffective|p1b: \u8001\u55b7\n|-damage|p1a: \u5f00\u5899|46\/100\n|-damage|p1b: \u8001\u55b7|0 fnt\n|faint|p1b: \u8001\u55b7\n|move|p2b: Masquerain|Sticky Web|p1a: \u5f00\u5899\n|move|p1a: \u5f00\u5899|Sticky Web|p2b: Masquerain|[from]ability: Magic Bounce\n|-sidestart|p2: blubry|move: Sticky Web\n|cant|p1a: \u5f00\u5899|flinch\n|\n|-weather|SunnyDay|[upkeep]\n|upkeep\n|\n|t:|1696316308\n|switch|p1b: \u53d1\u54e5|Flutter Mane|100\/100\n|-activate|p1b: \u53d1\u54e5|ability: Protosynthesis\n|-start|p1b: \u53d1\u54e5|protosynthesisspe\n|turn|3\n|\n|t:|1696316326\n|switch|p2a: Kingambit|Kingambit, M|100\/100\n|-activate|p2a: Kingambit|move: Sticky Web\n|-unboost|p2a: Kingambit|spe|1\n|-ability|p2a: Kingambit|Defiant|boost\n|-boost|p2a: Kingambit|atk|2\n|move|p1b: \u53d1\u54e5|Moonblast|p2a: Kingambit\n|-damage|p2a: Kingambit|53\/100\n|move|p2b: Masquerain|U-turn|p1a: \u5f00\u5899\n|-damage|p1a: \u5f00\u5899|17\/100\n|\n|t:|1696316336\n|switch|p2b: Wigglytuff|Wigglytuff, F|100\/100|[from] U-turn\n|-activate|p2b: Wigglytuff|move: Sticky Web\n|-unboost|p2b: Wigglytuff|spe|1\n|-ability|p2b: Wigglytuff|Competitive|boost\n|-boost|p2b: Wigglytuff|spa|2\n|move|p1a: \u5f00\u5899|Reflect|p1a: \u5f00\u5899\n|-sidestart|p1: ce57\u521a\u521a33ii|Reflect\n|\n|-weather|SunnyDay|[upkeep]\n|upkeep\n|turn|4\n|\n|t:|1696316379\n|switch|p1a: \u849c\u5934\u738b\u516b|Venusaur, M|100\/100\n|-terastallize|p2a: Kingambit|Dark\n|move|p2a: Kingambit|Sucker Punch|p1b: \u53d1\u54e5\n|-damage|p1b: \u53d1\u54e5|0 fnt\n|faint|p1b: \u53d1\u54e5\n|-end|p1b: \u53d1\u54e5|Protosynthesis|[silent]\n|move|p2b: Wigglytuff|Dazzling Gleam|p1a: \u849c\u5934\u738b\u516b\n|-resisted|p1a: \u849c\u5934\u738b\u516b\n|-damage|p1a: \u849c\u5934\u738b\u516b|79\/100\n|\n|-weather|SunnyDay|[upkeep]\n|-heal|p1a: \u849c\u5934\u738b\u516b|85\/100|[from] item: Leftovers\n|upkeep\n|\n|t:|1696316396\n|switch|p1b: \u4e0d\u5feb\u9f99\u2014\u80a5\u5927|Dragonite, F|100\/100\n|turn|5\n|\n|t:|1696316409\n|move|p1b: \u4e0d\u5feb\u9f99\u2014\u80a5\u5927|Extreme Speed|p2a: Kingambit\n|-damage|p2a: Kingambit|20\/100\n|move|p2a: Kingambit|Sucker Punch|p1a: \u849c\u5934\u738b\u516b\n|-damage|p1a: \u849c\u5934\u738b\u516b|0 fnt\n|faint|p1a: \u849c\u5934\u738b\u516b\n|move|p2b: Wigglytuff|Dazzling Gleam|p1b: \u4e0d\u5feb\u9f99\u2014\u80a5\u5927\n|-supereffective|p1b: \u4e0d\u5feb\u9f99\u2014\u80a5\u5927\n|-damage|p1b: \u4e0d\u5feb\u9f99\u2014\u80a5\u5927|56\/100\n|\n|-weather|none\n|upkeep\n|\n|t:|1696316425\n|switch|p1a: \u5f00\u5899|Grimmsnarl, M, shiny|17\/100\n|turn|6\n|\n|t:|1696316442\n|switch|p2a: Masquerain|Masquerain, F|100\/100\n|-ability|p2a: Masquerain|Intimidate|boost\n|-unboost|p1a: \u5f00\u5899|atk|1\n|-unboost|p1b: \u4e0d\u5feb\u9f99\u2014\u80a5\u5927|atk|1\n|move|p1b: \u4e0d\u5feb\u9f99\u2014\u80a5\u5927|Extreme Speed|p2a: Masquerain\n|-crit|p2a: Masquerain\n|-enditem|p2a: Masquerain|Focus Sash\n|-damage|p2a: Masquerain|1\/100\n|move|p1a: \u5f00\u5899|Draining Kiss|p2a: Masquerain\n|-damage|p2a: Masquerain|0 fnt\n|-heal|p1a: \u5f00\u5899|18\/100|[from] drain|[of] p2a: Masquerain\n|faint|p2a: Masquerain\n|move|p2b: Wigglytuff|Dazzling Gleam|p1a: \u5f00\u5899|[spread] p1a,p1b\n|-supereffective|p1a: \u5f00\u5899\n|-supereffective|p1b: \u4e0d\u5feb\u9f99\u2014\u80a5\u5927\n|-damage|p1a: \u5f00\u5899|0 fnt\n|-damage|p1b: \u4e0d\u5feb\u9f99\u2014\u80a5\u5927|0 fnt\n|faint|p1a: \u5f00\u5899\n|faint|p1b: \u4e0d\u5feb\u9f99\u2014\u80a5\u5927\n|\n|upkeep\n|\n|t:|1696316463\n|switch|p2a: Sneasler|Sneasler, M|100\/100\n|switch|p1b: \u5b87\u5b99\u7b2c\u4e00|Incineroar, F, shiny|100\/100\n|-activate|p2a: Sneasler|move: Sticky Web\n|-unboost|p2a: Sneasler|spe|1\n|-enditem|p2a: Sneasler|White Herb\n|-clearnegativeboost|p2a: Sneasler|[silent]\n|-ability|p1b: \u5b87\u5b99\u7b2c\u4e00|Intimidate|boost\n|-unboost|p2a: Sneasler|atk|1\n|-unboost|p2b: Wigglytuff|atk|1\n|-ability|p2b: Wigglytuff|Competitive|boost\n|-boost|p2b: Wigglytuff|spa|2\n|turn|7\n|inactive|Battle timer is ON: inactive players will automatically lose when time's up. (requested by blubry)\n|\n|t:|1696316475\n|move|p2a: Sneasler|Close Combat|p1b: \u5b87\u5b99\u7b2c\u4e00\n|-supereffective|p1b: \u5b87\u5b99\u7b2c\u4e00\n|-damage|p1b: \u5b87\u5b99\u7b2c\u4e00|45\/100\n|-unboost|p2a: Sneasler|def|1\n|-unboost|p2a: Sneasler|spd|1\n|-enditem|p1b: \u5b87\u5b99\u7b2c\u4e00|Sitrus Berry|[eat]\n|-heal|p1b: \u5b87\u5b99\u7b2c\u4e00|70\/100|[from] item: Sitrus Berry\n|move|p1b: \u5b87\u5b99\u7b2c\u4e00|Flare Blitz|p2b: Wigglytuff\n|-damage|p2b: Wigglytuff|25\/100\n|-damage|p1b: \u5b87\u5b99\u7b2c\u4e00|39\/100|[from] Recoil\n|move|p2b: Wigglytuff|Dazzling Gleam|p1b: \u5b87\u5b99\u7b2c\u4e00\n|-damage|p1b: \u5b87\u5b99\u7b2c\u4e00|0 fnt\n|faint|p1b: \u5b87\u5b99\u7b2c\u4e00\n|\n|win|blubry\n|raw|ce57\u521a\u521a33ii's rating: 1135 &rarr; <strong>1107<\/strong><br \/>(-28 for losing)\n|raw|blubry's rating: 1095 &rarr; <strong>1124<\/strong><br \/>(+29 for winning)\n|l|\u2606ce57\u521a\u521a33ii\n","uploadtime":1696316497,"views":14,"p1id":"ce5733ii","p2id":"blubry","formatid":"gen9nationaldexdoubles","rating":1107,"private":0,"password":""}