{"id":"gen9nationaldexdoubles-1948391705","p1":"JZDoesStuff","p2":"JuliaMimi","format":"[Gen 9] National Dex Doubles","log":"|j|\u2606JZDoesStuff\n|j|\u2606JuliaMimi\n|t:|1695255318\n|gametype|doubles\n|player|p1|JZDoesStuff|hilbert|\n|player|p2|JuliaMimi|candice|\n|teamsize|p1|4\n|teamsize|p2|4\n|gen|9\n|tier|[Gen 9] National Dex Doubles\n|rule|HP Percentage Mod: HP is shown in percentages\n|rule|Endless Battle Clause: Forcing endless battles is banned\n|rule|OHKO Clause: OHKO moves are banned\n|rule|Evasion Moves Clause: Evasion moves are banned\n|rule|Evasion Abilities Clause: Evasion abilities are banned\n|rule|Species Clause: Limit one of each Pok\u00e9mon\n|rule|Gravity Sleep Clause: The combination of sleep-inducing moves with imperfect accuracy and Gravity or Gigantamax Orbeetle are banned\n|clearpoke\n|poke|p1|Scizor, F|\n|poke|p1|Maushold-Four|\n|poke|p1|Drifblim, F|\n|poke|p1|Decidueye-Hisui, F|\n|poke|p2|Pelipper, F|\n|poke|p2|Azumarill, F|\n|poke|p2|Rillaboom, M|\n|poke|p2|Samurott-Hisui, M|\n|teampreview\n|\n|t:|1695255336\n|start\n|switch|p1a: Drifblim|Drifblim, F|100\/100\n|switch|p1b: Decidueye|Decidueye-Hisui, F|100\/100\n|switch|p2a: Israeli|Pelipper, F|100\/100\n|switch|p2b: Justice|Samurott-Hisui, M|100\/100\n|-weather|RainDance|[from] ability: Drizzle|[of] p2a: Israeli\n|turn|1\n|\n|t:|1695255354\n|switch|p2b: Ganjamania|Rillaboom, M|100\/100\n|-fieldstart|move: Grassy Terrain|[from] ability: Grassy Surge|[of] p2b: Ganjamania\n|-enditem|p2b: Ganjamania|Grassy Seed\n|-boost|p2b: Ganjamania|def|1|[from] item: Grassy Seed\n|move|p1a: Drifblim|Will-O-Wisp|p2a: Israeli\n|-status|p2a: Israeli|brn\n|move|p1b: Decidueye|Leaf Blade|p2b: Ganjamania\n|-resisted|p2b: Ganjamania\n|-damage|p2b: Ganjamania|85\/100\n|move|p2a: Israeli|Tailwind|p2a: Israeli\n|-sidestart|p2: JuliaMimi|move: Tailwind\n|\n|-weather|RainDance|[upkeep]\n|-heal|p2b: Ganjamania|91\/100|[from] Grassy Terrain\n|-damage|p2a: Israeli|94\/100 brn|[from] brn\n|upkeep\n|turn|2\n|\n|t:|1695255404\n|move|p2b: Ganjamania|Wood Hammer|p1a: Drifblim\n|-resisted|p1a: Drifblim\n|-damage|p1a: Drifblim|71\/100\n|-damage|p2b: Ganjamania|77\/100|[from] Recoil\n|move|p2a: Israeli|Hurricane|p1b: Decidueye\n|-supereffective|p1b: Decidueye\n|-damage|p1b: Decidueye|0 fnt\n|faint|p1b: Decidueye\n|move|p1a: Drifblim|Will-O-Wisp|p2b: Ganjamania\n|-status|p2b: Ganjamania|brn\n|\n|-weather|RainDance|[upkeep]\n|-heal|p2b: Ganjamania|83\/100 brn|[from] Grassy Terrain\n|-heal|p2a: Israeli|100\/100 brn|[from] item: Leftovers\n|-damage|p2b: Ganjamania|77\/100 brn|[from] brn\n|-damage|p2a: Israeli|94\/100 brn|[from] brn\n|upkeep\n|\n|t:|1695255423\n|switch|p1b: Scizor|Scizor, F|100\/100\n|turn|3\n|\n|t:|1695255452\n|move|p1b: Scizor|Bullet Punch|p2a: Israeli\n|-resisted|p2a: Israeli\n|-damage|p2a: Israeli|82\/100 brn\n|move|p2b: Ganjamania|Drain Punch|p1b: Scizor\n|-damage|p1b: Scizor|85\/100\n|-heal|p2b: Ganjamania|83\/100 brn|[from] drain|[of] p1b: Scizor\n|move|p2a: Israeli|Hurricane|p1a: Drifblim\n|-damage|p1a: Drifblim|29\/100\n|-start|p1a: Drifblim|confusion\n|-activate|p1a: Drifblim|confusion\n|move|p1a: Drifblim|Hex|p2b: Ganjamania\n|-damage|p2b: Ganjamania|24\/100 brn\n|\n|-weather|RainDance|[upkeep]\n|-heal|p2b: Ganjamania|30\/100 brn|[from] Grassy Terrain\n|-heal|p2a: Israeli|88\/100 brn|[from] item: Leftovers\n|-heal|p1b: Scizor|91\/100|[from] Grassy Terrain\n|-damage|p2b: Ganjamania|24\/100 brn|[from] brn\n|-damage|p2a: Israeli|82\/100 brn|[from] brn\n|upkeep\n|turn|4\n|\n|t:|1695255479\n|detailschange|p1b: Scizor|Scizor-Mega, F\n|-mega|p1b: Scizor|Scizor|Scizorite\n|move|p2b: Ganjamania|High Horsepower|p1b: Scizor\n|-damage|p1b: Scizor|76\/100\n|move|p2a: Israeli|Hurricane|p1a: Drifblim\n|-damage|p1a: Drifblim|0 fnt\n|faint|p1a: Drifblim\n|move|p1b: Scizor|Swords Dance|p1b: Scizor\n|-boost|p1b: Scizor|atk|2\n|\n|-weather|RainDance|[upkeep]\n|-heal|p2b: Ganjamania|30\/100 brn|[from] Grassy Terrain\n|-heal|p2a: Israeli|88\/100 brn|[from] item: Leftovers\n|-heal|p1b: Scizor|82\/100|[from] Grassy Terrain\n|-damage|p2b: Ganjamania|24\/100 brn|[from] brn\n|-damage|p2a: Israeli|82\/100 brn|[from] brn\n|-sideend|p2: JuliaMimi|move: Tailwind\n|upkeep\n|\n|t:|1695255493\n|switch|p1a: Maushold|Maushold-Four|100\/100\n|turn|5\n|\n|t:|1695255522\n|move|p1b: Scizor|Bullet Punch|p2b: Ganjamania\n|-damage|p2b: Ganjamania|0 fnt\n|faint|p2b: Ganjamania\n|move|p1a: Maushold|Population Bomb|p2a: Israeli\n|-damage|p2a: Israeli|74\/100 brn\n|-damage|p2a: Israeli|65\/100 brn\n|-damage|p2a: Israeli|56\/100 brn\n|-crit|p2a: Israeli\n|-damage|p2a: Israeli|43\/100 brn\n|-damage|p2a: Israeli|34\/100 brn\n|-hitcount|p2a: Israeli|5\n|move|p2a: Israeli|Tailwind|p2a: Israeli\n|-sidestart|p2: JuliaMimi|move: Tailwind\n|\n|-weather|none\n|-heal|p2a: Israeli|41\/100 brn|[from] item: Leftovers\n|-heal|p1b: Scizor|88\/100|[from] Grassy Terrain\n|-damage|p2a: Israeli|34\/100 brn|[from] brn\n|-fieldend|move: Grassy Terrain\n|upkeep\n|\n|t:|1695255538\n|switch|p2b: Zuzy|Azumarill, F|100\/100\n|turn|6\n|\n|t:|1695255566\n|switch|p2a: Justice|Samurott-Hisui, M|100\/100\n|move|p2b: Zuzy|Protect|p2b: Zuzy\n|-singleturn|p2b: Zuzy|Protect\n|move|p1b: Scizor|Bullet Punch|p2b: Zuzy\n|-activate|p2b: Zuzy|move: Protect\n|move|p1a: Maushold|Population Bomb|p2a: Justice\n|-damage|p2a: Justice|87\/100\n|-damage|p2a: Justice|74\/100\n|-damage|p2a: Justice|58\/100\n|-damage|p2a: Justice|45\/100\n|-damage|p2a: Justice|30\/100\n|-hitcount|p2a: Justice|5\n|\n|upkeep\n|turn|7\n|\n|t:|1695255598\n|switch|p2a: Israeli|Pelipper, F|34\/100 brn\n|-weather|RainDance|[from] ability: Drizzle|[of] p2a: Israeli\n|move|p1b: Scizor|Bullet Punch|p2b: Zuzy\n|-damage|p2b: Zuzy|20\/100\n|-enditem|p2b: Zuzy|Sitrus Berry|[eat]\n|-heal|p2b: Zuzy|45\/100|[from] item: Sitrus Berry\n|move|p1a: Maushold|Population Bomb|p2a: Israeli\n|-damage|p2a: Israeli|26\/100 brn\n|-damage|p2a: Israeli|17\/100 brn\n|-damage|p2a: Israeli|8\/100 brn\n|-crit|p2a: Israeli\n|-damage|p2a: Israeli|0 fnt\n|faint|p2a: Israeli\n|-hitcount|p2: Israeli|4\n|move|p2b: Zuzy|Belly Drum||[still]\n|-fail|p2b: Zuzy\n|\n|-weather|RainDance|[upkeep]\n|upkeep\n|\n|t:|1695255616\n|switch|p2a: Justice|Samurott-Hisui, M|30\/100\n|turn|8\n|\n|t:|1695255640\n|-terastallize|p2a: Justice|Water\n|move|p2b: Zuzy|Aqua Jet|p1a: Maushold\n|-damage|p1a: Maushold|45\/100\n|move|p1b: Scizor|Bullet Punch|p2a: Justice\n|-resisted|p2a: Justice\n|-damage|p2a: Justice|0 fnt\n|faint|p2a: Justice\n|move|p1a: Maushold|Population Bomb|p2b: Zuzy\n|-damage|p2b: Zuzy|34\/100\n|-damage|p2b: Zuzy|22\/100\n|-damage|p2b: Zuzy|10\/100\n|-damage|p2b: Zuzy|0 fnt\n|faint|p2b: Zuzy\n|-hitcount|p2: Zuzy|4\n|\n|win|JZDoesStuff\n","uploadtime":1695255657,"views":5,"p1id":"jzdoesstuff","p2id":"juliamimi","formatid":"gen9nationaldexdoubles","rating":0,"private":0,"password":""}