{"id":"gen9nationaldexdoubles-1947434611","p1":"Cad48","p2":"Fnafnightmare","format":"[Gen 9] National Dex Doubles","log":"|j|\u2606Cad48\n|j|\u2606Fnafnightmare\n|t:|1695160396\n|gametype|doubles\n|player|p1|Cad48|thorton|\n|player|p2|Fnafnightmare|red|\n|teamsize|p1|6\n|teamsize|p2|6\n|gen|9\n|tier|[Gen 9] National Dex Doubles\n|rule|HP Percentage Mod: HP is shown in percentages\n|rule|Endless Battle Clause: Forcing endless battles is banned\n|rule|OHKO Clause: OHKO moves are banned\n|rule|Evasion Moves Clause: Evasion moves are banned\n|rule|Evasion Abilities Clause: Evasion abilities are banned\n|rule|Species Clause: Limit one of each Pok\u00e9mon\n|rule|Gravity Sleep Clause: The combination of sleep-inducing moves with imperfect accuracy and Gravity or Gigantamax Orbeetle are banned\n|clearpoke\n|poke|p1|Indeedee-F, F|\n|poke|p1|Bronzong|\n|poke|p1|Hatterene, F|\n|poke|p1|Armarouge, F|\n|poke|p1|Rabsca, F|\n|poke|p1|Oranguru, M|\n|poke|p2|Iron Valiant|\n|poke|p2|Tinkaton, F|\n|poke|p2|Scizor, M|\n|poke|p2|Lucario, F|\n|poke|p2|Meowscarada, M|\n|poke|p2|Grimmsnarl, M|\n|teampreview\n|c|\u2606Cad48|glhf!\n|\n|t:|1695160416\n|start\n|switch|p1a: Indeedee|Indeedee-F, F|100\/100\n|switch|p1b: Bronzong|Bronzong|100\/100\n|switch|p2a: Grimmsnarl|Grimmsnarl, M|100\/100\n|switch|p2b: Tinkaton|Tinkaton, F|100\/100\n|-ability|p2b: Tinkaton|Mold Breaker\n|-fieldstart|move: Psychic Terrain|[from] ability: Psychic Surge|[of] p1a: Indeedee\n|turn|1\n|\n|t:|1695160431\n|move|p1a: Indeedee|Follow Me|p1a: Indeedee\n|-singleturn|p1a: Indeedee|move: Follow Me\n|move|p2a: Grimmsnarl|Light Screen|p2a: Grimmsnarl\n|-sidestart|p2: Fnafnightmare|move: Light Screen\n|move|p2b: Tinkaton|Stealth Rock|p1b: Bronzong\n|-sidestart|p1: Cad48|move: Stealth Rock\n|move|p1b: Bronzong|Trick Room|p1b: Bronzong\n|-fieldstart|move: Trick Room|[of] p1b: Bronzong\n|\n|upkeep\n|turn|2\n|\n|t:|1695160455\n|switch|p2a: Scizor|Scizor, M|100\/100\n|move|p1a: Indeedee|Helping Hand|p1b: Bronzong\n|-singleturn|p1b: Bronzong|Helping Hand|[of] p1a: Indeedee\n|move|p1b: Bronzong|Gyro Ball|p2a: Scizor\n|-resisted|p2a: Scizor\n|-damage|p2a: Scizor|86\/100\n|move|p2b: Tinkaton|Gigaton Hammer|p1a: Indeedee\n|-damage|p1a: Indeedee|26\/100\n|\n|upkeep\n|turn|3\n|\n|t:|1695160470\n|move|p1a: Indeedee|Follow Me|p1a: Indeedee\n|-singleturn|p1a: Indeedee|move: Follow Me\n|move|p1b: Bronzong|Reflect|p1b: Bronzong\n|-sidestart|p1: Cad48|Reflect\n|move|p2a: Scizor|X-Scissor|p1a: Indeedee\n|-supereffective|p1a: Indeedee\n|-damage|p1a: Indeedee|0 fnt\n|faint|p1a: Indeedee\n|move|p2b: Tinkaton|Play Rough|p1b: Bronzong|[miss]\n|-miss|p2b: Tinkaton|p1b: Bronzong\n|\n|upkeep\n|\n|t:|1695160480\n|switch|p1a: Armarouge|Armarouge, F|100\/100\n|-damage|p1a: Armarouge|76\/100|[from] Stealth Rock\n|turn|4\n|\n|t:|1695160510\n|switch|p2a: Grimmsnarl|Grimmsnarl, M|100\/100\n|move|p1b: Bronzong|Light Screen|p1b: Bronzong\n|-sidestart|p1: Cad48|move: Light Screen\n|move|p1a: Armarouge|Armor Cannon|p2b: Tinkaton\n|-supereffective|p2b: Tinkaton\n|-damage|p2b: Tinkaton|40\/100\n|-unboost|p1a: Armarouge|def|1\n|-unboost|p1a: Armarouge|spd|1\n|move|p2b: Tinkaton|Play Rough|p1b: Bronzong\n|-resisted|p1b: Bronzong\n|-damage|p1b: Bronzong|92\/100\n|\n|upkeep\n|turn|5\n|\n|t:|1695160548\n|move|p2a: Grimmsnarl|Parting Shot|p1a: Armarouge\n|-activate|p1a: Armarouge|move: Psychic Terrain\n|move|p1b: Bronzong|Gyro Ball|p2a: Grimmsnarl\n|-supereffective|p2a: Grimmsnarl\n|-crit|p2a: Grimmsnarl\n|-damage|p2a: Grimmsnarl|31\/100\n|move|p1a: Armarouge|Armor Cannon|p2a: Grimmsnarl\n|-damage|p2a: Grimmsnarl|0 fnt\n|-unboost|p1a: Armarouge|def|1\n|-unboost|p1a: Armarouge|spd|1\n|faint|p2a: Grimmsnarl\n|move|p2b: Tinkaton|Gigaton Hammer|p1a: Armarouge\n|-resisted|p1a: Armarouge\n|-damage|p1a: Armarouge|47\/100\n|\n|-fieldend|move: Trick Room\n|upkeep\n|\n|t:|1695160555\n|switch|p2a: Scizor|Scizor, M|86\/100\n|turn|6\n|c|\u2606Cad48|no priority on psyterrain\n|\n|t:|1695160574\n|move|p2b: Tinkaton|Play Rough|p1b: Bronzong\n|-resisted|p1b: Bronzong\n|-damage|p1b: Bronzong|83\/100\n|move|p1a: Armarouge|Armor Cannon|p2a: Scizor\n|-supereffective|p2a: Scizor\n|-damage|p2a: Scizor|0 fnt\n|-unboost|p1a: Armarouge|def|1\n|-unboost|p1a: Armarouge|spd|1\n|faint|p2a: Scizor\n|move|p1b: Bronzong|Trick Room|p1b: Bronzong\n|-fieldstart|move: Trick Room|[of] p1b: Bronzong\n|\n|upkeep\n|\n|t:|1695160594\n|switch|p2a: Lucario|Lucario, F|100\/100\n|turn|7\n|\n|t:|1695160610\n|move|p1b: Bronzong|Gyro Ball|p2b: Tinkaton\n|-damage|p2b: Tinkaton|6\/100\n|move|p1a: Armarouge|Expanding Force|p2b: Tinkaton|[spread] p2a,p2b\n|-resisted|p2b: Tinkaton\n|-damage|p2a: Lucario|29\/100\n|-damage|p2b: Tinkaton|0 fnt\n|faint|p2b: Tinkaton\n|move|p2a: Lucario|Dark Pulse|p1a: Armarouge\n|-supereffective|p1a: Armarouge\n|-damage|p1a: Armarouge|0 fnt\n|faint|p1a: Armarouge\n|\n|upkeep\n|\n|t:|1695160621\n|switch|p1a: Hatterene|Hatterene, F|100\/100\n|switch|p2b: Meowscarada|Meowscarada, M, shiny|100\/100\n|-damage|p1a: Hatterene|88\/100|[from] Stealth Rock\n|turn|8\n|\n|t:|1695160636\n|move|p1b: Bronzong|Gyro Ball|p2b: Meowscarada\n|-damage|p2b: Meowscarada|36\/100\n|move|p1a: Hatterene|Dazzling Gleam|p2b: Meowscarada|[spread] p2a,p2b\n|-supereffective|p2b: Meowscarada\n|-damage|p2a: Lucario|0 fnt\n|-damage|p2b: Meowscarada|0 fnt\n|faint|p2a: Lucario\n|faint|p2b: Meowscarada\n|\n|-sideend|p2: Fnafnightmare|move: Light Screen\n|-fieldend|move: Psychic Terrain\n|upkeep\n|\n|t:|1695160645\n|switch|p2b: Iron Valiant|Iron Valiant|100\/100\n|-enditem|p2b: Iron Valiant|Booster Energy\n|-activate|p2b: Iron Valiant|ability: Quark Drive|[fromitem]\n|-start|p2b: Iron Valiant|quarkdriveatk\n|turn|9\n|\n|t:|1695160661\n|move|p1b: Bronzong|Gyro Ball|p2b: Iron Valiant\n|-supereffective|p2b: Iron Valiant\n|-damage|p2b: Iron Valiant|0 fnt\n|faint|p2b: Iron Valiant\n|-end|p2b: Iron Valiant|Quark Drive|[silent]\n|\n|win|Cad48\n|c|\u2606Cad48|gg\n|c|\u2606Fnafnightmare|Gg\n|l|\u2606Cad48\n","uploadtime":1695160684,"views":6,"p1id":"cad48","p2id":"fnafnightmare","formatid":"gen9nationaldexdoubles","rating":0,"private":0,"password":""}