{"id":"gen9nationaldexdoubles-1949834905","p1":"Mongoose556","p2":"nanotheawsome","format":"[Gen 9] National Dex Doubles","log":"|j|\u2606Mongoose556\n|j|\u2606nanotheawsome\n|t:|1695402683\n|gametype|doubles\n|player|p1|Mongoose556|may|1183\n|player|p2|nanotheawsome|cynthia-gen4|1222\n|teamsize|p1|6\n|teamsize|p2|6\n|gen|9\n|tier|[Gen 9] National Dex Doubles\n|rated|\n|rule|HP Percentage Mod: HP is shown in percentages\n|rule|Endless Battle Clause: Forcing endless battles is banned\n|rule|OHKO Clause: OHKO moves are banned\n|rule|Evasion Moves Clause: Evasion moves are banned\n|rule|Evasion Abilities Clause: Evasion abilities are banned\n|rule|Species Clause: Limit one of each Pok\u00e9mon\n|rule|Gravity Sleep Clause: The combination of sleep-inducing moves with imperfect accuracy and Gravity or Gigantamax Orbeetle are banned\n|clearpoke\n|poke|p1|Inteleon, M|\n|poke|p1|Swampert, M|\n|poke|p1|Araquanid, F|\n|poke|p1|Tapu Fini|\n|poke|p1|Feraligatr, M|\n|poke|p1|Cramorant, M|\n|poke|p2|Pelipper, M|\n|poke|p2|Volcanion|\n|poke|p2|Gastrodon, M|\n|poke|p2|Dragonite, F|\n|poke|p2|Azumarill, M|\n|poke|p2|Basculegion-F, F|\n|teampreview\n|\n|t:|1695402694\n|start\n|switch|p1a: Araquanid|Araquanid, F, shiny|100\/100\n|switch|p1b: Cramorant|Cramorant, M|100\/100\n|switch|p2a: Pelipper|Pelipper, M|100\/100\n|switch|p2b: Dragonite|Dragonite, F|100\/100\n|-weather|RainDance|[from] ability: Drizzle|[of] p2a: Pelipper\n|turn|1\n|inactive|Battle timer is ON: inactive players will automatically lose when time's up. (requested by Mongoose556)\n|-activate|p1a: Araquanid|item: Quick Claw\n|\n|t:|1695402722\n|move|p1a: Araquanid|Lunge|p2b: Dragonite\n|-resisted|p2b: Dragonite\n|-crit|p2b: Dragonite\n|-damage|p2b: Dragonite|88\/100\n|-unboost|p2b: Dragonite|atk|1\n|move|p1b: Cramorant|Tailwind|p1b: Cramorant\n|-sidestart|p1: Mongoose556|move: Tailwind\n|move|p2b: Dragonite|Agility|p2b: Dragonite\n|-boost|p2b: Dragonite|spe|2\n|move|p2a: Pelipper|Stockpile|p2a: Pelipper\n|-start|p2a: Pelipper|stockpile1\n|-boost|p2a: Pelipper|def|1\n|-boost|p2a: Pelipper|spd|1\n|\n|-weather|RainDance|[upkeep]\n|upkeep\n|turn|2\n|inactive|Mongoose556 has 120 seconds left.\n|inactive|Mongoose556 has 90 seconds left.\n|\n|t:|1695402792\n|move|p1b: Cramorant|Ice Beam|p2b: Dragonite\n|-supereffective|p2b: Dragonite\n|-damage|p2b: Dragonite|0 fnt\n|faint|p2b: Dragonite\n|move|p1a: Araquanid|Liquidation|p2a: Pelipper\n|-resisted|p2a: Pelipper\n|-damage|p2a: Pelipper|87\/100\n|-unboost|p2a: Pelipper|def|1\n|move|p2a: Pelipper|Stockpile|p2a: Pelipper\n|-start|p2a: Pelipper|stockpile2\n|-boost|p2a: Pelipper|def|1\n|-boost|p2a: Pelipper|spd|1\n|\n|-weather|RainDance|[upkeep]\n|-heal|p2a: Pelipper|93\/100|[from] item: Leftovers\n|upkeep\n|inactive|nanotheawsome has 120 seconds left.\n|\n|t:|1695402819\n|switch|p2b: Volcanion|Volcanion|100\/100\n|turn|3\n|inactive|nanotheawsome has 120 seconds left.\n|\n|t:|1695402840\n|move|p1b: Cramorant|Air Slash|p2b: Volcanion\n|-damage|p2b: Volcanion|82\/100\n|move|p1a: Araquanid|Poison Jab|p2b: Volcanion\n|-damage|p2b: Volcanion|67\/100\n|-status|p2b: Volcanion|psn\n|move|p2b: Volcanion|Flamethrower|p1a: Araquanid\n|-damage|p1a: Araquanid|82\/100\n|move|p2a: Pelipper|Hurricane|p1a: Araquanid\n|-supereffective|p1a: Araquanid\n|-damage|p1a: Araquanid|21\/100\n|-start|p1a: Araquanid|confusion\n|\n|-weather|RainDance|[upkeep]\n|-heal|p2a: Pelipper|99\/100|[from] item: Leftovers\n|-damage|p2b: Volcanion|54\/100 psn|[from] psn\n|upkeep\n|turn|4\n|inactive|Mongoose556 has 120 seconds left.\n|inactive|nanotheawsome has 120 seconds left.\n|\n|t:|1695402878\n|move|p1b: Cramorant|Air Slash|p2b: Volcanion\n|-damage|p2b: Volcanion|35\/100 psn\n|-activate|p1a: Araquanid|confusion\n|-damage|p1a: Araquanid|11\/100|[from] confusion\n|cant|p2b: Volcanion|flinch\n|move|p2a: Pelipper|Hurricane|p1a: Araquanid\n|-supereffective|p1a: Araquanid\n|-damage|p1a: Araquanid|0 fnt\n|faint|p1a: Araquanid\n|\n|-weather|RainDance|[upkeep]\n|-heal|p2a: Pelipper|100\/100|[from] item: Leftovers\n|-damage|p2b: Volcanion|22\/100 psn|[from] psn\n|-sideend|p1: Mongoose556|move: Tailwind\n|upkeep\n|\n|t:|1695402892\n|switch|p1a: Tapu Fini|Tapu Fini, shiny|100\/100\n|turn|5\n|inactive|Mongoose556 has 120 seconds left.\n|inactive|nanotheawsome has 120 seconds left.\n|\n|t:|1695402924\n|move|p1b: Cramorant|Air Slash|p2a: Pelipper\n|-damage|p2a: Pelipper|78\/100\n|move|p1a: Tapu Fini|Nature's Madness|p2a: Pelipper\n|-damage|p2a: Pelipper|39\/100\n|move|p2b: Volcanion|Flash Cannon|p1a: Tapu Fini\n|-damage|p1a: Tapu Fini|81\/100\n|cant|p2a: Pelipper|flinch\n|\n|-weather|none\n|-heal|p2a: Pelipper|46\/100|[from] item: Leftovers\n|-damage|p2b: Volcanion|10\/100 psn|[from] psn\n|upkeep\n|turn|6\n|inactive|nanotheawsome has 120 seconds left.\n|\n|t:|1695402943\n|move|p1b: Cramorant|Air Slash|p2b: Volcanion\n|-damage|p2b: Volcanion|0 fnt\n|faint|p2b: Volcanion\n|move|p1a: Tapu Fini|Nature's Madness|p2a: Pelipper\n|-damage|p2a: Pelipper|23\/100\n|move|p2a: Pelipper|Rain Dance|p2a: Pelipper\n|-weather|RainDance\n|\n|-weather|RainDance|[upkeep]\n|-heal|p2a: Pelipper|29\/100|[from] item: Leftovers\n|upkeep\n|inactive|nanotheawsome has 120 seconds left.\n|\n|t:|1695402962\n|switch|p2b: Basculegion|Basculegion-F, F|100\/100\n|turn|7\n|\n|t:|1695402974\n|move|p2b: Basculegion|Last Respects|p1a: Tapu Fini\n|-damage|p1a: Tapu Fini|5\/100\n|move|p1b: Cramorant|Air Slash|p2b: Basculegion\n|-damage|p2b: Basculegion|66\/100\n|move|p1a: Tapu Fini|Nature's Madness|p2a: Pelipper\n|-damage|p2a: Pelipper|15\/100\n|move|p2a: Pelipper|Hurricane|p1b: Cramorant\n|-damage|p1b: Cramorant|51\/100\n|\n|-weather|RainDance|[upkeep]\n|-heal|p2a: Pelipper|21\/100|[from] item: Leftovers\n|upkeep\n|turn|8\n|\n|t:|1695402992\n|move|p2b: Basculegion|Last Respects|p1a: Tapu Fini\n|-damage|p1a: Tapu Fini|0 fnt\n|faint|p1a: Tapu Fini\n|move|p1b: Cramorant|Air Slash|p2b: Basculegion\n|-damage|p2b: Basculegion|35\/100\n|move|p2a: Pelipper|Swallow|p2a: Pelipper\n|-heal|p2a: Pelipper|71\/100\n|-unboost|p2a: Pelipper|def|2\n|-unboost|p2a: Pelipper|spd|2\n|-end|p2a: Pelipper|Stockpile\n|\n|-weather|RainDance|[upkeep]\n|-heal|p2a: Pelipper|77\/100|[from] item: Leftovers\n|upkeep\n|\n|t:|1695403001\n|switch|p1a: Feraligatr|Feraligatr, M, shiny|100\/100\n|turn|9\n|\n|t:|1695403007\n|move|p2b: Basculegion|Last Respects|p1a: Feraligatr\n|-damage|p1a: Feraligatr|0 fnt\n|faint|p1a: Feraligatr\n|move|p1b: Cramorant|Air Slash|p2b: Basculegion\n|-damage|p2b: Basculegion|0 fnt\n|faint|p2b: Basculegion\n|move|p2a: Pelipper|Stockpile|p2a: Pelipper\n|-start|p2a: Pelipper|stockpile1\n|-boost|p2a: Pelipper|def|1\n|-boost|p2a: Pelipper|spd|1\n|\n|-weather|RainDance|[upkeep]\n|-heal|p2a: Pelipper|84\/100|[from] item: Leftovers\n|upkeep\n|\n|t:|1695403024\n|switch|p2b: Azumarill|Azumarill, M|100\/100\n|switch|p1a: Randall|Inteleon, M, shiny|100\/100\n|turn|10\n|\n|t:|1695403043\n|move|p1a: Randall|Snipe Shot|p2a: Pelipper\n|-resisted|p2a: Pelipper\n|-damage|p2a: Pelipper|53\/100\n|move|p1b: Cramorant|Air Slash|p2b: Azumarill\n|-damage|p2b: Azumarill|71\/100\n|move|p2a: Pelipper|Stockpile|p2a: Pelipper\n|-start|p2a: Pelipper|stockpile2\n|-boost|p2a: Pelipper|def|1\n|-boost|p2a: Pelipper|spd|1\n|cant|p2b: Azumarill|flinch\n|\n|-weather|none\n|-heal|p2a: Pelipper|59\/100|[from] item: Leftovers\n|upkeep\n|turn|11\n|\n|t:|1695403056\n|move|p1a: Randall|Snipe Shot|p2a: Pelipper\n|-resisted|p2a: Pelipper\n|-crit|p2a: Pelipper\n|-damage|p2a: Pelipper|0 fnt\n|faint|p2a: Pelipper\n|move|p1b: Cramorant|Air Slash|p2b: Azumarill\n|-damage|p2b: Azumarill|41\/100\n|-enditem|p2b: Azumarill|Sitrus Berry|[eat]\n|-heal|p2b: Azumarill|66\/100|[from] item: Sitrus Berry\n|move|p2b: Azumarill|Belly Drum|p2b: Azumarill\n|-damage|p2b: Azumarill|16\/100\n|-setboost|p2b: Azumarill|atk|6|[from] move: Belly Drum\n|\n|upkeep\n|\n|t:|1695403068\n|switch|p2a: Gastrodon|Gastrodon, M|100\/100\n|turn|12\n|\n|t:|1695403082\n|move|p2b: Azumarill|Aqua Jet|p2a: Gastrodon\n|-activate|p2a: Gastrodon|ability: Storm Drain\n|-ability|p2a: Gastrodon|Storm Drain|boost\n|-boost|p2a: Gastrodon|spa|1\n|move|p1a: Randall|Air Slash|p2b: Azumarill\n|-damage|p2b: Azumarill|0 fnt\n|faint|p2b: Azumarill\n|move|p1b: Cramorant|Air Slash|p2a: Gastrodon\n|-damage|p2a: Gastrodon|71\/100\n|move|p2a: Gastrodon|Ice Beam|p1b: Cramorant\n|-damage|p1b: Cramorant|0 fnt\n|faint|p1b: Cramorant\n|\n|upkeep\n|\n|t:|1695403088\n|switch|p1b: BeefCake|Swampert, M, shiny|100\/100\n|turn|13\n|c|\u2606nanotheawsome|I forgot that storm drain does that\n|\n|t:|1695403103\n|move|p1a: Randall|Dark Pulse|p2a: Gastrodon\n|-damage|p2a: Gastrodon|47\/100\n|move|p1b: BeefCake|High Horsepower|p2a: Gastrodon\n|-damage|p2a: Gastrodon|0 fnt\n|faint|p2a: Gastrodon\n|\n|win|Mongoose556\n|raw|Mongoose556's rating: 1183 &rarr; <strong>1211<\/strong><br \/>(+28 for winning)\n|raw|nanotheawsome's rating: 1222 &rarr; <strong>1194<\/strong><br \/>(-28 for losing)\n","uploadtime":1695403108,"views":10,"p1id":"mongoose556","p2id":"nanotheawsome","formatid":"gen9nationaldexdoubles","rating":1194,"private":0,"password":""}