{"id":"gen9nationaldexdoubles-1992713351","p1":"Pancake Tuesday","p2":"Old McBruh","format":"[Gen 9] National Dex Doubles","log":"|j|\u2606Pancake Tuesday\n|j|\u203dOld McBruh\n|t:|1700228215\n|gametype|doubles\n|player|p1|Pancake Tuesday|cynthia|1520\n|player|p2|Old McBruh|colress|1657\n|teamsize|p1|6\n|teamsize|p2|6\n|gen|9\n|tier|[Gen 9] National Dex Doubles\n|rated|\n|rule|HP Percentage Mod: HP is shown in percentages\n|rule|Endless Battle Clause: Forcing endless battles is banned\n|rule|OHKO Clause: OHKO moves are banned\n|rule|Evasion Moves Clause: Evasion moves are banned\n|rule|Evasion Abilities Clause: Evasion abilities are banned\n|rule|Species Clause: Limit one of each Pok\u00e9mon\n|rule|Gravity Sleep Clause: The combination of sleep-inducing moves with imperfect accuracy and Gravity or Gigantamax Orbeetle are banned\n|clearpoke\n|poke|p1|Tapu Lele|\n|poke|p1|Stakataka|\n|poke|p1|Gardevoir, F|\n|poke|p1|Incineroar, F|\n|poke|p1|Urshifu-*, F|\n|poke|p1|Necrozma|\n|poke|p2|Charizard, M|\n|poke|p2|Walking Wake|\n|poke|p2|Whimsicott, F|\n|poke|p2|Flutter Mane|\n|poke|p2|Rillaboom, F|\n|poke|p2|Marshadow|\n|teampreview\n|inactive|Battle timer is ON: inactive players will automatically lose when time's up. (requested by Pancake Tuesday)\n|c|\u2606Pancake Tuesday|hi ya glhf\n|inactive|Pancake Tuesday has 120 seconds left.\n|\n|t:|1700228257\n|start\n|switch|p1a: Incineroar|Incineroar, F|100\/100\n|switch|p1b: Gardevoir|Gardevoir, F|100\/100\n|switch|p2a: Walking Wake|Walking Wake|100\/100\n|switch|p2b: Whimsicott|Whimsicott, F, shiny|100\/100\n|-ability|p1a: Incineroar|Intimidate|boost\n|-unboost|p2a: Walking Wake|atk|1\n|-unboost|p2b: Whimsicott|atk|1\n|-ability|p1b: Gardevoir|Prankster|[from] ability: Trace|[of] p2b: Whimsicott\n|turn|1\n|n|\u2606Old McBruh|oldmcbruh\n|c|\u2606Old McBruh|u2\n|\n|t:|1700228287\n|detailschange|p1b: Gardevoir|Gardevoir-Mega, F\n|-mega|p1b: Gardevoir|Gardevoir|Gardevoirite\n|move|p2a: Walking Wake|Protect|p2a: Walking Wake\n|-singleturn|p2a: Walking Wake|Protect\n|move|p1a: Incineroar|Fake Out|p2a: Walking Wake\n|-activate|p2a: Walking Wake|move: Protect\n|move|p2b: Whimsicott|Tailwind|p2b: Whimsicott\n|-sidestart|p2: Old McBruh|move: Tailwind\n|move|p1b: Gardevoir|Hyper Voice|p2b: Whimsicott|[spread] p2b\n|-activate|p2a: Walking Wake|move: Protect\n|-damage|p2b: Whimsicott|34\/100\n|\n|upkeep\n|turn|2\n|\n|t:|1700228311\n|move|p1b: Gardevoir|Protect|p1b: Gardevoir\n|-singleturn|p1b: Gardevoir|Protect\n|move|p2b: Whimsicott|Moonblast|p1b: Gardevoir\n|-activate|p1b: Gardevoir|move: Protect\n|move|p2a: Walking Wake|Draco Meteor|p1a: Incineroar\n|-damage|p1a: Incineroar|34\/100\n|-unboost|p2a: Walking Wake|spa|2\n|-enditem|p1a: Incineroar|Sitrus Berry|[eat]\n|-heal|p1a: Incineroar|59\/100|[from] item: Sitrus Berry\n|-damage|p2a: Walking Wake|91\/100|[from] item: Life Orb\n|move|p1a: Incineroar|Parting Shot|p2a: Walking Wake\n|-unboost|p2a: Walking Wake|atk|1\n|-unboost|p2a: Walking Wake|spa|1\n|inactive|Pancake Tuesday has 120 seconds left.\n|\n|t:|1700228337\n|switch|p1a: Stakataka|Stakataka|100\/100|[from] Parting Shot\n|\n|upkeep\n|turn|3\n|\n|t:|1700228346\n|-end|p2a: Walking Wake|Protosynthesis|[silent]\n|switch|p2a: Marshadow|Marshadow|100\/100\n|-terastallize|p1a: Stakataka|Ghost\n|move|p2b: Whimsicott|Encore|p1b: Gardevoir\n|-start|p1b: Gardevoir|Encore\n|move|p1b: Gardevoir|Protect||[still]\n|-fail|p1b: Gardevoir\n|move|p1a: Stakataka|Trick Room|p1a: Stakataka\n|-fieldstart|move: Trick Room|[of] p1a: Stakataka\n|\n|upkeep\n|turn|4\n|\n|t:|1700228366\n|switch|p1a: Incineroar|Incineroar, F|59\/100\n|-ability|p1a: Incineroar|Intimidate|boost\n|-unboost|p2a: Marshadow|atk|1\n|-unboost|p2b: Whimsicott|atk|1\n|switch|p1b: Urshifu|Urshifu-Rapid-Strike, F|100\/100\n|switch|p2a: Rillaboom|Rillaboom, F|100\/100\n|-fieldstart|move: Grassy Terrain|[from] ability: Grassy Surge|[of] p2a: Rillaboom\n|move|p2b: Whimsicott|Encore|p1a: Incineroar\n|-hint|Since gen 7, Dark is immune to Prankster moves.\n|-immune|p1a: Incineroar\n|\n|-heal|p1a: Incineroar|65\/100|[from] Grassy Terrain\n|-heal|p2b: Whimsicott|40\/100|[from] Grassy Terrain\n|-sideend|p2: Old McBruh|move: Tailwind\n|upkeep\n|turn|5\n|\n|t:|1700228378\n|move|p1a: Incineroar|Fake Out|p2a: Rillaboom\n|-damage|p2a: Rillaboom|88\/100\n|cant|p2a: Rillaboom|flinch\n|move|p1b: Urshifu|Surging Strikes|p2b: Whimsicott\n|-resisted|p2b: Whimsicott\n|-crit|p2b: Whimsicott\n|-damage|p2b: Whimsicott|26\/100\n|-resisted|p2b: Whimsicott\n|-crit|p2b: Whimsicott\n|-damage|p2b: Whimsicott|12\/100\n|-resisted|p2b: Whimsicott\n|-crit|p2b: Whimsicott\n|-damage|p2b: Whimsicott|0 fnt\n|faint|p2b: Whimsicott\n|-hitcount|p2: Whimsicott|3\n|\n|-heal|p1a: Incineroar|71\/100|[from] Grassy Terrain\n|-heal|p2a: Rillaboom|94\/100|[from] Grassy Terrain\n|upkeep\n|\n|t:|1700228390\n|switch|p2b: Marshadow|Marshadow|100\/100\n|turn|6\n|\n|t:|1700228407\n|-terastallize|p2a: Rillaboom|Fire\n|move|p1b: Urshifu|Detect|p1b: Urshifu\n|-singleturn|p1b: Urshifu|Protect\n|move|p1a: Incineroar|Flare Blitz|p2a: Rillaboom\n|-resisted|p2a: Rillaboom\n|-damage|p2a: Rillaboom|67\/100\n|-damage|p1a: Incineroar|63\/100|[from] Recoil\n|move|p2a: Rillaboom|Wood Hammer|p1b: Urshifu\n|-activate|p1b: Urshifu|move: Protect\n|move|p2b: Marshadow|Close Combat|p1a: Incineroar\n|-supereffective|p1a: Incineroar\n|-damage|p1a: Incineroar|0 fnt\n|-unboost|p2b: Marshadow|def|1\n|-unboost|p2b: Marshadow|spd|1\n|faint|p1a: Incineroar\n|\n|-heal|p2a: Rillaboom|73\/100|[from] Grassy Terrain\n|upkeep\n|\n|t:|1700228422\n|switch|p1a: Gardevoir|Gardevoir-Mega, F|100\/100\n|turn|7\n|\n|t:|1700228440\n|switch|p1b: Tapu Lele|Tapu Lele|100\/100\n|-fieldstart|move: Psychic Terrain|[from] ability: Psychic Surge|[of] p1b: Tapu Lele\n|switch|p2b: Charizard|Charizard, M, shiny|100\/100\n|move|p1a: Gardevoir|Hyper Voice|p2b: Charizard|[spread] p2a,p2b\n|-resisted|p2a: Rillaboom\n|-resisted|p2b: Charizard\n|-damage|p2a: Rillaboom|57\/100\n|-damage|p2b: Charizard|73\/100\n|move|p2a: Rillaboom|Wood Hammer|p1b: Tapu Lele\n|-damage|p1b: Tapu Lele|22\/100\n|-enditem|p1b: Tapu Lele|Sitrus Berry|[eat]\n|-heal|p1b: Tapu Lele|47\/100|[from] item: Sitrus Berry\n|-damage|p2a: Rillaboom|31\/100|[from] Recoil\n|\n|-fieldend|move: Trick Room\n|upkeep\n|turn|8\n|\n|t:|1700228467\n|switch|p2a: Walking Wake|Walking Wake|91\/100\n|move|p2b: Charizard|Protect|p2b: Charizard\n|-singleturn|p2b: Charizard|Protect\n|move|p1b: Tapu Lele|Protect|p1b: Tapu Lele\n|-singleturn|p1b: Tapu Lele|Protect\n|move|p1a: Gardevoir|Trick Room|p1a: Gardevoir\n|-fieldstart|move: Trick Room|[of] p1a: Gardevoir\n|\n|upkeep\n|turn|9\n|\n|t:|1700228482\n|detailschange|p2b: Charizard|Charizard-Mega-Y, M, shiny\n|-mega|p2b: Charizard|Charizard|Charizardite Y\n|-weather|SunnyDay|[from] ability: Drought|[of] p2b: Charizard\n|-activate|p2a: Walking Wake|ability: Protosynthesis\n|-start|p2a: Walking Wake|protosynthesisspe\n|move|p2a: Walking Wake|Protect|p2a: Walking Wake\n|-singleturn|p2a: Walking Wake|Protect\n|move|p1a: Gardevoir|Hyper Voice|p2a: Walking Wake|[spread] p2b\n|-activate|p2a: Walking Wake|move: Protect\n|-resisted|p2b: Charizard\n|-damage|p2b: Charizard|50\/100\n|move|p1b: Tapu Lele|Psychic|p2b: Charizard\n|-damage|p2b: Charizard|4\/100\n|move|p2b: Charizard|Heat Wave|p1b: Tapu Lele|[spread] p1a,p1b\n|-damage|p1a: Gardevoir|52\/100\n|-damage|p1b: Tapu Lele|0 fnt\n|-status|p1a: Gardevoir|brn\n|faint|p1b: Tapu Lele\n|\n|-weather|SunnyDay|[upkeep]\n|-damage|p1a: Gardevoir|46\/100 brn|[from] brn\n|upkeep\n|\n|t:|1700228503\n|switch|p1b: Stakataka|Stakataka, tera:Ghost|100\/100\n|turn|10\n|\n|t:|1700228524\n|move|p2b: Charizard|Protect|p2b: Charizard\n|-singleturn|p2b: Charizard|Protect\n|move|p1b: Stakataka|Gyro Ball|p2b: Charizard\n|-activate|p2b: Charizard|move: Protect\n|move|p1a: Gardevoir|Hyper Voice|p2b: Charizard|[spread] p2a\n|-activate|p2b: Charizard|move: Protect\n|-supereffective|p2a: Walking Wake\n|-damage|p2a: Walking Wake|0 fnt\n|faint|p2a: Walking Wake\n|-end|p2a: Walking Wake|Protosynthesis|[silent]\n|\n|-weather|SunnyDay|[upkeep]\n|-damage|p1a: Gardevoir|39\/100 brn|[from] brn\n|upkeep\n|\n|t:|1700228534\n|switch|p2a: Rillaboom|Rillaboom, F, tera:Fire|31\/100\n|-fieldstart|move: Grassy Terrain|[from] ability: Grassy Surge|[of] p2a: Rillaboom\n|turn|11\n|\n|t:|1700228561\n|move|p1a: Gardevoir|Protect|p1a: Gardevoir\n|-singleturn|p1a: Gardevoir|Protect\n|move|p2a: Rillaboom|Grassy Glide|p1b: Stakataka\n|-damage|p1b: Stakataka|75\/100\n|move|p1b: Stakataka|Gyro Ball|p2b: Charizard\n|-resisted|p2b: Charizard\n|-damage|p2b: Charizard|0 fnt\n|faint|p2b: Charizard\n|-ability|p1b: Stakataka|Beast Boost|boost\n|-boost|p1b: Stakataka|atk|1\n|\n|-weather|SunnyDay|[upkeep]\n|-heal|p1b: Stakataka|81\/100|[from] Grassy Terrain\n|-heal|p1a: Gardevoir|46\/100 brn|[from] Grassy Terrain\n|-heal|p2a: Rillaboom|37\/100|[from] Grassy Terrain\n|-damage|p1a: Gardevoir|39\/100 brn|[from] brn\n|upkeep\n|\n|t:|1700228571\n|switch|p2b: Marshadow|Marshadow|100\/100\n|turn|12\n|inactive|Pancake Tuesday has 120 seconds left.\n|c|\u2606Old McBruh|this is gonna be quite the endgame\n|c|\u2606Pancake Tuesday|fr lmao\n|\n|t:|1700228627\n|move|p2b: Marshadow|Protect|p2b: Marshadow\n|-singleturn|p2b: Marshadow|Protect\n|move|p2a: Rillaboom|Grassy Glide|p1a: Gardevoir\n|-damage|p1a: Gardevoir|0 fnt\n|faint|p1a: Gardevoir\n|move|p1b: Stakataka|Gyro Ball|p2b: Marshadow\n|-activate|p2b: Marshadow|move: Protect\n|\n|-weather|SunnyDay|[upkeep]\n|-heal|p1b: Stakataka|87\/100|[from] Grassy Terrain\n|-heal|p2a: Rillaboom|43\/100|[from] Grassy Terrain\n|-fieldend|move: Trick Room\n|upkeep\n|\n|t:|1700228633\n|switch|p1a: Necrozma|Necrozma|100\/100\n|turn|13\n|inactive|Pancake Tuesday has 90 seconds left.\n|\n|t:|1700228666\n|move|p2b: Marshadow|Spectral Thief||[still]\n|-clearpositiveboost|p1b: Stakataka|p2b: Marshadow|move: Spectral Thief\n|-boost|p2b: Marshadow|atk|1\n|-anim|p2b: Marshadow|Spectral Thief|p1b: Stakataka\n|-supereffective|p1b: Stakataka\n|-damage|p1b: Stakataka|0 fnt\n|faint|p1b: Stakataka\n|move|p1a: Necrozma|Expanding Force|p2b: Marshadow\n|-supereffective|p2b: Marshadow\n|-damage|p2b: Marshadow|3\/100\n|move|p2a: Rillaboom|Wood Hammer|p1a: Necrozma\n|-damage|p1a: Necrozma|6\/100\n|-damage|p2a: Rillaboom|12\/100|[from] Recoil\n|\n|-weather|none\n|-heal|p2b: Marshadow|9\/100|[from] Grassy Terrain\n|-heal|p1a: Necrozma|12\/100|[from] Grassy Terrain\n|-heal|p2a: Rillaboom|19\/100|[from] Grassy Terrain\n|upkeep\n|inactive|Pancake Tuesday has 90 seconds left.\n|\n|t:|1700228676\n|switch|p1b: Urshifu|Urshifu-Rapid-Strike, F|100\/100\n|turn|14\n|inactive|Pancake Tuesday has 90 seconds left.\n|\n|t:|1700228700\n|move|p1a: Necrozma|Protect|p1a: Necrozma\n|-singleturn|p1a: Necrozma|Protect\n|move|p2b: Marshadow|Shadow Sneak|p1a: Necrozma\n|-activate|p1a: Necrozma|move: Protect\n|move|p1b: Urshifu|Aqua Jet|p2a: Rillaboom\n|-supereffective|p2a: Rillaboom\n|-damage|p2a: Rillaboom|0 fnt\n|faint|p2a: Rillaboom\n|\n|-heal|p2b: Marshadow|15\/100|[from] Grassy Terrain\n|-heal|p1a: Necrozma|18\/100|[from] Grassy Terrain\n|upkeep\n|c|\u2606Old McBruh|damn, didn't expect to live\n|\n|t:|1700228707\n|switch|p2a: Flutter Mane|Flutter Mane|100\/100\n|turn|15\n|\n|t:|1700228721\n|move|p2b: Marshadow|Shadow Sneak|p1b: Urshifu\n|-damage|p1b: Urshifu|58\/100\n|move|p1b: Urshifu|Aqua Jet|p2b: Marshadow\n|-damage|p2b: Marshadow|0 fnt\n|faint|p2b: Marshadow\n|move|p2a: Flutter Mane|Dazzling Gleam|p1a: Necrozma|[spread] p1a,p1b\n|-supereffective|p1b: Urshifu\n|-damage|p1a: Necrozma|0 fnt\n|-damage|p1b: Urshifu|0 fnt\n|faint|p1a: Necrozma\n|faint|p1b: Urshifu\n|-damage|p2a: Flutter Mane|91\/100|[from] item: Life Orb\n|\n|win|Old McBruh\n|raw|Pancake Tuesday's rating: 1520 &rarr; <strong>1508<\/strong><br \/>(-12 for losing)\n|raw|Old McBruh's rating: 1657 &rarr; <strong>1669<\/strong><br \/>(+12 for winning)\n|c|\u2606Pancake Tuesday|ggs\n|c|\u2606Old McBruh|i gotta do a calc\n|c|\u2606Old McBruh|whats the necrozma set?\n|c|\u2606Old McBruh|wanna calc the odds\n|c|\u2606Pancake Tuesday|max spa max speed and 4 def\n|c|\u2606Old McBruh|nature?\n|c|\u2606Pancake Tuesday|my 4 hp and the nature is Timid\n|c|\u2606Old McBruh|thanks\n|c|\u2606Old McBruh|ok, did the calc\n|c|\u2606Old McBruh|18.8% 1HKO\n|c|\u2606Old McBruh|I'm kinda suprised\n|c|\u2606Old McBruh|Marsh is favoured to live\n|c|\u2606Pancake Tuesday|yeah I didn't expect that lmao\n|c|\u2606Pancake Tuesday|I was fucking crying lmao\n|c|\u2606Old McBruh|also, gonna calc aqua jet vs flutter\n|c|\u2606Old McBruh|wanna see if u even had a chance in the flutter endgame\n|c|\u2606Old McBruh|unless ur sash\n|c|\u2606Old McBruh|cause then yeah, u won\n|c|\u2606Pancake Tuesday|what! I was running a mystic water, bro I have PTSD from flutter manes living at like 2hp\n|c|\u2606Pancake Tuesday|I should have a attacked it why bro I always sell\n|c|\u2606Old McBruh|252+ Atk Choice Band Urshifu-Rapid-Strike Aqua Jet vs. 0 HP \/ 0 Def Flutter Mane: 175-207 (69.7 - 82.4%) -- guaranteed 2HKO after Grassy Terrain recovery\n|c|\u2606Old McBruh|i did a calc with banded with adamant\n|c|\u2606Old McBruh|it lives\n|c|\u2606Old McBruh|which is quite something\n|c|\u2606Old McBruh|so yeah, mystic water won't kill\n|c|\u2606Old McBruh|without crit\n|c|\u2606Old McBruh|btw, nice team!\n|c|\u2606Old McBruh|didn't expect tr megavoir\n|c|\u2606Pancake Tuesday|Thanks I ratpack try it out and I was also try psy spam and I saw they work really well thogher\n|c|\u2606Old McBruh|ratpacker?\n|c|\u2606Old McBruh|did u fight him with this team or did he help with making this?\n|c|\u2606Pancake Tuesday|Neither I just the concept from the tournament and just expanded on it\n|c|\u2606Old McBruh|ah, u took inspiration from a tour team\n|c|\u2606Pancake Tuesday|yeah\n|c|\u2606Old McBruh|nice!\n|c|\u2606Old McBruh|btw, what is the idea for the team?\n|c|\u2606Old McBruh|did u modify it?\n|c|\u2606Pancake Tuesday|it's to try over beat my openets with both sides of the specteruim, because most teams are not prepair to bet both\n|c|\u2606Old McBruh|this team seems weak to Volcanion\n|c|\u2606Old McBruh|Especially with AV\n|c|\u2606Pancake Tuesday|yeah it's going to hard with so match ups it's still in working progress \\\n|c|\u2606Old McBruh|if ur focusing on tr, maybe Guts Luna?\n|c|\u2606Old McBruh|as a general physical Nuke\n|c|\u2606Pancake Tuesday|I'm not fousing on tr it's as a suport for psy terrain\n|c|\u2606Old McBruh|ah i see\n|c|\u2606Old McBruh|try posting this in teambuilding\n|c|\u2606Old McBruh|i bet they can make it real good\n|c|\u2606Pancake Tuesday|I was thinking of that but I want to take this into tournment I'm afraid that one of my oppents will see it\n|c|\u2606Old McBruh|oh, what tour?\n|c|\u2606Pancake Tuesday|swiss tournment\n|c|\u2606Old McBruh|also, if u wanna test this team, I suggest not on ladder\n|c|\u2606Old McBruh|in case of the off chance that ur opponent finds u with this team\n|c|\u2606Old McBruh|if u wanna test, I can help with that\n|c|\u2606Pancake Tuesday|that would be great thanks\n|c|\u2606Old McBruh|ur welcome\n|c|\u2606Old McBruh|I just enjoy doing stuff\n|c|\u2606Old McBruh|like this\n|c|\u2606Pancake Tuesday|I don't have too much time because I'm playing on spare in school, can we come up that will for the both us. Team buliding is really it's great seeing your hard work paying off\n|c|\u2606Old McBruh|can we what?\n|c|\u2606Old McBruh|come up with a team or time or something?\n|c|\u2606Pancake Tuesday|sorry mb can we come up with a time that works for the both of us\n|c|\u2606Old McBruh|sure\n|c|\u2606Old McBruh|what is ur timezone?\n|c|\u2606Pancake Tuesday|EST\n|c|\u2606Pancake Tuesday|mb it's GMT-5\n|c|\u2606Old McBruh|thanks\n|c|\u2606Old McBruh|what time are u available?\n|c|\u2606Old McBruh|in ur time\n|c|\u2606Pancake Tuesday|4:00pm\n|c|\u2606Old McBruh|can 9 pm work for u?\n|c|\u2606Pancake Tuesday|no unfortunately I got bible study at that time\n|c|\u2606Old McBruh|ah, can a tie beyond that work?\n|c|\u2606Old McBruh|time*\n|c|\u2606Pancake Tuesday|I don't think so I go to bed around 10 to 11pm\n|c|\u2606Old McBruh|ah\n|c|\u2606Old McBruh|cause 4 pm ur time is 5 am\n|c|\u2606Pancake Tuesday|we can try 10am\n|c|\u2606Old McBruh|ur time?\n|c|\u2606Pancake Tuesday|your time\n|c|\u2606Old McBruh|ah\n|c|\u2606Old McBruh|so the 9 pm ur time?\n|c|\u2606Pancake Tuesday|umm what would be a good time in your time zone\n|c|\u2606Old McBruh|any time that isn't 11:30 pm - 6 am\n|c|\u2606Old McBruh|cause my dorm's wifi shuts down at that time\n|c|\u2606Pancake Tuesday|damm that must suck, ah I can wake up early for this so let's try 9am or 8am my time\n|c|\u2606Old McBruh|that can work\n|c|\u2606Old McBruh|but please don't force urself or something\n|c|\u2606Old McBruh|I just wanna help with ur team, I don't wanna make u late for stuff\n|c|\u2606Pancake Tuesday|hurray, it's okay I usaually a ealier riser\n|c|\u2606Old McBruh|damn\n|c|\u2606Old McBruh|u usually egt up at 7?\n|c|\u2606Old McBruh|*get\n|c|\u2606Pancake Tuesday|that's not bad at all it's good to get all the sleep you need\n|c|\u2606Old McBruh|alright\n|c|\u2606Old McBruh|i should have noticed that, cause that time is rn for u lmao\n|c|\u2606Pancake Tuesday|lmao great talking with you I need to get to my next class thanks for all the help\n","uploadtime":1700231511,"views":6,"p1id":"pancaketuesday","p2id":"oldmcbruh","formatid":"gen9nationaldexdoubles","rating":1508,"private":0,"password":""}