{"id":"gen9nationaldexdoubles-1948387162","p1":"kyjin42","p2":"CatchyG","format":"[Gen 9] National Dex Doubles","log":"|j|\u2606kyjin42\n|j|\u2606CatchyG\n|t:|1695254856\n|gametype|doubles\n|player|p1|kyjin42|1|1103\n|player|p2|CatchyG|wallace|1086\n|teamsize|p1|6\n|teamsize|p2|6\n|gen|9\n|tier|[Gen 9] National Dex Doubles\n|rated|\n|rule|HP Percentage Mod: HP is shown in percentages\n|rule|Endless Battle Clause: Forcing endless battles is banned\n|rule|OHKO Clause: OHKO moves are banned\n|rule|Evasion Moves Clause: Evasion moves are banned\n|rule|Evasion Abilities Clause: Evasion abilities are banned\n|rule|Species Clause: Limit one of each Pok\u00e9mon\n|rule|Gravity Sleep Clause: The combination of sleep-inducing moves with imperfect accuracy and Gravity or Gigantamax Orbeetle are banned\n|clearpoke\n|poke|p1|Raichu, M|\n|poke|p1|Corviknight, M|\n|poke|p1|Dragonite, M|\n|poke|p1|Keldeo-Resolute|\n|poke|p1|Breloom, M|\n|poke|p1|Lycanroc-Dusk, M|\n|poke|p2|Great Tusk|\n|poke|p2|Golem-Alola, F|\n|poke|p2|Tornadus, M|\n|poke|p2|Mawile, F|\n|poke|p2|Bellibolt, M|\n|poke|p2|Ogerpon-Hearthflame, F|\n|teampreview\n|inactive|Battle timer is ON: inactive players will automatically lose when time's up. (requested by CatchyG)\n|inactive|kyjin42 has 120 seconds left.\n|\n|t:|1695254894\n|start\n|switch|p1a: Breloom|Breloom, M, shiny|100\/100\n|switch|p1b: Raichu|Raichu, M, shiny|100\/100\n|switch|p2a: Tornadus|Tornadus, M|100\/100\n|switch|p2b: Golem|Golem-Alola, F|100\/100\n|turn|1\n|\n|t:|1695254921\n|move|p1b: Raichu|Fake Out|p2a: Tornadus\n|-damage|p2a: Tornadus|79\/100\n|-damage|p1b: Raichu|91\/100|[from] item: Life Orb\n|cant|p2a: Tornadus|flinch\n|move|p2b: Golem|Explosion|p1b: Raichu|[spread] p2a,p1a\n|-ability|p1b: Raichu|Lightning Rod|boost\n|-boost|p1b: Raichu|spa|1\n|-supereffective|p2a: Tornadus\n|-resisted|p1a: Breloom\n|-damage|p2a: Tornadus|0 fnt\n|-damage|p1a: Breloom|31\/100\n|faint|p2b: Golem\n|faint|p2a: Tornadus\n|move|p1a: Breloom|Spore|p2: Tornadus|[notarget]\n|-fail|p1a: Breloom\n|\n|upkeep\n|\n|t:|1695254932\n|switch|p2a: Mawile|Mawile, F|100\/100\n|switch|p2b: Great Tusk|Great Tusk|100\/100\n|turn|2\n|\n|t:|1695254958\n|detailschange|p2a: Mawile|Mawile-Mega, F\n|-mega|p2a: Mawile|Mawile|Mawilite\n|move|p2a: Mawile|Sucker Punch|p1b: Raichu\n|-damage|p1b: Raichu|0 fnt\n|faint|p1b: Raichu\n|move|p2b: Great Tusk|Close Combat|p1a: Breloom\n|-damage|p1a: Breloom|0 fnt\n|-unboost|p2b: Great Tusk|def|1\n|-unboost|p2b: Great Tusk|spd|1\n|faint|p1a: Breloom\n|\n|upkeep\n|inactive|kyjin42 has 120 seconds left.\n|l|\u2606CatchyG\n|inactive|CatchyG disconnected and has a minute to reconnect!\n|player|p2|\n|\n|t:|1695254975\n|switch|p1b: Keldeo|Keldeo-Resolute|100\/100\n|switch|p1a: Dragonite|Dragonite, M, shiny|100\/100\n|turn|3\n|inactive|CatchyG has 30 seconds to reconnect!\n|j|\u2606CatchyG\n|inactive|CatchyG reconnected and has 115 seconds left.\n|player|p2|CatchyG|wallace\n|\n|t:|1695255025\n|switch|p1b: Corviknight|Corviknight, M, shiny|100\/100\n|move|p2b: Great Tusk|Stealth Rock|p1b: Corviknight\n|-sidestart|p1: kyjin42|move: Stealth Rock\n|move|p1a: Dragonite|Earthquake|p2a: Mawile|[spread] p2a,p2b\n|-immune|p1b: Corviknight\n|-supereffective|p2a: Mawile\n|-damage|p2a: Mawile|42\/100\n|-damage|p2b: Great Tusk|69\/100\n|move|p2a: Mawile|Play Rough|p1a: Dragonite\n|-supereffective|p1a: Dragonite\n|-damage|p1a: Dragonite|16\/100\n|-enditem|p1a: Dragonite|Weakness Policy\n|-boost|p1a: Dragonite|atk|2|[from] item: Weakness Policy\n|-boost|p1a: Dragonite|spa|2|[from] item: Weakness Policy\n|\n|upkeep\n|turn|4\n|inactive|CatchyG has 120 seconds left.\n|\n|t:|1695255047\n|move|p2a: Mawile|Sucker Punch|p1a: Dragonite\n|-damage|p1a: Dragonite|0 fnt\n|faint|p1a: Dragonite\n|move|p2b: Great Tusk|Head Smash|p1b: Corviknight|[miss]\n|-miss|p2b: Great Tusk|p1b: Corviknight\n|move|p1b: Corviknight|Drill Peck|p2b: Great Tusk\n|-supereffective|p2b: Great Tusk\n|-damage|p2b: Great Tusk|0 fnt\n|faint|p2b: Great Tusk\n|-end|p2b: Great Tusk|Protosynthesis|[silent]\n|\n|upkeep\n|\n|t:|1695255065\n|switch|p2b: Bellibolt|Bellibolt, M|100\/100\n|switch|p1a: Lycanroc|Lycanroc-Dusk, M, shiny|100\/100\n|-damage|p1a: Lycanroc|88\/100|[from] Stealth Rock\n|turn|5\n|l|\u2606CatchyG\n|inactive|CatchyG disconnected and has a minute to reconnect!\n|player|p2|\n|\n|t:|1695255086\n|-terastallize|p1a: Lycanroc|Fire\n|move|p2a: Mawile|Sucker Punch||[still]\n|-fail|p2a: Mawile\n|move|p1a: Lycanroc|Swords Dance|p1a: Lycanroc\n|-boost|p1a: Lycanroc|atk|2\n|move|p1b: Corviknight|Iron Defense|p1b: Corviknight\n|-boost|p1b: Corviknight|def|2\n|move|p2b: Bellibolt|Parabolic Charge|p1b: Corviknight|[spread] p2a,p1a,p1b\n|-supereffective|p1b: Corviknight\n|-damage|p2a: Mawile|12\/100\n|-damage|p1a: Lycanroc|48\/100\n|-damage|p1b: Corviknight|55\/100\n|\n|upkeep\n|turn|6\n|j|\u2606CatchyG\n|inactive|CatchyG reconnected and has 135 seconds left.\n|player|p2|CatchyG|wallace\n|inactive|CatchyG has 120 seconds left.\n|\n|t:|1695255118\n|move|p2a: Mawile|Sucker Punch||[still]\n|-fail|p2a: Mawile\n|move|p1a: Lycanroc|Swords Dance|p1a: Lycanroc\n|-boost|p1a: Lycanroc|atk|2\n|move|p1b: Corviknight|Drill Peck|p2a: Mawile\n|-resisted|p2a: Mawile\n|-damage|p2a: Mawile|0 fnt\n|faint|p2a: Mawile\n|move|p2b: Bellibolt|Parabolic Charge|p1b: Corviknight|[spread] p1a,p1b\n|-supereffective|p1b: Corviknight\n|-damage|p1a: Lycanroc|9\/100\n|-damage|p1b: Corviknight|6\/100\n|\n|upkeep\n|inactive|CatchyG has 120 seconds left.\n|\n|t:|1695255131\n|switch|p2a: Ogerpon|Ogerpon-Hearthflame, F|100\/100\n|-ability|p2a: Ogerpon|Mold Breaker\n|turn|7\n|\n|t:|1695255154\n|move|p2a: Ogerpon|Spiky Shield|p2a: Ogerpon\n|-singleturn|p2a: Ogerpon|move: Protect\n|move|p1a: Lycanroc|Fire Fang|p2b: Bellibolt\n|-damage|p2b: Bellibolt|0 fnt\n|faint|p2b: Bellibolt\n|-damage|p1a: Lycanroc|0 fnt|[from] item: Life Orb\n|faint|p1a: Lycanroc\n|move|p1b: Corviknight|Bulk Up|p1b: Corviknight\n|-boost|p1b: Corviknight|atk|1\n|-boost|p1b: Corviknight|def|1\n|\n|upkeep\n|l|\u2606CatchyG\n|inactive|CatchyG disconnected and has a minute to reconnect!\n|player|p2|\n|\n|t:|1695255168\n|switch|p1a: Keldeo|Keldeo-Resolute|100\/100\n|-damage|p1a: Keldeo|94\/100|[from] Stealth Rock\n|turn|8\n|j|\u2606CatchyG\n|inactive|CatchyG reconnected and has 135 seconds left.\n|player|p2|CatchyG|wallace\n|inactive|CatchyG has 120 seconds left.\n|\n|t:|1695255205\n|-terastallize|p2a: Ogerpon|Fire\n|detailschange|p2a: Ogerpon|Ogerpon-Hearthflame-Tera, F, tera:Fire\n|-ability|p2a: Ogerpon|Embody Aspect (Hearthflame)|boost\n|-boost|p2a: Ogerpon|atk|1\n|move|p2a: Ogerpon|Horn Leech|p1a: Keldeo\n|-supereffective|p1a: Keldeo\n|-damage|p1a: Keldeo|0 fnt\n|faint|p1a: Keldeo\n|move|p1b: Corviknight|Brave Bird|p2a: Ogerpon\n|-damage|p2a: Ogerpon|0 fnt\n|faint|p2a: Ogerpon\n|-damage|p1b: Corviknight|0 fnt|[from] Recoil\n|faint|p1b: Corviknight\n|\n|win|kyjin42\n|raw|kyjin42's rating: 1103 &rarr; <strong>1127<\/strong><br \/>(+24 for winning)\n|raw|CatchyG's rating: 1086 &rarr; <strong>1064<\/strong><br \/>(-22 for losing)\n|l|\u2606CatchyG\n","uploadtime":1695255227,"views":9,"p1id":"kyjin42","p2id":"catchyg","formatid":"gen9nationaldexdoubles","rating":1064,"private":0,"password":""}