{"id":"gen9nationaldexdoubles-1984819058","p1":"Crosland","p2":"ratpacker","format":"[Gen 9] National Dex Doubles","log":"|j|\u2606Crosland\n|j|\u2606ratpacker\n|t:|1699301646\n|gametype|doubles\n|player|p1|Crosland|hiker-gen4|1428\n|player|p2|ratpacker|twins|1586\n|teamsize|p1|6\n|teamsize|p2|6\n|gen|9\n|tier|[Gen 9] National Dex Doubles\n|rated|\n|rule|HP Percentage Mod: HP is shown in percentages\n|rule|Endless Battle Clause: Forcing endless battles is banned\n|rule|OHKO Clause: OHKO moves are banned\n|rule|Evasion Moves Clause: Evasion moves are banned\n|rule|Evasion Abilities Clause: Evasion abilities are banned\n|rule|Species Clause: Limit one of each Pok\u00e9mon\n|rule|Gravity Sleep Clause: The combination of sleep-inducing moves with imperfect accuracy and Gravity or Gigantamax Orbeetle are banned\n|clearpoke\n|poke|p1|Zygarde|\n|poke|p1|Zamazenta-*|\n|poke|p1|Jirachi|\n|poke|p1|Rillaboom, F|\n|poke|p1|Kangaskhan, F|\n|poke|p1|Glimmora, M|\n|poke|p2|Tornadus, M|\n|poke|p2|Indeedee-F, F|\n|poke|p2|Zygarde|\n|poke|p2|Chi-Yu|\n|poke|p2|Gardevoir, M|\n|poke|p2|Urshifu-*, M|\n|teampreview\n|inactive|Battle timer is ON: inactive players will automatically lose when time's up. (requested by Crosland)\n|inactive|ratpacker also wants the timer to be on.\n|inactive|ratpacker has 120 seconds left.\n|\n|t:|1699301678\n|start\n|switch|p1a: Zamazenta|Zamazenta|100\/100\n|switch|p1b: Zygarde|Zygarde|100\/100\n|switch|p2a: Tornadus|Tornadus, M|100\/100\n|switch|p2b: Gardevoir|Gardevoir, M|100\/100\n|-ability|p1a: Zamazenta|Dauntless Shield|boost\n|-boost|p1a: Zamazenta|def|1\n|-ability|p1b: Zygarde|Aura Break\n|-ability|p2b: Gardevoir|Dauntless Shield|boost\n|-boost|p2b: Gardevoir|def|1\n|-ability|p2b: Gardevoir|Dauntless Shield|[from] ability: Trace|[of] p1a: Zamazenta\n|turn|1\n|\n|t:|1699301696\n|detailschange|p2b: Gardevoir|Gardevoir-Mega, M\n|-mega|p2b: Gardevoir|Gardevoir|Gardevoirite\n|-terastallize|p1b: Zygarde|Fire\n|move|p2a: Tornadus|Tailwind|p2a: Tornadus\n|-sidestart|p2: ratpacker|move: Tailwind\n|move|p2b: Gardevoir|Substitute|p2b: Gardevoir\n|-start|p2b: Gardevoir|Substitute\n|-damage|p2b: Gardevoir|76\/100\n|move|p1a: Zamazenta|Coaching|p1b: Zygarde\n|-boost|p1b: Zygarde|atk|1\n|-boost|p1b: Zygarde|def|1\n|move|p1b: Zygarde|Dragon Dance|p1b: Zygarde\n|-boost|p1b: Zygarde|atk|1\n|-boost|p1b: Zygarde|spe|1\n|\n|upkeep\n|turn|2\n|\n|t:|1699301715\n|move|p1a: Zamazenta|Wide Guard|p1a: Zamazenta\n|-singleturn|p1a: Zamazenta|Wide Guard\n|move|p2a: Tornadus|Bleakwind Storm|p1b: Zygarde|[spread] \n|-activate|p1a: Zamazenta|move: Wide Guard\n|-activate|p1b: Zygarde|move: Wide Guard\n|move|p2b: Gardevoir|Expanding Force|p1a: Zamazenta\n|-supereffective|p1a: Zamazenta\n|-damage|p1a: Zamazenta|20\/100\n|-enditem|p1a: Zamazenta|Sitrus Berry|[eat]\n|-heal|p1a: Zamazenta|45\/100|[from] item: Sitrus Berry\n|move|p1b: Zygarde|Thousand Arrows|p2b: Gardevoir|[spread] p2a,p2b\n|-end|p2b: Gardevoir|Substitute\n|-damage|p2a: Tornadus|23\/100\n|-start|p2a: Tornadus|Smack Down\n|\n|upkeep\n|turn|3\n|inactive|ratpacker has 120 seconds left.\n|\n|t:|1699301751\n|switch|p2a: Urshifu|Urshifu-Rapid-Strike, M|100\/100\n|move|p2b: Gardevoir|Expanding Force|p1a: Zamazenta\n|-supereffective|p1a: Zamazenta\n|-damage|p1a: Zamazenta|0 fnt\n|faint|p1a: Zamazenta\n|move|p1b: Zygarde|Thousand Arrows|p2b: Gardevoir|[spread] p2a,p2b\n|-damage|p2a: Urshifu|40\/100\n|-damage|p2b: Gardevoir|0 fnt\n|faint|p2b: Gardevoir\n|\n|upkeep\n|\n|t:|1699301769\n|switch|p1a: Kangaskhan|Kangaskhan, F|100\/100\n|switch|p2b: Zygarde|Zygarde|100\/100\n|-ability|p2b: Zygarde|Aura Break\n|turn|4\n|\n|t:|1699301775\n|switch|p2b: Indeedee|Indeedee-F, F|100\/100\n|-fieldstart|move: Psychic Terrain|[from] ability: Psychic Surge|[of] p2b: Indeedee\n|detailschange|p1a: Kangaskhan|Kangaskhan-Mega, F\n|-mega|p1a: Kangaskhan|Kangaskhan|Kangaskhanite\n|move|p1a: Kangaskhan|Fake Out|p2a: Urshifu\n|-activate|p2a: Urshifu|move: Psychic Terrain\n|move|p2a: Urshifu|Surging Strikes|p1b: Zygarde\n|-supereffective|p1b: Zygarde\n|-crit|p1b: Zygarde\n|-damage|p1b: Zygarde|68\/100\n|-supereffective|p1b: Zygarde\n|-crit|p1b: Zygarde\n|-damage|p1b: Zygarde|33\/100\n|-supereffective|p1b: Zygarde\n|-crit|p1b: Zygarde\n|-damage|p1b: Zygarde|1\/100\n|-hitcount|p1b: Zygarde|3\n|move|p1b: Zygarde|Thousand Arrows|p2a: Urshifu|[spread] p2a,p2b\n|-damage|p2a: Urshifu|0 fnt\n|-damage|p2b: Indeedee|41\/100\n|faint|p2a: Urshifu\n|\n|-sideend|p2: ratpacker|move: Tailwind\n|upkeep\n|\n|t:|1699301795\n|switch|p2a: Tornadus|Tornadus, M|23\/100\n|turn|5\n|\n|t:|1699301802\n|switch|p1a: Jirachi|Jirachi|100\/100\n|move|p2a: Tornadus|Tailwind|p2a: Tornadus\n|-sidestart|p2: ratpacker|move: Tailwind\n|move|p1b: Zygarde|Thousand Arrows|p2b: Indeedee|[spread] p2a,p2b\n|-damage|p2a: Tornadus|0 fnt\n|-damage|p2b: Indeedee|0 fnt\n|faint|p2a: Tornadus\n|faint|p2b: Indeedee\n|\n|upkeep\n|\n|t:|1699301805\n|switch|p2a: Zygarde|Zygarde|100\/100\n|switch|p2b: Chi-Yu|Chi-Yu|100\/100\n|-ability|p2b: Chi-Yu|Beads of Ruin\n|-ability|p2a: Zygarde|Aura Break\n|-enditem|p2a: Zygarde|Psychic Seed\n|-boost|p2a: Zygarde|spd|1|[from] item: Psychic Seed\n|turn|6\n|\n|t:|1699301830\n|move|p1b: Zygarde|Protect|p1b: Zygarde\n|-singleturn|p1b: Zygarde|Protect\n|move|p1a: Jirachi|Protect|p1a: Jirachi\n|-singleturn|p1a: Jirachi|Protect\n|move|p2b: Chi-Yu|Snarl|p1b: Zygarde|[spread] \n|-activate|p1a: Jirachi|move: Protect\n|-activate|p1b: Zygarde|move: Protect\n|move|p2a: Zygarde|Coil|p2a: Zygarde\n|-boost|p2a: Zygarde|atk|1\n|-boost|p2a: Zygarde|def|1\n|-boost|p2a: Zygarde|accuracy|1\n|\n|upkeep\n|turn|7\n|\n|t:|1699301844\n|switch|p1b: Kangaskhan|Kangaskhan-Mega, F|100\/100\n|move|p2b: Chi-Yu|Snarl|p1b: Kangaskhan|[spread] p1a,p1b\n|-supereffective|p1a: Jirachi\n|-damage|p1a: Jirachi|60\/100\n|-damage|p1b: Kangaskhan|78\/100\n|-unboost|p1a: Jirachi|spa|1\n|-unboost|p1b: Kangaskhan|spa|1\n|move|p2a: Zygarde|Coil|p2a: Zygarde\n|-boost|p2a: Zygarde|atk|1\n|-boost|p2a: Zygarde|def|1\n|-boost|p2a: Zygarde|accuracy|1\n|move|p1a: Jirachi|Encore|p2a: Zygarde\n|-start|p2a: Zygarde|Encore\n|\n|upkeep\n|turn|8\n|\n|t:|1699301854\n|move|p2b: Chi-Yu|Heat Wave|p1b: Kangaskhan|[spread] p1a,p1b\n|-supereffective|p1a: Jirachi\n|-damage|p1a: Jirachi|0 fnt\n|-damage|p1b: Kangaskhan|38\/100\n|faint|p1a: Jirachi\n|move|p2a: Zygarde|Coil|p2a: Zygarde\n|-boost|p2a: Zygarde|atk|1\n|-boost|p2a: Zygarde|def|1\n|-boost|p2a: Zygarde|accuracy|1\n|move|p1b: Kangaskhan|Seismic Toss|p2a: Zygarde\n|-damage|p2a: Zygarde|77\/100\n|-damage|p2a: Zygarde|53\/100\n|-hitcount|p2a: Zygarde|2\n|\n|-sideend|p2: ratpacker|move: Tailwind\n|-fieldend|move: Psychic Terrain\n|upkeep\n|\n|t:|1699301858\n|switch|p1a: Rillaboom|Rillaboom, F|100\/100\n|-fieldstart|move: Grassy Terrain|[from] ability: Grassy Surge|[of] p1a: Rillaboom\n|turn|9\n|\n|t:|1699301869\n|move|p1a: Rillaboom|Fake Out|p2b: Chi-Yu\n|-damage|p2b: Chi-Yu|83\/100\n|move|p1b: Kangaskhan|Seismic Toss|p2a: Zygarde\n|-damage|p2a: Zygarde|29\/100\n|-damage|p2a: Zygarde|5\/100\n|-hitcount|p2a: Zygarde|2\n|cant|p2b: Chi-Yu|flinch\n|move|p2a: Zygarde|Coil|p2a: Zygarde\n|-boost|p2a: Zygarde|atk|1\n|-boost|p2a: Zygarde|def|1\n|-boost|p2a: Zygarde|accuracy|1\n|\n|-heal|p1b: Kangaskhan|44\/100|[from] Grassy Terrain\n|-heal|p2b: Chi-Yu|90\/100|[from] Grassy Terrain\n|-heal|p2a: Zygarde|11\/100|[from] Grassy Terrain\n|upkeep\n|turn|10\n|\n|t:|1699301884\n|-terastallize|p2b: Chi-Yu|Fire\n|move|p1a: Rillaboom|Grassy Glide|p2a: Zygarde\n|-damage|p2a: Zygarde|3\/100\n|move|p1b: Kangaskhan|Seismic Toss|p2b: Chi-Yu\n|-damage|p2b: Chi-Yu|55\/100\n|-damage|p2b: Chi-Yu|21\/100\n|-hitcount|p2b: Chi-Yu|2\n|move|p2b: Chi-Yu|Heat Wave|p1a: Rillaboom|[spread] p1a,p1b\n|-supereffective|p1a: Rillaboom\n|-damage|p1a: Rillaboom|7\/100\n|-damage|p1b: Kangaskhan|0 fnt\n|faint|p1b: Kangaskhan\n|move|p2a: Zygarde|Coil|p2a: Zygarde\n|-boost|p2a: Zygarde|atk|1\n|-boost|p2a: Zygarde|def|1\n|-boost|p2a: Zygarde|accuracy|1\n|\n|-heal|p2b: Chi-Yu|27\/100|[from] Grassy Terrain\n|-heal|p2a: Zygarde|10\/100|[from] Grassy Terrain\n|-heal|p1a: Rillaboom|13\/100|[from] Grassy Terrain\n|-end|p2a: Zygarde|Encore\n|upkeep\n|\n|t:|1699301899\n|switch|p1b: Zygarde|Zygarde, tera:Fire|1\/100\n|-ability|p1b: Zygarde|Aura Break\n|turn|11\n|\n|t:|1699301909\n|move|p1b: Zygarde|Extreme Speed|p2b: Chi-Yu\n|-damage|p2b: Chi-Yu|0 fnt\n|faint|p2b: Chi-Yu\n|move|p2a: Zygarde|Thousand Arrows|p1a: Rillaboom|[spread] p1a,p1b\n|-resisted|p1a: Rillaboom\n|-supereffective|p1b: Zygarde\n|-crit|p1b: Zygarde\n|-damage|p1a: Rillaboom|0 fnt\n|-damage|p1b: Zygarde|0 fnt\n|faint|p1a: Rillaboom\n|faint|p1b: Zygarde\n|\n|-heal|p2a: Zygarde|16\/100|[from] Grassy Terrain\n|upkeep\n|\n|t:|1699301916\n|switch|p1b: Glimmora|Glimmora, M|100\/100\n|turn|12\n|\n|t:|1699301924\n|move|p2a: Zygarde|Protect|p2a: Zygarde\n|-singleturn|p2a: Zygarde|Protect\n|move|p1b: Glimmora|Mortal Spin|p2a: Zygarde\n|-activate|p2a: Zygarde|move: Protect\n|\n|-heal|p2a: Zygarde|22\/100|[from] Grassy Terrain\n|upkeep\n|turn|13\n|\n|t:|1699301940\n|move|p1b: Glimmora|Earth Power|p2a: Zygarde\n|-damage|p2a: Zygarde|3\/100\n|move|p2a: Zygarde|Thousand Arrows|p1b: Glimmora\n|-supereffective|p1b: Glimmora\n|-enditem|p1b: Glimmora|Focus Sash\n|-damage|p1b: Glimmora|1\/100\n|-activate|p1b: Glimmora|ability: Toxic Debris\n|-sidestart|p2: ratpacker|move: Toxic Spikes\n|\n|-heal|p1b: Glimmora|7\/100|[from] Grassy Terrain\n|-heal|p2a: Zygarde|10\/100|[from] Grassy Terrain\n|-fieldend|move: Grassy Terrain\n|upkeep\n|turn|14\n|\n|t:|1699301946\n|move|p1b: Glimmora|Earth Power|p2a: Zygarde\n|-damage|p2a: Zygarde|0 fnt\n|faint|p2a: Zygarde\n|\n|win|Crosland\n|raw|Crosland's rating: 1428 &rarr; <strong>1457<\/strong><br \/>(+29 for winning)\n|raw|ratpacker's rating: 1591 &rarr; <strong>1562<\/strong><br \/>(-29 for losing)\n|l|\u2606ratpacker\n","uploadtime":1699301978,"views":8,"p1id":"crosland","p2id":"ratpacker","formatid":"gen9nationaldexdoubles","rating":1457,"private":0,"password":""}