{"id":"gen9nationaldexdoubles-1971637281","p1":"Clea_Foxx96","p2":"Rannis","format":"[Gen 9] National Dex Doubles","log":"|j|\u2606Clea_Foxx96\n|j|\u2606Rannis\n|t:|1697755851\n|gametype|doubles\n|player|p1|Clea_Foxx96|bianca|1120\n|player|p2|Rannis|1|1159\n|teamsize|p1|6\n|teamsize|p2|6\n|gen|9\n|tier|[Gen 9] National Dex Doubles\n|rated|\n|rule|HP Percentage Mod: HP is shown in percentages\n|rule|Endless Battle Clause: Forcing endless battles is banned\n|rule|OHKO Clause: OHKO moves are banned\n|rule|Evasion Moves Clause: Evasion moves are banned\n|rule|Evasion Abilities Clause: Evasion abilities are banned\n|rule|Species Clause: Limit one of each Pok\u00e9mon\n|rule|Gravity Sleep Clause: The combination of sleep-inducing moves with imperfect accuracy and Gravity or Gigantamax Orbeetle are banned\n|clearpoke\n|poke|p1|Weezing-Galar, M|\n|poke|p1|Rotom-Heat|\n|poke|p1|Sinistcha-Masterpiece|\n|poke|p1|Honchkrow, M|\n|poke|p1|Sirfetch\u2019d, M|\n|poke|p1|Garchomp, M|\n|poke|p2|Sunflora, F|\n|poke|p2|Dugtrio, M|\n|poke|p2|Torkoal, M|\n|poke|p2|Politoed, M|\n|poke|p2|Arboliva, F|\n|poke|p2|Volbeat, M|\n|teampreview\n|\n|t:|1697755856\n|start\n|switch|p1a: Rotom|Rotom-Heat, shiny|100\/100\n|switch|p1b: Mori|Weezing-Galar, M|100\/100\n|switch|p2a: Torkoal|Torkoal, M|100\/100\n|switch|p2b: Arboliva|Arboliva, F|100\/100\n|-weather|SunnyDay|[from] ability: Drought|[of] p2a: Torkoal\n|turn|1\n|inactive|Battle timer is ON: inactive players will automatically lose when time's up. (requested by Rannis)\n|\n|t:|1697755882\n|switch|p2b: Politoed|Politoed, M|100\/100\n|-weather|RainDance|[from] ability: Drizzle|[of] p2b: Politoed\n|move|p1a: Rotom|Nasty Plot|p1a: Rotom\n|-boost|p1a: Rotom|spa|2\n|move|p1b: Mori|Poison Gas|p2b: Politoed|[spread] p2a,p2b\n|-status|p2a: Torkoal|psn\n|-status|p2b: Politoed|psn\n|move|p2a: Torkoal|Stealth Rock|p1a: Rotom\n|-sidestart|p1: Clea_Foxx96|move: Stealth Rock\n|\n|-weather|RainDance|[upkeep]\n|-damage|p2b: Politoed|88\/100 psn|[from] psn\n|-damage|p2a: Torkoal|88\/100 psn|[from] psn\n|upkeep\n|turn|2\n|\n|t:|1697755904\n|move|p1a: Rotom|Thunderbolt|p2b: Politoed\n|-supereffective|p2b: Politoed\n|-damage|p2b: Politoed|0 fnt\n|faint|p2b: Politoed\n|move|p1b: Mori|Venom Drench|p2a: Torkoal\n|-unboost|p2a: Torkoal|atk|1\n|-unboost|p2a: Torkoal|spa|1\n|-unboost|p2a: Torkoal|spe|1\n|move|p2a: Torkoal|Body Press|p1a: Rotom\n|-damage|p1a: Rotom|57\/100\n|\n|-weather|RainDance|[upkeep]\n|-damage|p2a: Torkoal|75\/100 psn|[from] psn\n|upkeep\n|\n|t:|1697755919\n|switch|p2b: Volbeat|Volbeat, M|100\/100\n|turn|3\n|\n|t:|1697755929\n|move|p2b: Volbeat|Tailwind|p2b: Volbeat\n|-sidestart|p2: Rannis|move: Tailwind\n|move|p1a: Rotom|Overheat|p2b: Volbeat\n|-supereffective|p2b: Volbeat\n|-damage|p2b: Volbeat|0 fnt\n|-unboost|p1a: Rotom|spa|2\n|faint|p2b: Volbeat\n|move|p1b: Mori|Strange Steam|p2a: Torkoal\n|-resisted|p2a: Torkoal\n|-damage|p2a: Torkoal|48\/100 psn\n|move|p2a: Torkoal|Body Press|p1a: Rotom\n|-crit|p1a: Rotom\n|-damage|p1a: Rotom|0 fnt\n|faint|p1a: Rotom\n|\n|-weather|RainDance|[upkeep]\n|-damage|p2a: Torkoal|35\/100 psn|[from] psn\n|upkeep\n|\n|t:|1697755948\n|switch|p1a: Devland|Sirfetch\u2019d, M|100\/100\n|switch|p2b: Sunflora|Sunflora, F|100\/100\n|-damage|p1a: Devland|94\/100|[from] Stealth Rock\n|turn|4\n|\n|t:|1697755958\n|-terastallize|p2b: Sunflora|Water\n|move|p1a: Devland|First Impression|p2b: Sunflora\n|-damage|p2b: Sunflora|33\/100\n|move|p2b: Sunflora|Weather Ball|p1b: Mori\n|-damage|p1b: Mori|0 fnt\n|faint|p1b: Mori\n|-damage|p2b: Sunflora|23\/100|[from] item: Life Orb\n|move|p2a: Torkoal|Will-O-Wisp|p1a: Devland\n|-status|p1a: Devland|brn\n|\n|-weather|RainDance|[upkeep]\n|-damage|p2a: Torkoal|23\/100 psn|[from] psn\n|-damage|p1a: Devland|88\/100 brn|[from] brn\n|upkeep\n|\n|t:|1697755974\n|switch|p1b: Qrow|Honchkrow, M|100\/100\n|-damage|p1b: Qrow|75\/100|[from] Stealth Rock\n|turn|5\n|\n|t:|1697755984\n|move|p2b: Sunflora|Protect|p2b: Sunflora\n|-singleturn|p2b: Sunflora|Protect\n|move|p1b: Qrow|Sucker Punch||[still]\n|-fail|p1b: Qrow\n|move|p1a: Devland|Poison Jab|p2a: Torkoal\n|-damage|p2a: Torkoal|14\/100 psn\n|-damage|p1a: Devland|72\/100 brn|[from] item: Rocky Helmet|[of] p2a: Torkoal\n|move|p2a: Torkoal|Explosion|p1b: Qrow|[spread] p1a,p1b\n|-activate|p2b: Sunflora|move: Protect\n|-crit|p1a: Devland\n|-damage|p1a: Devland|14\/100 brn\n|-damage|p1b: Qrow|41\/100\n|faint|p2a: Torkoal\n|\n|-weather|none\n|-damage|p1a: Devland|8\/100 brn|[from] brn\n|upkeep\n|\n|t:|1697756005\n|switch|p2a: Dugtrio|Dugtrio, M|100\/100\n|turn|6\n|\n|t:|1697756015\n|switch|p2b: Arboliva|Arboliva, F|100\/100\n|move|p2a: Dugtrio|Rock Slide|p1a: Devland|[spread] p1a,p1b\n|-resisted|p1a: Devland\n|-supereffective|p1b: Qrow\n|-damage|p1a: Devland|0 fnt\n|-damage|p1b: Qrow|0 fnt\n|faint|p1a: Devland\n|faint|p1b: Qrow\n|\n|-sideend|p2: Rannis|move: Tailwind\n|upkeep\n|\n|t:|1697756024\n|switch|p1b: Grim Reaper|Garchomp, M|100\/100\n|switch|p1a: Sinistcha|Sinistcha-Masterpiece, shiny|100\/100\n|-damage|p1b: Grim Reaper|94\/100|[from] Stealth Rock\n|-damage|p1a: Sinistcha|88\/100|[from] Stealth Rock\n|-heal|p1b: Grim Reaper|100\/100|[from] ability: Hospitality|[of] p1a: Sinistcha\n|turn|7\n|\n|t:|1697756044\n|detailschange|p1b: Grim Reaper|Garchomp-Mega, M\n|-mega|p1b: Grim Reaper|Garchomp|Garchompite\n|move|p2a: Dugtrio|Protect|p2a: Dugtrio\n|-singleturn|p2a: Dugtrio|Protect\n|move|p1b: Grim Reaper|Swords Dance|p1b: Grim Reaper\n|-boost|p1b: Grim Reaper|atk|2\n|move|p1a: Sinistcha|Strength Sap|p2a: Dugtrio\n|-activate|p2a: Dugtrio|move: Protect\n|move|p2b: Arboliva|Reflect|p2b: Arboliva\n|-sidestart|p2: Rannis|Reflect\n|\n|-heal|p1a: Sinistcha|94\/100|[from] item: Leftovers\n|upkeep\n|turn|8\n|\n|t:|1697756062\n|move|p2a: Dugtrio|Earthquake|p1b: Grim Reaper|[spread] p2b,p1a,p1b\n|-resisted|p2b: Arboliva\n|-crit|p2b: Arboliva\n|-resisted|p1a: Sinistcha\n|-damage|p2b: Arboliva|74\/100\n|-damage|p1a: Sinistcha|80\/100\n|-damage|p1b: Grim Reaper|75\/100\n|-fieldstart|move: Grassy Terrain|[from] ability: Seed Sower|[of] p2b: Arboliva\n|move|p1b: Grim Reaper|Swords Dance|p1b: Grim Reaper\n|-boost|p1b: Grim Reaper|atk|2\n|move|p1a: Sinistcha|Strength Sap|p2a: Dugtrio\n|-unboost|p2a: Dugtrio|atk|1\n|-heal|p1a: Sinistcha|100\/100\n|move|p2b: Arboliva|Giga Drain|p1b: Grim Reaper\n|-damage|p1b: Grim Reaper|16\/100\n|-heal|p2b: Arboliva|100\/100|[from] drain|[of] p1b: Grim Reaper\n|\n|-heal|p1b: Grim Reaper|23\/100|[from] Grassy Terrain\n|upkeep\n|turn|9\n|inactive|Clea_Foxx96 has 120 seconds left.\n|inactive|Rannis has 120 seconds left.\n|\n|t:|1697756092\n|move|p2a: Dugtrio|Earthquake|p1b: Grim Reaper|[spread] p2b,p1a,p1b\n|-resisted|p2b: Arboliva\n|-resisted|p1a: Sinistcha\n|-damage|p2b: Arboliva|97\/100\n|-damage|p1a: Sinistcha|95\/100\n|-damage|p1b: Grim Reaper|14\/100\n|move|p1b: Grim Reaper|Dragon Claw|p2b: Arboliva\n|-damage|p2b: Arboliva|0 fnt\n|faint|p2b: Arboliva\n|move|p1a: Sinistcha|Matcha Gotcha|p2a: Dugtrio\n|-supereffective|p2a: Dugtrio\n|-enditem|p2a: Dugtrio|Focus Sash\n|-damage|p2a: Dugtrio|1\/100\n|-heal|p1a: Sinistcha|100\/100|[from] drain|[of] p2a: Dugtrio\n|\n|-heal|p2a: Dugtrio|7\/100|[from] Grassy Terrain\n|-heal|p1b: Grim Reaper|20\/100|[from] Grassy Terrain\n|upkeep\n|inactive|Rannis has 120 seconds left.\n|\n|t:|1697756103\n|switch|p2b: Sunflora|Sunflora, F, tera:Water|23\/100\n|turn|10\n|\n|t:|1697756122\n|move|p2a: Dugtrio|Sucker Punch|p1b: Grim Reaper\n|-damage|p1b: Grim Reaper|8\/100\n|move|p1b: Grim Reaper|Dragon Claw|p2a: Dugtrio\n|-damage|p2a: Dugtrio|0 fnt\n|faint|p2a: Dugtrio\n|move|p1a: Sinistcha|Matcha Gotcha|p2b: Sunflora\n|-supereffective|p2b: Sunflora\n|-damage|p2b: Sunflora|0 fnt\n|faint|p2b: Sunflora\n|\n|win|Clea_Foxx96\n|raw|Clea_Foxx96's rating: 1120 &rarr; <strong>1148<\/strong><br \/>(+28 for winning)\n|raw|Rannis's rating: 1159 &rarr; <strong>1131<\/strong><br \/>(-28 for losing)\n|c|\u2606Rannis|gg\n","uploadtime":1697756134,"views":23,"p1id":"cleafoxx96","p2id":"rannis","formatid":"gen9nationaldexdoubles","rating":1131,"private":0,"password":""}