{"id":"gen9nationaldexdoubles-2000149178","p1":"longyv","p2":"chi3fross","format":"[Gen 9] National Dex Doubles","log":"|j|\u2606longyv\n|j|\u2606chi3fross\n|t:|1701163362\n|gametype|doubles\n|player|p1|longyv|2|1285\n|player|p2|chi3fross|102|1377\n|teamsize|p1|6\n|teamsize|p2|6\n|gen|9\n|tier|[Gen 9] National Dex Doubles\n|rated|\n|rule|HP Percentage Mod: HP is shown in percentages\n|rule|Endless Battle Clause: Forcing endless battles is banned\n|rule|OHKO Clause: OHKO moves are banned\n|rule|Evasion Moves Clause: Evasion moves are banned\n|rule|Evasion Abilities Clause: Evasion abilities are banned\n|rule|Species Clause: Limit one of each Pok\u00e9mon\n|rule|Gravity Sleep Clause: The combination of sleep-inducing moves with imperfect accuracy and Gravity or Gigantamax Orbeetle are banned\n|clearpoke\n|poke|p1|Tornadus, M|\n|poke|p1|Gholdengo|\n|poke|p1|Mew|\n|poke|p1|Rillaboom, F|\n|poke|p1|Goodra-Hisui, M|\n|poke|p1|Salamence, M|\n|poke|p2|Blastoise, M|\n|poke|p2|Tornadus, M|\n|poke|p2|Urshifu-*, M|\n|poke|p2|Gholdengo|\n|poke|p2|Chien-Pao|\n|poke|p2|Regieleki|\n|teampreview\n|\n|t:|1701163381\n|start\n|switch|p1a: Rillaboom|Rillaboom, F|100\/100\n|switch|p1b: Goodra|Goodra-Hisui, M|100\/100\n|switch|p2a: Tornadus|Tornadus, M|100\/100\n|switch|p2b: Regieleki|Regieleki|100\/100\n|-fieldstart|move: Grassy Terrain|[from] ability: Grassy Surge|[of] p1a: Rillaboom\n|turn|1\n|\n|t:|1701163404\n|move|p2a: Tornadus|Protect|p2a: Tornadus\n|-singleturn|p2a: Tornadus|Protect\n|move|p1a: Rillaboom|Fake Out|p2b: Regieleki\n|-damage|p2b: Regieleki|76\/100\n|cant|p2b: Regieleki|flinch\n|move|p1b: Goodra|Acid Armor|p1b: Goodra\n|-boost|p1b: Goodra|def|2\n|\n|-heal|p2b: Regieleki|82\/100|[from] Grassy Terrain\n|upkeep\n|turn|2\n|\n|t:|1701163421\n|move|p1a: Rillaboom|Grassy Glide|p2b: Regieleki\n|-damage|p2b: Regieleki|7\/100\n|move|p2b: Regieleki|Volt Switch|p1a: Rillaboom\n|-resisted|p1a: Rillaboom\n|-damage|p1a: Rillaboom|86\/100\n|\n|t:|1701163431\n|switch|p2b: Chien-Pao|Chien-Pao|100\/100|[from] Volt Switch\n|-ability|p2b: Chien-Pao|Sword of Ruin\n|move|p2a: Tornadus|Bleakwind Storm|p1b: Goodra|[spread] p1a,p1b\n|-supereffective|p1a: Rillaboom\n|-resisted|p1b: Goodra\n|-damage|p1a: Rillaboom|6\/100\n|-damage|p1b: Goodra|89\/100\n|move|p1b: Goodra|Acid Armor|p1b: Goodra\n|-boost|p1b: Goodra|def|2\n|\n|-heal|p1a: Rillaboom|12\/100|[from] Grassy Terrain\n|-heal|p1b: Goodra|95\/100|[from] Grassy Terrain\n|-heal|p1b: Goodra|100\/100|[from] item: Leftovers\n|upkeep\n|turn|3\n|\n|t:|1701163453\n|move|p2b: Chien-Pao|Protect|p2b: Chien-Pao\n|-singleturn|p2b: Chien-Pao|Protect\n|move|p1b: Goodra|Protect|p1b: Goodra\n|-singleturn|p1b: Goodra|Protect\n|move|p1a: Rillaboom|Grassy Glide|p2b: Chien-Pao\n|-activate|p2b: Chien-Pao|move: Protect\n|move|p2a: Tornadus|Bleakwind Storm|p1b: Goodra|[spread] p1a\n|-activate|p1b: Goodra|move: Protect\n|-supereffective|p1a: Rillaboom\n|-damage|p1a: Rillaboom|0 fnt\n|faint|p1a: Rillaboom\n|\n|upkeep\n|\n|t:|1701163463\n|switch|p1a: Mew|Mew|100\/100\n|turn|4\n|\n|t:|1701163472\n|switch|p2b: Gholdengo|Gholdengo|100\/100\n|move|p2a: Tornadus|Tailwind|p2a: Tornadus\n|-sidestart|p2: chi3fross|move: Tailwind\n|move|p1a: Mew|Pollen Puff|p1b: Goodra\n|-immune|p1b: Goodra\n|move|p1b: Goodra|Body Press|p2b: Gholdengo\n|-immune|p2b: Gholdengo\n|\n|upkeep\n|turn|5\n|\n|t:|1701163505\n|switch|p1a: Tornadus|Tornadus, M|100\/100\n|move|p2a: Tornadus|Rain Dance|p2a: Tornadus\n|-weather|RainDance\n|move|p2b: Gholdengo|Shadow Ball|p1a: Tornadus\n|-damage|p1a: Tornadus|35\/100\n|move|p1b: Goodra|Flash Cannon|p2a: Tornadus\n|-damage|p2a: Tornadus|60\/100\n|\n|-weather|RainDance|[upkeep]\n|-fieldend|move: Grassy Terrain\n|upkeep\n|turn|6\n|\n|t:|1701163525\n|move|p2a: Tornadus|Protect|p2a: Tornadus\n|-singleturn|p2a: Tornadus|Protect\n|move|p1a: Tornadus|Protect|p1a: Tornadus\n|-singleturn|p1a: Tornadus|Protect\n|move|p2b: Gholdengo|Shadow Ball|p1a: Tornadus\n|-activate|p1a: Tornadus|move: Protect\n|move|p1b: Goodra|Flash Cannon|p2a: Tornadus\n|-activate|p2a: Tornadus|move: Protect\n|\n|-weather|RainDance|[upkeep]\n|upkeep\n|turn|7\n|\n|t:|1701163551\n|switch|p2a: Regieleki|Regieleki|7\/100\n|move|p1a: Tornadus|Tailwind|p1a: Tornadus\n|-sidestart|p1: longyv|move: Tailwind\n|move|p2b: Gholdengo|Shadow Ball|p1a: Tornadus\n|-damage|p1a: Tornadus|0 fnt\n|faint|p1a: Tornadus\n|move|p1b: Goodra|Flash Cannon|p2a: Regieleki\n|-resisted|p2a: Regieleki\n|-damage|p2a: Regieleki|0 fnt\n|faint|p2a: Regieleki\n|\n|-weather|RainDance|[upkeep]\n|-sideend|p2: chi3fross|move: Tailwind\n|upkeep\n|\n|t:|1701163556\n|switch|p2a: Tornadus|Tornadus, M|60\/100\n|switch|p1a: Gholdengo|Gholdengo|100\/100\n|turn|8\n|\n|t:|1701163568\n|-terastallize|p1a: Gholdengo|Water\n|move|p2a: Tornadus|Tailwind|p2a: Tornadus\n|-sidestart|p2: chi3fross|move: Tailwind\n|move|p2b: Gholdengo|Shadow Ball|p1a: Gholdengo\n|-damage|p1a: Gholdengo|39\/100\n|move|p1a: Gholdengo|Shadow Ball|p2b: Gholdengo\n|-supereffective|p2b: Gholdengo\n|-damage|p2b: Gholdengo|0 fnt\n|faint|p2b: Gholdengo\n|move|p1b: Goodra|Flash Cannon|p2a: Tornadus\n|-damage|p2a: Tornadus|16\/100\n|-unboost|p2a: Tornadus|spd|1\n|\n|-weather|RainDance|[upkeep]\n|upkeep\n|\n|t:|1701163580\n|switch|p2b: Blastoise|Blastoise, M|100\/100\n|turn|9\n|\n|t:|1701163602\n|-terastallize|p2b: Blastoise|Water\n|move|p2a: Tornadus|Bleakwind Storm|p1a: Gholdengo|[spread] p1a,p1b\n|-resisted|p1b: Goodra\n|-damage|p1a: Gholdengo|0 fnt\n|-damage|p1b: Goodra|90\/100\n|faint|p1a: Gholdengo\n|move|p2b: Blastoise|Water Spout|p1b: Goodra\n|-resisted|p1b: Goodra\n|-damage|p1b: Goodra|52\/100\n|move|p1b: Goodra|Body Press|p2b: Blastoise\n|-damage|p2b: Blastoise|35\/100\n|\n|-weather|none\n|-heal|p1b: Goodra|58\/100|[from] item: Leftovers\n|upkeep\n|\n|t:|1701163610\n|switch|p1a: Salamence|Salamence, M|100\/100\n|-ability|p1a: Salamence|Intimidate|boost\n|-unboost|p2a: Tornadus|atk|1\n|-unboost|p2b: Blastoise|atk|1\n|turn|10\n|\n|t:|1701163620\n|move|p2a: Tornadus|Bleakwind Storm|p1b: Goodra|[spread] p1a,p1b\n|-resisted|p1b: Goodra\n|-damage|p1a: Salamence|52\/100\n|-damage|p1b: Goodra|47\/100\n|move|p1a: Salamence|Hyper Voice|p2b: Blastoise|[spread] p2a,p2b\n|-damage|p2a: Tornadus|0 fnt\n|-damage|p2b: Blastoise|20\/100\n|faint|p2a: Tornadus\n|move|p2b: Blastoise|Aura Sphere|p1b: Goodra\n|-supereffective|p1b: Goodra\n|-damage|p1b: Goodra|21\/100\n|move|p1b: Goodra|Body Press|p2b: Blastoise\n|-damage|p2b: Blastoise|0 fnt\n|faint|p2b: Blastoise\n|\n|-heal|p1b: Goodra|27\/100|[from] item: Leftovers\n|-sideend|p1: longyv|move: Tailwind\n|upkeep\n|\n|t:|1701163631\n|switch|p2a: Urshifu|Urshifu-Rapid-Strike, M|100\/100\n|switch|p2b: Chien-Pao|Chien-Pao|100\/100\n|-ability|p2b: Chien-Pao|Sword of Ruin\n|turn|11\n|\n|t:|1701163651\n|switch|p1a: Mew|Mew|100\/100\n|move|p2b: Chien-Pao|Icicle Crash|p1a: Mew\n|-damage|p1a: Mew|46\/100\n|-damage|p2b: Chien-Pao|91\/100|[from] item: Life Orb\n|move|p2a: Urshifu|Close Combat|p1b: Goodra\n|-supereffective|p1b: Goodra\n|-damage|p1b: Goodra|0 fnt\n|-unboost|p2a: Urshifu|def|1\n|-unboost|p2a: Urshifu|spd|1\n|faint|p1b: Goodra\n|\n|-sideend|p2: chi3fross|move: Tailwind\n|upkeep\n|\n|t:|1701163661\n|switch|p1b: Salamence|Salamence, M|52\/100\n|-ability|p1b: Salamence|Intimidate|boost\n|-unboost|p2a: Urshifu|atk|1\n|-unboost|p2b: Chien-Pao|atk|1\n|turn|12\n|\n|t:|1701163673\n|detailschange|p1b: Salamence|Salamence-Mega, M\n|-mega|p1b: Salamence|Salamence|Salamencite\n|move|p2b: Chien-Pao|Protect|p2b: Chien-Pao\n|-singleturn|p2b: Chien-Pao|Protect\n|move|p2a: Urshifu|Protect|p2a: Urshifu\n|-singleturn|p2a: Urshifu|Protect\n|move|p1b: Salamence|Hyper Voice|p2a: Urshifu|[spread] \n|-activate|p2a: Urshifu|move: Protect\n|-activate|p2b: Chien-Pao|move: Protect\n|move|p1a: Mew|Icy Wind|p2b: Chien-Pao|[spread] \n|-activate|p2a: Urshifu|move: Protect\n|-activate|p2b: Chien-Pao|move: Protect\n|\n|upkeep\n|turn|13\n|\n|t:|1701163711\n|move|p1a: Mew|Ally Switch|p1a: Mew\n|swap|p1a: Mew|1|[from] move: Ally Switch\n|move|p2b: Chien-Pao|Icicle Crash|p1b: Mew\n|-damage|p1b: Mew|8\/100\n|-enditem|p1b: Mew|Aguav Berry|[eat]\n|-heal|p1b: Mew|42\/100|[from] item: Aguav Berry\n|-damage|p2b: Chien-Pao|81\/100|[from] item: Life Orb\n|move|p2a: Urshifu|Surging Strikes|p1a: Salamence\n|-resisted|p1a: Salamence\n|-crit|p1a: Salamence\n|-damage|p1a: Salamence|41\/100\n|-resisted|p1a: Salamence\n|-crit|p1a: Salamence\n|-damage|p1a: Salamence|28\/100\n|-resisted|p1a: Salamence\n|-crit|p1a: Salamence\n|-damage|p1a: Salamence|17\/100\n|-hitcount|p1a: Salamence|3\n|move|p1a: Salamence|Hyper Voice|p2a: Urshifu|[spread] p2a,p2b\n|-supereffective|p2a: Urshifu\n|-damage|p2a: Urshifu|0 fnt\n|-damage|p2b: Chien-Pao|10\/100\n|faint|p2a: Urshifu\n|\n|upkeep\n|turn|14\n|\n|t:|1701163725\n|move|p2b: Chien-Pao|Sucker Punch|p1a: Salamence\n|-damage|p1a: Salamence|0 fnt\n|faint|p1a: Salamence\n|-damage|p2b: Chien-Pao|0 fnt|[from] item: Life Orb\n|faint|p2b: Chien-Pao\n|\n|win|longyv\n|raw|longyv's rating: 1285 &rarr; <strong>1316<\/strong><br \/>(+31 for winning)\n|raw|chi3fross's rating: 1377 &rarr; <strong>1352<\/strong><br \/>(-25 for losing)\n|l|\u2606chi3fross\n","uploadtime":1701163735,"views":7,"p1id":"longyv","p2id":"chi3fross","formatid":"gen9nationaldexdoubles","rating":1316,"private":0,"password":""}