{"id":"gen9nationaldexdoubles-1960559859","p1":"Chad Tankers","p2":"fumbari 24","format":"[Gen 9] National Dex Doubles","log":"|j|\u2606Chad Tankers\n|j|\u2606fumbari 24\n|t:|1696534671\n|gametype|doubles\n|player|p1|Chad Tankers|burglar|1437\n|player|p2|fumbari 24|1|1390\n|teamsize|p1|6\n|teamsize|p2|6\n|gen|9\n|tier|[Gen 9] National Dex Doubles\n|rated|\n|rule|HP Percentage Mod: HP is shown in percentages\n|rule|Endless Battle Clause: Forcing endless battles is banned\n|rule|OHKO Clause: OHKO moves are banned\n|rule|Evasion Moves Clause: Evasion moves are banned\n|rule|Evasion Abilities Clause: Evasion abilities are banned\n|rule|Species Clause: Limit one of each Pok\u00e9mon\n|rule|Gravity Sleep Clause: The combination of sleep-inducing moves with imperfect accuracy and Gravity or Gigantamax Orbeetle are banned\n|clearpoke\n|poke|p1|Tapu Lele|\n|poke|p1|Alakazam, F|\n|poke|p1|Zygarde|\n|poke|p1|Volcanion|\n|poke|p1|Jirachi|\n|poke|p1|Mandibuzz, F|\n|poke|p2|Sableye, M|\n|poke|p2|Charizard, M|\n|poke|p2|Hydreigon, M|\n|poke|p2|Aegislash, M|\n|poke|p2|Granbull, F|\n|poke|p2|Dragapult, M|\n|teampreview\n|inactive|Battle timer is ON: inactive players will automatically lose when time's up. (requested by Chad Tankers)\n|\n|t:|1696534682\n|start\n|switch|p1a: Tapu Lele|Tapu Lele|100\/100\n|switch|p1b: Alakazam|Alakazam, F|100\/100\n|switch|p2a: Kermit|Hydreigon, M|100\/100\n|switch|p2b: Dragapult|Dragapult, M|100\/100\n|-fieldstart|move: Psychic Terrain|[from] ability: Psychic Surge|[of] p1a: Tapu Lele\n|turn|1\n|c|\u2606Chad Tankers|Glhf\n|\n|t:|1696534707\n|detailschange|p1b: Alakazam|Alakazam-Mega, F\n|-mega|p1b: Alakazam|Alakazam|Alakazite\n|-ability|p1b: Alakazam|Clear Body|[from] ability: Trace|[of] p2b: Dragapult\n|-terastallize|p2a: Kermit|Steel\n|move|p1b: Alakazam|Protect|p1b: Alakazam\n|-singleturn|p1b: Alakazam|Protect\n|move|p2b: Dragapult|U-turn|p1b: Alakazam\n|-activate|p1b: Alakazam|move: Protect\n|move|p2a: Kermit|Snarl|p1a: Tapu Lele|[spread] p1a\n|-activate|p1b: Alakazam|move: Protect\n|-damage|p1a: Tapu Lele|84\/100\n|-unboost|p1a: Tapu Lele|spa|1\n|-enditem|p1a: Tapu Lele|Eject Button\n|inactive|Chad Tankers has 120 seconds left.\n|\n|t:|1696534728\n|switch|p1a: Volcanion|Volcanion|100\/100\n|\n|upkeep\n|turn|2\n|\n|t:|1696534740\n|switch|p1b: DA BUZZ|Mandibuzz, F|100\/100\n|-enditem|p1b: DA BUZZ|Psychic Seed\n|-boost|p1b: DA BUZZ|spd|1|[from] item: Psychic Seed\n|move|p2b: Dragapult|U-turn|p1b: DA BUZZ\n|-damage|p1b: DA BUZZ|90\/100\n|\n|t:|1696534752\n|switch|p2b: Aegislash|Aegislash, M|100\/100|[from] U-turn\n|move|p2a: Kermit|Snarl|p1b: DA BUZZ|[spread] p1a,p1b\n|-resisted|p1b: DA BUZZ\n|-damage|p1a: Volcanion|88\/100\n|-damage|p1b: DA BUZZ|86\/100\n|-unboost|p1a: Volcanion|spa|1\n|-unboost|p1b: DA BUZZ|spa|1\n|move|p1a: Volcanion|Heat Wave|p2b: Aegislash|[spread] p2a,p2b\n|-supereffective|p2a: Kermit\n|-supereffective|p2b: Aegislash\n|-damage|p2a: Kermit|69\/100\n|-damage|p2b: Aegislash|56\/100\n|\n|upkeep\n|turn|3\n|\n|t:|1696534773\n|move|p2b: Aegislash|Wide Guard|p2b: Aegislash\n|-singleturn|p2b: Aegislash|Wide Guard\n|move|p2a: Kermit|Snarl|p1a: Volcanion|[spread] p1a,p1b\n|-resisted|p1b: DA BUZZ\n|-damage|p1a: Volcanion|77\/100\n|-damage|p1b: DA BUZZ|80\/100\n|-unboost|p1a: Volcanion|spa|1\n|-unboost|p1b: DA BUZZ|spa|1\n|move|p1b: DA BUZZ|Foul Play|p2b: Aegislash\n|-supereffective|p2b: Aegislash\n|-damage|p2b: Aegislash|31\/100\n|move|p1a: Volcanion|Heat Wave|p2a: Kermit|[spread] \n|-activate|p2a: Kermit|move: Wide Guard\n|-activate|p2b: Aegislash|move: Wide Guard\n|\n|upkeep\n|turn|4\n|\n|t:|1696534795\n|move|p2a: Kermit|Dark Pulse|p1a: Volcanion\n|-damage|p1a: Volcanion|52\/100\n|move|p1a: Volcanion|Steam Eruption|p2b: Aegislash\n|-damage|p2b: Aegislash|7\/100\n|-zpower|p2b: Aegislash\n|-formechange|p2b: Aegislash|Aegislash-Blade||[from] ability: Stance Change\n|move|p2b: Aegislash|Never-Ending Nightmare|p1a: Volcanion|[zeffect]\n|-damage|p1a: Volcanion|0 fnt\n|faint|p1a: Volcanion\n|move|p1b: DA BUZZ|Whirlwind|p2a: Kermit\n|drag|p2a: Iggy|Granbull, F|100\/100\n|-ability|p2a: Iggy|Intimidate|boost\n|-unboost|p1b: DA BUZZ|atk|1\n|\n|upkeep\n|inactive|Chad Tankers has 120 seconds left.\n|\n|t:|1696534814\n|switch|p1a: Zygarde|Zygarde|100\/100\n|-ability|p1a: Zygarde|Aura Break\n|turn|5\n|inactive|Chad Tankers has 120 seconds left.\n|\n|t:|1696534841\n|-terastallize|p1a: Zygarde|Fire\n|move|p2b: Aegislash|Wide Guard|p2b: Aegislash\n|-singleturn|p2b: Aegislash|Wide Guard\n|move|p1a: Zygarde|Dragon Dance|p1a: Zygarde\n|-boost|p1a: Zygarde|atk|1\n|-boost|p1a: Zygarde|spe|1\n|move|p1b: DA BUZZ|Tailwind|p1b: DA BUZZ\n|-sidestart|p1: Chad Tankers|move: Tailwind\n|move|p2a: Iggy|Play Rough|p1a: Zygarde\n|-resisted|p1a: Zygarde\n|-damage|p1a: Zygarde|86\/100\n|\n|-fieldend|move: Psychic Terrain\n|upkeep\n|turn|6\n|\n|t:|1696534861\n|move|p1a: Zygarde|Dragon Dance|p1a: Zygarde\n|-boost|p1a: Zygarde|atk|1\n|-boost|p1a: Zygarde|spe|1\n|move|p1b: DA BUZZ|Foul Play|p2b: Aegislash\n|-supereffective|p2b: Aegislash\n|-damage|p2b: Aegislash|0 fnt\n|faint|p2b: Aegislash\n|move|p2a: Iggy|Counter||[still]\n|-fail|p2a: Iggy\n|\n|upkeep\n|\n|t:|1696534873\n|switch|p2b: Yami|Sableye, M|100\/100\n|turn|7\n|\n|t:|1696534890\n|switch|p2a: Dragapult|Dragapult, M|100\/100\n|move|p2b: Yami|Fake Out|p1a: Zygarde\n|-damage|p1a: Zygarde|81\/100\n|cant|p1a: Zygarde|flinch\n|move|p1b: DA BUZZ|Whirlwind|p2b: Yami\n|drag|p2b: Iggy|Granbull, F|100\/100\n|-ability|p2b: Iggy|Intimidate|boost\n|-fail|p1a: Zygarde|unboost|[from] item: Clear Amulet|[of] p1a: Zygarde\n|-unboost|p1b: DA BUZZ|atk|1\n|\n|upkeep\n|turn|8\n|\n|t:|1696534907\n|move|p1a: Zygarde|Thousand Arrows|p2b: Iggy|[spread] p2a,p2b\n|-damage|p2a: Dragapult|32\/100\n|-damage|p2b: Iggy|40\/100\n|-enditem|p2a: Dragapult|Sitrus Berry|[eat]\n|-heal|p2a: Dragapult|57\/100|[from] item: Sitrus Berry\n|move|p2a: Dragapult|Shadow Ball|p1a: Zygarde\n|-damage|p1a: Zygarde|57\/100\n|move|p1b: DA BUZZ|Foul Play|p2a: Dragapult\n|-supereffective|p2a: Dragapult\n|-damage|p2a: Dragapult|0 fnt\n|faint|p2a: Dragapult\n|move|p2b: Iggy|Counter|p1a: Zygarde\n|-damage|p1a: Zygarde|0 fnt\n|faint|p1a: Zygarde\n|\n|-sideend|p1: Chad Tankers|move: Tailwind\n|upkeep\n|\n|t:|1696534926\n|switch|p2a: Kermit|Hydreigon, M, tera:Steel|69\/100\n|switch|p1a: Tapu Lele|Tapu Lele|84\/100\n|-fieldstart|move: Psychic Terrain|[from] ability: Psychic Surge|[of] p1a: Tapu Lele\n|turn|9\n|\n|t:|1696534940\n|move|p1a: Tapu Lele|Protect|p1a: Tapu Lele\n|-singleturn|p1a: Tapu Lele|Protect\n|move|p2a: Kermit|Snarl|p1a: Tapu Lele|[spread] p1b\n|-activate|p1a: Tapu Lele|move: Protect\n|-resisted|p1b: DA BUZZ\n|-damage|p1b: DA BUZZ|75\/100\n|-unboost|p1b: DA BUZZ|spa|1\n|move|p1b: DA BUZZ|Tailwind|p1b: DA BUZZ\n|-sidestart|p1: Chad Tankers|move: Tailwind\n|move|p2b: Iggy|Snarl|p1b: DA BUZZ|[spread] p1b\n|-activate|p1a: Tapu Lele|move: Protect\n|-resisted|p1b: DA BUZZ\n|-damage|p1b: DA BUZZ|74\/100\n|-unboost|p1b: DA BUZZ|spa|1\n|\n|upkeep\n|turn|10\n|\n|t:|1696534962\n|move|p1a: Tapu Lele|Taunt|p2a: Kermit\n|-start|p2a: Kermit|move: Taunt\n|move|p2a: Kermit|Snarl|p1b: DA BUZZ|[spread] p1a,p1b\n|-resisted|p1b: DA BUZZ\n|-damage|p1a: Tapu Lele|69\/100\n|-damage|p1b: DA BUZZ|69\/100\n|-unboost|p1a: Tapu Lele|spa|1\n|-unboost|p1b: DA BUZZ|spa|1\n|move|p2b: Iggy|Play Rough|p1b: DA BUZZ\n|-supereffective|p1b: DA BUZZ\n|-damage|p1b: DA BUZZ|22\/100\n|move|p1b: DA BUZZ|Whirlwind|p2b: Iggy\n|drag|p2b: Charizard|Charizard, M|100\/100\n|\n|upkeep\n|turn|11\n|\n|t:|1696534982\n|move|p1a: Tapu Lele|Psychic|p2b: Charizard\n|-damage|p2b: Charizard|52\/100\n|move|p2b: Charizard|Heat Wave|p1b: DA BUZZ|[spread] p1a,p1b\n|-damage|p1a: Tapu Lele|39\/100\n|-damage|p1b: DA BUZZ|3\/100\n|move|p1b: DA BUZZ|Roost|p1b: DA BUZZ\n|-heal|p1b: DA BUZZ|53\/100\n|-singleturn|p1b: DA BUZZ|move: Roost\n|move|p2a: Kermit|Snarl|p1a: Tapu Lele|[spread] p1a,p1b\n|-resisted|p1b: DA BUZZ\n|-damage|p1a: Tapu Lele|24\/100\n|-damage|p1b: DA BUZZ|48\/100\n|-unboost|p1a: Tapu Lele|spa|1\n|-unboost|p1b: DA BUZZ|spa|1\n|\n|upkeep\n|turn|12\n|\n|t:|1696535014\n|move|p1a: Tapu Lele|Psychic|p2b: Charizard\n|-damage|p2b: Charizard|17\/100\n|move|p2b: Charizard|Heat Wave|p1a: Tapu Lele|[spread] p1a,p1b\n|-damage|p1a: Tapu Lele|0 fnt\n|-damage|p1b: DA BUZZ|27\/100\n|faint|p1a: Tapu Lele\n|move|p1b: DA BUZZ|Foul Play|p2a: Kermit\n|-damage|p2a: Kermit|42\/100\n|move|p2a: Kermit|Flash Cannon|p1b: DA BUZZ\n|-crit|p1b: DA BUZZ\n|-damage|p1b: DA BUZZ|0 fnt\n|faint|p1b: DA BUZZ\n|\n|-end|p2a: Kermit|move: Taunt\n|-sideend|p1: Chad Tankers|move: Tailwind\n|upkeep\n|inactive|Chad Tankers has 120 seconds left.\n|\n|t:|1696535031\n|switch|p1a: Alakazam|Alakazam-Mega, F|100\/100\n|switch|p1b: Jirachi|Jirachi|100\/100\n|-ability|p1a: Alakazam|Solar Power|[from] ability: Trace|[of] p2b: Charizard\n|turn|13\n|\n|t:|1696535049\n|switch|p2b: Iggy|Granbull, F|40\/100\n|-ability|p2b: Iggy|Intimidate|boost\n|-unboost|p1a: Alakazam|atk|1\n|-unboost|p1b: Jirachi|atk|1\n|move|p1a: Alakazam|Nasty Plot|p1a: Alakazam\n|-boost|p1a: Alakazam|spa|2\n|move|p2a: Kermit|Snarl|p1b: Jirachi|[spread] p1b\n|-miss|p2a: Kermit|p1a: Alakazam\n|-supereffective|p1b: Jirachi\n|-damage|p1b: Jirachi|78\/100\n|-unboost|p1b: Jirachi|spa|1\n|move|p1b: Jirachi|Iron Head|p2a: Kermit\n|-resisted|p2a: Kermit\n|-damage|p2a: Kermit|33\/100\n|\n|-fieldend|move: Psychic Terrain\n|upkeep\n|turn|14\n|inactive|Chad Tankers has 120 seconds left.\n|\n|t:|1696535080\n|move|p1b: Jirachi|Follow Me|p1b: Jirachi\n|-singleturn|p1b: Jirachi|move: Follow Me\n|move|p1a: Alakazam|Focus Blast|p2a: Kermit|[miss]\n|-miss|p1a: Alakazam|p2a: Kermit\n|move|p2a: Kermit|Dark Pulse|p1b: Jirachi\n|-supereffective|p1b: Jirachi\n|-damage|p1b: Jirachi|34\/100\n|-enditem|p1b: Jirachi|Sitrus Berry|[eat]\n|-heal|p1b: Jirachi|59\/100|[from] item: Sitrus Berry\n|move|p2b: Iggy|Play Rough|p1b: Jirachi\n|-resisted|p1b: Jirachi\n|-crit|p1b: Jirachi\n|-damage|p1b: Jirachi|35\/100\n|\n|upkeep\n|turn|15\n|\n|t:|1696535100\n|move|p1b: Jirachi|Follow Me|p1b: Jirachi\n|-singleturn|p1b: Jirachi|move: Follow Me\n|move|p1a: Alakazam|Expanding Force|p2b: Iggy\n|-damage|p2b: Iggy|0 fnt\n|faint|p2b: Iggy\n|move|p2a: Kermit|Snarl|p1b: Jirachi|[spread] p1a,p1b\n|-supereffective|p1a: Alakazam\n|-supereffective|p1b: Jirachi\n|-damage|p1a: Alakazam|55\/100\n|-damage|p1b: Jirachi|13\/100\n|-unboost|p1a: Alakazam|spa|1\n|-unboost|p1b: Jirachi|spa|1\n|\n|upkeep\n|\n|t:|1696535109\n|switch|p2b: Yami|Sableye, M|100\/100\n|turn|16\n|\n|t:|1696535133\n|move|p2b: Yami|Fake Out|p1a: Alakazam\n|-damage|p1a: Alakazam|43\/100\n|move|p1b: Jirachi|Follow Me|p1b: Jirachi\n|-singleturn|p1b: Jirachi|move: Follow Me\n|cant|p1a: Alakazam|flinch\n|move|p2a: Kermit|Snarl|p1b: Jirachi|[spread] p1a,p1b\n|-supereffective|p1a: Alakazam\n|-supereffective|p1b: Jirachi\n|-damage|p1a: Alakazam|0 fnt\n|-damage|p1b: Jirachi|0 fnt\n|faint|p1a: Alakazam\n|faint|p1b: Jirachi\n|\n|win|fumbari 24\n|raw|Chad Tankers's rating: 1437 &rarr; <strong>1414<\/strong><br \/>(-23 for losing)\n|raw|fumbari 24's rating: 1390 &rarr; <strong>1413<\/strong><br \/>(+23 for winning)\n","uploadtime":1696535147,"views":9,"p1id":"chadtankers","p2id":"fumbari24","formatid":"gen9nationaldexdoubles","rating":1413,"private":0,"password":""}