{"id":"gen9nationaldexdoubles-1984722246","p1":"kitsu-aria","p2":"ratpacker","format":"[Gen 9] National Dex Doubles","log":"|j|\u2606kitsu-aria\n|j|\u2606ratpacker\n|t:|1699293721\n|gametype|doubles\n|player|p1|kitsu-aria|roxie|1544\n|player|p2|ratpacker|twins|1608\n|teamsize|p1|6\n|teamsize|p2|6\n|gen|9\n|tier|[Gen 9] National Dex Doubles\n|rated|\n|rule|HP Percentage Mod: HP is shown in percentages\n|rule|Endless Battle Clause: Forcing endless battles is banned\n|rule|OHKO Clause: OHKO moves are banned\n|rule|Evasion Moves Clause: Evasion moves are banned\n|rule|Evasion Abilities Clause: Evasion abilities are banned\n|rule|Species Clause: Limit one of each Pok\u00e9mon\n|rule|Gravity Sleep Clause: The combination of sleep-inducing moves with imperfect accuracy and Gravity or Gigantamax Orbeetle are banned\n|clearpoke\n|poke|p1|Deoxys-Attack|\n|poke|p1|Volbeat, M|\n|poke|p1|Zamazenta-*|\n|poke|p1|Salamence, F|\n|poke|p1|Rillaboom, F|\n|poke|p1|Kingambit, M|\n|poke|p2|Ninetales-Alola, F|\n|poke|p2|Kyurem-Black|\n|poke|p2|Ogerpon-Hearthflame, F|\n|poke|p2|Blastoise, M|\n|poke|p2|Metagross|\n|poke|p2|Tornadus, M|\n|teampreview\n|inactive|Battle timer is ON: inactive players will automatically lose when time's up. (requested by ratpacker)\n|j| paimoncaca\n|c| paimoncaca|cmon yall\n|c|\u2606ratpacker|?\n|inactive|ratpacker has 120 seconds left.\n|c| paimoncaca|fuck eachother up\n|\n|t:|1699293766\n|start\n|switch|p1a: Zamazenta|Zamazenta|100\/100\n|switch|p1b: Rillaboom|Rillaboom, F|100\/100\n|switch|p2a: Tornadus|Tornadus, M|100\/100\n|switch|p2b: Metagross|Metagross|100\/100\n|-ability|p1a: Zamazenta|Dauntless Shield|boost\n|-boost|p1a: Zamazenta|def|1\n|-fieldstart|move: Grassy Terrain|[from] ability: Grassy Surge|[of] p1b: Rillaboom\n|turn|1\n|\n|t:|1699293783\n|detailschange|p2b: Metagross|Metagross-Mega\n|-mega|p2b: Metagross|Metagross|Metagrossite\n|move|p1a: Zamazenta|Heavy Slam|p2a: Tornadus\n|-damage|p2a: Tornadus|67\/100\n|move|p2a: Tornadus|Bleakwind Storm|p1b: Rillaboom|[spread] p1b\n|-miss|p2a: Tornadus|p1a: Zamazenta\n|-supereffective|p1b: Rillaboom\n|-damage|p1b: Rillaboom|45\/100\n|move|p2b: Metagross|Zen Headbutt|p1a: Zamazenta|[miss]\n|-miss|p2b: Metagross|p1a: Zamazenta\n|move|p1b: Rillaboom|Wood Hammer|p2a: Tornadus\n|-resisted|p2a: Tornadus\n|-damage|p2a: Tornadus|0 fnt\n|faint|p2a: Tornadus\n|-damage|p1b: Rillaboom|29\/100|[from] Recoil\n|\n|-heal|p1b: Rillaboom|35\/100|[from] Grassy Terrain\n|upkeep\n|c| paimoncaca|OUUUUUUUUUUUUUUUUUUUUU\n|\n|t:|1699293804\n|switch|p2a: Ogerpon|Ogerpon-Hearthflame, F|100\/100\n|-ability|p2a: Ogerpon|Mold Breaker\n|turn|2\n|c| paimoncaca|DONT HURT EM\n|c| paimoncaca|!!!!!!\n|\n|t:|1699293811\n|switch|p1b: Salamence|Salamence, F|100\/100\n|-ability|p1b: Salamence|Intimidate|boost\n|-unboost|p2a: Ogerpon|atk|1\n|-unboost|p2b: Metagross|atk|1\n|move|p1a: Zamazenta|Coaching|p1b: Salamence\n|-boost|p1b: Salamence|atk|1\n|-boost|p1b: Salamence|def|1\n|move|p2a: Ogerpon|U-turn|p1b: Salamence\n|-resisted|p1b: Salamence\n|-damage|p1b: Salamence|91\/100\n|\n|t:|1699293832\n|switch|p2a: Blastoise|Blastoise, M|100\/100|[from] U-turn\n|move|p2b: Metagross|Zen Headbutt|p1a: Zamazenta\n|-supereffective|p1a: Zamazenta\n|-damage|p1a: Zamazenta|57\/100\n|\n|-heal|p1a: Zamazenta|64\/100|[from] Grassy Terrain\n|upkeep\n|turn|3\n|\n|t:|1699293842\n|switch|p2b: Ninetales|Ninetales-Alola, F|100\/100\n|-weather|Snow|[from] ability: Snow Warning|[of] p2b: Ninetales\n|move|p1b: Salamence|Protect|p1b: Salamence\n|-singleturn|p1b: Salamence|Protect\n|move|p1a: Zamazenta|Coaching|p1b: Salamence\n|-boost|p1b: Salamence|atk|1\n|-boost|p1b: Salamence|def|1\n|move|p2a: Blastoise|Roar|p1b: Salamence\n|drag|p1b: Kingambit|Kingambit, M|100\/100\n|\n|-weather|Snow|[upkeep]\n|-heal|p1a: Zamazenta|70\/100|[from] Grassy Terrain\n|upkeep\n|turn|4\n|\n|t:|1699293856\n|move|p2a: Blastoise|Fake Out||[still]\n|-hint|Fake Out only works on your first turn out.\n|-fail|p2a: Blastoise\n|move|p1a: Zamazenta|Heavy Slam|p2b: Ninetales\n|-supereffective|p2b: Ninetales\n|-enditem|p2b: Ninetales|Focus Sash\n|-damage|p2b: Ninetales|1\/100\n|move|p2b: Ninetales|Aurora Veil|p2b: Ninetales\n|-sidestart|p2: ratpacker|move: Aurora Veil\n|move|p1b: Kingambit|Swords Dance|p1b: Kingambit\n|-boost|p1b: Kingambit|atk|2\n|\n|-weather|Snow|[upkeep]\n|-heal|p1a: Zamazenta|76\/100|[from] Grassy Terrain\n|-heal|p2b: Ninetales|7\/100|[from] Grassy Terrain\n|upkeep\n|turn|5\n|\n|t:|1699293870\n|move|p1a: Zamazenta|Coaching|p1b: Kingambit\n|-boost|p1b: Kingambit|atk|1\n|-boost|p1b: Kingambit|def|1\n|move|p2b: Ninetales|Moonblast|p1a: Zamazenta\n|-supereffective|p1a: Zamazenta\n|-damage|p1a: Zamazenta|9\/100\n|move|p1b: Kingambit|Knock Off|p2a: Blastoise\n|-damage|p2a: Blastoise|13\/100\n|-enditem|p2a: Blastoise|Sitrus Berry|[from] move: Knock Off|[of] p1b: Kingambit\n|move|p2a: Blastoise|Roar|p1b: Kingambit\n|drag|p1b: Salamence|Salamence, F|91\/100\n|-ability|p1b: Salamence|Intimidate|boost\n|-unboost|p2a: Blastoise|atk|1\n|-unboost|p2b: Ninetales|atk|1\n|\n|-weather|Snow|[upkeep]\n|-heal|p1a: Zamazenta|16\/100|[from] Grassy Terrain\n|-heal|p2b: Ninetales|13\/100|[from] Grassy Terrain\n|-heal|p2a: Blastoise|19\/100|[from] Grassy Terrain\n|-fieldend|move: Grassy Terrain\n|upkeep\n|turn|6\n|\n|t:|1699293890\n|move|p2a: Blastoise|Follow Me|p2a: Blastoise\n|-singleturn|p2a: Blastoise|move: Follow Me\n|move|p1a: Zamazenta|Coaching|p1b: Salamence\n|-boost|p1b: Salamence|atk|1\n|-boost|p1b: Salamence|def|1\n|move|p2b: Ninetales|Icy Wind|p1b: Salamence|[spread] p1a,p1b\n|-supereffective|p1b: Salamence\n|-damage|p1a: Zamazenta|2\/100\n|-damage|p1b: Salamence|7\/100\n|-unboost|p1a: Zamazenta|spe|1\n|-unboost|p1b: Salamence|spe|1\n|move|p1b: Salamence|Double-Edge|p2a: Blastoise\n|-damage|p2a: Blastoise|0 fnt\n|faint|p2a: Blastoise\n|-damage|p1b: Salamence|0 fnt|[from] Recoil\n|faint|p1b: Salamence\n|\n|-weather|Snow|[upkeep]\n|upkeep\n|\n|t:|1699293904\n|switch|p1b: Kingambit|Kingambit, M|100\/100\n|switch|p2a: Kyurem|Kyurem-Black|100\/100\n|-ability|p2a: Kyurem|Teravolt\n|turn|7\n|\n|t:|1699293916\n|-terastallize|p2a: Kyurem|Fire\n|move|p2b: Ninetales|Moonblast|p1a: Zamazenta\n|-supereffective|p1a: Zamazenta\n|-damage|p1a: Zamazenta|0 fnt\n|faint|p1a: Zamazenta\n|move|p2a: Kyurem|Dragon Dance|p2a: Kyurem\n|-boost|p2a: Kyurem|atk|1\n|-boost|p2a: Kyurem|spe|1\n|move|p1b: Kingambit|Swords Dance|p1b: Kingambit\n|-boost|p1b: Kingambit|atk|2\n|\n|-weather|none\n|upkeep\n|\n|t:|1699293931\n|switch|p1a: Volbeat|Volbeat, M|100\/100\n|turn|8\n|\n|t:|1699293940\n|switch|p2b: Ogerpon|Ogerpon-Hearthflame, F|100\/100\n|-ability|p2b: Ogerpon|Mold Breaker\n|move|p1a: Volbeat|Encore|p2a: Kyurem\n|-start|p2a: Kyurem|Encore\n|move|p2a: Kyurem|Dragon Dance|p2a: Kyurem\n|-boost|p2a: Kyurem|atk|1\n|-boost|p2a: Kyurem|spe|1\n|move|p1b: Kingambit|Knock Off|p2a: Kyurem\n|-damage|p2a: Kyurem|32\/100\n|-enditem|p2a: Kyurem|Loaded Dice|[from] move: Knock Off|[of] p1b: Kingambit\n|\n|-sideend|p2: ratpacker|move: Aurora Veil\n|upkeep\n|turn|9\n|\n|t:|1699293956\n|switch|p2a: Ninetales|Ninetales-Alola, F|13\/100\n|-weather|Snow|[from] ability: Snow Warning|[of] p2a: Ninetales\n|-terastallize|p1b: Kingambit|Dark\n|move|p1a: Volbeat|Tailwind|p1a: Volbeat\n|-sidestart|p1: kitsu-aria|move: Tailwind\n|move|p1b: Kingambit|Sucker Punch|p2b: Ogerpon\n|-damage|p2b: Ogerpon|0 fnt\n|faint|p2b: Ogerpon\n|\n|-weather|Snow|[upkeep]\n|upkeep\n|\n|t:|1699293966\n|switch|p2b: Kyurem|Kyurem-Black, tera:Fire|32\/100\n|-ability|p2b: Kyurem|Teravolt\n|turn|10\n|\n|t:|1699293973\n|move|p2b: Kyurem|Protect|p2b: Kyurem\n|-singleturn|p2b: Kyurem|Protect\n|move|p1a: Volbeat|Thunder Wave|p2b: Kyurem\n|-activate|p2b: Kyurem|move: Protect\n|move|p2a: Ninetales|Moonblast|p1b: Kingambit\n|-supereffective|p1b: Kingambit\n|-damage|p1b: Kingambit|26\/100\n|-unboost|p1b: Kingambit|spa|1\n|-ability|p1b: Kingambit|Defiant|boost\n|-boost|p1b: Kingambit|atk|2\n|move|p1b: Kingambit|Knock Off|p2a: Ninetales\n|-resisted|p2a: Ninetales\n|-damage|p2a: Ninetales|0 fnt\n|faint|p2a: Ninetales\n|\n|-weather|Snow|[upkeep]\n|upkeep\n|\n|t:|1699293986\n|switch|p2a: Metagross|Metagross-Mega|100\/100\n|turn|11\n|\n|t:|1699293990\n|move|p2b: Kyurem|Protect||[still]\n|-fail|p2b: Kyurem\n|move|p1a: Volbeat|Encore|p2b: Kyurem\n|-start|p2b: Kyurem|Encore\n|move|p1b: Kingambit|Sucker Punch|p2a: Metagross\n|-supereffective|p2a: Metagross\n|-damage|p2a: Metagross|0 fnt\n|faint|p2a: Metagross\n|\n|-weather|Snow|[upkeep]\n|upkeep\n|turn|12\n|-message|ratpacker forfeited.\n|\n|win|kitsu-aria\n|raw|kitsu-aria's rating: 1518 &rarr; <strong>1543<\/strong><br \/>(+25 for winning)\n|raw|ratpacker's rating: 1615 &rarr; <strong>1590<\/strong><br \/>(-25 for losing)\n","uploadtime":1699293760,"views":11,"p1id":"kitsuaria","p2id":"ratpacker","formatid":"gen9nationaldexdoubles","rating":1543,"private":0,"password":""}