{"id":"gen9nationaldexdoubles-1960755626","p1":"seta0052","p2":"Mudkiped","format":"[Gen 9] National Dex Doubles","log":"|j|\u2606seta0052\n|j|\u2606Mudkiped\n|t:|1696553153\n|gametype|doubles\n|player|p1|seta0052|pokemaniac|\n|player|p2|Mudkiped|crasherwake|\n|teamsize|p1|6\n|teamsize|p2|6\n|gen|9\n|tier|[Gen 9] National Dex Doubles\n|rule|HP Percentage Mod: HP is shown in percentages\n|rule|Endless Battle Clause: Forcing endless battles is banned\n|rule|OHKO Clause: OHKO moves are banned\n|rule|Evasion Moves Clause: Evasion moves are banned\n|rule|Evasion Abilities Clause: Evasion abilities are banned\n|rule|Species Clause: Limit one of each Pok\u00e9mon\n|rule|Gravity Sleep Clause: The combination of sleep-inducing moves with imperfect accuracy and Gravity or Gigantamax Orbeetle are banned\n|clearpoke\n|poke|p1|Salamence, F|\n|poke|p1|Rillaboom, M|\n|poke|p1|Volcanion|\n|poke|p1|Flutter Mane|\n|poke|p1|Chien-Pao|\n|poke|p1|Ogerpon-Cornerstone, F|\n|poke|p2|Indeedee-F, F|\n|poke|p2|Sinistcha-Masterpiece|\n|poke|p2|Baxcalibur, M|\n|poke|p2|Tinkaton, F|\n|poke|p2|Ninetales-Alola, F|\n|poke|p2|Flutter Mane|\n|teampreview\n|j| cr46290\n|j| caeden0330\n|\n|t:|1696553187\n|start\n|switch|p1a: Volcanion|Volcanion|100\/100\n|switch|p1b: Ogerpon|Ogerpon-Cornerstone, F|100\/100\n|switch|p2a: Baxcalibur|Baxcalibur, M|100\/100\n|switch|p2b: Tinkaton|Tinkaton, F|100\/100\n|-ability|p2b: Tinkaton|Mold Breaker\n|turn|1\n|\n|t:|1696553235\n|move|p1b: Ogerpon|Protect|p1b: Ogerpon\n|-singleturn|p1b: Ogerpon|Protect\n|move|p2b: Tinkaton|Fake Out|p1b: Ogerpon\n|-activate|p1b: Ogerpon|move: Protect\n|move|p2a: Baxcalibur|Icicle Crash|p1b: Ogerpon\n|-activate|p1b: Ogerpon|move: Protect\n|move|p1a: Volcanion|Steam Eruption|p2a: Baxcalibur\n|-resisted|p2a: Baxcalibur\n|-damage|p2a: Baxcalibur|73\/100\n|\n|upkeep\n|turn|2\n|\n|t:|1696553271\n|switch|p2a: Let Em Cook|Sinistcha-Masterpiece, shiny|100\/100\n|-terastallize|p1b: Ogerpon|Rock\n|detailschange|p1b: Ogerpon|Ogerpon-Cornerstone-Tera, F, tera:Rock\n|-ability|p1b: Ogerpon|Embody Aspect (Cornerstone)|boost\n|-boost|p1b: Ogerpon|def|1\n|move|p1b: Ogerpon|Ivy Cudgel|p2a: Let Em Cook\n|-damage|p2a: Let Em Cook|28\/100\n|move|p2b: Tinkaton|Knock Off|p1a: Volcanion\n|-damage|p1a: Volcanion|82\/100\n|-enditem|p1a: Volcanion|Assault Vest|[from] move: Knock Off|[of] p2b: Tinkaton\n|move|p1a: Volcanion|Heat Wave|p2b: Tinkaton|[spread] p2a,p2b\n|-supereffective|p2a: Let Em Cook\n|-supereffective|p2b: Tinkaton\n|-damage|p2a: Let Em Cook|0 fnt\n|-damage|p2b: Tinkaton|21\/100\n|faint|p2a: Let Em Cook\n|\n|-heal|p2b: Tinkaton|28\/100|[from] item: Leftovers\n|upkeep\n|\n|t:|1696553293\n|switch|p2a: Indeedee|Indeedee-F, F|100\/100\n|-fieldstart|move: Psychic Terrain|[from] ability: Psychic Surge|[of] p2a: Indeedee\n|turn|3\n|\n|t:|1696553334\n|switch|p1b: Rillaboom|Rillaboom, M|100\/100\n|-fieldstart|move: Grassy Terrain|[from] ability: Grassy Surge|[of] p1b: Rillaboom\n|switch|p2b: Baxcalibur|Baxcalibur, M|73\/100\n|move|p2a: Indeedee|Follow Me|p2a: Indeedee\n|-singleturn|p2a: Indeedee|move: Follow Me\n|move|p1a: Volcanion|Heat Wave|p2b: Baxcalibur|[spread] p2a,p2b\n|-damage|p2a: Indeedee|66\/100\n|-damage|p2b: Baxcalibur|36\/100\n|-status|p2a: Indeedee|brn\n|-ability|p2b: Baxcalibur|Thermal Exchange|boost\n|-boost|p2b: Baxcalibur|atk|1\n|\n|-heal|p2b: Baxcalibur|42\/100|[from] Grassy Terrain\n|-heal|p1a: Volcanion|88\/100|[from] Grassy Terrain\n|-heal|p2a: Indeedee|72\/100 brn|[from] Grassy Terrain\n|-damage|p2a: Indeedee|66\/100 brn|[from] brn\n|upkeep\n|turn|4\n|\n|t:|1696553360\n|switch|p2a: Mc Cloud|Ninetales-Alola, F|100\/100\n|-weather|Snow|[from] ability: Snow Warning|[of] p2a: Mc Cloud\n|move|p1b: Rillaboom|Fake Out|p2b: Baxcalibur\n|-damage|p2b: Baxcalibur|33\/100\n|cant|p2b: Baxcalibur|flinch\n|move|p1a: Volcanion|Heat Wave|p2a: Mc Cloud|[spread] p2a,p2b\n|-supereffective|p2a: Mc Cloud\n|-damage|p2a: Mc Cloud|7\/100\n|-damage|p2b: Baxcalibur|0 fnt\n|faint|p2b: Baxcalibur\n|\n|-weather|Snow|[upkeep]\n|-heal|p2a: Mc Cloud|13\/100|[from] Grassy Terrain\n|-heal|p1a: Volcanion|94\/100|[from] Grassy Terrain\n|upkeep\n|\n|t:|1696553375\n|switch|p2b: Flutter Mane|Flutter Mane|100\/100\n|turn|5\n|\n|t:|1696553384\n|move|p1b: Rillaboom|Grassy Glide|p2b: Flutter Mane\n|-damage|p2b: Flutter Mane|25\/100\n|move|p2b: Flutter Mane|Thunderbolt|p1a: Volcanion\n|-supereffective|p1a: Volcanion\n|-damage|p1a: Volcanion|0 fnt\n|faint|p1a: Volcanion\n|move|p2a: Mc Cloud|Aurora Veil|p2a: Mc Cloud\n|-sidestart|p2: Mudkiped|move: Aurora Veil\n|\n|-weather|Snow|[upkeep]\n|-heal|p2b: Flutter Mane|31\/100|[from] Grassy Terrain\n|-heal|p2a: Mc Cloud|19\/100|[from] Grassy Terrain\n|upkeep\n|\n|t:|1696553406\n|switch|p1a: Flutter Mane|Flutter Mane|100\/100\n|turn|6\n|\n|t:|1696553419\n|-end|p2b: Flutter Mane|Protosynthesis|[silent]\n|switch|p2b: Indeedee|Indeedee-F, F|66\/100 brn\n|-fieldstart|move: Psychic Terrain|[from] ability: Psychic Surge|[of] p2b: Indeedee\n|move|p2a: Mc Cloud|Protect|p2a: Mc Cloud\n|-singleturn|p2a: Mc Cloud|Protect\n|move|p1a: Flutter Mane|Dazzling Gleam|p2b: Indeedee|[spread] p2b\n|-activate|p2a: Mc Cloud|move: Protect\n|-damage|p2b: Indeedee|35\/100 brn\n|move|p1b: Rillaboom|Grassy Glide|p2b: Indeedee\n|-damage|p2b: Indeedee|5\/100 brn\n|\n|-weather|Snow|[upkeep]\n|-damage|p2b: Indeedee|0 fnt|[from] brn\n|faint|p2b: Indeedee\n|upkeep\n|\n|t:|1696553434\n|switch|p2b: Flutter Mane|Flutter Mane|31\/100\n|turn|7\n|\n|t:|1696553452\n|-end|p1a: Flutter Mane|Protosynthesis|[silent]\n|switch|p1a: Chien-Pao|Chien-Pao|100\/100\n|-ability|p1a: Chien-Pao|Sword of Ruin\n|move|p2b: Flutter Mane|Shadow Ball|p1a: Chien-Pao\n|-resisted|p1a: Chien-Pao\n|-damage|p1a: Chien-Pao|51\/100\n|move|p2a: Mc Cloud|Freeze-Dry|p1b: Rillaboom\n|-supereffective|p1b: Rillaboom\n|-damage|p1b: Rillaboom|64\/100\n|move|p1b: Rillaboom|Wood Hammer|p2a: Mc Cloud\n|-damage|p2a: Mc Cloud|0 fnt\n|faint|p2a: Mc Cloud\n|-damage|p1b: Rillaboom|59\/100|[from] Recoil\n|\n|-weather|Snow|[upkeep]\n|upkeep\n|\n|t:|1696553467\n|switch|p2a: Tinkaton|Tinkaton, F|28\/100\n|-ability|p2a: Tinkaton|Mold Breaker\n|turn|8\n|\n|t:|1696553479\n|switch|p1a: Salamence|Salamence, F|100\/100\n|-ability|p1a: Salamence|Intimidate|boost\n|-unboost|p2a: Tinkaton|atk|1\n|-unboost|p2b: Flutter Mane|atk|1\n|move|p2b: Flutter Mane|Shadow Ball|p1b: Rillaboom\n|-damage|p1b: Rillaboom|20\/100\n|move|p2a: Tinkaton|Gigaton Hammer|p1a: Salamence\n|-damage|p1a: Salamence|57\/100\n|move|p1b: Rillaboom|U-turn|p2b: Flutter Mane\n|-resisted|p2b: Flutter Mane\n|-damage|p2b: Flutter Mane|24\/100\n|\n|t:|1696553495\n|switch|p1b: Ogerpon|Ogerpon-Cornerstone-Tera, F, tera:Rock|100\/100|[from] U-turn\n|-ability|p1b: Ogerpon|Embody Aspect (Cornerstone)|boost\n|-boost|p1b: Ogerpon|def|1\n|\n|-weather|none\n|-heal|p2a: Tinkaton|34\/100|[from] item: Leftovers\n|upkeep\n|turn|9\n|\n|t:|1696553517\n|detailschange|p1a: Salamence|Salamence-Mega, F\n|-mega|p1a: Salamence|Salamence|Salamencite\n|move|p1b: Ogerpon|Follow Me|p1b: Ogerpon\n|-singleturn|p1b: Ogerpon|move: Follow Me\n|move|p2b: Flutter Mane|Shadow Ball|p1b: Ogerpon\n|-damage|p1b: Ogerpon|31\/100\n|-unboost|p1b: Ogerpon|spd|1\n|move|p1a: Salamence|Frustration|p2b: Flutter Mane\n|-damage|p2b: Flutter Mane|0 fnt\n|faint|p2b: Flutter Mane\n|-end|p2b: Flutter Mane|Protosynthesis|[silent]\n|move|p2a: Tinkaton|Knock Off|p1b: Ogerpon\n|-damage|p1b: Ogerpon|22\/100\n|\n|-heal|p2a: Tinkaton|40\/100|[from] item: Leftovers\n|upkeep\n|turn|10\n|\n|t:|1696553540\n|move|p1b: Ogerpon|Follow Me|p1b: Ogerpon\n|-singleturn|p1b: Ogerpon|move: Follow Me\n|move|p1a: Salamence|Dragon Dance|p1a: Salamence\n|-boost|p1a: Salamence|atk|1\n|-boost|p1a: Salamence|spe|1\n|move|p2a: Tinkaton|Gigaton Hammer|p1b: Ogerpon\n|-supereffective|p1b: Ogerpon\n|-damage|p1b: Ogerpon|0 fnt\n|faint|p1b: Ogerpon\n|\n|-heal|p2a: Tinkaton|46\/100|[from] item: Leftovers\n|upkeep\n|\n|t:|1696553553\n|switch|p1b: Chien-Pao|Chien-Pao|51\/100\n|-ability|p1b: Chien-Pao|Sword of Ruin\n|turn|11\n|\n|t:|1696553568\n|move|p1a: Salamence|Frustration|p2a: Tinkaton\n|-resisted|p2a: Tinkaton\n|-damage|p2a: Tinkaton|0 fnt\n|faint|p2a: Tinkaton\n|\n|win|seta0052\n","uploadtime":1696553575,"views":39,"p1id":"seta0052","p2id":"mudkiped","formatid":"gen9nationaldexdoubles","rating":0,"private":0,"password":""}