{"id":"gen9nationaldexdoubles-1984657429","p1":"lxvliiz","p2":"kleemain800","format":"[Gen 9] National Dex Doubles","log":"|j|\u2606lxvliiz\n|j|\u2606kleemain800\n|t:|1699288433\n|gametype|doubles\n|player|p1|lxvliiz|guitarist|1100\n|player|p2|kleemain800|swimmerf|1084\n|teamsize|p1|6\n|teamsize|p2|6\n|gen|9\n|tier|[Gen 9] National Dex Doubles\n|rated|\n|rule|HP Percentage Mod: HP is shown in percentages\n|rule|Endless Battle Clause: Forcing endless battles is banned\n|rule|OHKO Clause: OHKO moves are banned\n|rule|Evasion Moves Clause: Evasion moves are banned\n|rule|Evasion Abilities Clause: Evasion abilities are banned\n|rule|Species Clause: Limit one of each Pok\u00e9mon\n|rule|Gravity Sleep Clause: The combination of sleep-inducing moves with imperfect accuracy and Gravity or Gigantamax Orbeetle are banned\n|clearpoke\n|poke|p1|Kommo-o, F|\n|poke|p1|Volcarona, M|\n|poke|p1|Oricorio-Pom-Pom, F|\n|poke|p1|Quaquaval, M|\n|poke|p1|Flamigo, M|\n|poke|p1|Marshadow|\n|poke|p2|Marshadow|\n|poke|p2|Xurkitree|\n|poke|p2|Tapu Koko|\n|poke|p2|Kangaskhan, F|\n|poke|p2|Shuckle, F|\n|poke|p2|Alakazam, M|\n|teampreview\n|inactive|Battle timer is ON: inactive players will automatically lose when time's up. (requested by kleemain800)\n|c|\u2606kleemain800|its shuckle time\n|\n|t:|1699288443\n|start\n|switch|p1a: dance dance dance|Kommo-o, F, shiny|100\/100\n|switch|p1b: dancer|Oricorio-Pom-Pom, F, shiny|100\/100\n|switch|p2a: Shuckle|Shuckle, F|100\/100\n|switch|p2b: Alakazam|Alakazam, M|100\/100\n|turn|1\n|c|\u2606lxvliiz|\ud83d\ude30\n|\n|t:|1699288459\n|-terastallize|p1a: dance dance dance|Ghost\n|move|p1b: dancer|Quiver Dance|p1b: dancer\n|-boost|p1b: dancer|spa|1\n|-boost|p1b: dancer|spd|1\n|-boost|p1b: dancer|spe|1\n|move|p1a: dance dance dance|Clangorous Soul|p1a: dance dance dance\n|-boost|p1a: dance dance dance|atk|1\n|-boost|p1a: dance dance dance|def|1\n|-boost|p1a: dance dance dance|spa|1\n|-boost|p1a: dance dance dance|spd|1\n|-boost|p1a: dance dance dance|spe|1\n|-damage|p1a: dance dance dance|68\/100\n|-activate|p1b: dancer|ability: Dancer\n|move|p1b: dancer|Clangorous Soul|p1b: dancer|[from]ability: Dancer\n|-boost|p1b: dancer|atk|1\n|-boost|p1b: dancer|def|1\n|-boost|p1b: dancer|spa|1\n|-boost|p1b: dancer|spd|1\n|-boost|p1b: dancer|spe|1\n|-damage|p1b: dancer|68\/100\n|move|p2a: Shuckle|Curse|p2a: Shuckle\n|-unboost|p2a: Shuckle|spe|1\n|-boost|p2a: Shuckle|atk|1\n|-boost|p2a: Shuckle|def|1\n|-enditem|p1b: dancer|Mirror Herb\n|-boost|p1b: dancer|atk|1|[from] item: Mirror Herb\n|-boost|p1b: dancer|def|1|[from] item: Mirror Herb\n|move|p2b: Alakazam|Trick Room|p2b: Alakazam\n|-fieldstart|move: Trick Room|[of] p2b: Alakazam\n|\n|upkeep\n|turn|2\n|inactive|kleemain800 has 120 seconds left.\n|\n|t:|1699288493\n|move|p2a: Shuckle|Power Trick|p2a: Shuckle\n|-start|p2a: Shuckle|Power Trick\n|move|p2b: Alakazam|Psychic Terrain|p2b: Alakazam\n|-fieldstart|move: Psychic Terrain\n|move|p1a: dance dance dance|Shadow Claw|p2b: Alakazam\n|-supereffective|p2b: Alakazam\n|-damage|p2b: Alakazam|0 fnt\n|faint|p2b: Alakazam\n|move|p1b: dancer|Quiver Dance|p1b: dancer\n|-boost|p1b: dancer|spa|1\n|-boost|p1b: dancer|spd|1\n|-boost|p1b: dancer|spe|1\n|\n|upkeep\n|inactive|kleemain800 has 120 seconds left.\n|\n|t:|1699288504\n|switch|p2b: Kangaskhan|Kangaskhan, F|100\/100\n|turn|3\n|\n|t:|1699288518\n|detailschange|p2b: Kangaskhan|Kangaskhan-Mega, F\n|-mega|p2b: Kangaskhan|Kangaskhan|Kangaskhanite\n|move|p2a: Shuckle|Gyro Ball|p1b: dancer\n|-resisted|p1b: dancer\n|-damage|p1b: dancer|13\/100\n|move|p2b: Kangaskhan|Shadow Claw|p1a: dance dance dance\n|-supereffective|p1a: dance dance dance\n|-damage|p1a: dance dance dance|36\/100\n|-damage|p2b: Kangaskhan|84\/100|[from] item: Rocky Helmet|[of] p1a: dance dance dance\n|-supereffective|p1a: dance dance dance\n|-damage|p1a: dance dance dance|28\/100\n|-damage|p2b: Kangaskhan|67\/100|[from] item: Rocky Helmet|[of] p1a: dance dance dance\n|-hitcount|p1a: dance dance dance|2\n|move|p1a: dance dance dance|Drain Punch|p2b: Kangaskhan\n|-supereffective|p2b: Kangaskhan\n|-damage|p2b: Kangaskhan|0 fnt\n|-heal|p1a: dance dance dance|68\/100|[from] drain|[of] p2b: Kangaskhan\n|faint|p2b: Kangaskhan\n|move|p1b: dancer|Baton Pass|p1b: dancer\n|\n|t:|1699288533\n|switch|p1b: dancing|Quaquaval, M, shiny|100\/100|[from] Baton Pass\n|\n|upkeep\n|\n|t:|1699288537\n|switch|p2b: yours|Marshadow|100\/100\n|turn|4\n|\n|t:|1699288545\n|move|p2a: Shuckle|Gyro Ball|p1b: dancing\n|-resisted|p1b: dancing\n|-damage|p1b: dancing|54\/100\n|move|p2b: yours|Spectral Thief||[still]\n|-clearpositiveboost|p1a: dance dance dance|p2b: yours|move: Spectral Thief\n|-boost|p2b: yours|atk|1\n|-boost|p2b: yours|def|1\n|-boost|p2b: yours|spa|1\n|-boost|p2b: yours|spd|1\n|-boost|p2b: yours|spe|1\n|-anim|p2b: yours|Spectral Thief|p1a: dance dance dance\n|-supereffective|p1a: dance dance dance\n|-damage|p1a: dance dance dance|0 fnt\n|-damage|p2b: yours|84\/100|[from] item: Rocky Helmet|[of] p1a: dance dance dance\n|faint|p1a: dance dance dance\n|move|p1b: dancing|Aqua Step|p2b: yours\n|-damage|p2b: yours|0 fnt\n|-boost|p1b: dancing|spe|1\n|faint|p2b: yours\n|-ability|p1b: dancing|Moxie|boost\n|-boost|p1b: dancing|atk|1\n|\n|upkeep\n|c|\u2606lxvliiz|no\n|\n|t:|1699288566\n|switch|p1a: dance party|Flamigo, M, shiny|100\/100\n|switch|p2b: terrian|Tapu Koko|100\/100\n|-copyboost|p1a: dance party|p1b: dancing|[from] ability: Costar\n|-fieldstart|move: Electric Terrain|[from] ability: Electric Surge|[of] p2b: terrian\n|turn|5\n|\n|t:|1699288578\n|move|p2a: Shuckle|Gyro Ball|p1b: dancing\n|-resisted|p1b: dancing\n|-damage|p1b: dancing|8\/100\n|move|p2b: terrian|Light Screen|p2b: terrian\n|-sidestart|p2: kleemain800|move: Light Screen\n|move|p1b: dancing|Aqua Step|p2b: terrian\n|-damage|p2b: terrian|0 fnt\n|-boost|p1b: dancing|spe|1\n|faint|p2b: terrian\n|-ability|p1b: dancing|Moxie|boost\n|-boost|p1b: dancing|atk|1\n|move|p1a: dance party|Fly||[still]\n|-prepare|p1a: dance party|Fly\n|-enditem|p1a: dance party|Power Herb\n|-anim|p1a: dance party|Fly|p2a: Shuckle\n|-ability|p2a: Shuckle|Sturdy\n|-damage|p2a: Shuckle|1\/100\n|\n|-fieldend|move: Trick Room\n|upkeep\n|c|\u2606kleemain800|wut\n|\n|t:|1699288584\n|switch|p2b: LIVE WIRE|Xurkitree|100\/100\n|turn|6\n|\n|t:|1699288601\n|-terastallize|p2b: LIVE WIRE|Flying\n|move|p1b: dancing|Aqua Step|p2b: LIVE WIRE\n|-enditem|p2b: LIVE WIRE|Focus Sash\n|-damage|p2b: LIVE WIRE|1\/100\n|-boost|p1b: dancing|spe|1\n|move|p1a: dance party|Acrobatics|p2a: Shuckle\n|-damage|p2a: Shuckle|0 fnt\n|faint|p2a: Shuckle\n|move|p2b: LIVE WIRE|Discharge|p1a: dance party|[spread] p1a,p1b\n|-supereffective|p1a: dance party\n|-supereffective|p1b: dancing\n|-damage|p1a: dance party|41\/100\n|-damage|p1b: dancing|0 fnt\n|-status|p1a: dance party|par\n|faint|p1b: dancing\n|-ability|p2b: LIVE WIRE|Beast Boost|boost\n|-boost|p2b: LIVE WIRE|spa|1\n|\n|upkeep\n|\n|t:|1699288608\n|switch|p1b: dance with me|Volcarona, M, shiny|100\/100\n|turn|7\n|c|\u2606lxvliiz|the shuck\n|\n|t:|1699288623\n|move|p1a: dance party|Acrobatics|p2b: LIVE WIRE\n|-damage|p2b: LIVE WIRE|0 fnt\n|faint|p2b: LIVE WIRE\n|\n|win|lxvliiz\n|raw|lxvliiz's rating: 1100 &rarr; <strong>1124<\/strong><br \/>(+24 for winning)\n|raw|kleemain800's rating: 1084 &rarr; <strong>1062<\/strong><br \/>(-22 for losing)\n|l|\u2606kleemain800\n","uploadtime":1699288629,"views":5,"p1id":"lxvliiz","p2id":"kleemain800","formatid":"gen9nationaldexdoubles","rating":1062,"private":0,"password":""}