{"id":"gen9nationaldexdoubles-1952865141","p1":"I'mSuspecious)","p2":"Hguu jug","format":"[Gen 9] National Dex Doubles","log":"|j|\u2606I'mSuspecious)\n|j|\u2606Hguu jug\n|t:|1695736213\n|gametype|doubles\n|player|p1|I'mSuspecious)|wallace|1125\n|player|p2|Hguu jug|lucas|1000\n|teamsize|p1|6\n|teamsize|p2|6\n|gen|9\n|tier|[Gen 9] National Dex Doubles\n|rated|\n|rule|HP Percentage Mod: HP is shown in percentages\n|rule|Endless Battle Clause: Forcing endless battles is banned\n|rule|OHKO Clause: OHKO moves are banned\n|rule|Evasion Moves Clause: Evasion moves are banned\n|rule|Evasion Abilities Clause: Evasion abilities are banned\n|rule|Species Clause: Limit one of each Pok\u00e9mon\n|rule|Gravity Sleep Clause: The combination of sleep-inducing moves with imperfect accuracy and Gravity or Gigantamax Orbeetle are banned\n|clearpoke\n|poke|p1|Ursaluna, M|\n|poke|p1|Wigglytuff, F|\n|poke|p1|Maushold-Four|\n|poke|p1|Farigiraf, F|\n|poke|p1|Arboliva, F|\n|poke|p1|Wyrdeer, F|\n|poke|p2|Indeedee, M|\n|poke|p2|Deoxys-Attack|\n|poke|p2|Typhlosion, F|\n|poke|p2|Kartana|\n|poke|p2|Murkrow, F|\n|poke|p2|Shuckle, F|\n|teampreview\n|c|\u2606I'mSuspecious)|o\n|c|\u2606I'mSuspecious)|this is scarry\n|c|\u2606I'mSuspecious)|with 2 rs\n|inactive|Battle timer is ON: inactive players will automatically lose when time's up. (requested by Hguu jug)\n|inactive|I'mSuspecious) has 120 seconds left.\n|\n|t:|1695736264\n|start\n|switch|p1a: Wyrdeer|Wyrdeer, F|100\/100\n|switch|p1b: Wigglytuff|Wigglytuff, F|100\/100\n|switch|p2a: Murkrow|Murkrow, F|100\/100\n|switch|p2b: Shuckle|Shuckle, F|100\/100\n|-ability|p1a: Wyrdeer|Intimidate|boost\n|-unboost|p2a: Murkrow|atk|1\n|-unboost|p2b: Shuckle|atk|1\n|turn|1\n|inactive|Hguu jug has 120 seconds left.\n|inactive|I'mSuspecious) has 120 seconds left.\n|inactive|Hguu jug has 90 seconds left.\n|\n|t:|1695736333\n|move|p2a: Murkrow|Taunt|p1a: Wyrdeer\n|-start|p1a: Wyrdeer|move: Taunt\n|cant|p1a: Wyrdeer|move: Taunt|Skill Swap\n|move|p1b: Wigglytuff|Draining Kiss|p2a: Murkrow\n|-supereffective|p2a: Murkrow\n|-damage|p2a: Murkrow|11\/100\n|move|p2b: Shuckle|Toxic|p1a: Wyrdeer|[miss]\n|-miss|p2b: Shuckle|p1a: Wyrdeer\n|\n|upkeep\n|turn|2\n|inactive|I'mSuspecious) has 120 seconds left.\n|inactive|I'mSuspecious) has 90 seconds left.\n|\n|t:|1695736382\n|switch|p1a: Maushold|Maushold-Four|100\/100\n|move|p1b: Wigglytuff|Protect|p1b: Wigglytuff\n|-singleturn|p1b: Wigglytuff|Protect\n|move|p2a: Murkrow|Perish Song|p2a: Murkrow\n|-start|p1a: Maushold|perish3|[silent]\n|-start|p1b: Wigglytuff|perish3|[silent]\n|-start|p2a: Murkrow|perish3|[silent]\n|-start|p2b: Shuckle|perish3|[silent]\n|-fieldactivate|move: Perish Song\n|move|p2b: Shuckle|Toxic|p1a: Maushold\n|-status|p1a: Maushold|tox\n|\n|-damage|p1a: Maushold|95\/100 tox|[from] psn\n|-start|p1a: Maushold|perish3\n|-start|p2a: Murkrow|perish3\n|-start|p1b: Wigglytuff|perish3\n|-start|p2b: Shuckle|perish3\n|upkeep\n|turn|3\n|c|\u2606I'mSuspecious)|shit\n|inactive|I'mSuspecious) has 90 seconds left.\n|\n|t:|1695736421\n|switch|p1a: Farigiraf|Farigiraf, F|100\/100\n|switch|p1b: Ursaluna|Ursaluna, M|100\/100\n|move|p2a: Murkrow|Taunt||[still]\n|cant|p1a: Farigiraf|ability: Armor Tail|Taunt|[of] p2a: Murkrow\n|move|p2b: Shuckle|Stealth Rock|p1b: Ursaluna\n|-sidestart|p1: I'mSuspecious)|move: Stealth Rock\n|\n|-start|p2a: Murkrow|perish2\n|-start|p2b: Shuckle|perish2\n|-status|p1b: Ursaluna|brn|[from] item: Flame Orb\n|upkeep\n|turn|4\n|inactive|I'mSuspecious) has 90 seconds left.\n|inactive|Hguu jug has 120 seconds left.\n|\n|t:|1695736456\n|switch|p1a: Maushold|Maushold-Four|95\/100 tox\n|-damage|p1a: Maushold|82\/100 tox|[from] Stealth Rock\n|move|p1b: Ursaluna|Protect|p1b: Ursaluna\n|-singleturn|p1b: Ursaluna|Protect\n|move|p2a: Murkrow|Perish Song|p2a: Murkrow\n|-start|p1a: Maushold|perish3|[silent]\n|-start|p1b: Ursaluna|perish3|[silent]\n|-fieldactivate|move: Perish Song\n|move|p2b: Shuckle|Power Split|p1b: Ursaluna\n|-activate|p1b: Ursaluna|move: Protect\n|\n|-damage|p1a: Maushold|76\/100 tox|[from] psn\n|-damage|p1b: Ursaluna|94\/100 brn|[from] brn\n|-start|p1a: Maushold|perish3\n|-start|p2a: Murkrow|perish1\n|-start|p1b: Ursaluna|perish3\n|-start|p2b: Shuckle|perish1\n|upkeep\n|turn|5\n|inactive|I'mSuspecious) has 90 seconds left.\n|inactive|Hguu jug has 120 seconds left.\n|c|\u2606I'mSuspecious)|actually f you\n|\n|t:|1695736475\n|switch|p1b: Farigiraf|Farigiraf, F|100\/100\n|-damage|p1b: Farigiraf|88\/100|[from] Stealth Rock\n|move|p2a: Murkrow|Taunt||[still]\n|cant|p1b: Farigiraf|ability: Armor Tail|Taunt|[of] p2a: Murkrow\n|move|p1a: Maushold|Tidy Up|p1a: Maushold\n|-sideend|p1: I'mSuspecious)|Stealth Rock\n|-activate|p1a: Maushold|move: Tidy Up\n|-boost|p1a: Maushold|atk|1\n|-boost|p1a: Maushold|spe|1\n|move|p2b: Shuckle|Sticky Web|p1b: Farigiraf\n|-sidestart|p1: I'mSuspecious)|move: Sticky Web\n|\n|-damage|p1a: Maushold|64\/100 tox|[from] psn\n|-start|p1a: Maushold|perish2\n|-start|p2a: Murkrow|perish0\n|-start|p2b: Shuckle|perish0\n|upkeep\n|faint|p2a: Murkrow\n|faint|p2b: Shuckle\n|c|\u2606I'mSuspecious)|goddd\n|inactive|Hguu jug has 90 seconds left.\n|c|\u2606I'mSuspecious)|toxic behavior\n|\n|t:|1695736516\n|switch|p2a: Kartana|Kartana|100\/100\n|switch|p2b: Deoxys|Deoxys-Attack|100\/100\n|-ability|p2b: Deoxys|Pressure\n|turn|6\n|inactive|I'mSuspecious) has 90 seconds left.\n|\n|t:|1695736540\n|move|p1a: Maushold|Follow Me|p1a: Maushold\n|-singleturn|p1a: Maushold|move: Follow Me\n|move|p2a: Kartana|Sacred Sword|p1a: Maushold\n|-supereffective|p1a: Maushold\n|-damage|p1a: Maushold|0 fnt\n|faint|p1a: Maushold\n|-ability|p2a: Kartana|Beast Boost|boost\n|-boost|p2a: Kartana|atk|1\n|move|p2b: Deoxys|Psyshock|p1b: Farigiraf\n|-resisted|p1b: Farigiraf\n|-crit|p1b: Farigiraf\n|-damage|p1b: Farigiraf|47\/100\n|-enditem|p1b: Farigiraf|Sitrus Berry|[eat]\n|-heal|p1b: Farigiraf|72\/100|[from] item: Sitrus Berry\n|move|p1b: Farigiraf|Trick Room|p1b: Farigiraf\n|-fieldstart|move: Trick Room|[of] p1b: Farigiraf\n|\n|upkeep\n|inactive|I'mSuspecious) has 90 seconds left.\n|\n|t:|1695736574\n|switch|p1a: Arboliva|Arboliva, F|100\/100\n|-activate|p1a: Arboliva|move: Sticky Web\n|-unboost|p1a: Arboliva|spe|1\n|turn|7\n|inactive|Hguu jug has 120 seconds left.\n|\n|t:|1695736592\n|-terastallize|p1a: Arboliva|Fire\n|move|p1a: Arboliva|Tera Blast|p2a: Kartana|[anim] Tera Blast Fire\n|-supereffective|p2a: Kartana\n|-damage|p2a: Kartana|0 fnt\n|faint|p2a: Kartana\n|move|p1b: Farigiraf|Nasty Plot|p1b: Farigiraf\n|-boost|p1b: Farigiraf|spa|2\n|move|p2b: Deoxys|Ice Beam|p1a: Arboliva\n|-resisted|p1a: Arboliva\n|-damage|p1a: Arboliva|89\/100\n|-fieldstart|move: Grassy Terrain|[from] ability: Seed Sower|[of] p1a: Arboliva\n|\n|-heal|p1a: Arboliva|95\/100|[from] Grassy Terrain\n|-heal|p1b: Farigiraf|78\/100|[from] Grassy Terrain\n|upkeep\n|c|\u2606I'mSuspecious)|sheee\n|\n|t:|1695736608\n|switch|p2a: Typhlosion|Typhlosion, F|100\/100\n|turn|8\n|inactive|Hguu jug has 120 seconds left.\n|inactive|I'mSuspecious) has 90 seconds left.\n|\n|t:|1695736647\n|move|p1a: Arboliva|Earth Power|p2a: Typhlosion\n|-supereffective|p2a: Typhlosion\n|-damage|p2a: Typhlosion|15\/100\n|move|p2b: Deoxys|Psyshock|p1a: Arboliva\n|-damage|p1a: Arboliva|44\/100\n|move|p2a: Typhlosion|Burn Up|p1b: Farigiraf\n|-damage|p1b: Farigiraf|0 fnt\n|-start|p2a: Typhlosion|typechange|???|[from] move: Burn Up\n|faint|p1b: Farigiraf\n|\n|-heal|p1a: Arboliva|50\/100|[from] Grassy Terrain\n|-heal|p2a: Typhlosion|21\/100|[from] Grassy Terrain\n|upkeep\n|c|\u2606I'mSuspecious)|o whatt\n|\n|t:|1695736674\n|switch|p1b: Wyrdeer|Wyrdeer, F|100\/100\n|-activate|p1b: Wyrdeer|move: Sticky Web\n|-unboost|p1b: Wyrdeer|spe|1\n|-ability|p1b: Wyrdeer|Intimidate|boost\n|-unboost|p2a: Typhlosion|atk|1\n|-unboost|p2b: Deoxys|atk|1\n|turn|9\n|inactive|Hguu jug has 120 seconds left.\n|\n|t:|1695736691\n|switch|p1a: Wigglytuff|Wigglytuff, F|100\/100\n|-activate|p1a: Wigglytuff|move: Sticky Web\n|-unboost|p1a: Wigglytuff|spe|1\n|-ability|p1a: Wigglytuff|Competitive|boost\n|-boost|p1a: Wigglytuff|spa|2\n|move|p2b: Deoxys|Ice Beam|p1b: Wyrdeer\n|-damage|p1b: Wyrdeer|70\/100\n|move|p2a: Typhlosion|Burn Up||[still]\n|-fail|p2a: Typhlosion|move: Burn Up\n|move|p1b: Wyrdeer|Trick Room|p1b: Wyrdeer\n|-fieldend|move: Trick Room\n|\n|-heal|p2a: Typhlosion|27\/100|[from] Grassy Terrain\n|-heal|p1b: Wyrdeer|76\/100|[from] Grassy Terrain\n|upkeep\n|turn|10\n|c|\u2606I'mSuspecious)|whattt\n|inactive|I'mSuspecious) has 90 seconds left.\n|c|\u2606I'mSuspecious)|noooo\n|inactive|Hguu jug has 120 seconds left.\n|c|\u2606I'mSuspecious)|you win\n|inactive|I'mSuspecious) has 60 seconds left.\n|\n|t:|1695736733\n|-terastallize|p2a: Typhlosion|Fire\n|move|p1a: Wigglytuff|Protect|p1a: Wigglytuff\n|-singleturn|p1a: Wigglytuff|Protect\n|move|p2a: Typhlosion|Burn Up|p1b: Wyrdeer\n|-damage|p1b: Wyrdeer|13\/100\n|-start|p2a: Typhlosion|typechange|Fire|[from] move: Burn Up\n|move|p2b: Deoxys|Ice Beam|p1b: Wyrdeer\n|-damage|p1b: Wyrdeer|0 fnt\n|faint|p1b: Wyrdeer\n|\n|-heal|p2a: Typhlosion|33\/100|[from] Grassy Terrain\n|upkeep\n|inactive|I'mSuspecious) has 60 seconds left.\n|c|\u2606I'mSuspecious)|godd\n|c|\u2606I'mSuspecious)|that stupid mistake\n|c|\u2606I'mSuspecious)|I'm so upset\n|\n|t:|1695736765\n|switch|p1b: Ursaluna|Ursaluna, M|94\/100 brn\n|-activate|p1b: Ursaluna|move: Sticky Web\n|-unboost|p1b: Ursaluna|spe|1\n|turn|11\n|inactive|Hguu jug has 120 seconds left.\n|\n|t:|1695736781\n|move|p2a: Typhlosion|Burn Up|p1a: Wigglytuff\n|-damage|p1a: Wigglytuff|0 fnt\n|-start|p2a: Typhlosion|typechange|Fire|[from] move: Burn Up\n|faint|p1a: Wigglytuff\n|move|p2b: Deoxys|Ice Beam|p1b: Ursaluna\n|-supereffective|p1b: Ursaluna\n|-damage|p1b: Ursaluna|24\/100 brn\n|move|p1b: Ursaluna|Facade|p2a: Typhlosion\n|-damage|p2a: Typhlosion|0 fnt\n|faint|p2a: Typhlosion\n|\n|-heal|p1b: Ursaluna|30\/100 brn|[from] Grassy Terrain\n|-damage|p1b: Ursaluna|24\/100 brn|[from] brn\n|-fieldend|move: Grassy Terrain\n|upkeep\n|\n|t:|1695736790\n|switch|p2a: Indeedee|Indeedee, M|100\/100\n|switch|p1a: Arboliva|Arboliva, F, tera:Fire|50\/100\n|-fieldstart|move: Psychic Terrain|[from] ability: Psychic Surge|[of] p2a: Indeedee\n|-activate|p1a: Arboliva|move: Sticky Web\n|-unboost|p1a: Arboliva|spe|1\n|turn|12\n|c|\u2606I'mSuspecious)|f this\n|\n|t:|1695736812\n|move|p1b: Ursaluna|Protect|p1b: Ursaluna\n|-singleturn|p1b: Ursaluna|Protect\n|move|p2b: Deoxys|Psyshock|p1a: Arboliva\n|-damage|p1a: Arboliva|0 fnt\n|-fieldstart|move: Grassy Terrain|[from] ability: Seed Sower|[of] p1a: Arboliva\n|faint|p1a: Arboliva\n|move|p2a: Indeedee|Expanding Force|p1b: Ursaluna\n|-activate|p1b: Ursaluna|move: Protect\n|\n|-heal|p1b: Ursaluna|30\/100 brn|[from] Grassy Terrain\n|-damage|p1b: Ursaluna|24\/100 brn|[from] brn\n|upkeep\n|turn|13\n|inactive|I'mSuspecious) has 90 seconds left.\n|-message|I'mSuspecious) forfeited.\n|\n|win|Hguu jug\n|raw|I&apos;mSuspecious)'s rating: 1125 &rarr; <strong>1091<\/strong><br \/>(-34 for losing)\n|raw|Hguu jug's rating: 1000 &rarr; <strong>1054<\/strong><br \/>(+54 for winning)\n|l|\u2606I'mSuspecious)\n","uploadtime":1695736830,"views":8,"p1id":"imsuspecious","p2id":"hguujug","formatid":"gen9nationaldexdoubles","rating":1054,"private":0,"password":""}