{"id":"gen9nationaldexdoubles-1987786453","p1":"Astro Nation Shoe","p2":"eragon11145","format":"[Gen 9] National Dex Doubles","log":"|j|\u2606Astro Nation Shoe\n|j|\u2606eragon11145\n|t:|1699636778\n|gametype|doubles\n|player|p1|Astro Nation Shoe|swimmer-masters|\n|player|p2|eragon11145|#dwcopiii|\n|teamsize|p1|6\n|teamsize|p2|6\n|gen|9\n|tier|[Gen 9] National Dex Doubles\n|rule|HP Percentage Mod: HP is shown in percentages\n|rule|Endless Battle Clause: Forcing endless battles is banned\n|rule|OHKO Clause: OHKO moves are banned\n|rule|Evasion Moves Clause: Evasion moves are banned\n|rule|Evasion Abilities Clause: Evasion abilities are banned\n|rule|Species Clause: Limit one of each Pok\u00e9mon\n|rule|Gravity Sleep Clause: The combination of sleep-inducing moves with imperfect accuracy and Gravity or Gigantamax Orbeetle are banned\n|clearpoke\n|poke|p1|Charizard, F|\n|poke|p1|Flutter Mane|\n|poke|p1|Rillaboom, F|\n|poke|p1|Tornadus, M|\n|poke|p1|Ogerpon-Hearthflame, F|\n|poke|p1|Marshadow|\n|poke|p2|Jirachi|\n|poke|p2|Zygarde|\n|poke|p2|Flutter Mane|\n|poke|p2|Rillaboom, F|\n|poke|p2|Chien-Pao|\n|poke|p2|Salamence, M|\n|teampreview\n|inactive|Battle timer is ON: inactive players will automatically lose when time's up. (requested by eragon11145)\n|j| Jello1231\n|c|\u2606eragon11145|glhf\n|j| Evilo42\n|c|\u2606Astro Nation Shoe|glhf\n|inactive|Astro Nation Shoe has 270 seconds left.\n|j| Iceberg77\n|inactive|Astro Nation Shoe has 240 seconds left.\n|\n|t:|1699636844\n|start\n|switch|p1a: Rillaboom|Rillaboom, F|100\/100\n|switch|p1b: Flutter Mane|Flutter Mane|100\/100\n|switch|p2a: Chien-Pao|Chien-Pao|100\/100\n|switch|p2b: Salamence|Salamence, M|100\/100\n|-ability|p2a: Chien-Pao|Sword of Ruin\n|-ability|p2b: Salamence|Intimidate|boost\n|-unboost|p1a: Rillaboom|atk|1\n|-unboost|p1b: Flutter Mane|atk|1\n|-fieldstart|move: Grassy Terrain|[from] ability: Grassy Surge|[of] p1a: Rillaboom\n|turn|1\n|j| nddcd aron\n|inactive|Astro Nation Shoe has 270 seconds left.\n|\n|t:|1699636875\n|switch|p2b: Jirachi|Jirachi|100\/100\n|move|p2a: Chien-Pao|Protect|p2a: Chien-Pao\n|-singleturn|p2a: Chien-Pao|Protect\n|move|p1a: Rillaboom|Fake Out|p2b: Jirachi\n|-resisted|p2b: Jirachi\n|-damage|p2b: Jirachi|96\/100\n|move|p1b: Flutter Mane|Dazzling Gleam|p2b: Jirachi|[spread] p2b\n|-activate|p2a: Chien-Pao|move: Protect\n|-resisted|p2b: Jirachi\n|-damage|p2b: Jirachi|77\/100\n|\n|-heal|p2b: Jirachi|84\/100|[from] Grassy Terrain\n|upkeep\n|turn|2\n|\n|t:|1699636890\n|switch|p1a: Ogerpon|Ogerpon-Hearthflame, F|100\/100\n|-ability|p1a: Ogerpon|Mold Breaker\n|move|p2b: Jirachi|Follow Me|p2b: Jirachi\n|-singleturn|p2b: Jirachi|move: Follow Me\n|move|p2a: Chien-Pao|Icicle Crash|p1b: Flutter Mane\n|-crit|p1b: Flutter Mane\n|-damage|p1b: Flutter Mane|0 fnt\n|faint|p1b: Flutter Mane\n|-end|p1b: Flutter Mane|Protosynthesis|[silent]\n|\n|-heal|p2b: Jirachi|90\/100|[from] Grassy Terrain\n|upkeep\n|j| glimmeraqua\n|\n|t:|1699636899\n|switch|p1b: Charizard|Charizard, F|100\/100\n|turn|3\n|\n|t:|1699636922\n|switch|p2b: Salamence|Salamence, M|100\/100\n|-ability|p2b: Salamence|Intimidate|boost\n|-unboost|p1a: Ogerpon|atk|1\n|-unboost|p1b: Charizard|atk|1\n|detailschange|p1b: Charizard|Charizard-Mega-Y, F\n|-mega|p1b: Charizard|Charizard|Charizardite Y\n|-weather|SunnyDay|[from] ability: Drought|[of] p1b: Charizard\n|move|p2a: Chien-Pao|Icicle Crash|p1b: Charizard\n|-damage|p1b: Charizard|27\/100\n|move|p1a: Ogerpon|Ivy Cudgel|p2b: Salamence\n|-resisted|p2b: Salamence\n|-damage|p2b: Salamence|58\/100\n|move|p1b: Charizard|Tailwind|p1b: Charizard\n|-sidestart|p1: Astro Nation Shoe|move: Tailwind\n|\n|-weather|SunnyDay|[upkeep]\n|upkeep\n|turn|4\n|\n|t:|1699636939\n|detailschange|p2b: Salamence|Salamence-Mega, M\n|-mega|p2b: Salamence|Salamence|Salamencite\n|move|p1a: Ogerpon|Follow Me|p1a: Ogerpon\n|-singleturn|p1a: Ogerpon|move: Follow Me\n|move|p2a: Chien-Pao|Sucker Punch||[still]\n|-fail|p2a: Chien-Pao\n|move|p1b: Charizard|Heat Wave|p2a: Chien-Pao|[spread] p2a,p2b\n|-supereffective|p2a: Chien-Pao\n|-resisted|p2b: Salamence\n|-enditem|p2a: Chien-Pao|Focus Sash\n|-damage|p2a: Chien-Pao|1\/100\n|-damage|p2b: Salamence|28\/100\n|move|p2b: Salamence|Tailwind|p2b: Salamence\n|-sidestart|p2: eragon11145|move: Tailwind\n|\n|-weather|SunnyDay|[upkeep]\n|-heal|p2a: Chien-Pao|7\/100|[from] Grassy Terrain\n|upkeep\n|turn|5\n|\n|t:|1699636956\n|move|p2a: Chien-Pao|Protect|p2a: Chien-Pao\n|-singleturn|p2a: Chien-Pao|Protect\n|move|p1a: Ogerpon|Spiky Shield|p1a: Ogerpon\n|-singleturn|p1a: Ogerpon|move: Protect\n|move|p2b: Salamence|Return|p1a: Ogerpon\n|-activate|p1a: Ogerpon|move: Protect\n|-damage|p2b: Salamence|15\/100|[from] Spiky Shield|[of] p1a: Ogerpon\n|move|p1b: Charizard|Heat Wave|p2b: Salamence|[spread] p2b\n|-activate|p2a: Chien-Pao|move: Protect\n|-resisted|p2b: Salamence\n|-damage|p2b: Salamence|0 fnt\n|faint|p2b: Salamence\n|\n|-weather|SunnyDay|[upkeep]\n|-heal|p2a: Chien-Pao|13\/100|[from] Grassy Terrain\n|-fieldend|move: Grassy Terrain\n|upkeep\n|\n|t:|1699636971\n|switch|p2b: Flutter Mane|Flutter Mane|100\/100\n|-activate|p2b: Flutter Mane|ability: Protosynthesis\n|-start|p2b: Flutter Mane|protosynthesisspe\n|turn|6\n|inactive|Astro Nation Shoe has 270 seconds left.\n|\n|t:|1699637022\n|-terastallize|p2b: Flutter Mane|Fairy\n|move|p2b: Flutter Mane|Dazzling Gleam|p1a: Ogerpon|[spread] p1a,p1b\n|-resisted|p1a: Ogerpon\n|-resisted|p1b: Charizard\n|-damage|p1a: Ogerpon|67\/100\n|-damage|p1b: Charizard|0 fnt\n|faint|p1b: Charizard\n|move|p2a: Chien-Pao|Icicle Crash|p1a: Ogerpon\n|-damage|p1a: Ogerpon|0 fnt\n|faint|p1a: Ogerpon\n|\n|-weather|SunnyDay|[upkeep]\n|-sideend|p1: Astro Nation Shoe|move: Tailwind\n|upkeep\n|\n|t:|1699637035\n|switch|p1a: Marshadow|Marshadow|100\/100\n|switch|p1b: Rillaboom|Rillaboom, F|100\/100\n|-fieldstart|move: Grassy Terrain|[from] ability: Grassy Surge|[of] p1b: Rillaboom\n|turn|7\n|inactive|Astro Nation Shoe has 270 seconds left.\n|\n|t:|1699637068\n|-end|p2b: Flutter Mane|Protosynthesis|[silent]\n|switch|p2b: Rillaboom|Rillaboom, F|100\/100\n|move|p2a: Chien-Pao|Protect|p2a: Chien-Pao\n|-singleturn|p2a: Chien-Pao|Protect\n|move|p1b: Rillaboom|Fake Out|p2b: Rillaboom\n|-damage|p2b: Rillaboom|82\/100\n|move|p1a: Marshadow|Shadow Sneak|p2a: Chien-Pao\n|-activate|p2a: Chien-Pao|move: Protect\n|\n|-weather|none\n|-heal|p2a: Chien-Pao|19\/100|[from] Grassy Terrain\n|-heal|p2b: Rillaboom|88\/100|[from] Grassy Terrain\n|-sideend|p2: eragon11145|move: Tailwind\n|upkeep\n|turn|8\n|l| glimmeraqua\n|\n|t:|1699637083\n|move|p1a: Marshadow|Protect|p1a: Marshadow\n|-singleturn|p1a: Marshadow|Protect\n|move|p2a: Chien-Pao|Ice Shard|p1b: Rillaboom\n|-supereffective|p1b: Rillaboom\n|-damage|p1b: Rillaboom|54\/100\n|move|p2b: Rillaboom|Grassy Glide|p1a: Marshadow\n|-activate|p1a: Marshadow|move: Protect\n|move|p1b: Rillaboom|Grassy Glide|p2a: Chien-Pao\n|-damage|p2a: Chien-Pao|0 fnt\n|faint|p2a: Chien-Pao\n|\n|-heal|p2b: Rillaboom|94\/100|[from] Grassy Terrain\n|-heal|p1b: Rillaboom|60\/100|[from] Grassy Terrain\n|upkeep\n|\n|t:|1699637096\n|switch|p2a: Zygarde|Zygarde|100\/100\n|-ability|p2a: Zygarde|Aura Break\n|turn|9\n|inactive|Astro Nation Shoe has 270 seconds left.\n|\n|t:|1699637127\n|switch|p1a: Tornadus|Tornadus, M|100\/100\n|move|p2b: Rillaboom|Grassy Glide|p1a: Tornadus\n|-resisted|p1a: Tornadus\n|-damage|p1a: Tornadus|58\/100\n|move|p2a: Zygarde|Thousand Arrows|p1b: Rillaboom|[spread] p1a,p1b\n|-resisted|p1b: Rillaboom\n|-damage|p1a: Tornadus|18\/100\n|-damage|p1b: Rillaboom|48\/100\n|-start|p1a: Tornadus|Smack Down\n|move|p1b: Rillaboom|Wood Hammer|p2a: Zygarde\n|-damage|p2a: Zygarde|50\/100\n|-damage|p1b: Rillaboom|30\/100|[from] Recoil\n|\n|-heal|p1a: Tornadus|24\/100|[from] Grassy Terrain\n|-heal|p2b: Rillaboom|99\/100|[from] Grassy Terrain\n|-heal|p2a: Zygarde|56\/100|[from] Grassy Terrain\n|-heal|p1b: Rillaboom|36\/100|[from] Grassy Terrain\n|upkeep\n|turn|10\n|j| glimmeraqua\n|inactive|Astro Nation Shoe has 270 seconds left.\n|\n|t:|1699637155\n|move|p2a: Zygarde|Extreme Speed|p1a: Tornadus\n|-damage|p1a: Tornadus|0 fnt\n|faint|p1a: Tornadus\n|move|p2b: Rillaboom|Grassy Glide|p1b: Rillaboom\n|-resisted|p1b: Rillaboom\n|-damage|p1b: Rillaboom|12\/100\n|move|p1b: Rillaboom|Wood Hammer|p2a: Zygarde\n|-damage|p2a: Zygarde|3\/100\n|-damage|p1b: Rillaboom|0 fnt|[from] Recoil\n|faint|p1b: Rillaboom\n|\n|-heal|p2b: Rillaboom|100\/100|[from] Grassy Terrain\n|-heal|p2a: Zygarde|10\/100|[from] Grassy Terrain\n|upkeep\n|\n|t:|1699637162\n|switch|p1b: Marshadow|Marshadow|100\/100\n|turn|11\n|\n|t:|1699637167\n|move|p2b: Rillaboom|Grassy Glide|p1b: Marshadow\n|-damage|p1b: Marshadow|31\/100\n|-zpower|p1b: Marshadow\n|move|p1b: Marshadow|Soul-Stealing 7-Star Strike|p2b: Rillaboom|[zeffect]\n|-damage|p2b: Rillaboom|0 fnt\n|faint|p2b: Rillaboom\n|move|p2a: Zygarde|Thousand Arrows|p1b: Marshadow\n|-damage|p1b: Marshadow|0 fnt\n|faint|p1b: Marshadow\n|\n|win|eragon11145\n|c|\u2606Astro Nation Shoe|gg\n|c|\u2606eragon11145|ggs\n|c|\u2606Astro Nation Shoe|i didnt think that was banded\n|c|\u2606Astro Nation Shoe|damn\n|c|\u2606Astro Nation Shoe|gg\n|l| Evilo42\n|c|\u2606eragon11145|ye\n|c|\u2606eragon11145|team dump soon\n|l| Iceberg77\n|c|\u2606Astro Nation Shoe|bet\n|c|\u2606Astro Nation Shoe|want me meta team?\n|c|\u2606eragon11145|sure that would be fun\n|j| TornSux\n","uploadtime":1699637275,"views":106,"p1id":"astronationshoe","p2id":"eragon11145","formatid":"gen9nationaldexdoubles","rating":0,"private":0,"password":""}