{"id":"gen9nationaldexdoubles-1982518862","p1":"Obsidrugon","p2":"610752hisui","format":"[Gen 9] National Dex Doubles","log":"|j|\u2606Obsidrugon\n|j|\u2606610752hisui\n|t:|1699022237\n|gametype|doubles\n|player|p1|Obsidrugon|1|1196\n|player|p2|610752hisui|lyra|1190\n|teamsize|p1|6\n|teamsize|p2|6\n|gen|9\n|tier|[Gen 9] National Dex Doubles\n|rated|\n|rule|HP Percentage Mod: HP is shown in percentages\n|rule|Endless Battle Clause: Forcing endless battles is banned\n|rule|OHKO Clause: OHKO moves are banned\n|rule|Evasion Moves Clause: Evasion moves are banned\n|rule|Evasion Abilities Clause: Evasion abilities are banned\n|rule|Species Clause: Limit one of each Pok\u00e9mon\n|rule|Gravity Sleep Clause: The combination of sleep-inducing moves with imperfect accuracy and Gravity or Gigantamax Orbeetle are banned\n|clearpoke\n|poke|p1|Indeedee, M|\n|poke|p1|Oricorio-Pom-Pom, M|\n|poke|p1|Alakazam, F|\n|poke|p1|Iron Moth|\n|poke|p1|Vivillon-Monsoon, M|\n|poke|p1|Kingambit, F|\n|poke|p2|Cresselia, F|\n|poke|p2|Ursaluna, M|\n|poke|p2|Porygon2|\n|poke|p2|Mawile, F|\n|poke|p2|Baxcalibur, M|\n|poke|p2|Incineroar, F|\n|teampreview\n|c|\u2606Obsidrugon|glhf\n|\n|t:|1699022250\n|start\n|switch|p1a: Oricorio|Oricorio-Pom-Pom, M|100\/100\n|switch|p1b: Iron Moth|Iron Moth|100\/100\n|switch|p2a: Cresselia|Cresselia, F|100\/100\n|switch|p2b: Incineroar|Incineroar, F|100\/100\n|-ability|p2b: Incineroar|Intimidate|boost\n|-unboost|p1a: Oricorio|atk|1\n|-unboost|p1b: Iron Moth|atk|1\n|-enditem|p1b: Iron Moth|Booster Energy\n|-activate|p1b: Iron Moth|ability: Quark Drive|[fromitem]\n|-start|p1b: Iron Moth|quarkdrivespe\n|turn|1\n|\n|t:|1699022273\n|move|p2b: Incineroar|Fake Out|p1b: Iron Moth\n|-damage|p1b: Iron Moth|85\/100\n|cant|p1b: Iron Moth|flinch\n|move|p1a: Oricorio|Quiver Dance|p1a: Oricorio\n|-boost|p1a: Oricorio|spa|1\n|-boost|p1a: Oricorio|spd|1\n|-boost|p1a: Oricorio|spe|1\n|move|p2a: Cresselia|Trick Room|p2a: Cresselia\n|-fieldstart|move: Trick Room|[of] p2a: Cresselia\n|\n|upkeep\n|turn|2\n|\n|t:|1699022311\n|switch|p2a: Ursaluna|Ursaluna, M|100\/100\n|-terastallize|p1a: Oricorio|Electric\n|move|p2b: Incineroar|Parting Shot|p1a: Oricorio\n|-unboost|p1a: Oricorio|atk|1\n|-unboost|p1a: Oricorio|spa|1\n|\n|t:|1699022326\n|switch|p2b: Porygon2|Porygon2|100\/100|[from] Parting Shot\n|-ability|p2b: Porygon2|Download|boost\n|-boost|p2b: Porygon2|atk|1\n|move|p1a: Oricorio|Revelation Dance|p2b: Porygon2\n|-damage|p2b: Porygon2|69\/100\n|move|p1b: Iron Moth|Fiery Dance|p2a: Ursaluna\n|-damage|p2a: Ursaluna|59\/100\n|-activate|p1a: Oricorio|ability: Dancer\n|move|p1a: Oricorio|Fiery Dance|p2a: Ursaluna|[from]ability: Dancer\n|-damage|p2a: Ursaluna|35\/100\n|-boost|p1a: Oricorio|spa|1\n|\n|-status|p2a: Ursaluna|brn|[from] item: Flame Orb\n|upkeep\n|turn|3\n|\n|t:|1699022354\n|move|p2a: Ursaluna|Facade|p1a: Oricorio\n|-enditem|p1a: Oricorio|Focus Sash\n|-damage|p1a: Oricorio|1\/100\n|move|p2b: Porygon2|Recover|p2b: Porygon2\n|-heal|p2b: Porygon2|100\/100\n|move|p1a: Oricorio|Revelation Dance|p2b: Porygon2\n|-damage|p2b: Porygon2|53\/100\n|move|p1b: Iron Moth|Fiery Dance|p2a: Ursaluna\n|-damage|p2a: Ursaluna|0 fnt\n|-boost|p1b: Iron Moth|spa|1\n|faint|p2a: Ursaluna\n|-activate|p1a: Oricorio|ability: Dancer\n|move|p1a: Oricorio|Fiery Dance|p2b: Porygon2|[from]ability: Dancer\n|-damage|p2b: Porygon2|33\/100\n|\n|upkeep\n|\n|t:|1699022376\n|switch|p2a: Incineroar|Incineroar, F|100\/100\n|-ability|p2a: Incineroar|Intimidate|boost\n|-unboost|p1a: Oricorio|atk|1\n|-unboost|p1b: Iron Moth|atk|1\n|turn|4\n|\n|t:|1699022388\n|move|p1a: Oricorio|Protect|p1a: Oricorio\n|-singleturn|p1a: Oricorio|Protect\n|move|p2a: Incineroar|Fake Out|p1a: Oricorio\n|-activate|p1a: Oricorio|move: Protect\n|move|p2b: Porygon2|Recover|p2b: Porygon2\n|-heal|p2b: Porygon2|83\/100\n|move|p1b: Iron Moth|Fiery Dance|p2b: Porygon2\n|-damage|p2b: Porygon2|54\/100\n|-boost|p1b: Iron Moth|spa|1\n|-activate|p1a: Oricorio|ability: Dancer\n|move|p1a: Oricorio|Fiery Dance|p2b: Porygon2|[from]ability: Dancer\n|-damage|p2b: Porygon2|34\/100\n|\n|upkeep\n|turn|5\n|\n|t:|1699022411\n|move|p1a: Oricorio|Protect|p1a: Oricorio\n|-singleturn|p1a: Oricorio|Protect\n|move|p2b: Porygon2|Recover|p2b: Porygon2\n|-heal|p2b: Porygon2|84\/100\n|move|p2a: Incineroar|Snarl|p1a: Oricorio|[spread] p1b\n|-activate|p1a: Oricorio|move: Protect\n|-damage|p1b: Iron Moth|73\/100\n|-unboost|p1b: Iron Moth|spa|1\n|move|p1b: Iron Moth|Fiery Dance|p2b: Porygon2\n|-damage|p2b: Porygon2|50\/100\n|-activate|p1a: Oricorio|ability: Dancer\n|move|p1a: Oricorio|Fiery Dance|p2b: Porygon2|[from]ability: Dancer\n|-damage|p2b: Porygon2|31\/100\n|-boost|p1a: Oricorio|spa|1\n|\n|-fieldend|move: Trick Room\n|upkeep\n|turn|6\n|\n|t:|1699022446\n|move|p1b: Iron Moth|Fiery Dance|p2b: Porygon2\n|-damage|p2b: Porygon2|0 fnt\n|faint|p2b: Porygon2\n|-activate|p1a: Oricorio|ability: Dancer\n|move|p1a: Oricorio|Fiery Dance|p2a: Incineroar|[from]ability: Dancer\n|-resisted|p2a: Incineroar\n|-damage|p2a: Incineroar|80\/100\n|move|p1a: Oricorio|Revelation Dance|p2a: Incineroar\n|-damage|p2a: Incineroar|0 fnt\n|faint|p2a: Incineroar\n|\n|upkeep\n|-message|610752hisui forfeited.\n|\n|win|Obsidrugon\n|raw|Obsidrugon's rating: 1196 &rarr; <strong>1221<\/strong><br \/>(+25 for winning)\n|raw|610752hisui's rating: 1190 &rarr; <strong>1165<\/strong><br \/>(-25 for losing)\n|l|\u2606610752hisui\n","uploadtime":1699022468,"views":8,"p1id":"obsidrugon","p2id":"610752hisui","formatid":"gen9nationaldexdoubles","rating":1165,"private":0,"password":""}