{"id":"gen9nationaldexdoubles-1957375133","p1":"DaBoi511","p2":"MirzaMirza","format":"[Gen 9] National Dex Doubles","log":"|j|\u2606DaBoi511\n|j|\u2606MirzaMirza\n|t:|1696213790\n|gametype|doubles\n|player|p1|DaBoi511|wallace|1295\n|player|p2|MirzaMirza|2|1415\n|teamsize|p1|6\n|teamsize|p2|6\n|gen|9\n|tier|[Gen 9] National Dex Doubles\n|rated|\n|rule|HP Percentage Mod: HP is shown in percentages\n|rule|Endless Battle Clause: Forcing endless battles is banned\n|rule|OHKO Clause: OHKO moves are banned\n|rule|Evasion Moves Clause: Evasion moves are banned\n|rule|Evasion Abilities Clause: Evasion abilities are banned\n|rule|Species Clause: Limit one of each Pok\u00e9mon\n|rule|Gravity Sleep Clause: The combination of sleep-inducing moves with imperfect accuracy and Gravity or Gigantamax Orbeetle are banned\n|clearpoke\n|poke|p1|Eevee, M|\n|poke|p1|Ninetales-Alola, M|\n|poke|p1|Ursaluna, F|\n|poke|p1|Landorus-Therian, M|\n|poke|p1|Dragonite, M|\n|poke|p1|Tinkaton, F|\n|poke|p2|Volcarona, F|\n|poke|p2|Smeargle, M|\n|poke|p2|Tapu Lele|\n|poke|p2|Tapu Fini|\n|poke|p2|Suicune|\n|poke|p2|Chien-Pao|\n|teampreview\n|inactive|Battle timer is ON: inactive players will automatically lose when time's up. (requested by MirzaMirza)\n|\n|t:|1696213807\n|start\n|switch|p1a: Tinkaton|Tinkaton, F|100\/100\n|switch|p1b: Landorus|Landorus-Therian, M|100\/100\n|switch|p2a: Miami Terror|Volcarona, F|100\/100\n|switch|p2b: Bobby Lee|Smeargle, M|100\/100\n|-ability|p1a: Tinkaton|Mold Breaker\n|-item|p1a: Tinkaton|Air Balloon\n|-ability|p1b: Landorus|Intimidate|boost\n|-unboost|p2a: Miami Terror|atk|1\n|-unboost|p2b: Bobby Lee|atk|1\n|turn|1\n|\n|t:|1696213825\n|-terastallize|p2b: Bobby Lee|Ghost\n|move|p1a: Tinkaton|Fake Out|p2b: Bobby Lee\n|-immune|p2b: Bobby Lee\n|move|p2b: Bobby Lee|Spore|p1b: Landorus\n|-activate|p1b: Landorus|item: Safety Goggles|Spore\n|move|p2a: Miami Terror|Quiver Dance|p2a: Miami Terror\n|-boost|p2a: Miami Terror|spa|1\n|-boost|p2a: Miami Terror|spd|1\n|-boost|p2a: Miami Terror|spe|1\n|move|p1b: Landorus|Earthquake|p2a: Miami Terror|[spread] p2a,p2b\n|-immune|p1a: Tinkaton\n|-damage|p2a: Miami Terror|60\/100\n|-enditem|p2b: Bobby Lee|Focus Sash\n|-damage|p2b: Bobby Lee|1\/100\n|\n|-heal|p2a: Miami Terror|67\/100|[from] item: Leftovers\n|-ability|p2b: Bobby Lee|Moody|boost\n|-boost|p2b: Bobby Lee|def|2\n|-unboost|p2b: Bobby Lee|spa|1\n|upkeep\n|turn|2\n|\n|t:|1696213845\n|move|p2b: Bobby Lee|Wide Guard|p2b: Bobby Lee\n|-singleturn|p2b: Bobby Lee|Wide Guard\n|move|p2a: Miami Terror|Quiver Dance|p2a: Miami Terror\n|-boost|p2a: Miami Terror|spa|1\n|-boost|p2a: Miami Terror|spd|1\n|-boost|p2a: Miami Terror|spe|1\n|move|p1a: Tinkaton|Gigaton Hammer|p2a: Miami Terror\n|-resisted|p2a: Miami Terror\n|-damage|p2a: Miami Terror|47\/100\n|move|p1b: Landorus|Rock Slide|p2b: Bobby Lee|[spread] \n|-activate|p2a: Miami Terror|move: Wide Guard\n|-activate|p2b: Bobby Lee|move: Wide Guard\n|\n|-heal|p2a: Miami Terror|53\/100|[from] item: Leftovers\n|-ability|p2b: Bobby Lee|Moody|boost\n|-boost|p2b: Bobby Lee|spe|2\n|-unboost|p2b: Bobby Lee|spd|1\n|upkeep\n|turn|3\n|\n|t:|1696213862\n|move|p2b: Bobby Lee|Wide Guard|p2b: Bobby Lee\n|-singleturn|p2b: Bobby Lee|Wide Guard\n|move|p2a: Miami Terror|Heat Wave|p1a: Tinkaton|[spread] p1a,p1b\n|-supereffective|p1a: Tinkaton\n|-damage|p1a: Tinkaton|7\/100\n|-damage|p1b: Landorus|37\/100\n|-enditem|p1a: Tinkaton|Air Balloon\n|move|p1a: Tinkaton|Thunder Wave|p2a: Miami Terror\n|-status|p2a: Miami Terror|par\n|move|p1b: Landorus|Knock Off|p2a: Miami Terror\n|-damage|p2a: Miami Terror|21\/100 par\n|-status|p1b: Landorus|brn|[from] ability: Flame Body|[of] p2a: Miami Terror\n|-enditem|p2a: Miami Terror|Leftovers|[from] move: Knock Off|[of] p1b: Landorus\n|\n|-damage|p1b: Landorus|31\/100 brn|[from] brn\n|-ability|p2b: Bobby Lee|Moody|boost\n|-boost|p2b: Bobby Lee|def|2\n|-unboost|p2b: Bobby Lee|spd|1\n|upkeep\n|turn|4\n|\n|t:|1696213886\n|move|p2b: Bobby Lee|Wide Guard|p2b: Bobby Lee\n|-singleturn|p2b: Bobby Lee|Wide Guard\n|move|p2a: Miami Terror|Heat Wave|p1b: Landorus|[spread] p1a\n|-miss|p2a: Miami Terror|p1b: Landorus\n|-supereffective|p1a: Tinkaton\n|-damage|p1a: Tinkaton|0 fnt\n|faint|p1a: Tinkaton\n|move|p1b: Landorus|Knock Off|p2a: Miami Terror\n|-damage|p2a: Miami Terror|9\/100 par\n|\n|-damage|p1b: Landorus|25\/100 brn|[from] brn\n|-ability|p2b: Bobby Lee|Moody|boost\n|-boost|p2b: Bobby Lee|spe|2\n|-unboost|p2b: Bobby Lee|atk|1\n|upkeep\n|\n|t:|1696213898\n|switch|p1a: Dragonite|Dragonite, M|100\/100\n|turn|5\n|\n|t:|1696213906\n|cant|p2a: Miami Terror|par\n|move|p1a: Dragonite|Extreme Speed|p2a: Miami Terror\n|-damage|p2a: Miami Terror|0 fnt\n|faint|p2a: Miami Terror\n|move|p2b: Bobby Lee|Spore|p1a: Dragonite\n|-status|p1a: Dragonite|slp|[from] move: Spore\n|move|p1b: Landorus|Bulk Up|p1b: Landorus\n|-boost|p1b: Landorus|atk|1\n|-boost|p1b: Landorus|def|1\n|\n|-damage|p1b: Landorus|19\/100 brn|[from] brn\n|-ability|p2b: Bobby Lee|Moody|boost\n|-boost|p2b: Bobby Lee|atk|2\n|-unboost|p2b: Bobby Lee|spa|1\n|upkeep\n|\n|t:|1696213923\n|switch|p2a: Phoebe|Tapu Lele|100\/100\n|-fieldstart|move: Psychic Terrain|[from] ability: Psychic Surge|[of] p2a: Phoebe\n|turn|6\n|\n|t:|1696213939\n|switch|p2b: Mi-Aow|Chien-Pao|100\/100\n|-ability|p2b: Mi-Aow|Sword of Ruin\n|cant|p1a: Dragonite|slp\n|move|p2a: Phoebe|Dazzling Gleam|p1a: Dragonite|[spread] p1a,p1b\n|-supereffective|p1a: Dragonite\n|-damage|p1a: Dragonite|74\/100 slp\n|-damage|p1b: Landorus|0 fnt\n|faint|p1b: Landorus\n|\n|-heal|p1a: Dragonite|80\/100 slp|[from] item: Leftovers\n|upkeep\n|\n|t:|1696213950\n|switch|p1b: Ninetales|Ninetales-Alola, M|100\/100\n|-weather|Snow|[from] ability: Snow Warning|[of] p1b: Ninetales\n|turn|7\n|\n|t:|1696213963\n|-terastallize|p1a: Dragonite|Normal\n|move|p2b: Mi-Aow|Ice Spinner|p1a: Dragonite\n|-damage|p1a: Dragonite|21\/100 slp\n|-fieldend|move: Psychic Terrain\n|-curestatus|p1a: Dragonite|slp|[msg]\n|move|p1a: Dragonite|Dragon Dance|p1a: Dragonite\n|-boost|p1a: Dragonite|atk|1\n|-boost|p1a: Dragonite|spe|1\n|move|p1b: Ninetales|Aurora Veil|p1b: Ninetales\n|-sidestart|p1: DaBoi511|move: Aurora Veil\n|move|p2a: Phoebe|Psychic|p1b: Ninetales\n|-damage|p1b: Ninetales|80\/100\n|\n|-weather|Snow|[upkeep]\n|-heal|p1a: Dragonite|27\/100|[from] item: Leftovers\n|upkeep\n|turn|8\n|\n|t:|1696213981\n|switch|p2a: Bobby Lee|Smeargle, M, tera:Ghost|1\/100\n|move|p2b: Mi-Aow|Protect|p2b: Mi-Aow\n|-singleturn|p2b: Mi-Aow|Protect\n|move|p1a: Dragonite|Extreme Speed|p2a: Bobby Lee\n|-immune|p2a: Bobby Lee\n|move|p1b: Ninetales|Icy Wind|p2a: Bobby Lee|[spread] p2a\n|-activate|p2b: Mi-Aow|move: Protect\n|-damage|p2a: Bobby Lee|0 fnt\n|faint|p2a: Bobby Lee\n|\n|-weather|Snow|[upkeep]\n|-heal|p1a: Dragonite|34\/100|[from] item: Leftovers\n|upkeep\n|\n|t:|1696213994\n|switch|p2a: Phoebe|Tapu Lele|100\/100\n|-fieldstart|move: Psychic Terrain|[from] ability: Psychic Surge|[of] p2a: Phoebe\n|turn|9\n|\n|t:|1696214002\n|move|p2b: Mi-Aow|Sacred Sword|p1a: Dragonite\n|-supereffective|p1a: Dragonite\n|-damage|p1a: Dragonite|0 fnt\n|faint|p1a: Dragonite\n|move|p1b: Ninetales|Icy Wind|p2a: Phoebe|[spread] p2a,p2b\n|-resisted|p2b: Mi-Aow\n|-damage|p2a: Phoebe|90\/100\n|-damage|p2b: Mi-Aow|91\/100\n|-unboost|p2a: Phoebe|spe|1\n|-unboost|p2b: Mi-Aow|spe|1\n|move|p2a: Phoebe|Psychic|p1b: Ninetales\n|-damage|p1b: Ninetales|52\/100\n|\n|-weather|Snow|[upkeep]\n|upkeep\n|\n|t:|1696214014\n|switch|p1a: Eevee|Eevee, M|100\/100\n|turn|10\n|\n|t:|1696214025\n|move|p1a: Eevee|Detect|p1a: Eevee\n|-singleturn|p1a: Eevee|Protect\n|move|p2b: Mi-Aow|Sacred Sword|p1b: Ninetales\n|-damage|p1b: Ninetales|34\/100\n|move|p1b: Ninetales|Icy Wind|p2b: Mi-Aow|[spread] p2a,p2b\n|-resisted|p2b: Mi-Aow\n|-damage|p2a: Phoebe|79\/100\n|-damage|p2b: Mi-Aow|81\/100\n|-unboost|p2a: Phoebe|spe|1\n|-unboost|p2b: Mi-Aow|spe|1\n|move|p2a: Phoebe|Psychic|p1b: Ninetales\n|-damage|p1b: Ninetales|7\/100\n|-unboost|p1b: Ninetales|spd|1\n|\n|-weather|Snow|[upkeep]\n|upkeep\n|turn|11\n|\n|t:|1696214043\n|switch|p2b: Lana|Tapu Fini|100\/100\n|-fieldstart|move: Misty Terrain|[from] ability: Misty Surge|[of] p2b: Lana\n|move|p1b: Ninetales|Draining Kiss|p2b: Lana\n|-damage|p2b: Lana|89\/100\n|-heal|p1b: Ninetales|16\/100|[from] drain|[of] p2b: Lana\n|-zpower|p1a: Eevee\n|move|p1a: Eevee|Extreme Evoboost|p1a: Eevee\n|-boost|p1a: Eevee|atk|2\n|-boost|p1a: Eevee|def|2\n|-boost|p1a: Eevee|spa|2\n|-boost|p1a: Eevee|spd|2\n|-boost|p1a: Eevee|spe|2\n|move|p2a: Phoebe|Dazzling Gleam|p1a: Eevee|[spread] p1a,p1b\n|-damage|p1a: Eevee|88\/100\n|-damage|p1b: Ninetales|0 fnt\n|faint|p1b: Ninetales\n|\n|-weather|none\n|-sideend|p1: DaBoi511|move: Aurora Veil\n|upkeep\n|\n|t:|1696214060\n|switch|p1b: Ursaluna|Ursaluna, F|100\/100\n|turn|12\n|\n|t:|1696214078\n|move|p1a: Eevee|Retaliate|p2a: Phoebe\n|-damage|p2a: Phoebe|25\/100\n|-enditem|p2a: Phoebe|Wiki Berry|[eat]\n|-heal|p2a: Phoebe|58\/100|[from] item: Wiki Berry\n|move|p2b: Lana|Psych Up|p1a: Eevee\n|-copyboost|p2b: Lana|p1a: Eevee|[from] move: Psych Up\n|move|p1b: Ursaluna|Facade|p2b: Lana\n|-damage|p2b: Lana|74\/100\n|move|p2a: Phoebe|Psych Up|p1a: Eevee\n|-copyboost|p2a: Phoebe|p1a: Eevee|[from] move: Psych Up\n|\n|upkeep\n|turn|13\n|\n|t:|1696214095\n|move|p2a: Phoebe|Protect|p2a: Phoebe\n|-singleturn|p2a: Phoebe|Protect\n|move|p2b: Lana|Muddy Water|p1b: Ursaluna|[spread] p1a,p1b\n|-supereffective|p1b: Ursaluna\n|-damage|p1a: Eevee|53\/100\n|-damage|p1b: Ursaluna|10\/100\n|-unboost|p1b: Ursaluna|accuracy|1\n|move|p1a: Eevee|Retaliate|p2b: Lana\n|-damage|p2b: Lana|64\/100\n|move|p1b: Ursaluna|Facade|p2b: Lana\n|-damage|p2b: Lana|48\/100\n|\n|upkeep\n|turn|14\n|\n|t:|1696214108\n|move|p2a: Phoebe|Psychic|p1a: Eevee\n|-damage|p1a: Eevee|0 fnt\n|faint|p1a: Eevee\n|move|p2b: Lana|Dazzling Gleam|p1b: Ursaluna\n|-damage|p1b: Ursaluna|0 fnt\n|faint|p1b: Ursaluna\n|\n|win|MirzaMirza\n|raw|DaBoi511's rating: 1295 &rarr; <strong>1278<\/strong><br \/>(-17 for losing)\n|raw|MirzaMirza's rating: 1415 &rarr; <strong>1428<\/strong><br \/>(+13 for winning)\n|l|\u2606DaBoi511\n","uploadtime":1696214118,"views":6,"p1id":"daboi511","p2id":"mirzamirza","formatid":"gen9nationaldexdoubles","rating":1278,"private":0,"password":""}