{"id":"gen9nationaldexdoubles-1988016757","p1":"DoomedTaurus","p2":"Holfrost","format":"[Gen 9] National Dex Doubles","log":"|j|\u2606DoomedTaurus\n|j|\u2606Holfrost\n|t:|1699659538\n|gametype|doubles\n|player|p1|DoomedTaurus|steven|\n|player|p2|Holfrost|byron|\n|teamsize|p1|6\n|teamsize|p2|6\n|gen|9\n|tier|[Gen 9] National Dex Doubles\n|rule|HP Percentage Mod: HP is shown in percentages\n|rule|Endless Battle Clause: Forcing endless battles is banned\n|rule|OHKO Clause: OHKO moves are banned\n|rule|Evasion Moves Clause: Evasion moves are banned\n|rule|Evasion Abilities Clause: Evasion abilities are banned\n|rule|Species Clause: Limit one of each Pok\u00e9mon\n|rule|Gravity Sleep Clause: The combination of sleep-inducing moves with imperfect accuracy and Gravity or Gigantamax Orbeetle are banned\n|clearpoke\n|poke|p1|Keldeo-Resolute|\n|poke|p1|Gyarados, M|\n|poke|p1|Cloyster, M|\n|poke|p1|Ludicolo, M|\n|poke|p1|Slowking, M|\n|poke|p1|Wailord, F|\n|poke|p2|Aggron, F|\n|poke|p2|Corviknight, F|\n|poke|p2|Magnezone|\n|poke|p2|Metagross|\n|poke|p2|Perrserker, F|\n|poke|p2|Steelix, F|\n|teampreview\n|\n|t:|1699659559\n|start\n|switch|p1a: Ludicolo|Ludicolo, M|100\/100\n|switch|p1b: Slowking|Slowking, M|100\/100\n|switch|p2a: Steelix|Steelix, F|100\/100\n|switch|p2b: Magnezone|Magnezone|100\/100\n|turn|1\n|\n|t:|1699659582\n|move|p1a: Ludicolo|Rain Dance|p1a: Ludicolo\n|-weather|RainDance\n|move|p2b: Magnezone|Thunderbolt|p1b: Slowking\n|-supereffective|p1b: Slowking\n|-damage|p1b: Slowking|0 fnt\n|faint|p1b: Slowking\n|move|p2a: Steelix|Stealth Rock|p1a: Ludicolo\n|-sidestart|p1: DoomedTaurus|move: Stealth Rock\n|\n|-weather|RainDance|[upkeep]\n|upkeep\n|\n|t:|1699659591\n|switch|p1b: Keldeo|Keldeo-Resolute|100\/100\n|-damage|p1b: Keldeo|94\/100|[from] Stealth Rock\n|turn|2\n|\n|t:|1699659615\n|-terastallize|p1b: Keldeo|Steel\n|move|p1a: Ludicolo|Ice Beam|p2b: Magnezone\n|-resisted|p2b: Magnezone\n|-damage|p2b: Magnezone|86\/100\n|move|p1b: Keldeo|Secret Sword|p2b: Magnezone\n|-supereffective|p2b: Magnezone\n|-damage|p2b: Magnezone|0 fnt\n|faint|p2b: Magnezone\n|move|p2a: Steelix|Earthquake|p1b: Keldeo|[spread] p1a,p1b\n|-resisted|p1a: Ludicolo\n|-supereffective|p1b: Keldeo\n|-damage|p1a: Ludicolo|82\/100\n|-damage|p1b: Keldeo|45\/100\n|\n|-weather|RainDance|[upkeep]\n|upkeep\n|\n|t:|1699659630\n|switch|p2b: Aggron|Aggron, F|100\/100\n|turn|3\n|\n|t:|1699659651\n|detailschange|p2b: Aggron|Aggron-Mega, F\n|-mega|p2b: Aggron|Aggron|Aggronite\n|move|p1a: Ludicolo|Giga Drain|p2a: Steelix\n|-damage|p2a: Steelix|62\/100\n|-heal|p1a: Ludicolo|100\/100|[from] drain|[of] p2a: Steelix\n|move|p1b: Keldeo|Secret Sword|p2b: Aggron\n|-supereffective|p2b: Aggron\n|-damage|p2b: Aggron|55\/100\n|move|p2b: Aggron|Heavy Slam|p1b: Keldeo\n|-resisted|p1b: Keldeo\n|-damage|p1b: Keldeo|12\/100\n|move|p2a: Steelix|Heavy Slam|p1b: Keldeo\n|-resisted|p1b: Keldeo\n|-damage|p1b: Keldeo|0 fnt\n|faint|p1b: Keldeo\n|\n|-weather|RainDance|[upkeep]\n|-heal|p2a: Steelix|68\/100|[from] item: Leftovers\n|upkeep\n|\n|t:|1699659685\n|switch|p1b: Gyarados|Gyarados, M|100\/100\n|-damage|p1b: Gyarados|76\/100|[from] Stealth Rock\n|turn|4\n|\n|t:|1699659703\n|detailschange|p1b: Gyarados|Gyarados-Mega, M\n|-mega|p1b: Gyarados|Gyarados|Gyaradosite\n|-ability|p1b: Gyarados|Mold Breaker\n|move|p1a: Ludicolo|Hydro Pump|p2b: Aggron\n|-damage|p2b: Aggron|0 fnt\n|faint|p2b: Aggron\n|move|p1b: Gyarados|Bounce||[still]\n|-prepare|p1b: Gyarados|Bounce\n|move|p2a: Steelix|Toxic|p1b: Gyarados|[miss]\n|-miss|p2a: Steelix|p1b: Gyarados\n|\n|-weather|RainDance|[upkeep]\n|-heal|p2a: Steelix|75\/100|[from] item: Leftovers\n|upkeep\n|\n|t:|1699659719\n|switch|p2b: Metagross|Metagross|100\/100\n|turn|5\n|\n|t:|1699659741\n|-terastallize|p2b: Metagross|Steel\n|move|p1a: Ludicolo|Ice Beam|p2b: Metagross\n|-resisted|p2b: Metagross\n|-damage|p2b: Metagross|85\/100\n|move|p1b: Gyarados|Bounce|p2b: Metagross|[from]lockedmove\n|-resisted|p2b: Metagross\n|-damage|p2b: Metagross|70\/100\n|move|p2b: Metagross|Meteor Mash|p1a: Ludicolo|[miss]\n|-miss|p2b: Metagross|p1a: Ludicolo\n|move|p2a: Steelix|Earthquake|p1b: Gyarados|[spread] p2b,p1a,p1b\n|-supereffective|p2b: Metagross\n|-resisted|p1a: Ludicolo\n|-damage|p2b: Metagross|31\/100\n|-damage|p1a: Ludicolo|82\/100\n|-damage|p1b: Gyarados|54\/100\n|\n|-weather|RainDance|[upkeep]\n|-heal|p2a: Steelix|81\/100|[from] item: Leftovers\n|upkeep\n|turn|6\n|\n|t:|1699659768\n|move|p1a: Ludicolo|Hydro Pump|p2b: Metagross\n|-damage|p2b: Metagross|0 fnt\n|faint|p2b: Metagross\n|move|p1b: Gyarados|Waterfall|p2a: Steelix\n|-supereffective|p2a: Steelix\n|-damage|p2a: Steelix|1\/100\n|move|p2a: Steelix|Toxic|p1b: Gyarados\n|-status|p1b: Gyarados|tox\n|\n|-weather|RainDance|[upkeep]\n|-heal|p2a: Steelix|7\/100|[from] item: Leftovers\n|-damage|p1b: Gyarados|48\/100 tox|[from] psn\n|upkeep\n|\n|t:|1699659786\n|switch|p2b: Corviknight|Corviknight, F|100\/100\n|-ability|p2b: Corviknight|Pressure\n|turn|7\n|\n|t:|1699659801\n|move|p1a: Ludicolo|Ice Beam|p2b: Corviknight\n|-damage|p2b: Corviknight|76\/100\n|-status|p2b: Corviknight|frz\n|move|p1b: Gyarados|Waterfall|p2a: Steelix\n|-supereffective|p2a: Steelix\n|-damage|p2a: Steelix|0 fnt\n|faint|p2a: Steelix\n|cant|p2b: Corviknight|frz\n|\n|-weather|RainDance|[upkeep]\n|-damage|p1b: Gyarados|36\/100 tox|[from] psn\n|upkeep\n|\n|t:|1699659812\n|switch|p2a: Perrserker|Perrserker, F|100\/100\n|turn|8\n|\n|t:|1699659824\n|move|p1a: Ludicolo|Hydro Pump|p2a: Perrserker\n|-damage|p2a: Perrserker|0 fnt\n|faint|p2a: Perrserker\n|move|p1b: Gyarados|Waterfall|p2b: Corviknight\n|-damage|p2b: Corviknight|31\/100 frz\n|-damage|p1b: Gyarados|19\/100 tox|[from] item: Rocky Helmet|[of] p2b: Corviknight\n|-curestatus|p2b: Corviknight|frz|[msg]\n|move|p2b: Corviknight|Roost|p2b: Corviknight\n|-heal|p2b: Corviknight|81\/100\n|-singleturn|p2b: Corviknight|move: Roost\n|\n|-weather|none\n|-damage|p1b: Gyarados|1\/100 tox|[from] psn\n|upkeep\n|turn|9\n|\n|t:|1699659850\n|move|p1b: Gyarados|Waterfall|p2b: Corviknight\n|-damage|p2b: Corviknight|53\/100\n|-damage|p1b: Gyarados|0 fnt|[from] item: Rocky Helmet|[of] p2b: Corviknight\n|faint|p1b: Gyarados\n|move|p1a: Ludicolo|Hydro Pump|p2b: Corviknight\n|-damage|p2b: Corviknight|13\/100\n|move|p2b: Corviknight|Brave Bird|p1a: Ludicolo\n|-supereffective|p1a: Ludicolo\n|-damage|p1a: Ludicolo|0 fnt\n|faint|p1a: Ludicolo\n|-damage|p2b: Corviknight|0 fnt|[from] Recoil\n|faint|p2b: Corviknight\n|\n|win|DoomedTaurus\n|l|\u2606Holfrost\n","uploadtime":1699659884,"views":7,"p1id":"doomedtaurus","p2id":"holfrost","formatid":"gen9nationaldexdoubles","rating":0,"private":0,"password":""}