{"id":"gen9nationaldexdoubles-1999357721","p1":"BROCKISAROCK","p2":"cubzz","format":"[Gen 9] National Dex Doubles","log":"|j|\u2606BROCKISAROCK\n|j|\u2606cubzz\n|t:|1701066113\n|gametype|doubles\n|player|p1|BROCKISAROCK|brock|\n|player|p2|cubzz|pokekid|\n|teamsize|p1|6\n|teamsize|p2|6\n|gen|9\n|tier|[Gen 9] National Dex Doubles\n|rule|HP Percentage Mod: HP is shown in percentages\n|rule|Endless Battle Clause: Forcing endless battles is banned\n|rule|OHKO Clause: OHKO moves are banned\n|rule|Evasion Moves Clause: Evasion moves are banned\n|rule|Evasion Abilities Clause: Evasion abilities are banned\n|rule|Species Clause: Limit one of each Pok\u00e9mon\n|rule|Gravity Sleep Clause: The combination of sleep-inducing moves with imperfect accuracy and Gravity or Gigantamax Orbeetle are banned\n|rule|Item Clause: Limit one of each item\n|clearpoke\n|poke|p1|Dudunsparce-*, M|\n|poke|p1|Seismitoad, M|\n|poke|p1|Sharpedo, M|\n|poke|p1|Machamp, M|\n|poke|p1|Krookodile, M|\n|poke|p1|Sudowoodo, M|\n|poke|p2|Slowbro-Galar, F|\n|poke|p2|Dachsbun, M|\n|poke|p2|Toucannon, M|\n|poke|p2|Stoutland, M|\n|poke|p2|Unown-S|\n|poke|p2|Togedemaru, F|\n|teampreview|4\n|j| Whaleu\n|\n|t:|1701066126\n|start\n|switch|p1a: IMPOSTER|Sudowoodo, M, shiny|100\/100\n|switch|p1b: GUPPY|Sharpedo, M|100\/100\n|switch|p2a: Slowguy|Slowbro-Galar, F|100\/100\n|switch|p2b: He a doggo|Stoutland, M|100\/100\n|-ability|p2b: He a doggo|Intimidate|boost\n|-unboost|p1a: IMPOSTER|atk|1\n|-unboost|p1b: GUPPY|atk|1\n|turn|1\n|\n|t:|1701066146\n|move|p1b: GUPPY|Protect|p1b: GUPPY\n|-singleturn|p1b: GUPPY|Protect\n|move|p2b: He a doggo|Yawn|p1a: IMPOSTER\n|-start|p1a: IMPOSTER|move: Yawn|[of] p2b: He a doggo\n|move|p1a: IMPOSTER|Earthquake|p2b: He a doggo|[spread] p2a,p2b\n|-activate|p1b: GUPPY|move: Protect\n|-supereffective|p2a: Slowguy\n|-damage|p2a: Slowguy|64\/100\n|-damage|p2b: He a doggo|84\/100\n|move|p2a: Slowguy|Metronome|p2a: Slowguy\n|move|p2a: Slowguy|Payback|p1b: GUPPY|[from]move: Metronome\n|-activate|p1b: GUPPY|move: Protect\n|\n|upkeep\n|turn|2\n|j| specner4\n|\n|t:|1701066176\n|switch|p1a: THE KING|Dudunsparce, M|100\/100\n|move|p1b: GUPPY|Flip Turn|p2b: He a doggo\n|-damage|p2b: He a doggo|62\/100\n|\n|t:|1701066181\n|switch|p1b: IMPOSTER|Sudowoodo, M, shiny|100\/100|[from] Flip Turn\n|move|p2b: He a doggo|Yawn|p1b: IMPOSTER\n|-start|p1b: IMPOSTER|move: Yawn|[of] p2b: He a doggo\n|move|p2a: Slowguy|Metronome|p2a: Slowguy\n|move|p2a: Slowguy|Lunar Blessing|p2a: Slowguy|[from]move: Metronome|[spread] p2a,p2b\n|-heal|p2a: Slowguy|89\/100\n|-heal|p2b: He a doggo|87\/100\n|\n|upkeep\n|turn|3\n|\n|t:|1701066210\n|move|p2b: He a doggo|Yawn|p1a: THE KING\n|-start|p1a: THE KING|move: Yawn|[of] p2b: He a doggo\n|move|p1a: THE KING|Boomburst|p2a: Slowguy|[spread] p1b,p2a,p2b\n|-resisted|p1b: IMPOSTER\n|-damage|p1b: IMPOSTER|70\/100\n|-damage|p2a: Slowguy|34\/100\n|-damage|p2b: He a doggo|53\/100\n|move|p1b: IMPOSTER|Rock Slide|p2a: Slowguy|[spread] p2a,p2b\n|-damage|p2a: Slowguy|9\/100\n|-damage|p2b: He a doggo|28\/100\n|cant|p2a: Slowguy|flinch\n|\n|-end|p1b: IMPOSTER|move: Yawn|[silent]\n|-status|p1b: IMPOSTER|slp\n|upkeep\n|turn|4\n|\n|t:|1701066239\n|move|p2b: He a doggo|Yawn||[still]\n|-fail|p2b: He a doggo\n|move|p1a: THE KING|Boomburst|p2a: Slowguy|[spread] p1b,p2a,p2b\n|-resisted|p1b: IMPOSTER\n|-crit|p1b: IMPOSTER\n|-damage|p1b: IMPOSTER|21\/100 slp\n|-damage|p2a: Slowguy|0 fnt\n|-damage|p2b: He a doggo|0 fnt\n|faint|p2a: Slowguy\n|faint|p2b: He a doggo\n|cant|p1b: IMPOSTER|slp\n|\n|-end|p1a: THE KING|move: Yawn|[silent]\n|-status|p1a: THE KING|slp\n|upkeep\n|\n|t:|1701066250\n|switch|p2b: moomoos|Dachsbun, M|100\/100\n|switch|p2a: Mr RollyPollyOlly|Togedemaru, F|100\/100\n|turn|5\n|\n|t:|1701066267\n|move|p2a: Mr RollyPollyOlly|Nuzzle|p1a: THE KING\n|-damage|p1a: THE KING|93\/100 slp\n|move|p2b: moomoos|Lick|p1b: IMPOSTER\n|-damage|p1b: IMPOSTER|14\/100 slp\n|cant|p1a: THE KING|slp\n|-curestatus|p1b: IMPOSTER|slp|[msg]\n|move|p1b: IMPOSTER|Earthquake|p2a: Mr RollyPollyOlly|[spread] p1a,p2a,p2b\n|-supereffective|p2a: Mr RollyPollyOlly\n|-damage|p1a: THE KING|70\/100 slp\n|-damage|p2a: Mr RollyPollyOlly|0 fnt\n|-damage|p2b: moomoos|74\/100\n|faint|p2a: Mr RollyPollyOlly\n|\n|-heal|p2b: moomoos|80\/100|[from] item: Leftovers\n|upkeep\n|turn|6\n|\n|t:|1701066293\n|cant|p1a: THE KING|slp\n|move|p1b: IMPOSTER|Rock Slide|p2b: moomoos\n|-damage|p2b: moomoos|37\/100\n|move|p2b: moomoos|Roar|p1a: THE KING\n|drag|p1a: BARRIO|Seismitoad, M|100\/100\n|\n|-heal|p2b: moomoos|43\/100|[from] item: Leftovers\n|upkeep\n|turn|7\n|\n|t:|1701066311\n|move|p1a: BARRIO|Sludge Wave|p2b: moomoos|[spread] p1b,p2b\n|-resisted|p1b: IMPOSTER\n|-supereffective|p2b: moomoos\n|-damage|p1b: IMPOSTER|0 fnt\n|-damage|p2b: moomoos|0 fnt\n|faint|p1b: IMPOSTER\n|faint|p2b: moomoos\n|-damage|p1a: BARRIO|91\/100|[from] item: Life Orb\n|\n|win|BROCKISAROCK\n","uploadtime":1701066320,"views":2,"p1id":"brockisarock","p2id":"cubzz","formatid":"gen9nationaldexdoubles","rating":0,"private":0,"password":""}