{"id":"gen9nationaldexdoubles-1959115634","p1":"impastabot4000","p2":"official_ksc","format":"[Gen 9] National Dex Doubles","log":"|j|\u2606impastabot4000\n|j|\u2606official_ksc\n|t:|1696388335\n|gametype|doubles\n|player|p1|impastabot4000|nate|1269\n|player|p2|official_ksc|102|1183\n|teamsize|p1|6\n|teamsize|p2|6\n|gen|9\n|tier|[Gen 9] National Dex Doubles\n|rated|\n|rule|HP Percentage Mod: HP is shown in percentages\n|rule|Endless Battle Clause: Forcing endless battles is banned\n|rule|OHKO Clause: OHKO moves are banned\n|rule|Evasion Moves Clause: Evasion moves are banned\n|rule|Evasion Abilities Clause: Evasion abilities are banned\n|rule|Species Clause: Limit one of each Pok\u00e9mon\n|rule|Gravity Sleep Clause: The combination of sleep-inducing moves with imperfect accuracy and Gravity or Gigantamax Orbeetle are banned\n|clearpoke\n|poke|p1|Rillaboom, F|\n|poke|p1|Salamence, M|\n|poke|p1|Volcanion|\n|poke|p1|Chien-Pao|\n|poke|p1|Flutter Mane|\n|poke|p1|Ogerpon-Cornerstone, F|\n|poke|p2|Milotic, F|\n|poke|p2|Garganacl, F|\n|poke|p2|Rillaboom, M|\n|poke|p2|Kingambit, M|\n|poke|p2|Iron Valiant|\n|poke|p2|Dragapult, F|\n|teampreview\n|inactive|Battle timer is ON: inactive players will automatically lose when time's up. (requested by impastabot4000)\n|\n|t:|1696388363\n|start\n|switch|p1a: Rillaboom|Rillaboom, F|100\/100\n|switch|p1b: Flutter Mane|Flutter Mane|100\/100\n|switch|p2a: Ganacl|Garganacl, F|100\/100\n|switch|p2b: Rilla|Rillaboom, M|100\/100\n|-fieldstart|move: Grassy Terrain|[from] ability: Grassy Surge|[of] p1a: Rillaboom\n|-enditem|p2b: Rilla|Grassy Seed\n|-boost|p2b: Rilla|def|1|[from] item: Grassy Seed\n|turn|1\n|\n|t:|1696388383\n|-terastallize|p1b: Flutter Mane|Fairy\n|move|p1b: Flutter Mane|Dazzling Gleam|p2a: Ganacl|[spread] p2a,p2b\n|-damage|p2a: Ganacl|46\/100\n|-damage|p2b: Rilla|30\/100\n|move|p1a: Rillaboom|Wood Hammer|p2a: Ganacl\n|-supereffective|p2a: Ganacl\n|-damage|p2a: Ganacl|0 fnt\n|faint|p2a: Ganacl\n|-damage|p1a: Rillaboom|88\/100|[from] Recoil\n|move|p2b: Rilla|Acrobatics|p1a: Rillaboom\n|-supereffective|p1a: Rillaboom\n|-damage|p1a: Rillaboom|9\/100\n|\n|-heal|p1a: Rillaboom|15\/100|[from] Grassy Terrain\n|-heal|p2b: Rilla|36\/100|[from] Grassy Terrain\n|upkeep\n|\n|t:|1696388390\n|switch|p2a: Valiant|Iron Valiant|100\/100\n|-enditem|p2a: Valiant|Booster Energy\n|-activate|p2a: Valiant|ability: Quark Drive|[fromitem]\n|-start|p2a: Valiant|quarkdrivespe\n|turn|2\n|\n|t:|1696388411\n|switch|p1a: Salamence|Salamence, M|100\/100\n|-ability|p1a: Salamence|Intimidate|boost\n|-unboost|p2a: Valiant|atk|1\n|-unboost|p2b: Rilla|atk|1\n|move|p2b: Rilla|Grassy Glide|p1b: Flutter Mane\n|-damage|p1b: Flutter Mane|42\/100\n|move|p2a: Valiant|Moonblast|p1b: Flutter Mane\n|-damage|p1b: Flutter Mane|0 fnt\n|faint|p1b: Flutter Mane\n|-end|p1b: Flutter Mane|Protosynthesis|[silent]\n|\n|-heal|p2b: Rilla|42\/100|[from] Grassy Terrain\n|upkeep\n|inactive|impastabot4000 has 120 seconds left.\n|\n|t:|1696388436\n|switch|p1b: Rillaboom|Rillaboom, F|15\/100\n|turn|3\n|\n|t:|1696388453\n|detailschange|p1a: Salamence|Salamence-Mega, M\n|-mega|p1a: Salamence|Salamence|Salamencite\n|move|p1b: Rillaboom|Fake Out|p2a: Valiant\n|-damage|p2a: Valiant|79\/100\n|move|p2b: Rilla|Grassy Glide|p1b: Rillaboom\n|-resisted|p1b: Rillaboom\n|-damage|p1b: Rillaboom|2\/100\n|cant|p2a: Valiant|flinch\n|move|p1a: Salamence|Dragon Dance|p1a: Salamence\n|-boost|p1a: Salamence|atk|1\n|-boost|p1a: Salamence|spe|1\n|\n|-heal|p2a: Valiant|86\/100|[from] Grassy Terrain\n|-heal|p1b: Rillaboom|8\/100|[from] Grassy Terrain\n|-heal|p2b: Rilla|48\/100|[from] Grassy Terrain\n|upkeep\n|turn|4\n|inactive|impastabot4000 has 120 seconds left.\n|\n|t:|1696388499\n|switch|p1b: Chien-Pao|Chien-Pao|100\/100\n|-ability|p1b: Chien-Pao|Sword of Ruin\n|move|p2b: Rilla|Grassy Glide|p1b: Chien-Pao\n|-crit|p1b: Chien-Pao\n|-damage|p1b: Chien-Pao|12\/100\n|move|p1a: Salamence|Frustration|p2a: Valiant\n|-supereffective|p2a: Valiant\n|-damage|p2a: Valiant|0 fnt\n|faint|p2a: Valiant\n|-end|p2a: Valiant|Quark Drive|[silent]\n|\n|-heal|p1b: Chien-Pao|18\/100|[from] Grassy Terrain\n|-heal|p2b: Rilla|54\/100|[from] Grassy Terrain\n|upkeep\n|\n|t:|1696388506\n|switch|p2a: Gambit|Kingambit, M|100\/100\n|-activate|p2a: Gambit|ability: Supreme Overlord\n|-start|p2a: Gambit|fallen2|[silent]\n|turn|5\n|inactive|impastabot4000 has 120 seconds left.\n|\n|t:|1696388526\n|-terastallize|p2a: Gambit|Ghost\n|move|p1b: Chien-Pao|Protect|p1b: Chien-Pao\n|-singleturn|p1b: Chien-Pao|Protect\n|move|p2b: Rilla|Grassy Glide|p1b: Chien-Pao\n|-activate|p1b: Chien-Pao|move: Protect\n|move|p2a: Gambit|Sucker Punch|p1a: Salamence\n|-damage|p1a: Salamence|54\/100\n|move|p1a: Salamence|Frustration|p2b: Rilla\n|-supereffective|p2b: Rilla\n|-damage|p2b: Rilla|0 fnt\n|faint|p2b: Rilla\n|\n|-heal|p1b: Chien-Pao|24\/100|[from] Grassy Terrain\n|-fieldend|move: Grassy Terrain\n|upkeep\n|\n|t:|1696388534\n|switch|p2b: Milotic|Milotic, F|100\/100\n|turn|6\n|\n|t:|1696388548\n|move|p1b: Chien-Pao|Sucker Punch|p2a: Gambit\n|-supereffective|p2a: Gambit\n|-damage|p2a: Gambit|25\/100\n|move|p2a: Gambit|Sucker Punch||[still]\n|-fail|p2a: Gambit\n|move|p1a: Salamence|Frustration|p2a: Gambit\n|-damage|p2a: Gambit|0 fnt\n|faint|p2a: Gambit\n|-end|p2a: Gambit|fallen2|[silent]\n|move|p2b: Milotic|Ice Beam|p1a: Salamence\n|-supereffective|p1a: Salamence\n|-damage|p1a: Salamence|0 fnt\n|faint|p1a: Salamence\n|\n|upkeep\n|\n|t:|1696388567\n|switch|p1a: Ogerpon|Ogerpon-Cornerstone, F|100\/100\n|switch|p2a: Dragapult|Dragapult, F|100\/100\n|turn|7\n|\n|t:|1696388576\n|move|p1b: Chien-Pao|Sucker Punch|p2a: Dragapult\n|-supereffective|p2a: Dragapult\n|-damage|p2a: Dragapult|0 fnt\n|faint|p2a: Dragapult\n|move|p1a: Ogerpon|Ivy Cudgel|p2b: Milotic\n|-damage|p2b: Milotic|19\/100\n|move|p2b: Milotic|Scald|p1b: Chien-Pao\n|-damage|p1b: Chien-Pao|0 fnt\n|faint|p1b: Chien-Pao\n|\n|-heal|p2b: Milotic|25\/100|[from] item: Leftovers\n|upkeep\n|c|\u2606impastabot4000|gg\n|\n|t:|1696388587\n|switch|p1b: Rillaboom|Rillaboom, F|8\/100\n|-fieldstart|move: Grassy Terrain|[from] ability: Grassy Surge|[of] p1b: Rillaboom\n|turn|8\n|\n|t:|1696388594\n|move|p1b: Rillaboom|Grassy Glide|p2b: Milotic\n|-supereffective|p2b: Milotic\n|-damage|p2b: Milotic|0 fnt\n|faint|p2b: Milotic\n|\n|win|impastabot4000\n|raw|impastabot4000's rating: 1269 &rarr; <strong>1288<\/strong><br \/>(+19 for winning)\n|raw|official_ksc's rating: 1183 &rarr; <strong>1164<\/strong><br \/>(-19 for losing)\n|l|\u2606official_ksc\n","uploadtime":1696388613,"views":14,"p1id":"impastabot4000","p2id":"officialksc","formatid":"gen9nationaldexdoubles","rating":1164,"private":0,"password":""}