{"id":"gen9nationaldexdoubles-1982796722","p1":"LucarioLikesLemons","p2":"Xalvadore","format":"[Gen 9] National Dex Doubles","log":"|j|\u2606LucarioLikesLemons\n|j|\u2606Xalvadore\n|t:|1699045784\n|gametype|doubles\n|player|p1|LucarioLikesLemons|lance|1163\n|player|p2|Xalvadore|marnie|1288\n|teamsize|p1|6\n|teamsize|p2|6\n|gen|9\n|tier|[Gen 9] National Dex Doubles\n|rated|\n|rule|HP Percentage Mod: HP is shown in percentages\n|rule|Endless Battle Clause: Forcing endless battles is banned\n|rule|OHKO Clause: OHKO moves are banned\n|rule|Evasion Moves Clause: Evasion moves are banned\n|rule|Evasion Abilities Clause: Evasion abilities are banned\n|rule|Species Clause: Limit one of each Pok\u00e9mon\n|rule|Gravity Sleep Clause: The combination of sleep-inducing moves with imperfect accuracy and Gravity or Gigantamax Orbeetle are banned\n|clearpoke\n|poke|p1|Hawlucha, M|\n|poke|p1|Sinistcha-Masterpiece|\n|poke|p1|Enamorus, F|\n|poke|p1|Clefairy, M|\n|poke|p1|Iron Hands|\n|poke|p1|Cresselia, F|\n|poke|p2|Hippowdon, M|\n|poke|p2|Gastrodon, M|\n|poke|p2|Excadrill, M|\n|poke|p2|Zapdos|\n|poke|p2|Hydreigon, M|\n|poke|p2|Hitmontop, M|\n|teampreview\n|inactive|Battle timer is ON: inactive players will automatically lose when time's up. (requested by LucarioLikesLemons)\n|\n|t:|1699045794\n|start\n|switch|p1a: Hawlucha|Hawlucha, M|100\/100\n|switch|p1b: Clefairy|Clefairy, M|100\/100\n|switch|p2a: Hippowdon|Hippowdon, M|100\/100\n|switch|p2b: Hitmontop|Hitmontop, M|100\/100\n|-ability|p2b: Hitmontop|Intimidate|boost\n|-unboost|p1a: Hawlucha|atk|1\n|-unboost|p1b: Clefairy|atk|1\n|-weather|Sandstorm|[from] ability: Sand Stream|[of] p2a: Hippowdon\n|turn|1\n|\n|t:|1699045806\n|move|p2b: Hitmontop|Fake Out|p1a: Hawlucha\n|-damage|p1a: Hawlucha|90\/100\n|cant|p1a: Hawlucha|flinch\n|move|p2a: Hippowdon|Stealth Rock|p1a: Hawlucha\n|-sidestart|p1: LucarioLikesLemons|move: Stealth Rock\n|move|p1b: Clefairy|Sweet Kiss|p2a: Hippowdon\n|-start|p2a: Hippowdon|confusion\n|\n|-weather|Sandstorm|[upkeep]\n|-damage|p1a: Hawlucha|84\/100|[from] Sandstorm\n|-damage|p2b: Hitmontop|94\/100|[from] Sandstorm\n|-damage|p1b: Clefairy|94\/100|[from] Sandstorm\n|upkeep\n|turn|2\n|\n|t:|1699045823\n|switch|p2a: Excadrill|Excadrill, M|100\/100\n|move|p2b: Hitmontop|Wide Guard|p2b: Hitmontop\n|-singleturn|p2b: Hitmontop|Wide Guard\n|move|p1b: Clefairy|Follow Me|p1b: Clefairy\n|-singleturn|p1b: Clefairy|move: Follow Me\n|move|p1a: Hawlucha|Swords Dance|p1a: Hawlucha\n|-boost|p1a: Hawlucha|atk|2\n|\n|-weather|Sandstorm|[upkeep]\n|-damage|p1a: Hawlucha|78\/100|[from] Sandstorm\n|-damage|p2b: Hitmontop|88\/100|[from] Sandstorm\n|-damage|p1b: Clefairy|88\/100|[from] Sandstorm\n|upkeep\n|turn|3\n|\n|t:|1699045845\n|switch|p1b: Cresselia|Cresselia, F|100\/100\n|-damage|p1b: Cresselia|88\/100|[from] Stealth Rock\n|move|p2a: Excadrill|Rock Slide|p1b: Cresselia|[spread] p1a,p1b\n|-crit|p1a: Hawlucha\n|-damage|p1a: Hawlucha|14\/100\n|-damage|p1b: Cresselia|69\/100\n|-damage|p2a: Excadrill|91\/100|[from] item: Life Orb\n|cant|p1a: Hawlucha|flinch\n|move|p2b: Hitmontop|Close Combat|p1a: Hawlucha\n|-resisted|p1a: Hawlucha\n|-damage|p1a: Hawlucha|0 fnt\n|-unboost|p2b: Hitmontop|def|1\n|-unboost|p2b: Hitmontop|spd|1\n|faint|p1a: Hawlucha\n|\n|-weather|Sandstorm|[upkeep]\n|-damage|p1b: Cresselia|63\/100|[from] Sandstorm\n|-damage|p2b: Hitmontop|82\/100|[from] Sandstorm\n|-heal|p1b: Cresselia|69\/100|[from] item: Leftovers\n|upkeep\n|\n|t:|1699045857\n|switch|p1a: Sinistcha|Sinistcha-Masterpiece|100\/100\n|-damage|p1a: Sinistcha|88\/100|[from] Stealth Rock\n|-heal|p1b: Cresselia|94\/100|[from] ability: Hospitality|[of] p1a: Sinistcha\n|turn|4\n|\n|t:|1699045880\n|switch|p2b: Hydreigon|Hydreigon, M|100\/100\n|move|p2a: Excadrill|Protect|p2a: Excadrill\n|-singleturn|p2a: Excadrill|Protect\n|move|p1b: Cresselia|Ally Switch|p1b: Cresselia\n|swap|p1b: Cresselia|0|[from] move: Ally Switch\n|move|p1b: Sinistcha|Matcha Gotcha|p2b: Hydreigon|[spread] p2b\n|-activate|p2a: Excadrill|move: Protect\n|-resisted|p2b: Hydreigon\n|-crit|p2b: Hydreigon\n|-damage|p2b: Hydreigon|79\/100\n|-heal|p1b: Sinistcha|99\/100|[from] drain|[of] p2b: Hydreigon\n|\n|-weather|Sandstorm|[upkeep]\n|-damage|p2b: Hydreigon|73\/100|[from] Sandstorm\n|-damage|p1a: Cresselia|88\/100|[from] Sandstorm\n|-damage|p1b: Sinistcha|93\/100|[from] Sandstorm\n|-heal|p1a: Cresselia|94\/100|[from] item: Leftovers\n|-heal|p1b: Sinistcha|99\/100|[from] item: Leftovers\n|upkeep\n|turn|5\n|\n|t:|1699045899\n|move|p2a: Excadrill|Rock Slide|p1b: Sinistcha|[spread] p1a,p1b\n|-damage|p1a: Cresselia|74\/100\n|-damage|p1b: Sinistcha|78\/100\n|-damage|p2a: Excadrill|81\/100|[from] item: Life Orb\n|move|p2b: Hydreigon|Dark Pulse|p1a: Cresselia\n|-supereffective|p1a: Cresselia\n|-damage|p1a: Cresselia|21\/100\n|-damage|p2b: Hydreigon|63\/100|[from] item: Life Orb\n|cant|p1a: Cresselia|flinch\n|move|p1b: Sinistcha|Matcha Gotcha|p2a: Excadrill|[spread] p2a,p2b\n|-resisted|p2b: Hydreigon\n|-damage|p2a: Excadrill|47\/100\n|-heal|p1b: Sinistcha|97\/100|[from] drain|[of] p2a: Excadrill\n|-damage|p2b: Hydreigon|48\/100\n|-heal|p1b: Sinistcha|100\/100|[from] drain|[of] p2b: Hydreigon\n|-status|p2b: Hydreigon|brn\n|\n|-weather|none\n|-heal|p1a: Cresselia|27\/100|[from] item: Leftovers\n|-damage|p2b: Hydreigon|42\/100 brn|[from] brn\n|upkeep\n|turn|6\n|\n|t:|1699045922\n|move|p2b: Hydreigon|Dark Pulse|p1b: Sinistcha\n|-supereffective|p1b: Sinistcha\n|-damage|p1b: Sinistcha|0 fnt\n|faint|p1b: Sinistcha\n|-damage|p2b: Hydreigon|32\/100 brn|[from] item: Life Orb\n|move|p2a: Excadrill|Rock Slide|p1a: Cresselia|[miss]\n|-miss|p2a: Excadrill|p1a: Cresselia\n|move|p1a: Cresselia|Lunar Blessing|p1a: Cresselia\n|-heal|p1a: Cresselia|52\/100\n|\n|-heal|p1a: Cresselia|58\/100|[from] item: Leftovers\n|-damage|p2b: Hydreigon|26\/100 brn|[from] brn\n|upkeep\n|\n|t:|1699045933\n|switch|p1b: Iron Hands|Iron Hands|100\/100\n|-damage|p1b: Iron Hands|94\/100|[from] Stealth Rock\n|turn|7\n|\n|t:|1699045941\n|move|p2a: Excadrill|Protect|p2a: Excadrill\n|-singleturn|p2a: Excadrill|Protect\n|move|p1b: Iron Hands|Fake Out|p2b: Hydreigon\n|-damage|p2b: Hydreigon|7\/100 brn\n|-heal|p1b: Iron Hands|96\/100|[from] item: Shell Bell|[of] p2b: Hydreigon\n|cant|p2b: Hydreigon|flinch\n|move|p1a: Cresselia|Reflect|p1a: Cresselia\n|-sidestart|p1: LucarioLikesLemons|Reflect\n|\n|-heal|p1a: Cresselia|64\/100|[from] item: Leftovers\n|-damage|p2b: Hydreigon|1\/100 brn|[from] brn\n|upkeep\n|turn|8\n|\n|t:|1699045963\n|move|p2b: Hydreigon|Dark Pulse|p1a: Cresselia\n|-supereffective|p1a: Cresselia\n|-damage|p1a: Cresselia|7\/100\n|-damage|p2b: Hydreigon|0 fnt|[from] item: Life Orb\n|faint|p2b: Hydreigon\n|move|p2a: Excadrill|Earthquake|p1b: Iron Hands|[spread] p1b\n|-immune|p1a: Cresselia|[from] ability: Levitate\n|-supereffective|p1b: Iron Hands\n|-damage|p1b: Iron Hands|49\/100\n|-damage|p2a: Excadrill|37\/100|[from] item: Life Orb\n|move|p1a: Cresselia|Lunar Blessing|p1a: Cresselia|[spread] p1a,p1b\n|-heal|p1a: Cresselia|32\/100\n|-heal|p1b: Iron Hands|74\/100\n|move|p1b: Iron Hands|Drain Punch|p2a: Excadrill\n|-supereffective|p2a: Excadrill\n|-damage|p2a: Excadrill|0 fnt\n|-heal|p1b: Iron Hands|87\/100|[from] drain|[of] p2a: Excadrill\n|faint|p2a: Excadrill\n|-heal|p1b: Iron Hands|90\/100|[from] item: Shell Bell|[of] p2: Excadrill\n|\n|-heal|p1a: Cresselia|38\/100|[from] item: Leftovers\n|upkeep\n|\n|t:|1699045984\n|switch|p2b: Gastrodon|Gastrodon, M|100\/100\n|switch|p2a: Zapdos|Zapdos|100\/100\n|-ability|p2a: Zapdos|Pressure\n|turn|9\n|\n|t:|1699046007\n|move|p2a: Zapdos|Tailwind|p2a: Zapdos\n|-sidestart|p2: Xalvadore|move: Tailwind\n|move|p2b: Gastrodon|Toxic|p1a: Cresselia\n|-status|p1a: Cresselia|tox\n|move|p1a: Cresselia|Lunar Blessing|p1a: Cresselia|[spread] p1a,p1b\n|-heal|p1a: Cresselia|63\/100 tox\n|-curestatus|p1a: Cresselia|tox|[msg]\n|-heal|p1b: Iron Hands|100\/100\n|move|p1b: Iron Hands|Rock Slide|p2a: Zapdos|[spread] p2a,p2b\n|-supereffective|p2a: Zapdos\n|-resisted|p2b: Gastrodon\n|-damage|p2a: Zapdos|49\/100\n|-damage|p2b: Gastrodon|92\/100\n|-enditem|p2a: Zapdos|Sitrus Berry|[eat]\n|-heal|p2a: Zapdos|74\/100|[from] item: Sitrus Berry\n|\n|-heal|p1a: Cresselia|69\/100|[from] item: Leftovers\n|upkeep\n|turn|10\n|\n|t:|1699046028\n|move|p2a: Zapdos|U-turn|p1b: Iron Hands\n|-resisted|p1b: Iron Hands\n|-damage|p1b: Iron Hands|98\/100\n|\n|t:|1699046031\n|switch|p2a: Hippowdon|Hippowdon, M|100\/100|[from] U-turn\n|-weather|Sandstorm|[from] ability: Sand Stream|[of] p2a: Hippowdon\n|move|p2b: Gastrodon|Earth Power|p1b: Iron Hands\n|-supereffective|p1b: Iron Hands\n|-damage|p1b: Iron Hands|45\/100\n|move|p1a: Cresselia|Dazzling Gleam|p2a: Hippowdon|[spread] p2a,p2b\n|-damage|p2a: Hippowdon|91\/100\n|-damage|p2b: Gastrodon|81\/100\n|move|p1b: Iron Hands|Rock Slide|p2b: Gastrodon|[spread] p2a,p2b\n|-resisted|p2a: Hippowdon\n|-resisted|p2b: Gastrodon\n|-damage|p2a: Hippowdon|84\/100\n|-damage|p2b: Gastrodon|73\/100\n|-heal|p1b: Iron Hands|46\/100|[from] item: Shell Bell|[of] p2b: Gastrodon\n|\n|-weather|Sandstorm|[upkeep]\n|-damage|p1a: Cresselia|63\/100|[from] Sandstorm\n|-damage|p1b: Iron Hands|40\/100|[from] Sandstorm\n|-heal|p1a: Cresselia|69\/100|[from] item: Leftovers\n|upkeep\n|turn|11\n|\n|t:|1699046055\n|move|p2a: Hippowdon|Earthquake|p1b: Iron Hands|[spread] p2b,p1b\n|-immune|p1a: Cresselia|[from] ability: Levitate\n|-supereffective|p1b: Iron Hands\n|-damage|p2b: Gastrodon|54\/100\n|-damage|p1b: Iron Hands|15\/100\n|move|p2b: Gastrodon|Toxic|p1a: Cresselia\n|-status|p1a: Cresselia|tox\n|move|p1a: Cresselia|Lunar Blessing|p1a: Cresselia|[spread] p1a,p1b\n|-heal|p1a: Cresselia|94\/100 tox\n|-curestatus|p1a: Cresselia|tox|[msg]\n|-heal|p1b: Iron Hands|40\/100\n|move|p1b: Iron Hands|Drain Punch|p2a: Hippowdon\n|-damage|p2a: Hippowdon|58\/100\n|-heal|p1b: Iron Hands|51\/100|[from] drain|[of] p2a: Hippowdon\n|-heal|p1b: Iron Hands|54\/100|[from] item: Shell Bell|[of] p2a: Hippowdon\n|\n|-weather|Sandstorm|[upkeep]\n|-damage|p1a: Cresselia|88\/100|[from] Sandstorm\n|-damage|p1b: Iron Hands|48\/100|[from] Sandstorm\n|-heal|p1a: Cresselia|94\/100|[from] item: Leftovers\n|-sideend|p1: LucarioLikesLemons|Reflect\n|upkeep\n|turn|12\n|c|\u2606LucarioLikesLemons|!dt hitmontop\n|raw|<div class=\"message\"><ul class=\"utilichart\"><li class=\"result\"><span class=\"col numcol\">Illegal<\/span> <span class=\"col iconcol\"><psicon pokemon=\"hitmontop\"\/><\/span> <span class=\"col pokemonnamecol\" style=\"white-space:nowrap\"><a href=\"https:\/\/dex.pokemonshowdown.com\/pokemon\/hitmontop\" target=\"_blank\">Hitmontop<\/a><\/span> <span class=\"col typecol\"><img src=\"https:\/\/play.pokemonshowdown.com\/sprites\/types\/Fighting.png\" alt=\"Fighting\" height=\"14\" width=\"32\"><\/span> <span style=\"float:left;min-height:26px\"><span class=\"col twoabilitycol\">Intimidate<br \/>Technician<\/span><span class=\"col abilitycol\"><em>Steadfast<\/em><\/span><\/span><span style=\"float:left;min-height:26px\"><span class=\"col statcol\"><em>HP<\/em><br \/>50<\/span> <span class=\"col statcol\"><em>Atk<\/em><br \/>95<\/span> <span class=\"col statcol\"><em>Def<\/em><br \/>95<\/span> <span class=\"col statcol\"><em>SpA<\/em><br \/>35<\/span> <span class=\"col statcol\"><em>SpD<\/em><br \/>110<\/span> <span class=\"col statcol\"><em>Spe<\/em><br \/>70<\/span> <span class=\"col bstcol\"><em>BST<br \/>455<\/em><\/span> <\/span><\/li><li style=\"clear:both\"><\/li><\/ul><\/div>\n|raw|<font size=\"1\"><font color=\"#686868\">Dex#:<\/font> 237&nbsp;|&ThickSpace;<font color=\"#686868\">Gen:<\/font> 2&nbsp;|&ThickSpace;<font color=\"#686868\">Height:<\/font> 1.4 m&nbsp;|&ThickSpace;<font color=\"#686868\">Weight:<\/font> 48 kg <em>(60 BP)<\/em>&nbsp;|&ThickSpace;<font color=\"#686868\">Dex Colour:<\/font> Brown&nbsp;|&ThickSpace;<font color=\"#686868\">Egg Group(s):<\/font> Human-Like&nbsp;|&ThickSpace;<font color=\"#686868\">Pre-Evolution:<\/font> Tyrogue&nbsp;|&ThickSpace;<font color=\"#686868\">Does Not Evolve<\/font><\/font>\n\n|inactive|LucarioLikesLemons has 120 seconds left.\n|\n|t:|1699046093\n|move|p2a: Hippowdon|Slack Off|p2a: Hippowdon\n|-heal|p2a: Hippowdon|100\/100\n|move|p2b: Gastrodon|Earth Power|p1b: Iron Hands\n|-supereffective|p1b: Iron Hands\n|-damage|p1b: Iron Hands|0 fnt\n|faint|p1b: Iron Hands\n|-end|p1b: Iron Hands|Quark Drive|[silent]\n|move|p1a: Cresselia|Reflect|p1a: Cresselia\n|-sidestart|p1: LucarioLikesLemons|Reflect\n|\n|-weather|Sandstorm|[upkeep]\n|-damage|p1a: Cresselia|88\/100|[from] Sandstorm\n|-heal|p1a: Cresselia|94\/100|[from] item: Leftovers\n|-sideend|p2: Xalvadore|move: Tailwind\n|upkeep\n|\n|t:|1699046116\n|switch|p1b: Enamorus|Enamorus, F|100\/100\n|-damage|p1b: Enamorus|76\/100|[from] Stealth Rock\n|turn|13\n|inactive|LucarioLikesLemons has 120 seconds left.\n|\n|t:|1699046142\n|switch|p1a: Clefairy|Clefairy, M|88\/100\n|-damage|p1a: Clefairy|76\/100|[from] Stealth Rock\n|-terastallize|p1b: Enamorus|Ground\n|move|p1b: Enamorus|Superpower|p2a: Hippowdon\n|-damage|p2a: Hippowdon|77\/100\n|-boost|p1b: Enamorus|atk|1\n|-boost|p1b: Enamorus|def|1\n|move|p2a: Hippowdon|Ice Fang|p1b: Enamorus\n|-supereffective|p1b: Enamorus\n|-damage|p1b: Enamorus|56\/100\n|move|p2b: Gastrodon|Recover|p2b: Gastrodon\n|-heal|p2b: Gastrodon|100\/100\n|\n|-weather|Sandstorm|[upkeep]\n|-damage|p1a: Clefairy|70\/100|[from] Sandstorm\n|upkeep\n|turn|14\n|inactive|LucarioLikesLemons has 120 seconds left.\n|inactive|Xalvadore has 120 seconds left.\n|inactive|LucarioLikesLemons has 90 seconds left.\n|\n|t:|1699046195\n|move|p1b: Enamorus|Draining Kiss|p2a: Hippowdon\n|-damage|p2a: Hippowdon|56\/100\n|-heal|p1b: Enamorus|79\/100|[from] drain|[of] p2a: Hippowdon\n|move|p2a: Hippowdon|Ice Fang|p1b: Enamorus\n|-supereffective|p1b: Enamorus\n|-damage|p1b: Enamorus|61\/100\n|-status|p1b: Enamorus|frz\n|move|p2b: Gastrodon|Ice Beam|p1b: Enamorus\n|-supereffective|p1b: Enamorus\n|-damage|p1b: Enamorus|32\/100 frz\n|move|p1a: Clefairy|Sweet Kiss|p2b: Gastrodon\n|-start|p2b: Gastrodon|confusion\n|\n|-weather|none\n|upkeep\n|turn|15\n|inactive|LucarioLikesLemons has 90 seconds left.\n|c|\u2606LucarioLikesLemons|aw fuck no\n|\n|t:|1699046218\n|switch|p2b: Hitmontop|Hitmontop, M|82\/100\n|-ability|p2b: Hitmontop|Intimidate|boost\n|-unboost|p1a: Clefairy|atk|1\n|-boost|p1b: Enamorus|atk|1\n|switch|p1a: Cresselia|Cresselia, F|94\/100\n|-damage|p1a: Cresselia|82\/100|[from] Stealth Rock\n|cant|p1b: Enamorus|frz\n|move|p2a: Hippowdon|Slack Off|p2a: Hippowdon\n|-heal|p2a: Hippowdon|100\/100\n|\n|-heal|p1a: Cresselia|88\/100|[from] item: Leftovers\n|upkeep\n|turn|16\n|inactive|LucarioLikesLemons has 90 seconds left.\n|\n|t:|1699046239\n|cant|p1b: Enamorus|frz\n|move|p1a: Cresselia|Lunar Blessing|p1a: Cresselia|[spread] p1a,p1b\n|-heal|p1a: Cresselia|100\/100\n|-heal|p1b: Enamorus|57\/100 frz\n|-curestatus|p1b: Enamorus|frz|[msg]\n|move|p2b: Hitmontop|Close Combat|p1b: Enamorus\n|-damage|p1b: Enamorus|22\/100\n|-unboost|p2b: Hitmontop|def|1\n|-unboost|p2b: Hitmontop|spd|1\n|move|p2a: Hippowdon|Ice Fang|p1b: Enamorus\n|-supereffective|p1b: Enamorus\n|-damage|p1b: Enamorus|0 fnt\n|faint|p1b: Enamorus\n|\n|-sideend|p1: LucarioLikesLemons|Reflect\n|upkeep\n|c|\u2606LucarioLikesLemons|gg\n|c|\u2606LucarioLikesLemons|wp\n|c|\u2606LucarioLikesLemons|that freeze was too fucking unlucky mate\n|c|\u2606LucarioLikesLemons|but hey\n|c|\u2606LucarioLikesLemons|ya played good\n|-message|LucarioLikesLemons forfeited.\n|\n|win|Xalvadore\n|raw|LucarioLikesLemons's rating: 1163 &rarr; <strong>1147<\/strong><br \/>(-16 for losing)\n|raw|Xalvadore's rating: 1288 &rarr; <strong>1304<\/strong><br \/>(+16 for winning)\n|l|\u2606LucarioLikesLemons\n|c|\u2606Xalvadore|gg\n","uploadtime":1699046275,"views":5,"p1id":"lucariolikeslemons","p2id":"xalvadore","formatid":"gen9nationaldexdoubles","rating":1147,"private":0,"password":""}