{"id":"gen9nationaldexdoubles-1996095122","p1":"Unstable Pokeman","p2":"Amarutheone","format":"[Gen 9] National Dex Doubles","log":"|j|\u2606Unstable Pokeman\n|j|\u2606Amarutheone\n|t:|1700643275\n|gametype|doubles\n|player|p1|Unstable Pokeman|ballguy|1059\n|player|p2|Amarutheone|hilbert|1119\n|teamsize|p1|6\n|teamsize|p2|6\n|gen|9\n|tier|[Gen 9] National Dex Doubles\n|rated|\n|rule|HP Percentage Mod: HP is shown in percentages\n|rule|Endless Battle Clause: Forcing endless battles is banned\n|rule|OHKO Clause: OHKO moves are banned\n|rule|Evasion Moves Clause: Evasion moves are banned\n|rule|Evasion Abilities Clause: Evasion abilities are banned\n|rule|Species Clause: Limit one of each Pok\u00e9mon\n|rule|Gravity Sleep Clause: The combination of sleep-inducing moves with imperfect accuracy and Gravity or Gigantamax Orbeetle are banned\n|clearpoke\n|poke|p1|Kommo-o, F|\n|poke|p1|Volcarona, F|\n|poke|p1|Quaquaval, M|\n|poke|p1|Lilligant, F|\n|poke|p1|Oricorio-Pom-Pom, F|\n|poke|p1|Flutter Mane|\n|poke|p2|Sceptile, M|\n|poke|p2|Meowstic, M|\n|poke|p2|Seismitoad, M|\n|poke|p2|Lucario, M|\n|poke|p2|Decidueye, M|\n|poke|p2|Tapu Koko|\n|teampreview\n|inactive|Battle timer is ON: inactive players will automatically lose when time's up. (requested by Unstable Pokeman)\n|\n|t:|1700643296\n|start\n|switch|p1a: Kommo-o|Kommo-o, F|100\/100\n|switch|p1b: Oricorio|Oricorio-Pom-Pom, F|100\/100\n|switch|p2a: Leonidas|Seismitoad, M|100\/100\n|switch|p2b: Meowstic|Meowstic, M|100\/100\n|turn|1\n|\n|t:|1700643315\n|move|p2b: Meowstic|Thunder Wave|p1a: Kommo-o\n|-status|p1a: Kommo-o|par\n|move|p1b: Oricorio|Hidden Power|p2a: Leonidas\n|-supereffective|p2a: Leonidas\n|-damage|p2a: Leonidas|50\/100\n|move|p2a: Leonidas|Knock Off|p1b: Oricorio\n|-damage|p1b: Oricorio|69\/100\n|-enditem|p1b: Oricorio|Clear Amulet|[from] move: Knock Off|[of] p2a: Leonidas\n|move|p1a: Kommo-o|Clangorous Soul|p1a: Kommo-o\n|-boost|p1a: Kommo-o|atk|1\n|-boost|p1a: Kommo-o|def|1\n|-boost|p1a: Kommo-o|spa|1\n|-boost|p1a: Kommo-o|spd|1\n|-boost|p1a: Kommo-o|spe|1\n|-damage|p1a: Kommo-o|68\/100 par\n|-activate|p1b: Oricorio|ability: Dancer\n|move|p1b: Oricorio|Clangorous Soul|p1b: Oricorio|[from]ability: Dancer\n|-boost|p1b: Oricorio|atk|1\n|-boost|p1b: Oricorio|def|1\n|-boost|p1b: Oricorio|spa|1\n|-boost|p1b: Oricorio|spd|1\n|-boost|p1b: Oricorio|spe|1\n|-damage|p1b: Oricorio|37\/100\n|\n|-heal|p2a: Leonidas|57\/100|[from] item: Leftovers\n|upkeep\n|turn|2\n|\n|t:|1700643344\n|move|p2b: Meowstic|Reflect|p2b: Meowstic\n|-sidestart|p2: Amarutheone|Reflect\n|move|p1b: Oricorio|Hidden Power|p2a: Leonidas\n|-supereffective|p2a: Leonidas\n|-damage|p2a: Leonidas|0 fnt\n|faint|p2a: Leonidas\n|cant|p1a: Kommo-o|par\n|\n|upkeep\n|inactive|Amarutheone has 120 seconds left.\n|\n|t:|1700643357\n|switch|p2a: Decidueye|Decidueye, M|100\/100\n|turn|3\n|\n|t:|1700643369\n|move|p2b: Meowstic|Light Screen|p2b: Meowstic\n|-sidestart|p2: Amarutheone|move: Light Screen\n|move|p1b: Oricorio|Air Slash|p2a: Decidueye\n|-supereffective|p2a: Decidueye\n|-damage|p2a: Decidueye|40\/100\n|-enditem|p2a: Decidueye|Weakness Policy\n|-boost|p2a: Decidueye|atk|2|[from] item: Weakness Policy\n|-boost|p2a: Decidueye|spa|2|[from] item: Weakness Policy\n|-zpower|p1a: Kommo-o\n|move|p1a: Kommo-o|Clangorous Soulblaze|p2a: Decidueye|[zeffect]|[spread] p2a,p2b\n|-damage|p2a: Decidueye|0 fnt\n|-damage|p2b: Meowstic|60\/100\n|faint|p2a: Decidueye\n|-boost|p1a: Kommo-o|atk|1\n|-boost|p1a: Kommo-o|def|1\n|-boost|p1a: Kommo-o|spa|1\n|-boost|p1a: Kommo-o|spd|1\n|-boost|p1a: Kommo-o|spe|1\n|\n|upkeep\n|\n|t:|1700643388\n|switch|p2a: Nikola Tesla|Tapu Koko|100\/100\n|-fieldstart|move: Electric Terrain|[from] ability: Electric Surge|[of] p2a: Nikola Tesla\n|turn|4\n|\n|t:|1700643406\n|move|p1b: Oricorio|Hidden Power|p2a: Nikola Tesla\n|-damage|p2a: Nikola Tesla|74\/100\n|move|p2a: Nikola Tesla|Brave Bird|p1a: Kommo-o\n|-supereffective|p1a: Kommo-o\n|-damage|p1a: Kommo-o|36\/100 par\n|-damage|p2a: Nikola Tesla|62\/100|[from] Recoil\n|move|p1a: Kommo-o|Flash Cannon|p2a: Nikola Tesla\n|-damage|p2a: Nikola Tesla|25\/100\n|move|p2b: Meowstic|Psychic|p1b: Oricorio\n|-damage|p1b: Oricorio|15\/100\n|\n|upkeep\n|turn|5\n|\n|t:|1700643427\n|move|p1b: Oricorio|Hidden Power|p2a: Nikola Tesla\n|-damage|p2a: Nikola Tesla|0 fnt\n|faint|p2a: Nikola Tesla\n|move|p1a: Kommo-o|Clanging Scales|p2b: Meowstic\n|-damage|p2b: Meowstic|18\/100\n|-unboost|p1a: Kommo-o|def|1\n|move|p2b: Meowstic|Psychic|p1a: Kommo-o\n|-supereffective|p1a: Kommo-o\n|-damage|p1a: Kommo-o|10\/100 par\n|\n|upkeep\n|\n|t:|1700643436\n|switch|p2a: Satoshi|Lucario, M|100\/100\n|turn|6\n|\n|t:|1700643448\n|move|p2a: Satoshi|Bullet Punch|p1b: Oricorio\n|-resisted|p1b: Oricorio\n|-damage|p1b: Oricorio|4\/100\n|-damage|p2a: Satoshi|91\/100|[from] item: Life Orb\n|move|p1b: Oricorio|Revelation Dance|p2b: Meowstic\n|-damage|p2b: Meowstic|0 fnt\n|faint|p2b: Meowstic\n|move|p1a: Kommo-o|Aura Sphere|p2a: Satoshi\n|-supereffective|p2a: Satoshi\n|-damage|p2a: Satoshi|0 fnt\n|faint|p2a: Satoshi\n|\n|upkeep\n|\n|t:|1700643456\n|switch|p2b: Phantom|Sceptile, M|100\/100\n|turn|7\n|\n|t:|1700643465\n|detailschange|p2b: Phantom|Sceptile-Mega, M\n|-mega|p2b: Phantom|Sceptile|Sceptilite\n|move|p1b: Oricorio|Air Slash|p2b: Phantom\n|-supereffective|p2b: Phantom\n|-damage|p2b: Phantom|28\/100\n|move|p2b: Phantom|Earthquake|p1b: Oricorio|[spread] p1a\n|-immune|p1b: Oricorio\n|-damage|p1a: Kommo-o|1\/100 par\n|move|p1a: Kommo-o|Clanging Scales|p2b: Phantom\n|-supereffective|p2b: Phantom\n|-damage|p2b: Phantom|0 fnt\n|faint|p2b: Phantom\n|\n|win|Unstable Pokeman\n|raw|Unstable Pokeman's rating: 1059 &rarr; <strong>1095<\/strong><br \/>(+36 for winning)\n|raw|Amarutheone's rating: 1119 &rarr; <strong>1090<\/strong><br \/>(-29 for losing)\n|l|\u2606Amarutheone\n","uploadtime":1700643487,"views":0,"p1id":"unstablepokeman","p2id":"amarutheone","formatid":"gen9nationaldexdoubles","rating":1090,"private":0,"password":""}