{"id":"gen9nationaldexdoubles-1957258156","p1":"Hound_Power","p2":"Theadonia","format":"[Gen 9] National Dex Doubles","log":"|j|\u2606Hound_Power\n|j|\u2606Theadonia\n|t:|1696200601\n|gametype|doubles\n|player|p1|Hound_Power|psychic|1000\n|player|p2|Theadonia|caitlin|1113\n|teamsize|p1|6\n|teamsize|p2|6\n|gen|9\n|tier|[Gen 9] National Dex Doubles\n|rated|\n|rule|HP Percentage Mod: HP is shown in percentages\n|rule|Endless Battle Clause: Forcing endless battles is banned\n|rule|OHKO Clause: OHKO moves are banned\n|rule|Evasion Moves Clause: Evasion moves are banned\n|rule|Evasion Abilities Clause: Evasion abilities are banned\n|rule|Species Clause: Limit one of each Pok\u00e9mon\n|rule|Gravity Sleep Clause: The combination of sleep-inducing moves with imperfect accuracy and Gravity or Gigantamax Orbeetle are banned\n|clearpoke\n|poke|p1|Smeargle, M|\n|poke|p1|Castform, F|\n|poke|p1|Corviknight, F|\n|poke|p1|Meowth-Alola, M|\n|poke|p1|Altaria, F|\n|poke|p1|Farigiraf, M|\n|poke|p2|Delphox, F|\n|poke|p2|Oricorio-Sensu, M|\n|poke|p2|Kommo-o, M|\n|poke|p2|Riolu, M|\n|poke|p2|Cresselia, F|\n|poke|p2|Gholdengo|\n|teampreview\n|\n|t:|1696200615\n|start\n|switch|p1a: Weather Report|Smeargle, M, shiny|100\/100\n|switch|p1b: Flappy Birb|Altaria, F|100\/100\n|switch|p2a: Kommo-o|Kommo-o, M, shiny|100\/100\n|switch|p2b: Gholdengo|Gholdengo, shiny|100\/100\n|turn|1\n|\n|t:|1696200635\n|switch|p2b: Oricorio|Oricorio-Sensu, M, shiny|100\/100\n|-terastallize|p1a: Weather Report|Water\n|move|p2a: Kommo-o|Clangorous Soul|p2a: Kommo-o\n|-boost|p2a: Kommo-o|atk|1\n|-boost|p2a: Kommo-o|def|1\n|-boost|p2a: Kommo-o|spa|1\n|-boost|p2a: Kommo-o|spd|1\n|-boost|p2a: Kommo-o|spe|1\n|-damage|p2a: Kommo-o|68\/100\n|-activate|p2b: Oricorio|ability: Dancer\n|move|p2b: Oricorio|Clangorous Soul|p2b: Oricorio|[from]ability: Dancer\n|-boost|p2b: Oricorio|atk|1\n|-boost|p2b: Oricorio|def|1\n|-boost|p2b: Oricorio|spa|1\n|-boost|p2b: Oricorio|spd|1\n|-boost|p2b: Oricorio|spe|1\n|-damage|p2b: Oricorio|68\/100\n|move|p1a: Weather Report|Rain Dance|p1a: Weather Report\n|-weather|RainDance\n|move|p1b: Flappy Birb|Dazzling Gleam|p2a: Kommo-o|[spread] p2a,p2b\n|-supereffective|p2a: Kommo-o\n|-damage|p2a: Kommo-o|35\/100\n|-damage|p2b: Oricorio|59\/100\n|\n|-weather|RainDance|[upkeep]\n|upkeep\n|turn|2\n|\n|t:|1696200684\n|switch|p1a: Palindrome|Farigiraf, M|100\/100\n|-zpower|p2a: Kommo-o\n|move|p2a: Kommo-o|Clangorous Soulblaze|p1a: Palindrome|[zeffect]|[spread] p1a,p1b\n|-supereffective|p1b: Flappy Birb\n|-damage|p1a: Palindrome|48\/100\n|-damage|p1b: Flappy Birb|0 fnt\n|faint|p1b: Flappy Birb\n|-boost|p2a: Kommo-o|atk|1\n|-boost|p2a: Kommo-o|def|1\n|-boost|p2a: Kommo-o|spa|1\n|-boost|p2a: Kommo-o|spd|1\n|-boost|p2a: Kommo-o|spe|1\n|move|p2b: Oricorio|Quiver Dance|p2b: Oricorio\n|-boost|p2b: Oricorio|spa|1\n|-boost|p2b: Oricorio|spd|1\n|-boost|p2b: Oricorio|spe|1\n|\n|-weather|RainDance|[upkeep]\n|upkeep\n|\n|t:|1696200707\n|switch|p1b: Katrina|Castform, F|100\/100\n|-formechange|p1b: Katrina|Castform-Rainy|[msg]|[from] ability: Forecast\n|turn|3\n|raw|<div class=\"broadcast-red\"><b>The server is restarting soon.<\/b><br \/>Please finish your battles quickly. No new battles can be started until the server resets in a few minutes.<\/div>\n|inactive|Battle timer is ON: inactive players will automatically lose when time's up.\n|raw|<div class=\"broadcast-red\"><b>Moderated chat was set to +!<\/b><br \/>Only users of rank + and higher can talk.<\/div>\n|\n|t:|1696200724\n|move|p2a: Kommo-o|Clanging Scales|p1b: Katrina|[spread] p1a,p1b\n|-damage|p1a: Palindrome|10\/100\n|-damage|p1b: Katrina|6\/100\n|-unboost|p2a: Kommo-o|def|1\n|move|p2b: Oricorio|Revelation Dance|p1b: Katrina\n|-damage|p1b: Katrina|0 fnt\n|faint|p1b: Katrina\n|move|p1a: Palindrome|Future Sight|p2b: Oricorio\n|-start|p1a: Palindrome|move: Future Sight\n|\n|-weather|RainDance|[upkeep]\n|upkeep\n|\n|t:|1696200739\n|switch|p1b: Templar Tweety|Corviknight, F, shiny|100\/100\n|turn|4\n|\n|t:|1696200754\n|move|p1a: Palindrome|Sucker Punch||[still]\n|-fail|p1a: Palindrome\n|move|p2a: Kommo-o|Drain Punch|p1b: Templar Tweety\n|-damage|p1b: Templar Tweety|43\/100\n|-heal|p2a: Kommo-o|74\/100|[from] drain|[of] p1b: Templar Tweety\n|move|p2b: Oricorio|Roost|p2b: Oricorio\n|-heal|p2b: Oricorio|100\/100\n|-singleturn|p2b: Oricorio|move: Roost\n|move|p1b: Templar Tweety|Payback|p2a: Kommo-o\n|-resisted|p2a: Kommo-o\n|-damage|p2a: Kommo-o|62\/100\n|\n|-weather|RainDance|[upkeep]\n|upkeep\n|turn|5\n|\n|t:|1696200778\n|move|p1a: Palindrome|Sucker Punch|p2a: Kommo-o\n|-resisted|p2a: Kommo-o\n|-damage|p2a: Kommo-o|57\/100\n|move|p2a: Kommo-o|Drain Punch|p1b: Templar Tweety\n|-damage|p1b: Templar Tweety|0 fnt\n|-heal|p2a: Kommo-o|86\/100|[from] drain|[of] p1b: Templar Tweety\n|faint|p1b: Templar Tweety\n|move|p2b: Oricorio|Quiver Dance|p2b: Oricorio\n|-boost|p2b: Oricorio|spa|1\n|-boost|p2b: Oricorio|spd|1\n|-boost|p2b: Oricorio|spe|1\n|\n|-weather|none\n|-end|p2b: Oricorio|move: Future Sight\n|-damage|p2b: Oricorio|78\/100\n|upkeep\n|\n|t:|1696200784\n|switch|p1b: Weather Report|Smeargle, M, shiny, tera:Water|100\/100\n|turn|6\n|\n|t:|1696200801\n|move|p2a: Kommo-o|Clanging Scales|p1a: Palindrome|[spread] p1a,p1b\n|-damage|p1a: Palindrome|0 fnt\n|-enditem|p1b: Weather Report|Focus Sash\n|-damage|p1b: Weather Report|1\/100\n|faint|p1a: Palindrome\n|-unboost|p2a: Kommo-o|def|1\n|move|p2b: Oricorio|Revelation Dance|p1b: Weather Report\n|-damage|p1b: Weather Report|0 fnt\n|faint|p1b: Weather Report\n|\n|upkeep\n|inactive|Hound_Power has 120 seconds left.\n|\n|t:|1696200822\n|switch|p1a: Pete the Cat|Meowth-Alola, M, shiny|100\/100\n|turn|7\n|inactive|Hound_Power has 120 seconds left.\n|\n|t:|1696200848\n|-terastallize|p2b: Oricorio|Fairy\n|move|p2a: Kommo-o|Drain Punch|p1a: Pete the Cat\n|-supereffective|p1a: Pete the Cat\n|-enditem|p1a: Pete the Cat|Focus Sash\n|-damage|p1a: Pete the Cat|1\/100\n|-heal|p2a: Kommo-o|100\/100|[from] drain|[of] p1a: Pete the Cat\n|move|p2b: Oricorio|Revelation Dance|p1a: Pete the Cat\n|-supereffective|p1a: Pete the Cat\n|-damage|p1a: Pete the Cat|0 fnt\n|faint|p1a: Pete the Cat\n|\n|win|Theadonia\n|raw|Hound_Power's rating: 1000 &rarr; <strong>1000<\/strong><br \/>(+0 for losing)\n|raw|Theadonia's rating: 1113 &rarr; <strong>1130<\/strong><br \/>(+17 for winning)\n|l|\u2606Hound_Power\n","uploadtime":1696200905,"views":12,"p1id":"houndpower","p2id":"theadonia","formatid":"gen9nationaldexdoubles","rating":1000,"private":0,"password":""}