{"id":"gen9nationaldexdoubles-1993876389","p1":"Shiny_Hero64","p2":"Dylanpika99","format":"[Gen 9] National Dex Doubles","log":"|j|\u2606Shiny_Hero64\n|j|\u2606Dylanpika99\n|t:|1700368727\n|gametype|doubles\n|player|p1|Shiny_Hero64|n-masters3|\n|player|p2|Dylanpika99|265|\n|teamsize|p1|6\n|teamsize|p2|6\n|gen|9\n|tier|[Gen 9] National Dex Doubles\n|rule|HP Percentage Mod: HP is shown in percentages\n|rule|Endless Battle Clause: Forcing endless battles is banned\n|rule|OHKO Clause: OHKO moves are banned\n|rule|Evasion Moves Clause: Evasion moves are banned\n|rule|Evasion Abilities Clause: Evasion abilities are banned\n|rule|Species Clause: Limit one of each Pok\u00e9mon\n|rule|Gravity Sleep Clause: The combination of sleep-inducing moves with imperfect accuracy and Gravity or Gigantamax Orbeetle are banned\n|clearpoke\n|poke|p1|Farigiraf, M|\n|poke|p1|Ursaluna, M|\n|poke|p1|Camerupt, M|\n|poke|p1|Hatterene, F|\n|poke|p1|Iron Hands|\n|poke|p1|Enamorus-Therian, F|\n|poke|p2|Ogerpon-Cornerstone, F|\n|poke|p2|Sinistcha-Masterpiece|\n|poke|p2|Incineroar, F|\n|poke|p2|Salamence, F|\n|poke|p2|Tapu Fini|\n|poke|p2|Jirachi|\n|teampreview\n|j| Eliminathan\n|j| TheMoistFetus\n|inactive|Battle timer is ON: inactive players will automatically lose when time's up. (requested by Dylanpika99)\n|j| Ryan1Baek\n|inactive|Shiny_Hero64 has 270 seconds left.\n|inactive|Dylanpika99 has 270 seconds left.\n|j| NickNoName\n|inactive|Shiny_Hero64 has 240 seconds left.\n|\n|t:|1700368802\n|start\n|switch|p1a: Normal neck|Farigiraf, M|100\/100\n|switch|p1b: Camerupt|Camerupt, M|100\/100\n|switch|p2a: Sinistcha|Sinistcha-Masterpiece|100\/100\n|switch|p2b: Salamence|Salamence, F|100\/100\n|-ability|p2b: Salamence|Intimidate|boost\n|-unboost|p1a: Normal neck|atk|1\n|-unboost|p1b: Camerupt|atk|1\n|turn|1\n|\n|t:|1700368820\n|detailschange|p2b: Salamence|Salamence-Mega, F\n|-mega|p2b: Salamence|Salamence|Salamencite\n|detailschange|p1b: Camerupt|Camerupt-Mega, M\n|-mega|p1b: Camerupt|Camerupt|Cameruptite\n|move|p1b: Camerupt|Protect|p1b: Camerupt\n|-singleturn|p1b: Camerupt|Protect\n|move|p2b: Salamence|Return|p1b: Camerupt\n|-activate|p1b: Camerupt|move: Protect\n|move|p2a: Sinistcha|Imprison|p2a: Sinistcha\n|-start|p2a: Sinistcha|move: Imprison\n|cant|p1a: Normal neck|move: Imprison|Trick Room\n|\n|upkeep\n|turn|2\n|c| Eliminathan|see thats why dylan is my goat\n|inactive|Dylanpika99 has 270 seconds left.\n|c|\u2606Dylanpika99|sinistcha sweep\n|\n|t:|1700368860\n|move|p2b: Salamence|Return|p1b: Camerupt\n|-damage|p1b: Camerupt|25\/100\n|move|p2a: Sinistcha|Matcha Gotcha|p1a: Normal neck|[spread] p1a,p1b\n|-damage|p1a: Normal neck|72\/100\n|-damage|p1b: Camerupt|0 fnt\n|faint|p1b: Camerupt\n|move|p1a: Normal neck|Dazzling Gleam|p2b: Salamence|[spread] p2a,p2b\n|-supereffective|p2b: Salamence\n|-damage|p2a: Sinistcha|79\/100\n|-damage|p2b: Salamence|58\/100\n|\n|upkeep\n|j| Tsugia\n|inactive|Shiny_Hero64 has 270 seconds left.\n|\n|t:|1700368872\n|switch|p1b: Azzoe|Hatterene, F, shiny|100\/100\n|turn|3\n|c| TheMoistFetus|HOLY SHIT ITS ZOE\n|c| TheMoistFetus|YEAAAAAAAAAAAAAAAAAAAH\n|c|\u2606Shiny_Hero64|That was not what I was supposed to do\n|c| TheMoistFetus|Im sending this to her\n|inactive|Shiny_Hero64 has 270 seconds left.\n|inactive|Dylanpika99 has 270 seconds left.\n|c|\u2606Dylanpika99|flop\n|\n|t:|1700368927\n|switch|p1b: Iron Hands|Iron Hands|100\/100\n|-enditem|p1b: Iron Hands|Booster Energy\n|-activate|p1b: Iron Hands|ability: Quark Drive|[fromitem]\n|-start|p1b: Iron Hands|quarkdriveatk\n|move|p2b: Salamence|Return|p1b: Iron Hands\n|-damage|p1b: Iron Hands|54\/100\n|move|p2a: Sinistcha|Matcha Gotcha|p1a: Normal neck|[spread] p1a,p1b\n|-damage|p1a: Normal neck|42\/100\n|-heal|p2a: Sinistcha|99\/100|[from] drain|[of] p1a: Normal neck\n|-damage|p1b: Iron Hands|30\/100\n|-heal|p2a: Sinistcha|100\/100|[from] drain|[of] p1b: Iron Hands\n|move|p1a: Normal neck|Dazzling Gleam|p2b: Salamence|[spread] p2a,p2b\n|-supereffective|p2b: Salamence\n|-damage|p2a: Sinistcha|79\/100\n|-damage|p2b: Salamence|13\/100\n|\n|upkeep\n|turn|4\n|inactive|Dylanpika99 has 270 seconds left.\n|c| Ryan1Baek|didnt know rock ogerpon would be so popular\n|inactive|Dylanpika99 has 240 seconds left.\n|c| TheMoistFetus|built in sturdy and only getting walled by kommo o and steels talks\n|\n|t:|1700368987\n|switch|p2b: Tapu Fini|Tapu Fini|100\/100\n|-fieldstart|move: Misty Terrain|[from] ability: Misty Surge|[of] p2b: Tapu Fini\n|move|p1b: Iron Hands|Fake Out|p2b: Tapu Fini\n|-damage|p2b: Tapu Fini|81\/100\n|move|p2a: Sinistcha|Matcha Gotcha|p1a: Normal neck|[spread] p1a,p1b\n|-damage|p1a: Normal neck|12\/100\n|-heal|p2a: Sinistcha|98\/100|[from] drain|[of] p1a: Normal neck\n|-damage|p1b: Iron Hands|7\/100\n|-heal|p2a: Sinistcha|100\/100|[from] drain|[of] p1b: Iron Hands\n|move|p1a: Normal neck|Dazzling Gleam|p2a: Sinistcha|[spread] p2a,p2b\n|-damage|p2a: Sinistcha|79\/100\n|-damage|p2b: Tapu Fini|64\/100\n|\n|upkeep\n|turn|5\n|inactive|Dylanpika99 has 240 seconds left.\n|inactive|Shiny_Hero64 has 270 seconds left.\n|l| Tsugia\n|\n|t:|1700369008\n|move|p2b: Tapu Fini|Muddy Water|p1a: Normal neck|[spread] p1a,p1b\n|-crit|p1a: Normal neck\n|-damage|p1a: Normal neck|0 fnt\n|-damage|p1b: Iron Hands|0 fnt\n|faint|p1a: Normal neck\n|faint|p1b: Iron Hands\n|-end|p1b: Iron Hands|Quark Drive|[silent]\n|move|p2a: Sinistcha|Matcha Gotcha|p1: Normal neck|[notarget]\n|-fail|p2a: Sinistcha\n|\n|upkeep\n|inactive|Shiny_Hero64 has 270 seconds left.\n|\n|t:|1700369015\n|switch|p1a: Azzoe|Hatterene, F, shiny|100\/100\n|switch|p1b: Enamorus|Enamorus-Therian, F|100\/100\n|turn|6\n|\n|t:|1700369028\n|move|p2b: Tapu Fini|Muddy Water|p1a: Azzoe|[spread] p1a,p1b\n|-damage|p1a: Azzoe|68\/100\n|-damage|p1b: Enamorus|73\/100\n|-unboost|p1a: Azzoe|accuracy|1\n|-unboost|p1b: Enamorus|accuracy|1\n|move|p2a: Sinistcha|Matcha Gotcha|p1a: Azzoe|[spread] p1a,p1b\n|-resisted|p1b: Enamorus\n|-damage|p1a: Azzoe|37\/100\n|-heal|p2a: Sinistcha|94\/100|[from] drain|[of] p1a: Azzoe\n|-damage|p1b: Enamorus|60\/100\n|-heal|p2a: Sinistcha|99\/100|[from] drain|[of] p1b: Enamorus\n|move|p1b: Enamorus|Calm Mind|p1b: Enamorus\n|-boost|p1b: Enamorus|spa|1\n|-boost|p1b: Enamorus|spd|1\n|-zpower|p1a: Azzoe\n|move|p1a: Azzoe|Twinkle Tackle|p2a: Sinistcha|[zeffect]\n|-damage|p2a: Sinistcha|0 fnt\n|faint|p2a: Sinistcha\n|\n|upkeep\n|inactive|Dylanpika99 has 240 seconds left.\n|\n|t:|1700369047\n|switch|p2a: her|Ogerpon-Cornerstone, F|100\/100\n|turn|7\n|\n|t:|1700369066\n|-terastallize|p2a: her|Rock\n|detailschange|p2a: her|Ogerpon-Cornerstone-Tera, F, tera:Rock\n|-ability|p2a: her|Embody Aspect (Cornerstone)|boost\n|-boost|p2a: her|def|1\n|move|p2a: her|Ivy Cudgel|p1b: Enamorus|[anim] Ivy Cudgel Rock\n|-supereffective|p1b: Enamorus\n|-damage|p1b: Enamorus|0 fnt\n|faint|p1b: Enamorus\n|move|p2b: Tapu Fini|Moonblast|p1a: Azzoe\n|-damage|p1a: Azzoe|0 fnt\n|faint|p1a: Azzoe\n|\n|upkeep\n|\n|t:|1700369074\n|switch|p1b: B E A R|Ursaluna, M|100\/100\n|turn|8\n|-message|Shiny_Hero64 forfeited.\n|\n|win|Dylanpika99\n|l| Ryan1Baek\n|c|\u2606Dylanpika99|ggs\n|c|\u2606Shiny_Hero64|God\u2026\n|c|\u2606Shiny_Hero64|gg\n","uploadtime":1700369088,"views":23,"p1id":"shinyhero64","p2id":"dylanpika99","formatid":"gen9nationaldexdoubles","rating":0,"private":0,"password":""}