{"id":"gen9nationaldexdoubles-1956427242","p1":"Mudkiped","p2":"12345678nd\u7259\u5723","format":"[Gen 9] National Dex Doubles","log":"|j|\u2606Mudkiped\n|j|\u260612345678nd\u7259\u5723\n|t:|1696106738\n|gametype|doubles\n|player|p1|Mudkiped|crasherwake|1408\n|player|p2|12345678nd\u7259\u5723|266|1415\n|teamsize|p1|6\n|teamsize|p2|6\n|gen|9\n|tier|[Gen 9] National Dex Doubles\n|rated|\n|rule|HP Percentage Mod: HP is shown in percentages\n|rule|Endless Battle Clause: Forcing endless battles is banned\n|rule|OHKO Clause: OHKO moves are banned\n|rule|Evasion Moves Clause: Evasion moves are banned\n|rule|Evasion Abilities Clause: Evasion abilities are banned\n|rule|Species Clause: Limit one of each Pok\u00e9mon\n|rule|Gravity Sleep Clause: The combination of sleep-inducing moves with imperfect accuracy and Gravity or Gigantamax Orbeetle are banned\n|clearpoke\n|poke|p1|Wo-Chien|\n|poke|p1|Sinistcha-Masterpiece|\n|poke|p1|Incineroar, F|\n|poke|p1|Kommo-o, M|\n|poke|p1|Ninetales-Alola, F|\n|poke|p1|Landorus, M|\n|poke|p2|Diancie|\n|poke|p2|Chien-Pao|\n|poke|p2|Flutter Mane|\n|poke|p2|Volcanion|\n|poke|p2|Rillaboom, M|\n|poke|p2|Zygarde|\n|teampreview\n|\n|t:|1696106750\n|start\n|switch|p1a: Mc Cloud|Ninetales-Alola, F|100\/100\n|switch|p1b: Wheres My Tea?|Landorus, M|100\/100\n|switch|p2a: \u6709\u4e00\u79cd\u5f3a\u5ea6\u7f8e|Flutter Mane|100\/100\n|switch|p2b: Volcanion|Volcanion|100\/100\n|-weather|Snow|[from] ability: Snow Warning|[of] p1a: Mc Cloud\n|-enditem|p2a: \u6709\u4e00\u79cd\u5f3a\u5ea6\u7f8e|Booster Energy\n|-activate|p2a: \u6709\u4e00\u79cd\u5f3a\u5ea6\u7f8e|ability: Protosynthesis|[fromitem]\n|-start|p2a: \u6709\u4e00\u79cd\u5f3a\u5ea6\u7f8e|protosynthesisspe\n|turn|1\n|\n|t:|1696106771\n|move|p2a: \u6709\u4e00\u79cd\u5f3a\u5ea6\u7f8e|Moonblast|p1a: Mc Cloud\n|-damage|p1a: Mc Cloud|45\/100\n|move|p1a: Mc Cloud|Aurora Veil|p1a: Mc Cloud\n|-sidestart|p1: Mudkiped|move: Aurora Veil\n|move|p1b: Wheres My Tea?|Sandsear Storm|p2b: Volcanion|[spread] \n|-miss|p1b: Wheres My Tea?|p2a: \u6709\u4e00\u79cd\u5f3a\u5ea6\u7f8e\n|-miss|p1b: Wheres My Tea?|p2b: Volcanion\n|move|p2b: Volcanion|Heat Wave|p1a: Mc Cloud|[spread] p1a\n|-miss|p2b: Volcanion|p1b: Wheres My Tea?\n|-supereffective|p1a: Mc Cloud\n|-damage|p1a: Mc Cloud|0 fnt\n|faint|p1a: Mc Cloud\n|\n|-weather|Snow|[upkeep]\n|upkeep\n|\n|t:|1696106788\n|switch|p1a: Whats New?|Incineroar, F, shiny|100\/100\n|-ability|p1a: Whats New?|Intimidate|boost\n|-unboost|p2a: \u6709\u4e00\u79cd\u5f3a\u5ea6\u7f8e|atk|1\n|-unboost|p2b: Volcanion|atk|1\n|turn|2\n|\n|t:|1696106797\n|move|p2a: \u6709\u4e00\u79cd\u5f3a\u5ea6\u7f8e|Protect|p2a: \u6709\u4e00\u79cd\u5f3a\u5ea6\u7f8e\n|-singleturn|p2a: \u6709\u4e00\u79cd\u5f3a\u5ea6\u7f8e|Protect\n|move|p1b: Wheres My Tea?|Sandsear Storm|p2a: \u6709\u4e00\u79cd\u5f3a\u5ea6\u7f8e|[spread] \n|-activate|p2a: \u6709\u4e00\u79cd\u5f3a\u5ea6\u7f8e|move: Protect\n|-miss|p1b: Wheres My Tea?|p2b: Volcanion\n|move|p2b: Volcanion|Steam Eruption|p1b: Wheres My Tea?\n|-supereffective|p1b: Wheres My Tea?\n|-damage|p1b: Wheres My Tea?|0 fnt\n|faint|p1b: Wheres My Tea?\n|move|p1a: Whats New?|Flare Blitz|p2a: \u6709\u4e00\u79cd\u5f3a\u5ea6\u7f8e\n|-activate|p2a: \u6709\u4e00\u79cd\u5f3a\u5ea6\u7f8e|move: Protect\n|\n|-weather|Snow|[upkeep]\n|upkeep\n|c|\u2606Mudkiped|lando imma need you to open those crusty eyes next time ok\n|c|\u2606Mudkiped|y\n|c|\u2606Mudkiped|lookin like a ggs cant really break this\n|\n|t:|1696106842\n|switch|p1b: Big Kahuna|Kommo-o, M, shiny|100\/100\n|turn|3\n|\n|t:|1696106850\n|-terastallize|p1b: Big Kahuna|Steel\n|move|p2a: \u6709\u4e00\u79cd\u5f3a\u5ea6\u7f8e|Moonblast|p1b: Big Kahuna\n|-resisted|p1b: Big Kahuna\n|-damage|p1b: Big Kahuna|86\/100\n|-unboost|p1b: Big Kahuna|spa|1\n|move|p1b: Big Kahuna|Clangorous Soul|p1b: Big Kahuna\n|-boost|p1b: Big Kahuna|atk|1\n|-boost|p1b: Big Kahuna|def|1\n|-boost|p1b: Big Kahuna|spa|1\n|-boost|p1b: Big Kahuna|spd|1\n|-boost|p1b: Big Kahuna|spe|1\n|-damage|p1b: Big Kahuna|53\/100\n|-enditem|p1b: Big Kahuna|Throat Spray\n|-boost|p1b: Big Kahuna|spa|1|[from] item: Throat Spray\n|move|p2b: Volcanion|Steam Eruption|p1a: Whats New?\n|-supereffective|p1a: Whats New?\n|-damage|p1a: Whats New?|38\/100\n|-enditem|p1a: Whats New?|Sitrus Berry|[eat]\n|-heal|p1a: Whats New?|63\/100|[from] item: Sitrus Berry\n|move|p1a: Whats New?|Knock Off|p2b: Volcanion\n|-damage|p2b: Volcanion|67\/100\n|-enditem|p2b: Volcanion|Assault Vest|[from] move: Knock Off|[of] p1a: Whats New?\n|\n|-weather|Snow|[upkeep]\n|upkeep\n|turn|4\n|\n|t:|1696106877\n|switch|p1a: In A Hot Tub|Sinistcha-Masterpiece, shiny|100\/100\n|-heal|p1b: Big Kahuna|78\/100|[from] ability: Hospitality|[of] p1a: In A Hot Tub\n|move|p2a: \u6709\u4e00\u79cd\u5f3a\u5ea6\u7f8e|Shadow Ball|p1b: Big Kahuna\n|-damage|p1b: Big Kahuna|61\/100\n|move|p1b: Big Kahuna|Flash Cannon|p2a: \u6709\u4e00\u79cd\u5f3a\u5ea6\u7f8e\n|-supereffective|p2a: \u6709\u4e00\u79cd\u5f3a\u5ea6\u7f8e\n|-damage|p2a: \u6709\u4e00\u79cd\u5f3a\u5ea6\u7f8e|10\/100\n|move|p2b: Volcanion|Heat Wave|p1a: In A Hot Tub|[spread] p1a,p1b\n|-supereffective|p1a: In A Hot Tub\n|-supereffective|p1b: Big Kahuna\n|-damage|p1a: In A Hot Tub|52\/100\n|-damage|p1b: Big Kahuna|24\/100\n|\n|-weather|Snow|[upkeep]\n|upkeep\n|turn|5\n|\n|t:|1696106926\n|move|p2a: \u6709\u4e00\u79cd\u5f3a\u5ea6\u7f8e|Icy Wind|p1a: In A Hot Tub|[spread] p1a,p1b\n|-supereffective|p1a: In A Hot Tub\n|-resisted|p1b: Big Kahuna\n|-damage|p1a: In A Hot Tub|36\/100\n|-damage|p1b: Big Kahuna|20\/100\n|-unboost|p1a: In A Hot Tub|spe|1\n|-unboost|p1b: Big Kahuna|spe|1\n|move|p1b: Big Kahuna|Clanging Scales|p2a: \u6709\u4e00\u79cd\u5f3a\u5ea6\u7f8e|[spread] p2b\n|-immune|p2a: \u6709\u4e00\u79cd\u5f3a\u5ea6\u7f8e\n|-damage|p2b: Volcanion|10\/100\n|-unboost|p1b: Big Kahuna|def|1\n|move|p2b: Volcanion|Heat Wave|p1a: In A Hot Tub|[spread] p1a\n|-miss|p2b: Volcanion|p1b: Big Kahuna\n|-supereffective|p1a: In A Hot Tub\n|-damage|p1a: In A Hot Tub|0 fnt\n|faint|p1a: In A Hot Tub\n|\n|-weather|none\n|upkeep\n|\n|t:|1696106945\n|switch|p1a: Whats New?|Incineroar, F, shiny|63\/100\n|-ability|p1a: Whats New?|Intimidate|boost\n|-unboost|p2a: \u6709\u4e00\u79cd\u5f3a\u5ea6\u7f8e|atk|1\n|-unboost|p2b: Volcanion|atk|1\n|turn|6\n|\n|t:|1696106964\n|move|p1a: Whats New?|Fake Out|p2b: Volcanion\n|-damage|p2b: Volcanion|1\/100\n|move|p2a: \u6709\u4e00\u79cd\u5f3a\u5ea6\u7f8e|Shadow Ball|p1b: Big Kahuna\n|-damage|p1b: Big Kahuna|4\/100\n|move|p1b: Big Kahuna|Flash Cannon|p2a: \u6709\u4e00\u79cd\u5f3a\u5ea6\u7f8e\n|-supereffective|p2a: \u6709\u4e00\u79cd\u5f3a\u5ea6\u7f8e\n|-damage|p2a: \u6709\u4e00\u79cd\u5f3a\u5ea6\u7f8e|0 fnt\n|faint|p2a: \u6709\u4e00\u79cd\u5f3a\u5ea6\u7f8e\n|-end|p2a: \u6709\u4e00\u79cd\u5f3a\u5ea6\u7f8e|Protosynthesis|[silent]\n|cant|p2b: Volcanion|flinch\n|\n|upkeep\n|\n|t:|1696106972\n|switch|p2a: Zygarde|Zygarde|100\/100\n|-ability|p2a: Zygarde|Aura Break\n|turn|7\n|\n|t:|1696106982\n|switch|p1a: Lich's Big W|Wo-Chien|100\/100\n|-ability|p1a: Lich's Big W|Tablets of Ruin\n|move|p2a: Zygarde|Extreme Speed|p1b: Big Kahuna\n|-resisted|p1b: Big Kahuna\n|-damage|p1b: Big Kahuna|0 fnt\n|faint|p1b: Big Kahuna\n|move|p2b: Volcanion|Steam Eruption|p1a: Lich's Big W\n|-resisted|p1a: Lich's Big W\n|-damage|p1a: Lich's Big W|88\/100\n|\n|-heal|p1a: Lich's Big W|94\/100|[from] item: Leftovers\n|upkeep\n|\n|t:|1696106990\n|switch|p1b: Whats New?|Incineroar, F, shiny|63\/100\n|-ability|p1b: Whats New?|Intimidate|boost\n|-unboost|p2a: Zygarde|atk|1\n|-unboost|p2b: Volcanion|atk|1\n|turn|8\n|\n|t:|1696107035\n|switch|p2a: Diancie|Diancie|100\/100\n|move|p1b: Whats New?|Fake Out|p2b: Volcanion\n|-damage|p2b: Volcanion|0 fnt\n|faint|p2b: Volcanion\n|move|p1a: Lich's Big W|Leech Seed|p2a: Diancie\n|-start|p2a: Diancie|move: Leech Seed\n|\n|-heal|p1a: Lich's Big W|99\/100|[from] item: Leftovers\n|-damage|p2a: Diancie|88\/100|[from] Leech Seed|[of] p1a: Lich's Big W\n|-heal|p1a: Lich's Big W|100\/100|[silent]\n|-sideend|p1: Mudkiped|move: Aurora Veil\n|upkeep\n|\n|t:|1696107045\n|switch|p2b: \u5730\u7206\u5929\u661f\uff01\uff01\uff01\u8c01\u7ed9\u4f60\u4e00\u888b\u7c73\u54df\uff01|Chien-Pao|100\/100\n|-ability|p2b: \u5730\u7206\u5929\u661f\uff01\uff01\uff01\u8c01\u7ed9\u4f60\u4e00\u888b\u7c73\u54df\uff01|Sword of Ruin\n|turn|9\n|\n|t:|1696107058\n|move|p2b: \u5730\u7206\u5929\u661f\uff01\uff01\uff01\u8c01\u7ed9\u4f60\u4e00\u888b\u7c73\u54df\uff01|Icicle Crash|p1a: Lich's Big W\n|-supereffective|p1a: Lich's Big W\n|-damage|p1a: Lich's Big W|38\/100\n|move|p2a: Diancie|Substitute|p2a: Diancie\n|-start|p2a: Diancie|Substitute\n|-damage|p2a: Diancie|63\/100\n|move|p1a: Lich's Big W|Pollen Puff|p1b: Whats New?\n|-heal|p1b: Whats New?|100\/100\n|move|p1b: Whats New?|Parting Shot|p2b: \u5730\u7206\u5929\u661f\uff01\uff01\uff01\u8c01\u7ed9\u4f60\u4e00\u888b\u7c73\u54df\uff01\n|-unboost|p2b: \u5730\u7206\u5929\u661f\uff01\uff01\uff01\u8c01\u7ed9\u4f60\u4e00\u888b\u7c73\u54df\uff01|atk|1\n|-unboost|p2b: \u5730\u7206\u5929\u661f\uff01\uff01\uff01\u8c01\u7ed9\u4f60\u4e00\u888b\u7c73\u54df\uff01|spa|1\n|\n|-heal|p1a: Lich's Big W|44\/100|[from] item: Leftovers\n|-damage|p2a: Diancie|51\/100|[from] Leech Seed|[of] p1a: Lich's Big W\n|-heal|p1a: Lich's Big W|52\/100|[silent]\n|upkeep\n|turn|10\n|\n|t:|1696107076\n|move|p1a: Lich's Big W|Protect|p1a: Lich's Big W\n|-singleturn|p1a: Lich's Big W|Protect\n|move|p2b: \u5730\u7206\u5929\u661f\uff01\uff01\uff01\u8c01\u7ed9\u4f60\u4e00\u888b\u7c73\u54df\uff01|Icicle Crash|p1a: Lich's Big W\n|-activate|p1a: Lich's Big W|move: Protect\n|move|p2a: Diancie|Body Press|p1a: Lich's Big W\n|-activate|p1a: Lich's Big W|move: Protect\n|move|p1b: Whats New?|Flare Blitz|p2b: \u5730\u7206\u5929\u661f\uff01\uff01\uff01\u8c01\u7ed9\u4f60\u4e00\u888b\u7c73\u54df\uff01\n|-supereffective|p2b: \u5730\u7206\u5929\u661f\uff01\uff01\uff01\u8c01\u7ed9\u4f60\u4e00\u888b\u7c73\u54df\uff01\n|-damage|p2b: \u5730\u7206\u5929\u661f\uff01\uff01\uff01\u8c01\u7ed9\u4f60\u4e00\u888b\u7c73\u54df\uff01|0 fnt\n|faint|p2b: \u5730\u7206\u5929\u661f\uff01\uff01\uff01\u8c01\u7ed9\u4f60\u4e00\u888b\u7c73\u54df\uff01\n|-damage|p1b: Whats New?|75\/100|[from] Recoil\n|\n|-heal|p1a: Lich's Big W|58\/100|[from] item: Leftovers\n|-damage|p2a: Diancie|38\/100|[from] Leech Seed|[of] p1a: Lich's Big W\n|-heal|p1a: Lich's Big W|66\/100|[silent]\n|upkeep\n|\n|t:|1696107133\n|switch|p2b: Zygarde|Zygarde|100\/100\n|-ability|p2b: Zygarde|Aura Break\n|turn|11\n|\n|t:|1696107169\n|detailschange|p2a: Diancie|Diancie-Mega\n|-mega|p2a: Diancie|Diancie|Diancite\n|move|p2a: Diancie|Body Press|p1a: Lich's Big W\n|-supereffective|p1a: Lich's Big W\n|-crit|p1a: Lich's Big W\n|-damage|p1a: Lich's Big W|33\/100\n|move|p2b: Zygarde|Superpower|p1a: Lich's Big W\n|-supereffective|p1a: Lich's Big W\n|-damage|p1a: Lich's Big W|0 fnt\n|-unboost|p2b: Zygarde|atk|1\n|-unboost|p2b: Zygarde|def|1\n|faint|p1a: Lich's Big W\n|move|p1b: Whats New?|Parting Shot|p2b: Zygarde\n|-unboost|p2b: Zygarde|atk|1\n|-unboost|p2b: Zygarde|spa|1\n|\n|upkeep\n|turn|12\n|c|\u2606Mudkiped|thats ggs\n|\n|t:|1696107217\n|switch|p2b: Rillaboom|Rillaboom, M|100\/100\n|-fieldstart|move: Grassy Terrain|[from] ability: Grassy Surge|[of] p2b: Rillaboom\n|move|p2a: Diancie|Diamond Storm|p1b: Whats New?\n|-supereffective|p1b: Whats New?\n|-damage|p1b: Whats New?|0 fnt\n|faint|p1b: Whats New?\n|\n|win|12345678nd\u7259\u5723\n|raw|Mudkiped's rating: 1408 &rarr; <strong>1388<\/strong><br \/>(-20 for losing)\n|raw|12345678nd\u7259\u5723's rating: 1415 &rarr; <strong>1435<\/strong><br \/>(+20 for winning)\n|l|\u260612345678nd\u7259\u5723\n|c|\u2606Mudkiped|\u597d\u6e38\u620f\n","uploadtime":1696107377,"views":11,"p1id":"mudkiped","p2id":"12345678nd","formatid":"gen9nationaldexdoubles","rating":1388,"private":0,"password":""}