{"id":"gen9nationaldexdoubles-1958324826","p1":"blubry","p2":"impastabot4000","format":"[Gen 9] National Dex Doubles","log":"|j|\u2606blubry\n|j|\u2606impastabot4000\n|t:|1696312385\n|gametype|doubles\n|player|p1|blubry|265|1054\n|player|p2|impastabot4000|nate|1139\n|teamsize|p1|6\n|teamsize|p2|6\n|gen|9\n|tier|[Gen 9] National Dex Doubles\n|rated|\n|rule|HP Percentage Mod: HP is shown in percentages\n|rule|Endless Battle Clause: Forcing endless battles is banned\n|rule|OHKO Clause: OHKO moves are banned\n|rule|Evasion Moves Clause: Evasion moves are banned\n|rule|Evasion Abilities Clause: Evasion abilities are banned\n|rule|Species Clause: Limit one of each Pok\u00e9mon\n|rule|Gravity Sleep Clause: The combination of sleep-inducing moves with imperfect accuracy and Gravity or Gigantamax Orbeetle are banned\n|clearpoke\n|poke|p1|Empoleon, M|\n|poke|p1|Mew|\n|poke|p1|Jirachi|\n|poke|p1|Maushold-Four|\n|poke|p1|Clefairy, F|\n|poke|p1|Volbeat, M|\n|poke|p2|Kommo-o, M|\n|poke|p2|Ninetales-Alola, F|\n|poke|p2|Wo-Chien|\n|poke|p2|Sinistcha-Masterpiece|\n|poke|p2|Incineroar, F|\n|poke|p2|Landorus, M|\n|teampreview\n|inactive|Battle timer is ON: inactive players will automatically lose when time's up. (requested by impastabot4000)\n|\n|t:|1696312412\n|start\n|switch|p1a: Empoleon|Empoleon, M|100\/100\n|switch|p1b: Mew|Mew|100\/100\n|switch|p2a: Incineroar|Incineroar, F|100\/100\n|switch|p2b: Kommo-o|Kommo-o, M|100\/100\n|-ability|p2a: Incineroar|Intimidate|boost\n|-unboost|p1a: Empoleon|atk|1\n|-ability|p1a: Empoleon|Competitive|boost\n|-boost|p1a: Empoleon|spa|2\n|-unboost|p1b: Mew|atk|1\n|turn|1\n|\n|t:|1696312435\n|move|p2a: Incineroar|Fake Out|p1a: Empoleon\n|-resisted|p1a: Empoleon\n|-damage|p1a: Empoleon|96\/100\n|move|p1b: Mew|Fire Pledge|p2a: Incineroar\n|-waiting|p1b: Mew|p1a: Empoleon\n|cant|p1a: Empoleon|flinch\n|move|p2b: Kommo-o|Clangorous Soul|p2b: Kommo-o\n|-boost|p2b: Kommo-o|atk|1\n|-boost|p2b: Kommo-o|def|1\n|-boost|p2b: Kommo-o|spa|1\n|-boost|p2b: Kommo-o|spd|1\n|-boost|p2b: Kommo-o|spe|1\n|-damage|p2b: Kommo-o|68\/100\n|-enditem|p2b: Kommo-o|Throat Spray\n|-boost|p2b: Kommo-o|spa|1|[from] item: Throat Spray\n|\n|-heal|p1a: Empoleon|100\/100|[from] item: Leftovers\n|upkeep\n|turn|2\n|\n|t:|1696312454\n|switch|p2a: Sinistcha|Sinistcha-Masterpiece|100\/100\n|-heal|p2b: Kommo-o|93\/100|[from] ability: Hospitality|[of] p2a: Sinistcha\n|-terastallize|p1a: Empoleon|Water\n|move|p2b: Kommo-o|Clanging Scales|p1a: Empoleon|[spread] p1a,p1b\n|-damage|p1a: Empoleon|46\/100\n|-damage|p1b: Mew|24\/100\n|-unboost|p2b: Kommo-o|def|1\n|move|p1b: Mew|Fire Pledge|p2a: Sinistcha\n|-waiting|p1b: Mew|p1a: Empoleon\n|move|p1a: Empoleon|Water Pledge|p2a: Sinistcha|[from]move: Fire Pledge\n|-combine\n|-resisted|p2a: Sinistcha\n|-damage|p2a: Sinistcha|39\/100\n|-sidestart|p1: blubry|Water Pledge\n|\n|-heal|p1b: Mew|30\/100|[from] item: Leftovers\n|-heal|p1a: Empoleon|53\/100|[from] item: Leftovers\n|upkeep\n|turn|3\n|\n|t:|1696312483\n|switch|p2a: Ninetales|Ninetales-Alola, F|100\/100\n|-weather|Snow|[from] ability: Snow Warning|[of] p2a: Ninetales\n|move|p2b: Kommo-o|Clanging Scales|p1a: Empoleon|[spread] p1a,p1b\n|-damage|p1a: Empoleon|0 fnt\n|-damage|p1b: Mew|0 fnt\n|faint|p1a: Empoleon\n|faint|p1b: Mew\n|-unboost|p2b: Kommo-o|def|1\n|\n|-weather|Snow|[upkeep]\n|upkeep\n|\n|t:|1696312498\n|switch|p1b: Clefairy|Clefairy, F|100\/100\n|switch|p1a: Jirachi|Jirachi|100\/100\n|turn|4\n|\n|t:|1696312508\n|move|p1b: Clefairy|Follow Me|p1b: Clefairy\n|-singleturn|p1b: Clefairy|move: Follow Me\n|move|p2a: Ninetales|Aurora Veil|p2a: Ninetales\n|-sidestart|p2: impastabot4000|move: Aurora Veil\n|move|p1a: Jirachi|Ancient Power|p2a: Ninetales\n|-supereffective|p2a: Ninetales\n|-damage|p2a: Ninetales|80\/100\n|move|p2b: Kommo-o|Flash Cannon|p1b: Clefairy\n|-supereffective|p1b: Clefairy\n|-damage|p1b: Clefairy|33\/100\n|\n|-weather|Snow|[upkeep]\n|upkeep\n|turn|5\n|\n|t:|1696312535\n|move|p1b: Clefairy|Helping Hand|p1a: Jirachi\n|-singleturn|p1a: Jirachi|Helping Hand|[of] p1b: Clefairy\n|move|p2a: Ninetales|Moonblast|p1b: Clefairy\n|-damage|p1b: Clefairy|11\/100\n|move|p1a: Jirachi|Ancient Power|p2a: Ninetales\n|-supereffective|p2a: Ninetales\n|-damage|p2a: Ninetales|46\/100\n|-boost|p1a: Jirachi|atk|1\n|-boost|p1a: Jirachi|def|1\n|-boost|p1a: Jirachi|spa|1\n|-boost|p1a: Jirachi|spd|1\n|-boost|p1a: Jirachi|spe|1\n|move|p2b: Kommo-o|Flash Cannon|p1b: Clefairy\n|-supereffective|p1b: Clefairy\n|-crit|p1b: Clefairy\n|-damage|p1b: Clefairy|0 fnt\n|faint|p1b: Clefairy\n|\n|-weather|Snow|[upkeep]\n|-sideend|p1: blubry|Water Pledge\n|upkeep\n|\n|t:|1696312547\n|switch|p1b: Volbeat|Volbeat, M|100\/100\n|turn|6\n|\n|t:|1696312568\n|switch|p2a: Incineroar|Incineroar, F|100\/100\n|-ability|p2a: Incineroar|Intimidate|boost\n|-fail|p1a: Jirachi|unboost|[from] item: Clear Amulet|[of] p1a: Jirachi\n|-unboost|p1b: Volbeat|atk|1\n|-terastallize|p2b: Kommo-o|Steel\n|move|p1b: Volbeat|Encore|p2b: Kommo-o\n|-start|p2b: Kommo-o|Encore\n|move|p1a: Jirachi|Meteor Mash|p2a: Incineroar\n|-resisted|p2a: Incineroar\n|-damage|p2a: Incineroar|85\/100\n|-boost|p1a: Jirachi|atk|1\n|move|p2b: Kommo-o|Flash Cannon|p1b: Volbeat\n|-damage|p1b: Volbeat|43\/100\n|\n|-weather|Snow|[upkeep]\n|upkeep\n|turn|7\n|\n|t:|1696312590\n|move|p1b: Volbeat|Tailwind|p1b: Volbeat\n|-sidestart|p1: blubry|move: Tailwind\n|move|p1a: Jirachi|Fire Punch|p2b: Kommo-o\n|-supereffective|p2b: Kommo-o\n|-damage|p2b: Kommo-o|28\/100\n|-status|p2b: Kommo-o|brn\n|move|p2b: Kommo-o|Flash Cannon|p1b: Volbeat\n|-damage|p1b: Volbeat|0 fnt\n|faint|p1b: Volbeat\n|move|p2a: Incineroar|Knock Off|p1a: Jirachi\n|-supereffective|p1a: Jirachi\n|-damage|p1a: Jirachi|53\/100\n|-enditem|p1a: Jirachi|Clear Amulet|[from] move: Knock Off|[of] p2a: Incineroar\n|\n|-weather|none\n|-damage|p2b: Kommo-o|22\/100 brn|[from] brn\n|upkeep\n|\n|t:|1696312595\n|switch|p1b: Maushold|Maushold-Four|100\/100\n|turn|8\n|\n|t:|1696312611\n|switch|p2a: Wo-Chien|Wo-Chien|100\/100\n|-ability|p2a: Wo-Chien|Tablets of Ruin\n|move|p1b: Maushold|Follow Me|p1b: Maushold\n|-singleturn|p1b: Maushold|move: Follow Me\n|move|p1a: Jirachi|Fire Punch|p2b: Kommo-o\n|-supereffective|p2b: Kommo-o\n|-damage|p2b: Kommo-o|0 fnt\n|faint|p2b: Kommo-o\n|\n|upkeep\n|\n|t:|1696312621\n|switch|p2b: Incineroar|Incineroar, F|85\/100\n|-ability|p2b: Incineroar|Intimidate|boost\n|-unboost|p1a: Jirachi|atk|1\n|-unboost|p1b: Maushold|atk|1\n|turn|9\n|\n|t:|1696312629\n|move|p2b: Incineroar|Fake Out|p1b: Maushold\n|-damage|p1b: Maushold|92\/100\n|move|p1a: Jirachi|Ancient Power|p2b: Incineroar\n|-supereffective|p2b: Incineroar\n|-damage|p2b: Incineroar|61\/100\n|cant|p1b: Maushold|flinch\n|move|p2a: Wo-Chien|Foul Play|p1a: Jirachi\n|-supereffective|p1a: Jirachi\n|-damage|p1a: Jirachi|0 fnt\n|faint|p1a: Jirachi\n|\n|upkeep\n|turn|10\n|-message|blubry forfeited.\n|\n|win|impastabot4000\n|raw|blubry's rating: 1054 &rarr; <strong>1040<\/strong><br \/>(-14 for losing)\n|raw|impastabot4000's rating: 1139 &rarr; <strong>1158<\/strong><br \/>(+19 for winning)\n|l|\u2606blubry\n","uploadtime":1696312645,"views":10,"p1id":"blubry","p2id":"impastabot4000","formatid":"gen9nationaldexdoubles","rating":1040,"private":0,"password":""}