{"id":"gen9nationaldexdoubles-1973703854","p1":"Deagle50uu","p2":"MightySalmon","format":"[Gen 9] National Dex Doubles","log":"|j|\u2606Deagle50uu\n|j|\u2606MightySalmon\n|t:|1698005050\n|gametype|doubles\n|player|p1|Deagle50uu|266|\n|player|p2|MightySalmon|harlequin|\n|teamsize|p1|6\n|teamsize|p2|6\n|gen|9\n|tier|[Gen 9] National Dex Doubles\n|rule|HP Percentage Mod: HP is shown in percentages\n|rule|Endless Battle Clause: Forcing endless battles is banned\n|rule|OHKO Clause: OHKO moves are banned\n|rule|Evasion Moves Clause: Evasion moves are banned\n|rule|Evasion Abilities Clause: Evasion abilities are banned\n|rule|Species Clause: Limit one of each Pok\u00e9mon\n|rule|Gravity Sleep Clause: The combination of sleep-inducing moves with imperfect accuracy and Gravity or Gigantamax Orbeetle are banned\n|clearpoke\n|poke|p1|Tyranitar, M|\n|poke|p1|Terrakion|\n|poke|p1|Rhyperior, F|\n|poke|p1|Tyrantrum, M|\n|poke|p1|Aggron, M|\n|poke|p1|Aerodactyl, F|\n|poke|p2|Ceruledge, F|\n|poke|p2|Ninetales, M|\n|poke|p2|Delphox, M|\n|poke|p2|Infernape, M|\n|poke|p2|Magcargo, M|\n|poke|p2|Talonflame, M|\n|teampreview\n|\n|t:|1698005068\n|start\n|switch|p1a: Tyranitar|Tyranitar, M|100\/100\n|switch|p1b: Aerodactyl|Aerodactyl, F|100\/100\n|switch|p2a: Ninetales|Ninetales, M|100\/100\n|switch|p2b: Magcargo|Magcargo, M|100\/100\n|-ability|p1b: Aerodactyl|Pressure\n|-weather|SunnyDay|[from] ability: Drought|[of] p2a: Ninetales\n|-weather|Sandstorm|[from] ability: Sand Stream|[of] p1a: Tyranitar\n|turn|1\n|\n|t:|1698005100\n|move|p2b: Magcargo|Protect|p2b: Magcargo\n|-singleturn|p2b: Magcargo|Protect\n|move|p1b: Aerodactyl|Aerial Ace|p2a: Ninetales\n|-damage|p2a: Ninetales|64\/100\n|move|p2a: Ninetales|Encore||[still]\n|-fail|p2a: Ninetales\n|move|p1a: Tyranitar|Earthquake|p2b: Magcargo|[spread] p2a\n|-activate|p2b: Magcargo|move: Protect\n|-immune|p1b: Aerodactyl\n|-supereffective|p2a: Ninetales\n|-damage|p2a: Ninetales|0 fnt\n|faint|p2a: Ninetales\n|\n|-weather|Sandstorm|[upkeep]\n|upkeep\n|\n|t:|1698005115\n|switch|p2a: Delphox|Delphox, M|100\/100\n|turn|2\n|\n|t:|1698005136\n|detailschange|p1b: Aerodactyl|Aerodactyl-Mega, F\n|-mega|p1b: Aerodactyl|Aerodactyl|Aerodactylite\n|move|p1b: Aerodactyl|Aerial Ace|p2a: Delphox\n|-damage|p2a: Delphox|23\/100\n|move|p2a: Delphox|Grass Knot|p1a: Tyranitar\n|-supereffective|p1a: Tyranitar\n|-damage|p1a: Tyranitar|52\/100\n|move|p1a: Tyranitar|Earthquake|p2b: Magcargo|[spread] p2a,p2b\n|-immune|p1b: Aerodactyl\n|-supereffective|p2a: Delphox\n|-supereffective|p2b: Magcargo\n|-damage|p2a: Delphox|0 fnt\n|-damage|p2b: Magcargo|25\/100\n|-enditem|p2b: Magcargo|Wiki Berry|[eat]\n|-heal|p2b: Magcargo|58\/100|[from] item: Wiki Berry\n|faint|p2a: Delphox\n|move|p2b: Magcargo|Body Slam|p1a: Tyranitar\n|-resisted|p1a: Tyranitar\n|-damage|p1a: Tyranitar|47\/100\n|\n|-weather|Sandstorm|[upkeep]\n|upkeep\n|\n|t:|1698005155\n|switch|p2a: Infernape|Infernape, M|100\/100\n|turn|3\n|\n|t:|1698005172\n|-singleturn|p2a: Infernape|move: Focus Punch\n|move|p1b: Aerodactyl|Aerial Ace|p2a: Infernape\n|-supereffective|p2a: Infernape\n|-damage|p2a: Infernape|0 fnt\n|-damage|p1b: Aerodactyl|84\/100|[from] item: Rocky Helmet|[of] p2a: Infernape\n|faint|p2a: Infernape\n|move|p1a: Tyranitar|Earthquake|p2b: Magcargo|[spread] p2b\n|-immune|p1b: Aerodactyl\n|-supereffective|p2b: Magcargo\n|-damage|p2b: Magcargo|0 fnt\n|faint|p2b: Magcargo\n|\n|-weather|Sandstorm|[upkeep]\n|upkeep\n|\n|t:|1698005185\n|switch|p2a: Ceruledge|Ceruledge, F|100\/100\n|switch|p2b: Talonflame|Talonflame, M|100\/100\n|turn|4\n|\n|t:|1698005209\n|move|p2b: Talonflame|Dual Wingbeat|p1a: Tyranitar\n|-resisted|p1a: Tyranitar\n|-crit|p1a: Tyranitar\n|-damage|p1a: Tyranitar|39\/100\n|-resisted|p1a: Tyranitar\n|-crit|p1a: Tyranitar\n|-damage|p1a: Tyranitar|31\/100\n|-hitcount|p1a: Tyranitar|2\n|move|p1b: Aerodactyl|Stone Edge|p2b: Talonflame\n|-supereffective|p2b: Talonflame\n|-damage|p2b: Talonflame|0 fnt\n|faint|p2b: Talonflame\n|move|p2a: Ceruledge|Destiny Bond|p2a: Ceruledge\n|-singlemove|p2a: Ceruledge|Destiny Bond\n|move|p1a: Tyranitar|Earthquake|p2a: Ceruledge|[spread] p2a\n|-immune|p1b: Aerodactyl\n|-supereffective|p2a: Ceruledge\n|-damage|p2a: Ceruledge|17\/100\n|\n|-weather|Sandstorm|[upkeep]\n|-damage|p2a: Ceruledge|10\/100|[from] Sandstorm\n|upkeep\n|turn|5\n|\n|t:|1698005241\n|move|p1b: Aerodactyl|Stone Edge|p2a: Ceruledge\n|-supereffective|p2a: Ceruledge\n|-damage|p2a: Ceruledge|0 fnt\n|faint|p2a: Ceruledge\n|-activate|p2a: Ceruledge|move: Destiny Bond\n|faint|p1b: Aerodactyl\n|\n|win|Deagle50uu\n","uploadtime":1698005250,"views":12,"p1id":"deagle50uu","p2id":"mightysalmon","formatid":"gen9nationaldexdoubles","rating":0,"private":0,"password":""}