{"id":"gen9nationaldexdoubles-1997868260","p1":"DragginKING","p2":"Rhyszznnccvv","format":"[Gen 9] National Dex Doubles","log":"|j|\u2606DragginKING\n|j|\u2606Rhyszznnccvv\n|t:|1700861649\n|gametype|doubles\n|player|p1|DragginKING|riley|1233\n|player|p2|Rhyszznnccvv|emmet|1232\n|teamsize|p1|6\n|teamsize|p2|6\n|gen|9\n|tier|[Gen 9] National Dex Doubles\n|rated|\n|rule|HP Percentage Mod: HP is shown in percentages\n|rule|Endless Battle Clause: Forcing endless battles is banned\n|rule|OHKO Clause: OHKO moves are banned\n|rule|Evasion Moves Clause: Evasion moves are banned\n|rule|Evasion Abilities Clause: Evasion abilities are banned\n|rule|Species Clause: Limit one of each Pok\u00e9mon\n|rule|Gravity Sleep Clause: The combination of sleep-inducing moves with imperfect accuracy and Gravity or Gigantamax Orbeetle are banned\n|clearpoke\n|poke|p1|Politoed, M|\n|poke|p1|Ribombee, F|\n|poke|p1|Urshifu-*, M|\n|poke|p1|Jolteon, F|\n|poke|p1|Sinistcha|\n|poke|p1|Blastoise, M|\n|poke|p2|Reuniclus, F|\n|poke|p2|Zapdos-Galar|\n|poke|p2|Porygon-Z|\n|poke|p2|Skarmory, M|\n|poke|p2|Basculegion, M|\n|poke|p2|Grimmsnarl, M|\n|teampreview\n|inactive|Battle timer is ON: inactive players will automatically lose when time's up. (requested by DragginKING)\n|inactive|Rhyszznnccvv has 120 seconds left.\n|\n|t:|1700861681\n|start\n|switch|p1a: Ribombee|Ribombee, F|100\/100\n|switch|p1b: Politoed|Politoed, M|100\/100\n|switch|p2a: Grimmsnarl|Grimmsnarl, M|100\/100\n|switch|p2b: Skarmory|Skarmory, M|100\/100\n|-weather|RainDance|[from] ability: Drizzle|[of] p1b: Politoed\n|turn|1\n|\n|t:|1700861704\n|move|p2a: Grimmsnarl|Light Screen|p2a: Grimmsnarl\n|-sidestart|p2: Rhyszznnccvv|move: Light Screen\n|move|p1a: Ribombee|Sticky Web|p2b: Skarmory\n|-sidestart|p2: Rhyszznnccvv|move: Sticky Web\n|move|p1b: Politoed|Toxic|p2a: Grimmsnarl\n|-status|p2a: Grimmsnarl|tox\n|move|p2b: Skarmory|Toxic|p1b: Politoed\n|-status|p1b: Politoed|tox\n|\n|-weather|RainDance|[upkeep]\n|-damage|p1b: Politoed|94\/100 tox|[from] psn\n|-damage|p2a: Grimmsnarl|94\/100 tox|[from] psn\n|upkeep\n|turn|2\n|\n|t:|1700861722\n|move|p2a: Grimmsnarl|Taunt|p1b: Politoed\n|-start|p1b: Politoed|move: Taunt\n|move|p1a: Ribombee|Stun Spore|p2b: Skarmory\n|-status|p2b: Skarmory|par\n|cant|p1b: Politoed|move: Taunt|Encore\n|move|p2b: Skarmory|Toxic|p1a: Ribombee\n|-status|p1a: Ribombee|tox\n|\n|-weather|RainDance|[upkeep]\n|-damage|p1a: Ribombee|94\/100 tox|[from] psn\n|-damage|p1b: Politoed|82\/100 tox|[from] psn\n|-damage|p2a: Grimmsnarl|82\/100 tox|[from] psn\n|upkeep\n|turn|3\n|\n|t:|1700861740\n|switch|p1b: Jolteon|Jolteon, F|100\/100\n|move|p2a: Grimmsnarl|Taunt|p1a: Ribombee\n|-start|p1a: Ribombee|move: Taunt\n|move|p1a: Ribombee|Struggle Bug|p2b: Skarmory|[spread] p2a,p2b\n|-resisted|p2b: Skarmory\n|-damage|p2a: Grimmsnarl|76\/100 tox\n|-damage|p2b: Skarmory|98\/100 par\n|-unboost|p2a: Grimmsnarl|spa|1\n|-unboost|p2b: Skarmory|spa|1\n|move|p2b: Skarmory|Body Press|p1b: Jolteon\n|-damage|p1b: Jolteon|42\/100\n|\n|-weather|RainDance|[upkeep]\n|-damage|p1a: Ribombee|82\/100 tox|[from] psn\n|-damage|p2a: Grimmsnarl|58\/100 tox|[from] psn\n|upkeep\n|turn|4\n|\n|t:|1700861768\n|move|p1b: Jolteon|Thunder|p2a: Grimmsnarl\n|-damage|p2a: Grimmsnarl|35\/100 tox\n|move|p1a: Ribombee|Struggle Bug|p2b: Skarmory|[spread] p2a,p2b\n|-resisted|p2b: Skarmory\n|-damage|p2a: Grimmsnarl|28\/100 tox\n|-damage|p2b: Skarmory|95\/100 par\n|-unboost|p2a: Grimmsnarl|spa|1\n|-unboost|p2b: Skarmory|spa|1\n|move|p2a: Grimmsnarl|Play Rough|p1b: Jolteon\n|-damage|p1b: Jolteon|0 fnt\n|faint|p1b: Jolteon\n|move|p2b: Skarmory|Body Press|p1a: Ribombee\n|-resisted|p1a: Ribombee\n|-damage|p1a: Ribombee|70\/100 tox\n|\n|-weather|RainDance|[upkeep]\n|-damage|p1a: Ribombee|51\/100 tox|[from] psn\n|-damage|p2a: Grimmsnarl|4\/100 tox|[from] psn\n|upkeep\n|inactive|DragginKING has 120 seconds left.\n|\n|t:|1700861784\n|switch|p1b: Blastoise|Blastoise, M|100\/100\n|turn|5\n|\n|t:|1700861802\n|detailschange|p1b: Blastoise|Blastoise-Mega, M\n|-mega|p1b: Blastoise|Blastoise|Blastoisinite\n|move|p2a: Grimmsnarl|Taunt|p1b: Blastoise\n|-start|p1b: Blastoise|move: Taunt\n|move|p1a: Ribombee|Struggle Bug|p2a: Grimmsnarl|[spread] p2a,p2b\n|-resisted|p2b: Skarmory\n|-damage|p2a: Grimmsnarl|0 fnt\n|-damage|p2b: Skarmory|92\/100 par\n|-unboost|p2b: Skarmory|spa|1\n|faint|p2a: Grimmsnarl\n|move|p1b: Blastoise|Muddy Water|p2b: Skarmory\n|-damage|p2b: Skarmory|23\/100 par\n|-unboost|p2b: Skarmory|accuracy|1\n|move|p2b: Skarmory|Toxic|p1b: Blastoise|[miss]\n|-miss|p2b: Skarmory|p1b: Blastoise\n|\n|-weather|RainDance|[upkeep]\n|-damage|p1a: Ribombee|26\/100 tox|[from] psn\n|-end|p1a: Ribombee|move: Taunt\n|upkeep\n|\n|t:|1700861820\n|switch|p2a: Basculegion|Basculegion, M|100\/100\n|-activate|p2a: Basculegion|move: Sticky Web\n|-unboost|p2a: Basculegion|spe|1\n|turn|6\n|\n|t:|1700861833\n|move|p1a: Ribombee|Helping Hand|p1b: Blastoise\n|-singleturn|p1b: Blastoise|Helping Hand|[of] p1a: Ribombee\n|move|p1b: Blastoise|Muddy Water|p2a: Basculegion|[spread] p2a,p2b\n|-resisted|p2a: Basculegion\n|-damage|p2a: Basculegion|75\/100\n|-damage|p2b: Skarmory|0 fnt\n|faint|p2b: Skarmory\n|move|p2a: Basculegion|Last Respects|p1b: Blastoise\n|-damage|p1b: Blastoise|0 fnt\n|faint|p1b: Blastoise\n|-damage|p2a: Basculegion|65\/100|[from] item: Life Orb\n|\n|-weather|RainDance|[upkeep]\n|-damage|p1a: Ribombee|0 fnt|[from] psn\n|faint|p1a: Ribombee\n|upkeep\n|-message|DragginKING forfeited.\n|\n|win|Rhyszznnccvv\n|raw|DragginKING's rating: 1233 &rarr; <strong>1208<\/strong><br \/>(-25 for losing)\n|raw|Rhyszznnccvv's rating: 1232 &rarr; <strong>1257<\/strong><br \/>(+25 for winning)\n|l|\u2606DragginKING\n","uploadtime":1700861853,"views":0,"p1id":"dragginking","p2id":"rhyszznnccvv","formatid":"gen9nationaldexdoubles","rating":1208,"private":0,"password":""}