{"id":"gen9nationaldexdoubles-1995861272","p1":"goldruhs","p2":"Kick Gaming","format":"[Gen 9] National Dex Doubles","log":"|j|\u2606goldruhs\n|j|\u2606Kick Gaming\n|t:|1700610740\n|gametype|doubles\n|player|p1|goldruhs|265|\n|player|p2|Kick Gaming|riley|\n|teamsize|p1|2\n|teamsize|p2|5\n|gen|9\n|tier|[Gen 9] National Dex Doubles\n|rule|HP Percentage Mod: HP is shown in percentages\n|rule|Endless Battle Clause: Forcing endless battles is banned\n|rule|OHKO Clause: OHKO moves are banned\n|rule|Evasion Moves Clause: Evasion moves are banned\n|rule|Evasion Abilities Clause: Evasion abilities are banned\n|rule|Species Clause: Limit one of each Pok\u00e9mon\n|rule|Gravity Sleep Clause: The combination of sleep-inducing moves with imperfect accuracy and Gravity or Gigantamax Orbeetle are banned\n|clearpoke\n|poke|p1|Pichu, F|\n|poke|p1|Trubbish, M|\n|poke|p2|Combusken, F|\n|poke|p2|Eldegoss, F|\n|poke|p2|Honedge, M|\n|poke|p2|Skorupi, M|\n|poke|p2|Rhydon, M|\n|teampreview\n|\n|t:|1700610746\n|start\n|switch|p1a: Trubbish|Trubbish, M|100\/100\n|switch|p1b: Pichu|Pichu, F|100\/100\n|switch|p2a: KFC|Combusken, F|100\/100\n|switch|p2b: Cabbage|Eldegoss, F, shiny|100\/100\n|turn|1\n|\n|t:|1700610765\n|move|p2a: KFC|Protect|p2a: KFC\n|-singleturn|p2a: KFC|Protect\n|move|p1b: Pichu|Fake Out|p2a: KFC\n|-activate|p2a: KFC|move: Protect\n|move|p1a: Trubbish|Rock Blast|p2a: KFC\n|-activate|p2a: KFC|move: Protect\n|move|p2b: Cabbage|Sleep Powder|p1a: Trubbish\n|-status|p1a: Trubbish|slp|[from] move: Sleep Powder\n|\n|-ability|p2a: KFC|Speed Boost|boost\n|-boost|p2a: KFC|spe|1\n|upkeep\n|turn|2\n|\n|t:|1700610781\n|cant|p1a: Trubbish|slp\n|move|p2a: KFC|Swords Dance|p2a: KFC\n|-boost|p2a: KFC|atk|2\n|move|p1b: Pichu|Nuzzle|p2a: KFC\n|-damage|p2a: KFC|94\/100\n|-status|p2a: KFC|par\n|move|p2b: Cabbage|Sleep Powder|p1b: Pichu\n|-status|p1b: Pichu|slp|[from] move: Sleep Powder\n|\n|-ability|p2a: KFC|Speed Boost|boost\n|-boost|p2a: KFC|spe|1\n|upkeep\n|turn|3\n|\n|t:|1700610797\n|switch|p2b: Honedge|Honedge, M|100\/100\n|cant|p2a: KFC|par\n|cant|p1b: Pichu|slp\n|cant|p1a: Trubbish|slp\n|\n|-ability|p2a: KFC|Speed Boost|boost\n|-boost|p2a: KFC|spe|1\n|upkeep\n|turn|4\n|c|\u2606Kick Gaming|I keep almost clicking the wrong stuff bc it's a double lol\n|c|\u2606goldruhs|;-;\n|\n|t:|1700610847\n|move|p2a: KFC|Night Slash|p1b: Pichu\n|-damage|p1b: Pichu|0 fnt\n|faint|p1b: Pichu\n|-curestatus|p1a: Trubbish|slp|[msg]\n|move|p1a: Trubbish|Rock Blast|p2a: KFC\n|-damage|p2a: KFC|86\/100 par\n|-damage|p2a: KFC|79\/100 par\n|-damage|p2a: KFC|71\/100 par\n|-crit|p2a: KFC\n|-damage|p2a: KFC|59\/100 par\n|-damage|p2a: KFC|51\/100 par\n|-hitcount|p2a: KFC|5\n|move|p2b: Honedge|Psycho Cut|p1a: Trubbish\n|-supereffective|p1a: Trubbish\n|-damage|p1a: Trubbish|26\/100\n|\n|-ability|p2a: KFC|Speed Boost|boost\n|-boost|p2a: KFC|spe|1\n|upkeep\n|turn|5\n|\n|t:|1700610871\n|switch|p2a: Cabbage|Eldegoss, F, shiny|100\/100\n|move|p1a: Trubbish|Gunk Shot|p2a: Cabbage\n|-supereffective|p2a: Cabbage\n|-damage|p2a: Cabbage|39\/100\n|-status|p2a: Cabbage|psn\n|move|p2b: Honedge|Psycho Cut|p1a: Trubbish\n|-supereffective|p1a: Trubbish\n|-crit|p1a: Trubbish\n|-damage|p1a: Trubbish|0 fnt\n|faint|p1a: Trubbish\n|\n|win|Kick Gaming\n|c|\u2606Kick Gaming|Damn\n|c|\u2606Kick Gaming|Well\n|c|\u2606goldruhs|kill both right\n","uploadtime":1700610900,"views":3,"p1id":"goldruhs","p2id":"kickgaming","formatid":"gen9nationaldexdoubles","rating":0,"private":0,"password":""}