{"id":"gen9nationaldexdoubles-1971964168","p1":"popcorm_flower","p2":"Sakura the blossom","format":"[Gen 9] National Dex Doubles","log":"|j|\u2606popcorm_flower\n|j|\u2606Sakura the blossom\n|t:|1697798597\n|gametype|doubles\n|player|p1|popcorm_flower|harlequin|\n|player|p2|Sakura the blossom|caitlin|\n|teamsize|p1|6\n|teamsize|p2|6\n|gen|9\n|tier|[Gen 9] National Dex Doubles\n|rule|HP Percentage Mod: HP is shown in percentages\n|rule|Endless Battle Clause: Forcing endless battles is banned\n|rule|OHKO Clause: OHKO moves are banned\n|rule|Evasion Moves Clause: Evasion moves are banned\n|rule|Evasion Abilities Clause: Evasion abilities are banned\n|rule|Species Clause: Limit one of each Pok\u00e9mon\n|rule|Gravity Sleep Clause: The combination of sleep-inducing moves with imperfect accuracy and Gravity or Gigantamax Orbeetle are banned\n|clearpoke\n|poke|p1|Indeedee-F, F|\n|poke|p1|Farigiraf, F|\n|poke|p1|Snorlax, M|\n|poke|p1|Zoroark-Hisui, M|\n|poke|p1|Ursaluna, M|\n|poke|p1|Dudunsparce-*, M|\n|poke|p2|Hatterene, F|\n|poke|p2|Indeedee-F, F|\n|poke|p2|Reuniclus, F|\n|poke|p2|Exeggutor, M|\n|poke|p2|Metagross|\n|poke|p2|Musharna, F|\n|teampreview\n|inactive|Battle timer is ON: inactive players will automatically lose when time's up. (requested by Sakura the blossom)\n|c|\u2606Sakura the blossom|Reasonable team\n|c|\u2606Sakura the blossom|Gl hf\n|inactive|Sakura the blossom has 270 seconds left.\n|c|\u2606popcorm_flower|u2!\n|\n|t:|1697798631\n|start\n|switch|p1a: Indeedee|Indeedee-F, F|100\/100\n|switch|p1b: Dudunsparce|Dudunsparce-Three-Segment, M|100\/100\n|switch|p2a: Metagross|Metagross, shiny|100\/100\n|switch|p2b: Reuniclus|Reuniclus, F, shiny|100\/100\n|turn|1\n|inactive|popcorm_flower has 270 seconds left.\n|\n|t:|1697798664\n|move|p1a: Indeedee|Will-O-Wisp|p2a: Metagross\n|-status|p2a: Metagross|brn\n|move|p1b: Dudunsparce|Hyper Drill|p2b: Reuniclus\n|-enditem|p1b: Dudunsparce|Normal Gem|[from] gem\n|-damage|p2b: Reuniclus|42\/100\n|move|p2a: Metagross|Hammer Arm|p1b: Dudunsparce\n|-supereffective|p1b: Dudunsparce\n|-damage|p1b: Dudunsparce|68\/100\n|-unboost|p2a: Metagross|spe|1\n|move|p2b: Reuniclus|Trick Room|p2b: Reuniclus\n|-fieldstart|move: Trick Room|[of] p2b: Reuniclus\n|\n|-damage|p2a: Metagross|94\/100 brn|[from] brn\n|upkeep\n|turn|2\n|\n|t:|1697798685\n|switch|p2a: Indeedee|Indeedee-F, F, shiny|100\/100\n|-fieldstart|move: Psychic Terrain|[from] ability: Psychic Surge|[of] p2a: Indeedee\n|-enditem|p2a: Indeedee|Psychic Seed\n|-boost|p2a: Indeedee|spd|1|[from] item: Psychic Seed\n|-terastallize|p2b: Reuniclus|Psychic\n|move|p2b: Reuniclus|Expanding Force|p1a: Indeedee|[spread] p1a,p1b\n|-damage|p1a: Indeedee|0 fnt\n|-damage|p1b: Dudunsparce|0 fnt\n|replace|p1a: Zoroark|Zoroark-Hisui, M\n|-end|p1a: Zoroark|Illusion\n|faint|p1a: Zoroark\n|faint|p1b: Dudunsparce\n|\n|upkeep\n|\n|t:|1697798699\n|switch|p1b: Farigiraf|Farigiraf, F|100\/100\n|switch|p1a: Ursaluna|Ursaluna, M|100\/100\n|turn|3\n|\n|t:|1697798710\n|switch|p1a: Indeedee|Indeedee-F, F|100\/100\n|-enditem|p1a: Indeedee|Psychic Seed\n|-boost|p1a: Indeedee|spd|1|[from] item: Psychic Seed\n|move|p2a: Indeedee|Follow Me|p2a: Indeedee\n|-singleturn|p2a: Indeedee|move: Follow Me\n|move|p2b: Reuniclus|Expanding Force|p1a: Indeedee|[spread] p1a,p1b\n|-resisted|p1a: Indeedee\n|-resisted|p1b: Farigiraf\n|-damage|p1a: Indeedee|75\/100\n|-damage|p1b: Farigiraf|47\/100\n|move|p1b: Farigiraf|Hyper Voice|p2b: Reuniclus|[spread] p2a,p2b\n|-damage|p2a: Indeedee|71\/100\n|-damage|p2b: Reuniclus|0 fnt\n|faint|p2b: Reuniclus\n|-damage|p1b: Farigiraf|37\/100|[from] item: Life Orb\n|\n|upkeep\n|\n|t:|1697798726\n|switch|p2b: Hatterene|Hatterene, F, shiny|100\/100\n|turn|4\n|\n|t:|1697798734\n|move|p2b: Hatterene|Dazzling Gleam|p1a: Indeedee|[spread] p1a,p1b\n|-damage|p1a: Indeedee|60\/100\n|-damage|p1b: Farigiraf|0 fnt\n|faint|p1b: Farigiraf\n|move|p2a: Indeedee|Dazzling Gleam|p1a: Indeedee\n|-damage|p1a: Indeedee|51\/100\n|move|p1a: Indeedee|Expanding Force|p2b: Hatterene|[spread] p2a,p2b\n|-resisted|p2a: Indeedee\n|-resisted|p2b: Hatterene\n|-damage|p2a: Indeedee|59\/100\n|-damage|p2b: Hatterene|81\/100\n|\n|upkeep\n|\n|t:|1697798744\n|switch|p1b: Snorlax|Snorlax, M|100\/100\n|turn|5\n|\n|t:|1697798755\n|move|p2b: Hatterene|Expanding Force|p1a: Indeedee|[spread] p1a,p1b\n|-resisted|p1a: Indeedee\n|-damage|p1a: Indeedee|34\/100\n|-damage|p1b: Snorlax|60\/100\n|-zpower|p1b: Snorlax\n|move|p1b: Snorlax|Pulverizing Pancake|p2b: Hatterene|[zeffect]\n|-crit|p2b: Hatterene\n|-damage|p2b: Hatterene|0 fnt\n|faint|p2b: Hatterene\n|move|p2a: Indeedee|Expanding Force|p1a: Indeedee|[spread] p1a,p1b\n|-resisted|p1a: Indeedee\n|-damage|p1a: Indeedee|26\/100\n|-damage|p1b: Snorlax|39\/100\n|move|p1a: Indeedee|Imprison|p1a: Indeedee\n|-start|p1a: Indeedee|move: Imprison\n|\n|-fieldend|move: Trick Room\n|upkeep\n|\n|t:|1697798776\n|switch|p2b: Metagross|Metagross, shiny|94\/100 brn\n|turn|6\n|\n|t:|1697798794\n|move|p1a: Indeedee|Protect|p1a: Indeedee\n|-singleturn|p1a: Indeedee|Protect\n|move|p2a: Indeedee|Mystical Fire|p1a: Indeedee\n|-activate|p1a: Indeedee|move: Protect\n|move|p2b: Metagross|Psycho Cut|p1b: Snorlax\n|-crit|p1b: Snorlax\n|-damage|p1b: Snorlax|0 fnt\n|faint|p1b: Snorlax\n|\n|-damage|p2b: Metagross|88\/100 brn|[from] brn\n|-fieldend|move: Psychic Terrain\n|upkeep\n|\n|t:|1697798803\n|switch|p1b: Ursaluna|Ursaluna, M|100\/100\n|turn|7\n|\n|t:|1697798820\n|move|p1a: Indeedee|Protect|p1a: Indeedee\n|-singleturn|p1a: Indeedee|Protect\n|move|p2a: Indeedee|Dazzling Gleam|p1b: Ursaluna|[spread] p1b\n|-activate|p1a: Indeedee|move: Protect\n|-damage|p1b: Ursaluna|88\/100\n|move|p1b: Ursaluna|Headlong Rush|p2b: Metagross\n|-supereffective|p2b: Metagross\n|-damage|p2b: Metagross|0 fnt\n|-unboost|p1b: Ursaluna|def|1\n|-unboost|p1b: Ursaluna|spd|1\n|faint|p2b: Metagross\n|\n|-status|p1b: Ursaluna|brn|[from] item: Flame Orb\n|upkeep\n|\n|t:|1697798839\n|switch|p2b: Exeggutor|Exeggutor, M|100\/100\n|turn|8\n|\n|t:|1697798851\n|move|p2a: Indeedee|Follow Me|p2a: Indeedee\n|-singleturn|p2a: Indeedee|move: Follow Me\n|move|p1b: Ursaluna|Gunk Shot|p2a: Indeedee\n|-damage|p2a: Indeedee|0 fnt\n|faint|p2a: Indeedee\n|move|p2b: Exeggutor|Wood Hammer|p1b: Ursaluna\n|-supereffective|p1b: Ursaluna\n|-damage|p1b: Ursaluna|0 fnt\n|faint|p1b: Ursaluna\n|-damage|p2b: Exeggutor|66\/100|[from] Recoil\n|move|p1a: Indeedee|Trick Room|p1a: Indeedee\n|-fieldstart|move: Trick Room|[of] p1a: Indeedee\n|\n|upkeep\n|c|\u2606Sakura the blossom|Ty\n|\n|t:|1697798868\n|switch|p2a: Musharna|Musharna, F|100\/100\n|-activate|p2a: Musharna|ability: Forewarn|Expanding Force|[of] p1a: Indeedee\n|turn|9\n|c|\u2606popcorm_flower|yeah i lost so\n|j| Nyx_The_Minx\n|\n|t:|1697798879\n|move|p2a: Musharna|Moonblast|p1a: Indeedee\n|-damage|p1a: Indeedee|12\/100\n|move|p2b: Exeggutor|Wood Hammer|p1a: Indeedee\n|-damage|p1a: Indeedee|0 fnt\n|faint|p1a: Indeedee\n|-damage|p2b: Exeggutor|63\/100|[from] Recoil\n|\n|win|Sakura the blossom\n|c|\u2606Sakura the blossom|Gg\n|c|\u2606Sakura the blossom|Wp\n|c|\u2606popcorm_flower|u2!\n","uploadtime":1697798895,"views":12,"p1id":"popcormflower","p2id":"sakuratheblossom","formatid":"gen9nationaldexdoubles","rating":0,"private":0,"password":""}