{"id":"gen9nationaldexdoubles-1973939186","p1":"Billy Articuno3","p2":"Jack the Ripper21","format":"[Gen 9] National Dex Doubles","log":"|j|\u2606Billy Articuno3\n|j|\u2606Jack the Ripper21\n|t:|1698030492\n|gametype|doubles\n|player|p1|Billy Articuno3|unknown|\n|player|p2|Jack the Ripper21|gentleman-gen4dp|\n|teamsize|p1|6\n|teamsize|p2|6\n|gen|9\n|tier|[Gen 9] National Dex Doubles\n|rule|HP Percentage Mod: HP is shown in percentages\n|rule|Endless Battle Clause: Forcing endless battles is banned\n|rule|OHKO Clause: OHKO moves are banned\n|rule|Evasion Moves Clause: Evasion moves are banned\n|rule|Evasion Abilities Clause: Evasion abilities are banned\n|rule|Species Clause: Limit one of each Pok\u00e9mon\n|rule|Gravity Sleep Clause: The combination of sleep-inducing moves with imperfect accuracy and Gravity or Gigantamax Orbeetle are banned\n|clearpoke\n|poke|p1|Ribombee, F|\n|poke|p1|Forretress, F|\n|poke|p1|Araquanid, F|\n|poke|p1|Volcarona, M|\n|poke|p1|Scizor, M|\n|poke|p1|Heracross, F|\n|poke|p2|Venusaur, M|\n|poke|p2|Toxapex, M|\n|poke|p2|Iron Moth|\n|poke|p2|Crobat, M|\n|poke|p2|Nihilego|\n|poke|p2|Nidoking, M|\n|teampreview\n|\n|t:|1698030500\n|start\n|switch|p1a: Ribombee|Ribombee, F|100\/100\n|switch|p1b: Forretress|Forretress, F|100\/100\n|switch|p2a: the|Crobat, M|100\/100\n|switch|p2b: side|Nidoking, M|100\/100\n|turn|1\n|j| agPikachu\n|c|\u2606Billy Articuno3|that very little practice came in handy tho didn't it?\n|c|\u2606Jack the Ripper21|yeah\n|\n|t:|1698030517\n|move|p2b: side|Fire Blast|p1b: Forretress\n|-supereffective|p1b: Forretress\n|-ability|p1b: Forretress|Sturdy\n|-damage|p1b: Forretress|1\/100\n|-zpower|p2a: the\n|move|p2a: the|Supersonic Skystrike|p1a: Ribombee|[zeffect]\n|-supereffective|p1a: Ribombee\n|-crit|p1a: Ribombee\n|-enditem|p1a: Ribombee|Focus Sash\n|-damage|p1a: Ribombee|1\/100\n|move|p1a: Ribombee|Stun Spore|p2b: side\n|-status|p2b: side|par\n|move|p1b: Forretress|Stealth Rock|p2a: the\n|-sidestart|p2: Jack the Ripper21|move: Stealth Rock\n|\n|upkeep\n|turn|2\n|l| agPikachu\n|\n|t:|1698030538\n|move|p2a: the|Brave Bird|p1a: Ribombee\n|-supereffective|p1a: Ribombee\n|-damage|p1a: Ribombee|0 fnt\n|faint|p1a: Ribombee\n|-damage|p2a: the|99\/100|[from] Recoil\n|move|p2b: side|Fire Blast|p1b: Forretress\n|-supereffective|p1b: Forretress\n|-damage|p1b: Forretress|0 fnt\n|faint|p1b: Forretress\n|\n|upkeep\n|\n|t:|1698030546\n|switch|p1a: Scizor|Scizor, M|100\/100\n|switch|p1b: Heracross|Heracross, F|100\/100\n|turn|3\n|\n|t:|1698030554\n|detailschange|p1a: Scizor|Scizor-Mega, M\n|-mega|p1a: Scizor|Scizor|Scizorite\n|move|p1b: Heracross|Earthquake|p2a: the|[spread] p1a,p2b\n|-immune|p2a: the\n|-supereffective|p2b: side\n|-damage|p1a: Scizor|83\/100\n|-damage|p2b: side|30\/100 par\n|move|p2a: the|Brave Bird|p1b: Heracross\n|-supereffective|p1b: Heracross\n|-damage|p1b: Heracross|0 fnt\n|faint|p1b: Heracross\n|-damage|p2a: the|68\/100|[from] Recoil\n|move|p2b: side|Fire Blast|p1a: Scizor\n|-supereffective|p1a: Scizor\n|-crit|p1a: Scizor\n|-damage|p1a: Scizor|0 fnt\n|faint|p1a: Scizor\n|\n|upkeep\n|c|\u2606Billy Articuno3|dangt XD\n|\n|t:|1698030563\n|switch|p1b: Volcarona|Volcarona, M|100\/100\n|switch|p1a: Araquanid|Araquanid, F|100\/100\n|turn|4\n|c|\u2606Jack the Ripper21|see double more my style\n|c|\u2606Billy Articuno3|ok this was crushing\n|\n|t:|1698030579\n|move|p2a: the|Brave Bird|p1b: Volcarona\n|-supereffective|p1b: Volcarona\n|-damage|p1b: Volcarona|0 fnt\n|-status|p2a: the|brn|[from] ability: Flame Body|[of] p1b: Volcarona\n|faint|p1b: Volcarona\n|-damage|p2a: the|35\/100 brn|[from] Recoil\n|move|p2b: side|Fire Blast|p1a: Araquanid\n|-damage|p1a: Araquanid|90\/100\n|move|p1a: Araquanid|Liquidation|p2b: side\n|-supereffective|p2b: side\n|-damage|p2b: side|0 fnt\n|faint|p2b: side\n|\n|-damage|p2a: the|29\/100 brn|[from] brn\n|upkeep\n|c|\u2606Billy Articuno3|yeah i see\n|\n|t:|1698030599\n|switch|p2b: other|Nihilego|100\/100\n|-damage|p2b: other|88\/100|[from] Stealth Rock\n|turn|5\n|\n|t:|1698030609\n|-terastallize|p2b: other|Rock\n|move|p2b: other|Power Gem|p1a: Araquanid\n|-supereffective|p1a: Araquanid\n|-damage|p1a: Araquanid|31\/100\n|move|p2a: the|Brave Bird|p1a: Araquanid\n|-supereffective|p1a: Araquanid\n|-damage|p1a: Araquanid|0 fnt\n|faint|p1a: Araquanid\n|-damage|p2a: the|18\/100 brn|[from] Recoil\n|\n|win|Jack the Ripper21\n|c|\u2606Billy Articuno3|gg\n|c|\u2606Jack the Ripper21|gg\n|c|\u2606Jack the Ripper21|5 turn battle\n|l|\u2606Billy Articuno3\n","uploadtime":1698031238,"views":11,"p1id":"billyarticuno3","p2id":"jacktheripper21","formatid":"gen9nationaldexdoubles","rating":0,"private":0,"password":""}