{"id":"gen9nationaldexdoubles-1952242008","p1":"ClownOfTheCentury6","p2":"GenerallGrievous","format":"[Gen 9] National Dex Doubles","log":"|j|\u2606ClownOfTheCentury6\n|j|\u2606GenerallGrievous\n|t:|1695667649\n|gametype|doubles\n|player|p1|ClownOfTheCentury6|harlequin|1046\n|player|p2|GenerallGrievous|gentleman|1162\n|teamsize|p1|6\n|teamsize|p2|6\n|gen|9\n|tier|[Gen 9] National Dex Doubles\n|rated|\n|rule|HP Percentage Mod: HP is shown in percentages\n|rule|Endless Battle Clause: Forcing endless battles is banned\n|rule|OHKO Clause: OHKO moves are banned\n|rule|Evasion Moves Clause: Evasion moves are banned\n|rule|Evasion Abilities Clause: Evasion abilities are banned\n|rule|Species Clause: Limit one of each Pok\u00e9mon\n|rule|Gravity Sleep Clause: The combination of sleep-inducing moves with imperfect accuracy and Gravity or Gigantamax Orbeetle are banned\n|clearpoke\n|poke|p1|Regigigas|\n|poke|p1|Alcremie-Mint-Cream, F|\n|poke|p1|Clefable, M|\n|poke|p1|Amoonguss, F|\n|poke|p1|Weezing-Galar, M|\n|poke|p1|Pawmot, F|\n|poke|p2|Fezandipiti, M|\n|poke|p2|Amoonguss, M|\n|poke|p2|Volcarona, M|\n|poke|p2|Flutter Mane|\n|poke|p2|Torterra, M|\n|poke|p2|Empoleon, M|\n|teampreview\n|\n|t:|1695667655\n|start\n|switch|p1a: Regigigas|Regigigas|100\/100\n|switch|p1b: Pawmot|Pawmot, F|100\/100\n|switch|p2a: LordShen|Fezandipiti, M|100\/100\n|switch|p2b: sus|Amoonguss, M|100\/100\n|-start|p1a: Regigigas|ability: Slow Start\n|turn|1\n|\n|t:|1695667675\n|move|p1b: Pawmot|Entrainment|p1a: Regigigas\n|-end|p1a: Regigigas|Slow Start|[silent]\n|-endability|p1a: Regigigas|Slow Start|[from] move: Entrainment\n|-ability|p1a: Regigigas|Iron Fist|[from] move: Entrainment\n|move|p2a: LordShen|Icy Wind|p1a: Regigigas|[spread] p1a,p1b\n|-damage|p1a: Regigigas|95\/100\n|-damage|p1b: Pawmot|84\/100\n|-unboost|p1a: Regigigas|spe|1\n|-unboost|p1b: Pawmot|spe|1\n|-status|p1b: Pawmot|tox|[from] ability: Toxic Chain|[of] p2a: LordShen\n|move|p1a: Regigigas|Fire Punch|p2b: sus\n|-supereffective|p2b: sus\n|-damage|p2b: sus|13\/100\n|-status|p1a: Regigigas|slp|[from] ability: Effect Spore|[of] p2b: sus\n|move|p2b: sus|Spore|p1a: Regigigas\n|-fail|p1a: Regigigas|slp\n|\n|-heal|p2b: sus|19\/100|[from] item: Leftovers\n|-damage|p1b: Pawmot|78\/100 tox|[from] psn\n|upkeep\n|turn|2\n|\n|t:|1695667721\n|move|p2b: sus|Protect|p2b: sus\n|-singleturn|p2b: sus|Protect\n|move|p1b: Pawmot|Mach Punch|p2b: sus\n|-activate|p2b: sus|move: Protect\n|move|p2a: LordShen|Venoshock|p1b: Pawmot\n|-damage|p1b: Pawmot|2\/100 tox\n|cant|p1a: Regigigas|slp\n|\n|-heal|p2b: sus|25\/100|[from] item: Leftovers\n|-damage|p1b: Pawmot|0 fnt|[from] psn\n|faint|p1b: Pawmot\n|upkeep\n|\n|t:|1695667732\n|switch|p1b: Clefable|Clefable, M|100\/100\n|turn|3\n|\n|t:|1695667747\n|move|p2a: LordShen|Acid Spray|p1b: Clefable\n|-supereffective|p1b: Clefable\n|-damage|p1b: Clefable|79\/100\n|-unboost|p1b: Clefable|spd|2\n|-curestatus|p1a: Regigigas|slp|[msg]\n|move|p1a: Regigigas|Fire Punch|p2b: sus\n|-supereffective|p2b: sus\n|-damage|p2b: sus|0 fnt\n|-status|p1a: Regigigas|par|[from] ability: Effect Spore|[of] p2b: sus\n|faint|p2b: sus\n|move|p1b: Clefable|Encore|p2a: LordShen\n|-start|p2a: LordShen|Encore\n|\n|-heal|p1b: Clefable|85\/100|[from] item: Leftovers\n|upkeep\n|\n|t:|1695667769\n|switch|p2b: LordPengu|Empoleon, M|100\/100\n|turn|4\n|\n|t:|1695667784\n|move|p1b: Clefable|Follow Me|p1b: Clefable\n|-singleturn|p1b: Clefable|move: Follow Me\n|move|p2a: LordShen|Acid Spray|p1b: Clefable\n|-supereffective|p1b: Clefable\n|-damage|p1b: Clefable|39\/100\n|-unboost|p1b: Clefable|spd|2\n|move|p2b: LordPengu|Surf|p1a: Regigigas|[spread] p2a,p1a,p1b\n|-damage|p2a: LordShen|72\/100\n|-damage|p1a: Regigigas|68\/100 par\n|-damage|p1b: Clefable|0 fnt\n|faint|p1b: Clefable\n|-damage|p2b: LordPengu|91\/100|[from] item: Life Orb\n|cant|p1a: Regigigas|par\n|\n|upkeep\n|\n|t:|1695667797\n|switch|p1b: Alcremie|Alcremie-Mint-Cream, F|100\/100\n|turn|5\n|\n|t:|1695667810\n|move|p2a: LordShen|Acid Spray|p1a: Regigigas\n|-damage|p1a: Regigigas|60\/100 par\n|-unboost|p1a: Regigigas|spd|2\n|move|p1b: Alcremie|Aromatherapy|p1b: Alcremie\n|-activate|p1b: Alcremie|move: Aromatherapy\n|-curestatus|p1a: Regigigas|par|[msg]\n|move|p1a: Regigigas|Drain Punch|p2b: LordPengu\n|-supereffective|p2b: LordPengu\n|-damage|p2b: LordPengu|1\/100\n|-heal|p1a: Regigigas|100\/100|[from] drain|[of] p2b: LordPengu\n|move|p2b: LordPengu|Flash Cannon|p1b: Alcremie\n|-supereffective|p1b: Alcremie\n|-damage|p1b: Alcremie|7\/100\n|-damage|p2b: LordPengu|0 fnt|[from] item: Life Orb\n|faint|p2b: LordPengu\n|\n|-heal|p1b: Alcremie|13\/100|[from] item: Leftovers\n|upkeep\n|\n|t:|1695667841\n|switch|p2b: Solana|Volcarona, M|100\/100\n|turn|6\n|\n|t:|1695667872\n|-terastallize|p2b: Solana|Water\n|move|p2a: LordShen|Acid Spray|p1b: Alcremie\n|-supereffective|p1b: Alcremie\n|-crit|p1b: Alcremie\n|-damage|p1b: Alcremie|0 fnt\n|faint|p1b: Alcremie\n|move|p2b: Solana|Psychic|p1a: Regigigas\n|-damage|p1a: Regigigas|57\/100\n|move|p1a: Regigigas|Power-Up Punch|p2a: LordShen\n|-resisted|p2a: LordShen\n|-damage|p2a: LordShen|65\/100\n|-boost|p1a: Regigigas|atk|1\n|\n|-end|p2a: LordShen|Encore\n|upkeep\n|\n|t:|1695667877\n|switch|p1b: Amoonguss|Amoonguss, F|100\/100\n|turn|7\n|\n|t:|1695667899\n|move|p2a: LordShen|Heat Wave|p1a: Regigigas|[spread] p1a,p1b\n|-supereffective|p1b: Amoonguss\n|-damage|p1a: Regigigas|37\/100\n|-damage|p1b: Amoonguss|72\/100\n|move|p2b: Solana|Psychic|p1b: Amoonguss\n|-supereffective|p1b: Amoonguss\n|-damage|p1b: Amoonguss|13\/100\n|move|p1a: Regigigas|Thunder Punch|p2b: Solana\n|-supereffective|p2b: Solana\n|-damage|p2b: Solana|0 fnt\n|faint|p2b: Solana\n|move|p1b: Amoonguss|Pollen Puff|p1a: Regigigas\n|-heal|p1a: Regigigas|87\/100\n|\n|-heal|p1b: Amoonguss|19\/100|[from] item: Leftovers\n|upkeep\n|\n|t:|1695667917\n|switch|p2b: Turt|Torterra, M|100\/100\n|turn|8\n|\n|t:|1695667955\n|move|p2a: LordShen|Heat Wave|p1b: Amoonguss|[spread] p1a,p1b\n|-supereffective|p1b: Amoonguss\n|-damage|p1a: Regigigas|69\/100\n|-damage|p1b: Amoonguss|0 fnt\n|-status|p1a: Regigigas|tox|[from] ability: Toxic Chain|[of] p2a: LordShen\n|faint|p1b: Amoonguss\n|move|p1a: Regigigas|Drain Punch|p2b: Turt\n|-damage|p2b: Turt|52\/100\n|-heal|p1a: Regigigas|95\/100 tox|[from] drain|[of] p2b: Turt\n|move|p2b: Turt|Shell Smash|p2b: Turt\n|-unboost|p2b: Turt|def|1\n|-unboost|p2b: Turt|spd|1\n|-boost|p2b: Turt|atk|2\n|-boost|p2b: Turt|spa|2\n|-boost|p2b: Turt|spe|2\n|-enditem|p2b: Turt|White Herb\n|-clearnegativeboost|p2b: Turt|[silent]\n|\n|-damage|p1a: Regigigas|89\/100 tox|[from] psn\n|upkeep\n|\n|t:|1695667959\n|switch|p1b: Weezing|Weezing-Galar, M|100\/100\n|-ability|p1b: Weezing|Neutralizing Gas\n|turn|9\n|\n|t:|1695667991\n|move|p2a: LordShen|Venoshock|p1a: Regigigas\n|-damage|p1a: Regigigas|41\/100 tox\n|move|p2b: Turt|Headlong Rush|p1a: Regigigas\n|-damage|p1a: Regigigas|0 fnt\n|-unboost|p2b: Turt|def|1\n|-unboost|p2b: Turt|spd|1\n|faint|p1a: Regigigas\n|move|p1b: Weezing|Clear Smog|p2b: Turt\n|-damage|p2b: Turt|32\/100\n|-clearboost|p2b: Turt\n|\n|upkeep\n|turn|10\n|c|\u2606GenerallGrievous|geez regi go away pls\n|\n|t:|1695668020\n|move|p2a: LordShen|Venoshock|p1b: Weezing\n|-damage|p1b: Weezing|76\/100\n|move|p1b: Weezing|Strange Steam|p2b: Turt\n|-damage|p2b: Turt|9\/100\n|move|p2b: Turt|Iron Head|p1b: Weezing\n|-supereffective|p1b: Weezing\n|-damage|p1b: Weezing|17\/100\n|\n|-heal|p1b: Weezing|23\/100|[from] item: Black Sludge\n|upkeep\n|turn|11\n|\n|t:|1695668047\n|move|p2a: LordShen|Venoshock|p1b: Weezing\n|-damage|p1b: Weezing|0 fnt\n|faint|p1b: Weezing\n|-end|p1b: Weezing|ability: Neutralizing Gas\n|\n|win|GenerallGrievous\n|raw|ClownOfTheCentury6's rating: 1046 &rarr; <strong>1035<\/strong><br \/>(-11 for losing)\n|raw|GenerallGrievous's rating: 1162 &rarr; <strong>1179<\/strong><br \/>(+17 for winning)\n|l|\u2606ClownOfTheCentury6\n","uploadtime":1695668057,"views":24,"p1id":"clownofthecentury6","p2id":"generallgrievous","formatid":"gen9nationaldexdoubles","rating":1035,"private":0,"password":""}