{"id":"gen9nationaldexdoubles-1962276469","p1":"Jello1231","p2":"Slash Death","format":"[Gen 9] National Dex Doubles","log":"|j|\u2606Jello1231\n|j|\u2606Slash Death\n|t:|1696725842\n|gametype|doubles\n|player|p1|Jello1231|sonia-professor|\n|player|p2|Slash Death|unknown|\n|teamsize|p1|6\n|teamsize|p2|6\n|gen|9\n|tier|[Gen 9] National Dex Doubles\n|rated|Tournament battle\n|rule|HP Percentage Mod: HP is shown in percentages\n|rule|Endless Battle Clause: Forcing endless battles is banned\n|rule|OHKO Clause: OHKO moves are banned\n|rule|Evasion Moves Clause: Evasion moves are banned\n|rule|Evasion Abilities Clause: Evasion abilities are banned\n|rule|Species Clause: Limit one of each Pok\u00e9mon\n|rule|Gravity Sleep Clause: The combination of sleep-inducing moves with imperfect accuracy and Gravity or Gigantamax Orbeetle are banned\n|clearpoke\n|poke|p1|Zygarde|\n|poke|p1|Rillaboom, M|\n|poke|p1|Ogerpon-Wellspring, F|\n|poke|p1|Mienshao, F|\n|poke|p1|Salamence, F|\n|poke|p1|Glimmora, F|\n|poke|p2|Deoxys-Speed|\n|poke|p2|Chien-Pao|\n|poke|p2|Urshifu-*, F|\n|poke|p2|Rillaboom, M|\n|poke|p2|Kingambit, F|\n|poke|p2|Salamence, M|\n|teampreview\n|\n|t:|1696725895\n|start\n|switch|p1a: Glimmora|Glimmora, F|100\/100\n|switch|p1b: Mienshao|Mienshao, F|100\/100\n|switch|p2a: Deoxys|Deoxys-Speed|100\/100\n|switch|p2b: Urshifu|Urshifu-Rapid-Strike, F|100\/100\n|-ability|p2a: Deoxys|Pressure\n|turn|1\n|\n|t:|1696725932\n|move|p1b: Mienshao|Fake Out|p2b: Urshifu\n|-damage|p2b: Urshifu|89\/100\n|move|p2a: Deoxys|Psycho Boost|p1a: Glimmora\n|-supereffective|p1a: Glimmora\n|-damage|p1a: Glimmora|17\/100\n|-unboost|p2a: Deoxys|spa|2\n|cant|p2b: Urshifu|flinch\n|move|p1a: Glimmora|Mortal Spin|p2b: Urshifu|[spread] p2a,p2b\n|-damage|p2a: Deoxys|94\/100\n|-damage|p2b: Urshifu|86\/100\n|-status|p2b: Urshifu|psn\n|\n|-damage|p2b: Urshifu|73\/100 psn|[from] psn\n|upkeep\n|turn|2\n|\n|t:|1696725975\n|move|p2a: Deoxys|Psycho Boost|p1a: Glimmora\n|-supereffective|p1a: Glimmora\n|-damage|p1a: Glimmora|0 fnt\n|-unboost|p2a: Deoxys|spa|2\n|faint|p1a: Glimmora\n|move|p2b: Urshifu|Surging Strikes|p1b: Mienshao\n|-crit|p1b: Mienshao\n|-damage|p1b: Mienshao|67\/100\n|-crit|p1b: Mienshao\n|-damage|p1b: Mienshao|31\/100\n|-crit|p1b: Mienshao\n|-damage|p1b: Mienshao|0 fnt\n|faint|p1b: Mienshao\n|-hitcount|p1: Mienshao|3\n|\n|-damage|p2b: Urshifu|61\/100 psn|[from] psn\n|upkeep\n|\n|t:|1696725994\n|switch|p1b: Zygarde|Zygarde|100\/100\n|switch|p1a: Salamence|Salamence, F|100\/100\n|-ability|p1a: Salamence|Intimidate|boost\n|-unboost|p2a: Deoxys|atk|1\n|-unboost|p2b: Urshifu|atk|1\n|-ability|p1b: Zygarde|Aura Break\n|turn|3\n|j|%smudgerox\n|inactive|Battle timer is ON: inactive players will automatically lose when time's up. (requested by Slash Death)\n|\n|t:|1696726067\n|detailschange|p1a: Salamence|Salamence-Mega, F\n|-mega|p1a: Salamence|Salamence|Salamencite\n|move|p2a: Deoxys|Taunt|p1a: Salamence\n|-start|p1a: Salamence|move: Taunt\n|move|p1a: Salamence|Hyper Voice|p2a: Deoxys|[spread] p2a,p2b\n|-supereffective|p2b: Urshifu\n|-damage|p2a: Deoxys|46\/100\n|-damage|p2b: Urshifu|0 fnt\n|faint|p2b: Urshifu\n|move|p1b: Zygarde|Substitute|p1b: Zygarde\n|-start|p1b: Zygarde|Substitute\n|-damage|p1b: Zygarde|75\/100\n|\n|upkeep\n|\n|t:|1696726079\n|switch|p2b: Chien-Pao|Chien-Pao|100\/100\n|-ability|p2b: Chien-Pao|Sword of Ruin\n|turn|4\n|inactive|Jello1231 has 120 seconds left.\n|\n|t:|1696726120\n|move|p2a: Deoxys|Taunt|p1b: Zygarde\n|-start|p1b: Zygarde|move: Taunt\n|move|p2b: Chien-Pao|Icicle Crash|p1a: Salamence\n|-supereffective|p1a: Salamence\n|-damage|p1a: Salamence|0 fnt\n|faint|p1a: Salamence\n|cant|p1b: Zygarde|move: Taunt|Dragon Dance\n|\n|upkeep\n|\n|t:|1696726125\n|switch|p1a: Rillaboom|Rillaboom, M|100\/100\n|-fieldstart|move: Grassy Terrain|[from] ability: Grassy Surge|[of] p1a: Rillaboom\n|turn|5\n|\n|t:|1696726133\n|move|p2b: Chien-Pao|Protect|p2b: Chien-Pao\n|-singleturn|p2b: Chien-Pao|Protect\n|move|p1a: Rillaboom|Fake Out|p2b: Chien-Pao\n|-activate|p2b: Chien-Pao|move: Protect\n|move|p2a: Deoxys|Stealth Rock|p1b: Zygarde\n|-sidestart|p1: Jello1231|move: Stealth Rock\n|move|p1b: Zygarde|Thousand Arrows|p2a: Deoxys|[spread] p2a\n|-activate|p2b: Chien-Pao|move: Protect\n|-crit|p2a: Deoxys\n|-damage|p2a: Deoxys|0 fnt\n|faint|p2a: Deoxys\n|\n|-heal|p1b: Zygarde|82\/100|[from] Grassy Terrain\n|upkeep\n|j| cornpopbad\n|\n|t:|1696726149\n|switch|p2a: Salamence|Salamence, M|100\/100\n|-ability|p2a: Salamence|Intimidate|boost\n|-unboost|p1a: Rillaboom|atk|1\n|-immune|p1b: Zygarde\n|turn|6\n|\n|t:|1696726162\n|detailschange|p2a: Salamence|Salamence-Mega, M\n|-mega|p2a: Salamence|Salamence|Salamencite\n|-terastallize|p1b: Zygarde|Fire\n|move|p1a: Rillaboom|Grassy Glide|p2b: Chien-Pao\n|-damage|p2b: Chien-Pao|70\/100\n|move|p2b: Chien-Pao|Icicle Crash|p1b: Zygarde\n|-resisted|p1b: Zygarde\n|-activate|p1b: Zygarde|move: Substitute|[damage]\n|move|p2a: Salamence|Hyper Voice|p1b: Zygarde|[spread] p1a,p1b\n|-supereffective|p1a: Rillaboom\n|-damage|p1a: Rillaboom|58\/100\n|-damage|p1b: Zygarde|55\/100\n|move|p1b: Zygarde|Thousand Arrows|p2a: Salamence|[spread] p2a,p2b\n|-damage|p2a: Salamence|70\/100\n|-damage|p2b: Chien-Pao|32\/100\n|-start|p2a: Salamence|Smack Down\n|\n|-heal|p2b: Chien-Pao|38\/100|[from] Grassy Terrain\n|-heal|p2a: Salamence|76\/100|[from] Grassy Terrain\n|-heal|p1b: Zygarde|61\/100|[from] Grassy Terrain\n|-heal|p1a: Rillaboom|65\/100|[from] Grassy Terrain\n|-end|p1b: Zygarde|move: Taunt\n|upkeep\n|turn|7\n|j| eragon11145\n|\n|t:|1696726189\n|move|p2b: Chien-Pao|Icicle Crash|p1a: Rillaboom\n|-supereffective|p1a: Rillaboom\n|-damage|p1a: Rillaboom|0 fnt\n|faint|p1a: Rillaboom\n|move|p2a: Salamence|Double-Edge|p1b: Zygarde\n|-end|p1b: Zygarde|Substitute\n|-damage|p2a: Salamence|73\/100|[from] Recoil|[of] p1b: Zygarde\n|move|p1b: Zygarde|Dragon Dance|p1b: Zygarde\n|-boost|p1b: Zygarde|atk|1\n|-boost|p1b: Zygarde|spe|1\n|\n|-heal|p1b: Zygarde|67\/100|[from] Grassy Terrain\n|-heal|p2b: Chien-Pao|44\/100|[from] Grassy Terrain\n|-heal|p2a: Salamence|79\/100|[from] Grassy Terrain\n|upkeep\n|\n|t:|1696726195\n|switch|p1a: Ogerpon|Ogerpon-Wellspring, F|100\/100\n|-damage|p1a: Ogerpon|88\/100|[from] Stealth Rock\n|turn|8\n|\n|t:|1696726207\n|move|p1b: Zygarde|Thousand Arrows|p2a: Salamence|[spread] p2a,p2b\n|-damage|p2a: Salamence|30\/100\n|-damage|p2b: Chien-Pao|0 fnt\n|faint|p2b: Chien-Pao\n|move|p2a: Salamence|Tailwind|p2a: Salamence\n|-sidestart|p2: Slash Death|move: Tailwind\n|move|p1a: Ogerpon|Ivy Cudgel|p2a: Salamence\n|-resisted|p2a: Salamence\n|-damage|p2a: Salamence|4\/100\n|\n|-heal|p2a: Salamence|10\/100|[from] Grassy Terrain\n|-heal|p1b: Zygarde|73\/100|[from] Grassy Terrain\n|-heal|p1a: Ogerpon|94\/100|[from] Grassy Terrain\n|upkeep\n|\n|t:|1696726217\n|switch|p2b: Rillaboom|Rillaboom, M|100\/100\n|turn|9\n|\n|t:|1696726232\n|-terastallize|p2b: Rillaboom|Grass\n|move|p1b: Zygarde|Protect|p1b: Zygarde\n|-singleturn|p1b: Zygarde|Protect\n|move|p1a: Ogerpon|Spiky Shield|p1a: Ogerpon\n|-singleturn|p1a: Ogerpon|move: Protect\n|move|p2b: Rillaboom|Grassy Glide|p1a: Ogerpon\n|-activate|p1a: Ogerpon|move: Protect\n|-damage|p2b: Rillaboom|88\/100|[from] Spiky Shield|[of] p1a: Ogerpon\n|move|p2a: Salamence|Double-Edge|p1b: Zygarde\n|-activate|p1b: Zygarde|move: Protect\n|\n|-heal|p2a: Salamence|17\/100|[from] Grassy Terrain\n|-heal|p2b: Rillaboom|94\/100|[from] Grassy Terrain\n|-heal|p1b: Zygarde|79\/100|[from] Grassy Terrain\n|-heal|p1a: Ogerpon|99\/100|[from] Grassy Terrain\n|-fieldend|move: Grassy Terrain\n|upkeep\n|turn|10\n|c| eragon11145|most healthy zygarde experience\n|c|\u2606Jello1231|The one where I'm the wrong set\n|inactive|Jello1231 has 120 seconds left.\n|\n|t:|1696726272\n|move|p1a: Ogerpon|Follow Me|p1a: Ogerpon\n|-singleturn|p1a: Ogerpon|move: Follow Me\n|move|p2a: Salamence|Double-Edge|p1a: Ogerpon\n|-supereffective|p1a: Ogerpon\n|-damage|p1a: Ogerpon|0 fnt\n|faint|p1a: Ogerpon\n|-damage|p2a: Salamence|0 fnt|[from] Recoil\n|faint|p2a: Salamence\n|move|p2b: Rillaboom|Wood Hammer|p1b: Zygarde\n|-resisted|p1b: Zygarde\n|-damage|p1b: Zygarde|51\/100\n|-damage|p2b: Rillaboom|84\/100|[from] Recoil\n|move|p1b: Zygarde|Dragon Dance|p1b: Zygarde\n|-boost|p1b: Zygarde|atk|1\n|-boost|p1b: Zygarde|spe|1\n|\n|upkeep\n|\n|t:|1696726278\n|switch|p2a: Kingambit|Kingambit, F|100\/100\n|turn|11\n|\n|t:|1696726295\n|move|p2a: Kingambit|Sucker Punch||[still]\n|-fail|p2a: Kingambit\n|move|p1b: Zygarde|Substitute|p1b: Zygarde\n|-start|p1b: Zygarde|Substitute\n|-damage|p1b: Zygarde|26\/100\n|move|p2b: Rillaboom|Wood Hammer|p1b: Zygarde\n|-resisted|p1b: Zygarde\n|-end|p1b: Zygarde|Substitute\n|-damage|p2b: Rillaboom|76\/100|[from] Recoil|[of] p1b: Zygarde\n|\n|-sideend|p2: Slash Death|move: Tailwind\n|upkeep\n|turn|12\n|\n|t:|1696726309\n|move|p2a: Kingambit|Sucker Punch||[still]\n|-fail|p2a: Kingambit\n|move|p1b: Zygarde|Substitute|p1b: Zygarde\n|-start|p1b: Zygarde|Substitute\n|-damage|p1b: Zygarde|1\/100\n|move|p2b: Rillaboom|Wood Hammer|p1b: Zygarde\n|-resisted|p1b: Zygarde\n|-end|p1b: Zygarde|Substitute\n|-damage|p2b: Rillaboom|67\/100|[from] Recoil|[of] p1b: Zygarde\n|\n|upkeep\n|turn|13\n|c|\u2606Jello1231|This is what i get for bringing mienshao\n|c|\u2606Jello1231|Gg\n|\n|t:|1696726339\n|move|p2a: Kingambit|Sucker Punch|p1b: Zygarde\n|-damage|p1b: Zygarde|0 fnt\n|faint|p1b: Zygarde\n|\n|win|Slash Death\n|n|\u2606Jello1231|jello1231\n|n|\u2606Slash Death|slashdeath\n|n| smudgerox|smudgerox\n|n| cornpopbad|cornpopbad\n|n| eragon11145|eragon11145\n|c|\u2606Slash Death|Gg\n|l| eragon11145\n|l|\u2606Jello1231\n","uploadtime":1696726352,"views":23,"p1id":"jello1231","p2id":"slashdeath","formatid":"gen9nationaldexdoubles","rating":0,"private":0,"password":""}