{"id":"gen9nationaldexdoubles-1976898519","p1":"Battlesmudge","p2":"Syph0n_78","format":"[Gen 9] National Dex Doubles","log":"|j|\u2606Battlesmudge\n|j|\u2606Syph0n_78\n|t:|1698350558\n|gametype|doubles\n|player|p1|Battlesmudge|pokemonbreeder-gen4|\n|player|p2|Syph0n_78|102|\n|teamsize|p1|6\n|teamsize|p2|6\n|gen|9\n|tier|[Gen 9] National Dex Doubles\n|rule|HP Percentage Mod: HP is shown in percentages\n|rule|Endless Battle Clause: Forcing endless battles is banned\n|rule|OHKO Clause: OHKO moves are banned\n|rule|Evasion Moves Clause: Evasion moves are banned\n|rule|Evasion Abilities Clause: Evasion abilities are banned\n|rule|Species Clause: Limit one of each Pok\u00e9mon\n|rule|Gravity Sleep Clause: The combination of sleep-inducing moves with imperfect accuracy and Gravity or Gigantamax Orbeetle are banned\n|clearpoke\n|poke|p1|Charizard, M|\n|poke|p1|Alomomola, M|\n|poke|p1|Heatran, F|\n|poke|p1|Kommo-o, M|\n|poke|p1|Corviknight, F|\n|poke|p1|Clodsire, F|\n|poke|p2|Rillaboom, F|\n|poke|p2|Whimsicott, F|\n|poke|p2|Ogerpon-Wellspring, F|\n|poke|p2|Shiftry, F|\n|poke|p2|Brambleghast, F|\n|poke|p2|Torterra, F|\n|teampreview\n|c|\u2606Battlesmudge|mine isnt fully tested but its good enough\n|\n|t:|1698350584\n|start\n|switch|p1a: Corviknight|Corviknight, F|100\/100\n|switch|p1b: Heatran|Heatran, F|100\/100\n|switch|p2a: Whimsicott|Whimsicott, F|100\/100\n|switch|p2b: Brambleghast|Brambleghast, F|100\/100\n|turn|1\n|c|\u2606Syph0n_78|Same, team is diff instead of meow i got bramble\n|\n|t:|1698350602\n|-terastallize|p2b: Brambleghast|Fire\n|move|p2a: Whimsicott|Tailwind|p2a: Whimsicott\n|-sidestart|p2: Syph0n_78|move: Tailwind\n|-ability|p2b: Brambleghast|Wind Rider|boost\n|-boost|p2b: Brambleghast|atk|1\n|move|p2b: Brambleghast|Tera Blast|p1a: Corviknight|[anim] Tera Blast Fire\n|-supereffective|p1a: Corviknight\n|-damage|p1a: Corviknight|0 fnt\n|faint|p1a: Corviknight\n|-damage|p2b: Brambleghast|91\/100|[from] item: Life Orb\n|move|p1b: Heatran|Magma Storm|p2b: Brambleghast\n|-resisted|p2b: Brambleghast\n|-damage|p2b: Brambleghast|51\/100\n|-activate|p2b: Brambleghast|move: Magma Storm|[of] p1b: Heatran\n|\n|-damage|p2b: Brambleghast|38\/100|[from] move: Magma Storm|[partiallytrapped]\n|upkeep\n|\n|t:|1698350619\n|switch|p1a: Kommo-o|Kommo-o, M|100\/100\n|turn|2\n|\n|t:|1698350644\n|switch|p1a: Clodsire|Clodsire, F|100\/100\n|move|p2b: Brambleghast|Strength Sap|p1a: Clodsire\n|-unboost|p1a: Clodsire|atk|1\n|-heal|p2b: Brambleghast|100\/100\n|move|p2a: Whimsicott|Dazzling Gleam|p1a: Clodsire|[spread] p1a,p1b\n|-resisted|p1a: Clodsire\n|-resisted|p1b: Heatran\n|-damage|p1a: Clodsire|96\/100\n|-damage|p1b: Heatran|99\/100\n|move|p1b: Heatran|Magma Storm|p2a: Whimsicott\n|-supereffective|p2a: Whimsicott\n|-damage|p2a: Whimsicott|0 fnt\n|faint|p2a: Whimsicott\n|\n|-heal|p1a: Clodsire|100\/100|[from] item: Leftovers\n|-damage|p2b: Brambleghast|88\/100|[from] move: Magma Storm|[partiallytrapped]\n|upkeep\n|c|\u2606Syph0n_78|Literally negative damage\n|\n|t:|1698350673\n|switch|p2a: Shiftry|Shiftry, F|100\/100\n|-ability|p2a: Shiftry|Wind Rider|boost\n|-boost|p2a: Shiftry|atk|1\n|turn|3\n|\n|t:|1698350698\n|switch|p2a: Ogerpon|Ogerpon-Wellspring, F|100\/100\n|-terastallize|p1b: Heatran|Grass\n|move|p2b: Brambleghast|Power Whip|p1a: Clodsire\n|-damage|p1a: Clodsire|0 fnt\n|faint|p1a: Clodsire\n|-damage|p2b: Brambleghast|78\/100|[from] item: Life Orb\n|move|p1b: Heatran|Magma Storm|p2a: Ogerpon\n|-damage|p2a: Ogerpon|45\/100\n|-activate|p2a: Ogerpon|move: Magma Storm|[of] p1b: Heatran\n|\n|-damage|p2a: Ogerpon|33\/100|[from] move: Magma Storm|[partiallytrapped]\n|-damage|p2b: Brambleghast|66\/100|[from] move: Magma Storm|[partiallytrapped]\n|upkeep\n|c|\u2606Battlesmudge|youre not gonna like me much if this goes off\n|c|\u2606Battlesmudge|it didnt go off\n|\n|t:|1698350714\n|switch|p1a: Kommo-o|Kommo-o, M|100\/100\n|turn|4\n|\n|t:|1698350740\n|switch|p1a: Charizard|Charizard, M|100\/100\n|move|p2a: Ogerpon|Play Rough|p1a: Charizard\n|-resisted|p1a: Charizard\n|-damage|p1a: Charizard|77\/100\n|move|p2b: Brambleghast|Poltergeist|p1b: Heatran\n|-activate|p1b: Heatran|move: Poltergeist|Assault Vest\n|-damage|p1b: Heatran|15\/100\n|-damage|p2b: Brambleghast|56\/100|[from] item: Life Orb\n|move|p1b: Heatran|Tera Blast|p2a: Ogerpon|[anim] Tera Blast Grass\n|-damage|p2a: Ogerpon|0 fnt\n|faint|p2a: Ogerpon\n|\n|-damage|p2b: Brambleghast|44\/100|[from] move: Magma Storm|[partiallytrapped]\n|-sideend|p2: Syph0n_78|move: Tailwind\n|upkeep\n|c|\u2606Battlesmudge|HA\n|c|\u2606Battlesmudge|i learned to double\n|\n|t:|1698350760\n|switch|p2a: Rillaboom|Rillaboom, F|100\/100\n|-fieldstart|move: Grassy Terrain|[from] ability: Grassy Surge|[of] p2a: Rillaboom\n|-enditem|p2a: Rillaboom|Grassy Seed\n|-boost|p2a: Rillaboom|def|1|[from] item: Grassy Seed\n|turn|5\n|\n|t:|1698350783\n|switch|p1b: Kommo-o|Kommo-o, M|100\/100\n|detailschange|p1a: Charizard|Charizard-Mega-X, M\n|-mega|p1a: Charizard|Charizard|Charizardite X\n|move|p1a: Charizard|Flare Blitz|p2a: Rillaboom\n|-supereffective|p2a: Rillaboom\n|-damage|p2a: Rillaboom|0 fnt\n|faint|p2a: Rillaboom\n|-damage|p1a: Charizard|39\/100|[from] Recoil\n|move|p2b: Brambleghast|Poltergeist|p1a: Charizard\n|-activate|p1a: Charizard|move: Poltergeist|Charizardite X\n|-damage|p1a: Charizard|0 fnt\n|faint|p1a: Charizard\n|-damage|p2b: Brambleghast|34\/100|[from] item: Life Orb\n|\n|-heal|p2b: Brambleghast|40\/100|[from] Grassy Terrain\n|-end|p2b: Brambleghast|Magma Storm|[partiallytrapped]|[silent]\n|upkeep\n|\n|t:|1698350805\n|switch|p1a: Alomomola|Alomomola, M|100\/100\n|switch|p2a: Shiftry|Shiftry, F|100\/100\n|turn|6\n|\n|t:|1698350818\n|move|p1a: Alomomola|Protect|p1a: Alomomola\n|-singleturn|p1a: Alomomola|Protect\n|move|p2b: Brambleghast|Strength Sap|p1b: Kommo-o\n|-unboost|p1b: Kommo-o|atk|1\n|-heal|p2b: Brambleghast|100\/100\n|-zpower|p1b: Kommo-o\n|move|p1b: Kommo-o|Clangorous Soulblaze|p2b: Brambleghast|[zeffect]|[spread] p2a,p2b\n|-damage|p2a: Shiftry|8\/100\n|-damage|p2b: Brambleghast|0 fnt\n|faint|p2b: Brambleghast\n|-boost|p1b: Kommo-o|atk|1\n|-boost|p1b: Kommo-o|def|1\n|-boost|p1b: Kommo-o|spa|1\n|-boost|p1b: Kommo-o|spd|1\n|-boost|p1b: Kommo-o|spe|1\n|move|p2a: Shiftry|Leaf Blade|p1a: Alomomola\n|-activate|p1a: Alomomola|move: Protect\n|\n|-heal|p2a: Shiftry|14\/100|[from] Grassy Terrain\n|upkeep\n|c|\u2606Battlesmudge|good thing im using special for doubles\n|c|\u2606Syph0n_78|Nah that shit is op\n|\n|t:|1698350843\n|switch|p2b: Torterra|Torterra, F|100\/100\n|turn|7\n|\n|t:|1698350867\n|move|p1b: Kommo-o|Clanging Scales|p2a: Shiftry|[spread] p2a,p2b\n|-damage|p2a: Shiftry|0 fnt\n|-damage|p2b: Torterra|41\/100\n|faint|p2a: Shiftry\n|-unboost|p1b: Kommo-o|def|1\n|move|p2b: Torterra|Shell Smash|p2b: Torterra\n|-unboost|p2b: Torterra|def|1\n|-unboost|p2b: Torterra|spd|1\n|-boost|p2b: Torterra|atk|2\n|-boost|p2b: Torterra|spa|2\n|-boost|p2b: Torterra|spe|2\n|move|p1a: Alomomola|Flip Turn|p2b: Torterra\n|-damage|p2b: Torterra|18\/100\n|\n|t:|1698350880\n|switch|p1a: Heatran|Heatran, F, tera:Grass|15\/100|[from] Flip Turn\n|\n|-heal|p2b: Torterra|24\/100|[from] Grassy Terrain\n|-heal|p1a: Heatran|21\/100|[from] Grassy Terrain\n|upkeep\n|turn|8\n|c|\u2606Syph0n_78|Looks like u finally got me\n|\n|t:|1698350901\n|move|p1b: Kommo-o|Dragon Claw|p2b: Torterra\n|-damage|p2b: Torterra|0 fnt\n|faint|p2b: Torterra\n|\n|win|Battlesmudge\n|c|\u2606Battlesmudge|sike i was running physical\n|c|\u2606Battlesmudge|gg\n|c|\u2606Syph0n_78|Doesnt really matter. Kommo-o is broken as shit\n|c|\u2606Battlesmudge|unless you one shot with a fairy move\n|c|\u2606Syph0n_78|So you got rid of the fairy attackers before i could get you\n|c|\u2606Battlesmudge|i finally learned how to double right and thats how i finally won\n|c|\u2606Syph0n_78|Ggs\n|c|\u2606Battlesmudge|gg man\n|c|\u2606Syph0n_78|Took ya long enough\n|c|\u2606Battlesmudge|-_-\n|c|\u2606Syph0n_78|Lmfao\n","uploadtime":1698350982,"views":10,"p1id":"battlesmudge","p2id":"syph0n78","formatid":"gen9nationaldexdoubles","rating":0,"private":0,"password":""}