{"id":"gen9nationaldexdoubles-1974827791","p1":"Kakurega","p2":"GameBro180","format":"[Gen 9] National Dex Doubles","log":"|j|\u2606Kakurega\n|j|\u2606GameBro180\n|t:|1698131085\n|gametype|doubles\n|player|p1|Kakurega|psychic|\n|player|p2|GameBro180|bruno|\n|teamsize|p1|6\n|teamsize|p2|6\n|gen|9\n|tier|[Gen 9] National Dex Doubles\n|rule|HP Percentage Mod: HP is shown in percentages\n|rule|Endless Battle Clause: Forcing endless battles is banned\n|rule|OHKO Clause: OHKO moves are banned\n|rule|Evasion Moves Clause: Evasion moves are banned\n|rule|Evasion Abilities Clause: Evasion abilities are banned\n|rule|Species Clause: Limit one of each Pok\u00e9mon\n|rule|Gravity Sleep Clause: The combination of sleep-inducing moves with imperfect accuracy and Gravity or Gigantamax Orbeetle are banned\n|clearpoke\n|poke|p1|Haunter, M|\n|poke|p1|Charizard, M|\n|poke|p1|Graveler, M|\n|poke|p1|Primeape, M|\n|poke|p1|Weezing-Galar, M|\n|poke|p1|Flareon, M|\n|poke|p2|Kangaskhan, F|\n|poke|p2|Marowak-Alola, M|\n|poke|p2|Dugtrio-Alola, M|\n|poke|p2|Aerodactyl, F|\n|poke|p2|Lapras, M|\n|poke|p2|Exeggutor-Alola, F|\n|teampreview\n|j| Rorick Kintana\n|j| kevthechamp\n|\n|t:|1698131127\n|start\n|switch|p1a: Charizard|Charizard, M|100\/100\n|switch|p1b: Primeape|Primeape, M|100\/100\n|switch|p2a: Dugtrio|Dugtrio-Alola, M|100\/100\n|switch|p2b: Exeggutor|Exeggutor-Alola, F|100\/100\n|-item|p1a: Charizard|Charizardite X|[from] ability: Frisk|[of] p2b: Exeggutor|[identify]\n|-item|p1b: Primeape|Assault Vest|[from] ability: Frisk|[of] p2b: Exeggutor|[identify]\n|turn|1\n|\n|t:|1698131173\n|move|p2a: Dugtrio|High Horsepower|p1a: Charizard\n|-immune|p1a: Charizard\n|move|p1a: Charizard|Dragon Dance|p1a: Charizard\n|-boost|p1a: Charizard|atk|1\n|-boost|p1a: Charizard|spe|1\n|move|p1b: Primeape|Drain Punch|p2a: Dugtrio\n|-supereffective|p2a: Dugtrio\n|-enditem|p2a: Dugtrio|Focus Sash\n|-damage|p2a: Dugtrio|1\/100\n|-ability|p2a: Dugtrio|Tangling Hair\n|-unboost|p1b: Primeape|spe|1\n|-ability|p1b: Primeape|Defiant|boost\n|-boost|p1b: Primeape|atk|2\n|move|p2b: Exeggutor|Dragon Pulse|p1a: Charizard\n|-damage|p1a: Charizard|25\/100\n|-damage|p2b: Exeggutor|91\/100|[from] item: Life Orb\n|\n|upkeep\n|turn|2\n|\n|t:|1698131233\n|detailschange|p1a: Charizard|Charizard-Mega-X, M\n|-mega|p1a: Charizard|Charizard|Charizardite X\n|move|p1a: Charizard|Dual Wingbeat|p2b: Exeggutor\n|-supereffective|p2b: Exeggutor\n|-damage|p2b: Exeggutor|30\/100\n|-supereffective|p2b: Exeggutor\n|-damage|p2b: Exeggutor|0 fnt\n|faint|p2b: Exeggutor\n|-hitcount|p2: Exeggutor|2\n|move|p2a: Dugtrio|Stealth Rock|p1a: Charizard\n|-sidestart|p1: Kakurega|move: Stealth Rock\n|move|p1b: Primeape|Drain Punch|p2a: Dugtrio\n|-supereffective|p2a: Dugtrio\n|-damage|p2a: Dugtrio|0 fnt\n|-ability|p2a: Dugtrio|Tangling Hair\n|-unboost|p1b: Primeape|spe|1\n|-ability|p1b: Primeape|Defiant|boost\n|-boost|p1b: Primeape|atk|2\n|faint|p2a: Dugtrio\n|\n|upkeep\n|\n|t:|1698131280\n|switch|p2a: Kangaskhan|Kangaskhan, F|100\/100\n|switch|p2b: Marowak|Marowak-Alola, M|100\/100\n|turn|3\n|c| Rorick Kintana|Grab his thing and twist it!\n|\n|t:|1698131359\n|detailschange|p2a: Kangaskhan|Kangaskhan-Mega, F\n|-mega|p2a: Kangaskhan|Kangaskhan|Kangaskhanite\n|move|p2a: Kangaskhan|Fake Out|p1b: Primeape\n|-damage|p1b: Primeape|73\/100\n|-damage|p1b: Primeape|67\/100\n|-hitcount|p1b: Primeape|2\n|move|p1a: Charizard|Dual Wingbeat|p2a: Kangaskhan\n|-crit|p2a: Kangaskhan\n|-damage|p2a: Kangaskhan|61\/100\n|-damage|p2a: Kangaskhan|32\/100\n|-hitcount|p2a: Kangaskhan|2\n|move|p2b: Marowak|Rock Slide|p1a: Charizard|[spread] p1a,p1b\n|-supereffective|p1a: Charizard\n|-crit|p1a: Charizard\n|-resisted|p1b: Primeape\n|-damage|p1a: Charizard|0 fnt\n|-damage|p1b: Primeape|45\/100\n|faint|p1a: Charizard\n|cant|p1b: Primeape|flinch\n|\n|upkeep\n|\n|t:|1698131394\n|switch|p1a: Graveler|Graveler, M|100\/100\n|-damage|p1a: Graveler|95\/100|[from] Stealth Rock\n|turn|4\n|\n|t:|1698131420\n|move|p1a: Graveler|Sucker Punch|p2b: Marowak\n|-supereffective|p2b: Marowak\n|-damage|p2b: Marowak|47\/100\n|-damage|p1a: Graveler|85\/100|[from] item: Life Orb\n|move|p2a: Kangaskhan|Power-Up Punch|p1a: Graveler\n|-supereffective|p1a: Graveler\n|-damage|p1a: Graveler|54\/100\n|-boost|p2a: Kangaskhan|atk|1\n|-supereffective|p1a: Graveler\n|-damage|p1a: Graveler|43\/100\n|-boost|p2a: Kangaskhan|atk|1\n|-hitcount|p1a: Graveler|2\n|move|p2b: Marowak|Flare Blitz|p1b: Primeape\n|-damage|p1b: Primeape|0 fnt\n|faint|p1b: Primeape\n|\n|upkeep\n|\n|t:|1698131436\n|switch|p1b: Weezing|Weezing-Galar, M|100\/100\n|-ability|p1b: Weezing|Neutralizing Gas\n|-damage|p1b: Weezing|88\/100|[from] Stealth Rock\n|-item|p1b: Weezing|Air Balloon\n|turn|5\n|\n|t:|1698131456\n|move|p1a: Graveler|Sucker Punch|p2b: Marowak\n|-supereffective|p2b: Marowak\n|-damage|p2b: Marowak|0 fnt\n|faint|p2b: Marowak\n|-damage|p1a: Graveler|33\/100|[from] item: Life Orb\n|move|p2a: Kangaskhan|Body Slam|p1b: Weezing\n|-damage|p1b: Weezing|5\/100\n|-enditem|p1b: Weezing|Air Balloon\n|move|p1b: Weezing|Dazzling Gleam|p2a: Kangaskhan\n|-damage|p2a: Kangaskhan|8\/100\n|\n|upkeep\n|\n|t:|1698131480\n|switch|p2b: Aerodactyl|Aerodactyl, F|100\/100\n|turn|6\n|\n|t:|1698131516\n|move|p1a: Graveler|Sucker Punch|p2a: Kangaskhan\n|-crit|p2a: Kangaskhan\n|-damage|p2a: Kangaskhan|0 fnt\n|faint|p2a: Kangaskhan\n|-damage|p1a: Graveler|23\/100|[from] item: Life Orb\n|move|p2b: Aerodactyl|Dragon Dance|p2b: Aerodactyl\n|-boost|p2b: Aerodactyl|atk|1\n|-boost|p2b: Aerodactyl|spe|1\n|move|p1b: Weezing|Dazzling Gleam|p2b: Aerodactyl\n|-damage|p2b: Aerodactyl|60\/100\n|\n|upkeep\n|\n|t:|1698131527\n|switch|p2a: Lapras|Lapras, M|100\/100\n|turn|7\n|\n|t:|1698131548\n|move|p2b: Aerodactyl|Crunch|p1b: Weezing\n|-resisted|p1b: Weezing\n|-damage|p1b: Weezing|0 fnt\n|faint|p1b: Weezing\n|-end|p1b: Weezing|ability: Neutralizing Gas\n|-ability|p2b: Aerodactyl|Unnerve\n|move|p2a: Lapras|Freeze-Dry|p1a: Graveler\n|-supereffective|p1a: Graveler\n|-damage|p1a: Graveler|0 fnt\n|faint|p1a: Graveler\n|\n|upkeep\n|\n|t:|1698131560\n|switch|p1b: Flareon|Flareon, M|100\/100\n|switch|p1a: Haunter|Haunter, M|100\/100\n|-damage|p1a: Haunter|88\/100|[from] Stealth Rock\n|-damage|p1b: Flareon|76\/100|[from] Stealth Rock\n|turn|8\n|\n|t:|1698131574\n|move|p1b: Flareon|Protect|p1b: Flareon\n|-singleturn|p1b: Flareon|Protect\n|move|p2b: Aerodactyl|Crunch|p1a: Haunter\n|-supereffective|p1a: Haunter\n|-damage|p1a: Haunter|0 fnt\n|faint|p1a: Haunter\n|move|p2a: Lapras|Hydro Pump|p1b: Flareon\n|-activate|p1b: Flareon|move: Protect\n|\n|-status|p1b: Flareon|tox|[from] item: Toxic Orb\n|upkeep\n|turn|9\n|\n|t:|1698131598\n|move|p2b: Aerodactyl|Rock Blast|p1b: Flareon\n|-supereffective|p1b: Flareon\n|-damage|p1b: Flareon|15\/100 tox\n|-supereffective|p1b: Flareon\n|-damage|p1b: Flareon|0 fnt\n|faint|p1b: Flareon\n|-hitcount|p1: Flareon|2\n|\n|win|GameBro180\n|l| kevthechamp\n","uploadtime":1698131667,"views":15,"p1id":"kakurega","p2id":"gamebro180","formatid":"gen9nationaldexdoubles","rating":0,"private":0,"password":""}