{"id":"gen9nationaldexdoubles-1982982949","p1":"ryanodacool","p2":"multiingbe","format":"[Gen 9] National Dex Doubles","log":"|j|\u2606ryanodacool\n|j|\u2606multiingbe\n|t:|1699066117\n|gametype|doubles\n|player|p1|ryanodacool|policeman-gen4|1050\n|player|p2|multiingbe|kimonogirl|1021\n|teamsize|p1|6\n|teamsize|p2|6\n|gen|9\n|tier|[Gen 9] National Dex Doubles\n|rated|\n|rule|HP Percentage Mod: HP is shown in percentages\n|rule|Endless Battle Clause: Forcing endless battles is banned\n|rule|OHKO Clause: OHKO moves are banned\n|rule|Evasion Moves Clause: Evasion moves are banned\n|rule|Evasion Abilities Clause: Evasion abilities are banned\n|rule|Species Clause: Limit one of each Pok\u00e9mon\n|rule|Gravity Sleep Clause: The combination of sleep-inducing moves with imperfect accuracy and Gravity or Gigantamax Orbeetle are banned\n|clearpoke\n|poke|p1|Ogerpon-Hearthflame, F|\n|poke|p1|Gholdengo|\n|poke|p1|Palafin, F|\n|poke|p1|Pelipper, M|\n|poke|p1|Flutter Mane|\n|poke|p1|Naganadel|\n|poke|p2|Tapu Koko|\n|poke|p2|Raichu-Alola, F|\n|poke|p2|Zebstrika, M|\n|poke|p2|Kingdra, F|\n|poke|p2|Gastrodon, F|\n|poke|p2|Ditto|\n|teampreview\n|\n|t:|1699066126\n|start\n|switch|p1a: Gholdengo|Gholdengo|100\/100\n|switch|p1b: Naganadel|Naganadel|100\/100\n|switch|p2a: Opdwened|Zebstrika, M|100\/100\n|switch|p2b: Vari Vyo|Raichu-Alola, F|100\/100\n|turn|1\n|\n|t:|1699066146\n|move|p2a: Opdwened|Flame Charge|p1a: Gholdengo\n|-supereffective|p1a: Gholdengo\n|-damage|p1a: Gholdengo|81\/100\n|-boost|p2a: Opdwened|spe|1\n|move|p2b: Vari Vyo|Hidden Power|p1b: Naganadel\n|-supereffective|p1b: Naganadel\n|-damage|p1b: Naganadel|70\/100\n|move|p1b: Naganadel|Sludge Wave|p2a: Opdwened|[spread] p2a,p2b\n|-immune|p1a: Gholdengo\n|-crit|p2a: Opdwened\n|-damage|p2a: Opdwened|54\/100\n|-damage|p2b: Vari Vyo|67\/100\n|move|p1a: Gholdengo|Shadow Ball|p2b: Vari Vyo\n|-supereffective|p2b: Vari Vyo\n|-damage|p2b: Vari Vyo|0 fnt\n|faint|p2b: Vari Vyo\n|\n|-heal|p1b: Naganadel|76\/100|[from] item: Leftovers\n|upkeep\n|\n|t:|1699066167\n|switch|p2b: Mwuessdeti|Ditto|100\/100\n|-transform|p2b: Mwuessdeti|p1a: Gholdengo|[from] ability: Imposter\n|turn|2\n|\n|t:|1699066192\n|-terastallize|p2b: Mwuessdeti|Normal\n|move|p2a: Opdwened|Bounce||[still]\n|-prepare|p2a: Opdwened|Bounce\n|move|p1b: Naganadel|Sludge Wave|p2a: Opdwened|[spread] p2b\n|-miss|p1b: Naganadel|p2a: Opdwened\n|-immune|p1a: Gholdengo\n|-crit|p2b: Mwuessdeti\n|-damage|p2b: Mwuessdeti|47\/100\n|move|p1a: Gholdengo|Shadow Ball|p2b: Mwuessdeti\n|-immune|p2b: Mwuessdeti\n|move|p2b: Mwuessdeti|Nasty Plot|p2b: Mwuessdeti\n|-boost|p2b: Mwuessdeti|spa|2\n|\n|-heal|p1b: Naganadel|82\/100|[from] item: Leftovers\n|upkeep\n|turn|3\n|\n|t:|1699066215\n|move|p2a: Opdwened|Bounce|p1a: Gholdengo|[from]lockedmove\n|-resisted|p1a: Gholdengo\n|-damage|p1a: Gholdengo|73\/100\n|move|p1b: Naganadel|Sludge Wave|p2a: Opdwened|[spread] p2a,p2b\n|-immune|p1a: Gholdengo\n|-damage|p2a: Opdwened|23\/100\n|-damage|p2b: Mwuessdeti|8\/100\n|move|p2b: Mwuessdeti|Shadow Ball|p1a: Gholdengo\n|-supereffective|p1a: Gholdengo\n|-damage|p1a: Gholdengo|0 fnt\n|faint|p1a: Gholdengo\n|\n|-heal|p1b: Naganadel|88\/100|[from] item: Leftovers\n|upkeep\n|\n|t:|1699066231\n|switch|p1a: Palafin|Palafin, F|100\/100\n|turn|4\n|\n|t:|1699066240\n|switch|p1b: Pelipper|Pelipper, M|100\/100\n|-weather|RainDance|[from] ability: Drizzle|[of] p1b: Pelipper\n|move|p1a: Palafin|Jet Punch|p2b: Mwuessdeti\n|-damage|p2b: Mwuessdeti|0 fnt\n|faint|p2b: Mwuessdeti\n|move|p2a: Opdwened|Thunderbolt|p1a: Palafin\n|-supereffective|p1a: Palafin\n|-damage|p1a: Palafin|28\/100\n|-status|p1a: Palafin|par\n|\n|-weather|RainDance|[upkeep]\n|upkeep\n|\n|t:|1699066258\n|switch|p2b: Tuwirine|Kingdra, F|100\/100\n|turn|5\n|\n|t:|1699066267\n|switch|p2b: Labalha|Gastrodon, F|100\/100\n|switch|p1b: Ogerpon|Ogerpon-Hearthflame, F|100\/100\n|-ability|p1b: Ogerpon|Mold Breaker\n|move|p1a: Palafin|Jet Punch|p2b: Labalha\n|-ability|p2b: Labalha|Storm Drain|boost\n|-boost|p2b: Labalha|spa|1\n|move|p2a: Opdwened|Thunderbolt|p1b: Ogerpon\n|-resisted|p1b: Ogerpon\n|-damage|p1b: Ogerpon|89\/100\n|-status|p1b: Ogerpon|par\n|\n|-weather|RainDance|[upkeep]\n|upkeep\n|turn|6\n|\n|t:|1699066298\n|detailschange|p1a: Palafin|Palafin-Hero, F\n|switch|p1a: Pelipper|Pelipper, M|100\/100\n|move|p2a: Opdwened|Bounce||[still]\n|-prepare|p2a: Opdwened|Bounce\n|move|p1b: Ogerpon|Horn Leech|p2b: Labalha\n|-supereffective|p2b: Labalha\n|-damage|p2b: Labalha|0 fnt\n|-heal|p1b: Ogerpon|100\/100 par|[from] drain|[of] p2b: Labalha\n|faint|p2b: Labalha\n|\n|-weather|RainDance|[upkeep]\n|upkeep\n|\n|t:|1699066310\n|switch|p2b: Tapu Koko|Tapu Koko|100\/100\n|-fieldstart|move: Electric Terrain|[from] ability: Electric Surge|[of] p2b: Tapu Koko\n|turn|7\n|\n|t:|1699066322\n|switch|p1b: Naganadel|Naganadel|88\/100\n|-terastallize|p1a: Pelipper|Ground\n|move|p2a: Opdwened|Bounce|p1b: Naganadel|[from]lockedmove\n|-damage|p1b: Naganadel|69\/100\n|-status|p1b: Naganadel|par\n|move|p2b: Tapu Koko|Discharge|p1a: Pelipper|[spread] p1b\n|-ability|p2a: Opdwened|Lightning Rod|boost\n|-boost|p2a: Opdwened|spa|1\n|-immune|p1a: Pelipper\n|-resisted|p1b: Naganadel\n|-damage|p1b: Naganadel|55\/100 par\n|move|p1a: Pelipper|Tera Blast|p2b: Tapu Koko|[anim] Tera Blast Ground\n|-supereffective|p2b: Tapu Koko\n|-damage|p2b: Tapu Koko|53\/100\n|\n|-weather|RainDance|[upkeep]\n|-heal|p1b: Naganadel|60\/100 par|[from] item: Leftovers\n|upkeep\n|turn|8\n|\n|t:|1699066348\n|move|p2a: Opdwened|Bounce||[still]\n|-prepare|p2a: Opdwened|Bounce\n|move|p2b: Tapu Koko|Dazzling Gleam|p1b: Naganadel|[spread] p1a,p1b\n|-damage|p1a: Pelipper|68\/100\n|-damage|p1b: Naganadel|37\/100 par\n|move|p1a: Pelipper|Tailwind|p1a: Pelipper\n|-sidestart|p1: ryanodacool|move: Tailwind\n|cant|p1b: Naganadel|par\n|\n|-weather|none\n|-heal|p1b: Naganadel|43\/100 par|[from] item: Leftovers\n|upkeep\n|turn|9\n|\n|t:|1699066362\n|switch|p2b: Tuwirine|Kingdra, F|100\/100\n|move|p2a: Opdwened|Bounce|p1a: Pelipper|[from]lockedmove\n|-damage|p1a: Pelipper|49\/100\n|-enditem|p1a: Pelipper|Sitrus Berry|[eat]\n|-heal|p1a: Pelipper|74\/100|[from] item: Sitrus Berry\n|move|p1a: Pelipper|Tera Blast|p2b: Tuwirine|[anim] Tera Blast Ground\n|-damage|p2b: Tuwirine|64\/100\n|move|p1b: Naganadel|Draco Meteor|p2b: Tuwirine\n|-supereffective|p2b: Tuwirine\n|-damage|p2b: Tuwirine|0 fnt\n|-unboost|p1b: Naganadel|spa|2\n|faint|p2b: Tuwirine\n|-ability|p1b: Naganadel|Beast Boost|boost\n|-boost|p1b: Naganadel|spa|1\n|\n|-heal|p1b: Naganadel|49\/100 par|[from] item: Leftovers\n|upkeep\n|\n|t:|1699066380\n|switch|p2b: Tapu Koko|Tapu Koko|53\/100\n|turn|10\n|\n|t:|1699066385\n|switch|p1b: Flutter Mane|Flutter Mane|100\/100\n|-enditem|p1b: Flutter Mane|Booster Energy\n|-activate|p1b: Flutter Mane|ability: Protosynthesis|[fromitem]\n|-start|p1b: Flutter Mane|protosynthesisspe\n|move|p2a: Opdwened|Bounce||[still]\n|-prepare|p2a: Opdwened|Bounce\n|move|p2b: Tapu Koko|Dazzling Gleam|p1b: Flutter Mane|[spread] p1a,p1b\n|-damage|p1a: Pelipper|46\/100\n|-damage|p1b: Flutter Mane|78\/100\n|move|p1a: Pelipper|Tera Blast|p2a: Opdwened|[anim] Tera Blast Ground|[miss]\n|-miss|p1a: Pelipper|p2a: Opdwened\n|\n|upkeep\n|turn|11\n|\n|t:|1699066401\n|move|p1b: Flutter Mane|Moonblast|p2b: Tapu Koko\n|-damage|p2b: Tapu Koko|10\/100\n|move|p2a: Opdwened|Bounce|p1a: Pelipper|[from]lockedmove\n|-damage|p1a: Pelipper|25\/100\n|move|p2b: Tapu Koko|Thunderbolt|p2a: Opdwened\n|-activate|p2a: Opdwened|ability: Lightning Rod\n|-ability|p2a: Opdwened|Lightning Rod|boost\n|-boost|p2a: Opdwened|spa|1\n|move|p1a: Pelipper|Tera Blast|p2a: Opdwened|[anim] Tera Blast Ground\n|-supereffective|p2a: Opdwened\n|-damage|p2a: Opdwened|0 fnt\n|faint|p2a: Opdwened\n|\n|-sideend|p1: ryanodacool|move: Tailwind\n|-fieldend|move: Electric Terrain\n|upkeep\n|turn|12\n|\n|t:|1699066422\n|move|p1b: Flutter Mane|Moonblast|p2b: Tapu Koko\n|-damage|p2b: Tapu Koko|0 fnt\n|faint|p2b: Tapu Koko\n|\n|win|ryanodacool\n|raw|ryanodacool's rating: 1050 &rarr; <strong>1080<\/strong><br \/>(+30 for winning)\n|raw|multiingbe's rating: 1021 &rarr; <strong>1009<\/strong><br \/>(-12 for losing)\n|l|\u2606ryanodacool\n","uploadtime":1699066434,"views":9,"p1id":"ryanodacool","p2id":"multiingbe","formatid":"gen9nationaldexdoubles","rating":1009,"private":0,"password":""}