{"id":"gen9nationaldexdoubles-1994937085","p1":"Thatfunniguy","p2":"CrisWWE","format":"[Gen 9] National Dex Doubles","log":"|j|\u2606Thatfunniguy\n|j|\u2606CrisWWE\n|t:|1700506246\n|gametype|doubles\n|player|p1|Thatfunniguy|fisherman-gen4|1220\n|player|p2|CrisWWE|shadowtriad|1149\n|teamsize|p1|6\n|teamsize|p2|6\n|gen|9\n|tier|[Gen 9] National Dex Doubles\n|rated|\n|rule|HP Percentage Mod: HP is shown in percentages\n|rule|Endless Battle Clause: Forcing endless battles is banned\n|rule|OHKO Clause: OHKO moves are banned\n|rule|Evasion Moves Clause: Evasion moves are banned\n|rule|Evasion Abilities Clause: Evasion abilities are banned\n|rule|Species Clause: Limit one of each Pok\u00e9mon\n|rule|Gravity Sleep Clause: The combination of sleep-inducing moves with imperfect accuracy and Gravity or Gigantamax Orbeetle are banned\n|clearpoke\n|poke|p1|Murkrow, F|\n|poke|p1|Eldegoss, F|\n|poke|p1|Serperior, F|\n|poke|p1|Victini|\n|poke|p1|Malamar, M|\n|poke|p1|Latias, F|\n|poke|p2|Tapu Koko|\n|poke|p2|Charizard, F|\n|poke|p2|Tornadus, M|\n|poke|p2|Marshadow|\n|poke|p2|Raichu-Alola, M|\n|poke|p2|Flutter Mane|\n|teampreview\n|\n|t:|1700506254\n|start\n|switch|p1a: VICTORY|Victini|100\/100\n|switch|p1b: Caesar|Murkrow, F|100\/100\n|switch|p2a: Tapu Koko|Tapu Koko|100\/100\n|switch|p2b: Raichu|Raichu-Alola, M|100\/100\n|-fieldstart|move: Electric Terrain|[from] ability: Electric Surge|[of] p2a: Tapu Koko\n|turn|1\n|inactive|Battle timer is ON: inactive players will automatically lose when time's up. (requested by Thatfunniguy)\n|\n|t:|1700506267\n|move|p1b: Caesar|Quash|p2b: Raichu\n|-activate|p2b: Raichu|move: Quash\n|move|p2a: Tapu Koko|Volt Switch|p1a: VICTORY\n|-crit|p1a: VICTORY\n|-damage|p1a: VICTORY|53\/100\n|\n|t:|1700506274\n|switch|p2a: Charizard|Charizard, F|100\/100|[from] Volt Switch\n|move|p1a: VICTORY|V-create|p2b: Raichu\n|-damage|p2b: Raichu|0 fnt\n|-unboost|p1a: VICTORY|spe|1\n|-unboost|p1a: VICTORY|def|1\n|-unboost|p1a: VICTORY|spd|1\n|faint|p2b: Raichu\n|\n|upkeep\n|c|\u2606Thatfunniguy|Always the crits\n|\n|t:|1700506288\n|switch|p2b: Tapu Koko|Tapu Koko|100\/100\n|turn|2\n|\n|t:|1700506318\n|detailschange|p2a: Charizard|Charizard-Mega-Y, F\n|-mega|p2a: Charizard|Charizard|Charizardite Y\n|-weather|SunnyDay|[from] ability: Drought|[of] p2a: Charizard\n|move|p1b: Caesar|Quash|p2b: Tapu Koko\n|-activate|p2b: Tapu Koko|move: Quash\n|move|p2a: Charizard|Air Slash|p1a: VICTORY\n|-damage|p1a: VICTORY|0 fnt\n|faint|p1a: VICTORY\n|move|p2b: Tapu Koko|Volt Switch|p1b: Caesar\n|-supereffective|p1b: Caesar\n|-damage|p1b: Caesar|41\/100\n|\n|t:|1700506336\n|switch|p2b: Tornadus|Tornadus, M|100\/100|[from] Volt Switch\n|\n|-weather|SunnyDay|[upkeep]\n|upkeep\n|\n|t:|1700506349\n|switch|p1a: Le Guy|Malamar, M, shiny|100\/100\n|turn|3\n|\n|t:|1700506361\n|move|p1b: Caesar|Snatch|p1b: Caesar\n|-singleturn|p1b: Caesar|Snatch\n|move|p2b: Tornadus|Tailwind|p2b: Tornadus\n|-activate|p1b: Caesar|move: Snatch|[of] p2b: Tornadus\n|move|p1b: Caesar|Tailwind|p1b: Caesar|[from]Snatch\n|-sidestart|p1: Thatfunniguy|move: Tailwind\n|move|p1a: Le Guy|Superpower|p2a: Charizard\n|-resisted|p2a: Charizard\n|-damage|p2a: Charizard|78\/100\n|-boost|p1a: Le Guy|atk|1\n|-boost|p1a: Le Guy|def|1\n|move|p2a: Charizard|Solar Beam||[still]\n|-prepare|p2a: Charizard|Solar Beam\n|-anim|p2a: Charizard|Solar Beam|p1a: Le Guy\n|-damage|p1a: Le Guy|37\/100\n|\n|-weather|SunnyDay|[upkeep]\n|-heal|p1a: Le Guy|43\/100|[from] item: Leftovers\n|upkeep\n|turn|4\n|\n|t:|1700506384\n|move|p1b: Caesar|Defog|p1a: Le Guy\n|-boost|p1a: Le Guy|evasion|1\n|-fieldend|move: Electric Terrain\n|move|p1a: Le Guy|Superpower|p2a: Charizard\n|-resisted|p2a: Charizard\n|-damage|p2a: Charizard|48\/100\n|-boost|p1a: Le Guy|atk|1\n|-boost|p1a: Le Guy|def|1\n|move|p2b: Tornadus|Bleakwind Storm|p1a: Le Guy|[spread] p1a,p1b\n|-crit|p1b: Caesar\n|-damage|p1a: Le Guy|0 fnt\n|-damage|p1b: Caesar|0 fnt\n|faint|p1a: Le Guy\n|faint|p1b: Caesar\n|move|p2a: Charizard|Air Slash|p1: Le Guy|[notarget]\n|-fail|p2a: Charizard\n|\n|-weather|SunnyDay|[upkeep]\n|upkeep\n|c|\u2606Thatfunniguy|HOWWW\n|inactive|Thatfunniguy has 120 seconds left.\n|\n|t:|1700506403\n|switch|p1b: Playing Around|Latias, F, shiny|100\/100\n|switch|p1a: Snek|Serperior, F|100\/100\n|turn|5\n|\n|t:|1700506415\n|detailschange|p1b: Playing Around|Latias-Mega, F, shiny\n|-mega|p1b: Playing Around|Latias|Latiasite\n|-terastallize|p1a: Snek|Steel\n|move|p2b: Tornadus|Tailwind|p2b: Tornadus\n|-sidestart|p2: CrisWWE|move: Tailwind\n|move|p1b: Playing Around|Role Play|p1a: Snek\n|-endability|p1b: Playing Around|Levitate|[from] move: Role Play\n|-ability|p1b: Playing Around|Contrary|[from] move: Role Play|[of] p1a: Snek\n|move|p1a: Snek|Dragon Pulse|p2a: Charizard\n|-damage|p2a: Charizard|29\/100\n|move|p2a: Charizard|Roost|p2a: Charizard\n|-heal|p2a: Charizard|80\/100\n|-singleturn|p2a: Charizard|move: Roost\n|\n|-weather|SunnyDay|[upkeep]\n|upkeep\n|turn|6\n|\n|t:|1700506439\n|switch|p1a: Slow down|Eldegoss, F|100\/100\n|move|p2b: Tornadus|Bleakwind Storm|p1b: Playing Around|[spread] p1a,p1b\n|-supereffective|p1a: Slow down\n|-damage|p1a: Slow down|52\/100\n|-damage|p1b: Playing Around|71\/100\n|-unboost|p1a: Slow down|spe|1\n|-boost|p1b: Playing Around|spe|1\n|-ability|p1a: Slow down|Cotton Down\n|-boost|p1b: Playing Around|spe|1\n|-unboost|p2a: Charizard|spe|1\n|-unboost|p2b: Tornadus|spe|1\n|move|p1b: Playing Around|Draco Meteor|p2a: Charizard\n|-damage|p2a: Charizard|16\/100\n|-boost|p1b: Playing Around|spa|2\n|move|p2a: Charizard|Air Slash|p1b: Playing Around\n|-damage|p1b: Playing Around|34\/100\n|\n|-weather|none\n|-sideend|p1: Thatfunniguy|move: Tailwind\n|upkeep\n|turn|7\n|\n|t:|1700506469\n|move|p2a: Charizard|Protect|p2a: Charizard\n|-singleturn|p2a: Charizard|Protect\n|move|p1b: Playing Around|Recover|p1b: Playing Around\n|-heal|p1b: Playing Around|84\/100\n|move|p2b: Tornadus|Bleakwind Storm|p1b: Playing Around|[spread] p1a,p1b\n|-supereffective|p1a: Slow down\n|-damage|p1a: Slow down|2\/100\n|-damage|p1b: Playing Around|53\/100\n|-ability|p1a: Slow down|Cotton Down\n|-boost|p1b: Playing Around|spe|1\n|-unboost|p2a: Charizard|spe|1\n|-unboost|p2b: Tornadus|spe|1\n|-enditem|p1a: Slow down|Sitrus Berry|[eat]\n|-heal|p1a: Slow down|27\/100|[from] item: Sitrus Berry\n|move|p1a: Slow down|Sleep Powder|p2b: Tornadus|[miss]\n|-miss|p1a: Slow down|p2b: Tornadus\n|\n|upkeep\n|turn|8\n|inactive|CrisWWE has 120 seconds left.\n|inactive|CrisWWE has 90 seconds left.\n|\n|t:|1700506532\n|move|p1b: Playing Around|Draco Meteor|p2b: Tornadus\n|-enditem|p2b: Tornadus|Focus Sash\n|-damage|p2b: Tornadus|1\/100\n|-boost|p1b: Playing Around|spa|2\n|move|p2b: Tornadus|Bleakwind Storm|p1a: Slow down|[spread] p1a,p1b\n|-supereffective|p1a: Slow down\n|-damage|p1a: Slow down|0 fnt\n|-damage|p1b: Playing Around|21\/100\n|-boost|p1b: Playing Around|spe|1\n|-ability|p1a: Slow down|Cotton Down\n|-boost|p1b: Playing Around|spe|1\n|-unboost|p2a: Charizard|spe|1\n|-unboost|p2b: Tornadus|spe|1\n|faint|p1a: Slow down\n|move|p2a: Charizard|Roost|p2a: Charizard\n|-heal|p2a: Charizard|66\/100\n|-singleturn|p2a: Charizard|move: Roost\n|\n|-sideend|p2: CrisWWE|move: Tailwind\n|upkeep\n|\n|t:|1700506542\n|switch|p1a: Snek|Serperior, F, tera:Steel|100\/100\n|turn|9\n|\n|t:|1700506558\n|move|p2b: Tornadus|Tailwind|p2b: Tornadus\n|-sidestart|p2: CrisWWE|move: Tailwind\n|move|p1b: Playing Around|Recover|p1b: Playing Around\n|-heal|p1b: Playing Around|71\/100\n|move|p1a: Snek|Leaf Storm|p2b: Tornadus\n|-resisted|p2b: Tornadus\n|-crit|p2b: Tornadus\n|-damage|p2b: Tornadus|0 fnt\n|-boost|p1a: Snek|spa|2\n|faint|p2b: Tornadus\n|move|p2a: Charizard|Air Slash|p1b: Playing Around\n|-damage|p1b: Playing Around|28\/100\n|\n|upkeep\n|\n|t:|1700506571\n|switch|p2b: Flutter Mane|Flutter Mane|100\/100\n|turn|10\n|inactive|CrisWWE has 120 seconds left.\n|\n|t:|1700506588\n|-terastallize|p2b: Flutter Mane|Fairy\n|move|p1b: Playing Around|Stored Power|p2b: Flutter Mane\n|-damage|p2b: Flutter Mane|0 fnt\n|faint|p2b: Flutter Mane\n|-end|p2b: Flutter Mane|Protosynthesis|[silent]\n|move|p1a: Snek|Leaf Storm|p2a: Charizard\n|-resisted|p2a: Charizard\n|-damage|p2a: Charizard|43\/100\n|-boost|p1a: Snek|spa|2\n|move|p2a: Charizard|Air Slash|p1a: Snek\n|-resisted|p1a: Snek\n|-damage|p1a: Snek|78\/100\n|\n|-heal|p1a: Snek|84\/100|[from] item: Leftovers\n|upkeep\n|\n|t:|1700506605\n|switch|p2b: Marshadow|Marshadow|100\/100\n|turn|11\n|inactive|CrisWWE has 120 seconds left.\n|\n|t:|1700506613\n|move|p2a: Charizard|Protect|p2a: Charizard\n|-singleturn|p2a: Charizard|Protect\n|move|p2b: Marshadow|Shadow Sneak|p1b: Playing Around\n|-supereffective|p1b: Playing Around\n|-damage|p1b: Playing Around|0 fnt\n|faint|p1b: Playing Around\n|move|p1a: Snek|Leaf Storm|p2b: Marshadow\n|-enditem|p2b: Marshadow|Focus Sash\n|-damage|p2b: Marshadow|1\/100\n|-boost|p1a: Snek|spa|2\n|\n|-heal|p1a: Snek|90\/100|[from] item: Leftovers\n|upkeep\n|turn|12\n|inactive|CrisWWE has 120 seconds left.\n|\n|t:|1700506639\n|move|p2b: Marshadow|Protect|p2b: Marshadow\n|-singleturn|p2b: Marshadow|Protect\n|move|p1a: Snek|Leaf Storm|p2b: Marshadow\n|-activate|p2b: Marshadow|move: Protect\n|move|p2a: Charizard|Air Slash|p1a: Snek\n|-resisted|p1a: Snek\n|-damage|p1a: Snek|66\/100\n|\n|-heal|p1a: Snek|73\/100|[from] item: Leftovers\n|-sideend|p2: CrisWWE|move: Tailwind\n|upkeep\n|turn|13\n|inactive|Thatfunniguy has 120 seconds left.\n|\n|t:|1700506671\n|move|p2b: Marshadow|Shadow Sneak|p1a: Snek\n|-damage|p1a: Snek|44\/100\n|move|p1a: Snek|Dragon Pulse|p2b: Marshadow\n|-damage|p2b: Marshadow|0 fnt\n|faint|p2b: Marshadow\n|move|p2a: Charizard|Air Slash|p1a: Snek\n|-resisted|p1a: Snek\n|-damage|p1a: Snek|17\/100\n|\n|-heal|p1a: Snek|24\/100|[from] item: Leftovers\n|upkeep\n|\n|t:|1700506682\n|switch|p2b: Tapu Koko|Tapu Koko|100\/100\n|-fieldstart|move: Electric Terrain|[from] ability: Electric Surge|[of] p2b: Tapu Koko\n|turn|14\n|\n|t:|1700506690\n|move|p2b: Tapu Koko|Volt Switch|p1a: Snek\n|-damage|p1a: Snek|0 fnt\n|faint|p1a: Snek\n|\n|win|CrisWWE\n|raw|Thatfunniguy's rating: 1220 &rarr; <strong>1190<\/strong><br \/>(-30 for losing)\n|raw|CrisWWE's rating: 1149 &rarr; <strong>1179<\/strong><br \/>(+30 for winning)\n|l|\u2606Thatfunniguy\n","uploadtime":1700506721,"views":5,"p1id":"thatfunniguy","p2id":"criswwe","formatid":"gen9nationaldexdoubles","rating":1179,"private":0,"password":""}