{"id":"gen9nationaldexdoubles-1991274736","p1":"Elite R2Dnl","p2":"SagDoesPoke","format":"[Gen 9] National Dex Doubles","log":"|j|\u2606Elite R2Dnl\n|j|\u2606SagDoesPoke\n|t:|1700063393\n|gametype|doubles\n|player|p1|Elite R2Dnl|kimonogirl|\n|player|p2|SagDoesPoke|pokemonranger-gen4|\n|teamsize|p1|6\n|teamsize|p2|6\n|gen|9\n|tier|[Gen 9] National Dex Doubles\n|rule|HP Percentage Mod: HP is shown in percentages\n|rule|Endless Battle Clause: Forcing endless battles is banned\n|rule|OHKO Clause: OHKO moves are banned\n|rule|Evasion Moves Clause: Evasion moves are banned\n|rule|Evasion Abilities Clause: Evasion abilities are banned\n|rule|Species Clause: Limit one of each Pok\u00e9mon\n|rule|Gravity Sleep Clause: The combination of sleep-inducing moves with imperfect accuracy and Gravity or Gigantamax Orbeetle are banned\n|clearpoke\n|poke|p1|Electrode-Hisui|\n|poke|p1|Thundurus, M|\n|poke|p1|Iron Hands|\n|poke|p1|Zapdos|\n|poke|p1|Rotom-Wash|\n|poke|p1|Dedenne, F|\n|poke|p2|Landorus-Therian, M|\n|poke|p2|Quagsire, M|\n|poke|p2|Gliscor, M|\n|poke|p2|Hippowdon, M|\n|poke|p2|Garchomp, F|\n|poke|p2|Great Tusk|\n|teampreview\n|c|\u2606Elite R2Dnl|cool ass team\n|c|\u2606SagDoesPoke|jesus christ\n|c|\u2606SagDoesPoke|jose ja ta aqui?\n|c|\u2606Elite R2Dnl|ainda n\n|c|\u2606SagDoesPoke|tem tempo?\n|c|\u2606Elite R2Dnl|n\n|c|\u2606Elite R2Dnl|THERE IT IS\n|c|\u2606Elite R2Dnl|LANDO\n|c|\u2606Elite R2Dnl|AND TUSK\n|c|\u2606SagDoesPoke|nenhum dos que eu peguei s\u00e3o illegal\n|j| RapaduraNarrator\n|c|\u2606SagDoesPoke|caralho mano rotom w asdpomaosdma\u1e3fsd\n|c|\u2606SagDoesPoke|vou morrer\n|c|\u2606Elite R2Dnl|and a friend of mine\n|c|\u2606SagDoesPoke|JOS\u00c9 T\u00c1 AQUI\n|c|\u2606Elite R2Dnl|lets see how we will do this\n|c|\u2606Elite R2Dnl|ja ta pronto?\n|c|\u2606Elite R2Dnl|vou fazer contagem\n|c|\u2606SagDoesPoke|calma deixa eu\n|c|\u2606Elite R2Dnl|take your time\n|c|\u2606SagDoesPoke|foi mal fiquei nervoso e esqueci pokemon\n|c|\u2606SagDoesPoke|lets go\n|c|\u2606Elite R2Dnl|como assim\n|c|\u2606SagDoesPoke|esqueci como joga por uns breve segundos\n|c|\u2606Elite R2Dnl|ata\n|c|\u2606Elite R2Dnl|bom\n|c|\u2606Elite R2Dnl|vou come\u00e7ar\n|c|\u2606SagDoesPoke|iku zo\n|c|\u2606Elite R2Dnl|3\n|c|\u2606Elite R2Dnl|2\n|c|\u2606Elite R2Dnl|1\n|c|\u2606Elite R2Dnl|GO\n|\n|t:|1700063612\n|start\n|switch|p1a: Venom|Electrode-Hisui|100\/100\n|switch|p1b: Nimbrodius|Thundurus, M|100\/100\n|switch|p2a: Tiago Treme-Terra|Landorus-Therian, M|100\/100\n|switch|p2b: Guaxinim|Gliscor, M|100\/100\n|-ability|p2a: Tiago Treme-Terra|Intimidate|boost\n|-unboost|p1a: Venom|atk|1\n|-unboost|p1b: Nimbrodius|atk|1\n|turn|1\n|\n|t:|1700063633\n|move|p1b: Nimbrodius|Rain Dance|p1b: Nimbrodius\n|-weather|RainDance\n|move|p1a: Venom|Taunt|p2b: Guaxinim\n|-start|p2b: Guaxinim|move: Taunt\n|move|p2a: Tiago Treme-Terra|Stealth Rock|p1b: Nimbrodius\n|-sidestart|p1: Elite R2Dnl|move: Stealth Rock\n|cant|p2b: Guaxinim|move: Taunt|Swords Dance\n|\n|-weather|RainDance|[upkeep]\n|upkeep\n|turn|2\n|c|\u2606Elite R2Dnl|Lets dance\n|c|\u2606SagDoesPoke|VC NAO DEIXOU EU DAN\u00c7AR\n|\n|t:|1700063703\n|switch|p1a: Torrent|Rotom-Wash|100\/100\n|-damage|p1a: Torrent|88\/100|[from] Stealth Rock\n|move|p2a: Tiago Treme-Terra|Earthquake|p1a: Torrent|[spread] \n|-immune|p2b: Guaxinim\n|-immune|p1a: Torrent|[from] ability: Levitate\n|-immune|p1b: Nimbrodius\n|move|p1b: Nimbrodius|Weather Ball|p2a: Tiago Treme-Terra\n|-supereffective|p2a: Tiago Treme-Terra\n|-damage|p2a: Tiago Treme-Terra|0 fnt\n|faint|p2a: Tiago Treme-Terra\n|move|p2b: Guaxinim|Facade|p1a: Torrent\n|-damage|p1a: Torrent|72\/100\n|\n|-weather|RainDance|[upkeep]\n|upkeep\n|c|\u2606SagDoesPoke|a\u00ed eu si bugo\n|\n|t:|1700063723\n|switch|p2a: Peixinho :3|Quagsire, M, shiny|100\/100\n|turn|3\n|\n|t:|1700063748\n|move|p1b: Nimbrodius|Defog|p2b: Guaxinim\n|-unboost|p2b: Guaxinim|evasion|1\n|-sideend|p1: Elite R2Dnl|Stealth Rock|[from] move: Defog|[of] p1b: Nimbrodius\n|move|p2b: Guaxinim|Earthquake|p1b: Nimbrodius|[spread] p2a\n|-immune|p1a: Torrent|[from] ability: Levitate\n|-immune|p1b: Nimbrodius\n|-damage|p2a: Peixinho :3|76\/100\n|move|p1a: Torrent|Toxic|p2a: Peixinho :3\n|-status|p2a: Peixinho :3|tox\n|move|p2a: Peixinho :3|Toxic|p2b: Guaxinim\n|-status|p2b: Guaxinim|tox\n|\n|-weather|RainDance|[upkeep]\n|-damage|p2a: Peixinho :3|70\/100 tox|[from] psn\n|-end|p2b: Guaxinim|move: Taunt\n|upkeep\n|turn|4\n|\n|t:|1700063792\n|move|p1a: Torrent|Protect|p1a: Torrent\n|-singleturn|p1a: Torrent|Protect\n|move|p1b: Nimbrodius|Weather Ball|p2b: Guaxinim\n|-supereffective|p2b: Guaxinim\n|-enditem|p2b: Guaxinim|Passho Berry|[eat]\n|-enditem|p2b: Guaxinim|Passho Berry|[weaken]\n|-damage|p2b: Guaxinim|49\/100 tox\n|move|p2b: Guaxinim|Facade|p1b: Nimbrodius\n|-damage|p1b: Nimbrodius|42\/100\n|move|p2a: Peixinho :3|Liquidation|p1b: Nimbrodius\n|-damage|p1b: Nimbrodius|0 fnt\n|faint|p1b: Nimbrodius\n|\n|-weather|RainDance|[upkeep]\n|-heal|p2b: Guaxinim|62\/100 tox|[from] ability: Poison Heal\n|-damage|p2a: Peixinho :3|58\/100 tox|[from] psn\n|upkeep\n|\n|t:|1700063815\n|switch|p1b: Chlodowech|Zapdos|100\/100\n|turn|5\n|\n|t:|1700063843\n|move|p1b: Chlodowech|Hurricane|p2a: Peixinho :3\n|-damage|p2a: Peixinho :3|0 fnt\n|faint|p2a: Peixinho :3\n|move|p2b: Guaxinim|Swords Dance|p2b: Guaxinim\n|-boost|p2b: Guaxinim|atk|2\n|move|p1a: Torrent|Hydro Pump|p2b: Guaxinim\n|-supereffective|p2b: Guaxinim\n|-crit|p2b: Guaxinim\n|-damage|p2b: Guaxinim|0 fnt\n|faint|p2b: Guaxinim\n|\n|-weather|none\n|upkeep\n|\n|t:|1700063873\n|switch|p2b: Bucho de Satan\u00e1s|Hippowdon, M|100\/100\n|switch|p2a: \u00a9 harizard|Garchomp, F|100\/100\n|-weather|Sandstorm|[from] ability: Sand Stream|[of] p2b: Bucho de Satan\u00e1s\n|turn|6\n|\n|t:|1700063906\n|switch|p1b: Bianca|Dedenne, F|100\/100\n|move|p2a: \u00a9 harizard|Draco Meteor|p1a: Torrent|[miss]\n|-miss|p2a: \u00a9 harizard|p1a: Torrent\n|move|p1a: Torrent|Hydro Pump|p2b: Bucho de Satan\u00e1s\n|-supereffective|p2b: Bucho de Satan\u00e1s\n|-damage|p2b: Bucho de Satan\u00e1s|23\/100\n|-enditem|p2b: Bucho de Satan\u00e1s|Aguav Berry|[eat]\n|-heal|p2b: Bucho de Satan\u00e1s|57\/100|[from] item: Aguav Berry\n|move|p2b: Bucho de Satan\u00e1s|Whirlwind|p1b: Bianca\n|drag|p1b: Chlodowech|Zapdos|100\/100\n|\n|-weather|Sandstorm|[upkeep]\n|-damage|p1b: Chlodowech|94\/100|[from] Sandstorm\n|-damage|p1a: Torrent|66\/100|[from] Sandstorm\n|upkeep\n|turn|7\n|\n|t:|1700063940\n|switch|p1b: Bianca|Dedenne, F|100\/100\n|move|p2a: \u00a9 harizard|Dragon Claw|p1a: Torrent\n|-damage|p1a: Torrent|32\/100\n|move|p1a: Torrent|Hydro Pump|p2b: Bucho de Satan\u00e1s\n|-supereffective|p2b: Bucho de Satan\u00e1s\n|-damage|p2b: Bucho de Satan\u00e1s|0 fnt\n|faint|p2b: Bucho de Satan\u00e1s\n|\n|-weather|Sandstorm|[upkeep]\n|-damage|p1b: Bianca|94\/100|[from] Sandstorm\n|-damage|p1a: Torrent|26\/100|[from] Sandstorm\n|upkeep\n|\n|t:|1700063952\n|switch|p2b: Boi|Great Tusk|100\/100\n|turn|8\n|\n|t:|1700063988\n|move|p2a: \u00a9 harizard|Dragon Claw|p1a: Torrent\n|-damage|p1a: Torrent|0 fnt\n|faint|p1a: Torrent\n|move|p1b: Bianca|Dazzling Gleam|p2b: Boi|[spread] p2a,p2b\n|-supereffective|p2a: \u00a9 harizard\n|-supereffective|p2b: Boi\n|-damage|p2a: \u00a9 harizard|58\/100\n|-damage|p2b: Boi|55\/100\n|move|p2b: Boi|Headlong Rush|p1b: Bianca\n|-supereffective|p1b: Bianca\n|-damage|p1b: Bianca|0 fnt\n|-unboost|p2b: Boi|def|1\n|-unboost|p2b: Boi|spd|1\n|faint|p1b: Bianca\n|\n|-weather|Sandstorm|[upkeep]\n|upkeep\n|\n|t:|1700064004\n|switch|p1b: Chlodowech|Zapdos|94\/100\n|switch|p1a: Venom|Electrode-Hisui|100\/100\n|turn|9\n|\n|t:|1700064031\n|move|p1a: Venom|Rain Dance|p1a: Venom\n|-weather|RainDance\n|move|p2a: \u00a9 harizard|Dragon Claw|p1a: Venom\n|-damage|p1a: Venom|23\/100\n|-enditem|p1a: Venom|Jaboca Berry|[eat]\n|-damage|p2a: \u00a9 harizard|46\/100|[from] item: Jaboca Berry|[of] p1a: Venom\n|move|p1b: Chlodowech|Hurricane|p2a: \u00a9 harizard\n|-damage|p2a: \u00a9 harizard|0 fnt\n|faint|p2a: \u00a9 harizard\n|move|p2b: Boi|Rock Slide|p1a: Venom|[spread] p1a,p1b\n|-supereffective|p1b: Chlodowech\n|-enditem|p1b: Chlodowech|Charti Berry|[eat]\n|-enditem|p1b: Chlodowech|Charti Berry|[weaken]\n|-damage|p1a: Venom|0 fnt\n|-damage|p1b: Chlodowech|69\/100\n|faint|p1a: Venom\n|\n|-weather|RainDance|[upkeep]\n|upkeep\n|\n|t:|1700064047\n|switch|p1a: M\u00e3os de A\u00e7o|Iron Hands|100\/100\n|turn|10\n|\n|t:|1700064077\n|move|p1b: Chlodowech|Hurricane|p2b: Boi\n|-supereffective|p2b: Boi\n|-enditem|p2b: Boi|Coba Berry|[eat]\n|-enditem|p2b: Boi|Coba Berry|[weaken]\n|-damage|p2b: Boi|0 fnt\n|faint|p2b: Boi\n|-end|p2b: Boi|Protosynthesis|[silent]\n|\n|win|Elite R2Dnl\n|c|\u2606Elite R2Dnl|youre the last one standing, tusk\n|c|\u2606SagDoesPoke|gg\n|c|\u2606SagDoesPoke|cozinhei nada\n|c|\u2606Elite R2Dnl|tenho q dizer q\n|c|\u2606Elite R2Dnl|o quag com o gliscor foi massa\n|c|\u2606SagDoesPoke|thanks\n|c|\u2606SagDoesPoke|\u00e9 minha cozinha pro gab\n|c|\u2606Elite R2Dnl|recomendo colocar sand mais cedo na partida\n|c|\u2606SagDoesPoke|eu devia mesmo\n|c|\u2606SagDoesPoke|foi erro meu n\u00e3o ter levado em conta a quantidade de levitate users\n|c|\u2606SagDoesPoke|na pool electryc\n|c|\u2606SagDoesPoke|electryc\n|c|\u2606SagDoesPoke|electric\n|c|\u2606SagDoesPoke|quase n sai\n|c|\u2606Elite R2Dnl|pse eu aproveitei mt isso ai\n|c|\u2606SagDoesPoke|well played bro\n|c|\u2606Elite R2Dnl|teu uso de berris foi bom\n|c|\u2606SagDoesPoke|tem como deixar o texto de showdown mais lento? \u00e9 dif\u00edcil acompanhar tudo que ocorre num turno\n|c|\u2606SagDoesPoke|sem voltar e ler o log\n|c|\u2606Elite R2Dnl|acho q n\n|c|\u2606Elite R2Dnl|\u00e9 quest\u00e3o de costume\n|c|\u2606SagDoesPoke|well, alright\n|c|\u2606SagDoesPoke|tenho que me acostumar\n|c|\u2606SagDoesPoke|foi divertido\n|c|\u2606Elite R2Dnl|cool buddy\n|c|\u2606SagDoesPoke|at\u00e9 a pr\u00f3xima\n|c|\u2606Elite R2Dnl|smell ya later\n","uploadtime":1700064248,"views":6,"p1id":"eliter2dnl","p2id":"sagdoespoke","formatid":"gen9nationaldexdoubles","rating":0,"private":0,"password":""}