{"id":"gen9nationaldexdoubles-1947495962","p1":"PrincessIrina","p2":"Bluberry108","format":"[Gen 9] National Dex Doubles","log":"|j|\u2606PrincessIrina\n|j|\u2606Bluberry108\n|t:|1695166311\n|gametype|doubles\n|player|p1|PrincessIrina|caitlin|1100\n|player|p2|Bluberry108|gentleman-gen4|1097\n|teamsize|p1|6\n|teamsize|p2|6\n|gen|9\n|tier|[Gen 9] National Dex Doubles\n|rated|\n|rule|HP Percentage Mod: HP is shown in percentages\n|rule|Endless Battle Clause: Forcing endless battles is banned\n|rule|OHKO Clause: OHKO moves are banned\n|rule|Evasion Moves Clause: Evasion moves are banned\n|rule|Evasion Abilities Clause: Evasion abilities are banned\n|rule|Species Clause: Limit one of each Pok\u00e9mon\n|rule|Gravity Sleep Clause: The combination of sleep-inducing moves with imperfect accuracy and Gravity or Gigantamax Orbeetle are banned\n|clearpoke\n|poke|p1|Ambipom, F|\n|poke|p1|Dedenne, F|\n|poke|p1|Linoone-Galar, F|\n|poke|p1|Diggersby, F|\n|poke|p1|Pachirisu, M|\n|poke|p1|Aipom, F|\n|poke|p2|Jellicent, M|\n|poke|p2|Kommo-o, F|\n|poke|p2|Oricorio-Pom-Pom, F|\n|poke|p2|Volcarona, F|\n|poke|p2|Farfetch\u2019d, M|\n|poke|p2|Linoone, M|\n|teampreview\n|\n|t:|1695166318\n|start\n|switch|p1a: Ambipom|Ambipom, F|100\/100\n|switch|p1b: Linoone|Linoone-Galar, F|100\/100\n|switch|p2a: Kommo-o|Kommo-o, F|100\/100\n|switch|p2b: Oricorio|Oricorio-Pom-Pom, F|100\/100\n|turn|1\n|\n|t:|1695166327\n|-terastallize|p1a: Ambipom|Dark\n|move|p2b: Oricorio|Protect|p2b: Oricorio\n|-singleturn|p2b: Oricorio|Protect\n|move|p1a: Ambipom|Fling|p2a: Kommo-o\n|-resisted|p2a: Kommo-o\n|-damage|p2a: Kommo-o|91\/100\n|-enditem|p1a: Ambipom|Razor Fang|[from] move: Fling\n|move|p1b: Linoone|Fling|p2b: Oricorio\n|-activate|p2b: Oricorio|move: Protect\n|-enditem|p1b: Linoone|Razor Fang|[from] move: Fling\n|cant|p2a: Kommo-o|flinch\n|\n|-item|p1a: Ambipom|Razor Fang|[from] ability: Pickup\n|-item|p1b: Linoone|Razor Fang|[from] ability: Pickup\n|upkeep\n|turn|2\n|\n|t:|1695166344\n|move|p1a: Ambipom|Fling|p2a: Kommo-o\n|-resisted|p2a: Kommo-o\n|-damage|p2a: Kommo-o|81\/100\n|-enditem|p1a: Ambipom|Razor Fang|[from] move: Fling\n|move|p1b: Linoone|Fling|p2b: Oricorio\n|-damage|p2b: Oricorio|83\/100\n|-enditem|p1b: Linoone|Razor Fang|[from] move: Fling\n|cant|p2b: Oricorio|flinch\n|cant|p2a: Kommo-o|flinch\n|\n|-item|p1a: Ambipom|Razor Fang|[from] ability: Pickup\n|-item|p1b: Linoone|Razor Fang|[from] ability: Pickup\n|upkeep\n|turn|3\n|c|\u2606Bluberry108|WHAT THE FUCK\n|\n|t:|1695166382\n|switch|p2a: Jellicent|Jellicent, M|100\/100\n|move|p2b: Oricorio|Protect|p2b: Oricorio\n|-singleturn|p2b: Oricorio|Protect\n|move|p1a: Ambipom|Fling|p2a: Jellicent\n|-supereffective|p2a: Jellicent\n|-damage|p2a: Jellicent|30\/100\n|-enditem|p1a: Ambipom|Razor Fang|[from] move: Fling\n|-enditem|p2a: Jellicent|Sitrus Berry|[eat]\n|-heal|p2a: Jellicent|55\/100|[from] item: Sitrus Berry\n|move|p1b: Linoone|Fling|p2b: Oricorio\n|-activate|p2b: Oricorio|move: Protect\n|-enditem|p1b: Linoone|Razor Fang|[from] move: Fling\n|\n|-item|p1a: Ambipom|Sitrus Berry|[from] ability: Pickup\n|-item|p1b: Linoone|Razor Fang|[from] ability: Pickup\n|upkeep\n|turn|4\n|\n|t:|1695166402\n|switch|p2a: Kommo-o|Kommo-o, F|81\/100\n|move|p1a: Ambipom|Fling|p2a: Kommo-o\n|-resisted|p2a: Kommo-o\n|-damage|p2a: Kommo-o|71\/100\n|-heal|p2a: Kommo-o|96\/100|[from] item: Sitrus Berry\n|-enditem|p1a: Ambipom|Sitrus Berry|[from] move: Fling\n|move|p1b: Linoone|Fling|p2b: Oricorio\n|-damage|p2b: Oricorio|67\/100\n|-enditem|p1b: Linoone|Razor Fang|[from] move: Fling\n|cant|p2b: Oricorio|flinch\n|\n|-item|p1a: Ambipom|Razor Fang|[from] ability: Pickup\n|-item|p1b: Linoone|Sitrus Berry|[from] ability: Pickup\n|upkeep\n|turn|5\n|\n|t:|1695166416\n|move|p1a: Ambipom|Fling|p2a: Kommo-o\n|-resisted|p2a: Kommo-o\n|-damage|p2a: Kommo-o|86\/100\n|-enditem|p1a: Ambipom|Razor Fang|[from] move: Fling\n|move|p1b: Linoone|Fling|p2b: Oricorio\n|-damage|p2b: Oricorio|61\/100\n|-heal|p2b: Oricorio|86\/100|[from] item: Sitrus Berry\n|-enditem|p1b: Linoone|Sitrus Berry|[from] move: Fling\n|move|p2b: Oricorio|Icy Wind|p1b: Linoone|[spread] p1b\n|-miss|p2b: Oricorio|p1a: Ambipom\n|-crit|p1b: Linoone\n|-damage|p1b: Linoone|67\/100\n|-unboost|p1b: Linoone|spe|1\n|-heal|p2b: Oricorio|90\/100|[from] item: Shell Bell|[of] p1b: Linoone\n|cant|p2a: Kommo-o|flinch\n|\n|-item|p1a: Ambipom|Sitrus Berry|[from] ability: Pickup\n|-item|p1b: Linoone|Razor Fang|[from] ability: Pickup\n|upkeep\n|turn|6\n|c|\u2606PrincessIrina|What?\n|c|\u2606Bluberry108|this razor fang flinch pickup shit is FOUL\n|\n|t:|1695166448\n|move|p1a: Ambipom|Knock Off|p2a: Kommo-o\n|-resisted|p2a: Kommo-o\n|-damage|p2a: Kommo-o|72\/100\n|-enditem|p2a: Kommo-o|Sitrus Berry|[from] move: Knock Off|[of] p1a: Ambipom\n|move|p2b: Oricorio|Icy Wind|p1a: Ambipom|[spread] p1a,p1b\n|-damage|p1a: Ambipom|77\/100\n|-damage|p1b: Linoone|44\/100\n|-unboost|p1a: Ambipom|spe|1\n|-unboost|p1b: Linoone|spe|1\n|-heal|p2b: Oricorio|96\/100|[from] item: Shell Bell|[of] p1b: Linoone\n|move|p2a: Kommo-o|Clangorous Soul|p2a: Kommo-o\n|-boost|p2a: Kommo-o|atk|1\n|-boost|p2a: Kommo-o|def|1\n|-boost|p2a: Kommo-o|spa|1\n|-boost|p2a: Kommo-o|spd|1\n|-boost|p2a: Kommo-o|spe|1\n|-damage|p2a: Kommo-o|39\/100\n|-activate|p2b: Oricorio|ability: Dancer\n|move|p2b: Oricorio|Clangorous Soul|p2b: Oricorio|[from]ability: Dancer\n|-boost|p2b: Oricorio|atk|1\n|-boost|p2b: Oricorio|def|1\n|-boost|p2b: Oricorio|spa|1\n|-boost|p2b: Oricorio|spd|1\n|-boost|p2b: Oricorio|spe|1\n|-damage|p2b: Oricorio|63\/100\n|move|p1b: Linoone|Gunk Shot|p2a: Kommo-o\n|-damage|p2a: Kommo-o|26\/100\n|\n|upkeep\n|turn|7\n|\n|t:|1695166483\n|move|p2b: Oricorio|Revelation Dance|p1b: Linoone\n|-damage|p1b: Linoone|0 fnt\n|faint|p1b: Linoone\n|-heal|p2b: Oricorio|69\/100|[from] item: Shell Bell|[of] p1: Linoone\n|move|p2a: Kommo-o|Aura Sphere|p1a: Ambipom\n|-supereffective|p1a: Ambipom\n|-damage|p1a: Ambipom|0 fnt\n|faint|p1a: Ambipom\n|\n|upkeep\n|-message|PrincessIrina forfeited.\n|\n|win|Bluberry108\n|raw|PrincessIrina's rating: 1100 &rarr; <strong>1075<\/strong><br \/>(-25 for losing)\n|raw|Bluberry108's rating: 1097 &rarr; <strong>1123<\/strong><br \/>(+26 for winning)\n|l|\u2606PrincessIrina\n|c|\u2606Bluberry108|ez\n","uploadtime":1695166500,"views":5,"p1id":"princessirina","p2id":"bluberry108","formatid":"gen9nationaldexdoubles","rating":1075,"private":0,"password":""}