{"id":"gen9nationaldexdoubles-1966642217","p1":"Rapidklipdo","p2":"Sakura the blossom","format":"[Gen 9] National Dex Doubles","log":"|j|\u2606Rapidklipdo\n|j|\u2606Sakura the blossom\n|t:|1697210033\n|gametype|doubles\n|player|p1|Rapidklipdo|1|\n|player|p2|Sakura the blossom|caitlin|\n|teamsize|p1|6\n|teamsize|p2|6\n|gen|9\n|tier|[Gen 9] National Dex Doubles\n|rule|HP Percentage Mod: HP is shown in percentages\n|rule|Endless Battle Clause: Forcing endless battles is banned\n|rule|OHKO Clause: OHKO moves are banned\n|rule|Evasion Moves Clause: Evasion moves are banned\n|rule|Evasion Abilities Clause: Evasion abilities are banned\n|rule|Species Clause: Limit one of each Pok\u00e9mon\n|rule|Gravity Sleep Clause: The combination of sleep-inducing moves with imperfect accuracy and Gravity or Gigantamax Orbeetle are banned\n|clearpoke\n|poke|p1|Vanilluxe, M|\n|poke|p1|Greninja-*, M|\n|poke|p1|Beedrill, F|\n|poke|p1|Clefable, M|\n|poke|p1|Torkoal, F|\n|poke|p1|Carbink|\n|poke|p2|Bouffalant, M|\n|poke|p2|Armarouge, F|\n|poke|p2|Indeedee-F, F|\n|poke|p2|Staraptor, F|\n|poke|p2|Maushold|\n|poke|p2|Gardevoir, F|\n|teampreview\n|inactive|Battle timer is ON: inactive players will automatically lose when time's up. (requested by Sakura the blossom)\n|c|\u2606Sakura the blossom|Gl hf\n|c|\u2606Rapidklipdo|Can I use mega or no?\n|inactive|Rapidklipdo has 270 seconds left.\n|inactive|Sakura the blossom has 270 seconds left.\n|\n|t:|1697210076\n|start\n|switch|p1a: Greninja|Greninja, M|100\/100\n|switch|p1b: Vanilluxe|Vanilluxe, M|100\/100\n|switch|p2a: Armarouge|Armarouge, F|100\/100\n|switch|p2b: Maushold|Maushold|100\/100\n|-weather|Snow|[from] ability: Snow Warning|[of] p1b: Vanilluxe\n|turn|1\n|c|\u2606Sakura the blossom|Yeah\n|c|\u2606Sakura the blossom|We can\n|\n|t:|1697210090\n|move|p2a: Armarouge|Endure|p2a: Armarouge\n|-singleturn|p2a: Armarouge|move: Endure\n|move|p1a: Greninja|Water Shuriken|p2a: Armarouge\n|-supereffective|p2a: Armarouge\n|-damage|p2a: Armarouge|87\/100\n|-enditem|p2a: Armarouge|Weakness Policy\n|-boost|p2a: Armarouge|atk|2|[from] item: Weakness Policy\n|-boost|p2a: Armarouge|spa|2|[from] item: Weakness Policy\n|-supereffective|p2a: Armarouge\n|-damage|p2a: Armarouge|73\/100\n|-supereffective|p2a: Armarouge\n|-damage|p2a: Armarouge|58\/100\n|-supereffective|p2a: Armarouge\n|-damage|p2a: Armarouge|42\/100\n|-supereffective|p2a: Armarouge\n|-damage|p2a: Armarouge|28\/100\n|-hitcount|p2a: Armarouge|5\n|move|p1b: Vanilluxe|Weather Ball|p2b: Maushold\n|-crit|p2b: Maushold\n|-damage|p2b: Maushold|2\/100\n|move|p2b: Maushold|Beat Up|p2a: Armarouge\n|-supereffective|p2a: Armarouge\n|-damage|p2a: Armarouge|23\/100\n|-ability|p2a: Armarouge|Weak Armor|boost\n|-unboost|p2a: Armarouge|def|1\n|-boost|p2a: Armarouge|spe|2\n|-supereffective|p2a: Armarouge\n|-damage|p2a: Armarouge|15\/100\n|-ability|p2a: Armarouge|Weak Armor|boost\n|-unboost|p2a: Armarouge|def|1\n|-boost|p2a: Armarouge|spe|2\n|-supereffective|p2a: Armarouge\n|-damage|p2a: Armarouge|6\/100\n|-ability|p2a: Armarouge|Weak Armor|boost\n|-unboost|p2a: Armarouge|def|1\n|-boost|p2a: Armarouge|spe|2\n|-supereffective|p2a: Armarouge\n|-activate|p2a: Armarouge|move: Endure\n|-damage|p2a: Armarouge|1\/100\n|-ability|p2a: Armarouge|Weak Armor|boost\n|-unboost|p2a: Armarouge|def|1\n|-supereffective|p2a: Armarouge\n|-activate|p2a: Armarouge|move: Endure\n|-damage|p2a: Armarouge|1\/100\n|-ability|p2a: Armarouge|Weak Armor|boost\n|-unboost|p2a: Armarouge|def|1\n|-supereffective|p2a: Armarouge\n|-activate|p2a: Armarouge|move: Endure\n|-damage|p2a: Armarouge|1\/100\n|-ability|p2a: Armarouge|Weak Armor|boost\n|-unboost|p2a: Armarouge|def|1\n|-hitcount|p2a: Armarouge|6\n|\n|-weather|Snow|[upkeep]\n|-heal|p2b: Maushold|8\/100|[from] item: Leftovers\n|upkeep\n|turn|2\n|inactive|Sakura the blossom has 270 seconds left.\n|c|\u2606Sakura the blossom|So much text lmao\n|c|\u2606Rapidklipdo|Oh I see the strat\n|\n|t:|1697210143\n|switch|p2b: Indeedee|Indeedee-F, F|100\/100\n|-fieldstart|move: Psychic Terrain|[from] ability: Psychic Surge|[of] p2b: Indeedee\n|-enditem|p2b: Indeedee|Psychic Seed\n|-boost|p2b: Indeedee|spd|1|[from] item: Psychic Seed\n|move|p1a: Greninja|Water Shuriken|p2a: Armarouge\n|-activate|p2a: Armarouge|move: Psychic Terrain\n|move|p2a: Armarouge|Expanding Force|p1a: Greninja|[spread] p1b\n|-immune|p1a: Greninja\n|-damage|p1b: Vanilluxe|0 fnt\n|faint|p1b: Vanilluxe\n|\n|-weather|Snow|[upkeep]\n|upkeep\n|\n|t:|1697210157\n|switch|p1b: Carbink|Carbink|100\/100\n|turn|3\n|inactive|Sakura the blossom has 270 seconds left.\n|\n|t:|1697210170\n|move|p2a: Armarouge|Endure|p2a: Armarouge\n|-singleturn|p2a: Armarouge|move: Endure\n|move|p1a: Greninja|Surf|p2b: Indeedee|[spread] p1b,p2a,p2b\n|-supereffective|p1b: Carbink\n|-supereffective|p2a: Armarouge\n|-damage|p1b: Carbink|43\/100\n|-activate|p2a: Armarouge|move: Endure\n|-damage|p2a: Armarouge|1\/100\n|-damage|p2b: Indeedee|81\/100\n|move|p2b: Indeedee|Imprison|p2b: Indeedee\n|-start|p2b: Indeedee|move: Imprison\n|cant|p1b: Carbink|move: Imprison|Trick Room\n|\n|-weather|Snow|[upkeep]\n|upkeep\n|turn|4\n|c|\u2606Rapidklipdo|qwq\n|inactive|Sakura the blossom has 270 seconds left.\n|\n|t:|1697210201\n|move|p2b: Indeedee|Follow Me|p2b: Indeedee\n|-singleturn|p2b: Indeedee|move: Follow Me\n|move|p2a: Armarouge|Armor Cannon|p1a: Greninja\n|-resisted|p1a: Greninja\n|-damage|p1a: Greninja|12\/100\n|-unboost|p2a: Armarouge|spd|1\n|move|p1a: Greninja|Weather Ball|p2b: Indeedee\n|-damage|p2b: Indeedee|61\/100\n|move|p1b: Carbink|Power Gem|p2b: Indeedee\n|-damage|p2b: Indeedee|44\/100\n|\n|-weather|Snow|[upkeep]\n|upkeep\n|turn|5\n|inactive|Sakura the blossom has 270 seconds left.\n|inactive|Rapidklipdo has 270 seconds left.\n|\n|t:|1697210249\n|move|p2b: Indeedee|Follow Me|p2b: Indeedee\n|-singleturn|p2b: Indeedee|move: Follow Me\n|move|p2a: Armarouge|Armor Cannon|p1a: Greninja\n|-resisted|p1a: Greninja\n|-damage|p1a: Greninja|0 fnt\n|-unboost|p2a: Armarouge|spd|1\n|faint|p1a: Greninja\n|move|p1b: Carbink|Power Gem|p2b: Indeedee\n|-damage|p2b: Indeedee|27\/100\n|\n|-weather|none\n|upkeep\n|c|\u2606Sakura the blossom|Ngl i feel proud of this\n|\n|t:|1697210257\n|switch|p1a: Clefable|Clefable, M|100\/100\n|turn|6\n|inactive|Rapidklipdo has 270 seconds left.\n|inactive|Sakura the blossom has 270 seconds left.\n|\n|t:|1697210274\n|switch|p2b: Maushold|Maushold|8\/100\n|move|p2a: Armarouge|Destiny Bond|p2a: Armarouge\n|-singlemove|p2a: Armarouge|Destiny Bond\n|move|p1a: Clefable|Thunderbolt|p2b: Maushold\n|-damage|p2b: Maushold|0 fnt\n|faint|p2b: Maushold\n|move|p1b: Carbink|Power Gem|p2a: Armarouge\n|-supereffective|p2a: Armarouge\n|-damage|p2a: Armarouge|0 fnt\n|faint|p2a: Armarouge\n|-activate|p2a: Armarouge|move: Destiny Bond\n|faint|p1b: Carbink\n|\n|-fieldend|move: Psychic Terrain\n|upkeep\n|\n|t:|1697210293\n|switch|p2b: Bouffalant|Bouffalant, M|100\/100\n|switch|p2a: Staraptor|Staraptor, F|100\/100\n|switch|p1b: Beedrill|Beedrill, F|100\/100\n|turn|7\n|c|\u2606Rapidklipdo|It's annoying, but works really well x3\n|\n|t:|1697210310\n|detailschange|p1b: Beedrill|Beedrill-Mega, F\n|-mega|p1b: Beedrill|Beedrill|Beedrillite\n|move|p2a: Staraptor|Brave Bird|p1b: Beedrill\n|-supereffective|p1b: Beedrill\n|-damage|p1b: Beedrill|0 fnt\n|faint|p1b: Beedrill\n|-damage|p2a: Staraptor|72\/100|[from] Recoil\n|move|p1a: Clefable|Thunderbolt|p2a: Staraptor\n|-supereffective|p2a: Staraptor\n|-damage|p2a: Staraptor|0 fnt\n|faint|p2a: Staraptor\n|move|p2b: Bouffalant|Head Charge|p1a: Clefable\n|-damage|p1a: Clefable|0 fnt\n|faint|p1a: Clefable\n|-damage|p2b: Bouffalant|75\/100|[from] Recoil\n|\n|upkeep\n|c|\u2606Sakura the blossom|Ty\n|\n|t:|1697210327\n|switch|p2a: Indeedee|Indeedee-F, F|27\/100\n|switch|p1a: Torkoal|Torkoal, F|100\/100\n|-fieldstart|move: Psychic Terrain|[from] ability: Psychic Surge|[of] p2a: Indeedee\n|-weather|SunnyDay|[from] ability: Drought|[of] p1a: Torkoal\n|turn|8\n|c|\u2606Rapidklipdo|Choice scarf brave bird staraptor QwQ\n|\n|t:|1697210339\n|-terastallize|p1a: Torkoal|Fire\n|move|p2a: Indeedee|Helping Hand|p2b: Bouffalant\n|-singleturn|p2b: Bouffalant|Helping Hand|[of] p2a: Indeedee\n|move|p2b: Bouffalant|Head Charge|p1a: Torkoal\n|-damage|p1a: Torkoal|0 fnt\n|faint|p1a: Torkoal\n|-damage|p2b: Bouffalant|54\/100|[from] Recoil\n|\n|win|Sakura the blossom\n|c|\u2606Sakura the blossom|BOUFFALANT MY BOI\n|c|\u2606Rapidklipdo|First off. Fuck you\n|c|\u2606Rapidklipdo|second off. Love the team\n|c|\u2606Sakura the blossom|fair tbh lmao\n|c|\u2606Sakura the blossom|Choice band bull is beautiful\n","uploadtime":1697210403,"views":8,"p1id":"rapidklipdo","p2id":"sakuratheblossom","formatid":"gen9nationaldexdoubles","rating":0,"private":0,"password":""}