{"id":"gen9nationaldexdoubles-1998815663","p1":"SakuramajiMaya","p2":"FriedBeaver01","format":"[Gen 9] National Dex Doubles","log":"|j|\u2606SakuramajiMaya\n|j|\u2606FriedBeaver01\n|t:|1700996600\n|gametype|doubles\n|player|p1|SakuramajiMaya|170|1189\n|player|p2|FriedBeaver01|biker-gen4|1326\n|teamsize|p1|6\n|teamsize|p2|6\n|gen|9\n|tier|[Gen 9] National Dex Doubles\n|rated|\n|rule|HP Percentage Mod: HP is shown in percentages\n|rule|Endless Battle Clause: Forcing endless battles is banned\n|rule|OHKO Clause: OHKO moves are banned\n|rule|Evasion Moves Clause: Evasion moves are banned\n|rule|Evasion Abilities Clause: Evasion abilities are banned\n|rule|Species Clause: Limit one of each Pok\u00e9mon\n|rule|Gravity Sleep Clause: The combination of sleep-inducing moves with imperfect accuracy and Gravity or Gigantamax Orbeetle are banned\n|clearpoke\n|poke|p1|Bellibolt, M|\n|poke|p1|Amoonguss, F|\n|poke|p1|Baxcalibur, M|\n|poke|p1|Pelipper, M|\n|poke|p1|Swampert, M|\n|poke|p1|Bronzong|\n|poke|p2|Slowking-Galar, M|\n|poke|p2|Goodra-Hisui, M|\n|poke|p2|Mamoswine, M|\n|poke|p2|Sableye, M|\n|poke|p2|Luxray, M|\n|poke|p2|Iron Valiant|\n|teampreview\n|inactive|Battle timer is ON: inactive players will automatically lose when time's up. (requested by FriedBeaver01)\n|\n|t:|1700996620\n|start\n|switch|p1a: Amoonguss|Amoonguss, F|100\/100\n|switch|p1b: Bronzong|Bronzong|100\/100\n|switch|p2a: Sableye|Sableye, M, shiny|100\/100\n|switch|p2b: Luxray|Luxray, M, shiny|100\/100\n|-ability|p2b: Luxray|Intimidate|boost\n|-unboost|p1a: Amoonguss|atk|1\n|-unboost|p1b: Bronzong|atk|1\n|turn|1\n|\n|t:|1700996630\n|move|p1a: Amoonguss|Rage Powder|p1a: Amoonguss\n|-singleturn|p1a: Amoonguss|move: Rage Powder\n|move|p2a: Sableye|Taunt|p1a: Amoonguss\n|-start|p1a: Amoonguss|move: Taunt\n|move|p2b: Luxray|Thunder Wave|p1a: Amoonguss\n|-status|p1a: Amoonguss|par\n|move|p1b: Bronzong|Trick Room|p1b: Bronzong\n|-fieldstart|move: Trick Room|[of] p1b: Bronzong\n|\n|upkeep\n|turn|2\n|\n|t:|1700996656\n|switch|p1a: Bellibolt|Bellibolt, M|100\/100\n|move|p1b: Bronzong|Ally Switch|p1b: Bronzong\n|swap|p1b: Bronzong|0|[from] move: Ally Switch\n|move|p2a: Sableye|Encore||[still]\n|-fail|p2a: Sableye\n|move|p2b: Luxray|Crunch|p1b: Bellibolt\n|-damage|p1b: Bellibolt|71\/100\n|-start|p1b: Bellibolt|Charge|Crunch|[from] ability: Electromorphosis\n|-damage|p2b: Luxray|91\/100|[from] item: Life Orb\n|\n|upkeep\n|turn|3\n|inactive|FriedBeaver01 has 120 seconds left.\n|\n|t:|1700996693\n|-terastallize|p1a: Bronzong|Ground\n|move|p2a: Sableye|Encore|p1a: Bronzong\n|-start|p1a: Bronzong|Encore\n|move|p1a: Bronzong|Ally Switch||[still]\n|-fail|p1a: Bronzong\n|move|p1b: Bellibolt|Parabolic Charge|p2a: Sableye|[spread] p2a,p2b\n|-immune|p1a: Bronzong\n|-resisted|p2b: Luxray\n|-damage|p2a: Sableye|25\/100\n|-heal|p1b: Bellibolt|98\/100|[from] drain|[of] p2a: Sableye\n|-damage|p2b: Luxray|56\/100\n|-heal|p1b: Bellibolt|100\/100|[from] drain|[of] p2b: Luxray\n|-end|p1b: Bellibolt|Charge|[silent]\n|move|p2b: Luxray|Thunder Wave|p1b: Bellibolt\n|-immune|p1b: Bellibolt\n|\n|upkeep\n|turn|4\n|inactive|FriedBeaver01 has 120 seconds left.\n|\n|t:|1700996724\n|switch|p2b: Mamoswine|Mamoswine, M|100\/100\n|move|p1a: Bronzong|Ally Switch|p1a: Bronzong\n|swap|p1a: Bronzong|1|[from] move: Ally Switch\n|move|p2a: Sableye|Recover|p2a: Sableye\n|-heal|p2a: Sableye|75\/100\n|move|p1a: Bellibolt|Muddy Water|p2a: Sableye|[spread] p2a,p2b\n|-supereffective|p2b: Mamoswine\n|-damage|p2a: Sableye|39\/100\n|-damage|p2b: Mamoswine|56\/100\n|\n|upkeep\n|turn|5\n|j| lqfsb\n|l| lqfsb\n|inactive|FriedBeaver01 has 120 seconds left.\n|\n|t:|1700996750\n|switch|p1b: Pelipper|Pelipper, M|100\/100\n|-weather|RainDance|[from] ability: Drizzle|[of] p1b: Pelipper\n|switch|p1a: Amoonguss|Amoonguss, F|100\/100 par\n|move|p2a: Sableye|Recover|p2a: Sableye\n|-heal|p2a: Sableye|89\/100\n|move|p2b: Mamoswine|Icicle Spear|p1b: Pelipper\n|-damage|p1b: Pelipper|80\/100\n|-damage|p1b: Pelipper|61\/100\n|-damage|p1b: Pelipper|43\/100\n|-damage|p1b: Pelipper|23\/100\n|-damage|p1b: Pelipper|3\/100\n|-hitcount|p1b: Pelipper|5\n|\n|-weather|RainDance|[upkeep]\n|-fieldend|move: Trick Room\n|upkeep\n|turn|6\n|inactive|FriedBeaver01 has 120 seconds left.\n|\n|t:|1700996772\n|move|p1a: Amoonguss|Rage Powder|p1a: Amoonguss\n|-singleturn|p1a: Amoonguss|move: Rage Powder\n|move|p2b: Mamoswine|Ice Shard|p1a: Amoonguss\n|-supereffective|p1a: Amoonguss\n|-damage|p1a: Amoonguss|50\/100 par\n|-enditem|p1a: Amoonguss|Eject Button\n|\n|t:|1700996780\n|switch|p1a: Bronzong|Bronzong, tera:Ground|100\/100\n|move|p2a: Sableye|Taunt|p1a: Bronzong\n|-start|p1a: Bronzong|move: Taunt\n|move|p1b: Pelipper|Weather Ball|p2b: Mamoswine\n|-supereffective|p2b: Mamoswine\n|-damage|p2b: Mamoswine|0 fnt\n|faint|p2b: Mamoswine\n|\n|-weather|RainDance|[upkeep]\n|upkeep\n|inactive|FriedBeaver01 has 120 seconds left.\n|\n|t:|1700996803\n|switch|p2b: Slowking|Slowking-Galar, M, shiny|100\/100\n|turn|7\n|inactive|FriedBeaver01 has 120 seconds left.\n|\n|t:|1700996819\n|move|p2a: Sableye|Quash|p1a: Bronzong\n|-activate|p1a: Bronzong|move: Quash\n|move|p1b: Pelipper|Weather Ball|p2a: Sableye\n|-damage|p2a: Sableye|0 fnt\n|faint|p2a: Sableye\n|move|p2b: Slowking|Sludge Wave|p1b: Pelipper|[spread] p1a,p1b\n|-resisted|p1a: Bronzong\n|-damage|p1a: Bronzong|93\/100\n|-damage|p1b: Pelipper|0 fnt\n|faint|p1b: Pelipper\n|move|p1a: Bronzong|Bulldoze|p2b: Slowking\n|-supereffective|p2b: Slowking\n|-crit|p2b: Slowking\n|-damage|p2b: Slowking|62\/100\n|-unboost|p2b: Slowking|spe|1\n|\n|-weather|RainDance|[upkeep]\n|-heal|p2b: Slowking|69\/100|[from] item: Leftovers\n|upkeep\n|\n|t:|1700996843\n|switch|p1b: Swampert|Swampert, M|100\/100\n|switch|p2a: Iron Valiant|Iron Valiant|100\/100\n|-enditem|p2a: Iron Valiant|Booster Energy\n|-activate|p2a: Iron Valiant|ability: Quark Drive|[fromitem]\n|-start|p2a: Iron Valiant|quarkdriveatk\n|turn|8\n|\n|t:|1700996859\n|switch|p1a: Amoonguss|Amoonguss, F|84\/100 par\n|detailschange|p1b: Swampert|Swampert-Mega, M\n|-mega|p1b: Swampert|Swampert|Swampertite\n|move|p2a: Iron Valiant|Wide Guard|p2a: Iron Valiant\n|-singleturn|p2a: Iron Valiant|Wide Guard\n|move|p1b: Swampert|Liquidation|p2a: Iron Valiant\n|-damage|p2a: Iron Valiant|0 fnt\n|faint|p2a: Iron Valiant\n|-end|p2a: Iron Valiant|Quark Drive|[silent]\n|move|p2b: Slowking|Chilly Reception|p2b: Slowking\n|-weather|Snow\n|\n|t:|1700996872\n|switch|p2b: Goodra|Goodra-Hisui, M|100\/100|[from] Chilly Reception\n|\n|-weather|Snow|[upkeep]\n|upkeep\n|\n|t:|1700996874\n|switch|p2a: Luxray|Luxray, M, shiny|56\/100\n|-ability|p2a: Luxray|Intimidate|boost\n|-unboost|p1a: Amoonguss|atk|1\n|-unboost|p1b: Swampert|atk|1\n|turn|9\n|\n|t:|1700996894\n|move|p1a: Amoonguss|Rage Powder|p1a: Amoonguss\n|-singleturn|p1a: Amoonguss|move: Rage Powder\n|move|p1b: Swampert|High Horsepower|p2a: Luxray\n|-supereffective|p2a: Luxray\n|-damage|p2a: Luxray|0 fnt\n|faint|p2a: Luxray\n|move|p2b: Goodra|Flash Cannon|p1a: Amoonguss\n|-damage|p1a: Amoonguss|63\/100 par\n|\n|-weather|Snow|[upkeep]\n|upkeep\n|\n|t:|1700996901\n|switch|p2a: Slowking|Slowking-Galar, M, shiny|100\/100\n|turn|10\n|\n|t:|1700996911\n|move|p1a: Amoonguss|Rage Powder|p1a: Amoonguss\n|-singleturn|p1a: Amoonguss|move: Rage Powder\n|move|p1b: Swampert|High Horsepower|p2a: Slowking\n|-supereffective|p2a: Slowking\n|-damage|p2a: Slowking|44\/100\n|move|p2b: Goodra|Acid Armor|p2b: Goodra\n|-boost|p2b: Goodra|def|2\n|move|p2a: Slowking|Eerie Spell|p1a: Amoonguss\n|-supereffective|p1a: Amoonguss\n|-damage|p1a: Amoonguss|21\/100 par\n|-activate|p1a: Amoonguss|move: Eerie Spell|Rage Powder|3\n|\n|-weather|Snow|[upkeep]\n|-heal|p2a: Slowking|50\/100|[from] item: Leftovers\n|upkeep\n|turn|11\n|\n|t:|1700996929\n|-terastallize|p2a: Slowking|Dark\n|move|p1a: Amoonguss|Rage Powder|p1a: Amoonguss\n|-singleturn|p1a: Amoonguss|move: Rage Powder\n|move|p1b: Swampert|High Horsepower|p2a: Slowking\n|-damage|p2a: Slowking|24\/100\n|move|p2b: Goodra|Acid Armor|p2b: Goodra\n|-boost|p2b: Goodra|def|2\n|move|p2a: Slowking|Eerie Spell|p1a: Amoonguss\n|-supereffective|p1a: Amoonguss\n|-damage|p1a: Amoonguss|0 fnt\n|faint|p1a: Amoonguss\n|\n|-weather|Snow|[upkeep]\n|-heal|p2a: Slowking|30\/100|[from] item: Leftovers\n|upkeep\n|\n|t:|1700996942\n|switch|p1a: Bellibolt|Bellibolt, M|100\/100\n|turn|12\n|\n|t:|1700996959\n|move|p1b: Swampert|Liquidation|p2a: Slowking\n|-damage|p2a: Slowking|7\/100\n|move|p2b: Goodra|Acid Armor|p2b: Goodra\n|-boost|p2b: Goodra|def|2\n|move|p2a: Slowking|Sludge Wave|p1b: Swampert|[spread] p1a,p1b\n|-immune|p2b: Goodra\n|-resisted|p1b: Swampert\n|-damage|p1a: Bellibolt|75\/100\n|-damage|p1b: Swampert|88\/100\n|-start|p1a: Bellibolt|Charge|Sludge Wave|[from] ability: Electromorphosis\n|move|p1a: Bellibolt|Parabolic Charge|p2b: Goodra|[spread] p2a,p2b\n|-immune|p1b: Swampert\n|-resisted|p2b: Goodra\n|-damage|p2a: Slowking|0 fnt\n|-heal|p1a: Bellibolt|78\/100|[from] drain|[of] p2a: Slowking\n|-damage|p2b: Goodra|85\/100\n|-heal|p1a: Bellibolt|85\/100|[from] drain|[of] p2b: Goodra\n|faint|p2a: Slowking\n|-end|p1a: Bellibolt|Charge|[silent]\n|\n|-weather|none\n|upkeep\n|turn|13\n|\n|t:|1700996980\n|switch|p1b: Bronzong|Bronzong, tera:Ground|93\/100\n|move|p2b: Goodra|Body Press|p1b: Bronzong\n|-damage|p1b: Bronzong|0 fnt\n|faint|p1b: Bronzong\n|move|p1a: Bellibolt|Parabolic Charge|p2b: Goodra\n|-resisted|p2b: Goodra\n|-damage|p2b: Goodra|75\/100\n|-heal|p1a: Bellibolt|90\/100|[from] drain|[of] p2b: Goodra\n|\n|upkeep\n|\n|t:|1700996995\n|switch|p1b: Baxcalibur|Baxcalibur, M|100\/100\n|turn|14\n|\n|t:|1700997009\n|move|p1b: Baxcalibur|High Horsepower|p2b: Goodra\n|-supereffective|p2b: Goodra\n|-damage|p2b: Goodra|60\/100\n|-damage|p1b: Baxcalibur|84\/100|[from] item: Rocky Helmet|[of] p2b: Goodra\n|-ability|p2b: Goodra|Gooey\n|-unboost|p1b: Baxcalibur|spe|1\n|move|p2b: Goodra|Body Press|p1b: Baxcalibur\n|-supereffective|p1b: Baxcalibur\n|-damage|p1b: Baxcalibur|0 fnt\n|faint|p1b: Baxcalibur\n|move|p1a: Bellibolt|Thunder|p2b: Goodra|[miss]\n|-miss|p1a: Bellibolt|p2b: Goodra\n|\n|upkeep\n|\n|t:|1700997022\n|switch|p1b: Swampert|Swampert-Mega, M|88\/100\n|turn|15\n|\n|t:|1700997027\n|move|p1b: Swampert|High Horsepower|p2b: Goodra\n|-supereffective|p2b: Goodra\n|-damage|p2b: Goodra|38\/100\n|-damage|p1b: Swampert|71\/100|[from] item: Rocky Helmet|[of] p2b: Goodra\n|-ability|p2b: Goodra|Gooey\n|-unboost|p1b: Swampert|spe|1\n|move|p2b: Goodra|Body Press|p1b: Swampert\n|-damage|p1b: Swampert|0 fnt\n|faint|p1b: Swampert\n|move|p1a: Bellibolt|Thunder|p2b: Goodra|[miss]\n|-miss|p1a: Bellibolt|p2b: Goodra\n|\n|upkeep\n|turn|16\n|-message|SakuramajiMaya forfeited.\n|\n|win|FriedBeaver01\n|raw|SakuramajiMaya's rating: 1189 &rarr; <strong>1173<\/strong><br \/>(-16 for losing)\n|raw|FriedBeaver01's rating: 1326 &rarr; <strong>1338<\/strong><br \/>(+12 for winning)\n|l|\u2606SakuramajiMaya\n","uploadtime":1700997044,"views":4,"p1id":"sakuramajimaya","p2id":"friedbeaver01","formatid":"gen9nationaldexdoubles","rating":1173,"private":0,"password":""}