{"id":"gen9nationaldexdoubles-1977458177","p1":"Chad Tankers","p2":"Numa no Kage","format":"[Gen 9] National Dex Doubles","log":"|j|\u2606Chad Tankers\n|j|\u2606Numa no Kage\n|t:|1698418797\n|gametype|doubles\n|player|p1|Chad Tankers|pokemaniac|1409\n|player|p2|Numa no Kage|acetrainer|1367\n|teamsize|p1|6\n|teamsize|p2|6\n|gen|9\n|tier|[Gen 9] National Dex Doubles\n|rated|\n|rule|HP Percentage Mod: HP is shown in percentages\n|rule|Endless Battle Clause: Forcing endless battles is banned\n|rule|OHKO Clause: OHKO moves are banned\n|rule|Evasion Moves Clause: Evasion moves are banned\n|rule|Evasion Abilities Clause: Evasion abilities are banned\n|rule|Species Clause: Limit one of each Pok\u00e9mon\n|rule|Gravity Sleep Clause: The combination of sleep-inducing moves with imperfect accuracy and Gravity or Gigantamax Orbeetle are banned\n|clearpoke\n|poke|p1|Medicham, F|\n|poke|p1|Chien-Pao|\n|poke|p1|Zygarde|\n|poke|p1|Whimsicott, M|\n|poke|p1|Kingambit, F|\n|poke|p1|Tapu Fini|\n|poke|p2|Chansey, F|\n|poke|p2|Okidogi, M|\n|poke|p2|Grimmsnarl, M|\n|poke|p2|Landorus-Therian, M|\n|poke|p2|Walking Wake|\n|poke|p2|Flutter Mane|\n|teampreview\n|inactive|Battle timer is ON: inactive players will automatically lose when time's up. (requested by Chad Tankers)\n|inactive|Numa no Kage also wants the timer to be on.\n|\n|t:|1698418821\n|start\n|switch|p1a: Kingambit|Kingambit, F, shiny|100\/100\n|switch|p1b: Tapu Fini|Tapu Fini|100\/100\n|switch|p2a: S.U.S.|Chansey, F|100\/100\n|switch|p2b: Elfo|Grimmsnarl, M, shiny|100\/100\n|-fieldstart|move: Misty Terrain|[from] ability: Misty Surge|[of] p1b: Tapu Fini\n|turn|1\n|\n|t:|1698418838\n|move|p2b: Elfo|Reflect|p2b: Elfo\n|-sidestart|p2: Numa no Kage|Reflect\n|move|p1b: Tapu Fini|Trick|p2a: S.U.S.\n|-activate|p1b: Tapu Fini|move: Trick|[of] p2a: S.U.S.\n|-item|p2a: S.U.S.|Choice Scarf|[from] move: Trick\n|-item|p1b: Tapu Fini|Eviolite|[from] move: Trick\n|move|p2a: S.U.S.|Stealth Rock|p1a: Kingambit\n|-sidestart|p1: Chad Tankers|move: Stealth Rock\n|move|p1a: Kingambit|Swords Dance|p1a: Kingambit\n|-boost|p1a: Kingambit|atk|2\n|\n|upkeep\n|turn|2\n|\n|t:|1698418860\n|switch|p2a: Caramelo|Landorus-Therian, M|100\/100\n|-ability|p2a: Caramelo|Intimidate|boost\n|-unboost|p1a: Kingambit|atk|1\n|-ability|p1a: Kingambit|Defiant|boost\n|-boost|p1a: Kingambit|atk|2\n|-unboost|p1b: Tapu Fini|atk|1\n|move|p2b: Elfo|Parting Shot|p1b: Tapu Fini\n|-unboost|p1b: Tapu Fini|atk|1\n|-unboost|p1b: Tapu Fini|spa|1\n|\n|t:|1698418869\n|switch|p2b: S.U.S.|Chansey, F|100\/100|[from] Parting Shot\n|move|p1b: Tapu Fini|Muddy Water|p2b: S.U.S.|[spread] p2b\n|-miss|p1b: Tapu Fini|p2a: Caramelo\n|-damage|p2b: S.U.S.|93\/100\n|move|p1a: Kingambit|Swords Dance|p1a: Kingambit\n|-boost|p1a: Kingambit|atk|2\n|\n|upkeep\n|turn|3\n|\n|t:|1698418892\n|switch|p1b: Zygarde|Zygarde|100\/100\n|-damage|p1b: Zygarde|94\/100|[from] Stealth Rock\n|-ability|p1b: Zygarde|Aura Break\n|move|p1a: Kingambit|Sucker Punch|p2a: Caramelo\n|-damage|p2a: Caramelo|0 fnt\n|faint|p2a: Caramelo\n|move|p2b: S.U.S.|Seismic Toss|p1a: Kingambit\n|-damage|p1a: Kingambit|76\/100\n|\n|upkeep\n|\n|t:|1698418908\n|switch|p2a: Pitbull Raivoso|Okidogi, M|100\/100\n|turn|4\n|j| MiHStar\n|\n|t:|1698418922\n|move|p1a: Kingambit|Sucker Punch|p2a: Pitbull Raivoso\n|-resisted|p2a: Pitbull Raivoso\n|-damage|p2a: Pitbull Raivoso|58\/100\n|move|p1b: Zygarde|Thousand Arrows|p2b: S.U.S.|[spread] p2a,p2b\n|-supereffective|p2a: Pitbull Raivoso\n|-damage|p2a: Pitbull Raivoso|5\/100\n|-damage|p2b: S.U.S.|60\/100\n|move|p2a: Pitbull Raivoso|Drain Punch|p1a: Kingambit\n|-supereffective|p1a: Kingambit\n|-damage|p1a: Kingambit|0 fnt\n|-heal|p2a: Pitbull Raivoso|45\/100|[from] drain|[of] p1a: Kingambit\n|faint|p1a: Kingambit\n|move|p2b: S.U.S.|Seismic Toss|p1b: Zygarde\n|-damage|p1b: Zygarde|67\/100\n|\n|upkeep\n|inactive|Chad Tankers has 120 seconds left.\n|\n|t:|1698418948\n|switch|p1a: Medicham|Medicham, F, shiny|100\/100\n|-damage|p1a: Medicham|94\/100|[from] Stealth Rock\n|turn|5\n|\n|t:|1698418964\n|switch|p2a: Elfo|Grimmsnarl, M, shiny|100\/100\n|detailschange|p1a: Medicham|Medicham-Mega, F, shiny\n|-mega|p1a: Medicham|Medicham|Medichamite\n|move|p1a: Medicham|Fake Out|p2b: S.U.S.\n|-damage|p2b: S.U.S.|46\/100\n|move|p1b: Zygarde|Thousand Arrows|p2b: S.U.S.|[spread] p2a,p2b\n|-damage|p2a: Elfo|62\/100\n|-damage|p2b: S.U.S.|17\/100\n|cant|p2b: S.U.S.|flinch\n|\n|-fieldend|Misty Terrain\n|upkeep\n|turn|6\n|\n|t:|1698418987\n|switch|p1a: Tapu Fini|Tapu Fini|100\/100\n|-damage|p1a: Tapu Fini|88\/100|[from] Stealth Rock\n|-fieldstart|move: Misty Terrain|[from] ability: Misty Surge|[of] p1a: Tapu Fini\n|move|p2a: Elfo|Parting Shot|p1a: Tapu Fini\n|-unboost|p1a: Tapu Fini|atk|1\n|-unboost|p1a: Tapu Fini|spa|1\n|\n|t:|1698419001\n|switch|p2a: Galinha|Walking Wake|100\/100|[from] Parting Shot\n|move|p1b: Zygarde|Thousand Arrows|p2a: Galinha|[spread] p2a,p2b\n|-damage|p2a: Galinha|64\/100\n|-damage|p2b: S.U.S.|0 fnt\n|faint|p2b: S.U.S.\n|\n|upkeep\n|inactive|Numa no Kage has 120 seconds left.\n|\n|t:|1698419012\n|switch|p2b: Elfo|Grimmsnarl, M, shiny|62\/100\n|turn|7\n|\n|t:|1698419020\n|switch|p1b: Whimsicott|Whimsicott, M|100\/100\n|-damage|p1b: Whimsicott|88\/100|[from] Stealth Rock\n|move|p2b: Elfo|Light Screen|p2b: Elfo\n|-sidestart|p2: Numa no Kage|move: Light Screen\n|move|p2a: Galinha|Dragon Pulse|p1b: Whimsicott\n|-immune|p1b: Whimsicott\n|move|p1a: Tapu Fini|Moonblast|p2a: Galinha\n|-supereffective|p2a: Galinha\n|-damage|p2a: Galinha|40\/100\n|\n|upkeep\n|turn|8\n|\n|t:|1698419047\n|move|p2b: Elfo|Taunt|p1b: Whimsicott\n|-start|p1b: Whimsicott|move: Taunt\n|move|p1b: Whimsicott|Moonblast|p2a: Galinha\n|-supereffective|p2a: Galinha\n|-damage|p2a: Galinha|3\/100\n|-unboost|p2a: Galinha|spa|1\n|move|p2a: Galinha|Flamethrower|p1b: Whimsicott\n|-supereffective|p1b: Whimsicott\n|-damage|p1b: Whimsicott|12\/100\n|move|p1a: Tapu Fini|Moonblast|p2a: Galinha\n|-supereffective|p2a: Galinha\n|-damage|p2a: Galinha|0 fnt\n|faint|p2a: Galinha\n|-end|p2a: Galinha|Protosynthesis|[silent]\n|\n|-sideend|p2: Numa no Kage|Reflect\n|upkeep\n|\n|t:|1698419061\n|switch|p2a: Mega Misdreavus|Flutter Mane, shiny|100\/100\n|turn|9\n|\n|t:|1698419083\n|move|p2b: Elfo|Reflect|p2b: Elfo\n|-sidestart|p2: Numa no Kage|Reflect\n|move|p2a: Mega Misdreavus|Moonblast|p1b: Whimsicott\n|-damage|p1b: Whimsicott|0 fnt\n|faint|p1b: Whimsicott\n|move|p1a: Tapu Fini|Trick|p2a: Mega Misdreavus\n|-activate|p1a: Tapu Fini|move: Trick|[of] p2a: Mega Misdreavus\n|-item|p2a: Mega Misdreavus|Eviolite|[from] move: Trick\n|-item|p1a: Tapu Fini|Choice Scarf|[from] move: Trick\n|\n|upkeep\n|inactive|Chad Tankers has 120 seconds left.\n|\n|t:|1698419099\n|switch|p1b: Chien-Pao|Chien-Pao|100\/100\n|-damage|p1b: Chien-Pao|76\/100|[from] Stealth Rock\n|-ability|p1b: Chien-Pao|Sword of Ruin\n|turn|10\n|inactive|Chad Tankers has 120 seconds left.\n|\n|t:|1698419126\n|-terastallize|p1b: Chien-Pao|Dark\n|move|p2b: Elfo|Taunt|p1a: Tapu Fini\n|-start|p1a: Tapu Fini|move: Taunt\n|move|p1a: Tapu Fini|Moonblast|p2a: Mega Misdreavus\n|-damage|p2a: Mega Misdreavus|87\/100\n|-unboost|p2a: Mega Misdreavus|spa|1\n|move|p1b: Chien-Pao|Crunch|p2a: Mega Misdreavus\n|-damage|p2a: Mega Misdreavus|0 fnt\n|faint|p2a: Mega Misdreavus\n|-end|p2a: Mega Misdreavus|Protosynthesis|[silent]\n|\n|-fieldend|Misty Terrain\n|upkeep\n|\n|t:|1698419140\n|switch|p2a: Pitbull Raivoso|Okidogi, M|45\/100\n|turn|11\n|\n|t:|1698419154\n|-terastallize|p2a: Pitbull Raivoso|Normal\n|move|p2b: Elfo|Parting Shot|p1a: Tapu Fini\n|-unboost|p1a: Tapu Fini|atk|1\n|-unboost|p1a: Tapu Fini|spa|1\n|move|p1a: Tapu Fini|Moonblast|p2a: Pitbull Raivoso\n|-damage|p2a: Pitbull Raivoso|38\/100\n|move|p1b: Chien-Pao|Icicle Crash|p2b: Elfo\n|-damage|p2b: Elfo|12\/100\n|move|p2a: Pitbull Raivoso|Drain Punch|p1b: Chien-Pao\n|-supereffective|p1b: Chien-Pao\n|-damage|p1b: Chien-Pao|0 fnt\n|-heal|p2a: Pitbull Raivoso|67\/100|[from] drain|[of] p1b: Chien-Pao\n|faint|p1b: Chien-Pao\n|\n|upkeep\n|\n|t:|1698419173\n|switch|p1b: Medicham|Medicham-Mega, F, shiny|94\/100\n|-damage|p1b: Medicham|88\/100|[from] Stealth Rock\n|turn|12\n|\n|t:|1698419188\n|switch|p1a: Zygarde|Zygarde|67\/100\n|-damage|p1a: Zygarde|61\/100|[from] Stealth Rock\n|-ability|p1a: Zygarde|Aura Break\n|move|p2b: Elfo|Parting Shot|p1b: Medicham\n|-unboost|p1b: Medicham|atk|1\n|-unboost|p1b: Medicham|spa|1\n|move|p1b: Medicham|Close Combat|p2a: Pitbull Raivoso\n|-supereffective|p2a: Pitbull Raivoso\n|-damage|p2a: Pitbull Raivoso|0 fnt\n|-unboost|p1b: Medicham|def|1\n|-unboost|p1b: Medicham|spd|1\n|faint|p2a: Pitbull Raivoso\n|\n|upkeep\n|turn|13\n|-message|Numa no Kage forfeited.\n|\n|win|Chad Tankers\n|raw|Chad Tankers's rating: 1409 &rarr; <strong>1427<\/strong><br \/>(+18 for winning)\n|raw|Numa no Kage's rating: 1367 &rarr; <strong>1349<\/strong><br \/>(-18 for losing)\n|l|\u2606Numa no Kage\n|l| MiHStar\n","uploadtime":1698419231,"views":7,"p1id":"chadtankers","p2id":"numanokage","formatid":"gen9nationaldexdoubles","rating":1349,"private":0,"password":""}