{"id":"gen9nationaldexdoubles-1948420721","p1":"JuliaMimi","p2":"eberest","format":"[Gen 9] National Dex Doubles","log":"|j|\u2606JuliaMimi\n|j|\u2606eberest\n|t:|1695258204\n|gametype|doubles\n|player|p1|JuliaMimi|candice|\n|player|p2|eberest|sailor|\n|teamsize|p1|4\n|teamsize|p2|4\n|gen|9\n|tier|[Gen 9] National Dex Doubles\n|rule|HP Percentage Mod: HP is shown in percentages\n|rule|Endless Battle Clause: Forcing endless battles is banned\n|rule|OHKO Clause: OHKO moves are banned\n|rule|Evasion Moves Clause: Evasion moves are banned\n|rule|Evasion Abilities Clause: Evasion abilities are banned\n|rule|Species Clause: Limit one of each Pok\u00e9mon\n|rule|Gravity Sleep Clause: The combination of sleep-inducing moves with imperfect accuracy and Gravity or Gigantamax Orbeetle are banned\n|clearpoke\n|poke|p1|Pelipper, F|\n|poke|p1|Palafin, F|\n|poke|p1|Rillaboom, M|\n|poke|p1|Samurott-Hisui, M|\n|poke|p2|Tinkaton, F|\n|poke|p2|Skeledirge, M|\n|poke|p2|Indeedee-F, F|\n|poke|p2|Garganacl, M|\n|teampreview\n|\n|t:|1695258215\n|start\n|switch|p1a: Israeli|Pelipper, F|100\/100\n|switch|p1b: Metroman|Palafin, F|100\/100\n|switch|p2a: BIG BIG HIPS|Indeedee-F, F|100\/100\n|switch|p2b: SMASH|Tinkaton, F|100\/100\n|-ability|p2b: SMASH|Mold Breaker\n|-weather|RainDance|[from] ability: Drizzle|[of] p1a: Israeli\n|-fieldstart|move: Psychic Terrain|[from] ability: Psychic Surge|[of] p2a: BIG BIG HIPS\n|turn|1\n|\n|t:|1695258233\n|move|p1b: Metroman|Flip Turn|p2a: BIG BIG HIPS\n|-damage|p2a: BIG BIG HIPS|30\/100\n|\n|t:|1695258236\n|detailschange|p1b: Metroman|Palafin-Hero, F\n|switch|p1b: Justice|Samurott-Hisui, M|100\/100|[from] Flip Turn\n|move|p2b: SMASH|Rock Slide|p1a: Israeli|[spread] p1a,p1b\n|-supereffective|p1a: Israeli\n|-damage|p1a: Israeli|76\/100\n|-damage|p1b: Justice|81\/100\n|move|p1a: Israeli|Tailwind|p1a: Israeli\n|-sidestart|p1: JuliaMimi|move: Tailwind\n|move|p2a: BIG BIG HIPS|Trick Room|p2a: BIG BIG HIPS\n|-fieldstart|move: Trick Room|[of] p2a: BIG BIG HIPS\n|\n|-weather|RainDance|[upkeep]\n|-heal|p1a: Israeli|82\/100|[from] item: Leftovers\n|upkeep\n|turn|2\n|\n|t:|1695258264\n|move|p1a: Israeli|Protect|p1a: Israeli\n|-singleturn|p1a: Israeli|Protect\n|move|p2a: BIG BIG HIPS|Energy Ball|p1b: Justice\n|-supereffective|p1b: Justice\n|-damage|p1b: Justice|20\/100\n|move|p2b: SMASH|Ice Hammer|p1b: Justice\n|-resisted|p1b: Justice\n|-damage|p1b: Justice|2\/100\n|-unboost|p2b: SMASH|spe|1\n|move|p1b: Justice|Ceaseless Edge|p2a: BIG BIG HIPS\n|-supereffective|p2a: BIG BIG HIPS\n|-damage|p2a: BIG BIG HIPS|0 fnt\n|-sidestart|p2: eberest|Spikes\n|faint|p2a: BIG BIG HIPS\n|\n|-weather|RainDance|[upkeep]\n|-heal|p1a: Israeli|88\/100|[from] item: Leftovers\n|upkeep\n|\n|t:|1695258282\n|switch|p2a: Rock :)|Garganacl, M|100\/100\n|-damage|p2a: Rock :)|88\/100|[from] Spikes\n|turn|3\n|\n|t:|1695258299\n|move|p2a: Rock :)|Salt Cure|p1a: Israeli\n|-supereffective|p1a: Israeli\n|-damage|p1a: Israeli|67\/100\n|-start|p1a: Israeli|Salt Cure\n|move|p2b: SMASH|Rock Slide|p1b: Justice|[spread] p1a,p1b\n|-supereffective|p1a: Israeli\n|-damage|p1a: Israeli|44\/100\n|-damage|p1b: Justice|0 fnt\n|faint|p1b: Justice\n|move|p1a: Israeli|Roost|p1a: Israeli\n|-heal|p1a: Israeli|94\/100\n|-singleturn|p1a: Israeli|move: Roost\n|\n|-weather|RainDance|[upkeep]\n|-heal|p2a: Rock :)|94\/100|[from] item: Leftovers\n|-heal|p1a: Israeli|99\/100|[from] item: Leftovers\n|-damage|p1a: Israeli|75\/100|[from] Salt Cure\n|upkeep\n|\n|t:|1695258315\n|switch|p1b: Ganjamania|Rillaboom, M|100\/100\n|-fieldstart|move: Grassy Terrain|[from] ability: Grassy Surge|[of] p1b: Ganjamania\n|-enditem|p1b: Ganjamania|Grassy Seed\n|-boost|p1b: Ganjamania|def|1|[from] item: Grassy Seed\n|turn|4\n|\n|t:|1695258331\n|switch|p1a: Metroman|Palafin-Hero, F|100\/100\n|-activate|p1a: Metroman|ability: Zero to Hero\n|move|p1b: Ganjamania|Protect|p1b: Ganjamania\n|-singleturn|p1b: Ganjamania|Protect\n|move|p2a: Rock :)|Salt Cure|p1a: Metroman\n|-damage|p1a: Metroman|86\/100\n|-start|p1a: Metroman|Salt Cure\n|move|p2b: SMASH|Gigaton Hammer|p1b: Ganjamania\n|-activate|p1b: Ganjamania|move: Protect\n|\n|-weather|RainDance|[upkeep]\n|-heal|p2a: Rock :)|100\/100|[from] Grassy Terrain\n|-heal|p1a: Metroman|92\/100|[from] Grassy Terrain\n|-damage|p1a: Metroman|67\/100|[from] Salt Cure\n|-sideend|p1: JuliaMimi|move: Tailwind\n|upkeep\n|turn|5\n|\n|t:|1695258370\n|-terastallize|p1a: Metroman|Water\n|move|p2a: Rock :)|Body Press|p1b: Ganjamania\n|-damage|p1b: Ganjamania|78\/100\n|move|p2b: SMASH|Rock Slide|p1a: Metroman|[spread] p1a,p1b\n|-crit|p1a: Metroman\n|-crit|p1b: Ganjamania\n|-damage|p1a: Metroman|43\/100\n|-damage|p1b: Ganjamania|54\/100\n|move|p1b: Ganjamania|High Horsepower|p2b: SMASH\n|-supereffective|p2b: SMASH\n|-damage|p2b: SMASH|30\/100\n|cant|p1a: Metroman|flinch\n|\n|-weather|none\n|-heal|p2b: SMASH|36\/100|[from] Grassy Terrain\n|-heal|p1b: Ganjamania|60\/100|[from] Grassy Terrain\n|-heal|p1a: Metroman|49\/100|[from] Grassy Terrain\n|-damage|p1a: Metroman|25\/100|[from] Salt Cure\n|-fieldend|move: Trick Room\n|upkeep\n|turn|6\n|\n|t:|1695258394\n|move|p1a: Metroman|Liquidation|p2a: Rock :)\n|-supereffective|p2a: Rock :)\n|-ability|p2a: Rock :)|Sturdy\n|-damage|p2a: Rock :)|1\/100\n|move|p1b: Ganjamania|High Horsepower|p2b: SMASH\n|-supereffective|p2b: SMASH\n|-damage|p2b: SMASH|0 fnt\n|faint|p2b: SMASH\n|move|p2a: Rock :)|Salt Cure|p1b: Ganjamania\n|-damage|p1b: Ganjamania|49\/100\n|-start|p1b: Ganjamania|Salt Cure\n|\n|-heal|p1a: Metroman|31\/100|[from] Grassy Terrain\n|-heal|p1b: Ganjamania|55\/100|[from] Grassy Terrain\n|-heal|p2a: Rock :)|7\/100|[from] Grassy Terrain\n|-heal|p2a: Rock :)|13\/100|[from] item: Leftovers\n|-damage|p1a: Metroman|6\/100|[from] Salt Cure\n|-damage|p1b: Ganjamania|43\/100|[from] Salt Cure\n|upkeep\n|\n|t:|1695258412\n|switch|p2b: MY BABY|Skeledirge, M|100\/100\n|-damage|p2b: MY BABY|88\/100|[from] Spikes\n|turn|7\n|\n|t:|1695258424\n|-terastallize|p2b: MY BABY|Electric\n|move|p1a: Metroman|Liquidation|p2b: MY BABY\n|-damage|p2b: MY BABY|0 fnt\n|faint|p2b: MY BABY\n|move|p1b: Ganjamania|Drain Punch|p2a: Rock :)\n|-supereffective|p2a: Rock :)\n|-damage|p2a: Rock :)|0 fnt\n|-heal|p1b: Ganjamania|51\/100|[from] drain|[of] p2a: Rock :)\n|faint|p2a: Rock :)\n|\n|win|JuliaMimi\n|l|\u2606eberest\n","uploadtime":1695258442,"views":8,"p1id":"juliamimi","p2id":"eberest","formatid":"gen9nationaldexdoubles","rating":0,"private":0,"password":""}