{"id":"gen9nationaldexdoubles-1954614784","p1":"PunkRockObstagoon","p2":"zaylay","format":"[Gen 9] National Dex Doubles","log":"|j|\u2606PunkRockObstagoon\n|j|\u2606zaylay\n|t:|1695912985\n|gametype|doubles\n|player|p1|PunkRockObstagoon|hilbert|1145\n|player|p2|zaylay|102|1126\n|teamsize|p1|6\n|teamsize|p2|6\n|gen|9\n|tier|[Gen 9] National Dex Doubles\n|rated|\n|rule|HP Percentage Mod: HP is shown in percentages\n|rule|Endless Battle Clause: Forcing endless battles is banned\n|rule|OHKO Clause: OHKO moves are banned\n|rule|Evasion Moves Clause: Evasion moves are banned\n|rule|Evasion Abilities Clause: Evasion abilities are banned\n|rule|Species Clause: Limit one of each Pok\u00e9mon\n|rule|Gravity Sleep Clause: The combination of sleep-inducing moves with imperfect accuracy and Gravity or Gigantamax Orbeetle are banned\n|clearpoke\n|poke|p1|Charizard, M|\n|poke|p1|Metagross|\n|poke|p1|Grimmsnarl, M|\n|poke|p1|Tatsugiri-Stretchy, F|\n|poke|p1|Serperior, F|\n|poke|p1|Blaziken, M|\n|poke|p2|Lucario, F|\n|poke|p2|Sinistcha-Masterpiece|\n|poke|p2|Ambipom, M|\n|poke|p2|Charizard, M|\n|poke|p2|Heatran, M|\n|poke|p2|Orthworm, F|\n|teampreview\n|inactive|Battle timer is ON: inactive players will automatically lose when time's up. (requested by PunkRockObstagoon)\n|\n|t:|1695913005\n|start\n|switch|p1a: Charizard|Charizard, M|100\/100\n|switch|p1b: Metagross|Metagross|100\/100\n|switch|p2a: Charizard|Charizard, M|100\/100\n|switch|p2b: Lucario|Lucario, F|100\/100\n|turn|1\n|\n|t:|1695913016\n|switch|p2b: Heatran|Heatran, M|100\/100\n|move|p1b: Metagross|Protect|p1b: Metagross\n|-singleturn|p1b: Metagross|Protect\n|move|p1a: Charizard|Tailwind|p1a: Charizard\n|-sidestart|p1: PunkRockObstagoon|move: Tailwind\n|move|p2a: Charizard|Flare Blitz|p1b: Metagross\n|-activate|p1b: Metagross|move: Protect\n|\n|upkeep\n|turn|2\n|\n|t:|1695913033\n|detailschange|p2a: Charizard|Charizard-Mega-X, M\n|-mega|p2a: Charizard|Charizard|Charizardite X\n|-terastallize|p1b: Metagross|Rock\n|move|p1a: Charizard|Bulldoze|p2b: Heatran|[spread] p1b,p2a,p2b\n|-supereffective|p1b: Metagross\n|-supereffective|p2a: Charizard\n|-supereffective|p2b: Heatran\n|-damage|p1b: Metagross|83\/100\n|-damage|p2a: Charizard|81\/100\n|-damage|p2b: Heatran|63\/100\n|-unboost|p2a: Charizard|spe|1\n|-unboost|p2b: Heatran|spe|1\n|-enditem|p1b: Metagross|Weakness Policy\n|-boost|p1b: Metagross|atk|2|[from] item: Weakness Policy\n|-boost|p1b: Metagross|spa|2|[from] item: Weakness Policy\n|move|p1b: Metagross|Rock Slide|p2b: Heatran|[spread] \n|-miss|p1b: Metagross|p2a: Charizard\n|-miss|p1b: Metagross|p2b: Heatran\n|move|p2b: Heatran|Eruption|p1b: Metagross|[spread] p1a,p1b\n|-resisted|p1a: Charizard\n|-resisted|p1b: Metagross\n|-damage|p1a: Charizard|81\/100\n|-damage|p1b: Metagross|59\/100\n|move|p2a: Charizard|Flare Blitz|p1b: Metagross\n|-resisted|p1b: Metagross\n|-damage|p1b: Metagross|19\/100\n|-damage|p2a: Charizard|68\/100|[from] Recoil\n|\n|upkeep\n|turn|3\n|inactive|zaylay has 120 seconds left.\n|\n|t:|1695913071\n|switch|p2b: Lucario|Lucario, F|100\/100\n|move|p1a: Charizard|Howl|p1a: Charizard|[spread] p1a,p1b\n|-boost|p1a: Charizard|atk|1\n|-boost|p1b: Metagross|atk|1\n|move|p1b: Metagross|Rock Slide|p2b: Lucario|[spread] p2b\n|-miss|p1b: Metagross|p2a: Charizard\n|-resisted|p2b: Lucario\n|-damage|p2b: Lucario|70\/100\n|move|p2a: Charizard|Outrage|p1b: Metagross\n|-damage|p1b: Metagross|0 fnt\n|faint|p1b: Metagross\n|\n|upkeep\n|\n|t:|1695913081\n|switch|p1b: Tatsugiri|Tatsugiri-Stretchy, F, shiny|100\/100\n|turn|4\n|\n|t:|1695913099\n|move|p1a: Charizard|Will-O-Wisp|p2b: Lucario\n|-status|p2b: Lucario|brn\n|move|p1b: Tatsugiri|Dragon Pulse|p2a: Charizard\n|-supereffective|p2a: Charizard\n|-damage|p2a: Charizard|0 fnt\n|faint|p2a: Charizard\n|move|p2b: Lucario|Bulk Up|p2b: Lucario\n|-boost|p2b: Lucario|atk|1\n|-boost|p2b: Lucario|def|1\n|\n|-damage|p2b: Lucario|64\/100 brn|[from] brn\n|-sideend|p1: PunkRockObstagoon|move: Tailwind\n|upkeep\n|\n|t:|1695913106\n|switch|p2a: Ambipom|Ambipom, M|100\/100\n|turn|5\n|\n|t:|1695913124\n|switch|p2a: Sinistcha|Sinistcha-Masterpiece|100\/100\n|-heal|p2b: Lucario|89\/100 brn|[from] ability: Hospitality|[of] p2a: Sinistcha\n|move|p1b: Tatsugiri|Protect|p1b: Tatsugiri\n|-singleturn|p1b: Tatsugiri|Protect\n|move|p1a: Charizard|Bulldoze|p2b: Lucario|[spread] p2a,p2b\n|-activate|p1b: Tatsugiri|move: Protect\n|-resisted|p2a: Sinistcha\n|-supereffective|p2b: Lucario\n|-damage|p2a: Sinistcha|94\/100\n|-damage|p2b: Lucario|60\/100 brn\n|-unboost|p2a: Sinistcha|spe|1\n|-unboost|p2b: Lucario|spe|1\n|move|p2b: Lucario|Drain Punch|p1b: Tatsugiri\n|-activate|p1b: Tatsugiri|move: Protect\n|\n|-heal|p2a: Sinistcha|100\/100|[from] item: Leftovers\n|-damage|p2b: Lucario|54\/100 brn|[from] brn\n|upkeep\n|turn|6\n|\n|t:|1695913145\n|move|p1a: Charizard|Will-O-Wisp|p2a: Sinistcha\n|-status|p2a: Sinistcha|brn\n|move|p2b: Lucario|Drain Punch|p1b: Tatsugiri\n|-damage|p1b: Tatsugiri|72\/100\n|-heal|p2b: Lucario|71\/100 brn|[from] drain|[of] p1b: Tatsugiri\n|move|p1b: Tatsugiri|Muddy Water|p2b: Lucario|[spread] p2b\n|-miss|p1b: Tatsugiri|p2a: Sinistcha\n|-damage|p2b: Lucario|8\/100 brn\n|move|p2a: Sinistcha|Reflect|p2a: Sinistcha\n|-sidestart|p2: zaylay|Reflect\n|\n|-heal|p1b: Tatsugiri|78\/100|[from] item: Leftovers\n|-damage|p2b: Lucario|2\/100 brn|[from] brn\n|-damage|p2a: Sinistcha|94\/100 brn|[from] brn\n|upkeep\n|turn|7\n|\n|t:|1695913158\n|switch|p1b: Serperior|Serperior, F|100\/100\n|move|p2a: Sinistcha|Rage Powder|p2a: Sinistcha\n|-singleturn|p2a: Sinistcha|move: Rage Powder\n|move|p1a: Charizard|Bulldoze|p2a: Sinistcha|[spread] p1b,p2a,p2b\n|-resisted|p1b: Serperior\n|-resisted|p2a: Sinistcha\n|-supereffective|p2b: Lucario\n|-damage|p1b: Serperior|92\/100\n|-damage|p2a: Sinistcha|90\/100 brn\n|-damage|p2b: Lucario|0 fnt\n|-boost|p1b: Serperior|spe|1\n|-unboost|p2a: Sinistcha|spe|1\n|faint|p2b: Lucario\n|\n|-heal|p1b: Serperior|98\/100|[from] item: Leftovers\n|-heal|p2a: Sinistcha|96\/100 brn|[from] item: Leftovers\n|-damage|p2a: Sinistcha|90\/100 brn|[from] brn\n|upkeep\n|\n|t:|1695913167\n|switch|p2b: Heatran|Heatran, M|63\/100\n|turn|8\n|\n|t:|1695913175\n|move|p1b: Serperior|Protect|p1b: Serperior\n|-singleturn|p1b: Serperior|Protect\n|move|p2a: Sinistcha|Rage Powder|p2a: Sinistcha\n|-singleturn|p2a: Sinistcha|move: Rage Powder\n|move|p2b: Heatran|Eruption|p1b: Serperior|[spread] p1a\n|-activate|p1b: Serperior|move: Protect\n|-resisted|p1a: Charizard\n|-damage|p1a: Charizard|60\/100\n|move|p1a: Charizard|Bulldoze|p2a: Sinistcha|[spread] p2a,p2b\n|-activate|p1b: Serperior|move: Protect\n|-resisted|p2a: Sinistcha\n|-supereffective|p2b: Heatran\n|-damage|p2a: Sinistcha|86\/100 brn\n|-damage|p2b: Heatran|26\/100\n|-unboost|p2a: Sinistcha|spe|1\n|-unboost|p2b: Heatran|spe|1\n|\n|-heal|p1b: Serperior|100\/100|[from] item: Leftovers\n|-heal|p2a: Sinistcha|92\/100 brn|[from] item: Leftovers\n|-damage|p2a: Sinistcha|86\/100 brn|[from] brn\n|upkeep\n|turn|9\n|\n|t:|1695913189\n|switch|p2b: Orthworm|Orthworm, F|100\/100\n|move|p1b: Serperior|Leaf Storm|p2a: Sinistcha\n|-resisted|p2a: Sinistcha\n|-damage|p2a: Sinistcha|58\/100 brn\n|-boost|p1b: Serperior|spa|2\n|move|p1a: Charizard|Bulldoze|p2a: Sinistcha|[spread] p1b,p2a\n|-immune|p2b: Orthworm|[from] ability: Earth Eater\n|-resisted|p1b: Serperior\n|-resisted|p2a: Sinistcha\n|-damage|p1b: Serperior|92\/100\n|-damage|p2a: Sinistcha|53\/100 brn\n|-boost|p1b: Serperior|spe|1\n|-unboost|p2a: Sinistcha|spe|1\n|move|p2a: Sinistcha|Shadow Ball|p1a: Charizard\n|-damage|p1a: Charizard|10\/100\n|\n|-heal|p1b: Serperior|98\/100|[from] item: Leftovers\n|-heal|p2a: Sinistcha|59\/100 brn|[from] item: Leftovers\n|-damage|p2a: Sinistcha|53\/100 brn|[from] brn\n|upkeep\n|turn|10\n|\n|t:|1695913216\n|switch|p1a: Blaziken|Blaziken, M|100\/100\n|move|p1b: Serperior|Leaf Storm|p2b: Orthworm\n|-resisted|p2b: Orthworm\n|-damage|p2b: Orthworm|50\/100\n|-boost|p1b: Serperior|spa|2\n|move|p2b: Orthworm|Iron Defense|p2b: Orthworm\n|-boost|p2b: Orthworm|def|2\n|move|p2a: Sinistcha|Shadow Ball|p1a: Blaziken\n|-damage|p1a: Blaziken|40\/100\n|\n|-heal|p1b: Serperior|100\/100|[from] item: Leftovers\n|-heal|p2b: Orthworm|56\/100|[from] item: Leftovers\n|-heal|p2a: Sinistcha|59\/100 brn|[from] item: Leftovers\n|-damage|p2a: Sinistcha|53\/100 brn|[from] brn\n|-sideend|p2: zaylay|Reflect\n|upkeep\n|turn|11\n|\n|t:|1695913233\n|move|p1b: Serperior|Leaf Storm|p2b: Orthworm\n|-resisted|p2b: Orthworm\n|-damage|p2b: Orthworm|0 fnt\n|-boost|p1b: Serperior|spa|2\n|faint|p2b: Orthworm\n|move|p1a: Blaziken|Flare Blitz|p2a: Sinistcha\n|-supereffective|p2a: Sinistcha\n|-damage|p2a: Sinistcha|0 fnt\n|faint|p2a: Sinistcha\n|-damage|p1a: Blaziken|20\/100|[from] Recoil\n|\n|-ability|p1a: Blaziken|Speed Boost|boost\n|-boost|p1a: Blaziken|spe|1\n|upkeep\n|\n|t:|1695913240\n|switch|p2a: Ambipom|Ambipom, M|100\/100\n|switch|p2b: Heatran|Heatran, M|26\/100\n|turn|12\n|\n|t:|1695913261\n|move|p1b: Serperior|Protect|p1b: Serperior\n|-singleturn|p1b: Serperior|Protect\n|move|p1a: Blaziken|Detect|p1a: Blaziken\n|-singleturn|p1a: Blaziken|Protect\n|move|p2b: Heatran|Flash Cannon|p1a: Blaziken\n|-activate|p1a: Blaziken|move: Protect\n|move|p2a: Ambipom|Tail Slap|p1b: Serperior\n|-activate|p1b: Serperior|move: Protect\n|\n|-ability|p1a: Blaziken|Speed Boost|boost\n|-boost|p1a: Blaziken|spe|1\n|upkeep\n|turn|13\n|\n|t:|1695913272\n|move|p1b: Serperior|Giga Drain|p2a: Ambipom\n|-damage|p2a: Ambipom|0 fnt\n|faint|p2a: Ambipom\n|move|p1a: Blaziken|Bulldoze|p2b: Heatran|[spread] p1b,p2b\n|-resisted|p1b: Serperior\n|-supereffective|p2b: Heatran\n|-damage|p1b: Serperior|91\/100\n|-damage|p2b: Heatran|0 fnt\n|-boost|p1b: Serperior|spe|1\n|faint|p2b: Heatran\n|\n|win|PunkRockObstagoon\n|raw|PunkRockObstagoon's rating: 1145 &rarr; <strong>1169<\/strong><br \/>(+24 for winning)\n|raw|zaylay's rating: 1126 &rarr; <strong>1102<\/strong><br \/>(-24 for losing)\n|l|\u2606zaylay\n","uploadtime":1695913280,"views":19,"p1id":"punkrockobstagoon","p2id":"zaylay","formatid":"gen9nationaldexdoubles","rating":1102,"private":0,"password":""}