{"id":"gen9nationaldexdoubles-1987959769","p1":"ShowerCurt","p2":"Brick_Enjoyer_144","format":"[Gen 9] National Dex Doubles","log":"|j|\u2606ShowerCurt\n|j|\u2606Brick_Enjoyer_144\n|t:|1699653306\n|gametype|doubles\n|player|p1|ShowerCurt|janitor|1314\n|player|p2|Brick_Enjoyer_144|shauntal|1107\n|teamsize|p1|6\n|teamsize|p2|6\n|gen|9\n|tier|[Gen 9] National Dex Doubles\n|rated|\n|rule|HP Percentage Mod: HP is shown in percentages\n|rule|Endless Battle Clause: Forcing endless battles is banned\n|rule|OHKO Clause: OHKO moves are banned\n|rule|Evasion Moves Clause: Evasion moves are banned\n|rule|Evasion Abilities Clause: Evasion abilities are banned\n|rule|Species Clause: Limit one of each Pok\u00e9mon\n|rule|Gravity Sleep Clause: The combination of sleep-inducing moves with imperfect accuracy and Gravity or Gigantamax Orbeetle are banned\n|clearpoke\n|poke|p1|Dodrio, M|\n|poke|p1|Illumise, F|\n|poke|p1|Sinistcha-Masterpiece|\n|poke|p1|Glimmora, F|\n|poke|p1|Rillaboom, M|\n|poke|p1|Goodra-Hisui, F|\n|poke|p2|Avalugg-Hisui, F|\n|poke|p2|Ribombee, M|\n|poke|p2|Murkrow, F|\n|poke|p2|Ninetales-Alola, M|\n|poke|p2|Gholdengo|\n|poke|p2|Heracross, M|\n|teampreview\n|inactive|Battle timer is ON: inactive players will automatically lose when time's up. (requested by ShowerCurt)\n|inactive|Brick_Enjoyer_144 also wants the timer to be on.\n|\n|t:|1699653313\n|start\n|switch|p1a: Dodrio|Dodrio, M|100\/100\n|switch|p1b: Illumise|Illumise, F, shiny|100\/100\n|switch|p2a: Ribombee|Ribombee, M|100\/100\n|switch|p2b: Ninetales|Ninetales-Alola, M|100\/100\n|-weather|Snow|[from] ability: Snow Warning|[of] p2b: Ninetales\n|turn|1\n|\n|t:|1699653327\n|move|p1b: Illumise|Tailwind|p1b: Illumise\n|-sidestart|p1: ShowerCurt|move: Tailwind\n|move|p1a: Dodrio|Brave Bird|p2a: Ribombee\n|-supereffective|p2a: Ribombee\n|-enditem|p2a: Ribombee|Focus Sash\n|-damage|p2a: Ribombee|1\/100\n|-damage|p1a: Dodrio|60\/100|[from] Recoil\n|move|p2a: Ribombee|Sticky Web|p1a: Dodrio\n|-sidestart|p1: ShowerCurt|move: Sticky Web\n|move|p2b: Ninetales|Aurora Veil|p2b: Ninetales\n|-sidestart|p2: Brick_Enjoyer_144|move: Aurora Veil\n|\n|-weather|Snow|[upkeep]\n|upkeep\n|turn|2\n|\n|t:|1699653353\n|switch|p1a: Glimmora|Glimmora, F, shiny|100\/100\n|-activate|p1a: Glimmora|move: Sticky Web\n|-unboost|p1a: Glimmora|spe|1\n|move|p1b: Illumise|Thunder Wave|p2b: Ninetales\n|-status|p2b: Ninetales|par\n|move|p2a: Ribombee|Dazzling Gleam|p1a: Glimmora|[spread] p1a,p1b\n|-resisted|p1a: Glimmora\n|-crit|p1a: Glimmora\n|-damage|p1a: Glimmora|82\/100\n|-damage|p1b: Illumise|83\/100\n|move|p2b: Ninetales|Blizzard|p1a: Glimmora|[spread] p1a,p1b\n|-damage|p1a: Glimmora|43\/100\n|-damage|p1b: Illumise|53\/100\n|\n|-weather|Snow|[upkeep]\n|upkeep\n|turn|3\n|\n|t:|1699653377\n|move|p1a: Glimmora|Spiky Shield|p1a: Glimmora\n|-singleturn|p1a: Glimmora|move: Protect\n|move|p1b: Illumise|Defog|p2b: Ninetales\n|-unboost|p2b: Ninetales|evasion|1\n|-sideend|p2: Brick_Enjoyer_144|move: Aurora Veil\n|-sideend|p1: ShowerCurt|Sticky Web|[from] move: Defog|[of] p1b: Illumise\n|move|p2a: Ribombee|Dazzling Gleam|p1b: Illumise|[spread] p1b\n|-activate|p1a: Glimmora|move: Protect\n|-damage|p1b: Illumise|35\/100\n|move|p2b: Ninetales|Blizzard|p1b: Illumise|[spread] p1b\n|-activate|p1a: Glimmora|move: Protect\n|-damage|p1b: Illumise|6\/100\n|\n|-weather|Snow|[upkeep]\n|upkeep\n|turn|4\n|\n|t:|1699653395\n|switch|p1b: Goodra|Goodra-Hisui, F, shiny|100\/100\n|move|p2a: Ribombee|Dazzling Gleam|p1a: Glimmora|[spread] p1a,p1b\n|-resisted|p1a: Glimmora\n|-damage|p1a: Glimmora|30\/100\n|-damage|p1b: Goodra|90\/100\n|move|p1a: Glimmora|Sludge Wave|p2a: Ribombee|[spread] p2a,p2b\n|-immune|p1b: Goodra\n|-supereffective|p2a: Ribombee\n|-supereffective|p2b: Ninetales\n|-damage|p2a: Ribombee|0 fnt\n|-damage|p2b: Ninetales|2\/100 par\n|faint|p2a: Ribombee\n|cant|p2b: Ninetales|par\n|\n|-weather|Snow|[upkeep]\n|-heal|p1b: Goodra|96\/100|[from] item: Leftovers\n|-sideend|p1: ShowerCurt|move: Tailwind\n|upkeep\n|inactive|Brick_Enjoyer_144 has 120 seconds left.\n|\n|t:|1699653415\n|switch|p2a: Murkrow|Murkrow, F|100\/100\n|turn|5\n|\n|t:|1699653425\n|move|p2a: Murkrow|Tailwind|p2a: Murkrow\n|-sidestart|p2: Brick_Enjoyer_144|move: Tailwind\n|move|p2b: Ninetales|Aurora Veil|p2b: Ninetales\n|-sidestart|p2: Brick_Enjoyer_144|move: Aurora Veil\n|move|p1a: Glimmora|Power Gem|p2a: Murkrow\n|-supereffective|p2a: Murkrow\n|-damage|p2a: Murkrow|51\/100\n|move|p1b: Goodra|Life Dew|p1b: Goodra|[spread] p1a,p1b\n|-heal|p1a: Glimmora|55\/100\n|-heal|p1b: Goodra|100\/100\n|\n|-weather|Snow|[upkeep]\n|upkeep\n|turn|6\n|\n|t:|1699653455\n|move|p2a: Murkrow|Foul Play|p1b: Goodra\n|-damage|p1b: Goodra|72\/100\n|move|p2b: Ninetales|Blizzard|p1a: Glimmora|[spread] p1a,p1b\n|-damage|p1a: Glimmora|17\/100\n|-damage|p1b: Goodra|55\/100\n|move|p1a: Glimmora|Sludge Wave|p2a: Murkrow|[spread] p2a,p2b\n|-immune|p1b: Goodra\n|-supereffective|p2b: Ninetales\n|-damage|p2a: Murkrow|28\/100\n|-damage|p2b: Ninetales|0 fnt\n|faint|p2b: Ninetales\n|move|p1b: Goodra|Life Dew|p1b: Goodra|[spread] p1a,p1b\n|-heal|p1a: Glimmora|42\/100\n|-heal|p1b: Goodra|80\/100\n|\n|-weather|Snow|[upkeep]\n|-heal|p1b: Goodra|86\/100|[from] item: Leftovers\n|upkeep\n|inactive|Brick_Enjoyer_144 has 120 seconds left.\n|\n|t:|1699653474\n|switch|p2b: Heracross|Heracross, M|100\/100\n|turn|7\n|\n|t:|1699653490\n|move|p1a: Glimmora|Spiky Shield|p1a: Glimmora\n|-singleturn|p1a: Glimmora|move: Protect\n|move|p2a: Murkrow|Taunt|p1b: Goodra\n|-start|p1b: Goodra|move: Taunt\n|move|p2b: Heracross|High Horsepower|p1a: Glimmora\n|-activate|p1a: Glimmora|move: Protect\n|-damage|p2b: Heracross|88\/100|[from] Spiky Shield|[of] p1a: Glimmora\n|cant|p1b: Goodra|move: Taunt|Life Dew\n|\n|-weather|Snow|[upkeep]\n|-heal|p1b: Goodra|92\/100|[from] item: Leftovers\n|-status|p2b: Heracross|brn|[from] item: Flame Orb\n|upkeep\n|turn|8\n|\n|t:|1699653513\n|switch|p1a: Rillaboom|Rillaboom, M|100\/100\n|-fieldstart|move: Grassy Terrain|[from] ability: Grassy Surge|[of] p1a: Rillaboom\n|-enditem|p1a: Rillaboom|Grassy Seed\n|-boost|p1a: Rillaboom|def|1|[from] item: Grassy Seed\n|move|p2b: Heracross|High Horsepower|p1b: Goodra\n|-supereffective|p1b: Goodra\n|-damage|p1b: Goodra|5\/100\n|move|p2a: Murkrow|Foul Play|p1b: Goodra\n|-crit|p1b: Goodra\n|-damage|p1b: Goodra|0 fnt\n|faint|p1b: Goodra\n|\n|-weather|none\n|-heal|p2b: Heracross|94\/100 brn|[from] Grassy Terrain\n|-damage|p2b: Heracross|88\/100 brn|[from] brn\n|-sideend|p2: Brick_Enjoyer_144|move: Tailwind\n|upkeep\n|\n|t:|1699653528\n|switch|p1b: Illumise|Illumise, F, shiny|6\/100\n|turn|9\n|\n|t:|1699653547\n|move|p2a: Murkrow|Tailwind|p2a: Murkrow\n|-sidestart|p2: Brick_Enjoyer_144|move: Tailwind\n|move|p1b: Illumise|Tailwind|p1b: Illumise\n|-sidestart|p1: ShowerCurt|move: Tailwind\n|move|p2b: Heracross|Facade|p1a: Rillaboom\n|-damage|p1a: Rillaboom|54\/100\n|move|p1a: Rillaboom|Acrobatics|p2b: Heracross\n|-supereffective|p2b: Heracross\n|-damage|p2b: Heracross|0 fnt\n|faint|p2b: Heracross\n|\n|-heal|p1a: Rillaboom|60\/100|[from] Grassy Terrain\n|-heal|p1b: Illumise|12\/100|[from] Grassy Terrain\n|-sideend|p2: Brick_Enjoyer_144|move: Aurora Veil\n|upkeep\n|inactive|Brick_Enjoyer_144 has 120 seconds left.\n|\n|t:|1699653568\n|switch|p2b: Avalugg|Avalugg-Hisui, F|100\/100\n|turn|10\n|\n|t:|1699653587\n|move|p1b: Illumise|Thunder Wave|p2b: Avalugg\n|-status|p2b: Avalugg|par\n|move|p2a: Murkrow|Foul Play|p1a: Rillaboom\n|-damage|p1a: Rillaboom|32\/100\n|move|p1a: Rillaboom|Bulk Up|p1a: Rillaboom\n|-boost|p1a: Rillaboom|atk|1\n|-boost|p1a: Rillaboom|def|1\n|move|p2b: Avalugg|Ice Spinner|p1b: Illumise\n|-damage|p1b: Illumise|0 fnt\n|-fieldend|move: Grassy Terrain\n|faint|p1b: Illumise\n|\n|upkeep\n|\n|t:|1699653604\n|switch|p1b: Dodrio|Dodrio, M|60\/100\n|turn|11\n|\n|t:|1699653619\n|move|p1b: Dodrio|Knock Off|p2a: Murkrow\n|-resisted|p2a: Murkrow\n|-damage|p2a: Murkrow|0 fnt\n|-enditem|p2a: Murkrow|Eviolite|[from] move: Knock Off|[of] p1b: Dodrio\n|faint|p2a: Murkrow\n|move|p1a: Rillaboom|Earthquake|p2b: Avalugg|[spread] p2b\n|-immune|p1b: Dodrio\n|-supereffective|p2b: Avalugg\n|-damage|p2b: Avalugg|61\/100 par\n|-enditem|p2b: Avalugg|Weakness Policy\n|-boost|p2b: Avalugg|atk|2|[from] item: Weakness Policy\n|-boost|p2b: Avalugg|spa|2|[from] item: Weakness Policy\n|move|p2b: Avalugg|Ice Spinner|p1b: Dodrio\n|-supereffective|p1b: Dodrio\n|-damage|p1b: Dodrio|0 fnt\n|faint|p1b: Dodrio\n|\n|upkeep\n|\n|t:|1699653635\n|switch|p1b: Sinistcha|Sinistcha-Masterpiece|100\/100\n|switch|p2a: Gholdengo|Gholdengo|100\/100\n|-heal|p1a: Rillaboom|57\/100|[from] ability: Hospitality|[of] p1b: Sinistcha\n|turn|12\n|\n|t:|1699653659\n|-terastallize|p2a: Gholdengo|Steel\n|-terastallize|p1b: Sinistcha|Dark\n|move|p2a: Gholdengo|Make It Rain|p1b: Sinistcha|[spread] p1a,p1b\n|-damage|p1a: Rillaboom|0 fnt\n|-damage|p1b: Sinistcha|54\/100\n|-unboost|p2a: Gholdengo|spa|1\n|faint|p1a: Rillaboom\n|move|p1b: Sinistcha|Shadow Ball|p2a: Gholdengo\n|-damage|p2a: Gholdengo|66\/100\n|move|p2b: Avalugg|Ice Spinner|p1b: Sinistcha\n|-damage|p1b: Sinistcha|0 fnt\n|faint|p1b: Sinistcha\n|\n|-heal|p2a: Gholdengo|72\/100|[from] item: Leftovers\n|-sideend|p1: ShowerCurt|move: Tailwind\n|-sideend|p2: Brick_Enjoyer_144|move: Tailwind\n|upkeep\n|inactive|ShowerCurt has 120 seconds left.\n|\n|t:|1699653675\n|switch|p1b: Glimmora|Glimmora, F, shiny|42\/100\n|turn|13\n|-message|ShowerCurt forfeited.\n|\n|win|Brick_Enjoyer_144\n|raw|ShowerCurt's rating: 1314 &rarr; <strong>1283<\/strong><br \/>(-31 for losing)\n|raw|Brick_Enjoyer_144's rating: 1107 &rarr; <strong>1145<\/strong><br \/>(+38 for winning)\n|l|\u2606ShowerCurt\n","uploadtime":1699653685,"views":6,"p1id":"showercurt","p2id":"brickenjoyer144","formatid":"gen9nationaldexdoubles","rating":1145,"private":0,"password":""}