{"id":"gen9nationaldexdoubles-1962056034","p1":"SammySs","p2":"El_Gran_Wigglytuff","format":"[Gen 9] National Dex Doubles","log":"|j|\u2606SammySs\n|j|\u2606El_Gran_Wigglytuff\n|t:|1696702828\n|gametype|doubles\n|player|p1|SammySs|lance|\n|player|p2|El_Gran_Wigglytuff|benga|\n|teamsize|p1|6\n|teamsize|p2|6\n|gen|9\n|tier|[Gen 9] National Dex Doubles\n|rule|HP Percentage Mod: HP is shown in percentages\n|rule|Endless Battle Clause: Forcing endless battles is banned\n|rule|OHKO Clause: OHKO moves are banned\n|rule|Evasion Moves Clause: Evasion moves are banned\n|rule|Evasion Abilities Clause: Evasion abilities are banned\n|rule|Species Clause: Limit one of each Pok\u00e9mon\n|rule|Gravity Sleep Clause: The combination of sleep-inducing moves with imperfect accuracy and Gravity or Gigantamax Orbeetle are banned\n|clearpoke\n|poke|p1|Flutter Mane|\n|poke|p1|Basculegion-F, F|\n|poke|p1|Ceruledge, M|\n|poke|p1|Skeledirge, F|\n|poke|p1|Typhlosion-Hisui, M|\n|poke|p1|Gholdengo|\n|poke|p2|Salamence, F|\n|poke|p2|Thundurus-Therian, M|\n|poke|p2|Tornadus, M|\n|poke|p2|Pelipper, M|\n|poke|p2|Landorus, M|\n|poke|p2|Zapdos-Galar|\n|teampreview\n|\n|t:|1696702868\n|start\n|switch|p1a: Skeledirge|Skeledirge, F|100\/100\n|switch|p1b: Flutter Mane|Flutter Mane|100\/100\n|switch|p2a: Lluvia en Sevilla|Pelipper, M|100\/100\n|switch|p2b: 3 son mejor que 1|Tornadus, M|100\/100\n|-weather|RainDance|[from] ability: Drizzle|[of] p2a: Lluvia en Sevilla\n|-enditem|p1b: Flutter Mane|Booster Energy\n|-activate|p1b: Flutter Mane|ability: Protosynthesis|[fromitem]\n|-start|p1b: Flutter Mane|protosynthesisspe\n|turn|1\n|\n|t:|1696702905\n|move|p2b: 3 son mejor que 1|Tailwind|p2b: 3 son mejor que 1\n|-sidestart|p2: El_Gran_Wigglytuff|move: Tailwind\n|move|p1b: Flutter Mane|Shadow Ball|p2b: 3 son mejor que 1\n|-damage|p2b: 3 son mejor que 1|47\/100\n|-unboost|p2b: 3 son mejor que 1|spd|1\n|move|p2a: Lluvia en Sevilla|Scald|p1a: Skeledirge\n|-supereffective|p1a: Skeledirge\n|-damage|p1a: Skeledirge|38\/100\n|move|p1a: Skeledirge|Torch Song|p2a: Lluvia en Sevilla\n|-resisted|p2a: Lluvia en Sevilla\n|-damage|p2a: Lluvia en Sevilla|89\/100\n|-boost|p1a: Skeledirge|spa|1\n|\n|-weather|RainDance|[upkeep]\n|upkeep\n|turn|2\n|j| XMarcosPr710\n|\n|t:|1696702929\n|move|p2b: 3 son mejor que 1|Protect|p2b: 3 son mejor que 1\n|-singleturn|p2b: 3 son mejor que 1|Protect\n|move|p1b: Flutter Mane|Shadow Ball|p2b: 3 son mejor que 1\n|-activate|p2b: 3 son mejor que 1|move: Protect\n|move|p2a: Lluvia en Sevilla|Scald|p1a: Skeledirge\n|-supereffective|p1a: Skeledirge\n|-damage|p1a: Skeledirge|0 fnt\n|faint|p1a: Skeledirge\n|\n|-weather|RainDance|[upkeep]\n|upkeep\n|\n|t:|1696702937\n|switch|p1a: Basculegion|Basculegion-F, F|100\/100\n|turn|3\n|\n|t:|1696702970\n|move|p2b: 3 son mejor que 1|Bleakwind Storm|p1a: Basculegion|[spread] p1a,p1b\n|-damage|p1a: Basculegion|55\/100\n|-damage|p1b: Flutter Mane|70\/100\n|move|p1b: Flutter Mane|Shadow Ball|p2a: Lluvia en Sevilla\n|-damage|p2a: Lluvia en Sevilla|33\/100\n|-unboost|p2a: Lluvia en Sevilla|spd|1\n|move|p1a: Basculegion|Shadow Ball|p2b: 3 son mejor que 1\n|-damage|p2b: 3 son mejor que 1|0 fnt\n|faint|p2b: 3 son mejor que 1\n|move|p2a: Lluvia en Sevilla|Scald|p1b: Flutter Mane\n|-crit|p1b: Flutter Mane\n|-damage|p1b: Flutter Mane|21\/100\n|\n|-weather|RainDance|[upkeep]\n|upkeep\n|\n|t:|1696702985\n|switch|p2b: Rayo McQueen|Thundurus-Therian, M|100\/100\n|turn|4\n|\n|t:|1696703001\n|move|p1b: Flutter Mane|Protect|p1b: Flutter Mane\n|-singleturn|p1b: Flutter Mane|Protect\n|move|p2b: Rayo McQueen|Wildbolt Storm|p1a: Basculegion|[spread] p1a\n|-activate|p1b: Flutter Mane|move: Protect\n|-supereffective|p1a: Basculegion\n|-damage|p1a: Basculegion|0 fnt\n|faint|p1a: Basculegion\n|-damage|p2b: Rayo McQueen|91\/100|[from] item: Life Orb\n|move|p2a: Lluvia en Sevilla|Scald|p1b: Flutter Mane\n|-activate|p1b: Flutter Mane|move: Protect\n|\n|-weather|RainDance|[upkeep]\n|-sideend|p2: El_Gran_Wigglytuff|move: Tailwind\n|upkeep\n|\n|t:|1696703021\n|switch|p1a: Gholdengo|Gholdengo|100\/100\n|turn|5\n|\n|t:|1696703030\n|move|p1b: Flutter Mane|Shadow Ball|p2b: Rayo McQueen\n|-damage|p2b: Rayo McQueen|42\/100\n|-unboost|p2b: Rayo McQueen|spd|1\n|move|p2b: Rayo McQueen|Wildbolt Storm|p1b: Flutter Mane|[spread] p1a,p1b\n|-damage|p1a: Gholdengo|41\/100\n|-damage|p1b: Flutter Mane|0 fnt\n|faint|p1b: Flutter Mane\n|-end|p1b: Flutter Mane|Protosynthesis|[silent]\n|-damage|p2b: Rayo McQueen|33\/100|[from] item: Life Orb\n|move|p1a: Gholdengo|Make It Rain|p2a: Lluvia en Sevilla|[spread] p2a,p2b\n|-resisted|p2a: Lluvia en Sevilla\n|-resisted|p2b: Rayo McQueen\n|-damage|p2a: Lluvia en Sevilla|0 fnt\n|-damage|p2b: Rayo McQueen|0 fnt\n|-unboost|p1a: Gholdengo|spa|1\n|faint|p2a: Lluvia en Sevilla\n|faint|p2b: Rayo McQueen\n|-damage|p1a: Gholdengo|31\/100|[from] item: Life Orb\n|\n|-weather|RainDance|[upkeep]\n|upkeep\n|\n|t:|1696703047\n|switch|p1b: Ceruledge|Ceruledge, M|100\/100\n|switch|p2b: Es su mejor forma|Landorus, M|100\/100\n|switch|p2a: Buenos d\u00edas|Salamence, F|100\/100\n|-ability|p2a: Buenos d\u00edas|Intimidate|boost\n|-unboost|p1a: Gholdengo|atk|1\n|-fail|p1b: Ceruledge|unboost|[from] item: Clear Amulet|[of] p1b: Ceruledge\n|turn|6\n|c| XMarcosPr710|Lando-T>>>\n|\n|t:|1696703065\n|switch|p1a: Typhlosion|Typhlosion-Hisui, M|100\/100\n|-item|p2a: Buenos d\u00edas|Salamencite|[from] ability: Frisk|[of] p1a: Typhlosion|[identify]\n|-item|p2b: Es su mejor forma|Life Orb|[from] ability: Frisk|[of] p1a: Typhlosion|[identify]\n|detailschange|p2a: Buenos d\u00edas|Salamence-Mega, F\n|-mega|p2a: Buenos d\u00edas|Salamence|Salamencite\n|-terastallize|p1b: Ceruledge|Steel\n|move|p2a: Buenos d\u00edas|Protect|p2a: Buenos d\u00edas\n|-singleturn|p2a: Buenos d\u00edas|Protect\n|move|p2b: Es su mejor forma|Sandsear Storm|p1a: Typhlosion|[spread] p1a,p1b\n|-supereffective|p1a: Typhlosion\n|-supereffective|p1b: Ceruledge\n|-damage|p1a: Typhlosion|0 fnt\n|-damage|p1b: Ceruledge|0 fnt\n|faint|p1a: Typhlosion\n|faint|p1b: Ceruledge\n|\n|-weather|RainDance|[upkeep]\n|upkeep\n|\n|t:|1696703081\n|switch|p1a: Gholdengo|Gholdengo|31\/100\n|turn|7\n|\n|t:|1696703095\n|move|p2a: Buenos d\u00edas|Dragon Claw|p1a: Gholdengo\n|-resisted|p1a: Gholdengo\n|-damage|p1a: Gholdengo|5\/100\n|move|p2b: Es su mejor forma|Sandsear Storm|p1a: Gholdengo\n|-supereffective|p1a: Gholdengo\n|-damage|p1a: Gholdengo|0 fnt\n|faint|p1a: Gholdengo\n|\n|win|El_Gran_Wigglytuff\n","uploadtime":1696703102,"views":9,"p1id":"sammyss","p2id":"elgranwigglytuff","formatid":"gen9nationaldexdoubles","rating":0,"private":0,"password":""}