{"id":"gen9nationaldexdoubles-1997605359","p1":"13KStephen","p2":"Mr Green Tea","format":"[Gen 9] National Dex Doubles","log":"|j|\u260613KStephen\n|j|\u2606Mr Green Tea\n|t:|1700831999\n|gametype|doubles\n|player|p1|13KStephen|lucas|1312\n|player|p2|Mr Green Tea|burglar|1079\n|teamsize|p1|6\n|teamsize|p2|6\n|gen|9\n|tier|[Gen 9] National Dex Doubles\n|rated|\n|rule|HP Percentage Mod: HP is shown in percentages\n|rule|Endless Battle Clause: Forcing endless battles is banned\n|rule|OHKO Clause: OHKO moves are banned\n|rule|Evasion Moves Clause: Evasion moves are banned\n|rule|Evasion Abilities Clause: Evasion abilities are banned\n|rule|Species Clause: Limit one of each Pok\u00e9mon\n|rule|Gravity Sleep Clause: The combination of sleep-inducing moves with imperfect accuracy and Gravity or Gigantamax Orbeetle are banned\n|clearpoke\n|poke|p1|Absol, F|\n|poke|p1|Slowbro, M|\n|poke|p1|Aegislash, F|\n|poke|p1|Magmortar, F|\n|poke|p1|Murkrow, M|\n|poke|p1|Serperior, M|\n|poke|p2|Landorus-Therian, M|\n|poke|p2|Grimmsnarl, M|\n|poke|p2|Orthworm, M|\n|poke|p2|Ogerpon-Wellspring, F|\n|poke|p2|Iron Hands|\n|poke|p2|Sinistcha|\n|teampreview\n|\n|t:|1700832035\n|start\n|switch|p1a: Maggie|Magmortar, F|100\/100\n|switch|p1b: Brutus|Serperior, M|100\/100\n|switch|p2a: Grimmsnarl|Grimmsnarl, M|100\/100\n|switch|p2b: Sinistcha|Sinistcha|100\/100\n|turn|1\n|inactive|Battle timer is ON: inactive players will automatically lose when time's up. (requested by 13KStephen)\n|\n|t:|1700832075\n|switch|p2b: Landorus|Landorus-Therian, M|100\/100\n|-ability|p2b: Landorus|Intimidate|boost\n|-unboost|p1a: Maggie|atk|1\n|-boost|p1b: Brutus|atk|1\n|move|p2a: Grimmsnarl|Light Screen|p2a: Grimmsnarl\n|-sidestart|p2: Mr Green Tea|move: Light Screen\n|move|p1a: Maggie|Flamethrower|p2b: Landorus\n|-damage|p2b: Landorus|54\/100\n|move|p1b: Brutus|Leech Seed|p2a: Grimmsnarl\n|-start|p2a: Grimmsnarl|move: Leech Seed\n|\n|-damage|p2a: Grimmsnarl|88\/100|[from] Leech Seed|[of] p1b: Brutus\n|upkeep\n|turn|2\n|\n|t:|1700832103\n|move|p2a: Grimmsnarl|Parting Shot|p1a: Maggie\n|-unboost|p1a: Maggie|atk|1\n|-unboost|p1a: Maggie|spa|1\n|inactive|Mr Green Tea has 120 seconds left.\n|\n|t:|1700832134\n|switch|p2a: Iron Hands|Iron Hands|100\/100|[from] Parting Shot\n|move|p2b: Landorus|Rock Slide|p1a: Maggie|[spread] p1a,p1b\n|-supereffective|p1a: Maggie\n|-damage|p1a: Maggie|32\/100\n|-damage|p1b: Brutus|78\/100\n|move|p1a: Maggie|Flamethrower|p2b: Landorus\n|-damage|p2b: Landorus|25\/100\n|move|p1b: Brutus|Hidden Power|p2b: Landorus\n|-supereffective|p2b: Landorus\n|-damage|p2b: Landorus|0 fnt\n|faint|p2b: Landorus\n|\n|upkeep\n|\n|t:|1700832149\n|switch|p2b: Ogerpon|Ogerpon-Wellspring, F|100\/100\n|turn|3\n|\n|t:|1700832172\n|switch|p1a: Odie|Slowbro, M|100\/100\n|switch|p1b: Lucky|Murkrow, M|100\/100\n|move|p2a: Iron Hands|Fake Out|p1b: Lucky\n|-damage|p1b: Lucky|60\/100\n|move|p2b: Ogerpon|Swords Dance|p2b: Ogerpon\n|-boost|p2b: Ogerpon|atk|2\n|\n|upkeep\n|turn|4\n|inactive|Mr Green Tea has 120 seconds left.\n|\n|t:|1700832195\n|move|p1b: Lucky|Haze|p1b: Lucky\n|-clearallboost\n|move|p2b: Ogerpon|Horn Leech|p1a: Odie\n|-supereffective|p1a: Odie\n|-damage|p1a: Odie|32\/100\n|move|p2a: Iron Hands|Wild Charge|p1a: Odie\n|-supereffective|p1a: Odie\n|-damage|p1a: Odie|0 fnt\n|faint|p1a: Odie\n|-damage|p2a: Iron Hands|94\/100|[from] Recoil\n|\n|upkeep\n|inactive|13KStephen has 120 seconds left.\n|\n|t:|1700832227\n|switch|p1a: Chloe|Absol, F|100\/100\n|turn|5\n|\n|t:|1700832237\n|move|p1a: Chloe|Protect|p1a: Chloe\n|-singleturn|p1a: Chloe|Protect\n|move|p2b: Ogerpon|Ivy Cudgel|p1a: Chloe|[anim] Ivy Cudgel Water\n|-activate|p1a: Chloe|move: Protect\n|move|p1b: Lucky|Drill Peck|p2b: Ogerpon\n|-supereffective|p2b: Ogerpon\n|-damage|p2b: Ogerpon|20\/100\n|move|p2a: Iron Hands|Drain Punch|p1a: Chloe\n|-activate|p1a: Chloe|move: Protect\n|\n|upkeep\n|turn|6\n|\n|t:|1700832276\n|switch|p2b: Orthworm|Orthworm, M|100\/100\n|move|p1b: Lucky|Tailwind|p1b: Lucky\n|-sidestart|p1: 13KStephen|move: Tailwind\n|move|p1a: Chloe|Sucker Punch||[still]\n|-fail|p1a: Chloe\n|move|p2a: Iron Hands|Drain Punch|p1a: Chloe\n|-supereffective|p1a: Chloe\n|-crit|p1a: Chloe\n|-damage|p1a: Chloe|0 fnt\n|-heal|p2a: Iron Hands|100\/100|[from] drain|[of] p1a: Chloe\n|faint|p1a: Chloe\n|\n|upkeep\n|inactive|13KStephen has 120 seconds left.\n|\n|t:|1700832314\n|switch|p1a: Viv|Aegislash, F|100\/100\n|turn|7\n|\n|t:|1700832341\n|move|p1a: Viv|King's Shield|p1a: Viv\n|-singleturn|p1a: Viv|Protect\n|move|p1b: Lucky|Drill Peck|p2a: Iron Hands\n|-damage|p2a: Iron Hands|78\/100\n|move|p2b: Orthworm|Shed Tail|p2b: Orthworm\n|-start|p2b: Orthworm|Substitute|[from] move: Shed Tail\n|-damage|p2b: Orthworm|50\/100\n|-enditem|p2b: Orthworm|Sitrus Berry|[eat]\n|-heal|p2b: Orthworm|75\/100|[from] item: Sitrus Berry\n|\n|t:|1700832353\n|switch|p2b: Ogerpon|Ogerpon-Wellspring, F|20\/100|[from] Shed Tail\n|move|p2a: Iron Hands|Wild Charge|p1a: Viv\n|-activate|p1a: Viv|move: Protect\n|-unboost|p2a: Iron Hands|atk|1\n|\n|upkeep\n|turn|8\n|inactive|13KStephen has 120 seconds left.\n|\n|t:|1700832367\n|-end|p2a: Iron Hands|Quark Drive|[silent]\n|switch|p2a: Sinistcha|Sinistcha|100\/100\n|-heal|p2b: Ogerpon|45\/100|[from] ability: Hospitality|[of] p2a: Sinistcha\n|move|p1b: Lucky|Sucker Punch|p2b: Ogerpon\n|-end|p2b: Ogerpon|Substitute\n|-formechange|p1a: Viv|Aegislash-Blade||[from] ability: Stance Change\n|move|p1a: Viv|Shadow Sneak|p2b: Ogerpon\n|-damage|p2b: Ogerpon|16\/100\n|move|p2b: Ogerpon|Knock Off|p1a: Viv\n|-supereffective|p1a: Viv\n|-damage|p1a: Viv|0 fnt\n|-enditem|p1a: Viv|Clear Amulet|[from] move: Knock Off|[of] p2b: Ogerpon\n|faint|p1a: Viv\n|\n|-sideend|p2: Mr Green Tea|move: Light Screen\n|upkeep\n|\n|t:|1700832385\n|switch|p1a: Maggie|Magmortar, F|32\/100\n|turn|9\n|\n|t:|1700832396\n|move|p1b: Lucky|Sucker Punch|p2b: Ogerpon\n|-damage|p2b: Ogerpon|0 fnt\n|faint|p2b: Ogerpon\n|move|p1a: Maggie|Flamethrower|p2a: Sinistcha\n|-supereffective|p2a: Sinistcha\n|-damage|p2a: Sinistcha|0 fnt\n|faint|p2a: Sinistcha\n|\n|-sideend|p1: 13KStephen|move: Tailwind\n|upkeep\n|\n|t:|1700832403\n|switch|p2b: Iron Hands|Iron Hands|78\/100\n|switch|p2a: Grimmsnarl|Grimmsnarl, M|88\/100\n|turn|10\n|\n|t:|1700832428\n|switch|p1a: Brutus|Serperior, M|78\/100\n|move|p2a: Grimmsnarl|Light Screen|p2a: Grimmsnarl\n|-sidestart|p2: Mr Green Tea|move: Light Screen\n|move|p1b: Lucky|Drill Peck|p2b: Iron Hands\n|-damage|p2b: Iron Hands|55\/100\n|move|p2b: Iron Hands|Drain Punch|p1a: Brutus\n|-damage|p1a: Brutus|33\/100\n|-heal|p2b: Iron Hands|70\/100|[from] drain|[of] p1a: Brutus\n|\n|upkeep\n|turn|11\n|inactive|13KStephen has 120 seconds left.\n|\n|t:|1700832475\n|-terastallize|p1a: Brutus|Grass\n|move|p2a: Grimmsnarl|Reflect|p2a: Grimmsnarl\n|-sidestart|p2: Mr Green Tea|Reflect\n|move|p1a: Brutus|Giga Drain|p2b: Iron Hands\n|-damage|p2b: Iron Hands|60\/100\n|-heal|p1a: Brutus|41\/100|[from] drain|[of] p2b: Iron Hands\n|move|p1b: Lucky|Drill Peck|p2b: Iron Hands\n|-damage|p2b: Iron Hands|46\/100\n|move|p2b: Iron Hands|Drain Punch|p1a: Brutus\n|-damage|p1a: Brutus|0 fnt\n|-heal|p2b: Iron Hands|59\/100|[from] drain|[of] p1a: Brutus\n|faint|p1a: Brutus\n|\n|upkeep\n|\n|t:|1700832487\n|switch|p1a: Maggie|Magmortar, F|32\/100\n|turn|12\n|inactive|13KStephen has 120 seconds left.\n|\n|t:|1700832498\n|move|p2a: Grimmsnarl|Parting Shot|p1a: Maggie\n|-unboost|p1a: Maggie|atk|1\n|-unboost|p1a: Maggie|spa|1\n|\n|t:|1700832502\n|switch|p2a: Orthworm|Orthworm, M|75\/100|[from] Parting Shot\n|move|p1a: Maggie|Flamethrower|p2b: Iron Hands\n|-damage|p2b: Iron Hands|47\/100\n|move|p1b: Lucky|Drill Peck|p2b: Iron Hands\n|-damage|p2b: Iron Hands|31\/100\n|move|p2b: Iron Hands|Drain Punch|p1a: Maggie\n|-damage|p1a: Maggie|0 fnt\n|-heal|p2b: Iron Hands|42\/100|[from] drain|[of] p1a: Maggie\n|faint|p1a: Maggie\n|\n|upkeep\n|turn|13\n|inactive|13KStephen has 120 seconds left.\n|-message|13KStephen forfeited.\n|\n|win|Mr Green Tea\n|raw|13KStephen's rating: 1312 &rarr; <strong>1280<\/strong><br \/>(-32 for losing)\n|raw|Mr Green Tea's rating: 1079 &rarr; <strong>1124<\/strong><br \/>(+45 for winning)\n|l|\u260613KStephen\n","uploadtime":1700832572,"views":8,"p1id":"13kstephen","p2id":"mrgreentea","formatid":"gen9nationaldexdoubles","rating":1124,"private":0,"password":""}