{"id":"gen9nationaldexdoubles-1963137650","p1":"bignutta","p2":"Denvah_17","format":"[Gen 9] National Dex Doubles","log":"|j|\u2606bignutta\n|j|\u2606Denvah_17\n|t:|1696831951\n|gametype|doubles\n|player|p1|bignutta|brycenman|1017\n|player|p2|Denvah_17|alder|1190\n|teamsize|p1|6\n|teamsize|p2|6\n|gen|9\n|tier|[Gen 9] National Dex Doubles\n|rated|\n|rule|HP Percentage Mod: HP is shown in percentages\n|rule|Endless Battle Clause: Forcing endless battles is banned\n|rule|OHKO Clause: OHKO moves are banned\n|rule|Evasion Moves Clause: Evasion moves are banned\n|rule|Evasion Abilities Clause: Evasion abilities are banned\n|rule|Species Clause: Limit one of each Pok\u00e9mon\n|rule|Gravity Sleep Clause: The combination of sleep-inducing moves with imperfect accuracy and Gravity or Gigantamax Orbeetle are banned\n|clearpoke\n|poke|p1|Enamorus, F|\n|poke|p1|Grafaiai, F|\n|poke|p1|Slaking, F|\n|poke|p1|Tauros-Paldea-Blaze, M|\n|poke|p1|Clefable, M|\n|poke|p1|Slowbro-Galar, M|\n|poke|p2|Sinistcha-Masterpiece|\n|poke|p2|Enamorus, F|\n|poke|p2|Volcanion|\n|poke|p2|Scizor, F|\n|poke|p2|Okidogi, M|\n|poke|p2|Ursaluna-Bloodmoon, M|\n|teampreview\n|inactive|Battle timer is ON: inactive players will automatically lose when time's up. (requested by bignutta)\n|\n|t:|1696831967\n|start\n|switch|p1a: Slaking|Slaking, F|100\/100\n|switch|p1b: Grafaiai|Grafaiai, F|100\/100\n|switch|p2a: Sonria|Enamorus, F|100\/100\n|switch|p2b: Grass Latte|Sinistcha-Masterpiece|100\/100\n|turn|1\n|\n|t:|1696831985\n|move|p1b: Grafaiai|Doodle|p2a: Sonria\n|-endability|p1a: Slaking|Truant|[from] move: Doodle\n|-ability|p1a: Slaking|Contrary|[from] move: Doodle\n|-block|p1b: Grafaiai|item: Ability Shield\n|move|p2a: Sonria|Superpower|p1a: Slaking\n|-supereffective|p1a: Slaking\n|-damage|p1a: Slaking|38\/100\n|-boost|p2a: Sonria|atk|1\n|-boost|p2a: Sonria|def|1\n|move|p1a: Slaking|Return|p2a: Sonria\n|-damage|p2a: Sonria|0 fnt\n|faint|p2a: Sonria\n|move|p2b: Grass Latte|Strength Sap|p1a: Slaking\n|-boost|p1a: Slaking|atk|1\n|\n|upkeep\n|\n|t:|1696831999\n|switch|p2a: Sudafed|Scizor, F|100\/100\n|turn|2\n|\n|t:|1696832016\n|detailschange|p2a: Sudafed|Scizor-Mega, F\n|-mega|p2a: Sudafed|Scizor|Scizorite\n|move|p1b: Grafaiai|Leer|p2a: Sudafed|[spread] p2a,p2b\n|-unboost|p2a: Sudafed|def|1\n|-unboost|p2b: Grass Latte|def|1\n|move|p2a: Sudafed|Bullet Punch|p1a: Slaking\n|-damage|p1a: Slaking|11\/100\n|move|p1a: Slaking|Return|p2a: Sudafed\n|-resisted|p2a: Sudafed\n|-damage|p2a: Sudafed|25\/100\n|move|p2b: Grass Latte|Calm Mind|p2b: Grass Latte\n|-boost|p2b: Grass Latte|spa|1\n|-boost|p2b: Grass Latte|spd|1\n|\n|upkeep\n|turn|3\n|\n|t:|1696832042\n|move|p1b: Grafaiai|Parting Shot|p1a: Slaking\n|-boost|p1a: Slaking|atk|1\n|-boost|p1a: Slaking|spa|1\n|\n|t:|1696832049\n|switch|p1b: Tauros|Tauros-Paldea-Blaze, M|100\/100|[from] Parting Shot\n|-ability|p1b: Tauros|Intimidate|boost\n|-unboost|p2a: Sudafed|atk|1\n|-unboost|p2b: Grass Latte|atk|1\n|move|p2a: Sudafed|Bullet Punch|p1a: Slaking\n|-damage|p1a: Slaking|0 fnt\n|faint|p1a: Slaking\n|move|p2b: Grass Latte|Strength Sap|p1b: Tauros\n|-unboost|p1b: Tauros|atk|1\n|\n|upkeep\n|inactive|bignutta has 120 seconds left.\n|\n|t:|1696832067\n|switch|p1a: Clefable|Clefable, M|100\/100\n|turn|4\n|inactive|bignutta has 120 seconds left.\n|\n|t:|1696832094\n|switch|p1b: Enamorus|Enamorus, F|100\/100\n|move|p2a: Sudafed|Swords Dance|p2a: Sudafed\n|-boost|p2a: Sudafed|atk|2\n|move|p2b: Grass Latte|Matcha Gotcha|p1a: Clefable|[spread] p1a,p1b\n|-resisted|p1b: Enamorus\n|-damage|p1a: Clefable|86\/100\n|-damage|p1b: Enamorus|84\/100\n|move|p1a: Clefable|Stealth Rock|p2b: Grass Latte\n|-sidestart|p2: Denvah_17|move: Stealth Rock\n|\n|upkeep\n|turn|5\n|\n|t:|1696832118\n|move|p1a: Clefable|Follow Me|p1a: Clefable\n|-singleturn|p1a: Clefable|move: Follow Me\n|move|p2a: Sudafed|Bullet Punch|p1a: Clefable\n|-supereffective|p1a: Clefable\n|-damage|p1a: Clefable|0 fnt\n|-damage|p2a: Sudafed|8\/100|[from] item: Rocky Helmet|[of] p1a: Clefable\n|faint|p1a: Clefable\n|move|p1b: Enamorus|Mystical Fire|p2a: Sudafed\n|-supereffective|p2a: Sudafed\n|-damage|p2a: Sudafed|0 fnt\n|faint|p2a: Sudafed\n|move|p2b: Grass Latte|Matcha Gotcha|p1b: Enamorus\n|-resisted|p1b: Enamorus\n|-damage|p1b: Enamorus|60\/100\n|\n|upkeep\n|\n|t:|1696832134\n|switch|p2a: Dogecoin|Okidogi, M|100\/100\n|switch|p1a: Grafaiai|Grafaiai, F|100\/100\n|-damage|p2a: Dogecoin|94\/100|[from] Stealth Rock\n|turn|6\n|\n|t:|1696832158\n|-terastallize|p1b: Enamorus|Ground\n|move|p1a: Grafaiai|Parting Shot|p1b: Enamorus\n|-boost|p1b: Enamorus|atk|1\n|-boost|p1b: Enamorus|spa|1\n|\n|t:|1696832165\n|switch|p1a: Tauros|Tauros-Paldea-Blaze, M|100\/100|[from] Parting Shot\n|-ability|p1a: Tauros|Intimidate|boost\n|-ability|p2a: Dogecoin|Guard Dog|boost\n|-boost|p2a: Dogecoin|atk|1\n|-unboost|p2b: Grass Latte|atk|1\n|move|p1b: Enamorus|Mystical Fire|p2b: Grass Latte\n|-supereffective|p2b: Grass Latte\n|-damage|p2b: Grass Latte|43\/100\n|-unboost|p2b: Grass Latte|spa|1\n|-enditem|p2b: Grass Latte|Weakness Policy\n|-boost|p2b: Grass Latte|atk|2|[from] item: Weakness Policy\n|-boost|p2b: Grass Latte|spa|2|[from] item: Weakness Policy\n|move|p2a: Dogecoin|Gunk Shot|p1b: Enamorus\n|-resisted|p1b: Enamorus\n|-damage|p1b: Enamorus|0 fnt\n|faint|p1b: Enamorus\n|move|p2b: Grass Latte|Calm Mind|p2b: Grass Latte\n|-boost|p2b: Grass Latte|spa|1\n|-boost|p2b: Grass Latte|spd|1\n|\n|upkeep\n|inactive|bignutta has 120 seconds left.\n|\n|t:|1696832186\n|switch|p1b: Slowbro|Slowbro-Galar, M|100\/100\n|turn|7\n|c|\u2606Denvah_17|!weakness Blaziken\n|c| Denvah_17|\/raw <div class=\"infobox\">Blaziken (ignoring abilities):<br \/><span class=\"message-effect-weak\">Weaknesses<\/span>: Flying, Ground, Psychic, Water<br \/><span class=\"message-effect-resist\">Resistances<\/span>: <b>Bug<\/b>, Dark, Fire, Grass, Ice, Steel<br \/><span class=\"message-effect-immune\">Immunities<\/span>: Burn<\/div>\n|inactive|Denvah_17 has 120 seconds left.\n|\n|t:|1696832221\n|move|p1a: Tauros|Outrage|p2b: Grass Latte\n|-damage|p2b: Grass Latte|0 fnt\n|faint|p2b: Grass Latte\n|move|p2a: Dogecoin|Gunk Shot|p1a: Tauros\n|-damage|p1a: Tauros|0 fnt\n|faint|p1a: Tauros\n|move|p1b: Slowbro|Gunk Shot|p2a: Dogecoin|[miss]\n|-miss|p1b: Slowbro|p2a: Dogecoin\n|\n|upkeep\n|\n|t:|1696832234\n|switch|p1a: Grafaiai|Grafaiai, F|100\/100\n|switch|p2b: Xi Jinping|Ursaluna-Bloodmoon, M|100\/100\n|-damage|p2b: Xi Jinping|95\/100|[from] Stealth Rock\n|turn|8\n|-activate|p1b: Slowbro|ability: Quick Draw\n|\n|t:|1696832258\n|move|p1a: Grafaiai|Leer|p2b: Xi Jinping|[spread] p2a,p2b\n|-unboost|p2a: Dogecoin|def|1\n|-unboost|p2b: Xi Jinping|def|1\n|move|p1b: Slowbro|Body Press|p2b: Xi Jinping\n|-supereffective|p2b: Xi Jinping\n|-damage|p2b: Xi Jinping|54\/100\n|move|p2a: Dogecoin|Drain Punch|p1a: Grafaiai\n|-damage|p1a: Grafaiai|7\/100\n|-heal|p2a: Dogecoin|100\/100|[from] drain|[of] p1a: Grafaiai\n|move|p2b: Xi Jinping|Earth Power|p1b: Slowbro\n|-supereffective|p1b: Slowbro\n|-damage|p1b: Slowbro|0 fnt\n|faint|p1b: Slowbro\n|\n|-heal|p2b: Xi Jinping|60\/100|[from] item: Leftovers\n|upkeep\n|turn|9\n|-message|bignutta forfeited.\n|\n|win|Denvah_17\n|raw|bignutta's rating: 1017 &rarr; <strong>1010<\/strong><br \/>(-7 for losing)\n|raw|Denvah_17's rating: 1190 &rarr; <strong>1203<\/strong><br \/>(+13 for winning)\n|l|\u2606bignutta\n","uploadtime":1696832279,"views":11,"p1id":"bignutta","p2id":"denvah17","formatid":"gen9nationaldexdoubles","rating":1010,"private":0,"password":""}