{"id":"gen9nationaldexdoubles-1982149233","p1":"ChefSkully","p2":"AdvancedDigit","format":"[Gen 9] National Dex Doubles","log":"|j|\u2606ChefSkully\n|j|\u2606AdvancedDigit\n|t:|1698972928\n|gametype|doubles\n|player|p1|ChefSkully|psychic-lgpe|1376\n|player|p2|AdvancedDigit|nate|1385\n|teamsize|p1|6\n|teamsize|p2|6\n|gen|9\n|tier|[Gen 9] National Dex Doubles\n|rated|\n|rule|HP Percentage Mod: HP is shown in percentages\n|rule|Endless Battle Clause: Forcing endless battles is banned\n|rule|OHKO Clause: OHKO moves are banned\n|rule|Evasion Moves Clause: Evasion moves are banned\n|rule|Evasion Abilities Clause: Evasion abilities are banned\n|rule|Species Clause: Limit one of each Pok\u00e9mon\n|rule|Gravity Sleep Clause: The combination of sleep-inducing moves with imperfect accuracy and Gravity or Gigantamax Orbeetle are banned\n|clearpoke\n|poke|p1|Shuckle, F|\n|poke|p1|Stakataka|\n|poke|p1|Farigiraf, M|\n|poke|p1|Sinistcha|\n|poke|p1|Ursaluna-Bloodmoon, M|\n|poke|p1|Cresselia, F|\n|poke|p2|Lilligant-Hisui, F|\n|poke|p2|Grafaiai, M|\n|poke|p2|Malamar, F|\n|poke|p2|Indeedee-F, F|\n|poke|p2|Charizard, F|\n|poke|p2|Garchomp, M|\n|teampreview\n|\n|t:|1698972935\n|start\n|switch|p1a: Stakataka|Stakataka|100\/100\n|switch|p1b: Shuckle|Shuckle, F|100\/100\n|switch|p2a: Grafaiai|Grafaiai, M|100\/100\n|switch|p2b: Malamar|Malamar, F|100\/100\n|turn|1\n|inactive|Battle timer is ON: inactive players will automatically lose when time's up. (requested by ChefSkully)\n|\n|t:|1698972951\n|-terastallize|p1a: Stakataka|Flying\n|move|p2a: Grafaiai|Switcheroo||[still]\n|-fail|p2a: Grafaiai\n|move|p2b: Malamar|Superpower|p1a: Stakataka\n|-resisted|p1a: Stakataka\n|-damage|p1a: Stakataka|89\/100\n|-boost|p2b: Malamar|atk|1\n|-boost|p2b: Malamar|def|1\n|-zpower|p1b: Shuckle\n|move|p1b: Shuckle|Z-Power Trick|p1b: Shuckle|[anim]Power Trick\n|-boost|p1b: Shuckle|atk|1|[zeffect]\n|-start|p1b: Shuckle|Power Trick\n|move|p1a: Stakataka|Trick Room|p1a: Stakataka\n|-fieldstart|move: Trick Room|[of] p1a: Stakataka\n|\n|upkeep\n|turn|2\n|c|\u2606ChefSkully|oo you want this beast boost so bad\n|c|\u2606ChefSkully|you wanna doodle bb so bad\n|c|\u2606AdvancedDigit|I don\u2019t have doodle lol\n|c|\u2606ChefSkully|bummer\n|inactive|AdvancedDigit has 120 seconds left.\n|\n|t:|1698972983\n|move|p2a: Grafaiai|Copycat|p2a: Grafaiai\n|move|p2a: Grafaiai|Trick Room|p2a: Grafaiai|[from]move: Copycat\n|-fieldend|move: Trick Room\n|move|p2b: Malamar|Superpower|p1b: Shuckle\n|-ability|p1b: Shuckle|Sturdy\n|-damage|p1b: Shuckle|1\/100\n|-boost|p2b: Malamar|atk|1\n|-boost|p2b: Malamar|def|1\n|move|p1a: Stakataka|Rock Slide|p2b: Malamar|[spread] p2a,p2b\n|-crit|p2a: Grafaiai\n|-damage|p2a: Grafaiai|27\/100\n|-damage|p2b: Malamar|84\/100\n|move|p1b: Shuckle|Rock Slide|p2b: Malamar|[spread] p2a,p2b\n|-damage|p2a: Grafaiai|0 fnt\n|-damage|p2b: Malamar|48\/100\n|faint|p2a: Grafaiai\n|\n|-heal|p2b: Malamar|54\/100|[from] item: Leftovers\n|upkeep\n|inactive|AdvancedDigit has 120 seconds left.\n|inactive|AdvancedDigit has 90 seconds left.\n|c|\u2606ChefSkully|huh i prolly shoulda just gyrod malama\n|inactive|AdvancedDigit has 60 seconds left.\n|\n|t:|1698973055\n|switch|p2a: Indeedee|Indeedee-F, F|100\/100\n|turn|3\n|\n|t:|1698973068\n|switch|p1b: Farigiraf|Farigiraf, M|100\/100\n|move|p2a: Indeedee|Psych Up|p2b: Malamar\n|-copyboost|p2a: Indeedee|p2b: Malamar|[from] move: Psych Up\n|move|p2b: Malamar|Rock Slide|p1a: Stakataka|[spread] p1a,p1b\n|-supereffective|p1a: Stakataka\n|-crit|p1a: Stakataka\n|-damage|p1a: Stakataka|28\/100\n|-damage|p1b: Farigiraf|65\/100\n|move|p1a: Stakataka|Trick Room|p1a: Stakataka\n|-fieldstart|move: Trick Room|[of] p1a: Stakataka\n|\n|-heal|p2b: Malamar|60\/100|[from] item: Leftovers\n|upkeep\n|turn|4\n|inactive|AdvancedDigit has 90 seconds left.\n|c|\u2606ChefSkully|thats not fake out\n|\n|t:|1698973085\n|move|p2b: Malamar|Protect|p2b: Malamar\n|-singleturn|p2b: Malamar|Protect\n|move|p1a: Stakataka|Gyro Ball|p2b: Malamar\n|-activate|p2b: Malamar|move: Protect\n|move|p1b: Farigiraf|Hyper Voice|p2a: Indeedee|[spread] p2a\n|-activate|p2b: Malamar|move: Protect\n|-damage|p2a: Indeedee|75\/100\n|-enditem|p1b: Farigiraf|Throat Spray\n|-boost|p1b: Farigiraf|spa|1|[from] item: Throat Spray\n|move|p2a: Indeedee|Dazzling Gleam|p1b: Farigiraf|[spread] p1a,p1b\n|-damage|p1a: Stakataka|14\/100\n|-damage|p1b: Farigiraf|50\/100\n|\n|-heal|p2b: Malamar|66\/100|[from] item: Leftovers\n|-heal|p2a: Indeedee|81\/100|[from] item: Leftovers\n|upkeep\n|turn|5\n|inactive|AdvancedDigit has 90 seconds left.\n|c|\u2606AdvancedDigit|I\u2019m so silly I forgot tochange it to stored power lol\n|\n|t:|1698973111\n|move|p2a: Indeedee|Follow Me|p2a: Indeedee\n|-singleturn|p2a: Indeedee|move: Follow Me\n|move|p1a: Stakataka|Gyro Ball|p2a: Indeedee\n|-damage|p2a: Indeedee|25\/100\n|move|p1b: Farigiraf|Dazzling Gleam|p2a: Indeedee|[spread] p2a,p2b\n|-supereffective|p2b: Malamar\n|-damage|p2a: Indeedee|5\/100\n|-damage|p2b: Malamar|0 fnt\n|faint|p2b: Malamar\n|\n|-heal|p2a: Indeedee|12\/100|[from] item: Leftovers\n|upkeep\n|c|\u2606ChefSkully|mood\n|c|\u2606AdvancedDigit|I just realized I also didn\u2019t tera steel malamar LOL\n|inactive|AdvancedDigit has 60 seconds left.\n|\n|t:|1698973153\n|switch|p2b: Garchomp|Garchomp, M|100\/100\n|turn|6\n|inactive|AdvancedDigit has 60 seconds left.\n|\n|t:|1698973169\n|-terastallize|p2b: Garchomp|Steel\n|move|p2a: Indeedee|Follow Me|p2a: Indeedee\n|-singleturn|p2a: Indeedee|move: Follow Me\n|move|p1a: Stakataka|Rock Slide|p2a: Indeedee|[spread] p2a,p2b\n|-resisted|p2b: Garchomp\n|-damage|p2a: Indeedee|0 fnt\n|-damage|p2b: Garchomp|84\/100\n|faint|p2a: Indeedee\n|-ability|p1a: Stakataka|Beast Boost|boost\n|-boost|p1a: Stakataka|atk|1\n|move|p1b: Farigiraf|Dazzling Gleam|p2b: Garchomp\n|-resisted|p2b: Garchomp\n|-damage|p2b: Garchomp|64\/100\n|move|p2b: Garchomp|Dragon Claw|p1a: Stakataka\n|-damage|p1a: Stakataka|0 fnt\n|faint|p1a: Stakataka\n|\n|upkeep\n|\n|t:|1698973177\n|switch|p1a: Shuckle|Shuckle, F|1\/100\n|switch|p2a: Charizard|Charizard, F|100\/100\n|turn|7\n|\n|t:|1698973183\n|detailschange|p2a: Charizard|Charizard-Mega-Y, F\n|-mega|p2a: Charizard|Charizard|Charizardite Y\n|-weather|SunnyDay|[from] ability: Drought|[of] p2a: Charizard\n|move|p2a: Charizard|Protect|p2a: Charizard\n|-singleturn|p2a: Charizard|Protect\n|move|p2b: Garchomp|Protect|p2b: Garchomp\n|-singleturn|p2b: Garchomp|Protect\n|move|p1a: Shuckle|Power Trick|p1a: Shuckle\n|-start|p1a: Shuckle|Power Trick\n|move|p1b: Farigiraf|Hyper Voice|p2a: Charizard|[spread] \n|-activate|p2a: Charizard|move: Protect\n|-activate|p2b: Garchomp|move: Protect\n|\n|-weather|SunnyDay|[upkeep]\n|-fieldend|move: Trick Room\n|upkeep\n|turn|8\n|\n|t:|1698973192\n|switch|p2b: Lilligant|Lilligant-Hisui, F|100\/100\n|move|p2a: Charizard|Heat Wave|p1a: Shuckle|[spread] p1a,p1b\n|-damage|p1a: Shuckle|0 fnt\n|-damage|p1b: Farigiraf|0 fnt\n|faint|p1a: Shuckle\n|faint|p1b: Farigiraf\n|\n|-weather|SunnyDay|[upkeep]\n|upkeep\n|\n|t:|1698973206\n|switch|p1b: Ursaluna|Ursaluna-Bloodmoon, M|100\/100\n|switch|p1a: Cresselia|Cresselia, F|100\/100\n|turn|9\n|\n|t:|1698973217\n|move|p1b: Ursaluna|Protect|p1b: Ursaluna\n|-singleturn|p1b: Ursaluna|Protect\n|move|p2b: Lilligant|Leaf Blade|p1b: Ursaluna\n|-activate|p1b: Ursaluna|move: Protect\n|move|p2a: Charizard|Hidden Power|p1b: Ursaluna\n|-activate|p1b: Ursaluna|move: Protect\n|move|p1a: Cresselia|Trick Room|p1a: Cresselia\n|-fieldstart|move: Trick Room|[of] p1a: Cresselia\n|-enditem|p1b: Ursaluna|Room Service\n|-unboost|p1b: Ursaluna|spe|1|[from] item: Room Service\n|\n|-weather|SunnyDay|[upkeep]\n|upkeep\n|turn|10\n|c|\u2606AdvancedDigit|thats a goof up\n|\n|t:|1698973234\n|move|p1b: Ursaluna|Blood Moon|p2b: Lilligant\n|-crit|p2b: Lilligant\n|-damage|p2b: Lilligant|0 fnt\n|faint|p2b: Lilligant\n|move|p1a: Cresselia|Moonblast|p2a: Charizard\n|-resisted|p2a: Charizard\n|-damage|p2a: Charizard|92\/100\n|move|p2a: Charizard|Hidden Power|p1b: Ursaluna\n|-supereffective|p1b: Ursaluna\n|-damage|p1b: Ursaluna|45\/100\n|\n|-weather|SunnyDay|[upkeep]\n|upkeep\n|\n|t:|1698973237\n|switch|p2b: Garchomp|Garchomp, M, tera:Steel|64\/100\n|turn|11\n|\n|t:|1698973247\n|move|p2b: Garchomp|Protect|p2b: Garchomp\n|-singleturn|p2b: Garchomp|Protect\n|move|p1b: Ursaluna|Earth Power|p2b: Garchomp\n|-activate|p2b: Garchomp|move: Protect\n|move|p1a: Cresselia|Lunar Blessing|p1a: Cresselia|[spread] p1a,p1b\n|-heal|p1b: Ursaluna|70\/100\n|move|p2a: Charizard|Hidden Power|p1b: Ursaluna\n|-supereffective|p1b: Ursaluna\n|-damage|p1b: Ursaluna|5\/100\n|\n|-weather|none\n|upkeep\n|turn|12\n|\n|t:|1698973258\n|move|p2b: Garchomp|Protect||[still]\n|-fail|p2b: Garchomp\n|move|p1b: Ursaluna|Blood Moon|p2a: Charizard\n|-damage|p2a: Charizard|13\/100\n|move|p1a: Cresselia|Moonblast|p2a: Charizard\n|-resisted|p2a: Charizard\n|-damage|p2a: Charizard|4\/100\n|move|p2a: Charizard|Hidden Power|p1b: Ursaluna\n|-supereffective|p1b: Ursaluna\n|-damage|p1b: Ursaluna|0 fnt\n|faint|p1b: Ursaluna\n|\n|upkeep\n|\n|t:|1698973265\n|switch|p1b: Sinistcha|Sinistcha|100\/100\n|turn|13\n|\n|t:|1698973272\n|move|p2a: Charizard|Protect|p2a: Charizard\n|-singleturn|p2a: Charizard|Protect\n|move|p1b: Sinistcha|Matcha Gotcha|p2a: Charizard|[spread] p2b\n|-activate|p2a: Charizard|move: Protect\n|-resisted|p2b: Garchomp\n|-damage|p2b: Garchomp|46\/100\n|move|p1a: Cresselia|Moonblast|p2b: Garchomp\n|-resisted|p2b: Garchomp\n|-damage|p2b: Garchomp|37\/100\n|move|p2b: Garchomp|Iron Head|p1b: Sinistcha\n|-damage|p1b: Sinistcha|60\/100\n|-damage|p2b: Garchomp|20\/100|[from] item: Rocky Helmet|[of] p1b: Sinistcha\n|\n|-fieldend|move: Trick Room\n|upkeep\n|turn|14\n|\n|t:|1698973280\n|move|p2b: Garchomp|Iron Head|p1b: Sinistcha\n|-damage|p1b: Sinistcha|18\/100\n|-damage|p2b: Garchomp|4\/100|[from] item: Rocky Helmet|[of] p1b: Sinistcha\n|move|p2a: Charizard|Heat Wave|p1a: Cresselia|[spread] p1a,p1b\n|-supereffective|p1b: Sinistcha\n|-damage|p1a: Cresselia|79\/100\n|-damage|p1b: Sinistcha|0 fnt\n|faint|p1b: Sinistcha\n|move|p1a: Cresselia|Moonblast|p2a: Charizard\n|-resisted|p2a: Charizard\n|-damage|p2a: Charizard|0 fnt\n|faint|p2a: Charizard\n|\n|-heal|p1a: Cresselia|85\/100|[from] item: Leftovers\n|upkeep\n|turn|15\n|c|\u2606AdvancedDigit|gg\n|\n|t:|1698973288\n|move|p2b: Garchomp|Iron Head|p1a: Cresselia\n|-damage|p1a: Cresselia|54\/100\n|cant|p1a: Cresselia|flinch\n|\n|-heal|p1a: Cresselia|60\/100|[from] item: Leftovers\n|upkeep\n|turn|16\n|c|\u2606ChefSkully|ggwp\n|\n|t:|1698973294\n|move|p2b: Garchomp|Iron Head|p1a: Cresselia\n|-damage|p1a: Cresselia|26\/100\n|cant|p1a: Cresselia|flinch\n|\n|-heal|p1a: Cresselia|32\/100|[from] item: Leftovers\n|upkeep\n|turn|17\n|c|\u2606AdvancedDigit|no way\n|c|\u2606ChefSkully|damnnnn\\\n|\n|t:|1698973304\n|move|p2b: Garchomp|Iron Head|p1a: Cresselia\n|-damage|p1a: Cresselia|0 fnt\n|faint|p1a: Cresselia\n|\n|win|AdvancedDigit\n|raw|ChefSkully's rating: 1376 &rarr; <strong>1357<\/strong><br \/>(-19 for losing)\n|raw|AdvancedDigit's rating: 1385 &rarr; <strong>1404<\/strong><br \/>(+19 for winning)\n|c|\u2606ChefSkully|gg\n|c|\u2606AdvancedDigit|I feel  so bad\n|c|\u2606ChefSkully|close game\n|c|\u2606AdvancedDigit|yeah u shoulda won lol\n|c|\u2606ChefSkully|nah its fine\n|c|\u2606AdvancedDigit|made many goof ups there\n|c|\u2606ChefSkully|im just trolling\n","uploadtime":1698973318,"views":13,"p1id":"chefskully","p2id":"advanceddigit","formatid":"gen9nationaldexdoubles","rating":1357,"private":0,"password":""}