{"id":"gen9nationaldexdoubles-1980562551","p1":"Walccer","p2":"DullAxe","format":"[Gen 9] National Dex Doubles","log":"|j|\u2606Walccer\n|j|\u2606DullAxe\n|t:|1698797667\n|gametype|doubles\n|player|p1|Walccer|gloria|1121\n|player|p2|DullAxe|zinzolin|1021\n|teamsize|p1|6\n|teamsize|p2|6\n|gen|9\n|tier|[Gen 9] National Dex Doubles\n|rated|\n|rule|HP Percentage Mod: HP is shown in percentages\n|rule|Endless Battle Clause: Forcing endless battles is banned\n|rule|OHKO Clause: OHKO moves are banned\n|rule|Evasion Moves Clause: Evasion moves are banned\n|rule|Evasion Abilities Clause: Evasion abilities are banned\n|rule|Species Clause: Limit one of each Pok\u00e9mon\n|rule|Gravity Sleep Clause: The combination of sleep-inducing moves with imperfect accuracy and Gravity or Gigantamax Orbeetle are banned\n|clearpoke\n|poke|p1|Oricorio-Pom-Pom, M|\n|poke|p1|Pelipper, F|\n|poke|p1|Tornadus, M|\n|poke|p1|Vivillon, M|\n|poke|p1|Articuno-Galar|\n|poke|p1|Shaymin-Sky|\n|poke|p2|Gardevoir, M|\n|poke|p2|Chatot, F|\n|poke|p2|Samurott-Hisui, M|\n|poke|p2|Sableye, M|\n|poke|p2|Sinistcha|\n|poke|p2|Ribombee, M|\n|teampreview\n|inactive|Battle timer is ON: inactive players will automatically lose when time's up. (requested by DullAxe)\n|c|\u2606DullAxe|whats with all the dancing\n|c|\u2606Walccer|the dancing\n|c|\u2606DullAxe|uh oh\n|inactive|DullAxe has 120 seconds left.\n|\n|t:|1698797713\n|start\n|switch|p1a: Oricorio|Oricorio-Pom-Pom, M|100\/100\n|switch|p1b: Vivillon|Vivillon, M, shiny|100\/100\n|switch|p2a: Sableye|Sableye, M|100\/100\n|switch|p2b: Ribombee|Ribombee, M|100\/100\n|turn|1\n|inactive|Walccer has 120 seconds left.\n|\n|t:|1698797748\n|detailschange|p2a: Sableye|Sableye-Mega, M\n|-mega|p2a: Sableye|Sableye|Sablenite\n|move|p2a: Sableye|Fake Out|p1b: Vivillon\n|-damage|p1b: Vivillon|85\/100\n|move|p2b: Ribombee|Moonblast|p1b: Vivillon\n|-damage|p1b: Vivillon|15\/100\n|-unboost|p1b: Vivillon|spa|1\n|-enditem|p1b: Vivillon|Sitrus Berry|[eat]\n|-heal|p1b: Vivillon|40\/100|[from] item: Sitrus Berry\n|move|p1a: Oricorio|Quiver Dance|p1a: Oricorio\n|-boost|p1a: Oricorio|spa|1\n|-boost|p1a: Oricorio|spd|1\n|-boost|p1a: Oricorio|spe|1\n|cant|p1b: Vivillon|flinch\n|\n|upkeep\n|turn|2\n|c|\u2606DullAxe|bru\n|inactive|Walccer has 120 seconds left.\n|\n|t:|1698797773\n|move|p1a: Oricorio|Protect|p1a: Oricorio\n|-singleturn|p1a: Oricorio|Protect\n|move|p2b: Ribombee|Sticky Web|p1b: Vivillon\n|-sidestart|p1: Walccer|move: Sticky Web\n|move|p1b: Vivillon|Quiver Dance|p1b: Vivillon\n|-boost|p1b: Vivillon|spa|1\n|-boost|p1b: Vivillon|spd|1\n|-boost|p1b: Vivillon|spe|1\n|-activate|p1a: Oricorio|ability: Dancer\n|move|p1a: Oricorio|Quiver Dance|p1a: Oricorio|[from]ability: Dancer\n|-boost|p1a: Oricorio|spa|1\n|-boost|p1a: Oricorio|spd|1\n|-boost|p1a: Oricorio|spe|1\n|move|p2a: Sableye|Knock Off|p1a: Oricorio\n|-activate|p1a: Oricorio|move: Protect\n|\n|upkeep\n|turn|3\n|c|\u2606DullAxe|wiat\n|c|\u2606DullAxe|im dumb\n|c|\u2606DullAxe|ur team is flying\n|inactive|Walccer has 120 seconds left.\n|\n|t:|1698797815\n|move|p1a: Oricorio|Revelation Dance|p2b: Ribombee\n|-enditem|p2b: Ribombee|Focus Sash\n|-damage|p2b: Ribombee|1\/100\n|move|p1b: Vivillon|Hurricane|p2b: Ribombee|[miss]\n|-miss|p1b: Vivillon|p2b: Ribombee\n|move|p2b: Ribombee|Moonblast|p1a: Oricorio\n|-damage|p1a: Oricorio|78\/100\n|move|p2a: Sableye|Knock Off|p1a: Oricorio\n|-crit|p1a: Oricorio\n|-damage|p1a: Oricorio|22\/100\n|-enditem|p1a: Oricorio|Sitrus Berry|[from] move: Knock Off|[of] p2a: Sableye\n|\n|upkeep\n|turn|4\n|inactive|Walccer has 120 seconds left.\n|\n|t:|1698797832\n|move|p2b: Ribombee|Protect|p2b: Ribombee\n|-singleturn|p2b: Ribombee|Protect\n|move|p1a: Oricorio|Revelation Dance|p2b: Ribombee\n|-activate|p2b: Ribombee|move: Protect\n|move|p1b: Vivillon|Pollen Puff|p1a: Oricorio\n|-heal|p1a: Oricorio|72\/100\n|move|p2a: Sableye|Poltergeist||[still]\n|-fail|p2a: Sableye\n|\n|upkeep\n|turn|5\n|inactive|DullAxe has 120 seconds left.\n|\n|t:|1698797865\n|move|p1a: Oricorio|Revelation Dance|p2b: Ribombee\n|-damage|p2b: Ribombee|0 fnt\n|faint|p2b: Ribombee\n|move|p1b: Vivillon|Quiver Dance|p1b: Vivillon\n|-boost|p1b: Vivillon|spa|1\n|-boost|p1b: Vivillon|spd|1\n|-boost|p1b: Vivillon|spe|1\n|-activate|p1a: Oricorio|ability: Dancer\n|move|p1a: Oricorio|Quiver Dance|p1a: Oricorio|[from]ability: Dancer\n|-boost|p1a: Oricorio|spa|1\n|-boost|p1a: Oricorio|spd|1\n|-boost|p1a: Oricorio|spe|1\n|move|p2a: Sableye|Knock Off|p1b: Vivillon\n|-damage|p1b: Vivillon|2\/100\n|\n|upkeep\n|inactive|DullAxe has 120 seconds left.\n|\n|t:|1698797876\n|switch|p2b: Samurott|Samurott-Hisui, M|100\/100\n|turn|6\n|\n|t:|1698797893\n|move|p2a: Sableye|Helping Hand|p2b: Samurott\n|-singleturn|p2b: Samurott|Helping Hand|[of] p2a: Sableye\n|move|p1a: Oricorio|Revelation Dance|p2b: Samurott\n|-supereffective|p2b: Samurott\n|-damage|p2b: Samurott|0 fnt\n|faint|p2b: Samurott\n|move|p1b: Vivillon|Pollen Puff|p2a: Sableye\n|-damage|p2a: Sableye|47\/100\n|\n|upkeep\n|-message|DullAxe forfeited.\n|\n|win|Walccer\n|raw|Walccer's rating: 1121 &rarr; <strong>1139<\/strong><br \/>(+18 for winning)\n|raw|DullAxe's rating: 1021 &rarr; <strong>1012<\/strong><br \/>(-9 for losing)\n|l|\u2606DullAxe\n","uploadtime":1698797913,"views":10,"p1id":"walccer","p2id":"dullaxe","formatid":"gen9nationaldexdoubles","rating":1012,"private":0,"password":""}