{"id":"gen9nationaldexdoubles-1972310062","p1":"homeruncjyt","p2":"Empoleonop0706","format":"[Gen 9] National Dex Doubles","log":"|j|\u2606homeruncjyt\n|j|\u2606Empoleonop0706\n|t:|1697830175\n|gametype|doubles\n|player|p1|homeruncjyt|morty|1445\n|player|p2|Empoleonop0706|169|1358\n|teamsize|p1|6\n|teamsize|p2|6\n|gen|9\n|tier|[Gen 9] National Dex Doubles\n|rated|\n|rule|HP Percentage Mod: HP is shown in percentages\n|rule|Endless Battle Clause: Forcing endless battles is banned\n|rule|OHKO Clause: OHKO moves are banned\n|rule|Evasion Moves Clause: Evasion moves are banned\n|rule|Evasion Abilities Clause: Evasion abilities are banned\n|rule|Species Clause: Limit one of each Pok\u00e9mon\n|rule|Gravity Sleep Clause: The combination of sleep-inducing moves with imperfect accuracy and Gravity or Gigantamax Orbeetle are banned\n|clearpoke\n|poke|p1|Flutter Mane|\n|poke|p1|Lilligant-Hisui, F|\n|poke|p1|Walking Wake|\n|poke|p1|Charizard, F|\n|poke|p1|Iron Hands|\n|poke|p1|Kingambit, F|\n|poke|p2|Whimsicott, F|\n|poke|p2|Walking Wake|\n|poke|p2|Flutter Mane|\n|poke|p2|Chi-Yu|\n|poke|p2|Farigiraf, M|\n|poke|p2|Iron Hands|\n|teampreview\n|\n|t:|1697830214\n|start\n|switch|p1a: Charizard|Charizard, F|100\/100\n|switch|p1b: Lilligant|Lilligant-Hisui, F|100\/100\n|switch|p2a: Whimsicott|Whimsicott, F|100\/100\n|switch|p2b: Walking Wake|Walking Wake|100\/100\n|turn|1\n|\n|t:|1697830236\n|switch|p1a: Walking Wake|Walking Wake|100\/100\n|move|p2a: Whimsicott|Tailwind|p2a: Whimsicott\n|-sidestart|p2: Empoleonop0706|move: Tailwind\n|move|p2b: Walking Wake|Hydro Steam|p1a: Walking Wake\n|-resisted|p1a: Walking Wake\n|-damage|p1a: Walking Wake|84\/100\n|-damage|p2b: Walking Wake|91\/100|[from] item: Life Orb\n|move|p1b: Lilligant|Victory Dance|p1b: Lilligant\n|-boost|p1b: Lilligant|atk|1\n|-boost|p1b: Lilligant|def|1\n|-boost|p1b: Lilligant|spe|1\n|\n|upkeep\n|turn|2\n|\n|t:|1697830259\n|move|p2a: Whimsicott|Encore|p1b: Lilligant\n|-start|p1b: Lilligant|Encore\n|move|p2b: Walking Wake|Draco Meteor|p1a: Walking Wake\n|-supereffective|p1a: Walking Wake\n|-damage|p1a: Walking Wake|0 fnt\n|-unboost|p2b: Walking Wake|spa|2\n|faint|p1a: Walking Wake\n|-end|p1a: Walking Wake|Protosynthesis|[silent]\n|-damage|p2b: Walking Wake|81\/100|[from] item: Life Orb\n|move|p1b: Lilligant|Victory Dance|p1b: Lilligant\n|-boost|p1b: Lilligant|atk|1\n|-boost|p1b: Lilligant|def|1\n|-boost|p1b: Lilligant|spe|1\n|\n|upkeep\n|\n|t:|1697830271\n|switch|p1a: Iron Hands|Iron Hands|100\/100\n|-enditem|p1a: Iron Hands|Booster Energy\n|-activate|p1a: Iron Hands|ability: Quark Drive|[fromitem]\n|-start|p1a: Iron Hands|quarkdriveatk\n|turn|3\n|\n|t:|1697830294\n|-end|p2b: Walking Wake|Protosynthesis|[silent]\n|switch|p2b: Flutter Mane|Flutter Mane|100\/100\n|-terastallize|p1a: Iron Hands|Grass\n|move|p2a: Whimsicott|Energy Ball|p1b: Lilligant\n|-resisted|p1b: Lilligant\n|-damage|p1b: Lilligant|74\/100\n|-unboost|p1b: Lilligant|spd|1\n|move|p1b: Lilligant|Victory Dance|p1b: Lilligant\n|-boost|p1b: Lilligant|atk|1\n|-boost|p1b: Lilligant|def|1\n|-boost|p1b: Lilligant|spe|1\n|move|p1a: Iron Hands|Ice Punch|p2a: Whimsicott\n|-supereffective|p2a: Whimsicott\n|-enditem|p2a: Whimsicott|Focus Sash\n|-damage|p2a: Whimsicott|1\/100\n|\n|upkeep\n|turn|4\n|\n|t:|1697830346\n|switch|p2a: Iron Hands|Iron Hands|100\/100\n|move|p1b: Lilligant|Victory Dance|p1b: Lilligant\n|-boost|p1b: Lilligant|atk|1\n|-boost|p1b: Lilligant|def|1\n|-boost|p1b: Lilligant|spe|1\n|move|p2b: Flutter Mane|Moonblast|p1b: Lilligant\n|-supereffective|p1b: Lilligant\n|-damage|p1b: Lilligant|0 fnt\n|faint|p1b: Lilligant\n|move|p1a: Iron Hands|Ice Punch|p2a: Iron Hands\n|-damage|p2a: Iron Hands|74\/100\n|\n|-sideend|p2: Empoleonop0706|move: Tailwind\n|upkeep\n|\n|t:|1697830350\n|switch|p1b: Charizard|Charizard, F|100\/100\n|turn|5\n|l|\u2606Empoleonop0706\n|player|p2|\n|j|\u2606Empoleonop0706\n|player|p2|Empoleonop0706|169\n|\n|t:|1697830396\n|detailschange|p1b: Charizard|Charizard-Mega-Y, F\n|-mega|p1b: Charizard|Charizard|Charizardite Y\n|-weather|SunnyDay|[from] ability: Drought|[of] p1b: Charizard\n|-activate|p2b: Flutter Mane|ability: Protosynthesis\n|-start|p2b: Flutter Mane|protosynthesisspa\n|move|p2b: Flutter Mane|Moonblast|p1a: Iron Hands\n|-damage|p1a: Iron Hands|29\/100\n|move|p1b: Charizard|Weather Ball|p2b: Flutter Mane\n|-damage|p2b: Flutter Mane|6\/100\n|move|p2a: Iron Hands|Wild Charge|p1b: Charizard\n|-supereffective|p1b: Charizard\n|-damage|p1b: Charizard|0 fnt\n|faint|p1b: Charizard\n|-damage|p2a: Iron Hands|54\/100|[from] Recoil\n|move|p1a: Iron Hands|Thunder Punch|p2b: Flutter Mane\n|-damage|p2b: Flutter Mane|0 fnt\n|faint|p2b: Flutter Mane\n|-end|p2b: Flutter Mane|Protosynthesis|[silent]\n|\n|-weather|SunnyDay|[upkeep]\n|upkeep\n|\n|t:|1697830421\n|switch|p2b: Whimsicott|Whimsicott, F|1\/100\n|switch|p1b: Flutter Mane|Flutter Mane|100\/100\n|-activate|p1b: Flutter Mane|ability: Protosynthesis\n|-start|p1b: Flutter Mane|protosynthesisspe\n|turn|6\n|\n|t:|1697830432\n|move|p2b: Whimsicott|Tailwind|p2b: Whimsicott\n|-sidestart|p2: Empoleonop0706|move: Tailwind\n|move|p1b: Flutter Mane|Moonblast|p2a: Iron Hands\n|-supereffective|p2a: Iron Hands\n|-damage|p2a: Iron Hands|6\/100\n|move|p2a: Iron Hands|Heavy Slam|p1b: Flutter Mane\n|-supereffective|p1b: Flutter Mane\n|-damage|p1b: Flutter Mane|0 fnt\n|faint|p1b: Flutter Mane\n|-end|p1b: Flutter Mane|Protosynthesis|[silent]\n|move|p1a: Iron Hands|Ice Punch|p2b: Whimsicott\n|-supereffective|p2b: Whimsicott\n|-damage|p2b: Whimsicott|0 fnt\n|faint|p2b: Whimsicott\n|\n|-weather|SunnyDay|[upkeep]\n|upkeep\n|\n|t:|1697830452\n|switch|p1b: Kingambit|Kingambit, F|100\/100\n|switch|p2b: Walking Wake|Walking Wake|81\/100\n|-activate|p2b: Walking Wake|ability: Protosynthesis\n|-start|p2b: Walking Wake|protosynthesisspe\n|-activate|p1b: Kingambit|ability: Supreme Overlord\n|-start|p1b: Kingambit|fallen4|[silent]\n|turn|7\n|\n|t:|1697830461\n|-end|p2b: Walking Wake|Protosynthesis|[silent]\n|switch|p2b: Farigiraf|Farigiraf, M|100\/100\n|move|p1b: Kingambit|Sucker Punch||[still]\n|cant|p2b: Farigiraf|ability: Armor Tail|Sucker Punch|[of] p1b: Kingambit\n|move|p2a: Iron Hands|Drain Punch|p1b: Kingambit\n|-supereffective|p1b: Kingambit\n|-damage|p1b: Kingambit|0 fnt\n|-heal|p2a: Iron Hands|51\/100|[from] drain|[of] p1b: Kingambit\n|faint|p1b: Kingambit\n|-end|p1b: Kingambit|fallen4|[silent]\n|move|p1a: Iron Hands|Thunder Punch|p2b: Farigiraf\n|-damage|p2b: Farigiraf|46\/100\n|\n|-weather|SunnyDay|[upkeep]\n|upkeep\n|turn|8\n|\n|t:|1697830480\n|move|p2b: Farigiraf|Psychic|p1a: Iron Hands\n|-damage|p1a: Iron Hands|0 fnt\n|faint|p1a: Iron Hands\n|-end|p1a: Iron Hands|Quark Drive|[silent]\n|\n|win|Empoleonop0706\n|raw|homeruncjyt's rating: 1445 &rarr; <strong>1420<\/strong><br \/>(-25 for losing)\n|raw|Empoleonop0706's rating: 1358 &rarr; <strong>1383<\/strong><br \/>(+25 for winning)\n|l|\u2606homeruncjyt\n","uploadtime":1697830496,"views":11,"p1id":"homeruncjyt","p2id":"empoleonop0706","formatid":"gen9nationaldexdoubles","rating":1383,"private":0,"password":""}