{"id":"gen9nationaldexdoubles-1956592207","p1":"Babypanda592","p2":"KinaTHEPichu","format":"[Gen 9] National Dex Doubles","log":"|j|\u2606Babypanda592\n|j|\u2606KinaTHEPichu\n|t:|1696124370\n|gametype|doubles\n|player|p1|Babypanda592|candice|1006\n|player|p2|KinaTHEPichu|swimmer-gen4|1000\n|teamsize|p1|6\n|teamsize|p2|3\n|gen|9\n|tier|[Gen 9] National Dex Doubles\n|rated|\n|rule|HP Percentage Mod: HP is shown in percentages\n|rule|Endless Battle Clause: Forcing endless battles is banned\n|rule|OHKO Clause: OHKO moves are banned\n|rule|Evasion Moves Clause: Evasion moves are banned\n|rule|Evasion Abilities Clause: Evasion abilities are banned\n|rule|Species Clause: Limit one of each Pok\u00e9mon\n|rule|Gravity Sleep Clause: The combination of sleep-inducing moves with imperfect accuracy and Gravity or Gigantamax Orbeetle are banned\n|clearpoke\n|poke|p1|Pelipper, M|\n|poke|p1|Slowking, F|\n|poke|p1|Toxapex, M|\n|poke|p1|Ludicolo, F|\n|poke|p1|Urshifu-*, M|\n|poke|p1|Swampert, M|\n|poke|p2|Ambipom, M|\n|poke|p2|Maushold-Four|\n|poke|p2|Poliwhirl, M|\n|teampreview\n|\n|t:|1696124421\n|start\n|switch|p1a: Toxapex|Toxapex, M|100\/100\n|switch|p1b: Swampert|Swampert, M|100\/100\n|switch|p2a: Ambipom|Ambipom, M|100\/100\n|switch|p2b: Maushold|Maushold-Four|100\/100\n|turn|1\n|\n|t:|1696124433\n|move|p2b: Maushold|Population Bomb|p1b: Swampert\n|-damage|p1b: Swampert|94\/100\n|-damage|p1b: Swampert|87\/100\n|-damage|p1b: Swampert|81\/100\n|-damage|p1b: Swampert|74\/100\n|-damage|p1b: Swampert|66\/100\n|-damage|p1b: Swampert|59\/100\n|-damage|p1b: Swampert|53\/100\n|-damage|p1b: Swampert|46\/100\n|-damage|p1b: Swampert|39\/100\n|-damage|p1b: Swampert|32\/100\n|-hitcount|p1b: Swampert|10\n|move|p2a: Ambipom|Mimic|p2b: Maushold\n|-start|p2a: Ambipom|Mimic|Population Bomb\n|move|p1b: Swampert|Stealth Rock|p2b: Maushold\n|-sidestart|p2: KinaTHEPichu|move: Stealth Rock\n|move|p1a: Toxapex|Toxic Spikes|p2a: Ambipom\n|-sidestart|p2: KinaTHEPichu|move: Toxic Spikes\n|\n|upkeep\n|turn|2\n|\n|t:|1696124458\n|switch|p1b: Slowking|Slowking, F|100\/100\n|switch|p1a: Pelipper|Pelipper, M|100\/100\n|-weather|RainDance|[from] ability: Drizzle|[of] p1a: Pelipper\n|move|p2b: Maushold|Trailblaze|p1a: Pelipper\n|-damage|p1a: Pelipper|91\/100\n|-boost|p2b: Maushold|spe|1\n|move|p2a: Ambipom|Population Bomb|p1b: Slowking\n|-damage|p1b: Slowking|94\/100\n|-damage|p1b: Slowking|88\/100\n|-damage|p1b: Slowking|81\/100\n|-damage|p1b: Slowking|75\/100\n|-damage|p1b: Slowking|69\/100\n|-damage|p1b: Slowking|63\/100\n|-damage|p1b: Slowking|56\/100\n|-damage|p1b: Slowking|50\/100\n|-damage|p1b: Slowking|43\/100\n|-damage|p1b: Slowking|37\/100\n|-hitcount|p1b: Slowking|10\n|\n|-weather|RainDance|[upkeep]\n|upkeep\n|turn|3\n|\n|t:|1696124493\n|move|p2b: Maushold|Population Bomb|p1a: Pelipper\n|-damage|p1a: Pelipper|85\/100\n|-damage|p1a: Pelipper|79\/100\n|-crit|p1a: Pelipper\n|-damage|p1a: Pelipper|72\/100\n|-damage|p1a: Pelipper|66\/100\n|-damage|p1a: Pelipper|61\/100\n|-damage|p1a: Pelipper|55\/100\n|-damage|p1a: Pelipper|49\/100\n|-crit|p1a: Pelipper\n|-damage|p1a: Pelipper|40\/100\n|-damage|p1a: Pelipper|33\/100\n|-damage|p1a: Pelipper|27\/100\n|-hitcount|p1a: Pelipper|10\n|move|p2a: Ambipom|Population Bomb|p1b: Slowking\n|-damage|p1b: Slowking|30\/100\n|-damage|p1b: Slowking|24\/100\n|-enditem|p1b: Slowking|Aguav Berry|[eat]\n|-heal|p1b: Slowking|57\/100|[from] item: Aguav Berry\n|-damage|p1b: Slowking|50\/100\n|-damage|p1b: Slowking|44\/100\n|-damage|p1b: Slowking|38\/100\n|-damage|p1b: Slowking|31\/100\n|-damage|p1b: Slowking|25\/100\n|-damage|p1b: Slowking|19\/100\n|-damage|p1b: Slowking|12\/100\n|-damage|p1b: Slowking|6\/100\n|-hitcount|p1b: Slowking|10\n|move|p1a: Pelipper|Hurricane|p2a: Ambipom\n|-damage|p2a: Ambipom|48\/100\n|cant|p1b: Slowking|flinch\n|\n|-weather|RainDance|[upkeep]\n|upkeep\n|turn|4\n|\n|t:|1696124537\n|move|p2b: Maushold|Trailblaze|p1b: Slowking\n|-supereffective|p1b: Slowking\n|-damage|p1b: Slowking|0 fnt\n|-boost|p2b: Maushold|spe|1\n|faint|p1b: Slowking\n|move|p2a: Ambipom|Population Bomb|p1a: Pelipper\n|-damage|p1a: Pelipper|20\/100\n|-enditem|p1a: Pelipper|Aguav Berry|[eat]\n|-heal|p1a: Pelipper|53\/100|[from] item: Aguav Berry\n|-damage|p1a: Pelipper|47\/100\n|-damage|p1a: Pelipper|39\/100\n|-damage|p1a: Pelipper|33\/100\n|-crit|p1a: Pelipper\n|-damage|p1a: Pelipper|23\/100\n|-damage|p1a: Pelipper|16\/100\n|-damage|p1a: Pelipper|9\/100\n|-damage|p1a: Pelipper|3\/100\n|-crit|p1a: Pelipper\n|-damage|p1a: Pelipper|0 fnt\n|faint|p1a: Pelipper\n|-hitcount|p1: Pelipper|9\n|\n|-weather|RainDance|[upkeep]\n|upkeep\n|\n|t:|1696124567\n|switch|p1a: Ludicolo|Ludicolo, F|100\/100\n|switch|p1b: Urshifu|Urshifu-Rapid-Strike, M|100\/100\n|turn|5\n|\n|t:|1696124583\n|move|p2b: Maushold|Population Bomb|p1b: Urshifu\n|-damage|p1b: Urshifu|95\/100\n|-damage|p1b: Urshifu|88\/100\n|-damage|p1b: Urshifu|82\/100\n|-damage|p1b: Urshifu|75\/100\n|-damage|p1b: Urshifu|69\/100\n|-damage|p1b: Urshifu|63\/100\n|-crit|p1b: Urshifu\n|-damage|p1b: Urshifu|53\/100\n|-damage|p1b: Urshifu|47\/100\n|-damage|p1b: Urshifu|41\/100\n|-damage|p1b: Urshifu|35\/100\n|-hitcount|p1b: Urshifu|10\n|move|p2a: Ambipom|Population Bomb|p1b: Urshifu|[miss]\n|-miss|p2a: Ambipom|p1b: Urshifu\n|move|p1a: Ludicolo|Leech Seed|p2a: Ambipom|[miss]\n|-miss|p1a: Ludicolo|p2a: Ambipom\n|move|p1b: Urshifu|Surging Strikes|p2a: Ambipom\n|-crit|p2a: Ambipom\n|-damage|p2a: Ambipom|11\/100\n|-crit|p2a: Ambipom\n|-damage|p2a: Ambipom|0 fnt\n|faint|p2a: Ambipom\n|-hitcount|p2: Ambipom|2\n|\n|-weather|RainDance|[upkeep]\n|upkeep\n|\n|t:|1696124600\n|switch|p2a: Poliwhirl|Poliwhirl, M|100\/100\n|-damage|p2a: Poliwhirl|88\/100|[from] Stealth Rock\n|-status|p2a: Poliwhirl|psn\n|turn|6\n|\n|t:|1696124623\n|-singleturn|p2a: Poliwhirl|move: Focus Punch\n|move|p2b: Maushold|Follow Me|p2b: Maushold\n|-singleturn|p2b: Maushold|move: Follow Me\n|move|p1a: Ludicolo|Giga Drain|p2b: Maushold\n|-damage|p2b: Maushold|33\/100\n|-damage|p1a: Ludicolo|91\/100|[from] item: Life Orb\n|move|p1b: Urshifu|Close Combat|p2b: Maushold\n|-supereffective|p2b: Maushold\n|-damage|p2b: Maushold|0 fnt\n|-unboost|p1b: Urshifu|def|1\n|-unboost|p1b: Urshifu|spd|1\n|faint|p2b: Maushold\n|move|p2a: Poliwhirl|Focus Punch|p1b: Urshifu\n|-damage|p1b: Urshifu|4\/100\n|-enditem|p1b: Urshifu|Figy Berry|[eat]\n|-heal|p1b: Urshifu|37\/100|[from] item: Figy Berry\n|\n|-weather|none\n|-damage|p2a: Poliwhirl|75\/100 psn|[from] psn\n|upkeep\n|turn|7\n|\n|t:|1696124655\n|move|p1a: Ludicolo|Giga Drain|p2a: Poliwhirl\n|-supereffective|p2a: Poliwhirl\n|-damage|p2a: Poliwhirl|0 fnt\n|-heal|p1a: Ludicolo|100\/100|[from] drain|[of] p2a: Poliwhirl\n|faint|p2a: Poliwhirl\n|-damage|p1a: Ludicolo|91\/100|[from] item: Life Orb\n|\n|win|Babypanda592\n|raw|Babypanda592's rating: 1006 &rarr; <strong>1044<\/strong><br \/>(+38 for winning)\n|raw|KinaTHEPichu's rating: 1000 &rarr; <strong>1000<\/strong><br \/>(+0 for losing)\n","uploadtime":1696124665,"views":11,"p1id":"babypanda592","p2id":"kinathepichu","formatid":"gen9nationaldexdoubles","rating":1000,"private":0,"password":""}