{"id":"gen9nationaldexdoubles-1964755120","p1":"lostsonofpluto","p2":"Cokecolasg","format":"[Gen 9] National Dex Doubles","log":"|j|\u2606lostsonofpluto\n|j|\u2606Cokecolasg\n|t:|1697003650\n|gametype|doubles\n|player|p1|lostsonofpluto|caitlin|1000\n|player|p2|Cokecolasg|2|1000\n|teamsize|p1|6\n|teamsize|p2|6\n|gen|9\n|tier|[Gen 9] National Dex Doubles\n|rated|\n|rule|HP Percentage Mod: HP is shown in percentages\n|rule|Endless Battle Clause: Forcing endless battles is banned\n|rule|OHKO Clause: OHKO moves are banned\n|rule|Evasion Moves Clause: Evasion moves are banned\n|rule|Evasion Abilities Clause: Evasion abilities are banned\n|rule|Species Clause: Limit one of each Pok\u00e9mon\n|rule|Gravity Sleep Clause: The combination of sleep-inducing moves with imperfect accuracy and Gravity or Gigantamax Orbeetle are banned\n|clearpoke\n|poke|p1|Kommo-o, F|\n|poke|p1|Oricorio, M|\n|poke|p1|Volcarona, F|\n|poke|p1|Glimmora, M|\n|poke|p1|Farigiraf, M|\n|poke|p1|Umbreon, M|\n|poke|p2|Rabsca, F|\n|poke|p2|Basculegion-F, F|\n|poke|p2|Tropius, M|\n|poke|p2|Furret, F|\n|poke|p2|Kingambit, M|\n|poke|p2|Murkrow, F|\n|teampreview\n|\n|t:|1697003664\n|start\n|switch|p1a: Kommo-o|Kommo-o, F|100\/100\n|switch|p1b: Oricorio|Oricorio, M, shiny|100\/100\n|switch|p2a: SUN POWA|Tropius, M|100\/100\n|switch|p2b: wake the fuck up|Rabsca, F|100\/100\n|turn|1\n|\n|t:|1697003680\n|move|p1b: Oricorio|Protect|p1b: Oricorio\n|-singleturn|p1b: Oricorio|Protect\n|move|p1a: Kommo-o|Clangorous Soul|p1a: Kommo-o\n|-boost|p1a: Kommo-o|atk|1\n|-boost|p1a: Kommo-o|def|1\n|-boost|p1a: Kommo-o|spa|1\n|-boost|p1a: Kommo-o|spd|1\n|-boost|p1a: Kommo-o|spe|1\n|-damage|p1a: Kommo-o|68\/100\n|-activate|p1b: Oricorio|ability: Dancer\n|move|p1b: Oricorio|Clangorous Soul|p1b: Oricorio|[from]ability: Dancer\n|-boost|p1b: Oricorio|atk|1\n|-boost|p1b: Oricorio|def|1\n|-boost|p1b: Oricorio|spa|1\n|-boost|p1b: Oricorio|spd|1\n|-boost|p1b: Oricorio|spe|1\n|-damage|p1b: Oricorio|68\/100\n|move|p2a: SUN POWA|Sunny Day|p2a: SUN POWA\n|-weather|SunnyDay\n|move|p2b: wake the fuck up|Skill Swap|p2a: SUN POWA\n|-activate|p2b: wake the fuck up|move: Skill Swap|||[of] p2a: SUN POWA\n|\n|-weather|SunnyDay|[upkeep]\n|upkeep\n|turn|2\n|\n|t:|1697003738\n|switch|p2a: blood sacrifice|Furret, F|100\/100\n|-item|p1a: Kommo-o|Kommonium Z|[from] ability: Frisk|[of] p2a: blood sacrifice|[identify]\n|move|p1b: Oricorio|Revelation Dance|p2a: blood sacrifice\n|-damage|p2a: blood sacrifice|0 fnt\n|faint|p2a: blood sacrifice\n|-zpower|p1a: Kommo-o\n|move|p1a: Kommo-o|Clangorous Soulblaze|p2b: wake the fuck up|[zeffect]\n|-damage|p2b: wake the fuck up|0 fnt\n|faint|p2b: wake the fuck up\n|-boost|p1a: Kommo-o|atk|1\n|-boost|p1a: Kommo-o|def|1\n|-boost|p1a: Kommo-o|spa|1\n|-boost|p1a: Kommo-o|spd|1\n|-boost|p1a: Kommo-o|spe|1\n|\n|-weather|SunnyDay|[upkeep]\n|upkeep\n|\n|t:|1697003758\n|switch|p2a: SUN POWA|Tropius, M|100\/100\n|switch|p2b: the hood|Murkrow, F|100\/100\n|turn|3\n|\n|t:|1697003784\n|move|p2b: the hood|Tailwind|p2b: the hood\n|-sidestart|p2: Cokecolasg|move: Tailwind\n|move|p1a: Kommo-o|Dragon Pulse|p2b: the hood\n|-damage|p2b: the hood|20\/100\n|move|p1b: Oricorio|Revelation Dance|p2a: SUN POWA\n|-supereffective|p2a: SUN POWA\n|-damage|p2a: SUN POWA|0 fnt\n|faint|p2a: SUN POWA\n|\n|-weather|SunnyDay|[upkeep]\n|upkeep\n|\n|t:|1697003797\n|switch|p2a: Friendship Power|Basculegion-F, F|100\/100\n|turn|4\n|\n|t:|1697003809\n|-terastallize|p2a: Friendship Power|Ghost\n|move|p1b: Oricorio|Protect|p1b: Oricorio\n|-singleturn|p1b: Oricorio|Protect\n|move|p2b: the hood|Haze|p2b: the hood\n|-clearallboost\n|move|p2a: Friendship Power|Last Respects|p1a: Kommo-o\n|-damage|p1a: Kommo-o|0 fnt\n|faint|p1a: Kommo-o\n|\n|-weather|SunnyDay|[upkeep]\n|upkeep\n|\n|t:|1697003820\n|switch|p1a: Umbreon|Umbreon, M|100\/100\n|turn|5\n|\n|t:|1697003831\n|move|p2b: the hood|Taunt|p1b: Oricorio\n|-start|p1b: Oricorio|move: Taunt\n|move|p2a: Friendship Power|Last Respects|p1a: Umbreon\n|-resisted|p1a: Umbreon\n|-damage|p1a: Umbreon|49\/100\n|move|p1b: Oricorio|Revelation Dance|p2b: the hood\n|-crit|p2b: the hood\n|-damage|p2b: the hood|0 fnt\n|faint|p2b: the hood\n|move|p1a: Umbreon|Toxic|p2a: Friendship Power\n|-status|p2a: Friendship Power|tox\n|\n|-weather|none\n|-damage|p2a: Friendship Power|94\/100 tox|[from] psn\n|upkeep\n|\n|t:|1697003846\n|switch|p2b: Don momotaro|Kingambit, M|100\/100\n|-activate|p2b: Don momotaro|ability: Supreme Overlord\n|-start|p2b: Don momotaro|fallen4|[silent]\n|turn|6\n|\n|t:|1697003870\n|move|p2a: Friendship Power|Last Respects|p1a: Umbreon\n|-resisted|p1a: Umbreon\n|-damage|p1a: Umbreon|0 fnt\n|faint|p1a: Umbreon\n|move|p2b: Don momotaro|Swords Dance|p2b: Don momotaro\n|-boost|p2b: Don momotaro|atk|2\n|-activate|p1b: Oricorio|ability: Dancer\n|cant|p1b: Oricorio|move: Taunt|Swords Dance\n|move|p1b: Oricorio|Revelation Dance|p2b: Don momotaro\n|-supereffective|p2b: Don momotaro\n|-damage|p2b: Don momotaro|9\/100\n|\n|-damage|p2a: Friendship Power|82\/100 tox|[from] psn\n|-sideend|p2: Cokecolasg|move: Tailwind\n|upkeep\n|\n|t:|1697003894\n|switch|p1a: Volcarona|Volcarona, F|100\/100\n|turn|7\n|\n|t:|1697003916\n|move|p2b: Don momotaro|Sucker Punch|p1a: Volcarona\n|-enditem|p1a: Volcarona|Focus Sash\n|-damage|p1a: Volcarona|1\/100\n|move|p1b: Oricorio|Revelation Dance|p2b: Don momotaro\n|-supereffective|p2b: Don momotaro\n|-damage|p2b: Don momotaro|0 fnt\n|faint|p2b: Don momotaro\n|-end|p2b: Don momotaro|fallen4|[silent]\n|move|p1a: Volcarona|Bug Buzz|p2a: Friendship Power\n|-resisted|p2a: Friendship Power\n|-damage|p2a: Friendship Power|35\/100 tox\n|move|p2a: Friendship Power|Last Respects|p1b: Oricorio\n|-damage|p1b: Oricorio|0 fnt\n|faint|p1b: Oricorio\n|\n|-damage|p2a: Friendship Power|17\/100 tox|[from] psn\n|upkeep\n|\n|t:|1697003931\n|switch|p1b: Farigiraf|Farigiraf, M|100\/100\n|turn|8\n|\n|t:|1697003940\n|move|p1b: Farigiraf|Helping Hand|p1a: Volcarona\n|-singleturn|p1a: Volcarona|Helping Hand|[of] p1b: Farigiraf\n|move|p2a: Friendship Power|Aqua Jet||[still]\n|cant|p1b: Farigiraf|ability: Armor Tail|Aqua Jet|[of] p2a: Friendship Power\n|move|p1a: Volcarona|Bug Buzz|p2a: Friendship Power\n|-resisted|p2a: Friendship Power\n|-damage|p2a: Friendship Power|0 fnt\n|faint|p2a: Friendship Power\n|\n|win|lostsonofpluto\n|raw|lostsonofpluto's rating: 1000 &rarr; <strong>1040<\/strong><br \/>(+40 for winning)\n|raw|Cokecolasg's rating: 1000 &rarr; <strong>1000<\/strong><br \/>(+0 for losing)\n|c|\u2606lostsonofpluto|gg\n","uploadtime":1697003954,"views":15,"p1id":"lostsonofpluto","p2id":"cokecolasg","formatid":"gen9nationaldexdoubles","rating":1000,"private":0,"password":""}