{"id":"gen9nationaldexdoubles-1993788083","p1":"Mister__Yellow","p2":"Leuco9","format":"[Gen 9] National Dex Doubles","log":"|j|\u2606Mister__Yellow\n|j|\u2606Leuco9\n|t:|1700357310\n|gametype|doubles\n|player|p1|Mister__Yellow|266|1204\n|player|p2|Leuco9|acetrainer|1389\n|teamsize|p1|6\n|teamsize|p2|6\n|gen|9\n|tier|[Gen 9] National Dex Doubles\n|rated|\n|rule|HP Percentage Mod: HP is shown in percentages\n|rule|Endless Battle Clause: Forcing endless battles is banned\n|rule|OHKO Clause: OHKO moves are banned\n|rule|Evasion Moves Clause: Evasion moves are banned\n|rule|Evasion Abilities Clause: Evasion abilities are banned\n|rule|Species Clause: Limit one of each Pok\u00e9mon\n|rule|Gravity Sleep Clause: The combination of sleep-inducing moves with imperfect accuracy and Gravity or Gigantamax Orbeetle are banned\n|clearpoke\n|poke|p1|Blaziken, F|\n|poke|p1|Torkoal, M|\n|poke|p1|Shiftry, F|\n|poke|p1|Pelipper, M|\n|poke|p1|Azumarill, F|\n|poke|p1|Minun, F|\n|poke|p2|Oricorio-Pom-Pom, F|\n|poke|p2|Volcarona, F|\n|poke|p2|Cresselia, F|\n|poke|p2|Ursaluna, F|\n|poke|p2|Chien-Pao|\n|poke|p2|Dragonite, F|\n|teampreview\n|inactive|Battle timer is ON: inactive players will automatically lose when time's up. (requested by Leuco9)\n|\n|t:|1700357340\n|start\n|switch|p1a: Pelipper|Pelipper, M, shiny|100\/100\n|switch|p1b: Azumarill|Azumarill, F|100\/100\n|switch|p2a: Kim PomPomsible|Oricorio-Pom-Pom, F|100\/100\n|switch|p2b: Wendy|Volcarona, F|100\/100\n|-weather|RainDance|[from] ability: Drizzle|[of] p1a: Pelipper\n|turn|1\n|\n|t:|1700357367\n|-terastallize|p2b: Wendy|Water\n|-terastallize|p1b: Azumarill|Water\n|move|p1b: Azumarill|Aqua Jet|p2a: Kim PomPomsible\n|-damage|p2a: Kim PomPomsible|0 fnt\n|faint|p2a: Kim PomPomsible\n|move|p2b: Wendy|Quiver Dance|p2b: Wendy\n|-boost|p2b: Wendy|spa|1\n|-boost|p2b: Wendy|spd|1\n|-boost|p2b: Wendy|spe|1\n|move|p1a: Pelipper|Hurricane|p2b: Wendy\n|-damage|p2b: Wendy|63\/100\n|-start|p2b: Wendy|confusion\n|\n|-weather|RainDance|[upkeep]\n|upkeep\n|\n|t:|1700357381\n|switch|p2a: Valentina|Dragonite, F|100\/100\n|turn|2\n|\n|t:|1700357413\n|switch|p1b: Minun|Minun, F|100\/100\n|move|p1a: Pelipper|Protect|p1a: Pelipper\n|-singleturn|p1a: Pelipper|Protect\n|-activate|p2b: Wendy|confusion\n|move|p2b: Wendy|Rage Powder|p2b: Wendy\n|-singleturn|p2b: Wendy|move: Rage Powder\n|move|p2a: Valentina|Dual Wingbeat|p1b: Minun\n|-resisted|p1b: Minun\n|-damage|p1b: Minun|77\/100\n|-resisted|p1b: Minun\n|-damage|p1b: Minun|55\/100\n|-hitcount|p1b: Minun|2\n|\n|-weather|RainDance|[upkeep]\n|upkeep\n|turn|3\n|\n|t:|1700357433\n|move|p2a: Valentina|Extreme Speed|p1b: Minun\n|-damage|p1b: Minun|0 fnt\n|faint|p1b: Minun\n|-activate|p2b: Wendy|confusion\n|move|p2b: Wendy|Quiver Dance|p2b: Wendy\n|-boost|p2b: Wendy|spa|1\n|-boost|p2b: Wendy|spd|1\n|-boost|p2b: Wendy|spe|1\n|move|p1a: Pelipper|Hurricane|p2b: Wendy\n|-damage|p2b: Wendy|35\/100\n|\n|-weather|RainDance|[upkeep]\n|upkeep\n|\n|t:|1700357445\n|switch|p1b: Azumarill|Azumarill, F, tera:Water|100\/100\n|turn|4\n|\n|t:|1700357466\n|-end|p2b: Wendy|confusion\n|move|p2b: Wendy|Rage Powder|p2b: Wendy\n|-singleturn|p2b: Wendy|move: Rage Powder\n|move|p2a: Valentina|Dual Wingbeat|p1b: Azumarill\n|-damage|p1b: Azumarill|80\/100\n|-damage|p1b: Azumarill|59\/100\n|-hitcount|p1b: Azumarill|2\n|move|p1a: Pelipper|Hurricane|p2b: Wendy\n|-crit|p2b: Wendy\n|-damage|p2b: Wendy|0 fnt\n|faint|p2b: Wendy\n|move|p1b: Azumarill|Play Rough|p2a: Valentina\n|-supereffective|p2a: Valentina\n|-damage|p2a: Valentina|0 fnt\n|faint|p2a: Valentina\n|\n|-weather|RainDance|[upkeep]\n|upkeep\n|\n|t:|1700357478\n|switch|p2b: Selene|Ursaluna, F|100\/100\n|switch|p2a: Mussa|Cresselia, F|100\/100\n|turn|5\n|\n|t:|1700357502\n|switch|p1b: Shiftry|Shiftry, F|100\/100\n|move|p1a: Pelipper|Protect|p1a: Pelipper\n|-singleturn|p1a: Pelipper|Protect\n|move|p2b: Selene|Protect|p2b: Selene\n|-singleturn|p2b: Selene|Protect\n|move|p2a: Mussa|Trick Room|p2a: Mussa\n|-fieldstart|move: Trick Room|[of] p2a: Mussa\n|\n|-weather|none\n|-status|p2b: Selene|brn|[from] item: Flame Orb\n|upkeep\n|turn|6\n|inactive|Mister__Yellow has 120 seconds left.\n|\n|t:|1700357534\n|move|p1b: Shiftry|Fake Out|p2a: Mussa\n|-damage|p2a: Mussa|94\/100\n|move|p2b: Selene|Facade|p1a: Pelipper\n|-damage|p1a: Pelipper|0 fnt\n|faint|p1a: Pelipper\n|cant|p2a: Mussa|flinch\n|\n|-damage|p2b: Selene|94\/100 brn|[from] brn\n|upkeep\n|inactive|Mister__Yellow has 120 seconds left.\n|\n|t:|1700357543\n|switch|p1a: Azumarill|Azumarill, F, tera:Water|59\/100\n|turn|7\n|\n|t:|1700357559\n|move|p2b: Selene|Protect|p2b: Selene\n|-singleturn|p2b: Selene|Protect\n|move|p1a: Azumarill|Waterfall|p2b: Selene\n|-activate|p2b: Selene|move: Protect\n|move|p2a: Mussa|Moonblast|p1a: Azumarill\n|-damage|p1a: Azumarill|41\/100\n|move|p1b: Shiftry|Knock Off|p2a: Mussa\n|-supereffective|p2a: Mussa\n|-damage|p2a: Mussa|47\/100\n|-enditem|p2a: Mussa|Mental Herb|[from] move: Knock Off|[of] p1b: Shiftry\n|\n|-damage|p2b: Selene|88\/100 brn|[from] brn\n|upkeep\n|turn|8\n|\n|t:|1700357580\n|move|p2b: Selene|Earthquake|p1a: Azumarill|[spread] p1a,p1b\n|-immune|p2a: Mussa|[from] ability: Levitate\n|-resisted|p1b: Shiftry\n|-damage|p1a: Azumarill|0 fnt\n|-damage|p1b: Shiftry|50\/100\n|faint|p1a: Azumarill\n|move|p2a: Mussa|Moonblast|p1b: Shiftry\n|-supereffective|p1b: Shiftry\n|-damage|p1b: Shiftry|0 fnt\n|faint|p1b: Shiftry\n|\n|-damage|p2b: Selene|82\/100 brn|[from] brn\n|upkeep\n|\n|t:|1700357592\n|switch|p1a: Torkoal|Torkoal, M|100\/100\n|switch|p1b: Blaziken|Blaziken, F|100\/100\n|-weather|SunnyDay|[from] ability: Drought|[of] p1a: Torkoal\n|turn|9\n|\n|t:|1700357607\n|move|p1b: Blaziken|Protect|p1b: Blaziken\n|-singleturn|p1b: Blaziken|Protect\n|move|p1a: Torkoal|Eruption|p2b: Selene|[spread] p2a,p2b\n|-damage|p2a: Mussa|4\/100\n|-damage|p2b: Selene|24\/100 brn\n|move|p2b: Selene|Earthquake|p1b: Blaziken|[spread] p1a\n|-activate|p1b: Blaziken|move: Protect\n|-immune|p2a: Mussa|[from] ability: Levitate\n|-supereffective|p1a: Torkoal\n|-damage|p1a: Torkoal|0 fnt\n|faint|p1a: Torkoal\n|move|p2a: Mussa|Moonblast|p1b: Blaziken\n|-activate|p1b: Blaziken|move: Protect\n|\n|-weather|SunnyDay|[upkeep]\n|-damage|p2b: Selene|18\/100 brn|[from] brn\n|-fieldend|move: Trick Room\n|-ability|p1b: Blaziken|Speed Boost|boost\n|-boost|p1b: Blaziken|spe|1\n|upkeep\n|turn|10\n|\n|t:|1700357627\n|move|p1b: Blaziken|Blaze Kick|p2a: Mussa\n|-damage|p2a: Mussa|0 fnt\n|faint|p2a: Mussa\n|-damage|p1b: Blaziken|91\/100|[from] item: Life Orb\n|move|p2b: Selene|Earthquake|p1b: Blaziken\n|-supereffective|p1b: Blaziken\n|-damage|p1b: Blaziken|0 fnt\n|faint|p1b: Blaziken\n|\n|win|Leuco9\n|raw|Mister__Yellow's rating: 1204 &rarr; <strong>1191<\/strong><br \/>(-13 for losing)\n|raw|Leuco9's rating: 1389 &rarr; <strong>1399<\/strong><br \/>(+10 for winning)\n|l|\u2606Mister__Yellow\n","uploadtime":1700357639,"views":8,"p1id":"misteryellow","p2id":"leuco9","formatid":"gen9nationaldexdoubles","rating":1191,"private":0,"password":""}