{"id":"gen9nationaldexdoubles-1963424210","p1":"AdvancedDigit","p2":"brightecho","format":"[Gen 9] National Dex Doubles","log":"|j|\u2606AdvancedDigit\n|j|\u2606brightecho\n|t:|1696866667\n|gametype|doubles\n|player|p1|AdvancedDigit|hilbert|1180\n|player|p2|brightecho|veteranf|1081\n|teamsize|p1|6\n|teamsize|p2|6\n|gen|9\n|tier|[Gen 9] National Dex Doubles\n|rated|\n|rule|HP Percentage Mod: HP is shown in percentages\n|rule|Endless Battle Clause: Forcing endless battles is banned\n|rule|OHKO Clause: OHKO moves are banned\n|rule|Evasion Moves Clause: Evasion moves are banned\n|rule|Evasion Abilities Clause: Evasion abilities are banned\n|rule|Species Clause: Limit one of each Pok\u00e9mon\n|rule|Gravity Sleep Clause: The combination of sleep-inducing moves with imperfect accuracy and Gravity or Gigantamax Orbeetle are banned\n|clearpoke\n|poke|p1|Scyther, F|\n|poke|p1|Togetic, M|\n|poke|p1|Bisharp, M|\n|poke|p1|Gligar, M|\n|poke|p1|Haunter, M|\n|poke|p1|Kadabra, F|\n|poke|p2|Gyarados, M|\n|poke|p2|Salazzle, F|\n|poke|p2|Braviary-Hisui, M|\n|poke|p2|Sawsbuck, F|\n|poke|p2|Stonjourner, M|\n|poke|p2|Florges, F|\n|teampreview\n|\n|t:|1696866687\n|start\n|switch|p1a: Togetic|Togetic, M|100\/100\n|switch|p1b: Bisharp|Bisharp, M|100\/100\n|switch|p2a: Braviary|Braviary-Hisui, M, shiny|100\/100\n|switch|p2b: Salazzle|Salazzle, F|100\/100\n|turn|1\n|\n|t:|1696866700\n|move|p2b: Salazzle|Fake Out|p1b: Bisharp\n|-resisted|p1b: Bisharp\n|-damage|p1b: Bisharp|98\/100\n|-damage|p2b: Salazzle|84\/100|[from] item: Rocky Helmet|[of] p1b: Bisharp\n|move|p1a: Togetic|Follow Me|p1a: Togetic\n|-singleturn|p1a: Togetic|move: Follow Me\n|cant|p1b: Bisharp|flinch\n|move|p2a: Braviary|Whirlwind|p1a: Togetic\n|drag|p1a: Haunter|Haunter, M|100\/100\n|\n|upkeep\n|turn|2\n|\n|t:|1696866716\n|move|p1a: Haunter|Shadow Ball|p2b: Salazzle\n|-damage|p2b: Salazzle|2\/100\n|move|p2b: Salazzle|Heat Wave|p1a: Haunter|[spread] p1a,p1b\n|-supereffective|p1b: Bisharp\n|-damage|p1a: Haunter|19\/100\n|-damage|p1b: Bisharp|11\/100\n|move|p1b: Bisharp|Swords Dance|p1b: Bisharp\n|-boost|p1b: Bisharp|atk|2\n|move|p2a: Braviary|Tailwind|p2a: Braviary\n|-sidestart|p2: brightecho|move: Tailwind\n|\n|upkeep\n|turn|3\n|\n|t:|1696866748\n|move|p2b: Salazzle|Helping Hand|p2a: Braviary\n|-singleturn|p2a: Braviary|Helping Hand|[of] p2b: Salazzle\n|move|p1b: Bisharp|Sucker Punch|p2a: Braviary\n|-supereffective|p2a: Braviary\n|-damage|p2a: Braviary|0 fnt\n|faint|p2a: Braviary\n|move|p1a: Haunter|Shadow Ball|p2b: Salazzle\n|-damage|p2b: Salazzle|0 fnt\n|faint|p2b: Salazzle\n|\n|upkeep\n|c|\u2606AdvancedDigit|damn\n|\n|t:|1696866757\n|switch|p2b: Stonjourner|Stonjourner, M|100\/100\n|switch|p2a: Gyarados|Gyarados, M, shiny|100\/100\n|-ability|p2a: Gyarados|Intimidate|boost\n|-unboost|p1a: Haunter|atk|1\n|-unboost|p1b: Bisharp|atk|1\n|-ability|p1b: Bisharp|Defiant|boost\n|-boost|p1b: Bisharp|atk|2\n|turn|4\n|\n|t:|1696866766\n|detailschange|p2a: Gyarados|Gyarados-Mega, M, shiny\n|-mega|p2a: Gyarados|Gyarados|Gyaradosite\n|-ability|p2a: Gyarados|Mold Breaker\n|move|p2b: Stonjourner|Protect|p2b: Stonjourner\n|-singleturn|p2b: Stonjourner|Protect\n|move|p1b: Bisharp|Sucker Punch|p2a: Gyarados\n|-resisted|p2a: Gyarados\n|-damage|p2a: Gyarados|60\/100\n|move|p2a: Gyarados|Brutal Swing|p1b: Bisharp|[spread] p1a,p1b\n|-activate|p2b: Stonjourner|move: Protect\n|-supereffective|p1a: Haunter\n|-resisted|p1b: Bisharp\n|-damage|p1a: Haunter|0 fnt\n|-damage|p1b: Bisharp|0 fnt\n|-damage|p2a: Gyarados|44\/100|[from] item: Rocky Helmet|[of] p1b: Bisharp\n|faint|p1a: Haunter\n|faint|p1b: Bisharp\n|\n|upkeep\n|\n|t:|1696866784\n|switch|p1a: Togetic|Togetic, M|100\/100\n|switch|p1b: Scyther|Scyther, F|100\/100\n|turn|5\n|\n|t:|1696866792\n|move|p1a: Togetic|Follow Me|p1a: Togetic\n|-singleturn|p1a: Togetic|move: Follow Me\n|move|p2a: Gyarados|Dragon Dance|p2a: Gyarados\n|-boost|p2a: Gyarados|atk|1\n|-boost|p2a: Gyarados|spe|1\n|move|p2b: Stonjourner|Rock Slide|p1b: Scyther|[spread] p1a,p1b\n|-supereffective|p1a: Togetic\n|-supereffective|p1b: Scyther\n|-damage|p1a: Togetic|64\/100\n|-damage|p1b: Scyther|24\/100\n|move|p1b: Scyther|Swords Dance|p1b: Scyther\n|-boost|p1b: Scyther|atk|2\n|\n|-sideend|p2: brightecho|move: Tailwind\n|upkeep\n|turn|6\n|\n|t:|1696866809\n|move|p1a: Togetic|Follow Me|p1a: Togetic\n|-singleturn|p1a: Togetic|move: Follow Me\n|move|p2a: Gyarados|Aqua Tail|p1a: Togetic\n|-damage|p1a: Togetic|0 fnt\n|faint|p1a: Togetic\n|move|p1b: Scyther|Bug Bite|p2a: Gyarados\n|-supereffective|p2a: Gyarados\n|-damage|p2a: Gyarados|0 fnt\n|faint|p2a: Gyarados\n|move|p2b: Stonjourner|Rock Slide|p1b: Scyther\n|-supereffective|p1b: Scyther\n|-damage|p1b: Scyther|0 fnt\n|faint|p1b: Scyther\n|\n|upkeep\n|\n|t:|1696866820\n|switch|p1b: Kadabra|Kadabra, F|100\/100\n|switch|p2a: Sawsbuck|Sawsbuck, F|100\/100\n|switch|p1a: Gligar|Gligar, M, shiny|100\/100\n|turn|7\n|\n|t:|1696866833\n|-terastallize|p1b: Kadabra|Psychic\n|move|p1b: Kadabra|Psychic|p2a: Sawsbuck\n|-damage|p2a: Sawsbuck|0 fnt\n|faint|p2a: Sawsbuck\n|move|p1a: Gligar|Aqua Tail|p2b: Stonjourner|[miss]\n|-miss|p1a: Gligar|p2b: Stonjourner\n|move|p2b: Stonjourner|Rock Slide|p1a: Gligar|[spread] p1a,p1b\n|-damage|p1a: Gligar|84\/100\n|-damage|p1b: Kadabra|5\/100\n|\n|upkeep\n|\n|t:|1696866845\n|switch|p2a: Florges|Florges, F|100\/100\n|turn|8\n|\n|t:|1696866855\n|move|p2a: Florges|Ally Switch|p2a: Florges\n|swap|p2a: Florges|1|[from] move: Ally Switch\n|move|p1b: Kadabra|Psychic|p2a: Stonjourner\n|-damage|p2a: Stonjourner|0 fnt\n|faint|p2a: Stonjourner\n|move|p1a: Gligar|Earthquake|p2b: Florges|[spread] p1b,p2b\n|-damage|p1b: Kadabra|0 fnt\n|-damage|p2b: Florges|71\/100\n|faint|p1b: Kadabra\n|\n|-heal|p2b: Florges|77\/100|[from] item: Leftovers\n|upkeep\n|turn|9\n|\n|t:|1696866872\n|move|p1a: Gligar|Earthquake|p2b: Florges\n|-damage|p2b: Florges|37\/100\n|move|p2b: Florges|Dazzling Gleam|p1a: Gligar\n|-damage|p1a: Gligar|58\/100\n|\n|-heal|p2b: Florges|43\/100|[from] item: Leftovers\n|upkeep\n|turn|10\n|\n|t:|1696866890\n|move|p1a: Gligar|Earthquake|p2b: Florges\n|-damage|p2b: Florges|2\/100\n|move|p2b: Florges|Skill Swap|p1a: Gligar\n|-activate|p2b: Florges|move: Skill Swap|Hyper Cutter|Symbiosis|[of] p1a: Gligar\n|\n|-heal|p2b: Florges|8\/100|[from] item: Leftovers\n|upkeep\n|turn|11\n|c|\u2606AdvancedDigit|gg\n|\n|t:|1696866899\n|move|p1a: Gligar|Earthquake|p2b: Florges\n|-damage|p2b: Florges|0 fnt\n|faint|p2b: Florges\n|\n|win|AdvancedDigit\n|raw|AdvancedDigit's rating: 1193 &rarr; <strong>1210<\/strong><br \/>(+17 for winning)\n|raw|brightecho's rating: 1081 &rarr; <strong>1066<\/strong><br \/>(-15 for losing)\n|l|\u2606brightecho\n","uploadtime":1696866905,"views":8,"p1id":"advanceddigit","p2id":"brightecho","formatid":"gen9nationaldexdoubles","rating":1066,"private":0,"password":""}