{"id":"gen9nationaldexdoubles-1965144101","p1":"zeref203","p2":"Spangly-2","format":"[Gen 9] National Dex Doubles","log":"|j|\u2606zeref203\n|j|\u2606Spangly-2\n|t:|1697045957\n|gametype|doubles\n|player|p1|zeref203|2|1295\n|player|p2|Spangly-2|red|1331\n|teamsize|p1|6\n|teamsize|p2|6\n|gen|9\n|tier|[Gen 9] National Dex Doubles\n|rated|\n|rule|HP Percentage Mod: HP is shown in percentages\n|rule|Endless Battle Clause: Forcing endless battles is banned\n|rule|OHKO Clause: OHKO moves are banned\n|rule|Evasion Moves Clause: Evasion moves are banned\n|rule|Evasion Abilities Clause: Evasion abilities are banned\n|rule|Species Clause: Limit one of each Pok\u00e9mon\n|rule|Gravity Sleep Clause: The combination of sleep-inducing moves with imperfect accuracy and Gravity or Gigantamax Orbeetle are banned\n|clearpoke\n|poke|p1|Great Tusk|\n|poke|p1|Ninetales, M|\n|poke|p1|Sableye, F|\n|poke|p1|Feraligatr, M|\n|poke|p1|Flutter Mane|\n|poke|p1|Mawile, M|\n|poke|p2|Rotom-Heat|\n|poke|p2|Manectric, F|\n|poke|p2|Iron Hands|\n|poke|p2|Eelektross, M|\n|poke|p2|Sandy Shocks|\n|poke|p2|Tapu Koko|\n|teampreview\n|inactive|Battle timer is ON: inactive players will automatically lose when time's up. (requested by Spangly-2)\n|inactive|zeref203 also wants the timer to be on.\n|inactive|Spangly-2 has 120 seconds left.\n|\n|t:|1697046015\n|start\n|switch|p1a: Ninetales|Ninetales, M|100\/100\n|switch|p1b: Flutter Mane|Flutter Mane|100\/100\n|switch|p2a: Rotom|Rotom-Heat, shiny|100\/100\n|switch|p2b: Tapu Koko|Tapu Koko|100\/100\n|-fieldstart|move: Electric Terrain|[from] ability: Electric Surge|[of] p2b: Tapu Koko\n|-weather|SunnyDay|[from] ability: Drought|[of] p1a: Ninetales\n|-activate|p1b: Flutter Mane|ability: Protosynthesis\n|-start|p1b: Flutter Mane|protosynthesisspe\n|turn|1\n|\n|t:|1697046031\n|move|p1b: Flutter Mane|Dazzling Gleam|p2a: Rotom|[spread] p2a,p2b\n|-resisted|p2a: Rotom\n|-damage|p2a: Rotom|76\/100\n|-damage|p2b: Tapu Koko|62\/100\n|move|p2b: Tapu Koko|Iron Head|p1b: Flutter Mane\n|-supereffective|p1b: Flutter Mane\n|-damage|p1b: Flutter Mane|0 fnt\n|faint|p1b: Flutter Mane\n|-end|p1b: Flutter Mane|Protosynthesis|[silent]\n|move|p1a: Ninetales|Heat Wave|p2b: Tapu Koko|[spread] p2a,p2b\n|-resisted|p2a: Rotom\n|-crit|p2b: Tapu Koko\n|-damage|p2a: Rotom|47\/100\n|-damage|p2b: Tapu Koko|0 fnt\n|faint|p2b: Tapu Koko\n|move|p2a: Rotom|Discharge|p1a: Ninetales\n|-damage|p1a: Ninetales|55\/100\n|\n|-weather|SunnyDay|[upkeep]\n|upkeep\n|inactive|Spangly-2 has 120 seconds left.\n|inactive|Spangly-2 has 90 seconds left.\n|\n|t:|1697046097\n|switch|p2b: Sandy Shocks|Sandy Shocks|100\/100\n|switch|p1b: Great Tusk|Great Tusk|100\/100\n|-activate|p2b: Sandy Shocks|ability: Protosynthesis\n|-start|p2b: Sandy Shocks|protosynthesisspa\n|-activate|p1b: Great Tusk|ability: Protosynthesis\n|-start|p1b: Great Tusk|protosynthesisatk\n|turn|2\n|\n|t:|1697046107\n|move|p1a: Ninetales|Protect|p1a: Ninetales\n|-singleturn|p1a: Ninetales|Protect\n|move|p2b: Sandy Shocks|Volt Switch|p1a: Ninetales\n|-activate|p1a: Ninetales|move: Protect\n|move|p2a: Rotom|Overheat|p1b: Great Tusk\n|-damage|p1b: Great Tusk|2\/100\n|-unboost|p2a: Rotom|spa|2\n|move|p1b: Great Tusk|Headlong Rush|p2b: Sandy Shocks\n|-supereffective|p2b: Sandy Shocks\n|-damage|p2b: Sandy Shocks|0 fnt\n|-unboost|p1b: Great Tusk|def|1\n|-unboost|p1b: Great Tusk|spd|1\n|-enditem|p1b: Great Tusk|Eject Pack\n|faint|p2b: Sandy Shocks\n|-end|p2b: Sandy Shocks|Protosynthesis|[silent]\n|\n|t:|1697046127\n|-end|p1b: Great Tusk|Protosynthesis|[silent]\n|switch|p1b: Feraligatr|Feraligatr, M|100\/100\n|\n|-weather|SunnyDay|[upkeep]\n|upkeep\n|inactive|Spangly-2 has 90 seconds left.\n|\n|t:|1697046169\n|switch|p2b: Manectric|Manectric, F|100\/100\n|turn|3\n|\n|t:|1697046179\n|switch|p1a: Great Tusk|Great Tusk|2\/100\n|-activate|p1a: Great Tusk|ability: Protosynthesis\n|-start|p1a: Great Tusk|protosynthesisatk\n|detailschange|p2b: Manectric|Manectric-Mega, F\n|-mega|p2b: Manectric|Manectric|Manectite\n|-ability|p2b: Manectric|Intimidate|boost\n|-unboost|p1a: Great Tusk|atk|1\n|-unboost|p1b: Feraligatr|atk|1\n|-terastallize|p1b: Feraligatr|Ground\n|move|p2b: Manectric|Volt Switch|p1b: Feraligatr\n|-immune|p1b: Feraligatr\n|move|p2a: Rotom|Volt Switch|p1b: Feraligatr\n|-immune|p1b: Feraligatr\n|move|p1b: Feraligatr|Dragon Dance|p1b: Feraligatr\n|-boost|p1b: Feraligatr|atk|1\n|-boost|p1b: Feraligatr|spe|1\n|\n|-weather|SunnyDay|[upkeep]\n|upkeep\n|turn|4\n|\n|t:|1697046203\n|move|p1b: Feraligatr|Rock Slide|p2b: Manectric|[spread] p2a\n|-miss|p1b: Feraligatr|p2b: Manectric\n|-supereffective|p2a: Rotom\n|-damage|p2a: Rotom|0 fnt\n|faint|p2a: Rotom\n|move|p2b: Manectric|Hidden Power|p1b: Feraligatr\n|-supereffective|p1b: Feraligatr\n|-damage|p1b: Feraligatr|48\/100\n|move|p1a: Great Tusk|Headlong Rush|p2b: Manectric\n|-supereffective|p2b: Manectric\n|-damage|p2b: Manectric|0 fnt\n|-unboost|p1a: Great Tusk|def|1\n|-unboost|p1a: Great Tusk|spd|1\n|faint|p2b: Manectric\n|\n|-weather|SunnyDay|[upkeep]\n|upkeep\n|\n|t:|1697046213\n|switch|p2b: Iron Hands|Iron Hands|100\/100\n|switch|p2a: Eelektross|Eelektross, M, shiny|100\/100\n|-activate|p2b: Iron Hands|ability: Quark Drive\n|-start|p2b: Iron Hands|quarkdriveatk\n|turn|5\n|inactive|Spangly-2 has 120 seconds left.\n|\n|t:|1697046231\n|move|p2b: Iron Hands|Fake Out|p1a: Great Tusk\n|-damage|p1a: Great Tusk|0 fnt\n|faint|p1a: Great Tusk\n|-end|p1a: Great Tusk|Protosynthesis|[silent]\n|move|p1b: Feraligatr|Liquidation|p2a: Eelektross\n|-damage|p2a: Eelektross|68\/100\n|move|p2a: Eelektross|Liquidation|p1b: Feraligatr\n|-supereffective|p1b: Feraligatr\n|-damage|p1b: Feraligatr|5\/100\n|-damage|p2a: Eelektross|58\/100|[from] item: Life Orb\n|\n|-weather|SunnyDay|[upkeep]\n|-fieldend|move: Electric Terrain\n|-end|p2b: Iron Hands|Quark Drive\n|upkeep\n|\n|t:|1697046241\n|switch|p1a: Sableye|Sableye, F|100\/100\n|turn|6\n|\n|t:|1697046250\n|move|p1a: Sableye|Will-O-Wisp|p2b: Iron Hands\n|-status|p2b: Iron Hands|brn\n|move|p1b: Feraligatr|Rock Slide|p2b: Iron Hands|[spread] p2a,p2b\n|-resisted|p2b: Iron Hands\n|-damage|p2a: Eelektross|28\/100\n|-damage|p2b: Iron Hands|91\/100 brn\n|move|p2a: Eelektross|Thunder Punch|p1a: Sableye\n|-damage|p1a: Sableye|26\/100\n|-damage|p2a: Eelektross|18\/100|[from] item: Life Orb\n|move|p2b: Iron Hands|Thunder Punch|p1a: Sableye\n|-damage|p1a: Sableye|0 fnt\n|faint|p1a: Sableye\n|\n|-weather|SunnyDay|[upkeep]\n|-damage|p2b: Iron Hands|85\/100 brn|[from] brn\n|upkeep\n|\n|t:|1697046265\n|switch|p1a: Ninetales|Ninetales, M|55\/100\n|turn|7\n|\n|t:|1697046272\n|move|p1b: Feraligatr|Rock Slide|p2b: Iron Hands|[spread] p2a,p2b\n|-crit|p2a: Eelektross\n|-resisted|p2b: Iron Hands\n|-damage|p2a: Eelektross|0 fnt\n|-damage|p2b: Iron Hands|76\/100 brn\n|faint|p2a: Eelektross\n|move|p1a: Ninetales|Heat Wave|p2b: Iron Hands\n|-damage|p2b: Iron Hands|30\/100 brn\n|move|p2b: Iron Hands|Drain Punch|p1a: Ninetales\n|-damage|p1a: Ninetales|14\/100\n|-heal|p2b: Iron Hands|41\/100 brn|[from] drain|[of] p1a: Ninetales\n|\n|-weather|SunnyDay|[upkeep]\n|-damage|p2b: Iron Hands|35\/100 brn|[from] brn\n|upkeep\n|turn|8\n|-message|Spangly-2 forfeited.\n|\n|win|zeref203\n|raw|zeref203's rating: 1295 &rarr; <strong>1323<\/strong><br \/>(+28 for winning)\n|raw|Spangly-2's rating: 1331 &rarr; <strong>1309<\/strong><br \/>(-22 for losing)\n|l|\u2606Spangly-2\n","uploadtime":1697046298,"views":10,"p1id":"zeref203","p2id":"spangly2","formatid":"gen9nationaldexdoubles","rating":1309,"private":0,"password":""}