{"id":"gen9nationaldexdoubles-1968334200","p1":"sadf adsf","p2":"Rasangar","format":"[Gen 9] National Dex Doubles","log":"|j|\u2606sadf adsf\n|j|\u2606Rasangar\n|t:|1697407221\n|gametype|doubles\n|player|p1|sadf adsf|lucas|1167\n|player|p2|Rasangar|101|1089\n|teamsize|p1|6\n|teamsize|p2|6\n|gen|9\n|tier|[Gen 9] National Dex Doubles\n|rated|\n|rule|HP Percentage Mod: HP is shown in percentages\n|rule|Endless Battle Clause: Forcing endless battles is banned\n|rule|OHKO Clause: OHKO moves are banned\n|rule|Evasion Moves Clause: Evasion moves are banned\n|rule|Evasion Abilities Clause: Evasion abilities are banned\n|rule|Species Clause: Limit one of each Pok\u00e9mon\n|rule|Gravity Sleep Clause: The combination of sleep-inducing moves with imperfect accuracy and Gravity or Gigantamax Orbeetle are banned\n|clearpoke\n|poke|p1|Indeedee-F, F|\n|poke|p1|Oranguru, F|\n|poke|p1|Glastrier|\n|poke|p1|Hoopa-Unbound|\n|poke|p1|Ursaluna, F|\n|poke|p1|Zygarde|\n|poke|p2|Amoonguss, F|\n|poke|p2|Pelipper, M|\n|poke|p2|Palafin, M|\n|poke|p2|Great Tusk|\n|poke|p2|Gholdengo|\n|poke|p2|Garganacl, M|\n|teampreview\n|inactive|Battle timer is ON: inactive players will automatically lose when time's up. (requested by sadf adsf)\n|\n|t:|1697407231\n|start\n|switch|p1a: Hoopa|Hoopa-Unbound|100\/100\n|switch|p1b: Zygarde|Zygarde|100\/100\n|switch|p2a: Palafin|Palafin, M, shiny|100\/100\n|switch|p2b: Great Tusk|Great Tusk|100\/100\n|-ability|p1b: Zygarde|Aura Break\n|-enditem|p2b: Great Tusk|Booster Energy\n|-activate|p2b: Great Tusk|ability: Protosynthesis|[fromitem]\n|-start|p2b: Great Tusk|protosynthesisdef\n|turn|1\n|\n|t:|1697407240\n|move|p2a: Palafin|Flip Turn|p1b: Zygarde\n|-damage|p1b: Zygarde|75\/100\n|\n|t:|1697407244\n|detailschange|p2a: Palafin|Palafin-Hero, M, shiny\n|switch|p2a: Pelipper|Pelipper, M|100\/100|[from] Flip Turn\n|-weather|RainDance|[from] ability: Drizzle|[of] p2a: Pelipper\n|move|p2b: Great Tusk|Ice Spinner|p1b: Zygarde\n|-supereffective|p1b: Zygarde\n|-damage|p1b: Zygarde|4\/100\n|move|p1b: Zygarde|Coil|p1b: Zygarde\n|-boost|p1b: Zygarde|atk|1\n|-boost|p1b: Zygarde|def|1\n|-boost|p1b: Zygarde|accuracy|1\n|move|p1a: Hoopa|Trick Room|p1a: Hoopa\n|-fieldstart|move: Trick Room|[of] p1a: Hoopa\n|-enditem|p1b: Zygarde|Room Service\n|-unboost|p1b: Zygarde|spe|1|[from] item: Room Service\n|-enditem|p1a: Hoopa|Room Service\n|-unboost|p1a: Hoopa|spe|1|[from] item: Room Service\n|\n|-weather|RainDance|[upkeep]\n|upkeep\n|turn|2\n|\n|t:|1697407265\n|move|p2a: Pelipper|Protect|p2a: Pelipper\n|-singleturn|p2a: Pelipper|Protect\n|move|p1a: Hoopa|Dark Pulse|p2b: Great Tusk\n|-resisted|p2b: Great Tusk\n|-damage|p2b: Great Tusk|50\/100\n|move|p1b: Zygarde|Thousand Arrows|p2a: Pelipper|[spread] p2b\n|-activate|p2a: Pelipper|move: Protect\n|-damage|p2b: Great Tusk|35\/100\n|move|p2b: Great Tusk|Earthquake|p1a: Hoopa|[spread] p1a,p1b\n|-activate|p2a: Pelipper|move: Protect\n|-damage|p1a: Hoopa|43\/100\n|-damage|p1b: Zygarde|0 fnt\n|faint|p1b: Zygarde\n|\n|-weather|RainDance|[upkeep]\n|upkeep\n|inactive|sadf adsf has 120 seconds left.\n|\n|t:|1697407283\n|switch|p1b: Ursaluna|Ursaluna, F|100\/100\n|turn|3\n|\n|t:|1697407299\n|move|p1b: Ursaluna|Facade|p2a: Pelipper\n|-damage|p2a: Pelipper|55\/100\n|move|p1a: Hoopa|Dark Pulse|p2b: Great Tusk\n|-resisted|p2b: Great Tusk\n|-damage|p2b: Great Tusk|0 fnt\n|faint|p2b: Great Tusk\n|-end|p2b: Great Tusk|Protosynthesis|[silent]\n|move|p2a: Pelipper|Tailwind|p2a: Pelipper\n|-sidestart|p2: Rasangar|move: Tailwind\n|\n|-weather|RainDance|[upkeep]\n|-status|p1b: Ursaluna|brn|[from] item: Flame Orb\n|upkeep\n|\n|t:|1697407307\n|switch|p2b: Palafin|Palafin-Hero, M, shiny|100\/100\n|-activate|p2b: Palafin|ability: Zero to Hero\n|turn|4\n|\n|t:|1697407328\n|switch|p1a: Indeedee|Indeedee-F, F|100\/100\n|-fieldstart|move: Psychic Terrain|[from] ability: Psychic Surge|[of] p1a: Indeedee\n|-terastallize|p2b: Palafin|Water\n|move|p2b: Palafin|Jet Punch|p1b: Ursaluna\n|-activate|p1b: Ursaluna|move: Psychic Terrain\n|move|p1b: Ursaluna|Facade|p2b: Palafin\n|-damage|p2b: Palafin|0 fnt\n|faint|p2b: Palafin\n|move|p2a: Pelipper|Hurricane|p1b: Ursaluna\n|-damage|p1b: Ursaluna|56\/100 brn\n|-start|p1b: Ursaluna|confusion\n|\n|-weather|RainDance|[upkeep]\n|-damage|p1b: Ursaluna|49\/100 brn|[from] brn\n|upkeep\n|\n|t:|1697407340\n|switch|p2b: Amoonguss|Amoonguss, F, shiny|100\/100\n|turn|5\n|\n|t:|1697407349\n|-activate|p1b: Ursaluna|confusion\n|-damage|p1b: Ursaluna|38\/100 brn|[from] confusion\n|move|p1a: Indeedee|Heal Pulse|p1b: Ursaluna\n|-heal|p1b: Ursaluna|88\/100 brn\n|move|p2b: Amoonguss|Spore|p1a: Indeedee\n|-status|p1a: Indeedee|slp|[from] move: Spore\n|move|p2a: Pelipper|Hurricane|p1b: Ursaluna\n|-damage|p1b: Ursaluna|40\/100 brn\n|\n|-weather|RainDance|[upkeep]\n|-damage|p1b: Ursaluna|33\/100 brn|[from] brn\n|-fieldend|move: Trick Room\n|upkeep\n|turn|6\n|\n|t:|1697407370\n|switch|p2b: Garganacl|Garganacl, M|100\/100\n|-activate|p1b: Ursaluna|confusion\n|move|p1b: Ursaluna|Protect|p1b: Ursaluna\n|-singleturn|p1b: Ursaluna|Protect\n|move|p2a: Pelipper|Hurricane|p1b: Ursaluna\n|-activate|p1b: Ursaluna|move: Protect\n|cant|p1a: Indeedee|slp\n|\n|-weather|RainDance|[upkeep]\n|-damage|p1b: Ursaluna|27\/100 brn|[from] brn\n|-sideend|p2: Rasangar|move: Tailwind\n|upkeep\n|turn|7\n|inactive|sadf adsf has 120 seconds left.\n|\n|t:|1697407401\n|-end|p1b: Ursaluna|confusion\n|move|p1b: Ursaluna|Protect||[still]\n|-fail|p1b: Ursaluna\n|move|p2a: Pelipper|Hurricane|p1b: Ursaluna\n|-crit|p1b: Ursaluna\n|-damage|p1b: Ursaluna|0 fnt\n|faint|p1b: Ursaluna\n|move|p2b: Garganacl|Curse|p2b: Garganacl\n|-unboost|p2b: Garganacl|spe|1\n|-boost|p2b: Garganacl|atk|1\n|-boost|p2b: Garganacl|def|1\n|cant|p1a: Indeedee|slp\n|\n|-weather|RainDance|[upkeep]\n|upkeep\n|inactive|sadf adsf has 120 seconds left.\n|\n|t:|1697407425\n|switch|p1b: Hoopa|Hoopa-Unbound|43\/100\n|turn|8\n|\n|t:|1697407440\n|move|p2a: Pelipper|Tailwind|p2a: Pelipper\n|-sidestart|p2: Rasangar|move: Tailwind\n|move|p1b: Hoopa|Dark Pulse|p2b: Garganacl\n|-damage|p2b: Garganacl|47\/100\n|-item|p1b: Hoopa|Leftovers|[from] ability: Magician|[of] p2b: Garganacl\n|move|p2b: Garganacl|Curse|p2b: Garganacl\n|-unboost|p2b: Garganacl|spe|1\n|-boost|p2b: Garganacl|atk|1\n|-boost|p2b: Garganacl|def|1\n|cant|p1a: Indeedee|slp\n|\n|-weather|none\n|-heal|p1b: Hoopa|49\/100|[from] item: Leftovers\n|-fieldend|move: Psychic Terrain\n|upkeep\n|turn|9\n|\n|t:|1697407457\n|move|p2a: Pelipper|Hurricane|p1b: Hoopa|[miss]\n|-miss|p2a: Pelipper|p1b: Hoopa\n|move|p1b: Hoopa|Dark Pulse|p2b: Garganacl\n|-damage|p2b: Garganacl|0 fnt\n|faint|p2b: Garganacl\n|-curestatus|p1a: Indeedee|slp|[msg]\n|move|p1a: Indeedee|Trick Room|p1a: Indeedee\n|-fieldstart|move: Trick Room|[of] p1a: Indeedee\n|\n|-heal|p1b: Hoopa|55\/100|[from] item: Leftovers\n|upkeep\n|\n|t:|1697407463\n|switch|p2b: Gholdengo|Gholdengo|100\/100\n|turn|10\n|\n|t:|1697407476\n|move|p1a: Indeedee|Helping Hand|p1b: Hoopa\n|-singleturn|p1b: Hoopa|Helping Hand|[of] p1a: Indeedee\n|move|p1b: Hoopa|Dark Pulse|p2b: Gholdengo\n|-supereffective|p2b: Gholdengo\n|-damage|p2b: Gholdengo|0 fnt\n|faint|p2b: Gholdengo\n|move|p2a: Pelipper|Hurricane|p1b: Hoopa|[miss]\n|-miss|p2a: Pelipper|p1b: Hoopa\n|\n|-heal|p1b: Hoopa|61\/100|[from] item: Leftovers\n|upkeep\n|\n|t:|1697407481\n|switch|p2b: Amoonguss|Amoonguss, F, shiny|100\/100\n|turn|11\n|\n|t:|1697407490\n|move|p1a: Indeedee|Follow Me|p1a: Indeedee\n|-singleturn|p1a: Indeedee|move: Follow Me\n|move|p1b: Hoopa|Psyshock|p2b: Amoonguss\n|-supereffective|p2b: Amoonguss\n|-damage|p2b: Amoonguss|3\/100\n|move|p2b: Amoonguss|Spore|p1a: Indeedee\n|-status|p1a: Indeedee|slp|[from] move: Spore\n|move|p2a: Pelipper|Hurricane|p1a: Indeedee|[miss]\n|-miss|p2a: Pelipper|p1a: Indeedee\n|\n|-heal|p1b: Hoopa|67\/100|[from] item: Leftovers\n|-sideend|p2: Rasangar|move: Tailwind\n|upkeep\n|turn|12\n|\n|t:|1697407501\n|cant|p1a: Indeedee|slp\n|move|p2b: Amoonguss|Giga Drain|p1b: Hoopa\n|-damage|p1b: Hoopa|50\/100\n|-heal|p2b: Amoonguss|11\/100|[from] drain|[of] p1b: Hoopa\n|move|p1b: Hoopa|Dark Pulse|p2b: Amoonguss\n|-damage|p2b: Amoonguss|0 fnt\n|faint|p2b: Amoonguss\n|move|p2a: Pelipper|Hurricane|p1b: Hoopa\n|-crit|p1b: Hoopa\n|-damage|p1b: Hoopa|0 fnt\n|faint|p1b: Hoopa\n|\n|upkeep\n|\n|t:|1697407513\n|switch|p1b: Glastrier|Glastrier|100\/100\n|turn|13\n|\n|t:|1697407520\n|-terastallize|p1b: Glastrier|Ice\n|-curestatus|p1a: Indeedee|slp|[msg]\n|move|p1a: Indeedee|Follow Me|p1a: Indeedee\n|-singleturn|p1a: Indeedee|move: Follow Me\n|move|p1b: Glastrier|Icicle Spear|p2a: Pelipper\n|-damage|p2a: Pelipper|33\/100\n|-damage|p2a: Pelipper|11\/100\n|-damage|p2a: Pelipper|0 fnt\n|faint|p2a: Pelipper\n|-hitcount|p2: Pelipper|3\n|\n|win|sadf adsf\n|raw|sadf adsf's rating: 1167 &rarr; <strong>1186<\/strong><br \/>(+19 for winning)\n|raw|Rasangar's rating: 1089 &rarr; <strong>1071<\/strong><br \/>(-18 for losing)\n|l|\u2606Rasangar\n","uploadtime":1697407532,"views":7,"p1id":"sadfadsf","p2id":"rasangar","formatid":"gen9nationaldexdoubles","rating":1071,"private":0,"password":""}