{"id":"gen9nationaldexdoubles-1959714837","p1":"CharmanditoABM","p2":"PanaMomos","format":"[Gen 9] National Dex Doubles","log":"|j|\u2606CharmanditoABM\n|j|\u2606PanaMomos\n|t:|1696449212\n|gametype|doubles\n|player|p1|CharmanditoABM|cynthia-gen4|\n|player|p2|PanaMomos|will|\n|teamsize|p1|6\n|teamsize|p2|6\n|gen|9\n|tier|[Gen 9] National Dex Doubles\n|rule|HP Percentage Mod: HP is shown in percentages\n|rule|Endless Battle Clause: Forcing endless battles is banned\n|rule|OHKO Clause: OHKO moves are banned\n|rule|Evasion Moves Clause: Evasion moves are banned\n|rule|Evasion Abilities Clause: Evasion abilities are banned\n|rule|Species Clause: Limit one of each Pok\u00e9mon\n|rule|Gravity Sleep Clause: The combination of sleep-inducing moves with imperfect accuracy and Gravity or Gigantamax Orbeetle are banned\n|clearpoke\n|poke|p1|Azumarill, M|\n|poke|p1|Pelipper, F|\n|poke|p1|Swampert, F|\n|poke|p1|Dracovish|\n|poke|p1|Blastoise, F|\n|poke|p1|Greninja-*, M|\n|poke|p2|Corviknight, F|\n|poke|p2|Enamorus, F|\n|poke|p2|Minior|\n|poke|p2|Thundurus-Therian, M|\n|poke|p2|Pinsir, F|\n|poke|p2|Togekiss, F|\n|teampreview\n|inactive|Battle timer is ON: inactive players will automatically lose when time's up. (requested by PanaMomos)\n|c|\u2606CharmanditoABM|Voy a jugar a lo random\n|c|\u2606PanaMomos|y yo\n|c|\u2606PanaMomos|xd\n|inactive|PanaMomos has 270 seconds left.\n|\n|t:|1696449248\n|start\n|switch|p1a: Sasaki|Pelipper, F|100\/100\n|switch|p1b: Mordisquitos|Dracovish, shiny|100\/100\n|switch|p2a: Corviknight|Corviknight, F|100\/100\n|switch|p2b: Thundurus|Thundurus-Therian, M|100\/100\n|-ability|p2a: Corviknight|Pressure\n|-weather|RainDance|[from] ability: Drizzle|[of] p1a: Sasaki\n|turn|1\n|c|\u2606CharmanditoABM|Prohibimos espectadores?\n|c|\u2606CharmanditoABM|Por andnd\n|c|\u2606PanaMomos|a\n|c|\u2606PanaMomos|porfi\n|inactive|PanaMomos has 270 seconds left.\n|c|\u2606CharmanditoABM|Est\u00e1n off\n|c|\u2606CharmanditoABM|Creo\n|\n|t:|1696449295\n|-terastallize|p1b: Mordisquitos|Water\n|move|p2b: Thundurus|Protect|p2b: Thundurus\n|-singleturn|p2b: Thundurus|Protect\n|move|p1b: Mordisquitos|Fishious Rend|p2a: Corviknight\n|-damage|p2a: Corviknight|0 fnt\n|faint|p2a: Corviknight\n|move|p1a: Sasaki|Tailwind|p1a: Sasaki\n|-sidestart|p1: CharmanditoABM|move: Tailwind\n|\n|-weather|RainDance|[upkeep]\n|upkeep\n|\n|t:|1696449307\n|switch|p2a: Pinsir|Pinsir, F|100\/100\n|turn|2\n|c|\u2606CharmanditoABM|Soy la mente maestra\n|inactive|PanaMomos has 270 seconds left.\n|\n|t:|1696449317\n|detailschange|p2a: Pinsir|Pinsir-Mega, F\n|-mega|p2a: Pinsir|Pinsir|Pinsirite\n|move|p1b: Mordisquitos|Fishious Rend|p2b: Thundurus\n|-damage|p2b: Thundurus|0 fnt\n|faint|p2b: Thundurus\n|move|p2a: Pinsir|Return|p1b: Mordisquitos\n|-damage|p1b: Mordisquitos|17\/100\n|move|p1a: Sasaki|Hurricane|p2a: Pinsir\n|-supereffective|p2a: Pinsir\n|-damage|p2a: Pinsir|0 fnt\n|faint|p2a: Pinsir\n|\n|-weather|RainDance|[upkeep]\n|upkeep\n|\n|t:|1696449337\n|switch|p2a: Florencia|Togekiss, F|100\/100\n|switch|p2b: Minior|Minior|100\/100\n|-formechange|p2b: Minior|Minior-Meteor||[from] ability: Shields Down\n|turn|3\n|inactive|PanaMomos has 270 seconds left.\n|\n|t:|1696449355\n|move|p1b: Mordisquitos|Fishious Rend|p2b: Minior\n|-supereffective|p2b: Minior\n|-enditem|p2b: Minior|Focus Sash\n|-damage|p2b: Minior|1\/100\n|move|p1a: Sasaki|Hurricane|p2a: Florencia\n|-damage|p2a: Florencia|69\/100\n|move|p2b: Minior|Rock Slide|p1b: Mordisquitos|[spread] p1a,p1b\n|-supereffective|p1a: Sasaki\n|-damage|p1a: Sasaki|67\/100\n|-damage|p1b: Mordisquitos|0 fnt\n|faint|p1b: Mordisquitos\n|move|p2a: Florencia|Thunder Wave|p1a: Sasaki\n|-status|p1a: Sasaki|par\n|\n|-weather|RainDance|[upkeep]\n|-formechange|p2b: Minior|Minior||[from] ability: Shields Down\n|upkeep\n|\n|t:|1696449363\n|switch|p1b: Greninja|Greninja, M|100\/100\n|turn|4\n|\n|t:|1696449373\n|move|p1b: Greninja|Ice Beam|p2a: Florencia\n|-supereffective|p2a: Florencia\n|-damage|p2a: Florencia|22\/100\n|move|p2b: Minior|Rock Slide|p1a: Sasaki|[spread] p1a,p1b\n|-supereffective|p1a: Sasaki\n|-damage|p1a: Sasaki|24\/100 par\n|-damage|p1b: Greninja|58\/100\n|move|p2a: Florencia|Thunder Wave|p1b: Greninja\n|-status|p1b: Greninja|par\n|cant|p1a: Sasaki|flinch\n|\n|-weather|RainDance|[upkeep]\n|-sideend|p1: CharmanditoABM|move: Tailwind\n|upkeep\n|turn|5\n|\n|t:|1696449385\n|move|p2b: Minior|Rock Slide|p1a: Sasaki|[spread] p1a,p1b\n|-supereffective|p1a: Sasaki\n|-damage|p1a: Sasaki|0 fnt\n|-damage|p1b: Greninja|17\/100 par\n|faint|p1a: Sasaki\n|move|p2a: Florencia|Roost|p2a: Florencia\n|-heal|p2a: Florencia|72\/100\n|-singleturn|p2a: Florencia|move: Roost\n|cant|p1b: Greninja|flinch\n|\n|-weather|RainDance|[upkeep]\n|upkeep\n|\n|t:|1696449392\n|switch|p1a: Poseidon|Swampert, F|100\/100\n|turn|6\n|\n|t:|1696449401\n|detailschange|p1a: Poseidon|Swampert-Mega, F\n|-mega|p1a: Poseidon|Swampert|Swampertite\n|move|p1b: Greninja|Water Shuriken|p2b: Minior\n|-supereffective|p2b: Minior\n|-damage|p2b: Minior|0 fnt\n|faint|p2b: Minior\n|-ability|p1b: Greninja|Battle Bond|boost\n|-boost|p1b: Greninja|atk|1\n|-boost|p1b: Greninja|spa|1\n|-boost|p1b: Greninja|spe|1\n|-activate|p1b: Greninja|ability: Battle Bond\n|-hitcount|p2: Minior|1\n|move|p1a: Poseidon|Ice Punch|p2a: Florencia\n|-supereffective|p2a: Florencia\n|-damage|p2a: Florencia|29\/100\n|move|p2a: Florencia|Roost|p2a: Florencia\n|-heal|p2a: Florencia|79\/100\n|-singleturn|p2a: Florencia|move: Roost\n|\n|-weather|RainDance|[upkeep]\n|upkeep\n|\n|t:|1696449407\n|switch|p2b: Enamorus|Enamorus, F|100\/100\n|turn|7\n|c|\u2606CharmanditoABM|Tienes una suerte que no te la aguantas\n|\n|t:|1696449430\n|-terastallize|p2b: Enamorus|Fairy\n|cant|p1b: Greninja|par\n|move|p1a: Poseidon|Waterfall|p2b: Enamorus\n|-damage|p2b: Enamorus|0 fnt\n|faint|p2b: Enamorus\n|move|p2a: Florencia|Air Slash|p1a: Poseidon\n|-damage|p1a: Poseidon|74\/100\n|\n|-weather|RainDance|[upkeep]\n|upkeep\n|turn|8\n|c|\u2606PanaMomos|fuck\n|\n|t:|1696449441\n|cant|p1b: Greninja|par\n|move|p1a: Poseidon|Waterfall|p2a: Florencia\n|-damage|p2a: Florencia|26\/100\n|move|p2a: Florencia|Air Slash|p1b: Greninja\n|-damage|p1b: Greninja|0 fnt\n|faint|p1b: Greninja\n|\n|-weather|none\n|upkeep\n|c|\u2606CharmanditoABM|GRENINJA PUTERO\n|\n|t:|1696449452\n|switch|p1b: Ca\u00f1onazo|Blastoise, F|100\/100\n|turn|9\n|\n|t:|1696449456\n|move|p1b: Ca\u00f1onazo|Scald|p2a: Florencia\n|-damage|p2a: Florencia|1\/100\n|move|p1a: Poseidon|Waterfall|p2a: Florencia\n|-damage|p2a: Florencia|0 fnt\n|faint|p2a: Florencia\n|\n|win|CharmanditoABM\n|c|\u2606CharmanditoABM|Gg\n|c|\u2606PanaMomos|increible\n","uploadtime":1696449465,"views":6,"p1id":"charmanditoabm","p2id":"panamomos","formatid":"gen9nationaldexdoubles","rating":0,"private":0,"password":""}