{"id":"gen9nationaldexdoubles-1958089472","p1":"nombre epico.jpg","p2":"EmX_14","format":"[Gen 9] National Dex Doubles","log":"|j|\u2606nombre epico.jpg\n|j|\u2606EmX_14\n|t:|1696286890\n|gametype|doubles\n|player|p1|nombre epico.jpg|shauntal|1198\n|player|p2|EmX_14|rood|1121\n|teamsize|p1|6\n|teamsize|p2|6\n|gen|9\n|tier|[Gen 9] National Dex Doubles\n|rated|\n|rule|HP Percentage Mod: HP is shown in percentages\n|rule|Endless Battle Clause: Forcing endless battles is banned\n|rule|OHKO Clause: OHKO moves are banned\n|rule|Evasion Moves Clause: Evasion moves are banned\n|rule|Evasion Abilities Clause: Evasion abilities are banned\n|rule|Species Clause: Limit one of each Pok\u00e9mon\n|rule|Gravity Sleep Clause: The combination of sleep-inducing moves with imperfect accuracy and Gravity or Gigantamax Orbeetle are banned\n|clearpoke\n|poke|p1|Weavile, F|\n|poke|p1|Ribombee, F|\n|poke|p1|Dragonite, F|\n|poke|p1|Gliscor, F|\n|poke|p1|Metagross|\n|poke|p1|Manaphy|\n|poke|p2|Iron Bundle|\n|poke|p2|Tapu Koko|\n|poke|p2|Iron Moth|\n|poke|p2|Jolteon, M|\n|poke|p2|Whimsicott, F|\n|poke|p2|Raichu-Alola, M|\n|teampreview\n|inactive|Battle timer is ON: inactive players will automatically lose when time's up. (requested by EmX_14)\n|\n|t:|1696286907\n|start\n|switch|p1a: Weavile|Weavile, F|100\/100\n|switch|p1b: Ribombee|Ribombee, F, shiny|100\/100\n|switch|p2a: Whimsicott|Whimsicott, F, shiny|100\/100\n|switch|p2b: Iron Moth|Iron Moth|100\/100\n|-ability|p1a: Weavile|Pressure\n|turn|1\n|\n|t:|1696286923\n|-end|p2b: Iron Moth|Quark Drive|[silent]\n|switch|p2b: Tapu Koko|Tapu Koko|100\/100\n|-fieldstart|move: Electric Terrain|[from] ability: Electric Surge|[of] p2b: Tapu Koko\n|-enditem|p2a: Whimsicott|Electric Seed\n|-boost|p2a: Whimsicott|def|1|[from] item: Electric Seed\n|move|p2a: Whimsicott|Taunt|p1b: Ribombee\n|-start|p1b: Ribombee|move: Taunt\n|move|p1a: Weavile|Triple Axel|p2a: Whimsicott\n|-supereffective|p2a: Whimsicott\n|-damage|p2a: Whimsicott|84\/100\n|-supereffective|p2a: Whimsicott\n|-damage|p2a: Whimsicott|52\/100\n|-supereffective|p2a: Whimsicott\n|-damage|p2a: Whimsicott|5\/100\n|-hitcount|p2a: Whimsicott|3\n|cant|p1b: Ribombee|move: Taunt|Light Screen\n|\n|upkeep\n|turn|2\n|inactive|EmX_14 has 120 seconds left.\n|\n|t:|1696286964\n|switch|p1b: Gliscor|Gliscor, F, shiny|100\/100\n|switch|p2a: Raichu|Raichu-Alola, M|100\/100\n|move|p1a: Weavile|Ice Shard|p2a: Raichu\n|-damage|p2a: Raichu|74\/100\n|move|p2b: Tapu Koko|Volt Switch|p1a: Weavile\n|-damage|p1a: Weavile|59\/100\n|\n|t:|1696286968\n|switch|p2b: Iron Bundle|Iron Bundle|100\/100|[from] Volt Switch\n|-activate|p2b: Iron Bundle|ability: Quark Drive\n|-start|p2b: Iron Bundle|quarkdrivespe\n|\n|-status|p1b: Gliscor|tox|[from] item: Toxic Orb\n|upkeep\n|turn|3\n|\n|t:|1696286986\n|move|p1b: Gliscor|Protect|p1b: Gliscor\n|-singleturn|p1b: Gliscor|Protect\n|move|p2b: Iron Bundle|Freeze-Dry|p1b: Gliscor\n|-activate|p1b: Gliscor|move: Protect\n|move|p2a: Raichu|Wish|p2a: Raichu\n|move|p1a: Weavile|Night Slash|p2a: Raichu\n|-supereffective|p2a: Raichu\n|-crit|p2a: Raichu\n|-damage|p2a: Raichu|0 fnt\n|faint|p2a: Raichu\n|\n|upkeep\n|\n|t:|1696286995\n|switch|p2a: Whimsicott|Whimsicott, F, shiny|5\/100\n|turn|4\n|\n|t:|1696287024\n|switch|p2a: Tapu Koko|Tapu Koko|100\/100\n|switch|p1b: Metagross|Metagross, shiny|100\/100\n|move|p1a: Weavile|Ice Shard|p2a: Tapu Koko\n|-damage|p2a: Tapu Koko|81\/100\n|move|p2b: Iron Bundle|Freeze-Dry|p1b: Metagross\n|-resisted|p1b: Metagross\n|-crit|p1b: Metagross\n|-damage|p1b: Metagross|62\/100\n|-damage|p2b: Iron Bundle|91\/100|[from] item: Life Orb\n|\n|-heal|p2a: Tapu Koko|100\/100|[from] move: Wish|[wisher] Raichu\n|upkeep\n|turn|5\n|\n|t:|1696287048\n|switch|p1a: Gliscor|Gliscor, F, shiny|100\/100 tox\n|detailschange|p1b: Metagross|Metagross-Mega, shiny\n|-mega|p1b: Metagross|Metagross|Metagrossite\n|move|p2b: Iron Bundle|U-turn|p1a: Gliscor\n|-resisted|p1a: Gliscor\n|-damage|p1a: Gliscor|94\/100 tox\n|-damage|p2b: Iron Bundle|81\/100|[from] item: Life Orb\n|\n|t:|1696287056\n|-end|p2b: Iron Bundle|Quark Drive|[silent]\n|switch|p2b: Iron Moth|Iron Moth|100\/100|[from] U-turn\n|-activate|p2b: Iron Moth|ability: Quark Drive\n|-start|p2b: Iron Moth|quarkdrivespa\n|move|p2a: Tapu Koko|Taunt|p1b: Metagross\n|-start|p1b: Metagross|move: Taunt\n|move|p1b: Metagross|Meteor Mash|p2a: Tapu Koko\n|-damage|p2a: Tapu Koko|37\/100\n|\n|-heal|p1a: Gliscor|100\/100 tox|[from] ability: Poison Heal\n|upkeep\n|turn|6\n|\n|t:|1696287072\n|switch|p1b: Dragonite|Dragonite, F|100\/100\n|move|p2b: Iron Moth|Heat Wave|p1b: Dragonite|[spread] p1a,p1b\n|-resisted|p1b: Dragonite\n|-damage|p1a: Gliscor|43\/100 tox\n|-damage|p1b: Dragonite|88\/100\n|move|p2a: Tapu Koko|Roost|p2a: Tapu Koko\n|-heal|p2a: Tapu Koko|87\/100\n|-singleturn|p2a: Tapu Koko|move: Roost\n|move|p1a: Gliscor|Earthquake|p2b: Iron Moth|[spread] p2a,p2b\n|-immune|p1b: Dragonite\n|-supereffective|p2a: Tapu Koko\n|-supereffective|p2b: Iron Moth\n|-crit|p2b: Iron Moth\n|-damage|p2a: Tapu Koko|26\/100\n|-enditem|p2b: Iron Moth|Focus Sash\n|-damage|p2b: Iron Moth|1\/100\n|\n|-heal|p1a: Gliscor|56\/100 tox|[from] ability: Poison Heal\n|upkeep\n|turn|7\n|\n|t:|1696287092\n|move|p1b: Dragonite|Extreme Speed|p2b: Iron Moth\n|-damage|p2b: Iron Moth|0 fnt\n|faint|p2b: Iron Moth\n|-end|p2b: Iron Moth|Quark Drive|[silent]\n|move|p2a: Tapu Koko|Roost|p2a: Tapu Koko\n|-heal|p2a: Tapu Koko|76\/100\n|-singleturn|p2a: Tapu Koko|move: Roost\n|move|p1a: Gliscor|Earthquake|p2a: Tapu Koko|[spread] p2a\n|-immune|p1b: Dragonite\n|-supereffective|p2a: Tapu Koko\n|-damage|p2a: Tapu Koko|15\/100\n|\n|-heal|p1a: Gliscor|68\/100 tox|[from] ability: Poison Heal\n|upkeep\n|\n|t:|1696287097\n|switch|p2b: Jolteon|Jolteon, M|100\/100\n|turn|8\n|\n|t:|1696287113\n|move|p1b: Dragonite|Extreme Speed|p2b: Jolteon\n|-damage|p2b: Jolteon|47\/100\n|move|p2b: Jolteon|Hidden Power|p1a: Gliscor\n|-supereffective|p1a: Gliscor\n|-damage|p1a: Gliscor|0 fnt\n|faint|p1a: Gliscor\n|move|p2a: Tapu Koko|Roost|p2a: Tapu Koko\n|-heal|p2a: Tapu Koko|65\/100\n|-singleturn|p2a: Tapu Koko|move: Roost\n|\n|-fieldend|move: Electric Terrain\n|upkeep\n|\n|t:|1696287126\n|switch|p1a: Ribombee|Ribombee, F, shiny|100\/100\n|turn|9\n|\n|t:|1696287138\n|switch|p2b: Iron Bundle|Iron Bundle|81\/100\n|move|p1b: Dragonite|Extreme Speed|p2b: Iron Bundle\n|-damage|p2b: Iron Bundle|49\/100\n|move|p1a: Ribombee|Light Screen|p1a: Ribombee\n|-sidestart|p1: nombre epico.jpg|move: Light Screen\n|move|p2a: Tapu Koko|Taunt|p1a: Ribombee\n|-start|p1a: Ribombee|move: Taunt\n|\n|upkeep\n|turn|10\n|\n|t:|1696287155\n|switch|p1b: Metagross|Metagross-Mega, shiny|62\/100\n|move|p2b: Iron Bundle|Freeze-Dry|p1b: Metagross\n|-resisted|p1b: Metagross\n|-damage|p1b: Metagross|47\/100\n|-damage|p2b: Iron Bundle|39\/100|[from] item: Life Orb\n|move|p1a: Ribombee|Dazzling Gleam|p2a: Tapu Koko|[spread] p2a,p2b\n|-damage|p2a: Tapu Koko|45\/100\n|-damage|p2b: Iron Bundle|0 fnt\n|faint|p2b: Iron Bundle\n|-end|p2b: Iron Bundle|Quark Drive|[silent]\n|move|p2a: Tapu Koko|Volt Switch|p1b: Metagross\n|-damage|p1b: Metagross|33\/100\n|inactive|EmX_14 has 120 seconds left.\n|\n|t:|1696287186\n|switch|p2a: Jolteon|Jolteon, M|47\/100|[from] Volt Switch\n|\n|upkeep\n|\n|t:|1696287189\n|switch|p2b: Tapu Koko|Tapu Koko|45\/100\n|-fieldstart|move: Electric Terrain|[from] ability: Electric Surge|[of] p2b: Tapu Koko\n|turn|11\n|\n|t:|1696287197\n|-terastallize|p2a: Jolteon|Electric\n|move|p2a: Jolteon|Rising Voltage|p1b: Metagross\n|-hint|Rising Voltage's BP doubled on grounded target.\n|-damage|p1b: Metagross|0 fnt\n|faint|p1b: Metagross\n|move|p1a: Ribombee|Dazzling Gleam|p2a: Jolteon|[spread] p2a,p2b\n|-damage|p2a: Jolteon|17\/100\n|-damage|p2b: Tapu Koko|25\/100\n|move|p2b: Tapu Koko|Volt Switch|p1a: Ribombee\n|-damage|p1a: Ribombee|71\/100\n|\n|t:|1696287217\n|switch|p2b: Whimsicott|Whimsicott, F, shiny|5\/100|[from] Volt Switch\n|\n|upkeep\n|\n|t:|1696287223\n|switch|p1b: Manaphy|Manaphy, shiny|100\/100\n|turn|12\n|c|\u2606EmX_14|Gg\n|\n|t:|1696287231\n|-terastallize|p1b: Manaphy|Fairy\n|move|p2a: Jolteon|Rising Voltage|p1b: Manaphy\n|-hint|Rising Voltage's BP doubled on grounded target.\n|-damage|p1b: Manaphy|0 fnt\n|faint|p1b: Manaphy\n|move|p1a: Ribombee|Dazzling Gleam|p2b: Whimsicott|[spread] p2a,p2b\n|-damage|p2a: Jolteon|0 fnt\n|-damage|p2b: Whimsicott|0 fnt\n|faint|p2a: Jolteon\n|faint|p2b: Whimsicott\n|\n|-end|p1a: Ribombee|move: Taunt\n|upkeep\n|-message|EmX_14 forfeited.\n|\n|win|nombre epico.jpg\n|raw|nombre epico.jpg's rating: 1198 &rarr; <strong>1218<\/strong><br \/>(+20 for winning)\n|raw|EmX_14's rating: 1121 &rarr; <strong>1101<\/strong><br \/>(-20 for losing)\n|l|\u2606EmX_14\n","uploadtime":1696287247,"views":12,"p1id":"nombreepicojpg","p2id":"emx14","formatid":"gen9nationaldexdoubles","rating":1101,"private":0,"password":""}