{"id":"gen9nationaldexdoubles-1947950395","p1":"Green133","p2":"annoying oranje","format":"[Gen 9] National Dex Doubles","log":"|j|\u2606Green133\n|j|\u2606annoying oranje\n|t:|1695219353\n|gametype|doubles\n|player|p1|Green133|blue|\n|player|p2|annoying oranje|lyra|\n|teamsize|p1|6\n|teamsize|p2|6\n|gen|9\n|tier|[Gen 9] National Dex Doubles\n|rule|HP Percentage Mod: HP is shown in percentages\n|rule|Endless Battle Clause: Forcing endless battles is banned\n|rule|OHKO Clause: OHKO moves are banned\n|rule|Evasion Moves Clause: Evasion moves are banned\n|rule|Evasion Abilities Clause: Evasion abilities are banned\n|rule|Species Clause: Limit one of each Pok\u00e9mon\n|rule|Gravity Sleep Clause: The combination of sleep-inducing moves with imperfect accuracy and Gravity or Gigantamax Orbeetle are banned\n|clearpoke\n|poke|p1|Rillaboom, F|\n|poke|p1|Lucario, M|\n|poke|p1|Maushold-Four|\n|poke|p1|Ceruledge, M|\n|poke|p1|Torkoal, M|\n|poke|p1|Walking Wake|\n|poke|p2|Maushold-Four|\n|poke|p2|Landorus-Therian, M|\n|poke|p2|Whimsicott, M|\n|poke|p2|Marshadow|\n|poke|p2|Virizion|\n|poke|p2|Terrakion|\n|teampreview\n|l|\u2606Green133\n|player|p1|\n|j|\u2606Green133\n|player|p1|Green133|blue\n|l|\u2606Green133\n|player|p1|\n|j|\u2606Green133\n|player|p1|Green133|blue\n|\n|t:|1695219646\n|start\n|switch|p1a: Clint Eastwood|Rillaboom, F|100\/100\n|switch|p1b: Ohio is for Lovers|Maushold-Four|100\/100\n|switch|p2a: Lando Calrissian|Landorus-Therian, M|100\/100\n|switch|p2b: Yummy in my tummy|Marshadow|100\/100\n|-ability|p2a: Lando Calrissian|Intimidate|boost\n|-unboost|p1a: Clint Eastwood|atk|1\n|-unboost|p1b: Ohio is for Lovers|atk|1\n|-fieldstart|move: Grassy Terrain|[from] ability: Grassy Surge|[of] p1a: Clint Eastwood\n|turn|1\n|\n|t:|1695219693\n|move|p2b: Yummy in my tummy|Iron Head|p1b: Ohio is for Lovers\n|-damage|p1b: Ohio is for Lovers|50\/100\n|-damage|p2b: Yummy in my tummy|84\/100|[from] item: Rocky Helmet|[of] p1b: Ohio is for Lovers\n|move|p1b: Ohio is for Lovers|U-turn|p2b: Yummy in my tummy\n|-resisted|p2b: Yummy in my tummy\n|-crit|p2b: Yummy in my tummy\n|-damage|p2b: Yummy in my tummy|78\/100\n|\n|t:|1695219708\n|switch|p1b: The Pretender|Lucario, M|100\/100|[from] U-turn\n|move|p2a: Lando Calrissian|Rock Slide|p1a: Clint Eastwood|[spread] p1a,p1b\n|-resisted|p1b: The Pretender\n|-damage|p1a: Clint Eastwood|82\/100\n|-damage|p1b: The Pretender|92\/100\n|move|p1a: Clint Eastwood|Knock Off|p2b: Yummy in my tummy\n|-damage|p2b: Yummy in my tummy|53\/100\n|-enditem|p2b: Yummy in my tummy|Choice Band|[from] move: Knock Off|[of] p1a: Clint Eastwood\n|\n|-heal|p2b: Yummy in my tummy|59\/100|[from] Grassy Terrain\n|-heal|p1b: The Pretender|98\/100|[from] Grassy Terrain\n|-heal|p1a: Clint Eastwood|88\/100|[from] Grassy Terrain\n|upkeep\n|turn|2\n|\n|t:|1695219746\n|detailschange|p1b: The Pretender|Lucario-Mega, M\n|-mega|p1b: The Pretender|Lucario|Lucarionite\n|move|p1b: The Pretender|Bullet Punch|p2b: Yummy in my tummy\n|-damage|p2b: Yummy in my tummy|23\/100\n|move|p1a: Clint Eastwood|Grassy Glide|p2b: Yummy in my tummy\n|-damage|p2b: Yummy in my tummy|0 fnt\n|faint|p2b: Yummy in my tummy\n|move|p2a: Lando Calrissian|U-turn|p1a: Clint Eastwood\n|-supereffective|p1a: Clint Eastwood\n|-damage|p1a: Clint Eastwood|40\/100\n|\n|t:|1695219762\n|switch|p2a: NeighborhoodThreat|Whimsicott, M|100\/100|[from] U-turn\n|\n|-heal|p1b: The Pretender|100\/100|[from] Grassy Terrain\n|-heal|p1a: Clint Eastwood|46\/100|[from] Grassy Terrain\n|upkeep\n|\n|t:|1695219768\n|switch|p2b: Millhouse|Terrakion|100\/100\n|turn|3\n|\n|t:|1695219786\n|move|p2b: Millhouse|Protect|p2b: Millhouse\n|-singleturn|p2b: Millhouse|Protect\n|move|p2a: NeighborhoodThreat|Tailwind|p2a: NeighborhoodThreat\n|-sidestart|p2: annoying oranje|move: Tailwind\n|move|p1b: The Pretender|Bullet Punch|p2a: NeighborhoodThreat\n|-supereffective|p2a: NeighborhoodThreat\n|-damage|p2a: NeighborhoodThreat|28\/100\n|move|p1a: Clint Eastwood|U-turn|p2a: NeighborhoodThreat\n|-damage|p2a: NeighborhoodThreat|10\/100\n|\n|t:|1695219804\n|switch|p1a: Pompeii|Torkoal, M|100\/100|[from] U-turn\n|-weather|SunnyDay|[from] ability: Drought|[of] p1a: Pompeii\n|\n|-weather|SunnyDay|[upkeep]\n|-heal|p2a: NeighborhoodThreat|16\/100|[from] Grassy Terrain\n|upkeep\n|turn|4\n|\n|t:|1695219868\n|-terastallize|p1a: Pompeii|Water\n|move|p1b: The Pretender|Bullet Punch|p2a: NeighborhoodThreat\n|-supereffective|p2a: NeighborhoodThreat\n|-damage|p2a: NeighborhoodThreat|0 fnt\n|faint|p2a: NeighborhoodThreat\n|move|p2b: Millhouse|Rock Slide|p1b: The Pretender|[spread] p1a,p1b\n|-resisted|p1b: The Pretender\n|-damage|p1a: Pompeii|80\/100\n|-damage|p1b: The Pretender|91\/100\n|cant|p1a: Pompeii|flinch\n|\n|-weather|SunnyDay|[upkeep]\n|-heal|p1b: The Pretender|97\/100|[from] Grassy Terrain\n|-heal|p1a: Pompeii|87\/100|[from] Grassy Terrain\n|-heal|p1a: Pompeii|93\/100|[from] item: Leftovers\n|upkeep\n|\n|t:|1695219882\n|switch|p2a: Dugtrio mice|Maushold-Four|100\/100\n|turn|5\n|\n|t:|1695219901\n|-terastallize|p2b: Millhouse|Steel\n|move|p2a: Dugtrio mice|Beat Up|p2b: Millhouse\n|-damage|p2b: Millhouse|96\/100\n|-ability|p2b: Millhouse|Justified|boost\n|-boost|p2b: Millhouse|atk|1\n|-damage|p2b: Millhouse|90\/100\n|-ability|p2b: Millhouse|Justified|boost\n|-boost|p2b: Millhouse|atk|1\n|-damage|p2b: Millhouse|83\/100\n|-ability|p2b: Millhouse|Justified|boost\n|-boost|p2b: Millhouse|atk|1\n|-damage|p2b: Millhouse|79\/100\n|-ability|p2b: Millhouse|Justified|boost\n|-boost|p2b: Millhouse|atk|1\n|-hitcount|p2b: Millhouse|4\n|move|p2b: Millhouse|Rock Slide|p1a: Pompeii|[spread] p1a,p1b\n|-crit|p1a: Pompeii\n|-resisted|p1b: The Pretender\n|-damage|p1a: Pompeii|0 fnt\n|-damage|p1b: The Pretender|69\/100\n|faint|p1a: Pompeii\n|move|p1b: The Pretender|Close Combat|p2a: Dugtrio mice\n|-supereffective|p2a: Dugtrio mice\n|-damage|p2a: Dugtrio mice|0 fnt\n|-unboost|p1b: The Pretender|def|1\n|-unboost|p1b: The Pretender|spd|1\n|faint|p2a: Dugtrio mice\n|\n|-weather|SunnyDay|[upkeep]\n|-heal|p2b: Millhouse|85\/100|[from] Grassy Terrain\n|-heal|p1b: The Pretender|75\/100|[from] Grassy Terrain\n|-fieldend|move: Grassy Terrain\n|upkeep\n|\n|t:|1695219932\n|switch|p2a: Honse|Virizion|100\/100\n|switch|p1a: The Ghost of You|Ceruledge, M|100\/100\n|turn|6\n|\n|t:|1695219948\n|move|p1b: The Pretender|Protect|p1b: The Pretender\n|-singleturn|p1b: The Pretender|Protect\n|move|p1a: The Ghost of You|Protect|p1a: The Ghost of You\n|-singleturn|p1a: The Ghost of You|Protect\n|move|p2b: Millhouse|Rock Slide|p1b: The Pretender|[spread] \n|-activate|p1a: The Ghost of You|move: Protect\n|-activate|p1b: The Pretender|move: Protect\n|move|p2a: Honse|Close Combat|p1b: The Pretender\n|-activate|p1b: The Pretender|move: Protect\n|\n|-weather|SunnyDay|[upkeep]\n|-sideend|p2: annoying oranje|move: Tailwind\n|upkeep\n|turn|7\n|\n|t:|1695219978\n|switch|p1b: Clint Eastwood|Rillaboom, F|46\/100\n|-fieldstart|move: Grassy Terrain|[from] ability: Grassy Surge|[of] p1b: Clint Eastwood\n|move|p2b: Millhouse|Protect|p2b: Millhouse\n|-singleturn|p2b: Millhouse|Protect\n|move|p2a: Honse|Close Combat|p1b: Clint Eastwood\n|-damage|p1b: Clint Eastwood|1\/100\n|-unboost|p2a: Honse|def|1\n|-unboost|p2a: Honse|spd|1\n|move|p1a: The Ghost of You|Bitter Blade|p2b: Millhouse\n|-activate|p2b: Millhouse|move: Protect\n|\n|-weather|none\n|-heal|p2b: Millhouse|92\/100|[from] Grassy Terrain\n|-heal|p1b: Clint Eastwood|8\/100|[from] Grassy Terrain\n|upkeep\n|turn|8\n|\n|t:|1695220027\n|move|p2b: Millhouse|Protect||[still]\n|-fail|p2b: Millhouse\n|move|p1b: Clint Eastwood|Fake Out|p2b: Millhouse\n|-resisted|p2b: Millhouse\n|-damage|p2b: Millhouse|84\/100\n|move|p2a: Honse|Quick Attack|p1b: Clint Eastwood\n|-crit|p1b: Clint Eastwood\n|-damage|p1b: Clint Eastwood|0 fnt\n|faint|p1b: Clint Eastwood\n|move|p1a: The Ghost of You|Bitter Blade|p2b: Millhouse\n|-supereffective|p2b: Millhouse\n|-damage|p2b: Millhouse|0 fnt\n|faint|p2b: Millhouse\n|\n|upkeep\n|\n|t:|1695220043\n|switch|p2b: Lando Calrissian|Landorus-Therian, M|100\/100\n|switch|p1b: Ohio is for Lovers|Maushold-Four|50\/100\n|-ability|p2b: Lando Calrissian|Intimidate|boost\n|-unboost|p1a: The Ghost of You|atk|1\n|-unboost|p1b: Ohio is for Lovers|atk|1\n|turn|9\n|\n|t:|1695220087\n|switch|p1a: The Pretender|Lucario-Mega, M|75\/100\n|move|p1b: Ohio is for Lovers|U-turn|p2a: Honse\n|-damage|p2a: Honse|83\/100\n|\n|t:|1695220095\n|switch|p1b: Chop Suey|Walking Wake|100\/100|[from] U-turn\n|move|p2a: Honse|Leaf Blade|p1b: Chop Suey\n|-crit|p1b: Chop Suey\n|-damage|p1b: Chop Suey|24\/100\n|move|p2b: Lando Calrissian|Rock Slide|p1a: The Pretender|[spread] p1a,p1b\n|-resisted|p1a: The Pretender\n|-damage|p1a: The Pretender|69\/100\n|-damage|p1b: Chop Suey|2\/100\n|\n|-heal|p1a: The Pretender|75\/100|[from] Grassy Terrain\n|-heal|p1b: Chop Suey|8\/100|[from] Grassy Terrain\n|-heal|p2a: Honse|89\/100|[from] Grassy Terrain\n|upkeep\n|turn|10\n|\n|t:|1695220158\n|-end|p1b: Chop Suey|Protosynthesis|[silent]\n|switch|p1b: The Ghost of You|Ceruledge, M|100\/100\n|move|p2b: Lando Calrissian|Protect|p2b: Lando Calrissian\n|-singleturn|p2b: Lando Calrissian|Protect\n|move|p1a: The Pretender|Bullet Punch|p2a: Honse\n|-damage|p2a: Honse|21\/100\n|move|p2a: Honse|Quick Attack|p1b: The Ghost of You\n|-immune|p1b: The Ghost of You\n|\n|-heal|p1a: The Pretender|81\/100|[from] Grassy Terrain\n|-heal|p2a: Honse|27\/100|[from] Grassy Terrain\n|upkeep\n|turn|11\n|\n|t:|1695220195\n|move|p1a: The Pretender|Bullet Punch|p2a: Honse\n|-damage|p2a: Honse|0 fnt\n|faint|p2a: Honse\n|move|p2b: Lando Calrissian|Rock Slide|p1a: The Pretender|[spread] p1a,p1b\n|-resisted|p1a: The Pretender\n|-supereffective|p1b: The Ghost of You\n|-damage|p1a: The Pretender|73\/100\n|-damage|p1b: The Ghost of You|45\/100\n|-ability|p1b: The Ghost of You|Weak Armor|boost\n|-unboost|p1b: The Ghost of You|def|1\n|-boost|p1b: The Ghost of You|spe|2\n|-enditem|p1b: The Ghost of You|Weakness Policy\n|-boost|p1b: The Ghost of You|atk|2|[from] item: Weakness Policy\n|-boost|p1b: The Ghost of You|spa|2|[from] item: Weakness Policy\n|cant|p1b: The Ghost of You|flinch\n|\n|-heal|p1b: The Ghost of You|51\/100|[from] Grassy Terrain\n|-heal|p1a: The Pretender|79\/100|[from] Grassy Terrain\n|-fieldend|move: Grassy Terrain\n|upkeep\n|turn|12\n|\n|t:|1695220221\n|move|p1a: The Pretender|Bullet Punch|p2b: Lando Calrissian\n|-damage|p2b: Lando Calrissian|65\/100\n|move|p1b: The Ghost of You|Bitter Blade|p2b: Lando Calrissian\n|-damage|p2b: Lando Calrissian|0 fnt\n|-heal|p1b: The Ghost of You|85\/100|[from] drain|[of] p2b: Lando Calrissian\n|faint|p2b: Lando Calrissian\n|\n|win|Green133\n","uploadtime":1695220239,"views":13,"p1id":"green133","p2id":"annoyingoranje","formatid":"gen9nationaldexdoubles","rating":0,"private":0,"password":""}