{"id":"gen9nationaldexdoubles-1982703986","p1":"abackroomsfan","p2":"NotTheSpy5","format":"[Gen 9] National Dex Doubles","log":"|j|\u2606abackroomsfan\n|j|\u2606NotTheSpy5\n|t:|1699037255\n|gametype|doubles\n|player|p1|abackroomsfan|palmer|1032\n|player|p2|NotTheSpy5|265|1164\n|teamsize|p1|6\n|teamsize|p2|6\n|gen|9\n|tier|[Gen 9] National Dex Doubles\n|rated|\n|rule|HP Percentage Mod: HP is shown in percentages\n|rule|Endless Battle Clause: Forcing endless battles is banned\n|rule|OHKO Clause: OHKO moves are banned\n|rule|Evasion Moves Clause: Evasion moves are banned\n|rule|Evasion Abilities Clause: Evasion abilities are banned\n|rule|Species Clause: Limit one of each Pok\u00e9mon\n|rule|Gravity Sleep Clause: The combination of sleep-inducing moves with imperfect accuracy and Gravity or Gigantamax Orbeetle are banned\n|clearpoke\n|poke|p1|Vaporeon, F|\n|poke|p1|Charizard, M|\n|poke|p1|Donphan, M|\n|poke|p1|Torterra, M|\n|poke|p1|Aggron, M|\n|poke|p1|Toxtricity, M|\n|poke|p2|Golurk|\n|poke|p2|Cresselia, F|\n|poke|p2|Hariyama, F|\n|poke|p2|Indeedee-F, F|\n|poke|p2|Yanmega, F|\n|poke|p2|Sinistcha|\n|teampreview\n|inactive|Battle timer is ON: inactive players will automatically lose when time's up. (requested by abackroomsfan)\n|\n|t:|1699037276\n|start\n|switch|p1a: Vaper|Vaporeon, F|100\/100\n|switch|p1b: Chari|Charizard, M|100\/100\n|switch|p2a: Ranni|Cresselia, F, shiny|100\/100\n|switch|p2b: Hanayama|Hariyama, F, shiny|100\/100\n|turn|1\n|c|\u2606abackroomsfan|my team sucks, but glhf\n|inactive|abackroomsfan has 120 seconds left.\n|\n|t:|1699037313\n|detailschange|p1b: Chari|Charizard-Mega-X, M\n|-mega|p1b: Chari|Charizard|Charizardite X\n|move|p2b: Hanayama|Fake Out|p1b: Chari\n|-damage|p1b: Chari|86\/100\n|cant|p1b: Chari|flinch\n|move|p1a: Vaper|Signal Beam|p2a: Ranni\n|-supereffective|p2a: Ranni\n|-damage|p2a: Ranni|67\/100\n|move|p2a: Ranni|Trick Room|p2a: Ranni\n|-fieldstart|move: Trick Room|[of] p2a: Ranni\n|\n|-heal|p2a: Ranni|74\/100|[from] item: Leftovers\n|-status|p2b: Hanayama|brn|[from] item: Flame Orb\n|upkeep\n|turn|2\n|\n|t:|1699037338\n|move|p2a: Ranni|Ally Switch|p2a: Ranni\n|swap|p2a: Ranni|1|[from] move: Ally Switch\n|move|p2a: Hanayama|Facade|p1b: Chari\n|-damage|p1b: Chari|0 fnt\n|faint|p1b: Chari\n|move|p1a: Vaper|Shadow Ball|p2a: Hanayama\n|-damage|p2a: Hanayama|71\/100 brn\n|\n|-heal|p2b: Ranni|80\/100|[from] item: Leftovers\n|-damage|p2a: Hanayama|65\/100 brn|[from] brn\n|upkeep\n|c|\u2606abackroomsfan|oh shoot facade\n|\n|t:|1699037351\n|switch|p1b: Aggy|Aggron, M|100\/100\n|turn|3\n|c|\u2606NotTheSpy5|Omg sorry I didn't notice these messages \ud83d\ude2d\n|inactive|NotTheSpy5 has 120 seconds left.\n|c|\u2606NotTheSpy5|But dw ur fine the point is to have fun\n|c|\u2606NotTheSpy5|Also I love Aggron\n|\n|t:|1699037397\n|move|p2a: Hanayama|Earthquake|p1a: Vaper|[spread] p1a,p1b\n|-immune|p2b: Ranni|[from] ability: Levitate\n|-supereffective|p1b: Aggy\n|-damage|p1a: Vaper|52\/100\n|-damage|p1b: Aggy|0 fnt\n|faint|p1b: Aggy\n|move|p2b: Ranni|Lunar Blessing|p2b: Ranni|[spread] p2a,p2b\n|-heal|p2a: Hanayama|90\/100 brn\n|-curestatus|p2a: Hanayama|brn|[msg]\n|-heal|p2b: Ranni|100\/100\n|move|p1a: Vaper|Shadow Ball|p2b: Ranni\n|-supereffective|p2b: Ranni\n|-damage|p2b: Ranni|67\/100\n|\n|-heal|p2b: Ranni|73\/100|[from] item: Leftovers\n|-status|p2a: Hanayama|brn|[from] item: Flame Orb\n|upkeep\n|c|\u2606abackroomsfan|um ok\n|c|\u2606abackroomsfan|?\n|\n|t:|1699037413\n|switch|p1b: Terry|Torterra, M|100\/100\n|turn|4\n|\n|t:|1699037425\n|move|p2b: Ranni|Ally Switch|p2b: Ranni\n|swap|p2b: Ranni|0|[from] move: Ally Switch\n|move|p2b: Hanayama|Drain Punch|p1b: Terry\n|-damage|p1b: Terry|52\/100\n|-heal|p2b: Hanayama|100\/100 brn|[from] drain|[of] p1b: Terry\n|move|p1b: Terry|Heavy Slam|p2b: Hanayama\n|-damage|p2b: Hanayama|87\/100 brn\n|move|p1a: Vaper|Shadow Ball|p2a: Ranni\n|-supereffective|p2a: Ranni\n|-crit|p2a: Ranni\n|-damage|p2a: Ranni|22\/100\n|-unboost|p2a: Ranni|spd|1\n|\n|-heal|p1b: Terry|58\/100|[from] item: Leftovers\n|-heal|p2a: Ranni|28\/100|[from] item: Leftovers\n|-damage|p2b: Hanayama|81\/100 brn|[from] brn\n|upkeep\n|turn|5\n|c|\u2606abackroomsfan|.....\n|c|\u2606abackroomsfan|ur messing with me\n|inactive|abackroomsfan has 120 seconds left.\n|c|\u2606NotTheSpy5|How so? \ud83d\ude07\n|\n|t:|1699037463\n|move|p2a: Ranni|Ally Switch||[still]\n|-fail|p2a: Ranni\n|move|p2b: Hanayama|Earthquake|p1b: Terry|[spread] p1a,p1b\n|-immune|p2a: Ranni|[from] ability: Levitate\n|-resisted|p1b: Terry\n|-damage|p1a: Vaper|4\/100\n|-damage|p1b: Terry|40\/100\n|move|p1b: Terry|Heavy Slam|p2a: Ranni\n|-damage|p2a: Ranni|13\/100\n|move|p1a: Vaper|Shadow Ball|p2a: Ranni\n|-supereffective|p2a: Ranni\n|-damage|p2a: Ranni|0 fnt\n|faint|p2a: Ranni\n|\n|-heal|p1b: Terry|46\/100|[from] item: Leftovers\n|-damage|p2b: Hanayama|75\/100 brn|[from] brn\n|-fieldend|move: Trick Room\n|upkeep\n|inactive|NotTheSpy5 has 120 seconds left.\n|c|\u2606abackroomsfan|omg that was painful\n|\n|t:|1699037494\n|switch|p2a: Indeedee|Indeedee-F, F|100\/100\n|turn|6\n|inactive|NotTheSpy5 has 120 seconds left.\n|inactive|abackroomsfan has 120 seconds left.\n|\n|t:|1699037525\n|move|p1a: Vaper|Signal Beam|p2a: Indeedee\n|-supereffective|p2a: Indeedee\n|-damage|p2a: Indeedee|48\/100\n|move|p1b: Terry|Giga Drain|p2b: Hanayama\n|-damage|p2b: Hanayama|56\/100 brn\n|-heal|p1b: Terry|58\/100|[from] drain|[of] p2b: Hanayama\n|move|p2b: Hanayama|Facade|p1b: Terry\n|-damage|p1b: Terry|0 fnt\n|faint|p1b: Terry\n|move|p2a: Indeedee|Trick Room|p2a: Indeedee\n|-fieldstart|move: Trick Room|[of] p2a: Indeedee\n|\n|-damage|p2b: Hanayama|50\/100 brn|[from] brn\n|upkeep\n|c|\u2606NotTheSpy5|NOOOOO YOU KILLED MY WIFE \ud83d\ude31\n|\n|t:|1699037534\n|switch|p1b: Rolly|Donphan, M|100\/100\n|turn|7\n|c|\u2606NotTheSpy5|Omg elephant hi :3\n|c|\u2606abackroomsfan|???\n|c|\u2606abackroomsfan|waht\n|inactive|abackroomsfan has 120 seconds left.\n|c|\u2606abackroomsfan|wtf does that mean?!\n|inactive|NotTheSpy5 has 120 seconds left.\n|\n|t:|1699037580\n|move|p2b: Hanayama|Drain Punch|p1a: Vaper\n|-damage|p1a: Vaper|0 fnt\n|-heal|p2b: Hanayama|52\/100 brn|[from] drain|[of] p1a: Vaper\n|faint|p1a: Vaper\n|move|p1b: Rolly|Gunk Shot|p2b: Hanayama\n|-damage|p2b: Hanayama|9\/100 brn\n|move|p2a: Indeedee|Heal Pulse|p2b: Hanayama\n|-heal|p2b: Hanayama|59\/100 brn\n|\n|-damage|p2b: Hanayama|53\/100 brn|[from] brn\n|upkeep\n|\n|t:|1699037583\n|switch|p1a: Toxy|Toxtricity, M|100\/100\n|turn|8\n|inactive|abackroomsfan has 120 seconds left.\n|\n|t:|1699037599\n|-terastallize|p1a: Toxy|Normal\n|move|p2a: Indeedee|Follow Me|p2a: Indeedee\n|-singleturn|p2a: Indeedee|move: Follow Me\n|move|p2b: Hanayama|Earthquake|p1b: Rolly|[spread] p2a,p1a,p1b\n|-damage|p2a: Indeedee|8\/100\n|-damage|p1a: Toxy|49\/100\n|-damage|p1b: Rolly|71\/100\n|-enditem|p2a: Indeedee|Aguav Berry|[eat]\n|-heal|p2a: Indeedee|41\/100|[from] item: Aguav Berry\n|move|p1b: Rolly|Gunk Shot|p2a: Indeedee\n|-damage|p2a: Indeedee|0 fnt\n|faint|p2a: Indeedee\n|move|p1a: Toxy|Overdrive|p2b: Hanayama\n|-damage|p2b: Hanayama|0 fnt\n|faint|p2b: Hanayama\n|-enditem|p1a: Toxy|Throat Spray\n|-boost|p1a: Toxy|spa|1|[from] item: Throat Spray\n|\n|upkeep\n|c|\u2606abackroomsfan|well take this\n|inactive|NotTheSpy5 has 120 seconds left.\n|c|\u2606abackroomsfan|uhh\n|c|\u2606abackroomsfan|i did not mean to do that\n|c|\u2606NotTheSpy5|No wife cuz like in Elden Ring you can marry the lunar princess Ranni\n|c|\u2606abackroomsfan|i had no idea that would work\n|inactive|NotTheSpy5 has 90 seconds left.\n|c|\u2606NotTheSpy5|And Cresselia is like the moln\n|c|\u2606abackroomsfan|ok\n|c|\u2606abackroomsfan|-_-\n|c|\u2606NotTheSpy5|Also try punk rock throatspry boosted normal tera Boomburst\n|inactive|NotTheSpy5 has 60 seconds left.\n|\n|t:|1699037680\n|switch|p2b: Chai tea|Sinistcha, shiny|100\/100\n|switch|p2a: Robo Saitama|Golurk, shiny|100\/100\n|turn|9\n|inactive|abackroomsfan has 120 seconds left.\n|c|\u2606abackroomsfan|oh i love chai tea say abc if you get where that came from\n|\n|t:|1699037730\n|-terastallize|p2a: Robo Saitama|Water\n|move|p2b: Chai tea|Rage Powder|p2b: Chai tea\n|-singleturn|p2b: Chai tea|move: Rage Powder\n|move|p2a: Robo Saitama|Curse|p2a: Robo Saitama\n|-unboost|p2a: Robo Saitama|spe|1\n|-boost|p2a: Robo Saitama|atk|1\n|-boost|p2a: Robo Saitama|def|1\n|move|p1b: Rolly|Gunk Shot|p2b: Chai tea\n|-damage|p2b: Chai tea|59\/100\n|-status|p2b: Chai tea|psn\n|move|p1a: Toxy|Snarl|p2a: Robo Saitama|[spread] p2a,p2b\n|-supereffective|p2b: Chai tea\n|-damage|p2a: Robo Saitama|63\/100\n|-damage|p2b: Chai tea|10\/100 psn\n|-unboost|p2a: Robo Saitama|spa|1\n|-unboost|p2b: Chai tea|spa|1\n|-enditem|p2b: Chai tea|Sitrus Berry|[eat]\n|-heal|p2b: Chai tea|35\/100 psn|[from] item: Sitrus Berry\n|\n|-damage|p2b: Chai tea|22\/100 psn|[from] psn\n|upkeep\n|turn|10\n|inactive|NotTheSpy5 has 90 seconds left.\n|\n|t:|1699037762\n|move|p2a: Robo Saitama|Drain Punch|p1a: Toxy\n|-supereffective|p1a: Toxy\n|-damage|p1a: Toxy|0 fnt\n|-heal|p2a: Robo Saitama|90\/100|[from] drain|[of] p1a: Toxy\n|faint|p1a: Toxy\n|move|p1b: Rolly|Gunk Shot|p2a: Robo Saitama\n|-damage|p2a: Robo Saitama|64\/100\n|-status|p2a: Robo Saitama|psn\n|move|p2b: Chai tea|Matcha Gotcha|p1b: Rolly|[miss]\n|-miss|p2b: Chai tea|p1b: Rolly\n|\n|-damage|p2a: Robo Saitama|51\/100 psn|[from] psn\n|-damage|p2b: Chai tea|10\/100 psn|[from] psn\n|-fieldend|move: Trick Room\n|upkeep\n|turn|11\n|inactive|abackroomsfan has 120 seconds left.\n|inactive|NotTheSpy5 has 90 seconds left.\n|c|\u2606abackroomsfan|gg\n|c|\u2606NotTheSpy5|I forgot the quote but uts from the movie\n|inactive|NotTheSpy5 has 60 seconds left.\n|c|\u2606abackroomsfan|spider-man\n|c|\u2606NotTheSpy5|I havent watched Accross the Spiderverse yet\n|c|\u2606NotTheSpy5|Yeah\n|inactive|abackroomsfan has 90 seconds left.\n|\n|t:|1699037812\n|move|p2b: Chai tea|Matcha Gotcha|p1b: Rolly\n|-supereffective|p1b: Rolly\n|-damage|p1b: Rolly|15\/100\n|-heal|p2b: Chai tea|41\/100 psn|[from] drain|[of] p1b: Rolly\n|move|p1b: Rolly|Earthquake|p2b: Chai tea|[spread] p2a,p2b\n|-resisted|p2b: Chai tea\n|-damage|p2a: Robo Saitama|27\/100 psn\n|-damage|p2b: Chai tea|24\/100 psn\n|move|p2a: Robo Saitama|Ice Punch|p1b: Rolly\n|-supereffective|p1b: Rolly\n|-damage|p1b: Rolly|0 fnt\n|faint|p1b: Rolly\n|\n|win|NotTheSpy5\n|raw|abackroomsfan's rating: 1032 &rarr; <strong>1023<\/strong><br \/>(-9 for losing)\n|raw|NotTheSpy5's rating: 1164 &rarr; <strong>1180<\/strong><br \/>(+16 for winning)\n|c|\u2606NotTheSpy5|Ggs\n|c|\u2606abackroomsfan|gg\n","uploadtime":1699037831,"views":7,"p1id":"abackroomsfan","p2id":"notthespy5","formatid":"gen9nationaldexdoubles","rating":1023,"private":0,"password":""}