{"id":"gen9nationaldexdoubles-1958779596","p1":"Empress_Anna","p2":"Darudaru605","format":"[Gen 9] National Dex Doubles","log":"|j|\u2606Empress_Anna\n|j|\u2606Darudaru605\n|t:|1696357296\n|gametype|doubles\n|player|p1|Empress_Anna|cheryl|1058\n|player|p2|Darudaru605|brock|1134\n|teamsize|p1|6\n|teamsize|p2|6\n|gen|9\n|tier|[Gen 9] National Dex Doubles\n|rated|\n|rule|HP Percentage Mod: HP is shown in percentages\n|rule|Endless Battle Clause: Forcing endless battles is banned\n|rule|OHKO Clause: OHKO moves are banned\n|rule|Evasion Moves Clause: Evasion moves are banned\n|rule|Evasion Abilities Clause: Evasion abilities are banned\n|rule|Species Clause: Limit one of each Pok\u00e9mon\n|rule|Gravity Sleep Clause: The combination of sleep-inducing moves with imperfect accuracy and Gravity or Gigantamax Orbeetle are banned\n|clearpoke\n|poke|p1|Aerodactyl, F|\n|poke|p1|Noivern, M|\n|poke|p1|Corviknight, M|\n|poke|p1|Iron Jugulis|\n|poke|p1|Cyclizar, F|\n|poke|p1|Kommo-o, M|\n|poke|p2|Floatzel, M|\n|poke|p2|Pelipper, M|\n|poke|p2|Politoed, F|\n|poke|p2|Sinistcha-Masterpiece|\n|poke|p2|Rillaboom, M|\n|poke|p2|Manectric, M|\n|teampreview\n|inactive|Battle timer is ON: inactive players will automatically lose when time's up. (requested by Darudaru605)\n|c|\u2606Empress_Anna|gl hf!\n|\n|t:|1696357316\n|start\n|switch|p1a: Aerodactyl|Aerodactyl, F|100\/100\n|switch|p1b: Noivern|Noivern, M|100\/100\n|switch|p2a: Floatzel|Floatzel, M|100\/100\n|switch|p2b: Pelipper|Pelipper, M|100\/100\n|-weather|RainDance|[from] ability: Drizzle|[of] p2b: Pelipper\n|turn|1\n|\n|t:|1696357340\n|detailschange|p1a: Aerodactyl|Aerodactyl-Mega, F\n|-mega|p1a: Aerodactyl|Aerodactyl|Aerodactylite\n|-terastallize|p2a: Floatzel|Water\n|move|p2a: Floatzel|Flip Turn|p1a: Aerodactyl\n|-supereffective|p1a: Aerodactyl\n|-damage|p1a: Aerodactyl|0 fnt\n|faint|p1a: Aerodactyl\n|c|\u2606Darudaru605|Goodbye\n|c|\u2606Empress_Anna|sab\n|\n|t:|1696357365\n|switch|p2a: Manectric|Manectric, M|100\/100|[from] Flip Turn\n|move|p1b: Noivern|Hyper Voice|p2a: Manectric|[spread] p2a,p2b\n|-damage|p2a: Manectric|51\/100\n|-damage|p2b: Pelipper|59\/100\n|-enditem|p2b: Pelipper|Eject Button\n|\n|t:|1696357375\n|switch|p2b: Floatzel|Floatzel, M, tera:Water|100\/100\n|\n|-weather|RainDance|[upkeep]\n|upkeep\n|\n|t:|1696357400\n|switch|p1a: Cyclizar|Cyclizar, F|100\/100\n|turn|2\n|\n|t:|1696357427\n|detailschange|p2a: Manectric|Manectric-Mega, M\n|-mega|p2a: Manectric|Manectric|Manectite\n|-ability|p2a: Manectric|Intimidate|boost\n|-unboost|p1a: Cyclizar|atk|1\n|-unboost|p1b: Noivern|atk|1\n|move|p2b: Floatzel|Ice Spinner|p1a: Cyclizar\n|-supereffective|p1a: Cyclizar\n|-damage|p1a: Cyclizar|0 fnt\n|faint|p1a: Cyclizar\n|move|p2a: Manectric|Thunder|p1b: Noivern\n|-damage|p1b: Noivern|17\/100\n|move|p1b: Noivern|Hyper Voice|p2a: Manectric|[spread] p2a,p2b\n|-damage|p2a: Manectric|13\/100\n|-damage|p2b: Floatzel|44\/100\n|\n|-weather|RainDance|[upkeep]\n|upkeep\n|\n|t:|1696357443\n|switch|p1a: Corviknight|Corviknight, M, shiny|100\/100\n|turn|3\n|\n|t:|1696357465\n|move|p2b: Floatzel|Ice Spinner|p1b: Noivern\n|-supereffective|p1b: Noivern\n|-damage|p1b: Noivern|0 fnt\n|faint|p1b: Noivern\n|move|p2a: Manectric|Volt Switch|p1a: Corviknight\n|-supereffective|p1a: Corviknight\n|-damage|p1a: Corviknight|42\/100\n|\n|t:|1696357470\n|switch|p2a: Sinistcha|Sinistcha-Masterpiece|100\/100|[from] Volt Switch\n|-heal|p2b: Floatzel|68\/100|[from] ability: Hospitality|[of] p2a: Sinistcha\n|move|p1a: Corviknight|Defog|p2b: Floatzel\n|-unboost|p2b: Floatzel|evasion|1\n|\n|-weather|RainDance|[upkeep]\n|-heal|p1a: Corviknight|48\/100|[from] item: Leftovers\n|upkeep\n|c|\u2606Empress_Anna|maaan i thought it would clear weather\n|inactive|Empress_Anna has 120 seconds left.\n|c|\u2606Empress_Anna|i guess i know now\n|\n|t:|1696357495\n|switch|p1b: Iron Jugulis|Iron Jugulis|100\/100\n|-enditem|p1b: Iron Jugulis|Booster Energy\n|-activate|p1b: Iron Jugulis|ability: Quark Drive|[fromitem]\n|-start|p1b: Iron Jugulis|quarkdrivespe\n|turn|4\n|\n|t:|1696357517\n|switch|p2b: Pelipper|Pelipper, M|59\/100\n|-terastallize|p1b: Iron Jugulis|Dark\n|move|p2a: Sinistcha|Protect|p2a: Sinistcha\n|-singleturn|p2a: Sinistcha|Protect\n|move|p1b: Iron Jugulis|Dark Pulse|p2b: Pelipper\n|-damage|p2b: Pelipper|0 fnt\n|faint|p2b: Pelipper\n|move|p1a: Corviknight|Air Cutter|p2a: Sinistcha\n|-activate|p2a: Sinistcha|move: Protect\n|\n|-weather|RainDance|[upkeep]\n|-heal|p1a: Corviknight|54\/100|[from] item: Leftovers\n|upkeep\n|\n|t:|1696357532\n|switch|p2b: Rillaboom|Rillaboom, M|100\/100\n|-fieldstart|move: Grassy Terrain|[from] ability: Grassy Surge|[of] p2b: Rillaboom\n|turn|5\n|\n|t:|1696357551\n|switch|p2a: Politoed|Politoed, F|100\/100\n|move|p2b: Rillaboom|Fake Out|p1a: Corviknight\n|-resisted|p1a: Corviknight\n|-damage|p1a: Corviknight|50\/100\n|move|p1b: Iron Jugulis|Dark Pulse|p2b: Rillaboom\n|-crit|p2b: Rillaboom\n|-damage|p2b: Rillaboom|25\/100\n|cant|p1a: Corviknight|flinch\n|\n|-weather|none\n|-heal|p2b: Rillaboom|32\/100|[from] Grassy Terrain\n|-heal|p1a: Corviknight|56\/100|[from] item: Leftovers\n|upkeep\n|turn|6\n|\n|t:|1696357571\n|move|p1b: Iron Jugulis|Heat Wave|p2a: Politoed|[spread] p2a,p2b\n|-resisted|p2a: Politoed\n|-supereffective|p2b: Rillaboom\n|-damage|p2a: Politoed|93\/100\n|-damage|p2b: Rillaboom|0 fnt\n|faint|p2b: Rillaboom\n|move|p2a: Politoed|Scald|p1b: Iron Jugulis\n|-damage|p1b: Iron Jugulis|67\/100\n|move|p1a: Corviknight|Body Press|p2a: Politoed\n|-damage|p2a: Politoed|66\/100\n|\n|-heal|p1b: Iron Jugulis|73\/100|[from] Grassy Terrain\n|-heal|p2a: Politoed|72\/100|[from] Grassy Terrain\n|-heal|p1a: Corviknight|62\/100|[from] item: Leftovers\n|upkeep\n|\n|t:|1696357581\n|switch|p2b: Manectric|Manectric-Mega, M|13\/100\n|-ability|p2b: Manectric|Intimidate|boost\n|-ability|p1a: Corviknight|Mirror Armor\n|-unboost|p2b: Manectric|atk|1\n|-unboost|p1b: Iron Jugulis|atk|1\n|turn|7\n|\n|t:|1696357604\n|move|p1b: Iron Jugulis|Heat Wave|p2b: Manectric|[spread] p2a\n|-miss|p1b: Iron Jugulis|p2b: Manectric\n|-resisted|p2a: Politoed\n|-damage|p2a: Politoed|63\/100\n|move|p2b: Manectric|Volt Switch|p1a: Corviknight\n|-supereffective|p1a: Corviknight\n|-damage|p1a: Corviknight|0 fnt\n|faint|p1a: Corviknight\n|c|\u2606Empress_Anna|bruh\n|\n|t:|1696357614\n|switch|p2b: Sinistcha|Sinistcha-Masterpiece|100\/100|[from] Volt Switch\n|-heal|p2a: Politoed|88\/100|[from] ability: Hospitality|[of] p2b: Sinistcha\n|move|p2a: Politoed|Scald|p1b: Iron Jugulis\n|-damage|p1b: Iron Jugulis|40\/100\n|\n|-heal|p1b: Iron Jugulis|46\/100|[from] Grassy Terrain\n|-heal|p2a: Politoed|94\/100|[from] Grassy Terrain\n|upkeep\n|\n|t:|1696357624\n|switch|p1a: Kommo-o|Kommo-o, M|100\/100\n|turn|8\n|\n|t:|1696357642\n|move|p2a: Politoed|Helping Hand|p2b: Sinistcha\n|-singleturn|p2b: Sinistcha|Helping Hand|[of] p2a: Politoed\n|move|p1b: Iron Jugulis|Dark Pulse|p2b: Sinistcha\n|-supereffective|p2b: Sinistcha\n|-damage|p2b: Sinistcha|0 fnt\n|faint|p2b: Sinistcha\n|move|p1a: Kommo-o|Clangorous Soul|p1a: Kommo-o\n|-boost|p1a: Kommo-o|atk|1\n|-boost|p1a: Kommo-o|def|1\n|-boost|p1a: Kommo-o|spa|1\n|-boost|p1a: Kommo-o|spd|1\n|-boost|p1a: Kommo-o|spe|1\n|-damage|p1a: Kommo-o|68\/100\n|\n|-heal|p1b: Iron Jugulis|52\/100|[from] Grassy Terrain\n|-heal|p1a: Kommo-o|74\/100|[from] Grassy Terrain\n|-heal|p2a: Politoed|99\/100|[from] Grassy Terrain\n|upkeep\n|\n|t:|1696357666\n|switch|p2b: Manectric|Manectric-Mega, M|13\/100\n|-ability|p2b: Manectric|Intimidate|boost\n|-unboost|p1a: Kommo-o|atk|1\n|-unboost|p1b: Iron Jugulis|atk|1\n|turn|9\n|\n|t:|1696357684\n|move|p1b: Iron Jugulis|Dark Pulse|p2a: Politoed\n|-damage|p2a: Politoed|67\/100\n|-zpower|p1a: Kommo-o\n|move|p1a: Kommo-o|Clangorous Soulblaze|p2a: Politoed|[zeffect]|[spread] p2a,p2b\n|-damage|p2a: Politoed|8\/100\n|-damage|p2b: Manectric|0 fnt\n|faint|p2b: Manectric\n|-boost|p1a: Kommo-o|atk|1\n|-boost|p1a: Kommo-o|def|1\n|-boost|p1a: Kommo-o|spa|1\n|-boost|p1a: Kommo-o|spd|1\n|-boost|p1a: Kommo-o|spe|1\n|move|p2a: Politoed|Perish Song|p2a: Politoed\n|-immune|p1a: Kommo-o|[from] ability: Soundproof\n|-start|p1b: Iron Jugulis|perish3|[silent]\n|-start|p2a: Politoed|perish3|[silent]\n|-fieldactivate|move: Perish Song\n|\n|-heal|p1a: Kommo-o|80\/100|[from] Grassy Terrain\n|-heal|p1b: Iron Jugulis|58\/100|[from] Grassy Terrain\n|-heal|p2a: Politoed|14\/100|[from] Grassy Terrain\n|-start|p1b: Iron Jugulis|perish3\n|-start|p2a: Politoed|perish3\n|-fieldend|move: Grassy Terrain\n|upkeep\n|\n|t:|1696357695\n|switch|p2b: Floatzel|Floatzel, M, tera:Water|68\/100\n|turn|10\n|\n|t:|1696357715\n|move|p2a: Politoed|Helping Hand|p2b: Floatzel\n|-singleturn|p2b: Floatzel|Helping Hand|[of] p2a: Politoed\n|move|p1a: Kommo-o|Clanging Scales|p2a: Politoed|[spread] p2a,p2b\n|-damage|p2a: Politoed|0 fnt\n|-damage|p2b: Floatzel|0 fnt\n|faint|p2a: Politoed\n|faint|p2b: Floatzel\n|\n|win|Empress_Anna\n|raw|Empress_Anna's rating: 1058 &rarr; <strong>1096<\/strong><br \/>(+38 for winning)\n|raw|Darudaru605's rating: 1134 &rarr; <strong>1104<\/strong><br \/>(-30 for losing)\n|c|\u2606Empress_Anna|ggs\n|l|\u2606Darudaru605\n","uploadtime":1696358015,"views":13,"p1id":"empressanna","p2id":"darudaru605","formatid":"gen9nationaldexdoubles","rating":1096,"private":0,"password":""}