{"id":"gen9nationaldexdoubles-1992501305","p1":"Paladeeen","p2":"Lewoise","format":"[Gen 9] National Dex Doubles","log":"|j|\u2606Paladeeen\n|j|\u2606Lewoise\n|t:|1700195765\n|gametype|doubles\n|player|p1|Paladeeen|101|1119\n|player|p2|Lewoise|acerola-masters|1168\n|teamsize|p1|6\n|teamsize|p2|6\n|gen|9\n|tier|[Gen 9] National Dex Doubles\n|rated|\n|rule|HP Percentage Mod: HP is shown in percentages\n|rule|Endless Battle Clause: Forcing endless battles is banned\n|rule|OHKO Clause: OHKO moves are banned\n|rule|Evasion Moves Clause: Evasion moves are banned\n|rule|Evasion Abilities Clause: Evasion abilities are banned\n|rule|Species Clause: Limit one of each Pok\u00e9mon\n|rule|Gravity Sleep Clause: The combination of sleep-inducing moves with imperfect accuracy and Gravity or Gigantamax Orbeetle are banned\n|clearpoke\n|poke|p1|Tyranitar, M|\n|poke|p1|Garchomp, M|\n|poke|p1|Arcanine-Hisui, M|\n|poke|p1|Gliscor, M|\n|poke|p1|Hippowdon, M|\n|poke|p1|Ursaluna, F|\n|poke|p2|Swoobat, F|\n|poke|p2|Milotic, F|\n|poke|p2|Indeedee-F, F|\n|poke|p2|Alcremie-Rainbow-Swirl, F|\n|poke|p2|Espeon, F|\n|poke|p2|Falinks|\n|teampreview\n|\n|t:|1700195797\n|start\n|switch|p1a: Hippowdon|Hippowdon, M|100\/100\n|switch|p1b: Gliscor|Gliscor, M|100\/100\n|switch|p2a: Swoobat|Swoobat, F|100\/100\n|switch|p2b: Falinks|Falinks, shiny|100\/100\n|-weather|Sandstorm|[from] ability: Sand Stream|[of] p1a: Hippowdon\n|turn|1\n|\n|t:|1700195819\n|-terastallize|p2b: Falinks|Ghost\n|move|p2a: Swoobat|Simple Beam|p2b: Falinks\n|-endability|p2b: Falinks|Defiant|[from] move: Simple Beam\n|-ability|p2b: Falinks|Simple|[from] move: Simple Beam\n|move|p1b: Gliscor|Knock Off|p2a: Swoobat\n|-supereffective|p2a: Swoobat\n|-damage|p2a: Swoobat|0 fnt\n|-enditem|p2a: Swoobat|Leftovers|[from] move: Knock Off|[of] p1b: Gliscor\n|faint|p2a: Swoobat\n|move|p2b: Falinks|No Retreat|p2b: Falinks\n|-boost|p2b: Falinks|atk|2\n|-boost|p2b: Falinks|def|2\n|-boost|p2b: Falinks|spa|2\n|-boost|p2b: Falinks|spd|2\n|-boost|p2b: Falinks|spe|2\n|-start|p2b: Falinks|move: No Retreat\n|move|p1a: Hippowdon|Yawn|p2b: Falinks\n|-start|p2b: Falinks|move: Yawn|[of] p1a: Hippowdon\n|\n|-weather|Sandstorm|[upkeep]\n|-damage|p2b: Falinks|95\/100|[from] Sandstorm\n|-status|p1b: Gliscor|tox|[from] item: Toxic Orb\n|upkeep\n|\n|t:|1700195839\n|switch|p2a: Indeedee|Indeedee-F, F, shiny|100\/100\n|-fieldstart|move: Psychic Terrain|[from] ability: Psychic Surge|[of] p2a: Indeedee\n|turn|2\n|\n|t:|1700195918\n|move|p2a: Indeedee|Follow Me|p2a: Indeedee\n|-singleturn|p2a: Indeedee|move: Follow Me\n|move|p2b: Falinks|Rock Slide|p1b: Gliscor|[spread] p1a,p1b\n|-resisted|p1a: Hippowdon\n|-damage|p1a: Hippowdon|90\/100\n|-damage|p1b: Gliscor|62\/100 tox\n|-damage|p2b: Falinks|85\/100|[from] item: Life Orb\n|cant|p1b: Gliscor|flinch\n|cant|p1a: Hippowdon|flinch\n|\n|-weather|Sandstorm|[upkeep]\n|-damage|p2b: Falinks|79\/100|[from] Sandstorm\n|-heal|p1b: Gliscor|74\/100 tox|[from] ability: Poison Heal\n|-end|p2b: Falinks|move: Yawn|[silent]\n|-status|p2b: Falinks|slp\n|upkeep\n|turn|3\n|\n|t:|1700195949\n|move|p2a: Indeedee|Follow Me|p2a: Indeedee\n|-singleturn|p2a: Indeedee|move: Follow Me\n|cant|p2b: Falinks|slp\n|move|p1b: Gliscor|Knock Off|p2a: Indeedee\n|-supereffective|p2a: Indeedee\n|-damage|p2a: Indeedee|40\/100\n|-enditem|p2a: Indeedee|Safety Goggles|[from] move: Knock Off|[of] p1b: Gliscor\n|move|p1a: Hippowdon|Yawn|p2a: Indeedee\n|-start|p2a: Indeedee|move: Yawn|[of] p1a: Hippowdon\n|\n|-weather|Sandstorm|[upkeep]\n|-damage|p2b: Falinks|73\/100 slp|[from] Sandstorm\n|-damage|p2a: Indeedee|34\/100|[from] Sandstorm\n|-heal|p1b: Gliscor|87\/100 tox|[from] ability: Poison Heal\n|upkeep\n|turn|4\n|\n|t:|1700195977\n|move|p2a: Indeedee|Follow Me|p2a: Indeedee\n|-singleturn|p2a: Indeedee|move: Follow Me\n|cant|p2b: Falinks|slp\n|move|p1b: Gliscor|Knock Off|p2a: Indeedee\n|-supereffective|p2a: Indeedee\n|-damage|p2a: Indeedee|0 fnt\n|faint|p2a: Indeedee\n|move|p1a: Hippowdon|Iron Head|p2b: Falinks\n|-damage|p2b: Falinks|60\/100 slp\n|\n|-weather|Sandstorm|[upkeep]\n|-damage|p2b: Falinks|54\/100 slp|[from] Sandstorm\n|-heal|p1b: Gliscor|99\/100 tox|[from] ability: Poison Heal\n|upkeep\n|\n|t:|1700195990\n|switch|p2a: Espeon|Espeon, F|100\/100\n|turn|5\n|\n|t:|1700196012\n|switch|p1a: Tyranitar|Tyranitar, M, shiny|100\/100\n|cant|p2b: Falinks|slp\n|move|p2a: Espeon|Psychic|p1b: Gliscor\n|-damage|p1b: Gliscor|8\/100 tox\n|move|p1b: Gliscor|Knock Off|p2b: Falinks\n|-supereffective|p2b: Falinks\n|-damage|p2b: Falinks|18\/100 slp\n|-enditem|p2b: Falinks|Life Orb|[from] move: Knock Off|[of] p1b: Gliscor\n|\n|-weather|none\n|-heal|p1b: Gliscor|21\/100 tox|[from] ability: Poison Heal\n|upkeep\n|turn|6\n|\n|t:|1700196030\n|switch|p1b: Ursaluna|Ursaluna, F|100\/100\n|-curestatus|p2b: Falinks|slp|[msg]\n|move|p2b: Falinks|Close Combat|p1a: Tyranitar\n|-supereffective|p1a: Tyranitar\n|-damage|p1a: Tyranitar|0 fnt\n|-unboost|p2b: Falinks|def|2\n|-unboost|p2b: Falinks|spd|2\n|faint|p1a: Tyranitar\n|move|p2a: Espeon|Psychic|p1b: Ursaluna\n|-damage|p1b: Ursaluna|44\/100\n|\n|-fieldend|move: Psychic Terrain\n|-status|p1b: Ursaluna|brn|[from] item: Flame Orb\n|upkeep\n|\n|t:|1700196040\n|switch|p1a: Gliscor|Gliscor, M|21\/100 tox\n|turn|7\n|\n|t:|1700196048\n|move|p2b: Falinks|Close Combat|p1b: Ursaluna\n|-supereffective|p1b: Ursaluna\n|-damage|p1b: Ursaluna|0 fnt\n|-unboost|p2b: Falinks|def|2\n|-unboost|p2b: Falinks|spd|2\n|faint|p1b: Ursaluna\n|move|p2a: Espeon|Psychic|p1a: Gliscor\n|-damage|p1a: Gliscor|0 fnt\n|faint|p1a: Gliscor\n|\n|upkeep\n|\n|t:|1700196056\n|switch|p1a: Hippowdon|Hippowdon, M|90\/100\n|switch|p1b: Garchomp|Garchomp, M|100\/100\n|-weather|Sandstorm|[from] ability: Sand Stream|[of] p1a: Hippowdon\n|turn|8\n|c|\u2606Paladeeen|very nice you turned that around realy quick\n|c|\u2606Lewoise|thanks\n|\n|t:|1700196094\n|move|p2b: Falinks|Close Combat|p1a: Hippowdon\n|-damage|p1a: Hippowdon|39\/100\n|-unboost|p2b: Falinks|def|2\n|-unboost|p2b: Falinks|spd|2\n|-damage|p2b: Falinks|2\/100|[from] item: Rocky Helmet|[of] p1a: Hippowdon\n|move|p2a: Espeon|Psychic|p1b: Garchomp\n|-damage|p1b: Garchomp|48\/100\n|-unboost|p1b: Garchomp|spd|1\n|move|p1b: Garchomp|Rock Slide|p2b: Falinks|[spread] p2a,p2b\n|-damage|p2a: Espeon|66\/100\n|-damage|p2b: Falinks|0 fnt\n|faint|p2b: Falinks\n|move|p1a: Hippowdon|Iron Head|p2a: Espeon\n|-damage|p2a: Espeon|27\/100\n|\n|-weather|Sandstorm|[upkeep]\n|-damage|p2a: Espeon|21\/100|[from] Sandstorm\n|upkeep\n|c|\u2606Lewoise|you played this well too\n|\n|t:|1700196118\n|switch|p2b: Milotic|Milotic, F, shiny|100\/100\n|turn|9\n|c|\u2606Paladeeen|eh i made some mistakes, thats the beauty of the game\n|\n|t:|1700196158\n|move|p2a: Espeon|Psychic|p1b: Garchomp\n|-damage|p1b: Garchomp|0 fnt\n|faint|p1b: Garchomp\n|move|p2b: Milotic|Scald|p1a: Hippowdon\n|-supereffective|p1a: Hippowdon\n|-damage|p1a: Hippowdon|0 fnt\n|faint|p1a: Hippowdon\n|\n|-weather|Sandstorm|[upkeep]\n|-damage|p2a: Espeon|15\/100|[from] Sandstorm\n|-damage|p2b: Milotic|94\/100|[from] Sandstorm\n|-status|p2b: Milotic|brn|[from] item: Flame Orb\n|upkeep\n|c|\u2606Paladeeen|ggs man\n|c|\u2606Lewoise|gg\n|\n|t:|1700196171\n|switch|p1b: Arcanine|Arcanine-Hisui, M|100\/100\n|turn|10\n|\n|t:|1700196177\n|move|p2a: Espeon|Psychic|p1b: Arcanine\n|-damage|p1b: Arcanine|63\/100\n|move|p1b: Arcanine|Wild Charge|p2b: Milotic\n|-supereffective|p2b: Milotic\n|-damage|p2b: Milotic|51\/100 brn\n|-damage|p1b: Arcanine|53\/100|[from] item: Life Orb\n|move|p2b: Milotic|Scald|p1b: Arcanine\n|-supereffective|p1b: Arcanine\n|-damage|p1b: Arcanine|0 fnt\n|faint|p1b: Arcanine\n|\n|win|Lewoise\n|raw|Paladeeen's rating: 1119 &rarr; <strong>1098<\/strong><br \/>(-21 for losing)\n|raw|Lewoise's rating: 1168 &rarr; <strong>1189<\/strong><br \/>(+21 for winning)\n|l|\u2606Paladeeen\n","uploadtime":1700196286,"views":5,"p1id":"paladeeen","p2id":"lewoise","formatid":"gen9nationaldexdoubles","rating":1098,"private":0,"password":""}