{"id":"gen9nationaldexdoubles-1994528875","p1":"wammer18","p2":"Eliminathan","format":"[Gen 9] National Dex Doubles","log":"|j|\u2606wammer18\n|j|\u2606Eliminathan\n|t:|1700455065\n|gametype|doubles\n|player|p1|wammer18|266|\n|player|p2|Eliminathan|schoolkid-gen4|\n|teamsize|p1|6\n|teamsize|p2|6\n|gen|9\n|tier|[Gen 9] National Dex Doubles\n|rule|HP Percentage Mod: HP is shown in percentages\n|rule|Endless Battle Clause: Forcing endless battles is banned\n|rule|OHKO Clause: OHKO moves are banned\n|rule|Evasion Moves Clause: Evasion moves are banned\n|rule|Evasion Abilities Clause: Evasion abilities are banned\n|rule|Species Clause: Limit one of each Pok\u00e9mon\n|rule|Gravity Sleep Clause: The combination of sleep-inducing moves with imperfect accuracy and Gravity or Gigantamax Orbeetle are banned\n|clearpoke\n|poke|p1|Tapu Fini|\n|poke|p1|Tornadus, M|\n|poke|p1|Zygarde|\n|poke|p1|Metagross|\n|poke|p1|Ogerpon-Cornerstone, F|\n|poke|p1|Zamazenta-*|\n|poke|p2|Zygarde|\n|poke|p2|Zamazenta-*|\n|poke|p2|Jirachi|\n|poke|p2|Kangaskhan, F|\n|poke|p2|Glimmora, F|\n|poke|p2|Iron Hands|\n|teampreview\n|\n|t:|1700455144\n|start\n|switch|p1a: Zygarde|Zygarde|100\/100\n|switch|p1b: Metagross|Metagross|100\/100\n|switch|p2a: Ginkle|Zygarde|100\/100\n|switch|p2b: FIX THE PROBLEM!|Jirachi|100\/100\n|-ability|p2a: Ginkle|Aura Break\n|-ability|p1a: Zygarde|Aura Break\n|turn|1\n|\n|t:|1700455169\n|switch|p1b: Tapu Fini|Tapu Fini|100\/100\n|-fieldstart|move: Misty Terrain|[from] ability: Misty Surge|[of] p1b: Tapu Fini\n|move|p2b: FIX THE PROBLEM!|Follow Me|p2b: FIX THE PROBLEM!\n|-singleturn|p2b: FIX THE PROBLEM!|move: Follow Me\n|move|p2a: Ginkle|Dragon Dance|p2a: Ginkle\n|-boost|p2a: Ginkle|atk|1\n|-boost|p2a: Ginkle|spe|1\n|move|p1a: Zygarde|Dragon Dance|p1a: Zygarde\n|-boost|p1a: Zygarde|atk|1\n|-boost|p1a: Zygarde|spe|1\n|\n|upkeep\n|turn|2\n|\n|t:|1700455183\n|move|p2a: Ginkle|Thousand Arrows|p1b: Tapu Fini|[spread] p1a,p1b\n|-damage|p1a: Zygarde|65\/100\n|-damage|p1b: Tapu Fini|64\/100\n|move|p1a: Zygarde|Dragon Dance|p1a: Zygarde\n|-boost|p1a: Zygarde|atk|1\n|-boost|p1a: Zygarde|spe|1\n|move|p2b: FIX THE PROBLEM!|Iron Head|p1b: Tapu Fini\n|-damage|p1b: Tapu Fini|44\/100\n|-enditem|p1b: Tapu Fini|Sitrus Berry|[eat]\n|-heal|p1b: Tapu Fini|69\/100|[from] item: Sitrus Berry\n|cant|p1b: Tapu Fini|flinch\n|\n|upkeep\n|turn|3\n|\n|t:|1700455204\n|move|p2b: FIX THE PROBLEM!|Protect|p2b: FIX THE PROBLEM!\n|-singleturn|p2b: FIX THE PROBLEM!|Protect\n|move|p1a: Zygarde|Thousand Arrows|p2a: Ginkle|[spread] p2a\n|-activate|p2b: FIX THE PROBLEM!|move: Protect\n|-damage|p2a: Ginkle|58\/100\n|move|p2a: Ginkle|Thousand Arrows|p1a: Zygarde|[spread] p1a,p1b\n|-damage|p1a: Zygarde|32\/100\n|-damage|p1b: Tapu Fini|33\/100\n|move|p1b: Tapu Fini|Heal Pulse|p1a: Zygarde\n|-heal|p1a: Zygarde|82\/100\n|\n|upkeep\n|turn|4\n|\n|t:|1700455221\n|move|p2b: FIX THE PROBLEM!|Follow Me|p2b: FIX THE PROBLEM!\n|-singleturn|p2b: FIX THE PROBLEM!|move: Follow Me\n|move|p1a: Zygarde|Thousand Arrows|p2b: FIX THE PROBLEM!|[spread] p2a,p2b\n|-supereffective|p2b: FIX THE PROBLEM!\n|-damage|p2a: Ginkle|17\/100\n|-damage|p2b: FIX THE PROBLEM!|28\/100\n|move|p2a: Ginkle|Thousand Arrows|p1a: Zygarde|[spread] p1a,p1b\n|-damage|p1a: Zygarde|47\/100\n|-damage|p1b: Tapu Fini|1\/100\n|move|p1b: Tapu Fini|Icy Wind|p2a: Ginkle|[spread] p2a,p2b\n|-supereffective|p2a: Ginkle\n|-resisted|p2b: FIX THE PROBLEM!\n|-damage|p2a: Ginkle|0 fnt\n|-damage|p2b: FIX THE PROBLEM!|24\/100\n|-unboost|p2b: FIX THE PROBLEM!|spe|1\n|faint|p2a: Ginkle\n|\n|-heal|p2b: FIX THE PROBLEM!|30\/100|[from] item: Leftovers\n|upkeep\n|\n|t:|1700455241\n|switch|p2a: Spanky|Zamazenta|100\/100\n|-ability|p2a: Spanky|Dauntless Shield|boost\n|-boost|p2a: Spanky|def|1\n|turn|5\n|\n|t:|1700455272\n|move|p2b: FIX THE PROBLEM!|Protect|p2b: FIX THE PROBLEM!\n|-singleturn|p2b: FIX THE PROBLEM!|Protect\n|move|p1a: Zygarde|Thousand Arrows|p2a: Spanky|[spread] p2a\n|-activate|p2b: FIX THE PROBLEM!|move: Protect\n|-damage|p2a: Spanky|74\/100\n|move|p2a: Spanky|Snarl|p1b: Tapu Fini|[spread] p1a,p1b\n|-resisted|p1b: Tapu Fini\n|-damage|p1a: Zygarde|41\/100\n|-damage|p1b: Tapu Fini|0 fnt\n|faint|p1b: Tapu Fini\n|\n|-heal|p2b: FIX THE PROBLEM!|36\/100|[from] item: Leftovers\n|-fieldend|Misty Terrain\n|upkeep\n|\n|t:|1700455285\n|switch|p1b: Tornadus|Tornadus, M|100\/100\n|turn|6\n|\n|t:|1700455295\n|move|p1a: Zygarde|Protect|p1a: Zygarde\n|-singleturn|p1a: Zygarde|Protect\n|move|p2a: Spanky|Wide Guard|p2a: Spanky\n|-singleturn|p2a: Spanky|Wide Guard\n|move|p1b: Tornadus|Bleakwind Storm|p2b: FIX THE PROBLEM!|[spread] \n|-activate|p2a: Spanky|move: Wide Guard\n|-activate|p2b: FIX THE PROBLEM!|move: Wide Guard\n|move|p2b: FIX THE PROBLEM!|Thunder Wave|p1b: Tornadus\n|-status|p1b: Tornadus|par\n|\n|-heal|p2b: FIX THE PROBLEM!|43\/100|[from] item: Leftovers\n|upkeep\n|turn|7\n|\n|t:|1700455317\n|move|p2a: Spanky|Wide Guard|p2a: Spanky\n|-singleturn|p2a: Spanky|Wide Guard\n|move|p1a: Zygarde|Extreme Speed|p2a: Spanky\n|-damage|p2a: Spanky|53\/100\n|cant|p1b: Tornadus|par\n|move|p2b: FIX THE PROBLEM!|Iron Head|p1a: Zygarde\n|-damage|p1a: Zygarde|20\/100\n|\n|-heal|p2b: FIX THE PROBLEM!|49\/100|[from] item: Leftovers\n|upkeep\n|turn|8\n|\n|t:|1700455348\n|move|p2a: Spanky|Wide Guard|p2a: Spanky\n|-singleturn|p2a: Spanky|Wide Guard\n|move|p1a: Zygarde|Thousand Arrows|p2a: Spanky|[spread] \n|-activate|p2a: Spanky|move: Wide Guard\n|-activate|p2b: FIX THE PROBLEM!|move: Wide Guard\n|cant|p1b: Tornadus|par\n|move|p2b: FIX THE PROBLEM!|Iron Head|p1b: Tornadus\n|-damage|p1b: Tornadus|55\/100 par\n|\n|-heal|p2b: FIX THE PROBLEM!|55\/100|[from] item: Leftovers\n|upkeep\n|turn|9\n|\n|t:|1700455367\n|move|p1a: Zygarde|Protect|p1a: Zygarde\n|-singleturn|p1a: Zygarde|Protect\n|move|p2a: Spanky|Wide Guard|p2a: Spanky\n|-singleturn|p2a: Spanky|Wide Guard\n|move|p1b: Tornadus|Dark Pulse|p2b: FIX THE PROBLEM!\n|-supereffective|p2b: FIX THE PROBLEM!\n|-damage|p2b: FIX THE PROBLEM!|14\/100\n|move|p2b: FIX THE PROBLEM!|Iron Head|p1a: Zygarde\n|-activate|p1a: Zygarde|move: Protect\n|\n|-heal|p2b: FIX THE PROBLEM!|21\/100|[from] item: Leftovers\n|upkeep\n|turn|10\n|\n|t:|1700455430\n|-terastallize|p2b: FIX THE PROBLEM!|Fairy\n|move|p2a: Spanky|Wide Guard|p2a: Spanky\n|-singleturn|p2a: Spanky|Wide Guard\n|move|p1a: Zygarde|Extreme Speed|p2a: Spanky\n|-damage|p2a: Spanky|32\/100\n|-enditem|p2a: Spanky|Sitrus Berry|[eat]\n|-heal|p2a: Spanky|57\/100|[from] item: Sitrus Berry\n|move|p1b: Tornadus|Bleakwind Storm|p2a: Spanky|[spread] \n|-activate|p2a: Spanky|move: Wide Guard\n|-activate|p2b: FIX THE PROBLEM!|move: Wide Guard\n|move|p2b: FIX THE PROBLEM!|Iron Head|p1a: Zygarde\n|-damage|p1a: Zygarde|0 fnt\n|faint|p1a: Zygarde\n|\n|-heal|p2b: FIX THE PROBLEM!|27\/100|[from] item: Leftovers\n|upkeep\n|\n|t:|1700455451\n|switch|p1a: Ogerpon|Ogerpon-Cornerstone, F|100\/100\n|turn|11\n|\n|t:|1700455469\n|move|p2b: FIX THE PROBLEM!|Follow Me|p2b: FIX THE PROBLEM!\n|-singleturn|p2b: FIX THE PROBLEM!|move: Follow Me\n|move|p1b: Tornadus|Tailwind|p1b: Tornadus\n|-sidestart|p1: wammer18|move: Tailwind\n|move|p1a: Ogerpon|Horn Leech|p2b: FIX THE PROBLEM!\n|-damage|p2b: FIX THE PROBLEM!|0 fnt\n|faint|p2b: FIX THE PROBLEM!\n|move|p2a: Spanky|Snarl|p1b: Tornadus|[spread] p1a,p1b\n|-damage|p1a: Ogerpon|92\/100\n|-damage|p1b: Tornadus|45\/100 par\n|-unboost|p1a: Ogerpon|spa|1\n|-unboost|p1b: Tornadus|spa|1\n|\n|upkeep\n|\n|t:|1700455482\n|switch|p2b: pointy|Glimmora, F|100\/100\n|turn|12\n|\n|t:|1700455505\n|switch|p1b: Zamazenta|Zamazenta|100\/100\n|-ability|p1b: Zamazenta|Dauntless Shield|boost\n|-boost|p1b: Zamazenta|def|1\n|move|p1a: Ogerpon|Horn Leech|p2b: pointy\n|-damage|p2b: pointy|51\/100\n|-heal|p1a: Ogerpon|100\/100|[from] drain|[of] p2b: pointy\n|-activate|p2b: pointy|ability: Toxic Debris\n|-sidestart|p1: wammer18|move: Toxic Spikes\n|move|p2a: Spanky|Body Press|p1a: Ogerpon\n|-supereffective|p1a: Ogerpon\n|-ability|p1a: Ogerpon|Sturdy\n|-damage|p1a: Ogerpon|1\/100\n|move|p2b: pointy|Sludge Bomb|p1a: Ogerpon\n|-damage|p1a: Ogerpon|0 fnt\n|faint|p1a: Ogerpon\n|\n|upkeep\n|\n|t:|1700455522\n|switch|p1a: Metagross|Metagross|100\/100\n|turn|13\n|\n|t:|1700455537\n|detailschange|p1a: Metagross|Metagross-Mega\n|-mega|p1a: Metagross|Metagross|Metagrossite\n|move|p1b: Zamazenta|Coaching|p1a: Metagross\n|-boost|p1a: Metagross|atk|1\n|-boost|p1a: Metagross|def|1\n|move|p1a: Metagross|Hammer Arm|p2b: pointy\n|-crit|p2b: pointy\n|-damage|p2b: pointy|0 fnt\n|-unboost|p1a: Metagross|spe|1\n|-activate|p2b: pointy|ability: Toxic Debris\n|-sidestart|p1: wammer18|move: Toxic Spikes\n|faint|p2b: pointy\n|move|p2a: Spanky|Body Press|p1a: Metagross\n|-damage|p1a: Metagross|81\/100\n|\n|upkeep\n|\n|t:|1700455560\n|switch|p2b: Watch out|Iron Hands|100\/100\n|turn|14\n|\n|t:|1700455578\n|move|p1a: Metagross|Protect|p1a: Metagross\n|-singleturn|p1a: Metagross|Protect\n|move|p2b: Watch out|Fake Out|p1a: Metagross\n|-activate|p1a: Metagross|move: Protect\n|move|p1b: Zamazenta|Coaching|p1a: Metagross\n|-boost|p1a: Metagross|atk|1\n|-boost|p1a: Metagross|def|1\n|move|p2a: Spanky|Body Press|p1a: Metagross\n|-activate|p1a: Metagross|move: Protect\n|\n|-sideend|p1: wammer18|move: Tailwind\n|upkeep\n|turn|15\n|\n|t:|1700455596\n|move|p1b: Zamazenta|Coaching|p1a: Metagross\n|-boost|p1a: Metagross|atk|1\n|-boost|p1a: Metagross|def|1\n|move|p2a: Spanky|Body Press|p1a: Metagross\n|-damage|p1a: Metagross|69\/100\n|move|p1a: Metagross|Hammer Arm|p2a: Spanky\n|-damage|p2a: Spanky|0 fnt\n|-unboost|p1a: Metagross|spe|1\n|faint|p2a: Spanky\n|move|p2b: Watch out|Drain Punch|p1a: Metagross\n|-damage|p1a: Metagross|59\/100\n|\n|upkeep\n|\n|t:|1700455600\n|switch|p2a: momma|Kangaskhan, F|100\/100\n|turn|16\n|\n|t:|1700455621\n|move|p2a: momma|Protect|p2a: momma\n|-singleturn|p2a: momma|Protect\n|move|p1a: Metagross|Protect|p1a: Metagross\n|-singleturn|p1a: Metagross|Protect\n|move|p1b: Zamazenta|Coaching|p1a: Metagross\n|-boost|p1a: Metagross|atk|1\n|-boost|p1a: Metagross|def|1\n|move|p2b: Watch out|Wild Charge|p1a: Metagross\n|-activate|p1a: Metagross|move: Protect\n|\n|upkeep\n|turn|17\n|\n|t:|1700455637\n|detailschange|p2a: momma|Kangaskhan-Mega, F\n|-mega|p2a: momma|Kangaskhan|Kangaskhanite\n|move|p1b: Zamazenta|Coaching|p1a: Metagross\n|-boost|p1a: Metagross|atk|1\n|-boost|p1a: Metagross|def|1\n|move|p2a: momma|Seismic Toss|p1a: Metagross\n|-damage|p1a: Metagross|31\/100\n|-damage|p1a: Metagross|3\/100\n|-hitcount|p1a: Metagross|2\n|move|p1a: Metagross|Hammer Arm|p2a: momma\n|-supereffective|p2a: momma\n|-damage|p2a: momma|0 fnt\n|-unboost|p1a: Metagross|spe|1\n|faint|p2a: momma\n|move|p2b: Watch out|Wild Charge|p1a: Metagross\n|-crit|p1a: Metagross\n|-damage|p1a: Metagross|0 fnt\n|faint|p1a: Metagross\n|-damage|p2b: Watch out|99\/100|[from] Recoil\n|\n|upkeep\n|\n|t:|1700455655\n|switch|p1a: Tornadus|Tornadus, M|45\/100 par\n|turn|18\n|\n|t:|1700455667\n|move|p1b: Zamazenta|Body Press|p2b: Watch out\n|-damage|p2b: Watch out|68\/100\n|cant|p1a: Tornadus|par\n|move|p2b: Watch out|Wild Charge|p1a: Tornadus\n|-supereffective|p1a: Tornadus\n|-damage|p1a: Tornadus|0 fnt\n|faint|p1a: Tornadus\n|-damage|p2b: Watch out|61\/100|[from] Recoil\n|\n|upkeep\n|turn|19\n|\n|t:|1700455677\n|move|p1b: Zamazenta|Body Press|p2b: Watch out\n|-damage|p2b: Watch out|29\/100\n|move|p2b: Watch out|Drain Punch|p1b: Zamazenta\n|-damage|p1b: Zamazenta|82\/100\n|-heal|p2b: Watch out|36\/100|[from] drain|[of] p1b: Zamazenta\n|\n|upkeep\n|turn|20\n|\n|t:|1700455684\n|move|p1b: Zamazenta|Body Press|p2b: Watch out\n|-damage|p2b: Watch out|6\/100\n|move|p2b: Watch out|Drain Punch|p1b: Zamazenta\n|-damage|p1b: Zamazenta|64\/100\n|-heal|p2b: Watch out|13\/100|[from] drain|[of] p1b: Zamazenta\n|\n|upkeep\n|turn|21\n|c|\u2606Eliminathan|gg\n|c|\u2606wammer18|gg\n|\n|t:|1700455694\n|move|p1b: Zamazenta|Body Press|p2b: Watch out\n|-damage|p2b: Watch out|0 fnt\n|faint|p2b: Watch out\n|-end|p2b: Watch out|Quark Drive|[silent]\n|\n|win|wammer18\n|l|\u2606wammer18\n|j|\u2606wammer18\n|player|p1|wammer18|266\n","uploadtime":1700456105,"views":11,"p1id":"wammer18","p2id":"eliminathan","formatid":"gen9nationaldexdoubles","rating":0,"private":0,"password":""}