{"id":"gen9nationaldexdoubles-1973129406","p1":"Yu hung lo","p2":"Bean.god","format":"[Gen 9] National Dex Doubles","log":"|j|\u2606Yu hung lo\n|j|\u2606Bean.god\n|t:|1697930921\n|gametype|doubles\n|player|p1|Yu hung lo|janitor|1602\n|player|p2|Bean.god|striker|1452\n|teamsize|p1|6\n|teamsize|p2|6\n|gen|9\n|tier|[Gen 9] National Dex Doubles\n|rated|\n|rule|HP Percentage Mod: HP is shown in percentages\n|rule|Endless Battle Clause: Forcing endless battles is banned\n|rule|OHKO Clause: OHKO moves are banned\n|rule|Evasion Moves Clause: Evasion moves are banned\n|rule|Evasion Abilities Clause: Evasion abilities are banned\n|rule|Species Clause: Limit one of each Pok\u00e9mon\n|rule|Gravity Sleep Clause: The combination of sleep-inducing moves with imperfect accuracy and Gravity or Gigantamax Orbeetle are banned\n|clearpoke\n|poke|p1|Swampert, M|\n|poke|p1|Pelipper, F|\n|poke|p1|Rillaboom, M|\n|poke|p1|Tornadus, M|\n|poke|p1|Zapdos|\n|poke|p1|Stakataka|\n|poke|p2|Flutter Mane|\n|poke|p2|Ogerpon-Hearthflame, F|\n|poke|p2|Great Tusk|\n|poke|p2|Charizard, F|\n|poke|p2|Venusaur, F|\n|poke|p2|Walking Wake|\n|teampreview\n|inactive|Battle timer is ON: inactive players will automatically lose when time's up. (requested by Yu hung lo)\n|inactive|Bean.god has 120 seconds left.\n|inactive|Bean.god has 90 seconds left.\n|j| ND9GD hhxh\n|\n|t:|1697931009\n|start\n|switch|p1a: Rillaboom|Rillaboom, M|100\/100\n|switch|p1b: Stakataka|Stakataka|100\/100\n|switch|p2a: Quasar \u2600\ufe0f|Charizard, F, shiny|100\/100\n|switch|p2b: Hale \u2604\ufe0f|Walking Wake|100\/100\n|-fieldstart|move: Grassy Terrain|[from] ability: Grassy Surge|[of] p1a: Rillaboom\n|turn|1\n|\n|t:|1697931028\n|detailschange|p2a: Quasar \u2600\ufe0f|Charizard-Mega-Y, F, shiny\n|-mega|p2a: Quasar \u2600\ufe0f|Charizard|Charizardite Y\n|-weather|SunnyDay|[from] ability: Drought|[of] p2a: Quasar \u2600\ufe0f\n|-activate|p2b: Hale \u2604\ufe0f|ability: Protosynthesis\n|-start|p2b: Hale \u2604\ufe0f|protosynthesisspe\n|-terastallize|p1b: Stakataka|Ghost\n|move|p1a: Rillaboom|Fake Out|p2b: Hale \u2604\ufe0f\n|-damage|p2b: Hale \u2604\ufe0f|84\/100\n|cant|p2b: Hale \u2604\ufe0f|flinch\n|move|p2a: Quasar \u2600\ufe0f|Heat Wave|p1a: Rillaboom|[spread] p1b\n|-miss|p2a: Quasar \u2600\ufe0f|p1a: Rillaboom\n|-damage|p1b: Stakataka|34\/100\n|move|p1b: Stakataka|Trick Room|p1b: Stakataka\n|-fieldstart|move: Trick Room|[of] p1b: Stakataka\n|\n|-weather|SunnyDay|[upkeep]\n|-heal|p1b: Stakataka|40\/100|[from] Grassy Terrain\n|-heal|p2b: Hale \u2604\ufe0f|91\/100|[from] Grassy Terrain\n|upkeep\n|turn|2\n|\n|t:|1697931053\n|move|p2a: Quasar \u2600\ufe0f|Protect|p2a: Quasar \u2600\ufe0f\n|-singleturn|p2a: Quasar \u2600\ufe0f|Protect\n|move|p1b: Stakataka|Rock Slide|p2a: Quasar \u2600\ufe0f|[spread] p2b\n|-activate|p2a: Quasar \u2600\ufe0f|move: Protect\n|-damage|p2b: Hale \u2604\ufe0f|58\/100\n|move|p1a: Rillaboom|Wood Hammer|p2b: Hale \u2604\ufe0f\n|-damage|p2b: Hale \u2604\ufe0f|0 fnt\n|faint|p2b: Hale \u2604\ufe0f\n|-end|p2b: Hale \u2604\ufe0f|Protosynthesis|[silent]\n|-damage|p1a: Rillaboom|84\/100|[from] Recoil\n|\n|-weather|SunnyDay|[upkeep]\n|-heal|p1b: Stakataka|46\/100|[from] Grassy Terrain\n|-heal|p1a: Rillaboom|91\/100|[from] Grassy Terrain\n|upkeep\n|inactive|Bean.god has 120 seconds left.\n|\n|t:|1697931064\n|switch|p2b: Entropy \ud83d\udc80|Great Tusk|100\/100\n|-activate|p2b: Entropy \ud83d\udc80|ability: Protosynthesis\n|-start|p2b: Entropy \ud83d\udc80|protosynthesisatk\n|turn|3\n|\n|t:|1697931083\n|switch|p2a: Venusaur|Venusaur, F|100\/100\n|move|p1b: Stakataka|Rock Slide|p2a: Venusaur|[spread] p2a,p2b\n|-resisted|p2b: Entropy \ud83d\udc80\n|-damage|p2a: Venusaur|55\/100\n|-damage|p2b: Entropy \ud83d\udc80|95\/100\n|move|p1a: Rillaboom|U-turn|p2a: Venusaur\n|-damage|p2a: Venusaur|21\/100\n|inactive|Yu hung lo has 120 seconds left.\n|\n|t:|1697931103\n|switch|p1a: Pelipper|Pelipper, F|100\/100|[from] U-turn\n|-weather|RainDance|[from] ability: Drizzle|[of] p1a: Pelipper\n|-end|p2b: Entropy \ud83d\udc80|Protosynthesis\n|cant|p2b: Entropy \ud83d\udc80|flinch\n|\n|-weather|RainDance|[upkeep]\n|-heal|p1b: Stakataka|52\/100|[from] Grassy Terrain\n|-heal|p2a: Venusaur|27\/100|[from] Grassy Terrain\n|-heal|p2b: Entropy \ud83d\udc80|100\/100|[from] Grassy Terrain\n|upkeep\n|turn|4\n|\n|t:|1697931117\n|move|p2b: Entropy \ud83d\udc80|Protect|p2b: Entropy \ud83d\udc80\n|-singleturn|p2b: Entropy \ud83d\udc80|Protect\n|move|p1b: Stakataka|Rock Slide|p2a: Venusaur|[spread] \n|-activate|p2b: Entropy \ud83d\udc80|move: Protect\n|-miss|p1b: Stakataka|p2a: Venusaur\n|move|p1a: Pelipper|Hurricane|p2b: Entropy \ud83d\udc80\n|-activate|p2b: Entropy \ud83d\udc80|move: Protect\n|-zpower|p2a: Venusaur\n|move|p2a: Venusaur|Bloom Doom|p1b: Stakataka|[zeffect]\n|-damage|p1b: Stakataka|0 fnt\n|faint|p1b: Stakataka\n|\n|-weather|RainDance|[upkeep]\n|-heal|p2a: Venusaur|33\/100|[from] Grassy Terrain\n|upkeep\n|\n|t:|1697931132\n|switch|p1b: Swampert|Swampert, M|100\/100\n|turn|5\n|inactive|Bean.god has 120 seconds left.\n|inactive|Bean.god has 90 seconds left.\n|\n|t:|1697931205\n|switch|p1a: Tornadus|Tornadus, M|100\/100\n|-end|p2b: Entropy \ud83d\udc80|Protosynthesis|[silent]\n|switch|p2b: Quasar \u2600\ufe0f|Charizard-Mega-Y, F, shiny|100\/100\n|-weather|SunnyDay|[from] ability: Drought|[of] p2b: Quasar \u2600\ufe0f\n|detailschange|p1b: Swampert|Swampert-Mega, M\n|-mega|p1b: Swampert|Swampert|Swampertite\n|move|p1b: Swampert|Protect|p1b: Swampert\n|-singleturn|p1b: Swampert|Protect\n|move|p2a: Venusaur|Solar Beam||[still]\n|-prepare|p2a: Venusaur|Solar Beam\n|-anim|p2a: Venusaur|Solar Beam|p1a: Tornadus\n|-resisted|p1a: Tornadus\n|-damage|p1a: Tornadus|62\/100\n|\n|-weather|SunnyDay|[upkeep]\n|-heal|p2a: Venusaur|39\/100|[from] Grassy Terrain\n|-fieldend|move: Trick Room\n|-fieldend|move: Grassy Terrain\n|upkeep\n|turn|6\n|inactive|Bean.god has 90 seconds left.\n|inactive|Yu hung lo has 120 seconds left.\n|\n|t:|1697931237\n|switch|p2b: Entropy \ud83d\udc80|Great Tusk|100\/100\n|-activate|p2b: Entropy \ud83d\udc80|ability: Protosynthesis\n|-start|p2b: Entropy \ud83d\udc80|protosynthesisatk\n|move|p1a: Tornadus|Rain Dance|p1a: Tornadus\n|-weather|RainDance\n|-end|p2b: Entropy \ud83d\udc80|Protosynthesis\n|move|p1b: Swampert|Liquidation|p2a: Venusaur\n|-resisted|p2a: Venusaur\n|-damage|p2a: Venusaur|0 fnt\n|faint|p2a: Venusaur\n|\n|-weather|RainDance|[upkeep]\n|upkeep\n|\n|t:|1697931251\n|switch|p2a: Flutter Mane|Flutter Mane|100\/100\n|turn|7\n|\n|t:|1697931264\n|move|p2b: Entropy \ud83d\udc80|Protect|p2b: Entropy \ud83d\udc80\n|-singleturn|p2b: Entropy \ud83d\udc80|Protect\n|move|p1a: Tornadus|Rain Dance||[still]\n|-fail|p1a: Tornadus\n|move|p1b: Swampert|Liquidation|p2a: Flutter Mane\n|-damage|p2a: Flutter Mane|0 fnt\n|faint|p2a: Flutter Mane\n|-end|p2a: Flutter Mane|Protosynthesis|[silent]\n|\n|-weather|RainDance|[upkeep]\n|upkeep\n|inactive|Bean.god has 90 seconds left.\n|\n|t:|1697931276\n|switch|p2a: Ozone \ud83d\udd73\ufe0f|Ogerpon-Hearthflame, F|100\/100\n|-ability|p2a: Ozone \ud83d\udd73\ufe0f|Mold Breaker\n|turn|8\n|\n|t:|1697931291\n|-end|p2b: Entropy \ud83d\udc80|Protosynthesis|[silent]\n|switch|p2b: Quasar \u2600\ufe0f|Charizard-Mega-Y, F, shiny|100\/100\n|-weather|SunnyDay|[from] ability: Drought|[of] p2b: Quasar \u2600\ufe0f\n|move|p1b: Swampert|Protect|p1b: Swampert\n|-singleturn|p1b: Swampert|Protect\n|move|p1a: Tornadus|Tailwind|p1a: Tornadus\n|-sidestart|p1: Yu hung lo|move: Tailwind\n|move|p2a: Ozone \ud83d\udd73\ufe0f|Power Whip|p1b: Swampert\n|-activate|p1b: Swampert|move: Protect\n|\n|-weather|SunnyDay|[upkeep]\n|upkeep\n|turn|9\n|\n|t:|1697931315\n|move|p2b: Quasar \u2600\ufe0f|Protect|p2b: Quasar \u2600\ufe0f\n|-singleturn|p2b: Quasar \u2600\ufe0f|Protect\n|move|p1a: Tornadus|Rain Dance|p1a: Tornadus\n|-weather|RainDance\n|move|p1b: Swampert|Liquidation|p2a: Ozone \ud83d\udd73\ufe0f\n|-damage|p2a: Ozone \ud83d\udd73\ufe0f|0 fnt\n|faint|p2a: Ozone \ud83d\udd73\ufe0f\n|\n|-weather|RainDance|[upkeep]\n|upkeep\n|-message|Bean.god forfeited.\n|\n|win|Yu hung lo\n|raw|Yu hung lo's rating: 1602 &rarr; <strong>1614<\/strong><br \/>(+12 for winning)\n|raw|Bean.god's rating: 1452 &rarr; <strong>1440<\/strong><br \/>(-12 for losing)\n|l|\u2606Bean.god\n","uploadtime":1697931330,"views":11,"p1id":"yuhunglo","p2id":"beangod","formatid":"gen9nationaldexdoubles","rating":1440,"private":0,"password":""}