{"id":"gen9nationaldexdoubles-1970243137","p1":"winlike","p2":"Mmirza","format":"[Gen 9] National Dex Doubles","log":"|j|\u2606winlike\n|j|\u2606Mmirza\n|t:|1697616121\n|gametype|doubles\n|player|p1|winlike|red-masters|1602\n|player|p2|Mmirza|saturn|1611\n|teamsize|p1|6\n|teamsize|p2|6\n|gen|9\n|tier|[Gen 9] National Dex Doubles\n|rated|\n|rule|HP Percentage Mod: HP is shown in percentages\n|rule|Endless Battle Clause: Forcing endless battles is banned\n|rule|OHKO Clause: OHKO moves are banned\n|rule|Evasion Moves Clause: Evasion moves are banned\n|rule|Evasion Abilities Clause: Evasion abilities are banned\n|rule|Species Clause: Limit one of each Pok\u00e9mon\n|rule|Gravity Sleep Clause: The combination of sleep-inducing moves with imperfect accuracy and Gravity or Gigantamax Orbeetle are banned\n|clearpoke\n|poke|p1|Heatran, F|\n|poke|p1|Chien-Pao|\n|poke|p1|Dragonite, M|\n|poke|p1|Amoonguss, M|\n|poke|p1|Landorus-Therian, M|\n|poke|p1|Charizard, M|\n|poke|p2|Incineroar, M|\n|poke|p2|Gastrodon-East, M|\n|poke|p2|Rillaboom, M|\n|poke|p2|Zygarde|\n|poke|p2|Amoonguss, M|\n|poke|p2|Chien-Pao|\n|teampreview\n|inactive|Battle timer is ON: inactive players will automatically lose when time's up. (requested by Mmirza)\n|inactive|Mmirza has 120 seconds left.\n|inactive|Mmirza has 90 seconds left.\n|\n|t:|1697616191\n|start\n|switch|p1a: Amoonguss|Amoonguss, M, shiny|100\/100\n|switch|p1b: Heatran|Heatran, F|100\/100\n|switch|p2a: Incineroar|Incineroar, M, shiny|100\/100\n|switch|p2b: Chien-Pao|Chien-Pao|100\/100\n|-ability|p2b: Chien-Pao|Sword of Ruin\n|-ability|p2a: Incineroar|Intimidate|boost\n|-unboost|p1a: Amoonguss|atk|1\n|-unboost|p1b: Heatran|atk|1\n|turn|1\n|\n|t:|1697616209\n|-terastallize|p1a: Amoonguss|Water\n|move|p2b: Chien-Pao|Protect|p2b: Chien-Pao\n|-singleturn|p2b: Chien-Pao|Protect\n|move|p1b: Heatran|Heat Wave|p2a: Incineroar|[spread] p2a\n|-activate|p2b: Chien-Pao|move: Protect\n|-resisted|p2a: Incineroar\n|-damage|p2a: Incineroar|81\/100\n|move|p2a: Incineroar|Flare Blitz|p1a: Amoonguss\n|-resisted|p1a: Amoonguss\n|-damage|p1a: Amoonguss|59\/100\n|-damage|p2a: Incineroar|65\/100|[from] Recoil\n|move|p1a: Amoonguss|Spore|p2b: Chien-Pao\n|-activate|p2b: Chien-Pao|move: Protect\n|\n|upkeep\n|turn|2\n|\n|t:|1697616230\n|move|p2b: Chien-Pao|Sacred Sword|p1b: Heatran\n|-supereffective|p1b: Heatran\n|-damage|p1b: Heatran|30\/100\n|move|p1b: Heatran|Heat Wave|p2a: Incineroar|[spread] p2b\n|-miss|p1b: Heatran|p2a: Incineroar\n|-supereffective|p2b: Chien-Pao\n|-enditem|p2b: Chien-Pao|Focus Sash\n|-damage|p2b: Chien-Pao|1\/100\n|move|p2a: Incineroar|Parting Shot|p1b: Heatran\n|-unboost|p1b: Heatran|atk|1\n|-unboost|p1b: Heatran|spa|1\n|\n|t:|1697616243\n|switch|p2a: Rillaboom|Rillaboom, M|100\/100|[from] Parting Shot\n|-fieldstart|move: Grassy Terrain|[from] ability: Grassy Surge|[of] p2a: Rillaboom\n|move|p1a: Amoonguss|Spore|p2b: Chien-Pao\n|-status|p2b: Chien-Pao|slp|[from] move: Spore\n|\n|-heal|p2b: Chien-Pao|7\/100 slp|[from] Grassy Terrain\n|-heal|p1b: Heatran|36\/100|[from] Grassy Terrain\n|-heal|p1a: Amoonguss|65\/100|[from] Grassy Terrain\n|upkeep\n|turn|3\n|l|\u2606winlike\n|inactive|winlike disconnected and has a minute to reconnect!\n|player|p1|\n|j|\u2606winlike\n|inactive|winlike reconnected and has 105 seconds left.\n|player|p1|winlike|red-masters\n|\n|t:|1697616295\n|switch|p1b: Charizard|Charizard, M, shiny|100\/100\n|switch|p1a: Landorus|Landorus-Therian, M|100\/100\n|-ability|p1a: Landorus|Intimidate|boost\n|-unboost|p2a: Rillaboom|atk|1\n|-unboost|p2b: Chien-Pao|atk|1\n|cant|p2b: Chien-Pao|slp\n|move|p2a: Rillaboom|Superpower|p1b: Charizard\n|-resisted|p1b: Charizard\n|-damage|p1b: Charizard|76\/100\n|-unboost|p2a: Rillaboom|atk|1\n|-unboost|p2a: Rillaboom|def|1\n|\n|-heal|p2b: Chien-Pao|13\/100 slp|[from] Grassy Terrain\n|upkeep\n|turn|4\n|inactive|winlike has 120 seconds left.\n|\n|t:|1697616310\n|switch|p2a: Incineroar|Incineroar, M, shiny|65\/100\n|-ability|p2a: Incineroar|Intimidate|boost\n|-unboost|p1a: Landorus|atk|1\n|-unboost|p1b: Charizard|atk|1\n|detailschange|p1b: Charizard|Charizard-Mega-Y, M, shiny\n|-mega|p1b: Charizard|Charizard|Charizardite Y\n|-weather|SunnyDay|[from] ability: Drought|[of] p1b: Charizard\n|move|p1a: Landorus|U-turn|p2b: Chien-Pao\n|-supereffective|p2b: Chien-Pao\n|-damage|p2b: Chien-Pao|0 fnt\n|faint|p2b: Chien-Pao\n|\n|t:|1697616324\n|switch|p1a: Amoonguss|Amoonguss, M, shiny, tera:Water|99\/100|[from] U-turn\n|move|p1b: Charizard|Tailwind|p1b: Charizard\n|-sidestart|p1: winlike|move: Tailwind\n|\n|-weather|SunnyDay|[upkeep]\n|-heal|p2a: Incineroar|71\/100|[from] Grassy Terrain\n|-heal|p1a: Amoonguss|100\/100|[from] Grassy Terrain\n|upkeep\n|\n|t:|1697616333\n|switch|p2b: Zygarde|Zygarde, shiny|100\/100\n|-ability|p2b: Zygarde|Aura Break\n|turn|5\n|\n|t:|1697616341\n|move|p1b: Charizard|Protect|p1b: Charizard\n|-singleturn|p1b: Charizard|Protect\n|move|p2a: Incineroar|Fake Out|p1a: Amoonguss\n|-damage|p1a: Amoonguss|85\/100\n|move|p2b: Zygarde|Dragon Dance|p2b: Zygarde\n|-boost|p2b: Zygarde|atk|1\n|-boost|p2b: Zygarde|spe|1\n|cant|p1a: Amoonguss|flinch\n|\n|-weather|SunnyDay|[upkeep]\n|-heal|p2a: Incineroar|77\/100|[from] Grassy Terrain\n|-heal|p1a: Amoonguss|91\/100|[from] Grassy Terrain\n|upkeep\n|turn|6\n|\n|t:|1697616355\n|switch|p1b: Landorus|Landorus-Therian, M|100\/100\n|-ability|p1b: Landorus|Intimidate|boost\n|-unboost|p2a: Incineroar|atk|1\n|-unboost|p2b: Zygarde|atk|1\n|move|p2b: Zygarde|Protect|p2b: Zygarde\n|-singleturn|p2b: Zygarde|Protect\n|move|p2a: Incineroar|Parting Shot|p1b: Landorus\n|-unboost|p1b: Landorus|atk|1\n|-unboost|p1b: Landorus|spa|1\n|\n|t:|1697616364\n|switch|p2a: Amoonguss|Amoonguss, M|100\/100|[from] Parting Shot\n|move|p1a: Amoonguss|Spore|p2b: Zygarde\n|-activate|p2b: Zygarde|move: Protect\n|\n|-weather|SunnyDay|[upkeep]\n|-heal|p1a: Amoonguss|97\/100|[from] Grassy Terrain\n|-fieldend|move: Grassy Terrain\n|upkeep\n|turn|7\n|\n|t:|1697616373\n|move|p2a: Amoonguss|Rage Powder|p2a: Amoonguss\n|-singleturn|p2a: Amoonguss|move: Rage Powder\n|move|p1b: Landorus|U-turn|p2a: Amoonguss\n|-damage|p2a: Amoonguss|85\/100\n|\n|t:|1697616382\n|switch|p1b: Chien-Pao|Chien-Pao|100\/100|[from] U-turn\n|-ability|p1b: Chien-Pao|Sword of Ruin\n|move|p2b: Zygarde|Dragon Dance|p2b: Zygarde\n|-boost|p2b: Zygarde|atk|1\n|-boost|p2b: Zygarde|spe|1\n|move|p1a: Amoonguss|Spore|p2a: Amoonguss\n|-immune|p2a: Amoonguss\n|\n|-weather|SunnyDay|[upkeep]\n|-heal|p2a: Amoonguss|91\/100|[from] item: Leftovers\n|-sideend|p1: winlike|move: Tailwind\n|upkeep\n|turn|8\n|\n|t:|1697616399\n|switch|p1a: Landorus|Landorus-Therian, M|100\/100\n|-ability|p1a: Landorus|Intimidate|boost\n|-unboost|p2a: Amoonguss|atk|1\n|-unboost|p2b: Zygarde|atk|1\n|-terastallize|p2b: Zygarde|Normal\n|move|p2b: Zygarde|Thousand Arrows|p1a: Landorus|[spread] p1a,p1b\n|-damage|p1a: Landorus|64\/100\n|-damage|p1b: Chien-Pao|68\/100\n|-start|p1a: Landorus|Smack Down\n|move|p1b: Chien-Pao|Ice Spinner|p2b: Zygarde\n|-damage|p2b: Zygarde|62\/100\n|move|p2a: Amoonguss|Spore|p1a: Landorus\n|-status|p1a: Landorus|slp|[from] move: Spore\n|\n|-weather|none\n|-heal|p2b: Zygarde|68\/100|[from] item: Leftovers\n|-heal|p2a: Amoonguss|98\/100|[from] item: Leftovers\n|upkeep\n|turn|9\n|\n|t:|1697616423\n|switch|p1a: Amoonguss|Amoonguss, M, shiny, tera:Water|100\/100\n|switch|p2a: Incineroar|Incineroar, M, shiny|77\/100\n|-ability|p2a: Incineroar|Intimidate|boost\n|-unboost|p1a: Amoonguss|atk|1\n|-unboost|p1b: Chien-Pao|atk|1\n|move|p2b: Zygarde|Dragon Dance|p2b: Zygarde\n|-boost|p2b: Zygarde|atk|1\n|-boost|p2b: Zygarde|spe|1\n|move|p1b: Chien-Pao|Ice Spinner|p2a: Incineroar\n|-resisted|p2a: Incineroar\n|-damage|p2a: Incineroar|60\/100\n|\n|-heal|p2b: Zygarde|74\/100|[from] item: Leftovers\n|upkeep\n|turn|10\n|\n|t:|1697616440\n|switch|p1b: Landorus|Landorus-Therian, M|64\/100 slp\n|-ability|p1b: Landorus|Intimidate|boost\n|-unboost|p2a: Incineroar|atk|1\n|-unboost|p2b: Zygarde|atk|1\n|move|p2a: Incineroar|Fake Out|p1a: Amoonguss\n|-damage|p1a: Amoonguss|91\/100\n|move|p2b: Zygarde|Thousand Arrows|p1b: Landorus|[spread] p1a,p1b\n|-damage|p1a: Amoonguss|66\/100\n|-damage|p1b: Landorus|36\/100 slp\n|-start|p1b: Landorus|Smack Down\n|cant|p1a: Amoonguss|flinch\n|\n|-heal|p2b: Zygarde|80\/100|[from] item: Leftovers\n|upkeep\n|turn|11\n|\n|t:|1697616455\n|switch|p1b: Chien-Pao|Chien-Pao|68\/100\n|-ability|p1b: Chien-Pao|Sword of Ruin\n|move|p2b: Zygarde|Thousand Arrows|p1b: Chien-Pao|[spread] p1a,p1b\n|-crit|p1b: Chien-Pao\n|-damage|p1a: Amoonguss|31\/100\n|-damage|p1b: Chien-Pao|17\/100\n|move|p2a: Incineroar|Knock Off|p1a: Amoonguss\n|-damage|p1a: Amoonguss|0 fnt\n|-enditem|p1a: Amoonguss|Mental Herb|[from] move: Knock Off|[of] p2a: Incineroar\n|faint|p1a: Amoonguss\n|\n|-heal|p2b: Zygarde|87\/100|[from] item: Leftovers\n|upkeep\n|\n|t:|1697616462\n|switch|p1a: Landorus|Landorus-Therian, M|36\/100 slp\n|-ability|p1a: Landorus|Intimidate|boost\n|-unboost|p2a: Incineroar|atk|1\n|-unboost|p2b: Zygarde|atk|1\n|turn|12\n|\n|t:|1697616482\n|move|p2b: Zygarde|Extreme Speed|p1b: Chien-Pao\n|-damage|p1b: Chien-Pao|0 fnt\n|faint|p1b: Chien-Pao\n|cant|p1a: Landorus|slp\n|move|p2a: Incineroar|Flare Blitz|p1a: Landorus\n|-damage|p1a: Landorus|0 fnt\n|faint|p1a: Landorus\n|-damage|p2a: Incineroar|50\/100|[from] Recoil\n|\n|-heal|p2b: Zygarde|93\/100|[from] item: Leftovers\n|upkeep\n|\n|t:|1697616491\n|switch|p1b: Charizard|Charizard-Mega-Y, M, shiny|76\/100\n|switch|p1a: Dragonite|Dragonite, M|100\/100\n|-weather|SunnyDay|[from] ability: Drought|[of] p1b: Charizard\n|turn|13\n|\n|t:|1697616504\n|switch|p2a: Gastrodon|Gastrodon-East, M, shiny|100\/100\n|move|p1b: Charizard|Protect|p1b: Charizard\n|-singleturn|p1b: Charizard|Protect\n|move|p2b: Zygarde|Dragon Dance|p2b: Zygarde\n|-boost|p2b: Zygarde|atk|1\n|-boost|p2b: Zygarde|spe|1\n|move|p1a: Dragonite|Earthquake|p2a: Gastrodon|[spread] p2a,p2b\n|-activate|p1b: Charizard|move: Protect\n|-damage|p2a: Gastrodon|59\/100\n|-damage|p2b: Zygarde|60\/100\n|\n|-weather|SunnyDay|[upkeep]\n|-heal|p2b: Zygarde|67\/100|[from] item: Leftovers\n|-heal|p2a: Gastrodon|66\/100|[from] item: Leftovers\n|upkeep\n|turn|14\n|\n|t:|1697616521\n|switch|p2a: Incineroar|Incineroar, M, shiny|50\/100\n|-ability|p2a: Incineroar|Intimidate|boost\n|-unboost|p1a: Dragonite|atk|1\n|-unboost|p1b: Charizard|atk|1\n|move|p2b: Zygarde|Thousand Arrows|p1a: Dragonite|[spread] p1a,p1b\n|-damage|p1a: Dragonite|89\/100\n|-damage|p1b: Charizard|43\/100\n|-start|p1a: Dragonite|Smack Down\n|-start|p1b: Charizard|Smack Down\n|move|p1b: Charizard|Heat Wave|p2a: Incineroar|[spread] p2a,p2b\n|-resisted|p2a: Incineroar\n|-damage|p2a: Incineroar|16\/100\n|-damage|p2b: Zygarde|22\/100\n|-enditem|p2a: Incineroar|Mago Berry|[eat]\n|-heal|p2a: Incineroar|49\/100|[from] item: Mago Berry\n|move|p1a: Dragonite|Earthquake|p2a: Incineroar|[spread] p1b,p2a,p2b\n|-supereffective|p1b: Charizard\n|-supereffective|p2a: Incineroar\n|-damage|p1b: Charizard|0 fnt\n|-damage|p2a: Incineroar|0 fnt\n|-damage|p2b: Zygarde|3\/100\n|faint|p1b: Charizard\n|faint|p2a: Incineroar\n|\n|-weather|SunnyDay|[upkeep]\n|-heal|p2b: Zygarde|9\/100|[from] item: Leftovers\n|upkeep\n|-message|winlike forfeited.\n|\n|win|Mmirza\n|raw|winlike's rating: 1602 &rarr; <strong>1583<\/strong><br \/>(-19 for losing)\n|raw|Mmirza's rating: 1611 &rarr; <strong>1630<\/strong><br \/>(+19 for winning)\n|l|\u2606winlike\n","uploadtime":1697616554,"views":19,"p1id":"winlike","p2id":"mmirza","formatid":"gen9nationaldexdoubles","rating":1583,"private":0,"password":""}