{"id":"gen9nationaldexdoubles-1968509944","p1":"Miiirza","p2":"jongus donguss","format":"[Gen 9] National Dex Doubles","log":"|j|\u2606Miiirza\n|j|\u2606jongus donguss\n|t:|1697426526\n|gametype|doubles\n|player|p1|Miiirza|266|1180\n|player|p2|jongus donguss|pokemaniac|1324\n|teamsize|p1|6\n|teamsize|p2|6\n|gen|9\n|tier|[Gen 9] National Dex Doubles\n|rated|\n|rule|HP Percentage Mod: HP is shown in percentages\n|rule|Endless Battle Clause: Forcing endless battles is banned\n|rule|OHKO Clause: OHKO moves are banned\n|rule|Evasion Moves Clause: Evasion moves are banned\n|rule|Evasion Abilities Clause: Evasion abilities are banned\n|rule|Species Clause: Limit one of each Pok\u00e9mon\n|rule|Gravity Sleep Clause: The combination of sleep-inducing moves with imperfect accuracy and Gravity or Gigantamax Orbeetle are banned\n|clearpoke\n|poke|p1|Incineroar, M|\n|poke|p1|Gastrodon-East, M|\n|poke|p1|Rillaboom, M|\n|poke|p1|Zygarde|\n|poke|p1|Amoonguss, M|\n|poke|p1|Chien-Pao|\n|poke|p2|Typhlosion-Hisui, M|\n|poke|p2|Shiftry, M|\n|poke|p2|Clefairy, F|\n|poke|p2|Drednaw, M|\n|poke|p2|Gliscor, F|\n|poke|p2|Jirachi|\n|teampreview\n|inactive|Battle timer is ON: inactive players will automatically lose when time's up. (requested by Miiirza)\n|\n|t:|1697426533\n|start\n|switch|p1a: Incineroar|Incineroar, M, shiny|100\/100\n|switch|p1b: Chien-Pao|Chien-Pao|100\/100\n|switch|p2a: Shiftry|Shiftry, M|100\/100\n|switch|p2b: Typhlosion|Typhlosion-Hisui, M|100\/100\n|-ability|p1b: Chien-Pao|Sword of Ruin\n|-item|p1a: Incineroar|Mago Berry|[from] ability: Frisk|[of] p2b: Typhlosion|[identify]\n|-item|p1b: Chien-Pao|Focus Sash|[from] ability: Frisk|[of] p2b: Typhlosion|[identify]\n|-ability|p1a: Incineroar|Intimidate|boost\n|-unboost|p2a: Shiftry|atk|1\n|-unboost|p2b: Typhlosion|atk|1\n|turn|1\n|\n|t:|1697426551\n|-terastallize|p1b: Chien-Pao|Ghost\n|move|p1a: Incineroar|Fake Out|p2a: Shiftry\n|-damage|p2a: Shiftry|71\/100\n|move|p1b: Chien-Pao|Crunch|p2b: Typhlosion\n|-supereffective|p2b: Typhlosion\n|-damage|p2b: Typhlosion|0 fnt\n|faint|p2b: Typhlosion\n|cant|p2a: Shiftry|flinch\n|\n|upkeep\n|\n|t:|1697426572\n|switch|p2b: Drednaw|Drednaw, M|100\/100\n|turn|2\n|\n|t:|1697426590\n|switch|p1a: Amoonguss|Amoonguss, M|100\/100\n|move|p1b: Chien-Pao|Protect|p1b: Chien-Pao\n|-singleturn|p1b: Chien-Pao|Protect\n|move|p2a: Shiftry|Tailwind|p2a: Shiftry\n|-sidestart|p2: jongus donguss|move: Tailwind\n|-ability|p2a: Shiftry|Wind Rider|boost\n|-boost|p2a: Shiftry|atk|1\n|move|p2b: Drednaw|Shell Smash|p2b: Drednaw\n|-unboost|p2b: Drednaw|def|1\n|-unboost|p2b: Drednaw|spd|1\n|-boost|p2b: Drednaw|atk|2\n|-boost|p2b: Drednaw|spa|2\n|-boost|p2b: Drednaw|spe|2\n|-enditem|p2b: Drednaw|White Herb\n|-clearnegativeboost|p2b: Drednaw|[silent]\n|\n|upkeep\n|turn|3\n|\n|t:|1697426612\n|switch|p1b: Incineroar|Incineroar, M, shiny|100\/100\n|-ability|p1b: Incineroar|Intimidate|boost\n|-unboost|p2a: Shiftry|atk|1\n|-unboost|p2b: Drednaw|atk|1\n|move|p2b: Drednaw|Ice Fang|p1a: Amoonguss\n|-supereffective|p1a: Amoonguss\n|-damage|p1a: Amoonguss|12\/100\n|move|p2a: Shiftry|Knock Off|p1b: Incineroar\n|-resisted|p1b: Incineroar\n|-damage|p1b: Incineroar|87\/100\n|-enditem|p1b: Incineroar|Mago Berry|[from] move: Knock Off|[of] p2a: Shiftry\n|move|p1a: Amoonguss|Spore|p2b: Drednaw\n|-status|p2b: Drednaw|slp|[from] move: Spore\n|\n|-heal|p1a: Amoonguss|18\/100|[from] item: Leftovers\n|upkeep\n|turn|4\n|\n|t:|1697426637\n|switch|p2b: Clefairy|Clefairy, F|100\/100\n|move|p2a: Shiftry|Rock Slide|p1b: Incineroar|[spread] p1a,p1b\n|-supereffective|p1b: Incineroar\n|-damage|p1a: Amoonguss|10\/100\n|-damage|p1b: Incineroar|65\/100\n|cant|p1b: Incineroar|flinch\n|move|p1a: Amoonguss|Pollen Puff|p2a: Shiftry\n|-supereffective|p2a: Shiftry\n|-damage|p2a: Shiftry|0 fnt\n|faint|p2a: Shiftry\n|\n|-heal|p1a: Amoonguss|16\/100|[from] item: Leftovers\n|upkeep\n|\n|t:|1697426651\n|switch|p2a: Jirachi|Jirachi|100\/100\n|turn|5\n|\n|t:|1697426660\n|switch|p1a: Gastrodon|Gastrodon-East, M, shiny|100\/100\n|move|p2a: Jirachi|Follow Me|p2a: Jirachi\n|-singleturn|p2a: Jirachi|move: Follow Me\n|move|p2b: Clefairy|Heal Bell|p2b: Clefairy\n|-activate|p2b: Clefairy|move: Heal Bell\n|-curestatus|p2: Drednaw|slp|[msg]\n|move|p1b: Incineroar|Knock Off|p2a: Jirachi\n|-supereffective|p2a: Jirachi\n|-damage|p2a: Jirachi|18\/100\n|-damage|p1b: Incineroar|49\/100|[from] item: Rocky Helmet|[of] p2a: Jirachi\n|-enditem|p2a: Jirachi|Rocky Helmet|[from] move: Knock Off|[of] p1b: Incineroar\n|\n|-sideend|p2: jongus donguss|move: Tailwind\n|upkeep\n|turn|6\n|\n|t:|1697426679\n|move|p2a: Jirachi|Drain Punch|p1b: Incineroar\n|-supereffective|p1b: Incineroar\n|-damage|p1b: Incineroar|2\/100\n|-heal|p2a: Jirachi|44\/100|[from] drain|[of] p1b: Incineroar\n|move|p1b: Incineroar|Knock Off|p2b: Clefairy\n|-resisted|p2b: Clefairy\n|-damage|p2b: Clefairy|68\/100\n|-enditem|p2b: Clefairy|Eviolite|[from] move: Knock Off|[of] p1b: Incineroar\n|move|p2b: Clefairy|Chilling Water|p1a: Gastrodon\n|-activate|p1a: Gastrodon|ability: Storm Drain\n|-ability|p1a: Gastrodon|Storm Drain|boost\n|-boost|p1a: Gastrodon|spa|1\n|move|p1a: Gastrodon|Muddy Water|p2a: Jirachi|[spread] p2a,p2b\n|-damage|p2a: Jirachi|12\/100\n|-damage|p2b: Clefairy|28\/100\n|-unboost|p2a: Jirachi|accuracy|1\n|\n|upkeep\n|turn|7\n|\n|t:|1697426699\n|switch|p1b: Amoonguss|Amoonguss, M|50\/100\n|move|p2a: Jirachi|Follow Me|p2a: Jirachi\n|-singleturn|p2a: Jirachi|move: Follow Me\n|move|p2b: Clefairy|Chilling Water|p1a: Gastrodon\n|-activate|p1a: Gastrodon|ability: Storm Drain\n|-ability|p1a: Gastrodon|Storm Drain|boost\n|-boost|p1a: Gastrodon|spa|1\n|move|p1a: Gastrodon|Muddy Water|p2a: Jirachi|[spread] p2a\n|-miss|p1a: Gastrodon|p2b: Clefairy\n|-damage|p2a: Jirachi|0 fnt\n|faint|p2a: Jirachi\n|\n|-heal|p1b: Amoonguss|56\/100|[from] item: Leftovers\n|upkeep\n|\n|t:|1697426715\n|switch|p2a: Drednaw|Drednaw, M|100\/100\n|turn|8\n|\n|t:|1697426722\n|switch|p1b: Incineroar|Incineroar, M, shiny|2\/100\n|-ability|p1b: Incineroar|Intimidate|boost\n|-unboost|p2a: Drednaw|atk|1\n|-unboost|p2b: Clefairy|atk|1\n|move|p2b: Clefairy|Follow Me|p2b: Clefairy\n|-singleturn|p2b: Clefairy|move: Follow Me\n|move|p2a: Drednaw|Shell Smash|p2a: Drednaw\n|-unboost|p2a: Drednaw|def|1\n|-unboost|p2a: Drednaw|spd|1\n|-boost|p2a: Drednaw|atk|2\n|-boost|p2a: Drednaw|spa|2\n|-boost|p2a: Drednaw|spe|2\n|move|p1a: Gastrodon|Muddy Water|p2a: Drednaw|[spread] p2a,p2b\n|-damage|p2a: Drednaw|17\/100\n|-damage|p2b: Clefairy|0 fnt\n|faint|p2b: Clefairy\n|\n|upkeep\n|\n|t:|1697426735\n|switch|p2b: Gliscor|Gliscor, F|100\/100\n|turn|9\n|\n|t:|1697426742\n|move|p1b: Incineroar|Fake Out|p2a: Drednaw\n|-resisted|p2a: Drednaw\n|-damage|p2a: Drednaw|4\/100\n|cant|p2a: Drednaw|flinch\n|move|p2b: Gliscor|Swords Dance|p2b: Gliscor\n|-boost|p2b: Gliscor|atk|2\n|move|p1a: Gastrodon|Muddy Water|p2b: Gliscor|[spread] p2a,p2b\n|-supereffective|p2b: Gliscor\n|-crit|p2b: Gliscor\n|-damage|p2a: Drednaw|0 fnt\n|-damage|p2b: Gliscor|0 fnt\n|faint|p2a: Drednaw\n|faint|p2b: Gliscor\n|\n|win|Miiirza\n|raw|Miiirza's rating: 1180 &rarr; <strong>1215<\/strong><br \/>(+35 for winning)\n|raw|jongus donguss's rating: 1324 &rarr; <strong>1296<\/strong><br \/>(-28 for losing)\n|l|\u2606jongus donguss\n","uploadtime":1697426759,"views":6,"p1id":"miiirza","p2id":"jongusdonguss","formatid":"gen9nationaldexdoubles","rating":1215,"private":0,"password":""}