{"id":"gen9nationaldexdoubles-1962779059","p1":"Chad Tankers","p2":"DiscardedVessel","format":"[Gen 9] National Dex Doubles","log":"|j|\u2606Chad Tankers\n|j|\u2606DiscardedVessel\n|t:|1696791395\n|gametype|doubles\n|player|p1|Chad Tankers|burglar|1461\n|player|p2|DiscardedVessel|veteranf|1470\n|teamsize|p1|6\n|teamsize|p2|6\n|gen|9\n|tier|[Gen 9] National Dex Doubles\n|rated|\n|rule|HP Percentage Mod: HP is shown in percentages\n|rule|Endless Battle Clause: Forcing endless battles is banned\n|rule|OHKO Clause: OHKO moves are banned\n|rule|Evasion Moves Clause: Evasion moves are banned\n|rule|Evasion Abilities Clause: Evasion abilities are banned\n|rule|Species Clause: Limit one of each Pok\u00e9mon\n|rule|Gravity Sleep Clause: The combination of sleep-inducing moves with imperfect accuracy and Gravity or Gigantamax Orbeetle are banned\n|clearpoke\n|poke|p1|Zygarde|\n|poke|p1|Blastoise, F|\n|poke|p1|Jirachi|\n|poke|p1|Rillaboom, F|\n|poke|p1|Volcanion|\n|poke|p1|Zamazenta-*|\n|poke|p2|Smeargle, F|\n|poke|p2|Chi-Yu|\n|poke|p2|Charizard, M|\n|poke|p2|Flutter Mane|\n|poke|p2|Ogerpon-Hearthflame, F|\n|poke|p2|Rillaboom, M|\n|teampreview\n|inactive|Battle timer is ON: inactive players will automatically lose when time's up. (requested by DiscardedVessel)\n|inactive|Chad Tankers also wants the timer to be on.\n|\n|t:|1696791422\n|start\n|switch|p1a: Volcanion|Volcanion|100\/100\n|switch|p1b: Rillaboom|Rillaboom, F|100\/100\n|switch|p2a: sucks lmao|Smeargle, F|100\/100\n|switch|p2b: wtf is a coverage|Flutter Mane|100\/100\n|-fieldstart|move: Grassy Terrain|[from] ability: Grassy Surge|[of] p1b: Rillaboom\n|-enditem|p2b: wtf is a coverage|Booster Energy\n|-activate|p2b: wtf is a coverage|ability: Protosynthesis|[fromitem]\n|-start|p2b: wtf is a coverage|protosynthesisspe\n|turn|1\n|\n|t:|1696791443\n|move|p2a: sucks lmao|Spiky Shield|p2a: sucks lmao\n|-singleturn|p2a: sucks lmao|move: Protect\n|move|p1b: Rillaboom|Fake Out|p2a: sucks lmao\n|-activate|p2a: sucks lmao|move: Protect\n|-damage|p1b: Rillaboom|88\/100|[from] Spiky Shield|[of] p2a: sucks lmao\n|move|p2b: wtf is a coverage|Shadow Ball|p1a: Volcanion\n|-damage|p1a: Volcanion|73\/100\n|move|p1a: Volcanion|Steam Eruption|p2b: wtf is a coverage|[miss]\n|-miss|p1a: Volcanion|p2b: wtf is a coverage\n|\n|-heal|p1b: Rillaboom|94\/100|[from] Grassy Terrain\n|-heal|p1a: Volcanion|79\/100|[from] Grassy Terrain\n|-ability|p2a: sucks lmao|Moody|boost\n|-boost|p2a: sucks lmao|spd|2\n|-unboost|p2a: sucks lmao|spe|1\n|upkeep\n|turn|2\n|inactive|Chad Tankers has 120 seconds left.\n|\n|t:|1696791475\n|move|p2b: wtf is a coverage|Protect|p2b: wtf is a coverage\n|-singleturn|p2b: wtf is a coverage|Protect\n|move|p1b: Rillaboom|Wood Hammer|p2a: sucks lmao\n|-enditem|p2a: sucks lmao|Focus Sash\n|-damage|p2a: sucks lmao|1\/100\n|-damage|p1b: Rillaboom|69\/100|[from] Recoil\n|move|p2a: sucks lmao|Spore|p1a: Volcanion\n|-status|p1a: Volcanion|slp|[from] move: Spore\n|cant|p1a: Volcanion|slp\n|\n|-heal|p1b: Rillaboom|75\/100|[from] Grassy Terrain\n|-heal|p2a: sucks lmao|7\/100|[from] Grassy Terrain\n|-heal|p1a: Volcanion|85\/100 slp|[from] Grassy Terrain\n|-ability|p2a: sucks lmao|Moody|boost\n|-boost|p2a: sucks lmao|spa|2\n|-unboost|p2a: sucks lmao|def|1\n|upkeep\n|turn|3\n|inactive|Chad Tankers has 120 seconds left.\n|inactive|DiscardedVessel has 120 seconds left.\n|\n|t:|1696791527\n|-end|p2b: wtf is a coverage|Protosynthesis|[silent]\n|switch|p2b: Monk\u00e9 Time|Rillaboom, M|100\/100\n|switch|p2a: Oops! All Zard!|Charizard, M, shiny|100\/100\n|move|p1b: Rillaboom|Wood Hammer|p2b: Monk\u00e9 Time\n|-resisted|p2b: Monk\u00e9 Time\n|-damage|p2b: Monk\u00e9 Time|62\/100\n|-damage|p1b: Rillaboom|62\/100|[from] Recoil\n|cant|p1a: Volcanion|slp\n|\n|-heal|p2b: Monk\u00e9 Time|68\/100|[from] Grassy Terrain\n|-heal|p1b: Rillaboom|68\/100|[from] Grassy Terrain\n|-heal|p1a: Volcanion|91\/100 slp|[from] Grassy Terrain\n|upkeep\n|turn|4\n|inactive|DiscardedVessel has 120 seconds left.\n|\n|t:|1696791553\n|-terastallize|p1b: Rillaboom|Fire\n|move|p2b: Monk\u00e9 Time|Grassy Glide|p1a: Volcanion\n|-damage|p1a: Volcanion|58\/100 slp\n|move|p2a: Oops! All Zard!|Tailwind|p2a: Oops! All Zard!\n|-sidestart|p2: DiscardedVessel|move: Tailwind\n|move|p1b: Rillaboom|U-turn|p2b: Monk\u00e9 Time\n|-supereffective|p2b: Monk\u00e9 Time\n|-damage|p2b: Monk\u00e9 Time|18\/100\n|\n|t:|1696791566\n|switch|p1b: Zygarde|Zygarde|100\/100|[from] U-turn\n|-ability|p1b: Zygarde|Aura Break\n|cant|p1a: Volcanion|slp\n|\n|-heal|p2b: Monk\u00e9 Time|24\/100|[from] Grassy Terrain\n|-heal|p1a: Volcanion|64\/100 slp|[from] Grassy Terrain\n|upkeep\n|turn|5\n|\n|t:|1696791584\n|detailschange|p2a: Oops! All Zard!|Charizard-Mega-Y, M, shiny\n|-mega|p2a: Oops! All Zard!|Charizard|Charizardite Y\n|-weather|SunnyDay|[from] ability: Drought|[of] p2a: Oops! All Zard!\n|move|p2a: Oops! All Zard!|Scorching Sands|p1a: Volcanion\n|-supereffective|p1a: Volcanion\n|-damage|p1a: Volcanion|27\/100 slp\n|move|p2b: Monk\u00e9 Time|Knock Off|p1b: Zygarde\n|-damage|p1b: Zygarde|77\/100\n|-enditem|p1b: Zygarde|Clear Amulet|[from] move: Knock Off|[of] p2b: Monk\u00e9 Time\n|move|p1b: Zygarde|Dragon Dance|p1b: Zygarde\n|-boost|p1b: Zygarde|atk|1\n|-boost|p1b: Zygarde|spe|1\n|-curestatus|p1a: Volcanion|slp|[msg]\n|move|p1a: Volcanion|Steam Eruption|p2a: Oops! All Zard!\n|-supereffective|p2a: Oops! All Zard!\n|-damage|p2a: Oops! All Zard!|44\/100\n|\n|-weather|SunnyDay|[upkeep]\n|-heal|p2b: Monk\u00e9 Time|30\/100|[from] Grassy Terrain\n|-heal|p1b: Zygarde|83\/100|[from] Grassy Terrain\n|-heal|p1a: Volcanion|33\/100|[from] Grassy Terrain\n|-fieldend|move: Grassy Terrain\n|upkeep\n|turn|6\n|inactive|Chad Tankers has 120 seconds left.\n|\n|t:|1696791619\n|switch|p1a: Rillaboom|Rillaboom, F, tera:Fire|68\/100\n|-fieldstart|move: Grassy Terrain|[from] ability: Grassy Surge|[of] p1a: Rillaboom\n|move|p1b: Zygarde|Extreme Speed|p2a: Oops! All Zard!\n|-damage|p2a: Oops! All Zard!|0 fnt\n|faint|p2a: Oops! All Zard!\n|move|p2b: Monk\u00e9 Time|U-turn|p1b: Zygarde\n|-damage|p1b: Zygarde|65\/100\n|\n|t:|1696791628\n|switch|p2b: wtf is a coverage|Flutter Mane|100\/100|[from] U-turn\n|-activate|p2b: wtf is a coverage|ability: Protosynthesis\n|-start|p2b: wtf is a coverage|protosynthesisspe\n|\n|-weather|SunnyDay|[upkeep]\n|-heal|p1b: Zygarde|71\/100|[from] Grassy Terrain\n|-heal|p1a: Rillaboom|75\/100|[from] Grassy Terrain\n|upkeep\n|\n|t:|1696791634\n|switch|p2a: sucks lmao|Smeargle, F|7\/100\n|turn|7\n|\n|t:|1696791643\n|move|p1b: Zygarde|Protect|p1b: Zygarde\n|-singleturn|p1b: Zygarde|Protect\n|move|p2a: sucks lmao|Follow Me|p2a: sucks lmao\n|-singleturn|p2a: sucks lmao|move: Follow Me\n|move|p2b: wtf is a coverage|Moonblast|p1b: Zygarde\n|-activate|p1b: Zygarde|move: Protect\n|move|p1a: Rillaboom|Wood Hammer|p2a: sucks lmao\n|-damage|p2a: sucks lmao|0 fnt\n|faint|p2a: sucks lmao\n|-damage|p1a: Rillaboom|73\/100|[from] Recoil\n|\n|-weather|SunnyDay|[upkeep]\n|-heal|p1b: Zygarde|78\/100|[from] Grassy Terrain\n|-heal|p1a: Rillaboom|79\/100|[from] Grassy Terrain\n|-sideend|p2: DiscardedVessel|move: Tailwind\n|upkeep\n|\n|t:|1696791652\n|switch|p2a: Monk\u00e9 Time|Rillaboom, M|30\/100\n|turn|8\n|\n|t:|1696791678\n|switch|p1b: Volcanion|Volcanion|33\/100\n|move|p2a: Monk\u00e9 Time|Fake Out|p1b: Volcanion\n|-damage|p1b: Volcanion|22\/100\n|move|p2b: wtf is a coverage|Moonblast|p1b: Volcanion\n|-resisted|p1b: Volcanion\n|-damage|p1b: Volcanion|7\/100\n|move|p1a: Rillaboom|Wood Hammer|p2b: wtf is a coverage\n|-damage|p2b: wtf is a coverage|0 fnt\n|faint|p2b: wtf is a coverage\n|-end|p2b: wtf is a coverage|Protosynthesis|[silent]\n|-damage|p1a: Rillaboom|58\/100|[from] Recoil\n|\n|-weather|SunnyDay|[upkeep]\n|-heal|p2a: Monk\u00e9 Time|36\/100|[from] Grassy Terrain\n|-heal|p1a: Rillaboom|65\/100|[from] Grassy Terrain\n|-heal|p1b: Volcanion|13\/100|[from] Grassy Terrain\n|upkeep\n|\n|t:|1696791685\n|switch|p2b: Go Go Gadget|Chi-Yu|100\/100\n|-ability|p2b: Go Go Gadget|Beads of Ruin\n|turn|9\n|\n|t:|1696791704\n|move|p2b: Go Go Gadget|Snarl|p1a: Rillaboom|[spread] p1a,p1b\n|-damage|p1a: Rillaboom|31\/100\n|-damage|p1b: Volcanion|0 fnt\n|-unboost|p1a: Rillaboom|spa|1\n|faint|p1b: Volcanion\n|move|p1a: Rillaboom|U-turn|p2a: Monk\u00e9 Time\n|-supereffective|p2a: Monk\u00e9 Time\n|-crit|p2a: Monk\u00e9 Time\n|-damage|p2a: Monk\u00e9 Time|0 fnt\n|faint|p2a: Monk\u00e9 Time\n|\n|t:|1696791723\n|switch|p1a: Zygarde|Zygarde|78\/100|[from] U-turn\n|-ability|p1a: Zygarde|Aura Break\n|\n|-weather|none\n|-heal|p1a: Zygarde|84\/100|[from] Grassy Terrain\n|upkeep\n|\n|t:|1696791731\n|switch|p2a: point of the Mask|Ogerpon-Hearthflame, F|100\/100\n|switch|p1b: Zamazenta|Zamazenta, shiny|100\/100\n|-ability|p1b: Zamazenta|Dauntless Shield|boost\n|-boost|p1b: Zamazenta|def|1\n|-ability|p2a: point of the Mask|Mold Breaker\n|turn|10\n|\n|t:|1696791743\n|-terastallize|p2b: Go Go Gadget|Fire\n|move|p1b: Zamazenta|Coaching|p1a: Zygarde\n|-boost|p1a: Zygarde|atk|1\n|-boost|p1a: Zygarde|def|1\n|move|p2a: point of the Mask|Ivy Cudgel|p1a: Zygarde\n|-resisted|p1a: Zygarde\n|-crit|p1a: Zygarde\n|-damage|p1a: Zygarde|54\/100\n|move|p2b: Go Go Gadget|Snarl|p1b: Zamazenta|[spread] p1a,p1b\n|-resisted|p1b: Zamazenta\n|-crit|p1b: Zamazenta\n|-damage|p1a: Zygarde|18\/100\n|-damage|p1b: Zamazenta|75\/100\n|-unboost|p1a: Zygarde|spa|1\n|-unboost|p1b: Zamazenta|spa|1\n|move|p1a: Zygarde|Dragon Dance|p1a: Zygarde\n|-boost|p1a: Zygarde|atk|1\n|-boost|p1a: Zygarde|spe|1\n|\n|-heal|p1a: Zygarde|24\/100|[from] Grassy Terrain\n|-heal|p1b: Zamazenta|81\/100|[from] Grassy Terrain\n|-fieldend|move: Grassy Terrain\n|upkeep\n|turn|11\n|inactive|Chad Tankers has 120 seconds left.\n|\n|t:|1696791778\n|move|p1a: Zygarde|Thousand Arrows|p2a: point of the Mask|[spread] p2a,p2b\n|-supereffective|p2b: Go Go Gadget\n|-damage|p2a: point of the Mask|25\/100\n|-damage|p2b: Go Go Gadget|0 fnt\n|faint|p2b: Go Go Gadget\n|move|p1b: Zamazenta|Body Press|p2a: point of the Mask\n|-damage|p2a: point of the Mask|0 fnt\n|faint|p2a: point of the Mask\n|\n|win|Chad Tankers\n|raw|Chad Tankers's rating: 1461 &rarr; <strong>1482<\/strong><br \/>(+21 for winning)\n|raw|DiscardedVessel's rating: 1470 &rarr; <strong>1449<\/strong><br \/>(-21 for losing)\n|l|\u2606DiscardedVessel\n|c|\u2606Chad Tankers|Ggs\n|l|\u2606Chad Tankers\n|j|\u2606Chad Tankers\n|player|p1|Chad Tankers|burglar\n","uploadtime":1696791865,"views":8,"p1id":"chadtankers","p2id":"discardedvessel","formatid":"gen9nationaldexdoubles","rating":1449,"private":0,"password":""}