{"id":"gen9nationaldexdoubles-1958954239","p1":"jakeysnakey00","p2":"MagikarpLover12876","format":"[Gen 9] National Dex Doubles","log":"|j|\u2606jakeysnakey00\n|j|\u2606MagikarpLover12876\n|t:|1696371844\n|gametype|doubles\n|player|p1|jakeysnakey00|2|\n|player|p2|MagikarpLover12876|steven|\n|teamsize|p1|6\n|teamsize|p2|6\n|gen|9\n|tier|[Gen 9] National Dex Doubles\n|rule|HP Percentage Mod: HP is shown in percentages\n|rule|Endless Battle Clause: Forcing endless battles is banned\n|rule|OHKO Clause: OHKO moves are banned\n|rule|Evasion Moves Clause: Evasion moves are banned\n|rule|Evasion Abilities Clause: Evasion abilities are banned\n|rule|Species Clause: Limit one of each Pok\u00e9mon\n|rule|Gravity Sleep Clause: The combination of sleep-inducing moves with imperfect accuracy and Gravity or Gigantamax Orbeetle are banned\n|clearpoke\n|poke|p1|Armarouge, M|\n|poke|p1|Dachsbun, M|\n|poke|p1|Poliwrath, M|\n|poke|p1|Vaporeon, F|\n|poke|p1|Typhlosion, M|\n|poke|p1|Heatran, M|\n|poke|p2|Volcarona, M|\n|poke|p2|Diancie|\n|poke|p2|Garganacl, M|\n|poke|p2|Glimmora, F|\n|poke|p2|Amoonguss, M|\n|poke|p2|Kingambit, M|\n|teampreview\n|\n|t:|1696371855\n|start\n|switch|p1a: Armarouge|Armarouge, M|100\/100\n|switch|p1b: Dachsbun|Dachsbun, M|100\/100\n|switch|p2a: Glimmora|Glimmora, F|100\/100\n|switch|p2b: Garganacl|Garganacl, M|100\/100\n|turn|1\n|\n|t:|1696371882\n|move|p1b: Dachsbun|Play Rough|p2b: Garganacl\n|-damage|p2b: Garganacl|79\/100\n|move|p2a: Glimmora|Stealth Rock|p1b: Dachsbun\n|-sidestart|p1: jakeysnakey00|move: Stealth Rock\n|move|p1a: Armarouge|Lava Plume|p2a: Glimmora|[spread] p2a,p2b\n|-ability|p1b: Dachsbun|Well-Baked Body|boost\n|-boost|p1b: Dachsbun|def|2\n|-resisted|p2a: Glimmora\n|-resisted|p2b: Garganacl\n|-damage|p2a: Glimmora|83\/100\n|-damage|p2b: Garganacl|72\/100\n|move|p2b: Garganacl|Salt Cure|p1a: Armarouge\n|-supereffective|p1a: Armarouge\n|-damage|p1a: Armarouge|76\/100\n|-start|p1a: Armarouge|Salt Cure\n|\n|-heal|p1a: Armarouge|82\/100|[from] item: Leftovers\n|-damage|p1a: Armarouge|70\/100|[from] Salt Cure\n|upkeep\n|turn|2\n|\n|t:|1696371905\n|switch|p1b: Vaporeon|Vaporeon, F|100\/100\n|-damage|p1b: Vaporeon|88\/100|[from] Stealth Rock\n|switch|p1a: Poliwrath|Poliwrath, M|100\/100\n|-damage|p1a: Poliwrath|94\/100|[from] Stealth Rock\n|move|p2a: Glimmora|Reflect|p2a: Glimmora\n|-sidestart|p2: MagikarpLover12876|Reflect\n|move|p2b: Garganacl|Salt Cure|p1b: Vaporeon\n|-damage|p1b: Vaporeon|70\/100\n|-start|p1b: Vaporeon|Salt Cure\n|\n|-damage|p1b: Vaporeon|46\/100|[from] Salt Cure\n|upkeep\n|turn|3\n|\n|t:|1696371930\n|move|p2a: Glimmora|Spikes|p1a: Poliwrath\n|-sidestart|p1: jakeysnakey00|Spikes\n|move|p1b: Vaporeon|Surf|p2b: Garganacl|[spread] p2a,p2b\n|-heal|p1a: Poliwrath|100\/100|[from] ability: Water Absorb|[of] p1b: Vaporeon\n|-supereffective|p2a: Glimmora\n|-supereffective|p2b: Garganacl\n|-damage|p2a: Glimmora|26\/100\n|-damage|p2b: Garganacl|48\/100\n|move|p1a: Poliwrath|Surf|p2a: Glimmora|[spread] p2a,p2b\n|-heal|p1b: Vaporeon|70\/100|[from] ability: Water Absorb|[of] p1a: Poliwrath\n|-supereffective|p2a: Glimmora\n|-supereffective|p2b: Garganacl\n|-damage|p2a: Glimmora|0 fnt\n|-damage|p2b: Garganacl|33\/100\n|faint|p2a: Glimmora\n|move|p2b: Garganacl|Salt Cure|p1a: Poliwrath\n|-resisted|p1a: Poliwrath\n|-damage|p1a: Poliwrath|96\/100\n|-start|p1a: Poliwrath|Salt Cure\n|\n|-damage|p1b: Vaporeon|46\/100|[from] Salt Cure\n|-damage|p1a: Poliwrath|72\/100|[from] Salt Cure\n|upkeep\n|\n|t:|1696371951\n|switch|p2a: Amoonguss|Amoonguss, M|100\/100\n|turn|4\n|\n|t:|1696371967\n|move|p1b: Vaporeon|Blizzard|p2b: Garganacl|[spread] p2a,p2b\n|-supereffective|p2a: Amoonguss\n|-damage|p2a: Amoonguss|74\/100\n|-damage|p2b: Garganacl|24\/100\n|move|p1a: Poliwrath|Surf|p2a: Amoonguss|[spread] p2a,p2b\n|-heal|p1b: Vaporeon|70\/100|[from] ability: Water Absorb|[of] p1a: Poliwrath\n|-resisted|p2a: Amoonguss\n|-supereffective|p2b: Garganacl\n|-damage|p2a: Amoonguss|68\/100\n|-damage|p2b: Garganacl|10\/100\n|move|p2a: Amoonguss|Spore|p1a: Poliwrath\n|-status|p1a: Poliwrath|slp|[from] move: Spore\n|move|p2b: Garganacl|Earth Power|p1b: Vaporeon\n|-damage|p1b: Vaporeon|64\/100\n|\n|-damage|p1b: Vaporeon|39\/100|[from] Salt Cure\n|-damage|p1a: Poliwrath|47\/100 slp|[from] Salt Cure\n|upkeep\n|turn|5\n|\n|t:|1696372019\n|move|p1b: Vaporeon|Surf|p2b: Garganacl|[spread] p2a,p2b\n|-heal|p1a: Poliwrath|72\/100 slp|[from] ability: Water Absorb|[of] p1b: Vaporeon\n|-resisted|p2a: Amoonguss\n|-supereffective|p2b: Garganacl\n|-damage|p2a: Amoonguss|60\/100\n|-damage|p2b: Garganacl|0 fnt\n|faint|p2b: Garganacl\n|cant|p1a: Poliwrath|slp\n|move|p2a: Amoonguss|Hex|p1a: Poliwrath\n|-damage|p1a: Poliwrath|46\/100 slp\n|\n|-damage|p1b: Vaporeon|15\/100|[from] Salt Cure\n|-damage|p1a: Poliwrath|21\/100 slp|[from] Salt Cure\n|upkeep\n|\n|t:|1696372039\n|switch|p2b: Diancie|Diancie|100\/100\n|turn|6\n|\n|t:|1696372051\n|switch|p1b: Heatran|Heatran, M|100\/100\n|-damage|p1b: Heatran|88\/100|[from] Stealth Rock\n|-damage|p1b: Heatran|76\/100|[from] Spikes\n|switch|p1a: Armarouge|Armarouge, M|70\/100\n|-damage|p1a: Armarouge|45\/100|[from] Stealth Rock\n|-damage|p1a: Armarouge|33\/100|[from] Spikes\n|detailschange|p2b: Diancie|Diancie-Mega\n|-mega|p2b: Diancie|Diancie|Diancite\n|move|p2b: Diancie|Diamond Storm|p1b: Heatran|[spread] p1b\n|-miss|p2b: Diancie|p1a: Armarouge\n|-damage|p1b: Heatran|35\/100\n|move|p2a: Amoonguss|Hex|p1b: Heatran\n|-damage|p1b: Heatran|25\/100\n|\n|-heal|p1b: Heatran|31\/100|[from] item: Leftovers\n|-heal|p1a: Armarouge|39\/100|[from] item: Leftovers\n|upkeep\n|turn|7\n|\n|t:|1696372075\n|move|p2b: Diancie|Diamond Storm|p1a: Armarouge|[spread] p1a,p1b\n|-supereffective|p1a: Armarouge\n|-damage|p1a: Armarouge|0 fnt\n|-damage|p1b: Heatran|0 fnt\n|-boost|p2b: Diancie|def|2\n|faint|p1a: Armarouge\n|faint|p1b: Heatran\n|move|p2a: Amoonguss|Hex|p1: Armarouge|[notarget]\n|-fail|p2a: Amoonguss\n|\n|upkeep\n|\n|t:|1696372085\n|switch|p1b: Typhlosion|Typhlosion, M|100\/100\n|switch|p1a: Dachsbun|Dachsbun, M|100\/100\n|-damage|p1a: Dachsbun|88\/100|[from] Stealth Rock\n|-damage|p1a: Dachsbun|76\/100|[from] Spikes\n|-damage|p1b: Typhlosion|75\/100|[from] Stealth Rock\n|-damage|p1b: Typhlosion|63\/100|[from] Spikes\n|turn|8\n|\n|t:|1696372100\n|move|p2b: Diancie|Diamond Storm|p1b: Typhlosion|[spread] p1a,p1b\n|-supereffective|p1b: Typhlosion\n|-damage|p1a: Dachsbun|22\/100\n|-damage|p1b: Typhlosion|0 fnt\n|faint|p1b: Typhlosion\n|move|p1a: Dachsbun|Play Rough|p2b: Diancie\n|-damage|p2b: Diancie|82\/100\n|move|p2a: Amoonguss|Spore|p1a: Dachsbun\n|-status|p1a: Dachsbun|slp|[from] move: Spore\n|\n|-heal|p1a: Dachsbun|28\/100 slp|[from] item: Leftovers\n|upkeep\n|\n|t:|1696372113\n|switch|p1b: Poliwrath|Poliwrath, M|21\/100 slp\n|-damage|p1b: Poliwrath|15\/100 slp|[from] Stealth Rock\n|-damage|p1b: Poliwrath|3\/100 slp|[from] Spikes\n|turn|9\n|\n|t:|1696372127\n|move|p2b: Diancie|Diamond Storm|p1b: Poliwrath|[spread] p1a,p1b\n|-resisted|p1b: Poliwrath\n|-damage|p1a: Dachsbun|0 fnt\n|-damage|p1b: Poliwrath|0 fnt\n|-boost|p2b: Diancie|def|2\n|faint|p1a: Dachsbun\n|faint|p1b: Poliwrath\n|move|p2a: Amoonguss|Hex|p1: Dachsbun|[notarget]\n|-fail|p2a: Amoonguss\n|\n|-sideend|p2: MagikarpLover12876|Reflect\n|upkeep\n|\n|t:|1696372147\n|switch|p1b: Vaporeon|Vaporeon, F|15\/100\n|-damage|p1b: Vaporeon|2\/100|[from] Stealth Rock\n|-damage|p1b: Vaporeon|0 fnt|[from] Spikes\n|faint|p1b: Vaporeon\n|\n|win|MagikarpLover12876\n|l|\u2606jakeysnakey00\n","uploadtime":1696372165,"views":3,"p1id":"jakeysnakey00","p2id":"magikarplover12876","formatid":"gen9nationaldexdoubles","rating":0,"private":0,"password":""}