{"id":"gen9nationaldexdoubles-1955814920","p1":"KillerCage2","p2":"PatrickMatrix","format":"[Gen 9] National Dex Doubles","log":"|j|\u2606KillerCage2\n|j|\u2606PatrickMatrix\n|t:|1696030924\n|gametype|doubles\n|player|p1|KillerCage2|crasherwake|\n|player|p2|PatrickMatrix|colress|\n|teamsize|p1|6\n|teamsize|p2|6\n|gen|9\n|tier|[Gen 9] National Dex Doubles\n|rule|HP Percentage Mod: HP is shown in percentages\n|rule|Endless Battle Clause: Forcing endless battles is banned\n|rule|OHKO Clause: OHKO moves are banned\n|rule|Evasion Moves Clause: Evasion moves are banned\n|rule|Evasion Abilities Clause: Evasion abilities are banned\n|rule|Species Clause: Limit one of each Pok\u00e9mon\n|rule|Gravity Sleep Clause: The combination of sleep-inducing moves with imperfect accuracy and Gravity or Gigantamax Orbeetle are banned\n|clearpoke\n|poke|p1|Hatterene, F|\n|poke|p1|Lilligant-Hisui, F|\n|poke|p1|Weavile, F|\n|poke|p1|Dragonite, M|\n|poke|p1|Floatzel, F|\n|poke|p1|Gengar, M|\n|poke|p2|Slowbro, M|\n|poke|p2|Miltank, F|\n|poke|p2|Togekiss, M|\n|poke|p2|Gengar, M|\n|poke|p2|Tinkaton, F|\n|poke|p2|Dragonite, F|\n|teampreview\n|j| Beagles725\n|j| Mistol\n|\n|t:|1696031178\n|start\n|switch|p1a: Eda|Hatterene, F, shiny|100\/100\n|switch|p1b: X-23|Weavile, F, shiny|100\/100\n|switch|p2a: Cow|Miltank, F|100\/100\n|switch|p2b: HUGS|Dragonite, F|100\/100\n|turn|1\n|\n|t:|1696031201\n|move|p1b: X-23|Metronome|p1b: X-23\n|move|p1b: X-23|Dragon Rush|p2a: Cow|[from]move: Metronome|[miss]\n|-miss|p1b: X-23|p2a: Cow\n|move|p2a: Cow|Metronome|p2a: Cow\n|move|p2a: Cow|Aromatic Mist|p2b: HUGS|[from]move: Metronome\n|-boost|p2b: HUGS|spd|1\n|move|p2b: HUGS|Metronome|p2b: HUGS\n|move|p2b: HUGS|Eerie Impulse|p1b: X-23|[from]move: Metronome\n|-unboost|p1b: X-23|spa|2\n|move|p1a: Eda|Metronome|p1a: Eda\n|move|p1a: Eda|Seed Flare|p2a: Cow|[from]move: Metronome\n|-damage|p2a: Cow|60\/100\n|\n|upkeep\n|turn|2\n|\n|t:|1696031215\n|move|p1b: X-23|Metronome|p1b: X-23\n|move|p1b: X-23|High Jump Kick|p2b: HUGS|[from]move: Metronome\n|-resisted|p2b: HUGS\n|-damage|p2b: HUGS|91\/100\n|move|p2a: Cow|Metronome|p2a: Cow\n|move|p2a: Cow|Throat Chop|p1a: Eda|[from]move: Metronome\n|-damage|p1a: Eda|80\/100\n|-start|p1a: Eda|Throat Chop|[silent]\n|move|p2b: HUGS|Metronome|p2b: HUGS\n|move|p2b: HUGS|Power Swap|p1a: Eda|[from]move: Metronome\n|-swapboost|p2b: HUGS|p1a: Eda|atk, spa|[from] move: Power Swap\n|move|p1a: Eda|Metronome|p1a: Eda\n|move|p1a: Eda|Acid|p2b: HUGS|[from]move: Metronome|[spread] p2a,p2b\n|-damage|p2a: Cow|49\/100\n|-damage|p2b: HUGS|84\/100\n|-unboost|p2a: Cow|spd|1\n|\n|upkeep\n|turn|3\n|\n|t:|1696031232\n|move|p1b: X-23|Metronome|p1b: X-23\n|move|p1b: X-23|Heart Swap|p2a: Cow|[from]move: Metronome\n|-swapboost|p1b: X-23|p2a: Cow|[from] move: Heart Swap\n|move|p2a: Cow|Metronome|p2a: Cow\n|move|p2a: Cow|Tail Slap|p1b: X-23|[from]move: Metronome\n|-damage|p1b: X-23|88\/100\n|-damage|p1b: X-23|77\/100\n|-hitcount|p1b: X-23|2\n|move|p2b: HUGS|Metronome|p2b: HUGS\n|move|p2b: HUGS|Sand Attack|p1b: X-23|[from]move: Metronome\n|-unboost|p1b: X-23|accuracy|1\n|move|p1a: Eda|Metronome|p1a: Eda\n|move|p1a: Eda|Rock Throw|p2a: Cow|[from]move: Metronome\n|-damage|p2a: Cow|42\/100\n|\n|-end|p1a: Eda|Throat Chop|[silent]\n|upkeep\n|turn|4\n|\n|t:|1696031251\n|move|p1b: X-23|Metronome|p1b: X-23\n|move|p1b: X-23|Self-Destruct|p2a: Cow|[from]move: Metronome|[spread] p1a,p2a,p2b\n|-damage|p1a: Eda|13\/100\n|-damage|p2a: Cow|10\/100\n|-damage|p2b: HUGS|37\/100\n|faint|p1b: X-23\n|move|p2a: Cow|Metronome|p2a: Cow\n|move|p2a: Cow|Outrage|p1a: Eda|[from]move: Metronome\n|-immune|p1a: Eda\n|move|p2b: HUGS|Metronome|p2b: HUGS\n|move|p2b: HUGS|Corrosive Gas|p1a: Eda|[from]move: Metronome\n|move|p1a: Eda|Corrosive Gas|p2b: HUGS|[from]ability: Magic Bounce|[spread] p2a,p2b|[spread] p2a\n|-enditem|p2a: Cow|Leppa Berry|[from] move: Corrosive Gas|[of] p1a: Eda\n|-enditem|p2b: HUGS|Leppa Berry|[from] move: Corrosive Gas|[of] p1a: Eda\n|-fail|p2a: Cow|move: Corrosive Gas\n|move|p1a: Eda|Metronome|p1a: Eda\n|move|p1a: Eda|Dragon Tail|p2a: Cow|[from]move: Metronome\n|-damage|p2a: Cow|2\/100\n|drag|p2a: Epimetheus|Slowbro, M, shiny|100\/100\n|\n|upkeep\n|\n|t:|1696031278\n|switch|p1b: Juniper|Lilligant-Hisui, F, shiny|100\/100\n|turn|5\n|\n|t:|1696031282\n|move|p1b: Juniper|Metronome|p1b: Juniper\n|move|p1b: Juniper|Defog|p2b: HUGS|[from]move: Metronome\n|-unboost|p2b: HUGS|evasion|1\n|move|p2b: HUGS|Metronome|p2b: HUGS\n|move|p2b: HUGS|Bug Buzz|p1b: Juniper|[from]move: Metronome\n|-damage|p1b: Juniper|71\/100\n|move|p1a: Eda|Metronome|p1a: Eda\n|move|p1a: Eda|Endeavor|p2b: HUGS|[from]move: Metronome\n|-damage|p2b: HUGS|9\/100\n|move|p2a: Epimetheus|Metronome|p2a: Epimetheus\n|move|p2a: Epimetheus|Belly Drum|p2a: Epimetheus|[from]move: Metronome\n|-damage|p2a: Epimetheus|50\/100\n|-setboost|p2a: Epimetheus|atk|6|[from] move: Belly Drum\n|\n|upkeep\n|turn|6\n|\n|t:|1696031300\n|move|p1b: Juniper|Metronome|p1b: Juniper\n|move|p1b: Juniper|Meteor Mash|p2b: HUGS|[from]move: Metronome\n|-damage|p2b: HUGS|0 fnt\n|faint|p2b: HUGS\n|move|p1a: Eda|Metronome|p1a: Eda\n|move|p1a: Eda|Substitute|p1a: Eda|[from]move: Metronome\n|-fail|p1a: Eda|move: Substitute|[weak]\n|move|p2a: Epimetheus|Metronome|p2a: Epimetheus\n|move|p2a: Epimetheus|Bind|p1a: Eda|[from]move: Metronome\n|-damage|p1a: Eda|0 fnt\n|faint|p1a: Eda\n|\n|upkeep\n|\n|t:|1696031315\n|switch|p2b: Cow|Miltank, F|2\/100\n|switch|p1a: Icarus|Dragonite, M, shiny|100\/100\n|turn|7\n|\n|t:|1696031321\n|move|p1b: Juniper|Metronome|p1b: Juniper\n|move|p1b: Juniper|Weather Ball|p2a: Epimetheus|[from]move: Metronome\n|-damage|p2a: Epimetheus|44\/100\n|move|p2b: Cow|Metronome|p2b: Cow\n|move|p2b: Cow|Crabhammer|p1a: Icarus|[from]move: Metronome\n|-resisted|p1a: Icarus\n|-damage|p1a: Icarus|92\/100\n|move|p1a: Icarus|Metronome|p1a: Icarus\n|move|p1a: Icarus|Water Shuriken|p2b: Cow|[from]move: Metronome\n|-damage|p2b: Cow|0 fnt\n|faint|p2b: Cow\n|-hitcount|p2: Cow|1\n|move|p2a: Epimetheus|Metronome|p2a: Epimetheus\n|move|p2a: Epimetheus|Spin Out|p1b: Juniper|[from]move: Metronome\n|-crit|p1b: Juniper\n|-damage|p1b: Juniper|0 fnt\n|-unboost|p2a: Epimetheus|spe|2\n|faint|p1b: Juniper\n|\n|upkeep\n|\n|t:|1696031342\n|switch|p1b: Marine|Floatzel, F|100\/100\n|switch|p2b: Gremlin|Tinkaton, F|100\/100\n|-ability|p2b: Gremlin|Mold Breaker\n|turn|8\n|\n|t:|1696031349\n|move|p1b: Marine|Metronome|p1b: Marine\n|move|p1b: Marine|Bullet Punch|p2b: Gremlin|[from]move: Metronome\n|-damage|p2b: Gremlin|86\/100\n|move|p2b: Gremlin|Metronome|p2b: Gremlin\n|move|p2b: Gremlin|Fire Blast|p1a: Icarus|[from]move: Metronome|[miss]\n|-miss|p2b: Gremlin|p1a: Icarus\n|move|p1a: Icarus|Metronome|p1a: Icarus\n|move|p1a: Icarus|Focus Energy|p1a: Icarus|[from]move: Metronome\n|-start|p1a: Icarus|move: Focus Energy\n|move|p2a: Epimetheus|Metronome|p2a: Epimetheus\n|move|p2a: Epimetheus|Magical Leaf|p1b: Marine|[from]move: Metronome\n|-supereffective|p1b: Marine\n|-damage|p1b: Marine|46\/100\n|\n|upkeep\n|turn|9\n|\n|t:|1696031366\n|move|p1b: Marine|Metronome|p1b: Marine\n|move|p1b: Marine|Aromatic Mist|p1a: Icarus|[from]move: Metronome\n|-boost|p1a: Icarus|spd|1\n|move|p2b: Gremlin|Metronome|p2b: Gremlin\n|move|p2b: Gremlin|Magical Leaf|p1a: Icarus|[from]move: Metronome\n|-resisted|p1a: Icarus\n|-damage|p1a: Icarus|91\/100\n|move|p1a: Icarus|Metronome|p1a: Icarus\n|move|p1a: Icarus|Taunt|p2a: Epimetheus|[from]move: Metronome\n|-immune|p2a: Epimetheus|[from] ability: Oblivious\n|move|p2a: Epimetheus|Metronome|p2a: Epimetheus\n|move|p2a: Epimetheus|Flame Charge|p1a: Icarus|[from]move: Metronome\n|-resisted|p1a: Icarus\n|-damage|p1a: Icarus|77\/100\n|-boost|p2a: Epimetheus|spe|1\n|\n|upkeep\n|turn|10\n|\n|t:|1696031382\n|move|p1b: Marine|Metronome|p1b: Marine\n|move|p1b: Marine|Strength|p2a: Epimetheus|[from]move: Metronome\n|-damage|p2a: Epimetheus|29\/100\n|move|p2b: Gremlin|Metronome|p2b: Gremlin\n|move|p2b: Gremlin|Icicle Spear|p1b: Marine|[from]move: Metronome\n|-resisted|p1b: Marine\n|-damage|p1b: Marine|41\/100\n|-resisted|p1b: Marine\n|-damage|p1b: Marine|35\/100\n|-resisted|p1b: Marine\n|-damage|p1b: Marine|29\/100\n|-resisted|p1b: Marine\n|-damage|p1b: Marine|22\/100\n|-hitcount|p1b: Marine|4\n|move|p1a: Icarus|Metronome|p1a: Icarus\n|move|p1a: Icarus|First Impression||[from]move: Metronome|[still]\n|-hint|First Impression only works on your first turn out.\n|-fail|p1a: Icarus\n|move|p2a: Epimetheus|Metronome|p2a: Epimetheus\n|move|p2a: Epimetheus|Stun Spore|p1a: Icarus|[from]move: Metronome|[miss]\n|-miss|p2a: Epimetheus|p1a: Icarus\n|\n|upkeep\n|turn|11\n|\n|t:|1696031399\n|move|p1b: Marine|Metronome|p1b: Marine\n|move|p1b: Marine|Magnetic Flux||[from]move: Metronome|[still]\n|-fail|p1b: Marine\n|move|p2b: Gremlin|Metronome|p2b: Gremlin\n|move|p2b: Gremlin|Dream Eater|p1b: Marine|[from]move: Metronome\n|-immune|p1b: Marine\n|move|p1a: Icarus|Metronome|p1a: Icarus\n|move|p1a: Icarus|Defense Curl|p1a: Icarus|[from]move: Metronome\n|-boost|p1a: Icarus|def|1\n|move|p2a: Epimetheus|Metronome|p2a: Epimetheus\n|move|p2a: Epimetheus|Mountain Gale|p1a: Icarus|[from]move: Metronome\n|-supereffective|p1a: Icarus\n|-damage|p1a: Icarus|0 fnt\n|faint|p1a: Icarus\n|\n|upkeep\n|\n|t:|1696031414\n|switch|p1a: Kokichi|Gengar, M, shiny|100\/100\n|turn|12\n|\n|t:|1696031418\n|move|p1b: Marine|Metronome|p1b: Marine\n|move|p1b: Marine|Chloroblast|p2a: Epimetheus|[from]move: Metronome\n|-supereffective|p2a: Epimetheus\n|-damage|p2a: Epimetheus|0 fnt\n|faint|p2a: Epimetheus\n|-damage|p1b: Marine|0 fnt|[from] Recoil\n|faint|p1b: Marine\n|move|p1a: Kokichi|Metronome|p1a: Kokichi\n|move|p1a: Kokichi|Sludge Wave|p2b: Gremlin|[from]move: Metronome\n|-immune|p2b: Gremlin\n|move|p2b: Gremlin|Metronome|p2b: Gremlin\n|move|p2b: Gremlin|Brine|p1a: Kokichi|[from]move: Metronome\n|-damage|p1a: Kokichi|84\/100\n|-start|p2b: Gremlin|Disable|Metronome|[from] ability: Cursed Body|[of] p1a: Kokichi\n|\n|upkeep\n|\n|t:|1696031433\n|switch|p2a: Icarus|Togekiss, M|100\/100\n|turn|13\n|\n|t:|1696031436\n|switch|p2b: Thanathos|Gengar, M|100\/100\n|move|p1a: Kokichi|Metronome|p1a: Kokichi\n|move|p1a: Kokichi|Wild Charge|p2a: Icarus|[from]move: Metronome\n|-supereffective|p2a: Icarus\n|-damage|p2a: Icarus|73\/100\n|-damage|p1a: Kokichi|74\/100|[from] Recoil\n|move|p2a: Icarus|Metronome|p2a: Icarus\n|move|p2a: Icarus|Night Shade|p1a: Kokichi|[from]move: Metronome\n|-damage|p1a: Kokichi|36\/100\n|\n|upkeep\n|turn|14\n|\n|t:|1696031447\n|move|p2b: Thanathos|Metronome|p2b: Thanathos\n|move|p2b: Thanathos|Wave Crash|p1a: Kokichi|[from]move: Metronome\n|-damage|p1a: Kokichi|0 fnt\n|faint|p1a: Kokichi\n|-damage|p2b: Thanathos|89\/100|[from] Recoil\n|\n|win|PatrickMatrix\n|l| Mistol\n|l|\u2606KillerCage2\n|l| Beagles725\n","uploadtime":1696031593,"views":22,"p1id":"killercage2","p2id":"patrickmatrix","formatid":"gen9nationaldexdoubles","rating":0,"private":0,"password":""}