{"id":"gen9nationaldexdoubles-1975557289","p1":"dexois","p2":"Marlene 420","format":"[Gen 9] National Dex Doubles","log":"|j|\u2606dexois\n|j|\u2606Marlene 420\n|t:|1698204585\n|gametype|doubles\n|player|p1|dexois|unknown|1104\n|player|p2|Marlene 420|cheryl|1199\n|teamsize|p1|6\n|teamsize|p2|6\n|gen|9\n|tier|[Gen 9] National Dex Doubles\n|rated|\n|rule|HP Percentage Mod: HP is shown in percentages\n|rule|Endless Battle Clause: Forcing endless battles is banned\n|rule|OHKO Clause: OHKO moves are banned\n|rule|Evasion Moves Clause: Evasion moves are banned\n|rule|Evasion Abilities Clause: Evasion abilities are banned\n|rule|Species Clause: Limit one of each Pok\u00e9mon\n|rule|Gravity Sleep Clause: The combination of sleep-inducing moves with imperfect accuracy and Gravity or Gigantamax Orbeetle are banned\n|clearpoke\n|poke|p1|Ribombee, F|\n|poke|p1|Kommo-o, M|\n|poke|p1|Oricorio-Sensu, F|\n|poke|p1|Volcarona, F|\n|poke|p1|Flamigo, F|\n|poke|p1|Lilligant, F|\n|poke|p2|Pheromosa|\n|poke|p2|Diancie|\n|poke|p2|Lopunny, F|\n|poke|p2|Gardevoir, F|\n|poke|p2|Meloetta|\n|poke|p2|Hatterene, F|\n|teampreview\n|inactive|Battle timer is ON: inactive players will automatically lose when time's up. (requested by Marlene 420)\n|\n|t:|1698204597\n|start\n|switch|p1a: Ribombee|Ribombee, F|100\/100\n|switch|p1b: Kommo-o|Kommo-o, M|100\/100\n|switch|p2a: Lola|Lopunny, F, shiny|100\/100\n|switch|p2b: Melody|Meloetta|100\/100\n|turn|1\n|\n|t:|1698204616\n|switch|p2a: Katherine|Hatterene, F|100\/100\n|move|p1a: Ribombee|Sticky Web|p2b: Melody\n|move|p2a: Katherine|Sticky Web|p1a: Ribombee|[from]ability: Magic Bounce\n|-sidestart|p1: dexois|move: Sticky Web\n|move|p1b: Kommo-o|Clangorous Soul|p1b: Kommo-o\n|-boost|p1b: Kommo-o|atk|1\n|-boost|p1b: Kommo-o|def|1\n|-boost|p1b: Kommo-o|spa|1\n|-boost|p1b: Kommo-o|spd|1\n|-boost|p1b: Kommo-o|spe|1\n|-damage|p1b: Kommo-o|68\/100\n|move|p2b: Melody|Relic Song|p1a: Ribombee|[spread] p1a,p1b\n|-crit|p1b: Kommo-o\n|-damage|p1a: Ribombee|66\/100\n|-damage|p1b: Kommo-o|30\/100\n|-formechange|p2b: Melody|Meloetta-Pirouette|[msg]\n|\n|upkeep\n|turn|2\n|\n|t:|1698204642\n|move|p1b: Kommo-o|Boomburst|p2a: Katherine|[spread] p1a,p2a,p2b\n|-damage|p1a: Ribombee|0 fnt\n|-damage|p2a: Katherine|68\/100\n|-damage|p2b: Melody|48\/100\n|faint|p1a: Ribombee\n|move|p2b: Melody|Close Combat|p1b: Kommo-o\n|-damage|p1b: Kommo-o|0 fnt\n|-unboost|p2b: Melody|def|1\n|-unboost|p2b: Melody|spd|1\n|faint|p1b: Kommo-o\n|move|p2a: Katherine|Draining Kiss|p1: Ribombee|[notarget]\n|-fail|p2a: Katherine\n|\n|-heal|p2a: Katherine|74\/100|[from] item: Leftovers\n|upkeep\n|inactive|dexois has 120 seconds left.\n|\n|t:|1698204657\n|switch|p1a: Volcarona|Volcarona, F|100\/100\n|switch|p1b: Oricorio|Oricorio-Sensu, F|100\/100\n|turn|3\n|\n|t:|1698204672\n|switch|p2a: Dianita|Diancie|100\/100\n|-zpower|p2b: Melody\n|move|p2b: Melody|Subzero Slammer|p1b: Oricorio|[zeffect]\n|-supereffective|p1b: Oricorio\n|-damage|p1b: Oricorio|0 fnt\n|faint|p1b: Oricorio\n|move|p1a: Volcarona|Quiver Dance|p1a: Volcarona\n|-boost|p1a: Volcarona|spa|1\n|-boost|p1a: Volcarona|spd|1\n|-boost|p1a: Volcarona|spe|1\n|\n|upkeep\n|\n|t:|1698204684\n|switch|p1b: Flamigo|Flamigo, F|100\/100\n|-copyboost|p1b: Flamigo|p1a: Volcarona|[from] ability: Costar\n|turn|4\n|\n|t:|1698204714\n|-terastallize|p1a: Volcarona|Normal\n|move|p1b: Flamigo|Close Combat|p2a: Dianita\n|-crit|p2a: Dianita\n|-damage|p2a: Dianita|27\/100\n|-unboost|p1b: Flamigo|def|1\n|-unboost|p1b: Flamigo|spd|1\n|move|p1a: Volcarona|Fiery Dance|p2b: Melody\n|-damage|p2b: Melody|0 fnt\n|-boost|p1a: Volcarona|spa|1\n|faint|p2b: Melody\n|move|p2a: Dianita|Diamond Storm|p1a: Volcarona|[spread] p1a,p1b\n|-damage|p1a: Volcarona|74\/100\n|-damage|p1b: Flamigo|44\/100\n|\n|-heal|p2a: Dianita|33\/100|[from] item: Leftovers\n|upkeep\n|inactive|Marlene 420 has 120 seconds left.\n|\n|t:|1698204734\n|switch|p2b: Phersefone|Pheromosa, shiny|100\/100\n|turn|5\n|\n|t:|1698204743\n|move|p1b: Flamigo|Close Combat|p2a: Dianita\n|-damage|p2a: Dianita|0 fnt\n|-unboost|p1b: Flamigo|def|1\n|-unboost|p1b: Flamigo|spd|1\n|faint|p2a: Dianita\n|move|p2b: Phersefone|High Jump Kick|p1a: Volcarona\n|-supereffective|p1a: Volcarona\n|-damage|p1a: Volcarona|0 fnt\n|-status|p2b: Phersefone|brn|[from] ability: Flame Body|[of] p1a: Volcarona\n|faint|p1a: Volcarona\n|-ability|p2b: Phersefone|Beast Boost|boost\n|-boost|p2b: Phersefone|spe|1\n|-damage|p2b: Phersefone|91\/100 brn|[from] item: Life Orb\n|\n|-damage|p2b: Phersefone|85\/100 brn|[from] brn\n|upkeep\n|\n|t:|1698204762\n|switch|p1a: Lilligant|Lilligant, F|100\/100\n|switch|p2a: Lola|Lopunny, F, shiny|100\/100\n|-activate|p1a: Lilligant|move: Sticky Web\n|-unboost|p1a: Lilligant|spe|1\n|turn|6\n|\n|t:|1698204779\n|-terastallize|p2b: Phersefone|Ice\n|move|p2a: Lola|Fake Out|p1b: Flamigo\n|-damage|p1b: Flamigo|1\/100\n|move|p2b: Phersefone|Ice Beam|p1a: Lilligant\n|-supereffective|p1a: Lilligant\n|-damage|p1a: Lilligant|0 fnt\n|faint|p1a: Lilligant\n|-ability|p2b: Phersefone|Beast Boost|boost\n|-boost|p2b: Phersefone|spe|1\n|-damage|p2b: Phersefone|75\/100 brn|[from] item: Life Orb\n|cant|p1b: Flamigo|flinch\n|\n|-damage|p2b: Phersefone|69\/100 brn|[from] brn\n|upkeep\n|turn|7\n|-message|dexois forfeited.\n|\n|win|Marlene 420\n|raw|dexois's rating: 1104 &rarr; <strong>1086<\/strong><br \/>(-18 for losing)\n|raw|Marlene 420's rating: 1199 &rarr; <strong>1217<\/strong><br \/>(+18 for winning)\n|l|\u2606dexois\n","uploadtime":1698204945,"views":9,"p1id":"dexois","p2id":"marlene420","formatid":"gen9nationaldexdoubles","rating":1086,"private":0,"password":""}