{"id":"gen9nationaldexdoubles-1978661452","p1":"DarkThive","p2":"uplburning","format":"[Gen 9] National Dex Doubles","log":"|j|\u2606DarkThive\n|j|\u2606uplburning\n|t:|1698576893\n|gametype|doubles\n|player|p1|DarkThive|juggler-gen1|\n|player|p2|uplburning|lucas|\n|teamsize|p1|6\n|teamsize|p2|6\n|gen|9\n|tier|[Gen 9] National Dex Doubles\n|rule|HP Percentage Mod: HP is shown in percentages\n|rule|Endless Battle Clause: Forcing endless battles is banned\n|rule|OHKO Clause: OHKO moves are banned\n|rule|Evasion Moves Clause: Evasion moves are banned\n|rule|Evasion Abilities Clause: Evasion abilities are banned\n|rule|Species Clause: Limit one of each Pok\u00e9mon\n|rule|Gravity Sleep Clause: The combination of sleep-inducing moves with imperfect accuracy and Gravity or Gigantamax Orbeetle are banned\n|clearpoke\n|poke|p1|Indeedee-F, F|\n|poke|p1|Armarouge, M|\n|poke|p1|Amoonguss, M|\n|poke|p1|Iron Hands|\n|poke|p1|Hatterene, F|\n|poke|p1|Kingambit, M|\n|poke|p2|Torkoal, F|\n|poke|p2|Venusaur, M|\n|poke|p2|Metagross|\n|poke|p2|Blacephalon|\n|poke|p2|Tapu Fini|\n|poke|p2|Hydreigon, F|\n|teampreview\n|\n|t:|1698576897\n|start\n|switch|p1a: htead|Indeedee-F, F|100\/100\n|switch|p1b: death|Armarouge, M|100\/100\n|switch|p2a: Torkoal|Torkoal, F|100\/100\n|switch|p2b: Venusaur|Venusaur, M|100\/100\n|-fieldstart|move: Psychic Terrain|[from] ability: Psychic Surge|[of] p1a: htead\n|-weather|SunnyDay|[from] ability: Drought|[of] p2a: Torkoal\n|turn|1\n|j| B'sInpigiama\n|\n|t:|1698576917\n|move|p1a: htead|Follow Me|p1a: htead\n|-singleturn|p1a: htead|move: Follow Me\n|move|p2b: Venusaur|Weather Ball|p1a: htead\n|-damage|p1a: htead|63\/100\n|-damage|p2b: Venusaur|91\/100|[from] item: Life Orb\n|move|p2a: Torkoal|Stealth Rock|p1a: htead\n|-sidestart|p1: DarkThive|move: Stealth Rock\n|move|p1b: death|Trick Room|p1b: death\n|-fieldstart|move: Trick Room|[of] p1b: death\n|\n|-weather|SunnyDay|[upkeep]\n|-heal|p1a: htead|69\/100|[from] item: Leftovers\n|upkeep\n|turn|2\n|l| B'sInpigiama\n|\n|t:|1698576940\n|move|p2a: Torkoal|Yawn|p1b: death\n|-start|p1b: death|move: Yawn|[of] p2a: Torkoal\n|move|p1b: death|Expanding Force|p2b: Venusaur|[spread] p2a,p2b\n|-supereffective|p2b: Venusaur\n|-damage|p2a: Torkoal|0 fnt\n|-damage|p2b: Venusaur|0 fnt\n|faint|p2a: Torkoal\n|faint|p2b: Venusaur\n|-damage|p1b: death|91\/100|[from] item: Life Orb\n|move|p1a: htead|Expanding Force|p2: Torkoal|[notarget]\n|-fail|p1a: htead\n|\n|-weather|SunnyDay|[upkeep]\n|-heal|p1a: htead|75\/100|[from] item: Leftovers\n|upkeep\n|\n|t:|1698576950\n|switch|p2a: Hydreigon|Hydreigon, F|100\/100\n|switch|p2b: Tapu Fini|Tapu Fini|100\/100\n|-fieldstart|move: Misty Terrain|[from] ability: Misty Surge|[of] p2b: Tapu Fini\n|turn|3\n|\n|t:|1698576983\n|move|p1b: death|Focus Blast|p2a: Hydreigon\n|-supereffective|p2a: Hydreigon\n|-damage|p2a: Hydreigon|0 fnt\n|faint|p2a: Hydreigon\n|-damage|p1b: death|81\/100|[from] item: Life Orb\n|move|p1a: htead|Expanding Force|p2b: Tapu Fini\n|-damage|p2b: Tapu Fini|79\/100\n|move|p2b: Tapu Fini|Nature's Madness|p1a: htead\n|-damage|p1a: htead|38\/100\n|\n|-weather|SunnyDay|[upkeep]\n|-heal|p1a: htead|44\/100|[from] item: Leftovers\n|-heal|p2b: Tapu Fini|85\/100|[from] item: Leftovers\n|-end|p1b: death|move: Yawn|[silent]\n|-activate|p1b: death|move: Misty Terrain\n|upkeep\n|\n|t:|1698576989\n|switch|p2a: Blacephalon|Blacephalon|100\/100\n|turn|4\n|c|\u2606DarkThive|thanks for misty terrain\n|\n|t:|1698577003\n|move|p1b: death|Expanding Force|p2a: Blacephalon\n|-damage|p2a: Blacephalon|0 fnt\n|faint|p2a: Blacephalon\n|-damage|p1b: death|71\/100|[from] item: Life Orb\n|move|p1a: htead|Expanding Force|p2b: Tapu Fini\n|-damage|p2b: Tapu Fini|63\/100\n|move|p2b: Tapu Fini|Moonblast|p1a: htead\n|-damage|p1a: htead|23\/100\n|-unboost|p1a: htead|spa|1\n|\n|-weather|SunnyDay|[upkeep]\n|-heal|p1a: htead|29\/100|[from] item: Leftovers\n|-heal|p2b: Tapu Fini|69\/100|[from] item: Leftovers\n|upkeep\n|c|\u2606DarkThive|wait shit we lost phsyic terrain\n|c|\u2606DarkThive|!dt expanding force\n|raw|<ul class=\"utilichart\"><li class=\"result\"><span class=\"col movenamecol\"><a href=\"https:\/\/dex.pokemonshowdown.com\/moves\/expandingforce\">Expanding Force<\/a><\/span> <span class=\"col typecol\"><img src=\"\/\/play.pokemonshowdown.com\/sprites\/types\/Psychic.png\" alt=\"Psychic\" width=\"32\" height=\"14\"><img src=\"\/\/play.pokemonshowdown.com\/sprites\/categories\/Special.png\" alt=\"Special\" width=\"32\" height=\"14\"><\/span> <span class=\"col labelcol\"><em>Power<\/em><br>80<\/span> <span class=\"col widelabelcol\"><em>Accuracy<\/em><br>100%<\/span> <span class=\"col pplabelcol\"><em>PP<\/em><br>16<\/span> <span class=\"col movedesccol\">User on Psychic Terrain: 1.5x power, hits foes.<\/span> <\/li><li style=\"clear:both\"><\/li><\/ul>\n|raw|<font size=\"1\"><font color=\"#686868\">Priority:<\/font> 0&nbsp;|&ThickSpace;<font color=\"#686868\">Gen:<\/font> 8&nbsp;|&ThickSpace;<font color=\"#686868\">Z-Power:<\/font> 160&nbsp;|&ThickSpace;<font color=\"#686868\">Dynamax Power:<\/font> 130&nbsp;|&ThickSpace;<font color=\"#686868\">Target:<\/font> One Adjacent Pok\u00e9mon<\/font>\n\n|\n|t:|1698577032\n|switch|p2a: Metagross|Metagross|100\/100\n|turn|5\n|c|\u2606DarkThive|hits both\n|\n|t:|1698577054\n|detailschange|p2a: Metagross|Metagross-Mega\n|-mega|p2a: Metagross|Metagross|Metagrossite\n|move|p1a: htead|Follow Me|p1a: htead\n|-singleturn|p1a: htead|move: Follow Me\n|move|p1b: death|Armor Cannon|p2a: Metagross\n|-supereffective|p2a: Metagross\n|-damage|p2a: Metagross|0 fnt\n|-unboost|p1b: death|def|1\n|-unboost|p1b: death|spd|1\n|faint|p2a: Metagross\n|-damage|p1b: death|61\/100|[from] item: Life Orb\n|move|p2b: Tapu Fini|Moonblast|p1a: htead\n|-damage|p1a: htead|7\/100\n|-unboost|p1a: htead|spa|1\n|\n|-weather|SunnyDay|[upkeep]\n|-heal|p1a: htead|13\/100|[from] item: Leftovers\n|-heal|p2b: Tapu Fini|75\/100|[from] item: Leftovers\n|-fieldend|move: Trick Room\n|upkeep\n|turn|6\n|c|\u2606DarkThive|ebacuse you set upmisty terrain\n|c|\u2606DarkThive|it was no longer psychic terrain\n|\n|t:|1698577093\n|switch|p1a: thead|Iron Hands|100\/100\n|-damage|p1a: thead|94\/100|[from] Stealth Rock\n|switch|p1b: daeth|Amoonguss, M|100\/100\n|-damage|p1b: daeth|88\/100|[from] Stealth Rock\n|move|p2b: Tapu Fini|Nature's Madness|p1b: daeth\n|-damage|p1b: daeth|44\/100\n|\n|-weather|SunnyDay|[upkeep]\n|-heal|p2b: Tapu Fini|81\/100|[from] item: Leftovers\n|-heal|p1b: daeth|50\/100|[from] item: Black Sludge\n|upkeep\n|turn|7\n|c|\u2606DarkThive|indeedee is slower than tapu fini\n|c|\u2606DarkThive|so misty terain will go first, then psychic terrain\n|c|\u2606DarkThive|so now\n|c|\u2606DarkThive|no*\n|c|\u2606DarkThive|bringing in tapu fini turn 2 was the correct play\n|\n|t:|1698577132\n|move|p2b: Tapu Fini|Moonblast|p1a: thead\n|-supereffective|p1a: thead\n|-damage|p1a: thead|59\/100\n|-unboost|p1a: thead|spa|1\n|move|p1a: thead|Wild Charge|p2b: Tapu Fini\n|-supereffective|p2b: Tapu Fini\n|-damage|p2b: Tapu Fini|14\/100\n|-damage|p1a: thead|47\/100|[from] Recoil\n|move|p1b: daeth|Giga Drain|p2b: Tapu Fini\n|-supereffective|p2b: Tapu Fini\n|-damage|p2b: Tapu Fini|0 fnt\n|-heal|p1b: daeth|56\/100|[from] drain|[of] p2b: Tapu Fini\n|faint|p2b: Tapu Fini\n|\n|win|DarkThive\n","uploadtime":1698577148,"views":19,"p1id":"darkthive","p2id":"uplburning","formatid":"gen9nationaldexdoubles","rating":0,"private":0,"password":""}