{"id":"gen9nationaldexdoubles-1961976209","p1":"cediedesu","p2":"Gumbus wumbus","format":"[Gen 9] National Dex Doubles","log":"|j|\u2606cediedesu\n|j|\u2606Gumbus wumbus\n|t:|1696694836\n|gametype|doubles\n|player|p1|cediedesu|veteran|\n|player|p2|Gumbus wumbus|clown|\n|teamsize|p1|6\n|teamsize|p2|6\n|gen|9\n|tier|[Gen 9] National Dex Doubles\n|rule|HP Percentage Mod: HP is shown in percentages\n|rule|Endless Battle Clause: Forcing endless battles is banned\n|rule|OHKO Clause: OHKO moves are banned\n|rule|Evasion Moves Clause: Evasion moves are banned\n|rule|Evasion Abilities Clause: Evasion abilities are banned\n|rule|Species Clause: Limit one of each Pok\u00e9mon\n|rule|Gravity Sleep Clause: The combination of sleep-inducing moves with imperfect accuracy and Gravity or Gigantamax Orbeetle are banned\n|clearpoke\n|poke|p1|Ferrothorn, F|\n|poke|p1|Yanmega, M|\n|poke|p1|Sableye, F|\n|poke|p1|Dragalge, F|\n|poke|p1|Trevenant, M|\n|poke|p1|Galvantula, F|\n|poke|p2|Greninja-*, M|\n|poke|p2|Bellibolt, M|\n|poke|p2|Seismitoad, M|\n|poke|p2|Politoed, F|\n|poke|p2|Poliwrath, F|\n|poke|p2|Venusaur, F|\n|teampreview\n|inactive|Battle timer is ON: inactive players will automatically lose when time's up. (requested by cediedesu)\n|\n|t:|1696694850\n|start\n|switch|p1a: Galvantula|Galvantula, F|100\/100\n|switch|p1b: Dragalge|Dragalge, F|100\/100\n|switch|p2a: Love|Politoed, F, shiny|100\/100\n|switch|p2b: Balls|Seismitoad, M, shiny|100\/100\n|-weather|RainDance|[from] ability: Drizzle|[of] p2a: Love\n|turn|1\n|\n|t:|1696694877\n|move|p2a: Love|Protect|p2a: Love\n|-singleturn|p2a: Love|Protect\n|move|p2b: Balls|Stomping Tantrum|p1a: Galvantula\n|-damage|p1a: Galvantula|55\/100\n|move|p1a: Galvantula|Sticky Web|p2b: Balls\n|-sidestart|p2: Gumbus wumbus|move: Sticky Web\n|move|p1b: Dragalge|Toxic|p2b: Balls\n|-status|p2b: Balls|tox\n|\n|-weather|RainDance|[upkeep]\n|-damage|p2b: Balls|94\/100 tox|[from] psn\n|upkeep\n|turn|2\n|\n|t:|1696694894\n|move|p2b: Balls|Ice Punch|p1b: Dragalge\n|-supereffective|p1b: Dragalge\n|-damage|p1b: Dragalge|54\/100\n|move|p1a: Galvantula|Infestation|p2b: Balls\n|-damage|p2b: Balls|89\/100 tox\n|-activate|p2b: Balls|move: Infestation|[of] p1a: Galvantula\n|move|p2a: Love|Earth Power|p1a: Galvantula\n|-damage|p1a: Galvantula|28\/100\n|-enditem|p1a: Galvantula|Sitrus Berry|[eat]\n|-heal|p1a: Galvantula|53\/100|[from] item: Sitrus Berry\n|move|p1b: Dragalge|Sludge Bomb|p2a: Love\n|-damage|p2a: Love|66\/100\n|\n|-weather|RainDance|[upkeep]\n|-heal|p1b: Dragalge|61\/100|[from] item: Black Sludge\n|-damage|p2b: Balls|77\/100 tox|[from] psn\n|-damage|p2b: Balls|65\/100 tox|[from] move: Infestation|[partiallytrapped]\n|upkeep\n|turn|3\n|\n|t:|1696694918\n|move|p2b: Balls|Ice Punch|p1b: Dragalge\n|-supereffective|p1b: Dragalge\n|-damage|p1b: Dragalge|11\/100\n|move|p1a: Galvantula|Electroweb|p2b: Balls|[spread] p2a\n|-immune|p2b: Balls\n|-supereffective|p2a: Love\n|-damage|p2a: Love|45\/100\n|-unboost|p2a: Love|spe|1\n|move|p1b: Dragalge|Dragon Pulse|p2b: Balls\n|-damage|p2b: Balls|35\/100 tox\n|move|p2a: Love|Earth Power|p1a: Galvantula\n|-damage|p1a: Galvantula|23\/100\n|\n|-weather|RainDance|[upkeep]\n|-heal|p1b: Dragalge|17\/100|[from] item: Black Sludge\n|-damage|p2b: Balls|17\/100 tox|[from] psn\n|-damage|p2b: Balls|5\/100 tox|[from] move: Infestation|[partiallytrapped]\n|upkeep\n|turn|4\n|\n|t:|1696694947\n|move|p1b: Dragalge|Protect|p1b: Dragalge\n|-singleturn|p1b: Dragalge|Protect\n|move|p2b: Balls|Stomping Tantrum|p1a: Galvantula\n|-damage|p1a: Galvantula|0 fnt\n|faint|p1a: Galvantula\n|move|p2a: Love|Ice Beam|p1b: Dragalge\n|-activate|p1b: Dragalge|move: Protect\n|\n|-weather|RainDance|[upkeep]\n|-heal|p1b: Dragalge|23\/100|[from] item: Black Sludge\n|-damage|p2b: Balls|0 fnt|[from] psn\n|faint|p2b: Balls\n|upkeep\n|\n|t:|1696694962\n|switch|p1a: Ferrothorn|Ferrothorn, F|100\/100\n|switch|p2b: Whip|Venusaur, F, shiny|100\/100\n|-activate|p2b: Whip|move: Sticky Web\n|-unboost|p2b: Whip|spe|1\n|turn|5\n|\n|t:|1696694987\n|move|p2a: Love|Protect|p2a: Love\n|-singleturn|p2a: Love|Protect\n|move|p2b: Whip|Hidden Power|p1b: Dragalge\n|-supereffective|p1b: Dragalge\n|-damage|p1b: Dragalge|0 fnt\n|faint|p1b: Dragalge\n|move|p1a: Ferrothorn|Seed Bomb|p2a: Love\n|-activate|p2a: Love|move: Protect\n|\n|-weather|RainDance|[upkeep]\n|upkeep\n|\n|t:|1696695001\n|switch|p1b: Sableye|Sableye, F|100\/100\n|turn|6\n|\n|t:|1696695014\n|switch|p2a: Orb|Bellibolt, M, shiny|100\/100\n|-activate|p2a: Orb|move: Sticky Web\n|-unboost|p2a: Orb|spe|1\n|move|p2b: Whip|Protect|p2b: Whip\n|-singleturn|p2b: Whip|Protect\n|move|p1b: Sableye|Fake Out|p2b: Whip\n|-activate|p2b: Whip|move: Protect\n|move|p1a: Ferrothorn|Seed Bomb|p2a: Orb\n|-damage|p2a: Orb|77\/100\n|-start|p2a: Orb|Charge|Seed Bomb|[from] ability: Electromorphosis\n|\n|-weather|RainDance|[upkeep]\n|-heal|p2a: Orb|83\/100|[from] item: Leftovers\n|upkeep\n|turn|7\n|\n|t:|1696695042\n|move|p2b: Whip|Sludge Bomb|p1b: Sableye\n|-resisted|p1b: Sableye\n|-damage|p1b: Sableye|78\/100\n|-status|p1b: Sableye|psn\n|move|p1b: Sableye|Knock Off|p2b: Whip\n|-damage|p2b: Whip|52\/100\n|-enditem|p2b: Whip|Black Sludge|[from] move: Knock Off|[of] p1b: Sableye\n|move|p2a: Orb|Thunderbolt|p1b: Sableye\n|-damage|p1b: Sableye|0 fnt\n|faint|p1b: Sableye\n|-end|p2a: Orb|Charge|[silent]\n|move|p1a: Ferrothorn|Leech Seed|p2a: Orb\n|-start|p2a: Orb|move: Leech Seed\n|\n|-weather|RainDance|[upkeep]\n|-heal|p2a: Orb|89\/100|[from] item: Leftovers\n|-damage|p2a: Orb|77\/100|[from] Leech Seed|[of] p1a: Ferrothorn\n|upkeep\n|inactive|cediedesu has 270 seconds left.\n|\n|t:|1696695060\n|switch|p1b: Yanmega|Yanmega, M|100\/100\n|turn|8\n|\n|t:|1696695079\n|move|p1b: Yanmega|Bug Buzz|p2b: Whip\n|-damage|p2b: Whip|2\/100\n|move|p2b: Whip|Sludge Bomb|p1b: Yanmega\n|-damage|p1b: Yanmega|26\/100\n|move|p2a: Orb|Thunderbolt|p1b: Yanmega\n|-supereffective|p1b: Yanmega\n|-damage|p1b: Yanmega|0 fnt\n|faint|p1b: Yanmega\n|move|p1a: Ferrothorn|Body Press|p2a: Orb\n|-damage|p2a: Orb|49\/100\n|-start|p2a: Orb|Charge|Body Press|[from] ability: Electromorphosis\n|\n|-weather|none\n|-heal|p2a: Orb|55\/100|[from] item: Leftovers\n|-damage|p2a: Orb|42\/100|[from] Leech Seed|[of] p1a: Ferrothorn\n|upkeep\n|inactive|cediedesu has 270 seconds left.\n|\n|t:|1696695096\n|switch|p1b: Trevenant|Trevenant, M|100\/100\n|turn|9\n|\n|t:|1696695114\n|move|p2b: Whip|Protect|p2b: Whip\n|-singleturn|p2b: Whip|Protect\n|move|p1b: Trevenant|Horn Leech|p2a: Orb\n|-damage|p2a: Orb|17\/100\n|-start|p2a: Orb|Charge|Horn Leech|[from] ability: Electromorphosis\n|move|p2a: Orb|Slack Off|p2a: Orb\n|-heal|p2a: Orb|67\/100\n|move|p1a: Ferrothorn|Seed Bomb|p2b: Whip\n|-activate|p2b: Whip|move: Protect\n|\n|-heal|p2a: Orb|73\/100|[from] item: Leftovers\n|-damage|p2a: Orb|60\/100|[from] Leech Seed|[of] p1a: Ferrothorn\n|upkeep\n|turn|10\n|\n|t:|1696695134\n|move|p2b: Whip|Sludge Bomb|p1b: Trevenant\n|-damage|p1b: Trevenant|68\/100\n|move|p1b: Trevenant|Horn Leech|p2b: Whip\n|-resisted|p2b: Whip\n|-damage|p2b: Whip|0 fnt\n|-heal|p1b: Trevenant|68\/100|[from] drain|[of] p2b: Whip\n|faint|p2b: Whip\n|move|p2a: Orb|Slack Off|p2a: Orb\n|-heal|p2a: Orb|100\/100\n|move|p1a: Ferrothorn|Body Press|p2a: Orb\n|-damage|p2a: Orb|73\/100\n|-start|p2a: Orb|Charge|Body Press|[from] ability: Electromorphosis\n|\n|-heal|p2a: Orb|80\/100|[from] item: Leftovers\n|-damage|p2a: Orb|67\/100|[from] Leech Seed|[of] p1a: Ferrothorn\n|upkeep\n|\n|t:|1696695153\n|switch|p2b: Love|Politoed, F, shiny|45\/100\n|-activate|p2b: Love|move: Sticky Web\n|-unboost|p2b: Love|spe|1\n|-weather|RainDance|[from] ability: Drizzle|[of] p2b: Love\n|turn|11\n|\n|t:|1696695164\n|-terastallize|p2b: Love|Steel\n|move|p1b: Trevenant|Horn Leech|p2b: Love\n|-resisted|p2b: Love\n|-damage|p2b: Love|31\/100\n|-heal|p1b: Trevenant|75\/100|[from] drain|[of] p2b: Love\n|move|p2b: Love|Ice Beam|p1b: Trevenant\n|-supereffective|p1b: Trevenant\n|-damage|p1b: Trevenant|42\/100\n|move|p2a: Orb|Thunderbolt|p1b: Trevenant\n|-resisted|p1b: Trevenant\n|-damage|p1b: Trevenant|11\/100\n|-status|p1b: Trevenant|par\n|-enditem|p1b: Trevenant|Aguav Berry|[eat]\n|-heal|p1b: Trevenant|44\/100 par|[from] item: Aguav Berry\n|-end|p2a: Orb|Charge|[silent]\n|move|p1a: Ferrothorn|Seed Bomb|p2a: Orb\n|-damage|p2a: Orb|45\/100\n|-start|p2a: Orb|Charge|Seed Bomb|[from] ability: Electromorphosis\n|\n|-weather|RainDance|[upkeep]\n|-heal|p2a: Orb|51\/100|[from] item: Leftovers\n|-damage|p2a: Orb|39\/100|[from] Leech Seed|[of] p1a: Ferrothorn\n|upkeep\n|turn|12\n|\n|t:|1696695190\n|move|p2b: Love|Ice Beam|p1b: Trevenant\n|-supereffective|p1b: Trevenant\n|-damage|p1b: Trevenant|13\/100 par\n|move|p2a: Orb|Slack Off|p2a: Orb\n|-heal|p2a: Orb|89\/100\n|move|p1a: Ferrothorn|Body Press|p2b: Love\n|-supereffective|p2b: Love\n|-damage|p2b: Love|0 fnt\n|faint|p2b: Love\n|cant|p1b: Trevenant|par\n|\n|-weather|RainDance|[upkeep]\n|-heal|p2a: Orb|95\/100|[from] item: Leftovers\n|-damage|p2a: Orb|83\/100|[from] Leech Seed|[of] p1a: Ferrothorn\n|upkeep\n|inactive|Gumbus wumbus has 270 seconds left.\n|\n|t:|1696695205\n|switch|p2b: Fist|Poliwrath, F, shiny|100\/100\n|-activate|p2b: Fist|move: Sticky Web\n|-unboost|p2b: Fist|spe|1\n|turn|13\n|\n|t:|1696695218\n|move|p2b: Fist|Drain Punch|p1a: Ferrothorn\n|-supereffective|p1a: Ferrothorn\n|-damage|p1a: Ferrothorn|50\/100\n|-damage|p2b: Fist|88\/100|[from] ability: Iron Barbs|[of] p1a: Ferrothorn\n|-damage|p2b: Fist|78\/100|[from] item: Life Orb\n|move|p2a: Orb|Thunderbolt|p1b: Trevenant\n|-resisted|p1b: Trevenant\n|-damage|p1b: Trevenant|0 fnt\n|faint|p1b: Trevenant\n|-end|p2a: Orb|Charge|[silent]\n|move|p1a: Ferrothorn|Leech Seed|p2b: Fist\n|-start|p2b: Fist|move: Leech Seed\n|\n|-weather|RainDance|[upkeep]\n|-heal|p2a: Orb|89\/100|[from] item: Leftovers\n|-heal|p1a: Ferrothorn|56\/100|[from] item: Leftovers\n|-damage|p2b: Fist|66\/100|[from] Leech Seed|[of] p1a: Ferrothorn\n|-heal|p1a: Ferrothorn|70\/100|[silent]\n|-damage|p2a: Orb|77\/100|[from] Leech Seed|[of] p1a: Ferrothorn\n|-heal|p1a: Ferrothorn|84\/100|[silent]\n|upkeep\n|turn|14\n|\n|t:|1696695245\n|move|p2b: Fist|Drain Punch|p1a: Ferrothorn\n|-supereffective|p1a: Ferrothorn\n|-damage|p1a: Ferrothorn|33\/100\n|-heal|p2b: Fist|89\/100|[from] drain|[of] p1a: Ferrothorn\n|-damage|p2b: Fist|77\/100|[from] ability: Iron Barbs|[of] p1a: Ferrothorn\n|-damage|p2b: Fist|67\/100|[from] item: Life Orb\n|move|p2a: Orb|Volt Switch|p1a: Ferrothorn\n|-resisted|p1a: Ferrothorn\n|-damage|p1a: Ferrothorn|22\/100\n|inactive|Gumbus wumbus has 270 seconds left.\n|\n|t:|1696695256\n|switch|p2a: Shuriken|Greninja, M, shiny|100\/100|[from] Volt Switch\n|-activate|p2a: Shuriken|move: Sticky Web\n|-unboost|p2a: Shuriken|spe|1\n|move|p1a: Ferrothorn|Seed Bomb|p2b: Fist\n|-supereffective|p2b: Fist\n|-damage|p2b: Fist|18\/100\n|\n|-weather|RainDance|[upkeep]\n|-heal|p1a: Ferrothorn|29\/100|[from] item: Leftovers\n|-damage|p2b: Fist|6\/100|[from] Leech Seed|[of] p1a: Ferrothorn\n|-heal|p1a: Ferrothorn|42\/100|[silent]\n|upkeep\n|turn|15\n|inactive|Gumbus wumbus has 270 seconds left.\n|\n|t:|1696695295\n|move|p1a: Ferrothorn|Protect|p1a: Ferrothorn\n|-singleturn|p1a: Ferrothorn|Protect\n|move|p2a: Shuriken|Ice Beam|p1a: Ferrothorn\n|-start|p2a: Shuriken|typechange|Ice|[from] ability: Protean\n|-activate|p1a: Ferrothorn|move: Protect\n|move|p2b: Fist|Drain Punch|p1a: Ferrothorn\n|-activate|p1a: Ferrothorn|move: Protect\n|\n|-weather|RainDance|[upkeep]\n|-heal|p1a: Ferrothorn|49\/100|[from] item: Leftovers\n|-damage|p2b: Fist|0 fnt|[from] Leech Seed|[of] p1a: Ferrothorn\n|-heal|p1a: Ferrothorn|54\/100|[silent]\n|faint|p2b: Fist\n|upkeep\n|\n|t:|1696695310\n|switch|p2b: Orb|Bellibolt, M, shiny|77\/100\n|-activate|p2b: Orb|move: Sticky Web\n|-unboost|p2b: Orb|spe|1\n|turn|16\n|inactive|Gumbus wumbus has 270 seconds left.\n|\n|t:|1696695329\n|move|p2a: Shuriken|Ice Beam|p1a: Ferrothorn\n|-damage|p1a: Ferrothorn|20\/100\n|move|p2b: Orb|Thunderbolt|p1a: Ferrothorn\n|-resisted|p1a: Ferrothorn\n|-damage|p1a: Ferrothorn|4\/100\n|move|p1a: Ferrothorn|Leech Seed|p2b: Orb\n|-start|p2b: Orb|move: Leech Seed\n|\n|-weather|RainDance|[upkeep]\n|-heal|p2b: Orb|83\/100|[from] item: Leftovers\n|-heal|p1a: Ferrothorn|10\/100|[from] item: Leftovers\n|-damage|p2b: Orb|70\/100|[from] Leech Seed|[of] p1a: Ferrothorn\n|-heal|p1a: Ferrothorn|25\/100|[silent]\n|upkeep\n|turn|17\n|\n|t:|1696695350\n|move|p1a: Ferrothorn|Protect|p1a: Ferrothorn\n|-singleturn|p1a: Ferrothorn|Protect\n|move|p2a: Shuriken|Ice Beam|p1a: Ferrothorn\n|-activate|p1a: Ferrothorn|move: Protect\n|move|p2b: Orb|Thunderbolt|p1a: Ferrothorn\n|-activate|p1a: Ferrothorn|move: Protect\n|\n|-weather|RainDance|[upkeep]\n|-heal|p2b: Orb|77\/100|[from] item: Leftovers\n|-heal|p1a: Ferrothorn|31\/100|[from] item: Leftovers\n|-damage|p2b: Orb|64\/100|[from] Leech Seed|[of] p1a: Ferrothorn\n|-heal|p1a: Ferrothorn|46\/100|[silent]\n|upkeep\n|turn|18\n|\n|t:|1696695370\n|move|p2a: Shuriken|Extrasensory|p1a: Ferrothorn\n|-resisted|p1a: Ferrothorn\n|-damage|p1a: Ferrothorn|36\/100\n|move|p2b: Orb|Thunderbolt|p1a: Ferrothorn\n|-resisted|p1a: Ferrothorn\n|-damage|p1a: Ferrothorn|20\/100\n|move|p1a: Ferrothorn|Leech Seed|p2a: Shuriken\n|-start|p2a: Shuriken|move: Leech Seed\n|\n|-weather|none\n|-heal|p2b: Orb|70\/100|[from] item: Leftovers\n|-heal|p1a: Ferrothorn|26\/100|[from] item: Leftovers\n|-damage|p2a: Shuriken|88\/100|[from] Leech Seed|[of] p1a: Ferrothorn\n|-heal|p1a: Ferrothorn|36\/100|[silent]\n|-damage|p2b: Orb|58\/100|[from] Leech Seed|[of] p1a: Ferrothorn\n|-heal|p1a: Ferrothorn|51\/100|[silent]\n|upkeep\n|turn|19\n|\n|t:|1696695388\n|move|p1a: Ferrothorn|Protect|p1a: Ferrothorn\n|-singleturn|p1a: Ferrothorn|Protect\n|move|p2a: Shuriken|Ice Beam|p1a: Ferrothorn\n|-activate|p1a: Ferrothorn|move: Protect\n|move|p2b: Orb|Thunderbolt|p1a: Ferrothorn\n|-activate|p1a: Ferrothorn|move: Protect\n|\n|-heal|p2b: Orb|64\/100|[from] item: Leftovers\n|-heal|p1a: Ferrothorn|57\/100|[from] item: Leftovers\n|-damage|p2a: Shuriken|76\/100|[from] Leech Seed|[of] p1a: Ferrothorn\n|-heal|p1a: Ferrothorn|67\/100|[silent]\n|-damage|p2b: Orb|52\/100|[from] Leech Seed|[of] p1a: Ferrothorn\n|-heal|p1a: Ferrothorn|82\/100|[silent]\n|upkeep\n|turn|20\n|\n|t:|1696695405\n|move|p2a: Shuriken|Ice Beam|p1a: Ferrothorn\n|-damage|p1a: Ferrothorn|50\/100\n|move|p2b: Orb|Thunderbolt|p1a: Ferrothorn\n|-resisted|p1a: Ferrothorn\n|-damage|p1a: Ferrothorn|34\/100\n|move|p1a: Ferrothorn|Body Press|p2a: Shuriken\n|-supereffective|p2a: Shuriken\n|-damage|p2a: Shuriken|0 fnt\n|faint|p2a: Shuriken\n|\n|-heal|p2b: Orb|58\/100|[from] item: Leftovers\n|-heal|p1a: Ferrothorn|40\/100|[from] item: Leftovers\n|-damage|p2b: Orb|46\/100|[from] Leech Seed|[of] p1a: Ferrothorn\n|-heal|p1a: Ferrothorn|55\/100|[silent]\n|upkeep\n|turn|21\n|\n|t:|1696695429\n|move|p1a: Ferrothorn|Protect|p1a: Ferrothorn\n|-singleturn|p1a: Ferrothorn|Protect\n|move|p2b: Orb|Slack Off|p2b: Orb\n|-heal|p2b: Orb|96\/100\n|\n|-heal|p2b: Orb|100\/100|[from] item: Leftovers\n|-heal|p1a: Ferrothorn|61\/100|[from] item: Leftovers\n|-damage|p2b: Orb|88\/100|[from] Leech Seed|[of] p1a: Ferrothorn\n|-heal|p1a: Ferrothorn|76\/100|[silent]\n|upkeep\n|turn|22\n|inactive|cediedesu has 270 seconds left.\n|\n|t:|1696695471\n|move|p2b: Orb|Thunderbolt|p1a: Ferrothorn\n|-resisted|p1a: Ferrothorn\n|-crit|p1a: Ferrothorn\n|-damage|p1a: Ferrothorn|52\/100\n|move|p1a: Ferrothorn|Seed Bomb|p2b: Orb\n|-damage|p2b: Orb|65\/100\n|-start|p2b: Orb|Charge|Seed Bomb|[from] ability: Electromorphosis\n|\n|-heal|p2b: Orb|71\/100|[from] item: Leftovers\n|-heal|p1a: Ferrothorn|58\/100|[from] item: Leftovers\n|-damage|p2b: Orb|59\/100|[from] Leech Seed|[of] p1a: Ferrothorn\n|-heal|p1a: Ferrothorn|73\/100|[silent]\n|upkeep\n|turn|23\n|\n|t:|1696695491\n|move|p1a: Ferrothorn|Protect|p1a: Ferrothorn\n|-singleturn|p1a: Ferrothorn|Protect\n|move|p2b: Orb|Volt Switch|p1a: Ferrothorn\n|-activate|p1a: Ferrothorn|move: Protect\n|-end|p2b: Orb|Charge|[silent]\n|\n|-heal|p2b: Orb|65\/100|[from] item: Leftovers\n|-heal|p1a: Ferrothorn|79\/100|[from] item: Leftovers\n|-damage|p2b: Orb|52\/100|[from] Leech Seed|[of] p1a: Ferrothorn\n|-heal|p1a: Ferrothorn|94\/100|[silent]\n|upkeep\n|turn|24\n|\n|t:|1696695515\n|move|p2b: Orb|Thunderbolt|p1a: Ferrothorn\n|-resisted|p1a: Ferrothorn\n|-damage|p1a: Ferrothorn|79\/100\n|move|p1a: Ferrothorn|Body Press|p2b: Orb\n|-damage|p2b: Orb|27\/100\n|-start|p2b: Orb|Charge|Body Press|[from] ability: Electromorphosis\n|\n|-heal|p2b: Orb|33\/100|[from] item: Leftovers\n|-heal|p1a: Ferrothorn|85\/100|[from] item: Leftovers\n|-damage|p2b: Orb|21\/100|[from] Leech Seed|[of] p1a: Ferrothorn\n|-heal|p1a: Ferrothorn|99\/100|[silent]\n|upkeep\n|turn|25\n|\n|t:|1696695531\n|move|p2b: Orb|Slack Off|p2b: Orb\n|-heal|p2b: Orb|71\/100\n|move|p1a: Ferrothorn|Body Press|p2b: Orb\n|-damage|p2b: Orb|45\/100\n|-start|p2b: Orb|Charge|Body Press|[from] ability: Electromorphosis\n|\n|-heal|p2b: Orb|51\/100|[from] item: Leftovers\n|-heal|p1a: Ferrothorn|100\/100|[from] item: Leftovers\n|-damage|p2b: Orb|39\/100|[from] Leech Seed|[of] p1a: Ferrothorn\n|upkeep\n|turn|26\n|\n|t:|1696695555\n|move|p1a: Ferrothorn|Protect|p1a: Ferrothorn\n|-singleturn|p1a: Ferrothorn|Protect\n|move|p2b: Orb|Slack Off|p2b: Orb\n|-heal|p2b: Orb|89\/100\n|\n|-heal|p2b: Orb|95\/100|[from] item: Leftovers\n|-damage|p2b: Orb|83\/100|[from] Leech Seed|[of] p1a: Ferrothorn\n|upkeep\n|turn|27\n|\n|t:|1696695568\n|move|p2b: Orb|Chilling Water|p1a: Ferrothorn\n|-resisted|p1a: Ferrothorn\n|-damage|p1a: Ferrothorn|95\/100\n|-unboost|p1a: Ferrothorn|atk|1\n|move|p1a: Ferrothorn|Body Press|p2b: Orb\n|-damage|p2b: Orb|54\/100\n|-start|p2b: Orb|Charge|Body Press|[from] ability: Electromorphosis\n|\n|-heal|p2b: Orb|60\/100|[from] item: Leftovers\n|-heal|p1a: Ferrothorn|100\/100|[from] item: Leftovers\n|-damage|p2b: Orb|47\/100|[from] Leech Seed|[of] p1a: Ferrothorn\n|upkeep\n|turn|28\n|\n|t:|1696695595\n|move|p2b: Orb|Chilling Water|p1a: Ferrothorn\n|-resisted|p1a: Ferrothorn\n|-damage|p1a: Ferrothorn|95\/100\n|-unboost|p1a: Ferrothorn|atk|1\n|move|p1a: Ferrothorn|Body Press|p2b: Orb\n|-damage|p2b: Orb|18\/100\n|-start|p2b: Orb|Charge|Body Press|[from] ability: Electromorphosis\n|\n|-heal|p2b: Orb|24\/100|[from] item: Leftovers\n|-heal|p1a: Ferrothorn|100\/100|[from] item: Leftovers\n|-damage|p2b: Orb|12\/100|[from] Leech Seed|[of] p1a: Ferrothorn\n|upkeep\n|turn|29\n|\n|t:|1696695619\n|move|p2b: Orb|Slack Off|p2b: Orb\n|-heal|p2b: Orb|62\/100\n|move|p1a: Ferrothorn|Body Press|p2b: Orb\n|-damage|p2b: Orb|36\/100\n|-start|p2b: Orb|Charge|Body Press|[from] ability: Electromorphosis\n|\n|-heal|p2b: Orb|42\/100|[from] item: Leftovers\n|-damage|p2b: Orb|30\/100|[from] Leech Seed|[of] p1a: Ferrothorn\n|upkeep\n|turn|30\n|\n|t:|1696695633\n|move|p2b: Orb|Slack Off|p2b: Orb\n|-heal|p2b: Orb|80\/100\n|move|p1a: Ferrothorn|Body Press|p2b: Orb\n|-damage|p2b: Orb|51\/100\n|-start|p2b: Orb|Charge|Body Press|[from] ability: Electromorphosis\n|\n|-heal|p2b: Orb|57\/100|[from] item: Leftovers\n|-damage|p2b: Orb|45\/100|[from] Leech Seed|[of] p1a: Ferrothorn\n|upkeep\n|turn|31\n|\n|t:|1696695646\n|move|p2b: Orb|Volt Switch|p1a: Ferrothorn\n|-resisted|p1a: Ferrothorn\n|-damage|p1a: Ferrothorn|75\/100\n|-end|p2b: Orb|Charge|[silent]\n|move|p1a: Ferrothorn|Body Press|p2b: Orb\n|-damage|p2b: Orb|19\/100\n|-start|p2b: Orb|Charge|Body Press|[from] ability: Electromorphosis\n|\n|-heal|p2b: Orb|25\/100|[from] item: Leftovers\n|-heal|p1a: Ferrothorn|82\/100|[from] item: Leftovers\n|-damage|p2b: Orb|12\/100|[from] Leech Seed|[of] p1a: Ferrothorn\n|-heal|p1a: Ferrothorn|97\/100|[silent]\n|upkeep\n|turn|32\n|inactive|Gumbus wumbus has 270 seconds left.\n|\n|t:|1696695686\n|move|p2b: Orb|Thunderbolt|p1a: Ferrothorn\n|-resisted|p1a: Ferrothorn\n|-damage|p1a: Ferrothorn|63\/100\n|-end|p2b: Orb|Charge|[silent]\n|move|p1a: Ferrothorn|Body Press|p2b: Orb\n|-crit|p2b: Orb\n|-damage|p2b: Orb|0 fnt\n|faint|p2b: Orb\n|\n|win|cediedesu\n","uploadtime":1696695696,"views":8,"p1id":"cediedesu","p2id":"gumbuswumbus","formatid":"gen9nationaldexdoubles","rating":0,"private":0,"password":""}