{"id":"gen9nationaldexdoubles-1991076516","p1":"HappieGameZ","p2":"Amarutheone","format":"[Gen 9] National Dex Doubles","log":"|j|\u2606HappieGameZ\n|j|\u2606Amarutheone\n|t:|1700039098\n|gametype|doubles\n|player|p1|HappieGameZ|lucian|1000\n|player|p2|Amarutheone|hilbert|1074\n|teamsize|p1|6\n|teamsize|p2|6\n|gen|9\n|tier|[Gen 9] National Dex Doubles\n|rated|\n|rule|HP Percentage Mod: HP is shown in percentages\n|rule|Endless Battle Clause: Forcing endless battles is banned\n|rule|OHKO Clause: OHKO moves are banned\n|rule|Evasion Moves Clause: Evasion moves are banned\n|rule|Evasion Abilities Clause: Evasion abilities are banned\n|rule|Species Clause: Limit one of each Pok\u00e9mon\n|rule|Gravity Sleep Clause: The combination of sleep-inducing moves with imperfect accuracy and Gravity or Gigantamax Orbeetle are banned\n|clearpoke\n|poke|p1|Delcatty, F|\n|poke|p1|Sableye, M|\n|poke|p1|Smeargle, M|\n|poke|p1|Ursaring, M|\n|poke|p1|Porygon2|\n|poke|p1|Hawlucha, M|\n|poke|p2|Sceptile, M|\n|poke|p2|Meowstic, M|\n|poke|p2|Seismitoad, M|\n|poke|p2|Lucario, M|\n|poke|p2|Decidueye, M|\n|poke|p2|Tapu Koko|\n|teampreview\n|\n|t:|1700039131\n|start\n|switch|p1a: Smeargle|Smeargle, M, shiny|100\/100\n|switch|p1b: Delcatty|Delcatty, F, shiny|100\/100\n|switch|p2a: Leonidas|Seismitoad, M|100\/100\n|switch|p2b: Meowstic|Meowstic, M|100\/100\n|turn|1\n|inactive|Battle timer is ON: inactive players will automatically lose when time's up. (requested by HappieGameZ)\n|\n|t:|1700039156\n|switch|p2b: Nikola Tesla|Tapu Koko|100\/100\n|-fieldstart|move: Electric Terrain|[from] ability: Electric Surge|[of] p2b: Nikola Tesla\n|move|p1b: Delcatty|Fake Out|p2b: Nikola Tesla\n|-damage|p2b: Nikola Tesla|75\/100\n|move|p1a: Smeargle|Skill Swap|p1b: Delcatty\n|-activate|p1a: Smeargle|move: Skill Swap|||[of] p1b: Delcatty\n|move|p2a: Leonidas|Knock Off|p1b: Delcatty\n|-damage|p1b: Delcatty|62\/100\n|-damage|p2a: Leonidas|84\/100|[from] item: Rocky Helmet|[of] p1b: Delcatty\n|-enditem|p1b: Delcatty|Rocky Helmet|[from] move: Knock Off|[of] p2a: Leonidas\n|\n|-heal|p2a: Leonidas|90\/100|[from] item: Leftovers\n|upkeep\n|turn|2\n|\n|t:|1700039174\n|move|p2b: Nikola Tesla|Dazzling Gleam|p1a: Smeargle|[spread] p1a,p1b\n|-damage|p1a: Smeargle|70\/100\n|-damage|p1b: Delcatty|25\/100\n|move|p1b: Delcatty|Body Slam|p2a: Leonidas\n|-damage|p2a: Leonidas|63\/100\n|-status|p2a: Leonidas|par\n|move|p1a: Smeargle|Skill Swap|p2b: Nikola Tesla\n|-activate|p1a: Smeargle|move: Skill Swap|Electric Surge|Normalize|[of] p2b: Nikola Tesla\n|move|p2a: Leonidas|Knock Off|p1a: Smeargle\n|-damage|p1a: Smeargle|0 fnt\n|-enditem|p1a: Smeargle|Focus Sash|[from] move: Knock Off|[of] p2a: Leonidas\n|faint|p1a: Smeargle\n|\n|-heal|p2a: Leonidas|69\/100 par|[from] item: Leftovers\n|upkeep\n|\n|t:|1700039180\n|switch|p1a: Sableye|Sableye, M|100\/100\n|turn|3\n|\n|t:|1700039206\n|move|p2b: Nikola Tesla|Dazzling Gleam|p1a: Sableye|[spread] p1b\n|-immune|p1a: Sableye\n|-damage|p1b: Delcatty|0 fnt\n|faint|p1b: Delcatty\n|move|p1a: Sableye|Knock Off|p2a: Leonidas\n|-damage|p2a: Leonidas|39\/100 par\n|-enditem|p2a: Leonidas|Leftovers|[from] move: Knock Off|[of] p1a: Sableye\n|move|p2a: Leonidas|Knock Off|p1a: Sableye\n|-damage|p1a: Sableye|57\/100\n|-enditem|p1a: Sableye|Assault Vest|[from] move: Knock Off|[of] p2a: Leonidas\n|\n|upkeep\n|inactive|HappieGameZ has 120 seconds left.\n|\n|t:|1700039221\n|switch|p1b: Ursaring|Ursaring, M, shiny|100\/100\n|turn|4\n|inactive|HappieGameZ has 120 seconds left.\n|\n|t:|1700039248\n|move|p2b: Nikola Tesla|Thunderbolt|p1a: Sableye\n|-immune|p1a: Sableye\n|move|p1b: Ursaring|Earthquake|p2b: Nikola Tesla|[spread] p1a,p2a,p2b\n|-supereffective|p2b: Nikola Tesla\n|-damage|p1a: Sableye|12\/100\n|-damage|p2a: Leonidas|15\/100 par\n|-damage|p2b: Nikola Tesla|4\/100\n|move|p1a: Sableye|Ice Punch|p2a: Leonidas\n|-damage|p2a: Leonidas|0 fnt\n|faint|p2a: Leonidas\n|\n|-status|p1b: Ursaring|brn|[from] item: Flame Orb\n|upkeep\n|\n|t:|1700039258\n|switch|p2a: Satoshi|Lucario, M|100\/100\n|turn|5\n|\n|t:|1700039279\n|move|p2b: Nikola Tesla|U-turn|p1a: Sableye\n|-immune|p1a: Sableye\n|move|p2a: Satoshi|Close Combat|p1b: Ursaring\n|-supereffective|p1b: Ursaring\n|-damage|p1b: Ursaring|0 fnt\n|-unboost|p2a: Satoshi|def|1\n|-unboost|p2a: Satoshi|spd|1\n|faint|p1b: Ursaring\n|-damage|p2a: Satoshi|91\/100|[from] item: Life Orb\n|move|p1a: Sableye|Knock Off|p2a: Satoshi\n|-resisted|p2a: Satoshi\n|-damage|p2a: Satoshi|51\/100\n|-ability|p2a: Satoshi|Justified|boost\n|-boost|p2a: Satoshi|atk|1\n|-enditem|p2a: Satoshi|Life Orb|[from] move: Knock Off|[of] p1a: Sableye\n|\n|-fieldend|move: Electric Terrain\n|upkeep\n|\n|t:|1700039292\n|switch|p1b: Hawlucha|Hawlucha, M, shiny|100\/100\n|turn|6\n|\n|t:|1700039302\n|switch|p2b: Decidueye|Decidueye, M|100\/100\n|move|p2a: Satoshi|Bullet Punch|p1b: Hawlucha\n|-damage|p1b: Hawlucha|59\/100\n|move|p1b: Hawlucha|Fling|p2a: Satoshi\n|-resisted|p2a: Satoshi\n|-damage|p2a: Satoshi|40\/100\n|-status|p2a: Satoshi|brn\n|-ability|p2a: Satoshi|Justified|boost\n|-boost|p2a: Satoshi|atk|1\n|-enditem|p1b: Hawlucha|Flame Orb|[from] move: Fling\n|move|p1a: Sableye|Shadow Claw|p2a: Satoshi\n|-damage|p2a: Satoshi|0 fnt\n|faint|p2a: Satoshi\n|\n|upkeep\n|\n|t:|1700039312\n|switch|p2a: Meowstic|Meowstic, M|100\/100\n|turn|7\n|\n|t:|1700039331\n|move|p2a: Meowstic|Light Screen|p2a: Meowstic\n|-sidestart|p2: Amarutheone|move: Light Screen\n|move|p2b: Decidueye|Shadow Sneak|p1a: Sableye\n|-damage|p1a: Sableye|0 fnt\n|faint|p1a: Sableye\n|move|p1b: Hawlucha|Acrobatics|p2b: Decidueye\n|-supereffective|p2b: Decidueye\n|-damage|p2b: Decidueye|0 fnt\n|faint|p2b: Decidueye\n|\n|upkeep\n|\n|t:|1700039343\n|switch|p1a: Porygon2|Porygon2, shiny|100\/100\n|switch|p2b: Nikola Tesla|Tapu Koko|4\/100\n|-fieldstart|move: Electric Terrain|[from] ability: Electric Surge|[of] p2b: Nikola Tesla\n|-ability|p1a: Porygon2|Download|boost\n|-boost|p1a: Porygon2|atk|1\n|turn|8\n|\n|t:|1700039359\n|move|p2a: Meowstic|Thunder Wave|p1b: Hawlucha\n|-status|p1b: Hawlucha|par\n|move|p2b: Nikola Tesla|Thunderbolt|p1b: Hawlucha\n|-supereffective|p1b: Hawlucha\n|-damage|p1b: Hawlucha|0 fnt\n|faint|p1b: Hawlucha\n|move|p1a: Porygon2|Icy Wind|p2b: Nikola Tesla|[spread] p2a,p2b\n|-damage|p2a: Meowstic|93\/100\n|-damage|p2b: Nikola Tesla|0 fnt\n|-unboost|p2a: Meowstic|spe|1\n|faint|p2b: Nikola Tesla\n|\n|upkeep\n|\n|t:|1700039367\n|switch|p2b: Phantom|Sceptile, M|100\/100\n|turn|9\n|\n|t:|1700039382\n|detailschange|p2b: Phantom|Sceptile-Mega, M\n|-mega|p2b: Phantom|Sceptile|Sceptilite\n|move|p2a: Meowstic|Thunder Wave|p2b: Phantom\n|-activate|p2b: Phantom|ability: Lightning Rod\n|-ability|p2b: Phantom|Lightning Rod|boost\n|-boost|p2b: Phantom|spa|1\n|move|p2b: Phantom|Energy Ball|p1a: Porygon2\n|-damage|p1a: Porygon2|51\/100\n|move|p1a: Porygon2|Shadow Ball|p2a: Meowstic\n|-supereffective|p2a: Meowstic\n|-damage|p2a: Meowstic|62\/100\n|\n|upkeep\n|turn|10\n|inactive|Amarutheone has 120 seconds left.\n|\n|t:|1700039420\n|move|p2a: Meowstic|Thunder Wave|p2b: Phantom\n|-activate|p2b: Phantom|ability: Lightning Rod\n|-ability|p2b: Phantom|Lightning Rod|boost\n|-boost|p2b: Phantom|spa|1\n|move|p2b: Phantom|Dragon Pulse|p1a: Porygon2\n|-damage|p1a: Porygon2|0 fnt\n|faint|p1a: Porygon2\n|\n|win|Amarutheone\n|raw|HappieGameZ's rating: 1000 &rarr; <strong>1000<\/strong><br \/>(+0 for losing)\n|raw|Amarutheone's rating: 1074 &rarr; <strong>1097<\/strong><br \/>(+23 for winning)\n|l|\u2606HappieGameZ\n","uploadtime":1700039511,"views":7,"p1id":"happiegamez","p2id":"amarutheone","formatid":"gen9nationaldexdoubles","rating":1000,"private":0,"password":""}