{"id":"gen9nationaldexdoubles-1984708776","p1":"St0mi","p2":"AceCoyoteNK","format":"[Gen 9] National Dex Doubles","log":"|j|\u2606St0mi\n|j|\u2606AceCoyoteNK\n|t:|1699292629\n|gametype|doubles\n|player|p1|St0mi|roxie|1121\n|player|p2|AceCoyoteNK|skyla|1212\n|teamsize|p1|6\n|teamsize|p2|6\n|gen|9\n|tier|[Gen 9] National Dex Doubles\n|rated|\n|rule|HP Percentage Mod: HP is shown in percentages\n|rule|Endless Battle Clause: Forcing endless battles is banned\n|rule|OHKO Clause: OHKO moves are banned\n|rule|Evasion Moves Clause: Evasion moves are banned\n|rule|Evasion Abilities Clause: Evasion abilities are banned\n|rule|Species Clause: Limit one of each Pok\u00e9mon\n|rule|Gravity Sleep Clause: The combination of sleep-inducing moves with imperfect accuracy and Gravity or Gigantamax Orbeetle are banned\n|clearpoke\n|poke|p1|Serperior, F|\n|poke|p1|Clefairy, M|\n|poke|p1|Azumarill, F|\n|poke|p1|Sinistcha-Masterpiece|\n|poke|p1|Sneasler, F|\n|poke|p1|Mimikyu, F|\n|poke|p2|Incineroar, M|\n|poke|p2|Arcanine-Hisui, F|\n|poke|p2|Kommo-o, M|\n|poke|p2|Flutter Mane|\n|poke|p2|Great Tusk|\n|poke|p2|Cresselia, F|\n|teampreview\n|inactive|Battle timer is ON: inactive players will automatically lose when time's up. (requested by St0mi)\n|\n|t:|1699292640\n|start\n|switch|p1a: Sneasler|Sneasler, F|100\/100\n|switch|p1b: Mimikyu|Mimikyu, F|100\/100\n|switch|p2a: GEN 8 Nightmare|Incineroar, M|100\/100\n|switch|p2b: Rocky boi|Arcanine-Hisui, F, shiny|100\/100\n|-ability|p2b: Rocky boi|Intimidate|boost\n|-unboost|p1a: Sneasler|atk|1\n|-unboost|p1b: Mimikyu|atk|1\n|-ability|p2a: GEN 8 Nightmare|Intimidate|boost\n|-unboost|p1a: Sneasler|atk|1\n|-unboost|p1b: Mimikyu|atk|1\n|turn|1\n|\n|t:|1699292664\n|switch|p1a: Serperior|Serperior, F|100\/100\n|switch|p1b: Sinistcha|Sinistcha-Masterpiece|100\/100\n|move|p2a: GEN 8 Nightmare|Fake Out|p1a: Serperior\n|-damage|p1a: Serperior|83\/100\n|move|p2b: Rocky boi|Rock Slide|p1b: Sinistcha|[spread] p1a,p1b\n|-damage|p1a: Serperior|38\/100\n|-damage|p1b: Sinistcha|66\/100\n|\n|-heal|p1b: Sinistcha|72\/100|[from] item: Leftovers\n|upkeep\n|turn|2\n|\n|t:|1699292685\n|move|p1a: Serperior|Leaf Storm|p2b: Rocky boi\n|-damage|p2b: Rocky boi|6\/100\n|-boost|p1a: Serperior|spa|2\n|move|p2b: Rocky boi|Rock Slide|p1b: Sinistcha|[spread] p1a,p1b\n|-crit|p1b: Sinistcha\n|-damage|p1a: Serperior|0 fnt\n|-damage|p1b: Sinistcha|21\/100\n|faint|p1a: Serperior\n|move|p1b: Sinistcha|Scald|p2a: GEN 8 Nightmare\n|-supereffective|p2a: GEN 8 Nightmare\n|-damage|p2a: GEN 8 Nightmare|60\/100\n|-enditem|p2a: GEN 8 Nightmare|Red Card|[of] p1b: Sinistcha\n|drag|p1b: Sneasler|Sneasler, F|100\/100\n|move|p2a: GEN 8 Nightmare|Parting Shot|p1b: Sneasler\n|-unboost|p1b: Sneasler|atk|1\n|-unboost|p1b: Sneasler|spa|1\n|\n|t:|1699292704\n|switch|p2a: Misty|Flutter Mane|100\/100|[from] Parting Shot\n|\n|upkeep\n|\n|t:|1699292712\n|switch|p1a: Mimikyu|Mimikyu, F|100\/100\n|turn|3\n|\n|t:|1699292721\n|-terastallize|p1b: Sneasler|Psychic\n|move|p1a: Mimikyu|Shadow Sneak|p1b: Sneasler\n|-supereffective|p1b: Sneasler\n|-damage|p1b: Sneasler|68\/100\n|-enditem|p1b: Sneasler|Weakness Policy\n|-boost|p1b: Sneasler|atk|2|[from] item: Weakness Policy\n|-boost|p1b: Sneasler|spa|2|[from] item: Weakness Policy\n|move|p1b: Sneasler|Dire Claw|p2a: Misty\n|-enditem|p2a: Misty|Focus Sash\n|-damage|p2a: Misty|1\/100\n|-status|p2a: Misty|par\n|move|p2b: Rocky boi|Rock Slide|p1a: Mimikyu|[spread] p1a\n|-miss|p2b: Rocky boi|p1b: Sneasler\n|-activate|p1a: Mimikyu|ability: Disguise\n|-damage|p1a: Mimikyu|100\/100\n|detailschange|p1a: Mimikyu|Mimikyu-Busted, F\n|-damage|p1a: Mimikyu|88\/100|[from] pokemon: Mimikyu-Busted\n|cant|p2a: Misty|par\n|\n|upkeep\n|turn|4\n|\n|t:|1699292748\n|move|p1a: Mimikyu|Shadow Sneak|p2a: Misty\n|-supereffective|p2a: Misty\n|-damage|p2a: Misty|0 fnt\n|faint|p2a: Misty\n|-end|p2a: Misty|Protosynthesis|[silent]\n|move|p1b: Sneasler|Dire Claw|p2b: Rocky boi\n|-resisted|p2b: Rocky boi\n|-damage|p2b: Rocky boi|0 fnt\n|faint|p2b: Rocky boi\n|\n|upkeep\n|\n|t:|1699292760\n|switch|p2a: Trash|Kommo-o, M|100\/100\n|switch|p2b: GEN 8 Nightmare|Incineroar, M|60\/100\n|-ability|p2b: GEN 8 Nightmare|Intimidate|boost\n|-unboost|p1a: Mimikyu|atk|1\n|-unboost|p1b: Sneasler|atk|1\n|turn|5\n|\n|t:|1699292773\n|-terastallize|p2a: Trash|Steel\n|move|p2b: GEN 8 Nightmare|Fake Out|p1b: Sneasler\n|-damage|p1b: Sneasler|46\/100\n|cant|p1b: Sneasler|flinch\n|move|p2a: Trash|Clangorous Soul|p2a: Trash\n|-boost|p2a: Trash|atk|1\n|-boost|p2a: Trash|def|1\n|-boost|p2a: Trash|spa|1\n|-boost|p2a: Trash|spd|1\n|-boost|p2a: Trash|spe|1\n|-damage|p2a: Trash|68\/100\n|move|p1a: Mimikyu|Curse|p2b: GEN 8 Nightmare\n|-start|p2b: GEN 8 Nightmare|Curse|[of] p1a: Mimikyu\n|-damage|p1a: Mimikyu|38\/100\n|\n|-damage|p2b: GEN 8 Nightmare|36\/100|[from] Curse\n|upkeep\n|turn|6\n|\n|t:|1699292795\n|switch|p2b: Cresselia|Cresselia, F, shiny|100\/100\n|move|p1a: Mimikyu|Shadow Sneak|p2b: Cresselia\n|-supereffective|p2b: Cresselia\n|-damage|p2b: Cresselia|90\/100\n|move|p1b: Sneasler|Close Combat|p2a: Trash\n|-supereffective|p2a: Trash\n|-damage|p2a: Trash|0 fnt\n|-unboost|p1b: Sneasler|def|1\n|-unboost|p1b: Sneasler|spd|1\n|faint|p2a: Trash\n|\n|-heal|p2b: Cresselia|96\/100|[from] item: Leftovers\n|upkeep\n|\n|t:|1699292807\n|switch|p2a: GEN 8 Nightmare|Incineroar, M|36\/100\n|-ability|p2a: GEN 8 Nightmare|Intimidate|boost\n|-unboost|p1a: Mimikyu|atk|1\n|-unboost|p1b: Sneasler|atk|1\n|turn|7\n|\n|t:|1699292819\n|move|p2a: GEN 8 Nightmare|Fake Out|p1b: Sneasler\n|-damage|p1b: Sneasler|16\/100\n|move|p1a: Mimikyu|Shadow Sneak|p2a: GEN 8 Nightmare\n|-resisted|p2a: GEN 8 Nightmare\n|-damage|p2a: GEN 8 Nightmare|33\/100\n|cant|p1b: Sneasler|flinch\n|move|p2b: Cresselia|Lunar Blessing|p2b: Cresselia|[spread] p2a,p2b\n|-heal|p2a: GEN 8 Nightmare|58\/100\n|-heal|p2b: Cresselia|100\/100\n|\n|upkeep\n|turn|8\n|\n|t:|1699292838\n|switch|p2a: The DON|Great Tusk|100\/100\n|-enditem|p2a: The DON|Booster Energy\n|-activate|p2a: The DON|ability: Protosynthesis|[fromitem]\n|-start|p2a: The DON|protosynthesisspe\n|move|p2b: Cresselia|Ally Switch|p2b: Cresselia\n|swap|p2b: Cresselia|0|[from] move: Ally Switch\n|move|p1b: Sneasler|Dire Claw|p2a: Cresselia\n|-damage|p2a: Cresselia|79\/100\n|move|p1a: Mimikyu|Curse|p2b: The DON\n|-start|p2b: The DON|Curse|[of] p1a: Mimikyu\n|-damage|p1a: Mimikyu|0 fnt\n|faint|p1a: Mimikyu\n|\n|-heal|p2a: Cresselia|85\/100|[from] item: Leftovers\n|-damage|p2b: The DON|76\/100|[from] Curse\n|upkeep\n|inactive|St0mi has 120 seconds left.\n|\n|t:|1699292859\n|switch|p1a: Sinistcha|Sinistcha-Masterpiece|21\/100\n|-heal|p1b: Sneasler|41\/100|[from] ability: Hospitality|[of] p1a: Sinistcha\n|turn|9\n|\n|t:|1699292874\n|-end|p2b: The DON|Protosynthesis|[silent]\n|switch|p2b: GEN 8 Nightmare|Incineroar, M|58\/100\n|-ability|p2b: GEN 8 Nightmare|Intimidate|boost\n|-unboost|p1a: Sinistcha|atk|1\n|-unboost|p1b: Sneasler|atk|1\n|move|p1b: Sneasler|Acrobatics|p2b: GEN 8 Nightmare\n|-damage|p2b: GEN 8 Nightmare|39\/100\n|move|p2a: Cresselia|Thunder Wave|p1b: Sneasler\n|-status|p1b: Sneasler|par\n|move|p1a: Sinistcha|Matcha Gotcha|p2b: GEN 8 Nightmare|[spread] p2a,p2b\n|-resisted|p2b: GEN 8 Nightmare\n|-damage|p2a: Cresselia|73\/100\n|-heal|p1a: Sinistcha|28\/100|[from] drain|[of] p2a: Cresselia\n|-damage|p2b: GEN 8 Nightmare|27\/100\n|-heal|p1a: Sinistcha|35\/100|[from] drain|[of] p2b: GEN 8 Nightmare\n|\n|-heal|p2a: Cresselia|80\/100|[from] item: Leftovers\n|-heal|p1a: Sinistcha|42\/100|[from] item: Leftovers\n|upkeep\n|turn|10\n|\n|t:|1699292899\n|move|p1a: Sinistcha|Rage Powder|p1a: Sinistcha\n|-singleturn|p1a: Sinistcha|move: Rage Powder\n|move|p1b: Sneasler|Close Combat|p2b: GEN 8 Nightmare\n|-supereffective|p2b: GEN 8 Nightmare\n|-damage|p2b: GEN 8 Nightmare|0 fnt\n|-unboost|p1b: Sneasler|def|1\n|-unboost|p1b: Sneasler|spd|1\n|faint|p2b: GEN 8 Nightmare\n|move|p2a: Cresselia|Lunar Blessing|p2a: Cresselia\n|-heal|p2a: Cresselia|100\/100\n|\n|-heal|p1a: Sinistcha|48\/100|[from] item: Leftovers\n|upkeep\n|\n|t:|1699292910\n|switch|p2b: The DON|Great Tusk|76\/100\n|turn|11\n|\n|t:|1699292924\n|move|p1b: Sneasler|Dire Claw|p2a: Cresselia\n|-crit|p2a: Cresselia\n|-damage|p2a: Cresselia|53\/100\n|move|p2b: The DON|Bulk Up|p2b: The DON\n|-boost|p2b: The DON|atk|1\n|-boost|p2b: The DON|def|1\n|move|p2a: Cresselia|Lunar Blessing|p2a: Cresselia|[spread] p2a,p2b\n|-heal|p2a: Cresselia|78\/100\n|-heal|p2b: The DON|100\/100\n|move|p1a: Sinistcha|Nasty Plot|p1a: Sinistcha\n|-boost|p1a: Sinistcha|spa|2\n|\n|-heal|p2a: Cresselia|84\/100|[from] item: Leftovers\n|-heal|p1a: Sinistcha|54\/100|[from] item: Leftovers\n|upkeep\n|turn|12\n|\n|t:|1699292948\n|move|p2a: Cresselia|Ally Switch|p2a: Cresselia\n|swap|p2a: Cresselia|1|[from] move: Ally Switch\n|move|p1b: Sneasler|Dire Claw|p2b: Cresselia\n|-damage|p2b: Cresselia|69\/100\n|move|p2a: The DON|Ice Spinner|p1a: Sinistcha\n|-supereffective|p1a: Sinistcha\n|-damage|p1a: Sinistcha|0 fnt\n|faint|p1a: Sinistcha\n|\n|-heal|p2b: Cresselia|75\/100|[from] item: Leftovers\n|upkeep\n|\n|t:|1699292962\n|switch|p1a: Clefairy|Clefairy, M|100\/100\n|turn|13\n|\n|t:|1699292968\n|move|p1b: Sneasler|Dire Claw|p2a: The DON\n|-resisted|p2a: The DON\n|-crit|p2a: The DON\n|-damage|p2a: The DON|82\/100\n|move|p2a: The DON|Bulk Up|p2a: The DON\n|-boost|p2a: The DON|atk|1\n|-boost|p2a: The DON|def|1\n|move|p2b: Cresselia|Lunar Blessing|p2b: Cresselia|[spread] p2a,p2b\n|-heal|p2a: The DON|100\/100\n|-heal|p2b: Cresselia|99\/100\n|move|p1a: Clefairy|Heal Pulse|p1b: Sneasler\n|-heal|p1b: Sneasler|91\/100 par\n|\n|-heal|p2b: Cresselia|100\/100|[from] item: Leftovers\n|upkeep\n|turn|14\n|\n|t:|1699292987\n|move|p1a: Clefairy|Follow Me|p1a: Clefairy\n|-singleturn|p1a: Clefairy|move: Follow Me\n|move|p1b: Sneasler|Dire Claw|p2a: The DON\n|-resisted|p2a: The DON\n|-damage|p2a: The DON|97\/100\n|-status|p2a: The DON|par\n|move|p2b: Cresselia|Thunder Wave|p1a: Clefairy\n|-status|p1a: Clefairy|par\n|move|p2a: The DON|Bulk Up|p2a: The DON\n|-boost|p2a: The DON|atk|1\n|-boost|p2a: The DON|def|1\n|\n|upkeep\n|turn|15\n|\n|t:|1699293004\n|cant|p1a: Clefairy|par\n|move|p1b: Sneasler|Acrobatics|p2a: The DON\n|-supereffective|p2a: The DON\n|-damage|p2a: The DON|88\/100 par\n|move|p2b: Cresselia|Lunar Blessing|p2b: Cresselia|[spread] p2a,p2b\n|-heal|p2a: The DON|100\/100 par\n|-curestatus|p2a: The DON|par|[msg]\n|move|p2a: The DON|Ice Spinner|p1a: Clefairy\n|-damage|p1a: Clefairy|33\/100 par\n|\n|upkeep\n|turn|16\n|\n|t:|1699293024\n|move|p1b: Sneasler|Dire Claw|p2b: Cresselia\n|-damage|p2b: Cresselia|86\/100\n|move|p2a: The DON|Ice Spinner|p1a: Clefairy\n|-damage|p1a: Clefairy|0 fnt\n|faint|p1a: Clefairy\n|move|p2b: Cresselia|Lunar Blessing|p2b: Cresselia|[spread] p2a,p2b\n|-heal|p2b: Cresselia|100\/100\n|\n|upkeep\n|\n|t:|1699293030\n|switch|p1a: Azumarill|Azumarill, F|100\/100\n|turn|17\n|\n|t:|1699293045\n|cant|p1b: Sneasler|par\n|move|p2a: The DON|Headlong Rush|p1a: Azumarill\n|-crit|p1a: Azumarill\n|-damage|p1a: Azumarill|0 fnt\n|-unboost|p2a: The DON|def|1\n|-unboost|p2a: The DON|spd|1\n|faint|p1a: Azumarill\n|move|p2b: Cresselia|Thunderbolt|p1b: Sneasler\n|-damage|p1b: Sneasler|46\/100 par\n|\n|upkeep\n|turn|18\n|\n|t:|1699293062\n|cant|p1b: Sneasler|par\n|move|p2a: The DON|Headlong Rush|p1b: Sneasler\n|-damage|p1b: Sneasler|0 fnt\n|-unboost|p2a: The DON|def|1\n|-unboost|p2a: The DON|spd|1\n|faint|p1b: Sneasler\n|\n|win|AceCoyoteNK\n|raw|St0mi's rating: 1121 &rarr; <strong>1102<\/strong><br \/>(-19 for losing)\n|raw|AceCoyoteNK's rating: 1212 &rarr; <strong>1231<\/strong><br \/>(+19 for winning)\n|l|\u2606St0mi\n","uploadtime":1699293073,"views":5,"p1id":"st0mi","p2id":"acecoyotenk","formatid":"gen9nationaldexdoubles","rating":1102,"private":0,"password":""}