{"id":"gen9nationaldexdoubles-1977738047","p1":"Ardekka","p2":"Redzone92","format":"[Gen 9] National Dex Doubles","log":"|j|\u2606Ardekka\n|j|\u2606Redzone92\n|t:|1698443876\n|gametype|doubles\n|player|p1|Ardekka|rood|1148\n|player|p2|Redzone92|alder|1144\n|teamsize|p1|6\n|teamsize|p2|6\n|gen|9\n|tier|[Gen 9] National Dex Doubles\n|rated|\n|rule|HP Percentage Mod: HP is shown in percentages\n|rule|Endless Battle Clause: Forcing endless battles is banned\n|rule|OHKO Clause: OHKO moves are banned\n|rule|Evasion Moves Clause: Evasion moves are banned\n|rule|Evasion Abilities Clause: Evasion abilities are banned\n|rule|Species Clause: Limit one of each Pok\u00e9mon\n|rule|Gravity Sleep Clause: The combination of sleep-inducing moves with imperfect accuracy and Gravity or Gigantamax Orbeetle are banned\n|clearpoke\n|poke|p1|Spectrier|\n|poke|p1|Ceruledge, M|\n|poke|p1|Decidueye, M|\n|poke|p1|Stakataka|\n|poke|p1|Delphox, F|\n|poke|p1|Darkrai|\n|poke|p2|Urshifu-*, F|\n|poke|p2|Drapion, F|\n|poke|p2|Duraludon, M|\n|poke|p2|Alcremie, F|\n|poke|p2|Orbeetle, M|\n|poke|p2|Blacephalon|\n|teampreview\n|inactive|Battle timer is ON: inactive players will automatically lose when time's up. (requested by Ardekka)\n|\n|t:|1698443905\n|start\n|switch|p1a: Decidueye|Decidueye, M, shiny|100\/100\n|switch|p1b: Stakataka|Stakataka|100\/100\n|switch|p2a: Orbeetle|Orbeetle, M|100\/100\n|switch|p2b: Alcremie|Alcremie, F|100\/100\n|turn|1\n|\n|t:|1698443922\n|move|p2a: Orbeetle|Sticky Web|p1a: Decidueye\n|-sidestart|p1: Ardekka|move: Sticky Web\n|move|p1a: Decidueye|Tailwind|p1a: Decidueye\n|-sidestart|p1: Ardekka|move: Tailwind\n|move|p2b: Alcremie|Mystical Fire|p1a: Decidueye\n|-supereffective|p1a: Decidueye\n|-damage|p1a: Decidueye|55\/100\n|-unboost|p1a: Decidueye|spa|1\n|move|p1b: Stakataka|Stealth Rock|p2a: Orbeetle\n|-sidestart|p2: Redzone92|move: Stealth Rock\n|\n|upkeep\n|turn|2\n|\n|t:|1698443940\n|move|p1a: Decidueye|Shadow Claw|p2a: Orbeetle\n|-supereffective|p2a: Orbeetle\n|-crit|p2a: Orbeetle\n|-damage|p2a: Orbeetle|6\/100\n|move|p2a: Orbeetle|Reflect|p2a: Orbeetle\n|-sidestart|p2: Redzone92|Reflect\n|move|p2b: Alcremie|Mystical Fire|p1a: Decidueye\n|-supereffective|p1a: Decidueye\n|-damage|p1a: Decidueye|9\/100\n|-unboost|p1a: Decidueye|spa|1\n|move|p1b: Stakataka|Rock Blast|p2a: Orbeetle|[miss]\n|-miss|p1b: Stakataka|p2a: Orbeetle\n|\n|upkeep\n|turn|3\n|\n|t:|1698443968\n|move|p1a: Decidueye|Giga Drain|p2b: Alcremie\n|-damage|p2b: Alcremie|86\/100\n|-heal|p1a: Decidueye|15\/100|[from] drain|[of] p2b: Alcremie\n|move|p2a: Orbeetle|Infestation|p1a: Decidueye\n|-damage|p1a: Decidueye|7\/100\n|-activate|p1a: Decidueye|move: Infestation|[of] p2a: Orbeetle\n|move|p2b: Alcremie|Mystical Fire|p1b: Stakataka\n|-damage|p1b: Stakataka|75\/100\n|-unboost|p1b: Stakataka|spa|1\n|move|p1b: Stakataka|Rock Blast|p2a: Orbeetle|[miss]\n|-miss|p1b: Stakataka|p2a: Orbeetle\n|\n|-damage|p1a: Decidueye|0 fnt|[from] move: Infestation|[partiallytrapped]\n|faint|p1a: Decidueye\n|upkeep\n|inactive|Ardekka has 120 seconds left.\n|\n|t:|1698444001\n|switch|p1a: Delphox|Delphox, F, shiny|100\/100\n|-activate|p1a: Delphox|move: Sticky Web\n|-unboost|p1a: Delphox|spe|1\n|turn|4\n|inactive|Ardekka has 120 seconds left.\n|\n|t:|1698444023\n|switch|p1b: Spectrier|Spectrier|100\/100\n|-activate|p1b: Spectrier|move: Sticky Web\n|-unboost|p1b: Spectrier|spe|1\n|move|p1a: Delphox|Foul Play|p2a: Orbeetle\n|-supereffective|p2a: Orbeetle\n|-damage|p2a: Orbeetle|0 fnt\n|faint|p2a: Orbeetle\n|move|p2b: Alcremie|Mystical Fire|p1a: Delphox\n|-resisted|p1a: Delphox\n|-damage|p1a: Delphox|86\/100\n|-unboost|p1a: Delphox|spa|1\n|\n|-sideend|p1: Ardekka|move: Tailwind\n|upkeep\n|inactive|Redzone92 has 120 seconds left.\n|\n|t:|1698444044\n|switch|p2a: Urshifu|Urshifu-Rapid-Strike, F|100\/100\n|-damage|p2a: Urshifu|94\/100|[from] Stealth Rock\n|turn|5\n|inactive|Ardekka has 120 seconds left.\n|\n|t:|1698444064\n|move|p2a: Urshifu|Surging Strikes|p1a: Delphox\n|-supereffective|p1a: Delphox\n|-crit|p1a: Delphox\n|-damage|p1a: Delphox|24\/100\n|-supereffective|p1a: Delphox\n|-crit|p1a: Delphox\n|-damage|p1a: Delphox|0 fnt\n|faint|p1a: Delphox\n|-hitcount|p1: Delphox|2\n|move|p1b: Spectrier|Draining Kiss|p2a: Urshifu\n|-supereffective|p2a: Urshifu\n|-damage|p2a: Urshifu|48\/100\n|move|p2b: Alcremie|Dazzling Gleam|p1b: Spectrier\n|-damage|p1b: Spectrier|60\/100\n|\n|-heal|p2a: Urshifu|54\/100|[from] item: Leftovers\n|upkeep\n|inactive|Ardekka has 120 seconds left.\n|\n|t:|1698444084\n|switch|p1a: Darkrai|Darkrai|100\/100\n|-activate|p1a: Darkrai|move: Sticky Web\n|-unboost|p1a: Darkrai|spe|1\n|turn|6\n|inactive|Ardekka has 120 seconds left.\n|\n|t:|1698444103\n|move|p2a: Urshifu|Surging Strikes|p1b: Spectrier\n|-crit|p1b: Spectrier\n|-damage|p1b: Spectrier|33\/100\n|-crit|p1b: Spectrier\n|-damage|p1b: Spectrier|8\/100\n|-crit|p1b: Spectrier\n|-damage|p1b: Spectrier|0 fnt\n|faint|p1b: Spectrier\n|-hitcount|p1: Spectrier|3\n|move|p1a: Darkrai|Hypnosis|p2a: Urshifu|[miss]\n|-miss|p1a: Darkrai|p2a: Urshifu\n|move|p2b: Alcremie|Dazzling Gleam|p1a: Darkrai\n|-supereffective|p1a: Darkrai\n|-damage|p1a: Darkrai|29\/100\n|\n|-heal|p2a: Urshifu|60\/100|[from] item: Leftovers\n|upkeep\n|-message|Ardekka forfeited.\n|\n|win|Redzone92\n|raw|Ardekka's rating: 1148 &rarr; <strong>1123<\/strong><br \/>(-25 for losing)\n|raw|Redzone92's rating: 1144 &rarr; <strong>1169<\/strong><br \/>(+25 for winning)\n|l|\u2606Ardekka\n","uploadtime":1698444229,"views":8,"p1id":"ardekka","p2id":"redzone92","formatid":"gen9nationaldexdoubles","rating":1123,"private":0,"password":""}