{"id":"gen9nationaldexdoubles-1994898825","p1":"loisgv","p2":"El Ryuk456","format":"[Gen 9] National Dex Doubles","log":"|j|\u2606loisgv\n|j|\u2606El Ryuk456\n|t:|1700502847\n|gametype|doubles\n|player|p1|loisgv|koga|1167\n|player|p2|El Ryuk456|ingo|1403\n|teamsize|p1|6\n|teamsize|p2|6\n|gen|9\n|tier|[Gen 9] National Dex Doubles\n|rated|\n|rule|HP Percentage Mod: HP is shown in percentages\n|rule|Endless Battle Clause: Forcing endless battles is banned\n|rule|OHKO Clause: OHKO moves are banned\n|rule|Evasion Moves Clause: Evasion moves are banned\n|rule|Evasion Abilities Clause: Evasion abilities are banned\n|rule|Species Clause: Limit one of each Pok\u00e9mon\n|rule|Gravity Sleep Clause: The combination of sleep-inducing moves with imperfect accuracy and Gravity or Gigantamax Orbeetle are banned\n|clearpoke\n|poke|p1|Naganadel|\n|poke|p1|Salazzle, F|\n|poke|p1|Iron Moth|\n|poke|p1|Weezing-Galar, F|\n|poke|p1|Beedrill, F|\n|poke|p1|Gengar, F|\n|poke|p2|Audino, F|\n|poke|p2|Mimikyu, M|\n|poke|p2|Gholdengo|\n|poke|p2|Moltres-Galar|\n|poke|p2|Ogerpon-Cornerstone, F|\n|poke|p2|Zorua-Hisui, M|\n|teampreview\n|inactive|Battle timer is ON: inactive players will automatically lose when time's up. (requested by loisgv)\n|inactive|El Ryuk456 has 120 seconds left.\n|\n|t:|1700502881\n|start\n|switch|p1a: Salazzle|Salazzle, F|100\/100\n|switch|p1b: Gengar|Gengar, F|100\/100\n|switch|p2a: Ogerpon|Ogerpon-Cornerstone, F|100\/100\n|switch|p2b: Moltres|Moltres-Galar|100\/100\n|turn|1\n|\n|t:|1700502893\n|move|p1a: Salazzle|Poison Gas|p2a: Ogerpon|[spread] p2a,p2b\n|-status|p2a: Ogerpon|psn\n|-status|p2b: Moltres|psn\n|move|p1b: Gengar|Hex|p2a: Ogerpon\n|-immune|p2a: Ogerpon\n|move|p2b: Moltres|Fiery Wrath|p1b: Gengar|[spread] p1a,p1b\n|-supereffective|p1b: Gengar\n|-damage|p1a: Salazzle|55\/100\n|-damage|p1b: Gengar|8\/100\n|move|p2a: Ogerpon|Snarl|p1b: Gengar|[spread] p1a,p1b\n|-supereffective|p1b: Gengar\n|-damage|p1a: Salazzle|42\/100\n|-damage|p1b: Gengar|0 fnt\n|-unboost|p1a: Salazzle|spa|1\n|faint|p1b: Gengar\n|\n|-damage|p2b: Moltres|88\/100 psn|[from] psn\n|-damage|p2a: Ogerpon|88\/100 psn|[from] psn\n|upkeep\n|\n|t:|1700502906\n|switch|p1b: Beedrill|Beedrill, F|100\/100\n|turn|2\n|\n|t:|1700502918\n|detailschange|p1b: Beedrill|Beedrill-Mega, F\n|-mega|p1b: Beedrill|Beedrill|Beedrillite\n|move|p1b: Beedrill|U-turn|p2b: Moltres\n|-damage|p2b: Moltres|42\/100 psn\n|-ability|p2b: Moltres|Berserk|boost\n|-boost|p2b: Moltres|spa|1\n|-enditem|p2b: Moltres|Sitrus Berry|[eat]\n|-heal|p2b: Moltres|67\/100 psn|[from] item: Sitrus Berry\n|\n|t:|1700502923\n|switch|p1b: Weezing|Weezing-Galar, F|100\/100|[from] U-turn\n|move|p1a: Salazzle|Encore|p2a: Ogerpon\n|-start|p2a: Ogerpon|Encore\n|move|p2b: Moltres|Fiery Wrath|p1a: Salazzle|[spread] p1a,p1b\n|-resisted|p1b: Weezing\n|-damage|p1a: Salazzle|0 fnt\n|-damage|p1b: Weezing|81\/100\n|faint|p1a: Salazzle\n|move|p2a: Ogerpon|Snarl|p1b: Weezing|[miss]\n|-miss|p2a: Ogerpon|p1b: Weezing\n|\n|-heal|p1b: Weezing|87\/100|[from] item: Leftovers\n|-damage|p2b: Moltres|55\/100 psn|[from] psn\n|-damage|p2a: Ogerpon|76\/100 psn|[from] psn\n|upkeep\n|\n|t:|1700502926\n|switch|p1a: Beedrill|Beedrill-Mega, F|100\/100\n|turn|3\n|\n|t:|1700502947\n|move|p1a: Beedrill|U-turn|p2b: Moltres\n|-damage|p2b: Moltres|6\/100 psn\n|-ability|p2b: Moltres|Berserk|boost\n|-boost|p2b: Moltres|spa|1\n|\n|t:|1700502953\n|switch|p1a: Iron Moth|Iron Moth|100\/100|[from] U-turn\n|-enditem|p1a: Iron Moth|Booster Energy\n|-activate|p1a: Iron Moth|ability: Quark Drive|[fromitem]\n|-start|p1a: Iron Moth|quarkdrivespe\n|move|p2b: Moltres|Fiery Wrath|p1b: Weezing|[spread] p1a,p1b\n|-resisted|p1b: Weezing\n|-damage|p1a: Iron Moth|51\/100\n|-damage|p1b: Weezing|61\/100\n|move|p2a: Ogerpon|Snarl|p1b: Weezing|[spread] p1a,p1b\n|-resisted|p1b: Weezing\n|-damage|p1a: Iron Moth|42\/100\n|-damage|p1b: Weezing|57\/100\n|-unboost|p1a: Iron Moth|spa|1\n|-unboost|p1b: Weezing|spa|1\n|move|p1b: Weezing|Toxic Spikes|p2a: Ogerpon\n|-sidestart|p2: El Ryuk456|move: Toxic Spikes\n|\n|-heal|p1b: Weezing|63\/100|[from] item: Leftovers\n|-damage|p2b: Moltres|0 fnt|[from] psn\n|faint|p2b: Moltres\n|-damage|p2a: Ogerpon|63\/100 psn|[from] psn\n|upkeep\n|\n|t:|1700502971\n|switch|p2b: Mimikyu|Mimikyu, M|100\/100\n|-status|p2b: Mimikyu|psn\n|turn|4\n|\n|t:|1700502977\n|move|p1a: Iron Moth|Fiery Dance|p2a: Ogerpon\n|-damage|p2a: Ogerpon|18\/100 psn\n|-boost|p1a: Iron Moth|spa|1\n|replace|p2a: Zorua|Zorua-Hisui, M, shiny\n|-end|p2a: Zorua|Illusion\n|move|p2a: Zorua|Snarl|p1a: Iron Moth|[spread] p1a,p1b\n|-resisted|p1b: Weezing\n|-damage|p1a: Iron Moth|35\/100\n|-damage|p1b: Weezing|59\/100\n|-unboost|p1a: Iron Moth|spa|1\n|-unboost|p1b: Weezing|spa|1\n|move|p1b: Weezing|Venom Drench|p2a: Zorua|[spread] p2a,p2b\n|-unboost|p2a: Zorua|atk|1\n|-unboost|p2a: Zorua|spa|1\n|-unboost|p2a: Zorua|spe|1\n|-unboost|p2b: Mimikyu|atk|1\n|-unboost|p2b: Mimikyu|spa|1\n|-unboost|p2b: Mimikyu|spe|1\n|move|p2b: Mimikyu|Trick Room|p2b: Mimikyu\n|-fieldstart|move: Trick Room|[of] p2b: Mimikyu\n|\n|-heal|p1b: Weezing|65\/100|[from] item: Leftovers\n|-damage|p2a: Zorua|6\/100 psn|[from] psn\n|-damage|p2b: Mimikyu|88\/100 psn|[from] psn\n|-end|p2a: Zorua|Encore\n|upkeep\n|turn|5\n|\n|t:|1700502995\n|move|p2a: Zorua|Snarl|p1a: Iron Moth|[spread] p1a,p1b\n|-resisted|p1b: Weezing\n|-damage|p1a: Iron Moth|30\/100\n|-damage|p1b: Weezing|63\/100\n|-unboost|p1a: Iron Moth|spa|1\n|-unboost|p1b: Weezing|spa|1\n|move|p2b: Mimikyu|Shadow Claw|p1a: Iron Moth\n|-damage|p1a: Iron Moth|0 fnt\n|faint|p1a: Iron Moth\n|-end|p1a: Iron Moth|Quark Drive|[silent]\n|move|p1b: Weezing|Venom Drench|p2a: Zorua|[spread] p2a,p2b\n|-unboost|p2a: Zorua|atk|1\n|-unboost|p2a: Zorua|spa|1\n|-unboost|p2a: Zorua|spe|1\n|-unboost|p2b: Mimikyu|atk|1\n|-unboost|p2b: Mimikyu|spa|1\n|-unboost|p2b: Mimikyu|spe|1\n|\n|-heal|p1b: Weezing|69\/100|[from] item: Leftovers\n|-damage|p2a: Zorua|0 fnt|[from] psn\n|faint|p2a: Zorua\n|-damage|p2b: Mimikyu|76\/100 psn|[from] psn\n|upkeep\n|\n|t:|1700503013\n|switch|p2a: Ogerpon|Ogerpon-Cornerstone, F|100\/100\n|switch|p1a: Naganadel|Naganadel|100\/100\n|-status|p2a: Ogerpon|psn\n|turn|6\n|l|\u2606loisgv\n|inactive|loisgv disconnected and has a minute to reconnect!\n|player|p1|\n|j|\u2606loisgv\n|inactive|loisgv reconnected and has 140 seconds left.\n|player|p1|loisgv|koga\n|inactive|loisgv has 120 seconds left.\n|\n|t:|1700503051\n|-terastallize|p2a: Ogerpon|Rock\n|detailschange|p2a: Ogerpon|Ogerpon-Cornerstone-Tera, F, tera:Rock\n|-ability|p2a: Ogerpon|Embody Aspect (Cornerstone)|boost\n|-boost|p2a: Ogerpon|def|1\n|-zpower|p2b: Mimikyu\n|move|p2b: Mimikyu|Let's Snuggle Forever|p1a: Naganadel|[zeffect]\n|-damage|p1a: Naganadel|34\/100\n|move|p1b: Weezing|Venom Drench|p2b: Mimikyu|[spread] p2a,p2b\n|-unboost|p2a: Ogerpon|atk|1\n|-unboost|p2a: Ogerpon|spa|1\n|-unboost|p2a: Ogerpon|spe|1\n|-unboost|p2b: Mimikyu|atk|1\n|-unboost|p2b: Mimikyu|spa|1\n|-unboost|p2b: Mimikyu|spe|1\n|move|p2a: Ogerpon|Ivy Cudgel|p1a: Naganadel|[anim] Ivy Cudgel Rock\n|-crit|p1a: Naganadel\n|-damage|p1a: Naganadel|0 fnt\n|faint|p1a: Naganadel\n|\n|-heal|p1b: Weezing|75\/100|[from] item: Leftovers\n|-damage|p2b: Mimikyu|63\/100 psn|[from] psn\n|-damage|p2a: Ogerpon|88\/100 psn|[from] psn\n|upkeep\n|\n|t:|1700503058\n|switch|p1a: Beedrill|Beedrill-Mega, F|100\/100\n|turn|7\n|-message|loisgv forfeited.\n|\n|win|El Ryuk456\n|raw|loisgv's rating: 1167 &rarr; <strong>1157<\/strong><br \/>(-10 for losing)\n|raw|El Ryuk456's rating: 1403 &rarr; <strong>1411<\/strong><br \/>(+8 for winning)\n|l|\u2606loisgv\n","uploadtime":1700503088,"views":2,"p1id":"loisgv","p2id":"elryuk456","formatid":"gen9nationaldexdoubles","rating":1157,"private":0,"password":""}