{"id":"gen9nationaldexdoubles-1961170761","p1":"Tre123tre","p2":"Ancientguirus","format":"[Gen 9] National Dex Doubles","log":"|j|\u2606Tre123tre\n|j|\u2606Ancientguirus\n|t:|1696603457\n|gametype|doubles\n|player|p1|Tre123tre|dancer|1094\n|player|p2|Ancientguirus|raihan|1162\n|teamsize|p1|6\n|teamsize|p2|6\n|gen|9\n|tier|[Gen 9] National Dex Doubles\n|rated|\n|rule|HP Percentage Mod: HP is shown in percentages\n|rule|Endless Battle Clause: Forcing endless battles is banned\n|rule|OHKO Clause: OHKO moves are banned\n|rule|Evasion Moves Clause: Evasion moves are banned\n|rule|Evasion Abilities Clause: Evasion abilities are banned\n|rule|Species Clause: Limit one of each Pok\u00e9mon\n|rule|Gravity Sleep Clause: The combination of sleep-inducing moves with imperfect accuracy and Gravity or Gigantamax Orbeetle are banned\n|clearpoke\n|poke|p1|Registeel|\n|poke|p1|Regirock|\n|poke|p1|Regice|\n|poke|p1|Regigigas|\n|poke|p1|Regieleki|\n|poke|p1|Regidrago|\n|poke|p2|Snorlax, M|\n|poke|p2|Rillaboom, M|\n|poke|p2|Emboar, F|\n|poke|p2|Samurott-Hisui, M|\n|poke|p2|Ursaluna-Bloodmoon, M|\n|poke|p2|Incineroar, M|\n|teampreview\n|inactive|Battle timer is ON: inactive players will automatically lose when time's up. (requested by Tre123tre)\n|c|\u2606Tre123tre|Regi\n|c|\u2606Ancientguirus|my body is regi\n|inactive|Ancientguirus has 120 seconds left.\n|\n|t:|1696603487\n|start\n|switch|p1a: Regieleki|Regieleki|100\/100\n|switch|p1b: Regidrago|Regidrago|100\/100\n|switch|p2a: Samurott|Samurott-Hisui, M, shiny|100\/100\n|switch|p2b: Incineroar|Incineroar, M|100\/100\n|-ability|p2b: Incineroar|Intimidate|boost\n|-unboost|p1a: Regieleki|atk|1\n|-unboost|p1b: Regidrago|atk|1\n|turn|1\n|\n|t:|1696603503\n|move|p2b: Incineroar|Fake Out|p1b: Regidrago\n|-crit|p1b: Regidrago\n|-damage|p1b: Regidrago|78\/100\n|move|p1a: Regieleki|Electroweb|p2b: Incineroar|[spread] p2a,p2b\n|-supereffective|p2a: Samurott\n|-damage|p2a: Samurott|9\/100\n|-damage|p2b: Incineroar|72\/100\n|-unboost|p2a: Samurott|spe|1\n|-unboost|p2b: Incineroar|spe|1\n|move|p2a: Samurott|Ceaseless Edge|p1a: Regieleki\n|-damage|p1a: Regieleki|0 fnt\n|-sidestart|p1: Tre123tre|Spikes\n|faint|p1a: Regieleki\n|cant|p1b: Regidrago|flinch\n|\n|upkeep\n|\n|t:|1696603519\n|switch|p1a: Regigigas|Regigigas|100\/100\n|-damage|p1a: Regigigas|88\/100|[from] Spikes\n|-start|p1a: Regigigas|ability: Slow Start\n|turn|2\n|\n|t:|1696603537\n|move|p2a: Samurott|Ceaseless Edge|p1b: Regidrago|[miss]\n|-miss|p2a: Samurott|p1b: Regidrago\n|move|p1b: Regidrago|Dragon Energy|p2b: Incineroar|[spread] p2a,p2b\n|-damage|p2a: Samurott|0 fnt\n|-damage|p2b: Incineroar|7\/100\n|faint|p2a: Samurott\n|move|p1a: Regigigas|Power-Up Punch|p2b: Incineroar\n|-supereffective|p2b: Incineroar\n|-damage|p2b: Incineroar|0 fnt\n|-boost|p1a: Regigigas|atk|1\n|faint|p2b: Incineroar\n|\n|-heal|p1a: Regigigas|94\/100|[from] item: Leftovers\n|upkeep\n|\n|t:|1696603561\n|switch|p2a: Ursaluna|Ursaluna-Bloodmoon, M|100\/100\n|switch|p2b: Rillaboom|Rillaboom, M|100\/100\n|-fieldstart|move: Grassy Terrain|[from] ability: Grassy Surge|[of] p2b: Rillaboom\n|turn|3\n|\n|t:|1696603573\n|move|p2b: Rillaboom|Drain Punch|p1a: Regigigas\n|-supereffective|p1a: Regigigas\n|-damage|p1a: Regigigas|56\/100\n|move|p1b: Regidrago|Dragon Energy|p2b: Rillaboom|[spread] p2a,p2b\n|-damage|p2a: Ursaluna|13\/100\n|-damage|p2b: Rillaboom|1\/100\n|move|p2a: Ursaluna|Focus Blast|p1a: Regigigas\n|-supereffective|p1a: Regigigas\n|-damage|p1a: Regigigas|0 fnt\n|faint|p1a: Regigigas\n|-end|p1a: Regigigas|Slow Start|[silent]\n|\n|-heal|p2b: Rillaboom|7\/100|[from] Grassy Terrain\n|-heal|p1b: Regidrago|84\/100|[from] Grassy Terrain\n|-heal|p2a: Ursaluna|19\/100|[from] Grassy Terrain\n|upkeep\n|\n|t:|1696603589\n|switch|p1a: Regice|Regice|100\/100\n|-damage|p1a: Regice|88\/100|[from] Spikes\n|turn|4\n|\n|t:|1696603604\n|move|p1b: Regidrago|Protect|p1b: Regidrago\n|-singleturn|p1b: Regidrago|Protect\n|move|p2b: Rillaboom|Drain Punch|p1a: Regice\n|-supereffective|p1a: Regice\n|-damage|p1a: Regice|42\/100\n|-heal|p2b: Rillaboom|32\/100|[from] drain|[of] p1a: Regice\n|move|p2a: Ursaluna|Blood Moon|p1b: Regidrago\n|-activate|p1b: Regidrago|move: Protect\n|move|p1a: Regice|Icy Wind|p2b: Rillaboom|[spread] p2a,p2b\n|-supereffective|p2a: Ursaluna\n|-supereffective|p2b: Rillaboom\n|-damage|p2a: Ursaluna|0 fnt\n|-damage|p2b: Rillaboom|0 fnt\n|faint|p2a: Ursaluna\n|faint|p2b: Rillaboom\n|\n|-heal|p1b: Regidrago|91\/100|[from] Grassy Terrain\n|-heal|p1a: Regice|48\/100|[from] Grassy Terrain\n|upkeep\n|\n|t:|1696603622\n|switch|p2b: Snorlax|Snorlax, M|100\/100\n|switch|p2a: Emboar|Emboar, F|100\/100\n|turn|5\n|c|\u2606Tre123tre|Regi win\n|c|\u2606Tre123tre|Gg\n|inactive|Ancientguirus has 120 seconds left.\n|c|\u2606Ancientguirus|gg\n|\n|t:|1696603661\n|move|p1b: Regidrago|Dragon Energy|p2a: Emboar|[spread] p2a,p2b\n|-damage|p2a: Emboar|40\/100\n|-damage|p2b: Snorlax|47\/100\n|move|p2a: Emboar|Hammer Arm|p1a: Regice|[miss]\n|-miss|p2a: Emboar|p1a: Regice\n|move|p1a: Regice|Icy Wind|p2a: Emboar|[spread] p2a,p2b\n|-resisted|p2a: Emboar\n|-damage|p2a: Emboar|31\/100\n|-damage|p2b: Snorlax|40\/100\n|-unboost|p2a: Emboar|spe|1\n|-unboost|p2b: Snorlax|spe|1\n|move|p2b: Snorlax|Zen Headbutt|p1b: Regidrago\n|-damage|p1b: Regidrago|66\/100\n|\n|-heal|p1b: Regidrago|72\/100|[from] Grassy Terrain\n|-heal|p1a: Regice|54\/100|[from] Grassy Terrain\n|-heal|p2a: Emboar|37\/100|[from] Grassy Terrain\n|-heal|p2b: Snorlax|46\/100|[from] Grassy Terrain\n|-heal|p2b: Snorlax|53\/100|[from] item: Leftovers\n|upkeep\n|turn|6\n|inactive|Ancientguirus has 120 seconds left.\n|inactive|Tre123tre has 120 seconds left.\n|\n|t:|1696603692\n|-terastallize|p1b: Regidrago|Dragon\n|move|p1b: Regidrago|Dragon Energy|p2a: Emboar|[spread] p2a,p2b\n|-damage|p2a: Emboar|0 fnt\n|-damage|p2b: Snorlax|0 fnt\n|faint|p2a: Emboar\n|faint|p2b: Snorlax\n|\n|win|Tre123tre\n|raw|Tre123tre's rating: 1094 &rarr; <strong>1125<\/strong><br \/>(+31 for winning)\n|raw|Ancientguirus's rating: 1162 &rarr; <strong>1132<\/strong><br \/>(-30 for losing)\n|c|\u2606Tre123tre|Regi Bo burrr\n|l|\u2606Ancientguirus\n","uploadtime":1696603757,"views":11,"p1id":"tre123tre","p2id":"ancientguirus","formatid":"gen9nationaldexdoubles","rating":1125,"private":0,"password":""}