{"id":"gen9nationaldexdoubles-1965087117","p1":"zeref203","p2":"mega chomp enjoyer","format":"[Gen 9] National Dex Doubles","log":"|j|\u2606zeref203\n|j|\u2606mega chomp enjoyer\n|t:|1697041475\n|gametype|doubles\n|player|p1|zeref203|2|1212\n|player|p2|mega chomp enjoyer|lucas|1209\n|teamsize|p1|6\n|teamsize|p2|6\n|gen|9\n|tier|[Gen 9] National Dex Doubles\n|rated|\n|rule|HP Percentage Mod: HP is shown in percentages\n|rule|Endless Battle Clause: Forcing endless battles is banned\n|rule|OHKO Clause: OHKO moves are banned\n|rule|Evasion Moves Clause: Evasion moves are banned\n|rule|Evasion Abilities Clause: Evasion abilities are banned\n|rule|Species Clause: Limit one of each Pok\u00e9mon\n|rule|Gravity Sleep Clause: The combination of sleep-inducing moves with imperfect accuracy and Gravity or Gigantamax Orbeetle are banned\n|clearpoke\n|poke|p1|Great Tusk|\n|poke|p1|Ninetales, F|\n|poke|p1|Sableye, M|\n|poke|p1|Feraligatr, F|\n|poke|p1|Flutter Mane|\n|poke|p1|Mawile, F|\n|poke|p2|Aegislash, M|\n|poke|p2|Chansey, F|\n|poke|p2|Iron Valiant|\n|poke|p2|Greninja-*, M|\n|poke|p2|Garchomp, M|\n|poke|p2|Thundurus, M|\n|teampreview\n|inactive|Battle timer is ON: inactive players will automatically lose when time's up. (requested by zeref203)\n|inactive|mega chomp enjoyer also wants the timer to be on.\n|\n|t:|1697041488\n|start\n|switch|p1a: Ninetales|Ninetales, F|100\/100\n|switch|p1b: Flutter Mane|Flutter Mane|100\/100\n|switch|p2a: Thundurus|Thundurus, M|100\/100\n|switch|p2b: Iron Valiant|Iron Valiant|100\/100\n|-weather|SunnyDay|[from] ability: Drought|[of] p1a: Ninetales\n|-activate|p1b: Flutter Mane|ability: Protosynthesis\n|-start|p1b: Flutter Mane|protosynthesisspe\n|-enditem|p2b: Iron Valiant|Booster Energy\n|-activate|p2b: Iron Valiant|ability: Quark Drive|[fromitem]\n|-start|p2b: Iron Valiant|quarkdrivespa\n|turn|1\n|\n|t:|1697041506\n|move|p2a: Thundurus|Thunder Wave|p1b: Flutter Mane\n|-status|p1b: Flutter Mane|par\n|move|p2b: Iron Valiant|Moonblast|p1b: Flutter Mane\n|-damage|p1b: Flutter Mane|35\/100 par\n|-unboost|p1b: Flutter Mane|spa|1\n|move|p1a: Ninetales|Heat Wave|p2b: Iron Valiant|[spread] p2a,p2b\n|-damage|p2a: Thundurus|45\/100\n|-damage|p2b: Iron Valiant|33\/100\n|-status|p2b: Iron Valiant|brn\n|move|p1b: Flutter Mane|Dazzling Gleam|p2a: Thundurus|[spread] p2a,p2b\n|-supereffective|p2b: Iron Valiant\n|-damage|p2a: Thundurus|12\/100\n|-damage|p2b: Iron Valiant|0 fnt\n|faint|p2b: Iron Valiant\n|-end|p2b: Iron Valiant|Quark Drive|[silent]\n|\n|-weather|SunnyDay|[upkeep]\n|-heal|p2a: Thundurus|18\/100|[from] item: Leftovers\n|upkeep\n|\n|t:|1697041527\n|switch|p2b: Greninja|Greninja, M|100\/100\n|turn|2\n|inactive|mega chomp enjoyer has 120 seconds left.\n|\n|t:|1697041558\n|-end|p1b: Flutter Mane|Protosynthesis|[silent]\n|switch|p1b: Great Tusk|Great Tusk|100\/100\n|-activate|p1b: Great Tusk|ability: Protosynthesis\n|-start|p1b: Great Tusk|protosynthesisatk\n|move|p1a: Ninetales|Protect|p1a: Ninetales\n|-singleturn|p1a: Ninetales|Protect\n|move|p2a: Thundurus|Thunder Wave|p1a: Ninetales\n|-activate|p1a: Ninetales|move: Protect\n|move|p2b: Greninja|Dark Pulse|p1b: Great Tusk\n|-resisted|p1b: Great Tusk\n|-damage|p1b: Great Tusk|81\/100\n|\n|-weather|SunnyDay|[upkeep]\n|-heal|p2a: Thundurus|24\/100|[from] item: Leftovers\n|upkeep\n|turn|3\n|\n|t:|1697041581\n|-terastallize|p1a: Ninetales|Grass\n|move|p2a: Thundurus|Thunder Wave|p1a: Ninetales|[miss]\n|-miss|p2a: Thundurus|p1a: Ninetales\n|move|p2b: Greninja|Ice Beam|p1b: Great Tusk\n|-supereffective|p1b: Great Tusk\n|-damage|p1b: Great Tusk|18\/100\n|move|p1a: Ninetales|Heat Wave|p2b: Greninja|[spread] p2a,p2b\n|-resisted|p2b: Greninja\n|-damage|p2a: Thundurus|0 fnt\n|-damage|p2b: Greninja|71\/100\n|faint|p2a: Thundurus\n|move|p1b: Great Tusk|Close Combat|p2b: Greninja\n|-supereffective|p2b: Greninja\n|-damage|p2b: Greninja|0 fnt\n|-unboost|p1b: Great Tusk|def|1\n|-unboost|p1b: Great Tusk|spd|1\n|-enditem|p1b: Great Tusk|Eject Pack\n|faint|p2b: Greninja\n|inactive|zeref203 has 120 seconds left.\n|\n|t:|1697041601\n|-end|p1b: Great Tusk|Protosynthesis|[silent]\n|switch|p1b: Feraligatr|Feraligatr, F|100\/100\n|\n|-weather|SunnyDay|[upkeep]\n|upkeep\n|j| bosspark1737376\n|l| bosspark1737376\n|\n|t:|1697041617\n|switch|p2b: Garchomp|Garchomp, M|100\/100\n|switch|p2a: Chansey|Chansey, F|100\/100\n|turn|4\n|\n|t:|1697041627\n|detailschange|p2b: Garchomp|Garchomp-Mega, M\n|-mega|p2b: Garchomp|Garchomp|Garchompite\n|move|p1a: Ninetales|Protect|p1a: Ninetales\n|-singleturn|p1a: Ninetales|Protect\n|move|p1b: Feraligatr|Ice Punch|p2b: Garchomp\n|-supereffective|p2b: Garchomp\n|-damage|p2b: Garchomp|4\/100\n|move|p2b: Garchomp|Fire Blast|p1a: Ninetales\n|-activate|p1a: Ninetales|move: Protect\n|move|p2a: Chansey|Toxic|p1b: Feraligatr\n|-status|p1b: Feraligatr|tox\n|\n|-weather|SunnyDay|[upkeep]\n|-damage|p1b: Feraligatr|94\/100 tox|[from] psn\n|upkeep\n|turn|5\n|\n|t:|1697041648\n|switch|p2b: Aegislash|Aegislash, M|100\/100\n|move|p1a: Ninetales|Heat Wave|p2b: Aegislash|[spread] p2a,p2b\n|-supereffective|p2b: Aegislash\n|-damage|p2a: Chansey|87\/100\n|-damage|p2b: Aegislash|34\/100\n|move|p1b: Feraligatr|Rock Slide|p2a: Chansey|[spread] p2a,p2b\n|-crit|p2a: Chansey\n|-resisted|p2b: Aegislash\n|-crit|p2b: Aegislash\n|-damage|p2a: Chansey|59\/100\n|-damage|p2b: Aegislash|17\/100\n|move|p2a: Chansey|Wish|p2a: Chansey\n|\n|-weather|SunnyDay|[upkeep]\n|-heal|p2b: Aegislash|23\/100|[from] item: Leftovers\n|-damage|p1b: Feraligatr|82\/100 tox|[from] psn\n|upkeep\n|turn|6\n|\n|t:|1697041666\n|switch|p2a: Garchomp|Garchomp-Mega, M|4\/100\n|move|p2b: Aegislash|King's Shield|p2b: Aegislash\n|-singleturn|p2b: Aegislash|Protect\n|move|p1a: Ninetales|Heat Wave|p2a: Garchomp|[spread] p2a\n|-activate|p2b: Aegislash|move: Protect\n|-resisted|p2a: Garchomp\n|-damage|p2a: Garchomp|0 fnt\n|faint|p2a: Garchomp\n|move|p1b: Feraligatr|Ice Punch|p2b: Aegislash\n|-activate|p2b: Aegislash|move: Protect\n|-unboost|p1b: Feraligatr|atk|1\n|\n|-weather|SunnyDay|[upkeep]\n|-heal|p2b: Aegislash|29\/100|[from] item: Leftovers\n|-damage|p1b: Feraligatr|64\/100 tox|[from] psn\n|upkeep\n|-message|mega chomp enjoyer forfeited.\n|\n|win|zeref203\n|raw|zeref203's rating: 1212 &rarr; <strong>1237<\/strong><br \/>(+25 for winning)\n|raw|mega chomp enjoyer's rating: 1209 &rarr; <strong>1184<\/strong><br \/>(-25 for losing)\n|l|\u2606mega chomp enjoyer\n","uploadtime":1697041683,"views":7,"p1id":"zeref203","p2id":"megachompenjoyer","formatid":"gen9nationaldexdoubles","rating":1184,"private":0,"password":""}