{"id":"gen9nationaldexdoubles-1989085436","p1":"imjustthatawsom","p2":"Autumn kings","format":"[Gen 9] National Dex Doubles","log":"|j|\u2606imjustthatawsom\n|j|\u2606Autumn kings\n|t:|1699810563\n|gametype|doubles\n|player|p1|imjustthatawsom|101|\n|player|p2|Autumn kings|1|\n|teamsize|p1|6\n|teamsize|p2|6\n|gen|9\n|tier|[Gen 9] National Dex Doubles\n|rule|HP Percentage Mod: HP is shown in percentages\n|rule|Endless Battle Clause: Forcing endless battles is banned\n|rule|OHKO Clause: OHKO moves are banned\n|rule|Evasion Moves Clause: Evasion moves are banned\n|rule|Evasion Abilities Clause: Evasion abilities are banned\n|rule|Species Clause: Limit one of each Pok\u00e9mon\n|rule|Gravity Sleep Clause: The combination of sleep-inducing moves with imperfect accuracy and Gravity or Gigantamax Orbeetle are banned\n|clearpoke\n|poke|p1|Grafaiai, M|\n|poke|p1|Iron Valiant|\n|poke|p1|Dragonite, M|\n|poke|p1|Regigigas|\n|poke|p1|Vaporeon, M|\n|poke|p1|Volcarona, F|\n|poke|p2|Kilowattrel, F|\n|poke|p2|Bastiodon, F|\n|poke|p2|Breloom, F|\n|poke|p2|Banette, M|\n|poke|p2|Ceruledge, F|\n|poke|p2|Kingambit, M|\n|teampreview\n|\n|t:|1699810577\n|start\n|switch|p1a: Bob|Grafaiai, M|100\/100\n|switch|p1b: The BOI|Regigigas|100\/100\n|switch|p2a: Banette|Banette, M, shiny|100\/100\n|switch|p2b: Kilowattrel|Kilowattrel, F|100\/100\n|-start|p1b: The BOI|ability: Slow Start\n|turn|1\n|\n|t:|1699810601\n|detailschange|p2a: Banette|Banette-Mega, M, shiny\n|-mega|p2a: Banette|Banette|Banettite\n|move|p1a: Bob|Taunt|p2b: Kilowattrel\n|-start|p2b: Kilowattrel|move: Taunt\n|cant|p2b: Kilowattrel|move: Taunt|Tailwind\n|move|p2a: Banette|Poltergeist|p1a: Bob\n|-immune|p1a: Bob\n|move|p1b: The BOI|Thunder Wave|p2a: Banette\n|-status|p2a: Banette|par\n|\n|upkeep\n|turn|2\n|\n|t:|1699810624\n|move|p1a: Bob|Doodle|p2a: Banette\n|-end|p1b: The BOI|Slow Start|[silent]\n|-endability|p1b: The BOI|Slow Start|[from] move: Doodle\n|-ability|p1b: The BOI|Prankster|[from] move: Doodle\n|move|p1b: The BOI|Substitute|p1b: The BOI\n|-start|p1b: The BOI|Substitute\n|-damage|p1b: The BOI|76\/100\n|move|p2b: Kilowattrel|Electro Ball|p1a: Bob\n|-damage|p1a: Bob|69\/100\n|cant|p2a: Banette|par\n|\n|-heal|p1b: The BOI|82\/100|[from] item: Leftovers\n|upkeep\n|turn|3\n|\n|t:|1699810658\n|move|p1a: Bob|Toxic|p2b: Kilowattrel\n|-status|p2b: Kilowattrel|tox\n|move|p2b: Kilowattrel|Air Slash|p1a: Bob\n|-damage|p1a: Bob|35\/100\n|move|p1b: The BOI|Fire Punch|p2b: Kilowattrel\n|-damage|p2b: Kilowattrel|44\/100 tox\n|move|p2a: Banette|Phantom Force||[still]\n|-prepare|p2a: Banette|Phantom Force\n|\n|-heal|p1b: The BOI|88\/100|[from] item: Leftovers\n|-damage|p2b: Kilowattrel|38\/100 tox|[from] psn\n|-end|p2b: Kilowattrel|move: Taunt\n|upkeep\n|turn|4\n|\n|t:|1699810680\n|move|p1a: Bob|Taunt|p2b: Kilowattrel\n|-start|p2b: Kilowattrel|move: Taunt\n|cant|p2b: Kilowattrel|move: Taunt|Tailwind\n|move|p1b: The BOI|Fire Punch|p2b: Kilowattrel\n|-damage|p2b: Kilowattrel|0 fnt\n|faint|p2b: Kilowattrel\n|move|p2a: Banette|Phantom Force|p1b: The BOI|[from]lockedmove\n|-immune|p1b: The BOI\n|\n|-heal|p1b: The BOI|94\/100|[from] item: Leftovers\n|upkeep\n|\n|t:|1699810692\n|switch|p2b: Bastiodon|Bastiodon, F|100\/100\n|turn|5\n|\n|t:|1699810716\n|move|p1a: Bob|Parting Shot|p2a: Banette\n|-unboost|p2a: Banette|atk|1\n|-unboost|p2a: Banette|spa|1\n|\n|t:|1699810719\n|switch|p1a: Copypasta|Vaporeon, M|100\/100|[from] Parting Shot\n|move|p2a: Banette|Destiny Bond|p2a: Banette\n|-singlemove|p2a: Banette|Destiny Bond\n|move|p1b: The BOI|Drain Punch|p2b: Bastiodon\n|-supereffective|p2b: Bastiodon\n|-damage|p2b: Bastiodon|10\/100\n|-heal|p1b: The BOI|100\/100|[from] drain|[of] p2b: Bastiodon\n|move|p2b: Bastiodon|Roar|p1b: The BOI\n|drag|p1b: Has Assault Vest|Dragonite, M|100\/100\n|\n|-heal|p2b: Bastiodon|17\/100|[from] item: Leftovers\n|upkeep\n|turn|6\n|\n|t:|1699810747\n|move|p1b: Has Assault Vest|Dragon Claw|p2a: Banette\n|-damage|p2a: Banette|20\/100 par\n|move|p1a: Copypasta|Scald|p2b: Bastiodon\n|-supereffective|p2b: Bastiodon\n|-damage|p2b: Bastiodon|0 fnt\n|faint|p2b: Bastiodon\n|move|p2a: Banette|Phantom Force||[still]\n|-prepare|p2a: Banette|Phantom Force\n|\n|upkeep\n|\n|t:|1699810755\n|switch|p2b: Breloom|Breloom, F|100\/100\n|turn|7\n|\n|t:|1699810774\n|move|p1b: Has Assault Vest|Extreme Speed|p2b: Breloom\n|-damage|p2b: Breloom|49\/100\n|move|p2b: Breloom|Zen Headbutt|p1b: Has Assault Vest\n|-damage|p1b: Has Assault Vest|89\/100\n|move|p1a: Copypasta|Ice Beam|p2b: Breloom\n|-supereffective|p2b: Breloom\n|-damage|p2b: Breloom|0 fnt\n|faint|p2b: Breloom\n|move|p2a: Banette|Phantom Force|p1b: Has Assault Vest|[from]lockedmove\n|-damage|p1b: Has Assault Vest|52\/100\n|\n|upkeep\n|\n|t:|1699810785\n|switch|p2b: Ceruledge|Ceruledge, F|100\/100\n|turn|8\n|\n|t:|1699810813\n|cant|p2a: Banette|par\n|move|p2b: Ceruledge|Flare Blitz|p1b: Has Assault Vest\n|-resisted|p1b: Has Assault Vest\n|-damage|p1b: Has Assault Vest|20\/100\n|-damage|p2b: Ceruledge|86\/100|[from] Recoil\n|move|p1b: Has Assault Vest|Roost|p1b: Has Assault Vest\n|-heal|p1b: Has Assault Vest|70\/100\n|-singleturn|p1b: Has Assault Vest|move: Roost\n|move|p1a: Copypasta|Scald|p2b: Ceruledge\n|-supereffective|p2b: Ceruledge\n|-damage|p2b: Ceruledge|0 fnt\n|faint|p2b: Ceruledge\n|\n|upkeep\n|\n|t:|1699810826\n|switch|p2b: Kingambit|Kingambit, M|100\/100\n|-activate|p2b: Kingambit|ability: Supreme Overlord\n|-start|p2b: Kingambit|fallen4|[silent]\n|turn|9\n|\n|t:|1699810838\n|cant|p2a: Banette|par\n|move|p1b: Has Assault Vest|Dragon Claw|p2a: Banette\n|-damage|p2a: Banette|0 fnt\n|faint|p2a: Banette\n|move|p1a: Copypasta|Scald|p2b: Kingambit\n|-damage|p2b: Kingambit|61\/100\n|move|p2b: Kingambit|Swords Dance|p2b: Kingambit\n|-boost|p2b: Kingambit|atk|2\n|\n|upkeep\n|turn|10\n|\n|t:|1699810861\n|move|p1b: Has Assault Vest|Roost|p1b: Has Assault Vest\n|-heal|p1b: Has Assault Vest|100\/100\n|-singleturn|p1b: Has Assault Vest|move: Roost\n|move|p1a: Copypasta|Scald|p2b: Kingambit\n|-damage|p2b: Kingambit|25\/100\n|move|p2b: Kingambit|Metal Burst|p1a: Copypasta\n|-damage|p1a: Copypasta|53\/100\n|\n|upkeep\n|turn|11\n|\n|t:|1699810886\n|move|p1b: Has Assault Vest|Dragon Claw|p2b: Kingambit\n|-resisted|p2b: Kingambit\n|-damage|p2b: Kingambit|9\/100\n|move|p1a: Copypasta|Scald|p2b: Kingambit\n|-damage|p2b: Kingambit|0 fnt\n|faint|p2b: Kingambit\n|-end|p2b: Kingambit|fallen4|[silent]\n|\n|win|imjustthatawsom\n|c|\u2606imjustthatawsom|gg\n","uploadtime":1699810905,"views":12,"p1id":"imjustthatawsom","p2id":"autumnkings","formatid":"gen9nationaldexdoubles","rating":0,"private":0,"password":""}