{"id":"gen9nationaldexdoubles-1973483246","p1":"Mozzerz969lyx","p2":"Tukitiko","format":"[Gen 9] National Dex Doubles","log":"|j|\u2606Mozzerz969lyx\n|j|\u2606Tukitiko\n|t:|1697982114\n|gametype|doubles\n|player|p1|Mozzerz969lyx|pokemaniac|1064\n|player|p2|Tukitiko|lusamine-nihilego|1075\n|teamsize|p1|6\n|teamsize|p2|6\n|gen|9\n|tier|[Gen 9] National Dex Doubles\n|rated|\n|rule|HP Percentage Mod: HP is shown in percentages\n|rule|Endless Battle Clause: Forcing endless battles is banned\n|rule|OHKO Clause: OHKO moves are banned\n|rule|Evasion Moves Clause: Evasion moves are banned\n|rule|Evasion Abilities Clause: Evasion abilities are banned\n|rule|Species Clause: Limit one of each Pok\u00e9mon\n|rule|Gravity Sleep Clause: The combination of sleep-inducing moves with imperfect accuracy and Gravity or Gigantamax Orbeetle are banned\n|clearpoke\n|poke|p1|Goodra, M|\n|poke|p1|Electabuzz, M|\n|poke|p1|Scream Tail|\n|poke|p1|Infernape, F|\n|poke|p1|Tyranitar, M|\n|poke|p1|Aerodactyl, F|\n|poke|p2|Golurk|\n|poke|p2|Drifblim, M|\n|poke|p2|Reuniclus, M|\n|poke|p2|Scrafty, M|\n|poke|p2|Lokix, F|\n|poke|p2|Pangoro, M|\n|teampreview\n|\n|t:|1697982126\n|start\n|switch|p1a: GOJIRA|Tyranitar, M, shiny|100\/100\n|switch|p1b: Electabuzz|Electabuzz, M|100\/100\n|switch|p2a: Bonk machine|Golurk, shiny|100\/100\n|switch|p2b: Lokix|Lokix, F|100\/100\n|-weather|Sandstorm|[from] ability: Sand Stream|[of] p1a: GOJIRA\n|turn|1\n|\n|t:|1697982152\n|move|p2b: Lokix|First Impression|p1a: GOJIRA\n|-supereffective|p1a: GOJIRA\n|-damage|p1a: GOJIRA|27\/100\n|-damage|p2b: Lokix|91\/100|[from] item: Life Orb\n|move|p1b: Electabuzz|Light Screen|p1b: Electabuzz\n|-sidestart|p1: Mozzerz969lyx|move: Light Screen\n|move|p1a: GOJIRA|Shadow Claw|p2a: Bonk machine\n|-supereffective|p2a: Bonk machine\n|-damage|p2a: Bonk machine|50\/100\n|move|p2a: Bonk machine|Trick|p1b: Electabuzz\n|-activate|p2a: Bonk machine|move: Trick|[of] p1b: Electabuzz\n|-item|p1b: Electabuzz|Assault Vest|[from] move: Trick\n|-item|p2a: Bonk machine|Eviolite|[from] move: Trick\n|\n|-weather|Sandstorm|[upkeep]\n|-damage|p1b: Electabuzz|95\/100|[from] Sandstorm\n|-damage|p2b: Lokix|85\/100|[from] Sandstorm\n|upkeep\n|turn|2\n|\n|t:|1697982183\n|move|p1b: Electabuzz|Volt Switch|p2b: Lokix\n|-damage|p2b: Lokix|36\/100\n|\n|t:|1697982188\n|switch|p1b: Scream Tail|Scream Tail|100\/100|[from] Volt Switch\n|-enditem|p1b: Scream Tail|Booster Energy\n|-activate|p1b: Scream Tail|ability: Protosynthesis|[fromitem]\n|-start|p1b: Scream Tail|protosynthesisspa\n|move|p2b: Lokix|U-turn|p1b: Scream Tail\n|-damage|p1b: Scream Tail|70\/100\n|-damage|p2b: Lokix|26\/100|[from] item: Life Orb\n|\n|t:|1697982197\n|switch|p2b: El globos returns|Drifblim, M|100\/100|[from] U-turn\n|move|p1a: GOJIRA|Shadow Claw|p2a: Bonk machine\n|-supereffective|p2a: Bonk machine\n|-damage|p2a: Bonk machine|0 fnt\n|faint|p2a: Bonk machine\n|\n|-weather|Sandstorm|[upkeep]\n|-damage|p1b: Scream Tail|64\/100|[from] Sandstorm\n|-damage|p2b: El globos returns|94\/100|[from] Sandstorm\n|-status|p2b: El globos returns|brn|[from] item: Flame Orb\n|upkeep\n|\n|t:|1697982211\n|switch|p2a: Lokix|Lokix, F|26\/100\n|turn|3\n|\n|t:|1697982229\n|move|p1b: Scream Tail|Protect|p1b: Scream Tail\n|-singleturn|p1b: Scream Tail|Protect\n|move|p2a: Lokix|First Impression|p1a: GOJIRA\n|-supereffective|p1a: GOJIRA\n|-damage|p1a: GOJIRA|0 fnt\n|faint|p1a: GOJIRA\n|-damage|p2a: Lokix|16\/100|[from] item: Life Orb\n|move|p2b: El globos returns|Shadow Ball|p1b: Scream Tail\n|-activate|p1b: Scream Tail|move: Protect\n|\n|-weather|Sandstorm|[upkeep]\n|-damage|p2a: Lokix|10\/100|[from] Sandstorm\n|-damage|p1b: Scream Tail|57\/100|[from] Sandstorm\n|-damage|p2b: El globos returns|88\/100 brn|[from] Sandstorm\n|-damage|p2b: El globos returns|82\/100 brn|[from] brn\n|upkeep\n|\n|t:|1697982250\n|switch|p1a: Aerodactyl|Aerodactyl, F|100\/100\n|-ability|p1a: Aerodactyl|Unnerve\n|turn|4\n|\n|t:|1697982261\n|move|p2a: Lokix|Sucker Punch||[still]\n|-fail|p2a: Lokix\n|move|p1a: Aerodactyl|Rock Slide|p2b: El globos returns|[spread] p2a,p2b\n|-supereffective|p2a: Lokix\n|-supereffective|p2b: El globos returns\n|-damage|p2a: Lokix|0 fnt\n|-damage|p2b: El globos returns|0 fnt\n|faint|p2a: Lokix\n|faint|p2b: El globos returns\n|move|p1b: Scream Tail|Calm Mind|p1b: Scream Tail\n|-boost|p1b: Scream Tail|spa|1\n|-boost|p1b: Scream Tail|spd|1\n|\n|-weather|Sandstorm|[upkeep]\n|-damage|p1b: Scream Tail|51\/100|[from] Sandstorm\n|upkeep\n|\n|t:|1697982272\n|switch|p2a: Shaggy|Scrafty, M|100\/100\n|switch|p2b: Fetito|Reuniclus, M, shiny|100\/100\n|-ability|p2a: Shaggy|Intimidate|boost\n|-unboost|p1a: Aerodactyl|atk|1\n|-unboost|p1b: Scream Tail|atk|1\n|turn|5\n|\n|t:|1697982298\n|switch|p1a: Infernape|Infernape, F|100\/100\n|move|p2a: Shaggy|Fake Out|p1a: Infernape\n|-damage|p1a: Infernape|86\/100\n|move|p1b: Scream Tail|Psychic|p2a: Shaggy\n|-immune|p2a: Shaggy\n|move|p2b: Fetito|Shadow Ball|p1b: Scream Tail\n|-supereffective|p1b: Scream Tail\n|-damage|p1b: Scream Tail|36\/100\n|\n|-weather|none\n|-sideend|p1: Mozzerz969lyx|move: Light Screen\n|-status|p2b: Fetito|tox|[from] item: Toxic Orb\n|upkeep\n|turn|6\n|\n|t:|1697982322\n|move|p1b: Scream Tail|Protect|p1b: Scream Tail\n|-singleturn|p1b: Scream Tail|Protect\n|move|p1a: Infernape|Knock Off|p2b: Fetito\n|-supereffective|p2b: Fetito\n|-damage|p2b: Fetito|56\/100 tox\n|-enditem|p2b: Fetito|Toxic Orb|[from] move: Knock Off|[of] p1a: Infernape\n|move|p2a: Shaggy|Poison Jab|p1a: Infernape\n|-damage|p1a: Infernape|56\/100\n|move|p2b: Fetito|Trick|p1b: Scream Tail\n|-activate|p1b: Scream Tail|move: Protect\n|\n|upkeep\n|turn|7\n|\n|t:|1697982346\n|move|p1a: Infernape|Aura Sphere|p2a: Shaggy\n|-supereffective|p2a: Shaggy\n|-damage|p2a: Shaggy|57\/100\n|move|p1b: Scream Tail|Stored Power|p2b: Fetito\n|-resisted|p2b: Fetito\n|-crit|p2b: Fetito\n|-damage|p2b: Fetito|33\/100 tox\n|move|p2a: Shaggy|Poison Jab|p1a: Infernape\n|-damage|p1a: Infernape|27\/100\n|-status|p1a: Infernape|psn\n|move|p2b: Fetito|Trick||[still]\n|-fail|p2b: Fetito\n|\n|-damage|p1a: Infernape|15\/100 psn|[from] psn\n|upkeep\n|turn|8\n|\n|t:|1697982388\n|switch|p2a: laleyendadepo|Pangoro, M|100\/100\n|-terastallize|p1a: Infernape|Fire\n|move|p1a: Infernape|Flamethrower|p2a: laleyendadepo\n|-damage|p2a: laleyendadepo|0 fnt\n|faint|p2a: laleyendadepo\n|move|p1b: Scream Tail|Stored Power|p2b: Fetito\n|-resisted|p2b: Fetito\n|-crit|p2b: Fetito\n|-damage|p2b: Fetito|13\/100 tox\n|move|p2b: Fetito|Recover|p2b: Fetito\n|-heal|p2b: Fetito|63\/100 tox\n|\n|-damage|p1a: Infernape|3\/100 psn|[from] psn\n|upkeep\n|\n|t:|1697982400\n|switch|p2a: Shaggy|Scrafty, M|57\/100\n|-ability|p2a: Shaggy|Intimidate|boost\n|-unboost|p1a: Infernape|atk|1\n|-unboost|p1b: Scream Tail|atk|1\n|turn|9\n|\n|t:|1697982414\n|move|p1b: Scream Tail|Protect|p1b: Scream Tail\n|-singleturn|p1b: Scream Tail|Protect\n|move|p2a: Shaggy|Fake Out|p1b: Scream Tail\n|-activate|p1b: Scream Tail|move: Protect\n|move|p2b: Fetito|Ally Switch|p2b: Fetito\n|swap|p2b: Fetito|0|[from] move: Ally Switch\n|move|p1a: Infernape|Flamethrower|p2a: Fetito\n|-damage|p2a: Fetito|5\/100 tox\n|\n|-damage|p1a: Infernape|0 fnt|[from] psn\n|faint|p1a: Infernape\n|upkeep\n|\n|t:|1697982431\n|switch|p1a: Goodra|Goodra, M|100\/100\n|turn|10\n|\n|t:|1697982446\n|move|p1a: Goodra|Surf|p2b: Shaggy|[spread] p1b,p2a,p2b\n|-damage|p1b: Scream Tail|25\/100\n|-damage|p2a: Fetito|0 fnt\n|-damage|p2b: Shaggy|45\/100\n|faint|p2a: Fetito\n|move|p1b: Scream Tail|Stored Power|p2b: Shaggy\n|-immune|p2b: Shaggy\n|move|p2b: Shaggy|Drain Punch|p1a: Goodra\n|-damage|p1a: Goodra|57\/100\n|-heal|p2b: Shaggy|67\/100|[from] drain|[of] p1a: Goodra\n|-ability|p1a: Goodra|Gooey\n|-unboost|p2b: Shaggy|spe|1\n|\n|upkeep\n|turn|11\n|\n|t:|1697982467\n|move|p1b: Scream Tail|Protect|p1b: Scream Tail\n|-singleturn|p1b: Scream Tail|Protect\n|move|p1a: Goodra|Mud Shot|p2b: Shaggy\n|-damage|p2b: Shaggy|58\/100\n|-unboost|p2b: Shaggy|spe|1\n|move|p2b: Shaggy|Drain Punch|p1a: Goodra\n|-damage|p1a: Goodra|15\/100\n|-heal|p2b: Shaggy|77\/100|[from] drain|[of] p1a: Goodra\n|-ability|p1a: Goodra|Gooey\n|-unboost|p2b: Shaggy|spe|1\n|\n|upkeep\n|turn|12\n|\n|t:|1697982498\n|move|p1a: Goodra|Focus Blast|p2b: Shaggy\n|-supereffective|p2b: Shaggy\n|-damage|p2b: Shaggy|33\/100\n|move|p1b: Scream Tail|Calm Mind|p1b: Scream Tail\n|-boost|p1b: Scream Tail|spa|1\n|-boost|p1b: Scream Tail|spd|1\n|move|p2b: Shaggy|Drain Punch|p1a: Goodra\n|-damage|p1a: Goodra|0 fnt\n|-heal|p2b: Shaggy|40\/100|[from] drain|[of] p1a: Goodra\n|-ability|p1a: Goodra|Gooey\n|-unboost|p2b: Shaggy|spe|1\n|faint|p1a: Goodra\n|\n|upkeep\n|\n|t:|1697982514\n|switch|p1a: Aerodactyl|Aerodactyl, F|100\/100\n|-ability|p1a: Aerodactyl|Unnerve\n|turn|13\n|\n|t:|1697982526\n|-terastallize|p2b: Shaggy|Dark\n|move|p1a: Aerodactyl|Dual Wingbeat|p2b: Shaggy|[miss]\n|-miss|p1a: Aerodactyl|p2b: Shaggy\n|move|p1b: Scream Tail|Stored Power|p2b: Shaggy\n|-immune|p2b: Shaggy\n|move|p2b: Shaggy|Drain Punch|p1a: Aerodactyl\n|-damage|p1a: Aerodactyl|59\/100\n|-heal|p2b: Shaggy|59\/100|[from] drain|[of] p1a: Aerodactyl\n|\n|upkeep\n|turn|14\n|\n|t:|1697982541\n|switch|p1a: Electabuzz|Electabuzz, M|95\/100\n|move|p1b: Scream Tail|Protect|p1b: Scream Tail\n|-singleturn|p1b: Scream Tail|Protect\n|move|p2b: Shaggy|Drain Punch|p1a: Electabuzz\n|-damage|p1a: Electabuzz|44\/100\n|-heal|p2b: Shaggy|84\/100|[from] drain|[of] p1a: Electabuzz\n|\n|upkeep\n|turn|15\n|\n|t:|1697982563\n|move|p1a: Electabuzz|Volt Switch|p2b: Shaggy\n|-damage|p2b: Shaggy|70\/100\n|\n|t:|1697982566\n|switch|p1a: Aerodactyl|Aerodactyl, F|59\/100|[from] Volt Switch\n|-ability|p1a: Aerodactyl|Unnerve\n|move|p1b: Scream Tail|Stored Power|p2b: Shaggy\n|-immune|p2b: Shaggy\n|move|p2b: Shaggy|Drain Punch|p1a: Aerodactyl\n|-damage|p1a: Aerodactyl|18\/100\n|-heal|p2b: Shaggy|89\/100|[from] drain|[of] p1a: Aerodactyl\n|\n|upkeep\n|turn|16\n|\n|t:|1697982584\n|move|p1a: Aerodactyl|Rock Slide|p2b: Shaggy\n|-damage|p2b: Shaggy|42\/100\n|move|p1b: Scream Tail|Calm Mind|p1b: Scream Tail\n|-boost|p1b: Scream Tail|spa|1\n|-boost|p1b: Scream Tail|spd|1\n|cant|p2b: Shaggy|flinch\n|\n|upkeep\n|turn|17\n|\n|t:|1697982594\n|move|p1b: Scream Tail|Protect|p1b: Scream Tail\n|-singleturn|p1b: Scream Tail|Protect\n|move|p1a: Aerodactyl|Rock Slide|p2b: Shaggy\n|-damage|p2b: Shaggy|0 fnt\n|faint|p2b: Shaggy\n|\n|win|Mozzerz969lyx\n|raw|Mozzerz969lyx's rating: 1064 &rarr; <strong>1095<\/strong><br \/>(+31 for winning)\n|raw|Tukitiko's rating: 1075 &rarr; <strong>1053<\/strong><br \/>(-22 for losing)\n","uploadtime":1697982604,"views":12,"p1id":"mozzerz969lyx","p2id":"tukitiko","formatid":"gen9nationaldexdoubles","rating":1053,"private":0,"password":""}