{"id":"gen9nationaldexdoubles-1980466738","p1":"PolarPallas","p2":"fumbari 24","format":"[Gen 9] National Dex Doubles","log":"|j|\u2606PolarPallas\n|j|\u2606fumbari 24\n|t:|1698787614\n|gametype|doubles\n|player|p1|PolarPallas|265|1212\n|player|p2|fumbari 24|hilbert|1373\n|teamsize|p1|6\n|teamsize|p2|6\n|gen|9\n|tier|[Gen 9] National Dex Doubles\n|rated|\n|rule|HP Percentage Mod: HP is shown in percentages\n|rule|Endless Battle Clause: Forcing endless battles is banned\n|rule|OHKO Clause: OHKO moves are banned\n|rule|Evasion Moves Clause: Evasion moves are banned\n|rule|Evasion Abilities Clause: Evasion abilities are banned\n|rule|Species Clause: Limit one of each Pok\u00e9mon\n|rule|Gravity Sleep Clause: The combination of sleep-inducing moves with imperfect accuracy and Gravity or Gigantamax Orbeetle are banned\n|clearpoke\n|poke|p1|Charizard, F|\n|poke|p1|Flutter Mane|\n|poke|p1|Chi-Yu|\n|poke|p1|Amoonguss, M|\n|poke|p1|Iron Hands|\n|poke|p1|Ting-Lu|\n|poke|p2|Thundurus-Therian, M|\n|poke|p2|Latias, F|\n|poke|p2|Blastoise, M|\n|poke|p2|Pelipper, M|\n|poke|p2|Gardevoir, F|\n|poke|p2|Meowscarada, M|\n|teampreview\n|inactive|Battle timer is ON: inactive players will automatically lose when time's up. (requested by PolarPallas)\n|inactive|fumbari 24 has 120 seconds left.\n|inactive|fumbari 24 has 90 seconds left.\n|\n|t:|1698787686\n|start\n|switch|p1a: Charizard|Charizard, F|100\/100\n|switch|p1b: Flutter Mane|Flutter Mane|100\/100\n|switch|p2a: Strike|Thundurus-Therian, M|100\/100\n|switch|p2b: Harbor|Blastoise, M|100\/100\n|turn|1\n|\n|t:|1698787712\n|-terastallize|p2b: Harbor|Poison\n|move|p1a: Charizard|Protect|p1a: Charizard\n|-singleturn|p1a: Charizard|Protect\n|move|p2b: Harbor|Follow Me|p2b: Harbor\n|-singleturn|p2b: Harbor|move: Follow Me\n|move|p1b: Flutter Mane|Moonblast|p2b: Harbor\n|-resisted|p2b: Harbor\n|-damage|p2b: Harbor|68\/100\n|move|p2a: Strike|Wildbolt Storm|p1b: Flutter Mane|[spread] p1b\n|-activate|p1a: Charizard|move: Protect\n|-damage|p1b: Flutter Mane|43\/100\n|-status|p1b: Flutter Mane|par\n|\n|-heal|p2b: Harbor|74\/100|[from] item: Leftovers\n|upkeep\n|turn|2\n|inactive|PolarPallas has 120 seconds left.\n|\n|t:|1698787756\n|detailschange|p1a: Charizard|Charizard-Mega-Y, F\n|-mega|p1a: Charizard|Charizard|Charizardite Y\n|-weather|SunnyDay|[from] ability: Drought|[of] p1a: Charizard\n|-activate|p1b: Flutter Mane|ability: Protosynthesis\n|-start|p1b: Flutter Mane|protosynthesisspe\n|move|p2b: Harbor|Follow Me|p2b: Harbor\n|-singleturn|p2b: Harbor|move: Follow Me\n|move|p2a: Strike|Wildbolt Storm|p1b: Flutter Mane|[spread] p1a,p1b\n|-supereffective|p1a: Charizard\n|-damage|p1a: Charizard|0 fnt\n|-damage|p1b: Flutter Mane|0 fnt\n|faint|p1a: Charizard\n|faint|p1b: Flutter Mane\n|-end|p1b: Flutter Mane|Protosynthesis|[silent]\n|\n|-weather|SunnyDay|[upkeep]\n|-heal|p2b: Harbor|80\/100|[from] item: Leftovers\n|upkeep\n|\n|t:|1698787774\n|switch|p1b: Ting-Lu|Ting-Lu|100\/100\n|switch|p1a: Chi-Yu|Chi-Yu|100\/100\n|-ability|p1a: Chi-Yu|Beads of Ruin\n|-ability|p1b: Ting-Lu|Vessel of Ruin\n|turn|3\n|inactive|PolarPallas has 120 seconds left.\n|\n|t:|1698787787\n|switch|p2b: Mine Mine|Pelipper, M|100\/100\n|-weather|RainDance|[from] ability: Drizzle|[of] p2b: Mine Mine\n|move|p2a: Strike|Wildbolt Storm|p1b: Ting-Lu|[spread] p1a\n|-immune|p1b: Ting-Lu\n|-crit|p1a: Chi-Yu\n|-damage|p1a: Chi-Yu|21\/100\n|move|p1a: Chi-Yu|Heat Wave|p2a: Strike|[spread] p2a,p2b\n|-resisted|p2b: Mine Mine\n|-damage|p2a: Strike|73\/100\n|-damage|p2b: Mine Mine|86\/100\n|-status|p2a: Strike|brn\n|-damage|p1a: Chi-Yu|11\/100|[from] item: Life Orb\n|move|p1b: Ting-Lu|Rock Slide|p2b: Mine Mine|[spread] p2a,p2b\n|-supereffective|p2a: Strike\n|-supereffective|p2b: Mine Mine\n|-damage|p2a: Strike|20\/100 brn\n|-damage|p2b: Mine Mine|47\/100\n|\n|-weather|RainDance|[upkeep]\n|-damage|p2a: Strike|14\/100 brn|[from] brn\n|upkeep\n|turn|4\n|inactive|PolarPallas has 120 seconds left.\n|\n|t:|1698787809\n|move|p1a: Chi-Yu|Protect|p1a: Chi-Yu\n|-singleturn|p1a: Chi-Yu|Protect\n|move|p2b: Mine Mine|Wide Guard|p2b: Mine Mine\n|-singleturn|p2b: Mine Mine|Wide Guard\n|move|p2a: Strike|Wildbolt Storm|p1b: Ting-Lu|[spread] \n|-activate|p1a: Chi-Yu|move: Protect\n|-immune|p1b: Ting-Lu\n|move|p1b: Ting-Lu|Rock Slide|p2b: Mine Mine|[spread] \n|-activate|p2a: Strike|move: Wide Guard\n|-activate|p2b: Mine Mine|move: Wide Guard\n|\n|-weather|RainDance|[upkeep]\n|-damage|p2a: Strike|8\/100 brn|[from] brn\n|upkeep\n|turn|5\n|\n|t:|1698787830\n|switch|p1a: Amoonguss|Amoonguss, M|100\/100\n|move|p2a: Strike|Wildbolt Storm|p1b: Ting-Lu|[spread] p1a\n|-immune|p1b: Ting-Lu\n|-resisted|p1a: Amoonguss\n|-damage|p1a: Amoonguss|79\/100\n|-status|p1a: Amoonguss|par\n|move|p2b: Mine Mine|Scald|p1b: Ting-Lu\n|-supereffective|p1b: Ting-Lu\n|-damage|p1b: Ting-Lu|65\/100\n|move|p1b: Ting-Lu|Rock Slide|p2b: Mine Mine|[spread] p2a,p2b\n|-supereffective|p2a: Strike\n|-supereffective|p2b: Mine Mine\n|-damage|p2a: Strike|0 fnt\n|-damage|p2b: Mine Mine|8\/100\n|faint|p2a: Strike\n|\n|-weather|RainDance|[upkeep]\n|-heal|p1a: Amoonguss|85\/100 par|[from] item: Leftovers\n|upkeep\n|\n|t:|1698787850\n|switch|p2a: Mirage|Latias, F|100\/100\n|turn|6\n|inactive|PolarPallas has 120 seconds left.\n|\n|t:|1698787886\n|-zpower|p2a: Mirage\n|move|p2a: Mirage|Shattered Psyche|p1a: Amoonguss|[zeffect]\n|-supereffective|p1a: Amoonguss\n|-damage|p1a: Amoonguss|0 fnt\n|faint|p1a: Amoonguss\n|move|p2b: Mine Mine|Scald|p1b: Ting-Lu\n|-supereffective|p1b: Ting-Lu\n|-damage|p1b: Ting-Lu|28\/100\n|move|p1b: Ting-Lu|Heavy Slam|p2b: Mine Mine\n|-resisted|p2b: Mine Mine\n|-damage|p2b: Mine Mine|0 fnt\n|faint|p2b: Mine Mine\n|\n|-weather|RainDance|[upkeep]\n|upkeep\n|\n|t:|1698787908\n|switch|p2b: Belle|Gardevoir, F, shiny|100\/100\n|switch|p1a: Iron Hands|Iron Hands|100\/100\n|-ability|p2b: Belle|Vessel of Ruin\n|-ability|p2b: Belle|Vessel of Ruin|[from] ability: Trace|[of] p1b: Ting-Lu\n|turn|7\n|inactive|PolarPallas has 120 seconds left.\n|\n|t:|1698787957\n|-terastallize|p1a: Iron Hands|Water\n|move|p2b: Belle|Protect|p2b: Belle\n|-singleturn|p2b: Belle|Protect\n|move|p2a: Mirage|Psychic|p1a: Iron Hands\n|-damage|p1a: Iron Hands|73\/100\n|move|p1a: Iron Hands|Ice Punch|p2a: Mirage\n|-supereffective|p2a: Mirage\n|-damage|p2a: Mirage|44\/100\n|move|p1b: Ting-Lu|Heavy Slam|p2b: Belle\n|-activate|p2b: Belle|move: Protect\n|\n|-weather|RainDance|[upkeep]\n|upkeep\n|turn|8\n|inactive|PolarPallas has 120 seconds left.\n|\n|t:|1698787976\n|detailschange|p2b: Belle|Gardevoir-Mega, F, shiny\n|-mega|p2b: Belle|Gardevoir|Gardevoirite\n|move|p2a: Mirage|Psychic|p1a: Iron Hands\n|-damage|p1a: Iron Hands|45\/100\n|move|p2b: Belle|Hyper Voice|p1b: Ting-Lu|[spread] p1a,p1b\n|-supereffective|p1b: Ting-Lu\n|-damage|p1a: Iron Hands|16\/100\n|-damage|p1b: Ting-Lu|0 fnt\n|faint|p1b: Ting-Lu\n|move|p1a: Iron Hands|Ice Punch|p2a: Mirage\n|-supereffective|p2a: Mirage\n|-damage|p2a: Mirage|0 fnt\n|faint|p2a: Mirage\n|\n|-weather|RainDance|[upkeep]\n|upkeep\n|\n|t:|1698787994\n|switch|p2a: Harbor|Blastoise, M, tera:Poison|80\/100\n|switch|p1b: Chi-Yu|Chi-Yu|11\/100\n|-ability|p1b: Chi-Yu|Beads of Ruin\n|turn|9\n|c|\u2606fumbari 24|Gg\n|\n|t:|1698788007\n|move|p2a: Harbor|Fake Out|p1b: Chi-Yu\n|-damage|p1b: Chi-Yu|0 fnt\n|faint|p1b: Chi-Yu\n|move|p2b: Belle|Hyper Voice|p1a: Iron Hands\n|-damage|p1a: Iron Hands|0 fnt\n|faint|p1a: Iron Hands\n|-end|p1a: Iron Hands|Quark Drive|[silent]\n|\n|win|fumbari 24\n|raw|PolarPallas's rating: 1212 &rarr; <strong>1198<\/strong><br \/>(-14 for losing)\n|raw|fumbari 24's rating: 1373 &rarr; <strong>1384<\/strong><br \/>(+11 for winning)\n|l|\u2606PolarPallas\n","uploadtime":1698788017,"views":5,"p1id":"polarpallas","p2id":"fumbari24","formatid":"gen9nationaldexdoubles","rating":1198,"private":0,"password":""}