{"id":"gen9nationaldexdoubles-1979655029","p1":"TheOfficialSlade","p2":"KageDeSin","format":"[Gen 9] National Dex Doubles","log":"|j|\u2606TheOfficialSlade\n|j|\u2606KageDeSin\n|t:|1698700342\n|gametype|doubles\n|player|p1|TheOfficialSlade|shadowtriad|\n|player|p2|KageDeSin|biker|\n|teamsize|p1|6\n|teamsize|p2|6\n|gen|9\n|tier|[Gen 9] National Dex Doubles\n|rule|HP Percentage Mod: HP is shown in percentages\n|rule|Endless Battle Clause: Forcing endless battles is banned\n|rule|OHKO Clause: OHKO moves are banned\n|rule|Evasion Moves Clause: Evasion moves are banned\n|rule|Evasion Abilities Clause: Evasion abilities are banned\n|rule|Species Clause: Limit one of each Pok\u00e9mon\n|rule|Gravity Sleep Clause: The combination of sleep-inducing moves with imperfect accuracy and Gravity or Gigantamax Orbeetle are banned\n|clearpoke\n|poke|p1|Spiritomb, F|\n|poke|p1|Gothitelle, F|\n|poke|p1|Espeon, F|\n|poke|p1|Druddigon, F|\n|poke|p1|Zoroark-Hisui, M|\n|poke|p1|Rhyperior, M|\n|poke|p2|Kommo-o, M|\n|poke|p2|Sandy Shocks|\n|poke|p2|Coalossal, M|\n|poke|p2|Tinkaton, F|\n|poke|p2|Frosmoth, M|\n|poke|p2|Skeledirge, F|\n|teampreview\n|\n|t:|1698700412\n|start\n|switch|p1a: Your Father|Rhyperior, M|100\/100\n|switch|p1b: Fire Stone 4head|Espeon, F|100\/100\n|switch|p2a: Plant DLC|Coalossal, M|100\/100\n|switch|p2b: Frosmoth|Frosmoth, M|100\/100\n|turn|1\n|\n|t:|1698700465\n|move|p2b: Frosmoth|U-turn|p1b: Fire Stone 4head\n|-supereffective|p1b: Fire Stone 4head\n|-damage|p1b: Fire Stone 4head|42\/100\n|\n|t:|1698700475\n|switch|p2b: Sandy Shocks|Sandy Shocks|100\/100|[from] U-turn\n|-enditem|p2b: Sandy Shocks|Booster Energy\n|-activate|p2b: Sandy Shocks|ability: Protosynthesis|[fromitem]\n|-start|p2b: Sandy Shocks|protosynthesisspa\n|move|p1a: Your Father|Sunny Day|p1a: Your Father\n|-weather|SunnyDay\n|move|p2a: Plant DLC|Body Press|p1a: Your Father\n|-supereffective|p1a: Your Father\n|-damage|p1a: Your Father|75\/100\n|move|p1b: Fire Stone 4head|Trick Room|p1b: Fire Stone 4head\n|-fieldstart|move: Trick Room|[of] p1b: Fire Stone 4head\n|\n|-weather|SunnyDay|[upkeep]\n|upkeep\n|turn|2\n|j| landlord79\n|\n|t:|1698700549\n|move|p2a: Plant DLC|Flamethrower|p1b: Fire Stone 4head\n|-damage|p1b: Fire Stone 4head|0 fnt\n|faint|p1b: Fire Stone 4head\n|move|p1a: Your Father|Rock Wrecker|p2a: Plant DLC\n|-supereffective|p2a: Plant DLC\n|-damage|p2a: Plant DLC|0 fnt\n|-mustrecharge|p1a: Your Father\n|faint|p2a: Plant DLC\n|move|p2b: Sandy Shocks|Flash Cannon|p1a: Your Father\n|-supereffective|p1a: Your Father\n|-damage|p1a: Your Father|12\/100\n|-unboost|p1a: Your Father|spd|1\n|\n|-weather|SunnyDay|[upkeep]\n|upkeep\n|\n|t:|1698700592\n|switch|p2a: Frosmoth|Frosmoth, M|100\/100\n|switch|p1b: Gothi Momi|Gothitelle, F|100\/100\n|turn|3\n|\n|t:|1698700604\n|move|p1b: Gothi Momi|Protect|p1b: Gothi Momi\n|-singleturn|p1b: Gothi Momi|Protect\n|cant|p1a: Your Father|recharge\n|move|p2a: Frosmoth|Bug Buzz|p1b: Gothi Momi\n|-activate|p1b: Gothi Momi|move: Protect\n|move|p2b: Sandy Shocks|Flash Cannon|p1a: Your Father\n|-supereffective|p1a: Your Father\n|-damage|p1a: Your Father|0 fnt\n|faint|p1a: Your Father\n|\n|-weather|SunnyDay|[upkeep]\n|upkeep\n|\n|t:|1698700629\n|switch|p1a: Cynthia..|Spiritomb, F|100\/100\n|turn|4\n|\n|t:|1698700665\n|switch|p1b: Stop i'm blushing|Druddigon, F|100\/100\n|move|p1a: Cynthia..|Calm Mind|p1a: Cynthia..\n|-boost|p1a: Cynthia..|spa|1\n|-boost|p1a: Cynthia..|spd|1\n|move|p2a: Frosmoth|Ice Spinner|p1a: Cynthia..\n|-damage|p1a: Cynthia..|83\/100\n|move|p2b: Sandy Shocks|Tri Attack|p1b: Stop i'm blushing\n|-damage|p1b: Stop i'm blushing|64\/100\n|-status|p1b: Stop i'm blushing|par\n|\n|-weather|SunnyDay|[upkeep]\n|upkeep\n|turn|5\n|\n|t:|1698700709\n|switch|p2a: Kommo-o|Kommo-o, M|100\/100\n|-terastallize|p1b: Stop i'm blushing|Steel\n|move|p1b: Stop i'm blushing|Iron Head|p2a: Kommo-o\n|-damage|p2a: Kommo-o|41\/100\n|move|p1a: Cynthia..|Calm Mind|p1a: Cynthia..\n|-boost|p1a: Cynthia..|spa|1\n|-boost|p1a: Cynthia..|spd|1\n|move|p2b: Sandy Shocks|Earth Power|p1b: Stop i'm blushing\n|-supereffective|p1b: Stop i'm blushing\n|-damage|p1b: Stop i'm blushing|0 fnt\n|faint|p1b: Stop i'm blushing\n|\n|-weather|none\n|-fieldend|move: Trick Room\n|upkeep\n|\n|t:|1698700722\n|switch|p1b: Gothi Momi|Gothitelle, F|100\/100\n|turn|6\n|\n|t:|1698700756\n|move|p1b: Gothi Momi|Psychic|p2a: Kommo-o\n|-supereffective|p2a: Kommo-o\n|-damage|p2a: Kommo-o|0 fnt\n|faint|p2a: Kommo-o\n|move|p2b: Sandy Shocks|Volt Switch|p1a: Cynthia..\n|-damage|p1a: Cynthia..|56\/100\n|\n|t:|1698700764\n|-end|p2b: Sandy Shocks|Protosynthesis|[silent]\n|switch|p2b: Tinkaton|Tinkaton, F|100\/100|[from] Volt Switch\n|-ability|p2b: Tinkaton|Mold Breaker\n|move|p1a: Cynthia..|Dark Pulse|p2b: Tinkaton\n|-resisted|p2b: Tinkaton\n|-crit|p2b: Tinkaton\n|-damage|p2b: Tinkaton|74\/100\n|\n|upkeep\n|\n|t:|1698700779\n|switch|p2a: Skeledirge|Skeledirge, F|100\/100\n|turn|7\n|\n|t:|1698700800\n|move|p2b: Tinkaton|Helping Hand|p2a: Skeledirge\n|-singleturn|p2a: Skeledirge|Helping Hand|[of] p2b: Tinkaton\n|move|p1a: Cynthia..|Shadow Sneak|p2b: Tinkaton\n|-damage|p2b: Tinkaton|60\/100\n|move|p1b: Gothi Momi|Shadow Ball|p2a: Skeledirge\n|-supereffective|p2a: Skeledirge\n|-damage|p2a: Skeledirge|9\/100\n|-unboost|p2a: Skeledirge|spd|1\n|move|p2a: Skeledirge|Shadow Ball|p1a: Cynthia..\n|-damage|p1a: Cynthia..|6\/100\n|-unboost|p1a: Cynthia..|spd|1\n|\n|upkeep\n|turn|8\n|\n|t:|1698700837\n|move|p1a: Cynthia..|Shadow Sneak|p2a: Skeledirge\n|-supereffective|p2a: Skeledirge\n|-damage|p2a: Skeledirge|0 fnt\n|faint|p2a: Skeledirge\n|move|p1b: Gothi Momi|Shadow Ball|p2b: Tinkaton\n|-damage|p2b: Tinkaton|32\/100\n|move|p2b: Tinkaton|Knock Off|p1b: Gothi Momi\n|-supereffective|p1b: Gothi Momi\n|-enditem|p1b: Gothi Momi|Colbur Berry|[eat]\n|-enditem|p1b: Gothi Momi|Colbur Berry|[weaken]\n|-damage|p1b: Gothi Momi|57\/100\n|replace|p1b: An Alpha Pokemon|Zoroark-Hisui, M, shiny\n|-end|p1b: An Alpha Pokemon|Illusion\n|\n|upkeep\n|\n|t:|1698700850\n|switch|p2a: Sandy Shocks|Sandy Shocks|100\/100\n|turn|9\n|\n|t:|1698700873\n|move|p1a: Cynthia..|Shadow Sneak|p2b: Tinkaton\n|-damage|p2b: Tinkaton|16\/100\n|move|p1b: An Alpha Pokemon|Shadow Ball|p2b: Tinkaton\n|-damage|p2b: Tinkaton|0 fnt\n|faint|p2b: Tinkaton\n|move|p2a: Sandy Shocks|Earth Power|p1b: An Alpha Pokemon\n|-damage|p1b: An Alpha Pokemon|0 fnt\n|faint|p1b: An Alpha Pokemon\n|\n|upkeep\n|\n|t:|1698700885\n|switch|p1b: Gothi Momi|Gothitelle, F|100\/100\n|switch|p2b: Frosmoth|Frosmoth, M|100\/100\n|turn|10\n|\n|t:|1698700904\n|move|p1a: Cynthia..|Shadow Sneak|p2b: Frosmoth\n|-damage|p2b: Frosmoth|77\/100\n|move|p2a: Sandy Shocks|Flash Cannon|p1a: Cynthia..\n|-damage|p1a: Cynthia..|0 fnt\n|faint|p1a: Cynthia..\n|move|p1b: Gothi Momi|Psychic|p2b: Frosmoth\n|-damage|p2b: Frosmoth|49\/100\n|move|p2b: Frosmoth|Bug Buzz|p1b: Gothi Momi\n|-supereffective|p1b: Gothi Momi\n|-damage|p1b: Gothi Momi|37\/100\n|\n|-heal|p1b: Gothi Momi|43\/100|[from] item: Leftovers\n|upkeep\n|turn|11\n|\n|t:|1698700921\n|move|p2a: Sandy Shocks|Tri Attack|p1b: Gothi Momi\n|-damage|p1b: Gothi Momi|22\/100\n|move|p1b: Gothi Momi|Psychic|p2b: Frosmoth\n|-damage|p2b: Frosmoth|23\/100\n|move|p2b: Frosmoth|Bug Buzz|p1b: Gothi Momi\n|-supereffective|p1b: Gothi Momi\n|-damage|p1b: Gothi Momi|0 fnt\n|faint|p1b: Gothi Momi\n|\n|win|KageDeSin\n|l|\u2606TheOfficialSlade\n","uploadtime":1698700937,"views":21,"p1id":"theofficialslade","p2id":"kagedesin","formatid":"gen9nationaldexdoubles","rating":0,"private":0,"password":""}