{"id":"gen9nationaldexdoubles-1952599176","p1":"Loki 89","p2":"Mascara De Planta","format":"[Gen 9] National Dex Doubles","log":"|j|\u2606Loki 89\n|j|\u2606Mascara De Planta\n|t:|1695701832\n|gametype|doubles\n|player|p1|Loki 89|beni-ninja|1089\n|player|p2|Mascara De Planta|170|1172\n|teamsize|p1|6\n|teamsize|p2|6\n|gen|9\n|tier|[Gen 9] National Dex Doubles\n|rated|\n|rule|HP Percentage Mod: HP is shown in percentages\n|rule|Endless Battle Clause: Forcing endless battles is banned\n|rule|OHKO Clause: OHKO moves are banned\n|rule|Evasion Moves Clause: Evasion moves are banned\n|rule|Evasion Abilities Clause: Evasion abilities are banned\n|rule|Species Clause: Limit one of each Pok\u00e9mon\n|rule|Gravity Sleep Clause: The combination of sleep-inducing moves with imperfect accuracy and Gravity or Gigantamax Orbeetle are banned\n|clearpoke\n|poke|p1|Regigigas|\n|poke|p1|Tornadus, M|\n|poke|p1|Incineroar, M|\n|poke|p1|Swampert, M|\n|poke|p1|Roserade, F|\n|poke|p1|Sirfetch\u2019d, M|\n|poke|p2|Torkoal, M|\n|poke|p2|Flutter Mane|\n|poke|p2|Walking Wake|\n|poke|p2|Volcanion|\n|poke|p2|Chien-Pao|\n|poke|p2|Kingambit, M|\n|teampreview\n|inactive|Battle timer is ON: inactive players will automatically lose when time's up. (requested by Loki 89)\n|\n|t:|1695701849\n|start\n|switch|p1a: Sirfetch\u2019d|Sirfetch\u2019d, M, shiny|100\/100\n|switch|p1b: Incineroar|Incineroar, M, shiny|100\/100\n|switch|p2a: Pana Zulia|Torkoal, M|100\/100\n|switch|p2b: Cheems-Pao|Chien-Pao|100\/100\n|-ability|p2b: Cheems-Pao|Sword of Ruin\n|-ability|p1b: Incineroar|Intimidate|boost\n|-unboost|p2a: Pana Zulia|atk|1\n|-unboost|p2b: Cheems-Pao|atk|1\n|-weather|SunnyDay|[from] ability: Drought|[of] p2a: Pana Zulia\n|turn|1\n|\n|t:|1695701877\n|switch|p2b: PeloeQk|Flutter Mane|100\/100\n|-activate|p2b: PeloeQk|ability: Protosynthesis\n|-start|p2b: PeloeQk|protosynthesisspe\n|move|p1a: Sirfetch\u2019d|Detect|p1a: Sirfetch\u2019d\n|-singleturn|p1a: Sirfetch\u2019d|Protect\n|move|p1b: Incineroar|Fake Out|p2a: Pana Zulia\n|-damage|p2a: Pana Zulia|94\/100\n|cant|p2a: Pana Zulia|flinch\n|\n|-weather|SunnyDay|[upkeep]\n|upkeep\n|turn|2\n|\n|t:|1695701902\n|-terastallize|p1a: Sirfetch\u2019d|Steel\n|move|p2b: PeloeQk|Dazzling Gleam|p1a: Sirfetch\u2019d|[spread] p1a,p1b\n|-resisted|p1a: Sirfetch\u2019d\n|-damage|p1a: Sirfetch\u2019d|79\/100\n|-damage|p1b: Incineroar|71\/100\n|-damage|p2b: PeloeQk|90\/100|[from] item: Life Orb\n|move|p1a: Sirfetch\u2019d|Coaching|p1b: Incineroar\n|-boost|p1b: Incineroar|atk|1\n|-boost|p1b: Incineroar|def|1\n|move|p1b: Incineroar|U-turn|p2b: PeloeQk\n|-resisted|p2b: PeloeQk\n|-damage|p2b: PeloeQk|79\/100\n|inactive|Loki 89 has 120 seconds left.\n|\n|t:|1695701916\n|switch|p1b: Regigigas|Regigigas, shiny|100\/100|[from] U-turn\n|-start|p1b: Regigigas|ability: Slow Start\n|move|p2a: Pana Zulia|Stealth Rock|p1b: Regigigas\n|-sidestart|p1: Loki 89|move: Stealth Rock\n|\n|-weather|SunnyDay|[upkeep]\n|upkeep\n|turn|3\n|\n|t:|1695701926\n|move|p2b: PeloeQk|Calm Mind|p2b: PeloeQk\n|-boost|p2b: PeloeQk|spa|1\n|-boost|p2b: PeloeQk|spd|1\n|move|p1a: Sirfetch\u2019d|Simple Beam|p1b: Regigigas\n|-end|p1b: Regigigas|Slow Start|[silent]\n|-endability|p1b: Regigigas|Slow Start|[from] move: Simple Beam\n|-ability|p1b: Regigigas|Simple|[from] move: Simple Beam\n|move|p1b: Regigigas|Substitute|p1b: Regigigas\n|-start|p1b: Regigigas|Substitute\n|-damage|p1b: Regigigas|76\/100\n|move|p2a: Pana Zulia|Eruption|p1a: Sirfetch\u2019d|[spread] p1a,p1b\n|-end|p1b: Regigigas|Substitute\n|-supereffective|p1a: Sirfetch\u2019d\n|-damage|p1a: Sirfetch\u2019d|0 fnt\n|faint|p1a: Sirfetch\u2019d\n|\n|-weather|SunnyDay|[upkeep]\n|-heal|p1b: Regigigas|82\/100|[from] item: Leftovers\n|upkeep\n|inactive|Loki 89 has 120 seconds left.\n|\n|t:|1695701951\n|switch|p1a: Tornadus|Tornadus, M, shiny|100\/100\n|-damage|p1a: Tornadus|76\/100|[from] Stealth Rock\n|turn|4\n|\n|t:|1695701959\n|move|p1a: Tornadus|Rain Dance|p1a: Tornadus\n|-weather|RainDance\n|-end|p2b: PeloeQk|Protosynthesis\n|move|p2b: PeloeQk|Dazzling Gleam|p1b: Regigigas|[spread] p1a,p1b\n|-damage|p1a: Tornadus|13\/100\n|-damage|p1b: Regigigas|35\/100\n|-damage|p2b: PeloeQk|69\/100|[from] item: Life Orb\n|move|p1b: Regigigas|Rock Slide|p2a: Pana Zulia|[spread] p2a,p2b\n|-supereffective|p2a: Pana Zulia\n|-damage|p2a: Pana Zulia|65\/100\n|-damage|p2b: PeloeQk|26\/100\n|move|p2a: Pana Zulia|Eruption|p1b: Regigigas|[spread] p1a,p1b\n|-crit|p1a: Tornadus\n|-damage|p1a: Tornadus|0 fnt\n|-damage|p1b: Regigigas|25\/100\n|faint|p1a: Tornadus\n|\n|-weather|RainDance|[upkeep]\n|-heal|p1b: Regigigas|32\/100|[from] item: Leftovers\n|upkeep\n|\n|t:|1695701969\n|switch|p1a: Swampert|Swampert, M, shiny|100\/100\n|-damage|p1a: Swampert|94\/100|[from] Stealth Rock\n|turn|5\n|\n|t:|1695701985\n|switch|p2a: Agua Potable|Walking Wake|100\/100\n|detailschange|p1a: Swampert|Swampert-Mega, M, shiny\n|-mega|p1a: Swampert|Swampert|Swampertite\n|move|p1b: Regigigas|Protect|p1b: Regigigas\n|-singleturn|p1b: Regigigas|Protect\n|move|p1a: Swampert|Liquidation|p2a: Agua Potable\n|-resisted|p2a: Agua Potable\n|-damage|p2a: Agua Potable|78\/100\n|move|p2b: PeloeQk|Dazzling Gleam|p1b: Regigigas|[spread] p1a\n|-activate|p1b: Regigigas|move: Protect\n|-damage|p1a: Swampert|42\/100\n|-damage|p2b: PeloeQk|16\/100|[from] item: Life Orb\n|\n|-weather|RainDance|[upkeep]\n|-heal|p1b: Regigigas|38\/100|[from] item: Leftovers\n|upkeep\n|turn|6\n|\n|t:|1695702007\n|-end|p2b: PeloeQk|Protosynthesis|[silent]\n|switch|p2b: Pana Zulia|Torkoal, M|65\/100\n|-weather|SunnyDay|[from] ability: Drought|[of] p2b: Pana Zulia\n|-activate|p2a: Agua Potable|ability: Protosynthesis\n|-start|p2a: Agua Potable|protosynthesisspe\n|move|p2a: Agua Potable|Hydro Steam|p1a: Swampert\n|-damage|p1a: Swampert|0 fnt\n|faint|p1a: Swampert\n|move|p1b: Regigigas|Drain Punch|p2a: Agua Potable\n|-damage|p2a: Agua Potable|43\/100\n|-heal|p1b: Regigigas|54\/100|[from] drain|[of] p2a: Agua Potable\n|\n|-weather|SunnyDay|[upkeep]\n|-heal|p1b: Regigigas|60\/100|[from] item: Leftovers\n|upkeep\n|inactive|Loki 89 has 120 seconds left.\n|inactive|Loki 89 has 90 seconds left.\n|inactive|Loki 89 has 60 seconds left.\n|inactive|Loki 89 has 30 seconds left.\n|inactive|Loki 89 has 20 seconds left.\n|inactive|Loki 89 has 15 seconds left.\n|inactive|Loki 89 has 10 seconds left.\n|inactive|Loki 89 has 5 seconds left.\n|-message|Loki 89 lost due to inactivity.\n|\n|win|Mascara De Planta\n|raw|Loki 89's rating: 1089 &rarr; <strong>1071<\/strong><br \/>(-18 for losing)\n|raw|Mascara De Planta's rating: 1172 &rarr; <strong>1191<\/strong><br \/>(+19 for winning)\n","uploadtime":1695702155,"views":10,"p1id":"loki89","p2id":"mascaradeplanta","formatid":"gen9nationaldexdoubles","rating":1071,"private":0,"password":""}