{"id":"gen9nationaldexdoubles-1956280294","p1":"juanchossss","p2":"Leviatan4","format":"[Gen 9] National Dex Doubles","log":"|j|\u2606juanchossss\n|j|\u2606Leviatan4\n|t:|1696092591\n|gametype|doubles\n|player|p1|juanchossss|unknownf|\n|player|p2|Leviatan4|scientist-gen4dp|\n|teamsize|p1|6\n|teamsize|p2|6\n|gen|9\n|tier|[Gen 9] National Dex Doubles\n|rule|HP Percentage Mod: HP is shown in percentages\n|rule|Endless Battle Clause: Forcing endless battles is banned\n|rule|OHKO Clause: OHKO moves are banned\n|rule|Evasion Moves Clause: Evasion moves are banned\n|rule|Evasion Abilities Clause: Evasion abilities are banned\n|rule|Species Clause: Limit one of each Pok\u00e9mon\n|rule|Gravity Sleep Clause: The combination of sleep-inducing moves with imperfect accuracy and Gravity or Gigantamax Orbeetle are banned\n|clearpoke\n|poke|p1|Terrakion|\n|poke|p1|Keldeo-Resolute|\n|poke|p1|Kommo-o, F|\n|poke|p1|Cobalion|\n|poke|p1|Infernape, M|\n|poke|p1|Heracross, M|\n|poke|p2|Scizor, M|\n|poke|p2|Lokix, F|\n|poke|p2|Volcarona, M|\n|poke|p2|Forretress, M|\n|poke|p2|Heracross, M|\n|poke|p2|Yanmega, M|\n|teampreview\n|inactive|Battle timer is ON: inactive players will automatically lose when time's up. (requested by juanchossss)\n|inactiveoff|Battle timer is now OFF.\n|c|\u2606Leviatan4|Wenas\n|c|\u2606Leviatan4|Hay que esperar a alguien?\n|\n|t:|1696092625\n|start\n|switch|p1a: Cobalion|Cobalion|100\/100\n|switch|p1b: Terrakion|Terrakion|100\/100\n|switch|p2a: Strength|Heracross, M|100\/100\n|switch|p2b: Yanmega|Yanmega, M|100\/100\n|turn|1\n|j| XMarcosPr710\n|\n|t:|1696092671\n|move|p2a: Strength|Brick Break|p1b: Terrakion\n|-supereffective|p1b: Terrakion\n|-damage|p1b: Terrakion|5\/100\n|move|p1a: Cobalion|Stealth Rock|p2a: Strength\n|-sidestart|p2: Leviatan4|move: Stealth Rock\n|-zpower|p1b: Terrakion\n|move|p1b: Terrakion|Continental Crush|p2b: Yanmega|[zeffect]\n|-supereffective|p2b: Yanmega\n|-damage|p2b: Yanmega|0 fnt\n|faint|p2b: Yanmega\n|\n|upkeep\n|\n|t:|1696092695\n|switch|p2b: Flash|Lokix, F|100\/100\n|-damage|p2b: Flash|76\/100|[from] Stealth Rock\n|turn|2\n|\n|t:|1696092714\n|switch|p1b: Keldeo|Keldeo-Resolute|100\/100\n|switch|p1a: Heracross|Heracross, M|100\/100\n|move|p2b: Flash|First Impression|p1a: Heracross\n|-resisted|p1a: Heracross\n|-damage|p1a: Heracross|23\/100\n|-damage|p2b: Flash|66\/100|[from] item: Life Orb\n|move|p2a: Strength|Brick Break|p1b: Keldeo\n|-damage|p1b: Keldeo|59\/100\n|\n|upkeep\n|turn|3\n|\n|t:|1696092753\n|detailschange|p1a: Heracross|Heracross-Mega, M\n|-mega|p1a: Heracross|Heracross|Heracronite\n|move|p2b: Flash|Sucker Punch|p1a: Heracross\n|-resisted|p1a: Heracross\n|-damage|p1a: Heracross|0 fnt\n|faint|p1a: Heracross\n|-damage|p2b: Flash|56\/100|[from] item: Life Orb\n|move|p1b: Keldeo|Scald|p2a: Strength\n|-damage|p2a: Strength|52\/100\n|move|p2a: Strength|Brick Break|p1b: Keldeo\n|-damage|p1b: Keldeo|19\/100\n|\n|upkeep\n|\n|t:|1696092773\n|switch|p1a: Terrakion|Terrakion|5\/100\n|turn|4\n|c| XMarcosPr710|Close combat mataba\n|\n|t:|1696092836\n|switch|p1a: Kommo-o|Kommo-o, F|100\/100\n|move|p2b: Flash|Sucker Punch||[still]\n|-fail|p2b: Flash\n|move|p1b: Keldeo|Scald|p2b: Flash\n|-damage|p2b: Flash|0 fnt\n|faint|p2b: Flash\n|move|p2a: Strength|Brick Break|p1b: Keldeo\n|-damage|p1b: Keldeo|0 fnt\n|faint|p1b: Keldeo\n|-ability|p2a: Strength|Moxie|boost\n|-boost|p2a: Strength|atk|1\n|\n|upkeep\n|\n|t:|1696092856\n|switch|p1b: Terrakion|Terrakion|5\/100\n|switch|p2b: Cannonball|Forretress, M|100\/100\n|-damage|p2b: Cannonball|88\/100|[from] Stealth Rock\n|turn|5\n|\n|t:|1696092888\n|switch|p2a: New One|Scizor, M|100\/100\n|-damage|p2a: New One|88\/100|[from] Stealth Rock\n|switch|p1a: Cobalion|Cobalion|100\/100\n|-terastallize|p2b: Cannonball|Fire\n|move|p1b: Terrakion|Stone Edge|p2a: New One\n|-damage|p2a: New One|39\/100\n|move|p2b: Cannonball|Spikes|p1a: Cobalion\n|-sidestart|p1: juanchossss|Spikes\n|\n|upkeep\n|turn|6\n|\n|t:|1696092920\n|detailschange|p2a: New One|Scizor-Mega, M\n|-mega|p2a: New One|Scizor|Scizorite\n|move|p2a: New One|Bullet Punch|p1b: Terrakion\n|-supereffective|p1b: Terrakion\n|-damage|p1b: Terrakion|0 fnt\n|faint|p1b: Terrakion\n|move|p1a: Cobalion|Thunder Wave|p2a: New One\n|-status|p2a: New One|par\n|move|p2b: Cannonball|Rapid Spin|p1a: Cobalion\n|-resisted|p1a: Cobalion\n|-damage|p1a: Cobalion|97\/100\n|-boost|p2b: Cannonball|spe|1\n|-sideend|p2: Leviatan4|Stealth Rock|[from] move: Rapid Spin|[of] p2b: Cannonball\n|\n|-heal|p1a: Cobalion|100\/100|[from] item: Leftovers\n|upkeep\n|\n|t:|1696092927\n|switch|p1b: Kommo-o|Kommo-o, F|100\/100\n|-damage|p1b: Kommo-o|88\/100|[from] Spikes\n|turn|7\n|\n|t:|1696092971\n|cant|p2a: New One|par\n|move|p1a: Cobalion|Taunt|p2b: Cannonball\n|-start|p2b: Cannonball|move: Taunt\n|move|p1b: Kommo-o|Flamethrower|p2a: New One\n|-supereffective|p2a: New One\n|-damage|p2a: New One|0 fnt\n|faint|p2a: New One\n|-damage|p1b: Kommo-o|78\/100|[from] item: Life Orb\n|cant|p2b: Cannonball|move: Taunt|Spikes\n|\n|upkeep\n|\n|t:|1696093005\n|switch|p2a: Ra|Volcarona, M, shiny|100\/100\n|turn|8\n|\n|t:|1696093026\n|-terastallize|p1b: Kommo-o|Dragon\n|move|p1a: Cobalion|Thunder Wave|p2a: Ra|[miss]\n|-miss|p1a: Cobalion|p2a: Ra\n|move|p2a: Ra|Quiver Dance|p2a: Ra\n|-boost|p2a: Ra|spa|1\n|-boost|p2a: Ra|spd|1\n|-boost|p2a: Ra|spe|1\n|move|p1b: Kommo-o|Clanging Scales|p2b: Cannonball|[spread] p2a,p2b\n|-crit|p2b: Cannonball\n|-damage|p2a: Ra|49\/100\n|-damage|p2b: Cannonball|0 fnt\n|faint|p2b: Cannonball\n|-unboost|p1b: Kommo-o|def|1\n|-damage|p1b: Kommo-o|68\/100|[from] item: Life Orb\n|\n|upkeep\n|\n|t:|1696093083\n|switch|p2b: Strength|Heracross, M|52\/100\n|turn|9\n|\n|t:|1696093148\n|-zpower|p2a: Ra\n|move|p2a: Ra|Inferno Overdrive|p1a: Cobalion|[zeffect]\n|-supereffective|p1a: Cobalion\n|-damage|p1a: Cobalion|0 fnt\n|faint|p1a: Cobalion\n|move|p2b: Strength|Stone Edge|p1b: Kommo-o\n|-damage|p1b: Kommo-o|20\/100\n|move|p1b: Kommo-o|Clanging Scales|p2a: Ra|[spread] p2a,p2b\n|-damage|p2a: Ra|4\/100\n|-damage|p2b: Strength|0 fnt\n|faint|p2b: Strength\n|-unboost|p1b: Kommo-o|def|1\n|-damage|p1b: Kommo-o|10\/100|[from] item: Life Orb\n|\n|upkeep\n|\n|t:|1696093155\n|switch|p1a: Infernape|Infernape, M, shiny|100\/100\n|-damage|p1a: Infernape|88\/100|[from] Spikes\n|turn|10\n|\n|t:|1696093190\n|move|p1a: Infernape|Mach Punch|p2a: Ra\n|-resisted|p2a: Ra\n|-damage|p2a: Ra|0 fnt\n|faint|p2a: Ra\n|\n|win|juanchossss\n|c|\u2606Leviatan4|gg\n|l|\u2606Leviatan4\n|c|\u2606juanchossss|gg\n","uploadtime":1696093209,"views":8,"p1id":"juanchossss","p2id":"leviatan4","formatid":"gen9nationaldexdoubles","rating":0,"private":0,"password":""}