{"id":"gen9nationaldexdoubles-1949347806","p1":"kingspeed51","p2":"Beecomb","format":"[Gen 9] National Dex Doubles","log":"|j|\u2606kingspeed51\n|j|\u2606Beecomb\n|t:|1695349696\n|gametype|doubles\n|player|p1|kingspeed51|102|1131\n|player|p2|Beecomb|aaron|1013\n|teamsize|p1|6\n|teamsize|p2|6\n|gen|9\n|tier|[Gen 9] National Dex Doubles\n|rated|\n|rule|HP Percentage Mod: HP is shown in percentages\n|rule|Endless Battle Clause: Forcing endless battles is banned\n|rule|OHKO Clause: OHKO moves are banned\n|rule|Evasion Moves Clause: Evasion moves are banned\n|rule|Evasion Abilities Clause: Evasion abilities are banned\n|rule|Species Clause: Limit one of each Pok\u00e9mon\n|rule|Gravity Sleep Clause: The combination of sleep-inducing moves with imperfect accuracy and Gravity or Gigantamax Orbeetle are banned\n|clearpoke\n|poke|p1|Metagross|\n|poke|p1|Salamence, M|\n|poke|p1|Iron Moth|\n|poke|p1|Greninja-*, F|\n|poke|p1|Whimsicott, F|\n|poke|p1|Chansey, F|\n|poke|p2|Sinistcha-Masterpiece|\n|poke|p2|Dipplin, M|\n|poke|p2|Torkoal, M|\n|poke|p2|Clodsire, F|\n|poke|p2|Toxapex, F|\n|poke|p2|Gengar, L30, F|\n|teampreview\n|\n|t:|1695349715\n|start\n|switch|p1a: Whimsicott|Whimsicott, F|100\/100\n|switch|p1b: Salamence|Salamence, M|100\/100\n|switch|p2a: Gengar|Gengar, L30, F|100\/100\n|switch|p2b: Torkoal|Torkoal, M|100\/100\n|-ability|p1b: Salamence|Intimidate|boost\n|-unboost|p2a: Gengar|atk|1\n|-unboost|p2b: Torkoal|atk|1\n|-weather|SunnyDay|[from] ability: Drought|[of] p2b: Torkoal\n|turn|1\n|\n|t:|1695349730\n|move|p1a: Whimsicott|Tailwind|p1a: Whimsicott\n|-sidestart|p1: kingspeed51|move: Tailwind\n|move|p1b: Salamence|Dual Wingbeat|p2a: Gengar\n|-enditem|p2a: Gengar|Focus Sash\n|-damage|p2a: Gengar|2\/100\n|-start|p1b: Salamence|Disable|Dual Wingbeat|[from] ability: Cursed Body|[of] p2a: Gengar\n|-damage|p2a: Gengar|0 fnt\n|faint|p2a: Gengar\n|-hitcount|p2: Gengar|2\n|-damage|p1b: Salamence|91\/100|[from] item: Life Orb\n|move|p2b: Torkoal|Eruption|p1b: Salamence|[spread] p1a,p1b\n|-supereffective|p1a: Whimsicott\n|-resisted|p1b: Salamence\n|-enditem|p1a: Whimsicott|Focus Sash\n|-damage|p1a: Whimsicott|1\/100\n|-damage|p1b: Salamence|50\/100\n|\n|-weather|SunnyDay|[upkeep]\n|upkeep\n|\n|t:|1695349777\n|switch|p2a: Clodsire|Clodsire, F|100\/100\n|turn|2\n|\n|t:|1695349789\n|move|p1a: Whimsicott|Protect|p1a: Whimsicott\n|-singleturn|p1a: Whimsicott|Protect\n|move|p1b: Salamence|Outrage|p2b: Torkoal\n|-damage|p2b: Torkoal|20\/100\n|-damage|p1b: Salamence|40\/100|[from] item: Life Orb\n|move|p2a: Clodsire|Chilling Water|p1a: Whimsicott\n|-activate|p1a: Whimsicott|move: Protect\n|move|p2b: Torkoal|Ancient Power|p1b: Salamence\n|-supereffective|p1b: Salamence\n|-damage|p1b: Salamence|0 fnt\n|faint|p1b: Salamence\n|\n|-weather|SunnyDay|[upkeep]\n|upkeep\n|\n|t:|1695349807\n|switch|p1b: Greninja|Greninja, F|100\/100\n|turn|3\n|\n|t:|1695349821\n|move|p1a: Whimsicott|Moonblast|p2b: Torkoal\n|-resisted|p2b: Torkoal\n|-damage|p2b: Torkoal|10\/100\n|move|p1b: Greninja|Extrasensory|p2a: Clodsire\n|-start|p1b: Greninja|typechange|Psychic|[from] ability: Protean\n|-supereffective|p2a: Clodsire\n|-damage|p2a: Clodsire|44\/100\n|move|p2a: Clodsire|Sludge Bomb|p1a: Whimsicott\n|-supereffective|p1a: Whimsicott\n|-damage|p1a: Whimsicott|0 fnt\n|faint|p1a: Whimsicott\n|move|p2b: Torkoal|Explosion|p1b: Greninja|[spread] p2a,p1b\n|-damage|p2a: Clodsire|24\/100\n|-damage|p1b: Greninja|57\/100\n|faint|p2b: Torkoal\n|\n|-weather|SunnyDay|[upkeep]\n|-heal|p2a: Clodsire|30\/100|[from] item: Leftovers\n|upkeep\n|\n|t:|1695349842\n|switch|p1a: Iron Moth|Iron Moth|100\/100\n|switch|p2b: Toxapex|Toxapex, F|100\/100\n|-enditem|p1a: Iron Moth|Booster Energy\n|-activate|p1a: Iron Moth|ability: Quark Drive|[fromitem]\n|-start|p1a: Iron Moth|quarkdrivespa\n|turn|4\n|\n|t:|1695349860\n|-terastallize|p1a: Iron Moth|Grass\n|move|p1a: Iron Moth|Energy Ball|p2b: Toxapex\n|-damage|p2b: Toxapex|46\/100\n|move|p1b: Greninja|Extrasensory|p2a: Clodsire\n|-supereffective|p2a: Clodsire\n|-damage|p2a: Clodsire|0 fnt\n|faint|p2a: Clodsire\n|move|p2b: Toxapex|Liquidation|p1a: Iron Moth\n|-resisted|p1a: Iron Moth\n|-damage|p1a: Iron Moth|92\/100\n|-unboost|p1a: Iron Moth|def|1\n|\n|-weather|SunnyDay|[upkeep]\n|-heal|p2b: Toxapex|52\/100|[from] item: Leftovers\n|-sideend|p1: kingspeed51|move: Tailwind\n|upkeep\n|\n|t:|1695349878\n|switch|p2a: Sinistcha|Sinistcha-Masterpiece|100\/100\n|-heal|p2b: Toxapex|77\/100|[from] ability: Hospitality|[of] p2a: Sinistcha\n|turn|5\n|\n|t:|1695349891\n|-terastallize|p2a: Sinistcha|Grass\n|move|p1a: Iron Moth|Fiery Dance|p2a: Sinistcha\n|-supereffective|p2a: Sinistcha\n|-damage|p2a: Sinistcha|0 fnt\n|-boost|p1a: Iron Moth|spa|1\n|faint|p2a: Sinistcha\n|move|p1b: Greninja|Extrasensory|p2b: Toxapex\n|-supereffective|p2b: Toxapex\n|-damage|p2b: Toxapex|19\/100\n|move|p2b: Toxapex|Poison Jab|p1a: Iron Moth\n|-supereffective|p1a: Iron Moth\n|-damage|p1a: Iron Moth|0 fnt\n|faint|p1a: Iron Moth\n|-end|p1a: Iron Moth|Quark Drive|[silent]\n|\n|-weather|none\n|-heal|p2b: Toxapex|25\/100|[from] item: Leftovers\n|upkeep\n|\n|t:|1695349908\n|switch|p1a: Metagross|Metagross|100\/100\n|switch|p2a: Dipplin|Dipplin, M|100\/100\n|-ability|p2a: Dipplin|Supersweet Syrup\n|-ability|p2a: Dipplin|Supersweet Syrup|boost\n|-fail|p1a: Metagross|unboost|[from] ability: Clear Body|[of] p1a: Metagross\n|-unboost|p1b: Greninja|evasion|1\n|turn|6\n|\n|t:|1695349926\n|move|p2b: Toxapex|Baneful Bunker|p2b: Toxapex\n|-singleturn|p2b: Toxapex|move: Protect\n|move|p1b: Greninja|Extrasensory|p2b: Toxapex\n|-activate|p2b: Toxapex|move: Protect\n|move|p1a: Metagross|Ice Punch|p2a: Dipplin\n|-supereffective|p2a: Dipplin\n|-damage|p2a: Dipplin|3\/100\n|move|p2a: Dipplin|Syrup Bomb|p1b: Greninja\n|-damage|p1b: Greninja|24\/100\n|-start|p1b: Greninja|Syrup Bomb\n|\n|-heal|p2b: Toxapex|31\/100|[from] item: Leftovers\n|-unboost|p1b: Greninja|spe|1\n|upkeep\n|turn|7\n|c|\u2606kingspeed51|gg\n|\n|t:|1695349955\n|move|p2b: Toxapex|Baneful Bunker||[still]\n|-fail|p2b: Toxapex\n|move|p1a: Metagross|Ice Punch|p2a: Dipplin\n|-supereffective|p2a: Dipplin\n|-damage|p2a: Dipplin|0 fnt\n|faint|p2a: Dipplin\n|move|p1b: Greninja|Extrasensory|p2b: Toxapex\n|-supereffective|p2b: Toxapex\n|-damage|p2b: Toxapex|0 fnt\n|faint|p2b: Toxapex\n|\n|win|kingspeed51\n|raw|kingspeed51's rating: 1131 &rarr; <strong>1148<\/strong><br \/>(+17 for winning)\n|raw|Beecomb's rating: 1013 &rarr; <strong>1005<\/strong><br \/>(-8 for losing)\n|l|\u2606Beecomb\n","uploadtime":1695349967,"views":8,"p1id":"kingspeed51","p2id":"beecomb","formatid":"gen9nationaldexdoubles","rating":1005,"private":0,"password":""}