{"id":"gen9nationaldexdoubles-1989107817","p1":"Jhonny11037","p2":"conbomb","format":"[Gen 9] National Dex Doubles","log":"|j|\u2606Jhonny11037\n|j|\u2606conbomb\n|t:|1699813030\n|gametype|doubles\n|player|p1|Jhonny11037|2|1220\n|player|p2|conbomb|swimmer-gen4dp|1186\n|teamsize|p1|6\n|teamsize|p2|6\n|gen|9\n|tier|[Gen 9] National Dex Doubles\n|rated|\n|rule|HP Percentage Mod: HP is shown in percentages\n|rule|Endless Battle Clause: Forcing endless battles is banned\n|rule|OHKO Clause: OHKO moves are banned\n|rule|Evasion Moves Clause: Evasion moves are banned\n|rule|Evasion Abilities Clause: Evasion abilities are banned\n|rule|Species Clause: Limit one of each Pok\u00e9mon\n|rule|Gravity Sleep Clause: The combination of sleep-inducing moves with imperfect accuracy and Gravity or Gigantamax Orbeetle are banned\n|clearpoke\n|poke|p1|Abomasnow, M|\n|poke|p1|Leavanny, F|\n|poke|p1|Brute Bonnet|\n|poke|p1|Terrakion|\n|poke|p1|Exeggutor, M|\n|poke|p1|Tyranitar, F|\n|poke|p2|Regigigas|\n|poke|p2|Flamigo, M|\n|poke|p2|Ursaluna-Bloodmoon, M|\n|poke|p2|Audino, F|\n|poke|p2|Oranguru, M|\n|poke|p2|Malamar, M|\n|teampreview\n|\n|t:|1699813047\n|start\n|switch|p1a: Abomasnow|Abomasnow, M|100\/100\n|switch|p1b: Leavanny|Leavanny, F|100\/100\n|switch|p2a: Oranguru|Oranguru, M|100\/100\n|switch|p2b: Ursaluna|Ursaluna-Bloodmoon, M|100\/100\n|-weather|Snow|[from] ability: Snow Warning|[of] p1a: Abomasnow\n|turn|1\n|\n|t:|1699813062\n|-terastallize|p2b: Ursaluna|Ghost\n|move|p1b: Leavanny|Leaf Blade|p2b: Ursaluna\n|-damage|p2b: Ursaluna|67\/100\n|-damage|p1b: Leavanny|91\/100|[from] item: Life Orb\n|move|p1a: Abomasnow|Aurora Veil|p1a: Abomasnow\n|-sidestart|p1: Jhonny11037|move: Aurora Veil\n|move|p2b: Ursaluna|Calm Mind|p2b: Ursaluna\n|-boost|p2b: Ursaluna|spa|1\n|-boost|p2b: Ursaluna|spd|1\n|move|p2a: Oranguru|Trick Room|p2a: Oranguru\n|-fieldstart|move: Trick Room|[of] p2a: Oranguru\n|\n|-weather|Snow|[upkeep]\n|upkeep\n|turn|2\n|\n|t:|1699813085\n|move|p2b: Ursaluna|Blood Moon|p1b: Leavanny\n|-damage|p1b: Leavanny|0 fnt\n|faint|p1b: Leavanny\n|move|p2a: Oranguru|Instruct|p2b: Ursaluna\n|-singleturn|p2b: Ursaluna|move: Instruct|[of] p2a: Oranguru\n|move|p2b: Ursaluna|Blood Moon|p1a: Abomasnow\n|-damage|p1a: Abomasnow|45\/100\n|-hint|Some effects can force a Pokemon to use Blood Moon again in a row.\n|move|p1a: Abomasnow|Toxic|p2b: Ursaluna\n|-status|p2b: Ursaluna|tox\n|\n|-weather|Snow|[upkeep]\n|-heal|p1a: Abomasnow|51\/100|[from] item: Leftovers\n|-damage|p2b: Ursaluna|61\/100 tox|[from] psn\n|upkeep\n|\n|t:|1699813098\n|switch|p1b: Brute Bonnet|Brute Bonnet|100\/100\n|turn|3\n|\n|t:|1699813120\n|move|p2b: Ursaluna|Earth Power|p1a: Abomasnow\n|-resisted|p1a: Abomasnow\n|-damage|p1a: Abomasnow|36\/100\n|move|p1b: Brute Bonnet|Crunch|p2b: Ursaluna\n|-supereffective|p2b: Ursaluna\n|-damage|p2b: Ursaluna|8\/100 tox\n|-unboost|p2b: Ursaluna|def|1\n|move|p2a: Oranguru|Taunt|p1b: Brute Bonnet\n|-start|p1b: Brute Bonnet|move: Taunt\n|move|p1a: Abomasnow|Blizzard|p2a: Oranguru|[spread] p2a,p2b\n|-damage|p2a: Oranguru|82\/100\n|-damage|p2b: Ursaluna|0 fnt\n|faint|p2b: Ursaluna\n|\n|-weather|Snow|[upkeep]\n|-heal|p1a: Abomasnow|42\/100|[from] item: Leftovers\n|upkeep\n|\n|t:|1699813133\n|switch|p2b: Malamar|Malamar, M, shiny|100\/100\n|turn|4\n|\n|t:|1699813148\n|switch|p2a: MC Compensator|Regigigas, shiny|100\/100\n|-start|p2a: MC Compensator|ability: Slow Start\n|move|p1b: Brute Bonnet|Crunch|p2a: MC Compensator\n|-damage|p2a: MC Compensator|68\/100\n|move|p1a: Abomasnow|Toxic|p2b: Malamar\n|-status|p2b: Malamar|tox\n|move|p2b: Malamar|Simple Beam|p2a: MC Compensator\n|-end|p2a: MC Compensator|Slow Start|[silent]\n|-endability|p2a: MC Compensator|Slow Start|[from] move: Simple Beam\n|-ability|p2a: MC Compensator|Simple|[from] move: Simple Beam\n|\n|-weather|Snow|[upkeep]\n|-heal|p1a: Abomasnow|48\/100|[from] item: Leftovers\n|-damage|p2b: Malamar|94\/100 tox|[from] psn\n|upkeep\n|turn|5\n|\n|t:|1699813167\n|move|p1b: Brute Bonnet|Seed Bomb|p2a: MC Compensator\n|-damage|p2a: MC Compensator|36\/100\n|move|p1a: Abomasnow|Toxic|p2a: MC Compensator\n|-status|p2a: MC Compensator|tox\n|move|p2b: Malamar|Hidden Power|p2a: MC Compensator\n|-supereffective|p2a: MC Compensator\n|-damage|p2a: MC Compensator|25\/100 tox\n|-enditem|p2a: MC Compensator|Weakness Policy\n|-boost|p2a: MC Compensator|atk|4|[from] item: Weakness Policy\n|-boost|p2a: MC Compensator|spa|4|[from] item: Weakness Policy\n|move|p2a: MC Compensator|Rock Polish|p2a: MC Compensator\n|-boost|p2a: MC Compensator|spe|4\n|\n|-weather|none\n|-heal|p1a: Abomasnow|54\/100|[from] item: Leftovers\n|-damage|p2b: Malamar|82\/100 tox|[from] psn\n|-damage|p2a: MC Compensator|19\/100 tox|[from] psn\n|-sideend|p1: Jhonny11037|move: Aurora Veil\n|-fieldend|move: Trick Room\n|upkeep\n|turn|6\n|\n|t:|1699813190\n|switch|p2b: Audino|Audino, F|100\/100\n|move|p2a: MC Compensator|Drain Punch|p1b: Brute Bonnet\n|-supereffective|p1b: Brute Bonnet\n|-damage|p1b: Brute Bonnet|0 fnt\n|-heal|p2a: MC Compensator|73\/100 tox|[from] drain|[of] p1b: Brute Bonnet\n|faint|p1b: Brute Bonnet\n|-end|p1b: Brute Bonnet|Protosynthesis|[silent]\n|move|p1a: Abomasnow|Blizzard|p2b: Audino|[spread] p2a,p2b\n|-damage|p2a: MC Compensator|55\/100 tox\n|-damage|p2b: Audino|78\/100\n|\n|-heal|p1a: Abomasnow|61\/100|[from] item: Leftovers\n|-damage|p2a: MC Compensator|43\/100 tox|[from] psn\n|upkeep\n|\n|t:|1699813207\n|switch|p1b: Terrakion|Terrakion|100\/100\n|turn|7\n|\n|t:|1699813218\n|detailschange|p2b: Audino|Audino-Mega, F\n|-mega|p2b: Audino|Audino|Audinite\n|move|p2b: Audino|Ally Switch|p2b: Audino\n|swap|p2b: Audino|0|[from] move: Ally Switch\n|move|p2b: MC Compensator|Drain Punch|p1a: Abomasnow\n|-supereffective|p1a: Abomasnow\n|-damage|p1a: Abomasnow|0 fnt\n|-heal|p2b: MC Compensator|72\/100 tox|[from] drain|[of] p1a: Abomasnow\n|faint|p1a: Abomasnow\n|move|p1b: Terrakion|Sacred Sword|p2a: Audino\n|-damage|p2a: Audino|52\/100\n|\n|-damage|p2b: MC Compensator|54\/100 tox|[from] psn\n|upkeep\n|\n|t:|1699813235\n|switch|p1a: Tyranitar|Tyranitar, F|100\/100\n|-weather|Sandstorm|[from] ability: Sand Stream|[of] p1a: Tyranitar\n|turn|8\n|\n|t:|1699813248\n|detailschange|p1a: Tyranitar|Tyranitar-Mega, F\n|-mega|p1a: Tyranitar|Tyranitar|Tyranitarite\n|move|p2b: MC Compensator|Drain Punch|p1b: Terrakion\n|-supereffective|p1b: Terrakion\n|-damage|p1b: Terrakion|0 fnt\n|-heal|p2b: MC Compensator|95\/100 tox|[from] drain|[of] p1b: Terrakion\n|faint|p1b: Terrakion\n|move|p1a: Tyranitar|Iron Head|p2a: Audino\n|-supereffective|p2a: Audino\n|-damage|p2a: Audino|4\/100\n|move|p2a: Audino|Wish|p2a: Audino\n|\n|-weather|Sandstorm|[upkeep]\n|-damage|p2b: MC Compensator|89\/100 tox|[from] Sandstorm\n|-damage|p2a: Audino|0 fnt|[from] Sandstorm\n|faint|p2a: Audino\n|-damage|p2b: MC Compensator|65\/100 tox|[from] psn\n|upkeep\n|\n|t:|1699813266\n|switch|p1b: Exeggutor|Exeggutor, M|100\/100\n|switch|p2a: Flamigo|Flamigo, M|100\/100\n|-copyboost|p2a: Flamigo|p2b: MC Compensator|[from] ability: Costar\n|turn|9\n|c|\u2606conbomb|Gg\n|\n|t:|1699813289\n|-terastallize|p1b: Exeggutor|Fire\n|move|p2a: Flamigo|Acrobatics|p1b: Exeggutor\n|-damage|p1b: Exeggutor|23\/100\n|-enditem|p1b: Exeggutor|Sitrus Berry|[eat]\n|-heal|p1b: Exeggutor|47\/100|[from] item: Sitrus Berry\n|move|p2b: MC Compensator|Drain Punch|p1a: Tyranitar\n|-supereffective|p1a: Tyranitar\n|-damage|p1a: Tyranitar|0 fnt\n|-heal|p2b: MC Compensator|100\/100 tox|[from] drain|[of] p1a: Tyranitar\n|faint|p1a: Tyranitar\n|move|p1b: Exeggutor|Trick Room|p1b: Exeggutor\n|-fieldstart|move: Trick Room|[of] p1b: Exeggutor\n|\n|-weather|Sandstorm|[upkeep]\n|-damage|p1b: Exeggutor|41\/100|[from] Sandstorm\n|-damage|p2b: MC Compensator|94\/100 tox|[from] Sandstorm\n|-damage|p2a: Flamigo|94\/100|[from] Sandstorm\n|-heal|p2a: Flamigo|100\/100|[from] move: Wish|[wisher] Audino\n|-damage|p2b: MC Compensator|64\/100 tox|[from] psn\n|-item|p1b: Exeggutor|Sitrus Berry|[from] ability: Harvest\n|upkeep\n|-enditem|p1b: Exeggutor|Sitrus Berry|[eat]\n|-heal|p1b: Exeggutor|66\/100|[from] item: Sitrus Berry\n|turn|10\n|\n|t:|1699813312\n|move|p1b: Exeggutor|Hidden Power|p2a: Flamigo\n|-damage|p2a: Flamigo|45\/100\n|move|p2b: MC Compensator|Drain Punch|p1b: Exeggutor\n|-damage|p1b: Exeggutor|0 fnt\n|-heal|p2b: MC Compensator|97\/100 tox|[from] drain|[of] p1b: Exeggutor\n|faint|p1b: Exeggutor\n|\n|win|conbomb\n|raw|Jhonny11037's rating: 1220 &rarr; <strong>1193<\/strong><br \/>(-27 for losing)\n|raw|conbomb's rating: 1186 &rarr; <strong>1213<\/strong><br \/>(+27 for winning)\n|c|\u2606Jhonny11037|gg wp\n|c|\u2606conbomb|Gg bud\n|c|\u2606Jhonny11037|cool team\n","uploadtime":1699813343,"views":11,"p1id":"jhonny11037","p2id":"conbomb","formatid":"gen9nationaldexdoubles","rating":1193,"private":0,"password":""}