{"id":"gen9nationaldexdoubles-1950142775","p1":"MageDream\/UHE","p2":"SchmooMaster","format":"[Gen 9] National Dex Doubles","log":"|j|\u2606MageDream\/UHE\n|j|\u2606SchmooMaster\n|t:|1695430691\n|gametype|doubles\n|player|p1|MageDream\/UHE|chuck|1128\n|player|p2|SchmooMaster|hilbert|1234\n|teamsize|p1|6\n|teamsize|p2|6\n|gen|9\n|tier|[Gen 9] National Dex Doubles\n|rated|\n|rule|HP Percentage Mod: HP is shown in percentages\n|rule|Endless Battle Clause: Forcing endless battles is banned\n|rule|OHKO Clause: OHKO moves are banned\n|rule|Evasion Moves Clause: Evasion moves are banned\n|rule|Evasion Abilities Clause: Evasion abilities are banned\n|rule|Species Clause: Limit one of each Pok\u00e9mon\n|rule|Gravity Sleep Clause: The combination of sleep-inducing moves with imperfect accuracy and Gravity or Gigantamax Orbeetle are banned\n|clearpoke\n|poke|p1|Grafaiai, M|\n|poke|p1|Lilligant-Hisui, F|\n|poke|p1|Hawlucha, M|\n|poke|p1|Gothitelle, M|\n|poke|p1|Kleavor, M|\n|poke|p1|Gardevoir, M|\n|poke|p2|Politoed, F|\n|poke|p2|Kingdra, M|\n|poke|p2|Ferrothorn, F|\n|poke|p2|Thundurus, M|\n|poke|p2|Conkeldurr, F|\n|poke|p2|Metagross|\n|teampreview\n|\n|t:|1695430702\n|start\n|switch|p1a: Hawlucha|Hawlucha, M|100\/100\n|switch|p1b: Gardevoir|Gardevoir, M|100\/100\n|switch|p2a: Thundurus|Thundurus, M|100\/100\n|switch|p2b: Metagross|Metagross, shiny|100\/100\n|-ability|p1b: Gardevoir|Clear Body|[from] ability: Trace|[of] p2b: Metagross\n|turn|1\n|\n|t:|1695430732\n|-terastallize|p1b: Gardevoir|Fire\n|move|p2a: Thundurus|Thunder|p1a: Hawlucha\n|-supereffective|p1a: Hawlucha\n|-damage|p1a: Hawlucha|0 fnt\n|faint|p1a: Hawlucha\n|move|p1b: Gardevoir|Mystical Fire|p2b: Metagross\n|-supereffective|p2b: Metagross\n|-enditem|p2b: Metagross|Occa Berry|[eat]\n|-enditem|p2b: Metagross|Occa Berry|[weaken]\n|-damage|p2b: Metagross|61\/100\n|move|p2b: Metagross|Meteor Mash|p1b: Gardevoir\n|-resisted|p1b: Gardevoir\n|-damage|p1b: Gardevoir|70\/100\n|\n|upkeep\n|\n|t:|1695430744\n|switch|p1a: Gothitelle|Gothitelle, M|100\/100\n|turn|2\n|\n|t:|1695430781\n|move|p2a: Thundurus|Substitute|p2a: Thundurus\n|-start|p2a: Thundurus|Substitute\n|-damage|p2a: Thundurus|75\/100\n|move|p1b: Gardevoir|Mystical Fire|p2b: Metagross\n|-supereffective|p2b: Metagross\n|-damage|p2b: Metagross|0 fnt\n|faint|p2b: Metagross\n|move|p1a: Gothitelle|Expanding Force|p2a: Thundurus\n|-end|p2a: Thundurus|Substitute\n|\n|upkeep\n|\n|t:|1695430794\n|switch|p2b: Politoed|Politoed, F|100\/100\n|-weather|RainDance|[from] ability: Drizzle|[of] p2b: Politoed\n|turn|3\n|\n|t:|1695430811\n|switch|p1b: Lilligant|Lilligant-Hisui, F, shiny|100\/100\n|move|p2a: Thundurus|Thunder|p1a: Gothitelle\n|-damage|p1a: Gothitelle|67\/100\n|move|p2b: Politoed|Hydro Pump|p1b: Lilligant\n|-resisted|p1b: Lilligant\n|-damage|p1b: Lilligant|42\/100\n|move|p1a: Gothitelle|Thunderbolt|p2b: Politoed\n|-supereffective|p2b: Politoed\n|-damage|p2b: Politoed|59\/100\n|\n|-weather|RainDance|[upkeep]\n|upkeep\n|turn|4\n|\n|t:|1695430844\n|move|p2b: Politoed|Protect|p2b: Politoed\n|-singleturn|p2b: Politoed|Protect\n|move|p2a: Thundurus|Hidden Power|p1b: Lilligant\n|-supereffective|p1b: Lilligant\n|-damage|p1b: Lilligant|0 fnt\n|faint|p1b: Lilligant\n|move|p1a: Gothitelle|Expanding Force|p2a: Thundurus\n|-damage|p2a: Thundurus|30\/100\n|\n|-weather|RainDance|[upkeep]\n|upkeep\n|\n|t:|1695430861\n|switch|p1b: Gardevoir|Gardevoir, M, tera:Fire|70\/100\n|-ability|p1b: Gardevoir|Prankster|[from] ability: Trace|[of] p2a: Thundurus\n|turn|5\n|\n|t:|1695430876\n|switch|p1b: Grafaiai|Grafaiai, M|100\/100\n|move|p2a: Thundurus|Thunder Wave|p1a: Gothitelle\n|-status|p1a: Gothitelle|par\n|move|p2b: Politoed|Hydro Pump|p1b: Grafaiai\n|-damage|p1b: Grafaiai|7\/100\n|move|p1a: Gothitelle|Thunderbolt|p2b: Politoed\n|-supereffective|p2b: Politoed\n|-damage|p2b: Politoed|18\/100\n|\n|-weather|RainDance|[upkeep]\n|upkeep\n|turn|6\n|\n|t:|1695430906\n|move|p2b: Politoed|Protect|p2b: Politoed\n|-singleturn|p2b: Politoed|Protect\n|move|p1b: Grafaiai|Copycat||[still]\n|-fail|p1b: Grafaiai\n|move|p2a: Thundurus|Thunder|p1a: Gothitelle\n|-damage|p1a: Gothitelle|33\/100 par\n|move|p1a: Gothitelle|Expanding Force|p2a: Thundurus\n|-damage|p2a: Thundurus|0 fnt\n|faint|p2a: Thundurus\n|\n|-weather|RainDance|[upkeep]\n|upkeep\n|\n|t:|1695430920\n|switch|p2a: Kingdra|Kingdra, M|100\/100\n|turn|7\n|\n|t:|1695430931\n|move|p2b: Politoed|Protect||[still]\n|-fail|p2b: Politoed\n|move|p1b: Grafaiai|Copycat||[still]\n|-fail|p1b: Grafaiai\n|move|p2a: Kingdra|Surf|p1a: Gothitelle|[spread] p2b,p1a,p1b\n|-resisted|p2b: Politoed\n|-damage|p2b: Politoed|0 fnt\n|-damage|p1a: Gothitelle|8\/100 par\n|-damage|p1b: Grafaiai|0 fnt\n|faint|p2b: Politoed\n|faint|p1b: Grafaiai\n|move|p1a: Gothitelle|Thunderbolt|p2a: Kingdra\n|-damage|p2a: Kingdra|68\/100\n|\n|-weather|none\n|upkeep\n|\n|t:|1695430944\n|switch|p1b: Gardevoir|Gardevoir, M, tera:Fire|70\/100\n|switch|p2b: Conkeldurr|Conkeldurr, F|100\/100\n|-ability|p1b: Gardevoir|Swift Swim|[from] ability: Trace|[of] p2a: Kingdra\n|turn|8\n|\n|t:|1695430959\n|move|p2b: Conkeldurr|Mach Punch|p1a: Gothitelle\n|-resisted|p1a: Gothitelle\n|-damage|p1a: Gothitelle|0 fnt\n|faint|p1a: Gothitelle\n|move|p2a: Kingdra|Surf|p1b: Gardevoir|[spread] p2b,p1b\n|-supereffective|p1b: Gardevoir\n|-damage|p2b: Conkeldurr|62\/100\n|-damage|p1b: Gardevoir|13\/100\n|-enditem|p1b: Gardevoir|Aguav Berry|[eat]\n|-heal|p1b: Gardevoir|46\/100|[from] item: Aguav Berry\n|move|p1b: Gardevoir|Dazzling Gleam|p2a: Kingdra|[spread] p2a,p2b\n|-supereffective|p2a: Kingdra\n|-supereffective|p2b: Conkeldurr\n|-damage|p2a: Kingdra|0 fnt\n|-damage|p2b: Conkeldurr|0 fnt\n|faint|p2a: Kingdra\n|faint|p2b: Conkeldurr\n|\n|upkeep\n|\n|t:|1695430974\n|switch|p2a: Ferrothorn|Ferrothorn, F|100\/100\n|switch|p1a: Kleavor|Kleavor, M|100\/100\n|turn|9\n|c|\u2606MageDream\/UHE|luck was involved\n|\n|t:|1695430992\n|move|p1a: Kleavor|Close Combat|p2a: Ferrothorn\n|-supereffective|p2a: Ferrothorn\n|-damage|p2a: Ferrothorn|42\/100\n|-unboost|p1a: Kleavor|def|1\n|-unboost|p1a: Kleavor|spd|1\n|-damage|p1a: Kleavor|88\/100|[from] ability: Iron Barbs|[of] p2a: Ferrothorn\n|move|p1b: Gardevoir|Mystical Fire|p2a: Ferrothorn\n|-supereffective|p2a: Ferrothorn\n|-damage|p2a: Ferrothorn|0 fnt\n|faint|p2a: Ferrothorn\n|\n|win|MageDream\/UHE\n|raw|MageDream&#x2f;UHE's rating: 1128 &rarr; <strong>1160<\/strong><br \/>(+32 for winning)\n|raw|SchmooMaster's rating: 1234 &rarr; <strong>1202<\/strong><br \/>(-32 for losing)\n|c|\u2606SchmooMaster|Shadow Tag was involved\n","uploadtime":1695431040,"views":13,"p1id":"magedreamuhe","p2id":"schmoomaster","formatid":"gen9nationaldexdoubles","rating":1160,"private":0,"password":""}