{"id":"gen9nationaldexdoubles-1954291541","p1":"prapple2","p2":"the mudkip warrior","format":"[Gen 9] National Dex Doubles","log":"|j|\u2606prapple2\n|j|\u2606the mudkip warrior\n|t:|1695874596\n|gametype|doubles\n|player|p1|prapple2|265|1253\n|player|p2|the mudkip warrior|acetrainer-gen4dp|1588\n|teamsize|p1|6\n|teamsize|p2|6\n|gen|9\n|tier|[Gen 9] National Dex Doubles\n|rated|\n|rule|HP Percentage Mod: HP is shown in percentages\n|rule|Endless Battle Clause: Forcing endless battles is banned\n|rule|OHKO Clause: OHKO moves are banned\n|rule|Evasion Moves Clause: Evasion moves are banned\n|rule|Evasion Abilities Clause: Evasion abilities are banned\n|rule|Species Clause: Limit one of each Pok\u00e9mon\n|rule|Gravity Sleep Clause: The combination of sleep-inducing moves with imperfect accuracy and Gravity or Gigantamax Orbeetle are banned\n|clearpoke\n|poke|p1|Indeedee-F, F|\n|poke|p1|Oranguru, F|\n|poke|p1|Slowking-Galar, M|\n|poke|p1|Armarouge, F|\n|poke|p1|Hoopa-Unbound|\n|poke|p1|Tapu Lele|\n|poke|p2|Chien-Pao|\n|poke|p2|Charizard, M|\n|poke|p2|Flutter Mane|\n|poke|p2|Tornadus, M|\n|poke|p2|Dragonite, F|\n|poke|p2|Brambleghast, M|\n|teampreview\n|c|\u2606the mudkip warrior|one last trick room team\n|c|\u2606prapple2|how else would u run a mono psychic lmao\n|c|\u2606the mudkip warrior|well i mostly meant i fought four trick room teams in a row\n|c|\u2606the mudkip warrior|but i just feel there are better options\n|\n|t:|1695874664\n|start\n|switch|p1a: Oranguru|Oranguru, F|100\/100\n|switch|p1b: Tapu Lele|Tapu Lele|100\/100\n|switch|p2a: Al'akir|Tornadus, M|100\/100\n|switch|p2b: Lorna|Flutter Mane|100\/100\n|-fieldstart|move: Psychic Terrain|[from] ability: Psychic Surge|[of] p1b: Tapu Lele\n|turn|1\n|\n|t:|1695874681\n|move|p1b: Tapu Lele|Protect|p1b: Tapu Lele\n|-singleturn|p1b: Tapu Lele|Protect\n|move|p2b: Lorna|Imprison|p2b: Lorna\n|-start|p2b: Lorna|move: Imprison\n|move|p2a: Al'akir|Bleakwind Storm|p1b: Tapu Lele|[spread] p1a\n|-activate|p1b: Tapu Lele|move: Protect\n|-damage|p1a: Oranguru|73\/100\n|-unboost|p1a: Oranguru|spe|1\n|cant|p1a: Oranguru|move: Imprison|Trick Room\n|\n|upkeep\n|turn|2\n|\n|t:|1695874713\n|switch|p1b: Slowking|Slowking-Galar, M|100\/100\n|move|p1a: Oranguru|Ally Switch|p1a: Oranguru\n|swap|p1a: Oranguru|1|[from] move: Ally Switch\n|move|p2b: Lorna|Shadow Ball|p1b: Oranguru\n|-immune|p1b: Oranguru\n|move|p2a: Al'akir|Bleakwind Storm|p1a: Slowking|[spread] p1a,p1b\n|-damage|p1a: Slowking|70\/100\n|-damage|p1b: Oranguru|46\/100\n|-unboost|p1a: Slowking|spe|1\n|\n|upkeep\n|turn|3\n|\n|t:|1695874729\n|move|p2b: Lorna|Shadow Ball|p1a: Slowking\n|-supereffective|p1a: Slowking\n|-damage|p1a: Slowking|0 fnt\n|faint|p1a: Slowking\n|-damage|p2b: Lorna|91\/100|[from] item: Life Orb\n|move|p2a: Al'akir|Bleakwind Storm|p1b: Oranguru\n|-damage|p1b: Oranguru|12\/100\n|move|p1b: Oranguru|Yawn|p2a: Al'akir\n|-start|p2a: Al'akir|move: Yawn|[of] p1b: Oranguru\n|\n|upkeep\n|\n|t:|1695874750\n|switch|p1a: Hoopa|Hoopa-Unbound|100\/100\n|turn|4\n|\n|t:|1695874764\n|switch|p2a: Dolce|Dragonite, F|100\/100\n|move|p1b: Oranguru|Ally Switch|p1b: Oranguru\n|swap|p1b: Oranguru|0|[from] move: Ally Switch\n|move|p2b: Lorna|Dazzling Gleam|p1a: Oranguru|[spread] p1a,p1b\n|-supereffective|p1b: Hoopa\n|-damage|p1a: Oranguru|0 fnt\n|-damage|p1b: Hoopa|59\/100\n|faint|p1a: Oranguru\n|-damage|p2b: Lorna|81\/100|[from] item: Life Orb\n|move|p1b: Hoopa|Knock Off|p2b: Lorna\n|-damage|p2b: Lorna|0 fnt\n|-enditem|p2b: Lorna|Life Orb|[from] move: Knock Off|[of] p1b: Hoopa\n|faint|p2b: Lorna\n|-end|p2b: Lorna|Protosynthesis|[silent]\n|\n|upkeep\n|\n|t:|1695874778\n|switch|p2b: Al'akir|Tornadus, M|100\/100\n|switch|p1a: Tapu Lele|Tapu Lele|100\/100\n|turn|5\n|\n|t:|1695874806\n|move|p2b: Al'akir|Tailwind|p2b: Al'akir\n|-sidestart|p2: the mudkip warrior|move: Tailwind\n|move|p2a: Dolce|Ice Spinner|p1b: Hoopa\n|-damage|p1b: Hoopa|14\/100\n|-fieldend|move: Psychic Terrain\n|move|p1a: Tapu Lele|Dazzling Gleam|p2a: Dolce|[spread] p2a,p2b\n|-supereffective|p2a: Dolce\n|-damage|p2a: Dolce|63\/100\n|-damage|p2b: Al'akir|53\/100\n|-damage|p1a: Tapu Lele|91\/100|[from] item: Life Orb\n|move|p1b: Hoopa|Knock Off|p2a: Dolce\n|-damage|p2a: Dolce|0 fnt\n|-enditem|p2a: Dolce|Lum Berry|[from] move: Knock Off|[of] p1b: Hoopa\n|faint|p2a: Dolce\n|\n|upkeep\n|\n|t:|1695874816\n|switch|p2a: Trailblazer|Brambleghast, M|100\/100\n|-ability|p2a: Trailblazer|Wind Rider|boost\n|-boost|p2a: Trailblazer|atk|1\n|turn|6\n|\n|t:|1695874827\n|move|p2a: Trailblazer|Power Whip|p1a: Tapu Lele\n|-damage|p1a: Tapu Lele|0 fnt\n|faint|p1a: Tapu Lele\n|move|p2b: Al'akir|Bleakwind Storm|p1b: Hoopa\n|-damage|p1b: Hoopa|0 fnt\n|faint|p1b: Hoopa\n|\n|upkeep\n|\n|t:|1695874831\n|switch|p1a: Armarouge|Armarouge, F|100\/100\n|switch|p1b: Indeedee|Indeedee-F, F, shiny|100\/100\n|-fieldstart|move: Psychic Terrain|[from] ability: Psychic Surge|[of] p1b: Indeedee\n|-enditem|p1b: Indeedee|Psychic Seed\n|-boost|p1b: Indeedee|spd|1|[from] item: Psychic Seed\n|turn|7\n|\n|t:|1695874842\n|move|p1b: Indeedee|Follow Me|p1b: Indeedee\n|-singleturn|p1b: Indeedee|move: Follow Me\n|move|p2a: Trailblazer|Poltergeist||[still]\n|-fail|p2a: Trailblazer\n|move|p2b: Al'akir|Bleakwind Storm|p1b: Indeedee|[spread] p1b\n|-miss|p2b: Al'akir|p1a: Armarouge\n|-damage|p1b: Indeedee|77\/100\n|move|p1a: Armarouge|Trick Room|p1a: Armarouge\n|-fieldstart|move: Trick Room|[of] p1a: Armarouge\n|\n|upkeep\n|turn|8\n|\n|t:|1695874855\n|move|p1b: Indeedee|Helping Hand|p1a: Armarouge\n|-singleturn|p1a: Armarouge|Helping Hand|[of] p1b: Indeedee\n|move|p2a: Trailblazer|Shadow Sneak|p1a: Armarouge\n|-activate|p1a: Armarouge|move: Psychic Terrain\n|move|p1a: Armarouge|Expanding Force|p2a: Trailblazer|[spread] p2a,p2b\n|-damage|p2a: Trailblazer|0 fnt\n|-damage|p2b: Al'akir|0 fnt\n|faint|p2a: Trailblazer\n|faint|p2b: Al'akir\n|-damage|p1a: Armarouge|91\/100|[from] item: Life Orb\n|\n|-sideend|p2: the mudkip warrior|move: Tailwind\n|upkeep\n|c|\u2606the mudkip warrior|so be it\n|\n|t:|1695874864\n|switch|p2b: Yusuke|Chien-Pao|100\/100\n|switch|p2a: Galakrond|Charizard, M, shiny|100\/100\n|-ability|p2b: Yusuke|Sword of Ruin\n|turn|9\n|\n|t:|1695874877\n|move|p2a: Galakrond|Protect|p2a: Galakrond\n|-singleturn|p2a: Galakrond|Protect\n|move|p1b: Indeedee|Follow Me|p1b: Indeedee\n|-singleturn|p1b: Indeedee|move: Follow Me\n|move|p1a: Armarouge|Aura Sphere|p2b: Yusuke\n|-supereffective|p2b: Yusuke\n|-enditem|p2b: Yusuke|Focus Sash\n|-damage|p2b: Yusuke|1\/100\n|-damage|p1a: Armarouge|81\/100|[from] item: Life Orb\n|move|p2b: Yusuke|Ice Spinner|p1b: Indeedee\n|-damage|p1b: Indeedee|30\/100\n|-fieldend|move: Psychic Terrain\n|\n|upkeep\n|turn|10\n|\n|t:|1695874911\n|-terastallize|p2b: Yusuke|Dark\n|move|p1b: Indeedee|Follow Me|p1b: Indeedee\n|-singleturn|p1b: Indeedee|move: Follow Me\n|move|p2b: Yusuke|Sucker Punch||[still]\n|-fail|p2b: Yusuke\n|move|p1a: Armarouge|Aura Sphere|p2b: Yusuke\n|-supereffective|p2b: Yusuke\n|-damage|p2b: Yusuke|0 fnt\n|faint|p2b: Yusuke\n|-damage|p1a: Armarouge|71\/100|[from] item: Life Orb\n|move|p2a: Galakrond|Scorching Sands|p1b: Indeedee\n|-damage|p1b: Indeedee|16\/100\n|-status|p1b: Indeedee|brn\n|\n|-damage|p1b: Indeedee|10\/100 brn|[from] brn\n|upkeep\n|turn|11\n|c|\u2606prapple2|i think its ggs here\n|inactive|Battle timer is ON: inactive players will automatically lose when time's up. (requested by prapple2)\n|\n|t:|1695874957\n|move|p1b: Indeedee|Helping Hand|p1a: Armarouge\n|-singleturn|p1a: Armarouge|Helping Hand|[of] p1b: Indeedee\n|move|p1a: Armarouge|Expanding Force|p2a: Galakrond\n|-damage|p2a: Galakrond|0 fnt\n|faint|p2a: Galakrond\n|-damage|p1a: Armarouge|61\/100|[from] item: Life Orb\n|\n|win|prapple2\n|raw|prapple2's rating: 1253 &rarr; <strong>1297<\/strong><br \/>(+44 for winning)\n|raw|the mudkip warrior's rating: 1588 &rarr; <strong>1553<\/strong><br \/>(-35 for losing)\n|c|\u2606the mudkip warrior|NO\n|c|\u2606the mudkip warrior|MY RANKING\n|c|\u2606the mudkip warrior|dammit\n|c|\u2606prapple2|o damn u were at 1.6\n|c|\u2606the mudkip warrior|but i must congratulate you regardless\n|c|\u2606prapple2|thanks twas a gg\n|c|\u2606the mudkip warrior|nothing personal dude but i gotta say it\n|c|\u2606the mudkip warrior|i loathe trick room teams\n|c|\u2606prapple2|trick room teams do be fuckin wit people a lot tho lol\n|c|\u2606the mudkip warrior|they are NOTHING without their setters\n|c|\u2606prapple2|i just run a gym at some server lol\n|c|\u2606prapple2|so im on here testing teams\n|c|\u2606the mudkip warrior|its a good one\n|c|\u2606the mudkip warrior|ill give ya that\n|c|\u2606prapple2|thaanks, but hey if u need someone to test teams on ucan always hmu\n|c|\u2606the mudkip warrior|have you considered using medicham mega as an opener\n|c|\u2606prapple2|i did at some point but I found that Hoopa U had the same offensive capability with better bulk\n|c|\u2606the mudkip warrior|yes, BUT medicham has access to a super powerful fake out\n|c|\u2606prapple2|tru but my psychic terrain kinda fucks wit that LOL\n|c|\u2606prapple2|which is up almost all the time\n|c|\u2606the mudkip warrior|also true; i tried to hard to remove the field\n|c|\u2606the mudkip warrior|but indeedee and lele both setting it was too much\n|c|\u2606prapple2|ye haha, double setters saves me a lot\n|c|\u2606prapple2|especially when a buncha people brings koko into my gym\n","uploadtime":1695874982,"views":14,"p1id":"prapple2","p2id":"themudkipwarrior","formatid":"gen9nationaldexdoubles","rating":1297,"private":0,"password":""}