{"id":"gen9nationaldexdoubles-1953071041","p1":"icybro12","p2":"Kyus","format":"[Gen 9] National Dex Doubles","log":"|j|\u2606icybro12\n|j|\u2606Kyus\n|t:|1695751924\n|gametype|doubles\n|player|p1|icybro12|psychic|1070\n|player|p2|Kyus|jacq|1079\n|teamsize|p1|6\n|teamsize|p2|6\n|gen|9\n|tier|[Gen 9] National Dex Doubles\n|rated|\n|rule|HP Percentage Mod: HP is shown in percentages\n|rule|Endless Battle Clause: Forcing endless battles is banned\n|rule|OHKO Clause: OHKO moves are banned\n|rule|Evasion Moves Clause: Evasion moves are banned\n|rule|Evasion Abilities Clause: Evasion abilities are banned\n|rule|Species Clause: Limit one of each Pok\u00e9mon\n|rule|Gravity Sleep Clause: The combination of sleep-inducing moves with imperfect accuracy and Gravity or Gigantamax Orbeetle are banned\n|clearpoke\n|poke|p1|Regigigas|\n|poke|p1|Alcremie-Rainbow-Swirl, F|\n|poke|p1|Weezing, M|\n|poke|p1|Exploud, M|\n|poke|p1|Ribombee, F|\n|poke|p1|Incineroar, F|\n|poke|p2|Torterra, M|\n|poke|p2|Dusknoir, M|\n|poke|p2|Slowking-Galar, M|\n|poke|p2|Conkeldurr, M|\n|poke|p2|Spiritomb, F|\n|poke|p2|Camerupt, M|\n|teampreview\n|inactive|Battle timer is ON: inactive players will automatically lose when time's up. (requested by Kyus)\n|\n|t:|1695751933\n|start\n|switch|p1a: Exploud|Exploud, M|100\/100\n|switch|p1b: Ribombee|Ribombee, F|100\/100\n|switch|p2a: arvoir|Dusknoir, M, shiny|100\/100\n|switch|p2b: tiji|Torterra, M, shiny|100\/100\n|-item|p1a: Exploud|Life Orb|[from] ability: Frisk|[of] p2a: arvoir|[identify]\n|-item|p1b: Ribombee|Focus Sash|[from] ability: Frisk|[of] p2a: arvoir|[identify]\n|turn|1\n|\n|t:|1695751958\n|move|p1b: Ribombee|Speed Swap|p2a: arvoir\n|-activate|p1b: Ribombee|move: Speed Swap|[of] p2a: arvoir\n|move|p1a: Exploud|Blizzard|p2a: arvoir|[spread] p2b\n|-miss|p1a: Exploud|p2a: arvoir\n|-supereffective|p2b: tiji\n|-damage|p2b: tiji|0 fnt\n|faint|p2b: tiji\n|-damage|p1a: Exploud|91\/100|[from] item: Life Orb\n|move|p2a: arvoir|Trick Room|p2a: arvoir\n|-fieldstart|move: Trick Room|[of] p2a: arvoir\n|\n|upkeep\n|inactive|Kyus has 120 seconds left.\n|\n|t:|1695751969\n|switch|p2b: hank|Camerupt, M, shiny|100\/100\n|turn|2\n|\n|t:|1695751992\n|switch|p1b: Incineroar|Incineroar, F|100\/100\n|-ability|p1b: Incineroar|Intimidate|boost\n|-unboost|p2a: arvoir|atk|1\n|-unboost|p2b: hank|atk|1\n|detailschange|p2b: hank|Camerupt-Mega, M, shiny\n|-mega|p2b: hank|Camerupt|Cameruptite\n|move|p1a: Exploud|Protect|p1a: Exploud\n|-singleturn|p1a: Exploud|Protect\n|move|p2b: hank|Eruption|p1a: Exploud|[spread] p1b\n|-activate|p1a: Exploud|move: Protect\n|-resisted|p1b: Incineroar\n|-damage|p1b: Incineroar|77\/100\n|move|p2a: arvoir|Skill Swap|p1a: Exploud\n|-activate|p1a: Exploud|move: Protect\n|\n|-heal|p1b: Incineroar|83\/100|[from] item: Leftovers\n|upkeep\n|turn|3\n|\n|t:|1695752013\n|switch|p1a: Ribombee|Ribombee, F|100\/100\n|move|p2b: hank|Eruption|p1b: Incineroar|[spread] p1a,p1b\n|-supereffective|p1a: Ribombee\n|-resisted|p1b: Incineroar\n|-enditem|p1a: Ribombee|Focus Sash\n|-damage|p1a: Ribombee|1\/100\n|-damage|p1b: Incineroar|61\/100\n|move|p1b: Incineroar|Parting Shot|p2b: hank\n|-unboost|p2b: hank|atk|1\n|-unboost|p2b: hank|spa|1\n|\n|t:|1695752026\n|switch|p1b: Exploud|Exploud, M|91\/100|[from] Parting Shot\n|move|p2a: arvoir|Skill Swap|p1b: Exploud\n|-activate|p2a: arvoir|move: Skill Swap|Scrappy|Frisk|[of] p1b: Exploud\n|-item|p2a: arvoir|Leftovers|[from] ability: Frisk|[of] p1b: Exploud|[identify]\n|-item|p2b: hank|Cameruptite|[from] ability: Frisk|[of] p1b: Exploud|[identify]\n|\n|upkeep\n|turn|4\n|\n|t:|1695752044\n|switch|p2b: wib|Slowking-Galar, M, shiny|100\/100\n|move|p1a: Ribombee|Protect|p1a: Ribombee\n|-singleturn|p1a: Ribombee|Protect\n|move|p2a: arvoir|Shadow Sneak|p1a: Ribombee\n|-activate|p1a: Ribombee|move: Protect\n|move|p1b: Exploud|Boomburst|p2b: wib|[spread] p2b\n|-activate|p1a: Ribombee|move: Protect\n|-immune|p2a: arvoir\n|-damage|p2b: wib|50\/100\n|-damage|p1b: Exploud|81\/100|[from] item: Life Orb\n|\n|-heal|p2b: wib|56\/100|[from] item: Leftovers\n|upkeep\n|turn|5\n|\n|t:|1695752059\n|move|p1a: Ribombee|Helping Hand|p1b: Exploud\n|-singleturn|p1b: Exploud|Helping Hand|[of] p1a: Ribombee\n|move|p2b: wib|Sludge Wave|p1b: Exploud|[spread] p2a,p1a,p1b\n|-resisted|p2a: arvoir\n|-supereffective|p1a: Ribombee\n|-damage|p2a: arvoir|89\/100\n|-damage|p1a: Ribombee|0 fnt\n|-damage|p1b: Exploud|43\/100\n|faint|p1a: Ribombee\n|move|p1b: Exploud|Boomburst|p2a: arvoir|[spread] p2b\n|-immune|p2a: arvoir\n|-damage|p2b: wib|0 fnt\n|faint|p2b: wib\n|-damage|p1b: Exploud|33\/100|[from] item: Life Orb\n|move|p2a: arvoir|Will-O-Wisp|p1b: Exploud\n|-status|p1b: Exploud|brn\n|\n|-heal|p2a: arvoir|95\/100|[from] item: Leftovers\n|-damage|p1b: Exploud|27\/100 brn|[from] brn\n|-fieldend|move: Trick Room\n|upkeep\n|\n|t:|1695752078\n|switch|p1a: Weezing|Weezing, M|100\/100\n|switch|p2b: no'in changed|Conkeldurr, M, shiny|100\/100\n|-ability|p1a: Weezing|Neutralizing Gas\n|-item|p1a: Weezing|Air Balloon\n|turn|6\n|\n|t:|1695752085\n|move|p1b: Exploud|Extrasensory|p2b: no'in changed\n|-supereffective|p2b: no'in changed\n|-damage|p2b: no'in changed|24\/100\n|-damage|p1b: Exploud|17\/100 brn|[from] item: Life Orb\n|move|p1a: Weezing|Taunt|p2a: arvoir\n|-start|p2a: arvoir|move: Taunt\n|move|p2b: no'in changed|Rock Slide|p1a: Weezing|[spread] p1a,p1b\n|-crit|p1b: Exploud\n|-damage|p1a: Weezing|77\/100\n|-damage|p1b: Exploud|0 fnt\n|-enditem|p1a: Weezing|Air Balloon\n|faint|p1b: Exploud\n|-damage|p2b: no'in changed|14\/100|[from] item: Life Orb\n|cant|p2a: arvoir|move: Taunt|Trick Room\n|\n|-heal|p2a: arvoir|100\/100|[from] item: Leftovers\n|upkeep\n|\n|t:|1695752097\n|switch|p1b: Alcremie|Alcremie-Rainbow-Swirl, F|100\/100\n|turn|7\n|\n|t:|1695752106\n|move|p2a: arvoir|Shadow Sneak|p1b: Alcremie\n|-damage|p1b: Alcremie|92\/100\n|move|p2b: no'in changed|Mach Punch|p1b: Alcremie\n|-resisted|p1b: Alcremie\n|-damage|p1b: Alcremie|76\/100\n|-damage|p2b: no'in changed|4\/100|[from] item: Life Orb\n|move|p1b: Alcremie|Safeguard|p1b: Alcremie\n|-sidestart|p1: icybro12|Safeguard\n|move|p1a: Weezing|Will-O-Wisp|p2b: no'in changed\n|-status|p2b: no'in changed|brn\n|\n|-heal|p1b: Alcremie|82\/100|[from] item: Leftovers\n|-damage|p2b: no'in changed|0 fnt|[from] brn\n|faint|p2b: no'in changed\n|upkeep\n|\n|t:|1695752111\n|switch|p2b: rrr|Spiritomb, F, shiny|100\/100\n|turn|8\n|\n|t:|1695752122\n|-end|p1a: Weezing|ability: Neutralizing Gas\n|-ability|p2b: rrr|Pressure\n|switch|p1a: Regigigas|Regigigas|100\/100\n|-start|p1a: Regigigas|ability: Slow Start\n|move|p2a: arvoir|Shadow Sneak|p1a: Regigigas\n|-immune|p1a: Regigigas\n|move|p1b: Alcremie|Decorate|p1a: Regigigas\n|-boost|p1a: Regigigas|atk|2\n|-boost|p1a: Regigigas|spa|2\n|move|p2b: rrr|Trick Room|p2b: rrr\n|-fieldstart|move: Trick Room|[of] p2b: rrr\n|\n|-heal|p1b: Alcremie|88\/100|[from] item: Leftovers\n|-end|p2a: arvoir|move: Taunt\n|upkeep\n|turn|9\n|\n|t:|1695752144\n|move|p1a: Regigigas|Protect|p1a: Regigigas\n|-singleturn|p1a: Regigigas|Protect\n|move|p2b: rrr|Will-O-Wisp|p1b: Alcremie\n|-activate|p1b: Alcremie|move: Safeguard\n|move|p1b: Alcremie|Misty Explosion|p2b: rrr|[spread] p2a,p2b\n|-activate|p1a: Regigigas|move: Protect\n|-crit|p2a: arvoir\n|-supereffective|p2b: rrr\n|-damage|p2a: arvoir|72\/100\n|-damage|p2b: rrr|56\/100\n|faint|p1b: Alcremie\n|move|p2a: arvoir|Will-O-Wisp|p1a: Regigigas\n|-activate|p1a: Regigigas|move: Protect\n|\n|-heal|p2b: rrr|62\/100|[from] item: Leftovers\n|-heal|p2a: arvoir|78\/100|[from] item: Leftovers\n|upkeep\n|\n|t:|1695752158\n|switch|p1b: Weezing|Weezing, M|77\/100\n|-ability|p1b: Weezing|Neutralizing Gas\n|-end|p1a: Regigigas|Slow Start|[silent]\n|turn|10\n|inactive|icybro12 has 120 seconds left.\n|inactive|icybro12 has 90 seconds left.\n|\n|t:|1695752226\n|move|p2a: arvoir|Shadow Sneak|p1b: Weezing\n|-damage|p1b: Weezing|69\/100\n|move|p2b: rrr|Pain Split|p1a: Regigigas\n|-sethp|p1a: Regigigas|72\/100|[from] move: Pain Split|[silent]\n|-sethp|p2b: rrr|100\/100|[from] move: Pain Split\n|move|p1b: Weezing|Taunt|p2b: rrr\n|-start|p2b: rrr|move: Taunt\n|move|p1a: Regigigas|Earthquake|p2a: arvoir|[spread] p1b,p2a,p2b\n|-supereffective|p1b: Weezing\n|-damage|p1b: Weezing|0 fnt\n|-damage|p2a: arvoir|17\/100\n|-damage|p2b: rrr|25\/100\n|faint|p1b: Weezing\n|-end|p1b: Weezing|ability: Neutralizing Gas\n|-ability|p2b: rrr|Pressure\n|-start|p1a: Regigigas|ability: Slow Start\n|\n|-heal|p2b: rrr|31\/100|[from] item: Leftovers\n|-heal|p1a: Regigigas|79\/100|[from] item: Leftovers\n|-heal|p2a: arvoir|23\/100|[from] item: Leftovers\n|upkeep\n|inactive|icybro12 has 90 seconds left.\n|\n|t:|1695752244\n|switch|p1b: Incineroar|Incineroar, F|61\/100\n|-ability|p1b: Incineroar|Intimidate|boost\n|-fail|p2a: arvoir|unboost|Attack|[from] ability: Scrappy|[of] p2a: arvoir\n|-unboost|p2b: rrr|atk|1\n|turn|11\n|\n|t:|1695752252\n|move|p1a: Regigigas|Protect|p1a: Regigigas\n|-singleturn|p1a: Regigigas|Protect\n|move|p1b: Incineroar|Protect|p1b: Incineroar\n|-singleturn|p1b: Incineroar|Protect\n|move|p2b: rrr|Hex|p1b: Incineroar\n|-activate|p1b: Incineroar|move: Protect\n|move|p2a: arvoir|Skill Swap|p1b: Incineroar\n|-activate|p1b: Incineroar|move: Protect\n|\n|-heal|p2b: rrr|37\/100|[from] item: Leftovers\n|-heal|p1a: Regigigas|85\/100|[from] item: Leftovers\n|-heal|p1b: Incineroar|68\/100|[from] item: Leftovers\n|-heal|p2a: arvoir|29\/100|[from] item: Leftovers\n|-sideend|p1: icybro12|Safeguard\n|upkeep\n|turn|12\n|inactive|icybro12 has 120 seconds left.\n|\n|t:|1695752274\n|move|p2b: rrr|Hex|p1b: Incineroar\n|-resisted|p1b: Incineroar\n|-damage|p1b: Incineroar|61\/100\n|move|p1a: Regigigas|Rock Slide|p2b: rrr|[spread] p2a,p2b\n|-damage|p2a: arvoir|8\/100\n|-damage|p2b: rrr|8\/100\n|move|p1b: Incineroar|Flare Blitz|p2a: arvoir\n|-damage|p2a: arvoir|0 fnt\n|faint|p2a: arvoir\n|-damage|p1b: Incineroar|59\/100|[from] Recoil\n|\n|-heal|p2b: rrr|14\/100|[from] item: Leftovers\n|-heal|p1a: Regigigas|91\/100|[from] item: Leftovers\n|-heal|p1b: Incineroar|65\/100|[from] item: Leftovers\n|-fieldend|move: Trick Room\n|upkeep\n|\n|t:|1695752284\n|switch|p2a: hank|Camerupt-Mega, M, shiny|100\/100\n|turn|13\n|\n|t:|1695752293\n|move|p1b: Incineroar|Flare Blitz|p2b: rrr\n|-damage|p2b: rrr|0 fnt\n|faint|p2b: rrr\n|-damage|p1b: Incineroar|61\/100|[from] Recoil\n|move|p1a: Regigigas|Earthquake|p2a: hank|[spread] p1b,p2a\n|-supereffective|p1b: Incineroar\n|-supereffective|p2a: hank\n|-damage|p1b: Incineroar|0 fnt\n|-damage|p2a: hank|36\/100\n|faint|p1b: Incineroar\n|move|p2a: hank|Earth Power|p1a: Regigigas\n|-damage|p1a: Regigigas|41\/100\n|\n|-heal|p1a: Regigigas|47\/100|[from] item: Leftovers\n|upkeep\n|turn|14\n|\n|t:|1695752307\n|move|p1a: Regigigas|Protect|p1a: Regigigas\n|-singleturn|p1a: Regigigas|Protect\n|move|p2a: hank|Earth Power|p1a: Regigigas\n|-activate|p1a: Regigigas|move: Protect\n|\n|-heal|p1a: Regigigas|53\/100|[from] item: Leftovers\n|-end|p1a: Regigigas|Slow Start\n|upkeep\n|turn|15\n|\n|t:|1695752313\n|move|p1a: Regigigas|Earthquake|p2a: hank\n|-supereffective|p2a: hank\n|-damage|p2a: hank|0 fnt\n|faint|p2a: hank\n|\n|win|icybro12\n|raw|icybro12's rating: 1070 &rarr; <strong>1100<\/strong><br \/>(+30 for winning)\n|raw|Kyus's rating: 1079 &rarr; <strong>1057<\/strong><br \/>(-22 for losing)\n|l|\u2606Kyus\n|c|\u2606icybro12|gg\n","uploadtime":1695752323,"views":12,"p1id":"icybro12","p2id":"kyus","formatid":"gen9nationaldexdoubles","rating":1057,"private":0,"password":""}