{"id":"gen9nationaldexdoubles-1980387896","p1":"ItsMonon","p2":"Turo's assistant","format":"[Gen 9] National Dex Doubles","log":"|j|\u2606ItsMonon\n|j|\u2606Turo's assistant\n|t:|1698780551\n|gametype|doubles\n|player|p1|ItsMonon|pokekid|1058\n|player|p2|Turo's assistant|acerola-masters|1209\n|teamsize|p1|6\n|teamsize|p2|6\n|gen|9\n|tier|[Gen 9] National Dex Doubles\n|rated|\n|rule|HP Percentage Mod: HP is shown in percentages\n|rule|Endless Battle Clause: Forcing endless battles is banned\n|rule|OHKO Clause: OHKO moves are banned\n|rule|Evasion Moves Clause: Evasion moves are banned\n|rule|Evasion Abilities Clause: Evasion abilities are banned\n|rule|Species Clause: Limit one of each Pok\u00e9mon\n|rule|Gravity Sleep Clause: The combination of sleep-inducing moves with imperfect accuracy and Gravity or Gigantamax Orbeetle are banned\n|clearpoke\n|poke|p1|Scovillain, M|\n|poke|p1|Indeedee-F, F|\n|poke|p1|Armarouge, M|\n|poke|p1|Amoonguss, F|\n|poke|p1|Sinistcha|\n|poke|p1|Iron Hands|\n|poke|p2|Cinccino, M|\n|poke|p2|Espathra, F|\n|poke|p2|Indeedee-F, F|\n|poke|p2|Aerodactyl, F|\n|poke|p2|Zamazenta-*|\n|poke|p2|Flutter Mane|\n|teampreview\n|inactive|Battle timer is ON: inactive players will automatically lose when time's up. (requested by Turo's assistant)\n|\n|t:|1698780568\n|start\n|switch|p1a: Scovillain|Scovillain, M|100\/100\n|switch|p1b: Indeedee|Indeedee-F, F|100\/100\n|switch|p2a: Aerodactyl|Aerodactyl, F|100\/100\n|switch|p2b: Cinccino|Cinccino, M|100\/100\n|-fieldstart|move: Psychic Terrain|[from] ability: Psychic Surge|[of] p1b: Indeedee\n|turn|1\n|\n|t:|1698780586\n|detailschange|p2a: Aerodactyl|Aerodactyl-Mega, F\n|-mega|p2a: Aerodactyl|Aerodactyl|Aerodactylite\n|move|p1b: Indeedee|Follow Me|p1b: Indeedee\n|-singleturn|p1b: Indeedee|move: Follow Me\n|move|p2a: Aerodactyl|Dual Wingbeat|p1b: Indeedee\n|-damage|p1b: Indeedee|60\/100\n|-damage|p1b: Indeedee|22\/100\n|-hitcount|p1b: Indeedee|2\n|move|p2b: Cinccino|Tail Slap|p1b: Indeedee\n|-damage|p1b: Indeedee|12\/100\n|-damage|p1b: Indeedee|1\/100\n|-damage|p1b: Indeedee|0 fnt\n|faint|p1b: Indeedee\n|-hitcount|p1: Indeedee|3\n|move|p1a: Scovillain|Substitute|p1a: Scovillain\n|-start|p1a: Scovillain|Substitute\n|-damage|p1a: Scovillain|75\/100\n|\n|-heal|p1a: Scovillain|82\/100|[from] item: Leftovers\n|-ability|p1a: Scovillain|Moody|boost\n|-boost|p1a: Scovillain|spd|2\n|-unboost|p1a: Scovillain|spe|1\n|upkeep\n|\n|t:|1698780607\n|switch|p1b: Armarouge|Armarouge, M|100\/100\n|turn|2\n|\n|t:|1698780614\n|move|p1a: Scovillain|Protect|p1a: Scovillain\n|-singleturn|p1a: Scovillain|Protect\n|move|p2a: Aerodactyl|Rage|p1b: Armarouge\n|-damage|p1b: Armarouge|93\/100\n|-singlemove|p2a: Aerodactyl|Rage\n|-ability|p1b: Armarouge|Weak Armor|boost\n|-unboost|p1b: Armarouge|def|1\n|-boost|p1b: Armarouge|spe|2\n|move|p1b: Armarouge|Iron Defense|p1b: Armarouge\n|-boost|p1b: Armarouge|def|2\n|move|p2b: Cinccino|Tail Slap|p2a: Aerodactyl\n|-resisted|p2a: Aerodactyl\n|-damage|p2a: Aerodactyl|96\/100\n|-boost|p2a: Aerodactyl|atk|1\n|-resisted|p2a: Aerodactyl\n|-damage|p2a: Aerodactyl|92\/100\n|-boost|p2a: Aerodactyl|atk|1\n|-resisted|p2a: Aerodactyl\n|-damage|p2a: Aerodactyl|88\/100\n|-boost|p2a: Aerodactyl|atk|1\n|-resisted|p2a: Aerodactyl\n|-damage|p2a: Aerodactyl|83\/100\n|-boost|p2a: Aerodactyl|atk|1\n|-resisted|p2a: Aerodactyl\n|-damage|p2a: Aerodactyl|78\/100\n|-boost|p2a: Aerodactyl|atk|1\n|-hitcount|p2a: Aerodactyl|5\n|\n|-heal|p1b: Armarouge|99\/100|[from] item: Leftovers\n|-heal|p1a: Scovillain|88\/100|[from] item: Leftovers\n|-ability|p1a: Scovillain|Moody|boost\n|-boost|p1a: Scovillain|atk|2\n|-unboost|p1a: Scovillain|def|1\n|upkeep\n|turn|3\n|\n|t:|1698780631\n|move|p2a: Aerodactyl|Rock Slide|p1a: Scovillain|[spread] p1b\n|-miss|p2a: Aerodactyl|p1a: Scovillain\n|-supereffective|p1b: Armarouge\n|-damage|p1b: Armarouge|0 fnt\n|faint|p1b: Armarouge\n|move|p2b: Cinccino|Encore|p1a: Scovillain\n|-start|p1a: Scovillain|Encore\n|move|p1a: Scovillain|Protect||[still]\n|-fail|p1a: Scovillain\n|\n|-heal|p1a: Scovillain|94\/100|[from] item: Leftovers\n|-ability|p1a: Scovillain|Moody|boost\n|-boost|p1a: Scovillain|def|2\n|-unboost|p1a: Scovillain|spd|1\n|upkeep\n|\n|t:|1698780641\n|switch|p1b: Iron Hands|Iron Hands|100\/100\n|turn|4\n|\n|t:|1698780649\n|move|p1a: Scovillain|Protect|p1a: Scovillain\n|-singleturn|p1a: Scovillain|Protect\n|move|p1b: Iron Hands|Fake Out|p2a: Aerodactyl\n|-hint|Psychic Terrain doesn't affect Pok\u00e9mon immune to Ground.\n|-resisted|p2a: Aerodactyl\n|-damage|p2a: Aerodactyl|69\/100\n|cant|p2a: Aerodactyl|flinch\n|move|p2b: Cinccino|Charm|p1b: Iron Hands\n|-unboost|p1b: Iron Hands|atk|2\n|\n|-heal|p1a: Scovillain|100\/100|[from] item: Leftovers\n|-ability|p1a: Scovillain|Moody|boost\n|-boost|p1a: Scovillain|def|2\n|-unboost|p1a: Scovillain|spe|1\n|upkeep\n|turn|5\n|\n|t:|1698780670\n|move|p1a: Scovillain|Protect|p1a: Scovillain\n|-singleturn|p1a: Scovillain|Protect\n|move|p2a: Aerodactyl|Earthquake|p1a: Scovillain|[spread] p2b,p1b\n|-activate|p1a: Scovillain|move: Protect\n|-supereffective|p1b: Iron Hands\n|-enditem|p2b: Cinccino|Focus Sash\n|-damage|p2b: Cinccino|1\/100\n|-damage|p1b: Iron Hands|0 fnt\n|faint|p1b: Iron Hands\n|-end|p1b: Iron Hands|Quark Drive|[silent]\n|move|p2b: Cinccino|Encore|p1a: Scovillain\n|-activate|p1a: Scovillain|move: Protect\n|\n|-end|p1a: Scovillain|Encore\n|-fieldend|move: Psychic Terrain\n|-ability|p1a: Scovillain|Moody|boost\n|-boost|p1a: Scovillain|atk|2\n|-unboost|p1a: Scovillain|def|1\n|upkeep\n|inactive|ItsMonon has 120 seconds left.\n|\n|t:|1698780685\n|switch|p1b: Amoonguss|Amoonguss, F|100\/100\n|turn|6\n|\n|t:|1698780695\n|move|p2a: Aerodactyl|Rock Slide|p1b: Amoonguss|[spread] p1a,p1b\n|-supereffective|p1a: Scovillain\n|-end|p1a: Scovillain|Substitute\n|-damage|p1b: Amoonguss|0 fnt\n|faint|p1b: Amoonguss\n|move|p2b: Cinccino|Tail Slap|p1a: Scovillain\n|-damage|p1a: Scovillain|94\/100\n|-damage|p1a: Scovillain|88\/100\n|-crit|p1a: Scovillain\n|-damage|p1a: Scovillain|70\/100\n|-crit|p1a: Scovillain\n|-damage|p1a: Scovillain|53\/100\n|-damage|p1a: Scovillain|47\/100\n|-hitcount|p1a: Scovillain|5\n|move|p1a: Scovillain|Fire Blast|p2a: Aerodactyl\n|-resisted|p2a: Aerodactyl\n|-damage|p2a: Aerodactyl|38\/100\n|\n|-heal|p1a: Scovillain|53\/100|[from] item: Leftovers\n|-ability|p1a: Scovillain|Moody|boost\n|-boost|p1a: Scovillain|atk|2\n|-unboost|p1a: Scovillain|def|1\n|upkeep\n|\n|t:|1698780710\n|switch|p1b: Sinistcha|Sinistcha|100\/100\n|-heal|p1a: Scovillain|78\/100|[from] ability: Hospitality|[of] p1b: Sinistcha\n|turn|7\n|\n|t:|1698780718\n|move|p1a: Scovillain|Protect|p1a: Scovillain\n|-singleturn|p1a: Scovillain|Protect\n|move|p2a: Aerodactyl|Rock Slide|p1b: Sinistcha|[spread] \n|-activate|p1a: Scovillain|move: Protect\n|-miss|p2a: Aerodactyl|p1b: Sinistcha\n|move|p2b: Cinccino|Encore|p1a: Scovillain\n|-activate|p1a: Scovillain|move: Protect\n|move|p1b: Sinistcha|Matcha Gotcha|p2b: Cinccino|[spread] p2a,p2b\n|-damage|p2a: Aerodactyl|0 fnt\n|-damage|p2b: Cinccino|0 fnt\n|faint|p2a: Aerodactyl\n|faint|p2b: Cinccino\n|\n|-heal|p1a: Scovillain|84\/100|[from] item: Leftovers\n|-ability|p1a: Scovillain|Moody|boost\n|-boost|p1a: Scovillain|spd|2\n|-unboost|p1a: Scovillain|spe|1\n|upkeep\n|\n|t:|1698780726\n|switch|p2a: Indeedee|Indeedee-F, F|100\/100\n|switch|p2b: Espathra|Espathra, F|100\/100\n|-fieldstart|move: Psychic Terrain|[from] ability: Psychic Surge|[of] p2a: Indeedee\n|-enditem|p2a: Indeedee|Psychic Seed\n|-boost|p2a: Indeedee|spd|1|[from] item: Psychic Seed\n|turn|8\n|\n|t:|1698780743\n|-terastallize|p2b: Espathra|Psychic\n|-terastallize|p1a: Scovillain|Steel\n|move|p2b: Espathra|Lumina Crash|p1a: Scovillain\n|-resisted|p1a: Scovillain\n|-damage|p1a: Scovillain|68\/100\n|-unboost|p1a: Scovillain|spd|2\n|move|p2a: Indeedee|Expanding Force|p1b: Sinistcha|[spread] p1a,p1b\n|-resisted|p1a: Scovillain\n|-damage|p1a: Scovillain|46\/100\n|-damage|p1b: Sinistcha|44\/100\n|move|p1b: Sinistcha|Shadow Ball|p2b: Espathra\n|-supereffective|p2b: Espathra\n|-damage|p2b: Espathra|0 fnt\n|faint|p2b: Espathra\n|move|p1a: Scovillain|Substitute|p1a: Scovillain\n|-start|p1a: Scovillain|Substitute\n|-damage|p1a: Scovillain|21\/100\n|\n|-heal|p1b: Sinistcha|50\/100|[from] item: Leftovers\n|-heal|p1a: Scovillain|27\/100|[from] item: Leftovers\n|-ability|p1a: Scovillain|Moody|boost\n|-boost|p1a: Scovillain|spe|2\n|-unboost|p1a: Scovillain|spd|1\n|upkeep\n|inactive|Turo's assistant has 120 seconds left.\n|\n|t:|1698780764\n|switch|p2b: Zamazenta|Zamazenta|100\/100\n|-ability|p2b: Zamazenta|Dauntless Shield|boost\n|-boost|p2b: Zamazenta|def|1\n|turn|9\n|\n|t:|1698780773\n|move|p2b: Zamazenta|Crunch|p1b: Sinistcha\n|-supereffective|p1b: Sinistcha\n|-damage|p1b: Sinistcha|0 fnt\n|faint|p1b: Sinistcha\n|move|p2a: Indeedee|Expanding Force|p1a: Scovillain\n|-resisted|p1a: Scovillain\n|-end|p1a: Scovillain|Substitute\n|move|p1a: Scovillain|Fire Blast|p2b: Zamazenta\n|-damage|p2b: Zamazenta|54\/100\n|-status|p2b: Zamazenta|brn\n|\n|-heal|p1a: Scovillain|34\/100|[from] item: Leftovers\n|-damage|p2b: Zamazenta|48\/100 brn|[from] brn\n|-ability|p1a: Scovillain|Moody|boost\n|-boost|p1a: Scovillain|spa|2\n|-unboost|p1a: Scovillain|atk|1\n|upkeep\n|turn|10\n|\n|t:|1698780787\n|move|p1a: Scovillain|Protect|p1a: Scovillain\n|-singleturn|p1a: Scovillain|Protect\n|move|p2b: Zamazenta|Crunch|p1a: Scovillain\n|-activate|p1a: Scovillain|move: Protect\n|move|p2a: Indeedee|Heal Pulse|p2b: Zamazenta\n|-heal|p2b: Zamazenta|98\/100 brn\n|\n|-heal|p1a: Scovillain|40\/100|[from] item: Leftovers\n|-damage|p2b: Zamazenta|92\/100 brn|[from] brn\n|-ability|p1a: Scovillain|Moody|boost\n|-boost|p1a: Scovillain|spa|2\n|-unboost|p1a: Scovillain|atk|1\n|upkeep\n|turn|11\n|c|\u2606Turo's assistant|ggs\n|\n|t:|1698780797\n|move|p2a: Indeedee|Helping Hand|p2b: Zamazenta\n|-singleturn|p2b: Zamazenta|Helping Hand|[of] p2a: Indeedee\n|move|p2b: Zamazenta|Crunch|p1a: Scovillain\n|-damage|p1a: Scovillain|8\/100\n|-unboost|p1a: Scovillain|def|1\n|move|p1a: Scovillain|Fire Blast|p2b: Zamazenta\n|-damage|p2b: Zamazenta|0 fnt\n|faint|p2b: Zamazenta\n|\n|-heal|p1a: Scovillain|14\/100|[from] item: Leftovers\n|-ability|p1a: Scovillain|Moody|boost\n|-boost|p1a: Scovillain|def|2\n|-unboost|p1a: Scovillain|spd|1\n|upkeep\n|\n|t:|1698780800\n|switch|p2b: Flutter Mane|Flutter Mane|100\/100\n|-enditem|p2b: Flutter Mane|Booster Energy\n|-activate|p2b: Flutter Mane|ability: Protosynthesis|[fromitem]\n|-start|p2b: Flutter Mane|protosynthesisspe\n|turn|12\n|\n|t:|1698780807\n|move|p1a: Scovillain|Protect|p1a: Scovillain\n|-singleturn|p1a: Scovillain|Protect\n|move|p2b: Flutter Mane|Shadow Ball|p1a: Scovillain\n|-activate|p1a: Scovillain|move: Protect\n|move|p2a: Indeedee|Expanding Force|p1a: Scovillain\n|-activate|p1a: Scovillain|move: Protect\n|\n|-heal|p1a: Scovillain|20\/100|[from] item: Leftovers\n|-fieldend|move: Psychic Terrain\n|-ability|p1a: Scovillain|Moody|boost\n|-boost|p1a: Scovillain|def|2\n|-unboost|p1a: Scovillain|spd|1\n|upkeep\n|turn|13\n|\n|t:|1698780817\n|move|p2a: Indeedee|Follow Me|p2a: Indeedee\n|-singleturn|p2a: Indeedee|move: Follow Me\n|move|p2b: Flutter Mane|Shadow Ball|p1a: Scovillain\n|-damage|p1a: Scovillain|0 fnt\n|faint|p1a: Scovillain\n|\n|win|Turo's assistant\n|raw|ItsMonon's rating: 1058 &rarr; <strong>1047<\/strong><br \/>(-11 for losing)\n|raw|Turo&apos;s assistant's rating: 1209 &rarr; <strong>1224<\/strong><br \/>(+15 for winning)\n","uploadtime":1698780822,"views":13,"p1id":"itsmonon","p2id":"turosassistant","formatid":"gen9nationaldexdoubles","rating":1047,"private":0,"password":""}