{"id":"gen9nationaldexdoubles-1982126582","p1":"eaemanin","p2":"Gayamore","format":"[Gen 9] National Dex Doubles","log":"|j|\u2606eaemanin\n|j|\u2606Gayamore\n|t:|1698970573\n|gametype|doubles\n|player|p1|eaemanin|giovanni|1297\n|player|p2|Gayamore|cheryl|1155\n|teamsize|p1|6\n|teamsize|p2|6\n|gen|9\n|tier|[Gen 9] National Dex Doubles\n|rated|\n|rule|HP Percentage Mod: HP is shown in percentages\n|rule|Endless Battle Clause: Forcing endless battles is banned\n|rule|OHKO Clause: OHKO moves are banned\n|rule|Evasion Moves Clause: Evasion moves are banned\n|rule|Evasion Abilities Clause: Evasion abilities are banned\n|rule|Species Clause: Limit one of each Pok\u00e9mon\n|rule|Gravity Sleep Clause: The combination of sleep-inducing moves with imperfect accuracy and Gravity or Gigantamax Orbeetle are banned\n|clearpoke\n|poke|p1|Charizard, M|\n|poke|p1|Lilligant-Hisui, F|\n|poke|p1|Ceruledge, F|\n|poke|p1|Heatran, M|\n|poke|p1|Walking Wake|\n|poke|p1|Torkoal, F|\n|poke|p2|Barraskewda, F|\n|poke|p2|Fezandipiti, M|\n|poke|p2|Infernape, F|\n|poke|p2|Skuntank, M|\n|poke|p2|Tinkaton, F|\n|poke|p2|Bisharp, F|\n|teampreview\n|inactive|Battle timer is ON: inactive players will automatically lose when time's up. (requested by Gayamore)\n|\n|t:|1698970593\n|start\n|switch|p1a: Charizard|Charizard, M, shiny|100\/100\n|switch|p1b: Lilligant|Lilligant-Hisui, F, shiny|100\/100\n|switch|p2a: Barraskewda|Barraskewda, F|100\/100\n|switch|p2b: Tinkaton|Tinkaton, F|100\/100\n|-ability|p2b: Tinkaton|Mold Breaker\n|turn|1\n|inactive|Gayamore has 120 seconds left.\n|\n|t:|1698970623\n|detailschange|p1a: Charizard|Charizard-Mega-Y, M, shiny\n|-mega|p1a: Charizard|Charizard|Charizardite Y\n|-weather|SunnyDay|[from] ability: Drought|[of] p1a: Charizard\n|-terastallize|p2a: Barraskewda|Water\n|move|p2b: Tinkaton|Fake Out|p1b: Lilligant\n|-damage|p1b: Lilligant|83\/100\n|cant|p1b: Lilligant|flinch\n|move|p2a: Barraskewda|Liquidation|p1a: Charizard\n|-supereffective|p1a: Charizard\n|-damage|p1a: Charizard|0 fnt\n|faint|p1a: Charizard\n|\n|-weather|SunnyDay|[upkeep]\n|upkeep\n|\n|t:|1698970638\n|switch|p1a: Ceruledge|Ceruledge, F, shiny|100\/100\n|turn|2\n|\n|t:|1698970652\n|move|p1b: Lilligant|Solar Blade||[still]\n|-prepare|p1b: Lilligant|Solar Blade\n|-anim|p1b: Lilligant|Solar Blade|p2a: Barraskewda\n|-supereffective|p2a: Barraskewda\n|-damage|p2a: Barraskewda|0 fnt\n|faint|p2a: Barraskewda\n|-damage|p1b: Lilligant|74\/100|[from] item: Life Orb\n|move|p1a: Ceruledge|Swords Dance|p1a: Ceruledge\n|-boost|p1a: Ceruledge|atk|2\n|move|p2b: Tinkaton|Gigaton Hammer|p1a: Ceruledge\n|-resisted|p1a: Ceruledge\n|-damage|p1a: Ceruledge|59\/100\n|-ability|p1a: Ceruledge|Weak Armor|boost\n|-unboost|p1a: Ceruledge|def|1\n|-boost|p1a: Ceruledge|spe|2\n|\n|-weather|SunnyDay|[upkeep]\n|upkeep\n|\n|t:|1698970670\n|switch|p2a: Bisharp|Bisharp, F|100\/100\n|turn|3\n|\n|t:|1698970680\n|move|p2a: Bisharp|Sucker Punch|p1a: Ceruledge\n|-supereffective|p1a: Ceruledge\n|-damage|p1a: Ceruledge|0 fnt\n|faint|p1a: Ceruledge\n|move|p1b: Lilligant|Close Combat|p2a: Bisharp\n|-supereffective|p2a: Bisharp\n|-damage|p2a: Bisharp|0 fnt\n|-unboost|p1b: Lilligant|def|1\n|-unboost|p1b: Lilligant|spd|1\n|faint|p2a: Bisharp\n|-damage|p1b: Lilligant|64\/100|[from] item: Life Orb\n|move|p2b: Tinkaton|Play Rough|p1b: Lilligant\n|-supereffective|p1b: Lilligant\n|-damage|p1b: Lilligant|0 fnt\n|faint|p1b: Lilligant\n|\n|-weather|SunnyDay|[upkeep]\n|upkeep\n|\n|t:|1698970706\n|switch|p1b: Walking Wake|Walking Wake|100\/100\n|switch|p1a: Heatran|Heatran, M, shiny|100\/100\n|switch|p2a: Infernape|Infernape, F|100\/100\n|-activate|p1b: Walking Wake|ability: Protosynthesis\n|-start|p1b: Walking Wake|protosynthesisspa\n|turn|4\n|\n|t:|1698970727\n|move|p2a: Infernape|Fake Out|p1b: Walking Wake\n|-damage|p1b: Walking Wake|86\/100\n|cant|p1b: Walking Wake|flinch\n|move|p2b: Tinkaton|Play Rough|p1b: Walking Wake\n|-supereffective|p1b: Walking Wake\n|-damage|p1b: Walking Wake|6\/100\n|move|p1a: Heatran|Eruption|p2b: Tinkaton|[spread] p2a,p2b\n|-resisted|p2a: Infernape\n|-supereffective|p2b: Tinkaton\n|-damage|p2a: Infernape|33\/100\n|-damage|p2b: Tinkaton|0 fnt\n|faint|p2b: Tinkaton\n|\n|-weather|SunnyDay|[upkeep]\n|upkeep\n|inactive|Gayamore has 120 seconds left.\n|\n|t:|1698970749\n|switch|p2b: Fezandipiti|Fezandipiti, M|100\/100\n|turn|5\n|\n|t:|1698970768\n|move|p1b: Walking Wake|Hydro Steam|p2a: Infernape\n|-supereffective|p2a: Infernape\n|-damage|p2a: Infernape|0 fnt\n|faint|p2a: Infernape\n|-damage|p1b: Walking Wake|0 fnt|[from] item: Life Orb\n|faint|p1b: Walking Wake\n|-end|p1b: Walking Wake|Protosynthesis|[silent]\n|move|p2b: Fezandipiti|Play Rough|p1a: Heatran|[miss]\n|-miss|p2b: Fezandipiti|p1a: Heatran\n|move|p1a: Heatran|Flash Cannon|p2b: Fezandipiti\n|-supereffective|p2b: Fezandipiti\n|-damage|p2b: Fezandipiti|22\/100\n|\n|-weather|none\n|upkeep\n|\n|t:|1698970797\n|switch|p1b: Torkoal|Torkoal, F, shiny|100\/100\n|switch|p2a: Skuntank|Skuntank, M|100\/100\n|-weather|SunnyDay|[from] ability: Drought|[of] p1b: Torkoal\n|turn|6\n|\n|t:|1698970822\n|move|p2a: Skuntank|Smokescreen|p1a: Heatran\n|-unboost|p1a: Heatran|accuracy|1\n|-zpower|p2b: Fezandipiti\n|move|p2b: Fezandipiti|Twinkle Tackle|p1b: Torkoal|[zeffect]\n|-resisted|p1b: Torkoal\n|-damage|p1b: Torkoal|74\/100\n|move|p1a: Heatran|Eruption|p2b: Fezandipiti|[spread] p2a,p2b\n|-damage|p2a: Skuntank|0 fnt\n|-damage|p2b: Fezandipiti|0 fnt\n|faint|p2a: Skuntank\n|faint|p2b: Fezandipiti\n|\n|win|eaemanin\n|raw|eaemanin's rating: 1297 &rarr; <strong>1312<\/strong><br \/>(+15 for winning)\n|raw|Gayamore's rating: 1155 &rarr; <strong>1140<\/strong><br \/>(-15 for losing)\n|c|\u2606eaemanin|gg\n|l|\u2606eaemanin\n|l|\u2606Gayamore\n","uploadtime":1698970854,"views":11,"p1id":"eaemanin","p2id":"gayamore","formatid":"gen9nationaldexdoubles","rating":1140,"private":0,"password":""}