{"id":"gen9nationaldexdoubles-1995874652","p1":"como es ratom","p2":"luijoroma","format":"[Gen 9] National Dex Doubles","log":"|j|\u2606como es ratom\n|j|\u2606luijoroma\n|t:|1700612284\n|gametype|doubles\n|player|p1|como es ratom|janitor|1161\n|player|p2|luijoroma|lucas-gen4pt|1054\n|teamsize|p1|6\n|teamsize|p2|6\n|gen|9\n|tier|[Gen 9] National Dex Doubles\n|rated|\n|rule|HP Percentage Mod: HP is shown in percentages\n|rule|Endless Battle Clause: Forcing endless battles is banned\n|rule|OHKO Clause: OHKO moves are banned\n|rule|Evasion Moves Clause: Evasion moves are banned\n|rule|Evasion Abilities Clause: Evasion abilities are banned\n|rule|Species Clause: Limit one of each Pok\u00e9mon\n|rule|Gravity Sleep Clause: The combination of sleep-inducing moves with imperfect accuracy and Gravity or Gigantamax Orbeetle are banned\n|clearpoke\n|poke|p1|Rotom-Heat|\n|poke|p1|Latios, M|\n|poke|p1|Gastrodon, F|\n|poke|p1|Tyranitar, M|\n|poke|p1|Hitmontop, M|\n|poke|p1|Scizor, F|\n|poke|p2|Skeledirge, M|\n|poke|p2|Tinkaton, F|\n|poke|p2|Milotic, F|\n|poke|p2|Baxcalibur, M|\n|poke|p2|Garchomp, M|\n|poke|p2|Iron Valiant|\n|teampreview\n|inactive|Battle timer is ON: inactive players will automatically lose when time's up. (requested by como es ratom)\n|\n|t:|1700612296\n|start\n|switch|p1a: JJ|Gastrodon, F|100\/100\n|switch|p1b: Latios|Latios, M|100\/100\n|switch|p2a: Tinkaton|Tinkaton, F|100\/100\n|switch|p2b: Baxcalibur|Baxcalibur, M|100\/100\n|-ability|p2a: Tinkaton|Mold Breaker\n|turn|1\n|\n|t:|1700612313\n|move|p1b: Latios|Surf|p2b: Baxcalibur|[spread] p2a,p2b\n|-ability|p1a: JJ|Storm Drain|boost\n|-boost|p1a: JJ|spa|1\n|-resisted|p2b: Baxcalibur\n|-damage|p2a: Tinkaton|71\/100\n|-damage|p2b: Baxcalibur|85\/100\n|-damage|p1b: Latios|91\/100|[from] item: Life Orb\n|move|p2a: Tinkaton|Gigaton Hammer|p1b: Latios\n|-damage|p1b: Latios|0 fnt\n|faint|p1b: Latios\n|move|p2b: Baxcalibur|Icicle Spear|p1a: JJ\n|-damage|p1a: JJ|87\/100\n|-damage|p1a: JJ|73\/100\n|-damage|p1a: JJ|59\/100\n|-damage|p1a: JJ|44\/100\n|-damage|p1a: JJ|31\/100\n|-hitcount|p1a: JJ|5\n|move|p1a: JJ|Earth Power|p2a: Tinkaton\n|-supereffective|p2a: Tinkaton\n|-damage|p2a: Tinkaton|0 fnt\n|faint|p2a: Tinkaton\n|\n|-heal|p1a: JJ|37\/100|[from] item: Leftovers\n|upkeep\n|\n|t:|1700612337\n|switch|p1b: arca|Scizor, F|100\/100\n|switch|p2a: Skeledirge|Skeledirge, M|100\/100\n|turn|2\n|\n|t:|1700612351\n|switch|p1b: Rotom|Rotom-Heat|100\/100\n|move|p2b: Baxcalibur|Icicle Spear|p1a: JJ\n|-damage|p1a: JJ|23\/100\n|-damage|p1a: JJ|9\/100\n|-crit|p1a: JJ\n|-damage|p1a: JJ|0 fnt\n|faint|p1a: JJ\n|-hitcount|p1: JJ|3\n|move|p2a: Skeledirge|Torch Song|p1b: Rotom\n|-resisted|p1b: Rotom\n|-damage|p1b: Rotom|80\/100\n|-boost|p2a: Skeledirge|spa|1\n|\n|upkeep\n|\n|t:|1700612363\n|switch|p1a: Titar|Tyranitar, M|100\/100\n|-weather|Sandstorm|[from] ability: Sand Stream|[of] p1a: Titar\n|turn|3\n|\n|t:|1700612385\n|-terastallize|p2a: Skeledirge|Water\n|move|p2b: Baxcalibur|Icicle Spear|p1a: Titar\n|-damage|p1a: Titar|87\/100\n|-damage|p1a: Titar|75\/100\n|-damage|p1a: Titar|60\/100\n|-damage|p1a: Titar|48\/100\n|-hitcount|p1a: Titar|4\n|move|p1b: Rotom|Volt Switch|p2b: Baxcalibur\n|-resisted|p2b: Baxcalibur\n|-damage|p2b: Baxcalibur|59\/100\n|\n|t:|1700612395\n|switch|p1b: Hitmontop|Hitmontop, M|100\/100|[from] Volt Switch\n|-ability|p1b: Hitmontop|Intimidate|boost\n|-unboost|p2a: Skeledirge|atk|1\n|-unboost|p2b: Baxcalibur|atk|1\n|move|p1a: Titar|Rock Slide|p2a: Skeledirge|[spread] p2a,p2b\n|-supereffective|p2b: Baxcalibur\n|-damage|p2a: Skeledirge|82\/100\n|-damage|p2b: Baxcalibur|0 fnt\n|faint|p2b: Baxcalibur\n|move|p2a: Skeledirge|Earth Power|p1b: Hitmontop\n|-damage|p1b: Hitmontop|62\/100\n|\n|-weather|Sandstorm|[upkeep]\n|-damage|p2a: Skeledirge|75\/100|[from] Sandstorm\n|-damage|p1b: Hitmontop|56\/100|[from] Sandstorm\n|-heal|p2a: Skeledirge|82\/100|[from] item: Leftovers\n|upkeep\n|\n|t:|1700612413\n|switch|p2b: Milotic|Milotic, F|100\/100\n|turn|4\n|\n|t:|1700612424\n|move|p1b: Hitmontop|Wide Guard|p1b: Hitmontop\n|-singleturn|p1b: Hitmontop|Wide Guard\n|move|p1a: Titar|Rock Slide|p2a: Skeledirge|[spread] p2a,p2b\n|-damage|p2a: Skeledirge|62\/100\n|-damage|p2b: Milotic|71\/100\n|move|p2b: Milotic|Scald|p1a: Titar\n|-supereffective|p1a: Titar\n|-damage|p1a: Titar|11\/100\n|move|p2a: Skeledirge|Earth Power|p1b: Hitmontop\n|-damage|p1b: Hitmontop|17\/100\n|-enditem|p1b: Hitmontop|Sitrus Berry|[eat]\n|-heal|p1b: Hitmontop|42\/100|[from] item: Sitrus Berry\n|\n|-weather|Sandstorm|[upkeep]\n|-damage|p2b: Milotic|64\/100|[from] Sandstorm\n|-damage|p2a: Skeledirge|56\/100|[from] Sandstorm\n|-damage|p1b: Hitmontop|36\/100|[from] Sandstorm\n|-heal|p2a: Skeledirge|62\/100|[from] item: Leftovers\n|-status|p2b: Milotic|brn|[from] item: Flame Orb\n|upkeep\n|turn|5\n|\n|t:|1700612448\n|move|p1a: Titar|Rock Slide|p2b: Milotic|[spread] p2a\n|-miss|p1a: Titar|p2b: Milotic\n|-damage|p2a: Skeledirge|42\/100\n|move|p2b: Milotic|Aqua Ring|p2b: Milotic\n|-start|p2b: Milotic|Aqua Ring\n|move|p2a: Skeledirge|Slack Off|p2a: Skeledirge\n|-heal|p2a: Skeledirge|92\/100\n|move|p1b: Hitmontop|Close Combat|p2a: Skeledirge\n|-damage|p2a: Skeledirge|55\/100\n|-unboost|p1b: Hitmontop|def|1\n|-unboost|p1b: Hitmontop|spd|1\n|\n|-weather|Sandstorm|[upkeep]\n|-damage|p2b: Milotic|58\/100 brn|[from] Sandstorm\n|-damage|p2a: Skeledirge|49\/100|[from] Sandstorm\n|-damage|p1b: Hitmontop|30\/100|[from] Sandstorm\n|-heal|p2a: Skeledirge|55\/100|[from] item: Leftovers\n|-heal|p2b: Milotic|64\/100 brn|[from] Aqua Ring\n|-damage|p2b: Milotic|58\/100 brn|[from] brn\n|upkeep\n|turn|6\n|\n|t:|1700612470\n|move|p1b: Hitmontop|Wide Guard|p1b: Hitmontop\n|-singleturn|p1b: Hitmontop|Wide Guard\n|move|p1a: Titar|Rock Slide|p2b: Milotic|[spread] p2a,p2b\n|-damage|p2a: Skeledirge|35\/100\n|-damage|p2b: Milotic|36\/100 brn\n|move|p2b: Milotic|Recover|p2b: Milotic\n|-heal|p2b: Milotic|86\/100 brn\n|move|p2a: Skeledirge|Slack Off|p2a: Skeledirge\n|-heal|p2a: Skeledirge|85\/100\n|\n|-weather|Sandstorm|[upkeep]\n|-damage|p2b: Milotic|80\/100 brn|[from] Sandstorm\n|-damage|p2a: Skeledirge|79\/100|[from] Sandstorm\n|-damage|p1b: Hitmontop|24\/100|[from] Sandstorm\n|-heal|p2a: Skeledirge|85\/100|[from] item: Leftovers\n|-heal|p2b: Milotic|86\/100 brn|[from] Aqua Ring\n|-damage|p2b: Milotic|80\/100 brn|[from] brn\n|upkeep\n|turn|7\n|\n|t:|1700612493\n|move|p1a: Titar|Rock Slide|p2b: Milotic|[spread] p2a,p2b\n|-damage|p2a: Skeledirge|66\/100\n|-damage|p2b: Milotic|60\/100 brn\n|move|p2b: Milotic|Ice Beam|p1a: Titar\n|-damage|p1a: Titar|0 fnt\n|faint|p1a: Titar\n|move|p2a: Skeledirge|Torch Song|p1b: Hitmontop\n|-damage|p1b: Hitmontop|0 fnt\n|-boost|p2a: Skeledirge|spa|1\n|faint|p1b: Hitmontop\n|\n|-weather|none\n|-heal|p2a: Skeledirge|72\/100|[from] item: Leftovers\n|-heal|p2b: Milotic|66\/100 brn|[from] Aqua Ring\n|-damage|p2b: Milotic|60\/100 brn|[from] brn\n|upkeep\n|\n|t:|1700612501\n|switch|p1a: arca|Scizor, F|100\/100\n|switch|p1b: Rotom|Rotom-Heat|80\/100\n|turn|8\n|\n|t:|1700612517\n|move|p1a: arca|Bullet Punch|p2a: Skeledirge\n|-resisted|p2a: Skeledirge\n|-damage|p2a: Skeledirge|56\/100\n|move|p1b: Rotom|Thunderbolt|p2b: Milotic\n|-supereffective|p2b: Milotic\n|-damage|p2b: Milotic|0 fnt\n|faint|p2b: Milotic\n|move|p2a: Skeledirge|Torch Song|p1a: arca\n|-supereffective|p1a: arca\n|-damage|p1a: arca|0 fnt\n|-boost|p2a: Skeledirge|spa|1\n|faint|p1a: arca\n|\n|-heal|p2a: Skeledirge|62\/100|[from] item: Leftovers\n|upkeep\n|-message|como es ratom forfeited.\n|\n|win|luijoroma\n|raw|como es ratom's rating: 1161 &rarr; <strong>1127<\/strong><br \/>(-34 for losing)\n|raw|luijoroma's rating: 1033 &rarr; <strong>1080<\/strong><br \/>(+47 for winning)\n|l|\u2606como es ratom\n","uploadtime":1700612539,"views":7,"p1id":"comoesratom","p2id":"luijoroma","formatid":"gen9nationaldexdoubles","rating":1080,"private":0,"password":""}