{"id":"gen9nationaldexdoubles-1972047796","p1":"EpicGuy321","p2":"kitsu-aria","format":"[Gen 9] National Dex Doubles","log":"|j|\u2606EpicGuy321\n|j|\u2606kitsu-aria\n|t:|1697808308\n|gametype|doubles\n|player|p1|EpicGuy321|1|1360\n|player|p2|kitsu-aria|2|1518\n|teamsize|p1|6\n|teamsize|p2|6\n|gen|9\n|tier|[Gen 9] National Dex Doubles\n|rated|\n|rule|HP Percentage Mod: HP is shown in percentages\n|rule|Endless Battle Clause: Forcing endless battles is banned\n|rule|OHKO Clause: OHKO moves are banned\n|rule|Evasion Moves Clause: Evasion moves are banned\n|rule|Evasion Abilities Clause: Evasion abilities are banned\n|rule|Species Clause: Limit one of each Pok\u00e9mon\n|rule|Gravity Sleep Clause: The combination of sleep-inducing moves with imperfect accuracy and Gravity or Gigantamax Orbeetle are banned\n|clearpoke\n|poke|p1|Ogerpon-Cornerstone, F|\n|poke|p1|Incineroar, M|\n|poke|p1|Excadrill, M|\n|poke|p1|Tornadus, M|\n|poke|p1|Flutter Mane|\n|poke|p1|Chien-Pao|\n|poke|p2|Weezing-Galar, M|\n|poke|p2|Palafin, M|\n|poke|p2|Tornadus, M|\n|poke|p2|Kingambit, M|\n|poke|p2|Diancie|\n|poke|p2|Zygarde|\n|teampreview\n|\n|t:|1697808325\n|start\n|switch|p1a: Tornadus|Tornadus, M, shiny|100\/100\n|switch|p1b: Excadrill|Excadrill, M|100\/100\n|switch|p2a: Weezing|Weezing-Galar, M|100\/100\n|switch|p2b: Palafin|Palafin, M|100\/100\n|-ability|p2a: Weezing|Neutralizing Gas\n|turn|1\n|\n|t:|1697808343\n|detailschange|p2b: Palafin|Palafin-Hero, M\n|switch|p2b: Zygarde|Zygarde|100\/100\n|move|p1a: Tornadus|Tailwind|p1a: Tornadus\n|-sidestart|p1: EpicGuy321|move: Tailwind\n|move|p1b: Excadrill|Rock Slide|p2a: Weezing|[spread] p2a,p2b\n|-resisted|p2b: Zygarde\n|-damage|p2a: Weezing|81\/100\n|-damage|p2b: Zygarde|92\/100\n|cant|p2a: Weezing|flinch\n|\n|-heal|p2a: Weezing|87\/100|[from] item: Leftovers\n|upkeep\n|turn|2\n|\n|t:|1697808363\n|move|p1a: Tornadus|Sandstorm|p1a: Tornadus\n|-weather|Sandstorm\n|move|p1b: Excadrill|High Horsepower|p2b: Zygarde\n|-damage|p2b: Zygarde|44\/100\n|move|p2b: Zygarde|Thousand Arrows|p1a: Tornadus|[spread] p1a,p1b\n|-supereffective|p1b: Excadrill\n|-damage|p1a: Tornadus|54\/100\n|-damage|p1b: Excadrill|1\/100\n|-start|p1a: Tornadus|Smack Down\n|move|p2a: Weezing|Will-O-Wisp|p1b: Excadrill\n|-status|p1b: Excadrill|brn\n|\n|-weather|Sandstorm|[upkeep]\n|-damage|p1a: Tornadus|48\/100|[from] Sandstorm\n|-damage|p2a: Weezing|81\/100|[from] Sandstorm\n|-heal|p2a: Weezing|87\/100|[from] item: Leftovers\n|-damage|p1b: Excadrill|0 fnt|[from] brn\n|faint|p1b: Excadrill\n|upkeep\n|\n|t:|1697808377\n|switch|p1b: Flutter Mane|Flutter Mane, shiny|100\/100\n|-enditem|p1b: Flutter Mane|Booster Energy\n|-activate|p1b: Flutter Mane|ability: Protosynthesis|[fromitem]\n|-start|p1b: Flutter Mane|protosynthesisspe\n|turn|3\n|\n|t:|1697808386\n|move|p2b: Zygarde|Protect|p2b: Zygarde\n|-singleturn|p2b: Zygarde|Protect\n|move|p1b: Flutter Mane|Dazzling Gleam|p2b: Zygarde|[spread] p2a\n|-activate|p2b: Zygarde|move: Protect\n|-resisted|p2a: Weezing\n|-damage|p2a: Weezing|74\/100\n|move|p1a: Tornadus|Bleakwind Storm|p2b: Zygarde|[spread] p2a\n|-activate|p2b: Zygarde|move: Protect\n|-damage|p2a: Weezing|45\/100\n|move|p2a: Weezing|Strange Steam|p1b: Flutter Mane\n|-damage|p1b: Flutter Mane|76\/100\n|\n|-weather|Sandstorm|[upkeep]\n|-damage|p1b: Flutter Mane|70\/100|[from] Sandstorm\n|-damage|p1a: Tornadus|42\/100|[from] Sandstorm\n|-damage|p2a: Weezing|39\/100|[from] Sandstorm\n|-heal|p2a: Weezing|45\/100|[from] item: Leftovers\n|upkeep\n|turn|4\n|\n|t:|1697808406\n|switch|p2b: Diancie|Diancie|100\/100\n|move|p2a: Weezing|Protect|p2a: Weezing\n|-singleturn|p2a: Weezing|Protect\n|move|p1b: Flutter Mane|Dazzling Gleam|p2a: Weezing|[spread] p2b\n|-activate|p2a: Weezing|move: Protect\n|-damage|p2b: Diancie|87\/100\n|move|p1a: Tornadus|Bleakwind Storm|p2a: Weezing|[spread] p2b\n|-activate|p2a: Weezing|move: Protect\n|-resisted|p2b: Diancie\n|-damage|p2b: Diancie|81\/100\n|-unboost|p2b: Diancie|spe|1\n|\n|-weather|Sandstorm|[upkeep]\n|-damage|p1b: Flutter Mane|64\/100|[from] Sandstorm\n|-damage|p1a: Tornadus|36\/100|[from] Sandstorm\n|-damage|p2a: Weezing|39\/100|[from] Sandstorm\n|-heal|p2a: Weezing|45\/100|[from] item: Leftovers\n|-heal|p2b: Diancie|87\/100|[from] item: Leftovers\n|-sideend|p1: EpicGuy321|move: Tailwind\n|upkeep\n|turn|5\n|\n|t:|1697808433\n|-end|p1b: Flutter Mane|Protosynthesis|[silent]\n|switch|p1b: Ogerpon|Ogerpon-Cornerstone, F|100\/100\n|move|p1a: Tornadus|Taunt|p2b: Diancie\n|-start|p2b: Diancie|move: Taunt\n|move|p2a: Weezing|Aromatic Mist|p2b: Diancie\n|-boost|p2b: Diancie|spd|1\n|cant|p2b: Diancie|move: Taunt|Trick Room\n|\n|-weather|Sandstorm|[upkeep]\n|-damage|p1a: Tornadus|30\/100|[from] Sandstorm\n|-damage|p2a: Weezing|39\/100|[from] Sandstorm\n|-heal|p2a: Weezing|45\/100|[from] item: Leftovers\n|-heal|p2b: Diancie|93\/100|[from] item: Leftovers\n|upkeep\n|turn|6\n|\n|t:|1697808446\n|move|p1a: Tornadus|Bleakwind Storm|p2b: Diancie|[spread] p2a,p2b\n|-resisted|p2b: Diancie\n|-damage|p2a: Weezing|17\/100\n|-damage|p2b: Diancie|89\/100\n|-unboost|p2a: Weezing|spe|1\n|move|p1b: Ogerpon|Horn Leech|p2b: Diancie\n|-supereffective|p2b: Diancie\n|-damage|p2b: Diancie|10\/100\n|move|p2a: Weezing|Will-O-Wisp|p1b: Ogerpon\n|-status|p1b: Ogerpon|brn\n|move|p2b: Diancie|Diamond Storm|p1a: Tornadus|[spread] p1a,p1b\n|-supereffective|p1a: Tornadus\n|-damage|p1a: Tornadus|0 fnt\n|-damage|p1b: Ogerpon|71\/100 brn\n|faint|p1a: Tornadus\n|\n|-weather|none\n|-heal|p2a: Weezing|23\/100|[from] item: Leftovers\n|-heal|p2b: Diancie|16\/100|[from] item: Leftovers\n|-damage|p1b: Ogerpon|65\/100 brn|[from] brn\n|upkeep\n|\n|t:|1697808466\n|switch|p1a: Flutter Mane|Flutter Mane, shiny|64\/100\n|turn|7\n|\n|t:|1697808474\n|move|p2a: Weezing|Protect|p2a: Weezing\n|-singleturn|p2a: Weezing|Protect\n|move|p1a: Flutter Mane|Moonblast|p2b: Diancie\n|-damage|p2b: Diancie|0 fnt\n|faint|p2b: Diancie\n|move|p1b: Ogerpon|Ivy Cudgel|p2a: Weezing\n|-activate|p2a: Weezing|move: Protect\n|\n|-heal|p2a: Weezing|29\/100|[from] item: Leftovers\n|-damage|p1b: Ogerpon|59\/100 brn|[from] brn\n|upkeep\n|\n|t:|1697808481\n|switch|p2b: Kingambit|Kingambit, M|100\/100\n|turn|8\n|\n|t:|1697808512\n|-end|p1a: Flutter Mane|Protosynthesis|[silent]\n|switch|p1a: Incineroar|Incineroar, M|100\/100\n|-end|p2a: Weezing|ability: Neutralizing Gas\n|-ability|p1a: Incineroar|Intimidate|boost\n|-unboost|p2a: Weezing|atk|1\n|-unboost|p2b: Kingambit|atk|1\n|-ability|p2b: Kingambit|Defiant|boost\n|-boost|p2b: Kingambit|atk|2\n|switch|p2a: Tornadus|Tornadus, M|100\/100\n|move|p1b: Ogerpon|Ivy Cudgel|p2a: Tornadus\n|-supereffective|p2a: Tornadus\n|-crit|p2a: Tornadus\n|-damage|p2a: Tornadus|0 fnt\n|faint|p2a: Tornadus\n|move|p2b: Kingambit|Swords Dance|p2b: Kingambit\n|-boost|p2b: Kingambit|atk|2\n|\n|-damage|p1b: Ogerpon|53\/100 brn|[from] brn\n|upkeep\n|\n|t:|1697808530\n|switch|p2a: Weezing|Weezing-Galar, M|29\/100\n|-ability|p2a: Weezing|Neutralizing Gas\n|turn|9\n|\n|t:|1697808538\n|-end|p2a: Weezing|ability: Neutralizing Gas\n|-ability|p1a: Incineroar|Intimidate|boost\n|-unboost|p2a: Weezing|atk|1\n|-unboost|p2b: Kingambit|atk|1\n|-ability|p2b: Kingambit|Defiant|boost\n|-boost|p2b: Kingambit|atk|2\n|switch|p2a: Palafin|Palafin-Hero, M|100\/100\n|-activate|p2a: Palafin|ability: Zero to Hero\n|-terastallize|p2b: Kingambit|Dark\n|move|p2b: Kingambit|Sucker Punch|p1b: Ogerpon\n|-damage|p1b: Ogerpon|0 fnt\n|faint|p1b: Ogerpon\n|move|p1a: Incineroar|Flare Blitz|p2b: Kingambit\n|-damage|p2b: Kingambit|60\/100\n|-damage|p1a: Incineroar|86\/100|[from] Recoil\n|\n|upkeep\n|\n|t:|1697808552\n|switch|p1b: Flutter Mane|Flutter Mane, shiny|64\/100\n|turn|10\n|\n|t:|1697808572\n|switch|p1a: Chien-Pao|Chien-Pao|100\/100\n|-ability|p1a: Chien-Pao|Sword of Ruin\n|move|p1b: Flutter Mane|Protect|p1b: Flutter Mane\n|-singleturn|p1b: Flutter Mane|Protect\n|move|p2b: Kingambit|Sucker Punch||[still]\n|-fail|p2b: Kingambit\n|move|p2a: Palafin|Bulk Up|p2a: Palafin\n|-boost|p2a: Palafin|atk|1\n|-boost|p2a: Palafin|def|1\n|\n|upkeep\n|turn|11\n|\n|t:|1697808606\n|switch|p1a: Incineroar|Incineroar, M|86\/100\n|-ability|p1a: Incineroar|Intimidate|boost\n|-unboost|p2a: Palafin|atk|1\n|-unboost|p2b: Kingambit|atk|1\n|-ability|p2b: Kingambit|Defiant|boost\n|-boost|p2b: Kingambit|atk|2\n|move|p1b: Flutter Mane|Protect||[still]\n|-fail|p1b: Flutter Mane\n|move|p2a: Palafin|Jet Punch|p1b: Flutter Mane\n|-damage|p1b: Flutter Mane|0 fnt\n|faint|p1b: Flutter Mane\n|-end|p1b: Flutter Mane|Protosynthesis|[silent]\n|-damage|p2a: Palafin|91\/100|[from] item: Life Orb\n|move|p2b: Kingambit|Sucker Punch||[still]\n|-fail|p2b: Kingambit\n|\n|upkeep\n|\n|t:|1697808622\n|switch|p1b: Chien-Pao|Chien-Pao|100\/100\n|-ability|p1b: Chien-Pao|Sword of Ruin\n|turn|12\n|\n|t:|1697808626\n|move|p2a: Palafin|Protect|p2a: Palafin\n|-singleturn|p2a: Palafin|Protect\n|move|p2b: Kingambit|Protect|p2b: Kingambit\n|-singleturn|p2b: Kingambit|Protect\n|move|p1a: Incineroar|Fake Out|p2b: Kingambit\n|-activate|p2b: Kingambit|move: Protect\n|move|p1b: Chien-Pao|Icicle Crash|p2b: Kingambit\n|-activate|p2b: Kingambit|move: Protect\n|\n|upkeep\n|turn|13\n|-message|EpicGuy321 forfeited.\n|\n|win|kitsu-aria\n|raw|EpicGuy321's rating: 1360 &rarr; <strong>1347<\/strong><br \/>(-13 for losing)\n|raw|kitsu-aria's rating: 1484 &rarr; <strong>1497<\/strong><br \/>(+13 for winning)\n|l|\u2606EpicGuy321\n","uploadtime":1697808641,"views":13,"p1id":"epicguy321","p2id":"kitsuaria","formatid":"gen9nationaldexdoubles","rating":1347,"private":0,"password":""}