{"id":"gen9nationaldexdoubles-1956712600","p1":"ATSP 4294","p2":"Koge Takashii","format":"[Gen 9] National Dex Doubles","log":"|j|\u2606ATSP 4294\n|j|\u2606Koge Takashii\n|t:|1696139264\n|gametype|doubles\n|player|p1|ATSP 4294|misty|1121\n|player|p2|Koge Takashii|brawly|1105\n|teamsize|p1|6\n|teamsize|p2|6\n|gen|9\n|tier|[Gen 9] National Dex Doubles\n|rated|\n|rule|HP Percentage Mod: HP is shown in percentages\n|rule|Endless Battle Clause: Forcing endless battles is banned\n|rule|OHKO Clause: OHKO moves are banned\n|rule|Evasion Moves Clause: Evasion moves are banned\n|rule|Evasion Abilities Clause: Evasion abilities are banned\n|rule|Species Clause: Limit one of each Pok\u00e9mon\n|rule|Gravity Sleep Clause: The combination of sleep-inducing moves with imperfect accuracy and Gravity or Gigantamax Orbeetle are banned\n|clearpoke\n|poke|p1|Dragonite, M|\n|poke|p1|Ninetales-Alola, F|\n|poke|p1|Rillaboom, F|\n|poke|p1|Meowscarada, F|\n|poke|p1|Mew|\n|poke|p1|Scizor, M|\n|poke|p2|Gholdengo|\n|poke|p2|Volbeat, M|\n|poke|p2|Tropius, M|\n|poke|p2|Illumise, F|\n|poke|p2|Charizard, M|\n|poke|p2|Tyranitar, M|\n|teampreview\n|inactive|Battle timer is ON: inactive players will automatically lose when time's up. (requested by ATSP 4294)\n|\n|t:|1696139413\n|start\n|switch|p1a: Ninetales|Ninetales-Alola, F, shiny|100\/100\n|switch|p1b: Meowscarada|Meowscarada, F|100\/100\n|switch|p2a: Volbeat|Volbeat, M, shiny|100\/100\n|switch|p2b: Tropius|Tropius, M, shiny|100\/100\n|-weather|Snow|[from] ability: Snow Warning|[of] p1a: Ninetales\n|turn|1\n|\n|t:|1696139443\n|switch|p2b: Charizard|Charizard, M, shiny|100\/100\n|move|p2a: Volbeat|Thunder Wave|p1a: Ninetales\n|-status|p1a: Ninetales|par\n|move|p1b: Meowscarada|Dark Pulse|p2a: Volbeat\n|-start|p1b: Meowscarada|typechange|Dark|[from] ability: Protean\n|-damage|p2a: Volbeat|66\/100\n|-enditem|p2a: Volbeat|Red Card|[of] p1b: Meowscarada\n|drag|p1b: Scizor|Scizor, M, shiny|100\/100\n|move|p1a: Ninetales|Aurora Veil|p1a: Ninetales\n|-sidestart|p1: ATSP 4294|move: Aurora Veil\n|\n|-weather|Snow|[upkeep]\n|upkeep\n|turn|2\n|inactive|ATSP 4294 has 120 seconds left.\n|inactive|Koge Takashii has 120 seconds left.\n|\n|t:|1696139478\n|detailschange|p2b: Charizard|Charizard-Mega-X, M, shiny\n|-mega|p2b: Charizard|Charizard|Charizardite X\n|-terastallize|p1a: Ninetales|Fire\n|move|p2a: Volbeat|Light Screen|p2a: Volbeat\n|-sidestart|p2: Koge Takashii|move: Light Screen\n|move|p2b: Charizard|Flamethrower|p1b: Scizor\n|-supereffective|p1b: Scizor\n|-damage|p1b: Scizor|0 fnt\n|faint|p1b: Scizor\n|cant|p1a: Ninetales|par\n|\n|-weather|Snow|[upkeep]\n|upkeep\n|\n|t:|1696139488\n|switch|p1b: Dragonite|Dragonite, M, shiny|100\/100\n|turn|3\n|\n|t:|1696139501\n|switch|p2b: Gholdengo|Gholdengo, shiny|100\/100\n|move|p2a: Volbeat|Thunder Wave|p1b: Dragonite\n|-status|p1b: Dragonite|par\n|cant|p1a: Ninetales|par\n|cant|p1b: Dragonite|par\n|\n|-weather|Snow|[upkeep]\n|upkeep\n|turn|4\n|\n|t:|1696139522\n|move|p2b: Gholdengo|Confuse Ray|p1b: Dragonite\n|-start|p1b: Dragonite|confusion\n|move|p2a: Volbeat|U-turn|p1b: Dragonite\n|-resisted|p1b: Dragonite\n|-damage|p1b: Dragonite|97\/100 par\n|\n|t:|1696139528\n|switch|p2a: Tyranitar|Tyranitar, M, shiny|100\/100|[from] U-turn\n|-weather|Sandstorm|[from] ability: Sand Stream|[of] p2a: Tyranitar\n|move|p1a: Ninetales|Tera Blast|p2b: Gholdengo|[anim] Tera Blast Fire\n|-supereffective|p2b: Gholdengo\n|-damage|p2b: Gholdengo|61\/100\n|-activate|p1b: Dragonite|confusion\n|-damage|p1b: Dragonite|80\/100 par|[from] confusion\n|\n|-weather|Sandstorm|[upkeep]\n|-damage|p1a: Ninetales|95\/100 par|[from] Sandstorm\n|-damage|p1b: Dragonite|74\/100 par|[from] Sandstorm\n|-heal|p1a: Ninetales|100\/100 par|[from] item: Leftovers\n|upkeep\n|turn|5\n|\n|t:|1696139547\n|switch|p1a: Rillaboom|Rillaboom, F|100\/100\n|-fieldstart|move: Grassy Terrain|[from] ability: Grassy Surge|[of] p1a: Rillaboom\n|move|p2b: Gholdengo|Make It Rain|p1b: Dragonite|[spread] p1a,p1b\n|-damage|p1a: Rillaboom|53\/100\n|-damage|p1b: Dragonite|35\/100 par\n|-unboost|p2b: Gholdengo|spa|1\n|move|p2a: Tyranitar|Rock Slide|p1b: Dragonite|[spread] p1a,p1b\n|-supereffective|p1b: Dragonite\n|-damage|p1a: Rillaboom|30\/100\n|-damage|p1b: Dragonite|0 fnt\n|faint|p1b: Dragonite\n|\n|-weather|Sandstorm|[upkeep]\n|-damage|p1a: Rillaboom|24\/100|[from] Sandstorm\n|-heal|p1a: Rillaboom|30\/100|[from] Grassy Terrain\n|-heal|p2b: Gholdengo|67\/100|[from] Grassy Terrain\n|-sideend|p1: ATSP 4294|move: Aurora Veil\n|upkeep\n|\n|t:|1696139566\n|switch|p1b: Ninetales|Ninetales-Alola, F, shiny, tera:Fire|100\/100 par\n|-weather|Snow|[from] ability: Snow Warning|[of] p1b: Ninetales\n|turn|6\n|\n|t:|1696139585\n|switch|p2b: Volbeat|Volbeat, M, shiny|66\/100\n|switch|p2a: Charizard|Charizard-Mega-X, M, shiny|100\/100\n|move|p1a: Rillaboom|Grassy Glide|p2a: Charizard\n|-resisted|p2a: Charizard\n|-damage|p2a: Charizard|85\/100\n|cant|p1b: Ninetales|par\n|\n|-weather|Snow|[upkeep]\n|-heal|p1a: Rillaboom|37\/100|[from] Grassy Terrain\n|-heal|p2a: Charizard|91\/100|[from] Grassy Terrain\n|-heal|p2b: Volbeat|72\/100|[from] Grassy Terrain\n|-sideend|p2: Koge Takashii|move: Light Screen\n|upkeep\n|turn|7\n|\n|t:|1696139609\n|move|p1a: Rillaboom|Grassy Glide|p2b: Volbeat\n|-resisted|p2b: Volbeat\n|-damage|p2b: Volbeat|42\/100\n|move|p2a: Charizard|Dragon Pulse|p1a: Rillaboom\n|-damage|p1a: Rillaboom|0 fnt\n|faint|p1a: Rillaboom\n|move|p2b: Volbeat|U-turn|p1b: Ninetales\n|-resisted|p1b: Ninetales\n|-damage|p1b: Ninetales|84\/100 par\n|\n|t:|1696139620\n|switch|p2b: Tyranitar|Tyranitar, M, shiny|100\/100|[from] U-turn\n|-weather|Sandstorm|[from] ability: Sand Stream|[of] p2b: Tyranitar\n|move|p1b: Ninetales|Aurora Veil||[still]\n|-fail|p1b: Ninetales\n|\n|-weather|Sandstorm|[upkeep]\n|-damage|p2a: Charizard|85\/100|[from] Sandstorm\n|-damage|p1b: Ninetales|79\/100 par|[from] Sandstorm\n|-heal|p2a: Charizard|91\/100|[from] Grassy Terrain\n|-heal|p1b: Ninetales|84\/100 par|[from] Grassy Terrain\n|-heal|p1b: Ninetales|90\/100 par|[from] item: Leftovers\n|upkeep\n|\n|t:|1696139631\n|switch|p1a: Meowscarada|Meowscarada, F|100\/100\n|turn|8\n|\n|t:|1696139650\n|switch|p2a: Tropius|Tropius, M, shiny|100\/100\n|move|p1a: Meowscarada|Chilling Water|p2b: Tyranitar\n|-start|p1a: Meowscarada|typechange|Water|[from] ability: Protean\n|-supereffective|p2b: Tyranitar\n|-damage|p2b: Tyranitar|81\/100\n|-unboost|p2b: Tyranitar|atk|1\n|move|p2b: Tyranitar|Rock Slide|p1b: Ninetales|[spread] p1a,p1b\n|-supereffective|p1b: Ninetales\n|-damage|p1a: Meowscarada|65\/100\n|-damage|p1b: Ninetales|29\/100 par\n|move|p1b: Ninetales|Moonblast|p2b: Tyranitar\n|-supereffective|p2b: Tyranitar\n|-damage|p2b: Tyranitar|43\/100\n|\n|-weather|Sandstorm|[upkeep]\n|-damage|p1a: Meowscarada|59\/100|[from] Sandstorm\n|-damage|p2a: Tropius|94\/100|[from] Sandstorm\n|-damage|p1b: Ninetales|23\/100 par|[from] Sandstorm\n|-heal|p1a: Meowscarada|65\/100|[from] Grassy Terrain\n|-heal|p2b: Tyranitar|49\/100|[from] Grassy Terrain\n|-heal|p1b: Ninetales|29\/100 par|[from] Grassy Terrain\n|-heal|p1b: Ninetales|35\/100 par|[from] item: Leftovers\n|upkeep\n|turn|9\n|inactive|Koge Takashii has 120 seconds left.\n|\n|t:|1696139685\n|move|p1a: Meowscarada|Giga Drain|p2b: Tyranitar\n|-supereffective|p2b: Tyranitar\n|-damage|p2b: Tyranitar|23\/100\n|-heal|p1a: Meowscarada|80\/100|[from] drain|[of] p2b: Tyranitar\n|move|p2b: Tyranitar|Sunny Day|p2b: Tyranitar\n|-weather|SunnyDay\n|move|p2a: Tropius|Solar Beam||[still]\n|-prepare|p2a: Tropius|Solar Beam\n|-anim|p2a: Tropius|Solar Beam|p1a: Meowscarada\n|-supereffective|p1a: Meowscarada\n|-damage|p1a: Meowscarada|0 fnt\n|faint|p1a: Meowscarada\n|move|p1b: Ninetales|Blizzard|p2a: Tropius|[spread] p2b\n|-miss|p1b: Ninetales|p2a: Tropius\n|-damage|p2b: Tyranitar|0 fnt\n|faint|p2b: Tyranitar\n|\n|-weather|SunnyDay|[upkeep]\n|-heal|p1b: Ninetales|41\/100 par|[from] Grassy Terrain\n|-heal|p1b: Ninetales|47\/100 par|[from] item: Leftovers\n|-fieldend|move: Grassy Terrain\n|upkeep\n|\n|t:|1696139705\n|switch|p1a: Mew|Mew|100\/100\n|switch|p2b: Charizard|Charizard-Mega-X, M, shiny|91\/100\n|turn|10\n|\n|t:|1696139719\n|move|p1a: Mew|Protect|p1a: Mew\n|-singleturn|p1a: Mew|Protect\n|move|p2b: Charizard|Flamethrower|p1a: Mew\n|-activate|p1a: Mew|move: Protect\n|move|p2a: Tropius|Solar Beam||[still]\n|-prepare|p2a: Tropius|Solar Beam\n|-anim|p2a: Tropius|Solar Beam|p1b: Ninetales\n|-resisted|p1b: Ninetales\n|-damage|p1b: Ninetales|6\/100 par\n|cant|p1b: Ninetales|par\n|\n|-weather|SunnyDay|[upkeep]\n|-heal|p1b: Ninetales|12\/100 par|[from] item: Leftovers\n|upkeep\n|turn|11\n|\n|t:|1696139737\n|move|p1a: Mew|Psychic|p2b: Charizard\n|-damage|p2b: Charizard|43\/100\n|move|p2b: Charizard|Sky Drop||[still]\n|-prepare|p2b: Charizard|Sky Drop|p1b: Ninetales\n|move|p2a: Tropius|Solar Beam||[still]\n|-prepare|p2a: Tropius|Solar Beam\n|-anim|p2a: Tropius|Solar Beam|p1a: Mew\n|-damage|p1a: Mew|45\/100\n|\n|-weather|SunnyDay|[upkeep]\n|-heal|p1a: Mew|51\/100|[from] item: Leftovers\n|-heal|p1b: Ninetales|18\/100 par|[from] item: Leftovers\n|upkeep\n|turn|12\n|\n|t:|1696139755\n|move|p1a: Mew|Protect|p1a: Mew\n|-singleturn|p1a: Mew|Protect\n|move|p2b: Charizard|Sky Drop|p1b: Ninetales|[from]lockedmove\n|-damage|p1b: Ninetales|0 fnt\n|faint|p1b: Ninetales\n|move|p2a: Tropius|Solar Beam||[still]\n|-prepare|p2a: Tropius|Solar Beam\n|-anim|p2a: Tropius|Solar Beam|p1a: Mew\n|-activate|p1a: Mew|move: Protect\n|\n|-weather|SunnyDay|[upkeep]\n|-heal|p1a: Mew|58\/100|[from] item: Leftovers\n|upkeep\n|turn|13\n|\n|t:|1696139770\n|move|p1a: Mew|Psychic|p2b: Charizard\n|-damage|p2b: Charizard|0 fnt\n|faint|p2b: Charizard\n|move|p2a: Tropius|Solar Beam||[still]\n|-prepare|p2a: Tropius|Solar Beam\n|-anim|p2a: Tropius|Solar Beam|p1a: Mew\n|-damage|p1a: Mew|0 fnt\n|faint|p1a: Mew\n|\n|win|Koge Takashii\n|raw|ATSP 4294's rating: 1121 &rarr; <strong>1095<\/strong><br \/>(-26 for losing)\n|raw|Koge Takashii's rating: 1105 &rarr; <strong>1131<\/strong><br \/>(+26 for winning)\n|l|\u2606ATSP 4294\n","uploadtime":1696141407,"views":7,"p1id":"atsp4294","p2id":"kogetakashii","formatid":"gen9nationaldexdoubles","rating":1095,"private":0,"password":""}