{"id":"gen9nationaldexdoubles-1970440233","p1":"NosiXdda","p2":"WillroBalance","format":"[Gen 9] National Dex Doubles","log":"|j|\u2606NosiXdda\n|j|\u2606WillroBalance\n|t:|1697639178\n|gametype|doubles\n|player|p1|NosiXdda|ingo|1109\n|player|p2|WillroBalance|lusamine-nihilego|1385\n|teamsize|p1|6\n|teamsize|p2|6\n|gen|9\n|tier|[Gen 9] National Dex Doubles\n|rated|\n|rule|HP Percentage Mod: HP is shown in percentages\n|rule|Endless Battle Clause: Forcing endless battles is banned\n|rule|OHKO Clause: OHKO moves are banned\n|rule|Evasion Moves Clause: Evasion moves are banned\n|rule|Evasion Abilities Clause: Evasion abilities are banned\n|rule|Species Clause: Limit one of each Pok\u00e9mon\n|rule|Gravity Sleep Clause: The combination of sleep-inducing moves with imperfect accuracy and Gravity or Gigantamax Orbeetle are banned\n|clearpoke\n|poke|p1|Garchomp, F|\n|poke|p1|Chansey, F|\n|poke|p1|Murkrow, M|\n|poke|p1|Wooper, M|\n|poke|p1|Arcanine, F|\n|poke|p1|Ursaluna, M|\n|poke|p2|Charizard, F|\n|poke|p2|Chi-Yu|\n|poke|p2|Flutter Mane|\n|poke|p2|Whimsicott, F|\n|poke|p2|Zygarde|\n|poke|p2|Chien-Pao|\n|teampreview\n|inactive|Battle timer is ON: inactive players will automatically lose when time's up. (requested by WillroBalance)\n|\n|t:|1697639187\n|start\n|switch|p1a: Garchomp|Garchomp, F, shiny|100\/100\n|switch|p1b: Krow|Murkrow, M, shiny|100\/100\n|switch|p2a: Whimsicott|Whimsicott, F|100\/100\n|switch|p2b: Charizard|Charizard, F|100\/100\n|turn|1\n|c|\u2606WillroBalance|oh u added a 6th\n|c|\u2606NosiXdda|ye\n|\n|t:|1697639196\n|switch|p2b: Flutter Mane|Flutter Mane|100\/100\n|move|p2a: Whimsicott|Tailwind|p2a: Whimsicott\n|-sidestart|p2: WillroBalance|move: Tailwind\n|move|p1b: Krow|Tailwind|p1b: Krow\n|-sidestart|p1: NosiXdda|move: Tailwind\n|move|p1a: Garchomp|Outrage|p2a: Whimsicott\n|-immune|p2a: Whimsicott\n|\n|upkeep\n|turn|2\n|\n|t:|1697639212\n|-terastallize|p2b: Flutter Mane|Fairy\n|move|p2a: Whimsicott|Encore|p1a: Garchomp\n|-start|p1a: Garchomp|Encore\n|move|p1b: Krow|Taunt|p2a: Whimsicott\n|-start|p2a: Whimsicott|move: Taunt\n|move|p2b: Flutter Mane|Dazzling Gleam|p1a: Garchomp|[spread] p1a,p1b\n|-supereffective|p1a: Garchomp\n|-supereffective|p1b: Krow\n|-damage|p1a: Garchomp|0 fnt\n|-damage|p1b: Krow|4\/100\n|faint|p1a: Garchomp\n|\n|upkeep\n|\n|t:|1697639223\n|switch|p1a: bear|Ursaluna, M|100\/100\n|turn|3\n|\n|t:|1697639238\n|switch|p2a: Charizard|Charizard, F|100\/100\n|move|p2b: Flutter Mane|Dazzling Gleam|p1a: bear|[spread] p1a,p1b\n|-supereffective|p1b: Krow\n|-damage|p1a: bear|51\/100\n|-damage|p1b: Krow|0 fnt\n|faint|p1b: Krow\n|move|p1a: bear|Earthquake|p2b: Flutter Mane|[spread] p2b\n|-immune|p2a: Charizard\n|-damage|p2b: Flutter Mane|23\/100\n|\n|-status|p1a: bear|brn|[from] item: Flame Orb\n|upkeep\n|\n|t:|1697639244\n|switch|p1b: Chansey|Chansey, F, shiny|100\/100\n|turn|4\n|\n|t:|1697639251\n|detailschange|p2a: Charizard|Charizard-Mega-Y, F\n|-mega|p2a: Charizard|Charizard|Charizardite Y\n|-weather|SunnyDay|[from] ability: Drought|[of] p2a: Charizard\n|-activate|p2b: Flutter Mane|ability: Protosynthesis\n|-start|p2b: Flutter Mane|protosynthesisspe\n|move|p2b: Flutter Mane|Dazzling Gleam|p1a: bear|[spread] p1a,p1b\n|-damage|p1a: bear|0 fnt\n|-damage|p1b: Chansey|72\/100\n|faint|p1a: bear\n|move|p2a: Charizard|Heat Wave|p1b: Chansey\n|-damage|p1b: Chansey|30\/100\n|move|p1b: Chansey|Heal Pulse|p1: bear|[notarget]\n|-fail|p1b: Chansey\n|\n|-weather|SunnyDay|[upkeep]\n|-sideend|p2: WillroBalance|move: Tailwind\n|-sideend|p1: NosiXdda|move: Tailwind\n|upkeep\n|\n|t:|1697639258\n|switch|p1a: dog|Arcanine, F|100\/100\n|-ability|p1a: dog|Intimidate|boost\n|-unboost|p2a: Charizard|atk|1\n|-unboost|p2b: Flutter Mane|atk|1\n|turn|5\n|\n|t:|1697639267\n|move|p2b: Flutter Mane|Dazzling Gleam|p1b: Chansey|[spread] p1a,p1b\n|-resisted|p1a: dog\n|-damage|p1a: dog|59\/100\n|-damage|p1b: Chansey|0 fnt\n|faint|p1b: Chansey\n|move|p2a: Charizard|Scorching Sands|p1a: dog\n|-supereffective|p1a: dog\n|-damage|p1a: dog|0 fnt\n|faint|p1a: dog\n|\n|-weather|SunnyDay|[upkeep]\n|upkeep\n|c|\u2606NosiXdda|please not again, its merely a child\n|c|\u2606WillroBalance|i\u2019m nuking him again\n|\n|t:|1697639281\n|switch|p1a: woop|Wooper, M|100\/100\n|turn|6\n|\n|t:|1697639288\n|-end|p2b: Flutter Mane|Protosynthesis|[silent]\n|switch|p2b: Chi-Yu|Chi-Yu|100\/100\n|-ability|p2b: Chi-Yu|Beads of Ruin\n|move|p2a: Charizard|Protect|p2a: Charizard\n|-singleturn|p2a: Charizard|Protect\n|move|p1a: woop|After You||[still]\n|-fail|p1a: woop\n|\n|-weather|SunnyDay|[upkeep]\n|upkeep\n|turn|7\n|c|\u2606WillroBalance|i\u2019m gonna nuke him\n|c|\u2606NosiXdda|dear god\n|\n|t:|1697639305\n|move|p2a: Charizard|Protect||[still]\n|-fail|p2a: Charizard\n|-zpower|p2b: Chi-Yu\n|move|p2b: Chi-Yu|Inferno Overdrive|p1a: woop|[zeffect]\n|-resisted|p1a: woop\n|-damage|p1a: woop|0 fnt\n|faint|p1a: woop\n|\n|win|WillroBalance\n|raw|NosiXdda's rating: 1109 &rarr; <strong>1101<\/strong><br \/>(-8 for losing)\n|raw|WillroBalance's rating: 1385 &rarr; <strong>1392<\/strong><br \/>(+7 for winning)\n|c|\u2606NosiXdda|nO\n|l|\u2606WillroBalance\n|j|\u2606WillroBalance\n|player|p2|WillroBalance|lusamine-nihilego\n|c|\u2606NosiXdda|you monster\n","uploadtime":1697639326,"views":11,"p1id":"nosixdda","p2id":"willrobalance","formatid":"gen9nationaldexdoubles","rating":1101,"private":0,"password":""}