{"id":"gen9nationaldexdoubles-1957800073","p1":"Nickalip","p2":"Pablopinto12","format":"[Gen 9] National Dex Doubles","log":"|j|\u2606Nickalip\n|j|\u2606Pablopinto12\n|t:|1696261968\n|gametype|doubles\n|player|p1|Nickalip|steven|\n|player|p2|Pablopinto12|ethan|\n|teamsize|p1|6\n|teamsize|p2|6\n|gen|9\n|tier|[Gen 9] National Dex Doubles\n|rule|HP Percentage Mod: HP is shown in percentages\n|rule|Endless Battle Clause: Forcing endless battles is banned\n|rule|OHKO Clause: OHKO moves are banned\n|rule|Evasion Moves Clause: Evasion moves are banned\n|rule|Evasion Abilities Clause: Evasion abilities are banned\n|rule|Species Clause: Limit one of each Pok\u00e9mon\n|rule|Gravity Sleep Clause: The combination of sleep-inducing moves with imperfect accuracy and Gravity or Gigantamax Orbeetle are banned\n|clearpoke\n|poke|p1|Iron Valiant|\n|poke|p1|Scizor, M|\n|poke|p1|Serperior, F|\n|poke|p1|Ceruledge, M|\n|poke|p1|Swampert, M|\n|poke|p1|Gardevoir, F|\n|poke|p2|Cinderace, M|\n|poke|p2|Toxapex, F|\n|poke|p2|Dondozo, M|\n|poke|p2|Maushold-Four|\n|poke|p2|Torkoal, F|\n|poke|p2|Goodra-Hisui, F|\n|teampreview\n|inactive|Battle timer is ON: inactive players will automatically lose when time's up. (requested by Pablopinto12)\n|\n|t:|1696261984\n|start\n|switch|p1a: Iron Valiant|Iron Valiant, shiny|100\/100\n|switch|p1b: Rana Qliaa|Swampert, M|100\/100\n|switch|p2a: Marcela|Toxapex, F, shiny|100\/100\n|switch|p2b: Angelo|Goodra-Hisui, F|100\/100\n|-enditem|p1a: Iron Valiant|Booster Energy\n|-activate|p1a: Iron Valiant|ability: Quark Drive|[fromitem]\n|-start|p1a: Iron Valiant|quarkdrivespe\n|turn|1\n|\n|t:|1696262005\n|switch|p2b: Pablo|Dondozo, M, shiny|100\/100\n|move|p2a: Marcela|Baneful Bunker|p2a: Marcela\n|-singleturn|p2a: Marcela|move: Protect\n|move|p1a: Iron Valiant|Drain Punch|p2b: Pablo\n|-damage|p2b: Pablo|77\/100\n|move|p1b: Rana Qliaa|Earthquake|p2b: Pablo|[spread] p1a,p2b\n|-activate|p2a: Marcela|move: Protect\n|-damage|p1a: Iron Valiant|62\/100\n|-damage|p2b: Pablo|60\/100\n|\n|-heal|p2b: Pablo|67\/100|[from] item: Leftovers\n|upkeep\n|turn|2\n|\n|t:|1696262032\n|move|p1a: Iron Valiant|Psycho Cut|p2a: Marcela\n|-supereffective|p2a: Marcela\n|-crit|p2a: Marcela\n|-damage|p2a: Marcela|47\/100\n|move|p1b: Rana Qliaa|Earthquake|p2b: Pablo|[spread] p1a,p2a,p2b\n|-supereffective|p2a: Marcela\n|-damage|p1a: Iron Valiant|26\/100\n|-damage|p2a: Marcela|5\/100\n|-damage|p2b: Pablo|49\/100\n|move|p2b: Pablo|Wave Crash|p1b: Rana Qliaa\n|-damage|p1b: Rana Qliaa|54\/100\n|-damage|p2b: Pablo|38\/100|[from] Recoil\n|move|p2a: Marcela|Poison Jab|p1a: Iron Valiant\n|-supereffective|p1a: Iron Valiant\n|-crit|p1a: Iron Valiant\n|-damage|p1a: Iron Valiant|0 fnt\n|faint|p1a: Iron Valiant\n|-end|p1a: Iron Valiant|Quark Drive|[silent]\n|\n|-heal|p2b: Pablo|44\/100|[from] item: Leftovers\n|-heal|p2a: Marcela|11\/100|[from] item: Black Sludge\n|upkeep\n|inactive|Nickalip has 270 seconds left.\n|\n|t:|1696262053\n|switch|p1a: Snake|Serperior, F, shiny|100\/100\n|turn|3\n|inactive|Nickalip has 270 seconds left.\n|\n|t:|1696262079\n|move|p2a: Marcela|Baneful Bunker|p2a: Marcela\n|-singleturn|p2a: Marcela|move: Protect\n|move|p1a: Snake|Knock Off|p2b: Pablo\n|-damage|p2b: Pablo|34\/100\n|-enditem|p2b: Pablo|Leftovers|[from] move: Knock Off|[of] p1a: Snake\n|move|p1b: Rana Qliaa|Earthquake|p2b: Pablo|[spread] p1a,p2b\n|-activate|p2a: Marcela|move: Protect\n|-resisted|p1a: Snake\n|-crit|p1a: Snake\n|-damage|p1a: Snake|73\/100\n|-damage|p2b: Pablo|17\/100\n|move|p2b: Pablo|Rest|p2b: Pablo\n|-status|p2b: Pablo|slp|[from] move: Rest\n|-heal|p2b: Pablo|100\/100 slp|[silent]\n|\n|-heal|p1a: Snake|79\/100|[from] item: Leftovers\n|-heal|p2a: Marcela|18\/100|[from] item: Black Sludge\n|upkeep\n|turn|4\n|\n|t:|1696262108\n|switch|p2a: Darlin|Torkoal, F, shiny|100\/100\n|-weather|SunnyDay|[from] ability: Drought|[of] p2a: Darlin\n|move|p1a: Snake|Dragon Pulse|p2b: Pablo\n|-damage|p2b: Pablo|81\/100 slp\n|move|p1b: Rana Qliaa|Earthquake|p2b: Pablo|[spread] p1a,p2a,p2b\n|-resisted|p1a: Snake\n|-supereffective|p2a: Darlin\n|-damage|p1a: Snake|62\/100\n|-damage|p2a: Darlin|66\/100\n|-damage|p2b: Pablo|65\/100 slp\n|cant|p2b: Pablo|slp\n|move|p2b: Pablo|Sleep Talk|p2b: Pablo\n|move|p2b: Pablo|Curse|p2b: Pablo|[from]move: Sleep Talk\n|-unboost|p2b: Pablo|spe|1\n|-boost|p2b: Pablo|atk|1\n|-boost|p2b: Pablo|def|1\n|\n|-weather|SunnyDay|[upkeep]\n|-heal|p1a: Snake|68\/100|[from] item: Leftovers\n|-heal|p2a: Darlin|72\/100|[from] item: Leftovers\n|upkeep\n|turn|5\n|inactive|Pablopinto12 has 270 seconds left.\n|\n|t:|1696262140\n|move|p1a: Snake|Leaf Storm|p2b: Pablo\n|-supereffective|p2b: Pablo\n|-damage|p2b: Pablo|0 fnt\n|-boost|p1a: Snake|spa|2\n|faint|p2b: Pablo\n|move|p1b: Rana Qliaa|Surf|p2a: Darlin|[spread] p1a,p2a\n|-resisted|p1a: Snake\n|-supereffective|p2a: Darlin\n|-crit|p2a: Darlin\n|-damage|p1a: Snake|62\/100\n|-damage|p2a: Darlin|25\/100\n|move|p2a: Darlin|Stealth Rock|p1a: Snake\n|-sidestart|p1: Nickalip|move: Stealth Rock\n|\n|-weather|SunnyDay|[upkeep]\n|-heal|p1a: Snake|68\/100|[from] item: Leftovers\n|-heal|p2a: Darlin|31\/100|[from] item: Leftovers\n|upkeep\n|inactive|Pablopinto12 has 270 seconds left.\n|\n|t:|1696262163\n|switch|p2b: Miguelitos|Maushold-Four|100\/100\n|turn|6\n|inactive|Pablopinto12 has 270 seconds left.\n|\n|t:|1696262182\n|move|p1a: Snake|Leaf Storm|p2b: Miguelitos\n|-damage|p2b: Miguelitos|0 fnt\n|-boost|p1a: Snake|spa|2\n|faint|p2b: Miguelitos\n|move|p1b: Rana Qliaa|Earthquake|p2a: Darlin|[spread] p1a,p2a\n|-resisted|p1a: Snake\n|-supereffective|p2a: Darlin\n|-damage|p1a: Snake|51\/100\n|-damage|p2a: Darlin|0 fnt\n|faint|p2a: Darlin\n|\n|-weather|SunnyDay|[upkeep]\n|-heal|p1a: Snake|57\/100|[from] item: Leftovers\n|upkeep\n|\n|t:|1696262210\n|switch|p2b: Angelo|Goodra-Hisui, F|100\/100\n|switch|p2a: Jos\u00e9|Cinderace, M, shiny|100\/100\n|turn|7\n|\n|t:|1696262226\n|-terastallize|p2a: Jos\u00e9|Fire\n|move|p2a: Jos\u00e9|Pyro Ball|p1a: Snake\n|-supereffective|p1a: Snake\n|-damage|p1a: Snake|0 fnt\n|faint|p1a: Snake\n|move|p2b: Angelo|Hidden Power|p1b: Rana Qliaa\n|-supereffective|p1b: Rana Qliaa\n|-damage|p1b: Rana Qliaa|9\/100\n|move|p1b: Rana Qliaa|Earthquake|p2a: Jos\u00e9|[spread] p2a,p2b\n|-supereffective|p2a: Jos\u00e9\n|-supereffective|p2b: Angelo\n|-damage|p2a: Jos\u00e9|21\/100\n|-damage|p2b: Angelo|48\/100\n|\n|-weather|SunnyDay|[upkeep]\n|upkeep\n|\n|t:|1696262245\n|switch|p1a: K\u0101v|Ceruledge, M|100\/100\n|-damage|p1a: K\u0101v|76\/100|[from] Stealth Rock\n|turn|8\n|inactive|Pablopinto12 has 270 seconds left.\n|\n|t:|1696262266\n|switch|p2b: Marcela|Toxapex, F, shiny|51\/100\n|move|p2a: Jos\u00e9|Pyro Ball|p1b: Rana Qliaa\n|-resisted|p1b: Rana Qliaa\n|-damage|p1b: Rana Qliaa|0 fnt\n|faint|p1b: Rana Qliaa\n|-zpower|p1a: K\u0101v\n|move|p1a: K\u0101v|Never-Ending Nightmare|p2b: Marcela|[zeffect]\n|-damage|p2b: Marcela|1\/100\n|\n|-weather|none\n|-heal|p2b: Marcela|7\/100|[from] item: Black Sludge\n|upkeep\n|\n|t:|1696262282\n|switch|p1b: Choro-Y|Scizor, M, shiny|100\/100\n|-damage|p1b: Choro-Y|88\/100|[from] Stealth Rock\n|turn|9\n|\n|t:|1696262303\n|move|p2b: Marcela|Baneful Bunker|p2b: Marcela\n|-singleturn|p2b: Marcela|move: Protect\n|move|p1b: Choro-Y|Bullet Punch|p2a: Jos\u00e9\n|-resisted|p2a: Jos\u00e9\n|-damage|p2a: Jos\u00e9|2\/100\n|move|p2a: Jos\u00e9|Pyro Ball|p1b: Choro-Y\n|-supereffective|p1b: Choro-Y\n|-damage|p1b: Choro-Y|0 fnt\n|faint|p1b: Choro-Y\n|move|p1a: K\u0101v|Shadow Claw|p2b: Marcela\n|-activate|p2b: Marcela|move: Protect\n|-status|p1a: K\u0101v|psn\n|\n|-heal|p2b: Marcela|14\/100|[from] item: Black Sludge\n|-damage|p1a: K\u0101v|63\/100 psn|[from] psn\n|upkeep\n|inactive|Nickalip has 270 seconds left.\n|\n|t:|1696262320\n|switch|p1b: Himiko|Gardevoir, F|100\/100\n|-damage|p1b: Himiko|88\/100|[from] Stealth Rock\n|-ability|p1b: Himiko|Libero|[from] ability: Trace|[of] p2a: Jos\u00e9\n|turn|10\n|\n|t:|1696262342\n|detailschange|p1b: Himiko|Gardevoir-Mega, F\n|-mega|p1b: Himiko|Gardevoir|Gardevoirite\n|move|p2a: Jos\u00e9|Pyro Ball|p1b: Himiko\n|-damage|p1b: Himiko|0 fnt\n|faint|p1b: Himiko\n|move|p1a: K\u0101v|Shadow Claw|p2a: Jos\u00e9\n|-damage|p2a: Jos\u00e9|0 fnt\n|faint|p2a: Jos\u00e9\n|move|p2b: Marcela|Liquidation|p1a: K\u0101v\n|-supereffective|p1a: K\u0101v\n|-damage|p1a: K\u0101v|6\/100 psn\n|-ability|p1a: K\u0101v|Weak Armor|boost\n|-unboost|p1a: K\u0101v|def|1\n|-boost|p1a: K\u0101v|spe|2\n|\n|-heal|p2b: Marcela|20\/100|[from] item: Black Sludge\n|-damage|p1a: K\u0101v|0 fnt|[from] psn\n|faint|p1a: K\u0101v\n|\n|win|Pablopinto12\n|upkeep\n","uploadtime":1696262368,"views":7,"p1id":"nickalip","p2id":"pablopinto12","formatid":"gen9nationaldexdoubles","rating":0,"private":0,"password":""}