{"id":"gen9nationaldexdoubles-1963298060","p1":"Gambriwis","p2":"catepene","format":"[Gen 9] National Dex Doubles","log":"|j|\u2606Gambriwis\n|j|\u2606catepene\n|t:|1696855023\n|gametype|doubles\n|player|p1|Gambriwis|unknownf|1092\n|player|p2|catepene|janitor|1000\n|teamsize|p1|6\n|teamsize|p2|6\n|gen|9\n|tier|[Gen 9] National Dex Doubles\n|rated|\n|rule|HP Percentage Mod: HP is shown in percentages\n|rule|Endless Battle Clause: Forcing endless battles is banned\n|rule|OHKO Clause: OHKO moves are banned\n|rule|Evasion Moves Clause: Evasion moves are banned\n|rule|Evasion Abilities Clause: Evasion abilities are banned\n|rule|Species Clause: Limit one of each Pok\u00e9mon\n|rule|Gravity Sleep Clause: The combination of sleep-inducing moves with imperfect accuracy and Gravity or Gigantamax Orbeetle are banned\n|clearpoke\n|poke|p1|Incineroar, M|\n|poke|p1|Grimmsnarl, M|\n|poke|p1|Gothitelle, F|\n|poke|p1|Flutter Mane|\n|poke|p1|Gengar, F|\n|poke|p1|Gliscor, F|\n|poke|p2|Clamperl, M|\n|poke|p2|Araquanid, F|\n|poke|p2|Pelipper, M|\n|poke|p2|Ogerpon-Wellspring, F|\n|poke|p2|Ribombee, M|\n|poke|p2|Omastar, F|\n|teampreview\n|\n|t:|1696855033\n|start\n|switch|p1a: Incineroar|Incineroar, M|100\/100\n|switch|p1b: Grimmsnarl|Grimmsnarl, M|100\/100\n|switch|p2a: Pelipper|Pelipper, M|100\/100\n|switch|p2b: Araquanid|Araquanid, F|100\/100\n|-ability|p1a: Incineroar|Intimidate|boost\n|-unboost|p2a: Pelipper|atk|1\n|-unboost|p2b: Araquanid|atk|1\n|-weather|RainDance|[from] ability: Drizzle|[of] p2a: Pelipper\n|turn|1\n|\n|t:|1696855056\n|move|p1a: Incineroar|Fake Out|p2b: Araquanid\n|-damage|p2b: Araquanid|84\/100\n|move|p1b: Grimmsnarl|Light Screen|p1b: Grimmsnarl\n|-sidestart|p1: Gambriwis|move: Light Screen\n|move|p2a: Pelipper|U-turn|p1b: Grimmsnarl\n|-damage|p1b: Grimmsnarl|93\/100\n|\n|t:|1696855063\n|switch|p2a: Clamperl|Clamperl, M|100\/100|[from] U-turn\n|cant|p2b: Araquanid|flinch\n|\n|-weather|RainDance|[upkeep]\n|-heal|p2b: Araquanid|90\/100|[from] item: Leftovers\n|upkeep\n|turn|2\n|\n|t:|1696855077\n|-terastallize|p2a: Clamperl|Water\n|move|p2a: Clamperl|Protect|p2a: Clamperl\n|-singleturn|p2a: Clamperl|Protect\n|move|p1b: Grimmsnarl|Reflect|p1b: Grimmsnarl\n|-sidestart|p1: Gambriwis|Reflect\n|move|p1a: Incineroar|Parting Shot|p2a: Clamperl\n|-activate|p2a: Clamperl|move: Protect\n|move|p2b: Araquanid|Entrainment|p2a: Clamperl\n|-activate|p2a: Clamperl|move: Protect\n|\n|-weather|RainDance|[upkeep]\n|-heal|p2b: Araquanid|97\/100|[from] item: Leftovers\n|upkeep\n|turn|3\n|\n|t:|1696855138\n|switch|p2b: Ribombee|Ribombee, M|100\/100\n|move|p1a: Incineroar|Parting Shot|p2a: Clamperl\n|-unboost|p2a: Clamperl|atk|1\n|-unboost|p2a: Clamperl|spa|1\n|\n|t:|1696855161\n|switch|p1a: Gengar|Gengar, F|100\/100|[from] Parting Shot\n|move|p1b: Grimmsnarl|Spirit Break|p2a: Clamperl\n|-damage|p2a: Clamperl|43\/100\n|-unboost|p2a: Clamperl|spa|1\n|move|p2a: Clamperl|Surf|p1b: Grimmsnarl|[spread] p2b,p1a,p1b\n|-crit|p1b: Grimmsnarl\n|-damage|p2b: Ribombee|4\/100\n|-damage|p1a: Gengar|56\/100\n|-damage|p1b: Grimmsnarl|0 fnt\n|faint|p1b: Grimmsnarl\n|\n|-weather|RainDance|[upkeep]\n|upkeep\n|\n|t:|1696855181\n|switch|p1b: Flutter Mane|Flutter Mane|100\/100\n|turn|4\n|\n|t:|1696855195\n|move|p1a: Gengar|Protect|p1a: Gengar\n|-singleturn|p1a: Gengar|Protect\n|move|p1b: Flutter Mane|Dazzling Gleam|p2a: Clamperl|[spread] p2a,p2b\n|-damage|p2a: Clamperl|0 fnt\n|-damage|p2b: Ribombee|0 fnt\n|faint|p2a: Clamperl\n|faint|p2b: Ribombee\n|-damage|p1b: Flutter Mane|91\/100|[from] item: Life Orb\n|\n|-weather|RainDance|[upkeep]\n|upkeep\n|\n|t:|1696855211\n|switch|p2b: Omastar|Omastar, F|100\/100\n|switch|p2a: Ogerpon|Ogerpon-Wellspring, F|100\/100\n|turn|5\n|\n|t:|1696855237\n|move|p2a: Ogerpon|Spiky Shield|p2a: Ogerpon\n|-singleturn|p2a: Ogerpon|move: Protect\n|move|p2b: Omastar|Surf|p1b: Flutter Mane|[spread] p1a,p1b\n|-activate|p2a: Ogerpon|move: Protect\n|-damage|p1a: Gengar|5\/100\n|-damage|p1b: Flutter Mane|51\/100\n|move|p1b: Flutter Mane|Perish Song|p1b: Flutter Mane\n|-start|p1a: Gengar|perish3|[silent]\n|-start|p1b: Flutter Mane|perish3|[silent]\n|-start|p2a: Ogerpon|perish3|[silent]\n|-start|p2b: Omastar|perish3|[silent]\n|-fieldactivate|move: Perish Song\n|move|p1a: Gengar|Destiny Bond|p1a: Gengar\n|-singlemove|p1a: Gengar|Destiny Bond\n|\n|-weather|RainDance|[upkeep]\n|-start|p2b: Omastar|perish3\n|-start|p1b: Flutter Mane|perish3\n|-start|p1a: Gengar|perish3\n|-start|p2a: Ogerpon|perish3\n|upkeep\n|turn|6\n|\n|t:|1696855266\n|-end|p1b: Flutter Mane|Protosynthesis|[silent]\n|switch|p1b: Banshee|Gothitelle, F|100\/100\n|move|p2b: Omastar|Surf|p1a: Gengar|[spread] p1a,p1b\n|-immune|p2a: Ogerpon|[from] ability: Water Absorb\n|-damage|p1a: Gengar|0 fnt\n|-damage|p1b: Banshee|69\/100\n|-start|p2b: Omastar|Disable|Surf|[from] ability: Cursed Body|[of] p1a: Gengar\n|faint|p1a: Gengar\n|-activate|p1a: Gengar|move: Destiny Bond\n|faint|p2b: Omastar\n|move|p2a: Ogerpon|Horn Leech|p1b: Banshee\n|-damage|p1b: Banshee|45\/100\n|\n|-weather|RainDance|[upkeep]\n|-heal|p1b: Banshee|51\/100|[from] item: Leftovers\n|-start|p2a: Ogerpon|perish2\n|upkeep\n|\n|t:|1696855285\n|switch|p1a: Incineroar|Incineroar, M|100\/100\n|switch|p2b: Pelipper|Pelipper, M|100\/100\n|-ability|p1a: Incineroar|Intimidate|boost\n|-unboost|p2a: Ogerpon|atk|1\n|-unboost|p2b: Pelipper|atk|1\n|turn|7\n|\n|t:|1696855301\n|move|p1b: Banshee|Protect|p1b: Banshee\n|-singleturn|p1b: Banshee|Protect\n|move|p1a: Incineroar|Fake Out|p2b: Pelipper\n|-damage|p2b: Pelipper|86\/100\n|move|p2a: Ogerpon|Horn Leech|p1b: Banshee\n|-activate|p1b: Banshee|move: Protect\n|cant|p2b: Pelipper|flinch\n|\n|-weather|RainDance|[upkeep]\n|-heal|p1b: Banshee|57\/100|[from] item: Leftovers\n|-start|p2a: Ogerpon|perish1\n|upkeep\n|turn|8\n|\n|t:|1696855340\n|switch|p1b: Gliscor|Gliscor, F|100\/100\n|move|p2a: Ogerpon|Horn Leech|p1b: Gliscor\n|-damage|p1b: Gliscor|78\/100\n|move|p1a: Incineroar|Parting Shot|p2b: Pelipper\n|-unboost|p2b: Pelipper|atk|1\n|-unboost|p2b: Pelipper|spa|1\n|\n|t:|1696855356\n|switch|p1a: Banshee|Gothitelle, F|57\/100|[from] Parting Shot\n|move|p2b: Pelipper|Hydro Pump|p1a: Banshee|[miss]\n|-miss|p2b: Pelipper|p1a: Banshee\n|\n|-weather|none\n|-heal|p1a: Banshee|64\/100|[from] item: Leftovers\n|-start|p2a: Ogerpon|perish0\n|faint|p2a: Ogerpon\n|-sideend|p1: Gambriwis|move: Light Screen\n|-status|p1b: Gliscor|tox|[from] item: Toxic Orb\n|upkeep\n|-message|catepene forfeited.\n|\n|win|Gambriwis\n|raw|Gambriwis's rating: 1092 &rarr; <strong>1111<\/strong><br \/>(+19 for winning)\n|raw|catepene's rating: 1000 &rarr; <strong>1000<\/strong><br \/>(+0 for losing)\n|l|\u2606catepene\n|c|\u2606Gambriwis|GG, WP\n","uploadtime":1696855379,"views":10,"p1id":"gambriwis","p2id":"catepene","formatid":"gen9nationaldexdoubles","rating":1000,"private":0,"password":""}