{"id":"gen9nationaldexdoubles-1973716366","p1":"Evaniidae","p2":"MightySalmon","format":"[Gen 9] National Dex Doubles","log":"|j|\u2606Evaniidae\n|j|\u2606MightySalmon\n|t:|1698006292\n|gametype|doubles\n|player|p1|Evaniidae|rosa|\n|player|p2|MightySalmon|harlequin|\n|teamsize|p1|6\n|teamsize|p2|6\n|gen|9\n|tier|[Gen 9] National Dex Doubles\n|rule|HP Percentage Mod: HP is shown in percentages\n|rule|Endless Battle Clause: Forcing endless battles is banned\n|rule|OHKO Clause: OHKO moves are banned\n|rule|Evasion Moves Clause: Evasion moves are banned\n|rule|Evasion Abilities Clause: Evasion abilities are banned\n|rule|Species Clause: Limit one of each Pok\u00e9mon\n|rule|Gravity Sleep Clause: The combination of sleep-inducing moves with imperfect accuracy and Gravity or Gigantamax Orbeetle are banned\n|clearpoke\n|poke|p1|Raichu, M|\n|poke|p1|Ampharos, M|\n|poke|p1|Luxray, M|\n|poke|p1|Zebstrika, M|\n|poke|p1|Eelektross, F|\n|poke|p1|Jolteon, F|\n|poke|p2|Ceruledge, M|\n|poke|p2|Ninetales, F|\n|poke|p2|Delphox, F|\n|poke|p2|Infernape, M|\n|poke|p2|Magcargo, M|\n|poke|p2|Talonflame, F|\n|teampreview\n|\n|t:|1698006304\n|start\n|switch|p1a: Raichu|Raichu, M|100\/100\n|switch|p1b: Ampharos|Ampharos, M|100\/100\n|switch|p2a: Ninetales|Ninetales, F|100\/100\n|switch|p2b: Delphox|Delphox, F|100\/100\n|-weather|SunnyDay|[from] ability: Drought|[of] p2a: Ninetales\n|turn|1\n|\n|t:|1698006330\n|move|p1a: Raichu|Surf|p2a: Ninetales|[spread] p1b,p2a,p2b\n|-supereffective|p2a: Ninetales\n|-supereffective|p2b: Delphox\n|-damage|p1b: Ampharos|91\/100\n|-damage|p2a: Ninetales|83\/100\n|-damage|p2b: Delphox|79\/100\n|move|p2b: Delphox|Fire Blast|p1a: Raichu\n|-damage|p1a: Raichu|0 fnt\n|faint|p1a: Raichu\n|move|p2a: Ninetales|Encore||[still]\n|-fail|p2a: Ninetales\n|move|p1b: Ampharos|Dragon Pulse|p2a: Ninetales\n|-damage|p2a: Ninetales|52\/100\n|\n|-weather|SunnyDay|[upkeep]\n|-heal|p2b: Delphox|85\/100|[from] item: Leftovers\n|upkeep\n|\n|t:|1698006350\n|switch|p1a: Eelektross|Eelektross, F|100\/100\n|turn|2\n|\n|t:|1698006378\n|move|p2b: Delphox|Fire Blast|p1b: Ampharos\n|-damage|p1b: Ampharos|21\/100\n|move|p2a: Ninetales|Encore||[still]\n|-fail|p2a: Ninetales\n|move|p1a: Eelektross|Knock Off|p2a: Ninetales\n|-crit|p2a: Ninetales\n|-damage|p2a: Ninetales|5\/100\n|-enditem|p2a: Ninetales|Expert Belt|[from] move: Knock Off|[of] p1a: Eelektross\n|move|p1b: Ampharos|Dragon Pulse|p2b: Delphox\n|-damage|p2b: Delphox|49\/100\n|\n|-weather|SunnyDay|[upkeep]\n|-heal|p2b: Delphox|55\/100|[from] item: Leftovers\n|upkeep\n|turn|3\n|\n|t:|1698006422\n|move|p2b: Delphox|Fire Punch|p1a: Eelektross\n|-damage|p1a: Eelektross|71\/100\n|move|p2a: Ninetales|Flamethrower|p1b: Ampharos\n|-damage|p1b: Ampharos|0 fnt\n|faint|p1b: Ampharos\n|move|p1a: Eelektross|Knock Off|p2a: Ninetales\n|-damage|p2a: Ninetales|0 fnt\n|faint|p2a: Ninetales\n|\n|-weather|SunnyDay|[upkeep]\n|-heal|p2b: Delphox|61\/100|[from] item: Leftovers\n|upkeep\n|\n|t:|1698006434\n|switch|p2a: Ceruledge|Ceruledge, M|100\/100\n|switch|p1b: Luxray|Luxray, M|100\/100\n|-ability|p1b: Luxray|Intimidate|boost\n|-unboost|p2a: Ceruledge|atk|1\n|-unboost|p2b: Delphox|atk|1\n|turn|4\n|\n|t:|1698006460\n|move|p2b: Delphox|Fire Blast|p1a: Eelektross\n|-damage|p1a: Eelektross|18\/100\n|move|p2a: Ceruledge|Dragon Claw|p1b: Luxray\n|-damage|p1b: Luxray|78\/100\n|move|p1b: Luxray|Crunch|p2b: Delphox\n|-supereffective|p2b: Delphox\n|-damage|p2b: Delphox|0 fnt\n|faint|p2b: Delphox\n|-damage|p1b: Luxray|68\/100|[from] item: Life Orb\n|move|p1a: Eelektross|Knock Off|p2a: Ceruledge\n|-supereffective|p2a: Ceruledge\n|-damage|p2a: Ceruledge|28\/100\n|-enditem|p2a: Ceruledge|Expert Belt|[from] move: Knock Off|[of] p1a: Eelektross\n|\n|-weather|SunnyDay|[upkeep]\n|upkeep\n|\n|t:|1698006479\n|switch|p2b: Talonflame|Talonflame, F|100\/100\n|turn|5\n|\n|t:|1698006490\n|move|p2b: Talonflame|Dual Wingbeat|p1b: Luxray\n|-resisted|p1b: Luxray\n|-damage|p1b: Luxray|60\/100\n|-resisted|p1b: Luxray\n|-damage|p1b: Luxray|52\/100\n|-hitcount|p1b: Luxray|2\n|move|p2a: Ceruledge|Destiny Bond|p2a: Ceruledge\n|-singlemove|p2a: Ceruledge|Destiny Bond\n|move|p1b: Luxray|Thunderbolt|p2b: Talonflame\n|-supereffective|p2b: Talonflame\n|-damage|p2b: Talonflame|0 fnt\n|faint|p2b: Talonflame\n|-damage|p1b: Luxray|42\/100|[from] item: Life Orb\n|move|p1a: Eelektross|Knock Off|p2a: Ceruledge\n|-supereffective|p2a: Ceruledge\n|-damage|p2a: Ceruledge|0 fnt\n|faint|p2a: Ceruledge\n|-activate|p2a: Ceruledge|move: Destiny Bond\n|faint|p1a: Eelektross\n|\n|-weather|none\n|upkeep\n|\n|t:|1698006508\n|switch|p2b: Magcargo|Magcargo, M|100\/100\n|switch|p2a: Infernape|Infernape, M|100\/100\n|switch|p1a: Jolteon|Jolteon, F|100\/100\n|turn|6\n|\n|t:|1698006528\n|move|p1a: Jolteon|Thunderbolt|p2a: Infernape\n|-damage|p2a: Infernape|34\/100\n|move|p2a: Infernape|Fire Punch|p1a: Jolteon\n|-damage|p1a: Jolteon|35\/100\n|move|p1b: Luxray|Crunch|p2a: Infernape\n|-resisted|p2a: Infernape\n|-damage|p2a: Infernape|11\/100\n|-damage|p1b: Luxray|26\/100|[from] item: Rocky Helmet|[of] p2a: Infernape\n|-damage|p1b: Luxray|16\/100|[from] item: Life Orb\n|move|p2b: Magcargo|Body Slam|p1b: Luxray\n|-damage|p1b: Luxray|0 fnt\n|faint|p1b: Luxray\n|\n|-heal|p1a: Jolteon|41\/100|[from] item: Leftovers\n|upkeep\n|\n|t:|1698006542\n|switch|p1b: Zebstrika|Zebstrika, M|100\/100\n|turn|7\n|\n|t:|1698006574\n|move|p1a: Jolteon|Thunderbolt|p1b: Zebstrika\n|-activate|p1b: Zebstrika|ability: Lightning Rod\n|-ability|p1b: Zebstrika|Lightning Rod|boost\n|-boost|p1b: Zebstrika|spa|1\n|move|p2a: Infernape|Drain Punch|p1a: Jolteon\n|-damage|p1a: Jolteon|0 fnt\n|-heal|p2a: Infernape|32\/100|[from] drain|[of] p1a: Jolteon\n|faint|p1a: Jolteon\n|move|p1b: Zebstrika|Pursuit|p2b: Magcargo\n|-damage|p2b: Magcargo|93\/100\n|move|p2b: Magcargo|Flamethrower|p1b: Zebstrika\n|-damage|p1b: Zebstrika|49\/100\n|\n|upkeep\n|turn|8\n|\n|t:|1698006596\n|move|p2a: Infernape|Drain Punch|p1b: Zebstrika\n|-damage|p1b: Zebstrika|0 fnt\n|-heal|p2a: Infernape|56\/100|[from] drain|[of] p1b: Zebstrika\n|faint|p1b: Zebstrika\n|\n|win|MightySalmon\n|l|\u2606MightySalmon\n","uploadtime":1698007695,"views":6,"p1id":"evaniidae","p2id":"mightysalmon","formatid":"gen9nationaldexdoubles","rating":0,"private":0,"password":""}