{"id":"gen9nationaldexdoubles-1994958262","p1":"Thatfunniguy","p2":"Immagamer","format":"[Gen 9] National Dex Doubles","log":"|j|\u2606Thatfunniguy\n|j|\u2606Immagamer\n|t:|1700508105\n|gametype|doubles\n|player|p1|Thatfunniguy|fisherman-gen4|1183\n|player|p2|Immagamer|lucas|1378\n|teamsize|p1|6\n|teamsize|p2|6\n|gen|9\n|tier|[Gen 9] National Dex Doubles\n|rated|\n|rule|HP Percentage Mod: HP is shown in percentages\n|rule|Endless Battle Clause: Forcing endless battles is banned\n|rule|OHKO Clause: OHKO moves are banned\n|rule|Evasion Moves Clause: Evasion moves are banned\n|rule|Evasion Abilities Clause: Evasion abilities are banned\n|rule|Species Clause: Limit one of each Pok\u00e9mon\n|rule|Gravity Sleep Clause: The combination of sleep-inducing moves with imperfect accuracy and Gravity or Gigantamax Orbeetle are banned\n|clearpoke\n|poke|p1|Murkrow, F|\n|poke|p1|Eldegoss, F|\n|poke|p1|Serperior, M|\n|poke|p1|Victini|\n|poke|p1|Malamar, M|\n|poke|p1|Deoxys-Attack|\n|poke|p2|Volcarona, F|\n|poke|p2|Mr. Mime, M|\n|poke|p2|Smeargle, M|\n|poke|p2|Indeedee-F, F|\n|poke|p2|Gardevoir, F|\n|poke|p2|Drednaw, M|\n|teampreview\n|inactive|Battle timer is ON: inactive players will automatically lose when time's up. (requested by Immagamer)\n|\n|t:|1700508120\n|start\n|switch|p1a: ZOOMIN|Deoxys-Attack|100\/100\n|switch|p1b: Le Guy|Malamar, M, shiny|100\/100\n|switch|p2a: Volcarona|Volcarona, F|100\/100\n|switch|p2b: Mr. Mime|Mr. Mime, M|100\/100\n|-ability|p1a: ZOOMIN|Pressure\n|turn|1\n|\n|t:|1700508142\n|-terastallize|p1b: Le Guy|Normal\n|move|p1a: ZOOMIN|Role Play|p1b: Le Guy\n|-endability|p1a: ZOOMIN|Pressure|[from] move: Role Play\n|-ability|p1a: ZOOMIN|Contrary|[from] move: Role Play|[of] p1b: Le Guy\n|move|p2a: Volcarona|Quiver Dance|p2a: Volcarona\n|-boost|p2a: Volcarona|spa|1\n|-boost|p2a: Volcarona|spd|1\n|-boost|p2a: Volcarona|spe|1\n|move|p2b: Mr. Mime|Skill Swap|p2a: Volcarona\n|-activate|p2b: Mr. Mime|move: Skill Swap|||[of] p2a: Volcarona\n|move|p1b: Le Guy|Knock Off|p2b: Mr. Mime\n|-damage|p2b: Mr. Mime|47\/100\n|-enditem|p2b: Mr. Mime|Focus Sash|[from] move: Knock Off|[of] p1b: Le Guy\n|\n|upkeep\n|turn|2\n|inactive|Thatfunniguy has 120 seconds left.\n|inactive|Immagamer has 120 seconds left.\n|\n|t:|1700508197\n|move|p2a: Volcarona|Protect|p2a: Volcarona\n|-singleturn|p2a: Volcarona|Protect\n|move|p2b: Mr. Mime|Follow Me|p2b: Mr. Mime\n|-singleturn|p2b: Mr. Mime|move: Follow Me\n|move|p1a: ZOOMIN|Superpower|p2b: Mr. Mime\n|-resisted|p2b: Mr. Mime\n|-damage|p2b: Mr. Mime|33\/100\n|-boost|p1a: ZOOMIN|atk|1\n|-boost|p1a: ZOOMIN|def|1\n|move|p1b: Le Guy|Knock Off|p2b: Mr. Mime\n|-damage|p2b: Mr. Mime|0 fnt\n|faint|p2b: Mr. Mime\n|\n|upkeep\n|\n|t:|1700508207\n|switch|p2b: Indeedee|Indeedee-F, F|100\/100\n|-fieldstart|move: Psychic Terrain|[from] ability: Psychic Surge|[of] p2b: Indeedee\n|turn|3\n|\n|t:|1700508219\n|move|p2b: Indeedee|Follow Me|p2b: Indeedee\n|-singleturn|p2b: Indeedee|move: Follow Me\n|move|p2a: Volcarona|Quiver Dance|p2a: Volcarona\n|-boost|p2a: Volcarona|spa|1\n|-boost|p2a: Volcarona|spd|1\n|-boost|p2a: Volcarona|spe|1\n|move|p1a: ZOOMIN|Superpower|p2b: Indeedee\n|-enditem|p2b: Indeedee|Focus Sash\n|-damage|p2b: Indeedee|1\/100\n|-boost|p1a: ZOOMIN|atk|1\n|-boost|p1a: ZOOMIN|def|1\n|move|p1b: Le Guy|Knock Off|p2b: Indeedee\n|-supereffective|p2b: Indeedee\n|-damage|p2b: Indeedee|0 fnt\n|faint|p2b: Indeedee\n|\n|upkeep\n|\n|t:|1700508229\n|switch|p2b: Smeargle|Smeargle, M|100\/100\n|turn|4\n|\n|t:|1700508239\n|move|p2b: Smeargle|Follow Me|p2b: Smeargle\n|-singleturn|p2b: Smeargle|move: Follow Me\n|move|p2a: Volcarona|Silver Wind|p1b: Le Guy\n|-damage|p1b: Le Guy|0 fnt\n|faint|p1b: Le Guy\n|move|p1a: ZOOMIN|Superpower|p2b: Smeargle\n|-supereffective|p2b: Smeargle\n|-enditem|p2b: Smeargle|Focus Sash\n|-damage|p2b: Smeargle|1\/100\n|-boost|p1a: ZOOMIN|atk|1\n|-boost|p1a: ZOOMIN|def|1\n|\n|upkeep\n|\n|t:|1700508248\n|switch|p1b: Caesar|Murkrow, F|100\/100\n|turn|5\n|\n|t:|1700508260\n|move|p1a: ZOOMIN|Extreme Speed|p2a: Volcarona\n|-activate|p2a: Volcarona|move: Psychic Terrain\n|move|p2b: Smeargle|Follow Me|p2b: Smeargle\n|-singleturn|p2b: Smeargle|move: Follow Me\n|move|p1b: Caesar|Defog|p2b: Smeargle\n|-activate|p2b: Smeargle|move: Psychic Terrain\n|move|p2a: Volcarona|Silver Wind|p1b: Caesar\n|-damage|p1b: Caesar|23\/100\n|\n|upkeep\n|turn|6\n|\n|t:|1700508281\n|-terastallize|p2a: Volcarona|Ghost\n|move|p2b: Smeargle|Follow Me|p2b: Smeargle\n|-singleturn|p2b: Smeargle|move: Follow Me\n|move|p1b: Caesar|Defog|p2b: Smeargle\n|-activate|p2b: Smeargle|move: Psychic Terrain\n|move|p2a: Volcarona|Silver Wind|p1b: Caesar\n|-damage|p1b: Caesar|0 fnt\n|faint|p1b: Caesar\n|move|p1a: ZOOMIN|Superpower|p2b: Smeargle\n|-supereffective|p2b: Smeargle\n|-damage|p2b: Smeargle|0 fnt\n|-boost|p1a: ZOOMIN|atk|1\n|-boost|p1a: ZOOMIN|def|1\n|faint|p2b: Smeargle\n|\n|upkeep\n|\n|t:|1700508309\n|switch|p2b: Gardevoir|Gardevoir, F|100\/100\n|switch|p1b: Slow down|Eldegoss, F|100\/100\n|turn|7\n|\n|t:|1700508319\n|detailschange|p2b: Gardevoir|Gardevoir-Mega, F\n|-mega|p2b: Gardevoir|Gardevoir|Gardevoirite\n|move|p2a: Volcarona|Hidden Power|p1a: ZOOMIN\n|-supereffective|p1a: ZOOMIN\n|-enditem|p1a: ZOOMIN|Focus Sash\n|-damage|p1a: ZOOMIN|1\/100\n|move|p1a: ZOOMIN|Psycho Boost|p1b: Slow down\n|-damage|p1b: Slow down|25\/100\n|-boost|p1a: ZOOMIN|spa|2\n|-ability|p1b: Slow down|Cotton Down\n|-boost|p1a: ZOOMIN|spe|1\n|-unboost|p2a: Volcarona|spe|1\n|-unboost|p2b: Gardevoir|spe|1\n|-enditem|p1b: Slow down|Sitrus Berry|[eat]\n|-heal|p1b: Slow down|50\/100|[from] item: Sitrus Berry\n|move|p2b: Gardevoir|Psych Up|p2a: Volcarona\n|-copyboost|p2b: Gardevoir|p2a: Volcarona|[from] move: Psych Up\n|move|p1b: Slow down|Sleep Powder|p2a: Volcarona\n|-status|p2a: Volcarona|slp|[from] move: Sleep Powder\n|\n|-fieldend|move: Psychic Terrain\n|upkeep\n|turn|8\n|\n|t:|1700508346\n|move|p2b: Gardevoir|Protect|p2b: Gardevoir\n|-singleturn|p2b: Gardevoir|Protect\n|cant|p2a: Volcarona|slp\n|move|p1a: ZOOMIN|Extreme Speed|p2b: Gardevoir\n|-activate|p2b: Gardevoir|move: Protect\n|move|p1b: Slow down|Pollen Puff|p1a: ZOOMIN\n|-heal|p1a: ZOOMIN|51\/100\n|\n|upkeep\n|turn|9\n|inactive|Immagamer has 120 seconds left.\n|\n|t:|1700508387\n|move|p2b: Gardevoir|Protect|p2b: Gardevoir\n|-singleturn|p2b: Gardevoir|Protect\n|move|p1a: ZOOMIN|Extreme Speed|p2b: Gardevoir\n|-activate|p2b: Gardevoir|move: Protect\n|cant|p2a: Volcarona|slp\n|move|p1b: Slow down|Pollen Puff|p1a: ZOOMIN\n|-heal|p1a: ZOOMIN|100\/100\n|\n|upkeep\n|turn|10\n|inactive|Immagamer has 120 seconds left.\n|c|\u2606Thatfunniguy|R u serious rn\n|\n|t:|1700508415\n|move|p1a: ZOOMIN|Extreme Speed|p2b: Gardevoir\n|-damage|p2b: Gardevoir|0 fnt\n|faint|p2b: Gardevoir\n|cant|p2a: Volcarona|slp\n|move|p1b: Slow down|Sleep Powder|p2a: Volcarona|[miss]\n|-miss|p1b: Slow down|p2a: Volcarona\n|\n|upkeep\n|c|\u2606Thatfunniguy|i wish my luck was that good\n|\n|t:|1700508427\n|switch|p2b: Drednaw|Drednaw, M|100\/100\n|turn|11\n|\n|t:|1700508434\n|move|p2b: Drednaw|Protect|p2b: Drednaw\n|-singleturn|p2b: Drednaw|Protect\n|move|p1a: ZOOMIN|Psycho Boost|p2a: Volcarona\n|-damage|p2a: Volcarona|19\/100 slp\n|-boost|p1a: ZOOMIN|spa|2\n|-curestatus|p2a: Volcarona|slp|[msg]\n|move|p2a: Volcarona|Silver Wind|p1a: ZOOMIN\n|-supereffective|p1a: ZOOMIN\n|-damage|p1a: ZOOMIN|0 fnt\n|faint|p1a: ZOOMIN\n|move|p1b: Slow down|Sleep Powder|p2b: Drednaw\n|-activate|p2b: Drednaw|move: Protect\n|\n|upkeep\n|\n|t:|1700508454\n|switch|p1a: Snek|Serperior, M|100\/100\n|turn|12\n|\n|t:|1700508463\n|move|p2a: Volcarona|Silver Wind|p1a: Snek\n|-supereffective|p1a: Snek\n|-damage|p1a: Snek|0 fnt\n|faint|p1a: Snek\n|move|p2b: Drednaw|Shell Smash|p2b: Drednaw\n|-unboost|p2b: Drednaw|def|1\n|-unboost|p2b: Drednaw|spd|1\n|-boost|p2b: Drednaw|atk|2\n|-boost|p2b: Drednaw|spa|2\n|-boost|p2b: Drednaw|spe|2\n|-enditem|p2b: Drednaw|White Herb\n|-clearnegativeboost|p2b: Drednaw|[silent]\n|move|p1b: Slow down|Sleep Powder|p2a: Volcarona\n|-status|p2a: Volcarona|slp|[from] move: Sleep Powder\n|\n|upkeep\n|\n|t:|1700508469\n|switch|p1a: VICTORY|Victini|100\/100\n|turn|13\n|\n|t:|1700508481\n|move|p2b: Drednaw|Crunch|p1a: VICTORY\n|-supereffective|p1a: VICTORY\n|-damage|p1a: VICTORY|0 fnt\n|faint|p1a: VICTORY\n|cant|p2a: Volcarona|slp\n|move|p1b: Slow down|Sleep Powder|p2b: Drednaw\n|-status|p2b: Drednaw|slp|[from] move: Sleep Powder\n|\n|upkeep\n|turn|14\n|c|\u2606Thatfunniguy|OF COURSE I MISS\n|-message|Thatfunniguy forfeited.\n|\n|win|Immagamer\n|raw|Thatfunniguy's rating: 1183 &rarr; <strong>1171<\/strong><br \/>(-12 for losing)\n|raw|Immagamer's rating: 1378 &rarr; <strong>1388<\/strong><br \/>(+10 for winning)\n|l|\u2606Thatfunniguy\n","uploadtime":1700508495,"views":22,"p1id":"thatfunniguy","p2id":"immagamer","formatid":"gen9nationaldexdoubles","rating":1171,"private":0,"password":""}