{"id":"gen9nationaldexdoubles-1953037853","p1":"CloverGrover","p2":"kick back crossed","format":"[Gen 9] National Dex Doubles","log":"|j|\u2606CloverGrover\n|j|\u203dkick back crossed\n|t:|1695749380\n|gametype|doubles\n|player|p1|CloverGrover|ghetsis|1291\n|player|p2|kick back crossed|emmet|1108\n|teamsize|p1|6\n|teamsize|p2|6\n|gen|9\n|tier|[Gen 9] National Dex Doubles\n|rated|\n|rule|HP Percentage Mod: HP is shown in percentages\n|rule|Endless Battle Clause: Forcing endless battles is banned\n|rule|OHKO Clause: OHKO moves are banned\n|rule|Evasion Moves Clause: Evasion moves are banned\n|rule|Evasion Abilities Clause: Evasion abilities are banned\n|rule|Species Clause: Limit one of each Pok\u00e9mon\n|rule|Gravity Sleep Clause: The combination of sleep-inducing moves with imperfect accuracy and Gravity or Gigantamax Orbeetle are banned\n|clearpoke\n|poke|p1|Torkoal, F|\n|poke|p1|Murkrow, M|\n|poke|p1|Chi-Yu|\n|poke|p1|Flutter Mane|\n|poke|p1|Chien-Pao|\n|poke|p1|Indeedee-F, F|\n|poke|p2|Falinks|\n|poke|p2|Marshadow|\n|poke|p2|Flamigo, F|\n|poke|p2|Latios, M|\n|poke|p2|Kommo-o, F|\n|poke|p2|Sinistcha-Masterpiece|\n|teampreview\n|inactive|Battle timer is ON: inactive players will automatically lose when time's up. (requested by CloverGrover)\n|\n|t:|1695749389\n|start\n|switch|p1a: Torkoal|Torkoal, F|100\/100\n|switch|p1b: Murkrow|Murkrow, M|100\/100\n|switch|p2a: Marshadow|Marshadow|100\/100\n|switch|p2b: Falinks|Falinks|100\/100\n|-weather|SunnyDay|[from] ability: Drought|[of] p1a: Torkoal\n|turn|1\n|\n|t:|1695749406\n|-terastallize|p2b: Falinks|Ghost\n|move|p1b: Murkrow|Taunt|p2b: Falinks\n|-start|p2b: Falinks|move: Taunt\n|move|p2a: Marshadow|Fling|p2b: Falinks\n|-supereffective|p2b: Falinks\n|-damage|p2b: Falinks|87\/100\n|-boost|p2b: Falinks|spd|1|[from] item: Apicot Berry\n|-enditem|p2b: Falinks|Weakness Policy\n|-boost|p2b: Falinks|atk|2|[from] item: Weakness Policy\n|-boost|p2b: Falinks|spa|2|[from] item: Weakness Policy\n|-enditem|p2a: Marshadow|Apicot Berry|[from] move: Fling\n|cant|p2b: Falinks|move: Taunt|No Retreat\n|move|p1a: Torkoal|Overheat|p2a: Marshadow\n|-damage|p2a: Marshadow|21\/100\n|-unboost|p1a: Torkoal|spa|2\n|-enditem|p1a: Torkoal|Eject Pack\n|\n|t:|1695749422\n|switch|p1a: Chi-Yu|Chi-Yu|100\/100\n|-ability|p1a: Chi-Yu|Beads of Ruin\n|\n|-weather|SunnyDay|[upkeep]\n|upkeep\n|turn|2\n|\n|t:|1695749437\n|move|p1b: Murkrow|Tailwind|p1b: Murkrow\n|-sidestart|p1: CloverGrover|move: Tailwind\n|move|p1a: Chi-Yu|Heat Wave|p2a: Marshadow|[spread] p2a,p2b\n|-damage|p2a: Marshadow|0 fnt\n|-damage|p2b: Falinks|19\/100\n|faint|p2a: Marshadow\n|move|p2b: Falinks|Brick Break|p1a: Chi-Yu\n|-supereffective|p1a: Chi-Yu\n|-damage|p1a: Chi-Yu|0 fnt\n|faint|p1a: Chi-Yu\n|\n|-weather|SunnyDay|[upkeep]\n|upkeep\n|\n|t:|1695749460\n|switch|p1a: Chien-Pao|Chien-Pao|100\/100\n|switch|p2a: Sinistcha|Sinistcha-Masterpiece|100\/100\n|-ability|p1a: Chien-Pao|Sword of Ruin\n|-heal|p2b: Falinks|43\/100|[from] ability: Hospitality|[of] p2a: Sinistcha\n|turn|3\n|\n|t:|1695749474\n|-terastallize|p1a: Chien-Pao|Dark\n|move|p2a: Sinistcha|Rage Powder|p2a: Sinistcha\n|-singleturn|p2a: Sinistcha|move: Rage Powder\n|move|p1a: Chien-Pao|Sucker Punch||[still]\n|-fail|p1a: Chien-Pao\n|move|p1b: Murkrow|Foul Play|p2a: Sinistcha\n|-supereffective|p2a: Sinistcha\n|-damage|p2a: Sinistcha|65\/100\n|-enditem|p2a: Sinistcha|Eject Button\n|\n|t:|1695749486\n|switch|p2a: Flamigo|Flamigo, F|100\/100\n|-copyboost|p2a: Flamigo|p2b: Falinks|[from] ability: Costar\n|move|p2b: Falinks|Brick Break|p1a: Chien-Pao\n|-supereffective|p1a: Chien-Pao\n|-enditem|p1a: Chien-Pao|Focus Sash\n|-damage|p1a: Chien-Pao|1\/100\n|\n|-weather|SunnyDay|[upkeep]\n|-end|p2b: Falinks|move: Taunt\n|upkeep\n|turn|4\n|\n|t:|1695749506\n|move|p1a: Chien-Pao|Sucker Punch||[still]\n|-fail|p1a: Chien-Pao\n|move|p1b: Murkrow|Foul Play|p2a: Flamigo\n|-resisted|p2a: Flamigo\n|-damage|p2a: Flamigo|35\/100\n|move|p2b: Falinks|No Retreat|p2b: Falinks\n|-boost|p2b: Falinks|atk|1\n|-boost|p2b: Falinks|def|1\n|-boost|p2b: Falinks|spa|1\n|-boost|p2b: Falinks|spd|1\n|-boost|p2b: Falinks|spe|1\n|-start|p2b: Falinks|move: No Retreat\n|move|p2a: Flamigo|U-turn|p1a: Chien-Pao\n|-supereffective|p1a: Chien-Pao\n|-damage|p1a: Chien-Pao|0 fnt\n|faint|p1a: Chien-Pao\n|\n|t:|1695749519\n|switch|p2a: Sinistcha|Sinistcha-Masterpiece|65\/100|[from] U-turn\n|-heal|p2b: Falinks|68\/100|[from] ability: Hospitality|[of] p2a: Sinistcha\n|\n|-weather|SunnyDay|[upkeep]\n|upkeep\n|\n|t:|1695749525\n|switch|p1a: Torkoal|Torkoal, F|100\/100\n|turn|5\n|\n|t:|1695749539\n|move|p2a: Sinistcha|Rage Powder|p2a: Sinistcha\n|-singleturn|p2a: Sinistcha|move: Rage Powder\n|move|p1b: Murkrow|Foul Play|p2a: Sinistcha\n|-supereffective|p2a: Sinistcha\n|-crit|p2a: Sinistcha\n|-damage|p2a: Sinistcha|23\/100\n|move|p2b: Falinks|Brick Break|p1a: Torkoal\n|-damage|p1a: Torkoal|55\/100\n|move|p1a: Torkoal|Overheat|p2a: Sinistcha\n|-supereffective|p2a: Sinistcha\n|-damage|p2a: Sinistcha|0 fnt\n|-unboost|p1a: Torkoal|spa|2\n|faint|p2a: Sinistcha\n|\n|-weather|none\n|-sideend|p1: CloverGrover|move: Tailwind\n|upkeep\n|\n|t:|1695749555\n|switch|p2a: Flamigo|Flamigo, F|35\/100\n|-copyboost|p2a: Flamigo|p2b: Falinks|[from] ability: Costar\n|turn|6\n|\n|t:|1695749583\n|move|p1b: Murkrow|Tailwind|p1b: Murkrow\n|-sidestart|p1: CloverGrover|move: Tailwind\n|move|p2b: Falinks|Coaching|p2a: Flamigo\n|-boost|p2a: Flamigo|atk|1\n|-boost|p2a: Flamigo|def|1\n|move|p2a: Flamigo|Double Kick|p1a: Torkoal\n|-damage|p1a: Torkoal|26\/100\n|-damage|p1a: Torkoal|0 fnt\n|faint|p1a: Torkoal\n|-hitcount|p1: Torkoal|2\n|\n|upkeep\n|\n|t:|1695749599\n|switch|p1a: Indeedee|Indeedee-F, F|100\/100\n|-fieldstart|move: Psychic Terrain|[from] ability: Psychic Surge|[of] p1a: Indeedee\n|turn|7\n|\n|t:|1695749610\n|move|p1a: Indeedee|Expanding Force|p2a: Flamigo|[spread] p2a,p2b\n|-supereffective|p2a: Flamigo\n|-damage|p2a: Flamigo|0 fnt\n|-damage|p2b: Falinks|35\/100\n|faint|p2a: Flamigo\n|move|p1b: Murkrow|Foul Play|p2b: Falinks\n|-supereffective|p2b: Falinks\n|-damage|p2b: Falinks|0 fnt\n|faint|p2b: Falinks\n|\n|upkeep\n|\n|t:|1695749619\n|switch|p2b: Latios|Latios, M|100\/100\n|switch|p2a: Kommo-o|Kommo-o, F|100\/100\n|turn|8\n|\n|t:|1695749633\n|detailschange|p2b: Latios|Latios-Mega, M\n|-mega|p2b: Latios|Latios|Latiosite\n|move|p1a: Indeedee|Expanding Force|p2b: Latios|[spread] p2a,p2b\n|-supereffective|p2a: Kommo-o\n|-resisted|p2b: Latios\n|-damage|p2a: Kommo-o|21\/100\n|-damage|p2b: Latios|79\/100\n|move|p1b: Murkrow|Foul Play|p2b: Latios\n|-supereffective|p2b: Latios\n|-damage|p2b: Latios|21\/100\n|move|p2b: Latios|Simple Beam|p2a: Kommo-o\n|-endability|p2a: Kommo-o|Soundproof|[from] move: Simple Beam\n|-ability|p2a: Kommo-o|Simple|[from] move: Simple Beam\n|-zpower|p2a: Kommo-o\n|move|p2a: Kommo-o|Clangorous Soulblaze|p1a: Indeedee|[zeffect]|[spread] p1a,p1b\n|-damage|p1a: Indeedee|48\/100\n|-damage|p1b: Murkrow|64\/100\n|-boost|p2a: Kommo-o|atk|2\n|-boost|p2a: Kommo-o|def|2\n|-boost|p2a: Kommo-o|spa|2\n|-boost|p2a: Kommo-o|spd|2\n|-boost|p2a: Kommo-o|spe|2\n|\n|upkeep\n|turn|9\n|inactive|kick back crossed has 120 seconds left.\n|\n|t:|1695749670\n|move|p1a: Indeedee|Expanding Force|p2a: Kommo-o|[spread] p2a,p2b\n|-supereffective|p2a: Kommo-o\n|-resisted|p2b: Latios\n|-damage|p2a: Kommo-o|0 fnt\n|-damage|p2b: Latios|1\/100\n|faint|p2a: Kommo-o\n|move|p1b: Murkrow|Foul Play|p2b: Latios\n|-supereffective|p2b: Latios\n|-damage|p2b: Latios|0 fnt\n|faint|p2b: Latios\n|\n|win|CloverGrover\n|raw|CloverGrover's rating: 1291 &rarr; <strong>1304<\/strong><br \/>(+13 for winning)\n|raw|kick back crossed's rating: 1108 &rarr; <strong>1095<\/strong><br \/>(-13 for losing)\n|l|\u203dkick back crossed\n","uploadtime":1695749682,"views":10,"p1id":"clovergrover","p2id":"kickbackcrossed","formatid":"gen9nationaldexdoubles","rating":1095,"private":0,"password":""}