{"id":"gen9nationaldexdoubles-1998479408","p1":"El Ryuk456","p2":"Mr Green Tea","format":"[Gen 9] National Dex Doubles","log":"|j|\u2606El Ryuk456\n|j|\u2606Mr Green Tea\n|t:|1700946978\n|gametype|doubles\n|player|p1|El Ryuk456|ingo|1339\n|player|p2|Mr Green Tea|burglar|1224\n|teamsize|p1|6\n|teamsize|p2|6\n|gen|9\n|tier|[Gen 9] National Dex Doubles\n|rated|\n|rule|HP Percentage Mod: HP is shown in percentages\n|rule|Endless Battle Clause: Forcing endless battles is banned\n|rule|OHKO Clause: OHKO moves are banned\n|rule|Evasion Moves Clause: Evasion moves are banned\n|rule|Evasion Abilities Clause: Evasion abilities are banned\n|rule|Species Clause: Limit one of each Pok\u00e9mon\n|rule|Gravity Sleep Clause: The combination of sleep-inducing moves with imperfect accuracy and Gravity or Gigantamax Orbeetle are banned\n|clearpoke\n|poke|p1|Altaria, F|\n|poke|p1|Togekiss, F|\n|poke|p1|Celebi|\n|poke|p1|Medicham, F|\n|poke|p1|Iron Bundle|\n|poke|p1|Indeedee-F, F|\n|poke|p2|Landorus-Therian, M|\n|poke|p2|Grimmsnarl, M|\n|poke|p2|Orthworm, F|\n|poke|p2|Ogerpon-Wellspring, F|\n|poke|p2|Iron Hands|\n|poke|p2|Sinistcha|\n|teampreview\n|\n|t:|1700947012\n|start\n|switch|p1a: Altaria|Altaria, F|100\/100\n|switch|p1b: Medicham|Medicham, F, shiny|100\/100\n|switch|p2a: Grimmsnarl|Grimmsnarl, M|100\/100\n|switch|p2b: Sinistcha|Sinistcha|100\/100\n|-ability|p1a: Altaria|Cloud Nine\n|turn|1\n|\n|t:|1700947030\n|detailschange|p1a: Altaria|Altaria-Mega, F\n|-mega|p1a: Altaria|Altaria|Altarianite\n|move|p1b: Medicham|Fake Out|p2a: Grimmsnarl\n|-damage|p2a: Grimmsnarl|88\/100\n|cant|p2a: Grimmsnarl|flinch\n|move|p1a: Altaria|Cotton Guard|p1a: Altaria\n|-boost|p1a: Altaria|def|3\n|move|p2b: Sinistcha|Matcha Gotcha|p1b: Medicham|[spread] p1a,p1b\n|-resisted|p1a: Altaria\n|-damage|p1a: Altaria|90\/100\n|-damage|p1b: Medicham|75\/100\n|-status|p1b: Medicham|brn\n|\n|-damage|p1b: Medicham|69\/100 brn|[from] brn\n|upkeep\n|turn|2\n|\n|t:|1700947048\n|move|p2a: Grimmsnarl|Light Screen|p2a: Grimmsnarl\n|-sidestart|p2: Mr Green Tea|move: Light Screen\n|move|p1a: Altaria|Hyper Voice|p2a: Grimmsnarl|[spread] p2a,p2b\n|-supereffective|p2a: Grimmsnarl\n|-damage|p2a: Grimmsnarl|54\/100\n|-damage|p2b: Sinistcha|79\/100\n|move|p2b: Sinistcha|Matcha Gotcha|p1b: Medicham|[spread] p1a,p1b\n|-resisted|p1a: Altaria\n|-damage|p1a: Altaria|80\/100\n|-heal|p2b: Sinistcha|85\/100|[from] drain|[of] p1a: Altaria\n|-damage|p1b: Medicham|42\/100 brn\n|-heal|p2b: Sinistcha|98\/100|[from] drain|[of] p1b: Medicham\n|-enditem|p1b: Medicham|Sitrus Berry|[eat]\n|-heal|p1b: Medicham|67\/100 brn|[from] item: Sitrus Berry\n|move|p1b: Medicham|Poison Jab|p2a: Grimmsnarl\n|-supereffective|p2a: Grimmsnarl\n|-damage|p2a: Grimmsnarl|31\/100\n|\n|-damage|p1b: Medicham|60\/100 brn|[from] brn\n|upkeep\n|turn|3\n|\n|t:|1700947075\n|switch|p1b: Togekiss|Togekiss, F|100\/100\n|move|p2a: Grimmsnarl|Parting Shot|p1a: Altaria\n|-unboost|p1a: Altaria|atk|1\n|-unboost|p1a: Altaria|spa|1\n|\n|t:|1700947085\n|switch|p2a: Orthworm|Orthworm, F|100\/100|[from] Parting Shot\n|move|p1a: Altaria|Hyper Voice|p2a: Orthworm|[spread] p2a,p2b\n|-resisted|p2a: Orthworm\n|-damage|p2a: Orthworm|90\/100\n|-damage|p2b: Sinistcha|83\/100\n|move|p2b: Sinistcha|Strength Sap|p1b: Togekiss\n|-unboost|p1b: Togekiss|atk|1\n|-heal|p2b: Sinistcha|100\/100\n|\n|upkeep\n|turn|4\n|inactive|Battle timer is ON: inactive players will automatically lose when time's up. (requested by El Ryuk456)\n|\n|t:|1700947098\n|move|p2b: Sinistcha|Rage Powder|p2b: Sinistcha\n|-singleturn|p2b: Sinistcha|move: Rage Powder\n|move|p1b: Togekiss|Air Slash|p2a: Orthworm\n|-resisted|p2a: Orthworm\n|-damage|p2a: Orthworm|75\/100\n|move|p1a: Altaria|Fire Blast|p2b: Sinistcha\n|-supereffective|p2b: Sinistcha\n|-damage|p2b: Sinistcha|72\/100\n|move|p2a: Orthworm|Iron Head|p1a: Altaria\n|-supereffective|p1a: Altaria\n|-damage|p1a: Altaria|63\/100\n|\n|upkeep\n|turn|5\n|\n|t:|1700947114\n|move|p2b: Sinistcha|Rage Powder|p2b: Sinistcha\n|-singleturn|p2b: Sinistcha|move: Rage Powder\n|move|p1b: Togekiss|Air Slash|p2a: Orthworm\n|-resisted|p2a: Orthworm\n|-damage|p2a: Orthworm|59\/100\n|move|p1a: Altaria|Roost|p1a: Altaria\n|-heal|p1a: Altaria|100\/100\n|-singleturn|p1a: Altaria|move: Roost\n|cant|p2a: Orthworm|flinch\n|\n|upkeep\n|turn|6\n|\n|t:|1700947130\n|move|p2b: Sinistcha|Rage Powder|p2b: Sinistcha\n|-singleturn|p2b: Sinistcha|move: Rage Powder\n|move|p1b: Togekiss|Air Slash|p2a: Orthworm\n|-resisted|p2a: Orthworm\n|-damage|p2a: Orthworm|43\/100\n|-enditem|p2a: Orthworm|Sitrus Berry|[eat]\n|-heal|p2a: Orthworm|68\/100|[from] item: Sitrus Berry\n|move|p1a: Altaria|Hyper Voice|p2a: Orthworm|[spread] p2a,p2b\n|-resisted|p2a: Orthworm\n|-damage|p2a: Orthworm|56\/100\n|-damage|p2b: Sinistcha|58\/100\n|move|p2a: Orthworm|Shed Tail|p2a: Orthworm\n|-start|p2a: Orthworm|Substitute|[from] move: Shed Tail\n|-damage|p2a: Orthworm|6\/100\n|inactive|Mr Green Tea has 120 seconds left.\n|\n|t:|1700947154\n|switch|p2a: Ogerpon|Ogerpon-Wellspring, F|100\/100|[from] Shed Tail\n|\n|upkeep\n|turn|7\n|\n|t:|1700947169\n|move|p2a: Ogerpon|Swords Dance|p2a: Ogerpon\n|-boost|p2a: Ogerpon|atk|2\n|move|p1b: Togekiss|Air Slash|p2a: Ogerpon\n|-supereffective|p2a: Ogerpon\n|-end|p2a: Ogerpon|Substitute\n|move|p1a: Altaria|Hyper Voice|p2a: Ogerpon|[spread] p2a,p2b\n|-damage|p2a: Ogerpon|84\/100\n|-damage|p2b: Sinistcha|43\/100\n|move|p2b: Sinistcha|Matcha Gotcha|p1b: Togekiss|[spread] p1a,p1b\n|-resisted|p1a: Altaria\n|-resisted|p1b: Togekiss\n|-damage|p1a: Altaria|89\/100\n|-heal|p2b: Sinistcha|49\/100|[from] drain|[of] p1a: Altaria\n|-damage|p1b: Togekiss|90\/100\n|-heal|p2b: Sinistcha|55\/100|[from] drain|[of] p1b: Togekiss\n|\n|upkeep\n|turn|8\n|\n|t:|1700947196\n|-terastallize|p2a: Ogerpon|Water\n|detailschange|p2a: Ogerpon|Ogerpon-Wellspring-Tera, F, tera:Water\n|-ability|p2a: Ogerpon|Embody Aspect (Wellspring)|boost\n|-boost|p2a: Ogerpon|spd|1\n|move|p2a: Ogerpon|Ivy Cudgel|p1b: Togekiss|[anim] Ivy Cudgel Water\n|-damage|p1b: Togekiss|0 fnt\n|faint|p1b: Togekiss\n|move|p1a: Altaria|Cotton Guard|p1a: Altaria\n|-boost|p1a: Altaria|def|3\n|move|p2b: Sinistcha|Matcha Gotcha|p1a: Altaria\n|-resisted|p1a: Altaria\n|-damage|p1a: Altaria|76\/100\n|-heal|p2b: Sinistcha|62\/100|[from] drain|[of] p1a: Altaria\n|\n|upkeep\n|\n|t:|1700947211\n|switch|p1b: Medicham|Medicham, F, shiny|60\/100 brn\n|turn|9\n|\n|t:|1700947218\n|move|p1b: Medicham|Fake Out|p2a: Ogerpon\n|-damage|p2a: Ogerpon|77\/100\n|cant|p2a: Ogerpon|flinch\n|move|p1a: Altaria|Hyper Voice|p2a: Ogerpon|[spread] p2a,p2b\n|-damage|p2a: Ogerpon|67\/100\n|-damage|p2b: Sinistcha|48\/100\n|move|p2b: Sinistcha|Strength Sap|p1b: Medicham\n|-unboost|p1b: Medicham|atk|1\n|-heal|p2b: Sinistcha|93\/100\n|\n|-damage|p1b: Medicham|54\/100 brn|[from] brn\n|-sideend|p2: Mr Green Tea|move: Light Screen\n|upkeep\n|turn|10\n|\n|t:|1700947234\n|move|p2a: Ogerpon|Horn Leech|p1b: Medicham\n|-damage|p1b: Medicham|0 fnt\n|-heal|p2a: Ogerpon|96\/100|[from] drain|[of] p1b: Medicham\n|faint|p1b: Medicham\n|move|p1a: Altaria|Hyper Voice|p2b: Sinistcha|[spread] p2a,p2b\n|-crit|p2b: Sinistcha\n|-damage|p2a: Ogerpon|80\/100\n|-damage|p2b: Sinistcha|44\/100\n|move|p2b: Sinistcha|Matcha Gotcha|p1a: Altaria\n|-resisted|p1a: Altaria\n|-damage|p1a: Altaria|63\/100\n|-heal|p2b: Sinistcha|51\/100|[from] drain|[of] p1a: Altaria\n|\n|upkeep\n|\n|t:|1700947244\n|switch|p1b: Iron Bundle|Iron Bundle|100\/100\n|-enditem|p1b: Iron Bundle|Booster Energy\n|-activate|p1b: Iron Bundle|ability: Quark Drive|[fromitem]\n|-start|p1b: Iron Bundle|quarkdrivespe\n|turn|11\n|\n|t:|1700947255\n|-terastallize|p1b: Iron Bundle|Ice\n|move|p2b: Sinistcha|Rage Powder|p2b: Sinistcha\n|-singleturn|p2b: Sinistcha|move: Rage Powder\n|move|p1b: Iron Bundle|Freeze-Dry|p2b: Sinistcha\n|-supereffective|p2b: Sinistcha\n|-damage|p2b: Sinistcha|0 fnt\n|faint|p2b: Sinistcha\n|move|p2a: Ogerpon|Horn Leech|p1b: Iron Bundle\n|-damage|p1b: Iron Bundle|21\/100\n|-heal|p2a: Ogerpon|100\/100|[from] drain|[of] p1b: Iron Bundle\n|move|p1a: Altaria|Hyper Voice|p2a: Ogerpon\n|-damage|p2a: Ogerpon|79\/100\n|\n|upkeep\n|\n|t:|1700947268\n|switch|p2b: Grimmsnarl|Grimmsnarl, M|31\/100\n|turn|12\n|\n|t:|1700947287\n|move|p2b: Grimmsnarl|Light Screen|p2b: Grimmsnarl\n|-sidestart|p2: Mr Green Tea|move: Light Screen\n|move|p1b: Iron Bundle|Freeze-Dry|p2a: Ogerpon\n|-supereffective|p2a: Ogerpon\n|-damage|p2a: Ogerpon|33\/100\n|move|p2a: Ogerpon|Swords Dance|p2a: Ogerpon\n|-boost|p2a: Ogerpon|atk|2\n|move|p1a: Altaria|Hyper Voice|p2a: Ogerpon|[spread] p2a,p2b\n|-supereffective|p2b: Grimmsnarl\n|-damage|p2a: Ogerpon|23\/100\n|-damage|p2b: Grimmsnarl|6\/100\n|\n|upkeep\n|turn|13\n|\n|t:|1700947302\n|move|p1b: Iron Bundle|Encore|p2a: Ogerpon\n|-start|p2a: Ogerpon|Encore\n|move|p2a: Ogerpon|Swords Dance|p2a: Ogerpon\n|-boost|p2a: Ogerpon|atk|2\n|move|p1a: Altaria|Hyper Voice|p2b: Grimmsnarl|[spread] p2a,p2b\n|-supereffective|p2b: Grimmsnarl\n|-damage|p2a: Ogerpon|13\/100\n|-damage|p2b: Grimmsnarl|0 fnt\n|faint|p2b: Grimmsnarl\n|\n|upkeep\n|\n|t:|1700947308\n|switch|p2b: Landorus|Landorus-Therian, M|100\/100\n|-ability|p2b: Landorus|Intimidate|boost\n|-unboost|p1a: Altaria|atk|1\n|-unboost|p1b: Iron Bundle|atk|1\n|turn|14\n|\n|t:|1700947317\n|move|p1b: Iron Bundle|Icy Wind|p2a: Ogerpon|[spread] p2a,p2b\n|-resisted|p2a: Ogerpon\n|-supereffective|p2b: Landorus\n|-damage|p2a: Ogerpon|5\/100\n|-damage|p2b: Landorus|12\/100\n|-unboost|p2a: Ogerpon|spe|1\n|-unboost|p2b: Landorus|spe|1\n|move|p2b: Landorus|Earthquake|p1b: Iron Bundle|[spread] p2a,p1a,p1b\n|-crit|p1b: Iron Bundle\n|-damage|p2a: Ogerpon|0 fnt\n|-damage|p1a: Altaria|55\/100\n|-damage|p1b: Iron Bundle|0 fnt\n|faint|p2a: Ogerpon\n|faint|p1b: Iron Bundle\n|-end|p1b: Iron Bundle|Quark Drive|[silent]\n|move|p1a: Altaria|Hyper Voice|p2b: Landorus\n|-damage|p2b: Landorus|0 fnt\n|faint|p2b: Landorus\n|\n|upkeep\n|\n|t:|1700947327\n|switch|p2a: Orthworm|Orthworm, F|6\/100\n|switch|p1b: Indeedee|Indeedee-F, F|100\/100\n|switch|p2b: Iron Hands|Iron Hands|100\/100\n|-fieldstart|move: Psychic Terrain|[from] ability: Psychic Surge|[of] p1b: Indeedee\n|-enditem|p1b: Indeedee|Psychic Seed\n|-boost|p1b: Indeedee|spd|1|[from] item: Psychic Seed\n|turn|15\n|\n|t:|1700947339\n|move|p1b: Indeedee|Expanding Force|p2b: Iron Hands|[spread] p2a,p2b\n|-resisted|p2a: Orthworm\n|-crit|p2a: Orthworm\n|-supereffective|p2b: Iron Hands\n|-damage|p2a: Orthworm|0 fnt\n|-damage|p2b: Iron Hands|74\/100\n|faint|p2a: Orthworm\n|move|p1a: Altaria|Hyper Voice|p2b: Iron Hands\n|-supereffective|p2b: Iron Hands\n|-damage|p2b: Iron Hands|55\/100\n|move|p2b: Iron Hands|Drain Punch|p1b: Indeedee\n|-damage|p1b: Indeedee|53\/100\n|-heal|p2b: Iron Hands|73\/100|[from] drain|[of] p1b: Indeedee\n|\n|upkeep\n|turn|16\n|\n|t:|1700947355\n|move|p1b: Indeedee|Expanding Force|p2b: Iron Hands\n|-supereffective|p2b: Iron Hands\n|-damage|p2b: Iron Hands|39\/100\n|move|p1a: Altaria|Hyper Voice|p2b: Iron Hands\n|-supereffective|p2b: Iron Hands\n|-damage|p2b: Iron Hands|19\/100\n|move|p2b: Iron Hands|Drain Punch|p2: Orthworm|[notarget]\n|-fail|p2b: Iron Hands\n|\n|upkeep\n|turn|17\n|-message|Mr Green Tea forfeited.\n|\n|win|El Ryuk456\n|raw|El Ryuk456's rating: 1339 &rarr; <strong>1353<\/strong><br \/>(+14 for winning)\n|raw|Mr Green Tea's rating: 1224 &rarr; <strong>1207<\/strong><br \/>(-17 for losing)\n|l|\u2606Mr Green Tea\n","uploadtime":1700947391,"views":2,"p1id":"elryuk456","p2id":"mrgreentea","formatid":"gen9nationaldexdoubles","rating":1207,"private":0,"password":""}