{"id":"gen9nationaldexdoubles-1956120867","p1":"uuubeast","p2":"hhxhi\u955c\u82b1\u6c34\u6708","format":"[Gen 9] National Dex Doubles","log":"|j|\u2606uuubeast\n|j|\u2606hhxhi\u955c\u82b1\u6c34\u6708\n|t:|1696075167\n|gametype|doubles\n|player|p1|uuubeast|102|1103\n|player|p2|hhxhi\u955c\u82b1\u6c34\u6708|rosa-masters|1054\n|teamsize|p1|6\n|teamsize|p2|6\n|gen|9\n|tier|[Gen 9] National Dex Doubles\n|rated|\n|rule|HP Percentage Mod: HP is shown in percentages\n|rule|Endless Battle Clause: Forcing endless battles is banned\n|rule|OHKO Clause: OHKO moves are banned\n|rule|Evasion Moves Clause: Evasion moves are banned\n|rule|Evasion Abilities Clause: Evasion abilities are banned\n|rule|Species Clause: Limit one of each Pok\u00e9mon\n|rule|Gravity Sleep Clause: The combination of sleep-inducing moves with imperfect accuracy and Gravity or Gigantamax Orbeetle are banned\n|clearpoke\n|poke|p1|Pelipper, F|\n|poke|p1|Greninja-*, M|\n|poke|p1|Swampert, F|\n|poke|p1|Meloetta|\n|poke|p1|Primarina, M|\n|poke|p1|Zeraora|\n|poke|p2|Volcanion|\n|poke|p2|Rillaboom, F|\n|poke|p2|Metagross|\n|poke|p2|Whimsicott, F|\n|poke|p2|Marshadow|\n|poke|p2|Zamazenta-*|\n|teampreview\n|inactive|Battle timer is ON: inactive players will automatically lose when time's up. (requested by hhxhi\u955c\u82b1\u6c34\u6708)\n|\n|t:|1696075192\n|start\n|switch|p1a: Pelipper|Pelipper, F|100\/100\n|switch|p1b: Swampert|Swampert, F|100\/100\n|switch|p2a: \u7535\u68cdOTTO|Metagross, shiny|100\/100\n|switch|p2b: \u85cf\u6307\u5bfc|Zamazenta|100\/100\n|-ability|p2b: \u85cf\u6307\u5bfc|Dauntless Shield|boost\n|-boost|p2b: \u85cf\u6307\u5bfc|def|1\n|-weather|RainDance|[from] ability: Drizzle|[of] p1a: Pelipper\n|turn|1\n|inactive|uuubeast has 120 seconds left.\n|\n|t:|1696075228\n|detailschange|p2a: \u7535\u68cdOTTO|Metagross-Mega, shiny\n|-mega|p2a: \u7535\u68cdOTTO|Metagross|Metagrossite\n|detailschange|p1b: Swampert|Swampert-Mega, F\n|-mega|p1b: Swampert|Swampert|Swampertite\n|move|p1b: Swampert|Echoed Voice|p2b: \u85cf\u6307\u5bfc\n|-damage|p2b: \u85cf\u6307\u5bfc|91\/100\n|move|p2b: \u85cf\u6307\u5bfc|Coaching|p2a: \u7535\u68cdOTTO\n|-boost|p2a: \u7535\u68cdOTTO|atk|1\n|-boost|p2a: \u7535\u68cdOTTO|def|1\n|move|p2a: \u7535\u68cdOTTO|Ice Punch|p1b: Swampert\n|-damage|p1b: Swampert|44\/100\n|-status|p1b: Swampert|frz\n|move|p1a: Pelipper|Tailwind|p1a: Pelipper\n|-sidestart|p1: uuubeast|move: Tailwind\n|\n|-weather|RainDance|[upkeep]\n|upkeep\n|turn|2\n|\n|t:|1696075245\n|-curestatus|p1b: Swampert|frz|[msg]\n|move|p1b: Swampert|Earth Power|p2a: \u7535\u68cdOTTO\n|-supereffective|p2a: \u7535\u68cdOTTO\n|-damage|p2a: \u7535\u68cdOTTO|18\/100\n|-unboost|p2a: \u7535\u68cdOTTO|spd|1\n|move|p2b: \u85cf\u6307\u5bfc|Coaching|p2a: \u7535\u68cdOTTO\n|-boost|p2a: \u7535\u68cdOTTO|atk|1\n|-boost|p2a: \u7535\u68cdOTTO|def|1\n|move|p1a: Pelipper|Echoed Voice|p2b: \u85cf\u6307\u5bfc\n|-damage|p2b: \u85cf\u6307\u5bfc|72\/100\n|move|p2a: \u7535\u68cdOTTO|Ice Punch|p1a: Pelipper\n|-damage|p1a: Pelipper|20\/100\n|\n|-weather|RainDance|[upkeep]\n|upkeep\n|turn|3\n|\n|t:|1696075269\n|move|p2a: \u7535\u68cdOTTO|Bullet Punch|p1a: Pelipper\n|-resisted|p1a: Pelipper\n|-damage|p1a: Pelipper|0 fnt\n|faint|p1a: Pelipper\n|move|p1b: Swampert|Earth Power|p2a: \u7535\u68cdOTTO\n|-supereffective|p2a: \u7535\u68cdOTTO\n|-damage|p2a: \u7535\u68cdOTTO|0 fnt\n|faint|p2a: \u7535\u68cdOTTO\n|move|p2b: \u85cf\u6307\u5bfc|Body Press|p1b: Swampert\n|-damage|p1b: Swampert|3\/100\n|\n|-weather|RainDance|[upkeep]\n|upkeep\n|\n|t:|1696075277\n|switch|p2a: \u5361\u749e\u7329\u7329|Rillaboom, F, shiny|100\/100\n|switch|p1a: Zeraora|Zeraora|100\/100\n|-fieldstart|move: Grassy Terrain|[from] ability: Grassy Surge|[of] p2a: \u5361\u749e\u7329\u7329\n|turn|4\n|\n|t:|1696075289\n|move|p2a: \u5361\u749e\u7329\u7329|Fake Out|p1b: Swampert\n|-damage|p1b: Swampert|0 fnt\n|faint|p1b: Swampert\n|move|p1a: Zeraora|Echoed Voice|p2b: \u85cf\u6307\u5bfc\n|-damage|p2b: \u85cf\u6307\u5bfc|65\/100\n|move|p2b: \u85cf\u6307\u5bfc|Coaching|p2a: \u5361\u749e\u7329\u7329\n|-boost|p2a: \u5361\u749e\u7329\u7329|atk|1\n|-boost|p2a: \u5361\u749e\u7329\u7329|def|1\n|\n|-weather|RainDance|[upkeep]\n|-heal|p2b: \u85cf\u6307\u5bfc|71\/100|[from] Grassy Terrain\n|-sideend|p1: uuubeast|move: Tailwind\n|upkeep\n|\n|t:|1696075297\n|switch|p1b: Meloetta|Meloetta|100\/100\n|turn|5\n|\n|t:|1696075312\n|move|p2a: \u5361\u749e\u7329\u7329|Grassy Glide|p1b: Meloetta\n|-damage|p1b: Meloetta|30\/100\n|move|p1b: Meloetta|Echoed Voice|p2a: \u5361\u749e\u7329\u7329\n|-damage|p2a: \u5361\u749e\u7329\u7329|43\/100\n|move|p1a: Zeraora|Echoed Voice|p2a: \u5361\u749e\u7329\u7329\n|-damage|p2a: \u5361\u749e\u7329\u7329|20\/100\n|move|p2b: \u85cf\u6307\u5bfc|Body Press|p1b: Meloetta\n|-damage|p1b: Meloetta|0 fnt\n|faint|p1b: Meloetta\n|\n|-weather|RainDance|[upkeep]\n|-heal|p2b: \u85cf\u6307\u5bfc|77\/100|[from] Grassy Terrain\n|-heal|p2a: \u5361\u749e\u7329\u7329|26\/100|[from] Grassy Terrain\n|upkeep\n|\n|t:|1696075324\n|switch|p1b: Greninja|Greninja, M|100\/100\n|turn|6\n|\n|t:|1696075333\n|-terastallize|p1b: Greninja|Normal\n|move|p2a: \u5361\u749e\u7329\u7329|Grassy Glide|p1b: Greninja\n|-damage|p1b: Greninja|0 fnt\n|faint|p1b: Greninja\n|move|p1a: Zeraora|Echoed Voice|p2a: \u5361\u749e\u7329\u7329\n|-damage|p2a: \u5361\u749e\u7329\u7329|0 fnt\n|faint|p2a: \u5361\u749e\u7329\u7329\n|move|p2b: \u85cf\u6307\u5bfc|Body Press|p1a: Zeraora\n|-damage|p1a: Zeraora|28\/100\n|\n|-weather|RainDance|[upkeep]\n|-heal|p1a: Zeraora|34\/100|[from] Grassy Terrain\n|-heal|p2b: \u85cf\u6307\u5bfc|83\/100|[from] Grassy Terrain\n|upkeep\n|\n|t:|1696075344\n|switch|p1b: Primarina|Primarina, M|100\/100\n|switch|p2a: \u810f\u4e1c\u897f|Whimsicott, F, shiny|100\/100\n|turn|7\n|\n|t:|1696075352\n|move|p2a: \u810f\u4e1c\u897f|Tailwind|p2a: \u810f\u4e1c\u897f\n|-sidestart|p2: hhxhi\u955c\u82b1\u6c34\u6708|move: Tailwind\n|move|p2b: \u85cf\u6307\u5bfc|Body Press|p1a: Zeraora\n|-damage|p1a: Zeraora|0 fnt\n|faint|p1a: Zeraora\n|move|p1b: Primarina|Echoed Voice|p2b: \u85cf\u6307\u5bfc\n|-damage|p2b: \u85cf\u6307\u5bfc|0 fnt\n|faint|p2b: \u85cf\u6307\u5bfc\n|\n|-weather|RainDance|[upkeep]\n|upkeep\n|\n|t:|1696075359\n|switch|p2b: \u74e6\u7279|Volcanion|100\/100\n|turn|8\n|-message|uuubeast forfeited.\n|\n|win|hhxhi\u955c\u82b1\u6c34\u6708\n|raw|uuubeast's rating: 1103 &rarr; <strong>1074<\/strong><br \/>(-29 for losing)\n|raw|hhxhi\u955c\u82b1\u6c34\u6708's rating: 1054 &rarr; <strong>1090<\/strong><br \/>(+36 for winning)\n|l|\u2606uuubeast\n","uploadtime":1696075368,"views":10,"p1id":"uuubeast","p2id":"hhxhi","formatid":"gen9nationaldexdoubles","rating":1074,"private":0,"password":""}