{"id":"gen9nationaldexdoubles-1967908036","p1":"Yu Hung Lo","p2":"Orcust Knightmare","format":"[Gen 9] National Dex Doubles","log":"|j|\u2606Yu Hung Lo\n|j|\u2606Orcust Knightmare\n|t:|1697356533\n|gametype|doubles\n|player|p1|Yu Hung Lo|hilbert|1187\n|player|p2|Orcust Knightmare|lusamine|1304\n|teamsize|p1|6\n|teamsize|p2|6\n|gen|9\n|tier|[Gen 9] National Dex Doubles\n|rated|\n|rule|HP Percentage Mod: HP is shown in percentages\n|rule|Endless Battle Clause: Forcing endless battles is banned\n|rule|OHKO Clause: OHKO moves are banned\n|rule|Evasion Moves Clause: Evasion moves are banned\n|rule|Evasion Abilities Clause: Evasion abilities are banned\n|rule|Species Clause: Limit one of each Pok\u00e9mon\n|rule|Gravity Sleep Clause: The combination of sleep-inducing moves with imperfect accuracy and Gravity or Gigantamax Orbeetle are banned\n|clearpoke\n|poke|p1|Charizard, M|\n|poke|p1|Walking Wake|\n|poke|p1|Landorus-Therian, M|\n|poke|p1|Gastrodon, F|\n|poke|p1|Ogerpon-Hearthflame, F|\n|poke|p1|Grimmsnarl, M|\n|poke|p2|Charizard, F|\n|poke|p2|Tornadus, M|\n|poke|p2|Iron Moth|\n|poke|p2|Tapu Koko|\n|poke|p2|Great Tusk|\n|poke|p2|Iron Hands|\n|teampreview\n|inactive|Battle timer is ON: inactive players will automatically lose when time's up. (requested by Yu Hung Lo)\n|\n|t:|1697356562\n|start\n|switch|p1a: Grimmsnarl|Grimmsnarl, M|100\/100\n|switch|p1b: Landorus|Landorus-Therian, M|100\/100\n|switch|p2a: Charizard|Charizard, F, shiny|100\/100\n|switch|p2b: Iron Hands|Iron Hands|100\/100\n|-ability|p1b: Landorus|Intimidate|boost\n|-unboost|p2a: Charizard|atk|1\n|-unboost|p2b: Iron Hands|atk|1\n|turn|1\n|\n|t:|1697356572\n|detailschange|p2a: Charizard|Charizard-Mega-Y, F, shiny\n|-mega|p2a: Charizard|Charizard|Charizardite Y\n|-weather|SunnyDay|[from] ability: Drought|[of] p2a: Charizard\n|move|p2b: Iron Hands|Fake Out|p1b: Landorus\n|-damage|p1b: Landorus|88\/100\n|move|p1a: Grimmsnarl|Light Screen|p1a: Grimmsnarl\n|-sidestart|p1: Yu Hung Lo|move: Light Screen\n|cant|p1b: Landorus|flinch\n|move|p2a: Charizard|Heat Wave|p1a: Grimmsnarl|[spread] p1a,p1b\n|-damage|p1a: Grimmsnarl|52\/100\n|-damage|p1b: Landorus|28\/100\n|\n|-weather|SunnyDay|[upkeep]\n|upkeep\n|turn|2\n|\n|t:|1697356591\n|switch|p1b: Walking Wake|Walking Wake|100\/100\n|-activate|p1b: Walking Wake|ability: Protosynthesis\n|-start|p1b: Walking Wake|protosynthesisspe\n|-end|p2b: Iron Hands|Quark Drive|[silent]\n|switch|p2b: Great Tusk|Great Tusk|100\/100\n|-activate|p2b: Great Tusk|ability: Protosynthesis\n|-start|p2b: Great Tusk|protosynthesisatk\n|move|p2a: Charizard|Protect|p2a: Charizard\n|-singleturn|p2a: Charizard|Protect\n|move|p1a: Grimmsnarl|Reflect|p1a: Grimmsnarl\n|-sidestart|p1: Yu Hung Lo|Reflect\n|\n|-weather|SunnyDay|[upkeep]\n|upkeep\n|turn|3\n|\n|t:|1697356619\n|-end|p2b: Great Tusk|Protosynthesis|[silent]\n|switch|p2b: Tapu Koko|Tapu Koko|100\/100\n|-fieldstart|move: Electric Terrain|[from] ability: Electric Surge|[of] p2b: Tapu Koko\n|move|p2a: Charizard|Protect||[still]\n|-fail|p2a: Charizard\n|move|p1a: Grimmsnarl|Parting Shot|p2b: Tapu Koko\n|-unboost|p2b: Tapu Koko|atk|1\n|-unboost|p2b: Tapu Koko|spa|1\n|inactive|Yu Hung Lo has 120 seconds left.\n|\n|t:|1697356642\n|switch|p1a: Ogerpon|Ogerpon-Hearthflame, F|100\/100|[from] Parting Shot\n|-ability|p1a: Ogerpon|Mold Breaker\n|move|p1b: Walking Wake|Hydro Steam|p2a: Charizard\n|-supereffective|p2a: Charizard\n|-damage|p2a: Charizard|0 fnt\n|faint|p2a: Charizard\n|\n|-weather|SunnyDay|[upkeep]\n|upkeep\n|\n|t:|1697356653\n|switch|p2a: Iron Hands|Iron Hands|100\/100\n|-activate|p2a: Iron Hands|ability: Quark Drive\n|-start|p2a: Iron Hands|quarkdriveatk\n|turn|4\n|\n|t:|1697356670\n|move|p2a: Iron Hands|Fake Out|p1a: Ogerpon\n|-damage|p1a: Ogerpon|84\/100\n|move|p1b: Walking Wake|Hydro Steam|p2b: Tapu Koko\n|-damage|p2b: Tapu Koko|32\/100\n|move|p2b: Tapu Koko|Electroweb|p1a: Ogerpon|[spread] p1a,p1b\n|-resisted|p1a: Ogerpon\n|-damage|p1a: Ogerpon|80\/100\n|-damage|p1b: Walking Wake|91\/100\n|-unboost|p1a: Ogerpon|spe|1\n|-unboost|p1b: Walking Wake|spe|1\n|cant|p1a: Ogerpon|flinch\n|\n|-weather|SunnyDay|[upkeep]\n|upkeep\n|turn|5\n|\n|t:|1697356688\n|-end|p1b: Walking Wake|Protosynthesis|[silent]\n|switch|p1b: Gastrodon|Gastrodon, F|100\/100\n|switch|p1a: Grimmsnarl|Grimmsnarl, M|52\/100\n|move|p2b: Tapu Koko|Sky Drop||[still]\n|-prepare|p2b: Tapu Koko|Sky Drop|p1b: Gastrodon\n|move|p2a: Iron Hands|Close Combat|p1a: Grimmsnarl\n|-damage|p1a: Grimmsnarl|0 fnt\n|-unboost|p2a: Iron Hands|def|1\n|-unboost|p2a: Iron Hands|spd|1\n|faint|p1a: Grimmsnarl\n|\n|-weather|none\n|upkeep\n|\n|t:|1697356707\n|switch|p1a: Ogerpon|Ogerpon-Hearthflame, F|80\/100\n|-ability|p1a: Ogerpon|Mold Breaker\n|turn|6\n|\n|t:|1697356716\n|move|p2a: Iron Hands|Protect|p2a: Iron Hands\n|-singleturn|p2a: Iron Hands|Protect\n|move|p2b: Tapu Koko|Sky Drop|p1b: Gastrodon|[from]lockedmove\n|-damage|p1b: Gastrodon|95\/100\n|-end|p1b: Gastrodon|Sky Drop\n|move|p1a: Ogerpon|Horn Leech|p2b: Tapu Koko\n|-damage|p2b: Tapu Koko|0 fnt\n|-heal|p1a: Ogerpon|97\/100|[from] drain|[of] p2b: Tapu Koko\n|faint|p2b: Tapu Koko\n|move|p1b: Gastrodon|Earth Power|p2a: Iron Hands\n|-activate|p2a: Iron Hands|move: Protect\n|\n|-heal|p1b: Gastrodon|100\/100|[from] item: Leftovers\n|upkeep\n|\n|t:|1697356722\n|switch|p2b: Tornadus|Tornadus, M|100\/100\n|turn|7\n|\n|t:|1697356735\n|move|p2b: Tornadus|Bleakwind Storm|p1a: Ogerpon|[spread] p1a,p1b\n|-supereffective|p1a: Ogerpon\n|-damage|p1a: Ogerpon|52\/100\n|-damage|p1b: Gastrodon|78\/100\n|-unboost|p1b: Gastrodon|spe|1\n|move|p1a: Ogerpon|Ivy Cudgel|p2a: Iron Hands\n|-damage|p2a: Iron Hands|37\/100\n|move|p2a: Iron Hands|Close Combat|p1b: Gastrodon\n|-damage|p1b: Gastrodon|19\/100\n|-unboost|p2a: Iron Hands|def|1\n|-unboost|p2a: Iron Hands|spd|1\n|move|p1b: Gastrodon|Earth Power|p2a: Iron Hands\n|-supereffective|p2a: Iron Hands\n|-damage|p2a: Iron Hands|0 fnt\n|faint|p2a: Iron Hands\n|-end|p2a: Iron Hands|Quark Drive|[silent]\n|\n|-heal|p1b: Gastrodon|26\/100|[from] item: Leftovers\n|-fieldend|move: Electric Terrain\n|upkeep\n|\n|t:|1697356749\n|switch|p2a: Great Tusk|Great Tusk|100\/100\n|turn|8\n|\n|t:|1697356764\n|move|p2a: Great Tusk|Ice Spinner|p1a: Ogerpon\n|-damage|p1a: Ogerpon|28\/100\n|move|p2b: Tornadus|Bleakwind Storm|p1b: Gastrodon|[spread] p1a,p1b\n|-supereffective|p1a: Ogerpon\n|-damage|p1a: Ogerpon|0 fnt\n|-damage|p1b: Gastrodon|4\/100\n|faint|p1a: Ogerpon\n|move|p1b: Gastrodon|Ice Beam|p2b: Tornadus\n|-supereffective|p2b: Tornadus\n|-damage|p2b: Tornadus|46\/100\n|\n|-heal|p1b: Gastrodon|11\/100|[from] item: Leftovers\n|-sideend|p1: Yu Hung Lo|move: Light Screen\n|upkeep\n|\n|t:|1697356778\n|switch|p1a: Charizard|Charizard, M, shiny|100\/100\n|turn|9\n|\n|t:|1697356785\n|-end|p2a: Great Tusk|Protosynthesis|[silent]\n|switch|p2a: Iron Moth|Iron Moth|100\/100\n|detailschange|p1a: Charizard|Charizard-Mega-Y, M, shiny\n|-mega|p1a: Charizard|Charizard|Charizardite Y\n|-weather|SunnyDay|[from] ability: Drought|[of] p1a: Charizard\n|move|p2b: Tornadus|Tailwind|p2b: Tornadus\n|-sidestart|p2: Orcust Knightmare|move: Tailwind\n|move|p1a: Charizard|Tailwind|p1a: Charizard\n|-sidestart|p1: Yu Hung Lo|move: Tailwind\n|move|p1b: Gastrodon|Ice Beam|p2b: Tornadus\n|-supereffective|p2b: Tornadus\n|-damage|p2b: Tornadus|0 fnt\n|faint|p2b: Tornadus\n|\n|-weather|SunnyDay|[upkeep]\n|-heal|p1b: Gastrodon|17\/100|[from] item: Leftovers\n|-sideend|p1: Yu Hung Lo|Reflect\n|upkeep\n|\n|t:|1697356789\n|switch|p2b: Great Tusk|Great Tusk|100\/100\n|-activate|p2b: Great Tusk|ability: Protosynthesis\n|-start|p2b: Great Tusk|protosynthesisatk\n|turn|10\n|\n|t:|1697356800\n|move|p1a: Charizard|Protect|p1a: Charizard\n|-singleturn|p1a: Charizard|Protect\n|move|p2b: Great Tusk|Rock Slide|p1b: Gastrodon|[spread] p1b\n|-activate|p1a: Charizard|move: Protect\n|-resisted|p1b: Gastrodon\n|-damage|p1b: Gastrodon|4\/100\n|move|p2a: Iron Moth|Heat Wave|p1b: Gastrodon|[spread] p1b\n|-activate|p1a: Charizard|move: Protect\n|-resisted|p1b: Gastrodon\n|-damage|p1b: Gastrodon|0 fnt\n|faint|p1b: Gastrodon\n|-damage|p2a: Iron Moth|91\/100|[from] item: Life Orb\n|\n|-weather|SunnyDay|[upkeep]\n|upkeep\n|\n|t:|1697356809\n|switch|p1b: Walking Wake|Walking Wake|91\/100\n|-activate|p1b: Walking Wake|ability: Protosynthesis\n|-start|p1b: Walking Wake|protosynthesisspe\n|turn|11\n|\n|t:|1697356820\n|-terastallize|p1b: Walking Wake|Water\n|-terastallize|p2a: Iron Moth|Ground\n|move|p1b: Walking Wake|Hydro Steam|p2b: Great Tusk\n|-supereffective|p2b: Great Tusk\n|-damage|p2b: Great Tusk|0 fnt\n|faint|p2b: Great Tusk\n|-end|p2b: Great Tusk|Protosynthesis|[silent]\n|move|p1a: Charizard|Scorching Sands|p2a: Iron Moth\n|-damage|p2a: Iron Moth|62\/100\n|-status|p2a: Iron Moth|brn\n|move|p2a: Iron Moth|Tera Blast|p1b: Walking Wake|[anim] Tera Blast Ground\n|-damage|p1b: Walking Wake|13\/100\n|-damage|p2a: Iron Moth|53\/100 brn|[from] item: Life Orb\n|\n|-weather|SunnyDay|[upkeep]\n|-damage|p2a: Iron Moth|47\/100 brn|[from] brn\n|upkeep\n|turn|12\n|\n|t:|1697356834\n|move|p1b: Walking Wake|Hydro Steam|p2a: Iron Moth\n|-supereffective|p2a: Iron Moth\n|-damage|p2a: Iron Moth|0 fnt\n|faint|p2a: Iron Moth\n|-end|p2a: Iron Moth|Quark Drive|[silent]\n|\n|win|Yu Hung Lo\n|raw|Yu Hung Lo's rating: 1187 &rarr; <strong>1220<\/strong><br \/>(+33 for winning)\n|raw|Orcust Knightmare's rating: 1304 &rarr; <strong>1278<\/strong><br \/>(-26 for losing)\n|l|\u2606Orcust Knightmare\n","uploadtime":1697356850,"views":12,"p1id":"yuhunglo","p2id":"orcustknightmare","formatid":"gen9nationaldexdoubles","rating":1220,"private":0,"password":""}