{"id":"gen9nationaldexdoubles-1980958802","p1":"multiingbe","p2":"Benjamin!521","format":"[Gen 9] National Dex Doubles","log":"|j|\u2606multiingbe\n|j|\u2606Benjamin!521\n|t:|1698852320\n|gametype|doubles\n|player|p1|multiingbe|kimonogirl|1059\n|player|p2|Benjamin!521|170|1142\n|teamsize|p1|6\n|teamsize|p2|6\n|gen|9\n|tier|[Gen 9] National Dex Doubles\n|rated|\n|rule|HP Percentage Mod: HP is shown in percentages\n|rule|Endless Battle Clause: Forcing endless battles is banned\n|rule|OHKO Clause: OHKO moves are banned\n|rule|Evasion Moves Clause: Evasion moves are banned\n|rule|Evasion Abilities Clause: Evasion abilities are banned\n|rule|Species Clause: Limit one of each Pok\u00e9mon\n|rule|Gravity Sleep Clause: The combination of sleep-inducing moves with imperfect accuracy and Gravity or Gigantamax Orbeetle are banned\n|clearpoke\n|poke|p1|Clefable, F|\n|poke|p1|Politoed, M|\n|poke|p1|Volbeat, M|\n|poke|p1|Comfey, F|\n|poke|p1|Blastoise, M|\n|poke|p1|Azumarill, F|\n|poke|p2|Fletchinder, F|\n|poke|p2|Probopass, F|\n|poke|p2|Tyranitar, F|\n|poke|p2|Houndstone, F|\n|poke|p2|Sableye, F|\n|poke|p2|Landorus, M|\n|teampreview\n|\n|t:|1698852346\n|start\n|switch|p1a: Wen Tji|Politoed, M|100\/100\n|switch|p1b: Etudelki|Azumarill, F|100\/100\n|switch|p2a: Sableye|Sableye, F|100\/100\n|switch|p2b: Landorus|Landorus, M|100\/100\n|-weather|RainDance|[from] ability: Drizzle|[of] p1a: Wen Tji\n|turn|1\n|inactive|Battle timer is ON: inactive players will automatically lose when time's up. (requested by Benjamin!521)\n|\n|t:|1698852368\n|switch|p2b: Tyranitar|Tyranitar, F|100\/100\n|-weather|Sandstorm|[from] ability: Sand Stream|[of] p2b: Tyranitar\n|-terastallize|p1b: Etudelki|Water\n|move|p1b: Etudelki|Aqua Jet|p2b: Tyranitar\n|-supereffective|p2b: Tyranitar\n|-damage|p2b: Tyranitar|38\/100\n|move|p2a: Sableye|Gravity|p2a: Sableye\n|-fieldstart|move: Gravity\n|move|p1a: Wen Tji|Waterfall|p2b: Tyranitar\n|-supereffective|p2b: Tyranitar\n|-damage|p2b: Tyranitar|0 fnt\n|faint|p2b: Tyranitar\n|\n|-weather|Sandstorm|[upkeep]\n|-damage|p1a: Wen Tji|94\/100|[from] Sandstorm\n|-damage|p1b: Etudelki|94\/100|[from] Sandstorm\n|-damage|p2a: Sableye|95\/100|[from] Sandstorm\n|upkeep\n|\n|t:|1698852391\n|switch|p2b: Houndstone|Houndstone, F|100\/100\n|turn|2\n|\n|t:|1698852406\n|switch|p1a: Uierui|Clefable, F|100\/100\n|switch|p1b: Teg|Blastoise, M|100\/100\n|move|p2a: Sableye|Disable||[still]\n|-fail|p2a: Sableye\n|move|p2b: Houndstone|Howl|p2b: Houndstone|[spread] p2a,p2b\n|-boost|p2a: Sableye|atk|1\n|-boost|p2b: Houndstone|atk|1\n|\n|-weather|Sandstorm|[upkeep]\n|-damage|p1b: Teg|94\/100|[from] Sandstorm\n|-damage|p1a: Uierui|94\/100|[from] Sandstorm\n|-damage|p2a: Sableye|89\/100|[from] Sandstorm\n|upkeep\n|turn|3\n|\n|t:|1698852431\n|switch|p2a: Landorus|Landorus, M|100\/100\n|detailschange|p1b: Teg|Blastoise-Mega, M\n|-mega|p1b: Teg|Blastoise|Blastoisinite\n|move|p2b: Houndstone|Last Respects|p1b: Teg\n|-damage|p1b: Teg|41\/100\n|move|p1b: Teg|Dark Pulse|p2b: Houndstone\n|-supereffective|p2b: Houndstone\n|-damage|p2b: Houndstone|0 fnt\n|faint|p2b: Houndstone\n|move|p1a: Uierui|Calm Mind|p1a: Uierui\n|-boost|p1a: Uierui|spa|1\n|-boost|p1a: Uierui|spd|1\n|\n|-weather|Sandstorm|[upkeep]\n|-damage|p1b: Teg|34\/100|[from] Sandstorm\n|-damage|p1a: Uierui|88\/100|[from] Sandstorm\n|upkeep\n|\n|t:|1698852447\n|switch|p2b: Sableye|Sableye, F|89\/100\n|turn|4\n|\n|t:|1698852456\n|move|p2b: Sableye|Encore|p1a: Uierui\n|-start|p1a: Uierui|Encore\n|move|p2a: Landorus|Sandsear Storm|p1a: Uierui|[spread] p1a,p1b\n|-damage|p1a: Uierui|58\/100\n|-damage|p1b: Teg|0 fnt\n|faint|p1b: Teg\n|move|p1a: Uierui|Calm Mind|p1a: Uierui\n|-boost|p1a: Uierui|spa|1\n|-boost|p1a: Uierui|spd|1\n|\n|-weather|Sandstorm|[upkeep]\n|-damage|p1a: Uierui|52\/100|[from] Sandstorm\n|-damage|p2b: Sableye|83\/100|[from] Sandstorm\n|upkeep\n|\n|t:|1698852469\n|switch|p1b: Wen Tji|Politoed, M|94\/100\n|-weather|RainDance|[from] ability: Drizzle|[of] p1b: Wen Tji\n|turn|5\n|\n|t:|1698852479\n|move|p2b: Sableye|Disable|p1a: Uierui\n|-start|p1a: Uierui|Disable|Calm Mind\n|move|p2a: Landorus|Focus Blast|p1b: Wen Tji\n|-damage|p1b: Wen Tji|18\/100\n|move|p1b: Wen Tji|Waterfall|p2a: Landorus\n|-supereffective|p2a: Landorus\n|-damage|p2a: Landorus|0 fnt\n|faint|p2a: Landorus\n|cant|p1a: Uierui|Disable|Calm Mind\n|\n|-weather|RainDance|[upkeep]\n|-fieldend|move: Gravity\n|upkeep\n|\n|t:|1698852492\n|switch|p2a: Probopass|Probopass, F|100\/100\n|turn|6\n|\n|t:|1698852505\n|switch|p1b: Veledmej|Comfey, F|100\/100\n|switch|p1a: Etudelki|Azumarill, F, tera:Water|94\/100\n|move|p2b: Sableye|Disable||[still]\n|-fail|p2b: Sableye\n|move|p2a: Probopass|Flash Cannon|p1a: Etudelki\n|-resisted|p1a: Etudelki\n|-damage|p1a: Etudelki|84\/100\n|\n|-weather|RainDance|[upkeep]\n|upkeep\n|turn|7\n|-message|Benjamin!521 forfeited.\n|\n|win|multiingbe\n|raw|multiingbe's rating: 1059 &rarr; <strong>1097<\/strong><br \/>(+38 for winning)\n|raw|Benjamin!521's rating: 1142 &rarr; <strong>1111<\/strong><br \/>(-31 for losing)\n|l|\u2606Benjamin!521\n","uploadtime":1698852526,"views":6,"p1id":"multiingbe","p2id":"benjamin521","formatid":"gen9nationaldexdoubles","rating":1097,"private":0,"password":""}