{"id":"gen9nationaldexdoubles-1999331311","p1":"Whaleu","p2":"normie jean","format":"[Gen 9] National Dex Doubles","log":"|j|\u2606Whaleu\n|j|\u2606normie jean\n|t:|1701061553\n|gametype|doubles\n|player|p1|Whaleu|266|\n|player|p2|normie jean|clown|\n|teamsize|p1|6\n|teamsize|p2|6\n|gen|9\n|tier|[Gen 9] National Dex Doubles\n|rule|HP Percentage Mod: HP is shown in percentages\n|rule|Endless Battle Clause: Forcing endless battles is banned\n|rule|OHKO Clause: OHKO moves are banned\n|rule|Evasion Moves Clause: Evasion moves are banned\n|rule|Evasion Abilities Clause: Evasion abilities are banned\n|rule|Species Clause: Limit one of each Pok\u00e9mon\n|rule|Gravity Sleep Clause: The combination of sleep-inducing moves with imperfect accuracy and Gravity or Gigantamax Orbeetle are banned\n|rule|Item Clause: Limit one of each item\n|clearpoke\n|poke|p1|Magcargo, M|\n|poke|p1|Clefable, F|\n|poke|p1|Nidoking, M|\n|poke|p1|Umbreon, F|\n|poke|p1|Serperior, F|\n|poke|p1|Klinklang|\n|poke|p2|Thievul, M|\n|poke|p2|Lucario, M|\n|poke|p2|Meowscarada, F|\n|poke|p2|Inteleon, M|\n|poke|p2|Clefairy, F|\n|poke|p2|Pelipper, M|\n|teampreview|4\n|j| BROCKISAROCK\n|j| prophetofsnacc\n|j| Felis Regalis\n|j| specner4\n|\n|t:|1701061605\n|start\n|switch|p1a: Clefable|Clefable, F|100\/100\n|switch|p1b: Serperior|Serperior, F|100\/100\n|switch|p2a: Lucario|Lucario, M|100\/100\n|switch|p2b: Clefairy|Clefairy, F|100\/100\n|turn|1\n|\n|t:|1701061636\n|detailschange|p2a: Lucario|Lucario-Mega, M\n|-mega|p2a: Lucario|Lucario|Lucarionite\n|move|p2b: Clefairy|Follow Me|p2b: Clefairy\n|-singleturn|p2b: Clefairy|move: Follow Me\n|move|p1b: Serperior|Leaf Storm|p2b: Clefairy\n|-damage|p2b: Clefairy|62\/100\n|-boost|p1b: Serperior|spa|2\n|move|p2a: Lucario|Meteor Mash|p1a: Clefable\n|-supereffective|p1a: Clefable\n|-damage|p1a: Clefable|0 fnt\n|-damage|p2a: Lucario|84\/100|[from] item: Rocky Helmet|[of] p1a: Clefable\n|faint|p1a: Clefable\n|\n|upkeep\n|\n|t:|1701061686\n|switch|p1a: Nidoking|Nidoking, M|100\/100\n|turn|2\n|\n|t:|1701061759\n|move|p2b: Clefairy|Follow Me|p2b: Clefairy\n|-singleturn|p2b: Clefairy|move: Follow Me\n|move|p1b: Serperior|Glare|p2b: Clefairy\n|-status|p2b: Clefairy|par\n|move|p2a: Lucario|Meteor Mash|p1a: Nidoking\n|-damage|p1a: Nidoking|0 fnt\n|faint|p1a: Nidoking\n|\n|upkeep\n|\n|t:|1701061768\n|switch|p1a: Umbreon|Umbreon, F|100\/100\n|turn|3\n|\n|t:|1701061795\n|move|p2b: Clefairy|Helping Hand|p2a: Lucario\n|-singleturn|p2a: Lucario|Helping Hand|[of] p2b: Clefairy\n|move|p1a: Umbreon|Protect|p1a: Umbreon\n|-singleturn|p1a: Umbreon|Protect\n|move|p1b: Serperior|Leaf Storm|p2b: Clefairy\n|-damage|p2b: Clefairy|0 fnt\n|-boost|p1b: Serperior|spa|2\n|faint|p2b: Clefairy\n|move|p2a: Lucario|Close Combat|p1a: Umbreon\n|-activate|p1a: Umbreon|move: Protect\n|\n|upkeep\n|\n|t:|1701061848\n|switch|p2b: Inteleon|Inteleon, M|100\/100\n|turn|4\n|\n|t:|1701061948\n|move|p1b: Serperior|Glare|p2a: Lucario\n|-status|p2a: Lucario|par\n|move|p2b: Inteleon|Icy Wind|p1b: Serperior|[spread] p1a,p1b\n|-supereffective|p1b: Serperior\n|-damage|p1a: Umbreon|91\/100\n|-damage|p1b: Serperior|66\/100\n|-unboost|p1a: Umbreon|spe|1\n|-boost|p1b: Serperior|spe|1\n|move|p2a: Lucario|Close Combat|p1a: Umbreon\n|-supereffective|p1a: Umbreon\n|-enditem|p1a: Umbreon|Chople Berry|[eat]\n|-enditem|p1a: Umbreon|Chople Berry|[weaken]\n|-damage|p1a: Umbreon|37\/100\n|-unboost|p2a: Lucario|def|1\n|-unboost|p2a: Lucario|spd|1\n|move|p1a: Umbreon|Dark Pulse|p2b: Inteleon\n|-damage|p2b: Inteleon|73\/100\n|\n|upkeep\n|turn|5\n|\n|t:|1701062002\n|move|p1a: Umbreon|Protect|p1a: Umbreon\n|-singleturn|p1a: Umbreon|Protect\n|move|p1b: Serperior|Leaf Storm|p2b: Inteleon\n|-supereffective|p2b: Inteleon\n|-damage|p2b: Inteleon|0 fnt\n|-boost|p1b: Serperior|spa|2\n|faint|p2b: Inteleon\n|move|p2a: Lucario|Ice Punch|p1b: Serperior\n|-supereffective|p1b: Serperior\n|-damage|p1b: Serperior|1\/100\n|\n|upkeep\n|\n|t:|1701062022\n|switch|p2b: Meowscarada|Meowscarada, F|100\/100\n|turn|6\n|\n|t:|1701062078\n|move|p1b: Serperior|Leaf Storm|p2a: Lucario\n|-resisted|p2a: Lucario\n|-damage|p2a: Lucario|0 fnt\n|faint|p2a: Lucario\n|move|p2b: Meowscarada|U-turn|p1b: Serperior\n|-start|p2b: Meowscarada|typechange|Bug|[from] ability: Protean\n|-supereffective|p1b: Serperior\n|-crit|p1b: Serperior\n|-damage|p1b: Serperior|0 fnt\n|faint|p1b: Serperior\n|move|p1a: Umbreon|Wish|p1a: Umbreon\n|\n|upkeep\n|turn|7\n|\n|t:|1701062095\n|move|p1a: Umbreon|Protect|p1a: Umbreon\n|-singleturn|p1a: Umbreon|Protect\n|move|p2b: Meowscarada|U-turn|p1a: Umbreon\n|-activate|p1a: Umbreon|move: Protect\n|\n|-heal|p1a: Umbreon|87\/100|[from] move: Wish|[wisher] Umbreon\n|upkeep\n|turn|8\n|\n|t:|1701062108\n|move|p2b: Meowscarada|U-turn|p1a: Umbreon\n|-supereffective|p1a: Umbreon\n|-damage|p1a: Umbreon|46\/100\n|move|p1a: Umbreon|Dark Pulse|p2b: Meowscarada\n|-damage|p2b: Meowscarada|78\/100\n|\n|upkeep\n|turn|9\n|\n|t:|1701062123\n|move|p2b: Meowscarada|U-turn|p1a: Umbreon\n|-supereffective|p1a: Umbreon\n|-damage|p1a: Umbreon|8\/100\n|move|p1a: Umbreon|Wish|p1a: Umbreon\n|\n|upkeep\n|turn|10\n|\n|t:|1701062132\n|move|p1a: Umbreon|Protect|p1a: Umbreon\n|-singleturn|p1a: Umbreon|Protect\n|move|p2b: Meowscarada|U-turn|p1a: Umbreon\n|-activate|p1a: Umbreon|move: Protect\n|\n|-heal|p1a: Umbreon|58\/100|[from] move: Wish|[wisher] Umbreon\n|upkeep\n|turn|11\n|\n|t:|1701062145\n|move|p2b: Meowscarada|U-turn|p1a: Umbreon\n|-supereffective|p1a: Umbreon\n|-damage|p1a: Umbreon|21\/100\n|move|p1a: Umbreon|Wish|p1a: Umbreon\n|\n|upkeep\n|turn|12\n|\n|t:|1701062154\n|move|p1a: Umbreon|Protect|p1a: Umbreon\n|-singleturn|p1a: Umbreon|Protect\n|move|p2b: Meowscarada|U-turn|p1a: Umbreon\n|-activate|p1a: Umbreon|move: Protect\n|\n|-heal|p1a: Umbreon|71\/100|[from] move: Wish|[wisher] Umbreon\n|upkeep\n|turn|13\n|\n|t:|1701062165\n|move|p2b: Meowscarada|U-turn|p1a: Umbreon\n|-supereffective|p1a: Umbreon\n|-damage|p1a: Umbreon|32\/100\n|move|p1a: Umbreon|Wish|p1a: Umbreon\n|\n|upkeep\n|turn|14\n|\n|t:|1701062171\n|move|p1a: Umbreon|Protect|p1a: Umbreon\n|-singleturn|p1a: Umbreon|Protect\n|move|p2b: Meowscarada|U-turn|p1a: Umbreon\n|-activate|p1a: Umbreon|move: Protect\n|\n|-heal|p1a: Umbreon|82\/100|[from] move: Wish|[wisher] Umbreon\n|upkeep\n|turn|15\n|\n|t:|1701062189\n|move|p2b: Meowscarada|U-turn|p1a: Umbreon\n|-supereffective|p1a: Umbreon\n|-damage|p1a: Umbreon|45\/100\n|move|p1a: Umbreon|Wish|p1a: Umbreon\n|\n|upkeep\n|turn|16\n|\n|t:|1701062213\n|move|p2b: Meowscarada|U-turn|p1a: Umbreon\n|-supereffective|p1a: Umbreon\n|-damage|p1a: Umbreon|5\/100\n|move|p1a: Umbreon|Foul Play|p2b: Meowscarada\n|-damage|p2b: Meowscarada|19\/100\n|\n|-heal|p1a: Umbreon|55\/100|[from] move: Wish|[wisher] Umbreon\n|upkeep\n|turn|17\n|\n|t:|1701062224\n|move|p2b: Meowscarada|U-turn|p1a: Umbreon\n|-supereffective|p1a: Umbreon\n|-damage|p1a: Umbreon|15\/100\n|move|p1a: Umbreon|Wish|p1a: Umbreon\n|\n|upkeep\n|turn|18\n|\n|t:|1701062233\n|move|p1a: Umbreon|Protect|p1a: Umbreon\n|-singleturn|p1a: Umbreon|Protect\n|move|p2b: Meowscarada|U-turn|p1a: Umbreon\n|-activate|p1a: Umbreon|move: Protect\n|\n|-heal|p1a: Umbreon|65\/100|[from] move: Wish|[wisher] Umbreon\n|upkeep\n|turn|19\n|\n|t:|1701062250\n|move|p2b: Meowscarada|U-turn|p1a: Umbreon\n|-supereffective|p1a: Umbreon\n|-damage|p1a: Umbreon|29\/100\n|move|p1a: Umbreon|Foul Play|p2b: Meowscarada\n|-damage|p2b: Meowscarada|0 fnt\n|faint|p2b: Meowscarada\n|\n|win|Whaleu\n|l|\u2606normie jean\n|l|\u2606Whaleu\n|l| BROCKISAROCK\n|l| prophetofsnacc\n","uploadtime":1701062260,"views":3,"p1id":"whaleu","p2id":"normiejean","formatid":"gen9nationaldexdoubles","rating":0,"private":0,"password":""}