{"id":"gen9nationaldexdoubles-1994908484","p1":"El Ryuk456","p2":"tryingn","format":"[Gen 9] National Dex Doubles","log":"|j|\u2606El Ryuk456\n|j|\u2606tryingn\n|t:|1700503713\n|gametype|doubles\n|player|p1|El Ryuk456|ingo|1411\n|player|p2|tryingn|169|1550\n|teamsize|p1|6\n|teamsize|p2|6\n|gen|9\n|tier|[Gen 9] National Dex Doubles\n|rated|\n|rule|HP Percentage Mod: HP is shown in percentages\n|rule|Endless Battle Clause: Forcing endless battles is banned\n|rule|OHKO Clause: OHKO moves are banned\n|rule|Evasion Moves Clause: Evasion moves are banned\n|rule|Evasion Abilities Clause: Evasion abilities are banned\n|rule|Species Clause: Limit one of each Pok\u00e9mon\n|rule|Gravity Sleep Clause: The combination of sleep-inducing moves with imperfect accuracy and Gravity or Gigantamax Orbeetle are banned\n|clearpoke\n|poke|p1|Audino, F|\n|poke|p1|Mimikyu, M|\n|poke|p1|Gholdengo|\n|poke|p1|Moltres-Galar|\n|poke|p1|Ogerpon-Cornerstone, F|\n|poke|p1|Zorua-Hisui, M|\n|poke|p2|Ursaluna-Bloodmoon, M|\n|poke|p2|Kingambit, F|\n|poke|p2|Kommo-o, F|\n|poke|p2|Jirachi|\n|poke|p2|Chi-Yu|\n|poke|p2|Diancie|\n|teampreview\n|\n|t:|1700503739\n|start\n|switch|p1a: Mimikyu|Mimikyu, M|100\/100\n|switch|p1b: Gholdengo|Gholdengo|100\/100\n|switch|p2a: Diancie|Diancie|100\/100\n|switch|p2b: Chi-Yu|Chi-Yu|100\/100\n|-ability|p2b: Chi-Yu|Beads of Ruin\n|turn|1\n|\n|t:|1700503756\n|switch|p1b: Audino|Audino, F|100\/100\n|detailschange|p2a: Diancie|Diancie-Mega\n|-mega|p2a: Diancie|Diancie|Diancite\n|move|p2b: Chi-Yu|Heat Wave|p1a: Mimikyu|[spread] p1a,p1b\n|-activate|p1a: Mimikyu|ability: Disguise\n|-damage|p1a: Mimikyu|100\/100\n|-damage|p1b: Audino|54\/100\n|detailschange|p1a: Mimikyu|Mimikyu-Busted, M\n|-damage|p1a: Mimikyu|88\/100|[from] pokemon: Mimikyu-Busted\n|move|p2a: Diancie|Dazzling Gleam|p1a: Mimikyu|[spread] p1a,p1b\n|-damage|p1a: Mimikyu|35\/100\n|-damage|p1b: Audino|19\/100\n|move|p1a: Mimikyu|Trick Room|p1a: Mimikyu\n|-fieldstart|move: Trick Room|[of] p1a: Mimikyu\n|\n|upkeep\n|turn|2\n|\n|t:|1700503776\n|switch|p1b: Gholdengo|Gholdengo|100\/100\n|-zpower|p1a: Mimikyu\n|move|p1a: Mimikyu|Let's Snuggle Forever|p2b: Chi-Yu|[zeffect]\n|-damage|p2b: Chi-Yu|0 fnt\n|faint|p2b: Chi-Yu\n|move|p2a: Diancie|Dazzling Gleam|p1a: Mimikyu|[spread] p1a,p1b\n|-resisted|p1b: Gholdengo\n|-damage|p1a: Mimikyu|0 fnt\n|-damage|p1b: Gholdengo|83\/100\n|faint|p1a: Mimikyu\n|\n|-heal|p1b: Gholdengo|89\/100|[from] item: Leftovers\n|upkeep\n|\n|t:|1700503795\n|switch|p1a: Audino|Audino, F|52\/100\n|switch|p2b: Kingambit|Kingambit, F, shiny|100\/100\n|-activate|p2b: Kingambit|ability: Supreme Overlord\n|-start|p2b: Kingambit|fallen1|[silent]\n|turn|3\n|\n|t:|1700503813\n|-terastallize|p1b: Gholdengo|Steel\n|move|p2b: Kingambit|Sucker Punch||[still]\n|-fail|p2b: Kingambit\n|move|p1a: Audino|Wish|p1a: Audino\n|move|p1b: Gholdengo|Nasty Plot|p1b: Gholdengo\n|-boost|p1b: Gholdengo|spa|2\n|move|p2a: Diancie|Dazzling Gleam|p1b: Gholdengo|[spread] p1a,p1b\n|-resisted|p1b: Gholdengo\n|-damage|p1a: Audino|23\/100\n|-damage|p1b: Gholdengo|72\/100\n|\n|-heal|p1b: Gholdengo|79\/100|[from] item: Leftovers\n|upkeep\n|turn|4\n|l|\u2606tryingn\n|player|p2|\n|inactive|Battle timer is ON: inactive players will automatically lose when time's up. (requested by El Ryuk456)\n|inactive|tryingn has 30 seconds to reconnect!\n|inactive|tryingn has 20 seconds to reconnect!\n|inactive|tryingn has 15 seconds to reconnect!\n|inactive|tryingn has 10 seconds to reconnect!\n|j|\u2606tryingn\n|inactive|tryingn reconnected and has 100 seconds left.\n|player|p2|tryingn|169\n|inactive|tryingn has 90 seconds left.\n|\n|t:|1700503900\n|switch|p2a: Teddy|Ursaluna-Bloodmoon, M|100\/100\n|move|p1a: Audino|Ally Switch|p1a: Audino\n|swap|p1a: Audino|1|[from] move: Ally Switch\n|move|p2b: Kingambit|Sucker Punch||[still]\n|-fail|p2b: Kingambit\n|move|p1a: Gholdengo|Make It Rain|p2b: Kingambit|[spread] p2a,p2b\n|-resisted|p2b: Kingambit\n|-damage|p2a: Teddy|0 fnt\n|-damage|p2b: Kingambit|38\/100\n|-unboost|p1a: Gholdengo|spa|1\n|faint|p2a: Teddy\n|\n|-heal|p1a: Gholdengo|100\/100|[from] move: Wish|[wisher] Audino\n|upkeep\n|\n|t:|1700503915\n|switch|p2a: Kommo-o|Kommo-o, F|100\/100\n|turn|5\n|\n|t:|1700503923\n|detailschange|p1b: Audino|Audino-Mega, F\n|-mega|p1b: Audino|Audino|Audinite\n|move|p2b: Kingambit|Sucker Punch|p1a: Gholdengo\n|-damage|p1a: Gholdengo|53\/100\n|move|p1b: Audino|Dazzling Gleam|p2b: Kingambit|[spread] p2a,p2b\n|-supereffective|p2a: Kommo-o\n|-damage|p2a: Kommo-o|25\/100\n|-damage|p2b: Kingambit|21\/100\n|move|p1a: Gholdengo|Make It Rain|p2a: Kommo-o|[spread] p2a,p2b\n|-resisted|p2b: Kingambit\n|-damage|p2a: Kommo-o|0 fnt\n|-damage|p2b: Kingambit|0 fnt\n|-unboost|p1a: Gholdengo|spa|1\n|faint|p2a: Kommo-o\n|faint|p2b: Kingambit\n|-end|p2b: Kingambit|fallen1|[silent]\n|\n|-heal|p1a: Gholdengo|59\/100|[from] item: Leftovers\n|-fieldend|move: Trick Room\n|upkeep\n|\n|t:|1700503939\n|switch|p2a: Jirachi|Jirachi|100\/100\n|switch|p2b: Diancie|Diancie-Mega|100\/100\n|turn|6\n|\n|t:|1700503956\n|move|p1a: Gholdengo|Protect|p1a: Gholdengo\n|-singleturn|p1a: Gholdengo|Protect\n|move|p2a: Jirachi|Iron Head|p1b: Audino\n|-supereffective|p1b: Audino\n|-damage|p1b: Audino|0 fnt\n|faint|p1b: Audino\n|move|p2b: Diancie|Earth Power|p1a: Gholdengo\n|-activate|p1a: Gholdengo|move: Protect\n|\n|-heal|p1a: Gholdengo|65\/100|[from] item: Leftovers\n|upkeep\n|\n|t:|1700503965\n|switch|p1b: Ogerpon|Ogerpon-Cornerstone, F|100\/100\n|turn|7\n|\n|t:|1700503971\n|move|p1b: Ogerpon|Follow Me|p1b: Ogerpon\n|-singleturn|p1b: Ogerpon|move: Follow Me\n|move|p2a: Jirachi|Iron Head|p1b: Ogerpon\n|-supereffective|p1b: Ogerpon\n|-damage|p1b: Ogerpon|22\/100\n|move|p2b: Diancie|Earth Power|p1b: Ogerpon\n|-damage|p1b: Ogerpon|0 fnt\n|faint|p1b: Ogerpon\n|move|p1a: Gholdengo|Make It Rain|p2a: Jirachi|[spread] p2a,p2b\n|-resisted|p2a: Jirachi\n|-supereffective|p2b: Diancie\n|-damage|p2a: Jirachi|69\/100\n|-damage|p2b: Diancie|0 fnt\n|-unboost|p1a: Gholdengo|spa|1\n|faint|p2b: Diancie\n|\n|-heal|p1a: Gholdengo|71\/100|[from] item: Leftovers\n|upkeep\n|\n|t:|1700503982\n|switch|p1b: Moltres|Moltres-Galar|100\/100\n|turn|8\n|\n|t:|1700503989\n|-terastallize|p2a: Jirachi|Water\n|move|p2a: Jirachi|Iron Head|p1b: Moltres\n|-damage|p1b: Moltres|53\/100\n|replace|p1b: Zorua|Zorua-Hisui, M, shiny\n|-end|p1b: Zorua|Illusion\n|move|p1a: Gholdengo|Shadow Ball|p2a: Jirachi\n|-damage|p2a: Jirachi|41\/100\n|cant|p1b: Zorua|flinch\n|\n|-heal|p1a: Gholdengo|77\/100|[from] item: Leftovers\n|upkeep\n|turn|9\n|\n|t:|1700504001\n|move|p2a: Jirachi|Iron Head|p1b: Zorua\n|-damage|p1b: Zorua|5\/100\n|move|p1a: Gholdengo|Nasty Plot|p1a: Gholdengo\n|-boost|p1a: Gholdengo|spa|2\n|cant|p1b: Zorua|flinch\n|\n|-heal|p1a: Gholdengo|83\/100|[from] item: Leftovers\n|upkeep\n|turn|10\n|\n|t:|1700504030\n|move|p2a: Jirachi|Iron Head|p1a: Gholdengo\n|-resisted|p1a: Gholdengo\n|-damage|p1a: Gholdengo|65\/100\n|cant|p1a: Gholdengo|flinch\n|move|p1b: Zorua|Will-O-Wisp|p2a: Jirachi\n|-status|p2a: Jirachi|brn\n|\n|-heal|p1a: Gholdengo|71\/100|[from] item: Leftovers\n|-damage|p2a: Jirachi|35\/100 brn|[from] brn\n|upkeep\n|turn|11\n|\n|t:|1700504040\n|move|p2a: Jirachi|Iron Head|p1a: Gholdengo\n|-resisted|p1a: Gholdengo\n|-damage|p1a: Gholdengo|62\/100\n|move|p1a: Gholdengo|Shadow Ball|p2a: Jirachi\n|-damage|p2a: Jirachi|0 fnt\n|faint|p2a: Jirachi\n|\n|win|El Ryuk456\n|raw|El Ryuk456's rating: 1411 &rarr; <strong>1439<\/strong><br \/>(+28 for winning)\n|raw|tryingn's rating: 1550 &rarr; <strong>1522<\/strong><br \/>(-28 for losing)\n|l|\u2606tryingn\n|c|\u2606El Ryuk456|gg\n","uploadtime":1700504059,"views":1,"p1id":"elryuk456","p2id":"tryingn","formatid":"gen9nationaldexdoubles","rating":1439,"private":0,"password":""}