{"id":"gen9nationaldexdoubles-1991637737","p1":"androiddxx","p2":"carter\/35","format":"[Gen 9] National Dex Doubles","log":"|j|\u2606androiddxx\n|j|\u2606carter\/35\n|t:|1700097034\n|gametype|doubles\n|player|p1|androiddxx|ethan|1108\n|player|p2|carter\/35|ghetsis-gen5bw|1087\n|teamsize|p1|6\n|teamsize|p2|6\n|gen|9\n|tier|[Gen 9] National Dex Doubles\n|rated|\n|rule|HP Percentage Mod: HP is shown in percentages\n|rule|Endless Battle Clause: Forcing endless battles is banned\n|rule|OHKO Clause: OHKO moves are banned\n|rule|Evasion Moves Clause: Evasion moves are banned\n|rule|Evasion Abilities Clause: Evasion abilities are banned\n|rule|Species Clause: Limit one of each Pok\u00e9mon\n|rule|Gravity Sleep Clause: The combination of sleep-inducing moves with imperfect accuracy and Gravity or Gigantamax Orbeetle are banned\n|clearpoke\n|poke|p1|Metagross|\n|poke|p1|Swampert, M|\n|poke|p1|Raichu, M|\n|poke|p1|Sceptile, M|\n|poke|p1|Incineroar, M|\n|poke|p1|Hitmontop, M|\n|poke|p2|Gholdengo|\n|poke|p2|Garchomp, F|\n|poke|p2|Iron Moth|\n|poke|p2|Urshifu-*, M|\n|poke|p2|Regieleki|\n|poke|p2|Flutter Mane|\n|teampreview\n|\n|t:|1700097044\n|start\n|switch|p1a: Dr. Bustown|Hitmontop, M|100\/100\n|switch|p1b: Meteor|Metagross, shiny|100\/100\n|switch|p2a: Land shark|Garchomp, F, shiny|100\/100\n|switch|p2b: Iron Moth|Iron Moth, shiny|100\/100\n|turn|1\n|\n|t:|1700097065\n|detailschange|p2a: Land shark|Garchomp-Mega, F, shiny\n|-mega|p2a: Land shark|Garchomp|Garchompite\n|move|p2b: Iron Moth|Toxic Spikes|p1b: Meteor\n|-sidestart|p1: androiddxx|move: Toxic Spikes\n|move|p2a: Land shark|Stealth Rock|p1a: Dr. Bustown\n|-sidestart|p1: androiddxx|move: Stealth Rock\n|move|p1b: Meteor|Psycho Cut|p2b: Iron Moth\n|-supereffective|p2b: Iron Moth\n|-damage|p2b: Iron Moth|0 fnt\n|faint|p2b: Iron Moth\n|-end|p2b: Iron Moth|Quark Drive|[silent]\n|move|p1a: Dr. Bustown|Triple Axel|p2a: Land shark\n|-supereffective|p2a: Land shark\n|-damage|p2a: Land shark|75\/100\n|-supereffective|p2a: Land shark\n|-damage|p2a: Land shark|26\/100\n|-supereffective|p2a: Land shark\n|-damage|p2a: Land shark|0 fnt\n|faint|p2a: Land shark\n|-hitcount|p2: Land shark|3\n|\n|upkeep\n|inactive|Battle timer is ON: inactive players will automatically lose when time's up. (requested by androiddxx)\n|\n|t:|1700097101\n|switch|p2b: winged ghost|Flutter Mane|100\/100\n|switch|p2a: Cheese stick|Gholdengo, shiny|100\/100\n|-enditem|p2b: winged ghost|Booster Energy\n|-activate|p2b: winged ghost|ability: Protosynthesis|[fromitem]\n|-start|p2b: winged ghost|protosynthesisspa\n|turn|2\n|\n|t:|1700097131\n|move|p1a: Dr. Bustown|Bullet Punch|p2b: winged ghost\n|-supereffective|p2b: winged ghost\n|-damage|p2b: winged ghost|43\/100\n|move|p2b: winged ghost|Moonblast|p1a: Dr. Bustown\n|-supereffective|p1a: Dr. Bustown\n|-enditem|p1a: Dr. Bustown|Focus Sash\n|-damage|p1a: Dr. Bustown|1\/100\n|move|p1b: Meteor|Psycho Cut|p2a: Cheese stick\n|-resisted|p2a: Cheese stick\n|-damage|p2a: Cheese stick|81\/100\n|move|p2a: Cheese stick|Light Screen|p2a: Cheese stick\n|-sidestart|p2: carter\/35|move: Light Screen\n|\n|-heal|p2a: Cheese stick|87\/100|[from] item: Leftovers\n|upkeep\n|turn|3\n|\n|t:|1700097153\n|move|p1a: Dr. Bustown|Bullet Punch|p2b: winged ghost\n|-supereffective|p2b: winged ghost\n|-damage|p2b: winged ghost|0 fnt\n|faint|p2b: winged ghost\n|-end|p2b: winged ghost|Protosynthesis|[silent]\n|move|p1b: Meteor|Psycho Cut|p2a: Cheese stick\n|-resisted|p2a: Cheese stick\n|-damage|p2a: Cheese stick|68\/100\n|move|p2a: Cheese stick|Shadow Ball|p1b: Meteor\n|-supereffective|p1b: Meteor\n|-damage|p1b: Meteor|0 fnt\n|faint|p1b: Meteor\n|\n|-heal|p2a: Cheese stick|74\/100|[from] item: Leftovers\n|upkeep\n|\n|t:|1700097177\n|switch|p2b: electro ball|Regieleki|100\/100\n|switch|p1b: Brownie|Sceptile, M|100\/100\n|-status|p1b: Brownie|psn\n|-damage|p1b: Brownie|88\/100 psn|[from] Stealth Rock\n|turn|4\n|\n|t:|1700097201\n|move|p1a: Dr. Bustown|Mach Punch|p2b: electro ball\n|-damage|p2b: electro ball|62\/100\n|move|p2b: electro ball|Thunder Cage|p1b: Brownie\n|-resisted|p1b: Brownie\n|-damage|p1b: Brownie|59\/100 psn\n|-activate|p1b: Brownie|move: Thunder Cage|[of] p2b: electro ball\n|move|p1b: Brownie|Leaf Blade|p2b: electro ball\n|-damage|p2b: electro ball|3\/100\n|move|p2a: Cheese stick|Make It Rain|p1a: Dr. Bustown|[spread] p1a,p1b\n|-damage|p1a: Dr. Bustown|0 fnt\n|-damage|p1b: Brownie|0 fnt\n|-unboost|p2a: Cheese stick|spa|1\n|faint|p1a: Dr. Bustown\n|faint|p1b: Brownie\n|\n|-heal|p2b: electro ball|9\/100|[from] item: Leftovers\n|-heal|p2a: Cheese stick|80\/100|[from] item: Leftovers\n|upkeep\n|inactive|androiddxx has 120 seconds left.\n|\n|t:|1700097225\n|switch|p1b: Detective|Raichu, M|100\/100\n|switch|p1a: Chocolate|Incineroar, M|100\/100\n|-status|p1b: Detective|psn\n|-damage|p1b: Detective|88\/100 psn|[from] Stealth Rock\n|-status|p1a: Chocolate|psn\n|-damage|p1a: Chocolate|76\/100 psn|[from] Stealth Rock\n|-ability|p1a: Chocolate|Intimidate|boost\n|-unboost|p2a: Cheese stick|atk|1\n|-unboost|p2b: electro ball|atk|1\n|turn|5\n|inactive|carter\/35 has 120 seconds left.\n|\n|t:|1700097265\n|-terastallize|p2a: Cheese stick|Normal\n|move|p1b: Detective|Quick Attack|p2b: electro ball\n|-damage|p2b: electro ball|0 fnt\n|faint|p2b: electro ball\n|move|p2a: Cheese stick|Focus Blast|p1a: Chocolate\n|-supereffective|p1a: Chocolate\n|-damage|p1a: Chocolate|8\/100 psn\n|move|p1a: Chocolate|Darkest Lariat|p2a: Cheese stick\n|-damage|p2a: Cheese stick|39\/100\n|\n|-heal|p2a: Cheese stick|45\/100|[from] item: Leftovers\n|-damage|p1b: Detective|76\/100 psn|[from] psn\n|-damage|p1a: Chocolate|0 fnt|[from] psn\n|faint|p1a: Chocolate\n|upkeep\n|inactive|carter\/35 has 120 seconds left.\n|\n|t:|1700097285\n|switch|p2b: Kung Fu panda|Urshifu-Rapid-Strike, M|100\/100\n|switch|p1a: Surfish|Swampert, M|100\/100\n|-status|p1a: Surfish|psn\n|-damage|p1a: Surfish|94\/100 psn|[from] Stealth Rock\n|turn|6\n|\n|t:|1700097304\n|-terastallize|p1a: Surfish|Water\n|move|p1b: Detective|Thunderbolt|p2a: Cheese stick\n|-damage|p2a: Cheese stick|21\/100\n|-status|p2a: Cheese stick|par\n|move|p2b: Kung Fu panda|Swords Dance|p2b: Kung Fu panda\n|-boost|p2b: Kung Fu panda|atk|2\n|move|p1a: Surfish|Liquidation|p2b: Kung Fu panda\n|-resisted|p2b: Kung Fu panda\n|-damage|p2b: Kung Fu panda|76\/100\n|move|p2a: Cheese stick|Make It Rain|p1a: Surfish|[spread] p1a,p1b\n|-resisted|p1a: Surfish\n|-resisted|p1b: Detective\n|-damage|p1a: Surfish|77\/100 psn\n|-damage|p1b: Detective|48\/100 psn\n|-unboost|p2a: Cheese stick|spa|1\n|\n|-heal|p2a: Cheese stick|28\/100 par|[from] item: Leftovers\n|-damage|p1b: Detective|36\/100 psn|[from] psn\n|-damage|p1a: Surfish|64\/100 psn|[from] psn\n|-sideend|p2: carter\/35|move: Light Screen\n|upkeep\n|turn|7\n|inactive|androiddxx has 120 seconds left.\n|\n|t:|1700097337\n|move|p1b: Detective|Thunderbolt|p2b: Kung Fu panda\n|-supereffective|p2b: Kung Fu panda\n|-damage|p2b: Kung Fu panda|0 fnt\n|faint|p2b: Kung Fu panda\n|move|p1a: Surfish|Liquidation|p2a: Cheese stick\n|-damage|p2a: Cheese stick|0 fnt\n|faint|p2a: Cheese stick\n|\n|win|androiddxx\n|raw|androiddxx's rating: 1108 &rarr; <strong>1131<\/strong><br \/>(+23 for winning)\n|raw|carter&#x2f;35's rating: 1087 &rarr; <strong>1065<\/strong><br \/>(-22 for losing)\n|l|\u2606carter\/35\n","uploadtime":1700097385,"views":8,"p1id":"androiddxx","p2id":"carter35","formatid":"gen9nationaldexdoubles","rating":1065,"private":0,"password":""}