{"id":"gen9nationaldexdoubles-1990896211","p1":"thats a wack","p2":"Tragopan","format":"[Gen 9] National Dex Doubles","log":"|j|\u2606thats a wack\n|j|\u2606Tragopan\n|t:|1700012533\n|gametype|doubles\n|player|p1|thats a wack|170|1000\n|player|p2|Tragopan|volkner|1022\n|teamsize|p1|4\n|teamsize|p2|6\n|gen|9\n|tier|[Gen 9] National Dex Doubles\n|rated|\n|rule|HP Percentage Mod: HP is shown in percentages\n|rule|Endless Battle Clause: Forcing endless battles is banned\n|rule|OHKO Clause: OHKO moves are banned\n|rule|Evasion Moves Clause: Evasion moves are banned\n|rule|Evasion Abilities Clause: Evasion abilities are banned\n|rule|Species Clause: Limit one of each Pok\u00e9mon\n|rule|Gravity Sleep Clause: The combination of sleep-inducing moves with imperfect accuracy and Gravity or Gigantamax Orbeetle are banned\n|clearpoke\n|poke|p1|Glalie, F|\n|poke|p1|Murkrow, M|\n|poke|p1|Krookodile, F|\n|poke|p1|Cloyster, M|\n|poke|p2|Tauros-Paldea-Blaze, M|\n|poke|p2|Bruxish, F|\n|poke|p2|Torkoal, F|\n|poke|p2|Leafeon, F|\n|poke|p2|Pelipper, F|\n|poke|p2|Barraskewda, M|\n|teampreview\n|\n|t:|1700012543\n|start\n|switch|p1a: Glalie|Glalie, F|100\/100\n|switch|p1b: Murkrow|Murkrow, M|100\/100\n|switch|p2a: Tauros|Tauros-Paldea-Blaze, M|100\/100\n|switch|p2b: Bruxish|Bruxish, F|100\/100\n|turn|1\n|inactive|Battle timer is ON: inactive players will automatically lose when time's up. (requested by Tragopan)\n|\n|t:|1700012560\n|detailschange|p1a: Glalie|Glalie-Mega, F\n|-mega|p1a: Glalie|Glalie|Glalitite\n|move|p1b: Murkrow|Tailwind|p1b: Murkrow\n|-sidestart|p1: thats a wack|move: Tailwind\n|move|p1a: Glalie|Explosion|p2a: Tauros|[spread] p1b,p2a,p2b\n|-supereffective|p1b: Murkrow\n|-resisted|p2a: Tauros\n|-resisted|p2b: Bruxish\n|-damage|p1b: Murkrow|0 fnt\n|-damage|p2a: Tauros|37\/100\n|-damage|p2b: Bruxish|1\/100\n|faint|p1a: Glalie\n|faint|p1b: Murkrow\n|move|p2b: Bruxish|Frost Breath|p2a: Tauros\n|-resisted|p2a: Tauros\n|-crit|p2a: Tauros\n|-damage|p2a: Tauros|26\/100\n|-setboost|p2a: Tauros|atk|6|[from] ability: Anger Point\n|move|p2a: Tauros|Raging Bull|p1: Glalie|[notarget]\n|-fail|p2a: Tauros\n|\n|upkeep\n|\n|t:|1700012574\n|switch|p1a: Krookodile|Krookodile, F|100\/100\n|switch|p1b: Cloyster|Cloyster, M|100\/100\n|turn|2\n|inactive|thats a wack has 120 seconds left.\n|\n|t:|1700012621\n|move|p1a: Krookodile|Earthquake|p2b: Bruxish|[spread] p1b,p2a,p2b\n|-supereffective|p2a: Tauros\n|-crit|p2b: Bruxish\n|-damage|p1b: Cloyster|55\/100\n|-damage|p2a: Tauros|0 fnt\n|-damage|p2b: Bruxish|0 fnt\n|faint|p2a: Tauros\n|faint|p2b: Bruxish\n|-damage|p1a: Krookodile|91\/100|[from] item: Life Orb\n|move|p1b: Cloyster|Frost Breath|p1a: Krookodile\n|-supereffective|p1a: Krookodile\n|-crit|p1a: Krookodile\n|-damage|p1a: Krookodile|36\/100\n|-setboost|p1a: Krookodile|atk|6|[from] ability: Anger Point\n|\n|upkeep\n|\n|t:|1700012635\n|switch|p2b: Fish go zoom|Barraskewda, M, shiny|100\/100\n|switch|p2a: Pelipper|Pelipper, F|100\/100\n|-weather|RainDance|[from] ability: Drizzle|[of] p2a: Pelipper\n|turn|3\n|\n|t:|1700012647\n|-terastallize|p2b: Fish go zoom|Water\n|move|p1a: Krookodile|Protect|p1a: Krookodile\n|-singleturn|p1a: Krookodile|Protect\n|move|p2b: Fish go zoom|Liquidation|p1a: Krookodile\n|-activate|p1a: Krookodile|move: Protect\n|move|p1b: Cloyster|Explosion|p2a: Pelipper|[spread] p2a,p2b\n|-activate|p1a: Krookodile|move: Protect\n|-enditem|p1b: Cloyster|Normal Gem|[from] gem\n|-damage|p2a: Pelipper|24\/100\n|-damage|p2b: Fish go zoom|0 fnt\n|faint|p1b: Cloyster\n|faint|p2b: Fish go zoom\n|move|p2a: Pelipper|Hurricane|p1a: Krookodile\n|-activate|p1a: Krookodile|move: Protect\n|\n|-weather|RainDance|[upkeep]\n|upkeep\n|\n|t:|1700012666\n|switch|p2b: Torkoal|Torkoal, F|100\/100\n|-weather|SunnyDay|[from] ability: Drought|[of] p2b: Torkoal\n|turn|4\n|\n|t:|1700012675\n|switch|p2a: Leafeon|Leafeon, F|100\/100\n|move|p1a: Krookodile|Rock Slide|p2b: Torkoal|[spread] p2a,p2b\n|-supereffective|p2b: Torkoal\n|-damage|p2a: Leafeon|0 fnt\n|-damage|p2b: Torkoal|0 fnt\n|faint|p2a: Leafeon\n|faint|p2b: Torkoal\n|-damage|p1a: Krookodile|26\/100|[from] item: Life Orb\n|\n|-weather|SunnyDay|[upkeep]\n|-sideend|p1: thats a wack|move: Tailwind\n|upkeep\n|\n|t:|1700012687\n|switch|p2a: Pelipper|Pelipper, F|24\/100\n|-weather|RainDance|[from] ability: Drizzle|[of] p2a: Pelipper\n|turn|5\n|n|\u2606thats a wack|thatsawack\n|c|\u2606thats a wack|fun!\n|\n|t:|1700012710\n|move|p1a: Krookodile|Darkest Lariat|p2a: Pelipper\n|-damage|p2a: Pelipper|0 fnt\n|faint|p2a: Pelipper\n|-damage|p1a: Krookodile|16\/100|[from] item: Life Orb\n|\n|win|thats a wack\n|raw|thats a wack's rating: 1000 &rarr; <strong>1043<\/strong><br \/>(+43 for winning)\n|raw|Tragopan's rating: 1022 &rarr; <strong>1008<\/strong><br \/>(-14 for losing)\n|c|\u2606thats a wack|ggs\n|l|\u2606Tragopan\n","uploadtime":1700012719,"views":39,"p1id":"thatsawack","p2id":"tragopan","formatid":"gen9nationaldexdoubles","rating":1008,"private":0,"password":""}