{"id":"gen9nationaldexdoubles-1956501327","p1":"Skyhero752","p2":"Nyata","format":"[Gen 9] National Dex Doubles","log":"|j|\u2606Skyhero752\n|j|\u2606Nyata\n|t:|1696114375\n|gametype|doubles\n|player|p1|Skyhero752|sightseer|1297\n|player|p2|Nyata|170|1504\n|teamsize|p1|6\n|teamsize|p2|6\n|gen|9\n|tier|[Gen 9] National Dex Doubles\n|rated|\n|rule|HP Percentage Mod: HP is shown in percentages\n|rule|Endless Battle Clause: Forcing endless battles is banned\n|rule|OHKO Clause: OHKO moves are banned\n|rule|Evasion Moves Clause: Evasion moves are banned\n|rule|Evasion Abilities Clause: Evasion abilities are banned\n|rule|Species Clause: Limit one of each Pok\u00e9mon\n|rule|Gravity Sleep Clause: The combination of sleep-inducing moves with imperfect accuracy and Gravity or Gigantamax Orbeetle are banned\n|clearpoke\n|poke|p1|Swoobat, F|\n|poke|p1|Togekiss, F|\n|poke|p1|Kilowattrel, M|\n|poke|p1|Pidgeot, F|\n|poke|p1|Jumpluff, F|\n|poke|p1|Gyarados, F|\n|poke|p2|Cradily, F|\n|poke|p2|Aerodactyl, M|\n|poke|p2|Arcanine-Hisui, M|\n|poke|p2|Nihilego|\n|poke|p2|Tyranitar, M|\n|poke|p2|Aggron, F|\n|teampreview\n|c|\u2606Nyata|pog mono flying\n|\n|t:|1696114392\n|start\n|switch|p1a: Jumpluff|Jumpluff, F|100\/100\n|switch|p1b: Gyarados|Gyarados, F|100\/100\n|switch|p2a: Aerodactyl|Aerodactyl, M|100\/100\n|switch|p2b: Nihilego|Nihilego|100\/100\n|-ability|p2a: Aerodactyl|Unnerve\n|turn|1\n|c|\u2606Skyhero752|against mono rock\n|c|\u2606Skyhero752|wellllll shit\n|c|\u2606Nyata|u still win\n|\n|t:|1696114404\n|move|p2b: Nihilego|Protect|p2b: Nihilego\n|-singleturn|p2b: Nihilego|Protect\n|move|p1a: Jumpluff|Rage Powder|p1a: Jumpluff\n|-singleturn|p1a: Jumpluff|move: Rage Powder\n|move|p2a: Aerodactyl|Tailwind|p2a: Aerodactyl\n|-sidestart|p2: Nyata|move: Tailwind\n|move|p1b: Gyarados|Dragon Dance|p1b: Gyarados\n|-boost|p1b: Gyarados|atk|1\n|-boost|p1b: Gyarados|spe|1\n|\n|upkeep\n|turn|2\n|c|\u2606Nyata|i believe\n|\n|t:|1696114422\n|-terastallize|p1b: Gyarados|Ground\n|move|p1a: Jumpluff|Rage Powder|p1a: Jumpluff\n|-singleturn|p1a: Jumpluff|move: Rage Powder\n|move|p2a: Aerodactyl|Sky Drop||[still]\n|-prepare|p2a: Aerodactyl|Sky Drop|p1a: Jumpluff\n|move|p2b: Nihilego|Meteor Beam||[still]\n|-prepare|p2b: Nihilego|Meteor Beam\n|-boost|p2b: Nihilego|spa|1\n|-enditem|p2b: Nihilego|Power Herb\n|-anim|p2b: Nihilego|Meteor Beam|p1b: Gyarados\n|-resisted|p1b: Gyarados\n|-damage|p1b: Gyarados|57\/100\n|move|p1b: Gyarados|Earthquake|p2b: Nihilego|[spread] p2b\n|-miss|p1b: Gyarados|p1a: Jumpluff\n|-miss|p1b: Gyarados|p2a: Aerodactyl\n|-supereffective|p2b: Nihilego\n|-damage|p2b: Nihilego|0 fnt\n|faint|p2b: Nihilego\n|-ability|p1b: Gyarados|Moxie|boost\n|-boost|p1b: Gyarados|atk|1\n|\n|upkeep\n|\n|t:|1696114431\n|switch|p2b: Cradily|Cradily, F|100\/100\n|turn|3\n|\n|t:|1696114460\n|move|p2a: Aerodactyl|Sky Drop|p1a: Jumpluff|[from]lockedmove\n|-immune|p1a: Jumpluff\n|move|p1b: Gyarados|Earthquake|p2b: Cradily|[spread] p2b\n|-immune|p1a: Jumpluff\n|-immune|p2a: Aerodactyl\n|-damage|p2b: Cradily|29\/100\n|move|p1a: Jumpluff|Strength Sap|p2a: Aerodactyl\n|-unboost|p2a: Aerodactyl|atk|1\n|move|p2b: Cradily|Meteor Beam||[still]\n|-prepare|p2b: Cradily|Meteor Beam\n|-boost|p2b: Cradily|spa|1\n|-enditem|p2b: Cradily|Power Herb\n|-anim|p2b: Cradily|Meteor Beam|p1a: Jumpluff\n|-supereffective|p1a: Jumpluff\n|-damage|p1a: Jumpluff|0 fnt\n|faint|p1a: Jumpluff\n|\n|upkeep\n|\n|t:|1696114474\n|switch|p1a: Kilowattrel|Kilowattrel, M|100\/100\n|turn|4\n|\n|t:|1696114485\n|switch|p2b: Tyranitar|Tyranitar, M|100\/100\n|-weather|Sandstorm|[from] ability: Sand Stream|[of] p2b: Tyranitar\n|move|p1b: Gyarados|Protect|p1b: Gyarados\n|-singleturn|p1b: Gyarados|Protect\n|move|p2a: Aerodactyl|Sky Drop|p1b: Gyarados\n|-activate|p1b: Gyarados|move: Protect\n|move|p1a: Kilowattrel|Tailwind|p1a: Kilowattrel\n|-sidestart|p1: Skyhero752|move: Tailwind\n|-start|p1a: Kilowattrel|Charge|Tailwind|[from] ability: Wind Power\n|\n|-weather|Sandstorm|[upkeep]\n|-damage|p1a: Kilowattrel|94\/100|[from] Sandstorm\n|-sideend|p2: Nyata|move: Tailwind\n|upkeep\n|turn|5\n|\n|t:|1696114502\n|move|p1b: Gyarados|Earthquake|p2b: Tyranitar|[spread] p2b\n|-immune|p1a: Kilowattrel\n|-immune|p2a: Aerodactyl\n|-supereffective|p2b: Tyranitar\n|-damage|p2b: Tyranitar|0 fnt\n|faint|p2b: Tyranitar\n|-ability|p1b: Gyarados|Moxie|boost\n|-boost|p1b: Gyarados|atk|1\n|move|p1a: Kilowattrel|Electro Ball|p2a: Aerodactyl\n|-supereffective|p2a: Aerodactyl\n|-damage|p2a: Aerodactyl|11\/100\n|-end|p1a: Kilowattrel|Charge|[silent]\n|move|p2a: Aerodactyl|Tailwind|p2a: Aerodactyl\n|-sidestart|p2: Nyata|move: Tailwind\n|\n|-weather|Sandstorm|[upkeep]\n|-damage|p1a: Kilowattrel|88\/100|[from] Sandstorm\n|upkeep\n|\n|t:|1696114511\n|switch|p2b: Aggron|Aggron, F|100\/100\n|turn|6\n|\n|t:|1696114544\n|move|p2a: Aerodactyl|Sky Drop|p1b: Gyarados\n|-fail|p1b: Gyarados|move: Sky Drop|[heavy]\n|move|p1b: Gyarados|Waterfall|p2b: Aggron\n|-supereffective|p2b: Aggron\n|-ability|p2b: Aggron|Sturdy\n|-damage|p2b: Aggron|1\/100\n|move|p1a: Kilowattrel|Electro Ball|p2a: Aerodactyl\n|-supereffective|p2a: Aerodactyl\n|-crit|p2a: Aerodactyl\n|-damage|p2a: Aerodactyl|0 fnt\n|faint|p2a: Aerodactyl\n|cant|p2b: Aggron|flinch\n|\n|-weather|Sandstorm|[upkeep]\n|-damage|p1a: Kilowattrel|82\/100|[from] Sandstorm\n|upkeep\n|c|\u2606Nyata|oh\n|c|\u2606Nyata|i didnt know gyarados is too heavy D:\n|\n|t:|1696114557\n|switch|p2a: Arcanine|Arcanine-Hisui, M|100\/100\n|turn|7\n|c|\u2606Nyata|oh well gg :3\n|\n|t:|1696114577\n|detailschange|p2b: Aggron|Aggron-Mega, F\n|-mega|p2b: Aggron|Aggron|Aggronite\n|move|p1b: Gyarados|Earthquake|p2a: Arcanine|[spread] p2a,p2b\n|-immune|p1a: Kilowattrel\n|-supereffective|p2a: Arcanine\n|-supereffective|p2b: Aggron\n|-damage|p2a: Arcanine|0 fnt\n|-damage|p2b: Aggron|0 fnt\n|faint|p2a: Arcanine\n|faint|p2b: Aggron\n|-ability|p1b: Gyarados|Moxie|boost\n|-boost|p1b: Gyarados|atk|2\n|move|p1a: Kilowattrel|Electro Ball|p2: Arcanine|[notarget]\n|-fail|p1a: Kilowattrel\n|\n|-weather|Sandstorm|[upkeep]\n|-damage|p1a: Kilowattrel|76\/100|[from] Sandstorm\n|-sideend|p1: Skyhero752|move: Tailwind\n|upkeep\n|-message|Nyata forfeited.\n|\n|win|Skyhero752\n|raw|Skyhero752's rating: 1297 &rarr; <strong>1335<\/strong><br \/>(+38 for winning)\n|raw|Nyata's rating: 1504 &rarr; <strong>1473<\/strong><br \/>(-31 for losing)\n|c|\u2606Skyhero752|gg\n|l|\u2606Nyata\n","uploadtime":1696114599,"views":6,"p1id":"skyhero752","p2id":"nyata","formatid":"gen9nationaldexdoubles","rating":1335,"private":0,"password":""}