{"id":"gen9nationaldexdoubles-1949965263","p1":"Immagamer","p2":"LoveinaMist_s","format":"[Gen 9] National Dex Doubles","log":"|j|\u2606Immagamer\n|j|\u2606LoveinaMist_s\n|t:|1695413104\n|gametype|doubles\n|player|p1|Immagamer|lucas|1281\n|player|p2|LoveinaMist_s|2|1383\n|teamsize|p1|6\n|teamsize|p2|6\n|gen|9\n|tier|[Gen 9] National Dex Doubles\n|rated|\n|rule|HP Percentage Mod: HP is shown in percentages\n|rule|Endless Battle Clause: Forcing endless battles is banned\n|rule|OHKO Clause: OHKO moves are banned\n|rule|Evasion Moves Clause: Evasion moves are banned\n|rule|Evasion Abilities Clause: Evasion abilities are banned\n|rule|Species Clause: Limit one of each Pok\u00e9mon\n|rule|Gravity Sleep Clause: The combination of sleep-inducing moves with imperfect accuracy and Gravity or Gigantamax Orbeetle are banned\n|clearpoke\n|poke|p1|Zygarde|\n|poke|p1|Swoobat, M|\n|poke|p1|Maushold-Four|\n|poke|p1|Indeedee-F, F|\n|poke|p1|Flamigo, F|\n|poke|p1|Quaquaval, M|\n|poke|p2|Dipplin, F|\n|poke|p2|Sinistcha-Masterpiece|\n|poke|p2|Ogerpon-Hearthflame, F|\n|poke|p2|Rillaboom, M|\n|poke|p2|Ninetales, M|\n|poke|p2|Fezandipiti, M|\n|teampreview\n|inactive|Battle timer is ON: inactive players will automatically lose when time's up. (requested by Immagamer)\n|\n|t:|1695413112\n|start\n|switch|p1a: Zygarde|Zygarde|100\/100\n|switch|p1b: Swoobat|Swoobat, M|100\/100\n|switch|p2a: Rillaboom|Rillaboom, M|100\/100\n|switch|p2b: Ogerpon|Ogerpon-Hearthflame, F|100\/100\n|-ability|p2b: Ogerpon|Mold Breaker\n|-ability|p1a: Zygarde|Aura Break\n|-fieldstart|move: Grassy Terrain|[from] ability: Grassy Surge|[of] p2a: Rillaboom\n|turn|1\n|\n|t:|1695413129\n|-terastallize|p2b: Ogerpon|Fire\n|detailschange|p2b: Ogerpon|Ogerpon-Hearthflame-Tera, F, tera:Fire\n|-ability|p2b: Ogerpon|Embody Aspect (Hearthflame)|boost\n|-boost|p2b: Ogerpon|atk|1\n|move|p1b: Swoobat|Protect|p1b: Swoobat\n|-singleturn|p1b: Swoobat|Protect\n|move|p1a: Zygarde|Protect|p1a: Zygarde\n|-singleturn|p1a: Zygarde|Protect\n|move|p2b: Ogerpon|Grassy Glide|p1a: Zygarde\n|-activate|p1a: Zygarde|move: Protect\n|move|p2a: Rillaboom|Grassy Glide|p1a: Zygarde\n|-activate|p1a: Zygarde|move: Protect\n|\n|upkeep\n|turn|2\n|\n|t:|1695413152\n|switch|p1b: Indeedee|Indeedee-F, F|100\/100\n|-fieldstart|move: Psychic Terrain|[from] ability: Psychic Surge|[of] p1b: Indeedee\n|move|p2b: Ogerpon|Ivy Cudgel|p1b: Indeedee\n|-enditem|p1b: Indeedee|Focus Sash\n|-damage|p1b: Indeedee|1\/100\n|move|p1a: Zygarde|Dragon Dance|p1a: Zygarde\n|-boost|p1a: Zygarde|atk|1\n|-boost|p1a: Zygarde|spe|1\n|move|p2a: Rillaboom|Grassy Glide|p1a: Zygarde\n|-damage|p1a: Zygarde|63\/100\n|\n|upkeep\n|turn|3\n|\n|t:|1695413173\n|switch|p2a: Fezandipiti|Fezandipiti, M|100\/100\n|move|p1a: Zygarde|Protect|p1a: Zygarde\n|-singleturn|p1a: Zygarde|Protect\n|move|p1b: Indeedee|Follow Me|p1b: Indeedee\n|-singleturn|p1b: Indeedee|move: Follow Me\n|move|p2b: Ogerpon|Ivy Cudgel|p1b: Indeedee\n|-damage|p1b: Indeedee|0 fnt\n|faint|p1b: Indeedee\n|\n|upkeep\n|\n|t:|1695413183\n|switch|p1b: Maushold|Maushold-Four|100\/100\n|turn|4\n|\n|t:|1695413189\n|switch|p2a: Rillaboom|Rillaboom, M|100\/100\n|-fieldstart|move: Grassy Terrain|[from] ability: Grassy Surge|[of] p2a: Rillaboom\n|-terastallize|p1a: Zygarde|Normal\n|move|p1b: Maushold|Follow Me|p1b: Maushold\n|-singleturn|p1b: Maushold|move: Follow Me\n|move|p2b: Ogerpon|Grassy Glide|p1b: Maushold\n|-damage|p1b: Maushold|17\/100\n|move|p1a: Zygarde|Dragon Dance|p1a: Zygarde\n|-boost|p1a: Zygarde|atk|1\n|-boost|p1a: Zygarde|spe|1\n|\n|-heal|p1a: Zygarde|69\/100|[from] Grassy Terrain\n|-heal|p1b: Maushold|23\/100|[from] Grassy Terrain\n|upkeep\n|turn|5\n|\n|t:|1695413208\n|move|p1a: Zygarde|Protect|p1a: Zygarde\n|-singleturn|p1a: Zygarde|Protect\n|move|p1b: Maushold|Follow Me|p1b: Maushold\n|-singleturn|p1b: Maushold|move: Follow Me\n|move|p2b: Ogerpon|Grassy Glide|p1b: Maushold\n|-damage|p1b: Maushold|0 fnt\n|faint|p1b: Maushold\n|move|p2a: Rillaboom|Grassy Glide|p1a: Zygarde\n|-activate|p1a: Zygarde|move: Protect\n|\n|-heal|p1a: Zygarde|76\/100|[from] Grassy Terrain\n|upkeep\n|\n|t:|1695413211\n|switch|p1b: Flamigo|Flamigo, F|100\/100\n|-copyboost|p1b: Flamigo|p1a: Zygarde|[from] ability: Costar\n|turn|6\n|\n|t:|1695413226\n|move|p2a: Rillaboom|Grassy Glide|p1a: Zygarde\n|-damage|p1a: Zygarde|28\/100\n|move|p1b: Flamigo|Brave Bird|p2a: Rillaboom\n|-supereffective|p2a: Rillaboom\n|-damage|p2a: Rillaboom|0 fnt\n|faint|p2a: Rillaboom\n|-damage|p1b: Flamigo|64\/100|[from] Recoil\n|move|p1a: Zygarde|Thousand Arrows|p2b: Ogerpon\n|-supereffective|p2b: Ogerpon\n|-damage|p2b: Ogerpon|0 fnt\n|faint|p2b: Ogerpon\n|\n|-heal|p1a: Zygarde|34\/100|[from] Grassy Terrain\n|upkeep\n|-message|LoveinaMist_s forfeited.\n|\n|win|Immagamer\n|raw|Immagamer's rating: 1281 &rarr; <strong>1313<\/strong><br \/>(+32 for winning)\n|raw|LoveinaMist_s's rating: 1383 &rarr; <strong>1357<\/strong><br \/>(-26 for losing)\n|l|\u2606LoveinaMist_s\n","uploadtime":1695413249,"views":6,"p1id":"immagamer","p2id":"loveinamists","formatid":"gen9nationaldexdoubles","rating":1313,"private":0,"password":""}