{"id":"gen9nationaldexdoubles-1981889233","p1":"lxvliiz","p2":"chuspiter","format":"[Gen 9] National Dex Doubles","log":"|j|\u2606lxvliiz\n|j|\u2606chuspiter\n|t:|1698949316\n|gametype|doubles\n|player|p1|lxvliiz|gambler|1145\n|player|p2|chuspiter|hooligans|1060\n|teamsize|p1|6\n|teamsize|p2|6\n|gen|9\n|tier|[Gen 9] National Dex Doubles\n|rated|\n|rule|HP Percentage Mod: HP is shown in percentages\n|rule|Endless Battle Clause: Forcing endless battles is banned\n|rule|OHKO Clause: OHKO moves are banned\n|rule|Evasion Moves Clause: Evasion moves are banned\n|rule|Evasion Abilities Clause: Evasion abilities are banned\n|rule|Species Clause: Limit one of each Pok\u00e9mon\n|rule|Gravity Sleep Clause: The combination of sleep-inducing moves with imperfect accuracy and Gravity or Gigantamax Orbeetle are banned\n|clearpoke\n|poke|p1|Kommo-o, M|\n|poke|p1|Volcarona, M|\n|poke|p1|Oricorio-Pom-Pom, F|\n|poke|p1|Quaquaval, M|\n|poke|p1|Flamigo, F|\n|poke|p1|Marshadow|\n|poke|p2|Ribombee, F|\n|poke|p2|Pachirisu, M|\n|poke|p2|Flamigo, F|\n|poke|p2|Kommo-o, M|\n|poke|p2|Frosmoth, M|\n|poke|p2|Oricorio, F|\n|teampreview\n|c|\u2606lxvliiz|dance pary\n|c|\u2606lxvliiz|party\n|\n|t:|1698949340\n|start\n|switch|p1a: dancer|Oricorio-Pom-Pom, F, shiny|100\/100\n|switch|p1b: dance dancer|Volcarona, M, shiny|100\/100\n|switch|p2a: Oricorio|Oricorio, F|100\/100\n|switch|p2b: Frosmoth|Frosmoth, M|100\/100\n|turn|1\n|\n|t:|1698949357\n|-terastallize|p2b: Frosmoth|Poison\n|move|p1b: dance dancer|Rage Powder|p1b: dance dancer\n|-singleturn|p1b: dance dancer|move: Rage Powder\n|move|p1a: dancer|Quiver Dance|p1a: dancer\n|-boost|p1a: dancer|spa|1\n|-boost|p1a: dancer|spd|1\n|-boost|p1a: dancer|spe|1\n|-activate|p2a: Oricorio|ability: Dancer\n|move|p2a: Oricorio|Quiver Dance|p2a: Oricorio|[from]ability: Dancer\n|-boost|p2a: Oricorio|spa|1\n|-boost|p2a: Oricorio|spd|1\n|-boost|p2a: Oricorio|spe|1\n|-enditem|p1a: dancer|Mirror Herb\n|-boost|p1a: dancer|spa|1|[from] item: Mirror Herb\n|-boost|p1a: dancer|spd|1|[from] item: Mirror Herb\n|-boost|p1a: dancer|spe|1|[from] item: Mirror Herb\n|move|p2a: Oricorio|Tailwind|p2a: Oricorio\n|-sidestart|p2: chuspiter|move: Tailwind\n|move|p2b: Frosmoth|Quiver Dance|p2b: Frosmoth\n|-boost|p2b: Frosmoth|spa|1\n|-boost|p2b: Frosmoth|spd|1\n|-boost|p2b: Frosmoth|spe|1\n|-activate|p2a: Oricorio|ability: Dancer\n|move|p2a: Oricorio|Quiver Dance|p2a: Oricorio|[from]ability: Dancer\n|-boost|p2a: Oricorio|spa|1\n|-boost|p2a: Oricorio|spd|1\n|-boost|p2a: Oricorio|spe|1\n|-activate|p1a: dancer|ability: Dancer\n|move|p1a: dancer|Quiver Dance|p1a: dancer|[from]ability: Dancer\n|-boost|p1a: dancer|spa|1\n|-boost|p1a: dancer|spd|1\n|-boost|p1a: dancer|spe|1\n|\n|upkeep\n|turn|2\n|inactive|Battle timer is ON: inactive players will automatically lose when time's up. (requested by lxvliiz)\n|\n|t:|1698949429\n|move|p2a: Oricorio|Hidden Power|p1b: dance dancer\n|-damage|p1b: dance dancer|57\/100\n|move|p1a: dancer|Revelation Dance|p2a: Oricorio\n|-supereffective|p2a: Oricorio\n|-damage|p2a: Oricorio|0 fnt\n|faint|p2a: Oricorio\n|move|p2b: Frosmoth|Ice Beam|p1a: dancer\n|-supereffective|p1a: dancer\n|-damage|p1a: dancer|17\/100\n|move|p1b: dance dancer|Fiery Dance|p2b: Frosmoth\n|-damage|p2b: Frosmoth|55\/100\n|-boost|p1b: dance dancer|spa|1\n|-activate|p1a: dancer|ability: Dancer\n|move|p1a: dancer|Fiery Dance|p2b: Frosmoth|[from]ability: Dancer\n|-damage|p2b: Frosmoth|7\/100\n|-boost|p1a: dancer|spa|1\n|\n|-heal|p2b: Frosmoth|13\/100|[from] item: Leftovers\n|upkeep\n|\n|t:|1698949457\n|switch|p2a: Flamigo|Flamigo, F|100\/100\n|-copyboost|p2a: Flamigo|p2b: Frosmoth|[from] ability: Costar\n|turn|3\n|\n|t:|1698949470\n|move|p1b: dance dancer|Rage Powder|p1b: dance dancer\n|-singleturn|p1b: dance dancer|move: Rage Powder\n|move|p2a: Flamigo|Brave Bird|p1b: dance dancer\n|-supereffective|p1b: dance dancer\n|-damage|p1b: dance dancer|0 fnt\n|faint|p1b: dance dancer\n|-damage|p2a: Flamigo|82\/100|[from] Recoil\n|move|p1a: dancer|Roost|p1a: dancer\n|-heal|p1a: dancer|68\/100\n|-singleturn|p1a: dancer|move: Roost\n|move|p2b: Frosmoth|Ice Beam|p1a: dancer\n|-damage|p1a: dancer|26\/100\n|\n|-heal|p2a: Flamigo|88\/100|[from] item: Leftovers\n|-heal|p2b: Frosmoth|19\/100|[from] item: Leftovers\n|upkeep\n|\n|t:|1698949483\n|switch|p1b: dance dance dance|Flamigo, F, shiny|100\/100\n|-copyboost|p1b: dance dance dance|p1a: dancer|[from] ability: Costar\n|turn|4\n|\n|t:|1698949505\n|move|p2a: Flamigo|Lunge|p1b: dance dance dance\n|-resisted|p1b: dance dance dance\n|-damage|p1b: dance dance dance|91\/100\n|-unboost|p1b: dance dance dance|atk|1\n|move|p1a: dancer|Revelation Dance|p2a: Flamigo\n|-supereffective|p2a: Flamigo\n|-damage|p2a: Flamigo|0 fnt\n|faint|p2a: Flamigo\n|move|p1b: dance dance dance|Fly||[still]\n|-prepare|p1b: dance dance dance|Fly\n|-enditem|p1b: dance dance dance|Power Herb\n|-anim|p1b: dance dance dance|Fly|p2b: Frosmoth\n|-damage|p2b: Frosmoth|0 fnt\n|faint|p2b: Frosmoth\n|\n|-sideend|p2: chuspiter|move: Tailwind\n|upkeep\n|inactive|chuspiter has 120 seconds left.\n|\n|t:|1698949521\n|switch|p2a: Ribombee|Ribombee, F|100\/100\n|switch|p2b: Kommo-o|Kommo-o, M|100\/100\n|-item|p2a: Ribombee|Air Balloon\n|turn|5\n|\n|t:|1698949533\n|move|p2a: Ribombee|Protect|p2a: Ribombee\n|-singleturn|p2a: Ribombee|Protect\n|move|p1a: dancer|Revelation Dance|p2a: Ribombee\n|-activate|p2a: Ribombee|move: Protect\n|move|p1b: dance dance dance|Acrobatics|p2b: Kommo-o\n|-supereffective|p2b: Kommo-o\n|-damage|p2b: Kommo-o|34\/100\n|-zpower|p2b: Kommo-o\n|move|p2b: Kommo-o|Clangorous Soulblaze|p1b: dance dance dance|[zeffect]|[spread] p1a,p1b\n|-damage|p1a: dancer|0 fnt\n|-damage|p1b: dance dance dance|56\/100\n|faint|p1a: dancer\n|-boost|p2b: Kommo-o|atk|1\n|-boost|p2b: Kommo-o|def|1\n|-boost|p2b: Kommo-o|spa|1\n|-boost|p2b: Kommo-o|spd|1\n|-boost|p2b: Kommo-o|spe|1\n|\n|upkeep\n|\n|t:|1698949541\n|switch|p1a: dance copy|Marshadow|100\/100\n|turn|6\n|\n|t:|1698949566\n|move|p1b: dance dance dance|Acrobatics|p2a: Ribombee\n|-supereffective|p2a: Ribombee\n|-damage|p2a: Ribombee|0 fnt\n|-enditem|p2a: Ribombee|Air Balloon\n|faint|p2a: Ribombee\n|move|p2b: Kommo-o|Clanging Scales|p1a: dance copy|[spread] p1a,p1b\n|-damage|p1a: dance copy|43\/100\n|-damage|p1b: dance dance dance|20\/100\n|-unboost|p2b: Kommo-o|def|1\n|move|p1a: dance copy|Spectral Thief||[still]\n|-clearpositiveboost|p2b: Kommo-o|p1a: dance copy|move: Spectral Thief\n|-boost|p1a: dance copy|atk|1\n|-boost|p1a: dance copy|spa|1\n|-boost|p1a: dance copy|spd|1\n|-boost|p1a: dance copy|spe|1\n|-anim|p1a: dance copy|Spectral Thief|p2b: Kommo-o\n|-damage|p2b: Kommo-o|0 fnt\n|faint|p2b: Kommo-o\n|\n|upkeep\n|inactive|chuspiter has 120 seconds left.\n|inactive|chuspiter has 90 seconds left.\n|c|\u2606lxvliiz|what are you thinking about \ud83d\udc80\ud83d\udc80\n|\n|t:|1698949623\n|switch|p2b: Pachirisu|Pachirisu, M|100\/100\n|turn|7\n|\n|t:|1698949632\n|move|p1b: dance dance dance|Fly||[still]\n|-prepare|p1b: dance dance dance|Fly\n|-zpower|p1a: dance copy\n|move|p1a: dance copy|Soul-Stealing 7-Star Strike|p2b: Pachirisu|[zeffect]\n|-crit|p2b: Pachirisu\n|-damage|p2b: Pachirisu|0 fnt\n|faint|p2b: Pachirisu\n|\n|win|lxvliiz\n|raw|lxvliiz's rating: 1145 &rarr; <strong>1164<\/strong><br \/>(+19 for winning)\n|raw|chuspiter's rating: 1060 &rarr; <strong>1046<\/strong><br \/>(-14 for losing)\n","uploadtime":1698949644,"views":3,"p1id":"lxvliiz","p2id":"chuspiter","formatid":"gen9nationaldexdoubles","rating":1046,"private":0,"password":""}