{"id":"gen9nationaldexdoubles-1950035587","p1":"Lil barnacle Boi","p2":"MageDream\/UHE","format":"[Gen 9] National Dex Doubles","log":"|j|\u2606Lil barnacle Boi\n|j|\u2606MageDream\/UHE\n|t:|1695419442\n|gametype|doubles\n|player|p1|Lil barnacle Boi|li|1193\n|player|p2|MageDream\/UHE|chuck|1232\n|teamsize|p1|6\n|teamsize|p2|6\n|gen|9\n|tier|[Gen 9] National Dex Doubles\n|rated|\n|rule|HP Percentage Mod: HP is shown in percentages\n|rule|Endless Battle Clause: Forcing endless battles is banned\n|rule|OHKO Clause: OHKO moves are banned\n|rule|Evasion Moves Clause: Evasion moves are banned\n|rule|Evasion Abilities Clause: Evasion abilities are banned\n|rule|Species Clause: Limit one of each Pok\u00e9mon\n|rule|Gravity Sleep Clause: The combination of sleep-inducing moves with imperfect accuracy and Gravity or Gigantamax Orbeetle are banned\n|clearpoke\n|poke|p1|Darkrai|\n|poke|p1|Togekiss, M|\n|poke|p1|Incineroar, M|\n|poke|p1|Parasect, F|\n|poke|p1|Swampert, F|\n|poke|p1|Breloom, F|\n|poke|p2|Goodra-Hisui, M|\n|poke|p2|Dipplin, F|\n|poke|p2|Malamar, M|\n|poke|p2|Beedrill, M|\n|poke|p2|Ninetales-Alola, M|\n|poke|p2|Marowak-Alola, M|\n|teampreview\n|inactive|Battle timer is ON: inactive players will automatically lose when time's up. (requested by Lil barnacle Boi)\n|\n|t:|1695419452\n|start\n|switch|p1a: Incineroar|Incineroar, M, shiny|100\/100\n|switch|p1b: Y is This GOOD?|Parasect, F, shiny|100\/100\n|switch|p2a: Ninetales|Ninetales-Alola, M|100\/100\n|switch|p2b: Marowak|Marowak-Alola, M|100\/100\n|-weather|Snow|[from] ability: Snow Warning|[of] p2a: Ninetales\n|-ability|p1a: Incineroar|Intimidate|boost\n|-unboost|p2a: Ninetales|atk|1\n|-unboost|p2b: Marowak|atk|1\n|turn|1\n|\n|t:|1695419469\n|switch|p2a: Malamar|Malamar, M|100\/100\n|-terastallize|p1b: Y is This GOOD?|Ground\n|move|p1a: Incineroar|Fake Out|p2a: Malamar\n|-damage|p2a: Malamar|90\/100\n|move|p2b: Marowak|Rock Slide|p1a: Incineroar|[spread] p1a,p1b\n|-supereffective|p1a: Incineroar\n|-resisted|p1b: Y is This GOOD?\n|-damage|p1a: Incineroar|61\/100\n|-damage|p1b: Y is This GOOD?|88\/100\n|move|p1b: Y is This GOOD?|Spore|p2a: Malamar\n|-status|p2a: Malamar|slp|[from] move: Spore\n|\n|-weather|Snow|[upkeep]\n|-heal|p1b: Y is This GOOD?|94\/100|[from] item: Leftovers\n|upkeep\n|turn|2\n|\n|t:|1695419489\n|cant|p2a: Malamar|slp\n|move|p1a: Incineroar|Parting Shot|p2b: Marowak\n|-unboost|p2b: Marowak|atk|1\n|-unboost|p2b: Marowak|spa|1\n|\n|t:|1695419495\n|switch|p1a: Darkrai|Darkrai|100\/100|[from] Parting Shot\n|move|p2b: Marowak|Bulldoze|p1a: Darkrai|[spread] p2a,p1a,p1b\n|-damage|p2a: Malamar|77\/100 slp\n|-damage|p1a: Darkrai|85\/100\n|-damage|p1b: Y is This GOOD?|80\/100\n|-boost|p2a: Malamar|spe|1\n|-unboost|p1a: Darkrai|spe|1\n|-unboost|p1b: Y is This GOOD?|spe|1\n|move|p1b: Y is This GOOD?|Spore|p2b: Marowak\n|-status|p2b: Marowak|slp|[from] move: Spore\n|\n|-weather|Snow|[upkeep]\n|-heal|p1b: Y is This GOOD?|86\/100|[from] item: Leftovers\n|-damage|p2a: Malamar|64\/100 slp|[from] ability: Bad Dreams|[of] p1a: Darkrai\n|-damage|p2b: Marowak|88\/100 slp|[from] ability: Bad Dreams|[of] p1a: Darkrai\n|upkeep\n|turn|3\n|\n|t:|1695419525\n|switch|p2b: Dipplin|Dipplin, F, shiny|100\/100\n|switch|p1b: Incineroar|Incineroar, M, shiny|61\/100\n|-ability|p1b: Incineroar|Intimidate|boost\n|-boost|p2a: Malamar|atk|1\n|-unboost|p2b: Dipplin|atk|1\n|-terastallize|p2a: Malamar|Normal\n|cant|p2a: Malamar|slp\n|move|p1a: Darkrai|Hex|p2b: Dipplin\n|-damage|p2b: Dipplin|83\/100\n|\n|-weather|Snow|[upkeep]\n|-damage|p2a: Malamar|52\/100 slp|[from] ability: Bad Dreams|[of] p1a: Darkrai\n|upkeep\n|turn|4\n|inactive|MageDream\/UHE has 120 seconds left.\n|\n|t:|1695419557\n|switch|p1b: Breloom|Breloom, F, shiny|100\/100\n|cant|p2a: Malamar|slp\n|move|p1a: Darkrai|Hypnosis|p2b: Dipplin\n|-status|p2b: Dipplin|slp|[from] move: Hypnosis\n|cant|p2b: Dipplin|slp\n|\n|-weather|Snow|[upkeep]\n|-damage|p2a: Malamar|40\/100 slp|[from] ability: Bad Dreams|[of] p1a: Darkrai\n|-damage|p2b: Dipplin|70\/100 slp|[from] ability: Bad Dreams|[of] p1a: Darkrai\n|-status|p1b: Breloom|tox|[from] item: Toxic Orb\n|upkeep\n|turn|5\n|inactive|MageDream\/UHE has 120 seconds left.\n|\n|t:|1695419583\n|-curestatus|p2a: Malamar|slp|[msg]\n|move|p2a: Malamar|Superpower|p1a: Darkrai\n|-supereffective|p1a: Darkrai\n|-damage|p1a: Darkrai|0 fnt\n|-boost|p2a: Malamar|atk|1\n|-boost|p2a: Malamar|def|1\n|faint|p1a: Darkrai\n|move|p1b: Breloom|Substitute|p1b: Breloom\n|-start|p1b: Breloom|Substitute\n|-damage|p1b: Breloom|76\/100 tox\n|cant|p2b: Dipplin|slp\n|\n|-weather|none\n|-heal|p1b: Breloom|88\/100 tox|[from] ability: Poison Heal\n|upkeep\n|\n|t:|1695419596\n|switch|p1a: Incineroar|Incineroar, M, shiny|61\/100\n|-ability|p1a: Incineroar|Intimidate|boost\n|-boost|p2a: Malamar|atk|1\n|-unboost|p2b: Dipplin|atk|1\n|turn|6\n|\n|t:|1695419610\n|move|p1a: Incineroar|Fake Out|p2a: Malamar\n|-crit|p2a: Malamar\n|-damage|p2a: Malamar|23\/100\n|-enditem|p2a: Malamar|Aguav Berry|[eat]\n|-heal|p2a: Malamar|57\/100|[from] item: Aguav Berry\n|cant|p2a: Malamar|flinch\n|move|p1b: Breloom|Spore|p2a: Malamar\n|-status|p2a: Malamar|slp|[from] move: Spore\n|cant|p2b: Dipplin|slp\n|\n|-heal|p1b: Breloom|100\/100 tox|[from] ability: Poison Heal\n|upkeep\n|turn|7\n|\n|t:|1695419630\n|cant|p2a: Malamar|slp\n|move|p1b: Breloom|Drain Punch|p2a: Malamar\n|-supereffective|p2a: Malamar\n|-damage|p2a: Malamar|11\/100 slp\n|move|p1a: Incineroar|Parting Shot|p2b: Dipplin\n|-unboost|p2b: Dipplin|atk|1\n|-unboost|p2b: Dipplin|spa|1\n|\n|t:|1695419638\n|switch|p1a: Swampert|Swampert, F, shiny|100\/100|[from] Parting Shot\n|-curestatus|p2b: Dipplin|slp|[msg]\n|move|p2b: Dipplin|Dragon Breath|p1b: Breloom\n|-end|p1b: Breloom|Substitute\n|\n|upkeep\n|turn|8\n|\n|t:|1695419651\n|detailschange|p1a: Swampert|Swampert-Mega, F, shiny\n|-mega|p1a: Swampert|Swampert|Swampertite\n|cant|p2a: Malamar|slp\n|move|p1a: Swampert|Ice Punch|p2b: Dipplin\n|-supereffective|p2b: Dipplin\n|-damage|p2b: Dipplin|0 fnt\n|faint|p2b: Dipplin\n|move|p1b: Breloom|Drain Punch|p2a: Malamar\n|-supereffective|p2a: Malamar\n|-damage|p2a: Malamar|0 fnt\n|faint|p2a: Malamar\n|\n|upkeep\n|\n|t:|1695419665\n|switch|p2a: Ninetales|Ninetales-Alola, M|100\/100\n|switch|p2b: Beedrill|Beedrill, M|100\/100\n|-weather|Snow|[from] ability: Snow Warning|[of] p2a: Ninetales\n|turn|9\n|inactive|MageDream\/UHE has 120 seconds left.\n|\n|t:|1695419714\n|detailschange|p2b: Beedrill|Beedrill-Mega, M\n|-mega|p2b: Beedrill|Beedrill|Beedrillite\n|move|p2b: Beedrill|Pin Missile|p1b: Breloom\n|-damage|p1b: Breloom|85\/100 tox\n|-damage|p1b: Breloom|71\/100 tox\n|-crit|p1b: Breloom\n|-damage|p1b: Breloom|50\/100 tox\n|-hitcount|p1b: Breloom|3\n|move|p2a: Ninetales|Blizzard|p1b: Breloom|[spread] p1a,p1b\n|-supereffective|p1b: Breloom\n|-damage|p1a: Swampert|70\/100\n|-damage|p1b: Breloom|0 fnt\n|faint|p1b: Breloom\n|-damage|p2a: Ninetales|90\/100|[from] item: Life Orb\n|move|p1a: Swampert|Yawn|p2a: Ninetales\n|-start|p2a: Ninetales|move: Yawn|[of] p1a: Swampert\n|\n|-weather|Snow|[upkeep]\n|upkeep\n|\n|t:|1695419725\n|switch|p1b: Incineroar|Incineroar, M, shiny|61\/100\n|-ability|p1b: Incineroar|Intimidate|boost\n|-unboost|p2a: Ninetales|atk|1\n|-unboost|p2b: Beedrill|atk|1\n|turn|10\n|inactive|MageDream\/UHE has 120 seconds left.\n|\n|t:|1695419742\n|switch|p2b: Marowak|Marowak-Alola, M|88\/100 slp\n|switch|p2a: Goodra|Goodra-Hisui, M|100\/100\n|move|p1b: Incineroar|Fake Out|p2b: Marowak\n|-immune|p2b: Marowak\n|move|p1a: Swampert|Yawn||[still]\n|-fail|p1a: Swampert\n|\n|-weather|Snow|[upkeep]\n|upkeep\n|turn|11\n|\n|t:|1695419759\n|move|p1a: Swampert|Yawn|p2a: Goodra\n|-start|p2a: Goodra|move: Yawn|[of] p1a: Swampert\n|move|p1b: Incineroar|Parting Shot|p2b: Marowak\n|-unboost|p2b: Marowak|atk|1\n|-unboost|p2b: Marowak|spa|1\n|\n|t:|1695419769\n|switch|p1b: Togekiss|Togekiss, M|100\/100|[from] Parting Shot\n|cant|p2b: Marowak|slp\n|move|p2a: Goodra|Earthquake|p1b: Togekiss|[spread] p2b,p1a\n|-immune|p1b: Togekiss\n|-supereffective|p2b: Marowak\n|-damage|p2b: Marowak|45\/100 slp\n|-damage|p1a: Swampert|45\/100\n|-damage|p2a: Goodra|91\/100|[from] item: Life Orb\n|\n|-weather|Snow|[upkeep]\n|upkeep\n|turn|12\n|\n|t:|1695419787\n|switch|p1b: Incineroar|Incineroar, M, shiny|61\/100\n|-ability|p1b: Incineroar|Intimidate|boost\n|-unboost|p2a: Goodra|atk|1\n|-unboost|p2b: Marowak|atk|1\n|switch|p2a: Ninetales|Ninetales-Alola, M|90\/100\n|move|p1a: Swampert|Flip Turn|p2b: Marowak\n|-supereffective|p2b: Marowak\n|-damage|p2b: Marowak|0 fnt\n|faint|p2b: Marowak\n|\n|t:|1695419800\n|switch|p1a: Y is This GOOD?|Parasect, F, shiny, tera:Ground|86\/100|[from] Flip Turn\n|\n|-weather|Snow|[upkeep]\n|-heal|p1a: Y is This GOOD?|92\/100|[from] item: Leftovers\n|upkeep\n|\n|t:|1695419805\n|switch|p2b: Beedrill|Beedrill-Mega, M|100\/100\n|turn|13\n|\n|t:|1695419824\n|move|p1b: Incineroar|Fake Out|p2a: Ninetales\n|-damage|p2a: Ninetales|81\/100\n|move|p2b: Beedrill|Pin Missile|p1a: Y is This GOOD?\n|-damage|p1a: Y is This GOOD?|71\/100\n|-damage|p1a: Y is This GOOD?|49\/100\n|-hitcount|p1a: Y is This GOOD?|2\n|cant|p2a: Ninetales|flinch\n|move|p1a: Y is This GOOD?|Spore|p2a: Ninetales\n|-status|p2a: Ninetales|slp|[from] move: Spore\n|\n|-weather|none\n|-heal|p1a: Y is This GOOD?|55\/100|[from] item: Leftovers\n|upkeep\n|turn|14\n|\n|t:|1695419845\n|move|p1a: Y is This GOOD?|Rage Powder|p1a: Y is This GOOD?\n|-singleturn|p1a: Y is This GOOD?|move: Rage Powder\n|move|p2b: Beedrill|Pin Missile|p1a: Y is This GOOD?\n|-damage|p1a: Y is This GOOD?|35\/100\n|-damage|p1a: Y is This GOOD?|14\/100\n|-hitcount|p1a: Y is This GOOD?|2\n|cant|p2a: Ninetales|slp\n|move|p1b: Incineroar|Flare Blitz|p2b: Beedrill\n|-supereffective|p2b: Beedrill\n|-damage|p2b: Beedrill|0 fnt\n|faint|p2b: Beedrill\n|-damage|p1b: Incineroar|39\/100|[from] Recoil\n|\n|-heal|p1a: Y is This GOOD?|20\/100|[from] item: Leftovers\n|upkeep\n|j| Colorful toots\n|l| Colorful toots\n|\n|t:|1695419858\n|switch|p2b: Goodra|Goodra-Hisui, M|91\/100\n|turn|15\n|\n|t:|1695419873\n|cant|p2a: Ninetales|slp\n|move|p1b: Incineroar|Flare Blitz|p2a: Ninetales\n|-supereffective|p2a: Ninetales\n|-damage|p2a: Ninetales|0 fnt\n|faint|p2a: Ninetales\n|-damage|p1b: Incineroar|19\/100|[from] Recoil\n|move|p2b: Goodra|Ice Beam|p1a: Y is This GOOD?\n|-supereffective|p1a: Y is This GOOD?\n|-damage|p1a: Y is This GOOD?|0 fnt\n|faint|p1a: Y is This GOOD?\n|-damage|p2b: Goodra|81\/100|[from] item: Life Orb\n|\n|upkeep\n|\n|t:|1695419882\n|switch|p1a: Togekiss|Togekiss, M|100\/100\n|turn|16\n|\n|t:|1695419888\n|move|p1a: Togekiss|Yawn|p2b: Goodra\n|-start|p2b: Goodra|move: Yawn|[of] p1a: Togekiss\n|move|p1b: Incineroar|Flare Blitz|p2b: Goodra\n|-damage|p2b: Goodra|35\/100\n|-damage|p1b: Incineroar|5\/100|[from] Recoil\n|move|p2b: Goodra|Ice Beam|p1a: Togekiss\n|-supereffective|p1a: Togekiss\n|-crit|p1a: Togekiss\n|-damage|p1a: Togekiss|45\/100\n|-damage|p2b: Goodra|25\/100|[from] item: Life Orb\n|\n|-heal|p1a: Togekiss|51\/100|[from] item: Leftovers\n|upkeep\n|turn|17\n|n|!MageDream\/UHE|magedreamuhe\n|-message|MageDream\/UHE forfeited.\n|\n|win|Lil barnacle Boi\n|raw|Lil barnacle Boi's rating: 1193 &rarr; <strong>1221<\/strong><br \/>(+28 for winning)\n|raw|MageDream&#x2f;UHE's rating: 1232 &rarr; <strong>1204<\/strong><br \/>(-28 for losing)\n|l|!MageDream\/UHE\n","uploadtime":1695419907,"views":16,"p1id":"lilbarnacleboi","p2id":"magedreamuhe","formatid":"gen9nationaldexdoubles","rating":1204,"private":0,"password":""}