{"id":"gen9nationaldexdoubles-1988545713","p1":"Rodtime","p2":"OdeioSenha","format":"[Gen 9] National Dex Doubles","log":"|j|\u2606Rodtime\n|j|\u2606OdeioSenha\n|t:|1699734529\n|gametype|doubles\n|player|p1|Rodtime|steven|1043\n|player|p2|OdeioSenha|2|1000\n|teamsize|p1|6\n|teamsize|p2|6\n|gen|9\n|tier|[Gen 9] National Dex Doubles\n|rated|\n|rule|HP Percentage Mod: HP is shown in percentages\n|rule|Endless Battle Clause: Forcing endless battles is banned\n|rule|OHKO Clause: OHKO moves are banned\n|rule|Evasion Moves Clause: Evasion moves are banned\n|rule|Evasion Abilities Clause: Evasion abilities are banned\n|rule|Species Clause: Limit one of each Pok\u00e9mon\n|rule|Gravity Sleep Clause: The combination of sleep-inducing moves with imperfect accuracy and Gravity or Gigantamax Orbeetle are banned\n|clearpoke\n|poke|p1|Regigigas|\n|poke|p1|Turtonator, F|\n|poke|p1|Electrode-Hisui|\n|poke|p1|Weezing-Galar, F|\n|poke|p1|Scolipede, M|\n|poke|p1|Moltres-Galar|\n|poke|p2|Shuckle, M|\n|poke|p2|Indeedee-F, F|\n|poke|p2|Jirachi|\n|poke|p2|Clefable, M|\n|poke|p2|Raichu, F|\n|poke|p2|Electabuzz, M|\n|teampreview\n|\n|t:|1699734548\n|start\n|switch|p1a: Regigigas|Regigigas, shiny|100\/100\n|switch|p1b: Moltres|Moltres-Galar|100\/100\n|switch|p2a: Testing|Shuckle, M|100\/100\n|switch|p2b: Indeedee|Indeedee-F, F|100\/100\n|-start|p1a: Regigigas|ability: Slow Start\n|-fieldstart|move: Psychic Terrain|[from] ability: Psychic Surge|[of] p2b: Indeedee\n|turn|1\n|\n|t:|1699734587\n|move|p1b: Moltres|Tailwind|p1b: Moltres\n|-sidestart|p1: Rodtime|move: Tailwind\n|move|p1a: Regigigas|Darkest Lariat|p2b: Indeedee\n|-supereffective|p2b: Indeedee\n|-damage|p2b: Indeedee|51\/100\n|move|p2a: Testing|Power Trick|p2a: Testing\n|-start|p2a: Testing|Power Trick\n|move|p2b: Indeedee|Trick Room|p2b: Indeedee\n|-fieldstart|move: Trick Room|[of] p2b: Indeedee\n|\n|upkeep\n|turn|2\n|\n|t:|1699734609\n|move|p2b: Indeedee|Follow Me|p2b: Indeedee\n|-singleturn|p2b: Indeedee|move: Follow Me\n|move|p2a: Testing|Rock Slide|p1b: Moltres|[spread] p1a,p1b\n|-supereffective|p1b: Moltres\n|-damage|p1a: Regigigas|63\/100\n|-damage|p1b: Moltres|7\/100\n|-ability|p1b: Moltres|Berserk|boost\n|-boost|p1b: Moltres|spa|1\n|-enditem|p1b: Moltres|Aguav Berry|[eat]\n|-heal|p1b: Moltres|40\/100|[from] item: Aguav Berry\n|cant|p1a: Regigigas|flinch\n|move|p1b: Moltres|Payback|p2b: Indeedee\n|-supereffective|p2b: Indeedee\n|-damage|p2b: Indeedee|0 fnt\n|faint|p2b: Indeedee\n|\n|-heal|p1a: Regigigas|69\/100|[from] item: Leftovers\n|upkeep\n|\n|t:|1699734623\n|switch|p2b: Jirachi|Jirachi|100\/100\n|turn|3\n|\n|t:|1699734650\n|move|p2b: Jirachi|Follow Me|p2b: Jirachi\n|-singleturn|p2b: Jirachi|move: Follow Me\n|move|p2a: Testing|Rock Slide|p1a: Regigigas|[spread] p1b\n|-miss|p2a: Testing|p1a: Regigigas\n|-supereffective|p1b: Moltres\n|-damage|p1b: Moltres|0 fnt\n|faint|p1b: Moltres\n|move|p1a: Regigigas|Heat Crash|p2b: Jirachi\n|-supereffective|p2b: Jirachi\n|-damage|p2b: Jirachi|65\/100\n|\n|-heal|p2b: Jirachi|72\/100|[from] item: Leftovers\n|-heal|p1a: Regigigas|75\/100|[from] item: Leftovers\n|upkeep\n|\n|t:|1699734672\n|switch|p1b: Electrode|Electrode-Hisui|100\/100\n|turn|4\n|\n|t:|1699734687\n|move|p2b: Jirachi|Follow Me|p2b: Jirachi\n|-singleturn|p2b: Jirachi|move: Follow Me\n|move|p2a: Testing|Earthquake|p1a: Regigigas|[spread] p2b,p1a,p1b\n|-supereffective|p2b: Jirachi\n|-damage|p2b: Jirachi|8\/100\n|-damage|p1a: Regigigas|41\/100\n|-damage|p1b: Electrode|38\/100\n|move|p1a: Regigigas|Heat Crash|p2b: Jirachi\n|-supereffective|p2b: Jirachi\n|-damage|p2b: Jirachi|0 fnt\n|faint|p2b: Jirachi\n|move|p1b: Electrode|Discharge|p2a: Testing|[spread] p1a,p2a\n|-damage|p1a: Regigigas|25\/100\n|-damage|p2a: Testing|84\/100\n|-status|p2a: Testing|par\n|\n|-heal|p1a: Regigigas|31\/100|[from] item: Leftovers\n|-sideend|p1: Rodtime|move: Tailwind\n|upkeep\n|\n|t:|1699734710\n|switch|p2b: Clefable|Clefable, M|100\/100\n|turn|5\n|\n|t:|1699734736\n|move|p2b: Clefable|Follow Me|p2b: Clefable\n|-singleturn|p2b: Clefable|move: Follow Me\n|move|p2a: Testing|Earthquake|p1b: Electrode|[spread] p2b,p1a,p1b\n|-damage|p2b: Clefable|62\/100\n|-damage|p1a: Regigigas|0 fnt\n|-damage|p1b: Electrode|0 fnt\n|faint|p1a: Regigigas\n|-end|p1a: Regigigas|Slow Start|[silent]\n|faint|p1b: Electrode\n|\n|-heal|p2b: Clefable|68\/100|[from] item: Leftovers\n|-fieldend|move: Trick Room\n|-fieldend|move: Psychic Terrain\n|upkeep\n|\n|t:|1699734750\n|switch|p1b: Turtonator|Turtonator, F, shiny|100\/100\n|switch|p1a: Weezing|Weezing-Galar, F|100\/100\n|turn|6\n|\n|t:|1699734765\n|move|p2b: Clefable|Follow Me|p2b: Clefable\n|-singleturn|p2b: Clefable|move: Follow Me\n|move|p1a: Weezing|Assurance|p2b: Clefable\n|-resisted|p2b: Clefable\n|-damage|p2b: Clefable|57\/100\n|move|p1b: Turtonator|Heat Wave|p2b: Clefable|[spread] p2a,p2b\n|-damage|p2a: Testing|62\/100 par\n|-damage|p2b: Clefable|33\/100\n|cant|p2a: Testing|par\n|\n|-heal|p2b: Clefable|39\/100|[from] item: Leftovers\n|upkeep\n|turn|7\n|\n|t:|1699734790\n|move|p2b: Clefable|Follow Me|p2b: Clefable\n|-singleturn|p2b: Clefable|move: Follow Me\n|move|p1a: Weezing|Assurance|p2b: Clefable\n|-resisted|p2b: Clefable\n|-damage|p2b: Clefable|29\/100\n|move|p1b: Turtonator|Heat Wave|p2b: Clefable|[spread] p2a,p2b\n|-damage|p2a: Testing|41\/100 par\n|-damage|p2b: Clefable|5\/100\n|move|p2a: Testing|Rock Slide|p1a: Weezing|[spread] p1a,p1b\n|-supereffective|p1b: Turtonator\n|-damage|p1a: Weezing|65\/100\n|-damage|p1b: Turtonator|22\/100\n|-enditem|p1b: Turtonator|Aguav Berry|[eat]\n|-heal|p1b: Turtonator|55\/100|[from] item: Aguav Berry\n|\n|-heal|p2b: Clefable|11\/100|[from] item: Leftovers\n|upkeep\n|turn|8\n|\n|t:|1699734828\n|move|p2b: Clefable|Follow Me|p2b: Clefable\n|-singleturn|p2b: Clefable|move: Follow Me\n|move|p1a: Weezing|Assurance|p2b: Clefable\n|-resisted|p2b: Clefable\n|-crit|p2b: Clefable\n|-damage|p2b: Clefable|0 fnt\n|-start|p1a: Weezing|Attract|[from] ability: Cute Charm|[of] p2b: Clefable\n|faint|p2b: Clefable\n|-end|p1a: Weezing|Attract|[silent]\n|move|p1b: Turtonator|Scorching Sands|p2a: Testing\n|-damage|p2a: Testing|28\/100 par\n|move|p2a: Testing|Earthquake|p1a: Weezing|[spread] p1b\n|-immune|p1a: Weezing|[from] ability: Levitate\n|-supereffective|p1b: Turtonator\n|-damage|p1b: Turtonator|0 fnt\n|faint|p1b: Turtonator\n|\n|upkeep\n|\n|t:|1699734852\n|switch|p2b: Raichu|Raichu, F|100\/100\n|switch|p1b: Scolipede|Scolipede, M, shiny|100\/100\n|turn|9\n|\n|t:|1699734879\n|move|p2b: Raichu|Follow Me|p2b: Raichu\n|-singleturn|p2b: Raichu|move: Follow Me\n|move|p1b: Scolipede|Fury Cutter|p2b: Raichu\n|-damage|p2b: Raichu|78\/100\n|-status|p1b: Scolipede|par|[from] ability: Static|[of] p2b: Raichu\n|move|p1a: Weezing|Assurance|p2b: Raichu\n|-damage|p2b: Raichu|12\/100\n|move|p2a: Testing|Rock Slide|p1a: Weezing|[spread] p1a,p1b\n|-supereffective|p1b: Scolipede\n|-damage|p1a: Weezing|26\/100\n|-damage|p1b: Scolipede|0 fnt\n|faint|p1b: Scolipede\n|\n|upkeep\n|turn|10\n|\n|t:|1699734900\n|move|p2b: Raichu|Follow Me|p2b: Raichu\n|-singleturn|p2b: Raichu|move: Follow Me\n|move|p1a: Weezing|Assurance|p2b: Raichu\n|-damage|p2b: Raichu|0 fnt\n|faint|p2b: Raichu\n|cant|p2a: Testing|par\n|\n|upkeep\n|\n|t:|1699734907\n|switch|p2b: Electabuzz|Electabuzz, M|100\/100\n|turn|11\n|\n|t:|1699734916\n|move|p2b: Electabuzz|Follow Me|p2b: Electabuzz\n|-singleturn|p2b: Electabuzz|move: Follow Me\n|move|p1a: Weezing|Assurance|p2b: Electabuzz\n|-damage|p2b: Electabuzz|82\/100\n|move|p2a: Testing|Rock Slide|p1a: Weezing\n|-damage|p1a: Weezing|0 fnt\n|faint|p1a: Weezing\n|\n|win|OdeioSenha\n|raw|Rodtime's rating: 1043 &rarr; <strong>1025<\/strong><br \/>(-18 for losing)\n|raw|OdeioSenha's rating: 1000 &rarr; <strong>1045<\/strong><br \/>(+45 for winning)\n|l|\u2606Rodtime\n","uploadtime":1699734959,"views":5,"p1id":"rodtime","p2id":"odeiosenha","formatid":"gen9nationaldexdoubles","rating":1025,"private":0,"password":""}