{"id":"gen9nationaldexdoubles-1980087822","p1":"DemonGenesis","p2":"Walccer","format":"[Gen 9] National Dex Doubles","log":"|j|\u2606DemonGenesis\n|j|\u2606Walccer\n|t:|1698755988\n|gametype|doubles\n|player|p1|DemonGenesis|brycenman|1073\n|player|p2|Walccer|gloria|1159\n|teamsize|p1|6\n|teamsize|p2|6\n|gen|9\n|tier|[Gen 9] National Dex Doubles\n|rated|\n|rule|HP Percentage Mod: HP is shown in percentages\n|rule|Endless Battle Clause: Forcing endless battles is banned\n|rule|OHKO Clause: OHKO moves are banned\n|rule|Evasion Moves Clause: Evasion moves are banned\n|rule|Evasion Abilities Clause: Evasion abilities are banned\n|rule|Species Clause: Limit one of each Pok\u00e9mon\n|rule|Gravity Sleep Clause: The combination of sleep-inducing moves with imperfect accuracy and Gravity or Gigantamax Orbeetle are banned\n|clearpoke\n|poke|p1|Charizard, M|\n|poke|p1|Aegislash, M|\n|poke|p1|Weezing-Galar, M|\n|poke|p1|Regieleki|\n|poke|p1|Regidrago|\n|poke|p1|Regigigas|\n|poke|p2|Oricorio-Sensu, F|\n|poke|p2|Iron Moth|\n|poke|p2|Volcarona, M|\n|poke|p2|Lilligant, F|\n|poke|p2|Ninetales-Alola, M|\n|poke|p2|Vivillon, M|\n|teampreview\n|\n|t:|1698756005\n|start\n|switch|p1a: Weezing|Weezing-Galar, M|100\/100\n|switch|p1b: Regigigas|Regigigas|100\/100\n|switch|p2a: Oricorio|Oricorio-Sensu, F|100\/100\n|switch|p2b: Volcarona|Volcarona, M|100\/100\n|-ability|p1a: Weezing|Neutralizing Gas\n|turn|1\n|\n|t:|1698756022\n|move|p1b: Regigigas|Return|p2b: Volcarona\n|-damage|p2b: Volcarona|16\/100\n|move|p2a: Oricorio|Quiver Dance|p2a: Oricorio\n|-boost|p2a: Oricorio|spa|1\n|-boost|p2a: Oricorio|spd|1\n|-boost|p2a: Oricorio|spe|1\n|move|p2b: Volcarona|Quiver Dance|p2b: Volcarona\n|-boost|p2b: Volcarona|spa|1\n|-boost|p2b: Volcarona|spd|1\n|-boost|p2b: Volcarona|spe|1\n|move|p1a: Weezing|Clear Smog|p2a: Oricorio\n|-resisted|p2a: Oricorio\n|-damage|p2a: Oricorio|93\/100\n|-clearboost|p2a: Oricorio\n|\n|upkeep\n|turn|2\n|\n|t:|1698756053\n|move|p2b: Volcarona|Fiery Dance|p1a: Weezing\n|-damage|p1a: Weezing|32\/100\n|move|p1b: Regigigas|Return|p2b: Volcarona\n|-damage|p2b: Volcarona|0 fnt\n|faint|p2b: Volcarona\n|move|p2a: Oricorio|Revelation Dance|p1a: Weezing\n|-damage|p1a: Weezing|0 fnt\n|faint|p1a: Weezing\n|-end|p1a: Weezing|ability: Neutralizing Gas\n|-start|p1b: Regigigas|ability: Slow Start\n|\n|upkeep\n|\n|t:|1698756067\n|switch|p2b: Ninetales|Ninetales-Alola, M|100\/100\n|switch|p1a: Aegislash|Aegislash, M|100\/100\n|-weather|Snow|[from] ability: Snow Warning|[of] p2b: Ninetales\n|turn|3\n|\n|t:|1698756090\n|switch|p2b: Iron Moth|Iron Moth|100\/100\n|-enditem|p2b: Iron Moth|Booster Energy\n|-activate|p2b: Iron Moth|ability: Quark Drive|[fromitem]\n|-start|p2b: Iron Moth|quarkdrivespe\n|move|p2a: Oricorio|Quiver Dance|p2a: Oricorio\n|-boost|p2a: Oricorio|spa|1\n|-boost|p2a: Oricorio|spd|1\n|-boost|p2a: Oricorio|spe|1\n|move|p1b: Regigigas|Return|p2b: Iron Moth\n|-damage|p2b: Iron Moth|29\/100\n|-formechange|p1a: Aegislash|Aegislash-Blade||[from] ability: Stance Change\n|move|p1a: Aegislash|Iron Head|p2b: Iron Moth\n|-resisted|p2b: Iron Moth\n|-damage|p2b: Iron Moth|0 fnt\n|faint|p2b: Iron Moth\n|-end|p2b: Iron Moth|Quark Drive|[silent]\n|\n|-weather|Snow|[upkeep]\n|upkeep\n|\n|t:|1698756110\n|switch|p2b: Lilligant|Lilligant, F|100\/100\n|turn|4\n|\n|t:|1698756119\n|-formechange|p1a: Aegislash|Aegislash||[from] ability: Stance Change\n|move|p1a: Aegislash|King's Shield|p1a: Aegislash\n|-singleturn|p1a: Aegislash|Protect\n|move|p2a: Oricorio|Revelation Dance|p1a: Aegislash\n|-activate|p1a: Aegislash|move: Protect\n|move|p2b: Lilligant|Role Play|p2a: Oricorio\n|-endability|p2b: Lilligant|Chlorophyll|[from] move: Role Play\n|-ability|p2b: Lilligant|Dancer|[from] move: Role Play|[of] p2a: Oricorio\n|move|p1b: Regigigas|Return|p2b: Lilligant\n|-damage|p2b: Lilligant|24\/100\n|\n|-weather|Snow|[upkeep]\n|upkeep\n|turn|5\n|\n|t:|1698756157\n|-formechange|p1a: Aegislash|Aegislash-Blade||[from] ability: Stance Change\n|move|p1a: Aegislash|Shadow Sneak|p2a: Oricorio\n|-supereffective|p2a: Oricorio\n|-damage|p2a: Oricorio|15\/100\n|move|p2a: Oricorio|Revelation Dance|p1a: Aegislash\n|-supereffective|p1a: Aegislash\n|-damage|p1a: Aegislash|0 fnt\n|faint|p1a: Aegislash\n|-activate|p2b: Lilligant|ability: Dancer\n|move|p2b: Lilligant|Revelation Dance|p1b: Regigigas|[from]ability: Dancer\n|-damage|p1b: Regigigas|54\/100\n|-damage|p2b: Lilligant|14\/100|[from] item: Life Orb\n|move|p2b: Lilligant|Sleep Powder|p1b: Regigigas\n|-status|p1b: Regigigas|slp|[from] move: Sleep Powder\n|cant|p1b: Regigigas|slp\n|\n|-weather|Snow|[upkeep]\n|upkeep\n|\n|t:|1698756177\n|switch|p1a: Regieleki|Regieleki|100\/100\n|turn|6\n|\n|t:|1698756198\n|move|p2a: Oricorio|Protect|p2a: Oricorio\n|-singleturn|p2a: Oricorio|Protect\n|move|p1a: Regieleki|Electroweb|p2a: Oricorio|[spread] p2b\n|-activate|p2a: Oricorio|move: Protect\n|-resisted|p2b: Lilligant\n|-damage|p2b: Lilligant|0 fnt\n|faint|p2b: Lilligant\n|-curestatus|p1b: Regigigas|slp|[msg]\n|move|p1b: Regigigas|Return|p2a: Oricorio\n|-activate|p2a: Oricorio|move: Protect\n|\n|-weather|Snow|[upkeep]\n|-end|p1b: Regigigas|Slow Start\n|upkeep\n|\n|t:|1698756231\n|switch|p2b: Ninetales|Ninetales-Alola, M|100\/100\n|turn|7\n|\n|t:|1698756241\n|-terastallize|p2a: Oricorio|Ground\n|move|p1a: Regieleki|Electroweb|p2a: Oricorio|[spread] p2b\n|-immune|p2a: Oricorio\n|-damage|p2b: Ninetales|65\/100\n|-unboost|p2b: Ninetales|spe|1\n|move|p2a: Oricorio|Revelation Dance|p1a: Regieleki\n|-supereffective|p1a: Regieleki\n|-damage|p1a: Regieleki|0 fnt\n|faint|p1a: Regieleki\n|move|p1b: Regigigas|Return|p2b: Ninetales\n|-damage|p2b: Ninetales|0 fnt\n|faint|p2b: Ninetales\n|\n|-weather|none\n|upkeep\n|\n|t:|1698756259\n|switch|p1a: Regidrago|Regidrago|100\/100\n|switch|p2b: Vivillon|Vivillon, M|100\/100\n|turn|8\n|\n|t:|1698756273\n|move|p2a: Oricorio|Protect|p2a: Oricorio\n|-singleturn|p2a: Oricorio|Protect\n|move|p1b: Regigigas|Return|p2b: Vivillon\n|-enditem|p2b: Vivillon|Focus Sash\n|-damage|p2b: Vivillon|1\/100\n|move|p2b: Vivillon|Sleep Powder|p1b: Regigigas\n|-status|p1b: Regigigas|slp|[from] move: Sleep Powder\n|move|p1a: Regidrago|Light Screen|p1a: Regidrago\n|-sidestart|p1: DemonGenesis|move: Light Screen\n|\n|upkeep\n|turn|9\n|\n|t:|1698756305\n|move|p2a: Oricorio|Revelation Dance|p1b: Regigigas\n|-damage|p1b: Regigigas|20\/100 slp\n|cant|p1b: Regigigas|slp\n|move|p2b: Vivillon|Sleep Powder|p1a: Regidrago\n|-status|p1a: Regidrago|slp|[from] move: Sleep Powder\n|cant|p1a: Regidrago|slp\n|\n|upkeep\n|turn|10\n|\n|t:|1698756325\n|move|p2a: Oricorio|Revelation Dance|p1b: Regigigas\n|-damage|p1b: Regigigas|0 fnt\n|faint|p1b: Regigigas\n|-end|p1b: Regigigas|Slow Start|[silent]\n|move|p2b: Vivillon|Pollen Puff|p2a: Oricorio\n|-heal|p2a: Oricorio|64\/100\n|cant|p1a: Regidrago|slp\n|\n|upkeep\n|\n|t:|1698756336\n|switch|p1b: Charizard|Charizard, M|100\/100\n|turn|11\n|\n|t:|1698756350\n|detailschange|p1b: Charizard|Charizard-Mega-X, M\n|-mega|p1b: Charizard|Charizard|Charizardite X\n|move|p2a: Oricorio|Air Slash|p1b: Charizard\n|-damage|p1b: Charizard|57\/100\n|move|p1b: Charizard|Flare Blitz|p2a: Oricorio\n|-damage|p2a: Oricorio|0 fnt\n|faint|p2a: Oricorio\n|-damage|p1b: Charizard|37\/100|[from] Recoil\n|move|p2b: Vivillon|Sleep Powder|p1b: Charizard\n|-status|p1b: Charizard|slp|[from] move: Sleep Powder\n|cant|p1a: Regidrago|slp\n|\n|upkeep\n|turn|12\n|\n|t:|1698756368\n|cant|p1b: Charizard|slp\n|move|p2b: Vivillon|Pollen Puff|p1b: Charizard\n|-resisted|p1b: Charizard\n|-damage|p1b: Charizard|18\/100 slp\n|-curestatus|p1a: Regidrago|slp|[msg]\n|move|p1a: Regidrago|Breaking Swipe|p2b: Vivillon\n|-damage|p2b: Vivillon|0 fnt\n|faint|p2b: Vivillon\n|\n|win|DemonGenesis\n|raw|DemonGenesis's rating: 1073 &rarr; <strong>1109<\/strong><br \/>(+36 for winning)\n|raw|Walccer's rating: 1159 &rarr; <strong>1128<\/strong><br \/>(-31 for losing)\n|c|\u2606Walccer|gg\n|l|\u2606Walccer\n","uploadtime":1698756388,"views":9,"p1id":"demongenesis","p2id":"walccer","formatid":"gen9nationaldexdoubles","rating":1109,"private":0,"password":""}