{"id":"gen9nationaldexdoubles-1984957845","p1":"Walccer","p2":"BirbOnFire","format":"[Gen 9] National Dex Doubles","log":"|j|\u2606Walccer\n|j|\u2606BirbOnFire\n|t:|1699314769\n|gametype|doubles\n|player|p1|Walccer|gloria|1161\n|player|p2|BirbOnFire|rollerskaterf|1202\n|teamsize|p1|6\n|teamsize|p2|6\n|gen|9\n|tier|[Gen 9] National Dex Doubles\n|rated|\n|rule|HP Percentage Mod: HP is shown in percentages\n|rule|Endless Battle Clause: Forcing endless battles is banned\n|rule|OHKO Clause: OHKO moves are banned\n|rule|Evasion Moves Clause: Evasion moves are banned\n|rule|Evasion Abilities Clause: Evasion abilities are banned\n|rule|Species Clause: Limit one of each Pok\u00e9mon\n|rule|Gravity Sleep Clause: The combination of sleep-inducing moves with imperfect accuracy and Gravity or Gigantamax Orbeetle are banned\n|clearpoke\n|poke|p1|Venusaur, F|\n|poke|p1|Serperior, M|\n|poke|p1|Delphox, F|\n|poke|p1|Skeledirge, M|\n|poke|p1|Inteleon, F|\n|poke|p1|Empoleon, F|\n|poke|p2|Beheeyem, F|\n|poke|p2|Gourgeist-*, F|\n|poke|p2|Indeedee-F, F|\n|poke|p2|Ambipom, F|\n|poke|p2|Nihilego|\n|poke|p2|Tsareena, F|\n|teampreview\n|\n|t:|1699314802\n|start\n|switch|p1a: Pasta|Serperior, M, shiny|100\/100\n|switch|p1b: Delphox|Delphox, F|100\/100\n|switch|p2a: Beheeyem|Beheeyem, F, shiny|100\/100\n|switch|p2b: Gourgeist|Gourgeist-Super, F|100\/100\n|turn|1\n|\n|t:|1699314818\n|move|p2a: Beheeyem|Protect|p2a: Beheeyem\n|-singleturn|p2a: Beheeyem|Protect\n|move|p1a: Pasta|Reflect|p1a: Pasta\n|-sidestart|p1: Walccer|Reflect\n|move|p1b: Delphox|Calm Mind|p1b: Delphox\n|-boost|p1b: Delphox|spa|1\n|-boost|p1b: Delphox|spd|1\n|move|p2b: Gourgeist|Trick Room|p2b: Gourgeist\n|-fieldstart|move: Trick Room|[of] p2b: Gourgeist\n|-enditem|p2b: Gourgeist|Room Service\n|-unboost|p2b: Gourgeist|spe|1|[from] item: Room Service\n|\n|upkeep\n|turn|2\n|\n|t:|1699314834\n|move|p2b: Gourgeist|Ally Switch|p2b: Gourgeist\n|swap|p2b: Gourgeist|0|[from] move: Ally Switch\n|move|p2b: Beheeyem|Meteor Beam||[still]\n|-prepare|p2b: Beheeyem|Meteor Beam\n|-boost|p2b: Beheeyem|spa|1\n|-enditem|p2b: Beheeyem|Power Herb\n|-anim|p2b: Beheeyem|Meteor Beam|p1b: Delphox|[miss]\n|-miss|p2b: Beheeyem|p1b: Delphox\n|move|p1b: Delphox|Psyshock|p2b: Beheeyem\n|-resisted|p2b: Beheeyem\n|-damage|p2b: Beheeyem|65\/100\n|move|p1a: Pasta|Light Screen|p1a: Pasta\n|-sidestart|p1: Walccer|move: Light Screen\n|\n|-item|p2a: Gourgeist|Power Herb|[from] ability: Pickup\n|upkeep\n|turn|3\n|\n|t:|1699314852\n|move|p2a: Gourgeist|Trick|p2b: Beheeyem\n|-activate|p2a: Gourgeist|move: Trick|[of] p2b: Beheeyem\n|-item|p2b: Beheeyem|Power Herb|[from] move: Trick\n|-enditem|p2a: Gourgeist|Power Herb|[silent]|[from] move: Trick\n|move|p2b: Beheeyem|Meteor Beam||[still]\n|-prepare|p2b: Beheeyem|Meteor Beam\n|-boost|p2b: Beheeyem|spa|1\n|-enditem|p2b: Beheeyem|Power Herb\n|-anim|p2b: Beheeyem|Meteor Beam|p1b: Delphox\n|-supereffective|p1b: Delphox\n|-damage|p1b: Delphox|27\/100\n|-enditem|p1b: Delphox|Sitrus Berry|[eat]\n|-heal|p1b: Delphox|52\/100|[from] item: Sitrus Berry\n|move|p1b: Delphox|Fire Pledge|p2a: Gourgeist\n|-waiting|p1b: Delphox|p1a: Pasta\n|move|p1a: Pasta|Grass Pledge|p2a: Gourgeist|[from]move: Fire Pledge\n|-combine\n|-supereffective|p2a: Gourgeist\n|-damage|p2a: Gourgeist|2\/100\n|-sidestart|p2: BirbOnFire|Fire Pledge\n|\n|-damage|p2a: Gourgeist|0 fnt|[from] Fire Pledge\n|faint|p2a: Gourgeist\n|-damage|p2b: Beheeyem|52\/100|[from] Fire Pledge\n|upkeep\n|\n|t:|1699314856\n|switch|p2a: Indeedee|Indeedee-F, F|100\/100\n|-fieldstart|move: Psychic Terrain|[from] ability: Psychic Surge|[of] p2a: Indeedee\n|turn|4\n|\n|t:|1699314877\n|move|p2a: Indeedee|Follow Me|p2a: Indeedee\n|-singleturn|p2a: Indeedee|move: Follow Me\n|move|p2b: Beheeyem|Expanding Force|p1a: Pasta|[spread] p1a,p1b\n|-resisted|p1b: Delphox\n|-damage|p1a: Pasta|16\/100\n|-damage|p1b: Delphox|24\/100\n|move|p1b: Delphox|Fire Pledge|p2a: Indeedee\n|-damage|p2a: Indeedee|30\/100\n|-item|p1b: Delphox|Terrain Extender|[from] ability: Magician|[of] p2a: Indeedee\n|move|p1a: Pasta|Leaf Storm|p2a: Indeedee\n|-damage|p2a: Indeedee|0 fnt\n|-boost|p1a: Pasta|spa|2\n|faint|p2a: Indeedee\n|\n|-damage|p2b: Beheeyem|40\/100|[from] Fire Pledge\n|upkeep\n|\n|t:|1699314886\n|switch|p2a: Tsareena|Tsareena, F|100\/100\n|turn|5\n|\n|t:|1699314901\n|move|p2b: Beheeyem|Expanding Force|p1a: Pasta|[spread] p1a,p1b\n|-crit|p1a: Pasta\n|-resisted|p1b: Delphox\n|-damage|p1a: Pasta|0 fnt\n|-damage|p1b: Delphox|0 fnt\n|faint|p1a: Pasta\n|faint|p1b: Delphox\n|move|p2a: Tsareena|U-turn|p1: Pasta|[notarget]\n|-fail|p2a: Tsareena\n|\n|-damage|p2b: Beheeyem|27\/100|[from] Fire Pledge\n|-damage|p2a: Tsareena|88\/100|[from] Fire Pledge\n|-fieldend|move: Trick Room\n|upkeep\n|\n|t:|1699314921\n|switch|p1a: Skeledirge|Skeledirge, M|100\/100\n|switch|p1b: Empoleon|Empoleon, F|100\/100\n|turn|6\n|\n|t:|1699314937\n|move|p2a: Tsareena|Knock Off|p1a: Skeledirge\n|-supereffective|p1a: Skeledirge\n|-damage|p1a: Skeledirge|61\/100\n|-enditem|p1a: Skeledirge|Throat Spray|[from] move: Knock Off|[of] p2a: Tsareena\n|move|p1a: Skeledirge|Fire Pledge|p2b: Beheeyem\n|-waiting|p1a: Skeledirge|p1b: Empoleon\n|move|p1b: Empoleon|Water Pledge|p2b: Beheeyem|[from]move: Fire Pledge\n|-combine\n|-damage|p2b: Beheeyem|0 fnt\n|-sidestart|p1: Walccer|Water Pledge\n|faint|p2b: Beheeyem\n|\n|-damage|p2a: Tsareena|76\/100|[from] Fire Pledge\n|-sideend|p2: BirbOnFire|Fire Pledge\n|upkeep\n|\n|t:|1699314945\n|switch|p2b: Ambipom|Ambipom, F|100\/100\n|turn|7\n|\n|t:|1699314968\n|move|p2b: Ambipom|Attract|p1a: Skeledirge\n|-start|p1a: Skeledirge|Attract\n|move|p2a: Tsareena|U-turn|p1b: Empoleon\n|-resisted|p1b: Empoleon\n|-damage|p1b: Empoleon|92\/100\n|\n|t:|1699314977\n|switch|p2a: Nihilego|Nihilego|100\/100|[from] U-turn\n|-activate|p1a: Skeledirge|move: Attract|[of] p2b: Ambipom\n|cant|p1a: Skeledirge|Attract\n|move|p1b: Empoleon|Flip Turn|p2b: Ambipom\n|-damage|p2b: Ambipom|77\/100\n|\n|t:|1699314982\n|switch|p1b: Venusaur|Venusaur, F|100\/100|[from] Flip Turn\n|\n|upkeep\n|turn|8\n|\n|t:|1699315008\n|switch|p1a: Empoleon|Empoleon, F|92\/100\n|detailschange|p1b: Venusaur|Venusaur-Mega, F\n|-mega|p1b: Venusaur|Venusaur|Venusaurite\n|move|p2b: Ambipom|Fling|p1b: Venusaur\n|-damage|p1b: Venusaur|96\/100\n|-enditem|p2b: Ambipom|King's Rock|[from] move: Fling\n|move|p2a: Nihilego|Meteor Beam||[still]\n|-prepare|p2a: Nihilego|Meteor Beam\n|-boost|p2a: Nihilego|spa|1\n|-enditem|p2a: Nihilego|Power Herb\n|-anim|p2a: Nihilego|Meteor Beam|p1b: Venusaur\n|-damage|p1b: Venusaur|50\/100\n|cant|p1b: Venusaur|flinch\n|\n|-sideend|p1: Walccer|Reflect\n|-item|p2b: Ambipom|Power Herb|[from] ability: Pickup\n|upkeep\n|turn|9\n|\n|t:|1699315034\n|-terastallize|p2a: Nihilego|Flying\n|move|p2b: Ambipom|Switcheroo|p2a: Nihilego\n|-activate|p2b: Ambipom|move: Trick|[of] p2a: Nihilego\n|-item|p2a: Nihilego|Power Herb|[from] move: Switcheroo\n|-enditem|p2b: Ambipom|Power Herb|[silent]|[from] move: Switcheroo\n|move|p2a: Nihilego|Meteor Beam||[still]\n|-prepare|p2a: Nihilego|Meteor Beam\n|-boost|p2a: Nihilego|spa|1\n|-enditem|p2a: Nihilego|Power Herb\n|-anim|p2a: Nihilego|Meteor Beam|p1b: Venusaur\n|-damage|p1b: Venusaur|0 fnt\n|faint|p1b: Venusaur\n|-ability|p2a: Nihilego|Beast Boost|boost\n|-boost|p2a: Nihilego|spa|1\n|move|p1a: Empoleon|Flash Cannon|p2a: Nihilego\n|-damage|p2a: Nihilego|69\/100\n|\n|-sideend|p1: Walccer|move: Light Screen\n|-sideend|p1: Walccer|Water Pledge\n|-item|p2b: Ambipom|Power Herb|[from] ability: Pickup\n|upkeep\n|\n|t:|1699315047\n|switch|p1b: Inteleon|Inteleon, F|100\/100\n|turn|10\n|\n|t:|1699315061\n|move|p2b: Ambipom|Helping Hand|p2a: Nihilego\n|-singleturn|p2a: Nihilego|Helping Hand|[of] p2b: Ambipom\n|move|p1b: Inteleon|Ice Beam|p2a: Nihilego\n|-supereffective|p2a: Nihilego\n|-damage|p2a: Nihilego|21\/100\n|move|p2a: Nihilego|Thunderbolt|p1a: Empoleon\n|-supereffective|p1a: Empoleon\n|-damage|p1a: Empoleon|0 fnt\n|faint|p1a: Empoleon\n|-ability|p2a: Nihilego|Beast Boost|boost\n|-boost|p2a: Nihilego|spa|1\n|\n|upkeep\n|\n|t:|1699315068\n|switch|p1a: Skeledirge|Skeledirge, M|61\/100\n|turn|11\n|\n|t:|1699315077\n|move|p2a: Nihilego|Protect|p2a: Nihilego\n|-singleturn|p2a: Nihilego|Protect\n|move|p1b: Inteleon|Ice Beam|p2a: Nihilego\n|-activate|p2a: Nihilego|move: Protect\n|move|p2b: Ambipom|Attract|p1a: Skeledirge\n|-start|p1a: Skeledirge|Attract\n|-activate|p1a: Skeledirge|move: Attract|[of] p2b: Ambipom\n|move|p1a: Skeledirge|Torch Song|p2b: Ambipom\n|-damage|p2b: Ambipom|24\/100\n|-boost|p1a: Skeledirge|spa|1\n|\n|-fieldend|move: Psychic Terrain\n|upkeep\n|turn|12\n|\n|t:|1699315095\n|move|p1b: Inteleon|Ice Beam|p2a: Nihilego\n|-supereffective|p2a: Nihilego\n|-damage|p2a: Nihilego|0 fnt\n|faint|p2a: Nihilego\n|move|p2b: Ambipom|Switcheroo|p1b: Inteleon\n|-activate|p2b: Ambipom|move: Trick|[of] p1b: Inteleon\n|-item|p1b: Inteleon|Power Herb|[from] move: Switcheroo\n|-item|p2b: Ambipom|Scope Lens|[from] move: Switcheroo\n|-activate|p1a: Skeledirge|move: Attract|[of] p2b: Ambipom\n|cant|p1a: Skeledirge|Attract\n|\n|upkeep\n|\n|t:|1699315098\n|switch|p2a: Tsareena|Tsareena, F|76\/100\n|turn|13\n|\n|t:|1699315113\n|move|p2b: Ambipom|Helping Hand|p2a: Tsareena\n|-singleturn|p2a: Tsareena|Helping Hand|[of] p2b: Ambipom\n|move|p1b: Inteleon|Water Pledge|p2a: Tsareena\n|-waiting|p1b: Inteleon|p1a: Skeledirge\n|-activate|p1a: Skeledirge|move: Attract|[of] p2b: Ambipom\n|move|p1a: Skeledirge|Fire Pledge|p2a: Tsareena|[from]move: Water Pledge\n|-combine\n|-resisted|p2a: Tsareena\n|-damage|p2a: Tsareena|37\/100\n|-sidestart|p1: Walccer|Water Pledge\n|move|p2a: Tsareena|Power Whip|p1b: Inteleon\n|-supereffective|p1b: Inteleon\n|-damage|p1b: Inteleon|0 fnt\n|faint|p1b: Inteleon\n|\n|upkeep\n|turn|14\n|\n|t:|1699315126\n|move|p2b: Ambipom|Helping Hand|p2a: Tsareena\n|-singleturn|p2a: Tsareena|Helping Hand|[of] p2b: Ambipom\n|move|p2a: Tsareena|Knock Off|p1a: Skeledirge\n|-supereffective|p1a: Skeledirge\n|-damage|p1a: Skeledirge|7\/100\n|-activate|p1a: Skeledirge|move: Attract|[of] p2b: Ambipom\n|move|p1a: Skeledirge|Hyper Voice|p2b: Ambipom|[spread] p2a,p2b\n|-damage|p2a: Tsareena|13\/100\n|-damage|p2b: Ambipom|0 fnt\n|faint|p2b: Ambipom\n|-end|p1a: Skeledirge|Attract|[silent]\n|\n|upkeep\n|turn|15\n|-message|Walccer forfeited.\n|\n|win|BirbOnFire\n|raw|Walccer's rating: 1161 &rarr; <strong>1136<\/strong><br \/>(-25 for losing)\n|raw|BirbOnFire's rating: 1164 &rarr; <strong>1189<\/strong><br \/>(+25 for winning)\n|l|\u2606Walccer\n","uploadtime":1699315150,"views":5,"p1id":"walccer","p2id":"birbonfire","formatid":"gen9nationaldexdoubles","rating":1136,"private":0,"password":""}