{"id":"gen9nationaldexdoubles-1970136407","p1":"bignutta","p2":"MeowCxw","format":"[Gen 9] National Dex Doubles","log":"|j|\u2606bignutta\n|j|\u2606MeowCxw\n|t:|1697600006\n|gametype|doubles\n|player|p1|bignutta|brycenman|1046\n|player|p2|MeowCxw|266|1067\n|teamsize|p1|6\n|teamsize|p2|6\n|gen|9\n|tier|[Gen 9] National Dex Doubles\n|rated|\n|rule|HP Percentage Mod: HP is shown in percentages\n|rule|Endless Battle Clause: Forcing endless battles is banned\n|rule|OHKO Clause: OHKO moves are banned\n|rule|Evasion Moves Clause: Evasion moves are banned\n|rule|Evasion Abilities Clause: Evasion abilities are banned\n|rule|Species Clause: Limit one of each Pok\u00e9mon\n|rule|Gravity Sleep Clause: The combination of sleep-inducing moves with imperfect accuracy and Gravity or Gigantamax Orbeetle are banned\n|clearpoke\n|poke|p1|Tornadus, M|\n|poke|p1|Politoed, F|\n|poke|p1|Electrode-Hisui|\n|poke|p1|Poliwrath, F|\n|poke|p1|Enamorus, F|\n|poke|p1|Grimmsnarl, M|\n|poke|p2|Absol, M|\n|poke|p2|Scizor, M|\n|poke|p2|Glimmora, F|\n|poke|p2|Goodra-Hisui, F|\n|poke|p2|Volcanion|\n|poke|p2|Chesnaught, F|\n|teampreview\n|inactive|Battle timer is ON: inactive players will automatically lose when time's up. (requested by bignutta)\n|\n|t:|1697600023\n|start\n|switch|p1a: Politoed|Politoed, F|100\/100\n|switch|p1b: Tornadus|Tornadus, M|100\/100\n|switch|p2a: Glimmora|Glimmora, F|100\/100\n|switch|p2b: Scizor|Scizor, M|100\/100\n|-weather|RainDance|[from] ability: Drizzle|[of] p1a: Politoed\n|turn|1\n|inactive|MeowCxw has 120 seconds left.\n|\n|t:|1697600063\n|switch|p2a: Goodra|Goodra-Hisui, F|100\/100\n|move|p1b: Tornadus|Taunt|p2a: Goodra\n|-start|p2a: Goodra|move: Taunt\n|move|p1a: Politoed|Whirlpool|p2a: Goodra\n|-resisted|p2a: Goodra\n|-damage|p2a: Goodra|94\/100\n|-activate|p2a: Goodra|move: Whirlpool|[of] p1a: Politoed\n|move|p2b: Scizor|Knock Off|p1b: Tornadus\n|-damage|p1b: Tornadus|64\/100\n|-enditem|p1b: Tornadus|Leftovers|[from] move: Knock Off|[of] p2b: Scizor\n|\n|-weather|RainDance|[upkeep]\n|-heal|p2a: Goodra|99\/100|[from] item: Leftovers\n|-damage|p2a: Goodra|88\/100|[from] move: Whirlpool|[partiallytrapped]\n|upkeep\n|turn|2\n|inactive|MeowCxw has 120 seconds left.\n|inactive|MeowCxw has 90 seconds left.\n|\n|t:|1697600109\n|move|p1b: Tornadus|Hurricane|p2b: Scizor\n|-damage|p2b: Scizor|42\/100\n|move|p1a: Politoed|Ice Beam|p2a: Goodra\n|-damage|p2a: Goodra|72\/100\n|move|p2b: Scizor|Swords Dance|p2b: Scizor\n|-boost|p2b: Scizor|atk|2\n|move|p2a: Goodra|Flash Cannon|p1b: Tornadus\n|-crit|p1b: Tornadus\n|-damage|p1b: Tornadus|14\/100\n|\n|-weather|RainDance|[upkeep]\n|-heal|p2a: Goodra|78\/100|[from] item: Leftovers\n|-damage|p2a: Goodra|66\/100|[from] move: Whirlpool|[partiallytrapped]\n|upkeep\n|turn|3\n|\n|t:|1697600138\n|move|p1b: Tornadus|Hurricane|p2b: Scizor\n|-damage|p2b: Scizor|0 fnt\n|faint|p2b: Scizor\n|move|p1a: Politoed|Weather Ball|p2a: Goodra\n|-resisted|p2a: Goodra\n|-damage|p2a: Goodra|46\/100\n|move|p2a: Goodra|Flash Cannon|p1a: Politoed\n|-resisted|p1a: Politoed\n|-damage|p1a: Politoed|88\/100\n|\n|-weather|RainDance|[upkeep]\n|-heal|p2a: Goodra|52\/100|[from] item: Leftovers\n|-damage|p2a: Goodra|40\/100|[from] move: Whirlpool|[partiallytrapped]\n|-end|p2a: Goodra|move: Taunt\n|upkeep\n|inactive|MeowCxw has 90 seconds left.\n|\n|t:|1697600157\n|switch|p2b: Chesnaught|Chesnaught, F, shiny|100\/100\n|turn|4\n|\n|t:|1697600171\n|move|p1b: Tornadus|Hurricane|p2b: Chesnaught\n|-supereffective|p2b: Chesnaught\n|-damage|p2b: Chesnaught|0 fnt\n|faint|p2b: Chesnaught\n|move|p1a: Politoed|Ice Beam|p2a: Goodra\n|-damage|p2a: Goodra|25\/100\n|move|p2a: Goodra|Dragon Tail|p1b: Tornadus\n|-damage|p1b: Tornadus|0 fnt\n|faint|p1b: Tornadus\n|\n|-weather|RainDance|[upkeep]\n|-heal|p2a: Goodra|31\/100|[from] item: Leftovers\n|-damage|p2a: Goodra|18\/100|[from] move: Whirlpool|[partiallytrapped]\n|upkeep\n|inactive|MeowCxw has 120 seconds left.\n|\n|t:|1697600190\n|switch|p1b: Electrode|Electrode-Hisui|100\/100\n|switch|p2b: Absol|Absol, M|100\/100\n|turn|5\n|\n|t:|1697600214\n|move|p2b: Absol|Sucker Punch|p1a: Politoed\n|-damage|p1a: Politoed|53\/100\n|-damage|p2b: Absol|84\/100|[from] item: Rocky Helmet|[of] p1a: Politoed\n|move|p1b: Electrode|Volt Switch|p2a: Goodra\n|-resisted|p2a: Goodra\n|-damage|p2a: Goodra|11\/100\n|\n|t:|1697600224\n|switch|p1b: Poliwrath|Poliwrath, F|100\/100|[from] Volt Switch\n|move|p1a: Politoed|Whirlpool|p2b: Absol\n|-damage|p2b: Absol|41\/100\n|-activate|p2b: Absol|move: Whirlpool|[of] p1a: Politoed\n|move|p2a: Goodra|Dragon Tail|p1b: Poliwrath\n|-damage|p1b: Poliwrath|80\/100\n|drag|p1b: Grimmsnarl|Grimmsnarl, M|100\/100\n|\n|-weather|none\n|-heal|p2a: Goodra|17\/100|[from] item: Leftovers\n|-damage|p2b: Absol|28\/100|[from] move: Whirlpool|[partiallytrapped]\n|-damage|p2a: Goodra|5\/100|[from] move: Whirlpool|[partiallytrapped]\n|upkeep\n|turn|6\n|inactive|MeowCxw has 120 seconds left.\n|inactive|bignutta has 120 seconds left.\n|\n|t:|1697600273\n|detailschange|p2b: Absol|Absol-Mega, M\n|-mega|p2b: Absol|Absol|Absolite\n|move|p1b: Grimmsnarl|Fake Out|p2b: Absol\n|-damage|p2b: Absol|12\/100\n|cant|p2b: Absol|flinch\n|move|p1a: Politoed|Ice Beam|p2b: Absol\n|-damage|p2b: Absol|0 fnt\n|faint|p2b: Absol\n|move|p2a: Goodra|Draco Meteor|p1a: Politoed\n|-damage|p1a: Politoed|13\/100\n|-unboost|p2a: Goodra|spa|2\n|\n|-heal|p2a: Goodra|11\/100|[from] item: Leftovers\n|-end|p2a: Goodra|Whirlpool|[partiallytrapped]\n|upkeep\n|\n|t:|1697600291\n|switch|p2b: Volcanion|Volcanion|100\/100\n|turn|7\n|\n|t:|1697600313\n|switch|p1a: Enamorus|Enamorus, F|100\/100\n|switch|p2a: Glimmora|Glimmora, F|100\/100\n|move|p1b: Grimmsnarl|Light Screen|p1b: Grimmsnarl\n|-sidestart|p1: bignutta|move: Light Screen\n|move|p2b: Volcanion|Steam Eruption|p1a: Enamorus\n|-damage|p1a: Enamorus|46\/100\n|-status|p1a: Enamorus|brn\n|\n|-damage|p1a: Enamorus|40\/100 brn|[from] brn\n|upkeep\n|turn|8\n|inactive|MeowCxw has 120 seconds left.\n|inactive|bignutta has 120 seconds left.\n|\n|t:|1697600344\n|move|p1b: Grimmsnarl|Parting Shot|p1a: Enamorus\n|-boost|p1a: Enamorus|atk|1\n|-boost|p1a: Enamorus|spa|1\n|\n|t:|1697600348\n|switch|p1b: Politoed|Politoed, F|13\/100|[from] Parting Shot\n|-weather|RainDance|[from] ability: Drizzle|[of] p1b: Politoed\n|move|p1a: Enamorus|Superpower|p2a: Glimmora\n|-damage|p2a: Glimmora|65\/100\n|-boost|p1a: Enamorus|atk|1\n|-boost|p1a: Enamorus|def|1\n|-activate|p2a: Glimmora|ability: Toxic Debris\n|-sidestart|p1: bignutta|move: Toxic Spikes\n|-damage|p1a: Enamorus|30\/100 brn|[from] item: Life Orb\n|move|p2a: Glimmora|Mortal Spin|p1a: Enamorus|[spread] p1a,p1b\n|-supereffective|p1a: Enamorus\n|-damage|p1a: Enamorus|20\/100 brn\n|-damage|p1b: Politoed|8\/100\n|-status|p1b: Politoed|psn\n|-damage|p2a: Glimmora|48\/100|[from] item: Rocky Helmet|[of] p1b: Politoed\n|move|p2b: Volcanion|Sludge Bomb|p1a: Enamorus\n|-supereffective|p1a: Enamorus\n|-damage|p1a: Enamorus|0 fnt\n|faint|p1a: Enamorus\n|\n|-weather|RainDance|[upkeep]\n|-damage|p1b: Politoed|0 fnt|[from] psn\n|faint|p1b: Politoed\n|upkeep\n|inactive|bignutta has 120 seconds left.\n|\n|t:|1697600378\n|switch|p1a: Poliwrath|Poliwrath, F|80\/100\n|switch|p1b: Grimmsnarl|Grimmsnarl, M|100\/100\n|-status|p1a: Poliwrath|psn\n|-status|p1b: Grimmsnarl|psn\n|turn|9\n|inactive|bignutta has 120 seconds left.\n|inactive|MeowCxw has 120 seconds left.\n|\n|t:|1697600396\n|move|p1b: Grimmsnarl|Fake Out|p2b: Volcanion\n|-damage|p2b: Volcanion|90\/100\n|move|p1a: Poliwrath|Close Combat|p2b: Volcanion\n|-damage|p2b: Volcanion|12\/100\n|-unboost|p1a: Poliwrath|def|1\n|-unboost|p1a: Poliwrath|spd|1\n|move|p2a: Glimmora|Energy Ball|p1a: Poliwrath\n|-supereffective|p1a: Poliwrath\n|-damage|p1a: Poliwrath|10\/100 psn\n|cant|p2b: Volcanion|flinch\n|\n|-weather|RainDance|[upkeep]\n|-damage|p1a: Poliwrath|0 fnt|[from] psn\n|faint|p1a: Poliwrath\n|-damage|p1b: Grimmsnarl|88\/100 psn|[from] psn\n|upkeep\n|\n|t:|1697600415\n|switch|p1a: Electrode|Electrode-Hisui|100\/100\n|-status|p1a: Electrode|psn\n|turn|10\n|inactive|bignutta has 120 seconds left.\n|inactive|MeowCxw has 120 seconds left.\n|\n|t:|1697600442\n|move|p1b: Grimmsnarl|Parting Shot|p2a: Glimmora\n|-unboost|p2a: Glimmora|atk|1\n|-unboost|p2a: Glimmora|spa|1\n|move|p1a: Electrode|Grass Knot|p2b: Volcanion\n|-damage|p2b: Volcanion|0 fnt\n|faint|p2b: Volcanion\n|move|p2a: Glimmora|Earth Power|p1a: Electrode\n|-damage|p1a: Electrode|77\/100 psn\n|\n|-weather|RainDance|[upkeep]\n|-damage|p1a: Electrode|64\/100 psn|[from] psn\n|-damage|p1b: Grimmsnarl|76\/100 psn|[from] psn\n|upkeep\n|inactive|MeowCxw has 120 seconds left.\n|\n|t:|1697600455\n|switch|p2b: Goodra|Goodra-Hisui, F|11\/100\n|turn|11\n|inactive|bignutta has 120 seconds left.\n|inactive|MeowCxw has 120 seconds left.\n|\n|t:|1697600483\n|-terastallize|p2a: Glimmora|Grass\n|move|p1b: Grimmsnarl|Parting Shot|p2b: Goodra\n|-unboost|p2b: Goodra|atk|1\n|-unboost|p2b: Goodra|spa|1\n|move|p1a: Electrode|Thunder|p2a: Glimmora\n|-resisted|p2a: Glimmora\n|-damage|p2a: Glimmora|22\/100\n|move|p2a: Glimmora|Energy Ball|p1a: Electrode\n|-resisted|p1a: Electrode\n|-damage|p1a: Electrode|47\/100 psn\n|move|p2b: Goodra|Draco Meteor|p1b: Grimmsnarl\n|-immune|p1b: Grimmsnarl\n|\n|-weather|RainDance|[upkeep]\n|-heal|p2b: Goodra|17\/100|[from] item: Leftovers\n|-damage|p1a: Electrode|35\/100 psn|[from] psn\n|-damage|p1b: Grimmsnarl|63\/100 psn|[from] psn\n|upkeep\n|turn|12\n|inactive|bignutta has 120 seconds left.\n|inactive|MeowCxw has 120 seconds left.\n|\n|t:|1697600516\n|move|p1b: Grimmsnarl|Parting Shot|p2b: Goodra\n|-unboost|p2b: Goodra|atk|1\n|-unboost|p2b: Goodra|spa|1\n|move|p1a: Electrode|Thunder|p2a: Glimmora\n|-resisted|p2a: Glimmora\n|-damage|p2a: Glimmora|0 fnt\n|faint|p2a: Glimmora\n|move|p2b: Goodra|Flamethrower|p1a: Electrode\n|-supereffective|p1a: Electrode\n|-damage|p1a: Electrode|23\/100 psn\n|-enditem|p1a: Electrode|Petaya Berry|[eat]\n|-boost|p1a: Electrode|spa|1|[from] item: Petaya Berry\n|\n|-weather|none\n|-heal|p2b: Goodra|23\/100|[from] item: Leftovers\n|-damage|p1a: Electrode|11\/100 psn|[from] psn\n|-damage|p1b: Grimmsnarl|51\/100 psn|[from] psn\n|upkeep\n|turn|13\n|inactive|bignutta has 120 seconds left.\n|\n|t:|1697600547\n|move|p1b: Grimmsnarl|Parting Shot|p2b: Goodra\n|-unboost|p2b: Goodra|atk|1\n|-unboost|p2b: Goodra|spa|1\n|move|p1a: Electrode|Thunder|p2b: Goodra\n|-resisted|p2b: Goodra\n|-damage|p2b: Goodra|6\/100\n|-status|p2b: Goodra|par\n|move|p2b: Goodra|Flamethrower|p1a: Electrode\n|-supereffective|p1a: Electrode\n|-damage|p1a: Electrode|0 fnt\n|faint|p1a: Electrode\n|\n|-heal|p2b: Goodra|12\/100 par|[from] item: Leftovers\n|-damage|p1b: Grimmsnarl|38\/100 psn|[from] psn\n|upkeep\n|turn|14\n|\n|t:|1697600566\n|move|p1b: Grimmsnarl|Parting Shot|p2b: Goodra\n|-unboost|p2b: Goodra|atk|1\n|-unboost|p2b: Goodra|spa|1\n|move|p2b: Goodra|Flash Cannon|p1b: Grimmsnarl\n|-supereffective|p1b: Grimmsnarl\n|-damage|p1b: Grimmsnarl|27\/100 psn\n|\n|-heal|p2b: Goodra|18\/100 par|[from] item: Leftovers\n|-damage|p1b: Grimmsnarl|15\/100 psn|[from] psn\n|-sideend|p1: bignutta|move: Light Screen\n|upkeep\n|turn|15\n|\n|t:|1697600584\n|-terastallize|p1b: Grimmsnarl|Water\n|move|p1b: Grimmsnarl|Light Screen|p1b: Grimmsnarl\n|-sidestart|p1: bignutta|move: Light Screen\n|move|p2b: Goodra|Flash Cannon|p1b: Grimmsnarl\n|-resisted|p1b: Grimmsnarl\n|-damage|p1b: Grimmsnarl|12\/100 psn\n|\n|-heal|p2b: Goodra|24\/100 par|[from] item: Leftovers\n|-damage|p1b: Grimmsnarl|0 fnt|[from] psn\n|faint|p1b: Grimmsnarl\n|\n|win|MeowCxw\n|upkeep\n|raw|bignutta's rating: 1046 &rarr; <strong>1030<\/strong><br \/>(-16 for losing)\n|raw|MeowCxw's rating: 1067 &rarr; <strong>1095<\/strong><br \/>(+28 for winning)\n|l|\u2606bignutta\n|l|\u2606MeowCxw\n|j|\u2606MeowCxw\n|player|p2|MeowCxw|266\n|l|\u2606MeowCxw\n|player|p2|\n|j|\u2606MeowCxw\n|player|p2|MeowCxw|266\n","uploadtime":1697600633,"views":15,"p1id":"bignutta","p2id":"meowcxw","formatid":"gen9nationaldexdoubles","rating":1030,"private":0,"password":""}