{"id":"gen9nationaldexdoubles-1999027658","p1":"LegitBacon","p2":"El Ryuk456","format":"[Gen 9] National Dex Doubles","log":"|j|\u2606LegitBacon\n|j|\u2606El Ryuk456\n|t:|1701025410\n|gametype|doubles\n|player|p1|LegitBacon|steven-masters4|1120\n|player|p2|El Ryuk456|ingo|1366\n|teamsize|p1|6\n|teamsize|p2|6\n|gen|9\n|tier|[Gen 9] National Dex Doubles\n|rated|\n|rule|HP Percentage Mod: HP is shown in percentages\n|rule|Endless Battle Clause: Forcing endless battles is banned\n|rule|OHKO Clause: OHKO moves are banned\n|rule|Evasion Moves Clause: Evasion moves are banned\n|rule|Evasion Abilities Clause: Evasion abilities are banned\n|rule|Species Clause: Limit one of each Pok\u00e9mon\n|rule|Gravity Sleep Clause: The combination of sleep-inducing moves with imperfect accuracy and Gravity or Gigantamax Orbeetle are banned\n|clearpoke\n|poke|p1|Minior|\n|poke|p1|Ogerpon-Wellspring, F|\n|poke|p1|Comfey, M|\n|poke|p1|Moltres-Galar|\n|poke|p1|Farigiraf, F|\n|poke|p1|Hawlucha, M|\n|poke|p2|Urshifu-*, F|\n|poke|p2|Tapu Fini|\n|poke|p2|Dragonite, F|\n|poke|p2|Marowak, F|\n|poke|p2|Aegislash, M|\n|poke|p2|Ogerpon-Wellspring, F|\n|teampreview\n|inactive|Battle timer is ON: inactive players will automatically lose when time's up. (requested by LegitBacon)\n|\n|t:|1701025428\n|start\n|switch|p1a: Comfey|Comfey, M|100\/100\n|switch|p1b: Hawlucha|Hawlucha, M|100\/100\n|switch|p2a: Ogerpon|Ogerpon-Wellspring, F|100\/100\n|switch|p2b: Aegislash|Aegislash, M, shiny|100\/100\n|turn|1\n|c|\u2606LegitBacon|GLHF\n|\n|t:|1701025440\n|-terastallize|p2a: Ogerpon|Water\n|detailschange|p2a: Ogerpon|Ogerpon-Wellspring-Tera, F, tera:Water\n|-ability|p2a: Ogerpon|Embody Aspect (Wellspring)|boost\n|-boost|p2a: Ogerpon|spd|1\n|move|p1a: Comfey|Draining Kiss|p1b: Hawlucha\n|-supereffective|p1b: Hawlucha\n|-damage|p1b: Hawlucha|50\/100\n|-enditem|p1b: Hawlucha|Weakness Policy\n|-boost|p1b: Hawlucha|atk|2|[from] item: Weakness Policy\n|-boost|p1b: Hawlucha|spa|2|[from] item: Weakness Policy\n|move|p2a: Ogerpon|Follow Me|p2a: Ogerpon\n|-singleturn|p2a: Ogerpon|move: Follow Me\n|move|p1b: Hawlucha|Acrobatics|p2a: Ogerpon\n|-damage|p2a: Ogerpon|29\/100\n|-zpower|p2b: Aegislash\n|-formechange|p2b: Aegislash|Aegislash-Blade||[from] ability: Stance Change\n|move|p2b: Aegislash|Never-Ending Nightmare|p1b: Hawlucha|[zeffect]\n|-damage|p1b: Hawlucha|0 fnt\n|faint|p1b: Hawlucha\n|\n|upkeep\n|c|\u2606El Ryuk456|glhf\n|\n|t:|1701025465\n|switch|p1b: Minior|Minior, shiny|100\/100\n|-formechange|p1b: Minior|Minior-Meteor||[from] ability: Shields Down\n|turn|2\n|\n|t:|1701025479\n|move|p1a: Comfey|Giga Drain|p2a: Ogerpon\n|-supereffective|p2a: Ogerpon\n|-damage|p2a: Ogerpon|5\/100\n|move|p2a: Ogerpon|Horn Leech|p1a: Comfey\n|-damage|p1a: Comfey|41\/100\n|-heal|p2a: Ogerpon|24\/100|[from] drain|[of] p1a: Comfey\n|move|p1b: Minior|Shell Smash|p1b: Minior\n|-unboost|p1b: Minior|def|1\n|-unboost|p1b: Minior|spd|1\n|-boost|p1b: Minior|atk|2\n|-boost|p1b: Minior|spa|2\n|-boost|p1b: Minior|spe|2\n|-enditem|p1b: Minior|White Herb\n|-clearnegativeboost|p1b: Minior|[silent]\n|move|p2b: Aegislash|Gyro Ball|p1b: Minior\n|-supereffective|p1b: Minior\n|-damage|p1b: Minior|0 fnt\n|faint|p1b: Minior\n|\n|upkeep\n|\n|t:|1701025496\n|switch|p1b: Farigiraf|Farigiraf, F|100\/100\n|turn|3\n|\n|t:|1701025514\n|switch|p1b: Ogerpon|Ogerpon-Wellspring, F|100\/100\n|-terastallize|p1a: Comfey|Fairy\n|move|p1a: Comfey|Draining Kiss|p2a: Ogerpon\n|-damage|p2a: Ogerpon|9\/100\n|-heal|p1a: Comfey|64\/100|[from] drain|[of] p2a: Ogerpon\n|move|p2a: Ogerpon|Horn Leech|p1a: Comfey\n|-damage|p1a: Comfey|3\/100\n|-heal|p2a: Ogerpon|29\/100|[from] drain|[of] p1a: Comfey\n|move|p2b: Aegislash|Gyro Ball|p1a: Comfey\n|-supereffective|p1a: Comfey\n|-damage|p1a: Comfey|0 fnt\n|faint|p1a: Comfey\n|\n|upkeep\n|\n|t:|1701025518\n|switch|p1a: Moltres|Moltres-Galar|100\/100\n|turn|4\n|\n|t:|1701025537\n|move|p1b: Ogerpon|Horn Leech|p2a: Ogerpon\n|-supereffective|p2a: Ogerpon\n|-damage|p2a: Ogerpon|0 fnt\n|faint|p2a: Ogerpon\n|move|p1a: Moltres|Fiery Wrath|p2b: Aegislash\n|-supereffective|p2b: Aegislash\n|-damage|p2b: Aegislash|0 fnt\n|faint|p2b: Aegislash\n|\n|upkeep\n|\n|t:|1701025552\n|switch|p2a: Tapu Fini|Tapu Fini, shiny|100\/100\n|switch|p2b: Dragonite|Dragonite, F|100\/100\n|-fieldstart|move: Misty Terrain|[from] ability: Misty Surge|[of] p2a: Tapu Fini\n|turn|5\n|\n|t:|1701025561\n|move|p1b: Ogerpon|Horn Leech|p2a: Tapu Fini\n|-supereffective|p2a: Tapu Fini\n|-damage|p2a: Tapu Fini|17\/100\n|move|p1a: Moltres|Fiery Wrath|p2a: Tapu Fini|[spread] p2a,p2b\n|-resisted|p2a: Tapu Fini\n|-crit|p2a: Tapu Fini\n|-damage|p2a: Tapu Fini|1\/100\n|-damage|p2b: Dragonite|73\/100\n|move|p2a: Tapu Fini|Icy Wind|p1a: Moltres|[spread] p1a,p1b\n|-supereffective|p1a: Moltres\n|-damage|p1a: Moltres|81\/100\n|-damage|p1b: Ogerpon|88\/100\n|-unboost|p1a: Moltres|spe|1\n|-unboost|p1b: Ogerpon|spe|1\n|-enditem|p1a: Moltres|Weakness Policy\n|-boost|p1a: Moltres|atk|2|[from] item: Weakness Policy\n|-boost|p1a: Moltres|spa|2|[from] item: Weakness Policy\n|move|p2b: Dragonite|Aerial Ace|p1b: Ogerpon\n|-supereffective|p1b: Ogerpon\n|-damage|p1b: Ogerpon|0 fnt\n|faint|p1b: Ogerpon\n|\n|-heal|p2a: Tapu Fini|7\/100|[from] item: Leftovers\n|upkeep\n|\n|t:|1701025574\n|switch|p1b: Farigiraf|Farigiraf, F|100\/100\n|turn|6\n|\n|t:|1701025592\n|move|p2a: Tapu Fini|Muddy Water|p1a: Moltres|[spread] p1a,p1b\n|-damage|p1a: Moltres|58\/100\n|-damage|p1b: Farigiraf|81\/100\n|-unboost|p1a: Moltres|accuracy|1\n|move|p2b: Dragonite|Aerial Ace|p1b: Farigiraf\n|-damage|p1b: Farigiraf|25\/100\n|move|p1a: Moltres|Fiery Wrath|p2a: Tapu Fini|[spread] p2b\n|-miss|p1a: Moltres|p2a: Tapu Fini\n|-damage|p2b: Dragonite|14\/100\n|move|p1b: Farigiraf|Trick Room|p1b: Farigiraf\n|-fieldstart|move: Trick Room|[of] p1b: Farigiraf\n|\n|-heal|p1b: Farigiraf|31\/100|[from] item: Leftovers\n|-heal|p2a: Tapu Fini|13\/100|[from] item: Leftovers\n|upkeep\n|turn|7\n|\n|t:|1701025610\n|move|p1b: Farigiraf|Dazzling Gleam|p2a: Tapu Fini|[spread] p2a,p2b\n|-supereffective|p2b: Dragonite\n|-crit|p2b: Dragonite\n|-damage|p2a: Tapu Fini|3\/100\n|-damage|p2b: Dragonite|0 fnt\n|faint|p2b: Dragonite\n|move|p1a: Moltres|Fiery Wrath|p2a: Tapu Fini\n|-resisted|p2a: Tapu Fini\n|-damage|p2a: Tapu Fini|0 fnt\n|faint|p2a: Tapu Fini\n|\n|-heal|p1b: Farigiraf|37\/100|[from] item: Leftovers\n|upkeep\n|\n|t:|1701025617\n|switch|p2b: Marowak|Marowak, F|100\/100\n|switch|p2a: Urshifu|Urshifu-Rapid-Strike, F|100\/100\n|turn|8\n|\n|t:|1701025624\n|move|p2b: Marowak|Rock Slide|p1b: Farigiraf|[spread] p1a,p1b\n|-supereffective|p1a: Moltres\n|-crit|p1a: Moltres\n|-damage|p1a: Moltres|0 fnt\n|-damage|p1b: Farigiraf|7\/100\n|faint|p1a: Moltres\n|move|p1b: Farigiraf|Dazzling Gleam|p2b: Marowak|[spread] p2a,p2b\n|-supereffective|p2a: Urshifu\n|-damage|p2a: Urshifu|72\/100\n|-damage|p2b: Marowak|81\/100\n|move|p2a: Urshifu|Surging Strikes|p1b: Farigiraf\n|-crit|p1b: Farigiraf\n|-damage|p1b: Farigiraf|0 fnt\n|faint|p1b: Farigiraf\n|-hitcount|p1: Farigiraf|1\n|\n|win|El Ryuk456\n|raw|LegitBacon's rating: 1120 &rarr; <strong>1110<\/strong><br \/>(-10 for losing)\n|raw|El Ryuk456's rating: 1366 &rarr; <strong>1374<\/strong><br \/>(+8 for winning)\n|c|\u2606LegitBacon|GG\n|c|\u2606El Ryuk456|gg\n|l|\u2606LegitBacon\n","uploadtime":1701025639,"views":1,"p1id":"legitbacon","p2id":"elryuk456","formatid":"gen9nationaldexdoubles","rating":1110,"private":0,"password":""}