{"id":"gen9nationaldexdoubles-1987053728","p1":"Tombstone Ghost","p2":"AmyGay","format":"[Gen 9] National Dex Doubles","log":"|j|\u2606Tombstone Ghost\n|j|\u2606AmyGay\n|t:|1699552295\n|gametype|doubles\n|player|p1|Tombstone Ghost|brycenman|1168\n|player|p2|AmyGay|bellelba|1088\n|teamsize|p1|6\n|teamsize|p2|6\n|gen|9\n|tier|[Gen 9] National Dex Doubles\n|rated|\n|rule|HP Percentage Mod: HP is shown in percentages\n|rule|Endless Battle Clause: Forcing endless battles is banned\n|rule|OHKO Clause: OHKO moves are banned\n|rule|Evasion Moves Clause: Evasion moves are banned\n|rule|Evasion Abilities Clause: Evasion abilities are banned\n|rule|Species Clause: Limit one of each Pok\u00e9mon\n|rule|Gravity Sleep Clause: The combination of sleep-inducing moves with imperfect accuracy and Gravity or Gigantamax Orbeetle are banned\n|clearpoke\n|poke|p1|Espathra, M|\n|poke|p1|Electrode-Hisui|\n|poke|p1|Chi-Yu|\n|poke|p1|Gliscor, M|\n|poke|p1|Whimsicott, M|\n|poke|p1|Florges, F|\n|poke|p2|Charizard, F|\n|poke|p2|Rillaboom, M|\n|poke|p2|Ogerpon-Wellspring, F|\n|poke|p2|Kommo-o, F|\n|poke|p2|Sinistcha-Masterpiece|\n|poke|p2|Flutter Mane|\n|teampreview\n|inactive|Battle timer is ON: inactive players will automatically lose when time's up. (requested by AmyGay)\n|\n|t:|1699552306\n|start\n|switch|p1a: Loki|Whimsicott, M, shiny|100\/100\n|switch|p1b: Crash|Espathra, M|100\/100\n|switch|p2a: Charizard|Charizard, F|100\/100\n|switch|p2b: Rillaboom|Rillaboom, M|100\/100\n|-fieldstart|move: Grassy Terrain|[from] ability: Grassy Surge|[of] p2b: Rillaboom\n|turn|1\n|inactive|Tombstone Ghost has 120 seconds left.\n|\n|t:|1699552336\n|detailschange|p2a: Charizard|Charizard-Mega-Y, F\n|-mega|p2a: Charizard|Charizard|Charizardite Y\n|-weather|SunnyDay|[from] ability: Drought|[of] p2a: Charizard\n|move|p2b: Rillaboom|Fake Out|p1b: Crash\n|-damage|p1b: Crash|81\/100\n|move|p1a: Loki|Tailwind|p1a: Loki\n|-sidestart|p1: Tombstone Ghost|move: Tailwind\n|move|p1b: Crash|Calm Mind|p1b: Crash\n|-boost|p1b: Crash|spa|1\n|-boost|p1b: Crash|spd|1\n|move|p2a: Charizard|Heat Wave|p1b: Crash|[spread] p1a,p1b\n|-supereffective|p1a: Loki\n|-damage|p1a: Loki|0 fnt\n|-damage|p1b: Crash|17\/100\n|faint|p1a: Loki\n|\n|-weather|SunnyDay|[upkeep]\n|-heal|p1b: Crash|23\/100|[from] Grassy Terrain\n|-ability|p1b: Crash|Speed Boost|boost\n|-boost|p1b: Crash|spe|1\n|upkeep\n|inactive|Tombstone Ghost has 120 seconds left.\n|inactive|Tombstone Ghost has 90 seconds left.\n|\n|t:|1699552375\n|switch|p1a: Powerball|Electrode-Hisui, shiny|100\/100\n|turn|2\n|\n|t:|1699552386\n|move|p1b: Crash|Protect|p1b: Crash\n|-singleturn|p1b: Crash|Protect\n|move|p2b: Rillaboom|Grassy Glide|p1b: Crash\n|-activate|p1b: Crash|move: Protect\n|move|p1a: Powerball|Discharge|p2a: Charizard|[spread] p2a,p2b\n|-activate|p1b: Crash|move: Protect\n|-supereffective|p2a: Charizard\n|-resisted|p2b: Rillaboom\n|-damage|p2a: Charizard|38\/100\n|-damage|p2b: Rillaboom|86\/100\n|-status|p2a: Charizard|par\n|-damage|p1a: Powerball|91\/100|[from] item: Life Orb\n|move|p2a: Charizard|Heat Wave|p1b: Crash|[spread] p1a\n|-activate|p1b: Crash|move: Protect\n|-supereffective|p1a: Powerball\n|-damage|p1a: Powerball|0 fnt\n|faint|p1a: Powerball\n|\n|-weather|SunnyDay|[upkeep]\n|-heal|p1b: Crash|29\/100|[from] Grassy Terrain\n|-heal|p2b: Rillaboom|92\/100|[from] Grassy Terrain\n|-ability|p1b: Crash|Speed Boost|boost\n|-boost|p1b: Crash|spe|1\n|upkeep\n|inactive|Tombstone Ghost has 90 seconds left.\n|\n|t:|1699552418\n|switch|p1a: Guppie|Chi-Yu|100\/100\n|-ability|p1a: Guppie|Beads of Ruin\n|turn|3\n|inactive|Tombstone Ghost has 90 seconds left.\n|\n|t:|1699552443\n|switch|p2b: Flutter Mane|Flutter Mane|100\/100\n|-activate|p2b: Flutter Mane|ability: Protosynthesis\n|-start|p2b: Flutter Mane|protosynthesisspe\n|move|p1b: Crash|Protect||[still]\n|-fail|p1b: Crash\n|move|p1a: Guppie|Heat Wave|p2a: Charizard|[spread] p2a,p2b\n|-resisted|p2a: Charizard\n|-damage|p2a: Charizard|0 fnt\n|-damage|p2b: Flutter Mane|22\/100\n|-status|p2b: Flutter Mane|brn\n|-enditem|p2b: Flutter Mane|Sitrus Berry|[eat]\n|-heal|p2b: Flutter Mane|47\/100 brn|[from] item: Sitrus Berry\n|faint|p2a: Charizard\n|-damage|p1a: Guppie|91\/100|[from] item: Life Orb\n|\n|-weather|SunnyDay|[upkeep]\n|-heal|p1b: Crash|35\/100|[from] Grassy Terrain\n|-heal|p1a: Guppie|97\/100|[from] Grassy Terrain\n|-heal|p2b: Flutter Mane|53\/100 brn|[from] Grassy Terrain\n|-damage|p2b: Flutter Mane|47\/100 brn|[from] brn\n|-ability|p1b: Crash|Speed Boost|boost\n|-boost|p1b: Crash|spe|1\n|upkeep\n|inactive|AmyGay has 120 seconds left.\n|\n|t:|1699552472\n|switch|p2a: Ogerpon|Ogerpon-Wellspring, F|100\/100\n|turn|4\n|\n|t:|1699552498\n|-terastallize|p2a: Ogerpon|Water\n|detailschange|p2a: Ogerpon|Ogerpon-Wellspring-Tera, F, tera:Water\n|-ability|p2a: Ogerpon|Embody Aspect (Wellspring)|boost\n|-boost|p2a: Ogerpon|spd|1\n|move|p1b: Crash|Stored Power|p2a: Ogerpon\n|-damage|p2a: Ogerpon|26\/100\n|move|p1a: Guppie|Psychic|p2b: Flutter Mane\n|-damage|p2b: Flutter Mane|3\/100 brn\n|-damage|p1a: Guppie|87\/100|[from] item: Life Orb\n|move|p2b: Flutter Mane|Moonblast|p1a: Guppie\n|-damage|p1a: Guppie|32\/100\n|-unboost|p1a: Guppie|spa|1\n|move|p2a: Ogerpon|Ivy Cudgel|p1a: Guppie\n|-supereffective|p1a: Guppie\n|-crit|p1a: Guppie\n|-damage|p1a: Guppie|0 fnt\n|faint|p1a: Guppie\n|\n|-weather|SunnyDay|[upkeep]\n|-heal|p1b: Crash|41\/100|[from] Grassy Terrain\n|-heal|p2b: Flutter Mane|9\/100 brn|[from] Grassy Terrain\n|-heal|p2a: Ogerpon|32\/100|[from] Grassy Terrain\n|-damage|p2b: Flutter Mane|3\/100 brn|[from] brn\n|-sideend|p1: Tombstone Ghost|move: Tailwind\n|-ability|p1b: Crash|Speed Boost|boost\n|-boost|p1b: Crash|spe|1\n|upkeep\n|inactive|Tombstone Ghost has 90 seconds left.\n|\n|t:|1699552531\n|switch|p1a: Grim|Florges, F, shiny|100\/100\n|turn|5\n|inactive|Tombstone Ghost has 90 seconds left.\n|\n|t:|1699552552\n|move|p2a: Ogerpon|Follow Me|p2a: Ogerpon\n|-singleturn|p2a: Ogerpon|move: Follow Me\n|move|p1b: Crash|Stored Power|p2a: Ogerpon\n|-damage|p2a: Ogerpon|0 fnt\n|faint|p2a: Ogerpon\n|move|p2b: Flutter Mane|Shadow Ball|p1b: Crash\n|-supereffective|p1b: Crash\n|-damage|p1b: Crash|0 fnt\n|faint|p1b: Crash\n|move|p1a: Grim|Pollen Puff|p1: Crash|[notarget]\n|-fail|p1a: Grim\n|\n|-weather|none\n|-end|p2b: Flutter Mane|Protosynthesis\n|-heal|p2b: Flutter Mane|9\/100 brn|[from] Grassy Terrain\n|-damage|p2b: Flutter Mane|3\/100 brn|[from] brn\n|-fieldend|move: Grassy Terrain\n|upkeep\n|inactive|Tombstone Ghost has 90 seconds left.\n|-message|Tombstone Ghost forfeited.\n|\n|win|AmyGay\n|raw|Tombstone Ghost's rating: 1168 &rarr; <strong>1137<\/strong><br \/>(-31 for losing)\n|raw|AmyGay's rating: 1088 &rarr; <strong>1121<\/strong><br \/>(+33 for winning)\n|l|\u2606Tombstone Ghost\n|c|\u2606AmyGay|gg\n","uploadtime":1699552594,"views":7,"p1id":"tombstoneghost","p2id":"amygay","formatid":"gen9nationaldexdoubles","rating":1121,"private":0,"password":""}