{"id":"gen9nationaldexdoubles-1965966729","p1":"snail_chips","p2":"AdvancedDigit","format":"[Gen 9] National Dex Doubles","log":"|j|\u2606snail_chips\n|j|\u2606AdvancedDigit\n|t:|1697133732\n|gametype|doubles\n|player|p1|snail_chips|ruinmaniac|1129\n|player|p2|AdvancedDigit|169|1154\n|teamsize|p1|6\n|teamsize|p2|6\n|gen|9\n|tier|[Gen 9] National Dex Doubles\n|rated|\n|rule|HP Percentage Mod: HP is shown in percentages\n|rule|Endless Battle Clause: Forcing endless battles is banned\n|rule|OHKO Clause: OHKO moves are banned\n|rule|Evasion Moves Clause: Evasion moves are banned\n|rule|Evasion Abilities Clause: Evasion abilities are banned\n|rule|Species Clause: Limit one of each Pok\u00e9mon\n|rule|Gravity Sleep Clause: The combination of sleep-inducing moves with imperfect accuracy and Gravity or Gigantamax Orbeetle are banned\n|clearpoke\n|poke|p1|Primeape, F|\n|poke|p1|Honchkrow, F|\n|poke|p1|Indeedee-F, F|\n|poke|p1|Abomasnow, M|\n|poke|p1|Cetitan, F|\n|poke|p1|Politoed, F|\n|poke|p2|Terrakion|\n|poke|p2|Regieleki|\n|poke|p2|Typhlosion-Hisui, M|\n|poke|p2|Heatran, M|\n|poke|p2|Flutter Mane|\n|poke|p2|Mew|\n|teampreview\n|\n|t:|1697133748\n|start\n|switch|p1a: Primeape|Primeape, F|100\/100\n|switch|p1b: Honchkrow|Honchkrow, F|100\/100\n|switch|p2a: Terrakion|Terrakion|100\/100\n|switch|p2b: Mew|Mew|100\/100\n|turn|1\n|\n|t:|1697133769\n|-terastallize|p1a: Primeape|Dark\n|move|p2a: Terrakion|Protect|p2a: Terrakion\n|-singleturn|p2a: Terrakion|Protect\n|move|p2b: Mew|Tailwind|p2b: Mew\n|-sidestart|p2: AdvancedDigit|move: Tailwind\n|move|p1a: Primeape|Night Slash|p2b: Mew\n|-supereffective|p2b: Mew\n|-damage|p2b: Mew|46\/100\n|move|p1b: Honchkrow|Night Slash|p1a: Primeape\n|-resisted|p1a: Primeape\n|-crit|p1a: Primeape\n|-damage|p1a: Primeape|76\/100\n|-setboost|p1a: Primeape|atk|6|[from] ability: Anger Point\n|\n|-heal|p2b: Mew|52\/100|[from] item: Leftovers\n|upkeep\n|turn|2\n|\n|t:|1697133792\n|-terastallize|p2a: Terrakion|Psychic\n|move|p2b: Mew|Brutal Swing|p1a: Primeape|[spread] p2a,p1a,p1b\n|-supereffective|p2a: Terrakion\n|-resisted|p1a: Primeape\n|-resisted|p1b: Honchkrow\n|-damage|p2a: Terrakion|82\/100\n|-damage|p1a: Primeape|71\/100\n|-damage|p1b: Honchkrow|94\/100\n|-ability|p2a: Terrakion|Justified|boost\n|-boost|p2a: Terrakion|atk|1\n|-enditem|p2a: Terrakion|Weakness Policy\n|-boost|p2a: Terrakion|atk|2|[from] item: Weakness Policy\n|-boost|p2a: Terrakion|spa|2|[from] item: Weakness Policy\n|move|p2a: Terrakion|Earthquake|p1b: Honchkrow|[spread] p2b,p1a\n|-immune|p1b: Honchkrow\n|-damage|p2b: Mew|0 fnt\n|-damage|p1a: Primeape|0 fnt\n|faint|p2b: Mew\n|faint|p1a: Primeape\n|move|p1b: Honchkrow|Tailwind|p1b: Honchkrow\n|-sidestart|p1: snail_chips|move: Tailwind\n|\n|upkeep\n|\n|t:|1697133819\n|switch|p2b: Regieleki|Regieleki|100\/100\n|switch|p1a: Abomasnow|Abomasnow, M|100\/100\n|-weather|Snow|[from] ability: Snow Warning|[of] p1a: Abomasnow\n|turn|3\n|\n|t:|1697133835\n|move|p2b: Regieleki|Electro Ball|p1b: Honchkrow\n|-supereffective|p1b: Honchkrow\n|-damage|p1b: Honchkrow|0 fnt\n|faint|p1b: Honchkrow\n|move|p2a: Terrakion|Rock Slide|p1a: Abomasnow\n|-supereffective|p1a: Abomasnow\n|-damage|p1a: Abomasnow|0 fnt\n|faint|p1a: Abomasnow\n|\n|-weather|Snow|[upkeep]\n|upkeep\n|\n|t:|1697133845\n|switch|p1b: Indeedee|Indeedee-F, F|100\/100\n|switch|p1a: Cetitan|Cetitan, F|100\/100\n|-fieldstart|move: Psychic Terrain|[from] ability: Psychic Surge|[of] p1b: Indeedee\n|turn|4\n|\n|t:|1697133870\n|move|p2b: Regieleki|Electro Ball|p1b: Indeedee\n|-damage|p1b: Indeedee|56\/100\n|move|p1a: Cetitan|Knock Off|p2a: Terrakion\n|-supereffective|p2a: Terrakion\n|-damage|p2a: Terrakion|38\/100\n|-ability|p2a: Terrakion|Justified|boost\n|-boost|p2a: Terrakion|atk|1\n|move|p2a: Terrakion|Rock Slide|p1b: Indeedee|[spread] p1a,p1b\n|-supereffective|p1a: Cetitan\n|-damage|p1a: Cetitan|0 fnt\n|-damage|p1b: Indeedee|0 fnt\n|faint|p1a: Cetitan\n|faint|p1b: Indeedee\n|\n|-weather|Snow|[upkeep]\n|-sideend|p2: AdvancedDigit|move: Tailwind\n|upkeep\n|c|\u2606AdvancedDigit|gg?\n|\n|t:|1697133884\n|switch|p1a: Politoed|Politoed, F|100\/100\n|turn|5\n|c|\u2606snail_chips|gg\n|\n|t:|1697133893\n|move|p2b: Regieleki|Electro Ball|p1a: Politoed\n|-supereffective|p1a: Politoed\n|-damage|p1a: Politoed|28\/100\n|move|p1a: Politoed|Ice Beam|p2b: Regieleki\n|-damage|p2b: Regieleki|49\/100\n|move|p2a: Terrakion|Close Combat|p1a: Politoed\n|-damage|p1a: Politoed|0 fnt\n|-unboost|p2a: Terrakion|def|1\n|-unboost|p2a: Terrakion|spd|1\n|faint|p1a: Politoed\n|\n|win|AdvancedDigit\n|raw|snail_chips's rating: 1129 &rarr; <strong>1106<\/strong><br \/>(-23 for losing)\n|raw|AdvancedDigit's rating: 1154 &rarr; <strong>1177<\/strong><br \/>(+23 for winning)\n|l|\u2606snail_chips\n","uploadtime":1697133900,"views":9,"p1id":"snailchips","p2id":"advanceddigit","formatid":"gen9nationaldexdoubles","rating":1106,"private":0,"password":""}