{"id":"gen9nationaldexdoubles-1959606219","p1":"trainerredtheog_17","p2":"ButterDeButtery","format":"[Gen 9] National Dex Doubles","log":"|j|\u2606trainerredtheog_17\n|j|\u2606ButterDeButtery\n|t:|1696440839\n|gametype|doubles\n|player|p1|trainerredtheog_17|fisherman-gen4|1386\n|player|p2|ButterDeButtery|waitress|1302\n|teamsize|p1|6\n|teamsize|p2|6\n|gen|9\n|tier|[Gen 9] National Dex Doubles\n|rated|\n|rule|HP Percentage Mod: HP is shown in percentages\n|rule|Endless Battle Clause: Forcing endless battles is banned\n|rule|OHKO Clause: OHKO moves are banned\n|rule|Evasion Moves Clause: Evasion moves are banned\n|rule|Evasion Abilities Clause: Evasion abilities are banned\n|rule|Species Clause: Limit one of each Pok\u00e9mon\n|rule|Gravity Sleep Clause: The combination of sleep-inducing moves with imperfect accuracy and Gravity or Gigantamax Orbeetle are banned\n|clearpoke\n|poke|p1|Espeon, F|\n|poke|p1|Indeedee-F, F|\n|poke|p1|Ninetales, F|\n|poke|p1|Leafeon, F|\n|poke|p1|Ursaluna-Bloodmoon, M|\n|poke|p1|Umbreon, F|\n|poke|p2|Cyclizar, M|\n|poke|p2|Sneasler, M|\n|poke|p2|Dragonite, F|\n|poke|p2|Chesnaught, F|\n|poke|p2|Goodra-Hisui, F|\n|poke|p2|Murkrow, M|\n|teampreview\n|\n|t:|1696440854\n|start\n|switch|p1a: Indeedee|Indeedee-F, F|100\/100\n|switch|p1b: Ursaluna|Ursaluna-Bloodmoon, M|100\/100\n|switch|p2a: Dragonite|Dragonite, F|100\/100\n|switch|p2b: Cyclizar|Cyclizar, M|100\/100\n|-fieldstart|move: Psychic Terrain|[from] ability: Psychic Surge|[of] p1a: Indeedee\n|turn|1\n|inactive|Battle timer is ON: inactive players will automatically lose when time's up. (requested by trainerredtheog_17)\n|\n|t:|1696440880\n|-terastallize|p1b: Ursaluna|Normal\n|move|p2b: Cyclizar|Shed Tail|p2b: Cyclizar\n|-start|p2b: Cyclizar|Substitute|[from] move: Shed Tail\n|-damage|p2b: Cyclizar|50\/100\n|-enditem|p2b: Cyclizar|Sitrus Berry|[eat]\n|-heal|p2b: Cyclizar|75\/100|[from] item: Sitrus Berry\n|\n|t:|1696440888\n|switch|p2b: Goodra|Goodra-Hisui, F|100\/100|[from] Shed Tail\n|move|p1b: Ursaluna|Blood Moon|p2a: Dragonite\n|-damage|p2a: Dragonite|56\/100\n|move|p2a: Dragonite|Dragon Tail|p1a: Indeedee\n|-damage|p1a: Indeedee|58\/100\n|drag|p1a: Espeon|Espeon, F|100\/100\n|\n|-heal|p2a: Dragonite|62\/100|[from] item: Leftovers\n|upkeep\n|turn|2\n|inactive|trainerredtheog_17 has 120 seconds left.\n|\n|t:|1696440920\n|switch|p1b: Indeedee|Indeedee-F, F|58\/100\n|move|p1a: Espeon|Draining Kiss|p2a: Dragonite\n|-supereffective|p2a: Dragonite\n|-damage|p2a: Dragonite|31\/100\n|move|p2a: Dragonite|Roost|p2a: Dragonite\n|-heal|p2a: Dragonite|81\/100\n|-singleturn|p2a: Dragonite|move: Roost\n|move|p2b: Goodra|Dragon Pulse|p1b: Indeedee\n|-damage|p1b: Indeedee|18\/100\n|\n|-heal|p2a: Dragonite|88\/100|[from] item: Leftovers\n|upkeep\n|turn|3\n|\n|t:|1696440939\n|move|p1a: Espeon|Expanding Force|p2a: Dragonite|[spread] p2a,p2b\n|-resisted|p2b: Goodra\n|-activate|p2b: Goodra|move: Substitute|[damage]\n|-damage|p2a: Dragonite|31\/100\n|move|p2a: Dragonite|Rock Slide|p1a: Espeon|[spread] p1a,p1b\n|-damage|p1a: Espeon|62\/100\n|-damage|p1b: Indeedee|0 fnt\n|faint|p1b: Indeedee\n|move|p2b: Goodra|Dragon Pulse|p1a: Espeon\n|-damage|p1a: Espeon|9\/100\n|\n|-heal|p2a: Dragonite|37\/100|[from] item: Leftovers\n|upkeep\n|inactive|trainerredtheog_17 has 120 seconds left.\n|\n|t:|1696440962\n|switch|p1b: Ursaluna|Ursaluna-Bloodmoon, M, tera:Normal|100\/100\n|turn|4\n|\n|t:|1696440974\n|move|p1a: Espeon|Expanding Force|p2a: Dragonite|[spread] p2a,p2b\n|-resisted|p2b: Goodra\n|-end|p2b: Goodra|Substitute\n|-damage|p2a: Dragonite|0 fnt\n|faint|p2a: Dragonite\n|move|p2b: Goodra|Dragon Pulse|p1b: Ursaluna\n|-damage|p1b: Ursaluna|70\/100\n|move|p1b: Ursaluna|Moonblast|p2b: Goodra\n|-damage|p2b: Goodra|84\/100\n|\n|upkeep\n|\n|t:|1696440988\n|switch|p2a: Cyclizar|Cyclizar, M|100\/100\n|turn|5\n|\n|t:|1696441000\n|move|p2a: Cyclizar|Shed Tail|p2a: Cyclizar\n|-start|p2a: Cyclizar|Substitute|[from] move: Shed Tail\n|-damage|p2a: Cyclizar|50\/100\n|\n|t:|1696441006\n|switch|p2a: Chesnaught|Chesnaught, F|100\/100|[from] Shed Tail\n|move|p1a: Espeon|Expanding Force|p2b: Goodra|[spread] p2a,p2b\n|-supereffective|p2a: Chesnaught\n|-end|p2a: Chesnaught|Substitute\n|-resisted|p2b: Goodra\n|-damage|p2b: Goodra|71\/100\n|move|p2b: Goodra|Dragon Pulse|p1b: Ursaluna\n|-crit|p1b: Ursaluna\n|-damage|p1b: Ursaluna|21\/100\n|move|p1b: Ursaluna|Earth Power|p2b: Goodra\n|-supereffective|p2b: Goodra\n|-damage|p2b: Goodra|24\/100\n|\n|-fieldend|move: Psychic Terrain\n|upkeep\n|turn|6\n|\n|t:|1696441033\n|move|p1a: Espeon|Expanding Force|p2a: Chesnaught\n|-supereffective|p2a: Chesnaught\n|-damage|p2a: Chesnaught|7\/100\n|move|p2a: Chesnaught|Rock Slide|p1a: Espeon|[spread] p1a,p1b\n|-damage|p1a: Espeon|0 fnt\n|-damage|p1b: Ursaluna|13\/100\n|faint|p1a: Espeon\n|move|p2b: Goodra|Dragon Pulse|p1b: Ursaluna\n|-damage|p1b: Ursaluna|0 fnt\n|faint|p1b: Ursaluna\n|\n|-heal|p2a: Chesnaught|13\/100|[from] item: Leftovers\n|upkeep\n|inactive|trainerredtheog_17 has 120 seconds left.\n|\n|t:|1696441048\n|switch|p1a: Ninetales|Ninetales, F|100\/100\n|switch|p1b: Leafeon|Leafeon, F|100\/100\n|-weather|SunnyDay|[from] ability: Drought|[of] p1a: Ninetales\n|turn|7\n|\n|t:|1696441071\n|move|p2a: Chesnaught|Wide Guard|p2a: Chesnaught\n|-singleturn|p2a: Chesnaught|Wide Guard\n|move|p1b: Leafeon|Solar Blade||[still]\n|-prepare|p1b: Leafeon|Solar Blade\n|-anim|p1b: Leafeon|Solar Blade|p2a: Chesnaught\n|-resisted|p2a: Chesnaught\n|-damage|p2a: Chesnaught|0 fnt\n|faint|p2a: Chesnaught\n|move|p1a: Ninetales|Flamethrower|p2b: Goodra\n|-damage|p2b: Goodra|0 fnt\n|faint|p2b: Goodra\n|\n|-weather|SunnyDay|[upkeep]\n|upkeep\n|\n|t:|1696441090\n|switch|p2a: Murkrow|Murkrow, M|100\/100\n|switch|p2b: Sneasler|Sneasler, M|100\/100\n|turn|8\n|\n|t:|1696441103\n|move|p2b: Sneasler|Fake Out|p1a: Ninetales\n|-damage|p1a: Ninetales|76\/100\n|move|p1b: Leafeon|Solar Blade||[still]\n|-prepare|p1b: Leafeon|Solar Blade\n|-anim|p1b: Leafeon|Solar Blade|p2b: Sneasler\n|-resisted|p2b: Sneasler\n|-damage|p2b: Sneasler|12\/100\n|cant|p1a: Ninetales|flinch\n|move|p2a: Murkrow|U-turn|p1b: Leafeon\n|-supereffective|p1b: Leafeon\n|-damage|p1b: Leafeon|74\/100\n|\n|t:|1696441113\n|switch|p2a: Cyclizar|Cyclizar, M|84\/100|[from] U-turn\n|\n|-weather|SunnyDay|[upkeep]\n|upkeep\n|turn|9\n|\n|t:|1696441123\n|move|p1b: Leafeon|Solar Blade||[still]\n|-prepare|p1b: Leafeon|Solar Blade\n|-anim|p1b: Leafeon|Solar Blade|p2b: Sneasler\n|-resisted|p2b: Sneasler\n|-damage|p2b: Sneasler|0 fnt\n|faint|p2b: Sneasler\n|move|p2a: Cyclizar|Knock Off|p1b: Leafeon\n|-damage|p1b: Leafeon|56\/100\n|-enditem|p1b: Leafeon|Choice Band|[from] move: Knock Off|[of] p2a: Cyclizar\n|move|p1a: Ninetales|Flamethrower|p2a: Cyclizar\n|-resisted|p2a: Cyclizar\n|-damage|p2a: Cyclizar|25\/100\n|\n|-weather|SunnyDay|[upkeep]\n|upkeep\n|\n|t:|1696441126\n|switch|p2b: Murkrow|Murkrow, M|100\/100\n|turn|10\n|\n|t:|1696441147\n|move|p1b: Leafeon|Double Kick|p2a: Cyclizar\n|-supereffective|p2a: Cyclizar\n|-damage|p2a: Cyclizar|0 fnt\n|faint|p2a: Cyclizar\n|-hitcount|p2: Cyclizar|1\n|move|p1a: Ninetales|Flamethrower|p2b: Murkrow\n|-damage|p2b: Murkrow|30\/100\n|move|p2b: Murkrow|U-turn|p1b: Leafeon\n|-supereffective|p1b: Leafeon\n|-damage|p1b: Leafeon|33\/100\n|\n|-weather|SunnyDay|[upkeep]\n|upkeep\n|turn|11\n|\n|t:|1696441169\n|move|p1b: Leafeon|Double Kick|p2b: Murkrow\n|-damage|p2b: Murkrow|16\/100\n|-damage|p2b: Murkrow|0 fnt\n|faint|p2b: Murkrow\n|-hitcount|p2: Murkrow|2\n|\n|win|trainerredtheog_17\n|raw|trainerredtheog_17's rating: 1386 &rarr; <strong>1401<\/strong><br \/>(+15 for winning)\n|raw|ButterDeButtery's rating: 1302 &rarr; <strong>1287<\/strong><br \/>(-15 for losing)\n|l|\u2606ButterDeButtery\n","uploadtime":1696441193,"views":3,"p1id":"trainerredtheog17","p2id":"butterdebuttery","formatid":"gen9nationaldexdoubles","rating":1287,"private":0,"password":""}