{"id":"gen9nationaldexdoubles-1955148292","p1":"The Ice Age Master","p2":"Feetstreetmeatseat","format":"[Gen 9] National Dex Doubles","log":"|j|\u2606The Ice Age Master\n|j|\u2606Feetstreetmeatseat\n|t:|1695962481\n|gametype|doubles\n|player|p1|The Ice Age Master|silver|\n|player|p2|Feetstreetmeatseat|roughneck|\n|teamsize|p1|6\n|teamsize|p2|6\n|gen|9\n|tier|[Gen 9] National Dex Doubles\n|rule|HP Percentage Mod: HP is shown in percentages\n|rule|Endless Battle Clause: Forcing endless battles is banned\n|rule|OHKO Clause: OHKO moves are banned\n|rule|Evasion Moves Clause: Evasion moves are banned\n|rule|Evasion Abilities Clause: Evasion abilities are banned\n|rule|Species Clause: Limit one of each Pok\u00e9mon\n|rule|Gravity Sleep Clause: The combination of sleep-inducing moves with imperfect accuracy and Gravity or Gigantamax Orbeetle are banned\n|clearpoke\n|poke|p1|Swampert, F|\n|poke|p1|Volcanion|\n|poke|p1|Pelipper, F|\n|poke|p1|Cradily, M|\n|poke|p1|Walking Wake|\n|poke|p1|Lapras, F|\n|poke|p2|Politoed, M|\n|poke|p2|Toxicroak, F|\n|poke|p2|Heliolisk, F|\n|poke|p2|Swampert, F|\n|poke|p2|Pelipper, M|\n|poke|p2|Gastrodon, M|\n|teampreview\n|inactive|Battle timer is ON: inactive players will automatically lose when time's up. (requested by The Ice Age Master)\n|c|\u2606The Ice Age Master|Lol\n|c|\u2606Feetstreetmeatseat|omg rain team twinnn\n|c|\u2606Feetstreetmeatseat|did i do good last game?\n|\n|t:|1695962508\n|start\n|switch|p1a: Dodo Birb|Pelipper, F|100\/100\n|switch|p1b: Alicia|Lapras, F|100\/100\n|switch|p2a: Politoed|Politoed, M|100\/100\n|switch|p2b: Swampert|Swampert, F|100\/100\n|-weather|RainDance|[from] ability: Drizzle|[of] p2a: Politoed\n|turn|1\n|c|\u2606The Ice Age Master|If you need to ask, then you should question yourslef\n|\n|t:|1695962534\n|detailschange|p2b: Swampert|Swampert-Mega, F\n|-mega|p2b: Swampert|Swampert|Swampertite\n|move|p2b: Swampert|Bulk Up|p2b: Swampert\n|-boost|p2b: Swampert|atk|1\n|-boost|p2b: Swampert|def|1\n|move|p2a: Politoed|Encore||[still]\n|-fail|p2a: Politoed\n|move|p1b: Alicia|Freeze-Dry|p2b: Swampert\n|-supereffective|p2b: Swampert\n|-damage|p2b: Swampert|0 fnt\n|faint|p2b: Swampert\n|move|p1a: Dodo Birb|Tailwind|p1a: Dodo Birb\n|-sidestart|p1: The Ice Age Master|move: Tailwind\n|\n|-weather|RainDance|[upkeep]\n|upkeep\n|c|\u2606Feetstreetmeatseat|wtf idk\n|inactive|Feetstreetmeatseat has 270 seconds left.\n|\n|t:|1695962547\n|switch|p2b: Toxicroak|Toxicroak, F|100\/100\n|turn|2\n|c|\u2606The Ice Age Master|!dt Freeze Dry\n|raw|<ul class=\"utilichart\"><li class=\"result\"><span class=\"col movenamecol\"><a href=\"https:\/\/dex.pokemonshowdown.com\/moves\/freezedry\">Freeze-Dry<\/a><\/span> <span class=\"col typecol\"><img src=\"\/\/play.pokemonshowdown.com\/sprites\/types\/Ice.png\" alt=\"Ice\" width=\"32\" height=\"14\"><img src=\"\/\/play.pokemonshowdown.com\/sprites\/categories\/Special.png\" alt=\"Special\" width=\"32\" height=\"14\"><\/span> <span class=\"col labelcol\"><em>Power<\/em><br>70<\/span> <span class=\"col widelabelcol\"><em>Accuracy<\/em><br>100%<\/span> <span class=\"col pplabelcol\"><em>PP<\/em><br>32<\/span> <span class=\"col movedesccol\">10% chance to freeze. Super effective on Water.<\/span> <\/li><li style=\"clear:both\"><\/li><\/ul>\n|raw|<font size=\"1\"><font color=\"#686868\">Priority:<\/font> 0&nbsp;|&ThickSpace;<font color=\"#686868\">Gen:<\/font> 6&nbsp;|&ThickSpace;&#10003; Boosted by Sheer Force&nbsp;|&ThickSpace;<font color=\"#686868\">Z-Power:<\/font> 140&nbsp;|&ThickSpace;<font color=\"#686868\">Dynamax Power:<\/font> 120&nbsp;|&ThickSpace;<font color=\"#686868\">Target:<\/font> One Adjacent Pok\u00e9mon<\/font>\n\n|c|\u2606The Ice Age Master|Always superior\n|\n|t:|1695962575\n|move|p2a: Politoed|Protect|p2a: Politoed\n|-singleturn|p2a: Politoed|Protect\n|move|p1b: Alicia|Thunder|p2a: Politoed\n|-activate|p2a: Politoed|move: Protect\n|move|p2b: Toxicroak|Knock Off|p1b: Alicia\n|-damage|p1b: Alicia|72\/100\n|-enditem|p1b: Alicia|Leftovers|[from] move: Knock Off|[of] p2b: Toxicroak\n|move|p1a: Dodo Birb|Hurricane|p2b: Toxicroak\n|-supereffective|p2b: Toxicroak\n|-damage|p2b: Toxicroak|26\/100\n|\n|-weather|RainDance|[upkeep]\n|-heal|p2b: Toxicroak|38\/100|[from] ability: Dry Skin\n|upkeep\n|turn|3\n|c|\u2606Feetstreetmeatseat|girl why u so corny help\n|inactive|Feetstreetmeatseat has 270 seconds left.\n|\n|t:|1695962613\n|switch|p2a: Gastrodon|Gastrodon, M|100\/100\n|move|p1b: Alicia|Thunder|p2a: Gastrodon\n|-immune|p2a: Gastrodon\n|move|p2b: Toxicroak|Knock Off|p1a: Dodo Birb\n|-damage|p1a: Dodo Birb|71\/100\n|-enditem|p1a: Dodo Birb|Damp Rock|[from] move: Knock Off|[of] p2b: Toxicroak\n|move|p1a: Dodo Birb|Hurricane|p2b: Toxicroak\n|-supereffective|p2b: Toxicroak\n|-damage|p2b: Toxicroak|0 fnt\n|faint|p2b: Toxicroak\n|\n|-weather|RainDance|[upkeep]\n|upkeep\n|\n|t:|1695962628\n|switch|p2b: Heliolisk|Heliolisk, F|100\/100\n|turn|4\n|inactive|Feetstreetmeatseat has 270 seconds left.\n|\n|t:|1695962650\n|switch|p1a: Swammy|Swampert, F|100\/100\n|-terastallize|p2a: Gastrodon|Grass\n|move|p2b: Heliolisk|Discharge|p1a: Swammy|[spread] p2a,p1b\n|-immune|p1a: Swammy\n|-resisted|p2a: Gastrodon\n|-supereffective|p1b: Alicia\n|-damage|p2a: Gastrodon|83\/100\n|-damage|p1b: Alicia|14\/100\n|-status|p2a: Gastrodon|par\n|-damage|p2b: Heliolisk|91\/100|[from] item: Life Orb\n|move|p1b: Alicia|Freeze-Dry|p2a: Gastrodon\n|-supereffective|p2a: Gastrodon\n|-damage|p2a: Gastrodon|27\/100 par\n|cant|p2a: Gastrodon|par\n|\n|-weather|RainDance|[upkeep]\n|-heal|p2b: Heliolisk|100\/100|[from] ability: Dry Skin\n|-sideend|p1: The Ice Age Master|move: Tailwind\n|upkeep\n|turn|5\n|c|\u2606Feetstreetmeatseat|oh this is awkkk\n|inactive|Feetstreetmeatseat has 270 seconds left.\n|inactive|The Ice Age Master has 270 seconds left.\n|\n|t:|1695962685\n|switch|p1b: Dodo Birb|Pelipper, F|71\/100\n|detailschange|p1a: Swammy|Swampert-Mega, F\n|-mega|p1a: Swammy|Swampert|Swampertite\n|move|p1a: Swammy|Earthquake|p2b: Heliolisk|[spread] p2a,p2b\n|-immune|p1b: Dodo Birb\n|-resisted|p2a: Gastrodon\n|-supereffective|p2b: Heliolisk\n|-damage|p2a: Gastrodon|4\/100 par\n|-damage|p2b: Heliolisk|0 fnt\n|faint|p2b: Heliolisk\n|move|p2a: Gastrodon|Tera Blast|p1a: Swammy|[anim] Tera Blast Grass\n|-supereffective|p1a: Swammy\n|-damage|p1a: Swammy|0 fnt\n|faint|p1a: Swammy\n|\n|-weather|none\n|upkeep\n|inactive|Feetstreetmeatseat has 270 seconds left.\n|\n|t:|1695962700\n|switch|p2b: Politoed|Politoed, M|100\/100\n|switch|p1a: Sauna|Volcanion|100\/100\n|-weather|RainDance|[from] ability: Drizzle|[of] p2b: Politoed\n|turn|6\n|\n|t:|1695962715\n|move|p1a: Sauna|Scorching Sands|p2b: Politoed\n|-damage|p2b: Politoed|83\/100\n|-enditem|p2b: Politoed|Eject Button\n|\n|t:|1695962720\n|switch|p2b: Pelipper|Pelipper, M|100\/100\n|move|p1b: Dodo Birb|Tailwind|p1b: Dodo Birb\n|-sidestart|p1: The Ice Age Master|move: Tailwind\n|move|p2a: Gastrodon|Earth Power|p1a: Sauna\n|-supereffective|p1a: Sauna\n|-damage|p1a: Sauna|30\/100\n|\n|-weather|RainDance|[upkeep]\n|upkeep\n|turn|7\n|\n|t:|1695962736\n|switch|p1b: Craig's List|Cradily, M|100\/100\n|move|p1a: Sauna|Hidden Power|p2a: Gastrodon\n|-supereffective|p2a: Gastrodon\n|-damage|p2a: Gastrodon|0 fnt\n|faint|p2a: Gastrodon\n|move|p2b: Pelipper|Hurricane|p1a: Sauna\n|-damage|p1a: Sauna|0 fnt\n|faint|p1a: Sauna\n|\n|-weather|RainDance|[upkeep]\n|upkeep\n|\n|t:|1695962746\n|switch|p1a: Alicia|Lapras, F|14\/100\n|switch|p2a: Politoed|Politoed, M|83\/100\n|turn|8\n|\n|t:|1695962762\n|move|p1a: Alicia|Freeze-Dry|p2b: Pelipper\n|-supereffective|p2b: Pelipper\n|-damage|p2b: Pelipper|0 fnt\n|faint|p2b: Pelipper\n|move|p1b: Craig's List|Leech Seed|p2a: Politoed\n|-start|p2a: Politoed|move: Leech Seed\n|move|p2a: Politoed|Ice Beam|p1b: Craig's List\n|-supereffective|p1b: Craig's List\n|-damage|p1b: Craig's List|70\/100\n|\n|-weather|RainDance|[upkeep]\n|-heal|p1b: Craig's List|76\/100|[from] item: Leftovers\n|-damage|p2a: Politoed|71\/100|[from] Leech Seed|[of] p1b: Craig's List\n|-heal|p1b: Craig's List|88\/100|[silent]\n|upkeep\n|turn|9\n|c|\u2606Feetstreetmeatseat|gg\n|\n|t:|1695962781\n|move|p1a: Alicia|Weather Ball|p1b: Craig's List\n|-activate|p1b: Craig's List|ability: Storm Drain\n|-ability|p1b: Craig's List|Storm Drain|boost\n|-boost|p1b: Craig's List|spa|1\n|move|p1b: Craig's List|Giga Drain|p2a: Politoed\n|-supereffective|p2a: Politoed\n|-damage|p2a: Politoed|11\/100\n|-heal|p1b: Craig's List|100\/100|[from] drain|[of] p2a: Politoed\n|move|p2a: Politoed|Ice Beam|p1a: Alicia\n|-resisted|p1a: Alicia\n|-damage|p1a: Alicia|10\/100\n|\n|-weather|RainDance|[upkeep]\n|-damage|p2a: Politoed|0 fnt|[from] Leech Seed|[of] p1b: Craig's List\n|faint|p2a: Politoed\n|\n|win|The Ice Age Master\n|upkeep\n|c|\u2606The Ice Age Master|GGs\n","uploadtime":1695962794,"views":7,"p1id":"theiceagemaster","p2id":"feetstreetmeatseat","formatid":"gen9nationaldexdoubles","rating":0,"private":0,"password":""}