{"id":"gen9nationaldexdoubles-2000575310","p1":"0rTheSpecial0ne\u26a0\ufe0f+","p2":"SmeargleOnAcid","format":"[Gen 9] National Dex Doubles","log":"|j|\u26060rTheSpecial0ne\u26a0\ufe0f+\n|j|\u2606SmeargleOnAcid\n|t:|1701206786\n|gametype|doubles\n|player|p1|0rTheSpecial0ne\u26a0\ufe0f+|teammates|\n|player|p2|SmeargleOnAcid|alder|\n|teamsize|p1|6\n|teamsize|p2|6\n|gen|9\n|tier|[Gen 9] National Dex Doubles\n|rule|HP Percentage Mod: HP is shown in percentages\n|rule|Endless Battle Clause: Forcing endless battles is banned\n|rule|OHKO Clause: OHKO moves are banned\n|rule|Evasion Moves Clause: Evasion moves are banned\n|rule|Evasion Abilities Clause: Evasion abilities are banned\n|rule|Species Clause: Limit one of each Pok\u00e9mon\n|rule|Gravity Sleep Clause: The combination of sleep-inducing moves with imperfect accuracy and Gravity or Gigantamax Orbeetle are banned\n|clearpoke\n|poke|p1|Charizard, M|\n|poke|p1|Ogerpon-Hearthflame, F|\n|poke|p1|Whimsicott, M|\n|poke|p1|Tapu Fini|\n|poke|p1|Chien-Pao|\n|poke|p1|Marshadow|\n|poke|p2|Dusknoir, F|\n|poke|p2|Indeedee-F, F|\n|poke|p2|Grapploct, M|\n|poke|p2|Lurantis, M|\n|poke|p2|Ribombee, M|\n|poke|p2|Amoonguss, M|\n|teampreview\n|inactive|Battle timer is ON: inactive players will automatically lose when time's up. (requested by 0rTheSpecial0ne\u26a0\ufe0f+)\n|\n|t:|1701206805\n|start\n|switch|p1a: Whimsicott|Whimsicott, M, shiny|100\/100\n|switch|p1b: Tapu Fini|Tapu Fini, shiny|100\/100\n|switch|p2a: Necro-Blissey|Dusknoir, F|100\/100\n|switch|p2b: Indeedee|Indeedee-F, F|100\/100\n|-fieldstart|move: Misty Terrain|[from] ability: Misty Surge|[of] p1b: Tapu Fini\n|-fieldstart|move: Psychic Terrain|[from] ability: Psychic Surge|[of] p2b: Indeedee\n|-item|p1a: Whimsicott|Focus Sash|[from] ability: Frisk|[of] p2a: Necro-Blissey|[identify]\n|-item|p1b: Tapu Fini|Choice Scarf|[from] ability: Frisk|[of] p2a: Necro-Blissey|[identify]\n|turn|1\n|\n|t:|1701206821\n|move|p2b: Indeedee|Follow Me|p2b: Indeedee\n|-singleturn|p2b: Indeedee|move: Follow Me\n|move|p1a: Whimsicott|Tailwind|p1a: Whimsicott\n|-sidestart|p1: 0rTheSpecial0ne\u26a0\ufe0f+|move: Tailwind\n|move|p1b: Tapu Fini|Trick|p2b: Indeedee\n|-activate|p1b: Tapu Fini|move: Trick|[of] p2b: Indeedee\n|-item|p2b: Indeedee|Choice Scarf|[from] move: Trick\n|-item|p1b: Tapu Fini|Mental Herb|[from] move: Trick\n|move|p2a: Necro-Blissey|Trick Room|p2a: Necro-Blissey\n|-fieldstart|move: Trick Room|[of] p2a: Necro-Blissey\n|\n|upkeep\n|turn|2\n|\n|t:|1701206840\n|move|p1a: Whimsicott|Encore|p2a: Necro-Blissey\n|-activate|p2a: Necro-Blissey|move: Psychic Terrain\n|move|p2a: Necro-Blissey|Memento|p1b: Tapu Fini\n|-unboost|p1b: Tapu Fini|atk|2\n|-unboost|p1b: Tapu Fini|spa|2\n|faint|p2a: Necro-Blissey\n|move|p2b: Indeedee|Healing Wish|p2b: Indeedee\n|faint|p2b: Indeedee\n|move|p1b: Tapu Fini|Hydro Pump|p2: Necro-Blissey|[notarget]\n|-fail|p1b: Tapu Fini\n|\n|upkeep\n|\n|t:|1701206848\n|switch|p2a: Grapploct|Grapploct, M|100\/100\n|switch|p2b: Lurantis|Lurantis, M|100\/100\n|turn|3\n|\n|t:|1701206866\n|move|p2a: Grapploct|Octolock|p2b: Lurantis\n|-start|p2b: Lurantis|move: Octolock|[of] p2a: Grapploct\n|move|p2b: Lurantis|Ingrain|p2b: Lurantis\n|-start|p2b: Lurantis|move: Ingrain\n|move|p1a: Whimsicott|Moonblast|p2a: Grapploct\n|-supereffective|p2a: Grapploct\n|-crit|p2a: Grapploct\n|-damage|p2a: Grapploct|0 fnt\n|faint|p2a: Grapploct\n|move|p1b: Tapu Fini|Trick|p2b: Lurantis\n|-activate|p1b: Tapu Fini|move: Trick|[of] p2b: Lurantis\n|-item|p2b: Lurantis|Mental Herb|[from] move: Trick\n|-item|p1b: Tapu Fini|Leftovers|[from] move: Trick\n|\n|-end|p2b: Lurantis|Octolock|[partiallytrapped]|[silent]\n|upkeep\n|\n|t:|1701206874\n|switch|p2a: Ribombee|Ribombee, M|100\/100\n|turn|4\n|\n|t:|1701206885\n|move|p2b: Lurantis|Superpower|p1a: Whimsicott\n|-resisted|p1a: Whimsicott\n|-damage|p1a: Whimsicott|76\/100\n|-boost|p2b: Lurantis|atk|1\n|-boost|p2b: Lurantis|def|1\n|move|p2a: Ribombee|Charm|p2b: Lurantis\n|-boost|p2b: Lurantis|atk|2\n|move|p1a: Whimsicott|Moonblast|p2b: Lurantis\n|-damage|p2b: Lurantis|61\/100\n|move|p1b: Tapu Fini|Trick|p2a: Ribombee\n|-activate|p1b: Tapu Fini|move: Trick|[of] p2a: Ribombee\n|-item|p2a: Ribombee|Leftovers|[from] move: Trick\n|-item|p1b: Tapu Fini|Focus Sash|[from] move: Trick\n|\n|-heal|p2b: Lurantis|67\/100|[from] Ingrain\n|-sideend|p1: 0rTheSpecial0ne\u26a0\ufe0f+|move: Tailwind\n|upkeep\n|turn|5\n|\n|t:|1701206909\n|move|p1a: Whimsicott|Encore|p2a: Ribombee\n|-activate|p2a: Ribombee|move: Psychic Terrain\n|move|p2b: Lurantis|Superpower|p1a: Whimsicott\n|-resisted|p1a: Whimsicott\n|-damage|p1a: Whimsicott|13\/100\n|-boost|p2b: Lurantis|atk|1\n|-boost|p2b: Lurantis|def|1\n|move|p1b: Tapu Fini|Ice Beam|p2b: Lurantis\n|-supereffective|p2b: Lurantis\n|-damage|p2b: Lurantis|40\/100\n|move|p2a: Ribombee|Charm|p2b: Lurantis\n|-boost|p2b: Lurantis|atk|2\n|\n|-heal|p2b: Lurantis|46\/100|[from] Ingrain\n|-fieldend|move: Trick Room\n|-fieldend|move: Psychic Terrain\n|upkeep\n|turn|6\n|\n|t:|1701206928\n|switch|p2a: Amoonguss|Amoonguss, M|100\/100\n|move|p1a: Whimsicott|Encore||[still]\n|-fail|p1a: Whimsicott\n|move|p1b: Tapu Fini|Ice Beam|p2b: Lurantis\n|-supereffective|p2b: Lurantis\n|-damage|p2b: Lurantis|16\/100\n|move|p2b: Lurantis|Leech Life|p1b: Tapu Fini\n|-resisted|p1b: Tapu Fini\n|-damage|p1b: Tapu Fini|49\/100\n|-heal|p2b: Lurantis|38\/100|[from] drain|[of] p1b: Tapu Fini\n|\n|-heal|p2b: Lurantis|44\/100|[from] Ingrain\n|upkeep\n|turn|7\n|\n|t:|1701206948\n|move|p1a: Whimsicott|Encore|p2b: Lurantis\n|-start|p2b: Lurantis|Encore\n|-enditem|p2b: Lurantis|Mental Herb\n|-end|p2b: Lurantis|Encore\n|move|p1b: Tapu Fini|Ice Beam|p2b: Lurantis\n|-supereffective|p2b: Lurantis\n|-crit|p2b: Lurantis\n|-damage|p2b: Lurantis|0 fnt\n|faint|p2b: Lurantis\n|move|p2a: Amoonguss|Scary Face|p2: Lurantis|[notarget]\n|-fail|p2a: Amoonguss\n|\n|upkeep\n|\n|t:|1701206954\n|switch|p2b: Ribombee|Ribombee, M|100\/100\n|turn|8\n|c|\u26060rTheSpecial0ne\u26a0\ufe0f+|jajaja\n|c|\u26060rTheSpecial0ne\u26a0\ufe0f+|sorry\n|\n|t:|1701206966\n|move|p2a: Amoonguss|Rage Powder|p2a: Amoonguss\n|-singleturn|p2a: Amoonguss|move: Rage Powder\n|move|p1a: Whimsicott|Tailwind|p1a: Whimsicott\n|-sidestart|p1: 0rTheSpecial0ne\u26a0\ufe0f+|move: Tailwind\n|move|p1b: Tapu Fini|Ice Beam|p2a: Amoonguss\n|-supereffective|p2a: Amoonguss\n|-damage|p2a: Amoonguss|80\/100\n|move|p2b: Ribombee|Moonblast|p1a: Whimsicott\n|-damage|p1a: Whimsicott|0 fnt\n|faint|p1a: Whimsicott\n|\n|upkeep\n|\n|t:|1701206974\n|switch|p1a: Charizard|Charizard, M, shiny|100\/100\n|turn|9\n|\n|t:|1701206996\n|detailschange|p1a: Charizard|Charizard-Mega-Y, M, shiny\n|-mega|p1a: Charizard|Charizard|Charizardite Y\n|-weather|SunnyDay|[from] ability: Drought|[of] p1a: Charizard\n|move|p1b: Tapu Fini|Ice Beam|p2a: Amoonguss\n|-supereffective|p2a: Amoonguss\n|-damage|p2a: Amoonguss|58\/100\n|move|p1a: Charizard|Heat Wave|p2b: Ribombee|[spread] p2a,p2b\n|-supereffective|p2a: Amoonguss\n|-supereffective|p2b: Ribombee\n|-damage|p2a: Amoonguss|0 fnt\n|-damage|p2b: Ribombee|0 fnt\n|faint|p2a: Amoonguss\n|faint|p2b: Ribombee\n|\n|win|0rTheSpecial0ne\u26a0\ufe0f+\n","uploadtime":1701207012,"views":8,"p1id":"0rthespecial0ne","p2id":"smeargleonacid","formatid":"gen9nationaldexdoubles","rating":0,"private":0,"password":""}