{"id":"gen9nationaldexdoubles-1952036520","p1":"Kochengkushem","p2":"CloverGrover","format":"[Gen 9] National Dex Doubles","log":"|j|\u2606Kochengkushem\n|j|\u2606CloverGrover\n|t:|1695652037\n|gametype|doubles\n|player|p1|Kochengkushem|janitor|1166\n|player|p2|CloverGrover|ghetsis|1238\n|teamsize|p1|6\n|teamsize|p2|6\n|gen|9\n|tier|[Gen 9] National Dex Doubles\n|rated|\n|rule|HP Percentage Mod: HP is shown in percentages\n|rule|Endless Battle Clause: Forcing endless battles is banned\n|rule|OHKO Clause: OHKO moves are banned\n|rule|Evasion Moves Clause: Evasion moves are banned\n|rule|Evasion Abilities Clause: Evasion abilities are banned\n|rule|Species Clause: Limit one of each Pok\u00e9mon\n|rule|Gravity Sleep Clause: The combination of sleep-inducing moves with imperfect accuracy and Gravity or Gigantamax Orbeetle are banned\n|clearpoke\n|poke|p1|Jumpluff, F|\n|poke|p1|Empoleon, M|\n|poke|p1|Amoonguss, F|\n|poke|p1|Mienshao, F|\n|poke|p1|Dragonite, F|\n|poke|p1|Rotom-Heat|\n|poke|p2|Torkoal, F|\n|poke|p2|Murkrow, F|\n|poke|p2|Chi-Yu|\n|poke|p2|Flutter Mane|\n|poke|p2|Chien-Pao|\n|poke|p2|Indeedee-F, F|\n|teampreview\n|inactive|Battle timer is ON: inactive players will automatically lose when time's up. (requested by CloverGrover)\n|\n|t:|1695652048\n|start\n|switch|p1a: Mienshao|Mienshao, F|100\/100\n|switch|p1b: Jumpluff|Jumpluff, F|100\/100\n|switch|p2a: Torkoal|Torkoal, F|100\/100\n|switch|p2b: Murkrow|Murkrow, F|100\/100\n|-weather|SunnyDay|[from] ability: Drought|[of] p2a: Torkoal\n|turn|1\n|\n|t:|1695652068\n|move|p2b: Murkrow|Protect|p2b: Murkrow\n|-singleturn|p2b: Murkrow|Protect\n|move|p1a: Mienshao|Fake Out|p2a: Torkoal\n|-damage|p2a: Torkoal|91\/100\n|move|p1b: Jumpluff|Tailwind|p1b: Jumpluff\n|-sidestart|p1: Kochengkushem|move: Tailwind\n|cant|p2a: Torkoal|flinch\n|\n|-weather|SunnyDay|[upkeep]\n|upkeep\n|turn|2\n|inactive|Kochengkushem has 120 seconds left.\n|\n|t:|1695652101\n|move|p2b: Murkrow|Tailwind|p2b: Murkrow\n|-sidestart|p2: CloverGrover|move: Tailwind\n|move|p1b: Jumpluff|U-turn|p2a: Torkoal\n|-resisted|p2a: Torkoal\n|-damage|p2a: Torkoal|87\/100\n|inactive|Kochengkushem has 120 seconds left.\n|\n|t:|1695652107\n|switch|p1b: Empoleon|Empoleon, M|100\/100|[from] U-turn\n|move|p1a: Mienshao|Taunt|p2b: Murkrow\n|-start|p2b: Murkrow|move: Taunt\n|move|p2a: Torkoal|Overheat|p1b: Empoleon\n|-damage|p1b: Empoleon|43\/100\n|-unboost|p2a: Torkoal|spa|2\n|-enditem|p2a: Torkoal|Eject Pack\n|\n|t:|1695652122\n|switch|p2a: Chi-Yu|Chi-Yu|100\/100\n|-ability|p2a: Chi-Yu|Beads of Ruin\n|\n|-weather|SunnyDay|[upkeep]\n|-heal|p1b: Empoleon|49\/100|[from] item: Leftovers\n|upkeep\n|turn|3\n|\n|t:|1695652137\n|switch|p2b: Indeedee|Indeedee-F, F|100\/100\n|-fieldstart|move: Psychic Terrain|[from] ability: Psychic Surge|[of] p2b: Indeedee\n|move|p2a: Chi-Yu|Protect|p2a: Chi-Yu\n|-singleturn|p2a: Chi-Yu|Protect\n|move|p1a: Mienshao|U-turn|p2a: Chi-Yu\n|-activate|p2a: Chi-Yu|move: Protect\n|move|p1b: Empoleon|Roost|p1b: Empoleon\n|-heal|p1b: Empoleon|99\/100\n|-singleturn|p1b: Empoleon|move: Roost\n|\n|-weather|SunnyDay|[upkeep]\n|-heal|p1b: Empoleon|100\/100|[from] item: Leftovers\n|upkeep\n|turn|4\n|\n|t:|1695652159\n|move|p2b: Indeedee|Follow Me|p2b: Indeedee\n|-singleturn|p2b: Indeedee|move: Follow Me\n|move|p1a: Mienshao|Taunt|p2b: Indeedee\n|-start|p2b: Indeedee|move: Taunt\n|move|p2a: Chi-Yu|Nasty Plot|p2a: Chi-Yu\n|-boost|p2a: Chi-Yu|spa|2\n|move|p1b: Empoleon|Scald|p2b: Indeedee\n|-damage|p2b: Indeedee|78\/100\n|\n|-weather|SunnyDay|[upkeep]\n|-sideend|p1: Kochengkushem|move: Tailwind\n|upkeep\n|turn|5\n|\n|t:|1695652185\n|move|p2a: Chi-Yu|Heat Wave|p1b: Empoleon|[spread] p1a,p1b\n|-crit|p1b: Empoleon\n|-damage|p1a: Mienshao|0 fnt\n|-damage|p1b: Empoleon|0 fnt\n|faint|p1a: Mienshao\n|faint|p1b: Empoleon\n|move|p2b: Indeedee|Expanding Force|p1: Mienshao|[notarget]\n|-fail|p2b: Indeedee\n|\n|-weather|none\n|-sideend|p2: CloverGrover|move: Tailwind\n|upkeep\n|inactive|Kochengkushem has 120 seconds left.\n|\n|t:|1695652205\n|switch|p1a: Dragonite|Dragonite, F|100\/100\n|switch|p1b: Rotom|Rotom-Heat|100\/100\n|turn|6\n|\n|t:|1695652221\n|move|p2a: Chi-Yu|Heat Wave|p1a: Dragonite|[spread] p1a,p1b\n|-resisted|p1a: Dragonite\n|-resisted|p1b: Rotom\n|-damage|p1a: Dragonite|72\/100\n|-damage|p1b: Rotom|29\/100\n|move|p1b: Rotom|Volt Switch|p2a: Chi-Yu\n|-damage|p2a: Chi-Yu|57\/100\n|-damage|p1b: Rotom|19\/100|[from] item: Life Orb\n|\n|t:|1695652231\n|switch|p1b: Jumpluff|Jumpluff, F|100\/100|[from] Volt Switch\n|move|p2b: Indeedee|Expanding Force|p1a: Dragonite|[spread] p1a,p1b\n|-damage|p1a: Dragonite|0 fnt\n|-damage|p1b: Jumpluff|32\/100\n|-enditem|p1b: Jumpluff|Sitrus Berry|[eat]\n|-heal|p1b: Jumpluff|57\/100|[from] item: Sitrus Berry\n|faint|p1a: Dragonite\n|\n|upkeep\n|inactive|Kochengkushem has 120 seconds left.\n|\n|t:|1695652249\n|switch|p1a: Amoonguss|Amoonguss, F|100\/100\n|turn|7\n|\n|t:|1695652264\n|move|p1b: Jumpluff|Tailwind|p1b: Jumpluff\n|-sidestart|p1: Kochengkushem|move: Tailwind\n|move|p2a: Chi-Yu|Heat Wave|p1a: Amoonguss|[spread] p1a,p1b\n|-supereffective|p1a: Amoonguss\n|-supereffective|p1b: Jumpluff\n|-damage|p1a: Amoonguss|0 fnt\n|-damage|p1b: Jumpluff|0 fnt\n|faint|p1a: Amoonguss\n|faint|p1b: Jumpluff\n|move|p2b: Indeedee|Expanding Force|p1: Amoonguss|[notarget]\n|-fail|p2b: Indeedee\n|\n|-end|p2b: Indeedee|move: Taunt\n|upkeep\n|inactive|Kochengkushem has 120 seconds left.\n|\n|t:|1695652277\n|switch|p1a: Rotom|Rotom-Heat|19\/100\n|turn|8\n|\n|t:|1695652285\n|move|p2a: Chi-Yu|Protect|p2a: Chi-Yu\n|-singleturn|p2a: Chi-Yu|Protect\n|move|p1a: Rotom|Volt Switch|p2a: Chi-Yu\n|-activate|p2a: Chi-Yu|move: Protect\n|move|p2b: Indeedee|Expanding Force|p1a: Rotom\n|-damage|p1a: Rotom|0 fnt\n|faint|p1a: Rotom\n|\n|win|CloverGrover\n|raw|Kochengkushem's rating: 1166 &rarr; <strong>1146<\/strong><br \/>(-20 for losing)\n|raw|CloverGrover's rating: 1238 &rarr; <strong>1258<\/strong><br \/>(+20 for winning)\n|l|\u2606Kochengkushem\n","uploadtime":1695652300,"views":6,"p1id":"kochengkushem","p2id":"clovergrover","formatid":"gen9nationaldexdoubles","rating":1146,"private":0,"password":""}