{"id":"gen9nationaldexdoubles-2000419341","p1":"fumbari 24","p2":"lxvliiz","format":"[Gen 9] National Dex Doubles","log":"|j|\u2606fumbari 24\n|j|\u2606lxvliiz\n|t:|1701193230\n|gametype|doubles\n|player|p1|fumbari 24|hilbert|1357\n|player|p2|lxvliiz|firebreather|1126\n|teamsize|p1|6\n|teamsize|p2|6\n|gen|9\n|tier|[Gen 9] National Dex Doubles\n|rated|\n|rule|HP Percentage Mod: HP is shown in percentages\n|rule|Endless Battle Clause: Forcing endless battles is banned\n|rule|OHKO Clause: OHKO moves are banned\n|rule|Evasion Moves Clause: Evasion moves are banned\n|rule|Evasion Abilities Clause: Evasion abilities are banned\n|rule|Species Clause: Limit one of each Pok\u00e9mon\n|rule|Gravity Sleep Clause: The combination of sleep-inducing moves with imperfect accuracy and Gravity or Gigantamax Orbeetle are banned\n|clearpoke\n|poke|p1|Ninetales, F|\n|poke|p1|Heatran, M|\n|poke|p1|Scovillain, F|\n|poke|p1|Stonjourner, M|\n|poke|p1|Arcanine-Hisui, M|\n|poke|p1|Latias, F|\n|poke|p2|Tyranitar, M|\n|poke|p2|Dracovish|\n|poke|p2|Diancie|\n|poke|p2|Hippowdon, F|\n|poke|p2|Lycanroc-Midnight, M|\n|poke|p2|Carbink|\n|teampreview\n|c|\u2606lxvliiz|hi\n|\n|t:|1701193249\n|start\n|switch|p1a: Stonjourner|Stonjourner, M|100\/100\n|switch|p1b: Arcanine|Arcanine-Hisui, M|100\/100\n|switch|p2a: Hippowdon|Hippowdon, F|100\/100\n|switch|p2b: Dracovish|Dracovish|100\/100\n|-ability|p1b: Arcanine|Intimidate|boost\n|-unboost|p2a: Hippowdon|atk|1\n|-unboost|p2b: Dracovish|atk|1\n|-weather|Sandstorm|[from] ability: Sand Stream|[of] p2a: Hippowdon\n|turn|1\n|c|\u2606lxvliiz|ooh flash fire team maybe?\n|\n|t:|1701193263\n|-terastallize|p2b: Dracovish|Rock\n|move|p1b: Arcanine|Protect|p1b: Arcanine\n|-singleturn|p1b: Arcanine|Protect\n|move|p2b: Dracovish|Fishious Rend|p1b: Arcanine\n|-activate|p1b: Arcanine|move: Protect\n|move|p1a: Stonjourner|Rock Slide|p2a: Hippowdon|[spread] p2a,p2b\n|-resisted|p2a: Hippowdon\n|-damage|p2a: Hippowdon|92\/100\n|-damage|p2b: Dracovish|69\/100\n|move|p2a: Hippowdon|Substitute|p2a: Hippowdon\n|-start|p2a: Hippowdon|Substitute\n|-damage|p2a: Hippowdon|67\/100\n|\n|-weather|Sandstorm|[upkeep]\n|-heal|p2a: Hippowdon|73\/100|[from] item: Leftovers\n|upkeep\n|turn|2\n|\n|t:|1701193287\n|move|p1b: Arcanine|Extreme Speed|p2b: Dracovish\n|-resisted|p2b: Dracovish\n|-damage|p2b: Dracovish|51\/100\n|move|p2b: Dracovish|Fishious Rend|p1b: Arcanine\n|-supereffective|p1b: Arcanine\n|-damage|p1b: Arcanine|0 fnt\n|faint|p1b: Arcanine\n|move|p1a: Stonjourner|Low Kick|p2b: Dracovish\n|-supereffective|p2b: Dracovish\n|-damage|p2b: Dracovish|0 fnt\n|faint|p2b: Dracovish\n|move|p2a: Hippowdon|Body Press|p1a: Stonjourner\n|-supereffective|p1a: Stonjourner\n|-damage|p1a: Stonjourner|56\/100\n|\n|-weather|Sandstorm|[upkeep]\n|-heal|p2a: Hippowdon|79\/100|[from] item: Leftovers\n|upkeep\n|\n|t:|1701193309\n|switch|p1b: Ninetales|Ninetales, F|100\/100\n|switch|p2b: Diancie|Diancie|100\/100\n|-weather|SunnyDay|[from] ability: Drought|[of] p1b: Ninetales\n|turn|3\n|\n|t:|1701193316\n|switch|p2a: Tyranitar|Tyranitar, M|100\/100\n|-weather|Sandstorm|[from] ability: Sand Stream|[of] p2a: Tyranitar\n|detailschange|p2b: Diancie|Diancie-Mega\n|-mega|p2b: Diancie|Diancie|Diancite\n|move|p1a: Stonjourner|Wide Guard|p1a: Stonjourner\n|-singleturn|p1a: Stonjourner|Wide Guard\n|move|p2b: Diancie|Diamond Storm|p1b: Ninetales|[spread] \n|-activate|p1a: Stonjourner|move: Wide Guard\n|-activate|p1b: Ninetales|move: Wide Guard\n|move|p1b: Ninetales|Roar|p2a: Tyranitar\n|drag|p2a: Hippowdon|Hippowdon, F|79\/100\n|\n|-weather|Sandstorm|[upkeep]\n|-damage|p1b: Ninetales|94\/100|[from] Sandstorm\n|-heal|p2a: Hippowdon|86\/100|[from] item: Leftovers\n|upkeep\n|turn|4\n|\n|t:|1701193330\n|move|p2b: Diancie|Iron Defense|p2b: Diancie\n|-boost|p2b: Diancie|def|2\n|move|p1a: Stonjourner|Low Kick|p2b: Diancie\n|-damage|p2b: Diancie|87\/100\n|move|p1b: Ninetales|Will-O-Wisp|p2a: Hippowdon\n|-status|p2a: Hippowdon|brn\n|move|p2a: Hippowdon|Substitute|p2a: Hippowdon\n|-start|p2a: Hippowdon|Substitute\n|-damage|p2a: Hippowdon|61\/100 brn\n|\n|-weather|Sandstorm|[upkeep]\n|-damage|p1b: Ninetales|88\/100|[from] Sandstorm\n|-heal|p2a: Hippowdon|67\/100 brn|[from] item: Leftovers\n|-damage|p2a: Hippowdon|61\/100 brn|[from] brn\n|upkeep\n|turn|5\n|\n|t:|1701193359\n|switch|p1b: Latias|Latias, F|100\/100\n|move|p2b: Diancie|Iron Defense|p2b: Diancie\n|-boost|p2b: Diancie|def|2\n|move|p1a: Stonjourner|Low Kick|p2a: Hippowdon\n|-end|p2a: Hippowdon|Substitute\n|move|p2a: Hippowdon|Body Press|p1b: Latias\n|-resisted|p1b: Latias\n|-damage|p1b: Latias|94\/100\n|\n|-weather|Sandstorm|[upkeep]\n|-damage|p1b: Latias|87\/100|[from] Sandstorm\n|-heal|p2a: Hippowdon|67\/100 brn|[from] item: Leftovers\n|-damage|p2a: Hippowdon|61\/100 brn|[from] brn\n|upkeep\n|turn|6\n|\n|t:|1701193379\n|detailschange|p1b: Latias|Latias-Mega, F\n|-mega|p1b: Latias|Latias|Latiasite\n|move|p2b: Diancie|Play Rough|p1b: Latias\n|-supereffective|p1b: Latias\n|-damage|p1b: Latias|0 fnt\n|faint|p1b: Latias\n|move|p1a: Stonjourner|Low Kick|p2a: Hippowdon\n|-damage|p2a: Hippowdon|36\/100 brn\n|move|p2a: Hippowdon|Body Press|p1a: Stonjourner\n|-supereffective|p1a: Stonjourner\n|-damage|p1a: Stonjourner|35\/100\n|\n|-weather|Sandstorm|[upkeep]\n|-heal|p2a: Hippowdon|43\/100 brn|[from] item: Leftovers\n|-damage|p2a: Hippowdon|36\/100 brn|[from] brn\n|upkeep\n|l|\u2606fumbari 24\n|player|p1|\n|inactive|Battle timer is ON: inactive players will automatically lose when time's up. (requested by lxvliiz)\n|inactive|fumbari 24 has 30 seconds to reconnect!\n|inactive|fumbari 24 has 20 seconds to reconnect!\n|inactive|fumbari 24 has 15 seconds to reconnect!\n|inactive|fumbari 24 has 10 seconds to reconnect!\n|j|\u2606fumbari 24\n|inactive|fumbari 24 reconnected and has 100 seconds left.\n|player|p1|fumbari 24|hilbert\n|\n|t:|1701193490\n|switch|p1b: Heatran|Heatran, M|100\/100\n|turn|7\n|\n|t:|1701193501\n|-terastallize|p1b: Heatran|Grass\n|move|p2b: Diancie|Body Press|p1a: Stonjourner\n|-supereffective|p1a: Stonjourner\n|-damage|p1a: Stonjourner|0 fnt\n|faint|p1a: Stonjourner\n|move|p1b: Heatran|Flash Cannon|p2b: Diancie\n|-supereffective|p2b: Diancie\n|-damage|p2b: Diancie|0 fnt\n|faint|p2b: Diancie\n|move|p2a: Hippowdon|Body Press|p1b: Heatran\n|-damage|p1b: Heatran|87\/100\n|\n|-weather|none\n|-heal|p1b: Heatran|93\/100|[from] item: Leftovers\n|-heal|p2a: Hippowdon|43\/100 brn|[from] item: Leftovers\n|-damage|p2a: Hippowdon|36\/100 brn|[from] brn\n|upkeep\n|\n|t:|1701193523\n|switch|p2b: Tyranitar|Tyranitar, M|100\/100\n|switch|p1a: Ninetales|Ninetales, F|88\/100\n|-weather|Sandstorm|[from] ability: Sand Stream|[of] p2b: Tyranitar\n|-weather|SunnyDay|[from] ability: Drought|[of] p1a: Ninetales\n|turn|8\n|\n|t:|1701193537\n|switch|p2b: Carbink|Carbink|100\/100\n|switch|p2a: Lycanroc|Lycanroc-Midnight, M|100\/100\n|move|p1b: Heatran|Substitute|p1b: Heatran\n|-start|p1b: Heatran|Substitute\n|-damage|p1b: Heatran|68\/100\n|move|p1a: Ninetales|Will-O-Wisp|p2b: Carbink\n|-status|p2b: Carbink|brn\n|\n|-weather|SunnyDay|[upkeep]\n|-heal|p1b: Heatran|75\/100|[from] item: Leftovers\n|-damage|p2b: Carbink|95\/100 brn|[from] brn\n|upkeep\n|turn|9\n|\n|t:|1701193552\n|switch|p2b: Hippowdon|Hippowdon, F|36\/100 brn\n|-weather|Sandstorm|[from] ability: Sand Stream|[of] p2b: Hippowdon\n|move|p2a: Lycanroc|Stone Edge|p1a: Ninetales\n|-supereffective|p1a: Ninetales\n|-damage|p1a: Ninetales|0 fnt\n|faint|p1a: Ninetales\n|move|p1b: Heatran|Flash Cannon|p2b: Hippowdon\n|-damage|p2b: Hippowdon|0 fnt\n|faint|p2b: Hippowdon\n|\n|-weather|Sandstorm|[upkeep]\n|-damage|p1b: Heatran|68\/100|[from] Sandstorm\n|-heal|p1b: Heatran|75\/100|[from] item: Leftovers\n|upkeep\n|\n|t:|1701193566\n|switch|p1a: Scovillain|Scovillain, F|100\/100\n|switch|p2b: Carbink|Carbink|95\/100 brn\n|turn|10\n|\n|t:|1701193584\n|move|p2a: Lycanroc|Stone Edge|p1a: Scovillain\n|-supereffective|p1a: Scovillain\n|-crit|p1a: Scovillain\n|-damage|p1a: Scovillain|0 fnt\n|faint|p1a: Scovillain\n|move|p1b: Heatran|Flash Cannon|p2a: Lycanroc\n|-supereffective|p2a: Lycanroc\n|-damage|p2a: Lycanroc|31\/100\n|move|p2b: Carbink|Iron Defense|p2b: Carbink\n|-boost|p2b: Carbink|def|2\n|\n|-weather|Sandstorm|[upkeep]\n|-damage|p1b: Heatran|68\/100|[from] Sandstorm\n|-heal|p1b: Heatran|75\/100|[from] item: Leftovers\n|-damage|p2b: Carbink|89\/100 brn|[from] brn\n|upkeep\n|turn|11\n|\n|t:|1701193597\n|move|p2a: Lycanroc|Stone Edge|p1b: Heatran\n|-end|p1b: Heatran|Substitute\n|move|p1b: Heatran|Flash Cannon|p2a: Lycanroc\n|-supereffective|p2a: Lycanroc\n|-damage|p2a: Lycanroc|0 fnt\n|faint|p2a: Lycanroc\n|move|p2b: Carbink|Iron Defense|p2b: Carbink\n|-boost|p2b: Carbink|def|2\n|\n|-weather|Sandstorm|[upkeep]\n|-damage|p1b: Heatran|68\/100|[from] Sandstorm\n|-heal|p1b: Heatran|75\/100|[from] item: Leftovers\n|-damage|p2b: Carbink|83\/100 brn|[from] brn\n|upkeep\n|\n|t:|1701193602\n|switch|p2a: Tyranitar|Tyranitar, M|100\/100\n|turn|12\n|\n|t:|1701193609\n|move|p1b: Heatran|Flash Cannon|p2b: Carbink\n|-supereffective|p2b: Carbink\n|-damage|p2b: Carbink|19\/100 brn\n|move|p2a: Tyranitar|Ice Fang|p1b: Heatran\n|-supereffective|p1b: Heatran\n|-damage|p1b: Heatran|37\/100\n|move|p2b: Carbink|Body Press|p1b: Heatran\n|-damage|p1b: Heatran|1\/100\n|\n|-weather|Sandstorm|[upkeep]\n|-damage|p1b: Heatran|0 fnt|[from] Sandstorm\n|faint|p1b: Heatran\n|\n|win|lxvliiz\n|upkeep\n|raw|fumbari 24's rating: 1357 &rarr; <strong>1325<\/strong><br \/>(-32 for losing)\n|raw|lxvliiz's rating: 1126 &rarr; <strong>1166<\/strong><br \/>(+40 for winning)\n|l|\u2606fumbari 24\n","uploadtime":1701193622,"views":0,"p1id":"fumbari24","p2id":"lxvliiz","formatid":"gen9nationaldexdoubles","rating":1166,"private":0,"password":""}