{"id":"gen9nationaldexdoubles-1983280389","p1":"The OG Trainer Red","p2":"KingoftheTitans","format":"[Gen 9] National Dex Doubles","log":"|j|\u2606The OG Trainer Red\n|j|\u2606KingoftheTitans\n|t:|1699113667\n|gametype|doubles\n|player|p1|The OG Trainer Red|fisherman-gen4|1343\n|player|p2|KingoftheTitans|102|1255\n|teamsize|p1|6\n|teamsize|p2|6\n|gen|9\n|tier|[Gen 9] National Dex Doubles\n|rated|\n|rule|HP Percentage Mod: HP is shown in percentages\n|rule|Endless Battle Clause: Forcing endless battles is banned\n|rule|OHKO Clause: OHKO moves are banned\n|rule|Evasion Moves Clause: Evasion moves are banned\n|rule|Evasion Abilities Clause: Evasion abilities are banned\n|rule|Species Clause: Limit one of each Pok\u00e9mon\n|rule|Gravity Sleep Clause: The combination of sleep-inducing moves with imperfect accuracy and Gravity or Gigantamax Orbeetle are banned\n|clearpoke\n|poke|p1|Ninetales, F|\n|poke|p1|Leafeon, F|\n|poke|p1|Espeon, F|\n|poke|p1|Indeedee-F, F|\n|poke|p1|Politoed, F|\n|poke|p1|Lapras, F|\n|poke|p2|Grimmsnarl, M|\n|poke|p2|Typhlosion-Hisui, F|\n|poke|p2|Corviknight, M|\n|poke|p2|Blastoise, M|\n|poke|p2|Rillaboom, M|\n|poke|p2|Swellow, F|\n|teampreview\n|c|\u2606KingoftheTitans|Oh\n|c|\u2606KingoftheTitans|You again...\n|\n|t:|1699113694\n|start\n|switch|p1a: Espeon|Espeon, F|100\/100\n|switch|p1b: Indeedee|Indeedee-F, F|100\/100\n|switch|p2a: Rillaboom|Rillaboom, M|100\/100\n|switch|p2b: Grimmsnarl|Grimmsnarl, M|100\/100\n|-fieldstart|move: Grassy Terrain|[from] ability: Grassy Surge|[of] p2a: Rillaboom\n|-fieldstart|move: Psychic Terrain|[from] ability: Psychic Surge|[of] p1b: Indeedee\n|turn|1\n|\n|t:|1699113716\n|switch|p2a: Corviknight|Corviknight, M|100\/100\n|move|p2b: Grimmsnarl|Light Screen|p2b: Grimmsnarl\n|-sidestart|p2: KingoftheTitans|move: Light Screen\n|move|p1a: Espeon|Expanding Force|p2a: Corviknight|[spread] p2a\n|-immune|p2b: Grimmsnarl\n|-resisted|p2a: Corviknight\n|-damage|p2a: Corviknight|82\/100\n|move|p1b: Indeedee|Trick Room|p1b: Indeedee\n|-fieldstart|move: Trick Room|[of] p1b: Indeedee\n|\n|upkeep\n|turn|2\n|\n|t:|1699113737\n|switch|p1b: Lapras|Lapras, F|100\/100\n|switch|p1a: Politoed|Politoed, F|100\/100\n|-weather|RainDance|[from] ability: Drizzle|[of] p1a: Politoed\n|move|p2b: Grimmsnarl|Spirit Break|p1b: Lapras\n|-damage|p1b: Lapras|72\/100\n|-unboost|p1b: Lapras|spa|1\n|move|p2a: Corviknight|Brave Bird|p1a: Politoed\n|-damage|p1a: Politoed|57\/100\n|-damage|p2a: Corviknight|68\/100|[from] Recoil\n|\n|-weather|RainDance|[upkeep]\n|-heal|p1b: Lapras|78\/100|[from] item: Leftovers\n|upkeep\n|turn|3\n|\n|t:|1699113771\n|move|p2a: Corviknight|Protect|p2a: Corviknight\n|-singleturn|p2a: Corviknight|Protect\n|move|p1a: Politoed|Surf|p2a: Corviknight|[spread] p2b\n|-activate|p2a: Corviknight|move: Protect\n|-heal|p1b: Lapras|100\/100|[from] ability: Water Absorb|[of] p1a: Politoed\n|-damage|p2b: Grimmsnarl|61\/100\n|move|p2b: Grimmsnarl|Spirit Break|p1b: Lapras\n|-damage|p1b: Lapras|75\/100\n|-unboost|p1b: Lapras|spa|1\n|move|p1b: Lapras|Freeze-Dry|p2a: Corviknight\n|-activate|p2a: Corviknight|move: Protect\n|\n|-weather|RainDance|[upkeep]\n|-heal|p1b: Lapras|81\/100|[from] item: Leftovers\n|upkeep\n|turn|4\n|\n|t:|1699113797\n|switch|p2b: Rillaboom|Rillaboom, M|100\/100\n|-fieldstart|move: Grassy Terrain|[from] ability: Grassy Surge|[of] p2b: Rillaboom\n|switch|p1b: Indeedee|Indeedee-F, F|100\/100\n|-fieldstart|move: Psychic Terrain|[from] ability: Psychic Surge|[of] p1b: Indeedee\n|move|p2a: Corviknight|Protect||[still]\n|-fail|p2a: Corviknight\n|move|p1a: Politoed|Surf|p2b: Rillaboom|[spread] p1b,p2a,p2b\n|-resisted|p2b: Rillaboom\n|-damage|p1b: Indeedee|34\/100\n|-damage|p2a: Corviknight|22\/100\n|-damage|p2b: Rillaboom|70\/100\n|\n|-weather|RainDance|[upkeep]\n|-heal|p2b: Rillaboom|76\/100|[from] item: Leftovers\n|upkeep\n|turn|5\n|\n|t:|1699113819\n|switch|p1b: Lapras|Lapras, F|81\/100\n|move|p2b: Rillaboom|Protect|p2b: Rillaboom\n|-singleturn|p2b: Rillaboom|Protect\n|move|p1a: Politoed|Surf|p2a: Corviknight|[spread] p2a\n|-activate|p2b: Rillaboom|move: Protect\n|-heal|p1b: Lapras|100\/100|[from] ability: Water Absorb|[of] p1a: Politoed\n|-damage|p2a: Corviknight|0 fnt\n|faint|p2a: Corviknight\n|\n|-weather|RainDance|[upkeep]\n|-heal|p2b: Rillaboom|83\/100|[from] item: Leftovers\n|-fieldend|move: Trick Room\n|upkeep\n|\n|t:|1699113851\n|switch|p2a: Blastoise|Blastoise, M|100\/100\n|turn|6\n|\n|t:|1699113872\n|switch|p2b: Grimmsnarl|Grimmsnarl, M|61\/100\n|detailschange|p2a: Blastoise|Blastoise-Mega, M\n|-mega|p2a: Blastoise|Blastoise|Blastoisinite\n|-terastallize|p1b: Lapras|Ground\n|move|p2a: Blastoise|Shell Smash|p2a: Blastoise\n|-unboost|p2a: Blastoise|def|1\n|-unboost|p2a: Blastoise|spd|1\n|-boost|p2a: Blastoise|atk|2\n|-boost|p2a: Blastoise|spa|2\n|-boost|p2a: Blastoise|spe|2\n|move|p1b: Lapras|Freeze-Dry|p2b: Grimmsnarl\n|-damage|p2b: Grimmsnarl|41\/100\n|move|p1a: Politoed|Surf|p2b: Grimmsnarl|[spread] p2a,p2b\n|-immune|p1b: Lapras|[from] ability: Water Absorb\n|-resisted|p2a: Blastoise\n|-damage|p2a: Blastoise|67\/100\n|-damage|p2b: Grimmsnarl|2\/100\n|\n|-weather|none\n|upkeep\n|turn|7\n|\n|t:|1699113904\n|move|p2b: Grimmsnarl|Parting Shot|p1b: Lapras\n|-activate|p1b: Lapras|move: Psychic Terrain\n|move|p2a: Blastoise|Dragon Pulse|p1a: Politoed\n|-damage|p1a: Politoed|0 fnt\n|faint|p1a: Politoed\n|move|p1b: Lapras|Thunder|p2a: Blastoise|[miss]\n|-miss|p1b: Lapras|p2a: Blastoise\n|\n|upkeep\n|\n|t:|1699113914\n|switch|p1a: Leafeon|Leafeon, F|100\/100\n|turn|8\n|\n|t:|1699113922\n|switch|p1b: Ninetales|Ninetales, F|100\/100\n|-weather|SunnyDay|[from] ability: Drought|[of] p1b: Ninetales\n|move|p2a: Blastoise|Dragon Pulse|p1a: Leafeon\n|-damage|p1a: Leafeon|22\/100\n|move|p1a: Leafeon|Solar Blade||[still]\n|-prepare|p1a: Leafeon|Solar Blade\n|-anim|p1a: Leafeon|Solar Blade|p2a: Blastoise\n|-supereffective|p2a: Blastoise\n|-damage|p2a: Blastoise|0 fnt\n|faint|p2a: Blastoise\n|move|p2b: Grimmsnarl|Spirit Break|p1b: Ninetales\n|-resisted|p1b: Ninetales\n|-damage|p1b: Ninetales|79\/100\n|-unboost|p1b: Ninetales|spa|1\n|\n|-weather|SunnyDay|[upkeep]\n|-sideend|p2: KingoftheTitans|move: Light Screen\n|-fieldend|move: Psychic Terrain\n|upkeep\n|\n|t:|1699113939\n|switch|p2a: Typhlosion|Typhlosion-Hisui, F|100\/100\n|turn|9\n|\n|t:|1699113965\n|switch|p1a: Lapras|Lapras, F, tera:Ground|100\/100\n|move|p2b: Grimmsnarl|Light Screen|p2b: Grimmsnarl\n|-sidestart|p2: KingoftheTitans|move: Light Screen\n|move|p2a: Typhlosion|Eruption|p1b: Ninetales|[spread] p1a,p1b\n|-resisted|p1b: Ninetales\n|-damage|p1a: Lapras|41\/100\n|-damage|p1b: Ninetales|26\/100\n|move|p1b: Ninetales|Scorching Sands|p2a: Typhlosion\n|-supereffective|p2a: Typhlosion\n|-damage|p2a: Typhlosion|68\/100\n|\n|-weather|SunnyDay|[upkeep]\n|-heal|p1a: Lapras|48\/100|[from] item: Leftovers\n|upkeep\n|turn|10\n|c|\u2606The OG Trainer Red|no.. fucking... way...\n|c|\u2606KingoftheTitans|No what way?\n|-message|The OG Trainer Red forfeited.\n|\n|win|KingoftheTitans\n|raw|The OG Trainer Red's rating: 1343 &rarr; <strong>1318<\/strong><br \/>(-25 for losing)\n|raw|KingoftheTitans's rating: 1255 &rarr; <strong>1286<\/strong><br \/>(+31 for winning)\n|l|\u2606The OG Trainer Red\n|c|\u2606KingoftheTitans|I GOT MY REVENGE\n","uploadtime":1699114036,"views":7,"p1id":"theogtrainerred","p2id":"kingofthetitans","formatid":"gen9nationaldexdoubles","rating":1286,"private":0,"password":""}