{"id":"gen9nationaldexdoubles-1957434017","p1":"Galar Athens 420","p2":"XiuKaiMeiLiZhi","format":"[Gen 9] National Dex Doubles","log":"|j|\u2606Galar Athens 420\n|j|\u2606XiuKaiMeiLiZhi\n|t:|1696220573\n|gametype|doubles\n|player|p1|Galar Athens 420|266|1164\n|player|p2|XiuKaiMeiLiZhi|emmet|1064\n|teamsize|p1|6\n|teamsize|p2|6\n|gen|9\n|tier|[Gen 9] National Dex Doubles\n|rated|\n|rule|HP Percentage Mod: HP is shown in percentages\n|rule|Endless Battle Clause: Forcing endless battles is banned\n|rule|OHKO Clause: OHKO moves are banned\n|rule|Evasion Moves Clause: Evasion moves are banned\n|rule|Evasion Abilities Clause: Evasion abilities are banned\n|rule|Species Clause: Limit one of each Pok\u00e9mon\n|rule|Gravity Sleep Clause: The combination of sleep-inducing moves with imperfect accuracy and Gravity or Gigantamax Orbeetle are banned\n|clearpoke\n|poke|p1|Empoleon, M|\n|poke|p1|Bronzong|\n|poke|p1|Ferrothorn, M|\n|poke|p1|Mawile, M|\n|poke|p1|Celesteela|\n|poke|p1|Stakataka|\n|poke|p2|Regigigas|\n|poke|p2|Medicham, M|\n|poke|p2|Pidgeot, F|\n|poke|p2|Indeedee-F, F|\n|poke|p2|Smeargle, M|\n|poke|p2|Ursaluna-Bloodmoon, M|\n|teampreview\n|inactive|Battle timer is ON: inactive players will automatically lose when time's up. (requested by Galar Athens 420)\n|\n|t:|1696220589\n|start\n|switch|p1a: Empoleon|Empoleon, M, shiny|100\/100\n|switch|p1b: Stakataka|Stakataka|100\/100\n|switch|p2a: \u5c0f\u5fc3\u6211mega\u79d2\u4f60\u5168\u961f|Medicham, M|100\/100\n|switch|p2b: \u6162\u542f\u52a8P\u7528\u6ca1\u6709\u5927\u9a6c\u6876|Regigigas|100\/100\n|-start|p2b: \u6162\u542f\u52a8P\u7528\u6ca1\u6709\u5927\u9a6c\u6876|ability: Slow Start\n|turn|1\n|\n|t:|1696220607\n|switch|p1b: Bronzong|Bronzong|100\/100\n|move|p2a: \u5c0f\u5fc3\u6211mega\u79d2\u4f60\u5168\u961f|Skill Swap|p2b: \u6162\u542f\u52a8P\u7528\u6ca1\u6709\u5927\u9a6c\u6876\n|-activate|p2a: \u5c0f\u5fc3\u6211mega\u79d2\u4f60\u5168\u961f|move: Skill Swap|||[of] p2b: \u6162\u542f\u52a8P\u7528\u6ca1\u6709\u5927\u9a6c\u6876\n|-end|p2b: \u6162\u542f\u52a8P\u7528\u6ca1\u6709\u5927\u9a6c\u6876|Slow Start|[silent]\n|-start|p2a: \u5c0f\u5fc3\u6211mega\u79d2\u4f60\u5168\u961f|ability: Slow Start\n|move|p2b: \u6162\u542f\u52a8P\u7528\u6ca1\u6709\u5927\u9a6c\u6876|Drain Punch|p1b: Bronzong\n|-damage|p1b: Bronzong|57\/100\n|move|p1a: Empoleon|Stealth Rock|p2b: \u6162\u542f\u52a8P\u7528\u6ca1\u6709\u5927\u9a6c\u6876\n|-sidestart|p2: XiuKaiMeiLiZhi|move: Stealth Rock\n|\n|-heal|p1b: Bronzong|64\/100|[from] item: Leftovers\n|upkeep\n|turn|2\n|\n|t:|1696220635\n|move|p2b: \u6162\u542f\u52a8P\u7528\u6ca1\u6709\u5927\u9a6c\u6876|Darkest Lariat|p1b: Bronzong\n|-supereffective|p1b: Bronzong\n|-damage|p1b: Bronzong|0 fnt\n|faint|p1b: Bronzong\n|move|p2a: \u5c0f\u5fc3\u6211mega\u79d2\u4f60\u5168\u961f|Skill Swap|p1a: Empoleon\n|-activate|p2a: \u5c0f\u5fc3\u6211mega\u79d2\u4f60\u5168\u961f|move: Skill Swap|Competitive|Slow Start|[of] p1a: Empoleon\n|-end|p2a: \u5c0f\u5fc3\u6211mega\u79d2\u4f60\u5168\u961f|Slow Start|[silent]\n|-start|p1a: Empoleon|ability: Slow Start\n|move|p1a: Empoleon|Flash Cannon|p2b: \u6162\u542f\u52a8P\u7528\u6ca1\u6709\u5927\u9a6c\u6876\n|-damage|p2b: \u6162\u542f\u52a8P\u7528\u6ca1\u6709\u5927\u9a6c\u6876|84\/100\n|\n|upkeep\n|inactive|Galar Athens 420 has 120 seconds left.\n|\n|t:|1696220654\n|switch|p1b: Ferrothorn|Ferrothorn, M|100\/100\n|turn|3\n|\n|t:|1696220666\n|-terastallize|p1b: Ferrothorn|Fire\n|move|p2a: \u5c0f\u5fc3\u6211mega\u79d2\u4f60\u5168\u961f|Skill Swap|p1b: Ferrothorn\n|-activate|p2a: \u5c0f\u5fc3\u6211mega\u79d2\u4f60\u5168\u961f|move: Skill Swap|Iron Barbs|Competitive|[of] p1b: Ferrothorn\n|move|p2b: \u6162\u542f\u52a8P\u7528\u6ca1\u6709\u5927\u9a6c\u6876|Drain Punch|p1b: Ferrothorn\n|-damage|p1b: Ferrothorn|58\/100\n|-heal|p2b: \u6162\u542f\u52a8P\u7528\u6ca1\u6709\u5927\u9a6c\u6876|100\/100|[from] drain|[of] p1b: Ferrothorn\n|-damage|p2b: \u6162\u542f\u52a8P\u7528\u6ca1\u6709\u5927\u9a6c\u6876|84\/100|[from] item: Rocky Helmet|[of] p1b: Ferrothorn\n|move|p1a: Empoleon|Flash Cannon|p2b: \u6162\u542f\u52a8P\u7528\u6ca1\u6709\u5927\u9a6c\u6876\n|-damage|p2b: \u6162\u542f\u52a8P\u7528\u6ca1\u6709\u5927\u9a6c\u6876|66\/100\n|move|p1b: Ferrothorn|Leech Seed|p2b: \u6162\u542f\u52a8P\u7528\u6ca1\u6709\u5927\u9a6c\u6876\n|-start|p2b: \u6162\u542f\u52a8P\u7528\u6ca1\u6709\u5927\u9a6c\u6876|move: Leech Seed\n|\n|-damage|p2b: \u6162\u542f\u52a8P\u7528\u6ca1\u6709\u5927\u9a6c\u6876|53\/100|[from] Leech Seed|[of] p1b: Ferrothorn\n|-heal|p1b: Ferrothorn|72\/100|[silent]\n|upkeep\n|turn|4\n|inactive|XiuKaiMeiLiZhi has 120 seconds left.\n|\n|t:|1696220706\n|switch|p2a: \u6562\u653e\u7a7a\u95f4\u5c31\u5f97\u6b7b|Indeedee-F, F|100\/100\n|-damage|p2a: \u6562\u653e\u7a7a\u95f4\u5c31\u5f97\u6b7b|88\/100|[from] Stealth Rock\n|-fieldstart|move: Psychic Terrain|[from] ability: Psychic Surge|[of] p2a: \u6562\u653e\u7a7a\u95f4\u5c31\u5f97\u6b7b\n|switch|p1b: Celesteela|Celesteela, shiny|100\/100\n|move|p2b: \u6162\u542f\u52a8P\u7528\u6ca1\u6709\u5927\u9a6c\u6876|Rock Slide|p1b: Celesteela|[spread] p1a,p1b\n|-resisted|p1a: Empoleon\n|-damage|p1a: Empoleon|84\/100\n|-damage|p1b: Celesteela|65\/100\n|cant|p1a: Empoleon|flinch\n|\n|-damage|p2b: \u6162\u542f\u52a8P\u7528\u6ca1\u6709\u5927\u9a6c\u6876|41\/100|[from] Leech Seed|[of] p1b: Celesteela\n|-heal|p1b: Celesteela|77\/100|[silent]\n|upkeep\n|turn|5\n|inactive|XiuKaiMeiLiZhi has 120 seconds left.\n|\n|t:|1696220735\n|move|p2b: \u6162\u542f\u52a8P\u7528\u6ca1\u6709\u5927\u9a6c\u6876|Drain Punch|p1b: Celesteela\n|-damage|p1b: Celesteela|33\/100\n|-heal|p2b: \u6162\u542f\u52a8P\u7528\u6ca1\u6709\u5927\u9a6c\u6876|63\/100|[from] drain|[of] p1b: Celesteela\n|-zpower|p2a: \u6562\u653e\u7a7a\u95f4\u5c31\u5f97\u6b7b\n|move|p2a: \u6562\u653e\u7a7a\u95f4\u5c31\u5f97\u6b7b|Z-Psycho Shift||[anim]Psycho Shift|[still]\n|-boost|p2a: \u6562\u653e\u7a7a\u95f4\u5c31\u5f97\u6b7b|spa|2|[zeffect]\n|-fail|p2a: \u6562\u653e\u7a7a\u95f4\u5c31\u5f97\u6b7b\n|move|p1b: Celesteela|Giga Drain|p2b: \u6162\u542f\u52a8P\u7528\u6ca1\u6709\u5927\u9a6c\u6876\n|-damage|p2b: \u6162\u542f\u52a8P\u7528\u6ca1\u6709\u5927\u9a6c\u6876|49\/100\n|-heal|p1b: Celesteela|41\/100|[from] drain|[of] p2b: \u6162\u542f\u52a8P\u7528\u6ca1\u6709\u5927\u9a6c\u6876\n|move|p1a: Empoleon|Flash Cannon|p2a: \u6562\u653e\u7a7a\u95f4\u5c31\u5f97\u6b7b\n|-damage|p2a: \u6562\u653e\u7a7a\u95f4\u5c31\u5f97\u6b7b|62\/100\n|\n|-damage|p2b: \u6162\u542f\u52a8P\u7528\u6ca1\u6709\u5927\u9a6c\u6876|36\/100|[from] Leech Seed|[of] p1b: Celesteela\n|-heal|p1b: Celesteela|53\/100|[silent]\n|upkeep\n|turn|6\n|\n|t:|1696220765\n|move|p2b: \u6162\u542f\u52a8P\u7528\u6ca1\u6709\u5927\u9a6c\u6876|Drain Punch|p1a: Empoleon\n|-supereffective|p1a: Empoleon\n|-damage|p1a: Empoleon|0 fnt\n|-heal|p2b: \u6162\u542f\u52a8P\u7528\u6ca1\u6709\u5927\u9a6c\u6876|75\/100|[from] drain|[of] p1a: Empoleon\n|faint|p1a: Empoleon\n|-end|p1a: Empoleon|Slow Start|[silent]\n|move|p2a: \u6562\u653e\u7a7a\u95f4\u5c31\u5f97\u6b7b|Expanding Force|p1b: Celesteela\n|-resisted|p1b: Celesteela\n|-damage|p1b: Celesteela|26\/100\n|move|p1b: Celesteela|Giga Drain|p2b: \u6162\u542f\u52a8P\u7528\u6ca1\u6709\u5927\u9a6c\u6876\n|-damage|p2b: \u6162\u542f\u52a8P\u7528\u6ca1\u6709\u5927\u9a6c\u6876|63\/100\n|-heal|p1b: Celesteela|32\/100|[from] drain|[of] p2b: \u6162\u542f\u52a8P\u7528\u6ca1\u6709\u5927\u9a6c\u6876\n|\n|-damage|p2b: \u6162\u542f\u52a8P\u7528\u6ca1\u6709\u5927\u9a6c\u6876|50\/100|[from] Leech Seed|[of] p1b: Celesteela\n|-heal|p1b: Celesteela|45\/100|[silent]\n|upkeep\n|inactive|Galar Athens 420 has 120 seconds left.\n|\n|t:|1696220787\n|switch|p1a: \u30af\u30c1\u30fc\u30c8|Mawile, M, shiny|100\/100\n|-ability|p1a: \u30af\u30c1\u30fc\u30c8|Intimidate|boost\n|-unboost|p2a: \u6562\u653e\u7a7a\u95f4\u5c31\u5f97\u6b7b|atk|1\n|-unboost|p2b: \u6162\u542f\u52a8P\u7528\u6ca1\u6709\u5927\u9a6c\u6876|atk|1\n|turn|7\n|\n|t:|1696220799\n|switch|p2b: \u6211\u8d85\u6d77\u76d7\u72d7\u554a\u4e0d\u718a|Ursaluna-Bloodmoon, M|100\/100\n|-damage|p2b: \u6211\u8d85\u6d77\u76d7\u72d7\u554a\u4e0d\u718a|94\/100|[from] Stealth Rock\n|move|p1a: \u30af\u30c1\u30fc\u30c8|Protect|p1a: \u30af\u30c1\u30fc\u30c8\n|-singleturn|p1a: \u30af\u30c1\u30fc\u30c8|Protect\n|move|p2a: \u6562\u653e\u7a7a\u95f4\u5c31\u5f97\u6b7b|Baton Pass|p2a: \u6562\u653e\u7a7a\u95f4\u5c31\u5f97\u6b7b\n|\n|t:|1696220814\n|switch|p2a: \u4e0d\u81ea\u6740\u9e1f|Pidgeot, F|100\/100|[from] Baton Pass\n|-damage|p2a: \u4e0d\u81ea\u6740\u9e1f|76\/100|[from] Stealth Rock\n|move|p1b: Celesteela|Flash Cannon|p2b: \u6211\u8d85\u6d77\u76d7\u72d7\u554a\u4e0d\u718a\n|-damage|p2b: \u6211\u8d85\u6d77\u76d7\u72d7\u554a\u4e0d\u718a|62\/100\n|\n|upkeep\n|turn|8\n|\n|t:|1696220831\n|switch|p1a: Ferrothorn|Ferrothorn, M, tera:Fire|72\/100\n|detailschange|p2a: \u4e0d\u81ea\u6740\u9e1f|Pidgeot-Mega, F\n|-mega|p2a: \u4e0d\u81ea\u6740\u9e1f|Pidgeot|Pidgeotite\n|move|p2a: \u4e0d\u81ea\u6740\u9e1f|Heat Wave|p1b: Celesteela|[spread] p1a,p1b\n|-resisted|p1a: Ferrothorn\n|-supereffective|p1b: Celesteela\n|-crit|p1b: Celesteela\n|-damage|p1a: Ferrothorn|56\/100\n|-damage|p1b: Celesteela|0 fnt\n|faint|p1b: Celesteela\n|move|p2b: \u6211\u8d85\u6d77\u76d7\u72d7\u554a\u4e0d\u718a|Earth Power|p1a: Ferrothorn\n|-supereffective|p1a: Ferrothorn\n|-damage|p1a: Ferrothorn|0 fnt\n|faint|p1a: Ferrothorn\n|\n|-fieldend|move: Psychic Terrain\n|upkeep\n|\n|t:|1696220847\n|switch|p1b: Stakataka|Stakataka|100\/100\n|switch|p1a: \u30af\u30c1\u30fc\u30c8|Mawile, M, shiny|100\/100\n|-ability|p1a: \u30af\u30c1\u30fc\u30c8|Intimidate|boost\n|-unboost|p2a: \u4e0d\u81ea\u6740\u9e1f|atk|1\n|-unboost|p2b: \u6211\u8d85\u6d77\u76d7\u72d7\u554a\u4e0d\u718a|atk|1\n|turn|9\n|\n|t:|1696220866\n|detailschange|p1a: \u30af\u30c1\u30fc\u30c8|Mawile-Mega, M, shiny\n|-mega|p1a: \u30af\u30c1\u30fc\u30c8|Mawile|Mawilite\n|move|p1a: \u30af\u30c1\u30fc\u30c8|Sucker Punch|p2a: \u4e0d\u81ea\u6740\u9e1f\n|-damage|p2a: \u4e0d\u81ea\u6740\u9e1f|12\/100\n|move|p2a: \u4e0d\u81ea\u6740\u9e1f|U-turn|p1a: \u30af\u30c1\u30fc\u30c8\n|-resisted|p1a: \u30af\u30c1\u30fc\u30c8\n|-damage|p1a: \u30af\u30c1\u30fc\u30c8|99\/100\n|\n|t:|1696220876\n|switch|p2a: \u80ae\u810f\u4e0b\u6d41\u72d7|Smeargle, M|100\/100|[from] U-turn\n|-damage|p2a: \u80ae\u810f\u4e0b\u6d41\u72d7|88\/100|[from] Stealth Rock\n|move|p2b: \u6211\u8d85\u6d77\u76d7\u72d7\u554a\u4e0d\u718a|Earth Power|p1a: \u30af\u30c1\u30fc\u30c8\n|-supereffective|p1a: \u30af\u30c1\u30fc\u30c8\n|-damage|p1a: \u30af\u30c1\u30fc\u30c8|0 fnt\n|faint|p1a: \u30af\u30c1\u30fc\u30c8\n|-zpower|p1b: Stakataka\n|move|p1b: Stakataka|Z-Trick Room|p1b: Stakataka|[anim]Trick Room\n|-boost|p1b: Stakataka|accuracy|1|[zeffect]\n|-fieldstart|move: Trick Room|[of] p1b: Stakataka\n|\n|-ability|p2a: \u80ae\u810f\u4e0b\u6d41\u72d7|Moody|boost\n|-boost|p2a: \u80ae\u810f\u4e0b\u6d41\u72d7|spa|2\n|-unboost|p2a: \u80ae\u810f\u4e0b\u6d41\u72d7|spd|1\n|upkeep\n|turn|10\n|\n|t:|1696220894\n|move|p2b: \u6211\u8d85\u6d77\u76d7\u72d7\u554a\u4e0d\u718a|Vacuum Wave|p1b: Stakataka\n|-supereffective|p1b: Stakataka\n|-damage|p1b: Stakataka|48\/100\n|move|p1b: Stakataka|Rock Slide|p2b: \u6211\u8d85\u6d77\u76d7\u72d7\u554a\u4e0d\u718a|[spread] p2a,p2b\n|-resisted|p2b: \u6211\u8d85\u6d77\u76d7\u72d7\u554a\u4e0d\u718a\n|-damage|p2a: \u80ae\u810f\u4e0b\u6d41\u72d7|24\/100\n|-damage|p2b: \u6211\u8d85\u6d77\u76d7\u72d7\u554a\u4e0d\u718a|53\/100\n|move|p2a: \u80ae\u810f\u4e0b\u6d41\u72d7|Spore|p1b: Stakataka\n|-status|p1b: Stakataka|slp|[from] move: Spore\n|\n|-ability|p2a: \u80ae\u810f\u4e0b\u6d41\u72d7|Moody|boost\n|-boost|p2a: \u80ae\u810f\u4e0b\u6d41\u72d7|spd|2\n|-unboost|p2a: \u80ae\u810f\u4e0b\u6d41\u72d7|spe|1\n|upkeep\n|turn|11\n|-message|Galar Athens 420 forfeited.\n|\n|win|XiuKaiMeiLiZhi\n|raw|Galar Athens 420's rating: 1164 &rarr; <strong>1132<\/strong><br \/>(-32 for losing)\n|raw|XiuKaiMeiLiZhi's rating: 1064 &rarr; <strong>1103<\/strong><br \/>(+39 for winning)\n|l|\u2606Galar Athens 420\n","uploadtime":1696220910,"views":12,"p1id":"galarathens420","p2id":"xiukaimeilizhi","formatid":"gen9nationaldexdoubles","rating":1103,"private":0,"password":""}