{"id":"gen9nationaldexdoubles-1996487809","p1":"JayTodd13","p2":"FLT231Larsonshark","format":"[Gen 9] National Dex Doubles","log":"|j|\u2606JayTodd13\n|j|\u2606FLT231Larsonshark\n|t:|1700686829\n|gametype|doubles\n|player|p1|JayTodd13|blue|1221\n|player|p2|FLT231Larsonshark|caitlin|1215\n|teamsize|p1|6\n|teamsize|p2|6\n|gen|9\n|tier|[Gen 9] National Dex Doubles\n|rated|\n|rule|HP Percentage Mod: HP is shown in percentages\n|rule|Endless Battle Clause: Forcing endless battles is banned\n|rule|OHKO Clause: OHKO moves are banned\n|rule|Evasion Moves Clause: Evasion moves are banned\n|rule|Evasion Abilities Clause: Evasion abilities are banned\n|rule|Species Clause: Limit one of each Pok\u00e9mon\n|rule|Gravity Sleep Clause: The combination of sleep-inducing moves with imperfect accuracy and Gravity or Gigantamax Orbeetle are banned\n|clearpoke\n|poke|p1|Incineroar, F|\n|poke|p1|Rillaboom, F|\n|poke|p1|Azumarill, F|\n|poke|p1|Gholdengo|\n|poke|p1|Kommo-o, M|\n|poke|p1|Tornadus, M|\n|poke|p2|Ceruledge, F|\n|poke|p2|Chien-Pao|\n|poke|p2|Ogerpon-Hearthflame, F|\n|poke|p2|Salamence, M|\n|poke|p2|Tapu Fini|\n|poke|p2|Incineroar, M|\n|teampreview\n|inactive|Battle timer is ON: inactive players will automatically lose when time's up. (requested by FLT231Larsonshark)\n|j| asdzdasdad\n|inactive|JayTodd13 has 120 seconds left.\n|\n|t:|1700686866\n|start\n|switch|p1a: Tornadus|Tornadus, M|100\/100\n|switch|p1b: Rillaboom|Rillaboom, F|100\/100\n|switch|p2a: Incineroar|Incineroar, M|100\/100\n|switch|p2b: Chien-Pao|Chien-Pao|100\/100\n|-ability|p2b: Chien-Pao|Sword of Ruin\n|-fieldstart|move: Grassy Terrain|[from] ability: Grassy Surge|[of] p1b: Rillaboom\n|-ability|p2a: Incineroar|Intimidate|boost\n|-unboost|p1a: Tornadus|atk|1\n|-unboost|p1b: Rillaboom|atk|1\n|turn|1\n|\n|t:|1700686876\n|move|p1b: Rillaboom|Fake Out|p2b: Chien-Pao\n|-damage|p2b: Chien-Pao|87\/100\n|move|p2a: Incineroar|Fake Out|p1a: Tornadus\n|-damage|p1a: Tornadus|83\/100\n|move|p1a: Tornadus|Rain Dance|p1a: Tornadus\n|-weather|RainDance\n|cant|p2b: Chien-Pao|flinch\n|\n|-weather|RainDance|[upkeep]\n|-heal|p2b: Chien-Pao|93\/100|[from] Grassy Terrain\n|upkeep\n|turn|2\n|\n|t:|1700686892\n|-terastallize|p1a: Tornadus|Dark\n|move|p2b: Chien-Pao|Ice Spinner|p1a: Tornadus\n|-damage|p1a: Tornadus|12\/100\n|-fieldend|move: Grassy Terrain\n|-damage|p2b: Chien-Pao|83\/100|[from] item: Life Orb\n|move|p1b: Rillaboom|Stomping Tantrum|p2a: Incineroar\n|-supereffective|p2a: Incineroar\n|-damage|p2a: Incineroar|53\/100\n|move|p1a: Tornadus|Bleakwind Storm|p2b: Chien-Pao|[spread] p2a,p2b\n|-damage|p2a: Incineroar|24\/100\n|-damage|p2b: Chien-Pao|25\/100\n|-enditem|p2a: Incineroar|Figy Berry|[eat]\n|-heal|p2a: Incineroar|57\/100|[from] item: Figy Berry\n|move|p2a: Incineroar|Parting Shot|p1b: Rillaboom\n|-unboost|p1b: Rillaboom|atk|1\n|-unboost|p1b: Rillaboom|spa|1\n|inactive|FLT231Larsonshark has 120 seconds left.\n|\n|t:|1700686912\n|switch|p2a: Ogerpon|Ogerpon-Hearthflame, F|100\/100|[from] Parting Shot\n|-ability|p2a: Ogerpon|Mold Breaker\n|\n|-weather|RainDance|[upkeep]\n|upkeep\n|turn|3\n|\n|t:|1700686925\n|move|p2b: Chien-Pao|Ice Spinner|p1b: Rillaboom\n|-supereffective|p1b: Rillaboom\n|-damage|p1b: Rillaboom|0 fnt\n|faint|p1b: Rillaboom\n|-damage|p2b: Chien-Pao|15\/100|[from] item: Life Orb\n|move|p2a: Ogerpon|Trailblaze|p1a: Tornadus\n|-damage|p1a: Tornadus|0 fnt\n|-boost|p2a: Ogerpon|spe|1\n|faint|p1a: Tornadus\n|\n|-weather|RainDance|[upkeep]\n|upkeep\n|\n|t:|1700686930\n|switch|p1b: Incineroar|Incineroar, F|100\/100\n|switch|p1a: Azumarill|Azumarill, F|100\/100\n|-ability|p1b: Incineroar|Intimidate|boost\n|-unboost|p2a: Ogerpon|atk|1\n|-unboost|p2b: Chien-Pao|atk|1\n|turn|4\n|c| asdzdasdad|why did you not tw\n|\n|t:|1700686941\n|move|p1b: Incineroar|Fake Out|p2a: Ogerpon\n|-damage|p2a: Ogerpon|76\/100\n|cant|p2a: Ogerpon|flinch\n|move|p2b: Chien-Pao|Sacred Sword|p1b: Incineroar\n|-supereffective|p1b: Incineroar\n|-damage|p1b: Incineroar|35\/100\n|-damage|p2b: Chien-Pao|5\/100|[from] item: Life Orb\n|move|p1a: Azumarill|Belly Drum|p1a: Azumarill\n|-damage|p1a: Azumarill|50\/100\n|-setboost|p1a: Azumarill|atk|6|[from] move: Belly Drum\n|-enditem|p1a: Azumarill|Sitrus Berry|[eat]\n|-heal|p1a: Azumarill|75\/100|[from] item: Sitrus Berry\n|\n|-weather|RainDance|[upkeep]\n|upkeep\n|turn|5\n|c|\u2606JayTodd13|lol forgot you got rid of terrain\n|inactive|JayTodd13 has 120 seconds left.\n|c| asdzdasdad|its not me\n|c|\u2606JayTodd13|thought grassyglide would kill\n|c| asdzdasdad|im just a random spectator\n|\n|t:|1700686986\n|move|p1a: Azumarill|Aqua Jet|p2a: Ogerpon\n|-damage|p2a: Ogerpon|0 fnt\n|faint|p2a: Ogerpon\n|move|p2b: Chien-Pao|Psychic Fangs|p1a: Azumarill\n|-crit|p1a: Azumarill\n|-damage|p1a: Azumarill|1\/100\n|-damage|p2b: Chien-Pao|0 fnt|[from] item: Life Orb\n|faint|p2b: Chien-Pao\n|move|p1b: Incineroar|Flare Blitz|p2: Ogerpon|[notarget]\n|-fail|p1b: Incineroar\n|\n|-weather|none\n|upkeep\n|\n|t:|1700686997\n|switch|p2b: Salamence|Salamence, M|100\/100\n|switch|p2a: Incineroar|Incineroar, M|57\/100\n|-ability|p2b: Salamence|Intimidate|boost\n|-unboost|p1a: Azumarill|atk|1\n|-unboost|p1b: Incineroar|atk|1\n|-ability|p2a: Incineroar|Intimidate|boost\n|-unboost|p1a: Azumarill|atk|1\n|-unboost|p1b: Incineroar|atk|1\n|turn|6\n|inactive|JayTodd13 has 120 seconds left.\n|\n|t:|1700687015\n|switch|p1b: Kommo-o|Kommo-o, M|100\/100\n|switch|p1a: Gholdengo|Gholdengo|100\/100\n|detailschange|p2b: Salamence|Salamence-Mega, M\n|-mega|p2b: Salamence|Salamence|Salamencite\n|move|p2a: Incineroar|Fake Out|p1a: Gholdengo\n|-immune|p1a: Gholdengo\n|move|p2b: Salamence|Dragon Dance|p2b: Salamence\n|-boost|p2b: Salamence|atk|1\n|-boost|p2b: Salamence|spe|1\n|\n|upkeep\n|turn|7\n|\n|t:|1700687027\n|move|p2b: Salamence|Double-Edge|p1b: Kommo-o\n|-supereffective|p1b: Kommo-o\n|-damage|p1b: Kommo-o|0 fnt\n|faint|p1b: Kommo-o\n|-damage|p2b: Salamence|65\/100|[from] Recoil\n|move|p1a: Gholdengo|Shadow Ball|p2b: Salamence\n|-damage|p2b: Salamence|6\/100\n|-damage|p1a: Gholdengo|91\/100|[from] item: Life Orb\n|move|p2a: Incineroar|Flare Blitz|p1a: Gholdengo\n|-supereffective|p1a: Gholdengo\n|-crit|p1a: Gholdengo\n|-damage|p1a: Gholdengo|0 fnt\n|faint|p1a: Gholdengo\n|-damage|p2a: Incineroar|32\/100|[from] Recoil\n|\n|upkeep\n|\n|t:|1700687030\n|switch|p1a: Incineroar|Incineroar, F|35\/100\n|switch|p1b: Azumarill|Azumarill, F|1\/100\n|-ability|p1a: Incineroar|Intimidate|boost\n|-unboost|p2a: Incineroar|atk|1\n|-unboost|p2b: Salamence|atk|1\n|turn|8\n|c| asdzdasdad|you should be leading fini more often with that comp, is it calm mind or choice fini?\n|\n|t:|1700687045\n|move|p1a: Incineroar|Fake Out|p2b: Salamence\n|-damage|p2b: Salamence|0 fnt\n|faint|p2b: Salamence\n|move|p1b: Azumarill|Aqua Jet|p2a: Incineroar\n|-supereffective|p2a: Incineroar\n|-damage|p2a: Incineroar|0 fnt\n|faint|p2a: Incineroar\n|\n|upkeep\n|\n|t:|1700687052\n|switch|p2b: Tapu Fini|Tapu Fini|100\/100\n|switch|p2a: Ceruledge|Ceruledge, F|100\/100\n|-fieldstart|move: Misty Terrain|[from] ability: Misty Surge|[of] p2b: Tapu Fini\n|turn|9\n|c|\u2606FLT231Larsonshark|gg\n|\n|t:|1700687066\n|-terastallize|p2a: Ceruledge|Grass\n|move|p1b: Azumarill|Aqua Jet|p2a: Ceruledge\n|-resisted|p2a: Ceruledge\n|-damage|p2a: Ceruledge|82\/100\n|-ability|p2a: Ceruledge|Weak Armor|boost\n|-unboost|p2a: Ceruledge|def|1\n|-boost|p2a: Ceruledge|spe|2\n|-enditem|p2a: Ceruledge|White Herb\n|-clearnegativeboost|p2a: Ceruledge|[silent]\n|move|p2a: Ceruledge|Close Combat|p1a: Incineroar\n|-supereffective|p1a: Incineroar\n|-damage|p1a: Incineroar|0 fnt\n|-unboost|p2a: Ceruledge|def|1\n|-unboost|p2a: Ceruledge|spd|1\n|faint|p1a: Incineroar\n|move|p2b: Tapu Fini|Scald|p1b: Azumarill\n|-resisted|p1b: Azumarill\n|-damage|p1b: Azumarill|0 fnt\n|faint|p1b: Azumarill\n|\n|win|FLT231Larsonshark\n|raw|JayTodd13's rating: 1221 &rarr; <strong>1196<\/strong><br \/>(-25 for losing)\n|raw|FLT231Larsonshark's rating: 1215 &rarr; <strong>1240<\/strong><br \/>(+25 for winning)\n|c|\u2606JayTodd13|gg\n|c|\u2606FLT231Larsonshark|bro\n|c|\u2606FLT231Larsonshark|dont back seat game me\n|c|\u2606FLT231Larsonshark|he was gonna lead rila\n|c|\u2606FLT231Larsonshark|to counter\n|c| asdzdasdad|rilla is shit against tapu\n|c| asdzdasdad|just tera\n|c|\u2606FLT231Larsonshark|its icy wind support fini btw\n|c| asdzdasdad|oh I see\n|c| asdzdasdad|sorry\n|c|\u2606FLT231Larsonshark|and waste my tera\n|l| asdzdasdad\n|l|\u2606JayTodd13\n","uploadtime":1700687162,"views":10,"p1id":"jaytodd13","p2id":"flt231larsonshark","formatid":"gen9nationaldexdoubles","rating":1196,"private":0,"password":""}