{"id":"gen9nationaldexdoubles-1965015846","p1":"Sakura the blossom","p2":"KnownAsSage","format":"[Gen 9] National Dex Doubles","log":"|j|\u2606Sakura the blossom\n|j|\u2606KnownAsSage\n|t:|1697035805\n|gametype|doubles\n|player|p1|Sakura the blossom|caitlin|\n|player|p2|KnownAsSage|lusamine-nihilego|\n|teamsize|p1|6\n|teamsize|p2|6\n|gen|9\n|tier|[Gen 9] National Dex Doubles\n|rule|HP Percentage Mod: HP is shown in percentages\n|rule|Endless Battle Clause: Forcing endless battles is banned\n|rule|OHKO Clause: OHKO moves are banned\n|rule|Evasion Moves Clause: Evasion moves are banned\n|rule|Evasion Abilities Clause: Evasion abilities are banned\n|rule|Species Clause: Limit one of each Pok\u00e9mon\n|rule|Gravity Sleep Clause: The combination of sleep-inducing moves with imperfect accuracy and Gravity or Gigantamax Orbeetle are banned\n|clearpoke\n|poke|p1|Oricorio-Sensu, F|\n|poke|p1|Volcarona, M|\n|poke|p1|Indeedee-F, F|\n|poke|p1|Alakazam, M|\n|poke|p1|Gallade, M|\n|poke|p1|Metagross|\n|poke|p2|Mimikyu, M|\n|poke|p2|Polteageist|\n|poke|p2|Shuckle, F|\n|poke|p2|Weezing-Galar, F|\n|poke|p2|Toxtricity, F|\n|poke|p2|Sinistcha|\n|teampreview\n|inactive|Battle timer is ON: inactive players will automatically lose when time's up. (requested by Sakura the blossom)\n|c|\u2606KnownAsSage|aghhh wth\n|c|\u2606Sakura the blossom|Gl hg\n|c|\u2606KnownAsSage|u too\n|inactive|KnownAsSage has 270 seconds left.\n|c|\u2606KnownAsSage|sry my cousins be disturbing me\n|\n|t:|1697035842\n|start\n|switch|p1a: Oricorio|Oricorio-Sensu, F, shiny|100\/100\n|switch|p1b: Volcarona|Volcarona, M|100\/100\n|switch|p2a: Polteageist|Polteageist|100\/100\n|switch|p2b: Mimikyu|Mimikyu, M|100\/100\n|turn|1\n|\n|t:|1697035877\n|move|p1b: Volcarona|Fiery Dance|p2b: Mimikyu\n|-activate|p2b: Mimikyu|ability: Disguise\n|-damage|p2b: Mimikyu|100\/100\n|-boost|p1b: Volcarona|spa|1\n|detailschange|p2b: Mimikyu|Mimikyu-Busted, M\n|-damage|p2b: Mimikyu|88\/100|[from] pokemon: Mimikyu-Busted\n|-activate|p1a: Oricorio|ability: Dancer\n|move|p1a: Oricorio|Fiery Dance|p2b: Mimikyu|[from]ability: Dancer\n|-damage|p2b: Mimikyu|57\/100\n|move|p2b: Mimikyu|Swords Dance|p2b: Mimikyu\n|-boost|p2b: Mimikyu|atk|2\n|-activate|p1a: Oricorio|ability: Dancer\n|move|p1a: Oricorio|Swords Dance|p1a: Oricorio|[from]ability: Dancer\n|-boost|p1a: Oricorio|atk|2\n|move|p1a: Oricorio|Revelation Dance|p2a: Polteageist\n|-supereffective|p2a: Polteageist\n|-enditem|p2a: Polteageist|Focus Sash\n|-damage|p2a: Polteageist|1\/100\n|move|p2a: Polteageist|Shell Smash|p2a: Polteageist\n|-unboost|p2a: Polteageist|def|1\n|-unboost|p2a: Polteageist|spd|1\n|-boost|p2a: Polteageist|atk|2\n|-boost|p2a: Polteageist|spa|2\n|-boost|p2a: Polteageist|spe|2\n|\n|upkeep\n|turn|2\n|inactive|Sakura the blossom has 270 seconds left.\n|inactive|KnownAsSage has 270 seconds left.\n|inactive|KnownAsSage has 240 seconds left.\n|\n|t:|1697035943\n|move|p1a: Oricorio|Protect|p1a: Oricorio\n|-singleturn|p1a: Oricorio|Protect\n|move|p2b: Mimikyu|Shadow Sneak|p1b: Volcarona\n|-damage|p1b: Volcarona|34\/100\n|-damage|p2b: Mimikyu|48\/100|[from] item: Life Orb\n|move|p2a: Polteageist|Stored Power|p1a: Oricorio\n|-activate|p1a: Oricorio|move: Protect\n|move|p1b: Volcarona|Fiery Dance|p2b: Mimikyu\n|-damage|p2b: Mimikyu|0 fnt\n|faint|p2b: Mimikyu\n|-activate|p1a: Oricorio|ability: Dancer\n|move|p1a: Oricorio|Fiery Dance|p2a: Polteageist|[from]ability: Dancer\n|-damage|p2a: Polteageist|0 fnt\n|-boost|p1a: Oricorio|spa|1\n|faint|p2a: Polteageist\n|\n|upkeep\n|\n|t:|1697035963\n|switch|p2b: Weezing|Weezing-Galar, F|100\/100\n|switch|p2a: Shuckle|Shuckle, F|100\/100\n|-ability|p2b: Weezing|Neutralizing Gas\n|turn|3\n|inactive|KnownAsSage has 240 seconds left.\n|\n|t:|1697035984\n|move|p1b: Volcarona|Fiery Dance|p2a: Shuckle\n|-damage|p2a: Shuckle|66\/100\n|move|p1a: Oricorio|Revelation Dance|p2a: Shuckle\n|-damage|p2a: Shuckle|33\/100\n|move|p2b: Weezing|Haze|p2b: Weezing\n|-clearallboost\n|move|p2a: Shuckle|Stealth Rock|p1a: Oricorio\n|-sidestart|p1: Sakura the blossom|move: Stealth Rock\n|\n|-heal|p2a: Shuckle|39\/100|[from] item: Leftovers\n|upkeep\n|turn|4\n|\n|t:|1697036013\n|move|p1b: Volcarona|Fiery Dance|p2b: Weezing\n|-crit|p2b: Weezing\n|-damage|p2b: Weezing|12\/100\n|-boost|p1b: Volcarona|spa|1\n|move|p1a: Oricorio|Revelation Dance|p2a: Shuckle\n|-damage|p2a: Shuckle|17\/100\n|move|p2b: Weezing|Toxic Spikes|p1b: Volcarona\n|-sidestart|p1: Sakura the blossom|move: Toxic Spikes\n|move|p2a: Shuckle|Toxic|p1a: Oricorio\n|-status|p1a: Oricorio|tox\n|\n|-heal|p2b: Weezing|18\/100|[from] item: Black Sludge\n|-heal|p2a: Shuckle|23\/100|[from] item: Leftovers\n|-damage|p1a: Oricorio|94\/100 tox|[from] psn\n|upkeep\n|turn|5\n|\n|t:|1697036034\n|move|p2a: Shuckle|Protect|p2a: Shuckle\n|-singleturn|p2a: Shuckle|Protect\n|move|p1b: Volcarona|Fiery Dance|p2b: Weezing\n|-crit|p2b: Weezing\n|-damage|p2b: Weezing|0 fnt\n|-boost|p1b: Volcarona|spa|1\n|faint|p2b: Weezing\n|-end|p2b: Weezing|ability: Neutralizing Gas\n|-activate|p1a: Oricorio|ability: Dancer\n|move|p1a: Oricorio|Fiery Dance|p2a: Shuckle|[from]ability: Dancer\n|-activate|p2a: Shuckle|move: Protect\n|move|p1a: Oricorio|Revelation Dance|p2a: Shuckle\n|-activate|p2a: Shuckle|move: Protect\n|\n|-heal|p2a: Shuckle|29\/100|[from] item: Leftovers\n|-damage|p1a: Oricorio|82\/100 tox|[from] psn\n|upkeep\n|\n|t:|1697036045\n|switch|p2b: Sinistcha|Sinistcha|100\/100\n|-heal|p2a: Shuckle|54\/100|[from] ability: Hospitality|[of] p2b: Sinistcha\n|turn|6\n|\n|t:|1697036065\n|move|p1b: Volcarona|Fiery Dance|p2b: Sinistcha\n|-supereffective|p2b: Sinistcha\n|-damage|p2b: Sinistcha|0 fnt\n|faint|p2b: Sinistcha\n|-activate|p1a: Oricorio|ability: Dancer\n|move|p1a: Oricorio|Fiery Dance|p2a: Shuckle|[from]ability: Dancer\n|-damage|p2a: Shuckle|42\/100\n|-boost|p1a: Oricorio|spa|1\n|move|p1a: Oricorio|Air Slash|p2a: Shuckle\n|-damage|p2a: Shuckle|14\/100\n|cant|p2a: Shuckle|flinch\n|\n|-heal|p2a: Shuckle|20\/100|[from] item: Leftovers\n|-damage|p1a: Oricorio|63\/100 tox|[from] psn\n|upkeep\n|\n|t:|1697036077\n|switch|p2b: Toxtricity|Toxtricity, F|100\/100\n|turn|7\n|c|\u2606KnownAsSage|oof ggs\n|\n|t:|1697036092\n|move|p1b: Volcarona|Fiery Dance|p2b: Toxtricity\n|-damage|p2b: Toxtricity|0 fnt\n|faint|p2b: Toxtricity\n|-activate|p1a: Oricorio|ability: Dancer\n|move|p1a: Oricorio|Fiery Dance|p2a: Shuckle|[from]ability: Dancer\n|-damage|p2a: Shuckle|1\/100\n|move|p1a: Oricorio|Revelation Dance|p2a: Shuckle\n|-damage|p2a: Shuckle|0 fnt\n|faint|p2a: Shuckle\n|\n|win|Sakura the blossom\n|c|\u2606Sakura the blossom|Gg\n|c|\u2606KnownAsSage|got swepy\n|c|\u2606KnownAsSage|swept*\n","uploadtime":1697036109,"views":12,"p1id":"sakuratheblossom","p2id":"knownassage","formatid":"gen9nationaldexdoubles","rating":0,"private":0,"password":""}