{"id":"gen9nationaldexdoubles-1948942993","p1":"toffee1497","p2":"AerixThorn","format":"[Gen 9] National Dex Doubles","log":"|j|\u2606toffee1497\n|j|\u2606AerixThorn\n|t:|1695314239\n|gametype|doubles\n|player|p1|toffee1497|elio|1266\n|player|p2|AerixThorn|riley|1151\n|teamsize|p1|6\n|teamsize|p2|6\n|gen|9\n|tier|[Gen 9] National Dex Doubles\n|rated|\n|rule|HP Percentage Mod: HP is shown in percentages\n|rule|Endless Battle Clause: Forcing endless battles is banned\n|rule|OHKO Clause: OHKO moves are banned\n|rule|Evasion Moves Clause: Evasion moves are banned\n|rule|Evasion Abilities Clause: Evasion abilities are banned\n|rule|Species Clause: Limit one of each Pok\u00e9mon\n|rule|Gravity Sleep Clause: The combination of sleep-inducing moves with imperfect accuracy and Gravity or Gigantamax Orbeetle are banned\n|clearpoke\n|poke|p1|Mimikyu, M|\n|poke|p1|Ribombee, F|\n|poke|p1|Feraligatr, M|\n|poke|p1|Primarina, F|\n|poke|p1|Goodra, M|\n|poke|p1|Dragalge, F|\n|poke|p2|Maushold|\n|poke|p2|Kommo-o, F|\n|poke|p2|Grimmsnarl, M|\n|poke|p2|Klefki, M|\n|poke|p2|Amoonguss, F|\n|poke|p2|Veluza, F|\n|teampreview\n|inactive|Battle timer is ON: inactive players will automatically lose when time's up. (requested by AerixThorn)\n|\n|t:|1695314261\n|start\n|switch|p1a: Primarina|Primarina, F|100\/100\n|switch|p1b: Dragalge|Dragalge, F|100\/100\n|switch|p2a: Maushold|Maushold|100\/100\n|switch|p2b: Kommo-o|Kommo-o, F|100\/100\n|turn|1\n|\n|t:|1695314290\n|move|p2a: Maushold|Population Bomb|p1a: Primarina\n|-damage|p1a: Primarina|86\/100\n|-damage|p1a: Primarina|73\/100\n|-damage|p1a: Primarina|60\/100\n|-damage|p1a: Primarina|48\/100\n|-damage|p1a: Primarina|35\/100\n|-damage|p1a: Primarina|21\/100\n|-damage|p1a: Primarina|7\/100\n|-damage|p1a: Primarina|0 fnt\n|faint|p1a: Primarina\n|-hitcount|p1: Primarina|8\n|move|p2b: Kommo-o|Clangorous Soul|p2b: Kommo-o\n|-boost|p2b: Kommo-o|atk|1\n|-boost|p2b: Kommo-o|def|1\n|-boost|p2b: Kommo-o|spa|1\n|-boost|p2b: Kommo-o|spd|1\n|-boost|p2b: Kommo-o|spe|1\n|-damage|p2b: Kommo-o|68\/100\n|move|p1b: Dragalge|Sludge Bomb|p2a: Maushold\n|-damage|p2a: Maushold|31\/100\n|-status|p2a: Maushold|psn\n|\n|-heal|p2b: Kommo-o|74\/100|[from] item: Leftovers\n|-damage|p2a: Maushold|18\/100 psn|[from] psn\n|upkeep\n|inactive|toffee1497 has 120 seconds left.\n|\n|t:|1695314315\n|switch|p1a: Ribombee|Ribombee, F|100\/100\n|turn|2\n|\n|t:|1695314332\n|move|p2b: Kommo-o|Breaking Swipe|p1b: Dragalge|[spread] p1b\n|-immune|p1a: Ribombee\n|-supereffective|p1b: Dragalge\n|-damage|p1b: Dragalge|33\/100\n|-unboost|p1b: Dragalge|atk|1\n|move|p1a: Ribombee|Dazzling Gleam|p2b: Kommo-o|[spread] p2a,p2b\n|-supereffective|p2b: Kommo-o\n|-damage|p2a: Maushold|0 fnt\n|-damage|p2b: Kommo-o|2\/100\n|faint|p2a: Maushold\n|move|p1b: Dragalge|Dragon Pulse|p2b: Kommo-o\n|-supereffective|p2b: Kommo-o\n|-damage|p2b: Kommo-o|0 fnt\n|faint|p2b: Kommo-o\n|\n|-heal|p1b: Dragalge|39\/100|[from] item: Black Sludge\n|upkeep\n|\n|t:|1695314339\n|switch|p2a: Grimmsnarl|Grimmsnarl, M|100\/100\n|switch|p2b: Klefki|Klefki, M|100\/100\n|turn|3\n|\n|t:|1695314359\n|move|p2b: Klefki|Calm Mind|p2b: Klefki\n|-boost|p2b: Klefki|spa|1\n|-boost|p2b: Klefki|spd|1\n|move|p2a: Grimmsnarl|Light Screen|p2a: Grimmsnarl\n|-sidestart|p2: AerixThorn|move: Light Screen\n|move|p1a: Ribombee|Pollen Puff|p2b: Klefki\n|-resisted|p2b: Klefki\n|-damage|p2b: Klefki|95\/100\n|move|p1b: Dragalge|Rest|p1b: Dragalge\n|-block|p1b: Dragalge|ability: Sweet Veil|[of] p1a: Ribombee\n|\n|-heal|p1b: Dragalge|45\/100|[from] item: Black Sludge\n|upkeep\n|turn|4\n|c|\u2606toffee1497|oops\n|c|\u2606toffee1497|misclick\n|inactive|toffee1497 has 120 seconds left.\n|\n|t:|1695314390\n|move|p2b: Klefki|Calm Mind|p2b: Klefki\n|-boost|p2b: Klefki|spa|1\n|-boost|p2b: Klefki|spd|1\n|move|p1a: Ribombee|Defog|p2b: Klefki\n|-unboost|p2b: Klefki|evasion|1\n|-sideend|p2: AerixThorn|move: Light Screen\n|move|p2a: Grimmsnarl|Play Rough|p1b: Dragalge\n|-damage|p1b: Dragalge|3\/100\n|move|p1b: Dragalge|Sludge Bomb|p2a: Grimmsnarl\n|-supereffective|p2a: Grimmsnarl\n|-damage|p2a: Grimmsnarl|39\/100\n|\n|-heal|p1b: Dragalge|9\/100|[from] item: Black Sludge\n|upkeep\n|turn|5\n|\n|t:|1695314406\n|move|p2a: Grimmsnarl|Light Screen|p2a: Grimmsnarl\n|-sidestart|p2: AerixThorn|move: Light Screen\n|move|p1a: Ribombee|Pollen Puff|p1b: Dragalge\n|-heal|p1b: Dragalge|59\/100\n|move|p2b: Klefki|Draining Kiss|p1a: Ribombee\n|-damage|p1a: Ribombee|43\/100\n|-heal|p2b: Klefki|100\/100|[from] drain|[of] p1a: Ribombee\n|move|p1b: Dragalge|Sludge Bomb|p2a: Grimmsnarl\n|-supereffective|p2a: Grimmsnarl\n|-damage|p2a: Grimmsnarl|0 fnt\n|faint|p2a: Grimmsnarl\n|\n|-heal|p1b: Dragalge|65\/100|[from] item: Black Sludge\n|upkeep\n|\n|t:|1695314431\n|switch|p2a: Amoonguss|Amoonguss, F|100\/100\n|turn|6\n|\n|t:|1695314446\n|move|p2a: Amoonguss|Rage Powder|p2a: Amoonguss\n|-singleturn|p2a: Amoonguss|move: Rage Powder\n|move|p1a: Ribombee|Defog|p2a: Amoonguss\n|-unboost|p2a: Amoonguss|evasion|1\n|-sideend|p2: AerixThorn|move: Light Screen\n|move|p2b: Klefki|Draining Kiss|p1a: Ribombee\n|-damage|p1a: Ribombee|0 fnt\n|faint|p1a: Ribombee\n|move|p1b: Dragalge|Dragon Pulse|p2a: Amoonguss\n|-damage|p2a: Amoonguss|72\/100\n|\n|-heal|p1b: Dragalge|71\/100|[from] item: Black Sludge\n|-heal|p2a: Amoonguss|78\/100|[from] item: Leftovers\n|upkeep\n|\n|t:|1695314459\n|switch|p1a: Feraligatr|Feraligatr, M|100\/100\n|turn|7\n|\n|t:|1695314471\n|move|p1a: Feraligatr|Liquidation|p2b: Klefki\n|-damage|p2b: Klefki|46\/100\n|move|p2b: Klefki|Draining Kiss|p1b: Dragalge\n|-damage|p1b: Dragalge|45\/100\n|-heal|p2b: Klefki|67\/100|[from] drain|[of] p1b: Dragalge\n|move|p1b: Dragalge|Dragon Pulse|p2a: Amoonguss\n|-damage|p2a: Amoonguss|51\/100\n|move|p2a: Amoonguss|Spore|p1a: Feraligatr\n|-status|p1a: Feraligatr|slp|[from] move: Spore\n|\n|-heal|p1b: Dragalge|51\/100|[from] item: Black Sludge\n|-heal|p2a: Amoonguss|57\/100|[from] item: Leftovers\n|upkeep\n|turn|8\n|inactive|toffee1497 has 120 seconds left.\n|\n|t:|1695314503\n|switch|p1a: Mimikyu|Mimikyu, M|100\/100\n|move|p2b: Klefki|Draining Kiss|p1a: Mimikyu\n|-activate|p1a: Mimikyu|ability: Disguise\n|-damage|p1a: Mimikyu|100\/100\n|detailschange|p1a: Mimikyu|Mimikyu-Busted, M\n|-damage|p1a: Mimikyu|88\/100|[from] pokemon: Mimikyu-Busted\n|move|p1b: Dragalge|Rest|p1b: Dragalge\n|-status|p1b: Dragalge|slp|[from] move: Rest\n|-heal|p1b: Dragalge|100\/100 slp|[silent]\n|move|p2a: Amoonguss|Ingrain|p2a: Amoonguss\n|-start|p2a: Amoonguss|move: Ingrain\n|\n|-heal|p2a: Amoonguss|63\/100|[from] item: Leftovers\n|-heal|p2a: Amoonguss|69\/100|[from] Ingrain\n|upkeep\n|turn|9\n|\n|t:|1695314538\n|move|p1a: Mimikyu|Taunt|p2a: Amoonguss\n|-start|p2a: Amoonguss|move: Taunt\n|move|p2b: Klefki|Draining Kiss|p1a: Mimikyu\n|-damage|p1a: Mimikyu|40\/100\n|-heal|p2b: Klefki|95\/100|[from] drain|[of] p1a: Mimikyu\n|cant|p1b: Dragalge|slp\n|move|p1b: Dragalge|Sleep Talk|p1b: Dragalge\n|move|p1b: Dragalge|Rest||[from]move: Sleep Talk|[still]\n|-fail|p1b: Dragalge\n|cant|p2a: Amoonguss|move: Taunt|Spore\n|\n|-heal|p2a: Amoonguss|75\/100|[from] item: Leftovers\n|-heal|p2a: Amoonguss|81\/100|[from] Ingrain\n|upkeep\n|turn|10\n|\n|t:|1695314559\n|switch|p1a: Feraligatr|Feraligatr, M|100\/100 slp\n|move|p2b: Klefki|Draining Kiss|p1a: Feraligatr\n|-damage|p1a: Feraligatr|54\/100 slp\n|-heal|p2b: Klefki|100\/100|[from] drain|[of] p1a: Feraligatr\n|cant|p1b: Dragalge|slp\n|move|p1b: Dragalge|Sleep Talk|p1b: Dragalge\n|move|p1b: Dragalge|Dragon Pulse|p2a: Amoonguss|[from]move: Sleep Talk\n|-damage|p2a: Amoonguss|54\/100\n|move|p2a: Amoonguss|Clear Smog|p1a: Feraligatr\n|-damage|p1a: Feraligatr|33\/100 slp\n|-clearboost|p1a: Feraligatr\n|\n|-heal|p2a: Amoonguss|60\/100|[from] item: Leftovers\n|-heal|p2a: Amoonguss|66\/100|[from] Ingrain\n|upkeep\n|turn|11\n|\n|t:|1695314580\n|cant|p1a: Feraligatr|slp\n|move|p2b: Klefki|Draining Kiss|p1a: Feraligatr\n|-damage|p1a: Feraligatr|0 fnt\n|faint|p1a: Feraligatr\n|-curestatus|p1b: Dragalge|slp|[msg]\n|move|p1b: Dragalge|Dragon Pulse|p2a: Amoonguss\n|-damage|p2a: Amoonguss|39\/100\n|move|p2a: Amoonguss|Clear Smog|p1b: Dragalge\n|-resisted|p1b: Dragalge\n|-crit|p1b: Dragalge\n|-damage|p1b: Dragalge|92\/100\n|-clearboost|p1b: Dragalge\n|\n|-heal|p1b: Dragalge|98\/100|[from] item: Black Sludge\n|-heal|p2a: Amoonguss|45\/100|[from] item: Leftovers\n|-heal|p2a: Amoonguss|51\/100|[from] Ingrain\n|-end|p2a: Amoonguss|move: Taunt\n|upkeep\n|inactive|toffee1497 has 120 seconds left.\n|\n|t:|1695314597\n|switch|p1a: Goodra|Goodra, M|100\/100\n|turn|12\n|\n|t:|1695314611\n|-terastallize|p1a: Goodra|Poison\n|move|p2a: Amoonguss|Rage Powder|p2a: Amoonguss\n|-singleturn|p2a: Amoonguss|move: Rage Powder\n|move|p1a: Goodra|Flamethrower|p2a: Amoonguss\n|-supereffective|p2a: Amoonguss\n|-damage|p2a: Amoonguss|7\/100\n|move|p2b: Klefki|Draining Kiss|p1a: Goodra\n|-resisted|p1a: Goodra\n|-damage|p1a: Goodra|94\/100\n|move|p1b: Dragalge|Dragon Pulse|p2a: Amoonguss\n|-damage|p2a: Amoonguss|0 fnt\n|faint|p2a: Amoonguss\n|\n|-heal|p1b: Dragalge|100\/100|[from] item: Black Sludge\n|upkeep\n|\n|t:|1695314632\n|switch|p2a: Veluza|Veluza, F|100\/100\n|turn|13\n|\n|t:|1695314640\n|move|p2b: Klefki|Thunder Wave|p1b: Dragalge\n|-status|p1b: Dragalge|par\n|move|p1a: Goodra|Flamethrower|p2b: Klefki\n|-supereffective|p2b: Klefki\n|-damage|p2b: Klefki|60\/100\n|move|p2a: Veluza|Psycho Cut|p1a: Goodra\n|-supereffective|p1a: Goodra\n|-damage|p1a: Goodra|0 fnt\n|faint|p1a: Goodra\n|move|p1b: Dragalge|Dragon Pulse|p2a: Veluza\n|-damage|p2a: Veluza|45\/100\n|\n|upkeep\n|\n|t:|1695314648\n|switch|p1a: Mimikyu|Mimikyu-Busted, M|40\/100\n|turn|14\n|\n|t:|1695314657\n|move|p1a: Mimikyu|Shadow Sneak|p2a: Veluza\n|-supereffective|p2a: Veluza\n|-damage|p2a: Veluza|0 fnt\n|faint|p2a: Veluza\n|move|p2b: Klefki|Draining Kiss|p1b: Dragalge\n|-crit|p1b: Dragalge\n|-damage|p1b: Dragalge|64\/100 par\n|-heal|p2b: Klefki|88\/100|[from] drain|[of] p1b: Dragalge\n|move|p1b: Dragalge|Dragon Pulse|p2b: Klefki\n|-immune|p2b: Klefki\n|\n|-heal|p1b: Dragalge|70\/100 par|[from] item: Black Sludge\n|upkeep\n|turn|15\n|\n|t:|1695314668\n|move|p2b: Klefki|Iron Defense|p2b: Klefki\n|-boost|p2b: Klefki|def|2\n|move|p1a: Mimikyu|Will-O-Wisp|p2b: Klefki\n|-status|p2b: Klefki|brn\n|move|p1b: Dragalge|Rest|p1b: Dragalge\n|-status|p1b: Dragalge|slp|[from] move: Rest\n|-heal|p1b: Dragalge|100\/100 slp|[silent]\n|\n|-damage|p2b: Klefki|82\/100 brn|[from] brn\n|upkeep\n|turn|16\n|\n|t:|1695314688\n|move|p1a: Mimikyu|Shadow Sneak|p2b: Klefki\n|-damage|p2b: Klefki|74\/100 brn\n|move|p2b: Klefki|Thunder Wave|p1a: Mimikyu\n|-status|p1a: Mimikyu|par\n|cant|p1b: Dragalge|slp\n|move|p1b: Dragalge|Sleep Talk|p1b: Dragalge\n|move|p1b: Dragalge|Sludge Bomb|p2b: Klefki|[from]move: Sleep Talk\n|-immune|p2b: Klefki\n|\n|-damage|p2b: Klefki|68\/100 brn|[from] brn\n|upkeep\n|turn|17\n|inactive|toffee1497 has 120 seconds left.\n|c|\u2606toffee1497|you know you wanna terastalize? yeah?\n|inactive|toffee1497 has 90 seconds left.\n|\n|t:|1695314753\n|move|p1a: Mimikyu|Shadow Sneak|p2b: Klefki\n|-damage|p2b: Klefki|60\/100 brn\n|move|p2b: Klefki|Draining Kiss|p1a: Mimikyu\n|-damage|p1a: Mimikyu|0 fnt\n|-heal|p2b: Klefki|84\/100 brn|[from] drain|[of] p1a: Mimikyu\n|faint|p1a: Mimikyu\n|cant|p1b: Dragalge|slp\n|move|p1b: Dragalge|Sleep Talk|p1b: Dragalge\n|move|p1b: Dragalge|Rest||[from]move: Sleep Talk|[still]\n|-fail|p1b: Dragalge\n|\n|-damage|p2b: Klefki|78\/100 brn|[from] brn\n|upkeep\n|turn|18\n|\n|t:|1695314767\n|move|p2b: Klefki|Draining Kiss|p1b: Dragalge\n|-damage|p1b: Dragalge|78\/100 slp\n|-heal|p2b: Klefki|95\/100 brn|[from] drain|[of] p1b: Dragalge\n|-curestatus|p1b: Dragalge|slp|[msg]\n|move|p1b: Dragalge|Sludge Bomb|p2b: Klefki\n|-immune|p2b: Klefki\n|\n|-heal|p1b: Dragalge|84\/100|[from] item: Black Sludge\n|-damage|p2b: Klefki|89\/100 brn|[from] brn\n|upkeep\n|turn|19\n|inactive|toffee1497 has 120 seconds left.\n|\n|t:|1695314784\n|move|p2b: Klefki|Draining Kiss|p1b: Dragalge\n|-damage|p1b: Dragalge|60\/100\n|-heal|p2b: Klefki|100\/100 brn|[from] drain|[of] p1b: Dragalge\n|move|p1b: Dragalge|Sludge Bomb|p2b: Klefki\n|-immune|p2b: Klefki\n|\n|-heal|p1b: Dragalge|66\/100|[from] item: Black Sludge\n|-damage|p2b: Klefki|95\/100 brn|[from] brn\n|upkeep\n|turn|20\n|c|\u2606toffee1497|its possible to stall this out\n|c|\u2606toffee1497|but we all have better shit to do\n|-message|toffee1497 forfeited.\n|\n|win|AerixThorn\n|raw|toffee1497's rating: 1266 &rarr; <strong>1233<\/strong><br \/>(-33 for losing)\n|raw|AerixThorn's rating: 1151 &rarr; <strong>1184<\/strong><br \/>(+33 for winning)\n|c|\u2606toffee1497|you're welcome\n|c|\u2606toffee1497|gg\n|l|\u2606toffee1497\n","uploadtime":1695315100,"views":8,"p1id":"toffee1497","p2id":"aerixthorn","formatid":"gen9nationaldexdoubles","rating":1184,"private":0,"password":""}