{"id":"gen9nationaldexdoubles-1994498058","p1":"sans525262","p2":"NoseHairs420","format":"[Gen 9] National Dex Doubles","log":"|j|\u2606sans525262\n|j|\u2606NoseHairs420\n|t:|1700450978\n|gametype|doubles\n|player|p1|sans525262|preschooler|\n|player|p2|NoseHairs420|drayden|\n|teamsize|p1|6\n|teamsize|p2|6\n|gen|9\n|tier|[Gen 9] National Dex Doubles\n|rule|HP Percentage Mod: HP is shown in percentages\n|rule|Endless Battle Clause: Forcing endless battles is banned\n|rule|OHKO Clause: OHKO moves are banned\n|rule|Evasion Moves Clause: Evasion moves are banned\n|rule|Evasion Abilities Clause: Evasion abilities are banned\n|rule|Species Clause: Limit one of each Pok\u00e9mon\n|rule|Gravity Sleep Clause: The combination of sleep-inducing moves with imperfect accuracy and Gravity or Gigantamax Orbeetle are banned\n|clearpoke\n|poke|p1|Amoonguss, M|\n|poke|p1|Charizard, M|\n|poke|p1|Victini|\n|poke|p1|Armarouge, M|\n|poke|p1|Indeedee-F, F|\n|poke|p1|Ogerpon-Hearthflame, F|\n|poke|p2|Sinistcha-Masterpiece|\n|poke|p2|Volcanion|\n|poke|p2|Kingambit, F|\n|poke|p2|Iron Hands|\n|poke|p2|Ursaluna, F|\n|poke|p2|Cresselia, F|\n|teampreview\n|j| Shiny_Hero64\n|inactive|Battle timer is ON: inactive players will automatically lose when time's up. (requested by NoseHairs420)\n|j| Eliminathan\n|j| TestudoJK\n|inactive|sans525262 has 270 seconds left.\n|\n|t:|1700451018\n|start\n|switch|p1a: Victini|Victini|100\/100\n|switch|p1b: Indeedee|Indeedee-F, F|100\/100\n|switch|p2a: Anastasia|Sinistcha-Masterpiece|100\/100\n|switch|p2b: hor hor hor hor|Iron Hands|100\/100\n|-fieldstart|move: Psychic Terrain|[from] ability: Psychic Surge|[of] p1b: Indeedee\n|turn|1\n|inactive|NoseHairs420 has 270 seconds left.\n|inactive|NoseHairs420 has 240 seconds left.\n|\n|t:|1700451091\n|switch|p1b: Armarouge|Armarouge, M|100\/100\n|move|p2b: hor hor hor hor|Fake Out|p1a: Victini\n|-activate|p1a: Victini|move: Psychic Terrain\n|move|p1a: Victini|Searing Shot|p2b: hor hor hor hor|[spread] p2a,p2b\n|-start|p1b: Armarouge|ability: Flash Fire\n|-supereffective|p2a: Anastasia\n|-damage|p2a: Anastasia|23\/100\n|-damage|p2b: hor hor hor hor|77\/100\n|-status|p2a: Anastasia|brn\n|move|p2a: Anastasia|Trick Room|p2a: Anastasia\n|-fieldstart|move: Trick Room|[of] p2a: Anastasia\n|\n|-damage|p2a: Anastasia|17\/100 brn|[from] brn\n|upkeep\n|turn|2\n|inactive|NoseHairs420 has 240 seconds left.\n|\n|t:|1700451115\n|-end|p2b: hor hor hor hor|Quark Drive|[silent]\n|switch|p2b: Freddy Fazbear|Ursaluna, F|100\/100\n|switch|p2a: William|Volcanion|100\/100\n|move|p1b: Armarouge|Calm Mind|p1b: Armarouge\n|-boost|p1b: Armarouge|spa|1\n|-boost|p1b: Armarouge|spd|1\n|move|p1a: Victini|Searing Shot|p2b: Freddy Fazbear|[spread] p2a,p2b\n|-immune|p1b: Armarouge|[from] ability: Flash Fire\n|-resisted|p2a: William\n|-damage|p2a: William|88\/100\n|-damage|p2b: Freddy Fazbear|57\/100\n|\n|-status|p2b: Freddy Fazbear|brn|[from] item: Flame Orb\n|upkeep\n|turn|3\n|j| Ryan1Baek\n|c|\u2606NoseHairs420|O Cholera\n|c|\u2606NoseHairs420|Czy to Freddy Fazbear?\n|inactive|NoseHairs420 has 240 seconds left.\n|\n|t:|1700451143\n|move|p2b: Freddy Fazbear|Headlong Rush|p1b: Armarouge\n|-supereffective|p1b: Armarouge\n|-damage|p1b: Armarouge|0 fnt\n|-unboost|p2b: Freddy Fazbear|def|1\n|-unboost|p2b: Freddy Fazbear|spd|1\n|faint|p1b: Armarouge\n|move|p2a: William|Steam Eruption|p1a: Victini\n|-supereffective|p1a: Victini\n|-damage|p1a: Victini|12\/100\n|move|p1a: Victini|Searing Shot|p2a: William|[spread] p2a,p2b\n|-resisted|p2a: William\n|-damage|p2a: William|75\/100\n|-damage|p2b: Freddy Fazbear|0 fnt\n|faint|p2b: Freddy Fazbear\n|\n|upkeep\n|\n|t:|1700451160\n|switch|p2b: Tsuki|Cresselia, F|100\/100\n|switch|p1b: Amoonguss|Amoonguss, M|100\/100\n|turn|4\n|\n|t:|1700451176\n|switch|p1a: Indeedee|Indeedee-F, F|100\/100\n|move|p1b: Amoonguss|Spore|p2b: Tsuki\n|-status|p2b: Tsuki|slp|[from] move: Spore\n|move|p2a: William|Steam Eruption|p1a: Indeedee\n|-damage|p1a: Indeedee|56\/100\n|cant|p2b: Tsuki|slp\n|\n|upkeep\n|turn|5\n|\n|t:|1700451191\n|move|p1b: Amoonguss|Pollen Puff|p1a: Indeedee\n|-heal|p1a: Indeedee|100\/100\n|move|p2a: William|Heat Wave|p1a: Indeedee|[spread] p1a,p1b\n|-supereffective|p1b: Amoonguss\n|-damage|p1a: Indeedee|70\/100\n|-damage|p1b: Amoonguss|43\/100\n|-status|p1a: Indeedee|brn\n|-status|p1b: Amoonguss|brn\n|-curestatus|p2b: Tsuki|slp|[msg]\n|move|p2b: Tsuki|Psychic|p1b: Amoonguss\n|-supereffective|p1b: Amoonguss\n|-damage|p1b: Amoonguss|0 fnt\n|faint|p1b: Amoonguss\n|move|p1a: Indeedee|Light Screen|p1a: Indeedee\n|-sidestart|p1: sans525262|move: Light Screen\n|\n|-damage|p1a: Indeedee|64\/100 brn|[from] brn\n|-fieldend|move: Trick Room\n|-fieldend|move: Psychic Terrain\n|upkeep\n|c|\u2606sans525262|ight\n|inactive|sans525262 has 270 seconds left.\n|\n|t:|1700451217\n|switch|p1b: Victini|Victini|12\/100\n|turn|6\n|inactive|sans525262 has 270 seconds left.\n|\n|t:|1700451245\n|move|p2b: Tsuki|Ally Switch|p2b: Tsuki\n|swap|p2b: Tsuki|0|[from] move: Ally Switch\n|move|p1b: Victini|Energy Ball|p2a: Tsuki\n|-damage|p2a: Tsuki|78\/100\n|move|p1a: Indeedee|Expanding Force|p2a: Tsuki\n|-resisted|p2a: Tsuki\n|-crit|p2a: Tsuki\n|-damage|p2a: Tsuki|66\/100\n|move|p2b: William|Steam Eruption|p1b: Victini\n|-supereffective|p1b: Victini\n|-damage|p1b: Victini|0 fnt\n|faint|p1b: Victini\n|\n|-heal|p2a: Tsuki|72\/100|[from] item: Leftovers\n|-damage|p1a: Indeedee|58\/100 brn|[from] brn\n|upkeep\n|\n|t:|1700451248\n|switch|p1b: Charizard|Charizard, M|100\/100\n|turn|7\n|j| Dylanpika99\n|\n|t:|1700451268\n|detailschange|p1b: Charizard|Charizard-Mega-Y, M\n|-mega|p1b: Charizard|Charizard|Charizardite Y\n|-weather|SunnyDay|[from] ability: Drought|[of] p1b: Charizard\n|-terastallize|p1a: Indeedee|Psychic\n|move|p1b: Charizard|Scorching Sands|p2b: William\n|-supereffective|p2b: William\n|-damage|p2b: William|19\/100\n|move|p1a: Indeedee|Expanding Force|p2a: Tsuki\n|-resisted|p2a: Tsuki\n|-crit|p2a: Tsuki\n|-damage|p2a: Tsuki|57\/100\n|move|p2a: Tsuki|Lunar Blessing|p2a: Tsuki|[spread] p2a,p2b\n|-heal|p2a: Tsuki|82\/100\n|-heal|p2b: William|44\/100\n|move|p2b: William|Steam Eruption|p1b: Charizard|[miss]\n|-miss|p2b: William|p1b: Charizard\n|\n|-weather|SunnyDay|[upkeep]\n|-heal|p2a: Tsuki|88\/100|[from] item: Leftovers\n|-damage|p1a: Indeedee|52\/100 brn|[from] brn\n|upkeep\n|turn|8\n|inactive|sans525262 has 270 seconds left.\n|\n|t:|1700451302\n|move|p2a: Tsuki|Ally Switch|p2a: Tsuki\n|swap|p2a: Tsuki|1|[from] move: Ally Switch\n|move|p1b: Charizard|Flamethrower|p2a: William\n|-resisted|p2a: William\n|-damage|p2a: William|22\/100\n|move|p1a: Indeedee|Expanding Force|p2a: William\n|-damage|p2a: William|0 fnt\n|faint|p2a: William\n|\n|-weather|SunnyDay|[upkeep]\n|-heal|p2b: Tsuki|94\/100|[from] item: Leftovers\n|-damage|p1a: Indeedee|45\/100 brn|[from] brn\n|upkeep\n|\n|t:|1700451315\n|switch|p2a: hor hor hor hor|Iron Hands|77\/100\n|turn|9\n|l| Dylanpika99\n|\n|t:|1700451334\n|move|p2a: hor hor hor hor|Fake Out|p1b: Charizard\n|-damage|p1b: Charizard|77\/100\n|cant|p1b: Charizard|flinch\n|move|p1a: Indeedee|Reflect|p1a: Indeedee\n|-sidestart|p1: sans525262|Reflect\n|move|p2b: Tsuki|Lunar Blessing|p2b: Tsuki|[spread] p2a,p2b\n|-heal|p2a: hor hor hor hor|100\/100\n|-heal|p2b: Tsuki|100\/100\n|\n|-weather|SunnyDay|[upkeep]\n|-damage|p1a: Indeedee|39\/100 brn|[from] brn\n|upkeep\n|turn|10\n|\n|t:|1700451348\n|move|p2b: Tsuki|Ally Switch|p2b: Tsuki\n|swap|p2b: Tsuki|0|[from] move: Ally Switch\n|move|p1b: Charizard|Flamethrower|p2a: Tsuki\n|-damage|p2a: Tsuki|55\/100\n|move|p1a: Indeedee|Expanding Force|p2b: hor hor hor hor\n|-supereffective|p2b: hor hor hor hor\n|-damage|p2b: hor hor hor hor|64\/100\n|move|p2b: hor hor hor hor|Wild Charge|p1b: Charizard\n|-supereffective|p1b: Charizard\n|-damage|p1b: Charizard|0 fnt\n|faint|p1b: Charizard\n|-damage|p2b: hor hor hor hor|51\/100|[from] Recoil\n|\n|-weather|SunnyDay|[upkeep]\n|-heal|p2a: Tsuki|61\/100|[from] item: Leftovers\n|-damage|p1a: Indeedee|33\/100 brn|[from] brn\n|upkeep\n|\n|t:|1700451354\n|switch|p1b: Ogerpon|Ogerpon-Hearthflame, F|100\/100\n|-ability|p1b: Ogerpon|Mold Breaker\n|turn|11\n|\n|t:|1700451378\n|switch|p2a: Anastasia|Sinistcha-Masterpiece|17\/100 brn\n|-heal|p2b: hor hor hor hor|76\/100|[from] ability: Hospitality|[of] p2a: Anastasia\n|move|p1b: Ogerpon|Swords Dance|p1b: Ogerpon\n|-boost|p1b: Ogerpon|atk|2\n|move|p1a: Indeedee|Expanding Force|p2b: hor hor hor hor\n|-supereffective|p2b: hor hor hor hor\n|-damage|p2b: hor hor hor hor|36\/100\n|move|p2b: hor hor hor hor|Heavy Slam|p1a: Indeedee\n|-damage|p1a: Indeedee|0 fnt\n|faint|p1a: Indeedee\n|\n|-weather|none\n|-damage|p2a: Anastasia|11\/100 brn|[from] brn\n|upkeep\n|turn|12\n|\n|t:|1700451401\n|move|p2a: Anastasia|Rage Powder|p2a: Anastasia\n|-singleturn|p2a: Anastasia|move: Rage Powder\n|move|p1b: Ogerpon|Ivy Cudgel|p2b: hor hor hor hor|[anim] Ivy Cudgel Fire\n|-crit|p2b: hor hor hor hor\n|-damage|p2b: hor hor hor hor|0 fnt\n|faint|p2b: hor hor hor hor\n|-end|p2b: hor hor hor hor|Quark Drive|[silent]\n|\n|-damage|p2a: Anastasia|5\/100 brn|[from] brn\n|-sideend|p1: sans525262|move: Light Screen\n|upkeep\n|inactive|NoseHairs420 has 270 seconds left.\n|inactive|NoseHairs420 has 240 seconds left.\n|\n|t:|1700451465\n|switch|p2b: Tony Tony Chopper|Kingambit, F|100\/100\n|turn|13\n|\n|t:|1700451476\n|move|p2a: Anastasia|Rage Powder|p2a: Anastasia\n|-singleturn|p2a: Anastasia|move: Rage Powder\n|move|p2b: Tony Tony Chopper|Sucker Punch|p1b: Ogerpon\n|-damage|p1b: Ogerpon|59\/100\n|move|p1b: Ogerpon|Ivy Cudgel|p2b: Tony Tony Chopper|[anim] Ivy Cudgel Fire\n|-supereffective|p2b: Tony Tony Chopper\n|-crit|p2b: Tony Tony Chopper\n|-damage|p2b: Tony Tony Chopper|0 fnt\n|faint|p2b: Tony Tony Chopper\n|\n|-damage|p2a: Anastasia|0 fnt|[from] brn\n|faint|p2a: Anastasia\n|upkeep\n|inactive|NoseHairs420 has 240 seconds left.\n|\n|t:|1700451488\n|switch|p2a: Tsuki|Cresselia, F|61\/100\n|turn|14\n|\n|t:|1700451500\n|move|p1b: Ogerpon|Ivy Cudgel|p2a: Tsuki|[anim] Ivy Cudgel Fire\n|-damage|p2a: Tsuki|0 fnt\n|faint|p2a: Tsuki\n|\n|win|sans525262\n","uploadtime":1700451507,"views":16,"p1id":"sans525262","p2id":"nosehairs420","formatid":"gen9nationaldexdoubles","rating":0,"private":0,"password":""}