{"id":"gen9nationaldexdoubles-1977620181","p1":"hoodiichi","p2":"Batman135","format":"[Gen 9] National Dex Doubles","log":"|j|\u2606hoodiichi\n|j|\u2606Batman135\n|t:|1698432496\n|gametype|doubles\n|player|p1|hoodiichi|lucas|1035\n|player|p2|Batman135|1|1199\n|teamsize|p1|6\n|teamsize|p2|6\n|gen|9\n|tier|[Gen 9] National Dex Doubles\n|rated|\n|rule|HP Percentage Mod: HP is shown in percentages\n|rule|Endless Battle Clause: Forcing endless battles is banned\n|rule|OHKO Clause: OHKO moves are banned\n|rule|Evasion Moves Clause: Evasion moves are banned\n|rule|Evasion Abilities Clause: Evasion abilities are banned\n|rule|Species Clause: Limit one of each Pok\u00e9mon\n|rule|Gravity Sleep Clause: The combination of sleep-inducing moves with imperfect accuracy and Gravity or Gigantamax Orbeetle are banned\n|clearpoke\n|poke|p1|Muk-Alola, M|\n|poke|p1|Oricorio, M|\n|poke|p1|Dragonite, F|\n|poke|p1|Latios, M|\n|poke|p1|Comfey, F|\n|poke|p1|Gardevoir, F|\n|poke|p2|Kommo-o, F|\n|poke|p2|Pachirisu, F|\n|poke|p2|Cresselia, F|\n|poke|p2|Flamigo, F|\n|poke|p2|Diancie|\n|poke|p2|Manaphy|\n|teampreview\n|inactive|Battle timer is ON: inactive players will automatically lose when time's up. (requested by hoodiichi)\n|\n|t:|1698432502\n|start\n|switch|p1a: Muk|Muk-Alola, M|100\/100\n|switch|p1b: don\u2019t kill me|Oricorio, M|100\/100\n|switch|p2a: Pachirisu|Pachirisu, F|100\/100\n|switch|p2b: Kommo-o|Kommo-o, F|100\/100\n|turn|1\n|\n|t:|1698432525\n|move|p1b: don\u2019t kill me|Icy Wind|p2b: Kommo-o|[spread] p2a,p2b\n|-supereffective|p2b: Kommo-o\n|-damage|p2a: Pachirisu|84\/100\n|-damage|p2b: Kommo-o|72\/100\n|-unboost|p2a: Pachirisu|spe|1\n|-unboost|p2b: Kommo-o|spe|1\n|-damage|p1b: don\u2019t kill me|91\/100|[from] item: Life Orb\n|move|p1a: Muk|Substitute|p1a: Muk\n|-start|p1a: Muk|Substitute\n|-damage|p1a: Muk|75\/100\n|-zpower|p2b: Kommo-o\n|move|p2b: Kommo-o|Clangorous Soulblaze|p1b: don\u2019t kill me|[zeffect]|[spread] p1a,p1b\n|-damage|p1a: Muk|27\/100\n|-damage|p1b: don\u2019t kill me|19\/100\n|-boost|p2b: Kommo-o|atk|1\n|-boost|p2b: Kommo-o|def|1\n|-boost|p2b: Kommo-o|spa|1\n|-boost|p2b: Kommo-o|spd|1\n|-boost|p2b: Kommo-o|spe|1\n|move|p2a: Pachirisu|Nuzzle|p1a: Muk\n|-activate|p1a: Muk|move: Substitute|[damage]\n|\n|-heal|p1a: Muk|33\/100|[from] item: Black Sludge\n|upkeep\n|turn|2\n|inactive|Batman135 has 120 seconds left.\n|\n|t:|1698432559\n|move|p1a: Muk|Protect|p1a: Muk\n|-singleturn|p1a: Muk|Protect\n|move|p1b: don\u2019t kill me|Icy Wind|p2a: Pachirisu|[spread] p2b\n|-miss|p1b: don\u2019t kill me|p2a: Pachirisu\n|-supereffective|p2b: Kommo-o\n|-damage|p2b: Kommo-o|53\/100\n|-unboost|p2b: Kommo-o|spe|1\n|-damage|p1b: don\u2019t kill me|9\/100|[from] item: Life Orb\n|move|p2b: Kommo-o|Drain Punch|p1a: Muk\n|-activate|p1a: Muk|move: Protect\n|move|p2a: Pachirisu|Thunderbolt|p1b: don\u2019t kill me\n|-supereffective|p1b: don\u2019t kill me\n|-damage|p1b: don\u2019t kill me|0 fnt\n|faint|p1b: don\u2019t kill me\n|-ability|p1a: Muk|Dancer|[from] ability: Power of Alchemy|[of] p1b: don\u2019t kill me\n|\n|-heal|p1a: Muk|39\/100|[from] item: Black Sludge\n|upkeep\n|inactive|hoodiichi has 120 seconds left.\n|\n|t:|1698432580\n|switch|p1b: Aloha!|Comfey, F|100\/100\n|turn|3\n|\n|t:|1698432588\n|move|p1b: Aloha!|Draining Kiss|p2b: Kommo-o\n|-supereffective|p2b: Kommo-o\n|-damage|p2b: Kommo-o|4\/100\n|move|p1a: Muk|Knock Off|p2a: Pachirisu\n|-damage|p2a: Pachirisu|28\/100\n|-damage|p1a: Muk|23\/100|[from] item: Rocky Helmet|[of] p2a: Pachirisu\n|-enditem|p2a: Pachirisu|Rocky Helmet|[from] move: Knock Off|[of] p1a: Muk\n|move|p2b: Kommo-o|Poison Jab|p1b: Aloha!\n|-supereffective|p1b: Aloha!\n|-damage|p1b: Aloha!|8\/100\n|move|p2a: Pachirisu|Thunderbolt|p1a: Muk\n|-activate|p1a: Muk|move: Substitute|[damage]\n|\n|-heal|p1b: Aloha!|14\/100|[from] item: Leftovers\n|-heal|p1a: Muk|29\/100|[from] item: Black Sludge\n|upkeep\n|turn|4\n|\n|t:|1698432612\n|switch|p2a: Flamigo|Flamigo, F|100\/100\n|-copyboost|p2a: Flamigo|p2b: Kommo-o|[from] ability: Costar\n|move|p1a: Muk|Protect|p1a: Muk\n|-singleturn|p1a: Muk|Protect\n|move|p1b: Aloha!|Draining Kiss|p2a: Flamigo\n|-supereffective|p2a: Flamigo\n|-damage|p2a: Flamigo|62\/100\n|-heal|p1b: Aloha!|58\/100|[from] drain|[of] p2a: Flamigo\n|move|p2b: Kommo-o|Drain Punch|p1a: Muk\n|-activate|p1a: Muk|move: Protect\n|\n|-heal|p1b: Aloha!|64\/100|[from] item: Leftovers\n|-heal|p1a: Muk|35\/100|[from] item: Black Sludge\n|-heal|p2a: Flamigo|69\/100|[from] item: Leftovers\n|upkeep\n|turn|5\n|\n|t:|1698432636\n|move|p1b: Aloha!|Draining Kiss|p2a: Flamigo\n|-supereffective|p2a: Flamigo\n|-damage|p2a: Flamigo|34\/100\n|-heal|p1b: Aloha!|100\/100|[from] drain|[of] p2a: Flamigo\n|move|p1a: Muk|Rock Slide|p2b: Kommo-o|[spread] p2a,p2b\n|-resisted|p2b: Kommo-o\n|-damage|p2a: Flamigo|21\/100\n|-damage|p2b: Kommo-o|0 fnt\n|faint|p2b: Kommo-o\n|cant|p2a: Flamigo|flinch\n|\n|-heal|p1a: Muk|41\/100|[from] item: Black Sludge\n|-heal|p2a: Flamigo|27\/100|[from] item: Leftovers\n|upkeep\n|\n|t:|1698432650\n|switch|p2b: Manaphy|Manaphy|100\/100\n|turn|6\n|\n|t:|1698432659\n|move|p1b: Aloha!|Draining Kiss|p2a: Flamigo\n|-supereffective|p2a: Flamigo\n|-damage|p2a: Flamigo|0 fnt\n|faint|p2a: Flamigo\n|move|p2b: Manaphy|Acid Armor|p2b: Manaphy\n|-boost|p2b: Manaphy|def|2\n|move|p1a: Muk|Knock Off|p2b: Manaphy\n|-damage|p2b: Manaphy|84\/100\n|-enditem|p2b: Manaphy|Leftovers|[from] move: Knock Off|[of] p1a: Muk\n|\n|-heal|p1a: Muk|48\/100|[from] item: Black Sludge\n|upkeep\n|\n|t:|1698432676\n|switch|p2a: Diancie|Diancie|100\/100\n|turn|7\n|\n|t:|1698432685\n|detailschange|p2a: Diancie|Diancie-Mega\n|-mega|p2a: Diancie|Diancie|Diancite\n|move|p1a: Muk|Protect|p1a: Muk\n|-singleturn|p1a: Muk|Protect\n|move|p1b: Aloha!|Petal Dance|p2b: Manaphy\n|-supereffective|p2b: Manaphy\n|-damage|p2b: Manaphy|32\/100\n|-activate|p1a: Muk|ability: Dancer\n|move|p1a: Muk|Petal Dance|p2b: Manaphy|[from]ability: Dancer\n|-supereffective|p2b: Manaphy\n|-damage|p2b: Manaphy|5\/100\n|move|p2a: Diancie|Diamond Storm|p1b: Aloha!|[spread] p1b\n|-activate|p1a: Muk|move: Protect\n|-damage|p1b: Aloha!|43\/100\n|move|p2b: Manaphy|Take Heart|p2b: Manaphy\n|-boost|p2b: Manaphy|spa|1\n|-boost|p2b: Manaphy|spd|1\n|\n|-heal|p1b: Aloha!|49\/100|[from] item: Leftovers\n|-heal|p1a: Muk|54\/100|[from] item: Black Sludge\n|upkeep\n|turn|8\n|\n|t:|1698432713\n|-terastallize|p2b: Manaphy|Psychic\n|move|p1b: Aloha!|Petal Dance|p2a: Diancie|[from]lockedmove\n|-supereffective|p2a: Diancie\n|-damage|p2a: Diancie|34\/100\n|-activate|p1a: Muk|ability: Dancer\n|move|p1a: Muk|Petal Dance|p2a: Diancie|[from]ability: Dancer\n|-supereffective|p2a: Diancie\n|-crit|p2a: Diancie\n|-damage|p2a: Diancie|0 fnt\n|faint|p2a: Diancie\n|move|p2b: Manaphy|Take Heart|p2b: Manaphy\n|-boost|p2b: Manaphy|spa|1\n|-boost|p2b: Manaphy|spd|1\n|move|p1a: Muk|Rock Slide|p2b: Manaphy\n|-damage|p2b: Manaphy|0 fnt\n|faint|p2b: Manaphy\n|\n|-heal|p1b: Aloha!|56\/100|[from] item: Leftovers\n|-heal|p1a: Muk|60\/100|[from] item: Black Sludge\n|upkeep\n|inactive|Batman135 has 120 seconds left.\n|l|\u2606Batman135\n|inactive|Batman135 disconnected and has a minute to reconnect!\n|player|p2|\n|c|\u2606hoodiichi|LOL\n|inactive|Batman135 has 30 seconds to reconnect!\n|c|\u2606hoodiichi|no way bro ragequit\n|inactive|Batman135 has 20 seconds to reconnect!\n|inactive|Batman135 has 15 seconds to reconnect!\n|inactive|Batman135 has 10 seconds to reconnect!\n|inactive|Batman135 has 5 seconds to reconnect!\n|-message|Batman135 lost due to inactivity.\n|\n|win|hoodiichi\n|raw|hoodiichi's rating: 1035 &rarr; <strong>1085<\/strong><br \/>(+50 for winning)\n|raw|Batman135's rating: 1199 &rarr; <strong>1163<\/strong><br \/>(-36 for losing)\n","uploadtime":1698432798,"views":8,"p1id":"hoodiichi","p2id":"batman135","formatid":"gen9nationaldexdoubles","rating":1085,"private":0,"password":""}