{"id":"gen9nationaldexdoubles-1961875008","p1":"Datagne","p2":"Play Tale of Wuxia","format":"[Gen 9] National Dex Doubles","log":"|j|\u2606Datagne\n|j|\u2606Play Tale of Wuxia\n|t:|1696683640\n|gametype|doubles\n|player|p1|Datagne|will|\n|player|p2|Play Tale of Wuxia|gentleman|\n|teamsize|p1|6\n|teamsize|p2|6\n|gen|9\n|tier|[Gen 9] National Dex Doubles\n|rule|HP Percentage Mod: HP is shown in percentages\n|rule|Endless Battle Clause: Forcing endless battles is banned\n|rule|OHKO Clause: OHKO moves are banned\n|rule|Evasion Moves Clause: Evasion moves are banned\n|rule|Evasion Abilities Clause: Evasion abilities are banned\n|rule|Species Clause: Limit one of each Pok\u00e9mon\n|rule|Gravity Sleep Clause: The combination of sleep-inducing moves with imperfect accuracy and Gravity or Gigantamax Orbeetle are banned\n|clearpoke\n|poke|p1|Kingambit, M|\n|poke|p1|Enamorus-Therian, F|\n|poke|p1|Great Tusk|\n|poke|p1|Klefki, M|\n|poke|p1|Gigalith, M|\n|poke|p1|Clodsire, M|\n|poke|p2|Iron Treads|\n|poke|p2|Iron Valiant|\n|poke|p2|Tornadus, M|\n|poke|p2|Dragonite, M|\n|poke|p2|Qwilfish-Hisui, F|\n|poke|p2|Iron Bundle|\n|teampreview\n|j| SgtSmilies\n|\n|t:|1696683657\n|start\n|switch|p1a: Vegimite|Enamorus-Therian, F|100\/100\n|switch|p1b: Sucks|Klefki, M|100\/100\n|switch|p2a: Iron Treads|Iron Treads|100\/100\n|switch|p2b: Iron Valiant|Iron Valiant|100\/100\n|turn|1\n|\n|t:|1696683680\n|move|p1a: Vegimite|Protect|p1a: Vegimite\n|-singleturn|p1a: Vegimite|Protect\n|move|p1b: Sucks|Reflect|p1b: Sucks\n|-sidestart|p1: Datagne|Reflect\n|move|p2a: Iron Treads|High Horsepower|p1b: Sucks\n|-supereffective|p1b: Sucks\n|-damage|p1b: Sucks|49\/100\n|move|p2b: Iron Valiant|Aura Sphere|p1b: Sucks\n|-damage|p1b: Sucks|0 fnt\n|faint|p1b: Sucks\n|\n|upkeep\n|j| 2wb\n|\n|t:|1696683692\n|switch|p1b: Horny|Great Tusk|100\/100\n|turn|2\n|\n|t:|1696683701\n|move|p1b: Horny|Earthquake|p2b: Iron Valiant|[spread] p2a,p2b\n|-immune|p1a: Vegimite\n|-supereffective|p2a: Iron Treads\n|-damage|p2a: Iron Treads|34\/100\n|-damage|p2b: Iron Valiant|53\/100\n|move|p2a: Iron Treads|Rock Slide|p1b: Horny|[spread] p1a,p1b\n|-supereffective|p1a: Vegimite\n|-resisted|p1b: Horny\n|-damage|p1a: Vegimite|80\/100\n|-damage|p1b: Horny|98\/100\n|move|p2b: Iron Valiant|Moonblast|p1b: Horny\n|-supereffective|p1b: Horny\n|-damage|p1b: Horny|0 fnt\n|faint|p1b: Horny\n|-end|p1b: Horny|Protosynthesis|[silent]\n|cant|p1a: Vegimite|flinch\n|\n|-heal|p1a: Vegimite|86\/100|[from] item: Leftovers\n|upkeep\n|c|\u2606Datagne|Oh come on\n|\n|t:|1696683718\n|switch|p1b: Limestone|Gigalith, M|100\/100\n|-weather|Sandstorm|[from] ability: Sand Stream|[of] p1b: Limestone\n|turn|3\n|\n|t:|1696683735\n|move|p2b: Iron Valiant|Wide Guard|p2b: Iron Valiant\n|-singleturn|p2b: Iron Valiant|Wide Guard\n|move|p1b: Limestone|Wide Guard|p1b: Limestone\n|-singleturn|p1b: Limestone|Wide Guard\n|move|p2a: Iron Treads|High Horsepower|p1b: Limestone\n|-supereffective|p1b: Limestone\n|-damage|p1b: Limestone|56\/100\n|move|p1a: Vegimite|Springtide Storm|p2b: Iron Valiant|[spread] \n|-activate|p2a: Iron Treads|move: Wide Guard\n|-activate|p2b: Iron Valiant|move: Wide Guard\n|\n|-weather|Sandstorm|[upkeep]\n|-damage|p2b: Iron Valiant|47\/100|[from] Sandstorm\n|-heal|p1a: Vegimite|92\/100|[from] item: Leftovers\n|upkeep\n|turn|4\n|\n|t:|1696683755\n|move|p1a: Vegimite|Protect|p1a: Vegimite\n|-singleturn|p1a: Vegimite|Protect\n|move|p1b: Limestone|Protect||[still]\n|-fail|p1b: Limestone\n|move|p2a: Iron Treads|Rock Slide|p1a: Vegimite|[spread] p1b\n|-activate|p1a: Vegimite|move: Protect\n|-damage|p1b: Limestone|47\/100\n|move|p2b: Iron Valiant|Aura Sphere|p1b: Limestone\n|-supereffective|p1b: Limestone\n|-damage|p1b: Limestone|3\/100\n|\n|-weather|Sandstorm|[upkeep]\n|-damage|p2b: Iron Valiant|41\/100|[from] Sandstorm\n|-heal|p1a: Vegimite|99\/100|[from] item: Leftovers\n|upkeep\n|turn|5\n|c|\u2606Datagne|Good to note\n|\n|t:|1696683774\n|move|p1b: Limestone|Protect|p1b: Limestone\n|-singleturn|p1b: Limestone|Protect\n|move|p2b: Iron Valiant|Vacuum Wave|p1b: Limestone\n|-activate|p1b: Limestone|move: Protect\n|move|p2a: Iron Treads|Ice Spinner|p1a: Vegimite\n|-supereffective|p1a: Vegimite\n|-damage|p1a: Vegimite|68\/100\n|move|p1a: Vegimite|Moonblast|p2b: Iron Valiant\n|-supereffective|p2b: Iron Valiant\n|-damage|p2b: Iron Valiant|0 fnt\n|faint|p2b: Iron Valiant\n|-end|p2b: Iron Valiant|Quark Drive|[silent]\n|\n|-weather|Sandstorm|[upkeep]\n|-heal|p1a: Vegimite|74\/100|[from] item: Leftovers\n|upkeep\n|\n|t:|1696683810\n|switch|p2b: Iron Bundle|Iron Bundle|100\/100\n|-enditem|p2b: Iron Bundle|Booster Energy\n|-activate|p2b: Iron Bundle|ability: Quark Drive|[fromitem]\n|-start|p2b: Iron Bundle|quarkdrivespa\n|turn|6\n|\n|t:|1696683818\n|switch|p1b: Fren|Clodsire, M|100\/100\n|move|p2b: Iron Bundle|Ice Beam|p1a: Vegimite\n|-supereffective|p1a: Vegimite\n|-damage|p1a: Vegimite|0 fnt\n|faint|p1a: Vegimite\n|move|p2a: Iron Treads|Rock Slide|p1b: Fren\n|-resisted|p1b: Fren\n|-damage|p1b: Fren|92\/100\n|\n|-weather|Sandstorm|[upkeep]\n|-damage|p2b: Iron Bundle|95\/100|[from] Sandstorm\n|-heal|p1b: Fren|98\/100|[from] item: Black Sludge\n|upkeep\n|\n|t:|1696683830\n|switch|p1a: Aun|Kingambit, M|100\/100\n|turn|7\n|\n|t:|1696683851\n|-terastallize|p1a: Aun|Ghost\n|move|p2b: Iron Bundle|Ice Beam|p1b: Fren\n|-supereffective|p1b: Fren\n|-damage|p1b: Fren|28\/100\n|move|p2a: Iron Treads|High Horsepower|p1a: Aun\n|-damage|p1a: Aun|80\/100\n|move|p1a: Aun|Brick Break|p2b: Iron Bundle\n|-supereffective|p2b: Iron Bundle\n|-damage|p2b: Iron Bundle|4\/100\n|-damage|p1a: Aun|70\/100|[from] item: Life Orb\n|move|p1b: Fren|Counter||[still]\n|-fail|p1b: Fren\n|\n|-weather|Sandstorm|[upkeep]\n|-damage|p2b: Iron Bundle|0 fnt|[from] Sandstorm\n|-damage|p1a: Aun|64\/100|[from] Sandstorm\n|faint|p2b: Iron Bundle\n|-end|p2b: Iron Bundle|Quark Drive|[silent]\n|-heal|p1b: Fren|34\/100|[from] item: Black Sludge\n|upkeep\n|\n|t:|1696683867\n|switch|p2b: Tornadus|Tornadus, M|100\/100\n|turn|8\n|\n|t:|1696683878\n|move|p1b: Fren|Protect|p1b: Fren\n|-singleturn|p1b: Fren|Protect\n|move|p2b: Tornadus|Bleakwind Storm|p1b: Fren|[spread] p1a\n|-activate|p1b: Fren|move: Protect\n|-damage|p1a: Aun|27\/100\n|move|p2a: Iron Treads|Rock Slide|p1a: Aun|[spread] p1a\n|-activate|p1b: Fren|move: Protect\n|-damage|p1a: Aun|19\/100\n|move|p1a: Aun|Brick Break|p2a: Iron Treads\n|-supereffective|p2a: Iron Treads\n|-damage|p2a: Iron Treads|0 fnt\n|faint|p2a: Iron Treads\n|-end|p2a: Iron Treads|Quark Drive|[silent]\n|-damage|p1a: Aun|9\/100|[from] item: Life Orb\n|\n|-weather|Sandstorm|[upkeep]\n|-damage|p2b: Tornadus|94\/100|[from] Sandstorm\n|-damage|p1a: Aun|2\/100|[from] Sandstorm\n|-heal|p1b: Fren|41\/100|[from] item: Black Sludge\n|-sideend|p1: Datagne|Reflect\n|upkeep\n|\n|t:|1696683897\n|switch|p2a: Dragonite|Dragonite, M|100\/100\n|turn|9\n|\n|t:|1696683912\n|move|p1a: Aun|Protect|p1a: Aun\n|-singleturn|p1a: Aun|Protect\n|move|p2b: Tornadus|Bleakwind Storm|p1b: Fren|[spread] p1b\n|-activate|p1a: Aun|move: Protect\n|-damage|p1b: Fren|21\/100\n|move|p2a: Dragonite|Stomping Tantrum|p1b: Fren\n|-supereffective|p1b: Fren\n|-damage|p1b: Fren|0 fnt\n|faint|p1b: Fren\n|\n|-weather|Sandstorm|[upkeep]\n|-damage|p2b: Tornadus|88\/100|[from] Sandstorm\n|-damage|p2a: Dragonite|94\/100|[from] Sandstorm\n|-damage|p1a: Aun|0 fnt|[from] Sandstorm\n|faint|p1a: Aun\n|upkeep\n|\n|t:|1696683933\n|switch|p1b: Limestone|Gigalith, M|3\/100\n|turn|10\n|\n|t:|1696683940\n|move|p2b: Tornadus|Grass Knot|p1b: Limestone\n|-supereffective|p1b: Limestone\n|-damage|p1b: Limestone|0 fnt\n|faint|p1b: Limestone\n|\n|win|Play Tale of Wuxia\n","uploadtime":1696683949,"views":17,"p1id":"datagne","p2id":"playtaleofwuxia","formatid":"gen9nationaldexdoubles","rating":0,"private":0,"password":""}