{"id":"gen9nationaldexdoubles-1981430003","p1":"Marlene 420","p2":"Theonlykev1","format":"[Gen 9] National Dex Doubles","log":"|j|\u2606Marlene 420\n|j|\u2606Theonlykev1\n|t:|1698895005\n|gametype|doubles\n|player|p1|Marlene 420|cheryl|1155\n|player|p2|Theonlykev1|ltsurge|1248\n|teamsize|p1|6\n|teamsize|p2|6\n|gen|9\n|tier|[Gen 9] National Dex Doubles\n|rated|\n|rule|HP Percentage Mod: HP is shown in percentages\n|rule|Endless Battle Clause: Forcing endless battles is banned\n|rule|OHKO Clause: OHKO moves are banned\n|rule|Evasion Moves Clause: Evasion moves are banned\n|rule|Evasion Abilities Clause: Evasion abilities are banned\n|rule|Species Clause: Limit one of each Pok\u00e9mon\n|rule|Gravity Sleep Clause: The combination of sleep-inducing moves with imperfect accuracy and Gravity or Gigantamax Orbeetle are banned\n|clearpoke\n|poke|p1|Gardevoir, F|\n|poke|p1|Pheromosa|\n|poke|p1|Lopunny, F|\n|poke|p1|Hatterene, F|\n|poke|p1|Meloetta|\n|poke|p1|Diancie|\n|poke|p2|Articuno-Galar|\n|poke|p2|Volcarona, F|\n|poke|p2|Hoopa-Unbound|\n|poke|p2|Iron Bundle|\n|poke|p2|Landorus-Therian, M|\n|poke|p2|Iron Hands|\n|teampreview\n|inactive|Battle timer is ON: inactive players will automatically lose when time's up. (requested by Marlene 420)\n|\n|t:|1698895023\n|start\n|switch|p1a: Gardenia|Gardevoir, F|100\/100\n|switch|p1b: Lola|Lopunny, F, shiny|100\/100\n|switch|p2a: Articuno|Articuno-Galar|100\/100\n|switch|p2b: Hoopa|Hoopa-Unbound|100\/100\n|-ability|p1a: Gardenia|Magician|[from] ability: Trace|[of] p2b: Hoopa\n|turn|1\n|inactive|Marlene 420 has 120 seconds left.\n|inactive|Marlene 420 has 90 seconds left.\n|\n|t:|1698895084\n|switch|p1b: Katherine|Hatterene, F|100\/100\n|move|p2b: Hoopa|Hyperspace Fury|p1a: Gardenia\n|-damage|p1a: Gardenia|0 fnt\n|-unboost|p2b: Hoopa|def|1\n|faint|p1a: Gardenia\n|-damage|p2b: Hoopa|91\/100|[from] item: Life Orb\n|move|p2a: Articuno|Tailwind|p2a: Articuno\n|-sidestart|p2: Theonlykev1|move: Tailwind\n|\n|upkeep\n|inactive|Marlene 420 has 90 seconds left.\n|\n|t:|1698895104\n|switch|p1a: Melody|Meloetta|100\/100\n|turn|2\n|inactive|Theonlykev1 has 120 seconds left.\n|\n|t:|1698895148\n|move|p2b: Hoopa|Hyperspace Fury|p1b: Katherine\n|-damage|p1b: Katherine|12\/100\n|-unboost|p2b: Hoopa|def|1\n|-damage|p2b: Hoopa|81\/100|[from] item: Life Orb\n|move|p2a: Articuno|Air Slash|p1a: Melody\n|-damage|p1a: Melody|72\/100\n|cant|p1a: Melody|flinch\n|move|p1b: Katherine|Calm Mind|p1b: Katherine\n|-boost|p1b: Katherine|spa|1\n|-boost|p1b: Katherine|spd|1\n|\n|-heal|p1b: Katherine|18\/100|[from] item: Leftovers\n|upkeep\n|turn|3\n|inactive|Theonlykev1 has 120 seconds left.\n|\n|t:|1698895176\n|move|p2b: Hoopa|Hyperspace Fury|p1a: Melody\n|-supereffective|p1a: Melody\n|-damage|p1a: Melody|0 fnt\n|-unboost|p2b: Hoopa|def|1\n|faint|p1a: Melody\n|-damage|p2b: Hoopa|71\/100|[from] item: Life Orb\n|move|p2a: Articuno|Air Slash|p1b: Katherine\n|-damage|p1b: Katherine|2\/100\n|move|p1b: Katherine|Nuzzle|p2a: Articuno\n|-supereffective|p2a: Articuno\n|-damage|p2a: Articuno|93\/100\n|-status|p2a: Articuno|par\n|-enditem|p2a: Articuno|Weakness Policy\n|-boost|p2a: Articuno|atk|2|[from] item: Weakness Policy\n|-boost|p2a: Articuno|spa|2|[from] item: Weakness Policy\n|\n|-heal|p1b: Katherine|8\/100|[from] item: Leftovers\n|upkeep\n|inactive|Marlene 420 has 90 seconds left.\n|\n|t:|1698895200\n|switch|p1a: Lola|Lopunny, F, shiny|100\/100\n|turn|4\n|\n|t:|1698895217\n|detailschange|p1a: Lola|Lopunny-Mega, F, shiny\n|-mega|p1a: Lola|Lopunny|Lopunnite\n|move|p1a: Lola|Fake Out|p2b: Hoopa\n|-damage|p2b: Hoopa|0 fnt\n|faint|p2b: Hoopa\n|cant|p2a: Articuno|par\n|move|p1b: Katherine|Draining Kiss|p2a: Articuno\n|-damage|p2a: Articuno|62\/100 par\n|-heal|p1b: Katherine|36\/100|[from] drain|[of] p2a: Articuno\n|\n|-heal|p1b: Katherine|42\/100|[from] item: Leftovers\n|-sideend|p2: Theonlykev1|move: Tailwind\n|upkeep\n|\n|t:|1698895233\n|switch|p2b: Iron Hands|Iron Hands|100\/100\n|turn|5\n|inactive|Marlene 420 has 120 seconds left.\n|\n|t:|1698895259\n|switch|p1a: Dianita|Diancie|100\/100\n|move|p2b: Iron Hands|Fake Out|p1a: Dianita\n|-resisted|p1a: Dianita\n|-damage|p1a: Dianita|97\/100\n|cant|p2a: Articuno|par\n|move|p1b: Katherine|Draining Kiss|p2b: Iron Hands\n|-supereffective|p2b: Iron Hands\n|-damage|p2b: Iron Hands|74\/100\n|-heal|p1b: Katherine|73\/100|[from] drain|[of] p2b: Iron Hands\n|\n|-heal|p1a: Dianita|100\/100|[from] item: Leftovers\n|-heal|p1b: Katherine|79\/100|[from] item: Leftovers\n|upkeep\n|turn|6\n|inactive|Marlene 420 has 120 seconds left.\n|\n|t:|1698895281\n|move|p2b: Iron Hands|Heavy Slam|p1b: Katherine\n|-supereffective|p1b: Katherine\n|-damage|p1b: Katherine|1\/100\n|move|p2a: Articuno|Tailwind|p2a: Articuno\n|-sidestart|p2: Theonlykev1|move: Tailwind\n|move|p1a: Dianita|Diamond Storm|p2a: Articuno|[spread] p2a,p2b\n|-supereffective|p2a: Articuno\n|-resisted|p2b: Iron Hands\n|-damage|p2a: Articuno|14\/100 par\n|-damage|p2b: Iron Hands|66\/100\n|-boost|p1a: Dianita|def|2\n|move|p1b: Katherine|Nuzzle|p2b: Iron Hands\n|-resisted|p2b: Iron Hands\n|-crit|p2b: Iron Hands\n|-damage|p2b: Iron Hands|64\/100\n|\n|-heal|p1b: Katherine|7\/100|[from] item: Leftovers\n|upkeep\n|turn|7\n|inactive|Marlene 420 has 120 seconds left.\n|\n|t:|1698895313\n|-terastallize|p1a: Dianita|Ground\n|move|p2b: Iron Hands|Heavy Slam|p1a: Dianita\n|-damage|p1a: Dianita|88\/100\n|move|p2a: Articuno|Air Slash|p1b: Katherine\n|-damage|p1b: Katherine|0 fnt\n|faint|p1b: Katherine\n|move|p1a: Dianita|Earth Power|p2b: Iron Hands\n|-supereffective|p2b: Iron Hands\n|-damage|p2b: Iron Hands|36\/100\n|\n|-heal|p1a: Dianita|94\/100|[from] item: Leftovers\n|upkeep\n|inactive|Marlene 420 has 90 seconds left.\n|\n|t:|1698895330\n|switch|p1b: Lola|Lopunny-Mega, F, shiny|100\/100\n|turn|8\n|\n|t:|1698895347\n|move|p1b: Lola|Fake Out|p2a: Articuno\n|-damage|p2a: Articuno|0 fnt\n|faint|p2a: Articuno\n|move|p2b: Iron Hands|Drain Punch|p1a: Dianita\n|-damage|p1a: Dianita|83\/100\n|-heal|p2b: Iron Hands|40\/100|[from] drain|[of] p1a: Dianita\n|move|p1a: Dianita|Diamond Storm|p2b: Iron Hands\n|-resisted|p2b: Iron Hands\n|-damage|p2b: Iron Hands|29\/100\n|\n|-heal|p1a: Dianita|89\/100|[from] item: Leftovers\n|upkeep\n|\n|t:|1698895360\n|switch|p2a: Volcarona|Volcarona, F|100\/100\n|turn|9\n|\n|t:|1698895370\n|-end|p2b: Iron Hands|Quark Drive|[silent]\n|switch|p2b: Leonard|Landorus-Therian, M|100\/100\n|-ability|p2b: Leonard|Intimidate|boost\n|-fail|p1a: Dianita|unboost|[from] ability: Clear Body|[of] p1a: Dianita\n|-fail|p1b: Lola|unboost|Attack|[from] ability: Scrappy|[of] p1b: Lola\n|move|p2a: Volcarona|Quiver Dance|p2a: Volcarona\n|-boost|p2a: Volcarona|spa|1\n|-boost|p2a: Volcarona|spd|1\n|-boost|p2a: Volcarona|spe|1\n|move|p1b: Lola|High Jump Kick|p2b: Leonard\n|-resisted|p2b: Leonard\n|-damage|p2b: Leonard|64\/100\n|move|p1a: Dianita|Diamond Storm|p2b: Leonard|[spread] p2a,p2b\n|-supereffective|p2a: Volcarona\n|-damage|p2a: Volcarona|0 fnt\n|-damage|p2b: Leonard|38\/100\n|-boost|p1a: Dianita|def|2\n|faint|p2a: Volcarona\n|\n|-heal|p1a: Dianita|95\/100|[from] item: Leftovers\n|-sideend|p2: Theonlykev1|move: Tailwind\n|upkeep\n|\n|t:|1698895391\n|switch|p2a: Iron Bundle|Iron Bundle|100\/100\n|turn|10\n|\n|t:|1698895407\n|move|p2a: Iron Bundle|Hydro Pump|p1a: Dianita\n|-supereffective|p1a: Dianita\n|-damage|p1a: Dianita|0 fnt\n|faint|p1a: Dianita\n|-damage|p2a: Iron Bundle|91\/100|[from] item: Life Orb\n|move|p1b: Lola|High Jump Kick|p2a: Iron Bundle\n|-supereffective|p2a: Iron Bundle\n|-damage|p2a: Iron Bundle|0 fnt\n|faint|p2a: Iron Bundle\n|-end|p2a: Iron Bundle|Quark Drive|[silent]\n|move|p2b: Leonard|Earthquake|p1b: Lola\n|-damage|p1b: Lola|18\/100\n|\n|upkeep\n|\n|t:|1698895422\n|switch|p2a: Iron Hands|Iron Hands|29\/100\n|switch|p1a: Phersefone|Pheromosa, shiny|100\/100\n|turn|11\n|\n|t:|1698895439\n|move|p2a: Iron Hands|Fake Out|p1a: Phersefone\n|-damage|p1a: Phersefone|66\/100\n|cant|p1a: Phersefone|flinch\n|move|p1b: Lola|High Jump Kick|p2a: Iron Hands\n|-damage|p2a: Iron Hands|0 fnt\n|faint|p2a: Iron Hands\n|-end|p2a: Iron Hands|Quark Drive|[silent]\n|move|p2b: Leonard|Earthquake|p1b: Lola|[spread] p1a,p1b\n|-resisted|p1a: Phersefone\n|-damage|p1a: Phersefone|5\/100\n|-damage|p1b: Lola|0 fnt\n|faint|p1b: Lola\n|\n|upkeep\n|turn|12\n|\n|t:|1698895457\n|move|p1a: Phersefone|Ice Beam|p2b: Leonard\n|-supereffective|p2b: Leonard\n|-damage|p2b: Leonard|0 fnt\n|faint|p2b: Leonard\n|-damage|p1a: Phersefone|0 fnt|[from] item: Life Orb\n|faint|p1a: Phersefone\n|\n|win|Marlene 420\n|raw|Marlene 420's rating: 1155 &rarr; <strong>1187<\/strong><br \/>(+32 for winning)\n|raw|Theonlykev1's rating: 1248 &rarr; <strong>1216<\/strong><br \/>(-32 for losing)\n|c|\u2606Theonlykev1|Gg\n|c|\u2606Marlene 420|Gg\n","uploadtime":1698895527,"views":7,"p1id":"marlene420","p2id":"theonlykev1","formatid":"gen9nationaldexdoubles","rating":1187,"private":0,"password":""}