{"id":"gen9nationaldexdoubles-1996305702","p1":"knightgem","p2":"hasegawa_shigure","format":"[Gen 9] National Dex Doubles","log":"|j|\u2606knightgem\n|j|\u2606hasegawa_shigure\n|t:|1700669479\n|gametype|doubles\n|player|p1|knightgem|#knightgem|1234\n|player|p2|hasegawa_shigure|backersf|1049\n|teamsize|p1|6\n|teamsize|p2|6\n|gen|9\n|tier|[Gen 9] National Dex Doubles\n|rated|\n|rule|HP Percentage Mod: HP is shown in percentages\n|rule|Endless Battle Clause: Forcing endless battles is banned\n|rule|OHKO Clause: OHKO moves are banned\n|rule|Evasion Moves Clause: Evasion moves are banned\n|rule|Evasion Abilities Clause: Evasion abilities are banned\n|rule|Species Clause: Limit one of each Pok\u00e9mon\n|rule|Gravity Sleep Clause: The combination of sleep-inducing moves with imperfect accuracy and Gravity or Gigantamax Orbeetle are banned\n|clearpoke\n|poke|p1|Primarina, F|\n|poke|p1|Skeledirge, M|\n|poke|p1|Rillaboom, M|\n|poke|p1|Toxtricity, M|\n|poke|p1|Kommo-o, F|\n|poke|p1|Clefairy, M|\n|poke|p2|Bibarel, M|\n|poke|p2|Empoleon, F|\n|poke|p2|Gothitelle, F|\n|poke|p2|Copperajah, M|\n|poke|p2|Garganacl, F|\n|poke|p2|Hitmontop, M|\n|teampreview\n|inactive|Battle timer is ON: inactive players will automatically lose when time's up. (requested by knightgem)\n|\n|t:|1700669494\n|start\n|switch|p1a: Kommo-o|Kommo-o, F|100\/100\n|switch|p1b: Clefairy|Clefairy, M|100\/100\n|switch|p2a: Bibarel|Bibarel, M|100\/100\n|switch|p2b: Hitmontop|Hitmontop, M|100\/100\n|-ability|p2b: Hitmontop|Intimidate|boost\n|-unboost|p1a: Kommo-o|atk|1\n|-unboost|p1b: Clefairy|atk|1\n|turn|1\n|inactive|knightgem has 120 seconds left.\n|\n|t:|1700669551\n|-terastallize|p1a: Kommo-o|Steel\n|move|p2a: Bibarel|Protect|p2a: Bibarel\n|-singleturn|p2a: Bibarel|Protect\n|move|p1a: Kommo-o|Substitute|p1a: Kommo-o\n|-start|p1a: Kommo-o|Substitute\n|-damage|p1a: Kommo-o|75\/100\n|move|p2b: Hitmontop|Earthquake|p1b: Clefairy|[spread] p1a,p1b\n|-activate|p2a: Bibarel|move: Protect\n|-supereffective|p1a: Kommo-o\n|-end|p1a: Kommo-o|Substitute\n|-damage|p1b: Clefairy|76\/100\n|move|p1b: Clefairy|Wish|p1b: Clefairy\n|\n|upkeep\n|turn|2\n|\n|t:|1700669577\n|switch|p1b: Rillaboom|Rillaboom, M|100\/100\n|-fieldstart|move: Grassy Terrain|[from] ability: Grassy Surge|[of] p1b: Rillaboom\n|-enditem|p1b: Rillaboom|Grassy Seed\n|-boost|p1b: Rillaboom|def|1|[from] item: Grassy Seed\n|move|p1a: Kommo-o|Belly Drum|p1a: Kommo-o\n|-damage|p1a: Kommo-o|25\/100\n|-setboost|p1a: Kommo-o|atk|6|[from] move: Belly Drum\n|-enditem|p1a: Kommo-o|Salac Berry|[eat]\n|-boost|p1a: Kommo-o|spe|1|[from] item: Salac Berry\n|move|p2a: Bibarel|Yawn|p1a: Kommo-o\n|-start|p1a: Kommo-o|move: Yawn|[of] p2a: Bibarel\n|move|p2b: Hitmontop|Brick Break|p1b: Rillaboom\n|-damage|p1b: Rillaboom|79\/100\n|\n|-heal|p1b: Rillaboom|100\/100|[from] move: Wish|[wisher] Clefairy\n|-heal|p1a: Kommo-o|32\/100|[from] Grassy Terrain\n|upkeep\n|turn|3\n|inactive|knightgem has 120 seconds left.\n|\n|t:|1700669604\n|move|p2a: Bibarel|Protect|p2a: Bibarel\n|-singleturn|p2a: Bibarel|Protect\n|move|p1a: Kommo-o|Substitute|p1a: Kommo-o\n|-start|p1a: Kommo-o|Substitute\n|-damage|p1a: Kommo-o|7\/100\n|move|p1b: Rillaboom|U-turn|p2b: Hitmontop\n|-resisted|p2b: Hitmontop\n|-damage|p2b: Hitmontop|86\/100\n|\n|t:|1700669607\n|switch|p1b: Toxtricity|Toxtricity, M|100\/100|[from] U-turn\n|move|p2b: Hitmontop|Earthquake|p1b: Toxtricity|[spread] p1a,p1b\n|-activate|p2a: Bibarel|move: Protect\n|-supereffective|p1a: Kommo-o\n|-activate|p1a: Kommo-o|move: Substitute|[damage]\n|-supereffective|p1b: Toxtricity\n|-damage|p1b: Toxtricity|26\/100\n|\n|-heal|p1a: Kommo-o|13\/100|[from] Grassy Terrain\n|-heal|p1b: Toxtricity|32\/100|[from] Grassy Terrain\n|-heal|p2b: Hitmontop|92\/100|[from] Grassy Terrain\n|-end|p1a: Kommo-o|move: Yawn|[silent]\n|-status|p1a: Kommo-o|slp\n|upkeep\n|turn|4\n|\n|t:|1700669633\n|cant|p1a: Kommo-o|slp\n|move|p1b: Toxtricity|Overdrive|p2b: Hitmontop|[spread] p2a,p2b\n|-supereffective|p2a: Bibarel\n|-enditem|p2a: Bibarel|Focus Sash\n|-damage|p2a: Bibarel|1\/100\n|-damage|p2b: Hitmontop|50\/100\n|-enditem|p2b: Hitmontop|Sitrus Berry|[eat]\n|-heal|p2b: Hitmontop|74\/100|[from] item: Sitrus Berry\n|move|p2a: Bibarel|Stealth Rock|p1b: Toxtricity\n|-sidestart|p1: knightgem|move: Stealth Rock\n|move|p2b: Hitmontop|Close Combat|p1b: Toxtricity\n|-resisted|p1b: Toxtricity\n|-damage|p1b: Toxtricity|0 fnt\n|-unboost|p2b: Hitmontop|def|1\n|-unboost|p2b: Hitmontop|spd|1\n|faint|p1b: Toxtricity\n|\n|-heal|p1a: Kommo-o|19\/100 slp|[from] Grassy Terrain\n|-heal|p2a: Bibarel|7\/100|[from] Grassy Terrain\n|-heal|p2b: Hitmontop|80\/100|[from] Grassy Terrain\n|upkeep\n|inactive|knightgem has 120 seconds left.\n|\n|t:|1700669677\n|switch|p1b: Clefairy|Clefairy, M|76\/100\n|-damage|p1b: Clefairy|64\/100|[from] Stealth Rock\n|turn|5\n|\n|t:|1700669684\n|move|p2a: Bibarel|Protect|p2a: Bibarel\n|-singleturn|p2a: Bibarel|Protect\n|-curestatus|p1a: Kommo-o|slp|[msg]\n|move|p1a: Kommo-o|Drain Punch|p2a: Bibarel\n|-activate|p2a: Bibarel|move: Protect\n|move|p2b: Hitmontop|Earthquake|p1b: Clefairy|[spread] p1a,p1b\n|-activate|p2a: Bibarel|move: Protect\n|-supereffective|p1a: Kommo-o\n|-end|p1a: Kommo-o|Substitute\n|-damage|p1b: Clefairy|51\/100\n|move|p1b: Clefairy|Wish|p1b: Clefairy\n|\n|-heal|p1a: Kommo-o|25\/100|[from] Grassy Terrain\n|-heal|p2a: Bibarel|13\/100|[from] Grassy Terrain\n|-heal|p2b: Hitmontop|86\/100|[from] Grassy Terrain\n|-heal|p1b: Clefairy|58\/100|[from] Grassy Terrain\n|upkeep\n|turn|6\n|inactive|hasegawa_shigure has 120 seconds left.\n|inactive|knightgem has 120 seconds left.\n|\n|t:|1700669754\n|move|p1b: Clefairy|Follow Me|p1b: Clefairy\n|-singleturn|p1b: Clefairy|move: Follow Me\n|move|p1a: Kommo-o|Drain Punch|p2b: Hitmontop\n|-damage|p2b: Hitmontop|0 fnt\n|-heal|p1a: Kommo-o|70\/100|[from] drain|[of] p2b: Hitmontop\n|faint|p2b: Hitmontop\n|move|p2a: Bibarel|Yawn|p1b: Clefairy\n|-start|p1b: Clefairy|move: Yawn|[of] p2a: Bibarel\n|\n|-heal|p1b: Clefairy|100\/100|[from] move: Wish|[wisher] Clefairy\n|-heal|p1a: Kommo-o|76\/100|[from] Grassy Terrain\n|-heal|p2a: Bibarel|19\/100|[from] Grassy Terrain\n|-fieldend|move: Grassy Terrain\n|upkeep\n|\n|t:|1700669777\n|switch|p2b: Empoleon|Empoleon, F, shiny|100\/100\n|turn|7\n|inactive|knightgem has 120 seconds left.\n|\n|t:|1700669790\n|move|p2a: Bibarel|Protect|p2a: Bibarel\n|-singleturn|p2a: Bibarel|Protect\n|move|p1a: Kommo-o|Substitute|p1a: Kommo-o\n|-start|p1a: Kommo-o|Substitute\n|-damage|p1a: Kommo-o|51\/100\n|move|p2b: Empoleon|Blizzard|p1a: Kommo-o|[spread] p1b\n|-miss|p2b: Empoleon|p1a: Kommo-o\n|-damage|p1b: Clefairy|72\/100\n|move|p1b: Clefairy|Wish|p1b: Clefairy\n|\n|-end|p1b: Clefairy|move: Yawn|[silent]\n|-status|p1b: Clefairy|slp\n|upkeep\n|turn|8\n|inactive|hasegawa_shigure has 120 seconds left.\n|\n|t:|1700669812\n|cant|p1b: Clefairy|slp\n|move|p1a: Kommo-o|Drain Punch|p2a: Bibarel\n|-supereffective|p2a: Bibarel\n|-damage|p2a: Bibarel|0 fnt\n|-heal|p1a: Kommo-o|62\/100|[from] drain|[of] p2a: Bibarel\n|faint|p2a: Bibarel\n|move|p2b: Empoleon|Blizzard|p1b: Clefairy|[spread] p1b\n|-miss|p2b: Empoleon|p1a: Kommo-o\n|-damage|p1b: Clefairy|43\/100 slp\n|\n|-heal|p1b: Clefairy|93\/100 slp|[from] move: Wish|[wisher] Clefairy\n|upkeep\n|\n|t:|1700669827\n|switch|p2a: Copperajah|Copperajah, M, shiny|100\/100\n|turn|9\n|\n|t:|1700669835\n|move|p1a: Kommo-o|Drain Punch|p2a: Copperajah\n|-supereffective|p2a: Copperajah\n|-damage|p2a: Copperajah|0 fnt\n|-heal|p1a: Kommo-o|100\/100|[from] drain|[of] p2a: Copperajah\n|faint|p2a: Copperajah\n|move|p2b: Empoleon|Blizzard|p1b: Clefairy|[spread] p1a,p1b\n|-resisted|p1a: Kommo-o\n|-activate|p1a: Kommo-o|move: Substitute|[damage]\n|-damage|p1b: Clefairy|65\/100 slp\n|-curestatus|p1b: Clefairy|slp|[msg]\n|move|p1b: Clefairy|Wish|p1b: Clefairy\n|\n|upkeep\n|inactive|hasegawa_shigure has 120 seconds left.\n|\n|t:|1700669848\n|switch|p2a: Gothitelle|Gothitelle, F, shiny|100\/100\n|turn|10\n|\n|t:|1700669872\n|switch|p2b: Garganacl|Garganacl, F, shiny|100\/100\n|move|p1a: Kommo-o|Drain Punch|p2b: Garganacl\n|-supereffective|p2b: Garganacl\n|-damage|p2b: Garganacl|0 fnt\n|faint|p2b: Garganacl\n|move|p2a: Gothitelle|Dark Pulse|p1a: Kommo-o\n|-end|p1a: Kommo-o|Substitute\n|-damage|p2a: Gothitelle|91\/100|[from] item: Life Orb\n|move|p1b: Clefairy|Seismic Toss|p2a: Gothitelle\n|-damage|p2a: Gothitelle|61\/100\n|\n|-heal|p1b: Clefairy|100\/100|[from] move: Wish|[wisher] Clefairy\n|upkeep\n|\n|t:|1700669887\n|switch|p2b: Empoleon|Empoleon, F, shiny|100\/100\n|turn|11\n|\n|t:|1700669900\n|-terastallize|p2b: Empoleon|Water\n|move|p1b: Clefairy|Follow Me|p1b: Clefairy\n|-singleturn|p1b: Clefairy|move: Follow Me\n|move|p1a: Kommo-o|Drain Punch|p2b: Empoleon\n|-damage|p2b: Empoleon|0 fnt\n|faint|p2b: Empoleon\n|move|p2a: Gothitelle|Expanding Force|p1b: Clefairy\n|-damage|p1b: Clefairy|65\/100\n|-damage|p2a: Gothitelle|52\/100|[from] item: Life Orb\n|\n|upkeep\n|turn|12\n|\n|t:|1700669930\n|move|p1a: Kommo-o|Iron Head|p2a: Gothitelle\n|-damage|p2a: Gothitelle|0 fnt\n|faint|p2a: Gothitelle\n|\n|win|knightgem\n|raw|knightgem's rating: 1234 &rarr; <strong>1247<\/strong><br \/>(+13 for winning)\n|raw|hasegawa_shigure's rating: 1049 &rarr; <strong>1040<\/strong><br \/>(-9 for losing)\n|c|\u2606knightgem|Gg\n","uploadtime":1700669947,"views":0,"p1id":"knightgem","p2id":"hasegawashigure","formatid":"gen9nationaldexdoubles","rating":1040,"private":0,"password":""}