{"id":"gen9nationaldexdoubles-1998904613","p1":"omegashenronone","p2":"john681","format":"[Gen 9] National Dex Doubles","log":"|j|\u2606omegashenronone\n|j|\u2606john681\n|t:|1701011187\n|gametype|doubles\n|player|p1|omegashenronone|hugh|\n|player|p2|john681|gambler|\n|teamsize|p1|6\n|teamsize|p2|6\n|gen|9\n|tier|[Gen 9] National Dex Doubles\n|rule|HP Percentage Mod: HP is shown in percentages\n|rule|Endless Battle Clause: Forcing endless battles is banned\n|rule|OHKO Clause: OHKO moves are banned\n|rule|Evasion Moves Clause: Evasion moves are banned\n|rule|Evasion Abilities Clause: Evasion abilities are banned\n|rule|Species Clause: Limit one of each Pok\u00e9mon\n|rule|Gravity Sleep Clause: The combination of sleep-inducing moves with imperfect accuracy and Gravity or Gigantamax Orbeetle are banned\n|clearpoke\n|poke|p1|Urshifu-*, F|\n|poke|p1|Greninja-*, M|\n|poke|p1|Pelipper, M|\n|poke|p1|Swampert, M|\n|poke|p1|Kingdra, F|\n|poke|p1|Empoleon, F|\n|poke|p2|Urshifu-*, F|\n|poke|p2|Pelipper, M|\n|poke|p2|Swampert, M|\n|poke|p2|Floatzel, F|\n|poke|p2|Rotom-Wash|\n|poke|p2|Samurott-Hisui, M|\n|teampreview\n|inactive|Battle timer is ON: inactive players will automatically lose when time's up. (requested by omegashenronone)\n|inactive|john681 also wants the timer to be on.\n|c|\u2606omegashenronone|Are you\n|c|\u2606omegashenronone|Using a rain team\n|c|\u2606omegashenronone|To fight me\n|c|\u2606omegashenronone|The water gym leader\n|c|\u2606john681|this is the team i submitted yes\n|inactive|omegashenronone has 270 seconds left.\n|inactive|john681 has 270 seconds left.\n|\n|t:|1701011227\n|start\n|switch|p1a: Genji|Greninja, M|100\/100\n|switch|p1b: Master Shi-Fu!|Urshifu-Rapid-Strike, F|100\/100\n|switch|p2a: Floatzel|Floatzel, F|100\/100\n|switch|p2b: Urshifu|Urshifu-Rapid-Strike, F|100\/100\n|turn|1\n|c|\u2606omegashenronone|Understood\n|\n|t:|1701011248\n|switch|p2a: Pelipper|Pelipper, M|100\/100\n|-weather|RainDance|[from] ability: Drizzle|[of] p2a: Pelipper\n|-terastallize|p1a: Genji|Electric\n|move|p1a: Genji|Tera Blast|p2a: Pelipper|[anim] Tera Blast Electric\n|-supereffective|p2a: Pelipper\n|-damage|p2a: Pelipper|0 fnt\n|faint|p2a: Pelipper\n|-ability|p1a: Genji|Battle Bond|boost\n|-boost|p1a: Genji|atk|1\n|-boost|p1a: Genji|spa|1\n|-boost|p1a: Genji|spe|1\n|-activate|p1a: Genji|ability: Battle Bond\n|move|p2b: Urshifu|Close Combat|p1a: Genji\n|-crit|p1a: Genji\n|-damage|p1a: Genji|0 fnt\n|-unboost|p2b: Urshifu|def|1\n|-unboost|p2b: Urshifu|spd|1\n|faint|p1a: Genji\n|move|p1b: Master Shi-Fu!|Surging Strikes|p2b: Urshifu\n|-resisted|p2b: Urshifu\n|-crit|p2b: Urshifu\n|-damage|p2b: Urshifu|69\/100\n|-resisted|p2b: Urshifu\n|-crit|p2b: Urshifu\n|-damage|p2b: Urshifu|39\/100\n|-resisted|p2b: Urshifu\n|-crit|p2b: Urshifu\n|-damage|p2b: Urshifu|11\/100\n|-hitcount|p2b: Urshifu|3\n|-damage|p1b: Master Shi-Fu!|91\/100|[from] item: Life Orb\n|\n|-weather|RainDance|[upkeep]\n|upkeep\n|\n|t:|1701011274\n|switch|p1a: Hur-Hur-Hur|Kingdra, F|100\/100\n|switch|p2a: Floatzel|Floatzel, F|100\/100\n|turn|2\n|\n|t:|1701011304\n|switch|p2b: Rotom|Rotom-Wash|100\/100\n|-terastallize|p2a: Floatzel|Water\n|move|p2a: Floatzel|Wave Crash|p1b: Master Shi-Fu!\n|-resisted|p1b: Master Shi-Fu!\n|-damage|p1b: Master Shi-Fu!|0 fnt\n|faint|p1b: Master Shi-Fu!\n|-damage|p2a: Floatzel|68\/100|[from] Recoil\n|move|p1a: Hur-Hur-Hur|Hurricane|p2b: Rotom\n|-resisted|p2b: Rotom\n|-damage|p2b: Rotom|65\/100\n|\n|-weather|RainDance|[upkeep]\n|upkeep\n|\n|t:|1701011319\n|switch|p1b: Gym bro|Swampert, M|100\/100\n|turn|3\n|\n|t:|1701011343\n|detailschange|p1b: Gym bro|Swampert-Mega, M\n|-mega|p1b: Gym bro|Swampert|Swampertite\n|move|p2a: Floatzel|Wave Crash|p1b: Gym bro\n|-damage|p1b: Gym bro|0 fnt\n|faint|p1b: Gym bro\n|-damage|p2a: Floatzel|32\/100|[from] Recoil\n|move|p1a: Hur-Hur-Hur|Hurricane|p2b: Rotom\n|-resisted|p2b: Rotom\n|-damage|p2b: Rotom|31\/100\n|-start|p2b: Rotom|confusion\n|-activate|p2b: Rotom|confusion\n|-damage|p2b: Rotom|24\/100|[from] confusion\n|\n|-weather|RainDance|[upkeep]\n|upkeep\n|\n|t:|1701011352\n|switch|p1b: Happy|Pelipper, M|100\/100\n|turn|4\n|\n|t:|1701011356\n|move|p2a: Floatzel|Wave Crash|p1b: Happy\n|-resisted|p1b: Happy\n|-damage|p1b: Happy|4\/100\n|-damage|p2a: Floatzel|5\/100|[from] Recoil\n|move|p1a: Hur-Hur-Hur|Hurricane|p2a: Floatzel\n|-damage|p2a: Floatzel|0 fnt\n|faint|p2a: Floatzel\n|-end|p2b: Rotom|confusion\n|move|p2b: Rotom|Thunder|p1a: Hur-Hur-Hur\n|-damage|p1a: Hur-Hur-Hur|48\/100\n|-status|p1a: Hur-Hur-Hur|par\n|move|p1b: Happy|Tailwind|p1b: Happy\n|-sidestart|p1: omegashenronone|move: Tailwind\n|\n|-weather|RainDance|[upkeep]\n|upkeep\n|\n|t:|1701011370\n|switch|p2a: Swampert|Swampert, M|100\/100\n|turn|5\n|\n|t:|1701011389\n|detailschange|p2a: Swampert|Swampert-Mega, M\n|-mega|p2a: Swampert|Swampert|Swampertite\n|move|p1a: Hur-Hur-Hur|Hurricane|p2a: Swampert\n|-crit|p2a: Swampert\n|-damage|p2a: Swampert|29\/100\n|-start|p2a: Swampert|confusion\n|-activate|p2a: Swampert|confusion\n|move|p2a: Swampert|Dynamic Punch|p1a: Hur-Hur-Hur|[miss]\n|-miss|p2a: Swampert|p1a: Hur-Hur-Hur\n|move|p1b: Happy|Hurricane|p2a: Swampert\n|-damage|p2a: Swampert|0 fnt\n|faint|p2a: Swampert\n|move|p2b: Rotom|Thunder|p1b: Happy\n|-supereffective|p1b: Happy\n|-damage|p1b: Happy|0 fnt\n|faint|p1b: Happy\n|\n|-weather|none\n|upkeep\n|\n|t:|1701011403\n|switch|p2a: Samurott|Samurott-Hisui, M|100\/100\n|switch|p1b: Chunky|Empoleon, F|100\/100\n|turn|6\n|\n|t:|1701011427\n|move|p1b: Chunky|Steel Beam|p2a: Samurott\n|-resisted|p2a: Samurott\n|-damage|p2a: Samurott|49\/100\n|-damage|p1b: Chunky|50\/100|[from] steelbeam\n|move|p2b: Rotom|Thunder|p1b: Chunky\n|-supereffective|p1b: Chunky\n|-damage|p1b: Chunky|0 fnt\n|faint|p1b: Chunky\n|move|p2a: Samurott|Ceaseless Edge|p1a: Hur-Hur-Hur\n|-damage|p1a: Hur-Hur-Hur|0 fnt\n|-sidestart|p1: omegashenronone|Spikes\n|faint|p1a: Hur-Hur-Hur\n|\n|win|john681\n|c|\u2606john681|that..\n|c|\u2606john681|that actually worked\n|c|\u2606john681|wow\n|c|\u2606omegashenronone|Lol\n","uploadtime":1701011465,"views":9,"p1id":"omegashenronone","p2id":"john681","formatid":"gen9nationaldexdoubles","rating":0,"private":0,"password":""}