{"id":"gen9nationaldexdoubles-1987145089","p1":"The OG Trainer Red","p2":"LilyLopears","format":"[Gen 9] National Dex Doubles","log":"|j|\u2606The OG Trainer Red\n|j|\u2606LilyLopears\n|t:|1699559803\n|gametype|doubles\n|player|p1|The OG Trainer Red|fisherman-gen4|1243\n|player|p2|LilyLopears|acetrainersnowf|1137\n|teamsize|p1|6\n|teamsize|p2|6\n|gen|9\n|tier|[Gen 9] National Dex Doubles\n|rated|\n|rule|HP Percentage Mod: HP is shown in percentages\n|rule|Endless Battle Clause: Forcing endless battles is banned\n|rule|OHKO Clause: OHKO moves are banned\n|rule|Evasion Moves Clause: Evasion moves are banned\n|rule|Evasion Abilities Clause: Evasion abilities are banned\n|rule|Species Clause: Limit one of each Pok\u00e9mon\n|rule|Gravity Sleep Clause: The combination of sleep-inducing moves with imperfect accuracy and Gravity or Gigantamax Orbeetle are banned\n|clearpoke\n|poke|p1|Ninetales, F|\n|poke|p1|Leafeon, F|\n|poke|p1|Espeon, F|\n|poke|p1|Indeedee-F, F|\n|poke|p1|Vaporeon, F|\n|poke|p1|Pelipper, F|\n|poke|p2|Ninetales-Alola, M|\n|poke|p2|Sandslash-Alola, F|\n|poke|p2|Ursaluna-Bloodmoon, M|\n|poke|p2|Kommo-o, F|\n|poke|p2|Latios, M|\n|poke|p2|Incineroar, F|\n|teampreview\n|inactive|Battle timer is ON: inactive players will automatically lose when time's up. (requested by The OG Trainer Red)\n|\n|t:|1699559831\n|start\n|switch|p1a: Indeedee|Indeedee-F, F|100\/100\n|switch|p1b: Vaporeon|Vaporeon, F|100\/100\n|switch|p2a: Meow :3|Incineroar, F|100\/100\n|switch|p2b: Latios|Latios, M|100\/100\n|-fieldstart|move: Psychic Terrain|[from] ability: Psychic Surge|[of] p1a: Indeedee\n|-ability|p2a: Meow :3|Intimidate|boost\n|-unboost|p1a: Indeedee|atk|1\n|-unboost|p1b: Vaporeon|atk|1\n|turn|1\n|inactive|LilyLopears has 120 seconds left.\n|\n|t:|1699559883\n|switch|p1a: Pelipper|Pelipper, F|100\/100\n|-weather|RainDance|[from] ability: Drizzle|[of] p1a: Pelipper\n|switch|p2a: Ninetales|Ninetales-Alola, M|100\/100\n|-weather|Snow|[from] ability: Snow Warning|[of] p2a: Ninetales\n|detailschange|p2b: Latios|Latios-Mega, M\n|-mega|p2b: Latios|Latios|Latiosite\n|move|p2b: Latios|Protect|p2b: Latios\n|-singleturn|p2b: Latios|Protect\n|move|p1b: Vaporeon|Surf|p2a: Ninetales|[spread] p1a,p2a\n|-activate|p2b: Latios|move: Protect\n|-resisted|p1a: Pelipper\n|-crit|p2a: Ninetales\n|-damage|p1a: Pelipper|73\/100\n|-damage|p2a: Ninetales|40\/100\n|\n|-weather|Snow|[upkeep]\n|upkeep\n|turn|2\n|inactive|LilyLopears has 120 seconds left.\n|inactive|LilyLopears has 90 seconds left.\n|\n|t:|1699559925\n|switch|p2a: Kommo-o|Kommo-o, F|100\/100\n|move|p2b: Latios|Draco Meteor|p1a: Pelipper\n|-damage|p1a: Pelipper|0 fnt\n|-unboost|p2b: Latios|spa|2\n|faint|p1a: Pelipper\n|move|p1b: Vaporeon|Blizzard|p2b: Latios|[spread] p2a,p2b\n|-supereffective|p2a: Kommo-o\n|-supereffective|p2b: Latios\n|-damage|p2a: Kommo-o|46\/100\n|-damage|p2b: Latios|53\/100\n|\n|-weather|Snow|[upkeep]\n|upkeep\n|\n|t:|1699559937\n|switch|p1a: Espeon|Espeon, F|100\/100\n|turn|3\n|\n|t:|1699559957\n|-terastallize|p1a: Espeon|Fairy\n|move|p2b: Latios|Protect|p2b: Latios\n|-singleturn|p2b: Latios|Protect\n|move|p1a: Espeon|Draining Kiss|p2b: Latios\n|-activate|p2b: Latios|move: Protect\n|-zpower|p2a: Kommo-o\n|move|p2a: Kommo-o|Clangorous Soulblaze|p1b: Vaporeon|[zeffect]|[spread] p1b\n|-immune|p1a: Espeon\n|-damage|p1b: Vaporeon|50\/100\n|-boost|p2a: Kommo-o|atk|1\n|-boost|p2a: Kommo-o|def|1\n|-boost|p2a: Kommo-o|spa|1\n|-boost|p2a: Kommo-o|spd|1\n|-boost|p2a: Kommo-o|spe|1\n|move|p1b: Vaporeon|Blizzard|p2a: Kommo-o|[spread] p2a\n|-activate|p2b: Latios|move: Protect\n|-supereffective|p2a: Kommo-o\n|-damage|p2a: Kommo-o|8\/100\n|\n|-weather|Snow|[upkeep]\n|-heal|p1b: Vaporeon|57\/100|[from] item: Leftovers\n|upkeep\n|turn|4\n|inactive|LilyLopears has 90 seconds left.\n|\n|t:|1699559997\n|move|p2a: Kommo-o|Flamethrower|p1a: Espeon\n|-damage|p1a: Espeon|48\/100\n|move|p1a: Espeon|Expanding Force|p2a: Kommo-o|[spread] p2a,p2b\n|-supereffective|p2a: Kommo-o\n|-resisted|p2b: Latios\n|-damage|p2a: Kommo-o|0 fnt\n|-damage|p2b: Latios|25\/100\n|faint|p2a: Kommo-o\n|move|p2b: Latios|Psychic|p1b: Vaporeon\n|-damage|p1b: Vaporeon|36\/100\n|move|p1b: Vaporeon|Blizzard|p2b: Latios\n|-supereffective|p2b: Latios\n|-damage|p2b: Latios|0 fnt\n|faint|p2b: Latios\n|\n|-weather|Snow|[upkeep]\n|-heal|p1b: Vaporeon|43\/100|[from] item: Leftovers\n|upkeep\n|\n|t:|1699560017\n|switch|p2b: Meow :3|Incineroar, F|100\/100\n|switch|p2a: Sandslash|Sandslash-Alola, F|100\/100\n|-ability|p2b: Meow :3|Intimidate|boost\n|-unboost|p1a: Espeon|atk|1\n|-unboost|p1b: Vaporeon|atk|1\n|turn|5\n|\n|t:|1699560042\n|-terastallize|p2a: Sandslash|Ice\n|move|p1a: Espeon|Draining Kiss|p2b: Meow :3\n|-damage|p2b: Meow :3|82\/100\n|-heal|p1a: Espeon|68\/100|[from] drain|[of] p2b: Meow :3\n|move|p2a: Sandslash|Shadow Claw|p1a: Espeon\n|-damage|p1a: Espeon|8\/100\n|-damage|p2a: Sandslash|91\/100|[from] item: Life Orb\n|move|p1b: Vaporeon|Surf|p2a: Sandslash|[spread] p1a,p2a,p2b\n|-supereffective|p2b: Meow :3\n|-damage|p1a: Espeon|0 fnt\n|-damage|p2a: Sandslash|47\/100\n|-damage|p2b: Meow :3|44\/100\n|faint|p1a: Espeon\n|move|p2b: Meow :3|Darkest Lariat|p1b: Vaporeon\n|-damage|p1b: Vaporeon|0 fnt\n|faint|p1b: Vaporeon\n|\n|-weather|none\n|-fieldend|move: Psychic Terrain\n|upkeep\n|inactive|The OG Trainer Red has 120 seconds left.\n|\n|t:|1699560059\n|switch|p1a: Ninetales|Ninetales, F|100\/100\n|switch|p1b: Leafeon|Leafeon, F|100\/100\n|-weather|SunnyDay|[from] ability: Drought|[of] p1a: Ninetales\n|turn|6\n|inactive|LilyLopears has 90 seconds left.\n|\n|t:|1699560085\n|move|p2a: Sandslash|Ice Shard|p1b: Leafeon\n|-supereffective|p1b: Leafeon\n|-damage|p1b: Leafeon|49\/100\n|-damage|p2a: Sandslash|37\/100|[from] item: Life Orb\n|move|p1b: Leafeon|X-Scissor|p2b: Meow :3\n|-damage|p2b: Meow :3|19\/100\n|move|p1a: Ninetales|Flamethrower|p2a: Sandslash\n|-supereffective|p2a: Sandslash\n|-damage|p2a: Sandslash|0 fnt\n|faint|p2a: Sandslash\n|move|p2b: Meow :3|Flame Charge|p1b: Leafeon\n|-supereffective|p1b: Leafeon\n|-damage|p1b: Leafeon|0 fnt\n|-boost|p2b: Meow :3|spe|1\n|faint|p1b: Leafeon\n|\n|-weather|SunnyDay|[upkeep]\n|upkeep\n|inactive|LilyLopears has 90 seconds left.\n|c|\u2606The OG Trainer Red|it's fucking invincible..\n|\n|t:|1699560104\n|switch|p1b: Indeedee|Indeedee-F, F|100\/100\n|switch|p2a: Ursaluna|Ursaluna-Bloodmoon, M|100\/100\n|-fieldstart|move: Psychic Terrain|[from] ability: Psychic Surge|[of] p1b: Indeedee\n|turn|7\n|inactive|LilyLopears has 90 seconds left.\n|c|\u2606LilyLopears|assault vest is fun :3\n|\n|t:|1699560137\n|switch|p2b: Ninetales|Ninetales-Alola, M|40\/100\n|-weather|Snow|[from] ability: Snow Warning|[of] p2b: Ninetales\n|move|p1a: Ninetales|Flamethrower|p2a: Ursaluna\n|-damage|p2a: Ursaluna|34\/100\n|move|p1b: Indeedee|Dazzling Gleam|p2b: Ninetales|[spread] p2a,p2b\n|-damage|p2a: Ursaluna|13\/100\n|-damage|p2b: Ninetales|19\/100\n|move|p2a: Ursaluna|Blood Moon|p1a: Ninetales\n|-enditem|p2a: Ursaluna|Normal Gem|[from] gem\n|-damage|p1a: Ninetales|0 fnt\n|faint|p1a: Ninetales\n|\n|-weather|Snow|[upkeep]\n|upkeep\n|turn|8\n|inactive|LilyLopears has 90 seconds left.\n|\n|t:|1699560170\n|move|p2b: Ninetales|Moonblast|p1b: Indeedee\n|-damage|p1b: Indeedee|66\/100\n|move|p1b: Indeedee|Dazzling Gleam|p2a: Ursaluna|[spread] p2a,p2b\n|-damage|p2a: Ursaluna|0 fnt\n|-damage|p2b: Ninetales|0 fnt\n|faint|p2a: Ursaluna\n|faint|p2b: Ninetales\n|\n|-weather|Snow|[upkeep]\n|upkeep\n|c|\u2606The OG Trainer Red|It's so unbalanced when it's that invincible but can also one shot anything\n|\n|t:|1699560184\n|switch|p2a: Meow :3|Incineroar, F|19\/100\n|-ability|p2a: Meow :3|Intimidate|boost\n|-unboost|p1b: Indeedee|atk|1\n|turn|9\n|inactive|LilyLopears has 90 seconds left.\n|\n|t:|1699560192\n|move|p1b: Indeedee|Dazzling Gleam|p2a: Meow :3\n|-damage|p2a: Meow :3|5\/100\n|move|p2a: Meow :3|Darkest Lariat|p1b: Indeedee\n|-supereffective|p1b: Indeedee\n|-damage|p1b: Indeedee|0 fnt\n|faint|p1b: Indeedee\n|\n|win|LilyLopears\n|raw|The OG Trainer Red's rating: 1243 &rarr; <strong>1211<\/strong><br \/>(-32 for losing)\n|raw|LilyLopears's rating: 1137 &rarr; <strong>1169<\/strong><br \/>(+32 for winning)\n|l|\u2606The OG Trainer Red\n|c|\u2606LilyLopears|gg\n","uploadtime":1699560203,"views":10,"p1id":"theogtrainerred","p2id":"lilylopears","formatid":"gen9nationaldexdoubles","rating":1169,"private":0,"password":""}