{"id":"gen9nationaldexdoubles-1950643847","p1":"SunisStillGoated","p2":"ratpacker","format":"[Gen 9] National Dex Doubles","log":"|j|\u2606SunisStillGoated\n|j|\u2606ratpacker\n|t:|1695492653\n|gametype|doubles\n|player|p1|SunisStillGoated|lusamine-nihilego|1275\n|player|p2|ratpacker|twins|1646\n|teamsize|p1|6\n|teamsize|p2|6\n|gen|9\n|tier|[Gen 9] National Dex Doubles\n|rated|\n|rule|HP Percentage Mod: HP is shown in percentages\n|rule|Endless Battle Clause: Forcing endless battles is banned\n|rule|OHKO Clause: OHKO moves are banned\n|rule|Evasion Moves Clause: Evasion moves are banned\n|rule|Evasion Abilities Clause: Evasion abilities are banned\n|rule|Species Clause: Limit one of each Pok\u00e9mon\n|rule|Gravity Sleep Clause: The combination of sleep-inducing moves with imperfect accuracy and Gravity or Gigantamax Orbeetle are banned\n|clearpoke\n|poke|p1|Charizard, M|\n|poke|p1|Chi-Yu|\n|poke|p1|Flutter Mane|\n|poke|p1|Whimsicott, M|\n|poke|p1|Zygarde|\n|poke|p1|Chien-Pao|\n|poke|p2|Tapu Fini|\n|poke|p2|Metagross|\n|poke|p2|Rillaboom, F|\n|poke|p2|Mew|\n|poke|p2|Whimsicott, F|\n|poke|p2|Zygarde|\n|teampreview\n|inactive|Battle timer is ON: inactive players will automatically lose when time's up. (requested by ratpacker)\n|inactive|SunisStillGoated also wants the timer to be on.\n|inactive|ratpacker has 120 seconds left.\n|inactive|ratpacker has 90 seconds left.\n|\n|t:|1695492718\n|start\n|switch|p1a: Whimsicott|Whimsicott, M|100\/100\n|switch|p1b: Charizard|Charizard, M|100\/100\n|switch|p2a: HIT ME|Whimsicott, F|100\/100\n|switch|p2b: I HATE MYSELF|Metagross|100\/100\n|turn|1\n|inactive|SunisStillGoated has 120 seconds left.\n|inactive|ratpacker has 120 seconds left.\n|inactive|SunisStillGoated has 90 seconds left.\n|\n|t:|1695492784\n|detailschange|p2b: I HATE MYSELF|Metagross-Mega\n|-mega|p2b: I HATE MYSELF|Metagross|Metagrossite\n|move|p1b: Charizard|Protect|p1b: Charizard\n|-singleturn|p1b: Charizard|Protect\n|move|p1a: Whimsicott|Taunt|p2a: HIT ME\n|-start|p2a: HIT ME|move: Taunt\n|move|p2b: I HATE MYSELF|Bullet Punch|p1a: Whimsicott\n|-supereffective|p1a: Whimsicott\n|-damage|p1a: Whimsicott|24\/100\n|cant|p2a: HIT ME|move: Taunt|Tailwind\n|\n|upkeep\n|turn|2\n|inactive|ratpacker has 120 seconds left.\n|\n|t:|1695492801\n|switch|p2a: PILGRIMAGE|Tapu Fini|100\/100\n|-fieldstart|move: Misty Terrain|[from] ability: Misty Surge|[of] p2a: PILGRIMAGE\n|detailschange|p1b: Charizard|Charizard-Mega-Y, M\n|-mega|p1b: Charizard|Charizard|Charizardite Y\n|-weather|SunnyDay|[from] ability: Drought|[of] p1b: Charizard\n|move|p2b: I HATE MYSELF|Protect|p2b: I HATE MYSELF\n|-singleturn|p2b: I HATE MYSELF|Protect\n|move|p1a: Whimsicott|Tailwind|p1a: Whimsicott\n|-sidestart|p1: SunisStillGoated|move: Tailwind\n|move|p1b: Charizard|Heat Wave|p2a: PILGRIMAGE|[spread] p2a\n|-activate|p2b: I HATE MYSELF|move: Protect\n|-resisted|p2a: PILGRIMAGE\n|-damage|p2a: PILGRIMAGE|71\/100\n|\n|-weather|SunnyDay|[upkeep]\n|upkeep\n|turn|3\n|inactive|SunisStillGoated has 120 seconds left.\n|\n|t:|1695492818\n|move|p1a: Whimsicott|Helping Hand|p1b: Charizard\n|-singleturn|p1b: Charizard|Helping Hand|[of] p1a: Whimsicott\n|move|p2b: I HATE MYSELF|Bullet Punch|p1a: Whimsicott\n|-supereffective|p1a: Whimsicott\n|-damage|p1a: Whimsicott|0 fnt\n|faint|p1a: Whimsicott\n|move|p1b: Charizard|Heat Wave|p2a: PILGRIMAGE|[spread] p2a,p2b\n|-resisted|p2a: PILGRIMAGE\n|-crit|p2a: PILGRIMAGE\n|-supereffective|p2b: I HATE MYSELF\n|-damage|p2a: PILGRIMAGE|1\/100\n|-damage|p2b: I HATE MYSELF|0 fnt\n|faint|p2b: I HATE MYSELF\n|move|p2a: PILGRIMAGE|Icy Wind|p1b: Charizard\n|-damage|p1b: Charizard|84\/100\n|-unboost|p1b: Charizard|spe|1\n|\n|-weather|SunnyDay|[upkeep]\n|upkeep\n|inactive|ratpacker has 120 seconds left.\n|inactive|ratpacker has 90 seconds left.\n|\n|t:|1695492883\n|switch|p1a: Zygarde|Zygarde|100\/100\n|switch|p2b: HIT ME|Whimsicott, F|100\/100\n|-ability|p1a: Zygarde|Aura Break\n|turn|4\n|\n|t:|1695492893\n|-terastallize|p1a: Zygarde|Normal\n|move|p1a: Zygarde|Extreme Speed|p2b: HIT ME\n|-damage|p2b: HIT ME|31\/100\n|move|p2b: HIT ME|Tailwind|p2b: HIT ME\n|-sidestart|p2: ratpacker|move: Tailwind\n|move|p2a: PILGRIMAGE|Icy Wind|p1a: Zygarde|[spread] p1a,p1b\n|-damage|p1a: Zygarde|89\/100\n|-damage|p1b: Charizard|72\/100\n|-unboost|p1a: Zygarde|spe|1\n|-unboost|p1b: Charizard|spe|1\n|move|p1b: Charizard|Heat Wave|p2a: PILGRIMAGE|[spread] p2a,p2b\n|-resisted|p2a: PILGRIMAGE\n|-supereffective|p2b: HIT ME\n|-damage|p2a: PILGRIMAGE|0 fnt\n|-damage|p2b: HIT ME|0 fnt\n|faint|p2a: PILGRIMAGE\n|faint|p2b: HIT ME\n|\n|-weather|SunnyDay|[upkeep]\n|upkeep\n|\n|t:|1695492905\n|switch|p2a: MEOW|Mew|100\/100\n|switch|p2b: HEAVENLY ILLUSION|Zygarde|100\/100\n|-ability|p2b: HEAVENLY ILLUSION|Aura Break\n|turn|5\n|\n|t:|1695492928\n|-terastallize|p2b: HEAVENLY ILLUSION|Fire\n|move|p2a: MEOW|Fake Out|p1a: Zygarde\n|-damage|p1a: Zygarde|83\/100\n|cant|p1a: Zygarde|flinch\n|move|p2b: HEAVENLY ILLUSION|Dragon Dance|p2b: HEAVENLY ILLUSION\n|-boost|p2b: HEAVENLY ILLUSION|atk|1\n|-boost|p2b: HEAVENLY ILLUSION|spe|1\n|move|p1b: Charizard|Heat Wave|p2a: MEOW|[spread] p2a,p2b\n|-resisted|p2b: HEAVENLY ILLUSION\n|-damage|p2a: MEOW|45\/100\n|-damage|p2b: HEAVENLY ILLUSION|74\/100\n|-enditem|p2a: MEOW|Sitrus Berry|[eat]\n|-heal|p2a: MEOW|70\/100|[from] item: Sitrus Berry\n|\n|-weather|SunnyDay|[upkeep]\n|-sideend|p1: SunisStillGoated|move: Tailwind\n|upkeep\n|turn|6\n|\n|t:|1695492955\n|move|p1a: Zygarde|Extreme Speed|p2b: HEAVENLY ILLUSION\n|-damage|p2b: HEAVENLY ILLUSION|31\/100\n|move|p2b: HEAVENLY ILLUSION|Thousand Arrows|p1b: Charizard|[spread] p1a,p1b\n|-damage|p1a: Zygarde|47\/100\n|-damage|p1b: Charizard|12\/100\n|-start|p1b: Charizard|Smack Down\n|move|p2a: MEOW|Coaching|p2b: HEAVENLY ILLUSION\n|-boost|p2b: HEAVENLY ILLUSION|atk|1\n|-boost|p2b: HEAVENLY ILLUSION|def|1\n|move|p1b: Charizard|Scorching Sands|p2b: HEAVENLY ILLUSION\n|-supereffective|p2b: HEAVENLY ILLUSION\n|-damage|p2b: HEAVENLY ILLUSION|0 fnt\n|faint|p2b: HEAVENLY ILLUSION\n|\n|-weather|none\n|-fieldend|Misty Terrain\n|upkeep\n|inactive|ratpacker has 120 seconds left.\n|-message|ratpacker forfeited.\n|\n|win|SunisStillGoated\n|raw|SunisStillGoated's rating: 1275 &rarr; <strong>1320<\/strong><br \/>(+45 for winning)\n|raw|ratpacker's rating: 1652 &rarr; <strong>1616<\/strong><br \/>(-36 for losing)\n|l|\u2606ratpacker\n|c|\u2606SunisStillGoated|holy shut\n|l|\u2606SunisStillGoated\n|j|\u2606SunisStillGoated\n|player|p1|SunisStillGoated|lusamine-nihilego\n","uploadtime":1695493009,"views":29,"p1id":"sunisstillgoated","p2id":"ratpacker","formatid":"gen9nationaldexdoubles","rating":1320,"private":0,"password":""}