{"id":"gen9nationaldexdoubles-1996677175","p1":"Chi3fRoss","p2":"El Ryuk456","format":"[Gen 9] National Dex Doubles","log":"|j|\u2606Chi3fRoss\n|j|\u2606El Ryuk456\n|t:|1700708484\n|gametype|doubles\n|player|p1|Chi3fRoss|2|1334\n|player|p2|El Ryuk456|ingo|1306\n|teamsize|p1|6\n|teamsize|p2|6\n|gen|9\n|tier|[Gen 9] National Dex Doubles\n|rated|\n|rule|HP Percentage Mod: HP is shown in percentages\n|rule|Endless Battle Clause: Forcing endless battles is banned\n|rule|OHKO Clause: OHKO moves are banned\n|rule|Evasion Moves Clause: Evasion moves are banned\n|rule|Evasion Abilities Clause: Evasion abilities are banned\n|rule|Species Clause: Limit one of each Pok\u00e9mon\n|rule|Gravity Sleep Clause: The combination of sleep-inducing moves with imperfect accuracy and Gravity or Gigantamax Orbeetle are banned\n|clearpoke\n|poke|p1|Alcremie, F|\n|poke|p1|Incineroar, M|\n|poke|p1|Dragapult, F|\n|poke|p1|Sinistcha|\n|poke|p1|Palafin, M|\n|poke|p1|Flutter Mane|\n|poke|p2|Lucario, M|\n|poke|p2|Ogerpon, F|\n|poke|p2|Tapu Lele|\n|poke|p2|Crobat, F|\n|poke|p2|Tinkaton, F|\n|poke|p2|Luxray, M|\n|teampreview\n|\n|t:|1700708515\n|start\n|switch|p1a: Dragapult|Dragapult, F|100\/100\n|switch|p1b: Palafin|Palafin, M|100\/100\n|switch|p2a: Tapu Lele|Tapu Lele, shiny|100\/100\n|switch|p2b: Crobat|Crobat, F, shiny|100\/100\n|-fieldstart|move: Psychic Terrain|[from] ability: Psychic Surge|[of] p2a: Tapu Lele\n|turn|1\n|\n|t:|1700708553\n|detailschange|p1b: Palafin|Palafin-Hero, M\n|switch|p1b: Incineroar|Incineroar, M|100\/100\n|-ability|p1b: Incineroar|Intimidate|boost\n|-unboost|p2a: Tapu Lele|atk|1\n|-fail|p2b: Crobat|unboost|Attack|[from] ability: Inner Focus|[of] p2b: Crobat\n|move|p1a: Dragapult|Protect|p1a: Dragapult\n|-singleturn|p1a: Dragapult|Protect\n|move|p2a: Tapu Lele|Protect|p2a: Tapu Lele\n|-singleturn|p2a: Tapu Lele|Protect\n|move|p2b: Crobat|Tailwind|p2b: Crobat\n|-sidestart|p2: El Ryuk456|move: Tailwind\n|\n|upkeep\n|turn|2\n|\n|t:|1700708577\n|switch|p2b: Tinkaton|Tinkaton, F|100\/100\n|-ability|p2b: Tinkaton|Mold Breaker\n|move|p1b: Incineroar|Fake Out|p2a: Tapu Lele\n|-activate|p2a: Tapu Lele|move: Psychic Terrain\n|-zpower|p2a: Tapu Lele\n|move|p2a: Tapu Lele|All-Out Pummeling|p1b: Incineroar|[zeffect]\n|-supereffective|p1b: Incineroar\n|-damage|p1b: Incineroar|0 fnt\n|faint|p1b: Incineroar\n|move|p1a: Dragapult|Substitute|p1a: Dragapult\n|-start|p1a: Dragapult|Substitute\n|-damage|p1a: Dragapult|76\/100\n|\n|upkeep\n|inactive|Battle timer is ON: inactive players will automatically lose when time's up. (requested by El Ryuk456)\n|c|\u2606Chi3fRoss|i dunno why I thought that was misty terrain\n|\n|t:|1700708607\n|switch|p1b: Alcremie|Alcremie, F|100\/100\n|turn|3\n|\n|t:|1700708617\n|move|p1a: Dragapult|Protect|p1a: Dragapult\n|-singleturn|p1a: Dragapult|Protect\n|move|p2b: Tinkaton|Gigaton Hammer|p1a: Dragapult\n|-activate|p1a: Dragapult|move: Protect\n|move|p2a: Tapu Lele|Psychic|p1a: Dragapult\n|-activate|p1a: Dragapult|move: Protect\n|move|p1b: Alcremie|Decorate||[still]\n|-fail|p1b: Alcremie\n|\n|upkeep\n|turn|4\n|inactive|Chi3fRoss has 120 seconds left.\n|\n|t:|1700708659\n|switch|p1b: Sinistcha|Sinistcha|100\/100\n|-heal|p1a: Dragapult|100\/100|[from] ability: Hospitality|[of] p1b: Sinistcha\n|-terastallize|p1a: Dragapult|Ghost\n|move|p2b: Tinkaton|Rock Tomb|p1a: Dragapult\n|-activate|p1a: Dragapult|move: Substitute|[damage]\n|move|p2a: Tapu Lele|Psychic|p1a: Dragapult\n|-end|p1a: Dragapult|Substitute\n|move|p1a: Dragapult|Tera Blast|p2a: Tapu Lele|[anim] Tera Blast Ghost\n|-supereffective|p2a: Tapu Lele\n|-damage|p2a: Tapu Lele|0 fnt\n|faint|p2a: Tapu Lele\n|-damage|p1a: Dragapult|91\/100|[from] item: Life Orb\n|\n|-sideend|p2: El Ryuk456|move: Tailwind\n|upkeep\n|\n|t:|1700708674\n|switch|p2a: Crobat|Crobat, F, shiny|100\/100\n|turn|5\n|\n|t:|1700708690\n|move|p1b: Sinistcha|Rage Powder|p1b: Sinistcha\n|-singleturn|p1b: Sinistcha|move: Rage Powder\n|move|p1a: Dragapult|Tera Blast|p2a: Crobat|[anim] Tera Blast Ghost\n|-damage|p2a: Crobat|27\/100\n|-damage|p1a: Dragapult|81\/100|[from] item: Life Orb\n|move|p2a: Crobat|Tailwind|p2a: Crobat\n|-sidestart|p2: El Ryuk456|move: Tailwind\n|move|p2b: Tinkaton|Rock Tomb|p1b: Sinistcha\n|-damage|p1b: Sinistcha|92\/100\n|-unboost|p1b: Sinistcha|spe|1\n|\n|-fieldend|move: Psychic Terrain\n|upkeep\n|turn|6\n|\n|t:|1700708710\n|move|p1b: Sinistcha|Rage Powder|p1b: Sinistcha\n|-singleturn|p1b: Sinistcha|move: Rage Powder\n|move|p2a: Crobat|Brave Bird|p1b: Sinistcha\n|-supereffective|p1b: Sinistcha\n|-damage|p1b: Sinistcha|36\/100\n|-damage|p2a: Crobat|10\/100|[from] item: Rocky Helmet|[of] p1b: Sinistcha\n|-damage|p2a: Crobat|0 fnt|[from] Recoil\n|faint|p2a: Crobat\n|move|p2b: Tinkaton|Gigaton Hammer|p1b: Sinistcha\n|-damage|p1b: Sinistcha|6\/100\n|move|p1a: Dragapult|Tera Blast|p2b: Tinkaton|[anim] Tera Blast Ghost\n|-damage|p2b: Tinkaton|38\/100\n|-damage|p1a: Dragapult|71\/100|[from] item: Life Orb\n|\n|upkeep\n|\n|t:|1700708725\n|switch|p2a: Luxray|Luxray, M|100\/100\n|-ability|p2a: Luxray|Intimidate|boost\n|-fail|p1a: Dragapult|unboost|[from] ability: Clear Body|[of] p1a: Dragapult\n|-unboost|p1b: Sinistcha|atk|1\n|turn|7\n|\n|t:|1700708739\n|move|p1a: Dragapult|Protect|p1a: Dragapult\n|-singleturn|p1a: Dragapult|Protect\n|move|p2b: Tinkaton|Rock Tomb|p1b: Sinistcha\n|-damage|p1b: Sinistcha|0 fnt\n|faint|p1b: Sinistcha\n|move|p2a: Luxray|Volt Switch|p1a: Dragapult\n|-activate|p1a: Dragapult|move: Protect\n|\n|upkeep\n|\n|t:|1700708751\n|switch|p1b: Alcremie|Alcremie, F|100\/100\n|turn|8\n|\n|t:|1700708762\n|switch|p1a: Palafin|Palafin-Hero, M|100\/100\n|-activate|p1a: Palafin|ability: Zero to Hero\n|move|p2a: Luxray|Helping Hand|p2b: Tinkaton\n|-singleturn|p2b: Tinkaton|Helping Hand|[of] p2a: Luxray\n|move|p2b: Tinkaton|Gigaton Hammer|p1a: Palafin\n|-resisted|p1a: Palafin\n|-damage|p1a: Palafin|70\/100\n|move|p1b: Alcremie|Decorate|p1a: Palafin\n|-boost|p1a: Palafin|atk|2\n|-boost|p1a: Palafin|spa|2\n|\n|-sideend|p2: El Ryuk456|move: Tailwind\n|upkeep\n|turn|9\n|\n|t:|1700708780\n|move|p1a: Palafin|Protect|p1a: Palafin\n|-singleturn|p1a: Palafin|Protect\n|move|p2b: Tinkaton|Rock Tomb|p1a: Palafin\n|-activate|p1a: Palafin|move: Protect\n|move|p2a: Luxray|Volt Switch|p1a: Palafin\n|-activate|p1a: Palafin|move: Protect\n|move|p1b: Alcremie|Decorate|p1a: Palafin\n|-boost|p1a: Palafin|atk|2\n|-boost|p1a: Palafin|spa|2\n|\n|upkeep\n|turn|10\n|\n|t:|1700708802\n|switch|p1b: Dragapult|Dragapult, F, tera:Ghost|71\/100\n|move|p1a: Palafin|Jet Punch|p2a: Luxray\n|-damage|p2a: Luxray|0 fnt\n|faint|p2a: Luxray\n|move|p2b: Tinkaton|Gigaton Hammer|p1b: Dragapult\n|-damage|p1b: Dragapult|12\/100\n|\n|upkeep\n|\n|t:|1700708812\n|switch|p2a: Ogerpon|Ogerpon, F|100\/100\n|turn|11\n|\n|t:|1700708823\n|move|p2a: Ogerpon|Spiky Shield|p2a: Ogerpon\n|-singleturn|p2a: Ogerpon|move: Protect\n|move|p1a: Palafin|Protect|p1a: Palafin\n|-singleturn|p1a: Palafin|Protect\n|move|p2b: Tinkaton|Feint|p1a: Palafin\n|-activate|p1a: Palafin|move: Feint\n|-damage|p1a: Palafin|65\/100\n|move|p1b: Dragapult|Tera Blast|p2a: Ogerpon|[anim] Tera Blast Ghost\n|-activate|p2a: Ogerpon|move: Protect\n|\n|upkeep\n|turn|12\n|\n|t:|1700708841\n|-terastallize|p2a: Ogerpon|Grass\n|detailschange|p2a: Ogerpon|Ogerpon-Teal-Tera, F, tera:Grass\n|-ability|p2a: Ogerpon|Embody Aspect (Teal)|boost\n|-boost|p2a: Ogerpon|spe|1\n|move|p2b: Tinkaton|Feint|p1a: Palafin\n|-damage|p1a: Palafin|60\/100\n|move|p1a: Palafin|Jet Punch|p2a: Ogerpon\n|-resisted|p2a: Ogerpon\n|-damage|p2a: Ogerpon|52\/100\n|move|p1b: Dragapult|Tera Blast|p2a: Ogerpon|[anim] Tera Blast Ghost\n|-damage|p2a: Ogerpon|0 fnt\n|faint|p2a: Ogerpon\n|-damage|p1b: Dragapult|2\/100|[from] item: Life Orb\n|\n|upkeep\n|-message|El Ryuk456 forfeited.\n|\n|win|Chi3fRoss\n|raw|Chi3fRoss's rating: 1334 &rarr; <strong>1352<\/strong><br \/>(+18 for winning)\n|raw|El Ryuk456's rating: 1306 &rarr; <strong>1288<\/strong><br \/>(-18 for losing)\n|l|\u2606El Ryuk456\n","uploadtime":1700708861,"views":11,"p1id":"chi3fross","p2id":"elryuk456","formatid":"gen9nationaldexdoubles","rating":1288,"private":0,"password":""}