{"id":"gen9nationaldexdoubles-1999348696","p1":"Diamondshreddie","p2":"normie jean","format":"[Gen 9] National Dex Doubles","log":"|j|\u2606Diamondshreddie\n|j|\u2606normie jean\n|t:|1701064470\n|gametype|doubles\n|player|p1|Diamondshreddie|artist|\n|player|p2|normie jean|clown|\n|teamsize|p1|6\n|teamsize|p2|6\n|gen|9\n|tier|[Gen 9] National Dex Doubles\n|rule|HP Percentage Mod: HP is shown in percentages\n|rule|Endless Battle Clause: Forcing endless battles is banned\n|rule|OHKO Clause: OHKO moves are banned\n|rule|Evasion Moves Clause: Evasion moves are banned\n|rule|Evasion Abilities Clause: Evasion abilities are banned\n|rule|Species Clause: Limit one of each Pok\u00e9mon\n|rule|Gravity Sleep Clause: The combination of sleep-inducing moves with imperfect accuracy and Gravity or Gigantamax Orbeetle are banned\n|rule|Item Clause: Limit one of each item\n|clearpoke\n|poke|p1|Tsareena, F|\n|poke|p1|Ninjask, F|\n|poke|p1|Orthworm, M|\n|poke|p1|Aggron, F|\n|poke|p1|Klawf, M|\n|poke|p1|Gastrodon, M|\n|poke|p2|Lucario, M|\n|poke|p2|Sawsbuck, F|\n|poke|p2|Clefairy, F|\n|poke|p2|Pelipper, F|\n|poke|p2|Inteleon, M|\n|poke|p2|Luxray, F|\n|teampreview|4\n|j| Whaleu\n|j| Felis Regalis\n|\n|t:|1701064589\n|start\n|switch|p1a: Flicker|Ninjask, F|100\/100\n|switch|p1b: Gluckglung|Gastrodon, M|100\/100\n|switch|p2a: Lucario|Lucario, M|100\/100\n|switch|p2b: Clefairy|Clefairy, F|100\/100\n|turn|1\n|\n|t:|1701064699\n|switch|p2a: Sawsbuck|Sawsbuck, F|100\/100\n|move|p2b: Clefairy|Follow Me|p2b: Clefairy\n|-singleturn|p2b: Clefairy|move: Follow Me\n|move|p1a: Flicker|Substitute|p1a: Flicker\n|-start|p1a: Flicker|Substitute\n|-damage|p1a: Flicker|76\/100\n|move|p1b: Gluckglung|Scald|p2b: Clefairy\n|-damage|p2b: Clefairy|74\/100\n|-status|p2b: Clefairy|brn\n|\n|-damage|p2b: Clefairy|68\/100 brn|[from] brn\n|-ability|p1a: Flicker|Speed Boost|boost\n|-boost|p1a: Flicker|spe|1\n|upkeep\n|turn|2\n|\n|t:|1701064747\n|switch|p2a: Lucario|Lucario, M|100\/100\n|switch|p1b: Girlboss|Aggron, F|100\/100\n|move|p1a: Flicker|Swords Dance|p1a: Flicker\n|-boost|p1a: Flicker|atk|2\n|move|p2b: Clefairy|Life Dew||[still]|[spread] p2a,p2b\n|-fail|p2a: Lucario|heal\n|-heal|p2b: Clefairy|93\/100 brn\n|\n|-damage|p2b: Clefairy|87\/100 brn|[from] brn\n|-ability|p1a: Flicker|Speed Boost|boost\n|-boost|p1a: Flicker|spe|1\n|upkeep\n|turn|3\n|\n|t:|1701064794\n|detailschange|p2a: Lucario|Lucario-Mega, M\n|-mega|p2a: Lucario|Lucario|Lucarionite\n|detailschange|p1b: Girlboss|Aggron-Mega, F\n|-mega|p1b: Girlboss|Aggron|Aggronite\n|move|p2b: Clefairy|Helping Hand|p2a: Lucario\n|-singleturn|p2a: Lucario|Helping Hand|[of] p2b: Clefairy\n|move|p1a: Flicker|Baton Pass|p1a: Flicker\n|\n|t:|1701064801\n|switch|p1a: THE PINCHENATOR|Klawf, M, shiny|100\/100|[from] Baton Pass\n|move|p2a: Lucario|Aura Sphere|p1b: Girlboss\n|-supereffective|p1b: Girlboss\n|-damage|p1b: Girlboss|0 fnt\n|faint|p1b: Girlboss\n|\n|-damage|p2b: Clefairy|81\/100 brn|[from] brn\n|upkeep\n|\n|t:|1701064813\n|switch|p1b: Flicker|Ninjask, F|76\/100\n|turn|4\n|\n|t:|1701064869\n|move|p1a: THE PINCHENATOR|Crabhammer|p2a: Lucario|[miss]\n|-miss|p1a: THE PINCHENATOR|p2a: Lucario\n|move|p1b: Flicker|Substitute|p1b: Flicker\n|-start|p1b: Flicker|Substitute\n|-damage|p1b: Flicker|51\/100\n|move|p2a: Lucario|Meteor Mash|p1a: THE PINCHENATOR\n|-supereffective|p1a: THE PINCHENATOR\n|-end|p1a: THE PINCHENATOR|Substitute\n|move|p2b: Clefairy|Reflect|p2b: Clefairy\n|-sidestart|p2: normie jean|Reflect\n|\n|-damage|p2b: Clefairy|75\/100 brn|[from] brn\n|-ability|p1b: Flicker|Speed Boost|boost\n|-boost|p1b: Flicker|spe|1\n|upkeep\n|turn|5\n|\n|t:|1701064895\n|move|p2b: Clefairy|Helping Hand|p2a: Lucario\n|-singleturn|p2a: Lucario|Helping Hand|[of] p2b: Clefairy\n|move|p1b: Flicker|Baton Pass|p1b: Flicker\n|\n|t:|1701064899\n|switch|p1b: Gluckglung|Gastrodon, M|100\/100|[from] Baton Pass\n|move|p1a: THE PINCHENATOR|Crabhammer|p1b: Gluckglung\n|-activate|p1b: Gluckglung|ability: Storm Drain\n|-ability|p1b: Gluckglung|Storm Drain|boost\n|-boost|p1b: Gluckglung|spa|1\n|move|p2a: Lucario|Meteor Mash|p1a: THE PINCHENATOR\n|-supereffective|p1a: THE PINCHENATOR\n|-damage|p1a: THE PINCHENATOR|0 fnt\n|faint|p1a: THE PINCHENATOR\n|\n|-damage|p2b: Clefairy|69\/100 brn|[from] brn\n|upkeep\n|\n|t:|1701064912\n|switch|p1a: Flicker|Ninjask, F|51\/100\n|turn|6\n|\n|t:|1701064979\n|move|p2b: Clefairy|Helping Hand|p2a: Lucario\n|-singleturn|p2a: Lucario|Helping Hand|[of] p2b: Clefairy\n|move|p1a: Flicker|Substitute|p1a: Flicker\n|-start|p1a: Flicker|Substitute\n|-damage|p1a: Flicker|26\/100\n|move|p2a: Lucario|Meteor Mash|p1a: Flicker\n|-end|p1a: Flicker|Substitute\n|move|p1b: Gluckglung|Earth Power|p2a: Lucario\n|-supereffective|p2a: Lucario\n|-damage|p2a: Lucario|1\/100\n|\n|-damage|p2b: Clefairy|63\/100 brn|[from] brn\n|-ability|p1a: Flicker|Speed Boost|boost\n|-boost|p1a: Flicker|spe|1\n|upkeep\n|turn|7\n|\n|t:|1701065017\n|move|p1a: Flicker|X-Scissor|p2a: Lucario\n|-resisted|p2a: Lucario\n|-damage|p2a: Lucario|0 fnt\n|faint|p2a: Lucario\n|move|p1b: Gluckglung|Earth Power|p2b: Clefairy\n|-damage|p2b: Clefairy|19\/100 brn\n|move|p2b: Clefairy|Life Dew|p2b: Clefairy\n|-heal|p2b: Clefairy|44\/100 brn\n|\n|-damage|p2b: Clefairy|38\/100 brn|[from] brn\n|-ability|p1a: Flicker|Speed Boost|boost\n|-boost|p1a: Flicker|spe|1\n|upkeep\n|\n|t:|1701065040\n|switch|p2a: Sawsbuck|Sawsbuck, F|100\/100\n|turn|8\n|\n|t:|1701065066\n|move|p1a: Flicker|X-Scissor|p2a: Sawsbuck\n|-supereffective|p2a: Sawsbuck\n|-damage|p2a: Sawsbuck|63\/100\n|move|p2a: Sawsbuck|Horn Leech|p1b: Gluckglung\n|-supereffective|p1b: Gluckglung\n|-end|p1b: Gluckglung|Substitute\n|-heal|p2a: Sawsbuck|74\/100|[from] drain|[of] p1b: Gluckglung\n|move|p1b: Gluckglung|Earth Power|p2a: Sawsbuck\n|-resisted|p2a: Sawsbuck\n|-damage|p2a: Sawsbuck|51\/100\n|move|p2b: Clefairy|Life Dew|p2b: Clefairy|[spread] p2a,p2b\n|-heal|p2a: Sawsbuck|76\/100\n|-heal|p2b: Clefairy|63\/100 brn\n|\n|-damage|p2b: Clefairy|57\/100 brn|[from] brn\n|-sideend|p2: normie jean|Reflect\n|-ability|p1a: Flicker|Speed Boost|boost\n|-boost|p1a: Flicker|spe|1\n|upkeep\n|turn|9\n|\n|t:|1701065110\n|move|p2b: Clefairy|Helping Hand|p2a: Sawsbuck\n|-singleturn|p2a: Sawsbuck|Helping Hand|[of] p2b: Clefairy\n|move|p1a: Flicker|X-Scissor|p2a: Sawsbuck\n|-supereffective|p2a: Sawsbuck\n|-damage|p2a: Sawsbuck|18\/100\n|move|p2a: Sawsbuck|Horn Leech|p1b: Gluckglung\n|-supereffective|p1b: Gluckglung\n|-damage|p1b: Gluckglung|0 fnt\n|-heal|p2a: Sawsbuck|85\/100|[from] drain|[of] p1b: Gluckglung\n|faint|p1b: Gluckglung\n|\n|-damage|p2b: Clefairy|50\/100 brn|[from] brn\n|-ability|p1a: Flicker|Speed Boost|boost\n|-boost|p1a: Flicker|spe|1\n|upkeep\n|turn|10\n|\n|t:|1701065141\n|switch|p2a: Inteleon|Inteleon, M|100\/100\n|move|p1a: Flicker|X-Scissor|p2a: Inteleon\n|-damage|p2a: Inteleon|76\/100\n|move|p2b: Clefairy|Life Dew|p2b: Clefairy|[spread] p2a,p2b\n|-heal|p2a: Inteleon|100\/100\n|-heal|p2b: Clefairy|75\/100 brn\n|\n|-damage|p2b: Clefairy|69\/100 brn|[from] brn\n|-ability|p1a: Flicker|Speed Boost|boost\n|-boost|p1a: Flicker|spe|1\n|upkeep\n|turn|11\n|\n|t:|1701065186\n|move|p2b: Clefairy|Follow Me|p2b: Clefairy\n|-singleturn|p2b: Clefairy|move: Follow Me\n|move|p1a: Flicker|X-Scissor|p2b: Clefairy\n|-resisted|p2b: Clefairy\n|-damage|p2b: Clefairy|60\/100 brn\n|move|p2a: Inteleon|Hydro Cannon|p1a: Flicker\n|-crit|p1a: Flicker\n|-damage|p1a: Flicker|0 fnt\n|-mustrecharge|p2a: Inteleon\n|faint|p1a: Flicker\n|-damage|p2a: Inteleon|91\/100|[from] item: Life Orb\n|\n|win|normie jean\n|l|\u2606normie jean\n","uploadtime":1701065213,"views":1,"p1id":"diamondshreddie","p2id":"normiejean","formatid":"gen9nationaldexdoubles","rating":0,"private":0,"password":""}