{"id":"gen9nationaldexdoubles-1962188058","p1":"Rapidklipdo","p2":"OceanHazel","format":"[Gen 9] National Dex Doubles","log":"|j|\u2606Rapidklipdo\n|j|\u2606OceanHazel\n|t:|1696715976\n|gametype|doubles\n|player|p1|Rapidklipdo|169|1019\n|player|p2|OceanHazel|barry|1195\n|teamsize|p1|6\n|teamsize|p2|6\n|gen|9\n|tier|[Gen 9] National Dex Doubles\n|rated|\n|rule|HP Percentage Mod: HP is shown in percentages\n|rule|Endless Battle Clause: Forcing endless battles is banned\n|rule|OHKO Clause: OHKO moves are banned\n|rule|Evasion Moves Clause: Evasion moves are banned\n|rule|Evasion Abilities Clause: Evasion abilities are banned\n|rule|Species Clause: Limit one of each Pok\u00e9mon\n|rule|Gravity Sleep Clause: The combination of sleep-inducing moves with imperfect accuracy and Gravity or Gigantamax Orbeetle are banned\n|clearpoke\n|poke|p1|Vanilluxe, M|\n|poke|p1|Greninja-*, M|\n|poke|p1|Beedrill, F|\n|poke|p1|Clefable, F|\n|poke|p1|Torkoal, F|\n|poke|p1|Carbink|\n|poke|p2|Hatterene, F|\n|poke|p2|Ting-Lu|\n|poke|p2|Slowking-Galar, M|\n|poke|p2|Torkoal, F|\n|poke|p2|Rabsca, M|\n|poke|p2|Iron Hands|\n|teampreview\n|\n|t:|1696715999\n|start\n|switch|p1a: Vanilluxe|Vanilluxe, M|100\/100\n|switch|p1b: Greninja|Greninja, M|100\/100\n|switch|p2a: Miss Frizzle|Hatterene, F|100\/100\n|switch|p2b: Moo Cow|Ting-Lu|100\/100\n|-weather|Snow|[from] ability: Snow Warning|[of] p1a: Vanilluxe\n|-ability|p2b: Moo Cow|Vessel of Ruin\n|turn|1\n|\n|t:|1696716028\n|move|p2a: Miss Frizzle|Protect|p2a: Miss Frizzle\n|-singleturn|p2a: Miss Frizzle|Protect\n|move|p1a: Vanilluxe|Weather Ball|p2b: Moo Cow\n|-supereffective|p2b: Moo Cow\n|-damage|p2b: Moo Cow|49\/100\n|move|p1b: Greninja|Weather Ball|p2b: Moo Cow\n|-supereffective|p2b: Moo Cow\n|-damage|p2b: Moo Cow|13\/100\n|move|p2b: Moo Cow|Rock Slide|p1b: Greninja|[spread] p1a,p1b\n|-supereffective|p1a: Vanilluxe\n|-damage|p1a: Vanilluxe|63\/100\n|-damage|p1b: Greninja|70\/100\n|\n|-weather|Snow|[upkeep]\n|upkeep\n|turn|2\n|\n|t:|1696716050\n|move|p1b: Greninja|Water Shuriken|p2b: Moo Cow\n|-supereffective|p2b: Moo Cow\n|-damage|p2b: Moo Cow|2\/100\n|-supereffective|p2b: Moo Cow\n|-damage|p2b: Moo Cow|0 fnt\n|faint|p2b: Moo Cow\n|-ability|p1b: Greninja|Battle Bond|boost\n|-boost|p1b: Greninja|atk|1\n|-boost|p1b: Greninja|spa|1\n|-boost|p1b: Greninja|spe|1\n|-activate|p1b: Greninja|ability: Battle Bond\n|-hitcount|p2: Moo Cow|2\n|move|p1a: Vanilluxe|Weather Ball|p2a: Miss Frizzle\n|-damage|p2a: Miss Frizzle|67\/100\n|move|p2a: Miss Frizzle|Trick Room|p2a: Miss Frizzle\n|-fieldstart|move: Trick Room|[of] p2a: Miss Frizzle\n|\n|-weather|Snow|[upkeep]\n|-heal|p2a: Miss Frizzle|73\/100|[from] item: Leftovers\n|upkeep\n|\n|t:|1696716071\n|switch|p2b: Iron Hands|Iron Hands|100\/100\n|-enditem|p2b: Iron Hands|Booster Energy\n|-activate|p2b: Iron Hands|ability: Quark Drive|[fromitem]\n|-start|p2b: Iron Hands|quarkdriveatk\n|turn|3\n|\n|t:|1696716112\n|move|p1b: Greninja|Water Shuriken|p2b: Iron Hands\n|-damage|p2b: Iron Hands|91\/100\n|-damage|p2b: Iron Hands|81\/100\n|-damage|p2b: Iron Hands|72\/100\n|-damage|p2b: Iron Hands|61\/100\n|-damage|p2b: Iron Hands|51\/100\n|-hitcount|p2b: Iron Hands|5\n|move|p2a: Miss Frizzle|Draining Kiss|p1b: Greninja\n|-supereffective|p1b: Greninja\n|-damage|p1b: Greninja|3\/100\n|-heal|p2a: Miss Frizzle|100\/100|[from] drain|[of] p1b: Greninja\n|move|p2b: Iron Hands|Drain Punch|p1a: Vanilluxe\n|-supereffective|p1a: Vanilluxe\n|-damage|p1a: Vanilluxe|0 fnt\n|-heal|p2b: Iron Hands|68\/100|[from] drain|[of] p1a: Vanilluxe\n|faint|p1a: Vanilluxe\n|\n|-weather|Snow|[upkeep]\n|upkeep\n|\n|t:|1696716121\n|switch|p1a: Torkoal|Torkoal, F|100\/100\n|-weather|SunnyDay|[from] ability: Drought|[of] p1a: Torkoal\n|turn|4\n|\n|t:|1696716159\n|move|p2a: Miss Frizzle|Protect|p2a: Miss Frizzle\n|-singleturn|p2a: Miss Frizzle|Protect\n|move|p2b: Iron Hands|Fake Out||[still]\n|-hint|Fake Out only works on your first turn out.\n|-fail|p2b: Iron Hands\n|move|p1b: Greninja|Water Shuriken|p2a: Miss Frizzle\n|-activate|p2a: Miss Frizzle|move: Protect\n|move|p1a: Torkoal|Eruption|p2b: Iron Hands|[spread] p2b\n|-activate|p2a: Miss Frizzle|move: Protect\n|-damage|p2b: Iron Hands|0 fnt\n|faint|p2b: Iron Hands\n|-end|p2b: Iron Hands|Quark Drive|[silent]\n|\n|-weather|SunnyDay|[upkeep]\n|upkeep\n|\n|t:|1696716175\n|switch|p2b: Sleepyhead|Torkoal, F|100\/100\n|turn|5\n|\n|t:|1696716184\n|-terastallize|p2b: Sleepyhead|Water\n|move|p1b: Greninja|Water Shuriken|p2b: Sleepyhead\n|-resisted|p2b: Sleepyhead\n|-damage|p2b: Sleepyhead|97\/100\n|-resisted|p2b: Sleepyhead\n|-damage|p2b: Sleepyhead|94\/100\n|-resisted|p2b: Sleepyhead\n|-damage|p2b: Sleepyhead|90\/100\n|-resisted|p2b: Sleepyhead\n|-damage|p2b: Sleepyhead|87\/100\n|-hitcount|p2b: Sleepyhead|4\n|move|p1a: Torkoal|Eruption|p2b: Sleepyhead|[spread] p2a,p2b\n|-resisted|p2b: Sleepyhead\n|-damage|p2a: Miss Frizzle|20\/100\n|-damage|p2b: Sleepyhead|14\/100\n|move|p2b: Sleepyhead|Tera Blast|p1a: Torkoal|[anim] Tera Blast Water\n|-supereffective|p1a: Torkoal\n|-damage|p1a: Torkoal|58\/100\n|move|p2a: Miss Frizzle|Draining Kiss|p1b: Greninja\n|-supereffective|p1b: Greninja\n|-damage|p1b: Greninja|0 fnt\n|-heal|p2a: Miss Frizzle|22\/100|[from] drain|[of] p1b: Greninja\n|faint|p1b: Greninja\n|\n|-weather|SunnyDay|[upkeep]\n|-heal|p2a: Miss Frizzle|28\/100|[from] item: Leftovers\n|upkeep\n|\n|t:|1696716201\n|switch|p1b: Clefable|Clefable, F|100\/100\n|turn|6\n|\n|t:|1696716223\n|move|p1a: Torkoal|Eruption|p2b: Sleepyhead|[spread] p2a,p2b\n|-resisted|p2b: Sleepyhead\n|-damage|p2a: Miss Frizzle|0 fnt\n|-damage|p2b: Sleepyhead|0 fnt\n|faint|p2a: Miss Frizzle\n|faint|p2b: Sleepyhead\n|move|p1b: Clefable|Thunderbolt|p2: Miss Frizzle|[notarget]\n|-fail|p1b: Clefable\n|\n|-weather|SunnyDay|[upkeep]\n|-fieldend|move: Trick Room\n|upkeep\n|\n|t:|1696716232\n|switch|p2a: Prof. Poison|Slowking-Galar, M|100\/100\n|switch|p2b: THE ORB.|Rabsca, M, shiny|100\/100\n|turn|7\n|\n|t:|1696716248\n|move|p1b: Clefable|Psychic|p2a: Prof. Poison\n|-damage|p2a: Prof. Poison|85\/100\n|move|p2b: THE ORB.|Revival Blessing|p2b: THE ORB.\n|\n|t:|1696716255\n|-heal|p2: Iron Hands|50\/100|[from] move: Revival Blessing\n|move|p1a: Torkoal|Eruption|p2a: Prof. Poison|[spread] p2a,p2b\n|-supereffective|p2b: THE ORB.\n|-damage|p2a: Prof. Poison|49\/100\n|-enditem|p2b: THE ORB.|Focus Sash\n|-damage|p2b: THE ORB.|1\/100\n|move|p2a: Prof. Poison|Trick Room|p2a: Prof. Poison\n|-fieldstart|move: Trick Room|[of] p2a: Prof. Poison\n|\n|-weather|SunnyDay|[upkeep]\n|-heal|p2a: Prof. Poison|55\/100|[from] item: Black Sludge\n|upkeep\n|turn|8\n|\n|t:|1696716279\n|move|p1a: Torkoal|Eruption|p2a: Prof. Poison|[spread] p2a,p2b\n|-supereffective|p2b: THE ORB.\n|-damage|p2a: Prof. Poison|16\/100\n|-damage|p2b: THE ORB.|0 fnt\n|faint|p2b: THE ORB.\n|move|p2a: Prof. Poison|Iron Defense|p2a: Prof. Poison\n|-boost|p2a: Prof. Poison|def|2\n|move|p1b: Clefable|Ice Beam|p2a: Prof. Poison\n|-damage|p2a: Prof. Poison|0 fnt\n|faint|p2a: Prof. Poison\n|\n|-weather|none\n|upkeep\n|\n|t:|1696716298\n|switch|p2a: Iron Hands|Iron Hands|50\/100\n|turn|9\n|\n|t:|1696716309\n|move|p1a: Torkoal|Eruption|p2a: Iron Hands\n|-damage|p2a: Iron Hands|0 fnt\n|faint|p2a: Iron Hands\n|-end|p2a: Iron Hands|Quark Drive|[silent]\n|\n|win|Rapidklipdo\n|raw|Rapidklipdo's rating: 1019 &rarr; <strong>1074<\/strong><br \/>(+55 for winning)\n|raw|OceanHazel's rating: 1195 &rarr; <strong>1158<\/strong><br \/>(-37 for losing)\n|c|\u2606OceanHazel|gg !\n|c|\u2606Rapidklipdo|Gg\n|l|\u2606OceanHazel\n","uploadtime":1696716332,"views":12,"p1id":"rapidklipdo","p2id":"oceanhazel","formatid":"gen9nationaldexdoubles","rating":1074,"private":0,"password":""}