{"id":"gen9nationaldexdoubles-1967132051","p1":"AdvancedDigit","p2":"Orbidz","format":"[Gen 9] National Dex Doubles","log":"|j|\u2606AdvancedDigit\n|j|\u2606Orbidz\n|t:|1697258641\n|gametype|doubles\n|player|p1|AdvancedDigit|hilbert|1294\n|player|p2|Orbidz|2|1130\n|teamsize|p1|6\n|teamsize|p2|6\n|gen|9\n|tier|[Gen 9] National Dex Doubles\n|rated|\n|rule|HP Percentage Mod: HP is shown in percentages\n|rule|Endless Battle Clause: Forcing endless battles is banned\n|rule|OHKO Clause: OHKO moves are banned\n|rule|Evasion Moves Clause: Evasion moves are banned\n|rule|Evasion Abilities Clause: Evasion abilities are banned\n|rule|Species Clause: Limit one of each Pok\u00e9mon\n|rule|Gravity Sleep Clause: The combination of sleep-inducing moves with imperfect accuracy and Gravity or Gigantamax Orbeetle are banned\n|clearpoke\n|poke|p1|Gardevoir, M|\n|poke|p1|Gumshoos, M|\n|poke|p1|Dusclops, F|\n|poke|p1|Landorus-Therian, M|\n|poke|p1|Sableye, M|\n|poke|p1|Heatran, M|\n|poke|p2|Volcarona, M|\n|poke|p2|Oricorio-Pom-Pom, F|\n|poke|p2|Weavile, M|\n|poke|p2|Great Tusk|\n|poke|p2|Venusaur, M|\n|poke|p2|Torkoal, F|\n|teampreview\n|\n|t:|1697258688\n|start\n|switch|p1a: Gardevoir|Gardevoir, M|100\/100\n|switch|p1b: Gumshoos|Gumshoos, M|100\/100\n|switch|p2a: Volcarona|Volcarona, M|100\/100\n|switch|p2b: Oricorio|Oricorio-Pom-Pom, F|100\/100\n|turn|1\n|\n|t:|1697258701\n|move|p1b: Gumshoos|Protect|p1b: Gumshoos\n|-singleturn|p1b: Gumshoos|Protect\n|move|p2a: Volcarona|Quiver Dance|p2a: Volcarona\n|-boost|p2a: Volcarona|spa|1\n|-boost|p2a: Volcarona|spd|1\n|-boost|p2a: Volcarona|spe|1\n|-activate|p2b: Oricorio|ability: Dancer\n|move|p2b: Oricorio|Quiver Dance|p2b: Oricorio|[from]ability: Dancer\n|-boost|p2b: Oricorio|spa|1\n|-boost|p2b: Oricorio|spd|1\n|-boost|p2b: Oricorio|spe|1\n|move|p2b: Oricorio|Quiver Dance|p2b: Oricorio\n|-boost|p2b: Oricorio|spa|1\n|-boost|p2b: Oricorio|spd|1\n|-boost|p2b: Oricorio|spe|1\n|move|p1a: Gardevoir|Trick Room|p1a: Gardevoir\n|-fieldstart|move: Trick Room|[of] p1a: Gardevoir\n|\n|upkeep\n|turn|2\n|\n|t:|1697258746\n|move|p2b: Oricorio|Protect|p2b: Oricorio\n|-singleturn|p2b: Oricorio|Protect\n|move|p1b: Gumshoos|Body Slam|p2a: Volcarona\n|-damage|p2a: Volcarona|25\/100\n|move|p1a: Gardevoir|Moonblast|p2b: Oricorio\n|-activate|p2b: Oricorio|move: Protect\n|move|p2a: Volcarona|Fiery Dance|p1a: Gardevoir\n|-damage|p1a: Gardevoir|64\/100\n|-boost|p2a: Volcarona|spa|1\n|-activate|p2b: Oricorio|ability: Dancer\n|move|p2b: Oricorio|Fiery Dance|p1a: Gardevoir|[from]ability: Dancer\n|-damage|p1a: Gardevoir|28\/100\n|\n|-heal|p1a: Gardevoir|35\/100|[from] item: Leftovers\n|-heal|p2a: Volcarona|31\/100|[from] item: Leftovers\n|upkeep\n|turn|3\n|\n|t:|1697258772\n|switch|p2a: Torkoal|Torkoal, F|100\/100\n|-weather|SunnyDay|[from] ability: Drought|[of] p2a: Torkoal\n|move|p1b: Gumshoos|Body Slam|p2a: Torkoal\n|-damage|p2a: Torkoal|69\/100\n|move|p1a: Gardevoir|Moonblast|p2b: Oricorio\n|-damage|p2b: Oricorio|71\/100\n|-unboost|p2b: Oricorio|spa|1\n|move|p2b: Oricorio|Roost|p2b: Oricorio\n|-heal|p2b: Oricorio|100\/100\n|-singleturn|p2b: Oricorio|move: Roost\n|\n|-weather|SunnyDay|[upkeep]\n|-heal|p1a: Gardevoir|41\/100|[from] item: Leftovers\n|upkeep\n|turn|4\n|\n|t:|1697258792\n|move|p2b: Oricorio|Protect|p2b: Oricorio\n|-singleturn|p2b: Oricorio|Protect\n|move|p2a: Torkoal|Iron Defense|p2a: Torkoal\n|-boost|p2a: Torkoal|def|2\n|move|p1b: Gumshoos|Body Slam|p2b: Oricorio\n|-activate|p2b: Oricorio|move: Protect\n|move|p1a: Gardevoir|Moonblast|p2b: Oricorio\n|-activate|p2b: Oricorio|move: Protect\n|\n|-weather|SunnyDay|[upkeep]\n|-heal|p1a: Gardevoir|47\/100|[from] item: Leftovers\n|upkeep\n|turn|5\n|\n|t:|1697258810\n|-terastallize|p1b: Gumshoos|Ground\n|move|p1a: Gardevoir|Helping Hand|p1b: Gumshoos\n|-singleturn|p1b: Gumshoos|Helping Hand|[of] p1a: Gardevoir\n|move|p2a: Torkoal|Body Press|p1b: Gumshoos\n|-damage|p1b: Gumshoos|8\/100\n|move|p1b: Gumshoos|Earthquake|p2a: Torkoal|[spread] p2a\n|-activate|p1a: Gardevoir|ability: Telepathy\n|-immune|p2b: Oricorio\n|-supereffective|p2a: Torkoal\n|-damage|p2a: Torkoal|20\/100\n|move|p2b: Oricorio|Revelation Dance|p1a: Gardevoir\n|-damage|p1a: Gardevoir|6\/100\n|\n|-weather|SunnyDay|[upkeep]\n|-heal|p1a: Gardevoir|13\/100|[from] item: Leftovers\n|-fieldend|move: Trick Room\n|upkeep\n|turn|6\n|\n|t:|1697258831\n|move|p1b: Gumshoos|Protect|p1b: Gumshoos\n|-singleturn|p1b: Gumshoos|Protect\n|move|p2b: Oricorio|Revelation Dance|p1a: Gardevoir\n|-damage|p1a: Gardevoir|0 fnt\n|faint|p1a: Gardevoir\n|move|p2a: Torkoal|Body Press|p1b: Gumshoos\n|-activate|p1b: Gumshoos|move: Protect\n|\n|-weather|SunnyDay|[upkeep]\n|upkeep\n|\n|t:|1697258839\n|switch|p1a: Sableye|Sableye, M|100\/100\n|turn|7\n|\n|t:|1697258851\n|move|p2b: Oricorio|Protect|p2b: Oricorio\n|-singleturn|p2b: Oricorio|Protect\n|move|p1a: Sableye|Fake Out|p2a: Torkoal\n|-damage|p2a: Torkoal|18\/100\n|move|p1b: Gumshoos|Earthquake|p2b: Oricorio|[spread] p1a,p2a\n|-activate|p2b: Oricorio|move: Protect\n|-supereffective|p2a: Torkoal\n|-damage|p1a: Sableye|49\/100\n|-damage|p2a: Torkoal|0 fnt\n|faint|p2a: Torkoal\n|\n|-weather|SunnyDay|[upkeep]\n|-heal|p1a: Sableye|55\/100|[from] item: Leftovers\n|upkeep\n|\n|t:|1697258863\n|switch|p2a: Volcarona|Volcarona, M|31\/100\n|turn|8\n|\n|t:|1697258876\n|-terastallize|p2b: Oricorio|Electric\n|move|p1a: Sableye|Taunt|p2a: Volcarona\n|-start|p2a: Volcarona|move: Taunt\n|move|p2b: Oricorio|Quiver Dance|p2b: Oricorio\n|-boost|p2b: Oricorio|spa|1\n|-boost|p2b: Oricorio|spd|1\n|-boost|p2b: Oricorio|spe|1\n|cant|p2a: Volcarona|move: Taunt|Quiver Dance\n|move|p1b: Gumshoos|Body Slam|p2a: Volcarona\n|-damage|p2a: Volcarona|0 fnt\n|faint|p2a: Volcarona\n|\n|-weather|SunnyDay|[upkeep]\n|-heal|p1a: Sableye|61\/100|[from] item: Leftovers\n|upkeep\n|\n|t:|1697258890\n|switch|p2a: Weavile|Weavile, M|100\/100\n|-ability|p2a: Weavile|Pressure\n|turn|9\n|\n|t:|1697258898\n|move|p2a: Weavile|Ice Shard|p1b: Gumshoos\n|-supereffective|p1b: Gumshoos\n|-damage|p1b: Gumshoos|0 fnt\n|faint|p1b: Gumshoos\n|move|p1a: Sableye|Encore|p2b: Oricorio\n|-start|p2b: Oricorio|Encore\n|move|p2b: Oricorio|Quiver Dance|p2b: Oricorio\n|-boost|p2b: Oricorio|spa|1\n|-boost|p2b: Oricorio|spd|1\n|-boost|p2b: Oricorio|spe|1\n|\n|-weather|SunnyDay|[upkeep]\n|-heal|p1a: Sableye|67\/100|[from] item: Leftovers\n|upkeep\n|\n|t:|1697258911\n|switch|p1b: Heatran|Heatran, M|100\/100\n|-item|p1b: Heatran|Air Balloon\n|turn|10\n|\n|t:|1697258918\n|move|p2a: Weavile|Ice Shard|p1b: Heatran\n|-resisted|p1b: Heatran\n|-damage|p1b: Heatran|94\/100\n|-enditem|p1b: Heatran|Air Balloon\n|move|p1a: Sableye|Encore|p2a: Weavile\n|-hint|Since gen 7, Dark is immune to Prankster moves.\n|-immune|p2a: Weavile\n|move|p2b: Oricorio|Quiver Dance|p2b: Oricorio\n|-boost|p2b: Oricorio|spa|1\n|-boost|p2b: Oricorio|spd|1\n|-boost|p2b: Oricorio|spe|1\n|move|p1b: Heatran|Eruption|p2a: Weavile|[spread] p2a,p2b\n|-supereffective|p2a: Weavile\n|-damage|p2a: Weavile|0 fnt\n|-damage|p2b: Oricorio|61\/100\n|faint|p2a: Weavile\n|\n|-weather|none\n|-heal|p2b: Oricorio|68\/100|[from] item: Leftovers\n|-heal|p1a: Sableye|73\/100|[from] item: Leftovers\n|upkeep\n|\n|t:|1697258934\n|switch|p2a: Great Tusk|Great Tusk|100\/100\n|turn|11\n|\n|t:|1697258947\n|switch|p1b: Landorus|Landorus-Therian, M|100\/100\n|-ability|p1b: Landorus|Intimidate|boost\n|-unboost|p2a: Great Tusk|atk|1\n|-unboost|p2b: Oricorio|atk|1\n|move|p1a: Sableye|Taunt|p2a: Great Tusk\n|-start|p2a: Great Tusk|move: Taunt\n|move|p2b: Oricorio|Quiver Dance|p2b: Oricorio\n|-boost|p2b: Oricorio|spa|1\n|-boost|p2b: Oricorio|spd|1\n|-boost|p2b: Oricorio|spe|1\n|move|p2a: Great Tusk|Headlong Rush|p1a: Sableye\n|-damage|p1a: Sableye|29\/100\n|-unboost|p2a: Great Tusk|def|1\n|-unboost|p2a: Great Tusk|spd|1\n|\n|-heal|p2b: Oricorio|74\/100|[from] item: Leftovers\n|-heal|p1a: Sableye|35\/100|[from] item: Leftovers\n|-end|p2b: Oricorio|Encore\n|upkeep\n|turn|12\n|\n|t:|1697258969\n|move|p2b: Oricorio|Protect|p2b: Oricorio\n|-singleturn|p2b: Oricorio|Protect\n|move|p1a: Sableye|Encore|p2a: Great Tusk\n|-start|p2a: Great Tusk|Encore\n|move|p2a: Great Tusk|Headlong Rush|p1a: Sableye\n|-damage|p1a: Sableye|0 fnt\n|-unboost|p2a: Great Tusk|def|1\n|-unboost|p2a: Great Tusk|spd|1\n|faint|p1a: Sableye\n|move|p1b: Landorus|Earthquake|p2b: Oricorio|[spread] p2a\n|-activate|p2b: Oricorio|move: Protect\n|-damage|p2a: Great Tusk|16\/100\n|\n|-heal|p2b: Oricorio|80\/100|[from] item: Leftovers\n|upkeep\n|\n|t:|1697258980\n|switch|p1a: Dusclops|Dusclops, F|100\/100\n|-ability|p1a: Dusclops|Pressure\n|turn|13\n|\n|t:|1697258990\n|-end|p2a: Great Tusk|Protosynthesis|[silent]\n|switch|p2a: Venusaur|Venusaur, M|100\/100\n|move|p2b: Oricorio|Revelation Dance|p1a: Dusclops\n|-damage|p1a: Dusclops|10\/100\n|move|p1b: Landorus|Earthquake|p2a: Venusaur|[spread] p1a,p2a,p2b\n|-supereffective|p2b: Oricorio\n|-damage|p1a: Dusclops|0 fnt\n|-damage|p2a: Venusaur|37\/100\n|-damage|p2b: Oricorio|0 fnt\n|faint|p1a: Dusclops\n|faint|p2b: Oricorio\n|\n|upkeep\n|c|\u2606AdvancedDigit|gg\n|\n|t:|1697259000\n|switch|p2b: Great Tusk|Great Tusk|16\/100\n|switch|p1a: Heatran|Heatran, M|94\/100\n|turn|14\n|\n|t:|1697259017\n|move|p2b: Great Tusk|Headlong Rush|p1a: Heatran\n|-supereffective|p1a: Heatran\n|-damage|p1a: Heatran|0 fnt\n|-unboost|p2b: Great Tusk|def|1\n|-unboost|p2b: Great Tusk|spd|1\n|faint|p1a: Heatran\n|move|p1b: Landorus|Earthquake|p2a: Venusaur|[spread] p2a,p2b\n|-damage|p2a: Venusaur|0 fnt\n|-damage|p2b: Great Tusk|0 fnt\n|faint|p2a: Venusaur\n|faint|p2b: Great Tusk\n|-end|p2b: Great Tusk|Protosynthesis|[silent]\n|\n|win|AdvancedDigit\n|raw|AdvancedDigit's rating: 1294 &rarr; <strong>1308<\/strong><br \/>(+14 for winning)\n|raw|Orbidz's rating: 1130 &rarr; <strong>1116<\/strong><br \/>(-14 for losing)\n","uploadtime":1697259036,"views":8,"p1id":"advanceddigit","p2id":"orbidz","formatid":"gen9nationaldexdoubles","rating":1116,"private":0,"password":""}