{"id":"gen9nationaldexdoubles-1993084262","p1":"LightOfTheRuin","p2":"fumbari 24","format":"[Gen 9] National Dex Doubles","log":"|j|\u2606LightOfTheRuin\n|j|\u2606fumbari 24\n|t:|1700262911\n|gametype|doubles\n|player|p1|LightOfTheRuin|mallow-masters|1315\n|player|p2|fumbari 24|hilbert|1224\n|teamsize|p1|6\n|teamsize|p2|6\n|gen|9\n|tier|[Gen 9] National Dex Doubles\n|rated|\n|rule|HP Percentage Mod: HP is shown in percentages\n|rule|Endless Battle Clause: Forcing endless battles is banned\n|rule|OHKO Clause: OHKO moves are banned\n|rule|Evasion Moves Clause: Evasion moves are banned\n|rule|Evasion Abilities Clause: Evasion abilities are banned\n|rule|Species Clause: Limit one of each Pok\u00e9mon\n|rule|Gravity Sleep Clause: The combination of sleep-inducing moves with imperfect accuracy and Gravity or Gigantamax Orbeetle are banned\n|clearpoke\n|poke|p1|Cherrim, F|\n|poke|p1|Lurantis, F|\n|poke|p1|Charizard, M|\n|poke|p1|Malamar, M|\n|poke|p1|Walking Wake|\n|poke|p1|Golurk|\n|poke|p2|Incineroar, M|\n|poke|p2|Tapu Koko|\n|poke|p2|Salamence, M|\n|poke|p2|Snorlax, M|\n|poke|p2|Tatsugiri, F|\n|poke|p2|Liepard, F|\n|teampreview\n|\n|t:|1700262927\n|start\n|switch|p1a: Demeter|Lurantis, F|100\/100\n|switch|p1b: Eos|Cherrim, F, shiny|100\/100\n|switch|p2a: Incineroar|Incineroar, M|100\/100\n|switch|p2b: Tapu Koko|Tapu Koko|100\/100\n|-fieldstart|move: Electric Terrain|[from] ability: Electric Surge|[of] p2b: Tapu Koko\n|-ability|p2a: Incineroar|Intimidate|boost\n|-boost|p1a: Demeter|atk|1\n|-unboost|p1b: Eos|atk|1\n|turn|1\n|\n|t:|1700262943\n|move|p2a: Incineroar|Fake Out|p1a: Demeter\n|-damage|p1a: Demeter|90\/100\n|move|p2b: Tapu Koko|Volt Switch|p1a: Demeter\n|-resisted|p1a: Demeter\n|-damage|p1a: Demeter|70\/100\n|\n|t:|1700262951\n|switch|p2b: Liepard|Liepard, F, shiny|100\/100|[from] Volt Switch\n|-enditem|p2b: Liepard|Electric Seed\n|-boost|p2b: Liepard|def|1|[from] item: Electric Seed\n|move|p1b: Eos|Sunny Day|p1b: Eos\n|-weather|SunnyDay\n|-formechange|p1b: Eos|Cherrim-Sunshine|[msg]|[from] ability: Flower Gift\n|cant|p1a: Demeter|flinch\n|\n|-weather|SunnyDay|[upkeep]\n|upkeep\n|turn|2\n|inactive|Battle timer is ON: inactive players will automatically lose when time's up. (requested by fumbari 24)\n|\n|t:|1700262973\n|-terastallize|p1a: Demeter|Fighting\n|move|p1b: Eos|Protect|p1b: Eos\n|-singleturn|p1b: Eos|Protect\n|move|p2b: Liepard|Fake Out|p1a: Demeter\n|-damage|p1a: Demeter|63\/100\n|move|p2a: Incineroar|Flare Blitz|p1a: Demeter\n|-damage|p1a: Demeter|0 fnt\n|faint|p1a: Demeter\n|-damage|p2a: Incineroar|83\/100|[from] Recoil\n|\n|-weather|SunnyDay|[upkeep]\n|upkeep\n|\n|t:|1700262982\n|switch|p1a: Poseidon|Walking Wake|100\/100\n|-activate|p1a: Poseidon|ability: Protosynthesis\n|-start|p1a: Poseidon|protosynthesisspa\n|turn|3\n|\n|t:|1700262994\n|switch|p2a: Tatsugiri|Tatsugiri, F|100\/100\n|move|p1a: Poseidon|Hydro Steam|p2a: Tatsugiri\n|-ability|p2a: Tatsugiri|Storm Drain|boost\n|-boost|p2a: Tatsugiri|spa|1\n|move|p2b: Liepard|Encore|p1b: Eos\n|-start|p1b: Eos|Encore\n|move|p1b: Eos|Protect||[still]\n|-fail|p1b: Eos\n|\n|-weather|SunnyDay|[upkeep]\n|upkeep\n|turn|4\n|\n|t:|1700263004\n|-end|p1a: Poseidon|Protosynthesis|[silent]\n|switch|p1a: Hades|Malamar, M|100\/100\n|move|p1b: Eos|Protect|p1b: Eos\n|-singleturn|p1b: Eos|Protect\n|move|p2b: Liepard|Encore||[still]\n|-fail|p2b: Liepard\n|move|p2a: Tatsugiri|Muddy Water|p1b: Eos|[spread] p1a\n|-activate|p1b: Eos|move: Protect\n|-damage|p1a: Hades|87\/100\n|\n|-weather|SunnyDay|[upkeep]\n|upkeep\n|turn|5\n|\n|t:|1700263024\n|switch|p1b: Thanatos|Golurk, shiny|100\/100\n|move|p2a: Tatsugiri|Protect|p2a: Tatsugiri\n|-singleturn|p2a: Tatsugiri|Protect\n|move|p2b: Liepard|Foul Play|p1a: Hades\n|-damage|p1a: Hades|56\/100\n|move|p1a: Hades|Trick Room|p1a: Hades\n|-fieldstart|move: Trick Room|[of] p1a: Hades\n|\n|-weather|none\n|-fieldend|move: Electric Terrain\n|upkeep\n|turn|6\n|\n|t:|1700263048\n|move|p1b: Thanatos|Earthquake|p2a: Tatsugiri|[spread] p1a,p2a,p2b\n|-damage|p1a: Hades|11\/100\n|-damage|p2a: Tatsugiri|53\/100\n|-damage|p2b: Liepard|60\/100\n|move|p1a: Hades|Knock Off|p2a: Tatsugiri\n|-damage|p2a: Tatsugiri|29\/100\n|-zpower|p2a: Tatsugiri\n|move|p2a: Tatsugiri|Hydro Vortex|p1a: Hades|[zeffect]\n|-damage|p1a: Hades|0 fnt\n|faint|p1a: Hades\n|move|p2b: Liepard|Foul Play|p1b: Thanatos\n|-supereffective|p1b: Thanatos\n|-damage|p1b: Thanatos|0 fnt\n|faint|p1b: Thanatos\n|\n|upkeep\n|\n|t:|1700263063\n|switch|p1b: Apollo|Charizard, M|100\/100\n|switch|p1a: Eos|Cherrim, F, shiny|100\/100\n|turn|7\n|\n|t:|1700263075\n|switch|p2b: Incineroar|Incineroar, M|83\/100\n|-ability|p2b: Incineroar|Intimidate|boost\n|-unboost|p1a: Eos|atk|1\n|-unboost|p1b: Apollo|atk|1\n|detailschange|p1b: Apollo|Charizard-Mega-Y, M\n|-mega|p1b: Apollo|Charizard|Charizardite Y\n|-weather|SunnyDay|[from] ability: Drought|[of] p1b: Apollo\n|-formechange|p1a: Eos|Cherrim-Sunshine|[msg]|[from] ability: Flower Gift\n|move|p2a: Tatsugiri|Protect|p2a: Tatsugiri\n|-singleturn|p2a: Tatsugiri|Protect\n|move|p1a: Eos|Tickle|p2a: Tatsugiri\n|-activate|p2a: Tatsugiri|move: Protect\n|move|p1b: Apollo|Heat Wave|p2b: Incineroar|[spread] p2b\n|-activate|p2a: Tatsugiri|move: Protect\n|-resisted|p2b: Incineroar\n|-damage|p2b: Incineroar|59\/100\n|\n|-weather|SunnyDay|[upkeep]\n|upkeep\n|turn|8\n|\n|t:|1700263095\n|move|p2b: Incineroar|Fake Out|p1b: Apollo\n|-damage|p1b: Apollo|92\/100\n|move|p2a: Tatsugiri|Muddy Water|p1a: Eos|[spread] p1a,p1b\n|-resisted|p1a: Eos\n|-supereffective|p1b: Apollo\n|-damage|p1a: Eos|92\/100\n|-damage|p1b: Apollo|64\/100\n|move|p1a: Eos|Pollen Puff|p1b: Apollo\n|-heal|p1b: Apollo|100\/100\n|cant|p1b: Apollo|flinch\n|\n|-weather|SunnyDay|[upkeep]\n|-heal|p1a: Eos|98\/100|[from] item: Leftovers\n|upkeep\n|turn|9\n|\n|t:|1700263106\n|move|p2a: Tatsugiri|Protect|p2a: Tatsugiri\n|-singleturn|p2a: Tatsugiri|Protect\n|move|p1a: Eos|Protect|p1a: Eos\n|-singleturn|p1a: Eos|Protect\n|move|p2b: Incineroar|Snarl|p1a: Eos|[spread] p1b\n|-activate|p1a: Eos|move: Protect\n|-damage|p1b: Apollo|95\/100\n|-unboost|p1b: Apollo|spa|1\n|move|p1b: Apollo|Air Slash|p2a: Tatsugiri\n|-activate|p2a: Tatsugiri|move: Protect\n|\n|-weather|SunnyDay|[upkeep]\n|-heal|p1a: Eos|100\/100|[from] item: Leftovers\n|-fieldend|move: Trick Room\n|upkeep\n|turn|10\n|\n|t:|1700263131\n|switch|p2a: Snorlax|Snorlax, M|100\/100\n|move|p1b: Apollo|Air Slash|p2a: Snorlax\n|-damage|p2a: Snorlax|83\/100\n|move|p1a: Eos|Pollen Puff|p1b: Apollo\n|-heal|p1b: Apollo|100\/100\n|move|p2b: Incineroar|Snarl|p1a: Eos|[spread] p1a,p1b\n|-damage|p1a: Eos|92\/100\n|-damage|p1b: Apollo|94\/100\n|-unboost|p1a: Eos|spa|1\n|-unboost|p1b: Apollo|spa|1\n|\n|-weather|SunnyDay|[upkeep]\n|-heal|p1a: Eos|98\/100|[from] item: Leftovers\n|upkeep\n|turn|11\n|\n|t:|1700263143\n|switch|p1a: Poseidon|Walking Wake|100\/100\n|-activate|p1a: Poseidon|ability: Protosynthesis\n|-start|p1a: Poseidon|protosynthesisspa\n|move|p1b: Apollo|Heat Wave|p2b: Incineroar|[spread] p2a\n|-miss|p1b: Apollo|p2b: Incineroar\n|-damage|p2a: Snorlax|65\/100\n|move|p2b: Incineroar|Flare Blitz|p1a: Poseidon\n|-resisted|p1a: Poseidon\n|-damage|p1a: Poseidon|81\/100\n|-damage|p2b: Incineroar|53\/100|[from] Recoil\n|move|p2a: Snorlax|Belly Drum|p2a: Snorlax\n|-damage|p2a: Snorlax|15\/100\n|-setboost|p2a: Snorlax|atk|6|[from] move: Belly Drum\n|-enditem|p2a: Snorlax|Figy Berry|[eat]\n|-heal|p2a: Snorlax|48\/100|[from] item: Figy Berry\n|\n|-weather|none\n|-end|p1a: Poseidon|Protosynthesis\n|upkeep\n|turn|12\n|\n|t:|1700263160\n|switch|p1b: Eos|Cherrim, F, shiny|98\/100\n|switch|p2b: Tatsugiri|Tatsugiri, F|29\/100\n|move|p1a: Poseidon|Dragon Pulse|p2b: Tatsugiri\n|-supereffective|p2b: Tatsugiri\n|-damage|p2b: Tatsugiri|0 fnt\n|faint|p2b: Tatsugiri\n|move|p2a: Snorlax|Facade|p1a: Poseidon\n|-damage|p1a: Poseidon|0 fnt\n|faint|p1a: Poseidon\n|-end|p1a: Poseidon|Protosynthesis|[silent]\n|\n|-heal|p1b: Eos|100\/100|[from] item: Leftovers\n|upkeep\n|-message|LightOfTheRuin forfeited.\n|\n|win|fumbari 24\n|raw|LightOfTheRuin's rating: 1315 &rarr; <strong>1290<\/strong><br \/>(-25 for losing)\n|raw|fumbari 24's rating: 1224 &rarr; <strong>1255<\/strong><br \/>(+31 for winning)\n|l|\u2606LightOfTheRuin\n","uploadtime":1700263174,"views":16,"p1id":"lightoftheruin","p2id":"fumbari24","formatid":"gen9nationaldexdoubles","rating":1255,"private":0,"password":""}