{"id":"gen9nationaldexdoubles-1959075913","p1":"joaxd","p2":"blossom02","format":"[Gen 9] National Dex Doubles","log":"|j|\u2606joaxd\n|j|\u2606blossom02\n|t:|1696384179\n|gametype|doubles\n|player|p1|joaxd|265|1151\n|player|p2|blossom02|mira|1239\n|teamsize|p1|6\n|teamsize|p2|6\n|gen|9\n|tier|[Gen 9] National Dex Doubles\n|rated|\n|rule|HP Percentage Mod: HP is shown in percentages\n|rule|Endless Battle Clause: Forcing endless battles is banned\n|rule|OHKO Clause: OHKO moves are banned\n|rule|Evasion Moves Clause: Evasion moves are banned\n|rule|Evasion Abilities Clause: Evasion abilities are banned\n|rule|Species Clause: Limit one of each Pok\u00e9mon\n|rule|Gravity Sleep Clause: The combination of sleep-inducing moves with imperfect accuracy and Gravity or Gigantamax Orbeetle are banned\n|clearpoke\n|poke|p1|Regieleki|\n|poke|p1|Gastrodon, M|\n|poke|p1|Scizor, F|\n|poke|p1|Marowak-Alola, F|\n|poke|p1|Tapu Fini|\n|poke|p1|Hitmontop, M|\n|poke|p2|Audino, F|\n|poke|p2|Clefable, F|\n|poke|p2|Klefki, F|\n|poke|p2|Primarina, F|\n|poke|p2|Togekiss, F|\n|poke|p2|Hatterene, F|\n|teampreview\n|\n|t:|1696384201\n|start\n|switch|p1a: Scizor|Scizor, F|100\/100\n|switch|p1b: Hitmontop|Hitmontop, M|100\/100\n|switch|p2a: Klefki|Klefki, F|100\/100\n|switch|p2b: Audino|Audino, F|100\/100\n|-ability|p1b: Hitmontop|Intimidate|boost\n|-unboost|p2a: Klefki|atk|1\n|-unboost|p2b: Audino|atk|1\n|turn|1\n|\n|t:|1696384220\n|detailschange|p1a: Scizor|Scizor-Mega, F\n|-mega|p1a: Scizor|Scizor|Scizorite\n|detailschange|p2b: Audino|Audino-Mega, F\n|-mega|p2b: Audino|Audino|Audinite\n|move|p1b: Hitmontop|Fake Out|p2b: Audino\n|-damage|p2b: Audino|94\/100\n|move|p2a: Klefki|Reflect|p2a: Klefki\n|-sidestart|p2: blossom02|Reflect\n|move|p1a: Scizor|Close Combat|p2b: Audino\n|-damage|p2b: Audino|77\/100\n|-unboost|p1a: Scizor|def|1\n|-unboost|p1a: Scizor|spd|1\n|cant|p2b: Audino|flinch\n|\n|upkeep\n|turn|2\n|\n|t:|1696384231\n|move|p1b: Hitmontop|Wide Guard|p1b: Hitmontop\n|-singleturn|p1b: Hitmontop|Wide Guard\n|move|p1a: Scizor|Bullet Punch|p2b: Audino\n|-supereffective|p2b: Audino\n|-damage|p2b: Audino|54\/100\n|move|p2b: Audino|Wish|p2b: Audino\n|move|p2a: Klefki|Trick Room|p2a: Klefki\n|-fieldstart|move: Trick Room|[of] p2a: Klefki\n|\n|upkeep\n|turn|3\n|\n|t:|1696384247\n|move|p1b: Hitmontop|Feint|p2b: Audino\n|-damage|p2b: Audino|51\/100\n|move|p2a: Klefki|Light Screen|p2a: Klefki\n|-sidestart|p2: blossom02|move: Light Screen\n|move|p1a: Scizor|Bullet Punch|p2b: Audino\n|-supereffective|p2b: Audino\n|-damage|p2b: Audino|28\/100\n|move|p2b: Audino|Calm Mind|p2b: Audino\n|-boost|p2b: Audino|spa|1\n|-boost|p2b: Audino|spd|1\n|\n|-heal|p2b: Audino|78\/100|[from] move: Wish|[wisher] Audino\n|upkeep\n|turn|4\n|\n|t:|1696384265\n|move|p1a: Scizor|Bullet Punch|p2b: Audino\n|-supereffective|p2b: Audino\n|-damage|p2b: Audino|55\/100\n|move|p2b: Audino|Wish|p2b: Audino\n|move|p1b: Hitmontop|Close Combat|p2b: Audino\n|-damage|p2b: Audino|36\/100\n|-unboost|p1b: Hitmontop|def|1\n|-unboost|p1b: Hitmontop|spd|1\n|move|p2a: Klefki|Foul Play|p1a: Scizor\n|-damage|p1a: Scizor|52\/100\n|\n|upkeep\n|turn|5\n|\n|t:|1696384280\n|move|p2b: Audino|Dazzling Gleam|p1b: Hitmontop|[spread] p1a,p1b\n|-resisted|p1a: Scizor\n|-supereffective|p1b: Hitmontop\n|-damage|p1a: Scizor|27\/100\n|-damage|p1b: Hitmontop|25\/100\n|-enditem|p1b: Hitmontop|Eject Button\n|inactive|Battle timer is ON: inactive players will automatically lose when time's up. (requested by blossom02)\n|\n|t:|1696384290\n|switch|p1b: Gastrodon|Gastrodon, M|100\/100\n|move|p2a: Klefki|Foul Play|p1a: Scizor\n|-damage|p1a: Scizor|0 fnt\n|faint|p1a: Scizor\n|\n|-heal|p2b: Audino|86\/100|[from] move: Wish|[wisher] Audino\n|upkeep\n|\n|t:|1696384302\n|switch|p1a: Hitmontop|Hitmontop, M|25\/100\n|-ability|p1a: Hitmontop|Intimidate|boost\n|-unboost|p2a: Klefki|atk|1\n|-unboost|p2b: Audino|atk|1\n|turn|6\n|\n|t:|1696384317\n|move|p1a: Hitmontop|Fake Out|p2b: Audino\n|-damage|p2b: Audino|81\/100\n|cant|p2b: Audino|flinch\n|-zpower|p1b: Gastrodon\n|move|p1b: Gastrodon|Tectonic Rage|p2a: Klefki|[zeffect]\n|-supereffective|p2a: Klefki\n|-damage|p2a: Klefki|31\/100\n|move|p2a: Klefki|Foul Play|p1b: Gastrodon\n|-damage|p1b: Gastrodon|84\/100\n|\n|-fieldend|move: Trick Room\n|upkeep\n|turn|7\n|\n|t:|1696384343\n|move|p1a: Hitmontop|Close Combat|p2a: Klefki\n|-damage|p2a: Klefki|0 fnt\n|-unboost|p1a: Hitmontop|def|1\n|-unboost|p1a: Hitmontop|spd|1\n|faint|p2a: Klefki\n|move|p1b: Gastrodon|Mud Bomb|p2b: Audino\n|-damage|p2b: Audino|73\/100\n|move|p2b: Audino|Calm Mind|p2b: Audino\n|-boost|p2b: Audino|spa|1\n|-boost|p2b: Audino|spd|1\n|\n|upkeep\n|\n|t:|1696384355\n|switch|p2a: Primarina|Primarina, F, shiny|100\/100\n|turn|8\n|\n|t:|1696384362\n|move|p1a: Hitmontop|Wide Guard|p1a: Hitmontop\n|-singleturn|p1a: Hitmontop|Wide Guard\n|move|p2a: Primarina|Energy Ball|p1b: Gastrodon\n|-supereffective|p1b: Gastrodon\n|-damage|p1b: Gastrodon|0 fnt\n|faint|p1b: Gastrodon\n|move|p2b: Audino|Dazzling Gleam|p1a: Hitmontop\n|-activate|p1a: Hitmontop|move: Wide Guard\n|\n|-sideend|p2: blossom02|Reflect\n|upkeep\n|\n|t:|1696384369\n|switch|p1b: Regieleki|Regieleki|100\/100\n|turn|9\n|\n|t:|1696384398\n|move|p1a: Hitmontop|Feint|p2a: Primarina\n|-damage|p2a: Primarina|90\/100\n|move|p1b: Regieleki|Thunder Wave|p2b: Audino|[miss]\n|-miss|p1b: Regieleki|p2b: Audino\n|move|p2a: Primarina|Ice Beam|p1a: Hitmontop\n|-damage|p1a: Hitmontop|0 fnt\n|faint|p1a: Hitmontop\n|move|p2b: Audino|Wish|p2b: Audino\n|\n|upkeep\n|\n|t:|1696384409\n|switch|p1a: Tapu Fini|Tapu Fini|100\/100\n|-fieldstart|move: Misty Terrain|[from] ability: Misty Surge|[of] p1a: Tapu Fini\n|turn|10\n|\n|t:|1696384417\n|move|p1b: Regieleki|Thunder Wave|p2b: Audino\n|-activate|p2b: Audino|move: Misty Terrain\n|move|p1a: Tapu Fini|Calm Mind|p1a: Tapu Fini\n|-boost|p1a: Tapu Fini|spa|1\n|-boost|p1a: Tapu Fini|spd|1\n|move|p2a: Primarina|Energy Ball|p1a: Tapu Fini\n|-supereffective|p1a: Tapu Fini\n|-damage|p1a: Tapu Fini|62\/100\n|move|p2b: Audino|Dazzling Gleam|p1b: Regieleki|[spread] p1a,p1b\n|-crit|p1a: Tapu Fini\n|-damage|p1a: Tapu Fini|20\/100\n|-damage|p1b: Regieleki|29\/100\n|\n|-heal|p2b: Audino|100\/100|[from] move: Wish|[wisher] Audino\n|-heal|p1a: Tapu Fini|26\/100|[from] item: Leftovers\n|-sideend|p2: blossom02|move: Light Screen\n|upkeep\n|turn|11\n|\n|t:|1696384435\n|move|p1b: Regieleki|Electroweb|p2a: Primarina|[spread] p2a,p2b\n|-supereffective|p2a: Primarina\n|-damage|p2a: Primarina|56\/100\n|-damage|p2b: Audino|91\/100\n|-unboost|p2a: Primarina|spe|1\n|-unboost|p2b: Audino|spe|1\n|move|p1a: Tapu Fini|Calm Mind|p1a: Tapu Fini\n|-boost|p1a: Tapu Fini|spa|1\n|-boost|p1a: Tapu Fini|spd|1\n|move|p2a: Primarina|Hyper Voice|p1a: Tapu Fini|[spread] p1a,p1b\n|-resisted|p1a: Tapu Fini\n|-damage|p1a: Tapu Fini|19\/100\n|-damage|p1b: Regieleki|0 fnt\n|faint|p1b: Regieleki\n|move|p2b: Audino|Dazzling Gleam|p1a: Tapu Fini\n|-crit|p1a: Tapu Fini\n|-damage|p1a: Tapu Fini|0 fnt\n|faint|p1a: Tapu Fini\n|\n|upkeep\n|\n|t:|1696384448\n|switch|p1a: Marowak|Marowak-Alola, F|100\/100\n|turn|12\n|\n|t:|1696384454\n|move|p1a: Marowak|Bonemerang|p2a: Primarina\n|-damage|p2a: Primarina|32\/100\n|-damage|p2a: Primarina|11\/100\n|-hitcount|p2a: Primarina|2\n|move|p2a: Primarina|Hyper Voice|p1a: Marowak\n|-supereffective|p1a: Marowak\n|-damage|p1a: Marowak|0 fnt\n|faint|p1a: Marowak\n|\n|win|blossom02\n|raw|joaxd's rating: 1151 &rarr; <strong>1132<\/strong><br \/>(-19 for losing)\n|raw|blossom02's rating: 1239 &rarr; <strong>1258<\/strong><br \/>(+19 for winning)\n|l|\u2606joaxd\n","uploadtime":1696384465,"views":5,"p1id":"joaxd","p2id":"blossom02","formatid":"gen9nationaldexdoubles","rating":1132,"private":0,"password":""}