{"id":"gen9nationaldexdoubles-1955590379","p1":"water10122246","p2":"dedpoel","format":"[Gen 9] National Dex Doubles","log":"|j|\u203dwater10122246\n|j|\u2606dedpoel\n|t:|1696010195\n|gametype|doubles\n|player|p1|water10122246|102|1104\n|player|p2|dedpoel|pokemonbreeder-gen4|1149\n|teamsize|p1|6\n|teamsize|p2|6\n|gen|9\n|tier|[Gen 9] National Dex Doubles\n|rated|\n|rule|HP Percentage Mod: HP is shown in percentages\n|rule|Endless Battle Clause: Forcing endless battles is banned\n|rule|OHKO Clause: OHKO moves are banned\n|rule|Evasion Moves Clause: Evasion moves are banned\n|rule|Evasion Abilities Clause: Evasion abilities are banned\n|rule|Species Clause: Limit one of each Pok\u00e9mon\n|rule|Gravity Sleep Clause: The combination of sleep-inducing moves with imperfect accuracy and Gravity or Gigantamax Orbeetle are banned\n|clearpoke\n|poke|p1|Smeargle, F|\n|poke|p1|Golem-Alola, F|\n|poke|p1|Tornadus, M|\n|poke|p1|Landorus-Therian, M|\n|poke|p1|Diancie|\n|poke|p1|Pawmot, M|\n|poke|p2|Gengar, M|\n|poke|p2|Weezing-Galar, F|\n|poke|p2|Cacturne, M|\n|poke|p2|Dusknoir, F|\n|poke|p2|Iron Valiant|\n|poke|p2|Kingambit, M|\n|teampreview\n|\n|t:|1696010207\n|start\n|switch|p1a: Golem|Golem-Alola, F, shiny|100\/100\n|switch|p1b: Smeargle|Smeargle, F, shiny|100\/100\n|switch|p2a: Gengar|Gengar, M|100\/100\n|switch|p2b: Cacturne|Cacturne, M|100\/100\n|turn|1\n|inactive|Battle timer is ON: inactive players will automatically lose when time's up. (requested by water10122246)\n|\n|t:|1696010224\n|move|p1b: Smeargle|Silk Trap|p1b: Smeargle\n|-singleturn|p1b: Smeargle|Protect\n|move|p2a: Gengar|Toxic Spikes|p1a: Golem\n|-sidestart|p1: water10122246|move: Toxic Spikes\n|move|p2b: Cacturne|Destiny Bond|p2b: Cacturne\n|-singlemove|p2b: Cacturne|Destiny Bond\n|move|p1a: Golem|Explosion|p2a: Gengar|[spread] p2a,p2b\n|-activate|p1b: Smeargle|move: Protect\n|-resisted|p2b: Cacturne\n|-damage|p2a: Gengar|0 fnt\n|-damage|p2b: Cacturne|0 fnt\n|faint|p1a: Golem\n|faint|p2a: Gengar\n|faint|p2b: Cacturne\n|-activate|p2b: Cacturne|move: Destiny Bond\n|\n|-ability|p1b: Smeargle|Moody|boost\n|-boost|p1b: Smeargle|spa|2\n|-unboost|p1b: Smeargle|atk|1\n|upkeep\n|\n|t:|1696010243\n|switch|p2a: Dusknoir|Dusknoir, F|100\/100\n|switch|p2b: Weezing|Weezing-Galar, F|100\/100\n|switch|p1a: Tornadus|Tornadus, M|100\/100\n|-ability|p2b: Weezing|Neutralizing Gas\n|turn|2\n|\n|t:|1696010267\n|move|p2a: Dusknoir|Shadow Sneak|p1a: Tornadus\n|-damage|p1a: Tornadus|69\/100\n|move|p1a: Tornadus|Tailwind|p1a: Tornadus\n|-sidestart|p1: water10122246|move: Tailwind\n|move|p1b: Smeargle|Spore|p2a: Dusknoir\n|-status|p2a: Dusknoir|slp|[from] move: Spore\n|move|p2b: Weezing|Destiny Bond|p2b: Weezing\n|-singlemove|p2b: Weezing|Destiny Bond\n|\n|upkeep\n|turn|3\n|\n|t:|1696010292\n|cant|p2a: Dusknoir|slp\n|move|p1a: Tornadus|Taunt|p2b: Weezing\n|-start|p2b: Weezing|move: Taunt\n|move|p1b: Smeargle|Spore|p2b: Weezing\n|-status|p2b: Weezing|slp|[from] move: Spore\n|cant|p2b: Weezing|slp\n|\n|upkeep\n|turn|4\n|\n|t:|1696010303\n|move|p1a: Tornadus|Taunt|p2a: Dusknoir\n|-start|p2a: Dusknoir|move: Taunt\n|move|p1b: Smeargle|Revival Blessing|p1b: Smeargle\n|-enditem|p1b: Smeargle|Leppa Berry|[eat]\n|-activate|p1b: Smeargle|item: Leppa Berry|Revival Blessing|[consumed]\n|\n|t:|1696010308\n|-heal|p1: Golem|50\/100|[from] move: Revival Blessing\n|-curestatus|p2b: Weezing|slp|[msg]\n|move|p2b: Weezing|Strange Steam|p1a: Tornadus\n|-damage|p1a: Tornadus|34\/100\n|cant|p2a: Dusknoir|slp\n|\n|upkeep\n|turn|5\n|\n|t:|1696010324\n|-curestatus|p2a: Dusknoir|slp|[msg]\n|move|p2a: Dusknoir|Shadow Sneak|p1a: Tornadus\n|-damage|p1a: Tornadus|5\/100\n|move|p1a: Tornadus|Bleakwind Storm|p2a: Dusknoir|[spread] p2a,p2b\n|-crit|p2a: Dusknoir\n|-damage|p2a: Dusknoir|44\/100\n|-damage|p2b: Weezing|53\/100\n|-unboost|p2a: Dusknoir|spe|1\n|move|p1b: Smeargle|Spore|p2b: Weezing\n|-status|p2b: Weezing|slp|[from] move: Spore\n|cant|p2b: Weezing|slp\n|\n|-heal|p2a: Dusknoir|50\/100|[from] item: Leftovers\n|-end|p2b: Weezing|move: Taunt\n|-sideend|p1: water10122246|move: Tailwind\n|upkeep\n|turn|6\n|\n|t:|1696010341\n|switch|p1a: Landorus|Landorus-Therian, M|100\/100\n|move|p2a: Dusknoir|Shadow Sneak|p1a: Landorus\n|-damage|p1a: Landorus|78\/100\n|move|p1b: Smeargle|Spore|p2a: Dusknoir\n|-status|p2a: Dusknoir|slp|[from] move: Spore\n|cant|p2b: Weezing|slp\n|\n|-heal|p2a: Dusknoir|57\/100 slp|[from] item: Leftovers\n|-end|p2a: Dusknoir|move: Taunt\n|upkeep\n|turn|7\n|\n|t:|1696010353\n|move|p1b: Smeargle|Silk Trap|p1b: Smeargle\n|-singleturn|p1b: Smeargle|Protect\n|move|p1a: Landorus|Explosion|p2a: Dusknoir|[spread] p2b\n|-activate|p1b: Smeargle|move: Protect\n|-immune|p2a: Dusknoir\n|-damage|p2b: Weezing|0 fnt\n|faint|p1a: Landorus\n|faint|p2b: Weezing\n|-end|p2b: Weezing|ability: Neutralizing Gas\n|-ability|p2a: Dusknoir|Pressure\n|cant|p2a: Dusknoir|slp\n|\n|-heal|p2a: Dusknoir|63\/100 slp|[from] item: Leftovers\n|-ability|p1b: Smeargle|Moody|boost\n|-boost|p1b: Smeargle|def|2\n|-unboost|p1b: Smeargle|spd|1\n|upkeep\n|\n|t:|1696010368\n|switch|p1a: Golem|Golem-Alola, F, shiny|50\/100\n|switch|p2b: Iron Valiant|Iron Valiant|100\/100\n|-status|p1a: Golem|psn\n|-enditem|p2b: Iron Valiant|Booster Energy\n|-activate|p2b: Iron Valiant|ability: Quark Drive|[fromitem]\n|-start|p2b: Iron Valiant|quarkdrivespe\n|turn|8\n|\n|t:|1696010381\n|-terastallize|p1a: Golem|Electric\n|move|p2b: Iron Valiant|Swords Dance|p2b: Iron Valiant\n|-boost|p2b: Iron Valiant|atk|2\n|move|p1b: Smeargle|Spore|p2b: Iron Valiant\n|-status|p2b: Iron Valiant|slp|[from] move: Spore\n|move|p1a: Golem|Explosion|p2b: Iron Valiant|[spread] p1b,p2a,p2b\n|-damage|p1b: Smeargle|0 fnt\n|-damage|p2a: Dusknoir|0 fnt\n|-damage|p2b: Iron Valiant|0 fnt\n|faint|p1a: Golem\n|faint|p1b: Smeargle\n|faint|p2a: Dusknoir\n|faint|p2b: Iron Valiant\n|-end|p2b: Iron Valiant|Quark Drive|[silent]\n|\n|upkeep\n|\n|t:|1696010395\n|switch|p2b: Kingambit|Kingambit, M|100\/100\n|switch|p1b: Tornadus|Tornadus, M|5\/100\n|switch|p1a: Pawmot|Pawmot, M|100\/100\n|-status|p1a: Pawmot|psn\n|-activate|p2b: Kingambit|ability: Supreme Overlord\n|-start|p2b: Kingambit|fallen5|[silent]\n|turn|9\n|\n|t:|1696010417\n|-terastallize|p2b: Kingambit|Dark\n|move|p1b: Tornadus|Tailwind|p1b: Tornadus\n|-sidestart|p1: water10122246|move: Tailwind\n|move|p2b: Kingambit|Sucker Punch||[still]\n|-fail|p2b: Kingambit\n|move|p1a: Pawmot|Revival Blessing|p1a: Pawmot\n|-enditem|p1a: Pawmot|Leppa Berry|[eat]\n|-activate|p1a: Pawmot|item: Leppa Berry|Revival Blessing|[consumed]\n|\n|t:|1696010425\n|-heal|p1: Golem|50\/100|[from] move: Revival Blessing\n|\n|-damage|p1a: Pawmot|88\/100 psn|[from] psn\n|upkeep\n|turn|10\n|\n|t:|1696010434\n|move|p1b: Tornadus|Icy Wind|p2b: Kingambit\n|-damage|p2b: Kingambit|77\/100\n|-unboost|p2b: Kingambit|spe|1\n|move|p1a: Pawmot|Revival Blessing|p1a: Pawmot\n|\n|t:|1696010439\n|-heal|p1: Smeargle|50\/100|[from] move: Revival Blessing\n|move|p2b: Kingambit|Swords Dance|p2b: Kingambit\n|-boost|p2b: Kingambit|atk|2\n|\n|-damage|p1a: Pawmot|76\/100 psn|[from] psn\n|upkeep\n|turn|11\n|\n|t:|1696010451\n|switch|p1a: Smeargle|Smeargle, F, shiny|50\/100\n|-status|p1a: Smeargle|psn\n|move|p1b: Tornadus|Bleakwind Storm|p2b: Kingambit\n|-damage|p2b: Kingambit|15\/100\n|move|p2b: Kingambit|Iron Head|p1a: Smeargle\n|-damage|p1a: Smeargle|0 fnt\n|faint|p1a: Smeargle\n|\n|upkeep\n|\n|t:|1696010465\n|switch|p1a: Golem|Golem-Alola, F, shiny|50\/100\n|-status|p1a: Golem|psn\n|turn|12\n|\n|t:|1696010476\n|move|p1b: Tornadus|Bleakwind Storm|p2b: Kingambit|[miss]\n|-miss|p1b: Tornadus|p2b: Kingambit\n|move|p1a: Golem|Explosion|p2b: Kingambit|[spread] p1b,p2b\n|-supereffective|p1b: Tornadus\n|-damage|p1b: Tornadus|0 fnt\n|-damage|p2b: Kingambit|0 fnt\n|faint|p1a: Golem\n|faint|p1b: Tornadus\n|faint|p2b: Kingambit\n|-end|p2b: Kingambit|fallen5|[silent]\n|\n|win|water10122246\n|raw|water10122246's rating: 1104 &rarr; <strong>1132<\/strong><br \/>(+28 for winning)\n|raw|dedpoel's rating: 1149 &rarr; <strong>1121<\/strong><br \/>(-28 for losing)\n|c|\u2606dedpoel|ggs\n|l|\u2606dedpoel\n","uploadtime":1696010489,"views":11,"p1id":"water10122246","p2id":"dedpoel","formatid":"gen9nationaldexdoubles","rating":1121,"private":0,"password":""}