{"id":"gen9nationaldexdoubles-1976504999","p1":"Fjfgdfgfxgcg","p2":"ScorpionMaster511","format":"[Gen 9] National Dex Doubles","log":"|j|\u2606Fjfgdfgfxgcg\n|j|\u2606ScorpionMaster511\n|t:|1698314261\n|gametype|doubles\n|player|p1|Fjfgdfgfxgcg|266|1040\n|player|p2|ScorpionMaster511|265|1023\n|teamsize|p1|6\n|teamsize|p2|6\n|gen|9\n|tier|[Gen 9] National Dex Doubles\n|rated|\n|rule|HP Percentage Mod: HP is shown in percentages\n|rule|Endless Battle Clause: Forcing endless battles is banned\n|rule|OHKO Clause: OHKO moves are banned\n|rule|Evasion Moves Clause: Evasion moves are banned\n|rule|Evasion Abilities Clause: Evasion abilities are banned\n|rule|Species Clause: Limit one of each Pok\u00e9mon\n|rule|Gravity Sleep Clause: The combination of sleep-inducing moves with imperfect accuracy and Gravity or Gigantamax Orbeetle are banned\n|clearpoke\n|poke|p1|Regigigas|\n|poke|p1|Grafaiai, F|\n|poke|p1|Armarouge, M|\n|poke|p1|Murkrow, F|\n|poke|p1|Ursaluna-Bloodmoon, M|\n|poke|p1|Dragapult, F|\n|poke|p2|Castform, M|\n|poke|p2|Pelipper, F|\n|poke|p2|Charizard, M|\n|poke|p2|Ninetales-Alola, M|\n|poke|p2|Politoed, F|\n|poke|p2|Pawmot, F|\n|teampreview\n|c|\u2606ScorpionMaster511|Funny\n|\n|t:|1698314271\n|start\n|switch|p1a: Regigigas|Regigigas|100\/100\n|switch|p1b: Grafaiai|Grafaiai, F|100\/100\n|switch|p2a: Castform|Castform, M, shiny|100\/100\n|switch|p2b: Castform support|Pelipper, F, shiny|100\/100\n|-start|p1a: Regigigas|ability: Slow Start\n|-weather|RainDance|[from] ability: Drizzle|[of] p2b: Castform support\n|-formechange|p2a: Castform|Castform-Rainy|[msg]|[from] ability: Forecast\n|turn|1\n|\n|t:|1698314299\n|move|p1b: Grafaiai|Doodle|p2a: Castform\n|-end|p1a: Regigigas|Slow Start|[silent]\n|-endability|p1a: Regigigas|Slow Start|[from] move: Doodle\n|-ability|p1a: Regigigas|Forecast|[from] move: Doodle\n|-endability|p1b: Grafaiai|Prankster|[from] move: Doodle\n|-ability|p1b: Grafaiai|Forecast|[from] move: Doodle\n|move|p1a: Regigigas|Thunder|p2b: Castform support\n|-supereffective|p2b: Castform support\n|-damage|p2b: Castform support|0 fnt\n|faint|p2b: Castform support\n|move|p2a: Castform|Hurricane|p1a: Regigigas\n|-damage|p1a: Regigigas|88\/100\n|\n|-weather|RainDance|[upkeep]\n|-heal|p1a: Regigigas|94\/100|[from] item: Leftovers\n|upkeep\n|c|\u2606ScorpionMaster511|Spa regigas wtf type of dumb bull sharpedo is this\n|\n|t:|1698314341\n|switch|p2b: Castform support4|Politoed, F, shiny|100\/100\n|turn|2\n|\n|t:|1698314371\n|move|p1b: Grafaiai|Switcheroo|p2a: Castform\n|-activate|p1b: Grafaiai|move: Trick|[of] p2a: Castform\n|-item|p2a: Castform|Leftovers|[from] move: Switcheroo\n|-item|p1b: Grafaiai|Assault Vest|[from] move: Switcheroo\n|move|p1a: Regigigas|Thunder|p2b: Castform support4\n|-supereffective|p2b: Castform support4\n|-damage|p2b: Castform support4|62\/100\n|move|p2a: Castform|Thunder|p1a: Regigigas\n|-damage|p1a: Regigigas|80\/100\n|move|p2b: Castform support4|Scald|p1a: Regigigas\n|-damage|p1a: Regigigas|49\/100\n|\n|-weather|RainDance|[upkeep]\n|-heal|p1a: Regigigas|55\/100|[from] item: Leftovers\n|upkeep\n|turn|3\n|\n|t:|1698314396\n|move|p1b: Grafaiai|Gunk Shot|p2a: Castform\n|-damage|p2a: Castform|48\/100\n|-status|p2a: Castform|psn\n|move|p1a: Regigigas|Thunder|p2a: Castform\n|-supereffective|p2a: Castform\n|-damage|p2a: Castform|0 fnt\n|faint|p2a: Castform\n|move|p2b: Castform support4|Scald|p1a: Regigigas\n|-damage|p1a: Regigigas|26\/100\n|\n|-weather|RainDance|[upkeep]\n|-heal|p1a: Regigigas|32\/100|[from] item: Leftovers\n|upkeep\n|c|\u2606ScorpionMaster511|Oh so it does have a attack\n|\n|t:|1698314409\n|switch|p2a: Castform savior|Pawmot, F|100\/100\n|turn|4\n|c|\u2606ScorpionMaster511|:\/\n|\n|t:|1698314424\n|move|p2a: Castform savior|Fake Out|p1a: Regigigas\n|-damage|p1a: Regigigas|24\/100\n|move|p1b: Grafaiai|Gunk Shot|p2a: Castform savior\n|-damage|p2a: Castform savior|40\/100\n|-status|p2a: Castform savior|psn\n|cant|p1a: Regigigas|flinch\n|move|p2b: Castform support4|Scald|p1a: Regigigas\n|-damage|p1a: Regigigas|0 fnt\n|faint|p1a: Regigigas\n|\n|-weather|RainDance|[upkeep]\n|-damage|p2a: Castform savior|28\/100 psn|[from] psn\n|upkeep\n|\n|t:|1698314442\n|switch|p1a: Murkrow|Murkrow, F|100\/100\n|turn|5\n|\n|t:|1698314452\n|move|p1b: Grafaiai|Gunk Shot|p2b: Castform support4\n|-damage|p2b: Castform support4|17\/100\n|move|p1a: Murkrow|Tailwind|p1a: Murkrow\n|-sidestart|p1: Fjfgdfgfxgcg|move: Tailwind\n|move|p2a: Castform savior|Revival Blessing|p2a: Castform savior\n|-enditem|p2a: Castform savior|Leppa Berry|[eat]\n|-activate|p2a: Castform savior|item: Leppa Berry|Revival Blessing|[consumed]\n|\n|t:|1698314459\n|-heal|p2: Castform|50\/100|[from] move: Revival Blessing\n|move|p2b: Castform support4|Blizzard|p1b: Grafaiai|[spread] p1a,p1b\n|-supereffective|p1a: Murkrow\n|-damage|p1a: Murkrow|24\/100\n|-damage|p1b: Grafaiai|79\/100\n|\n|-weather|none\n|-damage|p2a: Castform savior|15\/100 psn|[from] psn\n|upkeep\n|turn|6\n|\n|t:|1698314476\n|move|p1b: Grafaiai|Gunk Shot|p2a: Castform savior\n|-damage|p2a: Castform savior|0 fnt\n|faint|p2a: Castform savior\n|move|p1a: Murkrow|Mean Look|p2b: Castform support4\n|-activate|p2b: Castform support4|trapped\n|move|p2b: Castform support4|Blizzard|p1a: Murkrow|[spread] p1a,p1b\n|-supereffective|p1a: Murkrow\n|-crit|p1a: Murkrow\n|-damage|p1a: Murkrow|0 fnt\n|-damage|p1b: Grafaiai|61\/100\n|faint|p1a: Murkrow\n|\n|upkeep\n|\n|t:|1698314489\n|switch|p1a: Ursaluna|Ursaluna-Bloodmoon, M|100\/100\n|switch|p2a: Castform support3|Ninetales-Alola, M, shiny|100\/100\n|-weather|Snow|[from] ability: Snow Warning|[of] p2a: Castform support3\n|turn|7\n|\n|t:|1698314510\n|move|p1b: Grafaiai|Gunk Shot|p2b: Castform support4\n|-crit|p2b: Castform support4\n|-damage|p2b: Castform support4|0 fnt\n|faint|p2b: Castform support4\n|move|p1a: Ursaluna|Headlong Rush|p2a: Castform support3\n|-damage|p2a: Castform support3|78\/100\n|-unboost|p1a: Ursaluna|def|1\n|-unboost|p1a: Ursaluna|spd|1\n|move|p2a: Castform support3|Blizzard|p1a: Ursaluna|[spread] p1a,p1b\n|-supereffective|p1a: Ursaluna\n|-damage|p1a: Ursaluna|26\/100\n|-damage|p1b: Grafaiai|33\/100\n|\n|-weather|Snow|[upkeep]\n|-heal|p1a: Ursaluna|32\/100|[from] item: Leftovers\n|upkeep\n|\n|t:|1698314522\n|switch|p2b: Castform|Castform, M, shiny|50\/100\n|-formechange|p2b: Castform|Castform-Snowy|[msg]|[from] ability: Forecast\n|turn|8\n|\n|t:|1698314538\n|move|p1b: Grafaiai|Gunk Shot|p2b: Castform\n|-damage|p2b: Castform|15\/100\n|move|p1a: Ursaluna|Blood Moon|p2b: Castform\n|-crit|p2b: Castform\n|-damage|p2b: Castform|0 fnt\n|faint|p2b: Castform\n|move|p2a: Castform support3|Blizzard|p1a: Ursaluna|[spread] p1a,p1b\n|-supereffective|p1a: Ursaluna\n|-damage|p1a: Ursaluna|0 fnt\n|-damage|p1b: Grafaiai|7\/100\n|faint|p1a: Ursaluna\n|\n|-weather|Snow|[upkeep]\n|-sideend|p1: Fjfgdfgfxgcg|move: Tailwind\n|upkeep\n|c|\u2606ScorpionMaster511|Why does everyone target castfrom\n|\n|t:|1698314554\n|switch|p2b: Castform support2|Charizard, M, shiny|100\/100\n|switch|p1a: Armarouge|Armarouge, M|100\/100\n|turn|9\n|\n|t:|1698314583\n|move|p1b: Grafaiai|Gunk Shot|p2a: Castform support3\n|-supereffective|p2a: Castform support3\n|-damage|p2a: Castform support3|11\/100\n|move|p2a: Castform support3|Blizzard|p1a: Armarouge|[spread] p1a,p1b\n|-resisted|p1a: Armarouge\n|-damage|p1a: Armarouge|90\/100\n|-damage|p1b: Grafaiai|0 fnt\n|faint|p1b: Grafaiai\n|move|p2b: Castform support2|Hurricane|p1a: Armarouge\n|-damage|p1a: Armarouge|52\/100\n|-start|p1a: Armarouge|confusion\n|-activate|p1a: Armarouge|confusion\n|-damage|p1a: Armarouge|47\/100|[from] confusion\n|\n|-weather|Snow|[upkeep]\n|-heal|p1a: Armarouge|53\/100|[from] item: Leftovers\n|upkeep\n|\n|t:|1698314601\n|switch|p1b: Dragapult|Dragapult, F|100\/100\n|turn|10\n|c|\u2606ScorpionMaster511|That\u2019s funny\n|\n|t:|1698314620\n|move|p1b: Dragapult|Substitute|p1b: Dragapult\n|-start|p1b: Dragapult|Substitute\n|-damage|p1b: Dragapult|75\/100\n|move|p2a: Castform support3|Blizzard|p1b: Dragapult|[spread] p1a,p1b\n|-supereffective|p1b: Dragapult\n|-crit|p1b: Dragapult\n|-end|p1b: Dragapult|Substitute\n|-resisted|p1a: Armarouge\n|-damage|p1a: Armarouge|42\/100\n|move|p2b: Castform support2|Hurricane|p1a: Armarouge|[miss]\n|-miss|p2b: Castform support2|p1a: Armarouge\n|-activate|p1a: Armarouge|confusion\n|move|p1a: Armarouge|Armor Cannon|p2b: Castform support2\n|-resisted|p2b: Castform support2\n|-damage|p2b: Castform support2|72\/100\n|-unboost|p1a: Armarouge|def|1\n|-unboost|p1a: Armarouge|spd|1\n|\n|-weather|Snow|[upkeep]\n|-heal|p1b: Dragapult|82\/100|[from] item: Leftovers\n|-heal|p1a: Armarouge|48\/100|[from] item: Leftovers\n|upkeep\n|turn|11\n|\n|t:|1698314694\n|move|p1b: Dragapult|Substitute|p1b: Dragapult\n|-start|p1b: Dragapult|Substitute\n|-damage|p1b: Dragapult|57\/100\n|move|p2a: Castform support3|Blizzard|p1a: Armarouge|[spread] p1a,p1b\n|-supereffective|p1b: Dragapult\n|-end|p1b: Dragapult|Substitute\n|-resisted|p1a: Armarouge\n|-damage|p1a: Armarouge|32\/100\n|move|p2b: Castform support2|Hurricane|p1a: Armarouge\n|-damage|p1a: Armarouge|0 fnt\n|faint|p1a: Armarouge\n|\n|-weather|Snow|[upkeep]\n|-heal|p1b: Dragapult|63\/100|[from] item: Leftovers\n|upkeep\n|turn|12\n|\n|t:|1698314711\n|move|p1b: Dragapult|Baton Pass||[still]\n|-fail|p1b: Dragapult\n|move|p2a: Castform support3|Blizzard|p1b: Dragapult\n|-supereffective|p1b: Dragapult\n|-damage|p1b: Dragapult|0 fnt\n|faint|p1b: Dragapult\n|\n|win|ScorpionMaster511\n|raw|Fjfgdfgfxgcg's rating: 1040 &rarr; <strong>1023<\/strong><br \/>(-17 for losing)\n|raw|ScorpionMaster511's rating: 1023 &rarr; <strong>1061<\/strong><br \/>(+38 for winning)\n|c|\u2606ScorpionMaster511|Lol\n|l|\u2606Fjfgdfgfxgcg\n|c|\u2606ScorpionMaster511|why did you try baton passing\n","uploadtime":1698314733,"views":9,"p1id":"fjfgdfgfxgcg","p2id":"scorpionmaster511","formatid":"gen9nationaldexdoubles","rating":1023,"private":0,"password":""}