{"id":"gen9nationaldexdoubles-1982871740","p1":"Naia_05","p2":"Beyond Subzero","format":"[Gen 9] National Dex Doubles","log":"|j|\u2606Naia_05\n|j|\u2606Beyond Subzero\n|t:|1699053406\n|gametype|doubles\n|player|p1|Naia_05|cynthia-gen4|1307\n|player|p2|Beyond Subzero|bruno|1554\n|teamsize|p1|6\n|teamsize|p2|6\n|gen|9\n|tier|[Gen 9] National Dex Doubles\n|rated|\n|rule|HP Percentage Mod: HP is shown in percentages\n|rule|Endless Battle Clause: Forcing endless battles is banned\n|rule|OHKO Clause: OHKO moves are banned\n|rule|Evasion Moves Clause: Evasion moves are banned\n|rule|Evasion Abilities Clause: Evasion abilities are banned\n|rule|Species Clause: Limit one of each Pok\u00e9mon\n|rule|Gravity Sleep Clause: The combination of sleep-inducing moves with imperfect accuracy and Gravity or Gigantamax Orbeetle are banned\n|clearpoke\n|poke|p1|Shiinotic, F|\n|poke|p1|Sableye, F|\n|poke|p1|Greedent, F|\n|poke|p1|Xurkitree|\n|poke|p1|Iron Moth|\n|poke|p1|Garchomp, M|\n|poke|p2|Kingambit, F|\n|poke|p2|Marshadow|\n|poke|p2|Volcanion|\n|poke|p2|Salamence, F|\n|poke|p2|Rillaboom, F|\n|poke|p2|Whimsicott, F|\n|teampreview\n|inactive|Battle timer is ON: inactive players will automatically lose when time's up. (requested by Beyond Subzero)\n|inactive|Beyond Subzero has 120 seconds left.\n|\n|t:|1699053437\n|start\n|switch|p1a: Shiinotic|Shiinotic, F|100\/100\n|switch|p1b: Sableye|Sableye, F|100\/100\n|switch|p2a: Marshadow|Marshadow|100\/100\n|switch|p2b: Kingambit|Kingambit, F, shiny|100\/100\n|turn|1\n|\n|t:|1699053450\n|-terastallize|p1a: Shiinotic|Dark\n|move|p1b: Sableye|Skill Swap|p1a: Shiinotic\n|-activate|p1b: Sableye|move: Skill Swap|||[of] p1a: Shiinotic\n|move|p1a: Shiinotic|Spore|p2a: Marshadow\n|-status|p2a: Marshadow|slp|[from] move: Spore\n|cant|p2a: Marshadow|slp\n|move|p2b: Kingambit|Swords Dance|p2b: Kingambit\n|-boost|p2b: Kingambit|atk|2\n|\n|upkeep\n|turn|2\n|\n|t:|1699053467\n|switch|p2a: Rillaboom|Rillaboom, F|100\/100\n|-fieldstart|move: Grassy Terrain|[from] ability: Grassy Surge|[of] p2a: Rillaboom\n|move|p2b: Kingambit|Protect|p2b: Kingambit\n|-singleturn|p2b: Kingambit|Protect\n|move|p1a: Shiinotic|After You|p1b: Sableye\n|-activate|p1b: Sableye|move: After You\n|move|p1b: Sableye|Encore|p2b: Kingambit\n|-activate|p2b: Kingambit|move: Protect\n|\n|upkeep\n|turn|3\n|\n|t:|1699053495\n|move|p2a: Rillaboom|Grassy Glide|p1b: Sableye\n|-damage|p1b: Sableye|62\/100\n|move|p2b: Kingambit|Sucker Punch||[still]\n|-fail|p2b: Kingambit\n|move|p1a: Shiinotic|Substitute|p1a: Shiinotic\n|-start|p1a: Shiinotic|Substitute\n|-damage|p1a: Shiinotic|76\/100\n|move|p1b: Sableye|Encore|p2a: Rillaboom\n|-start|p2a: Rillaboom|Encore\n|\n|-heal|p1b: Sableye|67\/100|[from] Grassy Terrain\n|-heal|p1a: Shiinotic|82\/100|[from] Grassy Terrain\n|upkeep\n|turn|4\n|\n|t:|1699053511\n|move|p2a: Rillaboom|Grassy Glide|p1b: Sableye\n|-damage|p1b: Sableye|29\/100\n|move|p1a: Shiinotic|After You|p1b: Sableye\n|-activate|p1b: Sableye|move: After You\n|move|p1b: Sableye|Encore|p2b: Kingambit\n|-start|p2b: Kingambit|Encore\n|move|p2b: Kingambit|Sucker Punch||[still]\n|-fail|p2b: Kingambit\n|\n|-heal|p1b: Sableye|35\/100|[from] Grassy Terrain\n|-heal|p1a: Shiinotic|88\/100|[from] Grassy Terrain\n|upkeep\n|turn|5\n|\n|t:|1699053533\n|switch|p2b: Marshadow|Marshadow|100\/100 slp\n|move|p2a: Rillaboom|Grassy Glide|p1b: Sableye\n|-damage|p1b: Sableye|0 fnt\n|faint|p1b: Sableye\n|move|p1a: Shiinotic|Strength Sap|p2a: Rillaboom\n|-unboost|p2a: Rillaboom|atk|1\n|-heal|p1a: Shiinotic|100\/100\n|\n|upkeep\n|\n|t:|1699053549\n|switch|p1b: Iron Moth|Iron Moth|100\/100\n|-enditem|p1b: Iron Moth|Booster Energy\n|-activate|p1b: Iron Moth|ability: Quark Drive|[fromitem]\n|-start|p1b: Iron Moth|quarkdrivespa\n|turn|6\n|\n|t:|1699053560\n|switch|p2a: Volcanion|Volcanion|100\/100\n|move|p1a: Shiinotic|Spore|p2a: Volcanion\n|-status|p2a: Volcanion|slp|[from] move: Spore\n|cant|p2b: Marshadow|slp\n|move|p1b: Iron Moth|Air Slash|p2b: Marshadow\n|-supereffective|p2b: Marshadow\n|-damage|p2b: Marshadow|6\/100 slp\n|\n|-heal|p2b: Marshadow|13\/100 slp|[from] Grassy Terrain\n|-fieldend|move: Grassy Terrain\n|upkeep\n|turn|7\n|\n|t:|1699053584\n|move|p1a: Shiinotic|After You|p1b: Iron Moth\n|-activate|p1b: Iron Moth|move: After You\n|move|p1b: Iron Moth|Sludge Wave|p2b: Marshadow|[spread] p1a,p2a,p2b\n|-end|p1a: Shiinotic|Substitute\n|-resisted|p2b: Marshadow\n|-damage|p2a: Volcanion|69\/100 slp\n|-damage|p2b: Marshadow|0 fnt\n|faint|p2b: Marshadow\n|cant|p2a: Volcanion|slp\n|\n|upkeep\n|\n|t:|1699053595\n|switch|p2b: Kingambit|Kingambit, F, shiny|100\/100\n|turn|8\n|\n|t:|1699053607\n|-terastallize|p2b: Kingambit|Dark\n|move|p1a: Shiinotic|Substitute|p1a: Shiinotic\n|-start|p1a: Shiinotic|Substitute\n|-damage|p1a: Shiinotic|76\/100\n|move|p1b: Iron Moth|Heat Wave|p2a: Volcanion|[spread] p2a,p2b\n|-resisted|p2a: Volcanion\n|-damage|p2a: Volcanion|61\/100 slp\n|-damage|p2b: Kingambit|45\/100\n|-curestatus|p2a: Volcanion|slp|[msg]\n|move|p2a: Volcanion|Earth Power|p1b: Iron Moth\n|-supereffective|p1b: Iron Moth\n|-damage|p1b: Iron Moth|0 fnt\n|faint|p1b: Iron Moth\n|-end|p1b: Iron Moth|Quark Drive|[silent]\n|move|p2b: Kingambit|Swords Dance|p2b: Kingambit\n|-boost|p2b: Kingambit|atk|2\n|\n|upkeep\n|\n|t:|1699053634\n|switch|p1b: Xurkitree|Xurkitree|100\/100\n|turn|9\n|\n|t:|1699053655\n|switch|p2a: Rillaboom|Rillaboom, F|100\/100\n|-fieldstart|move: Grassy Terrain|[from] ability: Grassy Surge|[of] p2a: Rillaboom\n|move|p1a: Shiinotic|Spore|p2a: Rillaboom\n|-immune|p2a: Rillaboom\n|move|p1b: Xurkitree|Tail Glow|p1b: Xurkitree\n|-boost|p1b: Xurkitree|spa|3\n|move|p2b: Kingambit|Knock Off|p1b: Xurkitree\n|-damage|p1b: Xurkitree|0 fnt\n|-enditem|p1b: Xurkitree|Life Orb|[from] move: Knock Off|[of] p2b: Kingambit\n|faint|p1b: Xurkitree\n|\n|-heal|p2b: Kingambit|51\/100|[from] Grassy Terrain\n|-heal|p1a: Shiinotic|82\/100|[from] Grassy Terrain\n|upkeep\n|\n|t:|1699053669\n|switch|p1b: Garchomp|Garchomp, M|100\/100\n|turn|10\n|\n|t:|1699053678\n|detailschange|p1b: Garchomp|Garchomp-Mega, M\n|-mega|p1b: Garchomp|Garchomp|Garchompite\n|move|p2a: Rillaboom|Fake Out|p1b: Garchomp\n|-damage|p1b: Garchomp|88\/100\n|move|p1a: Shiinotic|After You|p1b: Garchomp\n|-activate|p1b: Garchomp|move: After You\n|cant|p1b: Garchomp|flinch\n|move|p2b: Kingambit|Knock Off|p1b: Garchomp\n|-damage|p1b: Garchomp|0 fnt\n|faint|p1b: Garchomp\n|\n|-heal|p2b: Kingambit|57\/100|[from] Grassy Terrain\n|-heal|p1a: Shiinotic|88\/100|[from] Grassy Terrain\n|upkeep\n|\n|t:|1699053682\n|switch|p1b: Greedent|Greedent, F|100\/100\n|turn|11\n|\n|t:|1699053697\n|move|p2a: Rillaboom|Grassy Glide|p1b: Greedent\n|-damage|p1b: Greedent|69\/100\n|move|p1a: Shiinotic|After You|p1b: Greedent\n|-activate|p1b: Greedent|move: After You\n|move|p1b: Greedent|Superpower|p2b: Kingambit\n|-supereffective|p2b: Kingambit\n|-damage|p2b: Kingambit|7\/100\n|-unboost|p1b: Greedent|atk|1\n|-unboost|p1b: Greedent|def|1\n|move|p2b: Kingambit|Knock Off|p1b: Greedent\n|-damage|p1b: Greedent|0 fnt\n|-enditem|p1b: Greedent|Sitrus Berry|[from] move: Knock Off|[of] p2b: Kingambit\n|faint|p1b: Greedent\n|\n|-heal|p2b: Kingambit|13\/100|[from] Grassy Terrain\n|-heal|p1a: Shiinotic|94\/100|[from] Grassy Terrain\n|upkeep\n|turn|12\n|-message|Naia_05 forfeited.\n|\n|win|Beyond Subzero\n|raw|Naia_05's rating: 1307 &rarr; <strong>1299<\/strong><br \/>(-8 for losing)\n|raw|Beyond Subzero's rating: 1554 &rarr; <strong>1562<\/strong><br \/>(+8 for winning)\n|l|\u2606Naia_05\n","uploadtime":1699053907,"views":7,"p1id":"naia05","p2id":"beyondsubzero","formatid":"gen9nationaldexdoubles","rating":1299,"private":0,"password":""}