{"id":"gen9nationaldexdoubles-1949202066","p1":"Eli10TheGoat","p2":"Thalassophobia","format":"[Gen 9] National Dex Doubles","log":"|j|\u2606Eli10TheGoat\n|j|\u2606Thalassophobia\n|t:|1695334823\n|gametype|doubles\n|player|p1|Eli10TheGoat|1|1107\n|player|p2|Thalassophobia|pokekid|1046\n|teamsize|p1|6\n|teamsize|p2|6\n|gen|9\n|tier|[Gen 9] National Dex Doubles\n|rated|\n|rule|HP Percentage Mod: HP is shown in percentages\n|rule|Endless Battle Clause: Forcing endless battles is banned\n|rule|OHKO Clause: OHKO moves are banned\n|rule|Evasion Moves Clause: Evasion moves are banned\n|rule|Evasion Abilities Clause: Evasion abilities are banned\n|rule|Species Clause: Limit one of each Pok\u00e9mon\n|rule|Gravity Sleep Clause: The combination of sleep-inducing moves with imperfect accuracy and Gravity or Gigantamax Orbeetle are banned\n|clearpoke\n|poke|p1|Dipplin, M|\n|poke|p1|Tornadus, M|\n|poke|p1|Sableye, F|\n|poke|p1|Iron Hands|\n|poke|p1|Heatran, F|\n|poke|p1|Landorus-Therian, M|\n|poke|p2|Jolteon, M|\n|poke|p2|Toxtricity, M|\n|poke|p2|Salamence, M|\n|poke|p2|Serperior, F|\n|poke|p2|Vaporeon, M|\n|poke|p2|Furret, M|\n|teampreview\n|inactive|Battle timer is ON: inactive players will automatically lose when time's up. (requested by Thalassophobia)\n|\n|t:|1695334845\n|start\n|switch|p1a: Sableye|Sableye, F|100\/100\n|switch|p1b: Landorus|Landorus-Therian, M|100\/100\n|switch|p2a: Vaporeon|Vaporeon, M|100\/100\n|switch|p2b: Furret|Furret, M, shiny|100\/100\n|-ability|p1b: Landorus|Intimidate|boost\n|-unboost|p2a: Vaporeon|atk|1\n|-unboost|p2b: Furret|atk|1\n|turn|1\n|\n|t:|1695334873\n|switch|p1b: Tornadus|Tornadus, M|100\/100\n|move|p1a: Sableye|Gravity|p1a: Sableye\n|-fieldstart|move: Gravity\n|move|p2b: Furret|Tidy Up|p2b: Furret\n|-boost|p2b: Furret|atk|1\n|-boost|p2b: Furret|spe|1\n|move|p2a: Vaporeon|Ice Beam|p1b: Tornadus\n|-supereffective|p1b: Tornadus\n|-damage|p1b: Tornadus|50\/100\n|\n|upkeep\n|turn|2\n|\n|t:|1695334889\n|move|p1a: Sableye|Will-O-Wisp|p2b: Furret\n|-status|p2b: Furret|brn\n|move|p2b: Furret|Surf|p1b: Tornadus|[spread] p1a,p1b\n|-immune|p2a: Vaporeon|[from] ability: Water Absorb\n|-damage|p1a: Sableye|84\/100\n|-damage|p1b: Tornadus|35\/100\n|move|p1b: Tornadus|Bleakwind Storm|p2a: Vaporeon|[spread] p2a,p2b\n|-damage|p2a: Vaporeon|80\/100\n|-damage|p2b: Furret|29\/100 brn\n|move|p2a: Vaporeon|Ice Beam|p1b: Tornadus\n|-supereffective|p1b: Tornadus\n|-damage|p1b: Tornadus|0 fnt\n|faint|p1b: Tornadus\n|\n|-heal|p2a: Vaporeon|86\/100|[from] item: Leftovers\n|-heal|p1a: Sableye|90\/100|[from] item: Leftovers\n|-damage|p2b: Furret|23\/100 brn|[from] brn\n|upkeep\n|\n|t:|1695334903\n|switch|p1b: Iron Hands|Iron Hands|100\/100\n|turn|3\n|\n|t:|1695334919\n|move|p1b: Iron Hands|Fake Out|p2b: Furret\n|-damage|p2b: Furret|0 fnt\n|faint|p2b: Furret\n|move|p1a: Sableye|Encore|p2a: Vaporeon\n|-start|p2a: Vaporeon|Encore\n|move|p2a: Vaporeon|Ice Beam|p1a: Sableye\n|-damage|p1a: Sableye|56\/100\n|\n|-heal|p2a: Vaporeon|93\/100|[from] item: Leftovers\n|-heal|p1a: Sableye|62\/100|[from] item: Leftovers\n|upkeep\n|\n|t:|1695334933\n|switch|p2b: Toxtricity|Toxtricity, M|100\/100\n|turn|4\n|\n|t:|1695334948\n|switch|p2a: Jolteon|Jolteon, M|100\/100\n|move|p1a: Sableye|Disable||[still]\n|-fail|p1a: Sableye\n|move|p2b: Toxtricity|Boomburst|p1b: Iron Hands|[spread] p2a,p1b\n|-immune|p1a: Sableye\n|-crit|p2a: Jolteon\n|-damage|p2a: Jolteon|5\/100\n|-damage|p1b: Iron Hands|75\/100\n|move|p1b: Iron Hands|Volt Switch|p2b: Toxtricity\n|-resisted|p2b: Toxtricity\n|-damage|p2b: Toxtricity|95\/100\n|\n|t:|1695334962\n|-end|p1b: Iron Hands|Quark Drive|[silent]\n|switch|p1b: Dipplin|Dipplin, M, shiny|100\/100|[from] Volt Switch\n|-ability|p1b: Dipplin|Supersweet Syrup\n|-ability|p1b: Dipplin|Supersweet Syrup|boost\n|-unboost|p2a: Jolteon|evasion|1\n|-unboost|p2b: Toxtricity|evasion|1\n|\n|-heal|p1a: Sableye|68\/100|[from] item: Leftovers\n|upkeep\n|turn|5\n|\n|t:|1695334979\n|move|p1a: Sableye|Encore|p2b: Toxtricity\n|-start|p2b: Toxtricity|Encore\n|move|p2a: Jolteon|Shadow Ball|p1a: Sableye\n|-damage|p1a: Sableye|16\/100\n|move|p2b: Toxtricity|Boomburst|p1b: Dipplin|[spread] p2a,p1b\n|-immune|p1a: Sableye\n|-damage|p2a: Jolteon|0 fnt\n|-damage|p1b: Dipplin|69\/100\n|faint|p2a: Jolteon\n|move|p1b: Dipplin|Recover|p1b: Dipplin\n|-heal|p1b: Dipplin|100\/100\n|\n|-heal|p1a: Sableye|22\/100|[from] item: Leftovers\n|-fieldend|move: Gravity\n|upkeep\n|\n|t:|1695334990\n|switch|p2a: Salamence|Salamence, M|100\/100\n|-ability|p2a: Salamence|Intimidate|boost\n|-unboost|p1a: Sableye|atk|1\n|-unboost|p1b: Dipplin|atk|1\n|turn|6\n|\n|t:|1695335014\n|switch|p2b: Serperior|Serperior, F|100\/100\n|detailschange|p2a: Salamence|Salamence-Mega, M\n|-mega|p2a: Salamence|Salamence|Salamencite\n|move|p1a: Sableye|Will-O-Wisp|p2a: Salamence\n|-status|p2a: Salamence|brn\n|move|p2a: Salamence|Dragon Dance|p2a: Salamence\n|-boost|p2a: Salamence|atk|1\n|-boost|p2a: Salamence|spe|1\n|move|p1b: Dipplin|Syrup Bomb|p2a: Salamence\n|-resisted|p2a: Salamence\n|-damage|p2a: Salamence|95\/100 brn\n|-start|p2a: Salamence|Syrup Bomb\n|\n|-heal|p1a: Sableye|29\/100|[from] item: Leftovers\n|-damage|p2a: Salamence|89\/100 brn|[from] brn\n|-unboost|p2a: Salamence|spe|1\n|upkeep\n|turn|7\n|\n|t:|1695335037\n|move|p1a: Sableye|Encore|p2a: Salamence\n|-start|p2a: Salamence|Encore\n|move|p2b: Serperior|Leaf Storm|p1a: Sableye\n|-damage|p1a: Sableye|0 fnt\n|-boost|p2b: Serperior|spa|2\n|faint|p1a: Sableye\n|move|p2a: Salamence|Dragon Dance|p2a: Salamence\n|-boost|p2a: Salamence|atk|1\n|-boost|p2a: Salamence|spe|1\n|move|p1b: Dipplin|Pollen Puff|p2b: Serperior\n|-supereffective|p2b: Serperior\n|-damage|p2b: Serperior|63\/100\n|\n|-heal|p2b: Serperior|69\/100|[from] item: Leftovers\n|-damage|p2a: Salamence|83\/100 brn|[from] brn\n|-unboost|p2a: Salamence|spe|1\n|upkeep\n|\n|t:|1695335045\n|switch|p1a: Iron Hands|Iron Hands|75\/100\n|turn|8\n|\n|t:|1695335061\n|move|p1a: Iron Hands|Fake Out|p2b: Serperior\n|-damage|p2b: Serperior|54\/100\n|cant|p2b: Serperior|flinch\n|move|p2a: Salamence|Dragon Dance|p2a: Salamence\n|-boost|p2a: Salamence|atk|1\n|-boost|p2a: Salamence|spe|1\n|move|p1b: Dipplin|Syrup Bomb|p2b: Serperior\n|-resisted|p2b: Serperior\n|-damage|p2b: Serperior|44\/100\n|-start|p2b: Serperior|Syrup Bomb\n|\n|-heal|p2b: Serperior|50\/100|[from] item: Leftovers\n|-damage|p2a: Salamence|77\/100 brn|[from] brn\n|-end|p2a: Salamence|Syrup Bomb\n|-boost|p2b: Serperior|spe|1\n|upkeep\n|turn|9\n|inactive|Eli10TheGoat has 120 seconds left.\n|\n|t:|1695335092\n|move|p2b: Serperior|Protect|p2b: Serperior\n|-singleturn|p2b: Serperior|Protect\n|move|p2a: Salamence|Dragon Dance|p2a: Salamence\n|-boost|p2a: Salamence|atk|1\n|-boost|p2a: Salamence|spe|1\n|move|p1a: Iron Hands|Thunder Punch|p2a: Salamence\n|-damage|p2a: Salamence|35\/100 brn\n|move|p1b: Dipplin|Pollen Puff|p1a: Iron Hands\n|-heal|p1a: Iron Hands|100\/100\n|\n|-heal|p2b: Serperior|56\/100|[from] item: Leftovers\n|-damage|p2a: Salamence|29\/100 brn|[from] brn\n|-boost|p2b: Serperior|spe|1\n|-end|p2a: Salamence|Encore\n|upkeep\n|turn|10\n|\n|t:|1695335111\n|move|p1b: Dipplin|Protect|p1b: Dipplin\n|-singleturn|p1b: Dipplin|Protect\n|move|p2b: Serperior|Leech Seed|p1a: Iron Hands\n|-start|p1a: Iron Hands|move: Leech Seed\n|move|p2a: Salamence|Draco Meteor|p1b: Dipplin\n|-activate|p1b: Dipplin|move: Protect\n|move|p1a: Iron Hands|Thunder Punch|p2a: Salamence\n|-damage|p2a: Salamence|0 fnt\n|faint|p2a: Salamence\n|\n|-heal|p2b: Serperior|63\/100|[from] item: Leftovers\n|-damage|p1a: Iron Hands|88\/100|[from] Leech Seed|[of] p2b: Serperior\n|-heal|p2b: Serperior|78\/100|[silent]\n|-end|p2b: Serperior|Syrup Bomb\n|upkeep\n|\n|t:|1695335125\n|switch|p2a: Toxtricity|Toxtricity, M|95\/100\n|turn|11\n|\n|t:|1695335140\n|-end|p1a: Iron Hands|Quark Drive|[silent]\n|switch|p1a: Heatran|Heatran, F|100\/100\n|move|p2b: Serperior|Protect|p2b: Serperior\n|-singleturn|p2b: Serperior|Protect\n|move|p2a: Toxtricity|Boomburst|p1a: Heatran|[spread] p1a,p1b\n|-activate|p2b: Serperior|move: Protect\n|-resisted|p1a: Heatran\n|-damage|p1a: Heatran|79\/100\n|-damage|p1b: Dipplin|68\/100\n|move|p1b: Dipplin|Syrup Bomb|p2a: Toxtricity|[miss]\n|-miss|p1b: Dipplin|p2a: Toxtricity\n|\n|-heal|p2b: Serperior|85\/100|[from] item: Leftovers\n|-heal|p1a: Heatran|85\/100|[from] item: Leftovers\n|upkeep\n|turn|12\n|inactive|Thalassophobia has 120 seconds left.\n|\n|t:|1695335176\n|-terastallize|p2b: Serperior|Electric\n|move|p2b: Serperior|Leaf Storm|p1b: Dipplin|[miss]\n|-miss|p2b: Serperior|p1b: Dipplin\n|move|p1a: Heatran|Earth Power|p2a: Toxtricity\n|-supereffective|p2a: Toxtricity\n|-damage|p2a: Toxtricity|0 fnt\n|faint|p2a: Toxtricity\n|move|p1b: Dipplin|Pollen Puff|p2b: Serperior\n|-damage|p2b: Serperior|65\/100\n|\n|-heal|p2b: Serperior|71\/100|[from] item: Leftovers\n|-heal|p1a: Heatran|91\/100|[from] item: Leftovers\n|upkeep\n|\n|t:|1695335190\n|switch|p2a: Vaporeon|Vaporeon, M|93\/100\n|turn|13\n|\n|t:|1695335204\n|-terastallize|p1a: Heatran|Grass\n|move|p2b: Serperior|Leaf Storm|p1b: Dipplin\n|-resisted|p1b: Dipplin\n|-damage|p1b: Dipplin|57\/100\n|-boost|p2b: Serperior|spa|2\n|move|p1a: Heatran|Magma Storm|p2b: Serperior\n|-damage|p2b: Serperior|17\/100\n|-activate|p2b: Serperior|move: Magma Storm|[of] p1a: Heatran\n|move|p2a: Vaporeon|Ice Beam|p1b: Dipplin\n|-supereffective|p1b: Dipplin\n|-damage|p1b: Dipplin|0 fnt\n|faint|p1b: Dipplin\n|\n|-heal|p2b: Serperior|23\/100|[from] item: Leftovers\n|-heal|p1a: Heatran|97\/100|[from] item: Leftovers\n|-heal|p2a: Vaporeon|99\/100|[from] item: Leftovers\n|-damage|p2b: Serperior|10\/100|[from] move: Magma Storm|[partiallytrapped]\n|upkeep\n|\n|t:|1695335216\n|switch|p1b: Iron Hands|Iron Hands|88\/100\n|turn|14\n|\n|t:|1695335238\n|move|p1b: Iron Hands|Fake Out|p2b: Serperior\n|-damage|p2b: Serperior|0 fnt\n|faint|p2b: Serperior\n|move|p1a: Heatran|Magma Storm|p2a: Vaporeon|[miss]\n|-miss|p1a: Heatran|p2a: Vaporeon\n|move|p2a: Vaporeon|Ice Beam|p1a: Heatran\n|-supereffective|p1a: Heatran\n|-damage|p1a: Heatran|61\/100\n|\n|-heal|p1a: Heatran|67\/100|[from] item: Leftovers\n|-heal|p2a: Vaporeon|100\/100|[from] item: Leftovers\n|upkeep\n|turn|15\n|\n|t:|1695335254\n|move|p1a: Heatran|Flash Cannon|p2a: Vaporeon\n|-resisted|p2a: Vaporeon\n|-damage|p2a: Vaporeon|89\/100\n|move|p2a: Vaporeon|Wish|p2a: Vaporeon\n|move|p1b: Iron Hands|Thunder Punch|p2a: Vaporeon\n|-supereffective|p2a: Vaporeon\n|-damage|p2a: Vaporeon|0 fnt\n|faint|p2a: Vaporeon\n|\n|win|Eli10TheGoat\n|raw|Eli10TheGoat's rating: 1107 &rarr; <strong>1128<\/strong><br \/>(+21 for winning)\n|raw|Thalassophobia's rating: 1046 &rarr; <strong>1032<\/strong><br \/>(-14 for losing)\n|l|\u2606Thalassophobia\n","uploadtime":1695335265,"views":11,"p1id":"eli10thegoat","p2id":"thalassophobia","formatid":"gen9nationaldexdoubles","rating":1032,"private":0,"password":""}