{"id":"gen9nationaldexdoubles-1984954426","p1":"JJEAN011","p2":"SORRY L0SER SHUTUP","format":"[Gen 9] National Dex Doubles","log":"|j|\u2606JJEAN011\n|j|\u2606SORRY L0SER SHUTUP\n|t:|1699314408\n|gametype|doubles\n|player|p1|JJEAN011|hoopster|1212\n|player|p2|SORRY L0SER SHUTUP|ninjaboy|1139\n|teamsize|p1|6\n|teamsize|p2|6\n|gen|9\n|tier|[Gen 9] National Dex Doubles\n|rated|\n|rule|HP Percentage Mod: HP is shown in percentages\n|rule|Endless Battle Clause: Forcing endless battles is banned\n|rule|OHKO Clause: OHKO moves are banned\n|rule|Evasion Moves Clause: Evasion moves are banned\n|rule|Evasion Abilities Clause: Evasion abilities are banned\n|rule|Species Clause: Limit one of each Pok\u00e9mon\n|rule|Gravity Sleep Clause: The combination of sleep-inducing moves with imperfect accuracy and Gravity or Gigantamax Orbeetle are banned\n|clearpoke\n|poke|p1|Naganadel|\n|poke|p1|Pheromosa|\n|poke|p1|Stakataka|\n|poke|p1|Buzzwole|\n|poke|p1|Xurkitree|\n|poke|p1|Kartana|\n|poke|p2|Indeedee-F, F|\n|poke|p2|Oranguru, F|\n|poke|p2|Glastrier|\n|poke|p2|Hoopa-Unbound|\n|poke|p2|Ursaluna, M|\n|poke|p2|Zygarde|\n|teampreview\n|\n|t:|1699314420\n|start\n|switch|p1a: Pheromosa|Pheromosa|100\/100\n|switch|p1b: Xurkitree|Xurkitree|100\/100\n|switch|p2a: Hoopa|Hoopa-Unbound|100\/100\n|switch|p2b: Zygarde|Zygarde|100\/100\n|-ability|p2b: Zygarde|Aura Break\n|turn|1\n|\n|t:|1699314430\n|move|p1a: Pheromosa|Triple Axel|p2b: Zygarde\n|-supereffective|p2b: Zygarde\n|-damage|p2b: Zygarde|80\/100\n|-supereffective|p2b: Zygarde\n|-damage|p2b: Zygarde|35\/100\n|-supereffective|p2b: Zygarde\n|-damage|p2b: Zygarde|0 fnt\n|faint|p2b: Zygarde\n|-ability|p1a: Pheromosa|Beast Boost|boost\n|-boost|p1a: Pheromosa|atk|1\n|-hitcount|p2: Zygarde|3\n|move|p1b: Xurkitree|Dazzling Gleam|p2a: Hoopa\n|-supereffective|p2a: Hoopa\n|-damage|p2a: Hoopa|52\/100\n|move|p2a: Hoopa|Trick Room|p2a: Hoopa\n|-fieldstart|move: Trick Room|[of] p2a: Hoopa\n|-enditem|p2a: Hoopa|Room Service\n|-unboost|p2a: Hoopa|spe|1|[from] item: Room Service\n|\n|upkeep\n|\n|t:|1699314452\n|switch|p2b: Ursaluna|Ursaluna, M|100\/100\n|turn|2\n|\n|t:|1699314463\n|move|p2b: Ursaluna|Facade|p1a: Pheromosa\n|-enditem|p1a: Pheromosa|Focus Sash\n|-damage|p1a: Pheromosa|1\/100\n|move|p2a: Hoopa|Psyshock|p1a: Pheromosa\n|-supereffective|p1a: Pheromosa\n|-damage|p1a: Pheromosa|0 fnt\n|faint|p1a: Pheromosa\n|move|p1b: Xurkitree|Energy Ball|p2b: Ursaluna\n|-supereffective|p2b: Ursaluna\n|-damage|p2b: Ursaluna|26\/100\n|\n|-status|p2b: Ursaluna|brn|[from] item: Flame Orb\n|upkeep\n|\n|t:|1699314477\n|switch|p1a: Stakataka|Stakataka|100\/100\n|turn|3\n|\n|t:|1699314485\n|move|p1a: Stakataka|Gyro Ball|p2b: Ursaluna\n|-damage|p2b: Ursaluna|0 fnt\n|faint|p2b: Ursaluna\n|-ability|p1a: Stakataka|Beast Boost|boost\n|-boost|p1a: Stakataka|def|1\n|move|p2a: Hoopa|Dark Pulse|p1a: Stakataka\n|-damage|p1a: Stakataka|41\/100\n|-item|p2a: Hoopa|Rocky Helmet|[from] ability: Magician|[of] p1a: Stakataka\n|move|p1b: Xurkitree|Dazzling Gleam|p2a: Hoopa\n|-supereffective|p2a: Hoopa\n|-crit|p2a: Hoopa\n|-damage|p2a: Hoopa|0 fnt\n|faint|p2a: Hoopa\n|-ability|p1b: Xurkitree|Beast Boost|boost\n|-boost|p1b: Xurkitree|spa|1\n|\n|upkeep\n|\n|t:|1699314499\n|switch|p2b: Glastrier|Glastrier|100\/100\n|switch|p2a: Indeedee|Indeedee-F, F|100\/100\n|-fieldstart|move: Psychic Terrain|[from] ability: Psychic Surge|[of] p2a: Indeedee\n|turn|4\n|\n|t:|1699314518\n|move|p2a: Indeedee|Follow Me|p2a: Indeedee\n|-singleturn|p2a: Indeedee|move: Follow Me\n|move|p1a: Stakataka|Gyro Ball|p2a: Indeedee\n|-damage|p2a: Indeedee|38\/100\n|move|p2b: Glastrier|Stomping Tantrum|p1a: Stakataka\n|-supereffective|p1a: Stakataka\n|-damage|p1a: Stakataka|0 fnt\n|faint|p1a: Stakataka\n|-ability|p2b: Glastrier|Chilling Neigh|boost\n|-boost|p2b: Glastrier|atk|1\n|move|p1b: Xurkitree|Thunderbolt|p2a: Indeedee\n|-damage|p2a: Indeedee|0 fnt\n|faint|p2a: Indeedee\n|-ability|p1b: Xurkitree|Beast Boost|boost\n|-boost|p1b: Xurkitree|spa|1\n|\n|upkeep\n|inactive|Battle timer is ON: inactive players will automatically lose when time's up. (requested by SORRY L0SER SHUTUP)\n|\n|t:|1699314542\n|switch|p1a: Kartana|Kartana|100\/100\n|switch|p2a: Oranguru|Oranguru, F|100\/100\n|turn|5\n|inactive|SORRY L0SER SHUTUP has 120 seconds left.\n|inactive|SORRY L0SER SHUTUP has 90 seconds left.\n|\n|t:|1699314622\n|move|p2b: Glastrier|Icicle Spear|p1b: Xurkitree\n|-damage|p1b: Xurkitree|68\/100\n|-damage|p1b: Xurkitree|35\/100\n|-damage|p1b: Xurkitree|0 fnt\n|faint|p1b: Xurkitree\n|-ability|p2b: Glastrier|Chilling Neigh|boost\n|-boost|p2b: Glastrier|atk|1\n|-hitcount|p1: Xurkitree|3\n|move|p2a: Oranguru|Instruct|p2b: Glastrier\n|-singleturn|p2b: Glastrier|move: Instruct|[of] p2a: Oranguru\n|move|p2b: Glastrier|Icicle Spear|p1a: Kartana\n|-damage|p1a: Kartana|69\/100\n|-damage|p1a: Kartana|40\/100\n|-damage|p1a: Kartana|9\/100\n|-damage|p1a: Kartana|0 fnt\n|faint|p1a: Kartana\n|-ability|p2b: Glastrier|Chilling Neigh|boost\n|-boost|p2b: Glastrier|atk|1\n|-hitcount|p1: Kartana|4\n|\n|-fieldend|move: Trick Room\n|upkeep\n|inactive|JJEAN011 has 120 seconds left.\n|\n|t:|1699314635\n|switch|p1a: Naganadel|Naganadel, shiny|100\/100\n|switch|p1b: Buzzwole|Buzzwole|100\/100\n|turn|6\n|inactive|SORRY L0SER SHUTUP has 90 seconds left.\n|\n|t:|1699314658\n|-terastallize|p2a: Oranguru|Water\n|move|p2b: Glastrier|Protect|p2b: Glastrier\n|-singleturn|p2b: Glastrier|Protect\n|move|p1a: Naganadel|Heat Wave|p2a: Oranguru|[spread] p2a\n|-activate|p2b: Glastrier|move: Protect\n|-resisted|p2a: Oranguru\n|-damage|p2a: Oranguru|91\/100\n|move|p1b: Buzzwole|Leech Life|p2a: Oranguru\n|-damage|p2a: Oranguru|56\/100\n|move|p2a: Oranguru|Trick Room|p2a: Oranguru\n|-fieldstart|move: Trick Room|[of] p2a: Oranguru\n|\n|upkeep\n|turn|7\n|\n|t:|1699314685\n|-terastallize|p1a: Naganadel|Water\n|move|p2b: Glastrier|Icicle Spear|p1a: Naganadel\n|-resisted|p1a: Naganadel\n|-damage|p1a: Naganadel|75\/100\n|-resisted|p1a: Naganadel\n|-damage|p1a: Naganadel|46\/100\n|-resisted|p1a: Naganadel\n|-damage|p1a: Naganadel|18\/100\n|-resisted|p1a: Naganadel\n|-damage|p1a: Naganadel|0 fnt\n|faint|p1a: Naganadel\n|-ability|p2b: Glastrier|Chilling Neigh|boost\n|-boost|p2b: Glastrier|atk|1\n|-hitcount|p1: Naganadel|4\n|move|p2a: Oranguru|Instruct|p2b: Glastrier\n|-singleturn|p2b: Glastrier|move: Instruct|[of] p2a: Oranguru\n|move|p2b: Glastrier|Icicle Spear|p1b: Buzzwole\n|-damage|p1b: Buzzwole|70\/100\n|-damage|p1b: Buzzwole|36\/100\n|-damage|p1b: Buzzwole|0 fnt\n|faint|p1b: Buzzwole\n|-hitcount|p1: Buzzwole|3\n|\n|win|SORRY L0SER SHUTUP\n|raw|JJEAN011's rating: 1212 &rarr; <strong>1182<\/strong><br \/>(-30 for losing)\n|raw|SORRY L0SER SHUTUP's rating: 1139 &rarr; <strong>1169<\/strong><br \/>(+30 for winning)\n|j| Commentator voice\n|c| Commentator voice|OUCH\n|c| Commentator voice|JJEAN011 got SPANKED\n|l|\u2606JJEAN011\n|c| Commentator voice|Hahaha and what a name! got spanked by \u00abSORRY L0SER SHUTUP\u00bb\n|c| Commentator voice|Hahahha HUMILIATED\n","uploadtime":1699314758,"views":5,"p1id":"jjean011","p2id":"sorryl0sershutup","formatid":"gen9nationaldexdoubles","rating":1169,"private":0,"password":""}