{"id":"gen9nationaldexdoubles-1959839887","p1":"Alexjames99","p2":"Theadonia","format":"[Gen 9] National Dex Doubles","log":"|j|\u2606Alexjames99\n|j|\u2606Theadonia\n|t:|1696460451\n|gametype|doubles\n|player|p1|Alexjames99|acetrainer-gen4dp|1164\n|player|p2|Theadonia|caitlin|1127\n|teamsize|p1|6\n|teamsize|p2|6\n|gen|9\n|tier|[Gen 9] National Dex Doubles\n|rated|\n|rule|HP Percentage Mod: HP is shown in percentages\n|rule|Endless Battle Clause: Forcing endless battles is banned\n|rule|OHKO Clause: OHKO moves are banned\n|rule|Evasion Moves Clause: Evasion moves are banned\n|rule|Evasion Abilities Clause: Evasion abilities are banned\n|rule|Species Clause: Limit one of each Pok\u00e9mon\n|rule|Gravity Sleep Clause: The combination of sleep-inducing moves with imperfect accuracy and Gravity or Gigantamax Orbeetle are banned\n|clearpoke\n|poke|p1|Oranguru, M|\n|poke|p1|Haxorus, M|\n|poke|p1|Corviknight, F|\n|poke|p1|Clefairy, M|\n|poke|p1|Copperajah, F|\n|poke|p1|Toxicroak, M|\n|poke|p2|Delphox, M|\n|poke|p2|Oricorio-Sensu, M|\n|poke|p2|Kommo-o, M|\n|poke|p2|Riolu, M|\n|poke|p2|Cresselia, F|\n|poke|p2|Smeargle, F|\n|teampreview\n|\n|t:|1696460461\n|start\n|switch|p1a: Oranguru|Oranguru, M|100\/100\n|switch|p1b: Haxorus|Haxorus, M|100\/100\n|switch|p2a: Kommo-o|Kommo-o, M, shiny|100\/100\n|switch|p2b: Smeargle|Smeargle, F|100\/100\n|-ability|p1b: Haxorus|Mold Breaker\n|turn|1\n|\n|t:|1696460479\n|move|p2b: Smeargle|Simple Beam|p2a: Kommo-o\n|-endability|p2a: Kommo-o|Soundproof|[from] move: Simple Beam\n|-ability|p2a: Kommo-o|Simple|[from] move: Simple Beam\n|-zpower|p2a: Kommo-o\n|move|p2a: Kommo-o|Clangorous Soulblaze|p1a: Oranguru|[zeffect]|[spread] p1a,p1b\n|-supereffective|p1b: Haxorus\n|-damage|p1a: Oranguru|63\/100\n|-damage|p1b: Haxorus|0 fnt\n|faint|p1b: Haxorus\n|-boost|p2a: Kommo-o|atk|2\n|-boost|p2a: Kommo-o|def|2\n|-boost|p2a: Kommo-o|spa|2\n|-boost|p2a: Kommo-o|spd|2\n|-boost|p2a: Kommo-o|spe|2\n|move|p1a: Oranguru|Instruct|p1: Haxorus|[notarget]\n|-fail|p1a: Oranguru\n|\n|-heal|p1a: Oranguru|69\/100|[from] item: Leftovers\n|upkeep\n|\n|t:|1696460504\n|switch|p1b: Copperajah|Copperajah, F|100\/100\n|turn|2\n|\n|t:|1696460516\n|switch|p2b: Riolu|Riolu, M|100\/100\n|move|p2a: Kommo-o|Drain Punch|p1b: Copperajah\n|-supereffective|p1b: Copperajah\n|-damage|p1b: Copperajah|0 fnt\n|faint|p1b: Copperajah\n|move|p1a: Oranguru|Psychic|p2a: Kommo-o\n|-supereffective|p2a: Kommo-o\n|-damage|p2a: Kommo-o|63\/100\n|-unboost|p2a: Kommo-o|spd|2\n|\n|-heal|p1a: Oranguru|76\/100|[from] item: Leftovers\n|upkeep\n|\n|t:|1696460530\n|switch|p1b: Corviknight|Corviknight, F|100\/100\n|turn|3\n|\n|t:|1696460542\n|move|p2b: Riolu|Coaching|p2a: Kommo-o\n|-boost|p2a: Kommo-o|atk|2\n|-boost|p2a: Kommo-o|def|2\n|move|p2a: Kommo-o|Drain Punch|p1a: Oranguru\n|-damage|p1a: Oranguru|0 fnt\n|-heal|p2a: Kommo-o|100\/100|[from] drain|[of] p1a: Oranguru\n|faint|p1a: Oranguru\n|move|p1b: Corviknight|Iron Defense|p1b: Corviknight\n|-boost|p1b: Corviknight|def|2\n|\n|upkeep\n|\n|t:|1696460554\n|switch|p1a: Toxicroak|Toxicroak, M|100\/100\n|turn|4\n|\n|t:|1696460569\n|switch|p2b: Oricorio|Oricorio-Sensu, M, shiny|100\/100\n|move|p1a: Toxicroak|Fake Out|p2a: Kommo-o\n|-damage|p2a: Kommo-o|96\/100\n|cant|p2a: Kommo-o|flinch\n|move|p1b: Corviknight|Body Press|p2a: Kommo-o\n|-damage|p2a: Kommo-o|80\/100\n|\n|upkeep\n|turn|5\n|\n|t:|1696460600\n|move|p1a: Toxicroak|Bullet Punch|p2b: Oricorio\n|-damage|p2b: Oricorio|88\/100\n|-status|p2b: Oricorio|psn|[from] ability: Poison Touch|[of] p1a: Toxicroak\n|move|p2a: Kommo-o|Clangorous Soul|p2a: Kommo-o\n|-boost|p2a: Kommo-o|atk|2\n|-boost|p2a: Kommo-o|def|2\n|-boost|p2a: Kommo-o|spa|2\n|-boost|p2a: Kommo-o|spd|2\n|-boost|p2a: Kommo-o|spe|2\n|-damage|p2a: Kommo-o|47\/100\n|-activate|p2b: Oricorio|ability: Dancer\n|move|p2b: Oricorio|Clangorous Soul|p2b: Oricorio|[from]ability: Dancer\n|-boost|p2b: Oricorio|atk|1\n|-boost|p2b: Oricorio|def|1\n|-boost|p2b: Oricorio|spa|1\n|-boost|p2b: Oricorio|spd|1\n|-boost|p2b: Oricorio|spe|1\n|-damage|p2b: Oricorio|55\/100 psn\n|move|p2b: Oricorio|Quiver Dance|p2b: Oricorio\n|-boost|p2b: Oricorio|spa|1\n|-boost|p2b: Oricorio|spd|1\n|-boost|p2b: Oricorio|spe|1\n|move|p1b: Corviknight|Body Press|p2a: Kommo-o\n|-damage|p2a: Kommo-o|35\/100\n|\n|-damage|p2b: Oricorio|43\/100 psn|[from] psn\n|upkeep\n|turn|6\n|\n|t:|1696460636\n|move|p1a: Toxicroak|Bullet Punch|p2b: Oricorio\n|-damage|p2b: Oricorio|34\/100 psn\n|move|p2a: Kommo-o|Drain Punch|p1b: Corviknight\n|-damage|p1b: Corviknight|44\/100\n|-heal|p2a: Kommo-o|68\/100|[from] drain|[of] p1b: Corviknight\n|-enditem|p1b: Corviknight|Sitrus Berry|[eat]\n|-heal|p1b: Corviknight|69\/100|[from] item: Sitrus Berry\n|move|p2b: Oricorio|Revelation Dance|p1a: Toxicroak\n|-damage|p1a: Toxicroak|10\/100\n|move|p1b: Corviknight|Body Press|p2a: Kommo-o\n|-damage|p2a: Kommo-o|55\/100\n|\n|-heal|p1a: Toxicroak|16\/100|[from] item: Black Sludge\n|-damage|p2b: Oricorio|22\/100 psn|[from] psn\n|upkeep\n|-enditem|p2b: Oricorio|Aguav Berry|[eat]\n|-heal|p2b: Oricorio|55\/100 psn|[from] item: Aguav Berry\n|turn|7\n|\n|t:|1696460674\n|-terastallize|p1b: Corviknight|Flying\n|move|p2a: Kommo-o|Drain Punch|p1b: Corviknight\n|-resisted|p1b: Corviknight\n|-damage|p1b: Corviknight|42\/100\n|-heal|p2a: Kommo-o|71\/100|[from] drain|[of] p1b: Corviknight\n|move|p2b: Oricorio|Revelation Dance|p1a: Toxicroak\n|-damage|p1a: Toxicroak|0 fnt\n|faint|p1a: Toxicroak\n|move|p1b: Corviknight|Body Press|p2a: Kommo-o\n|-damage|p2a: Kommo-o|59\/100\n|\n|-damage|p2b: Oricorio|43\/100 psn|[from] psn\n|upkeep\n|\n|t:|1696460690\n|switch|p1a: Clefairy|Clefairy, M|100\/100\n|turn|8\n|\n|t:|1696460719\n|move|p1a: Clefairy|Follow Me|p1a: Clefairy\n|-singleturn|p1a: Clefairy|move: Follow Me\n|move|p2a: Kommo-o|Poison Jab|p1a: Clefairy\n|-supereffective|p1a: Clefairy\n|-damage|p1a: Clefairy|0 fnt\n|faint|p1a: Clefairy\n|move|p2b: Oricorio|Revelation Dance|p1b: Corviknight\n|-damage|p1b: Corviknight|0 fnt\n|faint|p1b: Corviknight\n|\n|win|Theadonia\n|raw|Alexjames99's rating: 1164 &rarr; <strong>1136<\/strong><br \/>(-28 for losing)\n|raw|Theadonia's rating: 1127 &rarr; <strong>1155<\/strong><br \/>(+28 for winning)\n|c|\u2606Theadonia|Gg\n|l|\u2606Alexjames99\n","uploadtime":1696460737,"views":8,"p1id":"alexjames99","p2id":"theadonia","formatid":"gen9nationaldexdoubles","rating":1136,"private":0,"password":""}