{"id":"gen9nationaldexdoubles-1996625461","p1":"sheltrotsky","p2":"studios_galaxy","format":"[Gen 9] National Dex Doubles","log":"|j|\u2606sheltrotsky\n|j|\u2606studios_galaxy\n|t:|1700702128\n|gametype|doubles\n|player|p1|sheltrotsky|morty|1153\n|player|p2|studios_galaxy|hilda|1004\n|teamsize|p1|6\n|teamsize|p2|6\n|gen|9\n|tier|[Gen 9] National Dex Doubles\n|rated|\n|rule|HP Percentage Mod: HP is shown in percentages\n|rule|Endless Battle Clause: Forcing endless battles is banned\n|rule|OHKO Clause: OHKO moves are banned\n|rule|Evasion Moves Clause: Evasion moves are banned\n|rule|Evasion Abilities Clause: Evasion abilities are banned\n|rule|Species Clause: Limit one of each Pok\u00e9mon\n|rule|Gravity Sleep Clause: The combination of sleep-inducing moves with imperfect accuracy and Gravity or Gigantamax Orbeetle are banned\n|clearpoke\n|poke|p1|Breloom, F|\n|poke|p1|Landorus-Therian, M|\n|poke|p1|Ogerpon-Wellspring, F|\n|poke|p1|Orthworm, F|\n|poke|p1|Grimmsnarl, M|\n|poke|p1|Sinistcha|\n|poke|p2|Venusaur, F|\n|poke|p2|Swampert, M|\n|poke|p2|Incineroar, M|\n|poke|p2|Jolteon, F|\n|poke|p2|Blaziken, M|\n|poke|p2|Amoonguss, M|\n|teampreview\n|\n|t:|1700702145\n|start\n|switch|p1a: Landorus|Landorus-Therian, M|100\/100\n|switch|p1b: Grimmsnarl|Grimmsnarl, M|100\/100\n|switch|p2a: Incineroar|Incineroar, M|100\/100\n|switch|p2b: Amoonguss|Amoonguss, M|100\/100\n|-ability|p1a: Landorus|Intimidate|boost\n|-unboost|p2a: Incineroar|atk|1\n|-unboost|p2b: Amoonguss|atk|1\n|turn|1\n|\n|t:|1700702184\n|move|p1b: Grimmsnarl|Light Screen|p1b: Grimmsnarl\n|-sidestart|p1: sheltrotsky|move: Light Screen\n|move|p1a: Landorus|Rock Slide|p2a: Incineroar|[spread] p2a,p2b\n|-supereffective|p2a: Incineroar\n|-damage|p2a: Incineroar|60\/100\n|-damage|p2b: Amoonguss|80\/100\n|move|p2a: Incineroar|Blaze Kick|p1a: Landorus\n|-damage|p1a: Landorus|74\/100\n|move|p2b: Amoonguss|Sludge Bomb|p1b: Grimmsnarl\n|-supereffective|p1b: Grimmsnarl\n|-damage|p1b: Grimmsnarl|67\/100\n|\n|-heal|p2b: Amoonguss|86\/100|[from] item: Leftovers\n|upkeep\n|turn|2\n|\n|t:|1700702210\n|move|p1b: Grimmsnarl|Reflect|p1b: Grimmsnarl\n|-sidestart|p1: sheltrotsky|Reflect\n|move|p1a: Landorus|Rock Slide|p2a: Incineroar|[spread] p2a,p2b\n|-supereffective|p2a: Incineroar\n|-damage|p2a: Incineroar|16\/100\n|-damage|p2b: Amoonguss|64\/100\n|move|p2a: Incineroar|Cross Chop|p1b: Grimmsnarl\n|-crit|p1b: Grimmsnarl\n|-damage|p1b: Grimmsnarl|23\/100\n|move|p2b: Amoonguss|Sludge Bomb|p1a: Landorus\n|-resisted|p1a: Landorus\n|-damage|p1a: Landorus|64\/100\n|\n|-heal|p2b: Amoonguss|70\/100|[from] item: Leftovers\n|upkeep\n|turn|3\n|\n|t:|1700702244\n|switch|p2a: Venusaur|Venusaur, F|100\/100\n|move|p1b: Grimmsnarl|Parting Shot|p2b: Amoonguss\n|-unboost|p2b: Amoonguss|atk|1\n|-unboost|p2b: Amoonguss|spa|1\n|\n|t:|1700702267\n|switch|p1b: Orthworm|Orthworm, F|100\/100|[from] Parting Shot\n|move|p1a: Landorus|Rock Slide|p2a: Venusaur|[spread] p2a\n|-miss|p1a: Landorus|p2b: Amoonguss\n|-damage|p2a: Venusaur|75\/100\n|move|p2b: Amoonguss|Sludge Bomb|p1b: Orthworm\n|-immune|p1b: Orthworm\n|\n|-heal|p2a: Venusaur|82\/100|[from] item: Leftovers\n|-heal|p2b: Amoonguss|76\/100|[from] item: Leftovers\n|upkeep\n|turn|4\n|\n|t:|1700702296\n|move|p1a: Landorus|Rock Slide|p2a: Venusaur|[spread] p2a,p2b\n|-damage|p2a: Venusaur|58\/100\n|-damage|p2b: Amoonguss|53\/100\n|cant|p2a: Venusaur|flinch\n|move|p1b: Orthworm|Shed Tail|p1b: Orthworm\n|-start|p1b: Orthworm|Substitute|[from] move: Shed Tail\n|-damage|p1b: Orthworm|50\/100\n|-enditem|p1b: Orthworm|Sitrus Berry|[eat]\n|-heal|p1b: Orthworm|75\/100|[from] item: Sitrus Berry\n|\n|t:|1700702307\n|switch|p1b: Ogerpon|Ogerpon-Wellspring, F|100\/100|[from] Shed Tail\n|move|p2b: Amoonguss|Confide|p1b: Ogerpon\n|-unboost|p1b: Ogerpon|spa|1\n|\n|-heal|p2a: Venusaur|64\/100|[from] item: Leftovers\n|-heal|p2b: Amoonguss|59\/100|[from] item: Leftovers\n|upkeep\n|turn|5\n|\n|t:|1700702330\n|move|p1a: Landorus|Rock Slide|p2b: Amoonguss|[spread] p2a,p2b\n|-damage|p2a: Venusaur|40\/100\n|-damage|p2b: Amoonguss|39\/100\n|move|p1b: Ogerpon|Swords Dance|p1b: Ogerpon\n|-boost|p1b: Ogerpon|atk|2\n|move|p2a: Venusaur|Giga Drain|p1a: Landorus\n|-damage|p1a: Landorus|36\/100\n|-heal|p2a: Venusaur|53\/100|[from] drain|[of] p1a: Landorus\n|move|p2b: Amoonguss|Confide|p1a: Landorus\n|-unboost|p1a: Landorus|spa|1\n|\n|-heal|p2a: Venusaur|59\/100|[from] item: Leftovers\n|-heal|p2b: Amoonguss|45\/100|[from] item: Leftovers\n|upkeep\n|turn|6\n|\n|t:|1700702361\n|move|p1a: Landorus|Rock Slide|p2a: Venusaur|[spread] p2a,p2b\n|-damage|p2a: Venusaur|37\/100\n|-damage|p2b: Amoonguss|22\/100\n|move|p1b: Ogerpon|Swords Dance|p1b: Ogerpon\n|-boost|p1b: Ogerpon|atk|2\n|move|p2a: Venusaur|Giga Drain|p1a: Landorus\n|-damage|p1a: Landorus|9\/100\n|-heal|p2a: Venusaur|50\/100|[from] drain|[of] p1a: Landorus\n|move|p2b: Amoonguss|Sludge Bomb|p1b: Ogerpon\n|-supereffective|p1b: Ogerpon\n|-end|p1b: Ogerpon|Substitute\n|\n|-heal|p2a: Venusaur|56\/100|[from] item: Leftovers\n|-heal|p2b: Amoonguss|28\/100|[from] item: Leftovers\n|upkeep\n|turn|7\n|\n|t:|1700702388\n|move|p1a: Landorus|Rock Slide|p2a: Venusaur|[spread] p2a,p2b\n|-damage|p2a: Venusaur|33\/100\n|-damage|p2b: Amoonguss|7\/100\n|move|p1b: Ogerpon|Ivy Cudgel|p2a: Venusaur|[anim] Ivy Cudgel Water\n|-resisted|p2a: Venusaur\n|-damage|p2a: Venusaur|0 fnt\n|faint|p2a: Venusaur\n|cant|p2b: Amoonguss|flinch\n|\n|-heal|p2b: Amoonguss|13\/100|[from] item: Leftovers\n|upkeep\n|\n|t:|1700702405\n|switch|p2a: Incineroar|Incineroar, M|16\/100\n|turn|8\n|\n|t:|1700702416\n|move|p1a: Landorus|Rock Slide|p2b: Amoonguss|[spread] p2a,p2b\n|-supereffective|p2a: Incineroar\n|-damage|p2a: Incineroar|0 fnt\n|-damage|p2b: Amoonguss|0 fnt\n|faint|p2a: Incineroar\n|faint|p2b: Amoonguss\n|move|p1b: Ogerpon|Swords Dance|p1b: Ogerpon\n|-boost|p1b: Ogerpon|atk|2\n|\n|-sideend|p1: sheltrotsky|move: Light Screen\n|upkeep\n|\n|t:|1700702429\n|switch|p2a: Blaziken|Blaziken, M|100\/100\n|switch|p2b: Swampert|Swampert, M|100\/100\n|turn|9\n|\n|t:|1700702455\n|-terastallize|p1b: Ogerpon|Water\n|detailschange|p1b: Ogerpon|Ogerpon-Wellspring-Tera, F, tera:Water\n|-ability|p1b: Ogerpon|Embody Aspect (Wellspring)|boost\n|-boost|p1b: Ogerpon|spd|1\n|move|p1a: Landorus|Rock Slide|p2a: Blaziken|[spread] p2b\n|-miss|p1a: Landorus|p2a: Blaziken\n|-resisted|p2b: Swampert\n|-damage|p2b: Swampert|91\/100\n|move|p1b: Ogerpon|Horn Leech|p2b: Swampert\n|-supereffective|p2b: Swampert\n|-damage|p2b: Swampert|0 fnt\n|faint|p2b: Swampert\n|move|p2a: Blaziken|Blaze Kick|p1a: Landorus\n|-damage|p1a: Landorus|0 fnt\n|faint|p1a: Landorus\n|\n|-sideend|p1: sheltrotsky|Reflect\n|upkeep\n|\n|t:|1700702479\n|switch|p1a: Breloom|Breloom, F|100\/100\n|switch|p2b: Jolteon|Jolteon, F|100\/100\n|turn|10\n|\n|t:|1700702496\n|move|p1b: Ogerpon|Ivy Cudgel|p2a: Blaziken|[anim] Ivy Cudgel Water\n|-supereffective|p2a: Blaziken\n|-damage|p2a: Blaziken|0 fnt\n|faint|p2a: Blaziken\n|move|p2b: Jolteon|Thunder|p1b: Ogerpon\n|-supereffective|p1b: Ogerpon\n|-damage|p1b: Ogerpon|26\/100\n|move|p1a: Breloom|Bullet Seed|p2b: Jolteon\n|-damage|p2b: Jolteon|77\/100\n|-damage|p2b: Jolteon|57\/100\n|-damage|p2b: Jolteon|34\/100\n|-hitcount|p2b: Jolteon|3\n|\n|-heal|p2b: Jolteon|40\/100|[from] item: Leftovers\n|upkeep\n|turn|11\n|\n|t:|1700702514\n|move|p1b: Ogerpon|Ivy Cudgel|p2b: Jolteon|[anim] Ivy Cudgel Water\n|-damage|p2b: Jolteon|0 fnt\n|faint|p2b: Jolteon\n|\n|win|sheltrotsky\n|raw|sheltrotsky's rating: 1153 &rarr; <strong>1168<\/strong><br \/>(+15 for winning)\n|raw|studios_galaxy's rating: 1004 &rarr; <strong>1000<\/strong><br \/>(-4 for losing)\n","uploadtime":1700702520,"views":6,"p1id":"sheltrotsky","p2id":"studiosgalaxy","formatid":"gen9nationaldexdoubles","rating":1000,"private":0,"password":""}