{"id":"gen9nationaldexdoubles-1965772706","p1":"peanut1999","p2":"AdvancedDigit","format":"[Gen 9] National Dex Doubles","log":"|j|\u2606peanut1999\n|j|\u2606AdvancedDigit\n|t:|1697118016\n|gametype|doubles\n|player|p1|peanut1999|169|1281\n|player|p2|AdvancedDigit|169|1190\n|teamsize|p1|6\n|teamsize|p2|6\n|gen|9\n|tier|[Gen 9] National Dex Doubles\n|rated|\n|rule|HP Percentage Mod: HP is shown in percentages\n|rule|Endless Battle Clause: Forcing endless battles is banned\n|rule|OHKO Clause: OHKO moves are banned\n|rule|Evasion Moves Clause: Evasion moves are banned\n|rule|Evasion Abilities Clause: Evasion abilities are banned\n|rule|Species Clause: Limit one of each Pok\u00e9mon\n|rule|Gravity Sleep Clause: The combination of sleep-inducing moves with imperfect accuracy and Gravity or Gigantamax Orbeetle are banned\n|clearpoke\n|poke|p1|Pelipper, M|\n|poke|p1|Palafin, M|\n|poke|p1|Volcanion|\n|poke|p1|Samurott-Hisui, F|\n|poke|p1|Gyarados, F|\n|poke|p1|Walking Wake|\n|poke|p2|Porygon-Z|\n|poke|p2|Grimmsnarl, M|\n|poke|p2|Maushold-Four|\n|poke|p2|Flutter Mane|\n|poke|p2|Mr. Mime, M|\n|poke|p2|Indeedee-F, F|\n|teampreview\n|\n|t:|1697118043\n|start\n|switch|p1a: Pelipper|Pelipper, M, shiny|100\/100\n|switch|p1b: Palafin|Palafin, M|100\/100\n|switch|p2a: Porygon-Z|Porygon-Z|100\/100\n|switch|p2b: Mr. Mime|Mr. Mime, M|100\/100\n|-weather|RainDance|[from] ability: Drizzle|[of] p1a: Pelipper\n|turn|1\n|\n|t:|1697118057\n|move|p2b: Mr. Mime|Fake Out|p1b: Palafin\n|-damage|p1b: Palafin|95\/100\n|move|p2a: Porygon-Z|Tri Attack|p1a: Pelipper\n|-damage|p1a: Pelipper|0 fnt\n|faint|p1a: Pelipper\n|cant|p1b: Palafin|flinch\n|\n|-weather|RainDance|[upkeep]\n|upkeep\n|\n|t:|1697118067\n|switch|p1a: Samurott|Samurott-Hisui, F, shiny|100\/100\n|turn|2\n|\n|t:|1697118072\n|move|p2b: Mr. Mime|Follow Me|p2b: Mr. Mime\n|-singleturn|p2b: Mr. Mime|move: Follow Me\n|move|p2a: Porygon-Z|Tri Attack|p1a: Samurott\n|-damage|p1a: Samurott|0 fnt\n|faint|p1a: Samurott\n|move|p1b: Palafin|Flip Turn|p2b: Mr. Mime\n|-damage|p2b: Mr. Mime|21\/100\n|-damage|p1b: Palafin|85\/100|[from] item: Life Orb\n|inactive|Battle timer is ON: inactive players will automatically lose when time's up. (requested by AdvancedDigit)\n|inactive|peanut1999 has 120 seconds left.\n|inactive|peanut1999 has 90 seconds left.\n|inactive|peanut1999 has 60 seconds left.\n|\n|t:|1697118212\n|detailschange|p1b: Palafin|Palafin-Hero, M\n|switch|p1b: Volcanion|Volcanion|100\/100|[from] Flip Turn\n|\n|-weather|RainDance|[upkeep]\n|-heal|p2b: Mr. Mime|27\/100|[from] item: Leftovers\n|upkeep\n|c|\u2606peanut1999|mb\n|inactive|peanut1999 has 120 seconds left.\n|\n|t:|1697118218\n|switch|p1a: Palafin|Palafin-Hero, M|85\/100\n|-activate|p1a: Palafin|ability: Zero to Hero\n|turn|3\n|\n|t:|1697118223\n|move|p2b: Mr. Mime|Follow Me|p2b: Mr. Mime\n|-singleturn|p2b: Mr. Mime|move: Follow Me\n|move|p2a: Porygon-Z|Tri Attack|p1a: Palafin\n|-damage|p1a: Palafin|10\/100\n|move|p1a: Palafin|Drain Punch|p2b: Mr. Mime\n|-resisted|p2b: Mr. Mime\n|-damage|p2b: Mr. Mime|8\/100\n|-heal|p1a: Palafin|17\/100|[from] drain|[of] p2b: Mr. Mime\n|-damage|p1a: Palafin|7\/100|[from] item: Life Orb\n|move|p1b: Volcanion|Earth Power|p2b: Mr. Mime\n|-damage|p2b: Mr. Mime|0 fnt\n|faint|p2b: Mr. Mime\n|\n|-weather|RainDance|[upkeep]\n|upkeep\n|\n|t:|1697118244\n|switch|p2b: Grimmsnarl|Grimmsnarl, M|100\/100\n|turn|4\n|\n|t:|1697118254\n|move|p2b: Grimmsnarl|Fake Out|p1a: Palafin\n|-damage|p1a: Palafin|0 fnt\n|faint|p1a: Palafin\n|move|p2a: Porygon-Z|Tri Attack|p1b: Volcanion\n|-damage|p1b: Volcanion|20\/100\n|-status|p1b: Volcanion|frz\n|cant|p1b: Volcanion|frz\n|\n|-weather|RainDance|[upkeep]\n|-heal|p1b: Volcanion|26\/100 frz|[from] item: Leftovers\n|upkeep\n|\n|t:|1697118257\n|switch|p1a: Walking Wake|Walking Wake|100\/100\n|-enditem|p1a: Walking Wake|Booster Energy\n|-activate|p1a: Walking Wake|ability: Protosynthesis|[fromitem]\n|-start|p1a: Walking Wake|protosynthesisspa\n|turn|5\n|\n|t:|1697118284\n|move|p2b: Grimmsnarl|Parting Shot|p1a: Walking Wake\n|-unboost|p1a: Walking Wake|atk|1\n|-unboost|p1a: Walking Wake|spa|1\n|\n|t:|1697118288\n|switch|p2b: Maushold|Maushold-Four|100\/100|[from] Parting Shot\n|move|p1a: Walking Wake|Hydro Steam|p2a: Porygon-Z\n|-damage|p2a: Porygon-Z|48\/100\n|move|p2a: Porygon-Z|Tri Attack|p1a: Walking Wake\n|-damage|p1a: Walking Wake|6\/100\n|-curestatus|p1b: Volcanion|frz|[from] move: Scald\n|move|p1b: Volcanion|Scald|p2a: Porygon-Z\n|-damage|p2a: Porygon-Z|0 fnt\n|faint|p2a: Porygon-Z\n|\n|-weather|none\n|-heal|p1b: Volcanion|32\/100|[from] item: Leftovers\n|upkeep\n|\n|t:|1697118301\n|switch|p2a: Indeedee|Indeedee-F, F|100\/100\n|-fieldstart|move: Psychic Terrain|[from] ability: Psychic Surge|[of] p2a: Indeedee\n|turn|6\n|inactive|AdvancedDigit has 120 seconds left.\n|\n|t:|1697118333\n|-terastallize|p1a: Walking Wake|Dragon\n|move|p2b: Maushold|Follow Me|p2b: Maushold\n|-singleturn|p2b: Maushold|move: Follow Me\n|move|p1a: Walking Wake|Tera Blast|p2b: Maushold|[anim] Tera Blast Dragon\n|-damage|p2b: Maushold|42\/100\n|move|p2a: Indeedee|Expanding Force|p1b: Volcanion|[spread] p1a,p1b\n|-damage|p1a: Walking Wake|0 fnt\n|-damage|p1b: Volcanion|0 fnt\n|faint|p1a: Walking Wake\n|-end|p1a: Walking Wake|Protosynthesis|[silent]\n|faint|p1b: Volcanion\n|\n|-heal|p2b: Maushold|48\/100|[from] item: Leftovers\n|upkeep\n|inactive|peanut1999 has 120 seconds left.\n|\n|t:|1697118353\n|switch|p1b: Gyarados|Gyarados, F, shiny|100\/100\n|-ability|p1b: Gyarados|Intimidate|boost\n|-unboost|p2a: Indeedee|atk|1\n|-unboost|p2b: Maushold|atk|1\n|turn|7\n|\n|t:|1697118366\n|detailschange|p1b: Gyarados|Gyarados-Mega, F, shiny\n|-mega|p1b: Gyarados|Gyarados|Gyaradosite\n|-ability|p1b: Gyarados|Mold Breaker\n|move|p2b: Maushold|Taunt|p1b: Gyarados\n|-start|p1b: Gyarados|move: Taunt\n|move|p2a: Indeedee|Charm|p1b: Gyarados\n|-unboost|p1b: Gyarados|atk|2\n|move|p1b: Gyarados|Crunch|p2a: Indeedee\n|-supereffective|p2a: Indeedee\n|-damage|p2a: Indeedee|32\/100\n|\n|-heal|p2b: Maushold|54\/100|[from] item: Leftovers\n|-heal|p2a: Indeedee|39\/100|[from] item: Leftovers\n|upkeep\n|turn|8\n|\n|t:|1697118378\n|move|p2b: Maushold|Thunder Wave|p1b: Gyarados\n|-status|p1b: Gyarados|par\n|move|p2a: Indeedee|Charm|p1b: Gyarados\n|-unboost|p1b: Gyarados|atk|2\n|move|p1b: Gyarados|Crunch|p2a: Indeedee\n|-supereffective|p2a: Indeedee\n|-damage|p2a: Indeedee|0 fnt\n|faint|p2a: Indeedee\n|\n|-heal|p2b: Maushold|60\/100|[from] item: Leftovers\n|upkeep\n|\n|t:|1697118380\n|switch|p2a: Flutter Mane|Flutter Mane|100\/100\n|turn|9\n|c|\u2606peanut1999|this si the best start you could come up with\n|\n|t:|1697118402\n|move|p2b: Maushold|Follow Me|p2b: Maushold\n|-singleturn|p2b: Maushold|move: Follow Me\n|move|p2a: Flutter Mane|Dazzling Gleam|p1b: Gyarados\n|-supereffective|p1b: Gyarados\n|-damage|p1b: Gyarados|24\/100 par\n|cant|p1b: Gyarados|par\n|\n|-heal|p2b: Maushold|66\/100|[from] item: Leftovers\n|-end|p1b: Gyarados|move: Taunt\n|upkeep\n|turn|10\n|c|\u2606peanut1999|really\n|c|\u2606AdvancedDigit|gott prevents the dragon dance\n|\n|t:|1697118425\n|move|p2a: Flutter Mane|Dazzling Gleam|p1b: Gyarados\n|-supereffective|p1b: Gyarados\n|-damage|p1b: Gyarados|0 fnt\n|faint|p1b: Gyarados\n|\n|win|AdvancedDigit\n|raw|peanut1999's rating: 1281 &rarr; <strong>1250<\/strong><br \/>(-31 for losing)\n|raw|AdvancedDigit's rating: 1190 &rarr; <strong>1221<\/strong><br \/>(+31 for winning)\n|c|\u2606AdvancedDigit|gg\n|c|\u2606peanut1999|not talking about that talking about follow me with one\n|c|\u2606peanut1999|gg tho\n|c|\u2606AdvancedDigit|ahh\n|l|\u2606peanut1999\n|c|\u2606AdvancedDigit|its spec adaptabiloty\n","uploadtime":1697118449,"views":9,"p1id":"peanut1999","p2id":"advanceddigit","formatid":"gen9nationaldexdoubles","rating":1221,"private":0,"password":""}