{"id":"gen9nationaldexdoubles-1962891491","p1":"Mayo_Naise_lol","p2":"Junky Dummy","format":"[Gen 9] National Dex Doubles","log":"|j|\u2606Mayo_Naise_lol\n|j|\u2606Junky Dummy\n|t:|1696802361\n|gametype|doubles\n|player|p1|Mayo_Naise_lol|harlequin|\n|player|p2|Junky Dummy|1|\n|teamsize|p1|6\n|teamsize|p2|6\n|gen|9\n|tier|[Gen 9] National Dex Doubles\n|rule|HP Percentage Mod: HP is shown in percentages\n|rule|Endless Battle Clause: Forcing endless battles is banned\n|rule|OHKO Clause: OHKO moves are banned\n|rule|Evasion Moves Clause: Evasion moves are banned\n|rule|Evasion Abilities Clause: Evasion abilities are banned\n|rule|Species Clause: Limit one of each Pok\u00e9mon\n|rule|Gravity Sleep Clause: The combination of sleep-inducing moves with imperfect accuracy and Gravity or Gigantamax Orbeetle are banned\n|clearpoke\n|poke|p1|Weezing, M|\n|poke|p1|Regigigas|\n|poke|p1|Tornadus, M|\n|poke|p1|Urshifu-*, F|\n|poke|p1|Regieleki|\n|poke|p1|Toedscruel, F|\n|poke|p2|Charizard, M|\n|poke|p2|Chi-Yu|\n|poke|p2|Flutter Mane|\n|poke|p2|Whimsicott, M|\n|poke|p2|Kingambit, M|\n|poke|p2|Landorus-Therian, M|\n|teampreview\n|inactive|Battle timer is ON: inactive players will automatically lose when time's up. (requested by Junky Dummy)\n|\n|t:|1696802399\n|start\n|switch|p1a: Let me win plz|Weezing, M|100\/100\n|switch|p1b: Idliketoliveplz|Toedscruel, F|100\/100\n|switch|p2a: Landorus|Landorus-Therian, M, shiny|100\/100\n|switch|p2b: Kingambit|Kingambit, M, shiny|100\/100\n|-ability|p1a: Let me win plz|Neutralizing Gas\n|turn|1\n|inactive|Junky Dummy has 270 seconds left.\n|inactive|Junky Dummy has 240 seconds left.\n|\n|t:|1696802460\n|switch|p2b: Whimsicott|Whimsicott, M, shiny|100\/100\n|move|p1b: Idliketoliveplz|Spore|p2a: Landorus\n|-status|p2a: Landorus|slp|[from] move: Spore\n|cant|p2a: Landorus|slp\n|move|p1a: Let me win plz|Will-O-Wisp|p2b: Whimsicott\n|-status|p2b: Whimsicott|brn\n|\n|-damage|p2b: Whimsicott|94\/100 brn|[from] brn\n|upkeep\n|turn|2\n|inactive|Junky Dummy has 240 seconds left.\n|inactive|Mayo_Naise_lol has 270 seconds left.\n|\n|t:|1696802494\n|switch|p1b: Peak|Regigigas|100\/100\n|move|p2b: Whimsicott|Encore||[still]\n|-fail|p2b: Whimsicott\n|cant|p2a: Landorus|slp\n|move|p1a: Let me win plz|Sludge Bomb|p2b: Whimsicott\n|-supereffective|p2b: Whimsicott\n|-damage|p2b: Whimsicott|0 fnt\n|faint|p2b: Whimsicott\n|\n|upkeep\n|inactive|Junky Dummy has 240 seconds left.\n|\n|t:|1696802517\n|switch|p2b: Kingambit|Kingambit, M, shiny|100\/100\n|turn|3\n|inactive|Junky Dummy has 240 seconds left.\n|\n|t:|1696802532\n|move|p1b: Peak|Ice Punch|p2a: Landorus\n|-supereffective|p2a: Landorus\n|-damage|p2a: Landorus|0 fnt\n|faint|p2a: Landorus\n|-damage|p1b: Peak|91\/100|[from] item: Life Orb\n|move|p1a: Let me win plz|Will-O-Wisp|p2b: Kingambit\n|-status|p2b: Kingambit|brn\n|move|p2b: Kingambit|Low Kick|p1b: Peak\n|-supereffective|p1b: Peak\n|-damage|p1b: Peak|48\/100\n|\n|-damage|p2b: Kingambit|94\/100 brn|[from] brn\n|upkeep\n|inactive|Junky Dummy has 240 seconds left.\n|\n|t:|1696802545\n|switch|p2a: Flutter Mane|Flutter Mane|100\/100\n|turn|4\n|\n|t:|1696802558\n|move|p1a: Let me win plz|Protect|p1a: Let me win plz\n|-singleturn|p1a: Let me win plz|Protect\n|move|p2a: Flutter Mane|Icy Wind|p1b: Peak|[spread] p1b\n|-activate|p1a: Let me win plz|move: Protect\n|-damage|p1b: Peak|30\/100\n|-unboost|p1b: Peak|spe|1\n|move|p1b: Peak|Drain Punch|p2b: Kingambit\n|-supereffective|p2b: Kingambit\n|-damage|p2b: Kingambit|0 fnt\n|-heal|p1b: Peak|83\/100|[from] drain|[of] p2b: Kingambit\n|faint|p2b: Kingambit\n|-damage|p1b: Peak|73\/100|[from] item: Life Orb\n|\n|upkeep\n|\n|t:|1696802571\n|switch|p2b: Chi-Yu|Chi-Yu|100\/100\n|turn|5\n|inactive|Mayo_Naise_lol has 270 seconds left.\n|\n|t:|1696802604\n|move|p2a: Flutter Mane|Icy Wind|p1b: Peak|[spread] p1a,p1b\n|-damage|p1a: Let me win plz|72\/100\n|-damage|p1b: Peak|55\/100\n|-unboost|p1a: Let me win plz|spe|1\n|-unboost|p1b: Peak|spe|1\n|move|p2b: Chi-Yu|Heat Wave|p1a: Let me win plz|[spread] p1a,p1b\n|-damage|p1a: Let me win plz|21\/100\n|-damage|p1b: Peak|19\/100\n|move|p1b: Peak|Drain Punch|p2b: Chi-Yu\n|-supereffective|p2b: Chi-Yu\n|-enditem|p2b: Chi-Yu|Focus Sash\n|-damage|p2b: Chi-Yu|1\/100\n|-heal|p1b: Peak|54\/100|[from] drain|[of] p2b: Chi-Yu\n|-damage|p1b: Peak|44\/100|[from] item: Life Orb\n|move|p1a: Let me win plz|Sludge Bomb|p2a: Flutter Mane\n|-damage|p2a: Flutter Mane|76\/100\n|\n|-heal|p1a: Let me win plz|27\/100|[from] item: Leftovers\n|upkeep\n|turn|6\n|inactive|Junky Dummy has 270 seconds left.\n|inactive|Mayo_Naise_lol has 270 seconds left.\n|\n|t:|1696802642\n|-end|p1b: Peak|Slow Start|[silent]\n|switch|p1b: Tornadus|Tornadus, M|100\/100\n|move|p1a: Let me win plz|Protect|p1a: Let me win plz\n|-singleturn|p1a: Let me win plz|Protect\n|move|p2a: Flutter Mane|Icy Wind|p1a: Let me win plz|[spread] p1b\n|-activate|p1a: Let me win plz|move: Protect\n|-supereffective|p1b: Tornadus\n|-damage|p1b: Tornadus|57\/100\n|-unboost|p1b: Tornadus|spe|1\n|move|p2b: Chi-Yu|Heat Wave|p1b: Tornadus|[spread] p1b\n|-activate|p1a: Let me win plz|move: Protect\n|-damage|p1b: Tornadus|17\/100\n|\n|-heal|p1a: Let me win plz|33\/100|[from] item: Leftovers\n|upkeep\n|turn|7\n|inactive|Mayo_Naise_lol has 270 seconds left.\n|\n|t:|1696802669\n|move|p2a: Flutter Mane|Icy Wind|p1a: Let me win plz|[spread] p1a,p1b\n|-supereffective|p1b: Tornadus\n|-damage|p1a: Let me win plz|6\/100\n|-damage|p1b: Tornadus|0 fnt\n|-unboost|p1a: Let me win plz|spe|1\n|faint|p1b: Tornadus\n|move|p2b: Chi-Yu|Heat Wave|p1a: Let me win plz\n|-damage|p1a: Let me win plz|0 fnt\n|faint|p1a: Let me win plz\n|-end|p1a: Let me win plz|ability: Neutralizing Gas\n|-ability|p2b: Chi-Yu|Beads of Ruin\n|\n|upkeep\n|\n|t:|1696802675\n|switch|p1b: Urshifu|Urshifu-Rapid-Strike, F|100\/100\n|switch|p1a: Least regi|Regieleki|100\/100\n|turn|8\n|\n|t:|1696802688\n|move|p2b: Chi-Yu|Protect|p2b: Chi-Yu\n|-singleturn|p2b: Chi-Yu|Protect\n|move|p1a: Least regi|Electroweb|p2b: Chi-Yu|[spread] p2a\n|-activate|p2b: Chi-Yu|move: Protect\n|-damage|p2a: Flutter Mane|44\/100\n|-unboost|p2a: Flutter Mane|spe|1\n|move|p1b: Urshifu|Surging Strikes|p2a: Flutter Mane\n|-crit|p2a: Flutter Mane\n|-damage|p2a: Flutter Mane|8\/100\n|-crit|p2a: Flutter Mane\n|-damage|p2a: Flutter Mane|0 fnt\n|faint|p2a: Flutter Mane\n|-end|p2a: Flutter Mane|Protosynthesis|[silent]\n|-hitcount|p2: Flutter Mane|2\n|\n|upkeep\n|\n|t:|1696802698\n|switch|p2a: Charizard|Charizard, M, shiny|100\/100\n|turn|9\n|\n|t:|1696802708\n|detailschange|p2a: Charizard|Charizard-Mega-Y, M, shiny\n|-mega|p2a: Charizard|Charizard|Charizardite Y\n|-weather|SunnyDay|[from] ability: Drought|[of] p2a: Charizard\n|move|p1a: Least regi|Electroweb|p2a: Charizard|[spread] p2a,p2b\n|-supereffective|p2a: Charizard\n|-damage|p2a: Charizard|37\/100\n|-damage|p2b: Chi-Yu|0 fnt\n|-unboost|p2a: Charizard|spe|1\n|faint|p2b: Chi-Yu\n|move|p1b: Urshifu|Surging Strikes|p2a: Charizard\n|-supereffective|p2a: Charizard\n|-crit|p2a: Charizard\n|-damage|p2a: Charizard|12\/100\n|-supereffective|p2a: Charizard\n|-crit|p2a: Charizard\n|-damage|p2a: Charizard|0 fnt\n|faint|p2a: Charizard\n|-hitcount|p2: Charizard|2\n|\n|win|Mayo_Naise_lol\n|l|\u2606Junky Dummy\n","uploadtime":1696802730,"views":12,"p1id":"mayonaiselol","p2id":"junkydummy","formatid":"gen9nationaldexdoubles","rating":0,"private":0,"password":""}