{"id":"gen9nationaldexdoubles-1983886626","p1":"CoffeeDrummer","p2":"sshnc","format":"[Gen 9] National Dex Doubles","log":"|j|\u2606CoffeeDrummer\n|j|\u203dsshnc\n|t:|1699196216\n|gametype|doubles\n|player|p1|CoffeeDrummer|bugcatcher-gen4dp|1051\n|player|p2|sshnc|101|1272\n|teamsize|p1|6\n|teamsize|p2|6\n|gen|9\n|tier|[Gen 9] National Dex Doubles\n|rated|\n|rule|HP Percentage Mod: HP is shown in percentages\n|rule|Endless Battle Clause: Forcing endless battles is banned\n|rule|OHKO Clause: OHKO moves are banned\n|rule|Evasion Moves Clause: Evasion moves are banned\n|rule|Evasion Abilities Clause: Evasion abilities are banned\n|rule|Species Clause: Limit one of each Pok\u00e9mon\n|rule|Gravity Sleep Clause: The combination of sleep-inducing moves with imperfect accuracy and Gravity or Gigantamax Orbeetle are banned\n|clearpoke\n|poke|p1|Golisopod, F|\n|poke|p1|Volcarona, F|\n|poke|p1|Frosmoth, F|\n|poke|p1|Illumise, F|\n|poke|p1|Tapu Koko|\n|poke|p1|Landorus-Therian, M|\n|poke|p2|Flutter Mane|\n|poke|p2|Chi-Yu|\n|poke|p2|Charizard, M|\n|poke|p2|Ogerpon-Hearthflame, F|\n|poke|p2|Kingambit, M|\n|poke|p2|Heatran, M|\n|teampreview\n|\n|t:|1699196236\n|start\n|switch|p1a: Landorus|Landorus-Therian, M|100\/100\n|switch|p1b: Frosmoth|Frosmoth, F|100\/100\n|switch|p2a: Charizard|Charizard, M|100\/100\n|switch|p2b: Chi-Yu|Chi-Yu|100\/100\n|-ability|p1a: Landorus|Intimidate|boost\n|-unboost|p2a: Charizard|atk|1\n|-unboost|p2b: Chi-Yu|atk|1\n|-ability|p2b: Chi-Yu|Beads of Ruin\n|turn|1\n|\n|t:|1699196245\n|detailschange|p2a: Charizard|Charizard-Mega-Y, M\n|-mega|p2a: Charizard|Charizard|Charizardite Y\n|-weather|SunnyDay|[from] ability: Drought|[of] p2a: Charizard\n|move|p1b: Frosmoth|Wide Guard|p1b: Frosmoth\n|-singleturn|p1b: Frosmoth|Wide Guard\n|move|p1a: Landorus|Stone Edge|p2a: Charizard\n|-supereffective|p2a: Charizard\n|-damage|p2a: Charizard|0 fnt\n|faint|p2a: Charizard\n|move|p2b: Chi-Yu|Heat Wave|p1a: Landorus|[spread] \n|-activate|p1a: Landorus|move: Wide Guard\n|-activate|p1b: Frosmoth|move: Wide Guard\n|\n|-weather|SunnyDay|[upkeep]\n|upkeep\n|\n|t:|1699196259\n|switch|p2a: Heatran|Heatran, M|100\/100\n|turn|2\n|\n|t:|1699196266\n|move|p1b: Frosmoth|Wide Guard|p1b: Frosmoth\n|-singleturn|p1b: Frosmoth|Wide Guard\n|move|p1a: Landorus|Stone Edge|p2b: Chi-Yu|[miss]\n|-miss|p1a: Landorus|p2b: Chi-Yu\n|move|p2b: Chi-Yu|Heat Wave|p1b: Frosmoth|[spread] \n|-activate|p1a: Landorus|move: Wide Guard\n|-activate|p1b: Frosmoth|move: Wide Guard\n|move|p2a: Heatran|Fire Blast|p1a: Landorus|[miss]\n|-miss|p2a: Heatran|p1a: Landorus\n|\n|-weather|SunnyDay|[upkeep]\n|upkeep\n|turn|3\n|\n|t:|1699196282\n|switch|p2b: Kingambit|Kingambit, M|100\/100\n|move|p1b: Frosmoth|Wide Guard|p1b: Frosmoth\n|-singleturn|p1b: Frosmoth|Wide Guard\n|move|p1a: Landorus|Stone Edge|p2b: Kingambit\n|-resisted|p2b: Kingambit\n|-damage|p2b: Kingambit|88\/100\n|move|p2a: Heatran|Fire Blast|p1a: Landorus|[miss]\n|-miss|p2a: Heatran|p1a: Landorus\n|\n|-weather|SunnyDay|[upkeep]\n|upkeep\n|turn|4\n|\n|t:|1699196322\n|switch|p1a: Volcarona|Volcarona, F|100\/100\n|switch|p1b: Golisopod|Golisopod, F|100\/100\n|move|p2a: Heatran|Fire Blast|p1a: Volcarona\n|-damage|p1a: Volcarona|10\/100\n|move|p2b: Kingambit|Swords Dance|p2b: Kingambit\n|-boost|p2b: Kingambit|atk|2\n|\n|-weather|SunnyDay|[upkeep]\n|upkeep\n|turn|5\n|\n|t:|1699196344\n|move|p2a: Heatran|Fire Blast|p1a: Volcarona\n|-damage|p1a: Volcarona|0 fnt\n|faint|p1a: Volcarona\n|move|p1b: Golisopod|Spikes|p2b: Kingambit\n|-sidestart|p2: sshnc|Spikes\n|move|p2b: Kingambit|Knock Off|p1b: Golisopod\n|-damage|p1b: Golisopod|1\/100\n|-enditem|p1b: Golisopod|Heavy-Duty Boots|[from] move: Knock Off|[of] p2b: Kingambit\n|-activate|p1b: Golisopod|ability: Emergency Exit\n|\n|t:|1699196354\n|switch|p1b: Illumise|Illumise, F|100\/100\n|\n|-weather|none\n|upkeep\n|\n|t:|1699196359\n|switch|p1a: Tapu Koko|Tapu Koko|100\/100\n|turn|6\n|\n|t:|1699196379\n|move|p1b: Illumise|Fake Tears|p2a: Heatran\n|-unboost|p2a: Heatran|spd|2\n|move|p2b: Kingambit|Sucker Punch|p1a: Tapu Koko\n|-resisted|p1a: Tapu Koko\n|-damage|p1a: Tapu Koko|27\/100\n|move|p2a: Heatran|Fire Blast|p1a: Tapu Koko\n|-damage|p1a: Tapu Koko|0 fnt\n|faint|p1a: Tapu Koko\n|\n|upkeep\n|\n|t:|1699196389\n|switch|p1a: Landorus|Landorus-Therian, M|100\/100\n|-ability|p1a: Landorus|Intimidate|boost\n|-unboost|p2a: Heatran|atk|1\n|-unboost|p2b: Kingambit|atk|1\n|-ability|p2b: Kingambit|Defiant|boost\n|-boost|p2b: Kingambit|atk|2\n|turn|7\n|\n|t:|1699196398\n|-terastallize|p2b: Kingambit|Dark\n|move|p1b: Illumise|Tailwind|p1b: Illumise\n|-sidestart|p1: CoffeeDrummer|move: Tailwind\n|move|p2b: Kingambit|Sucker Punch|p1a: Landorus\n|-damage|p1a: Landorus|0 fnt\n|faint|p1a: Landorus\n|move|p2a: Heatran|Fire Blast|p1b: Illumise|[miss]\n|-miss|p2a: Heatran|p1b: Illumise\n|\n|upkeep\n|\n|t:|1699196408\n|switch|p1a: Golisopod|Golisopod, F|1\/100\n|turn|8\n|-message|CoffeeDrummer forfeited.\n|\n|win|sshnc\n|raw|CoffeeDrummer's rating: 1051 &rarr; <strong>1043<\/strong><br \/>(-8 for losing)\n|raw|sshnc's rating: 1272 &rarr; <strong>1283<\/strong><br \/>(+11 for winning)\n|l|\u2606CoffeeDrummer\n","uploadtime":1699196424,"views":8,"p1id":"coffeedrummer","p2id":"sshnc","formatid":"gen9nationaldexdoubles","rating":1043,"private":0,"password":""}