{"id":"gen9nationaldexdoubles-1983718384","p1":"TheBosses27","p2":"Kurususilver11","format":"[Gen 9] National Dex Doubles","log":"|j|\u2606TheBosses27\n|j|\u2606Kurususilver11\n|t:|1699166611\n|gametype|doubles\n|player|p1|TheBosses27|bruno|1121\n|player|p2|Kurususilver11|266|1199\n|teamsize|p1|6\n|teamsize|p2|6\n|gen|9\n|tier|[Gen 9] National Dex Doubles\n|rated|\n|rule|HP Percentage Mod: HP is shown in percentages\n|rule|Endless Battle Clause: Forcing endless battles is banned\n|rule|OHKO Clause: OHKO moves are banned\n|rule|Evasion Moves Clause: Evasion moves are banned\n|rule|Evasion Abilities Clause: Evasion abilities are banned\n|rule|Species Clause: Limit one of each Pok\u00e9mon\n|rule|Gravity Sleep Clause: The combination of sleep-inducing moves with imperfect accuracy and Gravity or Gigantamax Orbeetle are banned\n|clearpoke\n|poke|p1|Gothitelle, M|\n|poke|p1|Garganacl, M|\n|poke|p1|Flutter Mane|\n|poke|p1|Sinistcha|\n|poke|p1|Amoonguss, F|\n|poke|p1|Politoed, M|\n|poke|p2|Diancie|\n|poke|p2|Eevee, F|\n|poke|p2|Flutter Mane|\n|poke|p2|Cresselia, F|\n|poke|p2|Indeedee-F, F|\n|poke|p2|Iron Bundle|\n|teampreview\n|inactive|Battle timer is ON: inactive players will automatically lose when time's up. (requested by TheBosses27)\n|\n|t:|1699166626\n|start\n|switch|p1a: Amoonguss|Amoonguss, F|100\/100\n|switch|p1b: Politoed|Politoed, M|100\/100\n|switch|p2a: Eevee|Eevee, F, shiny|100\/100\n|switch|p2b: Indeedee|Indeedee-F, F, shiny|100\/100\n|-fieldstart|move: Psychic Terrain|[from] ability: Psychic Surge|[of] p2b: Indeedee\n|-weather|RainDance|[from] ability: Drizzle|[of] p1b: Politoed\n|turn|1\n|\n|t:|1699166640\n|move|p2b: Indeedee|Follow Me|p2b: Indeedee\n|-singleturn|p2b: Indeedee|move: Follow Me\n|move|p1b: Politoed|Perish Song|p1b: Politoed\n|-start|p1a: Amoonguss|perish3|[silent]\n|-start|p1b: Politoed|perish3|[silent]\n|-start|p2a: Eevee|perish3|[silent]\n|-start|p2b: Indeedee|perish3|[silent]\n|-fieldactivate|move: Perish Song\n|-zpower|p2a: Eevee\n|move|p2a: Eevee|Extreme Evoboost|p2a: Eevee\n|-boost|p2a: Eevee|atk|2\n|-boost|p2a: Eevee|def|2\n|-boost|p2a: Eevee|spa|2\n|-boost|p2a: Eevee|spd|2\n|-boost|p2a: Eevee|spe|2\n|move|p1a: Amoonguss|Spore|p2b: Indeedee\n|-status|p2b: Indeedee|slp|[from] move: Spore\n|\n|-weather|RainDance|[upkeep]\n|-start|p2a: Eevee|perish3\n|-start|p2b: Indeedee|perish3\n|-start|p1b: Politoed|perish3\n|-start|p1a: Amoonguss|perish3\n|upkeep\n|turn|2\n|\n|t:|1699166664\n|switch|p2b: Cresselia|Cresselia, F|100\/100\n|move|p2a: Eevee|Detect|p2a: Eevee\n|-singleturn|p2a: Eevee|Protect\n|move|p1b: Politoed|Perish Song|p1b: Politoed\n|-start|p2b: Cresselia|perish3|[silent]\n|-fieldactivate|move: Perish Song\n|move|p1a: Amoonguss|Spore|p2a: Eevee\n|-activate|p2a: Eevee|move: Protect\n|\n|-weather|RainDance|[upkeep]\n|-start|p2a: Eevee|perish2\n|-start|p2b: Cresselia|perish3\n|-start|p1b: Politoed|perish2\n|-start|p1a: Amoonguss|perish2\n|upkeep\n|turn|3\n|inactive|Kurususilver11 has 120 seconds left.\n|\n|t:|1699166695\n|switch|p1a: Gothitelle|Gothitelle, M|100\/100\n|move|p2a: Eevee|Return|p1b: Politoed\n|-damage|p1b: Politoed|54\/100\n|move|p2b: Cresselia|Lunar Blessing||[still]|[spread] \n|-fail|p2b: Cresselia\n|move|p1b: Politoed|Perish Song|p1b: Politoed\n|-start|p1a: Gothitelle|perish3|[silent]\n|-fieldactivate|move: Perish Song\n|\n|-weather|RainDance|[upkeep]\n|-start|p2a: Eevee|perish1\n|-start|p2b: Cresselia|perish2\n|-start|p1a: Gothitelle|perish3\n|-start|p1b: Politoed|perish1\n|upkeep\n|turn|4\n|inactive|Kurususilver11 has 120 seconds left.\n|\n|t:|1699166725\n|switch|p1b: Flutter Mane|Flutter Mane|100\/100\n|move|p1a: Gothitelle|Protect|p1a: Gothitelle\n|-singleturn|p1a: Gothitelle|Protect\n|move|p2a: Eevee|Return|p1b: Flutter Mane\n|-immune|p1b: Flutter Mane\n|move|p2b: Cresselia|Lunar Blessing||[still]|[spread] \n|-fail|p2b: Cresselia\n|\n|-weather|RainDance|[upkeep]\n|-start|p2a: Eevee|perish0\n|-start|p2b: Cresselia|perish1\n|faint|p2a: Eevee\n|-start|p1a: Gothitelle|perish2\n|upkeep\n|\n|t:|1699166738\n|switch|p2a: Hard Candy|Diancie, shiny|100\/100\n|turn|5\n|inactive|Kurususilver11 has 120 seconds left.\n|\n|t:|1699166755\n|switch|p1a: Sinistcha|Sinistcha|100\/100\n|detailschange|p2a: Hard Candy|Diancie-Mega, shiny\n|-mega|p2a: Hard Candy|Diancie|Diancite\n|move|p2a: Hard Candy|Protect|p2a: Hard Candy\n|-singleturn|p2a: Hard Candy|Protect\n|move|p1b: Flutter Mane|Protect|p1b: Flutter Mane\n|-singleturn|p1b: Flutter Mane|Protect\n|move|p2b: Cresselia|Reflect|p2b: Cresselia\n|-sidestart|p2: Kurususilver11|Reflect\n|\n|-weather|none\n|-start|p2b: Cresselia|perish0\n|faint|p2b: Cresselia\n|-fieldend|move: Psychic Terrain\n|upkeep\n|inactive|Kurususilver11 has 120 seconds left.\n|\n|t:|1699166774\n|switch|p2b: Para|Flutter Mane|100\/100\n|-enditem|p2b: Para|Booster Energy\n|-activate|p2b: Para|ability: Protosynthesis|[fromitem]\n|-start|p2b: Para|protosynthesisspe\n|turn|6\n|inactive|Kurususilver11 has 120 seconds left.\n|\n|t:|1699166796\n|-terastallize|p2b: Para|Fairy\n|move|p1a: Sinistcha|Rage Powder|p1a: Sinistcha\n|-singleturn|p1a: Sinistcha|move: Rage Powder\n|move|p2b: Para|Shadow Ball|p1a: Sinistcha\n|-supereffective|p1a: Sinistcha\n|-damage|p1a: Sinistcha|27\/100\n|move|p2a: Hard Candy|Diamond Storm|p1b: Flutter Mane|[spread] p1a,p1b\n|-damage|p1a: Sinistcha|0 fnt\n|-damage|p1b: Flutter Mane|56\/100\n|faint|p1a: Sinistcha\n|move|p1b: Flutter Mane|Perish Song|p1b: Flutter Mane\n|-start|p1b: Flutter Mane|perish3|[silent]\n|-start|p2a: Hard Candy|perish3|[silent]\n|-start|p2b: Para|perish3|[silent]\n|-fieldactivate|move: Perish Song\n|\n|-start|p2b: Para|perish3\n|-start|p2a: Hard Candy|perish3\n|-start|p1b: Flutter Mane|perish3\n|upkeep\n|\n|t:|1699166801\n|switch|p1a: Gothitelle|Gothitelle, M|100\/100\n|turn|7\n|\n|t:|1699166829\n|-end|p1b: Flutter Mane|Protosynthesis|[silent]\n|switch|p1b: Amoonguss|Amoonguss, F|100\/100\n|move|p1a: Gothitelle|Protect|p1a: Gothitelle\n|-singleturn|p1a: Gothitelle|Protect\n|move|p2b: Para|Shadow Ball|p1a: Gothitelle\n|-activate|p1a: Gothitelle|move: Protect\n|move|p2a: Hard Candy|Dazzling Gleam|p1b: Amoonguss|[spread] p1b\n|-activate|p1a: Gothitelle|move: Protect\n|-resisted|p1b: Amoonguss\n|-damage|p1b: Amoonguss|89\/100\n|\n|-heal|p1b: Amoonguss|95\/100|[from] item: Black Sludge\n|-start|p2b: Para|perish2\n|-start|p2a: Hard Candy|perish2\n|upkeep\n|turn|8\n|\n|t:|1699166848\n|move|p1b: Amoonguss|Rage Powder|p1b: Amoonguss\n|-singleturn|p1b: Amoonguss|move: Rage Powder\n|move|p2b: Para|Shadow Ball|p1b: Amoonguss\n|-damage|p1b: Amoonguss|65\/100\n|move|p2a: Hard Candy|Dazzling Gleam|p1b: Amoonguss|[spread] p1a,p1b\n|-resisted|p1b: Amoonguss\n|-damage|p1a: Gothitelle|68\/100\n|-damage|p1b: Amoonguss|52\/100\n|move|p1a: Gothitelle|Heal Pulse|p1b: Amoonguss\n|-heal|p1b: Amoonguss|100\/100\n|\n|-heal|p1a: Gothitelle|74\/100|[from] item: Leftovers\n|-start|p2b: Para|perish1\n|-start|p2a: Hard Candy|perish1\n|upkeep\n|turn|9\n|inactive|Kurususilver11 has 120 seconds left.\n|\n|t:|1699166881\n|move|p2b: Para|Shadow Ball|p1a: Gothitelle\n|-supereffective|p1a: Gothitelle\n|-damage|p1a: Gothitelle|0 fnt\n|faint|p1a: Gothitelle\n|move|p2a: Hard Candy|Dazzling Gleam|p1b: Amoonguss\n|-resisted|p1b: Amoonguss\n|-damage|p1b: Amoonguss|85\/100\n|move|p1b: Amoonguss|Spore|p2b: Para\n|-status|p2b: Para|slp|[from] move: Spore\n|\n|-heal|p1b: Amoonguss|91\/100|[from] item: Black Sludge\n|-start|p2b: Para|perish0\n|-start|p2a: Hard Candy|perish0\n|-sideend|p2: Kurususilver11|Reflect\n|upkeep\n|faint|p2b: Para\n|-end|p2b: Para|Protosynthesis|[silent]\n|faint|p2a: Hard Candy\n|\n|t:|1699166894\n|switch|p2b: Silver Deli|Iron Bundle, shiny|100\/100\n|switch|p2a: Indeedee|Indeedee-F, F, shiny|100\/100 slp\n|switch|p1a: Politoed|Politoed, M|54\/100\n|-fieldstart|move: Psychic Terrain|[from] ability: Psychic Surge|[of] p2a: Indeedee\n|-weather|RainDance|[from] ability: Drizzle|[of] p1a: Politoed\n|-enditem|p2b: Silver Deli|Booster Energy\n|-activate|p2b: Silver Deli|ability: Quark Drive|[fromitem]\n|-start|p2b: Silver Deli|quarkdrivespe\n|turn|10\n|\n|t:|1699166911\n|move|p1b: Amoonguss|Rage Powder|p1b: Amoonguss\n|-singleturn|p1b: Amoonguss|move: Rage Powder\n|move|p2b: Silver Deli|Freeze-Dry|p1b: Amoonguss\n|-supereffective|p1b: Amoonguss\n|-damage|p1b: Amoonguss|45\/100\n|cant|p2a: Indeedee|slp\n|move|p1a: Politoed|Perish Song|p1a: Politoed\n|-start|p1a: Politoed|perish3|[silent]\n|-start|p1b: Amoonguss|perish3|[silent]\n|-start|p2a: Indeedee|perish3|[silent]\n|-start|p2b: Silver Deli|perish3|[silent]\n|-fieldactivate|move: Perish Song\n|\n|-weather|RainDance|[upkeep]\n|-heal|p1b: Amoonguss|51\/100|[from] item: Black Sludge\n|-start|p2b: Silver Deli|perish3\n|-start|p2a: Indeedee|perish3\n|-start|p1a: Politoed|perish3\n|-start|p1b: Amoonguss|perish3\n|upkeep\n|turn|11\n|\n|t:|1699166927\n|move|p1a: Politoed|Protect|p1a: Politoed\n|-singleturn|p1a: Politoed|Protect\n|move|p2b: Silver Deli|Freeze-Dry|p1b: Amoonguss\n|-supereffective|p1b: Amoonguss\n|-damage|p1b: Amoonguss|2\/100\n|cant|p2a: Indeedee|slp\n|move|p1b: Amoonguss|Spore|p2b: Silver Deli\n|-status|p2b: Silver Deli|slp|[from] move: Spore\n|\n|-weather|RainDance|[upkeep]\n|-heal|p1b: Amoonguss|8\/100|[from] item: Black Sludge\n|-start|p2b: Silver Deli|perish2\n|-start|p2a: Indeedee|perish2\n|-start|p1a: Politoed|perish2\n|-start|p1b: Amoonguss|perish2\n|upkeep\n|turn|12\n|-message|Kurususilver11 forfeited.\n|\n|win|TheBosses27\n|raw|TheBosses27's rating: 1121 &rarr; <strong>1152<\/strong><br \/>(+31 for winning)\n|raw|Kurususilver11's rating: 1199 &rarr; <strong>1168<\/strong><br \/>(-31 for losing)\n|l|\u2606Kurususilver11\n","uploadtime":1699166943,"views":4,"p1id":"thebosses27","p2id":"kurususilver11","formatid":"gen9nationaldexdoubles","rating":1152,"private":0,"password":""}