{"id":"gen9nationaldexdoubles-1989664569","p1":"dean44","p2":"kngofducks123","format":"[Gen 9] National Dex Doubles","log":"|j|\u2606dean44\n|j|\u2606kngofducks123\n|t:|1699884699\n|gametype|doubles\n|player|p1|dean44|2|1076\n|player|p2|kngofducks123|2|1000\n|teamsize|p1|6\n|teamsize|p2|6\n|gen|9\n|tier|[Gen 9] National Dex Doubles\n|rated|\n|rule|HP Percentage Mod: HP is shown in percentages\n|rule|Endless Battle Clause: Forcing endless battles is banned\n|rule|OHKO Clause: OHKO moves are banned\n|rule|Evasion Moves Clause: Evasion moves are banned\n|rule|Evasion Abilities Clause: Evasion abilities are banned\n|rule|Species Clause: Limit one of each Pok\u00e9mon\n|rule|Gravity Sleep Clause: The combination of sleep-inducing moves with imperfect accuracy and Gravity or Gigantamax Orbeetle are banned\n|clearpoke\n|poke|p1|Malamar, F|\n|poke|p1|Klefki, F|\n|poke|p1|Grapploct, F|\n|poke|p1|Hatterene, F|\n|poke|p1|Garganacl, M|\n|poke|p1|Tsareena, F|\n|poke|p2|Zapdos|\n|poke|p2|Garchomp, F|\n|poke|p2|Iron Bundle|\n|poke|p2|Tornadus, M|\n|poke|p2|Heatran, F|\n|poke|p2|Iron Hands|\n|teampreview\n|inactive|Battle timer is ON: inactive players will automatically lose when time's up. (requested by kngofducks123)\n|\n|t:|1699884706\n|start\n|switch|p1a: Malamar|Malamar, F|100\/100\n|switch|p1b: Klefki|Klefki, F|100\/100\n|switch|p2a: Iron Bundle|Iron Bundle|100\/100\n|switch|p2b: Tornadus|Tornadus, M|100\/100\n|turn|1\n|\n|t:|1699884733\n|move|p2b: Tornadus|Tailwind|p2b: Tornadus\n|-sidestart|p2: kngofducks123|move: Tailwind\n|move|p2a: Iron Bundle|Flip Turn|p1b: Klefki\n|-damage|p1b: Klefki|86\/100\n|\n|t:|1699884741\n|-end|p2a: Iron Bundle|Quark Drive|[silent]\n|switch|p2a: Zapdos|Zapdos|100\/100|[from] Flip Turn\n|move|p1a: Malamar|Superpower|p2a: Zapdos\n|-resisted|p2a: Zapdos\n|-damage|p2a: Zapdos|85\/100\n|-boost|p1a: Malamar|atk|1\n|-boost|p1a: Malamar|def|1\n|move|p1b: Klefki|Trick Room|p1b: Klefki\n|-fieldstart|move: Trick Room|[of] p1b: Klefki\n|\n|upkeep\n|turn|2\n|\n|t:|1699884767\n|move|p1b: Klefki|Light Screen|p1b: Klefki\n|-sidestart|p1: dean44|move: Light Screen\n|move|p1a: Malamar|Knock Off|p2b: Tornadus\n|-damage|p2b: Tornadus|44\/100\n|-enditem|p2b: Tornadus|Leftovers|[from] move: Knock Off|[of] p1a: Malamar\n|move|p2a: Zapdos|Discharge|p1b: Klefki|[spread] p2b,p1a,p1b\n|-supereffective|p2b: Tornadus\n|-damage|p2b: Tornadus|0 fnt\n|-damage|p1a: Malamar|67\/100\n|-damage|p1b: Klefki|54\/100\n|-status|p1a: Malamar|par\n|faint|p2b: Tornadus\n|-damage|p2a: Zapdos|75\/100|[from] item: Life Orb\n|\n|-heal|p1a: Malamar|73\/100 par|[from] item: Leftovers\n|upkeep\n|inactive|kngofducks123 has 120 seconds left.\n|\n|t:|1699884780\n|switch|p2b: Garchomp|Garchomp, F|100\/100\n|turn|3\n|\n|t:|1699884792\n|move|p1b: Klefki|Reflect|p1b: Klefki\n|-sidestart|p1: dean44|Reflect\n|cant|p1a: Malamar|par\n|move|p2a: Zapdos|Discharge|p1b: Klefki|[spread] p1a,p1b\n|-immune|p2b: Garchomp\n|-damage|p1a: Malamar|43\/100 par\n|-damage|p1b: Klefki|22\/100\n|-status|p1b: Klefki|par\n|-damage|p2a: Zapdos|65\/100|[from] item: Life Orb\n|move|p2b: Garchomp|Earthquake|p1b: Klefki|[spread] p1a,p1b\n|-immune|p2a: Zapdos\n|-supereffective|p1b: Klefki\n|-crit|p1b: Klefki\n|-damage|p1a: Malamar|31\/100 par\n|-damage|p1b: Klefki|0 fnt\n|faint|p1b: Klefki\n|\n|-heal|p1a: Malamar|37\/100 par|[from] item: Leftovers\n|upkeep\n|\n|t:|1699884802\n|switch|p1b: Tsareena|Tsareena, F|100\/100\n|-enditem|p1b: Tsareena|Room Service\n|-unboost|p1b: Tsareena|spe|1|[from] item: Room Service\n|turn|4\n|\n|t:|1699884825\n|move|p1a: Malamar|Knock Off|p2a: Zapdos\n|-damage|p2a: Zapdos|8\/100\n|-enditem|p2a: Zapdos|Life Orb|[from] move: Knock Off|[of] p1a: Malamar\n|move|p1b: Tsareena|Triple Axel|p2b: Garchomp\n|-supereffective|p2b: Garchomp\n|-damage|p2b: Garchomp|71\/100\n|-damage|p1b: Tsareena|88\/100|[from] ability: Rough Skin|[of] p2b: Garchomp\n|-supereffective|p2b: Garchomp\n|-damage|p2b: Garchomp|14\/100\n|-damage|p1b: Tsareena|76\/100|[from] ability: Rough Skin|[of] p2b: Garchomp\n|-supereffective|p2b: Garchomp\n|-damage|p2b: Garchomp|0 fnt\n|-damage|p1b: Tsareena|63\/100|[from] ability: Rough Skin|[of] p2b: Garchomp\n|faint|p2b: Garchomp\n|-hitcount|p2: Garchomp|3\n|move|p2a: Zapdos|Heat Wave|p1a: Malamar|[spread] p1a\n|-miss|p2a: Zapdos|p1b: Tsareena\n|-damage|p1a: Malamar|17\/100 par\n|\n|-heal|p1a: Malamar|23\/100 par|[from] item: Leftovers\n|-sideend|p2: kngofducks123|move: Tailwind\n|upkeep\n|inactive|kngofducks123 has 120 seconds left.\n|\n|t:|1699884846\n|switch|p2b: Heatran|Heatran, F|100\/100\n|turn|5\n|\n|t:|1699884863\n|-terastallize|p1b: Tsareena|Water\n|move|p1a: Malamar|Superpower|p2b: Heatran\n|-supereffective|p2b: Heatran\n|-damage|p2b: Heatran|39\/100\n|-boost|p1a: Malamar|atk|1\n|-boost|p1a: Malamar|def|1\n|move|p1b: Tsareena|Rapid Spin|p2a: Zapdos\n|-damage|p2a: Zapdos|0 fnt\n|-boost|p1b: Tsareena|spe|1\n|faint|p2a: Zapdos\n|move|p2b: Heatran|Will-O-Wisp|p1b: Tsareena\n|-status|p1b: Tsareena|brn\n|\n|-heal|p1a: Malamar|29\/100 par|[from] item: Leftovers\n|-heal|p2b: Heatran|45\/100|[from] item: Leftovers\n|-damage|p1b: Tsareena|57\/100 brn|[from] brn\n|-fieldend|move: Trick Room\n|upkeep\n|inactive|kngofducks123 has 120 seconds left.\n|\n|t:|1699884882\n|switch|p2a: Iron Hands|Iron Hands|100\/100\n|turn|6\n|\n|t:|1699884894\n|move|p2a: Iron Hands|Fake Out||[still]\n|cant|p1b: Tsareena|ability: Queenly Majesty|Fake Out|[of] p2a: Iron Hands\n|move|p2b: Heatran|Stealth Rock|p1a: Malamar\n|-sidestart|p1: dean44|move: Stealth Rock\n|move|p1b: Tsareena|Tera Blast|p2b: Heatran|[anim] Tera Blast Water\n|-supereffective|p2b: Heatran\n|-damage|p2b: Heatran|11\/100\n|move|p1a: Malamar|Trick Room|p1a: Malamar\n|-fieldstart|move: Trick Room|[of] p1a: Malamar\n|\n|-heal|p1a: Malamar|36\/100 par|[from] item: Leftovers\n|-heal|p2b: Heatran|17\/100|[from] item: Leftovers\n|-damage|p1b: Tsareena|51\/100 brn|[from] brn\n|upkeep\n|turn|7\n|\n|t:|1699884918\n|cant|p1a: Malamar|par\n|move|p2a: Iron Hands|Wild Charge|p1b: Tsareena\n|-supereffective|p1b: Tsareena\n|-damage|p1b: Tsareena|0 fnt\n|faint|p1b: Tsareena\n|-damage|p2a: Iron Hands|91\/100|[from] Recoil\n|move|p2b: Heatran|Body Press|p1a: Malamar\n|-damage|p1a: Malamar|30\/100 par\n|\n|-heal|p1a: Malamar|36\/100 par|[from] item: Leftovers\n|-heal|p2b: Heatran|24\/100|[from] item: Leftovers\n|upkeep\n|\n|t:|1699884922\n|switch|p1b: Hatterene|Hatterene, F|100\/100\n|-damage|p1b: Hatterene|88\/100|[from] Stealth Rock\n|turn|8\n|\n|t:|1699884946\n|move|p1a: Malamar|Superpower|p2b: Heatran\n|-supereffective|p2b: Heatran\n|-damage|p2b: Heatran|0 fnt\n|-boost|p1a: Malamar|atk|1\n|-boost|p1a: Malamar|def|1\n|faint|p2b: Heatran\n|move|p1b: Hatterene|Expanding Force|p2a: Iron Hands\n|-supereffective|p2a: Iron Hands\n|-damage|p2a: Iron Hands|42\/100\n|move|p2a: Iron Hands|Close Combat|p1a: Malamar\n|-damage|p1a: Malamar|22\/100 par\n|-unboost|p2a: Iron Hands|def|1\n|-unboost|p2a: Iron Hands|spd|1\n|\n|-heal|p1a: Malamar|28\/100 par|[from] item: Leftovers\n|-heal|p1b: Hatterene|94\/100|[from] item: Leftovers\n|upkeep\n|-message|kngofducks123 forfeited.\n|\n|win|dean44\n|raw|dean44's rating: 1076 &rarr; <strong>1098<\/strong><br \/>(+22 for winning)\n|raw|kngofducks123's rating: 1000 &rarr; <strong>1000<\/strong><br \/>(+0 for losing)\n|l|\u2606kngofducks123\n","uploadtime":1699884965,"views":5,"p1id":"dean44","p2id":"kngofducks123","formatid":"gen9nationaldexdoubles","rating":1000,"private":0,"password":""}