{"id":"gen9nationaldexdoubles-1999067985","p1":"jamon_con_talco","p2":"Psicodelicia96","format":"[Gen 9] National Dex Doubles","log":"|j|\u2606jamon_con_talco\n|j|\u2606Psicodelicia96\n|t:|1701029727\n|gametype|doubles\n|player|p1|jamon_con_talco|veteran|\n|player|p2|Psicodelicia96|burgh|\n|teamsize|p1|6\n|teamsize|p2|6\n|gen|9\n|tier|[Gen 9] National Dex Doubles\n|rule|HP Percentage Mod: HP is shown in percentages\n|rule|Endless Battle Clause: Forcing endless battles is banned\n|rule|OHKO Clause: OHKO moves are banned\n|rule|Evasion Moves Clause: Evasion moves are banned\n|rule|Evasion Abilities Clause: Evasion abilities are banned\n|rule|Species Clause: Limit one of each Pok\u00e9mon\n|rule|Gravity Sleep Clause: The combination of sleep-inducing moves with imperfect accuracy and Gravity or Gigantamax Orbeetle are banned\n|clearpoke\n|poke|p1|Banette, M|\n|poke|p1|Oricorio, F|\n|poke|p1|Kommo-o, M|\n|poke|p1|Qwilfish-Hisui, F|\n|poke|p1|Lilligant, F|\n|poke|p1|Quaquaval, M|\n|poke|p2|Oricorio-Pom-Pom, F|\n|poke|p2|Volcarona, F|\n|poke|p2|Cresselia, F|\n|poke|p2|Chien-Pao|\n|poke|p2|Ogerpon-Wellspring, F|\n|poke|p2|Landorus-Therian, M|\n|teampreview\n|\n|t:|1701029740\n|start\n|switch|p1a: Qwilfish|Qwilfish-Hisui, F, shiny|100\/100\n|switch|p1b: Banette|Banette, M, shiny|100\/100\n|switch|p2a: Landorus|Landorus-Therian, M, shiny|100\/100\n|switch|p2b: Oricorio|Oricorio-Pom-Pom, F, shiny|100\/100\n|-ability|p2a: Landorus|Intimidate|boost\n|-unboost|p1a: Qwilfish|atk|1\n|-unboost|p1b: Banette|atk|1\n|-item|p2a: Landorus|Choice Scarf|[from] ability: Frisk|[of] p1b: Banette|[identify]\n|-item|p2b: Oricorio|Covert Cloak|[from] ability: Frisk|[of] p1b: Banette|[identify]\n|turn|1\n|\n|t:|1701029762\n|switch|p1a: Lilligant|Lilligant, F, shiny|100\/100\n|detailschange|p1b: Banette|Banette-Mega, M, shiny\n|-mega|p1b: Banette|Banette|Banettite\n|move|p1b: Banette|Metronome|p1b: Banette\n|move|p1b: Banette|Will-O-Wisp|p2a: Landorus|[from]move: Metronome\n|-status|p2a: Landorus|brn\n|move|p2a: Landorus|U-turn|p1b: Banette\n|-resisted|p1b: Banette\n|-crit|p1b: Banette\n|-damage|p1b: Banette|87\/100\n|\n|t:|1701029776\n|switch|p2a: Volcarona|Volcarona, F, shiny|100\/100|[from] U-turn\n|move|p2b: Oricorio|Taunt|p1a: Lilligant\n|-start|p1a: Lilligant|move: Taunt\n|\n|upkeep\n|turn|2\n|\n|t:|1701029789\n|switch|p1a: Quaquaval|Quaquaval, M|100\/100\n|move|p1b: Banette|Metronome|p1b: Banette\n|move|p1b: Banette|Icicle Crash|p2b: Oricorio|[from]move: Metronome\n|-supereffective|p2b: Oricorio\n|-damage|p2b: Oricorio|15\/100\n|move|p2a: Volcarona|Quiver Dance|p2a: Volcarona\n|-boost|p2a: Volcarona|spa|1\n|-boost|p2a: Volcarona|spd|1\n|-boost|p2a: Volcarona|spe|1\n|-activate|p2b: Oricorio|ability: Dancer\n|move|p2b: Oricorio|Quiver Dance|p2b: Oricorio|[from]ability: Dancer\n|-boost|p2b: Oricorio|spa|1\n|-boost|p2b: Oricorio|spd|1\n|-boost|p2b: Oricorio|spe|1\n|move|p2b: Oricorio|Tailwind|p2b: Oricorio\n|-sidestart|p2: Psicodelicia96|move: Tailwind\n|\n|upkeep\n|turn|3\n|\n|t:|1701029811\n|move|p1a: Quaquaval|Aqua Jet|p2b: Oricorio\n|-damage|p2b: Oricorio|0 fnt\n|faint|p2b: Oricorio\n|-ability|p1a: Quaquaval|Moxie|boost\n|-boost|p1a: Quaquaval|atk|1\n|move|p1b: Banette|Metronome|p1b: Banette\n|move|p1b: Banette|Crabhammer|p2a: Volcarona|[from]move: Metronome\n|-supereffective|p2a: Volcarona\n|-damage|p2a: Volcarona|31\/100\n|-damage|p1b: Banette|71\/100|[from] item: Rocky Helmet|[of] p2a: Volcarona\n|move|p2a: Volcarona|Fiery Dance|p1b: Banette\n|-damage|p1b: Banette|0 fnt\n|faint|p1b: Banette\n|\n|upkeep\n|\n|t:|1701029825\n|switch|p2b: Landorus|Landorus-Therian, M, shiny|100\/100 brn\n|switch|p1b: Oricorio|Oricorio, F, shiny|100\/100\n|-ability|p2b: Landorus|Intimidate|boost\n|-unboost|p1a: Quaquaval|atk|1\n|-unboost|p1b: Oricorio|atk|1\n|turn|4\n|\n|t:|1701029845\n|move|p1a: Quaquaval|Aqua Jet|p2a: Volcarona\n|-supereffective|p2a: Volcarona\n|-damage|p2a: Volcarona|0 fnt\n|-damage|p1a: Quaquaval|84\/100|[from] item: Rocky Helmet|[of] p2a: Volcarona\n|-status|p1a: Quaquaval|brn|[from] ability: Flame Body|[of] p2a: Volcarona\n|faint|p2a: Volcarona\n|-ability|p1a: Quaquaval|Moxie|boost\n|-boost|p1a: Quaquaval|atk|1\n|move|p2b: Landorus|U-turn|p1b: Oricorio\n|-resisted|p1b: Oricorio\n|-damage|p1b: Oricorio|95\/100\n|\n|t:|1701029859\n|switch|p2b: Cresselia|Cresselia, F, shiny|100\/100|[from] U-turn\n|move|p1b: Oricorio|Tailwind|p1b: Oricorio\n|-sidestart|p1: jamon_con_talco|move: Tailwind\n|\n|-damage|p1a: Quaquaval|78\/100 brn|[from] brn\n|upkeep\n|\n|t:|1701029866\n|switch|p2a: Chien-Pao|Chien-Pao|100\/100\n|-ability|p2a: Chien-Pao|Sword of Ruin\n|turn|5\n|\n|t:|1701029884\n|move|p2a: Chien-Pao|Swords Dance|p2a: Chien-Pao\n|-boost|p2a: Chien-Pao|atk|2\n|-activate|p1b: Oricorio|ability: Dancer\n|move|p1b: Oricorio|Swords Dance|p1b: Oricorio|[from]ability: Dancer\n|-boost|p1b: Oricorio|atk|2\n|move|p1a: Quaquaval|Close Combat|p2a: Chien-Pao\n|-supereffective|p2a: Chien-Pao\n|-enditem|p2a: Chien-Pao|Focus Sash\n|-damage|p2a: Chien-Pao|1\/100\n|-unboost|p1a: Quaquaval|def|1\n|-unboost|p1a: Quaquaval|spd|1\n|move|p1b: Oricorio|Revelation Dance|p2a: Chien-Pao\n|-supereffective|p2a: Chien-Pao\n|-damage|p2a: Chien-Pao|0 fnt\n|faint|p2a: Chien-Pao\n|move|p2b: Cresselia|Icy Wind|p1b: Oricorio|[spread] p1a,p1b\n|-resisted|p1a: Quaquaval\n|-damage|p1a: Quaquaval|71\/100 brn\n|-damage|p1b: Oricorio|84\/100\n|-unboost|p1a: Quaquaval|spe|1\n|-unboost|p1b: Oricorio|spe|1\n|\n|-damage|p1a: Quaquaval|64\/100 brn|[from] brn\n|-sideend|p2: Psicodelicia96|move: Tailwind\n|upkeep\n|\n|t:|1701029907\n|switch|p2a: Landorus|Landorus-Therian, M, shiny|100\/100 brn\n|-ability|p2a: Landorus|Intimidate|boost\n|-unboost|p1a: Quaquaval|atk|1\n|-unboost|p1b: Oricorio|atk|1\n|turn|6\n|\n|t:|1701029925\n|switch|p1b: Lilligant|Lilligant, F, shiny|100\/100\n|move|p2a: Landorus|Rock Slide|p1a: Quaquaval|[spread] p1a,p1b\n|-resisted|p1a: Quaquaval\n|-damage|p1a: Quaquaval|53\/100 brn\n|-damage|p1b: Lilligant|84\/100\n|cant|p1a: Quaquaval|flinch\n|move|p2b: Cresselia|Toxic||[still]\n|-fail|p2b: Cresselia\n|\n|-damage|p2a: Landorus|95\/100 brn|[from] brn\n|-damage|p1a: Quaquaval|46\/100 brn|[from] brn\n|upkeep\n|turn|7\n|\n|t:|1701029950\n|switch|p2a: Ogerpon|Ogerpon-Wellspring, F|100\/100\n|move|p1b: Lilligant|Sleep Powder|p2b: Cresselia\n|-status|p2b: Cresselia|slp|[from] move: Sleep Powder\n|move|p1a: Quaquaval|Aqua Step|p2a: Ogerpon\n|-immune|p2a: Ogerpon|[from] ability: Water Absorb\n|cant|p2b: Cresselia|slp\n|\n|-damage|p1a: Quaquaval|40\/100 brn|[from] brn\n|-sideend|p1: jamon_con_talco|move: Tailwind\n|upkeep\n|turn|8\n|\n|t:|1701029972\n|move|p2a: Ogerpon|Spiky Shield|p2a: Ogerpon\n|-singleturn|p2a: Ogerpon|move: Protect\n|move|p1b: Lilligant|Petal Dance|p2a: Ogerpon\n|-activate|p2a: Ogerpon|move: Protect\n|-damage|p1b: Lilligant|72\/100|[from] Spiky Shield|[of] p2a: Ogerpon\n|cant|p2b: Cresselia|slp\n|move|p1a: Quaquaval|Aqua Step|p2b: Cresselia\n|-damage|p2b: Cresselia|87\/100 slp\n|-boost|p1a: Quaquaval|spe|1\n|\n|-heal|p2b: Cresselia|93\/100 slp|[from] item: Leftovers\n|-damage|p1a: Quaquaval|34\/100 brn|[from] brn\n|upkeep\n|turn|9\n|\n|t:|1701029999\n|move|p2a: Ogerpon|Swords Dance|p2a: Ogerpon\n|-boost|p2a: Ogerpon|atk|2\n|-enditem|p1b: Lilligant|Mirror Herb\n|-boost|p1b: Lilligant|atk|2|[from] item: Mirror Herb\n|move|p1a: Quaquaval|Close Combat|p2a: Ogerpon\n|-damage|p2a: Ogerpon|63\/100\n|-unboost|p1a: Quaquaval|def|1\n|-unboost|p1a: Quaquaval|spd|1\n|move|p1b: Lilligant|Petal Dance|p2b: Cresselia\n|-damage|p2b: Cresselia|58\/100 slp\n|cant|p2b: Cresselia|slp\n|\n|-heal|p2b: Cresselia|64\/100 slp|[from] item: Leftovers\n|-damage|p1a: Quaquaval|28\/100 brn|[from] brn\n|upkeep\n|turn|10\n|\n|t:|1701030023\n|move|p2a: Ogerpon|Spiky Shield|p2a: Ogerpon\n|-singleturn|p2a: Ogerpon|move: Protect\n|move|p1a: Quaquaval|Close Combat|p2a: Ogerpon\n|-activate|p2a: Ogerpon|move: Protect\n|-damage|p1a: Quaquaval|16\/100 brn|[from] Spiky Shield|[of] p2a: Ogerpon\n|move|p1b: Lilligant|Petal Dance|p2b: Cresselia|[from]lockedmove\n|-damage|p2b: Cresselia|31\/100 slp\n|-curestatus|p2b: Cresselia|slp|[msg]\n|move|p2b: Cresselia|Toxic|p1b: Lilligant\n|-status|p1b: Lilligant|tox\n|\n|-heal|p2b: Cresselia|37\/100|[from] item: Leftovers\n|-damage|p1b: Lilligant|66\/100 tox|[from] psn\n|-damage|p1a: Quaquaval|10\/100 brn|[from] brn\n|upkeep\n|turn|11\n|\n|t:|1701030055\n|move|p2a: Ogerpon|Horn Leech|p1b: Lilligant\n|-resisted|p1b: Lilligant\n|-damage|p1b: Lilligant|0 fnt\n|-heal|p2a: Ogerpon|94\/100|[from] drain|[of] p1b: Lilligant\n|faint|p1b: Lilligant\n|move|p1a: Quaquaval|Close Combat|p2a: Ogerpon\n|-damage|p2a: Ogerpon|55\/100\n|-unboost|p1a: Quaquaval|def|1\n|-unboost|p1a: Quaquaval|spd|1\n|move|p2b: Cresselia|Icy Wind|p1a: Quaquaval\n|-resisted|p1a: Quaquaval\n|-crit|p1a: Quaquaval\n|-damage|p1a: Quaquaval|0 fnt\n|faint|p1a: Quaquaval\n|\n|-heal|p2b: Cresselia|44\/100|[from] item: Leftovers\n|upkeep\n|\n|t:|1701030065\n|switch|p1a: Qwilfish|Qwilfish-Hisui, F, shiny|100\/100\n|switch|p1b: Kommo-o|Kommo-o, M, shiny|100\/100\n|turn|12\n|\n|t:|1701030103\n|move|p2a: Ogerpon|Ivy Cudgel|p1a: Qwilfish|[anim] Ivy Cudgel Water\n|-damage|p1a: Qwilfish|11\/100\n|move|p1b: Kommo-o|Clangorous Soul|p1b: Kommo-o\n|-boost|p1b: Kommo-o|atk|1\n|-boost|p1b: Kommo-o|def|1\n|-boost|p1b: Kommo-o|spa|1\n|-boost|p1b: Kommo-o|spd|1\n|-boost|p1b: Kommo-o|spe|1\n|-damage|p1b: Kommo-o|68\/100\n|move|p2b: Cresselia|Toxic|p1b: Kommo-o\n|-status|p1b: Kommo-o|tox\n|move|p1a: Qwilfish|Haze|p1a: Qwilfish\n|-clearallboost\n|\n|-heal|p2b: Cresselia|50\/100|[from] item: Leftovers\n|-damage|p1b: Kommo-o|62\/100 tox|[from] psn\n|upkeep\n|turn|13\n|c|\u2606jamon_con_talco|MALDITO MISSCLICK\n|c|\u2606jamon_con_talco|JAJAJA\n|\n|t:|1701030140\n|-terastallize|p1b: Kommo-o|Dragon\n|move|p2a: Ogerpon|Ivy Cudgel|p1a: Qwilfish|[anim] Ivy Cudgel Water\n|-damage|p1a: Qwilfish|0 fnt\n|faint|p1a: Qwilfish\n|move|p1b: Kommo-o|Clanging Scales|p2b: Cresselia|[spread] p2a,p2b\n|-damage|p2a: Ogerpon|5\/100\n|-damage|p2b: Cresselia|22\/100\n|-unboost|p1b: Kommo-o|def|1\n|move|p2b: Cresselia|Lunar Blessing|p2b: Cresselia|[spread] p2a,p2b\n|-heal|p2a: Ogerpon|30\/100\n|-heal|p2b: Cresselia|47\/100\n|\n|-heal|p2b: Cresselia|54\/100|[from] item: Leftovers\n|-damage|p1b: Kommo-o|49\/100 tox|[from] psn\n|upkeep\n|\n|t:|1701030147\n|switch|p1a: Oricorio|Oricorio, F, shiny|84\/100\n|turn|14\n|\n|t:|1701030172\n|move|p2a: Ogerpon|Ivy Cudgel|p1a: Oricorio|[anim] Ivy Cudgel Water\n|-supereffective|p1a: Oricorio\n|-damage|p1a: Oricorio|0 fnt\n|faint|p1a: Oricorio\n|move|p1b: Kommo-o|Clanging Scales|p2b: Cresselia|[spread] p2a,p2b\n|-damage|p2a: Ogerpon|0 fnt\n|-damage|p2b: Cresselia|27\/100\n|faint|p2a: Ogerpon\n|-unboost|p1b: Kommo-o|def|1\n|move|p2b: Cresselia|Lunar Blessing|p2b: Cresselia\n|-heal|p2b: Cresselia|52\/100\n|\n|-heal|p2b: Cresselia|59\/100|[from] item: Leftovers\n|-damage|p1b: Kommo-o|31\/100 tox|[from] psn\n|upkeep\n|-message|jamon_con_talco forfeited.\n|\n|win|Psicodelicia96\n|l|\u2606jamon_con_talco\n","uploadtime":1701030263,"views":2,"p1id":"jamoncontalco","p2id":"psicodelicia96","formatid":"gen9nationaldexdoubles","rating":0,"private":0,"password":""}