{"id":"gen9nationaldexdoubles-1963148479","p1":"Denvah_17","p2":"Moomslayer","format":"[Gen 9] National Dex Doubles","log":"|j|\u2606Denvah_17\n|j|\u2606Moomslayer\n|t:|1696833729\n|gametype|doubles\n|player|p1|Denvah_17|alder|1177\n|player|p2|Moomslayer|ghetsis-gen5bw|1051\n|teamsize|p1|6\n|teamsize|p2|6\n|gen|9\n|tier|[Gen 9] National Dex Doubles\n|rated|\n|rule|HP Percentage Mod: HP is shown in percentages\n|rule|Endless Battle Clause: Forcing endless battles is banned\n|rule|OHKO Clause: OHKO moves are banned\n|rule|Evasion Moves Clause: Evasion moves are banned\n|rule|Evasion Abilities Clause: Evasion abilities are banned\n|rule|Species Clause: Limit one of each Pok\u00e9mon\n|rule|Gravity Sleep Clause: The combination of sleep-inducing moves with imperfect accuracy and Gravity or Gigantamax Orbeetle are banned\n|clearpoke\n|poke|p1|Sinistcha-Masterpiece|\n|poke|p1|Enamorus, F|\n|poke|p1|Volcanion|\n|poke|p1|Scizor, F|\n|poke|p1|Okidogi, M|\n|poke|p1|Ursaluna-Bloodmoon, M|\n|poke|p2|Machamp, F|\n|poke|p2|Doublade, F|\n|poke|p2|Lycanroc-Midnight, M|\n|poke|p2|Golurk|\n|poke|p2|Pidgeot, M|\n|poke|p2|Grimmsnarl, M|\n|teampreview\n|inactive|Battle timer is ON: inactive players will automatically lose when time's up. (requested by Denvah_17)\n|\n|t:|1696833746\n|start\n|switch|p1a: Grass Latte|Sinistcha-Masterpiece|100\/100\n|switch|p1b: Sonria|Enamorus, F|100\/100\n|switch|p2a: Grimmsnarl|Grimmsnarl, M|100\/100\n|switch|p2b: Lycanroc|Lycanroc-Midnight, M|100\/100\n|turn|1\n|\n|t:|1696833766\n|move|p2a: Grimmsnarl|Light Screen|p2a: Grimmsnarl\n|-sidestart|p2: Moomslayer|move: Light Screen\n|move|p2b: Lycanroc|Rock Slide|p1b: Sonria|[spread] p1a,p1b\n|-supereffective|p1b: Sonria\n|-damage|p1a: Grass Latte|75\/100\n|-damage|p1b: Sonria|23\/100\n|move|p1b: Sonria|Superpower|p2b: Lycanroc\n|-supereffective|p2b: Lycanroc\n|-crit|p2b: Lycanroc\n|-damage|p2b: Lycanroc|0 fnt\n|-boost|p1b: Sonria|atk|1\n|-boost|p1b: Sonria|def|1\n|faint|p2b: Lycanroc\n|cant|p1a: Grass Latte|flinch\n|\n|upkeep\n|\n|t:|1696833776\n|switch|p2b: Doublade|Doublade, F|100\/100\n|turn|2\n|\n|t:|1696833802\n|-terastallize|p1a: Grass Latte|Grass\n|move|p2a: Grimmsnarl|Reflect|p2a: Grimmsnarl\n|-sidestart|p2: Moomslayer|Reflect\n|move|p2b: Doublade|Shadow Sneak|p1b: Sonria\n|-damage|p1b: Sonria|1\/100\n|move|p1b: Sonria|Play Rough|p2a: Grimmsnarl\n|-supereffective|p2a: Grimmsnarl\n|-damage|p2a: Grimmsnarl|15\/100\n|move|p1a: Grass Latte|Strength Sap|p1b: Sonria\n|-boost|p1b: Sonria|atk|1\n|-heal|p1a: Grass Latte|100\/100\n|\n|upkeep\n|turn|3\n|\n|t:|1696833823\n|move|p2a: Grimmsnarl|Parting Shot|p1a: Grass Latte\n|-unboost|p1a: Grass Latte|atk|1\n|-unboost|p1a: Grass Latte|spa|1\n|\n|t:|1696833830\n|switch|p2a: Pidgeot|Pidgeot, M|100\/100|[from] Parting Shot\n|move|p2b: Doublade|Shadow Sneak|p1b: Sonria\n|-damage|p1b: Sonria|0 fnt\n|faint|p1b: Sonria\n|move|p1a: Grass Latte|Calm Mind|p1a: Grass Latte\n|-boost|p1a: Grass Latte|spa|1\n|-boost|p1a: Grass Latte|spd|1\n|\n|upkeep\n|\n|t:|1696833844\n|switch|p1b: Dogecoin|Okidogi, M|100\/100\n|turn|4\n|inactive|Denvah_17 has 120 seconds left.\n|\n|t:|1696833880\n|switch|p1b: Sudafed|Scizor, F|100\/100\n|detailschange|p2a: Pidgeot|Pidgeot-Mega, M\n|-mega|p2a: Pidgeot|Pidgeot|Pidgeotite\n|move|p2a: Pidgeot|Hurricane|p1a: Grass Latte\n|-supereffective|p1a: Grass Latte\n|-damage|p1a: Grass Latte|19\/100\n|-enditem|p1a: Grass Latte|Weakness Policy\n|-boost|p1a: Grass Latte|atk|2|[from] item: Weakness Policy\n|-boost|p1a: Grass Latte|spa|2|[from] item: Weakness Policy\n|move|p1a: Grass Latte|Calm Mind|p1a: Grass Latte\n|-boost|p1a: Grass Latte|spa|1\n|-boost|p1a: Grass Latte|spd|1\n|move|p2b: Doublade|Gyro Ball|p1b: Sudafed\n|-resisted|p1b: Sudafed\n|-damage|p1b: Sudafed|86\/100\n|\n|upkeep\n|turn|5\n|inactive|Denvah_17 has 120 seconds left.\n|\n|t:|1696833906\n|detailschange|p1b: Sudafed|Scizor-Mega, F\n|-mega|p1b: Sudafed|Scizor|Scizorite\n|move|p1b: Sudafed|Bullet Punch|p2a: Pidgeot\n|-damage|p2a: Pidgeot|63\/100\n|move|p2a: Pidgeot|Air Slash|p1a: Grass Latte\n|-supereffective|p1a: Grass Latte\n|-damage|p1a: Grass Latte|0 fnt\n|faint|p1a: Grass Latte\n|move|p2b: Doublade|Brick Break|p1b: Sudafed\n|-damage|p1b: Sudafed|68\/100\n|\n|upkeep\n|\n|t:|1696833921\n|switch|p1a: Saxophone|Volcanion|100\/100\n|turn|6\n|\n|t:|1696833933\n|move|p2b: Doublade|Shadow Sneak|p1a: Saxophone\n|-damage|p1a: Saxophone|85\/100\n|move|p2a: Pidgeot|Heat Wave|p1b: Sudafed|[spread] p1a,p1b\n|-resisted|p1a: Saxophone\n|-supereffective|p1b: Sudafed\n|-damage|p1a: Saxophone|78\/100\n|-damage|p1b: Sudafed|0 fnt\n|faint|p1b: Sudafed\n|move|p1a: Saxophone|Heat Wave|p2b: Doublade|[spread] p2a,p2b\n|-supereffective|p2b: Doublade\n|-crit|p2b: Doublade\n|-damage|p2a: Pidgeot|28\/100\n|-damage|p2b: Doublade|0 fnt\n|faint|p2b: Doublade\n|\n|upkeep\n|\n|t:|1696833945\n|switch|p1b: Xi Jinping|Ursaluna-Bloodmoon, M|100\/100\n|switch|p2b: Golurk|Golurk|100\/100\n|turn|7\n|\n|t:|1696833961\n|move|p2a: Pidgeot|Hurricane|p1b: Xi Jinping\n|-damage|p1b: Xi Jinping|32\/100\n|move|p1a: Saxophone|Heat Wave|p2b: Golurk|[spread] p2a,p2b\n|-damage|p2a: Pidgeot|0 fnt\n|-damage|p2b: Golurk|71\/100\n|faint|p2a: Pidgeot\n|move|p2b: Golurk|Dynamic Punch|p1a: Saxophone\n|-damage|p1a: Saxophone|50\/100\n|-start|p1a: Saxophone|confusion\n|move|p1b: Xi Jinping|Blood Moon|p2b: Golurk\n|-damage|p2b: Golurk|14\/100\n|\n|-heal|p2b: Golurk|20\/100|[from] item: Leftovers\n|-heal|p1b: Xi Jinping|38\/100|[from] item: Leftovers\n|upkeep\n|\n|t:|1696833975\n|switch|p2a: Machamp|Machamp, F|100\/100\n|turn|8\n|\n|t:|1696833982\n|-activate|p1a: Saxophone|confusion\n|-damage|p1a: Saxophone|43\/100|[from] confusion\n|move|p2b: Golurk|Dynamic Punch|p1a: Saxophone\n|-damage|p1a: Saxophone|13\/100\n|move|p2a: Machamp|Dynamic Punch|p1b: Xi Jinping\n|-supereffective|p1b: Xi Jinping\n|-damage|p1b: Xi Jinping|0 fnt\n|faint|p1b: Xi Jinping\n|\n|-heal|p2b: Golurk|26\/100|[from] item: Leftovers\n|-sideend|p2: Moomslayer|move: Light Screen\n|upkeep\n|\n|t:|1696833991\n|switch|p1b: Dogecoin|Okidogi, M|100\/100\n|turn|9\n|\n|t:|1696834000\n|move|p1b: Dogecoin|Drain Punch|p2a: Machamp\n|-damage|p2a: Machamp|70\/100\n|-activate|p1a: Saxophone|confusion\n|move|p1a: Saxophone|Steam Eruption|p2b: Golurk\n|-supereffective|p2b: Golurk\n|-damage|p2b: Golurk|0 fnt\n|faint|p2b: Golurk\n|move|p2a: Machamp|Dynamic Punch|p1b: Dogecoin\n|-resisted|p1b: Dogecoin\n|-damage|p1b: Dogecoin|76\/100\n|-start|p1b: Dogecoin|confusion\n|\n|-heal|p2a: Machamp|76\/100|[from] item: Leftovers\n|-sideend|p2: Moomslayer|Reflect\n|upkeep\n|\n|t:|1696834012\n|switch|p2b: Grimmsnarl|Grimmsnarl, M|15\/100\n|turn|10\n|\n|t:|1696834022\n|move|p2b: Grimmsnarl|Light Screen|p2b: Grimmsnarl\n|-sidestart|p2: Moomslayer|move: Light Screen\n|-activate|p1b: Dogecoin|confusion\n|move|p1b: Dogecoin|Drain Punch|p2a: Machamp\n|-damage|p2a: Machamp|29\/100\n|-heal|p1b: Dogecoin|100\/100|[from] drain|[of] p2a: Machamp\n|-activate|p1a: Saxophone|confusion\n|-damage|p1a: Saxophone|7\/100|[from] confusion\n|move|p2a: Machamp|Dynamic Punch|p1b: Dogecoin\n|-resisted|p1b: Dogecoin\n|-damage|p1b: Dogecoin|74\/100\n|\n|-heal|p2a: Machamp|35\/100|[from] item: Leftovers\n|upkeep\n|turn|11\n|\n|t:|1696834041\n|move|p2a: Machamp|Protect|p2a: Machamp\n|-singleturn|p2a: Machamp|Protect\n|-activate|p1b: Dogecoin|confusion\n|-damage|p1b: Dogecoin|61\/100|[from] confusion\n|-activate|p1a: Saxophone|confusion\n|move|p1a: Saxophone|Heat Wave|p2b: Grimmsnarl|[spread] p2b\n|-activate|p2a: Machamp|move: Protect\n|-damage|p2b: Grimmsnarl|0 fnt\n|faint|p2b: Grimmsnarl\n|\n|-heal|p2a: Machamp|41\/100|[from] item: Leftovers\n|upkeep\n|turn|12\n|\n|t:|1696834055\n|-end|p1b: Dogecoin|confusion\n|move|p1b: Dogecoin|Drain Punch|p2a: Machamp\n|-damage|p2a: Machamp|0 fnt\n|-heal|p1b: Dogecoin|82\/100|[from] drain|[of] p2a: Machamp\n|faint|p2a: Machamp\n|\n|win|Denvah_17\n|raw|Denvah_17's rating: 1177 &rarr; <strong>1193<\/strong><br \/>(+16 for winning)\n|raw|Moomslayer's rating: 1051 &rarr; <strong>1039<\/strong><br \/>(-12 for losing)\n|l|\u2606Moomslayer\n","uploadtime":1696834066,"views":11,"p1id":"denvah17","p2id":"moomslayer","formatid":"gen9nationaldexdoubles","rating":1039,"private":0,"password":""}