{"id":"gen9nationaldexdoubles-1995265905","p1":"Felis Regalis","p2":"specner4","format":"[Gen 9] National Dex Doubles","log":"|j|\u2606Felis Regalis\n|j|\u2606specner4\n|t:|1700543680\n|gametype|doubles\n|player|p1|Felis Regalis|hilbert|\n|player|p2|specner4|265|\n|teamsize|p1|6\n|teamsize|p2|6\n|gen|9\n|tier|[Gen 9] National Dex Doubles\n|rule|HP Percentage Mod: HP is shown in percentages\n|rule|Endless Battle Clause: Forcing endless battles is banned\n|rule|OHKO Clause: OHKO moves are banned\n|rule|Evasion Moves Clause: Evasion moves are banned\n|rule|Evasion Abilities Clause: Evasion abilities are banned\n|rule|Species Clause: Limit one of each Pok\u00e9mon\n|rule|Gravity Sleep Clause: The combination of sleep-inducing moves with imperfect accuracy and Gravity or Gigantamax Orbeetle are banned\n|clearpoke\n|poke|p1|Incineroar, L50, M|\n|poke|p1|Xatu, L50, M|\n|poke|p1|Brambleghast, L50, M|\n|poke|p1|Camerupt, L50, F|\n|poke|p1|Grafaiai, L50, F|\n|poke|p1|Lycanroc-Dusk, L50, M|\n|poke|p2|Barraskewda, L50, M|\n|poke|p2|Trevenant, L50, M|\n|poke|p2|Polteageist, L50|\n|poke|p2|Slither Wing, L50|\n|poke|p2|Ferrothorn, L50, F|\n|poke|p2|Abomasnow, L50, F|\n|teampreview|4\n|j| Whaleu\n|j| BROCKISAROCK\n|\n|t:|1700543726\n|start\n|switch|p1a: Incineroar|Incineroar, L50, M|100\/100\n|switch|p1b: Xatu|Xatu, L50, M|100\/100\n|switch|p2a: Trevenant|Trevenant, L50, M|100\/100\n|switch|p2b: Polteageist|Polteageist, L50|100\/100\n|-ability|p1a: Incineroar|Intimidate|boost\n|-unboost|p2a: Trevenant|atk|1\n|-unboost|p2b: Polteageist|atk|1\n|-item|p1a: Incineroar|Safety Goggles|[from] ability: Frisk|[of] p2a: Trevenant|[identify]\n|-item|p1b: Xatu|Yache Berry|[from] ability: Frisk|[of] p2a: Trevenant|[identify]\n|turn|1\n|\n|t:|1700543763\n|switch|p1a: Grafaiai|Grafaiai, L50, F|100\/100\n|move|p1b: Xatu|Air Slash|p2a: Trevenant\n|-supereffective|p2a: Trevenant\n|-damage|p2a: Trevenant|47\/100\n|move|p2b: Polteageist|Shell Smash|p2b: Polteageist\n|-unboost|p2b: Polteageist|def|1\n|-unboost|p2b: Polteageist|spd|1\n|-boost|p2b: Polteageist|atk|2\n|-boost|p2b: Polteageist|spa|2\n|-boost|p2b: Polteageist|spe|2\n|move|p2a: Trevenant|Rain Dance|p2a: Trevenant\n|-weather|RainDance\n|\n|-weather|RainDance|[upkeep]\n|upkeep\n|turn|2\n|\n|t:|1700543791\n|move|p1a: Grafaiai|Encore|p2b: Polteageist\n|-start|p2b: Polteageist|Encore\n|move|p2b: Polteageist|Shell Smash|p2b: Polteageist\n|-unboost|p2b: Polteageist|def|1\n|-unboost|p2b: Polteageist|spd|1\n|-boost|p2b: Polteageist|atk|2\n|-boost|p2b: Polteageist|spa|2\n|-boost|p2b: Polteageist|spe|2\n|move|p1b: Xatu|Air Slash|p2a: Trevenant\n|-supereffective|p2a: Trevenant\n|-damage|p2a: Trevenant|0 fnt\n|faint|p2a: Trevenant\n|\n|-weather|RainDance|[upkeep]\n|upkeep\n|\n|t:|1700543806\n|switch|p2a: Barraskewda|Barraskewda, L50, M|100\/100\n|turn|3\n|\n|t:|1700543824\n|move|p1a: Grafaiai|Parting Shot|p2a: Barraskewda\n|-unboost|p2a: Barraskewda|atk|1\n|-unboost|p2a: Barraskewda|spa|1\n|\n|t:|1700543827\n|switch|p1a: Incineroar|Incineroar, L50, M|100\/100|[from] Parting Shot\n|-ability|p1a: Incineroar|Intimidate|boost\n|-unboost|p2a: Barraskewda|atk|1\n|-unboost|p2b: Polteageist|atk|1\n|move|p2a: Barraskewda|Close Combat|p1a: Incineroar\n|-supereffective|p1a: Incineroar\n|-damage|p1a: Incineroar|54\/100\n|-unboost|p2a: Barraskewda|def|1\n|-unboost|p2a: Barraskewda|spd|1\n|move|p2b: Polteageist|Shell Smash|p2b: Polteageist\n|-unboost|p2b: Polteageist|def|1\n|-unboost|p2b: Polteageist|spd|1\n|-boost|p2b: Polteageist|atk|2\n|-boost|p2b: Polteageist|spa|2\n|-boost|p2b: Polteageist|spe|2\n|move|p1b: Xatu|Air Slash|p2b: Polteageist\n|-damage|p2b: Polteageist|31\/100\n|\n|-weather|RainDance|[upkeep]\n|upkeep\n|turn|4\n|\n|t:|1700543862\n|switch|p2a: Slither Wing|Slither Wing, L50|100\/100\n|-enditem|p2a: Slither Wing|Booster Energy\n|-activate|p2a: Slither Wing|ability: Protosynthesis|[fromitem]\n|-start|p2a: Slither Wing|protosynthesisatk\n|move|p1a: Incineroar|Fake Out|p2a: Slither Wing\n|-damage|p2a: Slither Wing|87\/100\n|move|p2b: Polteageist|Shell Smash|p2b: Polteageist\n|-unboost|p2b: Polteageist|def|1\n|-unboost|p2b: Polteageist|spd|1\n|-boost|p2b: Polteageist|atk|2\n|-boost|p2b: Polteageist|spa|0\n|-boost|p2b: Polteageist|spe|0\n|move|p1b: Xatu|Tailwind|p1b: Xatu\n|-sidestart|p1: Felis Regalis|move: Tailwind\n|\n|-weather|RainDance|[upkeep]\n|-end|p2b: Polteageist|Encore\n|upkeep\n|turn|5\n|\n|t:|1700543927\n|switch|p1a: Grafaiai|Grafaiai, L50, F|100\/100\n|move|p1b: Xatu|Protect|p1b: Xatu\n|-singleturn|p1b: Xatu|Protect\n|move|p2b: Polteageist|Stored Power|p1b: Xatu\n|-activate|p1b: Xatu|move: Protect\n|move|p2a: Slither Wing|Close Combat|p1a: Grafaiai\n|-damage|p1a: Grafaiai|19\/100\n|-unboost|p2a: Slither Wing|def|1\n|-unboost|p2a: Slither Wing|spd|1\n|\n|-weather|none\n|-heal|p1a: Grafaiai|25\/100|[from] item: Leftovers\n|upkeep\n|turn|6\n|\n|t:|1700544012\n|move|p1a: Grafaiai|Parting Shot|p2a: Slither Wing\n|-unboost|p2a: Slither Wing|atk|1\n|-unboost|p2a: Slither Wing|spa|1\n|\n|t:|1700544017\n|switch|p1a: Incineroar|Incineroar, L50, M|54\/100|[from] Parting Shot\n|-ability|p1a: Incineroar|Intimidate|boost\n|-unboost|p2a: Slither Wing|atk|1\n|-unboost|p2b: Polteageist|atk|1\n|move|p2b: Polteageist|Stored Power|p1a: Incineroar\n|-immune|p1a: Incineroar\n|move|p1b: Xatu|Air Slash|p2a: Slither Wing\n|-supereffective|p2a: Slither Wing\n|-damage|p2a: Slither Wing|0 fnt\n|faint|p2a: Slither Wing\n|-end|p2a: Slither Wing|Protosynthesis|[silent]\n|\n|upkeep\n|\n|t:|1700544027\n|switch|p2a: Barraskewda|Barraskewda, L50, M|100\/100\n|turn|7\n|\n|t:|1700544053\n|move|p1a: Incineroar|Fake Out|p2a: Barraskewda\n|-damage|p2a: Barraskewda|81\/100\n|move|p2b: Polteageist|Shadow Ball|p1b: Xatu\n|-supereffective|p1b: Xatu\n|-damage|p1b: Xatu|0 fnt\n|faint|p1b: Xatu\n|cant|p2a: Barraskewda|flinch\n|\n|-sideend|p1: Felis Regalis|move: Tailwind\n|upkeep\n|\n|t:|1700544063\n|switch|p1b: Brambleghast|Brambleghast, L50, M|100\/100\n|turn|8\n|\n|t:|1700544076\n|move|p1a: Incineroar|Protect|p1a: Incineroar\n|-singleturn|p1a: Incineroar|Protect\n|move|p1b: Brambleghast|Shadow Sneak|p2b: Polteageist\n|-supereffective|p2b: Polteageist\n|-damage|p2b: Polteageist|0 fnt\n|faint|p2b: Polteageist\n|move|p2a: Barraskewda|Liquidation|p1a: Incineroar\n|-activate|p1a: Incineroar|move: Protect\n|\n|upkeep\n|turn|9\n|\n|t:|1700544095\n|switch|p1a: Grafaiai|Grafaiai, L50, F|25\/100\n|move|p1b: Brambleghast|Shadow Sneak|p2a: Barraskewda\n|-damage|p2a: Barraskewda|45\/100\n|move|p2a: Barraskewda|Liquidation|p1a: Grafaiai\n|-damage|p1a: Grafaiai|0 fnt\n|faint|p1a: Grafaiai\n|\n|upkeep\n|\n|t:|1700544102\n|switch|p1a: Incineroar|Incineroar, L50, M|54\/100\n|-ability|p1a: Incineroar|Intimidate|boost\n|-unboost|p2a: Barraskewda|atk|1\n|turn|10\n|\n|t:|1700544109\n|move|p1a: Incineroar|Fake Out|p2a: Barraskewda\n|-damage|p2a: Barraskewda|24\/100\n|cant|p2a: Barraskewda|flinch\n|move|p1b: Brambleghast|Poltergeist|p2a: Barraskewda\n|-activate|p2a: Barraskewda|move: Poltergeist|Choice Band\n|-damage|p2a: Barraskewda|0 fnt\n|faint|p2a: Barraskewda\n|\n|win|Felis Regalis\n|l|\u2606Felis Regalis\n","uploadtime":1700544127,"views":8,"p1id":"felisregalis","p2id":"specner4","formatid":"gen9nationaldexdoubles","rating":0,"private":0,"password":""}