{"id":"gen9nationaldexdoubles-1953385584","p1":"HNakiyamas","p2":"IcyThePea","format":"[Gen 9] National Dex Doubles","log":"|j|\u2606HNakiyamas\n|j|\u2606IcyThePea\n|t:|1695780885\n|gametype|doubles\n|player|p1|HNakiyamas|169|\n|player|p2|IcyThePea|266|\n|teamsize|p1|6\n|teamsize|p2|6\n|gen|9\n|tier|[Gen 9] National Dex Doubles\n|rule|HP Percentage Mod: HP is shown in percentages\n|rule|Endless Battle Clause: Forcing endless battles is banned\n|rule|OHKO Clause: OHKO moves are banned\n|rule|Evasion Moves Clause: Evasion moves are banned\n|rule|Evasion Abilities Clause: Evasion abilities are banned\n|rule|Species Clause: Limit one of each Pok\u00e9mon\n|rule|Gravity Sleep Clause: The combination of sleep-inducing moves with imperfect accuracy and Gravity or Gigantamax Orbeetle are banned\n|clearpoke\n|poke|p1|Articuno-Galar|\n|poke|p1|Garchomp, F|\n|poke|p1|Glimmora, F|\n|poke|p1|Garganacl, F|\n|poke|p1|Gholdengo|\n|poke|p1|Sandy Shocks|\n|poke|p2|Glaceon, F|\n|poke|p2|Umbreon, F|\n|poke|p2|Espeon, F|\n|poke|p2|Leafeon, M|\n|poke|p2|Sylveon, M|\n|poke|p2|Vaporeon, M|\n|teampreview\n|\n|t:|1695780891\n|start\n|switch|p1a: Articuno|Articuno-Galar, shiny|100\/100\n|switch|p1b: Inchigo|Glimmora, F|100\/100\n|switch|p2a: Espeon|Espeon, F|100\/100\n|switch|p2b: Leafeon|Leafeon, M|100\/100\n|turn|1\n|\n|t:|1695780904\n|-terastallize|p1a: Articuno|Fire\n|move|p2a: Espeon|Psychic Terrain|p2a: Espeon\n|-fieldstart|move: Psychic Terrain\n|move|p1a: Articuno|Tailwind|p1a: Articuno\n|-sidestart|p1: HNakiyamas|move: Tailwind\n|move|p1b: Inchigo|Mortal Spin|p2b: Leafeon|[spread] p2a,p2b\n|-supereffective|p2b: Leafeon\n|-damage|p2a: Espeon|92\/100\n|-damage|p2b: Leafeon|91\/100\n|-status|p2a: Espeon|psn\n|-status|p2b: Leafeon|psn\n|move|p2b: Leafeon|Sunny Day|p2b: Leafeon\n|-weather|SunnyDay\n|\n|-weather|SunnyDay|[upkeep]\n|-damage|p2b: Leafeon|79\/100 psn|[from] psn\n|-damage|p2a: Espeon|80\/100 psn|[from] psn\n|upkeep\n|turn|2\n|\n|t:|1695780928\n|move|p2b: Leafeon|Solar Blade||[still]\n|-prepare|p2b: Leafeon|Solar Blade\n|-anim|p2b: Leafeon|Solar Blade|p1a: Articuno\n|-resisted|p1a: Articuno\n|-damage|p1a: Articuno|67\/100\n|move|p1a: Articuno|Tera Blast|p2b: Leafeon|[anim] Tera Blast Fire\n|-supereffective|p2b: Leafeon\n|-damage|p2b: Leafeon|0 fnt\n|faint|p2b: Leafeon\n|move|p1b: Inchigo|Sandstorm|p1b: Inchigo\n|-weather|Sandstorm\n|move|p2a: Espeon|Future Sight|p1a: Articuno\n|-start|p2a: Espeon|move: Future Sight\n|\n|-weather|Sandstorm|[upkeep]\n|-damage|p1a: Articuno|61\/100|[from] Sandstorm\n|-damage|p2a: Espeon|74\/100 psn|[from] Sandstorm\n|-heal|p1a: Articuno|67\/100|[from] item: Leftovers\n|-damage|p2a: Espeon|62\/100 psn|[from] psn\n|upkeep\n|\n|t:|1695780947\n|switch|p2b: Sylveon|Sylveon, M|100\/100\n|turn|3\n|\n|t:|1695780962\n|move|p1a: Articuno|Freezing Glare|p2a: Espeon\n|-resisted|p2a: Espeon\n|-damage|p2a: Espeon|32\/100 psn\n|move|p1b: Inchigo|Mortal Spin|p2b: Sylveon|[spread] p2a,p2b\n|-supereffective|p2b: Sylveon\n|-damage|p2a: Espeon|24\/100 psn\n|-damage|p2b: Sylveon|87\/100\n|-status|p2b: Sylveon|psn\n|move|p2a: Espeon|Psybeam|p1b: Inchigo\n|-supereffective|p1b: Inchigo\n|-damage|p1b: Inchigo|11\/100\n|move|p2b: Sylveon|Misty Terrain|p2b: Sylveon\n|-fieldstart|move: Misty Terrain\n|\n|-weather|Sandstorm|[upkeep]\n|-damage|p1a: Articuno|61\/100|[from] Sandstorm\n|-damage|p2a: Espeon|18\/100 psn|[from] Sandstorm\n|-damage|p2b: Sylveon|81\/100 psn|[from] Sandstorm\n|-heal|p1a: Articuno|67\/100|[from] item: Leftovers\n|-damage|p2a: Espeon|6\/100 psn|[from] psn\n|-damage|p2b: Sylveon|69\/100 psn|[from] psn\n|upkeep\n|turn|4\n|\n|t:|1695780991\n|move|p1a: Articuno|Freezing Glare|p2b: Sylveon\n|-damage|p2b: Sylveon|38\/100 psn\n|move|p1b: Inchigo|Sludge Wave|p2b: Sylveon|[spread] p1a,p2a,p2b\n|-supereffective|p2b: Sylveon\n|-damage|p1a: Articuno|34\/100\n|-damage|p2a: Espeon|0 fnt\n|-damage|p2b: Sylveon|0 fnt\n|faint|p2a: Espeon\n|faint|p2b: Sylveon\n|\n|-weather|Sandstorm|[upkeep]\n|-damage|p1a: Articuno|28\/100|[from] Sandstorm\n|-end|p1a: Articuno|move: Future Sight\n|-damage|p1a: Articuno|0 fnt\n|faint|p1a: Articuno\n|-sideend|p1: HNakiyamas|move: Tailwind\n|upkeep\n|\n|t:|1695781011\n|switch|p2a: Vaporeon|Vaporeon, M|100\/100\n|switch|p1a: Garganacl|Garganacl, F|100\/100\n|switch|p2b: Glaceon|Glaceon, F|100\/100\n|turn|5\n|\n|t:|1695781030\n|switch|p1b: Gholdengo|Gholdengo|100\/100\n|switch|p1a: Garchomp|Garchomp, F, shiny|100\/100\n|move|p2b: Glaceon|Hail|p2b: Glaceon\n|-weather|Hail\n|move|p2a: Vaporeon|Rain Dance|p2a: Vaporeon\n|-weather|RainDance\n|\n|-weather|RainDance|[upkeep]\n|upkeep\n|turn|6\n|\n|t:|1695781060\n|move|p1a: Garchomp|Iron Head|p2b: Glaceon\n|-supereffective|p2b: Glaceon\n|-damage|p2b: Glaceon|24\/100\n|move|p2b: Glaceon|Aurora Veil||[still]\n|-fail|p2b: Glaceon\n|move|p1b: Gholdengo|Shadow Ball|p2b: Glaceon\n|-damage|p2b: Glaceon|0 fnt\n|faint|p2b: Glaceon\n|move|p2a: Vaporeon|Aqua Ring|p2a: Vaporeon\n|-start|p2a: Vaporeon|Aqua Ring\n|\n|-weather|RainDance|[upkeep]\n|upkeep\n|\n|t:|1695781073\n|switch|p2b: Umbreon|Umbreon, F|100\/100\n|turn|7\n|\n|t:|1695781092\n|move|p1a: Garchomp|Dragon Claw|p2b: Umbreon\n|-damage|p2b: Umbreon|87\/100\n|move|p1b: Gholdengo|Nasty Plot|p1b: Gholdengo\n|-boost|p1b: Gholdengo|spa|2\n|move|p2a: Vaporeon|Hydro Pump|p1b: Gholdengo\n|-crit|p1b: Gholdengo\n|-enditem|p1b: Gholdengo|Focus Sash\n|-damage|p1b: Gholdengo|1\/100\n|move|p2b: Umbreon|Wish|p2b: Umbreon\n|\n|-weather|RainDance|[upkeep]\n|-heal|p2b: Umbreon|93\/100|[from] item: Leftovers\n|-fieldend|Misty Terrain\n|upkeep\n|turn|8\n|\n|t:|1695781119\n|move|p1a: Garchomp|Dragon Claw|p2a: Vaporeon\n|-damage|p2a: Vaporeon|53\/100\n|move|p1b: Gholdengo|Shadow Ball|p2a: Vaporeon\n|-damage|p2a: Vaporeon|0 fnt\n|faint|p2a: Vaporeon\n|move|p2b: Umbreon|Foul Play|p1a: Garchomp\n|-damage|p1a: Garchomp|49\/100\n|-damage|p2b: Umbreon|80\/100|[from] ability: Rough Skin|[of] p1a: Garchomp\n|\n|-weather|RainDance|[upkeep]\n|-heal|p2b: Umbreon|100\/100|[from] move: Wish|[wisher] Umbreon\n|-heal|p1a: Garchomp|55\/100|[from] item: Leftovers\n|upkeep\n|turn|9\n|\n|t:|1695781137\n|move|p1a: Garchomp|Dragon Claw|p2b: Umbreon\n|-damage|p2b: Umbreon|71\/100\n|move|p1b: Gholdengo|Dazzling Gleam|p2b: Umbreon\n|-supereffective|p2b: Umbreon\n|-damage|p2b: Umbreon|0 fnt\n|faint|p2b: Umbreon\n|\n|win|HNakiyamas\n","uploadtime":1695781158,"views":16,"p1id":"hnakiyamas","p2id":"icythepea","formatid":"gen9nationaldexdoubles","rating":0,"private":0,"password":""}