{"id":"gen9nationaldexdoubles-1957301550","p1":"Ruriania-wer","p2":"Dalender","format":"[Gen 9] National Dex Doubles","log":"|j|\u2606Ruriania-wer\n|j|\u2606Dalender\n|t:|1696206392\n|gametype|doubles\n|player|p1|Ruriania-wer|rosa|1082\n|player|p2|Dalender|guitarist|1092\n|teamsize|p1|6\n|teamsize|p2|6\n|gen|9\n|tier|[Gen 9] National Dex Doubles\n|rated|\n|rule|HP Percentage Mod: HP is shown in percentages\n|rule|Endless Battle Clause: Forcing endless battles is banned\n|rule|OHKO Clause: OHKO moves are banned\n|rule|Evasion Moves Clause: Evasion moves are banned\n|rule|Evasion Abilities Clause: Evasion abilities are banned\n|rule|Species Clause: Limit one of each Pok\u00e9mon\n|rule|Gravity Sleep Clause: The combination of sleep-inducing moves with imperfect accuracy and Gravity or Gigantamax Orbeetle are banned\n|clearpoke\n|poke|p1|Beautifly, F|\n|poke|p1|Butterfree, M|\n|poke|p1|Volcarona, M|\n|poke|p1|Masquerain, M|\n|poke|p1|Ribombee, F|\n|poke|p1|Vivillon, F|\n|poke|p2|Muk-Alola, F|\n|poke|p2|Clefairy, F|\n|poke|p2|Klefki, F|\n|poke|p2|Espeon, F|\n|poke|p2|Incineroar, F|\n|poke|p2|Lucario, F|\n|teampreview\n|\n|t:|1696206401\n|start\n|switch|p1a: \u5df4\u5927\u8776|Butterfree, M|100\/100\n|switch|p1b: \u96e8\u7fc5\u86fe|Masquerain, M|100\/100\n|switch|p2a: Princesa|Incineroar, F|100\/100\n|switch|p2b: Keysay|Klefki, F|100\/100\n|-ability|p1b: \u96e8\u7fc5\u86fe|Intimidate|boost\n|-unboost|p2a: Princesa|atk|1\n|-unboost|p2b: Keysay|atk|1\n|-ability|p2a: Princesa|Intimidate|boost\n|-unboost|p1a: \u5df4\u5927\u8776|atk|1\n|-unboost|p1b: \u96e8\u7fc5\u86fe|atk|1\n|turn|1\n|\n|t:|1696206421\n|-terastallize|p1b: \u96e8\u7fc5\u86fe|Water\n|move|p2a: Princesa|Fake Out|p1a: \u5df4\u5927\u8776\n|-damage|p1a: \u5df4\u5927\u8776|86\/100\n|move|p2b: Keysay|Light Screen|p2b: Keysay\n|-sidestart|p2: Dalender|move: Light Screen\n|cant|p1a: \u5df4\u5927\u8776|flinch\n|move|p1b: \u96e8\u7fc5\u86fe|Quiver Dance|p1b: \u96e8\u7fc5\u86fe\n|-boost|p1b: \u96e8\u7fc5\u86fe|spa|1\n|-boost|p1b: \u96e8\u7fc5\u86fe|spd|1\n|-boost|p1b: \u96e8\u7fc5\u86fe|spe|1\n|\n|upkeep\n|turn|2\n|\n|t:|1696206450\n|switch|p2b: Venus|Espeon, F|100\/100\n|-terastallize|p2a: Princesa|Grass\n|move|p1b: \u96e8\u7fc5\u86fe|Quiver Dance|p1b: \u96e8\u7fc5\u86fe\n|-boost|p1b: \u96e8\u7fc5\u86fe|spa|1\n|-boost|p1b: \u96e8\u7fc5\u86fe|spd|1\n|-boost|p1b: \u96e8\u7fc5\u86fe|spe|1\n|move|p1a: \u5df4\u5927\u8776|Sleep Powder|p2a: Princesa\n|-immune|p2a: Princesa\n|move|p2a: Princesa|Snarl|p1a: \u5df4\u5927\u8776|[spread] p1a,p1b\n|-damage|p1a: \u5df4\u5927\u8776|69\/100\n|-damage|p1b: \u96e8\u7fc5\u86fe|93\/100\n|-unboost|p1a: \u5df4\u5927\u8776|spa|1\n|-unboost|p1b: \u96e8\u7fc5\u86fe|spa|1\n|\n|upkeep\n|turn|3\n|\n|t:|1696206479\n|switch|p1a: \u711a\u7ffc\u86fe|Volcarona, M|100\/100\n|move|p1b: \u96e8\u7fc5\u86fe|Air Slash|p2a: Princesa\n|-supereffective|p2a: Princesa\n|-damage|p2a: Princesa|45\/100\n|-damage|p1b: \u96e8\u7fc5\u86fe|83\/100|[from] item: Life Orb\n|move|p2b: Venus|Calm Mind|p2b: Venus\n|-boost|p2b: Venus|spa|1\n|-boost|p2b: Venus|spd|1\n|move|p2a: Princesa|Snarl|p1b: \u96e8\u7fc5\u86fe|[spread] p1a,p1b\n|-damage|p1a: \u711a\u7ffc\u86fe|88\/100\n|-damage|p1b: \u96e8\u7fc5\u86fe|75\/100\n|-unboost|p1a: \u711a\u7ffc\u86fe|spa|1\n|-unboost|p1b: \u96e8\u7fc5\u86fe|spa|1\n|\n|-heal|p1a: \u711a\u7ffc\u86fe|95\/100|[from] item: Leftovers\n|upkeep\n|turn|4\n|\n|t:|1696206499\n|move|p1b: \u96e8\u7fc5\u86fe|Bug Buzz|p2b: Venus\n|-supereffective|p2b: Venus\n|-damage|p2b: Venus|57\/100\n|-enditem|p2b: Venus|Weakness Policy\n|-boost|p2b: Venus|atk|2|[from] item: Weakness Policy\n|-boost|p2b: Venus|spa|2|[from] item: Weakness Policy\n|-damage|p1b: \u96e8\u7fc5\u86fe|65\/100|[from] item: Life Orb\n|move|p2b: Venus|Calm Mind|p2b: Venus\n|-boost|p2b: Venus|spa|1\n|-boost|p2b: Venus|spd|1\n|move|p1a: \u711a\u7ffc\u86fe|Quiver Dance|p1a: \u711a\u7ffc\u86fe\n|-boost|p1a: \u711a\u7ffc\u86fe|spa|1\n|-boost|p1a: \u711a\u7ffc\u86fe|spd|1\n|-boost|p1a: \u711a\u7ffc\u86fe|spe|1\n|move|p2a: Princesa|Snarl|p1b: \u96e8\u7fc5\u86fe|[spread] p1a,p1b\n|-damage|p1a: \u711a\u7ffc\u86fe|87\/100\n|-damage|p1b: \u96e8\u7fc5\u86fe|57\/100\n|-unboost|p1a: \u711a\u7ffc\u86fe|spa|1\n|-unboost|p1b: \u96e8\u7fc5\u86fe|spa|1\n|\n|-heal|p1a: \u711a\u7ffc\u86fe|93\/100|[from] item: Leftovers\n|upkeep\n|turn|5\n|\n|t:|1696206526\n|move|p1b: \u96e8\u7fc5\u86fe|Quiver Dance|p1b: \u96e8\u7fc5\u86fe\n|-boost|p1b: \u96e8\u7fc5\u86fe|spa|1\n|-boost|p1b: \u96e8\u7fc5\u86fe|spd|1\n|-boost|p1b: \u96e8\u7fc5\u86fe|spe|1\n|move|p1a: \u711a\u7ffc\u86fe|Quiver Dance|p1a: \u711a\u7ffc\u86fe\n|-boost|p1a: \u711a\u7ffc\u86fe|spa|1\n|-boost|p1a: \u711a\u7ffc\u86fe|spd|1\n|-boost|p1a: \u711a\u7ffc\u86fe|spe|1\n|move|p2b: Venus|Stored Power|p1b: \u96e8\u7fc5\u86fe\n|-damage|p1b: \u96e8\u7fc5\u86fe|0 fnt\n|faint|p1b: \u96e8\u7fc5\u86fe\n|move|p2a: Princesa|Flare Blitz|p1a: \u711a\u7ffc\u86fe\n|-damage|p1a: \u711a\u7ffc\u86fe|55\/100\n|-damage|p2a: Princesa|33\/100|[from] Recoil\n|\n|-heal|p1a: \u711a\u7ffc\u86fe|61\/100|[from] item: Leftovers\n|-sideend|p2: Dalender|move: Light Screen\n|upkeep\n|\n|t:|1696206544\n|switch|p1b: \u5df4\u5927\u8776|Butterfree, M|69\/100\n|turn|6\n|\n|t:|1696206556\n|move|p1a: \u711a\u7ffc\u86fe|Fiery Dance|p2b: Venus\n|-damage|p2b: Venus|34\/100\n|-boost|p1a: \u711a\u7ffc\u86fe|spa|1\n|move|p1b: \u5df4\u5927\u8776|Sleep Powder|p2a: Princesa\n|-immune|p2a: Princesa\n|move|p2b: Venus|Stored Power|p1a: \u711a\u7ffc\u86fe\n|-damage|p1a: \u711a\u7ffc\u86fe|0 fnt\n|faint|p1a: \u711a\u7ffc\u86fe\n|move|p2a: Princesa|Flare Blitz|p1b: \u5df4\u5927\u8776\n|-supereffective|p1b: \u5df4\u5927\u8776\n|-damage|p1b: \u5df4\u5927\u8776|0 fnt\n|faint|p1b: \u5df4\u5927\u8776\n|-damage|p2a: Princesa|15\/100|[from] Recoil\n|-enditem|p2a: Princesa|Figy Berry|[eat]\n|-heal|p2a: Princesa|49\/100|[from] item: Figy Berry\n|\n|upkeep\n|-message|Ruriania-wer forfeited.\n|\n|win|Dalender\n|raw|Ruriania-wer's rating: 1082 &rarr; <strong>1060<\/strong><br \/>(-22 for losing)\n|raw|Dalender's rating: 1092 &rarr; <strong>1117<\/strong><br \/>(+25 for winning)\n|l|\u2606Ruriania-wer\n","uploadtime":1696206578,"views":15,"p1id":"rurianiawer","p2id":"dalender","formatid":"gen9nationaldexdoubles","rating":1060,"private":0,"password":""}