{"id":"gen9nationaldexdoubles-1993898013","p1":"pickeledplums","p2":"MagnetYoshi","format":"[Gen 9] National Dex Doubles","log":"|j|\u2606pickeledplums\n|j|\u2606MagnetYoshi\n|t:|1700371939\n|gametype|doubles\n|player|p1|pickeledplums|cyclist-gen4|1034\n|player|p2|MagnetYoshi|silver|1046\n|teamsize|p1|6\n|teamsize|p2|6\n|gen|9\n|tier|[Gen 9] National Dex Doubles\n|rated|\n|rule|HP Percentage Mod: HP is shown in percentages\n|rule|Endless Battle Clause: Forcing endless battles is banned\n|rule|OHKO Clause: OHKO moves are banned\n|rule|Evasion Moves Clause: Evasion moves are banned\n|rule|Evasion Abilities Clause: Evasion abilities are banned\n|rule|Species Clause: Limit one of each Pok\u00e9mon\n|rule|Gravity Sleep Clause: The combination of sleep-inducing moves with imperfect accuracy and Gravity or Gigantamax Orbeetle are banned\n|clearpoke\n|poke|p1|Pelipper, M|\n|poke|p1|Metagross|\n|poke|p1|Camerupt, M|\n|poke|p1|Swampert, F|\n|poke|p1|Amoonguss, M|\n|poke|p1|Eevee, F|\n|poke|p2|Gastrodon, M|\n|poke|p2|Clodsire, M|\n|poke|p2|Lanturn, M|\n|poke|p2|Zebstrika, F|\n|poke|p2|Ambipom, F|\n|poke|p2|Azumarill, M|\n|teampreview\n|inactive|Battle timer is ON: inactive players will automatically lose when time's up. (requested by pickeledplums)\n|\n|t:|1700371951\n|start\n|switch|p1a: Eevee|Eevee, F|100\/100\n|switch|p1b: Pelipper|Pelipper, M, shiny|100\/100\n|switch|p2a: Ambipom|Ambipom, F|100\/100\n|switch|p2b: Azumarill|Azumarill, M|100\/100\n|-weather|RainDance|[from] ability: Drizzle|[of] p1b: Pelipper\n|-ability|p1a: Eevee|Anticipation\n|turn|1\n|\n|t:|1700371965\n|move|p2a: Ambipom|Fake Out|p1a: Eevee\n|-damage|p1a: Eevee|34\/100\n|move|p1b: Pelipper|Toxic|p2b: Azumarill\n|-status|p2b: Azumarill|tox\n|cant|p1a: Eevee|flinch\n|move|p2b: Azumarill|Belly Drum|p2b: Azumarill\n|-damage|p2b: Azumarill|50\/100 tox\n|-setboost|p2b: Azumarill|atk|6|[from] move: Belly Drum\n|-enditem|p2b: Azumarill|Sitrus Berry|[eat]\n|-heal|p2b: Azumarill|75\/100 tox|[from] item: Sitrus Berry\n|\n|-weather|RainDance|[upkeep]\n|-damage|p2b: Azumarill|69\/100 tox|[from] psn\n|upkeep\n|turn|2\n|\n|t:|1700371986\n|move|p2a: Ambipom|Power-Up Punch|p1a: Eevee\n|-supereffective|p1a: Eevee\n|-damage|p1a: Eevee|0 fnt\n|-boost|p2a: Ambipom|atk|1\n|faint|p1a: Eevee\n|move|p1b: Pelipper|Tailwind|p1b: Pelipper\n|-sidestart|p1: pickeledplums|move: Tailwind\n|move|p2b: Azumarill|Waterfall|p1b: Pelipper\n|-resisted|p1b: Pelipper\n|-damage|p1b: Pelipper|0 fnt\n|faint|p1b: Pelipper\n|\n|-weather|RainDance|[upkeep]\n|-damage|p2b: Azumarill|57\/100 tox|[from] psn\n|upkeep\n|\n|t:|1700371990\n|switch|p1b: Camerupt|Camerupt, M|100\/100\n|switch|p1a: Metagross|Metagross|100\/100\n|turn|3\n|\n|t:|1700372015\n|detailschange|p1a: Metagross|Metagross-Mega\n|-mega|p1a: Metagross|Metagross|Metagrossite\n|move|p1a: Metagross|Rock Slide|p2a: Ambipom|[spread] p2b\n|-miss|p1a: Metagross|p2a: Ambipom\n|-damage|p2b: Azumarill|36\/100 tox\n|move|p2a: Ambipom|Return|p1b: Camerupt\n|-damage|p1b: Camerupt|0 fnt\n|faint|p1b: Camerupt\n|move|p2b: Azumarill|Waterfall|p1a: Metagross\n|-damage|p1a: Metagross|0 fnt\n|faint|p1a: Metagross\n|\n|-weather|RainDance|[upkeep]\n|-damage|p2b: Azumarill|18\/100 tox|[from] psn\n|upkeep\n|\n|t:|1700372026\n|switch|p1a: Swampert|Swampert, F|100\/100\n|switch|p1b: Amoonguss|Amoonguss, M|100\/100\n|turn|4\n|\n|t:|1700372045\n|-terastallize|p2a: Ambipom|Normal\n|move|p1b: Amoonguss|Protect|p1b: Amoonguss\n|-singleturn|p1b: Amoonguss|Protect\n|move|p2a: Ambipom|Return|p1b: Amoonguss\n|-activate|p1b: Amoonguss|move: Protect\n|move|p1a: Swampert|Earthquake|p2a: Ambipom|[spread] p2a,p2b\n|-activate|p1b: Amoonguss|move: Protect\n|-damage|p2a: Ambipom|32\/100\n|-damage|p2b: Azumarill|0 fnt\n|faint|p2b: Azumarill\n|\n|-weather|RainDance|[upkeep]\n|upkeep\n|\n|t:|1700372055\n|switch|p2b: Gastrodon|Gastrodon, M|100\/100\n|turn|5\n|\n|t:|1700372066\n|move|p2a: Ambipom|Return|p1b: Amoonguss\n|-damage|p1b: Amoonguss|0 fnt\n|faint|p1b: Amoonguss\n|move|p1a: Swampert|Earthquake|p2b: Gastrodon|[spread] p2a,p2b\n|-damage|p2a: Ambipom|0 fnt\n|-damage|p2b: Gastrodon|56\/100\n|faint|p2a: Ambipom\n|move|p2b: Gastrodon|Yawn|p1a: Swampert\n|-start|p1a: Swampert|move: Yawn|[of] p2b: Gastrodon\n|\n|-weather|none\n|-sideend|p1: pickeledplums|move: Tailwind\n|upkeep\n|\n|t:|1700372075\n|switch|p2a: Clodsire|Clodsire, M|100\/100\n|turn|6\n|\n|t:|1700372083\n|move|p1a: Swampert|Earthquake|p2b: Gastrodon|[spread] p2a,p2b\n|-supereffective|p2a: Clodsire\n|-damage|p2a: Clodsire|23\/100\n|-damage|p2b: Gastrodon|12\/100\n|-enditem|p2a: Clodsire|Weakness Policy\n|-boost|p2a: Clodsire|atk|2|[from] item: Weakness Policy\n|-boost|p2a: Clodsire|spa|2|[from] item: Weakness Policy\n|move|p2b: Gastrodon|Earth Power|p1a: Swampert\n|-damage|p1a: Swampert|63\/100\n|move|p2a: Clodsire|Surf|p1a: Swampert|[spread] p1a\n|-ability|p2b: Gastrodon|Storm Drain|boost\n|-boost|p2b: Gastrodon|spa|1\n|-damage|p1a: Swampert|39\/100\n|\n|-heal|p1a: Swampert|45\/100|[from] item: Leftovers\n|-end|p1a: Swampert|move: Yawn|[silent]\n|-status|p1a: Swampert|slp\n|upkeep\n|turn|7\n|\n|t:|1700372097\n|cant|p1a: Swampert|slp\n|move|p2b: Gastrodon|Earth Power|p1a: Swampert\n|-damage|p1a: Swampert|0 fnt\n|faint|p1a: Swampert\n|\n|win|MagnetYoshi\n|raw|pickeledplums's rating: 1034 &rarr; <strong>1019<\/strong><br \/>(-15 for losing)\n|raw|MagnetYoshi's rating: 1046 &rarr; <strong>1078<\/strong><br \/>(+32 for winning)\n|l|\u2606pickeledplums\n","uploadtime":1700372103,"views":8,"p1id":"pickeledplums","p2id":"magnetyoshi","formatid":"gen9nationaldexdoubles","rating":1019,"private":0,"password":""}