{"id":"gen9nationaldexdoubles-1961258607","p1":"preeeee","p2":"Tre123tre","format":"[Gen 9] National Dex Doubles","log":"|j|\u2606preeeee\n|j|\u2606Tre123tre\n|t:|1696610309\n|gametype|doubles\n|player|p1|preeeee|crasherwake|1040\n|player|p2|Tre123tre|dancer|1054\n|teamsize|p1|6\n|teamsize|p2|6\n|gen|9\n|tier|[Gen 9] National Dex Doubles\n|rated|\n|rule|HP Percentage Mod: HP is shown in percentages\n|rule|Endless Battle Clause: Forcing endless battles is banned\n|rule|OHKO Clause: OHKO moves are banned\n|rule|Evasion Moves Clause: Evasion moves are banned\n|rule|Evasion Abilities Clause: Evasion abilities are banned\n|rule|Species Clause: Limit one of each Pok\u00e9mon\n|rule|Gravity Sleep Clause: The combination of sleep-inducing moves with imperfect accuracy and Gravity or Gigantamax Orbeetle are banned\n|clearpoke\n|poke|p1|Landorus-Therian, M|\n|poke|p1|Dragonite, M|\n|poke|p1|Gliscor, F|\n|poke|p1|Darkrai|\n|poke|p1|Gyarados, F|\n|poke|p1|Blastoise, M|\n|poke|p2|Registeel|\n|poke|p2|Regirock|\n|poke|p2|Regice|\n|poke|p2|Regigigas|\n|poke|p2|Regieleki|\n|poke|p2|Regidrago|\n|teampreview\n|inactive|Battle timer is ON: inactive players will automatically lose when time's up. (requested by Tre123tre)\n|inactive|preeeee also wants the timer to be on.\n|c|\u2606preeeee|all redgi\n|\n|t:|1696610326\n|start\n|switch|p1a: Darkrai|Darkrai|100\/100\n|switch|p1b: Landorus|Landorus-Therian, M|100\/100\n|switch|p2a: Regieleki|Regieleki|100\/100\n|switch|p2b: Regidrago|Regidrago|100\/100\n|-ability|p1b: Landorus|Intimidate|boost\n|-unboost|p2a: Regieleki|atk|1\n|-unboost|p2b: Regidrago|atk|1\n|turn|1\n|c|\u2606Tre123tre|Regi go bur\n|inactive|preeeee has 120 seconds left.\n|c|\u2606preeeee|regieleki scary\n|\n|t:|1696610369\n|move|p2a: Regieleki|Volt Switch|p1a: Darkrai\n|-crit|p1a: Darkrai\n|-damage|p1a: Darkrai|13\/100\n|\n|t:|1696610375\n|switch|p2a: Regigigas|Regigigas|100\/100|[from] Volt Switch\n|-start|p2a: Regigigas|ability: Slow Start\n|move|p1a: Darkrai|Hypnosis|p2a: Regigigas\n|-status|p2a: Regigigas|slp|[from] move: Hypnosis\n|move|p1b: Landorus|U-turn|p2b: Regidrago\n|-damage|p2b: Regidrago|65\/100\n|-damage|p1b: Landorus|91\/100|[from] item: Life Orb\n|\n|t:|1696610385\n|switch|p1b: Gyarados|Gyarados, F|100\/100|[from] U-turn\n|-ability|p1b: Gyarados|Intimidate|boost\n|-unboost|p2a: Regigigas|atk|1\n|-unboost|p2b: Regidrago|atk|1\n|move|p2b: Regidrago|Dragon Energy|p1a: Darkrai|[spread] p1a,p1b\n|-damage|p1a: Darkrai|0 fnt\n|-damage|p1b: Gyarados|57\/100\n|faint|p1a: Darkrai\n|\n|upkeep\n|\n|t:|1696610394\n|switch|p1a: Landorus|Landorus-Therian, M|91\/100\n|-ability|p1a: Landorus|Intimidate|boost\n|-unboost|p2a: Regigigas|atk|1\n|-unboost|p2b: Regidrago|atk|1\n|turn|2\n|inactive|preeeee has 120 seconds left.\n|\n|t:|1696610414\n|move|p1a: Landorus|U-turn|p2b: Regidrago\n|-damage|p2b: Regidrago|33\/100\n|-damage|p1a: Landorus|81\/100|[from] item: Life Orb\n|\n|t:|1696610420\n|switch|p1a: Blastoise|Blastoise, M|100\/100|[from] U-turn\n|move|p2b: Regidrago|Dragon Pulse|p1a: Blastoise\n|-damage|p1a: Blastoise|37\/100\n|cant|p2a: Regigigas|slp\n|move|p1b: Gyarados|Avalanche|p2b: Regidrago\n|-supereffective|p2b: Regidrago\n|-damage|p2b: Regidrago|0 fnt\n|faint|p2b: Regidrago\n|\n|upkeep\n|\n|t:|1696610432\n|switch|p2b: Regieleki|Regieleki|100\/100\n|turn|3\n|\n|t:|1696610446\n|-end|p2a: Regigigas|Slow Start|[silent]\n|switch|p2a: Regice|Regice|100\/100\n|detailschange|p1a: Blastoise|Blastoise-Mega, M\n|-mega|p1a: Blastoise|Blastoise|Blastoisinite\n|move|p2b: Regieleki|Electroweb|p1a: Blastoise|[spread] p1a,p1b\n|-supereffective|p1a: Blastoise\n|-supereffective|p1b: Gyarados\n|-damage|p1a: Blastoise|0 fnt\n|-damage|p1b: Gyarados|0 fnt\n|faint|p1a: Blastoise\n|faint|p1b: Gyarados\n|\n|upkeep\n|inactive|preeeee has 120 seconds left.\n|c|\u2606preeeee|my gyarados is tera water, noooo\n|\n|t:|1696610480\n|switch|p1b: Landorus|Landorus-Therian, M|81\/100\n|switch|p1a: Dragonite|Dragonite, M|100\/100\n|-ability|p1b: Landorus|Intimidate|boost\n|-fail|p2a: Regice|unboost|[from] ability: Clear Body|[of] p2a: Regice\n|-unboost|p2b: Regieleki|atk|1\n|turn|4\n|inactive|preeeee has 120 seconds left.\n|inactive|preeeee has 90 seconds left.\n|inactive|preeeee has 60 seconds left.\n|\n|t:|1696610571\n|move|p2b: Regieleki|Electroweb|p1a: Dragonite|[spread] p1a\n|-immune|p1b: Landorus\n|-damage|p1a: Dragonite|88\/100\n|-unboost|p1a: Dragonite|spe|1\n|move|p1b: Landorus|Earthquake|p2b: Regieleki|[spread] p2a,p2b\n|-immune|p1a: Dragonite\n|-supereffective|p2b: Regieleki\n|-damage|p2a: Regice|45\/100\n|-damage|p2b: Regieleki|0 fnt\n|faint|p2b: Regieleki\n|-damage|p1b: Landorus|71\/100|[from] item: Life Orb\n|move|p2a: Regice|Ice Beam|p1b: Landorus\n|-supereffective|p1b: Landorus\n|-damage|p1b: Landorus|0 fnt\n|faint|p1b: Landorus\n|move|p1a: Dragonite|Fire Punch|p2a: Regice\n|-supereffective|p2a: Regice\n|-damage|p2a: Regice|0 fnt\n|faint|p2a: Regice\n|\n|upkeep\n|inactive|preeeee has 60 seconds left.\n|\n|t:|1696610591\n|switch|p2b: Registeel|Registeel|100\/100\n|switch|p1b: Gliscor|Gliscor, F, shiny|100\/100\n|switch|p2a: Regirock|Regirock|100\/100\n|turn|5\n|\n|t:|1696610607\n|move|p1b: Gliscor|Earthquake|p2b: Registeel|[spread] p2a,p2b\n|-immune|p1a: Dragonite\n|-supereffective|p2a: Regirock\n|-supereffective|p2b: Registeel\n|-damage|p2a: Regirock|69\/100\n|-damage|p2b: Registeel|58\/100\n|move|p2a: Regirock|Rock Slide|p1b: Gliscor|[spread] p1a,p1b\n|-supereffective|p1a: Dragonite\n|-damage|p1a: Dragonite|26\/100\n|-damage|p1b: Gliscor|68\/100\n|move|p2b: Registeel|Hidden Power|p1a: Dragonite\n|-supereffective|p1a: Dragonite\n|-damage|p1a: Dragonite|0 fnt\n|faint|p1a: Dragonite\n|\n|-status|p1b: Gliscor|tox|[from] item: Toxic Orb\n|upkeep\n|turn|6\n|\n|t:|1696610627\n|move|p1b: Gliscor|Earthquake|p2a: Regirock|[spread] p2a,p2b\n|-supereffective|p2a: Regirock\n|-supereffective|p2b: Registeel\n|-damage|p2a: Regirock|34\/100\n|-damage|p2b: Registeel|13\/100\n|move|p2a: Regirock|Rock Slide|p1b: Gliscor\n|-damage|p1b: Gliscor|26\/100 tox\n|move|p2b: Registeel|Hidden Power|p1b: Gliscor\n|-supereffective|p1b: Gliscor\n|-damage|p1b: Gliscor|0 fnt\n|faint|p1b: Gliscor\n|\n|win|Tre123tre\n|raw|preeeee's rating: 1040 &rarr; <strong>1025<\/strong><br \/>(-15 for losing)\n|raw|Tre123tre's rating: 1054 &rarr; <strong>1085<\/strong><br \/>(+31 for winning)\n|l|\u2606preeeee\n","uploadtime":1696610676,"views":14,"p1id":"preeeee","p2id":"tre123tre","formatid":"gen9nationaldexdoubles","rating":1025,"private":0,"password":""}