{"id":"gen9nationaldexdoubles-1978591910","p1":"SgtSmilies","p2":"Zelphalopod","format":"[Gen 9] National Dex Doubles","log":"|j|\u2606SgtSmilies\n|j|\u2606Zelphalopod\n|t:|1698562234\n|gametype|doubles\n|player|p1|SgtSmilies|acetrainerf|\n|player|p2|Zelphalopod|nate|\n|teamsize|p1|6\n|teamsize|p2|6\n|gen|9\n|tier|[Gen 9] National Dex Doubles\n|rule|HP Percentage Mod: HP is shown in percentages\n|rule|Endless Battle Clause: Forcing endless battles is banned\n|rule|OHKO Clause: OHKO moves are banned\n|rule|Evasion Moves Clause: Evasion moves are banned\n|rule|Evasion Abilities Clause: Evasion abilities are banned\n|rule|Species Clause: Limit one of each Pok\u00e9mon\n|rule|Gravity Sleep Clause: The combination of sleep-inducing moves with imperfect accuracy and Gravity or Gigantamax Orbeetle are banned\n|clearpoke\n|poke|p1|Coalossal, F|\n|poke|p1|Masquerain, F|\n|poke|p1|Thundurus, M|\n|poke|p1|Dragapult, F|\n|poke|p1|Chien-Pao|\n|poke|p1|Slither Wing|\n|poke|p2|Blaziken, M|\n|poke|p2|Samurott-Hisui, M|\n|poke|p2|Volcanion|\n|poke|p2|Wo-Chien|\n|poke|p2|Glimmora, F|\n|poke|p2|Gyarados, M|\n|teampreview\n|j| 2wb\n|j| Camdar\n|\n|t:|1698562281\n|start\n|switch|p1a: Global Warming|Coalossal, F|100\/100\n|switch|p1b: ANGERY|Masquerain, F, shiny|100\/100\n|switch|p2a: Shui-Long|Gyarados, M|100\/100\n|switch|p2b: Shimmer|Glimmora, F|100\/100\n|-ability|p1b: ANGERY|Intimidate|boost\n|-unboost|p2a: Shui-Long|atk|1\n|-unboost|p2b: Shimmer|atk|1\n|-ability|p2a: Shui-Long|Intimidate|boost\n|-unboost|p1a: Global Warming|atk|1\n|-unboost|p1b: ANGERY|atk|1\n|turn|1\n|\n|t:|1698562314\n|-terastallize|p1a: Global Warming|Ground\n|move|p1b: ANGERY|Aqua Jet|p1a: Global Warming\n|-supereffective|p1a: Global Warming\n|-damage|p1a: Global Warming|94\/100\n|-ability|p1a: Global Warming|Steam Engine|boost\n|-boost|p1a: Global Warming|spe|6\n|-enditem|p1a: Global Warming|Weakness Policy\n|-boost|p1a: Global Warming|atk|2|[from] item: Weakness Policy\n|-boost|p1a: Global Warming|spa|2|[from] item: Weakness Policy\n|move|p1a: Global Warming|Earth Power|p2b: Shimmer\n|-supereffective|p2b: Shimmer\n|-enditem|p2b: Shimmer|Focus Sash\n|-damage|p2b: Shimmer|1\/100\n|move|p2b: Shimmer|Light Screen|p2b: Shimmer\n|-sidestart|p2: Zelphalopod|move: Light Screen\n|move|p2a: Shui-Long|Thunder Wave|p1a: Global Warming\n|-immune|p1a: Global Warming\n|\n|upkeep\n|turn|2\n|\n|t:|1698562367\n|move|p1a: Global Warming|Protect|p1a: Global Warming\n|-singleturn|p1a: Global Warming|Protect\n|move|p2b: Shimmer|Power Gem|p1b: ANGERY\n|-supereffective|p1b: ANGERY\n|-damage|p1b: ANGERY|0 fnt\n|faint|p1b: ANGERY\n|move|p2a: Shui-Long|Waterfall|p1a: Global Warming\n|-activate|p1a: Global Warming|move: Protect\n|\n|upkeep\n|\n|t:|1698562376\n|switch|p1b: Best Wishes|Thundurus, M|100\/100\n|turn|3\n|\n|t:|1698562392\n|move|p2a: Shui-Long|Protect|p2a: Shui-Long\n|-singleturn|p2a: Shui-Long|Protect\n|move|p1a: Global Warming|Power Gem|p2a: Shui-Long\n|-activate|p2a: Shui-Long|move: Protect\n|move|p1b: Best Wishes|Wildbolt Storm|p2b: Shimmer|[spread] p2b\n|-activate|p2a: Shui-Long|move: Protect\n|-damage|p2b: Shimmer|0 fnt\n|faint|p2b: Shimmer\n|\n|upkeep\n|\n|t:|1698562402\n|switch|p2b: Fan-Ying|Wo-Chien|100\/100\n|-ability|p2b: Fan-Ying|Tablets of Ruin\n|turn|4\n|\n|t:|1698562425\n|-terastallize|p2a: Shui-Long|Water\n|move|p1a: Global Warming|Fire Blast|p2b: Fan-Ying\n|-supereffective|p2b: Fan-Ying\n|-damage|p2b: Fan-Ying|20\/100\n|move|p1b: Best Wishes|Wildbolt Storm|p2a: Shui-Long|[spread] p2b\n|-miss|p1b: Best Wishes|p2a: Shui-Long\n|-resisted|p2b: Fan-Ying\n|-damage|p2b: Fan-Ying|7\/100\n|-status|p2b: Fan-Ying|par\n|move|p2a: Shui-Long|Waterfall|p1b: Best Wishes\n|-damage|p1b: Best Wishes|59\/100\n|cant|p2b: Fan-Ying|par\n|\n|upkeep\n|turn|5\n|c|\u2606Zelphalopod|:[\n|\n|t:|1698562461\n|move|p1a: Global Warming|Earth Power|p2a: Shui-Long\n|-damage|p2a: Shui-Long|49\/100\n|move|p1b: Best Wishes|Wildbolt Storm|p2b: Fan-Ying|[spread] p2a,p2b\n|-supereffective|p2a: Shui-Long\n|-resisted|p2b: Fan-Ying\n|-damage|p2a: Shui-Long|0 fnt\n|-damage|p2b: Fan-Ying|0 fnt\n|faint|p2a: Shui-Long\n|faint|p2b: Fan-Ying\n|\n|-sideend|p2: Zelphalopod|move: Light Screen\n|upkeep\n|\n|t:|1698562474\n|switch|p2a: Storm|Volcanion|100\/100\n|switch|p2b: Yin|Samurott-Hisui, M|100\/100\n|turn|6\n|\n|t:|1698562488\n|move|p1a: Global Warming|Earth Power|p2a: Storm\n|-supereffective|p2a: Storm\n|-damage|p2a: Storm|11\/100\n|move|p1b: Best Wishes|Wildbolt Storm|p2a: Storm|[spread] p2a,p2b\n|-supereffective|p2a: Storm\n|-supereffective|p2b: Yin\n|-damage|p2a: Storm|0 fnt\n|-damage|p2b: Yin|0 fnt\n|faint|p2a: Storm\n|faint|p2b: Yin\n|\n|upkeep\n|\n|t:|1698562498\n|switch|p2b: Taro|Blaziken, M|100\/100\n|turn|7\n|\n|t:|1698562507\n|move|p1a: Global Warming|Earth Power|p2b: Taro\n|-supereffective|p2b: Taro\n|-damage|p2b: Taro|0 fnt\n|faint|p2b: Taro\n|\n|win|SgtSmilies\n|c|\u2606Zelphalopod|that para really boned me\n|c|\u2606Zelphalopod|c'est la vie\n|l|\u2606Zelphalopod\n","uploadtime":1698562526,"views":17,"p1id":"sgtsmilies","p2id":"zelphalopod","formatid":"gen9nationaldexdoubles","rating":0,"private":0,"password":""}