{"id":"gen9nationaldexdoubles-1977627155","p1":"Gatita golosa 123","p2":"Drixzard","format":"[Gen 9] National Dex Doubles","log":"|j|\u2606Gatita golosa 123\n|j|\u2606Drixzard\n|t:|1698433111\n|gametype|doubles\n|player|p1|Gatita golosa 123|pokekid|\n|player|p2|Drixzard|170|\n|teamsize|p1|6\n|teamsize|p2|6\n|gen|9\n|tier|[Gen 9] National Dex Doubles\n|rule|HP Percentage Mod: HP is shown in percentages\n|rule|Endless Battle Clause: Forcing endless battles is banned\n|rule|OHKO Clause: OHKO moves are banned\n|rule|Evasion Moves Clause: Evasion moves are banned\n|rule|Evasion Abilities Clause: Evasion abilities are banned\n|rule|Species Clause: Limit one of each Pok\u00e9mon\n|rule|Gravity Sleep Clause: The combination of sleep-inducing moves with imperfect accuracy and Gravity or Gigantamax Orbeetle are banned\n|clearpoke\n|poke|p1|Maushold-Four|\n|poke|p1|Sableye, F|\n|poke|p1|Garganacl, F|\n|poke|p1|Samurott-Hisui, F|\n|poke|p1|Roaring Moon|\n|poke|p1|Zoroark-Hisui, F|\n|poke|p2|Sinistcha-Masterpiece|\n|poke|p2|Flutter Mane|\n|poke|p2|Gholdengo|\n|poke|p2|Skeledirge, M|\n|poke|p2|Typhlosion-Hisui, M|\n|poke|p2|Marshadow|\n|teampreview\n|\n|t:|1698433138\n|start\n|switch|p1a: Garganacl|Garganacl, F|100\/100\n|switch|p1b: Roaring Moon|Roaring Moon|100\/100\n|switch|p2a: Gholdengo|Gholdengo|100\/100\n|switch|p2b: Sinistcha|Sinistcha-Masterpiece|100\/100\n|-enditem|p1b: Roaring Moon|Booster Energy\n|-activate|p1b: Roaring Moon|ability: Protosynthesis|[fromitem]\n|-start|p1b: Roaring Moon|protosynthesisspe\n|turn|1\n|\n|t:|1698433155\n|move|p1a: Garganacl|Wide Guard|p1a: Garganacl\n|-singleturn|p1a: Garganacl|Wide Guard\n|move|p1b: Roaring Moon|Snarl|p2b: Sinistcha|[spread] p2a,p2b\n|-supereffective|p2a: Gholdengo\n|-supereffective|p2b: Sinistcha\n|-crit|p2b: Sinistcha\n|-damage|p2a: Gholdengo|81\/100\n|-damage|p2b: Sinistcha|75\/100\n|-unboost|p2a: Gholdengo|spa|1\n|-unboost|p2b: Sinistcha|spa|1\n|move|p2a: Gholdengo|Dazzling Gleam|p1b: Roaring Moon|[spread] \n|-activate|p1a: Garganacl|move: Wide Guard\n|-activate|p1b: Roaring Moon|move: Wide Guard\n|move|p2b: Sinistcha|Matcha Gotcha|p1a: Garganacl|[spread] \n|-activate|p1a: Garganacl|move: Wide Guard\n|-activate|p1b: Roaring Moon|move: Wide Guard\n|\n|-heal|p2b: Sinistcha|81\/100|[from] item: Leftovers\n|upkeep\n|turn|2\n|\n|t:|1698433182\n|switch|p2a: Skeledirge|Skeledirge, M|100\/100\n|move|p1b: Roaring Moon|Throat Chop|p2a: Skeledirge\n|-supereffective|p2a: Skeledirge\n|-damage|p2a: Skeledirge|15\/100\n|-start|p2a: Skeledirge|Throat Chop|[silent]\n|move|p2b: Sinistcha|Strength Sap|p1b: Roaring Moon\n|-unboost|p1b: Roaring Moon|atk|1\n|-heal|p2b: Sinistcha|100\/100\n|move|p1a: Garganacl|Salt Cure|p2a: Skeledirge\n|-supereffective|p2a: Skeledirge\n|-damage|p2a: Skeledirge|0 fnt\n|faint|p2a: Skeledirge\n|\n|upkeep\n|\n|t:|1698433201\n|switch|p2a: Flutter Mane|Flutter Mane|100\/100\n|-enditem|p2a: Flutter Mane|Booster Energy\n|-activate|p2a: Flutter Mane|ability: Protosynthesis|[fromitem]\n|-start|p2a: Flutter Mane|protosynthesisspe\n|turn|3\n|\n|t:|1698433216\n|move|p1a: Garganacl|Wide Guard|p1a: Garganacl\n|-singleturn|p1a: Garganacl|Wide Guard\n|move|p2a: Flutter Mane|Energy Ball|p1a: Garganacl\n|-supereffective|p1a: Garganacl\n|-damage|p1a: Garganacl|43\/100\n|-enditem|p1a: Garganacl|Maranga Berry|[eat]\n|-boost|p1a: Garganacl|spd|1|[from] item: Maranga Berry\n|move|p1b: Roaring Moon|Tailwind|p1b: Roaring Moon\n|-sidestart|p1: Gatita golosa 123|move: Tailwind\n|move|p2b: Sinistcha|Strength Sap|p1b: Roaring Moon\n|-unboost|p1b: Roaring Moon|atk|1\n|\n|upkeep\n|turn|4\n|\n|t:|1698433238\n|move|p1b: Roaring Moon|Snarl|p2a: Flutter Mane|[spread] p2a,p2b\n|-supereffective|p2b: Sinistcha\n|-damage|p2a: Flutter Mane|92\/100\n|-damage|p2b: Sinistcha|84\/100\n|-unboost|p2a: Flutter Mane|spa|1\n|-unboost|p2b: Sinistcha|spa|1\n|move|p2a: Flutter Mane|Icy Wind|p1b: Roaring Moon|[spread] p1a,p1b\n|-supereffective|p1b: Roaring Moon\n|-damage|p1a: Garganacl|37\/100\n|-damage|p1b: Roaring Moon|82\/100\n|-unboost|p1a: Garganacl|spe|1\n|-unboost|p1b: Roaring Moon|spe|1\n|move|p2b: Sinistcha|Matcha Gotcha|p1a: Garganacl|[spread] p1a,p1b\n|-supereffective|p1a: Garganacl\n|-resisted|p1b: Roaring Moon\n|-damage|p1a: Garganacl|19\/100\n|-heal|p2b: Sinistcha|97\/100|[from] drain|[of] p1a: Garganacl\n|-damage|p1b: Roaring Moon|76\/100\n|-heal|p2b: Sinistcha|100\/100|[from] drain|[of] p1b: Roaring Moon\n|-status|p1b: Roaring Moon|brn\n|move|p1a: Garganacl|Heavy Slam|p2a: Flutter Mane\n|-supereffective|p2a: Flutter Mane\n|-damage|p2a: Flutter Mane|0 fnt\n|faint|p2a: Flutter Mane\n|-end|p2a: Flutter Mane|Protosynthesis|[silent]\n|\n|-damage|p1b: Roaring Moon|70\/100 brn|[from] brn\n|upkeep\n|\n|t:|1698433262\n|switch|p2a: Typhlosion|Typhlosion-Hisui, M|100\/100\n|turn|5\n|\n|t:|1698433269\n|move|p1a: Garganacl|Wide Guard|p1a: Garganacl\n|-singleturn|p1a: Garganacl|Wide Guard\n|move|p1b: Roaring Moon|Throat Chop|p2a: Typhlosion\n|-supereffective|p2a: Typhlosion\n|-damage|p2a: Typhlosion|70\/100\n|-start|p2a: Typhlosion|Throat Chop|[silent]\n|move|p2a: Typhlosion|Eruption|p1b: Roaring Moon|[spread] \n|-activate|p1a: Garganacl|move: Wide Guard\n|-activate|p1b: Roaring Moon|move: Wide Guard\n|move|p2b: Sinistcha|Matcha Gotcha|p1b: Roaring Moon|[spread] \n|-activate|p1a: Garganacl|move: Wide Guard\n|-activate|p1b: Roaring Moon|move: Wide Guard\n|\n|-damage|p1b: Roaring Moon|64\/100 brn|[from] brn\n|upkeep\n|turn|6\n|\n|t:|1698433285\n|move|p1b: Roaring Moon|Snarl|p2a: Typhlosion|[spread] p2a,p2b\n|-supereffective|p2a: Typhlosion\n|-supereffective|p2b: Sinistcha\n|-damage|p2a: Typhlosion|49\/100\n|-damage|p2b: Sinistcha|84\/100\n|-unboost|p2a: Typhlosion|spa|1\n|-unboost|p2b: Sinistcha|spa|1\n|move|p2a: Typhlosion|Eruption|p1b: Roaring Moon|[spread] p1a,p1b\n|-resisted|p1a: Garganacl\n|-resisted|p1b: Roaring Moon\n|-damage|p1a: Garganacl|13\/100\n|-damage|p1b: Roaring Moon|56\/100 brn\n|move|p2b: Sinistcha|Shadow Ball|p1a: Garganacl\n|-damage|p1a: Garganacl|8\/100\n|move|p1a: Garganacl|Salt Cure|p2b: Sinistcha\n|-damage|p2b: Sinistcha|68\/100\n|-start|p2b: Sinistcha|Salt Cure\n|\n|-heal|p2b: Sinistcha|74\/100|[from] item: Leftovers\n|-damage|p1b: Roaring Moon|50\/100 brn|[from] brn\n|-damage|p2b: Sinistcha|62\/100|[from] Salt Cure\n|-end|p2a: Typhlosion|Throat Chop|[silent]\n|-sideend|p1: Gatita golosa 123|move: Tailwind\n|upkeep\n|turn|7\n|\n|t:|1698433324\n|switch|p2a: Gholdengo|Gholdengo|81\/100\n|-end|p1b: Roaring Moon|Protosynthesis|[silent]\n|switch|p1b: Maushold|Maushold-Four|100\/100\n|move|p2b: Sinistcha|Shadow Ball|p1a: Garganacl\n|-damage|p1a: Garganacl|4\/100\n|move|p1a: Garganacl|Recover|p1a: Garganacl\n|-heal|p1a: Garganacl|54\/100\n|\n|-heal|p2b: Sinistcha|68\/100|[from] item: Leftovers\n|-damage|p2b: Sinistcha|56\/100|[from] Salt Cure\n|upkeep\n|turn|8\n|\n|t:|1698433349\n|move|p2a: Gholdengo|Shadow Ball|p1a: Garganacl\n|-damage|p1a: Garganacl|45\/100\n|move|p1b: Maushold|Shadow Claw|p2a: Gholdengo\n|-supereffective|p2a: Gholdengo\n|-damage|p2a: Gholdengo|54\/100\n|move|p2b: Sinistcha|Shadow Ball|p1a: Garganacl\n|-damage|p1a: Garganacl|41\/100\n|move|p1a: Garganacl|Salt Cure|p2a: Gholdengo\n|-resisted|p2a: Gholdengo\n|-damage|p2a: Gholdengo|46\/100\n|-start|p2a: Gholdengo|Salt Cure\n|\n|-heal|p2b: Sinistcha|62\/100|[from] item: Leftovers\n|-damage|p2a: Gholdengo|21\/100|[from] Salt Cure\n|-damage|p2b: Sinistcha|49\/100|[from] Salt Cure\n|upkeep\n|turn|9\n|\n|t:|1698433378\n|switch|p2b: Typhlosion|Typhlosion-Hisui, M|49\/100\n|-item|p1b: Maushold|Leftovers|[from] ability: Frisk|[of] p2b: Typhlosion|[identify]\n|move|p2a: Gholdengo|Shadow Ball|p1a: Garganacl\n|-damage|p1a: Garganacl|32\/100\n|move|p1b: Maushold|Shadow Claw|p2a: Gholdengo\n|-supereffective|p2a: Gholdengo\n|-damage|p2a: Gholdengo|0 fnt\n|faint|p2a: Gholdengo\n|move|p1a: Garganacl|Recover|p1a: Garganacl\n|-heal|p1a: Garganacl|82\/100\n|\n|upkeep\n|\n|t:|1698433394\n|switch|p2a: Sinistcha|Sinistcha-Masterpiece|49\/100\n|turn|10\n|\n|t:|1698433428\n|move|p2b: Typhlosion|Heat Wave|p1b: Maushold|[spread] p1a,p1b\n|-resisted|p1a: Garganacl\n|-damage|p1a: Garganacl|74\/100\n|-damage|p1b: Maushold|63\/100\n|move|p1b: Maushold|Thunder Wave|p2b: Typhlosion\n|-status|p2b: Typhlosion|par\n|move|p2a: Sinistcha|Strength Sap|p1b: Maushold\n|-unboost|p1b: Maushold|atk|1\n|-heal|p2a: Sinistcha|100\/100\n|move|p1a: Garganacl|Salt Cure|p2a: Sinistcha\n|-damage|p2a: Sinistcha|85\/100\n|-start|p2a: Sinistcha|Salt Cure\n|\n|-heal|p1b: Maushold|69\/100|[from] item: Leftovers\n|-heal|p2a: Sinistcha|91\/100|[from] item: Leftovers\n|-damage|p2a: Sinistcha|79\/100|[from] Salt Cure\n|upkeep\n|turn|11\n|\n|t:|1698433449\n|move|p1b: Maushold|Tidy Up|p1b: Maushold\n|-boost|p1b: Maushold|atk|1\n|-boost|p1b: Maushold|spe|1\n|cant|p2b: Typhlosion|par\n|move|p2a: Sinistcha|Calm Mind|p2a: Sinistcha\n|-boost|p2a: Sinistcha|spa|1\n|-boost|p2a: Sinistcha|spd|1\n|move|p1a: Garganacl|Salt Cure|p2b: Typhlosion\n|-supereffective|p2b: Typhlosion\n|-damage|p2b: Typhlosion|9\/100 par\n|-start|p2b: Typhlosion|Salt Cure\n|\n|-heal|p1b: Maushold|76\/100|[from] item: Leftovers\n|-heal|p2a: Sinistcha|85\/100|[from] item: Leftovers\n|-damage|p2b: Typhlosion|0 fnt|[from] Salt Cure\n|faint|p2b: Typhlosion\n|-damage|p2a: Sinistcha|73\/100|[from] Salt Cure\n|upkeep\n|\n|t:|1698433457\n|switch|p2b: Marshadow|Marshadow|100\/100\n|turn|12\n|\n|t:|1698433486\n|move|p1b: Maushold|Thunder Wave|p2b: Marshadow\n|-status|p2b: Marshadow|par\n|move|p2b: Marshadow|Spectral Thief||[still]\n|-clearpositiveboost|p1a: Garganacl|p2b: Marshadow|move: Spectral Thief\n|-boost|p2b: Marshadow|spd|1\n|-anim|p2b: Marshadow|Spectral Thief|p1a: Garganacl\n|-damage|p1a: Garganacl|64\/100\n|move|p2a: Sinistcha|Matcha Gotcha|p1a: Garganacl|[spread] p1a\n|-miss|p2a: Sinistcha|p1b: Maushold\n|-supereffective|p1a: Garganacl\n|-damage|p1a: Garganacl|0 fnt\n|-heal|p2a: Sinistcha|100\/100|[from] drain|[of] p1a: Garganacl\n|faint|p1a: Garganacl\n|\n|-heal|p1b: Maushold|82\/100|[from] item: Leftovers\n|-damage|p2a: Sinistcha|88\/100|[from] Salt Cure\n|upkeep\n|\n|t:|1698433514\n|switch|p1a: Samurott|Samurott-Hisui, F|100\/100\n|turn|13\n|\n|t:|1698433523\n|move|p1b: Maushold|Follow Me|p1b: Maushold\n|-singleturn|p1b: Maushold|move: Follow Me\n|move|p1a: Samurott|Ceaseless Edge|p2a: Sinistcha\n|-supereffective|p2a: Sinistcha\n|-damage|p2a: Sinistcha|0 fnt\n|-sidestart|p2: Drixzard|Spikes\n|faint|p2a: Sinistcha\n|cant|p2b: Marshadow|par\n|\n|-heal|p1b: Maushold|88\/100|[from] item: Leftovers\n|upkeep\n|turn|14\n|\n|t:|1698433535\n|move|p1b: Maushold|Shadow Claw|p2b: Marshadow\n|-supereffective|p2b: Marshadow\n|-damage|p2b: Marshadow|67\/100 par\n|move|p1a: Samurott|Ceaseless Edge|p2b: Marshadow\n|-damage|p2b: Marshadow|9\/100 par\n|-sidestart|p2: Drixzard|Spikes\n|move|p2b: Marshadow|Spectral Thief|p1a: Samurott\n|-resisted|p1a: Samurott\n|-damage|p1a: Samurott|77\/100\n|\n|-heal|p1b: Maushold|94\/100|[from] item: Leftovers\n|upkeep\n|turn|15\n|\n|t:|1698433544\n|move|p1a: Samurott|Aqua Jet|p2b: Marshadow\n|-damage|p2b: Marshadow|0 fnt\n|faint|p2b: Marshadow\n|\n|win|Gatita golosa 123\n","uploadtime":1698433674,"views":15,"p1id":"gatitagolosa123","p2id":"drixzard","formatid":"gen9nationaldexdoubles","rating":0,"private":0,"password":""}