{"id":"gen9nationaldexdoubles-1993409663","p1":"PH Wetwipe","p2":"Dantioch","format":"[Gen 9] National Dex Doubles","log":"|j|\u2606PH Wetwipe\n|j|\u2606Dantioch\n|t:|1700314028\n|gametype|doubles\n|player|p1|PH Wetwipe|unknown|1092\n|player|p2|Dantioch|ingo|1152\n|teamsize|p1|6\n|teamsize|p2|6\n|gen|9\n|tier|[Gen 9] National Dex Doubles\n|rated|\n|rule|HP Percentage Mod: HP is shown in percentages\n|rule|Endless Battle Clause: Forcing endless battles is banned\n|rule|OHKO Clause: OHKO moves are banned\n|rule|Evasion Moves Clause: Evasion moves are banned\n|rule|Evasion Abilities Clause: Evasion abilities are banned\n|rule|Species Clause: Limit one of each Pok\u00e9mon\n|rule|Gravity Sleep Clause: The combination of sleep-inducing moves with imperfect accuracy and Gravity or Gigantamax Orbeetle are banned\n|clearpoke\n|poke|p1|Kommo-o, M|\n|poke|p1|Volcarona, M|\n|poke|p1|Quaquaval, F|\n|poke|p1|Lilligant, F|\n|poke|p1|Oricorio-Pom-Pom, M|\n|poke|p1|Flutter Mane|\n|poke|p2|Gyarados, M|\n|poke|p2|Volcarona, F|\n|poke|p2|Roserade, F|\n|poke|p2|Tyrantrum, M|\n|poke|p2|Mimikyu, M|\n|poke|p2|Kingambit, F|\n|teampreview\n|inactive|Battle timer is ON: inactive players will automatically lose when time's up. (requested by PH Wetwipe)\n|\n|t:|1700314035\n|start\n|switch|p1a: Kommo-o|Kommo-o, M|100\/100\n|switch|p1b: Oricorio|Oricorio-Pom-Pom, M|100\/100\n|switch|p2a: Roserade|Roserade, F|100\/100\n|switch|p2b: Tyrantrum|Tyrantrum, M|100\/100\n|turn|1\n|\n|t:|1700314054\n|move|p2a: Roserade|Sleep Powder|p1a: Kommo-o\n|-immune|p1a: Kommo-o|[from] ability: Overcoat\n|move|p1a: Kommo-o|Clangorous Soul|p1a: Kommo-o\n|-boost|p1a: Kommo-o|atk|1\n|-boost|p1a: Kommo-o|def|1\n|-boost|p1a: Kommo-o|spa|1\n|-boost|p1a: Kommo-o|spd|1\n|-boost|p1a: Kommo-o|spe|1\n|-damage|p1a: Kommo-o|68\/100\n|-activate|p1b: Oricorio|ability: Dancer\n|move|p1b: Oricorio|Clangorous Soul|p1b: Oricorio|[from]ability: Dancer\n|-boost|p1b: Oricorio|atk|1\n|-boost|p1b: Oricorio|def|1\n|-boost|p1b: Oricorio|spa|1\n|-boost|p1b: Oricorio|spd|1\n|-boost|p1b: Oricorio|spe|1\n|-damage|p1b: Oricorio|68\/100\n|move|p1b: Oricorio|Air Slash|p2a: Roserade\n|-supereffective|p2a: Roserade\n|-damage|p2a: Roserade|3\/100\n|move|p2b: Tyrantrum|Curse|p2b: Tyrantrum\n|-unboost|p2b: Tyrantrum|spe|1\n|-boost|p2b: Tyrantrum|atk|1\n|-boost|p2b: Tyrantrum|def|1\n|\n|upkeep\n|turn|2\n|inactive|Dantioch has 120 seconds left.\n|\n|t:|1700314097\n|switch|p2a: Volcarona|Volcarona, F|100\/100\n|move|p1a: Kommo-o|Aura Sphere|p2b: Tyrantrum\n|-supereffective|p2b: Tyrantrum\n|-damage|p2b: Tyrantrum|5\/100\n|move|p1b: Oricorio|Air Slash|p2a: Volcarona\n|-supereffective|p2a: Volcarona\n|-damage|p2a: Volcarona|8\/100\n|move|p2b: Tyrantrum|Dragon Tail|p1a: Kommo-o\n|-supereffective|p1a: Kommo-o\n|-damage|p1a: Kommo-o|8\/100\n|drag|p1a: Quaquaval|Quaquaval, F|100\/100\n|\n|upkeep\n|turn|3\n|inactive|Dantioch has 120 seconds left.\n|\n|t:|1700314125\n|move|p1b: Oricorio|Air Slash|p2a: Volcarona\n|-supereffective|p2a: Volcarona\n|-damage|p2a: Volcarona|0 fnt\n|faint|p2a: Volcarona\n|move|p1a: Quaquaval|Aqua Step|p2b: Tyrantrum\n|-crit|p2b: Tyrantrum\n|-damage|p2b: Tyrantrum|0 fnt\n|-boost|p1a: Quaquaval|spe|1\n|faint|p2b: Tyrantrum\n|-ability|p1a: Quaquaval|Moxie|boost\n|-boost|p1a: Quaquaval|atk|1\n|-damage|p1a: Quaquaval|90\/100|[from] item: Life Orb\n|-activate|p1b: Oricorio|ability: Dancer\n|move|p1b: Oricorio|Aqua Step|p2: Volcarona|[from]ability: Dancer|[notarget]\n|-fail|p1b: Oricorio\n|\n|upkeep\n|\n|t:|1700314146\n|switch|p2a: Roserade|Roserade, F|3\/100\n|switch|p2b: Gyarados|Gyarados, M|100\/100\n|-ability|p2b: Gyarados|Intimidate|boost\n|-unboost|p1a: Quaquaval|atk|1\n|-fail|p1b: Oricorio|unboost|[from] item: Clear Amulet|[of] p1b: Oricorio\n|turn|4\n|\n|t:|1700314167\n|detailschange|p2b: Gyarados|Gyarados-Mega, M\n|-mega|p2b: Gyarados|Gyarados|Gyaradosite\n|-ability|p2b: Gyarados|Mold Breaker\n|move|p1b: Oricorio|Revelation Dance|p2b: Gyarados\n|-supereffective|p2b: Gyarados\n|-damage|p2b: Gyarados|16\/100\n|move|p1a: Quaquaval|Aqua Step|p2a: Roserade\n|-resisted|p2a: Roserade\n|-damage|p2a: Roserade|0 fnt\n|-boost|p1a: Quaquaval|spe|1\n|faint|p2a: Roserade\n|-ability|p1a: Quaquaval|Moxie|boost\n|-boost|p1a: Quaquaval|atk|1\n|-damage|p1a: Quaquaval|80\/100|[from] item: Life Orb\n|-activate|p1b: Oricorio|ability: Dancer\n|move|p1b: Oricorio|Aqua Step|p2b: Gyarados|[from]ability: Dancer\n|-resisted|p2b: Gyarados\n|-damage|p2b: Gyarados|9\/100\n|-boost|p1b: Oricorio|spe|1\n|move|p2b: Gyarados|Crunch|p1b: Oricorio\n|-damage|p1b: Oricorio|23\/100\n|\n|upkeep\n|inactive|Dantioch has 90 seconds left.\n|\n|t:|1700314193\n|switch|p2a: Mimikyu|Mimikyu, M|100\/100\n|turn|5\n|inactive|Dantioch has 90 seconds left.\n|\n|t:|1700314215\n|move|p1b: Oricorio|Revelation Dance|p2b: Gyarados\n|-supereffective|p2b: Gyarados\n|-damage|p2b: Gyarados|0 fnt\n|faint|p2b: Gyarados\n|move|p1a: Quaquaval|Aqua Step|p2a: Mimikyu\n|-activate|p2a: Mimikyu|ability: Disguise\n|-damage|p2a: Mimikyu|100\/100\n|-boost|p1a: Quaquaval|spe|1\n|detailschange|p2a: Mimikyu|Mimikyu-Busted, M\n|-damage|p2a: Mimikyu|88\/100|[from] pokemon: Mimikyu-Busted\n|-damage|p1a: Quaquaval|70\/100|[from] item: Life Orb\n|-activate|p1b: Oricorio|ability: Dancer\n|move|p1b: Oricorio|Aqua Step|p2a: Mimikyu|[from]ability: Dancer\n|-damage|p2a: Mimikyu|65\/100\n|-boost|p1b: Oricorio|spe|1\n|move|p2a: Mimikyu|Swords Dance|p2a: Mimikyu\n|-boost|p2a: Mimikyu|atk|2\n|-activate|p1b: Oricorio|ability: Dancer\n|move|p1b: Oricorio|Swords Dance|p1b: Oricorio|[from]ability: Dancer\n|-boost|p1b: Oricorio|atk|2\n|\n|upkeep\n|\n|t:|1700314242\n|switch|p2b: Kingambit|Kingambit, F|100\/100\n|-activate|p2b: Kingambit|ability: Supreme Overlord\n|-start|p2b: Kingambit|fallen4|[silent]\n|turn|6\n|\n|t:|1700314263\n|move|p1b: Oricorio|Revelation Dance|p2a: Mimikyu\n|-damage|p2a: Mimikyu|0 fnt\n|faint|p2a: Mimikyu\n|move|p1a: Quaquaval|Brick Break|p2b: Kingambit\n|-supereffective|p2b: Kingambit\n|-damage|p2b: Kingambit|0 fnt\n|faint|p2b: Kingambit\n|-end|p2b: Kingambit|fallen4|[silent]\n|-damage|p1a: Quaquaval|60\/100|[from] item: Life Orb\n|\n|win|PH Wetwipe\n|raw|PH Wetwipe's rating: 1092 &rarr; <strong>1123<\/strong><br \/>(+31 for winning)\n|raw|Dantioch's rating: 1152 &rarr; <strong>1123<\/strong><br \/>(-29 for losing)\n|l|\u2606Dantioch\n","uploadtime":1700314470,"views":5,"p1id":"phwetwipe","p2id":"dantioch","formatid":"gen9nationaldexdoubles","rating":1123,"private":0,"password":""}