{"id":"gen9nationaldexdoubles-1952531060","p1":"Brick_Enjoyer_144","p2":"shue5225","format":"[Gen 9] National Dex Doubles","log":"|j|\u2606Brick_Enjoyer_144\n|j|\u2606shue5225\n|t:|1695694000\n|gametype|doubles\n|player|p1|Brick_Enjoyer_144|shauntal|1107\n|player|p2|shue5225|101|1160\n|teamsize|p1|6\n|teamsize|p2|6\n|gen|9\n|tier|[Gen 9] National Dex Doubles\n|rated|\n|rule|HP Percentage Mod: HP is shown in percentages\n|rule|Endless Battle Clause: Forcing endless battles is banned\n|rule|OHKO Clause: OHKO moves are banned\n|rule|Evasion Moves Clause: Evasion moves are banned\n|rule|Evasion Abilities Clause: Evasion abilities are banned\n|rule|Species Clause: Limit one of each Pok\u00e9mon\n|rule|Gravity Sleep Clause: The combination of sleep-inducing moves with imperfect accuracy and Gravity or Gigantamax Orbeetle are banned\n|clearpoke\n|poke|p1|Spiritomb, M|\n|poke|p1|Cetitan, F|\n|poke|p1|Porygon2|\n|poke|p1|Stakataka|\n|poke|p1|Vikavolt, F|\n|poke|p1|Volcanion|\n|poke|p2|Cresselia, F|\n|poke|p2|Flutter Mane|\n|poke|p2|Heatran, M|\n|poke|p2|Ogerpon-Wellspring, F|\n|poke|p2|Iron Hands|\n|poke|p2|Landorus-Therian, M|\n|teampreview\n|inactive|Battle timer is ON: inactive players will automatically lose when time's up. (requested by Brick_Enjoyer_144)\n|\n|t:|1695694019\n|start\n|switch|p1a: Spiritomb|Spiritomb, M|100\/100\n|switch|p1b: Cetitan|Cetitan, F|100\/100\n|switch|p2a: Cresselia|Cresselia, F|100\/100\n|switch|p2b: Iron Hands|Iron Hands|100\/100\n|-ability|p1a: Spiritomb|Pressure\n|turn|1\n|inactive|shue5225 has 120 seconds left.\n|\n|t:|1695694057\n|switch|p1b: Stakataka|Stakataka|100\/100\n|move|p2b: Iron Hands|Fake Out|p1b: Stakataka\n|-resisted|p1b: Stakataka\n|-damage|p1b: Stakataka|99\/100\n|move|p2a: Cresselia|Icy Wind|p1b: Stakataka|[spread] p1a,p1b\n|-resisted|p1b: Stakataka\n|-damage|p1a: Spiritomb|95\/100\n|-damage|p1b: Stakataka|95\/100\n|-unboost|p1a: Spiritomb|spe|1\n|-unboost|p1b: Stakataka|spe|1\n|move|p1a: Spiritomb|Trick Room|p1a: Spiritomb\n|-fieldstart|move: Trick Room|[of] p1a: Spiritomb\n|\n|-heal|p1a: Spiritomb|100\/100|[from] item: Leftovers\n|upkeep\n|turn|2\n|inactive|shue5225 has 120 seconds left.\n|inactive|Brick_Enjoyer_144 has 120 seconds left.\n|\n|t:|1695694089\n|move|p1a: Spiritomb|Sucker Punch||[still]\n|-fail|p1a: Spiritomb\n|move|p1b: Stakataka|Body Press|p2b: Iron Hands\n|-damage|p2b: Iron Hands|72\/100\n|move|p2b: Iron Hands|Earthquake|p1b: Stakataka|[spread] p1a,p1b\n|-immune|p2a: Cresselia|[from] ability: Levitate\n|-supereffective|p1b: Stakataka\n|-damage|p1a: Spiritomb|67\/100\n|-damage|p1b: Stakataka|44\/100\n|move|p2a: Cresselia|Trick Room|p2a: Cresselia\n|-fieldend|move: Trick Room\n|\n|-heal|p2b: Iron Hands|79\/100|[from] item: Leftovers\n|-heal|p1a: Spiritomb|73\/100|[from] item: Leftovers\n|upkeep\n|turn|3\n|inactive|shue5225 has 120 seconds left.\n|inactive|Brick_Enjoyer_144 has 120 seconds left.\n|\n|t:|1695694118\n|move|p2a: Cresselia|Lunar Blessing|p2a: Cresselia|[spread] p2a,p2b\n|-heal|p2b: Iron Hands|100\/100\n|move|p2b: Iron Hands|Earthquake|p1a: Spiritomb|[spread] p1a,p1b\n|-immune|p2a: Cresselia|[from] ability: Levitate\n|-supereffective|p1b: Stakataka\n|-damage|p1a: Spiritomb|39\/100\n|-damage|p1b: Stakataka|0 fnt\n|faint|p1b: Stakataka\n|move|p1a: Spiritomb|Trick Room|p1a: Spiritomb\n|-fieldstart|move: Trick Room|[of] p1a: Spiritomb\n|\n|-heal|p1a: Spiritomb|45\/100|[from] item: Leftovers\n|upkeep\n|inactive|Brick_Enjoyer_144 has 120 seconds left.\n|\n|t:|1695694139\n|switch|p1b: Volcanion|Volcanion|100\/100\n|turn|4\n|inactive|Brick_Enjoyer_144 has 120 seconds left.\n|\n|t:|1695694164\n|move|p1a: Spiritomb|Pain Split|p2a: Cresselia\n|-sethp|p2a: Cresselia|66\/100|[from] move: Pain Split|[silent]\n|-sethp|p1a: Spiritomb|96\/100|[from] move: Pain Split\n|move|p2b: Iron Hands|Earthquake|p1a: Spiritomb|[spread] p1a,p1b\n|-immune|p2a: Cresselia|[from] ability: Levitate\n|-supereffective|p1b: Volcanion\n|-damage|p1a: Spiritomb|65\/100\n|-damage|p1b: Volcanion|51\/100\n|move|p1b: Volcanion|Steam Eruption|p2b: Iron Hands\n|-damage|p2b: Iron Hands|45\/100\n|move|p2a: Cresselia|Trick Room|p2a: Cresselia\n|-fieldend|move: Trick Room\n|\n|-heal|p2a: Cresselia|72\/100|[from] item: Leftovers\n|-heal|p2b: Iron Hands|51\/100|[from] item: Leftovers\n|-heal|p1a: Spiritomb|70\/100|[from] item: Leftovers\n|upkeep\n|turn|5\n|inactive|Brick_Enjoyer_144 has 120 seconds left.\n|\n|t:|1695694193\n|move|p2a: Cresselia|Lunar Blessing|p2a: Cresselia|[spread] p2a,p2b\n|-heal|p2a: Cresselia|97\/100\n|-heal|p2b: Iron Hands|76\/100\n|move|p1b: Volcanion|Steam Eruption|p2b: Iron Hands\n|-damage|p2b: Iron Hands|15\/100\n|-status|p2b: Iron Hands|brn\n|move|p2b: Iron Hands|Wild Charge|p1b: Volcanion\n|-supereffective|p1b: Volcanion\n|-damage|p1b: Volcanion|8\/100\n|-damage|p2b: Iron Hands|7\/100 brn|[from] Recoil\n|move|p1a: Spiritomb|Trick Room|p1a: Spiritomb\n|-fieldstart|move: Trick Room|[of] p1a: Spiritomb\n|\n|-heal|p1a: Spiritomb|76\/100|[from] item: Leftovers\n|-heal|p2b: Iron Hands|14\/100 brn|[from] item: Leftovers\n|-heal|p2a: Cresselia|100\/100|[from] item: Leftovers\n|-damage|p2b: Iron Hands|7\/100 brn|[from] brn\n|upkeep\n|turn|6\n|inactive|Brick_Enjoyer_144 has 120 seconds left.\n|inactive|shue5225 has 120 seconds left.\n|\n|t:|1695694248\n|move|p1a: Spiritomb|Pain Split|p2a: Cresselia\n|-sethp|p2a: Cresselia|76\/100|[from] move: Pain Split|[silent]\n|-sethp|p1a: Spiritomb|100\/100|[from] move: Pain Split\n|move|p2b: Iron Hands|Earthquake|p1a: Spiritomb|[spread] p1a,p1b\n|-immune|p2a: Cresselia|[from] ability: Levitate\n|-supereffective|p1b: Volcanion\n|-damage|p1a: Spiritomb|84\/100\n|-damage|p1b: Volcanion|0 fnt\n|faint|p1b: Volcanion\n|move|p2a: Cresselia|Icy Wind|p1a: Spiritomb\n|-damage|p1a: Spiritomb|77\/100\n|-unboost|p1a: Spiritomb|spe|1\n|\n|-heal|p1a: Spiritomb|83\/100|[from] item: Leftovers\n|-heal|p2b: Iron Hands|14\/100 brn|[from] item: Leftovers\n|-heal|p2a: Cresselia|82\/100|[from] item: Leftovers\n|-damage|p2b: Iron Hands|7\/100 brn|[from] brn\n|upkeep\n|inactive|Brick_Enjoyer_144 has 90 seconds left.\n|\n|t:|1695694265\n|switch|p1b: Vikavolt|Vikavolt, F|100\/100\n|turn|7\n|inactive|shue5225 has 120 seconds left.\n|\n|t:|1695694305\n|move|p1a: Spiritomb|Sucker Punch|p2b: Iron Hands\n|-resisted|p2b: Iron Hands\n|-damage|p2b: Iron Hands|1\/100 brn\n|move|p1b: Vikavolt|Bug Buzz|p2a: Cresselia\n|-supereffective|p2a: Cresselia\n|-damage|p2a: Cresselia|1\/100\n|move|p2b: Iron Hands|Earthquake|p1b: Vikavolt|[spread] p1a\n|-immune|p2a: Cresselia|[from] ability: Levitate\n|-immune|p1b: Vikavolt|[from] ability: Levitate\n|-damage|p1a: Spiritomb|66\/100\n|move|p2a: Cresselia|Lunar Blessing|p2a: Cresselia|[spread] p2a,p2b\n|-heal|p2a: Cresselia|26\/100\n|-heal|p2b: Iron Hands|26\/100 brn\n|-curestatus|p2b: Iron Hands|brn|[msg]\n|\n|-heal|p1a: Spiritomb|72\/100|[from] item: Leftovers\n|-heal|p2b: Iron Hands|32\/100|[from] item: Leftovers\n|-heal|p2a: Cresselia|32\/100|[from] item: Leftovers\n|upkeep\n|turn|8\n|inactive|Brick_Enjoyer_144 has 120 seconds left.\n|inactive|shue5225 has 90 seconds left.\n|\n|t:|1695694339\n|-end|p2b: Iron Hands|Quark Drive|[silent]\n|switch|p2b: Landorus|Landorus-Therian, M|100\/100\n|-ability|p2b: Landorus|Intimidate|boost\n|-unboost|p1a: Spiritomb|atk|1\n|-unboost|p1b: Vikavolt|atk|1\n|switch|p2a: Flutter Mane|Flutter Mane|100\/100\n|-enditem|p2a: Flutter Mane|Booster Energy\n|-activate|p2a: Flutter Mane|ability: Protosynthesis|[fromitem]\n|-start|p2a: Flutter Mane|protosynthesisspe\n|move|p1a: Spiritomb|Sucker Punch||[still]\n|-fail|p1a: Spiritomb\n|move|p1b: Vikavolt|Bug Buzz|p2a: Flutter Mane\n|-resisted|p2a: Flutter Mane\n|-damage|p2a: Flutter Mane|79\/100\n|\n|-heal|p1a: Spiritomb|78\/100|[from] item: Leftovers\n|upkeep\n|turn|9\n|inactive|Brick_Enjoyer_144 has 120 seconds left.\n|inactive|shue5225 has 90 seconds left.\n|\n|t:|1695694376\n|move|p2a: Flutter Mane|Protect|p2a: Flutter Mane\n|-singleturn|p2a: Flutter Mane|Protect\n|move|p1a: Spiritomb|Pain Split|p2a: Flutter Mane\n|-activate|p2a: Flutter Mane|move: Protect\n|move|p1b: Vikavolt|Bug Buzz|p2b: Landorus\n|-resisted|p2b: Landorus\n|-damage|p2b: Landorus|46\/100\n|move|p2b: Landorus|Fly||[still]\n|-prepare|p2b: Landorus|Fly\n|\n|-heal|p1a: Spiritomb|84\/100|[from] item: Leftovers\n|-fieldend|move: Trick Room\n|upkeep\n|turn|10\n|inactive|Brick_Enjoyer_144 has 120 seconds left.\n|inactive|shue5225 has 90 seconds left.\n|\n|t:|1695694399\n|move|p2a: Flutter Mane|Dazzling Gleam|p1a: Spiritomb|[spread] p1a,p1b\n|-supereffective|p1a: Spiritomb\n|-damage|p1a: Spiritomb|30\/100\n|-damage|p1b: Vikavolt|64\/100\n|move|p2b: Landorus|Fly|p1b: Vikavolt|[from]lockedmove\n|-damage|p1b: Vikavolt|12\/100\n|move|p1b: Vikavolt|Bug Buzz|p2a: Flutter Mane\n|-resisted|p2a: Flutter Mane\n|-damage|p2a: Flutter Mane|58\/100\n|move|p1a: Spiritomb|Trick Room|p1a: Spiritomb\n|-fieldstart|move: Trick Room|[of] p1a: Spiritomb\n|\n|-heal|p1a: Spiritomb|35\/100|[from] item: Leftovers\n|upkeep\n|turn|11\n|inactive|Brick_Enjoyer_144 has 120 seconds left.\n|inactive|shue5225 has 90 seconds left.\n|\n|t:|1695694423\n|move|p1a: Spiritomb|Pain Split|p2a: Flutter Mane\n|-sethp|p2a: Flutter Mane|50\/100|[from] move: Pain Split|[silent]\n|-sethp|p1a: Spiritomb|42\/100|[from] move: Pain Split\n|move|p1b: Vikavolt|Bug Buzz|p2b: Landorus\n|-resisted|p2b: Landorus\n|-damage|p2b: Landorus|0 fnt\n|faint|p2b: Landorus\n|move|p2a: Flutter Mane|Dazzling Gleam|p1b: Vikavolt|[spread] p1a,p1b\n|-supereffective|p1a: Spiritomb\n|-damage|p1a: Spiritomb|0 fnt\n|-damage|p1b: Vikavolt|0 fnt\n|faint|p1a: Spiritomb\n|faint|p1b: Vikavolt\n|\n|upkeep\n|\n|t:|1695694442\n|switch|p1b: Porygon2|Porygon2|100\/100\n|switch|p1a: Cetitan|Cetitan, F|100\/100\n|switch|p2b: Heatran|Heatran, M|100\/100\n|-ability|p1b: Porygon2|Flash Fire|[from] ability: Trace|[of] p2b: Heatran\n|-item|p2b: Heatran|Air Balloon\n|turn|12\n|inactive|shue5225 has 120 seconds left.\n|\n|t:|1695694469\n|move|p1b: Porygon2|Foul Play|p2a: Flutter Mane\n|-damage|p2a: Flutter Mane|31\/100\n|move|p1a: Cetitan|Liquidation|p2b: Heatran\n|-supereffective|p2b: Heatran\n|-damage|p2b: Heatran|11\/100\n|-enditem|p2b: Heatran|Air Balloon\n|move|p2b: Heatran|Heat Wave|p1b: Porygon2|[spread] p1a\n|-start|p1b: Porygon2|ability: Flash Fire\n|-supereffective|p1a: Cetitan\n|-damage|p1a: Cetitan|3\/100\n|move|p2a: Flutter Mane|Calm Mind|p2a: Flutter Mane\n|-boost|p2a: Flutter Mane|spa|1\n|-boost|p2a: Flutter Mane|spd|1\n|\n|upkeep\n|turn|13\n|inactive|shue5225 has 120 seconds left.\n|\n|t:|1695694496\n|move|p2b: Heatran|Protect|p2b: Heatran\n|-singleturn|p2b: Heatran|Protect\n|move|p1b: Porygon2|Foul Play|p2b: Heatran\n|-activate|p2b: Heatran|move: Protect\n|move|p1a: Cetitan|Liquidation|p2a: Flutter Mane\n|-damage|p2a: Flutter Mane|0 fnt\n|faint|p2a: Flutter Mane\n|-end|p2a: Flutter Mane|Protosynthesis|[silent]\n|\n|upkeep\n|\n|t:|1695694511\n|switch|p2a: Ogerpon|Ogerpon-Wellspring, F|100\/100\n|turn|14\n|\n|t:|1695694528\n|move|p2b: Heatran|Protect||[still]\n|-fail|p2b: Heatran\n|move|p2a: Ogerpon|Spiky Shield|p2a: Ogerpon\n|-singleturn|p2a: Ogerpon|move: Protect\n|move|p1b: Porygon2|Foul Play|p2b: Heatran\n|-damage|p2b: Heatran|0 fnt\n|faint|p2b: Heatran\n|move|p1a: Cetitan|Icicle Crash|p2a: Ogerpon\n|-activate|p2a: Ogerpon|move: Protect\n|\n|-fieldend|move: Trick Room\n|upkeep\n|\n|t:|1695694547\n|switch|p2b: Iron Hands|Iron Hands|32\/100\n|turn|15\n|\n|t:|1695694562\n|-terastallize|p2a: Ogerpon|Water\n|detailschange|p2a: Ogerpon|Ogerpon-Wellspring-Tera, F, tera:Water\n|-ability|p2a: Ogerpon|Embody Aspect (Wellspring)|boost\n|-boost|p2a: Ogerpon|spd|1\n|move|p2b: Iron Hands|Fake Out|p1a: Cetitan\n|-damage|p1a: Cetitan|0 fnt\n|faint|p1a: Cetitan\n|move|p2a: Ogerpon|Ivy Cudgel|p1b: Porygon2\n|-damage|p1b: Porygon2|45\/100\n|move|p1b: Porygon2|Trick Room|p1b: Porygon2\n|-fieldstart|move: Trick Room|[of] p1b: Porygon2\n|\n|-heal|p2b: Iron Hands|38\/100|[from] item: Leftovers\n|upkeep\n|turn|16\n|inactive|shue5225 has 120 seconds left.\n|\n|t:|1695694588\n|move|p2b: Iron Hands|Drain Punch|p1b: Porygon2\n|-supereffective|p1b: Porygon2\n|-damage|p1b: Porygon2|0 fnt\n|-heal|p2b: Iron Hands|55\/100|[from] drain|[of] p1b: Porygon2\n|faint|p1b: Porygon2\n|\n|win|shue5225\n|raw|Brick_Enjoyer_144's rating: 1107 &rarr; <strong>1086<\/strong><br \/>(-21 for losing)\n|raw|shue5225's rating: 1160 &rarr; <strong>1181<\/strong><br \/>(+21 for winning)\n","uploadtime":1695694597,"views":9,"p1id":"brickenjoyer144","p2id":"shue5225","formatid":"gen9nationaldexdoubles","rating":1086,"private":0,"password":""}