{"id":"gen9nationaldexdoubles-1949513624","p1":"Izyawastaken","p2":"Gunter0037","format":"[Gen 9] National Dex Doubles","log":"|j|\u2606Izyawastaken\n|j|\u2606Gunter0037\n|t:|1695372404\n|gametype|doubles\n|player|p1|Izyawastaken|170|1080\n|player|p2|Gunter0037|unknown|1000\n|teamsize|p1|6\n|teamsize|p2|6\n|gen|9\n|tier|[Gen 9] National Dex Doubles\n|rated|\n|rule|HP Percentage Mod: HP is shown in percentages\n|rule|Endless Battle Clause: Forcing endless battles is banned\n|rule|OHKO Clause: OHKO moves are banned\n|rule|Evasion Moves Clause: Evasion moves are banned\n|rule|Evasion Abilities Clause: Evasion abilities are banned\n|rule|Species Clause: Limit one of each Pok\u00e9mon\n|rule|Gravity Sleep Clause: The combination of sleep-inducing moves with imperfect accuracy and Gravity or Gigantamax Orbeetle are banned\n|clearpoke\n|poke|p1|Baxcalibur, F|\n|poke|p1|Ursaluna, M|\n|poke|p1|Charizard, M|\n|poke|p1|Kingambit, M|\n|poke|p1|Cresselia, F|\n|poke|p1|Rabsca, M|\n|poke|p2|Weezing-Galar, F|\n|poke|p2|Hatterene, F|\n|poke|p2|Rabsca, F|\n|poke|p2|Diancie|\n|poke|p2|Houndstone, F|\n|poke|p2|Marshadow|\n|teampreview\n|inactive|Battle timer is ON: inactive players will automatically lose when time's up. (requested by Gunter0037)\n|j| your yellow\n|\n|t:|1695372431\n|start\n|switch|p1a: Cresselia|Cresselia, F, shiny|100\/100\n|switch|p1b: Baxcalibur|Baxcalibur, F|100\/100\n|switch|p2a: Weezing|Weezing-Galar, F, shiny|100\/100\n|switch|p2b: Hatterene|Hatterene, F, shiny|100\/100\n|-fieldstart|move: Misty Terrain|[from] ability: Misty Surge|[of] p2a: Weezing\n|turn|1\n|\n|t:|1695372453\n|-terastallize|p2b: Hatterene|Fairy\n|move|p1b: Baxcalibur|Protect|p1b: Baxcalibur\n|-singleturn|p1b: Baxcalibur|Protect\n|move|p2a: Weezing|Protect|p2a: Weezing\n|-singleturn|p2a: Weezing|Protect\n|move|p1a: Cresselia|Thunder Wave|p2b: Hatterene\n|move|p2b: Hatterene|Thunder Wave|p1a: Cresselia|[from]ability: Magic Bounce\n|-status|p1a: Cresselia|par\n|move|p2b: Hatterene|Misty Explosion|p1a: Cresselia|[spread] p1a\n|-activate|p2a: Weezing|move: Protect\n|-activate|p1b: Baxcalibur|move: Protect\n|-damage|p1a: Cresselia|32\/100 par\n|faint|p2b: Hatterene\n|\n|-heal|p1a: Cresselia|38\/100 par|[from] item: Leftovers\n|upkeep\n|inactive|Gunter0037 has 120 seconds left.\n|\n|t:|1695372470\n|switch|p2b: Diancie|Diancie, shiny|100\/100\n|turn|2\n|\n|t:|1695372488\n|switch|p1b: Rabsca|Rabsca, M, shiny|100\/100\n|detailschange|p2b: Diancie|Diancie-Mega, shiny\n|-mega|p2b: Diancie|Diancie|Diancite\n|move|p2b: Diancie|Protect|p2b: Diancie\n|-singleturn|p2b: Diancie|Protect\n|move|p2a: Weezing|Misty Explosion|p1a: Cresselia|[spread] p1a,p1b\n|-activate|p2b: Diancie|move: Protect\n|-damage|p1a: Cresselia|19\/100 par\n|-damage|p1b: Rabsca|74\/100\n|faint|p2a: Weezing\n|cant|p1a: Cresselia|par\n|\n|-heal|p1a: Cresselia|25\/100 par|[from] item: Leftovers\n|upkeep\n|\n|t:|1695372503\n|switch|p2a: Rabsca|Rabsca, F, shiny|100\/100\n|turn|3\n|\n|t:|1695372513\n|move|p2b: Diancie|Sandstorm|p2b: Diancie\n|-weather|Sandstorm\n|move|p1b: Rabsca|Revival Blessing||[still]\n|-fail|p1b: Rabsca\n|move|p2a: Rabsca|Revival Blessing|p2a: Rabsca\n|-enditem|p2a: Rabsca|Leppa Berry|[eat]\n|-activate|p2a: Rabsca|item: Leppa Berry|Revival Blessing|[consumed]\n|\n|t:|1695372522\n|-heal|p2: Hatterene|50\/100|[from] move: Revival Blessing\n|move|p1a: Cresselia|Lunar Dance|p1a: Cresselia\n|faint|p1a: Cresselia\n|\n|-weather|Sandstorm|[upkeep]\n|-damage|p2a: Rabsca|94\/100|[from] Sandstorm\n|-damage|p1b: Rabsca|68\/100|[from] Sandstorm\n|upkeep\n|\n|t:|1695372530\n|switch|p1a: BIG BOI|Ursaluna, M, shiny|100\/100\n|turn|4\n|c|\u2606Izyawastaken|i fucked up shit\n|\n|t:|1695372551\n|-terastallize|p1a: BIG BOI|Fairy\n|move|p2a: Rabsca|Protect|p2a: Rabsca\n|-singleturn|p2a: Rabsca|Protect\n|move|p2b: Diancie|Misty Explosion|p1b: Rabsca|[spread] p1a,p1b\n|-activate|p2a: Rabsca|move: Protect\n|-damage|p1a: BIG BOI|31\/100\n|-damage|p1b: Rabsca|13\/100\n|faint|p2b: Diancie\n|move|p1b: Rabsca|Earth Power|p2a: Rabsca\n|-activate|p2a: Rabsca|move: Protect\n|move|p1a: BIG BOI|Swords Dance|p1a: BIG BOI\n|-boost|p1a: BIG BOI|atk|2\n|\n|-weather|Sandstorm|[upkeep]\n|-damage|p1b: Rabsca|7\/100|[from] Sandstorm\n|-damage|p2a: Rabsca|88\/100|[from] Sandstorm\n|-damage|p1a: BIG BOI|25\/100|[from] Sandstorm\n|upkeep\n|inactive|Gunter0037 has 120 seconds left.\n|\n|t:|1695372566\n|switch|p2b: Hatterene|Hatterene, F, shiny|50\/100\n|turn|5\n|\n|t:|1695372573\n|move|p2a: Rabsca|Revival Blessing|p2a: Rabsca\n|\n|t:|1695372580\n|-heal|p2: Diancie|50\/100|[from] move: Revival Blessing\n|move|p1b: Rabsca|Recover|p1b: Rabsca\n|-heal|p1b: Rabsca|57\/100\n|move|p1a: BIG BOI|Facade|p2b: Hatterene\n|-damage|p2b: Hatterene|0 fnt\n|faint|p2b: Hatterene\n|\n|-weather|Sandstorm|[upkeep]\n|-damage|p1b: Rabsca|51\/100|[from] Sandstorm\n|-damage|p2a: Rabsca|82\/100|[from] Sandstorm\n|-damage|p1a: BIG BOI|19\/100|[from] Sandstorm\n|upkeep\n|\n|t:|1695372590\n|switch|p2b: Diancie|Diancie-Mega, shiny|50\/100\n|turn|6\n|l| your yellow\n|inactive|Izyawastaken has 120 seconds left.\n|inactive|Gunter0037 has 120 seconds left.\n|\n|t:|1695372623\n|move|p2b: Diancie|Misty Explosion|p1a: BIG BOI|[spread] p1a,p1b\n|-activate|p2a: Rabsca|ability: Telepathy\n|-damage|p1a: BIG BOI|0 fnt\n|-damage|p1b: Rabsca|0 fnt\n|faint|p2b: Diancie\n|faint|p1a: BIG BOI\n|faint|p1b: Rabsca\n|move|p2a: Rabsca|Memento|p1: BIG BOI|[notarget]\n|-fail|p2a: Rabsca\n|\n|-weather|Sandstorm|[upkeep]\n|-damage|p2a: Rabsca|76\/100|[from] Sandstorm\n|upkeep\n|\n|t:|1695372635\n|switch|p2b: Marshadow|Marshadow|100\/100\n|switch|p1b: Charizard|Charizard, M, shiny|100\/100\n|switch|p1a: Baxcalibur|Baxcalibur, F|100\/100\n|-heal|p1a: Baxcalibur|100\/100|[from] move: Lunar Dance\n|turn|7\n|inactive|Izyawastaken has 120 seconds left.\n|\n|t:|1695372668\n|detailschange|p1b: Charizard|Charizard-Mega-Y, M, shiny\n|-mega|p1b: Charizard|Charizard|Charizardite Y\n|-weather|SunnyDay|[from] ability: Drought|[of] p1b: Charizard\n|move|p2b: Marshadow|Copycat|p2b: Marshadow\n|move|p2b: Marshadow|Memento|p1b: Charizard|[from]move: Copycat\n|-unboost|p1b: Charizard|atk|2\n|-unboost|p1b: Charizard|spa|2\n|faint|p2b: Marshadow\n|move|p1b: Charizard|Acrobatics|p2a: Rabsca\n|-supereffective|p2a: Rabsca\n|-damage|p2a: Rabsca|57\/100\n|move|p1a: Baxcalibur|Scale Shot|p2a: Rabsca\n|-damage|p2a: Rabsca|49\/100\n|-damage|p2a: Rabsca|42\/100\n|-damage|p2a: Rabsca|36\/100\n|-damage|p2a: Rabsca|30\/100\n|-crit|p2a: Rabsca\n|-damage|p2a: Rabsca|20\/100\n|-hitcount|p2a: Rabsca|5\n|-unboost|p1a: Baxcalibur|def|1\n|-boost|p1a: Baxcalibur|spe|1\n|move|p2a: Rabsca|Dazzling Gleam|p1b: Charizard|[spread] p1a,p1b\n|-supereffective|p1a: Baxcalibur\n|-resisted|p1b: Charizard\n|-damage|p1a: Baxcalibur|70\/100\n|-damage|p1b: Charizard|92\/100\n|\n|-weather|SunnyDay|[upkeep]\n|upkeep\n|\n|t:|1695372691\n|switch|p2b: Houndstone|Houndstone, F, shiny|100\/100\n|turn|8\n|\n|t:|1695372703\n|move|p1a: Baxcalibur|Swords Dance|p1a: Baxcalibur\n|-boost|p1a: Baxcalibur|atk|2\n|move|p1b: Charizard|Heat Wave|p2a: Rabsca|[spread] p2a,p2b\n|-supereffective|p2a: Rabsca\n|-damage|p2a: Rabsca|0 fnt\n|-damage|p2b: Houndstone|58\/100\n|faint|p2a: Rabsca\n|move|p2b: Houndstone|Last Respects|p1a: Baxcalibur\n|-damage|p1a: Baxcalibur|0 fnt\n|faint|p1a: Baxcalibur\n|\n|-weather|SunnyDay|[upkeep]\n|-fieldend|Misty Terrain\n|upkeep\n|\n|t:|1695372707\n|switch|p1a: Kingambit|Kingambit, M, shiny|100\/100\n|-activate|p1a: Kingambit|ability: Supreme Overlord\n|-start|p1a: Kingambit|fallen4|[silent]\n|turn|9\n|\n|t:|1695372722\n|move|p1b: Charizard|Dragon Rush|p2b: Houndstone\n|-damage|p2b: Houndstone|45\/100\n|move|p2b: Houndstone|Last Respects|p1a: Kingambit\n|-resisted|p1a: Kingambit\n|-damage|p1a: Kingambit|0 fnt\n|faint|p1a: Kingambit\n|-end|p1a: Kingambit|fallen4|[silent]\n|\n|-weather|SunnyDay|[upkeep]\n|upkeep\n|turn|10\n|\n|t:|1695372735\n|move|p1b: Charizard|Acrobatics|p2b: Houndstone\n|-damage|p2b: Houndstone|32\/100\n|move|p2b: Houndstone|Last Respects|p1b: Charizard\n|-damage|p1b: Charizard|0 fnt\n|faint|p1b: Charizard\n|\n|win|Gunter0037\n|raw|Izyawastaken's rating: 1080 &rarr; <strong>1053<\/strong><br \/>(-27 for losing)\n|raw|Gunter0037's rating: 1000 &rarr; <strong>1049<\/strong><br \/>(+49 for winning)\n","uploadtime":1695372547,"views":10,"p1id":"izyawastaken","p2id":"gunter0037","formatid":"gen9nationaldexdoubles","rating":1049,"private":0,"password":""}