{"id":"gen9nationaldexdoubles-1976710918","p1":"Larger Fudge","p2":"fumbari 24","format":"[Gen 9] National Dex Doubles","log":"|j|\u2606Larger Fudge\n|j|\u2606fumbari 24\n|t:|1698335288\n|gametype|doubles\n|player|p1|Larger Fudge|cynthia|1361\n|player|p2|fumbari 24|hilbert|1437\n|teamsize|p1|6\n|teamsize|p2|6\n|gen|9\n|tier|[Gen 9] National Dex Doubles\n|rated|\n|rule|HP Percentage Mod: HP is shown in percentages\n|rule|Endless Battle Clause: Forcing endless battles is banned\n|rule|OHKO Clause: OHKO moves are banned\n|rule|Evasion Moves Clause: Evasion moves are banned\n|rule|Evasion Abilities Clause: Evasion abilities are banned\n|rule|Species Clause: Limit one of each Pok\u00e9mon\n|rule|Gravity Sleep Clause: The combination of sleep-inducing moves with imperfect accuracy and Gravity or Gigantamax Orbeetle are banned\n|clearpoke\n|poke|p1|Dusclops, M|\n|poke|p1|Snorlax, M|\n|poke|p1|Amoonguss, F|\n|poke|p1|Torkoal, M|\n|poke|p1|Porygon2|\n|poke|p1|Machamp, F|\n|poke|p2|Landorus-Therian, M|\n|poke|p2|Chien-Pao|\n|poke|p2|Armarouge, M|\n|poke|p2|Blastoise, M|\n|poke|p2|Braviary, M|\n|poke|p2|Arboliva, F|\n|teampreview\n|inactive|Battle timer is ON: inactive players will automatically lose when time's up. (requested by Larger Fudge)\n|inactive|fumbari 24 has 120 seconds left.\n|\n|t:|1698335335\n|start\n|switch|p1a: Dusclops|Dusclops, M|100\/100\n|switch|p1b: Porygon2|Porygon2|100\/100\n|switch|p2a: Bastion|Blastoise, M|100\/100\n|switch|p2b: Wildfire|Armarouge, M|100\/100\n|-ability|p1b: Porygon2|Flash Fire|[from] ability: Trace|[of] p2b: Wildfire\n|-item|p2a: Bastion|Blastoisinite|[from] ability: Frisk|[of] p1a: Dusclops|[identify]\n|-item|p2b: Wildfire|Covert Cloak|[from] ability: Frisk|[of] p1a: Dusclops|[identify]\n|turn|1\n|\n|t:|1698335352\n|detailschange|p2a: Bastion|Blastoise-Mega, M\n|-mega|p2a: Bastion|Blastoise|Blastoisinite\n|move|p2a: Bastion|Shell Smash|p2a: Bastion\n|-unboost|p2a: Bastion|def|1\n|-unboost|p2a: Bastion|spd|1\n|-boost|p2a: Bastion|atk|2\n|-boost|p2a: Bastion|spa|2\n|-boost|p2a: Bastion|spe|2\n|move|p1b: Porygon2|Shadow Ball|p2b: Wildfire\n|-supereffective|p2b: Wildfire\n|-damage|p2b: Wildfire|49\/100\n|move|p2b: Wildfire|Trick Room|p2b: Wildfire\n|-fieldstart|move: Trick Room|[of] p2b: Wildfire\n|move|p1a: Dusclops|Trick Room|p1a: Dusclops\n|-fieldend|move: Trick Room\n|\n|upkeep\n|turn|2\n|\n|t:|1698335381\n|move|p2a: Bastion|Dark Pulse|p1a: Dusclops\n|-supereffective|p1a: Dusclops\n|-damage|p1a: Dusclops|0 fnt\n|faint|p1a: Dusclops\n|move|p2b: Wildfire|Heat Wave|p1b: Porygon2\n|-start|p1b: Porygon2|ability: Flash Fire\n|move|p1b: Porygon2|Tri Attack|p2a: Bastion\n|-damage|p2a: Bastion|44\/100\n|\n|upkeep\n|\n|t:|1698335392\n|switch|p1a: Snorlax|Snorlax, M|100\/100\n|turn|3\n|\n|t:|1698335404\n|move|p2a: Bastion|Dark Pulse|p1b: Porygon2\n|-damage|p1b: Porygon2|37\/100\n|move|p1a: Snorlax|Belly Drum|p1a: Snorlax\n|-damage|p1a: Snorlax|50\/100\n|-setboost|p1a: Snorlax|atk|6|[from] move: Belly Drum\n|-enditem|p1a: Snorlax|Sitrus Berry|[eat]\n|-heal|p1a: Snorlax|75\/100|[from] item: Sitrus Berry\n|move|p2b: Wildfire|Trick Room|p2b: Wildfire\n|-fieldstart|move: Trick Room|[of] p2b: Wildfire\n|move|p1b: Porygon2|Trick Room|p1b: Porygon2\n|-fieldend|move: Trick Room\n|\n|upkeep\n|turn|4\n|\n|t:|1698335426\n|move|p2a: Bastion|Dark Pulse|p1a: Snorlax\n|-damage|p1a: Snorlax|18\/100\n|move|p2b: Wildfire|Psyshock|p1a: Snorlax\n|-damage|p1a: Snorlax|0 fnt\n|faint|p1a: Snorlax\n|move|p1b: Porygon2|Trick Room|p1b: Porygon2\n|-fieldstart|move: Trick Room|[of] p1b: Porygon2\n|\n|upkeep\n|\n|t:|1698335435\n|switch|p1a: Machamp|Machamp, F|100\/100\n|turn|5\n|\n|t:|1698335445\n|-terastallize|p2b: Wildfire|Grass\n|move|p2a: Bastion|Protect|p2a: Bastion\n|-singleturn|p2a: Bastion|Protect\n|move|p1a: Machamp|Dynamic Punch|p2a: Bastion\n|-activate|p2a: Bastion|move: Protect\n|move|p1b: Porygon2|Shadow Ball|p2b: Wildfire\n|-damage|p2b: Wildfire|23\/100\n|move|p2b: Wildfire|Trick Room|p2b: Wildfire\n|-fieldend|move: Trick Room\n|\n|upkeep\n|turn|6\n|\n|t:|1698335458\n|move|p2a: Bastion|Dark Pulse|p1b: Porygon2\n|-damage|p1b: Porygon2|0 fnt\n|faint|p1b: Porygon2\n|move|p2b: Wildfire|Psyshock|p1a: Machamp\n|-supereffective|p1a: Machamp\n|-damage|p1a: Machamp|17\/100\n|move|p1a: Machamp|Dynamic Punch|p2a: Bastion\n|-damage|p2a: Bastion|0 fnt\n|faint|p2a: Bastion\n|\n|upkeep\n|-message|Larger Fudge forfeited.\n|\n|win|fumbari 24\n|raw|Larger Fudge's rating: 1361 &rarr; <strong>1345<\/strong><br \/>(-16 for losing)\n|raw|fumbari 24's rating: 1437 &rarr; <strong>1453<\/strong><br \/>(+16 for winning)\n|l|\u2606Larger Fudge\n","uploadtime":1698335477,"views":6,"p1id":"largerfudge","p2id":"fumbari24","formatid":"gen9nationaldexdoubles","rating":1345,"private":0,"password":""}