{"id":"gen9nationaldexdoubles-1968968593","p1":"Temmy69","p2":"fumbari 24","format":"[Gen 9] National Dex Doubles","log":"|j|\u203dTemmy69\n|j|\u2606fumbari 24\n|t:|1697479289\n|gametype|doubles\n|player|p1|Temmy69|265|1326\n|player|p2|fumbari 24|hilbert|1377\n|teamsize|p1|6\n|teamsize|p2|6\n|gen|9\n|tier|[Gen 9] National Dex Doubles\n|rated|\n|rule|HP Percentage Mod: HP is shown in percentages\n|rule|Endless Battle Clause: Forcing endless battles is banned\n|rule|OHKO Clause: OHKO moves are banned\n|rule|Evasion Moves Clause: Evasion moves are banned\n|rule|Evasion Abilities Clause: Evasion abilities are banned\n|rule|Species Clause: Limit one of each Pok\u00e9mon\n|rule|Gravity Sleep Clause: The combination of sleep-inducing moves with imperfect accuracy and Gravity or Gigantamax Orbeetle are banned\n|clearpoke\n|poke|p1|Rillaboom, M|\n|poke|p1|Regieleki|\n|poke|p1|Incineroar, M|\n|poke|p1|Pelipper, F|\n|poke|p1|Swampert, F|\n|poke|p1|Gholdengo|\n|poke|p2|Blastoise, M|\n|poke|p2|Urshifu-*, F|\n|poke|p2|Skarmory, M|\n|poke|p2|Meowscarada, M|\n|poke|p2|Ceruledge, M|\n|poke|p2|Ting-Lu|\n|teampreview\n|inactive|Battle timer is ON: inactive players will automatically lose when time's up. (requested by Temmy69)\n|\n|t:|1697479303\n|start\n|switch|p1a: Rillaboom|Rillaboom, M|100\/100\n|switch|p1b: Regieleki|Regieleki|100\/100\n|switch|p2a: Urshifu|Urshifu-Rapid-Strike, F|100\/100\n|switch|p2b: Harbor|Blastoise, M|100\/100\n|-fieldstart|move: Grassy Terrain|[from] ability: Grassy Surge|[of] p1a: Rillaboom\n|turn|1\n|\n|t:|1697479318\n|move|p2b: Harbor|Fake Out|p1b: Regieleki\n|-damage|p1b: Regieleki|89\/100\n|move|p1a: Rillaboom|Grassy Glide|p2a: Urshifu\n|-supereffective|p2a: Urshifu\n|-damage|p2a: Urshifu|5\/100\n|-damage|p1a: Rillaboom|91\/100|[from] item: Life Orb\n|cant|p1b: Regieleki|flinch\n|move|p2a: Urshifu|Drain Punch|p1b: Regieleki\n|-damage|p1b: Regieleki|27\/100\n|-heal|p2a: Urshifu|32\/100|[from] drain|[of] p1b: Regieleki\n|\n|-heal|p1b: Regieleki|34\/100|[from] Grassy Terrain\n|-heal|p1a: Rillaboom|97\/100|[from] Grassy Terrain\n|-heal|p2a: Urshifu|39\/100|[from] Grassy Terrain\n|upkeep\n|turn|2\n|\n|t:|1697479335\n|-terastallize|p2b: Harbor|Poison\n|move|p2a: Urshifu|Detect|p2a: Urshifu\n|-singleturn|p2a: Urshifu|Protect\n|move|p1b: Regieleki|Reflect|p1b: Regieleki\n|-sidestart|p1: Temmy69|Reflect\n|move|p1a: Rillaboom|Wood Hammer|p2b: Harbor\n|-resisted|p2b: Harbor\n|-damage|p2b: Harbor|56\/100\n|-damage|p1a: Rillaboom|81\/100|[from] Recoil\n|-damage|p1a: Rillaboom|71\/100|[from] item: Life Orb\n|move|p2b: Harbor|Icy Wind|p1b: Regieleki|[spread] p1a,p1b\n|-supereffective|p1a: Rillaboom\n|-damage|p1a: Rillaboom|48\/100\n|-damage|p1b: Regieleki|21\/100\n|-unboost|p1a: Rillaboom|spe|1\n|-unboost|p1b: Regieleki|spe|1\n|\n|-heal|p1b: Regieleki|27\/100|[from] Grassy Terrain\n|-heal|p2a: Urshifu|45\/100|[from] Grassy Terrain\n|-heal|p2b: Harbor|62\/100|[from] Grassy Terrain\n|-heal|p2b: Harbor|68\/100|[from] item: Leftovers\n|-heal|p1a: Rillaboom|54\/100|[from] Grassy Terrain\n|upkeep\n|turn|3\n|\n|t:|1697479353\n|switch|p2a: Skraa|Skarmory, M|100\/100\n|move|p1a: Rillaboom|Grassy Glide|p2a: Skraa\n|-resisted|p2a: Skraa\n|-damage|p2a: Skraa|91\/100\n|-damage|p1a: Rillaboom|44\/100|[from] item: Life Orb\n|move|p1b: Regieleki|Electroweb|p2b: Harbor|[spread] p2a,p2b\n|-supereffective|p2a: Skraa\n|-damage|p2a: Skraa|25\/100\n|-damage|p2b: Harbor|45\/100\n|-unboost|p2a: Skraa|spe|1\n|-unboost|p2b: Harbor|spe|1\n|move|p2b: Harbor|Icy Wind|p1b: Regieleki|[spread] p1a,p1b\n|-supereffective|p1a: Rillaboom\n|-damage|p1a: Rillaboom|23\/100\n|-damage|p1b: Regieleki|13\/100\n|-unboost|p1a: Rillaboom|spe|1\n|-unboost|p1b: Regieleki|spe|1\n|\n|-heal|p1b: Regieleki|20\/100|[from] Grassy Terrain\n|-heal|p1a: Rillaboom|30\/100|[from] Grassy Terrain\n|-heal|p2b: Harbor|51\/100|[from] Grassy Terrain\n|-heal|p2b: Harbor|57\/100|[from] item: Leftovers\n|upkeep\n|turn|4\n|\n|t:|1697479373\n|switch|p1a: Pelipper|Pelipper, F|100\/100\n|-weather|RainDance|[from] ability: Drizzle|[of] p1a: Pelipper\n|move|p1b: Regieleki|Electroweb|p2a: Skraa|[spread] p2a,p2b\n|-supereffective|p2a: Skraa\n|-damage|p2a: Skraa|0 fnt\n|-damage|p2b: Harbor|34\/100\n|-unboost|p2b: Harbor|spe|1\n|faint|p2a: Skraa\n|move|p2b: Harbor|Icy Wind|p1b: Regieleki|[spread] p1a,p1b\n|-damage|p1a: Pelipper|88\/100\n|-damage|p1b: Regieleki|7\/100\n|-unboost|p1a: Pelipper|spe|1\n|-unboost|p1b: Regieleki|spe|1\n|\n|-weather|RainDance|[upkeep]\n|-heal|p1b: Regieleki|13\/100|[from] Grassy Terrain\n|-heal|p2b: Harbor|41\/100|[from] Grassy Terrain\n|-heal|p2b: Harbor|47\/100|[from] item: Leftovers\n|upkeep\n|inactive|fumbari 24 has 120 seconds left.\n|\n|t:|1697479415\n|switch|p2a: A.Banderas|Meowscarada, M|100\/100\n|turn|5\n|inactive|fumbari 24 has 120 seconds left.\n|\n|t:|1697479425\n|move|p2a: A.Banderas|Sucker Punch|p1b: Regieleki\n|-damage|p1b: Regieleki|0 fnt\n|faint|p1b: Regieleki\n|move|p1a: Pelipper|Tailwind|p1a: Pelipper\n|-sidestart|p1: Temmy69|move: Tailwind\n|move|p2b: Harbor|Scald|p1a: Pelipper\n|-resisted|p1a: Pelipper\n|-damage|p1a: Pelipper|63\/100\n|\n|-weather|RainDance|[upkeep]\n|-heal|p2b: Harbor|53\/100|[from] Grassy Terrain\n|-heal|p2b: Harbor|59\/100|[from] item: Leftovers\n|-fieldend|move: Grassy Terrain\n|upkeep\n|\n|t:|1697479439\n|switch|p1b: Rillaboom|Rillaboom, M|30\/100\n|-fieldstart|move: Grassy Terrain|[from] ability: Grassy Surge|[of] p1b: Rillaboom\n|turn|6\n|\n|t:|1697479450\n|switch|p1a: Gholdengo|Gholdengo|100\/100\n|move|p2a: A.Banderas|Protect|p2a: A.Banderas\n|-singleturn|p2a: A.Banderas|Protect\n|move|p1b: Rillaboom|U-turn|p2a: A.Banderas\n|-activate|p2a: A.Banderas|move: Protect\n|move|p2b: Harbor|Icy Wind|p1a: Gholdengo|[spread] p1a,p1b\n|-resisted|p1a: Gholdengo\n|-supereffective|p1b: Rillaboom\n|-damage|p1a: Gholdengo|96\/100\n|-damage|p1b: Rillaboom|6\/100\n|-unboost|p1a: Gholdengo|spe|1\n|-unboost|p1b: Rillaboom|spe|1\n|\n|-weather|RainDance|[upkeep]\n|-heal|p1b: Rillaboom|12\/100|[from] Grassy Terrain\n|-heal|p1a: Gholdengo|100\/100|[from] Grassy Terrain\n|-heal|p2b: Harbor|65\/100|[from] Grassy Terrain\n|-heal|p2b: Harbor|71\/100|[from] item: Leftovers\n|upkeep\n|turn|7\n|\n|t:|1697479463\n|move|p2a: A.Banderas|Sucker Punch|p1b: Rillaboom\n|-damage|p1b: Rillaboom|0 fnt\n|faint|p1b: Rillaboom\n|move|p1a: Gholdengo|Nasty Plot|p1a: Gholdengo\n|-boost|p1a: Gholdengo|spa|2\n|move|p2b: Harbor|Scald|p1a: Gholdengo\n|-damage|p1a: Gholdengo|60\/100\n|-status|p1a: Gholdengo|brn\n|\n|-weather|RainDance|[upkeep]\n|-heal|p1a: Gholdengo|66\/100 brn|[from] Grassy Terrain\n|-heal|p2b: Harbor|77\/100|[from] Grassy Terrain\n|-heal|p2b: Harbor|83\/100|[from] item: Leftovers\n|-damage|p1a: Gholdengo|60\/100 brn|[from] brn\n|upkeep\n|\n|t:|1697479477\n|switch|p1b: Swampert|Swampert, F|100\/100\n|turn|8\n|\n|t:|1697479497\n|detailschange|p1b: Swampert|Swampert-Mega, F\n|-mega|p1b: Swampert|Swampert|Swampertite\n|move|p2a: A.Banderas|Protect|p2a: A.Banderas\n|-singleturn|p2a: A.Banderas|Protect\n|move|p2b: Harbor|Protect|p2b: Harbor\n|-singleturn|p2b: Harbor|Protect\n|move|p1b: Swampert|Ice Punch|p2a: A.Banderas\n|-activate|p2a: A.Banderas|move: Protect\n|move|p1a: Gholdengo|Dazzling Gleam|p2a: A.Banderas|[spread] \n|-activate|p2a: A.Banderas|move: Protect\n|-activate|p2b: Harbor|move: Protect\n|\n|-weather|RainDance|[upkeep]\n|-heal|p1a: Gholdengo|66\/100 brn|[from] Grassy Terrain\n|-heal|p2b: Harbor|89\/100|[from] Grassy Terrain\n|-heal|p2b: Harbor|95\/100|[from] item: Leftovers\n|-damage|p1a: Gholdengo|60\/100 brn|[from] brn\n|-sideend|p1: Temmy69|move: Tailwind\n|upkeep\n|turn|9\n|\n|t:|1697479523\n|move|p1b: Swampert|Ice Punch|p2a: A.Banderas\n|-supereffective|p2a: A.Banderas\n|-enditem|p2a: A.Banderas|Focus Sash\n|-damage|p2a: A.Banderas|1\/100\n|move|p2a: A.Banderas|Knock Off|p1a: Gholdengo\n|-supereffective|p1a: Gholdengo\n|-crit|p1a: Gholdengo\n|-damage|p1a: Gholdengo|0 fnt\n|-enditem|p1a: Gholdengo|Weakness Policy|[from] move: Knock Off|[of] p2a: A.Banderas\n|faint|p1a: Gholdengo\n|move|p2b: Harbor|Icy Wind|p1b: Swampert\n|-crit|p1b: Swampert\n|-damage|p1b: Swampert|86\/100\n|-unboost|p1b: Swampert|spe|1\n|\n|-weather|RainDance|[upkeep]\n|-heal|p2a: A.Banderas|7\/100|[from] Grassy Terrain\n|-heal|p1b: Swampert|92\/100|[from] Grassy Terrain\n|-heal|p2b: Harbor|100\/100|[from] Grassy Terrain\n|-sideend|p1: Temmy69|Reflect\n|upkeep\n|\n|t:|1697479529\n|switch|p1a: Pelipper|Pelipper, F|63\/100\n|turn|10\n|\n|t:|1697479536\n|move|p2a: A.Banderas|Protect|p2a: A.Banderas\n|-singleturn|p2a: A.Banderas|Protect\n|move|p1b: Swampert|Rock Slide|p2a: A.Banderas|[spread] p2b\n|-activate|p2a: A.Banderas|move: Protect\n|-damage|p2b: Harbor|81\/100\n|move|p1a: Pelipper|Tailwind|p1a: Pelipper\n|-sidestart|p1: Temmy69|move: Tailwind\n|cant|p2b: Harbor|flinch\n|\n|-weather|RainDance|[upkeep]\n|-heal|p1b: Swampert|98\/100|[from] Grassy Terrain\n|-heal|p2a: A.Banderas|13\/100|[from] Grassy Terrain\n|-heal|p2b: Harbor|88\/100|[from] Grassy Terrain\n|-heal|p2b: Harbor|94\/100|[from] item: Leftovers\n|-fieldend|move: Grassy Terrain\n|upkeep\n|turn|11\n|-message|Temmy69 forfeited.\n|\n|win|fumbari 24\n|raw|Temmy69's rating: 1326 &rarr; <strong>1309<\/strong><br \/>(-17 for losing)\n|raw|fumbari 24's rating: 1377 &rarr; <strong>1394<\/strong><br \/>(+17 for winning)\n|l|\u203dTemmy69\n","uploadtime":1697479561,"views":10,"p1id":"temmy69","p2id":"fumbari24","formatid":"gen9nationaldexdoubles","rating":1309,"private":0,"password":""}