{"id":"gen9nationaldexdoubles-1960743168","p1":"eyezack","p2":"dangerlocation","format":"[Gen 9] National Dex Doubles","log":"|j|\u2606eyezack\n|j|\u2606dangerlocation\n|t:|1696551841\n|gametype|doubles\n|player|p1|eyezack|blackbelt-gen4dp|1000\n|player|p2|dangerlocation|red-masters|1048\n|teamsize|p1|6\n|teamsize|p2|6\n|gen|9\n|tier|[Gen 9] National Dex Doubles\n|rated|\n|rule|HP Percentage Mod: HP is shown in percentages\n|rule|Endless Battle Clause: Forcing endless battles is banned\n|rule|OHKO Clause: OHKO moves are banned\n|rule|Evasion Moves Clause: Evasion moves are banned\n|rule|Evasion Abilities Clause: Evasion abilities are banned\n|rule|Species Clause: Limit one of each Pok\u00e9mon\n|rule|Gravity Sleep Clause: The combination of sleep-inducing moves with imperfect accuracy and Gravity or Gigantamax Orbeetle are banned\n|clearpoke\n|poke|p1|Heatran, M|\n|poke|p1|Tatsugiri, M|\n|poke|p1|Flutter Mane|\n|poke|p1|Kingambit, M|\n|poke|p1|Brute Bonnet|\n|poke|p1|Jirachi|\n|poke|p2|Greninja-*, F|\n|poke|p2|Eevee, M|\n|poke|p2|Espeon, M|\n|poke|p2|Flamigo, M|\n|poke|p2|Grimmsnarl, M|\n|poke|p2|Kommo-o, F|\n|teampreview\n|inactive|Battle timer is ON: inactive players will automatically lose when time's up. (requested by dangerlocation)\n|\n|t:|1696551851\n|start\n|switch|p1a: Brute Bonnet|Brute Bonnet|100\/100\n|switch|p1b: Heatran|Heatran, M|100\/100\n|switch|p2a: Greninja|Greninja, F|100\/100\n|switch|p2b: Eevee|Eevee, M|100\/100\n|turn|1\n|\n|t:|1696551875\n|move|p2a: Greninja|Mat Block|p2a: Greninja\n|-start|p2a: Greninja|typechange|Fighting|[from] ability: Protean\n|-singleturn|p2a: Greninja|Mat Block\n|move|p1a: Brute Bonnet|Giga Drain|p2a: Greninja\n|-activate|p2a: Greninja|move: Mat Block|Giga Drain\n|move|p1b: Heatran|Eruption|p2b: Eevee|[spread] \n|-activate|p2a: Greninja|move: Mat Block|Eruption\n|-activate|p2b: Eevee|move: Mat Block|Eruption\n|-zpower|p2b: Eevee\n|move|p2b: Eevee|Extreme Evoboost|p2b: Eevee\n|-boost|p2b: Eevee|atk|2\n|-boost|p2b: Eevee|def|2\n|-boost|p2b: Eevee|spa|2\n|-boost|p2b: Eevee|spd|2\n|-boost|p2b: Eevee|spe|2\n|\n|upkeep\n|turn|2\n|\n|t:|1696551899\n|switch|p2a: Flamigo|Flamigo, M|100\/100\n|-copyboost|p2a: Flamigo|p2b: Eevee|[from] ability: Costar\n|move|p2b: Eevee|Detect|p2b: Eevee\n|-singleturn|p2b: Eevee|Protect\n|move|p1a: Brute Bonnet|Giga Drain|p2a: Flamigo\n|-resisted|p2a: Flamigo\n|-damage|p2a: Flamigo|91\/100\n|move|p1b: Heatran|Eruption|p2b: Eevee|[spread] p2a\n|-activate|p2b: Eevee|move: Protect\n|-damage|p2a: Flamigo|44\/100\n|\n|upkeep\n|turn|3\n|\n|t:|1696551922\n|move|p2a: Flamigo|Close Combat|p1b: Heatran\n|-supereffective|p1b: Heatran\n|-crit|p1b: Heatran\n|-damage|p1b: Heatran|0 fnt\n|-unboost|p2a: Flamigo|def|1\n|-unboost|p2a: Flamigo|spd|1\n|faint|p1b: Heatran\n|-damage|p2a: Flamigo|34\/100|[from] item: Life Orb\n|move|p2b: Eevee|Last Resort|p1a: Brute Bonnet\n|-damage|p1a: Brute Bonnet|18\/100\n|move|p1a: Brute Bonnet|Clear Smog|p2b: Eevee\n|-damage|p2b: Eevee|95\/100\n|-clearboost|p2b: Eevee\n|\n|-heal|p1a: Brute Bonnet|24\/100|[from] item: Leftovers\n|upkeep\n|inactive|eyezack has 120 seconds left.\n|\n|t:|1696551941\n|switch|p1b: Flutter Mane|Flutter Mane|100\/100\n|turn|4\n|\n|t:|1696551963\n|-terastallize|p2a: Flamigo|Flying\n|move|p2a: Flamigo|Brave Bird|p1b: Flutter Mane\n|-crit|p1b: Flutter Mane\n|-enditem|p1b: Flutter Mane|Focus Sash\n|-damage|p1b: Flutter Mane|1\/100\n|-damage|p2a: Flamigo|7\/100|[from] Recoil\n|-damage|p2a: Flamigo|0 fnt|[from] item: Life Orb\n|faint|p2a: Flamigo\n|move|p1b: Flutter Mane|Hex|p2b: Eevee\n|-immune|p2b: Eevee\n|move|p1a: Brute Bonnet|Clear Smog|p2b: Eevee\n|-damage|p2b: Eevee|85\/100\n|-clearboost|p2b: Eevee\n|move|p2b: Eevee|Last Resort|p1a: Brute Bonnet\n|-damage|p1a: Brute Bonnet|0 fnt\n|faint|p1a: Brute Bonnet\n|-end|p1a: Brute Bonnet|Protosynthesis|[silent]\n|\n|upkeep\n|\n|t:|1696551981\n|switch|p2a: Espeon|Espeon, M|100\/100\n|switch|p1a: Tatsugiri|Tatsugiri, M|100\/100\n|turn|5\n|\n|t:|1696552004\n|move|p1b: Flutter Mane|Shadow Ball|p2a: Espeon\n|-supereffective|p2a: Espeon\n|-damage|p2a: Espeon|0 fnt\n|faint|p2a: Espeon\n|move|p1a: Tatsugiri|Surf|p2b: Eevee|[spread] p1b,p2b\n|-damage|p1b: Flutter Mane|0 fnt\n|-damage|p2b: Eevee|52\/100\n|faint|p1b: Flutter Mane\n|-end|p1b: Flutter Mane|Protosynthesis|[silent]\n|move|p2b: Eevee|Last Resort|p1a: Tatsugiri\n|-damage|p1a: Tatsugiri|34\/100\n|\n|upkeep\n|\n|t:|1696552017\n|switch|p1b: Jirachi|Jirachi|100\/100\n|switch|p2a: Kommo-o|Kommo-o, F|100\/100\n|turn|6\n|\n|t:|1696552041\n|move|p1b: Jirachi|Protect|p1b: Jirachi\n|-singleturn|p1b: Jirachi|Protect\n|move|p2a: Kommo-o|Clangorous Soul|p2a: Kommo-o\n|-boost|p2a: Kommo-o|atk|1\n|-boost|p2a: Kommo-o|def|1\n|-boost|p2a: Kommo-o|spa|1\n|-boost|p2a: Kommo-o|spd|1\n|-boost|p2a: Kommo-o|spe|1\n|-damage|p2a: Kommo-o|68\/100\n|move|p1a: Tatsugiri|Draco Meteor|p2a: Kommo-o\n|-supereffective|p2a: Kommo-o\n|-damage|p2a: Kommo-o|0 fnt\n|-unboost|p1a: Tatsugiri|spa|2\n|faint|p2a: Kommo-o\n|move|p2b: Eevee|Last Resort|p1a: Tatsugiri\n|-damage|p1a: Tatsugiri|0 fnt\n|faint|p1a: Tatsugiri\n|\n|upkeep\n|\n|t:|1696552057\n|switch|p2a: Greninja|Greninja, F|100\/100\n|switch|p1a: Kingambit|Kingambit, M|100\/100\n|-activate|p1a: Kingambit|ability: Supreme Overlord\n|-start|p1a: Kingambit|fallen4|[silent]\n|turn|7\n|\n|t:|1696552072\n|move|p2a: Greninja|Scald|p1a: Kingambit\n|-start|p2a: Greninja|typechange|Water|[from] ability: Protean\n|-damage|p1a: Kingambit|65\/100\n|-damage|p2a: Greninja|91\/100|[from] item: Life Orb\n|move|p1b: Jirachi|Light Screen|p1b: Jirachi\n|-sidestart|p1: eyezack|move: Light Screen\n|move|p1a: Kingambit|Brick Break|p2b: Eevee\n|-supereffective|p2b: Eevee\n|-damage|p2b: Eevee|0 fnt\n|faint|p2b: Eevee\n|\n|upkeep\n|\n|t:|1696552081\n|switch|p2b: Grimmsnarl|Grimmsnarl, M|100\/100\n|turn|8\n|\n|t:|1696552104\n|move|p2b: Grimmsnarl|Reflect|p2b: Grimmsnarl\n|-sidestart|p2: dangerlocation|Reflect\n|move|p2a: Greninja|Scald|p1a: Kingambit\n|-damage|p1a: Kingambit|42\/100\n|-damage|p2a: Greninja|81\/100|[from] item: Life Orb\n|move|p1b: Jirachi|Healing Wish||[still]\n|-fail|p1b: Jirachi\n|move|p1a: Kingambit|Shadow Claw|p2b: Grimmsnarl\n|-resisted|p2b: Grimmsnarl\n|-damage|p2b: Grimmsnarl|84\/100\n|\n|upkeep\n|turn|9\n|inactive|eyezack has 120 seconds left.\n|\n|t:|1696552143\n|move|p2a: Greninja|Scald|p1a: Kingambit\n|-crit|p1a: Kingambit\n|-damage|p1a: Kingambit|0 fnt\n|faint|p1a: Kingambit\n|-end|p1a: Kingambit|fallen4|[silent]\n|-damage|p2a: Greninja|71\/100|[from] item: Life Orb\n|move|p1b: Jirachi|Encore|p2b: Grimmsnarl\n|-start|p2b: Grimmsnarl|Encore\n|move|p2b: Grimmsnarl|Reflect||[still]\n|-fail|p2b: Grimmsnarl\n|\n|upkeep\n|turn|10\n|c|\u2606eyezack|rip the crit\n|-message|eyezack forfeited.\n|\n|win|dangerlocation\n|raw|eyezack's rating: 1000 &rarr; <strong>1000<\/strong><br \/>(+0 for losing)\n|raw|dangerlocation's rating: 1048 &rarr; <strong>1076<\/strong><br \/>(+28 for winning)\n|c|\u2606dangerlocation|rip\n|l|\u2606eyezack\n|c|\u2606dangerlocation|gg\n","uploadtime":1696552166,"views":14,"p1id":"eyezack","p2id":"dangerlocation","formatid":"gen9nationaldexdoubles","rating":1000,"private":0,"password":""}