{"id":"gen9nationaldexdoubles-1952450393","p1":"Qapi","p2":"ToastSlayer","format":"[Gen 9] National Dex Doubles","log":"|j|\u2606Qapi\n|j|\u2606ToastSlayer\n|t:|1695685879\n|gametype|doubles\n|player|p1|Qapi|170|\n|player|p2|ToastSlayer|plasmagruntf|\n|teamsize|p1|6\n|teamsize|p2|6\n|gen|9\n|tier|[Gen 9] National Dex Doubles\n|rule|HP Percentage Mod: HP is shown in percentages\n|rule|Endless Battle Clause: Forcing endless battles is banned\n|rule|OHKO Clause: OHKO moves are banned\n|rule|Evasion Moves Clause: Evasion moves are banned\n|rule|Evasion Abilities Clause: Evasion abilities are banned\n|rule|Species Clause: Limit one of each Pok\u00e9mon\n|rule|Gravity Sleep Clause: The combination of sleep-inducing moves with imperfect accuracy and Gravity or Gigantamax Orbeetle are banned\n|clearpoke\n|poke|p1|Glimmora, F|\n|poke|p1|Nihilego|\n|poke|p1|Grafaiai, M|\n|poke|p1|Overqwil, F|\n|poke|p1|Crobat, M|\n|poke|p1|Amoonguss, M|\n|poke|p2|Lickitung, F|\n|poke|p2|Shuckle, M|\n|poke|p2|Ribombee, F|\n|poke|p2|Corviknight, M|\n|poke|p2|Lopunny, M|\n|poke|p2|Rotom-Wash|\n|teampreview\n|inactive|Battle timer is ON: inactive players will automatically lose when time's up. (requested by ToastSlayer)\n|c|\u2606ToastSlayer|Just using my normal team in doubles, so hopefully this works. ^^'\n|inactive|ToastSlayer has 270 seconds left.\n|c|\u2606Qapi|Shuckle is always a Bad omen\n|\n|t:|1695685916\n|start\n|switch|p1a: Glimmora|Glimmora, F|100\/100\n|switch|p1b: Crobat|Crobat, M|100\/100\n|switch|p2a: Shuckle|Shuckle, M|100\/100\n|switch|p2b: Ribombee|Ribombee, F|100\/100\n|turn|1\n|c|\u2606Qapi|Gl hf\n|\n|t:|1695685937\n|move|p1b: Crobat|Taunt|p2b: Ribombee\n|-start|p2b: Ribombee|move: Taunt\n|move|p2b: Ribombee|Moonblast|p1a: Glimmora\n|-resisted|p1a: Glimmora\n|-crit|p1a: Glimmora\n|-damage|p1a: Glimmora|61\/100\n|move|p1a: Glimmora|Stealth Rock|p2b: Ribombee\n|-sidestart|p2: ToastSlayer|move: Stealth Rock\n|move|p2a: Shuckle|Stealth Rock|p1b: Crobat\n|-sidestart|p1: Qapi|move: Stealth Rock\n|\n|upkeep\n|turn|2\n|\n|t:|1695685956\n|move|p1b: Crobat|Taunt|p2a: Shuckle\n|-start|p2a: Shuckle|move: Taunt\n|move|p2b: Ribombee|Psychic|p1a: Glimmora\n|-supereffective|p1a: Glimmora\n|-damage|p1a: Glimmora|0 fnt\n|faint|p1a: Glimmora\n|cant|p2a: Shuckle|move: Taunt|Sticky Web\n|\n|upkeep\n|c|\u2606ToastSlayer|Sorry, didn't see your message! Good luck!\n|inactive|Qapi has 270 seconds left.\n|\n|t:|1695685979\n|switch|p1a: Nihilego|Nihilego|100\/100\n|-damage|p1a: Nihilego|88\/100|[from] Stealth Rock\n|-item|p1a: Nihilego|Air Balloon\n|turn|3\n|\n|t:|1695685995\n|switch|p2a: Rotom|Rotom-Wash|100\/100\n|-damage|p2a: Rotom|88\/100|[from] Stealth Rock\n|move|p1b: Crobat|Tailwind|p1b: Crobat\n|-sidestart|p1: Qapi|move: Tailwind\n|move|p1a: Nihilego|Power Gem|p2b: Ribombee\n|-supereffective|p2b: Ribombee\n|-enditem|p2b: Ribombee|Focus Sash\n|-damage|p2b: Ribombee|1\/100\n|move|p2b: Ribombee|Psychic|p1a: Nihilego\n|-supereffective|p1a: Nihilego\n|-damage|p1a: Nihilego|51\/100\n|-enditem|p1a: Nihilego|Air Balloon\n|\n|-end|p2b: Ribombee|move: Taunt\n|upkeep\n|turn|4\n|inactive|Qapi has 270 seconds left.\n|inactive|ToastSlayer has 270 seconds left.\n|\n|t:|1695686042\n|switch|p1a: Amoonguss|Amoonguss, M|100\/100\n|-damage|p1a: Amoonguss|88\/100|[from] Stealth Rock\n|move|p1b: Crobat|Brave Bird|p2b: Ribombee\n|-supereffective|p2b: Ribombee\n|-damage|p2b: Ribombee|0 fnt\n|faint|p2b: Ribombee\n|-damage|p1b: Crobat|99\/100|[from] Recoil\n|move|p2a: Rotom|Hydro Pump|p1a: Amoonguss\n|-resisted|p1a: Amoonguss\n|-damage|p1a: Amoonguss|71\/100\n|\n|-heal|p1a: Amoonguss|77\/100|[from] item: Leftovers\n|upkeep\n|inactive|ToastSlayer has 270 seconds left.\n|\n|t:|1695686058\n|switch|p2b: Lopunny|Lopunny, M|100\/100\n|-damage|p2b: Lopunny|88\/100|[from] Stealth Rock\n|turn|5\n|inactive|ToastSlayer has 270 seconds left.\n|\n|t:|1695686074\n|move|p1a: Amoonguss|Rage Powder|p1a: Amoonguss\n|-singleturn|p1a: Amoonguss|move: Rage Powder\n|move|p1b: Crobat|Brave Bird|p2b: Lopunny\n|-damage|p2b: Lopunny|16\/100\n|-damage|p1b: Crobat|80\/100|[from] Recoil\n|move|p2a: Rotom|Hydro Pump|p1a: Amoonguss\n|-resisted|p1a: Amoonguss\n|-damage|p1a: Amoonguss|62\/100\n|move|p2b: Lopunny|Return|p1a: Amoonguss\n|-damage|p1a: Amoonguss|25\/100\n|\n|-heal|p1a: Amoonguss|32\/100|[from] item: Leftovers\n|upkeep\n|turn|6\n|\n|t:|1695686098\n|switch|p2b: Corviknight|Corviknight, M|100\/100\n|-damage|p2b: Corviknight|88\/100|[from] Stealth Rock\n|-ability|p2b: Corviknight|Pressure\n|move|p1a: Amoonguss|Protect|p1a: Amoonguss\n|-singleturn|p1a: Amoonguss|Protect\n|move|p1b: Crobat|Brave Bird|p2b: Corviknight\n|-resisted|p2b: Corviknight\n|-damage|p2b: Corviknight|69\/100\n|-damage|p1b: Crobat|72\/100|[from] Recoil\n|move|p2a: Rotom|Hydro Pump|p1b: Crobat\n|-damage|p1b: Crobat|1\/100\n|\n|-heal|p1a: Amoonguss|38\/100|[from] item: Leftovers\n|-heal|p2b: Corviknight|75\/100|[from] item: Leftovers\n|-sideend|p1: Qapi|move: Tailwind\n|upkeep\n|turn|7\n|\n|t:|1695686121\n|move|p2a: Rotom|Hydro Pump|p1b: Crobat\n|-damage|p1b: Crobat|0 fnt\n|faint|p1b: Crobat\n|move|p2b: Corviknight|Iron Head|p1a: Amoonguss\n|-damage|p1a: Amoonguss|0 fnt\n|faint|p1a: Amoonguss\n|\n|-heal|p2b: Corviknight|82\/100|[from] item: Leftovers\n|upkeep\n|\n|t:|1695686130\n|switch|p1b: Overqwil|Overqwil, F|100\/100\n|switch|p1a: Grafaiai|Grafaiai, M|100\/100\n|-damage|p1b: Overqwil|88\/100|[from] Stealth Rock\n|-damage|p1a: Grafaiai|88\/100|[from] Stealth Rock\n|turn|8\n|\n|t:|1695686159\n|move|p2a: Rotom|Hydro Pump|p1b: Overqwil\n|-damage|p1b: Overqwil|18\/100\n|move|p1b: Overqwil|Swords Dance|p1b: Overqwil\n|-boost|p1b: Overqwil|atk|2\n|move|p1a: Grafaiai|Foul Play|p2a: Rotom\n|-damage|p2a: Rotom|71\/100\n|move|p2b: Corviknight|Iron Head|p1b: Overqwil\n|-damage|p1b: Overqwil|0 fnt\n|faint|p1b: Overqwil\n|\n|-heal|p2b: Corviknight|88\/100|[from] item: Leftovers\n|upkeep\n|\n|t:|1695686163\n|switch|p1b: Nihilego|Nihilego|51\/100\n|-damage|p1b: Nihilego|39\/100|[from] Stealth Rock\n|turn|9\n|\n|t:|1695686175\n|move|p2a: Rotom|Hydro Pump|p1b: Nihilego\n|-supereffective|p1b: Nihilego\n|-damage|p1b: Nihilego|0 fnt\n|faint|p1b: Nihilego\n|move|p1a: Grafaiai|Foul Play|p2a: Rotom\n|-damage|p2a: Rotom|57\/100\n|move|p2b: Corviknight|Iron Head|p1a: Grafaiai\n|-damage|p1a: Grafaiai|34\/100\n|\n|-heal|p2b: Corviknight|94\/100|[from] item: Leftovers\n|upkeep\n|turn|10\n|c|\u2606Qapi|Scarf Rotom right?\n|c|\u2606ToastSlayer|The Hydro Pump luck has been CRAZY.\n|c|\u2606ToastSlayer|Yep.\n|c|\u2606Qapi|Well played\n|inactive|Qapi has 270 seconds left.\n|c|\u2606ToastSlayer|Hardly, unless luck is a skill. ^^'\n|c|\u2606Qapi|Showdown erased My teams so I built one rq\n|inactive|Qapi has 240 seconds left.\n|c|\u2606ToastSlayer|Yeah, that's been happening to people for some reason.\n|c|\u2606Qapi|But I've got one last trick\n|c|\u2606Qapi|Grafaiai, use Rain Dance!!!\n|\n|t:|1695686259\n|move|p1a: Grafaiai|Rain Dance|p1a: Grafaiai\n|-weather|RainDance\n|move|p2a: Rotom|Hydro Pump|p1a: Grafaiai\n|-damage|p1a: Grafaiai|0 fnt\n|faint|p1a: Grafaiai\n|\n|win|ToastSlayer\n|c|\u2606ToastSlayer|Oh nooooo!! :0\n|c|\u2606Qapi|That was fun\n|c|\u2606Qapi|GGs pal\n","uploadtime":1695686281,"views":12,"p1id":"qapi","p2id":"toastslayer","formatid":"gen9nationaldexdoubles","rating":0,"private":0,"password":""}