{"id":"gen9nationaldexdoubles-1983938320","p1":"pokemon player yes","p2":"Spinio","format":"[Gen 9] National Dex Doubles","log":"|j|\u2606pokemon player yes\n|j|\u2606Spinio\n|t:|1699202024\n|gametype|doubles\n|player|p1|pokemon player yes|workerice|\n|player|p2|Spinio|170|\n|teamsize|p1|6\n|teamsize|p2|6\n|gen|9\n|tier|[Gen 9] National Dex Doubles\n|rule|HP Percentage Mod: HP is shown in percentages\n|rule|Endless Battle Clause: Forcing endless battles is banned\n|rule|OHKO Clause: OHKO moves are banned\n|rule|Evasion Moves Clause: Evasion moves are banned\n|rule|Evasion Abilities Clause: Evasion abilities are banned\n|rule|Species Clause: Limit one of each Pok\u00e9mon\n|rule|Gravity Sleep Clause: The combination of sleep-inducing moves with imperfect accuracy and Gravity or Gigantamax Orbeetle are banned\n|clearpoke\n|poke|p1|Rillaboom, M|\n|poke|p1|Hawlucha, F|\n|poke|p1|Heatran, F|\n|poke|p1|Maushold|\n|poke|p1|Tornadus, M|\n|poke|p1|Palafin, M|\n|poke|p2|Venusaur, F|\n|poke|p2|Charizard, F|\n|poke|p2|Blastoise, F|\n|poke|p2|Torkoal, F|\n|poke|p2|Dragapult, F|\n|poke|p2|Coalossal, M|\n|teampreview\n|\n|t:|1699202047\n|start\n|switch|p1a: Rillaboom|Rillaboom, M|100\/100\n|switch|p1b: Heatran|Heatran, F|100\/100\n|switch|p2a: Torkoal|Torkoal, F|100\/100\n|switch|p2b: Charizard|Charizard, F|100\/100\n|-fieldstart|move: Grassy Terrain|[from] ability: Grassy Surge|[of] p1a: Rillaboom\n|-weather|SunnyDay|[from] ability: Drought|[of] p2a: Torkoal\n|turn|1\n|\n|t:|1699202082\n|move|p2b: Charizard|Protect|p2b: Charizard\n|-singleturn|p2b: Charizard|Protect\n|move|p1a: Rillaboom|Fake Out|p2b: Charizard\n|-activate|p2b: Charizard|move: Protect\n|move|p1b: Heatran|Earth Power|p2a: Torkoal\n|-supereffective|p2a: Torkoal\n|-damage|p2a: Torkoal|30\/100\n|move|p2a: Torkoal|Overheat|p1a: Rillaboom\n|-supereffective|p1a: Rillaboom\n|-damage|p1a: Rillaboom|0 fnt\n|-unboost|p2a: Torkoal|spa|2\n|faint|p1a: Rillaboom\n|\n|-weather|SunnyDay|[upkeep]\n|-damage|p2b: Charizard|88\/100|[from] ability: Solar Power|[of] p2b: Charizard\n|-heal|p2a: Torkoal|36\/100|[from] Grassy Terrain\n|upkeep\n|\n|t:|1699202100\n|switch|p1a: Maushold|Maushold|100\/100\n|turn|2\n|\n|t:|1699202111\n|move|p2a: Torkoal|Protect|p2a: Torkoal\n|-singleturn|p2a: Torkoal|Protect\n|move|p1a: Maushold|Super Fang|p2b: Charizard\n|-damage|p2b: Charizard|44\/100\n|move|p2b: Charizard|Scorching Sands|p1b: Heatran\n|-supereffective|p1b: Heatran\n|-damage|p1b: Heatran|46\/100\n|move|p1b: Heatran|Earth Power|p2a: Torkoal\n|-activate|p2a: Torkoal|move: Protect\n|\n|-weather|SunnyDay|[upkeep]\n|-damage|p2b: Charizard|32\/100|[from] ability: Solar Power|[of] p2b: Charizard\n|-heal|p1b: Heatran|52\/100|[from] Grassy Terrain\n|-heal|p1b: Heatran|58\/100|[from] item: Leftovers\n|-heal|p2a: Torkoal|42\/100|[from] Grassy Terrain\n|upkeep\n|turn|3\n|\n|t:|1699202136\n|switch|p1b: Tornadus|Tornadus, M|100\/100\n|switch|p2a: Blastoise|Blastoise, F|100\/100\n|move|p2b: Charizard|Protect|p2b: Charizard\n|-singleturn|p2b: Charizard|Protect\n|move|p1a: Maushold|Thunder Wave|p2b: Charizard\n|-activate|p2b: Charizard|move: Protect\n|\n|-weather|SunnyDay|[upkeep]\n|-damage|p2b: Charizard|19\/100|[from] ability: Solar Power|[of] p2b: Charizard\n|upkeep\n|turn|4\n|\n|t:|1699202159\n|switch|p2b: Dragapult|Dragapult, F|100\/100\n|move|p2a: Blastoise|Fake Out|p1b: Tornadus\n|-damage|p1b: Tornadus|92\/100\n|move|p1a: Maushold|Follow Me|p1a: Maushold\n|-singleturn|p1a: Maushold|move: Follow Me\n|move|p1b: Tornadus|Taunt|p2a: Blastoise\n|-start|p2a: Blastoise|move: Taunt\n|\n|-weather|SunnyDay|[upkeep]\n|upkeep\n|turn|5\n|\n|t:|1699202188\n|move|p2b: Dragapult|Breaking Swipe|p1b: Tornadus|[spread] p1a,p1b\n|-damage|p1a: Maushold|77\/100\n|-damage|p1b: Tornadus|70\/100\n|-unboost|p1a: Maushold|atk|1\n|move|p1a: Maushold|Super Fang|p2a: Blastoise\n|-damage|p2a: Blastoise|50\/100\n|-enditem|p2a: Blastoise|Sitrus Berry|[eat]\n|-heal|p2a: Blastoise|75\/100|[from] item: Sitrus Berry\n|move|p1b: Tornadus|Bleakwind Storm|p2b: Dragapult|[spread] p2a,p2b\n|-damage|p2a: Blastoise|44\/100\n|-damage|p2b: Dragapult|60\/100\n|-unboost|p2b: Dragapult|spe|1\n|move|p2a: Blastoise|Flip Turn|p1a: Maushold\n|-damage|p1a: Maushold|67\/100\n|\n|t:|1699202195\n|switch|p2a: Coalossal|Coalossal, M|100\/100|[from] Flip Turn\n|\n|-weather|SunnyDay|[upkeep]\n|-heal|p1a: Maushold|73\/100|[from] Grassy Terrain\n|-heal|p2b: Dragapult|66\/100|[from] Grassy Terrain\n|-fieldend|move: Grassy Terrain\n|upkeep\n|turn|6\n|\n|t:|1699202232\n|move|p1b: Tornadus|Protect|p1b: Tornadus\n|-singleturn|p1b: Tornadus|Protect\n|move|p1a: Maushold|Thunder Wave|p2b: Dragapult\n|-status|p2b: Dragapult|par\n|move|p2a: Coalossal|Heat Wave|p1a: Maushold|[spread] p1a\n|-activate|p1b: Tornadus|move: Protect\n|-damage|p1a: Maushold|16\/100\n|-enditem|p1a: Maushold|Sitrus Berry|[eat]\n|-heal|p1a: Maushold|41\/100|[from] item: Sitrus Berry\n|move|p2b: Dragapult|Surf|p1b: Tornadus|[spread] p2a,p1a\n|-activate|p1b: Tornadus|move: Protect\n|-supereffective|p2a: Coalossal\n|-damage|p2a: Coalossal|68\/100\n|-damage|p1a: Maushold|32\/100\n|-ability|p2a: Coalossal|Steam Engine|boost\n|-boost|p2a: Coalossal|spe|6\n|-enditem|p2a: Coalossal|Weakness Policy\n|-boost|p2a: Coalossal|atk|2|[from] item: Weakness Policy\n|-boost|p2a: Coalossal|spa|2|[from] item: Weakness Policy\n|\n|-weather|SunnyDay|[upkeep]\n|upkeep\n|turn|7\n|\n|t:|1699202264\n|switch|p1b: Heatran|Heatran, F|58\/100\n|move|p2a: Coalossal|Heat Wave|p1b: Heatran|[spread] p1a\n|-start|p1b: Heatran|ability: Flash Fire\n|-damage|p1a: Maushold|0 fnt\n|faint|p1a: Maushold\n|move|p2b: Dragapult|Light Screen|p2b: Dragapult\n|-sidestart|p2: Spinio|move: Light Screen\n|\n|-weather|SunnyDay|[upkeep]\n|-heal|p1b: Heatran|65\/100|[from] item: Leftovers\n|upkeep\n|\n|t:|1699202277\n|switch|p1a: Hawlucha|Hawlucha, F|100\/100\n|turn|8\n|\n|t:|1699202292\n|move|p2a: Coalossal|Protect|p2a: Coalossal\n|-singleturn|p2a: Coalossal|Protect\n|move|p1a: Hawlucha|Drain Punch|p2a: Coalossal\n|-activate|p2a: Coalossal|move: Protect\n|move|p1b: Heatran|Earth Power|p2a: Coalossal\n|-activate|p2a: Coalossal|move: Protect\n|cant|p2b: Dragapult|par\n|\n|-weather|none\n|-heal|p1b: Heatran|71\/100|[from] item: Leftovers\n|upkeep\n|turn|9\n|\n|t:|1699202313\n|move|p2a: Coalossal|Earth Power|p1b: Heatran\n|-supereffective|p1b: Heatran\n|-damage|p1b: Heatran|0 fnt\n|faint|p1b: Heatran\n|move|p1a: Hawlucha|Drain Punch|p2a: Coalossal\n|-supereffective|p2a: Coalossal\n|-damage|p2a: Coalossal|11\/100\n|move|p2b: Dragapult|Will-O-Wisp|p1a: Hawlucha\n|-status|p1a: Hawlucha|brn\n|\n|-damage|p1a: Hawlucha|94\/100 brn|[from] brn\n|upkeep\n|\n|t:|1699202325\n|switch|p1b: Palafin|Palafin, M|100\/100\n|turn|10\n|\n|t:|1699202333\n|move|p2a: Coalossal|Protect|p2a: Coalossal\n|-singleturn|p2a: Coalossal|Protect\n|move|p1a: Hawlucha|Protect|p1a: Hawlucha\n|-singleturn|p1a: Hawlucha|Protect\n|move|p1b: Palafin|Jet Punch|p2a: Coalossal\n|-activate|p2a: Coalossal|move: Protect\n|move|p2b: Dragapult|Will-O-Wisp|p1b: Palafin\n|-status|p1b: Palafin|brn\n|\n|-damage|p1a: Hawlucha|88\/100 brn|[from] brn\n|-damage|p1b: Palafin|94\/100 brn|[from] brn\n|upkeep\n|turn|11\n|\n|t:|1699202359\n|switch|p2a: Torkoal|Torkoal, F|42\/100\n|-weather|SunnyDay|[from] ability: Drought|[of] p2a: Torkoal\n|move|p1a: Hawlucha|Protect||[still]\n|-fail|p1a: Hawlucha\n|move|p1b: Palafin|Jet Punch|p2a: Torkoal\n|-supereffective|p2a: Torkoal\n|-damage|p2a: Torkoal|37\/100\n|move|p2b: Dragapult|Breaking Swipe|p1b: Palafin|[spread] p1a,p1b\n|-damage|p1a: Hawlucha|63\/100 brn\n|-damage|p1b: Palafin|73\/100 brn\n|-unboost|p1a: Hawlucha|atk|1\n|-unboost|p1b: Palafin|atk|1\n|\n|-weather|SunnyDay|[upkeep]\n|-heal|p1b: Palafin|79\/100 brn|[from] item: Leftovers\n|-damage|p1a: Hawlucha|57\/100 brn|[from] brn\n|-damage|p1b: Palafin|73\/100 brn|[from] brn\n|-sideend|p2: Spinio|move: Light Screen\n|upkeep\n|turn|12\n|\n|t:|1699202377\n|detailschange|p1b: Palafin|Palafin-Hero, M\n|switch|p1b: Tornadus|Tornadus, M|70\/100\n|move|p1a: Hawlucha|Drain Punch|p2a: Torkoal\n|-damage|p2a: Torkoal|28\/100\n|-heal|p1a: Hawlucha|62\/100 brn|[from] drain|[of] p2a: Torkoal\n|move|p2b: Dragapult|Breaking Swipe|p1b: Tornadus|[spread] p1a,p1b\n|-damage|p1a: Hawlucha|37\/100 brn\n|-damage|p1b: Tornadus|42\/100\n|-unboost|p1a: Hawlucha|atk|1\n|move|p2a: Torkoal|Lava Plume|p1b: Tornadus|[spread] p2b,p1a,p1b\n|-resisted|p2b: Dragapult\n|-damage|p2b: Dragapult|43\/100 par\n|-damage|p1a: Hawlucha|0 fnt\n|-damage|p1b: Tornadus|0 fnt\n|-enditem|p2b: Dragapult|Sitrus Berry|[eat]\n|-heal|p2b: Dragapult|68\/100 par|[from] item: Sitrus Berry\n|faint|p1a: Hawlucha\n|faint|p1b: Tornadus\n|\n|-weather|SunnyDay|[upkeep]\n|upkeep\n|\n|t:|1699202392\n|switch|p1b: Palafin|Palafin-Hero, M|73\/100 brn\n|-activate|p1b: Palafin|ability: Zero to Hero\n|turn|13\n|\n|t:|1699202403\n|move|p1b: Palafin|Bulk Up|p1b: Palafin\n|-boost|p1b: Palafin|atk|1\n|-boost|p1b: Palafin|def|1\n|move|p2b: Dragapult|Breaking Swipe|p1b: Palafin\n|-damage|p1b: Palafin|58\/100 brn\n|-unboost|p1b: Palafin|atk|1\n|move|p2a: Torkoal|Solar Beam||[still]\n|-prepare|p2a: Torkoal|Solar Beam\n|-anim|p2a: Torkoal|Solar Beam|p1b: Palafin\n|-supereffective|p1b: Palafin\n|-damage|p1b: Palafin|9\/100 brn\n|\n|-weather|SunnyDay|[upkeep]\n|-heal|p1b: Palafin|15\/100 brn|[from] item: Leftovers\n|-damage|p1b: Palafin|9\/100 brn|[from] brn\n|upkeep\n|turn|14\n|\n|t:|1699202417\n|move|p1b: Palafin|Jet Punch|p2a: Torkoal\n|-supereffective|p2a: Torkoal\n|-damage|p2a: Torkoal|14\/100\n|move|p2b: Dragapult|Breaking Swipe|p1b: Palafin\n|-damage|p1b: Palafin|0 fnt\n|faint|p1b: Palafin\n|\n|win|Spinio\n|l|\u2606pokemon player yes\n","uploadtime":1699202428,"views":11,"p1id":"pokemonplayeryes","p2id":"spinio","formatid":"gen9nationaldexdoubles","rating":0,"private":0,"password":""}