{"id":"gen9nationaldexdoubles-1974280095","p1":"Ax0lol","p2":"FRANCO-BATTLE","format":"[Gen 9] National Dex Doubles","log":"|j|\u2606Ax0lol\n|j|\u2606FRANCO-BATTLE\n|t:|1698074400\n|gametype|doubles\n|player|p1|Ax0lol|lady|1279\n|player|p2|FRANCO-BATTLE|266|1098\n|teamsize|p1|6\n|teamsize|p2|6\n|gen|9\n|tier|[Gen 9] National Dex Doubles\n|rated|\n|rule|HP Percentage Mod: HP is shown in percentages\n|rule|Endless Battle Clause: Forcing endless battles is banned\n|rule|OHKO Clause: OHKO moves are banned\n|rule|Evasion Moves Clause: Evasion moves are banned\n|rule|Evasion Abilities Clause: Evasion abilities are banned\n|rule|Species Clause: Limit one of each Pok\u00e9mon\n|rule|Gravity Sleep Clause: The combination of sleep-inducing moves with imperfect accuracy and Gravity or Gigantamax Orbeetle are banned\n|clearpoke\n|poke|p1|Indeedee-F, F|\n|poke|p1|Pincurchin, F|\n|poke|p1|Hatterene, F|\n|poke|p1|Roaring Moon|\n|poke|p1|Iron Moth|\n|poke|p1|Eevee, F|\n|poke|p2|Hitmontop, M|\n|poke|p2|Ambipom, M|\n|poke|p2|Klinklang|\n|poke|p2|Mienshao, M|\n|poke|p2|Blaziken, F|\n|poke|p2|Sableye, M|\n|teampreview\n|\n|t:|1698074411\n|start\n|switch|p1a: Eevee|Eevee, F|100\/100\n|switch|p1b: Hatterene|Hatterene, F|100\/100\n|switch|p2a: Beyblade master|Hitmontop, M|100\/100\n|switch|p2b: Little prick|Sableye, M, shiny|100\/100\n|-ability|p1a: Eevee|Anticipation\n|turn|1\n|\n|t:|1698074436\n|move|p2b: Little prick|Fake Out|p1b: Hatterene\n|-damage|p1b: Hatterene|91\/100\n|move|p2a: Beyblade master|Rapid Spin|p1a: Eevee\n|-crit|p1a: Eevee\n|-damage|p1a: Eevee|64\/100\n|-boost|p2a: Beyblade master|spe|1\n|-zpower|p1a: Eevee\n|move|p1a: Eevee|Extreme Evoboost|p1a: Eevee\n|-boost|p1a: Eevee|atk|2\n|-boost|p1a: Eevee|def|2\n|-boost|p1a: Eevee|spa|2\n|-boost|p1a: Eevee|spd|2\n|-boost|p1a: Eevee|spe|2\n|cant|p1b: Hatterene|flinch\n|\n|upkeep\n|turn|2\n|\n|t:|1698074483\n|move|p2a: Beyblade master|Mach Punch|p1a: Eevee\n|-supereffective|p1a: Eevee\n|-damage|p1a: Eevee|35\/100\n|move|p1a: Eevee|Baton Pass|p1a: Eevee\n|\n|t:|1698074489\n|switch|p1a: Indeedee|Indeedee-F, F|100\/100|[from] Baton Pass\n|-fieldstart|move: Psychic Terrain|[from] ability: Psychic Surge|[of] p1a: Indeedee\n|move|p2b: Little prick|Shadow Claw|p1b: Hatterene\n|-supereffective|p1b: Hatterene\n|-damage|p1b: Hatterene|42\/100\n|move|p1b: Hatterene|Dazzling Gleam|p2b: Little prick|[spread] p2a,p2b\n|-supereffective|p2a: Beyblade master\n|-supereffective|p2b: Little prick\n|-damage|p2a: Beyblade master|10\/100\n|-enditem|p2b: Little prick|Focus Sash\n|-damage|p2b: Little prick|1\/100\n|\n|upkeep\n|turn|3\n|\n|t:|1698074520\n|-terastallize|p1a: Indeedee|Psychic\n|move|p1b: Hatterene|Helping Hand|p1a: Indeedee\n|-singleturn|p1a: Indeedee|Helping Hand|[of] p1b: Hatterene\n|move|p2a: Beyblade master|Mach Punch|p1a: Indeedee\n|-activate|p1a: Indeedee|move: Psychic Terrain\n|move|p2b: Little prick|Disable|p1b: Hatterene\n|-activate|p1b: Hatterene|move: Psychic Terrain\n|move|p1a: Indeedee|Expanding Force|p2a: Beyblade master|[spread] p2a\n|-immune|p2b: Little prick\n|-supereffective|p2a: Beyblade master\n|-damage|p2a: Beyblade master|0 fnt\n|faint|p2a: Beyblade master\n|\n|upkeep\n|inactive|Battle timer is ON: inactive players will automatically lose when time's up. (requested by Ax0lol)\n|\n|t:|1698074539\n|switch|p2a: Flat tire|Klinklang, shiny|100\/100\n|turn|4\n|\n|t:|1698074561\n|move|p2b: Little prick|Will-O-Wisp|p1a: Indeedee\n|-activate|p1a: Indeedee|move: Psychic Terrain\n|move|p1a: Indeedee|Expanding Force|p2b: Little prick|[spread] p2a\n|-immune|p2b: Little prick\n|-resisted|p2a: Flat tire\n|-damage|p2a: Flat tire|33\/100\n|move|p2a: Flat tire|Shift Gear|p2a: Flat tire\n|-boost|p2a: Flat tire|spe|2\n|-boost|p2a: Flat tire|atk|1\n|move|p1b: Hatterene|Dazzling Gleam|p2a: Flat tire|[spread] p2a,p2b\n|-resisted|p2a: Flat tire\n|-supereffective|p2b: Little prick\n|-damage|p2a: Flat tire|15\/100\n|-damage|p2b: Little prick|0 fnt\n|faint|p2b: Little prick\n|\n|-heal|p2a: Flat tire|21\/100|[from] item: Leftovers\n|upkeep\n|inactive|FRANCO-BATTLE has 120 seconds left.\n|\n|t:|1698074580\n|switch|p2b: Monke|Ambipom, M|100\/100\n|turn|5\n|\n|t:|1698074591\n|move|p1b: Hatterene|Helping Hand|p1a: Indeedee\n|-singleturn|p1a: Indeedee|Helping Hand|[of] p1b: Hatterene\n|move|p2b: Monke|Fake Out|p1a: Indeedee\n|-activate|p1a: Indeedee|move: Psychic Terrain\n|move|p2a: Flat tire|Gear Grind|p1b: Hatterene\n|-supereffective|p1b: Hatterene\n|-damage|p1b: Hatterene|0 fnt\n|faint|p1b: Hatterene\n|-hitcount|p1: Hatterene|1\n|move|p1a: Indeedee|Expanding Force|p2b: Monke|[spread] p2a,p2b\n|-resisted|p2a: Flat tire\n|-damage|p2a: Flat tire|0 fnt\n|-enditem|p2b: Monke|Focus Sash\n|-damage|p2b: Monke|1\/100\n|faint|p2a: Flat tire\n|\n|upkeep\n|\n|t:|1698074614\n|switch|p2a: Perv cat|Mienshao, M|100\/100\n|switch|p1b: Eevee|Eevee, F|35\/100\n|-ability|p1b: Eevee|Anticipation\n|turn|6\n|\n|t:|1698074634\n|move|p2a: Perv cat|Fake Out|p1a: Indeedee\n|-activate|p1a: Indeedee|move: Psychic Terrain\n|move|p1a: Indeedee|Expanding Force|p2a: Perv cat|[spread] p2a,p2b\n|-supereffective|p2a: Perv cat\n|-enditem|p2a: Perv cat|Focus Sash\n|-damage|p2a: Perv cat|1\/100\n|-damage|p2b: Monke|0 fnt\n|faint|p2b: Monke\n|move|p1b: Eevee|Return|p2a: Perv cat\n|-damage|p2a: Perv cat|0 fnt\n|faint|p2a: Perv cat\n|\n|-fieldend|move: Psychic Terrain\n|upkeep\n|\n|t:|1698074653\n|switch|p2a: Not so fast dude|Blaziken, F|100\/100\n|turn|7\n|\n|t:|1698074666\n|move|p1b: Eevee|Protect|p1b: Eevee\n|-singleturn|p1b: Eevee|Protect\n|move|p1a: Indeedee|Expanding Force|p2a: Not so fast dude\n|-supereffective|p2a: Not so fast dude\n|-enditem|p2a: Not so fast dude|Focus Sash\n|-damage|p2a: Not so fast dude|1\/100\n|move|p2a: Not so fast dude|Aura Sphere|p1b: Eevee\n|-activate|p1b: Eevee|move: Protect\n|\n|-ability|p2a: Not so fast dude|Speed Boost|boost\n|-boost|p2a: Not so fast dude|spe|1\n|upkeep\n|turn|8\n|\n|t:|1698074687\n|move|p2a: Not so fast dude|Protect|p2a: Not so fast dude\n|-singleturn|p2a: Not so fast dude|Protect\n|move|p1a: Indeedee|Expanding Force|p2a: Not so fast dude\n|-activate|p2a: Not so fast dude|move: Protect\n|move|p1b: Eevee|Return|p2a: Not so fast dude\n|-activate|p2a: Not so fast dude|move: Protect\n|\n|-ability|p2a: Not so fast dude|Speed Boost|boost\n|-boost|p2a: Not so fast dude|spe|1\n|upkeep\n|turn|9\n|\n|t:|1698074701\n|move|p1b: Eevee|Protect|p1b: Eevee\n|-singleturn|p1b: Eevee|Protect\n|move|p2a: Not so fast dude|Blaze Kick|p1a: Indeedee\n|-damage|p1a: Indeedee|78\/100\n|-status|p1a: Indeedee|brn\n|move|p1a: Indeedee|Expanding Force|p2a: Not so fast dude\n|-supereffective|p2a: Not so fast dude\n|-damage|p2a: Not so fast dude|0 fnt\n|faint|p2a: Not so fast dude\n|\n|win|Ax0lol\n|raw|Ax0lol's rating: 1279 &rarr; <strong>1292<\/strong><br \/>(+13 for winning)\n|raw|FRANCO-BATTLE's rating: 1098 &rarr; <strong>1085<\/strong><br \/>(-13 for losing)\n","uploadtime":1698074725,"views":9,"p1id":"ax0lol","p2id":"francobattle","formatid":"gen9nationaldexdoubles","rating":1085,"private":0,"password":""}