{"id":"gen9nationaldexdoubles-1977127678","p1":"JacintoElGrande","p2":"Elnutriajp","format":"[Gen 9] National Dex Doubles","log":"|j|\u2606JacintoElGrande\n|j|\u2606Elnutriajp\n|t:|1698374733\n|gametype|doubles\n|player|p1|JacintoElGrande|doctor-gen8|\n|player|p2|Elnutriajp|lucas|\n|teamsize|p1|6\n|teamsize|p2|6\n|gen|9\n|tier|[Gen 9] National Dex Doubles\n|rule|HP Percentage Mod: HP is shown in percentages\n|rule|Endless Battle Clause: Forcing endless battles is banned\n|rule|OHKO Clause: OHKO moves are banned\n|rule|Evasion Moves Clause: Evasion moves are banned\n|rule|Evasion Abilities Clause: Evasion abilities are banned\n|rule|Species Clause: Limit one of each Pok\u00e9mon\n|rule|Gravity Sleep Clause: The combination of sleep-inducing moves with imperfect accuracy and Gravity or Gigantamax Orbeetle are banned\n|clearpoke\n|poke|p1|Galvantula, F|\n|poke|p1|Beedrill, F|\n|poke|p1|Scizor, M|\n|poke|p1|Vikavolt, F|\n|poke|p1|Frosmoth, F|\n|poke|p1|Crustle, M|\n|poke|p2|Charizard, F|\n|poke|p2|Turtonator, M|\n|poke|p2|Torkoal, F|\n|poke|p2|Volcarona, F|\n|poke|p2|Incineroar, F|\n|poke|p2|Blaziken, M|\n|teampreview\n|c|\u2606Elnutriajp|no quer\u00eda\n|c|\u2606JacintoElGrande|gl hf\n|c|\u2606Elnutriajp|pero era el \u00fanico que me quedaba XD\n|c|\u2606JacintoElGrande|nono\n|c|\u2606Elnutriajp|para no repetir\n|c|\u2606JacintoElGrande|si no le gano al tipo fuego con mi bug type\n|c|\u2606JacintoElGrande|es culpa m\u00eda nomas xd\n|c|\u2606JacintoElGrande|de hecho fui a un torneo de monotype gen 6\n|c|\u2606JacintoElGrande|el premio era el pokemon ultra sol o luna\n|c|\u2606JacintoElGrande|la final fue un tipo fuego vs tipo agua\n|c|\u2606JacintoElGrande|adivina cual gan\u00f3\n|\n|t:|1698374813\n|start\n|switch|p1a: Galvantula|Galvantula, F|100\/100\n|switch|p1b: Scizor|Scizor, M|100\/100\n|switch|p2a: Tonny|Incineroar, F|100\/100\n|switch|p2b: Crispy|Blaziken, M|100\/100\n|-ability|p2a: Tonny|Intimidate|boost\n|-unboost|p1a: Galvantula|atk|1\n|-unboost|p1b: Scizor|atk|1\n|turn|1\n|\n|t:|1698374837\n|move|p2b: Crispy|Protect|p2b: Crispy\n|-singleturn|p2b: Crispy|Protect\n|move|p2a: Tonny|Fake Out|p1a: Galvantula\n|-damage|p1a: Galvantula|75\/100\n|cant|p1a: Galvantula|flinch\n|move|p1b: Scizor|Bug Bite|p2a: Tonny\n|-damage|p2a: Tonny|70\/100\n|\n|-ability|p2b: Crispy|Speed Boost|boost\n|-boost|p2b: Crispy|spe|1\n|upkeep\n|turn|2\n|\n|t:|1698374867\n|switch|p2a: slow|Torkoal, F|100\/100\n|-weather|SunnyDay|[from] ability: Drought|[of] p2a: slow\n|move|p1b: Scizor|Bullet Punch|p2b: Crispy\n|-resisted|p2b: Crispy\n|-damage|p2b: Crispy|84\/100\n|move|p2b: Crispy|Blaze Kick|p1b: Scizor\n|-supereffective|p1b: Scizor\n|-enditem|p1b: Scizor|Occa Berry|[eat]\n|-enditem|p1b: Scizor|Occa Berry|[weaken]\n|-damage|p1b: Scizor|0 fnt\n|faint|p1b: Scizor\n|-damage|p2b: Crispy|74\/100|[from] item: Life Orb\n|move|p1a: Galvantula|Thunder|p2b: Crispy\n|-damage|p2b: Crispy|3\/100\n|\n|-weather|SunnyDay|[upkeep]\n|-ability|p2b: Crispy|Speed Boost|boost\n|-boost|p2b: Crispy|spe|1\n|upkeep\n|c|\u2606Elnutriajp|el fuego tiene buenas covertiras contra awa XD\n|c|\u2606JacintoElGrande|pues si\n|c|\u2606JacintoElGrande|gan\u00f3 el fuego xd\n|\n|t:|1698374899\n|switch|p1b: Beedrill|Beedrill, F, shiny|100\/100\n|turn|3\n|\n|t:|1698374915\n|detailschange|p1b: Beedrill|Beedrill-Mega, F, shiny\n|-mega|p1b: Beedrill|Beedrill|Beedrillite\n|move|p1b: Beedrill|Protect|p1b: Beedrill\n|-singleturn|p1b: Beedrill|Protect\n|move|p2b: Crispy|Blaze Kick|p1a: Galvantula\n|-supereffective|p1a: Galvantula\n|-damage|p1a: Galvantula|0 fnt\n|faint|p1a: Galvantula\n|-damage|p2b: Crispy|0 fnt|[from] item: Life Orb\n|faint|p2b: Crispy\n|move|p2a: slow|Stealth Rock|p1b: Beedrill\n|-sidestart|p1: JacintoElGrande|move: Stealth Rock\n|\n|-weather|SunnyDay|[upkeep]\n|upkeep\n|c|\u2606JacintoElGrande|ouch\n|\n|t:|1698374931\n|switch|p1a: Frosmoth|Frosmoth, F|100\/100\n|switch|p2b: chupeton|Turtonator, M, shiny|100\/100\n|-damage|p1a: Frosmoth|51\/100|[from] Stealth Rock\n|turn|4\n|\n|t:|1698374952\n|-singleturn|p2b: chupeton|move: Shell Trap\n|move|p1b: Beedrill|Drill Run|p2a: slow\n|-supereffective|p2a: slow\n|-damage|p2a: slow|58\/100\n|move|p1a: Frosmoth|Blizzard|p2a: slow|[spread] p2a,p2b\n|-resisted|p2a: slow\n|-damage|p2a: slow|29\/100\n|-damage|p2b: chupeton|47\/100\n|move|p2a: slow|Curse|p2a: slow\n|-unboost|p2a: slow|spe|1\n|-boost|p2a: slow|atk|1\n|-boost|p2a: slow|def|1\n|move|p2b: chupeton|Shell Trap||[still]\n|cant|p2b: chupeton|Shell Trap|Shell Trap\n|\n|-weather|SunnyDay|[upkeep]\n|-heal|p2a: slow|35\/100|[from] item: Leftovers\n|upkeep\n|turn|5\n|\n|t:|1698374986\n|switch|p2b: Tonny|Incineroar, F|70\/100\n|-ability|p2b: Tonny|Intimidate|boost\n|-unboost|p1a: Frosmoth|atk|1\n|-unboost|p1b: Beedrill|atk|1\n|move|p1b: Beedrill|Drill Run|p2a: slow\n|-supereffective|p2a: slow\n|-damage|p2a: slow|14\/100\n|move|p1a: Frosmoth|Blizzard|p2b: Tonny|[spread] p2a,p2b\n|-resisted|p2a: slow\n|-resisted|p2b: Tonny\n|-damage|p2a: slow|0 fnt\n|-damage|p2b: Tonny|58\/100\n|faint|p2a: slow\n|\n|-weather|SunnyDay|[upkeep]\n|upkeep\n|\n|t:|1698375003\n|switch|p2a: mostaza|Volcarona, F, shiny|100\/100\n|turn|6\n|\n|t:|1698375015\n|switch|p1b: Crustle|Crustle, M|100\/100\n|-damage|p1b: Crustle|76\/100|[from] Stealth Rock\n|move|p2b: Tonny|Fake Out|p1a: Frosmoth\n|-damage|p1a: Frosmoth|23\/100\n|move|p2a: mostaza|Fiery Dance|p1b: Crustle\n|-crit|p1b: Crustle\n|-damage|p1b: Crustle|0 fnt\n|faint|p1b: Crustle\n|cant|p1a: Frosmoth|flinch\n|\n|-weather|none\n|upkeep\n|\n|t:|1698375027\n|switch|p1b: Beedrill|Beedrill-Mega, F, shiny|100\/100\n|-damage|p1b: Beedrill|76\/100|[from] Stealth Rock\n|turn|7\n|c|\u2606Elnutriajp|fuaaaa\n|\n|t:|1698375053\n|move|p1b: Beedrill|Poison Jab|p2a: mostaza\n|-damage|p2a: mostaza|9\/100\n|-status|p2a: mostaza|psn\n|move|p2a: mostaza|Fiery Dance|p1a: Frosmoth\n|-supereffective|p1a: Frosmoth\n|-damage|p1a: Frosmoth|0 fnt\n|faint|p1a: Frosmoth\n|move|p2b: Tonny|Blaze Kick|p1b: Beedrill\n|-supereffective|p1b: Beedrill\n|-damage|p1b: Beedrill|0 fnt\n|faint|p1b: Beedrill\n|\n|-damage|p2a: mostaza|0 fnt|[from] psn\n|faint|p2a: mostaza\n|upkeep\n|\n|t:|1698375069\n|switch|p1b: Vikavolt|Vikavolt, F|100\/100\n|switch|p2a: chorizor|Charizard, F|100\/100\n|-damage|p1b: Vikavolt|76\/100|[from] Stealth Rock\n|turn|8\n|c|\u2606JacintoElGrande|gg\n|c|\u2606Elnutriajp|era de esperarse, la desventaja de tipo es mucha\n|c|\u2606JacintoElGrande|esas stealth rocks me la hicieron\n|\n|t:|1698375099\n|detailschange|p2a: chorizor|Charizard-Mega-Y, F\n|-mega|p2a: chorizor|Charizard|Charizardite Y\n|-weather|SunnyDay|[from] ability: Drought|[of] p2a: chorizor\n|-terastallize|p2b: Tonny|Fire\n|move|p2a: chorizor|Flamethrower|p1b: Vikavolt\n|-supereffective|p1b: Vikavolt\n|-damage|p1b: Vikavolt|0 fnt\n|faint|p1b: Vikavolt\n|\n|win|Elnutriajp\n|c|\u2606JacintoElGrande|la idea era tankear con tera frosmoth\n|c|\u2606JacintoElGrande|y helearme y todo eso\n|c|\u2606JacintoElGrande|pero a mitad hp no se pod\u00eda xd\n|c|\u2606JacintoElGrande|bien jugado\n","uploadtime":1698375136,"views":8,"p1id":"jacintoelgrande","p2id":"elnutriajp","formatid":"gen9nationaldexdoubles","rating":0,"private":0,"password":""}