{"id":"gen9nationaldexdoubles-1981284541","p1":"Vyrusi","p2":"hellixx","format":"[Gen 9] National Dex Doubles","log":"|j|\u2606Vyrusi\n|j|\u2606hellixx\n|t:|1698879684\n|gametype|doubles\n|player|p1|Vyrusi|proton|1174\n|player|p2|hellixx|alder|1142\n|teamsize|p1|6\n|teamsize|p2|6\n|gen|9\n|tier|[Gen 9] National Dex Doubles\n|rated|\n|rule|HP Percentage Mod: HP is shown in percentages\n|rule|Endless Battle Clause: Forcing endless battles is banned\n|rule|OHKO Clause: OHKO moves are banned\n|rule|Evasion Moves Clause: Evasion moves are banned\n|rule|Evasion Abilities Clause: Evasion abilities are banned\n|rule|Species Clause: Limit one of each Pok\u00e9mon\n|rule|Gravity Sleep Clause: The combination of sleep-inducing moves with imperfect accuracy and Gravity or Gigantamax Orbeetle are banned\n|clearpoke\n|poke|p1|Cherrim, F|\n|poke|p1|Lurantis, F|\n|poke|p1|Charizard, M|\n|poke|p1|Malamar, F|\n|poke|p1|Walking Wake|\n|poke|p1|Golurk|\n|poke|p2|Krookodile, M|\n|poke|p2|Salamence, F|\n|poke|p2|Gliscor, F|\n|poke|p2|Gyarados, M|\n|poke|p2|Pyroar, M|\n|poke|p2|Quaquaval, F|\n|teampreview\n|inactive|Battle timer is ON: inactive players will automatically lose when time's up. (requested by hellixx)\n|\n|t:|1698879696\n|start\n|switch|p1a: Lurantis|Lurantis, F|100\/100\n|switch|p1b: Cherrim|Cherrim, F, shiny|100\/100\n|switch|p2a: Krookodile|Krookodile, M, shiny|100\/100\n|switch|p2b: Gliscor|Gliscor, F|100\/100\n|turn|1\n|\n|t:|1698879716\n|-terastallize|p2a: Krookodile|Flying\n|move|p2b: Gliscor|Tailwind|p2b: Gliscor\n|-sidestart|p2: hellixx|move: Tailwind\n|move|p2a: Krookodile|Bulk Up|p2a: Krookodile\n|-boost|p2a: Krookodile|atk|1\n|-boost|p2a: Krookodile|def|1\n|move|p1b: Cherrim|Sunny Day|p1b: Cherrim\n|-weather|SunnyDay\n|-formechange|p1b: Cherrim|Cherrim-Sunshine|[msg]|[from] ability: Flower Gift\n|move|p1a: Lurantis|Solar Blade||[still]\n|-prepare|p1a: Lurantis|Solar Blade\n|-anim|p1a: Lurantis|Solar Blade|p2a: Krookodile\n|-resisted|p2a: Krookodile\n|-damage|p2a: Krookodile|64\/100\n|\n|-weather|SunnyDay|[upkeep]\n|-status|p2b: Gliscor|tox|[from] item: Toxic Orb\n|upkeep\n|turn|2\n|inactive|Vyrusi has 120 seconds left.\n|inactive|hellixx has 120 seconds left.\n|\n|t:|1698879748\n|switch|p2b: Salamence|Salamence, F|100\/100\n|switch|p1a: Malamar|Malamar, F|100\/100\n|move|p2a: Krookodile|Rock Slide|p1a: Malamar|[spread] p1a,p1b\n|-crit|p1b: Cherrim\n|-damage|p1a: Malamar|72\/100\n|-damage|p1b: Cherrim|62\/100\n|move|p1b: Cherrim|Tickle|p1a: Malamar\n|-boost|p1a: Malamar|atk|1\n|-boost|p1a: Malamar|def|1\n|-enditem|p2a: Krookodile|Mirror Herb\n|-boost|p2a: Krookodile|atk|1|[from] item: Mirror Herb\n|-boost|p2a: Krookodile|def|1|[from] item: Mirror Herb\n|\n|-weather|SunnyDay|[upkeep]\n|-heal|p1b: Cherrim|68\/100|[from] item: Leftovers\n|upkeep\n|turn|3\n|\n|t:|1698879762\n|detailschange|p2b: Salamence|Salamence-Mega, F\n|-mega|p2b: Salamence|Salamence|Salamencite\n|move|p2a: Krookodile|Rock Slide|p1b: Cherrim|[spread] p1a,p1b\n|-damage|p1a: Malamar|49\/100\n|-damage|p1b: Cherrim|37\/100\n|move|p2b: Salamence|Heat Wave|p1b: Cherrim|[spread] p1a,p1b\n|-supereffective|p1b: Cherrim\n|-damage|p1a: Malamar|34\/100\n|-damage|p1b: Cherrim|0 fnt\n|faint|p1b: Cherrim\n|move|p1a: Malamar|Trick Room|p1a: Malamar\n|-fieldstart|move: Trick Room|[of] p1a: Malamar\n|\n|-weather|SunnyDay|[upkeep]\n|upkeep\n|\n|t:|1698879772\n|switch|p1b: Golurk|Golurk, shiny|100\/100\n|turn|4\n|\n|t:|1698879787\n|move|p1b: Golurk|Thunder Punch|p2a: Krookodile\n|-supereffective|p2a: Krookodile\n|-damage|p2a: Krookodile|18\/100\n|move|p1a: Malamar|Topsy-Turvy|p2a: Krookodile\n|-invertboost|p2a: Krookodile|[from] move: Topsy-Turvy\n|move|p2b: Salamence|Heat Wave|p1a: Malamar|[spread] p1b\n|-miss|p2b: Salamence|p1a: Malamar\n|-damage|p1b: Golurk|71\/100\n|move|p2a: Krookodile|Earthquake|p1b: Golurk|[spread] p1a,p1b\n|-immune|p2b: Salamence\n|-damage|p1a: Malamar|21\/100\n|-damage|p1b: Golurk|53\/100\n|\n|-weather|SunnyDay|[upkeep]\n|-sideend|p2: hellixx|move: Tailwind\n|upkeep\n|turn|5\n|inactive|hellixx has 120 seconds left.\n|\n|t:|1698879822\n|move|p1b: Golurk|Thunder Punch|p2b: Salamence\n|-damage|p2b: Salamence|75\/100\n|move|p1a: Malamar|Knock Off|p2a: Krookodile\n|-damage|p2a: Krookodile|0 fnt\n|faint|p2a: Krookodile\n|move|p2b: Salamence|Rock Slide|p1b: Golurk|[spread] p1a,p1b\n|-resisted|p1b: Golurk\n|-damage|p1a: Malamar|5\/100\n|-damage|p1b: Golurk|41\/100\n|\n|-weather|none\n|upkeep\n|\n|t:|1698879834\n|switch|p2a: Quaquaval|Quaquaval, F|100\/100\n|turn|6\n|\n|t:|1698879850\n|move|p1b: Golurk|Thunder Punch|p2a: Quaquaval\n|-supereffective|p2a: Quaquaval\n|-crit|p2a: Quaquaval\n|-damage|p2a: Quaquaval|0 fnt\n|faint|p2a: Quaquaval\n|move|p1a: Malamar|Knock Off|p2b: Salamence\n|-damage|p2b: Salamence|51\/100\n|move|p2b: Salamence|Rock Slide|p1b: Golurk|[spread] p1a,p1b\n|-resisted|p1b: Golurk\n|-damage|p1a: Malamar|0 fnt\n|-damage|p1b: Golurk|30\/100\n|faint|p1a: Malamar\n|\n|upkeep\n|\n|t:|1698879870\n|switch|p1a: Lurantis|Lurantis, F|100\/100\n|switch|p2a: Pyroar|Pyroar, M|100\/100\n|turn|7\n|\n|t:|1698879884\n|move|p1b: Golurk|Drain Punch|p2a: Pyroar\n|-supereffective|p2a: Pyroar\n|-damage|p2a: Pyroar|0 fnt\n|-heal|p1b: Golurk|71\/100|[from] drain|[of] p2a: Pyroar\n|faint|p2a: Pyroar\n|move|p1a: Lurantis|Superpower|p2b: Salamence\n|-resisted|p2b: Salamence\n|-damage|p2b: Salamence|38\/100\n|-boost|p1a: Lurantis|atk|1\n|-boost|p1a: Lurantis|def|1\n|move|p2b: Salamence|Heat Wave|p1a: Lurantis|[spread] p1b\n|-miss|p2b: Salamence|p1a: Lurantis\n|-damage|p1b: Golurk|51\/100\n|\n|-fieldend|move: Trick Room\n|upkeep\n|\n|t:|1698879899\n|switch|p2a: Gliscor|Gliscor, F|100\/100 tox\n|turn|8\n|inactive|Vyrusi has 120 seconds left.\n|\n|t:|1698879933\n|move|p2a: Gliscor|Tailwind|p2a: Gliscor\n|-sidestart|p2: hellixx|move: Tailwind\n|move|p2b: Salamence|Roost|p2b: Salamence\n|-heal|p2b: Salamence|88\/100\n|-singleturn|p2b: Salamence|move: Roost\n|move|p1a: Lurantis|Superpower|p2b: Salamence\n|-damage|p2b: Salamence|47\/100\n|-boost|p1a: Lurantis|atk|1\n|-boost|p1a: Lurantis|def|1\n|move|p1b: Golurk|Thunder Punch|p2b: Salamence\n|-resisted|p2b: Salamence\n|-damage|p2b: Salamence|33\/100\n|\n|upkeep\n|turn|9\n|\n|t:|1698879953\n|move|p2a: Gliscor|Crabhammer|p1b: Golurk|[miss]\n|-miss|p2a: Gliscor|p1b: Golurk\n|move|p2b: Salamence|Heat Wave|p1b: Golurk|[spread] p1b\n|-miss|p2b: Salamence|p1a: Lurantis\n|-damage|p1b: Golurk|31\/100\n|move|p1a: Lurantis|Superpower|p2b: Salamence\n|-resisted|p2b: Salamence\n|-damage|p2b: Salamence|5\/100\n|-boost|p1a: Lurantis|atk|1\n|-boost|p1a: Lurantis|def|1\n|move|p1b: Golurk|Drain Punch|p2a: Gliscor\n|-resisted|p2a: Gliscor\n|-damage|p2a: Gliscor|84\/100 tox\n|-heal|p1b: Golurk|38\/100|[from] drain|[of] p2a: Gliscor\n|\n|-heal|p2a: Gliscor|97\/100 tox|[from] ability: Poison Heal\n|upkeep\n|turn|10\n|\n|t:|1698879971\n|move|p2a: Gliscor|Crabhammer|p1b: Golurk\n|-supereffective|p1b: Golurk\n|-damage|p1b: Golurk|0 fnt\n|faint|p1b: Golurk\n|move|p2b: Salamence|Roost|p2b: Salamence\n|-heal|p2b: Salamence|55\/100\n|-singleturn|p2b: Salamence|move: Roost\n|move|p1a: Lurantis|Leech Life|p2a: Gliscor\n|-resisted|p2a: Gliscor\n|-damage|p2a: Gliscor|66\/100 tox\n|\n|-heal|p2a: Gliscor|79\/100 tox|[from] ability: Poison Heal\n|upkeep\n|\n|t:|1698879976\n|switch|p1b: Walking Wake|Walking Wake|100\/100\n|turn|11\n|\n|t:|1698879999\n|-terastallize|p1b: Walking Wake|Water\n|move|p2a: Gliscor|Earthquake|p1a: Lurantis|[spread] p1a,p1b\n|-immune|p2b: Salamence\n|-resisted|p1a: Lurantis\n|-damage|p1a: Lurantis|95\/100\n|-damage|p1b: Walking Wake|64\/100\n|move|p2b: Salamence|Heat Wave|p1a: Lurantis|[spread] p1b\n|-miss|p2b: Salamence|p1a: Lurantis\n|-resisted|p1b: Walking Wake\n|-damage|p1b: Walking Wake|52\/100\n|move|p1b: Walking Wake|Dragon Pulse|p2b: Salamence\n|-supereffective|p2b: Salamence\n|-damage|p2b: Salamence|0 fnt\n|faint|p2b: Salamence\n|move|p1a: Lurantis|Superpower|p2a: Gliscor\n|-resisted|p2a: Gliscor\n|-damage|p2a: Gliscor|33\/100 tox\n|-boost|p1a: Lurantis|atk|1\n|-boost|p1a: Lurantis|def|1\n|\n|-heal|p2a: Gliscor|46\/100 tox|[from] ability: Poison Heal\n|-sideend|p2: hellixx|move: Tailwind\n|upkeep\n|\n|t:|1698880013\n|switch|p2b: Gyarados|Gyarados, M, shiny|100\/100\n|turn|12\n|\n|t:|1698880031\n|-end|p1b: Walking Wake|Protosynthesis|[silent]\n|switch|p1b: Charizard|Charizard, M|100\/100\n|move|p2a: Gliscor|Earthquake|p1b: Charizard|[spread] p1a\n|-immune|p2b: Gyarados\n|-immune|p1b: Charizard\n|-resisted|p1a: Lurantis\n|-damage|p1a: Lurantis|90\/100\n|-zpower|p2b: Gyarados\n|move|p2b: Gyarados|Subzero Slammer|p1a: Lurantis|[zeffect]\n|-supereffective|p1a: Lurantis\n|-damage|p1a: Lurantis|68\/100\n|move|p1a: Lurantis|Superpower|p2a: Gliscor\n|-resisted|p2a: Gliscor\n|-damage|p2a: Gliscor|0 fnt\n|-boost|p1a: Lurantis|atk|1\n|-boost|p1a: Lurantis|def|1\n|faint|p2a: Gliscor\n|\n|upkeep\n|turn|13\n|c|\u2606Vyrusi|gg\n|-message|hellixx forfeited.\n|\n|win|Vyrusi\n|raw|Vyrusi's rating: 1174 &rarr; <strong>1197<\/strong><br \/>(+23 for winning)\n|raw|hellixx's rating: 1142 &rarr; <strong>1119<\/strong><br \/>(-23 for losing)\n|l|\u2606hellixx\n","uploadtime":1698880229,"views":12,"p1id":"vyrusi","p2id":"hellixx","formatid":"gen9nationaldexdoubles","rating":1119,"private":0,"password":""}