{"id":"gen9nationaldexdoubles-1960645889","p1":"brightecho","p2":"Golbur","format":"[Gen 9] National Dex Doubles","log":"|j|\u2606brightecho\n|j|\u2606Golbur\n|t:|1696542017\n|gametype|doubles\n|player|p1|brightecho|doubleteam|1031\n|player|p2|Golbur|roxie|1131\n|teamsize|p1|6\n|teamsize|p2|6\n|gen|9\n|tier|[Gen 9] National Dex Doubles\n|rated|\n|rule|HP Percentage Mod: HP is shown in percentages\n|rule|Endless Battle Clause: Forcing endless battles is banned\n|rule|OHKO Clause: OHKO moves are banned\n|rule|Evasion Moves Clause: Evasion moves are banned\n|rule|Evasion Abilities Clause: Evasion abilities are banned\n|rule|Species Clause: Limit one of each Pok\u00e9mon\n|rule|Gravity Sleep Clause: The combination of sleep-inducing moves with imperfect accuracy and Gravity or Gigantamax Orbeetle are banned\n|clearpoke\n|poke|p1|Gyarados, M|\n|poke|p1|Zoroark-Hisui, M|\n|poke|p1|Salazzle, F|\n|poke|p1|Tsareena, F|\n|poke|p1|Florges, F|\n|poke|p1|Stonjourner, M|\n|poke|p2|Aromatisse, M|\n|poke|p2|Stakataka|\n|poke|p2|Torterra, F|\n|poke|p2|Vivillon-Elegant, M|\n|poke|p2|Grapploct, M|\n|poke|p2|Tsareena, F|\n|teampreview\n|inactive|Battle timer is ON: inactive players will automatically lose when time's up. (requested by Golbur)\n|\n|t:|1696542041\n|start\n|switch|p1a: Florges|Florges, F, shiny|100\/100\n|switch|p1b: Salazzle|Salazzle, F, shiny|100\/100\n|switch|p2a: Bimpy|Stakataka|100\/100\n|switch|p2b: Spoopy|Aromatisse, M, shiny|100\/100\n|turn|1\n|\n|t:|1696542068\n|-terastallize|p2b: Spoopy|Electric\n|move|p1b: Salazzle|Heat Wave|p2b: Spoopy|[spread] p2a,p2b\n|-damage|p2a: Bimpy|64\/100\n|-damage|p2b: Spoopy|71\/100\n|move|p1a: Florges|Trick|p2a: Bimpy\n|-activate|p1a: Florges|move: Trick|[of] p2a: Bimpy\n|-item|p2a: Bimpy|Toxic Orb|[from] move: Trick\n|-item|p1a: Florges|Focus Sash|[from] move: Trick\n|move|p2b: Spoopy|Nasty Plot|p2b: Spoopy\n|-boost|p2b: Spoopy|spa|2\n|move|p2a: Bimpy|Trick Room|p2a: Bimpy\n|-fieldstart|move: Trick Room|[of] p2a: Bimpy\n|\n|upkeep\n|turn|2\n|inactive|brightecho has 120 seconds left.\n|inactive|brightecho has 90 seconds left.\n|\n|t:|1696542144\n|switch|p1a: Florges|Florges, F, shiny|100\/100\n|switch|p1b: Stonjourner|Stonjourner, M|100\/100\n|move|p2a: Bimpy|Gyro Ball|p1a: Florges\n|-supereffective|p1a: Florges\n|-damage|p1a: Florges|0 fnt\n|faint|p1a: Florges\n|-ability|p2a: Bimpy|Beast Boost|boost\n|-boost|p2a: Bimpy|def|1\n|move|p2b: Spoopy|Psychic|p1b: Stonjourner\n|-damage|p1b: Stonjourner|0 fnt\n|faint|p1b: Stonjourner\n|\n|upkeep\n|inactive|brightecho has 60 seconds left.\n|\n|t:|1696542168\n|switch|p1b: Gyarados|Gyarados, M|100\/100\n|switch|p1a: Tsareena|Tsareena, F, shiny|100\/100\n|-ability|p1b: Gyarados|Intimidate|boost\n|-unboost|p2a: Bimpy|atk|1\n|-unboost|p2b: Spoopy|atk|1\n|turn|3\n|\n|t:|1696542190\n|detailschange|p1b: Gyarados|Gyarados-Mega, M\n|-mega|p1b: Gyarados|Gyarados|Gyaradosite\n|-ability|p1b: Gyarados|Mold Breaker\n|move|p2a: Bimpy|Gyro Ball|p1a: Tsareena\n|-damage|p1a: Tsareena|44\/100\n|move|p2b: Spoopy|Thunderbolt|p1b: Gyarados\n|-supereffective|p1b: Gyarados\n|-damage|p1b: Gyarados|0 fnt\n|faint|p1b: Gyarados\n|move|p1a: Tsareena|High Jump Kick|p2a: Bimpy\n|-supereffective|p2a: Bimpy\n|-damage|p2a: Bimpy|0 fnt\n|faint|p2a: Bimpy\n|\n|upkeep\n|\n|t:|1696542209\n|switch|p2a: Flippy|Vivillon-Elegant, M|100\/100\n|switch|p1b: Salazzle|Salazzle, F, shiny|100\/100\n|turn|4\n|inactive|brightecho has 90 seconds left.\n|\n|t:|1696542237\n|move|p1a: Tsareena|Protect|p1a: Tsareena\n|-singleturn|p1a: Tsareena|Protect\n|move|p2b: Spoopy|Psychic|p1b: Salazzle\n|-enditem|p1b: Salazzle|Focus Sash\n|-damage|p1b: Salazzle|1\/100\n|replace|p1b: Zoroark|Zoroark-Hisui, M\n|-end|p1b: Zoroark|Illusion\n|move|p2a: Flippy|Pollen Puff|p1a: Tsareena\n|-activate|p1a: Tsareena|move: Protect\n|move|p1b: Zoroark|Dark Pulse|p2a: Flippy\n|-damage|p2a: Flippy|54\/100\n|\n|upkeep\n|turn|5\n|inactive|brightecho has 90 seconds left.\n|inactive|Golbur has 120 seconds left.\n|\n|t:|1696542269\n|move|p1b: Zoroark|Helping Hand|p1a: Tsareena\n|-singleturn|p1a: Tsareena|Helping Hand|[of] p1b: Zoroark\n|move|p2b: Spoopy|Moonblast|p1b: Zoroark\n|-damage|p1b: Zoroark|0 fnt\n|faint|p1b: Zoroark\n|move|p1a: Tsareena|High Jump Kick|p2b: Spoopy\n|-damage|p2b: Spoopy|6\/100\n|-enditem|p2b: Spoopy|Aguav Berry|[eat]\n|-heal|p2b: Spoopy|40\/100|[from] item: Aguav Berry\n|move|p2a: Flippy|Pollen Puff|p1a: Tsareena\n|-supereffective|p1a: Tsareena\n|-damage|p1a: Tsareena|0 fnt\n|faint|p1a: Tsareena\n|\n|-fieldend|move: Trick Room\n|upkeep\n|\n|t:|1696542273\n|switch|p1b: Salazzle|Salazzle, F, shiny|100\/100\n|turn|6\n|-message|brightecho forfeited.\n|\n|win|Golbur\n|raw|brightecho's rating: 1066 &rarr; <strong>1050<\/strong><br \/>(-16 for losing)\n|raw|Golbur's rating: 1131 &rarr; <strong>1151<\/strong><br \/>(+20 for winning)\n|l|\u2606brightecho\n","uploadtime":1696542285,"views":10,"p1id":"brightecho","p2id":"golbur","formatid":"gen9nationaldexdoubles","rating":1050,"private":0,"password":""}