{"id":"gen9nationaldexdoubles-1961369623","p1":"SatoriTenshi","p2":"ElectroShibe","format":"[Gen 9] National Dex Doubles","log":"|j|\u2606SatoriTenshi\n|j|\u2606ElectroShibe\n|t:|1696619291\n|gametype|doubles\n|player|p1|SatoriTenshi|red|\n|player|p2|ElectroShibe|265|\n|teamsize|p1|6\n|teamsize|p2|6\n|gen|9\n|tier|[Gen 9] National Dex Doubles\n|rule|HP Percentage Mod: HP is shown in percentages\n|rule|Endless Battle Clause: Forcing endless battles is banned\n|rule|OHKO Clause: OHKO moves are banned\n|rule|Evasion Moves Clause: Evasion moves are banned\n|rule|Evasion Abilities Clause: Evasion abilities are banned\n|rule|Species Clause: Limit one of each Pok\u00e9mon\n|rule|Gravity Sleep Clause: The combination of sleep-inducing moves with imperfect accuracy and Gravity or Gigantamax Orbeetle are banned\n|clearpoke\n|poke|p1|Regieleki|\n|poke|p1|Pincurchin, F|\n|poke|p1|Marshadow|\n|poke|p1|Weavile, M|\n|poke|p1|Dragonite, M|\n|poke|p1|Diancie|\n|poke|p2|Ninetales, M|\n|poke|p2|Ceruledge, F|\n|poke|p2|Arcanine-Hisui, F|\n|poke|p2|Leafeon, F|\n|poke|p2|Amoonguss, M|\n|poke|p2|Victini|\n|teampreview\n|\n|t:|1696619305\n|start\n|switch|p1a: Diancie|Diancie, shiny|100\/100\n|switch|p1b: Weavile|Weavile, M|100\/100\n|switch|p2a: Blossom|Leafeon, F|100\/100\n|switch|p2b: SUS|Amoonguss, M|100\/100\n|turn|1\n|\n|t:|1696619328\n|move|p2b: SUS|Rage Powder|p2b: SUS\n|-singleturn|p2b: SUS|move: Rage Powder\n|move|p1b: Weavile|Icicle Crash|p2b: SUS\n|-supereffective|p2b: SUS\n|-damage|p2b: SUS|4\/100\n|move|p2a: Blossom|Swords Dance|p2a: Blossom\n|-boost|p2a: Blossom|atk|2\n|move|p1a: Diancie|Diamond Storm|p2b: SUS|[spread] p2a,p2b\n|-damage|p2a: Blossom|78\/100\n|-damage|p2b: SUS|0 fnt\n|faint|p2b: SUS\n|\n|upkeep\n|\n|t:|1696619335\n|switch|p2b: Helios|Ninetales, M|100\/100\n|-weather|SunnyDay|[from] ability: Drought|[of] p2b: Helios\n|turn|2\n|\n|t:|1696619358\n|switch|p2b: Funny|Ceruledge, F|100\/100\n|move|p1b: Weavile|Ice Shard|p2a: Blossom\n|-supereffective|p2a: Blossom\n|-damage|p2a: Blossom|39\/100\n|-enditem|p2a: Blossom|Sitrus Berry|[eat]\n|-heal|p2a: Blossom|63\/100|[from] item: Sitrus Berry\n|move|p2a: Blossom|Iron Tail|p1a: Diancie\n|-supereffective|p1a: Diancie\n|-damage|p1a: Diancie|0 fnt\n|faint|p1a: Diancie\n|\n|-weather|SunnyDay|[upkeep]\n|upkeep\n|\n|t:|1696619381\n|switch|p1a: Drakenator|Dragonite, M|100\/100\n|turn|3\n|\n|t:|1696619396\n|move|p1a: Drakenator|Extreme Speed|p2a: Blossom\n|-damage|p2a: Blossom|34\/100\n|move|p1b: Weavile|Ice Shard|p2a: Blossom\n|-supereffective|p2a: Blossom\n|-damage|p2a: Blossom|0 fnt\n|faint|p2a: Blossom\n|move|p2b: Funny|Bitter Blade|p1a: Drakenator\n|-resisted|p1a: Drakenator\n|-damage|p1a: Drakenator|82\/100\n|\n|-weather|SunnyDay|[upkeep]\n|upkeep\n|\n|t:|1696619404\n|switch|p2a: Shiru|Victini|100\/100\n|turn|4\n|\n|t:|1696619415\n|move|p1b: Weavile|Beat Up|p2b: Funny\n|-supereffective|p2b: Funny\n|-damage|p2b: Funny|76\/100\n|-enditem|p2b: Funny|Weakness Policy\n|-boost|p2b: Funny|atk|2|[from] item: Weakness Policy\n|-boost|p2b: Funny|spa|2|[from] item: Weakness Policy\n|-supereffective|p2b: Funny\n|-damage|p2b: Funny|53\/100\n|-supereffective|p2b: Funny\n|-damage|p2b: Funny|28\/100\n|-supereffective|p2b: Funny\n|-damage|p2b: Funny|7\/100\n|-supereffective|p2b: Funny\n|-damage|p2b: Funny|0 fnt\n|faint|p2b: Funny\n|-hitcount|p2: Funny|5\n|move|p2a: Shiru|Dazzling Gleam|p1a: Drakenator|[spread] p1a,p1b\n|-supereffective|p1a: Drakenator\n|-supereffective|p1b: Weavile\n|-damage|p1a: Drakenator|42\/100\n|-damage|p1b: Weavile|52\/100\n|move|p1a: Drakenator|Dragon Claw|p2a: Shiru\n|-damage|p2a: Shiru|47\/100\n|\n|-weather|SunnyDay|[upkeep]\n|-heal|p2a: Shiru|53\/100|[from] item: Leftovers\n|upkeep\n|\n|t:|1696619424\n|switch|p2b: Amaterasu|Arcanine-Hisui, F|100\/100\n|turn|5\n|\n|t:|1696619448\n|move|p1a: Drakenator|Extreme Speed|p2a: Shiru\n|-damage|p2a: Shiru|22\/100\n|move|p1b: Weavile|Power-Up Punch|p2b: Amaterasu\n|-supereffective|p2b: Amaterasu\n|-damage|p2b: Amaterasu|70\/100\n|-boost|p1b: Weavile|atk|1\n|move|p2a: Shiru|Dazzling Gleam|p1b: Weavile|[spread] p1a,p1b\n|-supereffective|p1a: Drakenator\n|-supereffective|p1b: Weavile\n|-damage|p1a: Drakenator|8\/100\n|-damage|p1b: Weavile|3\/100\n|move|p2b: Amaterasu|Flame Charge|p1b: Weavile\n|-supereffective|p1b: Weavile\n|-damage|p1b: Weavile|0 fnt\n|-boost|p2b: Amaterasu|spe|1\n|faint|p1b: Weavile\n|\n|-weather|SunnyDay|[upkeep]\n|-heal|p2a: Shiru|28\/100|[from] item: Leftovers\n|upkeep\n|\n|t:|1696619462\n|switch|p1b: Shadow man|Marshadow|100\/100\n|turn|6\n|\n|t:|1696619478\n|move|p1a: Drakenator|Extreme Speed|p2a: Shiru\n|-damage|p2a: Shiru|2\/100\n|move|p2b: Amaterasu|Head Smash|p1b: Shadow man\n|-resisted|p1b: Shadow man\n|-damage|p1b: Shadow man|51\/100\n|move|p1b: Shadow man|Spectral Thief||[still]\n|-clearpositiveboost|p2b: Amaterasu|p1b: Shadow man|move: Spectral Thief\n|-boost|p1b: Shadow man|spe|1\n|-anim|p1b: Shadow man|Spectral Thief|p2b: Amaterasu\n|-damage|p2b: Amaterasu|9\/100\n|move|p2a: Shiru|Searing Shot|p1a: Drakenator|[spread] p2b,p1a,p1b\n|-resisted|p2b: Amaterasu\n|-resisted|p1a: Drakenator\n|-damage|p2b: Amaterasu|0 fnt\n|-damage|p1a: Drakenator|0 fnt\n|-damage|p1b: Shadow man|0 fnt\n|faint|p2b: Amaterasu\n|faint|p1a: Drakenator\n|faint|p1b: Shadow man\n|\n|-weather|SunnyDay|[upkeep]\n|-heal|p2a: Shiru|8\/100|[from] item: Leftovers\n|upkeep\n|\n|t:|1696619497\n|switch|p1b: Regieleki|Regieleki|100\/100\n|switch|p1a: Pincurchin|Pincurchin, F|100\/100\n|switch|p2b: Helios|Ninetales, M|100\/100\n|-fieldstart|move: Electric Terrain|[from] ability: Electric Surge|[of] p1a: Pincurchin\n|turn|7\n|\n|t:|1696619516\n|move|p1b: Regieleki|Extreme Speed|p2a: Shiru\n|-damage|p2a: Shiru|0 fnt\n|faint|p2a: Shiru\n|move|p2b: Helios|Heat Wave|p1b: Regieleki|[spread] p1a,p1b\n|-crit|p1b: Regieleki\n|-damage|p1a: Pincurchin|36\/100\n|-enditem|p1b: Regieleki|Focus Sash\n|-damage|p1b: Regieleki|1\/100\n|move|p1a: Pincurchin|Memento|p2b: Helios\n|-unboost|p2b: Helios|atk|2\n|-unboost|p2b: Helios|spa|2\n|faint|p1a: Pincurchin\n|\n|-weather|SunnyDay|[upkeep]\n|upkeep\n|turn|8\n|\n|t:|1696619549\n|move|p1b: Regieleki|Thunderbolt|p2b: Helios\n|-damage|p2b: Helios|20\/100\n|move|p2b: Helios|Heat Wave|p1b: Regieleki\n|-damage|p1b: Regieleki|0 fnt\n|faint|p1b: Regieleki\n|\n|win|ElectroShibe\n|l|\u2606SatoriTenshi\n","uploadtime":1696619579,"views":8,"p1id":"satoritenshi","p2id":"electroshibe","formatid":"gen9nationaldexdoubles","rating":0,"private":0,"password":""}