{"id":"gen9nationaldexdoubles-1972716793","p1":"luig liygiyv","p2":"ALLAUSQUI","format":"[Gen 9] National Dex Doubles","log":"|j|\u2606luig liygiyv\n|j|\u2606ALLAUSQUI\n|t:|1697883611\n|gametype|doubles\n|player|p1|luig liygiyv|youngster-gen4dp|1059\n|player|p2|ALLAUSQUI|iris-gen5bw2|1000\n|teamsize|p1|6\n|teamsize|p2|6\n|gen|9\n|tier|[Gen 9] National Dex Doubles\n|rated|\n|rule|HP Percentage Mod: HP is shown in percentages\n|rule|Endless Battle Clause: Forcing endless battles is banned\n|rule|OHKO Clause: OHKO moves are banned\n|rule|Evasion Moves Clause: Evasion moves are banned\n|rule|Evasion Abilities Clause: Evasion abilities are banned\n|rule|Species Clause: Limit one of each Pok\u00e9mon\n|rule|Gravity Sleep Clause: The combination of sleep-inducing moves with imperfect accuracy and Gravity or Gigantamax Orbeetle are banned\n|clearpoke\n|poke|p1|Indeedee-F, F|\n|poke|p1|Oranguru, F|\n|poke|p1|Glastrier|\n|poke|p1|Hoopa-Unbound|\n|poke|p1|Ursaluna, M|\n|poke|p1|Zygarde|\n|poke|p2|Incineroar, M|\n|poke|p2|Blastoise, F|\n|poke|p2|Diancie|\n|poke|p2|Jirachi|\n|poke|p2|Shaymin-Sky|\n|poke|p2|Dunsparce, F|\n|teampreview\n|\n|t:|1697883616\n|start\n|switch|p1a: Hoopa|Hoopa-Unbound|100\/100\n|switch|p1b: Zygarde|Zygarde|100\/100\n|switch|p2a: Incineroar|Incineroar, M|100\/100\n|switch|p2b: Blastoise|Blastoise, F|100\/100\n|-ability|p2a: Incineroar|Intimidate|boost\n|-unboost|p1a: Hoopa|atk|1\n|-unboost|p1b: Zygarde|atk|1\n|-ability|p1b: Zygarde|Aura Break\n|turn|1\n|\n|t:|1697883629\n|move|p2b: Blastoise|Water Pledge|p1b: Zygarde\n|-waiting|p2b: Blastoise|p2a: Incineroar\n|move|p2a: Incineroar|Fire Pledge|p1b: Zygarde|[from]move: Water Pledge\n|-combine\n|-damage|p1b: Zygarde|79\/100\n|-sidestart|p2: ALLAUSQUI|Water Pledge\n|move|p1b: Zygarde|Coil|p1b: Zygarde\n|-boost|p1b: Zygarde|atk|1\n|-boost|p1b: Zygarde|def|1\n|-boost|p1b: Zygarde|accuracy|1\n|move|p1a: Hoopa|Trick Room|p1a: Hoopa\n|-fieldstart|move: Trick Room|[of] p1a: Hoopa\n|-enditem|p1b: Zygarde|Room Service\n|-unboost|p1b: Zygarde|spe|1|[from] item: Room Service\n|-enditem|p1a: Hoopa|Room Service\n|-unboost|p1a: Hoopa|spe|1|[from] item: Room Service\n|\n|upkeep\n|turn|2\n|\n|t:|1697883651\n|move|p2b: Blastoise|Follow Me|p2b: Blastoise\n|-singleturn|p2b: Blastoise|move: Follow Me\n|move|p1a: Hoopa|Dark Pulse|p2b: Blastoise\n|-damage|p2b: Blastoise|53\/100\n|-item|p1a: Hoopa|Sitrus Berry|[from] ability: Magician|[of] p2b: Blastoise\n|move|p1b: Zygarde|Thousand Arrows|p2a: Incineroar|[spread] p2a,p2b\n|-supereffective|p2a: Incineroar\n|-damage|p2a: Incineroar|50\/100\n|-damage|p2b: Blastoise|30\/100\n|move|p2a: Incineroar|Parting Shot|p1b: Zygarde\n|-unboost|p1b: Zygarde|atk|1\n|-unboost|p1b: Zygarde|spa|1\n|\n|t:|1697883669\n|switch|p2a: Dunsparce|Dunsparce, F|100\/100|[from] Parting Shot\n|\n|upkeep\n|turn|3\n|\n|t:|1697883686\n|switch|p2b: Diancie|Diancie|100\/100\n|move|p1a: Hoopa|Dark Pulse|p2b: Diancie\n|-resisted|p2b: Diancie\n|-damage|p2b: Diancie|71\/100\n|move|p1b: Zygarde|Coil|p1b: Zygarde\n|-boost|p1b: Zygarde|atk|1\n|-boost|p1b: Zygarde|def|1\n|-boost|p1b: Zygarde|accuracy|1\n|move|p2a: Dunsparce|Ancient Power|p1b: Zygarde\n|-resisted|p1b: Zygarde\n|-damage|p1b: Zygarde|76\/100\n|-boost|p2a: Dunsparce|atk|1\n|-boost|p2a: Dunsparce|def|1\n|-boost|p2a: Dunsparce|spa|1\n|-boost|p2a: Dunsparce|spd|1\n|-boost|p2a: Dunsparce|spe|1\n|\n|-heal|p2b: Diancie|77\/100|[from] item: Leftovers\n|upkeep\n|turn|4\n|\n|t:|1697883708\n|move|p1a: Hoopa|Dark Pulse|p2a: Dunsparce\n|-damage|p2a: Dunsparce|68\/100\n|move|p1b: Zygarde|Thousand Arrows|p2b: Diancie|[spread] p2a,p2b\n|-supereffective|p2b: Diancie\n|-damage|p2a: Dunsparce|53\/100\n|-damage|p2b: Diancie|30\/100\n|move|p2b: Diancie|Play Rough|p1a: Hoopa\n|-supereffective|p1a: Hoopa\n|-damage|p1a: Hoopa|0 fnt\n|faint|p1a: Hoopa\n|move|p2a: Dunsparce|Ancient Power|p1b: Zygarde\n|-resisted|p1b: Zygarde\n|-damage|p1b: Zygarde|73\/100\n|\n|-heal|p2b: Diancie|36\/100|[from] item: Leftovers\n|-sideend|p2: ALLAUSQUI|Water Pledge\n|upkeep\n|\n|t:|1697883728\n|switch|p1a: Ursaluna|Ursaluna, M|100\/100\n|turn|5\n|\n|t:|1697883736\n|move|p1a: Ursaluna|Close Combat|p2a: Dunsparce\n|-supereffective|p2a: Dunsparce\n|-damage|p2a: Dunsparce|0 fnt\n|-unboost|p1a: Ursaluna|def|1\n|-unboost|p1a: Ursaluna|spd|1\n|faint|p2a: Dunsparce\n|move|p1b: Zygarde|Thousand Arrows|p2b: Diancie\n|-supereffective|p2b: Diancie\n|-damage|p2b: Diancie|0 fnt\n|faint|p2b: Diancie\n|\n|-fieldend|move: Trick Room\n|-status|p1a: Ursaluna|brn|[from] item: Flame Orb\n|upkeep\n|\n|t:|1697883740\n|switch|p2b: Blastoise|Blastoise, F|30\/100\n|switch|p2a: Incineroar|Incineroar, M|50\/100\n|-ability|p2a: Incineroar|Intimidate|boost\n|-unboost|p1a: Ursaluna|atk|1\n|-unboost|p1b: Zygarde|atk|1\n|turn|6\n|inactive|Battle timer is ON: inactive players will automatically lose when time's up. (requested by ALLAUSQUI)\n|\n|t:|1697883769\n|switch|p1a: Indeedee|Indeedee-F, F|100\/100\n|-fieldstart|move: Psychic Terrain|[from] ability: Psychic Surge|[of] p1a: Indeedee\n|move|p2b: Blastoise|Water Pledge|p1a: Indeedee\n|-waiting|p2b: Blastoise|p2a: Incineroar\n|move|p2a: Incineroar|Fire Pledge|p1a: Indeedee|[from]move: Water Pledge\n|-combine\n|-crit|p1a: Indeedee\n|-damage|p1a: Indeedee|49\/100\n|-sidestart|p2: ALLAUSQUI|Water Pledge\n|move|p1b: Zygarde|Coil|p1b: Zygarde\n|-boost|p1b: Zygarde|atk|1\n|-boost|p1b: Zygarde|def|1\n|-boost|p1b: Zygarde|accuracy|1\n|\n|upkeep\n|turn|7\n|\n|t:|1697883785\n|move|p2b: Blastoise|Follow Me|p2b: Blastoise\n|-singleturn|p2b: Blastoise|move: Follow Me\n|move|p2a: Incineroar|Parting Shot|p1a: Indeedee\n|-unboost|p1a: Indeedee|atk|1\n|-unboost|p1a: Indeedee|spa|1\n|inactive|ALLAUSQUI has 120 seconds left.\n|\n|t:|1697883805\n|switch|p2a: Shaymin|Shaymin-Sky|100\/100|[from] Parting Shot\n|move|p1b: Zygarde|Coil|p1b: Zygarde\n|-boost|p1b: Zygarde|atk|1\n|-boost|p1b: Zygarde|def|1\n|-boost|p1b: Zygarde|accuracy|1\n|move|p1a: Indeedee|Trick Room|p1a: Indeedee\n|-fieldstart|move: Trick Room|[of] p1a: Indeedee\n|\n|upkeep\n|turn|8\n|\n|t:|1697883831\n|move|p1a: Indeedee|Follow Me|p1a: Indeedee\n|-singleturn|p1a: Indeedee|move: Follow Me\n|move|p2b: Blastoise|Follow Me|p2b: Blastoise\n|-singleturn|p2b: Blastoise|move: Follow Me\n|move|p1b: Zygarde|Thousand Arrows|p2b: Blastoise|[spread] p2a,p2b\n|-damage|p2a: Shaymin|55\/100\n|-damage|p2b: Blastoise|0 fnt\n|-start|p2a: Shaymin|Smack Down\n|faint|p2b: Blastoise\n|move|p2a: Shaymin|Seed Flare|p1a: Indeedee\n|-damage|p1a: Indeedee|2\/100\n|-unboost|p1a: Indeedee|spd|2\n|\n|upkeep\n|inactive|ALLAUSQUI has 120 seconds left.\n|\n|t:|1697883847\n|switch|p2b: Jirachi|Jirachi|100\/100\n|turn|9\n|\n|t:|1697883863\n|move|p1a: Indeedee|Follow Me|p1a: Indeedee\n|-singleturn|p1a: Indeedee|move: Follow Me\n|move|p1b: Zygarde|Thousand Arrows|p2a: Shaymin|[spread] p2a,p2b\n|-resisted|p2a: Shaymin\n|-supereffective|p2b: Jirachi\n|-damage|p2a: Shaymin|33\/100\n|-damage|p2b: Jirachi|32\/100\n|move|p2b: Jirachi|Ancient Power|p1a: Indeedee\n|-damage|p1a: Indeedee|0 fnt\n|faint|p1a: Indeedee\n|move|p2a: Shaymin|Dazzling Gleam|p1b: Zygarde\n|-supereffective|p1b: Zygarde\n|-damage|p1b: Zygarde|42\/100\n|\n|-sideend|p2: ALLAUSQUI|Water Pledge\n|upkeep\n|\n|t:|1697883879\n|switch|p1a: Ursaluna|Ursaluna, M|100\/100 brn\n|turn|10\n|\n|t:|1697883885\n|move|p1a: Ursaluna|Facade|p2a: Shaymin\n|-damage|p2a: Shaymin|0 fnt\n|faint|p2a: Shaymin\n|move|p1b: Zygarde|Thousand Arrows|p2b: Jirachi\n|-supereffective|p2b: Jirachi\n|-damage|p2b: Jirachi|0 fnt\n|faint|p2b: Jirachi\n|\n|-damage|p1a: Ursaluna|94\/100 brn|[from] brn\n|-fieldend|move: Psychic Terrain\n|upkeep\n|\n|t:|1697883891\n|switch|p2b: Incineroar|Incineroar, M|50\/100\n|-ability|p2b: Incineroar|Intimidate|boost\n|-unboost|p1a: Ursaluna|atk|1\n|-unboost|p1b: Zygarde|atk|1\n|turn|11\n|\n|t:|1697883901\n|move|p1a: Ursaluna|Close Combat|p2b: Incineroar\n|-supereffective|p2b: Incineroar\n|-damage|p2b: Incineroar|0 fnt\n|-unboost|p1a: Ursaluna|def|1\n|-unboost|p1a: Ursaluna|spd|1\n|faint|p2b: Incineroar\n|\n|win|luig liygiyv\n|raw|luig liygiyv's rating: 1059 &rarr; <strong>1085<\/strong><br \/>(+26 for winning)\n|raw|ALLAUSQUI's rating: 1000 &rarr; <strong>1000<\/strong><br \/>(+0 for losing)\n","uploadtime":1697883904,"views":8,"p1id":"luigliygiyv","p2id":"allausqui","formatid":"gen9nationaldexdoubles","rating":1000,"private":0,"password":""}