{"id":"gen9nationaldexdoubles-1982805056","p1":"Qapi","p2":"InkyGoBoo!","format":"[Gen 9] National Dex Doubles","log":"|j|\u2606Qapi\n|j|\u2606InkyGoBoo!\n|t:|1699046594\n|gametype|doubles\n|player|p1|Qapi|hiker-gen4|\n|player|p2|InkyGoBoo!|nemona-s|\n|teamsize|p1|6\n|teamsize|p2|6\n|gen|9\n|tier|[Gen 9] National Dex Doubles\n|rule|HP Percentage Mod: HP is shown in percentages\n|rule|Endless Battle Clause: Forcing endless battles is banned\n|rule|OHKO Clause: OHKO moves are banned\n|rule|Evasion Moves Clause: Evasion moves are banned\n|rule|Evasion Abilities Clause: Evasion abilities are banned\n|rule|Species Clause: Limit one of each Pok\u00e9mon\n|rule|Gravity Sleep Clause: The combination of sleep-inducing moves with imperfect accuracy and Gravity or Gigantamax Orbeetle are banned\n|clearpoke\n|poke|p1|Maushold|\n|poke|p1|Urshifu-*, F|\n|poke|p1|Grimmsnarl, M|\n|poke|p1|Garganacl, F|\n|poke|p1|Sinistcha|\n|poke|p1|Volcarona, F|\n|poke|p2|Zeraora|\n|poke|p2|Sceptile, M|\n|poke|p2|Blaziken, M|\n|poke|p2|Kommo-o, F|\n|poke|p2|Tangrowth, F|\n|poke|p2|Ceruledge, M|\n|teampreview\n|\n|t:|1699046629\n|start\n|switch|p1a: Grimmsnarl|Grimmsnarl, M|100\/100\n|switch|p1b: Sinistcha|Sinistcha|100\/100\n|switch|p2a: Hierophant Green|Sceptile, M|100\/100\n|switch|p2b: Star Platinum|Kommo-o, F|100\/100\n|turn|1\n|\n|t:|1699046651\n|detailschange|p2a: Hierophant Green|Sceptile-Mega, M\n|-mega|p2a: Hierophant Green|Sceptile|Sceptilite\n|-terastallize|p2b: Star Platinum|Steel\n|move|p1b: Sinistcha|Protect|p1b: Sinistcha\n|-singleturn|p1b: Sinistcha|Protect\n|move|p2a: Hierophant Green|Leaf Storm|p1a: Grimmsnarl\n|-damage|p1a: Grimmsnarl|34\/100\n|-unboost|p2a: Hierophant Green|spa|2\n|move|p2b: Star Platinum|Belly Drum|p2b: Star Platinum\n|-damage|p2b: Star Platinum|50\/100\n|-setboost|p2b: Star Platinum|atk|6|[from] move: Belly Drum\n|move|p1a: Grimmsnarl|Spirit Break|p2b: Star Platinum\n|-resisted|p2b: Star Platinum\n|-damage|p2b: Star Platinum|37\/100\n|-unboost|p2b: Star Platinum|spa|1\n|\n|upkeep\n|turn|2\n|\n|t:|1699046694\n|move|p1a: Grimmsnarl|Reflect|p1a: Grimmsnarl\n|-sidestart|p1: Qapi|Reflect\n|move|p2a: Hierophant Green|Leaf Storm|p1a: Grimmsnarl\n|-damage|p1a: Grimmsnarl|5\/100\n|-unboost|p2a: Hierophant Green|spa|2\n|move|p2b: Star Platinum|Dragon Claw|p1b: Sinistcha\n|-damage|p1b: Sinistcha|4\/100\n|move|p1b: Sinistcha|Shadow Ball|p2b: Star Platinum\n|-immune|p2b: Star Platinum|[from] ability: Bulletproof\n|\n|-heal|p1b: Sinistcha|10\/100|[from] item: Leftovers\n|upkeep\n|turn|3\n|c|\u2606Qapi|Coolio\n|\n|t:|1699046729\n|move|p1b: Sinistcha|Rage Powder|p1b: Sinistcha\n|-singleturn|p1b: Sinistcha|move: Rage Powder\n|move|p2a: Hierophant Green|Hidden Power|p1b: Sinistcha\n|-supereffective|p1b: Sinistcha\n|-damage|p1b: Sinistcha|0 fnt\n|faint|p1b: Sinistcha\n|move|p2b: Star Platinum|Drain Punch|p1a: Grimmsnarl\n|-damage|p1a: Grimmsnarl|0 fnt\n|-heal|p2b: Star Platinum|40\/100|[from] drain|[of] p1a: Grimmsnarl\n|faint|p1a: Grimmsnarl\n|\n|upkeep\n|j| AdvilPills\n|l| AdvilPills\n|\n|t:|1699046751\n|switch|p1b: Maushold|Maushold|100\/100\n|switch|p1a: Volcarona|Volcarona, F|100\/100\n|turn|4\n|j| Jeery112\n|\n|t:|1699046776\n|switch|p2a: Silver Chariot|Ceruledge, M|100\/100\n|-terastallize|p1b: Maushold|Grass\n|move|p1b: Maushold|Follow Me|p1b: Maushold\n|-singleturn|p1b: Maushold|move: Follow Me\n|move|p1a: Volcarona|Quiver Dance|p1a: Volcarona\n|-boost|p1a: Volcarona|spa|1\n|-boost|p1a: Volcarona|spd|1\n|-boost|p1a: Volcarona|spe|1\n|move|p2b: Star Platinum|Dragon Claw|p1b: Maushold\n|-enditem|p1b: Maushold|Focus Sash\n|-damage|p1b: Maushold|1\/100\n|\n|upkeep\n|turn|5\n|\n|t:|1699046790\n|move|p1b: Maushold|Follow Me|p1b: Maushold\n|-singleturn|p1b: Maushold|move: Follow Me\n|move|p1a: Volcarona|Fiery Dance|p2b: Star Platinum\n|-supereffective|p2b: Star Platinum\n|-damage|p2b: Star Platinum|0 fnt\n|faint|p2b: Star Platinum\n|move|p2a: Silver Chariot|Swords Dance|p2a: Silver Chariot\n|-boost|p2a: Silver Chariot|atk|2\n|\n|upkeep\n|\n|t:|1699046799\n|switch|p2b: Magician's Red|Blaziken, M|100\/100\n|turn|6\n|l| Jeery112\n|\n|t:|1699046812\n|move|p2b: Magician's Red|Protect|p2b: Magician's Red\n|-singleturn|p2b: Magician's Red|Protect\n|move|p1a: Volcarona|Psychic|p2b: Magician's Red\n|-activate|p2b: Magician's Red|move: Protect\n|move|p1b: Maushold|Encore|p2a: Silver Chariot\n|-start|p2a: Silver Chariot|Encore\n|move|p2a: Silver Chariot|Swords Dance|p2a: Silver Chariot\n|-boost|p2a: Silver Chariot|atk|2\n|\n|-ability|p2b: Magician's Red|Speed Boost|boost\n|-boost|p2b: Magician's Red|spe|1\n|upkeep\n|turn|7\n|\n|t:|1699046828\n|move|p1a: Volcarona|Psychic|p2b: Magician's Red\n|-supereffective|p2b: Magician's Red\n|-damage|p2b: Magician's Red|0 fnt\n|faint|p2b: Magician's Red\n|move|p1b: Maushold|Thunder Wave|p2a: Silver Chariot\n|-status|p2a: Silver Chariot|par\n|cant|p2a: Silver Chariot|par\n|\n|upkeep\n|\n|t:|1699046837\n|switch|p2b: The World|Zeraora|100\/100\n|turn|8\n|\n|t:|1699046845\n|move|p1b: Maushold|Follow Me|p1b: Maushold\n|-singleturn|p1b: Maushold|move: Follow Me\n|move|p1a: Volcarona|Psychic|p2a: Silver Chariot\n|-damage|p2a: Silver Chariot|41\/100 par\n|move|p2b: The World|Plasma Fists|p1b: Maushold\n|-resisted|p1b: Maushold\n|-damage|p1b: Maushold|0 fnt\n|-fieldactivate|move: Ion Deluge\n|-hint|Normal-type moves become Electric-type after using Plasma Fists.\n|faint|p1b: Maushold\n|move|p2a: Silver Chariot|Swords Dance|p2a: Silver Chariot\n|-boost|p2a: Silver Chariot|atk|2\n|\n|-end|p2a: Silver Chariot|Encore\n|upkeep\n|\n|t:|1699046851\n|switch|p1b: Urshifu|Urshifu-Rapid-Strike, F|100\/100\n|turn|9\n|\n|t:|1699046865\n|move|p1b: Urshifu|Aqua Jet|p2a: Silver Chariot\n|-supereffective|p2a: Silver Chariot\n|-damage|p2a: Silver Chariot|0 fnt\n|faint|p2a: Silver Chariot\n|move|p1a: Volcarona|Bug Buzz|p2b: The World\n|-crit|p2b: The World\n|-damage|p2b: The World|0 fnt\n|faint|p2b: The World\n|\n|-sideend|p1: Qapi|Reflect\n|upkeep\n|\n|t:|1699046872\n|switch|p2b: Hermit Purple|Tangrowth, F|100\/100\n|switch|p2a: Hierophant Green|Sceptile-Mega, M|100\/100\n|turn|10\n|c|\u2606InkyGoBoo!|REALLY?!\n|\n|t:|1699046884\n|move|p1b: Urshifu|Protect|p1b: Urshifu\n|-singleturn|p1b: Urshifu|Protect\n|move|p1a: Volcarona|Bug Buzz|p2b: Hermit Purple\n|-supereffective|p2b: Hermit Purple\n|-damage|p2b: Hermit Purple|0 fnt\n|faint|p2b: Hermit Purple\n|move|p2a: Hierophant Green|Leaf Storm|p1b: Urshifu\n|-activate|p1b: Urshifu|move: Protect\n|\n|upkeep\n|turn|11\n|j| Sencopion\n|\n|t:|1699046893\n|move|p1a: Volcarona|Bug Buzz|p2a: Hierophant Green\n|-supereffective|p2a: Hierophant Green\n|-crit|p2a: Hierophant Green\n|-damage|p2a: Hierophant Green|0 fnt\n|faint|p2a: Hierophant Green\n|\n|win|Qapi\n|c|\u2606Qapi|gg\n|c|\u2606InkyGoBoo!|Gg...Again.\n|l| Sencopion\n","uploadtime":1699046948,"views":5,"p1id":"qapi","p2id":"inkygoboo","formatid":"gen9nationaldexdoubles","rating":0,"private":0,"password":""}