{"id":"gen9nationaldexdoubles-1999533829","p1":"OPieceOfHeroGhost","p2":"bob the bidier","format":"[Gen 9] National Dex Doubles","log":"|j|\u2606OPieceOfHeroGhost\n|j|\u2606bob the bidier\n|t:|1701093437\n|gametype|doubles\n|player|p1|OPieceOfHeroGhost|morty|1201\n|player|p2|bob the bidier|nate|1136\n|teamsize|p1|6\n|teamsize|p2|6\n|gen|9\n|tier|[Gen 9] National Dex Doubles\n|rated|\n|rule|HP Percentage Mod: HP is shown in percentages\n|rule|Endless Battle Clause: Forcing endless battles is banned\n|rule|OHKO Clause: OHKO moves are banned\n|rule|Evasion Moves Clause: Evasion moves are banned\n|rule|Evasion Abilities Clause: Evasion abilities are banned\n|rule|Species Clause: Limit one of each Pok\u00e9mon\n|rule|Gravity Sleep Clause: The combination of sleep-inducing moves with imperfect accuracy and Gravity or Gigantamax Orbeetle are banned\n|clearpoke\n|poke|p1|Incineroar, F|\n|poke|p1|Serperior, F|\n|poke|p1|Gastrodon, F|\n|poke|p1|Flutter Mane|\n|poke|p1|Landorus-Therian, M|\n|poke|p1|Arcanine-Hisui, F|\n|poke|p2|Ogerpon-Cornerstone, F|\n|poke|p2|Porygon-Z|\n|poke|p2|Serperior, M|\n|poke|p2|Altaria, F|\n|poke|p2|Tapu Fini|\n|poke|p2|Whimsicott, M|\n|teampreview\n|j| lqfsb\n|l| lqfsb\n|\n|t:|1701093443\n|start\n|switch|p1a: \u864e\u95e8|Incineroar, F|100\/100\n|switch|p1b: \u2764\ufe0fSerperior4Ever|Serperior, F|100\/100\n|switch|p2a: Serperior|Serperior, M|100\/100\n|switch|p2b: Whimsicott|Whimsicott, M|100\/100\n|-ability|p1a: \u864e\u95e8|Intimidate|boost\n|-boost|p2a: Serperior|atk|1\n|-unboost|p2b: Whimsicott|atk|1\n|turn|1\n|\n|t:|1701093460\n|-terastallize|p2a: Serperior|Poison\n|move|p1a: \u864e\u95e8|Fake Out|p2b: Whimsicott\n|-damage|p2b: Whimsicott|83\/100\n|cant|p2b: Whimsicott|flinch\n|move|p2a: Serperior|Hidden Power|p1b: \u2764\ufe0fSerperior4Ever\n|-supereffective|p1b: \u2764\ufe0fSerperior4Ever\n|-damage|p1b: \u2764\ufe0fSerperior4Ever|53\/100\n|move|p1b: \u2764\ufe0fSerperior4Ever|Glare|p2a: Serperior\n|-status|p2a: Serperior|par\n|\n|-heal|p1b: \u2764\ufe0fSerperior4Ever|59\/100|[from] item: Leftovers\n|upkeep\n|turn|2\n|\n|t:|1701093478\n|move|p1b: \u2764\ufe0fSerperior4Ever|Protect|p1b: \u2764\ufe0fSerperior4Ever\n|-singleturn|p1b: \u2764\ufe0fSerperior4Ever|Protect\n|move|p2b: Whimsicott|Memento|p2a: Serperior\n|-boost|p2a: Serperior|atk|2\n|-boost|p2a: Serperior|spa|2\n|faint|p2b: Whimsicott\n|move|p2a: Serperior|Hidden Power|p1b: \u2764\ufe0fSerperior4Ever\n|-activate|p1b: \u2764\ufe0fSerperior4Ever|move: Protect\n|move|p1a: \u864e\u95e8|Knock Off|p2a: Serperior\n|-damage|p2a: Serperior|43\/100 par\n|-enditem|p2a: Serperior|Assault Vest|[from] move: Knock Off|[of] p1a: \u864e\u95e8\n|\n|-heal|p1b: \u2764\ufe0fSerperior4Ever|65\/100|[from] item: Leftovers\n|upkeep\n|c|\u2606bob the bidier|oh no\n|\n|t:|1701093492\n|switch|p2b: Ogerpon|Ogerpon-Cornerstone, F|100\/100\n|turn|3\n|\n|t:|1701093506\n|switch|p1b: \u6765\u54ac\u6211\u5440\uff0c\u6c6a\u6c6a\u6c6a|Arcanine-Hisui, F|100\/100\n|-ability|p1b: \u6765\u54ac\u6211\u5440\uff0c\u6c6a\u6c6a\u6c6a|Intimidate|boost\n|-boost|p2a: Serperior|atk|1\n|-unboost|p2b: Ogerpon|atk|1\n|move|p2b: Ogerpon|Follow Me|p2b: Ogerpon\n|-singleturn|p2b: Ogerpon|move: Follow Me\n|move|p2a: Serperior|Hidden Power|p1b: \u6765\u54ac\u6211\u5440\uff0c\u6c6a\u6c6a\u6c6a\n|-resisted|p1b: \u6765\u54ac\u6211\u5440\uff0c\u6c6a\u6c6a\u6c6a\n|-damage|p1b: \u6765\u54ac\u6211\u5440\uff0c\u6c6a\u6c6a\u6c6a|74\/100\n|move|p1a: \u864e\u95e8|Parting Shot|p2b: Ogerpon\n|-unboost|p2b: Ogerpon|atk|1\n|-unboost|p2b: Ogerpon|spa|1\n|\n|t:|1701093524\n|switch|p1a: \u53d1\u59d0\u7ed9\u4f60\u5ff5\u4e00\u5ff5|Flutter Mane|100\/100|[from] Parting Shot\n|\n|upkeep\n|turn|4\n|\n|t:|1701093538\n|move|p1a: \u53d1\u59d0\u7ed9\u4f60\u5ff5\u4e00\u5ff5|Hex|p2a: Serperior\n|-damage|p2a: Serperior|0 fnt\n|faint|p2a: Serperior\n|move|p1b: \u6765\u54ac\u6211\u5440\uff0c\u6c6a\u6c6a\u6c6a|Close Combat|p2b: Ogerpon\n|-supereffective|p2b: Ogerpon\n|-ability|p2b: Ogerpon|Sturdy\n|-damage|p2b: Ogerpon|1\/100\n|-unboost|p1b: \u6765\u54ac\u6211\u5440\uff0c\u6c6a\u6c6a\u6c6a|def|1\n|-unboost|p1b: \u6765\u54ac\u6211\u5440\uff0c\u6c6a\u6c6a\u6c6a|spd|1\n|move|p2b: Ogerpon|Ivy Cudgel|p1b: \u6765\u54ac\u6211\u5440\uff0c\u6c6a\u6c6a\u6c6a|[anim] Ivy Cudgel Rock\n|-supereffective|p1b: \u6765\u54ac\u6211\u5440\uff0c\u6c6a\u6c6a\u6c6a\n|-damage|p1b: \u6765\u54ac\u6211\u5440\uff0c\u6c6a\u6c6a\u6c6a|0 fnt\n|faint|p1b: \u6765\u54ac\u6211\u5440\uff0c\u6c6a\u6c6a\u6c6a\n|\n|upkeep\n|\n|t:|1701093554\n|switch|p2a: Altaria|Altaria, F|100\/100\n|switch|p1b: \u864e\u95e8|Incineroar, F|100\/100\n|-ability|p1b: \u864e\u95e8|Intimidate|boost\n|-unboost|p2a: Altaria|atk|1\n|-unboost|p2b: Ogerpon|atk|1\n|turn|5\n|\n|t:|1701093574\n|detailschange|p2a: Altaria|Altaria-Mega, F\n|-mega|p2a: Altaria|Altaria|Altarianite\n|move|p1b: \u864e\u95e8|Fake Out|p2a: Altaria\n|-damage|p2a: Altaria|87\/100\n|move|p1a: \u53d1\u59d0\u7ed9\u4f60\u5ff5\u4e00\u5ff5|Hex|p2b: Ogerpon\n|-damage|p2b: Ogerpon|0 fnt\n|faint|p2b: Ogerpon\n|cant|p2a: Altaria|flinch\n|\n|upkeep\n|\n|t:|1701093583\n|switch|p2b: Tapu Fini|Tapu Fini|100\/100\n|turn|6\n|\n|t:|1701093601\n|-end|p1a: \u53d1\u59d0\u7ed9\u4f60\u5ff5\u4e00\u5ff5|Protosynthesis|[silent]\n|switch|p1a: \u6d77\u5154\u517d\u771f\u662f\u840c\u840c\u54d2|Gastrodon, F|100\/100\n|-zpower|p2b: Tapu Fini\n|move|p2b: Tapu Fini|Guardian of Alola|p1b: \u864e\u95e8|[zeffect]\n|-damage|p1b: \u864e\u95e8|26\/100\n|move|p1b: \u864e\u95e8|Parting Shot|p2a: Altaria\n|-unboost|p2a: Altaria|atk|1\n|-unboost|p2a: Altaria|spa|1\n|\n|t:|1701093614\n|switch|p1b: \u53d1\u59d0\u7ed9\u4f60\u5ff5\u4e00\u5ff5|Flutter Mane|100\/100|[from] Parting Shot\n|move|p2a: Altaria|Roar|p1b: \u53d1\u59d0\u7ed9\u4f60\u5ff5\u4e00\u5ff5\n|-end|p1b: \u53d1\u59d0\u7ed9\u4f60\u5ff5\u4e00\u5ff5|Protosynthesis|[silent]\n|drag|p1b: \u2764\ufe0fSerperior4Ever|Serperior, F|65\/100\n|\n|-heal|p1b: \u2764\ufe0fSerperior4Ever|72\/100|[from] item: Leftovers\n|upkeep\n|turn|7\n|\n|t:|1701093632\n|move|p1b: \u2764\ufe0fSerperior4Ever|Knock Off|p2b: Tapu Fini\n|-resisted|p2b: Tapu Fini\n|-damage|p2b: Tapu Fini|94\/100\n|move|p2b: Tapu Fini|Blizzard|p1a: \u6d77\u5154\u517d\u771f\u662f\u840c\u840c\u54d2|[spread] p1a,p1b\n|-supereffective|p1b: \u2764\ufe0fSerperior4Ever\n|-damage|p1a: \u6d77\u5154\u517d\u771f\u662f\u840c\u840c\u54d2|79\/100\n|-damage|p1b: \u2764\ufe0fSerperior4Ever|28\/100\n|move|p2a: Altaria|Return|p1a: \u6d77\u5154\u517d\u771f\u662f\u840c\u840c\u54d2\n|-damage|p1a: \u6d77\u5154\u517d\u771f\u662f\u840c\u840c\u54d2|48\/100\n|move|p1a: \u6d77\u5154\u517d\u771f\u662f\u840c\u840c\u54d2|Icy Wind|p2b: Tapu Fini|[spread] p2a,p2b\n|-supereffective|p2a: Altaria\n|-resisted|p2b: Tapu Fini\n|-damage|p2a: Altaria|55\/100\n|-damage|p2b: Tapu Fini|88\/100\n|-unboost|p2a: Altaria|spe|1\n|-unboost|p2b: Tapu Fini|spe|1\n|\n|-heal|p1b: \u2764\ufe0fSerperior4Ever|34\/100|[from] item: Leftovers\n|upkeep\n|turn|8\n|\n|t:|1701093656\n|move|p1b: \u2764\ufe0fSerperior4Ever|Protect|p1b: \u2764\ufe0fSerperior4Ever\n|-singleturn|p1b: \u2764\ufe0fSerperior4Ever|Protect\n|move|p2b: Tapu Fini|Blizzard|p1a: \u6d77\u5154\u517d\u771f\u662f\u840c\u840c\u54d2|[spread] p1a\n|-activate|p1b: \u2764\ufe0fSerperior4Ever|move: Protect\n|-damage|p1a: \u6d77\u5154\u517d\u771f\u662f\u840c\u840c\u54d2|27\/100\n|move|p2a: Altaria|Hone Claws|p2a: Altaria\n|-boost|p2a: Altaria|atk|1\n|-boost|p2a: Altaria|accuracy|1\n|move|p1a: \u6d77\u5154\u517d\u771f\u662f\u840c\u840c\u54d2|Recover|p1a: \u6d77\u5154\u517d\u771f\u662f\u840c\u840c\u54d2\n|-heal|p1a: \u6d77\u5154\u517d\u771f\u662f\u840c\u840c\u54d2|77\/100\n|\n|-heal|p1b: \u2764\ufe0fSerperior4Ever|40\/100|[from] item: Leftovers\n|upkeep\n|turn|9\n|\n|t:|1701093685\n|move|p1b: \u2764\ufe0fSerperior4Ever|Glare|p2a: Altaria\n|-status|p2a: Altaria|par\n|move|p2b: Tapu Fini|Draining Kiss|p1a: \u6d77\u5154\u517d\u771f\u662f\u840c\u840c\u54d2\n|-damage|p1a: \u6d77\u5154\u517d\u771f\u662f\u840c\u840c\u54d2|58\/100\n|-heal|p2b: Tapu Fini|100\/100|[from] drain|[of] p1a: \u6d77\u5154\u517d\u771f\u662f\u840c\u840c\u54d2\n|move|p1a: \u6d77\u5154\u517d\u771f\u662f\u840c\u840c\u54d2|Icy Wind|p2a: Altaria|[spread] p2a,p2b\n|-supereffective|p2a: Altaria\n|-resisted|p2b: Tapu Fini\n|-damage|p2a: Altaria|22\/100 par\n|-damage|p2b: Tapu Fini|95\/100\n|-unboost|p2a: Altaria|spe|1\n|-unboost|p2b: Tapu Fini|spe|1\n|move|p2a: Altaria|Dual Wingbeat|p1b: \u2764\ufe0fSerperior4Ever\n|-supereffective|p1b: \u2764\ufe0fSerperior4Ever\n|-damage|p1b: \u2764\ufe0fSerperior4Ever|24\/100\n|-supereffective|p1b: \u2764\ufe0fSerperior4Ever\n|-damage|p1b: \u2764\ufe0fSerperior4Ever|7\/100\n|-hitcount|p1b: \u2764\ufe0fSerperior4Ever|2\n|\n|-heal|p1b: \u2764\ufe0fSerperior4Ever|13\/100|[from] item: Leftovers\n|upkeep\n|turn|10\n|\n|t:|1701093712\n|move|p1b: \u2764\ufe0fSerperior4Ever|Glare|p2b: Tapu Fini\n|-status|p2b: Tapu Fini|par\n|move|p1a: \u6d77\u5154\u517d\u771f\u662f\u840c\u840c\u54d2|Icy Wind|p2a: Altaria|[spread] p2a,p2b\n|-supereffective|p2a: Altaria\n|-resisted|p2b: Tapu Fini\n|-damage|p2a: Altaria|0 fnt\n|-damage|p2b: Tapu Fini|88\/100 par\n|-unboost|p2b: Tapu Fini|spe|1\n|faint|p2a: Altaria\n|move|p2b: Tapu Fini|Nature's Madness|p1a: \u6d77\u5154\u517d\u771f\u662f\u840c\u840c\u54d2\n|-damage|p1a: \u6d77\u5154\u517d\u771f\u662f\u840c\u840c\u54d2|30\/100\n|\n|-heal|p1b: \u2764\ufe0fSerperior4Ever|19\/100|[from] item: Leftovers\n|upkeep\n|\n|t:|1701093723\n|switch|p2a: Porygon-Z|Porygon-Z, shiny|100\/100\n|turn|11\n|c|\u2606bob the bidier|oh no\n|\n|t:|1701093735\n|move|p1b: \u2764\ufe0fSerperior4Ever|Glare|p2a: Porygon-Z\n|-status|p2a: Porygon-Z|par\n|move|p2a: Porygon-Z|Tri Attack|p1a: \u6d77\u5154\u517d\u771f\u662f\u840c\u840c\u54d2\n|-damage|p1a: \u6d77\u5154\u517d\u771f\u662f\u840c\u840c\u54d2|0 fnt\n|faint|p1a: \u6d77\u5154\u517d\u771f\u662f\u840c\u840c\u54d2\n|cant|p2b: Tapu Fini|par\n|\n|-heal|p1b: \u2764\ufe0fSerperior4Ever|25\/100|[from] item: Leftovers\n|upkeep\n|\n|t:|1701093742\n|switch|p1a: \u864e\u95e8|Incineroar, F|26\/100\n|-ability|p1a: \u864e\u95e8|Intimidate|boost\n|-unboost|p2a: Porygon-Z|atk|1\n|-unboost|p2b: Tapu Fini|atk|1\n|turn|12\n|\n|t:|1701093756\n|move|p1a: \u864e\u95e8|Fake Out|p2a: Porygon-Z\n|-damage|p2a: Porygon-Z|82\/100 par\n|move|p1b: \u2764\ufe0fSerperior4Ever|Knock Off|p2a: Porygon-Z\n|-damage|p2a: Porygon-Z|58\/100 par\n|-enditem|p2a: Porygon-Z|Choice Specs|[from] move: Knock Off|[of] p1b: \u2764\ufe0fSerperior4Ever\n|cant|p2a: Porygon-Z|flinch\n|move|p2b: Tapu Fini|Draining Kiss|p1a: \u864e\u95e8\n|-damage|p1a: \u864e\u95e8|8\/100\n|-heal|p2b: Tapu Fini|100\/100 par|[from] drain|[of] p1a: \u864e\u95e8\n|-enditem|p1a: \u864e\u95e8|Figy Berry|[eat]\n|-heal|p1a: \u864e\u95e8|41\/100|[from] item: Figy Berry\n|\n|-heal|p1b: \u2764\ufe0fSerperior4Ever|32\/100|[from] item: Leftovers\n|upkeep\n|turn|13\n|\n|t:|1701093786\n|move|p1b: \u2764\ufe0fSerperior4Ever|Protect|p1b: \u2764\ufe0fSerperior4Ever\n|-singleturn|p1b: \u2764\ufe0fSerperior4Ever|Protect\n|move|p1a: \u864e\u95e8|Parting Shot|p2a: Porygon-Z\n|-unboost|p2a: Porygon-Z|atk|1\n|-unboost|p2a: Porygon-Z|spa|1\n|\n|t:|1701093791\n|switch|p1a: \u53d1\u59d0\u7ed9\u4f60\u5ff5\u4e00\u5ff5|Flutter Mane|100\/100|[from] Parting Shot\n|move|p2a: Porygon-Z|Discharge|p1b: \u2764\ufe0fSerperior4Ever|[spread] p1a\n|-activate|p1b: \u2764\ufe0fSerperior4Ever|move: Protect\n|-activate|p2b: Tapu Fini|ability: Telepathy\n|-damage|p1a: \u53d1\u59d0\u7ed9\u4f60\u5ff5\u4e00\u5ff5|89\/100\n|-status|p1a: \u53d1\u59d0\u7ed9\u4f60\u5ff5\u4e00\u5ff5|par\n|move|p2b: Tapu Fini|Blizzard|p1b: \u2764\ufe0fSerperior4Ever|[spread] p1a\n|-activate|p1b: \u2764\ufe0fSerperior4Ever|move: Protect\n|-damage|p1a: \u53d1\u59d0\u7ed9\u4f60\u5ff5\u4e00\u5ff5|69\/100 par\n|\n|-heal|p1b: \u2764\ufe0fSerperior4Ever|38\/100|[from] item: Leftovers\n|upkeep\n|turn|14\n|\n|t:|1701093813\n|-terastallize|p1a: \u53d1\u59d0\u7ed9\u4f60\u5ff5\u4e00\u5ff5|Fairy\n|move|p1b: \u2764\ufe0fSerperior4Ever|Knock Off|p2a: Porygon-Z\n|-damage|p2a: Porygon-Z|39\/100 par\n|move|p1a: \u53d1\u59d0\u7ed9\u4f60\u5ff5\u4e00\u5ff5|Moonblast|p2a: Porygon-Z\n|-damage|p2a: Porygon-Z|0 fnt\n|faint|p2a: Porygon-Z\n|cant|p2b: Tapu Fini|par\n|\n|-heal|p1b: \u2764\ufe0fSerperior4Ever|44\/100|[from] item: Leftovers\n|upkeep\n|turn|15\n|\n|t:|1701093825\n|move|p1b: \u2764\ufe0fSerperior4Ever|Knock Off|p2b: Tapu Fini\n|-resisted|p2b: Tapu Fini\n|-damage|p2b: Tapu Fini|94\/100 par\n|move|p1a: \u53d1\u59d0\u7ed9\u4f60\u5ff5\u4e00\u5ff5|Moonblast|p2b: Tapu Fini\n|-damage|p2b: Tapu Fini|5\/100 par\n|-unboost|p2b: Tapu Fini|spa|1\n|move|p2b: Tapu Fini|Blizzard|p1a: \u53d1\u59d0\u7ed9\u4f60\u5ff5\u4e00\u5ff5|[spread] p1a\n|-miss|p2b: Tapu Fini|p1b: \u2764\ufe0fSerperior4Ever\n|-damage|p1a: \u53d1\u59d0\u7ed9\u4f60\u5ff5\u4e00\u5ff5|56\/100 par\n|\n|-heal|p1b: \u2764\ufe0fSerperior4Ever|50\/100|[from] item: Leftovers\n|upkeep\n|turn|16\n|c|\u2606bob the bidier|gg\n|\n|t:|1701093837\n|move|p1b: \u2764\ufe0fSerperior4Ever|Knock Off|p2b: Tapu Fini\n|-resisted|p2b: Tapu Fini\n|-damage|p2b: Tapu Fini|0 fnt\n|faint|p2b: Tapu Fini\n|\n|win|OPieceOfHeroGhost\n|raw|OPieceOfHeroGhost's rating: 1201 &rarr; <strong>1221<\/strong><br \/>(+20 for winning)\n|raw|bob the bidier's rating: 1136 &rarr; <strong>1116<\/strong><br \/>(-20 for losing)\n|c|\u2606bob the bidier|gg\n","uploadtime":1701093842,"views":0,"p1id":"opieceofheroghost","p2id":"bobthebidier","formatid":"gen9nationaldexdoubles","rating":1116,"private":0,"password":""}