{"id":"gen9nationaldexdoubles-1992369350","p1":"Pancake Tuesday","p2":"kitsu-aria","format":"[Gen 9] National Dex Doubles","log":"|j|\u2606Pancake Tuesday\n|j|\u2606kitsu-aria\n|t:|1700179630\n|gametype|doubles\n|player|p1|Pancake Tuesday|pokemaniac|1487\n|player|p2|kitsu-aria|roxie|1673\n|teamsize|p1|6\n|teamsize|p2|6\n|gen|9\n|tier|[Gen 9] National Dex Doubles\n|rated|\n|rule|HP Percentage Mod: HP is shown in percentages\n|rule|Endless Battle Clause: Forcing endless battles is banned\n|rule|OHKO Clause: OHKO moves are banned\n|rule|Evasion Moves Clause: Evasion moves are banned\n|rule|Evasion Abilities Clause: Evasion abilities are banned\n|rule|Species Clause: Limit one of each Pok\u00e9mon\n|rule|Gravity Sleep Clause: The combination of sleep-inducing moves with imperfect accuracy and Gravity or Gigantamax Orbeetle are banned\n|clearpoke\n|poke|p1|Tapu Lele|\n|poke|p1|Stakataka|\n|poke|p1|Gardevoir, F|\n|poke|p1|Incineroar, M|\n|poke|p1|Urshifu-*, F|\n|poke|p1|Necrozma|\n|poke|p2|Grimmsnarl, M|\n|poke|p2|Excadrill, M|\n|poke|p2|Dracovish|\n|poke|p2|Tyranitar, M|\n|poke|p2|Glimmora, M|\n|poke|p2|Marshadow|\n|teampreview\n|c|\u2606Pancake Tuesday|glhf\n|c|\u2606kitsu-aria|Same\n|\n|t:|1700179670\n|start\n|switch|p1a: Stakataka|Stakataka|100\/100\n|switch|p1b: Incineroar|Incineroar, M|100\/100\n|switch|p2a: Glimmora|Glimmora, M|100\/100\n|switch|p2b: Grimmsnarl|Grimmsnarl, M|100\/100\n|-ability|p1b: Incineroar|Intimidate|boost\n|-unboost|p2a: Glimmora|atk|1\n|-unboost|p2b: Grimmsnarl|atk|1\n|turn|1\n|\n|t:|1700179697\n|-terastallize|p1a: Stakataka|Ghost\n|move|p2b: Grimmsnarl|Reflect|p2b: Grimmsnarl\n|-sidestart|p2: kitsu-aria|Reflect\n|move|p2a: Glimmora|Earth Power|p1a: Stakataka\n|-damage|p1a: Stakataka|67\/100\n|move|p1b: Incineroar|Parting Shot|p2a: Glimmora\n|-unboost|p2a: Glimmora|atk|1\n|-unboost|p2a: Glimmora|spa|1\n|\n|t:|1700179710\n|switch|p1b: Urshifu|Urshifu-Rapid-Strike, F|100\/100|[from] Parting Shot\n|move|p1a: Stakataka|Gyro Ball|p2b: Grimmsnarl\n|-supereffective|p2b: Grimmsnarl\n|-damage|p2b: Grimmsnarl|19\/100\n|\n|upkeep\n|turn|2\n|\n|t:|1700179722\n|move|p2b: Grimmsnarl|Parting Shot|p1a: Stakataka\n|-fail|p1a: Stakataka|unboost|[from] item: Clear Amulet|[of] p1a: Stakataka\n|move|p1b: Urshifu|Surging Strikes|p2b: Grimmsnarl\n|-crit|p2b: Grimmsnarl\n|-damage|p2b: Grimmsnarl|0 fnt\n|faint|p2b: Grimmsnarl\n|-hitcount|p2: Grimmsnarl|1\n|move|p2a: Glimmora|Mortal Spin|p1a: Stakataka|[spread] p1a,p1b\n|-resisted|p1a: Stakataka\n|-damage|p1a: Stakataka|66\/100\n|-damage|p1b: Urshifu|99\/100\n|-status|p1a: Stakataka|psn\n|-status|p1b: Urshifu|psn\n|move|p1a: Stakataka|Trick Room|p1a: Stakataka\n|-fieldstart|move: Trick Room|[of] p1a: Stakataka\n|\n|-damage|p1a: Stakataka|54\/100 psn|[from] psn\n|-damage|p1b: Urshifu|86\/100 psn|[from] psn\n|upkeep\n|\n|t:|1700179740\n|switch|p2b: Excadrill|Excadrill, M|100\/100\n|turn|3\n|\n|t:|1700179761\n|move|p1a: Stakataka|Gyro Ball|p2a: Glimmora\n|-supereffective|p2a: Glimmora\n|-damage|p2a: Glimmora|0 fnt\n|-activate|p2a: Glimmora|ability: Toxic Debris\n|-sidestart|p1: Pancake Tuesday|move: Toxic Spikes\n|faint|p2a: Glimmora\n|-ability|p1a: Stakataka|Beast Boost|boost\n|-boost|p1a: Stakataka|atk|1\n|move|p1b: Urshifu|Surging Strikes|p2b: Excadrill\n|-supereffective|p2b: Excadrill\n|-crit|p2b: Excadrill\n|-damage|p2b: Excadrill|33\/100\n|-supereffective|p2b: Excadrill\n|-crit|p2b: Excadrill\n|-damage|p2b: Excadrill|0 fnt\n|faint|p2b: Excadrill\n|-hitcount|p2: Excadrill|2\n|\n|-damage|p1a: Stakataka|42\/100 psn|[from] psn\n|-damage|p1b: Urshifu|74\/100 psn|[from] psn\n|upkeep\n|\n|t:|1700179768\n|switch|p2a: Marshadow|Marshadow|100\/100\n|switch|p2b: Tyranitar|Tyranitar, M|100\/100\n|-weather|Sandstorm|[from] ability: Sand Stream|[of] p2b: Tyranitar\n|turn|4\n|\n|t:|1700179800\n|switch|p1b: Tapu Lele|Tapu Lele|100\/100\n|-status|p1b: Tapu Lele|psn\n|-fieldstart|move: Psychic Terrain|[from] ability: Psychic Surge|[of] p1b: Tapu Lele\n|-terastallize|p2b: Tyranitar|Ghost\n|move|p2a: Marshadow|Shadow Sneak|p1a: Stakataka\n|-activate|p1a: Stakataka|move: Psychic Terrain\n|move|p1a: Stakataka|Gyro Ball|p2a: Marshadow\n|-damage|p2a: Marshadow|0 fnt\n|faint|p2a: Marshadow\n|-ability|p1a: Stakataka|Beast Boost|boost\n|-boost|p1a: Stakataka|atk|1\n|move|p2b: Tyranitar|Knock Off|p1b: Tapu Lele\n|-damage|p1b: Tapu Lele|46\/100 psn\n|-enditem|p1b: Tapu Lele|Sitrus Berry|[from] move: Knock Off|[of] p2b: Tyranitar\n|\n|-weather|Sandstorm|[upkeep]\n|-damage|p1a: Stakataka|36\/100 psn|[from] Sandstorm\n|-damage|p2b: Tyranitar|94\/100|[from] Sandstorm\n|-damage|p1b: Tapu Lele|40\/100 psn|[from] Sandstorm\n|-damage|p1a: Stakataka|24\/100 psn|[from] psn\n|-damage|p1b: Tapu Lele|28\/100 psn|[from] psn\n|upkeep\n|l|\u2606kitsu-aria\n|player|p2|\n|j|\u2606kitsu-aria\n|player|p2|kitsu-aria|roxie\n|\n|t:|1700179820\n|switch|p2a: Dracovish|Dracovish|100\/100\n|turn|5\n|\n|t:|1700179834\n|move|p1a: Stakataka|Gyro Ball|p2a: Dracovish\n|-resisted|p2a: Dracovish\n|-damage|p2a: Dracovish|38\/100\n|move|p2b: Tyranitar|Knock Off|p1b: Tapu Lele\n|-damage|p1b: Tapu Lele|0 fnt\n|faint|p1b: Tapu Lele\n|move|p2a: Dracovish|Fishious Rend|p1a: Stakataka\n|-damage|p1a: Stakataka|0 fnt\n|faint|p1a: Stakataka\n|-damage|p2a: Dracovish|28\/100|[from] item: Life Orb\n|\n|-weather|Sandstorm|[upkeep]\n|-damage|p2b: Tyranitar|88\/100|[from] Sandstorm\n|upkeep\n|\n|t:|1700179845\n|switch|p1a: Incineroar|Incineroar, M|100\/100\n|switch|p1b: Gardevoir|Gardevoir, F|100\/100\n|-status|p1b: Gardevoir|psn\n|-ability|p1b: Gardevoir|Sand Rush|[from] ability: Trace|[of] p2a: Dracovish\n|-status|p1a: Incineroar|psn\n|-ability|p1a: Incineroar|Intimidate|boost\n|-unboost|p2a: Dracovish|atk|1\n|-unboost|p2b: Tyranitar|atk|1\n|turn|6\n|\n|t:|1700179860\n|detailschange|p1b: Gardevoir|Gardevoir-Mega, F\n|-mega|p1b: Gardevoir|Gardevoir|Gardevoirite\n|move|p2a: Dracovish|Protect|p2a: Dracovish\n|-singleturn|p2a: Dracovish|Protect\n|move|p2b: Tyranitar|Knock Off|p1b: Gardevoir\n|-damage|p1b: Gardevoir|76\/100 psn\n|move|p1a: Incineroar|Knock Off|p2b: Tyranitar\n|-supereffective|p2b: Tyranitar\n|-damage|p2b: Tyranitar|43\/100\n|-enditem|p2b: Tyranitar|Sitrus Berry|[from] move: Knock Off|[of] p1a: Incineroar\n|move|p1b: Gardevoir|Hyper Voice|p2a: Dracovish|[spread] p2b\n|-activate|p2a: Dracovish|move: Protect\n|-damage|p2b: Tyranitar|12\/100\n|\n|-weather|Sandstorm|[upkeep]\n|-damage|p2b: Tyranitar|6\/100|[from] Sandstorm\n|-damage|p1a: Incineroar|94\/100 psn|[from] Sandstorm\n|-damage|p1b: Gardevoir|70\/100 psn|[from] Sandstorm\n|-damage|p1a: Incineroar|82\/100 psn|[from] psn\n|-damage|p1b: Gardevoir|58\/100 psn|[from] psn\n|-fieldend|move: Trick Room\n|upkeep\n|turn|7\n|\n|t:|1700179875\n|move|p1b: Gardevoir|Protect|p1b: Gardevoir\n|-singleturn|p1b: Gardevoir|Protect\n|move|p2a: Dracovish|Fishious Rend|p1b: Gardevoir\n|-activate|p1b: Gardevoir|move: Protect\n|move|p1a: Incineroar|Knock Off|p2a: Dracovish\n|-damage|p2a: Dracovish|0 fnt\n|-enditem|p2a: Dracovish|Life Orb|[from] move: Knock Off|[of] p1a: Incineroar\n|faint|p2a: Dracovish\n|move|p2b: Tyranitar|Knock Off|p1a: Incineroar\n|-resisted|p1a: Incineroar\n|-damage|p1a: Incineroar|69\/100 psn\n|-enditem|p1a: Incineroar|Sitrus Berry|[from] move: Knock Off|[of] p2b: Tyranitar\n|\n|-weather|Sandstorm|[upkeep]\n|-damage|p1b: Gardevoir|52\/100 psn|[from] Sandstorm\n|-damage|p1a: Incineroar|63\/100 psn|[from] Sandstorm\n|-damage|p2b: Tyranitar|0 fnt|[from] Sandstorm\n|faint|p2b: Tyranitar\n|\n|win|Pancake Tuesday\n|upkeep\n|raw|Pancake Tuesday's rating: 1487 &rarr; <strong>1517<\/strong><br \/>(+30 for winning)\n|raw|kitsu-aria's rating: 1673 &rarr; <strong>1643<\/strong><br \/>(-30 for losing)\n|l|\u2606kitsu-aria\n|c|\u2606Pancake Tuesday|ggs\n","uploadtime":1700179933,"views":6,"p1id":"pancaketuesday","p2id":"kitsuaria","formatid":"gen9nationaldexdoubles","rating":1517,"private":0,"password":""}