{"id":"gen9nationaldexdoubles-1949405801","p1":"Anna Lisa Melculo","p2":"Thalassophobia","format":"[Gen 9] National Dex Doubles","log":"|j|\u2606Anna Lisa Melculo\n|j|\u2606Thalassophobia\n|t:|1695356551\n|gametype|doubles\n|player|p1|Anna Lisa Melculo|1|1207\n|player|p2|Thalassophobia|pokekid|1087\n|teamsize|p1|6\n|teamsize|p2|6\n|gen|9\n|tier|[Gen 9] National Dex Doubles\n|rated|\n|rule|HP Percentage Mod: HP is shown in percentages\n|rule|Endless Battle Clause: Forcing endless battles is banned\n|rule|OHKO Clause: OHKO moves are banned\n|rule|Evasion Moves Clause: Evasion moves are banned\n|rule|Evasion Abilities Clause: Evasion abilities are banned\n|rule|Species Clause: Limit one of each Pok\u00e9mon\n|rule|Gravity Sleep Clause: The combination of sleep-inducing moves with imperfect accuracy and Gravity or Gigantamax Orbeetle are banned\n|clearpoke\n|poke|p1|Torkoal, M|\n|poke|p1|Flutter Mane|\n|poke|p1|Walking Wake|\n|poke|p1|Slither Wing|\n|poke|p1|Chien-Pao|\n|poke|p1|Kingambit, M|\n|poke|p2|Umbreon, F|\n|poke|p2|Vaporeon, F|\n|poke|p2|Sylveon, F|\n|poke|p2|Floatzel, F|\n|poke|p2|Glaceon, M|\n|poke|p2|Aurorus, F|\n|teampreview\n|inactive|Battle timer is ON: inactive players will automatically lose when time's up. (requested by Thalassophobia)\n|\n|t:|1695356569\n|start\n|switch|p1a: Pana Zulia|Torkoal, M|100\/100\n|switch|p1b: Agua Potable|Walking Wake|100\/100\n|switch|p2a: Glaceon|Glaceon, M, shiny|100\/100\n|switch|p2b: Aurorus|Aurorus, F|100\/100\n|-weather|Snow|[from] ability: Snow Warning|[of] p2b: Aurorus\n|-weather|SunnyDay|[from] ability: Drought|[of] p1a: Pana Zulia\n|-activate|p1b: Agua Potable|ability: Protosynthesis\n|-start|p1b: Agua Potable|protosynthesisspe\n|turn|1\n|\n|t:|1695356591\n|switch|p2a: Floatzel|Floatzel, F|100\/100\n|switch|p2b: Vaporeon|Vaporeon, F|100\/100\n|move|p1b: Agua Potable|Hydro Steam|p2b: Vaporeon\n|-immune|p2b: Vaporeon|[from] ability: Water Absorb\n|move|p1a: Pana Zulia|Eruption|p2a: Floatzel|[spread] p2a,p2b\n|-resisted|p2a: Floatzel\n|-resisted|p2b: Vaporeon\n|-damage|p2a: Floatzel|43\/100\n|-damage|p2b: Vaporeon|80\/100\n|\n|-weather|SunnyDay|[upkeep]\n|-heal|p2a: Floatzel|49\/100|[from] item: Leftovers\n|-heal|p2b: Vaporeon|86\/100|[from] item: Leftovers\n|upkeep\n|turn|2\n|\n|t:|1695356614\n|move|p2a: Floatzel|Protect|p2a: Floatzel\n|-singleturn|p2a: Floatzel|Protect\n|move|p1b: Agua Potable|Hydro Steam|p2a: Floatzel\n|-activate|p2a: Floatzel|move: Protect\n|move|p2b: Vaporeon|Scald|p1a: Pana Zulia\n|-supereffective|p1a: Pana Zulia\n|-damage|p1a: Pana Zulia|56\/100\n|move|p1a: Pana Zulia|Stealth Rock|p2a: Floatzel\n|-sidestart|p2: Thalassophobia|move: Stealth Rock\n|\n|-weather|SunnyDay|[upkeep]\n|-heal|p2a: Floatzel|55\/100|[from] item: Leftovers\n|-heal|p2b: Vaporeon|93\/100|[from] item: Leftovers\n|upkeep\n|turn|3\n|\n|t:|1695356631\n|switch|p1a: PeloeQk|Flutter Mane|100\/100\n|-activate|p1a: PeloeQk|ability: Protosynthesis\n|-start|p1a: PeloeQk|protosynthesisspe\n|move|p1b: Agua Potable|Hydro Steam|p2a: Floatzel\n|-resisted|p2a: Floatzel\n|-damage|p2a: Floatzel|0 fnt\n|faint|p2a: Floatzel\n|move|p2b: Vaporeon|Scald|p1a: PeloeQk\n|-damage|p1a: PeloeQk|81\/100\n|-status|p1a: PeloeQk|brn\n|\n|-weather|SunnyDay|[upkeep]\n|-heal|p2b: Vaporeon|99\/100|[from] item: Leftovers\n|-damage|p1a: PeloeQk|75\/100 brn|[from] brn\n|upkeep\n|\n|t:|1695356647\n|switch|p2a: Aurorus|Aurorus, F|100\/100\n|-damage|p2a: Aurorus|76\/100|[from] Stealth Rock\n|-weather|Snow|[from] ability: Snow Warning|[of] p2a: Aurorus\n|-end|p1a: PeloeQk|Protosynthesis\n|-end|p1b: Agua Potable|Protosynthesis\n|turn|4\n|\n|t:|1695356677\n|move|p1a: PeloeQk|Calm Mind|p1a: PeloeQk\n|-boost|p1a: PeloeQk|spa|1\n|-boost|p1a: PeloeQk|spd|1\n|move|p1b: Agua Potable|Hydro Steam|p2a: Aurorus\n|-supereffective|p2a: Aurorus\n|-damage|p2a: Aurorus|0 fnt\n|faint|p2a: Aurorus\n|move|p2b: Vaporeon|Ice Beam|p1b: Agua Potable\n|-damage|p1b: Agua Potable|62\/100\n|\n|-weather|Snow|[upkeep]\n|-heal|p2b: Vaporeon|100\/100|[from] item: Leftovers\n|-damage|p1a: PeloeQk|69\/100 brn|[from] brn\n|upkeep\n|inactive|Thalassophobia has 120 seconds left.\n|\n|t:|1695356689\n|switch|p2a: Glaceon|Glaceon, M, shiny|100\/100\n|-damage|p2a: Glaceon|76\/100|[from] Stealth Rock\n|turn|5\n|\n|t:|1695356706\n|-end|p1b: Agua Potable|Protosynthesis|[silent]\n|switch|p1b: Pana Zulia|Torkoal, M|56\/100\n|-weather|SunnyDay|[from] ability: Drought|[of] p1b: Pana Zulia\n|-activate|p1a: PeloeQk|ability: Protosynthesis\n|-start|p1a: PeloeQk|protosynthesisspa\n|move|p1a: PeloeQk|Dazzling Gleam|p2a: Glaceon|[spread] p2a,p2b\n|-damage|p2a: Glaceon|0 fnt\n|-damage|p2b: Vaporeon|43\/100\n|faint|p2a: Glaceon\n|-damage|p1a: PeloeQk|59\/100 brn|[from] item: Life Orb\n|move|p2b: Vaporeon|Scald|p1b: Pana Zulia\n|-supereffective|p1b: Pana Zulia\n|-damage|p1b: Pana Zulia|10\/100\n|\n|-weather|SunnyDay|[upkeep]\n|-heal|p2b: Vaporeon|50\/100|[from] item: Leftovers\n|-damage|p1a: PeloeQk|53\/100 brn|[from] brn\n|upkeep\n|inactive|Thalassophobia has 120 seconds left.\n|\n|t:|1695356723\n|switch|p2a: Sylveon|Sylveon, F|100\/100\n|-damage|p2a: Sylveon|88\/100|[from] Stealth Rock\n|turn|6\n|\n|t:|1695356735\n|move|p1a: PeloeQk|Dazzling Gleam|p2a: Sylveon|[spread] p2a,p2b\n|-damage|p2a: Sylveon|55\/100\n|-damage|p2b: Vaporeon|0 fnt\n|faint|p2b: Vaporeon\n|-damage|p1a: PeloeQk|43\/100 brn|[from] item: Life Orb\n|move|p2a: Sylveon|Hyper Voice|p1a: PeloeQk|[spread] p1a,p1b\n|-resisted|p1b: Pana Zulia\n|-damage|p1a: PeloeQk|20\/100 brn\n|-damage|p1b: Pana Zulia|0 fnt\n|faint|p1b: Pana Zulia\n|\n|-weather|SunnyDay|[upkeep]\n|-damage|p1a: PeloeQk|14\/100 brn|[from] brn\n|upkeep\n|-message|Thalassophobia forfeited.\n|\n|win|Anna Lisa Melculo\n|raw|Anna Lisa Melculo's rating: 1207 &rarr; <strong>1224<\/strong><br \/>(+17 for winning)\n|raw|Thalassophobia's rating: 1087 &rarr; <strong>1072<\/strong><br \/>(-15 for losing)\n|l|\u2606Thalassophobia\n","uploadtime":1695356751,"views":9,"p1id":"annalisamelculo","p2id":"thalassophobia","formatid":"gen9nationaldexdoubles","rating":1072,"private":0,"password":""}