{"id":"gen9nationaldexdoubles-1987824632","p1":"The OG Trainer Red","p2":"Alexpaa","format":"[Gen 9] National Dex Doubles","log":"|j|\u2606The OG Trainer Red\n|j|\u2606Alexpaa\n|t:|1699640249\n|gametype|doubles\n|player|p1|The OG Trainer Red|fisherman-gen4|1187\n|player|p2|Alexpaa|102|1000\n|teamsize|p1|6\n|teamsize|p2|6\n|gen|9\n|tier|[Gen 9] National Dex Doubles\n|rated|\n|rule|HP Percentage Mod: HP is shown in percentages\n|rule|Endless Battle Clause: Forcing endless battles is banned\n|rule|OHKO Clause: OHKO moves are banned\n|rule|Evasion Moves Clause: Evasion moves are banned\n|rule|Evasion Abilities Clause: Evasion abilities are banned\n|rule|Species Clause: Limit one of each Pok\u00e9mon\n|rule|Gravity Sleep Clause: The combination of sleep-inducing moves with imperfect accuracy and Gravity or Gigantamax Orbeetle are banned\n|clearpoke\n|poke|p1|Typhlosion-Hisui, F|\n|poke|p1|Charizard, F|\n|poke|p1|Cresselia, F|\n|poke|p1|Dudunsparce-*, F|\n|poke|p1|Farigiraf, F|\n|poke|p1|Walking Wake|\n|poke|p2|Pelipper, F|\n|poke|p2|Rotom-Wash|\n|poke|p2|Seismitoad, F|\n|poke|p2|Swampert, F|\n|poke|p2|Palafin, F|\n|poke|p2|Togedemaru, M|\n|teampreview\n|inactive|Battle timer is ON: inactive players will automatically lose when time's up. (requested by The OG Trainer Red)\n|\n|t:|1699640278\n|start\n|switch|p1a: Dudunsparce|Dudunsparce-Three-Segment, F|100\/100\n|switch|p1b: Farigiraf|Farigiraf, F|100\/100\n|switch|p2a: Felipeeeeeeeeeee|Pelipper, F, shiny|100\/100\n|switch|p2b: Squirting|Seismitoad, F, shiny|100\/100\n|-weather|RainDance|[from] ability: Drizzle|[of] p2a: Felipeeeeeeeeeee\n|turn|1\n|inactive|Alexpaa has 120 seconds left.\n|\n|t:|1699640312\n|move|p2b: Squirting|Hydro Pump|p1a: Dudunsparce\n|-damage|p1a: Dudunsparce|24\/100\n|-damage|p2b: Squirting|91\/100|[from] item: Life Orb\n|move|p2a: Felipeeeeeeeeeee|U-turn|p1b: Farigiraf\n|-supereffective|p1b: Farigiraf\n|-damage|p1b: Farigiraf|90\/100\n|inactive|Alexpaa has 120 seconds left.\n|\n|t:|1699640325\n|switch|p2a: Amador Rivas|Palafin, F|100\/100|[from] U-turn\n|move|p1a: Dudunsparce|Rock Slide|p2b: Squirting|[spread] p2a,p2b\n|-resisted|p2b: Squirting\n|-damage|p2a: Amador Rivas|79\/100\n|-damage|p2b: Squirting|81\/100\n|move|p1b: Farigiraf|Trick Room|p1b: Farigiraf\n|-fieldstart|move: Trick Room|[of] p1b: Farigiraf\n|\n|-weather|RainDance|[upkeep]\n|upkeep\n|turn|2\n|inactive|Alexpaa has 120 seconds left.\n|\n|t:|1699640358\n|switch|p1b: Cresselia|Cresselia, F|100\/100\n|move|p1a: Dudunsparce|Rock Slide|p2b: Squirting|[spread] p2a,p2b\n|-resisted|p2b: Squirting\n|-damage|p2a: Amador Rivas|57\/100\n|-damage|p2b: Squirting|72\/100\n|cant|p2a: Amador Rivas|flinch\n|cant|p2b: Squirting|flinch\n|\n|-weather|RainDance|[upkeep]\n|upkeep\n|turn|3\n|inactive|Alexpaa has 120 seconds left.\n|\n|t:|1699640385\n|move|p1a: Dudunsparce|Rock Slide|p2b: Squirting|[spread] p2a,p2b\n|-resisted|p2b: Squirting\n|-damage|p2a: Amador Rivas|36\/100\n|-damage|p2b: Squirting|63\/100\n|move|p1b: Cresselia|Calm Mind|p1b: Cresselia\n|-boost|p1b: Cresselia|spa|1\n|-boost|p1b: Cresselia|spd|1\n|cant|p2a: Amador Rivas|flinch\n|cant|p2b: Squirting|flinch\n|\n|-weather|RainDance|[upkeep]\n|upkeep\n|turn|4\n|inactive|Alexpaa has 120 seconds left.\n|\n|t:|1699640411\n|move|p1a: Dudunsparce|Rock Slide|p2a: Amador Rivas|[spread] p2a,p2b\n|-resisted|p2b: Squirting\n|-damage|p2a: Amador Rivas|15\/100\n|-damage|p2b: Squirting|52\/100\n|move|p1b: Cresselia|Calm Mind|p1b: Cresselia\n|-boost|p1b: Cresselia|spa|1\n|-boost|p1b: Cresselia|spd|1\n|cant|p2a: Amador Rivas|flinch\n|cant|p2b: Squirting|flinch\n|\n|-weather|RainDance|[upkeep]\n|upkeep\n|turn|5\n|inactive|Alexpaa has 120 seconds left.\n|c|\u2606The OG Trainer Red|I'm mad for you, that's ridiculous\n|c|\u2606The OG Trainer Red|this is complete bullshit\n|\n|t:|1699640445\n|detailschange|p2a: Amador Rivas|Palafin-Hero, F\n|switch|p2a: Mujer|Rotom-Wash, shiny|100\/100\n|switch|p2b: Feminista|Togedemaru, M, shiny|100\/100\n|-item|p2b: Feminista|Air Balloon\n|move|p1a: Dudunsparce|Rock Slide|p2b: Feminista|[spread] p2a,p2b\n|-resisted|p2b: Feminista\n|-damage|p2a: Mujer|79\/100\n|-damage|p2b: Feminista|91\/100\n|-enditem|p2b: Feminista|Air Balloon\n|move|p1b: Cresselia|Calm Mind|p1b: Cresselia\n|-boost|p1b: Cresselia|spa|1\n|-boost|p1b: Cresselia|spd|1\n|\n|-weather|RainDance|[upkeep]\n|-fieldend|move: Trick Room\n|upkeep\n|turn|6\n|inactive|Alexpaa has 120 seconds left.\n|\n|t:|1699640471\n|move|p2b: Feminista|Fake Out|p1b: Cresselia\n|-damage|p1b: Cresselia|96\/100\n|move|p2a: Mujer|Volt Switch|p2b: Feminista\n|-activate|p2b: Feminista|ability: Lightning Rod\n|-ability|p2b: Feminista|Lightning Rod|boost\n|-boost|p2b: Feminista|spa|1\n|cant|p1b: Cresselia|flinch\n|move|p1a: Dudunsparce|Earthquake|p2b: Feminista|[spread] p2b\n|-immune|p1b: Cresselia|[from] ability: Levitate\n|-immune|p2a: Mujer|[from] ability: Levitate\n|-supereffective|p2b: Feminista\n|-damage|p2b: Feminista|0 fnt\n|faint|p2b: Feminista\n|\n|-weather|RainDance|[upkeep]\n|-heal|p1b: Cresselia|100\/100|[from] item: Leftovers\n|upkeep\n|\n|t:|1699640490\n|switch|p2b: Alexpa;)|Swampert, F|100\/100\n|turn|7\n|\n|t:|1699640512\n|detailschange|p2b: Alexpa;)|Swampert-Mega, F\n|-mega|p2b: Alexpa;)|Swampert|Swampertite\n|move|p2b: Alexpa;)|Earthquake|p1b: Cresselia|[spread] p1a\n|-immune|p2a: Mujer|[from] ability: Levitate\n|-immune|p1b: Cresselia|[from] ability: Levitate\n|-damage|p1a: Dudunsparce|0 fnt\n|faint|p1a: Dudunsparce\n|move|p2a: Mujer|Volt Switch|p1b: Cresselia\n|-damage|p1b: Cresselia|94\/100\n|j| chuspiter\n|\n|t:|1699640526\n|switch|p2a: Amador Rivas|Palafin-Hero, F|15\/100|[from] Volt Switch\n|-activate|p2a: Amador Rivas|ability: Zero to Hero\n|move|p1b: Cresselia|Stored Power|p2a: Amador Rivas\n|-damage|p2a: Amador Rivas|0 fnt\n|faint|p2a: Amador Rivas\n|\n|-weather|RainDance|[upkeep]\n|-heal|p1b: Cresselia|99\/100|[from] item: Leftovers\n|upkeep\n|\n|t:|1699640537\n|switch|p2a: Mujer|Rotom-Wash, shiny|79\/100\n|switch|p1a: Walking Wake|Walking Wake|100\/100\n|turn|8\n|inactive|Alexpaa has 120 seconds left.\n|\n|t:|1699640556\n|move|p2b: Alexpa;)|Waterfall|p1b: Cresselia\n|-damage|p1b: Cresselia|62\/100\n|move|p2a: Mujer|Thunder|p1a: Walking Wake\n|-damage|p1a: Walking Wake|70\/100\n|move|p1a: Walking Wake|Hydro Steam|p2a: Mujer\n|-resisted|p2a: Mujer\n|-damage|p2a: Mujer|44\/100\n|move|p1b: Cresselia|Stored Power|p2b: Alexpa;)\n|-damage|p2b: Alexpa;)|8\/100\n|\n|-weather|none\n|-heal|p1b: Cresselia|68\/100|[from] item: Leftovers\n|upkeep\n|turn|9\n|inactive|Alexpaa has 120 seconds left.\n|inactive|The OG Trainer Red has 120 seconds left.\n|\n|t:|1699640598\n|switch|p2a: Felipeeeeeeeeeee|Pelipper, F, shiny|100\/100\n|-weather|RainDance|[from] ability: Drizzle|[of] p2a: Felipeeeeeeeeeee\n|move|p2b: Alexpa;)|Waterfall|p1b: Cresselia\n|-damage|p1b: Cresselia|27\/100\n|move|p1a: Walking Wake|Flamethrower|p2b: Alexpa;)\n|-resisted|p2b: Alexpa;)\n|-damage|p2b: Alexpa;)|1\/100\n|-status|p2b: Alexpa;)|brn\n|cant|p1b: Cresselia|flinch\n|\n|-weather|RainDance|[upkeep]\n|-heal|p1b: Cresselia|33\/100|[from] item: Leftovers\n|-damage|p2b: Alexpa;)|0 fnt|[from] brn\n|faint|p2b: Alexpa;)\n|upkeep\n|inactive|Alexpaa has 120 seconds left.\n|\n|t:|1699640616\n|switch|p2b: Squirting|Seismitoad, F, shiny|52\/100\n|turn|10\n|inactive|Alexpaa has 120 seconds left.\n|\n|t:|1699640638\n|move|p2b: Squirting|Grass Knot|p1a: Walking Wake\n|-damage|p1a: Walking Wake|37\/100\n|-damage|p2b: Squirting|42\/100|[from] item: Life Orb\n|move|p1a: Walking Wake|Draco Meteor|p2a: Felipeeeeeeeeeee\n|-damage|p2a: Felipeeeeeeeeeee|26\/100\n|-unboost|p1a: Walking Wake|spa|2\n|move|p2a: Felipeeeeeeeeeee|U-turn|p1b: Cresselia\n|-supereffective|p1b: Cresselia\n|-damage|p1b: Cresselia|26\/100\n|j| bosspark1737376\n|\n|t:|1699640652\n|switch|p2a: Mujer|Rotom-Wash, shiny|44\/100|[from] U-turn\n|move|p1b: Cresselia|Stored Power|p2b: Squirting\n|-damage|p2b: Squirting|0 fnt\n|faint|p2b: Squirting\n|\n|-weather|RainDance|[upkeep]\n|-heal|p1b: Cresselia|32\/100|[from] item: Leftovers\n|upkeep\n|l| bosspark1737376\n|\n|t:|1699640673\n|switch|p2b: Felipeeeeeeeeeee|Pelipper, F, shiny|26\/100\n|turn|11\n|inactive|Alexpaa has 90 seconds left.\n|\n|t:|1699640714\n|move|p2a: Mujer|Thunder|p1a: Walking Wake\n|-damage|p1a: Walking Wake|5\/100\n|move|p1a: Walking Wake|Hydro Steam|p2b: Felipeeeeeeeeeee\n|-resisted|p2b: Felipeeeeeeeeeee\n|-damage|p2b: Felipeeeeeeeeeee|10\/100\n|move|p2b: Felipeeeeeeeeeee|Hydro Pump|p1b: Cresselia\n|-damage|p1b: Cresselia|19\/100\n|move|p1b: Cresselia|Stored Power|p2a: Mujer\n|-damage|p2a: Mujer|0 fnt\n|faint|p2a: Mujer\n|\n|-weather|RainDance|[upkeep]\n|-heal|p1b: Cresselia|25\/100|[from] item: Leftovers\n|upkeep\n|turn|12\n|inactive|Alexpaa has 90 seconds left.\n|j| Juanva2006\n|inactive|Alexpaa has 60 seconds left.\n|\n|t:|1699640763\n|-end|p1a: Walking Wake|Protosynthesis|[silent]\n|switch|p1a: Charizard|Charizard, F|100\/100\n|move|p2b: Felipeeeeeeeeeee|U-turn|p1a: Charizard\n|-resisted|p1a: Charizard\n|-damage|p1a: Charizard|98\/100\n|move|p1b: Cresselia|Stored Power|p2b: Felipeeeeeeeeeee\n|-damage|p2b: Felipeeeeeeeeeee|0 fnt\n|faint|p2b: Felipeeeeeeeeeee\n|\n|win|The OG Trainer Red\n|raw|The OG Trainer Red's rating: 1187 &rarr; <strong>1200<\/strong><br \/>(+13 for winning)\n|raw|Alexpaa's rating: 1000 &rarr; <strong>1000<\/strong><br \/>(+0 for losing)\n|l| Juanva2006\n|l|\u2606Alexpaa\n","uploadtime":1699640838,"views":5,"p1id":"theogtrainerred","p2id":"alexpaa","formatid":"gen9nationaldexdoubles","rating":1000,"private":0,"password":""}