{"id":"gen9nationaldexdoubles-1947530470","p1":"MathHacker","p2":"cooolguy420","format":"[Gen 9] National Dex Doubles","log":"|j|\u2606MathHacker\n|j|\u2606cooolguy420\n|t:|1695169726\n|gametype|doubles\n|player|p1|MathHacker|richboy-gen4|1415\n|player|p2|cooolguy420|infielder|1594\n|teamsize|p1|6\n|teamsize|p2|6\n|gen|9\n|tier|[Gen 9] National Dex Doubles\n|rated|\n|rule|HP Percentage Mod: HP is shown in percentages\n|rule|Endless Battle Clause: Forcing endless battles is banned\n|rule|OHKO Clause: OHKO moves are banned\n|rule|Evasion Moves Clause: Evasion moves are banned\n|rule|Evasion Abilities Clause: Evasion abilities are banned\n|rule|Species Clause: Limit one of each Pok\u00e9mon\n|rule|Gravity Sleep Clause: The combination of sleep-inducing moves with imperfect accuracy and Gravity or Gigantamax Orbeetle are banned\n|clearpoke\n|poke|p1|Shuckle, F|\n|poke|p1|Kingambit, M|\n|poke|p1|Cresselia, F|\n|poke|p1|Torkoal, F|\n|poke|p1|Oranguru, M|\n|poke|p1|Ursaluna, M|\n|poke|p2|Tapu Koko|\n|poke|p2|Arctozolt|\n|poke|p2|Abomasnow, F|\n|poke|p2|Iron Hands|\n|poke|p2|Iron Bundle|\n|poke|p2|Incineroar, F|\n|teampreview\n|\n|t:|1695169735\n|start\n|switch|p1a: Shucky|Shuckle, F, shiny|100\/100\n|switch|p1b: munke|Oranguru, M|100\/100\n|switch|p2a: Incineroar|Incineroar, F|100\/100\n|switch|p2b: Abomasnow|Abomasnow, F|100\/100\n|-ability|p2a: Incineroar|Intimidate|boost\n|-unboost|p1a: Shucky|atk|1\n|-unboost|p1b: munke|atk|1\n|-weather|Snow|[from] ability: Snow Warning|[of] p2b: Abomasnow\n|turn|1\n|\n|t:|1695169757\n|detailschange|p2b: Abomasnow|Abomasnow-Mega, F\n|-mega|p2b: Abomasnow|Abomasnow|Abomasite\n|-terastallize|p1a: Shucky|Ghost\n|move|p2a: Incineroar|Fake Out|p1a: Shucky\n|-immune|p1a: Shucky\n|move|p2b: Abomasnow|Aurora Veil|p2b: Abomasnow\n|-sidestart|p2: cooolguy420|move: Aurora Veil\n|move|p1a: Shucky|Power Trick|p1a: Shucky\n|-start|p1a: Shucky|Power Trick\n|move|p1b: munke|Trick Room|p1b: munke\n|-fieldstart|move: Trick Room|[of] p1b: munke\n|\n|-weather|Snow|[upkeep]\n|upkeep\n|turn|2\n|\n|t:|1695169770\n|move|p1a: Shucky|Rock Slide|p2a: Incineroar|[spread] p2a,p2b\n|-supereffective|p2a: Incineroar\n|-supereffective|p2b: Abomasnow\n|-damage|p2a: Incineroar|58\/100\n|-damage|p2b: Abomasnow|74\/100\n|cant|p2b: Abomasnow|flinch\n|move|p1b: munke|Instruct|p1a: Shucky\n|-singleturn|p1a: Shucky|move: Instruct|[of] p1b: munke\n|move|p1a: Shucky|Rock Slide|p2a: Incineroar|[spread] p2a\n|-miss|p1a: Shucky|p2b: Abomasnow\n|-supereffective|p2a: Incineroar\n|-damage|p2a: Incineroar|16\/100\n|cant|p2a: Incineroar|flinch\n|\n|-weather|Snow|[upkeep]\n|upkeep\n|turn|3\n|\n|t:|1695169804\n|move|p2b: Abomasnow|Ice Shard|p1a: Shucky\n|-damage|p1a: Shucky|2\/100\n|move|p1a: Shucky|Rock Slide|p2a: Incineroar|[spread] p2a,p2b\n|-supereffective|p2a: Incineroar\n|-supereffective|p2b: Abomasnow\n|-damage|p2a: Incineroar|0 fnt\n|-damage|p2b: Abomasnow|51\/100\n|faint|p2a: Incineroar\n|-heal|p1a: Shucky|9\/100|[from] item: Shell Bell|[of] p2b: Abomasnow\n|move|p1b: munke|Instruct|p1a: Shucky\n|-singleturn|p1a: Shucky|move: Instruct|[of] p1b: munke\n|move|p1a: Shucky|Rock Slide|p2b: Abomasnow\n|-supereffective|p2b: Abomasnow\n|-damage|p2b: Abomasnow|14\/100\n|-heal|p1a: Shucky|16\/100|[from] item: Shell Bell|[of] p2b: Abomasnow\n|\n|-weather|Snow|[upkeep]\n|upkeep\n|\n|t:|1695169821\n|switch|p2a: Iron Hands|Iron Hands|100\/100\n|turn|4\n|inactive|Battle timer is ON: inactive players will automatically lose when time's up. (requested by cooolguy420)\n|\n|t:|1695169870\n|move|p2b: Abomasnow|Ice Shard|p1a: Shucky\n|-damage|p1a: Shucky|0 fnt\n|faint|p1a: Shucky\n|move|p1b: munke|Taunt|p2a: Iron Hands\n|-start|p2a: Iron Hands|move: Taunt\n|move|p2a: Iron Hands|Drain Punch|p1b: munke\n|-damage|p1b: munke|64\/100\n|\n|-weather|Snow|[upkeep]\n|upkeep\n|\n|t:|1695169885\n|switch|p1a: ber|Ursaluna, M|100\/100\n|turn|5\n|\n|t:|1695169894\n|move|p2b: Abomasnow|Blizzard|p1b: munke|[spread] p1a,p1b\n|-supereffective|p1a: ber\n|-damage|p1a: ber|47\/100\n|-damage|p1b: munke|33\/100\n|move|p1a: ber|Earthquake|p2b: Abomasnow|[spread] p2a,p2b\n|-activate|p1b: munke|ability: Telepathy\n|-supereffective|p2a: Iron Hands\n|-resisted|p2b: Abomasnow\n|-damage|p2a: Iron Hands|61\/100\n|-damage|p2b: Abomasnow|6\/100\n|move|p1b: munke|Instruct|p1a: ber\n|-singleturn|p1a: ber|move: Instruct|[of] p1b: munke\n|move|p1a: ber|Earthquake|p2b: Abomasnow|[spread] p2a,p2b\n|-activate|p1b: munke|ability: Telepathy\n|-supereffective|p2a: Iron Hands\n|-resisted|p2b: Abomasnow\n|-damage|p2a: Iron Hands|21\/100\n|-damage|p2b: Abomasnow|0 fnt\n|-enditem|p2a: Iron Hands|Sitrus Berry|[eat]\n|-heal|p2a: Iron Hands|46\/100|[from] item: Sitrus Berry\n|faint|p2b: Abomasnow\n|move|p2a: Iron Hands|Drain Punch|p1b: munke\n|-damage|p1b: munke|0 fnt\n|-heal|p2a: Iron Hands|57\/100|[from] drain|[of] p1b: munke\n|faint|p1b: munke\n|\n|-weather|none\n|-sideend|p2: cooolguy420|move: Aurora Veil\n|-fieldend|move: Trick Room\n|-status|p1a: ber|brn|[from] item: Flame Orb\n|upkeep\n|\n|t:|1695169918\n|switch|p1b: Cresselia|Cresselia, F|100\/100\n|switch|p2b: Iron Bundle|Iron Bundle|100\/100\n|turn|6\n|\n|t:|1695169929\n|-end|p2a: Iron Hands|Quark Drive|[silent]\n|switch|p2a: Tapu Koko|Tapu Koko|100\/100\n|-fieldstart|move: Electric Terrain|[from] ability: Electric Surge|[of] p2a: Tapu Koko\n|-activate|p2b: Iron Bundle|ability: Quark Drive\n|-start|p2b: Iron Bundle|quarkdrivespe\n|move|p1a: ber|Protect|p1a: ber\n|-singleturn|p1a: ber|Protect\n|move|p2b: Iron Bundle|Blizzard|p1a: ber|[spread] p1b\n|-activate|p1a: ber|move: Protect\n|-crit|p1b: Cresselia\n|-damage|p1b: Cresselia|45\/100\n|move|p1b: Cresselia|Trick Room|p1b: Cresselia\n|-fieldstart|move: Trick Room|[of] p1b: Cresselia\n|\n|-heal|p1b: Cresselia|51\/100|[from] item: Leftovers\n|-damage|p1a: ber|41\/100 brn|[from] brn\n|upkeep\n|turn|7\n|j| S1r.sweepsaLot\n|\n|t:|1695169955\n|move|p1a: ber|Earthquake|p2b: Iron Bundle|[spread] p2a,p2b\n|-immune|p1b: Cresselia|[from] ability: Levitate\n|-supereffective|p2a: Tapu Koko\n|-damage|p2a: Tapu Koko|0 fnt\n|-damage|p2b: Iron Bundle|22\/100\n|faint|p2a: Tapu Koko\n|move|p1b: Cresselia|Lunar Blessing|p1b: Cresselia|[spread] p1a,p1b\n|-heal|p1a: ber|65\/100 brn\n|-curestatus|p1a: ber|brn|[msg]\n|-heal|p1b: Cresselia|76\/100\n|move|p2b: Iron Bundle|Blizzard|p1b: Cresselia|[spread] p1b\n|-miss|p2b: Iron Bundle|p1a: ber\n|-damage|p1b: Cresselia|42\/100\n|\n|-heal|p1b: Cresselia|48\/100|[from] item: Leftovers\n|-status|p1a: ber|brn|[from] item: Flame Orb\n|upkeep\n|\n|t:|1695169973\n|switch|p2a: Iron Hands|Iron Hands|57\/100\n|-activate|p2a: Iron Hands|ability: Quark Drive\n|-start|p2a: Iron Hands|quarkdriveatk\n|turn|8\n|c|\u2606MathHacker|oh that was a nice miss lmao\n|\n|t:|1695169983\n|move|p1a: ber|Earthquake|p2b: Iron Bundle|[spread] p2a,p2b\n|-immune|p1b: Cresselia|[from] ability: Levitate\n|-supereffective|p2a: Iron Hands\n|-damage|p2a: Iron Hands|0 fnt\n|-damage|p2b: Iron Bundle|0 fnt\n|faint|p2a: Iron Hands\n|-end|p2a: Iron Hands|Quark Drive|[silent]\n|faint|p2b: Iron Bundle\n|-end|p2b: Iron Bundle|Quark Drive|[silent]\n|move|p1b: Cresselia|Lunar Blessing|p1b: Cresselia|[spread] p1a,p1b\n|-heal|p1a: ber|90\/100 brn\n|-curestatus|p1a: ber|brn|[msg]\n|-heal|p1b: Cresselia|73\/100\n|\n|-heal|p1b: Cresselia|80\/100|[from] item: Leftovers\n|-status|p1a: ber|brn|[from] item: Flame Orb\n|upkeep\n|\n|t:|1695169989\n|switch|p2b: Arctozolt|Arctozolt|100\/100\n|turn|9\n|\n|t:|1695170013\n|move|p1a: ber|Facade|p2b: Arctozolt\n|-damage|p2b: Arctozolt|0 fnt\n|faint|p2b: Arctozolt\n|\n|win|MathHacker\n|raw|MathHacker's rating: 1415 &rarr; <strong>1444<\/strong><br \/>(+29 for winning)\n|raw|cooolguy420's rating: 1594 &rarr; <strong>1565<\/strong><br \/>(-29 for losing)\n|l|\u2606cooolguy420\n","uploadtime":1695170026,"views":5,"p1id":"mathhacker","p2id":"cooolguy420","formatid":"gen9nationaldexdoubles","rating":1444,"private":0,"password":""}