{"id":"gen9nationaldexdoubles-1973073515","p1":"AdvancedDigit","p2":"Meanest Sho'nuff","format":"[Gen 9] National Dex Doubles","log":"|j|\u2606AdvancedDigit\n|j|\u2606Meanest Sho'nuff\n|t:|1697924675\n|gametype|doubles\n|player|p1|AdvancedDigit|hilbert|1318\n|player|p2|Meanest Sho'nuff|cynthia|1320\n|teamsize|p1|6\n|teamsize|p2|6\n|gen|9\n|tier|[Gen 9] National Dex Doubles\n|rated|\n|rule|HP Percentage Mod: HP is shown in percentages\n|rule|Endless Battle Clause: Forcing endless battles is banned\n|rule|OHKO Clause: OHKO moves are banned\n|rule|Evasion Moves Clause: Evasion moves are banned\n|rule|Evasion Abilities Clause: Evasion abilities are banned\n|rule|Species Clause: Limit one of each Pok\u00e9mon\n|rule|Gravity Sleep Clause: The combination of sleep-inducing moves with imperfect accuracy and Gravity or Gigantamax Orbeetle are banned\n|clearpoke\n|poke|p1|Lilligant-Hisui, F|\n|poke|p1|Tornadus, M|\n|poke|p1|Malamar, F|\n|poke|p1|Gothitelle, M|\n|poke|p1|Charizard, M|\n|poke|p1|Garchomp, F|\n|poke|p2|Landorus-Therian, M|\n|poke|p2|Blastoise, M|\n|poke|p2|Blaziken, M|\n|poke|p2|Weezing-Galar, M|\n|poke|p2|Shaymin-Sky|\n|poke|p2|Type: Null|\n|teampreview\n|\n|t:|1697924691\n|start\n|switch|p1a: Garchomp|Garchomp, F|100\/100\n|switch|p1b: Tornadus|Tornadus, M|100\/100\n|switch|p2a: Landorus|Landorus-Therian, M|100\/100\n|switch|p2b: Shaymin|Shaymin-Sky|100\/100\n|-ability|p2a: Landorus|Intimidate|boost\n|-unboost|p1a: Garchomp|atk|1\n|-unboost|p1b: Tornadus|atk|1\n|turn|1\n|\n|t:|1697924703\n|switch|p2b: Weezing|Weezing-Galar, M|100\/100\n|-ability|p2b: Weezing|Neutralizing Gas\n|move|p1b: Tornadus|Icy Wind|p2a: Landorus|[spread] p2a,p2b\n|-supereffective|p2a: Landorus\n|-damage|p2a: Landorus|30\/100\n|-damage|p2b: Weezing|82\/100\n|-unboost|p2a: Landorus|spe|1\n|-unboost|p2b: Weezing|spe|1\n|move|p1a: Garchomp|Dragon Claw|p2b: Weezing\n|-immune|p2b: Weezing\n|move|p2a: Landorus|Stone Edge|p1b: Tornadus\n|-supereffective|p1b: Tornadus\n|-damage|p1b: Tornadus|0 fnt\n|faint|p1b: Tornadus\n|\n|-heal|p2b: Weezing|88\/100|[from] item: Leftovers\n|upkeep\n|\n|t:|1697924715\n|switch|p1b: Charizard|Charizard, M|100\/100\n|turn|2\n|\n|t:|1697924727\n|detailschange|p1b: Charizard|Charizard-Mega-Y, M\n|-mega|p1b: Charizard|Charizard|Charizardite Y\n|move|p1a: Garchomp|Iron Head|p2b: Weezing\n|-supereffective|p2b: Weezing\n|-damage|p2b: Weezing|55\/100\n|move|p1b: Charizard|Heat Wave|p2b: Weezing|[spread] p2a,p2b\n|-crit|p2b: Weezing\n|-damage|p2a: Landorus|0 fnt\n|-damage|p2b: Weezing|0 fnt\n|faint|p2a: Landorus\n|faint|p2b: Weezing\n|-end|p2b: Weezing|ability: Neutralizing Gas\n|-weather|SunnyDay|[from] ability: Drought|[of] p1b: Charizard\n|\n|-weather|SunnyDay|[upkeep]\n|upkeep\n|\n|t:|1697924742\n|switch|p2a: Shaymin|Shaymin-Sky|100\/100\n|switch|p2b: Blaziken|Blaziken, M|100\/100\n|turn|3\n|\n|t:|1697924761\n|-terastallize|p2b: Blaziken|Fire\n|-zpower|p2a: Shaymin\n|move|p2a: Shaymin|Twinkle Tackle|p1a: Garchomp|[zeffect]\n|-supereffective|p1a: Garchomp\n|-damage|p1a: Garchomp|0 fnt\n|faint|p1a: Garchomp\n|move|p1b: Charizard|Heat Wave|p2a: Shaymin|[spread] p2a,p2b\n|-supereffective|p2a: Shaymin\n|-resisted|p2b: Blaziken\n|-damage|p2a: Shaymin|0 fnt\n|-damage|p2b: Blaziken|50\/100\n|faint|p2a: Shaymin\n|move|p2b: Blaziken|Blaze Kick|p1b: Charizard\n|-resisted|p1b: Charizard\n|-damage|p1b: Charizard|18\/100\n|-damage|p2b: Blaziken|40\/100|[from] item: Life Orb\n|\n|-weather|SunnyDay|[upkeep]\n|-ability|p2b: Blaziken|Speed Boost|boost\n|-boost|p2b: Blaziken|spe|1\n|upkeep\n|\n|t:|1697924774\n|switch|p2a: Blastoise|Blastoise, M|100\/100\n|switch|p1a: Lilligant|Lilligant-Hisui, F|100\/100\n|turn|4\n|\n|t:|1697924790\n|detailschange|p2a: Blastoise|Blastoise-Mega, M\n|-mega|p2a: Blastoise|Blastoise|Blastoisinite\n|move|p1a: Lilligant|Leaf Blade|p2a: Blastoise\n|-supereffective|p2a: Blastoise\n|-damage|p2a: Blastoise|12\/100\n|move|p2b: Blaziken|Blaze Kick|p1a: Lilligant\n|-supereffective|p1a: Lilligant\n|-damage|p1a: Lilligant|0 fnt\n|faint|p1a: Lilligant\n|-damage|p2b: Blaziken|30\/100|[from] item: Life Orb\n|move|p1b: Charizard|Heat Wave|p2a: Blastoise|[spread] p2a,p2b\n|-resisted|p2a: Blastoise\n|-resisted|p2b: Blaziken\n|-damage|p2a: Blastoise|0 fnt\n|-damage|p2b: Blaziken|0 fnt\n|faint|p2a: Blastoise\n|faint|p2b: Blaziken\n|\n|-weather|SunnyDay|[upkeep]\n|upkeep\n|\n|t:|1697924802\n|switch|p1a: Malamar|Malamar, F|100\/100\n|switch|p2b: Type: Null|Type: Null|100\/100\n|turn|5\n|\n|t:|1697924806\n|move|p1b: Charizard|Heat Wave|p2b: Type: Null\n|-damage|p2b: Type: Null|42\/100\n|move|p1a: Malamar|Superpower|p2b: Type: Null\n|-supereffective|p2b: Type: Null\n|-damage|p2b: Type: Null|0 fnt\n|-boost|p1a: Malamar|atk|1\n|-boost|p1a: Malamar|def|1\n|faint|p2b: Type: Null\n|\n|win|AdvancedDigit\n|raw|AdvancedDigit's rating: 1318 &rarr; <strong>1338<\/strong><br \/>(+20 for winning)\n|raw|Meanest Sho&apos;nuff's rating: 1320 &rarr; <strong>1300<\/strong><br \/>(-20 for losing)\n|c|\u2606AdvancedDigit|gg\n|l|\u2606Meanest Sho'nuff\n","uploadtime":1697924813,"views":6,"p1id":"advanceddigit","p2id":"meanestshonuff","formatid":"gen9nationaldexdoubles","rating":1300,"private":0,"password":""}