{"id":"gen9nationaldexdoubles-1998738009","p1":"eris52","p2":"Okto481","format":"[Gen 9] National Dex Doubles","log":"|j|\u2606eris52\n|j|\u2606Okto481\n|t:|1700980732\n|gametype|doubles\n|player|p1|eris52|102|\n|player|p2|Okto481|1|\n|teamsize|p1|6\n|teamsize|p2|6\n|gen|9\n|tier|[Gen 9] National Dex Doubles\n|rule|HP Percentage Mod: HP is shown in percentages\n|rule|Endless Battle Clause: Forcing endless battles is banned\n|rule|OHKO Clause: OHKO moves are banned\n|rule|Evasion Moves Clause: Evasion moves are banned\n|rule|Evasion Abilities Clause: Evasion abilities are banned\n|rule|Species Clause: Limit one of each Pok\u00e9mon\n|rule|Gravity Sleep Clause: The combination of sleep-inducing moves with imperfect accuracy and Gravity or Gigantamax Orbeetle are banned\n|clearpoke\n|poke|p1|Scovillain, M|\n|poke|p1|Torkoal, F|\n|poke|p1|Great Tusk|\n|poke|p1|Houndoom, M|\n|poke|p1|Tapu Lele|\n|poke|p1|Rotom-Wash|\n|poke|p2|Tapu Lele|\n|poke|p2|Gardevoir, F|\n|poke|p2|Gallade, M|\n|poke|p2|Indeedee-F, F|\n|poke|p2|Dottler, F|\n|poke|p2|Armarouge, M|\n|teampreview\n|\n|t:|1700980746\n|start\n|switch|p1a: Torkoal|Torkoal, F|100\/100\n|switch|p1b: Scovillain|Scovillain, M|100\/100\n|switch|p2a: Dottler|Dottler, F|100\/100\n|switch|p2b: Indeedee|Indeedee-F, F|100\/100\n|-fieldstart|move: Psychic Terrain|[from] ability: Psychic Surge|[of] p2b: Indeedee\n|-weather|SunnyDay|[from] ability: Drought|[of] p1a: Torkoal\n|turn|1\n|\n|t:|1700980762\n|-terastallize|p2b: Indeedee|Fire\n|move|p2b: Indeedee|Follow Me|p2b: Indeedee\n|-singleturn|p2b: Indeedee|move: Follow Me\n|move|p1b: Scovillain|Fire Blast|p2b: Indeedee\n|-resisted|p2b: Indeedee\n|-damage|p2b: Indeedee|40\/100\n|-damage|p1b: Scovillain|91\/100|[from] item: Life Orb\n|move|p2a: Dottler|Sticky Web|p1a: Torkoal\n|-sidestart|p1: eris52|move: Sticky Web\n|move|p1a: Torkoal|Lava Plume|p2b: Indeedee|[spread] p1b,p2a,p2b\n|-supereffective|p2a: Dottler\n|-resisted|p2b: Indeedee\n|-damage|p1b: Scovillain|45\/100\n|-damage|p2a: Dottler|69\/100\n|-damage|p2b: Indeedee|24\/100\n|\n|-weather|SunnyDay|[upkeep]\n|upkeep\n|turn|2\n|\n|t:|1700980780\n|move|p2b: Indeedee|Follow Me|p2b: Indeedee\n|-singleturn|p2b: Indeedee|move: Follow Me\n|move|p1b: Scovillain|Stomping Tantrum|p2b: Indeedee\n|-supereffective|p2b: Indeedee\n|-damage|p2b: Indeedee|0 fnt\n|faint|p2b: Indeedee\n|-damage|p1b: Scovillain|35\/100|[from] item: Life Orb\n|move|p2a: Dottler|Skill Swap|p1b: Scovillain\n|-activate|p2a: Dottler|move: Skill Swap|Chlorophyll|Swarm|[of] p1b: Scovillain\n|move|p1a: Torkoal|Lava Plume|p2a: Dottler|[spread] p1b,p2a\n|-crit|p1b: Scovillain\n|-supereffective|p2a: Dottler\n|-damage|p1b: Scovillain|0 fnt\n|-damage|p2a: Dottler|34\/100\n|faint|p1b: Scovillain\n|\n|-weather|SunnyDay|[upkeep]\n|upkeep\n|\n|t:|1700980803\n|switch|p2b: Armarouge|Armarouge, M|100\/100\n|switch|p1b: Rotom|Rotom-Wash|100\/100\n|turn|3\n|\n|t:|1700980817\n|switch|p2a: Gardevoir|Gardevoir, F|100\/100\n|-ability|p2a: Gardevoir|Levitate|[from] ability: Trace|[of] p1b: Rotom\n|move|p2b: Armarouge|Protect|p2b: Armarouge\n|-singleturn|p2b: Armarouge|Protect\n|move|p1b: Rotom|Defog|p1a: Torkoal\n|-unboost|p1a: Torkoal|evasion|1\n|-sideend|p1: eris52|Sticky Web|[from] move: Defog|[of] p1b: Rotom\n|-fieldend|move: Psychic Terrain\n|move|p1a: Torkoal|Lava Plume|p2b: Armarouge|[spread] p1b,p2a\n|-activate|p2b: Armarouge|move: Protect\n|-resisted|p1b: Rotom\n|-damage|p1b: Rotom|90\/100\n|-damage|p2a: Gardevoir|72\/100\n|-status|p1b: Rotom|brn\n|\n|-weather|SunnyDay|[upkeep]\n|-heal|p1b: Rotom|96\/100 brn|[from] item: Leftovers\n|-damage|p1b: Rotom|90\/100 brn|[from] brn\n|upkeep\n|turn|4\n|\n|t:|1700980839\n|switch|p2b: Tapu Lele|Tapu Lele|100\/100\n|-fieldstart|move: Psychic Terrain|[from] ability: Psychic Surge|[of] p2b: Tapu Lele\n|detailschange|p2a: Gardevoir|Gardevoir-Mega, F\n|-mega|p2a: Gardevoir|Gardevoir|Gardevoirite\n|move|p2a: Gardevoir|Hyper Voice|p1a: Torkoal|[spread] p1a,p1b\n|-resisted|p1a: Torkoal\n|-damage|p1a: Torkoal|65\/100\n|-damage|p1b: Rotom|49\/100 brn\n|move|p1b: Rotom|Volt Switch|p2a: Gardevoir\n|-damage|p2a: Gardevoir|49\/100\n|\n|t:|1700980852\n|switch|p1b: Houndoom|Houndoom, M|100\/100|[from] Volt Switch\n|move|p1a: Torkoal|Yawn|p2b: Tapu Lele\n|-start|p2b: Tapu Lele|move: Yawn|[of] p1a: Torkoal\n|\n|-weather|SunnyDay|[upkeep]\n|upkeep\n|turn|5\n|\n|t:|1700980862\n|switch|p2b: Armarouge|Armarouge, M|100\/100\n|detailschange|p1b: Houndoom|Houndoom-Mega, M\n|-mega|p1b: Houndoom|Houndoom|Houndoominite\n|move|p1b: Houndoom|Flamethrower|p2a: Gardevoir\n|-damage|p2a: Gardevoir|0 fnt\n|faint|p2a: Gardevoir\n|move|p1a: Torkoal|Lava Plume|p2b: Armarouge|[spread] p1b,p2b\n|-resisted|p1b: Houndoom\n|-resisted|p2b: Armarouge\n|-damage|p1b: Houndoom|82\/100\n|-damage|p2b: Armarouge|81\/100\n|\n|-weather|SunnyDay|[upkeep]\n|-damage|p1b: Houndoom|70\/100|[from] ability: Solar Power|[of] p1b: Houndoom\n|upkeep\n|\n|t:|1700980874\n|switch|p2a: Gallade|Gallade, M|100\/100\n|turn|6\n|\n|t:|1700980884\n|move|p2b: Armarouge|Protect|p2b: Armarouge\n|-singleturn|p2b: Armarouge|Protect\n|move|p1b: Houndoom|Dark Pulse|p2b: Armarouge\n|-activate|p2b: Armarouge|move: Protect\n|move|p2a: Gallade|Sacred Sword|p1b: Houndoom\n|-supereffective|p1b: Houndoom\n|-damage|p1b: Houndoom|0 fnt\n|faint|p1b: Houndoom\n|move|p1a: Torkoal|Lava Plume|p2a: Gallade|[spread] p2a\n|-activate|p2b: Armarouge|move: Protect\n|-damage|p2a: Gallade|71\/100\n|\n|-weather|SunnyDay|[upkeep]\n|upkeep\n|\n|t:|1700980890\n|switch|p1b: Tapu Lele|Tapu Lele|100\/100\n|turn|7\n|\n|t:|1700980901\n|move|p1b: Tapu Lele|Psyshock|p2a: Gallade\n|-damage|p2a: Gallade|0 fnt\n|faint|p2a: Gallade\n|move|p2b: Armarouge|Expanding Force|p1a: Torkoal|[spread] p1a,p1b\n|-resisted|p1b: Tapu Lele\n|-damage|p1a: Torkoal|0 fnt\n|-damage|p1b: Tapu Lele|67\/100\n|faint|p1a: Torkoal\n|\n|-weather|SunnyDay|[upkeep]\n|upkeep\n|\n|t:|1700980905\n|switch|p2a: Dottler|Dottler, F|34\/100\n|switch|p1a: Great Tusk|Great Tusk|100\/100\n|-activate|p1a: Great Tusk|ability: Protosynthesis\n|-start|p1a: Great Tusk|protosynthesisatk\n|turn|8\n|\n|t:|1700980920\n|move|p2b: Armarouge|Protect|p2b: Armarouge\n|-singleturn|p2b: Armarouge|Protect\n|move|p1b: Tapu Lele|Psyshock|p2a: Dottler\n|-resisted|p2a: Dottler\n|-damage|p2a: Dottler|11\/100\n|move|p1a: Great Tusk|Headlong Rush|p2b: Armarouge\n|-activate|p2b: Armarouge|move: Protect\n|move|p2a: Dottler|Reflect|p2a: Dottler\n|-sidestart|p2: Okto481|Reflect\n|\n|-weather|none\n|-end|p1a: Great Tusk|Protosynthesis\n|-fieldend|move: Psychic Terrain\n|upkeep\n|turn|9\n|\n|t:|1700980928\n|switch|p2a: Tapu Lele|Tapu Lele|100\/100\n|-fieldstart|move: Psychic Terrain|[from] ability: Psychic Surge|[of] p2a: Tapu Lele\n|move|p1b: Tapu Lele|Psyshock|p2a: Tapu Lele\n|-resisted|p2a: Tapu Lele\n|-damage|p2a: Tapu Lele|56\/100\n|move|p1a: Great Tusk|Headlong Rush|p2b: Armarouge\n|-supereffective|p2b: Armarouge\n|-damage|p2b: Armarouge|0 fnt\n|-unboost|p1a: Great Tusk|def|1\n|-unboost|p1a: Great Tusk|spd|1\n|faint|p2b: Armarouge\n|\n|upkeep\n|\n|t:|1700980933\n|switch|p2b: Dottler|Dottler, F|11\/100\n|turn|10\n|\n|t:|1700980958\n|-end|p1a: Great Tusk|Protosynthesis|[silent]\n|switch|p1a: Rotom|Rotom-Wash|49\/100 brn\n|-terastallize|p1b: Tapu Lele|Psychic\n|move|p1b: Tapu Lele|Psyshock|p2a: Tapu Lele\n|-resisted|p2a: Tapu Lele\n|-damage|p2a: Tapu Lele|1\/100\n|move|p2a: Tapu Lele|Psychic|p1a: Rotom\n|-damage|p1a: Rotom|0 fnt\n|faint|p1a: Rotom\n|move|p2b: Dottler|Body Press|p1b: Tapu Lele\n|-resisted|p1b: Tapu Lele\n|-damage|p1b: Tapu Lele|56\/100\n|\n|upkeep\n|\n|t:|1700980960\n|switch|p1a: Great Tusk|Great Tusk|100\/100\n|turn|11\n|\n|t:|1700980978\n|move|p2a: Tapu Lele|Psychic|p1a: Great Tusk\n|-supereffective|p1a: Great Tusk\n|-damage|p1a: Great Tusk|0 fnt\n|faint|p1a: Great Tusk\n|-end|p1a: Great Tusk|Protosynthesis|[silent]\n|move|p1b: Tapu Lele|Psyshock|p2a: Tapu Lele\n|-resisted|p2a: Tapu Lele\n|-damage|p2a: Tapu Lele|0 fnt\n|faint|p2a: Tapu Lele\n|move|p2b: Dottler|Body Press|p1b: Tapu Lele\n|-resisted|p1b: Tapu Lele\n|-damage|p1b: Tapu Lele|44\/100\n|\n|upkeep\n|turn|12\n|\n|t:|1700980982\n|move|p1b: Tapu Lele|Psyshock|p2b: Dottler\n|-resisted|p2b: Dottler\n|-damage|p2b: Dottler|0 fnt\n|faint|p2b: Dottler\n|\n|win|eris52\n|c|\u2606eris52|gg wp\n|c|\u2606Okto481|gg\n","uploadtime":1700981038,"views":6,"p1id":"eris52","p2id":"okto481","formatid":"gen9nationaldexdoubles","rating":0,"private":0,"password":""}