{"id":"gen9nationaldexdoubles-1947442957","p1":"Cad48","p2":"Fnafnightmare","format":"[Gen 9] National Dex Doubles","log":"|j|\u2606Cad48\n|j|\u2606Fnafnightmare\n|t:|1695161162\n|gametype|doubles\n|player|p1|Cad48|thorton|\n|player|p2|Fnafnightmare|red|\n|teamsize|p1|6\n|teamsize|p2|6\n|gen|9\n|tier|[Gen 9] National Dex Doubles\n|rule|HP Percentage Mod: HP is shown in percentages\n|rule|Endless Battle Clause: Forcing endless battles is banned\n|rule|OHKO Clause: OHKO moves are banned\n|rule|Evasion Moves Clause: Evasion moves are banned\n|rule|Evasion Abilities Clause: Evasion abilities are banned\n|rule|Species Clause: Limit one of each Pok\u00e9mon\n|rule|Gravity Sleep Clause: The combination of sleep-inducing moves with imperfect accuracy and Gravity or Gigantamax Orbeetle are banned\n|clearpoke\n|poke|p1|Indeedee-F, F|\n|poke|p1|Bronzong|\n|poke|p1|Hatterene, F|\n|poke|p1|Armarouge, F|\n|poke|p1|Rabsca, M|\n|poke|p1|Oranguru, M|\n|poke|p2|Iron Valiant|\n|poke|p2|Tinkaton, F|\n|poke|p2|Scizor, M|\n|poke|p2|Meowscarada, F|\n|poke|p2|Grimmsnarl, M|\n|poke|p2|Vikavolt, M|\n|teampreview\n|\n|t:|1695161172\n|start\n|switch|p1a: Indeedee|Indeedee-F, F|100\/100\n|switch|p1b: Hatterene|Hatterene, F|100\/100\n|switch|p2a: Grimmsnarl|Grimmsnarl, M|100\/100\n|switch|p2b: Tinkaton|Tinkaton, F|100\/100\n|-ability|p2b: Tinkaton|Mold Breaker\n|-fieldstart|move: Psychic Terrain|[from] ability: Psychic Surge|[of] p1a: Indeedee\n|turn|1\n|c|\u2606Cad48|glhf!\n|\n|t:|1695161212\n|switch|p2a: Vikavolt|Vikavolt, M|100\/100\n|move|p1a: Indeedee|Follow Me|p1a: Indeedee\n|-singleturn|p1a: Indeedee|move: Follow Me\n|move|p2b: Tinkaton|Gigaton Hammer|p1a: Indeedee\n|-damage|p1a: Indeedee|28\/100\n|move|p1b: Hatterene|Trick Room|p1b: Hatterene\n|-fieldstart|move: Trick Room|[of] p1b: Hatterene\n|\n|upkeep\n|turn|2\n|\n|t:|1695161237\n|move|p1a: Indeedee|Helping Hand|p1b: Hatterene\n|-singleturn|p1b: Hatterene|Helping Hand|[of] p1a: Indeedee\n|move|p1b: Hatterene|Dazzling Gleam|p2b: Tinkaton|[spread] p2a,p2b\n|-resisted|p2b: Tinkaton\n|-damage|p2a: Vikavolt|40\/100\n|-damage|p2b: Tinkaton|81\/100\n|move|p2a: Vikavolt|Bug Buzz|p1a: Indeedee\n|-supereffective|p1a: Indeedee\n|-damage|p1a: Indeedee|0 fnt\n|faint|p1a: Indeedee\n|move|p2b: Tinkaton|Play Rough|p1b: Hatterene\n|-damage|p1b: Hatterene|69\/100\n|\n|upkeep\n|\n|t:|1695161254\n|switch|p1a: Bronzong|Bronzong|100\/100\n|turn|3\n|\n|t:|1695161264\n|move|p1a: Bronzong|Reflect|p1a: Bronzong\n|-sidestart|p1: Cad48|Reflect\n|move|p1b: Hatterene|Expanding Force|p2b: Tinkaton|[spread] p2a,p2b\n|-resisted|p2b: Tinkaton\n|-damage|p2a: Vikavolt|0 fnt\n|-damage|p2b: Tinkaton|56\/100\n|faint|p2a: Vikavolt\n|move|p2b: Tinkaton|Gigaton Hammer|p1a: Bronzong\n|-resisted|p1a: Bronzong\n|-damage|p1a: Bronzong|86\/100\n|\n|upkeep\n|\n|t:|1695161278\n|switch|p2a: Scizor|Scizor, M|100\/100\n|turn|4\n|\n|t:|1695161294\n|switch|p2b: Grimmsnarl|Grimmsnarl, M|100\/100\n|-terastallize|p1b: Hatterene|Fire\n|move|p1a: Bronzong|Light Screen|p1a: Bronzong\n|-sidestart|p1: Cad48|move: Light Screen\n|move|p1b: Hatterene|Mystical Fire|p2a: Scizor\n|-supereffective|p2a: Scizor\n|-damage|p2a: Scizor|0 fnt\n|faint|p2a: Scizor\n|\n|upkeep\n|\n|t:|1695161315\n|switch|p2a: Tinkaton|Tinkaton, F|56\/100\n|-ability|p2a: Tinkaton|Mold Breaker\n|turn|5\n|\n|t:|1695161341\n|move|p2b: Grimmsnarl|Trick|p1b: Hatterene\n|-activate|p1b: Hatterene|move: Psychic Terrain\n|move|p2a: Tinkaton|Play Rough|p1a: Bronzong\n|-resisted|p1a: Bronzong\n|-damage|p1a: Bronzong|79\/100\n|move|p1a: Bronzong|Trick Room|p1a: Bronzong\n|-fieldend|move: Trick Room\n|move|p1b: Hatterene|Trick Room|p1b: Hatterene\n|-fieldstart|move: Trick Room|[of] p1b: Hatterene\n|\n|upkeep\n|turn|6\n|c|\u2606Cad48|no priority on psyterrain\n|\n|t:|1695161381\n|move|p2b: Grimmsnarl|Light Screen|p2b: Grimmsnarl\n|-sidestart|p2: Fnafnightmare|move: Light Screen\n|move|p1a: Bronzong|Gyro Ball|p2b: Grimmsnarl\n|-supereffective|p2b: Grimmsnarl\n|-damage|p2b: Grimmsnarl|52\/100\n|move|p1b: Hatterene|Mystical Fire|p2a: Tinkaton\n|-supereffective|p2a: Tinkaton\n|-damage|p2a: Tinkaton|12\/100\n|-unboost|p2a: Tinkaton|spa|1\n|move|p2a: Tinkaton|Play Rough|p1b: Hatterene\n|-resisted|p1b: Hatterene\n|-damage|p1b: Hatterene|58\/100\n|\n|upkeep\n|turn|7\n|\n|t:|1695161403\n|move|p2b: Grimmsnarl|Taunt|p1a: Bronzong\n|-start|p1a: Bronzong|move: Taunt\n|move|p1a: Bronzong|Gyro Ball|p2b: Grimmsnarl\n|-supereffective|p2b: Grimmsnarl\n|-damage|p2b: Grimmsnarl|6\/100\n|move|p1b: Hatterene|Dazzling Gleam|p2a: Tinkaton|[spread] p2a,p2b\n|-resisted|p2a: Tinkaton\n|-supereffective|p2b: Grimmsnarl\n|-damage|p2a: Tinkaton|3\/100\n|-damage|p2b: Grimmsnarl|0 fnt\n|faint|p2b: Grimmsnarl\n|move|p2a: Tinkaton|Gigaton Hammer|p1b: Hatterene\n|-resisted|p1b: Hatterene\n|-damage|p1b: Hatterene|39\/100\n|\n|upkeep\n|\n|t:|1695161409\n|switch|p2b: Meowscarada|Meowscarada, F, shiny|100\/100\n|turn|8\n|\n|t:|1695161429\n|move|p1a: Bronzong|Gyro Ball|p2b: Meowscarada\n|-damage|p2b: Meowscarada|45\/100\n|move|p1b: Hatterene|Dazzling Gleam|p2b: Meowscarada|[spread] p2a,p2b\n|-resisted|p2a: Tinkaton\n|-supereffective|p2b: Meowscarada\n|-damage|p2a: Tinkaton|0 fnt\n|-damage|p2b: Meowscarada|0 fnt\n|faint|p2a: Tinkaton\n|faint|p2b: Meowscarada\n|\n|-fieldend|move: Psychic Terrain\n|upkeep\n|\n|t:|1695161436\n|switch|p2b: Iron Valiant|Iron Valiant|100\/100\n|-enditem|p2b: Iron Valiant|Booster Energy\n|-activate|p2b: Iron Valiant|ability: Quark Drive|[fromitem]\n|-start|p2b: Iron Valiant|quarkdriveatk\n|turn|9\n|\n|t:|1695161464\n|-terastallize|p2b: Iron Valiant|Steel\n|move|p1a: Bronzong|Gyro Ball|p2b: Iron Valiant\n|-resisted|p2b: Iron Valiant\n|-damage|p2b: Iron Valiant|75\/100\n|move|p1b: Hatterene|Dazzling Gleam|p2b: Iron Valiant\n|-resisted|p2b: Iron Valiant\n|-damage|p2b: Iron Valiant|44\/100\n|move|p2b: Iron Valiant|Knock Off|p1b: Hatterene\n|-damage|p1b: Hatterene|4\/100\n|-enditem|p1b: Hatterene|Focus Sash|[from] move: Knock Off|[of] p2b: Iron Valiant\n|\n|-end|p1a: Bronzong|move: Taunt\n|-fieldend|move: Trick Room\n|upkeep\n|turn|10\n|\n|t:|1695161483\n|move|p2b: Iron Valiant|Knock Off|p1b: Hatterene\n|-damage|p1b: Hatterene|0 fnt\n|faint|p1b: Hatterene\n|move|p1a: Bronzong|Trick Room|p1a: Bronzong\n|-fieldstart|move: Trick Room|[of] p1a: Bronzong\n|\n|-sideend|p1: Cad48|Reflect\n|-sideend|p2: Fnafnightmare|move: Light Screen\n|upkeep\n|\n|t:|1695161489\n|switch|p1b: Armarouge|Armarouge, F|100\/100\n|turn|11\n|\n|t:|1695161496\n|move|p1a: Bronzong|Reflect|p1a: Bronzong\n|-sidestart|p1: Cad48|Reflect\n|move|p1b: Armarouge|Armor Cannon|p2b: Iron Valiant\n|-supereffective|p2b: Iron Valiant\n|-crit|p2b: Iron Valiant\n|-damage|p2b: Iron Valiant|0 fnt\n|-unboost|p1b: Armarouge|def|1\n|-unboost|p1b: Armarouge|spd|1\n|faint|p2b: Iron Valiant\n|-end|p2b: Iron Valiant|Quark Drive|[silent]\n|\n|win|Cad48\n|c|\u2606Fnafnightmare|Gg\n|c|\u2606Cad48|gg\n","uploadtime":1695161520,"views":4,"p1id":"cad48","p2id":"fnafnightmare","formatid":"gen9nationaldexdoubles","rating":0,"private":0,"password":""}