{"id":"gen9nationaldexdoubles-1980418678","p1":"kitsu-aria","p2":"Silent Cosmos","format":"[Gen 9] National Dex Doubles","log":"|j|\u2606kitsu-aria\n|j|\u2606Silent Cosmos\n|t:|1698783212\n|gametype|doubles\n|player|p1|kitsu-aria|roxie|1503\n|player|p2|Silent Cosmos|piers|1440\n|teamsize|p1|6\n|teamsize|p2|6\n|gen|9\n|tier|[Gen 9] National Dex Doubles\n|rated|\n|rule|HP Percentage Mod: HP is shown in percentages\n|rule|Endless Battle Clause: Forcing endless battles is banned\n|rule|OHKO Clause: OHKO moves are banned\n|rule|Evasion Moves Clause: Evasion moves are banned\n|rule|Evasion Abilities Clause: Evasion abilities are banned\n|rule|Species Clause: Limit one of each Pok\u00e9mon\n|rule|Gravity Sleep Clause: The combination of sleep-inducing moves with imperfect accuracy and Gravity or Gigantamax Orbeetle are banned\n|clearpoke\n|poke|p1|Kyurem-Black|\n|poke|p1|Kingambit, M|\n|poke|p1|Gothorita, F|\n|poke|p1|Urshifu-*, M|\n|poke|p1|Salamence, F|\n|poke|p1|Deoxys-Attack|\n|poke|p2|Tyrantrum, M|\n|poke|p2|Stakataka|\n|poke|p2|Volcanion|\n|poke|p2|Salamence, F|\n|poke|p2|Marshadow|\n|poke|p2|Rillaboom, M|\n|teampreview\n|inactive|Battle timer is ON: inactive players will automatically lose when time's up. (requested by Silent Cosmos)\n|inactive|Silent Cosmos has 120 seconds left.\n|c|\u2606Silent Cosmos|Glhg\n|\n|t:|1698783263\n|start\n|switch|p1a: Kingambit|Kingambit, M|100\/100\n|switch|p1b: Deoxys|Deoxys-Attack|100\/100\n|switch|p2a: Salamence|Salamence, F|100\/100\n|switch|p2b: Rillaboom|Rillaboom, M|100\/100\n|-ability|p1b: Deoxys|Pressure\n|-ability|p2a: Salamence|Intimidate|boost\n|-unboost|p1a: Kingambit|atk|1\n|-ability|p1a: Kingambit|Defiant|boost\n|-boost|p1a: Kingambit|atk|2\n|-unboost|p1b: Deoxys|atk|1\n|-fieldstart|move: Grassy Terrain|[from] ability: Grassy Surge|[of] p2b: Rillaboom\n|turn|1\n|\n|t:|1698783285\n|detailschange|p2a: Salamence|Salamence-Mega, F\n|-mega|p2a: Salamence|Salamence|Salamencite\n|move|p1b: Deoxys|Protect|p1b: Deoxys\n|-singleturn|p1b: Deoxys|Protect\n|move|p2b: Rillaboom|Fake Out|p1b: Deoxys\n|-activate|p1b: Deoxys|move: Protect\n|move|p2a: Salamence|Hyper Voice|p1a: Kingambit|[spread] p1a\n|-activate|p1b: Deoxys|move: Protect\n|-resisted|p1a: Kingambit\n|-damage|p1a: Kingambit|83\/100\n|move|p1a: Kingambit|Knock Off|p2b: Rillaboom\n|-damage|p2b: Rillaboom|7\/100\n|-enditem|p2b: Rillaboom|Assault Vest|[from] move: Knock Off|[of] p1a: Kingambit\n|\n|-heal|p2b: Rillaboom|14\/100|[from] Grassy Terrain\n|-heal|p1a: Kingambit|90\/100|[from] Grassy Terrain\n|upkeep\n|turn|2\n|\n|t:|1698783309\n|move|p2b: Rillaboom|Grassy Glide|p1b: Deoxys\n|-enditem|p1b: Deoxys|Focus Sash\n|-damage|p1b: Deoxys|1\/100\n|move|p1b: Deoxys|Ice Beam|p2a: Salamence\n|-supereffective|p2a: Salamence\n|-damage|p2a: Salamence|0 fnt\n|faint|p2a: Salamence\n|move|p1a: Kingambit|Swords Dance|p1a: Kingambit\n|-boost|p1a: Kingambit|atk|2\n|\n|-heal|p1b: Deoxys|7\/100|[from] Grassy Terrain\n|-heal|p2b: Rillaboom|20\/100|[from] Grassy Terrain\n|-heal|p1a: Kingambit|96\/100|[from] Grassy Terrain\n|upkeep\n|inactive|Silent Cosmos has 120 seconds left.\n|\n|t:|1698783336\n|switch|p2a: Stakataka|Stakataka|100\/100\n|turn|3\n|\n|t:|1698783347\n|switch|p1b: Gothorita|Gothorita, F|100\/100\n|move|p2b: Rillaboom|Grassy Glide|p1b: Gothorita\n|-damage|p1b: Gothorita|60\/100\n|move|p1a: Kingambit|Knock Off|p2a: Stakataka\n|-damage|p2a: Stakataka|0 fnt\n|-enditem|p2a: Stakataka|Life Orb|[from] move: Knock Off|[of] p1a: Kingambit\n|faint|p2a: Stakataka\n|\n|-heal|p2b: Rillaboom|26\/100|[from] Grassy Terrain\n|-heal|p1a: Kingambit|100\/100|[from] Grassy Terrain\n|-heal|p1b: Gothorita|67\/100|[from] Grassy Terrain\n|upkeep\n|inactive|Silent Cosmos has 120 seconds left.\n|\n|t:|1698783367\n|switch|p2a: Volcanion|Volcanion|100\/100\n|turn|4\n|\n|t:|1698783383\n|move|p1b: Gothorita|Fake Out|p2b: Rillaboom\n|-damage|p2b: Rillaboom|21\/100\n|move|p1a: Kingambit|Sucker Punch|p2a: Volcanion\n|-crit|p2a: Volcanion\n|-damage|p2a: Volcanion|0 fnt\n|faint|p2a: Volcanion\n|cant|p2b: Rillaboom|flinch\n|\n|-heal|p2b: Rillaboom|27\/100|[from] Grassy Terrain\n|-heal|p1b: Gothorita|73\/100|[from] Grassy Terrain\n|upkeep\n|inactive|Silent Cosmos has 120 seconds left.\n|\n|t:|1698783395\n|switch|p2a: Marshadow|Marshadow|100\/100\n|turn|5\n|\n|t:|1698783406\n|-terastallize|p2b: Rillaboom|Grass\n|move|p2a: Marshadow|Protect|p2a: Marshadow\n|-singleturn|p2a: Marshadow|Protect\n|move|p1a: Kingambit|Protect|p1a: Kingambit\n|-singleturn|p1a: Kingambit|Protect\n|move|p2b: Rillaboom|Wood Hammer|p1a: Kingambit\n|-activate|p1a: Kingambit|move: Protect\n|move|p1b: Gothorita|Psychic|p2a: Marshadow\n|-activate|p2a: Marshadow|move: Protect\n|\n|-heal|p2b: Rillaboom|33\/100|[from] Grassy Terrain\n|-heal|p1b: Gothorita|79\/100|[from] Grassy Terrain\n|-fieldend|move: Grassy Terrain\n|upkeep\n|turn|6\n|\n|t:|1698783427\n|move|p1a: Kingambit|Sucker Punch|p2a: Marshadow\n|-damage|p2a: Marshadow|0 fnt\n|faint|p2a: Marshadow\n|move|p2b: Rillaboom|Wood Hammer|p1b: Gothorita\n|-damage|p1b: Gothorita|0 fnt\n|faint|p1b: Gothorita\n|-damage|p2b: Rillaboom|12\/100|[from] Recoil\n|\n|upkeep\n|\n|t:|1698783437\n|switch|p2a: Tyrantrum|Tyrantrum, M, shiny|100\/100\n|switch|p1b: Deoxys|Deoxys-Attack|7\/100\n|-ability|p1b: Deoxys|Pressure\n|turn|7\n|c|\u2606Silent Cosmos|Ggs\n|\n|t:|1698783456\n|move|p1b: Deoxys|Ice Beam|p2b: Rillaboom\n|-supereffective|p2b: Rillaboom\n|-damage|p2b: Rillaboom|0 fnt\n|faint|p2b: Rillaboom\n|move|p2a: Tyrantrum|Close Combat|p1a: Kingambit\n|-supereffective|p1a: Kingambit\n|-damage|p1a: Kingambit|0 fnt\n|-unboost|p2a: Tyrantrum|def|1\n|-unboost|p2a: Tyrantrum|spd|1\n|faint|p1a: Kingambit\n|\n|upkeep\n|c|\u2606kitsu-aria|Ggs\n|\n|t:|1698783465\n|switch|p1a: Urshifu|Urshifu-Rapid-Strike, M|100\/100\n|turn|8\n|\n|t:|1698783469\n|move|p1b: Deoxys|Ice Beam|p2a: Tyrantrum\n|-supereffective|p2a: Tyrantrum\n|-damage|p2a: Tyrantrum|0 fnt\n|faint|p2a: Tyrantrum\n|\n|win|kitsu-aria\n|raw|kitsu-aria's rating: 1503 &rarr; <strong>1519<\/strong><br \/>(+16 for winning)\n|raw|Silent Cosmos's rating: 1440 &rarr; <strong>1424<\/strong><br \/>(-16 for losing)\n|l|\u2606kitsu-aria\n","uploadtime":1698783481,"views":6,"p1id":"kitsuaria","p2id":"silentcosmos","formatid":"gen9nationaldexdoubles","rating":1424,"private":0,"password":""}