{"id":"gen9nationaldexdoubles-1994339765","p1":"xephos223","p2":"Vican259","format":"[Gen 9] National Dex Doubles","log":"|j|\u2606xephos223\n|j|\u2606Vican259\n|t:|1700432834\n|gametype|doubles\n|player|p1|xephos223|gambler|\n|player|p2|Vican259|bellelba|\n|teamsize|p1|6\n|teamsize|p2|6\n|gen|9\n|tier|[Gen 9] National Dex Doubles\n|rule|HP Percentage Mod: HP is shown in percentages\n|rule|Endless Battle Clause: Forcing endless battles is banned\n|rule|OHKO Clause: OHKO moves are banned\n|rule|Evasion Moves Clause: Evasion moves are banned\n|rule|Evasion Abilities Clause: Evasion abilities are banned\n|rule|Species Clause: Limit one of each Pok\u00e9mon\n|rule|Gravity Sleep Clause: The combination of sleep-inducing moves with imperfect accuracy and Gravity or Gigantamax Orbeetle are banned\n|clearpoke\n|poke|p1|Gallade, M|\n|poke|p1|Garchomp, F|\n|poke|p1|Magnezone|\n|poke|p1|Gastrodon, F|\n|poke|p1|Togekiss, F|\n|poke|p1|Lucario, M|\n|poke|p2|Stakataka|\n|poke|p2|Araquanid, F|\n|poke|p2|Buzzwole|\n|poke|p2|Guzzlord|\n|poke|p2|Blacephalon|\n|poke|p2|Celesteela|\n|teampreview\n|\n|t:|1700432846\n|start\n|switch|p1a: :)|Togekiss, F|100\/100\n|switch|p1b: Not a Mega|Lucario, M|100\/100\n|switch|p2a: Araquanid|Araquanid, F|100\/100\n|switch|p2b: Blacephalon|Blacephalon|100\/100\n|turn|1\n|\n|t:|1700432868\n|switch|p1b: Budget Swampert|Gastrodon, F|100\/100\n|move|p2b: Blacephalon|Fire Blast|p1b: Budget Swampert\n|-resisted|p1b: Budget Swampert\n|-damage|p1b: Budget Swampert|54\/100\n|move|p1a: :)|Air Slash|p2b: Blacephalon\n|-damage|p2b: Blacephalon|43\/100\n|move|p2a: Araquanid|Sticky Web|p1b: Budget Swampert\n|-sidestart|p1: xephos223|move: Sticky Web\n|\n|-heal|p1b: Budget Swampert|60\/100|[from] item: Leftovers\n|upkeep\n|turn|2\n|\n|t:|1700432889\n|switch|p2a: Stakataka|Stakataka|100\/100\n|move|p2b: Blacephalon|Fire Blast|p1a: :)\n|-crit|p1a: :)\n|-damage|p1a: :)|0 fnt\n|faint|p1a: :)\n|-ability|p2b: Blacephalon|Beast Boost|boost\n|-boost|p2b: Blacephalon|spa|1\n|move|p1b: Budget Swampert|Earthquake|p2b: Blacephalon|[spread] p2a,p2b\n|-supereffective|p2a: Stakataka\n|-supereffective|p2b: Blacephalon\n|-damage|p2a: Stakataka|49\/100\n|-damage|p2b: Blacephalon|0 fnt\n|faint|p2b: Blacephalon\n|\n|-heal|p1b: Budget Swampert|66\/100|[from] item: Leftovers\n|-heal|p2a: Stakataka|55\/100|[from] item: Leftovers\n|upkeep\n|\n|t:|1700432911\n|switch|p2b: Buzzwole|Buzzwole|100\/100\n|switch|p1a: Beep Boop|Magnezone|100\/100\n|-activate|p1a: Beep Boop|move: Sticky Web\n|-unboost|p1a: Beep Boop|spe|1\n|turn|3\n|\n|t:|1700432934\n|-terastallize|p1a: Beep Boop|Flying\n|move|p2b: Buzzwole|Hammer Arm|p1a: Beep Boop\n|-resisted|p1a: Beep Boop\n|-damage|p1a: Beep Boop|78\/100\n|-unboost|p2b: Buzzwole|spe|1\n|-damage|p2b: Buzzwole|84\/100|[from] item: Rocky Helmet|[of] p1a: Beep Boop\n|move|p1a: Beep Boop|Discharge|p2b: Buzzwole|[spread] p2a,p2b\n|-immune|p1b: Budget Swampert\n|-damage|p2a: Stakataka|29\/100\n|-damage|p2b: Buzzwole|44\/100\n|move|p1b: Budget Swampert|Earthquake|p2b: Buzzwole|[spread] p2a,p2b\n|-immune|p1a: Beep Boop\n|-supereffective|p2a: Stakataka\n|-resisted|p2b: Buzzwole\n|-damage|p2a: Stakataka|0 fnt\n|-damage|p2b: Buzzwole|39\/100\n|faint|p2a: Stakataka\n|\n|-heal|p2b: Buzzwole|45\/100|[from] item: Leftovers\n|-heal|p1b: Budget Swampert|72\/100|[from] item: Leftovers\n|upkeep\n|\n|t:|1700432953\n|switch|p2a: Celesteela|Celesteela|100\/100\n|turn|4\n|\n|t:|1700432971\n|move|p2a: Celesteela|Flamethrower|p1a: Beep Boop\n|-crit|p1a: Beep Boop\n|-damage|p1a: Beep Boop|39\/100\n|move|p2b: Buzzwole|Hammer Arm|p1b: Budget Swampert\n|-damage|p1b: Budget Swampert|24\/100\n|-unboost|p2b: Buzzwole|spe|1\n|move|p1a: Beep Boop|Discharge|p2b: Buzzwole|[spread] p2a,p2b\n|-immune|p1b: Budget Swampert\n|-supereffective|p2a: Celesteela\n|-damage|p2a: Celesteela|52\/100\n|-damage|p2b: Buzzwole|7\/100\n|-status|p2a: Celesteela|par\n|move|p1b: Budget Swampert|Surf|p2b: Buzzwole|[spread] p1a,p2a,p2b\n|-crit|p1a: Beep Boop\n|-damage|p1a: Beep Boop|0 fnt\n|-damage|p2a: Celesteela|30\/100 par\n|-damage|p2b: Buzzwole|0 fnt\n|faint|p1a: Beep Boop\n|faint|p2b: Buzzwole\n|\n|-heal|p1b: Budget Swampert|31\/100|[from] item: Leftovers\n|-heal|p2a: Celesteela|36\/100 par|[from] item: Leftovers\n|upkeep\n|\n|t:|1700433000\n|switch|p2b: Araquanid|Araquanid, F|100\/100\n|switch|p1a: OU|Garchomp, F|100\/100\n|-activate|p1a: OU|move: Sticky Web\n|-unboost|p1a: OU|spe|1\n|turn|5\n|\n|t:|1700433014\n|move|p2b: Araquanid|Protect|p2b: Araquanid\n|-singleturn|p2b: Araquanid|Protect\n|move|p1a: OU|Outrage|p2a: Celesteela\n|-resisted|p2a: Celesteela\n|-damage|p2a: Celesteela|11\/100 par\n|move|p1b: Budget Swampert|Surf|p2a: Celesteela|[spread] p1a,p2a\n|-activate|p2b: Araquanid|move: Protect\n|-damage|p1a: OU|68\/100\n|-damage|p2a: Celesteela|0 fnt\n|faint|p2a: Celesteela\n|\n|-heal|p1b: Budget Swampert|37\/100|[from] item: Leftovers\n|upkeep\n|\n|t:|1700433026\n|switch|p2a: Guzzlord|Guzzlord|100\/100\n|turn|6\n|\n|t:|1700433034\n|move|p1a: OU|Outrage|p2b: Araquanid|[from]lockedmove\n|-damage|p2b: Araquanid|35\/100\n|-zpower|p2a: Guzzlord\n|move|p2a: Guzzlord|Devastating Drake|p1a: OU|[zeffect]\n|-supereffective|p1a: OU\n|-damage|p1a: OU|0 fnt\n|faint|p1a: OU\n|-ability|p2a: Guzzlord|Beast Boost|boost\n|-boost|p2a: Guzzlord|spa|1\n|move|p2b: Araquanid|Bug Bite|p1b: Budget Swampert\n|-damage|p1b: Budget Swampert|15\/100\n|move|p1b: Budget Swampert|Ice Beam|p2a: Guzzlord\n|-supereffective|p2a: Guzzlord\n|-crit|p2a: Guzzlord\n|-damage|p2a: Guzzlord|27\/100\n|-status|p2a: Guzzlord|frz\n|\n|-heal|p1b: Budget Swampert|21\/100|[from] item: Leftovers\n|upkeep\n|\n|t:|1700433053\n|switch|p1a: Not a Mega|Lucario, M|100\/100\n|-activate|p1a: Not a Mega|move: Sticky Web\n|-unboost|p1a: Not a Mega|spe|1\n|turn|7\n|\n|t:|1700433066\n|detailschange|p1a: Not a Mega|Lucario-Mega, M\n|-mega|p1a: Not a Mega|Lucario|Lucarionite\n|move|p1a: Not a Mega|Bullet Punch|p2b: Araquanid\n|-resisted|p2b: Araquanid\n|-damage|p2b: Araquanid|19\/100\n|-enditem|p2b: Araquanid|Figy Berry|[eat]\n|-heal|p2b: Araquanid|52\/100|[from] item: Figy Berry\n|cant|p2a: Guzzlord|frz\n|move|p2b: Araquanid|Bug Bite|p1b: Budget Swampert\n|-damage|p1b: Budget Swampert|0 fnt\n|faint|p1b: Budget Swampert\n|\n|upkeep\n|\n|t:|1700433076\n|switch|p1b: My Boy|Gallade, M|100\/100\n|-activate|p1b: My Boy|move: Sticky Web\n|-unboost|p1b: My Boy|spe|1\n|turn|8\n|\n|t:|1700433111\n|move|p1b: My Boy|Sacred Sword|p2b: Araquanid\n|-resisted|p2b: Araquanid\n|-damage|p2b: Araquanid|18\/100\n|move|p1a: Not a Mega|Close Combat|p2a: Guzzlord\n|-supereffective|p2a: Guzzlord\n|-damage|p2a: Guzzlord|0 fnt\n|-unboost|p1a: Not a Mega|def|1\n|-unboost|p1a: Not a Mega|spd|1\n|faint|p2a: Guzzlord\n|move|p2b: Araquanid|Liquidation|p1a: Not a Mega\n|-damage|p1a: Not a Mega|0 fnt\n|faint|p1a: Not a Mega\n|\n|upkeep\n|turn|9\n|\n|t:|1700433133\n|move|p2b: Araquanid|Protect|p2b: Araquanid\n|-singleturn|p2b: Araquanid|Protect\n|move|p1b: My Boy|Sacred Sword|p2b: Araquanid\n|-activate|p2b: Araquanid|move: Protect\n|\n|upkeep\n|turn|10\n|\n|t:|1700433144\n|move|p1b: My Boy|Sacred Sword|p2b: Araquanid\n|-resisted|p2b: Araquanid\n|-damage|p2b: Araquanid|0 fnt\n|faint|p2b: Araquanid\n|\n|win|xephos223\n","uploadtime":1700433151,"views":4,"p1id":"xephos223","p2id":"vican259","formatid":"gen9nationaldexdoubles","rating":0,"private":0,"password":""}