{"id":"gen9nationaldexdoubles-1971713299","p1":"Curlytherealone","p2":"Past45","format":"[Gen 9] National Dex Doubles","log":"|j|\u2606Curlytherealone\n|j|\u2606Past45\n|t:|1697763959\n|gametype|doubles\n|player|p1|Curlytherealone|169|\n|player|p2|Past45|hilda|\n|teamsize|p1|6\n|teamsize|p2|6\n|gen|9\n|tier|[Gen 9] National Dex Doubles\n|rule|HP Percentage Mod: HP is shown in percentages\n|rule|Endless Battle Clause: Forcing endless battles is banned\n|rule|OHKO Clause: OHKO moves are banned\n|rule|Evasion Moves Clause: Evasion moves are banned\n|rule|Evasion Abilities Clause: Evasion abilities are banned\n|rule|Species Clause: Limit one of each Pok\u00e9mon\n|rule|Gravity Sleep Clause: The combination of sleep-inducing moves with imperfect accuracy and Gravity or Gigantamax Orbeetle are banned\n|clearpoke\n|poke|p1|Meowscarada, M|\n|poke|p1|Tauros-Paldea-Blaze, M|\n|poke|p1|Indeedee-F, F|\n|poke|p1|Armarouge, M|\n|poke|p1|Grapploct, M|\n|poke|p1|Lurantis, M|\n|poke|p2|Flutter Mane|\n|poke|p2|Sneasler, F|\n|poke|p2|Rillaboom, M|\n|poke|p2|Vikavolt, F|\n|poke|p2|Tinkaton, F|\n|poke|p2|Maushold-Four|\n|teampreview\n|\n|t:|1697763970\n|start\n|switch|p1a: Meowscarada|Meowscarada, M, shiny|100\/100\n|switch|p1b: Tauros|Tauros-Paldea-Blaze, M|100\/100\n|switch|p2a: Harambe|Rillaboom, M|100\/100\n|switch|p2b: Sneaky smol|Sneasler, F|100\/100\n|-fieldstart|move: Grassy Terrain|[from] ability: Grassy Surge|[of] p2a: Harambe\n|-enditem|p2b: Sneaky smol|Grassy Seed\n|-boost|p2b: Sneaky smol|def|1|[from] item: Grassy Seed\n|turn|1\n|\n|t:|1697763995\n|move|p2a: Harambe|Fake Out|p1b: Tauros\n|-crit|p1b: Tauros\n|-damage|p1b: Tauros|76\/100\n|-setboost|p1b: Tauros|atk|6|[from] ability: Anger Point\n|move|p2b: Sneaky smol|Swords Dance|p2b: Sneaky smol\n|-boost|p2b: Sneaky smol|atk|2\n|move|p1a: Meowscarada|Flower Trick|p1b: Tauros\n|-start|p1a: Meowscarada|typechange|Grass|[from] ability: Protean\n|-resisted|p1b: Tauros\n|-crit|p1b: Tauros\n|-damage|p1b: Tauros|41\/100\n|-enditem|p1b: Tauros|Sitrus Berry|[eat]\n|-heal|p1b: Tauros|66\/100|[from] item: Sitrus Berry\n|cant|p1b: Tauros|flinch\n|\n|-heal|p1b: Tauros|72\/100|[from] Grassy Terrain\n|upkeep\n|turn|2\n|\n|t:|1697764026\n|move|p2b: Sneaky smol|Acrobatics|p1a: Meowscarada\n|-supereffective|p1a: Meowscarada\n|-enditem|p1a: Meowscarada|Focus Sash\n|-damage|p1a: Meowscarada|1\/100\n|move|p1a: Meowscarada|U-turn|p2a: Harambe\n|-supereffective|p2a: Harambe\n|-damage|p2a: Harambe|58\/100\n|\n|t:|1697764037\n|switch|p1a: Grapploct|Grapploct, M|100\/100|[from] U-turn\n|move|p1b: Tauros|Flame Charge|p2b: Sneaky smol\n|-damage|p2b: Sneaky smol|0 fnt\n|-boost|p1b: Tauros|spe|1\n|faint|p2b: Sneaky smol\n|move|p2a: Harambe|High Horsepower|p1b: Tauros\n|-supereffective|p1b: Tauros\n|-damage|p1b: Tauros|0 fnt\n|faint|p1b: Tauros\n|\n|-heal|p2a: Harambe|64\/100|[from] Grassy Terrain\n|upkeep\n|\n|t:|1697764054\n|switch|p2b: 9 VOLT|Vikavolt, F, shiny|100\/100\n|switch|p1b: Lurantis|Lurantis, M|100\/100\n|turn|3\n|\n|t:|1697764086\n|switch|p2a: Jelly Baby|Flutter Mane, shiny|100\/100\n|move|p2b: 9 VOLT|Sticky Web|p1a: Grapploct\n|-sidestart|p1: Curlytherealone|move: Sticky Web\n|move|p1a: Grapploct|Octolock|p1b: Lurantis\n|-start|p1b: Lurantis|move: Octolock|[of] p1a: Grapploct\n|move|p1b: Lurantis|Superpower|p2a: Jelly Baby\n|-immune|p2a: Jelly Baby\n|\n|-boost|p1b: Lurantis|def|1\n|-boost|p1b: Lurantis|spd|1\n|upkeep\n|turn|4\n|\n|t:|1697764116\n|move|p2a: Jelly Baby|Dazzling Gleam|p1a: Grapploct|[spread] p1a,p1b\n|-supereffective|p1a: Grapploct\n|-damage|p1a: Grapploct|11\/100\n|-damage|p1b: Lurantis|66\/100\n|move|p2b: 9 VOLT|Volt Switch|p1b: Lurantis\n|-resisted|p1b: Lurantis\n|-damage|p1b: Lurantis|47\/100\n|\n|t:|1697764124\n|switch|p2b: Tinkerbell|Tinkaton, F, shiny|100\/100|[from] Volt Switch\n|-ability|p2b: Tinkerbell|Mold Breaker\n|-item|p2b: Tinkerbell|Air Balloon\n|move|p1a: Grapploct|Octolock|p2a: Jelly Baby\n|-immune|p2a: Jelly Baby\n|move|p1b: Lurantis|Leaf Storm|p2a: Jelly Baby\n|-damage|p2a: Jelly Baby|40\/100\n|-boost|p1b: Lurantis|spa|2\n|\n|-heal|p2a: Jelly Baby|46\/100|[from] Grassy Terrain\n|-heal|p1a: Grapploct|17\/100|[from] Grassy Terrain\n|-heal|p1a: Grapploct|23\/100|[from] item: Leftovers\n|-heal|p1b: Lurantis|53\/100|[from] Grassy Terrain\n|-boost|p1b: Lurantis|def|1\n|-boost|p1b: Lurantis|spd|1\n|upkeep\n|turn|5\n|\n|t:|1697764155\n|move|p1a: Grapploct|Sucker Punch|p2a: Jelly Baby\n|-damage|p2a: Jelly Baby|7\/100\n|move|p2a: Jelly Baby|Mystical Fire|p1b: Lurantis\n|-supereffective|p1b: Lurantis\n|-enditem|p1b: Lurantis|Occa Berry|[eat]\n|-enditem|p1b: Lurantis|Occa Berry|[weaken]\n|-damage|p1b: Lurantis|35\/100\n|-boost|p1b: Lurantis|spa|1\n|move|p2b: Tinkerbell|Gigaton Hammer|p1a: Grapploct\n|-damage|p1a: Grapploct|0 fnt\n|faint|p1a: Grapploct\n|move|p1b: Lurantis|Superpower|p2b: Tinkerbell\n|-damage|p2b: Tinkerbell|60\/100\n|-boost|p1b: Lurantis|atk|1\n|-boost|p1b: Lurantis|def|1\n|-enditem|p2b: Tinkerbell|Air Balloon\n|\n|-heal|p2a: Jelly Baby|14\/100|[from] Grassy Terrain\n|-heal|p2b: Tinkerbell|67\/100|[from] Grassy Terrain\n|-heal|p1b: Lurantis|41\/100|[from] Grassy Terrain\n|-end|p1b: Lurantis|Octolock|[partiallytrapped]|[silent]\n|-fieldend|move: Grassy Terrain\n|upkeep\n|\n|t:|1697764179\n|switch|p1a: Meowscarada|Meowscarada, M, shiny|1\/100\n|-activate|p1a: Meowscarada|move: Sticky Web\n|-unboost|p1a: Meowscarada|spe|1\n|turn|6\n|\n|t:|1697764194\n|move|p1a: Meowscarada|Sucker Punch|p2a: Jelly Baby\n|-start|p1a: Meowscarada|typechange|Dark|[from] ability: Protean\n|-damage|p2a: Jelly Baby|0 fnt\n|faint|p2a: Jelly Baby\n|-end|p2a: Jelly Baby|Protosynthesis|[silent]\n|move|p2b: Tinkerbell|Knock Off|p1a: Meowscarada\n|-resisted|p1a: Meowscarada\n|-crit|p1a: Meowscarada\n|-damage|p1a: Meowscarada|0 fnt\n|faint|p1a: Meowscarada\n|move|p1b: Lurantis|Superpower|p2b: Tinkerbell\n|-damage|p2b: Tinkerbell|7\/100\n|-boost|p1b: Lurantis|atk|1\n|-boost|p1b: Lurantis|def|1\n|\n|upkeep\n|l|\u2606Past45\n|player|p2|\n|j|\u2606Past45\n|player|p2|Past45|hilda\n|\n|t:|1697764243\n|switch|p1a: Indeedee|Indeedee-F, F|100\/100\n|switch|p2a: 9 VOLT|Vikavolt, F, shiny|100\/100\n|-activate|p1a: Indeedee|move: Sticky Web\n|-unboost|p1a: Indeedee|spe|1\n|-fieldstart|move: Psychic Terrain|[from] ability: Psychic Surge|[of] p1a: Indeedee\n|turn|7\n|\n|t:|1697764272\n|move|p2b: Tinkerbell|Thunder Wave|p1b: Lurantis\n|-status|p1b: Lurantis|par\n|move|p2a: 9 VOLT|Bug Bite|p1a: Indeedee\n|-supereffective|p1a: Indeedee\n|-damage|p1a: Indeedee|69\/100\n|move|p1b: Lurantis|Superpower|p2a: 9 VOLT\n|-resisted|p2a: 9 VOLT\n|-damage|p2a: 9 VOLT|52\/100\n|-boost|p1b: Lurantis|atk|1\n|-boost|p1b: Lurantis|def|1\n|move|p1a: Indeedee|Trick Room|p1a: Indeedee\n|-fieldstart|move: Trick Room|[of] p1a: Indeedee\n|\n|upkeep\n|turn|8\n|\n|t:|1697764310\n|move|p1b: Lurantis|Pollen Puff|p1a: Indeedee\n|-heal|p1a: Indeedee|100\/100\n|move|p1a: Indeedee|Expanding Force|p2b: Tinkerbell|[spread] p2a,p2b\n|-resisted|p2b: Tinkerbell\n|-damage|p2a: 9 VOLT|1\/100\n|-damage|p2b: Tinkerbell|0 fnt\n|faint|p2b: Tinkerbell\n|move|p2a: 9 VOLT|Bug Bite|p1b: Lurantis\n|-supereffective|p1b: Lurantis\n|-damage|p1b: Lurantis|31\/100 par\n|\n|upkeep\n|\n|t:|1697764323\n|switch|p2b: Bry & Kho|Maushold-Four|100\/100\n|turn|9\n|\n|t:|1697764346\n|move|p2b: Bry & Kho|Helping Hand|p2a: 9 VOLT\n|-singleturn|p2a: 9 VOLT|Helping Hand|[of] p2b: Bry & Kho\n|move|p1b: Lurantis|Superpower|p2b: Bry & Kho\n|-supereffective|p2b: Bry & Kho\n|-enditem|p2b: Bry & Kho|Focus Sash\n|-damage|p2b: Bry & Kho|1\/100\n|-boost|p1b: Lurantis|atk|1\n|-boost|p1b: Lurantis|def|1\n|move|p1a: Indeedee|Expanding Force|p2a: 9 VOLT|[spread] p2a,p2b\n|-damage|p2a: 9 VOLT|0 fnt\n|-damage|p2b: Bry & Kho|0 fnt\n|faint|p2a: 9 VOLT\n|faint|p2b: Bry & Kho\n|\n|upkeep\n|\n|t:|1697764380\n|switch|p2b: Harambe|Rillaboom, M|64\/100\n|-fieldstart|move: Grassy Terrain|[from] ability: Grassy Surge|[of] p2b: Harambe\n|turn|10\n|\n|t:|1697764391\n|-terastallize|p2b: Harambe|Fire\n|move|p2b: Harambe|Fake Out|p1b: Lurantis\n|-damage|p1b: Lurantis|25\/100 par\n|move|p1a: Indeedee|Follow Me|p1a: Indeedee\n|-singleturn|p1a: Indeedee|move: Follow Me\n|cant|p1b: Lurantis|flinch\n|\n|-heal|p1b: Lurantis|31\/100 par|[from] Grassy Terrain\n|-heal|p2b: Harambe|70\/100|[from] Grassy Terrain\n|upkeep\n|turn|11\n|\n|t:|1697764413\n|move|p1a: Indeedee|Protect|p1a: Indeedee\n|-singleturn|p1a: Indeedee|Protect\n|move|p1b: Lurantis|Leaf Storm|p2b: Harambe\n|-resisted|p2b: Harambe\n|-damage|p2b: Harambe|6\/100\n|-boost|p1b: Lurantis|spa|2\n|move|p2b: Harambe|U-turn|p1b: Lurantis\n|-supereffective|p1b: Lurantis\n|-damage|p1b: Lurantis|14\/100 par\n|\n|-heal|p1b: Lurantis|20\/100 par|[from] Grassy Terrain\n|-heal|p2b: Harambe|12\/100|[from] Grassy Terrain\n|-fieldend|move: Trick Room\n|upkeep\n|turn|12\n|\n|t:|1697764440\n|move|p1a: Indeedee|Follow Me|p1a: Indeedee\n|-singleturn|p1a: Indeedee|move: Follow Me\n|move|p2b: Harambe|Grassy Glide|p1a: Indeedee\n|-damage|p1a: Indeedee|54\/100\n|cant|p1b: Lurantis|par\n|\n|-heal|p2b: Harambe|18\/100|[from] Grassy Terrain\n|-heal|p1a: Indeedee|60\/100|[from] Grassy Terrain\n|-heal|p1b: Lurantis|26\/100 par|[from] Grassy Terrain\n|upkeep\n|turn|13\n|\n|t:|1697764458\n|move|p1a: Indeedee|Follow Me|p1a: Indeedee\n|-singleturn|p1a: Indeedee|move: Follow Me\n|move|p2b: Harambe|Grassy Glide|p1a: Indeedee\n|-damage|p1a: Indeedee|16\/100\n|move|p1b: Lurantis|Leaf Storm|p1a: Indeedee\n|-damage|p1a: Indeedee|0 fnt\n|-boost|p1b: Lurantis|spa|1\n|faint|p1a: Indeedee\n|\n|-heal|p2b: Harambe|24\/100|[from] Grassy Terrain\n|-heal|p1b: Lurantis|32\/100 par|[from] Grassy Terrain\n|upkeep\n|\n|t:|1697764472\n|switch|p1a: Armarouge|Armarouge, M|100\/100\n|-activate|p1a: Armarouge|move: Sticky Web\n|-unboost|p1a: Armarouge|spe|1\n|turn|14\n|\n|t:|1697764495\n|move|p2b: Harambe|High Horsepower|p1a: Armarouge\n|-supereffective|p1a: Armarouge\n|-damage|p1a: Armarouge|36\/100\n|-enditem|p1a: Armarouge|Weakness Policy\n|-boost|p1a: Armarouge|atk|2|[from] item: Weakness Policy\n|-boost|p1a: Armarouge|spa|2|[from] item: Weakness Policy\n|move|p1a: Armarouge|Calm Mind|p1a: Armarouge\n|-boost|p1a: Armarouge|spa|1\n|-boost|p1a: Armarouge|spd|1\n|cant|p1b: Lurantis|par\n|\n|-heal|p2b: Harambe|30\/100|[from] Grassy Terrain\n|-heal|p1a: Armarouge|42\/100|[from] Grassy Terrain\n|-heal|p1b: Lurantis|38\/100 par|[from] Grassy Terrain\n|-fieldend|move: Grassy Terrain\n|upkeep\n|turn|15\n|\n|t:|1697764514\n|move|p2b: Harambe|High Horsepower|p1a: Armarouge\n|-supereffective|p1a: Armarouge\n|-damage|p1a: Armarouge|0 fnt\n|faint|p1a: Armarouge\n|cant|p1b: Lurantis|par\n|\n|upkeep\n|turn|16\n|l|\u2606Past45\n|player|p2|\n|\n|t:|1697764533\n|-terastallize|p1b: Lurantis|Grass\n|move|p2b: Harambe|High Horsepower|p1b: Lurantis\n|-resisted|p1b: Lurantis\n|-damage|p1b: Lurantis|32\/100 par\n|move|p1b: Lurantis|Superpower|p2b: Harambe\n|-damage|p2b: Harambe|0 fnt\n|-boost|p1b: Lurantis|atk|1\n|faint|p2b: Harambe\n|\n|win|Curlytherealone\n|j|\u2606Past45\n|player|p2|Past45|hilda\n","uploadtime":1697764548,"views":10,"p1id":"curlytherealone","p2id":"past45","formatid":"gen9nationaldexdoubles","rating":0,"private":0,"password":""}