{"id":"gen9nationaldexdoubles-1951341626","p1":"fifier","p2":"Bluberry108","format":"[Gen 9] National Dex Doubles","log":"|j|\u2606fifier\n|j|\u2606Bluberry108\n|t:|1695573783\n|gametype|doubles\n|player|p1|fifier|265|1051\n|player|p2|Bluberry108|gentleman-gen4|1148\n|teamsize|p1|6\n|teamsize|p2|6\n|gen|9\n|tier|[Gen 9] National Dex Doubles\n|rated|\n|rule|HP Percentage Mod: HP is shown in percentages\n|rule|Endless Battle Clause: Forcing endless battles is banned\n|rule|OHKO Clause: OHKO moves are banned\n|rule|Evasion Moves Clause: Evasion moves are banned\n|rule|Evasion Abilities Clause: Evasion abilities are banned\n|rule|Species Clause: Limit one of each Pok\u00e9mon\n|rule|Gravity Sleep Clause: The combination of sleep-inducing moves with imperfect accuracy and Gravity or Gigantamax Orbeetle are banned\n|clearpoke\n|poke|p1|Ogerpon-Hearthflame, F|\n|poke|p1|Chi-Yu|\n|poke|p1|Heatran, F|\n|poke|p1|Rotom-Heat|\n|poke|p1|Arcanine, M|\n|poke|p1|Charizard, F|\n|poke|p2|Torterra, M|\n|poke|p2|Tyranitar, M|\n|poke|p2|Kilowattrel, F|\n|poke|p2|Marowak-Alola, M|\n|poke|p2|Cinccino, M|\n|poke|p2|Sinistcha|\n|teampreview\n|\n|t:|1695573808\n|start\n|switch|p1a: Ogerpon|Ogerpon-Hearthflame, F|100\/100\n|switch|p1b: Arcanine|Arcanine, M|100\/100\n|switch|p2a: Sinistcha|Sinistcha|100\/100\n|switch|p2b: Tyranitar|Tyranitar, M|100\/100\n|-ability|p1a: Ogerpon|Mold Breaker\n|-ability|p1b: Arcanine|Intimidate|boost\n|-unboost|p2a: Sinistcha|atk|1\n|-unboost|p2b: Tyranitar|atk|1\n|-weather|Sandstorm|[from] ability: Sand Stream|[of] p2b: Tyranitar\n|turn|1\n|\n|t:|1695573828\n|move|p1a: Ogerpon|Protect|p1a: Ogerpon\n|-singleturn|p1a: Ogerpon|Protect\n|move|p2b: Tyranitar|Detect|p2b: Tyranitar\n|-singleturn|p2b: Tyranitar|Protect\n|move|p1b: Arcanine|Will-O-Wisp|p2b: Tyranitar\n|-activate|p2b: Tyranitar|move: Protect\n|move|p2a: Sinistcha|Trick Room|p2a: Sinistcha\n|-fieldstart|move: Trick Room|[of] p2a: Sinistcha\n|\n|-weather|Sandstorm|[upkeep]\n|-damage|p2a: Sinistcha|94\/100|[from] Sandstorm\n|-damage|p1b: Arcanine|94\/100|[from] Sandstorm\n|-damage|p1a: Ogerpon|95\/100|[from] Sandstorm\n|upkeep\n|turn|2\n|\n|t:|1695573844\n|move|p2a: Sinistcha|Scald|p1a: Ogerpon\n|-damage|p1a: Ogerpon|58\/100\n|move|p2b: Tyranitar|Stone Edge|p1b: Arcanine\n|-supereffective|p1b: Arcanine\n|-damage|p1b: Arcanine|33\/100\n|move|p1b: Arcanine|Will-O-Wisp|p2b: Tyranitar|[miss]\n|-miss|p1b: Arcanine|p2b: Tyranitar\n|move|p1a: Ogerpon|Ivy Cudgel|p2a: Sinistcha\n|-supereffective|p2a: Sinistcha\n|-damage|p2a: Sinistcha|0 fnt\n|faint|p2a: Sinistcha\n|\n|-weather|Sandstorm|[upkeep]\n|-damage|p1b: Arcanine|27\/100|[from] Sandstorm\n|-damage|p1a: Ogerpon|52\/100|[from] Sandstorm\n|upkeep\n|\n|t:|1695573854\n|switch|p2a: Marowak|Marowak-Alola, M|100\/100\n|turn|3\n|\n|t:|1695573869\n|switch|p1a: Heatran|Heatran, F|100\/100\n|move|p2a: Marowak|Flare Blitz|p1a: Heatran\n|-start|p1a: Heatran|ability: Flash Fire\n|move|p2b: Tyranitar|Stone Edge|p1b: Arcanine|[miss]\n|-miss|p2b: Tyranitar|p1b: Arcanine\n|move|p1b: Arcanine|Will-O-Wisp|p2b: Tyranitar\n|-status|p2b: Tyranitar|brn\n|\n|-weather|Sandstorm|[upkeep]\n|-damage|p2a: Marowak|94\/100|[from] Sandstorm\n|-damage|p1b: Arcanine|20\/100|[from] Sandstorm\n|-enditem|p1b: Arcanine|Figy Berry|[eat]\n|-heal|p1b: Arcanine|54\/100|[from] item: Figy Berry\n|-damage|p2b: Tyranitar|94\/100 brn|[from] brn\n|upkeep\n|turn|4\n|\n|t:|1695573890\n|-terastallize|p1a: Heatran|Grass\n|move|p1b: Arcanine|Protect|p1b: Arcanine\n|-singleturn|p1b: Arcanine|Protect\n|move|p2a: Marowak|Poltergeist|p1a: Heatran\n|-activate|p1a: Heatran|move: Poltergeist|Leftovers\n|-damage|p1a: Heatran|19\/100\n|move|p2b: Tyranitar|Stone Edge|p1b: Arcanine\n|-activate|p1b: Arcanine|move: Protect\n|move|p1a: Heatran|Earth Power|p2a: Marowak\n|-supereffective|p2a: Marowak\n|-damage|p2a: Marowak|16\/100\n|\n|-weather|Sandstorm|[upkeep]\n|-damage|p2a: Marowak|9\/100|[from] Sandstorm\n|-damage|p1a: Heatran|13\/100|[from] Sandstorm\n|-damage|p1b: Arcanine|47\/100|[from] Sandstorm\n|-heal|p2b: Tyranitar|100\/100 brn|[from] item: Leftovers\n|-heal|p1a: Heatran|19\/100|[from] item: Leftovers\n|-damage|p2b: Tyranitar|94\/100 brn|[from] brn\n|upkeep\n|turn|5\n|\n|t:|1695573918\n|move|p1a: Heatran|Protect|p1a: Heatran\n|-singleturn|p1a: Heatran|Protect\n|move|p2a: Marowak|Flare Blitz|p1b: Arcanine\n|-resisted|p1b: Arcanine\n|-damage|p1b: Arcanine|0 fnt\n|faint|p1b: Arcanine\n|move|p2b: Tyranitar|Knock Off|p1a: Heatran\n|-activate|p1a: Heatran|move: Protect\n|\n|-weather|none\n|-heal|p2b: Tyranitar|100\/100 brn|[from] item: Leftovers\n|-heal|p1a: Heatran|25\/100|[from] item: Leftovers\n|-damage|p2b: Tyranitar|94\/100 brn|[from] brn\n|-fieldend|move: Trick Room\n|upkeep\n|\n|t:|1695573931\n|switch|p1b: Ogerpon|Ogerpon-Hearthflame, F|52\/100\n|-ability|p1b: Ogerpon|Mold Breaker\n|turn|6\n|\n|t:|1695573943\n|switch|p2b: Cinccino|Cinccino, M|100\/100\n|move|p2a: Marowak|Detect|p2a: Marowak\n|-singleturn|p2a: Marowak|Protect\n|move|p1b: Ogerpon|Horn Leech|p2b: Cinccino\n|-crit|p2b: Cinccino\n|-damage|p2b: Cinccino|0 fnt\n|-heal|p1b: Ogerpon|100\/100|[from] drain|[of] p2b: Cinccino\n|faint|p2b: Cinccino\n|move|p1a: Heatran|Earth Power|p2a: Marowak\n|-activate|p2a: Marowak|move: Protect\n|\n|-heal|p1a: Heatran|32\/100|[from] item: Leftovers\n|upkeep\n|\n|t:|1695573959\n|switch|p2b: Kilowattrel|Kilowattrel, F|100\/100\n|turn|7\n|\n|t:|1695573983\n|move|p1b: Ogerpon|Protect|p1b: Ogerpon\n|-singleturn|p1b: Ogerpon|Protect\n|move|p2b: Kilowattrel|Hurricane|p1a: Heatran\n|-supereffective|p1a: Heatran\n|-damage|p1a: Heatran|0 fnt\n|faint|p1a: Heatran\n|move|p2a: Marowak|Flare Blitz|p1b: Ogerpon\n|-activate|p1b: Ogerpon|move: Protect\n|\n|upkeep\n|\n|t:|1695573997\n|switch|p1a: Chi-Yu|Chi-Yu|100\/100\n|-ability|p1a: Chi-Yu|Beads of Ruin\n|turn|8\n|\n|t:|1695574019\n|move|p2a: Marowak|Detect|p2a: Marowak\n|-singleturn|p2a: Marowak|Protect\n|move|p2b: Kilowattrel|Tailwind|p2b: Kilowattrel\n|-sidestart|p2: Bluberry108|move: Tailwind\n|-start|p2b: Kilowattrel|Charge|Tailwind|[from] ability: Wind Power\n|move|p1b: Ogerpon|Knock Off|p2a: Marowak\n|-activate|p2a: Marowak|move: Protect\n|move|p1a: Chi-Yu|Nasty Plot|p1a: Chi-Yu\n|-boost|p1a: Chi-Yu|spa|2\n|\n|upkeep\n|turn|9\n|\n|t:|1695574041\n|switch|p1b: Rotom|Rotom-Heat|100\/100\n|-terastallize|p2b: Kilowattrel|Electric\n|move|p2b: Kilowattrel|Thunderbolt|p1a: Chi-Yu\n|-damage|p1a: Chi-Yu|0 fnt\n|faint|p1a: Chi-Yu\n|-end|p2b: Kilowattrel|Charge|[silent]\n|move|p2a: Marowak|Flare Blitz|p1b: Rotom\n|-resisted|p1b: Rotom\n|-damage|p1b: Rotom|48\/100\n|\n|upkeep\n|\n|t:|1695574053\n|switch|p1a: Ogerpon|Ogerpon-Hearthflame, F|100\/100\n|-ability|p1a: Ogerpon|Mold Breaker\n|turn|10\n|\n|t:|1695574062\n|move|p1a: Ogerpon|Protect|p1a: Ogerpon\n|-singleturn|p1a: Ogerpon|Protect\n|move|p2b: Kilowattrel|Hurricane|p1a: Ogerpon\n|-activate|p1a: Ogerpon|move: Protect\n|move|p2a: Marowak|Flare Blitz|p1b: Rotom\n|-resisted|p1b: Rotom\n|-damage|p1b: Rotom|0 fnt\n|faint|p1b: Rotom\n|\n|upkeep\n|\n|t:|1695574077\n|switch|p1b: Charizard|Charizard, F|100\/100\n|turn|11\n|\n|t:|1695574085\n|detailschange|p1b: Charizard|Charizard-Mega-Y, F\n|-mega|p1b: Charizard|Charizard|Charizardite Y\n|-weather|SunnyDay|[from] ability: Drought|[of] p1b: Charizard\n|move|p2b: Kilowattrel|Hurricane|p1a: Ogerpon\n|-supereffective|p1a: Ogerpon\n|-damage|p1a: Ogerpon|0 fnt\n|faint|p1a: Ogerpon\n|move|p1b: Charizard|Tailwind|p1b: Charizard\n|-sidestart|p1: fifier|move: Tailwind\n|move|p2a: Marowak|Thunder Punch|p1b: Charizard\n|-supereffective|p1b: Charizard\n|-damage|p1b: Charizard|0 fnt\n|faint|p1b: Charizard\n|\n|win|Bluberry108\n|raw|fifier's rating: 1051 &rarr; <strong>1038<\/strong><br \/>(-13 for losing)\n|raw|Bluberry108's rating: 1148 &rarr; <strong>1166<\/strong><br \/>(+18 for winning)\n|l|\u2606fifier\n","uploadtime":1695574105,"views":9,"p1id":"fifier","p2id":"bluberry108","formatid":"gen9nationaldexdoubles","rating":1038,"private":0,"password":""}