{"id":"gen9nationaldexdoubles-1992219525","p1":"Grasshop555","p2":"dean44","format":"[Gen 9] National Dex Doubles","log":"|j|\u2606Grasshop555\n|j|\u2606dean44\n|t:|1700164951\n|gametype|doubles\n|player|p1|Grasshop555|cynthia|1061\n|player|p2|dean44|1|1217\n|teamsize|p1|6\n|teamsize|p2|6\n|gen|9\n|tier|[Gen 9] National Dex Doubles\n|rated|\n|rule|HP Percentage Mod: HP is shown in percentages\n|rule|Endless Battle Clause: Forcing endless battles is banned\n|rule|OHKO Clause: OHKO moves are banned\n|rule|Evasion Moves Clause: Evasion moves are banned\n|rule|Evasion Abilities Clause: Evasion abilities are banned\n|rule|Species Clause: Limit one of each Pok\u00e9mon\n|rule|Gravity Sleep Clause: The combination of sleep-inducing moves with imperfect accuracy and Gravity or Gigantamax Orbeetle are banned\n|clearpoke\n|poke|p1|Corviknight, M|\n|poke|p1|Ursaluna-Bloodmoon, M|\n|poke|p1|Scovillain, M|\n|poke|p1|Goodra-Hisui, F|\n|poke|p1|Chi-Yu|\n|poke|p1|Toxapex, M|\n|poke|p2|Malamar, F|\n|poke|p2|Klefki, M|\n|poke|p2|Grapploct, F|\n|poke|p2|Hatterene, F|\n|poke|p2|Garganacl, M|\n|poke|p2|Tsareena, F|\n|teampreview\n|inactive|Battle timer is ON: inactive players will automatically lose when time's up. (requested by Grasshop555)\n|\n|t:|1700164984\n|start\n|switch|p1a: Corviknight|Corviknight, M|100\/100\n|switch|p1b: Scovillain|Scovillain, M|100\/100\n|switch|p2a: Malamar|Malamar, F|100\/100\n|switch|p2b: Klefki|Klefki, M|100\/100\n|-ability|p1a: Corviknight|Pressure\n|turn|1\n|\n|t:|1700165008\n|move|p2b: Klefki|Reflect|p2b: Klefki\n|-sidestart|p2: dean44|Reflect\n|move|p1b: Scovillain|Leech Seed|p2a: Malamar\n|-start|p2a: Malamar|move: Leech Seed\n|move|p1a: Corviknight|Tailwind|p1a: Corviknight\n|-sidestart|p1: Grasshop555|move: Tailwind\n|move|p2a: Malamar|Trick Room|p2a: Malamar\n|-fieldstart|move: Trick Room|[of] p2a: Malamar\n|\n|-damage|p2a: Malamar|88\/100|[from] Leech Seed|[of] p1b: Scovillain\n|-ability|p1b: Scovillain|Moody|boost\n|-boost|p1b: Scovillain|spa|2\n|-unboost|p1b: Scovillain|spd|1\n|upkeep\n|turn|2\n|\n|t:|1700165024\n|switch|p2b: Grapploct|Grapploct, F|100\/100\n|move|p2a: Malamar|Superpower|p1b: Scovillain\n|-damage|p1b: Scovillain|60\/100\n|-boost|p2a: Malamar|atk|1\n|-boost|p2a: Malamar|def|1\n|move|p1a: Corviknight|Hurricane|p2b: Grapploct|[miss]\n|-miss|p1a: Corviknight|p2b: Grapploct\n|move|p1b: Scovillain|Super Fang|p2a: Malamar\n|-damage|p2a: Malamar|44\/100\n|\n|-heal|p2a: Malamar|50\/100|[from] item: Leftovers\n|-heal|p1b: Scovillain|66\/100|[from] item: Leftovers\n|-damage|p2a: Malamar|38\/100|[from] Leech Seed|[of] p1b: Scovillain\n|-heal|p1b: Scovillain|80\/100|[silent]\n|-ability|p1b: Scovillain|Moody|boost\n|-boost|p1b: Scovillain|def|2\n|-unboost|p1b: Scovillain|spe|1\n|upkeep\n|turn|3\n|inactive|Grasshop555 has 120 seconds left.\n|\n|t:|1700165061\n|move|p2b: Grapploct|Octolock|p2a: Malamar\n|-start|p2a: Malamar|move: Octolock|[of] p2b: Grapploct\n|move|p2a: Malamar|Superpower|p1b: Scovillain\n|-damage|p1b: Scovillain|51\/100\n|-boost|p2a: Malamar|atk|1\n|-boost|p2a: Malamar|def|1\n|move|p1b: Scovillain|Fire Blast|p2b: Grapploct\n|-damage|p2b: Grapploct|6\/100\n|move|p1a: Corviknight|Hurricane|p2b: Grapploct|[miss]\n|-miss|p1a: Corviknight|p2b: Grapploct\n|\n|-heal|p2b: Grapploct|12\/100|[from] item: Leftovers\n|-heal|p2a: Malamar|44\/100|[from] item: Leftovers\n|-heal|p1b: Scovillain|57\/100|[from] item: Leftovers\n|-damage|p2a: Malamar|32\/100|[from] Leech Seed|[of] p1b: Scovillain\n|-heal|p1b: Scovillain|71\/100|[silent]\n|-boost|p2a: Malamar|def|1\n|-boost|p2a: Malamar|spd|1\n|-ability|p1b: Scovillain|Moody|boost\n|-boost|p1b: Scovillain|spa|2\n|-unboost|p1b: Scovillain|spe|1\n|upkeep\n|turn|4\n|\n|t:|1700165080\n|move|p2b: Grapploct|Drain Punch|p1a: Corviknight\n|-damage|p1a: Corviknight|84\/100\n|-heal|p2b: Grapploct|21\/100|[from] drain|[of] p1a: Corviknight\n|move|p2a: Malamar|Superpower|p1b: Scovillain\n|-damage|p1b: Scovillain|31\/100\n|-boost|p2a: Malamar|atk|1\n|-boost|p2a: Malamar|def|1\n|move|p1b: Scovillain|Super Fang|p2a: Malamar\n|-damage|p2a: Malamar|16\/100\n|move|p1a: Corviknight|Brave Bird|p2a: Malamar\n|-damage|p2a: Malamar|10\/100\n|-damage|p1a: Corviknight|82\/100|[from] Recoil\n|\n|-heal|p2b: Grapploct|27\/100|[from] item: Leftovers\n|-heal|p2a: Malamar|16\/100|[from] item: Leftovers\n|-heal|p1b: Scovillain|37\/100|[from] item: Leftovers\n|-heal|p1a: Corviknight|88\/100|[from] item: Leftovers\n|-damage|p2a: Malamar|4\/100|[from] Leech Seed|[of] p1b: Scovillain\n|-heal|p1b: Scovillain|51\/100|[silent]\n|-boost|p2a: Malamar|def|1\n|-boost|p2a: Malamar|spd|1\n|-sideend|p1: Grasshop555|move: Tailwind\n|-ability|p1b: Scovillain|Moody|boost\n|-boost|p1b: Scovillain|spe|2\n|-unboost|p1b: Scovillain|def|1\n|upkeep\n|turn|5\n|inactive|Grasshop555 has 120 seconds left.\n|\n|t:|1700165115\n|move|p2b: Grapploct|Drain Punch|p1a: Corviknight\n|-damage|p1a: Corviknight|70\/100\n|-heal|p2b: Grapploct|37\/100|[from] drain|[of] p1a: Corviknight\n|move|p1a: Corviknight|Tailwind|p1a: Corviknight\n|-sidestart|p1: Grasshop555|move: Tailwind\n|move|p2a: Malamar|Knock Off|p1b: Scovillain\n|-damage|p1b: Scovillain|0 fnt\n|-enditem|p1b: Scovillain|Leftovers|[from] move: Knock Off|[of] p2a: Malamar\n|faint|p1b: Scovillain\n|\n|-heal|p2b: Grapploct|43\/100|[from] item: Leftovers\n|-heal|p2a: Malamar|10\/100|[from] item: Leftovers\n|-heal|p1a: Corviknight|76\/100|[from] item: Leftovers\n|-boost|p2a: Malamar|def|1\n|-boost|p2a: Malamar|spd|1\n|-fieldend|move: Trick Room\n|upkeep\n|inactive|Grasshop555 has 120 seconds left.\n|\n|t:|1700165136\n|switch|p1b: Goodra|Goodra-Hisui, F|100\/100\n|turn|6\n|\n|t:|1700165151\n|move|p1a: Corviknight|Brave Bird|p2b: Grapploct\n|-supereffective|p2b: Grapploct\n|-damage|p2b: Grapploct|9\/100\n|-damage|p1a: Corviknight|66\/100|[from] Recoil\n|move|p1b: Goodra|Earthquake|p2a: Malamar|[spread] p2a,p2b\n|-immune|p1a: Corviknight\n|-damage|p2a: Malamar|8\/100\n|-damage|p2b: Grapploct|1\/100\n|move|p2a: Malamar|Superpower|p1b: Goodra\n|-supereffective|p1b: Goodra\n|-damage|p1b: Goodra|0 fnt\n|-boost|p2a: Malamar|atk|1\n|faint|p1b: Goodra\n|move|p2b: Grapploct|Octolock|p1a: Corviknight\n|-start|p1a: Corviknight|move: Octolock|[of] p2b: Grapploct\n|\n|-heal|p1a: Corviknight|72\/100|[from] item: Leftovers\n|-heal|p2a: Malamar|14\/100|[from] item: Leftovers\n|-heal|p2b: Grapploct|7\/100|[from] item: Leftovers\n|-unboost|p1a: Corviknight|def|1\n|-unboost|p1a: Corviknight|spd|1\n|-boost|p2a: Malamar|def|0\n|-boost|p2a: Malamar|spd|1\n|upkeep\n|inactive|Grasshop555 has 120 seconds left.\n|\n|t:|1700165169\n|switch|p1b: Toxapex|Toxapex, M|100\/100\n|turn|7\n|\n|t:|1700165182\n|move|p1b: Toxapex|Baneful Bunker|p1b: Toxapex\n|-singleturn|p1b: Toxapex|move: Protect\n|move|p2b: Grapploct|Protect|p2b: Grapploct\n|-singleturn|p2b: Grapploct|Protect\n|move|p1a: Corviknight|Hurricane|p2a: Malamar\n|-damage|p2a: Malamar|4\/100\n|move|p2a: Malamar|Knock Off|p1a: Corviknight\n|-damage|p1a: Corviknight|0 fnt\n|-enditem|p1a: Corviknight|Leftovers|[from] move: Knock Off|[of] p2a: Malamar\n|faint|p1a: Corviknight\n|\n|-heal|p2a: Malamar|11\/100|[from] item: Leftovers\n|-heal|p2b: Grapploct|13\/100|[from] item: Leftovers\n|-damage|p2a: Malamar|0 fnt|[from] Leech Seed|[of] p1b: Toxapex\n|faint|p2a: Malamar\n|upkeep\n|\n|t:|1700165197\n|switch|p2a: Hatterene|Hatterene, F|100\/100\n|switch|p1a: Chi-Yu|Chi-Yu|100\/100\n|-ability|p1a: Chi-Yu|Beads of Ruin\n|turn|8\n|\n|t:|1700165211\n|move|p1b: Toxapex|Magic Coat|p1b: Toxapex\n|-singleturn|p1b: Toxapex|move: Magic Coat\n|move|p1a: Chi-Yu|Dark Pulse|p2a: Hatterene\n|-damage|p2a: Hatterene|42\/100\n|move|p2b: Grapploct|Drain Punch|p1a: Chi-Yu\n|-supereffective|p1a: Chi-Yu\n|-damage|p1a: Chi-Yu|5\/100\n|-heal|p2b: Grapploct|46\/100|[from] drain|[of] p1a: Chi-Yu\n|-enditem|p1a: Chi-Yu|Aguav Berry|[eat]\n|-heal|p1a: Chi-Yu|38\/100|[from] item: Aguav Berry\n|move|p2a: Hatterene|Expanding Force|p1b: Toxapex\n|-supereffective|p1b: Toxapex\n|-damage|p1b: Toxapex|0 fnt\n|faint|p1b: Toxapex\n|\n|-heal|p2b: Grapploct|52\/100|[from] item: Leftovers\n|-heal|p2a: Hatterene|48\/100|[from] item: Leftovers\n|-sideend|p2: dean44|Reflect\n|-sideend|p1: Grasshop555|move: Tailwind\n|upkeep\n|\n|t:|1700165218\n|switch|p1b: Ursaluna|Ursaluna-Bloodmoon, M|100\/100\n|turn|9\n|\n|t:|1700165238\n|move|p1a: Chi-Yu|Lava Plume|p2b: Grapploct|[spread] p1b,p2a,p2b\n|-damage|p1b: Ursaluna|50\/100\n|-damage|p2a: Hatterene|6\/100\n|-damage|p2b: Grapploct|7\/100\n|-status|p1b: Ursaluna|brn\n|-status|p2a: Hatterene|brn\n|-status|p2b: Grapploct|brn\n|move|p1b: Ursaluna|Swords Dance|p1b: Ursaluna\n|-boost|p1b: Ursaluna|atk|2\n|move|p2b: Grapploct|Drain Punch|p1a: Chi-Yu\n|-supereffective|p1a: Chi-Yu\n|-damage|p1a: Chi-Yu|0 fnt\n|-heal|p2b: Grapploct|20\/100 brn|[from] drain|[of] p1a: Chi-Yu\n|faint|p1a: Chi-Yu\n|move|p2a: Hatterene|Giga Drain|p1b: Ursaluna\n|-supereffective|p1b: Ursaluna\n|-damage|p1b: Ursaluna|0 fnt\n|-heal|p2a: Hatterene|39\/100 brn|[from] drain|[of] p1b: Ursaluna\n|faint|p1b: Ursaluna\n|\n|win|dean44\n|raw|Grasshop555's rating: 1061 &rarr; <strong>1050<\/strong><br \/>(-11 for losing)\n|raw|dean44's rating: 1217 &rarr; <strong>1231<\/strong><br \/>(+14 for winning)\n|l|\u2606Grasshop555\n|c|\u2606dean44|gg\n","uploadtime":1700165260,"views":5,"p1id":"grasshop555","p2id":"dean44","formatid":"gen9nationaldexdoubles","rating":1050,"private":0,"password":""}