{"id":"gen9nationaldexdoubles-1949834035","p1":"kingspeed51","p2":"Aquiley","format":"[Gen 9] National Dex Doubles","log":"|j|\u2606kingspeed51\n|j|\u2606Aquiley\n|t:|1695402618\n|gametype|doubles\n|player|p1|kingspeed51|266|1193\n|player|p2|Aquiley|hilbert|1098\n|teamsize|p1|6\n|teamsize|p2|6\n|gen|9\n|tier|[Gen 9] National Dex Doubles\n|rated|\n|rule|HP Percentage Mod: HP is shown in percentages\n|rule|Endless Battle Clause: Forcing endless battles is banned\n|rule|OHKO Clause: OHKO moves are banned\n|rule|Evasion Moves Clause: Evasion moves are banned\n|rule|Evasion Abilities Clause: Evasion abilities are banned\n|rule|Species Clause: Limit one of each Pok\u00e9mon\n|rule|Gravity Sleep Clause: The combination of sleep-inducing moves with imperfect accuracy and Gravity or Gigantamax Orbeetle are banned\n|clearpoke\n|poke|p1|Iron Treads|\n|poke|p1|Dragonite, F|\n|poke|p1|Milotic, F|\n|poke|p1|Sinistcha|\n|poke|p1|Klefki, M|\n|poke|p1|Chansey, F|\n|poke|p2|Cinderace, M|\n|poke|p2|Swampert, M|\n|poke|p2|Amoonguss, M|\n|poke|p2|Sinistcha-Masterpiece|\n|poke|p2|Tapu Koko|\n|poke|p2|Aegislash, F|\n|teampreview\n|\n|t:|1695402635\n|start\n|switch|p1a: Klefki|Klefki, M|100\/100\n|switch|p1b: Iron Treads|Iron Treads|100\/100\n|switch|p2a: Swampert|Swampert, M|100\/100\n|switch|p2b: Tapu Koko|Tapu Koko|100\/100\n|-fieldstart|move: Electric Terrain|[from] ability: Electric Surge|[of] p2b: Tapu Koko\n|-activate|p1b: Iron Treads|ability: Quark Drive\n|-start|p1b: Iron Treads|quarkdrivespe\n|turn|1\n|\n|t:|1695402651\n|switch|p2b: Amoonguss|Amoonguss, M|100\/100\n|-terastallize|p1b: Iron Treads|Ground\n|move|p1a: Klefki|Reflect|p1a: Klefki\n|-sidestart|p1: kingspeed51|Reflect\n|move|p1b: Iron Treads|Earthquake|p2b: Amoonguss|[spread] p1a,p2a,p2b\n|-supereffective|p1a: Klefki\n|-damage|p1a: Klefki|30\/100\n|-damage|p2a: Swampert|57\/100\n|-damage|p2b: Amoonguss|48\/100\n|move|p2a: Swampert|Earthquake|p1b: Iron Treads|[spread] p2b,p1a,p1b\n|-supereffective|p1a: Klefki\n|-damage|p2b: Amoonguss|19\/100\n|-damage|p1a: Klefki|0 fnt\n|-damage|p1b: Iron Treads|82\/100\n|-enditem|p2b: Amoonguss|Aguav Berry|[eat]\n|-heal|p2b: Amoonguss|53\/100|[from] item: Aguav Berry\n|faint|p1a: Klefki\n|\n|-heal|p2a: Swampert|64\/100|[from] item: Leftovers\n|upkeep\n|\n|t:|1695402672\n|switch|p1a: Sinistcha|Sinistcha|100\/100\n|-heal|p1b: Iron Treads|100\/100|[from] ability: Hospitality|[of] p1a: Sinistcha\n|turn|2\n|\n|t:|1695402695\n|-terastallize|p2a: Swampert|Ice\n|move|p1b: Iron Treads|Earthquake|p2a: Swampert|[spread] p1a,p2a,p2b\n|-resisted|p1a: Sinistcha\n|-damage|p1a: Sinistcha|87\/100\n|-damage|p2a: Swampert|24\/100\n|-damage|p2b: Amoonguss|2\/100\n|move|p1a: Sinistcha|Magical Leaf|p2a: Swampert\n|-damage|p2a: Swampert|10\/100\n|move|p2a: Swampert|Ice Punch|p1b: Iron Treads\n|-supereffective|p1b: Iron Treads\n|-damage|p1b: Iron Treads|67\/100\n|-status|p1b: Iron Treads|frz\n|move|p2b: Amoonguss|Sludge Bomb|p1a: Sinistcha\n|-damage|p1a: Sinistcha|63\/100\n|\n|-heal|p2a: Swampert|16\/100|[from] item: Leftovers\n|upkeep\n|turn|3\n|\n|t:|1695402733\n|cant|p1b: Iron Treads|frz\n|move|p1a: Sinistcha|Shadow Ball|p2a: Swampert\n|-damage|p2a: Swampert|0 fnt\n|faint|p2a: Swampert\n|move|p2b: Amoonguss|Synthesis|p2b: Amoonguss\n|-heal|p2b: Amoonguss|52\/100\n|\n|upkeep\n|\n|t:|1695402748\n|switch|p2a: Cinderace|Cinderace, M, shiny|100\/100\n|turn|4\n|\n|t:|1695402758\n|-curestatus|p1b: Iron Treads|frz|[msg]\n|move|p1b: Iron Treads|Earthquake|p2b: Amoonguss|[spread] p1a,p2a,p2b\n|-resisted|p1a: Sinistcha\n|-supereffective|p2a: Cinderace\n|-damage|p1a: Sinistcha|49\/100\n|-damage|p2a: Cinderace|0 fnt\n|-damage|p2b: Amoonguss|1\/100\n|faint|p2a: Cinderace\n|move|p1a: Sinistcha|Shadow Ball|p2b: Amoonguss\n|-damage|p2b: Amoonguss|0 fnt\n|faint|p2b: Amoonguss\n|\n|upkeep\n|\n|t:|1695402766\n|switch|p2a: Tapu Koko|Tapu Koko|100\/100\n|switch|p2b: Aegislash|Aegislash, F, shiny|100\/100\n|turn|5\n|\n|t:|1695402783\n|move|p1a: Sinistcha|Protect|p1a: Sinistcha\n|-singleturn|p1a: Sinistcha|Protect\n|move|p1b: Iron Treads|Knock Off|p2b: Aegislash\n|-supereffective|p2b: Aegislash\n|-damage|p2b: Aegislash|52\/100\n|-enditem|p2b: Aegislash|Leftovers|[from] move: Knock Off|[of] p1b: Iron Treads\n|move|p2a: Tapu Koko|Nature's Madness|p1b: Iron Treads\n|-damage|p1b: Iron Treads|34\/100\n|-formechange|p2b: Aegislash|Aegislash-Blade||[from] ability: Stance Change\n|move|p2b: Aegislash|Sacred Sword|p1b: Iron Treads\n|-damage|p1b: Iron Treads|13\/100\n|\n|-sideend|p1: kingspeed51|Reflect\n|-fieldend|move: Electric Terrain\n|-end|p1b: Iron Treads|Quark Drive\n|upkeep\n|-enditem|p1b: Iron Treads|Booster Energy\n|-activate|p1b: Iron Treads|ability: Quark Drive|[fromitem]\n|-start|p1b: Iron Treads|quarkdrivespe\n|turn|6\n|\n|t:|1695402808\n|move|p1b: Iron Treads|Earthquake|p2a: Tapu Koko|[spread] p1a,p2a,p2b\n|-resisted|p1a: Sinistcha\n|-supereffective|p2a: Tapu Koko\n|-supereffective|p2b: Aegislash\n|-damage|p1a: Sinistcha|25\/100\n|-damage|p2a: Tapu Koko|0 fnt\n|-damage|p2b: Aegislash|0 fnt\n|faint|p2a: Tapu Koko\n|faint|p2b: Aegislash\n|move|p1a: Sinistcha|Shadow Ball|p2: Tapu Koko|[notarget]\n|-fail|p1a: Sinistcha\n|\n|upkeep\n|\n|t:|1695402813\n|switch|p2b: Sinistcha|Sinistcha-Masterpiece|100\/100\n|turn|7\n|\n|t:|1695402823\n|move|p1b: Iron Treads|Knock Off|p2b: Sinistcha\n|-supereffective|p2b: Sinistcha\n|-damage|p2b: Sinistcha|61\/100\n|-enditem|p2b: Sinistcha|Leftovers|[from] move: Knock Off|[of] p1b: Iron Treads\n|move|p1a: Sinistcha|Shadow Ball|p2b: Sinistcha\n|-supereffective|p2b: Sinistcha\n|-damage|p2b: Sinistcha|0 fnt\n|faint|p2b: Sinistcha\n|\n|win|kingspeed51\n|raw|kingspeed51's rating: 1193 &rarr; <strong>1211<\/strong><br \/>(+18 for winning)\n|raw|Aquiley's rating: 1098 &rarr; <strong>1080<\/strong><br \/>(-18 for losing)\n|l|\u2606Aquiley\n","uploadtime":1695402838,"views":9,"p1id":"kingspeed51","p2id":"aquiley","formatid":"gen9nationaldexdoubles","rating":1080,"private":0,"password":""}