{"id":"gen9nationaldexdoubles-1965197250","p1":"garyjgames","p2":"SuperSonicX3","format":"[Gen 9] National Dex Doubles","log":"|j|\u2606garyjgames\n|j|\u2606SuperSonicX3\n|t:|1697050141\n|gametype|doubles\n|player|p1|garyjgames|rancher|1201\n|player|p2|SuperSonicX3|pokekid|1245\n|teamsize|p1|6\n|teamsize|p2|6\n|gen|9\n|tier|[Gen 9] National Dex Doubles\n|rated|\n|rule|HP Percentage Mod: HP is shown in percentages\n|rule|Endless Battle Clause: Forcing endless battles is banned\n|rule|OHKO Clause: OHKO moves are banned\n|rule|Evasion Moves Clause: Evasion moves are banned\n|rule|Evasion Abilities Clause: Evasion abilities are banned\n|rule|Species Clause: Limit one of each Pok\u00e9mon\n|rule|Gravity Sleep Clause: The combination of sleep-inducing moves with imperfect accuracy and Gravity or Gigantamax Orbeetle are banned\n|clearpoke\n|poke|p1|Incineroar, M|\n|poke|p1|Okidogi, M|\n|poke|p1|Cresselia, F|\n|poke|p1|Ursaluna-Bloodmoon, M|\n|poke|p1|Torkoal, F|\n|poke|p1|Spiritomb, M|\n|poke|p2|Pikachu, F|\n|poke|p2|Infernape, M|\n|poke|p2|Sceptile, M|\n|poke|p2|Pelipper, M|\n|poke|p2|Salamence, M|\n|poke|p2|Alakazam, F|\n|teampreview\n|inactive|Battle timer is ON: inactive players will automatically lose when time's up. (requested by SuperSonicX3)\n|\n|t:|1697050147\n|start\n|switch|p1a: Ursaluna|Ursaluna-Bloodmoon, M|100\/100\n|switch|p1b: Cresselia|Cresselia, F|100\/100\n|switch|p2a: Salamence|Salamence, M|100\/100\n|switch|p2b: Alakazam|Alakazam, F|100\/100\n|turn|1\n|\n|t:|1697050166\n|move|p2b: Alakazam|Calm Mind|p2b: Alakazam\n|-boost|p2b: Alakazam|spa|1\n|-boost|p2b: Alakazam|spd|1\n|move|p2a: Salamence|Dragon Dance|p2a: Salamence\n|-boost|p2a: Salamence|atk|1\n|-boost|p2a: Salamence|spe|1\n|move|p1a: Ursaluna|Blood Moon|p2b: Alakazam\n|-damage|p2b: Alakazam|25\/100\n|move|p1b: Cresselia|Trick Room|p1b: Cresselia\n|-fieldstart|move: Trick Room|[of] p1b: Cresselia\n|\n|upkeep\n|turn|2\n|\n|t:|1697050180\n|-terastallize|p1b: Cresselia|Fairy\n|move|p1a: Ursaluna|Hyper Voice|p2b: Alakazam|[spread] p2a,p2b\n|-damage|p2a: Salamence|55\/100\n|-damage|p2b: Alakazam|0 fnt\n|faint|p2b: Alakazam\n|-enditem|p1a: Ursaluna|Throat Spray\n|-boost|p1a: Ursaluna|spa|1|[from] item: Throat Spray\n|move|p1b: Cresselia|Moonblast|p2a: Salamence\n|-supereffective|p2a: Salamence\n|-damage|p2a: Salamence|0 fnt\n|faint|p2a: Salamence\n|\n|upkeep\n|\n|t:|1697050201\n|switch|p2a: Infernape|Infernape, M|100\/100\n|switch|p2b: Pelipper|Pelipper, M|100\/100\n|-weather|RainDance|[from] ability: Drizzle|[of] p2b: Pelipper\n|turn|3\n|\n|t:|1697050224\n|move|p2a: Infernape|Fake Out|p1b: Cresselia\n|-crit|p1b: Cresselia\n|-damage|p1b: Cresselia|89\/100\n|cant|p1b: Cresselia|flinch\n|move|p1a: Ursaluna|Hyper Voice|p2b: Pelipper|[spread] p2a,p2b\n|-crit|p2b: Pelipper\n|-damage|p2a: Infernape|14\/100\n|-enditem|p2b: Pelipper|Focus Sash\n|-damage|p2b: Pelipper|1\/100\n|move|p2b: Pelipper|Hydro Pump|p1a: Ursaluna\n|-supereffective|p1a: Ursaluna\n|-damage|p1a: Ursaluna|0 fnt\n|faint|p1a: Ursaluna\n|\n|-weather|RainDance|[upkeep]\n|-heal|p1b: Cresselia|96\/100|[from] item: Leftovers\n|upkeep\n|\n|t:|1697050236\n|switch|p1a: Torkoal|Torkoal, F|100\/100\n|-weather|SunnyDay|[from] ability: Drought|[of] p1a: Torkoal\n|turn|4\n|\n|t:|1697050247\n|move|p1b: Cresselia|Ally Switch|p1b: Cresselia\n|swap|p1b: Cresselia|0|[from] move: Ally Switch\n|move|p1b: Torkoal|Eruption|p2a: Infernape|[spread] p2a,p2b\n|-resisted|p2a: Infernape\n|-resisted|p2b: Pelipper\n|-damage|p2a: Infernape|0 fnt\n|-damage|p2b: Pelipper|0 fnt\n|faint|p2a: Infernape\n|faint|p2b: Pelipper\n|\n|-weather|SunnyDay|[upkeep]\n|-heal|p1a: Cresselia|100\/100|[from] item: Leftovers\n|upkeep\n|\n|t:|1697050256\n|switch|p2b: Pikachu|Pikachu, F|100\/100\n|switch|p2a: Sceptile|Sceptile, M|100\/100\n|turn|5\n|\n|t:|1697050265\n|detailschange|p2a: Sceptile|Sceptile-Mega, M\n|-mega|p2a: Sceptile|Sceptile|Sceptilite\n|-terastallize|p2b: Pikachu|Flying\n|move|p1b: Torkoal|Eruption|p2b: Pikachu|[spread] p2a,p2b\n|-damage|p2a: Sceptile|0 fnt\n|-damage|p2b: Pikachu|0 fnt\n|faint|p2a: Sceptile\n|faint|p2b: Pikachu\n|\n|win|garyjgames\n|raw|garyjgames's rating: 1201 &rarr; <strong>1229<\/strong><br \/>(+28 for winning)\n|raw|SuperSonicX3's rating: 1245 &rarr; <strong>1217<\/strong><br \/>(-28 for losing)\n|l|\u2606SuperSonicX3\n","uploadtime":1697050311,"views":8,"p1id":"garyjgames","p2id":"supersonicx3","formatid":"gen9nationaldexdoubles","rating":1217,"private":0,"password":""}