{"id":"gen9nationaldexdoubles-1969204427","p1":"TheCameraMan000","p2":"El Ryuk456","format":"[Gen 9] National Dex Doubles","log":"|j|\u2606TheCameraMan000\n|j|\u2606El Ryuk456\n|t:|1697500120\n|gametype|doubles\n|player|p1|TheCameraMan000|cameraman|1206\n|player|p2|El Ryuk456|ingo|1418\n|teamsize|p1|6\n|teamsize|p2|6\n|gen|9\n|tier|[Gen 9] National Dex Doubles\n|rated|\n|rule|HP Percentage Mod: HP is shown in percentages\n|rule|Endless Battle Clause: Forcing endless battles is banned\n|rule|OHKO Clause: OHKO moves are banned\n|rule|Evasion Moves Clause: Evasion moves are banned\n|rule|Evasion Abilities Clause: Evasion abilities are banned\n|rule|Species Clause: Limit one of each Pok\u00e9mon\n|rule|Gravity Sleep Clause: The combination of sleep-inducing moves with imperfect accuracy and Gravity or Gigantamax Orbeetle are banned\n|clearpoke\n|poke|p1|Torkoal, M|\n|poke|p1|Walking Wake|\n|poke|p1|Charizard, F|\n|poke|p1|Heatran, M|\n|poke|p1|Brute Bonnet|\n|poke|p1|Arcanine-Hisui, F|\n|poke|p2|Wo-Chien|\n|poke|p2|Hippowdon, M|\n|poke|p2|Sableye, M|\n|poke|p2|Toxapex, F|\n|poke|p2|Houndstone, M|\n|poke|p2|Tapu Koko|\n|teampreview\n|inactive|Battle timer is ON: inactive players will automatically lose when time's up. (requested by TheCameraMan000)\n|\n|t:|1697500140\n|start\n|switch|p1a: Torkoal|Torkoal, M|100\/100\n|switch|p1b: Walking Wake|Walking Wake|100\/100\n|switch|p2a: Tapu Koko|Tapu Koko, shiny|100\/100\n|switch|p2b: Yami|Sableye, M|100\/100\n|-fieldstart|move: Electric Terrain|[from] ability: Electric Surge|[of] p2a: Tapu Koko\n|-weather|SunnyDay|[from] ability: Drought|[of] p1a: Torkoal\n|-activate|p1b: Walking Wake|ability: Protosynthesis\n|-start|p1b: Walking Wake|protosynthesisspe\n|turn|1\n|\n|t:|1697500161\n|-terastallize|p1b: Walking Wake|Water\n|move|p2b: Yami|Fake Out|p1b: Walking Wake\n|-damage|p1b: Walking Wake|93\/100\n|cant|p1b: Walking Wake|flinch\n|move|p2a: Tapu Koko|Volt Switch|p1a: Torkoal\n|-crit|p1a: Torkoal\n|-damage|p1a: Torkoal|21\/100\n|\n|t:|1697500172\n|switch|p2a: Simun|Hippowdon, M|100\/100|[from] Volt Switch\n|-weather|Sandstorm|[from] ability: Sand Stream|[of] p2a: Simun\n|-end|p1b: Walking Wake|Protosynthesis\n|move|p1a: Torkoal|Eruption|p2a: Simun|[spread] p2a,p2b\n|-damage|p2a: Simun|94\/100\n|-damage|p2b: Yami|91\/100\n|\n|-weather|Sandstorm|[upkeep]\n|-damage|p1b: Walking Wake|86\/100|[from] Sandstorm\n|-damage|p1a: Torkoal|15\/100|[from] Sandstorm\n|-damage|p2b: Yami|85\/100|[from] Sandstorm\n|upkeep\n|turn|2\n|\n|t:|1697500202\n|switch|p1a: Heatran|Heatran, M|100\/100\n|move|p2a: Simun|Protect|p2a: Simun\n|-singleturn|p2a: Simun|Protect\n|move|p2b: Yami|Will-O-Wisp|p1b: Walking Wake\n|-status|p1b: Walking Wake|brn\n|move|p1b: Walking Wake|Hydro Steam|p2a: Simun\n|-activate|p2a: Simun|move: Protect\n|\n|-weather|Sandstorm|[upkeep]\n|-damage|p1b: Walking Wake|80\/100 brn|[from] Sandstorm\n|-damage|p2b: Yami|79\/100|[from] Sandstorm\n|-damage|p1b: Walking Wake|74\/100 brn|[from] brn\n|upkeep\n|turn|3\n|\n|t:|1697500222\n|switch|p2b: Mastema|Toxapex, F|100\/100\n|switch|p2a: Snorlock|Wo-Chien|100\/100\n|-ability|p2a: Snorlock|Tablets of Ruin\n|move|p1b: Walking Wake|Hydro Steam|p2a: Snorlock\n|-resisted|p2a: Snorlock\n|-damage|p2a: Snorlock|77\/100\n|move|p1a: Heatran|Lava Plume|p2a: Snorlock|[spread] p1b,p2a,p2b\n|-resisted|p1b: Walking Wake\n|-supereffective|p2a: Snorlock\n|-resisted|p2b: Mastema\n|-damage|p1b: Walking Wake|55\/100 brn\n|-damage|p2a: Snorlock|42\/100\n|-damage|p2b: Mastema|87\/100\n|-status|p2a: Snorlock|brn\n|-status|p2b: Mastema|brn\n|\n|-weather|Sandstorm|[upkeep]\n|-damage|p1b: Walking Wake|48\/100 brn|[from] Sandstorm\n|-damage|p2a: Snorlock|36\/100 brn|[from] Sandstorm\n|-damage|p2b: Mastema|81\/100 brn|[from] Sandstorm\n|-heal|p2a: Snorlock|42\/100 brn|[from] item: Leftovers\n|-heal|p2b: Mastema|87\/100 brn|[from] item: Black Sludge\n|-damage|p1b: Walking Wake|42\/100 brn|[from] brn\n|-damage|p2a: Snorlock|36\/100 brn|[from] brn\n|-damage|p2b: Mastema|81\/100 brn|[from] brn\n|upkeep\n|turn|4\n|\n|t:|1697500251\n|move|p2b: Mastema|Wide Guard|p2b: Mastema\n|-singleturn|p2b: Mastema|Wide Guard\n|move|p1b: Walking Wake|Hydro Steam|p1a: Heatran\n|-supereffective|p1a: Heatran\n|-damage|p1a: Heatran|0 fnt\n|faint|p1a: Heatran\n|move|p2a: Snorlock|Leech Seed|p1b: Walking Wake\n|-start|p1b: Walking Wake|move: Leech Seed\n|\n|-weather|Sandstorm|[upkeep]\n|-damage|p1b: Walking Wake|36\/100 brn|[from] Sandstorm\n|-damage|p2a: Snorlock|30\/100 brn|[from] Sandstorm\n|-damage|p2b: Mastema|75\/100 brn|[from] Sandstorm\n|-heal|p2a: Snorlock|36\/100 brn|[from] item: Leftovers\n|-heal|p2b: Mastema|81\/100 brn|[from] item: Black Sludge\n|-damage|p1b: Walking Wake|24\/100 brn|[from] Leech Seed|[of] p2a: Snorlock\n|-heal|p2a: Snorlock|47\/100 brn|[silent]\n|-damage|p1b: Walking Wake|18\/100 brn|[from] brn\n|-damage|p2a: Snorlock|41\/100 brn|[from] brn\n|-damage|p2b: Mastema|75\/100 brn|[from] brn\n|upkeep\n|c|\u2606El Ryuk456|?\n|inactive|TheCameraMan000 has 120 seconds left.\n|\n|t:|1697500270\n|switch|p1a: Torkoal|Torkoal, M|15\/100\n|-weather|SunnyDay|[from] ability: Drought|[of] p1a: Torkoal\n|-activate|p1b: Walking Wake|ability: Protosynthesis\n|-start|p1b: Walking Wake|protosynthesisspe\n|turn|5\n|\n|t:|1697500280\n|move|p2a: Snorlock|Protect|p2a: Snorlock\n|-singleturn|p2a: Snorlock|Protect\n|move|p2b: Mastema|Baneful Bunker||[still]\n|-fail|p2b: Mastema\n|move|p1b: Walking Wake|Hydro Steam|p2a: Snorlock\n|-activate|p2a: Snorlock|move: Protect\n|move|p1a: Torkoal|Solar Beam||[still]\n|-prepare|p1a: Torkoal|Solar Beam\n|-anim|p1a: Torkoal|Solar Beam|p2b: Mastema\n|-damage|p2b: Mastema|51\/100 brn\n|\n|-weather|SunnyDay|[upkeep]\n|-heal|p2a: Snorlock|47\/100 brn|[from] item: Leftovers\n|-heal|p2b: Mastema|57\/100 brn|[from] item: Black Sludge\n|-damage|p1b: Walking Wake|5\/100 brn|[from] Leech Seed|[of] p2a: Snorlock\n|-heal|p2a: Snorlock|58\/100 brn|[silent]\n|-damage|p1b: Walking Wake|0 fnt|[from] brn\n|faint|p1b: Walking Wake\n|-end|p1b: Walking Wake|Protosynthesis|[silent]\n|-damage|p2a: Snorlock|52\/100 brn|[from] brn\n|-damage|p2b: Mastema|51\/100 brn|[from] brn\n|-fieldend|move: Electric Terrain\n|upkeep\n|inactive|TheCameraMan000 has 120 seconds left.\n|\n|t:|1697500307\n|switch|p1b: Arcanine|Arcanine-Hisui, F|100\/100\n|turn|6\n|\n|t:|1697500327\n|switch|p2a: Simun|Hippowdon, M|94\/100\n|-weather|Sandstorm|[from] ability: Sand Stream|[of] p2a: Simun\n|move|p1b: Arcanine|Flare Blitz|p2b: Mastema\n|-resisted|p2b: Mastema\n|-damage|p2b: Mastema|33\/100 brn\n|move|p1a: Torkoal|Solar Beam||[still]\n|-prepare|p1a: Torkoal|Solar Beam\n|move|p2b: Mastema|Infestation|p1b: Arcanine\n|-resisted|p1b: Arcanine\n|-damage|p1b: Arcanine|99\/100\n|-activate|p1b: Arcanine|move: Infestation|[of] p2b: Mastema\n|-damage|p2b: Mastema|17\/100 brn|[from] item: Rocky Helmet|[of] p1b: Arcanine\n|\n|-weather|Sandstorm|[upkeep]\n|-damage|p1a: Torkoal|9\/100|[from] Sandstorm\n|-damage|p2b: Mastema|11\/100 brn|[from] Sandstorm\n|-heal|p2b: Mastema|17\/100 brn|[from] item: Black Sludge\n|-damage|p2b: Mastema|11\/100 brn|[from] brn\n|-damage|p1b: Arcanine|87\/100|[from] move: Infestation|[partiallytrapped]\n|upkeep\n|turn|7\n|\n|t:|1697500355\n|switch|p2b: Yami|Sableye, M|79\/100\n|move|p1b: Arcanine|Head Smash|p2a: Simun\n|-resisted|p2a: Simun\n|-damage|p2a: Simun|68\/100\n|move|p1a: Torkoal|Solar Beam|p2b: Yami|[from]lockedmove\n|-damage|p2b: Yami|60\/100\n|move|p2a: Simun|Sand Tomb|p1b: Arcanine\n|-supereffective|p1b: Arcanine\n|-damage|p1b: Arcanine|7\/100\n|\n|-weather|Sandstorm|[upkeep]\n|-damage|p1a: Torkoal|3\/100|[from] Sandstorm\n|-damage|p2b: Yami|54\/100|[from] Sandstorm\n|-end|p1b: Arcanine|Infestation|[partiallytrapped]|[silent]\n|upkeep\n|turn|8\n|\n|t:|1697500382\n|move|p2b: Yami|Fake Out|p1b: Arcanine\n|-resisted|p1b: Arcanine\n|-damage|p1b: Arcanine|3\/100\n|-damage|p2b: Yami|38\/100|[from] item: Rocky Helmet|[of] p1b: Arcanine\n|cant|p1b: Arcanine|flinch\n|move|p1a: Torkoal|Ancient Power|p2b: Yami\n|-damage|p2b: Yami|20\/100\n|-enditem|p2b: Yami|Aguav Berry|[eat]\n|-heal|p2b: Yami|53\/100|[from] item: Aguav Berry\n|move|p2a: Simun|Sand Tomb|p1a: Torkoal\n|-supereffective|p1a: Torkoal\n|-damage|p1a: Torkoal|0 fnt\n|faint|p1a: Torkoal\n|\n|-weather|Sandstorm|[upkeep]\n|-damage|p2b: Yami|47\/100|[from] Sandstorm\n|upkeep\n|inactive|TheCameraMan000 has 120 seconds left.\n|\n|t:|1697500402\n|switch|p1a: Charizard|Charizard, F, shiny|100\/100\n|turn|9\n|\n|t:|1697500417\n|switch|p2b: Mastema|Toxapex, F|44\/100 brn\n|detailschange|p1a: Charizard|Charizard-Mega-Y, F, shiny\n|-mega|p1a: Charizard|Charizard|Charizardite Y\n|-weather|SunnyDay|[from] ability: Drought|[of] p1a: Charizard\n|move|p2a: Simun|Protect|p2a: Simun\n|-singleturn|p2a: Simun|Protect\n|move|p1a: Charizard|Flamethrower|p2a: Simun\n|-activate|p2a: Simun|move: Protect\n|move|p1b: Arcanine|Head Smash|p2b: Mastema\n|-damage|p2b: Mastema|0 fnt\n|faint|p2b: Mastema\n|\n|-weather|SunnyDay|[upkeep]\n|upkeep\n|\n|t:|1697500436\n|switch|p2b: Yami|Sableye, M|47\/100\n|turn|10\n|\n|t:|1697500445\n|switch|p2a: Snorlock|Wo-Chien|52\/100 brn\n|-ability|p2a: Snorlock|Tablets of Ruin\n|move|p1a: Charizard|Protect|p1a: Charizard\n|-singleturn|p1a: Charizard|Protect\n|move|p2b: Yami|Fake Out|p1b: Arcanine\n|-resisted|p1b: Arcanine\n|-damage|p1b: Arcanine|0 fnt\n|-damage|p2b: Yami|30\/100|[from] item: Rocky Helmet|[of] p1b: Arcanine\n|faint|p1b: Arcanine\n|\n|-weather|SunnyDay|[upkeep]\n|-heal|p2a: Snorlock|58\/100 brn|[from] item: Leftovers\n|-damage|p2a: Snorlock|52\/100 brn|[from] brn\n|upkeep\n|\n|t:|1697500461\n|switch|p1b: Brute Bonnet|Brute Bonnet|100\/100\n|-activate|p1b: Brute Bonnet|ability: Protosynthesis\n|-start|p1b: Brute Bonnet|protosynthesisspd\n|turn|11\n|\n|t:|1697500472\n|-terastallize|p2a: Snorlock|Water\n|move|p2b: Yami|Quash|p1a: Charizard\n|-activate|p1a: Charizard|move: Quash\n|move|p2a: Snorlock|Leech Seed|p1a: Charizard\n|-start|p1a: Charizard|move: Leech Seed\n|move|p1b: Brute Bonnet|Trailblaze|p2b: Yami\n|-damage|p2b: Yami|7\/100\n|-boost|p1b: Brute Bonnet|spe|1\n|move|p1a: Charizard|Flamethrower|p2a: Snorlock\n|-resisted|p2a: Snorlock\n|-damage|p2a: Snorlock|30\/100 brn\n|\n|-weather|SunnyDay|[upkeep]\n|-heal|p2a: Snorlock|37\/100 brn|[from] item: Leftovers\n|-damage|p1a: Charizard|88\/100|[from] Leech Seed|[of] p2a: Snorlock\n|-heal|p2a: Snorlock|46\/100 brn|[silent]\n|-damage|p2a: Snorlock|40\/100 brn|[from] brn\n|upkeep\n|turn|12\n|\n|t:|1697500496\n|switch|p2b: Simun|Hippowdon, M|68\/100\n|-weather|Sandstorm|[from] ability: Sand Stream|[of] p2b: Simun\n|-end|p1b: Brute Bonnet|Protosynthesis\n|move|p2a: Snorlock|Protect|p2a: Snorlock\n|-singleturn|p2a: Snorlock|Protect\n|move|p1a: Charizard|Ancient Power|p2b: Simun\n|-resisted|p2b: Simun\n|-damage|p2b: Simun|59\/100\n|move|p1b: Brute Bonnet|Seed Bomb|p2a: Snorlock\n|-activate|p2a: Snorlock|move: Protect\n|\n|-weather|Sandstorm|[upkeep]\n|-damage|p1a: Charizard|82\/100|[from] Sandstorm\n|-damage|p1b: Brute Bonnet|94\/100|[from] Sandstorm\n|-damage|p2a: Snorlock|34\/100 brn|[from] Sandstorm\n|-heal|p2a: Snorlock|40\/100 brn|[from] item: Leftovers\n|-damage|p1a: Charizard|70\/100|[from] Leech Seed|[of] p2a: Snorlock\n|-heal|p2a: Snorlock|50\/100 brn|[silent]\n|-damage|p2a: Snorlock|44\/100 brn|[from] brn\n|upkeep\n|turn|13\n|\n|t:|1697500521\n|move|p1a: Charizard|Flamethrower|p2a: Snorlock\n|-resisted|p2a: Snorlock\n|-damage|p2a: Snorlock|28\/100 brn\n|move|p1b: Brute Bonnet|Trailblaze|p2b: Simun\n|-supereffective|p2b: Simun\n|-damage|p2b: Simun|36\/100\n|-boost|p1b: Brute Bonnet|spe|1\n|move|p2a: Snorlock|Pollen Puff|p1b: Brute Bonnet\n|-supereffective|p1b: Brute Bonnet\n|-damage|p1b: Brute Bonnet|46\/100\n|move|p2b: Simun|Sand Tomb|p1b: Brute Bonnet\n|-resisted|p1b: Brute Bonnet\n|-damage|p1b: Brute Bonnet|42\/100\n|-activate|p1b: Brute Bonnet|move: Sand Tomb|[of] p2b: Simun\n|\n|-weather|Sandstorm|[upkeep]\n|-damage|p1a: Charizard|63\/100|[from] Sandstorm\n|-damage|p1b: Brute Bonnet|36\/100|[from] Sandstorm\n|-damage|p2a: Snorlock|22\/100 brn|[from] Sandstorm\n|-heal|p2a: Snorlock|28\/100 brn|[from] item: Leftovers\n|-damage|p1a: Charizard|51\/100|[from] Leech Seed|[of] p2a: Snorlock\n|-heal|p2a: Snorlock|38\/100 brn|[silent]\n|-damage|p2a: Snorlock|32\/100 brn|[from] brn\n|-damage|p1b: Brute Bonnet|23\/100|[from] move: Sand Tomb|[partiallytrapped]\n|upkeep\n|turn|14\n|inactive|TheCameraMan000 has 120 seconds left.\n|\n|t:|1697500557\n|move|p1a: Charizard|Ancient Power|p2b: Simun\n|-resisted|p2b: Simun\n|-damage|p2b: Simun|27\/100\n|move|p1b: Brute Bonnet|Trailblaze|p2a: Snorlock\n|-supereffective|p2a: Snorlock\n|-damage|p2a: Snorlock|3\/100 brn\n|-boost|p1b: Brute Bonnet|spe|1\n|move|p2a: Snorlock|Pollen Puff|p2b: Simun\n|-heal|p2b: Simun|77\/100\n|move|p2b: Simun|Stone Edge|p1a: Charizard\n|-supereffective|p1a: Charizard\n|-damage|p1a: Charizard|0 fnt\n|faint|p1a: Charizard\n|\n|-weather|Sandstorm|[upkeep]\n|-damage|p1b: Brute Bonnet|17\/100|[from] Sandstorm\n|-damage|p2a: Snorlock|0 fnt|[from] Sandstorm\n|faint|p2a: Snorlock\n|-damage|p1b: Brute Bonnet|5\/100|[from] move: Sand Tomb|[partiallytrapped]\n|upkeep\n|inactive|El Ryuk456 has 120 seconds left.\n|\n|t:|1697500571\n|switch|p2a: Yami|Sableye, M|7\/100\n|turn|15\n|c|\u2606El Ryuk456|gg\n|\n|t:|1697500583\n|move|p2a: Yami|Fake Out|p1b: Brute Bonnet\n|-damage|p1b: Brute Bonnet|0 fnt\n|faint|p1b: Brute Bonnet\n|-end|p1b: Brute Bonnet|Protosynthesis|[silent]\n|\n|win|El Ryuk456\n|raw|TheCameraMan000's rating: 1206 &rarr; <strong>1195<\/strong><br \/>(-11 for losing)\n|raw|El Ryuk456's rating: 1418 &rarr; <strong>1427<\/strong><br \/>(+9 for winning)\n","uploadtime":1697500590,"views":7,"p1id":"thecameraman000","p2id":"elryuk456","formatid":"gen9nationaldexdoubles","rating":1195,"private":0,"password":""}