{"id":"gen9nationaldexdoubles-1961886713","p1":"Leonarth5","p2":"Zelphalopod","format":"[Gen 9] National Dex Doubles","log":"|j|\u2606Leonarth5\n|j|\u2606Zelphalopod\n|t:|1696685151\n|gametype|doubles\n|player|p1|Leonarth5|acetrainersnowf|\n|player|p2|Zelphalopod|brendan-masters|\n|teamsize|p1|6\n|teamsize|p2|6\n|gen|9\n|tier|[Gen 9] National Dex Doubles\n|rule|HP Percentage Mod: HP is shown in percentages\n|rule|Endless Battle Clause: Forcing endless battles is banned\n|rule|OHKO Clause: OHKO moves are banned\n|rule|Evasion Moves Clause: Evasion moves are banned\n|rule|Evasion Abilities Clause: Evasion abilities are banned\n|rule|Species Clause: Limit one of each Pok\u00e9mon\n|rule|Gravity Sleep Clause: The combination of sleep-inducing moves with imperfect accuracy and Gravity or Gigantamax Orbeetle are banned\n|clearpoke\n|poke|p1|Muk-Alola, F|\n|poke|p1|Azumarill, M|\n|poke|p1|Scizor, M|\n|poke|p1|Cresselia, F|\n|poke|p1|Landorus, M|\n|poke|p1|Meowscarada, M|\n|poke|p2|Blaziken, M|\n|poke|p2|Samurott-Hisui, M|\n|poke|p2|Gyarados, M|\n|poke|p2|Volcanion|\n|poke|p2|Wo-Chien|\n|poke|p2|Lilligant-Hisui, F|\n|teampreview\n|j| 2wb\n|j| Datagne\n|j| SgtSmilies\n|c| Datagne|Kick his ass Abzel\n|\n|t:|1696685186\n|start\n|switch|p1a: Azumarill|Azumarill, M, shiny|100\/100\n|switch|p1b: Cresselia|Cresselia, F, shiny|100\/100\n|switch|p2a: Shui-Long|Gyarados, M|100\/100\n|switch|p2b: Storm|Volcanion|100\/100\n|-ability|p2a: Shui-Long|Intimidate|boost\n|-unboost|p1a: Azumarill|atk|1\n|-unboost|p1b: Cresselia|atk|1\n|turn|1\n|j| Play Tale of Wuxia\n|\n|t:|1696685211\n|-terastallize|p1a: Azumarill|Electric\n|move|p2a: Shui-Long|Taunt|p1b: Cresselia\n|-start|p1b: Cresselia|move: Taunt\n|move|p2b: Storm|Steam Eruption|p1b: Cresselia\n|-crit|p1b: Cresselia\n|-damage|p1b: Cresselia|54\/100\n|move|p1a: Azumarill|Tera Blast|p2b: Storm|[anim] Tera Blast Electric\n|-supereffective|p2b: Storm\n|-damage|p2b: Storm|77\/100\n|cant|p1b: Cresselia|move: Taunt|Trick Room\n|\n|upkeep\n|turn|2\n|\n|t:|1696685240\n|move|p2a: Shui-Long|Waterfall|p1b: Cresselia\n|-damage|p1b: Cresselia|22\/100\n|move|p1b: Cresselia|Thunderbolt|p2b: Storm\n|-supereffective|p2b: Storm\n|-damage|p2b: Storm|52\/100\n|move|p2b: Storm|Heat Wave|p1a: Azumarill|[spread] p1a,p1b\n|-damage|p1a: Azumarill|62\/100\n|-damage|p1b: Cresselia|4\/100\n|move|p1a: Azumarill|Tera Blast|p2b: Storm|[anim] Tera Blast Electric\n|-supereffective|p2b: Storm\n|-damage|p2b: Storm|29\/100\n|\n|upkeep\n|turn|3\n|\n|t:|1696685275\n|move|p2a: Shui-Long|Waterfall|p1b: Cresselia\n|-damage|p1b: Cresselia|0 fnt\n|faint|p1b: Cresselia\n|move|p2b: Storm|Earth Power|p1a: Azumarill\n|-supereffective|p1a: Azumarill\n|-damage|p1a: Azumarill|0 fnt\n|faint|p1a: Azumarill\n|\n|upkeep\n|\n|t:|1696685289\n|switch|p1b: Muk|Muk-Alola, F, shiny|100\/100\n|switch|p1a: Landorus|Landorus, M|100\/100\n|turn|4\n|\n|t:|1696685297\n|-terastallize|p2a: Shui-Long|Ice\n|move|p1a: Landorus|Earth Power|p2b: Storm\n|-supereffective|p2b: Storm\n|-damage|p2b: Storm|0 fnt\n|faint|p2b: Storm\n|move|p2a: Shui-Long|Tera Blast|p1a: Landorus|[anim] Tera Blast Ice\n|-supereffective|p1a: Landorus\n|-damage|p1a: Landorus|0 fnt\n|faint|p1a: Landorus\n|-ability|p1b: Muk|Sheer Force|[from] ability: Power of Alchemy|[of] p1a: Landorus\n|move|p1b: Muk|Thunder Punch|p2a: Shui-Long\n|-damage|p2a: Shui-Long|65\/100\n|\n|upkeep\n|\n|t:|1696685314\n|switch|p1a: Scizor|Scizor, M|100\/100\n|switch|p2b: Yin|Samurott-Hisui, M|100\/100\n|turn|5\n|\n|t:|1696685333\n|switch|p2b: Taro|Blaziken, M|100\/100\n|move|p2a: Shui-Long|Protect|p2a: Shui-Long\n|-singleturn|p2a: Shui-Long|Protect\n|move|p1a: Scizor|Bullet Punch|p2a: Shui-Long\n|-activate|p2a: Shui-Long|move: Protect\n|move|p1b: Muk|Drain Punch|p2a: Shui-Long\n|-activate|p2a: Shui-Long|move: Protect\n|\n|upkeep\n|turn|6\n|\n|t:|1696685377\n|switch|p2a: Fan-Ying|Wo-Chien|100\/100\n|-ability|p2a: Fan-Ying|Tablets of Ruin\n|move|p1a: Scizor|Bullet Punch|p2a: Fan-Ying\n|-damage|p2a: Fan-Ying|77\/100\n|move|p2b: Taro|U-turn|p1b: Muk\n|-damage|p1b: Muk|72\/100\n|\n|t:|1696685385\n|switch|p2b: Shui-Long|Gyarados, M, tera:Ice|65\/100|[from] U-turn\n|-ability|p2b: Shui-Long|Intimidate|boost\n|-unboost|p1a: Scizor|atk|1\n|-unboost|p1b: Muk|atk|1\n|move|p1b: Muk|Drain Punch|p2a: Fan-Ying\n|-supereffective|p2a: Fan-Ying\n|-damage|p2a: Fan-Ying|57\/100\n|-heal|p1b: Muk|80\/100|[from] drain|[of] p2a: Fan-Ying\n|\n|-heal|p2a: Fan-Ying|63\/100|[from] item: Leftovers\n|upkeep\n|turn|7\n|\n|t:|1696685412\n|move|p1a: Scizor|Bullet Punch|p2b: Shui-Long\n|-supereffective|p2b: Shui-Long\n|-damage|p2b: Shui-Long|28\/100\n|move|p2b: Shui-Long|Tera Blast|p1b: Muk|[anim] Tera Blast Ice\n|-damage|p1b: Muk|43\/100\n|move|p2a: Fan-Ying|Foul Play|p1a: Scizor\n|-damage|p1a: Scizor|53\/100\n|move|p1b: Muk|Poison Jab|p2a: Fan-Ying\n|-supereffective|p2a: Fan-Ying\n|-damage|p2a: Fan-Ying|23\/100\n|\n|-heal|p2a: Fan-Ying|29\/100|[from] item: Leftovers\n|upkeep\n|turn|8\n|\n|t:|1696685444\n|move|p2b: Shui-Long|Protect|p2b: Shui-Long\n|-singleturn|p2b: Shui-Long|Protect\n|move|p1a: Scizor|Bullet Punch|p2b: Shui-Long\n|-activate|p2b: Shui-Long|move: Protect\n|move|p2a: Fan-Ying|Foul Play|p1a: Scizor\n|-damage|p1a: Scizor|11\/100\n|move|p1b: Muk|Poison Jab|p2a: Fan-Ying\n|-supereffective|p2a: Fan-Ying\n|-damage|p2a: Fan-Ying|0 fnt\n|faint|p2a: Fan-Ying\n|\n|upkeep\n|\n|t:|1696685461\n|switch|p2a: Anemone|Lilligant-Hisui, F, shiny|100\/100\n|turn|9\n|\n|t:|1696685467\n|switch|p1a: Meowscarada|Meowscarada, M, shiny|100\/100\n|switch|p2b: Taro|Blaziken, M|100\/100\n|move|p2a: Anemone|Close Combat|p1b: Muk\n|-damage|p1b: Muk|0 fnt\n|-unboost|p2a: Anemone|def|1\n|-unboost|p2a: Anemone|spd|1\n|faint|p1b: Muk\n|\n|upkeep\n|\n|t:|1696685477\n|switch|p1b: Scizor|Scizor, M|11\/100\n|turn|10\n|\n|t:|1696685492\n|move|p1b: Scizor|Dual Wingbeat|p2a: Anemone\n|-supereffective|p2a: Anemone\n|-enditem|p2a: Anemone|Focus Sash\n|-damage|p2a: Anemone|1\/100\n|-supereffective|p2a: Anemone\n|-damage|p2a: Anemone|0 fnt\n|faint|p2a: Anemone\n|-hitcount|p2: Anemone|2\n|move|p1a: Meowscarada|Play Rough|p2b: Taro\n|-start|p1a: Meowscarada|typechange|Fairy|[from] ability: Protean\n|-damage|p2b: Taro|35\/100\n|move|p2b: Taro|Earthquake|p1b: Scizor|[spread] p1a,p1b\n|-damage|p1a: Meowscarada|41\/100\n|-damage|p1b: Scizor|0 fnt\n|faint|p1b: Scizor\n|\n|-ability|p2b: Taro|Speed Boost|boost\n|-boost|p2b: Taro|spe|1\n|upkeep\n|c|\u2606Zelphalopod|damn\n|\n|t:|1696685509\n|switch|p2a: Yin|Samurott-Hisui, M|100\/100\n|turn|11\n|\n|t:|1696685523\n|move|p2b: Taro|Earthquake|p1a: Meowscarada|[spread] p2a,p1a\n|-damage|p2a: Yin|55\/100\n|-damage|p1a: Meowscarada|0 fnt\n|faint|p1a: Meowscarada\n|\n|win|Zelphalopod\n","uploadtime":1696685531,"views":9,"p1id":"leonarth5","p2id":"zelphalopod","formatid":"gen9nationaldexdoubles","rating":0,"private":0,"password":""}