{"id":"gen9nationaldexdoubles-1958348581","p1":"impastabot4000","p2":"conbomb","format":"[Gen 9] National Dex Doubles","log":"|j|\u2606impastabot4000\n|j|\u2606conbomb\n|t:|1696316064\n|gametype|doubles\n|player|p1|impastabot4000|nate|1181\n|player|p2|conbomb|swimmer-gen4dp|1180\n|teamsize|p1|6\n|teamsize|p2|6\n|gen|9\n|tier|[Gen 9] National Dex Doubles\n|rated|\n|rule|HP Percentage Mod: HP is shown in percentages\n|rule|Endless Battle Clause: Forcing endless battles is banned\n|rule|OHKO Clause: OHKO moves are banned\n|rule|Evasion Moves Clause: Evasion moves are banned\n|rule|Evasion Abilities Clause: Evasion abilities are banned\n|rule|Species Clause: Limit one of each Pok\u00e9mon\n|rule|Gravity Sleep Clause: The combination of sleep-inducing moves with imperfect accuracy and Gravity or Gigantamax Orbeetle are banned\n|clearpoke\n|poke|p1|Kommo-o, F|\n|poke|p1|Ninetales-Alola, M|\n|poke|p1|Wo-Chien|\n|poke|p1|Sinistcha-Masterpiece|\n|poke|p1|Incineroar, M|\n|poke|p1|Landorus, M|\n|poke|p2|Regigigas|\n|poke|p2|Flamigo, F|\n|poke|p2|Ursaluna-Bloodmoon, M|\n|poke|p2|Audino, F|\n|poke|p2|Oranguru, M|\n|poke|p2|Malamar, M|\n|teampreview\n|inactive|Battle timer is ON: inactive players will automatically lose when time's up. (requested by impastabot4000)\n|\n|t:|1696316091\n|start\n|switch|p1a: Landorus|Landorus, M|100\/100\n|switch|p1b: Wo-Chien|Wo-Chien|100\/100\n|switch|p2a: Oranguru|Oranguru, M|100\/100\n|switch|p2b: Ursaluna|Ursaluna-Bloodmoon, M|100\/100\n|-ability|p1b: Wo-Chien|Tablets of Ruin\n|turn|1\n|\n|t:|1696316115\n|move|p1a: Landorus|Taunt|p2a: Oranguru\n|-start|p2a: Oranguru|move: Taunt\n|-enditem|p2a: Oranguru|Mental Herb\n|-end|p2a: Oranguru|move: Taunt\n|move|p1b: Wo-Chien|Leech Seed|p2a: Oranguru\n|-start|p2a: Oranguru|move: Leech Seed\n|move|p2b: Ursaluna|Calm Mind|p2b: Ursaluna\n|-boost|p2b: Ursaluna|spa|1\n|-boost|p2b: Ursaluna|spd|1\n|move|p2a: Oranguru|Trick Room|p2a: Oranguru\n|-fieldstart|move: Trick Room|[of] p2a: Oranguru\n|\n|-damage|p2a: Oranguru|88\/100|[from] Leech Seed|[of] p1b: Wo-Chien\n|upkeep\n|turn|2\n|\n|t:|1696316135\n|move|p1a: Landorus|Protect|p1a: Landorus\n|-singleturn|p1a: Landorus|Protect\n|move|p2b: Ursaluna|Blood Moon|p1a: Landorus\n|-activate|p1a: Landorus|move: Protect\n|move|p2a: Oranguru|Instruct|p2b: Ursaluna\n|-singleturn|p2b: Ursaluna|move: Instruct|[of] p2a: Oranguru\n|move|p2b: Ursaluna|Blood Moon|p1a: Landorus\n|-activate|p1a: Landorus|move: Protect\n|-hint|Some effects can force a Pokemon to use Blood Moon again in a row.\n|move|p1b: Wo-Chien|Leech Seed|p2b: Ursaluna\n|-start|p2b: Ursaluna|move: Leech Seed\n|\n|-damage|p2b: Ursaluna|88\/100|[from] Leech Seed|[of] p1b: Wo-Chien\n|-damage|p2a: Oranguru|76\/100|[from] Leech Seed|[of] p1b: Wo-Chien\n|upkeep\n|turn|3\n|\n|t:|1696316162\n|move|p1b: Wo-Chien|Protect|p1b: Wo-Chien\n|-singleturn|p1b: Wo-Chien|Protect\n|move|p2b: Ursaluna|Vacuum Wave|p1b: Wo-Chien\n|-activate|p1b: Wo-Chien|move: Protect\n|move|p2a: Oranguru|Psychic Terrain|p2a: Oranguru\n|-fieldstart|move: Psychic Terrain\n|move|p1a: Landorus|Stealth Rock|p2a: Oranguru\n|-sidestart|p2: conbomb|move: Stealth Rock\n|\n|-heal|p2b: Ursaluna|94\/100|[from] item: Leftovers\n|-damage|p2b: Ursaluna|82\/100|[from] Leech Seed|[of] p1b: Wo-Chien\n|-damage|p2a: Oranguru|64\/100|[from] Leech Seed|[of] p1b: Wo-Chien\n|upkeep\n|turn|4\n|\n|t:|1696316181\n|switch|p1b: Ninetales|Ninetales-Alola, M|100\/100\n|-weather|Snow|[from] ability: Snow Warning|[of] p1b: Ninetales\n|move|p2b: Ursaluna|Blood Moon|p1b: Ninetales\n|-damage|p1b: Ninetales|0 fnt\n|faint|p1b: Ninetales\n|move|p2a: Oranguru|Instruct|p2b: Ursaluna\n|-singleturn|p2b: Ursaluna|move: Instruct|[of] p2a: Oranguru\n|move|p2b: Ursaluna|Blood Moon|p1a: Landorus\n|-damage|p1a: Landorus|0 fnt\n|faint|p1a: Landorus\n|-hint|Some effects can force a Pokemon to use Blood Moon again in a row.\n|\n|-weather|Snow|[upkeep]\n|-heal|p2b: Ursaluna|88\/100|[from] item: Leftovers\n|upkeep\n|inactive|impastabot4000 has 120 seconds left.\n|\n|t:|1696316217\n|switch|p1a: Kommo-o|Kommo-o, F|100\/100\n|switch|p1b: Wo-Chien|Wo-Chien|100\/100\n|-ability|p1b: Wo-Chien|Tablets of Ruin\n|turn|5\n|\n|t:|1696316227\n|-terastallize|p1a: Kommo-o|Steel\n|move|p1b: Wo-Chien|Protect|p1b: Wo-Chien\n|-singleturn|p1b: Wo-Chien|Protect\n|move|p2b: Ursaluna|Earth Power|p1a: Kommo-o\n|-supereffective|p1a: Kommo-o\n|-damage|p1a: Kommo-o|0 fnt\n|faint|p1a: Kommo-o\n|move|p2a: Oranguru|Instruct|p2b: Ursaluna\n|-singleturn|p2b: Ursaluna|move: Instruct|[of] p2a: Oranguru\n|move|p2b: Ursaluna|Earth Power|p1b: Wo-Chien\n|-activate|p1b: Wo-Chien|move: Protect\n|\n|-weather|Snow|[upkeep]\n|-heal|p2b: Ursaluna|94\/100|[from] item: Leftovers\n|-damage|p2b: Ursaluna|82\/100|[from] Leech Seed|[of] p1b: Wo-Chien\n|-damage|p2a: Oranguru|51\/100|[from] Leech Seed|[of] p1b: Wo-Chien\n|-fieldend|move: Trick Room\n|upkeep\n|inactive|impastabot4000 has 120 seconds left.\n|c|\u2606impastabot4000|gg nothing i can do at this point\n|inactive|impastabot4000 has 90 seconds left.\n|-message|impastabot4000 forfeited.\n|\n|win|conbomb\n|raw|impastabot4000's rating: 1181 &rarr; <strong>1156<\/strong><br \/>(-25 for losing)\n|raw|conbomb's rating: 1180 &rarr; <strong>1205<\/strong><br \/>(+25 for winning)\n|l|\u2606conbomb\n","uploadtime":1696316285,"views":10,"p1id":"impastabot4000","p2id":"conbomb","formatid":"gen9nationaldexdoubles","rating":1156,"private":0,"password":""}