{"id":"gen9nationaldexdoubles-1990445397","p1":"chensheng25800","p2":"nicokino","format":"[Gen 9] National Dex Doubles","log":"|j|\u2606chensheng25800\n|j|\u203dnicokino\n|t:|1699971673\n|gametype|doubles\n|player|p1|chensheng25800|preschooler|1098\n|player|p2|nicokino|169|1350\n|teamsize|p1|6\n|teamsize|p2|6\n|gen|9\n|tier|[Gen 9] National Dex Doubles\n|rated|\n|rule|HP Percentage Mod: HP is shown in percentages\n|rule|Endless Battle Clause: Forcing endless battles is banned\n|rule|OHKO Clause: OHKO moves are banned\n|rule|Evasion Moves Clause: Evasion moves are banned\n|rule|Evasion Abilities Clause: Evasion abilities are banned\n|rule|Species Clause: Limit one of each Pok\u00e9mon\n|rule|Gravity Sleep Clause: The combination of sleep-inducing moves with imperfect accuracy and Gravity or Gigantamax Orbeetle are banned\n|clearpoke\n|poke|p1|Regidrago|\n|poke|p1|Sinistcha|\n|poke|p1|Indeedee-F, F|\n|poke|p1|Dusknoir, M|\n|poke|p1|Octillery, M|\n|poke|p1|Cresselia, F|\n|poke|p2|Torkoal, M|\n|poke|p2|Camerupt, F|\n|poke|p2|Lilligant-Hisui, F|\n|poke|p2|Flutter Mane|\n|poke|p2|Cresselia, F|\n|poke|p2|Ninetales, F|\n|teampreview\n|inactive|Battle timer is ON: inactive players will automatically lose when time's up. (requested by chensheng25800)\n|inactive|chensheng25800 has 120 seconds left.\n|\n|t:|1699971722\n|start\n|switch|p1a: Indeedee|Indeedee-F, F|100\/100\n|switch|p1b: Octillery|Octillery, M|100\/100\n|switch|p2a: Flutter Mane|Flutter Mane|100\/100\n|switch|p2b: Ninetales|Ninetales, F|100\/100\n|-weather|SunnyDay|[from] ability: Drought|[of] p2b: Ninetales\n|-activate|p2a: Flutter Mane|ability: Protosynthesis\n|-start|p2a: Flutter Mane|protosynthesisspa\n|-fieldstart|move: Psychic Terrain|[from] ability: Psychic Surge|[of] p1a: Indeedee\n|turn|1\n|inactive|nicokino has 120 seconds left.\n|\n|t:|1699971772\n|move|p2a: Flutter Mane|Dazzling Gleam|p1b: Octillery|[spread] p1a,p1b\n|-crit|p1b: Octillery\n|-damage|p1a: Indeedee|61\/100\n|-damage|p1b: Octillery|0 fnt\n|faint|p1b: Octillery\n|-damage|p2a: Flutter Mane|91\/100|[from] item: Life Orb\n|move|p2b: Ninetales|Fire Blast|p1a: Indeedee\n|-damage|p1a: Indeedee|31\/100\n|move|p1a: Indeedee|Trick Room|p1a: Indeedee\n|-fieldstart|move: Trick Room|[of] p1a: Indeedee\n|\n|-weather|SunnyDay|[upkeep]\n|upkeep\n|\n|t:|1699971788\n|switch|p1b: Dusknoir|Dusknoir, M|100\/100\n|-item|p2a: Flutter Mane|Life Orb|[from] ability: Frisk|[of] p1b: Dusknoir|[identify]\n|-item|p2b: Ninetales|Heat Rock|[from] ability: Frisk|[of] p1b: Dusknoir|[identify]\n|turn|2\n|inactive|nicokino has 120 seconds left.\n|\n|t:|1699971805\n|move|p1b: Dusknoir|Poltergeist|p2a: Flutter Mane\n|-activate|p2a: Flutter Mane|move: Poltergeist|Life Orb\n|-supereffective|p2a: Flutter Mane\n|-damage|p2a: Flutter Mane|0 fnt\n|faint|p2a: Flutter Mane\n|-end|p2a: Flutter Mane|Protosynthesis|[silent]\n|move|p1a: Indeedee|Healing Wish|p1a: Indeedee\n|faint|p1a: Indeedee\n|move|p2b: Ninetales|Fire Blast|p1b: Dusknoir\n|-damage|p1b: Dusknoir|61\/100\n|\n|-weather|SunnyDay|[upkeep]\n|upkeep\n|\n|t:|1699971822\n|switch|p1a: Regidrago|Regidrago|100\/100\n|switch|p2a: Camerupt|Camerupt, F|100\/100\n|turn|3\n|\n|t:|1699971837\n|switch|p1b: Cresselia|Cresselia, F|100\/100\n|switch|p2b: Cresselia|Cresselia, F|100\/100\n|detailschange|p2a: Camerupt|Camerupt-Mega, F\n|-mega|p2a: Camerupt|Camerupt|Cameruptite\n|-terastallize|p1a: Regidrago|Dragon\n|move|p2a: Camerupt|Eruption|p1b: Cresselia|[spread] p1a,p1b\n|-resisted|p1a: Regidrago\n|-damage|p1a: Regidrago|50\/100\n|-damage|p1b: Cresselia|50\/100\n|move|p1a: Regidrago|Dragon Energy|p2b: Cresselia|[spread] p2a,p2b\n|-damage|p2a: Camerupt|23\/100\n|-damage|p2b: Cresselia|58\/100\n|\n|-weather|SunnyDay|[upkeep]\n|-heal|p1b: Cresselia|56\/100|[from] item: Leftovers\n|upkeep\n|turn|4\n|\n|t:|1699971864\n|switch|p1b: Sinistcha|Sinistcha|100\/100\n|-heal|p1a: Regidrago|75\/100|[from] ability: Hospitality|[of] p1b: Sinistcha\n|move|p2b: Cresselia|Helping Hand|p2a: Camerupt\n|-singleturn|p2a: Camerupt|Helping Hand|[of] p2b: Cresselia\n|move|p2a: Camerupt|Heat Wave|p1b: Sinistcha|[spread] p1a,p1b\n|-resisted|p1a: Regidrago\n|-supereffective|p1b: Sinistcha\n|-damage|p1a: Regidrago|8\/100\n|-damage|p1b: Sinistcha|0 fnt\n|faint|p1b: Sinistcha\n|move|p1a: Regidrago|Dragon Energy|p2a: Camerupt|[spread] p2a,p2b\n|-damage|p2a: Camerupt|13\/100\n|-damage|p2b: Cresselia|52\/100\n|\n|-weather|SunnyDay|[upkeep]\n|upkeep\n|\n|t:|1699971870\n|switch|p1b: Cresselia|Cresselia, F|56\/100\n|turn|5\n|-message|chensheng25800 forfeited.\n|\n|win|nicokino\n|raw|chensheng25800's rating: 1098 &rarr; <strong>1089<\/strong><br \/>(-9 for losing)\n|raw|nicokino's rating: 1350 &rarr; <strong>1358<\/strong><br \/>(+8 for winning)\n|l|\u2606chensheng25800\n","uploadtime":1699971882,"views":5,"p1id":"chensheng25800","p2id":"nicokino","formatid":"gen9nationaldexdoubles","rating":1089,"private":0,"password":""}