{"id":"gen9nationaldexdoubles-1978306231","p1":"Dan07B","p2":"s.daninja","format":"[Gen 9] National Dex Doubles","log":"|j|\u2606Dan07B\n|j|\u2606s.daninja\n|t:|1698523199\n|gametype|doubles\n|player|p1|Dan07B|pokemonranger-gen4|\n|player|p2|s.daninja|cheryl|\n|teamsize|p1|6\n|teamsize|p2|6\n|gen|9\n|tier|[Gen 9] National Dex Doubles\n|rule|HP Percentage Mod: HP is shown in percentages\n|rule|Endless Battle Clause: Forcing endless battles is banned\n|rule|OHKO Clause: OHKO moves are banned\n|rule|Evasion Moves Clause: Evasion moves are banned\n|rule|Evasion Abilities Clause: Evasion abilities are banned\n|rule|Species Clause: Limit one of each Pok\u00e9mon\n|rule|Gravity Sleep Clause: The combination of sleep-inducing moves with imperfect accuracy and Gravity or Gigantamax Orbeetle are banned\n|clearpoke\n|poke|p1|Ferrothorn, M|\n|poke|p1|Indeedee-F, F|\n|poke|p1|Gengar, M|\n|poke|p1|Golisopod, F|\n|poke|p1|Hawlucha, M|\n|poke|p1|Conkeldurr, M|\n|poke|p2|Sceptile, M|\n|poke|p2|Rillaboom, M|\n|poke|p2|Whimsicott, F|\n|poke|p2|Venusaur, M|\n|poke|p2|Electrode-Hisui|\n|poke|p2|Ogerpon-Hearthflame, F|\n|teampreview\n|\n|t:|1698523208\n|start\n|switch|p1a: Indeedee|Indeedee-F, F|100\/100\n|switch|p1b: Hawlucha|Hawlucha, M|100\/100\n|switch|p2a: Electrode|Electrode-Hisui|100\/100\n|switch|p2b: Sceptile|Sceptile, M|100\/100\n|-fieldstart|move: Psychic Terrain|[from] ability: Psychic Surge|[of] p1a: Indeedee\n|-enditem|p1b: Hawlucha|Psychic Seed\n|-boost|p1b: Hawlucha|spd|1|[from] item: Psychic Seed\n|turn|1\n|\n|t:|1698523228\n|move|p2b: Sceptile|Protect|p2b: Sceptile\n|-singleturn|p2b: Sceptile|Protect\n|move|p1a: Indeedee|Follow Me|p1a: Indeedee\n|-singleturn|p1a: Indeedee|move: Follow Me\n|move|p1b: Hawlucha|Swords Dance|p1b: Hawlucha\n|-boost|p1b: Hawlucha|atk|2\n|move|p2a: Electrode|Thunder Wave|p1a: Indeedee\n|-status|p1a: Indeedee|par\n|\n|upkeep\n|turn|2\n|\n|t:|1698523262\n|switch|p2a: Ogerpon|Ogerpon-Hearthflame, F|100\/100\n|-ability|p2a: Ogerpon|Mold Breaker\n|switch|p2b: Whimsicott|Whimsicott, F|100\/100\n|move|p1a: Indeedee|Follow Me|p1a: Indeedee\n|-singleturn|p1a: Indeedee|move: Follow Me\n|move|p1b: Hawlucha|Acrobatics|p2a: Ogerpon\n|-supereffective|p2a: Ogerpon\n|-damage|p2a: Ogerpon|0 fnt\n|faint|p2a: Ogerpon\n|\n|upkeep\n|\n|t:|1698523265\n|switch|p2a: Electrode|Electrode-Hisui|100\/100\n|turn|3\n|\n|t:|1698523285\n|move|p2b: Whimsicott|Tailwind|p2b: Whimsicott\n|-sidestart|p2: s.daninja|move: Tailwind\n|move|p2a: Electrode|Discharge|p1a: Indeedee|[spread] p2b,p1a,p1b\n|-resisted|p2b: Whimsicott\n|-supereffective|p1b: Hawlucha\n|-damage|p2b: Whimsicott|87\/100\n|-damage|p1a: Indeedee|87\/100 par\n|-damage|p1b: Hawlucha|65\/100\n|move|p1b: Hawlucha|Acrobatics|p2b: Whimsicott\n|-supereffective|p2b: Whimsicott\n|-damage|p2b: Whimsicott|0 fnt\n|faint|p2b: Whimsicott\n|move|p1a: Indeedee|Mystical Fire|p2a: Electrode\n|-supereffective|p2a: Electrode\n|-damage|p2a: Electrode|59\/100\n|-unboost|p2a: Electrode|spa|1\n|\n|upkeep\n|\n|t:|1698523295\n|switch|p2b: Sceptile|Sceptile, M|100\/100\n|turn|4\n|\n|t:|1698523302\n|detailschange|p2b: Sceptile|Sceptile-Mega, M\n|-mega|p2b: Sceptile|Sceptile|Sceptilite\n|move|p1a: Indeedee|Follow Me|p1a: Indeedee\n|-singleturn|p1a: Indeedee|move: Follow Me\n|move|p2a: Electrode|Discharge|p1b: Hawlucha|[spread] p1a,p1b\n|-ability|p2b: Sceptile|Lightning Rod|boost\n|-boost|p2b: Sceptile|spa|1\n|-supereffective|p1b: Hawlucha\n|-damage|p1a: Indeedee|78\/100 par\n|-damage|p1b: Hawlucha|40\/100\n|move|p2b: Sceptile|Dragon Pulse|p1a: Indeedee\n|-damage|p1a: Indeedee|24\/100 par\n|move|p1b: Hawlucha|Acrobatics|p2b: Sceptile\n|-supereffective|p2b: Sceptile\n|-damage|p2b: Sceptile|0 fnt\n|faint|p2b: Sceptile\n|\n|upkeep\n|\n|t:|1698523306\n|switch|p2b: Rillaboom|Rillaboom, M|100\/100\n|-fieldstart|move: Grassy Terrain|[from] ability: Grassy Surge|[of] p2b: Rillaboom\n|turn|5\n|\n|t:|1698523321\n|move|p2b: Rillaboom|Fake Out|p1a: Indeedee\n|-damage|p1a: Indeedee|7\/100 par\n|cant|p1a: Indeedee|flinch\n|move|p2a: Electrode|Foul Play|p1b: Hawlucha\n|-resisted|p1b: Hawlucha\n|-damage|p1b: Hawlucha|2\/100\n|move|p1b: Hawlucha|Acrobatics|p2b: Rillaboom\n|-supereffective|p2b: Rillaboom\n|-damage|p2b: Rillaboom|0 fnt\n|faint|p2b: Rillaboom\n|\n|-heal|p2a: Electrode|65\/100|[from] Grassy Terrain\n|-heal|p1a: Indeedee|13\/100 par|[from] Grassy Terrain\n|upkeep\n|\n|t:|1698523328\n|switch|p2b: Venusaur|Venusaur, M|100\/100\n|turn|6\n|\n|t:|1698523338\n|move|p1a: Indeedee|Follow Me|p1a: Indeedee\n|-singleturn|p1a: Indeedee|move: Follow Me\n|move|p2a: Electrode|Discharge|p1b: Hawlucha|[spread] p2b,p1a,p1b\n|-resisted|p2b: Venusaur\n|-supereffective|p1b: Hawlucha\n|-damage|p2b: Venusaur|95\/100\n|-damage|p1a: Indeedee|4\/100 par\n|-damage|p1b: Hawlucha|0 fnt\n|faint|p1b: Hawlucha\n|move|p2b: Venusaur|Sludge Bomb|p1a: Indeedee\n|-damage|p1a: Indeedee|0 fnt\n|faint|p1a: Indeedee\n|-damage|p2b: Venusaur|85\/100|[from] item: Life Orb\n|\n|-heal|p2a: Electrode|71\/100|[from] Grassy Terrain\n|-heal|p2b: Venusaur|91\/100|[from] Grassy Terrain\n|-sideend|p2: s.daninja|move: Tailwind\n|upkeep\n|\n|t:|1698523357\n|switch|p1b: Spooky|Gengar, M|100\/100\n|switch|p1a: Ferrothorn|Ferrothorn, M|100\/100\n|turn|7\n|\n|t:|1698523369\n|move|p1b: Spooky|Sludge Wave|p2b: Venusaur|[spread] p2a,p2b\n|-immune|p1a: Ferrothorn\n|-supereffective|p2a: Electrode\n|-damage|p2a: Electrode|0 fnt\n|-damage|p2b: Venusaur|51\/100\n|faint|p2a: Electrode\n|move|p2b: Venusaur|Earth Power|p1b: Spooky\n|-supereffective|p1b: Spooky\n|-damage|p1b: Spooky|0 fnt\n|faint|p1b: Spooky\n|-damage|p2b: Venusaur|41\/100|[from] item: Life Orb\n|move|p1a: Ferrothorn|Explosion|p2b: Venusaur\n|-damage|p2b: Venusaur|0 fnt\n|faint|p1a: Ferrothorn\n|faint|p2b: Venusaur\n|\n|win|Dan07B\n|c|\u2606Dan07B|Gg\n|c|\u2606Dan07B|Me volv\u00ed bueno en dobles sensei :\u00b3\n|l|\u2606Dan07B\n|j|\u2606Dan07B\n|player|p1|Dan07B|pokemonranger-gen4\n","uploadtime":1698523506,"views":5,"p1id":"dan07b","p2id":"sdaninja","formatid":"gen9nationaldexdoubles","rating":0,"private":0,"password":""}