{"id":"gen9nationaldexdoubles-1961903271","p1":"TogsWorth","p2":"AdvancedDigit","format":"[Gen 9] National Dex Doubles","log":"|j|\u2606TogsWorth\n|j|\u2606AdvancedDigit\n|t:|1696687119\n|gametype|doubles\n|player|p1|TogsWorth|rocketgruntf|1208\n|player|p2|AdvancedDigit|hilbert|1260\n|teamsize|p1|6\n|teamsize|p2|6\n|gen|9\n|tier|[Gen 9] National Dex Doubles\n|rated|\n|rule|HP Percentage Mod: HP is shown in percentages\n|rule|Endless Battle Clause: Forcing endless battles is banned\n|rule|OHKO Clause: OHKO moves are banned\n|rule|Evasion Moves Clause: Evasion moves are banned\n|rule|Evasion Abilities Clause: Evasion abilities are banned\n|rule|Species Clause: Limit one of each Pok\u00e9mon\n|rule|Gravity Sleep Clause: The combination of sleep-inducing moves with imperfect accuracy and Gravity or Gigantamax Orbeetle are banned\n|clearpoke\n|poke|p1|Polteageist|\n|poke|p1|Aegislash, F|\n|poke|p1|Cloyster, F|\n|poke|p1|Swoobat, F|\n|poke|p1|Snorlax, F|\n|poke|p1|Mimikyu, M|\n|poke|p2|Scizor, M|\n|poke|p2|Mr. Mime, F|\n|poke|p2|Clefairy, M|\n|poke|p2|Amoonguss, M|\n|poke|p2|Chi-Yu|\n|poke|p2|Volbeat, M|\n|teampreview\n|inactive|Battle timer is ON: inactive players will automatically lose when time's up. (requested by TogsWorth)\n|\n|t:|1696687130\n|start\n|switch|p1a: Cloyster|Cloyster, F|100\/100\n|switch|p1b: Polteageist|Polteageist, shiny|100\/100\n|switch|p2a: Scizor|Scizor, M|100\/100\n|switch|p2b: Mr. Mime|Mr. Mime, F|100\/100\n|turn|1\n|\n|t:|1696687138\n|move|p2b: Mr. Mime|Fake Out|p1a: Cloyster\n|-damage|p1a: Cloyster|96\/100\n|cant|p1a: Cloyster|flinch\n|move|p1b: Polteageist|Shell Smash|p1b: Polteageist\n|-unboost|p1b: Polteageist|def|1\n|-unboost|p1b: Polteageist|spd|1\n|-boost|p1b: Polteageist|atk|2\n|-boost|p1b: Polteageist|spa|2\n|-boost|p1b: Polteageist|spe|2\n|move|p2a: Scizor|Swords Dance|p2a: Scizor\n|-boost|p2a: Scizor|atk|2\n|\n|upkeep\n|turn|2\n|\n|t:|1696687156\n|-terastallize|p2a: Scizor|Steel\n|move|p2a: Scizor|Bullet Punch|p1b: Polteageist\n|-damage|p1b: Polteageist|0 fnt\n|faint|p1b: Polteageist\n|move|p2b: Mr. Mime|Thunder Wave|p1a: Cloyster\n|-status|p1a: Cloyster|par\n|move|p1a: Cloyster|Shell Smash|p1a: Cloyster\n|-unboost|p1a: Cloyster|def|1\n|-unboost|p1a: Cloyster|spd|1\n|-boost|p1a: Cloyster|atk|2\n|-boost|p1a: Cloyster|spa|2\n|-boost|p1a: Cloyster|spe|2\n|-enditem|p1a: Cloyster|White Herb\n|-clearnegativeboost|p1a: Cloyster|[silent]\n|\n|upkeep\n|\n|t:|1696687164\n|switch|p1b: Aegislash|Aegislash, F, shiny|100\/100\n|turn|3\n|\n|t:|1696687173\n|move|p2b: Mr. Mime|Follow Me|p2b: Mr. Mime\n|-singleturn|p2b: Mr. Mime|move: Follow Me\n|move|p2a: Scizor|Bullet Punch|p1a: Cloyster\n|-damage|p1a: Cloyster|8\/100 par\n|move|p1a: Cloyster|Waterfall|p2b: Mr. Mime\n|-damage|p2b: Mr. Mime|0 fnt\n|faint|p2b: Mr. Mime\n|-formechange|p1b: Aegislash|Aegislash-Blade||[from] ability: Stance Change\n|move|p1b: Aegislash|Shadow Ball|p2a: Scizor\n|-damage|p2a: Scizor|44\/100\n|\n|upkeep\n|\n|t:|1696687182\n|switch|p2b: Clefairy|Clefairy, M|100\/100\n|turn|4\n|inactive|AdvancedDigit has 120 seconds left.\n|\n|t:|1696687215\n|move|p2b: Clefairy|Follow Me|p2b: Clefairy\n|-singleturn|p2b: Clefairy|move: Follow Me\n|move|p2a: Scizor|Bullet Punch|p1a: Cloyster\n|-damage|p1a: Cloyster|0 fnt\n|faint|p1a: Cloyster\n|move|p1b: Aegislash|Shadow Ball|p2b: Clefairy\n|-damage|p2b: Clefairy|71\/100\n|\n|upkeep\n|\n|t:|1696687224\n|switch|p1a: Mimikyu|Mimikyu, M|100\/100\n|turn|5\n|\n|t:|1696687228\n|-formechange|p1b: Aegislash|Aegislash||[from] ability: Stance Change\n|move|p1b: Aegislash|King's Shield|p1b: Aegislash\n|-singleturn|p1b: Aegislash|Protect\n|move|p2b: Clefairy|Follow Me|p2b: Clefairy\n|-singleturn|p2b: Clefairy|move: Follow Me\n|move|p2a: Scizor|Bullet Punch|p1a: Mimikyu\n|-activate|p1a: Mimikyu|ability: Disguise\n|-damage|p1a: Mimikyu|100\/100\n|detailschange|p1a: Mimikyu|Mimikyu-Busted, M\n|-damage|p1a: Mimikyu|88\/100|[from] pokemon: Mimikyu-Busted\n|move|p1a: Mimikyu|Swords Dance|p1a: Mimikyu\n|-boost|p1a: Mimikyu|atk|2\n|\n|upkeep\n|turn|6\n|\n|t:|1696687246\n|move|p2b: Clefairy|Follow Me|p2b: Clefairy\n|-singleturn|p2b: Clefairy|move: Follow Me\n|move|p2a: Scizor|Bullet Punch|p1a: Mimikyu\n|-supereffective|p1a: Mimikyu\n|-damage|p1a: Mimikyu|0 fnt\n|faint|p1a: Mimikyu\n|-formechange|p1b: Aegislash|Aegislash-Blade||[from] ability: Stance Change\n|move|p1b: Aegislash|Shadow Ball|p2b: Clefairy\n|-damage|p2b: Clefairy|38\/100\n|\n|upkeep\n|\n|t:|1696687253\n|switch|p1a: Snorlax|Snorlax, F, shiny|100\/100\n|turn|7\n|\n|t:|1696687264\n|move|p2b: Clefairy|Follow Me|p2b: Clefairy\n|-singleturn|p2b: Clefairy|move: Follow Me\n|move|p2a: Scizor|Bullet Punch|p1a: Snorlax\n|-damage|p1a: Snorlax|24\/100\n|-damage|p2a: Scizor|28\/100|[from] item: Rocky Helmet|[of] p1a: Snorlax\n|move|p1b: Aegislash|Shadow Ball|p2b: Clefairy\n|-damage|p2b: Clefairy|8\/100\n|move|p1a: Snorlax|Gunk Shot|p2b: Clefairy\n|-supereffective|p2b: Clefairy\n|-damage|p2b: Clefairy|0 fnt\n|faint|p2b: Clefairy\n|\n|upkeep\n|\n|t:|1696687268\n|switch|p2b: Amoonguss|Amoonguss, M|100\/100\n|turn|8\n|\n|t:|1696687278\n|move|p2b: Amoonguss|Rage Powder|p2b: Amoonguss\n|-singleturn|p2b: Amoonguss|move: Rage Powder\n|move|p2a: Scizor|Bullet Punch|p1a: Snorlax\n|-damage|p1a: Snorlax|0 fnt\n|-damage|p2a: Scizor|11\/100|[from] item: Rocky Helmet|[of] p1a: Snorlax\n|faint|p1a: Snorlax\n|move|p1b: Aegislash|Shadow Ball|p2b: Amoonguss\n|-damage|p2b: Amoonguss|52\/100\n|\n|-heal|p2b: Amoonguss|58\/100|[from] item: Leftovers\n|upkeep\n|\n|t:|1696687289\n|switch|p1a: Swoobat|Swoobat, F, shiny|100\/100\n|turn|9\n|\n|t:|1696687296\n|move|p2b: Amoonguss|Rage Powder|p2b: Amoonguss\n|-singleturn|p2b: Amoonguss|move: Rage Powder\n|move|p2a: Scizor|Bullet Punch|p1a: Swoobat\n|-damage|p1a: Swoobat|0 fnt\n|faint|p1a: Swoobat\n|move|p1b: Aegislash|Shadow Ball|p2b: Amoonguss\n|-damage|p2b: Amoonguss|11\/100\n|\n|-heal|p2b: Amoonguss|17\/100|[from] item: Leftovers\n|upkeep\n|turn|10\n|\n|t:|1696687303\n|move|p2b: Amoonguss|Rage Powder|p2b: Amoonguss\n|-singleturn|p2b: Amoonguss|move: Rage Powder\n|move|p2a: Scizor|Bullet Punch|p1b: Aegislash\n|-resisted|p1b: Aegislash\n|-damage|p1b: Aegislash|0 fnt\n|faint|p1b: Aegislash\n|\n|win|AdvancedDigit\n|raw|TogsWorth's rating: 1208 &rarr; <strong>1187<\/strong><br \/>(-21 for losing)\n|raw|AdvancedDigit's rating: 1260 &rarr; <strong>1281<\/strong><br \/>(+21 for winning)\n|l|\u2606TogsWorth\n|c|\u2606AdvancedDigit|gg\n","uploadtime":1696687313,"views":6,"p1id":"togsworth","p2id":"advanceddigit","formatid":"gen9nationaldexdoubles","rating":1187,"private":0,"password":""}