{"id":"gen9nationaldexdoubles-1980608384","p1":"jinx9454747","p2":"lxvliiz","format":"[Gen 9] National Dex Doubles","log":"|j|\u2606jinx9454747\n|j|\u2606lxvliiz\n|t:|1698802781\n|gametype|doubles\n|player|p1|jinx9454747|2|1123\n|player|p2|lxvliiz|gambler|1143\n|teamsize|p1|6\n|teamsize|p2|6\n|gen|9\n|tier|[Gen 9] National Dex Doubles\n|rated|\n|rule|HP Percentage Mod: HP is shown in percentages\n|rule|Endless Battle Clause: Forcing endless battles is banned\n|rule|OHKO Clause: OHKO moves are banned\n|rule|Evasion Moves Clause: Evasion moves are banned\n|rule|Evasion Abilities Clause: Evasion abilities are banned\n|rule|Species Clause: Limit one of each Pok\u00e9mon\n|rule|Gravity Sleep Clause: The combination of sleep-inducing moves with imperfect accuracy and Gravity or Gigantamax Orbeetle are banned\n|clearpoke\n|poke|p1|Umbreon, M|\n|poke|p1|Iron Hands|\n|poke|p1|Sharpedo, M|\n|poke|p1|Tornadus, M|\n|poke|p1|Charizard, M|\n|poke|p1|Leafeon, M|\n|poke|p2|Lilligant-Hisui, F|\n|poke|p2|Kommo-o, F|\n|poke|p2|Volcarona, F|\n|poke|p2|Oricorio-Pom-Pom, M|\n|poke|p2|Quaquaval, F|\n|poke|p2|Flamigo, F|\n|teampreview\n|inactive|Battle timer is ON: inactive players will automatically lose when time's up. (requested by jinx9454747)\n|\n|t:|1698802801\n|start\n|switch|p1a: Tornadus|Tornadus, M|100\/100\n|switch|p1b: Sharpedo|Sharpedo, M, shiny|100\/100\n|switch|p2a: dance dance|Volcarona, F|100\/100\n|switch|p2b: dancer|Oricorio-Pom-Pom, M|100\/100\n|turn|1\n|\n|t:|1698802815\n|move|p1b: Sharpedo|Protect|p1b: Sharpedo\n|-singleturn|p1b: Sharpedo|Protect\n|move|p1a: Tornadus|Taunt|p2a: dance dance\n|-start|p2a: dance dance|move: Taunt\n|move|p2b: dancer|Revelation Dance|p1a: Tornadus\n|-supereffective|p1a: Tornadus\n|-damage|p1a: Tornadus|0 fnt\n|faint|p1a: Tornadus\n|cant|p2a: dance dance|move: Taunt|Quiver Dance\n|\n|-ability|p1b: Sharpedo|Speed Boost|boost\n|-boost|p1b: Sharpedo|spe|1\n|-enditem|p2b: dancer|Mirror Herb\n|-boost|p2b: dancer|spe|1|[from] item: Mirror Herb\n|upkeep\n|\n|t:|1698802831\n|switch|p1a: Iron Hands|Iron Hands, shiny|100\/100\n|turn|2\n|\n|t:|1698802838\n|move|p1a: Iron Hands|Fake Out|p2b: dancer\n|-damage|p2b: dancer|74\/100\n|move|p1b: Sharpedo|Super Fang|p2a: dance dance\n|-damage|p2a: dance dance|51\/100\n|-status|p1b: Sharpedo|brn|[from] ability: Flame Body|[of] p2a: dance dance\n|cant|p2b: dancer|flinch\n|move|p2a: dance dance|Fiery Dance|p1a: Iron Hands\n|-damage|p1a: Iron Hands|74\/100\n|-boost|p2a: dance dance|spa|1\n|-activate|p2b: dancer|ability: Dancer\n|cant|p2b: dancer|flinch\n|\n|-damage|p1b: Sharpedo|94\/100 brn|[from] brn\n|-ability|p1b: Sharpedo|Speed Boost|boost\n|-boost|p1b: Sharpedo|spe|1\n|upkeep\n|turn|3\n|inactive|jinx9454747 has 120 seconds left.\n|\n|t:|1698802870\n|move|p1b: Sharpedo|Destiny Bond|p1b: Sharpedo\n|-singlemove|p1b: Sharpedo|Destiny Bond\n|move|p2b: dancer|Revelation Dance|p1b: Sharpedo\n|-supereffective|p1b: Sharpedo\n|-damage|p1b: Sharpedo|0 fnt\n|faint|p1b: Sharpedo\n|-activate|p1b: Sharpedo|move: Destiny Bond\n|faint|p2b: dancer\n|move|p2a: dance dance|Fiery Dance|p1a: Iron Hands\n|-damage|p1a: Iron Hands|37\/100\n|move|p1a: Iron Hands|Wild Charge|p2a: dance dance\n|-damage|p2a: dance dance|0 fnt\n|-status|p1a: Iron Hands|brn|[from] ability: Flame Body|[of] p2a: dance dance\n|faint|p2a: dance dance\n|-damage|p1a: Iron Hands|28\/100 brn|[from] Recoil\n|\n|-damage|p1a: Iron Hands|22\/100 brn|[from] brn\n|upkeep\n|\n|t:|1698802893\n|switch|p1b: Charizard|Charizard, M, shiny|100\/100\n|switch|p2b: dance|Lilligant-Hisui, F|100\/100\n|switch|p2a: dancee|Kommo-o, F|100\/100\n|turn|4\n|\n|t:|1698802912\n|move|p1b: Charizard|Protect|p1b: Charizard\n|-singleturn|p1b: Charizard|Protect\n|move|p2b: dance|Leaf Blade|p1a: Iron Hands\n|-crit|p1a: Iron Hands\n|-damage|p1a: Iron Hands|0 fnt\n|faint|p1a: Iron Hands\n|-end|p1a: Iron Hands|Quark Drive|[silent]\n|-zpower|p2a: dancee\n|move|p2a: dancee|Clangorous Soulblaze|p1b: Charizard|[zeffect]\n|-zbroken|p1b: Charizard\n|-damage|p1b: Charizard|79\/100\n|-boost|p2a: dancee|atk|1\n|-boost|p2a: dancee|def|1\n|-boost|p2a: dancee|spa|1\n|-boost|p2a: dancee|spd|1\n|-boost|p2a: dancee|spe|1\n|\n|upkeep\n|\n|t:|1698802929\n|switch|p1a: Umbreon|Umbreon, M, shiny|100\/100\n|turn|5\n|\n|t:|1698802945\n|detailschange|p1b: Charizard|Charizard-Mega-Y, M, shiny\n|-mega|p1b: Charizard|Charizard|Charizardite Y\n|-weather|SunnyDay|[from] ability: Drought|[of] p1b: Charizard\n|-terastallize|p1a: Umbreon|Poison\n|move|p2b: dance|Victory Dance|p2b: dance\n|-boost|p2b: dance|atk|1\n|-boost|p2b: dance|def|1\n|-boost|p2b: dance|spe|1\n|move|p2a: dancee|Clanging Scales|p1a: Umbreon|[spread] p1a,p1b\n|-damage|p1a: Umbreon|75\/100\n|-damage|p1b: Charizard|37\/100\n|-unboost|p2a: dancee|def|1\n|move|p1b: Charizard|Heat Wave|p2b: dance|[spread] p2a\n|-miss|p1b: Charizard|p2b: dance\n|-resisted|p2a: dancee\n|-damage|p2a: dancee|71\/100\n|move|p1a: Umbreon|Foul Play|p2a: dancee\n|-resisted|p2a: dancee\n|-damage|p2a: dancee|39\/100\n|\n|-weather|SunnyDay|[upkeep]\n|-heal|p1a: Umbreon|81\/100|[from] item: Leftovers\n|upkeep\n|turn|6\n|\n|t:|1698802971\n|move|p1b: Charizard|Protect|p1b: Charizard\n|-singleturn|p1b: Charizard|Protect\n|move|p2b: dance|Solar Blade||[still]\n|-prepare|p2b: dance|Solar Blade\n|-anim|p2b: dance|Solar Blade|p1b: Charizard\n|-activate|p1b: Charizard|move: Protect\n|move|p2a: dancee|Drain Punch|p1a: Umbreon\n|-resisted|p1a: Umbreon\n|-damage|p1a: Umbreon|64\/100\n|-heal|p2a: dancee|51\/100|[from] drain|[of] p1a: Umbreon\n|move|p1a: Umbreon|Foul Play|p2b: dance\n|-resisted|p2b: dance\n|-damage|p2b: dance|67\/100\n|\n|-weather|SunnyDay|[upkeep]\n|-heal|p1a: Umbreon|70\/100|[from] item: Leftovers\n|upkeep\n|turn|7\n|\n|t:|1698802989\n|switch|p1b: Leafeon|Leafeon, M, shiny|100\/100\n|move|p2b: dance|Solar Blade||[still]\n|-prepare|p2b: dance|Solar Blade\n|-anim|p2b: dance|Solar Blade|p1a: Umbreon\n|-resisted|p1a: Umbreon\n|-damage|p1a: Umbreon|32\/100\n|move|p2a: dancee|Clanging Scales|p1a: Umbreon|[spread] p1a,p1b\n|-damage|p1a: Umbreon|4\/100\n|-damage|p1b: Leafeon|26\/100\n|-unboost|p2a: dancee|def|1\n|move|p1a: Umbreon|Foul Play|p2b: dance\n|-resisted|p2b: dance\n|-damage|p2b: dance|31\/100\n|\n|-weather|SunnyDay|[upkeep]\n|-heal|p1a: Umbreon|10\/100|[from] item: Leftovers\n|upkeep\n|turn|8\n|\n|t:|1698803013\n|move|p1a: Umbreon|Protect|p1a: Umbreon\n|-singleturn|p1a: Umbreon|Protect\n|move|p2b: dance|Solar Blade||[still]\n|-prepare|p2b: dance|Solar Blade\n|-anim|p2b: dance|Solar Blade|p1a: Umbreon\n|-activate|p1a: Umbreon|move: Protect\n|move|p1b: Leafeon|Knock Off|p2b: dance\n|-resisted|p2b: dance\n|-damage|p2b: dance|9\/100\n|-enditem|p2b: dance|Miracle Seed|[from] move: Knock Off|[of] p1b: Leafeon\n|-damage|p1b: Leafeon|16\/100|[from] item: Life Orb\n|move|p2a: dancee|Clanging Scales|p1b: Leafeon|[spread] p1b\n|-activate|p1a: Umbreon|move: Protect\n|-damage|p1b: Leafeon|0 fnt\n|faint|p1b: Leafeon\n|-unboost|p2a: dancee|def|1\n|\n|-weather|SunnyDay|[upkeep]\n|-heal|p1a: Umbreon|16\/100|[from] item: Leftovers\n|upkeep\n|-message|jinx9454747 forfeited.\n|\n|win|lxvliiz\n|raw|jinx9454747's rating: 1123 &rarr; <strong>1099<\/strong><br \/>(-24 for losing)\n|raw|lxvliiz's rating: 1143 &rarr; <strong>1167<\/strong><br \/>(+24 for winning)\n|l|\u2606jinx9454747\n","uploadtime":1698803032,"views":13,"p1id":"jinx9454747","p2id":"lxvliiz","formatid":"gen9nationaldexdoubles","rating":1099,"private":0,"password":""}