{"id":"gen9nationaldexdoubles-1985696988","p1":"El Ryuk456","p2":"xyyyyyz","format":"[Gen 9] National Dex Doubles","log":"|j|\u2606El Ryuk456\n|j|\u203dxyyyyyz\n|t:|1699396751\n|gametype|doubles\n|player|p1|El Ryuk456|ingo|1487\n|player|p2|xyyyyyz|darach-caitlin|1581\n|teamsize|p1|6\n|teamsize|p2|6\n|gen|9\n|tier|[Gen 9] National Dex Doubles\n|rated|\n|rule|HP Percentage Mod: HP is shown in percentages\n|rule|Endless Battle Clause: Forcing endless battles is banned\n|rule|OHKO Clause: OHKO moves are banned\n|rule|Evasion Moves Clause: Evasion moves are banned\n|rule|Evasion Abilities Clause: Evasion abilities are banned\n|rule|Species Clause: Limit one of each Pok\u00e9mon\n|rule|Gravity Sleep Clause: The combination of sleep-inducing moves with imperfect accuracy and Gravity or Gigantamax Orbeetle are banned\n|clearpoke\n|poke|p1|Enamorus, F|\n|poke|p1|Tapu Koko|\n|poke|p1|Sableye, M|\n|poke|p1|Heracross, M|\n|poke|p1|Wyrdeer, M|\n|poke|p1|Gastrodon, M|\n|poke|p2|Urshifu-*, M|\n|poke|p2|Incineroar, M|\n|poke|p2|Salamence, F|\n|poke|p2|Kommo-o, F|\n|poke|p2|Heatran, F|\n|poke|p2|Volcanion|\n|teampreview\n|inactive|Battle timer is ON: inactive players will automatically lose when time's up. (requested by xyyyyyz)\n|\n|t:|1699396771\n|start\n|switch|p1a: Genbu|Enamorus, F|100\/100\n|switch|p1b: Raijin|Tapu Koko, shiny|100\/100\n|switch|p2a: Heatran|Heatran, F|100\/100\n|switch|p2b: Incineroar|Incineroar, M|100\/100\n|-fieldstart|move: Electric Terrain|[from] ability: Electric Surge|[of] p1b: Raijin\n|-ability|p2b: Incineroar|Intimidate|boost\n|-boost|p1a: Genbu|atk|1\n|-unboost|p1b: Raijin|atk|1\n|turn|1\n|inactive|xyyyyyz has 120 seconds left.\n|\n|t:|1699396801\n|-terastallize|p2a: Heatran|Grass\n|move|p1a: Genbu|Protect|p1a: Genbu\n|-singleturn|p1a: Genbu|Protect\n|move|p2b: Incineroar|Fake Out|p1b: Raijin\n|-damage|p1b: Raijin|89\/100\n|cant|p1b: Raijin|flinch\n|move|p2a: Heatran|Magma Storm|p1a: Genbu\n|-activate|p1a: Genbu|move: Protect\n|\n|upkeep\n|turn|2\n|\n|t:|1699396823\n|move|p1b: Raijin|Eerie Impulse|p1a: Genbu\n|-boost|p1a: Genbu|spa|2\n|move|p1a: Genbu|Sludge Bomb|p2a: Heatran\n|-supereffective|p2a: Heatran\n|-damage|p2a: Heatran|0 fnt\n|faint|p2a: Heatran\n|move|p2b: Incineroar|Parting Shot|p1b: Raijin\n|-unboost|p1b: Raijin|atk|1\n|-unboost|p1b: Raijin|spa|1\n|\n|t:|1699396835\n|switch|p2b: Urshifu|Urshifu-Rapid-Strike, M|100\/100|[from] Parting Shot\n|\n|upkeep\n|\n|t:|1699396839\n|switch|p2a: Volcanion|Volcanion|100\/100\n|turn|3\n|\n|t:|1699396848\n|move|p1b: Raijin|Electroweb|p2b: Urshifu|[spread] p2b\n|-miss|p1b: Raijin|p2a: Volcanion\n|-supereffective|p2b: Urshifu\n|-damage|p2b: Urshifu|58\/100\n|-unboost|p2b: Urshifu|spe|1\n|move|p1a: Genbu|Dazzling Gleam|p2b: Urshifu|[spread] p2a,p2b\n|-resisted|p2a: Volcanion\n|-supereffective|p2b: Urshifu\n|-damage|p2a: Volcanion|81\/100\n|-damage|p2b: Urshifu|0 fnt\n|faint|p2b: Urshifu\n|move|p2a: Volcanion|Heavy Slam|p1b: Raijin\n|-damage|p1b: Raijin|50\/100\n|\n|upkeep\n|\n|t:|1699396855\n|switch|p2b: Incineroar|Incineroar, M|100\/100\n|-ability|p2b: Incineroar|Intimidate|boost\n|-boost|p1a: Genbu|atk|1\n|-unboost|p1b: Raijin|atk|1\n|turn|4\n|\n|t:|1699396867\n|switch|p1b: Shelldon|Gastrodon, M|100\/100\n|move|p1a: Genbu|Protect|p1a: Genbu\n|-singleturn|p1a: Genbu|Protect\n|move|p2b: Incineroar|Fake Out|p1a: Genbu\n|-activate|p1a: Genbu|move: Protect\n|move|p2a: Volcanion|Earth Power|p1b: Shelldon\n|-damage|p1b: Shelldon|69\/100\n|-unboost|p1b: Shelldon|spd|1\n|\n|upkeep\n|turn|5\n|\n|t:|1699396888\n|switch|p1b: Raijin|Tapu Koko, shiny|50\/100\n|move|p1a: Genbu|Earth Power|p2a: Volcanion\n|-supereffective|p2a: Volcanion\n|-damage|p2a: Volcanion|0 fnt\n|faint|p2a: Volcanion\n|move|p2b: Incineroar|Knock Off|p1a: Genbu\n|-resisted|p1a: Genbu\n|-damage|p1a: Genbu|79\/100\n|-enditem|p1a: Genbu|Leftovers|[from] move: Knock Off|[of] p2b: Incineroar\n|\n|-fieldend|move: Electric Terrain\n|upkeep\n|\n|t:|1699396896\n|switch|p2a: Salamence|Salamence, F|100\/100\n|-ability|p2a: Salamence|Intimidate|boost\n|-boost|p1a: Genbu|atk|1\n|-unboost|p1b: Raijin|atk|1\n|turn|6\n|\n|t:|1699396908\n|move|p2a: Salamence|Protect|p2a: Salamence\n|-singleturn|p2a: Salamence|Protect\n|move|p1b: Raijin|Electroweb|p2a: Salamence|[spread] p2b\n|-activate|p2a: Salamence|move: Protect\n|-damage|p2b: Incineroar|91\/100\n|-unboost|p2b: Incineroar|spe|1\n|move|p1a: Genbu|Dazzling Gleam|p2a: Salamence|[spread] p2b\n|-activate|p2a: Salamence|move: Protect\n|-damage|p2b: Incineroar|46\/100\n|-enditem|p2b: Incineroar|Sitrus Berry|[eat]\n|-heal|p2b: Incineroar|71\/100|[from] item: Sitrus Berry\n|move|p2b: Incineroar|Knock Off|p1b: Raijin\n|-resisted|p1b: Raijin\n|-damage|p1b: Raijin|36\/100\n|\n|upkeep\n|turn|7\n|\n|t:|1699396933\n|detailschange|p2a: Salamence|Salamence-Mega, F\n|-mega|p2a: Salamence|Salamence|Salamencite\n|move|p1b: Raijin|Electroweb|p2b: Incineroar|[spread] p2a,p2b\n|-damage|p2a: Salamence|86\/100\n|-damage|p2b: Incineroar|61\/100\n|-unboost|p2a: Salamence|spe|1\n|-unboost|p2b: Incineroar|spe|1\n|move|p1a: Genbu|Dazzling Gleam|p2a: Salamence|[spread] p2a,p2b\n|-supereffective|p2a: Salamence\n|-damage|p2a: Salamence|0 fnt\n|-damage|p2b: Incineroar|18\/100\n|faint|p2a: Salamence\n|move|p2b: Incineroar|Knock Off|p1b: Raijin\n|-resisted|p1b: Raijin\n|-damage|p1b: Raijin|19\/100\n|\n|upkeep\n|-message|xyyyyyz forfeited.\n|\n|win|El Ryuk456\n|raw|El Ryuk456's rating: 1487 &rarr; <strong>1512<\/strong><br \/>(+25 for winning)\n|raw|xyyyyyz's rating: 1581 &rarr; <strong>1556<\/strong><br \/>(-25 for losing)\n|l|\u203dxyyyyyz\n","uploadtime":1699396950,"views":7,"p1id":"elryuk456","p2id":"xyyyyyz","formatid":"gen9nationaldexdoubles","rating":1512,"private":0,"password":""}