{"id":"gen9nationaldexdoubles-1970324386","p1":"ralca 1","p2":"shiny_jed","format":"[Gen 9] National Dex Doubles","log":"|j|\u2606ralca 1\n|j|\u2606shiny_jed\n|t:|1697627668\n|gametype|doubles\n|player|p1|ralca 1|cynthia-gen4|1170\n|player|p2|shiny_jed|benga|1192\n|teamsize|p1|6\n|teamsize|p2|6\n|gen|9\n|tier|[Gen 9] National Dex Doubles\n|rated|\n|rule|HP Percentage Mod: HP is shown in percentages\n|rule|Endless Battle Clause: Forcing endless battles is banned\n|rule|OHKO Clause: OHKO moves are banned\n|rule|Evasion Moves Clause: Evasion moves are banned\n|rule|Evasion Abilities Clause: Evasion abilities are banned\n|rule|Species Clause: Limit one of each Pok\u00e9mon\n|rule|Gravity Sleep Clause: The combination of sleep-inducing moves with imperfect accuracy and Gravity or Gigantamax Orbeetle are banned\n|clearpoke\n|poke|p1|Kingambit, M|\n|poke|p1|Dragonite, F|\n|poke|p1|Abomasnow, M|\n|poke|p1|Great Tusk|\n|poke|p1|Iron Bundle|\n|poke|p1|Flutter Mane|\n|poke|p2|Jirachi|\n|poke|p2|Diancie|\n|poke|p2|Blastoise, M|\n|poke|p2|Incineroar, F|\n|poke|p2|Togekiss, M|\n|poke|p2|Entei|\n|teampreview\n|\n|t:|1697627683\n|start\n|switch|p1a: Abomasnow|Abomasnow, M, shiny|100\/100\n|switch|p1b: Iron Bundle|Iron Bundle|100\/100\n|switch|p2a: Tortellini|Blastoise, M, shiny|100\/100\n|switch|p2b: Tortilla|Incineroar, F, shiny|100\/100\n|-ability|p2b: Tortilla|Intimidate|boost\n|-unboost|p1a: Abomasnow|atk|1\n|-unboost|p1b: Iron Bundle|atk|1\n|-weather|Snow|[from] ability: Snow Warning|[of] p1a: Abomasnow\n|turn|1\n|\n|t:|1697627697\n|detailschange|p2a: Tortellini|Blastoise-Mega, M, shiny\n|-mega|p2a: Tortellini|Blastoise|Blastoisinite\n|move|p1a: Abomasnow|Helping Hand|p1b: Iron Bundle\n|-singleturn|p1b: Iron Bundle|Helping Hand|[of] p1a: Abomasnow\n|move|p1b: Iron Bundle|Hydro Pump|p2b: Tortilla\n|-supereffective|p2b: Tortilla\n|-damage|p2b: Tortilla|0 fnt\n|faint|p2b: Tortilla\n|move|p2a: Tortellini|Water Pledge|p1a: Abomasnow\n|-resisted|p1a: Abomasnow\n|-damage|p1a: Abomasnow|79\/100\n|\n|-weather|Snow|[upkeep]\n|upkeep\n|\n|t:|1697627712\n|switch|p2b: Jirara|Jirachi|100\/100\n|turn|2\n|\n|t:|1697627728\n|-end|p1b: Iron Bundle|Quark Drive|[silent]\n|switch|p1b: Flutter Mane|Flutter Mane|100\/100\n|-enditem|p1b: Flutter Mane|Booster Energy\n|-activate|p1b: Flutter Mane|ability: Protosynthesis|[fromitem]\n|-start|p1b: Flutter Mane|protosynthesisspa\n|move|p2a: Tortellini|Follow Me|p2a: Tortellini\n|-singleturn|p2a: Tortellini|move: Follow Me\n|move|p2b: Jirara|Ancient Power|p1b: Flutter Mane\n|-damage|p1b: Flutter Mane|91\/100\n|move|p1a: Abomasnow|Aurora Veil|p1a: Abomasnow\n|-sidestart|p1: ralca 1|move: Aurora Veil\n|\n|-weather|Snow|[upkeep]\n|upkeep\n|turn|3\n|\n|t:|1697627752\n|move|p2a: Tortellini|Follow Me|p2a: Tortellini\n|-singleturn|p2a: Tortellini|move: Follow Me\n|move|p1b: Flutter Mane|Shadow Ball|p2a: Tortellini\n|-damage|p2a: Tortellini|47\/100\n|move|p2b: Jirara|Iron Head|p1b: Flutter Mane\n|-supereffective|p1b: Flutter Mane\n|-damage|p1b: Flutter Mane|13\/100\n|move|p1a: Abomasnow|Blizzard|p2b: Jirara|[spread] p2a,p2b\n|-resisted|p2a: Tortellini\n|-resisted|p2b: Jirara\n|-damage|p2a: Tortellini|32\/100\n|-damage|p2b: Jirara|81\/100\n|\n|-weather|Snow|[upkeep]\n|-heal|p2b: Jirara|87\/100|[from] item: Leftovers\n|upkeep\n|turn|4\n|\n|t:|1697627776\n|move|p1a: Abomasnow|Helping Hand|p1b: Flutter Mane\n|-singleturn|p1b: Flutter Mane|Helping Hand|[of] p1a: Abomasnow\n|move|p2a: Tortellini|Follow Me|p2a: Tortellini\n|-singleturn|p2a: Tortellini|move: Follow Me\n|move|p1b: Flutter Mane|Dazzling Gleam|p2b: Jirara|[spread] p2a,p2b\n|-resisted|p2b: Jirara\n|-damage|p2a: Tortellini|0 fnt\n|-damage|p2b: Jirara|57\/100\n|faint|p2a: Tortellini\n|move|p2b: Jirara|Ancient Power|p1b: Flutter Mane\n|-crit|p1b: Flutter Mane\n|-damage|p1b: Flutter Mane|0 fnt\n|faint|p1b: Flutter Mane\n|-end|p1b: Flutter Mane|Protosynthesis|[silent]\n|\n|-weather|Snow|[upkeep]\n|-heal|p2b: Jirara|63\/100|[from] item: Leftovers\n|upkeep\n|\n|t:|1697627822\n|switch|p1b: Iron Bundle|Iron Bundle|100\/100\n|switch|p2a: Salt|Diancie|100\/100\n|turn|5\n|\n|t:|1697627836\n|-terastallize|p2a: Salt|Fighting\n|move|p1a: Abomasnow|Helping Hand|p1b: Iron Bundle\n|-singleturn|p1b: Iron Bundle|Helping Hand|[of] p1a: Abomasnow\n|move|p1b: Iron Bundle|Blizzard|p2b: Jirara|[spread] p2a,p2b\n|-resisted|p2b: Jirara\n|-damage|p2a: Salt|15\/100\n|-damage|p2b: Jirara|19\/100\n|move|p2b: Jirara|Ancient Power|p1b: Iron Bundle\n|-supereffective|p1b: Iron Bundle\n|-damage|p1b: Iron Bundle|67\/100\n|move|p2a: Salt|Diamond Storm|p1b: Iron Bundle|[spread] p1a,p1b\n|-supereffective|p1a: Abomasnow\n|-supereffective|p1b: Iron Bundle\n|-crit|p1b: Iron Bundle\n|-damage|p1a: Abomasnow|48\/100\n|-damage|p1b: Iron Bundle|0 fnt\n|faint|p1b: Iron Bundle\n|-end|p1b: Iron Bundle|Quark Drive|[silent]\n|\n|-weather|none\n|-heal|p2b: Jirara|25\/100|[from] item: Leftovers\n|upkeep\n|\n|t:|1697627848\n|switch|p1b: Dragonite|Dragonite, F|100\/100\n|turn|6\n|\n|t:|1697627865\n|-terastallize|p1b: Dragonite|Normal\n|move|p1a: Abomasnow|Helping Hand|p1b: Dragonite\n|-singleturn|p1b: Dragonite|Helping Hand|[of] p1a: Abomasnow\n|move|p1b: Dragonite|Extreme Speed|p2b: Jirara\n|-resisted|p2b: Jirara\n|-crit|p2b: Jirara\n|-damage|p2b: Jirara|0 fnt\n|faint|p2b: Jirara\n|move|p2a: Salt|Diamond Storm|p1b: Dragonite|[spread] p1a,p1b\n|-supereffective|p1a: Abomasnow\n|-damage|p1a: Abomasnow|3\/100\n|-damage|p1b: Dragonite|92\/100\n|-boost|p2a: Salt|def|2\n|\n|-sideend|p1: ralca 1|move: Aurora Veil\n|upkeep\n|\n|t:|1697627883\n|switch|p2b: Pizza|Entei, shiny|100\/100\n|-ability|p2b: Pizza|Pressure\n|turn|7\n|\n|t:|1697627894\n|move|p2b: Pizza|Extreme Speed|p1a: Abomasnow\n|-damage|p1a: Abomasnow|0 fnt\n|faint|p1a: Abomasnow\n|move|p1b: Dragonite|Extreme Speed|p2a: Salt\n|-damage|p2a: Salt|0 fnt\n|faint|p2a: Salt\n|\n|upkeep\n|\n|t:|1697627904\n|switch|p1a: Great Tusk|Great Tusk|100\/100\n|switch|p2a: Gnocchi|Togekiss, M, shiny|100\/100\n|turn|8\n|\n|t:|1697627920\n|move|p1b: Dragonite|Extreme Speed|p2b: Pizza\n|-damage|p2b: Pizza|28\/100\n|move|p1a: Great Tusk|Rock Slide|p2b: Pizza|[spread] p2a,p2b\n|-supereffective|p2a: Gnocchi\n|-supereffective|p2b: Pizza\n|-damage|p2a: Gnocchi|55\/100\n|-damage|p2b: Pizza|0 fnt\n|faint|p2b: Pizza\n|move|p2a: Gnocchi|Tailwind|p2a: Gnocchi\n|-sidestart|p2: shiny_jed|move: Tailwind\n|\n|upkeep\n|turn|9\n|\n|t:|1697627934\n|move|p1b: Dragonite|Extreme Speed|p2a: Gnocchi\n|-damage|p2a: Gnocchi|0 fnt\n|faint|p2a: Gnocchi\n|\n|win|ralca 1\n|raw|ralca 1's rating: 1170 &rarr; <strong>1197<\/strong><br \/>(+27 for winning)\n|raw|shiny_jed's rating: 1192 &rarr; <strong>1165<\/strong><br \/>(-27 for losing)\n","uploadtime":1697627944,"views":10,"p1id":"ralca1","p2id":"shinyjed","formatid":"gen9nationaldexdoubles","rating":1165,"private":0,"password":""}