{"id":"gen9nationaldexdoubles-1970856545","p1":"Koge Takashii","p2":"Hop hop cat","format":"[Gen 9] National Dex Doubles","log":"|j|\u2606Koge Takashii\n|j|\u2606Hop hop cat\n|t:|1697674264\n|gametype|doubles\n|player|p1|Koge Takashii|brawly|1138\n|player|p2|Hop hop cat|juggler|1011\n|teamsize|p1|6\n|teamsize|p2|6\n|gen|9\n|tier|[Gen 9] National Dex Doubles\n|rated|\n|rule|HP Percentage Mod: HP is shown in percentages\n|rule|Endless Battle Clause: Forcing endless battles is banned\n|rule|OHKO Clause: OHKO moves are banned\n|rule|Evasion Moves Clause: Evasion moves are banned\n|rule|Evasion Abilities Clause: Evasion abilities are banned\n|rule|Species Clause: Limit one of each Pok\u00e9mon\n|rule|Gravity Sleep Clause: The combination of sleep-inducing moves with imperfect accuracy and Gravity or Gigantamax Orbeetle are banned\n|clearpoke\n|poke|p1|Qwilfish-Hisui, M|\n|poke|p1|Sharpedo, M|\n|poke|p1|Regieleki|\n|poke|p1|Gholdengo|\n|poke|p1|Tornadus, M|\n|poke|p1|Banette, F|\n|poke|p2|Iron Bundle|\n|poke|p2|Ampharos, F|\n|poke|p2|Cramorant, F|\n|poke|p2|Gastrodon-East, M|\n|poke|p2|Meowscarada, M|\n|poke|p2|Infernape, F|\n|teampreview\n|inactive|Battle timer is ON: inactive players will automatically lose when time's up. (requested by Hop hop cat)\n|inactive|Koge Takashii has 120 seconds left.\n|inactive|Koge Takashii has 90 seconds left.\n|\n|t:|1697674370\n|start\n|switch|p1a: Regieleki|Regieleki, shiny|100\/100\n|switch|p1b: Tornadus|Tornadus, M, shiny|100\/100\n|switch|p2a: Gastrodon|Gastrodon-East, M|100\/100\n|switch|p2b: Iron Bundle|Iron Bundle|100\/100\n|-enditem|p2b: Iron Bundle|Booster Energy\n|-activate|p2b: Iron Bundle|ability: Quark Drive|[fromitem]\n|-start|p2b: Iron Bundle|quarkdrivespe\n|turn|1\n|\n|t:|1697674393\n|switch|p1b: Banette|Banette, F, shiny|100\/100\n|move|p2b: Iron Bundle|Icy Wind|p1b: Banette|[spread] p1a,p1b\n|-damage|p1a: Regieleki|61\/100\n|-damage|p1b: Banette|72\/100\n|-unboost|p1a: Regieleki|spe|1\n|-unboost|p1b: Banette|spe|1\n|move|p1a: Regieleki|Explosion|p2a: Gastrodon|[spread] p2a,p2b\n|-immune|p1b: Banette\n|-damage|p2a: Gastrodon|0 fnt\n|-damage|p2b: Iron Bundle|11\/100\n|faint|p1a: Regieleki\n|faint|p2a: Gastrodon\n|\n|upkeep\n|\n|t:|1697674418\n|switch|p1a: Negator|Gholdengo, shiny|100\/100\n|switch|p2a: Ampharos|Ampharos, F|100\/100\n|turn|2\n|\n|t:|1697674451\n|-terastallize|p1a: Negator|Electric\n|move|p1b: Banette|Shadow Sneak|p2b: Iron Bundle\n|-damage|p2b: Iron Bundle|0 fnt\n|faint|p2b: Iron Bundle\n|-end|p2b: Iron Bundle|Quark Drive|[silent]\n|move|p1a: Negator|Nasty Plot|p1a: Negator\n|-boost|p1a: Negator|spa|2\n|move|p2a: Ampharos|Agility|p2a: Ampharos\n|-boost|p2a: Ampharos|spe|2\n|\n|upkeep\n|\n|t:|1697674461\n|switch|p2b: Meowscarada|Meowscarada, M|100\/100\n|turn|3\n|\n|t:|1697674476\n|detailschange|p2a: Ampharos|Ampharos-Mega, F\n|-mega|p2a: Ampharos|Ampharos|Ampharosite\n|-ability|p2a: Ampharos|Mold Breaker\n|move|p1b: Banette|Ally Switch|p1b: Banette\n|swap|p1b: Banette|0|[from] move: Ally Switch\n|move|p2b: Meowscarada|Flower Trick|p1a: Banette\n|-crit|p1a: Banette\n|-damage|p1a: Banette|14\/100\n|-start|p2b: Meowscarada|Disable|Flower Trick|[from] ability: Cursed Body|[of] p1a: Banette\n|move|p2a: Ampharos|Dazzling Gleam|p1a: Banette|[spread] p1a,p1b\n|-damage|p1a: Banette|0 fnt\n|-damage|p1b: Negator|74\/100\n|faint|p1a: Banette\n|move|p1b: Negator|Make It Rain|p2b: Meowscarada|[spread] p2a,p2b\n|-resisted|p2a: Ampharos\n|-damage|p2a: Ampharos|54\/100\n|-enditem|p2b: Meowscarada|Focus Sash\n|-damage|p2b: Meowscarada|1\/100\n|-unboost|p1b: Negator|spa|1\n|\n|upkeep\n|\n|t:|1697674500\n|switch|p1a: Tornadus|Tornadus, M, shiny|100\/100\n|turn|4\n|\n|t:|1697674521\n|move|p1a: Tornadus|Tailwind|p1a: Tornadus\n|-sidestart|p1: Koge Takashii|move: Tailwind\n|move|p1b: Negator|Charge Beam|p2b: Meowscarada\n|-resisted|p2b: Meowscarada\n|-damage|p2b: Meowscarada|0 fnt\n|-boost|p1b: Negator|spa|1\n|faint|p2b: Meowscarada\n|move|p2a: Ampharos|Dragon Pulse|p1b: Negator\n|-damage|p1b: Negator|14\/100\n|\n|upkeep\n|inactive|Hop hop cat has 120 seconds left.\n|\n|t:|1697674536\n|switch|p2b: Cramorant|Cramorant, F|100\/100\n|turn|5\n|\n|t:|1697674548\n|move|p1a: Tornadus|Bleakwind Storm|p2a: Ampharos|[spread] p2a\n|-miss|p1a: Tornadus|p2b: Cramorant\n|-resisted|p2a: Ampharos\n|-damage|p2a: Ampharos|37\/100\n|-unboost|p2a: Ampharos|spe|1\n|move|p1b: Negator|Make It Rain|p2a: Ampharos|[spread] p2a,p2b\n|-resisted|p2a: Ampharos\n|-crit|p2a: Ampharos\n|-resisted|p2b: Cramorant\n|-damage|p2a: Ampharos|0 fnt\n|-damage|p2b: Cramorant|46\/100\n|-unboost|p1b: Negator|spa|1\n|faint|p2a: Ampharos\n|move|p2b: Cramorant|Tailwind|p2b: Cramorant\n|-sidestart|p2: Hop hop cat|move: Tailwind\n|\n|upkeep\n|\n|t:|1697674558\n|switch|p2a: Infernape|Infernape, F|100\/100\n|turn|6\n|\n|t:|1697674581\n|move|p1a: Tornadus|Bleakwind Storm|p2b: Cramorant|[spread] p2a,p2b\n|-supereffective|p2a: Infernape\n|-damage|p2a: Infernape|0 fnt\n|-damage|p2b: Cramorant|1\/100\n|faint|p2a: Infernape\n|move|p1b: Negator|Make It Rain|p2b: Cramorant\n|-resisted|p2b: Cramorant\n|-damage|p2b: Cramorant|0 fnt\n|-unboost|p1b: Negator|spa|1\n|faint|p2b: Cramorant\n|\n|win|Koge Takashii\n|raw|Koge Takashii's rating: 1138 &rarr; <strong>1154<\/strong><br \/>(+16 for winning)\n|raw|Hop hop cat's rating: 1011 &rarr; <strong>1003<\/strong><br \/>(-8 for losing)\n|l|\u2606Hop hop cat\n","uploadtime":1697674602,"views":7,"p1id":"kogetakashii","p2id":"hophopcat","formatid":"gen9nationaldexdoubles","rating":1003,"private":0,"password":""}