{"id":"gen9nationaldexdoubles-1955908743","p1":"Champion's Melody","p2":"LordSandaime","format":"[Gen 9] National Dex Doubles","log":"|j|\u2606Champion's Melody\n|j|\u2606LordSandaime\n|t:|1696041225\n|gametype|doubles\n|player|p1|Champion's Melody|skyla|1195\n|player|p2|LordSandaime|alder|1338\n|teamsize|p1|6\n|teamsize|p2|6\n|gen|9\n|tier|[Gen 9] National Dex Doubles\n|rated|\n|rule|HP Percentage Mod: HP is shown in percentages\n|rule|Endless Battle Clause: Forcing endless battles is banned\n|rule|OHKO Clause: OHKO moves are banned\n|rule|Evasion Moves Clause: Evasion moves are banned\n|rule|Evasion Abilities Clause: Evasion abilities are banned\n|rule|Species Clause: Limit one of each Pok\u00e9mon\n|rule|Gravity Sleep Clause: The combination of sleep-inducing moves with imperfect accuracy and Gravity or Gigantamax Orbeetle are banned\n|clearpoke\n|poke|p1|Fezandipiti, M|\n|poke|p1|Basculegion, M|\n|poke|p1|Torterra, F|\n|poke|p1|Empoleon, F|\n|poke|p1|Ditto|\n|poke|p1|Kleavor, F|\n|poke|p2|Kommo-o, M|\n|poke|p2|Volcarona, M|\n|poke|p2|Grimmsnarl, M|\n|poke|p2|Darmanitan-Galar, M|\n|poke|p2|Basculegion, M|\n|poke|p2|Farigiraf, M|\n|teampreview\n|inactive|Battle timer is ON: inactive players will automatically lose when time's up. (requested by LordSandaime)\n|inactive|LordSandaime has 120 seconds left.\n|\n|t:|1696041271\n|start\n|switch|p1a: Kleavor|Kleavor, F|100\/100\n|switch|p1b: Empoleon|Empoleon, F|100\/100\n|switch|p2a: Basculegion|Basculegion, M|100\/100\n|switch|p2b: Kommo-o|Kommo-o, M|100\/100\n|turn|1\n|inactive|Champion's Melody has 120 seconds left.\n|\n|t:|1696041303\n|move|p1a: Kleavor|Stone Axe|p2b: Kommo-o\n|-resisted|p2b: Kommo-o\n|-damage|p2b: Kommo-o|77\/100\n|-sidestart|p2: LordSandaime|move: Stealth Rock\n|move|p2b: Kommo-o|Clangorous Soul|p2b: Kommo-o\n|-boost|p2b: Kommo-o|atk|1\n|-boost|p2b: Kommo-o|def|1\n|-boost|p2b: Kommo-o|spa|1\n|-boost|p2b: Kommo-o|spd|1\n|-boost|p2b: Kommo-o|spe|1\n|-damage|p2b: Kommo-o|44\/100\n|-enditem|p2b: Kommo-o|Sitrus Berry|[eat]\n|-heal|p2b: Kommo-o|69\/100|[from] item: Sitrus Berry\n|move|p2a: Basculegion|Wave Crash|p1a: Kleavor\n|-supereffective|p1a: Kleavor\n|-damage|p1a: Kleavor|0 fnt\n|-damage|p2a: Basculegion|84\/100|[from] item: Rocky Helmet|[of] p1a: Kleavor\n|faint|p1a: Kleavor\n|-damage|p2a: Basculegion|63\/100|[from] Recoil\n|move|p1b: Empoleon|Blizzard|p2a: Basculegion|[spread] p2a\n|-miss|p1b: Empoleon|p2b: Kommo-o\n|-resisted|p2a: Basculegion\n|-damage|p2a: Basculegion|49\/100\n|\n|upkeep\n|inactive|Champion's Melody has 120 seconds left.\n|\n|t:|1696041325\n|switch|p1a: Fezandipiti|Fezandipiti, M|100\/100\n|turn|2\n|\n|t:|1696041339\n|move|p1a: Fezandipiti|Dazzling Gleam|p2b: Kommo-o|[spread] p2a,p2b\n|-supereffective|p2b: Kommo-o\n|-damage|p2a: Basculegion|36\/100\n|-damage|p2b: Kommo-o|17\/100\n|move|p2b: Kommo-o|Drain Punch|p1b: Empoleon\n|-supereffective|p1b: Empoleon\n|-damage|p1b: Empoleon|0 fnt\n|-heal|p2b: Kommo-o|70\/100|[from] drain|[of] p1b: Empoleon\n|faint|p1b: Empoleon\n|move|p2a: Basculegion|Wave Crash|p1a: Fezandipiti\n|-damage|p1a: Fezandipiti|0 fnt\n|-damage|p2a: Basculegion|19\/100|[from] item: Rocky Helmet|[of] p1a: Fezandipiti\n|faint|p1a: Fezandipiti\n|-damage|p2a: Basculegion|0 fnt|[from] Recoil\n|faint|p2a: Basculegion\n|\n|upkeep\n|\n|t:|1696041361\n|switch|p1a: Ditto|Ditto|100\/100\n|switch|p2a: Grimmsnarl|Grimmsnarl, M|100\/100\n|switch|p1b: Basculegion|Basculegion, M|100\/100\n|-transform|p1a: Ditto|p2b: Kommo-o|[from] ability: Imposter\n|-damage|p2a: Grimmsnarl|88\/100|[from] Stealth Rock\n|turn|3\n|\n|t:|1696041389\n|-terastallize|p1b: Basculegion|Ghost\n|move|p2a: Grimmsnarl|Thunder Wave|p1a: Ditto\n|-status|p1a: Ditto|par\n|move|p1b: Basculegion|Last Respects|p2a: Grimmsnarl\n|-resisted|p2a: Grimmsnarl\n|-damage|p2a: Grimmsnarl|16\/100\n|move|p1a: Ditto|Ice Punch|p2b: Kommo-o\n|-supereffective|p2b: Kommo-o\n|-damage|p2b: Kommo-o|30\/100\n|-status|p2b: Kommo-o|frz\n|-curestatus|p2b: Kommo-o|frz|[msg]\n|move|p2b: Kommo-o|Dragon Tail|p1b: Basculegion|[miss]\n|-miss|p2b: Kommo-o|p1b: Basculegion\n|\n|upkeep\n|turn|4\n|\n|t:|1696041409\n|move|p1b: Basculegion|Last Respects|p2a: Grimmsnarl\n|-resisted|p2a: Grimmsnarl\n|-damage|p2a: Grimmsnarl|0 fnt\n|faint|p2a: Grimmsnarl\n|move|p1a: Ditto|Ice Punch|p2b: Kommo-o\n|-supereffective|p2b: Kommo-o\n|-damage|p2b: Kommo-o|0 fnt\n|faint|p2b: Kommo-o\n|\n|upkeep\n|\n|t:|1696041413\n|switch|p2b: Volcarona|Volcarona, M|100\/100\n|switch|p2a: Darmanitan|Darmanitan-Galar, M|100\/100\n|-damage|p2a: Darmanitan|76\/100|[from] Stealth Rock\n|turn|5\n|\n|t:|1696041428\n|move|p2b: Volcarona|Rage Powder|p2b: Volcarona\n|-singleturn|p2b: Volcarona|move: Rage Powder\n|move|p1b: Basculegion|Last Respects|p2b: Volcarona\n|-damage|p2b: Volcarona|0 fnt\n|faint|p2b: Volcarona\n|move|p2a: Darmanitan|Icicle Crash|p1a: Ditto\n|-supereffective|p1a: Ditto\n|-damage|p1a: Ditto|0 fnt\n|faint|p1a: Ditto\n|\n|upkeep\n|\n|t:|1696041438\n|switch|p2b: Farigiraf|Farigiraf, M|100\/100\n|switch|p1a: Torterra|Torterra, F|100\/100\n|-damage|p2b: Farigiraf|88\/100|[from] Stealth Rock\n|turn|6\n|\n|t:|1696041448\n|move|p1b: Basculegion|Last Respects|p2a: Darmanitan\n|-damage|p2a: Darmanitan|0 fnt\n|faint|p2a: Darmanitan\n|move|p1a: Torterra|Wood Hammer|p2b: Farigiraf\n|-damage|p2b: Farigiraf|29\/100\n|-damage|p1a: Torterra|75\/100|[from] Recoil\n|move|p2b: Farigiraf|Psychic|p1a: Torterra\n|-damage|p1a: Torterra|16\/100\n|\n|upkeep\n|turn|7\n|inactive|LordSandaime has 120 seconds left.\n|l|\u2606LordSandaime\n|inactive|LordSandaime disconnected and has a minute to reconnect!\n|player|p2|\n|inactive|LordSandaime has 30 seconds to reconnect!\n|inactive|LordSandaime has 20 seconds to reconnect!\n|inactive|LordSandaime has 15 seconds to reconnect!\n|inactive|LordSandaime has 10 seconds to reconnect!\n|inactive|LordSandaime has 5 seconds to reconnect!\n|-message|LordSandaime lost due to inactivity.\n|\n|win|Champion's Melody\n|raw|Champion&apos;s Melody's rating: 1195 &rarr; <strong>1230<\/strong><br \/>(+35 for winning)\n|raw|LordSandaime's rating: 1338 &rarr; <strong>1310<\/strong><br \/>(-28 for losing)\n","uploadtime":1696041548,"views":9,"p1id":"championsmelody","p2id":"lordsandaime","formatid":"gen9nationaldexdoubles","rating":1230,"private":0,"password":""}