{"id":"gen9nationaldexdoubles-1980368767","p1":"MerryMarionette","p2":"Turo's assistant","format":"[Gen 9] National Dex Doubles","log":"|j|\u2606MerryMarionette\n|j|\u2606Turo's assistant\n|t:|1698778930\n|gametype|doubles\n|player|p1|MerryMarionette|caitlin|1124\n|player|p2|Turo's assistant|acerola-masters|1268\n|teamsize|p1|6\n|teamsize|p2|6\n|gen|9\n|tier|[Gen 9] National Dex Doubles\n|rated|\n|rule|HP Percentage Mod: HP is shown in percentages\n|rule|Endless Battle Clause: Forcing endless battles is banned\n|rule|OHKO Clause: OHKO moves are banned\n|rule|Evasion Moves Clause: Evasion moves are banned\n|rule|Evasion Abilities Clause: Evasion abilities are banned\n|rule|Species Clause: Limit one of each Pok\u00e9mon\n|rule|Gravity Sleep Clause: The combination of sleep-inducing moves with imperfect accuracy and Gravity or Gigantamax Orbeetle are banned\n|clearpoke\n|poke|p1|Heracross, F|\n|poke|p1|Garganacl, M|\n|poke|p1|Dragonite, F|\n|poke|p1|Cinccino, F|\n|poke|p1|Scizor, M|\n|poke|p1|Krookodile, F|\n|poke|p2|Dusclops, F|\n|poke|p2|Gourgeist-*, F|\n|poke|p2|Cursola, F|\n|poke|p2|Mimikyu, M|\n|poke|p2|Chandelure, F|\n|poke|p2|Banette, F|\n|teampreview\n|inactive|Battle timer is ON: inactive players will automatically lose when time's up. (requested by Turo's assistant)\n|\n|t:|1698778948\n|start\n|switch|p1a: Heracross|Heracross, F|100\/100\n|switch|p1b: Krookodile|Krookodile, F|100\/100\n|switch|p2a: Cursola|Cursola, F|100\/100\n|switch|p2b: Gourgeist|Gourgeist-Super, F|100\/100\n|-ability|p1b: Krookodile|Intimidate|boost\n|-unboost|p2a: Cursola|atk|1\n|-unboost|p2b: Gourgeist|atk|1\n|turn|1\n|c|\u2606MerryMarionette|do you have ally switch\n|c|\u2606Turo's assistant|yes\n|c|\u2606MerryMarionette|question mark\n|c|\u2606MerryMarionette|if you use it im gonna cry\n|c|\u2606MerryMarionette|just letting you know\n|c|\u2606Turo's assistant|Ok\n|inactive|MerryMarionette has 120 seconds left.\n|\n|t:|1698778985\n|-terastallize|p2a: Cursola|Rock\n|move|p1b: Krookodile|Rage|p2b: Gourgeist\n|-immune|p2b: Gourgeist\n|move|p1a: Heracross|Rock Blast|p1b: Krookodile\n|-resisted|p1b: Krookodile\n|-damage|p1b: Krookodile|95\/100\n|-resisted|p1b: Krookodile\n|-damage|p1b: Krookodile|89\/100\n|-resisted|p1b: Krookodile\n|-damage|p1b: Krookodile|83\/100\n|-resisted|p1b: Krookodile\n|-damage|p1b: Krookodile|78\/100\n|-resisted|p1b: Krookodile\n|-damage|p1b: Krookodile|71\/100\n|-hitcount|p1b: Krookodile|5\n|move|p2a: Cursola|Meteor Beam||[still]\n|-prepare|p2a: Cursola|Meteor Beam\n|-boost|p2a: Cursola|spa|1\n|-enditem|p2a: Cursola|Power Herb\n|-anim|p2a: Cursola|Meteor Beam|p1a: Heracross\n|-damage|p1a: Heracross|3\/100\n|move|p2b: Gourgeist|Trick Room|p2b: Gourgeist\n|-fieldstart|move: Trick Room|[of] p2b: Gourgeist\n|-enditem|p2b: Gourgeist|Room Service\n|-unboost|p2b: Gourgeist|spe|1|[from] item: Room Service\n|\n|-item|p2b: Gourgeist|Power Herb|[from] ability: Pickup\n|upkeep\n|turn|2\n|c|\u2606MerryMarionette|lmao\n|inactive|MerryMarionette has 120 seconds left.\n|c|\u2606Turo's assistant|holy shit\n|\n|t:|1698779019\n|move|p1a: Heracross|Helping Hand|p1b: Krookodile\n|-singleturn|p1b: Krookodile|Helping Hand|[of] p1a: Heracross\n|move|p2b: Gourgeist|Trick|p2a: Cursola\n|-activate|p2b: Gourgeist|move: Trick|[of] p2a: Cursola\n|-item|p2a: Cursola|Power Herb|[from] move: Trick\n|-enditem|p2b: Gourgeist|Power Herb|[silent]|[from] move: Trick\n|move|p2a: Cursola|Meteor Beam||[still]\n|-prepare|p2a: Cursola|Meteor Beam\n|-boost|p2a: Cursola|spa|1\n|-enditem|p2a: Cursola|Power Herb\n|-anim|p2a: Cursola|Meteor Beam|p1b: Krookodile\n|-resisted|p1b: Krookodile\n|-damage|p1b: Krookodile|12\/100\n|move|p1b: Krookodile|Earthquake|p2a: Cursola|[spread] p1a,p2a,p2b\n|-resisted|p1a: Heracross\n|-supereffective|p2a: Cursola\n|-resisted|p2b: Gourgeist\n|-damage|p1a: Heracross|0 fnt\n|-damage|p2a: Cursola|0 fnt\n|-damage|p2b: Gourgeist|81\/100\n|faint|p1a: Heracross\n|faint|p2a: Cursola\n|\n|upkeep\n|inactive|MerryMarionette has 120 seconds left.\n|\n|t:|1698779036\n|switch|p2a: Banette|Banette, F|100\/100\n|switch|p1a: Scizor|Scizor, M|100\/100\n|turn|3\n|\n|t:|1698779060\n|detailschange|p2a: Banette|Banette-Mega, F\n|-mega|p2a: Banette|Banette|Banettite\n|move|p2b: Gourgeist|Ally Switch|p2b: Gourgeist\n|swap|p2b: Gourgeist|0|[from] move: Ally Switch\n|move|p2b: Banette|Swords Dance|p2b: Banette\n|-boost|p2b: Banette|atk|2\n|move|p1a: Scizor|Dual Wingbeat|p2b: Banette\n|-damage|p2b: Banette|69\/100\n|-damage|p2b: Banette|39\/100\n|-hitcount|p2b: Banette|2\n|move|p1b: Krookodile|Darkest Lariat|p2a: Gourgeist\n|-supereffective|p2a: Gourgeist\n|-damage|p2a: Gourgeist|20\/100\n|\n|upkeep\n|turn|4\n|c|\u2606MerryMarionette|i >:(\n|\n|t:|1698779078\n|move|p2a: Gourgeist|Ally Switch||[still]\n|-fail|p2a: Gourgeist\n|move|p1a: Scizor|Bullet Punch|p2a: Gourgeist\n|-damage|p2a: Gourgeist|0 fnt\n|faint|p2a: Gourgeist\n|move|p2b: Banette|Poltergeist|p1a: Scizor\n|-activate|p1a: Scizor|move: Poltergeist|Assault Vest\n|-damage|p1a: Scizor|0 fnt\n|faint|p1a: Scizor\n|move|p1b: Krookodile|Darkest Lariat|p2b: Banette\n|-supereffective|p2b: Banette\n|-damage|p2b: Banette|0 fnt\n|faint|p2b: Banette\n|\n|upkeep\n|\n|t:|1698779093\n|switch|p2a: Chandelure|Chandelure, F|100\/100\n|switch|p2b: Mimikyu|Mimikyu, M|100\/100\n|switch|p1a: Garganacl|Garganacl, M|100\/100\n|turn|5\n|\n|t:|1698779104\n|move|p1a: Garganacl|Salt Cure|p2b: Mimikyu\n|-activate|p2b: Mimikyu|ability: Disguise\n|-damage|p2b: Mimikyu|100\/100\n|-start|p2b: Mimikyu|Salt Cure\n|detailschange|p2b: Mimikyu|Mimikyu-Busted, M\n|-damage|p2b: Mimikyu|88\/100|[from] pokemon: Mimikyu-Busted\n|move|p2a: Chandelure|Heat Wave|p1b: Krookodile|[spread] p1a,p1b\n|-resisted|p1a: Garganacl\n|-damage|p1a: Garganacl|69\/100\n|-damage|p1b: Krookodile|0 fnt\n|faint|p1b: Krookodile\n|move|p2b: Mimikyu|Swords Dance|p2b: Mimikyu\n|-boost|p2b: Mimikyu|atk|2\n|\n|-damage|p2b: Mimikyu|76\/100|[from] Salt Cure\n|-fieldend|move: Trick Room\n|upkeep\n|\n|t:|1698779117\n|switch|p1b: Dragonite|Dragonite, F|100\/100\n|turn|6\n|\n|t:|1698779125\n|move|p1b: Dragonite|Dual Wingbeat|p2a: Chandelure|[miss]\n|-miss|p1b: Dragonite|p2a: Chandelure\n|move|p2a: Chandelure|Heat Wave|p1a: Garganacl|[spread] p1a,p1b\n|-resisted|p1a: Garganacl\n|-resisted|p1b: Dragonite\n|-damage|p1a: Garganacl|36\/100\n|-damage|p1b: Dragonite|90\/100\n|move|p1a: Garganacl|Earthquake|p2b: Mimikyu|[spread] p2a,p2b\n|-immune|p1b: Dragonite\n|-supereffective|p2a: Chandelure\n|-crit|p2a: Chandelure\n|-crit|p2b: Mimikyu\n|-damage|p2a: Chandelure|6\/100\n|-damage|p2b: Mimikyu|31\/100\n|move|p2b: Mimikyu|Trick Room|p2b: Mimikyu\n|-fieldstart|move: Trick Room|[of] p2b: Mimikyu\n|\n|-damage|p2b: Mimikyu|18\/100|[from] Salt Cure\n|upkeep\n|turn|7\n|c|\u2606Turo's assistant|this is easily the greatest team i've ever seen\n|\n|t:|1698779144\n|move|p1a: Garganacl|Rock Slide|p2b: Mimikyu|[spread] p2a,p2b\n|-supereffective|p2a: Chandelure\n|-damage|p2a: Chandelure|0 fnt\n|-damage|p2b: Mimikyu|0 fnt\n|faint|p2a: Chandelure\n|faint|p2b: Mimikyu\n|move|p1b: Dragonite|Dual Wingbeat|p2: Chandelure|[notarget]\n|-fail|p1b: Dragonite\n|\n|upkeep\n|c|\u2606Turo's assistant|rage krook\n|\n|t:|1698779155\n|switch|p2b: Dusclops|Dusclops, F|100\/100\n|-item|p1a: Garganacl|Weakness Policy|[from] ability: Frisk|[of] p2b: Dusclops|[identify]\n|-item|p1b: Dragonite|Assault Vest|[from] ability: Frisk|[of] p2b: Dusclops|[identify]\n|turn|8\n|c|\u2606MerryMarionette|rage skill link\n|c|\u2606Turo's assistant|10\/10\n|c|\u2606MerryMarionette|auto +5 attack\n|c|\u2606MerryMarionette|if it works\n|\n|t:|1698779178\n|move|p2b: Dusclops|Will-O-Wisp|p1b: Dragonite\n|-status|p1b: Dragonite|brn\n|move|p1a: Garganacl|Salt Cure|p2b: Dusclops\n|-damage|p2b: Dusclops|91\/100\n|-start|p2b: Dusclops|Salt Cure\n|move|p1b: Dragonite|Dual Wingbeat|p2b: Dusclops\n|-damage|p2b: Dusclops|86\/100\n|-damage|p2b: Dusclops|80\/100\n|-hitcount|p2b: Dusclops|2\n|\n|-damage|p1b: Dragonite|84\/100 brn|[from] brn\n|-damage|p2b: Dusclops|68\/100|[from] Salt Cure\n|upkeep\n|turn|9\n|\n|t:|1698779194\n|move|p2b: Dusclops|Night Shade|p1a: Garganacl\n|-damage|p1a: Garganacl|12\/100\n|move|p1a: Garganacl|Rock Slide|p2b: Dusclops\n|-damage|p2b: Dusclops|50\/100\n|move|p1b: Dragonite|Dual Wingbeat|p2b: Dusclops\n|-damage|p2b: Dusclops|45\/100\n|-damage|p2b: Dusclops|39\/100\n|-hitcount|p2b: Dusclops|2\n|\n|-damage|p1b: Dragonite|78\/100 brn|[from] brn\n|-damage|p2b: Dusclops|27\/100|[from] Salt Cure\n|upkeep\n|turn|10\n|\n|t:|1698779207\n|move|p2b: Dusclops|Pain Split|p1b: Dragonite\n|-sethp|p1b: Dragonite|49\/100 brn|[from] move: Pain Split|[silent]\n|-sethp|p2b: Dusclops|66\/100|[from] move: Pain Split\n|move|p1a: Garganacl|Rock Slide|p2b: Dusclops\n|-damage|p2b: Dusclops|48\/100\n|move|p1b: Dragonite|Dual Wingbeat|p2b: Dusclops|[miss]\n|-miss|p1b: Dragonite|p2b: Dusclops\n|\n|-damage|p1b: Dragonite|43\/100 brn|[from] brn\n|-damage|p2b: Dusclops|36\/100|[from] Salt Cure\n|-fieldend|move: Trick Room\n|upkeep\n|turn|11\n|\n|t:|1698779221\n|move|p1b: Dragonite|Dual Wingbeat|p2b: Dusclops\n|-damage|p2b: Dusclops|30\/100\n|-damage|p2b: Dusclops|24\/100\n|-hitcount|p2b: Dusclops|2\n|move|p1a: Garganacl|Rock Slide|p2b: Dusclops\n|-damage|p2b: Dusclops|6\/100\n|move|p2b: Dusclops|Trick Room|p2b: Dusclops\n|-fieldstart|move: Trick Room|[of] p2b: Dusclops\n|\n|-damage|p1b: Dragonite|37\/100 brn|[from] brn\n|-damage|p2b: Dusclops|0 fnt|[from] Salt Cure\n|faint|p2b: Dusclops\n|\n|win|MerryMarionette\n|upkeep\n|raw|MerryMarionette's rating: 1124 &rarr; <strong>1159<\/strong><br \/>(+35 for winning)\n|raw|Turo&apos;s assistant's rating: 1268 &rarr; <strong>1233<\/strong><br \/>(-35 for losing)\n|c|\u2606Turo's assistant|Gg wp\n|c|\u2606MerryMarionette|ggs\n","uploadtime":1698779227,"views":9,"p1id":"merrymarionette","p2id":"turosassistant","formatid":"gen9nationaldexdoubles","rating":1159,"private":0,"password":""}