{"id":"gen9nationaldexdoubles-1960180204","p1":"AntilopeVerde","p2":"fumbari 24","format":"[Gen 9] National Dex Doubles","log":"|j|\u2606AntilopeVerde\n|j|\u2606fumbari 24\n|t:|1696503137\n|gametype|doubles\n|player|p1|AntilopeVerde|iris-gen5bw2|1171\n|player|p2|fumbari 24|169|1357\n|teamsize|p1|6\n|teamsize|p2|6\n|gen|9\n|tier|[Gen 9] National Dex Doubles\n|rated|\n|rule|HP Percentage Mod: HP is shown in percentages\n|rule|Endless Battle Clause: Forcing endless battles is banned\n|rule|OHKO Clause: OHKO moves are banned\n|rule|Evasion Moves Clause: Evasion moves are banned\n|rule|Evasion Abilities Clause: Evasion abilities are banned\n|rule|Species Clause: Limit one of each Pok\u00e9mon\n|rule|Gravity Sleep Clause: The combination of sleep-inducing moves with imperfect accuracy and Gravity or Gigantamax Orbeetle are banned\n|clearpoke\n|poke|p1|Oranguru, F|\n|poke|p1|Torkoal, M|\n|poke|p1|Amoonguss, F|\n|poke|p1|Kingambit, F|\n|poke|p1|Landorus-Therian, M|\n|poke|p1|Clefable, M|\n|poke|p2|Metagross|\n|poke|p2|Blaziken, M|\n|poke|p2|Armaldo, M|\n|poke|p2|Pelipper, M|\n|poke|p2|Cradily, M|\n|poke|p2|Machamp, F|\n|teampreview\n|\n|t:|1696503148\n|start\n|switch|p1a: Torkoal|Torkoal, M|100\/100\n|switch|p1b: Oranguru|Oranguru, F|100\/100\n|switch|p2a: Metagross|Metagross, shiny|100\/100\n|switch|p2b: Inferno|Blaziken, M|100\/100\n|-weather|SunnyDay|[from] ability: Drought|[of] p1a: Torkoal\n|turn|1\n|\n|t:|1696503165\n|detailschange|p2a: Metagross|Metagross-Mega, shiny\n|-mega|p2a: Metagross|Metagross|Metagrossite\n|move|p1a: Torkoal|Protect|p1a: Torkoal\n|-singleturn|p1a: Torkoal|Protect\n|move|p2a: Metagross|Meteor Mash|p1b: Oranguru\n|-damage|p1b: Oranguru|23\/100\n|-zpower|p2b: Inferno\n|move|p2b: Inferno|Inferno Overdrive|p1b: Oranguru|[zeffect]\n|-damage|p1b: Oranguru|0 fnt\n|faint|p1b: Oranguru\n|\n|-weather|SunnyDay|[upkeep]\n|-ability|p2b: Inferno|Speed Boost|boost\n|-boost|p2b: Inferno|spe|1\n|upkeep\n|inactive|Battle timer is ON: inactive players will automatically lose when time's up. (requested by fumbari 24)\n|\n|t:|1696503179\n|switch|p1b: Landorus|Landorus-Therian, M|100\/100\n|-ability|p1b: Landorus|Intimidate|boost\n|-unboost|p2a: Metagross|atk|1\n|-unboost|p2b: Inferno|atk|1\n|turn|2\n|\n|t:|1696503190\n|move|p2b: Inferno|Protect|p2b: Inferno\n|-singleturn|p2b: Inferno|Protect\n|move|p2a: Metagross|Protect|p2a: Metagross\n|-singleturn|p2a: Metagross|Protect\n|move|p1b: Landorus|Stealth Rock|p2a: Metagross\n|-sidestart|p2: fumbari 24|move: Stealth Rock\n|move|p1a: Torkoal|Flamethrower|p2a: Metagross\n|-activate|p2a: Metagross|move: Protect\n|\n|-weather|SunnyDay|[upkeep]\n|-ability|p2b: Inferno|Speed Boost|boost\n|-boost|p2b: Inferno|spe|1\n|upkeep\n|turn|3\n|\n|t:|1696503210\n|switch|p2a: Mine mine|Pelipper, M|100\/100\n|-damage|p2a: Mine mine|75\/100|[from] Stealth Rock\n|-weather|RainDance|[from] ability: Drizzle|[of] p2a: Mine mine\n|move|p1a: Torkoal|Protect|p1a: Torkoal\n|-singleturn|p1a: Torkoal|Protect\n|move|p2b: Inferno|Bulk Up|p2b: Inferno\n|-boost|p2b: Inferno|atk|1\n|-boost|p2b: Inferno|def|1\n|move|p1b: Landorus|Earthquake|p2b: Inferno|[spread] p2b\n|-activate|p1a: Torkoal|move: Protect\n|-immune|p2a: Mine mine\n|-supereffective|p2b: Inferno\n|-damage|p2b: Inferno|4\/100\n|-damage|p1b: Landorus|91\/100|[from] item: Life Orb\n|\n|-weather|RainDance|[upkeep]\n|-ability|p2b: Inferno|Speed Boost|boost\n|-boost|p2b: Inferno|spe|1\n|upkeep\n|turn|4\n|\n|t:|1696503239\n|switch|p1a: Clefable|Clefable, M|100\/100\n|move|p2b: Inferno|Protect|p2b: Inferno\n|-singleturn|p2b: Inferno|Protect\n|move|p1b: Landorus|U-turn|p2b: Inferno\n|-activate|p2b: Inferno|move: Protect\n|move|p2a: Mine mine|Tailwind|p2a: Mine mine\n|-sidestart|p2: fumbari 24|move: Tailwind\n|\n|-weather|RainDance|[upkeep]\n|-ability|p2b: Inferno|Speed Boost|boost\n|-boost|p2b: Inferno|spe|1\n|upkeep\n|turn|5\n|\n|t:|1696503253\n|move|p2b: Inferno|Rock Slide|p1a: Clefable|[spread] p1a,p1b\n|-damage|p1a: Clefable|77\/100\n|-damage|p1b: Landorus|67\/100\n|move|p2a: Mine mine|Scald|p1b: Landorus\n|-supereffective|p1b: Landorus\n|-damage|p1b: Landorus|0 fnt\n|faint|p1b: Landorus\n|move|p1a: Clefable|Cosmic Power|p1a: Clefable\n|-boost|p1a: Clefable|def|1\n|-boost|p1a: Clefable|spd|1\n|\n|-weather|RainDance|[upkeep]\n|-heal|p1a: Clefable|83\/100|[from] item: Leftovers\n|-ability|p2b: Inferno|Speed Boost|boost\n|-boost|p2b: Inferno|spe|1\n|upkeep\n|inactive|AntilopeVerde has 120 seconds left.\n|inactive|AntilopeVerde has 90 seconds left.\n|inactive|AntilopeVerde has 60 seconds left.\n|inactive|AntilopeVerde has 30 seconds left.\n|\n|t:|1696503369\n|switch|p1b: Kingambit|Kingambit, F, shiny|100\/100\n|-activate|p1b: Kingambit|ability: Supreme Overlord\n|-start|p1b: Kingambit|fallen2|[silent]\n|turn|6\n|\n|t:|1696503379\n|move|p1b: Kingambit|Protect|p1b: Kingambit\n|-singleturn|p1b: Kingambit|Protect\n|move|p2b: Inferno|Bulk Up|p2b: Inferno\n|-boost|p2b: Inferno|atk|1\n|-boost|p2b: Inferno|def|1\n|move|p2a: Mine mine|Scald|p1b: Kingambit\n|-activate|p1b: Kingambit|move: Protect\n|move|p1a: Clefable|Cosmic Power|p1a: Clefable\n|-boost|p1a: Clefable|def|1\n|-boost|p1a: Clefable|spd|1\n|\n|-weather|RainDance|[upkeep]\n|-heal|p1a: Clefable|89\/100|[from] item: Leftovers\n|-ability|p2b: Inferno|Speed Boost|boost\n|-boost|p2b: Inferno|spe|1\n|upkeep\n|turn|7\n|\n|t:|1696503393\n|move|p1b: Kingambit|Sucker Punch|p2b: Inferno\n|-resisted|p2b: Inferno\n|-damage|p2b: Inferno|0 fnt\n|faint|p2b: Inferno\n|move|p2a: Mine mine|Scald|p1b: Kingambit\n|-damage|p1b: Kingambit|59\/100\n|-status|p1b: Kingambit|brn\n|move|p1a: Clefable|Cosmic Power|p1a: Clefable\n|-boost|p1a: Clefable|def|1\n|-boost|p1a: Clefable|spd|1\n|\n|-weather|none\n|-heal|p1a: Clefable|95\/100|[from] item: Leftovers\n|-heal|p1b: Kingambit|65\/100 brn|[from] item: Leftovers\n|-damage|p1b: Kingambit|59\/100 brn|[from] brn\n|-sideend|p2: fumbari 24|move: Tailwind\n|upkeep\n|\n|t:|1696503400\n|switch|p2b: Metagross|Metagross-Mega, shiny|100\/100\n|-damage|p2b: Metagross|94\/100|[from] Stealth Rock\n|turn|8\n|inactive|AntilopeVerde has 90 seconds left.\n|\n|t:|1696503416\n|switch|p2a: La bomba|Machamp, F|100\/100\n|-damage|p2a: La bomba|94\/100|[from] Stealth Rock\n|move|p2b: Metagross|Meteor Mash|p1a: Clefable|[miss]\n|-miss|p2b: Metagross|p1a: Clefable\n|move|p1a: Clefable|Cosmic Power|p1a: Clefable\n|-boost|p1a: Clefable|def|1\n|-boost|p1a: Clefable|spd|1\n|move|p1b: Kingambit|Kowtow Cleave|p2b: Metagross\n|-supereffective|p2b: Metagross\n|-damage|p2b: Metagross|48\/100\n|\n|-heal|p1a: Clefable|100\/100|[from] item: Leftovers\n|-heal|p1b: Kingambit|65\/100 brn|[from] item: Leftovers\n|-heal|p2a: La bomba|100\/100|[from] item: Leftovers\n|-damage|p1b: Kingambit|59\/100 brn|[from] brn\n|upkeep\n|turn|9\n|inactive|AntilopeVerde has 90 seconds left.\n|\n|t:|1696503440\n|move|p2b: Metagross|Protect|p2b: Metagross\n|-singleturn|p2b: Metagross|Protect\n|move|p1b: Kingambit|Sucker Punch||[still]\n|-fail|p1b: Kingambit\n|move|p1a: Clefable|Cosmic Power|p1a: Clefable\n|-boost|p1a: Clefable|def|1\n|-boost|p1a: Clefable|spd|1\n|move|p2a: La bomba|Dynamic Punch|p1b: Kingambit\n|-supereffective|p1b: Kingambit\n|-damage|p1b: Kingambit|0 fnt\n|faint|p1b: Kingambit\n|-end|p1b: Kingambit|fallen2|[silent]\n|\n|upkeep\n|\n|t:|1696503451\n|switch|p1b: Amoonguss|Amoonguss, F|100\/100\n|turn|10\n|inactive|AntilopeVerde has 90 seconds left.\n|inactive|AntilopeVerde has 60 seconds left.\n|\n|t:|1696503514\n|move|p2b: Metagross|Meteor Mash|p1a: Clefable\n|-supereffective|p1a: Clefable\n|-damage|p1a: Clefable|57\/100\n|move|p1a: Clefable|Cosmic Power|p1a: Clefable\n|-boost|p1a: Clefable|def|1\n|-boost|p1a: Clefable|spd|1\n|move|p2a: La bomba|Knock Off|p1b: Amoonguss\n|-damage|p1b: Amoonguss|70\/100\n|-enditem|p1b: Amoonguss|Leftovers|[from] move: Knock Off|[of] p2a: La bomba\n|move|p1b: Amoonguss|Spore|p2b: Metagross\n|-status|p2b: Metagross|slp|[from] move: Spore\n|\n|-heal|p1a: Clefable|63\/100|[from] item: Leftovers\n|upkeep\n|turn|11\n|inactive|AntilopeVerde has 60 seconds left.\n|\n|t:|1696503533\n|cant|p2b: Metagross|slp\n|move|p1a: Clefable|Baton Pass|p1a: Clefable\n|\n|t:|1696503537\n|switch|p1a: Torkoal|Torkoal, M|100\/100|[from] Baton Pass\n|-weather|SunnyDay|[from] ability: Drought|[of] p1a: Torkoal\n|move|p2a: La bomba|Dynamic Punch|p1b: Amoonguss\n|-resisted|p1b: Amoonguss\n|-damage|p1b: Amoonguss|47\/100\n|-start|p1b: Amoonguss|confusion\n|-activate|p1b: Amoonguss|confusion\n|move|p1b: Amoonguss|Toxic|p2a: La bomba\n|-status|p2a: La bomba|tox\n|\n|-weather|SunnyDay|[upkeep]\n|-damage|p2a: La bomba|94\/100 tox|[from] psn\n|upkeep\n|turn|12\n|\n|t:|1696503558\n|switch|p1b: Clefable|Clefable, M|63\/100\n|move|p2a: La bomba|Wide Guard|p2a: La bomba\n|-singleturn|p2a: La bomba|Wide Guard\n|cant|p2b: Metagross|slp\n|move|p1a: Torkoal|Eruption|p2a: La bomba|[spread] \n|-activate|p2a: La bomba|move: Wide Guard\n|-activate|p2b: Metagross|move: Wide Guard\n|\n|-weather|SunnyDay|[upkeep]\n|-heal|p1b: Clefable|70\/100|[from] item: Leftovers\n|-heal|p2a: La bomba|100\/100 tox|[from] item: Leftovers\n|-damage|p2a: La bomba|88\/100 tox|[from] psn\n|upkeep\n|turn|13\n|\n|t:|1696503576\n|move|p2a: La bomba|Wide Guard|p2a: La bomba\n|-singleturn|p2a: La bomba|Wide Guard\n|cant|p2b: Metagross|slp\n|move|p1b: Clefable|Cosmic Power|p1b: Clefable\n|-boost|p1b: Clefable|def|1\n|-boost|p1b: Clefable|spd|1\n|move|p1a: Torkoal|Eruption|p2b: Metagross|[spread] \n|-activate|p2a: La bomba|move: Wide Guard\n|-activate|p2b: Metagross|move: Wide Guard\n|\n|-weather|SunnyDay|[upkeep]\n|-heal|p1b: Clefable|76\/100|[from] item: Leftovers\n|-heal|p2a: La bomba|94\/100 tox|[from] item: Leftovers\n|-damage|p2a: La bomba|76\/100 tox|[from] psn\n|upkeep\n|turn|14\n|inactive|AntilopeVerde has 90 seconds left.\n|\n|t:|1696503586\n|move|p1a: Torkoal|Protect|p1a: Torkoal\n|-singleturn|p1a: Torkoal|Protect\n|move|p2a: La bomba|Wide Guard|p2a: La bomba\n|-singleturn|p2a: La bomba|Wide Guard\n|-curestatus|p2b: Metagross|slp|[msg]\n|move|p2b: Metagross|Meteor Mash|p1b: Clefable\n|-supereffective|p1b: Clefable\n|-damage|p1b: Clefable|0 fnt\n|-boost|p2b: Metagross|atk|1\n|faint|p1b: Clefable\n|\n|-weather|SunnyDay|[upkeep]\n|-heal|p2a: La bomba|82\/100 tox|[from] item: Leftovers\n|-damage|p2a: La bomba|58\/100 tox|[from] psn\n|upkeep\n|inactive|AntilopeVerde has 90 seconds left.\n|\n|t:|1696503600\n|switch|p1b: Amoonguss|Amoonguss, F|81\/100\n|turn|15\n|\n|t:|1696503613\n|move|p2a: La bomba|Wide Guard|p2a: La bomba\n|-singleturn|p2a: La bomba|Wide Guard\n|move|p2b: Metagross|Meteor Mash|p1b: Amoonguss\n|-damage|p1b: Amoonguss|0 fnt\n|faint|p1b: Amoonguss\n|move|p1a: Torkoal|Flamethrower|p2b: Metagross\n|-supereffective|p2b: Metagross\n|-damage|p2b: Metagross|0 fnt\n|faint|p2b: Metagross\n|\n|-weather|none\n|-heal|p2a: La bomba|64\/100 tox|[from] item: Leftovers\n|-damage|p2a: La bomba|33\/100 tox|[from] psn\n|upkeep\n|\n|t:|1696503623\n|switch|p2b: Mine mine|Pelipper, M|75\/100\n|-damage|p2b: Mine mine|50\/100|[from] Stealth Rock\n|-weather|RainDance|[from] ability: Drizzle|[of] p2b: Mine mine\n|turn|16\n|\n|t:|1696503630\n|-terastallize|p2b: Mine mine|Water\n|move|p2b: Mine mine|Scald|p1a: Torkoal\n|-supereffective|p1a: Torkoal\n|-crit|p1a: Torkoal\n|-damage|p1a: Torkoal|0 fnt\n|faint|p1a: Torkoal\n|\n|win|fumbari 24\n|raw|AntilopeVerde's rating: 1171 &rarr; <strong>1158<\/strong><br \/>(-13 for losing)\n|raw|fumbari 24's rating: 1357 &rarr; <strong>1367<\/strong><br \/>(+10 for winning)\n","uploadtime":1696503639,"views":8,"p1id":"antilopeverde","p2id":"fumbari24","formatid":"gen9nationaldexdoubles","rating":1158,"private":0,"password":""}