{"id":"gen9nationaldexdoubles-1988713382","p1":"bibleisreal20994","p2":"Denvah_17","format":"[Gen 9] National Dex Doubles","log":"|j|\u2606bibleisreal20994\n|j|\u2606Denvah_17\n|t:|1699753835\n|gametype|doubles\n|player|p1|bibleisreal20994|ingo|1372\n|player|p2|Denvah_17|alder|1342\n|teamsize|p1|6\n|teamsize|p2|6\n|gen|9\n|tier|[Gen 9] National Dex Doubles\n|rated|\n|rule|HP Percentage Mod: HP is shown in percentages\n|rule|Endless Battle Clause: Forcing endless battles is banned\n|rule|OHKO Clause: OHKO moves are banned\n|rule|Evasion Moves Clause: Evasion moves are banned\n|rule|Evasion Abilities Clause: Evasion abilities are banned\n|rule|Species Clause: Limit one of each Pok\u00e9mon\n|rule|Gravity Sleep Clause: The combination of sleep-inducing moves with imperfect accuracy and Gravity or Gigantamax Orbeetle are banned\n|clearpoke\n|poke|p1|Articuno-Galar|\n|poke|p1|Inteleon, M|\n|poke|p1|Mr. Mime, F|\n|poke|p1|Lucario, F|\n|poke|p1|Incineroar, F|\n|poke|p1|Vespiquen, F|\n|poke|p2|Porygon2|\n|poke|p2|Marowak-Alola, F|\n|poke|p2|Snorlax, M|\n|poke|p2|Slowbro-Galar, F|\n|poke|p2|Rhyperior, M|\n|poke|p2|Zapdos|\n|teampreview\n|inactive|Battle timer is ON: inactive players will automatically lose when time's up. (requested by bibleisreal20994)\n|inactive|Denvah_17 has 120 seconds left.\n|inactive|Denvah_17 has 90 seconds left.\n|\n|t:|1699753918\n|start\n|switch|p1a: \u2205 is silent|Inteleon, M, shiny|100\/100\n|switch|p1b: Tornado|Incineroar, F|100\/100\n|switch|p2a: Lavender Townie|Marowak-Alola, F, shiny|100\/100\n|switch|p2b: silph_sys.exe|Porygon2|100\/100\n|-ability|p1b: Tornado|Intimidate|boost\n|-unboost|p2a: Lavender Townie|atk|1\n|-unboost|p2b: silph_sys.exe|atk|1\n|turn|1\n|inactive|Denvah_17 has 120 seconds left.\n|inactive|Denvah_17 has 90 seconds left.\n|\n|t:|1699753996\n|switch|p2a: Amnesiac|Slowbro-Galar, F, shiny|100\/100\n|-terastallize|p2b: silph_sys.exe|Ghost\n|move|p1b: Tornado|Fake Out|p2b: silph_sys.exe\n|-immune|p2b: silph_sys.exe\n|move|p1a: \u2205 is silent|Snipe Shot|p2a: Amnesiac\n|-damage|p2a: Amnesiac|34\/100\n|move|p2b: silph_sys.exe|Trick Room|p2b: silph_sys.exe\n|-fieldstart|move: Trick Room|[of] p2b: silph_sys.exe\n|\n|upkeep\n|turn|2\n|inactive|Denvah_17 has 90 seconds left.\n|inactive|Denvah_17 has 60 seconds left.\n|-activate|p2a: Amnesiac|ability: Quick Draw\n|\n|t:|1699754037\n|switch|p1a: Limbs?|Mr. Mime, F|100\/100\n|detailschange|p2a: Amnesiac|Slowbro-Mega, F, shiny\n|-mega|p2a: Amnesiac|Slowbro|Slowbronite\n|move|p2a: Amnesiac|Scald|p1b: Tornado\n|-supereffective|p1b: Tornado\n|-damage|p1b: Tornado|29\/100\n|-enditem|p1b: Tornado|Sitrus Berry|[eat]\n|-heal|p1b: Tornado|54\/100|[from] item: Sitrus Berry\n|move|p2b: silph_sys.exe|Tri Attack|p1b: Tornado\n|-damage|p1b: Tornado|31\/100\n|move|p1b: Tornado|Parting Shot|p2a: Amnesiac\n|-unboost|p2a: Amnesiac|atk|1\n|-unboost|p2a: Amnesiac|spa|1\n|inactive|bibleisreal20994 has 120 seconds left.\n|\n|t:|1699754057\n|switch|p1b: Doggo|Vespiquen, F|100\/100|[from] Parting Shot\n|-ability|p1b: Doggo|Pressure\n|\n|upkeep\n|turn|3\n|\n|t:|1699754080\n|move|p1a: Limbs?|Fake Out|p2a: Amnesiac\n|-damage|p2a: Amnesiac|32\/100\n|cant|p2a: Amnesiac|flinch\n|move|p1b: Doggo|Toxic|p2b: silph_sys.exe\n|-status|p2b: silph_sys.exe|tox\n|move|p2b: silph_sys.exe|Tri Attack|p1a: Limbs?\n|-damage|p1a: Limbs?|62\/100\n|\n|-damage|p2b: silph_sys.exe|94\/100 tox|[from] psn\n|upkeep\n|turn|4\n|inactive|Denvah_17 has 90 seconds left.\n|\n|t:|1699754101\n|move|p1a: Limbs?|Follow Me|p1a: Limbs?\n|-singleturn|p1a: Limbs?|move: Follow Me\n|move|p2a: Amnesiac|Shell Side Arm|p1a: Limbs?|[anim] Shell Side Arm Special\n|-supereffective|p1a: Limbs?\n|-damage|p1a: Limbs?|26\/100\n|-hint|Special Shell Side Arm\n|-enditem|p1a: Limbs?|Sitrus Berry|[eat]\n|-heal|p1a: Limbs?|51\/100|[from] item: Sitrus Berry\n|move|p1b: Doggo|Defend Order|p1b: Doggo\n|-boost|p1b: Doggo|def|1\n|-boost|p1b: Doggo|spd|1\n|move|p2b: silph_sys.exe|Tri Attack|p1a: Limbs?\n|-damage|p1a: Limbs?|8\/100\n|-status|p1a: Limbs?|frz\n|\n|-damage|p2b: silph_sys.exe|82\/100 tox|[from] psn\n|upkeep\n|turn|5\n|inactive|Denvah_17 has 90 seconds left.\n|\n|t:|1699754124\n|cant|p1a: Limbs?|frz\n|move|p2a: Amnesiac|Ice Beam|p1b: Doggo\n|-supereffective|p1b: Doggo\n|-damage|p1b: Doggo|73\/100\n|-status|p1b: Doggo|frz\n|cant|p1b: Doggo|frz\n|move|p2b: silph_sys.exe|Ice Beam|p1b: Doggo\n|-supereffective|p1b: Doggo\n|-damage|p1b: Doggo|39\/100 frz\n|\n|-damage|p2b: silph_sys.exe|64\/100 tox|[from] psn\n|-fieldend|move: Trick Room\n|upkeep\n|turn|6\n|\n|t:|1699754140\n|switch|p1a: Tornado|Incineroar, F|31\/100\n|-ability|p1a: Tornado|Intimidate|boost\n|-unboost|p2a: Amnesiac|atk|1\n|-unboost|p2b: silph_sys.exe|atk|1\n|cant|p1b: Doggo|frz\n|move|p2a: Amnesiac|Ice Beam|p1b: Doggo\n|-supereffective|p1b: Doggo\n|-damage|p1b: Doggo|11\/100 frz\n|move|p2b: silph_sys.exe|Trick Room|p2b: silph_sys.exe\n|-fieldstart|move: Trick Room|[of] p2b: silph_sys.exe\n|\n|-damage|p2b: silph_sys.exe|39\/100 tox|[from] psn\n|upkeep\n|turn|7\n|c|\u2606Denvah_17|Damn what are the odds\n|c|\u2606Denvah_17|That's nutty\n|inactive|Denvah_17 has 120 seconds left.\n|\n|t:|1699754157\n|move|p1a: Tornado|Fake Out|p2a: Amnesiac\n|-damage|p2a: Amnesiac|26\/100\n|cant|p2a: Amnesiac|flinch\n|cant|p1b: Doggo|frz\n|move|p2b: silph_sys.exe|Recover|p2b: silph_sys.exe\n|-heal|p2b: silph_sys.exe|89\/100 tox\n|\n|-damage|p2b: silph_sys.exe|58\/100 tox|[from] psn\n|upkeep\n|turn|8\n|\n|t:|1699754177\n|switch|p1a: Limbs?|Mr. Mime, F|8\/100 frz\n|move|p2a: Amnesiac|Scald|p1a: Limbs?\n|-damage|p1a: Limbs?|0 fnt\n|faint|p1a: Limbs?\n|cant|p1b: Doggo|frz\n|move|p2b: silph_sys.exe|Ice Beam|p1b: Doggo\n|-supereffective|p1b: Doggo\n|-damage|p1b: Doggo|0 fnt\n|faint|p1b: Doggo\n|\n|-damage|p2b: silph_sys.exe|21\/100 tox|[from] psn\n|upkeep\n|\n|t:|1699754190\n|switch|p1b: Moon|Lucario, F|100\/100\n|switch|p1a: Tornado|Incineroar, F|31\/100\n|-ability|p1a: Tornado|Intimidate|boost\n|-unboost|p2a: Amnesiac|atk|1\n|-unboost|p2b: silph_sys.exe|atk|1\n|turn|9\n|\n|t:|1699754204\n|detailschange|p1b: Moon|Lucario-Mega, F\n|-mega|p1b: Moon|Lucario|Lucarionite\n|move|p1a: Tornado|Fake Out|p2a: Amnesiac\n|-damage|p2a: Amnesiac|20\/100\n|cant|p2a: Amnesiac|flinch\n|move|p2b: silph_sys.exe|Recover|p2b: silph_sys.exe\n|-heal|p2b: silph_sys.exe|71\/100 tox\n|move|p1b: Moon|Meteor Mash|p2b: silph_sys.exe\n|-damage|p2b: silph_sys.exe|32\/100 tox\n|\n|-damage|p2b: silph_sys.exe|0 fnt|[from] psn\n|faint|p2b: silph_sys.exe\n|upkeep\n|\n|t:|1699754219\n|switch|p2b: Giovanni|Rhyperior, M, shiny|100\/100\n|turn|10\n|\n|t:|1699754236\n|switch|p1a: \u2205 is silent|Inteleon, M, shiny|100\/100\n|move|p1b: Moon|Protect|p1b: Moon\n|-singleturn|p1b: Moon|Protect\n|move|p2a: Amnesiac|Expanding Force|p1b: Moon\n|-activate|p1b: Moon|move: Protect\n|move|p2b: Giovanni|Earthquake|p1b: Moon|[spread] p2a,p1a\n|-activate|p1b: Moon|move: Protect\n|-damage|p2a: Amnesiac|0 fnt\n|-damage|p1a: \u2205 is silent|22\/100\n|faint|p2a: Amnesiac\n|\n|-fieldend|move: Trick Room\n|upkeep\n|\n|t:|1699754245\n|switch|p2a: Power Plant Prince|Zapdos, shiny|100\/100\n|turn|11\n|\n|t:|1699754263\n|move|p1a: \u2205 is silent|Ice Beam|p2b: Giovanni\n|-supereffective|p2b: Giovanni\n|-damage|p2b: Giovanni|54\/100\n|move|p1b: Moon|Meteor Mash|p2b: Giovanni\n|-supereffective|p2b: Giovanni\n|-damage|p2b: Giovanni|0 fnt\n|-boost|p1b: Moon|atk|1\n|faint|p2b: Giovanni\n|move|p2a: Power Plant Prince|Discharge|p1a: \u2205 is silent|[spread] p1a,p1b\n|-supereffective|p1a: \u2205 is silent\n|-damage|p1a: \u2205 is silent|0 fnt\n|-damage|p1b: Moon|45\/100\n|faint|p1a: \u2205 is silent\n|\n|upkeep\n|\n|t:|1699754278\n|switch|p1a: Tornado|Incineroar, F|31\/100\n|switch|p2b: Lavender Townie|Marowak-Alola, F, shiny|100\/100\n|-ability|p1a: Tornado|Intimidate|boost\n|-unboost|p2a: Power Plant Prince|atk|1\n|-unboost|p2b: Lavender Townie|atk|1\n|turn|12\n|\n|t:|1699754286\n|move|p1b: Moon|Protect|p1b: Moon\n|-singleturn|p1b: Moon|Protect\n|move|p1a: Tornado|Fake Out|p2a: Power Plant Prince\n|-damage|p2a: Power Plant Prince|90\/100\n|-damage|p1a: Tornado|14\/100|[from] item: Rocky Helmet|[of] p2a: Power Plant Prince\n|cant|p2a: Power Plant Prince|flinch\n|move|p2b: Lavender Townie|Flare Blitz|p1b: Moon\n|-activate|p1b: Moon|move: Protect\n|\n|upkeep\n|turn|13\n|\n|t:|1699754305\n|move|p1b: Moon|Meteor Mash|p2b: Lavender Townie|[miss]\n|-miss|p1b: Moon|p2b: Lavender Townie\n|move|p2a: Power Plant Prince|Heat Wave|p1b: Moon|[spread] p1a,p1b\n|-resisted|p1a: Tornado\n|-supereffective|p1b: Moon\n|-damage|p1a: Tornado|4\/100\n|-damage|p1b: Moon|0 fnt\n|faint|p1b: Moon\n|move|p1a: Tornado|Parting Shot|p2b: Lavender Townie\n|-unboost|p2b: Lavender Townie|atk|1\n|-unboost|p2b: Lavender Townie|spa|1\n|\n|t:|1699754308\n|switch|p1a: Lanky Bird|Articuno-Galar, shiny|100\/100|[from] Parting Shot\n|move|p2b: Lavender Townie|Submission|p1a: Lanky Bird\n|-resisted|p1a: Lanky Bird\n|-damage|p1a: Lanky Bird|94\/100\n|\n|upkeep\n|\n|t:|1699754310\n|switch|p1b: Tornado|Incineroar, F|4\/100\n|-ability|p1b: Tornado|Intimidate|boost\n|-unboost|p2a: Power Plant Prince|atk|1\n|-unboost|p2b: Lavender Townie|atk|1\n|turn|14\n|\n|t:|1699754320\n|switch|p2b: Road Block|Snorlax, M, shiny|100\/100\n|-terastallize|p1a: Lanky Bird|Steel\n|move|p1a: Lanky Bird|Calm Mind|p1a: Lanky Bird\n|-boost|p1a: Lanky Bird|spa|1\n|-boost|p1a: Lanky Bird|spd|1\n|move|p2a: Power Plant Prince|Roost|p2a: Power Plant Prince\n|-heal|p2a: Power Plant Prince|100\/100\n|-singleturn|p2a: Power Plant Prince|move: Roost\n|move|p1b: Tornado|Flare Blitz|p2a: Power Plant Prince\n|-damage|p2a: Power Plant Prince|49\/100\n|-damage|p1b: Tornado|0 fnt|[from] item: Rocky Helmet|[of] p2a: Power Plant Prince\n|faint|p1b: Tornado\n|\n|upkeep\n|turn|15\n|\n|t:|1699754337\n|move|p1a: Lanky Bird|Freezing Glare|p2b: Road Block\n|-damage|p2b: Road Block|58\/100\n|move|p2a: Power Plant Prince|Roost|p2a: Power Plant Prince\n|-heal|p2a: Power Plant Prince|99\/100\n|-singleturn|p2a: Power Plant Prince|move: Roost\n|move|p2b: Road Block|Belly Drum|p2b: Road Block\n|-damage|p2b: Road Block|8\/100\n|-setboost|p2b: Road Block|atk|6|[from] move: Belly Drum\n|-enditem|p2b: Road Block|Figy Berry|[eat]\n|-heal|p2b: Road Block|41\/100|[from] item: Figy Berry\n|\n|upkeep\n|turn|16\n|\n|t:|1699754345\n|move|p1a: Lanky Bird|Air Slash|p2b: Road Block\n|-damage|p2b: Road Block|0 fnt\n|faint|p2b: Road Block\n|move|p2a: Power Plant Prince|Heat Wave|p1a: Lanky Bird|[miss]\n|-miss|p2a: Power Plant Prince|p1a: Lanky Bird\n|\n|upkeep\n|\n|t:|1699754350\n|switch|p2b: Lavender Townie|Marowak-Alola, F, shiny|100\/100\n|turn|17\n|\n|t:|1699754354\n|move|p1a: Lanky Bird|Freezing Glare|p2b: Lavender Townie\n|-damage|p2b: Lavender Townie|9\/100\n|move|p2a: Power Plant Prince|Heat Wave|p1a: Lanky Bird\n|-supereffective|p1a: Lanky Bird\n|-damage|p1a: Lanky Bird|44\/100\n|move|p2b: Lavender Townie|Flare Blitz|p1a: Lanky Bird\n|-supereffective|p1a: Lanky Bird\n|-damage|p1a: Lanky Bird|0 fnt\n|faint|p1a: Lanky Bird\n|\n|win|Denvah_17\n|raw|bibleisreal20994's rating: 1372 &rarr; <strong>1350<\/strong><br \/>(-22 for losing)\n|raw|Denvah_17's rating: 1342 &rarr; <strong>1364<\/strong><br \/>(+22 for winning)\n|l|\u2606bibleisreal20994\n|c|\u2606Denvah_17|gg\n","uploadtime":1699754373,"views":5,"p1id":"bibleisreal20994","p2id":"denvah17","formatid":"gen9nationaldexdoubles","rating":1350,"private":0,"password":""}