{"id":"gen9nationaldexdoubles-1950637098","p1":"Uchaku","p2":"Theadonia","format":"[Gen 9] National Dex Doubles","log":"|j|\u2606Uchaku\n|j|\u2606Theadonia\n|t:|1695492052\n|gametype|doubles\n|player|p1|Uchaku|colress|1177\n|player|p2|Theadonia|caitlin|1302\n|teamsize|p1|6\n|teamsize|p2|6\n|gen|9\n|tier|[Gen 9] National Dex Doubles\n|rated|\n|rule|HP Percentage Mod: HP is shown in percentages\n|rule|Endless Battle Clause: Forcing endless battles is banned\n|rule|OHKO Clause: OHKO moves are banned\n|rule|Evasion Moves Clause: Evasion moves are banned\n|rule|Evasion Abilities Clause: Evasion abilities are banned\n|rule|Species Clause: Limit one of each Pok\u00e9mon\n|rule|Gravity Sleep Clause: The combination of sleep-inducing moves with imperfect accuracy and Gravity or Gigantamax Orbeetle are banned\n|clearpoke\n|poke|p1|Ursaluna-Bloodmoon, M|\n|poke|p1|Slowbro-Galar, M|\n|poke|p1|Dusclops, F|\n|poke|p1|Kingambit, M|\n|poke|p1|Exeggutor-Alola, M|\n|poke|p1|Volcanion|\n|poke|p2|Delphox, M|\n|poke|p2|Oricorio-Sensu, F|\n|poke|p2|Kommo-o, F|\n|poke|p2|Smeargle, F|\n|poke|p2|Comfey, F|\n|poke|p2|Manaphy|\n|teampreview\n|\n|t:|1695492079\n|start\n|switch|p1a: Exeggutor|Exeggutor-Alola, M, shiny|100\/100\n|switch|p1b: Volcanion|Volcanion|100\/100\n|switch|p2a: Delphox|Delphox, M|100\/100\n|switch|p2b: Smeargle|Smeargle, F|100\/100\n|turn|1\n|\n|t:|1695492096\n|move|p2a: Delphox|Snatch|p2a: Delphox\n|-singleturn|p2a: Delphox|Snatch\n|move|p2b: Smeargle|Shell Smash|p2b: Smeargle\n|-activate|p2a: Delphox|move: Snatch|[of] p2b: Smeargle\n|move|p2a: Delphox|Shell Smash|p2a: Delphox|[from]Snatch\n|-unboost|p2a: Delphox|def|1\n|-unboost|p2a: Delphox|spd|1\n|-boost|p2a: Delphox|atk|2\n|-boost|p2a: Delphox|spa|2\n|-boost|p2a: Delphox|spe|2\n|-enditem|p2a: Delphox|White Herb\n|-clearnegativeboost|p2a: Delphox|[silent]\n|move|p1b: Volcanion|Steam Eruption|p2a: Delphox\n|-supereffective|p2a: Delphox\n|-damage|p2a: Delphox|0 fnt\n|faint|p2a: Delphox\n|-damage|p1b: Volcanion|91\/100|[from] item: Life Orb\n|move|p1a: Exeggutor|Trick Room|p1a: Exeggutor\n|-fieldstart|move: Trick Room|[of] p1a: Exeggutor\n|\n|upkeep\n|\n|t:|1695492112\n|switch|p2a: Comfey|Comfey, F|100\/100\n|turn|2\n|\n|t:|1695492124\n|move|p2a: Comfey|Draining Kiss|p1a: Exeggutor\n|-supereffective|p1a: Exeggutor\n|-damage|p1a: Exeggutor|55\/100\n|move|p1a: Exeggutor|Leech Seed|p2a: Comfey\n|-start|p2a: Comfey|move: Leech Seed\n|move|p1b: Volcanion|Steam Eruption|p2b: Smeargle\n|-enditem|p2b: Smeargle|Focus Sash\n|-damage|p2b: Smeargle|1\/100\n|-damage|p1b: Volcanion|81\/100|[from] item: Life Orb\n|move|p2b: Smeargle|Spore|p1b: Volcanion\n|-status|p1b: Volcanion|slp|[from] move: Spore\n|\n|-damage|p2a: Comfey|88\/100|[from] Leech Seed|[of] p1a: Exeggutor\n|-heal|p1a: Exeggutor|62\/100|[silent]\n|upkeep\n|turn|3\n|\n|t:|1695492145\n|move|p2a: Comfey|Draining Kiss|p1a: Exeggutor\n|-supereffective|p1a: Exeggutor\n|-damage|p1a: Exeggutor|20\/100\n|-heal|p2a: Comfey|100\/100|[from] drain|[of] p1a: Exeggutor\n|-enditem|p1a: Exeggutor|Sitrus Berry|[eat]\n|-heal|p1a: Exeggutor|45\/100|[from] item: Sitrus Berry\n|move|p1a: Exeggutor|Energy Ball|p2b: Smeargle\n|-crit|p2b: Smeargle\n|-damage|p2b: Smeargle|0 fnt\n|faint|p2b: Smeargle\n|cant|p1b: Volcanion|slp\n|\n|-damage|p2a: Comfey|88\/100|[from] Leech Seed|[of] p1a: Exeggutor\n|-heal|p1a: Exeggutor|52\/100|[silent]\n|-item|p1a: Exeggutor|Sitrus Berry|[from] ability: Harvest\n|upkeep\n|\n|t:|1695492160\n|switch|p2b: Manaphy|Manaphy|100\/100\n|turn|4\n|\n|t:|1695492169\n|move|p2a: Comfey|Draining Kiss|p1a: Exeggutor\n|-supereffective|p1a: Exeggutor\n|-damage|p1a: Exeggutor|10\/100\n|-heal|p2a: Comfey|100\/100|[from] drain|[of] p1a: Exeggutor\n|-enditem|p1a: Exeggutor|Sitrus Berry|[eat]\n|-heal|p1a: Exeggutor|35\/100|[from] item: Sitrus Berry\n|move|p1a: Exeggutor|Energy Ball|p2b: Manaphy\n|-supereffective|p2b: Manaphy\n|-damage|p2b: Manaphy|17\/100\n|cant|p1b: Volcanion|slp\n|move|p2b: Manaphy|Take Heart|p2b: Manaphy\n|-boost|p2b: Manaphy|spa|1\n|-boost|p2b: Manaphy|spd|1\n|\n|-heal|p2b: Manaphy|24\/100|[from] item: Leftovers\n|-damage|p2a: Comfey|88\/100|[from] Leech Seed|[of] p1a: Exeggutor\n|-heal|p1a: Exeggutor|42\/100|[silent]\n|upkeep\n|turn|5\n|\n|t:|1695492193\n|move|p2a: Comfey|Draining Kiss|p1a: Exeggutor\n|-supereffective|p1a: Exeggutor\n|-damage|p1a: Exeggutor|0 fnt\n|-heal|p2a: Comfey|100\/100|[from] drain|[of] p1a: Exeggutor\n|faint|p1a: Exeggutor\n|cant|p1b: Volcanion|slp\n|move|p2b: Manaphy|Take Heart|p2b: Manaphy\n|-boost|p2b: Manaphy|spa|1\n|-boost|p2b: Manaphy|spd|1\n|\n|-heal|p2b: Manaphy|30\/100|[from] item: Leftovers\n|-fieldend|move: Trick Room\n|upkeep\n|\n|t:|1695492271\n|switch|p1a: Slowbro|Slowbro-Galar, M, shiny|100\/100\n|turn|6\n|-activate|p1a: Slowbro|ability: Quick Draw\n|\n|t:|1695492302\n|move|p2a: Comfey|Floral Healing|p2b: Manaphy\n|-heal|p2b: Manaphy|80\/100\n|move|p1a: Slowbro|Shell Side Arm|p2a: Comfey|[anim] Shell Side Arm Physical\n|-supereffective|p2a: Comfey\n|-damage|p2a: Comfey|0 fnt\n|-hint|Physical Shell Side Arm\n|faint|p2a: Comfey\n|move|p2b: Manaphy|Stored Power|p1a: Slowbro\n|-damage|p1a: Slowbro|28\/100\n|-curestatus|p1b: Volcanion|slp|[msg]\n|move|p1b: Volcanion|Steam Eruption|p2b: Manaphy\n|-resisted|p2b: Manaphy\n|-damage|p2b: Manaphy|62\/100\n|-status|p2b: Manaphy|brn\n|-damage|p1b: Volcanion|71\/100|[from] item: Life Orb\n|\n|-heal|p2b: Manaphy|68\/100 brn|[from] item: Leftovers\n|-damage|p2b: Manaphy|62\/100 brn|[from] brn\n|upkeep\n|\n|t:|1695492316\n|switch|p2a: Kommo-o|Kommo-o, F|100\/100\n|turn|7\n|\n|t:|1695492330\n|-zpower|p2a: Kommo-o\n|move|p2a: Kommo-o|Clangorous Soulblaze|p1b: Volcanion|[zeffect]|[spread] p1a,p1b\n|-damage|p1a: Slowbro|0 fnt\n|-damage|p1b: Volcanion|25\/100\n|faint|p1a: Slowbro\n|-boost|p2a: Kommo-o|atk|1\n|-boost|p2a: Kommo-o|def|1\n|-boost|p2a: Kommo-o|spa|1\n|-boost|p2a: Kommo-o|spd|1\n|-boost|p2a: Kommo-o|spe|1\n|move|p2b: Manaphy|Stored Power|p1b: Volcanion\n|-damage|p1b: Volcanion|0 fnt\n|faint|p1b: Volcanion\n|\n|-heal|p2b: Manaphy|68\/100 brn|[from] item: Leftovers\n|-damage|p2b: Manaphy|62\/100 brn|[from] brn\n|upkeep\n|\n|t:|1695492349\n|switch|p1b: Dusclops|Dusclops, F, shiny|100\/100\n|switch|p1a: Ursaluna|Ursaluna-Bloodmoon, M|100\/100\n|-item|p2a: Kommo-o|Kommonium Z|[from] ability: Frisk|[of] p1b: Dusclops|[identify]\n|-item|p2b: Manaphy|Leftovers|[from] ability: Frisk|[of] p1b: Dusclops|[identify]\n|turn|8\n|\n|t:|1695492363\n|move|p2a: Kommo-o|Drain Punch|p1a: Ursaluna\n|-supereffective|p1a: Ursaluna\n|-damage|p1a: Ursaluna|21\/100\n|move|p2b: Manaphy|Take Heart|p2b: Manaphy\n|-boost|p2b: Manaphy|spa|1\n|-boost|p2b: Manaphy|spd|1\n|-curestatus|p2b: Manaphy|brn|[msg]\n|move|p1a: Ursaluna|Blood Moon|p2b: Manaphy\n|-damage|p2b: Manaphy|34\/100\n|move|p1b: Dusclops|Curse|p2a: Kommo-o\n|-start|p2a: Kommo-o|Curse|[of] p1b: Dusclops\n|-damage|p1b: Dusclops|51\/100\n|\n|-heal|p2b: Manaphy|41\/100|[from] item: Leftovers\n|-heal|p1a: Ursaluna|27\/100|[from] item: Leftovers\n|-damage|p2a: Kommo-o|76\/100|[from] Curse\n|upkeep\n|turn|9\n|\n|t:|1695492383\n|move|p2a: Kommo-o|Drain Punch|p1a: Ursaluna\n|-supereffective|p1a: Ursaluna\n|-damage|p1a: Ursaluna|0 fnt\n|-heal|p2a: Kommo-o|95\/100|[from] drain|[of] p1a: Ursaluna\n|faint|p1a: Ursaluna\n|move|p2b: Manaphy|Scald|p1b: Dusclops\n|-damage|p1b: Dusclops|0 fnt\n|faint|p1b: Dusclops\n|\n|-heal|p2b: Manaphy|47\/100|[from] item: Leftovers\n|-damage|p2a: Kommo-o|71\/100|[from] Curse\n|upkeep\n|\n|t:|1695492396\n|switch|p1a: Kingambit|Kingambit, M, shiny|100\/100\n|-activate|p1a: Kingambit|ability: Supreme Overlord\n|-start|p1a: Kingambit|fallen5|[silent]\n|turn|10\n|\n|t:|1695492402\n|-terastallize|p1a: Kingambit|Dark\n|move|p2a: Kommo-o|Drain Punch|p1a: Kingambit\n|-supereffective|p1a: Kingambit\n|-damage|p1a: Kingambit|13\/100\n|-heal|p2a: Kommo-o|100\/100|[from] drain|[of] p1a: Kingambit\n|move|p2b: Manaphy|Scald|p1a: Kingambit\n|-damage|p1a: Kingambit|0 fnt\n|faint|p1a: Kingambit\n|-end|p1a: Kingambit|fallen5|[silent]\n|\n|win|Theadonia\n|raw|Uchaku's rating: 1177 &rarr; <strong>1161<\/strong><br \/>(-16 for losing)\n|raw|Theadonia's rating: 1302 &rarr; <strong>1315<\/strong><br \/>(+13 for winning)\n|l|\u2606Uchaku\n","uploadtime":1695492415,"views":5,"p1id":"uchaku","p2id":"theadonia","formatid":"gen9nationaldexdoubles","rating":1161,"private":0,"password":""}