{"id":"gen9nationaldexdoubles-1961595140","p1":"Bryantdang3r","p2":"ELFRAN132","format":"[Gen 9] National Dex Doubles","log":"|j|\u2606Bryantdang3r\n|j|\u2606ELFRAN132\n|t:|1696641756\n|gametype|doubles\n|player|p1|Bryantdang3r|riley|1202\n|player|p2|ELFRAN132|170|1427\n|teamsize|p1|6\n|teamsize|p2|6\n|gen|9\n|tier|[Gen 9] National Dex Doubles\n|rated|\n|rule|HP Percentage Mod: HP is shown in percentages\n|rule|Endless Battle Clause: Forcing endless battles is banned\n|rule|OHKO Clause: OHKO moves are banned\n|rule|Evasion Moves Clause: Evasion moves are banned\n|rule|Evasion Abilities Clause: Evasion abilities are banned\n|rule|Species Clause: Limit one of each Pok\u00e9mon\n|rule|Gravity Sleep Clause: The combination of sleep-inducing moves with imperfect accuracy and Gravity or Gigantamax Orbeetle are banned\n|clearpoke\n|poke|p1|Arcanine-Hisui, M|\n|poke|p1|Slaking, F|\n|poke|p1|Milotic, F|\n|poke|p1|Metagross|\n|poke|p1|Weezing-Galar, F|\n|poke|p1|Cresselia, F|\n|poke|p2|Rillaboom, M|\n|poke|p2|Metagross|\n|poke|p2|Incineroar, F|\n|poke|p2|Tornadus, M|\n|poke|p2|Regidrago|\n|poke|p2|Gholdengo|\n|teampreview\n|\n|t:|1696641803\n|start\n|switch|p1a: Weezing|Weezing-Galar, F|100\/100\n|switch|p1b: Slaking|Slaking, F|100\/100\n|switch|p2a: Regidrago|Regidrago|100\/100\n|switch|p2b: Tornadus|Tornadus, M|100\/100\n|-ability|p1a: Weezing|Neutralizing Gas\n|turn|1\n|inactive|Battle timer is ON: inactive players will automatically lose when time's up. (requested by ELFRAN132)\n|\n|t:|1696641833\n|-terastallize|p2a: Regidrago|Steel\n|move|p1b: Slaking|Giga Impact|p2a: Regidrago\n|-resisted|p2a: Regidrago\n|-damage|p2a: Regidrago|20\/100\n|-mustrecharge|p1b: Slaking\n|move|p2a: Regidrago|Tera Blast|p1a: Weezing|[anim] Tera Blast Steel\n|-supereffective|p1a: Weezing\n|-damage|p1a: Weezing|0 fnt\n|faint|p1a: Weezing\n|-end|p1a: Weezing|ability: Neutralizing Gas\n|move|p2b: Tornadus|Tailwind|p2b: Tornadus\n|-sidestart|p2: ELFRAN132|move: Tailwind\n|\n|upkeep\n|\n|t:|1696641850\n|switch|p1a: Metagross|Metagross|100\/100\n|turn|2\n|\n|t:|1696641863\n|switch|p2a: Incineroar|Incineroar, F|100\/100\n|-ability|p2a: Incineroar|Intimidate|boost\n|-fail|p1a: Metagross|unboost|[from] ability: Clear Body|[of] p1a: Metagross\n|-unboost|p1b: Slaking|atk|1\n|switch|p2b: Metagross|Metagross|100\/100\n|detailschange|p1a: Metagross|Metagross-Mega\n|-mega|p1a: Metagross|Metagross|Metagrossite\n|move|p1a: Metagross|Bullet Punch|p2a: Incineroar\n|-resisted|p2a: Incineroar\n|-crit|p2a: Incineroar\n|-damage|p2a: Incineroar|79\/100\n|cant|p1b: Slaking|recharge\n|\n|upkeep\n|turn|3\n|inactive|Bryantdang3r has 120 seconds left.\n|inactive|ELFRAN132 has 120 seconds left.\n|\n|t:|1696641909\n|switch|p1b: Milotic|Milotic, F|100\/100\n|detailschange|p2b: Metagross|Metagross-Mega\n|-mega|p2b: Metagross|Metagross|Metagrossite\n|move|p1a: Metagross|Protect|p1a: Metagross\n|-singleturn|p1a: Metagross|Protect\n|move|p2b: Metagross|Stomping Tantrum|p1a: Metagross\n|-activate|p1a: Metagross|move: Protect\n|move|p2a: Incineroar|Parting Shot|p1b: Milotic\n|-unboost|p1b: Milotic|atk|1\n|-unboost|p1b: Milotic|spa|1\n|\n|t:|1696641922\n|switch|p2a: Gholdengo|Gholdengo|100\/100|[from] Parting Shot\n|\n|upkeep\n|turn|4\n|inactive|ELFRAN132 has 120 seconds left.\n|inactive|Bryantdang3r has 120 seconds left.\n|\n|t:|1696641950\n|move|p2b: Metagross|Stomping Tantrum|p1a: Metagross\n|-supereffective|p1a: Metagross\n|-damage|p1a: Metagross|47\/100\n|move|p2a: Gholdengo|Nasty Plot|p2a: Gholdengo\n|-boost|p2a: Gholdengo|spa|2\n|move|p1a: Metagross|Meteor Mash|p2a: Gholdengo\n|-resisted|p2a: Gholdengo\n|-damage|p2a: Gholdengo|62\/100\n|move|p1b: Milotic|Haze|p1b: Milotic\n|-clearallboost\n|\n|-heal|p2a: Gholdengo|68\/100|[from] item: Leftovers\n|-sideend|p2: ELFRAN132|move: Tailwind\n|upkeep\n|turn|5\n|inactive|ELFRAN132 has 120 seconds left.\n|\n|t:|1696641974\n|switch|p2b: Rillaboom|Rillaboom, M|100\/100\n|-fieldstart|move: Grassy Terrain|[from] ability: Grassy Surge|[of] p2b: Rillaboom\n|switch|p2a: Incineroar|Incineroar, F|79\/100\n|-ability|p2a: Incineroar|Intimidate|boost\n|-unboost|p1a: Metagross|atk|1\n|-unboost|p1b: Milotic|atk|1\n|move|p1a: Metagross|Protect|p1a: Metagross\n|-singleturn|p1a: Metagross|Protect\n|move|p1b: Milotic|Scald|p2b: Rillaboom\n|-resisted|p2b: Rillaboom\n|-damage|p2b: Rillaboom|88\/100\n|-status|p2b: Rillaboom|brn\n|\n|-heal|p1a: Metagross|53\/100|[from] Grassy Terrain\n|-heal|p2b: Rillaboom|94\/100 brn|[from] Grassy Terrain\n|-heal|p2a: Incineroar|86\/100|[from] Grassy Terrain\n|-damage|p2b: Rillaboom|88\/100 brn|[from] brn\n|upkeep\n|turn|6\n|inactive|ELFRAN132 has 120 seconds left.\n|inactive|Bryantdang3r has 120 seconds left.\n|\n|t:|1696642013\n|move|p2b: Rillaboom|Fake Out|p1b: Milotic\n|-damage|p1b: Milotic|94\/100\n|move|p1a: Metagross|Meteor Mash|p2b: Rillaboom\n|-damage|p2b: Rillaboom|42\/100 brn\n|cant|p1b: Milotic|flinch\n|move|p2a: Incineroar|Darkest Lariat|p1a: Metagross\n|-supereffective|p1a: Metagross\n|-damage|p1a: Metagross|11\/100\n|\n|-heal|p1a: Metagross|17\/100|[from] Grassy Terrain\n|-heal|p2b: Rillaboom|49\/100 brn|[from] Grassy Terrain\n|-heal|p1b: Milotic|99\/100|[from] Grassy Terrain\n|-heal|p1b: Milotic|100\/100|[from] item: Leftovers\n|-heal|p2a: Incineroar|92\/100|[from] Grassy Terrain\n|-damage|p2b: Rillaboom|42\/100 brn|[from] brn\n|upkeep\n|turn|7\n|inactive|ELFRAN132 has 120 seconds left.\n|\n|t:|1696642034\n|move|p1a: Metagross|Protect|p1a: Metagross\n|-singleturn|p1a: Metagross|Protect\n|move|p2b: Rillaboom|Wood Hammer|p1b: Milotic\n|-supereffective|p1b: Milotic\n|-damage|p1b: Milotic|31\/100\n|-damage|p2b: Rillaboom|24\/100 brn|[from] Recoil\n|move|p1b: Milotic|Haze|p1b: Milotic\n|-clearallboost\n|move|p2a: Incineroar|Parting Shot|p1b: Milotic\n|-unboost|p1b: Milotic|atk|1\n|-unboost|p1b: Milotic|spa|1\n|inactive|ELFRAN132 has 90 seconds left.\n|\n|t:|1696642065\n|switch|p2a: Gholdengo|Gholdengo|68\/100|[from] Parting Shot\n|\n|-heal|p2a: Gholdengo|74\/100|[from] Grassy Terrain\n|-heal|p2a: Gholdengo|80\/100|[from] item: Leftovers\n|-heal|p1a: Metagross|23\/100|[from] Grassy Terrain\n|-heal|p2b: Rillaboom|30\/100 brn|[from] Grassy Terrain\n|-heal|p1b: Milotic|37\/100|[from] Grassy Terrain\n|-heal|p1b: Milotic|43\/100|[from] item: Leftovers\n|-damage|p2b: Rillaboom|24\/100 brn|[from] brn\n|upkeep\n|turn|8\n|inactive|ELFRAN132 has 90 seconds left.\n|\n|t:|1696642087\n|move|p1a: Metagross|Bullet Punch|p2b: Rillaboom\n|-damage|p2b: Rillaboom|0 fnt\n|faint|p2b: Rillaboom\n|move|p2a: Gholdengo|Nasty Plot|p2a: Gholdengo\n|-boost|p2a: Gholdengo|spa|2\n|move|p1b: Milotic|Haze|p1b: Milotic\n|-clearallboost\n|\n|-heal|p2a: Gholdengo|87\/100|[from] Grassy Terrain\n|-heal|p2a: Gholdengo|93\/100|[from] item: Leftovers\n|-heal|p1a: Metagross|29\/100|[from] Grassy Terrain\n|-heal|p1b: Milotic|49\/100|[from] Grassy Terrain\n|-heal|p1b: Milotic|55\/100|[from] item: Leftovers\n|upkeep\n|inactive|ELFRAN132 has 90 seconds left.\n|\n|t:|1696642097\n|switch|p2b: Incineroar|Incineroar, F|92\/100\n|-ability|p2b: Incineroar|Intimidate|boost\n|-unboost|p1a: Metagross|atk|1\n|-unboost|p1b: Milotic|atk|1\n|turn|9\n|inactive|ELFRAN132 has 90 seconds left.\n|\n|t:|1696642123\n|move|p1a: Metagross|Protect|p1a: Metagross\n|-singleturn|p1a: Metagross|Protect\n|move|p2b: Incineroar|Fake Out|p1b: Milotic\n|-damage|p1b: Milotic|46\/100\n|move|p2a: Gholdengo|Nasty Plot|p2a: Gholdengo\n|-boost|p2a: Gholdengo|spa|2\n|cant|p1b: Milotic|flinch\n|\n|-heal|p2a: Gholdengo|99\/100|[from] Grassy Terrain\n|-heal|p2a: Gholdengo|100\/100|[from] item: Leftovers\n|-heal|p1a: Metagross|35\/100|[from] Grassy Terrain\n|-heal|p1b: Milotic|52\/100|[from] Grassy Terrain\n|-heal|p1b: Milotic|58\/100|[from] item: Leftovers\n|-heal|p2b: Incineroar|98\/100|[from] Grassy Terrain\n|-fieldend|move: Grassy Terrain\n|upkeep\n|turn|10\n|inactive|ELFRAN132 has 90 seconds left.\n|inactive|Bryantdang3r has 120 seconds left.\n|\n|t:|1696642167\n|switch|p1a: Slaking|Slaking, F|100\/100\n|move|p2a: Gholdengo|Tera Blast|p1b: Milotic\n|-damage|p1b: Milotic|6\/100\n|move|p1b: Milotic|Haze|p1b: Milotic\n|-clearallboost\n|move|p2b: Incineroar|Darkest Lariat|p1b: Milotic\n|-damage|p1b: Milotic|0 fnt\n|faint|p1b: Milotic\n|\n|upkeep\n|\n|t:|1696642183\n|switch|p1b: Arcanine|Arcanine-Hisui, M|100\/100\n|turn|11\n|inactive|Bryantdang3r has 120 seconds left.\n|\n|t:|1696642200\n|switch|p2a: Regidrago|Regidrago, tera:Steel|20\/100\n|switch|p2b: Metagross|Metagross-Mega|100\/100\n|-terastallize|p1b: Arcanine|Fire\n|move|p1a: Slaking|Giga Impact|p2b: Metagross\n|-resisted|p2b: Metagross\n|-damage|p2b: Metagross|36\/100\n|-mustrecharge|p1a: Slaking\n|move|p1b: Arcanine|Flare Blitz|p2a: Regidrago\n|-supereffective|p2a: Regidrago\n|-damage|p2a: Regidrago|0 fnt\n|faint|p2a: Regidrago\n|-damage|p1b: Arcanine|91\/100|[from] item: Life Orb\n|\n|upkeep\n|inactive|ELFRAN132 has 90 seconds left.\n|\n|t:|1696642222\n|switch|p2a: Tornadus|Tornadus, M|100\/100\n|turn|12\n|\n|t:|1696642231\n|move|p2a: Tornadus|Tailwind|p2a: Tornadus\n|-sidestart|p2: ELFRAN132|move: Tailwind\n|move|p2b: Metagross|Stomping Tantrum|p1b: Arcanine\n|-supereffective|p1b: Arcanine\n|-damage|p1b: Arcanine|19\/100\n|cant|p1a: Slaking|recharge\n|move|p1b: Arcanine|Flare Blitz|p2a: Tornadus\n|-damage|p2a: Tornadus|0 fnt\n|faint|p2a: Tornadus\n|-damage|p1b: Arcanine|9\/100|[from] item: Life Orb\n|\n|upkeep\n|\n|t:|1696642242\n|switch|p2a: Incineroar|Incineroar, F|98\/100\n|-ability|p2a: Incineroar|Intimidate|boost\n|-unboost|p1a: Slaking|atk|1\n|-unboost|p1b: Arcanine|atk|1\n|turn|13\n|inactive|ELFRAN132 has 120 seconds left.\n|\n|t:|1696642255\n|move|p1b: Arcanine|Protect|p1b: Arcanine\n|-singleturn|p1b: Arcanine|Protect\n|move|p2a: Incineroar|Fake Out|p1a: Slaking\n|-damage|p1a: Slaking|93\/100\n|move|p2b: Metagross|Bullet Punch|p1b: Arcanine\n|-activate|p1b: Arcanine|move: Protect\n|cant|p1a: Slaking|flinch\n|\n|upkeep\n|turn|14\n|\n|t:|1696642274\n|move|p1b: Arcanine|Extreme Speed|p2b: Metagross\n|-resisted|p2b: Metagross\n|-damage|p2b: Metagross|26\/100\n|-damage|p1b: Arcanine|0 fnt|[from] item: Life Orb\n|faint|p1b: Arcanine\n|move|p2b: Metagross|Bullet Punch|p1a: Slaking\n|-damage|p1a: Slaking|72\/100\n|move|p2a: Incineroar|Parting Shot|p1a: Slaking\n|-unboost|p1a: Slaking|atk|1\n|-unboost|p1a: Slaking|spa|1\n|\n|t:|1696642285\n|switch|p2a: Gholdengo|Gholdengo|100\/100|[from] Parting Shot\n|cant|p1a: Slaking|ability: Truant\n|\n|upkeep\n|\n|t:|1696642292\n|switch|p1b: Metagross|Metagross-Mega|35\/100\n|turn|15\n|\n|t:|1696642307\n|switch|p1a: Cresselia|Cresselia, F|100\/100\n|move|p2b: Metagross|Meteor Mash|p1a: Cresselia\n|-damage|p1a: Cresselia|65\/100\n|move|p2a: Gholdengo|Nasty Plot|p2a: Gholdengo\n|-boost|p2a: Gholdengo|spa|2\n|move|p1b: Metagross|Meteor Mash|p2b: Metagross\n|-resisted|p2b: Metagross\n|-damage|p2b: Metagross|0 fnt\n|-boost|p1b: Metagross|atk|1\n|faint|p2b: Metagross\n|\n|-sideend|p2: ELFRAN132|move: Tailwind\n|upkeep\n|\n|t:|1696642321\n|switch|p2b: Incineroar|Incineroar, F|98\/100\n|-ability|p2b: Incineroar|Intimidate|boost\n|-unboost|p1a: Cresselia|atk|1\n|-unboost|p1b: Metagross|atk|1\n|turn|16\n|\n|t:|1696642340\n|move|p1b: Metagross|Protect|p1b: Metagross\n|-singleturn|p1b: Metagross|Protect\n|move|p2b: Incineroar|Fake Out|p1a: Cresselia\n|-damage|p1a: Cresselia|59\/100\n|move|p2a: Gholdengo|Make It Rain|p1b: Metagross|[spread] p1a\n|-activate|p1b: Metagross|move: Protect\n|-damage|p1a: Cresselia|7\/100\n|-unboost|p2a: Gholdengo|spa|1\n|cant|p1a: Cresselia|flinch\n|\n|upkeep\n|turn|17\n|\n|t:|1696642359\n|move|p2a: Gholdengo|Make It Rain|p1b: Metagross|[spread] p1a,p1b\n|-resisted|p1b: Metagross\n|-damage|p1a: Cresselia|0 fnt\n|-damage|p1b: Metagross|0 fnt\n|-unboost|p2a: Gholdengo|spa|1\n|faint|p1a: Cresselia\n|faint|p1b: Metagross\n|move|p2b: Incineroar|Darkest Lariat|p1: Cresselia|[notarget]\n|-fail|p2b: Incineroar\n|\n|upkeep\n|\n|t:|1696642370\n|switch|p1b: Slaking|Slaking, F|72\/100\n|turn|18\n|\n|t:|1696642382\n|move|p1b: Slaking|Earthquake|p2b: Incineroar|[spread] p2a,p2b\n|-supereffective|p2a: Gholdengo\n|-supereffective|p2b: Incineroar\n|-damage|p2a: Gholdengo|0 fnt\n|-damage|p2b: Incineroar|12\/100\n|faint|p2a: Gholdengo\n|move|p2b: Incineroar|Flare Blitz|p1b: Slaking\n|-damage|p1b: Slaking|34\/100\n|-damage|p2b: Incineroar|0 fnt|[from] Recoil\n|faint|p2b: Incineroar\n|\n|win|Bryantdang3r\n|raw|Bryantdang3r's rating: 1202 &rarr; <strong>1241<\/strong><br \/>(+39 for winning)\n|raw|ELFRAN132's rating: 1427 &rarr; <strong>1396<\/strong><br \/>(-31 for losing)\n|c|\u2606Bryantdang3r|Gg\n|l|\u2606Bryantdang3r\n|j|\u2606Bryantdang3r\n|player|p1|Bryantdang3r|riley\n|c|\u2606Bryantdang3r|I thought i was done fr\n|c|\u2606Bryantdang3r|Well played\n","uploadtime":1696642438,"views":11,"p1id":"bryantdang3r","p2id":"elfran132","formatid":"gen9nationaldexdoubles","rating":1241,"private":0,"password":""}