{"id":"gen9nationaldexdoubles-1960320501","p1":"Asumi95","p2":"ArgentLamh","format":"[Gen 9] National Dex Doubles","log":"|j|\u2606Asumi95\n|j|\u2606ArgentLamh\n|t:|1696516640\n|gametype|doubles\n|player|p1|Asumi95|flannery|\n|player|p2|ArgentLamh|grimsley|\n|teamsize|p1|6\n|teamsize|p2|6\n|gen|9\n|tier|[Gen 9] National Dex Doubles\n|rule|HP Percentage Mod: HP is shown in percentages\n|rule|Endless Battle Clause: Forcing endless battles is banned\n|rule|OHKO Clause: OHKO moves are banned\n|rule|Evasion Moves Clause: Evasion moves are banned\n|rule|Evasion Abilities Clause: Evasion abilities are banned\n|rule|Species Clause: Limit one of each Pok\u00e9mon\n|rule|Gravity Sleep Clause: The combination of sleep-inducing moves with imperfect accuracy and Gravity or Gigantamax Orbeetle are banned\n|clearpoke\n|poke|p1|Murkrow, M|\n|poke|p1|Sinistcha|\n|poke|p1|Chi-Yu|\n|poke|p1|Rotom-Wash|\n|poke|p1|Kingambit, F|\n|poke|p1|Chien-Pao|\n|poke|p2|Samurott-Hisui, M|\n|poke|p2|Sinistcha|\n|poke|p2|Incineroar, M|\n|poke|p2|Hatterene, F|\n|poke|p2|Obstagoon, M|\n|poke|p2|Palossand, M|\n|teampreview\n|\n|t:|1696516665\n|start\n|switch|p1a: Mulan|Kingambit, F|100\/100\n|switch|p1b: DixanPlus|Rotom-Wash, shiny|100\/100\n|switch|p2a: Navarre|Samurott-Hisui, M|100\/100\n|switch|p2b: KING|Incineroar, M|100\/100\n|-ability|p2b: KING|Intimidate|boost\n|-unboost|p1a: Mulan|atk|1\n|-ability|p1a: Mulan|Defiant|boost\n|-boost|p1a: Mulan|atk|2\n|-unboost|p1b: DixanPlus|atk|1\n|turn|1\n|\n|t:|1696516689\n|-terastallize|p2a: Navarre|Water\n|-terastallize|p1a: Mulan|Fairy\n|move|p2b: KING|Fake Out|p1b: DixanPlus\n|-damage|p1b: DixanPlus|88\/100\n|move|p2a: Navarre|Swords Dance|p2a: Navarre\n|-boost|p2a: Navarre|atk|2\n|cant|p1b: DixanPlus|flinch\n|move|p1a: Mulan|Power-Up Punch|p2b: KING\n|-supereffective|p2b: KING\n|-damage|p2b: KING|60\/100\n|-boost|p1a: Mulan|atk|1\n|\n|upkeep\n|turn|2\n|\n|t:|1696516715\n|move|p2a: Navarre|Aqua Jet|p1a: Mulan\n|-damage|p1a: Mulan|61\/100\n|move|p1b: DixanPlus|Will-O-Wisp|p2a: Navarre\n|-status|p2a: Navarre|brn\n|move|p2b: KING|Flare Blitz|p1a: Mulan\n|-damage|p1a: Mulan|22\/100\n|-damage|p2b: KING|47\/100|[from] Recoil\n|-enditem|p2b: KING|Sitrus Berry|[eat]\n|-heal|p2b: KING|72\/100|[from] item: Sitrus Berry\n|move|p1a: Mulan|Power-Up Punch|p2a: Navarre\n|-damage|p2a: Navarre|63\/100 brn\n|-boost|p1a: Mulan|atk|1\n|\n|-damage|p2a: Navarre|57\/100 brn|[from] brn\n|upkeep\n|turn|3\n|\n|t:|1696516742\n|move|p2a: Navarre|Aqua Jet|p1a: Mulan\n|-damage|p1a: Mulan|5\/100\n|move|p1a: Mulan|Sucker Punch||[still]\n|-fail|p1a: Mulan\n|move|p1b: DixanPlus|Hydro Pump|p2b: KING|[miss]\n|-miss|p1b: DixanPlus|p2b: KING\n|move|p2b: KING|Knock Off|p1b: DixanPlus\n|-damage|p1b: DixanPlus|47\/100\n|-enditem|p1b: DixanPlus|Safety Goggles|[from] move: Knock Off|[of] p2b: KING\n|\n|-damage|p2a: Navarre|51\/100 brn|[from] brn\n|upkeep\n|turn|4\n|\n|t:|1696516770\n|move|p2a: Navarre|Aqua Jet|p1a: Mulan\n|-damage|p1a: Mulan|0 fnt\n|faint|p1a: Mulan\n|move|p1b: DixanPlus|Hydro Pump|p2b: KING\n|-supereffective|p2b: KING\n|-damage|p2b: KING|0 fnt\n|faint|p2b: KING\n|\n|-damage|p2a: Navarre|44\/100 brn|[from] brn\n|upkeep\n|\n|t:|1696516789\n|switch|p2b: Silky|Sinistcha|100\/100\n|switch|p1a: Matchaca|Sinistcha|100\/100\n|-heal|p1b: DixanPlus|72\/100|[from] ability: Hospitality|[of] p1a: Matchaca\n|-heal|p2a: Navarre|69\/100 brn|[from] ability: Hospitality|[of] p2b: Silky\n|turn|5\n|\n|t:|1696516803\n|move|p2a: Navarre|Ceaseless Edge|p1a: Matchaca\n|-supereffective|p1a: Matchaca\n|-damage|p1a: Matchaca|0 fnt\n|-sidestart|p1: Asumi95|Spikes\n|faint|p1a: Matchaca\n|move|p1b: DixanPlus|Thunderbolt|p2a: Navarre\n|-supereffective|p2a: Navarre\n|-damage|p2a: Navarre|0 fnt\n|faint|p2a: Navarre\n|move|p2b: Silky|Matcha Gotcha|p1b: DixanPlus\n|-supereffective|p1b: DixanPlus\n|-damage|p1b: DixanPlus|0 fnt\n|faint|p1b: DixanPlus\n|\n|upkeep\n|\n|t:|1696516817\n|switch|p2a: WitchSlap|Hatterene, F|100\/100\n|switch|p1b: Hielopahoe|Chien-Pao|100\/100\n|switch|p1a: Oropez|Chi-Yu|100\/100\n|-damage|p1b: Hielopahoe|88\/100|[from] Spikes\n|-ability|p1b: Hielopahoe|Sword of Ruin\n|-damage|p1a: Oropez|88\/100|[from] Spikes\n|-ability|p1a: Oropez|Beads of Ruin\n|turn|6\n|\n|t:|1696516834\n|move|p1b: Hielopahoe|Protect|p1b: Hielopahoe\n|-singleturn|p1b: Hielopahoe|Protect\n|move|p1a: Oropez|Heat Wave|p2b: Silky|[spread] p2a,p2b\n|-supereffective|p2b: Silky\n|-damage|p2a: WitchSlap|55\/100\n|-damage|p2b: Silky|0 fnt\n|faint|p2b: Silky\n|-damage|p1a: Oropez|78\/100|[from] item: Life Orb\n|move|p2a: WitchSlap|Dazzling Gleam|p1b: Hielopahoe|[spread] p1a\n|-activate|p1b: Hielopahoe|move: Protect\n|-damage|p1a: Oropez|34\/100\n|\n|upkeep\n|\n|t:|1696516846\n|switch|p2b: Ki$$ Me|Obstagoon, M|100\/100\n|turn|7\n|\n|t:|1696516854\n|switch|p2b: Dune King|Palossand, M|100\/100\n|move|p1b: Hielopahoe|Protect|p1b: Hielopahoe\n|-singleturn|p1b: Hielopahoe|Protect\n|move|p1a: Oropez|Dark Pulse|p2a: WitchSlap\n|-damage|p2a: WitchSlap|3\/100\n|-damage|p1a: Oropez|24\/100|[from] item: Life Orb\n|cant|p2a: WitchSlap|flinch\n|\n|upkeep\n|turn|8\n|\n|t:|1696516869\n|switch|p2b: Ki$$ Me|Obstagoon, M|100\/100\n|move|p1b: Hielopahoe|Protect||[still]\n|-fail|p1b: Hielopahoe\n|move|p1a: Oropez|Flamethrower|p2a: WitchSlap\n|-damage|p2a: WitchSlap|0 fnt\n|faint|p2a: WitchSlap\n|-damage|p1a: Oropez|14\/100|[from] item: Life Orb\n|\n|-status|p2b: Ki$$ Me|brn|[from] item: Flame Orb\n|upkeep\n|-message|ArgentLamh forfeited.\n|\n|win|Asumi95\n|l|\u2606ArgentLamh\n","uploadtime":1696516890,"views":14,"p1id":"asumi95","p2id":"argentlamh","formatid":"gen9nationaldexdoubles","rating":0,"private":0,"password":""}