{"id":"gen9nationaldexdoubles-1978073764","p1":"ahlido","p2":"roudiking","format":"[Gen 9] National Dex Doubles","log":"|j|\u2606ahlido\n|j|\u2606roudiking\n|t:|1698495361\n|gametype|doubles\n|player|p1|ahlido|red|\n|player|p2|roudiking|gambler|\n|teamsize|p1|6\n|teamsize|p2|6\n|gen|9\n|tier|[Gen 9] National Dex Doubles\n|rule|HP Percentage Mod: HP is shown in percentages\n|rule|Endless Battle Clause: Forcing endless battles is banned\n|rule|OHKO Clause: OHKO moves are banned\n|rule|Evasion Moves Clause: Evasion moves are banned\n|rule|Evasion Abilities Clause: Evasion abilities are banned\n|rule|Species Clause: Limit one of each Pok\u00e9mon\n|rule|Gravity Sleep Clause: The combination of sleep-inducing moves with imperfect accuracy and Gravity or Gigantamax Orbeetle are banned\n|clearpoke\n|poke|p1|Moltres|\n|poke|p1|Iron Leaves|\n|poke|p1|Great Tusk|\n|poke|p1|Ambipom, F|\n|poke|p1|Charizard, F|\n|poke|p1|Garchomp, M|\n|poke|p2|Scizor, F|\n|poke|p2|Kleavor, F|\n|poke|p2|Scyther, M|\n|poke|p2|Araquanid, M|\n|poke|p2|Buzzwole|\n|poke|p2|Oranguru, M|\n|teampreview\n|\n|t:|1698495371\n|start\n|switch|p1a: Charizard|Charizard, F|100\/100\n|switch|p1b: Moltres|Moltres|100\/100\n|switch|p2a: Suffering|Scizor, F|100\/100\n|switch|p2b: Oranguru|Oranguru, M|100\/100\n|turn|1\n|\n|t:|1698495391\n|switch|p1b: Great Tusk|Great Tusk|100\/100\n|move|p1a: Charizard|Crunch|p1b: Great Tusk\n|-resisted|p1b: Great Tusk\n|-damage|p1b: Great Tusk|94\/100\n|move|p2a: Suffering|Dual Wingbeat|p1a: Charizard\n|-damage|p1a: Charizard|67\/100\n|-damage|p1a: Charizard|32\/100\n|-hitcount|p1a: Charizard|2\n|move|p2b: Oranguru|Instruct|p2a: Suffering\n|-singleturn|p2a: Suffering|move: Instruct|[of] p2b: Oranguru\n|move|p2a: Suffering|Dual Wingbeat|p1a: Charizard\n|-damage|p1a: Charizard|1\/100\n|-damage|p1a: Charizard|0 fnt\n|faint|p1a: Charizard\n|-hitcount|p1: Charizard|2\n|\n|upkeep\n|\n|t:|1698495411\n|switch|p1a: Ambipom|Ambipom, F|100\/100\n|turn|2\n|\n|t:|1698495429\n|-end|p1b: Great Tusk|Protosynthesis|[silent]\n|switch|p1b: Iron Leaves|Iron Leaves|100\/100\n|-enditem|p1b: Iron Leaves|Booster Energy\n|-activate|p1b: Iron Leaves|ability: Quark Drive|[fromitem]\n|-start|p1b: Iron Leaves|quarkdriveatk\n|detailschange|p2a: Suffering|Scizor-Mega, F\n|-mega|p2a: Suffering|Scizor|Scizorite\n|move|p1a: Ambipom|Brick Break|p2a: Suffering\n|-damage|p2a: Suffering|69\/100\n|move|p2a: Suffering|Dual Wingbeat|p1a: Ambipom|[miss]\n|-miss|p2a: Suffering|p1a: Ambipom\n|move|p2b: Oranguru|Instruct|p2a: Suffering\n|-singleturn|p2a: Suffering|move: Instruct|[of] p2b: Oranguru\n|move|p2a: Suffering|Dual Wingbeat|p1a: Ambipom\n|-damage|p1a: Ambipom|57\/100\n|-damage|p1a: Ambipom|16\/100\n|-hitcount|p1a: Ambipom|2\n|\n|upkeep\n|turn|3\n|\n|t:|1698495457\n|switch|p1a: Moltres|Moltres|100\/100\n|move|p1b: Iron Leaves|Focus Blast|p2a: Suffering\n|-damage|p2a: Suffering|43\/100\n|move|p2a: Suffering|Knock Off|p1b: Iron Leaves\n|-supereffective|p1b: Iron Leaves\n|-damage|p1b: Iron Leaves|34\/100\n|move|p2b: Oranguru|Instruct|p2a: Suffering\n|-singleturn|p2a: Suffering|move: Instruct|[of] p2b: Oranguru\n|move|p2a: Suffering|Knock Off|p1b: Iron Leaves\n|-supereffective|p1b: Iron Leaves\n|-damage|p1b: Iron Leaves|0 fnt\n|faint|p1b: Iron Leaves\n|-end|p1b: Iron Leaves|Quark Drive|[silent]\n|\n|upkeep\n|\n|t:|1698495476\n|switch|p1b: Garchomp|Garchomp, M|100\/100\n|turn|4\n|\n|t:|1698495493\n|move|p1b: Garchomp|Draco Meteor|p2a: Suffering\n|-resisted|p2a: Suffering\n|-damage|p2a: Suffering|20\/100\n|-unboost|p1b: Garchomp|spa|2\n|move|p1a: Moltres|Double-Edge|p2a: Suffering\n|-resisted|p2a: Suffering\n|-damage|p2a: Suffering|4\/100\n|-damage|p1a: Moltres|96\/100|[from] Recoil\n|move|p2a: Suffering|Swords Dance|p2a: Suffering\n|-boost|p2a: Suffering|atk|2\n|move|p2b: Oranguru|Instruct|p2a: Suffering\n|-singleturn|p2a: Suffering|move: Instruct|[of] p2b: Oranguru\n|move|p2a: Suffering|Swords Dance|p2a: Suffering\n|-boost|p2a: Suffering|atk|2\n|\n|upkeep\n|turn|5\n|\n|t:|1698495518\n|move|p2a: Suffering|Bullet Punch|p1b: Garchomp\n|-damage|p1b: Garchomp|0 fnt\n|-damage|p2a: Suffering|0 fnt|[from] ability: Rough Skin|[of] p1b: Garchomp\n|faint|p1b: Garchomp\n|faint|p2a: Suffering\n|move|p1a: Moltres|Acrobatics|p2b: Oranguru\n|-damage|p2b: Oranguru|77\/100\n|move|p2b: Oranguru|Instruct|p2: Suffering|[notarget]\n|-fail|p2b: Oranguru\n|\n|-heal|p2b: Oranguru|83\/100|[from] item: Leftovers\n|upkeep\n|\n|t:|1698495537\n|switch|p1b: Great Tusk|Great Tusk|94\/100\n|switch|p2a: No wings|Kleavor, F|100\/100\n|turn|6\n|\n|t:|1698495552\n|move|p1a: Moltres|Acrobatics|p2a: No wings\n|-damage|p2a: No wings|70\/100\n|move|p2a: No wings|Stone Axe|p1a: Moltres\n|-supereffective|p1a: Moltres\n|-damage|p1a: Moltres|0 fnt\n|-sidestart|p1: ahlido|move: Stealth Rock\n|faint|p1a: Moltres\n|move|p1b: Great Tusk|Fire Fang|p2a: No wings\n|-damage|p2a: No wings|39\/100\n|move|p2b: Oranguru|Instruct|p2a: No wings\n|-singleturn|p2a: No wings|move: Instruct|[of] p2b: Oranguru\n|move|p2a: No wings|Stone Axe|p1b: Great Tusk\n|-resisted|p1b: Great Tusk\n|-damage|p1b: Great Tusk|86\/100\n|\n|-heal|p2b: Oranguru|90\/100|[from] item: Leftovers\n|upkeep\n|\n|t:|1698495570\n|switch|p1a: Ambipom|Ambipom, F|16\/100\n|-damage|p1a: Ambipom|4\/100|[from] Stealth Rock\n|turn|7\n|\n|t:|1698495586\n|move|p1a: Ambipom|Power-Up Punch|p2a: No wings\n|-damage|p2a: No wings|6\/100\n|-boost|p1a: Ambipom|atk|1\n|move|p2a: No wings|Psycho Cut|p1b: Great Tusk\n|-supereffective|p1b: Great Tusk\n|-damage|p1b: Great Tusk|42\/100\n|move|p1b: Great Tusk|Fire Fang|p2a: No wings|[miss]\n|-miss|p1b: Great Tusk|p2a: No wings\n|move|p2b: Oranguru|Instruct|p2a: No wings\n|-singleturn|p2a: No wings|move: Instruct|[of] p2b: Oranguru\n|move|p2a: No wings|Psycho Cut|p1b: Great Tusk\n|-supereffective|p1b: Great Tusk\n|-damage|p1b: Great Tusk|0 fnt\n|faint|p1b: Great Tusk\n|-end|p1b: Great Tusk|Protosynthesis|[silent]\n|\n|-heal|p2b: Oranguru|96\/100|[from] item: Leftovers\n|upkeep\n|turn|8\n|l|\u2606roudiking\n|player|p2|\n|j|\u2606roudiking\n|player|p2|roudiking|gambler\n|\n|t:|1698495761\n|move|p1a: Ambipom|Power-Up Punch|p2a: No wings\n|-damage|p2a: No wings|0 fnt\n|-boost|p1a: Ambipom|atk|1\n|faint|p2a: No wings\n|move|p2b: Oranguru|Instruct|p2: No wings|[notarget]\n|-fail|p2b: Oranguru\n|\n|-heal|p2b: Oranguru|100\/100|[from] item: Leftovers\n|upkeep\n|\n|t:|1698495767\n|switch|p2a: Dr buzz|Buzzwole|100\/100\n|turn|9\n|\n|t:|1698495778\n|move|p1a: Ambipom|Power-Up Punch|p2b: Oranguru\n|-damage|p2b: Oranguru|56\/100\n|-boost|p1a: Ambipom|atk|1\n|move|p2a: Dr buzz|Close Combat|p1a: Ambipom\n|-supereffective|p1a: Ambipom\n|-damage|p1a: Ambipom|0 fnt\n|-unboost|p2a: Dr buzz|def|1\n|-unboost|p2a: Dr buzz|spd|1\n|faint|p1a: Ambipom\n|\n|win|roudiking\n","uploadtime":1698495786,"views":9,"p1id":"ahlido","p2id":"roudiking","formatid":"gen9nationaldexdoubles","rating":0,"private":0,"password":""}