{"id":"gen9nationaldexdoubles-1948474584","p1":"MathHacker","p2":"user58342485","format":"[Gen 9] National Dex Doubles","log":"|j|\u2606MathHacker\n|j|\u2606user58342485\n|t:|1695263612\n|gametype|doubles\n|player|p1|MathHacker|richboy-gen4|1417\n|player|p2|user58342485|nate|1555\n|teamsize|p1|6\n|teamsize|p2|6\n|gen|9\n|tier|[Gen 9] National Dex Doubles\n|rated|\n|rule|HP Percentage Mod: HP is shown in percentages\n|rule|Endless Battle Clause: Forcing endless battles is banned\n|rule|OHKO Clause: OHKO moves are banned\n|rule|Evasion Moves Clause: Evasion moves are banned\n|rule|Evasion Abilities Clause: Evasion abilities are banned\n|rule|Species Clause: Limit one of each Pok\u00e9mon\n|rule|Gravity Sleep Clause: The combination of sleep-inducing moves with imperfect accuracy and Gravity or Gigantamax Orbeetle are banned\n|clearpoke\n|poke|p1|Shuckle, M|\n|poke|p1|Pelipper, M|\n|poke|p1|Cresselia, F|\n|poke|p1|Torkoal, F|\n|poke|p1|Oranguru, F|\n|poke|p1|Ursaluna, M|\n|poke|p2|Rillaboom, F|\n|poke|p2|Salamence, F|\n|poke|p2|Volcanion|\n|poke|p2|Chien-Pao|\n|poke|p2|Flutter Mane|\n|poke|p2|Ogerpon-Cornerstone, F|\n|teampreview\n|inactive|Battle timer is ON: inactive players will automatically lose when time's up. (requested by user58342485)\n|inactive|user58342485 has 120 seconds left.\n|\n|t:|1695263660\n|start\n|switch|p1a: Shucky|Shuckle, M, shiny|100\/100\n|switch|p1b: munke|Oranguru, F|100\/100\n|switch|p2a: Flutter Mane|Flutter Mane|100\/100\n|switch|p2b: Chien-Pao|Chien-Pao|100\/100\n|-ability|p2b: Chien-Pao|Sword of Ruin\n|turn|1\n|inactive|MathHacker has 120 seconds left.\n|\n|t:|1695263701\n|-terastallize|p2a: Flutter Mane|Fairy\n|move|p2b: Chien-Pao|Ice Spinner|p1b: munke\n|-damage|p1b: munke|62\/100\n|move|p2a: Flutter Mane|Moonblast|p1b: munke\n|-damage|p1b: munke|0 fnt\n|faint|p1b: munke\n|move|p1a: Shucky|Power Trick|p1a: Shucky\n|-start|p1a: Shucky|Power Trick\n|\n|upkeep\n|inactive|MathHacker has 90 seconds left.\n|inactive|MathHacker has 60 seconds left.\n|\n|t:|1695263766\n|switch|p1b: Yertle|Torkoal, F|100\/100\n|-weather|SunnyDay|[from] ability: Drought|[of] p1b: Yertle\n|-activate|p2a: Flutter Mane|ability: Protosynthesis\n|-start|p2a: Flutter Mane|protosynthesisspe\n|turn|2\n|inactive|MathHacker has 60 seconds left.\n|\n|t:|1695263783\n|-end|p2a: Flutter Mane|Protosynthesis|[silent]\n|switch|p2a: Volcanion|Volcanion|100\/100\n|move|p2b: Chien-Pao|Protect|p2b: Chien-Pao\n|-singleturn|p2b: Chien-Pao|Protect\n|move|p1b: Yertle|Heat Wave|p2a: Volcanion|[spread] p2a\n|-activate|p2b: Chien-Pao|move: Protect\n|-resisted|p2a: Volcanion\n|-damage|p2a: Volcanion|93\/100\n|move|p1a: Shucky|Rock Slide|p2b: Chien-Pao|[spread] p2a\n|-activate|p2b: Chien-Pao|move: Protect\n|-supereffective|p2a: Volcanion\n|-damage|p2a: Volcanion|0 fnt\n|faint|p2a: Volcanion\n|\n|-weather|SunnyDay|[upkeep]\n|upkeep\n|\n|t:|1695263799\n|switch|p2a: Rillaboom|Rillaboom, F|100\/100\n|-fieldstart|move: Grassy Terrain|[from] ability: Grassy Surge|[of] p2a: Rillaboom\n|turn|3\n|\n|t:|1695263820\n|move|p2a: Rillaboom|Fake Out|p1a: Shucky\n|-resisted|p1a: Shucky\n|-damage|p1a: Shucky|50\/100\n|move|p2b: Chien-Pao|Sacred Sword|p1a: Shucky\n|-damage|p1a: Shucky|0 fnt\n|faint|p1a: Shucky\n|move|p1b: Yertle|Heat Wave|p2b: Chien-Pao|[spread] p2a,p2b\n|-supereffective|p2a: Rillaboom\n|-supereffective|p2b: Chien-Pao\n|-damage|p2a: Rillaboom|42\/100\n|-enditem|p2b: Chien-Pao|Focus Sash\n|-damage|p2b: Chien-Pao|1\/100\n|\n|-weather|SunnyDay|[upkeep]\n|-heal|p2b: Chien-Pao|7\/100|[from] Grassy Terrain\n|-heal|p2a: Rillaboom|48\/100|[from] Grassy Terrain\n|upkeep\n|inactive|MathHacker has 60 seconds left.\n|\n|t:|1695263837\n|switch|p1a: Cresselia|Cresselia, F|100\/100\n|turn|4\n|\n|t:|1695263862\n|-terastallize|p1a: Cresselia|Fighting\n|move|p2b: Chien-Pao|Ice Spinner|p1a: Cresselia\n|-damage|p1a: Cresselia|71\/100\n|-fieldend|move: Grassy Terrain\n|move|p2a: Rillaboom|U-turn|p1a: Cresselia\n|-resisted|p1a: Cresselia\n|-damage|p1a: Cresselia|63\/100\n|\n|t:|1695263872\n|switch|p2a: Salamence|Salamence, F|100\/100|[from] U-turn\n|-ability|p2a: Salamence|Intimidate|boost\n|-unboost|p1a: Cresselia|atk|1\n|-unboost|p1b: Yertle|atk|1\n|move|p1b: Yertle|Heat Wave|p2b: Chien-Pao|[spread] p2a,p2b\n|-resisted|p2a: Salamence\n|-supereffective|p2b: Chien-Pao\n|-damage|p2a: Salamence|75\/100\n|-damage|p2b: Chien-Pao|0 fnt\n|faint|p2b: Chien-Pao\n|move|p1a: Cresselia|Trick Room|p1a: Cresselia\n|-fieldstart|move: Trick Room|[of] p1a: Cresselia\n|\n|-weather|SunnyDay|[upkeep]\n|-heal|p1a: Cresselia|69\/100|[from] item: Leftovers\n|upkeep\n|inactive|user58342485 has 120 seconds left.\n|\n|t:|1695263884\n|switch|p2b: Rillaboom|Rillaboom, F|48\/100\n|-fieldstart|move: Grassy Terrain|[from] ability: Grassy Surge|[of] p2b: Rillaboom\n|turn|5\n|\n|t:|1695263898\n|detailschange|p2a: Salamence|Salamence-Mega, F\n|-mega|p2a: Salamence|Salamence|Salamencite\n|move|p2b: Rillaboom|Fake Out|p1b: Yertle\n|-damage|p1b: Yertle|88\/100\n|cant|p1b: Yertle|flinch\n|move|p1a: Cresselia|Lunar Blessing|p1a: Cresselia|[spread] p1a,p1b\n|-heal|p1a: Cresselia|94\/100\n|-heal|p1b: Yertle|100\/100\n|move|p2a: Salamence|Frustration|p1a: Cresselia\n|-supereffective|p1a: Cresselia\n|-damage|p1a: Cresselia|21\/100\n|\n|-weather|SunnyDay|[upkeep]\n|-heal|p1a: Cresselia|27\/100|[from] item: Leftovers\n|-heal|p2b: Rillaboom|54\/100|[from] Grassy Terrain\n|upkeep\n|turn|6\n|inactive|MathHacker has 90 seconds left.\n|\n|t:|1695263930\n|move|p1a: Cresselia|Protect|p1a: Cresselia\n|-singleturn|p1a: Cresselia|Protect\n|move|p2b: Rillaboom|Grassy Glide|p1a: Cresselia\n|-activate|p1a: Cresselia|move: Protect\n|move|p1b: Yertle|Eruption|p2b: Rillaboom|[spread] p2a,p2b\n|-resisted|p2a: Salamence\n|-supereffective|p2b: Rillaboom\n|-crit|p2b: Rillaboom\n|-damage|p2a: Salamence|40\/100\n|-damage|p2b: Rillaboom|0 fnt\n|faint|p2b: Rillaboom\n|move|p2a: Salamence|Frustration|p1b: Yertle\n|-damage|p1b: Yertle|44\/100\n|\n|-weather|none\n|-heal|p1b: Yertle|50\/100|[from] Grassy Terrain\n|-heal|p1a: Cresselia|33\/100|[from] item: Leftovers\n|upkeep\n|inactive|user58342485 has 120 seconds left.\n|\n|t:|1695263947\n|switch|p2b: Ogerpon|Ogerpon-Cornerstone, F|100\/100\n|turn|7\n|inactive|user58342485 has 120 seconds left.\n|inactive|MathHacker has 90 seconds left.\n|\n|t:|1695263997\n|move|p2a: Salamence|Protect|p2a: Salamence\n|-singleturn|p2a: Salamence|Protect\n|move|p1b: Yertle|Heat Wave|p2a: Salamence|[spread] \n|-activate|p2a: Salamence|move: Protect\n|-miss|p1b: Yertle|p2b: Ogerpon\n|move|p1a: Cresselia|Lunar Blessing|p1a: Cresselia|[spread] p1a,p1b\n|-heal|p1a: Cresselia|58\/100\n|-heal|p1b: Yertle|75\/100\n|move|p2b: Ogerpon|Ivy Cudgel|p1b: Yertle\n|-supereffective|p1b: Yertle\n|-crit|p1b: Yertle\n|-damage|p1b: Yertle|0 fnt\n|faint|p1b: Yertle\n|\n|-heal|p1a: Cresselia|64\/100|[from] item: Leftovers\n|upkeep\n|inactive|MathHacker has 60 seconds left.\n|\n|t:|1695264037\n|switch|p1b: ber|Ursaluna, M|100\/100\n|turn|8\n|inactive|MathHacker has 60 seconds left.\n|\n|t:|1695264061\n|move|p1b: ber|Protect|p1b: ber\n|-singleturn|p1b: ber|Protect\n|move|p2b: Ogerpon|Follow Me|p2b: Ogerpon\n|-singleturn|p2b: Ogerpon|move: Follow Me\n|move|p1a: Cresselia|Lunar Blessing|p1a: Cresselia|[spread] p1a,p1b\n|-heal|p1a: Cresselia|89\/100\n|move|p2a: Salamence|Dragon Dance|p2a: Salamence\n|-boost|p2a: Salamence|atk|1\n|-boost|p2a: Salamence|spe|1\n|\n|-heal|p1a: Cresselia|96\/100|[from] item: Leftovers\n|-fieldend|move: Trick Room\n|-status|p1b: ber|brn|[from] item: Flame Orb\n|upkeep\n|turn|9\n|inactive|MathHacker has 60 seconds left.\n|\n|t:|1695264093\n|move|p2a: Salamence|Frustration|p1a: Cresselia\n|-supereffective|p1a: Cresselia\n|-damage|p1a: Cresselia|0 fnt\n|faint|p1a: Cresselia\n|move|p2b: Ogerpon|Wood Hammer|p1b: ber\n|-supereffective|p1b: ber\n|-damage|p1b: ber|0 fnt\n|faint|p1b: ber\n|-damage|p2b: Ogerpon|57\/100|[from] Recoil\n|\n|-heal|p2b: Ogerpon|63\/100|[from] Grassy Terrain\n|-fieldend|move: Grassy Terrain\n|upkeep\n|c|\u2606user58342485|gg\n|\n|t:|1695264107\n|switch|p1a: Pelipper|Pelipper, M|100\/100\n|-weather|RainDance|[from] ability: Drizzle|[of] p1a: Pelipper\n|turn|10\n|\n|t:|1695264116\n|move|p2a: Salamence|Frustration|p1a: Pelipper\n|-damage|p1a: Pelipper|5\/100\n|move|p2b: Ogerpon|Ivy Cudgel|p1a: Pelipper\n|-supereffective|p1a: Pelipper\n|-damage|p1a: Pelipper|0 fnt\n|faint|p1a: Pelipper\n|\n|win|user58342485\n|raw|MathHacker's rating: 1417 &rarr; <strong>1405<\/strong><br \/>(-12 for losing)\n|raw|user58342485's rating: 1555 &rarr; <strong>1567<\/strong><br \/>(+12 for winning)\n","uploadtime":1695264135,"views":23,"p1id":"mathhacker","p2id":"user58342485","formatid":"gen9nationaldexdoubles","rating":1405,"private":0,"password":""}