{"id":"gen9nationaldexdoubles-1961837407","p1":"Stonny","p2":"taowang","format":"[Gen 9] National Dex Doubles","log":"|j|\u2606Stonny\n|j|\u2606taowang\n|t:|1696678304\n|gametype|doubles\n|player|p1|Stonny|acetrainer-gen4dp|1136\n|player|p2|taowang|265|1329\n|teamsize|p1|6\n|teamsize|p2|6\n|gen|9\n|tier|[Gen 9] National Dex Doubles\n|rated|\n|rule|HP Percentage Mod: HP is shown in percentages\n|rule|Endless Battle Clause: Forcing endless battles is banned\n|rule|OHKO Clause: OHKO moves are banned\n|rule|Evasion Moves Clause: Evasion moves are banned\n|rule|Evasion Abilities Clause: Evasion abilities are banned\n|rule|Species Clause: Limit one of each Pok\u00e9mon\n|rule|Gravity Sleep Clause: The combination of sleep-inducing moves with imperfect accuracy and Gravity or Gigantamax Orbeetle are banned\n|clearpoke\n|poke|p1|Swampert, F|\n|poke|p1|Kommo-o, M|\n|poke|p1|Scream Tail|\n|poke|p1|Politoed, F|\n|poke|p1|Gothitelle, F|\n|poke|p1|Amoonguss, F|\n|poke|p2|Ninetales-Alola, M|\n|poke|p2|Iron Bundle|\n|poke|p2|Abomasnow, M|\n|poke|p2|Empoleon, F|\n|poke|p2|Cetitan, F|\n|poke|p2|Heatran, M|\n|teampreview\n|inactive|Battle timer is ON: inactive players will automatically lose when time's up. (requested by Stonny)\n|inactive|taowang has 120 seconds left.\n|\n|t:|1696678335\n|start\n|switch|p1a: Scream Tail|Scream Tail|100\/100\n|switch|p1b: Gothitelle|Gothitelle, F|100\/100\n|switch|p2a: Ninetales|Ninetales-Alola, M|100\/100\n|switch|p2b: Iron Bundle|Iron Bundle|100\/100\n|-weather|Snow|[from] ability: Snow Warning|[of] p2a: Ninetales\n|-enditem|p2b: Iron Bundle|Booster Energy\n|-activate|p2b: Iron Bundle|ability: Quark Drive|[fromitem]\n|-start|p2b: Iron Bundle|quarkdrivespe\n|-enditem|p1a: Scream Tail|Booster Energy\n|-activate|p1a: Scream Tail|ability: Protosynthesis|[fromitem]\n|-start|p1a: Scream Tail|protosynthesisspe\n|turn|1\n|\n|t:|1696678349\n|-terastallize|p2b: Iron Bundle|Ice\n|move|p1b: Gothitelle|Fake Out|p2b: Iron Bundle\n|-damage|p2b: Iron Bundle|96\/100\n|cant|p2b: Iron Bundle|flinch\n|move|p1a: Scream Tail|Perish Song|p1a: Scream Tail\n|-start|p1a: Scream Tail|perish3|[silent]\n|-start|p1b: Gothitelle|perish3|[silent]\n|-start|p2a: Ninetales|perish3|[silent]\n|-start|p2b: Iron Bundle|perish3|[silent]\n|-fieldactivate|move: Perish Song\n|move|p2a: Ninetales|Aurora Veil|p2a: Ninetales\n|-sidestart|p2: taowang|move: Aurora Veil\n|\n|-weather|Snow|[upkeep]\n|-start|p2b: Iron Bundle|perish3\n|-start|p1a: Scream Tail|perish3\n|-start|p2a: Ninetales|perish3\n|-start|p1b: Gothitelle|perish3\n|upkeep\n|turn|2\n|\n|t:|1696678373\n|move|p1b: Gothitelle|Protect|p1b: Gothitelle\n|-singleturn|p1b: Gothitelle|Protect\n|move|p2b: Iron Bundle|Blizzard|p1a: Scream Tail|[spread] p1a\n|-activate|p1b: Gothitelle|move: Protect\n|-damage|p1a: Scream Tail|59\/100\n|move|p1a: Scream Tail|Disable|p2b: Iron Bundle\n|-start|p2b: Iron Bundle|Disable|Blizzard\n|move|p2a: Ninetales|Blizzard|p1b: Gothitelle|[spread] p1a\n|-activate|p1b: Gothitelle|move: Protect\n|-damage|p1a: Scream Tail|35\/100\n|\n|-weather|Snow|[upkeep]\n|-start|p2b: Iron Bundle|perish2\n|-start|p1a: Scream Tail|perish2\n|-start|p2a: Ninetales|perish2\n|-start|p1b: Gothitelle|perish2\n|upkeep\n|turn|3\n|\n|t:|1696678402\n|move|p1b: Gothitelle|Ally Switch|p1b: Gothitelle\n|swap|p1b: Gothitelle|0|[from] move: Ally Switch\n|move|p2b: Iron Bundle|Freeze-Dry|p1b: Scream Tail\n|-damage|p1b: Scream Tail|0 fnt\n|faint|p1b: Scream Tail\n|-end|p1b: Scream Tail|Protosynthesis|[silent]\n|move|p2a: Ninetales|Freeze-Dry|p1a: Gothitelle\n|-crit|p1a: Gothitelle\n|-damage|p1a: Gothitelle|67\/100\n|\n|-weather|Snow|[upkeep]\n|-start|p2b: Iron Bundle|perish1\n|-start|p2a: Ninetales|perish1\n|-start|p1a: Gothitelle|perish1\n|upkeep\n|inactive|Stonny has 120 seconds left.\n|\n|t:|1696678420\n|switch|p1b: Swampert|Swampert, F|100\/100\n|turn|4\n|\n|t:|1696678430\n|switch|p1a: Politoed|Politoed, F|100\/100\n|-weather|RainDance|[from] ability: Drizzle|[of] p1a: Politoed\n|detailschange|p1b: Swampert|Swampert-Mega, F\n|-mega|p1b: Swampert|Swampert|Swampertite\n|move|p1b: Swampert|Protect|p1b: Swampert\n|-singleturn|p1b: Swampert|Protect\n|move|p2b: Iron Bundle|Freeze-Dry|p1b: Swampert\n|-activate|p1b: Swampert|move: Protect\n|move|p2a: Ninetales|Blizzard|p1b: Swampert|[spread] \n|-activate|p1b: Swampert|move: Protect\n|-miss|p2a: Ninetales|p1a: Politoed\n|\n|-weather|RainDance|[upkeep]\n|-start|p2b: Iron Bundle|perish0\n|-start|p2a: Ninetales|perish0\n|faint|p2b: Iron Bundle\n|-end|p2b: Iron Bundle|Quark Drive|[silent]\n|faint|p2a: Ninetales\n|upkeep\n|\n|t:|1696678457\n|switch|p2b: Cetitan|Cetitan, F, shiny|100\/100\n|switch|p2a: Abomasnow|Abomasnow, M|100\/100\n|-weather|Snow|[from] ability: Snow Warning|[of] p2a: Abomasnow\n|turn|5\n|\n|t:|1696678472\n|switch|p1b: Gothitelle|Gothitelle, F|67\/100\n|detailschange|p2a: Abomasnow|Abomasnow-Mega, M\n|-mega|p2a: Abomasnow|Abomasnow|Abomasite\n|move|p2b: Cetitan|Superpower|p1a: Politoed\n|-damage|p1a: Politoed|66\/100\n|-unboost|p2b: Cetitan|atk|1\n|-unboost|p2b: Cetitan|def|1\n|move|p1a: Politoed|Perish Song|p1a: Politoed\n|-start|p1a: Politoed|perish3|[silent]\n|-start|p1b: Gothitelle|perish3|[silent]\n|-start|p2a: Abomasnow|perish3|[silent]\n|-start|p2b: Cetitan|perish3|[silent]\n|-fieldactivate|move: Perish Song\n|move|p2a: Abomasnow|Energy Ball|p1b: Gothitelle\n|-damage|p1b: Gothitelle|33\/100\n|-enditem|p1b: Gothitelle|Sitrus Berry|[eat]\n|-heal|p1b: Gothitelle|58\/100|[from] item: Sitrus Berry\n|\n|-weather|Snow|[upkeep]\n|-heal|p1a: Politoed|72\/100|[from] item: Leftovers\n|-start|p2b: Cetitan|perish3\n|-start|p1a: Politoed|perish3\n|-start|p1b: Gothitelle|perish3\n|-start|p2a: Abomasnow|perish3\n|-sideend|p2: taowang|move: Aurora Veil\n|upkeep\n|turn|6\n|l|\u2606Stonny\n|inactive|Stonny disconnected and has a minute to reconnect!\n|player|p1|\n|j|\u2606Stonny\n|inactive|Stonny reconnected and has 130 seconds left.\n|player|p1|Stonny|acetrainer-gen4dp\n|inactive|Stonny has 120 seconds left.\n|-message|taowang forfeited.\n|\n|win|Stonny\n|raw|Stonny's rating: 1136 &rarr; <strong>1174<\/strong><br \/>(+38 for winning)\n|raw|taowang's rating: 1329 &rarr; <strong>1299<\/strong><br \/>(-30 for losing)\n|l|\u2606taowang\n","uploadtime":1696678514,"views":4,"p1id":"stonny","p2id":"taowang","formatid":"gen9nationaldexdoubles","rating":1174,"private":0,"password":""}