{"id":"gen9nationaldexdoubles-1982142306","p1":"Shazamwhich","p2":"ZenithAquarius","format":"[Gen 9] National Dex Doubles","log":"|j|\u2606Shazamwhich\n|j|\u2606ZenithAquarius\n|t:|1698972212\n|gametype|doubles\n|player|p1|Shazamwhich|brendan-gen3|1121\n|player|p2|ZenithAquarius|twins-gen4dp|1000\n|teamsize|p1|6\n|teamsize|p2|6\n|gen|9\n|tier|[Gen 9] National Dex Doubles\n|rated|\n|rule|HP Percentage Mod: HP is shown in percentages\n|rule|Endless Battle Clause: Forcing endless battles is banned\n|rule|OHKO Clause: OHKO moves are banned\n|rule|Evasion Moves Clause: Evasion moves are banned\n|rule|Evasion Abilities Clause: Evasion abilities are banned\n|rule|Species Clause: Limit one of each Pok\u00e9mon\n|rule|Gravity Sleep Clause: The combination of sleep-inducing moves with imperfect accuracy and Gravity or Gigantamax Orbeetle are banned\n|clearpoke\n|poke|p1|Ogerpon-Hearthflame, F|\n|poke|p1|Landorus-Therian, M|\n|poke|p1|Roaring Moon|\n|poke|p1|Amoonguss, M|\n|poke|p1|Gholdengo|\n|poke|p1|Volcanion|\n|poke|p2|Pelipper, M|\n|poke|p2|Basculegion, M|\n|poke|p2|Politoed, F|\n|poke|p2|Kingdra, F|\n|poke|p2|Seismitoad, M|\n|poke|p2|Luvdisc, M|\n|teampreview\n|inactive|Battle timer is ON: inactive players will automatically lose when time's up. (requested by Shazamwhich)\n|inactive|ZenithAquarius has 120 seconds left.\n|\n|t:|1698972250\n|start\n|switch|p1a: Amoonguss|Amoonguss, M|100\/100\n|switch|p1b: Volcanion|Volcanion|100\/100\n|switch|p2a: Politoed|Politoed, F|100\/100\n|switch|p2b: Kingdra|Kingdra, F|100\/100\n|-weather|RainDance|[from] ability: Drizzle|[of] p2a: Politoed\n|turn|1\n|inactive|ZenithAquarius has 120 seconds left.\n|\n|t:|1698972285\n|move|p2b: Kingdra|Ice Beam|p1a: Amoonguss\n|-supereffective|p1a: Amoonguss\n|-damage|p1a: Amoonguss|53\/100\n|-damage|p2b: Kingdra|91\/100|[from] item: Life Orb\n|move|p2a: Politoed|Icy Wind|p1a: Amoonguss|[spread] p1a,p1b\n|-supereffective|p1a: Amoonguss\n|-resisted|p1b: Volcanion\n|-damage|p1a: Amoonguss|41\/100\n|-damage|p1b: Volcanion|99\/100\n|-unboost|p1a: Amoonguss|spe|1\n|-unboost|p1b: Volcanion|spe|1\n|move|p1b: Volcanion|Steam Eruption|p2a: Politoed\n|-resisted|p2a: Politoed\n|-damage|p2a: Politoed|65\/100\n|move|p1a: Amoonguss|Spore|p2b: Kingdra\n|-status|p2b: Kingdra|slp|[from] move: Spore\n|\n|-weather|RainDance|[upkeep]\n|-heal|p1a: Amoonguss|47\/100|[from] item: Black Sludge\n|upkeep\n|turn|2\n|inactive|ZenithAquarius has 120 seconds left.\n|\n|t:|1698972310\n|switch|p1a: Gholdengo|Gholdengo|100\/100\n|cant|p2b: Kingdra|slp\n|move|p2a: Politoed|Toxic|p1b: Volcanion\n|-status|p1b: Volcanion|tox\n|move|p1b: Volcanion|Steam Eruption|p2a: Politoed\n|-resisted|p2a: Politoed\n|-damage|p2a: Politoed|24\/100\n|-status|p2a: Politoed|brn\n|\n|-weather|RainDance|[upkeep]\n|-damage|p1b: Volcanion|93\/100 tox|[from] psn\n|-damage|p2a: Politoed|18\/100 brn|[from] brn\n|upkeep\n|turn|3\n|inactive|ZenithAquarius has 120 seconds left.\n|\n|t:|1698972339\n|cant|p2b: Kingdra|slp\n|move|p1a: Gholdengo|Hex|p2b: Kingdra\n|-damage|p2b: Kingdra|5\/100 slp\n|move|p2a: Politoed|Icy Wind|p1b: Volcanion|[spread] p1a,p1b\n|-resisted|p1a: Gholdengo\n|-crit|p1a: Gholdengo\n|-resisted|p1b: Volcanion\n|-damage|p1a: Gholdengo|93\/100\n|-damage|p1b: Volcanion|92\/100 tox\n|-unboost|p1a: Gholdengo|spe|1\n|-unboost|p1b: Volcanion|spe|1\n|move|p1b: Volcanion|Steam Eruption|p2b: Kingdra|[miss]\n|-miss|p1b: Volcanion|p2b: Kingdra\n|\n|-weather|RainDance|[upkeep]\n|-damage|p1b: Volcanion|80\/100 tox|[from] psn\n|-damage|p2a: Politoed|12\/100 brn|[from] brn\n|upkeep\n|turn|4\n|\n|t:|1698972362\n|switch|p1a: Amoonguss|Amoonguss, M|80\/100\n|-curestatus|p2b: Kingdra|slp|[msg]\n|move|p2b: Kingdra|Scald|p1a: Amoonguss\n|-resisted|p1a: Amoonguss\n|-damage|p1a: Amoonguss|58\/100\n|-damage|p2b: Kingdra|0 fnt|[from] item: Life Orb\n|faint|p2b: Kingdra\n|move|p2a: Politoed|Scald|p1a: Amoonguss\n|-resisted|p1a: Amoonguss\n|-damage|p1a: Amoonguss|45\/100\n|move|p1b: Volcanion|Steam Eruption|p2a: Politoed\n|-resisted|p2a: Politoed\n|-damage|p2a: Politoed|0 fnt\n|faint|p2a: Politoed\n|\n|-weather|RainDance|[upkeep]\n|-heal|p1a: Amoonguss|52\/100|[from] item: Black Sludge\n|-damage|p1b: Volcanion|62\/100 tox|[from] psn\n|upkeep\n|inactive|ZenithAquarius has 120 seconds left.\n|\n|t:|1698972387\n|switch|p2b: Basculegion|Basculegion, M|100\/100\n|switch|p2a: Luvdisc|Luvdisc, M|100\/100\n|turn|5\n|inactive|ZenithAquarius has 120 seconds left.\n|inactive|Shazamwhich has 120 seconds left.\n|\n|t:|1698972430\n|switch|p1b: Ogerpon|Ogerpon-Hearthflame, F|100\/100\n|-ability|p1b: Ogerpon|Mold Breaker\n|move|p1a: Amoonguss|Protect|p1a: Amoonguss\n|-singleturn|p1a: Amoonguss|Protect\n|move|p2a: Luvdisc|Icy Wind|p1b: Ogerpon|[spread] p1b\n|-activate|p1a: Amoonguss|move: Protect\n|-damage|p1b: Ogerpon|95\/100\n|-unboost|p1b: Ogerpon|spe|1\n|move|p2b: Basculegion|Crunch|p1a: Amoonguss\n|-activate|p1a: Amoonguss|move: Protect\n|\n|-weather|RainDance|[upkeep]\n|-heal|p1a: Amoonguss|58\/100|[from] item: Black Sludge\n|upkeep\n|turn|6\n|inactive|ZenithAquarius has 120 seconds left.\n|\n|t:|1698972455\n|move|p2a: Luvdisc|Icy Wind|p1b: Ogerpon|[spread] p1a\n|-miss|p2a: Luvdisc|p1b: Ogerpon\n|-supereffective|p1a: Amoonguss\n|-damage|p1a: Amoonguss|51\/100\n|-unboost|p1a: Amoonguss|spe|1\n|move|p2b: Basculegion|Crunch|p1a: Amoonguss\n|-damage|p1a: Amoonguss|7\/100\n|-unboost|p1a: Amoonguss|def|1\n|move|p1b: Ogerpon|Horn Leech|p2b: Basculegion\n|-supereffective|p2b: Basculegion\n|-damage|p2b: Basculegion|0 fnt\n|-heal|p1b: Ogerpon|100\/100|[from] drain|[of] p2b: Basculegion\n|faint|p2b: Basculegion\n|move|p1a: Amoonguss|Spore|p2a: Luvdisc\n|-status|p2a: Luvdisc|slp|[from] move: Spore\n|\n|-weather|RainDance|[upkeep]\n|-heal|p1a: Amoonguss|14\/100|[from] item: Black Sludge\n|upkeep\n|\n|t:|1698972473\n|switch|p2b: Seismitoad|Seismitoad, M|100\/100\n|turn|7\n|inactive|ZenithAquarius has 120 seconds left.\n|\n|t:|1698972494\n|cant|p2a: Luvdisc|slp\n|move|p2b: Seismitoad|Liquidation|p1b: Ogerpon\n|-crit|p1b: Ogerpon\n|-damage|p1b: Ogerpon|0 fnt\n|faint|p1b: Ogerpon\n|move|p1a: Amoonguss|Spore|p2b: Seismitoad\n|-status|p2b: Seismitoad|slp|[from] move: Spore\n|\n|-weather|RainDance|[upkeep]\n|-heal|p1a: Amoonguss|20\/100|[from] item: Black Sludge\n|upkeep\n|\n|t:|1698972505\n|switch|p1b: Roaring Moon|Roaring Moon, shiny|100\/100\n|-enditem|p1b: Roaring Moon|Booster Energy\n|-activate|p1b: Roaring Moon|ability: Protosynthesis|[fromitem]\n|-start|p1b: Roaring Moon|protosynthesisspe\n|turn|8\n|inactive|ZenithAquarius has 120 seconds left.\n|\n|t:|1698972526\n|switch|p1a: Landorus|Landorus-Therian, M|100\/100\n|-ability|p1a: Landorus|Intimidate|boost\n|-unboost|p2a: Luvdisc|atk|1\n|-unboost|p2b: Seismitoad|atk|1\n|-terastallize|p1b: Roaring Moon|Flying\n|cant|p2a: Luvdisc|slp\n|move|p1b: Roaring Moon|Dragon Dance|p1b: Roaring Moon\n|-boost|p1b: Roaring Moon|atk|1\n|-boost|p1b: Roaring Moon|spe|1\n|cant|p2b: Seismitoad|slp\n|\n|-weather|none\n|upkeep\n|turn|9\n|inactive|ZenithAquarius has 120 seconds left.\n|\n|t:|1698972569\n|switch|p2a: Pelipper|Pelipper, M|100\/100\n|-weather|RainDance|[from] ability: Drizzle|[of] p2a: Pelipper\n|move|p1b: Roaring Moon|Acrobatics|p2a: Pelipper\n|-damage|p2a: Pelipper|6\/100\n|cant|p2b: Seismitoad|slp\n|move|p1a: Landorus|Knock Off|p2b: Seismitoad\n|-damage|p2b: Seismitoad|54\/100 slp\n|-enditem|p2b: Seismitoad|Rindo Berry|[from] move: Knock Off|[of] p1a: Landorus\n|\n|-weather|RainDance|[upkeep]\n|upkeep\n|turn|10\n|inactive|ZenithAquarius has 120 seconds left.\n|-message|ZenithAquarius forfeited.\n|\n|win|Shazamwhich\n|raw|Shazamwhich's rating: 1121 &rarr; <strong>1138<\/strong><br \/>(+17 for winning)\n|raw|ZenithAquarius's rating: 1000 &rarr; <strong>1000<\/strong><br \/>(+0 for losing)\n|l|\u2606ZenithAquarius\n|c|\u2606Shazamwhich|ggwp\n","uploadtime":1698972593,"views":16,"p1id":"shazamwhich","p2id":"zenithaquarius","formatid":"gen9nationaldexdoubles","rating":1000,"private":0,"password":""}