{"id":"gen9nationaldexdoubles-1994358209","p1":"CloGoc","p2":"Brick_Enjoyer_144","format":"[Gen 9] National Dex Doubles","log":"|j|\u2606CloGoc\n|j|\u2606Brick_Enjoyer_144\n|t:|1700434827\n|gametype|doubles\n|player|p1|CloGoc|fisherman-gen4|1105\n|player|p2|Brick_Enjoyer_144|shauntal|1157\n|teamsize|p1|6\n|teamsize|p2|6\n|gen|9\n|tier|[Gen 9] National Dex Doubles\n|rated|\n|rule|HP Percentage Mod: HP is shown in percentages\n|rule|Endless Battle Clause: Forcing endless battles is banned\n|rule|OHKO Clause: OHKO moves are banned\n|rule|Evasion Moves Clause: Evasion moves are banned\n|rule|Evasion Abilities Clause: Evasion abilities are banned\n|rule|Species Clause: Limit one of each Pok\u00e9mon\n|rule|Gravity Sleep Clause: The combination of sleep-inducing moves with imperfect accuracy and Gravity or Gigantamax Orbeetle are banned\n|clearpoke\n|poke|p1|Cetitan, M|\n|poke|p1|Ninetales-Alola, F|\n|poke|p1|Sinistcha|\n|poke|p1|Kleavor, M|\n|poke|p1|Kommo-o, M|\n|poke|p1|Landorus-Therian, M|\n|poke|p2|Smeargle, F|\n|poke|p2|Kartana|\n|poke|p2|Roaring Moon|\n|poke|p2|Minior-Violet|\n|poke|p2|Mawile, F|\n|poke|p2|Zapdos|\n|teampreview\n|inactive|Battle timer is ON: inactive players will automatically lose when time's up. (requested by Brick_Enjoyer_144)\n|c|\u2606CloGoc|glhf\n|\n|t:|1700434840\n|start\n|switch|p1a: Lil' fatty|Cetitan, M|100\/100\n|switch|p1b: Chill boi|Ninetales-Alola, F|100\/100\n|switch|p2a: Smeargle|Smeargle, F, shiny|100\/100\n|switch|p2b: Minior|Minior-Violet, shiny|100\/100\n|-formechange|p2b: Minior|Minior-Meteor||[from] ability: Shields Down\n|-weather|Snow|[from] ability: Snow Warning|[of] p1b: Chill boi\n|turn|1\n|inactive|CloGoc has 120 seconds left.\n|\n|t:|1700434873\n|-terastallize|p1a: Lil' fatty|Fire\n|move|p2a: Smeargle|Fake Out|p1a: Lil' fatty\n|-damage|p1a: Lil' fatty|96\/100\n|cant|p1a: Lil' fatty|flinch\n|move|p1b: Chill boi|Aurora Veil|p1b: Chill boi\n|-sidestart|p1: CloGoc|move: Aurora Veil\n|move|p2b: Minior|Shell Smash|p2b: Minior\n|-unboost|p2b: Minior|def|1\n|-unboost|p2b: Minior|spd|1\n|-boost|p2b: Minior|atk|2\n|-boost|p2b: Minior|spa|2\n|-boost|p2b: Minior|spe|2\n|\n|-weather|Snow|[upkeep]\n|upkeep\n|turn|2\n|\n|t:|1700434893\n|move|p1a: Lil' fatty|Belly Drum|p1a: Lil' fatty\n|-damage|p1a: Lil' fatty|46\/100\n|-setboost|p1a: Lil' fatty|atk|6|[from] move: Belly Drum\n|-enditem|p1a: Lil' fatty|Sitrus Berry|[eat]\n|-heal|p1a: Lil' fatty|71\/100|[from] item: Sitrus Berry\n|move|p2b: Minior|Iron Head|p1b: Chill boi\n|-supereffective|p1b: Chill boi\n|-damage|p1b: Chill boi|16\/100\n|move|p1b: Chill boi|Foul Play|p2b: Minior\n|-crit|p2b: Minior\n|-enditem|p2b: Minior|Focus Sash\n|-damage|p2b: Minior|1\/100\n|move|p2a: Smeargle|Stealth Rock|p1b: Chill boi\n|-sidestart|p1: CloGoc|move: Stealth Rock\n|\n|-weather|Snow|[upkeep]\n|-formechange|p2b: Minior|Minior-Violet||[from] ability: Shields Down\n|upkeep\n|turn|3\n|\n|t:|1700434920\n|switch|p1b: 1\/5wouldntrcmnd|Sinistcha|100\/100\n|-damage|p1b: 1\/5wouldntrcmnd|88\/100|[from] Stealth Rock\n|-heal|p1a: Lil' fatty|96\/100|[from] ability: Hospitality|[of] p1b: 1\/5wouldntrcmnd\n|move|p1a: Lil' fatty|Protect|p1a: Lil' fatty\n|-singleturn|p1a: Lil' fatty|Protect\n|move|p2b: Minior|Stone Edge|p1a: Lil' fatty\n|-activate|p1a: Lil' fatty|move: Protect\n|move|p2a: Smeargle|Parting Shot|p1a: Lil' fatty\n|-activate|p1a: Lil' fatty|move: Protect\n|\n|-weather|Snow|[upkeep]\n|upkeep\n|turn|4\n|\n|t:|1700434938\n|move|p2b: Minior|Stone Edge|p1a: Lil' fatty\n|-supereffective|p1a: Lil' fatty\n|-damage|p1a: Lil' fatty|0 fnt\n|faint|p1a: Lil' fatty\n|move|p2a: Smeargle|Spore|p1b: 1\/5wouldntrcmnd\n|-immune|p1b: 1\/5wouldntrcmnd\n|move|p1b: 1\/5wouldntrcmnd|Matcha Gotcha|p2a: Smeargle|[spread] p2a,p2b\n|-damage|p2a: Smeargle|36\/100\n|-heal|p1b: 1\/5wouldntrcmnd|100\/100|[from] drain|[of] p2a: Smeargle\n|-damage|p2b: Minior|0 fnt\n|faint|p2b: Minior\n|\n|-weather|Snow|[upkeep]\n|-heal|p2a: Smeargle|42\/100|[from] item: Leftovers\n|upkeep\n|\n|t:|1700434960\n|switch|p2b: Kartana|Kartana, shiny|100\/100\n|switch|p1a: Jamaican|Kommo-o, M|100\/100\n|-damage|p1a: Jamaican|94\/100|[from] Stealth Rock\n|turn|5\n|\n|t:|1700434976\n|switch|p1b: SryToUseMeta|Landorus-Therian, M|100\/100\n|-damage|p1b: SryToUseMeta|88\/100|[from] Stealth Rock\n|-ability|p1b: SryToUseMeta|Intimidate|boost\n|-fail|p2a: Smeargle|unboost|Attack|[from] ability: Own Tempo|[of] p2a: Smeargle\n|-unboost|p2b: Kartana|atk|1\n|move|p2b: Kartana|Knock Off|p1b: SryToUseMeta\n|-damage|p1b: SryToUseMeta|61\/100\n|-enditem|p1b: SryToUseMeta|Safety Goggles|[from] move: Knock Off|[of] p2b: Kartana\n|move|p2a: Smeargle|Spore|p1a: Jamaican\n|-status|p1a: Jamaican|slp|[from] move: Spore\n|cant|p1a: Jamaican|slp\n|\n|-weather|none\n|-heal|p2a: Smeargle|48\/100|[from] item: Leftovers\n|upkeep\n|turn|6\n|inactive|CloGoc has 120 seconds left.\n|inactive|Brick_Enjoyer_144 has 120 seconds left.\n|\n|t:|1700435008\n|cant|p1a: Jamaican|slp\n|move|p2b: Kartana|Knock Off|p1a: Jamaican\n|-resisted|p1a: Jamaican\n|-damage|p1a: Jamaican|85\/100 slp\n|move|p2a: Smeargle|Spore|p1b: SryToUseMeta\n|-status|p1b: SryToUseMeta|slp|[from] move: Spore\n|cant|p1b: SryToUseMeta|slp\n|\n|-heal|p2a: Smeargle|54\/100|[from] item: Leftovers\n|upkeep\n|turn|7\n|\n|t:|1700435030\n|switch|p1b: 1\/5wouldntrcmnd|Sinistcha|100\/100\n|-damage|p1b: 1\/5wouldntrcmnd|88\/100|[from] Stealth Rock\n|-heal|p1a: Jamaican|100\/100 slp|[from] ability: Hospitality|[of] p1b: 1\/5wouldntrcmnd\n|cant|p1a: Jamaican|slp\n|move|p2b: Kartana|Knock Off|p1b: 1\/5wouldntrcmnd\n|-supereffective|p1b: 1\/5wouldntrcmnd\n|-damage|p1b: 1\/5wouldntrcmnd|32\/100\n|-enditem|p1b: 1\/5wouldntrcmnd|Wiki Berry|[from] move: Knock Off|[of] p2b: Kartana\n|move|p2a: Smeargle|Parting Shot|p1a: Jamaican\n|-unboost|p1a: Jamaican|atk|1\n|-unboost|p1a: Jamaican|spa|1\n|inactive|Brick_Enjoyer_144 has 120 seconds left.\n|\n|t:|1700435048\n|switch|p2a: Mawile|Mawile, F, shiny|100\/100|[from] Parting Shot\n|\n|upkeep\n|turn|8\n|inactive|CloGoc has 120 seconds left.\n|\n|t:|1700435080\n|switch|p1b: SryToUseMeta|Landorus-Therian, M|61\/100 slp\n|-damage|p1b: SryToUseMeta|49\/100 slp|[from] Stealth Rock\n|-ability|p1b: SryToUseMeta|Intimidate|boost\n|-fail|p2a: Mawile|unboost|Attack|[from] ability: Hyper Cutter|[of] p2a: Mawile\n|-unboost|p2b: Kartana|atk|1\n|detailschange|p2a: Mawile|Mawile-Mega, F, shiny\n|-mega|p2a: Mawile|Mawile|Mawilite\n|move|p2b: Kartana|Knock Off|p1b: SryToUseMeta\n|-damage|p1b: SryToUseMeta|35\/100 slp\n|-curestatus|p1a: Jamaican|slp|[msg]\n|move|p1a: Jamaican|Flamethrower|p2b: Kartana\n|-supereffective|p2b: Kartana\n|-damage|p2b: Kartana|0 fnt\n|faint|p2b: Kartana\n|move|p2a: Mawile|Play Rough|p1a: Jamaican\n|-supereffective|p1a: Jamaican\n|-damage|p1a: Jamaican|0 fnt\n|faint|p1a: Jamaican\n|\n|-sideend|p1: CloGoc|move: Aurora Veil\n|upkeep\n|\n|t:|1700435102\n|switch|p2b: Roaring Moon|Roaring Moon, shiny|100\/100\n|switch|p1a: 1\/5wouldntrcmnd|Sinistcha|32\/100\n|-damage|p1a: 1\/5wouldntrcmnd|20\/100|[from] Stealth Rock\n|-heal|p1b: SryToUseMeta|60\/100 slp|[from] ability: Hospitality|[of] p1a: 1\/5wouldntrcmnd\n|-enditem|p2b: Roaring Moon|Booster Energy\n|-activate|p2b: Roaring Moon|ability: Protosynthesis|[fromitem]\n|-start|p2b: Roaring Moon|protosynthesisatk\n|turn|9\n|\n|t:|1700435131\n|move|p2b: Roaring Moon|Knock Off|p1a: 1\/5wouldntrcmnd\n|-supereffective|p1a: 1\/5wouldntrcmnd\n|-damage|p1a: 1\/5wouldntrcmnd|0 fnt\n|faint|p1a: 1\/5wouldntrcmnd\n|cant|p1b: SryToUseMeta|slp\n|move|p2a: Mawile|Ice Punch|p1b: SryToUseMeta\n|-supereffective|p1b: SryToUseMeta\n|-damage|p1b: SryToUseMeta|0 fnt\n|faint|p1b: SryToUseMeta\n|\n|upkeep\n|\n|t:|1700435140\n|switch|p1b: It's JOHNY|Kleavor, M, shiny|100\/100\n|switch|p1a: Chill boi|Ninetales-Alola, F|16\/100\n|-damage|p1a: Chill boi|0 fnt|[from] Stealth Rock\n|faint|p1a: Chill boi\n|-damage|p1b: It's JOHNY|76\/100|[from] Stealth Rock\n|turn|10\n|-message|CloGoc forfeited.\n|\n|win|Brick_Enjoyer_144\n|raw|CloGoc's rating: 1105 &rarr; <strong>1084<\/strong><br \/>(-21 for losing)\n|raw|Brick_Enjoyer_144's rating: 1157 &rarr; <strong>1178<\/strong><br \/>(+21 for winning)\n|l|\u2606CloGoc\n","uploadtime":1700435164,"views":3,"p1id":"clogoc","p2id":"brickenjoyer144","formatid":"gen9nationaldexdoubles","rating":1084,"private":0,"password":""}