{"id":"gen9nationaldexdoubles-1965492836","p1":"loch2009","p2":"Penter","format":"[Gen 9] National Dex Doubles","log":"|j|\u2606loch2009\n|j|\u2606Penter\n|t:|1697079094\n|gametype|doubles\n|player|p1|loch2009|cynthia-gen4|\n|player|p2|Penter|n|\n|teamsize|p1|6\n|teamsize|p2|6\n|gen|9\n|tier|[Gen 9] National Dex Doubles\n|rated|Tournament battle\n|rule|HP Percentage Mod: HP is shown in percentages\n|rule|Endless Battle Clause: Forcing endless battles is banned\n|rule|OHKO Clause: OHKO moves are banned\n|rule|Evasion Moves Clause: Evasion moves are banned\n|rule|Evasion Abilities Clause: Evasion abilities are banned\n|rule|Species Clause: Limit one of each Pok\u00e9mon\n|rule|Gravity Sleep Clause: The combination of sleep-inducing moves with imperfect accuracy and Gravity or Gigantamax Orbeetle are banned\n|clearpoke\n|poke|p1|Iron Bundle|\n|poke|p1|Jirachi|\n|poke|p1|Ambipom, M|\n|poke|p1|Vikavolt, M|\n|poke|p1|Ribombee, F|\n|poke|p1|Dugtrio, F|\n|poke|p2|Zygarde|\n|poke|p2|Urshifu-*, F|\n|poke|p2|Politoed, M|\n|poke|p2|Kingdra, F|\n|poke|p2|Metagross|\n|poke|p2|Tornadus, M|\n|teampreview\n|c|\u2606loch2009|this is not for nat dex\n|c|\u2606loch2009|oh no\n|j| Rafadude\n|\n|t:|1697079127\n|start\n|switch|p1a: Dugtrio|Dugtrio, F|100\/100\n|switch|p1b: Ribombee|Ribombee, F|100\/100\n|switch|p2a: Kingdra|Kingdra, F|100\/100\n|switch|p2b: Tornadus|Tornadus, M|100\/100\n|turn|1\n|l| Rafadude\n|\n|t:|1697079147\n|switch|p2a: Politoed|Politoed, M|100\/100\n|-weather|RainDance|[from] ability: Drizzle|[of] p2a: Politoed\n|move|p1b: Ribombee|Sticky Web|p2a: Politoed\n|-sidestart|p2: Penter|move: Sticky Web\n|move|p1a: Dugtrio|Stealth Rock|p2a: Politoed\n|-sidestart|p2: Penter|move: Stealth Rock\n|move|p2b: Tornadus|Bleakwind Storm|p1b: Ribombee|[spread] p1a,p1b\n|-supereffective|p1b: Ribombee\n|-damage|p1a: Dugtrio|25\/100\n|-enditem|p1b: Ribombee|Focus Sash\n|-damage|p1b: Ribombee|1\/100\n|\n|-weather|RainDance|[upkeep]\n|upkeep\n|turn|2\n|\n|t:|1697079181\n|move|p2b: Tornadus|Protect|p2b: Tornadus\n|-singleturn|p2b: Tornadus|Protect\n|move|p1b: Ribombee|Stun Spore|p2b: Tornadus\n|-activate|p2b: Tornadus|move: Protect\n|move|p1a: Dugtrio|Rock Blast|p2b: Tornadus\n|-activate|p2b: Tornadus|move: Protect\n|move|p2a: Politoed|Icy Wind|p1a: Dugtrio|[spread] p1a,p1b\n|-supereffective|p1a: Dugtrio\n|-crit|p1a: Dugtrio\n|-damage|p1a: Dugtrio|0 fnt\n|-damage|p1b: Ribombee|0 fnt\n|faint|p1a: Dugtrio\n|faint|p1b: Ribombee\n|\n|-weather|RainDance|[upkeep]\n|upkeep\n|\n|t:|1697079205\n|switch|p1b: Ambipom|Ambipom, M|100\/100\n|switch|p1a: Iron Bundle|Iron Bundle|100\/100\n|-enditem|p1a: Iron Bundle|Booster Energy\n|-activate|p1a: Iron Bundle|ability: Quark Drive|[fromitem]\n|-start|p1a: Iron Bundle|quarkdrivespe\n|turn|3\n|\n|t:|1697079220\n|-terastallize|p2b: Tornadus|Ghost\n|move|p1b: Ambipom|Fake Out|p2b: Tornadus\n|-immune|p2b: Tornadus\n|move|p2b: Tornadus|Tailwind|p2b: Tornadus\n|-sidestart|p2: Penter|move: Tailwind\n|move|p1a: Iron Bundle|Freeze-Dry|p2a: Politoed\n|-supereffective|p2a: Politoed\n|-damage|p2a: Politoed|33\/100\n|-enditem|p2a: Politoed|Eject Button\n|\n|t:|1697079231\n|switch|p2a: Kingdra|Kingdra, F|100\/100\n|-activate|p2a: Kingdra|move: Sticky Web\n|-unboost|p2a: Kingdra|spe|1\n|-damage|p2a: Kingdra|88\/100|[from] Stealth Rock\n|\n|-weather|RainDance|[upkeep]\n|upkeep\n|turn|4\n|\n|t:|1697079250\n|move|p2a: Kingdra|Muddy Water|p1b: Ambipom|[spread] p1a,p1b\n|-resisted|p1a: Iron Bundle\n|-damage|p1a: Iron Bundle|24\/100\n|-damage|p1b: Ambipom|0 fnt\n|faint|p1b: Ambipom\n|move|p2b: Tornadus|Bleakwind Storm|p1a: Iron Bundle\n|-damage|p1a: Iron Bundle|0 fnt\n|faint|p1a: Iron Bundle\n|-end|p1a: Iron Bundle|Quark Drive|[silent]\n|\n|-weather|RainDance|[upkeep]\n|upkeep\n|\n|t:|1697079260\n|switch|p1a: Jirachi|Jirachi|100\/100\n|switch|p1b: Vikavolt|Vikavolt, M|100\/100\n|turn|5\n|\n|t:|1697079276\n|move|p2a: Kingdra|Muddy Water|p1a: Jirachi|[spread] p1b\n|-miss|p2a: Kingdra|p1a: Jirachi\n|-damage|p1b: Vikavolt|11\/100\n|-unboost|p1b: Vikavolt|accuracy|1\n|move|p2b: Tornadus|Bleakwind Storm|p1a: Jirachi|[spread] p1a,p1b\n|-resisted|p1a: Jirachi\n|-damage|p1a: Jirachi|88\/100\n|-damage|p1b: Vikavolt|0 fnt\n|-unboost|p1a: Jirachi|spe|1\n|faint|p1b: Vikavolt\n|move|p1a: Jirachi|Doom Desire|p2b: Tornadus\n|-start|p1a: Jirachi|Doom Desire\n|\n|-weather|none\n|-heal|p1a: Jirachi|94\/100|[from] item: Leftovers\n|upkeep\n|turn|6\n|c|\u2606loch2009|gg\n|c|\u2606loch2009|wth\n|c|\u2606loch2009|thats a strong team\n|c|\u2606loch2009|my team is ou doubles\n|\n|t:|1697079316\n|move|p2b: Tornadus|Bleakwind Storm|p1a: Jirachi|[miss]\n|-miss|p2b: Tornadus|p1a: Jirachi\n|move|p2a: Kingdra|Muddy Water|p1a: Jirachi\n|-damage|p1a: Jirachi|48\/100\n|-unboost|p1a: Jirachi|accuracy|1\n|move|p1a: Jirachi|Doom Desire|p2a: Kingdra\n|-start|p1a: Jirachi|Doom Desire\n|\n|-heal|p1a: Jirachi|54\/100|[from] item: Leftovers\n|-sideend|p2: Penter|move: Tailwind\n|upkeep\n|turn|7\n|c|\u2606Penter|oh that doesnt really look like one\n|\n|t:|1697079335\n|move|p1a: Jirachi|Protect|p1a: Jirachi\n|-singleturn|p1a: Jirachi|Protect\n|move|p2b: Tornadus|Bleakwind Storm|p1a: Jirachi\n|-activate|p1a: Jirachi|move: Protect\n|move|p2a: Kingdra|Muddy Water|p1a: Jirachi\n|-activate|p1a: Jirachi|move: Protect\n|\n|-end|p2b: Tornadus|move: Doom Desire\n|-damage|p2b: Tornadus|33\/100\n|-heal|p1a: Jirachi|60\/100|[from] item: Leftovers\n|upkeep\n|turn|8\n|c|\u2606loch2009|i was half a sleep making it\n|\n|t:|1697079362\n|switch|p2a: Politoed|Politoed, M|33\/100\n|-activate|p2a: Politoed|move: Sticky Web\n|-unboost|p2a: Politoed|spe|1\n|-damage|p2a: Politoed|21\/100|[from] Stealth Rock\n|-weather|RainDance|[from] ability: Drizzle|[of] p2a: Politoed\n|move|p2b: Tornadus|Tailwind|p2b: Tornadus\n|-sidestart|p2: Penter|move: Tailwind\n|move|p1a: Jirachi|Wish|p1a: Jirachi\n|\n|-weather|RainDance|[upkeep]\n|-end|p2a: Politoed|move: Doom Desire\n|-resisted|p2a: Politoed\n|-damage|p2a: Politoed|0 fnt\n|faint|p2a: Politoed\n|-heal|p1a: Jirachi|66\/100|[from] item: Leftovers\n|upkeep\n|\n|t:|1697079366\n|switch|p2a: Urshifu|Urshifu-Rapid-Strike, F|100\/100\n|-activate|p2a: Urshifu|move: Sticky Web\n|-unboost|p2a: Urshifu|spe|1\n|-damage|p2a: Urshifu|94\/100|[from] Stealth Rock\n|turn|9\n|\n|t:|1697079386\n|move|p2b: Tornadus|Bleakwind Storm|p1a: Jirachi\n|-resisted|p1a: Jirachi\n|-damage|p1a: Jirachi|49\/100\n|move|p2a: Urshifu|Surging Strikes|p1a: Jirachi\n|-crit|p1a: Jirachi\n|-damage|p1a: Jirachi|25\/100\n|-crit|p1a: Jirachi\n|-damage|p1a: Jirachi|0 fnt\n|faint|p1a: Jirachi\n|-hitcount|p1: Jirachi|2\n|\n|win|Penter\n|n|\u2606loch2009|loch2009\n|n|\u2606Penter|penter\n","uploadtime":1697079391,"views":10,"p1id":"loch2009","p2id":"penter","formatid":"gen9nationaldexdoubles","rating":0,"private":0,"password":""}