{"id":"gen9nationaldexdoubles-1954332077","p1":"I'mSuspecious)","p2":"chaphlagical","format":"[Gen 9] National Dex Doubles","log":"|j|\u2606I'mSuspecious)\n|j|\u2606chaphlagical\n|t:|1695880618\n|gametype|doubles\n|player|p1|I'mSuspecious)|wallace|1089\n|player|p2|chaphlagical|265|1000\n|teamsize|p1|6\n|teamsize|p2|6\n|gen|9\n|tier|[Gen 9] National Dex Doubles\n|rated|\n|rule|HP Percentage Mod: HP is shown in percentages\n|rule|Endless Battle Clause: Forcing endless battles is banned\n|rule|OHKO Clause: OHKO moves are banned\n|rule|Evasion Moves Clause: Evasion moves are banned\n|rule|Evasion Abilities Clause: Evasion abilities are banned\n|rule|Species Clause: Limit one of each Pok\u00e9mon\n|rule|Gravity Sleep Clause: The combination of sleep-inducing moves with imperfect accuracy and Gravity or Gigantamax Orbeetle are banned\n|clearpoke\n|poke|p1|Urshifu-*, F|\n|poke|p1|Zapdos-Galar|\n|poke|p1|Heracross, M|\n|poke|p1|Gallade, M|\n|poke|p1|Iron Hands|\n|poke|p1|Pangoro, F|\n|poke|p2|Pikachu, M|\n|poke|p2|Gothita, F|\n|poke|p2|Swablu, F|\n|poke|p2|Impidimp, M|\n|poke|p2|Jigglypuff, M|\n|poke|p2|Foongus, F|\n|teampreview\n|c|\u2606I'mSuspecious)|holy\n|\n|t:|1695880642\n|start\n|switch|p1a: Gallade|Gallade, M|100\/100\n|switch|p1b: Heracross|Heracross, M|100\/100\n|switch|p2a: Impidimp|Impidimp, M|100\/100\n|switch|p2b: Pikachu|Pikachu, M|100\/100\n|turn|1\n|inactive|Battle timer is ON: inactive players will automatically lose when time's up. (requested by chaphlagical)\n|\n|t:|1695880720\n|detailschange|p1b: Heracross|Heracross-Mega, M\n|-mega|p1b: Heracross|Heracross|Heracronite\n|move|p2a: Impidimp|Reflect|p2a: Impidimp\n|-sidestart|p2: chaphlagical|Reflect\n|move|p2b: Pikachu|Trailblaze|p1a: Gallade\n|-crit|p1a: Gallade\n|-damage|p1a: Gallade|71\/100\n|-boost|p2b: Pikachu|spe|1\n|move|p1b: Heracross|Rock Slide|p2a: Impidimp|[spread] p2a,p2b\n|-damage|p2a: Impidimp|63\/100\n|-damage|p2b: Pikachu|55\/100\n|move|p1a: Gallade|Trick Room|p1a: Gallade\n|-fieldstart|move: Trick Room|[of] p1a: Gallade\n|\n|upkeep\n|turn|2\n|c|\u2606I'mSuspecious)|I don't get why heracross is faster\n|inactive|I'mSuspecious) has 120 seconds left.\n|c|\u2606I'mSuspecious)|this anoyyies me so much\n|inactive|I'mSuspecious) has 90 seconds left.\n|\n|t:|1695880790\n|move|p2a: Impidimp|Parting Shot|p1b: Heracross\n|-unboost|p1b: Heracross|atk|1\n|-unboost|p1b: Heracross|spa|1\n|\n|t:|1695880797\n|switch|p2a: Swablu|Swablu, F|100\/100|[from] Parting Shot\n|move|p1b: Heracross|Pin Missile|p2a: Swablu\n|-resisted|p2a: Swablu\n|-damage|p2a: Swablu|93\/100\n|-resisted|p2a: Swablu\n|-damage|p2a: Swablu|85\/100\n|-resisted|p2a: Swablu\n|-damage|p2a: Swablu|78\/100\n|-resisted|p2a: Swablu\n|-damage|p2a: Swablu|71\/100\n|-resisted|p2a: Swablu\n|-damage|p2a: Swablu|63\/100\n|-hitcount|p2a: Swablu|5\n|move|p1a: Gallade|Sacred Sword|p2b: Pikachu\n|-damage|p2b: Pikachu|0 fnt\n|faint|p2b: Pikachu\n|\n|upkeep\n|inactive|chaphlagical has 120 seconds left.\n|\n|t:|1695880820\n|switch|p2b: Foongus|Foongus, F|100\/100\n|turn|3\n|inactive|I'mSuspecious) has 90 seconds left.\n|\n|t:|1695880852\n|move|p2b: Foongus|Spore|p1b: Heracross\n|-status|p1b: Heracross|slp|[from] move: Spore\n|move|p2a: Swablu|Cotton Guard|p2a: Swablu\n|-boost|p2a: Swablu|def|3\n|cant|p1b: Heracross|slp\n|move|p1a: Gallade|Psycho Cut|p2b: Foongus\n|-supereffective|p2b: Foongus\n|-crit|p2b: Foongus\n|-damage|p2b: Foongus|0 fnt\n|faint|p2b: Foongus\n|\n|upkeep\n|inactive|chaphlagical has 120 seconds left.\n|\n|t:|1695880867\n|switch|p2b: Impidimp|Impidimp, M|63\/100\n|turn|4\n|\n|t:|1695880888\n|switch|p1b: Pangoro|Pangoro, F|100\/100\n|move|p2b: Impidimp|Dazzling Gleam|p1a: Gallade|[spread] p1a,p1b\n|-supereffective|p1a: Gallade\n|-supereffective|p1b: Pangoro\n|-damage|p1a: Gallade|50\/100\n|-damage|p1b: Pangoro|59\/100\n|move|p2a: Swablu|Roost|p2a: Swablu\n|-heal|p2a: Swablu|100\/100\n|-singleturn|p2a: Swablu|move: Roost\n|move|p1a: Gallade|Sacred Sword|p2b: Impidimp\n|-damage|p2b: Impidimp|0 fnt\n|faint|p2b: Impidimp\n|\n|upkeep\n|\n|t:|1695880902\n|switch|p2b: Gothita|Gothita, F|100\/100\n|turn|5\n|inactive|I'mSuspecious) has 120 seconds left.\n|\n|t:|1695880930\n|-terastallize|p2b: Gothita|Fairy\n|move|p1b: Pangoro|Ice Punch|p2a: Swablu\n|-supereffective|p2a: Swablu\n|-damage|p2a: Swablu|75\/100\n|-damage|p1b: Pangoro|43\/100|[from] item: Rocky Helmet|[of] p2a: Swablu\n|move|p2b: Gothita|Calm Mind|p2b: Gothita\n|-boost|p2b: Gothita|spa|1\n|-boost|p2b: Gothita|spd|1\n|move|p2a: Swablu|Cotton Guard|p2a: Swablu\n|-boost|p2a: Swablu|def|3\n|move|p1a: Gallade|Psycho Cut|p2b: Gothita\n|-damage|p2b: Gothita|70\/100\n|\n|-fieldend|move: Trick Room\n|upkeep\n|turn|6\n|c|\u2606I'mSuspecious)|holy\n|inactive|I'mSuspecious) has 120 seconds left.\n|\n|t:|1695880956\n|move|p2a: Swablu|Roost|p2a: Swablu\n|-heal|p2a: Swablu|100\/100\n|-singleturn|p2a: Swablu|move: Roost\n|move|p2b: Gothita|Stored Power|p1a: Gallade\n|-damage|p1a: Gallade|32\/100\n|move|p1b: Pangoro|Knock Off|p2b: Gothita\n|-resisted|p2b: Gothita\n|-damage|p2b: Gothita|55\/100\n|-enditem|p2b: Gothita|Eviolite|[from] move: Knock Off|[of] p1b: Pangoro\n|move|p1a: Gallade|Trick Room|p1a: Gallade\n|-fieldstart|move: Trick Room|[of] p1a: Gallade\n|\n|upkeep\n|turn|7\n|c|\u2606I'mSuspecious)|oh didn't see you tarad\n|inactive|I'mSuspecious) has 120 seconds left.\n|\n|t:|1695880985\n|move|p1b: Pangoro|Gunk Shot|p2b: Gothita\n|-supereffective|p2b: Gothita\n|-damage|p2b: Gothita|0 fnt\n|faint|p2b: Gothita\n|move|p2a: Swablu|Dazzling Gleam|p1a: Gallade|[spread] p1a,p1b\n|-supereffective|p1a: Gallade\n|-supereffective|p1b: Pangoro\n|-damage|p1a: Gallade|13\/100\n|-damage|p1b: Pangoro|5\/100\n|move|p1a: Gallade|Psycho Cut|p2a: Swablu\n|-damage|p2a: Swablu|88\/100\n|\n|upkeep\n|\n|t:|1695880994\n|switch|p2b: Jigglypuff|Jigglypuff, M|100\/100\n|turn|8\n|\n|t:|1695881011\n|move|p2b: Jigglypuff|Protect|p2b: Jigglypuff\n|-singleturn|p2b: Jigglypuff|Protect\n|move|p1b: Pangoro|Gunk Shot|p2b: Jigglypuff\n|-activate|p2b: Jigglypuff|move: Protect\n|move|p2a: Swablu|Dazzling Gleam|p1a: Gallade|[spread] p1a,p1b\n|-supereffective|p1a: Gallade\n|-supereffective|p1b: Pangoro\n|-damage|p1a: Gallade|0 fnt\n|-damage|p1b: Pangoro|0 fnt\n|faint|p1a: Gallade\n|faint|p1b: Pangoro\n|\n|-sideend|p2: chaphlagical|Reflect\n|upkeep\n|inactive|I'mSuspecious) has 120 seconds left.\n|inactive|I'mSuspecious) has 90 seconds left.\n|\n|t:|1695881060\n|switch|p1b: Heracross|Heracross-Mega, M|100\/100 slp\n|switch|p1a: Iron Hands|Iron Hands|100\/100\n|turn|9\n|\n|t:|1695881087\n|move|p1a: Iron Hands|Fake Out|p2a: Swablu\n|-damage|p2a: Swablu|81\/100\n|-damage|p1a: Iron Hands|84\/100|[from] item: Rocky Helmet|[of] p2a: Swablu\n|move|p2b: Jigglypuff|Perish Song|p2b: Jigglypuff\n|-start|p1a: Iron Hands|perish3|[silent]\n|-start|p1b: Heracross|perish3|[silent]\n|-start|p2a: Swablu|perish3|[silent]\n|-start|p2b: Jigglypuff|perish3|[silent]\n|-fieldactivate|move: Perish Song\n|cant|p2a: Swablu|flinch\n|-curestatus|p1b: Heracross|slp|[msg]\n|move|p1b: Heracross|Rock Slide|p2b: Jigglypuff|[spread] p2a,p2b\n|-supereffective|p2a: Swablu\n|-damage|p2a: Swablu|57\/100\n|-damage|p2b: Jigglypuff|60\/100\n|\n|-heal|p2b: Jigglypuff|67\/100|[from] item: Leftovers\n|-start|p2b: Jigglypuff|perish3\n|-start|p1a: Iron Hands|perish3\n|-start|p2a: Swablu|perish3\n|-start|p1b: Heracross|perish3\n|upkeep\n|turn|10\n|c|\u2606I'mSuspecious)|why would you do it\n|\n|t:|1695881113\n|move|p2b: Jigglypuff|Protect|p2b: Jigglypuff\n|-singleturn|p2b: Jigglypuff|Protect\n|move|p1a: Iron Hands|Wild Charge|p2a: Swablu\n|-supereffective|p2a: Swablu\n|-damage|p2a: Swablu|5\/100\n|-damage|p1a: Iron Hands|67\/100|[from] item: Rocky Helmet|[of] p2a: Swablu\n|-damage|p1a: Iron Hands|60\/100|[from] Recoil\n|move|p2a: Swablu|Roost|p2a: Swablu\n|-heal|p2a: Swablu|55\/100\n|-singleturn|p2a: Swablu|move: Roost\n|move|p1b: Heracross|Rock Slide|p2b: Jigglypuff|[spread] p2a\n|-activate|p2b: Jigglypuff|move: Protect\n|-damage|p2a: Swablu|44\/100\n|\n|-heal|p2b: Jigglypuff|73\/100|[from] item: Leftovers\n|-start|p2b: Jigglypuff|perish2\n|-start|p1a: Iron Hands|perish2\n|-start|p2a: Swablu|perish2\n|-start|p1b: Heracross|perish2\n|-fieldend|move: Trick Room\n|upkeep\n|turn|11\n|c|\u2606I'mSuspecious)|ggs\n|\n|t:|1695881142\n|move|p1b: Heracross|Rock Slide|p2a: Swablu|[spread] p2a,p2b\n|-supereffective|p2a: Swablu\n|-damage|p2a: Swablu|17\/100\n|-damage|p2b: Jigglypuff|30\/100\n|move|p2a: Swablu|Roost|p2a: Swablu\n|-heal|p2a: Swablu|67\/100\n|-singleturn|p2a: Swablu|move: Roost\n|move|p1a: Iron Hands|Wild Charge|p2a: Swablu\n|-crit|p2a: Swablu\n|-damage|p2a: Swablu|0 fnt\n|-damage|p1a: Iron Hands|43\/100|[from] item: Rocky Helmet|[of] p2a: Swablu\n|faint|p2a: Swablu\n|-damage|p1a: Iron Hands|34\/100|[from] Recoil\n|move|p2b: Jigglypuff|Dazzling Gleam|p1a: Iron Hands|[spread] p1a,p1b\n|-supereffective|p1a: Iron Hands\n|-supereffective|p1b: Heracross\n|-damage|p1a: Iron Hands|19\/100\n|-damage|p1b: Heracross|82\/100\n|\n|-heal|p2b: Jigglypuff|37\/100|[from] item: Leftovers\n|-start|p1b: Heracross|perish1\n|-start|p1a: Iron Hands|perish1\n|-start|p2b: Jigglypuff|perish1\n|upkeep\n|turn|12\n|c|\u2606chaphlagical|can't win anyway lol\n|\n|t:|1695881163\n|move|p2b: Jigglypuff|Protect|p2b: Jigglypuff\n|-singleturn|p2b: Jigglypuff|Protect\n|move|p1b: Heracross|Pin Missile|p2b: Jigglypuff\n|-activate|p2b: Jigglypuff|move: Protect\n|move|p1a: Iron Hands|Heavy Slam|p2b: Jigglypuff\n|-activate|p2b: Jigglypuff|move: Protect\n|\n|-heal|p2b: Jigglypuff|43\/100|[from] item: Leftovers\n|-start|p1b: Heracross|perish0\n|-start|p1a: Iron Hands|perish0\n|-start|p2b: Jigglypuff|perish0\n|faint|p1b: Heracross\n|faint|p1a: Iron Hands\n|-end|p1a: Iron Hands|Quark Drive|[silent]\n|faint|p2b: Jigglypuff\n|\n|win|I'mSuspecious)\n|upkeep\n|raw|I&apos;mSuspecious)'s rating: 1089 &rarr; <strong>1109<\/strong><br \/>(+20 for winning)\n|raw|chaphlagical's rating: 1000 &rarr; <strong>1000<\/strong><br \/>(+0 for losing)\n|l|\u2606I'mSuspecious)\n","uploadtime":1695881181,"views":24,"p1id":"imsuspecious","p2id":"chaphlagical","formatid":"gen9nationaldexdoubles","rating":1000,"private":0,"password":""}