{"id":"gen9nationaldexdoubles-1972547432","p1":"KingGodzila","p2":"chetochetocheto","format":"[Gen 9] National Dex Doubles","log":"|j|\u2606KingGodzila\n|j|\u2606chetochetocheto\n|t:|1697855553\n|gametype|doubles\n|player|p1|KingGodzila|bugsy|1298\n|player|p2|chetochetocheto|roxie|1047\n|teamsize|p1|6\n|teamsize|p2|6\n|gen|9\n|tier|[Gen 9] National Dex Doubles\n|rated|\n|rule|HP Percentage Mod: HP is shown in percentages\n|rule|Endless Battle Clause: Forcing endless battles is banned\n|rule|OHKO Clause: OHKO moves are banned\n|rule|Evasion Moves Clause: Evasion moves are banned\n|rule|Evasion Abilities Clause: Evasion abilities are banned\n|rule|Species Clause: Limit one of each Pok\u00e9mon\n|rule|Gravity Sleep Clause: The combination of sleep-inducing moves with imperfect accuracy and Gravity or Gigantamax Orbeetle are banned\n|clearpoke\n|poke|p1|Vikavolt, M|\n|poke|p1|Lokix, M|\n|poke|p1|Golisopod, M|\n|poke|p1|Cresselia, F|\n|poke|p1|Escavalier, M|\n|poke|p1|Charjabug, F|\n|poke|p2|Togekiss, F|\n|poke|p2|Grimmsnarl, M|\n|poke|p2|Lapras, F|\n|poke|p2|Raichu-Alola, F|\n|poke|p2|Incineroar, M|\n|poke|p2|Tapu Lele|\n|teampreview\n|\n|t:|1697855574\n|start\n|switch|p1a: \u7f8e\u68a6\u8001\u5988|Cresselia, F|100\/100\n|switch|p1b: \u80fd\u8fdb\u80fd\u9000\u65b9\u6b66\u8005|Golisopod, M, shiny|100\/100\n|switch|p2a: Togekiss|Togekiss, F|100\/100\n|switch|p2b: Tapu Lele|Tapu Lele|100\/100\n|-fieldstart|move: Psychic Terrain|[from] ability: Psychic Surge|[of] p2b: Tapu Lele\n|turn|1\n|\n|t:|1697855595\n|move|p2a: Togekiss|Air Slash|p1b: \u80fd\u8fdb\u80fd\u9000\u65b9\u6b66\u8005\n|-supereffective|p1b: \u80fd\u8fdb\u80fd\u9000\u65b9\u6b66\u8005\n|-damage|p1b: \u80fd\u8fdb\u80fd\u9000\u65b9\u6b66\u8005|12\/100\n|-activate|p1b: \u80fd\u8fdb\u80fd\u9000\u65b9\u6b66\u8005|ability: Emergency Exit\n|\n|t:|1697855606\n|switch|p1b: \u4e00\u592b\u5f53\u5173\u4e3a\u9a91\u58eb|Escavalier, M|100\/100\n|move|p2b: Tapu Lele|Dazzling Gleam|p1b: \u4e00\u592b\u5f53\u5173\u4e3a\u9a91\u58eb|[spread] p1a,p1b\n|-resisted|p1b: \u4e00\u592b\u5f53\u5173\u4e3a\u9a91\u58eb\n|-damage|p1a: \u7f8e\u68a6\u8001\u5988|84\/100\n|-damage|p1b: \u4e00\u592b\u5f53\u5173\u4e3a\u9a91\u58eb|84\/100\n|move|p1a: \u7f8e\u68a6\u8001\u5988|Trick Room|p1a: \u7f8e\u68a6\u8001\u5988\n|-fieldstart|move: Trick Room|[of] p1a: \u7f8e\u68a6\u8001\u5988\n|\n|-heal|p1a: \u7f8e\u68a6\u8001\u5988|90\/100|[from] item: Leftovers\n|upkeep\n|turn|2\n|\n|t:|1697855653\n|switch|p1a: \u866b\u7535\u5b9d\u724c\u5145\u7535\u5b9d|Charjabug, F, shiny|100\/100\n|switch|p2b: Raichu|Raichu-Alola, F|100\/100\n|switch|p2a: Incineroar|Incineroar, M|100\/100\n|-ability|p2a: Incineroar|Intimidate|boost\n|-unboost|p1a: \u866b\u7535\u5b9d\u724c\u5145\u7535\u5b9d|atk|1\n|-unboost|p1b: \u4e00\u592b\u5f53\u5173\u4e3a\u9a91\u58eb|atk|1\n|move|p1b: \u4e00\u592b\u5f53\u5173\u4e3a\u9a91\u58eb|Iron Head|p2a: Incineroar\n|-resisted|p2a: Incineroar\n|-damage|p2a: Incineroar|79\/100\n|-damage|p1b: \u4e00\u592b\u5f53\u5173\u4e3a\u9a91\u58eb|75\/100|[from] item: Life Orb\n|\n|upkeep\n|turn|3\n|\n|t:|1697855677\n|switch|p1b: \u7f8e\u68a6\u8001\u5988|Cresselia, F|90\/100\n|move|p2b: Raichu|Extreme Speed|p1a: \u866b\u7535\u5b9d\u724c\u5145\u7535\u5b9d\n|-activate|p1a: \u866b\u7535\u5b9d\u724c\u5145\u7535\u5b9d|move: Psychic Terrain\n|move|p1a: \u866b\u7535\u5b9d\u724c\u5145\u7535\u5b9d|Substitute|p1a: \u866b\u7535\u5b9d\u724c\u5145\u7535\u5b9d\n|-start|p1a: \u866b\u7535\u5b9d\u724c\u5145\u7535\u5b9d|Substitute\n|-damage|p1a: \u866b\u7535\u5b9d\u724c\u5145\u7535\u5b9d|76\/100\n|move|p2a: Incineroar|Fire Punch|p1b: \u7f8e\u68a6\u8001\u5988\n|-damage|p1b: \u7f8e\u68a6\u8001\u5988|66\/100\n|\n|-heal|p1b: \u7f8e\u68a6\u8001\u5988|73\/100|[from] item: Leftovers\n|upkeep\n|turn|4\n|\n|t:|1697855722\n|-terastallize|p2b: Raichu|Electric\n|move|p2a: Incineroar|Protect|p2a: Incineroar\n|-singleturn|p2a: Incineroar|Protect\n|move|p1a: \u866b\u7535\u5b9d\u724c\u5145\u7535\u5b9d|Struggle Bug|p2a: Incineroar|[spread] p2b\n|-activate|p2a: Incineroar|move: Protect\n|-damage|p2b: Raichu|92\/100\n|-unboost|p2b: Raichu|spa|1\n|move|p1b: \u7f8e\u68a6\u8001\u5988|Lunar Blessing||[still]|[spread] p1a,p1b\n|-fail|p1b: \u7f8e\u68a6\u8001\u5988\n|-heal|p1b: \u7f8e\u68a6\u8001\u5988|98\/100\n|move|p2b: Raichu|Thunderbolt|p1b: \u7f8e\u68a6\u8001\u5988\n|-damage|p1b: \u7f8e\u68a6\u8001\u5988|79\/100\n|\n|-heal|p1b: \u7f8e\u68a6\u8001\u5988|85\/100|[from] item: Leftovers\n|upkeep\n|turn|5\n|\n|t:|1697855753\n|move|p1a: \u866b\u7535\u5b9d\u724c\u5145\u7535\u5b9d|Protect|p1a: \u866b\u7535\u5b9d\u724c\u5145\u7535\u5b9d\n|-singleturn|p1a: \u866b\u7535\u5b9d\u724c\u5145\u7535\u5b9d|Protect\n|move|p2b: Raichu|Extreme Speed|p1a: \u866b\u7535\u5b9d\u724c\u5145\u7535\u5b9d\n|-activate|p1a: \u866b\u7535\u5b9d\u724c\u5145\u7535\u5b9d|move: Psychic Terrain\n|move|p2a: Incineroar|Darkest Lariat|p1b: \u7f8e\u68a6\u8001\u5988\n|-supereffective|p1b: \u7f8e\u68a6\u8001\u5988\n|-damage|p1b: \u7f8e\u68a6\u8001\u5988|15\/100\n|move|p1b: \u7f8e\u68a6\u8001\u5988|Dazzling Gleam|p2b: Raichu|[spread] p2a,p2b\n|-damage|p2a: Incineroar|65\/100\n|-damage|p2b: Raichu|78\/100\n|\n|-heal|p1b: \u7f8e\u68a6\u8001\u5988|21\/100|[from] item: Leftovers\n|-fieldend|move: Trick Room\n|-fieldend|move: Psychic Terrain\n|upkeep\n|turn|6\n|\n|t:|1697855791\n|switch|p1b: \u70c8\u817f\u8757\u4fa0|Lokix, M|100\/100\n|move|p2b: Raichu|Extreme Speed|p1b: \u70c8\u817f\u8757\u4fa0\n|-damage|p1b: \u70c8\u817f\u8757\u4fa0|84\/100\n|move|p2a: Incineroar|Close Combat|p1a: \u866b\u7535\u5b9d\u724c\u5145\u7535\u5b9d\n|-resisted|p1a: \u866b\u7535\u5b9d\u724c\u5145\u7535\u5b9d\n|-activate|p1a: \u866b\u7535\u5b9d\u724c\u5145\u7535\u5b9d|move: Substitute|[damage]\n|-unboost|p2a: Incineroar|def|1\n|-unboost|p2a: Incineroar|spd|1\n|move|p1a: \u866b\u7535\u5b9d\u724c\u5145\u7535\u5b9d|Toxic|p2b: Raichu\n|-status|p2b: Raichu|tox\n|\n|-damage|p2b: Raichu|72\/100 tox|[from] psn\n|upkeep\n|turn|7\n|\n|t:|1697855822\n|move|p1a: \u866b\u7535\u5b9d\u724c\u5145\u7535\u5b9d|Protect|p1a: \u866b\u7535\u5b9d\u724c\u5145\u7535\u5b9d\n|-singleturn|p1a: \u866b\u7535\u5b9d\u724c\u5145\u7535\u5b9d|Protect\n|move|p1b: \u70c8\u817f\u8757\u4fa0|First Impression|p2a: Incineroar\n|-damage|p2a: Incineroar|0 fnt\n|faint|p2a: Incineroar\n|-damage|p1b: \u70c8\u817f\u8757\u4fa0|74\/100|[from] item: Life Orb\n|move|p2b: Raichu|Thunderbolt|p1b: \u70c8\u817f\u8757\u4fa0\n|-damage|p1b: \u70c8\u817f\u8757\u4fa0|21\/100\n|\n|-damage|p2b: Raichu|60\/100 tox|[from] psn\n|upkeep\n|\n|t:|1697855842\n|switch|p2a: Lapras|Lapras, F|100\/100\n|turn|8\n|\n|t:|1697855850\n|move|p2a: Lapras|Protect|p2a: Lapras\n|-singleturn|p2a: Lapras|Protect\n|move|p2b: Raichu|Surf|p1b: \u70c8\u817f\u8757\u4fa0|[spread] p1a,p1b\n|-activate|p2a: Lapras|move: Protect\n|-activate|p1a: \u866b\u7535\u5b9d\u724c\u5145\u7535\u5b9d|move: Substitute|[damage]\n|-damage|p1b: \u70c8\u817f\u8757\u4fa0|3\/100\n|move|p1b: \u70c8\u817f\u8757\u4fa0|Axe Kick|p2a: Lapras\n|-activate|p2a: Lapras|move: Protect\n|-damage|p1b: \u70c8\u817f\u8757\u4fa0|0 fnt|[from] highjumpkick\n|faint|p1b: \u70c8\u817f\u8757\u4fa0\n|move|p1a: \u866b\u7535\u5b9d\u724c\u5145\u7535\u5b9d|Struggle Bug|p2b: Raichu|[spread] p2b\n|-activate|p2a: Lapras|move: Protect\n|-damage|p2b: Raichu|52\/100 tox\n|-unboost|p2b: Raichu|spa|1\n|\n|-damage|p2b: Raichu|34\/100 tox|[from] psn\n|upkeep\n|\n|t:|1697855866\n|switch|p1b: \u7535\u5149\u8f68\u9053\u70ae|Vikavolt, M|100\/100\n|turn|9\n|\n|t:|1697855891\n|switch|p2b: Togekiss|Togekiss, F|100\/100\n|switch|p2a: Tapu Lele|Tapu Lele|100\/100\n|-fieldstart|move: Psychic Terrain|[from] ability: Psychic Surge|[of] p2a: Tapu Lele\n|-terastallize|p1b: \u7535\u5149\u8f68\u9053\u70ae|Electric\n|move|p1b: \u7535\u5149\u8f68\u9053\u70ae|Volt Switch|p2a: Tapu Lele\n|-damage|p2a: Tapu Lele|12\/100\n|-damage|p1b: \u7535\u5149\u8f68\u9053\u70ae|91\/100|[from] item: Life Orb\n|\n|t:|1697855909\n|switch|p1b: \u80fd\u8fdb\u80fd\u9000\u65b9\u6b66\u8005|Golisopod, M, shiny|12\/100|[from] Volt Switch\n|move|p1a: \u866b\u7535\u5b9d\u724c\u5145\u7535\u5b9d|Struggle Bug|p2a: Tapu Lele|[spread] p2a,p2b\n|-resisted|p2b: Togekiss\n|-damage|p2a: Tapu Lele|5\/100\n|-damage|p2b: Togekiss|99\/100\n|-unboost|p2a: Tapu Lele|spa|1\n|-unboost|p2b: Togekiss|spa|1\n|\n|-heal|p2a: Tapu Lele|11\/100|[from] item: Leftovers\n|upkeep\n|turn|10\n|\n|t:|1697855932\n|move|p2a: Tapu Lele|Protect|p2a: Tapu Lele\n|-singleturn|p2a: Tapu Lele|Protect\n|move|p2b: Togekiss|Dazzling Gleam|p1a: \u866b\u7535\u5b9d\u724c\u5145\u7535\u5b9d|[spread] p1a,p1b\n|-end|p1a: \u866b\u7535\u5b9d\u724c\u5145\u7535\u5b9d|Substitute\n|-damage|p1b: \u80fd\u8fdb\u80fd\u9000\u65b9\u6b66\u8005|0 fnt\n|faint|p1b: \u80fd\u8fdb\u80fd\u9000\u65b9\u6b66\u8005\n|move|p1a: \u866b\u7535\u5b9d\u724c\u5145\u7535\u5b9d|Struggle Bug|p2a: Tapu Lele|[spread] p2b\n|-activate|p2a: Tapu Lele|move: Protect\n|-resisted|p2b: Togekiss\n|-damage|p2b: Togekiss|97\/100\n|-unboost|p2b: Togekiss|spa|1\n|\n|-heal|p2a: Tapu Lele|17\/100|[from] item: Leftovers\n|upkeep\n|\n|t:|1697855942\n|switch|p1b: \u7f8e\u68a6\u8001\u5988|Cresselia, F|21\/100\n|turn|11\n|\n|t:|1697855963\n|move|p2b: Togekiss|Dazzling Gleam|p1b: \u7f8e\u68a6\u8001\u5988|[spread] p1a,p1b\n|-damage|p1a: \u866b\u7535\u5b9d\u724c\u5145\u7535\u5b9d|65\/100\n|-damage|p1b: \u7f8e\u68a6\u8001\u5988|13\/100\n|move|p2a: Tapu Lele|Dazzling Gleam|p1a: \u866b\u7535\u5b9d\u724c\u5145\u7535\u5b9d|[spread] p1a,p1b\n|-damage|p1a: \u866b\u7535\u5b9d\u724c\u5145\u7535\u5b9d|53\/100\n|-damage|p1b: \u7f8e\u68a6\u8001\u5988|3\/100\n|move|p1a: \u866b\u7535\u5b9d\u724c\u5145\u7535\u5b9d|Substitute|p1a: \u866b\u7535\u5b9d\u724c\u5145\u7535\u5b9d\n|-start|p1a: \u866b\u7535\u5b9d\u724c\u5145\u7535\u5b9d|Substitute\n|-damage|p1a: \u866b\u7535\u5b9d\u724c\u5145\u7535\u5b9d|28\/100\n|move|p1b: \u7f8e\u68a6\u8001\u5988|Trick Room|p1b: \u7f8e\u68a6\u8001\u5988\n|-fieldstart|move: Trick Room|[of] p1b: \u7f8e\u68a6\u8001\u5988\n|\n|-heal|p1b: \u7f8e\u68a6\u8001\u5988|9\/100|[from] item: Leftovers\n|-heal|p2a: Tapu Lele|23\/100|[from] item: Leftovers\n|upkeep\n|turn|12\n|\n|t:|1697855986\n|move|p2a: Tapu Lele|Protect|p2a: Tapu Lele\n|-singleturn|p2a: Tapu Lele|Protect\n|move|p2b: Togekiss|Protect|p2b: Togekiss\n|-singleturn|p2b: Togekiss|Protect\n|move|p1a: \u866b\u7535\u5b9d\u724c\u5145\u7535\u5b9d|Struggle Bug|p2b: Togekiss|[spread] \n|-activate|p2a: Tapu Lele|move: Protect\n|-activate|p2b: Togekiss|move: Protect\n|move|p1b: \u7f8e\u68a6\u8001\u5988|Lunar Dance|p1b: \u7f8e\u68a6\u8001\u5988\n|faint|p1b: \u7f8e\u68a6\u8001\u5988\n|\n|-heal|p2a: Tapu Lele|29\/100|[from] item: Leftovers\n|upkeep\n|\n|t:|1697855995\n|switch|p1b: \u7535\u5149\u8f68\u9053\u70ae|Vikavolt, M, tera:Electric|91\/100\n|-heal|p1b: \u7535\u5149\u8f68\u9053\u70ae|100\/100|[from] move: Lunar Dance\n|turn|13\n|\n|t:|1697856018\n|move|p1a: \u866b\u7535\u5b9d\u724c\u5145\u7535\u5b9d|Protect|p1a: \u866b\u7535\u5b9d\u724c\u5145\u7535\u5b9d\n|-singleturn|p1a: \u866b\u7535\u5b9d\u724c\u5145\u7535\u5b9d|Protect\n|move|p1b: \u7535\u5149\u8f68\u9053\u70ae|Discharge|p2a: Tapu Lele|[spread] p2a,p2b\n|-activate|p1a: \u866b\u7535\u5b9d\u724c\u5145\u7535\u5b9d|move: Protect\n|-supereffective|p2b: Togekiss\n|-damage|p2a: Tapu Lele|0 fnt\n|-damage|p2b: Togekiss|0 fnt\n|faint|p2a: Tapu Lele\n|faint|p2b: Togekiss\n|-damage|p1b: \u7535\u5149\u8f68\u9053\u70ae|91\/100|[from] item: Life Orb\n|\n|-fieldend|move: Psychic Terrain\n|upkeep\n|\n|t:|1697856040\n|switch|p2a: Grimmsnarl|Grimmsnarl, M|100\/100\n|switch|p2b: Lapras|Lapras, F|100\/100\n|turn|14\n|\n|t:|1697856054\n|move|p2b: Lapras|Protect|p2b: Lapras\n|-singleturn|p2b: Lapras|Protect\n|move|p2a: Grimmsnarl|Light Screen|p2a: Grimmsnarl\n|-sidestart|p2: chetochetocheto|move: Light Screen\n|move|p1a: \u866b\u7535\u5b9d\u724c\u5145\u7535\u5b9d|Struggle Bug|p2b: Lapras|[spread] p2a\n|-activate|p2b: Lapras|move: Protect\n|-damage|p2a: Grimmsnarl|95\/100\n|-unboost|p2a: Grimmsnarl|spa|1\n|move|p1b: \u7535\u5149\u8f68\u9053\u70ae|Discharge|p2a: Grimmsnarl|[spread] p1a,p2a\n|-activate|p2b: Lapras|move: Protect\n|-resisted|p1a: \u866b\u7535\u5b9d\u724c\u5145\u7535\u5b9d\n|-activate|p1a: \u866b\u7535\u5b9d\u724c\u5145\u7535\u5b9d|move: Substitute|[damage]\n|-damage|p2a: Grimmsnarl|31\/100\n|-damage|p1b: \u7535\u5149\u8f68\u9053\u70ae|81\/100|[from] item: Life Orb\n|\n|upkeep\n|turn|15\n|\n|t:|1697856076\n|move|p1a: \u866b\u7535\u5b9d\u724c\u5145\u7535\u5b9d|Protect|p1a: \u866b\u7535\u5b9d\u724c\u5145\u7535\u5b9d\n|-singleturn|p1a: \u866b\u7535\u5b9d\u724c\u5145\u7535\u5b9d|Protect\n|move|p1b: \u7535\u5149\u8f68\u9053\u70ae|Discharge|p2b: Lapras|[spread] p2a,p2b\n|-activate|p1a: \u866b\u7535\u5b9d\u724c\u5145\u7535\u5b9d|move: Protect\n|-supereffective|p2b: Lapras\n|-damage|p2a: Grimmsnarl|0 fnt\n|-damage|p2b: Lapras|18\/100\n|faint|p2a: Grimmsnarl\n|-damage|p1b: \u7535\u5149\u8f68\u9053\u70ae|71\/100|[from] item: Life Orb\n|move|p2b: Lapras|Hydro Pump|p1b: \u7535\u5149\u8f68\u9053\u70ae\n|-damage|p1b: \u7535\u5149\u8f68\u9053\u70ae|16\/100\n|\n|-heal|p2b: Lapras|24\/100|[from] item: Leftovers\n|-fieldend|move: Trick Room\n|upkeep\n|\n|t:|1697856092\n|switch|p2a: Raichu|Raichu-Alola, F, tera:Electric|34\/100 tox\n|turn|16\n|\n|t:|1697856099\n|move|p2b: Lapras|Protect|p2b: Lapras\n|-singleturn|p2b: Lapras|Protect\n|move|p2a: Raichu|Surf|p1b: \u7535\u5149\u8f68\u9053\u70ae|[spread] p1a,p1b\n|-activate|p2b: Lapras|move: Protect\n|-end|p1a: \u866b\u7535\u5b9d\u724c\u5145\u7535\u5b9d|Substitute\n|-damage|p1b: \u7535\u5149\u8f68\u9053\u70ae|0 fnt\n|faint|p1b: \u7535\u5149\u8f68\u9053\u70ae\n|move|p1a: \u866b\u7535\u5b9d\u724c\u5145\u7535\u5b9d|Struggle Bug|p2a: Raichu|[spread] p2a\n|-activate|p2b: Lapras|move: Protect\n|-damage|p2a: Raichu|28\/100 tox\n|-unboost|p2a: Raichu|spa|1\n|\n|-heal|p2b: Lapras|30\/100|[from] item: Leftovers\n|-damage|p2a: Raichu|22\/100 tox|[from] psn\n|upkeep\n|\n|t:|1697856107\n|switch|p1b: \u4e00\u592b\u5f53\u5173\u4e3a\u9a91\u58eb|Escavalier, M|75\/100\n|turn|17\n|\n|t:|1697856136\n|move|p2a: Raichu|Surf|p1a: \u866b\u7535\u5b9d\u724c\u5145\u7535\u5b9d|[spread] p1a,p1b\n|-heal|p2b: Lapras|55\/100|[from] ability: Water Absorb|[of] p2a: Raichu\n|-damage|p1a: \u866b\u7535\u5b9d\u724c\u5145\u7535\u5b9d|20\/100\n|-damage|p1b: \u4e00\u592b\u5f53\u5173\u4e3a\u9a91\u58eb|62\/100\n|move|p2b: Lapras|Hydro Pump|p1a: \u866b\u7535\u5b9d\u724c\u5145\u7535\u5b9d\n|-damage|p1a: \u866b\u7535\u5b9d\u724c\u5145\u7535\u5b9d|0 fnt\n|faint|p1a: \u866b\u7535\u5b9d\u724c\u5145\u7535\u5b9d\n|move|p1b: \u4e00\u592b\u5f53\u5173\u4e3a\u9a91\u58eb|Iron Head|p2b: Lapras\n|-damage|p2b: Lapras|0 fnt\n|faint|p2b: Lapras\n|-damage|p1b: \u4e00\u592b\u5f53\u5173\u4e3a\u9a91\u58eb|52\/100|[from] item: Life Orb\n|\n|-damage|p2a: Raichu|10\/100 tox|[from] psn\n|upkeep\n|turn|18\n|\n|t:|1697856156\n|move|p2a: Raichu|Thunderbolt|p1b: \u4e00\u592b\u5f53\u5173\u4e3a\u9a91\u58eb\n|-damage|p1b: \u4e00\u592b\u5f53\u5173\u4e3a\u9a91\u58eb|20\/100\n|move|p1b: \u4e00\u592b\u5f53\u5173\u4e3a\u9a91\u58eb|X-Scissor|p2a: Raichu\n|-damage|p2a: Raichu|0 fnt\n|faint|p2a: Raichu\n|-damage|p1b: \u4e00\u592b\u5f53\u5173\u4e3a\u9a91\u58eb|10\/100|[from] item: Life Orb\n|\n|win|KingGodzila\n|raw|KingGodzila's rating: 1298 &rarr; <strong>1308<\/strong><br \/>(+10 for winning)\n|raw|chetochetocheto's rating: 1047 &rarr; <strong>1040<\/strong><br \/>(-7 for losing)\n","uploadtime":1697856164,"views":13,"p1id":"kinggodzila","p2id":"chetochetocheto","formatid":"gen9nationaldexdoubles","rating":1040,"private":0,"password":""}