{"id":"gen9nationaldexdoubles-1948371180","p1":"JZDoesStuff","p2":"Vyxie_Foxy","format":"[Gen 9] National Dex Doubles","log":"|j|\u2606JZDoesStuff\n|j|\u2606Vyxie_Foxy\n|t:|1695253288\n|gametype|doubles\n|player|p1|JZDoesStuff|hilbert|\n|player|p2|Vyxie_Foxy|fantina|\n|teamsize|p1|4\n|teamsize|p2|4\n|gen|9\n|tier|[Gen 9] National Dex Doubles\n|rule|HP Percentage Mod: HP is shown in percentages\n|rule|Endless Battle Clause: Forcing endless battles is banned\n|rule|OHKO Clause: OHKO moves are banned\n|rule|Evasion Moves Clause: Evasion moves are banned\n|rule|Evasion Abilities Clause: Evasion abilities are banned\n|rule|Species Clause: Limit one of each Pok\u00e9mon\n|rule|Gravity Sleep Clause: The combination of sleep-inducing moves with imperfect accuracy and Gravity or Gigantamax Orbeetle are banned\n|clearpoke\n|poke|p1|Scizor, F|\n|poke|p1|Drifblim, F|\n|poke|p1|Gholdengo|\n|poke|p1|Empoleon, F|\n|poke|p2|Oricorio-Sensu, F|\n|poke|p2|Quaquaval, F|\n|poke|p2|Kleavor, F|\n|poke|p2|Spiritomb, F|\n|teampreview\n|\n|t:|1695253303\n|start\n|switch|p1a: Drifblim|Drifblim, F|100\/100\n|switch|p1b: Scizor|Scizor, F|100\/100\n|switch|p2a: TallBirb|Quaquaval, F|100\/100\n|switch|p2b: MooSoosh|Kleavor, F|100\/100\n|turn|1\n|\n|t:|1695253341\n|move|p2b: MooSoosh|Stone Axe|p1b: Scizor\n|-damage|p1b: Scizor|10\/100\n|-sidestart|p1: JZDoesStuff|move: Stealth Rock\n|move|p2a: TallBirb|Close Combat|p1a: Drifblim\n|-immune|p1a: Drifblim\n|move|p1b: Scizor|Swords Dance|p1b: Scizor\n|-boost|p1b: Scizor|atk|2\n|move|p1a: Drifblim|Will-O-Wisp|p2a: TallBirb\n|-status|p2a: TallBirb|brn\n|\n|-damage|p2a: TallBirb|94\/100 brn|[from] brn\n|upkeep\n|turn|2\n|\n|t:|1695253370\n|move|p1b: Scizor|Bullet Punch|p2b: MooSoosh\n|-supereffective|p2b: MooSoosh\n|-damage|p2b: MooSoosh|0 fnt\n|faint|p2b: MooSoosh\n|-damage|p1b: Scizor|0 fnt|[from] item: Life Orb\n|faint|p1b: Scizor\n|move|p2a: TallBirb|Aqua Step|p1a: Drifblim\n|-damage|p1a: Drifblim|84\/100\n|-boost|p2a: TallBirb|spe|1\n|move|p1a: Drifblim|Hex|p2a: TallBirb\n|-damage|p2a: TallBirb|35\/100 brn\n|\n|-heal|p2a: TallBirb|41\/100 brn|[from] item: Leftovers\n|-damage|p2a: TallBirb|35\/100 brn|[from] brn\n|upkeep\n|\n|t:|1695253388\n|switch|p2b: CovidSphere|Spiritomb, F|100\/100\n|switch|p1b: Empoleon|Empoleon, F|100\/100\n|-damage|p1b: Empoleon|94\/100|[from] Stealth Rock\n|-ability|p2b: CovidSphere|Pressure\n|turn|3\n|\n|t:|1695253407\n|move|p2a: TallBirb|Protect|p2a: TallBirb\n|-singleturn|p2a: TallBirb|Protect\n|move|p1a: Drifblim|Hex|p2a: TallBirb\n|-activate|p2a: TallBirb|move: Protect\n|move|p1b: Empoleon|Flip Turn|p2b: CovidSphere\n|-damage|p2b: CovidSphere|76\/100\n|\n|t:|1695253433\n|switch|p1b: Gholdengo|Gholdengo|100\/100|[from] Flip Turn\n|-damage|p1b: Gholdengo|94\/100|[from] Stealth Rock\n|move|p2b: CovidSphere|Sleep Talk||[still]\n|-fail|p2b: CovidSphere\n|\n|-heal|p2a: TallBirb|41\/100 brn|[from] item: Leftovers\n|-heal|p2b: CovidSphere|82\/100|[from] item: Leftovers\n|-damage|p2a: TallBirb|35\/100 brn|[from] brn\n|upkeep\n|turn|4\n|\n|t:|1695253460\n|move|p2a: TallBirb|Close Combat|p1b: Gholdengo\n|-immune|p1b: Gholdengo\n|move|p1b: Gholdengo|Nasty Plot|p1b: Gholdengo\n|-boost|p1b: Gholdengo|spa|2\n|move|p1a: Drifblim|Defog|p2b: CovidSphere\n|-unboost|p2b: CovidSphere|evasion|1\n|-sideend|p1: JZDoesStuff|Stealth Rock|[from] move: Defog|[of] p1a: Drifblim\n|move|p2b: CovidSphere|Dark Pulse|p1a: Drifblim\n|-supereffective|p1a: Drifblim\n|-damage|p1a: Drifblim|6\/100\n|\n|-heal|p2a: TallBirb|41\/100 brn|[from] item: Leftovers\n|-heal|p2b: CovidSphere|88\/100|[from] item: Leftovers\n|-damage|p2a: TallBirb|35\/100 brn|[from] brn\n|upkeep\n|turn|5\n|\n|t:|1695253493\n|move|p2a: TallBirb|Aqua Step|p1b: Gholdengo\n|-damage|p1b: Gholdengo|72\/100\n|-boost|p2a: TallBirb|spe|1\n|move|p1b: Gholdengo|Make It Rain|p2a: TallBirb|[spread] p2a,p2b\n|-resisted|p2a: TallBirb\n|-damage|p2a: TallBirb|0 fnt\n|-damage|p2b: CovidSphere|0 fnt\n|-unboost|p1b: Gholdengo|spa|1\n|faint|p2a: TallBirb\n|faint|p2b: CovidSphere\n|move|p1a: Drifblim|Strength Sap|p2: TallBirb|[notarget]\n|-fail|p1a: Drifblim\n|\n|upkeep\n|\n|t:|1695253508\n|switch|p2b: VyxieBirb|Oricorio-Sensu, F|100\/100\n|turn|6\n|\n|t:|1695253518\n|move|p2b: VyxieBirb|Revelation Dance|p1a: Drifblim\n|-supereffective|p1a: Drifblim\n|-damage|p1a: Drifblim|0 fnt\n|faint|p1a: Drifblim\n|-damage|p2b: VyxieBirb|91\/100|[from] item: Life Orb\n|move|p1b: Gholdengo|Shadow Ball|p2b: VyxieBirb\n|-supereffective|p2b: VyxieBirb\n|-damage|p2b: VyxieBirb|0 fnt\n|faint|p2b: VyxieBirb\n|\n|win|JZDoesStuff\n","uploadtime":1695253531,"views":4,"p1id":"jzdoesstuff","p2id":"vyxiefoxy","formatid":"gen9nationaldexdoubles","rating":0,"private":0,"password":""}