{"id":"gen9nationaldexdoubles-1955420791","p1":"AutumnCookie","p2":"kpoc12","format":"[Gen 9] National Dex Doubles","log":"|j|\u2606AutumnCookie\n|j|\u2606kpoc12\n|t:|1695996839\n|gametype|doubles\n|player|p1|AutumnCookie|leon|\n|player|p2|kpoc12|raihan|\n|teamsize|p1|6\n|teamsize|p2|6\n|gen|9\n|tier|[Gen 9] National Dex Doubles\n|rule|HP Percentage Mod: HP is shown in percentages\n|rule|Endless Battle Clause: Forcing endless battles is banned\n|rule|OHKO Clause: OHKO moves are banned\n|rule|Evasion Moves Clause: Evasion moves are banned\n|rule|Evasion Abilities Clause: Evasion abilities are banned\n|rule|Species Clause: Limit one of each Pok\u00e9mon\n|rule|Gravity Sleep Clause: The combination of sleep-inducing moves with imperfect accuracy and Gravity or Gigantamax Orbeetle are banned\n|clearpoke\n|poke|p1|Charizard, M|\n|poke|p1|Aegislash, F|\n|poke|p1|Dragapult, M|\n|poke|p1|Rhyperior, F|\n|poke|p1|Rillaboom, M|\n|poke|p1|Mr. Rime, M|\n|poke|p2|Torkoal, F|\n|poke|p2|Goodra, F|\n|poke|p2|Turtonator, F|\n|poke|p2|Flygon, M|\n|poke|p2|Duraludon, F|\n|poke|p2|Gigalith, M|\n|teampreview\n|\n|t:|1695996907\n|start\n|switch|p1a: Rhyperior|Rhyperior, F|100\/100\n|switch|p1b: Dragapult|Dragapult, M|100\/100\n|switch|p2a: Torkoal|Torkoal, F|100\/100\n|switch|p2b: Goodra|Goodra, F|100\/100\n|-weather|SunnyDay|[from] ability: Drought|[of] p2a: Torkoal\n|turn|1\n|\n|t:|1695996928\n|move|p1b: Dragapult|Dragon Darts|p2b: Goodra\n|-supereffective|p2b: Goodra\n|-damage|p2b: Goodra|42\/100\n|-enditem|p2b: Goodra|Sitrus Berry|[eat]\n|-heal|p2b: Goodra|67\/100|[from] item: Sitrus Berry\n|-anim|p1b: Dragapult|Dragon Darts|p2a: Torkoal\n|-damage|p2a: Torkoal|83\/100\n|move|p2b: Goodra|Dragon Pulse|p1b: Dragapult\n|-supereffective|p1b: Dragapult\n|-damage|p1b: Dragapult|0 fnt\n|faint|p1b: Dragapult\n|move|p1a: Rhyperior|Stone Edge|p2a: Torkoal\n|-supereffective|p2a: Torkoal\n|-damage|p2a: Torkoal|0 fnt\n|faint|p2a: Torkoal\n|\n|-weather|SunnyDay|[upkeep]\n|upkeep\n|j| cassinidivision\n|\n|t:|1695996966\n|switch|p1b: Mr. Rime|Mr. Rime, M|100\/100\n|switch|p2a: Gigalith|Gigalith, M|100\/100\n|-weather|Sandstorm|[from] ability: Sand Stream|[of] p2a: Gigalith\n|turn|2\n|c| cassinidivision|teehee\n|\n|t:|1695996995\n|move|p1b: Mr. Rime|Fake Out|p2b: Goodra\n|-damage|p2b: Goodra|58\/100\n|cant|p2b: Goodra|flinch\n|move|p1a: Rhyperior|Hammer Arm|p2a: Gigalith\n|-supereffective|p2a: Gigalith\n|-damage|p2a: Gigalith|44\/100\n|-unboost|p1a: Rhyperior|spe|1\n|move|p2a: Gigalith|Rock Blast|p1b: Mr. Rime\n|-supereffective|p1b: Mr. Rime\n|-damage|p1b: Mr. Rime|64\/100\n|-supereffective|p1b: Mr. Rime\n|-damage|p1b: Mr. Rime|28\/100\n|-hitcount|p1b: Mr. Rime|2\n|\n|-weather|Sandstorm|[upkeep]\n|-damage|p2b: Goodra|52\/100|[from] Sandstorm\n|-damage|p1b: Mr. Rime|22\/100|[from] Sandstorm\n|upkeep\n|turn|3\n|\n|t:|1695997030\n|move|p2b: Goodra|Life Dew|p2b: Goodra|[spread] p2a,p2b\n|-heal|p2a: Gigalith|69\/100\n|-heal|p2b: Goodra|77\/100\n|move|p1b: Mr. Rime|Slack Off|p1b: Mr. Rime\n|-heal|p1b: Mr. Rime|72\/100\n|move|p2a: Gigalith|Body Press|p1b: Mr. Rime\n|-damage|p1b: Mr. Rime|45\/100\n|-damage|p2a: Gigalith|52\/100|[from] item: Rocky Helmet|[of] p1b: Mr. Rime\n|move|p1a: Rhyperior|Avalanche|p2b: Goodra\n|-supereffective|p2b: Goodra\n|-damage|p2b: Goodra|16\/100\n|\n|-weather|Sandstorm|[upkeep]\n|-damage|p2b: Goodra|10\/100|[from] Sandstorm\n|-damage|p1b: Mr. Rime|39\/100|[from] Sandstorm\n|upkeep\n|turn|4\n|\n|t:|1695997053\n|move|p2b: Goodra|Life Dew|p2b: Goodra|[spread] p2a,p2b\n|-heal|p2a: Gigalith|78\/100\n|-heal|p2b: Goodra|35\/100\n|move|p1b: Mr. Rime|Slack Off|p1b: Mr. Rime\n|-heal|p1b: Mr. Rime|89\/100\n|move|p2a: Gigalith|Rock Blast|p1b: Mr. Rime\n|-supereffective|p1b: Mr. Rime\n|-damage|p1b: Mr. Rime|56\/100\n|-supereffective|p1b: Mr. Rime\n|-damage|p1b: Mr. Rime|22\/100\n|-supereffective|p1b: Mr. Rime\n|-damage|p1b: Mr. Rime|0 fnt\n|faint|p1b: Mr. Rime\n|-hitcount|p1: Mr. Rime|3\n|move|p1a: Rhyperior|Avalanche|p2a: Gigalith\n|-damage|p2a: Gigalith|61\/100\n|\n|-weather|Sandstorm|[upkeep]\n|-damage|p2b: Goodra|29\/100|[from] Sandstorm\n|upkeep\n|\n|t:|1695997077\n|switch|p1b: Rillaboom|Rillaboom, M|100\/100\n|-fieldstart|move: Grassy Terrain|[from] ability: Grassy Surge|[of] p1b: Rillaboom\n|turn|5\n|\n|t:|1695997102\n|switch|p2b: Duraludon|Duraludon, F|100\/100\n|switch|p2a: Turtonator|Turtonator, F|100\/100\n|move|p1b: Rillaboom|Swords Dance|p1b: Rillaboom\n|-boost|p1b: Rillaboom|atk|2\n|move|p1a: Rhyperior|Avalanche|p2b: Duraludon\n|-damage|p2b: Duraludon|76\/100\n|\n|-weather|Sandstorm|[upkeep]\n|-damage|p1b: Rillaboom|94\/100|[from] Sandstorm\n|-damage|p2a: Turtonator|94\/100|[from] Sandstorm\n|-heal|p2b: Duraludon|82\/100|[from] Grassy Terrain\n|-heal|p1b: Rillaboom|100\/100|[from] Grassy Terrain\n|-heal|p2a: Turtonator|100\/100|[from] Grassy Terrain\n|upkeep\n|turn|6\n|\n|t:|1695997130\n|move|p2b: Duraludon|Body Press|p1a: Rhyperior\n|-supereffective|p1a: Rhyperior\n|-damage|p1a: Rhyperior|73\/100\n|move|p1b: Rillaboom|Drain Punch|p2b: Duraludon\n|-supereffective|p2b: Duraludon\n|-damage|p2b: Duraludon|0 fnt\n|faint|p2b: Duraludon\n|move|p2a: Turtonator|Fire Blast|p1b: Rillaboom\n|-supereffective|p1b: Rillaboom\n|-damage|p1b: Rillaboom|0 fnt\n|faint|p1b: Rillaboom\n|move|p1a: Rhyperior|Stone Edge|p2a: Turtonator|[miss]\n|-miss|p1a: Rhyperior|p2a: Turtonator\n|\n|-weather|Sandstorm|[upkeep]\n|-damage|p2a: Turtonator|94\/100|[from] Sandstorm\n|-heal|p2a: Turtonator|100\/100|[from] Grassy Terrain\n|-heal|p1a: Rhyperior|80\/100|[from] Grassy Terrain\n|upkeep\n|c|\u2606kpoc12|raihan is going. a little easier .\n|c|\u2606kpoc12|because hes so scared of leon breaking down\n|c|\u2606AutumnCookie|WAS PRAYING SOMEHOW THAT WOULDN'T KILL.\n|c|\u2606AutumnCookie|AWW :(\n|c| cassinidivision|im not i hope leon loses\n|c| cassinidivision|i need drama\n|\n|t:|1695997173\n|switch|p2b: Gigalith|Gigalith, M|61\/100\n|switch|p1b: Charizard|Charizard, M|100\/100\n|turn|7\n|c| cassinidivision|cassini hungry feed he drama\n|c|\u2606AutumnCookie|Leon is definitely battling. Really poorly now. He's definitely fucking himself up here because of how scared he is.\n|c| cassinidivision|GOOD. KEEP IT UP.\n|\n|t:|1695997241\n|move|p1b: Charizard|Dragon Pulse|p2b: Gigalith\n|-damage|p2b: Gigalith|42\/100\n|move|p2a: Turtonator|Dragon Pulse|p1a: Rhyperior\n|-damage|p1a: Rhyperior|58\/100\n|move|p2b: Gigalith|Rock Blast|p1b: Charizard\n|-supereffective|p1b: Charizard\n|-damage|p1b: Charizard|20\/100\n|-supereffective|p1b: Charizard\n|-damage|p1b: Charizard|0 fnt\n|faint|p1b: Charizard\n|-hitcount|p1: Charizard|2\n|move|p1a: Rhyperior|Earthquake|p2b: Gigalith|[spread] p2a,p2b\n|-supereffective|p2a: Turtonator\n|-supereffective|p2b: Gigalith\n|-crit|p2b: Gigalith\n|-damage|p2a: Turtonator|65\/100\n|-damage|p2b: Gigalith|0 fnt\n|faint|p2b: Gigalith\n|\n|-weather|Sandstorm|[upkeep]\n|-damage|p2a: Turtonator|59\/100|[from] Sandstorm\n|-heal|p2a: Turtonator|65\/100|[from] Grassy Terrain\n|-heal|p1a: Rhyperior|64\/100|[from] Grassy Terrain\n|upkeep\n|c| cassinidivision|SMILE.......\n|\n|t:|1695997263\n|switch|p1b: Aegislash|Aegislash, F|100\/100\n|switch|p2b: Flygon|Flygon, M|100\/100\n|turn|8\n|c|\u2606AutumnCookie|Actually no way to win now...\n|c| cassinidivision|>:)\n|\n|t:|1695997304\n|move|p1b: Aegislash|King's Shield|p1b: Aegislash\n|-singleturn|p1b: Aegislash|Protect\n|move|p2b: Flygon|Crunch|p1b: Aegislash\n|-activate|p1b: Aegislash|move: Protect\n|-unboost|p2b: Flygon|atk|1\n|move|p2a: Turtonator|Dragon Pulse|p1a: Rhyperior\n|-damage|p1a: Rhyperior|42\/100\n|move|p1a: Rhyperior|Avalanche|p2b: Flygon\n|-supereffective|p2b: Flygon\n|-enditem|p2b: Flygon|Focus Sash\n|-damage|p2b: Flygon|1\/100\n|\n|-weather|Sandstorm|[upkeep]\n|-damage|p2a: Turtonator|59\/100|[from] Sandstorm\n|-heal|p2a: Turtonator|65\/100|[from] Grassy Terrain\n|-heal|p1a: Rhyperior|48\/100|[from] Grassy Terrain\n|upkeep\n|turn|9\n|\n|t:|1695997349\n|-formechange|p1b: Aegislash|Aegislash-Blade||[from] ability: Stance Change\n|move|p1b: Aegislash|Shadow Sneak|p2a: Turtonator\n|-damage|p2a: Turtonator|47\/100\n|move|p2b: Flygon|Breaking Swipe|p1a: Rhyperior|[spread] p1a,p1b\n|-resisted|p1b: Aegislash\n|-damage|p1a: Rhyperior|40\/100\n|-damage|p1b: Aegislash|88\/100\n|-unboost|p1a: Rhyperior|atk|1\n|-unboost|p1b: Aegislash|atk|1\n|move|p2a: Turtonator|Fire Blast|p1b: Aegislash\n|-supereffective|p1b: Aegislash\n|-damage|p1b: Aegislash|0 fnt\n|faint|p1b: Aegislash\n|move|p1a: Rhyperior|Stone Edge|p2a: Turtonator\n|-supereffective|p2a: Turtonator\n|-damage|p2a: Turtonator|0 fnt\n|faint|p2a: Turtonator\n|\n|-weather|none\n|-heal|p1a: Rhyperior|46\/100|[from] Grassy Terrain\n|-fieldend|move: Grassy Terrain\n|upkeep\n|\n|t:|1695997366\n|switch|p2a: Goodra|Goodra, F|29\/100\n|turn|10\n|c| cassinidivision|please please raihan w please\n|\n|t:|1695997378\n|move|p2b: Flygon|Earthquake|p1a: Rhyperior|[spread] p2a,p1a\n|-supereffective|p1a: Rhyperior\n|-damage|p2a: Goodra|3\/100\n|-damage|p1a: Rhyperior|17\/100\n|move|p2a: Goodra|Life Dew|p2a: Goodra|[spread] p2a,p2b\n|-heal|p2a: Goodra|28\/100\n|-heal|p2b: Flygon|26\/100\n|move|p1a: Rhyperior|Earthquake|p2b: Flygon|[spread] p2a\n|-immune|p2b: Flygon|[from] ability: Levitate\n|-damage|p2a: Goodra|0 fnt\n|faint|p2a: Goodra\n|\n|upkeep\n|turn|11\n|c| cassinidivision|RAIHAN W PLEASEEEEEEEE\n|c|\u2606kpoc12|earfquake off\n|\n|t:|1695997399\n|move|p2b: Flygon|Earthquake|p1a: Rhyperior\n|-supereffective|p1a: Rhyperior\n|-damage|p1a: Rhyperior|0 fnt\n|faint|p1a: Rhyperior\n|\n|win|kpoc12\n|c| cassinidivision|EYSS\n|c| cassinidivision|YESSSSS\n|c| cassinidivision|HAAHAAHAHAHAHAHA\n","uploadtime":1695997408,"views":21,"p1id":"autumncookie","p2id":"kpoc12","formatid":"gen9nationaldexdoubles","rating":0,"private":0,"password":""}