{"id":"gen9nationaldexdoubles-1987046641","p1":"AdvancedDigit","p2":"sosussysofunny","format":"[Gen 9] National Dex Doubles","log":"|j|\u2606AdvancedDigit\n|j|\u203dsosussysofunny\n|t:|1699551716\n|gametype|doubles\n|player|p1|AdvancedDigit|101|1154\n|player|p2|sosussysofunny|scientistf|1014\n|teamsize|p1|6\n|teamsize|p2|6\n|gen|9\n|tier|[Gen 9] National Dex Doubles\n|rated|\n|rule|HP Percentage Mod: HP is shown in percentages\n|rule|Endless Battle Clause: Forcing endless battles is banned\n|rule|OHKO Clause: OHKO moves are banned\n|rule|Evasion Moves Clause: Evasion moves are banned\n|rule|Evasion Abilities Clause: Evasion abilities are banned\n|rule|Species Clause: Limit one of each Pok\u00e9mon\n|rule|Gravity Sleep Clause: The combination of sleep-inducing moves with imperfect accuracy and Gravity or Gigantamax Orbeetle are banned\n|clearpoke\n|poke|p1|Jirachi|\n|poke|p1|Tauros, M|\n|poke|p1|Mr. Mime, F|\n|poke|p1|Togekiss, M|\n|poke|p1|Maushold-Four|\n|poke|p1|Amoonguss, F|\n|poke|p2|Guzzlord|\n|poke|p2|Nihilego|\n|poke|p2|Buzzwole|\n|poke|p2|Pheromosa|\n|poke|p2|Blacephalon|\n|poke|p2|Celesteela|\n|teampreview\n|\n|t:|1699551729\n|start\n|switch|p1a: Tauros|Tauros, M|100\/100\n|switch|p1b: Mr. Mime|Mr. Mime, F|100\/100\n|switch|p2a: Nihilego|Nihilego, shiny|100\/100\n|switch|p2b: Buzzwole|Buzzwole, shiny|100\/100\n|turn|1\n|\n|t:|1699551754\n|move|p2a: Nihilego|Magic Coat|p2a: Nihilego\n|-singleturn|p2a: Nihilego|move: Magic Coat\n|move|p1b: Mr. Mime|Fake Out|p2b: Buzzwole\n|-damage|p2b: Buzzwole|97\/100\n|move|p1a: Tauros|Iron Head|p2a: Nihilego\n|-supereffective|p2a: Nihilego\n|-damage|p2a: Nihilego|0 fnt\n|faint|p2a: Nihilego\n|cant|p2b: Buzzwole|flinch\n|\n|-heal|p2b: Buzzwole|100\/100|[from] item: Leftovers\n|upkeep\n|\n|t:|1699551764\n|switch|p2a: Pheromosa|Pheromosa, shiny|100\/100\n|turn|2\n|\n|t:|1699551771\n|move|p1b: Mr. Mime|Follow Me|p1b: Mr. Mime\n|-singleturn|p1b: Mr. Mime|move: Follow Me\n|move|p2a: Pheromosa|Triple Axel|p1b: Mr. Mime\n|-damage|p1b: Mr. Mime|90\/100\n|-damage|p1b: Mr. Mime|68\/100\n|-damage|p1b: Mr. Mime|37\/100\n|-hitcount|p1b: Mr. Mime|3\n|move|p1a: Tauros|Rock Slide|p2a: Pheromosa|[spread] p2a,p2b\n|-damage|p2a: Pheromosa|8\/100\n|-damage|p2b: Buzzwole|83\/100\n|move|p2b: Buzzwole|Earthquake|p1b: Mr. Mime|[spread] p2a,p1a,p1b\n|-resisted|p2a: Pheromosa\n|-damage|p2a: Pheromosa|0 fnt\n|-damage|p1a: Tauros|66\/100\n|-damage|p1b: Mr. Mime|0 fnt\n|faint|p2a: Pheromosa\n|faint|p1b: Mr. Mime\n|-ability|p2b: Buzzwole|Beast Boost|boost\n|-boost|p2b: Buzzwole|atk|2\n|\n|-heal|p2b: Buzzwole|89\/100|[from] item: Leftovers\n|upkeep\n|\n|t:|1699551791\n|switch|p2a: Blacephalon|Blacephalon|100\/100\n|switch|p1b: Togekiss|Togekiss, M|100\/100\n|turn|3\n|\n|t:|1699551808\n|switch|p1a: Maushold|Maushold-Four|100\/100\n|move|p2a: Blacephalon|Flame Charge|p1a: Maushold\n|-damage|p1a: Maushold|74\/100\n|-boost|p2a: Blacephalon|spe|1\n|move|p1b: Togekiss|Tailwind|p1b: Togekiss\n|-sidestart|p1: AdvancedDigit|move: Tailwind\n|move|p2b: Buzzwole|Bulk Up|p2b: Buzzwole\n|-boost|p2b: Buzzwole|atk|1\n|-boost|p2b: Buzzwole|def|1\n|\n|-heal|p1a: Maushold|80\/100|[from] item: Leftovers\n|-heal|p2b: Buzzwole|95\/100|[from] item: Leftovers\n|upkeep\n|turn|4\n|\n|t:|1699551832\n|move|p1a: Maushold|Thunder Wave|p2a: Blacephalon\n|-status|p2a: Blacephalon|par\n|move|p1b: Togekiss|Air Slash|p2b: Buzzwole\n|-supereffective|p2b: Buzzwole\n|-damage|p2b: Buzzwole|0 fnt\n|faint|p2b: Buzzwole\n|move|p2a: Blacephalon|Stored Power|p1a: Maushold\n|-damage|p1a: Maushold|60\/100\n|\n|-heal|p1a: Maushold|66\/100|[from] item: Leftovers\n|upkeep\n|\n|t:|1699551842\n|switch|p2b: Celesteela|Celesteela, shiny|100\/100\n|turn|5\n|\n|t:|1699551855\n|switch|p1a: Tauros|Tauros, M|66\/100\n|move|p1b: Togekiss|Air Slash|p2a: Blacephalon\n|-crit|p2a: Blacephalon\n|-damage|p2a: Blacephalon|14\/100 par\n|move|p2a: Blacephalon|Shadow Ball|p1b: Togekiss\n|-damage|p1b: Togekiss|58\/100\n|-unboost|p1b: Togekiss|spd|1\n|move|p2b: Celesteela|Earthquake|p1b: Togekiss|[spread] p2a,p1a\n|-immune|p1b: Togekiss\n|-supereffective|p2a: Blacephalon\n|-damage|p2a: Blacephalon|0 fnt\n|-damage|p1a: Tauros|35\/100\n|faint|p2a: Blacephalon\n|-ability|p2b: Celesteela|Beast Boost|boost\n|-boost|p2b: Celesteela|atk|1\n|\n|-heal|p1b: Togekiss|64\/100|[from] item: Leftovers\n|upkeep\n|\n|t:|1699551872\n|switch|p2a: Guzzlord|Guzzlord, shiny|100\/100\n|turn|6\n|\n|t:|1699551887\n|move|p1a: Tauros|Body Slam|p2a: Guzzlord\n|-damage|p2a: Guzzlord|36\/100\n|move|p1b: Togekiss|Air Slash|p2b: Celesteela\n|-resisted|p2b: Celesteela\n|-damage|p2b: Celesteela|83\/100\n|move|p2b: Celesteela|Flame Charge|p1a: Tauros\n|-damage|p1a: Tauros|6\/100\n|-boost|p2b: Celesteela|spe|1\n|move|p2a: Guzzlord|Dragon Tail|p1b: Togekiss\n|-immune|p1b: Togekiss\n|\n|-heal|p1b: Togekiss|70\/100|[from] item: Leftovers\n|-heal|p2b: Celesteela|89\/100|[from] item: Leftovers\n|-heal|p2a: Guzzlord|42\/100|[from] item: Leftovers\n|-sideend|p1: AdvancedDigit|move: Tailwind\n|upkeep\n|turn|7\n|\n|t:|1699551920\n|switch|p1a: Maushold|Maushold-Four|66\/100\n|move|p2b: Celesteela|Flame Charge|p1a: Maushold\n|-damage|p1a: Maushold|32\/100\n|-boost|p2b: Celesteela|spe|1\n|move|p1b: Togekiss|Tailwind|p1b: Togekiss\n|-sidestart|p1: AdvancedDigit|move: Tailwind\n|move|p2a: Guzzlord|Drain Punch|p1b: Togekiss\n|-resisted|p1b: Togekiss\n|-damage|p1b: Togekiss|65\/100\n|-heal|p2a: Guzzlord|44\/100|[from] drain|[of] p1b: Togekiss\n|\n|-heal|p1a: Maushold|38\/100|[from] item: Leftovers\n|-heal|p1b: Togekiss|72\/100|[from] item: Leftovers\n|-heal|p2b: Celesteela|95\/100|[from] item: Leftovers\n|-heal|p2a: Guzzlord|50\/100|[from] item: Leftovers\n|upkeep\n|turn|8\n|l|\u203dsosussysofunny\n|player|p2|\n|inactive|Battle timer is ON: inactive players will automatically lose when time's up. (requested by AdvancedDigit)\n|j|\u203dsosussysofunny\n|inactive|sosussysofunny reconnected and has 130 seconds left.\n|player|p2|sosussysofunny|scientistf\n|n|\u203dsosussysofunny|sosussysofunny\n|inactive|sosussysofunny has 120 seconds left.\n|\n|t:|1699551985\n|move|p1a: Maushold|Thunder Wave|p2b: Celesteela\n|-status|p2b: Celesteela|par\n|move|p1b: Togekiss|Dazzling Gleam|p2a: Guzzlord|[spread] p2a,p2b\n|-supereffective|p2a: Guzzlord\n|-resisted|p2b: Celesteela\n|-damage|p2a: Guzzlord|0 fnt\n|-damage|p2b: Celesteela|81\/100 par\n|faint|p2a: Guzzlord\n|move|p2b: Celesteela|Flame Charge|p1b: Togekiss\n|-damage|p1b: Togekiss|53\/100\n|-boost|p2b: Celesteela|spe|1\n|\n|-heal|p1a: Maushold|44\/100|[from] item: Leftovers\n|-heal|p1b: Togekiss|59\/100|[from] item: Leftovers\n|-heal|p2b: Celesteela|87\/100 par|[from] item: Leftovers\n|upkeep\n|turn|9\n|l|\u203dsosussysofunny\n|inactive|sosussysofunny disconnected and has a minute to reconnect!\n|player|p2|\n|j|\u203dsosussysofunny\n|inactive|sosussysofunny reconnected and has 135 seconds left.\n|player|p2|sosussysofunny|scientistf\n|n|\u203dsosussysofunny|sosussysofunny\n|\n|t:|1699552011\n|switch|p1a: Jirachi|Jirachi|100\/100\n|move|p1b: Togekiss|Air Slash|p2b: Celesteela\n|-resisted|p2b: Celesteela\n|-damage|p2b: Celesteela|69\/100 par\n|cant|p2b: Celesteela|flinch\n|\n|-heal|p1b: Togekiss|65\/100|[from] item: Leftovers\n|-heal|p2b: Celesteela|75\/100 par|[from] item: Leftovers\n|upkeep\n|turn|10\n|\n|t:|1699552023\n|move|p1a: Jirachi|Iron Head|p2b: Celesteela\n|-resisted|p2b: Celesteela\n|-damage|p2b: Celesteela|56\/100 par\n|move|p1b: Togekiss|Air Slash|p2b: Celesteela\n|-resisted|p2b: Celesteela\n|-damage|p2b: Celesteela|39\/100 par\n|cant|p2b: Celesteela|flinch\n|\n|-heal|p1b: Togekiss|71\/100|[from] item: Leftovers\n|-heal|p2b: Celesteela|45\/100 par|[from] item: Leftovers\n|-sideend|p1: AdvancedDigit|move: Tailwind\n|upkeep\n|turn|11\n|\n|t:|1699552035\n|move|p1a: Jirachi|Iron Head|p2b: Celesteela\n|-resisted|p2b: Celesteela\n|-damage|p2b: Celesteela|28\/100 par\n|move|p1b: Togekiss|Air Slash|p2b: Celesteela\n|-resisted|p2b: Celesteela\n|-crit|p2b: Celesteela\n|-damage|p2b: Celesteela|2\/100 par\n|cant|p2b: Celesteela|flinch\n|\n|-heal|p1b: Togekiss|77\/100|[from] item: Leftovers\n|-heal|p2b: Celesteela|8\/100 par|[from] item: Leftovers\n|upkeep\n|turn|12\n|-message|sosussysofunny forfeited.\n|\n|win|AdvancedDigit\n|raw|AdvancedDigit's rating: 1154 &rarr; <strong>1169<\/strong><br \/>(+15 for winning)\n|raw|sosussysofunny's rating: 1014 &rarr; <strong>1007<\/strong><br \/>(-7 for losing)\n|l|\u203dsosussysofunny\n","uploadtime":1699552056,"views":5,"p1id":"advanceddigit","p2id":"sosussysofunny","formatid":"gen9nationaldexdoubles","rating":1007,"private":0,"password":""}