{"id":"gen9nationaldexdoubles-1961839441","p1":"Stonny","p2":"StonedRed","format":"[Gen 9] National Dex Doubles","log":"|j|\u2606Stonny\n|j|\u2606StonedRed\n|t:|1696678620\n|gametype|doubles\n|player|p1|Stonny|acetrainer-gen4dp|1174\n|player|p2|StonedRed|170|1032\n|teamsize|p1|6\n|teamsize|p2|6\n|gen|9\n|tier|[Gen 9] National Dex Doubles\n|rated|\n|rule|HP Percentage Mod: HP is shown in percentages\n|rule|Endless Battle Clause: Forcing endless battles is banned\n|rule|OHKO Clause: OHKO moves are banned\n|rule|Evasion Moves Clause: Evasion moves are banned\n|rule|Evasion Abilities Clause: Evasion abilities are banned\n|rule|Species Clause: Limit one of each Pok\u00e9mon\n|rule|Gravity Sleep Clause: The combination of sleep-inducing moves with imperfect accuracy and Gravity or Gigantamax Orbeetle are banned\n|clearpoke\n|poke|p1|Swampert, M|\n|poke|p1|Kommo-o, M|\n|poke|p1|Scream Tail|\n|poke|p1|Politoed, M|\n|poke|p1|Gothitelle, M|\n|poke|p1|Amoonguss, M|\n|poke|p2|Mienshao, M|\n|poke|p2|Grimmsnarl, M|\n|poke|p2|Ditto|\n|poke|p2|Malamar, F|\n|poke|p2|Golduck, F|\n|poke|p2|Kommo-o, M|\n|teampreview\n|inactive|Battle timer is ON: inactive players will automatically lose when time's up. (requested by StonedRed)\n|inactive|Stonny also wants the timer to be on.\n|\n|t:|1696678645\n|start\n|switch|p1a: Scream Tail|Scream Tail|100\/100\n|switch|p1b: Gothitelle|Gothitelle, M|100\/100\n|switch|p2a: Grimmsnarl|Grimmsnarl, M|100\/100\n|switch|p2b: Mienshao|Mienshao, M|100\/100\n|-enditem|p1a: Scream Tail|Booster Energy\n|-activate|p1a: Scream Tail|ability: Protosynthesis|[fromitem]\n|-start|p1a: Scream Tail|protosynthesisspe\n|turn|1\n|\n|t:|1696678662\n|move|p2b: Mienshao|Fake Out|p1a: Scream Tail\n|-enditem|p2b: Mienshao|Normal Gem|[from] gem\n|-damage|p1a: Scream Tail|88\/100\n|move|p1b: Gothitelle|Fake Out|p2a: Grimmsnarl\n|-damage|p2a: Grimmsnarl|94\/100\n|cant|p2a: Grimmsnarl|flinch\n|cant|p1a: Scream Tail|flinch\n|\n|upkeep\n|turn|2\n|\n|t:|1696678683\n|move|p2a: Grimmsnarl|Light Screen|p2a: Grimmsnarl\n|-sidestart|p2: StonedRed|move: Light Screen\n|move|p1a: Scream Tail|Encore|p2b: Mienshao\n|-start|p2b: Mienshao|Encore\n|move|p2b: Mienshao|Fake Out||[still]\n|-hint|Fake Out only works on your first turn out.\n|-fail|p2b: Mienshao\n|move|p1b: Gothitelle|Reflect|p1b: Gothitelle\n|-sidestart|p1: Stonny|Reflect\n|\n|upkeep\n|turn|3\n|inactive|Stonny has 120 seconds left.\n|\n|t:|1696678716\n|move|p2b: Mienshao|Fake Out||[still]\n|-hint|Fake Out only works on your first turn out.\n|-fail|p2b: Mienshao\n|move|p2a: Grimmsnarl|Taunt|p1a: Scream Tail\n|-start|p1a: Scream Tail|move: Taunt\n|cant|p1a: Scream Tail|move: Taunt|Encore\n|move|p1b: Gothitelle|Psychic|p2b: Mienshao\n|-supereffective|p2b: Mienshao\n|-damage|p2b: Mienshao|25\/100\n|\n|upkeep\n|turn|4\n|\n|t:|1696678737\n|-end|p1a: Scream Tail|Protosynthesis|[silent]\n|switch|p1a: Swampert|Swampert, M|100\/100\n|move|p2b: Mienshao|Fake Out||[still]\n|-hint|Fake Out only works on your first turn out.\n|-fail|p2b: Mienshao\n|move|p2a: Grimmsnarl|Parting Shot|p1b: Gothitelle\n|-unboost|p1b: Gothitelle|atk|1\n|-unboost|p1b: Gothitelle|spa|1\n|\n|t:|1696678743\n|switch|p2a: Ditto|Ditto, shiny|100\/100|[from] Parting Shot\n|move|p1b: Gothitelle|Psychic|p2b: Mienshao\n|-supereffective|p2b: Mienshao\n|-damage|p2b: Mienshao|0 fnt\n|faint|p2b: Mienshao\n|\n|upkeep\n|\n|t:|1696678749\n|switch|p2b: Grimmsnarl|Grimmsnarl, M|94\/100\n|turn|5\n|\n|t:|1696678763\n|switch|p1b: Politoed|Politoed, M|100\/100\n|-weather|RainDance|[from] ability: Drizzle|[of] p1b: Politoed\n|detailschange|p1a: Swampert|Swampert-Mega, M\n|-mega|p1a: Swampert|Swampert|Swampertite\n|move|p2b: Grimmsnarl|Reflect|p2b: Grimmsnarl\n|-sidestart|p2: StonedRed|Reflect\n|move|p1a: Swampert|Waterfall|p2b: Grimmsnarl\n|-damage|p2b: Grimmsnarl|37\/100\n|move|p2a: Ditto|Transform|p1a: Swampert\n|-transform|p2a: Ditto|p1a: Swampert\n|\n|-weather|RainDance|[upkeep]\n|upkeep\n|turn|6\n|inactive|Stonny has 120 seconds left.\n|\n|t:|1696678804\n|switch|p1b: Amoonguss|Amoonguss, M|100\/100\n|move|p2a: Ditto|Protect|p2a: Ditto\n|-singleturn|p2a: Ditto|Protect\n|move|p2b: Grimmsnarl|Taunt|p1b: Amoonguss\n|-start|p1b: Amoonguss|move: Taunt\n|move|p1a: Swampert|Waterfall|p2b: Grimmsnarl\n|-damage|p2b: Grimmsnarl|0 fnt\n|faint|p2b: Grimmsnarl\n|\n|-weather|RainDance|[upkeep]\n|-sideend|p1: Stonny|Reflect\n|upkeep\n|\n|t:|1696678814\n|switch|p2b: Malamar|Malamar, F|100\/100\n|turn|7\n|inactive|Stonny has 120 seconds left.\n|\n|t:|1696678835\n|switch|p1b: Scream Tail|Scream Tail|88\/100\n|move|p2a: Ditto|High Horsepower|p1a: Swampert\n|-damage|p1a: Swampert|50\/100\n|move|p1a: Swampert|Waterfall|p2a: Ditto\n|-crit|p2a: Ditto\n|-damage|p2a: Ditto|0 fnt\n|faint|p2a: Ditto\n|move|p2b: Malamar|Psycho Cut|p1b: Scream Tail\n|-resisted|p1b: Scream Tail\n|-damage|p1b: Scream Tail|75\/100\n|\n|-weather|RainDance|[upkeep]\n|upkeep\n|\n|t:|1696678852\n|switch|p2a: Kommo-o|Kommo-o, M, shiny|100\/100\n|turn|8\n|-message|StonedRed forfeited.\n|\n|win|Stonny\n|raw|Stonny's rating: 1174 &rarr; <strong>1189<\/strong><br \/>(+15 for winning)\n|raw|StonedRed's rating: 1032 &rarr; <strong>1023<\/strong><br \/>(-9 for losing)\n|l|\u2606StonedRed\n","uploadtime":1696678864,"views":12,"p1id":"stonny","p2id":"stonedred","formatid":"gen9nationaldexdoubles","rating":1023,"private":0,"password":""}