{"id":"gen9nationaldexdoubles-1970828649","p1":"Lord Highkage","p2":"cyndaquilrockz","format":"[Gen 9] National Dex Doubles","log":"|j|\u2606Lord Highkage\n|j|\u2606cyndaquilrockz\n|t:|1697671323\n|gametype|doubles\n|player|p1|Lord Highkage|101|\n|player|p2|cyndaquilrockz|pokemonranger-gen4|\n|teamsize|p1|6\n|teamsize|p2|6\n|gen|9\n|tier|[Gen 9] National Dex Doubles\n|rule|HP Percentage Mod: HP is shown in percentages\n|rule|Endless Battle Clause: Forcing endless battles is banned\n|rule|OHKO Clause: OHKO moves are banned\n|rule|Evasion Moves Clause: Evasion moves are banned\n|rule|Evasion Abilities Clause: Evasion abilities are banned\n|rule|Species Clause: Limit one of each Pok\u00e9mon\n|rule|Gravity Sleep Clause: The combination of sleep-inducing moves with imperfect accuracy and Gravity or Gigantamax Orbeetle are banned\n|clearpoke\n|poke|p1|Pachirisu, M|\n|poke|p1|Hydreigon, F|\n|poke|p1|Diancie|\n|poke|p1|Weavile, M|\n|poke|p1|Jirachi|\n|poke|p1|Torterra, M|\n|poke|p2|Pincurchin, M|\n|poke|p2|Iron Leaves|\n|poke|p2|Iron Bundle|\n|poke|p2|Ribombee, F|\n|poke|p2|Slowking-Galar, F|\n|poke|p2|Clefable, M|\n|teampreview\n|\n|t:|1697671349\n|start\n|switch|p1a: Pachirisu|Pachirisu, M|100\/100\n|switch|p1b: Torterra|Torterra, M|100\/100\n|switch|p2a: La Creatura|Pincurchin, M|100\/100\n|switch|p2b: Slowking|Slowking-Galar, F|100\/100\n|-fieldstart|move: Electric Terrain|[from] ability: Electric Surge|[of] p2a: La Creatura\n|turn|1\n|\n|t:|1697671375\n|move|p1a: Pachirisu|Follow Me|p1a: Pachirisu\n|-singleturn|p1a: Pachirisu|move: Follow Me\n|move|p2a: La Creatura|Sucker Punch||[still]\n|-fail|p2a: La Creatura\n|move|p1b: Torterra|Grassy Terrain|p1b: Torterra\n|-fieldstart|move: Grassy Terrain\n|move|p2b: Slowking|Chilly Reception|p2b: Slowking\n|-weather|Snow\n|\n|t:|1697671383\n|switch|p2b: Iron Bundle|Iron Bundle|100\/100|[from] Chilly Reception\n|\n|-weather|Snow|[upkeep]\n|upkeep\n|turn|2\n|\n|t:|1697671401\n|switch|p2a: Clefable|Clefable, M|100\/100\n|move|p2b: Iron Bundle|Protect|p2b: Iron Bundle\n|-singleturn|p2b: Iron Bundle|Protect\n|move|p1a: Pachirisu|Follow Me|p1a: Pachirisu\n|-singleturn|p1a: Pachirisu|move: Follow Me\n|move|p1b: Torterra|Grassy Glide|p2b: Iron Bundle\n|-activate|p2b: Iron Bundle|move: Protect\n|\n|-weather|Snow|[upkeep]\n|upkeep\n|turn|3\n|\n|t:|1697671437\n|move|p2a: Clefable|Follow Me|p2a: Clefable\n|-singleturn|p2a: Clefable|move: Follow Me\n|move|p1b: Torterra|Grassy Glide|p2a: Clefable\n|-damage|p2a: Clefable|62\/100\n|-damage|p1b: Torterra|84\/100|[from] item: Rocky Helmet|[of] p2a: Clefable\n|move|p2b: Iron Bundle|Hydro Pump|p1a: Pachirisu\n|-damage|p1a: Pachirisu|26\/100\n|move|p1a: Pachirisu|Thunderbolt|p2a: Clefable\n|-damage|p2a: Clefable|48\/100\n|\n|-weather|Snow|[upkeep]\n|-heal|p1a: Pachirisu|33\/100|[from] Grassy Terrain\n|-heal|p1a: Pachirisu|39\/100|[from] item: Leftovers\n|-heal|p2a: Clefable|55\/100|[from] Grassy Terrain\n|-heal|p1b: Torterra|90\/100|[from] Grassy Terrain\n|upkeep\n|turn|4\n|\n|t:|1697671466\n|switch|p2a: La Creatura|Pincurchin, M|100\/100\n|-fieldstart|move: Electric Terrain|[from] ability: Electric Surge|[of] p2a: La Creatura\n|-activate|p2b: Iron Bundle|ability: Quark Drive\n|-start|p2b: Iron Bundle|quarkdrivespe\n|move|p1a: Pachirisu|Protect|p1a: Pachirisu\n|-singleturn|p1a: Pachirisu|Protect\n|move|p2b: Iron Bundle|Ice Beam|p1b: Torterra\n|-supereffective|p1b: Torterra\n|-damage|p1b: Torterra|0 fnt\n|faint|p1b: Torterra\n|\n|-weather|Snow|[upkeep]\n|-heal|p1a: Pachirisu|45\/100|[from] item: Leftovers\n|upkeep\n|\n|t:|1697671487\n|switch|p1b: Diancie|Diancie|100\/100\n|turn|5\n|\n|t:|1697671500\n|move|p2b: Iron Bundle|Protect|p2b: Iron Bundle\n|-singleturn|p2b: Iron Bundle|Protect\n|move|p1a: Pachirisu|Follow Me|p1a: Pachirisu\n|-singleturn|p1a: Pachirisu|move: Follow Me\n|move|p1b: Diancie|Light Screen|p1b: Diancie\n|-sidestart|p1: Lord Highkage|move: Light Screen\n|move|p2a: La Creatura|Liquidation|p1a: Pachirisu\n|-damage|p1a: Pachirisu|2\/100\n|\n|-weather|none\n|-heal|p1a: Pachirisu|8\/100|[from] item: Leftovers\n|upkeep\n|turn|6\n|\n|t:|1697671534\n|move|p2b: Iron Bundle|Flip Turn|p1b: Diancie\n|-supereffective|p1b: Diancie\n|-damage|p1b: Diancie|73\/100\n|\n|t:|1697671541\n|-end|p2b: Iron Bundle|Quark Drive|[silent]\n|switch|p2b: Slowking|Slowking-Galar, F|100\/100|[from] Flip Turn\n|move|p1a: Pachirisu|Thunderbolt|p2b: Slowking\n|-damage|p2b: Slowking|85\/100\n|-status|p2b: Slowking|par\n|move|p1b: Diancie|Rock Slide|p2a: La Creatura|[spread] p2a,p2b\n|-damage|p2a: La Creatura|75\/100\n|-damage|p2b: Slowking|65\/100 par\n|move|p2a: La Creatura|Liquidation|p1a: Pachirisu\n|-damage|p1a: Pachirisu|0 fnt\n|faint|p1a: Pachirisu\n|\n|-heal|p2b: Slowking|71\/100 par|[from] item: Leftovers\n|upkeep\n|\n|t:|1697671555\n|switch|p1a: Hydreigon|Hydreigon, F|100\/100\n|turn|7\n|\n|t:|1697671579\n|move|p1a: Hydreigon|Earth Power|p2a: La Creatura\n|-supereffective|p2a: La Creatura\n|-damage|p2a: La Creatura|0 fnt\n|faint|p2a: La Creatura\n|move|p1b: Diancie|Rock Slide|p2b: Slowking\n|-damage|p2b: Slowking|44\/100 par\n|move|p2b: Slowking|Chilly Reception|p2b: Slowking\n|-weather|Snow\n|\n|t:|1697671583\n|switch|p2b: Iron Bundle|Iron Bundle|100\/100|[from] Chilly Reception\n|-activate|p2b: Iron Bundle|ability: Quark Drive\n|-start|p2b: Iron Bundle|quarkdrivespe\n|\n|-weather|Snow|[upkeep]\n|upkeep\n|\n|t:|1697671599\n|switch|p2a: Iron Leaves|Iron Leaves|100\/100\n|-activate|p2a: Iron Leaves|ability: Quark Drive\n|-start|p2a: Iron Leaves|quarkdriveatk\n|turn|8\n|\n|t:|1697671615\n|switch|p1a: Jirachi|Jirachi|100\/100\n|move|p2b: Iron Bundle|Ice Beam|p1a: Jirachi\n|-resisted|p1a: Jirachi\n|-damage|p1a: Jirachi|92\/100\n|move|p2a: Iron Leaves|Leaf Blade|p1b: Diancie\n|-supereffective|p1b: Diancie\n|-damage|p1b: Diancie|0 fnt\n|faint|p1b: Diancie\n|\n|-weather|Snow|[upkeep]\n|-heal|p1a: Jirachi|98\/100|[from] item: Leftovers\n|upkeep\n|\n|t:|1697671629\n|switch|p1b: Hydreigon|Hydreigon, F|100\/100\n|turn|9\n|\n|t:|1697671643\n|move|p2b: Iron Bundle|Ice Beam|p1b: Hydreigon\n|-supereffective|p1b: Hydreigon\n|-damage|p1b: Hydreigon|30\/100\n|-status|p1b: Hydreigon|frz\n|-curestatus|p1b: Hydreigon|frz|[msg]\n|move|p1b: Hydreigon|Focus Blast|p2b: Iron Bundle|[miss]\n|-miss|p1b: Hydreigon|p2b: Iron Bundle\n|move|p2a: Iron Leaves|Close Combat|p1a: Jirachi\n|-damage|p1a: Jirachi|44\/100\n|-unboost|p2a: Iron Leaves|def|1\n|-unboost|p2a: Iron Leaves|spd|1\n|move|p1a: Jirachi|U-turn|p2a: Iron Leaves\n|-supereffective|p2a: Iron Leaves\n|-damage|p2a: Iron Leaves|0 fnt\n|faint|p2a: Iron Leaves\n|-end|p2a: Iron Leaves|Quark Drive|[silent]\n|\n|t:|1697671658\n|switch|p1a: Weavile|Weavile, M|100\/100|[from] U-turn\n|-ability|p1a: Weavile|Pressure\n|\n|-weather|Snow|[upkeep]\n|-sideend|p1: Lord Highkage|move: Light Screen\n|upkeep\n|\n|t:|1697671660\n|switch|p2a: Clefable|Clefable, M|55\/100\n|turn|10\n|\n|t:|1697671701\n|move|p1a: Weavile|Fake Out|p2b: Iron Bundle\n|-damage|p2b: Iron Bundle|89\/100\n|cant|p2b: Iron Bundle|flinch\n|move|p1b: Hydreigon|Focus Blast|p2b: Iron Bundle|[miss]\n|-miss|p1b: Hydreigon|p2b: Iron Bundle\n|move|p2a: Clefable|Soft-Boiled|p2a: Clefable\n|-heal|p2a: Clefable|100\/100\n|\n|-weather|Snow|[upkeep]\n|upkeep\n|turn|11\n|\n|t:|1697671724\n|move|p2b: Iron Bundle|Hydro Pump|p1a: Weavile\n|-damage|p1a: Weavile|18\/100\n|move|p1b: Hydreigon|Focus Blast|p2b: Iron Bundle\n|-supereffective|p2b: Iron Bundle\n|-damage|p2b: Iron Bundle|0 fnt\n|faint|p2b: Iron Bundle\n|-end|p2b: Iron Bundle|Quark Drive|[silent]\n|move|p1a: Weavile|Knock Off|p2a: Clefable\n|-resisted|p2a: Clefable\n|-damage|p2a: Clefable|75\/100\n|-damage|p1a: Weavile|2\/100|[from] item: Rocky Helmet|[of] p2a: Clefable\n|-enditem|p2a: Clefable|Rocky Helmet|[from] move: Knock Off|[of] p1a: Weavile\n|move|p2a: Clefable|Knock Off|p1b: Hydreigon\n|-resisted|p1b: Hydreigon\n|-damage|p1b: Hydreigon|23\/100\n|-enditem|p1b: Hydreigon|Choice Scarf|[from] move: Knock Off|[of] p2a: Clefable\n|\n|-weather|none\n|-fieldend|move: Electric Terrain\n|upkeep\n|\n|t:|1697671728\n|switch|p2b: Ribombee|Ribombee, F|100\/100\n|turn|12\n|\n|t:|1697671758\n|move|p2a: Clefable|Follow Me|p2a: Clefable\n|-singleturn|p2a: Clefable|move: Follow Me\n|move|p1a: Weavile|Icicle Crash|p2a: Clefable\n|-damage|p2a: Clefable|26\/100\n|move|p2b: Ribombee|Pollen Puff|p1b: Hydreigon\n|-supereffective|p1b: Hydreigon\n|-damage|p1b: Hydreigon|0 fnt\n|faint|p1b: Hydreigon\n|\n|upkeep\n|\n|t:|1697671767\n|switch|p1b: Jirachi|Jirachi|44\/100\n|turn|13\n|\n|t:|1697671811\n|move|p2a: Clefable|Follow Me|p2a: Clefable\n|-singleturn|p2a: Clefable|move: Follow Me\n|move|p1a: Weavile|Icicle Crash|p2a: Clefable\n|-damage|p2a: Clefable|0 fnt\n|faint|p2a: Clefable\n|move|p2b: Ribombee|Pollen Puff|p1b: Jirachi\n|-damage|p1b: Jirachi|27\/100\n|move|p1b: Jirachi|Life Dew|p1b: Jirachi|[spread] p1a,p1b\n|-heal|p1a: Weavile|27\/100\n|-heal|p1b: Jirachi|52\/100\n|\n|-heal|p1b: Jirachi|58\/100|[from] item: Leftovers\n|upkeep\n|\n|t:|1697671820\n|switch|p2a: Slowking|Slowking-Galar, F|78\/100 par\n|turn|14\n|\n|t:|1697671841\n|move|p2b: Ribombee|Protect|p2b: Ribombee\n|-singleturn|p2b: Ribombee|Protect\n|move|p1a: Weavile|Icicle Crash|p2b: Ribombee\n|-activate|p2b: Ribombee|move: Protect\n|move|p1b: Jirachi|Life Dew|p1b: Jirachi|[spread] p1a,p1b\n|-heal|p1a: Weavile|52\/100\n|-heal|p1b: Jirachi|83\/100\n|move|p2a: Slowking|Sludge Bomb|p1a: Weavile\n|-damage|p1a: Weavile|8\/100\n|\n|-heal|p1b: Jirachi|90\/100|[from] item: Leftovers\n|-heal|p2a: Slowking|84\/100 par|[from] item: Leftovers\n|upkeep\n|turn|15\n|\n|t:|1697671864\n|move|p1a: Weavile|Icicle Crash|p2b: Ribombee\n|-damage|p2b: Ribombee|30\/100\n|move|p2b: Ribombee|Pollen Puff|p1a: Weavile\n|-supereffective|p1a: Weavile\n|-damage|p1a: Weavile|0 fnt\n|faint|p1a: Weavile\n|move|p1b: Jirachi|Cosmic Power|p1b: Jirachi\n|-boost|p1b: Jirachi|def|1\n|-boost|p1b: Jirachi|spd|1\n|move|p2a: Slowking|Heal Pulse|p2b: Ribombee\n|-heal|p2b: Ribombee|80\/100\n|\n|-heal|p1b: Jirachi|96\/100|[from] item: Leftovers\n|-heal|p2a: Slowking|90\/100 par|[from] item: Leftovers\n|upkeep\n|turn|16\n|\n|t:|1697671886\n|move|p2b: Ribombee|Pollen Puff|p1b: Jirachi\n|-damage|p1b: Jirachi|83\/100\n|move|p1b: Jirachi|Cosmic Power|p1b: Jirachi\n|-boost|p1b: Jirachi|def|1\n|-boost|p1b: Jirachi|spd|1\n|move|p2a: Slowking|Sludge Bomb|p1b: Jirachi\n|-immune|p1b: Jirachi\n|\n|-heal|p1b: Jirachi|89\/100|[from] item: Leftovers\n|-heal|p2a: Slowking|96\/100 par|[from] item: Leftovers\n|upkeep\n|turn|17\n|\n|t:|1697671912\n|move|p2b: Ribombee|Pollen Puff|p1b: Jirachi\n|-damage|p1b: Jirachi|80\/100\n|move|p1b: Jirachi|Iron Head|p2b: Ribombee\n|-supereffective|p2b: Ribombee\n|-damage|p2b: Ribombee|0 fnt\n|faint|p2b: Ribombee\n|move|p2a: Slowking|Heal Pulse|p2: Ribombee|[notarget]\n|-fail|p2a: Slowking\n|\n|-heal|p1b: Jirachi|86\/100|[from] item: Leftovers\n|-heal|p2a: Slowking|100\/100 par|[from] item: Leftovers\n|upkeep\n|turn|18\n|-message|cyndaquilrockz forfeited.\n|\n|win|Lord Highkage\n|l|\u2606cyndaquilrockz\n","uploadtime":1697671934,"views":8,"p1id":"lordhighkage","p2id":"cyndaquilrockz","formatid":"gen9nationaldexdoubles","rating":0,"private":0,"password":""}