{"id":"gen9nationaldexdoubles-1968126385","p1":"Marlene 420","p2":"yyyyghgyghgygh","format":"[Gen 9] National Dex Doubles","log":"|j|\u2606Marlene 420\n|j|\u2606yyyyghgyghgygh\n|t:|1697386959\n|gametype|doubles\n|player|p1|Marlene 420|cheryl|1277\n|player|p2|yyyyghgyghgygh|drayden|1126\n|teamsize|p1|6\n|teamsize|p2|6\n|gen|9\n|tier|[Gen 9] National Dex Doubles\n|rated|\n|rule|HP Percentage Mod: HP is shown in percentages\n|rule|Endless Battle Clause: Forcing endless battles is banned\n|rule|OHKO Clause: OHKO moves are banned\n|rule|Evasion Moves Clause: Evasion moves are banned\n|rule|Evasion Abilities Clause: Evasion abilities are banned\n|rule|Species Clause: Limit one of each Pok\u00e9mon\n|rule|Gravity Sleep Clause: The combination of sleep-inducing moves with imperfect accuracy and Gravity or Gigantamax Orbeetle are banned\n|clearpoke\n|poke|p1|Gardevoir, F|\n|poke|p1|Pheromosa|\n|poke|p1|Lopunny, F|\n|poke|p1|Hatterene, F|\n|poke|p1|Meloetta|\n|poke|p1|Diancie|\n|poke|p2|Drampa, F|\n|poke|p2|Roserade, M|\n|poke|p2|Primarina, M|\n|poke|p2|Marowak-Alola, M|\n|poke|p2|Crawdaunt, M|\n|poke|p2|Pelipper, F|\n|teampreview\n|inactive|Battle timer is ON: inactive players will automatically lose when time's up. (requested by yyyyghgyghgygh)\n|\n|t:|1697386966\n|start\n|switch|p1a: Lola|Lopunny, F, shiny|100\/100\n|switch|p1b: Melody|Meloetta|100\/100\n|switch|p2a: Pelipper|Pelipper, F|100\/100\n|switch|p2b: Primarina|Primarina, M|100\/100\n|-weather|RainDance|[from] ability: Drizzle|[of] p2a: Pelipper\n|turn|1\n|\n|t:|1697386993\n|detailschange|p1a: Lola|Lopunny-Mega, F, shiny\n|-mega|p1a: Lola|Lopunny|Lopunnite\n|move|p2b: Primarina|Protect|p2b: Primarina\n|-singleturn|p2b: Primarina|Protect\n|move|p1a: Lola|Fake Out|p2b: Primarina\n|-activate|p2b: Primarina|move: Protect\n|move|p1b: Melody|Relic Song|p2a: Pelipper|[spread] p2a\n|-activate|p2b: Primarina|move: Protect\n|-damage|p2a: Pelipper|72\/100\n|-formechange|p1b: Melody|Meloetta-Pirouette|[msg]\n|move|p2a: Pelipper|Tailwind|p2a: Pelipper\n|-sidestart|p2: yyyyghgyghgygh|move: Tailwind\n|\n|-weather|RainDance|[upkeep]\n|upkeep\n|turn|2\n|inactive|Marlene 420 has 120 seconds left.\n|\n|t:|1697387037\n|switch|p1a: Katherine|Hatterene, F|100\/100\n|switch|p1b: Gardenia|Gardevoir, F|100\/100\n|-ability|p1b: Gardenia|Drizzle|[from] ability: Trace|[of] p2a: Pelipper\n|move|p2a: Pelipper|Hurricane|p1a: Katherine\n|-damage|p1a: Katherine|73\/100\n|move|p2b: Primarina|Hyper Voice|p1a: Katherine|[spread] p1a,p1b\n|-crit|p1a: Katherine\n|-damage|p1a: Katherine|9\/100\n|-damage|p1b: Gardenia|44\/100\n|-enditem|p2b: Primarina|Throat Spray\n|-boost|p2b: Primarina|spa|1|[from] item: Throat Spray\n|\n|-weather|RainDance|[upkeep]\n|-heal|p1a: Katherine|15\/100|[from] item: Leftovers\n|upkeep\n|turn|3\n|inactive|Marlene 420 has 120 seconds left.\n|\n|t:|1697387070\n|move|p1b: Gardenia|Thunderbolt|p2a: Pelipper\n|-supereffective|p2a: Pelipper\n|-damage|p2a: Pelipper|0 fnt\n|faint|p2a: Pelipper\n|move|p2b: Primarina|Hyper Voice|p1a: Katherine|[spread] p1a,p1b\n|-damage|p1a: Katherine|0 fnt\n|-damage|p1b: Gardenia|0 fnt\n|faint|p1a: Katherine\n|faint|p1b: Gardenia\n|\n|-weather|RainDance|[upkeep]\n|upkeep\n|inactive|Marlene 420 has 120 seconds left.\n|\n|t:|1697387097\n|switch|p1b: Melody|Meloetta|100\/100\n|switch|p2a: Crawdaunt|Crawdaunt, M|100\/100\n|switch|p1a: Phersefone|Pheromosa, shiny|100\/100\n|turn|4\n|inactive|Marlene 420 has 120 seconds left.\n|\n|t:|1697387115\n|-terastallize|p2a: Crawdaunt|Water\n|move|p2a: Crawdaunt|Aqua Jet|p1a: Phersefone\n|-damage|p1a: Phersefone|0 fnt\n|faint|p1a: Phersefone\n|move|p2b: Primarina|Hyper Voice|p1b: Melody\n|-damage|p1b: Melody|4\/100\n|move|p1b: Melody|Relic Song|p2a: Crawdaunt|[spread] p2a,p2b\n|-damage|p2a: Crawdaunt|62\/100\n|-damage|p2b: Primarina|83\/100\n|-status|p2b: Primarina|slp|[from] move: Relic Song\n|-formechange|p1b: Melody|Meloetta-Pirouette|[msg]\n|\n|-weather|RainDance|[upkeep]\n|-sideend|p2: yyyyghgyghgygh|move: Tailwind\n|upkeep\n|\n|t:|1697387138\n|switch|p1a: Lola|Lopunny-Mega, F, shiny|100\/100\n|turn|5\n|inactive|Marlene 420 has 120 seconds left.\n|\n|t:|1697387150\n|move|p2a: Crawdaunt|Aqua Jet|p1a: Lola\n|-damage|p1a: Lola|20\/100\n|move|p1a: Lola|Thunder Punch|p2b: Primarina\n|-supereffective|p2b: Primarina\n|-damage|p2b: Primarina|13\/100 slp\n|move|p1b: Melody|Close Combat|p2a: Crawdaunt\n|-damage|p2a: Crawdaunt|0 fnt\n|-unboost|p1b: Melody|def|1\n|-unboost|p1b: Melody|spd|1\n|faint|p2a: Crawdaunt\n|cant|p2b: Primarina|slp\n|\n|-weather|RainDance|[upkeep]\n|upkeep\n|\n|t:|1697387159\n|switch|p2a: Drampa|Drampa, F|100\/100\n|turn|6\n|\n|t:|1697387174\n|move|p1a: Lola|Thunder Punch|p2b: Primarina\n|-supereffective|p2b: Primarina\n|-damage|p2b: Primarina|0 fnt\n|faint|p2b: Primarina\n|-zpower|p1b: Melody\n|move|p1b: Melody|Subzero Slammer|p2a: Drampa|[zeffect]\n|-supereffective|p2a: Drampa\n|-damage|p2a: Drampa|0 fnt\n|faint|p2a: Drampa\n|\n|-weather|RainDance|[upkeep]\n|upkeep\n|\n|t:|1697387184\n|switch|p2b: Marowak|Marowak-Alola, M|100\/100\n|switch|p2a: Roserade|Roserade, M|100\/100\n|turn|7\n|\n|t:|1697387209\n|move|p1a: Lola|High Jump Kick|p2b: Marowak\n|-damage|p2b: Marowak|33\/100\n|move|p1b: Melody|Ice Punch|p2a: Roserade\n|-supereffective|p2a: Roserade\n|-damage|p2a: Roserade|3\/100\n|-status|p2a: Roserade|frz\n|cant|p2a: Roserade|frz\n|move|p2b: Marowak|Double-Edge|p1a: Lola\n|-damage|p1a: Lola|0 fnt\n|faint|p1a: Lola\n|\n|-weather|RainDance|[upkeep]\n|upkeep\n|-message|yyyyghgyghgygh forfeited.\n|\n|win|Marlene 420\n|raw|Marlene 420's rating: 1277 &rarr; <strong>1290<\/strong><br \/>(+13 for winning)\n|raw|yyyyghgyghgygh's rating: 1099 &rarr; <strong>1086<\/strong><br \/>(-13 for losing)\n|l|\u2606yyyyghgyghgygh\n|l|\u2606Marlene 420\n|j|\u2606Marlene 420\n|player|p1|Marlene 420|cheryl\n","uploadtime":1697387333,"views":4,"p1id":"marlene420","p2id":"yyyyghgyghgygh","formatid":"gen9nationaldexdoubles","rating":1086,"private":0,"password":""}