{"id":"gen9nationaldexdoubles-1961220670","p1":"JoshyJoshyC","p2":"AdvancedDigit","format":"[Gen 9] National Dex Doubles","log":"|j|\u2606JoshyJoshyC\n|j|\u2606AdvancedDigit\n|t:|1696607342\n|gametype|doubles\n|player|p1|JoshyJoshyC|lucas|1189\n|player|p2|AdvancedDigit|hilbert|1069\n|teamsize|p1|6\n|teamsize|p2|6\n|gen|9\n|tier|[Gen 9] National Dex Doubles\n|rated|\n|rule|HP Percentage Mod: HP is shown in percentages\n|rule|Endless Battle Clause: Forcing endless battles is banned\n|rule|OHKO Clause: OHKO moves are banned\n|rule|Evasion Moves Clause: Evasion moves are banned\n|rule|Evasion Abilities Clause: Evasion abilities are banned\n|rule|Species Clause: Limit one of each Pok\u00e9mon\n|rule|Gravity Sleep Clause: The combination of sleep-inducing moves with imperfect accuracy and Gravity or Gigantamax Orbeetle are banned\n|clearpoke\n|poke|p1|Garchomp, F|\n|poke|p1|Tyranitar, M|\n|poke|p1|Gastrodon-East, M|\n|poke|p1|Scizor, M|\n|poke|p1|Skarmory, F|\n|poke|p1|Gliscor, M|\n|poke|p2|Lopunny, F|\n|poke|p2|Mr. Mime, F|\n|poke|p2|Clefairy, M|\n|poke|p2|Amoonguss, M|\n|poke|p2|Chi-Yu|\n|poke|p2|Volbeat, M|\n|teampreview\n|\n|t:|1696607348\n|start\n|switch|p1a: Tyranitar|Tyranitar, M|100\/100\n|switch|p1b: Skarmory|Skarmory, F|100\/100\n|switch|p2a: Lopunny|Lopunny, F|100\/100\n|switch|p2b: Mr. Mime|Mr. Mime, F|100\/100\n|-weather|Sandstorm|[from] ability: Sand Stream|[of] p1a: Tyranitar\n|turn|1\n|\n|t:|1696607370\n|move|p2a: Lopunny|Fake Out|p1a: Tyranitar\n|-resisted|p1a: Tyranitar\n|-damage|p1a: Tyranitar|95\/100\n|move|p2b: Mr. Mime|Fake Out|p1b: Skarmory\n|-resisted|p1b: Skarmory\n|-damage|p1b: Skarmory|99\/100\n|-damage|p2b: Mr. Mime|84\/100|[from] item: Rocky Helmet|[of] p1b: Skarmory\n|cant|p1b: Skarmory|flinch\n|cant|p1a: Tyranitar|flinch\n|\n|-weather|Sandstorm|[upkeep]\n|-damage|p2a: Lopunny|95\/100|[from] Sandstorm\n|-damage|p2b: Mr. Mime|78\/100|[from] Sandstorm\n|-heal|p2b: Mr. Mime|84\/100|[from] item: Leftovers\n|upkeep\n|turn|2\n|\n|t:|1696607399\n|detailschange|p2a: Lopunny|Lopunny-Mega, F\n|-mega|p2a: Lopunny|Lopunny|Lopunnite\n|move|p2a: Lopunny|High Jump Kick|p1a: Tyranitar\n|-supereffective|p1a: Tyranitar\n|-damage|p1a: Tyranitar|0 fnt\n|faint|p1a: Tyranitar\n|move|p2b: Mr. Mime|Thunder Wave|p1b: Skarmory\n|-status|p1b: Skarmory|par\n|move|p1b: Skarmory|Stealth Rock|p2b: Mr. Mime\n|-sidestart|p2: AdvancedDigit|move: Stealth Rock\n|\n|-weather|Sandstorm|[upkeep]\n|-damage|p2a: Lopunny|89\/100|[from] Sandstorm\n|-damage|p2b: Mr. Mime|78\/100|[from] Sandstorm\n|-heal|p2b: Mr. Mime|84\/100|[from] item: Leftovers\n|upkeep\n|\n|t:|1696607413\n|switch|p1a: Gliscor|Gliscor, M|100\/100\n|turn|3\n|\n|t:|1696607422\n|move|p2b: Mr. Mime|Follow Me|p2b: Mr. Mime\n|-singleturn|p2b: Mr. Mime|move: Follow Me\n|move|p2a: Lopunny|Ice Punch|p1a: Gliscor\n|-supereffective|p1a: Gliscor\n|-damage|p1a: Gliscor|0 fnt\n|faint|p1a: Gliscor\n|move|p1b: Skarmory|Spikes|p2a: Lopunny\n|-sidestart|p2: AdvancedDigit|Spikes\n|\n|-weather|Sandstorm|[upkeep]\n|-damage|p2a: Lopunny|83\/100|[from] Sandstorm\n|-damage|p2b: Mr. Mime|78\/100|[from] Sandstorm\n|-heal|p2b: Mr. Mime|84\/100|[from] item: Leftovers\n|upkeep\n|\n|t:|1696607431\n|switch|p1a: Gastrodon|Gastrodon-East, M|100\/100\n|turn|4\n|\n|t:|1696607438\n|move|p2b: Mr. Mime|Wide Guard|p2b: Mr. Mime\n|-singleturn|p2b: Mr. Mime|Wide Guard\n|move|p2a: Lopunny|High Jump Kick|p1a: Gastrodon\n|-damage|p1a: Gastrodon|23\/100\n|move|p1a: Gastrodon|Toxic|p2a: Lopunny\n|-status|p2a: Lopunny|tox\n|move|p1b: Skarmory|Whirlwind|p2b: Mr. Mime\n|drag|p2b: Chi-Yu|Chi-Yu|100\/100\n|-damage|p2b: Chi-Yu|76\/100|[from] Stealth Rock\n|-damage|p2b: Chi-Yu|63\/100|[from] Spikes\n|-ability|p2b: Chi-Yu|Beads of Ruin\n|\n|-weather|Sandstorm|[upkeep]\n|-damage|p2a: Lopunny|77\/100 tox|[from] Sandstorm\n|-damage|p2b: Chi-Yu|57\/100|[from] Sandstorm\n|-heal|p1a: Gastrodon|29\/100|[from] item: Leftovers\n|-damage|p2a: Lopunny|71\/100 tox|[from] psn\n|upkeep\n|turn|5\n|\n|t:|1696607452\n|move|p2a: Lopunny|Ice Punch|p1a: Gastrodon\n|-damage|p1a: Gastrodon|1\/100\n|-status|p1a: Gastrodon|frz\n|move|p2b: Chi-Yu|Heat Wave|p1a: Gastrodon|[spread] p1a,p1b\n|-resisted|p1a: Gastrodon\n|-supereffective|p1b: Skarmory\n|-crit|p1b: Skarmory\n|-damage|p1a: Gastrodon|0 fnt\n|-damage|p1b: Skarmory|0 fnt\n|faint|p1a: Gastrodon\n|faint|p1b: Skarmory\n|\n|-weather|Sandstorm|[upkeep]\n|-damage|p2a: Lopunny|65\/100 tox|[from] Sandstorm\n|-damage|p2b: Chi-Yu|51\/100|[from] Sandstorm\n|-damage|p2a: Lopunny|53\/100 tox|[from] psn\n|upkeep\n|\n|t:|1696607456\n|switch|p1b: Scizor|Scizor, M|100\/100\n|switch|p1a: Garchomp|Garchomp, F|100\/100\n|turn|6\n|c|\u2606AdvancedDigit|gg\n|\n|t:|1696607473\n|detailschange|p1a: Garchomp|Garchomp-Mega, F\n|-mega|p1a: Garchomp|Garchomp|Garchompite\n|-terastallize|p1b: Scizor|Steel\n|move|p1b: Scizor|Bullet Punch|p2a: Lopunny\n|-crit|p2a: Lopunny\n|-damage|p2a: Lopunny|0 fnt\n|faint|p2a: Lopunny\n|-damage|p1b: Scizor|91\/100|[from] item: Life Orb\n|move|p2b: Chi-Yu|Heat Wave|p1b: Scizor|[spread] p1a,p1b\n|-resisted|p1a: Garchomp\n|-supereffective|p1b: Scizor\n|-damage|p1a: Garchomp|60\/100\n|-damage|p1b: Scizor|0 fnt\n|faint|p1b: Scizor\n|move|p1a: Garchomp|Outrage|p2b: Chi-Yu\n|-damage|p2b: Chi-Yu|0 fnt\n|faint|p2b: Chi-Yu\n|\n|-weather|Sandstorm|[upkeep]\n|upkeep\n|\n|t:|1696607505\n|switch|p2a: Amoonguss|Amoonguss, M|100\/100\n|switch|p2b: Mr. Mime|Mr. Mime, F|84\/100\n|-damage|p2b: Mr. Mime|72\/100|[from] Stealth Rock\n|-damage|p2b: Mr. Mime|59\/100|[from] Spikes\n|-damage|p2a: Amoonguss|88\/100|[from] Stealth Rock\n|-damage|p2a: Amoonguss|76\/100|[from] Spikes\n|turn|7\n|c|\u2606JoshyJoshyC|Crit mattered?\n|\n|t:|1696607514\n|move|p2b: Mr. Mime|Follow Me|p2b: Mr. Mime\n|-singleturn|p2b: Mr. Mime|move: Follow Me\n|move|p1a: Garchomp|Outrage|p2b: Mr. Mime|[from]lockedmove\n|-immune|p2b: Mr. Mime\n|move|p2a: Amoonguss|Giga Drain|p1a: Garchomp\n|-damage|p1a: Garchomp|27\/100\n|-heal|p2a: Amoonguss|90\/100|[from] drain|[of] p1a: Garchomp\n|\n|-weather|Sandstorm|[upkeep]\n|-damage|p2b: Mr. Mime|53\/100|[from] Sandstorm\n|-damage|p2a: Amoonguss|84\/100|[from] Sandstorm\n|-heal|p2b: Mr. Mime|59\/100|[from] item: Leftovers\n|-heal|p2a: Amoonguss|90\/100|[from] item: Leftovers\n|upkeep\n|turn|8\n|c|\u2606AdvancedDigit|idk maybe\n|c|\u2606AdvancedDigit|its specs\n|\n|t:|1696607530\n|move|p2b: Mr. Mime|Follow Me|p2b: Mr. Mime\n|-singleturn|p2b: Mr. Mime|move: Follow Me\n|move|p1a: Garchomp|Earthquake|p2a: Amoonguss|[spread] p2a,p2b\n|-damage|p2a: Amoonguss|26\/100\n|-damage|p2b: Mr. Mime|0 fnt\n|faint|p2b: Mr. Mime\n|move|p2a: Amoonguss|Giga Drain|p1a: Garchomp\n|-damage|p1a: Garchomp|0 fnt\n|-heal|p2a: Amoonguss|37\/100|[from] drain|[of] p1a: Garchomp\n|faint|p1a: Garchomp\n|\n|win|AdvancedDigit\n|raw|JoshyJoshyC's rating: 1189 &rarr; <strong>1156<\/strong><br \/>(-33 for losing)\n|raw|AdvancedDigit's rating: 1069 &rarr; <strong>1109<\/strong><br \/>(+40 for winning)\n|c|\u2606AdvancedDigit|gg\n","uploadtime":1696607548,"views":11,"p1id":"joshyjoshyc","p2id":"advanceddigit","formatid":"gen9nationaldexdoubles","rating":1109,"private":0,"password":""}