{"id":"gen9nationaldexdoubles-1951044181","p1":"fumbari 24","p2":"Hit 2773","format":"[Gen 9] National Dex Doubles","log":"|j|\u2606fumbari 24\n|j|\u2606Hit 2773\n|t:|1695534164\n|gametype|doubles\n|player|p1|fumbari 24|102|1215\n|player|p2|Hit 2773|102|1080\n|teamsize|p1|6\n|teamsize|p2|6\n|gen|9\n|tier|[Gen 9] National Dex Doubles\n|rated|\n|rule|HP Percentage Mod: HP is shown in percentages\n|rule|Endless Battle Clause: Forcing endless battles is banned\n|rule|OHKO Clause: OHKO moves are banned\n|rule|Evasion Moves Clause: Evasion moves are banned\n|rule|Evasion Abilities Clause: Evasion abilities are banned\n|rule|Species Clause: Limit one of each Pok\u00e9mon\n|rule|Gravity Sleep Clause: The combination of sleep-inducing moves with imperfect accuracy and Gravity or Gigantamax Orbeetle are banned\n|clearpoke\n|poke|p1|Metagross|\n|poke|p1|Blaziken, M|\n|poke|p1|Armaldo, M|\n|poke|p1|Pelipper, M|\n|poke|p1|Cradily, M|\n|poke|p1|Machamp, F|\n|poke|p2|Drampa, M|\n|poke|p2|Farigiraf, M|\n|poke|p2|Conkeldurr, M|\n|poke|p2|Sableye, M|\n|poke|p2|Amoonguss, M|\n|poke|p2|Indeedee-F, F|\n|teampreview\n|inactive|Battle timer is ON: inactive players will automatically lose when time's up. (requested by fumbari 24)\n|\n|t:|1695534185\n|start\n|switch|p1a: Metagross|Metagross, shiny|100\/100\n|switch|p1b: Inferno|Blaziken, M|100\/100\n|switch|p2a: Sableye|Sableye, M|100\/100\n|switch|p2b: Farigiraf|Farigiraf, M|100\/100\n|turn|1\n|\n|t:|1695534207\n|detailschange|p1a: Metagross|Metagross-Mega, shiny\n|-mega|p1a: Metagross|Metagross|Metagrossite\n|move|p2a: Sableye|Fake Out|p1a: Metagross\n|-resisted|p1a: Metagross\n|-damage|p1a: Metagross|98\/100\n|cant|p1a: Metagross|flinch\n|-zpower|p1b: Inferno\n|move|p1b: Inferno|Inferno Overdrive|p2b: Farigiraf|[zeffect]\n|-damage|p2b: Farigiraf|0 fnt\n|faint|p2b: Farigiraf\n|\n|-ability|p1b: Inferno|Speed Boost|boost\n|-boost|p1b: Inferno|spe|1\n|upkeep\n|\n|t:|1695534222\n|switch|p2b: Indeedee|Indeedee-F, F|100\/100\n|-fieldstart|move: Psychic Terrain|[from] ability: Psychic Surge|[of] p2b: Indeedee\n|turn|2\n|\n|t:|1695534229\n|move|p2a: Sableye|Will-O-Wisp|p1a: Metagross\n|-activate|p1a: Metagross|move: Psychic Terrain\n|move|p1b: Inferno|Flare Blitz|p2b: Indeedee\n|-damage|p2b: Indeedee|10\/100\n|-enditem|p2b: Indeedee|Sitrus Berry|[eat]\n|-heal|p2b: Indeedee|34\/100|[from] item: Sitrus Berry\n|-damage|p1b: Inferno|70\/100|[from] Recoil\n|move|p1a: Metagross|Meteor Mash|p2b: Indeedee\n|-damage|p2b: Indeedee|0 fnt\n|faint|p2b: Indeedee\n|\n|-ability|p1b: Inferno|Speed Boost|boost\n|-boost|p1b: Inferno|spe|1\n|upkeep\n|\n|t:|1695534245\n|switch|p2b: Conkeldurr|Conkeldurr, M|100\/100\n|turn|3\n|\n|t:|1695534259\n|-terastallize|p2b: Conkeldurr|Dark\n|move|p2a: Sableye|Will-O-Wisp|p2b: Conkeldurr\n|-status|p2b: Conkeldurr|brn\n|move|p1b: Inferno|Flare Blitz|p2b: Conkeldurr\n|-damage|p2b: Conkeldurr|50\/100 brn\n|-damage|p1b: Inferno|49\/100|[from] Recoil\n|move|p1a: Metagross|Meteor Mash|p2b: Conkeldurr\n|-damage|p2b: Conkeldurr|0 fnt\n|faint|p2b: Conkeldurr\n|\n|-ability|p1b: Inferno|Speed Boost|boost\n|-boost|p1b: Inferno|spe|1\n|upkeep\n|\n|t:|1695534271\n|switch|p2b: Drampa|Drampa, M, shiny|100\/100\n|turn|4\n|\n|t:|1695534282\n|move|p1b: Inferno|Flare Blitz|p2b: Drampa\n|-resisted|p2b: Drampa\n|-damage|p2b: Drampa|66\/100\n|-damage|p1b: Inferno|37\/100|[from] Recoil\n|move|p1a: Metagross|Meteor Mash|p2b: Drampa\n|-damage|p2b: Drampa|0 fnt\n|faint|p2b: Drampa\n|move|p2a: Sableye|Foul Play|p1b: Inferno\n|-resisted|p1b: Inferno\n|-damage|p1b: Inferno|1\/100\n|\n|-ability|p1b: Inferno|Speed Boost|boost\n|-boost|p1b: Inferno|spe|1\n|upkeep\n|\n|t:|1695534290\n|switch|p2b: Amoonguss|Amoonguss, M|100\/100\n|turn|5\n|\n|t:|1695534297\n|move|p1b: Inferno|Flare Blitz|p2b: Amoonguss\n|-supereffective|p2b: Amoonguss\n|-damage|p2b: Amoonguss|0 fnt\n|faint|p2b: Amoonguss\n|-damage|p1b: Inferno|0 fnt|[from] Recoil\n|faint|p1b: Inferno\n|move|p1a: Metagross|Meteor Mash|p2a: Sableye|[miss]\n|-miss|p1a: Metagross|p2a: Sableye\n|move|p2a: Sableye|Foul Play|p1a: Metagross\n|-supereffective|p1a: Metagross\n|-damage|p1a: Metagross|8\/100\n|\n|upkeep\n|\n|t:|1695534310\n|switch|p1b: La bomba|Machamp, F|100\/100\n|turn|6\n|\n|t:|1695534315\n|move|p2a: Sableye|Will-O-Wisp|p1b: La bomba\n|-activate|p1b: La bomba|move: Psychic Terrain\n|move|p1a: Metagross|Meteor Mash|p2a: Sableye\n|-enditem|p2a: Sableye|Focus Sash\n|-damage|p2a: Sableye|1\/100\n|move|p1b: La bomba|Knock Off|p2a: Sableye\n|-damage|p2a: Sableye|0 fnt\n|faint|p2a: Sableye\n|\n|win|fumbari 24\n|raw|fumbari 24's rating: 1215 &rarr; <strong>1231<\/strong><br \/>(+16 for winning)\n|raw|Hit 2773's rating: 1080 &rarr; <strong>1066<\/strong><br \/>(-14 for losing)\n|l|\u2606Hit 2773\n","uploadtime":1695534322,"views":16,"p1id":"fumbari24","p2id":"hit2773","formatid":"gen9nationaldexdoubles","rating":1066,"private":0,"password":""}