{"id":"gen9nationaldexdoubles-1965399171","p1":"mosy 2003","p2":"OceanHazel","format":"[Gen 9] National Dex Doubles","log":"|j|\u2606mosy 2003\n|j|\u2606OceanHazel\n|t:|1697069069\n|gametype|doubles\n|player|p1|mosy 2003|170|1040\n|player|p2|OceanHazel|barry|1101\n|teamsize|p1|6\n|teamsize|p2|6\n|gen|9\n|tier|[Gen 9] National Dex Doubles\n|rated|\n|rule|HP Percentage Mod: HP is shown in percentages\n|rule|Endless Battle Clause: Forcing endless battles is banned\n|rule|OHKO Clause: OHKO moves are banned\n|rule|Evasion Moves Clause: Evasion moves are banned\n|rule|Evasion Abilities Clause: Evasion abilities are banned\n|rule|Species Clause: Limit one of each Pok\u00e9mon\n|rule|Gravity Sleep Clause: The combination of sleep-inducing moves with imperfect accuracy and Gravity or Gigantamax Orbeetle are banned\n|clearpoke\n|poke|p1|Venomoth, M|\n|poke|p1|Vivillon, M|\n|poke|p1|Volcarona, F|\n|poke|p1|Vikavolt, F|\n|poke|p1|Frosmoth, M|\n|poke|p1|Oricorio-Sensu, M|\n|poke|p2|Hatterene, F|\n|poke|p2|Ting-Lu|\n|poke|p2|Slowking-Galar, M|\n|poke|p2|Torkoal, F|\n|poke|p2|Rabsca, M|\n|poke|p2|Iron Hands|\n|teampreview\n|\n|t:|1697069083\n|start\n|switch|p1a: Oricorio|Oricorio-Sensu, M|100\/100\n|switch|p1b: Vivillon|Vivillon, M|100\/100\n|switch|p2a: Miss Frizzle|Hatterene, F|100\/100\n|switch|p2b: Magic School Bus|Ting-Lu|100\/100\n|-ability|p2b: Magic School Bus|Vessel of Ruin\n|turn|1\n|inactive|Battle timer is ON: inactive players will automatically lose when time's up. (requested by mosy 2003)\n|inactive|OceanHazel has 120 seconds left.\n|\n|t:|1697069117\n|move|p2a: Miss Frizzle|Protect|p2a: Miss Frizzle\n|-singleturn|p2a: Miss Frizzle|Protect\n|move|p1b: Vivillon|Sleep Powder|p2a: Miss Frizzle\n|-activate|p2a: Miss Frizzle|move: Protect\n|move|p1a: Oricorio|Quiver Dance|p1a: Oricorio\n|-boost|p1a: Oricorio|spa|1\n|-boost|p1a: Oricorio|spd|1\n|-boost|p1a: Oricorio|spe|1\n|move|p2b: Magic School Bus|Rock Slide|p1a: Oricorio|[spread] p1a,p1b\n|-supereffective|p1a: Oricorio\n|-supereffective|p1b: Vivillon\n|-damage|p1a: Oricorio|51\/100\n|-enditem|p1b: Vivillon|Focus Sash\n|-damage|p1b: Vivillon|1\/100\n|\n|-heal|p1a: Oricorio|57\/100|[from] item: Leftovers\n|upkeep\n|turn|2\n|inactive|OceanHazel has 120 seconds left.\n|\n|t:|1697069155\n|switch|p2a: Prof. Poison|Slowking-Galar, M|100\/100\n|-terastallize|p1a: Oricorio|Water\n|move|p1a: Oricorio|Quiver Dance|p1a: Oricorio\n|-boost|p1a: Oricorio|spa|1\n|-boost|p1a: Oricorio|spd|1\n|-boost|p1a: Oricorio|spe|1\n|move|p1b: Vivillon|Sleep Powder|p2a: Prof. Poison\n|-status|p2a: Prof. Poison|slp|[from] move: Sleep Powder\n|move|p2b: Magic School Bus|Rock Slide|p1a: Oricorio|[spread] p1b\n|-miss|p2b: Magic School Bus|p1a: Oricorio\n|-supereffective|p1b: Vivillon\n|-damage|p1b: Vivillon|0 fnt\n|faint|p1b: Vivillon\n|\n|-heal|p1a: Oricorio|64\/100|[from] item: Leftovers\n|upkeep\n|inactive|mosy 2003 has 120 seconds left.\n|\n|t:|1697069176\n|switch|p1b: Volcarona|Volcarona, F|100\/100\n|turn|3\n|inactive|OceanHazel has 120 seconds left.\n|\n|t:|1697069205\n|switch|p2b: BONESAW'S READY|Iron Hands|100\/100\n|-enditem|p2b: BONESAW'S READY|Booster Energy\n|-activate|p2b: BONESAW'S READY|ability: Quark Drive|[fromitem]\n|-start|p2b: BONESAW'S READY|quarkdriveatk\n|move|p1a: Oricorio|Protect|p1a: Oricorio\n|-singleturn|p1a: Oricorio|Protect\n|move|p1b: Volcarona|Quiver Dance|p1b: Volcarona\n|-boost|p1b: Volcarona|spa|1\n|-boost|p1b: Volcarona|spd|1\n|-boost|p1b: Volcarona|spe|1\n|-activate|p1a: Oricorio|ability: Dancer\n|move|p1a: Oricorio|Quiver Dance|p1a: Oricorio|[from]ability: Dancer\n|-boost|p1a: Oricorio|spa|1\n|-boost|p1a: Oricorio|spd|1\n|-boost|p1a: Oricorio|spe|1\n|cant|p2a: Prof. Poison|slp\n|\n|-heal|p1a: Oricorio|70\/100|[from] item: Leftovers\n|upkeep\n|turn|4\n|inactive|OceanHazel has 120 seconds left.\n|\n|t:|1697069233\n|move|p2b: BONESAW'S READY|Fake Out|p1b: Volcarona\n|-damage|p1b: Volcarona|68\/100\n|move|p1a: Oricorio|Substitute|p1a: Oricorio\n|-start|p1a: Oricorio|Substitute\n|-damage|p1a: Oricorio|45\/100\n|cant|p1b: Volcarona|flinch\n|-curestatus|p2a: Prof. Poison|slp|[msg]\n|move|p2a: Prof. Poison|Trick Room|p2a: Prof. Poison\n|-fieldstart|move: Trick Room|[of] p2a: Prof. Poison\n|\n|-heal|p1a: Oricorio|51\/100|[from] item: Leftovers\n|upkeep\n|turn|5\n|inactive|OceanHazel has 120 seconds left.\n|\n|t:|1697069267\n|move|p1a: Oricorio|Protect|p1a: Oricorio\n|-singleturn|p1a: Oricorio|Protect\n|move|p2a: Prof. Poison|Toxic|p1b: Volcarona\n|-status|p1b: Volcarona|tox\n|move|p2b: BONESAW'S READY|Drain Punch|p1a: Oricorio\n|-activate|p1a: Oricorio|move: Protect\n|move|p1b: Volcarona|Quiver Dance|p1b: Volcarona\n|-boost|p1b: Volcarona|spa|1\n|-boost|p1b: Volcarona|spd|1\n|-boost|p1b: Volcarona|spe|1\n|-activate|p1a: Oricorio|ability: Dancer\n|move|p1a: Oricorio|Quiver Dance|p1a: Oricorio|[from]ability: Dancer\n|-boost|p1a: Oricorio|spa|1\n|-boost|p1a: Oricorio|spd|1\n|-boost|p1a: Oricorio|spe|1\n|\n|-heal|p1a: Oricorio|57\/100|[from] item: Leftovers\n|-damage|p1b: Volcarona|62\/100 tox|[from] psn\n|upkeep\n|turn|6\n|inactive|OceanHazel has 120 seconds left.\n|\n|t:|1697069292\n|move|p2a: Prof. Poison|Iron Defense|p2a: Prof. Poison\n|-boost|p2a: Prof. Poison|def|2\n|move|p2b: BONESAW'S READY|Drain Punch|p1a: Oricorio\n|-end|p1a: Oricorio|Substitute\n|move|p1b: Volcarona|Quiver Dance|p1b: Volcarona\n|-boost|p1b: Volcarona|spa|1\n|-boost|p1b: Volcarona|spd|1\n|-boost|p1b: Volcarona|spe|1\n|-activate|p1a: Oricorio|ability: Dancer\n|move|p1a: Oricorio|Quiver Dance|p1a: Oricorio|[from]ability: Dancer\n|-boost|p1a: Oricorio|spa|1\n|-boost|p1a: Oricorio|spd|1\n|-boost|p1a: Oricorio|spe|1\n|move|p1a: Oricorio|Substitute|p1a: Oricorio\n|-start|p1a: Oricorio|Substitute\n|-damage|p1a: Oricorio|33\/100\n|\n|-heal|p1a: Oricorio|39\/100|[from] item: Leftovers\n|-damage|p1b: Volcarona|50\/100 tox|[from] psn\n|upkeep\n|turn|7\n|inactive|OceanHazel has 120 seconds left.\n|\n|t:|1697069338\n|move|p1a: Oricorio|Protect|p1a: Oricorio\n|-singleturn|p1a: Oricorio|Protect\n|move|p2a: Prof. Poison|Iron Defense|p2a: Prof. Poison\n|-boost|p2a: Prof. Poison|def|2\n|move|p2b: BONESAW'S READY|Ice Punch|p1a: Oricorio\n|-activate|p1a: Oricorio|move: Protect\n|move|p1b: Volcarona|Quiver Dance|p1b: Volcarona\n|-boost|p1b: Volcarona|spa|1\n|-boost|p1b: Volcarona|spd|1\n|-boost|p1b: Volcarona|spe|1\n|-activate|p1a: Oricorio|ability: Dancer\n|move|p1a: Oricorio|Quiver Dance|p1a: Oricorio|[from]ability: Dancer\n|-boost|p1a: Oricorio|spa|1\n|-boost|p1a: Oricorio|spd|1\n|-boost|p1a: Oricorio|spe|1\n|\n|-heal|p1a: Oricorio|45\/100|[from] item: Leftovers\n|-damage|p1b: Volcarona|32\/100 tox|[from] psn\n|upkeep\n|turn|8\n|inactive|OceanHazel has 120 seconds left.\n|inactive|OceanHazel has 90 seconds left.\n|\n|t:|1697069375\n|move|p2a: Prof. Poison|Psychic|p1a: Oricorio\n|-activate|p1a: Oricorio|move: Substitute|[damage]\n|move|p2b: BONESAW'S READY|Ice Punch|p1a: Oricorio\n|-resisted|p1a: Oricorio\n|-end|p1a: Oricorio|Substitute\n|move|p1b: Volcarona|Rest|p1b: Volcarona\n|-status|p1b: Volcarona|slp|[from] move: Rest\n|-heal|p1b: Volcarona|100\/100 slp|[silent]\n|-enditem|p1b: Volcarona|Chesto Berry|[eat]\n|-curestatus|p1b: Volcarona|slp|[msg]\n|move|p1a: Oricorio|Baton Pass|p1a: Oricorio\n|\n|t:|1697069393\n|switch|p1a: Frosmoth|Frosmoth, M|100\/100|[from] Baton Pass\n|\n|-fieldend|move: Trick Room\n|upkeep\n|turn|9\n|inactive|OceanHazel has 90 seconds left.\n|\n|t:|1697069428\n|-end|p2b: BONESAW'S READY|Quark Drive|[silent]\n|switch|p2b: Magic School Bus|Ting-Lu|100\/100\n|-ability|p2b: Magic School Bus|Vessel of Ruin\n|move|p1a: Frosmoth|Blizzard|p2b: Magic School Bus|[spread] p2a,p2b\n|-supereffective|p2b: Magic School Bus\n|-damage|p2a: Prof. Poison|19\/100\n|-damage|p2b: Magic School Bus|0 fnt\n|faint|p2b: Magic School Bus\n|move|p1b: Volcarona|Heat Wave|p2a: Prof. Poison\n|-damage|p2a: Prof. Poison|0 fnt\n|faint|p2a: Prof. Poison\n|\n|upkeep\n|inactive|OceanHazel has 90 seconds left.\n|\n|t:|1697069439\n|switch|p2b: Sleepyhead|Torkoal, F|100\/100\n|switch|p2a: Miss Frizzle|Hatterene, F|100\/100\n|-weather|SunnyDay|[from] ability: Drought|[of] p2b: Sleepyhead\n|turn|10\n|\n|t:|1697069450\n|move|p2a: Miss Frizzle|Protect|p2a: Miss Frizzle\n|-singleturn|p2a: Miss Frizzle|Protect\n|move|p1a: Frosmoth|Blizzard|p2b: Sleepyhead|[spread] \n|-activate|p2a: Miss Frizzle|move: Protect\n|-miss|p1a: Frosmoth|p2b: Sleepyhead\n|move|p1b: Volcarona|Heat Wave|p2b: Sleepyhead|[spread] p2b\n|-activate|p2a: Miss Frizzle|move: Protect\n|-resisted|p2b: Sleepyhead\n|-damage|p2b: Sleepyhead|0 fnt\n|faint|p2b: Sleepyhead\n|\n|-weather|SunnyDay|[upkeep]\n|upkeep\n|\n|t:|1697069462\n|switch|p2b: BONESAW'S READY|Iron Hands|100\/100\n|turn|11\n|\n|t:|1697069478\n|move|p1a: Frosmoth|Blizzard|p2b: BONESAW'S READY|[spread] p2a,p2b\n|-damage|p2a: Miss Frizzle|0 fnt\n|-damage|p2b: BONESAW'S READY|0 fnt\n|faint|p2a: Miss Frizzle\n|faint|p2b: BONESAW'S READY\n|-end|p2b: BONESAW'S READY|Quark Drive|[silent]\n|move|p1b: Volcarona|Heat Wave|p2: Miss Frizzle|[notarget]\n|-fail|p1b: Volcarona\n|\n|-weather|SunnyDay|[upkeep]\n|upkeep\n|\n|t:|1697069491\n|switch|p2b: THE ORB.|Rabsca, M, shiny|100\/100\n|turn|12\n|c|\u2606OceanHazel|gg\n|\n|t:|1697069496\n|move|p2b: THE ORB.|Protect|p2b: THE ORB.\n|-singleturn|p2b: THE ORB.|Protect\n|move|p1a: Frosmoth|Blizzard|p2b: THE ORB.\n|-activate|p2b: THE ORB.|move: Protect\n|move|p1b: Volcarona|Heat Wave|p2b: THE ORB.\n|-activate|p2b: THE ORB.|move: Protect\n|\n|-weather|SunnyDay|[upkeep]\n|upkeep\n|turn|13\n|\n|t:|1697069507\n|move|p1a: Frosmoth|Blizzard|p2b: THE ORB.\n|-enditem|p2b: THE ORB.|Focus Sash\n|-damage|p2b: THE ORB.|1\/100\n|move|p1b: Volcarona|Heat Wave|p2b: THE ORB.\n|-supereffective|p2b: THE ORB.\n|-damage|p2b: THE ORB.|0 fnt\n|faint|p2b: THE ORB.\n|\n|win|mosy 2003\n|raw|mosy 2003's rating: 1040 &rarr; <strong>1080<\/strong><br \/>(+40 for winning)\n|raw|OceanHazel's rating: 1101 &rarr; <strong>1072<\/strong><br \/>(-29 for losing)\n|l|\u2606OceanHazel\n","uploadtime":1697069521,"views":7,"p1id":"mosy2003","p2id":"oceanhazel","formatid":"gen9nationaldexdoubles","rating":1072,"private":0,"password":""}