{"id":"gen9nationaldexdoubles-1956507463","p1":"dippdamacy","p2":"cassinidivision","format":"[Gen 9] National Dex Doubles","log":"|j|\u2606dippdamacy\n|j|\u2606cassinidivision\n|t:|1696115051\n|gametype|doubles\n|player|p1|dippdamacy|colress|\n|player|p2|cassinidivision|bede-masters|\n|teamsize|p1|6\n|teamsize|p2|6\n|gen|9\n|tier|[Gen 9] National Dex Doubles\n|rule|HP Percentage Mod: HP is shown in percentages\n|rule|Endless Battle Clause: Forcing endless battles is banned\n|rule|OHKO Clause: OHKO moves are banned\n|rule|Evasion Moves Clause: Evasion moves are banned\n|rule|Evasion Abilities Clause: Evasion abilities are banned\n|rule|Species Clause: Limit one of each Pok\u00e9mon\n|rule|Gravity Sleep Clause: The combination of sleep-inducing moves with imperfect accuracy and Gravity or Gigantamax Orbeetle are banned\n|clearpoke\n|poke|p1|Magneton|\n|poke|p1|Rotom-Wash|\n|poke|p1|Metagross|\n|poke|p1|Beheeyem, M|\n|poke|p1|Magnezone|\n|poke|p1|Klinklang|\n|poke|p2|Hatterene, F|\n|poke|p2|Rapidash-Galar, M|\n|poke|p2|Reuniclus, M|\n|poke|p2|Gothitelle, F|\n|poke|p2|Espeon, F|\n|poke|p2|Delphox, F|\n|teampreview\n|c|\u2606cassinidivision|and so we meet again.\n|c|\u2606dippdamacy|haiii\n|c|\u2606dippdamacy|:3\n|c|\u2606cassinidivision|:33\n|\n|t:|1696115074\n|start\n|switch|p1a: Beheeyem|Beheeyem, M|100\/100\n|switch|p1b: Maggy|Magneton, shiny|100\/100\n|switch|p2a: Espeon|Espeon, F|100\/100\n|switch|p2b: Reuniclus|Reuniclus, M|100\/100\n|turn|1\n|\n|t:|1696115100\n|move|p2a: Espeon|Sunny Day|p2a: Espeon\n|-weather|SunnyDay\n|move|p1b: Maggy|Volt Switch|p2a: Espeon\n|-damage|p2a: Espeon|47\/100\n|\n|t:|1696115108\n|switch|p1b: Rotom|Rotom-Wash|100\/100|[from] Volt Switch\n|move|p1a: Beheeyem|Calm Mind|p1a: Beheeyem\n|-boost|p1a: Beheeyem|spa|1\n|-boost|p1a: Beheeyem|spd|1\n|move|p2b: Reuniclus|Light Screen|p2b: Reuniclus\n|-sidestart|p2: cassinidivision|move: Light Screen\n|\n|-weather|SunnyDay|[upkeep]\n|upkeep\n|turn|2\n|\n|t:|1696115124\n|move|p2a: Espeon|Morning Sun|p2a: Espeon\n|-heal|p2a: Espeon|100\/100\n|move|p1b: Rotom|Will-O-Wisp|p2b: Reuniclus|[miss]\n|-miss|p1b: Rotom|p2b: Reuniclus\n|move|p1a: Beheeyem|Calm Mind|p1a: Beheeyem\n|-boost|p1a: Beheeyem|spa|1\n|-boost|p1a: Beheeyem|spd|1\n|move|p2b: Reuniclus|Reflect|p2b: Reuniclus\n|-sidestart|p2: cassinidivision|Reflect\n|\n|-weather|SunnyDay|[upkeep]\n|upkeep\n|turn|3\n|c|\u2606dippdamacy|ough\n|\n|t:|1696115139\n|move|p2a: Espeon|Grass Knot|p1b: Rotom\n|-supereffective|p1b: Rotom\n|-damage|p1b: Rotom|85\/100\n|move|p1b: Rotom|Will-O-Wisp|p2b: Reuniclus\n|-status|p2b: Reuniclus|brn\n|move|p1a: Beheeyem|Calm Mind|p1a: Beheeyem\n|-boost|p1a: Beheeyem|spa|1\n|-boost|p1a: Beheeyem|spd|1\n|move|p2b: Reuniclus|Psychic|p1b: Rotom\n|-damage|p1b: Rotom|42\/100\n|\n|-weather|SunnyDay|[upkeep]\n|-damage|p2b: Reuniclus|94\/100 brn|[from] brn\n|upkeep\n|turn|4\n|\n|t:|1696115165\n|move|p2a: Espeon|Grass Knot|p1b: Rotom\n|-supereffective|p1b: Rotom\n|-damage|p1b: Rotom|27\/100\n|move|p1b: Rotom|Substitute|p1b: Rotom\n|-start|p1b: Rotom|Substitute\n|-damage|p1b: Rotom|2\/100\n|move|p1a: Beheeyem|Energy Ball|p2b: Reuniclus\n|-damage|p2b: Reuniclus|68\/100 brn\n|move|p2b: Reuniclus|Psychic|p1b: Rotom\n|-end|p1b: Rotom|Substitute\n|\n|-weather|SunnyDay|[upkeep]\n|-damage|p2b: Reuniclus|62\/100 brn|[from] brn\n|upkeep\n|turn|5\n|\n|t:|1696115230\n|move|p2a: Espeon|Hidden Power|p1b: Rotom\n|-resisted|p1b: Rotom\n|-damage|p1b: Rotom|0 fnt\n|faint|p1b: Rotom\n|move|p1a: Beheeyem|Calm Mind|p1a: Beheeyem\n|-boost|p1a: Beheeyem|spa|1\n|-boost|p1a: Beheeyem|spd|1\n|move|p2b: Reuniclus|Psychic|p1a: Beheeyem\n|-resisted|p1a: Beheeyem\n|-damage|p1a: Beheeyem|94\/100\n|\n|-weather|SunnyDay|[upkeep]\n|-heal|p1a: Beheeyem|99\/100|[from] item: Leftovers\n|-damage|p2b: Reuniclus|56\/100 brn|[from] brn\n|-sideend|p2: cassinidivision|move: Light Screen\n|upkeep\n|c|\u2606cassinidivision|so fucking calm\n|\n|t:|1696115251\n|switch|p1b: Metagross|Metagross|100\/100\n|turn|6\n|\n|t:|1696115269\n|switch|p2b: Gothitelle|Gothitelle, F|100\/100\n|move|p2a: Espeon|Hidden Power|p1b: Metagross\n|-supereffective|p1b: Metagross\n|-damage|p1b: Metagross|16\/100\n|move|p1b: Metagross|Agility|p1b: Metagross\n|-boost|p1b: Metagross|spe|2\n|move|p1a: Beheeyem|Energy Ball|p2a: Espeon\n|-damage|p2a: Espeon|7\/100\n|\n|-weather|SunnyDay|[upkeep]\n|-heal|p1a: Beheeyem|100\/100|[from] item: Leftovers\n|-sideend|p2: cassinidivision|Reflect\n|upkeep\n|turn|7\n|c|\u2606dippdamacy|he's so agile\n|\n|t:|1696115305\n|move|p1b: Metagross|Zen Headbutt|p2a: Espeon|[miss]\n|-miss|p1b: Metagross|p2a: Espeon\n|move|p2a: Espeon|Morning Sun|p2a: Espeon\n|-heal|p2a: Espeon|74\/100\n|move|p2b: Gothitelle|Dark Pulse|p1b: Metagross\n|-supereffective|p1b: Metagross\n|-damage|p1b: Metagross|0 fnt\n|faint|p1b: Metagross\n|move|p1a: Beheeyem|Energy Ball|p2b: Gothitelle\n|-damage|p2b: Gothitelle|49\/100\n|\n|-weather|SunnyDay|[upkeep]\n|-heal|p2b: Gothitelle|55\/100|[from] item: Leftovers\n|upkeep\n|c|\u2606dippdamacy|BROO\n|\n|t:|1696115321\n|switch|p1b: Maggy|Magneton, shiny|100\/100\n|turn|8\n|c|\u2606cassinidivision|espeon cracked\n|\n|t:|1696115329\n|move|p2a: Espeon|Hidden Power|p1b: Maggy\n|-supereffective|p1b: Maggy\n|-crit|p1b: Maggy\n|-damage|p1b: Maggy|3\/100\n|move|p1b: Maggy|Volt Switch|p2a: Espeon\n|-damage|p2a: Espeon|26\/100\n|\n|t:|1696115337\n|switch|p1b: Magnezone|Magnezone|100\/100|[from] Volt Switch\n|move|p2b: Gothitelle|Dark Pulse|p1a: Beheeyem\n|-supereffective|p1a: Beheeyem\n|-damage|p1a: Beheeyem|88\/100\n|move|p1a: Beheeyem|Energy Ball|p2a: Espeon\n|-damage|p2a: Espeon|0 fnt\n|faint|p2a: Espeon\n|\n|-weather|none\n|-heal|p2b: Gothitelle|61\/100|[from] item: Leftovers\n|-heal|p1a: Beheeyem|94\/100|[from] item: Leftovers\n|upkeep\n|\n|t:|1696115345\n|switch|p2a: Delphox|Delphox, F|100\/100\n|turn|9\n|c|\u2606dippdamacy|shotgunned that thing\n|\n|t:|1696115381\n|-terastallize|p1b: Magnezone|Electric\n|move|p2a: Delphox|Calm Mind|p2a: Delphox\n|-boost|p2a: Delphox|spa|1\n|-boost|p2a: Delphox|spd|1\n|move|p1b: Magnezone|Thunderbolt|p2b: Gothitelle\n|-damage|p2b: Gothitelle|10\/100\n|move|p2b: Gothitelle|Thunder Wave|p1a: Beheeyem|[miss]\n|-miss|p2b: Gothitelle|p1a: Beheeyem\n|move|p1a: Beheeyem|Energy Ball|p2b: Gothitelle\n|-crit|p2b: Gothitelle\n|-damage|p2b: Gothitelle|0 fnt\n|faint|p2b: Gothitelle\n|\n|-heal|p1a: Beheeyem|99\/100|[from] item: Leftovers\n|upkeep\n|\n|t:|1696115393\n|switch|p2b: Rapidash|Rapidash-Galar, M|100\/100\n|turn|10\n|\n|t:|1696115405\n|move|p2b: Rapidash|Hypnosis|p1a: Beheeyem\n|-status|p1a: Beheeyem|slp|[from] move: Hypnosis\n|move|p2a: Delphox|Heat Wave|p1a: Beheeyem|[spread] p1a,p1b\n|-crit|p1a: Beheeyem\n|-damage|p1a: Beheeyem|15\/100 slp\n|-damage|p1b: Magnezone|43\/100\n|move|p1b: Magnezone|Thunderbolt|p2a: Delphox\n|-damage|p2a: Delphox|52\/100\n|cant|p1a: Beheeyem|slp\n|\n|-heal|p1a: Beheeyem|21\/100 slp|[from] item: Leftovers\n|upkeep\n|turn|11\n|\n|t:|1696115428\n|move|p2b: Rapidash|Psycho Cut|p1b: Magnezone\n|-damage|p1b: Magnezone|18\/100\n|move|p2a: Delphox|Wish|p2a: Delphox\n|move|p1b: Magnezone|Thunderbolt|p2a: Delphox\n|-damage|p2a: Delphox|0 fnt\n|faint|p2a: Delphox\n|cant|p1a: Beheeyem|slp\n|\n|-heal|p1a: Beheeyem|27\/100 slp|[from] item: Leftovers\n|upkeep\n|\n|t:|1696115434\n|switch|p2a: Hatterene|Hatterene, F|100\/100\n|turn|12\n|\n|t:|1696115443\n|move|p2b: Rapidash|Swords Dance|p2b: Rapidash\n|-boost|p2b: Rapidash|atk|2\n|move|p1b: Magnezone|Flash Cannon|p2b: Rapidash\n|-supereffective|p2b: Rapidash\n|-damage|p2b: Rapidash|0 fnt\n|faint|p2b: Rapidash\n|-curestatus|p1a: Beheeyem|slp|[msg]\n|move|p1a: Beheeyem|Recover|p1a: Beheeyem\n|-heal|p1a: Beheeyem|77\/100\n|move|p2a: Hatterene|Mystical Fire|p1b: Magnezone\n|-damage|p1b: Magnezone|0 fnt\n|faint|p1b: Magnezone\n|\n|-heal|p1a: Beheeyem|84\/100|[from] item: Leftovers\n|upkeep\n|\n|t:|1696115457\n|switch|p2b: Reuniclus|Reuniclus, M|89\/100 brn\n|switch|p1b: Klinklang|Klinklang|100\/100\n|-item|p1b: Klinklang|Air Balloon\n|turn|13\n|\n|t:|1696115466\n|move|p1b: Klinklang|Gear Grind|p2a: Hatterene\n|-supereffective|p2a: Hatterene\n|-damage|p2a: Hatterene|47\/100\n|-supereffective|p2a: Hatterene\n|-damage|p2a: Hatterene|0 fnt\n|faint|p2a: Hatterene\n|-hitcount|p2: Hatterene|2\n|move|p1a: Beheeyem|Energy Ball|p2b: Reuniclus\n|-damage|p2b: Reuniclus|40\/100 brn\n|-unboost|p2b: Reuniclus|spd|1\n|move|p2b: Reuniclus|Light Screen|p2b: Reuniclus\n|-sidestart|p2: cassinidivision|move: Light Screen\n|\n|-heal|p1a: Beheeyem|90\/100|[from] item: Leftovers\n|-damage|p2b: Reuniclus|34\/100 brn|[from] brn\n|upkeep\n|turn|14\n|c|\u2606cassinidivision|msn.\n|\n|t:|1696115488\n|move|p1b: Klinklang|Gear Grind|p2b: Reuniclus\n|-damage|p2b: Reuniclus|10\/100 brn\n|-damage|p2b: Reuniclus|0 fnt\n|faint|p2b: Reuniclus\n|-hitcount|p2: Reuniclus|2\n|\n|win|dippdamacy\n|c|\u2606dippdamacy|ggwp, crazy fun match thank you cassini\n|c|\u2606cassinidivision|gg.\n|c|\u2606cassinidivision|<-- so mad\n","uploadtime":1696115499,"views":16,"p1id":"dippdamacy","p2id":"cassinidivision","formatid":"gen9nationaldexdoubles","rating":0,"private":0,"password":""}