{"id":"gen9nationaldexdoubles-1982157629","p1":"realspades","p2":"Shazamwhich","format":"[Gen 9] National Dex Doubles","log":"|j|\u2606realspades\n|j|\u2606Shazamwhich\n|t:|1698973818\n|gametype|doubles\n|player|p1|realspades|gambler|\n|player|p2|Shazamwhich|brendan-gen3|\n|teamsize|p1|6\n|teamsize|p2|6\n|gen|9\n|tier|[Gen 9] National Dex Doubles\n|rule|HP Percentage Mod: HP is shown in percentages\n|rule|Endless Battle Clause: Forcing endless battles is banned\n|rule|OHKO Clause: OHKO moves are banned\n|rule|Evasion Moves Clause: Evasion moves are banned\n|rule|Evasion Abilities Clause: Evasion abilities are banned\n|rule|Species Clause: Limit one of each Pok\u00e9mon\n|rule|Gravity Sleep Clause: The combination of sleep-inducing moves with imperfect accuracy and Gravity or Gigantamax Orbeetle are banned\n|clearpoke\n|poke|p1|Greninja-*, M|\n|poke|p1|Pelipper, F|\n|poke|p1|Slowbro, M|\n|poke|p1|Swampert, F|\n|poke|p1|Basculegion, M|\n|poke|p1|Volcanion|\n|poke|p2|Zamazenta-*|\n|poke|p2|Grimmsnarl, M|\n|poke|p2|Landorus-Therian, M|\n|poke|p2|Sinistcha-Masterpiece|\n|poke|p2|Diancie|\n|poke|p2|Walking Wake|\n|teampreview\n|inactive|Battle timer is ON: inactive players will automatically lose when time's up. (requested by Shazamwhich)\n|\n|t:|1698973848\n|start\n|switch|p1a: Swampert|Swampert, F, shiny|100\/100\n|switch|p1b: Pelipper|Pelipper, F|100\/100\n|switch|p2a: Grimmsnarl|Grimmsnarl, M|100\/100\n|switch|p2b: Landorus|Landorus-Therian, M|100\/100\n|-ability|p2b: Landorus|Intimidate|boost\n|-unboost|p1a: Swampert|atk|1\n|-unboost|p1b: Pelipper|atk|1\n|-weather|RainDance|[from] ability: Drizzle|[of] p1b: Pelipper\n|turn|1\n|\n|t:|1698973877\n|detailschange|p1a: Swampert|Swampert-Mega, F, shiny\n|-mega|p1a: Swampert|Swampert|Swampertite\n|move|p2a: Grimmsnarl|Reflect|p2a: Grimmsnarl\n|-sidestart|p2: Shazamwhich|Reflect\n|move|p1a: Swampert|Flip Turn|p2a: Grimmsnarl\n|-damage|p2a: Grimmsnarl|82\/100\n|\n|t:|1698973887\n|switch|p1a: Greninja|Greninja, M|100\/100|[from] Flip Turn\n|move|p2b: Landorus|Knock Off|p1b: Pelipper\n|-damage|p1b: Pelipper|57\/100\n|-enditem|p1b: Pelipper|Damp Rock|[from] move: Knock Off|[of] p2b: Landorus\n|move|p1b: Pelipper|U-turn|p2b: Landorus\n|-resisted|p2b: Landorus\n|-damage|p2b: Landorus|98\/100\n|\n|t:|1698973896\n|switch|p1b: Basculegion|Basculegion, M|100\/100|[from] U-turn\n|\n|-weather|RainDance|[upkeep]\n|upkeep\n|turn|2\n|\n|t:|1698973912\n|-terastallize|p1b: Basculegion|Water\n|move|p2a: Grimmsnarl|Light Screen|p2a: Grimmsnarl\n|-sidestart|p2: Shazamwhich|move: Light Screen\n|move|p1b: Basculegion|Liquidation|p2a: Grimmsnarl\n|-damage|p2a: Grimmsnarl|9\/100\n|move|p2b: Landorus|Knock Off|p1b: Basculegion\n|-damage|p1b: Basculegion|52\/100\n|-enditem|p1b: Basculegion|Choice Band|[from] move: Knock Off|[of] p2b: Landorus\n|move|p1a: Greninja|Ice Beam|p2b: Landorus\n|-supereffective|p2b: Landorus\n|-damage|p2b: Landorus|0 fnt\n|faint|p2b: Landorus\n|-ability|p1a: Greninja|Battle Bond|boost\n|-boost|p1a: Greninja|atk|1\n|-boost|p1a: Greninja|spa|1\n|-boost|p1a: Greninja|spe|1\n|-activate|p1a: Greninja|ability: Battle Bond\n|\n|-weather|RainDance|[upkeep]\n|upkeep\n|\n|t:|1698973938\n|switch|p2b: Zamazenta|Zamazenta|100\/100\n|-ability|p2b: Zamazenta|Dauntless Shield|boost\n|-boost|p2b: Zamazenta|def|1\n|turn|3\n|\n|t:|1698973967\n|switch|p1b: Slowbro|Slowbro, M|100\/100\n|move|p2a: Grimmsnarl|Parting Shot|p1a: Greninja\n|-hint|Since gen 7, Dark is immune to Prankster moves.\n|-immune|p1a: Greninja\n|move|p1a: Greninja|Ice Beam|p2b: Zamazenta\n|-damage|p2b: Zamazenta|67\/100\n|move|p2b: Zamazenta|Coaching|p2a: Grimmsnarl\n|-boost|p2a: Grimmsnarl|atk|1\n|-boost|p2a: Grimmsnarl|def|1\n|\n|-weather|RainDance|[upkeep]\n|upkeep\n|turn|4\n|\n|t:|1698973985\n|move|p2a: Grimmsnarl|Parting Shot|p1b: Slowbro\n|-unboost|p1b: Slowbro|atk|1\n|-unboost|p1b: Slowbro|spa|1\n|\n|t:|1698973989\n|switch|p2a: Sinistcha|Sinistcha-Masterpiece|100\/100|[from] Parting Shot\n|-heal|p2b: Zamazenta|92\/100|[from] ability: Hospitality|[of] p2a: Sinistcha\n|move|p1a: Greninja|Ice Beam|p2a: Sinistcha\n|-supereffective|p2a: Sinistcha\n|-damage|p2a: Sinistcha|8\/100\n|-status|p2a: Sinistcha|frz\n|-enditem|p2a: Sinistcha|Weakness Policy\n|-boost|p2a: Sinistcha|atk|2|[from] item: Weakness Policy\n|-boost|p2a: Sinistcha|spa|2|[from] item: Weakness Policy\n|move|p2b: Zamazenta|Body Press|p1a: Greninja\n|-supereffective|p1a: Greninja\n|-damage|p1a: Greninja|0 fnt\n|faint|p1a: Greninja\n|-damage|p2b: Zamazenta|82\/100|[from] item: Life Orb\n|move|p1b: Slowbro|Future Sight|p2b: Zamazenta\n|-start|p1b: Slowbro|move: Future Sight\n|\n|-weather|RainDance|[upkeep]\n|upkeep\n|c|\u2606realspades|yippie\n|c|\u2606Shazamwhich|damn\n|\n|t:|1698974013\n|switch|p1a: Swampert|Swampert-Mega, F, shiny|100\/100\n|turn|5\n|\n|t:|1698974030\n|switch|p1b: Volcanion|Volcanion|100\/100\n|cant|p2a: Sinistcha|frz\n|move|p1a: Swampert|Flip Turn|p2a: Sinistcha\n|-resisted|p2a: Sinistcha\n|-damage|p2a: Sinistcha|0 fnt\n|faint|p2a: Sinistcha\n|\n|t:|1698974036\n|switch|p1a: Slowbro|Slowbro, M|100\/100|[from] Flip Turn\n|move|p2b: Zamazenta|Body Press|p1a: Slowbro\n|-resisted|p1a: Slowbro\n|-damage|p1a: Slowbro|75\/100\n|-damage|p2b: Zamazenta|73\/100|[from] item: Life Orb\n|\n|-weather|RainDance|[upkeep]\n|upkeep\n|c|\u2606realspades|that was a cool switch\n|c|\u2606realspades|icl\n|\n|t:|1698974045\n|switch|p2a: Walking Wake|Walking Wake|100\/100\n|-enditem|p2a: Walking Wake|Booster Energy\n|-activate|p2a: Walking Wake|ability: Protosynthesis|[fromitem]\n|-start|p2a: Walking Wake|protosynthesisspe\n|turn|6\n|c|\u2606realspades|like a boomerang\n|c|\u2606Shazamwhich|im salty bout the frz\n|c|\u2606Shazamwhich|icl\n|c|\u2606realspades|lol\n|c|\u2606realspades|same\n|inactive|realspades has 270 seconds left.\n|\n|t:|1698974086\n|move|p2b: Zamazenta|Wide Guard|p2b: Zamazenta\n|-singleturn|p2b: Zamazenta|Wide Guard\n|move|p2a: Walking Wake|Hydro Steam|p1a: Slowbro\n|-resisted|p1a: Slowbro\n|-damage|p1a: Slowbro|42\/100\n|move|p1b: Volcanion|Earth Power|p2a: Walking Wake\n|-damage|p2a: Walking Wake|76\/100\n|move|p1a: Slowbro|Teleport|p1a: Slowbro\n|\n|t:|1698974108\n|switch|p1a: Basculegion|Basculegion, M, tera:Water|52\/100|[from] Teleport\n|\n|-weather|RainDance|[upkeep]\n|-end|p2b: Zamazenta|move: Future Sight\n|-supereffective|p2b: Zamazenta\n|-damage|p2b: Zamazenta|31\/100\n|upkeep\n|turn|7\n|\n|t:|1698974132\n|switch|p1b: Swampert|Swampert-Mega, F, shiny|100\/100\n|move|p2a: Walking Wake|Dragon Pulse|p1b: Swampert\n|-damage|p1b: Swampert|62\/100\n|move|p1a: Basculegion|Liquidation|p2b: Zamazenta\n|-damage|p2b: Zamazenta|10\/100\n|-unboost|p2b: Zamazenta|def|1\n|move|p2b: Zamazenta|Body Press|p1a: Basculegion\n|-damage|p1a: Basculegion|0 fnt\n|faint|p1a: Basculegion\n|-damage|p2b: Zamazenta|0 fnt|[from] item: Life Orb\n|faint|p2b: Zamazenta\n|\n|-weather|RainDance|[upkeep]\n|upkeep\n|inactive|realspades has 270 seconds left.\n|\n|t:|1698974153\n|switch|p2b: Grimmsnarl|Grimmsnarl, M|9\/100\n|switch|p1a: Slowbro|Slowbro, M|75\/100\n|turn|8\n|inactive|realspades has 270 seconds left.\n|\n|t:|1698974178\n|move|p2b: Grimmsnarl|Parting Shot|p1b: Swampert\n|-unboost|p1b: Swampert|atk|1\n|-unboost|p1b: Swampert|spa|1\n|\n|t:|1698974182\n|switch|p2b: Ring Pop|Diancie|100\/100|[from] Parting Shot\n|move|p1b: Swampert|Flip Turn|p2b: Ring Pop\n|-supereffective|p2b: Ring Pop\n|-damage|p2b: Ring Pop|44\/100\n|\n|t:|1698974187\n|switch|p1b: Volcanion|Volcanion|100\/100|[from] Flip Turn\n|move|p2a: Walking Wake|Dragon Pulse|p1b: Volcanion\n|-damage|p1b: Volcanion|67\/100\n|move|p1a: Slowbro|Teleport|p1a: Slowbro\n|\n|t:|1698974192\n|switch|p1a: Pelipper|Pelipper, F|57\/100|[from] Teleport\n|\n|-weather|none\n|-sideend|p2: Shazamwhich|Reflect\n|upkeep\n|turn|9\n|inactive|realspades has 270 seconds left.\n|\n|t:|1698974216\n|-end|p2a: Walking Wake|Protosynthesis|[silent]\n|switch|p2a: Grimmsnarl|Grimmsnarl, M|9\/100\n|switch|p1a: Slowbro|Slowbro, M|100\/100\n|detailschange|p2b: Ring Pop|Diancie-Mega\n|-mega|p2b: Ring Pop|Diancie|Diancite\n|move|p2b: Ring Pop|Diamond Storm|p1b: Volcanion|[spread] p1a,p1b\n|-supereffective|p1b: Volcanion\n|-damage|p1a: Slowbro|77\/100\n|-damage|p1b: Volcanion|0 fnt\n|faint|p1b: Volcanion\n|\n|-sideend|p2: Shazamwhich|move: Light Screen\n|upkeep\n|inactive|realspades has 270 seconds left.\n|\n|t:|1698974229\n|switch|p1b: Pelipper|Pelipper, F|57\/100\n|-weather|RainDance|[from] ability: Drizzle|[of] p1b: Pelipper\n|turn|10\n|inactive|realspades has 270 seconds left.\n|\n|t:|1698974254\n|move|p2a: Grimmsnarl|Reflect|p2a: Grimmsnarl\n|-sidestart|p2: Shazamwhich|Reflect\n|move|p2b: Ring Pop|Diamond Storm|p1b: Pelipper|[spread] p1a,p1b\n|-supereffective|p1b: Pelipper\n|-damage|p1a: Slowbro|54\/100\n|-damage|p1b: Pelipper|0 fnt\n|faint|p1b: Pelipper\n|move|p1a: Slowbro|Scald|p2b: Ring Pop\n|-supereffective|p2b: Ring Pop\n|-damage|p2b: Ring Pop|0 fnt\n|faint|p2b: Ring Pop\n|\n|-weather|RainDance|[upkeep]\n|upkeep\n|\n|t:|1698974263\n|switch|p2b: Walking Wake|Walking Wake|76\/100\n|switch|p1b: Swampert|Swampert-Mega, F, shiny|62\/100\n|turn|11\n|inactive|realspades has 270 seconds left.\n|\n|t:|1698974314\n|move|p2a: Grimmsnarl|Light Screen|p2a: Grimmsnarl\n|-sidestart|p2: Shazamwhich|move: Light Screen\n|move|p1b: Swampert|Waterfall|p2a: Grimmsnarl\n|-damage|p2a: Grimmsnarl|0 fnt\n|faint|p2a: Grimmsnarl\n|move|p2b: Walking Wake|Dragon Pulse|p1b: Swampert\n|-damage|p1b: Swampert|24\/100\n|move|p1a: Slowbro|Slack Off|p1a: Slowbro\n|-heal|p1a: Slowbro|100\/100\n|\n|-weather|RainDance|[upkeep]\n|upkeep\n|turn|12\n|inactive|realspades has 270 seconds left.\n|\n|t:|1698974340\n|-terastallize|p2b: Walking Wake|Steel\n|move|p1b: Swampert|Ice Punch|p2b: Walking Wake\n|-resisted|p2b: Walking Wake\n|-damage|p2b: Walking Wake|66\/100\n|move|p2b: Walking Wake|Dragon Pulse|p1b: Swampert\n|-damage|p1b: Swampert|0 fnt\n|faint|p1b: Swampert\n|move|p1a: Slowbro|Future Sight|p2b: Walking Wake\n|-start|p1a: Slowbro|move: Future Sight\n|\n|-weather|RainDance|[upkeep]\n|upkeep\n|turn|13\n|inactive|realspades has 270 seconds left.\n|\n|t:|1698974356\n|move|p2b: Walking Wake|Hydro Steam|p1a: Slowbro\n|-resisted|p1a: Slowbro\n|-damage|p1a: Slowbro|70\/100\n|move|p1a: Slowbro|Slack Off|p1a: Slowbro\n|-heal|p1a: Slowbro|100\/100\n|\n|-weather|RainDance|[upkeep]\n|upkeep\n|turn|14\n|\n|t:|1698974364\n|move|p2b: Walking Wake|Tera Blast|p1a: Slowbro|[anim] Tera Blast Steel\n|-resisted|p1a: Slowbro\n|-damage|p1a: Slowbro|81\/100\n|move|p1a: Slowbro|Scald|p2b: Walking Wake\n|-damage|p2b: Walking Wake|33\/100\n|-status|p2b: Walking Wake|brn\n|\n|-weather|none\n|-end|p2b: Walking Wake|move: Future Sight\n|-resisted|p2b: Walking Wake\n|-damage|p2b: Walking Wake|16\/100 brn\n|-damage|p2b: Walking Wake|9\/100 brn|[from] brn\n|upkeep\n|turn|15\n|c|\u2606realspades|damn\n|c|\u2606Shazamwhich|lmae\n|c|\u2606realspades|lol\n|\n|t:|1698974383\n|move|p2b: Walking Wake|Dragon Pulse|p1a: Slowbro\n|-damage|p1a: Slowbro|35\/100\n|move|p1a: Slowbro|Scald|p2b: Walking Wake\n|-damage|p2b: Walking Wake|0 fnt\n|faint|p2b: Walking Wake\n|-end|p2b: Walking Wake|Protosynthesis|[silent]\n|\n|win|realspades\n|c|\u2606Shazamwhich|wp\n","uploadtime":1698974392,"views":4,"p1id":"realspades","p2id":"shazamwhich","formatid":"gen9nationaldexdoubles","rating":0,"private":0,"password":""}