{"id":"gen9nationaldexdoubles-1998490837","p1":"Mr Green Tea","p2":"vodoosaint","format":"[Gen 9] National Dex Doubles","log":"|j|\u2606Mr Green Tea\n|j|\u2606vodoosaint\n|t:|1700948278\n|gametype|doubles\n|player|p1|Mr Green Tea|burglar|1223\n|player|p2|vodoosaint|preschooler|1100\n|teamsize|p1|6\n|teamsize|p2|6\n|gen|9\n|tier|[Gen 9] National Dex Doubles\n|rated|\n|rule|HP Percentage Mod: HP is shown in percentages\n|rule|Endless Battle Clause: Forcing endless battles is banned\n|rule|OHKO Clause: OHKO moves are banned\n|rule|Evasion Moves Clause: Evasion moves are banned\n|rule|Evasion Abilities Clause: Evasion abilities are banned\n|rule|Species Clause: Limit one of each Pok\u00e9mon\n|rule|Gravity Sleep Clause: The combination of sleep-inducing moves with imperfect accuracy and Gravity or Gigantamax Orbeetle are banned\n|clearpoke\n|poke|p1|Sinistcha|\n|poke|p1|Incineroar, M|\n|poke|p1|Great Tusk|\n|poke|p1|Golisopod, M|\n|poke|p1|Ogerpon-Cornerstone, F|\n|poke|p1|Ninetales-Alola, F|\n|poke|p2|Gardevoir, F|\n|poke|p2|Sylveon, F|\n|poke|p2|Altaria, M|\n|poke|p2|Clefable, M|\n|poke|p2|Weezing-Galar, M|\n|poke|p2|Diancie|\n|teampreview\n|\n|t:|1700948307\n|start\n|switch|p1a: Incineroar|Incineroar, M|100\/100\n|switch|p1b: Golisopod|Golisopod, M|100\/100\n|switch|p2a: Weezing|Weezing-Galar, M|100\/100\n|switch|p2b: Diancie|Diancie|100\/100\n|-ability|p1a: Incineroar|Intimidate|boost\n|-unboost|p2a: Weezing|atk|1\n|-fail|p2b: Diancie|unboost|[from] ability: Clear Body|[of] p2b: Diancie\n|-fieldstart|move: Misty Terrain|[from] ability: Misty Surge|[of] p2a: Weezing\n|turn|1\n|\n|t:|1700948330\n|move|p1a: Incineroar|Fake Out|p2b: Diancie\n|-resisted|p2b: Diancie\n|-damage|p2b: Diancie|97\/100\n|-damage|p1a: Incineroar|84\/100|[from] item: Rocky Helmet|[of] p2b: Diancie\n|move|p2a: Weezing|Sludge Bomb|p1b: Golisopod\n|-damage|p1b: Golisopod|72\/100\n|move|p1b: Golisopod|Knock Off|p2a: Weezing\n|-resisted|p2a: Weezing\n|-damage|p2a: Weezing|89\/100\n|-enditem|p2a: Weezing|Leftovers|[from] move: Knock Off|[of] p1b: Golisopod\n|cant|p2b: Diancie|flinch\n|\n|upkeep\n|turn|2\n|\n|t:|1700948356\n|move|p1a: Incineroar|Parting Shot|p2b: Diancie\n|-fail|p2b: Diancie|unboost|[from] ability: Clear Body|[of] p2b: Diancie\n|move|p2a: Weezing|Sludge Bomb|p1b: Golisopod\n|-damage|p1b: Golisopod|43\/100\n|-activate|p1b: Golisopod|ability: Emergency Exit\n|\n|t:|1700948367\n|switch|p1b: Ninetales|Ninetales-Alola, F|100\/100\n|-weather|Snow|[from] ability: Snow Warning|[of] p1b: Ninetales\n|move|p2b: Diancie|Earth Power|p1a: Incineroar\n|-supereffective|p1a: Incineroar\n|-damage|p1a: Incineroar|43\/100\n|\n|-weather|Snow|[upkeep]\n|upkeep\n|turn|3\n|\n|t:|1700948396\n|move|p1b: Ninetales|Aurora Veil|p1b: Ninetales\n|-sidestart|p1: Mr Green Tea|move: Aurora Veil\n|move|p1a: Incineroar|Parting Shot|p2a: Weezing\n|-unboost|p2a: Weezing|atk|1\n|-unboost|p2a: Weezing|spa|1\n|\n|t:|1700948406\n|switch|p1a: Sinistcha|Sinistcha|100\/100|[from] Parting Shot\n|move|p2a: Weezing|Sludge Bomb|p1b: Ninetales\n|-supereffective|p1b: Ninetales\n|-damage|p1b: Ninetales|77\/100\n|move|p2b: Diancie|Earth Power|p1a: Sinistcha\n|-resisted|p1a: Sinistcha\n|-damage|p1a: Sinistcha|91\/100\n|\n|-weather|Snow|[upkeep]\n|upkeep\n|turn|4\n|\n|t:|1700948441\n|switch|p1b: Great Tusk|Great Tusk|100\/100\n|-enditem|p1b: Great Tusk|Booster Energy\n|-activate|p1b: Great Tusk|ability: Protosynthesis|[fromitem]\n|-start|p1b: Great Tusk|protosynthesisspe\n|move|p1a: Sinistcha|Matcha Gotcha|p2a: Weezing|[spread] p2a,p2b\n|-resisted|p2a: Weezing\n|-supereffective|p2b: Diancie\n|-damage|p2a: Weezing|71\/100\n|-heal|p1a: Sinistcha|99\/100|[from] drain|[of] p2a: Weezing\n|-damage|p2b: Diancie|56\/100\n|-heal|p1a: Sinistcha|100\/100|[from] drain|[of] p2b: Diancie\n|move|p2a: Weezing|Sludge Bomb|p1b: Great Tusk\n|-resisted|p1b: Great Tusk\n|-damage|p1b: Great Tusk|92\/100\n|move|p2b: Diancie|Moonblast|p1a: Sinistcha\n|-damage|p1a: Sinistcha|69\/100\n|-unboost|p1a: Sinistcha|spa|1\n|\n|-weather|Snow|[upkeep]\n|upkeep\n|turn|5\n|\n|t:|1700948471\n|move|p1b: Great Tusk|Bulk Up|p1b: Great Tusk\n|-boost|p1b: Great Tusk|atk|1\n|-boost|p1b: Great Tusk|def|1\n|move|p1a: Sinistcha|Matcha Gotcha|p2b: Diancie|[spread] p2a,p2b\n|-resisted|p2a: Weezing\n|-supereffective|p2b: Diancie\n|-damage|p2a: Weezing|59\/100\n|-heal|p1a: Sinistcha|75\/100|[from] drain|[of] p2a: Weezing\n|-damage|p2b: Diancie|30\/100\n|-heal|p1a: Sinistcha|87\/100|[from] drain|[of] p2b: Diancie\n|move|p2a: Weezing|Strange Steam|p1b: Great Tusk\n|-supereffective|p1b: Great Tusk\n|-damage|p1b: Great Tusk|61\/100\n|move|p2b: Diancie|Moonblast|p1a: Sinistcha\n|-damage|p1a: Sinistcha|54\/100\n|\n|-weather|Snow|[upkeep]\n|-fieldend|Misty Terrain\n|upkeep\n|turn|6\n|\n|t:|1700948517\n|switch|p1a: Incineroar|Incineroar, M|43\/100\n|-ability|p1a: Incineroar|Intimidate|boost\n|-unboost|p2a: Weezing|atk|1\n|-fail|p2b: Diancie|unboost|[from] ability: Clear Body|[of] p2b: Diancie\n|move|p1b: Great Tusk|Headlong Rush|p2b: Diancie\n|-supereffective|p2b: Diancie\n|-damage|p2b: Diancie|0 fnt\n|-unboost|p1b: Great Tusk|def|1\n|-unboost|p1b: Great Tusk|spd|1\n|-damage|p1b: Great Tusk|44\/100|[from] item: Rocky Helmet|[of] p2b: Diancie\n|faint|p2b: Diancie\n|move|p2a: Weezing|Haze|p2a: Weezing\n|-clearallboost\n|\n|-weather|none\n|upkeep\n|\n|t:|1700948556\n|switch|p2b: Clefable|Clefable, M|100\/100\n|turn|7\n|\n|t:|1700948567\n|move|p1a: Incineroar|Fake Out|p2b: Clefable\n|-damage|p2b: Clefable|88\/100\n|move|p1b: Great Tusk|Headlong Rush|p2a: Weezing\n|-supereffective|p2a: Weezing\n|-damage|p2a: Weezing|0 fnt\n|-unboost|p1b: Great Tusk|def|1\n|-unboost|p1b: Great Tusk|spd|1\n|faint|p2a: Weezing\n|cant|p2b: Clefable|flinch\n|\n|upkeep\n|\n|t:|1700948578\n|switch|p2a: Gardevoir|Gardevoir, F|100\/100\n|turn|8\n|\n|t:|1700948587\n|move|p1b: Great Tusk|Ice Spinner|p2a: Gardevoir\n|-damage|p2a: Gardevoir|62\/100\n|move|p2a: Gardevoir|Psyshock|p1b: Great Tusk\n|-supereffective|p1b: Great Tusk\n|-damage|p1b: Great Tusk|0 fnt\n|faint|p1b: Great Tusk\n|-end|p1b: Great Tusk|Protosynthesis|[silent]\n|move|p1a: Incineroar|Knock Off|p2a: Gardevoir\n|-damage|p2a: Gardevoir|0 fnt\n|-enditem|p2a: Gardevoir|Expert Belt|[from] move: Knock Off|[of] p1a: Incineroar\n|faint|p2a: Gardevoir\n|move|p2b: Clefable|Moonblast|p1a: Incineroar\n|-damage|p1a: Incineroar|14\/100\n|-unboost|p1a: Incineroar|spa|1\n|\n|upkeep\n|\n|t:|1700948603\n|switch|p1b: Ninetales|Ninetales-Alola, F|77\/100\n|switch|p2a: Sylveon|Sylveon, F|100\/100\n|-weather|Snow|[from] ability: Snow Warning|[of] p1b: Ninetales\n|turn|9\n|inactive|Battle timer is ON: inactive players will automatically lose when time's up. (requested by vodoosaint)\n|\n|t:|1700948636\n|move|p1b: Ninetales|Freeze-Dry|p2a: Sylveon\n|-crit|p2a: Sylveon\n|-damage|p2a: Sylveon|78\/100\n|move|p2b: Clefable|Flamethrower|p1b: Ninetales\n|-supereffective|p1b: Ninetales\n|-damage|p1b: Ninetales|29\/100\n|move|p1a: Incineroar|Parting Shot|p2a: Sylveon\n|-unboost|p2a: Sylveon|atk|1\n|-unboost|p2a: Sylveon|spa|1\n|\n|t:|1700948646\n|switch|p1a: Ogerpon|Ogerpon-Cornerstone, F|100\/100|[from] Parting Shot\n|move|p2a: Sylveon|Moonblast|p1a: Ogerpon\n|-damage|p1a: Ogerpon|76\/100\n|\n|-weather|Snow|[upkeep]\n|-heal|p2a: Sylveon|85\/100|[from] item: Leftovers\n|upkeep\n|turn|10\n|\n|t:|1700948662\n|switch|p1b: Incineroar|Incineroar, M|14\/100\n|-ability|p1b: Incineroar|Intimidate|boost\n|-unboost|p2a: Sylveon|atk|1\n|-unboost|p2b: Clefable|atk|1\n|move|p1a: Ogerpon|Swords Dance|p1a: Ogerpon\n|-boost|p1a: Ogerpon|atk|2\n|move|p2b: Clefable|Flamethrower|p1b: Incineroar\n|-resisted|p1b: Incineroar\n|-damage|p1b: Incineroar|5\/100\n|move|p2a: Sylveon|Calm Mind|p2a: Sylveon\n|-boost|p2a: Sylveon|spa|1\n|-boost|p2a: Sylveon|spd|1\n|\n|-weather|Snow|[upkeep]\n|-heal|p2a: Sylveon|91\/100|[from] item: Leftovers\n|-sideend|p1: Mr Green Tea|move: Aurora Veil\n|upkeep\n|turn|11\n|\n|t:|1700948683\n|move|p1b: Incineroar|Fake Out|p2a: Sylveon\n|-damage|p2a: Sylveon|77\/100\n|move|p1a: Ogerpon|Ivy Cudgel|p2a: Sylveon|[anim] Ivy Cudgel Rock\n|-damage|p2a: Sylveon|0 fnt\n|faint|p2a: Sylveon\n|move|p2b: Clefable|Flamethrower|p1a: Ogerpon\n|-damage|p1a: Ogerpon|36\/100\n|\n|-weather|Snow|[upkeep]\n|upkeep\n|\n|t:|1700948694\n|switch|p2a: Altaria|Altaria, M|100\/100\n|turn|12\n|\n|t:|1700948706\n|detailschange|p2a: Altaria|Altaria-Mega, M\n|-mega|p2a: Altaria|Altaria|Altarianite\n|move|p1a: Ogerpon|Ivy Cudgel|p2a: Altaria|[anim] Ivy Cudgel Rock\n|-crit|p2a: Altaria\n|-damage|p2a: Altaria|0 fnt\n|faint|p2a: Altaria\n|move|p2b: Clefable|Flamethrower|p1a: Ogerpon\n|-damage|p1a: Ogerpon|0 fnt\n|faint|p1a: Ogerpon\n|move|p1b: Incineroar|Parting Shot|p2b: Clefable\n|-unboost|p2b: Clefable|atk|1\n|-unboost|p2b: Clefable|spa|1\n|-message|vodoosaint forfeited.\n|\n|win|Mr Green Tea\n|raw|Mr Green Tea's rating: 1223 &rarr; <strong>1240<\/strong><br \/>(+17 for winning)\n|raw|vodoosaint's rating: 1100 &rarr; <strong>1083<\/strong><br \/>(-17 for losing)\n|l|\u2606vodoosaint\n","uploadtime":1700948729,"views":1,"p1id":"mrgreentea","p2id":"vodoosaint","formatid":"gen9nationaldexdoubles","rating":1083,"private":0,"password":""}