{"id":"gen9nationaldexdoubles-1979882383","p1":"Denvah_17","p2":"JulioDeJuan","format":"[Gen 9] National Dex Doubles","log":"|j|\u2606Denvah_17\n|j|\u2606JulioDeJuan\n|t:|1698723839\n|gametype|doubles\n|player|p1|Denvah_17|alder|1360\n|player|p2|JulioDeJuan|marlon|1414\n|teamsize|p1|6\n|teamsize|p2|6\n|gen|9\n|tier|[Gen 9] National Dex Doubles\n|rated|\n|rule|HP Percentage Mod: HP is shown in percentages\n|rule|Endless Battle Clause: Forcing endless battles is banned\n|rule|OHKO Clause: OHKO moves are banned\n|rule|Evasion Moves Clause: Evasion moves are banned\n|rule|Evasion Abilities Clause: Evasion abilities are banned\n|rule|Species Clause: Limit one of each Pok\u00e9mon\n|rule|Gravity Sleep Clause: The combination of sleep-inducing moves with imperfect accuracy and Gravity or Gigantamax Orbeetle are banned\n|clearpoke\n|poke|p1|Sinistcha-Masterpiece|\n|poke|p1|Diancie|\n|poke|p1|Okidogi, M|\n|poke|p1|Ursaluna-Bloodmoon, M|\n|poke|p1|Volcanion|\n|poke|p1|Golisopod, F|\n|poke|p2|Urshifu-*, M|\n|poke|p2|Tornadus, M|\n|poke|p2|Vivillon, F|\n|poke|p2|Chien-Pao|\n|poke|p2|Chi-Yu|\n|poke|p2|Landorus-Therian, M|\n|teampreview\n|inactive|Battle timer is ON: inactive players will automatically lose when time's up. (requested by Denvah_17)\n|\n|t:|1698723857\n|start\n|switch|p1a: NowThisIsPodRacing|Golisopod, F|100\/100\n|switch|p1b: Dogecoin|Okidogi, M|100\/100\n|switch|p2a: Tornadus|Tornadus, M|100\/100\n|switch|p2b: Vivillon|Vivillon, F|100\/100\n|turn|1\n|\n|t:|1698723875\n|switch|p1a: Grass Latte|Sinistcha-Masterpiece|100\/100\n|move|p2a: Tornadus|Tailwind|p2a: Tornadus\n|-sidestart|p2: JulioDeJuan|move: Tailwind\n|move|p2b: Vivillon|Sleep Powder|p1b: Dogecoin\n|-status|p1b: Dogecoin|slp|[from] move: Sleep Powder\n|cant|p1b: Dogecoin|slp\n|\n|upkeep\n|turn|2\n|\n|t:|1698723892\n|move|p2a: Tornadus|Bleakwind Storm|p1b: Dogecoin|[spread] p1a\n|-miss|p2a: Tornadus|p1b: Dogecoin\n|-supereffective|p1a: Grass Latte\n|-damage|p1a: Grass Latte|21\/100\n|-enditem|p1a: Grass Latte|Weakness Policy\n|-boost|p1a: Grass Latte|atk|2|[from] item: Weakness Policy\n|-boost|p1a: Grass Latte|spa|2|[from] item: Weakness Policy\n|move|p2b: Vivillon|Hurricane|p1a: Grass Latte|[miss]\n|-miss|p2b: Vivillon|p1a: Grass Latte\n|-curestatus|p1b: Dogecoin|slp|[msg]\n|move|p1b: Dogecoin|Ice Punch|p2a: Tornadus\n|-supereffective|p2a: Tornadus\n|-damage|p2a: Tornadus|8\/100\n|-enditem|p2a: Tornadus|Aguav Berry|[eat]\n|-heal|p2a: Tornadus|41\/100|[from] item: Aguav Berry\n|move|p1a: Grass Latte|Calm Mind|p1a: Grass Latte\n|-boost|p1a: Grass Latte|spa|1\n|-boost|p1a: Grass Latte|spd|1\n|\n|upkeep\n|turn|3\n|\n|t:|1698723916\n|move|p2a: Tornadus|Substitute|p2a: Tornadus\n|-start|p2a: Tornadus|Substitute\n|-damage|p2a: Tornadus|16\/100\n|move|p2b: Vivillon|Sleep Powder|p1b: Dogecoin\n|-status|p1b: Dogecoin|slp|[from] move: Sleep Powder\n|cant|p1b: Dogecoin|slp\n|move|p1a: Grass Latte|Matcha Gotcha|p2b: Vivillon|[spread] p2a,p2b\n|-resisted|p2a: Tornadus\n|-end|p2a: Tornadus|Substitute\n|-heal|p1a: Grass Latte|34\/100|[from] drain|[of] p2a: Tornadus\n|-resisted|p2b: Vivillon\n|-damage|p2b: Vivillon|68\/100\n|-heal|p1a: Grass Latte|52\/100|[from] drain|[of] p2b: Vivillon\n|-status|p2b: Vivillon|brn\n|\n|-damage|p2b: Vivillon|62\/100 brn|[from] brn\n|upkeep\n|turn|4\n|\n|t:|1698723927\n|move|p2a: Tornadus|Bleakwind Storm|p1b: Dogecoin|[spread] p1a,p1b\n|-supereffective|p1a: Grass Latte\n|-crit|p1a: Grass Latte\n|-supereffective|p1b: Dogecoin\n|-damage|p1a: Grass Latte|0 fnt\n|-damage|p1b: Dogecoin|46\/100 slp\n|-unboost|p1b: Dogecoin|spe|1\n|faint|p1a: Grass Latte\n|move|p2b: Vivillon|Hurricane|p1b: Dogecoin\n|-supereffective|p1b: Dogecoin\n|-damage|p1b: Dogecoin|0 fnt\n|faint|p1b: Dogecoin\n|\n|-damage|p2b: Vivillon|56\/100 brn|[from] brn\n|-sideend|p2: JulioDeJuan|move: Tailwind\n|upkeep\n|\n|t:|1698723934\n|switch|p1b: Rihanna|Diancie, shiny|100\/100\n|switch|p1a: NowThisIsPodRacing|Golisopod, F|100\/100\n|turn|5\n|\n|t:|1698723946\n|move|p1a: NowThisIsPodRacing|Wide Guard|p1a: NowThisIsPodRacing\n|-singleturn|p1a: NowThisIsPodRacing|Wide Guard\n|move|p2a: Tornadus|Tailwind|p2a: Tornadus\n|-sidestart|p2: JulioDeJuan|move: Tailwind\n|move|p2b: Vivillon|Sleep Powder|p1a: NowThisIsPodRacing\n|-status|p1a: NowThisIsPodRacing|slp|[from] move: Sleep Powder\n|move|p1b: Rihanna|Diamond Storm|p2b: Vivillon|[spread] p2a,p2b\n|-supereffective|p2a: Tornadus\n|-supereffective|p2b: Vivillon\n|-damage|p2a: Tornadus|0 fnt\n|-damage|p2b: Vivillon|0 fnt\n|-boost|p1b: Rihanna|def|2\n|faint|p2a: Tornadus\n|faint|p2b: Vivillon\n|\n|upkeep\n|\n|t:|1698723959\n|switch|p2a: Chien-Pao|Chien-Pao|100\/100\n|switch|p2b: Urshifu|Urshifu-Rapid-Strike, M|100\/100\n|-ability|p2a: Chien-Pao|Sword of Ruin\n|turn|6\n|\n|t:|1698723986\n|switch|p1a: Freddy Fazbear|Ursaluna-Bloodmoon, M|100\/100\n|-terastallize|p2a: Chien-Pao|Dark\n|move|p2a: Chien-Pao|Throat Chop|p1a: Freddy Fazbear\n|-damage|p1a: Freddy Fazbear|11\/100\n|-start|p1a: Freddy Fazbear|Throat Chop|[silent]\n|move|p2b: Urshifu|Surging Strikes|p1b: Rihanna\n|-supereffective|p1b: Rihanna\n|-crit|p1b: Rihanna\n|-damage|p1b: Rihanna|40\/100\n|-enditem|p1b: Rihanna|Weakness Policy\n|-boost|p1b: Rihanna|atk|2|[from] item: Weakness Policy\n|-boost|p1b: Rihanna|spa|2|[from] item: Weakness Policy\n|-supereffective|p1b: Rihanna\n|-crit|p1b: Rihanna\n|-damage|p1b: Rihanna|0 fnt\n|faint|p1b: Rihanna\n|-hitcount|p1: Rihanna|2\n|\n|-heal|p1a: Freddy Fazbear|17\/100|[from] item: Leftovers\n|upkeep\n|\n|t:|1698724000\n|switch|p1b: NowThisIsPodRacing|Golisopod, F|100\/100 slp\n|turn|7\n|\n|t:|1698724008\n|cant|p1b: NowThisIsPodRacing|slp\n|move|p2a: Chien-Pao|Throat Chop|p2b: Urshifu\n|-resisted|p2b: Urshifu\n|-crit|p2b: Urshifu\n|-damage|p2b: Urshifu|31\/100\n|-start|p2b: Urshifu|Throat Chop|[silent]\n|move|p2b: Urshifu|Surging Strikes|p1a: Freddy Fazbear\n|-supereffective|p1a: Freddy Fazbear\n|-crit|p1a: Freddy Fazbear\n|-damage|p1a: Freddy Fazbear|0 fnt\n|faint|p1a: Freddy Fazbear\n|-hitcount|p1: Freddy Fazbear|1\n|\n|upkeep\n|\n|t:|1698724011\n|switch|p1a: Mr. Saxobeat|Volcanion|100\/100\n|turn|8\n|\n|t:|1698724023\n|-terastallize|p1a: Mr. Saxobeat|Fire\n|-curestatus|p1b: NowThisIsPodRacing|slp|[msg]\n|move|p1b: NowThisIsPodRacing|Aqua Jet|p2a: Chien-Pao\n|-damage|p2a: Chien-Pao|63\/100\n|-damage|p1b: NowThisIsPodRacing|91\/100|[from] item: Life Orb\n|move|p2a: Chien-Pao|Throat Chop|p1a: Mr. Saxobeat\n|-damage|p1a: Mr. Saxobeat|9\/100\n|-start|p1a: Mr. Saxobeat|Throat Chop|[silent]\n|move|p2b: Urshifu|Surging Strikes|p1b: NowThisIsPodRacing\n|-resisted|p1b: NowThisIsPodRacing\n|-crit|p1b: NowThisIsPodRacing\n|-damage|p1b: NowThisIsPodRacing|75\/100\n|-resisted|p1b: NowThisIsPodRacing\n|-crit|p1b: NowThisIsPodRacing\n|-damage|p1b: NowThisIsPodRacing|60\/100\n|-resisted|p1b: NowThisIsPodRacing\n|-crit|p1b: NowThisIsPodRacing\n|-damage|p1b: NowThisIsPodRacing|45\/100\n|-hitcount|p1b: NowThisIsPodRacing|3\n|move|p1a: Mr. Saxobeat|Heat Wave|p2b: Urshifu|[spread] p2a,p2b\n|-resisted|p2b: Urshifu\n|-damage|p2a: Chien-Pao|0 fnt\n|-damage|p2b: Urshifu|0 fnt\n|faint|p2a: Chien-Pao\n|faint|p2b: Urshifu\n|\n|-heal|p1a: Mr. Saxobeat|15\/100|[from] item: Leftovers\n|-sideend|p2: JulioDeJuan|move: Tailwind\n|upkeep\n|\n|t:|1698724039\n|switch|p2a: Landorus|Landorus-Therian, M|100\/100\n|switch|p2b: Chi-Yu|Chi-Yu|100\/100\n|-ability|p2b: Chi-Yu|Beads of Ruin\n|-ability|p2a: Landorus|Intimidate|boost\n|-unboost|p1a: Mr. Saxobeat|atk|1\n|-unboost|p1b: NowThisIsPodRacing|atk|1\n|turn|9\n|\n|t:|1698724066\n|move|p1b: NowThisIsPodRacing|Wide Guard|p1b: NowThisIsPodRacing\n|-singleturn|p1b: NowThisIsPodRacing|Wide Guard\n|move|p2b: Chi-Yu|Heat Wave|p1b: NowThisIsPodRacing|[spread] \n|-activate|p1a: Mr. Saxobeat|move: Wide Guard\n|-activate|p1b: NowThisIsPodRacing|move: Wide Guard\n|move|p2a: Landorus|Earthquake|p1a: Mr. Saxobeat|[spread] p2b\n|-activate|p1a: Mr. Saxobeat|move: Wide Guard\n|-activate|p1b: NowThisIsPodRacing|move: Wide Guard\n|-supereffective|p2b: Chi-Yu\n|-damage|p2b: Chi-Yu|0 fnt\n|faint|p2b: Chi-Yu\n|move|p1a: Mr. Saxobeat|Steam Eruption|p2a: Landorus\n|-supereffective|p2a: Landorus\n|-damage|p2a: Landorus|0 fnt\n|faint|p2a: Landorus\n|\n|win|Denvah_17\n|raw|Denvah_17's rating: 1360 &rarr; <strong>1383<\/strong><br \/>(+23 for winning)\n|raw|JulioDeJuan's rating: 1414 &rarr; <strong>1391<\/strong><br \/>(-23 for losing)\n|l|\u2606JulioDeJuan\n","uploadtime":1698724083,"views":7,"p1id":"denvah17","p2id":"juliodejuan","formatid":"gen9nationaldexdoubles","rating":1383,"private":0,"password":""}