{"id":"gen9nationaldexdoubles-1956232158","p1":"PJewe","p2":"harvestmarc","format":"[Gen 9] National Dex Doubles","log":"|j|\u2606PJewe\n|j|\u2606harvestmarc\n|t:|1696087937\n|gametype|doubles\n|player|p1|PJewe|wallace|\n|player|p2|harvestmarc|caitlin|\n|teamsize|p1|6\n|teamsize|p2|6\n|gen|9\n|tier|[Gen 9] National Dex Doubles\n|rule|HP Percentage Mod: HP is shown in percentages\n|rule|Endless Battle Clause: Forcing endless battles is banned\n|rule|OHKO Clause: OHKO moves are banned\n|rule|Evasion Moves Clause: Evasion moves are banned\n|rule|Evasion Abilities Clause: Evasion abilities are banned\n|rule|Species Clause: Limit one of each Pok\u00e9mon\n|rule|Gravity Sleep Clause: The combination of sleep-inducing moves with imperfect accuracy and Gravity or Gigantamax Orbeetle are banned\n|clearpoke\n|poke|p1|Ambipom, F|\n|poke|p1|Pelipper, F|\n|poke|p1|Gastrodon, F|\n|poke|p1|Overqwil, M|\n|poke|p1|Amoonguss, M|\n|poke|p1|Gholdengo|\n|poke|p2|Lilligant-Hisui, F|\n|poke|p2|Indeedee-F, F|\n|poke|p2|Torkoal, M|\n|poke|p2|Hatterene, F|\n|poke|p2|Armarouge, F|\n|poke|p2|Ursaluna, F|\n|teampreview\n|j| german_mg53\n|\n|t:|1696087973\n|start\n|switch|p1a: pim pam|Ambipom, F|100\/100\n|switch|p1b: k11l the rich|Gholdengo|100\/100\n|switch|p2a: Manierista|Indeedee-F, F, shiny|100\/100\n|switch|p2b: Rom\u00e1nico|Ursaluna, F|100\/100\n|-fieldstart|move: Psychic Terrain|[from] ability: Psychic Surge|[of] p2a: Manierista\n|turn|1\n|\n|t:|1696088032\n|move|p2b: Rom\u00e1nico|Protect|p2b: Rom\u00e1nico\n|-singleturn|p2b: Rom\u00e1nico|Protect\n|move|p1a: pim pam|Return|p2a: Manierista\n|-damage|p2a: Manierista|24\/100\n|-damage|p1a: pim pam|84\/100|[from] item: Rocky Helmet|[of] p2a: Manierista\n|-damage|p1a: pim pam|74\/100|[from] item: Life Orb\n|move|p1b: k11l the rich|Make It Rain|p2b: Rom\u00e1nico|[spread] p2a\n|-activate|p2b: Rom\u00e1nico|move: Protect\n|-damage|p2a: Manierista|0 fnt\n|-unboost|p1b: k11l the rich|spa|1\n|faint|p2a: Manierista\n|\n|-status|p2b: Rom\u00e1nico|brn|[from] item: Flame Orb\n|upkeep\n|\n|t:|1696088056\n|switch|p2a: Rococ\u00f3|Hatterene, F, shiny|100\/100\n|turn|2\n|\n|t:|1696088079\n|-terastallize|p2a: Rococ\u00f3|Water\n|move|p1a: pim pam|Return|p2b: Rom\u00e1nico\n|-damage|p2b: Rom\u00e1nico|57\/100 brn\n|-damage|p1a: pim pam|64\/100|[from] item: Life Orb\n|move|p1b: k11l the rich|Make It Rain|p2b: Rom\u00e1nico|[spread] p2a,p2b\n|-resisted|p2a: Rococ\u00f3\n|-damage|p2a: Rococ\u00f3|83\/100\n|-damage|p2b: Rom\u00e1nico|28\/100 brn\n|-unboost|p1b: k11l the rich|spa|1\n|move|p2b: Rom\u00e1nico|Facade|p1a: pim pam\n|-damage|p1a: pim pam|0 fnt\n|faint|p1a: pim pam\n|move|p2a: Rococ\u00f3|Trick Room|p2a: Rococ\u00f3\n|-fieldstart|move: Trick Room|[of] p2a: Rococ\u00f3\n|\n|-damage|p2b: Rom\u00e1nico|22\/100 brn|[from] brn\n|upkeep\n|\n|t:|1696088099\n|switch|p1a: sus|Amoonguss, M|100\/100\n|turn|3\n|\n|t:|1696088130\n|move|p2b: Rom\u00e1nico|Protect|p2b: Rom\u00e1nico\n|-singleturn|p2b: Rom\u00e1nico|Protect\n|move|p2a: Rococ\u00f3|Psychic|p1a: sus\n|-supereffective|p1a: sus\n|-damage|p1a: sus|0 fnt\n|faint|p1a: sus\n|-damage|p2a: Rococ\u00f3|73\/100|[from] item: Life Orb\n|move|p1b: k11l the rich|Shadow Ball|p2a: Rococ\u00f3\n|-damage|p2a: Rococ\u00f3|51\/100\n|\n|-damage|p2b: Rom\u00e1nico|16\/100 brn|[from] brn\n|upkeep\n|\n|t:|1696088167\n|switch|p1a: man ipulate|Overqwil, M|100\/100\n|-ability|p1a: man ipulate|Intimidate|boost\n|-unboost|p2a: Rococ\u00f3|atk|1\n|-unboost|p2b: Rom\u00e1nico|atk|1\n|turn|4\n|c| german_mg53|wise glasses\n|\n|t:|1696088220\n|move|p2a: Rococ\u00f3|Tera Blast|p1b: k11l the rich|[anim] Tera Blast Water\n|-crit|p1b: k11l the rich\n|-damage|p1b: k11l the rich|0 fnt\n|faint|p1b: k11l the rich\n|-damage|p2a: Rococ\u00f3|41\/100|[from] item: Life Orb\n|move|p2b: Rom\u00e1nico|Headlong Rush|p1a: man ipulate\n|-supereffective|p1a: man ipulate\n|-damage|p1a: man ipulate|0 fnt\n|-unboost|p2b: Rom\u00e1nico|def|1\n|-unboost|p2b: Rom\u00e1nico|spd|1\n|faint|p1a: man ipulate\n|\n|-damage|p2b: Rom\u00e1nico|10\/100 brn|[from] brn\n|upkeep\n|\n|t:|1696088231\n|switch|p1b: dula pelippa|Pelipper, F|100\/100\n|switch|p1a: pringosa|Gastrodon, F|100\/100\n|-weather|RainDance|[from] ability: Drizzle|[of] p1b: dula pelippa\n|turn|5\n|\n|t:|1696088254\n|move|p2a: Rococ\u00f3|Dazzling Gleam|p1b: dula pelippa|[spread] p1a,p1b\n|-crit|p1a: pringosa\n|-damage|p1a: pringosa|47\/100\n|-damage|p1b: dula pelippa|49\/100\n|-enditem|p1a: pringosa|Sitrus Berry|[eat]\n|-heal|p1a: pringosa|71\/100|[from] item: Sitrus Berry\n|-damage|p2a: Rococ\u00f3|32\/100|[from] item: Life Orb\n|move|p1a: pringosa|Ice Beam|p2b: Rom\u00e1nico\n|-supereffective|p2b: Rom\u00e1nico\n|-damage|p2b: Rom\u00e1nico|0 fnt\n|faint|p2b: Rom\u00e1nico\n|move|p1b: dula pelippa|Surf|p2a: Rococ\u00f3|[spread] p2a\n|-ability|p1a: pringosa|Storm Drain|boost\n|-boost|p1a: pringosa|spa|1\n|-resisted|p2a: Rococ\u00f3\n|-damage|p2a: Rococ\u00f3|13\/100\n|\n|-weather|RainDance|[upkeep]\n|-fieldend|move: Psychic Terrain\n|upkeep\n|\n|t:|1696088269\n|switch|p2b: Plateresco|Torkoal, M, shiny|100\/100\n|-weather|SunnyDay|[from] ability: Drought|[of] p2b: Plateresco\n|turn|6\n|\n|t:|1696088287\n|move|p2b: Plateresco|Eruption|p1a: pringosa|[spread] p1a,p1b\n|-resisted|p1a: pringosa\n|-resisted|p1b: dula pelippa\n|-damage|p1a: pringosa|28\/100\n|-damage|p1b: dula pelippa|0 fnt\n|faint|p1b: dula pelippa\n|move|p2a: Rococ\u00f3|Dazzling Gleam|p1a: pringosa\n|-damage|p1a: pringosa|0 fnt\n|faint|p1a: pringosa\n|-damage|p2a: Rococ\u00f3|4\/100|[from] item: Life Orb\n|\n|win|harvestmarc\n","uploadtime":1696088307,"views":6,"p1id":"pjewe","p2id":"harvestmarc","formatid":"gen9nationaldexdoubles","rating":0,"private":0,"password":""}