{"id":"gen9nationaldexdoubles-1997887062","p1":"Skyhero752","p2":"psyshard","format":"[Gen 9] National Dex Doubles","log":"|j|\u2606Skyhero752\n|j|\u2606psyshard\n|t:|1700863801\n|gametype|doubles\n|player|p1|Skyhero752|sightseer|1129\n|player|p2|psyshard|170|1040\n|teamsize|p1|6\n|teamsize|p2|6\n|gen|9\n|tier|[Gen 9] National Dex Doubles\n|rated|\n|rule|HP Percentage Mod: HP is shown in percentages\n|rule|Endless Battle Clause: Forcing endless battles is banned\n|rule|OHKO Clause: OHKO moves are banned\n|rule|Evasion Moves Clause: Evasion moves are banned\n|rule|Evasion Abilities Clause: Evasion abilities are banned\n|rule|Species Clause: Limit one of each Pok\u00e9mon\n|rule|Gravity Sleep Clause: The combination of sleep-inducing moves with imperfect accuracy and Gravity or Gigantamax Orbeetle are banned\n|clearpoke\n|poke|p1|Ambipom, M|\n|poke|p1|Zoroark, M|\n|poke|p1|Rotom-Wash|\n|poke|p1|Orthworm, F|\n|poke|p1|Kilowattrel, M|\n|poke|p1|Salamence, F|\n|poke|p2|Gliscor, F|\n|poke|p2|Volcarona, F|\n|poke|p2|Ninetales-Alola, M|\n|poke|p2|Gastrodon, M|\n|poke|p2|Froslass, F|\n|poke|p2|Zoroark-Hisui, F|\n|teampreview\n|\n|t:|1700863833\n|start\n|switch|p1a: Ambipom|Ambipom, M|100\/100\n|switch|p1b: Kilowattrel|Kilowattrel, M|100\/100\n|switch|p2a: Ninetales|Ninetales-Alola, M|100\/100\n|switch|p2b: Froslass|Froslass, F|100\/100\n|-weather|Snow|[from] ability: Snow Warning|[of] p2a: Ninetales\n|turn|1\n|\n|t:|1700863852\n|move|p1a: Ambipom|Fake Out|p2a: Ninetales\n|-damage|p2a: Ninetales|75\/100\n|move|p2b: Froslass|Aurora Veil|p2b: Froslass\n|-sidestart|p2: psyshard|move: Aurora Veil\n|cant|p2a: Ninetales|flinch\n|move|p1b: Kilowattrel|Nasty Plot|p1b: Kilowattrel\n|-boost|p1b: Kilowattrel|spa|2\n|\n|-weather|Snow|[upkeep]\n|upkeep\n|turn|2\n|\n|t:|1700863872\n|move|p2b: Froslass|Ally Switch|p2b: Froslass\n|swap|p2b: Froslass|0|[from] move: Ally Switch\n|move|p1a: Ambipom|Tail Slap|p2a: Froslass\n|-immune|p2a: Froslass\n|move|p2b: Ninetales|Frost Breath|p1b: Kilowattrel\n|-crit|p1b: Kilowattrel\n|-damage|p1b: Kilowattrel|19\/100\n|replace|p1b: Zoroark|Zoroark, M\n|-end|p1b: Zoroark|Illusion\n|-enditem|p1b: Zoroark|Red Card|[of] p2b: Ninetales\n|drag|p2b: Gliscor|Gliscor, F|100\/100\n|move|p1b: Zoroark|Dark Pulse|p2b: Gliscor\n|-damage|p2b: Gliscor|32\/100\n|\n|-weather|Snow|[upkeep]\n|-status|p2b: Gliscor|tox|[from] item: Toxic Orb\n|upkeep\n|turn|3\n|\n|t:|1700863903\n|move|p2b: Gliscor|Protect|p2b: Gliscor\n|-singleturn|p2b: Gliscor|Protect\n|move|p1a: Ambipom|Pursuit|p2a: Froslass\n|-supereffective|p2a: Froslass\n|-crit|p2a: Froslass\n|-damage|p2a: Froslass|52\/100\n|move|p2a: Froslass|Weather Ball|p1b: Zoroark\n|-damage|p1b: Zoroark|0 fnt\n|faint|p1b: Zoroark\n|\n|-weather|Snow|[upkeep]\n|-heal|p2b: Gliscor|45\/100 tox|[from] ability: Poison Heal\n|upkeep\n|\n|t:|1700863918\n|switch|p1b: Rotom|Rotom-Wash|100\/100\n|turn|4\n|\n|t:|1700863927\n|move|p1a: Ambipom|Pursuit|p2a: Froslass\n|-supereffective|p2a: Froslass\n|-damage|p2a: Froslass|29\/100\n|move|p2a: Froslass|Poltergeist|p1b: Rotom\n|-activate|p1b: Rotom|move: Poltergeist|Leftovers\n|-damage|p1b: Rotom|64\/100\n|move|p2b: Gliscor|Agility|p2b: Gliscor\n|-boost|p2b: Gliscor|spe|2\n|move|p1b: Rotom|Hex|p2b: Gliscor\n|-damage|p2b: Gliscor|21\/100 tox\n|\n|-weather|Snow|[upkeep]\n|-heal|p1b: Rotom|70\/100|[from] item: Leftovers\n|-heal|p2b: Gliscor|34\/100 tox|[from] ability: Poison Heal\n|upkeep\n|turn|5\n|\n|t:|1700863955\n|move|p2b: Gliscor|Protect|p2b: Gliscor\n|-singleturn|p2b: Gliscor|Protect\n|move|p1a: Ambipom|Pursuit|p2a: Froslass\n|-supereffective|p2a: Froslass\n|-damage|p2a: Froslass|7\/100\n|move|p2a: Froslass|Poltergeist|p1b: Rotom\n|-activate|p1b: Rotom|move: Poltergeist|Leftovers\n|-damage|p1b: Rotom|35\/100\n|move|p1b: Rotom|Hex|p2a: Froslass\n|-supereffective|p2a: Froslass\n|-damage|p2a: Froslass|0 fnt\n|faint|p2a: Froslass\n|\n|-weather|none\n|-heal|p1b: Rotom|41\/100|[from] item: Leftovers\n|-heal|p2b: Gliscor|46\/100 tox|[from] ability: Poison Heal\n|-sideend|p2: psyshard|move: Aurora Veil\n|upkeep\n|\n|t:|1700863973\n|switch|p2a: Gastrodon|Gastrodon, M|100\/100\n|turn|6\n|\n|t:|1700863990\n|move|p2b: Gliscor|Agility|p2b: Gliscor\n|-boost|p2b: Gliscor|spe|2\n|move|p1a: Ambipom|Tail Slap|p2b: Gliscor\n|-damage|p2b: Gliscor|36\/100 tox\n|-damage|p2b: Gliscor|25\/100 tox\n|-damage|p2b: Gliscor|14\/100 tox\n|-damage|p2b: Gliscor|4\/100 tox\n|-hitcount|p2b: Gliscor|4\n|move|p1b: Rotom|Hex|p2b: Gliscor\n|-damage|p2b: Gliscor|0 fnt\n|faint|p2b: Gliscor\n|move|p2a: Gastrodon|Acid Armor|p2a: Gastrodon\n|-boost|p2a: Gastrodon|def|2\n|\n|-heal|p1b: Rotom|47\/100|[from] item: Leftovers\n|upkeep\n|\n|t:|1700864008\n|switch|p2b: Ninetales|Ninetales-Alola, M|75\/100\n|-weather|Snow|[from] ability: Snow Warning|[of] p2b: Ninetales\n|turn|7\n|\n|t:|1700864026\n|-terastallize|p1a: Ambipom|Normal\n|move|p1a: Ambipom|Tail Slap|p2b: Ninetales\n|-damage|p2b: Ninetales|52\/100\n|-damage|p2b: Ninetales|30\/100\n|-damage|p2b: Ninetales|8\/100\n|-damage|p2b: Ninetales|0 fnt\n|faint|p2b: Ninetales\n|-hitcount|p2: Ninetales|4\n|move|p1b: Rotom|Thunder Wave|p2a: Gastrodon\n|-immune|p2a: Gastrodon\n|move|p2a: Gastrodon|Blizzard|p1b: Rotom|[spread] p1a,p1b\n|-resisted|p1b: Rotom\n|-damage|p1a: Ambipom|60\/100\n|-damage|p1b: Rotom|38\/100\n|\n|-weather|Snow|[upkeep]\n|-heal|p1b: Rotom|44\/100|[from] item: Leftovers\n|upkeep\n|\n|t:|1700864043\n|switch|p2b: Volcarona|Volcarona, F|100\/100\n|turn|8\n|\n|t:|1700864064\n|move|p2b: Volcarona|Bitter Malice|p1b: Rotom\n|-damage|p1b: Rotom|15\/100\n|-unboost|p1b: Rotom|atk|1\n|move|p1a: Ambipom|Tail Slap|p2a: Gastrodon\n|-damage|p2a: Gastrodon|89\/100\n|-damage|p2a: Gastrodon|76\/100\n|-damage|p2a: Gastrodon|64\/100\n|-damage|p2a: Gastrodon|51\/100\n|-damage|p2a: Gastrodon|39\/100\n|-hitcount|p2a: Gastrodon|5\n|move|p1b: Rotom|Electroweb|p2b: Volcarona|[spread] p2b\n|-immune|p2a: Gastrodon\n|-damage|p2b: Volcarona|73\/100\n|-unboost|p2b: Volcarona|spe|1\n|replace|p2b: Zoroark|Zoroark-Hisui, F\n|-end|p2b: Zoroark|Illusion\n|move|p2a: Gastrodon|Blizzard|p1a: Ambipom|[spread] p1a,p1b\n|-resisted|p1b: Rotom\n|-damage|p1a: Ambipom|17\/100\n|-damage|p1b: Rotom|6\/100\n|\n|-weather|Snow|[upkeep]\n|-heal|p1b: Rotom|12\/100|[from] item: Leftovers\n|upkeep\n|turn|9\n|\n|t:|1700864093\n|move|p1a: Ambipom|Tail Slap|p2a: Gastrodon\n|-damage|p2a: Gastrodon|27\/100\n|-damage|p2a: Gastrodon|16\/100\n|-damage|p2a: Gastrodon|3\/100\n|-damage|p2a: Gastrodon|0 fnt\n|faint|p2a: Gastrodon\n|-hitcount|p2: Gastrodon|4\n|move|p2b: Zoroark|Bitter Malice|p1b: Rotom\n|-damage|p1b: Rotom|0 fnt\n|faint|p1b: Rotom\n|\n|-weather|Snow|[upkeep]\n|upkeep\n|\n|t:|1700864107\n|switch|p1b: Kilowattrel|Kilowattrel, M|100\/100\n|switch|p2a: Volcarona|Volcarona, F|100\/100\n|turn|10\n|\n|t:|1700864122\n|move|p1b: Kilowattrel|Tailwind|p1b: Kilowattrel\n|-sidestart|p1: Skyhero752|move: Tailwind\n|-start|p1b: Kilowattrel|Charge|Tailwind|[from] ability: Wind Power\n|move|p1a: Ambipom|Tail Slap|p2a: Volcarona\n|-damage|p2a: Volcarona|66\/100\n|-damage|p2a: Volcarona|33\/100\n|-damage|p2a: Volcarona|0 fnt\n|faint|p2a: Volcarona\n|-hitcount|p2: Volcarona|3\n|move|p2b: Zoroark|Bitter Malice|p1b: Kilowattrel\n|-damage|p1b: Kilowattrel|28\/100\n|-unboost|p1b: Kilowattrel|atk|1\n|\n|-weather|Snow|[upkeep]\n|upkeep\n|turn|11\n|\n|t:|1700864139\n|move|p1b: Kilowattrel|Electro Ball|p2b: Zoroark\n|-damage|p2b: Zoroark|0 fnt\n|faint|p2b: Zoroark\n|-end|p1b: Kilowattrel|Charge|[silent]\n|\n|win|Skyhero752\n|raw|Skyhero752's rating: 1129 &rarr; <strong>1148<\/strong><br \/>(+19 for winning)\n|raw|psyshard's rating: 1040 &rarr; <strong>1028<\/strong><br \/>(-12 for losing)\n|c|\u2606psyshard|gg\n|c|\u2606Skyhero752|gg\n|l|\u2606psyshard\n","uploadtime":1700864149,"views":0,"p1id":"skyhero752","p2id":"psyshard","formatid":"gen9nationaldexdoubles","rating":1028,"private":0,"password":""}