{"id":"gen9nationaldexdoubles-1968282369","p1":"Mokaccino333","p2":"willi1668","format":"[Gen 9] National Dex Doubles","log":"|j|\u2606Mokaccino333\n|j|\u2606willi1668\n|t:|1697402082\n|gametype|doubles\n|player|p1|Mokaccino333|2|\n|player|p2|willi1668|lucas|\n|teamsize|p1|6\n|teamsize|p2|6\n|gen|9\n|tier|[Gen 9] National Dex Doubles\n|rule|HP Percentage Mod: HP is shown in percentages\n|rule|Endless Battle Clause: Forcing endless battles is banned\n|rule|OHKO Clause: OHKO moves are banned\n|rule|Evasion Moves Clause: Evasion moves are banned\n|rule|Evasion Abilities Clause: Evasion abilities are banned\n|rule|Species Clause: Limit one of each Pok\u00e9mon\n|rule|Gravity Sleep Clause: The combination of sleep-inducing moves with imperfect accuracy and Gravity or Gigantamax Orbeetle are banned\n|clearpoke\n|poke|p1|Cradily, F|\n|poke|p1|Aerodactyl, F|\n|poke|p1|Lycanroc-Dusk, M|\n|poke|p1|Nihilego|\n|poke|p1|Tyranitar, M|\n|poke|p1|Aggron, F|\n|poke|p2|Lucario, M|\n|poke|p2|Entei|\n|poke|p2|Munchlax, F|\n|poke|p2|Garchomp, F|\n|poke|p2|Mimikyu, M|\n|poke|p2|Greninja-*, F|\n|teampreview\n|c|\u2606Mokaccino333|damn a munchlax\n|c|\u2606Mokaccino333|should i be worried\n|c|\u2606willi1668|Ikr\n|c|\u2606willi1668|Yea\n|\n|t:|1697402109\n|start\n|switch|p1a: Aerodactyl|Aerodactyl, F|100\/100\n|switch|p1b: Tyranitar|Tyranitar, M|100\/100\n|switch|p2a: Munchlax|Munchlax, F|100\/100\n|switch|p2b: Lucario|Lucario, M, shiny|100\/100\n|-ability|p1a: Aerodactyl|Unnerve\n|-weather|Sandstorm|[from] ability: Sand Stream|[of] p1b: Tyranitar\n|turn|1\n|c|\u2606willi1668|All i got\n|\n|t:|1697402125\n|move|p1a: Aerodactyl|Tailwind|p1a: Aerodactyl\n|-sidestart|p1: Mokaccino333|move: Tailwind\n|move|p1b: Tyranitar|Superpower|p2b: Lucario\n|-supereffective|p2b: Lucario\n|-damage|p2b: Lucario|0 fnt\n|-unboost|p1b: Tyranitar|atk|1\n|-unboost|p1b: Tyranitar|def|1\n|faint|p2b: Lucario\n|-damage|p1b: Tyranitar|91\/100|[from] item: Life Orb\n|move|p2a: Munchlax|Bite|p1a: Aerodactyl\n|-damage|p1a: Aerodactyl|84\/100\n|\n|-weather|Sandstorm|[upkeep]\n|-damage|p2a: Munchlax|94\/100|[from] Sandstorm\n|upkeep\n|c|\u2606willi1668|...\n|\n|t:|1697402139\n|switch|p2b: Mimikyu|Mimikyu, M|100\/100\n|turn|2\n|c|\u2606Mokaccino333|ohh\n|c|\u2606Mokaccino333|you wanted to\n|c|\u2606Mokaccino333|justified your lucario?\n|c|\u2606willi1668|Can i use z power??\n|c|\u2606Mokaccino333|ye\n|c|\u2606Mokaccino333|you can\n|\n|t:|1697402173\n|move|p1a: Aerodactyl|Taunt|p2b: Mimikyu\n|-start|p2b: Mimikyu|move: Taunt\n|move|p1b: Tyranitar|Rock Slide|p2a: Munchlax|[spread] p2a,p2b\n|-damage|p2a: Munchlax|35\/100\n|-activate|p2b: Mimikyu|ability: Disguise\n|-damage|p2b: Mimikyu|100\/100\n|detailschange|p2b: Mimikyu|Mimikyu-Busted, M\n|-damage|p2b: Mimikyu|88\/100|[from] pokemon: Mimikyu-Busted\n|-damage|p1b: Tyranitar|81\/100|[from] item: Life Orb\n|-zpower|p2b: Mimikyu\n|move|p2b: Mimikyu|Never-Ending Nightmare|p1a: Aerodactyl|[zeffect]\n|-crit|p1a: Aerodactyl\n|-damage|p1a: Aerodactyl|0 fnt\n|faint|p1a: Aerodactyl\n|move|p2a: Munchlax|Body Slam|p1b: Tyranitar\n|-resisted|p1b: Tyranitar\n|-damage|p1b: Tyranitar|64\/100\n|\n|-weather|Sandstorm|[upkeep]\n|-damage|p2b: Mimikyu|82\/100|[from] Sandstorm\n|-damage|p2a: Munchlax|29\/100|[from] Sandstorm\n|upkeep\n|c|\u2606willi1668|What about the lucario?\n|c|\u2606Mokaccino333|oh i was curious about the munchlax\n|\n|t:|1697402197\n|switch|p1a: Nihilego|Nihilego|100\/100\n|turn|3\n|c|\u2606willi1668|Ohh what about it\n|\n|t:|1697402208\n|switch|p1b: Aggron|Aggron, F|100\/100\n|move|p1a: Nihilego|Sludge Wave|p2b: Mimikyu|[spread] p2a,p2b\n|-immune|p1b: Aggron\n|-crit|p2a: Munchlax\n|-damage|p2a: Munchlax|0 fnt\n|-damage|p2b: Mimikyu|36\/100\n|faint|p2a: Munchlax\n|-ability|p1a: Nihilego|Beast Boost|boost\n|-boost|p1a: Nihilego|spa|1\n|move|p2b: Mimikyu|Play Rough|p1b: Aggron\n|-resisted|p1b: Aggron\n|-damage|p1b: Aggron|91\/100\n|\n|-weather|Sandstorm|[upkeep]\n|-damage|p2b: Mimikyu|30\/100|[from] Sandstorm\n|upkeep\n|c|\u2606Mokaccino333|a bit curious about what he does haha\n|c|\u2606willi1668|Nothing really\n|\n|t:|1697402225\n|switch|p2a: Entei|Entei|100\/100\n|-ability|p2a: Entei|Pressure\n|turn|4\n|\n|t:|1697402234\n|detailschange|p1b: Aggron|Aggron-Mega, F\n|-mega|p1b: Aggron|Aggron|Aggronite\n|-zpower|p1a: Nihilego\n|move|p1a: Nihilego|Continental Crush|p2a: Entei|[zeffect]\n|-supereffective|p2a: Entei\n|-damage|p2a: Entei|0 fnt\n|faint|p2a: Entei\n|-ability|p1a: Nihilego|Beast Boost|boost\n|-boost|p1a: Nihilego|spa|1\n|move|p1b: Aggron|Heavy Slam|p2b: Mimikyu\n|-supereffective|p2b: Mimikyu\n|-damage|p2b: Mimikyu|0 fnt\n|faint|p2b: Mimikyu\n|\n|-weather|Sandstorm|[upkeep]\n|-sideend|p1: Mokaccino333|move: Tailwind\n|upkeep\n|\n|t:|1697402241\n|switch|p2a: Garchomp|Garchomp, F, shiny|100\/100\n|switch|p2b: Greninja|Greninja, F, shiny|100\/100\n|turn|5\n|c|\u2606Mokaccino333|do you have a single Team\n|\n|t:|1697402258\n|switch|p1b: Cradily|Cradily, F|100\/100\n|move|p2b: Greninja|Water Shuriken|p1b: Cradily\n|-start|p2b: Greninja|typechange|Water|[from] ability: Protean\n|-ability|p1b: Cradily|Storm Drain|boost\n|-boost|p1b: Cradily|spa|1\n|move|p1a: Nihilego|Grass Knot|p2b: Greninja\n|-supereffective|p2b: Greninja\n|-damage|p2b: Greninja|0 fnt\n|faint|p2b: Greninja\n|-ability|p1a: Nihilego|Beast Boost|boost\n|-boost|p1a: Nihilego|spa|1\n|move|p2a: Garchomp|Dragon Rush|p1b: Cradily|[miss]\n|-miss|p2a: Garchomp|p1b: Cradily\n|\n|-weather|none\n|upkeep\n|turn|6\n|c|\u2606willi1668|Dont know what u mean about that\n|\n|t:|1697402279\n|move|p1a: Nihilego|Grass Knot|p2a: Garchomp\n|-damage|p2a: Garchomp|32\/100\n|-damage|p1a: Nihilego|88\/100|[from] ability: Rough Skin|[of] p2a: Garchomp\n|move|p2a: Garchomp|Dragon Claw|p2: Greninja|[notarget]\n|-fail|p2a: Garchomp\n|move|p1b: Cradily|Giga Drain|p2a: Garchomp\n|-damage|p2a: Garchomp|0 fnt\n|faint|p2a: Garchomp\n|\n|win|Mokaccino333\n|c|\u2606willi1668|Damn ggs\n|c|\u2606Mokaccino333|oh i meant\n|c|\u2606Mokaccino333|do you have ateam\n|c|\u2606Mokaccino333|for single battles\n|c|\u2606Mokaccino333|gg\n|c|\u2606willi1668|This the only team i got....\n|c|\u2606Mokaccino333|ahh\n|c|\u2606willi1668|Ya\n|c|\u2606Mokaccino333|hmmm\n|c|\u2606willi1668|Yeaa....\n|c|\u2606Mokaccino333|ill msg u on discord\n","uploadtime":1697402303,"views":9,"p1id":"mokaccino333","p2id":"willi1668","formatid":"gen9nationaldexdoubles","rating":0,"private":0,"password":""}