{"id":"gen9nationaldexdoubles-1956178262","p1":"gocks","p2":"Stonny","format":"[Gen 9] National Dex Doubles","log":"|j|\u2606gocks\n|j|\u2606Stonny\n|t:|1696082298\n|gametype|doubles\n|player|p1|gocks|102|1119\n|player|p2|Stonny|acetrainer-gen4dp|1134\n|teamsize|p1|6\n|teamsize|p2|6\n|gen|9\n|tier|[Gen 9] National Dex Doubles\n|rated|\n|rule|HP Percentage Mod: HP is shown in percentages\n|rule|Endless Battle Clause: Forcing endless battles is banned\n|rule|OHKO Clause: OHKO moves are banned\n|rule|Evasion Moves Clause: Evasion moves are banned\n|rule|Evasion Abilities Clause: Evasion abilities are banned\n|rule|Species Clause: Limit one of each Pok\u00e9mon\n|rule|Gravity Sleep Clause: The combination of sleep-inducing moves with imperfect accuracy and Gravity or Gigantamax Orbeetle are banned\n|clearpoke\n|poke|p1|Espeon, F|\n|poke|p1|Indeedee-F, F|\n|poke|p1|Armarouge, M|\n|poke|p1|Scream Tail|\n|poke|p1|Hattrem, F|\n|poke|p1|Bruxish, M|\n|poke|p2|Swampert, F|\n|poke|p2|Kommo-o, F|\n|poke|p2|Scream Tail|\n|poke|p2|Politoed, M|\n|poke|p2|Gothitelle, M|\n|poke|p2|Amoonguss, M|\n|teampreview\n|inactive|Battle timer is ON: inactive players will automatically lose when time's up. (requested by Stonny)\n|\n|t:|1696082318\n|start\n|switch|p1a: Scream Tail|Scream Tail|100\/100\n|switch|p1b: Armarouge|Armarouge, M|100\/100\n|switch|p2a: Scream Tail|Scream Tail|100\/100\n|switch|p2b: Gothitelle|Gothitelle, M|100\/100\n|-enditem|p2a: Scream Tail|Booster Energy\n|-activate|p2a: Scream Tail|ability: Protosynthesis|[fromitem]\n|-start|p2a: Scream Tail|protosynthesisspe\n|turn|1\n|\n|t:|1696082345\n|-terastallize|p1b: Armarouge|Fire\n|move|p2b: Gothitelle|Fake Out|p1b: Armarouge\n|-damage|p1b: Armarouge|94\/100\n|-ability|p1b: Armarouge|Weak Armor|boost\n|-unboost|p1b: Armarouge|def|1\n|-boost|p1b: Armarouge|spe|2\n|move|p2a: Scream Tail|Perish Song|p2a: Scream Tail\n|-start|p1a: Scream Tail|perish3|[silent]\n|-start|p1b: Armarouge|perish3|[silent]\n|-start|p2a: Scream Tail|perish3|[silent]\n|-start|p2b: Gothitelle|perish3|[silent]\n|-fieldactivate|move: Perish Song\n|cant|p1b: Armarouge|flinch\n|move|p1a: Scream Tail|Thunder Wave|p2a: Scream Tail\n|-status|p2a: Scream Tail|par\n|\n|-start|p1b: Armarouge|perish3\n|-start|p1a: Scream Tail|perish3\n|-start|p2a: Scream Tail|perish3\n|-start|p2b: Gothitelle|perish3\n|upkeep\n|turn|2\n|\n|t:|1696082370\n|move|p2b: Gothitelle|Protect|p2b: Gothitelle\n|-singleturn|p2b: Gothitelle|Protect\n|move|p1b: Armarouge|Armor Cannon|p2a: Scream Tail\n|-damage|p2a: Scream Tail|29\/100 par\n|-unboost|p1b: Armarouge|def|1\n|-unboost|p1b: Armarouge|spd|1\n|move|p1a: Scream Tail|Stealth Rock|p2b: Gothitelle\n|-sidestart|p2: Stonny|move: Stealth Rock\n|cant|p2a: Scream Tail|par\n|\n|-start|p1b: Armarouge|perish2\n|-start|p1a: Scream Tail|perish2\n|-start|p2a: Scream Tail|perish2\n|-start|p2b: Gothitelle|perish2\n|upkeep\n|turn|3\n|inactive|Stonny has 120 seconds left.\n|\n|t:|1696082407\n|move|p2b: Gothitelle|Protect|p2b: Gothitelle\n|-singleturn|p2b: Gothitelle|Protect\n|move|p1b: Armarouge|Armor Cannon|p2b: Gothitelle\n|-activate|p2b: Gothitelle|move: Protect\n|move|p1a: Scream Tail|Fling|p2b: Gothitelle\n|-activate|p2b: Gothitelle|move: Protect\n|-enditem|p1a: Scream Tail|Salac Berry|[from] move: Fling\n|move|p2a: Scream Tail|Encore|p1a: Scream Tail\n|-start|p1a: Scream Tail|Encore\n|\n|-start|p1b: Armarouge|perish1\n|-start|p1a: Scream Tail|perish1\n|-start|p2a: Scream Tail|perish1\n|-start|p2b: Gothitelle|perish1\n|upkeep\n|turn|4\n|inactive|Stonny has 120 seconds left.\n|c|\u2606gocks|6\n|c|\u2606Stonny|Hey :)\n|\n|t:|1696082454\n|switch|p2b: Politoed|Politoed, M|100\/100\n|-damage|p2b: Politoed|88\/100|[from] Stealth Rock\n|-weather|RainDance|[from] ability: Drizzle|[of] p2b: Politoed\n|move|p2a: Scream Tail|Protect|p2a: Scream Tail\n|-singleturn|p2a: Scream Tail|Protect\n|move|p1b: Armarouge|Armor Cannon|p2b: Politoed\n|-resisted|p2b: Politoed\n|-damage|p2b: Politoed|70\/100\n|-unboost|p1b: Armarouge|def|1\n|-unboost|p1b: Armarouge|spd|1\n|move|p1a: Scream Tail|Fling||[still]\n|-fail|p1a: Scream Tail\n|\n|-weather|RainDance|[upkeep]\n|-heal|p2b: Politoed|77\/100|[from] item: Leftovers\n|-start|p1b: Armarouge|perish0\n|-start|p1a: Scream Tail|perish0\n|-start|p2a: Scream Tail|perish0\n|faint|p1b: Armarouge\n|faint|p1a: Scream Tail\n|-end|p1a: Scream Tail|Protosynthesis|[silent]\n|faint|p2a: Scream Tail\n|-end|p2a: Scream Tail|Protosynthesis|[silent]\n|upkeep\n|inactive|gocks has 120 seconds left.\n|\n|t:|1696082486\n|switch|p1a: Bruxish|Bruxish, M|100\/100\n|switch|p2a: Gothitelle|Gothitelle, M|100\/100\n|switch|p1b: Hattrem|Hattrem, F|100\/100\n|-damage|p2a: Gothitelle|88\/100|[from] Stealth Rock\n|turn|5\n|\n|t:|1696082506\n|move|p2a: Gothitelle|Protect|p2a: Gothitelle\n|-singleturn|p2a: Gothitelle|Protect\n|move|p1a: Bruxish|Wave Crash|p2a: Gothitelle\n|-activate|p2a: Gothitelle|move: Protect\n|move|p2b: Politoed|Perish Song|p2b: Politoed\n|-start|p1a: Bruxish|perish3|[silent]\n|-start|p1b: Hattrem|perish3|[silent]\n|-start|p2a: Gothitelle|perish3|[silent]\n|-start|p2b: Politoed|perish3|[silent]\n|-fieldactivate|move: Perish Song\n|move|p1b: Hattrem|Nuzzle|p2b: Politoed\n|-supereffective|p2b: Politoed\n|-damage|p2b: Politoed|72\/100\n|-status|p2b: Politoed|par\n|\n|-weather|RainDance|[upkeep]\n|-heal|p2b: Politoed|79\/100 par|[from] item: Leftovers\n|-start|p1a: Bruxish|perish3\n|-start|p2a: Gothitelle|perish3\n|-start|p1b: Hattrem|perish3\n|-start|p2b: Politoed|perish3\n|upkeep\n|turn|6\n|inactive|Stonny has 120 seconds left.\n|\n|t:|1696082521\n|switch|p2b: Amoonguss|Amoonguss, M|100\/100\n|-damage|p2b: Amoonguss|88\/100|[from] Stealth Rock\n|move|p2a: Gothitelle|Ally Switch||[still]\n|-fail|p2a: Gothitelle\n|move|p1a: Bruxish|Wave Crash|p2a: Gothitelle\n|-damage|p2a: Gothitelle|22\/100\n|-enditem|p2a: Gothitelle|Sitrus Berry|[eat]\n|-heal|p2a: Gothitelle|47\/100|[from] item: Sitrus Berry\n|-damage|p1a: Bruxish|73\/100|[from] Recoil\n|move|p1b: Hattrem|Nuzzle|p2a: Gothitelle\n|-damage|p2a: Gothitelle|45\/100\n|-status|p2a: Gothitelle|par\n|\n|-weather|RainDance|[upkeep]\n|-heal|p2b: Amoonguss|94\/100|[from] item: Black Sludge\n|-start|p1a: Bruxish|perish2\n|-start|p1b: Hattrem|perish2\n|-start|p2a: Gothitelle|perish2\n|upkeep\n|turn|7\n|inactive|Stonny has 120 seconds left.\n|\n|t:|1696082547\n|move|p2b: Amoonguss|Rage Powder|p2b: Amoonguss\n|-singleturn|p2b: Amoonguss|move: Rage Powder\n|move|p1a: Bruxish|Wave Crash|p2b: Amoonguss\n|-resisted|p2b: Amoonguss\n|-damage|p2b: Amoonguss|59\/100\n|-damage|p1a: Bruxish|57\/100|[from] Recoil\n|move|p1b: Hattrem|Nuzzle|p2b: Amoonguss\n|-resisted|p2b: Amoonguss\n|-damage|p2b: Amoonguss|58\/100\n|-status|p2b: Amoonguss|par\n|move|p2a: Gothitelle|Psychic|p1a: Bruxish\n|-resisted|p1a: Bruxish\n|-crit|p1a: Bruxish\n|-damage|p1a: Bruxish|21\/100\n|\n|-weather|RainDance|[upkeep]\n|-heal|p2b: Amoonguss|64\/100 par|[from] item: Black Sludge\n|-start|p1a: Bruxish|perish1\n|-start|p1b: Hattrem|perish1\n|-start|p2a: Gothitelle|perish1\n|upkeep\n|turn|8\n|inactive|Stonny has 120 seconds left.\n|\n|t:|1696082596\n|switch|p2b: Swampert|Swampert, F|100\/100\n|-damage|p2b: Swampert|94\/100|[from] Stealth Rock\n|move|p2a: Gothitelle|Protect|p2a: Gothitelle\n|-singleturn|p2a: Gothitelle|Protect\n|move|p1a: Bruxish|Psychic Fangs|p2b: Swampert\n|-damage|p2b: Swampert|55\/100\n|move|p1b: Hattrem|Dazzling Gleam|p2a: Gothitelle|[spread] p2b\n|-activate|p2a: Gothitelle|move: Protect\n|-damage|p2b: Swampert|43\/100\n|\n|-weather|none\n|-start|p1a: Bruxish|perish0\n|-start|p1b: Hattrem|perish0\n|-start|p2a: Gothitelle|perish0\n|faint|p1a: Bruxish\n|faint|p1b: Hattrem\n|faint|p2a: Gothitelle\n|upkeep\n|\n|t:|1696082617\n|switch|p1a: Espeon|Espeon, F|100\/100\n|switch|p2a: Politoed|Politoed, M|79\/100 par\n|switch|p1b: Indeedee|Indeedee-F, F|100\/100\n|-fieldstart|move: Psychic Terrain|[from] ability: Psychic Surge|[of] p1b: Indeedee\n|-damage|p2a: Politoed|66\/100 par|[from] Stealth Rock\n|-weather|RainDance|[from] ability: Drizzle|[of] p2a: Politoed\n|turn|9\n|\n|t:|1696082629\n|detailschange|p2b: Swampert|Swampert-Mega, F\n|-mega|p2b: Swampert|Swampert|Swampertite\n|move|p2a: Politoed|Helping Hand|p2b: Swampert\n|-singleturn|p2b: Swampert|Helping Hand|[of] p2a: Politoed\n|move|p1b: Indeedee|Follow Me|p1b: Indeedee\n|-singleturn|p1b: Indeedee|move: Follow Me\n|move|p2b: Swampert|Waterfall|p1b: Indeedee\n|-damage|p1b: Indeedee|0 fnt\n|faint|p1b: Indeedee\n|move|p1a: Espeon|Expanding Force|p2a: Politoed|[spread] p2a,p2b\n|-damage|p2a: Politoed|18\/100 par\n|-damage|p2b: Swampert|0 fnt\n|faint|p2b: Swampert\n|\n|-weather|RainDance|[upkeep]\n|-heal|p2a: Politoed|25\/100 par|[from] item: Leftovers\n|upkeep\n|inactive|Stonny has 120 seconds left.\n|\n|t:|1696082647\n|switch|p2b: Kommo-o|Kommo-o, F|100\/100\n|-damage|p2b: Kommo-o|94\/100|[from] Stealth Rock\n|turn|10\n|\n|t:|1696082655\n|move|p2a: Politoed|Helping Hand|p2b: Kommo-o\n|-singleturn|p2b: Kommo-o|Helping Hand|[of] p2a: Politoed\n|move|p1a: Espeon|Expanding Force|p2a: Politoed|[spread] p2a,p2b\n|-supereffective|p2b: Kommo-o\n|-damage|p2a: Politoed|0 fnt\n|-damage|p2b: Kommo-o|0 fnt\n|faint|p2a: Politoed\n|faint|p2b: Kommo-o\n|\n|-weather|RainDance|[upkeep]\n|upkeep\n|\n|t:|1696082660\n|switch|p2b: Amoonguss|Amoonguss, M|98\/100 par\n|-damage|p2b: Amoonguss|85\/100 par|[from] Stealth Rock\n|turn|11\n|\n|t:|1696082669\n|move|p1a: Espeon|Expanding Force|p2b: Amoonguss\n|-supereffective|p2b: Amoonguss\n|-damage|p2b: Amoonguss|0 fnt\n|faint|p2b: Amoonguss\n|\n|win|gocks\n|raw|gocks's rating: 1119 &rarr; <strong>1145<\/strong><br \/>(+26 for winning)\n|raw|Stonny's rating: 1134 &rarr; <strong>1108<\/strong><br \/>(-26 for losing)\n|l|\u2606Stonny\n","uploadtime":1696082680,"views":8,"p1id":"gocks","p2id":"stonny","formatid":"gen9nationaldexdoubles","rating":1108,"private":0,"password":""}