{"id":"gen9nationaldexdoubles-1984140811","p1":"FriedBeaver01","p2":"Prankbox454","format":"[Gen 9] National Dex Doubles","log":"|j|\u2606FriedBeaver01\n|j|\u2606Prankbox454\n|t:|1699222932\n|gametype|doubles\n|player|p1|FriedBeaver01|101|\n|player|p2|Prankbox454|burgh|\n|teamsize|p1|6\n|teamsize|p2|6\n|gen|9\n|tier|[Gen 9] National Dex Doubles\n|rule|HP Percentage Mod: HP is shown in percentages\n|rule|Endless Battle Clause: Forcing endless battles is banned\n|rule|OHKO Clause: OHKO moves are banned\n|rule|Evasion Moves Clause: Evasion moves are banned\n|rule|Evasion Abilities Clause: Evasion abilities are banned\n|rule|Species Clause: Limit one of each Pok\u00e9mon\n|rule|Gravity Sleep Clause: The combination of sleep-inducing moves with imperfect accuracy and Gravity or Gigantamax Orbeetle are banned\n|clearpoke\n|poke|p1|Slaking, M|\n|poke|p1|Ribombee, M|\n|poke|p1|Talonflame, M|\n|poke|p1|Glimmora, M|\n|poke|p1|Landorus-Therian, M|\n|poke|p1|Darkrai|\n|poke|p2|Regigigas|\n|poke|p2|Medicham, M|\n|poke|p2|Comfey, F|\n|poke|p2|Tornadus, M|\n|poke|p2|Kingambit, F|\n|poke|p2|Clefairy, M|\n|teampreview\n|inactive|Battle timer is ON: inactive players will automatically lose when time's up. (requested by FriedBeaver01)\n|c|\u2606Prankbox454|hmmmm\n|c|\u2606Prankbox454|Surprised Darkrai is allowed in doubles\n|c|\u2606FriedBeaver01|You\u2019re gonna love their names\n|c|\u2606FriedBeaver01|it is\n|c|\u2606FriedBeaver01|if you don\u2019t have Dark Void or have Darkrai shiny\n|inactive|Prankbox454 has 270 seconds left.\n|c|\u2606Prankbox454|oh no dark void? Thank god\n|inactive|Prankbox454 has 240 seconds left.\n|c|\u2606FriedBeaver01|It still has Hypnosis\n|\n|t:|1699223012\n|start\n|switch|p1a: El Primo|Slaking, M, shiny|100\/100\n|switch|p1b: Bea|Ribombee, M, shiny|100\/100\n|switch|p2a: Regigigas|Regigigas|100\/100\n|switch|p2b: Medicham|Medicham, M|100\/100\n|-start|p2a: Regigigas|ability: Slow Start\n|turn|1\n|c|\u2606Prankbox454|I still think about my lead lmao\n|c|\u2606Prankbox454|For some reason\n|inactive|Prankbox454 has 270 seconds left.\n|inactive|Prankbox454 has 240 seconds left.\n|\n|t:|1699223089\n|move|p2a: Regigigas|Protect|p2a: Regigigas\n|-singleturn|p2a: Regigigas|Protect\n|move|p2b: Medicham|Fake Out|p1b: Bea\n|-damage|p1b: Bea|75\/100\n|move|p1b: Bea|Tailwind|p1b: Bea\n|-sidestart|p1: FriedBeaver01|move: Tailwind\n|move|p1a: El Primo|Knock Off|p2b: Medicham\n|-damage|p2b: Medicham|43\/100\n|-enditem|p2b: Medicham|Focus Sash|[from] move: Knock Off|[of] p1a: El Primo\n|\n|upkeep\n|turn|2\n|c|\u2606Prankbox454|wait what\n|inactive|Prankbox454 has 240 seconds left.\n|c|\u2606FriedBeaver01|Lmao\n|c|\u2606Prankbox454|OOooooooh shield dust\n|c|\u2606FriedBeaver01|Shield Dust being the goat\n|c|\u2606Prankbox454|goddamn it\n|inactive|Prankbox454 has 210 seconds left.\n|\n|t:|1699223157\n|-end|p2a: Regigigas|Slow Start|[silent]\n|switch|p2a: Tornadus|Tornadus, M|100\/100\n|move|p2b: Medicham|Protect|p2b: Medicham\n|-singleturn|p2b: Medicham|Protect\n|move|p1b: Bea|Skill Swap|p1a: El Primo\n|-activate|p1b: Bea|move: Skill Swap|||[of] p1a: El Primo\n|move|p1a: El Primo|Drain Punch|p2a: Tornadus\n|-resisted|p2a: Tornadus\n|-damage|p2a: Tornadus|76\/100\n|\n|upkeep\n|turn|3\n|c|\u2606Prankbox454|oh it works immediately\n|c|\u2606Prankbox454|Great\n|inactive|Prankbox454 has 180 seconds left.\n|inactive|FriedBeaver01 has 270 seconds left.\n|inactive|Prankbox454 has 150 seconds left.\n|\n|t:|1699223232\n|switch|p2a: Regigigas|Regigigas|100\/100\n|-start|p2a: Regigigas|ability: Slow Start\n|-terastallize|p2b: Medicham|Steel\n|cant|p1b: Bea|ability: Truant\n|move|p1a: El Primo|Return|p2a: Regigigas\n|-damage|p2a: Regigigas|44\/100\n|move|p2b: Medicham|Skill Swap|p2a: Regigigas\n|-activate|p2b: Medicham|move: Skill Swap|||[of] p2a: Regigigas\n|-end|p2a: Regigigas|Slow Start|[silent]\n|-start|p2b: Medicham|ability: Slow Start\n|\n|-heal|p2a: Regigigas|50\/100|[from] item: Leftovers\n|upkeep\n|turn|4\n|inactive|FriedBeaver01 has 270 seconds left.\n|c|\u2606FriedBeaver01|Nice!\n|inactive|Prankbox454 has 150 seconds left.\n|c|\u2606Prankbox454|I always find a way lol\n|inactive|FriedBeaver01 has 240 seconds left.\n|inactive|Prankbox454 has 120 seconds left.\n|\n|t:|1699223293\n|-end|p2b: Medicham|Slow Start|[silent]\n|switch|p2b: Comfey|Comfey, F|100\/100\n|move|p2a: Regigigas|Protect|p2a: Regigigas\n|-singleturn|p2a: Regigigas|Protect\n|move|p1b: Bea|Infestation|p2b: Comfey\n|-resisted|p2b: Comfey\n|-damage|p2b: Comfey|96\/100\n|-activate|p2b: Comfey|move: Infestation|[of] p1b: Bea\n|move|p1a: El Primo|Drain Punch|p2a: Regigigas\n|-activate|p2a: Regigigas|move: Protect\n|\n|-heal|p2a: Regigigas|57\/100|[from] item: Leftovers\n|-damage|p2b: Comfey|84\/100|[from] move: Infestation|[partiallytrapped]\n|-sideend|p1: FriedBeaver01|move: Tailwind\n|upkeep\n|turn|5\n|inactive|Prankbox454 has 120 seconds left.\n|inactive|Prankbox454 has 90 seconds left.\n|\n|t:|1699223350\n|cant|p1b: Bea|ability: Truant\n|move|p2b: Comfey|Pollen Puff|p2a: Regigigas\n|-heal|p2a: Regigigas|100\/100\n|move|p1a: El Primo|Return|p2a: Regigigas\n|-damage|p2a: Regigigas|43\/100\n|move|p2a: Regigigas|Power-Up Punch|p1a: El Primo\n|-supereffective|p1a: El Primo\n|-damage|p1a: El Primo|43\/100\n|-boost|p2a: Regigigas|atk|1\n|\n|-heal|p2a: Regigigas|50\/100|[from] item: Leftovers\n|-damage|p2b: Comfey|72\/100|[from] move: Infestation|[partiallytrapped]\n|upkeep\n|turn|6\n|inactive|Prankbox454 has 90 seconds left.\n|inactive|FriedBeaver01 has 240 seconds left.\n|\n|t:|1699223388\n|-terastallize|p1a: El Primo|Ghost\n|move|p2a: Regigigas|Protect|p2a: Regigigas\n|-singleturn|p2a: Regigigas|Protect\n|move|p1b: Bea|Stun Spore|p2b: Comfey|[miss]\n|-miss|p1b: Bea|p2b: Comfey\n|move|p2b: Comfey|Tailwind|p2b: Comfey\n|-sidestart|p2: Prankbox454|move: Tailwind\n|move|p1a: El Primo|Drain Punch|p2a: Regigigas\n|-activate|p2a: Regigigas|move: Protect\n|\n|-heal|p2a: Regigigas|56\/100|[from] item: Leftovers\n|-damage|p2b: Comfey|59\/100|[from] move: Infestation|[partiallytrapped]\n|upkeep\n|turn|7\n|inactive|Prankbox454 has 90 seconds left.\n|\n|t:|1699223415\n|move|p2b: Comfey|Pollen Puff|p2a: Regigigas\n|-heal|p2a: Regigigas|100\/100\n|move|p2a: Regigigas|Return|p1b: Bea\n|-damage|p1b: Bea|0 fnt\n|faint|p1b: Bea\n|move|p1a: El Primo|Drain Punch|p2a: Regigigas\n|-supereffective|p2a: Regigigas\n|-damage|p2a: Regigigas|52\/100\n|-heal|p1a: El Primo|65\/100|[from] drain|[of] p2a: Regigigas\n|\n|-heal|p2a: Regigigas|58\/100|[from] item: Leftovers\n|-end|p2b: Comfey|Infestation|[partiallytrapped]|[silent]\n|upkeep\n|inactive|FriedBeaver01 has 240 seconds left.\n|\n|t:|1699223431\n|switch|p1b: Phoenix Crow|Talonflame, M, shiny|100\/100\n|turn|8\n|c|\u2606FriedBeaver01|Nice names amirite)\n|inactive|Prankbox454 has 90 seconds left.\n|c|\u2606FriedBeaver01|*?\n|c|\u2606Prankbox454|Reminds me of a certain game\n|c|\u2606FriedBeaver01|Yeah I think it was about a twisted theme park or something\n|inactive|Prankbox454 has 60 seconds left.\n|\n|t:|1699223491\n|move|p1b: Phoenix Crow|Tailwind|p1b: Phoenix Crow\n|-sidestart|p1: FriedBeaver01|move: Tailwind\n|move|p2b: Comfey|Pollen Puff|p2a: Regigigas\n|-heal|p2a: Regigigas|100\/100\n|move|p1a: El Primo|Return|p2b: Comfey\n|-crit|p2b: Comfey\n|-damage|p2b: Comfey|0 fnt\n|faint|p2b: Comfey\n|move|p2a: Regigigas|Knock Off|p1a: El Primo\n|-supereffective|p1a: El Primo\n|-damage|p1a: El Primo|0 fnt\n|-enditem|p1a: El Primo|Assault Vest|[from] move: Knock Off|[of] p2a: Regigigas\n|faint|p1a: El Primo\n|\n|upkeep\n|inactive|FriedBeaver01 has 270 seconds left.\n|c|\u2606FriedBeaver01|Doesn\u2019t matter\n|inactive|Prankbox454 has 60 seconds left.\n|\n|t:|1699223534\n|switch|p2b: Medicham|Medicham, M, tera:Steel|43\/100\n|switch|p1a: Ruffs|Landorus-Therian, M|100\/100\n|-ability|p1a: Ruffs|Intimidate|boost\n|-unboost|p2a: Regigigas|atk|1\n|-unboost|p2b: Medicham|atk|1\n|turn|9\n|inactive|Prankbox454 has 60 seconds left.\n|inactive|FriedBeaver01 has 270 seconds left.\n|inactive|Prankbox454 has 30 seconds left.\n|\n|t:|1699223578\n|move|p2b: Medicham|Fake Out|p1b: Phoenix Crow\n|-damage|p1b: Phoenix Crow|88\/100\n|cant|p1b: Phoenix Crow|flinch\n|move|p1a: Ruffs|Stomping Tantrum|p2b: Medicham\n|-supereffective|p2b: Medicham\n|-damage|p2b: Medicham|0 fnt\n|faint|p2b: Medicham\n|move|p2a: Regigigas|Return|p1a: Ruffs\n|-damage|p1a: Ruffs|0 fnt\n|faint|p1a: Ruffs\n|\n|-sideend|p2: Prankbox454|move: Tailwind\n|upkeep\n|\n|t:|1699223594\n|switch|p1a: Mortos if real|Darkrai|100\/100\n|switch|p2b: Clefairy|Clefairy, M|100\/100\n|turn|10\n|inactive|Prankbox454 has 60 seconds left.\n|\n|t:|1699223623\n|move|p2b: Clefairy|Follow Me|p2b: Clefairy\n|-singleturn|p2b: Clefairy|move: Follow Me\n|move|p1b: Phoenix Crow|Dual Wingbeat|p2b: Clefairy\n|-damage|p2b: Clefairy|89\/100\n|-damage|p2b: Clefairy|78\/100\n|-hitcount|p2b: Clefairy|2\n|move|p1a: Mortos if real|Hypnosis|p2b: Clefairy\n|-status|p2b: Clefairy|slp|[from] move: Hypnosis\n|move|p2a: Regigigas|Return|p1a: Mortos if real\n|-damage|p1a: Mortos if real|0 fnt\n|faint|p1a: Mortos if real\n|\n|upkeep\n|\n|t:|1699223634\n|switch|p1a: Rosa|Glimmora, M, shiny|100\/100\n|turn|11\n|inactive|Prankbox454 has 60 seconds left.\n|\n|t:|1699223664\n|cant|p2b: Clefairy|slp\n|move|p1b: Phoenix Crow|Will-O-Wisp|p2a: Regigigas\n|-status|p2a: Regigigas|brn\n|move|p1a: Rosa|Toxic Spikes|p2b: Clefairy\n|-sidestart|p2: Prankbox454|move: Toxic Spikes\n|move|p2a: Regigigas|Return|p1b: Phoenix Crow\n|-damage|p1b: Phoenix Crow|0 fnt\n|faint|p1b: Phoenix Crow\n|\n|-damage|p2a: Regigigas|94\/100 brn|[from] brn\n|-sideend|p1: FriedBeaver01|move: Tailwind\n|upkeep\n|turn|12\n|inactive|Prankbox454 has 60 seconds left.\n|inactive|FriedBeaver01 has 270 seconds left.\n|c|\u2606FriedBeaver01|I like how Regigigas is either stupidly op or stupidly weak\n|c|\u2606Prankbox454|lol yea\n|c|\u2606FriedBeaver01|never in between\n|inactive|FriedBeaver01 has 240 seconds left.\n|c|\u2606FriedBeaver01|Anyway gg\n|c|\u2606Prankbox454|Ngl the Comfey came in clutch\n|c|\u2606Prankbox454|gg\n|-message|FriedBeaver01 forfeited.\n|\n|win|Prankbox454\n|l|\u2606FriedBeaver01\n|c|\u2606Prankbox454|I knew Pollen Puff was gonna pull its weight eventually\n","uploadtime":1699223765,"views":6,"p1id":"friedbeaver01","p2id":"prankbox454","formatid":"gen9nationaldexdoubles","rating":0,"private":0,"password":""}