{"id":"gen9nationaldexdoubles-1971380608","p1":"snowgust","p2":"Melt W","format":"[Gen 9] National Dex Doubles","log":"|j|\u2606snowgust\n|j|\u2606Melt W\n|t:|1697733985\n|gametype|doubles\n|player|p1|snowgust|hiker-gen4|1129\n|player|p2|Melt W|169|1142\n|teamsize|p1|6\n|teamsize|p2|6\n|gen|9\n|tier|[Gen 9] National Dex Doubles\n|rated|\n|rule|HP Percentage Mod: HP is shown in percentages\n|rule|Endless Battle Clause: Forcing endless battles is banned\n|rule|OHKO Clause: OHKO moves are banned\n|rule|Evasion Moves Clause: Evasion moves are banned\n|rule|Evasion Abilities Clause: Evasion abilities are banned\n|rule|Species Clause: Limit one of each Pok\u00e9mon\n|rule|Gravity Sleep Clause: The combination of sleep-inducing moves with imperfect accuracy and Gravity or Gigantamax Orbeetle are banned\n|clearpoke\n|poke|p1|Dunsparce, M|\n|poke|p1|Dudunsparce-*, F|\n|poke|p1|Roaring Moon|\n|poke|p1|Sableye, F|\n|poke|p1|Maushold-Four|\n|poke|p1|Dragonite, M|\n|poke|p2|Gourgeist-*, M|\n|poke|p2|Chansey, F|\n|poke|p2|Shuckle, F|\n|poke|p2|Tornadus-Therian, M|\n|poke|p2|Iron Hands|\n|poke|p2|Indeedee-F, F|\n|teampreview\n|\n|t:|1697733996\n|start\n|switch|p1a: Dudunsparce|Dudunsparce, F|100\/100\n|switch|p1b: Sableye|Sableye, F, shiny|100\/100\n|switch|p2a: Gourgeist|Gourgeist-Small, M, shiny|100\/100\n|switch|p2b: Chansey|Chansey, F, shiny|100\/100\n|-item|p1a: Dudunsparce|Choice Scarf|[from] ability: Frisk|[of] p2a: Gourgeist|[identify]\n|-item|p1b: Sableye|Leftovers|[from] ability: Frisk|[of] p2a: Gourgeist|[identify]\n|turn|1\n|\n|t:|1697734014\n|move|p1b: Sableye|Thunder Wave|p2a: Gourgeist\n|-status|p2a: Gourgeist|par\n|move|p1a: Dudunsparce|Rock Slide|p2a: Gourgeist|[spread] p2a,p2b\n|-crit|p2b: Chansey\n|-damage|p2a: Gourgeist|82\/100 par\n|-damage|p2b: Chansey|85\/100\n|cant|p2a: Gourgeist|par\n|move|p2b: Chansey|Thunder Wave|p1b: Sableye\n|-status|p1b: Sableye|par\n|\n|upkeep\n|turn|2\n|\n|t:|1697734027\n|cant|p1b: Sableye|par\n|move|p1a: Dudunsparce|Rock Slide|p2b: Chansey|[spread] p2a,p2b\n|-damage|p2a: Gourgeist|62\/100 par\n|-damage|p2b: Chansey|75\/100\n|cant|p2a: Gourgeist|flinch\n|move|p2b: Chansey|Thunder Wave|p1a: Dudunsparce\n|-status|p1a: Dudunsparce|par\n|\n|upkeep\n|turn|3\n|\n|t:|1697734049\n|cant|p1b: Sableye|par\n|cant|p1a: Dudunsparce|par\n|cant|p2a: Gourgeist|par\n|move|p2b: Chansey|Seismic Toss|p1a: Dudunsparce\n|-damage|p1a: Dudunsparce|75\/100 par\n|\n|upkeep\n|turn|4\n|\n|t:|1697734060\n|move|p1b: Sableye|Gravity|p1b: Sableye\n|-fieldstart|move: Gravity\n|cant|p1a: Dudunsparce|par\n|cant|p2a: Gourgeist|par\n|move|p2b: Chansey|Heal Bell|p2b: Chansey\n|-activate|p2b: Chansey|move: Heal Bell\n|-curestatus|p2a: Gourgeist|par|[msg]\n|\n|upkeep\n|turn|5\n|\n|t:|1697734077\n|switch|p2a: Shuckle|Shuckle, F, shiny|100\/100\n|move|p1b: Sableye|Thunder Wave|p2a: Shuckle\n|-status|p2a: Shuckle|par\n|cant|p1a: Dudunsparce|par\n|move|p2b: Chansey|Seismic Toss|p1a: Dudunsparce\n|-damage|p1a: Dudunsparce|49\/100 par\n|\n|upkeep\n|turn|6\n|\n|t:|1697734088\n|move|p1b: Sableye|Thunder Wave|p2b: Chansey\n|-status|p2b: Chansey|par\n|cant|p1a: Dudunsparce|par\n|move|p2b: Chansey|Heal Bell|p2b: Chansey\n|-activate|p2b: Chansey|move: Heal Bell\n|-curestatus|p2a: Shuckle|par|[msg]\n|-curestatus|p2b: Chansey|par|[msg]\n|move|p2a: Shuckle|Guard Split|p2b: Chansey\n|-activate|p2a: Shuckle|move: Guard Split|[of] p2b: Chansey\n|\n|upkeep\n|turn|7\n|\n|t:|1697734113\n|move|p1b: Sableye|Confuse Ray|p2b: Chansey\n|-start|p2b: Chansey|confusion\n|move|p1a: Dudunsparce|Rock Slide|p2b: Chansey|[spread] p2a,p2b\n|-supereffective|p2a: Shuckle\n|-damage|p2a: Shuckle|60\/100\n|-damage|p2b: Chansey|71\/100\n|cant|p2b: Chansey|flinch\n|move|p2a: Shuckle|Sticky Web|p1a: Dudunsparce\n|-sidestart|p1: snowgust|move: Sticky Web\n|\n|-heal|p2a: Shuckle|66\/100|[from] item: Leftovers\n|upkeep\n|turn|8\n|\n|t:|1697734130\n|move|p1b: Sableye|Thunder Wave|p2a: Shuckle\n|-status|p2a: Shuckle|par\n|move|p1a: Dudunsparce|Rock Slide|p2a: Shuckle|[spread] p2a,p2b\n|-supereffective|p2a: Shuckle\n|-damage|p2a: Shuckle|26\/100 par\n|-damage|p2b: Chansey|66\/100\n|cant|p2b: Chansey|flinch\n|cant|p2a: Shuckle|flinch\n|\n|-heal|p2a: Shuckle|32\/100 par|[from] item: Leftovers\n|-fieldend|move: Gravity\n|upkeep\n|turn|9\n|\n|t:|1697734161\n|switch|p1a: Maushold|Maushold-Four|100\/100\n|-activate|p1a: Maushold|move: Sticky Web\n|-unboost|p1a: Maushold|spe|1\n|switch|p2a: Iron Hands|Iron Hands|100\/100\n|move|p1b: Sableye|Thunder Wave|p2b: Chansey\n|-status|p2b: Chansey|par\n|-activate|p2b: Chansey|confusion\n|move|p2b: Chansey|Soft-Boiled|p2b: Chansey\n|-heal|p2b: Chansey|100\/100 par\n|\n|upkeep\n|turn|10\n|\n|t:|1697734185\n|move|p2a: Iron Hands|Fake Out|p1a: Maushold\n|-damage|p1a: Maushold|79\/100\n|move|p1b: Sableye|Confuse Ray|p2a: Iron Hands\n|-start|p2a: Iron Hands|confusion\n|cant|p1a: Maushold|flinch\n|-activate|p2b: Chansey|confusion\n|move|p2b: Chansey|Heal Bell|p2b: Chansey\n|-activate|p2b: Chansey|move: Heal Bell\n|-curestatus|p2b: Chansey|par|[msg]\n|-curestatus|p2: Shuckle|par|[msg]\n|\n|upkeep\n|turn|11\n|\n|t:|1697734201\n|move|p1b: Sableye|Thunder Wave|p2b: Chansey\n|-status|p2b: Chansey|par\n|move|p1a: Maushold|Population Bomb|p2a: Iron Hands\n|-damage|p2a: Iron Hands|96\/100\n|-damage|p2a: Iron Hands|90\/100\n|-hitcount|p2a: Iron Hands|2\n|-activate|p2a: Iron Hands|confusion\n|-damage|p2a: Iron Hands|79\/100|[from] confusion\n|-end|p2b: Chansey|confusion\n|cant|p2b: Chansey|par\n|\n|-heal|p2a: Iron Hands|85\/100|[from] item: Leftovers\n|upkeep\n|turn|12\n|\n|t:|1697734222\n|move|p1b: Sableye|Gravity|p1b: Sableye\n|-fieldstart|move: Gravity\n|move|p1a: Maushold|Population Bomb|p2a: Iron Hands\n|-crit|p2a: Iron Hands\n|-damage|p2a: Iron Hands|78\/100\n|-damage|p2a: Iron Hands|73\/100\n|-crit|p2a: Iron Hands\n|-damage|p2a: Iron Hands|65\/100\n|-crit|p2a: Iron Hands\n|-damage|p2a: Iron Hands|57\/100\n|-damage|p2a: Iron Hands|52\/100\n|-damage|p2a: Iron Hands|47\/100\n|-damage|p2a: Iron Hands|42\/100\n|-damage|p2a: Iron Hands|37\/100\n|-damage|p2a: Iron Hands|32\/100\n|-damage|p2a: Iron Hands|27\/100\n|-hitcount|p2a: Iron Hands|10\n|cant|p2a: Iron Hands|flinch\n|move|p2b: Chansey|Seismic Toss|p1a: Maushold\n|-damage|p1a: Maushold|50\/100\n|\n|-heal|p2a: Iron Hands|33\/100|[from] item: Leftovers\n|upkeep\n|turn|13\n|\n|t:|1697734249\n|move|p1b: Sableye|Confuse Ray|p2b: Chansey\n|-start|p2b: Chansey|confusion\n|move|p1a: Maushold|Population Bomb|p2a: Iron Hands\n|-damage|p2a: Iron Hands|28\/100\n|-damage|p2a: Iron Hands|23\/100\n|-damage|p2a: Iron Hands|18\/100\n|-damage|p2a: Iron Hands|12\/100\n|-damage|p2a: Iron Hands|7\/100\n|-damage|p2a: Iron Hands|2\/100\n|-damage|p2a: Iron Hands|0 fnt\n|faint|p2a: Iron Hands\n|-end|p2a: Iron Hands|Quark Drive|[silent]\n|-hitcount|p2: Iron Hands|7\n|-activate|p2b: Chansey|confusion\n|move|p2b: Chansey|Seismic Toss|p1a: Maushold\n|-damage|p1a: Maushold|22\/100\n|\n|upkeep\n|\n|t:|1697734257\n|switch|p2a: Shuckle|Shuckle, F, shiny|32\/100\n|turn|14\n|\n|t:|1697734276\n|switch|p2a: Gourgeist|Gourgeist-Small, M, shiny|62\/100\n|-item|p1a: Maushold|King's Rock|[from] ability: Frisk|[of] p2a: Gourgeist|[identify]\n|-item|p1b: Sableye|Leftovers|[from] ability: Frisk|[of] p2a: Gourgeist|[identify]\n|cant|p1b: Sableye|par\n|move|p1a: Maushold|Population Bomb|p2b: Chansey\n|-damage|p2b: Chansey|98\/100 par\n|-damage|p2b: Chansey|96\/100 par\n|-damage|p2b: Chansey|94\/100 par\n|-damage|p2b: Chansey|92\/100 par\n|-damage|p2b: Chansey|90\/100 par\n|-damage|p2b: Chansey|88\/100 par\n|-damage|p2b: Chansey|86\/100 par\n|-damage|p2b: Chansey|84\/100 par\n|-damage|p2b: Chansey|82\/100 par\n|-damage|p2b: Chansey|79\/100 par\n|-hitcount|p2b: Chansey|10\n|cant|p2b: Chansey|flinch\n|\n|upkeep\n|turn|15\n|\n|t:|1697734300\n|move|p1b: Sableye|Thunder Wave|p2a: Gourgeist\n|-status|p2a: Gourgeist|par\n|move|p1a: Maushold|Population Bomb|p2b: Chansey\n|-damage|p2b: Chansey|77\/100 par\n|-damage|p2b: Chansey|75\/100 par\n|-damage|p2b: Chansey|73\/100 par\n|-damage|p2b: Chansey|71\/100 par\n|-damage|p2b: Chansey|69\/100 par\n|-damage|p2b: Chansey|67\/100 par\n|-damage|p2b: Chansey|65\/100 par\n|-damage|p2b: Chansey|63\/100 par\n|-damage|p2b: Chansey|61\/100 par\n|-damage|p2b: Chansey|59\/100 par\n|-hitcount|p2b: Chansey|10\n|move|p2a: Gourgeist|Trick-or-Treat|p2b: Chansey\n|-start|p2b: Chansey|typeadd|Ghost|[from] move: Trick-or-Treat\n|cant|p2b: Chansey|flinch\n|\n|upkeep\n|turn|16\n|\n|t:|1697734325\n|move|p1b: Sableye|Confuse Ray|p2a: Gourgeist\n|-start|p2a: Gourgeist|confusion\n|move|p1a: Maushold|Tidy Up|p1a: Maushold\n|-sideend|p1: snowgust|Sticky Web\n|-activate|p1a: Maushold|move: Tidy Up\n|-boost|p1a: Maushold|atk|1\n|-boost|p1a: Maushold|spe|1\n|-activate|p2a: Gourgeist|confusion\n|cant|p2a: Gourgeist|par\n|-end|p2b: Chansey|confusion\n|move|p2b: Chansey|Heal Bell|p2b: Chansey\n|-activate|p2b: Chansey|move: Heal Bell\n|-curestatus|p2a: Gourgeist|par|[msg]\n|-curestatus|p2b: Chansey|par|[msg]\n|\n|-fieldend|move: Gravity\n|upkeep\n|turn|17\n|\n|t:|1697734369\n|move|p1b: Sableye|Thunder Wave|p2a: Gourgeist\n|-status|p2a: Gourgeist|par\n|move|p1a: Maushold|Taunt|p2b: Chansey\n|-start|p2b: Chansey|move: Taunt\n|-activate|p2a: Gourgeist|confusion\n|cant|p2a: Gourgeist|par\n|move|p2b: Chansey|Seismic Toss|p1a: Maushold\n|-damage|p1a: Maushold|0 fnt\n|faint|p1a: Maushold\n|\n|upkeep\n|\n|t:|1697734381\n|switch|p1a: Dunsparce|Dunsparce, M|100\/100\n|turn|18\n|\n|t:|1697734409\n|switch|p2a: Indeedee|Indeedee-F, F|100\/100\n|-fieldstart|move: Psychic Terrain|[from] ability: Psychic Surge|[of] p2a: Indeedee\n|move|p1b: Sableye|Gravity|p1b: Sableye\n|-fieldstart|move: Gravity\n|move|p1a: Dunsparce|Rock Slide|p2b: Chansey|[spread] p2a,p2b\n|-damage|p2a: Indeedee|85\/100\n|-damage|p2b: Chansey|56\/100\n|move|p2b: Chansey|Seismic Toss|p1a: Dunsparce\n|-damage|p1a: Dunsparce|71\/100\n|\n|upkeep\n|turn|19\n|\n|t:|1697734437\n|move|p2a: Indeedee|Trick|p1b: Sableye\n|-activate|p2a: Indeedee|move: Trick|[of] p1b: Sableye\n|-item|p1b: Sableye|Choice Scarf|[from] move: Trick\n|-item|p2a: Indeedee|Leftovers|[from] move: Trick\n|move|p1a: Dunsparce|Rock Slide|p2b: Chansey|[spread] p2a,p2b\n|-damage|p2a: Indeedee|69\/100\n|-damage|p2b: Chansey|53\/100\n|cant|p2b: Chansey|flinch\n|move|p1b: Sableye|Knock Off|p2b: Chansey\n|-supereffective|p2b: Chansey\n|-damage|p2b: Chansey|42\/100\n|-enditem|p2b: Chansey|Eviolite|[from] move: Knock Off|[of] p1b: Sableye\n|\n|-heal|p2a: Indeedee|75\/100|[from] item: Leftovers\n|-end|p2b: Chansey|move: Taunt\n|upkeep\n|turn|20\n|\n|t:|1697734461\n|move|p1a: Dunsparce|Rock Slide|p2a: Indeedee|[spread] p2a,p2b\n|-damage|p2a: Indeedee|58\/100\n|-damage|p2b: Chansey|38\/100\n|cant|p2b: Chansey|flinch\n|move|p1b: Sableye|Knock Off|p2a: Indeedee\n|-supereffective|p2a: Indeedee\n|-damage|p2a: Indeedee|0 fnt\n|-enditem|p2a: Indeedee|Leftovers|[from] move: Knock Off|[of] p1b: Sableye\n|faint|p2a: Indeedee\n|\n|upkeep\n|\n|t:|1697734479\n|switch|p2a: Tornadus|Tornadus-Therian, M|100\/100\n|turn|21\n|\n|t:|1697734490\n|move|p2a: Tornadus|Bleakwind Storm|p1a: Dunsparce|[spread] p1a,p1b\n|-damage|p1a: Dunsparce|0 fnt\n|-damage|p1b: Sableye|19\/100 par\n|-unboost|p1b: Sableye|spe|1\n|faint|p1a: Dunsparce\n|move|p2b: Chansey|Soft-Boiled|p2b: Chansey\n|-heal|p2b: Chansey|88\/100\n|move|p1b: Sableye|Knock Off|p2a: Tornadus\n|-damage|p2a: Tornadus|66\/100\n|-enditem|p2a: Tornadus|Choice Specs|[from] move: Knock Off|[of] p1b: Sableye\n|\n|upkeep\n|\n|t:|1697734503\n|switch|p1a: Dragonite|Dragonite, M|100\/100\n|turn|22\n|\n|t:|1697734513\n|switch|p1b: Roaring Moon|Roaring Moon|100\/100\n|-enditem|p1b: Roaring Moon|Booster Energy\n|-activate|p1b: Roaring Moon|ability: Protosynthesis|[fromitem]\n|-start|p1b: Roaring Moon|protosynthesisspe\n|move|p2a: Tornadus|Bleakwind Storm|p1a: Dragonite|[spread] p1a,p1b\n|-damage|p1a: Dragonite|90\/100\n|-damage|p1b: Roaring Moon|66\/100\n|-unboost|p1b: Roaring Moon|spe|1\n|move|p1a: Dragonite|Substitute|p1a: Dragonite\n|-start|p1a: Dragonite|Substitute\n|-damage|p1a: Dragonite|65\/100\n|move|p2b: Chansey|Seismic Toss|p1a: Dragonite\n|-end|p1a: Dragonite|Substitute\n|\n|-heal|p1a: Dragonite|71\/100|[from] item: Leftovers\n|-fieldend|move: Gravity\n|-fieldend|move: Psychic Terrain\n|upkeep\n|turn|23\n|\n|t:|1697734539\n|move|p2a: Tornadus|U-turn|p1b: Roaring Moon\n|-supereffective|p1b: Roaring Moon\n|-damage|p1b: Roaring Moon|30\/100\n|\n|t:|1697734546\n|switch|p2a: Shuckle|Shuckle, F, shiny|32\/100|[from] U-turn\n|move|p1b: Roaring Moon|Rock Slide|p2a: Shuckle|[spread] p2b\n|-miss|p1b: Roaring Moon|p2a: Shuckle\n|-damage|p2b: Chansey|81\/100\n|move|p1a: Dragonite|Thunder Wave|p2b: Chansey|[miss]\n|-miss|p1a: Dragonite|p2b: Chansey\n|cant|p2b: Chansey|flinch\n|\n|-heal|p1a: Dragonite|77\/100|[from] item: Leftovers\n|-heal|p2a: Shuckle|38\/100|[from] item: Leftovers\n|upkeep\n|turn|24\n|\n|t:|1697734583\n|move|p1b: Roaring Moon|Tailwind|p1b: Roaring Moon\n|-sidestart|p1: snowgust|move: Tailwind\n|move|p1a: Dragonite|Thunder Wave|p2b: Chansey\n|-status|p2b: Chansey|par\n|move|p2b: Chansey|Thunder Wave|p1b: Roaring Moon\n|-status|p1b: Roaring Moon|par\n|move|p2a: Shuckle|Toxic|p1a: Dragonite\n|-status|p1a: Dragonite|tox\n|\n|-heal|p1a: Dragonite|83\/100 tox|[from] item: Leftovers\n|-heal|p2a: Shuckle|44\/100|[from] item: Leftovers\n|-damage|p1a: Dragonite|77\/100 tox|[from] psn\n|upkeep\n|turn|25\n|\n|t:|1697734606\n|switch|p2a: Tornadus|Tornadus-Therian, M|99\/100\n|move|p1a: Dragonite|Dragon Dance|p1a: Dragonite\n|-boost|p1a: Dragonite|atk|1\n|-boost|p1a: Dragonite|spe|1\n|move|p1b: Roaring Moon|Knock Off|p2a: Tornadus\n|-damage|p2a: Tornadus|54\/100\n|cant|p2b: Chansey|par\n|\n|-heal|p1a: Dragonite|83\/100 tox|[from] item: Leftovers\n|-damage|p1a: Dragonite|71\/100 tox|[from] psn\n|upkeep\n|turn|26\n|\n|t:|1697734628\n|move|p1a: Dragonite|Rock Slide|p2b: Chansey|[spread] p2a,p2b\n|-supereffective|p2a: Tornadus\n|-damage|p2a: Tornadus|0 fnt\n|-damage|p2b: Chansey|73\/100 par\n|faint|p2a: Tornadus\n|cant|p1b: Roaring Moon|par\n|move|p2b: Chansey|Heal Bell|p2b: Chansey\n|-activate|p2b: Chansey|move: Heal Bell\n|-curestatus|p2b: Chansey|par|[msg]\n|-curestatus|p2: Gourgeist|par|[msg]\n|\n|-heal|p1a: Dragonite|77\/100 tox|[from] item: Leftovers\n|-damage|p1a: Dragonite|59\/100 tox|[from] psn\n|upkeep\n|\n|t:|1697734649\n|switch|p2a: Gourgeist|Gourgeist-Small, M, shiny|62\/100\n|-item|p1a: Dragonite|Leftovers|[from] ability: Frisk|[of] p2a: Gourgeist|[identify]\n|turn|27\n|\n|t:|1697734666\n|switch|p1a: Sableye|Sableye, F, shiny|19\/100 par\n|switch|p2a: Shuckle|Shuckle, F, shiny|44\/100\n|move|p1b: Roaring Moon|Rock Slide|p2b: Chansey|[spread] p2a\n|-miss|p1b: Roaring Moon|p2b: Chansey\n|-supereffective|p2a: Shuckle\n|-damage|p2a: Shuckle|13\/100\n|move|p2b: Chansey|Seismic Toss|p1a: Sableye\n|-immune|p1a: Sableye\n|\n|-heal|p2a: Shuckle|19\/100|[from] item: Leftovers\n|-sideend|p1: snowgust|move: Tailwind\n|upkeep\n|turn|28\n|\n|t:|1697734689\n|move|p1a: Sableye|Gravity|p1a: Sableye\n|-fieldstart|move: Gravity\n|move|p1b: Roaring Moon|Rock Slide|p2a: Shuckle|[spread] p2a,p2b\n|-supereffective|p2a: Shuckle\n|-damage|p2a: Shuckle|0 fnt\n|-damage|p2b: Chansey|66\/100\n|faint|p2a: Shuckle\n|cant|p2b: Chansey|flinch\n|\n|upkeep\n|\n|t:|1697734700\n|switch|p2a: Gourgeist|Gourgeist-Small, M, shiny|62\/100\n|-item|p1a: Sableye|Choice Scarf|[from] ability: Frisk|[of] p2a: Gourgeist|[identify]\n|turn|29\n|\n|t:|1697734718\n|switch|p1a: Dudunsparce|Dudunsparce, F|49\/100 par\n|move|p2a: Gourgeist|Flamethrower|p1a: Dudunsparce\n|-damage|p1a: Dudunsparce|28\/100 par\n|move|p1b: Roaring Moon|Knock Off|p2a: Gourgeist\n|-supereffective|p2a: Gourgeist\n|-damage|p2a: Gourgeist|0 fnt\n|-enditem|p2a: Gourgeist|Focus Sash|[from] move: Knock Off|[of] p1b: Roaring Moon\n|faint|p2a: Gourgeist\n|move|p2b: Chansey|Seismic Toss|p1b: Roaring Moon\n|-damage|p1b: Roaring Moon|2\/100 par\n|\n|upkeep\n|turn|30\n|\n|t:|1697734738\n|cant|p1b: Roaring Moon|par\n|move|p1a: Dudunsparce|Rock Slide|p2b: Chansey\n|-damage|p2b: Chansey|59\/100\n|cant|p2b: Chansey|flinch\n|\n|upkeep\n|turn|31\n|c|\u2606snowgust|that chansey lasted forever lol\n|c|\u2606Melt W|yup\n|\n|t:|1697734756\n|move|p1b: Roaring Moon|Knock Off|p2b: Chansey\n|-supereffective|p2b: Chansey\n|-damage|p2b: Chansey|33\/100\n|move|p1a: Dudunsparce|Rock Slide|p2b: Chansey\n|-damage|p2b: Chansey|26\/100\n|cant|p2b: Chansey|flinch\n|\n|upkeep\n|turn|32\n|\n|t:|1697734765\n|move|p1b: Roaring Moon|Knock Off|p2b: Chansey\n|-supereffective|p2b: Chansey\n|-damage|p2b: Chansey|3\/100\n|cant|p1a: Dudunsparce|par\n|move|p2b: Chansey|Soft-Boiled|p2b: Chansey\n|-heal|p2b: Chansey|53\/100\n|\n|-fieldend|move: Gravity\n|upkeep\n|turn|33\n|\n|t:|1697734776\n|move|p1b: Roaring Moon|Knock Off|p2b: Chansey\n|-supereffective|p2b: Chansey\n|-damage|p2b: Chansey|28\/100\n|move|p1a: Dudunsparce|Rock Slide|p2b: Chansey\n|-crit|p2b: Chansey\n|-damage|p2b: Chansey|16\/100\n|move|p2b: Chansey|Soft-Boiled|p2b: Chansey\n|-heal|p2b: Chansey|66\/100\n|\n|upkeep\n|turn|34\n|\n|t:|1697734792\n|move|p1b: Roaring Moon|Dragon Dance|p1b: Roaring Moon\n|-boost|p1b: Roaring Moon|atk|1\n|-boost|p1b: Roaring Moon|spe|1\n|move|p1a: Dudunsparce|Rock Slide|p2b: Chansey\n|-damage|p2b: Chansey|59\/100\n|move|p2b: Chansey|Seismic Toss|p1b: Roaring Moon\n|-damage|p1b: Roaring Moon|0 fnt\n|faint|p1b: Roaring Moon\n|-end|p1b: Roaring Moon|Protosynthesis|[silent]\n|\n|upkeep\n|c|\u2606snowgust|she's still in the game :3\n|\n|t:|1697734801\n|switch|p1b: Sableye|Sableye, F, shiny|19\/100 par\n|turn|35\n|\n|t:|1697734812\n|cant|p1a: Dudunsparce|par\n|move|p2b: Chansey|Seismic Toss|p1a: Dudunsparce\n|-damage|p1a: Dudunsparce|3\/100 par\n|move|p1b: Sableye|Knock Off|p2b: Chansey\n|-supereffective|p2b: Chansey\n|-damage|p2b: Chansey|48\/100\n|\n|upkeep\n|turn|36\n|\n|t:|1697734826\n|move|p1a: Dudunsparce|Rock Slide|p2b: Chansey\n|-damage|p2b: Chansey|40\/100\n|move|p2b: Chansey|Soft-Boiled|p2b: Chansey\n|-heal|p2b: Chansey|90\/100\n|move|p1b: Sableye|Knock Off|p2b: Chansey\n|-supereffective|p2b: Chansey\n|-damage|p2b: Chansey|80\/100\n|\n|upkeep\n|turn|37\n|\n|t:|1697734838\n|move|p1a: Dudunsparce|Rock Slide|p2b: Chansey|[miss]\n|-miss|p1a: Dudunsparce|p2b: Chansey\n|move|p2b: Chansey|Seismic Toss|p1a: Dudunsparce\n|-damage|p1a: Dudunsparce|0 fnt\n|faint|p1a: Dudunsparce\n|cant|p1b: Sableye|par\n|\n|upkeep\n|\n|t:|1697734847\n|switch|p1a: Dragonite|Dragonite, M|59\/100 tox\n|turn|38\n|\n|t:|1697734866\n|move|p1a: Dragonite|Rock Slide|p2b: Chansey\n|-damage|p2b: Chansey|72\/100\n|move|p2b: Chansey|Seismic Toss|p1a: Dragonite\n|-damage|p1a: Dragonite|33\/100 tox\n|cant|p1b: Sableye|par\n|\n|-heal|p1a: Dragonite|39\/100 tox|[from] item: Leftovers\n|-damage|p1a: Dragonite|33\/100 tox|[from] psn\n|upkeep\n|turn|39\n|\n|t:|1697734879\n|move|p1a: Dragonite|Rock Slide|p2b: Chansey\n|-damage|p2b: Chansey|65\/100\n|move|p2b: Chansey|Seismic Toss|p1a: Dragonite\n|-damage|p1a: Dragonite|7\/100 tox\n|move|p1b: Sableye|Knock Off|p2b: Chansey\n|-supereffective|p2b: Chansey\n|-damage|p2b: Chansey|54\/100\n|\n|-heal|p1a: Dragonite|13\/100 tox|[from] item: Leftovers\n|-damage|p1a: Dragonite|0 fnt|[from] psn\n|faint|p1a: Dragonite\n|upkeep\n|turn|40\n|\n|t:|1697734895\n|move|p2b: Chansey|Soft-Boiled|p2b: Chansey\n|-heal|p2b: Chansey|100\/100\n|move|p1b: Sableye|Knock Off|p2b: Chansey\n|-supereffective|p2b: Chansey\n|-crit|p2b: Chansey\n|-damage|p2b: Chansey|85\/100\n|\n|upkeep\n|turn|41\n|\n|t:|1697734905\n|move|p2b: Chansey|Seismic Toss|p1b: Sableye\n|-immune|p1b: Sableye\n|cant|p1b: Sableye|par\n|\n|upkeep\n|turn|42\n|\n|t:|1697734912\n|move|p2b: Chansey|Seismic Toss|p1b: Sableye\n|-immune|p1b: Sableye\n|move|p1b: Sableye|Knock Off|p2b: Chansey\n|-supereffective|p2b: Chansey\n|-damage|p2b: Chansey|75\/100\n|\n|upkeep\n|turn|43\n|\n|t:|1697734920\n|move|p2b: Chansey|Seismic Toss|p1b: Sableye\n|-immune|p1b: Sableye\n|move|p1b: Sableye|Knock Off|p2b: Chansey\n|-supereffective|p2b: Chansey\n|-damage|p2b: Chansey|64\/100\n|\n|upkeep\n|turn|44\n|\n|t:|1697734937\n|move|p2b: Chansey|Seismic Toss|p1b: Sableye\n|-immune|p1b: Sableye\n|move|p1b: Sableye|Knock Off|p2b: Chansey\n|-supereffective|p2b: Chansey\n|-damage|p2b: Chansey|52\/100\n|\n|upkeep\n|turn|45\n|c|\u2606snowgust|hm... can she heal enough for me to struggle?\n|c|\u2606Melt W|I doubt it\n|\n|t:|1697734971\n|move|p2b: Chansey|Seismic Toss|p1b: Sableye\n|-immune|p1b: Sableye\n|cant|p1b: Sableye|par\n|\n|upkeep\n|turn|46\n|c|\u2606Melt W|with good enough luck I may be able to struggle and kill sableye\n|\n|t:|1697735019\n|move|p2b: Chansey|Seismic Toss|p1b: Sableye\n|-immune|p1b: Sableye\n|move|p1b: Sableye|Knock Off|p2b: Chansey\n|-supereffective|p2b: Chansey\n|-damage|p2b: Chansey|42\/100\n|\n|upkeep\n|turn|47\n|c|\u2606snowgust|this is weird finish lol\n|\n|t:|1697735027\n|move|p2b: Chansey|Soft-Boiled|p2b: Chansey\n|-heal|p2b: Chansey|92\/100\n|cant|p1b: Sableye|par\n|\n|upkeep\n|turn|48\n|c|\u2606Melt W|yup\n|\n|t:|1697735036\n|move|p2b: Chansey|Seismic Toss|p1b: Sableye\n|-immune|p1b: Sableye\n|cant|p1b: Sableye|par\n|\n|upkeep\n|turn|49\n|\n|t:|1697735043\n|move|p2b: Chansey|Seismic Toss|p1b: Sableye\n|-immune|p1b: Sableye\n|move|p1b: Sableye|Knock Off|p2b: Chansey\n|-supereffective|p2b: Chansey\n|-damage|p2b: Chansey|81\/100\n|\n|upkeep\n|turn|50\n|\n|t:|1697735053\n|-terastallize|p2b: Chansey|Normal\n|move|p2b: Chansey|Seismic Toss|p1b: Sableye\n|-immune|p1b: Sableye\n|cant|p1b: Sableye|par\n|\n|upkeep\n|turn|51\n|c|\u2606Melt W|this may help\n|\n|t:|1697735069\n|move|p2b: Chansey|Seismic Toss|p1b: Sableye\n|-immune|p1b: Sableye\n|move|p1b: Sableye|Knock Off|p2b: Chansey\n|-damage|p2b: Chansey|76\/100\n|\n|upkeep\n|turn|52\n|\n|t:|1697735080\n|move|p2b: Chansey|Seismic Toss|p1b: Sableye\n|-immune|p1b: Sableye\n|move|p1b: Sableye|Knock Off|p2b: Chansey\n|-damage|p2b: Chansey|70\/100\n|\n|upkeep\n|turn|53\n|\n|t:|1697735089\n|move|p2b: Chansey|Seismic Toss|p1b: Sableye\n|-immune|p1b: Sableye\n|move|p1b: Sableye|Knock Off|p2b: Chansey\n|-damage|p2b: Chansey|65\/100\n|\n|upkeep\n|turn|54\n|c|\u2606snowgust|I didnt know tera reduced damage\n|\n|t:|1697735112\n|move|p2b: Chansey|Seismic Toss|p1b: Sableye\n|-immune|p1b: Sableye\n|move|p1b: Sableye|Knock Off|p2b: Chansey\n|-damage|p2b: Chansey|59\/100\n|\n|upkeep\n|turn|55\n|c|\u2606Melt W|i'm not weak to dark now\n|c|\u2606Melt W|I was before\n|c|\u2606snowgust|ah true, she was ghost :p\n|\n|t:|1697735135\n|move|p2b: Chansey|Seismic Toss|p1b: Sableye\n|-immune|p1b: Sableye\n|move|p1b: Sableye|Knock Off|p2b: Chansey\n|-damage|p2b: Chansey|54\/100\n|\n|upkeep\n|turn|56\n|c|\u2606snowgust|completely forgot about that for a moment lol\n|\n|t:|1697735148\n|move|p2b: Chansey|Seismic Toss|p1b: Sableye\n|-immune|p1b: Sableye\n|move|p1b: Sableye|Knock Off|p2b: Chansey\n|-damage|p2b: Chansey|48\/100\n|\n|upkeep\n|turn|57\n|\n|t:|1697735157\n|move|p2b: Chansey|Seismic Toss|p1b: Sableye\n|-immune|p1b: Sableye\n|move|p1b: Sableye|Knock Off|p2b: Chansey\n|-damage|p2b: Chansey|43\/100\n|\n|upkeep\n|turn|58\n|c|\u2606snowgust|last soft boiled\n|\n|t:|1697735164\n|move|p2b: Chansey|Soft-Boiled|p2b: Chansey\n|-heal|p2b: Chansey|93\/100\n|move|p1b: Sableye|Knock Off|p2b: Chansey\n|-damage|p2b: Chansey|87\/100\n|\n|upkeep\n|turn|59\n|c|\u2606Melt W|yup\n|\n|t:|1697735173\n|move|p2b: Chansey|Heal Bell||[still]\n|-activate|p2b: Chansey|move: Heal Bell\n|-fail|p2b: Chansey\n|move|p1b: Sableye|Knock Off|p2b: Chansey\n|-damage|p2b: Chansey|82\/100\n|\n|upkeep\n|turn|60\n|\n|t:|1697735183\n|move|p2b: Chansey|Heal Bell||[still]\n|-activate|p2b: Chansey|move: Heal Bell\n|-fail|p2b: Chansey\n|cant|p1b: Sableye|par\n|\n|upkeep\n|turn|61\n|c|\u2606snowgust|I think imma struggle before killing her lol\n|c|\u2606Melt W|maybe\n|\n|t:|1697735203\n|move|p2b: Chansey|Heal Bell||[still]\n|-activate|p2b: Chansey|move: Heal Bell\n|-fail|p2b: Chansey\n|move|p1b: Sableye|Knock Off|p2b: Chansey\n|-damage|p2b: Chansey|76\/100\n|\n|upkeep\n|turn|62\n|c|\u2606snowgust|unless there are crits I can get 66% of her hp\n|\n|t:|1697735223\n|move|p2b: Chansey|Seismic Toss|p1b: Sableye\n|-immune|p1b: Sableye\n|move|p1b: Sableye|Knock Off|p2b: Chansey\n|-damage|p2b: Chansey|70\/100\n|\n|upkeep\n|turn|63\n|\n|t:|1697735234\n|move|p2b: Chansey|Seismic Toss|p1b: Sableye\n|-immune|p1b: Sableye\n|cant|p1b: Sableye|par\n|\n|upkeep\n|turn|64\n|\n|t:|1697735241\n|move|p2b: Chansey|Thunder Wave|p1b: Sableye\n|-fail|p1b: Sableye|par\n|cant|p1b: Sableye|par\n|\n|upkeep\n|turn|65\n|\n|t:|1697735247\n|move|p2b: Chansey|Thunder Wave|p1b: Sableye\n|-fail|p1b: Sableye|par\n|move|p1b: Sableye|Knock Off|p2b: Chansey\n|-damage|p2b: Chansey|65\/100\n|\n|upkeep\n|turn|66\n|c|\u2606snowgust|if I'm lucky\n|c|\u2606snowgust|lol\n|c|\u2606Melt W|only 27 t-waves left\n|\n|t:|1697735267\n|move|p2b: Chansey|Thunder Wave|p1b: Sableye\n|-fail|p1b: Sableye|par\n|move|p1b: Sableye|Knock Off|p2b: Chansey\n|-damage|p2b: Chansey|60\/100\n|\n|upkeep\n|turn|67\n|c|\u2606snowgust|I'll struggle before she does\n|\n|t:|1697735280\n|move|p2b: Chansey|Thunder Wave|p1b: Sableye\n|-fail|p1b: Sableye|par\n|cant|p1b: Sableye|par\n|\n|upkeep\n|turn|68\n|c|\u2606snowgust|and she'll still have like 30-35% left\n|\n|t:|1697735298\n|move|p2b: Chansey|Thunder Wave|p1b: Sableye\n|-fail|p1b: Sableye|par\n|cant|p1b: Sableye|par\n|\n|upkeep\n|turn|69\n|c|\u2606snowgust|if I dont critt\n|\n|t:|1697735308\n|move|p2b: Chansey|Thunder Wave|p1b: Sableye\n|-fail|p1b: Sableye|par\n|cant|p1b: Sableye|par\n|\n|upkeep\n|turn|70\n|\n|t:|1697735316\n|move|p2b: Chansey|Thunder Wave|p1b: Sableye\n|-fail|p1b: Sableye|par\n|move|p1b: Sableye|Knock Off|p2b: Chansey\n|-damage|p2b: Chansey|54\/100\n|\n|upkeep\n|turn|71\n|\n|t:|1697735323\n|move|p2b: Chansey|Thunder Wave|p1b: Sableye\n|-fail|p1b: Sableye|par\n|move|p1b: Sableye|Knock Off|p2b: Chansey\n|-damage|p2b: Chansey|49\/100\n|\n|upkeep\n|turn|72\n|\n|t:|1697735332\n|move|p2b: Chansey|Thunder Wave|p1b: Sableye\n|-fail|p1b: Sableye|par\n|cant|p1b: Sableye|par\n|\n|upkeep\n|turn|73\n|\n|t:|1697735338\n|move|p2b: Chansey|Thunder Wave|p1b: Sableye\n|-fail|p1b: Sableye|par\n|move|p1b: Sableye|Knock Off|p2b: Chansey\n|-damage|p2b: Chansey|44\/100\n|\n|upkeep\n|turn|74\n|\n|t:|1697735345\n|move|p2b: Chansey|Thunder Wave|p1b: Sableye\n|-fail|p1b: Sableye|par\n|move|p1b: Sableye|Knock Off|p2b: Chansey\n|-damage|p2b: Chansey|38\/100\n|\n|upkeep\n|turn|75\n|\n|t:|1697735352\n|move|p2b: Chansey|Thunder Wave|p1b: Sableye\n|-fail|p1b: Sableye|par\n|cant|p1b: Sableye|par\n|\n|upkeep\n|turn|76\n|\n|t:|1697735360\n|move|p2b: Chansey|Thunder Wave|p1b: Sableye\n|-fail|p1b: Sableye|par\n|cant|p1b: Sableye|par\n|\n|upkeep\n|turn|77\n|\n|t:|1697735366\n|move|p2b: Chansey|Thunder Wave|p1b: Sableye|[miss]\n|-miss|p2b: Chansey|p1b: Sableye\n|cant|p1b: Sableye|par\n|\n|upkeep\n|turn|78\n|\n|t:|1697735376\n|move|p2b: Chansey|Thunder Wave|p1b: Sableye\n|-fail|p1b: Sableye|par\n|move|p1b: Sableye|Knock Off|p2b: Chansey\n|-damage|p2b: Chansey|33\/100\n|\n|upkeep\n|turn|79\n|c|\u2606snowgust|I think both knock offs to crit to kill her\n|\n|t:|1697735394\n|move|p2b: Chansey|Thunder Wave|p1b: Sableye\n|-fail|p1b: Sableye|par\n|move|p1b: Sableye|Knock Off|p2b: Chansey\n|-damage|p2b: Chansey|28\/100\n|\n|upkeep\n|turn|80\n|c|\u2606snowgust|yeah, not happening lol\n|\n|t:|1697735405\n|move|p2b: Chansey|Thunder Wave|p1b: Sableye\n|-fail|p1b: Sableye|par\n|move|p1b: Sableye|Knock Off|p2b: Chansey\n|-damage|p2b: Chansey|23\/100\n|\n|upkeep\n|turn|81\n|\n|t:|1697735413\n|move|p2b: Chansey|Thunder Wave|p1b: Sableye|[miss]\n|-miss|p2b: Chansey|p1b: Sableye\n|-activate|p1b: Sableye|move: Struggle\n|move|p1b: Sableye|Struggle|p2b: Chansey\n|-damage|p2b: Chansey|20\/100\n|-damage|p1b: Sableye|0 fnt|[from] recoil\n|faint|p1b: Sableye\n|\n|win|Melt W\n|raw|snowgust's rating: 1129 &rarr; <strong>1105<\/strong><br \/>(-24 for losing)\n|raw|Melt W's rating: 1142 &rarr; <strong>1166<\/strong><br \/>(+24 for winning)\n|c|\u2606snowgust|gg\n|c|\u2606Melt W|gg\n|c|\u2606Melt W|81 turns.........\n|c|\u2606snowgust|that was a lot\n|c|\u2606snowgust|not the longest I've had, but definitely the longest with this team lol\n","uploadtime":1697735424,"views":9,"p1id":"snowgust","p2id":"meltw","formatid":"gen9nationaldexdoubles","rating":1105,"private":0,"password":""}