{"id":"gen9nationaldexdoubles-1959699729","p1":"Toxic Ariados","p2":"Immagamer","format":"[Gen 9] National Dex Doubles","log":"|j|\u2606Toxic Ariados\n|j|\u2606Immagamer\n|t:|1696447995\n|gametype|doubles\n|player|p1|Toxic Ariados|lucas|1550\n|player|p2|Immagamer|lucas|1294\n|teamsize|p1|6\n|teamsize|p2|6\n|gen|9\n|tier|[Gen 9] National Dex Doubles\n|rated|\n|rule|HP Percentage Mod: HP is shown in percentages\n|rule|Endless Battle Clause: Forcing endless battles is banned\n|rule|OHKO Clause: OHKO moves are banned\n|rule|Evasion Moves Clause: Evasion moves are banned\n|rule|Evasion Abilities Clause: Evasion abilities are banned\n|rule|Species Clause: Limit one of each Pok\u00e9mon\n|rule|Gravity Sleep Clause: The combination of sleep-inducing moves with imperfect accuracy and Gravity or Gigantamax Orbeetle are banned\n|clearpoke\n|poke|p1|Pelipper, M|\n|poke|p1|Swampert, M|\n|poke|p1|Iron Bundle|\n|poke|p1|Iron Leaves|\n|poke|p1|Bellibolt, F|\n|poke|p1|Kingambit, M|\n|poke|p2|Lilligant, F|\n|poke|p2|Venomoth, F|\n|poke|p2|Smeargle, M|\n|poke|p2|Maushold-Four|\n|poke|p2|Indeedee-F, F|\n|poke|p2|Gardevoir, F|\n|teampreview\n|inactive|Battle timer is ON: inactive players will automatically lose when time's up. (requested by Immagamer)\n|\n|t:|1696448009\n|start\n|switch|p1a: Mudraiser|Swampert, M|100\/100\n|switch|p1b: Maelstrom|Pelipper, M|100\/100\n|switch|p2a: Lilligant|Lilligant, F|100\/100\n|switch|p2b: Venomoth|Venomoth, F|100\/100\n|-weather|RainDance|[from] ability: Drizzle|[of] p1b: Maelstrom\n|turn|1\n|\n|t:|1696448018\n|detailschange|p1a: Mudraiser|Swampert-Mega, M\n|-mega|p1a: Mudraiser|Swampert|Swampertite\n|move|p2b: Venomoth|Protect|p2b: Venomoth\n|-singleturn|p2b: Venomoth|Protect\n|move|p2a: Lilligant|Protect|p2a: Lilligant\n|-singleturn|p2a: Lilligant|Protect\n|move|p1a: Mudraiser|Flip Turn|p2b: Venomoth\n|-activate|p2b: Venomoth|move: Protect\n|move|p1b: Maelstrom|U-turn|p2a: Lilligant\n|-activate|p2a: Lilligant|move: Protect\n|\n|-weather|RainDance|[upkeep]\n|upkeep\n|turn|2\n|\n|t:|1696448033\n|-terastallize|p2a: Lilligant|Fire\n|move|p1a: Mudraiser|Flip Turn|p2b: Venomoth\n|-damage|p2b: Venomoth|22\/100\n|inactive|Toxic Ariados has 120 seconds left.\n|\n|t:|1696448088\n|switch|p1a: Jade|Iron Leaves|100\/100|[from] Flip Turn\n|-enditem|p1a: Jade|Booster Energy\n|-activate|p1a: Jade|ability: Quark Drive|[fromitem]\n|-start|p1a: Jade|quarkdriveatk\n|move|p2b: Venomoth|Skill Swap|p2a: Lilligant\n|-activate|p2b: Venomoth|move: Skill Swap|||[of] p2a: Lilligant\n|move|p2a: Lilligant|Quiver Dance|p2a: Lilligant\n|-boost|p2a: Lilligant|spa|1\n|-boost|p2a: Lilligant|spd|1\n|-boost|p2a: Lilligant|spe|1\n|move|p1b: Maelstrom|Hurricane|p2a: Lilligant\n|-damage|p2a: Lilligant|64\/100\n|-start|p2a: Lilligant|confusion\n|\n|-weather|RainDance|[upkeep]\n|upkeep\n|turn|3\n|inactive|Toxic Ariados has 120 seconds left.\n|\n|t:|1696448114\n|-activate|p2a: Lilligant|confusion\n|move|p2a: Lilligant|Protect|p2a: Lilligant\n|-singleturn|p2a: Lilligant|Protect\n|move|p2b: Venomoth|Rage Powder|p2b: Venomoth\n|-singleturn|p2b: Venomoth|move: Rage Powder\n|move|p1a: Jade|Psyblade|p2a: Lilligant\n|-activate|p2a: Lilligant|move: Protect\n|move|p1b: Maelstrom|Scald|p2b: Venomoth\n|-crit|p2b: Venomoth\n|-damage|p2b: Venomoth|0 fnt\n|faint|p2b: Venomoth\n|\n|-weather|RainDance|[upkeep]\n|upkeep\n|inactive|Immagamer has 120 seconds left.\n|\n|t:|1696448128\n|switch|p2b: Maushold|Maushold-Four|100\/100\n|turn|4\n|\n|t:|1696448136\n|move|p2b: Maushold|Follow Me|p2b: Maushold\n|-singleturn|p2b: Maushold|move: Follow Me\n|-activate|p2a: Lilligant|confusion\n|move|p2a: Lilligant|Quiver Dance|p2a: Lilligant\n|-boost|p2a: Lilligant|spa|1\n|-boost|p2a: Lilligant|spd|1\n|-boost|p2a: Lilligant|spe|1\n|move|p1a: Jade|Close Combat|p2b: Maushold\n|-supereffective|p2b: Maushold\n|-enditem|p2b: Maushold|Focus Sash\n|-damage|p2b: Maushold|1\/100\n|-unboost|p1a: Jade|def|1\n|-unboost|p1a: Jade|spd|1\n|move|p1b: Maelstrom|Scald|p2b: Maushold\n|-damage|p2b: Maushold|0 fnt\n|faint|p2b: Maushold\n|\n|-weather|RainDance|[upkeep]\n|upkeep\n|\n|t:|1696448158\n|switch|p2b: Smeargle|Smeargle, M|100\/100\n|turn|5\n|\n|t:|1696448186\n|switch|p1b: Plasma|Bellibolt, F|100\/100\n|-end|p2a: Lilligant|confusion\n|move|p2a: Lilligant|Protect|p2a: Lilligant\n|-singleturn|p2a: Lilligant|Protect\n|move|p1a: Jade|Leaf Blade|p2b: Smeargle\n|-enditem|p2b: Smeargle|Focus Sash\n|-damage|p2b: Smeargle|1\/100\n|move|p2b: Smeargle|Decorate|p2a: Lilligant\n|-boost|p2a: Lilligant|atk|2\n|-boost|p2a: Lilligant|spa|2\n|\n|-weather|RainDance|[upkeep]\n|upkeep\n|turn|6\n|\n|t:|1696448207\n|move|p2a: Lilligant|Giga Drain|p1a: Jade\n|-resisted|p1a: Jade\n|-damage|p1a: Jade|0 fnt\n|-heal|p2a: Lilligant|100\/100|[from] drain|[of] p1a: Jade\n|faint|p1a: Jade\n|-end|p1a: Jade|Quark Drive|[silent]\n|-damage|p2a: Lilligant|91\/100|[from] item: Life Orb\n|move|p2b: Smeargle|Instruct|p2a: Lilligant\n|-singleturn|p2a: Lilligant|move: Instruct|[of] p2b: Smeargle\n|move|p2a: Lilligant|Giga Drain|p1b: Plasma\n|-damage|p1b: Plasma|0 fnt\n|-heal|p2a: Lilligant|100\/100|[from] drain|[of] p1b: Plasma\n|faint|p1b: Plasma\n|-damage|p2a: Lilligant|91\/100|[from] item: Life Orb\n|\n|-weather|RainDance|[upkeep]\n|upkeep\n|inactive|Toxic Ariados has 120 seconds left.\n|\n|t:|1696448230\n|switch|p1a: Klaus|Iron Bundle|100\/100\n|switch|p1b: Mudraiser|Swampert-Mega, M|100\/100\n|turn|7\n|c|\u2606Immagamer|I forgot to replace instruct with follow me\n|c|\u2606Toxic Ariados|the instruct did help though\n|inactive|Immagamer has 120 seconds left.\n|\n|t:|1696448280\n|move|p2a: Lilligant|Protect|p2a: Lilligant\n|-singleturn|p2a: Lilligant|Protect\n|move|p1b: Mudraiser|Flip Turn|p2b: Smeargle\n|-damage|p2b: Smeargle|0 fnt\n|faint|p2b: Smeargle\n|\n|t:|1696448286\n|switch|p1b: Shogun|Kingambit, M|100\/100|[from] Flip Turn\n|-activate|p1b: Shogun|ability: Supreme Overlord\n|-start|p1b: Shogun|fallen2|[silent]\n|move|p1a: Klaus|Hydro Pump|p2a: Lilligant\n|-activate|p2a: Lilligant|move: Protect\n|\n|-weather|RainDance|[upkeep]\n|upkeep\n|\n|t:|1696448297\n|switch|p2b: Indeedee|Indeedee-F, F|100\/100\n|-fieldstart|move: Psychic Terrain|[from] ability: Psychic Surge|[of] p2b: Indeedee\n|turn|8\n|inactive|Immagamer has 120 seconds left.\n|inactive|Immagamer has 90 seconds left.\n|\n|t:|1696448339\n|move|p1a: Klaus|Protect|p1a: Klaus\n|-singleturn|p1a: Klaus|Protect\n|move|p2b: Indeedee|Follow Me|p2b: Indeedee\n|-singleturn|p2b: Indeedee|move: Follow Me\n|move|p2a: Lilligant|Giga Drain|p1b: Shogun\n|-resisted|p1b: Shogun\n|-damage|p1b: Shogun|18\/100\n|-heal|p2a: Lilligant|100\/100|[from] drain|[of] p1b: Shogun\n|-damage|p2a: Lilligant|91\/100|[from] item: Life Orb\n|move|p1b: Shogun|Kowtow Cleave|p2b: Indeedee\n|-supereffective|p2b: Indeedee\n|-enditem|p2b: Indeedee|Focus Sash\n|-damage|p2b: Indeedee|1\/100\n|\n|-weather|none\n|upkeep\n|turn|9\n|inactive|Immagamer has 90 seconds left.\n|inactive|Toxic Ariados has 120 seconds left.\n|\n|t:|1696448379\n|-end|p1a: Klaus|Quark Drive|[silent]\n|switch|p1a: Maelstrom|Pelipper, M|100\/100\n|-weather|RainDance|[from] ability: Drizzle|[of] p1a: Maelstrom\n|move|p2b: Indeedee|Follow Me|p2b: Indeedee\n|-singleturn|p2b: Indeedee|move: Follow Me\n|move|p2a: Lilligant|Giga Drain|p1a: Maelstrom\n|-damage|p1a: Maelstrom|0 fnt\n|-heal|p2a: Lilligant|100\/100|[from] drain|[of] p1a: Maelstrom\n|faint|p1a: Maelstrom\n|-damage|p2a: Lilligant|91\/100|[from] item: Life Orb\n|move|p1b: Shogun|Kowtow Cleave|p2b: Indeedee\n|-supereffective|p2b: Indeedee\n|-damage|p2b: Indeedee|0 fnt\n|faint|p2b: Indeedee\n|\n|-weather|RainDance|[upkeep]\n|upkeep\n|\n|t:|1696448397\n|switch|p2b: Gardevoir|Gardevoir, F|100\/100\n|switch|p1a: Klaus|Iron Bundle|100\/100\n|turn|10\n|\n|t:|1696448417\n|detailschange|p2b: Gardevoir|Gardevoir-Mega, F\n|-mega|p2b: Gardevoir|Gardevoir|Gardevoirite\n|move|p2a: Lilligant|Giga Drain|p1a: Klaus\n|-supereffective|p1a: Klaus\n|-enditem|p1a: Klaus|Focus Sash\n|-damage|p1a: Klaus|1\/100\n|-heal|p2a: Lilligant|100\/100|[from] drain|[of] p1a: Klaus\n|-damage|p2a: Lilligant|91\/100|[from] item: Life Orb\n|move|p1a: Klaus|Hydro Pump|p2a: Lilligant|[miss]\n|-miss|p1a: Klaus|p2a: Lilligant\n|move|p2b: Gardevoir|Hyper Voice|p1b: Shogun|[spread] p1a,p1b\n|-damage|p1a: Klaus|0 fnt\n|-damage|p1b: Shogun|0 fnt\n|faint|p1a: Klaus\n|-end|p1a: Klaus|Quark Drive|[silent]\n|faint|p1b: Shogun\n|-end|p1b: Shogun|fallen2|[silent]\n|\n|-weather|RainDance|[upkeep]\n|upkeep\n|c|\u2606Toxic Ariados|oh god why\n|\n|t:|1696448429\n|switch|p1b: Mudraiser|Swampert-Mega, M|100\/100\n|turn|11\n|c|\u2606Toxic Ariados|i spent all that time setting that one hydro pump\n|\n|t:|1696448438\n|move|p2a: Lilligant|Giga Drain|p1b: Mudraiser\n|-supereffective|p1b: Mudraiser\n|-damage|p1b: Mudraiser|0 fnt\n|-heal|p2a: Lilligant|100\/100|[from] drain|[of] p1b: Mudraiser\n|faint|p1b: Mudraiser\n|-damage|p2a: Lilligant|91\/100|[from] item: Life Orb\n|\n|win|Immagamer\n|raw|Toxic Ariados's rating: 1550 &rarr; <strong>1517<\/strong><br \/>(-33 for losing)\n|raw|Immagamer's rating: 1294 &rarr; <strong>1335<\/strong><br \/>(+41 for winning)\n|c|\u2606Toxic Ariados|just for it to miss\n|c|\u2606Toxic Ariados|gg\n","uploadtime":1696448447,"views":9,"p1id":"toxicariados","p2id":"immagamer","formatid":"gen9nationaldexdoubles","rating":1335,"private":0,"password":""}