{"id":"gen9nationaldexdoubles-1956238213","p1":"Tukitiko","p2":"wu liao de lan gou","format":"[Gen 9] National Dex Doubles","log":"|j|\u2606Tukitiko\n|j|\u2606wu liao de lan gou\n|t:|1696088531\n|gametype|doubles\n|player|p1|Tukitiko|lusamine-nihilego|1273\n|player|p2|wu liao de lan gou|marnie|1539\n|teamsize|p1|6\n|teamsize|p2|6\n|gen|9\n|tier|[Gen 9] National Dex Doubles\n|rated|\n|rule|HP Percentage Mod: HP is shown in percentages\n|rule|Endless Battle Clause: Forcing endless battles is banned\n|rule|OHKO Clause: OHKO moves are banned\n|rule|Evasion Moves Clause: Evasion moves are banned\n|rule|Evasion Abilities Clause: Evasion abilities are banned\n|rule|Species Clause: Limit one of each Pok\u00e9mon\n|rule|Gravity Sleep Clause: The combination of sleep-inducing moves with imperfect accuracy and Gravity or Gigantamax Orbeetle are banned\n|clearpoke\n|poke|p1|Oranguru, F|\n|poke|p1|Slowbro, M|\n|poke|p1|Crawdaunt, F|\n|poke|p1|Marowak-Alola, M|\n|poke|p1|Buzzwole|\n|poke|p1|Malamar, F|\n|poke|p2|Salamence, F|\n|poke|p2|Volcanion|\n|poke|p2|Sinistcha|\n|poke|p2|Cresselia, F|\n|poke|p2|Tornadus, M|\n|poke|p2|Gallade, M|\n|teampreview\n|\n|t:|1696088543\n|start\n|switch|p1a: Changa|Oranguru, F|100\/100\n|switch|p1b: Sans|Marowak-Alola, M, shiny|100\/100\n|switch|p2a: Salamence|Salamence, F|100\/100\n|switch|p2b: Gallade|Gallade, M|100\/100\n|-ability|p2a: Salamence|Intimidate|boost\n|-unboost|p1a: Changa|atk|1\n|-unboost|p1b: Sans|atk|1\n|turn|1\n|\n|t:|1696088556\n|detailschange|p2a: Salamence|Salamence-Mega, F\n|-mega|p2a: Salamence|Salamence|Salamencite\n|move|p1b: Sans|Ally Switch|p1b: Sans\n|swap|p1b: Sans|0|[from] move: Ally Switch\n|move|p2a: Salamence|Double-Edge|p1a: Sans\n|-damage|p1a: Sans|26\/100\n|-damage|p2a: Salamence|78\/100|[from] Recoil\n|move|p2b: Gallade|Night Slash|p1a: Sans\n|-supereffective|p1a: Sans\n|-damage|p1a: Sans|0 fnt\n|faint|p1a: Sans\n|-damage|p2b: Gallade|91\/100|[from] item: Life Orb\n|move|p1b: Changa|Trick Room|p1b: Changa\n|-fieldstart|move: Trick Room|[of] p1b: Changa\n|\n|upkeep\n|\n|t:|1696088573\n|switch|p1a: El Crabhammer|Crawdaunt, F|100\/100\n|turn|2\n|\n|t:|1696088588\n|move|p2b: Gallade|Protect|p2b: Gallade\n|-singleturn|p2b: Gallade|Protect\n|move|p1a: El Crabhammer|Crunch|p2a: Salamence\n|-damage|p2a: Salamence|9\/100\n|-unboost|p2a: Salamence|def|1\n|move|p1b: Changa|Instruct|p1a: El Crabhammer\n|-singleturn|p1a: El Crabhammer|move: Instruct|[of] p1b: Changa\n|move|p1a: El Crabhammer|Crunch|p2a: Salamence\n|-damage|p2a: Salamence|0 fnt\n|faint|p2a: Salamence\n|\n|upkeep\n|\n|t:|1696088593\n|switch|p2a: Cresselia|Cresselia, F|100\/100\n|turn|3\n|\n|t:|1696088606\n|-terastallize|p2a: Cresselia|Fairy\n|move|p1b: Changa|Ally Switch|p1b: Changa\n|swap|p1b: Changa|0|[from] move: Ally Switch\n|move|p1b: El Crabhammer|Crunch|p2a: Cresselia\n|-resisted|p2a: Cresselia\n|-damage|p2a: Cresselia|74\/100\n|-damage|p1b: El Crabhammer|84\/100|[from] item: Rocky Helmet|[of] p2a: Cresselia\n|move|p2b: Gallade|Night Slash|p1b: El Crabhammer\n|-resisted|p1b: El Crabhammer\n|-damage|p1b: El Crabhammer|55\/100\n|-damage|p2b: Gallade|81\/100|[from] item: Life Orb\n|move|p2a: Cresselia|Trick Room|p2a: Cresselia\n|-fieldend|move: Trick Room\n|\n|upkeep\n|turn|4\n|\n|t:|1696088637\n|switch|p1b: Taladro brrrrrr|Slowbro, M|100\/100\n|move|p2a: Cresselia|Moonblast|p1b: Taladro brrrrrr\n|-damage|p1b: Taladro brrrrrr|72\/100\n|move|p2b: Gallade|Night Slash|p1b: Taladro brrrrrr\n|-supereffective|p1b: Taladro brrrrrr\n|-damage|p1b: Taladro brrrrrr|0 fnt\n|faint|p1b: Taladro brrrrrr\n|-damage|p2b: Gallade|71\/100|[from] item: Life Orb\n|move|p1a: Changa|Trick Room|p1a: Changa\n|-fieldstart|move: Trick Room|[of] p1a: Changa\n|\n|upkeep\n|\n|t:|1696088647\n|switch|p1b: El Crabhammer|Crawdaunt, F|55\/100\n|turn|5\n|\n|t:|1696088653\n|move|p2b: Gallade|Protect|p2b: Gallade\n|-singleturn|p2b: Gallade|Protect\n|move|p1b: El Crabhammer|Crabhammer|p2a: Cresselia\n|-crit|p2a: Cresselia\n|-damage|p2a: Cresselia|0 fnt\n|-damage|p1b: El Crabhammer|39\/100|[from] item: Rocky Helmet|[of] p2a: Cresselia\n|faint|p2a: Cresselia\n|move|p1a: Changa|Instruct|p1b: El Crabhammer\n|-singleturn|p1b: El Crabhammer|move: Instruct|[of] p1a: Changa\n|move|p1b: El Crabhammer|Crabhammer|p2b: Gallade\n|-activate|p2b: Gallade|move: Protect\n|\n|upkeep\n|\n|t:|1696088672\n|switch|p2a: Tornadus|Tornadus, M|100\/100\n|turn|6\n|\n|t:|1696088685\n|move|p2a: Tornadus|Taunt|p1a: Changa\n|-start|p1a: Changa|move: Taunt\n|move|p1b: El Crabhammer|Crabhammer|p2b: Gallade\n|-damage|p2b: Gallade|0 fnt\n|faint|p2b: Gallade\n|cant|p1a: Changa|move: Taunt|Instruct\n|\n|upkeep\n|\n|t:|1696088695\n|switch|p2b: Volcanion|Volcanion|100\/100\n|turn|7\n|\n|t:|1696088709\n|move|p1b: El Crabhammer|Crabhammer|p2a: Tornadus\n|-damage|p2a: Tornadus|0 fnt\n|faint|p2a: Tornadus\n|move|p1a: Changa|Psychic|p2b: Volcanion\n|-damage|p2b: Volcanion|80\/100\n|move|p2b: Volcanion|Steam Eruption|p1b: El Crabhammer\n|-resisted|p1b: El Crabhammer\n|-damage|p1b: El Crabhammer|0 fnt\n|faint|p1b: El Crabhammer\n|\n|upkeep\n|\n|t:|1696088722\n|switch|p1b: Noelio|Malamar, F|100\/100\n|switch|p2a: Sinistcha|Sinistcha|100\/100\n|-heal|p2b: Volcanion|100\/100|[from] ability: Hospitality|[of] p2a: Sinistcha\n|turn|8\n|\n|t:|1696088740\n|move|p1a: Changa|Psychic|p2a: Sinistcha\n|-damage|p2a: Sinistcha|75\/100\n|move|p1b: Noelio|Superpower|p2b: Volcanion\n|-damage|p2b: Volcanion|81\/100\n|-boost|p1b: Noelio|atk|1\n|-boost|p1b: Noelio|def|1\n|move|p2b: Volcanion|Steam Eruption|p1a: Changa\n|-damage|p1a: Changa|46\/100\n|move|p2a: Sinistcha|Strength Sap|p1b: Noelio\n|-boost|p1b: Noelio|atk|1\n|-heal|p2a: Sinistcha|100\/100\n|\n|-heal|p1a: Changa|52\/100|[from] item: Leftovers\n|-end|p1a: Changa|move: Taunt\n|-fieldend|move: Trick Room\n|upkeep\n|turn|9\n|\n|t:|1696088782\n|move|p2b: Volcanion|Steam Eruption|p1b: Noelio\n|-damage|p1b: Noelio|24\/100\n|-status|p1b: Noelio|brn\n|move|p2a: Sinistcha|Matcha Gotcha|p1a: Changa|[spread] p1a\n|-miss|p2a: Sinistcha|p1b: Noelio\n|-damage|p1a: Changa|34\/100\n|move|p1a: Changa|Psychic|p2a: Sinistcha\n|-damage|p2a: Sinistcha|73\/100\n|-unboost|p2a: Sinistcha|spd|1\n|move|p1b: Noelio|Trick Room|p1b: Noelio\n|-fieldstart|move: Trick Room|[of] p1b: Noelio\n|\n|-heal|p1a: Changa|40\/100|[from] item: Leftovers\n|-heal|p1b: Noelio|31\/100 brn|[from] item: Leftovers\n|-heal|p2a: Sinistcha|79\/100|[from] item: Leftovers\n|-damage|p1b: Noelio|24\/100 brn|[from] brn\n|upkeep\n|turn|10\n|\n|t:|1696088804\n|move|p1a: Changa|Instruct|p1b: Noelio\n|-singleturn|p1b: Noelio|move: Instruct|[of] p1a: Changa\n|move|p1b: Noelio|Trick Room|p1b: Noelio\n|-fieldend|move: Trick Room\n|move|p2b: Volcanion|Steam Eruption|p1a: Changa\n|-damage|p1a: Changa|0 fnt\n|faint|p1a: Changa\n|move|p2a: Sinistcha|Matcha Gotcha|p1b: Noelio\n|-damage|p1b: Noelio|0 fnt\n|-heal|p2a: Sinistcha|92\/100|[from] drain|[of] p1b: Noelio\n|faint|p1b: Noelio\n|\n|-heal|p2a: Sinistcha|98\/100|[from] item: Leftovers\n|upkeep\n|c|\u2606Tukitiko|uh\n|\n|t:|1696088815\n|switch|p1b: Mosco|Buzzwole|100\/100\n|turn|11\n|inactive|Battle timer is ON: inactive players will automatically lose when time's up. (requested by wu liao de lan gou)\n|l|\u2606wu liao de lan gou\n|inactive|wu liao de lan gou disconnected and has a minute to reconnect!\n|player|p2|\n|inactive|wu liao de lan gou has 30 seconds to reconnect!\n|inactive|wu liao de lan gou has 20 seconds to reconnect!\n|inactive|wu liao de lan gou has 15 seconds to reconnect!\n|j|\u2606wu liao de lan gou\n|inactive|wu liao de lan gou reconnected and has 100 seconds left.\n|player|p2|wu liao de lan gou|marnie\n|\n|t:|1696088880\n|move|p2b: Volcanion|Heat Wave|p1b: Mosco\n|-supereffective|p1b: Mosco\n|-damage|p1b: Mosco|0 fnt\n|faint|p1b: Mosco\n|\n|win|wu liao de lan gou\n|raw|Tukitiko's rating: 1273 &rarr; <strong>1264<\/strong><br \/>(-9 for losing)\n|raw|wu liao de lan gou's rating: 1539 &rarr; <strong>1546<\/strong><br \/>(+7 for winning)\n","uploadtime":1696088884,"views":5,"p1id":"tukitiko","p2id":"wuliaodelangou","formatid":"gen9nationaldexdoubles","rating":1264,"private":0,"password":""}