{"id":"gen9nationaldexdoubles-1985407226","p1":"MAISRN","p2":"Evil_nDeVrZ","format":"[Gen 9] National Dex Doubles","log":"|j|\u2606MAISRN\n|j|\u2606Evil_nDeVrZ\n|t:|1699372104\n|gametype|doubles\n|player|p1|MAISRN|101|1237\n|player|p2|Evil_nDeVrZ|alder|1101\n|teamsize|p1|6\n|teamsize|p2|6\n|gen|9\n|tier|[Gen 9] National Dex Doubles\n|rated|\n|rule|HP Percentage Mod: HP is shown in percentages\n|rule|Endless Battle Clause: Forcing endless battles is banned\n|rule|OHKO Clause: OHKO moves are banned\n|rule|Evasion Moves Clause: Evasion moves are banned\n|rule|Evasion Abilities Clause: Evasion abilities are banned\n|rule|Species Clause: Limit one of each Pok\u00e9mon\n|rule|Gravity Sleep Clause: The combination of sleep-inducing moves with imperfect accuracy and Gravity or Gigantamax Orbeetle are banned\n|clearpoke\n|poke|p1|Stakataka|\n|poke|p1|Torkoal, F|\n|poke|p1|Walking Wake|\n|poke|p1|Grimmsnarl, M|\n|poke|p1|Houndstone, M|\n|poke|p1|Tyranitar, F|\n|poke|p2|Venusaur, F|\n|poke|p2|Charizard, F|\n|poke|p2|Sandy Shocks|\n|poke|p2|Mew|\n|poke|p2|Tauros-Paldea-Aqua, M|\n|poke|p2|Snorlax, M|\n|teampreview\n|inactive|Battle timer is ON: inactive players will automatically lose when time's up. (requested by Evil_nDeVrZ)\n|\n|t:|1699372111\n|start\n|switch|p1a: Stakataka|Stakataka|100\/100\n|switch|p1b: Torkoal|Torkoal, F|100\/100\n|switch|p2a: Enderer Dragon|Charizard, F|100\/100\n|switch|p2b: Sativa|Venusaur, F|100\/100\n|-weather|SunnyDay|[from] ability: Drought|[of] p1b: Torkoal\n|turn|1\n|\n|t:|1699372122\n|detailschange|p2a: Enderer Dragon|Charizard-Mega-Y, F\n|-mega|p2a: Enderer Dragon|Charizard|Charizardite Y\n|move|p1b: Torkoal|Protect|p1b: Torkoal\n|-singleturn|p1b: Torkoal|Protect\n|move|p2b: Sativa|Grass Pledge|p1a: Stakataka\n|-waiting|p2b: Sativa|p2a: Enderer Dragon\n|move|p2a: Enderer Dragon|Fire Pledge|p1a: Stakataka|[from]move: Grass Pledge\n|-combine\n|-damage|p1a: Stakataka|3\/100\n|-sidestart|p1: MAISRN|Fire Pledge\n|-enditem|p1a: Stakataka|Salac Berry|[eat]\n|-boost|p1a: Stakataka|spe|1|[from] item: Salac Berry\n|move|p1a: Stakataka|Trick Room|p1a: Stakataka\n|-fieldstart|move: Trick Room|[of] p1a: Stakataka\n|\n|-weather|SunnyDay|[upkeep]\n|-damage|p1a: Stakataka|0 fnt|[from] Fire Pledge\n|faint|p1a: Stakataka\n|upkeep\n|\n|t:|1699372137\n|switch|p1a: Grimmsnarl|Grimmsnarl, M|100\/100\n|turn|2\n|\n|t:|1699372155\n|switch|p2b: Bear Market|Snorlax, M|100\/100\n|move|p1a: Grimmsnarl|Fake Out|p2a: Enderer Dragon\n|-crit|p2a: Enderer Dragon\n|-damage|p2a: Enderer Dragon|76\/100\n|move|p1b: Torkoal|Eruption|p2a: Enderer Dragon|[spread] p2a,p2b\n|-resisted|p2a: Enderer Dragon\n|-damage|p2a: Enderer Dragon|37\/100\n|-damage|p2b: Bear Market|78\/100\n|cant|p2a: Enderer Dragon|flinch\n|\n|-weather|SunnyDay|[upkeep]\n|-damage|p1a: Grimmsnarl|88\/100|[from] Fire Pledge\n|upkeep\n|turn|3\n|\n|t:|1699372171\n|move|p2a: Enderer Dragon|Protect|p2a: Enderer Dragon\n|-singleturn|p2a: Enderer Dragon|Protect\n|move|p2b: Bear Market|Frustration|p1b: Torkoal\n|-damage|p1b: Torkoal|59\/100\n|move|p1b: Torkoal|Eruption|p2a: Enderer Dragon|[spread] p2b\n|-activate|p2a: Enderer Dragon|move: Protect\n|-damage|p2b: Bear Market|63\/100\n|move|p1a: Grimmsnarl|Play Rough|p2a: Enderer Dragon\n|-activate|p2a: Enderer Dragon|move: Protect\n|\n|-weather|SunnyDay|[upkeep]\n|-damage|p1a: Grimmsnarl|76\/100|[from] Fire Pledge\n|upkeep\n|turn|4\n|\n|t:|1699372192\n|move|p2b: Bear Market|Frustration|p1a: Grimmsnarl\n|-damage|p1a: Grimmsnarl|23\/100\n|-enditem|p1a: Grimmsnarl|Figy Berry|[eat]\n|-heal|p1a: Grimmsnarl|56\/100|[from] item: Figy Berry\n|move|p1b: Torkoal|Eruption|p2b: Bear Market|[spread] p2a,p2b\n|-resisted|p2a: Enderer Dragon\n|-damage|p2a: Enderer Dragon|15\/100\n|-damage|p2b: Bear Market|50\/100\n|move|p1a: Grimmsnarl|Play Rough|p2a: Enderer Dragon\n|-resisted|p2a: Enderer Dragon\n|-damage|p2a: Enderer Dragon|0 fnt\n|faint|p2a: Enderer Dragon\n|\n|-weather|SunnyDay|[upkeep]\n|-damage|p1a: Grimmsnarl|44\/100|[from] Fire Pledge\n|-sideend|p1: MAISRN|Fire Pledge\n|upkeep\n|inactive|Evil_nDeVrZ has 120 seconds left.\n|\n|t:|1699372215\n|switch|p2a: Garfield|Mew, shiny|100\/100\n|turn|5\n|\n|t:|1699372229\n|move|p1b: Torkoal|Helping Hand|p1a: Grimmsnarl\n|-singleturn|p1a: Grimmsnarl|Helping Hand|[of] p1b: Torkoal\n|move|p2a: Garfield|Sucker Punch||[still]\n|-fail|p2a: Garfield\n|move|p2b: Bear Market|Frustration|p1a: Grimmsnarl\n|-damage|p1a: Grimmsnarl|0 fnt\n|faint|p1a: Grimmsnarl\n|\n|-weather|none\n|-fieldend|move: Trick Room\n|upkeep\n|\n|t:|1699372238\n|switch|p1a: Walking Wake|Walking Wake|100\/100\n|-enditem|p1a: Walking Wake|Booster Energy\n|-activate|p1a: Walking Wake|ability: Protosynthesis|[fromitem]\n|-start|p1a: Walking Wake|protosynthesisspa\n|turn|6\n|\n|t:|1699372247\n|switch|p2b: Bull Market|Tauros-Paldea-Aqua, M|100\/100\n|move|p1b: Torkoal|Helping Hand|p1a: Walking Wake\n|-singleturn|p1a: Walking Wake|Helping Hand|[of] p1b: Torkoal\n|move|p1a: Walking Wake|Hydro Steam|p2a: Garfield\n|-damage|p2a: Garfield|36\/100\n|move|p2a: Garfield|Frost Breath|p2b: Bull Market\n|-resisted|p2b: Bull Market\n|-crit|p2b: Bull Market\n|-damage|p2b: Bull Market|92\/100\n|-setboost|p2b: Bull Market|atk|6|[from] ability: Anger Point\n|\n|upkeep\n|turn|7\n|\n|t:|1699372273\n|move|p1a: Walking Wake|Protect|p1a: Walking Wake\n|-singleturn|p1a: Walking Wake|Protect\n|-zpower|p2a: Garfield\n|move|p2a: Garfield|Z-Transform|p2b: Bull Market|[anim]Transform\n|-heal|p2a: Garfield|100\/100|[zeffect]\n|-transform|p2a: Garfield|p2b: Bull Market\n|move|p2b: Bull Market|Close Combat|p1a: Walking Wake\n|-activate|p1a: Walking Wake|move: Protect\n|move|p1b: Torkoal|Eruption|p2a: Garfield|[spread] p2a,p2b\n|-resisted|p2a: Garfield\n|-resisted|p2b: Bull Market\n|-damage|p2a: Garfield|85\/100\n|-damage|p2b: Bull Market|78\/100\n|\n|upkeep\n|turn|8\n|\n|t:|1699372295\n|move|p1b: Torkoal|Helping Hand|p1a: Walking Wake\n|-singleturn|p1a: Walking Wake|Helping Hand|[of] p1b: Torkoal\n|move|p1a: Walking Wake|Dragon Pulse|p2b: Bull Market\n|-damage|p2b: Bull Market|0 fnt\n|faint|p2b: Bull Market\n|move|p2a: Garfield|Raging Bull|p1b: Torkoal\n|-supereffective|p1b: Torkoal\n|-damage|p1b: Torkoal|0 fnt\n|faint|p1b: Torkoal\n|\n|upkeep\n|\n|t:|1699372306\n|switch|p2b: Literally 1984|Sandy Shocks|100\/100\n|switch|p1b: Tyranitar|Tyranitar, F|100\/100\n|-weather|Sandstorm|[from] ability: Sand Stream|[of] p1b: Tyranitar\n|turn|9\n|\n|t:|1699372320\n|detailschange|p1b: Tyranitar|Tyranitar-Mega, F\n|-mega|p1b: Tyranitar|Tyranitar|Tyranitarite\n|move|p1a: Walking Wake|Dragon Pulse|p2a: Garfield\n|-damage|p2a: Garfield|26\/100\n|move|p2b: Literally 1984|Earth Power|p1b: Tyranitar\n|-supereffective|p1b: Tyranitar\n|-damage|p1b: Tyranitar|60\/100\n|move|p2a: Garfield|Close Combat|p1a: Walking Wake\n|-damage|p1a: Walking Wake|0 fnt\n|-unboost|p2a: Garfield|def|1\n|-unboost|p2a: Garfield|spd|1\n|faint|p1a: Walking Wake\n|-end|p1a: Walking Wake|Protosynthesis|[silent]\n|move|p1b: Tyranitar|Earthquake|p2b: Literally 1984|[spread] p2a,p2b\n|-supereffective|p2b: Literally 1984\n|-damage|p2a: Garfield|0 fnt\n|-damage|p2b: Literally 1984|33\/100\n|-enditem|p2b: Literally 1984|Weakness Policy\n|-boost|p2b: Literally 1984|atk|2|[from] item: Weakness Policy\n|-boost|p2b: Literally 1984|spa|2|[from] item: Weakness Policy\n|faint|p2a: Garfield\n|\n|-weather|Sandstorm|[upkeep]\n|upkeep\n|\n|t:|1699372341\n|switch|p1a: Houndstone|Houndstone, M, shiny|100\/100\n|switch|p2a: Bear Market|Snorlax, M|50\/100\n|turn|10\n|\n|t:|1699372352\n|move|p1a: Houndstone|Last Respects|p2b: Literally 1984\n|-damage|p2b: Literally 1984|0 fnt\n|faint|p2b: Literally 1984\n|-end|p2b: Literally 1984|Protosynthesis|[silent]\n|move|p1b: Tyranitar|Body Press|p2a: Bear Market\n|-supereffective|p2a: Bear Market\n|-damage|p2a: Bear Market|1\/100\n|move|p2a: Bear Market|Rest|p2a: Bear Market\n|-status|p2a: Bear Market|slp|[from] move: Rest\n|-heal|p2a: Bear Market|100\/100 slp|[silent]\n|-enditem|p2a: Bear Market|Chesto Berry|[eat]\n|-curestatus|p2a: Bear Market|slp|[msg]\n|\n|-weather|Sandstorm|[upkeep]\n|-damage|p2a: Bear Market|94\/100|[from] Sandstorm\n|upkeep\n|\n|t:|1699372355\n|switch|p2b: Sativa|Venusaur, F|100\/100\n|turn|11\n|\n|t:|1699372371\n|move|p1a: Houndstone|Last Respects|p2b: Sativa\n|-damage|p2b: Sativa|0 fnt\n|faint|p2b: Sativa\n|move|p1b: Tyranitar|Body Press|p2a: Bear Market\n|-supereffective|p2a: Bear Market\n|-damage|p2a: Bear Market|51\/100\n|move|p2a: Bear Market|Hammer Arm|p1b: Tyranitar\n|-supereffective|p1b: Tyranitar\n|-damage|p1b: Tyranitar|0 fnt\n|-unboost|p2a: Bear Market|spe|1\n|faint|p1b: Tyranitar\n|\n|-weather|Sandstorm|[upkeep]\n|-damage|p2a: Bear Market|45\/100|[from] Sandstorm\n|upkeep\n|turn|12\n|\n|t:|1699372386\n|-terastallize|p1a: Houndstone|Ghost\n|move|p1a: Houndstone|Last Respects|p2a: Bear Market\n|-immune|p2a: Bear Market\n|move|p2a: Bear Market|Rest|p2a: Bear Market\n|-status|p2a: Bear Market|slp|[from] move: Rest\n|-heal|p2a: Bear Market|100\/100 slp|[silent]\n|\n|-weather|Sandstorm|[upkeep]\n|-damage|p2a: Bear Market|94\/100 slp|[from] Sandstorm\n|upkeep\n|turn|13\n|c|\u2606MAISRN|GG\n|-message|MAISRN forfeited.\n|\n|win|Evil_nDeVrZ\n|raw|MAISRN's rating: 1237 &rarr; <strong>1203<\/strong><br \/>(-34 for losing)\n|raw|Evil_nDeVrZ's rating: 1101 &rarr; <strong>1135<\/strong><br \/>(+34 for winning)\n|l|\u2606MAISRN\n","uploadtime":1699372400,"views":5,"p1id":"maisrn","p2id":"evilndevrz","formatid":"gen9nationaldexdoubles","rating":1135,"private":0,"password":""}