{"id":"gen9nationaldexdoubles-1970704868","p1":"bruhhowtf","p2":"HEYY why u suck?","format":"[Gen 9] National Dex Doubles","log":"|j|\u2606bruhhowtf\n|j|\u2606HEYY why u suck?\n|t:|1697659714\n|gametype|doubles\n|player|p1|bruhhowtf|266|1130\n|player|p2|HEYY why u suck?|youngster-gen4dp|1000\n|teamsize|p1|6\n|teamsize|p2|6\n|gen|9\n|tier|[Gen 9] National Dex Doubles\n|rated|\n|rule|HP Percentage Mod: HP is shown in percentages\n|rule|Endless Battle Clause: Forcing endless battles is banned\n|rule|OHKO Clause: OHKO moves are banned\n|rule|Evasion Moves Clause: Evasion moves are banned\n|rule|Evasion Abilities Clause: Evasion abilities are banned\n|rule|Species Clause: Limit one of each Pok\u00e9mon\n|rule|Gravity Sleep Clause: The combination of sleep-inducing moves with imperfect accuracy and Gravity or Gigantamax Orbeetle are banned\n|clearpoke\n|poke|p1|Falinks|\n|poke|p1|Grimmsnarl, M|\n|poke|p1|Moltres-Galar|\n|poke|p1|Chien-Pao|\n|poke|p1|Amoonguss, F|\n|poke|p1|Arcanine-Hisui, F|\n|poke|p2|Indeedee, M|\n|poke|p2|Regieleki|\n|poke|p2|Meowscarada, M|\n|poke|p2|Spectrier|\n|poke|p2|Murkrow, F|\n|poke|p2|Shuckle, F|\n|teampreview\n|inactive|Battle timer is ON: inactive players will automatically lose when time's up. (requested by bruhhowtf)\n|\n|t:|1697659718\n|start\n|switch|p1a: Gwiddy Team 6|Falinks|100\/100\n|switch|p1b: Grimmsnarl|Grimmsnarl, M, shiny|100\/100\n|switch|p2a: Murkrow|Murkrow, F|100\/100\n|switch|p2b: Shuckle|Shuckle, F|100\/100\n|turn|1\n|\n|t:|1697659743\n|move|p1b: Grimmsnarl|Reflect|p1b: Grimmsnarl\n|-sidestart|p1: bruhhowtf|Reflect\n|move|p2a: Murkrow|Perish Song|p2a: Murkrow\n|-start|p1a: Gwiddy Team 6|perish3|[silent]\n|-start|p1b: Grimmsnarl|perish3|[silent]\n|-start|p2a: Murkrow|perish3|[silent]\n|-start|p2b: Shuckle|perish3|[silent]\n|-fieldactivate|move: Perish Song\n|move|p1a: Gwiddy Team 6|No Retreat|p1a: Gwiddy Team 6\n|-boost|p1a: Gwiddy Team 6|atk|1\n|-boost|p1a: Gwiddy Team 6|def|1\n|-boost|p1a: Gwiddy Team 6|spa|1\n|-boost|p1a: Gwiddy Team 6|spd|1\n|-boost|p1a: Gwiddy Team 6|spe|1\n|-start|p1a: Gwiddy Team 6|move: No Retreat\n|move|p2b: Shuckle|Stealth Rock|p1b: Grimmsnarl\n|-sidestart|p1: bruhhowtf|move: Stealth Rock\n|\n|-start|p1a: Gwiddy Team 6|perish3\n|-start|p1b: Grimmsnarl|perish3\n|-start|p2a: Murkrow|perish3\n|-start|p2b: Shuckle|perish3\n|upkeep\n|turn|2\n|inactive|HEYY why u suck? has 120 seconds left.\n|inactive|HEYY why u suck? has 90 seconds left.\n|\n|t:|1697659807\n|move|p1b: Grimmsnarl|Light Screen|p1b: Grimmsnarl\n|-sidestart|p1: bruhhowtf|move: Light Screen\n|move|p2a: Murkrow|Haze|p2a: Murkrow\n|-clearallboost\n|move|p1a: Gwiddy Team 6|Close Combat|p2a: Murkrow\n|-enditem|p2a: Murkrow|Focus Sash\n|-damage|p2a: Murkrow|1\/100\n|-unboost|p1a: Gwiddy Team 6|def|1\n|-unboost|p1a: Gwiddy Team 6|spd|1\n|move|p2b: Shuckle|Toxic|p1b: Grimmsnarl\n|-status|p1b: Grimmsnarl|tox\n|\n|-damage|p1b: Grimmsnarl|94\/100 tox|[from] psn\n|-start|p1a: Gwiddy Team 6|perish2\n|-start|p1b: Grimmsnarl|perish2\n|-start|p2a: Murkrow|perish2\n|-start|p2b: Shuckle|perish2\n|upkeep\n|turn|3\n|inactive|HEYY why u suck? has 90 seconds left.\n|\n|t:|1697659849\n|switch|p1b: Moltres|Moltres-Galar, shiny|100\/100\n|-damage|p1b: Moltres|76\/100|[from] Stealth Rock\n|move|p2a: Murkrow|Tailwind|p2a: Murkrow\n|-sidestart|p2: HEYY why u suck?|move: Tailwind\n|move|p1a: Gwiddy Team 6|No Retreat||[still]\n|-fail|p1a: Gwiddy Team 6\n|move|p2b: Shuckle|Sticky Web|p1b: Moltres\n|-sidestart|p1: bruhhowtf|move: Sticky Web\n|\n|-start|p2a: Murkrow|perish1\n|-start|p1a: Gwiddy Team 6|perish1\n|-start|p2b: Shuckle|perish1\n|upkeep\n|turn|4\n|inactive|HEYY why u suck? has 90 seconds left.\n|\n|t:|1697659867\n|-terastallize|p1b: Moltres|Poison\n|move|p2a: Murkrow|Perish Song|p2a: Murkrow\n|-start|p1b: Moltres|perish3|[silent]\n|-fieldactivate|move: Perish Song\n|move|p1b: Moltres|Nasty Plot|p1b: Moltres\n|-boost|p1b: Moltres|spa|2\n|move|p1a: Gwiddy Team 6|Rock Slide|p2b: Shuckle|[spread] p2a,p2b\n|-supereffective|p2a: Murkrow\n|-supereffective|p2b: Shuckle\n|-damage|p2a: Murkrow|0 fnt\n|-damage|p2b: Shuckle|78\/100\n|faint|p2a: Murkrow\n|move|p2b: Shuckle|Toxic|p1b: Moltres\n|-immune|p1b: Moltres\n|\n|-start|p1b: Moltres|perish3\n|-start|p1a: Gwiddy Team 6|perish0\n|-start|p2b: Shuckle|perish0\n|faint|p1a: Gwiddy Team 6\n|faint|p2b: Shuckle\n|upkeep\n|inactive|HEYY why u suck? has 90 seconds left.\n|\n|t:|1697659915\n|switch|p1a: Arcanine|Arcanine-Hisui, F, shiny|100\/100\n|switch|p2a: Meowscarada|Meowscarada, M|100\/100\n|switch|p2b: Regieleki|Regieleki|100\/100\n|-damage|p1a: Arcanine|75\/100|[from] Stealth Rock\n|-activate|p1a: Arcanine|move: Sticky Web\n|-unboost|p1a: Arcanine|spe|1\n|-ability|p1a: Arcanine|Intimidate|boost\n|-unboost|p2a: Meowscarada|atk|1\n|-unboost|p2b: Regieleki|atk|1\n|turn|5\n|inactive|HEYY why u suck? has 90 seconds left.\n|\n|t:|1697659935\n|switch|p1b: Amoonguss|Amoonguss, F, shiny|100\/100\n|-damage|p1b: Amoonguss|88\/100|[from] Stealth Rock\n|-activate|p1b: Amoonguss|move: Sticky Web\n|-unboost|p1b: Amoonguss|spe|1\n|move|p2a: Meowscarada|Flower Trick|p1a: Arcanine\n|-start|p2a: Meowscarada|typechange|Grass|[from] ability: Protean\n|-crit|p1a: Arcanine\n|-damage|p1a: Arcanine|11\/100\n|move|p2b: Regieleki|Electro Ball|p1a: Arcanine\n|-damage|p1a: Arcanine|0 fnt\n|faint|p1a: Arcanine\n|\n|upkeep\n|\n|t:|1697659951\n|switch|p1a: Moltres|Moltres-Galar, shiny, tera:Poison|76\/100\n|-damage|p1a: Moltres|63\/100|[from] Stealth Rock\n|-activate|p1a: Moltres|move: Sticky Web\n|-unboost|p1a: Moltres|spe|1\n|turn|6\n|inactive|HEYY why u suck? has 90 seconds left.\n|inactive|HEYY why u suck? has 60 seconds left.\n|\n|t:|1697659999\n|switch|p2a: Indeedee|Indeedee, M|100\/100\n|-fieldstart|move: Psychic Terrain|[from] ability: Psychic Surge|[of] p2a: Indeedee\n|move|p1a: Moltres|Protect|p1a: Moltres\n|-singleturn|p1a: Moltres|Protect\n|move|p2b: Regieleki|Electro Ball|p1a: Moltres\n|-activate|p1a: Moltres|move: Protect\n|move|p1b: Amoonguss|Spore|p2a: Indeedee\n|-status|p2a: Indeedee|slp|[from] move: Spore\n|\n|-sideend|p2: HEYY why u suck?|move: Tailwind\n|upkeep\n|turn|7\n|\n|t:|1697660015\n|move|p1b: Amoonguss|Protect|p1b: Amoonguss\n|-singleturn|p1b: Amoonguss|Protect\n|move|p2b: Regieleki|Electro Ball|p1a: Moltres\n|-damage|p1a: Moltres|37\/100\n|-ability|p1a: Moltres|Berserk|boost\n|-boost|p1a: Moltres|spa|1\n|-enditem|p1a: Moltres|Sitrus Berry|[eat]\n|-heal|p1a: Moltres|61\/100|[from] item: Sitrus Berry\n|cant|p2a: Indeedee|slp\n|move|p1a: Moltres|Fiery Wrath|p2a: Indeedee|[spread] p2a,p2b\n|-supereffective|p2a: Indeedee\n|-damage|p2a: Indeedee|0 fnt\n|-damage|p2b: Regieleki|16\/100\n|faint|p2a: Indeedee\n|\n|upkeep\n|inactive|HEYY why u suck? has 60 seconds left.\n|\n|t:|1697660064\n|switch|p2a: Meowscarada|Meowscarada, M|100\/100\n|turn|8\n|\n|t:|1697660089\n|move|p1a: Moltres|Protect|p1a: Moltres\n|-singleturn|p1a: Moltres|Protect\n|move|p2a: Meowscarada|Flower Trick|p1a: Moltres\n|-start|p2a: Meowscarada|typechange|Grass|[from] ability: Protean\n|-activate|p1a: Moltres|move: Protect\n|move|p2b: Regieleki|Electro Ball|p1a: Moltres\n|-activate|p1a: Moltres|move: Protect\n|move|p1b: Amoonguss|Spore|p2a: Meowscarada\n|-immune|p2a: Meowscarada\n|\n|-sideend|p1: bruhhowtf|Reflect\n|upkeep\n|turn|9\n|inactive|HEYY why u suck? has 60 seconds left.\n|\n|t:|1697660109\n|move|p1b: Amoonguss|Rage Powder|p1b: Amoonguss\n|-singleturn|p1b: Amoonguss|move: Rage Powder\n|move|p2a: Meowscarada|Flower Trick|p1a: Moltres\n|-resisted|p1a: Moltres\n|-crit|p1a: Moltres\n|-damage|p1a: Moltres|32\/100\n|-ability|p1a: Moltres|Berserk|boost\n|-boost|p1a: Moltres|spa|1\n|move|p2b: Regieleki|Electro Ball|p1b: Amoonguss\n|-resisted|p1b: Amoonguss\n|-damage|p1b: Amoonguss|61\/100\n|move|p1a: Moltres|Air Slash|p2a: Meowscarada\n|-supereffective|p2a: Meowscarada\n|-damage|p2a: Meowscarada|0 fnt\n|faint|p2a: Meowscarada\n|\n|-sideend|p1: bruhhowtf|move: Light Screen\n|upkeep\n|inactive|HEYY why u suck? has 60 seconds left.\n|\n|t:|1697660124\n|switch|p2a: Spectrier|Spectrier|100\/100\n|turn|10\n|\n|t:|1697660131\n|move|p1a: Moltres|Protect|p1a: Moltres\n|-singleturn|p1a: Moltres|Protect\n|move|p1b: Amoonguss|Protect|p1b: Amoonguss\n|-singleturn|p1b: Amoonguss|Protect\n|move|p2b: Regieleki|Electro Ball|p1a: Moltres\n|-activate|p1a: Moltres|move: Protect\n|move|p2a: Spectrier|Psychic|p1b: Amoonguss\n|-activate|p1b: Amoonguss|move: Protect\n|\n|-fieldend|move: Psychic Terrain\n|upkeep\n|turn|11\n|inactive|HEYY why u suck? has 90 seconds left.\n|\n|t:|1697660151\n|-terastallize|p2a: Spectrier|Fairy\n|move|p2b: Regieleki|Electro Ball|p1a: Moltres\n|-damage|p1a: Moltres|0 fnt\n|faint|p1a: Moltres\n|move|p2a: Spectrier|Psychic|p1b: Amoonguss\n|-supereffective|p1b: Amoonguss\n|-damage|p1b: Amoonguss|0 fnt\n|faint|p1b: Amoonguss\n|-ability|p2a: Spectrier|Grim Neigh|boost\n|-boost|p2a: Spectrier|spa|1\n|\n|upkeep\n|\n|t:|1697660163\n|switch|p1a: Chien-Pao|Chien-Pao|100\/100\n|switch|p1b: Grimmsnarl|Grimmsnarl, M, shiny|94\/100 tox\n|-damage|p1a: Chien-Pao|76\/100|[from] Stealth Rock\n|-activate|p1a: Chien-Pao|move: Sticky Web\n|-unboost|p1a: Chien-Pao|spe|1\n|-ability|p1a: Chien-Pao|Sword of Ruin\n|-damage|p1b: Grimmsnarl|82\/100 tox|[from] Stealth Rock\n|-activate|p1b: Grimmsnarl|move: Sticky Web\n|-unboost|p1b: Grimmsnarl|spe|1\n|turn|12\n|inactive|HEYY why u suck? has 90 seconds left.\n|\n|t:|1697660188\n|move|p1a: Chien-Pao|Sucker Punch|p2b: Regieleki\n|-damage|p2b: Regieleki|0 fnt\n|faint|p2b: Regieleki\n|move|p1b: Grimmsnarl|Light Screen|p1b: Grimmsnarl\n|-sidestart|p1: bruhhowtf|move: Light Screen\n|move|p2a: Spectrier|Tera Blast|p1a: Chien-Pao|[anim] Tera Blast Fairy\n|-supereffective|p1a: Chien-Pao\n|-damage|p1a: Chien-Pao|0 fnt\n|faint|p1a: Chien-Pao\n|-ability|p2a: Spectrier|Grim Neigh|boost\n|-boost|p2a: Spectrier|spa|1\n|\n|-damage|p1b: Grimmsnarl|76\/100 tox|[from] psn\n|upkeep\n|turn|13\n|\n|t:|1697660201\n|move|p2a: Spectrier|Tera Blast|p1b: Grimmsnarl|[anim] Tera Blast Fairy\n|-supereffective|p1b: Grimmsnarl\n|-damage|p1b: Grimmsnarl|0 fnt\n|faint|p1b: Grimmsnarl\n|\n|win|HEYY why u suck?\n|raw|bruhhowtf's rating: 1130 &rarr; <strong>1099<\/strong><br \/>(-31 for losing)\n|raw|HEYY why u suck?'s rating: 1041 &rarr; <strong>1083<\/strong><br \/>(+42 for winning)\n|l|\u2606bruhhowtf\n","uploadtime":1697660220,"views":6,"p1id":"bruhhowtf","p2id":"heyywhyusuck","formatid":"gen9nationaldexdoubles","rating":1083,"private":0,"password":""}