{"id":"gen9nationaldexdoubles-1962828570","p1":"The Dark Ocean","p2":"Can u see You lose","format":"[Gen 9] National Dex Doubles","log":"|j|\u2606The Dark Ocean\n|j|\u2606Can u see You lose\n|t:|1696796111\n|gametype|doubles\n|player|p1|The Dark Ocean|marlon|1097\n|player|p2|Can u see You lose|lucas|1000\n|teamsize|p1|6\n|teamsize|p2|6\n|gen|9\n|tier|[Gen 9] National Dex Doubles\n|rated|\n|rule|HP Percentage Mod: HP is shown in percentages\n|rule|Endless Battle Clause: Forcing endless battles is banned\n|rule|OHKO Clause: OHKO moves are banned\n|rule|Evasion Moves Clause: Evasion moves are banned\n|rule|Evasion Abilities Clause: Evasion abilities are banned\n|rule|Species Clause: Limit one of each Pok\u00e9mon\n|rule|Gravity Sleep Clause: The combination of sleep-inducing moves with imperfect accuracy and Gravity or Gigantamax Orbeetle are banned\n|clearpoke\n|poke|p1|Inteleon, F|\n|poke|p1|Skeledirge, F|\n|poke|p1|Sceptile, F|\n|poke|p1|Greninja-*, M|\n|poke|p1|Charizard, F|\n|poke|p1|Venusaur, M|\n|poke|p2|Zygarde|\n|poke|p2|Blastoise, F|\n|poke|p2|Clefable, M|\n|poke|p2|Indeedee-F, F|\n|poke|p2|Venomoth, M|\n|poke|p2|Mr. Mime, M|\n|teampreview\n|inactive|Battle timer is ON: inactive players will automatically lose when time's up. (requested by The Dark Ocean)\n|c|\u2606The Dark Ocean|You can use Zygarde?\n|\n|t:|1696796137\n|start\n|switch|p1a: Charizard|Charizard, F|100\/100\n|switch|p1b: Venusaur|Venusaur, M|100\/100\n|switch|p2a: Zygarde|Zygarde|100\/100\n|switch|p2b: Indeedee|Indeedee-F, F|100\/100\n|-ability|p2a: Zygarde|Aura Break\n|-fieldstart|move: Psychic Terrain|[from] ability: Psychic Surge|[of] p2b: Indeedee\n|turn|1\n|c|\u2606The Dark Ocean|does it have power construct\n|\n|t:|1696796162\n|detailschange|p1a: Charizard|Charizard-Mega-Y, F\n|-mega|p1a: Charizard|Charizard|Charizardite Y\n|-weather|SunnyDay|[from] ability: Drought|[of] p1a: Charizard\n|move|p2b: Indeedee|Follow Me|p2b: Indeedee\n|-singleturn|p2b: Indeedee|move: Follow Me\n|-zpower|p1b: Venusaur\n|move|p1b: Venusaur|Z-Sleep Powder|p2b: Indeedee|[anim]Sleep Powder\n|-boost|p1b: Venusaur|spe|1|[zeffect]\n|-status|p2b: Indeedee|slp|[from] move: Sleep Powder\n|move|p1a: Charizard|Heat Wave|p2b: Indeedee|[spread] p2a,p2b\n|-resisted|p2a: Zygarde\n|-damage|p2a: Zygarde|73\/100\n|-damage|p2b: Indeedee|36\/100 slp\n|move|p2a: Zygarde|Dragon Dance|p2a: Zygarde\n|-boost|p2a: Zygarde|atk|1\n|-boost|p2a: Zygarde|spe|1\n|\n|-weather|SunnyDay|[upkeep]\n|upkeep\n|turn|2\n|inactive|Can u see You lose has 120 seconds left.\n|\n|t:|1696796218\n|move|p2a: Zygarde|Protect|p2a: Zygarde\n|-singleturn|p2a: Zygarde|Protect\n|cant|p2b: Indeedee|slp\n|move|p1b: Venusaur|Sleep Powder|p2a: Zygarde\n|-activate|p2a: Zygarde|move: Protect\n|move|p1a: Charizard|Solar Beam||[still]\n|-prepare|p1a: Charizard|Solar Beam\n|-anim|p1a: Charizard|Solar Beam|p2a: Zygarde\n|-activate|p2a: Zygarde|move: Protect\n|\n|-weather|SunnyDay|[upkeep]\n|upkeep\n|turn|3\n|\n|t:|1696796235\n|cant|p2b: Indeedee|slp\n|move|p1b: Venusaur|Grass Pledge|p2a: Zygarde\n|-waiting|p1b: Venusaur|p1a: Charizard\n|move|p1a: Charizard|Fire Pledge|p2a: Zygarde|[from]move: Grass Pledge\n|-combine\n|-resisted|p2a: Zygarde\n|-damage|p2a: Zygarde|16\/100\n|-sidestart|p2: Can u see You lose|Fire Pledge\n|move|p2a: Zygarde|Dragon Dance|p2a: Zygarde\n|-boost|p2a: Zygarde|atk|1\n|-boost|p2a: Zygarde|spe|1\n|\n|-weather|SunnyDay|[upkeep]\n|-damage|p2a: Zygarde|4\/100|[from] Fire Pledge\n|-damage|p2b: Indeedee|23\/100 slp|[from] Fire Pledge\n|upkeep\n|turn|4\n|inactive|Can u see You lose has 120 seconds left.\n|inactive|Can u see You lose has 90 seconds left.\n|\n|t:|1696796289\n|move|p1b: Venusaur|Growth|p1b: Venusaur\n|-boost|p1b: Venusaur|atk|2\n|-boost|p1b: Venusaur|spa|2\n|move|p2a: Zygarde|Thousand Arrows|p1b: Venusaur|[spread] p1a,p1b\n|-damage|p1a: Charizard|0 fnt\n|-damage|p1b: Venusaur|11\/100\n|faint|p1a: Charizard\n|-curestatus|p2b: Indeedee|slp|[msg]\n|move|p2b: Indeedee|Heal Pulse|p2a: Zygarde\n|-heal|p2a: Zygarde|54\/100\n|\n|-weather|SunnyDay|[upkeep]\n|-damage|p2a: Zygarde|41\/100|[from] Fire Pledge\n|-damage|p2b: Indeedee|11\/100|[from] Fire Pledge\n|upkeep\n|inactive|The Dark Ocean has 120 seconds left.\n|\n|t:|1696796306\n|switch|p1a: Greninja|Greninja, M|100\/100\n|turn|5\n|\n|t:|1696796320\n|move|p2a: Zygarde|Protect|p2a: Zygarde\n|-singleturn|p2a: Zygarde|Protect\n|move|p1b: Venusaur|Grass Pledge|p2a: Zygarde\n|-waiting|p1b: Venusaur|p1a: Greninja\n|move|p1a: Greninja|Water Pledge|p2a: Zygarde|[from]move: Grass Pledge\n|-activate|p2a: Zygarde|move: Protect\n|move|p2b: Indeedee|Psychic|p1b: Venusaur\n|-supereffective|p1b: Venusaur\n|-damage|p1b: Venusaur|0 fnt\n|faint|p1b: Venusaur\n|\n|-weather|none\n|-damage|p2a: Zygarde|29\/100|[from] Fire Pledge\n|-damage|p2b: Indeedee|0 fnt|[from] Fire Pledge\n|faint|p2b: Indeedee\n|-fieldend|move: Psychic Terrain\n|upkeep\n|inactive|Can u see You lose has 120 seconds left.\n|\n|t:|1696796337\n|switch|p1b: Sceptile|Sceptile, F|100\/100\n|switch|p2b: Blastoise|Blastoise, F|100\/100\n|turn|6\n|\n|t:|1696796358\n|move|p2b: Blastoise|Follow Me|p2b: Blastoise\n|-singleturn|p2b: Blastoise|move: Follow Me\n|move|p1a: Greninja|Water Shuriken|p2b: Blastoise\n|-resisted|p2b: Blastoise\n|-damage|p2b: Blastoise|97\/100\n|-resisted|p2b: Blastoise\n|-damage|p2b: Blastoise|94\/100\n|-hitcount|p2b: Blastoise|2\n|move|p2a: Zygarde|Thousand Arrows|p1b: Sceptile|[spread] p1a,p1b\n|-resisted|p1b: Sceptile\n|-damage|p1a: Greninja|0 fnt\n|-damage|p1b: Sceptile|36\/100\n|faint|p1a: Greninja\n|move|p1b: Sceptile|Energy Ball|p2b: Blastoise\n|-supereffective|p2b: Blastoise\n|-damage|p2b: Blastoise|33\/100\n|\n|-damage|p2a: Zygarde|17\/100|[from] Fire Pledge\n|-damage|p2b: Blastoise|20\/100|[from] Fire Pledge\n|-sideend|p2: Can u see You lose|Fire Pledge\n|upkeep\n|-enditem|p2b: Blastoise|Iapapa Berry|[eat]\n|-heal|p2b: Blastoise|53\/100|[from] item: Iapapa Berry\n|\n|t:|1696796378\n|switch|p1a: Inteleon|Inteleon, F|100\/100\n|turn|7\n|inactive|Can u see You lose has 120 seconds left.\n|\n|t:|1696796425\n|move|p2b: Blastoise|Follow Me|p2b: Blastoise\n|-singleturn|p2b: Blastoise|move: Follow Me\n|move|p2a: Zygarde|Thousand Arrows|p1a: Inteleon|[spread] p1a,p1b\n|-resisted|p1b: Sceptile\n|-damage|p1a: Inteleon|0 fnt\n|-damage|p1b: Sceptile|0 fnt\n|faint|p1a: Inteleon\n|faint|p1b: Sceptile\n|\n|upkeep\n|\n|t:|1696796436\n|switch|p1b: Skeledirge|Skeledirge, F|100\/100\n|turn|8\n|\n|t:|1696796450\n|move|p2b: Blastoise|Follow Me|p2b: Blastoise\n|-singleturn|p2b: Blastoise|move: Follow Me\n|move|p2a: Zygarde|Thousand Arrows|p1b: Skeledirge\n|-supereffective|p1b: Skeledirge\n|-damage|p1b: Skeledirge|29\/100\n|move|p1b: Skeledirge|Shadow Ball|p2b: Blastoise\n|-damage|p2b: Blastoise|18\/100\n|\n|upkeep\n|turn|9\n|l|\u2606Can u see You lose\n|inactive|Can u see You lose disconnected and has a minute to reconnect!\n|player|p2|\n|\n|t:|1696796462\n|-terastallize|p1b: Skeledirge|Fairy\n|move|p2a: Zygarde|Thousand Arrows|p1b: Skeledirge\n|-damage|p1b: Skeledirge|0 fnt\n|faint|p1b: Skeledirge\n|\n|win|Can u see You lose\n|raw|The Dark Ocean's rating: 1097 &rarr; <strong>1066<\/strong><br \/>(-31 for losing)\n|raw|Can u see You lose's rating: 1000 &rarr; <strong>1051<\/strong><br \/>(+51 for winning)\n|l|\u2606The Dark Ocean\n","uploadtime":1696796477,"views":10,"p1id":"thedarkocean","p2id":"canuseeyoulose","formatid":"gen9nationaldexdoubles","rating":1051,"private":0,"password":""}