{"id":"gen9nationaldexdoubles-1964380956","p1":"RocaCama","p2":"Chad Tankers","format":"[Gen 9] National Dex Doubles","log":"|j|\u2606RocaCama\n|j|\u2606Chad Tankers\n|t:|1696964127\n|gametype|doubles\n|player|p1|RocaCama|fisherman-gen3rs|1228\n|player|p2|Chad Tankers|burglar|1440\n|teamsize|p1|6\n|teamsize|p2|6\n|gen|9\n|tier|[Gen 9] National Dex Doubles\n|rated|\n|rule|HP Percentage Mod: HP is shown in percentages\n|rule|Endless Battle Clause: Forcing endless battles is banned\n|rule|OHKO Clause: OHKO moves are banned\n|rule|Evasion Moves Clause: Evasion moves are banned\n|rule|Evasion Abilities Clause: Evasion abilities are banned\n|rule|Species Clause: Limit one of each Pok\u00e9mon\n|rule|Gravity Sleep Clause: The combination of sleep-inducing moves with imperfect accuracy and Gravity or Gigantamax Orbeetle are banned\n|clearpoke\n|poke|p1|Weezing, M|\n|poke|p1|Slaking, F|\n|poke|p1|Gastrodon, F|\n|poke|p1|Chien-Pao|\n|poke|p1|Sinistcha|\n|poke|p1|Goodra-Hisui, F|\n|poke|p2|Steelix, F|\n|poke|p2|Cresselia, F|\n|poke|p2|Volcanion|\n|poke|p2|Zamazenta-*|\n|poke|p2|Zygarde|\n|poke|p2|Rillaboom, M|\n|teampreview\n|inactive|Battle timer is ON: inactive players will automatically lose when time's up. (requested by Chad Tankers)\n|\n|t:|1696964136\n|start\n|switch|p1a: Weezing|Weezing, M|100\/100\n|switch|p1b: Slaking|Slaking, F|100\/100\n|switch|p2a: Rillaboom|Rillaboom, M|100\/100\n|switch|p2b: Zamazenta|Zamazenta|100\/100\n|-ability|p1a: Weezing|Neutralizing Gas\n|-item|p1a: Weezing|Air Balloon\n|turn|1\n|inactive|RocaCama has 120 seconds left.\n|\n|t:|1696964167\n|move|p2a: Rillaboom|Fake Out|p1b: Slaking\n|-crit|p1b: Slaking\n|-damage|p1b: Slaking|83\/100\n|move|p2b: Zamazenta|Body Press|p1b: Slaking\n|-supereffective|p1b: Slaking\n|-damage|p1b: Slaking|27\/100\n|cant|p1b: Slaking|flinch\n|move|p1a: Weezing|Will-O-Wisp|p2a: Rillaboom\n|-status|p2a: Rillaboom|brn\n|\n|-damage|p2a: Rillaboom|94\/100 brn|[from] brn\n|upkeep\n|turn|2\n|\n|t:|1696964191\n|switch|p2b: Volcanion|Volcanion|100\/100\n|-terastallize|p1b: Slaking|Ghost\n|move|p1b: Slaking|Fire Punch|p2a: Rillaboom\n|-supereffective|p2a: Rillaboom\n|-damage|p2a: Rillaboom|38\/100 brn\n|move|p2a: Rillaboom|Grassy Glide|p1b: Slaking\n|-damage|p1b: Slaking|15\/100\n|move|p1a: Weezing|Will-O-Wisp|p2b: Volcanion\n|-immune|p2b: Volcanion\n|\n|-damage|p2a: Rillaboom|32\/100 brn|[from] brn\n|upkeep\n|turn|3\n|\n|t:|1696964221\n|move|p1b: Slaking|Earthquake|p2a: Rillaboom|[spread] p2a,p2b\n|-immune|p1a: Weezing\n|-resisted|p2a: Rillaboom\n|-supereffective|p2b: Volcanion\n|-damage|p2a: Rillaboom|18\/100 brn\n|-damage|p2b: Volcanion|48\/100\n|move|p2a: Rillaboom|U-turn|p1b: Slaking\n|-resisted|p1b: Slaking\n|-damage|p1b: Slaking|10\/100\n|inactive|Chad Tankers has 120 seconds left.\n|\n|t:|1696964232\n|switch|p2a: Zygarde|Zygarde|100\/100|[from] U-turn\n|move|p2b: Volcanion|Heat Wave|p1b: Slaking|[spread] p1a,p1b\n|-damage|p1a: Weezing|71\/100\n|-damage|p1b: Slaking|0 fnt\n|-enditem|p1a: Weezing|Air Balloon\n|faint|p1b: Slaking\n|move|p1a: Weezing|Clear Smog|p2a: Zygarde\n|-resisted|p2a: Zygarde\n|-damage|p2a: Zygarde|93\/100\n|-clearboost|p2a: Zygarde\n|\n|upkeep\n|inactive|RocaCama has 120 seconds left.\n|\n|t:|1696964271\n|switch|p1b: Chien-Pao|Chien-Pao|100\/100\n|turn|4\n|\n|t:|1696964288\n|move|p2a: Zygarde|Protect|p2a: Zygarde\n|-singleturn|p2a: Zygarde|Protect\n|move|p1b: Chien-Pao|Ice Spinner|p2a: Zygarde\n|-activate|p2a: Zygarde|move: Protect\n|move|p2b: Volcanion|Heat Wave|p1a: Weezing|[spread] p1b\n|-miss|p2b: Volcanion|p1a: Weezing\n|-supereffective|p1b: Chien-Pao\n|-enditem|p1b: Chien-Pao|Focus Sash\n|-damage|p1b: Chien-Pao|1\/100\n|move|p1a: Weezing|Will-O-Wisp|p2b: Volcanion\n|-immune|p2b: Volcanion\n|\n|upkeep\n|turn|5\n|\n|t:|1696964308\n|-terastallize|p2a: Zygarde|Fire\n|move|p1b: Chien-Pao|Ice Spinner|p2a: Zygarde\n|-resisted|p2a: Zygarde\n|-crit|p2a: Zygarde\n|-damage|p2a: Zygarde|72\/100\n|move|p2a: Zygarde|Dragon Dance|p2a: Zygarde\n|-boost|p2a: Zygarde|atk|1\n|-boost|p2a: Zygarde|spe|1\n|move|p2b: Volcanion|Heat Wave|p1a: Weezing|[spread] p1a,p1b\n|-supereffective|p1b: Chien-Pao\n|-damage|p1a: Weezing|38\/100\n|-damage|p1b: Chien-Pao|0 fnt\n|faint|p1b: Chien-Pao\n|move|p1a: Weezing|Clear Smog|p2b: Volcanion\n|-damage|p2b: Volcanion|39\/100\n|-clearboost|p2b: Volcanion\n|\n|upkeep\n|\n|t:|1696964317\n|switch|p1b: Gastrodon|Gastrodon, F|100\/100\n|turn|6\n|\n|t:|1696964339\n|switch|p2a: Cresselia|Cresselia, F|100\/100\n|move|p2b: Volcanion|Flamethrower|p1a: Weezing\n|-damage|p1a: Weezing|0 fnt\n|faint|p1a: Weezing\n|-end|p1a: Weezing|ability: Neutralizing Gas\n|move|p1b: Gastrodon|Earth Power|p2b: Volcanion\n|-supereffective|p2b: Volcanion\n|-damage|p2b: Volcanion|0 fnt\n|faint|p2b: Volcanion\n|\n|upkeep\n|\n|t:|1696964358\n|switch|p2b: Steelix|Steelix, F|100\/100\n|switch|p1a: Goodra|Goodra-Hisui, F, shiny|100\/100\n|turn|7\n|\n|t:|1696964379\n|detailschange|p2b: Steelix|Steelix-Mega, F\n|-mega|p2b: Steelix|Steelix|Steelixite\n|move|p2b: Steelix|Protect|p2b: Steelix\n|-singleturn|p2b: Steelix|Protect\n|move|p1a: Goodra|Acid Armor|p1a: Goodra\n|-boost|p1a: Goodra|def|2\n|move|p1b: Gastrodon|Earth Power|p2b: Steelix\n|-activate|p2b: Steelix|move: Protect\n|move|p2a: Cresselia|Trick Room|p2a: Cresselia\n|-fieldstart|move: Trick Room|[of] p2a: Cresselia\n|\n|upkeep\n|turn|8\n|\n|t:|1696964398\n|move|p1a: Goodra|Protect|p1a: Goodra\n|-singleturn|p1a: Goodra|Protect\n|move|p2a: Cresselia|Ally Switch|p2a: Cresselia\n|swap|p2a: Cresselia|1|[from] move: Ally Switch\n|move|p2a: Steelix|Gyro Ball|p1b: Gastrodon\n|-resisted|p1b: Gastrodon\n|-damage|p1b: Gastrodon|87\/100\n|move|p1b: Gastrodon|Earth Power|p2b: Cresselia\n|-immune|p2b: Cresselia|[from] ability: Levitate\n|\n|upkeep\n|turn|9\n|\n|t:|1696964428\n|move|p2a: Steelix|High Horsepower|p1a: Goodra\n|-supereffective|p1a: Goodra\n|-damage|p1a: Goodra|61\/100\n|move|p1b: Gastrodon|Earth Power|p2b: Cresselia\n|-immune|p2b: Cresselia|[from] ability: Levitate\n|move|p1a: Goodra|Acid Armor|p1a: Goodra\n|-boost|p1a: Goodra|def|2\n|move|p2b: Cresselia|Psychic|p1b: Gastrodon\n|-damage|p1b: Gastrodon|65\/100\n|\n|-heal|p1a: Goodra|68\/100|[from] item: Leftovers\n|upkeep\n|turn|10\n|\n|t:|1696964446\n|move|p2b: Cresselia|Ally Switch|p2b: Cresselia\n|swap|p2b: Cresselia|0|[from] move: Ally Switch\n|move|p2b: Steelix|High Horsepower|p1a: Goodra\n|-supereffective|p1a: Goodra\n|-damage|p1a: Goodra|44\/100\n|move|p1b: Gastrodon|Earth Power|p2a: Cresselia\n|-immune|p2a: Cresselia|[from] ability: Levitate\n|move|p1a: Goodra|Body Press|p2b: Steelix\n|-supereffective|p2b: Steelix\n|-damage|p2b: Steelix|24\/100\n|\n|-heal|p1a: Goodra|50\/100|[from] item: Leftovers\n|upkeep\n|turn|11\n|\n|t:|1696964470\n|move|p2b: Steelix|High Horsepower|p1a: Goodra\n|-supereffective|p1a: Goodra\n|-damage|p1a: Goodra|26\/100\n|move|p1b: Gastrodon|Muddy Water|p2a: Cresselia|[spread] p2a\n|-miss|p1b: Gastrodon|p2b: Steelix\n|-damage|p2a: Cresselia|86\/100\n|-unboost|p2a: Cresselia|accuracy|1\n|move|p1a: Goodra|Body Press|p2b: Steelix\n|-supereffective|p2b: Steelix\n|-damage|p2b: Steelix|0 fnt\n|faint|p2b: Steelix\n|move|p2a: Cresselia|Psychic|p1a: Goodra\n|-resisted|p1a: Goodra\n|-damage|p1a: Goodra|19\/100\n|\n|-heal|p1a: Goodra|25\/100|[from] item: Leftovers\n|-fieldend|move: Trick Room\n|upkeep\n|inactive|Chad Tankers has 120 seconds left.\n|\n|t:|1696964487\n|switch|p2b: Zamazenta|Zamazenta|100\/100\n|-ability|p2b: Zamazenta|Dauntless Shield|boost\n|-boost|p2b: Zamazenta|def|1\n|turn|12\n|\n|t:|1696964499\n|move|p1a: Goodra|Protect|p1a: Goodra\n|-singleturn|p1a: Goodra|Protect\n|move|p2b: Zamazenta|Body Press|p1a: Goodra\n|-activate|p1a: Goodra|move: Protect\n|move|p2a: Cresselia|Lunar Blessing|p2a: Cresselia|[spread] p2a,p2b\n|-heal|p2a: Cresselia|100\/100\n|move|p1b: Gastrodon|Muddy Water|p2b: Zamazenta|[spread] p2a,p2b\n|-damage|p2a: Cresselia|85\/100\n|-damage|p2b: Zamazenta|79\/100\n|\n|-heal|p1a: Goodra|31\/100|[from] item: Leftovers\n|upkeep\n|turn|13\n|\n|t:|1696964522\n|move|p2b: Zamazenta|Body Press|p1a: Goodra\n|-supereffective|p1a: Goodra\n|-damage|p1a: Goodra|7\/100\n|move|p2a: Cresselia|Psychic|p1a: Goodra|[miss]\n|-miss|p2a: Cresselia|p1a: Goodra\n|move|p1a: Goodra|Body Press|p2b: Zamazenta\n|-damage|p2b: Zamazenta|41\/100\n|-enditem|p2b: Zamazenta|Sitrus Berry|[eat]\n|-heal|p2b: Zamazenta|66\/100|[from] item: Sitrus Berry\n|move|p1b: Gastrodon|Muddy Water|p2b: Zamazenta|[spread] p2a,p2b\n|-damage|p2a: Cresselia|70\/100\n|-damage|p2b: Zamazenta|45\/100\n|\n|-heal|p1a: Goodra|14\/100|[from] item: Leftovers\n|upkeep\n|turn|14\n|\n|t:|1696964543\n|move|p1a: Goodra|Protect|p1a: Goodra\n|-singleturn|p1a: Goodra|Protect\n|move|p2b: Zamazenta|Wide Guard|p2b: Zamazenta\n|-singleturn|p2b: Zamazenta|Wide Guard\n|move|p2a: Cresselia|Psychic|p1a: Goodra\n|-activate|p1a: Goodra|move: Protect\n|move|p1b: Gastrodon|Muddy Water|p2b: Zamazenta|[spread] \n|-activate|p2a: Cresselia|move: Wide Guard\n|-activate|p2b: Zamazenta|move: Wide Guard\n|\n|-heal|p1a: Goodra|20\/100|[from] item: Leftovers\n|upkeep\n|turn|15\n|inactive|Chad Tankers has 120 seconds left.\n|\n|t:|1696964588\n|switch|p1b: Sinistcha|Sinistcha|100\/100\n|-heal|p1a: Goodra|45\/100|[from] ability: Hospitality|[of] p1b: Sinistcha\n|move|p2b: Zamazenta|Body Press|p1a: Goodra\n|-supereffective|p1a: Goodra\n|-damage|p1a: Goodra|22\/100\n|move|p2a: Cresselia|Psychic|p1a: Goodra\n|-resisted|p1a: Goodra\n|-damage|p1a: Goodra|13\/100\n|move|p1a: Goodra|Body Press|p2b: Zamazenta\n|-damage|p2b: Zamazenta|8\/100\n|\n|-heal|p1a: Goodra|20\/100|[from] item: Leftovers\n|upkeep\n|turn|16\n|inactive|Chad Tankers has 120 seconds left.\n|\n|t:|1696964620\n|move|p1a: Goodra|Protect|p1a: Goodra\n|-singleturn|p1a: Goodra|Protect\n|move|p2b: Zamazenta|Wide Guard|p2b: Zamazenta\n|-singleturn|p2b: Zamazenta|Wide Guard\n|move|p1b: Sinistcha|Matcha Gotcha|p2a: Cresselia|[spread] \n|-activate|p2a: Cresselia|move: Wide Guard\n|-activate|p2b: Zamazenta|move: Wide Guard\n|move|p2a: Cresselia|Psychic|p1a: Goodra\n|-activate|p1a: Goodra|move: Protect\n|\n|-heal|p1a: Goodra|26\/100|[from] item: Leftovers\n|upkeep\n|turn|17\n|inactive|Chad Tankers has 120 seconds left.\n|\n|t:|1696964641\n|move|p2a: Cresselia|Ally Switch|p2a: Cresselia\n|swap|p2a: Cresselia|1|[from] move: Ally Switch\n|move|p2a: Zamazenta|Body Press|p1a: Goodra\n|-supereffective|p1a: Goodra\n|-damage|p1a: Goodra|3\/100\n|move|p1b: Sinistcha|Strength Sap|p2b: Cresselia\n|-unboost|p2b: Cresselia|atk|1\n|move|p1a: Goodra|Body Press|p2b: Cresselia\n|-resisted|p2b: Cresselia\n|-damage|p2b: Cresselia|44\/100\n|\n|-heal|p1a: Goodra|9\/100|[from] item: Leftovers\n|upkeep\n|turn|18\n|\n|t:|1696964659\n|move|p1a: Goodra|Protect|p1a: Goodra\n|-singleturn|p1a: Goodra|Protect\n|move|p2a: Zamazenta|Wide Guard|p2a: Zamazenta\n|-singleturn|p2a: Zamazenta|Wide Guard\n|move|p1b: Sinistcha|Strength Sap|p2a: Zamazenta\n|-unboost|p2a: Zamazenta|atk|1\n|move|p2b: Cresselia|Psychic|p1a: Goodra\n|-activate|p1a: Goodra|move: Protect\n|\n|-heal|p1a: Goodra|16\/100|[from] item: Leftovers\n|upkeep\n|turn|19\n|\n|t:|1696964678\n|move|p2a: Zamazenta|Body Press|p1a: Goodra\n|-supereffective|p1a: Goodra\n|-damage|p1a: Goodra|0 fnt\n|faint|p1a: Goodra\n|move|p1b: Sinistcha|Strength Sap|p2b: Cresselia\n|-unboost|p2b: Cresselia|atk|1\n|move|p2b: Cresselia|Lunar Blessing|p2b: Cresselia|[spread] p2a,p2b\n|-heal|p2a: Zamazenta|33\/100\n|-heal|p2b: Cresselia|69\/100\n|\n|upkeep\n|\n|t:|1696964682\n|switch|p1a: Gastrodon|Gastrodon, F|65\/100\n|turn|20\n|\n|t:|1696964700\n|move|p2a: Zamazenta|Wide Guard|p2a: Zamazenta\n|-singleturn|p2a: Zamazenta|Wide Guard\n|move|p1b: Sinistcha|Shadow Ball|p2b: Cresselia\n|-supereffective|p2b: Cresselia\n|-damage|p2b: Cresselia|31\/100\n|move|p2b: Cresselia|Lunar Blessing|p2b: Cresselia|[spread] p2a,p2b\n|-heal|p2a: Zamazenta|58\/100\n|-heal|p2b: Cresselia|56\/100\n|move|p1a: Gastrodon|Earth Power|p2a: Zamazenta\n|-damage|p2a: Zamazenta|28\/100\n|\n|upkeep\n|turn|21\n|\n|t:|1696964726\n|move|p2a: Zamazenta|Body Press|p1a: Gastrodon\n|-damage|p1a: Gastrodon|19\/100\n|move|p1b: Sinistcha|Shadow Ball|p2b: Cresselia\n|-supereffective|p2b: Cresselia\n|-damage|p2b: Cresselia|15\/100\n|move|p2b: Cresselia|Psychic|p1a: Gastrodon|[miss]\n|-miss|p2b: Cresselia|p1a: Gastrodon\n|move|p1a: Gastrodon|Muddy Water|p2a: Zamazenta|[spread] p2a,p2b\n|-damage|p2a: Zamazenta|5\/100\n|-damage|p2b: Cresselia|1\/100\n|-unboost|p2a: Zamazenta|accuracy|1\n|-unboost|p2b: Cresselia|accuracy|1\n|\n|upkeep\n|turn|22\n|\n|t:|1696964753\n|move|p2a: Zamazenta|Body Press|p1a: Gastrodon|[miss]\n|-miss|p2a: Zamazenta|p1a: Gastrodon\n|move|p1b: Sinistcha|Shadow Ball|p2a: Zamazenta\n|-damage|p2a: Zamazenta|0 fnt\n|faint|p2a: Zamazenta\n|move|p2b: Cresselia|Lunar Blessing|p2b: Cresselia\n|-heal|p2b: Cresselia|26\/100\n|move|p1a: Gastrodon|Recover|p1a: Gastrodon\n|-heal|p1a: Gastrodon|69\/100\n|\n|upkeep\n|inactive|Chad Tankers has 120 seconds left.\n|\n|t:|1696964770\n|switch|p2a: Zygarde|Zygarde, tera:Fire|72\/100\n|-ability|p2a: Zygarde|Aura Break\n|turn|23\n|\n|t:|1696964783\n|switch|p2b: Rillaboom|Rillaboom, M|18\/100 brn\n|-fieldstart|move: Grassy Terrain|[from] ability: Grassy Surge|[of] p2b: Rillaboom\n|move|p2a: Zygarde|Dragon Dance|p2a: Zygarde\n|-boost|p2a: Zygarde|atk|1\n|-boost|p2a: Zygarde|spe|1\n|move|p1b: Sinistcha|Matcha Gotcha|p2a: Zygarde|[spread] p2a,p2b\n|-resisted|p2a: Zygarde\n|-resisted|p2b: Rillaboom\n|-damage|p2a: Zygarde|58\/100\n|-damage|p2b: Rillaboom|4\/100 brn\n|move|p1a: Gastrodon|Recover|p1a: Gastrodon\n|-heal|p1a: Gastrodon|100\/100\n|\n|-heal|p2a: Zygarde|64\/100|[from] Grassy Terrain\n|-heal|p2b: Rillaboom|10\/100 brn|[from] Grassy Terrain\n|-damage|p2b: Rillaboom|4\/100 brn|[from] brn\n|upkeep\n|turn|24\n|\n|t:|1696964806\n|move|p2b: Rillaboom|Grassy Glide|p1a: Gastrodon\n|-supereffective|p1a: Gastrodon\n|-damage|p1a: Gastrodon|25\/100\n|move|p2a: Zygarde|Dragon Dance|p2a: Zygarde\n|-boost|p2a: Zygarde|atk|1\n|-boost|p2a: Zygarde|spe|1\n|move|p1b: Sinistcha|Strength Sap||[still]\n|-fail|p2a: Zygarde|unboost|[from] item: Clear Amulet|[of] p2a: Zygarde\n|-fail|p1b: Sinistcha\n|move|p1a: Gastrodon|Muddy Water|p2b: Rillaboom|[spread] p2a\n|-miss|p1a: Gastrodon|p2b: Rillaboom\n|-supereffective|p2a: Zygarde\n|-damage|p2a: Zygarde|18\/100\n|\n|-heal|p2a: Zygarde|24\/100|[from] Grassy Terrain\n|-heal|p2b: Rillaboom|10\/100 brn|[from] Grassy Terrain\n|-heal|p1a: Gastrodon|32\/100|[from] Grassy Terrain\n|-damage|p2b: Rillaboom|4\/100 brn|[from] brn\n|upkeep\n|turn|25\n|\n|t:|1696964829\n|move|p1a: Gastrodon|Protect|p1a: Gastrodon\n|-singleturn|p1a: Gastrodon|Protect\n|move|p2b: Rillaboom|Grassy Glide|p1a: Gastrodon\n|-activate|p1a: Gastrodon|move: Protect\n|move|p2a: Zygarde|Thousand Arrows|p1a: Gastrodon|[spread] p1b\n|-activate|p1a: Gastrodon|move: Protect\n|-resisted|p1b: Sinistcha\n|-crit|p1b: Sinistcha\n|-damage|p1b: Sinistcha|69\/100\n|move|p1b: Sinistcha|Matcha Gotcha|p2a: Zygarde|[spread] p2b\n|-miss|p1b: Sinistcha|p2a: Zygarde\n|-resisted|p2b: Rillaboom\n|-damage|p2b: Rillaboom|0 fnt\n|-heal|p1b: Sinistcha|71\/100|[from] drain|[of] p2b: Rillaboom\n|faint|p2b: Rillaboom\n|\n|-heal|p2a: Zygarde|30\/100|[from] Grassy Terrain\n|-heal|p1b: Sinistcha|77\/100|[from] Grassy Terrain\n|-heal|p1a: Gastrodon|38\/100|[from] Grassy Terrain\n|upkeep\n|inactive|Chad Tankers has 120 seconds left.\n|\n|t:|1696964850\n|switch|p2b: Cresselia|Cresselia, F|26\/100\n|turn|26\n|\n|t:|1696964865\n|move|p2a: Zygarde|Thousand Arrows|p1b: Sinistcha|[spread] p1a,p1b\n|-resisted|p1b: Sinistcha\n|-damage|p1a: Gastrodon|0 fnt\n|-damage|p1b: Sinistcha|57\/100\n|faint|p1a: Gastrodon\n|move|p1b: Sinistcha|Shadow Ball|p2a: Zygarde\n|-damage|p2a: Zygarde|0 fnt\n|faint|p2a: Zygarde\n|move|p2b: Cresselia|Lunar Blessing|p2b: Cresselia\n|-heal|p2b: Cresselia|51\/100\n|\n|-heal|p1b: Sinistcha|63\/100|[from] Grassy Terrain\n|upkeep\n|turn|27\n|\n|t:|1696964883\n|move|p1b: Sinistcha|Strength Sap|p2b: Cresselia\n|-unboost|p2b: Cresselia|atk|1\n|-heal|p1b: Sinistcha|100\/100\n|move|p2b: Cresselia|Psychic|p1b: Sinistcha\n|-damage|p1b: Sinistcha|70\/100\n|\n|-heal|p1b: Sinistcha|76\/100|[from] Grassy Terrain\n|-fieldend|move: Grassy Terrain\n|upkeep\n|turn|28\n|\n|t:|1696964894\n|move|p1b: Sinistcha|Shadow Ball|p2b: Cresselia\n|-supereffective|p2b: Cresselia\n|-damage|p2b: Cresselia|10\/100\n|move|p2b: Cresselia|Psychic|p1b: Sinistcha\n|-damage|p1b: Sinistcha|48\/100\n|-enditem|p1b: Sinistcha|Sitrus Berry|[eat]\n|-heal|p1b: Sinistcha|73\/100|[from] item: Sitrus Berry\n|\n|upkeep\n|turn|29\n|-message|Chad Tankers forfeited.\n|\n|win|RocaCama\n|raw|RocaCama's rating: 1228 &rarr; <strong>1267<\/strong><br \/>(+39 for winning)\n|raw|Chad Tankers's rating: 1440 &rarr; <strong>1409<\/strong><br \/>(-31 for losing)\n|l|\u2606Chad Tankers\n","uploadtime":1696964915,"views":10,"p1id":"rocacama","p2id":"chadtankers","formatid":"gen9nationaldexdoubles","rating":1267,"private":0,"password":""}