{"id":"gen9nationaldexdoubles-1954183805","p1":"tyranitar1977","p2":"LordSandaime","format":"[Gen 9] National Dex Doubles","log":"|j|\u2606tyranitar1977\n|j|\u2606LordSandaime\n|t:|1695862550\n|gametype|doubles\n|player|p1|tyranitar1977|ingo|1175\n|player|p2|LordSandaime|alder|1387\n|teamsize|p1|6\n|teamsize|p2|6\n|gen|9\n|tier|[Gen 9] National Dex Doubles\n|rated|\n|rule|HP Percentage Mod: HP is shown in percentages\n|rule|Endless Battle Clause: Forcing endless battles is banned\n|rule|OHKO Clause: OHKO moves are banned\n|rule|Evasion Moves Clause: Evasion moves are banned\n|rule|Evasion Abilities Clause: Evasion abilities are banned\n|rule|Species Clause: Limit one of each Pok\u00e9mon\n|rule|Gravity Sleep Clause: The combination of sleep-inducing moves with imperfect accuracy and Gravity or Gigantamax Orbeetle are banned\n|clearpoke\n|poke|p1|Enamorus, F|\n|poke|p1|Charizard, M|\n|poke|p1|Aerodactyl, F|\n|poke|p1|Thundurus, M|\n|poke|p1|Corviknight, F|\n|poke|p1|Zapdos-Galar|\n|poke|p2|Kommo-o, M|\n|poke|p2|Gliscor, M|\n|poke|p2|Samurott-Hisui, F|\n|poke|p2|Darmanitan-Galar, M|\n|poke|p2|Farigiraf, M|\n|poke|p2|Gholdengo|\n|teampreview\n|inactive|Battle timer is ON: inactive players will automatically lose when time's up. (requested by LordSandaime)\n|\n|t:|1695862571\n|start\n|switch|p1a: Aerodactyl|Aerodactyl, F|100\/100\n|switch|p1b: Zapdos|Zapdos-Galar|100\/100\n|switch|p2a: Gliscor|Gliscor, M|100\/100\n|switch|p2b: Farigiraf|Farigiraf, M|100\/100\n|-ability|p1a: Aerodactyl|Pressure\n|turn|1\n|\n|t:|1695862584\n|switch|p2a: Gholdengo|Gholdengo|100\/100\n|move|p1b: Zapdos|U-turn|p2a: Gholdengo\n|-resisted|p2a: Gholdengo\n|-damage|p2a: Gholdengo|94\/100\n|\n|t:|1695862589\n|switch|p1b: Charizard|Charizard, M|100\/100|[from] U-turn\n|move|p1a: Aerodactyl|Taunt|p2b: Farigiraf\n|-start|p2b: Farigiraf|move: Taunt\n|cant|p2b: Farigiraf|move: Taunt|Trick Room\n|\n|upkeep\n|turn|2\n|\n|t:|1695862597\n|detailschange|p1b: Charizard|Charizard-Mega-Y, M\n|-mega|p1b: Charizard|Charizard|Charizardite Y\n|-weather|SunnyDay|[from] ability: Drought|[of] p1b: Charizard\n|move|p2a: Gholdengo|Thunderbolt|p1b: Charizard\n|-supereffective|p1b: Charizard\n|-damage|p1b: Charizard|39\/100\n|move|p1a: Aerodactyl|Tailwind|p1a: Aerodactyl\n|-sidestart|p1: tyranitar1977|move: Tailwind\n|move|p1b: Charizard|Heat Wave|p2b: Farigiraf|[spread] p2a,p2b\n|-supereffective|p2a: Gholdengo\n|-damage|p2a: Gholdengo|0 fnt\n|-damage|p2b: Farigiraf|23\/100\n|-status|p2b: Farigiraf|brn\n|-enditem|p2b: Farigiraf|Aguav Berry|[eat]\n|-heal|p2b: Farigiraf|56\/100 brn|[from] item: Aguav Berry\n|faint|p2a: Gholdengo\n|move|p2b: Farigiraf|Psychic|p1b: Charizard\n|-damage|p1b: Charizard|0 fnt\n|faint|p1b: Charizard\n|\n|-weather|SunnyDay|[upkeep]\n|-damage|p2b: Farigiraf|50\/100 brn|[from] brn\n|upkeep\n|\n|t:|1695862620\n|switch|p1b: Corviknight|Corviknight, F|100\/100\n|switch|p2a: Darmanitan|Darmanitan-Galar, M|100\/100\n|turn|3\n|\n|t:|1695862632\n|-terastallize|p2a: Darmanitan|Dragon\n|move|p1a: Aerodactyl|Sky Drop||[still]\n|-prepare|p1a: Aerodactyl|Sky Drop|p2a: Darmanitan\n|move|p1b: Corviknight|Light Screen|p1b: Corviknight\n|-sidestart|p1: tyranitar1977|move: Light Screen\n|move|p2b: Farigiraf|Psychic|p1a: Aerodactyl|[miss]\n|-miss|p2b: Farigiraf|p1a: Aerodactyl\n|\n|-weather|SunnyDay|[upkeep]\n|-damage|p2b: Farigiraf|44\/100 brn|[from] brn\n|-end|p2b: Farigiraf|move: Taunt\n|upkeep\n|turn|4\n|\n|t:|1695862640\n|move|p1a: Aerodactyl|Sky Drop|p2a: Darmanitan|[from]lockedmove\n|-damage|p2a: Darmanitan|69\/100\n|-end|p2a: Darmanitan|Sky Drop\n|move|p1b: Corviknight|Reflect|p1b: Corviknight\n|-sidestart|p1: tyranitar1977|Reflect\n|move|p2a: Darmanitan|Flare Blitz|p1b: Corviknight\n|-supereffective|p1b: Corviknight\n|-damage|p1b: Corviknight|0 fnt\n|faint|p1b: Corviknight\n|-damage|p2a: Darmanitan|31\/100|[from] Recoil\n|move|p2b: Farigiraf|Psychic|p1a: Aerodactyl\n|-damage|p1a: Aerodactyl|66\/100\n|-enditem|p1a: Aerodactyl|Eject Button\n|\n|t:|1695862644\n|switch|p1a: Enamorus|Enamorus, F|100\/100\n|\n|-weather|SunnyDay|[upkeep]\n|-damage|p2b: Farigiraf|38\/100 brn|[from] brn\n|upkeep\n|\n|t:|1695862645\n|switch|p1b: Thundurus|Thundurus, M|100\/100\n|turn|5\n|\n|t:|1695862652\n|switch|p2a: Gliscor|Gliscor, M|100\/100\n|-terastallize|p1a: Enamorus|Fairy\n|move|p1b: Thundurus|Eerie Impulse|p1a: Enamorus\n|-boost|p1a: Enamorus|spa|2\n|move|p1a: Enamorus|Springtide Storm|p2a: Gliscor|[spread] p2a,p2b\n|-damage|p2a: Gliscor|0 fnt\n|-damage|p2b: Farigiraf|0 fnt\n|faint|p2a: Gliscor\n|faint|p2b: Farigiraf\n|\n|-weather|SunnyDay|[upkeep]\n|-sideend|p1: tyranitar1977|move: Tailwind\n|upkeep\n|\n|t:|1695862667\n|switch|p2a: Darmanitan|Darmanitan-Galar, M, tera:Dragon|31\/100\n|switch|p2b: Kommo-o|Kommo-o, M|100\/100\n|turn|6\n|\n|t:|1695862672\n|switch|p2b: Samurott|Samurott-Hisui, F|100\/100\n|move|p1b: Thundurus|Thunder Wave|p2a: Darmanitan\n|-status|p2a: Darmanitan|par\n|move|p1a: Enamorus|Springtide Storm|p2a: Darmanitan|[spread] p2a,p2b\n|-supereffective|p2a: Darmanitan\n|-supereffective|p2b: Samurott\n|-damage|p2a: Darmanitan|0 fnt\n|-damage|p2b: Samurott|0 fnt\n|faint|p2a: Darmanitan\n|faint|p2b: Samurott\n|\n|-weather|none\n|upkeep\n|-message|LordSandaime forfeited.\n|\n|win|tyranitar1977\n|raw|tyranitar1977's rating: 1175 &rarr; <strong>1214<\/strong><br \/>(+39 for winning)\n|raw|LordSandaime's rating: 1387 &rarr; <strong>1356<\/strong><br \/>(-31 for losing)\n|l|\u2606LordSandaime\n","uploadtime":1695862687,"views":8,"p1id":"tyranitar1977","p2id":"lordsandaime","formatid":"gen9nationaldexdoubles","rating":1214,"private":0,"password":""}