{"id":"gen9nationaldexdoubles-1968748842","p1":"never ever let go","p2":"Mmirza","format":"[Gen 9] National Dex Doubles","log":"|j|\u2606never ever let go\n|j|\u2606Mmirza\n|t:|1697461046\n|gametype|doubles\n|player|p1|never ever let go|gardenia|1383\n|player|p2|Mmirza|saturn|1570\n|teamsize|p1|6\n|teamsize|p2|6\n|gen|9\n|tier|[Gen 9] National Dex Doubles\n|rated|\n|rule|HP Percentage Mod: HP is shown in percentages\n|rule|Endless Battle Clause: Forcing endless battles is banned\n|rule|OHKO Clause: OHKO moves are banned\n|rule|Evasion Moves Clause: Evasion moves are banned\n|rule|Evasion Abilities Clause: Evasion abilities are banned\n|rule|Species Clause: Limit one of each Pok\u00e9mon\n|rule|Gravity Sleep Clause: The combination of sleep-inducing moves with imperfect accuracy and Gravity or Gigantamax Orbeetle are banned\n|clearpoke\n|poke|p1|Jirachi|\n|poke|p1|Latias, F|\n|poke|p1|Incineroar, F|\n|poke|p1|Grimmsnarl, M|\n|poke|p1|Gothitelle, F|\n|poke|p1|Zeraora|\n|poke|p2|Incineroar, M|\n|poke|p2|Gastrodon-East, M|\n|poke|p2|Rillaboom, M|\n|poke|p2|Zygarde|\n|poke|p2|Amoonguss, M|\n|poke|p2|Chien-Pao|\n|teampreview\n|inactive|Battle timer is ON: inactive players will automatically lose when time's up. (requested by Mmirza)\n|inactive|Mmirza has 120 seconds left.\n|inactive|Mmirza has 90 seconds left.\n|\n|t:|1697461127\n|start\n|switch|p1a: Grimmsnarl|Grimmsnarl, M|100\/100\n|switch|p1b: Incineroar|Incineroar, F|100\/100\n|switch|p2a: Chien-Pao|Chien-Pao|100\/100\n|switch|p2b: Incineroar|Incineroar, M, shiny|100\/100\n|-ability|p2a: Chien-Pao|Sword of Ruin\n|-ability|p2b: Incineroar|Intimidate|boost\n|-unboost|p1a: Grimmsnarl|atk|1\n|-unboost|p1b: Incineroar|atk|1\n|-ability|p1b: Incineroar|Intimidate|boost\n|-unboost|p2a: Chien-Pao|atk|1\n|-unboost|p2b: Incineroar|atk|1\n|turn|1\n|\n|t:|1697461142\n|move|p2a: Chien-Pao|Protect|p2a: Chien-Pao\n|-singleturn|p2a: Chien-Pao|Protect\n|move|p1a: Grimmsnarl|Reflect|p1a: Grimmsnarl\n|-sidestart|p1: never ever let go|Reflect\n|move|p2b: Incineroar|Knock Off|p1b: Incineroar\n|-resisted|p1b: Incineroar\n|-damage|p1b: Incineroar|90\/100\n|-enditem|p1b: Incineroar|Sitrus Berry|[from] move: Knock Off|[of] p2b: Incineroar\n|move|p1b: Incineroar|Will-O-Wisp|p2a: Chien-Pao\n|-activate|p2a: Chien-Pao|move: Protect\n|\n|upkeep\n|turn|2\n|\n|t:|1697461156\n|switch|p2a: Gastrodon|Gastrodon-East, M, shiny|100\/100\n|move|p1a: Grimmsnarl|Light Screen|p1a: Grimmsnarl\n|-sidestart|p1: never ever let go|move: Light Screen\n|move|p2b: Incineroar|Parting Shot|p1b: Incineroar\n|-unboost|p1b: Incineroar|atk|1\n|-unboost|p1b: Incineroar|spa|1\n|\n|t:|1697461163\n|switch|p2b: Amoonguss|Amoonguss, M|100\/100|[from] Parting Shot\n|move|p1b: Incineroar|Will-O-Wisp|p2a: Gastrodon\n|-status|p2a: Gastrodon|brn\n|\n|-damage|p2a: Gastrodon|94\/100 brn|[from] brn\n|upkeep\n|turn|3\n|\n|t:|1697461178\n|move|p1a: Grimmsnarl|Spirit Break|p2b: Amoonguss\n|-resisted|p2b: Amoonguss\n|-damage|p2b: Amoonguss|92\/100\n|-unboost|p2b: Amoonguss|spa|1\n|move|p1b: Incineroar|Snarl|p2b: Amoonguss|[spread] p2a,p2b\n|-damage|p2a: Gastrodon|86\/100 brn\n|-damage|p2b: Amoonguss|86\/100\n|-unboost|p2a: Gastrodon|spa|1\n|-unboost|p2b: Amoonguss|spa|1\n|move|p2a: Gastrodon|Muddy Water|p1b: Incineroar|[spread] p1a\n|-miss|p2a: Gastrodon|p1b: Incineroar\n|-damage|p1a: Grimmsnarl|92\/100\n|-unboost|p1a: Grimmsnarl|accuracy|1\n|move|p2b: Amoonguss|Spore|p1b: Incineroar\n|-status|p1b: Incineroar|slp|[from] move: Spore\n|\n|-heal|p2a: Gastrodon|92\/100 brn|[from] item: Leftovers\n|-heal|p2b: Amoonguss|92\/100|[from] item: Leftovers\n|-damage|p2a: Gastrodon|86\/100 brn|[from] brn\n|upkeep\n|turn|4\n|\n|t:|1697461200\n|move|p1a: Grimmsnarl|Parting Shot|p2b: Amoonguss\n|-unboost|p2b: Amoonguss|atk|1\n|-unboost|p2b: Amoonguss|spa|1\n|\n|t:|1697461202\n|switch|p1a: Gothitelle|Gothitelle, F|100\/100|[from] Parting Shot\n|cant|p1b: Incineroar|slp\n|move|p2a: Gastrodon|Muddy Water|p1b: Incineroar|[spread] p1a,p1b\n|-supereffective|p1b: Incineroar\n|-damage|p1a: Gothitelle|92\/100\n|-damage|p1b: Incineroar|67\/100 slp\n|-unboost|p1b: Incineroar|accuracy|1\n|move|p2b: Amoonguss|Spore|p1a: Gothitelle\n|-status|p1a: Gothitelle|slp|[from] move: Spore\n|\n|-heal|p1a: Gothitelle|98\/100 slp|[from] item: Leftovers\n|-heal|p2a: Gastrodon|92\/100 brn|[from] item: Leftovers\n|-heal|p2b: Amoonguss|98\/100|[from] item: Leftovers\n|-damage|p2a: Gastrodon|86\/100 brn|[from] brn\n|upkeep\n|turn|5\n|\n|t:|1697461221\n|switch|p1b: Jirachi|Jirachi|100\/100\n|cant|p1a: Gothitelle|slp\n|move|p2a: Gastrodon|Muddy Water|p1b: Jirachi|[spread] p1a,p1b\n|-damage|p1a: Gothitelle|89\/100 slp\n|-damage|p1b: Jirachi|92\/100\n|move|p2b: Amoonguss|Pollen Puff|p1b: Jirachi\n|-damage|p1b: Jirachi|88\/100\n|\n|-heal|p1a: Gothitelle|95\/100 slp|[from] item: Leftovers\n|-heal|p2a: Gastrodon|92\/100 brn|[from] item: Leftovers\n|-heal|p2b: Amoonguss|100\/100|[from] item: Leftovers\n|-damage|p2a: Gastrodon|86\/100 brn|[from] brn\n|upkeep\n|turn|6\n|\n|t:|1697461242\n|move|p1b: Jirachi|Cosmic Power|p1b: Jirachi\n|-boost|p1b: Jirachi|def|1\n|-boost|p1b: Jirachi|spd|1\n|cant|p1a: Gothitelle|slp\n|move|p2a: Gastrodon|Muddy Water|p1a: Gothitelle|[spread] p1a,p1b\n|-damage|p1a: Gothitelle|87\/100 slp\n|-damage|p1b: Jirachi|83\/100\n|-unboost|p1a: Gothitelle|accuracy|1\n|move|p2b: Amoonguss|Spore|p1b: Jirachi\n|-status|p1b: Jirachi|slp|[from] move: Spore\n|\n|-heal|p1a: Gothitelle|93\/100 slp|[from] item: Leftovers\n|-heal|p2a: Gastrodon|92\/100 brn|[from] item: Leftovers\n|-damage|p2a: Gastrodon|86\/100 brn|[from] brn\n|upkeep\n|turn|7\n|\n|t:|1697461262\n|cant|p1b: Jirachi|slp\n|cant|p1a: Gothitelle|slp\n|move|p2a: Gastrodon|Earth Power|p1b: Jirachi\n|-supereffective|p1b: Jirachi\n|-damage|p1b: Jirachi|68\/100 slp\n|-enditem|p1b: Jirachi|Weakness Policy\n|-boost|p1b: Jirachi|atk|2|[from] item: Weakness Policy\n|-boost|p1b: Jirachi|spa|2|[from] item: Weakness Policy\n|move|p2b: Amoonguss|Pollen Puff|p1a: Gothitelle\n|-supereffective|p1a: Gothitelle\n|-damage|p1a: Gothitelle|86\/100 slp\n|\n|-heal|p1a: Gothitelle|92\/100 slp|[from] item: Leftovers\n|-heal|p2a: Gastrodon|92\/100 brn|[from] item: Leftovers\n|-damage|p2a: Gastrodon|86\/100 brn|[from] brn\n|upkeep\n|turn|8\n|\n|t:|1697461281\n|-curestatus|p1b: Jirachi|slp|[msg]\n|move|p1b: Jirachi|Wish|p1b: Jirachi\n|-curestatus|p1a: Gothitelle|slp|[msg]\n|move|p1a: Gothitelle|Confide|p2a: Gastrodon\n|-unboost|p2a: Gastrodon|spa|1\n|move|p2a: Gastrodon|Muddy Water|p1a: Gothitelle|[spread] p1a,p1b\n|-damage|p1a: Gothitelle|86\/100\n|-damage|p1b: Jirachi|63\/100\n|-unboost|p1a: Gothitelle|accuracy|1\n|move|p2b: Amoonguss|Spore|p1a: Gothitelle\n|-status|p1a: Gothitelle|slp|[from] move: Spore\n|\n|-heal|p1a: Gothitelle|92\/100 slp|[from] item: Leftovers\n|-heal|p2a: Gastrodon|92\/100 brn|[from] item: Leftovers\n|-damage|p2a: Gastrodon|86\/100 brn|[from] brn\n|-sideend|p1: never ever let go|Reflect\n|upkeep\n|turn|9\n|\n|t:|1697461299\n|move|p1b: Jirachi|Cosmic Power|p1b: Jirachi\n|-boost|p1b: Jirachi|def|1\n|-boost|p1b: Jirachi|spd|1\n|cant|p1a: Gothitelle|slp\n|move|p2a: Gastrodon|Muddy Water|p1a: Gothitelle|[spread] p1a,p1b\n|-damage|p1a: Gothitelle|86\/100 slp\n|-damage|p1b: Jirachi|60\/100\n|-unboost|p1b: Jirachi|accuracy|1\n|move|p2b: Amoonguss|Spore|p1b: Jirachi\n|-status|p1b: Jirachi|slp|[from] move: Spore\n|\n|-heal|p1b: Jirachi|100\/100 slp|[from] move: Wish|[wisher] Jirachi\n|-heal|p1a: Gothitelle|92\/100 slp|[from] item: Leftovers\n|-heal|p2a: Gastrodon|92\/100 brn|[from] item: Leftovers\n|-damage|p2a: Gastrodon|86\/100 brn|[from] brn\n|-sideend|p1: never ever let go|move: Light Screen\n|upkeep\n|turn|10\n|\n|t:|1697461319\n|cant|p1b: Jirachi|slp\n|cant|p1a: Gothitelle|slp\n|move|p2a: Gastrodon|Muddy Water|p1a: Gothitelle|[spread] p1a\n|-miss|p2a: Gastrodon|p1b: Jirachi\n|-damage|p1a: Gothitelle|83\/100 slp\n|move|p2b: Amoonguss|Pollen Puff|p1a: Gothitelle\n|-supereffective|p1a: Gothitelle\n|-damage|p1a: Gothitelle|72\/100 slp\n|\n|-heal|p1a: Gothitelle|78\/100 slp|[from] item: Leftovers\n|-heal|p2a: Gastrodon|92\/100 brn|[from] item: Leftovers\n|-damage|p2a: Gastrodon|86\/100 brn|[from] brn\n|upkeep\n|turn|11\n|\n|t:|1697461336\n|-curestatus|p1b: Jirachi|slp|[msg]\n|move|p1b: Jirachi|Cosmic Power|p1b: Jirachi\n|-boost|p1b: Jirachi|def|1\n|-boost|p1b: Jirachi|spd|1\n|-curestatus|p1a: Gothitelle|slp|[msg]\n|move|p1a: Gothitelle|Confide|p2a: Gastrodon\n|-unboost|p2a: Gastrodon|spa|1\n|move|p2a: Gastrodon|Muddy Water|p1b: Jirachi|[spread] p1a,p1b\n|-damage|p1a: Gothitelle|71\/100\n|-damage|p1b: Jirachi|97\/100\n|move|p2b: Amoonguss|Spore|p1b: Jirachi\n|-status|p1b: Jirachi|slp|[from] move: Spore\n|\n|-heal|p1a: Gothitelle|77\/100|[from] item: Leftovers\n|-heal|p2a: Gastrodon|92\/100 brn|[from] item: Leftovers\n|-damage|p2a: Gastrodon|86\/100 brn|[from] brn\n|upkeep\n|turn|12\n|\n|t:|1697461355\n|cant|p1b: Jirachi|slp\n|move|p1a: Gothitelle|Confide|p2b: Amoonguss\n|-unboost|p2b: Amoonguss|spa|1\n|move|p2a: Gastrodon|Muddy Water|p1b: Jirachi|[spread] p1a,p1b\n|-damage|p1a: Gothitelle|69\/100\n|-damage|p1b: Jirachi|94\/100 slp\n|move|p2b: Amoonguss|Spore|p1a: Gothitelle\n|-status|p1a: Gothitelle|slp|[from] move: Spore\n|\n|-heal|p1a: Gothitelle|75\/100 slp|[from] item: Leftovers\n|-heal|p2a: Gastrodon|92\/100 brn|[from] item: Leftovers\n|-damage|p2a: Gastrodon|86\/100 brn|[from] brn\n|upkeep\n|turn|13\n|\n|t:|1697461370\n|cant|p1b: Jirachi|slp\n|cant|p1a: Gothitelle|slp\n|move|p2a: Gastrodon|Muddy Water|p1a: Gothitelle|[spread] p1a,p1b\n|-damage|p1a: Gothitelle|69\/100 slp\n|-damage|p1b: Jirachi|91\/100 slp\n|-unboost|p1a: Gothitelle|accuracy|1\n|move|p2b: Amoonguss|Pollen Puff|p1a: Gothitelle\n|-supereffective|p1a: Gothitelle\n|-damage|p1a: Gothitelle|60\/100 slp\n|\n|-heal|p1a: Gothitelle|66\/100 slp|[from] item: Leftovers\n|-heal|p2a: Gastrodon|92\/100 brn|[from] item: Leftovers\n|-damage|p2a: Gastrodon|86\/100 brn|[from] brn\n|upkeep\n|turn|14\n|\n|t:|1697461387\n|cant|p1a: Gothitelle|slp\n|-curestatus|p1b: Jirachi|slp|[msg]\n|move|p1b: Jirachi|Cosmic Power|p1b: Jirachi\n|-boost|p1b: Jirachi|def|1\n|-boost|p1b: Jirachi|spd|1\n|move|p2a: Gastrodon|Muddy Water|p1b: Jirachi|[spread] p1a,p1b\n|-damage|p1a: Gothitelle|60\/100 slp\n|-damage|p1b: Jirachi|88\/100\n|move|p2b: Amoonguss|Spore|p1b: Jirachi\n|-status|p1b: Jirachi|slp|[from] move: Spore\n|\n|-heal|p1a: Gothitelle|66\/100 slp|[from] item: Leftovers\n|-heal|p2a: Gastrodon|92\/100 brn|[from] item: Leftovers\n|-damage|p2a: Gastrodon|86\/100 brn|[from] brn\n|upkeep\n|turn|15\n|\n|t:|1697461409\n|cant|p1b: Jirachi|slp\n|cant|p1a: Gothitelle|slp\n|move|p2a: Gastrodon|Muddy Water|p1b: Jirachi|[spread] p1a,p1b\n|-damage|p1a: Gothitelle|58\/100 slp\n|-damage|p1b: Jirachi|86\/100 slp\n|move|p2b: Amoonguss|Pollen Puff|p1a: Gothitelle\n|-supereffective|p1a: Gothitelle\n|-damage|p1a: Gothitelle|50\/100 slp\n|\n|-heal|p1a: Gothitelle|56\/100 slp|[from] item: Leftovers\n|-heal|p2a: Gastrodon|92\/100 brn|[from] item: Leftovers\n|-damage|p2a: Gastrodon|86\/100 brn|[from] brn\n|upkeep\n|turn|16\n|\n|t:|1697461423\n|cant|p1b: Jirachi|slp\n|-curestatus|p1a: Gothitelle|slp|[msg]\n|move|p1a: Gothitelle|Heal Pulse|p1b: Jirachi\n|-heal|p1b: Jirachi|100\/100 slp\n|move|p2a: Gastrodon|Muddy Water|p1a: Gothitelle|[spread] p1a,p1b\n|-damage|p1a: Gothitelle|48\/100\n|-damage|p1b: Jirachi|98\/100 slp\n|-unboost|p1a: Gothitelle|accuracy|1\n|-unboost|p1b: Jirachi|accuracy|1\n|move|p2b: Amoonguss|Pollen Puff|p1a: Gothitelle\n|-supereffective|p1a: Gothitelle\n|-damage|p1a: Gothitelle|38\/100\n|\n|-heal|p1a: Gothitelle|44\/100|[from] item: Leftovers\n|-heal|p2a: Gastrodon|92\/100 brn|[from] item: Leftovers\n|-damage|p2a: Gastrodon|86\/100 brn|[from] brn\n|upkeep\n|turn|17\n|\n|t:|1697461442\n|move|p1a: Gothitelle|Protect|p1a: Gothitelle\n|-singleturn|p1a: Gothitelle|Protect\n|cant|p1b: Jirachi|slp\n|move|p2a: Gastrodon|Muddy Water|p1b: Jirachi|[spread] p1b\n|-activate|p1a: Gothitelle|move: Protect\n|-damage|p1b: Jirachi|95\/100 slp\n|-unboost|p1b: Jirachi|accuracy|1\n|move|p2b: Amoonguss|Spore|p1b: Jirachi\n|-fail|p1b: Jirachi|slp\n|\n|-heal|p1a: Gothitelle|50\/100|[from] item: Leftovers\n|-heal|p2a: Gastrodon|92\/100 brn|[from] item: Leftovers\n|-damage|p2a: Gastrodon|86\/100 brn|[from] brn\n|upkeep\n|turn|18\n|\n|t:|1697461458\n|-curestatus|p1b: Jirachi|slp|[msg]\n|move|p1b: Jirachi|Cosmic Power|p1b: Jirachi\n|-boost|p1b: Jirachi|def|1\n|-boost|p1b: Jirachi|spd|1\n|move|p1a: Gothitelle|Confide|p2a: Gastrodon\n|-unboost|p2a: Gastrodon|spa|1\n|move|p2a: Gastrodon|Muddy Water|p1b: Jirachi|[spread] p1a,p1b\n|-damage|p1a: Gothitelle|44\/100\n|-damage|p1b: Jirachi|94\/100\n|-unboost|p1a: Gothitelle|accuracy|1\n|-unboost|p1b: Jirachi|accuracy|1\n|move|p2b: Amoonguss|Spore|p1b: Jirachi\n|-status|p1b: Jirachi|slp|[from] move: Spore\n|\n|-heal|p1a: Gothitelle|50\/100|[from] item: Leftovers\n|-heal|p2a: Gastrodon|92\/100 brn|[from] item: Leftovers\n|-damage|p2a: Gastrodon|86\/100 brn|[from] brn\n|upkeep\n|turn|19\n|\n|t:|1697461477\n|cant|p1b: Jirachi|slp\n|move|p1a: Gothitelle|Confide|p2a: Gastrodon\n|-unboost|p2a: Gastrodon|spa|1\n|move|p2a: Gastrodon|Muddy Water|p1b: Jirachi|[spread] p1a,p1b\n|-damage|p1a: Gothitelle|46\/100\n|-damage|p1b: Jirachi|92\/100 slp\n|-unboost|p1b: Jirachi|accuracy|1\n|move|p2b: Amoonguss|Spore|p1a: Gothitelle\n|-status|p1a: Gothitelle|slp|[from] move: Spore\n|\n|-heal|p1a: Gothitelle|52\/100 slp|[from] item: Leftovers\n|-heal|p2a: Gastrodon|92\/100 brn|[from] item: Leftovers\n|-damage|p2a: Gastrodon|86\/100 brn|[from] brn\n|upkeep\n|turn|20\n|\n|t:|1697461494\n|cant|p1b: Jirachi|slp\n|cant|p1a: Gothitelle|slp\n|move|p2a: Gastrodon|Earth Power|p1a: Gothitelle\n|-damage|p1a: Gothitelle|45\/100 slp\n|move|p2b: Amoonguss|Pollen Puff|p1a: Gothitelle\n|-supereffective|p1a: Gothitelle\n|-damage|p1a: Gothitelle|37\/100 slp\n|\n|-heal|p1a: Gothitelle|43\/100 slp|[from] item: Leftovers\n|-heal|p2a: Gastrodon|92\/100 brn|[from] item: Leftovers\n|-damage|p2a: Gastrodon|86\/100 brn|[from] brn\n|upkeep\n|turn|21\n|\n|t:|1697461509\n|cant|p1b: Jirachi|slp\n|cant|p1a: Gothitelle|slp\n|move|p2a: Gastrodon|Earth Power|p1a: Gothitelle\n|-damage|p1a: Gothitelle|36\/100 slp\n|move|p2b: Amoonguss|Pollen Puff|p1a: Gothitelle\n|-supereffective|p1a: Gothitelle\n|-damage|p1a: Gothitelle|28\/100 slp\n|\n|-heal|p1a: Gothitelle|34\/100 slp|[from] item: Leftovers\n|-heal|p2a: Gastrodon|92\/100 brn|[from] item: Leftovers\n|-damage|p2a: Gastrodon|86\/100 brn|[from] brn\n|upkeep\n|turn|22\n|\n|t:|1697461534\n|switch|p1a: Zeraora|Zeraora|100\/100\n|-curestatus|p1b: Jirachi|slp|[msg]\n|move|p1b: Jirachi|Stored Power|p2b: Amoonguss|[miss]\n|-miss|p1b: Jirachi|p2b: Amoonguss\n|move|p2a: Gastrodon|Ice Beam|p1a: Zeraora\n|-damage|p1a: Zeraora|93\/100\n|move|p2b: Amoonguss|Spore|p1b: Jirachi\n|-status|p1b: Jirachi|slp|[from] move: Spore\n|\n|-heal|p2a: Gastrodon|92\/100 brn|[from] item: Leftovers\n|-damage|p2a: Gastrodon|86\/100 brn|[from] brn\n|upkeep\n|turn|23\n|\n|t:|1697461556\n|switch|p2a: Incineroar|Incineroar, M, shiny|100\/100\n|-ability|p2a: Incineroar|Intimidate|boost\n|-unboost|p1a: Zeraora|atk|1\n|-unboost|p1b: Jirachi|atk|1\n|move|p1a: Zeraora|Coaching|p1b: Jirachi\n|-boost|p1b: Jirachi|atk|1\n|-boost|p1b: Jirachi|def|1\n|cant|p1b: Jirachi|slp\n|move|p2b: Amoonguss|Spore|p1a: Zeraora\n|-status|p1a: Zeraora|slp|[from] move: Spore\n|\n|upkeep\n|turn|24\n|\n|t:|1697461571\n|switch|p2b: Chien-Pao|Chien-Pao|100\/100\n|-ability|p2b: Chien-Pao|Sword of Ruin\n|cant|p1a: Zeraora|slp\n|cant|p1b: Jirachi|slp\n|move|p2a: Incineroar|Knock Off|p1a: Zeraora\n|-damage|p1a: Zeraora|19\/100 slp\n|-enditem|p1a: Zeraora|Starf Berry|[from] move: Knock Off|[of] p2a: Incineroar\n|\n|upkeep\n|turn|25\n|\n|t:|1697461588\n|switch|p1a: Incineroar|Incineroar, F|67\/100 slp\n|-ability|p1a: Incineroar|Intimidate|boost\n|-unboost|p2a: Incineroar|atk|1\n|-unboost|p2b: Chien-Pao|atk|1\n|switch|p2a: Rillaboom|Rillaboom, M|100\/100\n|-fieldstart|move: Grassy Terrain|[from] ability: Grassy Surge|[of] p2a: Rillaboom\n|-terastallize|p1b: Jirachi|Water\n|move|p2b: Chien-Pao|Crunch|p1a: Incineroar\n|-resisted|p1a: Incineroar\n|-damage|p1a: Incineroar|56\/100 slp\n|-curestatus|p1b: Jirachi|slp|[msg]\n|move|p1b: Jirachi|Wish|p1b: Jirachi\n|\n|-heal|p1b: Jirachi|98\/100|[from] Grassy Terrain\n|-heal|p1a: Incineroar|62\/100 slp|[from] Grassy Terrain\n|upkeep\n|turn|26\n|\n|t:|1697461615\n|switch|p2b: Amoonguss|Amoonguss, M|100\/100\n|move|p2a: Rillaboom|Fake Out|p1b: Jirachi\n|-damage|p1b: Jirachi|96\/100\n|cant|p1b: Jirachi|flinch\n|-curestatus|p1a: Incineroar|slp|[msg]\n|move|p1a: Incineroar|Will-O-Wisp|p2a: Rillaboom\n|-status|p2a: Rillaboom|brn\n|\n|-heal|p1b: Jirachi|100\/100|[from] move: Wish|[wisher] Jirachi\n|-heal|p1a: Incineroar|68\/100|[from] Grassy Terrain\n|-damage|p2a: Rillaboom|94\/100 brn|[from] brn\n|upkeep\n|turn|27\n|\n|t:|1697461632\n|switch|p1a: Latias|Latias, F|100\/100\n|move|p2a: Rillaboom|Superpower|p1a: Latias\n|-resisted|p1a: Latias\n|-crit|p1a: Latias\n|-damage|p1a: Latias|84\/100\n|-unboost|p2a: Rillaboom|atk|1\n|-unboost|p2a: Rillaboom|def|1\n|move|p1b: Jirachi|Stored Power|p2b: Amoonguss|[miss]\n|-miss|p1b: Jirachi|p2b: Amoonguss\n|move|p2b: Amoonguss|Clear Smog|p1b: Jirachi\n|-damage|p1b: Jirachi|97\/100\n|-clearboost|p1b: Jirachi\n|\n|-heal|p2a: Rillaboom|100\/100 brn|[from] Grassy Terrain\n|-heal|p1b: Jirachi|100\/100|[from] Grassy Terrain\n|-damage|p2a: Rillaboom|94\/100 brn|[from] brn\n|upkeep\n|turn|28\n|-message|never ever let go forfeited.\n|\n|win|Mmirza\n|raw|never ever let go's rating: 1383 &rarr; <strong>1373<\/strong><br \/>(-10 for losing)\n|raw|Mmirza's rating: 1570 &rarr; <strong>1580<\/strong><br \/>(+10 for winning)\n|l|\u2606never ever let go\n","uploadtime":1697461665,"views":11,"p1id":"nevereverletgo","p2id":"mmirza","formatid":"gen9nationaldexdoubles","rating":1373,"private":0,"password":""}