{"id":"gen9nationaldexdoubles-2000298037","p1":"TexanFarmersMarket","p2":"gehrke.16","format":"[Gen 9] National Dex Doubles","log":"|j|\u2606TexanFarmersMarket\n|j|\u2606gehrke.16\n|t:|1701182575\n|gametype|doubles\n|player|p1|TexanFarmersMarket|lusamine-nihilego|1168\n|player|p2|gehrke.16|lance|1143\n|teamsize|p1|6\n|teamsize|p2|6\n|gen|9\n|tier|[Gen 9] National Dex Doubles\n|rated|\n|rule|HP Percentage Mod: HP is shown in percentages\n|rule|Endless Battle Clause: Forcing endless battles is banned\n|rule|OHKO Clause: OHKO moves are banned\n|rule|Evasion Moves Clause: Evasion moves are banned\n|rule|Evasion Abilities Clause: Evasion abilities are banned\n|rule|Species Clause: Limit one of each Pok\u00e9mon\n|rule|Gravity Sleep Clause: The combination of sleep-inducing moves with imperfect accuracy and Gravity or Gigantamax Orbeetle are banned\n|clearpoke\n|poke|p1|Whimsicott, M|\n|poke|p1|Shiftry, M|\n|poke|p1|Decidueye, F|\n|poke|p1|Flapple, F|\n|poke|p1|Jumpluff, F|\n|poke|p1|Meowscarada, F|\n|poke|p2|Haxorus, M|\n|poke|p2|Eelektross, M|\n|poke|p2|Banette, M|\n|poke|p2|Decidueye, M|\n|poke|p2|Skeledirge, M|\n|poke|p2|Greninja-*, M|\n|teampreview\n|inactive|Battle timer is ON: inactive players will automatically lose when time's up. (requested by gehrke.16)\n|inactive|TexanFarmersMarket also wants the timer to be on.\n|c|\u2606gehrke.16|glhf\n|\n|t:|1701182599\n|start\n|switch|p1a: Whimsicott|Whimsicott, M|100\/100\n|switch|p1b: Shiftry|Shiftry, M|100\/100\n|switch|p2a: Robin Hood|Decidueye, M, shiny|100\/100\n|switch|p2b: Ninja|Greninja, M, shiny|100\/100\n|turn|1\n|c|\u2606TexanFarmersMarket|u2\n|\n|t:|1701182614\n|move|p1a: Whimsicott|Tailwind|p1a: Whimsicott\n|-sidestart|p1: TexanFarmersMarket|move: Tailwind\n|-ability|p1b: Shiftry|Wind Rider|boost\n|-boost|p1b: Shiftry|atk|1\n|move|p1b: Shiftry|Leaf Blade|p2b: Ninja\n|-supereffective|p2b: Ninja\n|-damage|p2b: Ninja|0 fnt\n|faint|p2b: Ninja\n|move|p2a: Robin Hood|Tailwind|p2a: Robin Hood\n|-sidestart|p2: gehrke.16|move: Tailwind\n|\n|upkeep\n|\n|t:|1701182632\n|switch|p2b: G.O.D|Eelektross, M|100\/100\n|turn|2\n|\n|t:|1701182646\n|-terastallize|p1b: Shiftry|Grass\n|move|p1a: Whimsicott|Leech Seed|p2b: G.O.D\n|-start|p2b: G.O.D|move: Leech Seed\n|move|p1b: Shiftry|Leaf Blade|p2a: Robin Hood\n|-resisted|p2a: Robin Hood\n|-damage|p2a: Robin Hood|25\/100\n|-zpower|p2a: Robin Hood\n|move|p2a: Robin Hood|Sinister Arrow Raid|p1a: Whimsicott|[zeffect]\n|-damage|p1a: Whimsicott|35\/100\n|move|p2b: G.O.D|Lunge|p1b: Shiftry\n|-supereffective|p1b: Shiftry\n|-damage|p1b: Shiftry|9\/100\n|-unboost|p1b: Shiftry|atk|1\n|\n|-heal|p1a: Whimsicott|42\/100|[from] item: Leftovers\n|-damage|p2b: G.O.D|88\/100|[from] Leech Seed|[of] p1a: Whimsicott\n|-heal|p1a: Whimsicott|53\/100|[silent]\n|upkeep\n|turn|3\n|\n|t:|1701182673\n|move|p1b: Shiftry|Leaf Blade|p2a: Robin Hood\n|-resisted|p2a: Robin Hood\n|-damage|p2a: Robin Hood|0 fnt\n|faint|p2a: Robin Hood\n|move|p1a: Whimsicott|Moonblast|p2b: G.O.D\n|-damage|p2b: G.O.D|64\/100\n|move|p2b: G.O.D|Lunge|p1b: Shiftry\n|-supereffective|p1b: Shiftry\n|-damage|p1b: Shiftry|0 fnt\n|faint|p1b: Shiftry\n|\n|-heal|p1a: Whimsicott|59\/100|[from] item: Leftovers\n|-damage|p2b: G.O.D|52\/100|[from] Leech Seed|[of] p1a: Whimsicott\n|-heal|p1a: Whimsicott|71\/100|[silent]\n|upkeep\n|\n|t:|1701182691\n|switch|p1b: Meowscarada|Meowscarada, F|100\/100\n|switch|p2a: Vodoo|Banette, M|100\/100\n|turn|4\n|\n|t:|1701182711\n|detailschange|p2a: Vodoo|Banette-Mega, M\n|-mega|p2a: Vodoo|Banette|Banettite\n|move|p1a: Whimsicott|Leech Seed|p2a: Vodoo\n|-start|p2a: Vodoo|move: Leech Seed\n|move|p1b: Meowscarada|Play Rough|p2b: G.O.D\n|-start|p1b: Meowscarada|typechange|Fairy|[from] ability: Protean\n|-damage|p2b: G.O.D|7\/100\n|move|p2a: Vodoo|Pounce|p1b: Meowscarada\n|-resisted|p1b: Meowscarada\n|-damage|p1b: Meowscarada|82\/100\n|-unboost|p1b: Meowscarada|spe|1\n|move|p2b: G.O.D|Lunge|p1a: Whimsicott\n|-damage|p1a: Whimsicott|49\/100\n|-unboost|p1a: Whimsicott|atk|1\n|\n|-heal|p1a: Whimsicott|55\/100|[from] item: Leftovers\n|-damage|p2a: Vodoo|88\/100|[from] Leech Seed|[of] p1a: Whimsicott\n|-heal|p1a: Whimsicott|65\/100|[silent]\n|-damage|p2b: G.O.D|0 fnt|[from] Leech Seed|[of] p1a: Whimsicott\n|-heal|p1a: Whimsicott|71\/100|[silent]\n|faint|p2b: G.O.D\n|-sideend|p2: gehrke.16|move: Tailwind\n|-sideend|p1: TexanFarmersMarket|move: Tailwind\n|upkeep\n|\n|t:|1701182728\n|switch|p2b: Mr.0|Skeledirge, M, shiny|100\/100\n|turn|5\n|\n|t:|1701182738\n|move|p1a: Whimsicott|Tailwind|p1a: Whimsicott\n|-sidestart|p1: TexanFarmersMarket|move: Tailwind\n|move|p1b: Meowscarada|Knock Off|p2b: Mr.0\n|-supereffective|p2b: Mr.0\n|-damage|p2b: Mr.0|49\/100\n|-enditem|p2b: Mr.0|Heavy-Duty Boots|[from] move: Knock Off|[of] p1b: Meowscarada\n|move|p2a: Vodoo|Poltergeist|p1b: Meowscarada|[miss]\n|-miss|p2a: Vodoo|p1b: Meowscarada\n|move|p2b: Mr.0|Torch Song|p1a: Whimsicott\n|-supereffective|p1a: Whimsicott\n|-damage|p1a: Whimsicott|0 fnt\n|-boost|p2b: Mr.0|spa|1\n|faint|p1a: Whimsicott\n|\n|upkeep\n|\n|t:|1701182754\n|switch|p1a: Decidueye|Decidueye, F|100\/100\n|turn|6\n|\n|t:|1701182780\n|move|p2b: Mr.0|Helping Hand|p2a: Vodoo\n|-singleturn|p2a: Vodoo|Helping Hand|[of] p2b: Mr.0\n|move|p2a: Vodoo|Sucker Punch|p1a: Decidueye\n|-supereffective|p1a: Decidueye\n|-damage|p1a: Decidueye|0 fnt\n|faint|p1a: Decidueye\n|move|p1b: Meowscarada|Knock Off|p2b: Mr.0\n|-supereffective|p2b: Mr.0\n|-damage|p2b: Mr.0|18\/100\n|\n|upkeep\n|\n|t:|1701182790\n|switch|p1a: Flapple|Flapple, F|100\/100\n|turn|7\n|\n|t:|1701182798\n|move|p1a: Flapple|Sucker Punch|p2a: Vodoo\n|-supereffective|p2a: Vodoo\n|-damage|p2a: Vodoo|2\/100\n|move|p1b: Meowscarada|Knock Off|p2b: Mr.0\n|-supereffective|p2b: Mr.0\n|-damage|p2b: Mr.0|0 fnt\n|faint|p2b: Mr.0\n|move|p2a: Vodoo|Poltergeist|p1b: Meowscarada\n|-activate|p1b: Meowscarada|move: Poltergeist|Assault Vest\n|-damage|p1b: Meowscarada|0 fnt\n|faint|p1b: Meowscarada\n|\n|-damage|p2a: Vodoo|0 fnt|[from] Leech Seed|[of] p1a: Flapple\n|faint|p2a: Vodoo\n|upkeep\n|\n|t:|1701182808\n|switch|p1b: Jumpluff|Jumpluff, F|100\/100\n|switch|p2b: Machado|Haxorus, M, shiny|100\/100\n|-ability|p2b: Machado|Mold Breaker\n|turn|8\n|\n|t:|1701182812\n|move|p1b: Jumpluff|Fairy Wind|p1a: Flapple\n|-supereffective|p1a: Flapple\n|-damage|p1a: Flapple|71\/100\n|-enditem|p1a: Flapple|Weakness Policy\n|-boost|p1a: Flapple|atk|2|[from] item: Weakness Policy\n|-boost|p1a: Flapple|spa|2|[from] item: Weakness Policy\n|move|p1a: Flapple|Outrage|p2b: Machado\n|-supereffective|p2b: Machado\n|-damage|p2b: Machado|0 fnt\n|faint|p2b: Machado\n|\n|win|TexanFarmersMarket\n|raw|TexanFarmersMarket's rating: 1185 &rarr; <strong>1207<\/strong><br \/>(+22 for winning)\n|raw|gehrke.16's rating: 1143 &rarr; <strong>1121<\/strong><br \/>(-22 for losing)\n|c|\u2606gehrke.16|gg\n|l|\u2606gehrke.16\n|c|\u2606TexanFarmersMarket|ggwp\n","uploadtime":1701182841,"views":7,"p1id":"texanfarmersmarket","p2id":"gehrke16","formatid":"gen9nationaldexdoubles","rating":1121,"private":0,"password":""}