{"id":"gen9nationaldexdoubles-1983266562","p1":"Tournesun","p2":"MirzaMirza","format":"[Gen 9] National Dex Doubles","log":"|j|\u2606Tournesun\n|j|\u2606MirzaMirza\n|t:|1699112202\n|gametype|doubles\n|player|p1|Tournesun|workerice|1263\n|player|p2|MirzaMirza|saturn|1525\n|teamsize|p1|6\n|teamsize|p2|6\n|gen|9\n|tier|[Gen 9] National Dex Doubles\n|rated|\n|rule|HP Percentage Mod: HP is shown in percentages\n|rule|Endless Battle Clause: Forcing endless battles is banned\n|rule|OHKO Clause: OHKO moves are banned\n|rule|Evasion Moves Clause: Evasion moves are banned\n|rule|Evasion Abilities Clause: Evasion abilities are banned\n|rule|Species Clause: Limit one of each Pok\u00e9mon\n|rule|Gravity Sleep Clause: The combination of sleep-inducing moves with imperfect accuracy and Gravity or Gigantamax Orbeetle are banned\n|clearpoke\n|poke|p1|Enamorus, F|\n|poke|p1|Flamigo, F|\n|poke|p1|Oricorio-Pom-Pom, M|\n|poke|p1|Incineroar, M|\n|poke|p1|Quaquaval, M|\n|poke|p1|Victini|\n|poke|p2|Incineroar, M|\n|poke|p2|Gastrodon-East, M|\n|poke|p2|Rillaboom, M|\n|poke|p2|Zygarde|\n|poke|p2|Amoonguss, M|\n|poke|p2|Chien-Pao|\n|teampreview\n|inactive|Battle timer is ON: inactive players will automatically lose when time's up. (requested by MirzaMirza)\n|\n|t:|1699112218\n|start\n|switch|p1a: Enamorus|Enamorus, F|100\/100\n|switch|p1b: Incineroar|Incineroar, M|100\/100\n|switch|p2a: Chien-Pao|Chien-Pao|100\/100\n|switch|p2b: Incineroar|Incineroar, M, shiny|100\/100\n|-ability|p2a: Chien-Pao|Sword of Ruin\n|-ability|p2b: Incineroar|Intimidate|boost\n|-boost|p1a: Enamorus|atk|1\n|-unboost|p1b: Incineroar|atk|1\n|-ability|p1b: Incineroar|Intimidate|boost\n|-unboost|p2a: Chien-Pao|atk|1\n|-unboost|p2b: Incineroar|atk|1\n|turn|1\n|inactive|MirzaMirza has 120 seconds left.\n|\n|t:|1699112271\n|switch|p2a: Amoonguss|Amoonguss, M|100\/100\n|move|p1b: Incineroar|Fake Out|p2a: Amoonguss\n|-damage|p2a: Amoonguss|94\/100\n|move|p1a: Enamorus|Superpower|p2a: Amoonguss\n|-resisted|p2a: Amoonguss\n|-damage|p2a: Amoonguss|71\/100\n|-boost|p1a: Enamorus|atk|1\n|-boost|p1a: Enamorus|def|1\n|move|p2b: Incineroar|Knock Off|p1a: Enamorus\n|-resisted|p1a: Enamorus\n|-damage|p1a: Enamorus|83\/100\n|-enditem|p1a: Enamorus|Assault Vest|[from] move: Knock Off|[of] p2b: Incineroar\n|\n|-heal|p2a: Amoonguss|77\/100|[from] item: Leftovers\n|upkeep\n|turn|2\n|inactive|MirzaMirza has 120 seconds left.\n|\n|t:|1699112299\n|switch|p2b: Gastrodon|Gastrodon-East, M, shiny|100\/100\n|move|p1a: Enamorus|Superpower|p2b: Gastrodon\n|-damage|p2b: Gastrodon|29\/100\n|-boost|p1a: Enamorus|atk|1\n|-boost|p1a: Enamorus|def|1\n|move|p1b: Incineroar|Parting Shot|p1a: Enamorus\n|-boost|p1a: Enamorus|atk|1\n|-boost|p1a: Enamorus|spa|1\n|\n|t:|1699112310\n|switch|p1b: Victini|Victini|100\/100|[from] Parting Shot\n|move|p2a: Amoonguss|Spore|p1a: Enamorus\n|-status|p1a: Enamorus|slp|[from] move: Spore\n|\n|-heal|p2b: Gastrodon|35\/100|[from] item: Leftovers\n|-heal|p2a: Amoonguss|83\/100|[from] item: Leftovers\n|upkeep\n|turn|3\n|inactive|MirzaMirza has 120 seconds left.\n|\n|t:|1699112322\n|switch|p2b: Incineroar|Incineroar, M, shiny|100\/100\n|-ability|p2b: Incineroar|Intimidate|boost\n|-boost|p1a: Enamorus|atk|1\n|-unboost|p1b: Victini|atk|1\n|cant|p1a: Enamorus|slp\n|move|p1b: Victini|Role Play|p1a: Enamorus\n|-endability|p1b: Victini|Victory Star|[from] move: Role Play\n|-ability|p1b: Victini|Contrary|[from] move: Role Play|[of] p1a: Enamorus\n|move|p2a: Amoonguss|Clear Smog|p1a: Enamorus\n|-supereffective|p1a: Enamorus\n|-damage|p1a: Enamorus|36\/100 slp\n|-clearboost|p1a: Enamorus\n|\n|-heal|p2a: Amoonguss|89\/100|[from] item: Leftovers\n|upkeep\n|turn|4\n|\n|t:|1699112340\n|move|p2b: Incineroar|Fake Out|p1b: Victini\n|-damage|p1b: Victini|87\/100\n|cant|p1a: Enamorus|slp\n|cant|p1b: Victini|flinch\n|move|p2a: Amoonguss|Spore|p1b: Victini\n|-status|p1b: Victini|slp|[from] move: Spore\n|\n|-heal|p2a: Amoonguss|96\/100|[from] item: Leftovers\n|upkeep\n|turn|5\n|\n|t:|1699112356\n|move|p2a: Amoonguss|Rage Powder|p2a: Amoonguss\n|-singleturn|p2a: Amoonguss|move: Rage Powder\n|-curestatus|p1a: Enamorus|slp|[msg]\n|move|p1a: Enamorus|Superpower|p2a: Amoonguss\n|-resisted|p2a: Amoonguss\n|-damage|p2a: Amoonguss|81\/100\n|-boost|p1a: Enamorus|atk|1\n|-boost|p1a: Enamorus|def|1\n|cant|p1b: Victini|slp\n|move|p2b: Incineroar|Knock Off|p1b: Victini\n|-supereffective|p1b: Victini\n|-damage|p1b: Victini|0 fnt\n|-enditem|p1b: Victini|Heavy-Duty Boots|[from] move: Knock Off|[of] p2b: Incineroar\n|faint|p1b: Victini\n|\n|-heal|p2a: Amoonguss|87\/100|[from] item: Leftovers\n|upkeep\n|\n|t:|1699112372\n|switch|p1b: Incineroar|Incineroar, M|100\/100\n|-ability|p1b: Incineroar|Intimidate|boost\n|-unboost|p2a: Amoonguss|atk|1\n|-unboost|p2b: Incineroar|atk|1\n|turn|6\n|\n|t:|1699112395\n|switch|p2a: Gastrodon|Gastrodon-East, M, shiny|35\/100\n|-terastallize|p2b: Incineroar|Flying\n|move|p1b: Incineroar|Fake Out|p2a: Gastrodon\n|-damage|p2a: Gastrodon|24\/100\n|move|p1a: Enamorus|Iron Head|p2a: Gastrodon\n|-resisted|p2a: Gastrodon\n|-damage|p2a: Gastrodon|6\/100\n|move|p2b: Incineroar|Flare Blitz|p1a: Enamorus\n|-damage|p1a: Enamorus|0 fnt\n|faint|p1a: Enamorus\n|-damage|p2b: Incineroar|92\/100|[from] Recoil\n|\n|-heal|p2a: Gastrodon|12\/100|[from] item: Leftovers\n|upkeep\n|inactive|Tournesun has 120 seconds left.\n|\n|t:|1699112415\n|switch|p1a: Oricorio|Oricorio-Pom-Pom, M|100\/100\n|turn|7\n|\n|t:|1699112424\n|switch|p2b: Zygarde|Zygarde, shiny|100\/100\n|-ability|p2b: Zygarde|Aura Break\n|move|p2a: Gastrodon|Protect|p2a: Gastrodon\n|-singleturn|p2a: Gastrodon|Protect\n|move|p1a: Oricorio|Quiver Dance|p1a: Oricorio\n|-boost|p1a: Oricorio|spa|1\n|-boost|p1a: Oricorio|spd|1\n|-boost|p1a: Oricorio|spe|1\n|move|p1b: Incineroar|Knock Off|p2a: Gastrodon\n|-activate|p2a: Gastrodon|move: Protect\n|\n|-heal|p2a: Gastrodon|18\/100|[from] item: Leftovers\n|upkeep\n|turn|8\n|inactive|Tournesun has 120 seconds left.\n|\n|t:|1699112454\n|switch|p2a: Incineroar|Incineroar, M, shiny, tera:Flying|92\/100\n|-ability|p2a: Incineroar|Intimidate|boost\n|-unboost|p1a: Oricorio|atk|1\n|-unboost|p1b: Incineroar|atk|1\n|move|p1a: Oricorio|Quiver Dance|p1a: Oricorio\n|-boost|p1a: Oricorio|spa|1\n|-boost|p1a: Oricorio|spd|1\n|-boost|p1a: Oricorio|spe|1\n|move|p2b: Zygarde|Dragon Dance|p2b: Zygarde\n|-boost|p2b: Zygarde|atk|1\n|-boost|p2b: Zygarde|spe|1\n|-activate|p1a: Oricorio|ability: Dancer\n|move|p1a: Oricorio|Dragon Dance|p1a: Oricorio|[from]ability: Dancer\n|-boost|p1a: Oricorio|atk|1\n|-boost|p1a: Oricorio|spe|1\n|move|p1b: Incineroar|Knock Off|p2a: Incineroar\n|-damage|p2a: Incineroar|64\/100\n|-enditem|p2a: Incineroar|Mago Berry|[from] move: Knock Off|[of] p1b: Incineroar\n|\n|upkeep\n|turn|9\n|\n|t:|1699112476\n|switch|p1b: Flamigo|Flamigo, F|100\/100\n|-copyboost|p1b: Flamigo|p1a: Oricorio|[from] ability: Costar\n|move|p2a: Incineroar|Fake Out|p1b: Flamigo\n|-damage|p1b: Flamigo|79\/100\n|move|p1a: Oricorio|Revelation Dance|p2a: Incineroar\n|-supereffective|p2a: Incineroar\n|-damage|p2a: Incineroar|0 fnt\n|faint|p2a: Incineroar\n|move|p2b: Zygarde|Dragon Dance|p2b: Zygarde\n|-boost|p2b: Zygarde|atk|1\n|-boost|p2b: Zygarde|spe|1\n|-activate|p1a: Oricorio|ability: Dancer\n|move|p1a: Oricorio|Dragon Dance|p1a: Oricorio|[from]ability: Dancer\n|-boost|p1a: Oricorio|atk|1\n|-boost|p1a: Oricorio|spe|1\n|\n|upkeep\n|\n|t:|1699112494\n|switch|p2a: Rillaboom|Rillaboom, M|100\/100\n|-fieldstart|move: Grassy Terrain|[from] ability: Grassy Surge|[of] p2a: Rillaboom\n|turn|10\n|\n|t:|1699112504\n|move|p2a: Rillaboom|Fake Out|p1b: Flamigo\n|-damage|p1b: Flamigo|59\/100\n|move|p1a: Oricorio|Air Cutter|p2b: Zygarde|[spread] p2a,p2b\n|-supereffective|p2a: Rillaboom\n|-crit|p2a: Rillaboom\n|-damage|p2a: Rillaboom|0 fnt\n|-damage|p2b: Zygarde|72\/100\n|faint|p2a: Rillaboom\n|cant|p1b: Flamigo|flinch\n|move|p2b: Zygarde|Thousand Arrows|p1b: Flamigo|[spread] p1a,p1b\n|-crit|p1b: Flamigo\n|-damage|p1a: Oricorio|22\/100\n|-damage|p1b: Flamigo|0 fnt\n|-start|p1a: Oricorio|Smack Down\n|faint|p1b: Flamigo\n|\n|-heal|p1a: Oricorio|28\/100|[from] Grassy Terrain\n|-heal|p2b: Zygarde|78\/100|[from] Grassy Terrain\n|upkeep\n|\n|t:|1699112521\n|switch|p1b: Incineroar|Incineroar, M|100\/100\n|switch|p2a: Gastrodon|Gastrodon-East, M, shiny|18\/100\n|-ability|p1b: Incineroar|Intimidate|boost\n|-unboost|p2a: Gastrodon|atk|1\n|-fail|p2b: Zygarde|unboost|[from] item: Clear Amulet|[of] p2b: Zygarde\n|turn|11\n|\n|t:|1699112542\n|move|p2b: Zygarde|Protect|p2b: Zygarde\n|-singleturn|p2b: Zygarde|Protect\n|move|p2a: Gastrodon|Protect|p2a: Gastrodon\n|-singleturn|p2a: Gastrodon|Protect\n|move|p1a: Oricorio|Air Cutter|p2b: Zygarde|[spread] \n|-activate|p2a: Gastrodon|move: Protect\n|-activate|p2b: Zygarde|move: Protect\n|move|p1b: Incineroar|Knock Off|p2b: Zygarde\n|-activate|p2b: Zygarde|move: Protect\n|\n|-heal|p1a: Oricorio|35\/100|[from] Grassy Terrain\n|-heal|p2b: Zygarde|84\/100|[from] Grassy Terrain\n|-heal|p2a: Gastrodon|24\/100|[from] Grassy Terrain\n|-heal|p2a: Gastrodon|30\/100|[from] item: Leftovers\n|upkeep\n|turn|12\n|\n|t:|1699112559\n|switch|p2a: Amoonguss|Amoonguss, M|100\/100\n|move|p2b: Zygarde|Extreme Speed|p1a: Oricorio\n|-damage|p1a: Oricorio|0 fnt\n|faint|p1a: Oricorio\n|move|p1b: Incineroar|Knock Off|p2a: Amoonguss\n|-damage|p2a: Amoonguss|67\/100\n|-enditem|p2a: Amoonguss|Leftovers|[from] move: Knock Off|[of] p1b: Incineroar\n|\n|-heal|p2b: Zygarde|90\/100|[from] Grassy Terrain\n|-heal|p2a: Amoonguss|73\/100|[from] Grassy Terrain\n|upkeep\n|\n|t:|1699112570\n|switch|p1a: Quaquaval|Quaquaval, M|100\/100\n|turn|13\n|\n|t:|1699112596\n|switch|p2a: Gastrodon|Gastrodon-East, M, shiny|30\/100\n|move|p2b: Zygarde|Thousand Arrows|p1b: Incineroar|[spread] p1a,p1b\n|-supereffective|p1b: Incineroar\n|-damage|p1a: Quaquaval|33\/100\n|-damage|p1b: Incineroar|2\/100\n|-enditem|p1b: Incineroar|Sitrus Berry|[eat]\n|-heal|p1b: Incineroar|26\/100|[from] item: Sitrus Berry\n|move|p1a: Quaquaval|Aqua Step|p2a: Gastrodon\n|-ability|p2a: Gastrodon|Storm Drain|boost\n|-boost|p2a: Gastrodon|spa|1\n|move|p1b: Incineroar|Flare Blitz|p2a: Gastrodon\n|-resisted|p2a: Gastrodon\n|-damage|p2a: Gastrodon|8\/100\n|-damage|p1b: Incineroar|19\/100|[from] Recoil\n|\n|-heal|p2b: Zygarde|97\/100|[from] Grassy Terrain\n|-heal|p1a: Quaquaval|39\/100|[from] Grassy Terrain\n|-heal|p1a: Quaquaval|45\/100|[from] item: Leftovers\n|-heal|p1b: Incineroar|25\/100|[from] Grassy Terrain\n|-heal|p2a: Gastrodon|14\/100|[from] Grassy Terrain\n|-heal|p2a: Gastrodon|20\/100|[from] item: Leftovers\n|upkeep\n|turn|14\n|-message|Tournesun forfeited.\n|\n|win|MirzaMirza\n|raw|Tournesun's rating: 1263 &rarr; <strong>1254<\/strong><br \/>(-9 for losing)\n|raw|MirzaMirza's rating: 1525 &rarr; <strong>1532<\/strong><br \/>(+7 for winning)\n|l|\u2606Tournesun\n","uploadtime":1699112620,"views":6,"p1id":"tournesun","p2id":"mirzamirza","formatid":"gen9nationaldexdoubles","rating":1254,"private":0,"password":""}