{"id":"gen9nationaldexdoubles-1962329335","p1":"impastabot4000","p2":"kitsu-aria","format":"[Gen 9] National Dex Doubles","log":"|j|\u2606impastabot4000\n|j|\u2606kitsu-aria\n|t:|1696731919\n|gametype|doubles\n|player|p1|impastabot4000|nate|1365\n|player|p2|kitsu-aria|rocketgruntf|1475\n|teamsize|p1|6\n|teamsize|p2|6\n|gen|9\n|tier|[Gen 9] National Dex Doubles\n|rated|\n|rule|HP Percentage Mod: HP is shown in percentages\n|rule|Endless Battle Clause: Forcing endless battles is banned\n|rule|OHKO Clause: OHKO moves are banned\n|rule|Evasion Moves Clause: Evasion moves are banned\n|rule|Evasion Abilities Clause: Evasion abilities are banned\n|rule|Species Clause: Limit one of each Pok\u00e9mon\n|rule|Gravity Sleep Clause: The combination of sleep-inducing moves with imperfect accuracy and Gravity or Gigantamax Orbeetle are banned\n|clearpoke\n|poke|p1|Salamence, F|\n|poke|p1|Flutter Mane|\n|poke|p1|Rillaboom, M|\n|poke|p1|Ogerpon-Wellspring, F|\n|poke|p1|Ursaluna-Bloodmoon, M|\n|poke|p1|Cresselia, F|\n|poke|p2|Deoxys-Attack|\n|poke|p2|Indeedee-F, F|\n|poke|p2|Metagross|\n|poke|p2|Zamazenta-*|\n|poke|p2|Chi-Yu|\n|poke|p2|Glimmora, F|\n|teampreview\n|inactive|Battle timer is ON: inactive players will automatically lose when time's up. (requested by impastabot4000)\n|c|\u2606impastabot4000|oh hello\n|j| wkx3333\n|l| wkx3333\n|inactive|impastabot4000 has 120 seconds left.\n|inactive|impastabot4000 has 90 seconds left.\n|\n|t:|1696732005\n|start\n|switch|p1a: Cresselia|Cresselia, F|100\/100\n|switch|p1b: Flutter Mane|Flutter Mane|100\/100\n|switch|p2a: Glimmora|Glimmora, F|100\/100\n|switch|p2b: Metagross|Metagross|100\/100\n|turn|1\n|\n|t:|1696732030\n|move|p1a: Cresselia|Ally Switch|p1a: Cresselia\n|swap|p1a: Cresselia|1|[from] move: Ally Switch\n|move|p2b: Metagross|Bullet Punch|p1b: Cresselia\n|-damage|p1b: Cresselia|89\/100\n|move|p1a: Flutter Mane|Shadow Ball|p2b: Metagross\n|-supereffective|p2b: Metagross\n|-damage|p2b: Metagross|0 fnt\n|faint|p2b: Metagross\n|move|p2a: Glimmora|Sludge Bomb|p1a: Flutter Mane\n|-damage|p1a: Flutter Mane|52\/100\n|-status|p1a: Flutter Mane|psn\n|\n|-damage|p1a: Flutter Mane|40\/100 psn|[from] psn\n|upkeep\n|\n|t:|1696732038\n|switch|p2b: Chi-Yu|Chi-Yu|100\/100\n|-ability|p2b: Chi-Yu|Beads of Ruin\n|turn|2\n|inactive|impastabot4000 has 120 seconds left.\n|\n|t:|1696732070\n|move|p2b: Chi-Yu|Heat Wave|p1b: Cresselia|[spread] p1a,p1b\n|-damage|p1a: Flutter Mane|0 fnt\n|-damage|p1b: Cresselia|55\/100\n|faint|p1a: Flutter Mane\n|-end|p1a: Flutter Mane|Protosynthesis|[silent]\n|move|p2a: Glimmora|Power Gem|p1b: Cresselia\n|-damage|p1b: Cresselia|21\/100\n|move|p1b: Cresselia|Trick Room|p1b: Cresselia\n|-fieldstart|move: Trick Room|[of] p1b: Cresselia\n|\n|upkeep\n|inactive|impastabot4000 has 120 seconds left.\n|\n|t:|1696732080\n|switch|p1a: Ursaluna|Ursaluna-Bloodmoon, M|100\/100\n|turn|3\n|\n|t:|1696732088\n|-terastallize|p2a: Glimmora|Grass\n|move|p1a: Ursaluna|Calm Mind|p1a: Ursaluna\n|-boost|p1a: Ursaluna|spa|1\n|-boost|p1a: Ursaluna|spd|1\n|move|p1b: Cresselia|Lunar Blessing|p1b: Cresselia|[spread] p1a,p1b\n|-heal|p1b: Cresselia|46\/100\n|move|p2a: Glimmora|Energy Ball|p1a: Ursaluna\n|-supereffective|p1a: Ursaluna\n|-damage|p1a: Ursaluna|0 fnt\n|faint|p1a: Ursaluna\n|move|p2b: Chi-Yu|Heat Wave|p1b: Cresselia\n|-damage|p1b: Cresselia|4\/100\n|\n|upkeep\n|\n|t:|1696732102\n|switch|p1a: Rillaboom|Rillaboom, M|100\/100\n|-fieldstart|move: Grassy Terrain|[from] ability: Grassy Surge|[of] p1a: Rillaboom\n|turn|4\n|\n|t:|1696732120\n|-terastallize|p1a: Rillaboom|Fire\n|move|p1b: Cresselia|Lunar Blessing|p1b: Cresselia|[spread] p1a,p1b\n|-heal|p1b: Cresselia|29\/100\n|move|p1a: Rillaboom|Wood Hammer|p2b: Chi-Yu\n|-resisted|p2b: Chi-Yu\n|-damage|p2b: Chi-Yu|32\/100\n|-damage|p1a: Rillaboom|86\/100|[from] Recoil\n|move|p2a: Glimmora|Sludge Bomb|p1a: Rillaboom\n|-damage|p1a: Rillaboom|48\/100\n|move|p2b: Chi-Yu|Heat Wave|p1a: Rillaboom|[spread] p1a,p1b\n|-resisted|p1a: Rillaboom\n|-damage|p1a: Rillaboom|31\/100\n|-damage|p1b: Cresselia|0 fnt\n|faint|p1b: Cresselia\n|\n|-heal|p1a: Rillaboom|37\/100|[from] Grassy Terrain\n|-heal|p2b: Chi-Yu|38\/100|[from] Grassy Terrain\n|upkeep\n|inactive|impastabot4000 has 120 seconds left.\n|\n|t:|1696732140\n|switch|p1b: Salamence|Salamence, F|100\/100\n|-ability|p1b: Salamence|Intimidate|boost\n|-unboost|p2a: Glimmora|atk|1\n|-unboost|p2b: Chi-Yu|atk|1\n|turn|5\n|j| wkx3333\n|\n|t:|1696732164\n|move|p1b: Salamence|Protect|p1b: Salamence\n|-singleturn|p1b: Salamence|Protect\n|move|p1a: Rillaboom|Grassy Glide|p2b: Chi-Yu\n|-resisted|p2b: Chi-Yu\n|-damage|p2b: Chi-Yu|8\/100\n|move|p2a: Glimmora|Power Gem|p1b: Salamence\n|-activate|p1b: Salamence|move: Protect\n|move|p2b: Chi-Yu|Heat Wave|p1b: Salamence|[spread] p1a\n|-activate|p1b: Salamence|move: Protect\n|-resisted|p1a: Rillaboom\n|-damage|p1a: Rillaboom|17\/100\n|\n|-heal|p1a: Rillaboom|23\/100|[from] Grassy Terrain\n|-heal|p2b: Chi-Yu|14\/100|[from] Grassy Terrain\n|upkeep\n|turn|6\n|\n|t:|1696732181\n|detailschange|p1b: Salamence|Salamence-Mega, F\n|-mega|p1b: Salamence|Salamence|Salamencite\n|move|p1a: Rillaboom|Grassy Glide|p2b: Chi-Yu\n|-resisted|p2b: Chi-Yu\n|-damage|p2b: Chi-Yu|0 fnt\n|faint|p2b: Chi-Yu\n|move|p2a: Glimmora|Power Gem|p1b: Salamence\n|-supereffective|p1b: Salamence\n|-damage|p1b: Salamence|13\/100\n|move|p1b: Salamence|Tailwind|p1b: Salamence\n|-sidestart|p1: impastabot4000|move: Tailwind\n|\n|-heal|p1a: Rillaboom|29\/100|[from] Grassy Terrain\n|-fieldend|move: Trick Room\n|upkeep\n|\n|t:|1696732188\n|switch|p2b: Indeedee|Indeedee-F, F|100\/100\n|-fieldstart|move: Psychic Terrain|[from] ability: Psychic Surge|[of] p2b: Indeedee\n|turn|7\n|\n|t:|1696732201\n|switch|p1a: Ogerpon|Ogerpon-Wellspring, F|100\/100\n|move|p1b: Salamence|Protect|p1b: Salamence\n|-singleturn|p1b: Salamence|Protect\n|move|p2a: Glimmora|Power Gem|p1b: Salamence\n|-activate|p1b: Salamence|move: Protect\n|move|p2b: Indeedee|Expanding Force|p1b: Salamence|[spread] p1a\n|-activate|p1b: Salamence|move: Protect\n|-damage|p1a: Ogerpon|44\/100\n|\n|upkeep\n|turn|8\n|\n|t:|1696732229\n|move|p1b: Salamence|Double-Edge|p2a: Glimmora\n|-supereffective|p2a: Glimmora\n|-crit|p2a: Glimmora\n|-damage|p2a: Glimmora|0 fnt\n|-activate|p2a: Glimmora|ability: Toxic Debris\n|-sidestart|p1: impastabot4000|move: Toxic Spikes\n|faint|p2a: Glimmora\n|-damage|p1b: Salamence|0 fnt|[from] Recoil\n|faint|p1b: Salamence\n|move|p1a: Ogerpon|Ivy Cudgel|p2b: Indeedee\n|-damage|p2b: Indeedee|8\/100\n|move|p2b: Indeedee|Expanding Force|p1a: Ogerpon\n|-damage|p1a: Ogerpon|0 fnt\n|faint|p1a: Ogerpon\n|\n|upkeep\n|l| wkx3333\n|\n|t:|1696732245\n|switch|p1a: Rillaboom|Rillaboom, M, tera:Fire|29\/100\n|switch|p2a: Deoxys|Deoxys-Attack|100\/100\n|-ability|p2a: Deoxys|Pressure\n|-status|p1a: Rillaboom|psn\n|-fieldstart|move: Grassy Terrain|[from] ability: Grassy Surge|[of] p1a: Rillaboom\n|turn|9\n|c|\u2606impastabot4000|gg\n|-message|impastabot4000 forfeited.\n|\n|win|kitsu-aria\n|raw|impastabot4000's rating: 1365 &rarr; <strong>1352<\/strong><br \/>(-13 for losing)\n|raw|kitsu-aria's rating: 1489 &rarr; <strong>1502<\/strong><br \/>(+13 for winning)\n|c|\u2606kitsu-aria|Gg\n","uploadtime":1696732257,"views":12,"p1id":"impastabot4000","p2id":"kitsuaria","formatid":"gen9nationaldexdoubles","rating":1352,"private":0,"password":""}