{"id":"gen9nationaldexdoubles-1948944604","p1":"talalcht","p2":"Senon32","format":"[Gen 9] National Dex Doubles","log":"|j|\u2606talalcht\n|j|\u2606Senon32\n|t:|1695314357\n|gametype|doubles\n|player|p1|talalcht|palmer|\n|player|p2|Senon32|roxie|\n|teamsize|p1|6\n|teamsize|p2|6\n|gen|9\n|tier|[Gen 9] National Dex Doubles\n|rule|HP Percentage Mod: HP is shown in percentages\n|rule|Endless Battle Clause: Forcing endless battles is banned\n|rule|OHKO Clause: OHKO moves are banned\n|rule|Evasion Moves Clause: Evasion moves are banned\n|rule|Evasion Abilities Clause: Evasion abilities are banned\n|rule|Species Clause: Limit one of each Pok\u00e9mon\n|rule|Gravity Sleep Clause: The combination of sleep-inducing moves with imperfect accuracy and Gravity or Gigantamax Orbeetle are banned\n|clearpoke\n|poke|p1|Amoonguss, M|\n|poke|p1|Crobat, F|\n|poke|p1|Beedrill, F|\n|poke|p1|Glimmora, M|\n|poke|p1|Salazzle, F|\n|poke|p1|Nidoking, M|\n|poke|p2|Pelipper, M|\n|poke|p2|Toxapex, F|\n|poke|p2|Swampert, M|\n|poke|p2|Milotic, F|\n|poke|p2|Ludicolo, M|\n|poke|p2|Politoed, M|\n|teampreview\n|\n|t:|1695314370\n|start\n|switch|p1a: Sus|Amoonguss, M|100\/100\n|switch|p1b: Desmodus drakul|Crobat, F|100\/100\n|switch|p2a: Papalucho|Pelipper, M|100\/100\n|switch|p2b: Senon|Toxapex, F, shiny|100\/100\n|turn|1\n|\n|t:|1695314408\n|move|p1b: Desmodus drakul|Brave Bird|p2a: Papalucho\n|-damage|p2a: Papalucho|53\/100\n|-damage|p1b: Desmodus drakul|89\/100|[from] Recoil\n|move|p2a: Papalucho|Tailwind|p2a: Papalucho\n|-sidestart|p2: Senon32|move: Tailwind\n|move|p2b: Senon|Toxic Spikes|p1a: Sus\n|-sidestart|p1: talalcht|move: Toxic Spikes\n|move|p1a: Sus|Spore|p2a: Papalucho\n|-status|p2a: Papalucho|slp|[from] move: Spore\n|\n|upkeep\n|turn|2\n|\n|t:|1695314434\n|cant|p2a: Papalucho|slp\n|move|p1b: Desmodus drakul|Brave Bird|p2a: Papalucho\n|-damage|p2a: Papalucho|2\/100 slp\n|-damage|p1b: Desmodus drakul|76\/100|[from] Recoil\n|move|p2b: Senon|Lunge|p1a: Sus\n|-damage|p1a: Sus|85\/100\n|-unboost|p1a: Sus|atk|1\n|move|p1a: Sus|Spore|p2b: Senon\n|-status|p2b: Senon|slp|[from] move: Spore\n|\n|-heal|p1a: Sus|92\/100|[from] item: Leftovers\n|upkeep\n|turn|3\n|\n|t:|1695314462\n|cant|p2a: Papalucho|slp\n|move|p1b: Desmodus drakul|Brave Bird|p2b: Senon\n|-damage|p2b: Senon|70\/100 slp\n|-damage|p1b: Desmodus drakul|70\/100|[from] Recoil\n|cant|p2b: Senon|slp\n|move|p1a: Sus|Giga Drain|p2a: Papalucho\n|-damage|p2a: Papalucho|0 fnt\n|-heal|p1a: Sus|92\/100|[from] drain|[of] p2a: Papalucho\n|faint|p2a: Papalucho\n|\n|-heal|p2b: Senon|76\/100 slp|[from] item: Leftovers\n|-heal|p1a: Sus|98\/100|[from] item: Leftovers\n|upkeep\n|\n|t:|1695314480\n|switch|p2a: Mariachi|Ludicolo, M|100\/100\n|turn|4\n|\n|t:|1695314490\n|move|p2a: Mariachi|Protect|p2a: Mariachi\n|-singleturn|p2a: Mariachi|Protect\n|move|p1b: Desmodus drakul|Brave Bird|p2a: Mariachi\n|-activate|p2a: Mariachi|move: Protect\n|-curestatus|p2b: Senon|slp|[msg]\n|move|p2b: Senon|Lunge|p1a: Sus\n|-crit|p1a: Sus\n|-damage|p1a: Sus|76\/100\n|-unboost|p1a: Sus|atk|1\n|move|p1a: Sus|Spore|p2a: Mariachi\n|-activate|p2a: Mariachi|move: Protect\n|\n|-heal|p2b: Senon|82\/100|[from] item: Leftovers\n|-heal|p1a: Sus|83\/100|[from] item: Leftovers\n|-sideend|p2: Senon32|move: Tailwind\n|upkeep\n|turn|5\n|\n|t:|1695314520\n|move|p2a: Mariachi|Protect||[still]\n|-fail|p2a: Mariachi\n|move|p2b: Senon|Baneful Bunker|p2b: Senon\n|-singleturn|p2b: Senon|move: Protect\n|move|p1b: Desmodus drakul|Defog|p2b: Senon\n|-activate|p2b: Senon|move: Protect\n|move|p1a: Sus|Spore|p2a: Mariachi\n|-immune|p2a: Mariachi\n|\n|-heal|p2b: Senon|88\/100|[from] item: Leftovers\n|-heal|p1a: Sus|89\/100|[from] item: Leftovers\n|upkeep\n|turn|6\n|c|\u2606talalcht|Fuck que miss click\n|\n|t:|1695314548\n|move|p1b: Desmodus drakul|Haze|p1b: Desmodus drakul\n|-clearallboost\n|move|p2a: Mariachi|Energy Ball|p1b: Desmodus drakul\n|-resisted|p1b: Desmodus drakul\n|-damage|p1b: Desmodus drakul|60\/100\n|move|p2b: Senon|Lunge|p1a: Sus\n|-damage|p1a: Sus|75\/100\n|-unboost|p1a: Sus|atk|1\n|move|p1a: Sus|Spore|p2b: Senon\n|-status|p2b: Senon|slp|[from] move: Spore\n|\n|-heal|p2b: Senon|94\/100 slp|[from] item: Leftovers\n|-heal|p1a: Sus|81\/100|[from] item: Leftovers\n|upkeep\n|turn|7\n|\n|t:|1695314574\n|move|p2a: Mariachi|Protect|p2a: Mariachi\n|-singleturn|p2a: Mariachi|Protect\n|move|p1b: Desmodus drakul|Defog|p2b: Senon\n|-unboost|p2b: Senon|evasion|1\n|-sideend|p1: talalcht|Toxic Spikes|[from] move: Defog|[of] p1b: Desmodus drakul\n|cant|p2b: Senon|slp\n|move|p1a: Sus|Sludge Bomb|p2a: Mariachi\n|-activate|p2a: Mariachi|move: Protect\n|\n|-heal|p2b: Senon|99\/100 slp|[from] item: Leftovers\n|-heal|p1a: Sus|87\/100|[from] item: Leftovers\n|upkeep\n|turn|8\n|\n|t:|1695314595\n|move|p1b: Desmodus drakul|Brave Bird|p2a: Mariachi\n|-supereffective|p2a: Mariachi\n|-damage|p2a: Mariachi|6\/100\n|-damage|p1b: Desmodus drakul|44\/100|[from] item: Rocky Helmet|[of] p2a: Mariachi\n|-damage|p1b: Desmodus drakul|19\/100|[from] Recoil\n|move|p2a: Mariachi|Leech Seed|p1b: Desmodus drakul\n|-start|p1b: Desmodus drakul|move: Leech Seed\n|-curestatus|p2b: Senon|slp|[msg]\n|move|p2b: Senon|Lunge|p1a: Sus\n|-damage|p1a: Sus|71\/100\n|-unboost|p1a: Sus|atk|1\n|move|p1a: Sus|Sludge Bomb|p2a: Mariachi\n|-supereffective|p2a: Mariachi\n|-damage|p2a: Mariachi|0 fnt\n|faint|p2a: Mariachi\n|\n|-heal|p2b: Senon|100\/100|[from] item: Leftovers\n|-heal|p1a: Sus|77\/100|[from] item: Leftovers\n|upkeep\n|\n|t:|1695314620\n|switch|p2a: Valentina|Milotic, F, shiny|100\/100\n|turn|9\n|\n|t:|1695314639\n|move|p2b: Senon|Baneful Bunker|p2b: Senon\n|-singleturn|p2b: Senon|move: Protect\n|move|p1b: Desmodus drakul|U-turn|p2a: Valentina\n|-damage|p2a: Valentina|84\/100\n|\n|t:|1695314654\n|switch|p1b: Aya|Salazzle, F|100\/100|[from] U-turn\n|move|p2a: Valentina|Light Screen|p2a: Valentina\n|-sidestart|p2: Senon32|move: Light Screen\n|move|p1a: Sus|Spore|p2a: Valentina\n|-status|p2a: Valentina|slp|[from] move: Spore\n|\n|-heal|p1a: Sus|84\/100|[from] item: Leftovers\n|upkeep\n|turn|10\n|\n|t:|1695314675\n|move|p1b: Aya|Encore|p2b: Senon\n|-start|p2b: Senon|Encore\n|cant|p2a: Valentina|slp\n|move|p2b: Senon|Baneful Bunker||[still]\n|-fail|p2b: Senon\n|move|p1a: Sus|Giga Drain|p2a: Valentina\n|-supereffective|p2a: Valentina\n|-damage|p2a: Valentina|48\/100 slp\n|-heal|p1a: Sus|98\/100|[from] drain|[of] p2a: Valentina\n|\n|-heal|p1a: Sus|100\/100|[from] item: Leftovers\n|upkeep\n|turn|11\n|\n|t:|1695314700\n|move|p2b: Senon|Baneful Bunker|p2b: Senon\n|-singleturn|p2b: Senon|move: Protect\n|move|p1b: Aya|Substitute|p1b: Aya\n|-start|p1b: Aya|Substitute\n|-damage|p1b: Aya|75\/100\n|cant|p2a: Valentina|slp\n|move|p1a: Sus|Giga Drain|p2a: Valentina\n|-supereffective|p2a: Valentina\n|-damage|p2a: Valentina|11\/100 slp\n|\n|-heal|p1b: Aya|82\/100|[from] item: Black Sludge\n|upkeep\n|turn|12\n|\n|t:|1695314723\n|move|p2b: Senon|Baneful Bunker||[still]\n|-fail|p2b: Senon\n|move|p1b: Aya|Toxic|p2b: Senon\n|-status|p2b: Senon|tox\n|cant|p2a: Valentina|slp\n|move|p1a: Sus|Giga Drain|p2a: Valentina\n|-supereffective|p2a: Valentina\n|-damage|p2a: Valentina|0 fnt\n|faint|p2a: Valentina\n|\n|-heal|p1b: Aya|88\/100|[from] item: Black Sludge\n|-damage|p2b: Senon|95\/100 tox|[from] psn\n|-end|p2b: Senon|Encore\n|upkeep\n|\n|t:|1695314739\n|switch|p2a: Sapo|Politoed, M, shiny|100\/100\n|-weather|RainDance|[from] ability: Drizzle|[of] p2a: Sapo\n|turn|13\n|\n|t:|1695314754\n|move|p1b: Aya|Encore|p2b: Senon\n|-start|p2b: Senon|Encore\n|move|p2a: Sapo|Facade|p1a: Sus\n|-damage|p1a: Sus|84\/100\n|move|p2b: Senon|Baneful Bunker|p2b: Senon\n|-singleturn|p2b: Senon|move: Protect\n|move|p1a: Sus|Spore|p2a: Sapo\n|-status|p2a: Sapo|slp|[from] move: Spore\n|\n|-weather|RainDance|[upkeep]\n|-heal|p1b: Aya|94\/100|[from] item: Black Sludge\n|-heal|p2b: Senon|100\/100 tox|[from] item: Leftovers\n|-heal|p1a: Sus|90\/100|[from] item: Leftovers\n|-damage|p2b: Senon|89\/100 tox|[from] psn\n|-sideend|p2: Senon32|move: Light Screen\n|upkeep\n|turn|14\n|\n|t:|1695314783\n|move|p2b: Senon|Baneful Bunker||[still]\n|-fail|p2b: Senon\n|move|p1b: Aya|Flamethrower|p2a: Sapo\n|-resisted|p2a: Sapo\n|-damage|p2a: Sapo|92\/100 slp\n|cant|p2a: Sapo|slp\n|move|p1a: Sus|Giga Drain|p2a: Sapo\n|-supereffective|p2a: Sapo\n|-damage|p2a: Sapo|33\/100 slp\n|-heal|p1a: Sus|100\/100|[from] drain|[of] p2a: Sapo\n|\n|-weather|RainDance|[upkeep]\n|-heal|p1b: Aya|99\/100|[from] item: Black Sludge\n|-heal|p2b: Senon|95\/100 tox|[from] item: Leftovers\n|-damage|p2b: Senon|77\/100 tox|[from] psn\n|upkeep\n|turn|15\n|\n|t:|1695314809\n|move|p2b: Senon|Baneful Bunker|p2b: Senon\n|-singleturn|p2b: Senon|move: Protect\n|move|p1b: Aya|Flamethrower|p2a: Sapo\n|-resisted|p2a: Sapo\n|-crit|p2a: Sapo\n|-damage|p2a: Sapo|22\/100 slp\n|cant|p2a: Sapo|slp\n|move|p1a: Sus|Giga Drain|p2a: Sapo\n|-supereffective|p2a: Sapo\n|-damage|p2a: Sapo|0 fnt\n|faint|p2a: Sapo\n|\n|-weather|RainDance|[upkeep]\n|-heal|p1b: Aya|100\/100|[from] item: Black Sludge\n|-heal|p2b: Senon|83\/100 tox|[from] item: Leftovers\n|-damage|p2b: Senon|59\/100 tox|[from] psn\n|-end|p2b: Senon|Encore\n|upkeep\n|\n|t:|1695314828\n|switch|p2a: Swampert|Swampert, M|100\/100\n|turn|16\n|\n|t:|1695314844\n|detailschange|p2a: Swampert|Swampert-Mega, M\n|-mega|p2a: Swampert|Swampert|Swampertite\n|move|p2a: Swampert|Ice Punch|p1a: Sus\n|-supereffective|p1a: Sus\n|-damage|p1a: Sus|49\/100\n|move|p1b: Aya|Encore|p2b: Senon\n|-start|p2b: Senon|Encore\n|move|p2b: Senon|Baneful Bunker|p2b: Senon\n|-singleturn|p2b: Senon|move: Protect\n|move|p1a: Sus|Spore|p2a: Swampert\n|-status|p2a: Swampert|slp|[from] move: Spore\n|\n|-weather|RainDance|[upkeep]\n|-heal|p2b: Senon|65\/100 tox|[from] item: Leftovers\n|-heal|p1a: Sus|55\/100|[from] item: Leftovers\n|-damage|p2b: Senon|35\/100 tox|[from] psn\n|upkeep\n|turn|17\n|\n|t:|1695314869\n|move|p2b: Senon|Baneful Bunker||[still]\n|-fail|p2b: Senon\n|cant|p2a: Swampert|slp\n|move|p1b: Aya|Flamethrower|p2a: Swampert\n|-resisted|p2a: Swampert\n|-damage|p2a: Swampert|94\/100 slp\n|move|p1a: Sus|Giga Drain|p2a: Swampert\n|-supereffective|p2a: Swampert\n|-damage|p2a: Swampert|0 fnt\n|-heal|p1a: Sus|92\/100|[from] drain|[of] p2a: Swampert\n|faint|p2a: Swampert\n|\n|-weather|RainDance|[upkeep]\n|-heal|p2b: Senon|41\/100 tox|[from] item: Leftovers\n|-heal|p1a: Sus|98\/100|[from] item: Leftovers\n|-damage|p2b: Senon|5\/100 tox|[from] psn\n|upkeep\n|turn|18\n|\n|t:|1695314893\n|move|p2b: Senon|Baneful Bunker|p2b: Senon\n|-singleturn|p2b: Senon|move: Protect\n|move|p1b: Aya|Flamethrower|p2b: Senon\n|-activate|p2b: Senon|move: Protect\n|move|p1a: Sus|Giga Drain|p2b: Senon\n|-activate|p2b: Senon|move: Protect\n|\n|-weather|RainDance|[upkeep]\n|-heal|p2b: Senon|11\/100 tox|[from] item: Leftovers\n|-heal|p1a: Sus|100\/100|[from] item: Leftovers\n|-damage|p2b: Senon|0 fnt|[from] psn\n|faint|p2b: Senon\n|\n|win|talalcht\n|upkeep\n","uploadtime":1695314909,"views":29,"p1id":"talalcht","p2id":"senon32","formatid":"gen9nationaldexdoubles","rating":0,"private":0,"password":""}