{"id":"gen9nationaldexdoubles-1953077198","p1":"CynthiaLinda","p2":"icybro12","format":"[Gen 9] National Dex Doubles","log":"|j|\u2606CynthiaLinda\n|j|\u2606icybro12\n|t:|1695752397\n|gametype|doubles\n|player|p1|CynthiaLinda|cynthia-gen4|1054\n|player|p2|icybro12|psychic|1100\n|teamsize|p1|6\n|teamsize|p2|6\n|gen|9\n|tier|[Gen 9] National Dex Doubles\n|rated|\n|rule|HP Percentage Mod: HP is shown in percentages\n|rule|Endless Battle Clause: Forcing endless battles is banned\n|rule|OHKO Clause: OHKO moves are banned\n|rule|Evasion Moves Clause: Evasion moves are banned\n|rule|Evasion Abilities Clause: Evasion abilities are banned\n|rule|Species Clause: Limit one of each Pok\u00e9mon\n|rule|Gravity Sleep Clause: The combination of sleep-inducing moves with imperfect accuracy and Gravity or Gigantamax Orbeetle are banned\n|clearpoke\n|poke|p1|Oricorio, M|\n|poke|p1|Meowscarada, F|\n|poke|p1|Quaquaval, F|\n|poke|p1|Kommo-o, F|\n|poke|p1|Hoopa|\n|poke|p1|Indeedee-F, F|\n|poke|p2|Regigigas|\n|poke|p2|Alcremie-Rainbow-Swirl, F|\n|poke|p2|Weezing, F|\n|poke|p2|Exploud, F|\n|poke|p2|Ribombee, F|\n|poke|p2|Incineroar, F|\n|teampreview\n|\n|t:|1695752417\n|start\n|switch|p1a: Oricorio|Oricorio, M, shiny|100\/100\n|switch|p1b: Hoopa|Hoopa|100\/100\n|switch|p2a: Exploud|Exploud, F|100\/100\n|switch|p2b: Ribombee|Ribombee, F|100\/100\n|turn|1\n|\n|t:|1695752430\n|move|p2b: Ribombee|Speed Swap|p2a: Exploud\n|-activate|p2b: Ribombee|move: Speed Swap|[of] p2a: Exploud\n|move|p2a: Exploud|Boomburst|p1a: Oricorio|[spread] p2b,p1a,p1b\n|-damage|p2b: Ribombee|6\/100\n|-enditem|p1a: Oricorio|Focus Sash\n|-damage|p1a: Oricorio|1\/100\n|-damage|p1b: Hoopa|55\/100\n|-damage|p2a: Exploud|91\/100|[from] item: Life Orb\n|move|p1a: Oricorio|Tailwind|p1a: Oricorio\n|-sidestart|p1: CynthiaLinda|move: Tailwind\n|move|p1b: Hoopa|Skill Swap|p1a: Oricorio\n|-activate|p1b: Hoopa|move: Skill Swap|||[of] p1a: Oricorio\n|\n|-heal|p1b: Hoopa|61\/100|[from] item: Leftovers\n|upkeep\n|turn|2\n|\n|t:|1695752453\n|move|p2b: Ribombee|Helping Hand|p2a: Exploud\n|-singleturn|p2a: Exploud|Helping Hand|[of] p2b: Ribombee\n|move|p1a: Oricorio|Quiver Dance|p1a: Oricorio\n|-boost|p1a: Oricorio|spa|1\n|-boost|p1a: Oricorio|spd|1\n|-boost|p1a: Oricorio|spe|1\n|-activate|p1b: Hoopa|ability: Dancer\n|move|p1b: Hoopa|Quiver Dance|p1b: Hoopa|[from]ability: Dancer\n|-boost|p1b: Hoopa|spa|1\n|-boost|p1b: Hoopa|spd|1\n|-boost|p1b: Hoopa|spe|1\n|move|p1b: Hoopa|Phantom Force||[still]\n|-prepare|p1b: Hoopa|Phantom Force\n|move|p2a: Exploud|Boomburst|p1b: Hoopa|[spread] p2b,p1a\n|-miss|p2a: Exploud|p1b: Hoopa\n|-damage|p2b: Ribombee|0 fnt\n|-damage|p1a: Oricorio|0 fnt\n|faint|p2b: Ribombee\n|faint|p1a: Oricorio\n|-damage|p2a: Exploud|81\/100|[from] item: Life Orb\n|\n|-heal|p1b: Hoopa|67\/100|[from] item: Leftovers\n|upkeep\n|\n|t:|1695752476\n|switch|p2b: Alcremie|Alcremie-Rainbow-Swirl, F|100\/100\n|switch|p1a: Kommo-o|Kommo-o, F, shiny|100\/100\n|turn|3\n|\n|t:|1695752485\n|move|p2a: Exploud|Protect|p2a: Exploud\n|-singleturn|p2a: Exploud|Protect\n|move|p1a: Kommo-o|Clangorous Soul|p1a: Kommo-o\n|-boost|p1a: Kommo-o|atk|1\n|-boost|p1a: Kommo-o|def|1\n|-boost|p1a: Kommo-o|spa|1\n|-boost|p1a: Kommo-o|spd|1\n|-boost|p1a: Kommo-o|spe|1\n|-damage|p1a: Kommo-o|68\/100\n|move|p1b: Hoopa|Phantom Force|p2a: Exploud|[from]lockedmove\n|-immune|p2a: Exploud\n|move|p2b: Alcremie|Misty Explosion|p1b: Hoopa|[spread] p1a,p1b\n|-activate|p2a: Exploud|move: Protect\n|-supereffective|p1a: Kommo-o\n|-damage|p1a: Kommo-o|0 fnt\n|-damage|p1b: Hoopa|53\/100\n|faint|p2b: Alcremie\n|faint|p1a: Kommo-o\n|\n|-heal|p1b: Hoopa|59\/100|[from] item: Leftovers\n|upkeep\n|\n|t:|1695752506\n|switch|p1a: Quaquaval|Quaquaval, F, shiny|100\/100\n|switch|p2b: Incineroar|Incineroar, F|100\/100\n|-ability|p2b: Incineroar|Intimidate|boost\n|-unboost|p1a: Quaquaval|atk|1\n|-unboost|p1b: Hoopa|atk|1\n|turn|4\n|\n|t:|1695752518\n|-terastallize|p1a: Quaquaval|Water\n|move|p1b: Hoopa|Protect|p1b: Hoopa\n|-singleturn|p1b: Hoopa|Protect\n|move|p2a: Exploud|Protect||[still]\n|-fail|p2a: Exploud\n|move|p2b: Incineroar|Protect|p2b: Incineroar\n|-singleturn|p2b: Incineroar|Protect\n|move|p1a: Quaquaval|Aqua Step|p2b: Incineroar\n|-activate|p2b: Incineroar|move: Protect\n|\n|-heal|p1b: Hoopa|65\/100|[from] item: Leftovers\n|-sideend|p1: CynthiaLinda|move: Tailwind\n|upkeep\n|turn|5\n|\n|t:|1695752536\n|-terastallize|p2a: Exploud|Normal\n|move|p1b: Hoopa|Protect|p1b: Hoopa\n|-singleturn|p1b: Hoopa|Protect\n|move|p1a: Quaquaval|Aqua Step|p2b: Incineroar\n|-supereffective|p2b: Incineroar\n|-damage|p2b: Incineroar|36\/100\n|-boost|p1a: Quaquaval|spe|1\n|-activate|p1b: Hoopa|ability: Dancer\n|move|p1b: Hoopa|Aqua Step|p2b: Incineroar|[from]ability: Dancer\n|-supereffective|p2b: Incineroar\n|-damage|p2b: Incineroar|11\/100\n|-boost|p1b: Hoopa|spe|1\n|move|p2a: Exploud|Boomburst|p1b: Hoopa|[spread] p2b,p1a\n|-activate|p1b: Hoopa|move: Protect\n|-damage|p2b: Incineroar|0 fnt\n|-damage|p1a: Quaquaval|0 fnt\n|faint|p2b: Incineroar\n|faint|p1a: Quaquaval\n|-damage|p2a: Exploud|71\/100|[from] item: Life Orb\n|\n|-heal|p1b: Hoopa|71\/100|[from] item: Leftovers\n|upkeep\n|\n|t:|1695752561\n|switch|p1a: Meowscarada|Meowscarada, F, shiny|100\/100\n|switch|p2b: Regigigas|Regigigas|100\/100\n|-start|p2b: Regigigas|ability: Slow Start\n|turn|6\n|\n|t:|1695752584\n|move|p2b: Regigigas|Protect|p2b: Regigigas\n|-singleturn|p2b: Regigigas|Protect\n|move|p2a: Exploud|Boomburst|p1a: Meowscarada|[spread] p1a,p1b\n|-activate|p2b: Regigigas|move: Protect\n|-damage|p1a: Meowscarada|0 fnt\n|-damage|p1b: Hoopa|29\/100\n|faint|p1a: Meowscarada\n|-damage|p2a: Exploud|61\/100|[from] item: Life Orb\n|move|p1b: Hoopa|Hyper Beam|p2a: Exploud\n|-damage|p2a: Exploud|0 fnt\n|-mustrecharge|p1b: Hoopa\n|faint|p2a: Exploud\n|\n|-heal|p1b: Hoopa|35\/100|[from] item: Leftovers\n|upkeep\n|\n|t:|1695752601\n|switch|p1a: Indeedee|Indeedee-F, F|100\/100\n|switch|p2a: Weezing|Weezing, F|100\/100\n|-ability|p2a: Weezing|Neutralizing Gas\n|-end|p2b: Regigigas|Slow Start|[silent]\n|-item|p2a: Weezing|Air Balloon\n|turn|7\n|\n|t:|1695752612\n|move|p1a: Indeedee|Follow Me|p1a: Indeedee\n|-singleturn|p1a: Indeedee|move: Follow Me\n|cant|p1b: Hoopa|recharge\n|move|p2b: Regigigas|Earthquake|p1a: Indeedee|[spread] p1a,p1b\n|-immune|p2a: Weezing\n|-damage|p1a: Indeedee|54\/100\n|-damage|p1b: Hoopa|1\/100\n|move|p2a: Weezing|Taunt|p1a: Indeedee\n|-start|p1a: Indeedee|move: Taunt\n|\n|-heal|p1b: Hoopa|7\/100|[from] item: Leftovers\n|-heal|p1a: Indeedee|60\/100|[from] item: Leftovers\n|upkeep\n|turn|8\n|\n|t:|1695752633\n|move|p2b: Regigigas|Protect|p2b: Regigigas\n|-singleturn|p2b: Regigigas|Protect\n|move|p1b: Hoopa|Hyper Beam|p2b: Regigigas\n|-activate|p2b: Regigigas|move: Protect\n|-activate|p1a: Indeedee|move: Struggle\n|move|p1a: Indeedee|Struggle|p2a: Weezing\n|-damage|p2a: Weezing|96\/100\n|-enditem|p2a: Weezing|Air Balloon\n|-damage|p1a: Indeedee|35\/100|[from] recoil\n|move|p2a: Weezing|Will-O-Wisp|p1b: Hoopa\n|-status|p1b: Hoopa|brn\n|\n|-heal|p1b: Hoopa|13\/100 brn|[from] item: Leftovers\n|-heal|p1a: Indeedee|41\/100|[from] item: Leftovers\n|-damage|p1b: Hoopa|7\/100 brn|[from] brn\n|upkeep\n|turn|9\n|\n|t:|1695752655\n|move|p1b: Hoopa|Hyper Beam|p2b: Regigigas\n|-damage|p2b: Regigigas|42\/100\n|-mustrecharge|p1b: Hoopa\n|move|p2b: Regigigas|Rock Slide|p1a: Indeedee|[spread] p1a,p1b\n|-damage|p1a: Indeedee|4\/100\n|-damage|p1b: Hoopa|0 fnt\n|faint|p1b: Hoopa\n|-activate|p1a: Indeedee|move: Struggle\n|move|p1a: Indeedee|Struggle|p2a: Weezing\n|-damage|p2a: Weezing|91\/100\n|-damage|p1a: Indeedee|0 fnt|[from] recoil\n|faint|p1a: Indeedee\n|\n|win|icybro12\n|raw|CynthiaLinda's rating: 1054 &rarr; <strong>1038<\/strong><br \/>(-16 for losing)\n|raw|icybro12's rating: 1100 &rarr; <strong>1122<\/strong><br \/>(+22 for winning)\n|l|\u2606CynthiaLinda\n","uploadtime":1695752687,"views":4,"p1id":"cynthialinda","p2id":"icybro12","formatid":"gen9nationaldexdoubles","rating":1038,"private":0,"password":""}