{"id":"gen9nationaldexdoubles-1953250504","p1":"Gambriwis","p2":"Saul Goodman 42069","format":"[Gen 9] National Dex Doubles","log":"|j|\u2606Gambriwis\n|j|\u2606Saul Goodman 42069\n|t:|1695766998\n|gametype|doubles\n|player|p1|Gambriwis|unknownf|1061\n|player|p2|Saul Goodman 42069|wallace|1000\n|teamsize|p1|6\n|teamsize|p2|5\n|gen|9\n|tier|[Gen 9] National Dex Doubles\n|rated|\n|rule|HP Percentage Mod: HP is shown in percentages\n|rule|Endless Battle Clause: Forcing endless battles is banned\n|rule|OHKO Clause: OHKO moves are banned\n|rule|Evasion Moves Clause: Evasion moves are banned\n|rule|Evasion Abilities Clause: Evasion abilities are banned\n|rule|Species Clause: Limit one of each Pok\u00e9mon\n|rule|Gravity Sleep Clause: The combination of sleep-inducing moves with imperfect accuracy and Gravity or Gigantamax Orbeetle are banned\n|clearpoke\n|poke|p1|Incineroar, M|\n|poke|p1|Grimmsnarl, M|\n|poke|p1|Gothitelle, M|\n|poke|p1|Flutter Mane|\n|poke|p1|Gengar, M|\n|poke|p1|Gliscor, M|\n|poke|p2|Chansey, F|\n|poke|p2|Medicham, F|\n|poke|p2|Clefairy, M|\n|poke|p2|Jirachi|\n|poke|p2|Gliscor, F|\n|teampreview\n|\n|t:|1695767005\n|start\n|switch|p1a: Incineroar|Incineroar, M|100\/100\n|switch|p1b: Grimmsnarl|Grimmsnarl, M|100\/100\n|switch|p2a: Gliscor|Gliscor, F|100\/100\n|switch|p2b: Clefairy|Clefairy, M|100\/100\n|-ability|p1a: Incineroar|Intimidate|boost\n|-unboost|p2a: Gliscor|atk|1\n|-unboost|p2b: Clefairy|atk|1\n|turn|1\n|\n|t:|1695767024\n|move|p1a: Incineroar|Fake Out|p2b: Clefairy\n|-damage|p2b: Clefairy|88\/100\n|cant|p2b: Clefairy|flinch\n|move|p1b: Grimmsnarl|Reflect|p1b: Grimmsnarl\n|-sidestart|p1: Gambriwis|Reflect\n|move|p2a: Gliscor|Substitute|p2a: Gliscor\n|-start|p2a: Gliscor|Substitute\n|-damage|p2a: Gliscor|75\/100\n|\n|-status|p2a: Gliscor|tox|[from] item: Toxic Orb\n|upkeep\n|turn|2\n|\n|t:|1695767037\n|move|p2b: Clefairy|Follow Me|p2b: Clefairy\n|-singleturn|p2b: Clefairy|move: Follow Me\n|move|p1b: Grimmsnarl|Light Screen|p1b: Grimmsnarl\n|-sidestart|p1: Gambriwis|move: Light Screen\n|move|p2a: Gliscor|Agility|p2a: Gliscor\n|-boost|p2a: Gliscor|spe|2\n|move|p1a: Incineroar|Parting Shot|p2b: Clefairy\n|-unboost|p2b: Clefairy|atk|1\n|-unboost|p2b: Clefairy|spa|1\n|\n|t:|1695767049\n|switch|p1a: Gengar|Gengar, M|100\/100|[from] Parting Shot\n|\n|-heal|p2a: Gliscor|88\/100 tox|[from] ability: Poison Heal\n|upkeep\n|turn|3\n|\n|t:|1695767060\n|move|p2b: Clefairy|Follow Me|p2b: Clefairy\n|-singleturn|p2b: Clefairy|move: Follow Me\n|move|p2a: Gliscor|Swords Dance|p2a: Gliscor\n|-boost|p2a: Gliscor|atk|2\n|move|p1a: Gengar|Perish Song|p1a: Gengar\n|-start|p1a: Gengar|perish3|[silent]\n|-start|p1b: Grimmsnarl|perish3|[silent]\n|-start|p2a: Gliscor|perish3|[silent]\n|-start|p2b: Clefairy|perish3|[silent]\n|-fieldactivate|move: Perish Song\n|move|p1b: Grimmsnarl|Spirit Break|p2b: Clefairy\n|-damage|p2b: Clefairy|63\/100\n|-unboost|p2b: Clefairy|spa|1\n|\n|-heal|p2a: Gliscor|99\/100 tox|[from] ability: Poison Heal\n|-start|p2a: Gliscor|perish3\n|-start|p1a: Gengar|perish3\n|-start|p1b: Grimmsnarl|perish3\n|-start|p2b: Clefairy|perish3\n|upkeep\n|turn|4\n|\n|t:|1695767079\n|move|p1b: Grimmsnarl|Protect|p1b: Grimmsnarl\n|-singleturn|p1b: Grimmsnarl|Protect\n|move|p2b: Clefairy|Follow Me|p2b: Clefairy\n|-singleturn|p2b: Clefairy|move: Follow Me\n|move|p2a: Gliscor|Swords Dance|p2a: Gliscor\n|-boost|p2a: Gliscor|atk|2\n|move|p1a: Gengar|Destiny Bond|p1a: Gengar\n|-singlemove|p1a: Gengar|Destiny Bond\n|\n|-heal|p2a: Gliscor|100\/100 tox|[from] ability: Poison Heal\n|-start|p2a: Gliscor|perish2\n|-start|p1a: Gengar|perish2\n|-start|p1b: Grimmsnarl|perish2\n|-start|p2b: Clefairy|perish2\n|upkeep\n|turn|5\n|\n|t:|1695767102\n|move|p2b: Clefairy|Follow Me|p2b: Clefairy\n|-singleturn|p2b: Clefairy|move: Follow Me\n|move|p2a: Gliscor|Agility|p2a: Gliscor\n|-boost|p2a: Gliscor|spe|2\n|move|p1a: Gengar|Sludge Bomb|p2b: Clefairy\n|-supereffective|p2b: Clefairy\n|-damage|p2b: Clefairy|1\/100\n|move|p1b: Grimmsnarl|Spirit Break|p2b: Clefairy\n|-damage|p2b: Clefairy|0 fnt\n|faint|p2b: Clefairy\n|\n|-start|p2a: Gliscor|perish1\n|-start|p1a: Gengar|perish1\n|-start|p1b: Grimmsnarl|perish1\n|upkeep\n|\n|t:|1695767118\n|switch|p2b: Jirachi|Jirachi|100\/100\n|turn|6\n|\n|t:|1695767130\n|switch|p1b: Gliscor|Gliscor, M|100\/100\n|move|p2b: Jirachi|Follow Me|p2b: Jirachi\n|-singleturn|p2b: Jirachi|move: Follow Me\n|move|p2a: Gliscor|Baton Pass|p2a: Gliscor\n|\n|t:|1695767135\n|switch|p2a: Let her cook|Chansey, F|100\/100|[from] Baton Pass\n|move|p1a: Gengar|Destiny Bond|p1a: Gengar\n|-singlemove|p1a: Gengar|Destiny Bond\n|\n|-start|p2a: Let her cook|perish0\n|-start|p1a: Gengar|perish0\n|faint|p2a: Let her cook\n|faint|p1a: Gengar\n|-status|p1b: Gliscor|tox|[from] item: Toxic Orb\n|upkeep\n|c|\u2606Saul Goodman 42069|Damn\n|c|\u2606Saul Goodman 42069|That passes on?\n|-message|Saul Goodman 42069 forfeited.\n|\n|win|Gambriwis\n|raw|Gambriwis's rating: 1061 &rarr; <strong>1086<\/strong><br \/>(+25 for winning)\n|raw|Saul Goodman 42069's rating: 1000 &rarr; <strong>1000<\/strong><br \/>(+0 for losing)\n|l|\u2606Saul Goodman 42069\n|c|\u2606Gambriwis|Yes\n","uploadtime":1695767176,"views":13,"p1id":"gambriwis","p2id":"saulgoodman42069","formatid":"gen9nationaldexdoubles","rating":1000,"private":0,"password":""}