{"id":"gen9nationaldexdoubles-1954520502","p1":"AesirEcho","p2":"ttheus","format":"[Gen 9] National Dex Doubles","log":"|j|\u2606AesirEcho\n|j|\u2606ttheus\n|t:|1695905187\n|gametype|doubles\n|player|p1|AesirEcho|ethan-masters|\n|player|p2|ttheus|102|\n|teamsize|p1|6\n|teamsize|p2|6\n|gen|9\n|tier|[Gen 9] National Dex Doubles\n|rule|HP Percentage Mod: HP is shown in percentages\n|rule|Endless Battle Clause: Forcing endless battles is banned\n|rule|OHKO Clause: OHKO moves are banned\n|rule|Evasion Moves Clause: Evasion moves are banned\n|rule|Evasion Abilities Clause: Evasion abilities are banned\n|rule|Species Clause: Limit one of each Pok\u00e9mon\n|rule|Gravity Sleep Clause: The combination of sleep-inducing moves with imperfect accuracy and Gravity or Gigantamax Orbeetle are banned\n|clearpoke\n|poke|p1|Salamence, F|\n|poke|p1|Zygarde|\n|poke|p1|Kingambit, F|\n|poke|p1|Incineroar, M|\n|poke|p1|Amoonguss, F|\n|poke|p1|Chien-Pao|\n|poke|p2|Charizard, F|\n|poke|p2|Lilligant-Hisui, F|\n|poke|p2|Politoed, M|\n|poke|p2|Barraskewda, F|\n|poke|p2|Tyranitar, F|\n|poke|p2|Houndstone, M|\n|teampreview\n|\n|t:|1695905199\n|start\n|switch|p1a: Big Ron|Incineroar, M|100\/100\n|switch|p1b: Dominus Petrae|Zygarde|100\/100\n|switch|p2a: Charizard|Charizard, F|100\/100\n|switch|p2b: Lilligant|Lilligant-Hisui, F|100\/100\n|-ability|p1b: Dominus Petrae|Aura Break\n|-ability|p1a: Big Ron|Intimidate|boost\n|-unboost|p2a: Charizard|atk|1\n|-unboost|p2b: Lilligant|atk|1\n|turn|1\n|\n|t:|1695905216\n|move|p1a: Big Ron|Fake Out|p2b: Lilligant\n|-damage|p2b: Lilligant|84\/100\n|move|p2a: Charizard|Sunny Day|p2a: Charizard\n|-weather|SunnyDay\n|cant|p2b: Lilligant|flinch\n|move|p1b: Dominus Petrae|Substitute|p1b: Dominus Petrae\n|-start|p1b: Dominus Petrae|Substitute\n|-damage|p1b: Dominus Petrae|76\/100\n|\n|-weather|SunnyDay|[upkeep]\n|-damage|p2a: Charizard|88\/100|[from] ability: Solar Power|[of] p2a: Charizard\n|-heal|p2b: Lilligant|90\/100|[from] item: Leftovers\n|-heal|p1b: Dominus Petrae|82\/100|[from] item: Leftovers\n|upkeep\n|turn|2\n|\n|t:|1695905234\n|move|p2b: Lilligant|Victory Dance|p2b: Lilligant\n|-boost|p2b: Lilligant|atk|1\n|-boost|p2b: Lilligant|def|1\n|-boost|p2b: Lilligant|spe|1\n|move|p2a: Charizard|Scorching Sands|p1a: Big Ron\n|-supereffective|p1a: Big Ron\n|-damage|p1a: Big Ron|52\/100\n|move|p1b: Dominus Petrae|Dragon Dance|p1b: Dominus Petrae\n|-boost|p1b: Dominus Petrae|atk|1\n|-boost|p1b: Dominus Petrae|spe|1\n|move|p1a: Big Ron|Flare Blitz|p2b: Lilligant\n|-supereffective|p2b: Lilligant\n|-damage|p2b: Lilligant|0 fnt\n|faint|p2b: Lilligant\n|-damage|p1a: Big Ron|31\/100|[from] Recoil\n|-enditem|p1a: Big Ron|Sitrus Berry|[eat]\n|-heal|p1a: Big Ron|56\/100|[from] item: Sitrus Berry\n|\n|-weather|SunnyDay|[upkeep]\n|-damage|p2a: Charizard|76\/100|[from] ability: Solar Power|[of] p2a: Charizard\n|-heal|p1b: Dominus Petrae|88\/100|[from] item: Leftovers\n|upkeep\n|\n|t:|1695905247\n|switch|p2b: Politoed|Politoed, M|100\/100\n|-weather|RainDance|[from] ability: Drizzle|[of] p2b: Politoed\n|turn|3\n|\n|t:|1695905271\n|move|p1b: Dominus Petrae|Dragon Dance|p1b: Dominus Petrae\n|-boost|p1b: Dominus Petrae|atk|1\n|-boost|p1b: Dominus Petrae|spe|1\n|move|p2a: Charizard|Scorching Sands|p1a: Big Ron\n|-supereffective|p1a: Big Ron\n|-damage|p1a: Big Ron|25\/100\n|move|p2b: Politoed|Ice Beam|p1b: Dominus Petrae\n|-supereffective|p1b: Dominus Petrae\n|-end|p1b: Dominus Petrae|Substitute\n|move|p1a: Big Ron|U-turn|p2b: Politoed\n|-damage|p2b: Politoed|79\/100\n|\n|t:|1695905276\n|switch|p1a: Fraudator|Amoonguss, F|100\/100|[from] U-turn\n|\n|-weather|RainDance|[upkeep]\n|-heal|p1b: Dominus Petrae|94\/100|[from] item: Leftovers\n|-heal|p2b: Politoed|85\/100|[from] item: Leftovers\n|upkeep\n|turn|4\n|\n|t:|1695905288\n|move|p1a: Fraudator|Rage Powder|p1a: Fraudator\n|-singleturn|p1a: Fraudator|move: Rage Powder\n|move|p1b: Dominus Petrae|Thousand Arrows|p2b: Politoed|[spread] p2a,p2b\n|-damage|p2a: Charizard|0 fnt\n|-damage|p2b: Politoed|9\/100\n|faint|p2a: Charizard\n|move|p2b: Politoed|Ice Beam|p1a: Fraudator\n|-supereffective|p1a: Fraudator\n|-damage|p1a: Fraudator|60\/100\n|\n|-weather|RainDance|[upkeep]\n|-heal|p1b: Dominus Petrae|99\/100|[from] item: Leftovers\n|-heal|p2b: Politoed|15\/100|[from] item: Leftovers\n|upkeep\n|\n|t:|1695905296\n|switch|p2a: Barraskewda|Barraskewda, F|100\/100\n|turn|5\n|\n|t:|1695905306\n|move|p1a: Fraudator|Rage Powder|p1a: Fraudator\n|-singleturn|p1a: Fraudator|move: Rage Powder\n|move|p2a: Barraskewda|Liquidation|p1a: Fraudator\n|-resisted|p1a: Fraudator\n|-damage|p1a: Fraudator|28\/100\n|-damage|p2a: Barraskewda|84\/100|[from] item: Rocky Helmet|[of] p1a: Fraudator\n|move|p1b: Dominus Petrae|Thousand Arrows|p2b: Politoed|[spread] p2a,p2b\n|-damage|p2a: Barraskewda|0 fnt\n|-damage|p2b: Politoed|0 fnt\n|faint|p2a: Barraskewda\n|faint|p2b: Politoed\n|\n|-weather|RainDance|[upkeep]\n|-heal|p1b: Dominus Petrae|100\/100|[from] item: Leftovers\n|upkeep\n|\n|t:|1695905313\n|switch|p2a: Tyranitar|Tyranitar, F|100\/100\n|switch|p2b: Houndstone|Houndstone, M|100\/100\n|-weather|Sandstorm|[from] ability: Sand Stream|[of] p2a: Tyranitar\n|turn|6\n|\n|t:|1695905327\n|-terastallize|p2b: Houndstone|Ghost\n|move|p2b: Houndstone|Last Respects|p1b: Dominus Petrae\n|-damage|p1b: Dominus Petrae|0 fnt\n|faint|p1b: Dominus Petrae\n|move|p2a: Tyranitar|Earthquake|p1a: Fraudator|[spread] p2b,p1a\n|-damage|p2b: Houndstone|66\/100\n|-damage|p1a: Fraudator|5\/100\n|move|p1a: Fraudator|Spore|p2b: Houndstone\n|-status|p2b: Houndstone|slp|[from] move: Spore\n|\n|-weather|Sandstorm|[upkeep]\n|-damage|p1a: Fraudator|0 fnt|[from] Sandstorm\n|faint|p1a: Fraudator\n|upkeep\n|\n|t:|1695905334\n|switch|p1b: Ventus Imperator|Salamence, F|100\/100\n|switch|p1a: Big Ron|Incineroar, M|25\/100\n|-ability|p1b: Ventus Imperator|Intimidate|boost\n|-unboost|p2a: Tyranitar|atk|1\n|-unboost|p2b: Houndstone|atk|1\n|-ability|p1a: Big Ron|Intimidate|boost\n|-unboost|p2a: Tyranitar|atk|1\n|-unboost|p2b: Houndstone|atk|1\n|turn|7\n|c|\u2606ttheus|ah cara\n|\n|t:|1695905347\n|detailschange|p1b: Ventus Imperator|Salamence-Mega, F\n|-mega|p1b: Ventus Imperator|Salamence|Salamencite\n|move|p1a: Big Ron|Fake Out|p2a: Tyranitar\n|-resisted|p2a: Tyranitar\n|-damage|p2a: Tyranitar|95\/100\n|cant|p2b: Houndstone|slp\n|move|p1b: Ventus Imperator|Frustration|p2b: Houndstone\n|-damage|p2b: Houndstone|0 fnt\n|faint|p2b: Houndstone\n|cant|p2a: Tyranitar|flinch\n|\n|-weather|Sandstorm|[upkeep]\n|-damage|p1b: Ventus Imperator|94\/100|[from] Sandstorm\n|-damage|p1a: Big Ron|19\/100|[from] Sandstorm\n|-heal|p2a: Tyranitar|100\/100|[from] item: Leftovers\n|upkeep\n|turn|8\n|\n|t:|1695905359\n|move|p1b: Ventus Imperator|Frustration|p2a: Tyranitar\n|-resisted|p2a: Tyranitar\n|-damage|p2a: Tyranitar|71\/100\n|move|p2a: Tyranitar|Dragon Dance|p2a: Tyranitar\n|-boost|p2a: Tyranitar|atk|1\n|-boost|p2a: Tyranitar|spe|1\n|move|p1a: Big Ron|U-turn|p2a: Tyranitar\n|-supereffective|p2a: Tyranitar\n|-crit|p2a: Tyranitar\n|-damage|p2a: Tyranitar|18\/100\n|c|\u2606ttheus|irei me matar\n|\n|t:|1695905370\n|switch|p1a: Gelida Vagus|Chien-Pao|100\/100|[from] U-turn\n|-ability|p1a: Gelida Vagus|Sword of Ruin\n|\n|-weather|Sandstorm|[upkeep]\n|-damage|p1a: Gelida Vagus|95\/100|[from] Sandstorm\n|-damage|p1b: Ventus Imperator|88\/100|[from] Sandstorm\n|-heal|p2a: Tyranitar|25\/100|[from] item: Leftovers\n|upkeep\n|turn|9\n|\n|t:|1695905379\n|move|p1a: Gelida Vagus|Ice Spinner|p2a: Tyranitar\n|-damage|p2a: Tyranitar|0 fnt\n|faint|p2a: Tyranitar\n|\n|win|AesirEcho\n|l|\u2606ttheus\n","uploadtime":1695905387,"views":8,"p1id":"aesirecho","p2id":"ttheus","formatid":"gen9nationaldexdoubles","rating":0,"private":0,"password":""}