{"id":"gen9nationaldexdoubles-1956394993","p1":"Electroshibe","p2":"Kanamo-o","format":"[Gen 9] National Dex Doubles","log":"|j|\u2606Electroshibe\n|j|\u2606Kanamo-o\n|t:|1696103608\n|gametype|doubles\n|player|p1|Electroshibe|benga|1086\n|player|p2|Kanamo-o|selene|1131\n|teamsize|p1|6\n|teamsize|p2|6\n|gen|9\n|tier|[Gen 9] National Dex Doubles\n|rated|\n|rule|HP Percentage Mod: HP is shown in percentages\n|rule|Endless Battle Clause: Forcing endless battles is banned\n|rule|OHKO Clause: OHKO moves are banned\n|rule|Evasion Moves Clause: Evasion moves are banned\n|rule|Evasion Abilities Clause: Evasion abilities are banned\n|rule|Species Clause: Limit one of each Pok\u00e9mon\n|rule|Gravity Sleep Clause: The combination of sleep-inducing moves with imperfect accuracy and Gravity or Gigantamax Orbeetle are banned\n|clearpoke\n|poke|p1|Ninetales, M|\n|poke|p1|Ceruledge, M|\n|poke|p1|Arcanine-Hisui, F|\n|poke|p1|Eevee, M|\n|poke|p1|Amoonguss, F|\n|poke|p1|Typhlosion-Hisui, M|\n|poke|p2|Dubwool, F|\n|poke|p2|Kommo-o, M|\n|poke|p2|Ninetales-Alola, F|\n|poke|p2|Rapidash-Galar, F|\n|poke|p2|Cinccino, F|\n|poke|p2|Mudsdale, M|\n|teampreview\n|\n|t:|1696103615\n|start\n|switch|p1a: Prism|Eevee, M|100\/100\n|switch|p1b: SUS|Amoonguss, F|100\/100\n|switch|p2a: Officer|Cinccino, F|100\/100\n|switch|p2b: Chieftain|Mudsdale, M|100\/100\n|-item|p2a: Officer|Air Balloon\n|turn|1\n|\n|t:|1696103635\n|move|p1b: SUS|Rage Powder|p1b: SUS\n|-singleturn|p1b: SUS|move: Rage Powder\n|move|p2a: Officer|Bullet Seed|p1b: SUS\n|-resisted|p1b: SUS\n|-damage|p1b: SUS|99\/100\n|-resisted|p1b: SUS\n|-damage|p1b: SUS|98\/100\n|-resisted|p1b: SUS\n|-damage|p1b: SUS|96\/100\n|-resisted|p1b: SUS\n|-damage|p1b: SUS|95\/100\n|-resisted|p1b: SUS\n|-damage|p1b: SUS|94\/100\n|-hitcount|p1b: SUS|5\n|-zpower|p1a: Prism\n|move|p1a: Prism|Extreme Evoboost|p1a: Prism\n|-boost|p1a: Prism|atk|2\n|-boost|p1a: Prism|def|2\n|-boost|p1a: Prism|spa|2\n|-boost|p1a: Prism|spd|2\n|-boost|p1a: Prism|spe|2\n|move|p2b: Chieftain|Body Press|p1b: SUS\n|-resisted|p1b: SUS\n|-damage|p1b: SUS|83\/100\n|\n|-heal|p1b: SUS|89\/100|[from] item: Black Sludge\n|upkeep\n|turn|2\n|\n|t:|1696103648\n|move|p1b: SUS|Rage Powder|p1b: SUS\n|-singleturn|p1b: SUS|move: Rage Powder\n|move|p1a: Prism|Baton Pass|p1a: Prism\n|\n|t:|1696103652\n|switch|p1a: Akuma|Typhlosion-Hisui, M|100\/100|[from] Baton Pass\n|-item|p2a: Officer|Air Balloon|[from] ability: Frisk|[of] p1a: Akuma|[identify]\n|-item|p2b: Chieftain|Weakness Policy|[from] ability: Frisk|[of] p1a: Akuma|[identify]\n|move|p2a: Officer|Bullet Seed|p1b: SUS\n|-resisted|p1b: SUS\n|-damage|p1b: SUS|88\/100\n|-resisted|p1b: SUS\n|-damage|p1b: SUS|86\/100\n|-resisted|p1b: SUS\n|-damage|p1b: SUS|85\/100\n|-resisted|p1b: SUS\n|-damage|p1b: SUS|84\/100\n|-resisted|p1b: SUS\n|-damage|p1b: SUS|82\/100\n|-hitcount|p1b: SUS|5\n|move|p2b: Chieftain|Earthquake|p1b: SUS|[spread] p1a,p1b\n|-immune|p2a: Officer\n|-supereffective|p1a: Akuma\n|-damage|p1a: Akuma|35\/100\n|-damage|p1b: SUS|38\/100\n|\n|-heal|p1b: SUS|44\/100|[from] item: Black Sludge\n|upkeep\n|turn|3\n|\n|t:|1696103664\n|move|p1a: Akuma|Eruption|p2b: Chieftain|[spread] p2a,p2b\n|-damage|p2a: Officer|43\/100\n|-damage|p2b: Chieftain|61\/100\n|-enditem|p2a: Officer|Air Balloon\n|-ability|p2b: Chieftain|Stamina|boost\n|-boost|p2b: Chieftain|def|1\n|move|p2a: Officer|After You|p2b: Chieftain\n|-activate|p2b: Chieftain|move: After You\n|move|p2b: Chieftain|Earthquake|p1b: SUS|[spread] p2a,p1a,p1b\n|-supereffective|p1a: Akuma\n|-damage|p2a: Officer|0 fnt\n|-damage|p1a: Akuma|0 fnt\n|-damage|p1b: SUS|0 fnt\n|faint|p2a: Officer\n|faint|p1a: Akuma\n|faint|p1b: SUS\n|\n|upkeep\n|\n|t:|1696103683\n|switch|p2a: Letty|Ninetales-Alola, F|100\/100\n|switch|p1a: Helios|Ninetales, M|100\/100\n|switch|p1b: Funny|Ceruledge, M|100\/100\n|-weather|Snow|[from] ability: Snow Warning|[of] p2a: Letty\n|-weather|SunnyDay|[from] ability: Drought|[of] p1a: Helios\n|turn|4\n|\n|t:|1696103695\n|-terastallize|p1b: Funny|Fighting\n|move|p2a: Letty|Hail|p2a: Letty\n|-weather|Hail\n|move|p1a: Helios|Heat Wave|p2a: Letty|[spread] p2a,p2b\n|-supereffective|p2a: Letty\n|-damage|p2a: Letty|43\/100\n|-damage|p2b: Chieftain|32\/100\n|-ability|p2b: Chieftain|Stamina|boost\n|-boost|p2b: Chieftain|def|1\n|move|p1b: Funny|Swords Dance|p1b: Funny\n|-boost|p1b: Funny|atk|2\n|move|p2b: Chieftain|Earthquake|p1b: Funny|[spread] p2a,p1a,p1b\n|-supereffective|p1a: Helios\n|-damage|p2a: Letty|0 fnt\n|-damage|p1a: Helios|0 fnt\n|-damage|p1b: Funny|37\/100\n|faint|p2a: Letty\n|faint|p1a: Helios\n|\n|-weather|Hail|[upkeep]\n|-damage|p1b: Funny|30\/100|[from] Hail\n|-damage|p2b: Chieftain|26\/100|[from] Hail\n|upkeep\n|\n|t:|1696103711\n|switch|p2a: Invi|Rapidash-Galar, F|100\/100\n|switch|p1a: Amaterasu|Arcanine-Hisui, F|100\/100\n|turn|5\n|\n|t:|1696103746\n|move|p1b: Funny|Shadow Sneak|p2b: Chieftain\n|-damage|p2b: Chieftain|10\/100\n|-ability|p2b: Chieftain|Stamina|boost\n|-boost|p2b: Chieftain|def|1\n|move|p2a: Invi|Heal Pulse|p2b: Chieftain\n|-heal|p2b: Chieftain|60\/100\n|move|p1a: Amaterasu|Flame Charge|p2a: Invi\n|-damage|p2a: Invi|62\/100\n|-boost|p1a: Amaterasu|spe|1\n|move|p2b: Chieftain|Earthquake|p1b: Funny|[spread] p2a,p1a,p1b\n|-supereffective|p1a: Amaterasu\n|-damage|p2a: Invi|0 fnt\n|-damage|p1a: Amaterasu|0 fnt\n|-damage|p1b: Funny|0 fnt\n|faint|p2a: Invi\n|faint|p1a: Amaterasu\n|faint|p1b: Funny\n|\n|-weather|Hail|[upkeep]\n|-damage|p2b: Chieftain|54\/100|[from] Hail\n|upkeep\n|-message|Electroshibe forfeited.\n|\n|win|Kanamo-o\n|raw|Electroshibe's rating: 1086 &rarr; <strong>1066<\/strong><br \/>(-20 for losing)\n|raw|Kanamo-o's rating: 1131 &rarr; <strong>1153<\/strong><br \/>(+22 for winning)\n|l|\u2606Electroshibe\n","uploadtime":1696103765,"views":9,"p1id":"electroshibe","p2id":"kanamoo","formatid":"gen9nationaldexdoubles","rating":1066,"private":0,"password":""}