{"id":"gen9nationaldexdoubles-1988884043","p1":"HyperDrive39","p2":"noobying","format":"[Gen 9] National Dex Doubles","log":"|j|\u2606HyperDrive39\n|j|\u2606noobying\n|t:|1699780735\n|gametype|doubles\n|player|p1|HyperDrive39|unknownf|1121\n|player|p2|noobying|cheren-gen5bw2|1000\n|teamsize|p1|6\n|teamsize|p2|6\n|gen|9\n|tier|[Gen 9] National Dex Doubles\n|rated|\n|rule|HP Percentage Mod: HP is shown in percentages\n|rule|Endless Battle Clause: Forcing endless battles is banned\n|rule|OHKO Clause: OHKO moves are banned\n|rule|Evasion Moves Clause: Evasion moves are banned\n|rule|Evasion Abilities Clause: Evasion abilities are banned\n|rule|Species Clause: Limit one of each Pok\u00e9mon\n|rule|Gravity Sleep Clause: The combination of sleep-inducing moves with imperfect accuracy and Gravity or Gigantamax Orbeetle are banned\n|clearpoke\n|poke|p1|Blastoise, M|\n|poke|p1|Incineroar, F|\n|poke|p1|Diancie|\n|poke|p1|Jirachi|\n|poke|p1|Togekiss, F|\n|poke|p1|Primarina, F|\n|poke|p2|Garbodor, M|\n|poke|p2|Audino, F|\n|poke|p2|Krookodile, M|\n|poke|p2|Indeedee-F, F|\n|poke|p2|Aegislash, M|\n|poke|p2|Scolipede, M|\n|teampreview\n|\n|t:|1699780747\n|start\n|switch|p1a: SecretTurtle|Blastoise, M|100\/100\n|switch|p1b: MeowMeow|Incineroar, F|100\/100\n|switch|p2a: Acid Chloride|Scolipede, M|100\/100\n|switch|p2b: Amide|Indeedee-F, F|100\/100\n|-fieldstart|move: Psychic Terrain|[from] ability: Psychic Surge|[of] p2b: Amide\n|-ability|p1b: MeowMeow|Intimidate|boost\n|-unboost|p2a: Acid Chloride|atk|1\n|-unboost|p2b: Amide|atk|1\n|turn|1\n|\n|t:|1699780766\n|move|p2a: Acid Chloride|Swords Dance|p2a: Acid Chloride\n|-boost|p2a: Acid Chloride|atk|2\n|move|p2b: Amide|Calm Mind|p2b: Amide\n|-boost|p2b: Amide|spa|1\n|-boost|p2b: Amide|spd|1\n|move|p1a: SecretTurtle|Water Pledge|p2a: Acid Chloride\n|-waiting|p1a: SecretTurtle|p1b: MeowMeow\n|move|p1b: MeowMeow|Fire Pledge|p2a: Acid Chloride|[from]move: Water Pledge\n|-combine\n|-damage|p2a: Acid Chloride|30\/100\n|-sidestart|p1: HyperDrive39|Water Pledge\n|\n|-ability|p2a: Acid Chloride|Speed Boost|boost\n|-boost|p2a: Acid Chloride|spe|1\n|upkeep\n|turn|2\n|\n|t:|1699780811\n|move|p2b: Amide|Follow Me|p2b: Amide\n|-singleturn|p2b: Amide|move: Follow Me\n|move|p1a: SecretTurtle|Follow Me|p1a: SecretTurtle\n|-singleturn|p1a: SecretTurtle|move: Follow Me\n|move|p2a: Acid Chloride|Baton Pass|p2a: Acid Chloride\n|\n|t:|1699780816\n|switch|p2a: Kroko|Krookodile, M|100\/100|[from] Baton Pass\n|-ability|p2a: Kroko|Intimidate|boost\n|-unboost|p1a: SecretTurtle|atk|1\n|-unboost|p1b: MeowMeow|atk|1\n|move|p1b: MeowMeow|Knock Off|p2b: Amide\n|-supereffective|p2b: Amide\n|-damage|p2b: Amide|29\/100\n|-enditem|p2b: Amide|Leftovers|[from] move: Knock Off|[of] p1b: MeowMeow\n|\n|upkeep\n|turn|3\n|\n|t:|1699780840\n|switch|p1b: Kill this ASAP|Jirachi|100\/100\n|move|p2b: Amide|Protect|p2b: Amide\n|-singleturn|p2b: Amide|Protect\n|move|p1a: SecretTurtle|Follow Me|p1a: SecretTurtle\n|-singleturn|p1a: SecretTurtle|move: Follow Me\n|move|p2a: Kroko|Earthquake|p1b: Kill this ASAP|[spread] p1a,p1b\n|-activate|p2b: Amide|move: Protect\n|-crit|p1a: SecretTurtle\n|-supereffective|p1b: Kill this ASAP\n|-damage|p1a: SecretTurtle|21\/100\n|-damage|p1b: Kill this ASAP|0 fnt\n|-enditem|p1a: SecretTurtle|Sitrus Berry|[eat]\n|-heal|p1a: SecretTurtle|46\/100|[from] item: Sitrus Berry\n|faint|p1b: Kill this ASAP\n|\n|upkeep\n|\n|t:|1699780853\n|switch|p1b: Wock|Diancie|100\/100\n|turn|4\n|\n|t:|1699780868\n|move|p2a: Kroko|Earthquake|p1a: SecretTurtle|[spread] p2b,p1a,p1b\n|-supereffective|p1b: Wock\n|-damage|p2b: Amide|0 fnt\n|-damage|p1a: SecretTurtle|0 fnt\n|-damage|p1b: Wock|13\/100\n|-enditem|p1b: Wock|Weakness Policy\n|-boost|p1b: Wock|atk|2|[from] item: Weakness Policy\n|-boost|p1b: Wock|spa|2|[from] item: Weakness Policy\n|faint|p2b: Amide\n|faint|p1a: SecretTurtle\n|move|p1b: Wock|Diamond Storm|p2a: Kroko\n|-resisted|p2a: Kroko\n|-damage|p2a: Kroko|69\/100\n|-boost|p1b: Wock|def|2\n|\n|-heal|p2a: Kroko|75\/100|[from] item: Leftovers\n|-sideend|p1: HyperDrive39|Water Pledge\n|upkeep\n|\n|t:|1699780884\n|switch|p2b: Starbucks\ud83e\udd2e\ud83e\udd2e|Garbodor, M|100\/100\n|switch|p1a: Primarina|Primarina, F|100\/100\n|-item|p2b: Starbucks\ud83e\udd2e\ud83e\udd2e|Air Balloon\n|turn|5\n|c|\u2606HyperDrive39|love the garbodor name\n|\n|t:|1699780901\n|move|p2a: Kroko|Earthquake|p1a: Primarina|[spread] p1a,p1b\n|-immune|p2b: Starbucks\ud83e\udd2e\ud83e\udd2e\n|-supereffective|p1b: Wock\n|-damage|p1a: Primarina|25\/100\n|-damage|p1b: Wock|0 fnt\n|faint|p1b: Wock\n|move|p2b: Starbucks\ud83e\udd2e\ud83e\udd2e|Toxic Spikes|p1a: Primarina\n|-sidestart|p1: HyperDrive39|move: Toxic Spikes\n|move|p1a: Primarina|Calm Mind|p1a: Primarina\n|-boost|p1a: Primarina|spa|1\n|-boost|p1a: Primarina|spd|1\n|\n|-heal|p2a: Kroko|81\/100|[from] item: Leftovers\n|-heal|p1a: Primarina|31\/100|[from] item: Leftovers\n|-fieldend|move: Psychic Terrain\n|upkeep\n|\n|t:|1699780914\n|switch|p1b: MeowMeow|Incineroar, F|100\/100\n|-status|p1b: MeowMeow|psn\n|-ability|p1b: MeowMeow|Intimidate|boost\n|-unboost|p2a: Kroko|atk|1\n|-unboost|p2b: Starbucks\ud83e\udd2e\ud83e\udd2e|atk|1\n|turn|6\n|\n|t:|1699780955\n|-terastallize|p2a: Kroko|Steel\n|move|p1b: MeowMeow|Fake Out|p2a: Kroko\n|-resisted|p2a: Kroko\n|-damage|p2a: Kroko|76\/100\n|cant|p2a: Kroko|flinch\n|move|p2b: Starbucks\ud83e\udd2e\ud83e\udd2e|Infestation|p1b: MeowMeow\n|-damage|p1b: MeowMeow|99\/100 psn\n|-activate|p1b: MeowMeow|move: Infestation|[of] p2b: Starbucks\ud83e\udd2e\ud83e\udd2e\n|move|p1a: Primarina|Moonblast|p2a: Kroko\n|-resisted|p2a: Kroko\n|-damage|p2a: Kroko|27\/100\n|-unboost|p2a: Kroko|spa|1\n|\n|-heal|p2a: Kroko|33\/100|[from] item: Leftovers\n|-heal|p1a: Primarina|37\/100|[from] item: Leftovers\n|-damage|p1b: MeowMeow|86\/100 psn|[from] psn\n|-damage|p1b: MeowMeow|74\/100 psn|[from] move: Infestation|[partiallytrapped]\n|upkeep\n|turn|7\n|\n|t:|1699780988\n|move|p2a: Kroko|Tera Blast|p1a: Primarina|[anim] Tera Blast Steel\n|-damage|p1a: Primarina|0 fnt\n|faint|p1a: Primarina\n|move|p2b: Starbucks\ud83e\udd2e\ud83e\udd2e|Infestation|p1b: MeowMeow\n|-damage|p1b: MeowMeow|72\/100 psn\n|move|p1b: MeowMeow|Knock Off|p2a: Kroko\n|-damage|p2a: Kroko|0 fnt\n|-enditem|p2a: Kroko|Leftovers|[from] move: Knock Off|[of] p1b: MeowMeow\n|faint|p2a: Kroko\n|\n|-damage|p1b: MeowMeow|60\/100 psn|[from] psn\n|-damage|p1b: MeowMeow|47\/100 psn|[from] move: Infestation|[partiallytrapped]\n|upkeep\n|\n|t:|1699781001\n|switch|p2a: Eye Sword|Aegislash, M|100\/100\n|switch|p1a: Cute face|Togekiss, F|100\/100\n|turn|8\n|\n|t:|1699781019\n|move|p2a: Eye Sword|King's Shield|p2a: Eye Sword\n|-singleturn|p2a: Eye Sword|Protect\n|move|p1a: Cute face|Ancient Power|p2b: Starbucks\ud83e\udd2e\ud83e\udd2e\n|-damage|p2b: Starbucks\ud83e\udd2e\ud83e\udd2e|83\/100\n|-enditem|p2b: Starbucks\ud83e\udd2e\ud83e\udd2e|Air Balloon\n|move|p2b: Starbucks\ud83e\udd2e\ud83e\udd2e|Infestation|p1a: Cute face\n|-resisted|p1a: Cute face\n|-damage|p1a: Cute face|99\/100\n|-activate|p1a: Cute face|move: Infestation|[of] p2b: Starbucks\ud83e\udd2e\ud83e\udd2e\n|move|p1b: MeowMeow|Fire Pledge|p2a: Eye Sword\n|-activate|p2a: Eye Sword|move: Protect\n|\n|-damage|p1b: MeowMeow|35\/100 psn|[from] psn\n|-damage|p1a: Cute face|88\/100|[from] move: Infestation|[partiallytrapped]\n|-damage|p1b: MeowMeow|23\/100 psn|[from] move: Infestation|[partiallytrapped]\n|upkeep\n|turn|9\n|\n|t:|1699781060\n|switch|p2a: Amine|Audino, F|100\/100\n|move|p1a: Cute face|Ancient Power|p2b: Starbucks\ud83e\udd2e\ud83e\udd2e\n|-damage|p2b: Starbucks\ud83e\udd2e\ud83e\udd2e|65\/100\n|move|p2b: Starbucks\ud83e\udd2e\ud83e\udd2e|Infestation|p1b: MeowMeow\n|-damage|p1b: MeowMeow|21\/100 psn\n|move|p1b: MeowMeow|Knock Off|p2b: Starbucks\ud83e\udd2e\ud83e\udd2e\n|-damage|p2b: Starbucks\ud83e\udd2e\ud83e\udd2e|35\/100\n|-ability|p2b: Starbucks\ud83e\udd2e\ud83e\udd2e|Weak Armor|boost\n|-unboost|p2b: Starbucks\ud83e\udd2e\ud83e\udd2e|def|1\n|-boost|p2b: Starbucks\ud83e\udd2e\ud83e\udd2e|spe|2\n|\n|-damage|p1b: MeowMeow|8\/100 psn|[from] psn\n|-damage|p1a: Cute face|75\/100|[from] move: Infestation|[partiallytrapped]\n|-damage|p1b: MeowMeow|0 fnt|[from] move: Infestation|[partiallytrapped]\n|faint|p1b: MeowMeow\n|upkeep\n|turn|10\n|\n|t:|1699781080\n|detailschange|p2a: Amine|Audino-Mega, F\n|-mega|p2a: Amine|Audino|Audinite\n|-terastallize|p1a: Cute face|Fairy\n|move|p2b: Starbucks\ud83e\udd2e\ud83e\udd2e|Infestation|p1a: Cute face\n|-resisted|p1a: Cute face\n|-damage|p1a: Cute face|74\/100\n|move|p1a: Cute face|Air Slash|p2b: Starbucks\ud83e\udd2e\ud83e\udd2e\n|-damage|p2b: Starbucks\ud83e\udd2e\ud83e\udd2e|1\/100\n|move|p2a: Amine|Yawn|p1a: Cute face\n|-start|p1a: Cute face|move: Yawn|[of] p2a: Amine\n|\n|-damage|p1a: Cute face|62\/100|[from] move: Infestation|[partiallytrapped]\n|upkeep\n|turn|11\n|\n|t:|1699781095\n|move|p2b: Starbucks\ud83e\udd2e\ud83e\udd2e|Protect|p2b: Starbucks\ud83e\udd2e\ud83e\udd2e\n|-singleturn|p2b: Starbucks\ud83e\udd2e\ud83e\udd2e|Protect\n|move|p1a: Cute face|Defog|p2a: Amine\n|-unboost|p2a: Amine|evasion|1\n|-sideend|p1: HyperDrive39|Toxic Spikes|[from] move: Defog|[of] p1a: Cute face\n|move|p2a: Amine|Life Dew||[still]|[spread] p2a,p2b\n|-fail|p2a: Amine|heal\n|-heal|p2b: Starbucks\ud83e\udd2e\ud83e\udd2e|26\/100\n|\n|-damage|p1a: Cute face|49\/100|[from] move: Infestation|[partiallytrapped]\n|-end|p1a: Cute face|move: Yawn|[silent]\n|-status|p1a: Cute face|slp\n|upkeep\n|turn|12\n|\n|t:|1699781110\n|switch|p2a: Eye Sword|Aegislash, M|100\/100\n|move|p2b: Starbucks\ud83e\udd2e\ud83e\udd2e|Infestation|p1a: Cute face\n|-resisted|p1a: Cute face\n|-damage|p1a: Cute face|48\/100 slp\n|cant|p1a: Cute face|slp\n|\n|-damage|p1a: Cute face|36\/100 slp|[from] move: Infestation|[partiallytrapped]\n|upkeep\n|turn|13\n|\n|t:|1699781124\n|move|p2b: Starbucks\ud83e\udd2e\ud83e\udd2e|Infestation|p1a: Cute face\n|-resisted|p1a: Cute face\n|-damage|p1a: Cute face|34\/100 slp\n|cant|p1a: Cute face|slp\n|move|p2a: Eye Sword|Autotomize|p2a: Eye Sword\n|-boost|p2a: Eye Sword|spe|2\n|-start|p2a: Eye Sword|Autotomize\n|\n|-end|p1a: Cute face|Infestation|[partiallytrapped]\n|upkeep\n|turn|14\n|\n|t:|1699781145\n|-formechange|p2a: Eye Sword|Aegislash-Blade||[from] ability: Stance Change\n|move|p2a: Eye Sword|Flash Cannon|p1a: Cute face\n|-supereffective|p1a: Cute face\n|-damage|p1a: Cute face|0 fnt\n|faint|p1a: Cute face\n|-damage|p2a: Eye Sword|91\/100|[from] item: Life Orb\n|\n|win|noobying\n|raw|HyperDrive39's rating: 1121 &rarr; <strong>1088<\/strong><br \/>(-33 for losing)\n|raw|noobying's rating: 1000 &rarr; <strong>1053<\/strong><br \/>(+53 for winning)\n|c|\u2606HyperDrive39|gg\n","uploadtime":1699781162,"views":7,"p1id":"hyperdrive39","p2id":"noobying","formatid":"gen9nationaldexdoubles","rating":1053,"private":0,"password":""}