{"id":"gen9nationaldexdoubles-1970785988","p1":"OEEM67","p2":"solrack2008","format":"[Gen 9] National Dex Doubles","log":"|j|\u2606OEEM67\n|j|\u2606solrack2008\n|t:|1697667015\n|gametype|doubles\n|player|p1|OEEM67|lady-gen4|\n|player|p2|solrack2008|iris|\n|teamsize|p1|6\n|teamsize|p2|6\n|gen|9\n|tier|[Gen 9] National Dex Doubles\n|rule|HP Percentage Mod: HP is shown in percentages\n|rule|Endless Battle Clause: Forcing endless battles is banned\n|rule|OHKO Clause: OHKO moves are banned\n|rule|Evasion Moves Clause: Evasion moves are banned\n|rule|Evasion Abilities Clause: Evasion abilities are banned\n|rule|Species Clause: Limit one of each Pok\u00e9mon\n|rule|Gravity Sleep Clause: The combination of sleep-inducing moves with imperfect accuracy and Gravity or Gigantamax Orbeetle are banned\n|clearpoke\n|poke|p1|Gardevoir, F|\n|poke|p1|Florges-Blue, F|\n|poke|p1|Aurorus, F|\n|poke|p1|Hawlucha, F|\n|poke|p1|Goodra-Hisui, F|\n|poke|p1|Gourgeist-*, F|\n|poke|p2|Aggron, F|\n|poke|p2|Dragonite, M|\n|poke|p2|Lapras, M|\n|poke|p2|Druddigon, M|\n|poke|p2|Haxorus, F|\n|poke|p2|Hydreigon, M|\n|teampreview\n|c|\u2606solrack2008|Velio verga shuerk\n|\n|t:|1697667044\n|start\n|switch|p1a: Dino|Goodra-Hisui, F|100\/100\n|switch|p1b: Pochi|Hawlucha, F|100\/100\n|switch|p2a: Druddigon|Druddigon, M|100\/100\n|switch|p2b: Aggron|Aggron, F|100\/100\n|turn|1\n|\n|t:|1697667096\n|switch|p1a: Halloween|Gourgeist-Large, F|100\/100\n|detailschange|p2b: Aggron|Aggron-Mega, F\n|-mega|p2b: Aggron|Aggron|Aggronite\n|move|p1b: Pochi|Protect|p1b: Pochi\n|-singleturn|p1b: Pochi|Protect\n|move|p2b: Aggron|Rock Slide|p1b: Pochi|[spread] p1a\n|-activate|p1b: Pochi|move: Protect\n|-damage|p1a: Halloween|81\/100\n|move|p2a: Druddigon|Glare|p1a: Halloween\n|-status|p1a: Halloween|par\n|\n|-heal|p1a: Halloween|88\/100 par|[from] item: Leftovers\n|upkeep\n|turn|2\n|\n|t:|1697667141\n|move|p1b: Pochi|Swords Dance|p1b: Pochi\n|-boost|p1b: Pochi|atk|2\n|move|p2b: Aggron|Thunder Punch|p1b: Pochi\n|-supereffective|p1b: Pochi\n|-damage|p1b: Pochi|10\/100\n|-status|p1b: Pochi|par\n|move|p2a: Druddigon|Stealth Rock|p1b: Pochi\n|-sidestart|p1: OEEM67|move: Stealth Rock\n|move|p1a: Halloween|Leech Seed|p2b: Aggron\n|-start|p2b: Aggron|move: Leech Seed\n|\n|-heal|p1a: Halloween|94\/100 par|[from] item: Leftovers\n|-damage|p2b: Aggron|88\/100|[from] Leech Seed|[of] p1a: Halloween\n|-heal|p1a: Halloween|100\/100 par|[silent]\n|upkeep\n|turn|3\n|\n|t:|1697667166\n|move|p2a: Druddigon|Sucker Punch||[still]\n|-fail|p2a: Druddigon\n|move|p1b: Pochi|Drain Punch|p2b: Aggron\n|-supereffective|p2b: Aggron\n|-damage|p2b: Aggron|40\/100\n|-heal|p1b: Pochi|38\/100 par|[from] drain|[of] p2b: Aggron\n|move|p2b: Aggron|Rock Slide|p1b: Pochi|[spread] p1b\n|-miss|p2b: Aggron|p1a: Halloween\n|-damage|p1b: Pochi|4\/100 par\n|move|p1a: Halloween|Toxic|p2a: Druddigon\n|-status|p2a: Druddigon|tox\n|\n|-damage|p2b: Aggron|28\/100|[from] Leech Seed|[of] p1a: Halloween\n|-damage|p2a: Druddigon|94\/100 tox|[from] psn\n|upkeep\n|turn|4\n|\n|t:|1697667191\n|move|p2a: Druddigon|Sucker Punch|p1b: Pochi\n|-resisted|p1b: Pochi\n|-damage|p1b: Pochi|0 fnt\n|faint|p1b: Pochi\n|move|p2b: Aggron|Ice Punch|p1a: Halloween\n|-supereffective|p1a: Halloween\n|-damage|p1a: Halloween|50\/100 par\n|move|p1a: Halloween|Leech Seed|p2a: Druddigon\n|-start|p2a: Druddigon|move: Leech Seed\n|\n|-heal|p1a: Halloween|56\/100 par|[from] item: Leftovers\n|-damage|p2b: Aggron|15\/100|[from] Leech Seed|[of] p1a: Halloween\n|-heal|p1a: Halloween|68\/100 par|[silent]\n|-damage|p2a: Druddigon|82\/100 tox|[from] Leech Seed|[of] p1a: Halloween\n|-heal|p1a: Halloween|81\/100 par|[silent]\n|-damage|p2a: Druddigon|70\/100 tox|[from] psn\n|upkeep\n|\n|t:|1697667209\n|switch|p1b: Dino|Goodra-Hisui, F|100\/100\n|-damage|p1b: Dino|95\/100|[from] Stealth Rock\n|turn|5\n|\n|t:|1697667237\n|move|p1a: Halloween|Protect|p1a: Halloween\n|-singleturn|p1a: Halloween|Protect\n|move|p1b: Dino|Ice Beam|p2a: Druddigon\n|-supereffective|p2a: Druddigon\n|-damage|p2a: Druddigon|3\/100 tox\n|move|p2b: Aggron|Ice Punch|p1a: Halloween\n|-activate|p1a: Halloween|move: Protect\n|move|p2a: Druddigon|Glare|p1b: Dino\n|-status|p1b: Dino|par\n|\n|-heal|p1a: Halloween|87\/100 par|[from] item: Leftovers\n|-damage|p2b: Aggron|3\/100|[from] Leech Seed|[of] p1a: Halloween\n|-heal|p1a: Halloween|99\/100 par|[silent]\n|-damage|p2a: Druddigon|0 fnt|[from] Leech Seed|[of] p1a: Halloween\n|-heal|p1a: Halloween|100\/100 par|[silent]\n|faint|p2a: Druddigon\n|upkeep\n|\n|t:|1697667249\n|switch|p2a: Lapras|Lapras, M|100\/100\n|turn|6\n|\n|t:|1697667264\n|-terastallize|p1a: Halloween|Ghost\n|move|p2a: Lapras|Freeze-Dry|p1b: Dino\n|-damage|p1b: Dino|77\/100 par\n|move|p2b: Aggron|Ice Punch|p1a: Halloween\n|-damage|p1a: Halloween|74\/100 par\n|move|p1a: Halloween|Toxic|p2a: Lapras\n|-status|p2a: Lapras|tox\n|-zpower|p1b: Dino\n|move|p1b: Dino|Devastating Drake|p2a: Lapras|[zeffect]\n|-damage|p2a: Lapras|53\/100 tox\n|\n|-heal|p2a: Lapras|59\/100 tox|[from] item: Leftovers\n|-heal|p1a: Halloween|80\/100 par|[from] item: Leftovers\n|-damage|p2b: Aggron|0 fnt|[from] Leech Seed|[of] p1a: Halloween\n|-heal|p1a: Halloween|82\/100 par|[silent]\n|faint|p2b: Aggron\n|-damage|p2a: Lapras|53\/100 tox|[from] psn\n|upkeep\n|\n|t:|1697667278\n|switch|p2b: Dragonite|Dragonite, M|100\/100\n|turn|7\n|\n|t:|1697667294\n|move|p2b: Dragonite|Flamethrower|p1b: Dino\n|-damage|p1b: Dino|57\/100 par\n|-damage|p2b: Dragonite|91\/100|[from] item: Life Orb\n|move|p2a: Lapras|Surf|p1b: Dino|[spread] p2b,p1a,p1b\n|-resisted|p2b: Dragonite\n|-crit|p1a: Halloween\n|-resisted|p1b: Dino\n|-damage|p2b: Dragonite|81\/100\n|-damage|p1a: Halloween|55\/100 par\n|-damage|p1b: Dino|49\/100 par\n|move|p1a: Halloween|Toxic|p2b: Dragonite\n|-status|p2b: Dragonite|tox\n|move|p1b: Dino|Ice Beam|p2b: Dragonite\n|-supereffective|p2b: Dragonite\n|-damage|p2b: Dragonite|0 fnt\n|faint|p2b: Dragonite\n|\n|-heal|p2a: Lapras|59\/100 tox|[from] item: Leftovers\n|-heal|p1a: Halloween|62\/100 par|[from] item: Leftovers\n|-damage|p2a: Lapras|47\/100 tox|[from] psn\n|upkeep\n|\n|t:|1697667301\n|switch|p2b: Haxorus|Haxorus, F|100\/100\n|-ability|p2b: Haxorus|Mold Breaker\n|turn|8\n|\n|t:|1697667322\n|move|p2b: Haxorus|Close Combat|p1b: Dino\n|-supereffective|p1b: Dino\n|-damage|p1b: Dino|0 fnt\n|-unboost|p2b: Haxorus|def|1\n|-unboost|p2b: Haxorus|spd|1\n|faint|p1b: Dino\n|move|p2a: Lapras|Freeze-Dry|p1a: Halloween\n|-damage|p1a: Halloween|43\/100 par\n|cant|p1a: Halloween|par\n|\n|-heal|p2a: Lapras|53\/100 tox|[from] item: Leftovers\n|-heal|p1a: Halloween|49\/100 par|[from] item: Leftovers\n|-damage|p2a: Lapras|34\/100 tox|[from] psn\n|upkeep\n|\n|t:|1697667336\n|switch|p1b: Gardevoir|Gardevoir, F|100\/100\n|-damage|p1b: Gardevoir|88\/100|[from] Stealth Rock\n|turn|9\n|\n|t:|1697667352\n|detailschange|p1b: Gardevoir|Gardevoir-Mega, F\n|-mega|p1b: Gardevoir|Gardevoir|Gardevoirite\n|move|p1b: Gardevoir|Dazzling Gleam|p2b: Haxorus|[spread] p2a,p2b\n|-supereffective|p2b: Haxorus\n|-damage|p2a: Lapras|15\/100 tox\n|-damage|p2b: Haxorus|0 fnt\n|faint|p2b: Haxorus\n|move|p2a: Lapras|Freeze-Dry|p1b: Gardevoir\n|-damage|p1b: Gardevoir|68\/100\n|move|p1a: Halloween|Leech Seed|p2a: Lapras\n|-start|p2a: Lapras|move: Leech Seed\n|\n|-heal|p2a: Lapras|22\/100 tox|[from] item: Leftovers\n|-heal|p1a: Halloween|55\/100 par|[from] item: Leftovers\n|-damage|p2a: Lapras|9\/100 tox|[from] Leech Seed|[of] p1a: Halloween\n|-heal|p1a: Halloween|71\/100 par|[silent]\n|-damage|p2a: Lapras|0 fnt|[from] psn\n|faint|p2a: Lapras\n|upkeep\n|\n|t:|1697667362\n|switch|p2a: Hydreigon|Hydreigon, M|100\/100\n|turn|10\n|\n|t:|1697667381\n|move|p1a: Halloween|Protect|p1a: Halloween\n|-singleturn|p1a: Halloween|Protect\n|move|p1b: Gardevoir|Dazzling Gleam|p2a: Hydreigon\n|-supereffective|p2a: Hydreigon\n|-damage|p2a: Hydreigon|0 fnt\n|faint|p2a: Hydreigon\n|\n|win|OEEM67\n|l|\u2606solrack2008\n","uploadtime":1697667393,"views":10,"p1id":"oeem67","p2id":"solrack2008","formatid":"gen9nationaldexdoubles","rating":0,"private":0,"password":""}