{"id":"gen9nationaldexdoubles-1993790279","p1":"Galaxia015","p2":"0spr3y","format":"[Gen 9] National Dex Doubles","log":"|j|\u2606Galaxia015\n|j|\u26060spr3y\n|t:|1700357584\n|gametype|doubles\n|player|p1|Galaxia015|ghetsis|\n|player|p2|0spr3y|colress|\n|teamsize|p1|6\n|teamsize|p2|6\n|gen|9\n|tier|[Gen 9] National Dex Doubles\n|rule|HP Percentage Mod: HP is shown in percentages\n|rule|Endless Battle Clause: Forcing endless battles is banned\n|rule|OHKO Clause: OHKO moves are banned\n|rule|Evasion Moves Clause: Evasion moves are banned\n|rule|Evasion Abilities Clause: Evasion abilities are banned\n|rule|Species Clause: Limit one of each Pok\u00e9mon\n|rule|Gravity Sleep Clause: The combination of sleep-inducing moves with imperfect accuracy and Gravity or Gigantamax Orbeetle are banned\n|clearpoke\n|poke|p1|Armarouge, M|\n|poke|p1|Indeedee-F, F|\n|poke|p1|Cresselia, F|\n|poke|p1|Ursaluna-Bloodmoon, M|\n|poke|p1|Dusclops, M|\n|poke|p1|Iron Hands|\n|poke|p2|Volcanion|\n|poke|p2|Urshifu-*, F|\n|poke|p2|Kommo-o, M|\n|poke|p2|Indeedee-F, F|\n|poke|p2|Alakazam, M|\n|poke|p2|Chien-Pao|\n|teampreview\n|inactive|Battle timer is ON: inactive players will automatically lose when time's up. (requested by Galaxia015)\n|\n|t:|1700357611\n|start\n|switch|p1a: Cresselia|Cresselia, F|100\/100\n|switch|p1b: Iron Hands|Iron Hands|100\/100\n|switch|p2a: Chien-Pao|Chien-Pao|100\/100\n|switch|p2b: Volcanion|Volcanion|100\/100\n|-ability|p2a: Chien-Pao|Sword of Ruin\n|-enditem|p1b: Iron Hands|Booster Energy\n|-activate|p1b: Iron Hands|ability: Quark Drive|[fromitem]\n|-start|p1b: Iron Hands|quarkdriveatk\n|turn|1\n|\n|t:|1700357635\n|move|p1b: Iron Hands|Fake Out|p2a: Chien-Pao\n|-damage|p2a: Chien-Pao|70\/100\n|cant|p2a: Chien-Pao|flinch\n|move|p2b: Volcanion|Steam Eruption|p1b: Iron Hands\n|-damage|p1b: Iron Hands|60\/100\n|move|p1a: Cresselia|Trick Room|p1a: Cresselia\n|-fieldstart|move: Trick Room|[of] p1a: Cresselia\n|\n|upkeep\n|turn|2\n|\n|t:|1700357665\n|move|p1a: Cresselia|Ally Switch|p1a: Cresselia\n|swap|p1a: Cresselia|1|[from] move: Ally Switch\n|move|p1a: Iron Hands|Drain Punch|p2a: Chien-Pao\n|-supereffective|p2a: Chien-Pao\n|-damage|p2a: Chien-Pao|0 fnt\n|-heal|p1a: Iron Hands|81\/100|[from] drain|[of] p2a: Chien-Pao\n|faint|p2a: Chien-Pao\n|move|p2b: Volcanion|Heat Wave|p1b: Cresselia|[spread] p1a,p1b\n|-crit|p1a: Iron Hands\n|-damage|p1a: Iron Hands|38\/100\n|-damage|p1b: Cresselia|86\/100\n|\n|-heal|p1b: Cresselia|92\/100|[from] item: Leftovers\n|upkeep\n|inactive|0spr3y has 270 seconds left.\n|\n|t:|1700357682\n|switch|p2a: Indeedee|Indeedee-F, F|100\/100\n|-fieldstart|move: Psychic Terrain|[from] ability: Psychic Surge|[of] p2a: Indeedee\n|turn|3\n|\n|t:|1700357697\n|move|p1a: Iron Hands|Drain Punch|p2b: Volcanion\n|-damage|p2b: Volcanion|68\/100\n|-heal|p1a: Iron Hands|50\/100|[from] drain|[of] p2b: Volcanion\n|move|p2b: Volcanion|Heat Wave|p1a: Iron Hands|[spread] p1a,p1b\n|-damage|p1a: Iron Hands|22\/100\n|-damage|p1b: Cresselia|77\/100\n|move|p1b: Cresselia|Lunar Blessing|p1b: Cresselia|[spread] p1a,p1b\n|-heal|p1a: Iron Hands|47\/100\n|-heal|p1b: Cresselia|100\/100\n|move|p2a: Indeedee|Expanding Force|p1b: Cresselia|[spread] p1a,p1b\n|-supereffective|p1a: Iron Hands\n|-resisted|p1b: Cresselia\n|-damage|p1a: Iron Hands|0 fnt\n|-damage|p1b: Cresselia|88\/100\n|faint|p1a: Iron Hands\n|-end|p1a: Iron Hands|Quark Drive|[silent]\n|\n|-heal|p1b: Cresselia|94\/100|[from] item: Leftovers\n|upkeep\n|\n|t:|1700357708\n|switch|p1a: Ursaluna|Ursaluna-Bloodmoon, M|100\/100\n|turn|4\n|\n|t:|1700357718\n|-terastallize|p1a: Ursaluna|Normal\n|move|p2a: Indeedee|Follow Me|p2a: Indeedee\n|-singleturn|p2a: Indeedee|move: Follow Me\n|move|p1a: Ursaluna|Calm Mind|p1a: Ursaluna\n|-boost|p1a: Ursaluna|spa|1\n|-boost|p1a: Ursaluna|spd|1\n|move|p2b: Volcanion|Steam Eruption|p1a: Ursaluna\n|-damage|p1a: Ursaluna|61\/100\n|-status|p1a: Ursaluna|brn\n|move|p1b: Cresselia|Lunar Blessing|p1b: Cresselia|[spread] p1a,p1b\n|-heal|p1a: Ursaluna|86\/100 brn\n|-curestatus|p1a: Ursaluna|brn|[msg]\n|-heal|p1b: Cresselia|100\/100\n|\n|-heal|p1a: Ursaluna|92\/100|[from] item: Leftovers\n|upkeep\n|turn|5\n|\n|t:|1700357747\n|move|p2a: Indeedee|Follow Me|p2a: Indeedee\n|-singleturn|p2a: Indeedee|move: Follow Me\n|move|p1a: Ursaluna|Earth Power|p2a: Indeedee\n|-damage|p2a: Indeedee|15\/100\n|move|p2b: Volcanion|Taunt|p1b: Cresselia\n|-start|p1b: Cresselia|move: Taunt\n|move|p1b: Cresselia|Ice Beam|p2a: Indeedee\n|-damage|p2a: Indeedee|0 fnt\n|faint|p2a: Indeedee\n|\n|-heal|p1a: Ursaluna|98\/100|[from] item: Leftovers\n|-fieldend|move: Trick Room\n|upkeep\n|inactive|0spr3y has 270 seconds left.\n|\n|t:|1700357762\n|switch|p2a: Urshifu|Urshifu-Rapid-Strike, F|100\/100\n|turn|6\n|\n|t:|1700357781\n|switch|p1b: Armarouge|Armarouge, M|100\/100\n|switch|p1a: Dusclops|Dusclops, M|100\/100\n|-item|p2a: Urshifu|Choice Scarf|[from] ability: Frisk|[of] p1a: Dusclops|[identify]\n|-item|p2b: Volcanion|Sitrus Berry|[from] ability: Frisk|[of] p1a: Dusclops|[identify]\n|-terastallize|p2a: Urshifu|Water\n|move|p2a: Urshifu|Surging Strikes|p1a: Dusclops\n|-crit|p1a: Dusclops\n|-damage|p1a: Dusclops|83\/100\n|-crit|p1a: Dusclops\n|-damage|p1a: Dusclops|66\/100\n|-crit|p1a: Dusclops\n|-damage|p1a: Dusclops|48\/100\n|-hitcount|p1a: Dusclops|3\n|move|p2b: Volcanion|Steam Eruption|p1b: Armarouge\n|-supereffective|p1b: Armarouge\n|-damage|p1b: Armarouge|0 fnt\n|faint|p1b: Armarouge\n|\n|upkeep\n|\n|t:|1700357787\n|switch|p1b: Ursaluna|Ursaluna-Bloodmoon, M, tera:Normal|98\/100\n|turn|7\n|\n|t:|1700357803\n|move|p2a: Urshifu|Surging Strikes|p1b: Ursaluna\n|-crit|p1b: Ursaluna\n|-damage|p1b: Ursaluna|79\/100\n|-crit|p1b: Ursaluna\n|-damage|p1b: Ursaluna|62\/100\n|-crit|p1b: Ursaluna\n|-damage|p1b: Ursaluna|44\/100\n|-hitcount|p1b: Ursaluna|3\n|move|p2b: Volcanion|Taunt|p1a: Dusclops\n|-start|p1a: Dusclops|move: Taunt\n|move|p1b: Ursaluna|Calm Mind|p1b: Ursaluna\n|-boost|p1b: Ursaluna|spa|1\n|-boost|p1b: Ursaluna|spd|1\n|cant|p1a: Dusclops|move: Taunt|Trick Room\n|\n|-heal|p1b: Ursaluna|50\/100|[from] item: Leftovers\n|-fieldend|move: Psychic Terrain\n|upkeep\n|turn|8\n|\n|t:|1700357824\n|switch|p1a: Cresselia|Cresselia, F|100\/100\n|move|p2a: Urshifu|Surging Strikes|p1b: Ursaluna\n|-crit|p1b: Ursaluna\n|-damage|p1b: Ursaluna|31\/100\n|-crit|p1b: Ursaluna\n|-damage|p1b: Ursaluna|13\/100\n|-crit|p1b: Ursaluna\n|-damage|p1b: Ursaluna|0 fnt\n|faint|p1b: Ursaluna\n|-hitcount|p1: Ursaluna|3\n|move|p2b: Volcanion|Steam Eruption|p1a: Cresselia\n|-damage|p1a: Cresselia|76\/100\n|\n|-heal|p1a: Cresselia|82\/100|[from] item: Leftovers\n|upkeep\n|\n|t:|1700357829\n|switch|p1b: Indeedee|Indeedee-F, F|100\/100\n|-fieldstart|move: Psychic Terrain|[from] ability: Psychic Surge|[of] p1b: Indeedee\n|turn|9\n|c|\u2606Galaxia015|Gg\n|-message|Galaxia015 forfeited.\n|\n|win|0spr3y\n|l|\u2606Galaxia015\n|c|\u26060spr3y|ggs\n","uploadtime":1700357847,"views":11,"p1id":"galaxia015","p2id":"0spr3y","formatid":"gen9nationaldexdoubles","rating":0,"private":0,"password":""}