{"id":"gen9nationaldexdoubles-1994315507","p1":"usagi the weeb","p2":"Autumn kings","format":"[Gen 9] National Dex Doubles","log":"|j|\u2606usagi the weeb\n|j|\u2606Autumn kings\n|t:|1700430244\n|gametype|doubles\n|player|p1|usagi the weeb|juggler|\n|player|p2|Autumn kings|169|\n|teamsize|p1|6\n|teamsize|p2|6\n|gen|9\n|tier|[Gen 9] National Dex Doubles\n|rule|HP Percentage Mod: HP is shown in percentages\n|rule|Endless Battle Clause: Forcing endless battles is banned\n|rule|OHKO Clause: OHKO moves are banned\n|rule|Evasion Moves Clause: Evasion moves are banned\n|rule|Evasion Abilities Clause: Evasion abilities are banned\n|rule|Species Clause: Limit one of each Pok\u00e9mon\n|rule|Gravity Sleep Clause: The combination of sleep-inducing moves with imperfect accuracy and Gravity or Gigantamax Orbeetle are banned\n|clearpoke\n|poke|p1|Moltres-Galar|\n|poke|p1|Salazzle, F|\n|poke|p1|Torterra, M|\n|poke|p1|Snorlax, F|\n|poke|p1|Ursaluna, M|\n|poke|p1|Gardevoir, F|\n|poke|p2|Ceruledge, M|\n|poke|p2|Slither Wing|\n|poke|p2|Bastiodon, M|\n|poke|p2|Ting-Lu|\n|poke|p2|Kilowattrel, F|\n|poke|p2|Samurott-Hisui, F|\n|teampreview\n|j| Maybebetterthanu\n|\n|t:|1700430274\n|start\n|switch|p1a: sizzle|Salazzle, F, shiny|100\/100\n|switch|p1b: Rem|Gardevoir, F, shiny|100\/100\n|switch|p2a: Bastiodon|Bastiodon, M|100\/100\n|switch|p2b: Samurott|Samurott-Hisui, F|100\/100\n|turn|1\n|\n|t:|1700430310\n|detailschange|p1b: Rem|Gardevoir-Mega, F, shiny\n|-mega|p1b: Rem|Gardevoir|Gardevoirite\n|move|p2b: Samurott|Helping Hand|p2a: Bastiodon\n|-singleturn|p2a: Bastiodon|Helping Hand|[of] p2b: Samurott\n|move|p1b: Rem|Aura Sphere|p2a: Bastiodon\n|-supereffective|p2a: Bastiodon\n|-ability|p2a: Bastiodon|Sturdy\n|-damage|p2a: Bastiodon|1\/100\n|move|p2a: Bastiodon|Iron Head|p1b: Rem\n|-supereffective|p1b: Rem\n|-damage|p1b: Rem|0 fnt\n|faint|p1b: Rem\n|move|p1a: sizzle|Dragon Tail|p2b: Samurott\n|-damage|p2b: Samurott|88\/100\n|drag|p2b: Slither Wing|Slither Wing|100\/100\n|\n|-heal|p2a: Bastiodon|7\/100|[from] item: Leftovers\n|upkeep\n|\n|t:|1700430327\n|switch|p1b: Mr.Chef|Snorlax, F|100\/100\n|turn|2\n|\n|t:|1700430347\n|move|p1a: sizzle|Sludge Wave|p2a: Bastiodon|[spread] p1b,p2b\n|-immune|p2a: Bastiodon\n|-damage|p1b: Mr.Chef|80\/100\n|-damage|p2b: Slither Wing|71\/100\n|move|p2b: Slither Wing|U-turn|p1a: sizzle\n|-resisted|p1a: sizzle\n|-damage|p1a: sizzle|83\/100\n|\n|t:|1700430355\n|-end|p2b: Slither Wing|Protosynthesis|[silent]\n|switch|p2b: Ting-Lu|Ting-Lu|100\/100|[from] U-turn\n|-ability|p2b: Ting-Lu|Vessel of Ruin\n|move|p2a: Bastiodon|Screech|p1b: Mr.Chef\n|-unboost|p1b: Mr.Chef|def|2\n|move|p1b: Mr.Chef|Fire Blast|p2b: Ting-Lu\n|-crit|p2b: Ting-Lu\n|-damage|p2b: Ting-Lu|91\/100\n|-status|p2b: Ting-Lu|brn\n|\n|-heal|p2a: Bastiodon|13\/100|[from] item: Leftovers\n|-heal|p1b: Mr.Chef|86\/100|[from] item: Leftovers\n|-damage|p2b: Ting-Lu|84\/100 brn|[from] brn\n|upkeep\n|turn|3\n|\n|t:|1700430412\n|switch|p1a: Phoenix|Moltres-Galar, shiny|100\/100\n|move|p2b: Ting-Lu|Zen Headbutt|p1b: Mr.Chef\n|-damage|p1b: Mr.Chef|68\/100\n|move|p2a: Bastiodon|Iron Defense|p2a: Bastiodon\n|-boost|p2a: Bastiodon|def|2\n|move|p1b: Mr.Chef|Hammer Arm|p2b: Ting-Lu\n|-supereffective|p2b: Ting-Lu\n|-damage|p2b: Ting-Lu|54\/100 brn\n|-unboost|p1b: Mr.Chef|spe|1\n|\n|-heal|p2a: Bastiodon|19\/100|[from] item: Leftovers\n|-heal|p1b: Mr.Chef|74\/100|[from] item: Leftovers\n|-damage|p2b: Ting-Lu|48\/100 brn|[from] brn\n|upkeep\n|turn|4\n|\n|t:|1700430441\n|-terastallize|p2a: Bastiodon|Rock\n|move|p1a: Phoenix|Fiery Wrath|p2b: Ting-Lu|[spread] p2a,p2b\n|-resisted|p2b: Ting-Lu\n|-damage|p2a: Bastiodon|0 fnt\n|-damage|p2b: Ting-Lu|43\/100 brn\n|faint|p2a: Bastiodon\n|move|p2b: Ting-Lu|Ruination|p1b: Mr.Chef\n|-damage|p1b: Mr.Chef|37\/100\n|move|p1b: Mr.Chef|Fire Blast|p2b: Ting-Lu\n|-damage|p2b: Ting-Lu|37\/100 brn\n|\n|-heal|p1b: Mr.Chef|43\/100|[from] item: Leftovers\n|-damage|p2b: Ting-Lu|30\/100 brn|[from] brn\n|upkeep\n|\n|t:|1700430461\n|switch|p2a: Kilowattrel|Kilowattrel, F|100\/100\n|turn|5\n|\n|t:|1700430477\n|move|p2a: Kilowattrel|Tailwind|p2a: Kilowattrel\n|-sidestart|p2: Autumn kings|move: Tailwind\n|move|p1a: Phoenix|U-turn|p2b: Ting-Lu\n|-supereffective|p2b: Ting-Lu\n|-damage|p2b: Ting-Lu|18\/100 brn\n|\n|t:|1700430485\n|switch|p1a: The World|Torterra, M|100\/100|[from] U-turn\n|move|p2b: Ting-Lu|Zen Headbutt|p1b: Mr.Chef\n|-damage|p1b: Mr.Chef|24\/100\n|cant|p1b: Mr.Chef|flinch\n|\n|-heal|p1b: Mr.Chef|30\/100|[from] item: Leftovers\n|-damage|p2b: Ting-Lu|12\/100 brn|[from] brn\n|upkeep\n|turn|6\n|\n|t:|1700430511\n|move|p2a: Kilowattrel|Air Slash|p1a: The World\n|-supereffective|p1a: The World\n|-damage|p1a: The World|33\/100\n|move|p2b: Ting-Lu|Zen Headbutt|p1b: Mr.Chef\n|-damage|p1b: Mr.Chef|10\/100\n|move|p1a: The World|Shell Smash|p1a: The World\n|-unboost|p1a: The World|def|1\n|-unboost|p1a: The World|spd|1\n|-boost|p1a: The World|atk|2\n|-boost|p1a: The World|spa|2\n|-boost|p1a: The World|spe|2\n|-enditem|p1a: The World|White Herb\n|-clearnegativeboost|p1a: The World|[silent]\n|move|p1b: Mr.Chef|Fire Blast|p2a: Kilowattrel\n|-damage|p2a: Kilowattrel|77\/100\n|-status|p2a: Kilowattrel|brn\n|\n|-heal|p1b: Mr.Chef|16\/100|[from] item: Leftovers\n|-damage|p2a: Kilowattrel|71\/100 brn|[from] brn\n|-damage|p2b: Ting-Lu|6\/100 brn|[from] brn\n|upkeep\n|turn|7\n|\n|t:|1700430544\n|move|p2a: Kilowattrel|Air Slash|p1a: The World\n|-supereffective|p1a: The World\n|-damage|p1a: The World|0 fnt\n|faint|p1a: The World\n|move|p2b: Ting-Lu|Zen Headbutt|p1b: Mr.Chef\n|-damage|p1b: Mr.Chef|0 fnt\n|faint|p1b: Mr.Chef\n|\n|-damage|p2a: Kilowattrel|65\/100 brn|[from] brn\n|-damage|p2b: Ting-Lu|0 fnt|[from] brn\n|faint|p2b: Ting-Lu\n|upkeep\n|\n|t:|1700430563\n|switch|p1a: sizzle|Salazzle, F, shiny|83\/100\n|switch|p2b: Samurott|Samurott-Hisui, F|88\/100\n|switch|p1b: Papa Bear|Ursaluna, M|100\/100\n|turn|8\n|\n|t:|1700430603\n|move|p2a: Kilowattrel|Tailwind||[still]\n|-fail|p2a: Kilowattrel\n|move|p2b: Samurott|Iron Tail|p1a: sizzle\n|-resisted|p1a: sizzle\n|-damage|p1a: sizzle|51\/100\n|move|p1a: sizzle|Will-O-Wisp|p1b: Papa Bear\n|-status|p1b: Papa Bear|brn\n|move|p1b: Papa Bear|Thunder Punch|p2b: Samurott\n|-supereffective|p2b: Samurott\n|-damage|p2b: Samurott|0 fnt\n|faint|p2b: Samurott\n|-damage|p1b: Papa Bear|91\/100 brn|[from] item: Life Orb\n|\n|-damage|p2a: Kilowattrel|59\/100 brn|[from] brn\n|-damage|p1b: Papa Bear|85\/100 brn|[from] brn\n|-sideend|p2: Autumn kings|move: Tailwind\n|upkeep\n|\n|t:|1700430618\n|switch|p2b: Slither Wing|Slither Wing|71\/100\n|turn|9\n|\n|t:|1700430629\n|move|p1a: sizzle|Fire Blast|p2b: Slither Wing\n|-supereffective|p2b: Slither Wing\n|-damage|p2b: Slither Wing|0 fnt\n|faint|p2b: Slither Wing\n|-end|p2b: Slither Wing|Protosynthesis|[silent]\n|move|p2a: Kilowattrel|Tailwind|p2a: Kilowattrel\n|-sidestart|p2: Autumn kings|move: Tailwind\n|move|p1b: Papa Bear|Earthquake|p2a: Kilowattrel|[spread] p1a\n|-immune|p2a: Kilowattrel\n|-supereffective|p1a: sizzle\n|-damage|p1a: sizzle|0 fnt\n|faint|p1a: sizzle\n|-damage|p1b: Papa Bear|75\/100 brn|[from] item: Life Orb\n|\n|-damage|p2a: Kilowattrel|53\/100 brn|[from] brn\n|-damage|p1b: Papa Bear|69\/100 brn|[from] brn\n|upkeep\n|\n|t:|1700430643\n|switch|p1a: Phoenix|Moltres-Galar, shiny|100\/100\n|switch|p2b: Ceruledge|Ceruledge, M|100\/100\n|turn|10\n|\n|t:|1700430663\n|move|p2a: Kilowattrel|Air Slash|p1a: Phoenix\n|-damage|p1a: Phoenix|66\/100\n|move|p2b: Ceruledge|Bitter Blade|p1b: Papa Bear\n|-damage|p1b: Papa Bear|41\/100 brn\n|cant|p1a: Phoenix|flinch\n|move|p1b: Papa Bear|Facade|p2a: Kilowattrel\n|-damage|p2a: Kilowattrel|0 fnt\n|faint|p2a: Kilowattrel\n|-damage|p1b: Papa Bear|31\/100 brn|[from] item: Life Orb\n|\n|-damage|p1b: Papa Bear|25\/100 brn|[from] brn\n|upkeep\n|turn|11\n|\n|t:|1700430699\n|move|p2b: Ceruledge|Iron Head|p1b: Papa Bear\n|-damage|p1b: Papa Bear|10\/100 brn\n|move|p1a: Phoenix|Fiery Wrath|p2b: Ceruledge\n|-supereffective|p2b: Ceruledge\n|-damage|p2b: Ceruledge|47\/100\n|move|p1b: Papa Bear|Earthquake|p2b: Ceruledge|[spread] p2b\n|-immune|p1a: Phoenix\n|-supereffective|p2b: Ceruledge\n|-damage|p2b: Ceruledge|0 fnt\n|faint|p2b: Ceruledge\n|-damage|p1b: Papa Bear|0 fnt|[from] item: Life Orb\n|faint|p1b: Papa Bear\n|\n|win|usagi the weeb\n|l| Maybebetterthanu\n","uploadtime":1700430729,"views":5,"p1id":"usagitheweeb","p2id":"autumnkings","formatid":"gen9nationaldexdoubles","rating":0,"private":0,"password":""}