{"id":"gen9nationaldexdoubles-1962617019","p1":"fumbari 24","p2":"ElHugamen","format":"[Gen 9] National Dex Doubles","log":"|j|\u2606fumbari 24\n|j|\u2606ElHugamen\n|t:|1696775103\n|gametype|doubles\n|player|p1|fumbari 24|266|1355\n|player|p2|ElHugamen|ghetsis|1200\n|teamsize|p1|6\n|teamsize|p2|6\n|gen|9\n|tier|[Gen 9] National Dex Doubles\n|rated|\n|rule|HP Percentage Mod: HP is shown in percentages\n|rule|Endless Battle Clause: Forcing endless battles is banned\n|rule|OHKO Clause: OHKO moves are banned\n|rule|Evasion Moves Clause: Evasion moves are banned\n|rule|Evasion Abilities Clause: Evasion abilities are banned\n|rule|Species Clause: Limit one of each Pok\u00e9mon\n|rule|Gravity Sleep Clause: The combination of sleep-inducing moves with imperfect accuracy and Gravity or Gigantamax Orbeetle are banned\n|clearpoke\n|poke|p1|Kommo-o, M|\n|poke|p1|Clefairy, F|\n|poke|p1|Volcanion|\n|poke|p1|Sinistcha|\n|poke|p1|Gardevoir, F|\n|poke|p1|Gallade, M|\n|poke|p2|Kommo-o, M|\n|poke|p2|Clefairy, F|\n|poke|p2|Landorus-Therian, M|\n|poke|p2|Corviknight, F|\n|poke|p2|Gardevoir, F|\n|poke|p2|Indeedee-F, F|\n|teampreview\n|\n|t:|1696775116\n|start\n|switch|p1a: Mo Ye|Gardevoir, F|100\/100\n|switch|p1b: Longyuan|Gallade, M|100\/100\n|switch|p2a: Gardevoir|Gardevoir, F, shiny|100\/100\n|switch|p2b: Indeedee|Indeedee-F, F, shiny|100\/100\n|-fieldstart|move: Psychic Terrain|[from] ability: Psychic Surge|[of] p1a: Mo Ye\n|-enditem|p2b: Indeedee|Psychic Seed\n|-boost|p2b: Indeedee|spd|1|[from] item: Psychic Seed\n|-ability|p1a: Mo Ye|Psychic Surge|[from] ability: Trace|[of] p2b: Indeedee\n|turn|1\n|inactive|Battle timer is ON: inactive players will automatically lose when time's up. (requested by fumbari 24)\n|\n|t:|1696775133\n|switch|p2a: Corviknight|Corviknight, F, shiny|100\/100\n|switch|p2b: Landorus|Landorus-Therian, M, shiny|100\/100\n|-ability|p2b: Landorus|Intimidate|boost\n|-unboost|p1a: Mo Ye|atk|1\n|-unboost|p1b: Longyuan|atk|1\n|detailschange|p1a: Mo Ye|Gardevoir-Mega, F\n|-mega|p1a: Mo Ye|Gardevoir|Gardevoirite\n|move|p1b: Longyuan|Wide Guard|p1b: Longyuan\n|-singleturn|p1b: Longyuan|Wide Guard\n|move|p1a: Mo Ye|Hyper Voice|p2a: Corviknight|[spread] p2a,p2b\n|-resisted|p2a: Corviknight\n|-damage|p2a: Corviknight|76\/100\n|-damage|p2b: Landorus|38\/100\n|\n|upkeep\n|turn|2\n|\n|t:|1696775152\n|move|p2b: Landorus|U-turn|p1a: Mo Ye\n|-damage|p1a: Mo Ye|53\/100\n|-damage|p2b: Landorus|28\/100|[from] item: Life Orb\n|\n|t:|1696775157\n|switch|p2b: Indeedee|Indeedee-F, F, shiny|100\/100|[from] U-turn\n|move|p1a: Mo Ye|Will-O-Wisp|p2a: Corviknight\n|-status|p2a: Corviknight|brn\n|move|p1b: Longyuan|Sacred Sword|p2a: Corviknight\n|-damage|p2a: Corviknight|42\/100 brn\n|move|p2a: Corviknight|Tailwind|p2a: Corviknight\n|-sidestart|p2: ElHugamen|move: Tailwind\n|\n|-damage|p2a: Corviknight|36\/100 brn|[from] brn\n|upkeep\n|turn|3\n|\n|t:|1696775175\n|move|p1b: Longyuan|Wide Guard|p1b: Longyuan\n|-singleturn|p1b: Longyuan|Wide Guard\n|move|p2b: Indeedee|Expanding Force|p1a: Mo Ye|[spread] \n|-activate|p1a: Mo Ye|move: Wide Guard\n|-activate|p1b: Longyuan|move: Wide Guard\n|move|p2a: Corviknight|Iron Head|p1a: Mo Ye\n|-supereffective|p1a: Mo Ye\n|-damage|p1a: Mo Ye|24\/100\n|move|p1a: Mo Ye|Hyper Voice|p2a: Corviknight|[spread] p2a,p2b\n|-resisted|p2a: Corviknight\n|-damage|p2a: Corviknight|13\/100 brn\n|-damage|p2b: Indeedee|70\/100\n|\n|-damage|p2a: Corviknight|7\/100 brn|[from] brn\n|upkeep\n|turn|4\n|\n|t:|1696775204\n|switch|p1b: Jin|Sinistcha|100\/100\n|-heal|p1a: Mo Ye|49\/100|[from] ability: Hospitality|[of] p1b: Jin\n|move|p2b: Indeedee|Protect|p2b: Indeedee\n|-singleturn|p2b: Indeedee|Protect\n|move|p2a: Corviknight|Iron Head|p1a: Mo Ye\n|-supereffective|p1a: Mo Ye\n|-damage|p1a: Mo Ye|23\/100\n|cant|p1a: Mo Ye|flinch\n|\n|-damage|p2a: Corviknight|1\/100 brn|[from] brn\n|upkeep\n|turn|5\n|l|\u2606fumbari 24\n|inactive|fumbari 24 disconnected and has a minute to reconnect!\n|player|p1|\n|j|\u2606fumbari 24\n|inactive|fumbari 24 reconnected and has 140 seconds left.\n|player|p1|fumbari 24|266\n|\n|t:|1696775223\n|switch|p2b: Clefairy|Clefairy, F|100\/100\n|move|p1a: Mo Ye|Protect|p1a: Mo Ye\n|-singleturn|p1a: Mo Ye|Protect\n|move|p2a: Corviknight|Iron Head|p1a: Mo Ye\n|-activate|p1a: Mo Ye|move: Protect\n|move|p1b: Jin|Life Dew||[still]|[spread] p1a,p1b\n|-heal|p1a: Mo Ye|48\/100\n|-fail|p1b: Jin|heal\n|\n|-damage|p2a: Corviknight|0 fnt|[from] brn\n|faint|p2a: Corviknight\n|-sideend|p2: ElHugamen|move: Tailwind\n|-fieldend|move: Psychic Terrain\n|upkeep\n|inactive|ElHugamen has 120 seconds left.\n|\n|t:|1696775258\n|switch|p2a: Kommo-o|Kommo-o, M|100\/100\n|turn|6\n|\n|t:|1696775271\n|switch|p1b: Taia|Clefairy, F|100\/100\n|-terastallize|p2a: Kommo-o|Normal\n|move|p2b: Clefairy|Helping Hand|p2a: Kommo-o\n|-singleturn|p2a: Kommo-o|Helping Hand|[of] p2b: Clefairy\n|move|p2a: Kommo-o|Boomburst|p1a: Mo Ye|[spread] p2b,p1a,p1b\n|-damage|p2b: Clefairy|37\/100\n|-damage|p1a: Mo Ye|3\/100\n|-damage|p1b: Taia|36\/100\n|-enditem|p2a: Kommo-o|Throat Spray\n|-boost|p2a: Kommo-o|spa|1|[from] item: Throat Spray\n|move|p1a: Mo Ye|Hyper Voice|p2a: Kommo-o|[spread] p2a,p2b\n|-damage|p2a: Kommo-o|61\/100\n|-damage|p2b: Clefairy|0 fnt\n|faint|p2b: Clefairy\n|\n|upkeep\n|\n|t:|1696775275\n|switch|p2b: Indeedee|Indeedee-F, F, shiny|70\/100\n|-fieldstart|move: Psychic Terrain|[from] ability: Psychic Surge|[of] p2b: Indeedee\n|turn|7\n|\n|t:|1696775297\n|switch|p1b: Jin|Sinistcha|100\/100\n|-heal|p1a: Mo Ye|28\/100|[from] ability: Hospitality|[of] p1b: Jin\n|move|p1a: Mo Ye|Protect|p1a: Mo Ye\n|-singleturn|p1a: Mo Ye|Protect\n|move|p2b: Indeedee|Protect|p2b: Indeedee\n|-singleturn|p2b: Indeedee|Protect\n|move|p2a: Kommo-o|Boomburst|p1a: Mo Ye|[spread] \n|-activate|p2b: Indeedee|move: Protect\n|-activate|p1a: Mo Ye|move: Protect\n|-immune|p1b: Jin\n|\n|upkeep\n|turn|8\n|\n|t:|1696775317\n|switch|p1a: Taia|Clefairy, F|36\/100\n|move|p2b: Indeedee|Helping Hand|p2a: Kommo-o\n|-singleturn|p2a: Kommo-o|Helping Hand|[of] p2b: Indeedee\n|move|p2a: Kommo-o|Boomburst|p1b: Jin|[spread] p2b,p1a\n|-immune|p1b: Jin\n|-damage|p2b: Indeedee|0 fnt\n|-damage|p1a: Taia|0 fnt\n|faint|p2b: Indeedee\n|faint|p1a: Taia\n|move|p1b: Jin|Matcha Gotcha|p2a: Kommo-o\n|-damage|p2a: Kommo-o|22\/100\n|\n|upkeep\n|\n|t:|1696775332\n|switch|p2b: Gardevoir|Gardevoir, F, shiny|100\/100\n|switch|p1a: Longyuan|Gallade, M|100\/100\n|turn|9\n|\n|t:|1696775355\n|detailschange|p2b: Gardevoir|Gardevoir-Mega, F, shiny\n|-mega|p2b: Gardevoir|Gardevoir|Gardevoirite\n|-terastallize|p1a: Longyuan|Normal\n|move|p1a: Longyuan|Wide Guard|p1a: Longyuan\n|-singleturn|p1a: Longyuan|Wide Guard\n|move|p2b: Gardevoir|Aura Sphere|p1a: Longyuan\n|-supereffective|p1a: Longyuan\n|-damage|p1a: Longyuan|41\/100\n|move|p2a: Kommo-o|Aura Sphere|p1a: Longyuan\n|-supereffective|p1a: Longyuan\n|-damage|p1a: Longyuan|0 fnt\n|faint|p1a: Longyuan\n|move|p1b: Jin|Matcha Gotcha|p2a: Kommo-o|[spread] p2a,p2b\n|-damage|p2a: Kommo-o|0 fnt\n|-damage|p2b: Gardevoir|75\/100\n|faint|p2a: Kommo-o\n|\n|upkeep\n|\n|t:|1696775373\n|switch|p2a: Landorus|Landorus-Therian, M, shiny|28\/100\n|switch|p1a: ChunJu|Volcanion|100\/100\n|-ability|p2a: Landorus|Intimidate|boost\n|-unboost|p1a: ChunJu|atk|1\n|-unboost|p1b: Jin|atk|1\n|turn|10\n|\n|t:|1696775385\n|move|p2b: Gardevoir|Expanding Force|p1b: Jin|[spread] p1a,p1b\n|-damage|p1a: ChunJu|29\/100\n|-damage|p1b: Jin|33\/100\n|-enditem|p1b: Jin|Sitrus Berry|[eat]\n|-heal|p1b: Jin|58\/100|[from] item: Sitrus Berry\n|move|p2a: Landorus|Knock Off|p1a: ChunJu\n|-crit|p1a: ChunJu\n|-damage|p1a: ChunJu|0 fnt\n|-enditem|p1a: ChunJu|Leftovers|[from] move: Knock Off|[of] p2a: Landorus\n|faint|p1a: ChunJu\n|-damage|p2a: Landorus|18\/100|[from] item: Life Orb\n|move|p1b: Jin|Matcha Gotcha|p2a: Landorus|[spread] p2a,p2b\n|-damage|p2a: Landorus|0 fnt\n|-heal|p1b: Jin|67\/100|[from] drain|[of] p2a: Landorus\n|-damage|p2b: Gardevoir|50\/100\n|-heal|p1b: Jin|77\/100|[from] drain|[of] p2b: Gardevoir\n|-status|p2b: Gardevoir|brn\n|faint|p2a: Landorus\n|\n|-damage|p2b: Gardevoir|44\/100 brn|[from] brn\n|upkeep\n|\n|t:|1696775409\n|switch|p1a: Mo Ye|Gardevoir-Mega, F|28\/100\n|turn|11\n|\n|t:|1696775415\n|move|p1a: Mo Ye|Protect|p1a: Mo Ye\n|-singleturn|p1a: Mo Ye|Protect\n|move|p2b: Gardevoir|Expanding Force|p1a: Mo Ye|[spread] p1b\n|-activate|p1a: Mo Ye|move: Protect\n|-damage|p1b: Jin|14\/100\n|move|p1b: Jin|Life Dew|p1b: Jin|[spread] p1a,p1b\n|-heal|p1a: Mo Ye|53\/100\n|-heal|p1b: Jin|39\/100\n|\n|-damage|p2b: Gardevoir|38\/100 brn|[from] brn\n|-fieldend|move: Psychic Terrain\n|upkeep\n|turn|12\n|\n|t:|1696775432\n|switch|p1b: Yohken|Kommo-o, M|100\/100\n|move|p2b: Gardevoir|Expanding Force|p1b: Yohken\n|-supereffective|p1b: Yohken\n|-damage|p1b: Yohken|0 fnt\n|faint|p1b: Yohken\n|move|p1a: Mo Ye|Hyper Voice|p2b: Gardevoir\n|-damage|p2b: Gardevoir|0 fnt\n|faint|p2b: Gardevoir\n|\n|win|fumbari 24\n|raw|fumbari 24's rating: 1355 &rarr; <strong>1367<\/strong><br \/>(+12 for winning)\n|raw|ElHugamen's rating: 1200 &rarr; <strong>1185<\/strong><br \/>(-15 for losing)\n|l|\u2606ElHugamen\n","uploadtime":1696775446,"views":4,"p1id":"fumbari24","p2id":"elhugamen","formatid":"gen9nationaldexdoubles","rating":1185,"private":0,"password":""}