{"id":"gen9nationaldexdoubles-1972301308","p1":"Shadow Dotto","p2":"hadn","format":"[Gen 9] National Dex Doubles","log":"|j|\u2606Shadow Dotto\n|j|\u2606hadn\n|t:|1697829404\n|gametype|doubles\n|player|p1|Shadow Dotto|dawn|1315\n|player|p2|hadn|byron|1093\n|teamsize|p1|6\n|teamsize|p2|6\n|gen|9\n|tier|[Gen 9] National Dex Doubles\n|rated|\n|rule|HP Percentage Mod: HP is shown in percentages\n|rule|Endless Battle Clause: Forcing endless battles is banned\n|rule|OHKO Clause: OHKO moves are banned\n|rule|Evasion Moves Clause: Evasion moves are banned\n|rule|Evasion Abilities Clause: Evasion abilities are banned\n|rule|Species Clause: Limit one of each Pok\u00e9mon\n|rule|Gravity Sleep Clause: The combination of sleep-inducing moves with imperfect accuracy and Gravity or Gigantamax Orbeetle are banned\n|clearpoke\n|poke|p1|Ogerpon-Hearthflame, F|\n|poke|p1|Charizard, F|\n|poke|p1|Tornadus, M|\n|poke|p1|Chi-Yu|\n|poke|p1|Flutter Mane|\n|poke|p1|Lilligant-Hisui, F|\n|poke|p2|Ambipom, F|\n|poke|p2|Arbok, M|\n|poke|p2|Rillaboom, M|\n|poke|p2|Basculegion, M|\n|poke|p2|Lucario, M|\n|poke|p2|Arcanine-Hisui, M|\n|teampreview\n|inactive|Battle timer is ON: inactive players will automatically lose when time's up. (requested by hadn)\n|inactive|Shadow Dotto also wants the timer to be on.\n|\n|t:|1697829416\n|start\n|switch|p1a: Tornadus|Tornadus, M, shiny|100\/100\n|switch|p1b: Flutter Mane|Flutter Mane|100\/100\n|switch|p2a: Ambipom|Ambipom, F, shiny|100\/100\n|switch|p2b: Lucario|Lucario, M|100\/100\n|turn|1\n|\n|t:|1697829434\n|-terastallize|p1b: Flutter Mane|Ghost\n|move|p1a: Tornadus|Tailwind|p1a: Tornadus\n|-sidestart|p1: Shadow Dotto|move: Tailwind\n|move|p1b: Flutter Mane|Moonblast|p2a: Ambipom\n|-damage|p2a: Ambipom|2\/100\n|move|p2a: Ambipom|Beat Up|p2b: Lucario\n|-resisted|p2b: Lucario\n|-damage|p2b: Lucario|97\/100\n|-ability|p2b: Lucario|Justified|boost\n|-boost|p2b: Lucario|atk|1\n|-resisted|p2b: Lucario\n|-damage|p2b: Lucario|93\/100\n|-ability|p2b: Lucario|Justified|boost\n|-boost|p2b: Lucario|atk|1\n|-resisted|p2b: Lucario\n|-damage|p2b: Lucario|89\/100\n|-ability|p2b: Lucario|Justified|boost\n|-boost|p2b: Lucario|atk|1\n|-resisted|p2b: Lucario\n|-damage|p2b: Lucario|86\/100\n|-ability|p2b: Lucario|Justified|boost\n|-boost|p2b: Lucario|atk|1\n|-resisted|p2b: Lucario\n|-damage|p2b: Lucario|82\/100\n|-ability|p2b: Lucario|Justified|boost\n|-boost|p2b: Lucario|atk|1\n|-resisted|p2b: Lucario\n|-damage|p2b: Lucario|79\/100\n|-ability|p2b: Lucario|Justified|boost\n|-boost|p2b: Lucario|atk|1\n|-hitcount|p2b: Lucario|6\n|move|p2b: Lucario|Ice Punch|p1a: Tornadus\n|-supereffective|p1a: Tornadus\n|-damage|p1a: Tornadus|0 fnt\n|faint|p1a: Tornadus\n|\n|upkeep\n|\n|t:|1697829448\n|switch|p1a: Lilligant|Lilligant-Hisui, F|100\/100\n|turn|2\n|inactive|hadn has 120 seconds left.\n|\n|t:|1697829487\n|detailschange|p2b: Lucario|Lucario-Mega, M\n|-mega|p2b: Lucario|Lucario|Lucarionite\n|move|p2b: Lucario|Bullet Punch|p1b: Flutter Mane\n|-damage|p1b: Flutter Mane|0 fnt\n|faint|p1b: Flutter Mane\n|-end|p1b: Flutter Mane|Protosynthesis|[silent]\n|move|p1a: Lilligant|Close Combat|p2b: Lucario\n|-supereffective|p2b: Lucario\n|-damage|p2b: Lucario|0 fnt\n|-unboost|p1a: Lilligant|def|1\n|-unboost|p1a: Lilligant|spd|1\n|faint|p2b: Lucario\n|move|p2a: Ambipom|U-turn|p1a: Lilligant\n|-damage|p1a: Lilligant|63\/100\n|\n|t:|1697829499\n|switch|p2a: Rillaboom|Rillaboom, M|100\/100|[from] U-turn\n|-fieldstart|move: Grassy Terrain|[from] ability: Grassy Surge|[of] p2a: Rillaboom\n|-enditem|p2a: Rillaboom|Grassy Seed\n|-boost|p2a: Rillaboom|def|1|[from] item: Grassy Seed\n|\n|-heal|p1a: Lilligant|69\/100|[from] Grassy Terrain\n|upkeep\n|\n|t:|1697829507\n|switch|p1b: Charizard|Charizard, F|100\/100\n|switch|p2b: Arcanine|Arcanine-Hisui, M|100\/100\n|turn|3\n|\n|t:|1697829517\n|detailschange|p1b: Charizard|Charizard-Mega-Y, F\n|-mega|p1b: Charizard|Charizard|Charizardite Y\n|-weather|SunnyDay|[from] ability: Drought|[of] p1b: Charizard\n|move|p1a: Lilligant|Close Combat|p2b: Arcanine\n|-supereffective|p2b: Arcanine\n|-damage|p2b: Arcanine|0 fnt\n|-unboost|p1a: Lilligant|def|1\n|-unboost|p1a: Lilligant|spd|1\n|faint|p2b: Arcanine\n|move|p1b: Charizard|Heat Wave|p2a: Rillaboom\n|-supereffective|p2a: Rillaboom\n|-damage|p2a: Rillaboom|0 fnt\n|faint|p2a: Rillaboom\n|\n|-weather|SunnyDay|[upkeep]\n|-heal|p1a: Lilligant|75\/100|[from] Grassy Terrain\n|upkeep\n|\n|t:|1697829531\n|switch|p2b: Ambipom|Ambipom, F, shiny|2\/100\n|switch|p2a: Basculegion|Basculegion, M, shiny|100\/100\n|turn|4\n|\n|t:|1697829542\n|move|p2b: Ambipom|Fake Out|p1b: Charizard\n|-damage|p1b: Charizard|64\/100\n|move|p1a: Lilligant|Ice Spinner|p2b: Ambipom\n|-damage|p2b: Ambipom|0 fnt\n|-fieldend|move: Grassy Terrain\n|faint|p2b: Ambipom\n|cant|p1b: Charizard|flinch\n|move|p2a: Basculegion|Hydro Pump|p1b: Charizard\n|-supereffective|p1b: Charizard\n|-damage|p1b: Charizard|7\/100\n|\n|-weather|SunnyDay|[upkeep]\n|-sideend|p1: Shadow Dotto|move: Tailwind\n|upkeep\n|\n|t:|1697829553\n|switch|p2b: Arbok|Arbok, M, shiny|100\/100\n|-ability|p2b: Arbok|Intimidate|boost\n|-unboost|p1a: Lilligant|atk|1\n|-unboost|p1b: Charizard|atk|1\n|turn|5\n|\n|t:|1697829566\n|move|p2a: Basculegion|Protect|p2a: Basculegion\n|-singleturn|p2a: Basculegion|Protect\n|move|p1a: Lilligant|Solar Blade||[still]\n|-prepare|p1a: Lilligant|Solar Blade\n|-anim|p1a: Lilligant|Solar Blade|p2a: Basculegion\n|-activate|p2a: Basculegion|move: Protect\n|move|p1b: Charizard|Weather Ball|p2b: Arbok\n|-damage|p2b: Arbok|0 fnt\n|faint|p2b: Arbok\n|\n|-weather|SunnyDay|[upkeep]\n|upkeep\n|turn|6\n|\n|t:|1697829578\n|move|p1a: Lilligant|Solar Blade||[still]\n|-prepare|p1a: Lilligant|Solar Blade\n|-anim|p1a: Lilligant|Solar Blade|p2a: Basculegion\n|-supereffective|p2a: Basculegion\n|-damage|p2a: Basculegion|0 fnt\n|faint|p2a: Basculegion\n|\n|win|Shadow Dotto\n|raw|Shadow Dotto's rating: 1315 &rarr; <strong>1324<\/strong><br \/>(+9 for winning)\n|raw|hadn's rating: 1093 &rarr; <strong>1083<\/strong><br \/>(-10 for losing)\n|l|\u2606hadn\n|c|\u2606Shadow Dotto|Gg\n","uploadtime":1697829596,"views":10,"p1id":"shadowdotto","p2id":"hadn","formatid":"gen9nationaldexdoubles","rating":1083,"private":0,"password":""}