{"id":"gen9nationaldexdoubles-1979201794","p1":"Snorkle Porkle","p2":"ufuf9ufu9","format":"[Gen 9] National Dex Doubles","log":"|j|\u2606Snorkle Porkle\n|j|\u2606ufuf9ufu9\n|t:|1698650611\n|gametype|doubles\n|player|p1|Snorkle Porkle|265|1030\n|player|p2|ufuf9ufu9|hilbert|1137\n|teamsize|p1|6\n|teamsize|p2|6\n|gen|9\n|tier|[Gen 9] National Dex Doubles\n|rated|\n|rule|HP Percentage Mod: HP is shown in percentages\n|rule|Endless Battle Clause: Forcing endless battles is banned\n|rule|OHKO Clause: OHKO moves are banned\n|rule|Evasion Moves Clause: Evasion moves are banned\n|rule|Evasion Abilities Clause: Evasion abilities are banned\n|rule|Species Clause: Limit one of each Pok\u00e9mon\n|rule|Gravity Sleep Clause: The combination of sleep-inducing moves with imperfect accuracy and Gravity or Gigantamax Orbeetle are banned\n|clearpoke\n|poke|p1|Tapu Koko|\n|poke|p1|Raichu-Alola, M|\n|poke|p1|Garchomp, M|\n|poke|p1|Metagross|\n|poke|p1|Drapion, M|\n|poke|p1|Dondozo, M|\n|poke|p2|Eevee, M|\n|poke|p2|Clefairy, M|\n|poke|p2|Krookodile, F|\n|poke|p2|Espeon, F|\n|poke|p2|Smeargle, F|\n|poke|p2|Cottonee, F|\n|teampreview\n|l|\u2606ufuf9ufu9\n|player|p2|\n|j|\u2606ufuf9ufu9\n|player|p2|ufuf9ufu9|hilbert\n|inactive|Battle timer is ON: inactive players will automatically lose when time's up. (requested by ufuf9ufu9)\n|\n|t:|1698650633\n|start\n|switch|p1a: Candy Corn|Tapu Koko|100\/100\n|switch|p1b: The Claaaaawww|Drapion, M|100\/100\n|switch|p2a: Eevee|Eevee, M|100\/100\n|switch|p2b: Clefairy|Clefairy, M|100\/100\n|-fieldstart|move: Electric Terrain|[from] ability: Electric Surge|[of] p1a: Candy Corn\n|turn|1\n|\n|t:|1698650651\n|move|p2b: Clefairy|Follow Me|p2b: Clefairy\n|-singleturn|p2b: Clefairy|move: Follow Me\n|move|p1a: Candy Corn|Light Screen|p1a: Candy Corn\n|-sidestart|p1: Snorkle Porkle|move: Light Screen\n|move|p1b: The Claaaaawww|Toxic Spikes|p2a: Eevee\n|-sidestart|p2: ufuf9ufu9|move: Toxic Spikes\n|-zpower|p2a: Eevee\n|move|p2a: Eevee|Extreme Evoboost|p2a: Eevee\n|-boost|p2a: Eevee|atk|2\n|-boost|p2a: Eevee|def|2\n|-boost|p2a: Eevee|spa|2\n|-boost|p2a: Eevee|spd|2\n|-boost|p2a: Eevee|spe|2\n|\n|upkeep\n|turn|2\n|inactive|Snorkle Porkle has 120 seconds left.\n|\n|t:|1698650687\n|switch|p2b: Smeargle|Smeargle, F|100\/100\n|-status|p2b: Smeargle|psn\n|move|p1a: Candy Corn|Thunder Punch|p2a: Eevee\n|-damage|p2a: Eevee|63\/100\n|move|p2a: Eevee|Baton Pass|p2a: Eevee\n|inactive|ufuf9ufu9 has 120 seconds left.\n|\n|t:|1698650697\n|switch|p2a: Espeon|Espeon, F|100\/100|[from] Baton Pass\n|-status|p2a: Espeon|psn\n|move|p1b: The Claaaaawww|Poison Jab|p2a: Espeon\n|-damage|p2a: Espeon|68\/100 psn\n|\n|-damage|p2a: Espeon|56\/100 psn|[from] psn\n|-damage|p2b: Smeargle|88\/100 psn|[from] psn\n|-ability|p2b: Smeargle|Moody|boost\n|-boost|p2b: Smeargle|atk|2\n|-unboost|p2b: Smeargle|spd|1\n|upkeep\n|turn|3\n|\n|t:|1698650719\n|move|p2a: Espeon|Stored Power|p1a: Candy Corn\n|-damage|p1a: Candy Corn|0 fnt\n|faint|p1a: Candy Corn\n|move|p2b: Smeargle|Transform|p2a: Espeon\n|-transform|p2b: Smeargle|p2a: Espeon\n|move|p1b: The Claaaaawww|Poison Jab|p2a: Espeon\n|-damage|p2a: Espeon|27\/100 psn\n|\n|-damage|p2a: Espeon|15\/100 psn|[from] psn\n|-damage|p2b: Smeargle|76\/100 psn|[from] psn\n|upkeep\n|-enditem|p2a: Espeon|Mago Berry|[eat]\n|-heal|p2a: Espeon|48\/100 psn|[from] item: Mago Berry\n|inactive|Snorkle Porkle has 120 seconds left.\n|\n|t:|1698650736\n|switch|p1a: Minato|Raichu-Alola, M|100\/100\n|turn|4\n|\n|t:|1698650764\n|move|p2b: Smeargle|Baton Pass|p2b: Smeargle\n|\n|t:|1698650766\n|switch|p2b: Krookodile|Krookodile, F|100\/100|[from] Baton Pass\n|-status|p2b: Krookodile|psn\n|move|p2a: Espeon|Shadow Ball|p1a: Minato\n|-supereffective|p1a: Minato\n|-damage|p1a: Minato|17\/100\n|-unboost|p1a: Minato|spd|1\n|move|p1a: Minato|Rising Voltage|p2a: Espeon\n|-hint|Rising Voltage's BP doubled on grounded target.\n|-damage|p2a: Espeon|0 fnt\n|faint|p2a: Espeon\n|move|p1b: The Claaaaawww|Knock Off|p2b: Krookodile\n|-resisted|p2b: Krookodile\n|-damage|p2b: Krookodile|90\/100 psn\n|-enditem|p2b: Krookodile|Aguav Berry|[from] move: Knock Off|[of] p1b: The Claaaaawww\n|\n|-damage|p2b: Krookodile|78\/100 psn|[from] psn\n|upkeep\n|inactive|ufuf9ufu9 has 120 seconds left.\n|\n|t:|1698650785\n|switch|p2a: Smeargle|Smeargle, F|76\/100 psn\n|turn|5\n|\n|t:|1698650802\n|move|p2b: Krookodile|Earthquake|p1b: The Claaaaawww|[spread] p2a,p1a,p1b\n|-supereffective|p1a: Minato\n|-crit|p1a: Minato\n|-supereffective|p1b: The Claaaaawww\n|-damage|p2a: Smeargle|0 fnt\n|-damage|p1a: Minato|0 fnt\n|-damage|p1b: The Claaaaawww|0 fnt\n|faint|p2a: Smeargle\n|faint|p1a: Minato\n|faint|p1b: The Claaaaawww\n|-ability|p2b: Krookodile|Moxie|boost\n|-boost|p2b: Krookodile|atk|3\n|\n|-damage|p2b: Krookodile|65\/100 psn|[from] psn\n|-fieldend|move: Electric Terrain\n|upkeep\n|\n|t:|1698650823\n|switch|p2a: Clefairy|Clefairy, M|100\/100\n|switch|p1a: Your Mom|Dondozo, M, shiny|100\/100\n|switch|p1b: Just a Dolphin|Garchomp, M, shiny|100\/100\n|-status|p2a: Clefairy|psn\n|turn|6\n|\n|t:|1698650845\n|move|p2a: Clefairy|Follow Me|p2a: Clefairy\n|-singleturn|p2a: Clefairy|move: Follow Me\n|move|p2b: Krookodile|Power Trip|p1b: Just a Dolphin\n|-damage|p1b: Just a Dolphin|0 fnt\n|-damage|p2b: Krookodile|53\/100 psn|[from] ability: Rough Skin|[of] p1b: Just a Dolphin\n|faint|p1b: Just a Dolphin\n|-ability|p2b: Krookodile|Moxie|boost\n|-boost|p2b: Krookodile|atk|1\n|move|p1a: Your Mom|Wave Crash|p2a: Clefairy\n|-crit|p2a: Clefairy\n|-damage|p2a: Clefairy|17\/100 psn\n|-damage|p1a: Your Mom|82\/100|[from] Recoil\n|\n|-heal|p1a: Your Mom|88\/100|[from] item: Leftovers\n|-damage|p2b: Krookodile|41\/100 psn|[from] psn\n|-damage|p2a: Clefairy|4\/100 psn|[from] psn\n|upkeep\n|\n|t:|1698650860\n|switch|p1b: Buried Treasure|Metagross, shiny|100\/100\n|turn|7\n|\n|t:|1698650874\n|move|p2a: Clefairy|Follow Me|p2a: Clefairy\n|-singleturn|p2a: Clefairy|move: Follow Me\n|move|p1b: Buried Treasure|Bullet Punch|p2a: Clefairy\n|-supereffective|p2a: Clefairy\n|-damage|p2a: Clefairy|0 fnt\n|faint|p2a: Clefairy\n|move|p2b: Krookodile|Power Trip|p1b: Buried Treasure\n|-supereffective|p1b: Buried Treasure\n|-damage|p1b: Buried Treasure|0 fnt\n|faint|p1b: Buried Treasure\n|move|p1a: Your Mom|Liquidation|p2b: Krookodile\n|-supereffective|p2b: Krookodile\n|-damage|p2b: Krookodile|0 fnt\n|faint|p2b: Krookodile\n|\n|-heal|p1a: Your Mom|94\/100|[from] item: Leftovers\n|upkeep\n|\n|t:|1698650891\n|switch|p2b: Eevee|Eevee, M|63\/100\n|switch|p2a: Cottonee|Cottonee, F|100\/100\n|-status|p2a: Cottonee|psn\n|-status|p2b: Eevee|psn\n|turn|8\n|\n|t:|1698650908\n|move|p2b: Eevee|Protect|p2b: Eevee\n|-singleturn|p2b: Eevee|Protect\n|move|p2a: Cottonee|Toxic|p1a: Your Mom\n|-status|p1a: Your Mom|tox\n|move|p1a: Your Mom|Ice Fang|p2a: Cottonee\n|-supereffective|p2a: Cottonee\n|-damage|p2a: Cottonee|72\/100 psn\n|\n|-heal|p1a: Your Mom|99\/100 tox|[from] item: Leftovers\n|-damage|p2a: Cottonee|59\/100 psn|[from] psn\n|-damage|p2b: Eevee|51\/100 psn|[from] psn\n|-damage|p1a: Your Mom|94\/100 tox|[from] psn\n|-sideend|p1: Snorkle Porkle|move: Light Screen\n|upkeep\n|turn|9\n|inactive|ufuf9ufu9 has 120 seconds left.\n|\n|t:|1698650941\n|move|p2a: Cottonee|Encore|p1a: Your Mom\n|-start|p1a: Your Mom|Encore\n|move|p2b: Eevee|Quick Attack|p1a: Your Mom\n|-damage|p1a: Your Mom|88\/100 tox\n|move|p1a: Your Mom|Ice Fang|p2b: Eevee\n|-damage|p2b: Eevee|18\/100 psn\n|\n|-heal|p1a: Your Mom|94\/100 tox|[from] item: Leftovers\n|-damage|p2a: Cottonee|47\/100 psn|[from] psn\n|-damage|p2b: Eevee|6\/100 psn|[from] psn\n|-damage|p1a: Your Mom|82\/100 tox|[from] psn\n|upkeep\n|turn|10\n|\n|t:|1698650965\n|move|p2a: Cottonee|Tailwind|p2a: Cottonee\n|-sidestart|p2: ufuf9ufu9|move: Tailwind\n|move|p2b: Eevee|Last Resort||[still]\n|-fail|p2b: Eevee\n|move|p1a: Your Mom|Ice Fang|p2a: Cottonee\n|-supereffective|p2a: Cottonee\n|-damage|p2a: Cottonee|17\/100 psn\n|\n|-heal|p1a: Your Mom|88\/100 tox|[from] item: Leftovers\n|-damage|p2a: Cottonee|4\/100 psn|[from] psn\n|-damage|p2b: Eevee|0 fnt|[from] psn\n|faint|p2b: Eevee\n|-damage|p1a: Your Mom|70\/100 tox|[from] psn\n|upkeep\n|turn|11\n|c|\u2606Snorkle Porkle|gg\n|\n|t:|1698650988\n|move|p2a: Cottonee|Taunt|p1a: Your Mom\n|-start|p1a: Your Mom|move: Taunt\n|move|p1a: Your Mom|Ice Fang|p2a: Cottonee\n|-supereffective|p2a: Cottonee\n|-damage|p2a: Cottonee|0 fnt\n|faint|p2a: Cottonee\n|\n|win|Snorkle Porkle\n|raw|Snorkle Porkle's rating: 1030 &rarr; <strong>1076<\/strong><br \/>(+46 for winning)\n|raw|ufuf9ufu9's rating: 1137 &rarr; <strong>1105<\/strong><br \/>(-32 for losing)\n|l|\u2606ufuf9ufu9\n","uploadtime":1698650999,"views":14,"p1id":"snorkleporkle","p2id":"ufuf9ufu9","formatid":"gen9nationaldexdoubles","rating":1076,"private":0,"password":""}