{"id":"gen9nationaldexdoubles-1994299822","p1":"Vican259","p2":"DoomedTaurus","format":"[Gen 9] National Dex Doubles","log":"|j|\u2606Vican259\n|j|\u2606DoomedTaurus\n|t:|1700428583\n|gametype|doubles\n|player|p1|Vican259|bellelba|\n|player|p2|DoomedTaurus|bruno|\n|teamsize|p1|6\n|teamsize|p2|6\n|gen|9\n|tier|[Gen 9] National Dex Doubles\n|rule|HP Percentage Mod: HP is shown in percentages\n|rule|Endless Battle Clause: Forcing endless battles is banned\n|rule|OHKO Clause: OHKO moves are banned\n|rule|Evasion Moves Clause: Evasion moves are banned\n|rule|Evasion Abilities Clause: Evasion abilities are banned\n|rule|Species Clause: Limit one of each Pok\u00e9mon\n|rule|Gravity Sleep Clause: The combination of sleep-inducing moves with imperfect accuracy and Gravity or Gigantamax Orbeetle are banned\n|clearpoke\n|poke|p1|Stakataka|\n|poke|p1|Araquanid, F|\n|poke|p1|Buzzwole|\n|poke|p1|Guzzlord|\n|poke|p1|Blacephalon|\n|poke|p1|Celesteela|\n|poke|p2|Florges-Blue, F|\n|poke|p2|Chesnaught, M|\n|poke|p2|Aegislash, M|\n|poke|p2|Klefki, M|\n|poke|p2|Trevenant, M|\n|poke|p2|Dragalge, F|\n|teampreview\n|\n|t:|1700428597\n|start\n|switch|p1a: Stakataka|Stakataka|100\/100\n|switch|p1b: Araquanid|Araquanid, F|100\/100\n|switch|p2a: Merlin|Klefki, M|100\/100\n|switch|p2b: Arthur|Aegislash, M|100\/100\n|turn|1\n|\n|t:|1700428618\n|move|p2a: Merlin|Thunder Wave|p1a: Stakataka\n|-status|p1a: Stakataka|par\n|move|p2b: Arthur|Substitute|p2b: Arthur\n|-start|p2b: Arthur|Substitute\n|-damage|p2b: Arthur|75\/100\n|move|p1b: Araquanid|Sticky Web|p2b: Arthur\n|-sidestart|p2: DoomedTaurus|move: Sticky Web\n|move|p1a: Stakataka|Trick Room|p1a: Stakataka\n|-fieldstart|move: Trick Room|[of] p1a: Stakataka\n|\n|-heal|p2b: Arthur|82\/100|[from] item: Leftovers\n|upkeep\n|turn|2\n|\n|t:|1700428672\n|move|p2a: Merlin|Thunder Wave|p1b: Araquanid\n|-status|p1b: Araquanid|par\n|cant|p1a: Stakataka|par\n|move|p1b: Araquanid|Liquidation|p2a: Merlin\n|-damage|p2a: Merlin|48\/100\n|-unboost|p2a: Merlin|def|1\n|-formechange|p2b: Arthur|Aegislash-Blade||[from] ability: Stance Change\n|move|p2b: Arthur|Shadow Ball|p1a: Stakataka\n|-damage|p1a: Stakataka|61\/100 par\n|\n|-heal|p1a: Stakataka|67\/100 par|[from] item: Leftovers\n|-heal|p2b: Arthur|88\/100|[from] item: Leftovers\n|upkeep\n|turn|3\n|\n|t:|1700428695\n|switch|p2a: Percival|Chesnaught, M|100\/100\n|-activate|p2a: Percival|move: Sticky Web\n|-unboost|p2a: Percival|spe|1\n|move|p1a: Stakataka|Body Press|p2b: Arthur\n|-immune|p2b: Arthur\n|cant|p1b: Araquanid|par\n|move|p2b: Arthur|Shadow Ball|p1a: Stakataka\n|-damage|p1a: Stakataka|25\/100 par\n|-unboost|p1a: Stakataka|spd|1\n|\n|-heal|p1a: Stakataka|31\/100 par|[from] item: Leftovers\n|-heal|p2b: Arthur|94\/100|[from] item: Leftovers\n|upkeep\n|turn|4\n|\n|t:|1700428719\n|move|p2a: Percival|Spiky Shield|p2a: Percival\n|-singleturn|p2a: Percival|move: Protect\n|cant|p1a: Stakataka|par\n|move|p1b: Araquanid|Bug Bite|p2a: Percival\n|-activate|p2a: Percival|move: Protect\n|-damage|p1b: Araquanid|88\/100 par|[from] Spiky Shield|[of] p2a: Percival\n|move|p2b: Arthur|Shadow Ball|p1a: Stakataka\n|-damage|p1a: Stakataka|0 fnt\n|faint|p1a: Stakataka\n|\n|-heal|p2b: Arthur|99\/100|[from] item: Leftovers\n|upkeep\n|\n|t:|1700428738\n|switch|p1a: Buzzwole|Buzzwole|100\/100\n|turn|5\n|\n|t:|1700428775\n|switch|p1b: Celesteela|Celesteela|100\/100\n|switch|p2a: Viviane|Dragalge, F|100\/100\n|-activate|p2a: Viviane|move: Sticky Web\n|-unboost|p2a: Viviane|spe|1\n|move|p2b: Arthur|Toxic|p1a: Buzzwole\n|-status|p1a: Buzzwole|tox\n|move|p1a: Buzzwole|Earthquake|p2a: Viviane|[spread] p2a,p2b\n|-immune|p1b: Celesteela\n|-supereffective|p2b: Arthur\n|-end|p2b: Arthur|Substitute\n|-supereffective|p2a: Viviane\n|-damage|p2a: Viviane|50\/100\n|\n|-heal|p2b: Arthur|100\/100|[from] item: Leftovers\n|-damage|p1a: Buzzwole|94\/100 tox|[from] psn\n|-fieldend|move: Trick Room\n|upkeep\n|turn|6\n|\n|t:|1700428814\n|-formechange|p2b: Arthur|Aegislash||[from] ability: Stance Change\n|move|p2b: Arthur|King's Shield|p2b: Arthur\n|-singleturn|p2b: Arthur|Protect\n|move|p1b: Celesteela|Protect|p1b: Celesteela\n|-singleturn|p1b: Celesteela|Protect\n|move|p1a: Buzzwole|Earthquake|p2b: Arthur|[spread] p2a\n|-activate|p1b: Celesteela|move: Protect\n|-activate|p2b: Arthur|move: Protect\n|-supereffective|p2a: Viviane\n|-damage|p2a: Viviane|0 fnt\n|faint|p2a: Viviane\n|-ability|p1a: Buzzwole|Beast Boost|boost\n|-boost|p1a: Buzzwole|def|1\n|\n|-heal|p1a: Buzzwole|100\/100 tox|[from] item: Leftovers\n|-damage|p1a: Buzzwole|88\/100 tox|[from] psn\n|upkeep\n|\n|t:|1700428844\n|switch|p2a: Lancelot|Trevenant, M|100\/100\n|-activate|p2a: Lancelot|move: Sticky Web\n|-unboost|p2a: Lancelot|spe|1\n|turn|7\n|\n|t:|1700428857\n|move|p1a: Buzzwole|Earthquake|p2a: Lancelot|[spread] p2a,p2b\n|-immune|p1b: Celesteela\n|-resisted|p2a: Lancelot\n|-supereffective|p2b: Arthur\n|-damage|p2a: Lancelot|86\/100\n|-damage|p2b: Arthur|65\/100\n|move|p2b: Arthur|Substitute|p2b: Arthur\n|-start|p2b: Arthur|Substitute\n|-damage|p2b: Arthur|40\/100\n|move|p1b: Celesteela|Flamethrower|p2a: Lancelot\n|-supereffective|p2a: Lancelot\n|-damage|p2a: Lancelot|26\/100\n|move|p2a: Lancelot|Earthquake|p1b: Celesteela|[spread] p2b,p1a\n|-immune|p1b: Celesteela\n|-supereffective|p2b: Arthur\n|-end|p2b: Arthur|Substitute\n|-resisted|p1a: Buzzwole\n|-damage|p1a: Buzzwole|81\/100 tox\n|\n|-heal|p1a: Buzzwole|88\/100 tox|[from] item: Leftovers\n|-heal|p2b: Arthur|46\/100|[from] item: Leftovers\n|-damage|p1a: Buzzwole|69\/100 tox|[from] psn\n|upkeep\n|turn|8\n|\n|t:|1700428896\n|move|p2b: Arthur|King's Shield|p2b: Arthur\n|-singleturn|p2b: Arthur|Protect\n|move|p1a: Buzzwole|Earthquake|p2a: Lancelot|[spread] p2a\n|-activate|p2b: Arthur|move: Protect\n|-immune|p1b: Celesteela\n|-resisted|p2a: Lancelot\n|-damage|p2a: Lancelot|12\/100\n|move|p1b: Celesteela|Flamethrower|p2a: Lancelot\n|-supereffective|p2a: Lancelot\n|-damage|p2a: Lancelot|0 fnt\n|faint|p2a: Lancelot\n|-ability|p1b: Celesteela|Beast Boost|boost\n|-boost|p1b: Celesteela|spd|1\n|\n|-heal|p1a: Buzzwole|75\/100 tox|[from] item: Leftovers\n|-heal|p2b: Arthur|52\/100|[from] item: Leftovers\n|-damage|p1a: Buzzwole|50\/100 tox|[from] psn\n|upkeep\n|\n|t:|1700428916\n|switch|p2a: Percival|Chesnaught, M|100\/100\n|-activate|p2a: Percival|move: Sticky Web\n|-unboost|p2a: Percival|spe|1\n|turn|9\n|\n|t:|1700428936\n|switch|p1a: Blacephalon|Blacephalon|100\/100\n|move|p2a: Percival|Spiky Shield|p2a: Percival\n|-singleturn|p2a: Percival|move: Protect\n|-formechange|p2b: Arthur|Aegislash-Blade||[from] ability: Stance Change\n|move|p2b: Arthur|Shadow Ball|p1b: Celesteela\n|-damage|p1b: Celesteela|77\/100\n|move|p1b: Celesteela|Flamethrower|p2a: Percival\n|-activate|p2a: Percival|move: Protect\n|\n|-heal|p2b: Arthur|58\/100|[from] item: Leftovers\n|-heal|p1b: Celesteela|83\/100|[from] item: Leftovers\n|upkeep\n|turn|10\n|\n|t:|1700428957\n|move|p1a: Blacephalon|Fire Blast|p2a: Percival\n|-supereffective|p2a: Percival\n|-damage|p2a: Percival|0 fnt\n|faint|p2a: Percival\n|-ability|p1a: Blacephalon|Beast Boost|boost\n|-boost|p1a: Blacephalon|spa|1\n|move|p2b: Arthur|Toxic|p1a: Blacephalon\n|-status|p1a: Blacephalon|tox\n|move|p1b: Celesteela|Flamethrower|p2b: Arthur\n|-supereffective|p2b: Arthur\n|-damage|p2b: Arthur|0 fnt\n|faint|p2b: Arthur\n|-ability|p1b: Celesteela|Beast Boost|boost\n|-boost|p1b: Celesteela|spd|1\n|\n|-heal|p1b: Celesteela|89\/100|[from] item: Leftovers\n|-damage|p1a: Blacephalon|94\/100 tox|[from] psn\n|upkeep\n|\n|t:|1700428974\n|switch|p2a: Merlin|Klefki, M|48\/100\n|switch|p2b: Morgana|Florges-Blue, F|100\/100\n|-activate|p2b: Morgana|move: Sticky Web\n|-unboost|p2b: Morgana|spe|1\n|-activate|p2a: Merlin|move: Sticky Web\n|-unboost|p2a: Merlin|spe|1\n|turn|11\n|\n|t:|1700429023\n|move|p2a: Merlin|Thunder Wave|p1b: Celesteela\n|-status|p1b: Celesteela|par\n|move|p1a: Blacephalon|Fire Blast|p2a: Merlin\n|-supereffective|p2a: Merlin\n|-damage|p2a: Merlin|0 fnt\n|faint|p2a: Merlin\n|-ability|p1a: Blacephalon|Beast Boost|boost\n|-boost|p1a: Blacephalon|spa|1\n|-zpower|p2b: Morgana\n|move|p2b: Morgana|Twinkle Tackle|p1a: Blacephalon|[zeffect]\n|-resisted|p1a: Blacephalon\n|-damage|p1a: Blacephalon|42\/100 tox\n|move|p1b: Celesteela|Heavy Slam|p2b: Morgana\n|-supereffective|p2b: Morgana\n|-damage|p2b: Morgana|23\/100\n|\n|-heal|p1b: Celesteela|95\/100 par|[from] item: Leftovers\n|-damage|p1a: Blacephalon|30\/100 tox|[from] psn\n|upkeep\n|turn|12\n|\n|t:|1700429045\n|move|p1a: Blacephalon|Fire Blast|p2b: Morgana\n|-damage|p2b: Morgana|0 fnt\n|faint|p2b: Morgana\n|\n|win|Vican259\n","uploadtime":1700429055,"views":7,"p1id":"vican259","p2id":"doomedtaurus","formatid":"gen9nationaldexdoubles","rating":0,"private":0,"password":""}