{"id":"gen9nationaldexdoubles-1983993342","p1":"MathHacker","p2":"oreorc16","format":"[Gen 9] National Dex Doubles","log":"|j|\u2606MathHacker\n|j|\u2606oreorc16\n|t:|1699207762\n|gametype|doubles\n|player|p1|MathHacker|picnicker|1349\n|player|p2|oreorc16|101|1478\n|teamsize|p1|6\n|teamsize|p2|6\n|gen|9\n|tier|[Gen 9] National Dex Doubles\n|rated|\n|rule|HP Percentage Mod: HP is shown in percentages\n|rule|Endless Battle Clause: Forcing endless battles is banned\n|rule|OHKO Clause: OHKO moves are banned\n|rule|Evasion Moves Clause: Evasion moves are banned\n|rule|Evasion Abilities Clause: Evasion abilities are banned\n|rule|Species Clause: Limit one of each Pok\u00e9mon\n|rule|Gravity Sleep Clause: The combination of sleep-inducing moves with imperfect accuracy and Gravity or Gigantamax Orbeetle are banned\n|clearpoke\n|poke|p1|Shuckle, F|\n|poke|p1|Pelipper, M|\n|poke|p1|Cresselia, F|\n|poke|p1|Torkoal, F|\n|poke|p1|Oranguru, F|\n|poke|p1|Ursaluna, M|\n|poke|p2|Stakataka|\n|poke|p2|Farigiraf, F|\n|poke|p2|Sableye, M|\n|poke|p2|Dracovish|\n|poke|p2|Sinistcha|\n|poke|p2|Articuno-Galar|\n|teampreview\n|\n|t:|1699207785\n|start\n|switch|p1a: Shucky|Shuckle, F, shiny|100\/100\n|switch|p1b: munke|Oranguru, F|100\/100\n|switch|p2a: Sableye|Sableye, M|100\/100\n|switch|p2b: Dracovish|Dracovish|100\/100\n|turn|1\n|\n|t:|1699207824\n|-terastallize|p1b: munke|Water\n|move|p2a: Sableye|Fake Out|p1a: Shucky\n|-resisted|p1a: Shucky\n|-damage|p1a: Shucky|98\/100\n|move|p2b: Dracovish|Fishious Rend|p1a: Shucky\n|-supereffective|p1a: Shucky\n|-damage|p1a: Shucky|0 fnt\n|faint|p1a: Shucky\n|move|p1b: munke|Trick Room|p1b: munke\n|-fieldstart|move: Trick Room|[of] p1b: munke\n|\n|upkeep\n|\n|t:|1699207900\n|switch|p1a: ber|Ursaluna, M|100\/100\n|turn|2\n|\n|t:|1699207907\n|move|p1a: ber|Protect|p1a: ber\n|-singleturn|p1a: ber|Protect\n|move|p1b: munke|Protect|p1b: munke\n|-singleturn|p1b: munke|Protect\n|move|p2a: Sableye|Quash|p1a: ber\n|-activate|p1a: ber|move: Protect\n|move|p2b: Dracovish|Fishious Rend|p1a: ber\n|-activate|p1a: ber|move: Protect\n|\n|-status|p1a: ber|brn|[from] item: Flame Orb\n|upkeep\n|turn|3\n|\n|t:|1699207944\n|move|p2a: Sableye|Quash|p1a: ber\n|-activate|p1a: ber|move: Quash\n|move|p1b: munke|Instruct|p1a: ber\n|-singleturn|p1a: ber|move: Instruct|[of] p1b: munke\n|move|p1a: ber|Protect|p1a: ber\n|-singleturn|p1a: ber|Protect\n|move|p2b: Dracovish|Fishious Rend|p1a: ber\n|-activate|p1a: ber|move: Protect\n|move|p1a: ber|Earthquake|p2b: Dracovish|[spread] p2a,p2b\n|-activate|p1b: munke|ability: Telepathy\n|-damage|p2a: Sableye|30\/100\n|-damage|p2b: Dracovish|40\/100\n|\n|-damage|p1a: ber|94\/100 brn|[from] brn\n|upkeep\n|turn|4\n|\n|t:|1699207975\n|switch|p2a: Sinistcha|Sinistcha|100\/100\n|-heal|p2b: Dracovish|65\/100|[from] ability: Hospitality|[of] p2a: Sinistcha\n|switch|p2b: Articuno|Articuno-Galar|100\/100\n|move|p1a: ber|Earthquake|p2a: Sinistcha|[spread] p2a\n|-activate|p1b: munke|ability: Telepathy\n|-immune|p2b: Articuno\n|-resisted|p2a: Sinistcha\n|-crit|p2a: Sinistcha\n|-damage|p2a: Sinistcha|63\/100\n|move|p1b: munke|Instruct|p1a: ber\n|-singleturn|p1a: ber|move: Instruct|[of] p1b: munke\n|move|p1a: ber|Earthquake|p2a: Sinistcha|[spread] p2a\n|-activate|p1b: munke|ability: Telepathy\n|-immune|p2b: Articuno\n|-resisted|p2a: Sinistcha\n|-damage|p2a: Sinistcha|39\/100\n|\n|-damage|p1a: ber|88\/100 brn|[from] brn\n|upkeep\n|turn|5\n|\n|t:|1699208003\n|move|p1a: ber|Facade|p2b: Articuno\n|-damage|p2b: Articuno|0 fnt\n|faint|p2b: Articuno\n|move|p1b: munke|Instruct|p1a: ber\n|-singleturn|p1a: ber|move: Instruct|[of] p1b: munke\n|move|p1a: ber|Facade|p2a: Sinistcha\n|-immune|p2a: Sinistcha\n|move|p2a: Sinistcha|Matcha Gotcha|p1b: munke|[spread] \n|-miss|p2a: Sinistcha|p1a: ber\n|-miss|p2a: Sinistcha|p1b: munke\n|\n|-damage|p1a: ber|82\/100 brn|[from] brn\n|-fieldend|move: Trick Room\n|upkeep\n|\n|t:|1699208020\n|switch|p2b: Sableye|Sableye, M|30\/100\n|turn|6\n|\n|t:|1699208060\n|detailschange|p2b: Sableye|Sableye-Mega, M\n|-mega|p2b: Sableye|Sableye|Sablenite\n|move|p2b: Sableye|Helping Hand|p2a: Sinistcha\n|-singleturn|p2a: Sinistcha|Helping Hand|[of] p2b: Sableye\n|move|p1a: ber|Protect|p1a: ber\n|-singleturn|p1a: ber|Protect\n|move|p2a: Sinistcha|Matcha Gotcha|p1b: munke|[spread] p1b\n|-activate|p1a: ber|move: Protect\n|-supereffective|p1b: munke\n|-damage|p1b: munke|20\/100\n|-heal|p2a: Sinistcha|81\/100|[from] drain|[of] p1b: munke\n|-status|p1b: munke|brn\n|-damage|p2a: Sinistcha|71\/100|[from] item: Life Orb\n|move|p1b: munke|Trick Room|p1b: munke\n|-fieldstart|move: Trick Room|[of] p1b: munke\n|\n|-damage|p1a: ber|76\/100 brn|[from] brn\n|-damage|p1b: munke|14\/100 brn|[from] brn\n|upkeep\n|turn|7\n|\n|t:|1699208094\n|move|p2b: Sableye|Helping Hand|p2a: Sinistcha\n|-singleturn|p2a: Sinistcha|Helping Hand|[of] p2b: Sableye\n|move|p1a: ber|Earthquake|p2a: Sinistcha|[spread] p2a,p2b\n|-activate|p1b: munke|ability: Telepathy\n|-resisted|p2a: Sinistcha\n|-damage|p2a: Sinistcha|46\/100\n|-damage|p2b: Sableye|0 fnt\n|faint|p2b: Sableye\n|move|p1b: munke|Instruct|p1a: ber\n|-singleturn|p1a: ber|move: Instruct|[of] p1b: munke\n|move|p1a: ber|Earthquake|p2a: Sinistcha|[spread] p2a\n|-activate|p1b: munke|ability: Telepathy\n|-resisted|p2a: Sinistcha\n|-damage|p2a: Sinistcha|22\/100\n|move|p2a: Sinistcha|Matcha Gotcha|p1b: munke|[spread] p1a,p1b\n|-supereffective|p1a: ber\n|-supereffective|p1b: munke\n|-damage|p1a: ber|3\/100 brn\n|-heal|p2a: Sinistcha|64\/100|[from] drain|[of] p1a: ber\n|-damage|p1b: munke|0 fnt\n|-heal|p2a: Sinistcha|71\/100|[from] drain|[of] p1b: munke\n|faint|p1b: munke\n|-damage|p2a: Sinistcha|61\/100|[from] item: Life Orb\n|\n|-damage|p1a: ber|0 fnt|[from] brn\n|faint|p1a: ber\n|upkeep\n|\n|t:|1699208123\n|switch|p2b: Stakataka|Stakataka|100\/100\n|switch|p1a: Yertle|Torkoal, F|100\/100\n|switch|p1b: Cresselia|Cresselia, F, shiny|100\/100\n|-weather|SunnyDay|[from] ability: Drought|[of] p1a: Yertle\n|turn|8\n|\n|t:|1699208141\n|switch|p2a: Dracovish|Dracovish|65\/100\n|-terastallize|p2b: Stakataka|Fighting\n|move|p1b: Cresselia|Ally Switch|p1b: Cresselia\n|swap|p1b: Cresselia|0|[from] move: Ally Switch\n|move|p2b: Stakataka|Body Press|p1a: Cresselia\n|-resisted|p1a: Cresselia\n|-damage|p1a: Cresselia|81\/100\n|move|p1b: Yertle|Eruption|p2b: Stakataka|[spread] p2a,p2b\n|-resisted|p2a: Dracovish\n|-damage|p2a: Dracovish|39\/100\n|-damage|p2b: Stakataka|11\/100\n|\n|-weather|SunnyDay|[upkeep]\n|-heal|p2b: Stakataka|17\/100|[from] item: Leftovers\n|-heal|p1a: Cresselia|87\/100|[from] item: Leftovers\n|upkeep\n|turn|9\n|\n|t:|1699208188\n|move|p1a: Cresselia|Helping Hand|p1b: Yertle\n|-singleturn|p1b: Yertle|Helping Hand|[of] p1a: Cresselia\n|move|p2b: Stakataka|Body Press|p1b: Yertle\n|-damage|p1b: Yertle|39\/100\n|move|p1b: Yertle|Eruption|p2b: Stakataka|[spread] p2a,p2b\n|-resisted|p2a: Dracovish\n|-damage|p2a: Dracovish|26\/100\n|-damage|p2b: Stakataka|0 fnt\n|faint|p2b: Stakataka\n|move|p2a: Dracovish|Fishious Rend|p1a: Cresselia\n|-damage|p1a: Cresselia|72\/100\n|\n|-weather|SunnyDay|[upkeep]\n|-heal|p1a: Cresselia|78\/100|[from] item: Leftovers\n|upkeep\n|\n|t:|1699208201\n|switch|p2b: Sinistcha|Sinistcha|61\/100\n|-heal|p2a: Dracovish|51\/100|[from] ability: Hospitality|[of] p2b: Sinistcha\n|turn|10\n|\n|t:|1699208226\n|switch|p2b: Farigiraf|Farigiraf, F|100\/100\n|move|p1b: Yertle|Eruption|p2b: Farigiraf|[spread] p2a,p2b\n|-resisted|p2a: Dracovish\n|-damage|p2a: Dracovish|42\/100\n|-damage|p2b: Farigiraf|73\/100\n|move|p1a: Cresselia|Lunar Blessing|p1a: Cresselia|[spread] p1a,p1b\n|-heal|p1a: Cresselia|100\/100\n|-heal|p1b: Yertle|64\/100\n|move|p2a: Dracovish|Fishious Rend|p1b: Yertle\n|-supereffective|p1b: Yertle\n|-damage|p1b: Yertle|15\/100\n|\n|-weather|SunnyDay|[upkeep]\n|-fieldend|move: Trick Room\n|upkeep\n|turn|11\n|\n|t:|1699208261\n|move|p1b: Yertle|Protect|p1b: Yertle\n|-singleturn|p1b: Yertle|Protect\n|move|p2a: Dracovish|Fishious Rend|p1b: Yertle\n|-activate|p1b: Yertle|move: Protect\n|move|p1a: Cresselia|Lunar Blessing|p1a: Cresselia|[spread] p1a,p1b\n|-heal|p1b: Yertle|40\/100\n|move|p2b: Farigiraf|Trick Room|p2b: Farigiraf\n|-fieldstart|move: Trick Room|[of] p2b: Farigiraf\n|\n|-weather|SunnyDay|[upkeep]\n|upkeep\n|turn|12\n|\n|t:|1699208291\n|move|p1a: Cresselia|Helping Hand|p1b: Yertle\n|-singleturn|p1b: Yertle|Helping Hand|[of] p1a: Cresselia\n|move|p1b: Yertle|Solar Beam||[still]\n|-prepare|p1b: Yertle|Solar Beam\n|-anim|p1b: Yertle|Solar Beam|p2a: Dracovish\n|-damage|p2a: Dracovish|0 fnt\n|faint|p2a: Dracovish\n|move|p2b: Farigiraf|Future Sight|p1b: Yertle\n|-start|p2b: Farigiraf|move: Future Sight\n|\n|-weather|none\n|upkeep\n|\n|t:|1699208320\n|switch|p2a: Sinistcha|Sinistcha|61\/100\n|-heal|p2b: Farigiraf|98\/100|[from] ability: Hospitality|[of] p2a: Sinistcha\n|turn|13\n|\n|t:|1699208396\n|move|p1a: Cresselia|Ally Switch|p1a: Cresselia\n|swap|p1a: Cresselia|1|[from] move: Ally Switch\n|move|p1a: Yertle|Eruption|p2a: Sinistcha|[spread] p2a,p2b\n|-supereffective|p2a: Sinistcha\n|-damage|p2a: Sinistcha|14\/100\n|-damage|p2b: Farigiraf|79\/100\n|move|p2b: Farigiraf|Hyper Voice|p1a: Yertle|[spread] p1a,p1b\n|-damage|p1a: Yertle|3\/100\n|-damage|p1b: Cresselia|84\/100\n|move|p2a: Sinistcha|Matcha Gotcha|p1b: Cresselia|[spread] p1a,p1b\n|-resisted|p1a: Yertle\n|-damage|p1a: Yertle|0 fnt\n|-heal|p2a: Sinistcha|15\/100|[from] drain|[of] p1a: Yertle\n|-damage|p1b: Cresselia|66\/100\n|-heal|p2a: Sinistcha|27\/100|[from] drain|[of] p1b: Cresselia\n|faint|p1a: Yertle\n|-damage|p2a: Sinistcha|17\/100|[from] item: Life Orb\n|\n|-heal|p1b: Cresselia|72\/100|[from] item: Leftovers\n|upkeep\n|\n|t:|1699208415\n|switch|p1a: Bird|Pelipper, M|100\/100\n|-weather|RainDance|[from] ability: Drizzle|[of] p1a: Bird\n|turn|14\n|\n|t:|1699208447\n|move|p1b: Cresselia|Helping Hand|p1a: Bird\n|-singleturn|p1a: Bird|Helping Hand|[of] p1b: Cresselia\n|move|p2b: Farigiraf|Hyper Voice|p1a: Bird|[spread] p1a,p1b\n|-damage|p1a: Bird|58\/100\n|-damage|p1b: Cresselia|56\/100\n|move|p1a: Bird|Surf|p2b: Farigiraf|[spread] p1b,p2a,p2b\n|-resisted|p2a: Sinistcha\n|-damage|p1b: Cresselia|19\/100\n|-damage|p2a: Sinistcha|0 fnt\n|-damage|p2b: Farigiraf|14\/100\n|faint|p2a: Sinistcha\n|\n|-weather|RainDance|[upkeep]\n|-end|p1b: Cresselia|move: Future Sight\n|-resisted|p1b: Cresselia\n|-damage|p1b: Cresselia|3\/100\n|-heal|p1b: Cresselia|9\/100|[from] item: Leftovers\n|upkeep\n|turn|15\n|\n|t:|1699208498\n|move|p2b: Farigiraf|Hyper Voice|p1a: Bird|[spread] p1a,p1b\n|-damage|p1a: Bird|17\/100\n|-damage|p1b: Cresselia|0 fnt\n|faint|p1b: Cresselia\n|move|p1a: Bird|Hurricane|p2b: Farigiraf\n|-damage|p2b: Farigiraf|0 fnt\n|faint|p2b: Farigiraf\n|\n|win|MathHacker\n|raw|MathHacker's rating: 1349 &rarr; <strong>1376<\/strong><br \/>(+27 for winning)\n|raw|oreorc16's rating: 1478 &rarr; <strong>1451<\/strong><br \/>(-27 for losing)\n","uploadtime":1699208512,"views":12,"p1id":"mathhacker","p2id":"oreorc16","formatid":"gen9nationaldexdoubles","rating":1376,"private":0,"password":""}