{"id":"gen9nationaldexdoubles-1964500180","p1":"Sc4rletQu33n","p2":"Infused zephyr","format":"[Gen 9] National Dex Doubles","log":"|j|\u2606Sc4rletQu33n\n|j|\u2606Infused zephyr\n|t:|1696974232\n|gametype|doubles\n|player|p1|Sc4rletQu33n|cynthia-gen4|1080\n|player|p2|Infused zephyr|hilbert|1124\n|teamsize|p1|6\n|teamsize|p2|6\n|gen|9\n|tier|[Gen 9] National Dex Doubles\n|rated|\n|rule|HP Percentage Mod: HP is shown in percentages\n|rule|Endless Battle Clause: Forcing endless battles is banned\n|rule|OHKO Clause: OHKO moves are banned\n|rule|Evasion Moves Clause: Evasion moves are banned\n|rule|Evasion Abilities Clause: Evasion abilities are banned\n|rule|Species Clause: Limit one of each Pok\u00e9mon\n|rule|Gravity Sleep Clause: The combination of sleep-inducing moves with imperfect accuracy and Gravity or Gigantamax Orbeetle are banned\n|clearpoke\n|poke|p1|Medicham, M|\n|poke|p1|Regigigas|\n|poke|p1|Landorus-Therian, M|\n|poke|p1|Venusaur, M|\n|poke|p1|Incineroar, M|\n|poke|p1|Basculegion-F, F|\n|poke|p2|Volcarona, F|\n|poke|p2|Oricorio-Sensu, F|\n|poke|p2|Ursaluna-Bloodmoon, M|\n|poke|p2|Zoroark-Hisui, M|\n|poke|p2|Walking Wake|\n|poke|p2|Diancie|\n|teampreview\n|inactive|Battle timer is ON: inactive players will automatically lose when time's up. (requested by Infused zephyr)\n|\n|t:|1696974238\n|start\n|switch|p1a: Medicham|Medicham, M|100\/100\n|switch|p1b: Regigigas|Regigigas|100\/100\n|switch|p2a: Vin|Volcarona, F|100\/100\n|switch|p2b: Viah|Oricorio-Sensu, F, shiny|100\/100\n|-start|p1b: Regigigas|ability: Slow Start\n|turn|1\n|\n|t:|1696974255\n|move|p2a: Vin|Quiver Dance|p2a: Vin\n|-boost|p2a: Vin|spa|1\n|-boost|p2a: Vin|spd|1\n|-boost|p2a: Vin|spe|1\n|-activate|p2b: Viah|ability: Dancer\n|move|p2b: Viah|Quiver Dance|p2b: Viah|[from]ability: Dancer\n|-boost|p2b: Viah|spa|1\n|-boost|p2b: Viah|spd|1\n|-boost|p2b: Viah|spe|1\n|move|p2b: Viah|Substitute|p2b: Viah\n|-start|p2b: Viah|Substitute\n|-damage|p2b: Viah|76\/100\n|move|p1a: Medicham|Skill Swap|p1b: Regigigas\n|-activate|p1a: Medicham|move: Skill Swap|||[of] p1b: Regigigas\n|-end|p1b: Regigigas|Slow Start|[silent]\n|-start|p1a: Medicham|ability: Slow Start\n|move|p1b: Regigigas|Earthquake|p2b: Viah|[spread] p1a,p2a\n|-immune|p2b: Viah\n|-damage|p1a: Medicham|6\/100\n|-enditem|p2a: Vin|Focus Sash\n|-damage|p2a: Vin|1\/100\n|\n|upkeep\n|turn|2\n|inactive|Infused zephyr has 120 seconds left.\n|\n|t:|1696974289\n|-terastallize|p2a: Vin|Bug\n|move|p1a: Medicham|Bullet Punch|p2a: Vin\n|-damage|p2a: Vin|0 fnt\n|-status|p1a: Medicham|brn|[from] ability: Flame Body|[of] p2a: Vin\n|faint|p2a: Vin\n|move|p2b: Viah|Revelation Dance|p1a: Medicham\n|-supereffective|p1a: Medicham\n|-damage|p1a: Medicham|0 fnt\n|faint|p1a: Medicham\n|-end|p1a: Medicham|Slow Start|[silent]\n|move|p1b: Regigigas|Zen Headbutt|p2b: Viah\n|-end|p2b: Viah|Substitute\n|\n|upkeep\n|\n|t:|1696974307\n|switch|p2a: Emotion|Diancie, shiny|100\/100\n|switch|p1a: Basculegion|Basculegion-F, F|100\/100\n|turn|3\n|\n|t:|1696974317\n|move|p1a: Basculegion|Crunch|p2b: Viah\n|-supereffective|p2b: Viah\n|-damage|p2b: Viah|18\/100\n|move|p2b: Viah|Baton Pass|p2b: Viah\n|\n|t:|1696974326\n|switch|p2b: Echo|Walking Wake|100\/100|[from] Baton Pass\n|move|p1b: Regigigas|Earthquake|p2a: Emotion|[spread] p1a,p2a,p2b\n|-damage|p1a: Basculegion|21\/100\n|-damage|p2a: Emotion|0 fnt\n|-damage|p2b: Echo|30\/100\n|replace|p2a: Kane|Zoroark-Hisui, M, shiny\n|-end|p2a: Kane|Illusion\n|faint|p2a: Kane\n|\n|upkeep\n|\n|t:|1696974337\n|switch|p2a: Emotion|Diancie, shiny|100\/100\n|turn|4\n|\n|t:|1696974345\n|move|p2b: Echo|Surf|p1a: Basculegion|[spread] p2a,p1a,p1b\n|-supereffective|p2a: Emotion\n|-resisted|p1a: Basculegion\n|-damage|p2a: Emotion|28\/100\n|-damage|p1a: Basculegion|0 fnt\n|-damage|p1b: Regigigas|69\/100\n|faint|p1a: Basculegion\n|move|p1b: Regigigas|Earthquake|p2a: Emotion|[spread] p2a,p2b\n|-supereffective|p2a: Emotion\n|-damage|p2a: Emotion|0 fnt\n|-damage|p2b: Echo|0 fnt\n|faint|p2a: Emotion\n|faint|p2b: Echo\n|-end|p2b: Echo|Protosynthesis|[silent]\n|\n|upkeep\n|\n|t:|1696974357\n|switch|p2b: Viah|Oricorio-Sensu, F, shiny|18\/100\n|switch|p1a: Landorus|Landorus-Therian, M|100\/100\n|switch|p2a: Dalinar|Ursaluna-Bloodmoon, M|100\/100\n|-ability|p1a: Landorus|Intimidate|boost\n|-unboost|p2a: Dalinar|atk|1\n|-unboost|p2b: Viah|atk|1\n|turn|5\n|\n|t:|1696974376\n|move|p1b: Regigigas|Drain Punch|p2a: Dalinar\n|-supereffective|p2a: Dalinar\n|-damage|p2a: Dalinar|21\/100\n|-heal|p1b: Regigigas|100\/100|[from] drain|[of] p2a: Dalinar\n|move|p2b: Viah|Revelation Dance|p1a: Landorus\n|-damage|p1a: Landorus|60\/100\n|move|p1a: Landorus|Knock Off|p2b: Viah\n|-supereffective|p2b: Viah\n|-damage|p2b: Viah|0 fnt\n|-enditem|p2b: Viah|Focus Sash|[from] move: Knock Off|[of] p1a: Landorus\n|faint|p2b: Viah\n|move|p2a: Dalinar|Focus Blast|p1b: Regigigas|[miss]\n|-miss|p2a: Dalinar|p1b: Regigigas\n|\n|-heal|p1a: Landorus|66\/100|[from] item: Leftovers\n|-heal|p2a: Dalinar|27\/100|[from] item: Leftovers\n|upkeep\n|turn|6\n|-message|Infused zephyr forfeited.\n|\n|win|Sc4rletQu33n\n|raw|Sc4rletQu33n's rating: 1080 &rarr; <strong>1112<\/strong><br \/>(+32 for winning)\n|raw|Infused zephyr's rating: 1124 &rarr; <strong>1096<\/strong><br \/>(-28 for losing)\n|l|\u2606Infused zephyr\n","uploadtime":1696974399,"views":11,"p1id":"sc4rletqu33n","p2id":"infusedzephyr","formatid":"gen9nationaldexdoubles","rating":1096,"private":0,"password":""}