{"id":"gen9nationaldexdoubles-1992906635","p1":"AutumnCookie","p2":"kpoc12","format":"[Gen 9] National Dex Doubles","log":"|j|\u2606AutumnCookie\n|j|\u2606kpoc12\n|t:|1700245715\n|gametype|doubles\n|player|p1|AutumnCookie|barry|\n|player|p2|kpoc12|lucas-gen4pt|\n|teamsize|p1|6\n|teamsize|p2|6\n|gen|9\n|tier|[Gen 9] National Dex Doubles\n|rule|HP Percentage Mod: HP is shown in percentages\n|rule|Endless Battle Clause: Forcing endless battles is banned\n|rule|OHKO Clause: OHKO moves are banned\n|rule|Evasion Moves Clause: Evasion moves are banned\n|rule|Evasion Abilities Clause: Evasion abilities are banned\n|rule|Species Clause: Limit one of each Pok\u00e9mon\n|rule|Gravity Sleep Clause: The combination of sleep-inducing moves with imperfect accuracy and Gravity or Gigantamax Orbeetle are banned\n|clearpoke\n|poke|p1|Infernape, M|\n|poke|p1|Staraptor, M|\n|poke|p1|Floatzel, M|\n|poke|p1|Heracross, M|\n|poke|p1|Snorlax, M|\n|poke|p1|Roserade, M|\n|poke|p2|Torterra, M|\n|poke|p2|Gallade, M|\n|poke|p2|Luxray, F|\n|poke|p2|Spiritomb, F|\n|poke|p2|Flareon, M|\n|poke|p2|Gastrodon, M|\n|teampreview\n|j| UncleKars\n|\n|t:|1700245774\n|start\n|switch|p1a: Roserade|Roserade, M|100\/100\n|switch|p1b: Heracross|Heracross, M|100\/100\n|switch|p2a: Gallade|Gallade, M|100\/100\n|switch|p2b: Gastrodon|Gastrodon, M|100\/100\n|turn|1\n|\n|t:|1700245799\n|move|p2b: Gastrodon|Protect|p2b: Gastrodon\n|-singleturn|p2b: Gastrodon|Protect\n|move|p1a: Roserade|Spikes|p2b: Gastrodon\n|-sidestart|p2: kpoc12|Spikes\n|move|p1b: Heracross|Megahorn|p2a: Gallade\n|-damage|p2a: Gallade|0 fnt\n|faint|p2a: Gallade\n|\n|-status|p1b: Heracross|brn|[from] item: Flame Orb\n|upkeep\n|\n|t:|1700245811\n|switch|p2a: Luxray|Luxray, F|100\/100\n|-damage|p2a: Luxray|88\/100|[from] Spikes\n|turn|2\n|j| ribbonzregretz\n|c| UncleKars|spikes so yunny\n|c| UncleKars|yummy*\n|c|\u2606AutumnCookie|Yummy spikes...\n|\n|t:|1700245831\n|switch|p2b: Torterra|Torterra, M|100\/100\n|-damage|p2b: Torterra|88\/100|[from] Spikes\n|move|p1a: Roserade|Spikes|p2a: Luxray\n|-sidestart|p2: kpoc12|Spikes\n|move|p1b: Heracross|Trailblaze|p2b: Torterra\n|-damage|p2b: Torterra|61\/100\n|-boost|p1b: Heracross|spe|1\n|move|p2a: Luxray|Trailblaze|p1b: Heracross\n|-resisted|p1b: Heracross\n|-damage|p1b: Heracross|89\/100 brn\n|-boost|p2a: Luxray|spe|1\n|\n|-damage|p1b: Heracross|83\/100 brn|[from] brn\n|-status|p2a: Luxray|brn|[from] item: Flame Orb\n|upkeep\n|turn|3\n|c|\u2606kpoc12|YUMMY SPIKES\n|c|\u2606AutumnCookie|THE TRAILBLAZERS\n|c|\u2606kpoc12|guys who blaze\n|\n|t:|1700245868\n|move|p1b: Heracross|Facade|p2b: Torterra\n|-damage|p2b: Torterra|0 fnt\n|faint|p2b: Torterra\n|move|p1a: Roserade|Spikes|p2a: Luxray\n|-sidestart|p2: kpoc12|Spikes\n|move|p2a: Luxray|Facade|p1b: Heracross\n|-damage|p1b: Heracross|0 fnt\n|faint|p1b: Heracross\n|\n|-damage|p2a: Luxray|82\/100 brn|[from] brn\n|upkeep\n|\n|t:|1700245887\n|switch|p1b: Infernape|Infernape, M|100\/100\n|switch|p2b: Spiritomb|Spiritomb, F|100\/100\n|-damage|p2b: Spiritomb|76\/100|[from] Spikes\n|turn|4\n|l| ribbonzregretz\n|j| cassinidivision\n|\n|t:|1700245918\n|move|p1b: Infernape|Nasty Plot|p1b: Infernape\n|-boost|p1b: Infernape|spa|2\n|move|p1a: Roserade|Stun Spore|p2b: Spiritomb|[miss]\n|-miss|p1a: Roserade|p2b: Spiritomb\n|move|p2a: Luxray|Facade|p1b: Infernape\n|-damage|p1b: Infernape|0 fnt\n|faint|p1b: Infernape\n|move|p2b: Spiritomb|Toxic|p1a: Roserade\n|-immune|p1a: Roserade\n|\n|-heal|p2b: Spiritomb|82\/100|[from] item: Leftovers\n|-damage|p2a: Luxray|76\/100 brn|[from] brn\n|upkeep\n|c| cassinidivision|hi on mobile\n|c|\u2606kpoc12|FUCKING\n|c|\u2606AutumnCookie|Hi Cassini\n|c|\u2606kpoc12|i did not toxic that thing i promise\n|c|\u2606kpoc12|i was not expecting the one shot.\n|\n|t:|1700245952\n|switch|p1b: Staraptor|Staraptor, M|100\/100\n|turn|5\n|\n|t:|1700245967\n|move|p1b: Staraptor|Double-Edge|p2a: Luxray\n|-damage|p2a: Luxray|0 fnt\n|faint|p2a: Luxray\n|-damage|p1b: Staraptor|71\/100|[from] Recoil\n|move|p1a: Roserade|Stun Spore|p2b: Spiritomb|[miss]\n|-miss|p1a: Roserade|p2b: Spiritomb\n|move|p2b: Spiritomb|Calm Mind|p2b: Spiritomb\n|-boost|p2b: Spiritomb|spa|1\n|-boost|p2b: Spiritomb|spd|1\n|\n|-heal|p2b: Spiritomb|88\/100|[from] item: Leftovers\n|upkeep\n|c|\u2606AutumnCookie|STUN SPORE MISSES...\n|\n|t:|1700245988\n|switch|p2a: Flareon|Flareon, M|100\/100\n|-damage|p2a: Flareon|76\/100|[from] Spikes\n|turn|6\n|\n|t:|1700246000\n|move|p2b: Spiritomb|Sucker Punch|p1b: Staraptor\n|-damage|p1b: Staraptor|37\/100\n|move|p1b: Staraptor|Double-Edge|p2a: Flareon\n|-damage|p2a: Flareon|0 fnt\n|faint|p2a: Flareon\n|-damage|p1b: Staraptor|10\/100|[from] Recoil\n|move|p1a: Roserade|Sludge Bomb|p2b: Spiritomb\n|-resisted|p2b: Spiritomb\n|-damage|p2b: Spiritomb|71\/100\n|\n|-heal|p2b: Spiritomb|77\/100|[from] item: Leftovers\n|upkeep\n|\n|t:|1700246010\n|switch|p2a: Gastrodon|Gastrodon, M|100\/100\n|-damage|p2a: Gastrodon|76\/100|[from] Spikes\n|turn|7\n|\n|t:|1700246022\n|move|p2a: Gastrodon|Protect|p2a: Gastrodon\n|-singleturn|p2a: Gastrodon|Protect\n|move|p2b: Spiritomb|Sucker Punch|p1b: Staraptor\n|-damage|p1b: Staraptor|0 fnt\n|faint|p1b: Staraptor\n|move|p1a: Roserade|Stun Spore|p2b: Spiritomb\n|-status|p2b: Spiritomb|par\n|\n|-heal|p2a: Gastrodon|82\/100|[from] item: Leftovers\n|-heal|p2b: Spiritomb|83\/100 par|[from] item: Leftovers\n|upkeep\n|c|\u2606AutumnCookie|FINALLY\n|c|\u2606kpoc12|HDFHHF\n|\n|t:|1700246037\n|switch|p1b: Floatzel|Floatzel, M|100\/100\n|turn|8\n|\n|t:|1700246074\n|move|p2b: Spiritomb|Sucker Punch|p1a: Roserade\n|-damage|p1a: Roserade|61\/100\n|move|p1b: Floatzel|Ice Spinner|p2b: Spiritomb\n|-damage|p2b: Spiritomb|53\/100 par\n|move|p1a: Roserade|Giga Drain|p2a: Gastrodon\n|-supereffective|p2a: Gastrodon\n|-damage|p2a: Gastrodon|0 fnt\n|-heal|p1a: Roserade|100\/100|[from] drain|[of] p2a: Gastrodon\n|faint|p2a: Gastrodon\n|\n|-heal|p2b: Spiritomb|59\/100 par|[from] item: Leftovers\n|upkeep\n|turn|9\n|\n|t:|1700246091\n|move|p2b: Spiritomb|Sucker Punch|p1b: Floatzel\n|-damage|p1b: Floatzel|60\/100\n|move|p1b: Floatzel|Ice Spinner|p2b: Spiritomb\n|-damage|p2b: Spiritomb|31\/100 par\n|move|p1a: Roserade|Giga Drain|p2b: Spiritomb\n|-damage|p2b: Spiritomb|1\/100 par\n|\n|-heal|p2b: Spiritomb|7\/100 par|[from] item: Leftovers\n|upkeep\n|turn|10\n|c|\u2606kpoc12|1% LMFAOO\n|c|\u2606AutumnCookie|THE FUCKIN 1%\n|\n|t:|1700246113\n|cant|p2b: Spiritomb|par\n|move|p1b: Floatzel|Ice Spinner|p2b: Spiritomb\n|-damage|p2b: Spiritomb|0 fnt\n|faint|p2b: Spiritomb\n|\n|win|AutumnCookie\n|c|\u2606AutumnCookie|LOL\n","uploadtime":1700246122,"views":7,"p1id":"autumncookie","p2id":"kpoc12","formatid":"gen9nationaldexdoubles","rating":0,"private":0,"password":""}