{"id":"gen9nationaldexdoubles-1964008053","p1":"georgexiii","p2":"gimmeginandtonic","format":"[Gen 9] National Dex Doubles","log":"|j|\u2606georgexiii\n|j|\u2606gimmeginandtonic\n|t:|1696929479\n|gametype|doubles\n|player|p1|georgexiii|birdkeeper-gen4dp|1074\n|player|p2|gimmeginandtonic|265|1235\n|teamsize|p1|6\n|teamsize|p2|6\n|gen|9\n|tier|[Gen 9] National Dex Doubles\n|rated|\n|rule|HP Percentage Mod: HP is shown in percentages\n|rule|Endless Battle Clause: Forcing endless battles is banned\n|rule|OHKO Clause: OHKO moves are banned\n|rule|Evasion Moves Clause: Evasion moves are banned\n|rule|Evasion Abilities Clause: Evasion abilities are banned\n|rule|Species Clause: Limit one of each Pok\u00e9mon\n|rule|Gravity Sleep Clause: The combination of sleep-inducing moves with imperfect accuracy and Gravity or Gigantamax Orbeetle are banned\n|clearpoke\n|poke|p1|Ribombee, F|\n|poke|p1|Oricorio-Pom-Pom, F|\n|poke|p1|Clefable, F|\n|poke|p1|Primarina, M|\n|poke|p1|Chandelure, F|\n|poke|p1|Lopunny, F|\n|poke|p2|Regidrago|\n|poke|p2|Flutter Mane|\n|poke|p2|Urshifu-*, F|\n|poke|p2|Maushold-Four|\n|poke|p2|Moltres-Galar|\n|poke|p2|Chansey, F|\n|teampreview\n|c|\u2606georgexiii|hiiii\n|c|\u2606gimmeginandtonic|hi\n|\n|t:|1696929493\n|start\n|switch|p1a: Oricorio|Oricorio-Pom-Pom, F, shiny|100\/100\n|switch|p1b: Ribombee|Ribombee, F, shiny|100\/100\n|switch|p2a: Moltres|Moltres-Galar|100\/100\n|switch|p2b: Maushold|Maushold-Four|100\/100\n|turn|1\n|inactive|Battle timer is ON: inactive players will automatically lose when time's up. (requested by gimmeginandtonic)\n|\n|t:|1696929513\n|move|p2b: Maushold|Population Bomb|p1a: Oricorio\n|-damage|p1a: Oricorio|79\/100\n|-damage|p1a: Oricorio|57\/100\n|-damage|p1a: Oricorio|36\/100\n|-damage|p1a: Oricorio|15\/100\n|-damage|p1a: Oricorio|0 fnt\n|faint|p1a: Oricorio\n|-hitcount|p1: Oricorio|5\n|move|p1b: Ribombee|Quiver Dance|p1b: Ribombee\n|-boost|p1b: Ribombee|spa|1\n|-boost|p1b: Ribombee|spd|1\n|-boost|p1b: Ribombee|spe|1\n|move|p2a: Moltres|Air Slash|p1b: Ribombee\n|-supereffective|p1b: Ribombee\n|-damage|p1b: Ribombee|38\/100\n|\n|upkeep\n|\n|t:|1696929529\n|switch|p1a: Lopunny|Lopunny, F, shiny|100\/100\n|turn|2\n|\n|t:|1696929538\n|detailschange|p1a: Lopunny|Lopunny-Mega, F, shiny\n|-mega|p1a: Lopunny|Lopunny|Lopunnite\n|move|p1a: Lopunny|Fake Out|p2b: Maushold\n|-damage|p2b: Maushold|66\/100\n|move|p1b: Ribombee|Moonblast|p2a: Moltres\n|-supereffective|p2a: Moltres\n|-damage|p2a: Moltres|0 fnt\n|faint|p2a: Moltres\n|-damage|p1b: Ribombee|28\/100|[from] item: Life Orb\n|cant|p2b: Maushold|flinch\n|\n|upkeep\n|\n|t:|1696929546\n|switch|p2a: Urshifu|Urshifu-Rapid-Strike, F|100\/100\n|turn|3\n|\n|t:|1696929556\n|move|p1b: Ribombee|Moonblast|p2a: Urshifu\n|-supereffective|p2a: Urshifu\n|-damage|p2a: Urshifu|0 fnt\n|faint|p2a: Urshifu\n|-damage|p1b: Ribombee|19\/100|[from] item: Life Orb\n|move|p1a: Lopunny|Power-Up Punch|p2b: Maushold\n|-supereffective|p2b: Maushold\n|-damage|p2b: Maushold|0 fnt\n|-boost|p1a: Lopunny|atk|1\n|faint|p2b: Maushold\n|\n|upkeep\n|\n|t:|1696929567\n|switch|p2b: Flutter Mane|Flutter Mane|100\/100\n|switch|p2a: Chansey|Chansey, F|100\/100\n|turn|4\n|\n|t:|1696929578\n|move|p1b: Ribombee|Protect|p1b: Ribombee\n|-singleturn|p1b: Ribombee|Protect\n|move|p1a: Lopunny|High Jump Kick|p2b: Flutter Mane\n|-resisted|p2b: Flutter Mane\n|-damage|p2b: Flutter Mane|13\/100\n|move|p2b: Flutter Mane|Dazzling Gleam|p1b: Ribombee|[spread] p1a\n|-activate|p1b: Ribombee|move: Protect\n|-supereffective|p1a: Lopunny\n|-damage|p1a: Lopunny|8\/100\n|move|p2a: Chansey|Seismic Toss|p1a: Lopunny\n|-damage|p1a: Lopunny|0 fnt\n|faint|p1a: Lopunny\n|\n|upkeep\n|\n|t:|1696929591\n|switch|p1a: Primarina|Primarina, M, shiny|100\/100\n|turn|5\n|\n|t:|1696929609\n|move|p1b: Ribombee|Quiver Dance|p1b: Ribombee\n|-boost|p1b: Ribombee|spa|1\n|-boost|p1b: Ribombee|spd|1\n|-boost|p1b: Ribombee|spe|1\n|move|p1a: Primarina|Psych Up|p1b: Ribombee\n|-copyboost|p1a: Primarina|p1b: Ribombee|[from] move: Psych Up\n|move|p2a: Chansey|Toxic|p1a: Primarina\n|-status|p1a: Primarina|tox\n|move|p2b: Flutter Mane|Trick Room|p2b: Flutter Mane\n|-fieldstart|move: Trick Room|[of] p2b: Flutter Mane\n|\n|-damage|p1a: Primarina|94\/100 tox|[from] psn\n|upkeep\n|turn|6\n|\n|t:|1696929637\n|move|p2a: Chansey|Seismic Toss|p1a: Primarina\n|-damage|p1a: Primarina|64\/100 tox\n|move|p2b: Flutter Mane|Dazzling Gleam|p1a: Primarina|[spread] p1a,p1b\n|-damage|p1a: Primarina|50\/100 tox\n|-damage|p1b: Ribombee|0 fnt\n|faint|p1b: Ribombee\n|move|p1a: Primarina|Draining Kiss|p2b: Flutter Mane\n|-damage|p2b: Flutter Mane|0 fnt\n|-heal|p1a: Primarina|57\/100 tox|[from] drain|[of] p2b: Flutter Mane\n|faint|p2b: Flutter Mane\n|-end|p2b: Flutter Mane|Protosynthesis|[silent]\n|\n|-damage|p1a: Primarina|45\/100 tox|[from] psn\n|upkeep\n|\n|t:|1696929655\n|switch|p2b: Regidrago|Regidrago|100\/100\n|switch|p1b: Clefable|Clefable, F|100\/100\n|turn|7\n|\n|t:|1696929666\n|move|p1b: Clefable|Follow Me|p1b: Clefable\n|-singleturn|p1b: Clefable|move: Follow Me\n|move|p2a: Chansey|Seismic Toss|p1b: Clefable\n|-damage|p1b: Clefable|75\/100\n|move|p2b: Regidrago|Earth Power|p1b: Clefable\n|-damage|p1b: Clefable|54\/100\n|move|p1a: Primarina|Draining Kiss|p2b: Regidrago\n|-supereffective|p2b: Regidrago\n|-damage|p2b: Regidrago|1\/100\n|-heal|p1a: Primarina|100\/100 tox|[from] drain|[of] p2b: Regidrago\n|\n|-damage|p1a: Primarina|82\/100 tox|[from] psn\n|upkeep\n|turn|8\n|\n|t:|1696929695\n|-terastallize|p1a: Primarina|Steel\n|move|p2b: Regidrago|Protect|p2b: Regidrago\n|-singleturn|p2b: Regidrago|Protect\n|move|p2a: Chansey|Toxic|p1b: Clefable\n|-status|p1b: Clefable|tox\n|move|p1b: Clefable|Wish|p1b: Clefable\n|move|p1a: Primarina|Scald|p2b: Regidrago\n|-activate|p2b: Regidrago|move: Protect\n|\n|-damage|p1a: Primarina|58\/100 tox|[from] psn\n|upkeep\n|turn|9\n|\n|t:|1696929714\n|move|p2b: Regidrago|Protect||[still]\n|-fail|p2b: Regidrago\n|move|p1b: Clefable|Follow Me|p1b: Clefable\n|-singleturn|p1b: Clefable|move: Follow Me\n|move|p2a: Chansey|Seismic Toss|p1b: Clefable\n|-damage|p1b: Clefable|29\/100 tox\n|move|p1a: Primarina|Sing|p2a: Chansey\n|-status|p2a: Chansey|slp|[from] move: Sing\n|\n|-heal|p1b: Clefable|79\/100 tox|[from] move: Wish|[wisher] Clefable\n|-damage|p1a: Primarina|28\/100 tox|[from] psn\n|-fieldend|move: Trick Room\n|upkeep\n|turn|10\n|\n|t:|1696929730\n|move|p2b: Regidrago|Protect|p2b: Regidrago\n|-singleturn|p2b: Regidrago|Protect\n|move|p1a: Primarina|Draining Kiss|p2a: Chansey\n|-damage|p2a: Chansey|84\/100 slp\n|-heal|p1a: Primarina|53\/100 tox|[from] drain|[of] p2a: Chansey\n|move|p1b: Clefable|Stored Power|p2b: Regidrago\n|-activate|p2b: Regidrago|move: Protect\n|cant|p2a: Chansey|slp\n|\n|-damage|p1a: Primarina|17\/100 tox|[from] psn\n|upkeep\n|turn|11\n|inactive|gimmeginandtonic has 120 seconds left.\n|\n|t:|1696929762\n|-terastallize|p2b: Regidrago|Steel\n|move|p1a: Primarina|Draining Kiss|p2a: Chansey\n|-damage|p2a: Chansey|68\/100 slp\n|-heal|p1a: Primarina|41\/100 tox|[from] drain|[of] p2a: Chansey\n|move|p2b: Regidrago|Earth Power|p1a: Primarina\n|-supereffective|p1a: Primarina\n|-damage|p1a: Primarina|12\/100 tox\n|move|p1b: Clefable|Skill Swap|p1a: Primarina\n|-activate|p1b: Clefable|move: Skill Swap|||[of] p1a: Primarina\n|cant|p2a: Chansey|slp\n|\n|-damage|p1b: Clefable|54\/100 tox|[from] psn\n|upkeep\n|turn|12\n|\n|t:|1696929781\n|move|p2b: Regidrago|Protect|p2b: Regidrago\n|-singleturn|p2b: Regidrago|Protect\n|move|p1b: Clefable|Follow Me|p1b: Clefable\n|-singleturn|p1b: Clefable|move: Follow Me\n|move|p1a: Primarina|Draining Kiss|p2a: Chansey\n|-damage|p2a: Chansey|54\/100 slp\n|-heal|p1a: Primarina|35\/100 tox|[from] drain|[of] p2a: Chansey\n|cant|p2a: Chansey|slp\n|\n|-damage|p1b: Clefable|24\/100 tox|[from] psn\n|upkeep\n|turn|13\n|\n|t:|1696929796\n|move|p1b: Clefable|Follow Me|p1b: Clefable\n|-singleturn|p1b: Clefable|move: Follow Me\n|move|p1a: Primarina|Draining Kiss|p2a: Chansey\n|-damage|p2a: Chansey|40\/100 slp\n|-heal|p1a: Primarina|57\/100 tox|[from] drain|[of] p2a: Chansey\n|move|p2b: Regidrago|Earth Power|p1b: Clefable\n|-damage|p1b: Clefable|2\/100 tox\n|-curestatus|p2a: Chansey|slp|[msg]\n|move|p2a: Chansey|Soft-Boiled|p2a: Chansey\n|-heal|p2a: Chansey|90\/100\n|\n|-damage|p1b: Clefable|0 fnt|[from] psn\n|faint|p1b: Clefable\n|upkeep\n|\n|t:|1696929808\n|switch|p1b: Chandelure|Chandelure, F|100\/100\n|turn|14\n|\n|t:|1696929817\n|move|p2b: Regidrago|Protect|p2b: Regidrago\n|-singleturn|p2b: Regidrago|Protect\n|move|p1a: Primarina|Scald|p2b: Regidrago\n|-activate|p2b: Regidrago|move: Protect\n|move|p1b: Chandelure|Substitute|p1b: Chandelure\n|-start|p1b: Chandelure|Substitute\n|-damage|p1b: Chandelure|76\/100\n|move|p2a: Chansey|Toxic||[still]\n|-fail|p2a: Chansey\n|\n|upkeep\n|turn|15\n|\n|t:|1696929832\n|move|p1a: Primarina|Scald|p2b: Regidrago\n|-damage|p2b: Regidrago|0 fnt\n|faint|p2b: Regidrago\n|move|p1b: Chandelure|Calm Mind|p1b: Chandelure\n|-boost|p1b: Chandelure|spa|1\n|-boost|p1b: Chandelure|spd|1\n|move|p2a: Chansey|Seismic Toss|p1a: Primarina\n|-damage|p1a: Primarina|26\/100 tox\n|\n|upkeep\n|turn|16\n|\n|t:|1696929847\n|move|p1a: Primarina|Draining Kiss|p2a: Chansey\n|-damage|p2a: Chansey|73\/100\n|-heal|p1a: Primarina|51\/100 tox|[from] drain|[of] p2a: Chansey\n|move|p1b: Chandelure|Calm Mind|p1b: Chandelure\n|-boost|p1b: Chandelure|spa|1\n|-boost|p1b: Chandelure|spd|1\n|move|p2a: Chansey|Seismic Toss|p1b: Chandelure\n|-immune|p1b: Chandelure\n|\n|upkeep\n|turn|17\n|\n|t:|1696929858\n|move|p1a: Primarina|Draining Kiss|p2a: Chansey\n|-damage|p2a: Chansey|57\/100\n|-heal|p1a: Primarina|77\/100 tox|[from] drain|[of] p2a: Chansey\n|move|p1b: Chandelure|Calm Mind|p1b: Chandelure\n|-boost|p1b: Chandelure|spa|1\n|-boost|p1b: Chandelure|spd|1\n|move|p2a: Chansey|Soft-Boiled|p2a: Chansey\n|-heal|p2a: Chansey|100\/100\n|\n|upkeep\n|turn|18\n|\n|t:|1696929876\n|move|p1a: Primarina|Draining Kiss|p2a: Chansey\n|-crit|p2a: Chansey\n|-damage|p2a: Chansey|79\/100\n|-heal|p1a: Primarina|100\/100 tox|[from] drain|[of] p2a: Chansey\n|move|p1b: Chandelure|Calm Mind|p1b: Chandelure\n|-boost|p1b: Chandelure|spa|1\n|-boost|p1b: Chandelure|spd|1\n|move|p2a: Chansey|Soft-Boiled|p2a: Chansey\n|-heal|p2a: Chansey|100\/100\n|\n|upkeep\n|turn|19\n|\n|t:|1696929890\n|move|p1a: Primarina|Scald|p2a: Chansey\n|-damage|p2a: Chansey|76\/100\n|move|p1b: Chandelure|Calm Mind|p1b: Chandelure\n|-boost|p1b: Chandelure|spa|1\n|-boost|p1b: Chandelure|spd|1\n|move|p2a: Chansey|Seismic Toss|p1a: Primarina\n|-damage|p1a: Primarina|70\/100 tox\n|\n|upkeep\n|turn|20\n|\n|t:|1696929903\n|move|p1a: Primarina|Draining Kiss|p2a: Chansey\n|-damage|p2a: Chansey|61\/100\n|-heal|p1a: Primarina|94\/100 tox|[from] drain|[of] p2a: Chansey\n|move|p1b: Chandelure|Calm Mind|p1b: Chandelure\n|-boost|p1b: Chandelure|spa|1\n|-boost|p1b: Chandelure|spd|1\n|move|p2a: Chansey|Toxic||[still]\n|-fail|p2a: Chansey\n|\n|upkeep\n|turn|21\n|\n|t:|1696929916\n|move|p1a: Primarina|Psych Up|p1b: Chandelure\n|-copyboost|p1a: Primarina|p1b: Chandelure|[from] move: Psych Up\n|move|p1b: Chandelure|Flamethrower|p2a: Chansey\n|-damage|p2a: Chansey|0 fnt\n|faint|p2a: Chansey\n|\n|win|georgexiii\n|raw|georgexiii's rating: 1074 &rarr; <strong>1115<\/strong><br \/>(+41 for winning)\n|raw|gimmeginandtonic's rating: 1235 &rarr; <strong>1199<\/strong><br \/>(-36 for losing)\n|c|\u2606georgexiii|gg\n","uploadtime":1696929925,"views":13,"p1id":"georgexiii","p2id":"gimmeginandtonic","formatid":"gen9nationaldexdoubles","rating":1115,"private":0,"password":""}