{"id":"gen9nationaldexdoubles-1973598952","p1":"MasterYMK","p2":"Hi lsbdkdjd","format":"[Gen 9] National Dex Doubles","log":"|j|\u2606MasterYMK\n|j|\u2606Hi lsbdkdjd\n|t:|1697994750\n|gametype|doubles\n|player|p1|MasterYMK|eusine|1076\n|player|p2|Hi lsbdkdjd|lucas|1054\n|teamsize|p1|6\n|teamsize|p2|6\n|gen|9\n|tier|[Gen 9] National Dex Doubles\n|rated|\n|rule|HP Percentage Mod: HP is shown in percentages\n|rule|Endless Battle Clause: Forcing endless battles is banned\n|rule|OHKO Clause: OHKO moves are banned\n|rule|Evasion Moves Clause: Evasion moves are banned\n|rule|Evasion Abilities Clause: Evasion abilities are banned\n|rule|Species Clause: Limit one of each Pok\u00e9mon\n|rule|Gravity Sleep Clause: The combination of sleep-inducing moves with imperfect accuracy and Gravity or Gigantamax Orbeetle are banned\n|clearpoke\n|poke|p1|Flamigo, M|\n|poke|p1|Snorlax, M|\n|poke|p1|Torkoal, F|\n|poke|p1|Baxcalibur, F|\n|poke|p1|Lurantis, F|\n|poke|p1|Mimikyu, F|\n|poke|p2|Blastoise, M|\n|poke|p2|Clefable, F|\n|poke|p2|Indeedee-F, F|\n|poke|p2|Mr. Mime, F|\n|poke|p2|Glastrier|\n|poke|p2|Oranguru, M|\n|teampreview\n|inactive|Battle timer is ON: inactive players will automatically lose when time's up. (requested by MasterYMK)\n|inactiveoff|Battle timer is now OFF.\n|\n|t:|1697994773\n|start\n|switch|p1a: Mimikyu|Mimikyu, F|100\/100\n|switch|p1b: Torkoal|Torkoal, F|100\/100\n|switch|p2a: Glastrier|Glastrier|100\/100\n|switch|p2b: Blastoise|Blastoise, M|100\/100\n|-weather|SunnyDay|[from] ability: Drought|[of] p1b: Torkoal\n|turn|1\n|inactive|Battle timer is ON: inactive players will automatically lose when time's up. (requested by Hi lsbdkdjd)\n|\n|t:|1697994787\n|move|p2a: Glastrier|Protect|p2a: Glastrier\n|-singleturn|p2a: Glastrier|Protect\n|move|p1a: Mimikyu|Swords Dance|p1a: Mimikyu\n|-boost|p1a: Mimikyu|atk|2\n|move|p2b: Blastoise|Scald|p1b: Torkoal\n|-supereffective|p1b: Torkoal\n|-damage|p1b: Torkoal|72\/100\n|move|p1b: Torkoal|Sludge Bomb|p2b: Blastoise\n|-damage|p2b: Blastoise|78\/100\n|-status|p2b: Blastoise|psn\n|\n|-weather|SunnyDay|[upkeep]\n|-damage|p2b: Blastoise|66\/100 psn|[from] psn\n|upkeep\n|turn|2\n|\n|t:|1697994810\n|move|p2b: Blastoise|Follow Me|p2b: Blastoise\n|-singleturn|p2b: Blastoise|move: Follow Me\n|move|p1a: Mimikyu|Play Rough|p2b: Blastoise\n|-damage|p2b: Blastoise|0 fnt\n|faint|p2b: Blastoise\n|-damage|p1a: Mimikyu|91\/100|[from] item: Life Orb\n|move|p1b: Torkoal|Body Press|p2a: Glastrier\n|-supereffective|p2a: Glastrier\n|-damage|p2a: Glastrier|67\/100\n|move|p2a: Glastrier|Stomping Tantrum|p1b: Torkoal\n|-supereffective|p1b: Torkoal\n|-damage|p1b: Torkoal|25\/100\n|\n|-weather|SunnyDay|[upkeep]\n|upkeep\n|\n|t:|1697994824\n|switch|p2b: Indeedee|Indeedee-F, F|100\/100\n|-fieldstart|move: Psychic Terrain|[from] ability: Psychic Surge|[of] p2b: Indeedee\n|turn|3\n|\n|t:|1697994838\n|move|p2a: Glastrier|Protect|p2a: Glastrier\n|-singleturn|p2a: Glastrier|Protect\n|move|p1a: Mimikyu|Play Rough|p2b: Indeedee\n|-damage|p2b: Indeedee|6\/100\n|-damage|p1a: Mimikyu|81\/100|[from] item: Life Orb\n|move|p1b: Torkoal|Flamethrower|p2a: Glastrier\n|-activate|p2a: Glastrier|move: Protect\n|move|p2b: Indeedee|Trick Room|p2b: Indeedee\n|-fieldstart|move: Trick Room|[of] p2b: Indeedee\n|\n|-weather|SunnyDay|[upkeep]\n|upkeep\n|turn|4\n|\n|t:|1697994861\n|-terastallize|p2a: Glastrier|Ice\n|move|p2b: Indeedee|Follow Me|p2b: Indeedee\n|-singleturn|p2b: Indeedee|move: Follow Me\n|move|p2a: Glastrier|Icicle Spear|p1a: Mimikyu\n|-activate|p1a: Mimikyu|ability: Disguise\n|-damage|p1a: Mimikyu|81\/100\n|detailschange|p1a: Mimikyu|Mimikyu-Busted, F\n|-damage|p1a: Mimikyu|68\/100|[from] pokemon: Mimikyu-Busted\n|-damage|p1a: Mimikyu|33\/100\n|-damage|p1a: Mimikyu|0 fnt\n|faint|p1a: Mimikyu\n|-ability|p2a: Glastrier|Chilling Neigh|boost\n|-boost|p2a: Glastrier|atk|1\n|-hitcount|p1: Mimikyu|3\n|move|p1b: Torkoal|Sludge Bomb|p2b: Indeedee\n|-damage|p2b: Indeedee|0 fnt\n|faint|p2b: Indeedee\n|\n|-weather|SunnyDay|[upkeep]\n|upkeep\n|\n|t:|1697994882\n|switch|p2b: Oranguru|Oranguru, M|100\/100\n|switch|p1a: Snorlax|Snorlax, M|100\/100\n|turn|5\n|\n|t:|1697994893\n|move|p2a: Glastrier|Icicle Spear|p1b: Torkoal\n|-resisted|p1b: Torkoal\n|-damage|p1b: Torkoal|12\/100\n|-resisted|p1b: Torkoal\n|-damage|p1b: Torkoal|1\/100\n|-resisted|p1b: Torkoal\n|-damage|p1b: Torkoal|0 fnt\n|faint|p1b: Torkoal\n|-ability|p2a: Glastrier|Chilling Neigh|boost\n|-boost|p2a: Glastrier|atk|1\n|-hitcount|p1: Torkoal|3\n|move|p1a: Snorlax|Belly Drum|p1a: Snorlax\n|-damage|p1a: Snorlax|50\/100\n|-setboost|p1a: Snorlax|atk|6|[from] move: Belly Drum\n|-enditem|p1a: Snorlax|Aguav Berry|[eat]\n|-heal|p1a: Snorlax|84\/100|[from] item: Aguav Berry\n|move|p2b: Oranguru|Instruct|p2a: Glastrier\n|-singleturn|p2a: Glastrier|move: Instruct|[of] p2b: Oranguru\n|move|p2a: Glastrier|Icicle Spear|p1a: Snorlax\n|-damage|p1a: Snorlax|44\/100\n|-damage|p1a: Snorlax|5\/100\n|-damage|p1a: Snorlax|0 fnt\n|faint|p1a: Snorlax\n|-ability|p2a: Glastrier|Chilling Neigh|boost\n|-boost|p2a: Glastrier|atk|1\n|-hitcount|p1: Snorlax|3\n|\n|-weather|SunnyDay|[upkeep]\n|upkeep\n|\n|t:|1697994917\n|switch|p1b: Flamigo|Flamigo, M|100\/100\n|switch|p1a: Baxcalibur|Baxcalibur, F|100\/100\n|-copyboost|p1b: Flamigo|p1a: Baxcalibur|[from] ability: Costar\n|turn|6\n|\n|t:|1697994930\n|move|p1b: Flamigo|Detect|p1b: Flamigo\n|-singleturn|p1b: Flamigo|Protect\n|move|p2a: Glastrier|Icicle Spear|p1b: Flamigo\n|-activate|p1b: Flamigo|move: Protect\n|move|p2b: Oranguru|Instruct|p2a: Glastrier\n|-singleturn|p2a: Glastrier|move: Instruct|[of] p2b: Oranguru\n|move|p2a: Glastrier|Icicle Spear|p1b: Flamigo\n|-activate|p1b: Flamigo|move: Protect\n|move|p1a: Baxcalibur|Dragon Tail|p2a: Glastrier\n|-damage|p2a: Glastrier|44\/100\n|drag|p2a: Mr. Mime|Mr. Mime, F|100\/100\n|\n|-weather|SunnyDay|[upkeep]\n|upkeep\n|turn|7\n|inactive|Hi lsbdkdjd has 120 seconds left.\n|\n|t:|1697994971\n|switch|p1b: Lurantis|Lurantis, F|100\/100\n|move|p2b: Oranguru|Gravity|p2b: Oranguru\n|-fieldstart|move: Gravity\n|move|p2a: Mr. Mime|Seismic Toss|p1a: Baxcalibur\n|-damage|p1a: Baxcalibur|77\/100\n|move|p1a: Baxcalibur|Avalanche|p2a: Mr. Mime\n|-damage|p2a: Mr. Mime|20\/100\n|\n|-weather|SunnyDay|[upkeep]\n|-fieldend|move: Trick Room\n|-fieldend|move: Psychic Terrain\n|upkeep\n|turn|8\n|inactive|MasterYMK has 120 seconds left.\n|\n|t:|1697995001\n|move|p2a: Mr. Mime|Follow Me|p2a: Mr. Mime\n|-singleturn|p2a: Mr. Mime|move: Follow Me\n|move|p1a: Baxcalibur|Aqua Tail|p2a: Mr. Mime\n|-damage|p2a: Mr. Mime|0 fnt\n|faint|p2a: Mr. Mime\n|move|p1b: Lurantis|Superpower|p2b: Oranguru\n|-damage|p2b: Oranguru|68\/100\n|-boost|p1b: Lurantis|atk|1\n|-boost|p1b: Lurantis|def|1\n|move|p2b: Oranguru|Trick Room|p2b: Oranguru\n|-fieldstart|move: Trick Room|[of] p2b: Oranguru\n|\n|-weather|none\n|upkeep\n|\n|t:|1697995010\n|switch|p2a: Glastrier|Glastrier, tera:Ice|44\/100\n|turn|9\n|\n|t:|1697995017\n|move|p2a: Glastrier|Icicle Spear|p1b: Lurantis\n|-supereffective|p1b: Lurantis\n|-damage|p1b: Lurantis|73\/100\n|-supereffective|p1b: Lurantis\n|-damage|p1b: Lurantis|42\/100\n|-supereffective|p1b: Lurantis\n|-damage|p1b: Lurantis|12\/100\n|-supereffective|p1b: Lurantis\n|-damage|p1b: Lurantis|0 fnt\n|faint|p1b: Lurantis\n|-ability|p2a: Glastrier|Chilling Neigh|boost\n|-boost|p2a: Glastrier|atk|1\n|-hitcount|p1: Lurantis|4\n|move|p2b: Oranguru|Instruct|p2a: Glastrier\n|-singleturn|p2a: Glastrier|move: Instruct|[of] p2b: Oranguru\n|move|p2a: Glastrier|Icicle Spear|p1a: Baxcalibur\n|-damage|p1a: Baxcalibur|49\/100\n|-damage|p1a: Baxcalibur|21\/100\n|-damage|p1a: Baxcalibur|0 fnt\n|faint|p1a: Baxcalibur\n|-ability|p2a: Glastrier|Chilling Neigh|boost\n|-boost|p2a: Glastrier|atk|1\n|-hitcount|p1: Baxcalibur|3\n|\n|upkeep\n|\n|t:|1697995036\n|switch|p1b: Flamigo|Flamigo, M|100\/100\n|turn|10\n|\n|t:|1697995040\n|move|p2a: Glastrier|Icicle Spear|p1b: Flamigo\n|-supereffective|p1b: Flamigo\n|-damage|p1b: Flamigo|0 fnt\n|faint|p1b: Flamigo\n|-hitcount|p1: Flamigo|1\n|\n|win|Hi lsbdkdjd\n|raw|MasterYMK's rating: 1076 &rarr; <strong>1053<\/strong><br \/>(-23 for losing)\n|raw|Hi lsbdkdjd's rating: 1054 &rarr; <strong>1088<\/strong><br \/>(+34 for winning)\n|l|\u2606MasterYMK\n","uploadtime":1697995055,"views":4,"p1id":"masterymk","p2id":"hilsbdkdjd","formatid":"gen9nationaldexdoubles","rating":1053,"private":0,"password":""}