{"id":"gen9nationaldexdoubles-1970706318","p1":"banded struggle","p2":"MeowCxw","format":"[Gen 9] National Dex Doubles","log":"|j|\u2606banded struggle\n|j|\u2606MeowCxw\n|t:|1697659835\n|gametype|doubles\n|player|p1|banded struggle|hau|1000\n|player|p2|MeowCxw|2|1105\n|teamsize|p1|6\n|teamsize|p2|6\n|gen|9\n|tier|[Gen 9] National Dex Doubles\n|rated|\n|rule|HP Percentage Mod: HP is shown in percentages\n|rule|Endless Battle Clause: Forcing endless battles is banned\n|rule|OHKO Clause: OHKO moves are banned\n|rule|Evasion Moves Clause: Evasion moves are banned\n|rule|Evasion Abilities Clause: Evasion abilities are banned\n|rule|Species Clause: Limit one of each Pok\u00e9mon\n|rule|Gravity Sleep Clause: The combination of sleep-inducing moves with imperfect accuracy and Gravity or Gigantamax Orbeetle are banned\n|clearpoke\n|poke|p1|Breloom, F|\n|poke|p1|Turtonator, F|\n|poke|p1|Diancie|\n|poke|p1|Rillaboom, M|\n|poke|p1|Minun, M|\n|poke|p1|Plusle, M|\n|poke|p2|Amoonguss, F|\n|poke|p2|Darkrai|\n|poke|p2|Dragonite, M|\n|poke|p2|Grimmsnarl, M|\n|poke|p2|Ogerpon-Hearthflame, F|\n|poke|p2|Quagsire, M|\n|teampreview\n|inactive|Battle timer is ON: inactive players will automatically lose when time's up. (requested by banded struggle)\n|c|\u2606banded struggle|Hf :)\n|\n|t:|1697659854\n|start\n|switch|p1a: Mario!|Plusle, M|100\/100\n|switch|p1b: Luigi|Minun, M, shiny|100\/100\n|switch|p2a: Amoonguss|Amoonguss, F|100\/100\n|switch|p2b: Grimmsnarl|Grimmsnarl, M|100\/100\n|turn|1\n|c|\u2606MeowCxw|ill try\n|\n|t:|1697659877\n|move|p1b: Luigi|Helping Hand|p1a: Mario!\n|-singleturn|p1a: Mario!|Helping Hand|[of] p1b: Luigi\n|move|p2b: Grimmsnarl|Light Screen|p2b: Grimmsnarl\n|-sidestart|p2: MeowCxw|move: Light Screen\n|move|p1a: Mario!|Hidden Power|p2a: Amoonguss\n|-supereffective|p2a: Amoonguss\n|-damage|p2a: Amoonguss|63\/100\n|-damage|p1a: Mario!|91\/100|[from] item: Life Orb\n|move|p2a: Amoonguss|Spore|p1a: Mario!\n|-status|p1a: Mario!|slp|[from] move: Spore\n|\n|-heal|p2a: Amoonguss|69\/100|[from] item: Leftovers\n|upkeep\n|turn|2\n|inactive|MeowCxw has 120 seconds left.\n|\n|t:|1697659911\n|switch|p1a: Bowser|Turtonator, F|100\/100\n|move|p1b: Luigi|Protect|p1b: Luigi\n|-singleturn|p1b: Luigi|Protect\n|move|p2b: Grimmsnarl|Parting Shot|p1b: Luigi\n|-activate|p1b: Luigi|move: Protect\n|move|p2a: Amoonguss|Spore|p1b: Luigi\n|-activate|p1b: Luigi|move: Protect\n|\n|-heal|p2a: Amoonguss|75\/100|[from] item: Leftovers\n|upkeep\n|turn|3\n|\n|t:|1697659932\n|move|p2b: Grimmsnarl|Reflect|p2b: Grimmsnarl\n|-sidestart|p2: MeowCxw|Reflect\n|move|p1b: Luigi|Nuzzle|p2a: Amoonguss\n|-resisted|p2a: Amoonguss\n|-damage|p2a: Amoonguss|74\/100\n|-status|p2a: Amoonguss|par\n|move|p1a: Bowser|Flamethrower|p2a: Amoonguss\n|-supereffective|p2a: Amoonguss\n|-damage|p2a: Amoonguss|50\/100 par\n|cant|p2a: Amoonguss|par\n|\n|-heal|p2a: Amoonguss|56\/100 par|[from] item: Leftovers\n|upkeep\n|turn|4\n|inactive|MeowCxw has 120 seconds left.\n|\n|t:|1697659968\n|switch|p2a: Dragonite|Dragonite, M|100\/100\n|move|p1b: Luigi|Helping Hand|p1a: Bowser\n|-singleturn|p1a: Bowser|Helping Hand|[of] p1b: Luigi\n|move|p2b: Grimmsnarl|Parting Shot|p1a: Bowser\n|-unboost|p1a: Bowser|atk|1\n|-unboost|p1a: Bowser|spa|1\n|\n|t:|1697659983\n|switch|p2b: Quagsire|Quagsire, M, shiny|100\/100|[from] Parting Shot\n|move|p1a: Bowser|Flamethrower|p2a: Dragonite\n|-resisted|p2a: Dragonite\n|-damage|p2a: Dragonite|96\/100\n|\n|upkeep\n|turn|5\n|inactive|MeowCxw has 120 seconds left.\n|\n|t:|1697660006\n|move|p1b: Luigi|Nuzzle|p2a: Dragonite\n|-damage|p2a: Dragonite|93\/100\n|-status|p2a: Dragonite|par\n|cant|p2a: Dragonite|par\n|move|p1a: Bowser|Iron Defense|p1a: Bowser\n|-boost|p1a: Bowser|def|2\n|move|p2b: Quagsire|Yawn|p1b: Luigi\n|-start|p1b: Luigi|move: Yawn|[of] p2b: Quagsire\n|\n|-sideend|p2: MeowCxw|move: Light Screen\n|upkeep\n|turn|6\n|\n|t:|1697660023\n|switch|p1b: Toad|Breloom, F|100\/100\n|move|p2a: Dragonite|Dragon Dance|p2a: Dragonite\n|-boost|p2a: Dragonite|atk|1\n|-boost|p2a: Dragonite|spe|1\n|move|p1a: Bowser|Iron Defense|p1a: Bowser\n|-boost|p1a: Bowser|def|2\n|move|p2b: Quagsire|Yawn|p1a: Bowser\n|-start|p1a: Bowser|move: Yawn|[of] p2b: Quagsire\n|\n|upkeep\n|turn|7\n|\n|t:|1697660052\n|move|p1b: Toad|Bullet Seed|p1a: Bowser\n|-resisted|p1a: Bowser\n|-damage|p1a: Bowser|99\/100\n|-resisted|p1a: Bowser\n|-damage|p1a: Bowser|98\/100\n|-resisted|p1a: Bowser\n|-damage|p1a: Bowser|97\/100\n|-resisted|p1a: Bowser\n|-damage|p1a: Bowser|96\/100\n|-hitcount|p1a: Bowser|4\n|cant|p2a: Dragonite|par\n|move|p1a: Bowser|Body Press|p2b: Quagsire\n|-crit|p2b: Quagsire\n|-damage|p2b: Quagsire|77\/100\n|move|p2b: Quagsire|Earthquake|p1a: Bowser|[spread] p1a,p1b\n|-immune|p2a: Dragonite\n|-supereffective|p1a: Bowser\n|-resisted|p1b: Toad\n|-damage|p1a: Bowser|56\/100\n|-damage|p1b: Toad|82\/100\n|\n|-heal|p1a: Bowser|62\/100|[from] item: Leftovers\n|-heal|p2b: Quagsire|83\/100|[from] item: Leftovers\n|-end|p1a: Bowser|move: Yawn|[silent]\n|-status|p1a: Bowser|slp\n|-sideend|p2: MeowCxw|Reflect\n|upkeep\n|turn|8\n|c|\u2606banded struggle|Oop misclick ._.\n|\n|t:|1697660079\n|cant|p1a: Bowser|slp\n|move|p1b: Toad|Bullet Seed|p2b: Quagsire\n|-supereffective|p2b: Quagsire\n|-damage|p2b: Quagsire|24\/100\n|-supereffective|p2b: Quagsire\n|-damage|p2b: Quagsire|0 fnt\n|faint|p2b: Quagsire\n|-hitcount|p2: Quagsire|2\n|move|p2a: Dragonite|Earthquake|p1b: Toad|[spread] p1a,p1b\n|-supereffective|p1a: Bowser\n|-resisted|p1b: Toad\n|-crit|p1b: Toad\n|-damage|p1a: Bowser|39\/100 slp\n|-damage|p1b: Toad|27\/100\n|\n|-heal|p1a: Bowser|46\/100 slp|[from] item: Leftovers\n|upkeep\n|\n|t:|1697660091\n|switch|p2b: Darkrai|Darkrai|100\/100\n|turn|9\n|\n|t:|1697660105\n|move|p2a: Dragonite|Extreme Speed|p1b: Toad\n|-damage|p1b: Toad|0 fnt\n|faint|p1b: Toad\n|move|p2b: Darkrai|Hypnosis|p1a: Bowser\n|-fail|p1a: Bowser|slp\n|cant|p1a: Bowser|slp\n|\n|-heal|p1a: Bowser|52\/100 slp|[from] item: Leftovers\n|-damage|p1a: Bowser|39\/100 slp|[from] ability: Bad Dreams|[of] p2b: Darkrai\n|upkeep\n|\n|t:|1697660114\n|switch|p1b: DK Donkey Kong!|Rillaboom, M|100\/100\n|-fieldstart|move: Grassy Terrain|[from] ability: Grassy Surge|[of] p1b: DK Donkey Kong!\n|turn|10\n|\n|t:|1697660132\n|-terastallize|p2b: Darkrai|Dark\n|move|p1b: DK Donkey Kong!|Fake Out|p2a: Dragonite\n|-damage|p2a: Dragonite|75\/100 par\n|move|p2b: Darkrai|Dark Pulse|p1a: Bowser\n|-damage|p1a: Bowser|0 fnt\n|faint|p1a: Bowser\n|-damage|p2b: Darkrai|91\/100|[from] item: Life Orb\n|cant|p2a: Dragonite|flinch\n|\n|-heal|p2b: Darkrai|97\/100|[from] Grassy Terrain\n|upkeep\n|\n|t:|1697660141\n|switch|p1a: Peach|Diancie|100\/100\n|turn|11\n|\n|t:|1697660159\n|detailschange|p1a: Peach|Diancie-Mega\n|-mega|p1a: Peach|Diancie|Diancite\n|move|p1b: DK Donkey Kong!|Grassy Glide|p2b: Darkrai\n|-damage|p2b: Darkrai|41\/100\n|move|p2b: Darkrai|Hypnosis|p1a: Peach\n|move|p1a: Peach|Hypnosis|p2b: Darkrai|[from]ability: Magic Bounce\n|-status|p2b: Darkrai|slp|[from] move: Hypnosis\n|move|p1a: Peach|Dazzling Gleam|p2b: Darkrai|[spread] p2a,p2b\n|-supereffective|p2a: Dragonite\n|-supereffective|p2b: Darkrai\n|-damage|p2a: Dragonite|0 fnt\n|-damage|p2b: Darkrai|0 fnt\n|faint|p2a: Dragonite\n|faint|p2b: Darkrai\n|\n|upkeep\n|\n|t:|1697660174\n|switch|p2b: Grimmsnarl|Grimmsnarl, M|100\/100\n|switch|p2a: Ogerpon|Ogerpon-Hearthflame, F|100\/100\n|-ability|p2a: Ogerpon|Mold Breaker\n|turn|12\n|\n|t:|1697660193\n|move|p1b: DK Donkey Kong!|Grassy Glide|p2b: Grimmsnarl\n|-damage|p2b: Grimmsnarl|52\/100\n|move|p2b: Grimmsnarl|Light Screen|p2b: Grimmsnarl\n|-sidestart|p2: MeowCxw|move: Light Screen\n|move|p2a: Ogerpon|Swords Dance|p2a: Ogerpon\n|-boost|p2a: Ogerpon|atk|2\n|move|p1a: Peach|Diamond Storm|p2b: Grimmsnarl|[spread] p2a,p2b\n|-supereffective|p2a: Ogerpon\n|-damage|p2a: Ogerpon|0 fnt\n|-damage|p2b: Grimmsnarl|4\/100\n|-boost|p1a: Peach|def|2\n|faint|p2a: Ogerpon\n|\n|-heal|p2b: Grimmsnarl|10\/100|[from] Grassy Terrain\n|upkeep\n|\n|t:|1697660210\n|switch|p2a: Amoonguss|Amoonguss, F|90\/100 par\n|turn|13\n|c|\u2606banded struggle|This is a turn around\n|c|\u2606MeowCxw|so real\n|\n|t:|1697660232\n|move|p1b: DK Donkey Kong!|Grassy Glide|p2b: Grimmsnarl\n|-damage|p2b: Grimmsnarl|0 fnt\n|faint|p2b: Grimmsnarl\n|move|p1a: Peach|Mystical Fire|p2a: Amoonguss\n|-supereffective|p2a: Amoonguss\n|-damage|p2a: Amoonguss|65\/100 par\n|-unboost|p2a: Amoonguss|spa|1\n|move|p2a: Amoonguss|Spore|p1a: Peach\n|move|p1a: Peach|Spore|p2a: Amoonguss|[from]ability: Magic Bounce\n|-immune|p2a: Amoonguss\n|\n|-heal|p2a: Amoonguss|71\/100 par|[from] Grassy Terrain\n|-heal|p2a: Amoonguss|77\/100 par|[from] item: Leftovers\n|upkeep\n|turn|14\n|\n|t:|1697660253\n|move|p2a: Amoonguss|Protect|p2a: Amoonguss\n|-singleturn|p2a: Amoonguss|Protect\n|move|p1a: Peach|Diamond Storm|p2a: Amoonguss\n|-activate|p2a: Amoonguss|move: Protect\n|move|p1b: DK Donkey Kong!|Knock Off|p2a: Amoonguss\n|-activate|p2a: Amoonguss|move: Protect\n|\n|-heal|p2a: Amoonguss|83\/100 par|[from] Grassy Terrain\n|-heal|p2a: Amoonguss|89\/100 par|[from] item: Leftovers\n|-fieldend|move: Grassy Terrain\n|upkeep\n|turn|15\n|\n|t:|1697660265\n|move|p1a: Peach|Diamond Storm|p2a: Amoonguss\n|-damage|p2a: Amoonguss|35\/100 par\n|move|p1b: DK Donkey Kong!|Knock Off|p2a: Amoonguss\n|-damage|p2a: Amoonguss|0 fnt\n|-enditem|p2a: Amoonguss|Leftovers|[from] move: Knock Off|[of] p1b: DK Donkey Kong!\n|faint|p2a: Amoonguss\n|\n|win|banded struggle\n|raw|banded struggle's rating: 1000 &rarr; <strong>1052<\/strong><br \/>(+52 for winning)\n|raw|MeowCxw's rating: 1105 &rarr; <strong>1073<\/strong><br \/>(-32 for losing)\n|c|\u2606MeowCxw|gg\n|c|\u2606banded struggle|Ggs\n|l|\u2606MeowCxw\n|c|\u2606banded struggle|We stompin koopas\n|l|\u2606banded struggle\n|j|\u2606banded struggle\n|player|p1|banded struggle|hau\n","uploadtime":1697660306,"views":5,"p1id":"bandedstruggle","p2id":"meowcxw","formatid":"gen9nationaldexdoubles","rating":1052,"private":0,"password":""}