{"id":"gen9nationaldexdoubles-1978409460","p1":"ewbrammer91","p2":"El Ryuk456","format":"[Gen 9] National Dex Doubles","log":"|j|\u2606ewbrammer91\n|j|\u2606El Ryuk456\n|t:|1698535263\n|gametype|doubles\n|player|p1|ewbrammer91|brock|1259\n|player|p2|El Ryuk456|ingo|1364\n|teamsize|p1|6\n|teamsize|p2|6\n|gen|9\n|tier|[Gen 9] National Dex Doubles\n|rated|\n|rule|HP Percentage Mod: HP is shown in percentages\n|rule|Endless Battle Clause: Forcing endless battles is banned\n|rule|OHKO Clause: OHKO moves are banned\n|rule|Evasion Moves Clause: Evasion moves are banned\n|rule|Evasion Abilities Clause: Evasion abilities are banned\n|rule|Species Clause: Limit one of each Pok\u00e9mon\n|rule|Gravity Sleep Clause: The combination of sleep-inducing moves with imperfect accuracy and Gravity or Gigantamax Orbeetle are banned\n|clearpoke\n|poke|p1|Tyranitar, F|\n|poke|p1|Glimmora, M|\n|poke|p1|Kleavor, F|\n|poke|p1|Arcanine-Hisui, F|\n|poke|p1|Tyrantrum, F|\n|poke|p1|Aerodactyl, M|\n|poke|p2|Regieleki|\n|poke|p2|Enamorus, F|\n|poke|p2|Sableye, M|\n|poke|p2|Toxapex, F|\n|poke|p2|Hydreigon, M|\n|poke|p2|Mawile, F|\n|teampreview\n|inactive|Battle timer is ON: inactive players will automatically lose when time's up. (requested by ewbrammer91)\n|\n|t:|1698535274\n|start\n|switch|p1a: Tyranitar|Tyranitar, F, shiny|100\/100\n|switch|p1b: Kleavor|Kleavor, F|100\/100\n|switch|p2a: Spedy|Regieleki|100\/100\n|switch|p2b: Genbu|Enamorus, F|100\/100\n|-weather|Sandstorm|[from] ability: Sand Stream|[of] p1a: Tyranitar\n|turn|1\n|\n|t:|1698535296\n|-terastallize|p2b: Genbu|Ground\n|move|p2a: Spedy|Electroweb|p1b: Kleavor|[spread] p1a,p1b\n|-damage|p1a: Tyranitar|90\/100\n|-damage|p1b: Kleavor|80\/100\n|-unboost|p1a: Tyranitar|spe|1\n|-unboost|p1b: Kleavor|spe|1\n|move|p2b: Genbu|Dazzling Gleam|p1a: Tyranitar|[spread] p1a,p1b\n|-supereffective|p1a: Tyranitar\n|-damage|p1a: Tyranitar|56\/100\n|-damage|p1b: Kleavor|50\/100\n|-enditem|p1a: Tyranitar|Weakness Policy\n|-boost|p1a: Tyranitar|atk|2|[from] item: Weakness Policy\n|-boost|p1a: Tyranitar|spa|2|[from] item: Weakness Policy\n|move|p1b: Kleavor|Tailwind|p1b: Kleavor\n|-sidestart|p1: ewbrammer91|move: Tailwind\n|move|p1a: Tyranitar|Rock Slide|p2b: Genbu|[spread] p2a,p2b\n|-resisted|p2b: Genbu\n|-crit|p2b: Genbu\n|-damage|p2a: Spedy|37\/100\n|-damage|p2b: Genbu|61\/100\n|\n|-weather|Sandstorm|[upkeep]\n|-damage|p2a: Spedy|31\/100|[from] Sandstorm\n|-heal|p2b: Genbu|67\/100|[from] item: Leftovers\n|upkeep\n|turn|2\n|\n|t:|1698535323\n|move|p2b: Genbu|Protect|p2b: Genbu\n|-singleturn|p2b: Genbu|Protect\n|move|p2a: Spedy|Electroweb|p1b: Kleavor|[spread] p1a,p1b\n|-damage|p1a: Tyranitar|45\/100\n|-damage|p1b: Kleavor|29\/100\n|-unboost|p1a: Tyranitar|spe|1\n|-unboost|p1b: Kleavor|spe|1\n|move|p1b: Kleavor|Stone Axe|p2b: Genbu\n|-activate|p2b: Genbu|move: Protect\n|move|p1a: Tyranitar|Rock Slide|p2b: Genbu|[spread] p2a\n|-activate|p2b: Genbu|move: Protect\n|-damage|p2a: Spedy|0 fnt\n|faint|p2a: Spedy\n|\n|-weather|Sandstorm|[upkeep]\n|-heal|p2b: Genbu|73\/100|[from] item: Leftovers\n|upkeep\n|\n|t:|1698535337\n|switch|p2a: Yami|Sableye, M|100\/100\n|turn|3\n|\n|t:|1698535350\n|move|p2a: Yami|Fake Out|p1a: Tyranitar\n|-resisted|p1a: Tyranitar\n|-damage|p1a: Tyranitar|43\/100\n|move|p2b: Genbu|Dazzling Gleam|p1b: Kleavor|[spread] p1a,p1b\n|-supereffective|p1a: Tyranitar\n|-crit|p1a: Tyranitar\n|-damage|p1a: Tyranitar|0 fnt\n|-damage|p1b: Kleavor|0 fnt\n|faint|p1a: Tyranitar\n|faint|p1b: Kleavor\n|\n|-weather|Sandstorm|[upkeep]\n|-damage|p2a: Yami|94\/100|[from] Sandstorm\n|-heal|p2b: Genbu|79\/100|[from] item: Leftovers\n|upkeep\n|\n|t:|1698535370\n|switch|p1b: Aerodactyl|Aerodactyl, M|100\/100\n|switch|p1a: Glimmora|Glimmora, M|100\/100\n|-ability|p1b: Aerodactyl|Unnerve\n|turn|4\n|\n|t:|1698535388\n|move|p2a: Yami|Will-O-Wisp|p1b: Aerodactyl\n|-status|p1b: Aerodactyl|brn\n|move|p1b: Aerodactyl|Rock Slide|p2a: Yami|[spread] p2a,p2b\n|-resisted|p2b: Genbu\n|-damage|p2a: Yami|79\/100\n|-damage|p2b: Genbu|72\/100\n|move|p1a: Glimmora|Mortal Spin|p2a: Yami|[spread] p2a,p2b\n|-resisted|p2a: Yami\n|-resisted|p2b: Genbu\n|-damage|p2a: Yami|76\/100\n|-damage|p2b: Genbu|70\/100\n|-status|p2a: Yami|psn\n|-status|p2b: Genbu|psn\n|move|p2b: Genbu|Earth Power|p1a: Glimmora\n|-supereffective|p1a: Glimmora\n|-damage|p1a: Glimmora|0 fnt\n|faint|p1a: Glimmora\n|\n|-weather|Sandstorm|[upkeep]\n|-damage|p2a: Yami|70\/100 psn|[from] Sandstorm\n|-heal|p2b: Genbu|76\/100 psn|[from] item: Leftovers\n|-damage|p2b: Genbu|63\/100 psn|[from] psn\n|-damage|p2a: Yami|58\/100 psn|[from] psn\n|-damage|p1b: Aerodactyl|95\/100 brn|[from] brn\n|-sideend|p1: ewbrammer91|move: Tailwind\n|upkeep\n|\n|t:|1698535412\n|switch|p1a: Arcanine|Arcanine-Hisui, F|100\/100\n|turn|5\n|\n|t:|1698535429\n|switch|p2a: Mastema|Toxapex, F|100\/100\n|move|p2b: Genbu|Protect|p2b: Genbu\n|-singleturn|p2b: Genbu|Protect\n|move|p1a: Arcanine|Flare Blitz|p2b: Genbu\n|-activate|p2b: Genbu|move: Protect\n|move|p1b: Aerodactyl|Rock Slide|p2a: Mastema|[spread] p2a\n|-activate|p2b: Genbu|move: Protect\n|-damage|p2a: Mastema|91\/100\n|\n|-weather|none\n|-heal|p2b: Genbu|69\/100 psn|[from] item: Leftovers\n|-heal|p2a: Mastema|97\/100|[from] item: Black Sludge\n|-damage|p2b: Genbu|57\/100 psn|[from] psn\n|-damage|p1b: Aerodactyl|89\/100 brn|[from] brn\n|upkeep\n|turn|6\n|\n|t:|1698535450\n|switch|p2b: Kermit|Hydreigon, M|100\/100\n|move|p1a: Arcanine|Flare Blitz|p2b: Kermit\n|-resisted|p2b: Kermit\n|-damage|p2b: Kermit|70\/100\n|move|p1b: Aerodactyl|Rock Slide|p2b: Kermit|[spread] p2a,p2b\n|-damage|p2a: Mastema|88\/100\n|-damage|p2b: Kermit|58\/100\n|move|p2a: Mastema|Icy Wind|p1b: Aerodactyl|[spread] p1a,p1b\n|-resisted|p1a: Arcanine\n|-supereffective|p1b: Aerodactyl\n|-damage|p1a: Arcanine|97\/100\n|-damage|p1b: Aerodactyl|73\/100 brn\n|-unboost|p1a: Arcanine|spe|1\n|-unboost|p1b: Aerodactyl|spe|1\n|\n|-heal|p2a: Mastema|94\/100|[from] item: Black Sludge\n|-damage|p1b: Aerodactyl|67\/100 brn|[from] brn\n|upkeep\n|turn|7\n|\n|t:|1698535471\n|move|p2b: Kermit|Protect|p2b: Kermit\n|-singleturn|p2b: Kermit|Protect\n|move|p1a: Arcanine|Flare Blitz|p2b: Kermit\n|-activate|p2b: Kermit|move: Protect\n|move|p1b: Aerodactyl|Rock Slide|p2a: Mastema|[spread] p2a\n|-activate|p2b: Kermit|move: Protect\n|-damage|p2a: Mastema|85\/100\n|move|p2a: Mastema|Icy Wind|p1a: Arcanine|[spread] p1a,p1b\n|-resisted|p1a: Arcanine\n|-supereffective|p1b: Aerodactyl\n|-damage|p1a: Arcanine|94\/100\n|-damage|p1b: Aerodactyl|51\/100 brn\n|-unboost|p1a: Arcanine|spe|1\n|-unboost|p1b: Aerodactyl|spe|1\n|\n|-heal|p2a: Mastema|91\/100|[from] item: Black Sludge\n|-damage|p1b: Aerodactyl|45\/100 brn|[from] brn\n|upkeep\n|turn|8\n|\n|t:|1698535491\n|move|p2b: Kermit|Roost|p2b: Kermit\n|-heal|p2b: Kermit|100\/100\n|-singleturn|p2b: Kermit|move: Roost\n|move|p1a: Arcanine|Flare Blitz|p2b: Kermit\n|-resisted|p2b: Kermit\n|-damage|p2b: Kermit|73\/100\n|move|p1b: Aerodactyl|Rock Slide|p2a: Mastema|[spread] p2a,p2b\n|-damage|p2a: Mastema|82\/100\n|-damage|p2b: Kermit|62\/100\n|move|p2a: Mastema|Gunk Shot|p1a: Arcanine\n|-resisted|p1a: Arcanine\n|-damage|p1a: Arcanine|75\/100\n|\n|-heal|p2a: Mastema|89\/100|[from] item: Black Sludge\n|-damage|p1b: Aerodactyl|39\/100 brn|[from] brn\n|upkeep\n|turn|9\n|\n|t:|1698535509\n|move|p2b: Kermit|Roost|p2b: Kermit\n|-heal|p2b: Kermit|100\/100\n|-singleturn|p2b: Kermit|move: Roost\n|move|p1a: Arcanine|Flare Blitz|p2a: Mastema\n|-resisted|p2a: Mastema\n|-damage|p2a: Mastema|67\/100\n|move|p1b: Aerodactyl|Rock Slide|p2b: Kermit|[spread] p2a,p2b\n|-damage|p2a: Mastema|59\/100\n|-damage|p2b: Kermit|89\/100\n|move|p2a: Mastema|Gunk Shot|p1a: Arcanine\n|-resisted|p1a: Arcanine\n|-damage|p1a: Arcanine|56\/100\n|\n|-heal|p2a: Mastema|65\/100|[from] item: Black Sludge\n|-damage|p1b: Aerodactyl|33\/100 brn|[from] brn\n|upkeep\n|turn|10\n|-message|ewbrammer91 forfeited.\n|\n|win|El Ryuk456\n|raw|ewbrammer91's rating: 1259 &rarr; <strong>1241<\/strong><br \/>(-18 for losing)\n|raw|El Ryuk456's rating: 1364 &rarr; <strong>1378<\/strong><br \/>(+14 for winning)\n|l|\u2606ewbrammer91\n","uploadtime":1698535539,"views":15,"p1id":"ewbrammer91","p2id":"elryuk456","formatid":"gen9nationaldexdoubles","rating":1241,"private":0,"password":""}