{"id":"gen9nationaldexdoubles-1964790214","p1":"Penter","p2":"GuitarheroVGC","format":"[Gen 9] National Dex Doubles","log":"|j|\u2606Penter\n|j|\u2606GuitarheroVGC\n|inactive|Battle timer is ON: inactive players will automatically lose when time's up.\n|t:|1697009288\n|gametype|doubles\n|player|p1|Penter|n|\n|player|p2|GuitarheroVGC|kimonogirl|\n|teamsize|p1|6\n|teamsize|p2|6\n|gen|9\n|tier|[Gen 9] National Dex Doubles\n|rated|Tournament battle\n|rule|HP Percentage Mod: HP is shown in percentages\n|rule|Endless Battle Clause: Forcing endless battles is banned\n|rule|OHKO Clause: OHKO moves are banned\n|rule|Evasion Moves Clause: Evasion moves are banned\n|rule|Evasion Abilities Clause: Evasion abilities are banned\n|rule|Species Clause: Limit one of each Pok\u00e9mon\n|rule|Gravity Sleep Clause: The combination of sleep-inducing moves with imperfect accuracy and Gravity or Gigantamax Orbeetle are banned\n|clearpoke\n|poke|p1|Kyurem-Black|\n|poke|p1|Tapu Fini|\n|poke|p1|Incineroar, M|\n|poke|p1|Sinistcha|\n|poke|p1|Kleavor, M|\n|poke|p1|Zygarde|\n|poke|p2|Salamence, F|\n|poke|p2|Glimmora, F|\n|poke|p2|Urshifu-*, F|\n|poke|p2|Heatran, M|\n|poke|p2|Basculegion, M|\n|poke|p2|Cresselia, F|\n|teampreview\n|inactive|GuitarheroVGC also wants the timer to be on.\n|inactive|Penter has 120 seconds left.\n|j| Slash Death\n|\n|t:|1697009332\n|start\n|switch|p1a: Kleavor|Kleavor, M|100\/100\n|switch|p1b: Tapu Fini|Tapu Fini|100\/100\n|switch|p2a: Salamence|Salamence, F|100\/100\n|switch|p2b: Glimmora|Glimmora, F|100\/100\n|-ability|p2a: Salamence|Intimidate|boost\n|-unboost|p1a: Kleavor|atk|1\n|-unboost|p1b: Tapu Fini|atk|1\n|-fieldstart|move: Misty Terrain|[from] ability: Misty Surge|[of] p1b: Tapu Fini\n|turn|1\n|\n|t:|1697009355\n|switch|p1b: Kyurem|Kyurem-Black|100\/100\n|-ability|p1b: Kyurem|Teravolt\n|-enditem|p1b: Kyurem|Misty Seed\n|-boost|p1b: Kyurem|spd|1|[from] item: Misty Seed\n|detailschange|p2a: Salamence|Salamence-Mega, F\n|-mega|p2a: Salamence|Salamence|Salamencite\n|move|p2a: Salamence|Double-Edge|p1a: Kleavor\n|-damage|p1a: Kleavor|3\/100\n|-damage|p2a: Salamence|73\/100|[from] Recoil\n|move|p2b: Glimmora|Stealth Rock|p1b: Kyurem\n|-sidestart|p1: Penter|move: Stealth Rock\n|move|p1a: Kleavor|Tailwind|p1a: Kleavor\n|-sidestart|p1: Penter|move: Tailwind\n|\n|upkeep\n|turn|2\n|\n|t:|1697009378\n|move|p2a: Salamence|Protect|p2a: Salamence\n|-singleturn|p2a: Salamence|Protect\n|move|p1a: Kleavor|Stone Axe|p2a: Salamence\n|-activate|p2a: Salamence|move: Protect\n|move|p1b: Kyurem|Icy Wind|p2b: Glimmora|[spread] p2b\n|-activate|p2a: Salamence|move: Protect\n|-damage|p2b: Glimmora|70\/100\n|-unboost|p2b: Glimmora|spe|1\n|move|p2b: Glimmora|Power Gem|p1a: Kleavor\n|-supereffective|p1a: Kleavor\n|-damage|p1a: Kleavor|0 fnt\n|faint|p1a: Kleavor\n|\n|upkeep\n|inactive|Penter has 120 seconds left.\n|\n|t:|1697009395\n|switch|p1a: Tapu Fini|Tapu Fini|100\/100\n|-damage|p1a: Tapu Fini|88\/100|[from] Stealth Rock\n|turn|3\n|\n|t:|1697009404\n|switch|p2a: Cresselia|Cresselia, F|100\/100\n|move|p1b: Kyurem|Earth Power|p2b: Glimmora\n|-supereffective|p2b: Glimmora\n|-damage|p2b: Glimmora|0 fnt\n|faint|p2b: Glimmora\n|move|p1a: Tapu Fini|Moonblast|p2a: Cresselia\n|-damage|p2a: Cresselia|79\/100\n|\n|upkeep\n|\n|t:|1697009417\n|switch|p2b: Urshifu|Urshifu-Rapid-Strike, F|100\/100\n|turn|4\n|\n|t:|1697009438\n|move|p2b: Urshifu|Protect|p2b: Urshifu\n|-singleturn|p2b: Urshifu|Protect\n|move|p1b: Kyurem|Breaking Swipe|p2b: Urshifu|[spread] p2a\n|-activate|p2b: Urshifu|move: Protect\n|-damage|p2a: Cresselia|72\/100\n|-unboost|p2a: Cresselia|atk|1\n|move|p1a: Tapu Fini|Calm Mind|p1a: Tapu Fini\n|-boost|p1a: Tapu Fini|spa|1\n|-boost|p1a: Tapu Fini|spd|1\n|move|p2a: Cresselia|Trick Room|p2a: Cresselia\n|-fieldstart|move: Trick Room|[of] p2a: Cresselia\n|\n|-sideend|p1: Penter|move: Tailwind\n|upkeep\n|turn|5\n|\n|t:|1697009462\n|move|p2a: Cresselia|Ally Switch|p2a: Cresselia\n|swap|p2a: Cresselia|1|[from] move: Ally Switch\n|move|p1a: Tapu Fini|Moonblast|p2b: Cresselia\n|-damage|p2b: Cresselia|38\/100\n|move|p1b: Kyurem|Breaking Swipe|p2a: Urshifu|[spread] p2a,p2b\n|-damage|p2a: Urshifu|88\/100\n|-damage|p2b: Cresselia|32\/100\n|-unboost|p2a: Urshifu|atk|1\n|-unboost|p2b: Cresselia|atk|1\n|move|p2a: Urshifu|Close Combat|p1b: Kyurem\n|-supereffective|p1b: Kyurem\n|-damage|p1b: Kyurem|11\/100\n|-unboost|p2a: Urshifu|def|1\n|-unboost|p2a: Urshifu|spd|1\n|-damage|p2a: Urshifu|78\/100|[from] item: Life Orb\n|\n|-fieldend|Misty Terrain\n|upkeep\n|turn|6\n|\n|t:|1697009489\n|move|p1b: Kyurem|Protect|p1b: Kyurem\n|-singleturn|p1b: Kyurem|Protect\n|move|p2b: Cresselia|Lunar Blessing|p2b: Cresselia|[spread] p2a,p2b\n|-heal|p2a: Urshifu|100\/100\n|-heal|p2b: Cresselia|57\/100\n|move|p1a: Tapu Fini|Moonblast|p2a: Urshifu\n|-supereffective|p2a: Urshifu\n|-damage|p2a: Urshifu|0 fnt\n|faint|p2a: Urshifu\n|\n|upkeep\n|\n|t:|1697009493\n|switch|p2a: Heatran|Heatran, M|100\/100\n|turn|7\n|\n|t:|1697009512\n|-terastallize|p2a: Heatran|Grass\n|move|p2b: Cresselia|Psychic|p1b: Kyurem\n|-damage|p1b: Kyurem|0 fnt\n|faint|p1b: Kyurem\n|move|p2a: Heatran|Tera Blast|p1a: Tapu Fini|[anim] Tera Blast Grass\n|-supereffective|p1a: Tapu Fini\n|-damage|p1a: Tapu Fini|40\/100\n|-enditem|p1a: Tapu Fini|Sitrus Berry|[eat]\n|-heal|p1a: Tapu Fini|65\/100|[from] item: Sitrus Berry\n|move|p1a: Tapu Fini|Muddy Water|p2a: Heatran|[spread] p2a,p2b\n|-resisted|p2a: Heatran\n|-crit|p2b: Cresselia\n|-damage|p2a: Heatran|89\/100\n|-damage|p2b: Cresselia|21\/100\n|-unboost|p2a: Heatran|accuracy|1\n|\n|upkeep\n|inactive|Penter has 120 seconds left.\n|\n|t:|1697009533\n|switch|p1b: Incineroar|Incineroar, M|100\/100\n|-damage|p1b: Incineroar|76\/100|[from] Stealth Rock\n|-ability|p1b: Incineroar|Intimidate|boost\n|-unboost|p2a: Heatran|atk|1\n|-unboost|p2b: Cresselia|atk|1\n|turn|8\n|\n|t:|1697009551\n|move|p1b: Incineroar|Knock Off|p2a: Heatran\n|-damage|p2a: Heatran|51\/100\n|-enditem|p2a: Heatran|Assault Vest|[from] move: Knock Off|[of] p1b: Incineroar\n|move|p2b: Cresselia|Lunar Blessing|p2b: Cresselia|[spread] p2a,p2b\n|-heal|p2a: Heatran|76\/100\n|-heal|p2b: Cresselia|46\/100\n|move|p2a: Heatran|Tera Blast|p1a: Tapu Fini|[anim] Tera Blast Grass|[miss]\n|-miss|p2a: Heatran|p1a: Tapu Fini\n|move|p1a: Tapu Fini|Calm Mind|p1a: Tapu Fini\n|-boost|p1a: Tapu Fini|spa|1\n|-boost|p1a: Tapu Fini|spd|1\n|\n|-fieldend|move: Trick Room\n|upkeep\n|turn|9\n|inactive|Penter has 120 seconds left.\n|\n|t:|1697009588\n|move|p1a: Tapu Fini|Moonblast|p2a: Heatran\n|-damage|p2a: Heatran|18\/100\n|move|p2a: Heatran|Tera Blast|p1a: Tapu Fini|[anim] Tera Blast Grass\n|-supereffective|p1a: Tapu Fini\n|-damage|p1a: Tapu Fini|31\/100\n|move|p2b: Cresselia|Lunar Blessing|p2b: Cresselia|[spread] p2a,p2b\n|-heal|p2a: Heatran|43\/100\n|-heal|p2b: Cresselia|71\/100\n|move|p1b: Incineroar|Knock Off|p2b: Cresselia\n|-supereffective|p2b: Cresselia\n|-damage|p2b: Cresselia|25\/100\n|-enditem|p2b: Cresselia|Safety Goggles|[from] move: Knock Off|[of] p1b: Incineroar\n|\n|upkeep\n|turn|10\n|j| ajdflkasjdf\n|inactive|Penter has 120 seconds left.\n|l| Slash Death\n|\n|t:|1697009624\n|move|p2b: Cresselia|Ally Switch|p2b: Cresselia\n|swap|p2b: Cresselia|0|[from] move: Ally Switch\n|move|p1a: Tapu Fini|Muddy Water|p2a: Cresselia|[spread] p2a,p2b\n|-resisted|p2b: Heatran\n|-damage|p2a: Cresselia|0 fnt\n|-damage|p2b: Heatran|21\/100\n|-unboost|p2b: Heatran|accuracy|1\n|faint|p2a: Cresselia\n|move|p2b: Heatran|Tera Blast|p1a: Tapu Fini|[anim] Tera Blast Grass\n|-supereffective|p1a: Tapu Fini\n|-damage|p1a: Tapu Fini|0 fnt\n|faint|p1a: Tapu Fini\n|move|p1b: Incineroar|Parting Shot|p2b: Heatran\n|-unboost|p2b: Heatran|atk|1\n|-unboost|p2b: Heatran|spa|1\n|\n|t:|1697009638\n|switch|p1b: Sinistcha|Sinistcha|100\/100|[from] Parting Shot\n|-damage|p1b: Sinistcha|88\/100|[from] Stealth Rock\n|\n|upkeep\n|\n|t:|1697009643\n|switch|p1a: Zygarde|Zygarde|100\/100\n|switch|p2a: Salamence|Salamence-Mega, F|73\/100\n|-damage|p1a: Zygarde|94\/100|[from] Stealth Rock\n|-ability|p1a: Zygarde|Aura Break\n|turn|11\n|\n|t:|1697009671\n|switch|p2b: Basculegion|Basculegion, M|100\/100\n|move|p2a: Salamence|Double-Edge|p1b: Sinistcha\n|-supereffective|p1b: Sinistcha\n|-damage|p1b: Sinistcha|0 fnt\n|faint|p1b: Sinistcha\n|-damage|p2a: Salamence|43\/100|[from] Recoil\n|move|p1a: Zygarde|Thousand Arrows|p2b: Basculegion|[spread] p2a,p2b\n|-damage|p2a: Salamence|3\/100\n|-damage|p2b: Basculegion|50\/100\n|-start|p2a: Salamence|Smack Down\n|\n|upkeep\n|\n|t:|1697009674\n|switch|p1b: Incineroar|Incineroar, M|76\/100\n|-damage|p1b: Incineroar|51\/100|[from] Stealth Rock\n|-ability|p1b: Incineroar|Intimidate|boost\n|-unboost|p2a: Salamence|atk|1\n|-unboost|p2b: Basculegion|atk|1\n|turn|12\n|j| Slash Death\n|\n|t:|1697009703\n|switch|p2b: Heatran|Heatran, M, tera:Grass|21\/100\n|move|p2a: Salamence|Protect|p2a: Salamence\n|-singleturn|p2a: Salamence|Protect\n|move|p1a: Zygarde|Thousand Arrows|p2a: Salamence|[spread] p2b\n|-activate|p2a: Salamence|move: Protect\n|-resisted|p2b: Heatran\n|-damage|p2b: Heatran|0 fnt\n|faint|p2b: Heatran\n|move|p1b: Incineroar|Knock Off|p2a: Salamence\n|-activate|p2a: Salamence|move: Protect\n|\n|upkeep\n|\n|t:|1697009711\n|switch|p2b: Basculegion|Basculegion, M|50\/100\n|turn|13\n|\n|t:|1697009723\n|move|p2a: Salamence|Tailwind|p2a: Salamence\n|-sidestart|p2: GuitarheroVGC|move: Tailwind\n|move|p2b: Basculegion|Last Respects|p1a: Zygarde\n|-damage|p1a: Zygarde|0 fnt\n|faint|p1a: Zygarde\n|move|p1b: Incineroar|Knock Off|p2b: Basculegion\n|-supereffective|p2b: Basculegion\n|-damage|p2b: Basculegion|0 fnt\n|-enditem|p2b: Basculegion|Assault Vest|[from] move: Knock Off|[of] p1b: Incineroar\n|faint|p2b: Basculegion\n|\n|upkeep\n|turn|14\n|\n|t:|1697009733\n|move|p2a: Salamence|Double-Edge|p1b: Incineroar\n|-damage|p1b: Incineroar|0 fnt\n|faint|p1b: Incineroar\n|-damage|p2a: Salamence|0 fnt|[from] Recoil\n|faint|p2a: Salamence\n|\n|win|GuitarheroVGC\n|n|\u2606Penter|penter\n|n|\u2606GuitarheroVGC|guitarherovgc\n|n| ajdflkasjdf|ajdflkasjdf\n|n| Slash Death|slashdeath\n|l|\u2606GuitarheroVGC\n|l| Slash Death\n|j| Slash Death\n","uploadtime":1697009735,"views":33,"p1id":"penter","p2id":"guitarherovgc","formatid":"gen9nationaldexdoubles","rating":0,"private":0,"password":""}