{"id":"gen9nationaldexdoubles-1984222908","p1":"Lewoise","p2":"KingoftheTitans","format":"[Gen 9] National Dex Doubles","log":"|j|\u2606Lewoise\n|j|\u2606KingoftheTitans\n|t:|1699231967\n|gametype|doubles\n|player|p1|Lewoise|acerola-masters|1119\n|player|p2|KingoftheTitans|2|1215\n|teamsize|p1|6\n|teamsize|p2|6\n|gen|9\n|tier|[Gen 9] National Dex Doubles\n|rated|\n|rule|HP Percentage Mod: HP is shown in percentages\n|rule|Endless Battle Clause: Forcing endless battles is banned\n|rule|OHKO Clause: OHKO moves are banned\n|rule|Evasion Moves Clause: Evasion moves are banned\n|rule|Evasion Abilities Clause: Evasion abilities are banned\n|rule|Species Clause: Limit one of each Pok\u00e9mon\n|rule|Gravity Sleep Clause: The combination of sleep-inducing moves with imperfect accuracy and Gravity or Gigantamax Orbeetle are banned\n|clearpoke\n|poke|p1|Swoobat, F|\n|poke|p1|Milotic, F|\n|poke|p1|Yanmega, F|\n|poke|p1|Alcremie-Rainbow-Swirl, F|\n|poke|p1|Porygon-Z|\n|poke|p1|Weavile, F|\n|poke|p2|Raichu, F|\n|poke|p2|Dragonite, F|\n|poke|p2|Gyarados, F|\n|poke|p2|Gengar, M|\n|poke|p2|Aerodactyl, M|\n|poke|p2|Alakazam, M|\n|teampreview\n|\n|t:|1699231982\n|start\n|switch|p1a: Milotic|Milotic, F, shiny|100\/100\n|switch|p1b: Alcremie|Alcremie-Rainbow-Swirl, F|100\/100\n|switch|p2a: Raichu|Raichu, F|100\/100\n|switch|p2b: Gyarados|Gyarados, F, shiny|100\/100\n|-ability|p2b: Gyarados|Intimidate|boost\n|-unboost|p1a: Milotic|atk|1\n|-unboost|p1b: Alcremie|atk|1\n|turn|1\n|\n|t:|1699231996\n|detailschange|p2b: Gyarados|Gyarados-Mega, F, shiny\n|-mega|p2b: Gyarados|Gyarados|Gyaradosite\n|-ability|p2b: Gyarados|Mold Breaker\n|move|p2a: Raichu|Fake Out|p1b: Alcremie\n|-damage|p1b: Alcremie|87\/100\n|-enditem|p1b: Alcremie|Red Card|[of] p2a: Raichu\n|drag|p2a: Alakazam|Alakazam, M|100\/100\n|move|p2b: Gyarados|Dragon Dance|p2b: Gyarados\n|-boost|p2b: Gyarados|atk|1\n|-boost|p2b: Gyarados|spe|1\n|move|p1a: Milotic|Aqua Ring|p1a: Milotic\n|-start|p1a: Milotic|Aqua Ring\n|cant|p1b: Alcremie|flinch\n|\n|-status|p1a: Milotic|brn|[from] item: Flame Orb\n|upkeep\n|turn|2\n|\n|t:|1699232015\n|move|p2b: Gyarados|Waterfall|p1b: Alcremie\n|-damage|p1b: Alcremie|15\/100\n|move|p2a: Alakazam|Psychic|p1a: Milotic\n|-damage|p1a: Milotic|55\/100 brn\n|move|p1a: Milotic|Scald|p2a: Alakazam\n|-damage|p2a: Alakazam|57\/100\n|-status|p2a: Alakazam|brn\n|cant|p1b: Alcremie|flinch\n|\n|-heal|p1a: Milotic|61\/100 brn|[from] Aqua Ring\n|-damage|p1a: Milotic|55\/100 brn|[from] brn\n|upkeep\n|turn|3\n|\n|t:|1699232034\n|move|p2b: Gyarados|Protect|p2b: Gyarados\n|-singleturn|p2b: Gyarados|Protect\n|move|p2a: Alakazam|Psychic|p1b: Alcremie\n|-damage|p1b: Alcremie|0 fnt\n|faint|p1b: Alcremie\n|move|p1a: Milotic|Scald|p2a: Alakazam\n|-damage|p2a: Alakazam|20\/100 brn\n|\n|-heal|p1a: Milotic|61\/100 brn|[from] Aqua Ring\n|-damage|p1a: Milotic|55\/100 brn|[from] brn\n|upkeep\n|\n|t:|1699232049\n|switch|p1b: Porygon-Z|Porygon-Z, shiny|100\/100\n|-ability|p1b: Porygon-Z|Download|boost\n|-boost|p1b: Porygon-Z|atk|1\n|turn|4\n|\n|t:|1699232057\n|move|p1b: Porygon-Z|Ice Beam|p2b: Gyarados\n|-resisted|p2b: Gyarados\n|-damage|p2b: Gyarados|86\/100\n|move|p2b: Gyarados|Waterfall|p1b: Porygon-Z\n|-damage|p1b: Porygon-Z|0 fnt\n|faint|p1b: Porygon-Z\n|move|p2a: Alakazam|Psychic|p1a: Milotic\n|-damage|p1a: Milotic|12\/100 brn\n|move|p1a: Milotic|Scald|p2a: Alakazam\n|-damage|p2a: Alakazam|0 fnt\n|faint|p2a: Alakazam\n|\n|-heal|p1a: Milotic|18\/100 brn|[from] Aqua Ring\n|-damage|p1a: Milotic|12\/100 brn|[from] brn\n|upkeep\n|\n|t:|1699232073\n|switch|p2a: Raichu|Raichu, F|100\/100\n|switch|p1b: Yanmega|Yanmega, F, shiny|100\/100\n|turn|5\n|\n|t:|1699232082\n|move|p2a: Raichu|Fake Out|p1a: Milotic\n|-damage|p1a: Milotic|6\/100 brn\n|move|p2b: Gyarados|Waterfall|p1b: Yanmega\n|-damage|p1b: Yanmega|7\/100\n|cant|p1b: Yanmega|flinch\n|cant|p1a: Milotic|flinch\n|\n|-heal|p1a: Milotic|12\/100 brn|[from] Aqua Ring\n|-damage|p1a: Milotic|6\/100 brn|[from] brn\n|upkeep\n|turn|6\n|\n|t:|1699232097\n|move|p2a: Raichu|Extreme Speed|p1b: Yanmega\n|-damage|p1b: Yanmega|0 fnt\n|faint|p1b: Yanmega\n|move|p2b: Gyarados|Waterfall|p1a: Milotic\n|-resisted|p1a: Milotic\n|-damage|p1a: Milotic|0 fnt\n|faint|p1a: Milotic\n|\n|upkeep\n|\n|t:|1699232107\n|switch|p1b: Weavile|Weavile, F, shiny|100\/100\n|switch|p1a: Swoobat|Swoobat, F|100\/100\n|-ability|p1b: Weavile|Pressure\n|turn|7\n|\n|t:|1699232119\n|move|p2b: Gyarados|Waterfall|p1b: Weavile\n|-damage|p1b: Weavile|0 fnt\n|faint|p1b: Weavile\n|move|p1a: Swoobat|Simple Beam|p1: Weavile|[notarget]\n|-fail|p1a: Swoobat\n|move|p2a: Raichu|Volt Tackle|p1a: Swoobat\n|-supereffective|p1a: Swoobat\n|-damage|p1a: Swoobat|0 fnt\n|faint|p1a: Swoobat\n|-damage|p2a: Raichu|66\/100|[from] Recoil\n|\n|win|KingoftheTitans\n|raw|Lewoise's rating: 1119 &rarr; <strong>1101<\/strong><br \/>(-18 for losing)\n|raw|KingoftheTitans's rating: 1215 &rarr; <strong>1233<\/strong><br \/>(+18 for winning)\n|l|\u2606Lewoise\n","uploadtime":1699232131,"views":5,"p1id":"lewoise","p2id":"kingofthetitans","formatid":"gen9nationaldexdoubles","rating":1101,"private":0,"password":""}