{"id":"gen9nationaldexdoubles-1972971590","p1":"Hahah U R SO SHIT","p2":"Kire23","format":"[Gen 9] National Dex Doubles","log":"|j|\u2606Hahah U R SO SHIT\n|j|\u2606Kire23\n|t:|1697914162\n|gametype|doubles\n|player|p1|Hahah U R SO SHIT|ninjaboy|1049\n|player|p2|Kire23|266|1055\n|teamsize|p1|6\n|teamsize|p2|6\n|gen|9\n|tier|[Gen 9] National Dex Doubles\n|rated|\n|rule|HP Percentage Mod: HP is shown in percentages\n|rule|Endless Battle Clause: Forcing endless battles is banned\n|rule|OHKO Clause: OHKO moves are banned\n|rule|Evasion Moves Clause: Evasion moves are banned\n|rule|Evasion Abilities Clause: Evasion abilities are banned\n|rule|Species Clause: Limit one of each Pok\u00e9mon\n|rule|Gravity Sleep Clause: The combination of sleep-inducing moves with imperfect accuracy and Gravity or Gigantamax Orbeetle are banned\n|clearpoke\n|poke|p1|Indeedee-F, F|\n|poke|p1|Oranguru, M|\n|poke|p1|Glastrier|\n|poke|p1|Hoopa-Unbound|\n|poke|p1|Ursaluna, F|\n|poke|p1|Zygarde|\n|poke|p2|Araquanid, M|\n|poke|p2|Metagross|\n|poke|p2|Empoleon, M|\n|poke|p2|Grimmsnarl, M|\n|poke|p2|Blaziken, M|\n|poke|p2|Ursaluna, M|\n|teampreview\n|inactive|Battle timer is ON: inactive players will automatically lose when time's up. (requested by Hahah U R SO SHIT)\n|\n|t:|1697914207\n|start\n|switch|p1a: Hoopa|Hoopa-Unbound|100\/100\n|switch|p1b: Zygarde|Zygarde|100\/100\n|switch|p2a: Araquanid|Araquanid, M, shiny|100\/100\n|switch|p2b: Ursaluna|Ursaluna, M|100\/100\n|-ability|p1b: Zygarde|Aura Break\n|turn|1\n|\n|t:|1697914227\n|move|p1b: Zygarde|Coil|p1b: Zygarde\n|-boost|p1b: Zygarde|atk|1\n|-boost|p1b: Zygarde|def|1\n|-boost|p1b: Zygarde|accuracy|1\n|move|p1a: Hoopa|Dark Pulse|p2b: Ursaluna\n|-damage|p2b: Ursaluna|54\/100\n|move|p2b: Ursaluna|Play Rough|p1b: Zygarde\n|-supereffective|p1b: Zygarde\n|-damage|p1b: Zygarde|69\/100\n|move|p2a: Araquanid|Toxic|p1b: Zygarde\n|-status|p1b: Zygarde|tox\n|\n|-damage|p1b: Zygarde|63\/100 tox|[from] psn\n|-status|p2b: Ursaluna|brn|[from] item: Flame Orb\n|upkeep\n|turn|2\n|\n|t:|1697914248\n|move|p1b: Zygarde|Thousand Arrows|p2b: Ursaluna|[spread] p2a,p2b\n|-resisted|p2a: Araquanid\n|-damage|p2a: Araquanid|81\/100\n|-damage|p2b: Ursaluna|29\/100 brn\n|move|p1a: Hoopa|Dark Pulse|p2b: Ursaluna\n|-damage|p2b: Ursaluna|0 fnt\n|faint|p2b: Ursaluna\n|move|p2a: Araquanid|Leech Life|p1a: Hoopa\n|-supereffective|p1a: Hoopa\n|-damage|p1a: Hoopa|0 fnt\n|-heal|p2a: Araquanid|100\/100|[from] drain|[of] p1a: Hoopa\n|faint|p1a: Hoopa\n|-damage|p2a: Araquanid|90\/100|[from] item: Life Orb\n|\n|-damage|p1b: Zygarde|50\/100 tox|[from] psn\n|upkeep\n|\n|t:|1697914272\n|switch|p1a: Indeedee|Indeedee-F, F|100\/100\n|switch|p2b: Grimmsnarl|Grimmsnarl, M|100\/100\n|-fieldstart|move: Psychic Terrain|[from] ability: Psychic Surge|[of] p1a: Indeedee\n|turn|3\n|inactive|Kire23 has 120 seconds left.\n|\n|t:|1697914307\n|move|p2b: Grimmsnarl|Reflect|p2b: Grimmsnarl\n|-sidestart|p2: Kire23|Reflect\n|move|p1b: Zygarde|Thousand Arrows|p2a: Araquanid|[spread] p2a,p2b\n|-resisted|p2a: Araquanid\n|-damage|p2a: Araquanid|78\/100\n|-damage|p2b: Grimmsnarl|72\/100\n|move|p2a: Araquanid|Liquidation|p1b: Zygarde\n|-damage|p1b: Zygarde|12\/100 tox\n|-unboost|p1b: Zygarde|def|1\n|-damage|p2a: Araquanid|68\/100|[from] item: Life Orb\n|move|p1a: Indeedee|Trick Room|p1a: Indeedee\n|-fieldstart|move: Trick Room|[of] p1a: Indeedee\n|-enditem|p1b: Zygarde|Room Service\n|-unboost|p1b: Zygarde|spe|1|[from] item: Room Service\n|\n|-damage|p1b: Zygarde|0 fnt|[from] psn\n|faint|p1b: Zygarde\n|upkeep\n|\n|t:|1697914325\n|switch|p1b: Ursaluna|Ursaluna, F|100\/100\n|turn|4\n|\n|t:|1697914352\n|move|p1a: Indeedee|Follow Me|p1a: Indeedee\n|-singleturn|p1a: Indeedee|move: Follow Me\n|move|p1b: Ursaluna|Facade|p2a: Araquanid\n|-damage|p2a: Araquanid|40\/100\n|move|p2a: Araquanid|Liquidation|p1a: Indeedee\n|-damage|p1a: Indeedee|13\/100\n|-damage|p2a: Araquanid|30\/100|[from] item: Life Orb\n|move|p2b: Grimmsnarl|Play Rough|p1a: Indeedee\n|-damage|p1a: Indeedee|0 fnt\n|faint|p1a: Indeedee\n|\n|-status|p1b: Ursaluna|brn|[from] item: Flame Orb\n|upkeep\n|\n|t:|1697914367\n|switch|p1a: Oranguru|Oranguru, M|100\/100\n|turn|5\n|\n|t:|1697914383\n|move|p1b: Ursaluna|Facade|p2a: Araquanid\n|-damage|p2a: Araquanid|0 fnt\n|faint|p2a: Araquanid\n|move|p1a: Oranguru|Instruct|p1b: Ursaluna\n|-singleturn|p1b: Ursaluna|move: Instruct|[of] p1a: Oranguru\n|move|p1b: Ursaluna|Facade|p2b: Grimmsnarl\n|-damage|p2b: Grimmsnarl|0 fnt\n|faint|p2b: Grimmsnarl\n|\n|-damage|p1b: Ursaluna|94\/100 brn|[from] brn\n|upkeep\n|\n|t:|1697914402\n|switch|p2a: Empoleon|Empoleon, M|100\/100\n|switch|p2b: Blaziken|Blaziken, M|100\/100\n|turn|6\n|\n|t:|1697914418\n|move|p1b: Ursaluna|Headlong Rush|p2a: Empoleon\n|-supereffective|p2a: Empoleon\n|-damage|p2a: Empoleon|0 fnt\n|-unboost|p1b: Ursaluna|def|1\n|-unboost|p1b: Ursaluna|spd|1\n|faint|p2a: Empoleon\n|move|p1a: Oranguru|Instruct|p1b: Ursaluna\n|-singleturn|p1b: Ursaluna|move: Instruct|[of] p1a: Oranguru\n|move|p1b: Ursaluna|Headlong Rush|p2b: Blaziken\n|-supereffective|p2b: Blaziken\n|-damage|p2b: Blaziken|0 fnt\n|-unboost|p1b: Ursaluna|def|1\n|-unboost|p1b: Ursaluna|spd|1\n|faint|p2b: Blaziken\n|\n|-damage|p1b: Ursaluna|88\/100 brn|[from] brn\n|upkeep\n|\n|t:|1697914434\n|switch|p2b: Metagross|Metagross|100\/100\n|turn|7\n|\n|t:|1697914439\n|move|p2b: Metagross|Bullet Punch|p1b: Ursaluna\n|-activate|p1b: Ursaluna|move: Psychic Terrain\n|move|p1b: Ursaluna|Headlong Rush|p2b: Metagross\n|-supereffective|p2b: Metagross\n|-damage|p2b: Metagross|0 fnt\n|-unboost|p1b: Ursaluna|def|1\n|-unboost|p1b: Ursaluna|spd|1\n|-damage|p1b: Ursaluna|71\/100 brn|[from] item: Rocky Helmet|[of] p2b: Metagross\n|faint|p2b: Metagross\n|\n|win|Hahah U R SO SHIT\n|raw|Hahah U R SO SHIT's rating: 1087 &rarr; <strong>1111<\/strong><br \/>(+24 for winning)\n|raw|Kire23's rating: 1055 &rarr; <strong>1038<\/strong><br \/>(-17 for losing)\n|j| Commentator voice\n|c| Commentator voice|Ouch\n|c| Commentator voice|HAhahah\n|c| Commentator voice|OUTPLAYED\n|l|\u2606Kire23\n","uploadtime":1697914454,"views":12,"p1id":"hahahursoshit","p2id":"kire23","formatid":"gen9nationaldexdoubles","rating":1038,"private":0,"password":""}