{"id":"gen9nationaldexdoubles-1994033276","p1":"Christikrn 45","p2":"toffee1497","format":"[Gen 9] National Dex Doubles","log":"|j|\u2606Christikrn 45\n|j|\u2606toffee1497\n|t:|1700397134\n|gametype|doubles\n|player|p1|Christikrn 45|266|1140\n|player|p2|toffee1497|101|1292\n|teamsize|p1|6\n|teamsize|p2|6\n|gen|9\n|tier|[Gen 9] National Dex Doubles\n|rated|\n|rule|HP Percentage Mod: HP is shown in percentages\n|rule|Endless Battle Clause: Forcing endless battles is banned\n|rule|OHKO Clause: OHKO moves are banned\n|rule|Evasion Moves Clause: Evasion moves are banned\n|rule|Evasion Abilities Clause: Evasion abilities are banned\n|rule|Species Clause: Limit one of each Pok\u00e9mon\n|rule|Gravity Sleep Clause: The combination of sleep-inducing moves with imperfect accuracy and Gravity or Gigantamax Orbeetle are banned\n|clearpoke\n|poke|p1|Great Tusk|\n|poke|p1|Charizard, F|\n|poke|p1|Sandy Shocks|\n|poke|p1|Vaporeon, M|\n|poke|p1|Espeon, F|\n|poke|p1|Venusaur, M|\n|poke|p2|Pelipper, F|\n|poke|p2|Banette, F|\n|poke|p2|Arcanine, M|\n|poke|p2|Aurorus, F|\n|poke|p2|Goodra, M|\n|poke|p2|Kommo-o, F|\n|teampreview\n|\n|t:|1700397158\n|start\n|switch|p1a: Venusaur|Venusaur, M|100\/100\n|switch|p1b: Espeon|Espeon, F|100\/100\n|switch|p2a: Banette|Banette, F|100\/100\n|switch|p2b: Kommo-o|Kommo-o, F|100\/100\n|turn|1\n|\n|t:|1700397176\n|detailschange|p2a: Banette|Banette-Mega, F\n|-mega|p2a: Banette|Banette|Banettite\n|move|p1a: Venusaur|Curse|p1a: Venusaur\n|-unboost|p1a: Venusaur|spe|1\n|-boost|p1a: Venusaur|atk|1\n|-boost|p1a: Venusaur|def|1\n|-zpower|p2b: Kommo-o\n|move|p2b: Kommo-o|Clangorous Soulblaze|p1b: Espeon|[zeffect]|[spread] p1a,p1b\n|-damage|p1a: Venusaur|24\/100\n|-damage|p1b: Espeon|10\/100\n|-boost|p2b: Kommo-o|atk|1\n|-boost|p2b: Kommo-o|def|1\n|-boost|p2b: Kommo-o|spa|1\n|-boost|p2b: Kommo-o|spd|1\n|-boost|p2b: Kommo-o|spe|1\n|move|p2a: Banette|Knock Off|p1b: Espeon\n|-supereffective|p1b: Espeon\n|-damage|p1b: Espeon|0 fnt\n|-enditem|p1b: Espeon|Focus Sash|[from] move: Knock Off|[of] p2a: Banette\n|faint|p1b: Espeon\n|\n|upkeep\n|\n|t:|1700397198\n|switch|p1b: Charizard|Charizard, F|100\/100\n|turn|2\n|\n|t:|1700397219\n|detailschange|p1b: Charizard|Charizard-Mega-Y, F\n|-mega|p1b: Charizard|Charizard|Charizardite Y\n|-weather|SunnyDay|[from] ability: Drought|[of] p1b: Charizard\n|move|p1b: Charizard|Protect|p1b: Charizard\n|-singleturn|p1b: Charizard|Protect\n|move|p2b: Kommo-o|Vacuum Wave|p1a: Venusaur\n|-resisted|p1a: Venusaur\n|-damage|p1a: Venusaur|6\/100\n|move|p2a: Banette|Thunder Wave|p1a: Venusaur\n|-status|p1a: Venusaur|par\n|move|p1a: Venusaur|Seed Bomb|p2a: Banette\n|-damage|p2a: Banette|0 fnt\n|faint|p2a: Banette\n|-damage|p1a: Venusaur|0 fnt|[from] item: Life Orb\n|faint|p1a: Venusaur\n|\n|-weather|SunnyDay|[upkeep]\n|upkeep\n|\n|t:|1700397243\n|switch|p1a: Vaporeon|Vaporeon, M|100\/100\n|switch|p2a: Aurorus|Aurorus, F|100\/100\n|-weather|Snow|[from] ability: Snow Warning|[of] p2a: Aurorus\n|turn|3\n|\n|t:|1700397255\n|move|p2b: Kommo-o|Clanging Scales|p1a: Vaporeon|[spread] p1a,p1b\n|-damage|p1a: Vaporeon|57\/100\n|-damage|p1b: Charizard|49\/100\n|-unboost|p2b: Kommo-o|def|1\n|move|p1b: Charizard|Tailwind|p1b: Charizard\n|-sidestart|p1: Christikrn 45|move: Tailwind\n|move|p1a: Vaporeon|Icy Wind|p2a: Aurorus|[spread] p2a,p2b\n|-resisted|p2a: Aurorus\n|-supereffective|p2b: Kommo-o\n|-damage|p2a: Aurorus|96\/100\n|-damage|p2b: Kommo-o|84\/100\n|-unboost|p2a: Aurorus|spe|1\n|-unboost|p2b: Kommo-o|spe|1\n|move|p2a: Aurorus|Aurora Veil|p2a: Aurorus\n|-sidestart|p2: toffee1497|move: Aurora Veil\n|\n|-weather|Snow|[upkeep]\n|-heal|p1a: Vaporeon|63\/100|[from] item: Leftovers\n|upkeep\n|turn|4\n|\n|t:|1700397285\n|move|p1b: Charizard|Protect|p1b: Charizard\n|-singleturn|p1b: Charizard|Protect\n|move|p1a: Vaporeon|Icy Wind|p2b: Kommo-o|[spread] p2a,p2b\n|-resisted|p2a: Aurorus\n|-supereffective|p2b: Kommo-o\n|-damage|p2a: Aurorus|93\/100\n|-damage|p2b: Kommo-o|74\/100\n|-unboost|p2a: Aurorus|spe|1\n|-unboost|p2b: Kommo-o|spe|1\n|move|p2b: Kommo-o|Clanging Scales|p1a: Vaporeon|[spread] p1a\n|-activate|p1b: Charizard|move: Protect\n|-damage|p1a: Vaporeon|15\/100\n|-unboost|p2b: Kommo-o|def|1\n|move|p2a: Aurorus|Ancient Power|p1b: Charizard\n|-activate|p1b: Charizard|move: Protect\n|\n|-weather|Snow|[upkeep]\n|-heal|p1a: Vaporeon|21\/100|[from] item: Leftovers\n|upkeep\n|turn|5\n|\n|t:|1700397303\n|move|p2b: Kommo-o|Vacuum Wave|p1a: Vaporeon\n|-damage|p1a: Vaporeon|0 fnt\n|faint|p1a: Vaporeon\n|move|p1b: Charizard|Heat Wave|p2b: Kommo-o|[spread] p2b\n|-miss|p1b: Charizard|p2a: Aurorus\n|-resisted|p2b: Kommo-o\n|-damage|p2b: Kommo-o|65\/100\n|-status|p2b: Kommo-o|brn\n|move|p2a: Aurorus|Ancient Power|p1b: Charizard\n|-supereffective|p1b: Charizard\n|-damage|p1b: Charizard|0 fnt\n|faint|p1b: Charizard\n|\n|-weather|Snow|[upkeep]\n|-damage|p2b: Kommo-o|59\/100 brn|[from] brn\n|upkeep\n|\n|t:|1700397316\n|switch|p1b: Sandy Shocks|Sandy Shocks|100\/100\n|switch|p1a: Great Tusk|Great Tusk|100\/100\n|turn|6\n|\n|t:|1700397333\n|move|p1b: Sandy Shocks|Discharge|p2b: Kommo-o|[spread] p2a,p2b\n|-immune|p1a: Great Tusk\n|-resisted|p2b: Kommo-o\n|-damage|p2a: Aurorus|73\/100\n|-damage|p2b: Kommo-o|50\/100 brn\n|-damage|p1b: Sandy Shocks|91\/100|[from] item: Life Orb\n|move|p1a: Great Tusk|Close Combat|p2a: Aurorus\n|-supereffective|p2a: Aurorus\n|-damage|p2a: Aurorus|0 fnt\n|-unboost|p1a: Great Tusk|def|1\n|-unboost|p1a: Great Tusk|spd|1\n|faint|p2a: Aurorus\n|move|p2b: Kommo-o|Clanging Scales|p1b: Sandy Shocks|[spread] p1a,p1b\n|-damage|p1a: Great Tusk|0 fnt\n|-damage|p1b: Sandy Shocks|25\/100\n|faint|p1a: Great Tusk\n|-end|p1a: Great Tusk|Protosynthesis|[silent]\n|-unboost|p2b: Kommo-o|def|1\n|\n|-weather|Snow|[upkeep]\n|-damage|p2b: Kommo-o|44\/100 brn|[from] brn\n|-sideend|p1: Christikrn 45|move: Tailwind\n|upkeep\n|\n|t:|1700397351\n|switch|p2a: Arcanine|Arcanine, M|100\/100\n|-ability|p2a: Arcanine|Intimidate|boost\n|-unboost|p1b: Sandy Shocks|atk|1\n|turn|7\n|\n|t:|1700397357\n|-terastallize|p2a: Arcanine|Normal\n|move|p2a: Arcanine|Extreme Speed|p1b: Sandy Shocks\n|-damage|p1b: Sandy Shocks|0 fnt\n|faint|p1b: Sandy Shocks\n|-end|p1b: Sandy Shocks|Protosynthesis|[silent]\n|-damage|p2a: Arcanine|91\/100|[from] item: Life Orb\n|\n|win|toffee1497\n|raw|Christikrn 45's rating: 1140 &rarr; <strong>1125<\/strong><br \/>(-15 for losing)\n|raw|toffee1497's rating: 1292 &rarr; <strong>1307<\/strong><br \/>(+15 for winning)\n|l|\u2606Christikrn 45\n","uploadtime":1700397373,"views":8,"p1id":"christikrn45","p2id":"toffee1497","formatid":"gen9nationaldexdoubles","rating":1125,"private":0,"password":""}