{"id":"gen9nationaldexdoubles-1996314893","p1":"hasegawa_shigure","p2":"Guufii Guubaa","format":"[Gen 9] National Dex Doubles","log":"|j|\u2606hasegawa_shigure\n|j|\u2606Guufii Guubaa\n|t:|1700670340\n|gametype|doubles\n|player|p1|hasegawa_shigure|backersf|1040\n|player|p2|Guufii Guubaa|youngster-gen4dp|1107\n|teamsize|p1|6\n|teamsize|p2|6\n|gen|9\n|tier|[Gen 9] National Dex Doubles\n|rated|\n|rule|HP Percentage Mod: HP is shown in percentages\n|rule|Endless Battle Clause: Forcing endless battles is banned\n|rule|OHKO Clause: OHKO moves are banned\n|rule|Evasion Moves Clause: Evasion moves are banned\n|rule|Evasion Abilities Clause: Evasion abilities are banned\n|rule|Species Clause: Limit one of each Pok\u00e9mon\n|rule|Gravity Sleep Clause: The combination of sleep-inducing moves with imperfect accuracy and Gravity or Gigantamax Orbeetle are banned\n|clearpoke\n|poke|p1|Bibarel, F|\n|poke|p1|Empoleon, F|\n|poke|p1|Gothitelle, F|\n|poke|p1|Garganacl, F|\n|poke|p1|Hitmontop, M|\n|poke|p1|Florges, F|\n|poke|p2|Whimsicott, F|\n|poke|p2|Indeedee, M|\n|poke|p2|Alakazam, M|\n|poke|p2|Weezing-Galar, M|\n|poke|p2|Tapu Lele|\n|poke|p2|Palafin, F|\n|teampreview\n|\n|t:|1700670352\n|start\n|switch|p1a: Bibarel|Bibarel, F|100\/100\n|switch|p1b: Gothitelle|Gothitelle, F, shiny|100\/100\n|switch|p2a: Whimsicott|Whimsicott, F|100\/100\n|switch|p2b: Palafin|Palafin, F|100\/100\n|turn|1\n|\n|t:|1700670370\n|move|p1a: Bibarel|Protect|p1a: Bibarel\n|-singleturn|p1a: Bibarel|Protect\n|move|p2a: Whimsicott|Taunt|p1b: Gothitelle\n|-start|p1b: Gothitelle|move: Taunt\n|move|p2b: Palafin|Flip Turn|p1a: Bibarel\n|-activate|p1a: Bibarel|move: Protect\n|move|p1b: Gothitelle|Energy Ball|p2b: Palafin\n|-supereffective|p2b: Palafin\n|-damage|p2b: Palafin|0 fnt\n|faint|p2b: Palafin\n|-damage|p1b: Gothitelle|91\/100|[from] item: Life Orb\n|\n|upkeep\n|\n|t:|1700670384\n|switch|p2b: Weezing|Weezing-Galar, M|100\/100\n|-ability|p2b: Weezing|Neutralizing Gas\n|turn|2\n|\n|t:|1700670399\n|move|p2b: Weezing|Protect|p2b: Weezing\n|-singleturn|p2b: Weezing|Protect\n|move|p1a: Bibarel|Yawn|p2b: Weezing\n|-activate|p2b: Weezing|move: Protect\n|move|p1b: Gothitelle|Dark Pulse|p2b: Weezing\n|-activate|p2b: Weezing|move: Protect\n|move|p2a: Whimsicott|Knock Off|p1b: Gothitelle\n|-supereffective|p1b: Gothitelle\n|-damage|p1b: Gothitelle|42\/100\n|-enditem|p1b: Gothitelle|Life Orb|[from] move: Knock Off|[of] p2a: Whimsicott\n|\n|upkeep\n|turn|3\n|\n|t:|1700670423\n|switch|p2a: Indeedee|Indeedee, M|100\/100\n|move|p1a: Bibarel|Stealth Rock|p2a: Indeedee\n|-sidestart|p2: Guufii Guubaa|move: Stealth Rock\n|move|p1b: Gothitelle|Dark Pulse|p2b: Weezing\n|-resisted|p2b: Weezing\n|-damage|p2b: Weezing|83\/100\n|move|p2b: Weezing|Toxic Spikes|p1a: Bibarel\n|-sidestart|p1: hasegawa_shigure|move: Toxic Spikes\n|\n|-heal|p2b: Weezing|89\/100|[from] item: Black Sludge\n|-end|p1b: Gothitelle|move: Taunt\n|upkeep\n|turn|4\n|\n|t:|1700670443\n|move|p2a: Indeedee|Fake Out|p1a: Bibarel\n|-damage|p1a: Bibarel|88\/100\n|cant|p1a: Bibarel|flinch\n|move|p1b: Gothitelle|Expanding Force|p2b: Weezing\n|-supereffective|p2b: Weezing\n|-damage|p2b: Weezing|0 fnt\n|faint|p2b: Weezing\n|-end|p2b: Weezing|ability: Neutralizing Gas\n|-fieldstart|move: Psychic Terrain|[from] ability: Psychic Surge|[of] p2a: Indeedee\n|\n|upkeep\n|\n|t:|1700670454\n|switch|p2b: Alakazam|Alakazam, M|100\/100\n|-damage|p2b: Alakazam|88\/100|[from] Stealth Rock\n|turn|5\n|\n|t:|1700670464\n|detailschange|p2b: Alakazam|Alakazam-Mega, M\n|-mega|p2b: Alakazam|Alakazam|Alakazite\n|-ability|p2b: Alakazam|Shadow Tag|[from] ability: Trace|[of] p1b: Gothitelle\n|-terastallize|p2a: Indeedee|Psychic\n|move|p1a: Bibarel|Protect|p1a: Bibarel\n|-singleturn|p1a: Bibarel|Protect\n|move|p2b: Alakazam|Expanding Force|p1b: Gothitelle|[spread] p1b\n|-activate|p1a: Bibarel|move: Protect\n|-resisted|p1b: Gothitelle\n|-crit|p1b: Gothitelle\n|-damage|p1b: Gothitelle|0 fnt\n|faint|p1b: Gothitelle\n|move|p2a: Indeedee|Expanding Force|p1a: Bibarel\n|-activate|p1a: Bibarel|move: Protect\n|\n|upkeep\n|\n|t:|1700670484\n|switch|p1b: Florges|Florges, F|100\/100\n|-status|p1b: Florges|psn\n|turn|6\n|\n|t:|1700670494\n|move|p2b: Alakazam|Expanding Force|p1b: Florges|[spread] p1a,p1b\n|-crit|p1a: Bibarel\n|-damage|p1a: Bibarel|0 fnt\n|-damage|p1b: Florges|61\/100 psn\n|faint|p1a: Bibarel\n|move|p2a: Indeedee|Expanding Force|p1b: Florges\n|-damage|p1b: Florges|14\/100 psn\n|move|p1b: Florges|Light Screen|p1b: Florges\n|-sidestart|p1: hasegawa_shigure|move: Light Screen\n|\n|-damage|p1b: Florges|2\/100 psn|[from] psn\n|upkeep\n|\n|t:|1700670505\n|switch|p1a: Empoleon|Empoleon, F, shiny|100\/100\n|turn|7\n|\n|t:|1700670524\n|move|p2b: Alakazam|Expanding Force|p1a: Empoleon|[spread] p1a,p1b\n|-resisted|p1a: Empoleon\n|-damage|p1a: Empoleon|78\/100\n|-damage|p1b: Florges|0 fnt\n|faint|p1b: Florges\n|move|p2a: Indeedee|Expanding Force|p1a: Empoleon\n|-resisted|p1a: Empoleon\n|-damage|p1a: Empoleon|51\/100\n|move|p1a: Empoleon|Scald|p2b: Alakazam\n|-damage|p2b: Alakazam|2\/100\n|\n|upkeep\n|\n|t:|1700670535\n|switch|p1b: Hitmontop|Hitmontop, M|100\/100\n|-status|p1b: Hitmontop|psn\n|-ability|p1b: Hitmontop|Intimidate|boost\n|-unboost|p2a: Indeedee|atk|1\n|-unboost|p2b: Alakazam|atk|1\n|turn|8\n|\n|t:|1700670549\n|move|p2b: Alakazam|Expanding Force|p1b: Hitmontop|[spread] p1a,p1b\n|-resisted|p1a: Empoleon\n|-supereffective|p1b: Hitmontop\n|-damage|p1a: Empoleon|30\/100\n|-damage|p1b: Hitmontop|0 fnt\n|faint|p1b: Hitmontop\n|move|p2a: Indeedee|Expanding Force|p1a: Empoleon\n|-resisted|p1a: Empoleon\n|-damage|p1a: Empoleon|0 fnt\n|faint|p1a: Empoleon\n|\n|-fieldend|move: Psychic Terrain\n|upkeep\n|\n|t:|1700670560\n|switch|p1a: Garganacl|Garganacl, F, shiny|100\/100\n|turn|9\n|\n|t:|1700670567\n|switch|p2a: Tapu Lele|Tapu Lele|100\/100\n|-damage|p2a: Tapu Lele|88\/100|[from] Stealth Rock\n|-fieldstart|move: Psychic Terrain|[from] ability: Psychic Surge|[of] p2a: Tapu Lele\n|-terastallize|p1a: Garganacl|Rock\n|move|p2b: Alakazam|Expanding Force|p1a: Garganacl\n|-damage|p1a: Garganacl|34\/100\n|move|p1a: Garganacl|Earthquake|p2a: Tapu Lele|[spread] p2a,p2b\n|-damage|p2a: Tapu Lele|28\/100\n|-damage|p2b: Alakazam|0 fnt\n|faint|p2b: Alakazam\n|\n|upkeep\n|\n|t:|1700670575\n|switch|p2b: Indeedee|Indeedee, M, tera:Psychic|100\/100\n|-damage|p2b: Indeedee|88\/100|[from] Stealth Rock\n|turn|10\n|\n|t:|1700670581\n|move|p2a: Tapu Lele|Psychic|p1a: Garganacl\n|-crit|p1a: Garganacl\n|-damage|p1a: Garganacl|0 fnt\n|faint|p1a: Garganacl\n|\n|win|Guufii Guubaa\n|raw|hasegawa_shigure's rating: 1040 &rarr; <strong>1027<\/strong><br \/>(-13 for losing)\n|raw|Guufii Guubaa's rating: 1107 &rarr; <strong>1127<\/strong><br \/>(+20 for winning)\n|l|\u2606Guufii Guubaa\n|j|\u2606Guufii Guubaa\n|player|p2|Guufii Guubaa|youngster-gen4dp\n","uploadtime":1700670592,"views":0,"p1id":"hasegawashigure","p2id":"guufiiguubaa","formatid":"gen9nationaldexdoubles","rating":1027,"private":0,"password":""}