{"id":"gen9nationaldexdoubles-1966957897","p1":"Codiai","p2":"Theadonia","format":"[Gen 9] National Dex Doubles","log":"|j|\u2606Codiai\n|j|\u2606Theadonia\n|t:|1697237891\n|gametype|doubles\n|player|p1|Codiai|cynthia|1270\n|player|p2|Theadonia|caitlin|1117\n|teamsize|p1|6\n|teamsize|p2|6\n|gen|9\n|tier|[Gen 9] National Dex Doubles\n|rated|\n|rule|HP Percentage Mod: HP is shown in percentages\n|rule|Endless Battle Clause: Forcing endless battles is banned\n|rule|OHKO Clause: OHKO moves are banned\n|rule|Evasion Moves Clause: Evasion moves are banned\n|rule|Evasion Abilities Clause: Evasion abilities are banned\n|rule|Species Clause: Limit one of each Pok\u00e9mon\n|rule|Gravity Sleep Clause: The combination of sleep-inducing moves with imperfect accuracy and Gravity or Gigantamax Orbeetle are banned\n|clearpoke\n|poke|p1|Palafin, F|\n|poke|p1|Scizor, M|\n|poke|p1|Dragonite, M|\n|poke|p1|Rillaboom, M|\n|poke|p1|Togekiss, M|\n|poke|p1|Marshadow|\n|poke|p2|Delphox, F|\n|poke|p2|Oricorio-Sensu, M|\n|poke|p2|Kommo-o, F|\n|poke|p2|Wailmer, F|\n|poke|p2|Cresselia, F|\n|poke|p2|Swoobat, F|\n|teampreview\n|\n|t:|1697237905\n|start\n|switch|p1a: Palafin|Palafin, F|100\/100\n|switch|p1b: Dragonite|Dragonite, M|100\/100\n|switch|p2a: Delphox|Delphox, F, shiny|100\/100\n|switch|p2b: Oricorio|Oricorio-Sensu, M, shiny|100\/100\n|turn|1\n|inactive|Battle timer is ON: inactive players will automatically lose when time's up. (requested by Codiai)\n|\n|t:|1697237916\n|detailschange|p1a: Palafin|Palafin-Hero, F\n|switch|p1a: Togekiss|Togekiss, M|100\/100\n|-terastallize|p2a: Delphox|Grass\n|-terastallize|p1b: Dragonite|Normal\n|move|p1b: Dragonite|Extreme Speed|p2b: Oricorio\n|-immune|p2b: Oricorio\n|move|p2a: Delphox|Role Play|p2b: Oricorio\n|-endability|p2a: Delphox|Magician|[from] move: Role Play\n|-ability|p2a: Delphox|Dancer|[from] move: Role Play|[of] p2b: Oricorio\n|move|p2b: Oricorio|Quiver Dance|p2b: Oricorio\n|-boost|p2b: Oricorio|spa|1\n|-boost|p2b: Oricorio|spd|1\n|-boost|p2b: Oricorio|spe|1\n|-activate|p2a: Delphox|ability: Dancer\n|move|p2a: Delphox|Quiver Dance|p2a: Delphox|[from]ability: Dancer\n|-boost|p2a: Delphox|spa|1\n|-boost|p2a: Delphox|spd|1\n|-boost|p2a: Delphox|spe|1\n|\n|upkeep\n|turn|2\n|\n|t:|1697237937\n|move|p1b: Dragonite|Extreme Speed|p2a: Delphox\n|-damage|p2a: Delphox|0 fnt\n|faint|p2a: Delphox\n|move|p2b: Oricorio|Quiver Dance|p2b: Oricorio\n|-boost|p2b: Oricorio|spa|1\n|-boost|p2b: Oricorio|spd|1\n|-boost|p2b: Oricorio|spe|1\n|move|p1a: Togekiss|Yawn|p2b: Oricorio\n|-start|p2b: Oricorio|move: Yawn|[of] p1a: Togekiss\n|\n|upkeep\n|\n|t:|1697237943\n|switch|p2a: Cresselia|Cresselia, F|100\/100\n|turn|3\n|\n|t:|1697237954\n|move|p1b: Dragonite|Extreme Speed|p2a: Cresselia\n|-damage|p2a: Cresselia|54\/100\n|move|p2b: Oricorio|Substitute|p2b: Oricorio\n|-start|p2b: Oricorio|Substitute\n|-damage|p2b: Oricorio|75\/100\n|move|p2a: Cresselia|Psych Up|p2b: Oricorio\n|-copyboost|p2a: Cresselia|p2b: Oricorio|[from] move: Psych Up\n|move|p1a: Togekiss|Yawn|p2a: Cresselia\n|-start|p2a: Cresselia|move: Yawn|[of] p1a: Togekiss\n|\n|-heal|p2a: Cresselia|60\/100|[from] item: Leftovers\n|-end|p2b: Oricorio|move: Yawn|[silent]\n|-status|p2b: Oricorio|slp\n|upkeep\n|turn|4\n|\n|t:|1697237975\n|move|p1b: Dragonite|Extreme Speed|p2b: Oricorio\n|-immune|p2b: Oricorio\n|cant|p2b: Oricorio|slp\n|move|p2a: Cresselia|Stored Power|p1b: Dragonite\n|-damage|p1b: Dragonite|50\/100\n|move|p1a: Togekiss|Air Slash|p2b: Oricorio\n|-activate|p2b: Oricorio|move: Substitute|[damage]\n|\n|-heal|p2a: Cresselia|66\/100|[from] item: Leftovers\n|-end|p2a: Cresselia|move: Yawn|[silent]\n|-status|p2a: Cresselia|slp\n|upkeep\n|turn|5\n|\n|t:|1697237987\n|move|p1b: Dragonite|Extreme Speed|p2a: Cresselia\n|-damage|p2a: Cresselia|14\/100 slp\n|-curestatus|p2b: Oricorio|slp|[msg]\n|move|p2b: Oricorio|Quiver Dance|p2b: Oricorio\n|-boost|p2b: Oricorio|spa|1\n|-boost|p2b: Oricorio|spd|1\n|-boost|p2b: Oricorio|spe|1\n|cant|p2a: Cresselia|slp\n|move|p1a: Togekiss|Air Slash|p2b: Oricorio\n|-end|p2b: Oricorio|Substitute\n|\n|-heal|p2a: Cresselia|20\/100 slp|[from] item: Leftovers\n|upkeep\n|turn|6\n|\n|t:|1697238000\n|move|p1b: Dragonite|Extreme Speed|p2a: Cresselia\n|-damage|p2a: Cresselia|0 fnt\n|faint|p2a: Cresselia\n|move|p2b: Oricorio|Substitute|p2b: Oricorio\n|-start|p2b: Oricorio|Substitute\n|-damage|p2b: Oricorio|50\/100\n|move|p1a: Togekiss|Yawn||[still]\n|-fail|p1a: Togekiss\n|\n|upkeep\n|\n|t:|1697238004\n|switch|p2a: Swoobat|Swoobat, F|100\/100\n|turn|7\n|\n|t:|1697238015\n|move|p1b: Dragonite|Extreme Speed|p2a: Swoobat\n|-crit|p2a: Swoobat\n|-enditem|p2a: Swoobat|Focus Sash\n|-damage|p2a: Swoobat|1\/100\n|move|p2b: Oricorio|Baton Pass|p2b: Oricorio\n|\n|t:|1697238021\n|switch|p2b: Wailmer|Wailmer, F, shiny|100\/100|[from] Baton Pass\n|-ability|p2b: Wailmer|Pressure\n|move|p2a: Swoobat|Speed Swap|p2b: Wailmer\n|-activate|p2a: Swoobat|move: Speed Swap|[of] p2b: Wailmer\n|move|p1a: Togekiss|Air Slash|p2b: Wailmer\n|-activate|p2b: Wailmer|move: Substitute|[damage]\n|\n|upkeep\n|turn|8\n|\n|t:|1697238034\n|move|p1b: Dragonite|Extreme Speed|p2a: Swoobat\n|-damage|p2a: Swoobat|0 fnt\n|faint|p2a: Swoobat\n|move|p1a: Togekiss|Follow Me|p1a: Togekiss\n|-singleturn|p1a: Togekiss|move: Follow Me\n|move|p2b: Wailmer|Water Spout|p1a: Togekiss|[spread] p1a,p1b\n|-damage|p1a: Togekiss|18\/100\n|-damage|p1b: Dragonite|0 fnt\n|faint|p1b: Dragonite\n|\n|upkeep\n|\n|t:|1697238052\n|switch|p2a: Kommo-o|Kommo-o, F, shiny|100\/100\n|switch|p1b: Rillaboom|Rillaboom, M|100\/100\n|-fieldstart|move: Grassy Terrain|[from] ability: Grassy Surge|[of] p1b: Rillaboom\n|turn|9\n|\n|t:|1697238063\n|move|p1b: Rillaboom|Fake Out|p2a: Kommo-o\n|-damage|p2a: Kommo-o|87\/100\n|move|p2b: Wailmer|Blizzard|p1b: Rillaboom|[spread] p1a,p1b\n|-supereffective|p1a: Togekiss\n|-supereffective|p1b: Rillaboom\n|-crit|p1b: Rillaboom\n|-damage|p1a: Togekiss|0 fnt\n|-enditem|p1b: Rillaboom|Focus Sash\n|-damage|p1b: Rillaboom|1\/100\n|faint|p1a: Togekiss\n|cant|p2a: Kommo-o|flinch\n|\n|-heal|p2a: Kommo-o|93\/100|[from] Grassy Terrain\n|-heal|p1b: Rillaboom|7\/100|[from] Grassy Terrain\n|upkeep\n|\n|t:|1697238078\n|switch|p1a: Scizor|Scizor, M|100\/100\n|turn|10\n|\n|t:|1697238089\n|detailschange|p1a: Scizor|Scizor-Mega, M\n|-mega|p1a: Scizor|Scizor|Scizorite\n|move|p1b: Rillaboom|Grassy Glide|p2b: Wailmer\n|-supereffective|p2b: Wailmer\n|-end|p2b: Wailmer|Substitute\n|move|p1a: Scizor|Bullet Punch|p2b: Wailmer\n|-resisted|p2b: Wailmer\n|-damage|p2b: Wailmer|79\/100\n|move|p2b: Wailmer|Water Spout|p1b: Rillaboom|[spread] p1a,p1b\n|-resisted|p1b: Rillaboom\n|-damage|p1a: Scizor|16\/100\n|-damage|p1b: Rillaboom|0 fnt\n|faint|p1b: Rillaboom\n|-zpower|p2a: Kommo-o\n|move|p2a: Kommo-o|Clangorous Soulblaze|p1a: Scizor|[zeffect]\n|-resisted|p1a: Scizor\n|-damage|p1a: Scizor|0 fnt\n|faint|p1a: Scizor\n|-boost|p2a: Kommo-o|atk|1\n|-boost|p2a: Kommo-o|def|1\n|-boost|p2a: Kommo-o|spa|1\n|-boost|p2a: Kommo-o|spd|1\n|-boost|p2a: Kommo-o|spe|1\n|\n|-heal|p2b: Wailmer|85\/100|[from] Grassy Terrain\n|-heal|p2a: Kommo-o|99\/100|[from] Grassy Terrain\n|upkeep\n|\n|t:|1697238099\n|switch|p1b: Marshadow|Marshadow|100\/100\n|switch|p1a: Palafin|Palafin-Hero, F|100\/100\n|-activate|p1a: Palafin|ability: Zero to Hero\n|turn|11\n|\n|t:|1697238110\n|move|p1b: Marshadow|Shadow Sneak|p2b: Wailmer\n|-damage|p2b: Wailmer|51\/100\n|move|p1a: Palafin|Jet Punch|p2b: Wailmer\n|-resisted|p2b: Wailmer\n|-damage|p2b: Wailmer|19\/100\n|move|p2b: Wailmer|Water Spout|p1b: Marshadow|[spread] p1a,p1b\n|-resisted|p1a: Palafin\n|-crit|p1a: Palafin\n|-damage|p1a: Palafin|87\/100\n|-damage|p1b: Marshadow|80\/100\n|move|p2a: Kommo-o|Clanging Scales|p1b: Marshadow|[spread] p1a,p1b\n|-damage|p1a: Palafin|43\/100\n|-damage|p1b: Marshadow|30\/100\n|-unboost|p2a: Kommo-o|def|1\n|\n|-heal|p2b: Wailmer|25\/100|[from] Grassy Terrain\n|-heal|p2a: Kommo-o|100\/100|[from] Grassy Terrain\n|-heal|p1b: Marshadow|37\/100|[from] Grassy Terrain\n|-heal|p1a: Palafin|50\/100|[from] Grassy Terrain\n|upkeep\n|turn|12\n|\n|t:|1697238122\n|move|p1b: Marshadow|Shadow Sneak|p2b: Wailmer\n|-damage|p2b: Wailmer|0 fnt\n|faint|p2b: Wailmer\n|move|p1a: Palafin|Jet Punch|p2a: Kommo-o\n|-resisted|p2a: Kommo-o\n|-damage|p2a: Kommo-o|70\/100\n|move|p2a: Kommo-o|Clanging Scales|p1a: Palafin|[spread] p1a,p1b\n|-damage|p1a: Palafin|6\/100\n|-damage|p1b: Marshadow|0 fnt\n|faint|p1b: Marshadow\n|-unboost|p2a: Kommo-o|def|1\n|\n|-heal|p2a: Kommo-o|76\/100|[from] Grassy Terrain\n|-heal|p1a: Palafin|12\/100|[from] Grassy Terrain\n|upkeep\n|\n|t:|1697238129\n|switch|p2b: Oricorio|Oricorio-Sensu, M, shiny|50\/100\n|turn|13\n|\n|t:|1697238132\n|move|p1a: Palafin|Jet Punch|p2a: Kommo-o\n|-resisted|p2a: Kommo-o\n|-damage|p2a: Kommo-o|35\/100\n|move|p2a: Kommo-o|Drain Punch|p1a: Palafin\n|-damage|p1a: Palafin|0 fnt\n|-heal|p2a: Kommo-o|43\/100|[from] drain|[of] p1a: Palafin\n|faint|p1a: Palafin\n|\n|win|Theadonia\n|raw|Codiai's rating: 1270 &rarr; <strong>1235<\/strong><br \/>(-35 for losing)\n|raw|Theadonia's rating: 1117 &rarr; <strong>1152<\/strong><br \/>(+35 for winning)\n|l|\u2606Codiai\n","uploadtime":1697238145,"views":19,"p1id":"codiai","p2id":"theadonia","formatid":"gen9nationaldexdoubles","rating":1152,"private":0,"password":""}