{"id":"gen9nationaldexdoubles-1962525287","p1":"Kaxxxx","p2":"El_Gran_Wigglytuff","format":"[Gen 9] National Dex Doubles","log":"|j|\u2606Kaxxxx\n|j|\u2606El_Gran_Wigglytuff\n|t:|1696762569\n|gametype|doubles\n|player|p1|Kaxxxx|steven|\n|player|p2|El_Gran_Wigglytuff|benga|\n|teamsize|p1|6\n|teamsize|p2|6\n|gen|9\n|tier|[Gen 9] National Dex Doubles\n|rule|HP Percentage Mod: HP is shown in percentages\n|rule|Endless Battle Clause: Forcing endless battles is banned\n|rule|OHKO Clause: OHKO moves are banned\n|rule|Evasion Moves Clause: Evasion moves are banned\n|rule|Evasion Abilities Clause: Evasion abilities are banned\n|rule|Species Clause: Limit one of each Pok\u00e9mon\n|rule|Gravity Sleep Clause: The combination of sleep-inducing moves with imperfect accuracy and Gravity or Gigantamax Orbeetle are banned\n|clearpoke\n|poke|p1|Walking Wake|\n|poke|p1|Goodra-Hisui, F|\n|poke|p1|Baxcalibur, M|\n|poke|p1|Charizard, M|\n|poke|p1|Salamence, M|\n|poke|p1|Dragonite, F|\n|poke|p2|Salamence, M|\n|poke|p2|Thundurus-Therian, M|\n|poke|p2|Tornadus, M|\n|poke|p2|Pelipper, M|\n|poke|p2|Landorus, M|\n|poke|p2|Zapdos-Galar|\n|teampreview\n|\n|t:|1696762589\n|start\n|switch|p1a: Goodra|Goodra-Hisui, F|100\/100\n|switch|p1b: Charizard|Charizard, M|100\/100\n|switch|p2a: Lluvia en Sevilla|Pelipper, M|100\/100\n|switch|p2b: 3 son mejor que 1|Tornadus, M|100\/100\n|-weather|RainDance|[from] ability: Drizzle|[of] p2a: Lluvia en Sevilla\n|turn|1\n|\n|t:|1696762606\n|detailschange|p1b: Charizard|Charizard-Mega-X, M\n|-mega|p1b: Charizard|Charizard|Charizardite X\n|move|p2b: 3 son mejor que 1|Bleakwind Storm|p1b: Charizard|[spread] p1a,p1b\n|-resisted|p1a: Goodra\n|-damage|p1a: Goodra|87\/100\n|-damage|p1b: Charizard|54\/100\n|move|p1b: Charizard|Dragon Claw|p2b: 3 son mejor que 1\n|-damage|p2b: 3 son mejor que 1|21\/100\n|-enditem|p2b: 3 son mejor que 1|Iapapa Berry|[eat]\n|-heal|p2b: 3 son mejor que 1|54\/100|[from] item: Iapapa Berry\n|move|p2a: Lluvia en Sevilla|Hurricane|p1b: Charizard\n|-damage|p1b: Charizard|7\/100\n|move|p1a: Goodra|Toxic|p2a: Lluvia en Sevilla\n|-status|p2a: Lluvia en Sevilla|tox\n|\n|-weather|RainDance|[upkeep]\n|-heal|p1a: Goodra|93\/100|[from] item: Leftovers\n|-damage|p2a: Lluvia en Sevilla|94\/100 tox|[from] psn\n|upkeep\n|turn|2\n|\n|t:|1696762628\n|switch|p2b: El Correcaminos|Zapdos-Galar|100\/100\n|move|p1b: Charizard|Protect|p1b: Charizard\n|-singleturn|p1b: Charizard|Protect\n|move|p2a: Lluvia en Sevilla|Hurricane|p1b: Charizard\n|-activate|p1b: Charizard|move: Protect\n|move|p1a: Goodra|Curse|p1a: Goodra\n|-unboost|p1a: Goodra|spe|1\n|-boost|p1a: Goodra|atk|1\n|-boost|p1a: Goodra|def|1\n|\n|-weather|RainDance|[upkeep]\n|-heal|p1a: Goodra|99\/100|[from] item: Leftovers\n|-damage|p2a: Lluvia en Sevilla|82\/100 tox|[from] psn\n|upkeep\n|turn|3\n|\n|t:|1696762639\n|move|p1a: Goodra|Protect|p1a: Goodra\n|-singleturn|p1a: Goodra|Protect\n|move|p2b: El Correcaminos|Close Combat|p1a: Goodra\n|-activate|p1a: Goodra|move: Protect\n|move|p1b: Charizard|Dragon Claw|p2b: El Correcaminos\n|-damage|p2b: El Correcaminos|42\/100\n|move|p2a: Lluvia en Sevilla|Scald|p1b: Charizard\n|-damage|p1b: Charizard|0 fnt\n|faint|p1b: Charizard\n|\n|-weather|RainDance|[upkeep]\n|-heal|p1a: Goodra|100\/100|[from] item: Leftovers\n|-damage|p2a: Lluvia en Sevilla|63\/100 tox|[from] psn\n|upkeep\n|\n|t:|1696762651\n|switch|p1b: Salamence|Salamence, M|100\/100\n|-ability|p1b: Salamence|Intimidate|boost\n|-unboost|p2a: Lluvia en Sevilla|atk|1\n|-unboost|p2b: El Correcaminos|atk|1\n|-ability|p2b: El Correcaminos|Defiant|boost\n|-boost|p2b: El Correcaminos|atk|2\n|turn|4\n|\n|t:|1696762662\n|switch|p1a: Dragonite|Dragonite, F|100\/100\n|move|p2b: El Correcaminos|Close Combat|p1a: Dragonite\n|-resisted|p1a: Dragonite\n|-damage|p1a: Dragonite|82\/100\n|-unboost|p2b: El Correcaminos|def|1\n|-unboost|p2b: El Correcaminos|spd|1\n|move|p1b: Salamence|Air Slash|p2b: El Correcaminos\n|-supereffective|p2b: El Correcaminos\n|-damage|p2b: El Correcaminos|0 fnt\n|faint|p2b: El Correcaminos\n|move|p2a: Lluvia en Sevilla|Hurricane|p1b: Salamence\n|-damage|p1b: Salamence|58\/100\n|\n|-weather|RainDance|[upkeep]\n|-heal|p1a: Dragonite|88\/100|[from] item: Leftovers\n|-damage|p2a: Lluvia en Sevilla|39\/100 tox|[from] psn\n|upkeep\n|c|\u2606Kaxxxx|Uhh\n|\n|t:|1696762670\n|switch|p2b: Rayo McQueen|Thundurus-Therian, M|100\/100\n|turn|5\n|\n|t:|1696762679\n|switch|p1b: Goodra|Goodra-Hisui, F|100\/100\n|move|p2b: Rayo McQueen|Wildbolt Storm|p1b: Goodra|[spread] p1a,p1b\n|-resisted|p1b: Goodra\n|-damage|p1a: Dragonite|39\/100\n|-damage|p1b: Goodra|83\/100\n|-damage|p2b: Rayo McQueen|91\/100|[from] item: Life Orb\n|move|p1a: Dragonite|Tailwind|p1a: Dragonite\n|-sidestart|p1: Kaxxxx|move: Tailwind\n|move|p2a: Lluvia en Sevilla|Hurricane|p1a: Dragonite\n|-damage|p1a: Dragonite|10\/100\n|\n|-weather|RainDance|[upkeep]\n|-heal|p1a: Dragonite|16\/100|[from] item: Leftovers\n|-heal|p1b: Goodra|90\/100|[from] item: Leftovers\n|-damage|p2a: Lluvia en Sevilla|8\/100 tox|[from] psn\n|upkeep\n|turn|6\n|\n|t:|1696762710\n|move|p1a: Dragonite|Dual Wingbeat|p2a: Lluvia en Sevilla\n|-damage|p2a: Lluvia en Sevilla|0 fnt\n|faint|p2a: Lluvia en Sevilla\n|-hitcount|p2: Lluvia en Sevilla|1\n|move|p2b: Rayo McQueen|Wildbolt Storm|p1b: Goodra|[spread] p1a,p1b\n|-resisted|p1b: Goodra\n|-damage|p1a: Dragonite|0 fnt\n|-damage|p1b: Goodra|72\/100\n|-status|p1b: Goodra|par\n|faint|p1a: Dragonite\n|-damage|p2b: Rayo McQueen|81\/100|[from] item: Life Orb\n|move|p1b: Goodra|Toxic|p2b: Rayo McQueen\n|-status|p2b: Rayo McQueen|tox\n|\n|-weather|RainDance|[upkeep]\n|-heal|p1b: Goodra|78\/100 par|[from] item: Leftovers\n|-damage|p2b: Rayo McQueen|75\/100 tox|[from] psn\n|upkeep\n|\n|t:|1696762721\n|switch|p1a: Baxcalibur|Baxcalibur, M|100\/100\n|switch|p2a: 3 son mejor que 1|Tornadus, M|54\/100\n|turn|7\n|\n|t:|1696762732\n|move|p2a: 3 son mejor que 1|Tailwind|p2a: 3 son mejor que 1\n|-sidestart|p2: El_Gran_Wigglytuff|move: Tailwind\n|move|p2b: Rayo McQueen|Wildbolt Storm|p1a: Baxcalibur|[spread] p1a,p1b\n|-resisted|p1a: Baxcalibur\n|-resisted|p1b: Goodra\n|-damage|p1a: Baxcalibur|69\/100\n|-damage|p1b: Goodra|61\/100 par\n|-damage|p2b: Rayo McQueen|65\/100 tox|[from] item: Life Orb\n|move|p1a: Baxcalibur|Dragon Dance|p1a: Baxcalibur\n|-boost|p1a: Baxcalibur|atk|1\n|-boost|p1a: Baxcalibur|spe|1\n|move|p1b: Goodra|Rock Slide|p2a: 3 son mejor que 1|[spread] p2a,p2b\n|-supereffective|p2a: 3 son mejor que 1\n|-supereffective|p2b: Rayo McQueen\n|-damage|p2a: 3 son mejor que 1|16\/100\n|-damage|p2b: Rayo McQueen|27\/100 tox\n|\n|-weather|RainDance|[upkeep]\n|-heal|p1b: Goodra|67\/100 par|[from] item: Leftovers\n|-damage|p2b: Rayo McQueen|15\/100 tox|[from] psn\n|upkeep\n|turn|8\n|j| XMarcosPr710\n|\n|t:|1696762748\n|move|p1a: Baxcalibur|Protect|p1a: Baxcalibur\n|-singleturn|p1a: Baxcalibur|Protect\n|move|p2a: 3 son mejor que 1|Hidden Power|p1b: Goodra\n|-supereffective|p1b: Goodra\n|-damage|p1b: Goodra|42\/100 par\n|move|p2b: Rayo McQueen|Wildbolt Storm|p1a: Baxcalibur|[spread] p1b\n|-activate|p1a: Baxcalibur|move: Protect\n|-resisted|p1b: Goodra\n|-damage|p1b: Goodra|24\/100 par\n|-damage|p2b: Rayo McQueen|5\/100 tox|[from] item: Life Orb\n|move|p1b: Goodra|Rock Slide|p2a: 3 son mejor que 1|[spread] p2a,p2b\n|-supereffective|p2a: 3 son mejor que 1\n|-supereffective|p2b: Rayo McQueen\n|-damage|p2a: 3 son mejor que 1|0 fnt\n|-damage|p2b: Rayo McQueen|0 fnt\n|faint|p2a: 3 son mejor que 1\n|faint|p2b: Rayo McQueen\n|\n|-weather|none\n|-heal|p1b: Goodra|30\/100 par|[from] item: Leftovers\n|-sideend|p1: Kaxxxx|move: Tailwind\n|upkeep\n|\n|t:|1696762751\n|switch|p2a: Buenos d\u00edas|Salamence, M|100\/100\n|switch|p2b: Es su mejor forma|Landorus, M|100\/100\n|-ability|p2a: Buenos d\u00edas|Intimidate|boost\n|-unboost|p1a: Baxcalibur|atk|1\n|-unboost|p1b: Goodra|atk|1\n|turn|9\n|c| XMarcosPr710|Si kaxxxx gana de nuevo por baxcalibur es mi padre\n|\n|t:|1696762767\n|detailschange|p2a: Buenos d\u00edas|Salamence-Mega, M\n|-mega|p2a: Buenos d\u00edas|Salamence|Salamencite\n|move|p2a: Buenos d\u00edas|Dragon Claw|p1a: Baxcalibur\n|-supereffective|p1a: Baxcalibur\n|-crit|p1a: Baxcalibur\n|-damage|p1a: Baxcalibur|0 fnt\n|faint|p1a: Baxcalibur\n|move|p2b: Es su mejor forma|Sandsear Storm|p1b: Goodra\n|-supereffective|p1b: Goodra\n|-crit|p1b: Goodra\n|-damage|p1b: Goodra|0 fnt\n|faint|p1b: Goodra\n|\n|upkeep\n|\n|t:|1696762773\n|switch|p1a: Walking Wake|Walking Wake|100\/100\n|switch|p1b: Salamence|Salamence, M|58\/100\n|-ability|p1b: Salamence|Intimidate|boost\n|-unboost|p2a: Buenos d\u00edas|atk|1\n|-unboost|p2b: Es su mejor forma|atk|1\n|-enditem|p1a: Walking Wake|Booster Energy\n|-activate|p1a: Walking Wake|ability: Protosynthesis|[fromitem]\n|-start|p1a: Walking Wake|protosynthesisspa\n|turn|10\n|c| XMarcosPr710|Pues yano\n|\n|t:|1696762793\n|move|p2a: Buenos d\u00edas|Dragon Claw|p1b: Salamence\n|-supereffective|p1b: Salamence\n|-damage|p1b: Salamence|0 fnt\n|faint|p1b: Salamence\n|move|p2b: Es su mejor forma|Sandsear Storm|p1a: Walking Wake\n|-damage|p1a: Walking Wake|0 fnt\n|faint|p1a: Walking Wake\n|-end|p1a: Walking Wake|Protosynthesis|[silent]\n|\n|win|El_Gran_Wigglytuff\n|c|\u2606Kaxxxx|Tongo\n","uploadtime":1696762802,"views":14,"p1id":"kaxxxx","p2id":"elgranwigglytuff","formatid":"gen9nationaldexdoubles","rating":0,"private":0,"password":""}