{"id":"gen9nationaldexdoubles-1997517065","p1":"Aureius","p2":"seanthsheep","format":"[Gen 9] National Dex Doubles","log":"|j|\u2606Aureius\n|j|\u2606seanthsheep\n|t:|1700818837\n|gametype|doubles\n|player|p1|Aureius|gentleman|1054\n|player|p2|seanthsheep|bugsy|1131\n|teamsize|p1|6\n|teamsize|p2|6\n|gen|9\n|tier|[Gen 9] National Dex Doubles\n|rated|\n|rule|HP Percentage Mod: HP is shown in percentages\n|rule|Endless Battle Clause: Forcing endless battles is banned\n|rule|OHKO Clause: OHKO moves are banned\n|rule|Evasion Moves Clause: Evasion moves are banned\n|rule|Evasion Abilities Clause: Evasion abilities are banned\n|rule|Species Clause: Limit one of each Pok\u00e9mon\n|rule|Gravity Sleep Clause: The combination of sleep-inducing moves with imperfect accuracy and Gravity or Gigantamax Orbeetle are banned\n|clearpoke\n|poke|p1|Wooloo, F|\n|poke|p1|Clefairy, F|\n|poke|p1|Zigzagoon, M|\n|poke|p1|Jirachi|\n|poke|p1|Togetic, F|\n|poke|p1|Maushold-Four|\n|poke|p2|Reuniclus, M|\n|poke|p2|Primarina, F|\n|poke|p2|Farigiraf, F|\n|poke|p2|Goodra-Hisui, F|\n|poke|p2|Incineroar, F|\n|poke|p2|Gastrodon-East, F|\n|teampreview\n|inactive|Battle timer is ON: inactive players will automatically lose when time's up. (requested by Aureius)\n|c|\u2606Aureius|hi!\n|c|\u2606seanthsheep|hello\n|c|\u2606seanthsheep|whats the gimick?\n|c|\u2606Aureius|just cuties\n|inactive|seanthsheep has 120 seconds left.\n|\n|t:|1700818872\n|start\n|switch|p1a: Clefairy|Clefairy, F|100\/100\n|switch|p1b: Zigzagoon|Zigzagoon, M|100\/100\n|switch|p2a: Reuniclus|Reuniclus, M, shiny|100\/100\n|switch|p2b: Farigiraf|Farigiraf, F|100\/100\n|turn|1\n|c|\u2606Aureius|no gimick\n|\n|t:|1700818895\n|move|p1a: Clefairy|Follow Me|p1a: Clefairy\n|-singleturn|p1a: Clefairy|move: Follow Me\n|move|p1b: Zigzagoon|Belly Drum|p1b: Zigzagoon\n|-damage|p1b: Zigzagoon|51\/100\n|-setboost|p1b: Zigzagoon|atk|6|[from] move: Belly Drum\n|move|p2a: Reuniclus|Calm Mind|p2a: Reuniclus\n|-boost|p2a: Reuniclus|spa|1\n|-boost|p2a: Reuniclus|spd|1\n|move|p2b: Farigiraf|Trick Room|p2b: Farigiraf\n|-fieldstart|move: Trick Room|[of] p2b: Farigiraf\n|\n|upkeep\n|turn|2\n|c|\u2606seanthsheep|i have been tricked before\n|inactive|Aureius has 120 seconds left.\n|\n|t:|1700818932\n|switch|p1a: Wooloo|Wooloo, F, shiny|100\/100\n|move|p1b: Zigzagoon|Extreme Speed||[still]\n|cant|p2b: Farigiraf|ability: Armor Tail|Extreme Speed|[of] p1b: Zigzagoon\n|move|p2a: Reuniclus|Psychic|p1b: Zigzagoon\n|-damage|p1b: Zigzagoon|0 fnt\n|faint|p1b: Zigzagoon\n|move|p2b: Farigiraf|Psyshock|p1a: Wooloo\n|-damage|p1a: Wooloo|47\/100\n|\n|upkeep\n|c|\u2606Aureius|):\n|\n|t:|1700818947\n|switch|p1b: Clefairy|Clefairy, F|100\/100\n|turn|3\n|inactive|Aureius has 120 seconds left.\n|c|\u2606seanthsheep|sorry ziggy\n|\n|t:|1700818970\n|move|p1b: Clefairy|Knock Off|p2b: Farigiraf\n|-supereffective|p2b: Farigiraf\n|-damage|p2b: Farigiraf|77\/100\n|-damage|p1b: Clefairy|84\/100|[from] item: Rocky Helmet|[of] p2b: Farigiraf\n|-enditem|p2b: Farigiraf|Rocky Helmet|[from] move: Knock Off|[of] p1b: Clefairy\n|move|p2a: Reuniclus|Psychic|p1a: Wooloo\n|-damage|p1a: Wooloo|0 fnt\n|faint|p1a: Wooloo\n|move|p2b: Farigiraf|Psyshock|p1b: Clefairy\n|-damage|p1b: Clefairy|37\/100\n|\n|upkeep\n|\n|t:|1700818980\n|switch|p1a: Togetic|Togetic, F|100\/100\n|turn|4\n|inactive|Aureius has 120 seconds left.\n|\n|t:|1700818998\n|move|p1b: Clefairy|Soft-Boiled|p1b: Clefairy\n|-heal|p1b: Clefairy|87\/100\n|move|p2a: Reuniclus|Psychic|p1b: Clefairy\n|-damage|p1b: Clefairy|44\/100\n|move|p1a: Togetic|Play Rough|p2a: Reuniclus\n|-damage|p2a: Reuniclus|39\/100\n|move|p2b: Farigiraf|Psyshock|p1a: Togetic\n|-damage|p1a: Togetic|60\/100\n|\n|-heal|p2a: Reuniclus|45\/100|[from] item: Leftovers\n|upkeep\n|turn|5\n|inactive|Aureius has 120 seconds left.\n|\n|t:|1700819022\n|switch|p2a: Primarina|Primarina, F|100\/100\n|move|p1b: Clefairy|Soft-Boiled|p1b: Clefairy\n|-heal|p1b: Clefairy|94\/100\n|move|p1a: Togetic|Play Rough|p2b: Farigiraf\n|-damage|p2b: Farigiraf|18\/100\n|move|p2b: Farigiraf|Energy Ball|p1b: Clefairy\n|-crit|p1b: Clefairy\n|-damage|p1b: Clefairy|62\/100\n|\n|-fieldend|move: Trick Room\n|upkeep\n|turn|6\n|\n|t:|1700819040\n|move|p2a: Primarina|Icy Wind|p1a: Togetic|[spread] p1a,p1b\n|-supereffective|p1a: Togetic\n|-damage|p1a: Togetic|36\/100\n|-damage|p1b: Clefairy|52\/100\n|-unboost|p1a: Togetic|spe|1\n|-unboost|p1b: Clefairy|spe|1\n|move|p2b: Farigiraf|Psyshock|p1b: Clefairy\n|-damage|p1b: Clefairy|6\/100\n|move|p1a: Togetic|Play Rough|p2b: Farigiraf\n|-damage|p2b: Farigiraf|0 fnt\n|faint|p2b: Farigiraf\n|move|p1b: Clefairy|Icy Wind|p2a: Primarina\n|-resisted|p2a: Primarina\n|-damage|p2a: Primarina|97\/100\n|-unboost|p2a: Primarina|spe|1\n|\n|upkeep\n|\n|t:|1700819056\n|switch|p2b: Gastrodon|Gastrodon-East, F|100\/100\n|turn|7\n|\n|t:|1700819068\n|switch|p1b: Maushold|Maushold-Four|100\/100\n|-terastallize|p1a: Togetic|Fairy\n|move|p2b: Gastrodon|Scald|p1a: Togetic\n|-damage|p1a: Togetic|9\/100\n|move|p2a: Primarina|Sparkling Aria|p1a: Togetic|[spread] p1a,p1b\n|-ability|p2b: Gastrodon|Storm Drain|boost\n|-boost|p2b: Gastrodon|spa|1\n|-damage|p1a: Togetic|0 fnt\n|-damage|p1b: Maushold|43\/100\n|faint|p1a: Togetic\n|\n|upkeep\n|\n|t:|1700819079\n|switch|p1a: Jirachi|Jirachi|100\/100\n|turn|8\n|\n|t:|1700819089\n|move|p1b: Maushold|Bullet Seed|p2b: Gastrodon\n|-supereffective|p2b: Gastrodon\n|-damage|p2b: Gastrodon|76\/100\n|-supereffective|p2b: Gastrodon\n|-damage|p2b: Gastrodon|48\/100\n|-supereffective|p2b: Gastrodon\n|-damage|p2b: Gastrodon|21\/100\n|-supereffective|p2b: Gastrodon\n|-damage|p2b: Gastrodon|0 fnt\n|faint|p2b: Gastrodon\n|-hitcount|p2: Gastrodon|4\n|move|p1a: Jirachi|Drain Punch|p2a: Primarina\n|-resisted|p2a: Primarina\n|-damage|p2a: Primarina|86\/100\n|move|p2a: Primarina|Icy Wind|p1a: Jirachi|[spread] p1a,p1b\n|-resisted|p1a: Jirachi\n|-damage|p1a: Jirachi|95\/100\n|-damage|p1b: Maushold|18\/100\n|-unboost|p1a: Jirachi|spe|1\n|-unboost|p1b: Maushold|spe|1\n|\n|-heal|p1a: Jirachi|100\/100|[from] item: Leftovers\n|upkeep\n|\n|t:|1700819107\n|switch|p2b: Incineroar|Incineroar, F|100\/100\n|-ability|p2b: Incineroar|Intimidate|boost\n|-unboost|p1a: Jirachi|atk|1\n|-unboost|p1b: Maushold|atk|1\n|turn|9\n|-message|seanthsheep forfeited.\n|\n|win|Aureius\n|raw|Aureius's rating: 1054 &rarr; <strong>1093<\/strong><br \/>(+39 for winning)\n|raw|seanthsheep's rating: 1131 &rarr; <strong>1101<\/strong><br \/>(-30 for losing)\n|l|\u2606seanthsheep\n","uploadtime":1700819119,"views":4,"p1id":"aureius","p2id":"seanthsheep","formatid":"gen9nationaldexdoubles","rating":1093,"private":0,"password":""}