{"id":"gen9nationaldexdoubles-1970668924","p1":"pixelmaster1412","p2":"lxvliiz","format":"[Gen 9] National Dex Doubles","log":"|j|\u2606pixelmaster1412\n|j|\u2606lxvliiz\n|t:|1697656793\n|gametype|doubles\n|player|p1|pixelmaster1412|2|1077\n|player|p2|lxvliiz|gambler|1057\n|teamsize|p1|4\n|teamsize|p2|6\n|gen|9\n|tier|[Gen 9] National Dex Doubles\n|rated|\n|rule|HP Percentage Mod: HP is shown in percentages\n|rule|Endless Battle Clause: Forcing endless battles is banned\n|rule|OHKO Clause: OHKO moves are banned\n|rule|Evasion Moves Clause: Evasion moves are banned\n|rule|Evasion Abilities Clause: Evasion abilities are banned\n|rule|Species Clause: Limit one of each Pok\u00e9mon\n|rule|Gravity Sleep Clause: The combination of sleep-inducing moves with imperfect accuracy and Gravity or Gigantamax Orbeetle are banned\n|clearpoke\n|poke|p1|Mismagius, F|\n|poke|p1|Metagross|\n|poke|p1|Drifblim, F|\n|poke|p1|Gardevoir, F|\n|poke|p2|Blaziken, F|\n|poke|p2|Ogerpon-Cornerstone, F|\n|poke|p2|Aegislash, M|\n|poke|p2|Klefki, F|\n|poke|p2|Eevee, F|\n|poke|p2|Volcarona, F|\n|teampreview\n|inactive|Battle timer is ON: inactive players will automatically lose when time's up. (requested by pixelmaster1412)\n|\n|t:|1697656801\n|start\n|switch|p1a: Metagross|Metagross|100\/100\n|switch|p1b: Mismagius|Mismagius, F|100\/100\n|switch|p2a: Volcarona|Volcarona, F|100\/100\n|switch|p2b: Eevee|Eevee, F|100\/100\n|turn|1\n|\n|t:|1697656813\n|-terastallize|p2a: Volcarona|Bug\n|move|p2a: Volcarona|Rage Powder|p2a: Volcarona\n|-singleturn|p2a: Volcarona|move: Rage Powder\n|move|p1b: Mismagius|Shadow Sneak|p2a: Volcarona\n|-damage|p2a: Volcarona|88\/100\n|-zpower|p2b: Eevee\n|move|p2b: Eevee|Extreme Evoboost|p2b: Eevee\n|-boost|p2b: Eevee|atk|2\n|-boost|p2b: Eevee|def|2\n|-boost|p2b: Eevee|spa|2\n|-boost|p2b: Eevee|spd|2\n|-boost|p2b: Eevee|spe|2\n|move|p1a: Metagross|Earthquake|p2a: Volcarona|[spread] p2a,p2b\n|-immune|p1b: Mismagius|[from] ability: Levitate\n|-resisted|p2a: Volcarona\n|-damage|p2a: Volcarona|69\/100\n|-damage|p2b: Eevee|64\/100\n|\n|upkeep\n|turn|2\n|\n|t:|1697656833\n|move|p2a: Volcarona|Rage Powder|p2a: Volcarona\n|-singleturn|p2a: Volcarona|move: Rage Powder\n|move|p2b: Eevee|Baton Pass|p2b: Eevee\n|\n|t:|1697656839\n|switch|p2b: Blaziken|Blaziken, F|100\/100|[from] Baton Pass\n|move|p1b: Mismagius|Psych Up|p2a: Volcarona\n|-copyboost|p1b: Mismagius|p2a: Volcarona|[from] move: Psych Up\n|move|p1a: Metagross|Meteor Mash|p2a: Volcarona\n|-damage|p2a: Volcarona|6\/100\n|-boost|p1a: Metagross|atk|1\n|-enditem|p2a: Volcarona|Wiki Berry|[eat]\n|-heal|p2a: Volcarona|39\/100|[from] item: Wiki Berry\n|\n|upkeep\n|turn|3\n|\n|t:|1697656860\n|detailschange|p2b: Blaziken|Blaziken-Mega, F\n|-mega|p2b: Blaziken|Blaziken|Blazikenite\n|move|p2b: Blaziken|Protect|p2b: Blaziken\n|-singleturn|p2b: Blaziken|Protect\n|move|p1b: Mismagius|Psych Up|p2b: Blaziken\n|-copyboost|p1b: Mismagius|p2b: Blaziken|[from] move: Psych Up\n|move|p2a: Volcarona|Roost|p2a: Volcarona\n|-heal|p2a: Volcarona|89\/100\n|move|p1a: Metagross|Meteor Mash|p2a: Volcarona|[miss]\n|-miss|p1a: Metagross|p2a: Volcarona\n|\n|-ability|p2b: Blaziken|Speed Boost|boost\n|-boost|p2b: Blaziken|spe|1\n|upkeep\n|turn|4\n|\n|t:|1697656894\n|move|p2b: Blaziken|Bounce||[still]\n|-prepare|p2b: Blaziken|Bounce\n|move|p1b: Mismagius|Shadow Ball|p2b: Blaziken|[miss]\n|-miss|p1b: Mismagius|p2b: Blaziken\n|move|p2a: Volcarona|Fiery Dance|p1a: Metagross\n|-supereffective|p1a: Metagross\n|-damage|p1a: Metagross|23\/100\n|-boost|p2a: Volcarona|spa|1\n|-enditem|p1a: Metagross|Weakness Policy\n|-boost|p1a: Metagross|atk|2|[from] item: Weakness Policy\n|-boost|p1a: Metagross|spa|2|[from] item: Weakness Policy\n|move|p1a: Metagross|Zen Headbutt|p2b: Blaziken|[miss]\n|-miss|p1a: Metagross|p2b: Blaziken\n|\n|-ability|p2b: Blaziken|Speed Boost|boost\n|-boost|p2b: Blaziken|spe|1\n|upkeep\n|turn|5\n|\n|t:|1697656923\n|move|p2b: Blaziken|Bounce|p1b: Mismagius|[from]lockedmove\n|-damage|p1b: Mismagius|24\/100\n|-status|p1b: Mismagius|par\n|move|p1b: Mismagius|Dazzling Gleam|p2a: Volcarona|[spread] p2a,p2b\n|-damage|p2a: Volcarona|63\/100\n|-damage|p2b: Blaziken|77\/100\n|move|p2a: Volcarona|Fiery Dance|p1a: Metagross\n|-supereffective|p1a: Metagross\n|-damage|p1a: Metagross|0 fnt\n|faint|p1a: Metagross\n|\n|-ability|p2b: Blaziken|Speed Boost|boost\n|-boost|p2b: Blaziken|spe|1\n|upkeep\n|inactive|pixelmaster1412 has 120 seconds left.\n|c|\u2606pixelmaster1412|.. ok. imma be real. i thought volcorona's health was tera dark on blaziken\n|\n|t:|1697656955\n|switch|p1a: Drifblim|Drifblim, F|100\/100\n|turn|6\n|inactive|pixelmaster1412 has 120 seconds left.\n|\n|t:|1697656966\n|move|p1b: Mismagius|Shadow Sneak|p2b: Blaziken\n|-damage|p2b: Blaziken|64\/100\n|move|p2b: Blaziken|Flame Charge|p1b: Mismagius\n|-damage|p1b: Mismagius|0 fnt\n|-boost|p2b: Blaziken|spe|1\n|faint|p1b: Mismagius\n|move|p1a: Drifblim|Psych Up|p1: Mismagius|[notarget]\n|-fail|p1a: Drifblim\n|move|p2a: Volcarona|Fiery Dance|p1a: Drifblim\n|-damage|p1a: Drifblim|33\/100\n|\n|upkeep\n|inactive|pixelmaster1412 has 120 seconds left.\n|\n|t:|1697656972\n|switch|p1b: Gardevoir|Gardevoir, F|100\/100\n|turn|7\n|\n|t:|1697656997\n|move|p2b: Blaziken|Bounce||[still]\n|-prepare|p2b: Blaziken|Bounce\n|move|p1a: Drifblim|Explosion|p2a: Volcarona|[spread] p2a\n|-miss|p1a: Drifblim|p2b: Blaziken\n|-activate|p1b: Gardevoir|ability: Telepathy\n|-enditem|p1a: Drifblim|Normal Gem|[from] gem\n|-damage|p2a: Volcarona|0 fnt\n|faint|p1a: Drifblim\n|faint|p2a: Volcarona\n|move|p1b: Gardevoir|Psychic|p2b: Blaziken|[miss]\n|-miss|p1b: Gardevoir|p2b: Blaziken\n|\n|upkeep\n|\n|t:|1697657004\n|switch|p2a: Ogerpon|Ogerpon-Cornerstone, F|100\/100\n|turn|8\n|\n|t:|1697657012\n|-terastallize|p1b: Gardevoir|Psychic\n|move|p2b: Blaziken|Bounce|p1b: Gardevoir|[from]lockedmove\n|-damage|p1b: Gardevoir|0 fnt\n|faint|p1b: Gardevoir\n|\n|win|lxvliiz\n|raw|pixelmaster1412's rating: 1077 &rarr; <strong>1054<\/strong><br \/>(-23 for losing)\n|raw|lxvliiz's rating: 1057 &rarr; <strong>1090<\/strong><br \/>(+33 for winning)\n|l|\u2606pixelmaster1412\n|c|\u2606lxvliiz|gg do you think i should use blaziken or uhh\n|c|\u2606lxvliiz|oh nvm\n","uploadtime":1697657061,"views":6,"p1id":"pixelmaster1412","p2id":"lxvliiz","formatid":"gen9nationaldexdoubles","rating":1054,"private":0,"password":""}