{"id":"gen9nationaldexdoubles-1965942373","p1":"AdvancedDigit","p2":"markus150","format":"[Gen 9] National Dex Doubles","log":"|j|\u2606AdvancedDigit\n|j|\u2606markus150\n|t:|1697131774\n|gametype|doubles\n|player|p1|AdvancedDigit|169|1135\n|player|p2|markus150|266|1048\n|teamsize|p1|6\n|teamsize|p2|6\n|gen|9\n|tier|[Gen 9] National Dex Doubles\n|rated|\n|rule|HP Percentage Mod: HP is shown in percentages\n|rule|Endless Battle Clause: Forcing endless battles is banned\n|rule|OHKO Clause: OHKO moves are banned\n|rule|Evasion Moves Clause: Evasion moves are banned\n|rule|Evasion Abilities Clause: Evasion abilities are banned\n|rule|Species Clause: Limit one of each Pok\u00e9mon\n|rule|Gravity Sleep Clause: The combination of sleep-inducing moves with imperfect accuracy and Gravity or Gigantamax Orbeetle are banned\n|clearpoke\n|poke|p1|Scizor, F|\n|poke|p1|Mr. Mime, M|\n|poke|p1|Clefairy, M|\n|poke|p1|Amoonguss, F|\n|poke|p1|Chi-Yu|\n|poke|p1|Murkrow, M|\n|poke|p2|Blaziken, F|\n|poke|p2|Reuniclus, M|\n|poke|p2|Delphox, M|\n|poke|p2|Houndoom, F|\n|poke|p2|Crobat, M|\n|poke|p2|Umbreon, F|\n|teampreview\n|\n|t:|1697131801\n|start\n|switch|p1a: Scizor|Scizor, F|100\/100\n|switch|p1b: Mr. Mime|Mr. Mime, M|100\/100\n|switch|p2a: Crobat|Crobat, M|100\/100\n|switch|p2b: Blaziken|Blaziken, F|100\/100\n|turn|1\n|\n|t:|1697131821\n|move|p1b: Mr. Mime|Fake Out|p2b: Blaziken\n|-damage|p2b: Blaziken|93\/100\n|move|p2a: Crobat|Taunt|p1a: Scizor\n|-start|p1a: Scizor|move: Taunt\n|cant|p2b: Blaziken|flinch\n|cant|p1a: Scizor|move: Taunt|Swords Dance\n|\n|-ability|p2b: Blaziken|Speed Boost|boost\n|-boost|p2b: Blaziken|spe|1\n|upkeep\n|turn|2\n|\n|t:|1697131887\n|move|p1b: Mr. Mime|Follow Me|p1b: Mr. Mime\n|-singleturn|p1b: Mr. Mime|move: Follow Me\n|move|p1a: Scizor|Bullet Punch|p2b: Blaziken\n|-resisted|p2b: Blaziken\n|-damage|p2b: Blaziken|61\/100\n|move|p2a: Crobat|Tailwind|p2a: Crobat\n|-sidestart|p2: markus150|move: Tailwind\n|move|p2b: Blaziken|Flare Blitz|p1b: Mr. Mime\n|-damage|p1b: Mr. Mime|0 fnt\n|faint|p1b: Mr. Mime\n|-damage|p2b: Blaziken|29\/100|[from] Recoil\n|-damage|p2b: Blaziken|19\/100|[from] item: Life Orb\n|\n|-ability|p2b: Blaziken|Speed Boost|boost\n|-boost|p2b: Blaziken|spe|1\n|upkeep\n|\n|t:|1697131901\n|switch|p1b: Murkrow|Murkrow, M|100\/100\n|turn|3\n|\n|t:|1697131917\n|move|p1b: Murkrow|Taunt|p2a: Crobat\n|-start|p2a: Crobat|move: Taunt\n|move|p1a: Scizor|Bullet Punch|p2b: Blaziken\n|-resisted|p2b: Blaziken\n|-damage|p2b: Blaziken|0 fnt\n|faint|p2b: Blaziken\n|cant|p2a: Crobat|move: Taunt|Taunt\n|\n|-end|p1a: Scizor|move: Taunt\n|upkeep\n|\n|t:|1697131929\n|switch|p2b: Reuniclus|Reuniclus, M|100\/100\n|turn|4\n|\n|t:|1697131941\n|move|p1b: Murkrow|Thunder Wave|p2b: Reuniclus|[miss]\n|-miss|p1b: Murkrow|p2b: Reuniclus\n|move|p2a: Crobat|Cross Poison|p1b: Murkrow\n|-damage|p1b: Murkrow|70\/100\n|move|p2b: Reuniclus|Reflect|p2b: Reuniclus\n|-sidestart|p2: markus150|Reflect\n|move|p1a: Scizor|Swords Dance|p1a: Scizor\n|-boost|p1a: Scizor|atk|2\n|\n|upkeep\n|turn|5\n|\n|t:|1697131965\n|switch|p2b: Houndoom|Houndoom, F|100\/100\n|-terastallize|p1a: Scizor|Steel\n|move|p1b: Murkrow|Thunder Wave|p2a: Crobat\n|-status|p2a: Crobat|par\n|move|p1a: Scizor|Bullet Punch|p2b: Houndoom\n|-resisted|p2b: Houndoom\n|-damage|p2b: Houndoom|32\/100\n|move|p2a: Crobat|Cross Poison|p1b: Murkrow\n|-damage|p1b: Murkrow|41\/100\n|\n|-end|p2a: Crobat|move: Taunt\n|-sideend|p2: markus150|move: Tailwind\n|upkeep\n|turn|6\n|\n|t:|1697131994\n|move|p2b: Houndoom|Protect|p2b: Houndoom\n|-singleturn|p2b: Houndoom|Protect\n|move|p1b: Murkrow|Taunt|p2a: Crobat\n|-start|p2a: Crobat|move: Taunt\n|move|p1a: Scizor|Bullet Punch|p2b: Houndoom\n|-activate|p2b: Houndoom|move: Protect\n|move|p2a: Crobat|Cross Poison|p1b: Murkrow\n|-crit|p1b: Murkrow\n|-damage|p1b: Murkrow|0 fnt\n|faint|p1b: Murkrow\n|\n|upkeep\n|\n|t:|1697132006\n|switch|p1b: Amoonguss|Amoonguss, F|100\/100\n|turn|7\n|\n|t:|1697132022\n|move|p1a: Scizor|Bullet Punch|p2b: Houndoom\n|-resisted|p2b: Houndoom\n|-damage|p2b: Houndoom|0 fnt\n|faint|p2b: Houndoom\n|move|p2a: Crobat|Leech Life|p1b: Amoonguss\n|-damage|p1b: Amoonguss|82\/100\n|move|p1b: Amoonguss|Giga Drain|p2a: Crobat\n|-resisted|p2a: Crobat\n|-damage|p2a: Crobat|91\/100 par\n|-heal|p1b: Amoonguss|86\/100|[from] drain|[of] p2a: Crobat\n|\n|-heal|p2a: Crobat|98\/100 par|[from] item: Black Sludge\n|-heal|p1b: Amoonguss|92\/100|[from] item: Leftovers\n|upkeep\n|\n|t:|1697132042\n|switch|p2b: Delphox|Delphox, M|100\/100\n|turn|8\n|\n|t:|1697132055\n|move|p1b: Amoonguss|Rage Powder|p1b: Amoonguss\n|-singleturn|p1b: Amoonguss|move: Rage Powder\n|move|p1a: Scizor|Bullet Punch|p2b: Delphox\n|-resisted|p2b: Delphox\n|-damage|p2b: Delphox|57\/100\n|move|p2b: Delphox|Flamethrower|p1b: Amoonguss\n|-supereffective|p1b: Amoonguss\n|-damage|p1b: Amoonguss|13\/100\n|move|p2a: Crobat|Leech Life|p1b: Amoonguss\n|-damage|p1b: Amoonguss|0 fnt\n|-heal|p2a: Crobat|100\/100 par|[from] drain|[of] p1b: Amoonguss\n|faint|p1b: Amoonguss\n|\n|-heal|p2b: Delphox|63\/100|[from] item: Leftovers\n|-end|p2a: Crobat|move: Taunt\n|upkeep\n|\n|t:|1697132069\n|switch|p1b: Clefairy|Clefairy, M|100\/100\n|turn|9\n|\n|t:|1697132077\n|move|p1b: Clefairy|Helping Hand|p1a: Scizor\n|-singleturn|p1a: Scizor|Helping Hand|[of] p1b: Clefairy\n|move|p1a: Scizor|Bullet Punch|p2b: Delphox\n|-resisted|p2b: Delphox\n|-crit|p2b: Delphox\n|-damage|p2b: Delphox|0 fnt\n|faint|p2b: Delphox\n|move|p2a: Crobat|Taunt|p1b: Clefairy\n|-start|p1b: Clefairy|move: Taunt\n|\n|upkeep\n|\n|t:|1697132087\n|switch|p2b: Reuniclus|Reuniclus, M|100\/100\n|turn|10\n|\n|t:|1697132117\n|move|p1a: Scizor|Bullet Punch|p2b: Reuniclus\n|-damage|p2b: Reuniclus|36\/100\n|move|p2a: Crobat|Cross Poison|p1b: Clefairy\n|-supereffective|p1b: Clefairy\n|-damage|p1b: Clefairy|48\/100\n|move|p1b: Clefairy|Knock Off|p2b: Reuniclus\n|-supereffective|p2b: Reuniclus\n|-damage|p2b: Reuniclus|24\/100\n|-enditem|p2b: Reuniclus|Light Clay|[from] move: Knock Off|[of] p1b: Clefairy\n|move|p2b: Reuniclus|Psychic|p1a: Scizor\n|-resisted|p1a: Scizor\n|-damage|p1a: Scizor|84\/100\n|\n|upkeep\n|turn|11\n|\n|t:|1697132137\n|move|p1a: Scizor|Bullet Punch|p2b: Reuniclus\n|-damage|p2b: Reuniclus|0 fnt\n|faint|p2b: Reuniclus\n|cant|p2a: Crobat|par\n|move|p1b: Clefairy|Knock Off|p2a: Crobat\n|-damage|p2a: Crobat|92\/100 par\n|-enditem|p2a: Crobat|Black Sludge|[from] move: Knock Off|[of] p1b: Clefairy\n|\n|-sideend|p2: markus150|Reflect\n|upkeep\n|inactive|Battle timer is ON: inactive players will automatically lose when time's up. (requested by AdvancedDigit)\n|\n|t:|1697132146\n|switch|p2b: Umbreon|Umbreon, F|100\/100\n|turn|12\n|c|\u2606AdvancedDigit|gg\n|\n|t:|1697132171\n|move|p2b: Umbreon|Protect|p2b: Umbreon\n|-singleturn|p2b: Umbreon|Protect\n|move|p1a: Scizor|Bullet Punch|p2b: Umbreon\n|-activate|p2b: Umbreon|move: Protect\n|move|p2a: Crobat|Cross Poison|p1b: Clefairy\n|-supereffective|p1b: Clefairy\n|-damage|p1b: Clefairy|0 fnt\n|faint|p1b: Clefairy\n|\n|upkeep\n|\n|t:|1697132178\n|switch|p1b: Chi-Yu|Chi-Yu|100\/100\n|-ability|p1b: Chi-Yu|Beads of Ruin\n|turn|13\n|\n|t:|1697132191\n|move|p1a: Scizor|Bullet Punch|p2b: Umbreon\n|-damage|p2b: Umbreon|18\/100\n|move|p1b: Chi-Yu|Heat Wave|p2b: Umbreon|[spread] p2a,p2b\n|-damage|p2a: Crobat|12\/100 par\n|-damage|p2b: Umbreon|0 fnt\n|faint|p2b: Umbreon\n|move|p2a: Crobat|Cross Poison|p1b: Chi-Yu\n|-damage|p1b: Chi-Yu|63\/100\n|\n|upkeep\n|turn|14\n|-message|markus150 forfeited.\n|\n|win|AdvancedDigit\n|raw|AdvancedDigit's rating: 1135 &rarr; <strong>1154<\/strong><br \/>(+19 for winning)\n|raw|markus150's rating: 1048 &rarr; <strong>1035<\/strong><br \/>(-13 for losing)\n|l|\u2606markus150\n","uploadtime":1697132214,"views":5,"p1id":"advanceddigit","p2id":"markus150","formatid":"gen9nationaldexdoubles","rating":1035,"private":0,"password":""}