{"id":"gen9nationaldexdoubles-1994408372","p1":"GourgeistSupreme","p2":"El Ryuk456","format":"[Gen 9] National Dex Doubles","log":"|j|\u2606GourgeistSupreme\n|j|\u2606El Ryuk456\n|t:|1700440563\n|gametype|doubles\n|player|p1|GourgeistSupreme|fantina|1126\n|player|p2|El Ryuk456|ingo|1397\n|teamsize|p1|6\n|teamsize|p2|6\n|gen|9\n|tier|[Gen 9] National Dex Doubles\n|rated|\n|rule|HP Percentage Mod: HP is shown in percentages\n|rule|Endless Battle Clause: Forcing endless battles is banned\n|rule|OHKO Clause: OHKO moves are banned\n|rule|Evasion Moves Clause: Evasion moves are banned\n|rule|Evasion Abilities Clause: Evasion abilities are banned\n|rule|Species Clause: Limit one of each Pok\u00e9mon\n|rule|Gravity Sleep Clause: The combination of sleep-inducing moves with imperfect accuracy and Gravity or Gigantamax Orbeetle are banned\n|clearpoke\n|poke|p1|Sinistcha|\n|poke|p1|Garganacl, F|\n|poke|p1|Camerupt, M|\n|poke|p1|Hatterene, F|\n|poke|p1|Tornadus, M|\n|poke|p1|Empoleon, M|\n|poke|p2|Lucario, M|\n|poke|p2|Ogerpon, F|\n|poke|p2|Tapu Lele|\n|poke|p2|Crobat, F|\n|poke|p2|Tinkaton, F|\n|poke|p2|Luxray, M|\n|teampreview\n|inactive|Battle timer is ON: inactive players will automatically lose when time's up. (requested by GourgeistSupreme)\n|\n|t:|1700440579\n|start\n|switch|p1a: Tea Time|Sinistcha|100\/100\n|switch|p1b: Jefferson|Empoleon, M|100\/100\n|switch|p2a: Tinkaton|Tinkaton, F|100\/100\n|switch|p2b: Luxray|Luxray, M|100\/100\n|-ability|p2a: Tinkaton|Mold Breaker\n|-ability|p2b: Luxray|Intimidate|boost\n|-unboost|p1a: Tea Time|atk|1\n|-unboost|p1b: Jefferson|atk|1\n|-ability|p1b: Jefferson|Competitive|boost\n|-boost|p1b: Jefferson|spa|2\n|turn|1\n|\n|t:|1700440593\n|switch|p1b: Volcano|Camerupt, M, shiny|100\/100\n|move|p2a: Tinkaton|Fake Out|p1b: Volcano\n|-damage|p1b: Volcano|91\/100\n|move|p2b: Luxray|Volt Switch|p1b: Volcano\n|-immune|p1b: Volcano\n|move|p1a: Tea Time|Trick Room|p1a: Tea Time\n|-fieldstart|move: Trick Room|[of] p1a: Tea Time\n|-enditem|p1a: Tea Time|Room Service\n|-unboost|p1a: Tea Time|spe|1|[from] item: Room Service\n|\n|upkeep\n|turn|2\n|\n|t:|1700440610\n|switch|p2a: Crobat|Crobat, F, shiny|100\/100\n|detailschange|p1b: Volcano|Camerupt-Mega, M, shiny\n|-mega|p1b: Volcano|Camerupt|Cameruptite\n|move|p1b: Volcano|Stealth Rock|p2b: Luxray\n|-sidestart|p2: El Ryuk456|move: Stealth Rock\n|move|p1a: Tea Time|Scald|p2a: Crobat\n|-damage|p2a: Crobat|70\/100\n|move|p2b: Luxray|Snarl|p1a: Tea Time|[spread] p1a,p1b\n|-supereffective|p1a: Tea Time\n|-damage|p1a: Tea Time|81\/100\n|-damage|p1b: Volcano|83\/100\n|-unboost|p1a: Tea Time|spa|1\n|-unboost|p1b: Volcano|spa|1\n|\n|upkeep\n|turn|3\n|inactive|GourgeistSupreme has 120 seconds left.\n|inactive|El Ryuk456 has 120 seconds left.\n|\n|t:|1700440648\n|move|p1b: Volcano|Earth Power|p2b: Luxray\n|-supereffective|p2b: Luxray\n|-damage|p2b: Luxray|21\/100\n|-enditem|p2b: Luxray|Mago Berry|[eat]\n|-heal|p2b: Luxray|54\/100|[from] item: Mago Berry\n|move|p1a: Tea Time|Scald|p2a: Crobat\n|-damage|p2a: Crobat|47\/100\n|move|p2b: Luxray|Snarl|p1a: Tea Time|[spread] p1a,p1b\n|-supereffective|p1a: Tea Time\n|-damage|p1a: Tea Time|60\/100\n|-damage|p1b: Volcano|75\/100\n|-unboost|p1a: Tea Time|spa|1\n|-unboost|p1b: Volcano|spa|1\n|move|p2a: Crobat|Brave Bird|p1a: Tea Time\n|-supereffective|p1a: Tea Time\n|-damage|p1a: Tea Time|0 fnt\n|faint|p1a: Tea Time\n|-damage|p2a: Crobat|32\/100|[from] Recoil\n|\n|upkeep\n|inactive|GourgeistSupreme has 120 seconds left.\n|\n|t:|1700440661\n|switch|p1a: Salty Beach|Garganacl, F|100\/100\n|turn|4\n|\n|t:|1700440670\n|move|p1b: Volcano|Earth Power|p2b: Luxray\n|-supereffective|p2b: Luxray\n|-damage|p2b: Luxray|0 fnt\n|faint|p2b: Luxray\n|move|p1a: Salty Beach|Salt Cure|p2a: Crobat\n|-supereffective|p2a: Crobat\n|-damage|p2a: Crobat|0 fnt\n|faint|p2a: Crobat\n|\n|upkeep\n|\n|t:|1700440686\n|switch|p2b: Lucario|Lucario, M|100\/100\n|switch|p2a: Tapu Lele|Tapu Lele, shiny|100\/100\n|-damage|p2a: Tapu Lele|88\/100|[from] Stealth Rock\n|-fieldstart|move: Psychic Terrain|[from] ability: Psychic Surge|[of] p2a: Tapu Lele\n|-damage|p2b: Lucario|97\/100|[from] Stealth Rock\n|turn|5\n|\n|t:|1700440706\n|switch|p1b: Hat Witch|Hatterene, F|100\/100\n|detailschange|p2b: Lucario|Lucario-Mega, M\n|-mega|p2b: Lucario|Lucario|Lucarionite\n|move|p2a: Tapu Lele|Protect|p2a: Tapu Lele\n|-singleturn|p2a: Tapu Lele|Protect\n|move|p2b: Lucario|Protect|p2b: Lucario\n|-singleturn|p2b: Lucario|Protect\n|move|p1a: Salty Beach|Body Press|p2b: Lucario\n|-activate|p2b: Lucario|move: Protect\n|\n|-fieldend|move: Trick Room\n|upkeep\n|turn|6\n|\n|t:|1700440730\n|move|p2b: Lucario|Flash Cannon|p1b: Hat Witch\n|-supereffective|p1b: Hat Witch\n|-damage|p1b: Hat Witch|0 fnt\n|faint|p1b: Hat Witch\n|move|p2a: Tapu Lele|Moonblast|p1a: Salty Beach\n|-damage|p1a: Salty Beach|63\/100\n|move|p1a: Salty Beach|Body Press|p2b: Lucario\n|-supereffective|p2b: Lucario\n|-damage|p2b: Lucario|45\/100\n|\n|upkeep\n|\n|t:|1700440739\n|switch|p1b: Jefferson|Empoleon, M|100\/100\n|turn|7\n|\n|t:|1700440751\n|move|p2b: Lucario|Aura Sphere|p1b: Jefferson\n|-supereffective|p1b: Jefferson\n|-crit|p1b: Jefferson\n|-damage|p1b: Jefferson|0 fnt\n|faint|p1b: Jefferson\n|-zpower|p2a: Tapu Lele\n|move|p2a: Tapu Lele|Shattered Psyche|p1a: Salty Beach|[zeffect]\n|-damage|p1a: Salty Beach|0 fnt\n|faint|p1a: Salty Beach\n|\n|upkeep\n|-message|GourgeistSupreme forfeited.\n|\n|win|El Ryuk456\n|raw|GourgeistSupreme's rating: 1126 &rarr; <strong>1117<\/strong><br \/>(-9 for losing)\n|raw|El Ryuk456's rating: 1397 &rarr; <strong>1404<\/strong><br \/>(+7 for winning)\n|l|\u2606GourgeistSupreme\n","uploadtime":1700440867,"views":3,"p1id":"gourgeistsupreme","p2id":"elryuk456","formatid":"gen9nationaldexdoubles","rating":1117,"private":0,"password":""}