{"id":"gen9nationaldexdoubles-1951095454","p1":"QAQ333","p2":"user58342485","format":"[Gen 9] National Dex Doubles","log":"|j|\u2606QAQ333\n|j|\u2606user58342485\n|t:|1695542491\n|gametype|doubles\n|player|p1|QAQ333|102|1259\n|player|p2|user58342485|nate|1524\n|teamsize|p1|6\n|teamsize|p2|6\n|gen|9\n|tier|[Gen 9] National Dex Doubles\n|rated|\n|rule|HP Percentage Mod: HP is shown in percentages\n|rule|Endless Battle Clause: Forcing endless battles is banned\n|rule|OHKO Clause: OHKO moves are banned\n|rule|Evasion Moves Clause: Evasion moves are banned\n|rule|Evasion Abilities Clause: Evasion abilities are banned\n|rule|Species Clause: Limit one of each Pok\u00e9mon\n|rule|Gravity Sleep Clause: The combination of sleep-inducing moves with imperfect accuracy and Gravity or Gigantamax Orbeetle are banned\n|clearpoke\n|poke|p1|Ogerpon-Cornerstone, F|\n|poke|p1|Tyranitar, M|\n|poke|p1|Landorus-Therian, M|\n|poke|p1|Excadrill, F|\n|poke|p1|Empoleon, M|\n|poke|p1|Sinistcha|\n|poke|p2|Metagross|\n|poke|p2|Rillaboom, F|\n|poke|p2|Volcanion|\n|poke|p2|Kingambit, M|\n|poke|p2|Flutter Mane|\n|poke|p2|Tornadus, M|\n|teampreview\n|inactive|Battle timer is ON: inactive players will automatically lose when time's up. (requested by user58342485)\n|inactive|user58342485 has 120 seconds left.\n|inactive|user58342485 has 90 seconds left.\n|\n|t:|1695542565\n|start\n|switch|p1a: \u53e4\u4ee3\u79cd\u94c1\u8346\u68d8|Tyranitar, M|100\/100\n|switch|p1b: \u5ca9\u77f3\u9762\u5177\u7684\u840c\u840c\u54d2\u8001\u5a46|Ogerpon-Cornerstone, F|100\/100\n|switch|p2a: Tornadus|Tornadus, M|100\/100\n|switch|p2b: Flutter Mane|Flutter Mane|100\/100\n|-weather|Sandstorm|[from] ability: Sand Stream|[of] p1a: \u53e4\u4ee3\u79cd\u94c1\u8346\u68d8\n|turn|1\n|\n|t:|1695542591\n|-end|p2b: Flutter Mane|Protosynthesis|[silent]\n|switch|p2b: Kingambit|Kingambit, M|100\/100\n|detailschange|p1a: \u53e4\u4ee3\u79cd\u94c1\u8346\u68d8|Tyranitar-Mega, M\n|-mega|p1a: \u53e4\u4ee3\u79cd\u94c1\u8346\u68d8|Tyranitar|Tyranitarite\n|move|p2a: Tornadus|Protect|p2a: Tornadus\n|-singleturn|p2a: Tornadus|Protect\n|move|p1a: \u53e4\u4ee3\u79cd\u94c1\u8346\u68d8|Detect|p1a: \u53e4\u4ee3\u79cd\u94c1\u8346\u68d8\n|-singleturn|p1a: \u53e4\u4ee3\u79cd\u94c1\u8346\u68d8|Protect\n|move|p1b: \u5ca9\u77f3\u9762\u5177\u7684\u840c\u840c\u54d2\u8001\u5a46|Ivy Cudgel|p2a: Tornadus\n|-activate|p2a: Tornadus|move: Protect\n|\n|-weather|Sandstorm|[upkeep]\n|-damage|p2a: Tornadus|94\/100|[from] Sandstorm\n|upkeep\n|turn|2\n|\n|t:|1695542611\n|switch|p2a: Metagross|Metagross|100\/100\n|switch|p1a: Landorus|Landorus-Therian, M|100\/100\n|-ability|p1a: Landorus|Intimidate|boost\n|-fail|p2a: Metagross|unboost|[from] ability: Clear Body|[of] p2a: Metagross\n|-unboost|p2b: Kingambit|atk|1\n|-ability|p2b: Kingambit|Defiant|boost\n|-boost|p2b: Kingambit|atk|2\n|move|p1b: \u5ca9\u77f3\u9762\u5177\u7684\u840c\u840c\u54d2\u8001\u5a46|Ivy Cudgel|p2a: Metagross\n|-resisted|p2a: Metagross\n|-crit|p2a: Metagross\n|-damage|p2a: Metagross|59\/100\n|move|p2b: Kingambit|Swords Dance|p2b: Kingambit\n|-boost|p2b: Kingambit|atk|2\n|\n|-weather|Sandstorm|[upkeep]\n|upkeep\n|turn|3\n|inactive|QAQ333 has 120 seconds left.\n|inactive|user58342485 has 120 seconds left.\n|\n|t:|1695542651\n|switch|p1b: \u9f20\u9f20\u6211\u554a\u6700\u559c\u6b22\u5730\u9707\u4e86|Excadrill, F|100\/100\n|-terastallize|p2b: Kingambit|Dark\n|move|p2a: Metagross|Protect|p2a: Metagross\n|-singleturn|p2a: Metagross|Protect\n|move|p2b: Kingambit|Sucker Punch|p1a: Landorus\n|-damage|p1a: Landorus|0 fnt\n|faint|p1a: Landorus\n|\n|-weather|Sandstorm|[upkeep]\n|upkeep\n|\n|t:|1695542668\n|switch|p1a: \u5ca9\u77f3\u9762\u5177\u7684\u840c\u840c\u54d2\u8001\u5a46|Ogerpon-Cornerstone, F|100\/100\n|turn|4\n|inactive|QAQ333 has 120 seconds left.\n|\n|t:|1695542683\n|switch|p2a: Rillaboom|Rillaboom, F|100\/100\n|-fieldstart|move: Grassy Terrain|[from] ability: Grassy Surge|[of] p2a: Rillaboom\n|-terastallize|p1a: \u5ca9\u77f3\u9762\u5177\u7684\u840c\u840c\u54d2\u8001\u5a46|Rock\n|detailschange|p1a: \u5ca9\u77f3\u9762\u5177\u7684\u840c\u840c\u54d2\u8001\u5a46|Ogerpon-Cornerstone-Tera, F, tera:Rock\n|-ability|p1a: \u5ca9\u77f3\u9762\u5177\u7684\u840c\u840c\u54d2\u8001\u5a46|Embody Aspect (Cornerstone)|boost\n|-boost|p1a: \u5ca9\u77f3\u9762\u5177\u7684\u840c\u840c\u54d2\u8001\u5a46|def|1\n|move|p2b: Kingambit|Protect|p2b: Kingambit\n|-singleturn|p2b: Kingambit|Protect\n|move|p1b: \u9f20\u9f20\u6211\u554a\u6700\u559c\u6b22\u5730\u9707\u4e86|High Horsepower|p2b: Kingambit\n|-activate|p2b: Kingambit|move: Protect\n|move|p1a: \u5ca9\u77f3\u9762\u5177\u7684\u840c\u840c\u54d2\u8001\u5a46|Ivy Cudgel|p2b: Kingambit\n|-activate|p2b: Kingambit|move: Protect\n|\n|-weather|Sandstorm|[upkeep]\n|-damage|p2a: Rillaboom|94\/100|[from] Sandstorm\n|-heal|p2a: Rillaboom|100\/100|[from] Grassy Terrain\n|upkeep\n|turn|5\n|\n|t:|1695542709\n|move|p2a: Rillaboom|Fake Out|p1b: \u9f20\u9f20\u6211\u554a\u6700\u559c\u6b22\u5730\u9707\u4e86\n|-resisted|p1b: \u9f20\u9f20\u6211\u554a\u6700\u559c\u6b22\u5730\u9707\u4e86\n|-damage|p1b: \u9f20\u9f20\u6211\u554a\u6700\u559c\u6b22\u5730\u9707\u4e86|91\/100\n|move|p2b: Kingambit|Sucker Punch|p1b: \u9f20\u9f20\u6211\u554a\u6700\u559c\u6b22\u5730\u9707\u4e86\n|-damage|p1b: \u9f20\u9f20\u6211\u554a\u6700\u559c\u6b22\u5730\u9707\u4e86|0 fnt\n|faint|p1b: \u9f20\u9f20\u6211\u554a\u6700\u559c\u6b22\u5730\u9707\u4e86\n|move|p1a: \u5ca9\u77f3\u9762\u5177\u7684\u840c\u840c\u54d2\u8001\u5a46|Ivy Cudgel|p2b: Kingambit\n|-damage|p2b: Kingambit|43\/100\n|\n|-weather|none\n|-heal|p2b: Kingambit|49\/100|[from] Grassy Terrain\n|upkeep\n|\n|t:|1695542719\n|switch|p1b: \u53e4\u4ee3\u79cd\u94c1\u8346\u68d8|Tyranitar-Mega, M|100\/100\n|-weather|Sandstorm|[from] ability: Sand Stream|[of] p1b: \u53e4\u4ee3\u79cd\u94c1\u8346\u68d8\n|turn|6\n|\n|t:|1695542732\n|move|p2a: Rillaboom|Grassy Glide|p1a: \u5ca9\u77f3\u9762\u5177\u7684\u840c\u840c\u54d2\u8001\u5a46\n|-supereffective|p1a: \u5ca9\u77f3\u9762\u5177\u7684\u840c\u840c\u54d2\u8001\u5a46\n|-damage|p1a: \u5ca9\u77f3\u9762\u5177\u7684\u840c\u840c\u54d2\u8001\u5a46|33\/100\n|move|p2b: Kingambit|Sucker Punch|p1a: \u5ca9\u77f3\u9762\u5177\u7684\u840c\u840c\u54d2\u8001\u5a46\n|-damage|p1a: \u5ca9\u77f3\u9762\u5177\u7684\u840c\u840c\u54d2\u8001\u5a46|0 fnt\n|faint|p1a: \u5ca9\u77f3\u9762\u5177\u7684\u840c\u840c\u54d2\u8001\u5a46\n|move|p1b: \u53e4\u4ee3\u79cd\u94c1\u8346\u68d8|Avalanche|p2a: Rillaboom\n|-supereffective|p2a: Rillaboom\n|-damage|p2a: Rillaboom|53\/100\n|\n|-weather|Sandstorm|[upkeep]\n|-damage|p2a: Rillaboom|47\/100|[from] Sandstorm\n|-heal|p2a: Rillaboom|53\/100|[from] Grassy Terrain\n|-heal|p2b: Kingambit|55\/100|[from] Grassy Terrain\n|upkeep\n|\n|t:|1695542746\n|switch|p1a: \u53ef\u7231\u58f6\u58f6qaq|Sinistcha|100\/100\n|turn|7\n|\n|t:|1695542768\n|move|p2b: Kingambit|Protect|p2b: Kingambit\n|-singleturn|p2b: Kingambit|Protect\n|move|p2a: Rillaboom|Wood Hammer|p1b: \u53e4\u4ee3\u79cd\u94c1\u8346\u68d8\n|-supereffective|p1b: \u53e4\u4ee3\u79cd\u94c1\u8346\u68d8\n|-damage|p1b: \u53e4\u4ee3\u79cd\u94c1\u8346\u68d8|8\/100\n|-damage|p2a: Rillaboom|22\/100|[from] Recoil\n|move|p1b: \u53e4\u4ee3\u79cd\u94c1\u8346\u68d8|Rock Slide|p2b: Kingambit|[spread] p2a\n|-activate|p2b: Kingambit|move: Protect\n|-damage|p2a: Rillaboom|0 fnt\n|faint|p2a: Rillaboom\n|move|p1a: \u53ef\u7231\u58f6\u58f6qaq|Matcha Gotcha|p2b: Kingambit\n|-activate|p2b: Kingambit|move: Protect\n|\n|-weather|Sandstorm|[upkeep]\n|-damage|p1a: \u53ef\u7231\u58f6\u58f6qaq|94\/100|[from] Sandstorm\n|-heal|p1b: \u53e4\u4ee3\u79cd\u94c1\u8346\u68d8|14\/100|[from] Grassy Terrain\n|-heal|p1a: \u53ef\u7231\u58f6\u58f6qaq|100\/100|[from] Grassy Terrain\n|-heal|p2b: Kingambit|61\/100|[from] Grassy Terrain\n|upkeep\n|inactive|user58342485 has 120 seconds left.\n|\n|t:|1695542792\n|switch|p2a: Tornadus|Tornadus, M|94\/100\n|turn|8\n|\n|t:|1695542800\n|move|p1a: \u53ef\u7231\u58f6\u58f6qaq|Rage Powder|p1a: \u53ef\u7231\u58f6\u58f6qaq\n|-singleturn|p1a: \u53ef\u7231\u58f6\u58f6qaq|move: Rage Powder\n|move|p2b: Kingambit|Sucker Punch|p1b: \u53e4\u4ee3\u79cd\u94c1\u8346\u68d8\n|-resisted|p1b: \u53e4\u4ee3\u79cd\u94c1\u8346\u68d8\n|-damage|p1b: \u53e4\u4ee3\u79cd\u94c1\u8346\u68d8|0 fnt\n|faint|p1b: \u53e4\u4ee3\u79cd\u94c1\u8346\u68d8\n|-zpower|p2a: Tornadus\n|move|p2a: Tornadus|Supersonic Skystrike|p1a: \u53ef\u7231\u58f6\u58f6qaq|[zeffect]\n|-supereffective|p1a: \u53ef\u7231\u58f6\u58f6qaq\n|-damage|p1a: \u53ef\u7231\u58f6\u58f6qaq|0 fnt\n|faint|p1a: \u53ef\u7231\u58f6\u58f6qaq\n|\n|-weather|Sandstorm|[upkeep]\n|-damage|p2a: Tornadus|88\/100|[from] Sandstorm\n|-heal|p2b: Kingambit|68\/100|[from] Grassy Terrain\n|-fieldend|move: Grassy Terrain\n|upkeep\n|c|\u2606user58342485|gg\n|-message|QAQ333 forfeited.\n|\n|win|user58342485\n|raw|QAQ333's rating: 1259 &rarr; <strong>1250<\/strong><br \/>(-9 for losing)\n|raw|user58342485's rating: 1524 &rarr; <strong>1531<\/strong><br \/>(+7 for winning)\n","uploadtime":1695543790,"views":32,"p1id":"qaq333","p2id":"user58342485","formatid":"gen9nationaldexdoubles","rating":1250,"private":0,"password":""}