{"id":"gen9nationaldexdoubles-1978054889","p1":"thehan13","p2":"battlelllord","format":"[Gen 9] National Dex Doubles","log":"|j|\u2606thehan13\n|j|\u2606battlelllord\n|t:|1698492193\n|gametype|doubles\n|player|p1|thehan13|brycenman|1103\n|player|p2|battlelllord|1|1099\n|teamsize|p1|6\n|teamsize|p2|4\n|gen|9\n|tier|[Gen 9] National Dex Doubles\n|rated|\n|rule|HP Percentage Mod: HP is shown in percentages\n|rule|Endless Battle Clause: Forcing endless battles is banned\n|rule|OHKO Clause: OHKO moves are banned\n|rule|Evasion Moves Clause: Evasion moves are banned\n|rule|Evasion Abilities Clause: Evasion abilities are banned\n|rule|Species Clause: Limit one of each Pok\u00e9mon\n|rule|Gravity Sleep Clause: The combination of sleep-inducing moves with imperfect accuracy and Gravity or Gigantamax Orbeetle are banned\n|clearpoke\n|poke|p1|Zoroark-Hisui, M|\n|poke|p1|Pikachu, F|\n|poke|p1|Zeraora|\n|poke|p1|Arboliva, F|\n|poke|p1|Sinistcha|\n|poke|p1|Dusclops, M|\n|poke|p2|Grimmsnarl, M|\n|poke|p2|Whimsicott, M|\n|poke|p2|Blaziken, F|\n|poke|p2|Metagross|\n|teampreview\n|\n|t:|1698492209\n|start\n|switch|p1a: Pikachu|Pikachu, F|100\/100\n|switch|p1b: Zeraora|Zeraora|100\/100\n|switch|p2a: Grimmsnarl|Grimmsnarl, M|100\/100\n|switch|p2b: Whimsicott|Whimsicott, M|100\/100\n|-item|p1b: Zeraora|Air Balloon\n|turn|1\n|\n|t:|1698492220\n|move|p1b: Zeraora|Fake Out|p2a: Grimmsnarl\n|-damage|p2a: Grimmsnarl|87\/100\n|move|p1a: Pikachu|Fake Out|p2b: Whimsicott\n|-damage|p2b: Whimsicott|81\/100\n|cant|p2b: Whimsicott|flinch\n|cant|p2a: Grimmsnarl|flinch\n|\n|upkeep\n|turn|2\n|\n|t:|1698492240\n|move|p1a: Pikachu|Extreme Speed|p2b: Whimsicott\n|-damage|p2b: Whimsicott|46\/100\n|move|p2b: Whimsicott|Tailwind|p2b: Whimsicott\n|-sidestart|p2: battlelllord|move: Tailwind\n|move|p2a: Grimmsnarl|Reflect|p2a: Grimmsnarl\n|-sidestart|p2: battlelllord|Reflect\n|move|p1b: Zeraora|Plasma Fists|p2a: Grimmsnarl\n|-damage|p2a: Grimmsnarl|51\/100\n|-fieldactivate|move: Ion Deluge\n|-hint|Normal-type moves become Electric-type after using Plasma Fists.\n|\n|upkeep\n|turn|3\n|\n|t:|1698492261\n|switch|p1b: Arboliva|Arboliva, F|100\/100\n|move|p1a: Pikachu|Extreme Speed|p2b: Whimsicott\n|-damage|p2b: Whimsicott|19\/100\n|move|p2b: Whimsicott|Memento|p1b: Arboliva\n|-unboost|p1b: Arboliva|atk|2\n|-unboost|p1b: Arboliva|spa|2\n|faint|p2b: Whimsicott\n|move|p2a: Grimmsnarl|Light Screen|p2a: Grimmsnarl\n|-sidestart|p2: battlelllord|move: Light Screen\n|\n|upkeep\n|\n|t:|1698492272\n|switch|p2b: Blaziken|Blaziken, F|100\/100\n|turn|4\n|\n|t:|1698492291\n|move|p2a: Grimmsnarl|Parting Shot|p1a: Pikachu\n|-unboost|p1a: Pikachu|atk|1\n|-unboost|p1a: Pikachu|spa|1\n|\n|t:|1698492295\n|switch|p2a: Metagross|Metagross|100\/100|[from] Parting Shot\n|move|p2b: Blaziken|Swords Dance|p2b: Blaziken\n|-boost|p2b: Blaziken|atk|2\n|move|p1a: Pikachu|Frustration|p2a: Metagross\n|-resisted|p2a: Metagross\n|-damage|p2a: Metagross|93\/100\n|move|p1b: Arboliva|Leech Seed|p2b: Blaziken\n|-start|p2b: Blaziken|move: Leech Seed\n|\n|-damage|p2b: Blaziken|88\/100|[from] Leech Seed|[of] p1b: Arboliva\n|-ability|p2b: Blaziken|Speed Boost|boost\n|-boost|p2b: Blaziken|spe|1\n|upkeep\n|turn|5\n|\n|t:|1698492320\n|switch|p1a: Sinistcha|Sinistcha|100\/100\n|detailschange|p2a: Metagross|Metagross-Mega\n|-mega|p2a: Metagross|Metagross|Metagrossite\n|move|p1b: Arboliva|Protect|p1b: Arboliva\n|-singleturn|p1b: Arboliva|Protect\n|move|p2b: Blaziken|Blaze Kick|p1b: Arboliva\n|-activate|p1b: Arboliva|move: Protect\n|move|p2a: Metagross|Psych Up|p2b: Blaziken\n|-copyboost|p2a: Metagross|p2b: Blaziken|[from] move: Psych Up\n|\n|-damage|p2b: Blaziken|76\/100|[from] Leech Seed|[of] p1b: Arboliva\n|-sideend|p2: battlelllord|move: Tailwind\n|-ability|p2b: Blaziken|Speed Boost|boost\n|-boost|p2b: Blaziken|spe|1\n|upkeep\n|turn|6\n|\n|t:|1698492352\n|switch|p1b: Dusclops|Dusclops, M|100\/100\n|-item|p2a: Metagross|Metagrossite|[from] ability: Frisk|[of] p1b: Dusclops|[identify]\n|-item|p2b: Blaziken|Focus Sash|[from] ability: Frisk|[of] p1b: Dusclops|[identify]\n|move|p2b: Blaziken|Blaze Kick|p1a: Sinistcha\n|-supereffective|p1a: Sinistcha\n|-damage|p1a: Sinistcha|0 fnt\n|faint|p1a: Sinistcha\n|move|p2a: Metagross|Meteor Mash|p1b: Dusclops\n|-damage|p1b: Dusclops|9\/100\n|\n|-damage|p2b: Blaziken|64\/100|[from] Leech Seed|[of] p1b: Dusclops\n|-heal|p1b: Dusclops|22\/100|[silent]\n|-ability|p2b: Blaziken|Speed Boost|boost\n|-boost|p2b: Blaziken|spe|1\n|upkeep\n|\n|t:|1698492375\n|switch|p1a: Zeraora|Zeraora|100\/100\n|turn|7\n|\n|t:|1698492394\n|move|p1a: Zeraora|Detect|p1a: Zeraora\n|-singleturn|p1a: Zeraora|Protect\n|move|p2b: Blaziken|High Jump Kick|p1a: Zeraora\n|-activate|p1a: Zeraora|move: Protect\n|-damage|p2b: Blaziken|14\/100|[from] highjumpkick\n|move|p2a: Metagross|Meteor Mash|p1b: Dusclops\n|-damage|p1b: Dusclops|0 fnt\n|faint|p1b: Dusclops\n|\n|-ability|p2b: Blaziken|Speed Boost|boost\n|-boost|p2b: Blaziken|spe|1\n|upkeep\n|\n|t:|1698492405\n|switch|p1b: Arboliva|Arboliva, F|100\/100\n|turn|8\n|\n|t:|1698492420\n|move|p2b: Blaziken|High Jump Kick|p1a: Zeraora\n|-immune|p1a: Zeraora\n|-damage|p2b: Blaziken|0 fnt|[from] highjumpkick\n|faint|p2b: Blaziken\n|move|p2a: Metagross|Meteor Mash|p1b: Arboliva\n|-damage|p1b: Arboliva|0 fnt\n|-boost|p2a: Metagross|atk|1\n|-fieldstart|move: Grassy Terrain|[from] ability: Seed Sower|[of] p1b: Arboliva\n|faint|p1b: Arboliva\n|move|p1a: Zeraora|Bitter Malice|p2a: Metagross\n|-supereffective|p2a: Metagross\n|-damage|p2a: Metagross|22\/100\n|-unboost|p2a: Metagross|atk|1\n|-damage|p1a: Zeraora|91\/100|[from] item: Life Orb\n|\n|-heal|p2a: Metagross|28\/100|[from] Grassy Terrain\n|-heal|p1a: Zeraora|97\/100|[from] Grassy Terrain\n|upkeep\n|\n|t:|1698492440\n|switch|p2b: Grimmsnarl|Grimmsnarl, M|51\/100\n|switch|p1b: Zeraora|Zeraora|100\/100\n|-item|p1b: Zeraora|Air Balloon\n|turn|9\n|\n|t:|1698492454\n|move|p1b: Zeraora|Fake Out|p2a: Metagross\n|-resisted|p2a: Metagross\n|-damage|p2a: Metagross|25\/100\n|cant|p2a: Metagross|flinch\n|move|p1a: Zeraora|Bitter Malice|p2a: Metagross\n|-supereffective|p2a: Metagross\n|-damage|p2a: Metagross|0 fnt\n|faint|p2a: Metagross\n|-damage|p1a: Zeraora|87\/100|[from] item: Life Orb\n|move|p2b: Grimmsnarl|Foul Play|p1b: Zeraora\n|-damage|p1b: Zeraora|28\/100\n|-enditem|p1b: Zeraora|Air Balloon\n|\n|-heal|p1b: Zeraora|34\/100|[from] Grassy Terrain\n|-heal|p1a: Zeraora|93\/100|[from] Grassy Terrain\n|-heal|p2b: Grimmsnarl|57\/100|[from] Grassy Terrain\n|-sideend|p2: battlelllord|Reflect\n|upkeep\n|turn|10\n|-message|battlelllord forfeited.\n|\n|win|thehan13\n|raw|thehan13's rating: 1103 &rarr; <strong>1128<\/strong><br \/>(+25 for winning)\n|raw|battlelllord's rating: 1099 &rarr; <strong>1074<\/strong><br \/>(-25 for losing)\n|l|\u2606battlelllord\n|l|\u2606thehan13\n|j|\u2606thehan13\n|player|p1|thehan13|brycenman\n","uploadtime":1698492730,"views":14,"p1id":"thehan13","p2id":"battlelllord","formatid":"gen9nationaldexdoubles","rating":1074,"private":0,"password":""}