{"id":"gen9nationaldexdoubles-1992342272","p1":"Jam35_Name","p2":"Holfrost","format":"[Gen 9] National Dex Doubles","log":"|j|\u2606Jam35_Name\n|j|\u2606Holfrost\n|t:|1700176643\n|gametype|doubles\n|player|p1|Jam35_Name|policeman|\n|player|p2|Holfrost|ghetsis|\n|teamsize|p1|6\n|teamsize|p2|6\n|gen|9\n|tier|[Gen 9] National Dex Doubles\n|rule|HP Percentage Mod: HP is shown in percentages\n|rule|Endless Battle Clause: Forcing endless battles is banned\n|rule|OHKO Clause: OHKO moves are banned\n|rule|Evasion Moves Clause: Evasion moves are banned\n|rule|Evasion Abilities Clause: Evasion abilities are banned\n|rule|Species Clause: Limit one of each Pok\u00e9mon\n|rule|Gravity Sleep Clause: The combination of sleep-inducing moves with imperfect accuracy and Gravity or Gigantamax Orbeetle are banned\n|clearpoke\n|poke|p1|Blastoise, F|\n|poke|p1|Ditto|\n|poke|p1|Cloyster, M|\n|poke|p1|Magneton|\n|poke|p1|Mew|\n|poke|p1|Chansey, F|\n|poke|p2|Tyranitar, F|\n|poke|p2|Forretress, M|\n|poke|p2|Steelix, M|\n|poke|p2|Crobat, F|\n|poke|p2|Scizor, F|\n|poke|p2|Kingdra, M|\n|teampreview\n|\n|t:|1700176659\n|start\n|switch|p1a: Tutel :)|Blastoise, F|100\/100\n|switch|p1b: Kinda Sus|Cloyster, M, shiny|100\/100\n|switch|p2a: T H E W A L L|Forretress, M|100\/100\n|switch|p2b: G O D|Steelix, M|100\/100\n|turn|1\n|\n|t:|1700176672\n|detailschange|p1a: Tutel :)|Blastoise-Mega, F\n|-mega|p1a: Tutel :)|Blastoise|Blastoisinite\n|detailschange|p2b: G O D|Steelix-Mega, M\n|-mega|p2b: G O D|Steelix|Steelixite\n|move|p1a: Tutel :)|Protect|p1a: Tutel :)\n|-singleturn|p1a: Tutel :)|Protect\n|move|p1b: Kinda Sus|Shell Smash|p1b: Kinda Sus\n|-unboost|p1b: Kinda Sus|def|1\n|-unboost|p1b: Kinda Sus|spd|1\n|-boost|p1b: Kinda Sus|atk|2\n|-boost|p1b: Kinda Sus|spa|2\n|-boost|p1b: Kinda Sus|spe|2\n|move|p2a: T H E W A L L|Toxic Spikes|p1b: Kinda Sus\n|-sidestart|p1: Jam35_Name|move: Toxic Spikes\n|move|p2b: G O D|Curse|p2b: G O D\n|-unboost|p2b: G O D|spe|1\n|-boost|p2b: G O D|atk|1\n|-boost|p2b: G O D|def|1\n|\n|upkeep\n|turn|2\n|\n|t:|1700176702\n|move|p1b: Kinda Sus|Liquidation|p2b: G O D\n|-supereffective|p2b: G O D\n|-damage|p2b: G O D|52\/100\n|move|p1a: Tutel :)|Shell Smash|p1a: Tutel :)\n|-unboost|p1a: Tutel :)|def|1\n|-unboost|p1a: Tutel :)|spd|1\n|-boost|p1a: Tutel :)|atk|2\n|-boost|p1a: Tutel :)|spa|2\n|-boost|p1a: Tutel :)|spe|2\n|move|p2a: T H E W A L L|Toxic Spikes|p1a: Tutel :)\n|-sidestart|p1: Jam35_Name|move: Toxic Spikes\n|move|p2b: G O D|Curse|p2b: G O D\n|-unboost|p2b: G O D|spe|1\n|-boost|p2b: G O D|atk|1\n|-boost|p2b: G O D|def|1\n|\n|upkeep\n|turn|3\n|\n|t:|1700176725\n|move|p1a: Tutel :)|Water Spout|p2a: T H E W A L L|[spread] p2a,p2b\n|-supereffective|p2b: G O D\n|-ability|p2a: T H E W A L L|Sturdy\n|-damage|p2a: T H E W A L L|1\/100\n|-damage|p2b: G O D|0 fnt\n|faint|p2b: G O D\n|move|p1b: Kinda Sus|Rock Blast|p2a: T H E W A L L\n|-damage|p2a: T H E W A L L|0 fnt\n|faint|p2a: T H E W A L L\n|-hitcount|p2: T H E W A L L|1\n|\n|upkeep\n|\n|t:|1700176742\n|switch|p2a: Takumi|Crobat, F|100\/100\n|switch|p2b: Clamps|Scizor, F|100\/100\n|turn|4\n|\n|t:|1700176768\n|move|p1a: Tutel :)|Water Spout|p2a: Takumi|[spread] p2a,p2b\n|-damage|p2a: Takumi|0 fnt\n|-damage|p2b: Clamps|0 fnt\n|faint|p2a: Takumi\n|faint|p2b: Clamps\n|move|p1b: Kinda Sus|Shell Smash|p1b: Kinda Sus\n|-unboost|p1b: Kinda Sus|def|1\n|-unboost|p1b: Kinda Sus|spd|1\n|-boost|p1b: Kinda Sus|atk|2\n|-boost|p1b: Kinda Sus|spa|2\n|-boost|p1b: Kinda Sus|spe|2\n|\n|upkeep\n|\n|t:|1700176777\n|switch|p2a: Big Chungus|Tyranitar, F|100\/100\n|switch|p2b: Sea World|Kingdra, M|100\/100\n|-weather|Sandstorm|[from] ability: Sand Stream|[of] p2a: Big Chungus\n|turn|5\n|\n|t:|1700176788\n|move|p1b: Kinda Sus|Liquidation|p2a: Big Chungus\n|-supereffective|p2a: Big Chungus\n|-damage|p2a: Big Chungus|0 fnt\n|faint|p2a: Big Chungus\n|move|p1a: Tutel :)|Water Spout|p2b: Sea World\n|-resisted|p2b: Sea World\n|-damage|p2b: Sea World|48\/100\n|move|p2b: Sea World|Draco Meteor|p1a: Tutel :)\n|-damage|p1a: Tutel :)|0 fnt\n|-unboost|p2b: Sea World|spa|2\n|faint|p1a: Tutel :)\n|\n|-weather|Sandstorm|[upkeep]\n|-damage|p1b: Kinda Sus|94\/100|[from] Sandstorm\n|-damage|p2b: Sea World|42\/100|[from] Sandstorm\n|upkeep\n|\n|t:|1700176824\n|switch|p1a: Oeuf|Chansey, F|100\/100\n|-status|p1a: Oeuf|tox\n|turn|6\n|\n|t:|1700176833\n|move|p1b: Kinda Sus|Icicle Spear|p2b: Sea World\n|-damage|p2b: Sea World|3\/100\n|-crit|p2b: Sea World\n|-damage|p2b: Sea World|0 fnt\n|faint|p2b: Sea World\n|-hitcount|p2: Sea World|2\n|\n|win|Jam35_Name\n|l|\u2606Holfrost\n","uploadtime":1700177264,"views":7,"p1id":"jam35name","p2id":"holfrost","formatid":"gen9nationaldexdoubles","rating":0,"private":0,"password":""}