{"id":"gen9nationaldexdoubles-1999319079","p1":"Whaleu","p2":"normie jean","format":"[Gen 9] National Dex Doubles","log":"|j|\u2606Whaleu\n|j|\u2606normie jean\n|t:|1701059661\n|gametype|doubles\n|player|p1|Whaleu|266|\n|player|p2|normie jean|clown|\n|teamsize|p1|6\n|teamsize|p2|6\n|gen|9\n|tier|[Gen 9] National Dex Doubles\n|rule|HP Percentage Mod: HP is shown in percentages\n|rule|Endless Battle Clause: Forcing endless battles is banned\n|rule|OHKO Clause: OHKO moves are banned\n|rule|Evasion Moves Clause: Evasion moves are banned\n|rule|Evasion Abilities Clause: Evasion abilities are banned\n|rule|Species Clause: Limit one of each Pok\u00e9mon\n|rule|Gravity Sleep Clause: The combination of sleep-inducing moves with imperfect accuracy and Gravity or Gigantamax Orbeetle are banned\n|rule|Item Clause: Limit one of each item\n|clearpoke\n|poke|p1|Magcargo, M|\n|poke|p1|Clefable, M|\n|poke|p1|Nidoking, M|\n|poke|p1|Umbreon, M|\n|poke|p1|Serperior, M|\n|poke|p1|Klinklang|\n|poke|p2|Thievul, M|\n|poke|p2|Lucario, M|\n|poke|p2|Meowscarada, F|\n|poke|p2|Inteleon, M|\n|poke|p2|Clefairy, F|\n|poke|p2|Pelipper, M|\n|teampreview|4\n|j| Felis Regalis\n|j| specner4\n|j| BROCKISAROCK\n|j| prophetofsnacc\n|\n|t:|1701059686\n|start\n|switch|p1a: Clefable|Clefable, M|100\/100\n|switch|p1b: Nidoking|Nidoking, M|100\/100\n|switch|p2a: Lucario|Lucario, M|100\/100\n|switch|p2b: Clefairy|Clefairy, F|100\/100\n|turn|1\n|\n|t:|1701059733\n|detailschange|p2a: Lucario|Lucario-Mega, M\n|-mega|p2a: Lucario|Lucario|Lucarionite\n|move|p2b: Clefairy|Follow Me|p2b: Clefairy\n|-singleturn|p2b: Clefairy|move: Follow Me\n|move|p2a: Lucario|Meteor Mash|p1a: Clefable\n|-supereffective|p1a: Clefable\n|-damage|p1a: Clefable|0 fnt\n|-damage|p2a: Lucario|84\/100|[from] item: Rocky Helmet|[of] p1a: Clefable\n|faint|p1a: Clefable\n|move|p1b: Nidoking|Sludge Wave|p2a: Lucario|[spread] p2b\n|-immune|p2a: Lucario\n|-supereffective|p2b: Clefairy\n|-damage|p2b: Clefairy|41\/100\n|\n|upkeep\n|j| cubzz\n|\n|t:|1701059771\n|switch|p1a: Umbreon|Umbreon, M|100\/100\n|turn|2\n|\n|t:|1701059897\n|move|p2b: Clefairy|Follow Me|p2b: Clefairy\n|-singleturn|p2b: Clefairy|move: Follow Me\n|move|p2a: Lucario|Meteor Mash|p1b: Nidoking\n|-damage|p1b: Nidoking|0 fnt\n|faint|p1b: Nidoking\n|move|p1a: Umbreon|Foul Play|p2b: Clefairy\n|-resisted|p2b: Clefairy\n|-damage|p2b: Clefairy|35\/100\n|\n|upkeep\n|\n|t:|1701059910\n|switch|p1b: Magcargo|Magcargo, M|100\/100\n|turn|3\n|\n|t:|1701059988\n|move|p2b: Clefairy|Helping Hand|p2a: Lucario\n|-singleturn|p2a: Lucario|Helping Hand|[of] p2b: Clefairy\n|move|p1a: Umbreon|Protect|p1a: Umbreon\n|-singleturn|p1a: Umbreon|Protect\n|move|p2a: Lucario|Close Combat|p1a: Umbreon\n|-activate|p1a: Umbreon|move: Protect\n|move|p1b: Magcargo|Lava Plume|p2b: Clefairy|[spread] p2a,p2b\n|-activate|p1a: Umbreon|move: Protect\n|-supereffective|p2a: Lucario\n|-damage|p2a: Lucario|42\/100\n|-damage|p2b: Clefairy|21\/100\n|\n|upkeep\n|turn|4\n|\n|t:|1701060036\n|switch|p2a: Pelipper|Pelipper, M|100\/100\n|-weather|RainDance|[from] ability: Drizzle|[of] p2a: Pelipper\n|move|p1a: Umbreon|Wish|p1a: Umbreon\n|move|p2b: Clefairy|Life Dew||[still]|[spread] p2a,p2b\n|-fail|p2a: Pelipper|heal\n|-heal|p2b: Clefairy|46\/100\n|move|p1b: Magcargo|Lava Plume|p2a: Pelipper|[spread] p1a,p2a,p2b\n|-resisted|p2a: Pelipper\n|-damage|p1a: Umbreon|95\/100\n|-damage|p2a: Pelipper|96\/100\n|-damage|p2b: Clefairy|40\/100\n|\n|-weather|RainDance|[upkeep]\n|-heal|p2a: Pelipper|100\/100|[from] item: Leftovers\n|upkeep\n|turn|5\n|\n|t:|1701060171\n|move|p2b: Clefairy|Helping Hand|p2a: Pelipper\n|-singleturn|p2a: Pelipper|Helping Hand|[of] p2b: Clefairy\n|move|p2a: Pelipper|Ice Beam|p1a: Umbreon\n|-damage|p1a: Umbreon|74\/100\n|move|p1a: Umbreon|Dark Pulse|p2a: Pelipper\n|-damage|p2a: Pelipper|86\/100\n|move|p1b: Magcargo|Recover||[still]\n|-fail|p1b: Magcargo|heal\n|\n|-weather|RainDance|[upkeep]\n|-heal|p1a: Umbreon|100\/100|[from] move: Wish|[wisher] Umbreon\n|-heal|p2a: Pelipper|92\/100|[from] item: Leftovers\n|upkeep\n|turn|6\n|\n|t:|1701060275\n|move|p2b: Clefairy|Helping Hand|p2a: Pelipper\n|-singleturn|p2a: Pelipper|Helping Hand|[of] p2b: Clefairy\n|move|p2a: Pelipper|Hurricane|p1b: Magcargo\n|-resisted|p1b: Magcargo\n|-damage|p1b: Magcargo|78\/100\n|move|p1a: Umbreon|Dark Pulse|p2a: Pelipper\n|-damage|p2a: Pelipper|77\/100\n|move|p1b: Magcargo|Ancient Power|p2b: Clefairy\n|-damage|p2b: Clefairy|28\/100\n|\n|-weather|RainDance|[upkeep]\n|-heal|p2a: Pelipper|84\/100|[from] item: Leftovers\n|-heal|p1b: Magcargo|84\/100|[from] item: Leftovers\n|upkeep\n|turn|7\n|\n|t:|1701060317\n|switch|p2a: Meowscarada|Meowscarada, F|100\/100\n|move|p1a: Umbreon|Dark Pulse|p2a: Meowscarada\n|-resisted|p2a: Meowscarada\n|-damage|p2a: Meowscarada|92\/100\n|move|p2b: Clefairy|Life Dew|p2b: Clefairy|[spread] p2a,p2b\n|-heal|p2a: Meowscarada|100\/100\n|-heal|p2b: Clefairy|53\/100\n|move|p1b: Magcargo|Ancient Power|p2b: Clefairy\n|-damage|p2b: Clefairy|39\/100\n|\n|-weather|RainDance|[upkeep]\n|-heal|p1b: Magcargo|90\/100|[from] item: Leftovers\n|upkeep\n|turn|8\n|\n|t:|1701060381\n|move|p2b: Clefairy|Helping Hand|p2a: Meowscarada\n|-singleturn|p2a: Meowscarada|Helping Hand|[of] p2b: Clefairy\n|move|p1a: Umbreon|Protect|p1a: Umbreon\n|-singleturn|p1a: Umbreon|Protect\n|move|p2a: Meowscarada|Play Rough|p1a: Umbreon\n|-start|p2a: Meowscarada|typechange|Fairy|[from] ability: Protean\n|-activate|p1a: Umbreon|move: Protect\n|move|p1b: Magcargo|Lava Plume|p2a: Meowscarada|[spread] p2a,p2b\n|-activate|p1a: Umbreon|move: Protect\n|-damage|p2a: Meowscarada|92\/100\n|-damage|p2b: Clefairy|32\/100\n|-status|p2b: Clefairy|brn\n|\n|-weather|none\n|-heal|p1b: Magcargo|96\/100|[from] item: Leftovers\n|-damage|p2b: Clefairy|26\/100 brn|[from] brn\n|upkeep\n|turn|9\n|\n|t:|1701060445\n|move|p2a: Meowscarada|Play Rough|p1a: Umbreon\n|-supereffective|p1a: Umbreon\n|-damage|p1a: Umbreon|53\/100\n|move|p1a: Umbreon|Dark Pulse|p2b: Clefairy\n|-resisted|p2b: Clefairy\n|-damage|p2b: Clefairy|19\/100 brn\n|move|p2b: Clefairy|Life Dew|p2b: Clefairy|[spread] p2a,p2b\n|-heal|p2a: Meowscarada|100\/100\n|-heal|p2b: Clefairy|44\/100 brn\n|move|p1b: Magcargo|Ancient Power|p2b: Clefairy\n|-damage|p2b: Clefairy|30\/100 brn\n|\n|-heal|p1b: Magcargo|100\/100|[from] item: Leftovers\n|-damage|p2b: Clefairy|24\/100 brn|[from] brn\n|upkeep\n|turn|10\n|\n|t:|1701060517\n|move|p2a: Meowscarada|Play Rough|p1a: Umbreon\n|-supereffective|p1a: Umbreon\n|-damage|p1a: Umbreon|2\/100\n|move|p1a: Umbreon|Wish|p1a: Umbreon\n|move|p2b: Clefairy|Life Dew||[still]|[spread] p2a,p2b\n|-fail|p2a: Meowscarada|heal\n|-heal|p2b: Clefairy|49\/100 brn\n|move|p1b: Magcargo|Ancient Power|p2b: Clefairy\n|-damage|p2b: Clefairy|36\/100 brn\n|\n|-damage|p2b: Clefairy|30\/100 brn|[from] brn\n|upkeep\n|turn|11\n|\n|t:|1701060600\n|move|p1a: Umbreon|Protect|p1a: Umbreon\n|-singleturn|p1a: Umbreon|Protect\n|move|p2a: Meowscarada|Play Rough|p1b: Magcargo\n|-resisted|p1b: Magcargo\n|-crit|p1b: Magcargo\n|-damage|p1b: Magcargo|70\/100\n|move|p2b: Clefairy|Life Dew||[still]|[spread] p2a,p2b\n|-fail|p2a: Meowscarada|heal\n|-heal|p2b: Clefairy|55\/100 brn\n|move|p1b: Magcargo|Lava Plume|p2a: Meowscarada|[spread] p2a,p2b\n|-activate|p1a: Umbreon|move: Protect\n|-damage|p2a: Meowscarada|83\/100\n|-damage|p2b: Clefairy|42\/100 brn\n|\n|-heal|p1a: Umbreon|52\/100|[from] move: Wish|[wisher] Umbreon\n|-heal|p1b: Magcargo|77\/100|[from] item: Leftovers\n|-damage|p2b: Clefairy|36\/100 brn|[from] brn\n|upkeep\n|turn|12\n|\n|t:|1701060665\n|move|p2b: Clefairy|Helping Hand|p2a: Meowscarada\n|-singleturn|p2a: Meowscarada|Helping Hand|[of] p2b: Clefairy\n|move|p2a: Meowscarada|Play Rough|p1a: Umbreon|[miss]\n|-miss|p2a: Meowscarada|p1a: Umbreon\n|move|p1a: Umbreon|Dark Pulse|p2b: Clefairy\n|-resisted|p2b: Clefairy\n|-damage|p2b: Clefairy|30\/100 brn\n|move|p1b: Magcargo|Ancient Power|p2b: Clefairy\n|-damage|p2b: Clefairy|16\/100 brn\n|\n|-heal|p1b: Magcargo|83\/100|[from] item: Leftovers\n|-damage|p2b: Clefairy|10\/100 brn|[from] brn\n|upkeep\n|turn|13\n|\n|t:|1701060745\n|switch|p2a: Pelipper|Pelipper, M|84\/100\n|-weather|RainDance|[from] ability: Drizzle|[of] p2a: Pelipper\n|move|p1a: Umbreon|Protect|p1a: Umbreon\n|-singleturn|p1a: Umbreon|Protect\n|move|p2b: Clefairy|Life Dew|p2b: Clefairy|[spread] p2a,p2b\n|-heal|p2a: Pelipper|100\/100\n|-heal|p2b: Clefairy|35\/100 brn\n|move|p1b: Magcargo|Ancient Power|p2b: Clefairy\n|-damage|p2b: Clefairy|23\/100 brn\n|\n|-weather|RainDance|[upkeep]\n|-heal|p1b: Magcargo|89\/100|[from] item: Leftovers\n|-damage|p2b: Clefairy|16\/100 brn|[from] brn\n|upkeep\n|turn|14\n|\n|t:|1701060785\n|move|p2a: Pelipper|Hurricane|p1a: Umbreon\n|-damage|p1a: Umbreon|28\/100\n|move|p1a: Umbreon|Wish|p1a: Umbreon\n|move|p2b: Clefairy|Life Dew||[still]|[spread] p2a,p2b\n|-fail|p2a: Pelipper|heal\n|-heal|p2b: Clefairy|41\/100 brn\n|move|p1b: Magcargo|Ancient Power|p2b: Clefairy\n|-damage|p2b: Clefairy|28\/100 brn\n|\n|-weather|RainDance|[upkeep]\n|-heal|p1b: Magcargo|95\/100|[from] item: Leftovers\n|-damage|p2b: Clefairy|22\/100 brn|[from] brn\n|upkeep\n|turn|15\n|\n|t:|1701060810\n|move|p2a: Pelipper|Protect|p2a: Pelipper\n|-singleturn|p2a: Pelipper|Protect\n|move|p1a: Umbreon|Protect|p1a: Umbreon\n|-singleturn|p1a: Umbreon|Protect\n|move|p2b: Clefairy|Life Dew||[still]|[spread] p2a,p2b\n|-fail|p2a: Pelipper|heal\n|-heal|p2b: Clefairy|47\/100 brn\n|move|p1b: Magcargo|Ancient Power|p2a: Pelipper\n|-activate|p2a: Pelipper|move: Protect\n|\n|-weather|RainDance|[upkeep]\n|-heal|p1a: Umbreon|78\/100|[from] move: Wish|[wisher] Umbreon\n|-heal|p1b: Magcargo|100\/100|[from] item: Leftovers\n|-damage|p2b: Clefairy|41\/100 brn|[from] brn\n|upkeep\n|turn|16\n|\n|t:|1701060849\n|move|p2a: Pelipper|Hurricane|p1a: Umbreon\n|-damage|p1a: Umbreon|54\/100\n|move|p1a: Umbreon|Dark Pulse|p2a: Pelipper\n|-damage|p2a: Pelipper|86\/100\n|move|p2b: Clefairy|Life Dew|p2b: Clefairy|[spread] p2a,p2b\n|-heal|p2a: Pelipper|100\/100\n|-heal|p2b: Clefairy|66\/100 brn\n|move|p1b: Magcargo|Stealth Rock|p2a: Pelipper\n|-sidestart|p2: normie jean|move: Stealth Rock\n|\n|-weather|RainDance|[upkeep]\n|-damage|p2b: Clefairy|60\/100 brn|[from] brn\n|upkeep\n|turn|17\n|\n|t:|1701060941\n|move|p2a: Pelipper|Tailwind|p2a: Pelipper\n|-sidestart|p2: normie jean|move: Tailwind\n|move|p2b: Clefairy|Life Dew||[still]|[spread] p2a,p2b\n|-fail|p2a: Pelipper|heal\n|-heal|p2b: Clefairy|85\/100 brn\n|move|p1a: Umbreon|Wish|p1a: Umbreon\n|move|p1b: Magcargo|Lava Plume|p2a: Pelipper|[spread] p1a,p2a,p2b\n|-resisted|p2a: Pelipper\n|-damage|p1a: Umbreon|49\/100\n|-damage|p2a: Pelipper|96\/100\n|-damage|p2b: Clefairy|78\/100 brn\n|\n|-weather|none\n|-heal|p2a: Pelipper|100\/100|[from] item: Leftovers\n|-damage|p2b: Clefairy|72\/100 brn|[from] brn\n|upkeep\n|turn|18\n|\n|t:|1701060970\n|move|p2b: Clefairy|Helping Hand|p2a: Pelipper\n|-singleturn|p2a: Pelipper|Helping Hand|[of] p2b: Clefairy\n|move|p2a: Pelipper|Hurricane|p1a: Umbreon|[miss]\n|-miss|p2a: Pelipper|p1a: Umbreon\n|move|p1a: Umbreon|Foul Play|p2a: Pelipper\n|-damage|p2a: Pelipper|88\/100\n|move|p1b: Magcargo|Lava Plume|p2a: Pelipper|[spread] p1a,p2a,p2b\n|-resisted|p2a: Pelipper\n|-damage|p1a: Umbreon|36\/100\n|-damage|p2a: Pelipper|81\/100\n|-damage|p2b: Clefairy|60\/100 brn\n|\n|-heal|p1a: Umbreon|86\/100|[from] move: Wish|[wisher] Umbreon\n|-heal|p2a: Pelipper|87\/100|[from] item: Leftovers\n|-damage|p2b: Clefairy|54\/100 brn|[from] brn\n|upkeep\n|turn|19\n|\n|t:|1701061018\n|switch|p2a: Lucario|Lucario-Mega, M|42\/100\n|-damage|p2a: Lucario|39\/100|[from] Stealth Rock\n|move|p2b: Clefairy|Life Dew|p2b: Clefairy|[spread] p2a,p2b\n|-heal|p2a: Lucario|64\/100\n|-heal|p2b: Clefairy|79\/100 brn\n|move|p1a: Umbreon|Dark Pulse|p2b: Clefairy\n|-resisted|p2b: Clefairy\n|-damage|p2b: Clefairy|73\/100 brn\n|move|p1b: Magcargo|Lava Plume|p2a: Lucario|[spread] p1a,p2a,p2b\n|-supereffective|p2a: Lucario\n|-damage|p1a: Umbreon|72\/100\n|-damage|p2a: Lucario|22\/100\n|-damage|p2b: Clefairy|60\/100 brn\n|-status|p1a: Umbreon|brn\n|\n|-damage|p2b: Clefairy|54\/100 brn|[from] brn\n|-damage|p1a: Umbreon|66\/100 brn|[from] brn\n|upkeep\n|turn|20\n|\n|t:|1701061062\n|move|p2b: Clefairy|Helping Hand|p2a: Lucario\n|-singleturn|p2a: Lucario|Helping Hand|[of] p2b: Clefairy\n|move|p1a: Umbreon|Protect|p1a: Umbreon\n|-singleturn|p1a: Umbreon|Protect\n|move|p2a: Lucario|Close Combat|p1a: Umbreon\n|-activate|p1a: Umbreon|move: Protect\n|move|p1b: Magcargo|Lava Plume|p2b: Clefairy|[spread] p2a,p2b\n|-activate|p1a: Umbreon|move: Protect\n|-supereffective|p2a: Lucario\n|-damage|p2a: Lucario|0 fnt\n|-damage|p2b: Clefairy|40\/100 brn\n|faint|p2a: Lucario\n|\n|-damage|p2b: Clefairy|34\/100 brn|[from] brn\n|-damage|p1a: Umbreon|60\/100 brn|[from] brn\n|-sideend|p2: normie jean|move: Tailwind\n|upkeep\n|\n|t:|1701061094\n|switch|p2a: Pelipper|Pelipper, M|87\/100\n|-damage|p2a: Pelipper|62\/100|[from] Stealth Rock\n|-weather|RainDance|[from] ability: Drizzle|[of] p2a: Pelipper\n|turn|21\n|\n|t:|1701061114\n|move|p2b: Clefairy|Helping Hand|p2a: Pelipper\n|-singleturn|p2a: Pelipper|Helping Hand|[of] p2b: Clefairy\n|move|p2a: Pelipper|Ice Beam|p1a: Umbreon\n|-damage|p1a: Umbreon|38\/100 brn\n|move|p1a: Umbreon|Wish|p1a: Umbreon\n|move|p1b: Magcargo|Lava Plume|p2b: Clefairy|[spread] p1a,p2a,p2b\n|-resisted|p2a: Pelipper\n|-damage|p1a: Umbreon|32\/100 brn\n|-damage|p2a: Pelipper|58\/100\n|-damage|p2b: Clefairy|28\/100 brn\n|\n|-weather|RainDance|[upkeep]\n|-heal|p2a: Pelipper|64\/100|[from] item: Leftovers\n|-damage|p1a: Umbreon|26\/100 brn|[from] brn\n|-damage|p2b: Clefairy|22\/100 brn|[from] brn\n|upkeep\n|turn|22\n|\n|t:|1701061136\n|move|p1a: Umbreon|Protect|p1a: Umbreon\n|-singleturn|p1a: Umbreon|Protect\n|move|p2b: Clefairy|Follow Me|p2b: Clefairy\n|-singleturn|p2b: Clefairy|move: Follow Me\n|move|p2a: Pelipper|Hurricane|p1a: Umbreon\n|-activate|p1a: Umbreon|move: Protect\n|move|p1b: Magcargo|Lava Plume|p2b: Clefairy|[spread] p2a,p2b\n|-activate|p1a: Umbreon|move: Protect\n|-resisted|p2a: Pelipper\n|-damage|p2a: Pelipper|61\/100\n|-damage|p2b: Clefairy|16\/100 brn\n|-status|p2a: Pelipper|brn\n|\n|-weather|RainDance|[upkeep]\n|-heal|p1a: Umbreon|76\/100 brn|[from] move: Wish|[wisher] Umbreon\n|-heal|p2a: Pelipper|67\/100 brn|[from] item: Leftovers\n|-damage|p2a: Pelipper|61\/100 brn|[from] brn\n|-damage|p1a: Umbreon|70\/100 brn|[from] brn\n|-damage|p2b: Clefairy|10\/100 brn|[from] brn\n|upkeep\n|turn|23\n|\n|t:|1701061169\n|move|p2a: Pelipper|Hurricane|p1a: Umbreon\n|-crit|p1a: Umbreon\n|-damage|p1a: Umbreon|30\/100 brn\n|move|p1a: Umbreon|Dark Pulse|p2a: Pelipper\n|-damage|p2a: Pelipper|48\/100 brn\n|move|p2b: Clefairy|Life Dew|p2b: Clefairy|[spread] p2a,p2b\n|-heal|p2a: Pelipper|73\/100 brn\n|-heal|p2b: Clefairy|35\/100 brn\n|move|p1b: Magcargo|Lava Plume|p2b: Clefairy|[spread] p1a,p2a,p2b\n|-resisted|p2a: Pelipper\n|-crit|p2a: Pelipper\n|-damage|p1a: Umbreon|24\/100 brn\n|-damage|p2a: Pelipper|68\/100 brn\n|-damage|p2b: Clefairy|28\/100 brn\n|\n|-weather|RainDance|[upkeep]\n|-heal|p2a: Pelipper|74\/100 brn|[from] item: Leftovers\n|-damage|p2a: Pelipper|68\/100 brn|[from] brn\n|-damage|p1a: Umbreon|18\/100 brn|[from] brn\n|-damage|p2b: Clefairy|22\/100 brn|[from] brn\n|upkeep\n|turn|24\n|\n|t:|1701061202\n|move|p1a: Umbreon|Protect|p1a: Umbreon\n|-singleturn|p1a: Umbreon|Protect\n|move|p2a: Pelipper|Hurricane|p1a: Umbreon\n|-activate|p1a: Umbreon|move: Protect\n|move|p2b: Clefairy|Life Dew|p2b: Clefairy|[spread] p2a,p2b\n|-heal|p2a: Pelipper|93\/100 brn\n|-heal|p2b: Clefairy|47\/100 brn\n|move|p1b: Magcargo|Lava Plume|p2a: Pelipper|[spread] p2a,p2b\n|-activate|p1a: Umbreon|move: Protect\n|-resisted|p2a: Pelipper\n|-damage|p2a: Pelipper|89\/100 brn\n|-damage|p2b: Clefairy|41\/100 brn\n|\n|-weather|RainDance|[upkeep]\n|-heal|p2a: Pelipper|95\/100 brn|[from] item: Leftovers\n|-damage|p2a: Pelipper|89\/100 brn|[from] brn\n|-damage|p1a: Umbreon|11\/100 brn|[from] brn\n|-damage|p2b: Clefairy|35\/100 brn|[from] brn\n|upkeep\n|turn|25\n|\n|t:|1701061240\n|move|p2a: Pelipper|Hurricane|p1a: Umbreon\n|-damage|p1a: Umbreon|0 fnt\n|faint|p1a: Umbreon\n|move|p2b: Clefairy|Life Dew|p2b: Clefairy|[spread] p2a,p2b\n|-heal|p2a: Pelipper|100\/100 brn\n|-heal|p2b: Clefairy|60\/100 brn\n|move|p1b: Magcargo|Lava Plume|p2b: Clefairy|[spread] p2a,p2b\n|-resisted|p2a: Pelipper\n|-damage|p2a: Pelipper|97\/100 brn\n|-damage|p2b: Clefairy|54\/100 brn\n|\n|-weather|none\n|-heal|p2a: Pelipper|100\/100 brn|[from] item: Leftovers\n|-damage|p2a: Pelipper|94\/100 brn|[from] brn\n|-damage|p2b: Clefairy|48\/100 brn|[from] brn\n|upkeep\n|turn|26\n|\n|t:|1701061260\n|switch|p2a: Meowscarada|Meowscarada, F|83\/100\n|-damage|p2a: Meowscarada|70\/100|[from] Stealth Rock\n|move|p2b: Clefairy|Life Dew|p2b: Clefairy|[spread] p2a,p2b\n|-heal|p2a: Meowscarada|95\/100\n|-heal|p2b: Clefairy|73\/100 brn\n|move|p1b: Magcargo|Lava Plume|p2a: Meowscarada|[spread] p2a,p2b\n|-supereffective|p2a: Meowscarada\n|-damage|p2a: Meowscarada|59\/100\n|-damage|p2b: Clefairy|59\/100 brn\n|-status|p2a: Meowscarada|brn\n|\n|-damage|p2a: Meowscarada|53\/100 brn|[from] brn\n|-damage|p2b: Clefairy|53\/100 brn|[from] brn\n|upkeep\n|turn|27\n|\n|t:|1701061289\n|move|p2b: Clefairy|Helping Hand|p2a: Meowscarada\n|-singleturn|p2a: Meowscarada|Helping Hand|[of] p2b: Clefairy\n|move|p2a: Meowscarada|Flower Trick|p1b: Magcargo\n|-start|p2a: Meowscarada|typechange|Grass|[from] ability: Protean\n|-crit|p1b: Magcargo\n|-damage|p1b: Magcargo|66\/100\n|move|p1b: Magcargo|Lava Plume|p2a: Meowscarada|[spread] p2a,p2b\n|-supereffective|p2a: Meowscarada\n|-damage|p2a: Meowscarada|14\/100 brn\n|-damage|p2b: Clefairy|39\/100 brn\n|\n|-heal|p1b: Magcargo|73\/100|[from] item: Leftovers\n|-damage|p2a: Meowscarada|8\/100 brn|[from] brn\n|-damage|p2b: Clefairy|32\/100 brn|[from] brn\n|upkeep\n|turn|28\n|\n|t:|1701061327\n|move|p2b: Clefairy|Helping Hand|p2a: Meowscarada\n|-singleturn|p2a: Meowscarada|Helping Hand|[of] p2b: Clefairy\n|move|p2a: Meowscarada|Flower Trick|p1b: Magcargo\n|-crit|p1b: Magcargo\n|-damage|p1b: Magcargo|38\/100\n|move|p1b: Magcargo|Lava Plume|p2a: Meowscarada|[spread] p2a,p2b\n|-supereffective|p2a: Meowscarada\n|-damage|p2a: Meowscarada|0 fnt\n|-damage|p2b: Clefairy|19\/100 brn\n|faint|p2a: Meowscarada\n|\n|-heal|p1b: Magcargo|44\/100|[from] item: Leftovers\n|-damage|p2b: Clefairy|12\/100 brn|[from] brn\n|upkeep\n|\n|t:|1701061342\n|switch|p2a: Pelipper|Pelipper, M|94\/100 brn\n|-damage|p2a: Pelipper|69\/100 brn|[from] Stealth Rock\n|-weather|RainDance|[from] ability: Drizzle|[of] p2a: Pelipper\n|turn|29\n|\n|t:|1701061368\n|move|p2a: Pelipper|Hurricane|p1b: Magcargo\n|-resisted|p1b: Magcargo\n|-damage|p1b: Magcargo|28\/100\n|move|p2b: Clefairy|Life Dew|p2b: Clefairy|[spread] p2a,p2b\n|-heal|p2a: Pelipper|94\/100 brn\n|-heal|p2b: Clefairy|37\/100 brn\n|move|p1b: Magcargo|Lava Plume|p2b: Clefairy|[spread] p2a,p2b\n|-resisted|p2a: Pelipper\n|-damage|p2a: Pelipper|90\/100 brn\n|-damage|p2b: Clefairy|30\/100 brn\n|\n|-weather|RainDance|[upkeep]\n|-heal|p2a: Pelipper|96\/100 brn|[from] item: Leftovers\n|-heal|p1b: Magcargo|34\/100|[from] item: Leftovers\n|-damage|p2a: Pelipper|90\/100 brn|[from] brn\n|-damage|p2b: Clefairy|24\/100 brn|[from] brn\n|upkeep\n|turn|30\n|\n|t:|1701061395\n|move|p2b: Clefairy|Helping Hand|p2a: Pelipper\n|-singleturn|p2a: Pelipper|Helping Hand|[of] p2b: Clefairy\n|move|p2a: Pelipper|Hurricane|p1b: Magcargo\n|-resisted|p1b: Magcargo\n|-damage|p1b: Magcargo|9\/100\n|move|p1b: Magcargo|Recover|p1b: Magcargo\n|-heal|p1b: Magcargo|59\/100\n|\n|-weather|RainDance|[upkeep]\n|-heal|p2a: Pelipper|96\/100 brn|[from] item: Leftovers\n|-heal|p1b: Magcargo|65\/100|[from] item: Leftovers\n|-damage|p2a: Pelipper|90\/100 brn|[from] brn\n|-damage|p2b: Clefairy|18\/100 brn|[from] brn\n|upkeep\n|turn|31\n|\n|t:|1701061423\n|move|p2b: Clefairy|Helping Hand|p2a: Pelipper\n|-singleturn|p2a: Pelipper|Helping Hand|[of] p2b: Clefairy\n|move|p2a: Pelipper|Hurricane|p1b: Magcargo\n|-resisted|p1b: Magcargo\n|-damage|p1b: Magcargo|40\/100\n|move|p1b: Magcargo|Lava Plume|p2a: Pelipper|[spread] p2a,p2b\n|-resisted|p2a: Pelipper\n|-damage|p2a: Pelipper|86\/100 brn\n|-damage|p2b: Clefairy|12\/100 brn\n|\n|-weather|RainDance|[upkeep]\n|-heal|p2a: Pelipper|92\/100 brn|[from] item: Leftovers\n|-heal|p1b: Magcargo|46\/100|[from] item: Leftovers\n|-damage|p2a: Pelipper|86\/100 brn|[from] brn\n|-damage|p2b: Clefairy|6\/100 brn|[from] brn\n|upkeep\n|turn|32\n|\n|t:|1701061459\n|move|p2b: Clefairy|Helping Hand|p2a: Pelipper\n|-singleturn|p2a: Pelipper|Helping Hand|[of] p2b: Clefairy\n|move|p2a: Pelipper|Hurricane|p1b: Magcargo\n|-resisted|p1b: Magcargo\n|-damage|p1b: Magcargo|21\/100\n|move|p1b: Magcargo|Lava Plume|p2b: Clefairy|[spread] p2a,p2b\n|-resisted|p2a: Pelipper\n|-damage|p2a: Pelipper|82\/100 brn\n|-damage|p2b: Clefairy|0 fnt\n|faint|p2b: Clefairy\n|\n|-weather|RainDance|[upkeep]\n|-heal|p2a: Pelipper|88\/100 brn|[from] item: Leftovers\n|-heal|p1b: Magcargo|27\/100|[from] item: Leftovers\n|-damage|p2a: Pelipper|82\/100 brn|[from] brn\n|upkeep\n|turn|33\n|\n|t:|1701061476\n|move|p2a: Pelipper|Hurricane|p1b: Magcargo\n|-resisted|p1b: Magcargo\n|-damage|p1b: Magcargo|11\/100\n|-start|p1b: Magcargo|confusion\n|-activate|p1b: Magcargo|confusion\n|-damage|p1b: Magcargo|7\/100|[from] confusion\n|\n|-weather|none\n|-heal|p2a: Pelipper|88\/100 brn|[from] item: Leftovers\n|-heal|p1b: Magcargo|14\/100|[from] item: Leftovers\n|-damage|p2a: Pelipper|82\/100 brn|[from] brn\n|upkeep\n|turn|34\n|\n|t:|1701061506\n|move|p2a: Pelipper|Hurricane|p1b: Magcargo\n|-resisted|p1b: Magcargo\n|-damage|p1b: Magcargo|0 fnt\n|faint|p1b: Magcargo\n|\n|win|normie jean\n","uploadtime":1701061512,"views":4,"p1id":"whaleu","p2id":"normiejean","formatid":"gen9nationaldexdoubles","rating":0,"private":0,"password":""}