{"id":"gen9nationaldexdoubles-1998438998","p1":"Psicodelicia96","p2":"Xorian-kun","format":"[Gen 9] National Dex Doubles","log":"|j|\u2606Psicodelicia96\n|j|\u2606Xorian-kun\n|t:|1700942414\n|gametype|doubles\n|player|p1|Psicodelicia96|burgh|\n|player|p2|Xorian-kun|grimsley|\n|teamsize|p1|6\n|teamsize|p2|6\n|gen|9\n|tier|[Gen 9] National Dex Doubles\n|rule|HP Percentage Mod: HP is shown in percentages\n|rule|Endless Battle Clause: Forcing endless battles is banned\n|rule|OHKO Clause: OHKO moves are banned\n|rule|Evasion Moves Clause: Evasion moves are banned\n|rule|Evasion Abilities Clause: Evasion abilities are banned\n|rule|Species Clause: Limit one of each Pok\u00e9mon\n|rule|Gravity Sleep Clause: The combination of sleep-inducing moves with imperfect accuracy and Gravity or Gigantamax Orbeetle are banned\n|clearpoke\n|poke|p1|Oricorio-Pom-Pom, F|\n|poke|p1|Volcarona, F|\n|poke|p1|Cresselia, F|\n|poke|p1|Chien-Pao|\n|poke|p1|Ogerpon-Wellspring, F|\n|poke|p1|Landorus-Therian, M|\n|poke|p2|Oricorio-Sensu, F|\n|poke|p2|Kingambit, M|\n|poke|p2|Volcarona, F|\n|poke|p2|Dragonite, M|\n|poke|p2|Cresselia, F|\n|poke|p2|Ursaluna, M|\n|teampreview\n|inactive|Battle timer is ON: inactive players will automatically lose when time's up. (requested by Xorian-kun)\n|inactive|Psicodelicia96 has 270 seconds left.\n|inactive|Xorian-kun has 270 seconds left.\n|\n|t:|1700942458\n|start\n|switch|p1a: Oricorio|Oricorio-Pom-Pom, F, shiny|100\/100\n|switch|p1b: Volcarona|Volcarona, F, shiny|100\/100\n|switch|p2a: karambit|Oricorio-Sensu, F|100\/100\n|switch|p2b: Volcarajo|Volcarona, F|100\/100\n|turn|1\n|inactive|Psicodelicia96 has 270 seconds left.\n|inactive|Psicodelicia96 has 240 seconds left.\n|\n|t:|1700942521\n|-terastallize|p1b: Volcarona|Water\n|move|p1b: Volcarona|Quiver Dance|p1b: Volcarona\n|-boost|p1b: Volcarona|spa|1\n|-boost|p1b: Volcarona|spd|1\n|-boost|p1b: Volcarona|spe|1\n|-activate|p2a: karambit|ability: Dancer\n|move|p2a: karambit|Quiver Dance|p2a: karambit|[from]ability: Dancer\n|-boost|p2a: karambit|spa|1\n|-boost|p2a: karambit|spd|1\n|-boost|p2a: karambit|spe|1\n|-activate|p1a: Oricorio|ability: Dancer\n|move|p1a: Oricorio|Quiver Dance|p1a: Oricorio|[from]ability: Dancer\n|-boost|p1a: Oricorio|spa|1\n|-boost|p1a: Oricorio|spd|1\n|-boost|p1a: Oricorio|spe|1\n|move|p2a: karambit|Hurricane|p1b: Volcarona\n|-damage|p1b: Volcarona|64\/100\n|-start|p1b: Volcarona|confusion\n|move|p1a: Oricorio|Tailwind|p1a: Oricorio\n|-sidestart|p1: Psicodelicia96|move: Tailwind\n|move|p2b: Volcarajo|Substitute|p2b: Volcarajo\n|-start|p2b: Volcarajo|Substitute\n|-damage|p2b: Volcarajo|76\/100\n|\n|upkeep\n|turn|2\n|inactive|Psicodelicia96 has 240 seconds left.\n|inactive|Xorian-kun has 270 seconds left.\n|\n|t:|1700942570\n|-activate|p1b: Volcarona|confusion\n|move|p1b: Volcarona|Fiery Dance|p2a: karambit\n|-damage|p2a: karambit|53\/100\n|-boost|p1b: Volcarona|spa|1\n|-activate|p2a: karambit|ability: Dancer\n|move|p2a: karambit|Fiery Dance|p1b: Volcarona|[from]ability: Dancer\n|-resisted|p1b: Volcarona\n|-damage|p1b: Volcarona|55\/100\n|-boost|p2a: karambit|spa|1\n|-activate|p1a: Oricorio|ability: Dancer\n|move|p1a: Oricorio|Fiery Dance|p2a: karambit|[from]ability: Dancer\n|-damage|p2a: karambit|22\/100\n|-boost|p1a: Oricorio|spa|1\n|move|p1a: Oricorio|Taunt|p2a: karambit\n|-start|p2a: karambit|move: Taunt\n|move|p2a: karambit|Revelation Dance|p1a: Oricorio\n|-damage|p1a: Oricorio|39\/100\n|-activate|p1a: Oricorio|ability: Dancer\n|move|p1a: Oricorio|Revelation Dance|p2a: karambit|[from]ability: Dancer\n|-supereffective|p2a: karambit\n|-damage|p2a: karambit|0 fnt\n|faint|p2a: karambit\n|move|p2b: Volcarajo|Bug Buzz|p1b: Volcarona\n|-crit|p1b: Volcarona\n|-damage|p1b: Volcarona|0 fnt\n|faint|p1b: Volcarona\n|-damage|p2b: Volcarajo|66\/100|[from] item: Life Orb\n|\n|upkeep\n|inactive|Psicodelicia96 has 240 seconds left.\n|inactive|Xorian-kun has 270 seconds left.\n|inactive|Psicodelicia96 has 210 seconds left.\n|\n|t:|1700942608\n|switch|p1b: Chien-Pao|Chien-Pao|100\/100\n|switch|p2a: Barney amarillo|Dragonite, M|100\/100\n|-ability|p1b: Chien-Pao|Sword of Ruin\n|turn|3\n|inactive|Xorian-kun has 270 seconds left.\n|inactive|Psicodelicia96 has 210 seconds left.\n|\n|t:|1700942641\n|-terastallize|p2a: Barney amarillo|Fire\n|move|p1a: Oricorio|Revelation Dance|p2a: Barney amarillo\n|-damage|p2a: Barney amarillo|64\/100\n|move|p1b: Chien-Pao|Swords Dance|p1b: Chien-Pao\n|-boost|p1b: Chien-Pao|atk|2\n|-activate|p1a: Oricorio|ability: Dancer\n|move|p1a: Oricorio|Swords Dance|p1a: Oricorio|[from]ability: Dancer\n|-boost|p1a: Oricorio|atk|2\n|move|p2b: Volcarajo|Fiery Dance|p1a: Oricorio\n|-damage|p1a: Oricorio|0 fnt\n|-boost|p2b: Volcarajo|spa|1\n|faint|p1a: Oricorio\n|-damage|p2b: Volcarajo|56\/100|[from] item: Life Orb\n|move|p2a: Barney amarillo|Dragon Dance|p2a: Barney amarillo\n|-boost|p2a: Barney amarillo|atk|1\n|-boost|p2a: Barney amarillo|spe|1\n|\n|upkeep\n|inactive|Psicodelicia96 has 210 seconds left.\n|\n|t:|1700942667\n|switch|p1a: Landorus|Landorus-Therian, M, shiny|100\/100\n|-ability|p1a: Landorus|Intimidate|boost\n|-unboost|p2a: Barney amarillo|atk|1\n|-immune|p2b: Volcarajo\n|turn|4\n|inactive|Psicodelicia96 has 210 seconds left.\n|inactive|Xorian-kun has 270 seconds left.\n|\n|t:|1700942698\n|move|p1b: Chien-Pao|Sucker Punch|p2a: Barney amarillo\n|-damage|p2a: Barney amarillo|0 fnt\n|faint|p2a: Barney amarillo\n|move|p1a: Landorus|U-turn|p2b: Volcarajo\n|-resisted|p2b: Volcarajo\n|-end|p2b: Volcarajo|Substitute\n|\n|t:|1700942708\n|switch|p1a: Ogerpon|Ogerpon-Wellspring, F|100\/100|[from] U-turn\n|move|p2b: Volcarajo|Quiver Dance|p2b: Volcarajo\n|-boost|p2b: Volcarajo|spa|1\n|-boost|p2b: Volcarajo|spd|1\n|-boost|p2b: Volcarajo|spe|1\n|\n|-sideend|p1: Psicodelicia96|move: Tailwind\n|upkeep\n|\n|t:|1700942715\n|switch|p2a: Kingco\u00f1o|Kingambit, M|100\/100\n|-activate|p2a: Kingco\u00f1o|ability: Supreme Overlord\n|-start|p2a: Kingco\u00f1o|fallen2|[silent]\n|turn|5\n|inactive|Psicodelicia96 has 210 seconds left.\n|inactive|Xorian-kun has 270 seconds left.\n|\n|t:|1700942741\n|move|p1b: Chien-Pao|Sucker Punch||[still]\n|-fail|p1b: Chien-Pao\n|move|p2b: Volcarajo|Bug Buzz|p1a: Ogerpon\n|-supereffective|p1a: Ogerpon\n|-damage|p1a: Ogerpon|0 fnt\n|faint|p1a: Ogerpon\n|-damage|p2b: Volcarajo|46\/100|[from] item: Life Orb\n|move|p2a: Kingco\u00f1o|Swords Dance|p2a: Kingco\u00f1o\n|-boost|p2a: Kingco\u00f1o|atk|2\n|\n|upkeep\n|\n|t:|1700942756\n|switch|p1a: Cresselia|Cresselia, F, shiny|100\/100\n|turn|6\n|inactive|Psicodelicia96 has 210 seconds left.\n|\n|t:|1700942778\n|move|p1b: Chien-Pao|Protect|p1b: Chien-Pao\n|-singleturn|p1b: Chien-Pao|Protect\n|move|p2a: Kingco\u00f1o|Sucker Punch||[still]\n|-fail|p2a: Kingco\u00f1o\n|move|p2b: Volcarajo|Bug Buzz|p1a: Cresselia\n|-supereffective|p1a: Cresselia\n|-damage|p1a: Cresselia|0 fnt\n|faint|p1a: Cresselia\n|-damage|p2b: Volcarajo|36\/100|[from] item: Life Orb\n|\n|upkeep\n|\n|t:|1700942789\n|switch|p1a: Landorus|Landorus-Therian, M, shiny|100\/100\n|-ability|p1a: Landorus|Intimidate|boost\n|-unboost|p2a: Kingco\u00f1o|atk|1\n|-unboost|p2b: Volcarajo|atk|1\n|turn|7\n|inactive|Psicodelicia96 has 210 seconds left.\n|\n|t:|1700942808\n|move|p1b: Chien-Pao|Sucker Punch|p2a: Kingco\u00f1o\n|-resisted|p2a: Kingco\u00f1o\n|-damage|p2a: Kingco\u00f1o|71\/100\n|move|p2a: Kingco\u00f1o|Sucker Punch||[still]\n|-fail|p2a: Kingco\u00f1o\n|move|p1a: Landorus|Stomping Tantrum|p2b: Volcarajo\n|-damage|p2b: Volcarajo|0 fnt\n|faint|p2b: Volcarajo\n|\n|-heal|p2a: Kingco\u00f1o|77\/100|[from] item: Leftovers\n|upkeep\n|\n|t:|1700942815\n|switch|p2b: fluminense|Cresselia, F|100\/100\n|turn|8\n|\n|t:|1700942834\n|move|p2a: Kingco\u00f1o|Protect|p2a: Kingco\u00f1o\n|-singleturn|p2a: Kingco\u00f1o|Protect\n|move|p1a: Landorus|Stomping Tantrum|p2a: Kingco\u00f1o\n|-activate|p2a: Kingco\u00f1o|move: Protect\n|move|p1b: Chien-Pao|Swords Dance|p1b: Chien-Pao\n|-boost|p1b: Chien-Pao|atk|2\n|move|p2b: fluminense|Trick Room|p2b: fluminense\n|-fieldstart|move: Trick Room|[of] p2b: fluminense\n|\n|-heal|p2a: Kingco\u00f1o|83\/100|[from] item: Leftovers\n|upkeep\n|turn|9\n|inactive|Psicodelicia96 has 240 seconds left.\n|\n|t:|1700942858\n|move|p2a: Kingco\u00f1o|Iron Head|p1b: Chien-Pao\n|-supereffective|p1b: Chien-Pao\n|-enditem|p1b: Chien-Pao|Focus Sash\n|-damage|p1b: Chien-Pao|1\/100\n|move|p2b: fluminense|Psychic|p1a: Landorus\n|-crit|p1a: Landorus\n|-damage|p1a: Landorus|35\/100\n|move|p1b: Chien-Pao|Ice Spinner|p2b: fluminense\n|-damage|p2b: fluminense|0 fnt\n|faint|p2b: fluminense\n|move|p1a: Landorus|Stomping Tantrum|p2a: Kingco\u00f1o\n|-supereffective|p2a: Kingco\u00f1o\n|-damage|p2a: Kingco\u00f1o|1\/100\n|\n|-heal|p2a: Kingco\u00f1o|7\/100|[from] item: Leftovers\n|upkeep\n|\n|t:|1700942869\n|switch|p2b: Deportivo Maip\u00fa|Ursaluna, M|100\/100\n|turn|10\n|inactive|Psicodelicia96 has 240 seconds left.\n|\n|t:|1700942911\n|move|p1b: Chien-Pao|Sucker Punch|p2a: Kingco\u00f1o\n|-resisted|p2a: Kingco\u00f1o\n|-damage|p2a: Kingco\u00f1o|0 fnt\n|faint|p2a: Kingco\u00f1o\n|-end|p2a: Kingco\u00f1o|fallen2|[silent]\n|move|p2b: Deportivo Maip\u00fa|Facade|p1b: Chien-Pao\n|-damage|p1b: Chien-Pao|0 fnt\n|faint|p1b: Chien-Pao\n|move|p1a: Landorus|Stomping Tantrum|p2b: Deportivo Maip\u00fa\n|-damage|p2b: Deportivo Maip\u00fa|66\/100\n|\n|-status|p2b: Deportivo Maip\u00fa|brn|[from] item: Flame Orb\n|upkeep\n|turn|11\n|inactive|Psicodelicia96 has 240 seconds left.\n|\n|t:|1700942926\n|move|p2b: Deportivo Maip\u00fa|Facade|p1a: Landorus\n|-damage|p1a: Landorus|0 fnt\n|faint|p1a: Landorus\n|\n|win|Xorian-kun\n","uploadtime":1700942944,"views":4,"p1id":"psicodelicia96","p2id":"xoriankun","formatid":"gen9nationaldexdoubles","rating":0,"private":0,"password":""}