{"id":"gen9nationaldexdoubles-1974005334","p1":"tifftiff","p2":"dancingpig","format":"[Gen 9] National Dex Doubles","log":"|j|\u2606tifftiff\n|j|\u2606dancingpig\n|t:|1698040360\n|gametype|doubles\n|player|p1|tifftiff|cynthia-gen4|1182\n|player|p2|dancingpig|n|1077\n|teamsize|p1|6\n|teamsize|p2|6\n|gen|9\n|tier|[Gen 9] National Dex Doubles\n|rated|\n|rule|HP Percentage Mod: HP is shown in percentages\n|rule|Endless Battle Clause: Forcing endless battles is banned\n|rule|OHKO Clause: OHKO moves are banned\n|rule|Evasion Moves Clause: Evasion moves are banned\n|rule|Evasion Abilities Clause: Evasion abilities are banned\n|rule|Species Clause: Limit one of each Pok\u00e9mon\n|rule|Gravity Sleep Clause: The combination of sleep-inducing moves with imperfect accuracy and Gravity or Gigantamax Orbeetle are banned\n|clearpoke\n|poke|p1|Eelektross, M|\n|poke|p1|Zapdos|\n|poke|p1|Lanturn, M|\n|poke|p1|Rotom-Wash|\n|poke|p1|Pelipper, F|\n|poke|p1|Ampharos, M|\n|poke|p2|Sableye, F|\n|poke|p2|Breloom, F|\n|poke|p2|Arcanine, M|\n|poke|p2|Greninja-*, M|\n|poke|p2|Ninetales-Alola, M|\n|poke|p2|Charizard, F|\n|teampreview\n|inactive|Battle timer is ON: inactive players will automatically lose when time's up. (requested by tifftiff)\n|c|\u2606tifftiff|glhf\n|\n|t:|1698040370\n|start\n|switch|p1a: Peppy|Pelipper, F|100\/100\n|switch|p1b: Fluffy|Ampharos, M|100\/100\n|switch|p2a: Sableye|Sableye, F|100\/100\n|switch|p2b: Breloom|Breloom, F|100\/100\n|-weather|RainDance|[from] ability: Drizzle|[of] p1a: Peppy\n|turn|1\n|\n|t:|1698040385\n|move|p2a: Sableye|Will-O-Wisp|p1b: Fluffy\n|-status|p1b: Fluffy|brn\n|move|p2b: Breloom|Spore|p1a: Peppy\n|-status|p1a: Peppy|slp|[from] move: Spore\n|cant|p1a: Peppy|slp\n|move|p1b: Fluffy|Dazzling Gleam|p2a: Sableye|[spread] p2a,p2b\n|-supereffective|p2a: Sableye\n|-supereffective|p2b: Breloom\n|-damage|p2a: Sableye|54\/100\n|-damage|p2b: Breloom|24\/100\n|-enditem|p2a: Sableye|Eject Button\n|\n|t:|1698040403\n|switch|p2a: Charizard|Charizard, F|100\/100\n|\n|-weather|RainDance|[upkeep]\n|-damage|p1b: Fluffy|94\/100 brn|[from] brn\n|upkeep\n|turn|2\n|j| XXMurdrXX\n|\n|t:|1698040416\n|detailschange|p2a: Charizard|Charizard-Mega-Y, F\n|-mega|p2a: Charizard|Charizard|Charizardite Y\n|-weather|SunnyDay|[from] ability: Drought|[of] p2a: Charizard\n|move|p2a: Charizard|Weather Ball|p1b: Fluffy\n|-damage|p1b: Fluffy|13\/100 brn\n|move|p2b: Breloom|Bullet Seed|p1b: Fluffy\n|-damage|p1b: Fluffy|0 fnt\n|faint|p1b: Fluffy\n|-hitcount|p1: Fluffy|1\n|-curestatus|p1a: Peppy|slp|[msg]\n|move|p1a: Peppy|Surf|p2a: Charizard|[spread] p2a,p2b\n|-supereffective|p2a: Charizard\n|-resisted|p2b: Breloom\n|-damage|p2a: Charizard|78\/100\n|-damage|p2b: Breloom|13\/100\n|\n|-weather|SunnyDay|[upkeep]\n|upkeep\n|\n|t:|1698040433\n|switch|p1b: ZapZap|Lanturn, M|100\/100\n|turn|3\n|\n|t:|1698040444\n|switch|p1a: Laundry|Rotom-Wash|100\/100\n|move|p2a: Charizard|Solar Beam||[still]\n|-prepare|p2a: Charizard|Solar Beam\n|-anim|p2a: Charizard|Solar Beam|p1b: ZapZap\n|-supereffective|p1b: ZapZap\n|-damage|p1b: ZapZap|42\/100\n|move|p2b: Breloom|Spore|p1a: Laundry\n|-status|p1a: Laundry|slp|[from] move: Spore\n|move|p1b: ZapZap|Volt Switch|p2a: Charizard\n|-supereffective|p2a: Charizard\n|-damage|p2a: Charizard|41\/100\n|\n|t:|1698040456\n|switch|p1b: Peppy|Pelipper, F|100\/100|[from] Volt Switch\n|-weather|RainDance|[from] ability: Drizzle|[of] p1b: Peppy\n|\n|-weather|RainDance|[upkeep]\n|upkeep\n|turn|4\n|\n|t:|1698040470\n|switch|p2a: Ninetales|Ninetales-Alola, M|100\/100\n|-weather|Snow|[from] ability: Snow Warning|[of] p2a: Ninetales\n|move|p2b: Breloom|Spore|p1b: Peppy\n|-status|p1b: Peppy|slp|[from] move: Spore\n|cant|p1a: Laundry|slp\n|cant|p1b: Peppy|slp\n|\n|-weather|Snow|[upkeep]\n|upkeep\n|turn|5\n|c|\u2606tifftiff|Is sleep clause not a thing\n|inactive|tifftiff has 120 seconds left.\n|c|\u2606tifftiff|?\n|\n|t:|1698040529\n|switch|p1b: ZapZap|Lanturn, M|42\/100\n|move|p2a: Ninetales|Freeze-Dry|p1b: ZapZap\n|-supereffective|p1b: ZapZap\n|-damage|p1b: ZapZap|8\/100\n|-status|p1b: ZapZap|frz\n|move|p2b: Breloom|Bullet Seed|p1a: Laundry\n|-supereffective|p1a: Laundry\n|-damage|p1a: Laundry|60\/100 slp\n|-supereffective|p1a: Laundry\n|-damage|p1a: Laundry|17\/100 slp\n|-supereffective|p1a: Laundry\n|-damage|p1a: Laundry|0 fnt\n|faint|p1a: Laundry\n|-hitcount|p1: Laundry|3\n|\n|-weather|Snow|[upkeep]\n|-heal|p1b: ZapZap|14\/100 frz|[from] item: Leftovers\n|upkeep\n|inactive|tifftiff has 90 seconds left.\n|\n|t:|1698040551\n|switch|p1a: Peppy|Pelipper, F|100\/100 slp\n|-weather|RainDance|[from] ability: Drizzle|[of] p1a: Peppy\n|turn|6\n|c|\u2606tifftiff|Is sleep clause only for single battles?\n|inactive|tifftiff has 90 seconds left.\n|c|\u2606tifftiff|I thought it applies to doubles too\n|\n|t:|1698040585\n|move|p2a: Ninetales|Freeze-Dry|p1a: Peppy\n|-supereffective|p1a: Peppy\n|-damage|p1a: Peppy|0 fnt\n|faint|p1a: Peppy\n|move|p2b: Breloom|Bullet Seed|p1b: ZapZap\n|-supereffective|p1b: ZapZap\n|-damage|p1b: ZapZap|0 fnt\n|faint|p1b: ZapZap\n|-hitcount|p1: ZapZap|1\n|\n|-weather|RainDance|[upkeep]\n|upkeep\n|\n|t:|1698040602\n|switch|p1b: SpicyBird|Zapdos|100\/100\n|switch|p1a: Noodle|Eelektross, M|100\/100\n|-ability|p1b: SpicyBird|Pressure\n|turn|7\n|\n|t:|1698040616\n|switch|p2a: Charizard|Charizard-Mega-Y, F|41\/100\n|-weather|SunnyDay|[from] ability: Drought|[of] p2a: Charizard\n|switch|p2b: Arcanine|Arcanine, M|100\/100\n|-ability|p2b: Arcanine|Intimidate|boost\n|-unboost|p1a: Noodle|atk|1\n|-unboost|p1b: SpicyBird|atk|1\n|-terastallize|p1b: SpicyBird|Steel\n|move|p1b: SpicyBird|Hurricane|p2b: Arcanine\n|-damage|p2b: Arcanine|24\/100\n|-start|p2b: Arcanine|confusion\n|move|p1a: Noodle|Dragon Tail|p2b: Arcanine\n|-damage|p2b: Arcanine|11\/100\n|drag|p2b: Ninetales|Ninetales-Alola, M|100\/100\n|-weather|Snow|[from] ability: Snow Warning|[of] p2b: Ninetales\n|\n|-weather|Snow|[upkeep]\n|upkeep\n|turn|8\n|inactive|tifftiff has 90 seconds left.\n|\n|t:|1698040648\n|move|p2b: Ninetales|Aurora Veil|p2b: Ninetales\n|-sidestart|p2: dancingpig|move: Aurora Veil\n|move|p2a: Charizard|Weather Ball|p1a: Noodle\n|-damage|p1a: Noodle|70\/100\n|move|p1b: SpicyBird|Thunder|p2a: Charizard|[miss]\n|-miss|p1b: SpicyBird|p2a: Charizard\n|move|p1a: Noodle|Thunder|p2a: Charizard|[miss]\n|-miss|p1a: Noodle|p2a: Charizard\n|\n|-weather|Snow|[upkeep]\n|upkeep\n|turn|9\n|inactive|tifftiff has 90 seconds left.\n|\n|t:|1698040668\n|move|p2b: Ninetales|Moonblast|p1a: Noodle\n|-damage|p1a: Noodle|42\/100\n|move|p2a: Charizard|Air Slash|p1a: Noodle\n|-resisted|p1a: Noodle\n|-damage|p1a: Noodle|26\/100\n|move|p1b: SpicyBird|Thunder|p2a: Charizard|[miss]\n|-miss|p1b: SpicyBird|p2a: Charizard\n|cant|p1a: Noodle|flinch\n|\n|-weather|Snow|[upkeep]\n|upkeep\n|turn|10\n|\n|t:|1698040697\n|switch|p2a: Greninja|Greninja, M|100\/100\n|move|p2b: Ninetales|Moonblast|p1a: Noodle\n|-damage|p1a: Noodle|0 fnt\n|faint|p1a: Noodle\n|move|p1b: SpicyBird|Thunder|p2a: Greninja\n|-supereffective|p2a: Greninja\n|-damage|p2a: Greninja|0 fnt\n|faint|p2a: Greninja\n|\n|-weather|Snow|[upkeep]\n|upkeep\n|inactive|dancingpig has 120 seconds left.\n|\n|t:|1698040712\n|switch|p2a: Breloom|Breloom, F|13\/100\n|turn|11\n|inactive|tifftiff has 120 seconds left.\n|\n|t:|1698040718\n|switch|p2b: Sableye|Sableye, F|54\/100\n|move|p2a: Breloom|Mach Punch|p1b: SpicyBird\n|-supereffective|p1b: SpicyBird\n|-damage|p1b: SpicyBird|33\/100\n|move|p1b: SpicyBird|Hurricane|p2a: Breloom\n|-supereffective|p2a: Breloom\n|-damage|p2a: Breloom|0 fnt\n|faint|p2a: Breloom\n|\n|-weather|none\n|upkeep\n|\n|t:|1698040727\n|switch|p2a: Arcanine|Arcanine, M|11\/100\n|-ability|p2a: Arcanine|Intimidate|boost\n|-unboost|p1b: SpicyBird|atk|1\n|turn|12\n|\n|t:|1698040735\n|move|p2b: Sableye|Quash|p1b: SpicyBird\n|-activate|p1b: SpicyBird|move: Quash\n|move|p2a: Arcanine|Flare Blitz|p1b: SpicyBird\n|-supereffective|p1b: SpicyBird\n|-damage|p1b: SpicyBird|0 fnt\n|faint|p1b: SpicyBird\n|-damage|p2a: Arcanine|0 fnt|[from] Recoil\n|faint|p2a: Arcanine\n|\n|win|dancingpig\n|raw|tifftiff's rating: 1182 &rarr; <strong>1150<\/strong><br \/>(-32 for losing)\n|raw|dancingpig's rating: 1077 &rarr; <strong>1114<\/strong><br \/>(+37 for winning)\n","uploadtime":1698040747,"views":12,"p1id":"tifftiff","p2id":"dancingpig","formatid":"gen9nationaldexdoubles","rating":1114,"private":0,"password":""}