{"id":"gen9nationaldexdoubles-1987515604","p1":"FriedBeaver01","p2":"KRIST000","format":"[Gen 9] National Dex Doubles","log":"|j|\u2606FriedBeaver01\n|j|\u2606KRIST000\n|t:|1699604932\n|gametype|doubles\n|player|p1|FriedBeaver01|266|1145\n|player|p2|KRIST000|101|1000\n|teamsize|p1|6\n|teamsize|p2|6\n|gen|9\n|tier|[Gen 9] National Dex Doubles\n|rated|\n|rule|HP Percentage Mod: HP is shown in percentages\n|rule|Endless Battle Clause: Forcing endless battles is banned\n|rule|OHKO Clause: OHKO moves are banned\n|rule|Evasion Moves Clause: Evasion moves are banned\n|rule|Evasion Abilities Clause: Evasion abilities are banned\n|rule|Species Clause: Limit one of each Pok\u00e9mon\n|rule|Gravity Sleep Clause: The combination of sleep-inducing moves with imperfect accuracy and Gravity or Gigantamax Orbeetle are banned\n|clearpoke\n|poke|p1|Great Tusk|\n|poke|p1|Torkoal, M|\n|poke|p1|Altaria, M|\n|poke|p1|Clawitzer, M|\n|poke|p1|Sableye, M|\n|poke|p1|Iron Valiant|\n|poke|p2|Mawile, M|\n|poke|p2|Dragonite, M|\n|poke|p2|Florges-Blue, F|\n|poke|p2|Samurott-Hisui, M|\n|poke|p2|Kommo-o, F|\n|poke|p2|Oricorio-Sensu, M|\n|teampreview\n|inactive|Battle timer is ON: inactive players will automatically lose when time's up. (requested by KRIST000)\n|\n|t:|1699604956\n|start\n|switch|p1a: Sableye|Sableye, M, shiny|100\/100\n|switch|p1b: Iron Valiant|Iron Valiant, shiny|100\/100\n|switch|p2a: Samurott|Samurott-Hisui, M, shiny|100\/100\n|switch|p2b: Dragonite|Dragonite, M, shiny|100\/100\n|-enditem|p1b: Iron Valiant|Booster Energy\n|-activate|p1b: Iron Valiant|ability: Quark Drive|[fromitem]\n|-start|p1b: Iron Valiant|quarkdriveatk\n|turn|1\n|inactive|FriedBeaver01 has 120 seconds left.\n|\n|t:|1699604992\n|move|p2b: Dragonite|Extreme Speed|p1b: Iron Valiant\n|-damage|p1b: Iron Valiant|32\/100\n|move|p1a: Sableye|Sucker Punch||[still]\n|-fail|p1a: Sableye\n|move|p2a: Samurott|Ceaseless Edge|p1a: Sableye|[miss]\n|-miss|p2a: Samurott|p1a: Sableye\n|move|p1b: Iron Valiant|Dazzling Gleam|p2a: Samurott|[spread] p2a,p2b\n|-supereffective|p2a: Samurott\n|-supereffective|p2b: Dragonite\n|-damage|p2a: Samurott|15\/100\n|-damage|p2b: Dragonite|34\/100\n|\n|upkeep\n|turn|2\n|inactive|FriedBeaver01 has 120 seconds left.\n|\n|t:|1699605017\n|move|p1b: Iron Valiant|Quick Guard|p1b: Iron Valiant\n|-singleturn|p1b: Iron Valiant|Quick Guard\n|move|p2b: Dragonite|Extreme Speed|p1b: Iron Valiant\n|-activate|p1b: Iron Valiant|move: Quick Guard\n|move|p1a: Sableye|Sucker Punch|p2a: Samurott\n|-resisted|p2a: Samurott\n|-damage|p2a: Samurott|0 fnt\n|faint|p2a: Samurott\n|\n|upkeep\n|\n|t:|1699605030\n|switch|p2a: Oricorio|Oricorio-Sensu, M, shiny|100\/100\n|turn|3\n|\n|t:|1699605042\n|move|p1b: Iron Valiant|Quick Guard|p1b: Iron Valiant\n|-singleturn|p1b: Iron Valiant|Quick Guard\n|move|p2b: Dragonite|Extreme Speed|p1b: Iron Valiant\n|-activate|p1b: Iron Valiant|move: Quick Guard\n|move|p1a: Sableye|Encore|p2b: Dragonite\n|-start|p2b: Dragonite|Encore\n|move|p2a: Oricorio|Quiver Dance|p2a: Oricorio\n|-boost|p2a: Oricorio|spa|1\n|-boost|p2a: Oricorio|spd|1\n|-boost|p2a: Oricorio|spe|1\n|\n|upkeep\n|turn|4\n|\n|t:|1699605063\n|move|p1b: Iron Valiant|Quick Guard|p1b: Iron Valiant\n|-singleturn|p1b: Iron Valiant|Quick Guard\n|move|p2b: Dragonite|Extreme Speed|p1b: Iron Valiant\n|-activate|p1b: Iron Valiant|move: Quick Guard\n|move|p1a: Sableye|Taunt|p2a: Oricorio\n|-start|p2a: Oricorio|move: Taunt\n|cant|p2a: Oricorio|move: Taunt|Quiver Dance\n|\n|upkeep\n|turn|5\n|\n|t:|1699605083\n|move|p1b: Iron Valiant|Quick Guard|p1b: Iron Valiant\n|-singleturn|p1b: Iron Valiant|Quick Guard\n|move|p2b: Dragonite|Extreme Speed|p1b: Iron Valiant\n|-activate|p1b: Iron Valiant|move: Quick Guard\n|move|p1a: Sableye|Sucker Punch|p2a: Oricorio\n|-supereffective|p2a: Oricorio\n|-damage|p2a: Oricorio|39\/100\n|move|p2a: Oricorio|Air Slash|p2b: Dragonite\n|-damage|p2b: Dragonite|0 fnt\n|faint|p2b: Dragonite\n|\n|upkeep\n|\n|t:|1699605093\n|switch|p2b: Kommo-o|Kommo-o, F, shiny|100\/100\n|turn|6\n|\n|t:|1699605106\n|move|p1b: Iron Valiant|Wide Guard|p1b: Iron Valiant\n|-singleturn|p1b: Iron Valiant|Wide Guard\n|move|p1a: Sableye|Sucker Punch|p2a: Oricorio\n|-supereffective|p2a: Oricorio\n|-damage|p2a: Oricorio|0 fnt\n|faint|p2a: Oricorio\n|move|p2b: Kommo-o|Boomburst|p1b: Iron Valiant|[spread] \n|-activate|p1a: Sableye|move: Wide Guard\n|-activate|p1b: Iron Valiant|move: Wide Guard\n|\n|upkeep\n|c|\u2606FriedBeaver01|Gottem good\n|c|\u2606KRIST000|wym you are spamming wide guard kiddo\n|inactive|KRIST000 has 120 seconds left.\n|\n|t:|1699605137\n|switch|p2a: Mawile|Mawile, M, shiny|100\/100\n|-ability|p2a: Mawile|Intimidate|boost\n|-unboost|p1a: Sableye|atk|1\n|-unboost|p1b: Iron Valiant|atk|1\n|turn|7\n|c|\u2606FriedBeaver01|lol k\n|inactive|FriedBeaver01 has 120 seconds left.\n|c|\u2606FriedBeaver01|It\u2019s not like you are playing Kommo-O and Oricorio and all that bs\n|inactive|FriedBeaver01 has 90 seconds left.\n|c|\u2606KRIST000|wym oricorio is like pu\n|c|\u2606KRIST000|stop talking kid\n|\n|t:|1699605217\n|move|p1a: Sableye|Quash|p2b: Kommo-o\n|-activate|p2b: Kommo-o|move: Quash\n|move|p1b: Iron Valiant|Dazzling Gleam|p2a: Mawile|[spread] p2a,p2b\n|-resisted|p2a: Mawile\n|-supereffective|p2b: Kommo-o\n|-damage|p2a: Mawile|74\/100\n|-damage|p2b: Kommo-o|0 fnt\n|faint|p2b: Kommo-o\n|move|p2a: Mawile|Swords Dance|p2a: Mawile\n|-boost|p2a: Mawile|atk|2\n|\n|upkeep\n|\n|t:|1699605226\n|switch|p2b: Florges|Florges-Blue, F, shiny|100\/100\n|turn|8\n|c|\u2606FriedBeaver01|Lol stay mad\n|inactive|FriedBeaver01 has 90 seconds left.\n|c|\u2606KRIST000|i will stay mad tysm\n|\n|t:|1699605256\n|detailschange|p2a: Mawile|Mawile-Mega, M, shiny\n|-mega|p2a: Mawile|Mawile|Mawilite\n|move|p1b: Iron Valiant|Wide Guard|p1b: Iron Valiant\n|-singleturn|p1b: Iron Valiant|Wide Guard\n|move|p1a: Sableye|Taunt|p2a: Mawile\n|-start|p2a: Mawile|move: Taunt\n|move|p2a: Mawile|Sucker Punch||[still]\n|-fail|p2a: Mawile\n|move|p2b: Florges|Moonblast|p1a: Sableye\n|-supereffective|p1a: Sableye\n|-enditem|p1a: Sableye|Focus Sash\n|-damage|p1a: Sableye|1\/100\n|-unboost|p1a: Sableye|spa|1\n|\n|upkeep\n|turn|9\n|inactive|FriedBeaver01 has 90 seconds left.\n|inactive|FriedBeaver01 has 60 seconds left.\n|\n|t:|1699605321\n|move|p1b: Iron Valiant|Quick Guard|p1b: Iron Valiant\n|-singleturn|p1b: Iron Valiant|Quick Guard\n|move|p1a: Sableye|Encore|p2a: Mawile\n|-start|p2a: Mawile|Encore\n|move|p2b: Florges|Moonblast|p1a: Sableye\n|-supereffective|p1a: Sableye\n|-damage|p1a: Sableye|0 fnt\n|faint|p1a: Sableye\n|move|p2a: Mawile|Sucker Punch||[still]\n|-fail|p2a: Mawile\n|\n|upkeep\n|inactive|FriedBeaver01 has 30 seconds left.\n|\n|t:|1699605334\n|switch|p1a: Clawitzer|Clawitzer, M, shiny|100\/100\n|turn|10\n|\n|t:|1699605346\n|move|p1b: Iron Valiant|Quick Guard|p1b: Iron Valiant\n|-singleturn|p1b: Iron Valiant|Quick Guard\n|move|p2a: Mawile|Sucker Punch||[still]\n|-fail|p2a: Mawile\n|move|p1a: Clawitzer|Heal Pulse|p1b: Iron Valiant\n|-heal|p1b: Iron Valiant|100\/100\n|move|p2b: Florges|Moonblast|p1b: Iron Valiant\n|-supereffective|p1b: Iron Valiant\n|-damage|p1b: Iron Valiant|0 fnt\n|faint|p1b: Iron Valiant\n|-end|p1b: Iron Valiant|Quark Drive|[silent]\n|\n|-end|p2a: Mawile|move: Taunt\n|upkeep\n|\n|t:|1699605358\n|switch|p1b: Torkoal|Torkoal, M, shiny|100\/100\n|-weather|SunnyDay|[from] ability: Drought|[of] p1b: Torkoal\n|turn|11\n|inactive|FriedBeaver01 has 60 seconds left.\n|\n|t:|1699605376\n|-terastallize|p1b: Torkoal|Fire\n|move|p2a: Mawile|Sucker Punch|p1b: Torkoal\n|-damage|p1b: Torkoal|29\/100\n|move|p1a: Clawitzer|Aura Sphere|p2a: Mawile\n|-damage|p2a: Mawile|23\/100\n|move|p2b: Florges|Moonblast|p1a: Clawitzer\n|-damage|p1a: Clawitzer|56\/100\n|move|p1b: Torkoal|Eruption|p2b: Florges|[spread] p2a,p2b\n|-supereffective|p2a: Mawile\n|-damage|p2a: Mawile|0 fnt\n|-damage|p2b: Florges|87\/100\n|faint|p2a: Mawile\n|\n|-weather|SunnyDay|[upkeep]\n|-heal|p2b: Florges|93\/100|[from] item: Leftovers\n|-heal|p1b: Torkoal|35\/100|[from] item: Leftovers\n|upkeep\n|turn|12\n|inactive|FriedBeaver01 has 60 seconds left.\n|c|\u2606FriedBeaver01|gg\n|\n|t:|1699605405\n|-terastallize|p2b: Florges|Fairy\n|move|p1a: Clawitzer|Heal Pulse|p1b: Torkoal\n|-heal|p1b: Torkoal|100\/100\n|move|p2b: Florges|Moonblast|p1b: Torkoal\n|-resisted|p1b: Torkoal\n|-damage|p1b: Torkoal|62\/100\n|move|p1b: Torkoal|Eruption|p2b: Florges\n|-damage|p2b: Florges|49\/100\n|\n|-weather|SunnyDay|[upkeep]\n|-heal|p2b: Florges|56\/100|[from] item: Leftovers\n|-heal|p1b: Torkoal|68\/100|[from] item: Leftovers\n|upkeep\n|turn|13\n|\n|t:|1699605418\n|move|p1a: Clawitzer|Heal Pulse|p1b: Torkoal\n|-heal|p1b: Torkoal|100\/100\n|move|p2b: Florges|Moonblast|p1a: Clawitzer\n|-damage|p1a: Clawitzer|0 fnt\n|faint|p1a: Clawitzer\n|move|p1b: Torkoal|Eruption|p2b: Florges\n|-damage|p2b: Florges|0 fnt\n|faint|p2b: Florges\n|\n|win|FriedBeaver01\n|raw|FriedBeaver01's rating: 1145 &rarr; <strong>1160<\/strong><br \/>(+15 for winning)\n|raw|KRIST000's rating: 1000 &rarr; <strong>1000<\/strong><br \/>(+0 for losing)\n|c|\u2606FriedBeaver01|get owned kid\n|c|\u2606KRIST000|kill you self\n|c|\u2606KRIST000|kiddo\n|c|\u2606FriedBeaver01|lmfao\n|c|\u2606FriedBeaver01|cope and seethe\n|c|\u2606KRIST000|lmfao\n|c|\u2606KRIST000|i will cope\n|c|\u2606FriedBeaver01|Mald even\n|c|\u2606KRIST000|and seethe\n|c|\u2606KRIST000|mad*\n|c|\u2606KRIST000|get better\n|c|\u2606KRIST000|Kid\n|c|\u2606KRIST000|Get better'\n|l|\u2606KRIST000\n|c|\u2606FriedBeaver01|Heheheha\n","uploadtime":1699605484,"views":17,"p1id":"friedbeaver01","p2id":"krist000","formatid":"gen9nationaldexdoubles","rating":1000,"private":0,"password":""}