{"id":"gen9nationaldexdoubles-1972481179","p1":"Damiandaking","p2":"Hop hop cat","format":"[Gen 9] National Dex Doubles","log":"|j|\u2606Damiandaking\n|j|\u2606Hop hop cat\n|t:|1697847720\n|gametype|doubles\n|player|p1|Damiandaking|ethan|1099\n|player|p2|Hop hop cat|bertha|1045\n|teamsize|p1|6\n|teamsize|p2|6\n|gen|9\n|tier|[Gen 9] National Dex Doubles\n|rated|\n|rule|HP Percentage Mod: HP is shown in percentages\n|rule|Endless Battle Clause: Forcing endless battles is banned\n|rule|OHKO Clause: OHKO moves are banned\n|rule|Evasion Moves Clause: Evasion moves are banned\n|rule|Evasion Abilities Clause: Evasion abilities are banned\n|rule|Species Clause: Limit one of each Pok\u00e9mon\n|rule|Gravity Sleep Clause: The combination of sleep-inducing moves with imperfect accuracy and Gravity or Gigantamax Orbeetle are banned\n|clearpoke\n|poke|p1|Scrafty, M|\n|poke|p1|Amoonguss, M|\n|poke|p1|Chandelure, M|\n|poke|p1|Vanillish, M|\n|poke|p1|Haxorus, M|\n|poke|p1|Vanilluxe, F|\n|poke|p2|Hattrem, F|\n|poke|p2|Kommo-o, M|\n|poke|p2|Morpeko, F|\n|poke|p2|Toxapex, F|\n|poke|p2|Murkrow, M|\n|poke|p2|Oranguru, F|\n|teampreview\n|\n|t:|1697847727\n|start\n|switch|p1a: Vanilluxe|Vanilluxe, F|100\/100\n|switch|p1b: Vanillish|Vanillish, M|100\/100\n|switch|p2a: Kommo-o|Kommo-o, M|100\/100\n|switch|p2b: Murkrow|Murkrow, M|100\/100\n|-weather|Snow|[from] ability: Snow Warning|[of] p1a: Vanilluxe\n|turn|1\n|\n|t:|1697847737\n|switch|p2a: Toxapex|Toxapex, F, shiny|100\/100\n|move|p2b: Murkrow|Tailwind|p2b: Murkrow\n|-sidestart|p2: Hop hop cat|move: Tailwind\n|move|p1a: Vanilluxe|Blizzard|p2b: Murkrow|[spread] p2a,p2b\n|-resisted|p2a: Toxapex\n|-supereffective|p2b: Murkrow\n|-damage|p2a: Toxapex|77\/100\n|-damage|p2b: Murkrow|0 fnt\n|faint|p2b: Murkrow\n|move|p1b: Vanillish|Blizzard|p2a: Toxapex\n|-resisted|p2a: Toxapex\n|-damage|p2a: Toxapex|60\/100\n|\n|-weather|Snow|[upkeep]\n|-heal|p2a: Toxapex|66\/100|[from] item: Leftovers\n|upkeep\n|\n|t:|1697847773\n|switch|p2b: Morpeko|Morpeko, F|100\/100\n|turn|2\n|\n|t:|1697847783\n|move|p2b: Morpeko|Fake Out|p1a: Vanilluxe\n|-damage|p1a: Vanilluxe|92\/100\n|move|p2a: Toxapex|Toxic Spikes|p1a: Vanilluxe\n|-sidestart|p1: Damiandaking|move: Toxic Spikes\n|cant|p1a: Vanilluxe|flinch\n|move|p1b: Vanillish|Light Screen|p1b: Vanillish\n|-sidestart|p1: Damiandaking|move: Light Screen\n|\n|-weather|Snow|[upkeep]\n|-heal|p2a: Toxapex|72\/100|[from] item: Leftovers\n|-formechange|p2b: Morpeko|Morpeko-Hangry||[from] ability: Hunger Switch\n|upkeep\n|turn|3\n|\n|t:|1697847808\n|move|p2b: Morpeko|Aura Wheel|p1a: Vanilluxe\n|-damage|p1a: Vanilluxe|55\/100\n|-boost|p2b: Morpeko|spe|1\n|move|p2a: Toxapex|Toxic Spikes|p1a: Vanilluxe\n|-sidestart|p1: Damiandaking|move: Toxic Spikes\n|move|p1a: Vanilluxe|Blizzard|p2a: Toxapex|[spread] p2a,p2b\n|-resisted|p2a: Toxapex\n|-damage|p2a: Toxapex|46\/100\n|-damage|p2b: Morpeko|8\/100\n|move|p1b: Vanillish|Blizzard|p2b: Morpeko|[spread] p2a,p2b\n|-resisted|p2a: Toxapex\n|-damage|p2a: Toxapex|33\/100\n|-damage|p2b: Morpeko|0 fnt\n|faint|p2b: Morpeko\n|\n|-weather|Snow|[upkeep]\n|-heal|p2a: Toxapex|39\/100|[from] item: Leftovers\n|upkeep\n|\n|t:|1697847824\n|switch|p2b: Hattrem|Hattrem, F|100\/100\n|turn|4\n|c|\u2606Damiandaking|how do you like my vanilluxe vanillish set\n|\n|t:|1697847866\n|move|p2b: Hattrem|Life Dew||[still]|[spread] p2a,p2b\n|-heal|p2a: Toxapex|64\/100\n|-fail|p2b: Hattrem|heal\n|move|p2a: Toxapex|Spike Cannon|p1b: Vanillish\n|-damage|p1b: Vanillish|96\/100\n|-damage|p1b: Vanillish|92\/100\n|-hitcount|p1b: Vanillish|2\n|move|p1a: Vanilluxe|Blizzard|p2b: Hattrem|[spread] p2a,p2b\n|-resisted|p2a: Toxapex\n|-damage|p2a: Toxapex|41\/100\n|-damage|p2b: Hattrem|57\/100\n|move|p1b: Vanillish|Blizzard|p2b: Hattrem|[spread] p2a,p2b\n|-resisted|p2a: Toxapex\n|-damage|p2a: Toxapex|28\/100\n|-damage|p2b: Hattrem|30\/100\n|\n|-weather|Snow|[upkeep]\n|-heal|p1b: Vanillish|98\/100|[from] ability: Ice Body\n|-heal|p2a: Toxapex|34\/100|[from] item: Leftovers\n|-sideend|p2: Hop hop cat|move: Tailwind\n|upkeep\n|turn|5\n|\n|t:|1697847893\n|switch|p2a: Kommo-o|Kommo-o, M|100\/100\n|move|p1a: Vanilluxe|Blizzard|p2b: Hattrem|[spread] p2a,p2b\n|-supereffective|p2a: Kommo-o\n|-damage|p2a: Kommo-o|3\/100\n|-damage|p2b: Hattrem|0 fnt\n|faint|p2b: Hattrem\n|move|p1b: Vanillish|Blizzard|p2a: Kommo-o\n|-supereffective|p2a: Kommo-o\n|-damage|p2a: Kommo-o|0 fnt\n|faint|p2a: Kommo-o\n|\n|-weather|none\n|upkeep\n|\n|t:|1697847901\n|switch|p2a: Oranguru|Oranguru, F|100\/100\n|switch|p2b: Toxapex|Toxapex, F, shiny|68\/100\n|turn|6\n|inactive|Battle timer is ON: inactive players will automatically lose when time's up. (requested by Damiandaking)\n|\n|t:|1697848027\n|move|p2b: Toxapex|Baneful Bunker|p2b: Toxapex\n|-singleturn|p2b: Toxapex|move: Protect\n|move|p1a: Vanilluxe|Ice Beam|p2b: Toxapex\n|-activate|p2b: Toxapex|move: Protect\n|move|p2a: Oranguru|Psyshock|p1b: Vanillish\n|-damage|p1b: Vanillish|69\/100\n|move|p1b: Vanillish|Toxic|p2a: Oranguru\n|-status|p2a: Oranguru|tox\n|\n|-heal|p2b: Toxapex|74\/100|[from] item: Leftovers\n|-damage|p2a: Oranguru|94\/100 tox|[from] psn\n|-sideend|p1: Damiandaking|move: Light Screen\n|upkeep\n|turn|7\n|\n|t:|1697848051\n|move|p1a: Vanilluxe|Ice Beam|p2b: Toxapex\n|-resisted|p2b: Toxapex\n|-damage|p2b: Toxapex|47\/100\n|move|p2a: Oranguru|Instruct|p2b: Toxapex\n|-singleturn|p2b: Toxapex|move: Instruct|[of] p2a: Oranguru\n|move|p2b: Toxapex|Baneful Bunker||[still]\n|-fail|p2b: Toxapex\n|move|p1b: Vanillish|Blizzard|p2a: Oranguru|[spread] \n|-miss|p1b: Vanillish|p2a: Oranguru\n|-miss|p1b: Vanillish|p2b: Toxapex\n|move|p2b: Toxapex|Acid Spray|p1a: Vanilluxe\n|-damage|p1a: Vanilluxe|43\/100\n|-unboost|p1a: Vanilluxe|spd|2\n|\n|-heal|p2a: Oranguru|100\/100 tox|[from] item: Leftovers\n|-heal|p2b: Toxapex|53\/100|[from] item: Leftovers\n|-damage|p2a: Oranguru|88\/100 tox|[from] psn\n|upkeep\n|turn|8\n|inactive|Hop hop cat has 120 seconds left.\n|inactive|Hop hop cat has 90 seconds left.\n|inactive|Hop hop cat has 60 seconds left.\n|c|\u2606Damiandaking|make a move\n|inactive|Hop hop cat has 30 seconds left.\n|inactive|Hop hop cat has 20 seconds left.\n|inactive|Hop hop cat has 15 seconds left.\n|l|\u2606Hop hop cat\n|inactive|Hop hop cat disconnected and has a minute to reconnect!\n|player|p2|\n|inactive|Hop hop cat has 10 seconds left.\n|inactive|Hop hop cat has 5 seconds left.\n|-message|Hop hop cat lost due to inactivity.\n|\n|win|Damiandaking\n|raw|Damiandaking's rating: 1099 &rarr; <strong>1120<\/strong><br \/>(+21 for winning)\n|raw|Hop hop cat's rating: 1035 &rarr; <strong>1023<\/strong><br \/>(-12 for losing)\n","uploadtime":1697848206,"views":14,"p1id":"damiandaking","p2id":"hophopcat","formatid":"gen9nationaldexdoubles","rating":1023,"private":0,"password":""}