{"id":"gen9nationaldexdoubles-1955383621","p1":"PuroIsAGoodBoy","p2":"Redjoejo","format":"[Gen 9] National Dex Doubles","log":"|j|\u2606PuroIsAGoodBoy\n|j|\u2606Redjoejo\n|t:|1695993624\n|gametype|doubles\n|player|p1|PuroIsAGoodBoy|benga|1047\n|player|p2|Redjoejo|n|1280\n|teamsize|p1|6\n|teamsize|p2|6\n|gen|9\n|tier|[Gen 9] National Dex Doubles\n|rated|\n|rule|HP Percentage Mod: HP is shown in percentages\n|rule|Endless Battle Clause: Forcing endless battles is banned\n|rule|OHKO Clause: OHKO moves are banned\n|rule|Evasion Moves Clause: Evasion moves are banned\n|rule|Evasion Abilities Clause: Evasion abilities are banned\n|rule|Species Clause: Limit one of each Pok\u00e9mon\n|rule|Gravity Sleep Clause: The combination of sleep-inducing moves with imperfect accuracy and Gravity or Gigantamax Orbeetle are banned\n|clearpoke\n|poke|p1|Dipplin, M|\n|poke|p1|Arbok, F|\n|poke|p1|Furret, F|\n|poke|p1|Clefable, F|\n|poke|p1|Gliscor, F|\n|poke|p1|Mamoswine, F|\n|poke|p2|Serperior, M|\n|poke|p2|Pelipper, F|\n|poke|p2|Rillaboom, F|\n|poke|p2|Swampert, F|\n|poke|p2|Oranguru, M|\n|poke|p2|Barraskewda, F|\n|teampreview\n|inactive|Battle timer is ON: inactive players will automatically lose when time's up. (requested by PuroIsAGoodBoy)\n|\n|t:|1695993641\n|start\n|switch|p1a: Arbok|Arbok, F|100\/100\n|switch|p1b: Mamoswine|Mamoswine, F|100\/100\n|switch|p2a: \u8f70\u96f7\u91d1\u521a\u7329|Rillaboom, F, shiny|100\/100\n|switch|p2b: \u8bf8\u845b\u6751\u592b|Oranguru, M, shiny|100\/100\n|-fieldstart|move: Grassy Terrain|[from] ability: Grassy Surge|[of] p2a: \u8f70\u96f7\u91d1\u521a\u7329\n|turn|1\n|\n|t:|1695993662\n|move|p2a: \u8f70\u96f7\u91d1\u521a\u7329|Fake Out|p1b: Mamoswine\n|-damage|p1b: Mamoswine|84\/100\n|cant|p1b: Mamoswine|flinch\n|move|p1a: Arbok|Leech Life|p2b: \u8bf8\u845b\u6751\u592b\n|-supereffective|p2b: \u8bf8\u845b\u6751\u592b\n|-damage|p2b: \u8bf8\u845b\u6751\u592b|72\/100\n|move|p2b: \u8bf8\u845b\u6751\u592b|Gravity|p2b: \u8bf8\u845b\u6751\u592b\n|-fieldstart|move: Gravity\n|\n|-heal|p1b: Mamoswine|90\/100|[from] Grassy Terrain\n|-heal|p2b: \u8bf8\u845b\u6751\u592b|78\/100|[from] Grassy Terrain\n|upkeep\n|turn|2\n|\n|t:|1695993677\n|move|p2a: \u8f70\u96f7\u91d1\u521a\u7329|Grassy Glide|p1b: Mamoswine\n|-supereffective|p1b: Mamoswine\n|-damage|p1b: Mamoswine|0 fnt\n|faint|p1b: Mamoswine\n|move|p1a: Arbok|Knock Off|p2b: \u8bf8\u845b\u6751\u592b\n|-supereffective|p2b: \u8bf8\u845b\u6751\u592b\n|-crit|p2b: \u8bf8\u845b\u6751\u592b\n|-damage|p2b: \u8bf8\u845b\u6751\u592b|26\/100\n|-enditem|p2b: \u8bf8\u845b\u6751\u592b|Aguav Berry|[from] move: Knock Off|[of] p1a: Arbok\n|move|p2b: \u8bf8\u845b\u6751\u592b|Instruct|p2a: \u8f70\u96f7\u91d1\u521a\u7329\n|-singleturn|p2a: \u8f70\u96f7\u91d1\u521a\u7329|move: Instruct|[of] p2b: \u8bf8\u845b\u6751\u592b\n|move|p2a: \u8f70\u96f7\u91d1\u521a\u7329|Grassy Glide|p1a: Arbok\n|-resisted|p1a: Arbok\n|-damage|p1a: Arbok|74\/100\n|\n|-heal|p1a: Arbok|80\/100|[from] Grassy Terrain\n|-heal|p2b: \u8bf8\u845b\u6751\u592b|32\/100|[from] Grassy Terrain\n|upkeep\n|\n|t:|1695993691\n|switch|p1b: Clefable|Clefable, F|100\/100\n|turn|3\n|\n|t:|1695993701\n|move|p2b: \u8bf8\u845b\u6751\u592b|Ally Switch|p2b: \u8bf8\u845b\u6751\u592b\n|swap|p2b: \u8bf8\u845b\u6751\u592b|0|[from] move: Ally Switch\n|move|p1a: Arbok|Leech Life|p2b: \u8f70\u96f7\u91d1\u521a\u7329\n|-supereffective|p2b: \u8f70\u96f7\u91d1\u521a\u7329\n|-damage|p2b: \u8f70\u96f7\u91d1\u521a\u7329|66\/100\n|-heal|p1a: Arbok|100\/100|[from] drain|[of] p2b: \u8f70\u96f7\u91d1\u521a\u7329\n|move|p2b: \u8f70\u96f7\u91d1\u521a\u7329|U-turn|p1a: Arbok\n|-resisted|p1a: Arbok\n|-damage|p1a: Arbok|86\/100\n|\n|t:|1695993710\n|switch|p2b: \u9e22\u9752|Serperior, M|100\/100|[from] U-turn\n|move|p1b: Clefable|Chilling Water|p2a: \u8bf8\u845b\u6751\u592b\n|-crit|p2a: \u8bf8\u845b\u6751\u592b\n|-damage|p2a: \u8bf8\u845b\u6751\u592b|15\/100\n|-unboost|p2a: \u8bf8\u845b\u6751\u592b|atk|1\n|\n|-heal|p1a: Arbok|92\/100|[from] Grassy Terrain\n|-heal|p2a: \u8bf8\u845b\u6751\u592b|21\/100|[from] Grassy Terrain\n|upkeep\n|turn|4\n|\n|t:|1695993725\n|switch|p2a: \u8f70\u96f7\u91d1\u521a\u7329|Rillaboom, F, shiny|66\/100\n|-terastallize|p2b: \u9e22\u9752|Grass\n|move|p1b: Clefable|Follow Me|p1b: Clefable\n|-singleturn|p1b: Clefable|move: Follow Me\n|move|p2b: \u9e22\u9752|Leaf Storm|p1b: Clefable\n|-damage|p1b: Clefable|4\/100\n|-boost|p2b: \u9e22\u9752|spa|2\n|move|p1a: Arbok|Knock Off|p2b: \u9e22\u9752\n|-damage|p2b: \u9e22\u9752|76\/100\n|-enditem|p2b: \u9e22\u9752|Miracle Seed|[from] move: Knock Off|[of] p1a: Arbok\n|\n|-heal|p2b: \u9e22\u9752|82\/100|[from] Grassy Terrain\n|-heal|p1a: Arbok|98\/100|[from] Grassy Terrain\n|-heal|p2a: \u8f70\u96f7\u91d1\u521a\u7329|73\/100|[from] Grassy Terrain\n|-heal|p1b: Clefable|10\/100|[from] Grassy Terrain\n|upkeep\n|turn|5\n|\n|t:|1695993747\n|move|p2a: \u8f70\u96f7\u91d1\u521a\u7329|Fake Out|p1b: Clefable\n|-damage|p1b: Clefable|0 fnt\n|faint|p1b: Clefable\n|move|p2b: \u9e22\u9752|Leaf Storm|p1a: Arbok\n|-resisted|p1a: Arbok\n|-damage|p1a: Arbok|0 fnt\n|-boost|p2b: \u9e22\u9752|spa|2\n|faint|p1a: Arbok\n|\n|-heal|p2b: \u9e22\u9752|89\/100|[from] Grassy Terrain\n|-heal|p2a: \u8f70\u96f7\u91d1\u521a\u7329|79\/100|[from] Grassy Terrain\n|-fieldend|move: Gravity\n|-fieldend|move: Grassy Terrain\n|upkeep\n|\n|t:|1695993757\n|switch|p1a: Dipplin|Dipplin, M|100\/100\n|switch|p1b: Gliscor|Gliscor, F|100\/100\n|turn|6\n|\n|t:|1695993770\n|-terastallize|p1b: Gliscor|Fire\n|move|p2b: \u9e22\u9752|Giga Drain|p1a: Dipplin\n|-resisted|p1a: Dipplin\n|-damage|p1a: Dipplin|81\/100\n|-heal|p2b: \u9e22\u9752|100\/100|[from] drain|[of] p1a: Dipplin\n|move|p1b: Gliscor|Earthquake|p2a: \u8f70\u96f7\u91d1\u521a\u7329|[spread] p1a,p2a,p2b\n|-resisted|p1a: Dipplin\n|-resisted|p2a: \u8f70\u96f7\u91d1\u521a\u7329\n|-resisted|p2b: \u9e22\u9752\n|-damage|p1a: Dipplin|72\/100\n|-damage|p2a: \u8f70\u96f7\u91d1\u521a\u7329|65\/100\n|-damage|p2b: \u9e22\u9752|83\/100\n|move|p2a: \u8f70\u96f7\u91d1\u521a\u7329|U-turn|p1a: Dipplin\n|-supereffective|p1a: Dipplin\n|-damage|p1a: Dipplin|44\/100\n|\n|t:|1695993782\n|switch|p2a: \u8bf8\u845b\u6751\u592b|Oranguru, M, shiny|21\/100|[from] U-turn\n|move|p1a: Dipplin|Draco Meteor|p2b: \u9e22\u9752\n|-damage|p2b: \u9e22\u9752|6\/100\n|-unboost|p1a: Dipplin|spa|2\n|\n|-status|p1b: Gliscor|tox|[from] item: Toxic Orb\n|upkeep\n|turn|7\n|\n|t:|1695993808\n|switch|p2a: \u8f70\u96f7\u91d1\u521a\u7329|Rillaboom, F, shiny|65\/100\n|-fieldstart|move: Grassy Terrain|[from] ability: Grassy Surge|[of] p2a: \u8f70\u96f7\u91d1\u521a\u7329\n|move|p2b: \u9e22\u9752|Protect|p2b: \u9e22\u9752\n|-singleturn|p2b: \u9e22\u9752|Protect\n|move|p1a: Dipplin|Sucker Punch||[still]\n|-fail|p1a: Dipplin\n|move|p1b: Gliscor|Brick Break|p2a: \u8f70\u96f7\u91d1\u521a\u7329\n|-damage|p2a: \u8f70\u96f7\u91d1\u521a\u7329|46\/100\n|\n|-heal|p2b: \u9e22\u9752|12\/100|[from] Grassy Terrain\n|-heal|p2a: \u8f70\u96f7\u91d1\u521a\u7329|52\/100|[from] Grassy Terrain\n|-heal|p1a: Dipplin|50\/100|[from] Grassy Terrain\n|upkeep\n|turn|8\n|\n|t:|1695993829\n|move|p2a: \u8f70\u96f7\u91d1\u521a\u7329|Fake Out|p1a: Dipplin\n|-damage|p1a: Dipplin|41\/100\n|cant|p1a: Dipplin|flinch\n|move|p2b: \u9e22\u9752|Giga Drain|p1b: Gliscor\n|-resisted|p1b: Gliscor\n|-damage|p1b: Gliscor|0 fnt\n|-heal|p2b: \u9e22\u9752|62\/100|[from] drain|[of] p1b: Gliscor\n|faint|p1b: Gliscor\n|\n|-heal|p2b: \u9e22\u9752|68\/100|[from] Grassy Terrain\n|-heal|p2a: \u8f70\u96f7\u91d1\u521a\u7329|59\/100|[from] Grassy Terrain\n|-heal|p1a: Dipplin|47\/100|[from] Grassy Terrain\n|upkeep\n|\n|t:|1695993836\n|switch|p1b: Furret|Furret, F|100\/100\n|-item|p2a: \u8f70\u96f7\u91d1\u521a\u7329|Assault Vest|[from] ability: Frisk|[of] p1b: Furret|[identify]\n|turn|9\n|\n|t:|1695993861\n|move|p2b: \u9e22\u9752|Giga Drain|p1b: Furret\n|-damage|p1b: Furret|0 fnt\n|-heal|p2b: \u9e22\u9752|100\/100|[from] drain|[of] p1b: Furret\n|faint|p1b: Furret\n|move|p2a: \u8f70\u96f7\u91d1\u521a\u7329|U-turn|p1a: Dipplin\n|-supereffective|p1a: Dipplin\n|-damage|p1a: Dipplin|16\/100\n|\n|t:|1695993876\n|switch|p2a: \u5de8\u6cbc\u602a|Swampert, F|100\/100|[from] U-turn\n|move|p1a: Dipplin|Rest|p1a: Dipplin\n|-status|p1a: Dipplin|slp|[from] move: Rest\n|-heal|p1a: Dipplin|100\/100 slp|[silent]\n|\n|upkeep\n|turn|10\n|\n|t:|1695993886\n|switch|p2a: \u8bf8\u845b\u6751\u592b|Oranguru, M, shiny|21\/100\n|move|p2b: \u9e22\u9752|Leaf Storm|p1a: Dipplin\n|-resisted|p1a: Dipplin\n|-damage|p1a: Dipplin|51\/100 slp\n|-boost|p2b: \u9e22\u9752|spa|2\n|cant|p1a: Dipplin|slp\n|\n|-heal|p2a: \u8bf8\u845b\u6751\u592b|27\/100|[from] Grassy Terrain\n|-heal|p1a: Dipplin|57\/100 slp|[from] Grassy Terrain\n|upkeep\n|turn|11\n|\n|t:|1695993895\n|move|p2b: \u9e22\u9752|Leaf Storm|p1a: Dipplin\n|-resisted|p1a: Dipplin\n|-damage|p1a: Dipplin|0 fnt\n|faint|p1a: Dipplin\n|\n|win|Redjoejo\n|raw|PuroIsAGoodBoy's rating: 1047 &rarr; <strong>1040<\/strong><br \/>(-7 for losing)\n|raw|Redjoejo's rating: 1280 &rarr; <strong>1290<\/strong><br \/>(+10 for winning)\n|l|\u2606PuroIsAGoodBoy\n","uploadtime":1695993912,"views":9,"p1id":"puroisagoodboy","p2id":"redjoejo","formatid":"gen9nationaldexdoubles","rating":1040,"private":0,"password":""}