{"id":"gen9nationaldexdoubles-1988630690","p1":"GenerallGrievous","p2":"pokryan","format":"[Gen 9] National Dex Doubles","log":"|j|\u2606GenerallGrievous\n|j|\u2606pokryan\n|t:|1699743991\n|gametype|doubles\n|player|p1|GenerallGrievous|fantina|1173\n|player|p2|pokryan|veteran|1042\n|teamsize|p1|6\n|teamsize|p2|6\n|gen|9\n|tier|[Gen 9] National Dex Doubles\n|rated|\n|rule|HP Percentage Mod: HP is shown in percentages\n|rule|Endless Battle Clause: Forcing endless battles is banned\n|rule|OHKO Clause: OHKO moves are banned\n|rule|Evasion Moves Clause: Evasion moves are banned\n|rule|Evasion Abilities Clause: Evasion abilities are banned\n|rule|Species Clause: Limit one of each Pok\u00e9mon\n|rule|Gravity Sleep Clause: The combination of sleep-inducing moves with imperfect accuracy and Gravity or Gigantamax Orbeetle are banned\n|clearpoke\n|poke|p1|Oricorio-Sensu, F|\n|poke|p1|Cresselia, F|\n|poke|p1|Stantler, M|\n|poke|p1|Pawmot, M|\n|poke|p1|Articuno-Galar|\n|poke|p1|Houndstone, M|\n|poke|p2|Cresselia, F|\n|poke|p2|Glimmora, F|\n|poke|p2|Umbreon, M|\n|poke|p2|Mimikyu, F|\n|poke|p2|Ceruledge, F|\n|poke|p2|Toxapex, F|\n|teampreview\n|c|\u2606GenerallGrievous|i cooked up weird shit\n|c|\u2606GenerallGrievous|i eill prob lose\n|c|\u2606GenerallGrievous|but hey\n|c|\u2606GenerallGrievous|its about having fun\n|\n|t:|1699744016\n|start\n|switch|p1a: Danceee|Oricorio-Sensu, F, shiny|100\/100\n|switch|p1b: Santatler|Stantler, M|100\/100\n|switch|p2a: Glimmora|Glimmora, F, shiny|100\/100\n|switch|p2b: Toxapex|Toxapex, F, shiny|100\/100\n|-ability|p1b: Santatler|Intimidate|boost\n|-unboost|p2a: Glimmora|atk|1\n|-unboost|p2b: Toxapex|atk|1\n|turn|1\n|\n|t:|1699744049\n|move|p1a: Danceee|Protect|p1a: Danceee\n|-singleturn|p1a: Danceee|Protect\n|move|p2a: Glimmora|Iron Defense|p2a: Glimmora\n|-boost|p2a: Glimmora|def|2\n|-enditem|p1a: Danceee|Mirror Herb\n|-boost|p1a: Danceee|def|2|[from] item: Mirror Herb\n|move|p1b: Santatler|Skill Swap|p1a: Danceee\n|-activate|p1a: Danceee|move: Protect\n|move|p2b: Toxapex|Substitute|p2b: Toxapex\n|-start|p2b: Toxapex|Substitute\n|-damage|p2b: Toxapex|75\/100\n|\n|-heal|p2b: Toxapex|82\/100|[from] item: Leftovers\n|upkeep\n|turn|2\n|\n|t:|1699744074\n|move|p1a: Danceee|Quiver Dance|p1a: Danceee\n|-boost|p1a: Danceee|spa|1\n|-boost|p1a: Danceee|spd|1\n|-boost|p1a: Danceee|spe|1\n|move|p2a: Glimmora|Stealth Rock|p1a: Danceee\n|-sidestart|p1: GenerallGrievous|move: Stealth Rock\n|move|p1b: Santatler|Skill Swap|p1a: Danceee\n|-activate|p1b: Santatler|move: Skill Swap|||[of] p1a: Danceee\n|-ability|p1a: Danceee|Intimidate|boost\n|-unboost|p2a: Glimmora|atk|1\n|-immune|p2b: Toxapex\n|move|p2b: Toxapex|Sludge Wave|p1a: Danceee|[spread] p2a,p1a,p1b\n|-resisted|p2a: Glimmora\n|-resisted|p1a: Danceee\n|-damage|p2a: Glimmora|97\/100\n|-damage|p1a: Danceee|93\/100\n|-damage|p1b: Santatler|92\/100\n|\n|-heal|p2a: Glimmora|100\/100|[from] item: Leftovers\n|-heal|p2b: Toxapex|88\/100|[from] item: Leftovers\n|upkeep\n|turn|3\n|\n|t:|1699744107\n|switch|p1b: Suicide|Cresselia, F|100\/100\n|-damage|p1b: Suicide|88\/100|[from] Stealth Rock\n|move|p1a: Danceee|Baton Pass|p1a: Danceee\n|\n|t:|1699744113\n|switch|p1a: Santatler|Stantler, M|92\/100|[from] Baton Pass\n|-damage|p1a: Santatler|79\/100|[from] Stealth Rock\n|-ability|p1a: Santatler|Intimidate|boost\n|-unboost|p2a: Glimmora|atk|1\n|-immune|p2b: Toxapex\n|move|p2a: Glimmora|Spikes|p1a: Santatler\n|-sidestart|p1: GenerallGrievous|Spikes\n|move|p2b: Toxapex|Sludge Wave|p1b: Suicide|[spread] p2a,p1a,p1b\n|-resisted|p2a: Glimmora\n|-damage|p2a: Glimmora|96\/100\n|-damage|p1a: Santatler|73\/100\n|-damage|p1b: Suicide|78\/100\n|\n|-heal|p2a: Glimmora|100\/100|[from] item: Leftovers\n|-heal|p1b: Suicide|84\/100|[from] item: Leftovers\n|-heal|p2b: Toxapex|94\/100|[from] item: Leftovers\n|upkeep\n|turn|4\n|c|\u2606GenerallGrievous|oh wwait\n|c|\u2606GenerallGrievous|imma try again\n|\n|t:|1699744139\n|switch|p1b: Danceee|Oricorio-Sensu, F, shiny|93\/100\n|-damage|p1b: Danceee|68\/100|[from] Stealth Rock\n|move|p1a: Santatler|Protect|p1a: Santatler\n|-singleturn|p1a: Santatler|Protect\n|move|p2a: Glimmora|Spikes|p1b: Danceee\n|-sidestart|p1: GenerallGrievous|Spikes\n|move|p2b: Toxapex|Sludge Wave|p1a: Santatler|[spread] p2a,p1b\n|-activate|p1a: Santatler|move: Protect\n|-resisted|p2a: Glimmora\n|-resisted|p1b: Danceee\n|-damage|p2a: Glimmora|96\/100\n|-damage|p1b: Danceee|57\/100\n|\n|-heal|p2a: Glimmora|100\/100|[from] item: Leftovers\n|-heal|p2b: Toxapex|100\/100|[from] item: Leftovers\n|upkeep\n|turn|5\n|\n|t:|1699744163\n|move|p1a: Santatler|Skill Swap|p1b: Danceee\n|-activate|p1a: Santatler|move: Skill Swap|||[of] p1b: Danceee\n|-ability|p1b: Danceee|Intimidate|boost\n|-unboost|p2a: Glimmora|atk|1\n|-immune|p2b: Toxapex\n|move|p1b: Danceee|Quiver Dance|p1b: Danceee\n|-boost|p1b: Danceee|spa|1\n|-boost|p1b: Danceee|spd|1\n|-boost|p1b: Danceee|spe|1\n|-activate|p1a: Santatler|ability: Dancer\n|move|p1a: Santatler|Quiver Dance|p1a: Santatler|[from]ability: Dancer\n|-boost|p1a: Santatler|spa|1\n|-boost|p1a: Santatler|spd|1\n|-boost|p1a: Santatler|spe|1\n|move|p2a: Glimmora|Spikes|p1b: Danceee\n|-sidestart|p1: GenerallGrievous|Spikes\n|move|p2b: Toxapex|Sludge Wave|p1a: Santatler|[spread] p2a,p1a,p1b\n|-resisted|p2a: Glimmora\n|-resisted|p1b: Danceee\n|-damage|p2a: Glimmora|96\/100\n|-damage|p1a: Santatler|68\/100\n|-damage|p1b: Danceee|49\/100\n|-status|p1a: Santatler|psn\n|\n|-heal|p2a: Glimmora|100\/100|[from] item: Leftovers\n|-damage|p1a: Santatler|56\/100 psn|[from] psn\n|upkeep\n|turn|6\n|\n|t:|1699744194\n|move|p1a: Santatler|Protect|p1a: Santatler\n|-singleturn|p1a: Santatler|Protect\n|move|p1b: Danceee|Baton Pass|p1b: Danceee\n|\n|t:|1699744198\n|switch|p1b: Suicide|Cresselia, F|84\/100|[from] Baton Pass\n|-damage|p1b: Suicide|72\/100|[from] Stealth Rock\n|move|p2a: Glimmora|Iron Defense|p2a: Glimmora\n|-boost|p2a: Glimmora|def|2\n|move|p2b: Toxapex|Sludge Wave|p1b: Suicide|[spread] p2a,p1b\n|-activate|p1a: Santatler|move: Protect\n|-resisted|p2a: Glimmora\n|-damage|p2a: Glimmora|96\/100\n|-damage|p1b: Suicide|66\/100\n|\n|-heal|p1b: Suicide|72\/100|[from] item: Leftovers\n|-heal|p2a: Glimmora|100\/100|[from] item: Leftovers\n|-damage|p1a: Santatler|43\/100 psn|[from] psn\n|upkeep\n|turn|7\n|\n|t:|1699744240\n|move|p1a: Santatler|Skill Swap|p2a: Glimmora\n|-activate|p1a: Santatler|move: Skill Swap|Toxic Debris|Dancer|[of] p2a: Glimmora\n|move|p1b: Suicide|Lunar Blessing|p1b: Suicide|[spread] p1a,p1b\n|-heal|p1a: Santatler|68\/100 psn\n|-curestatus|p1a: Santatler|psn|[msg]\n|-heal|p1b: Suicide|97\/100\n|move|p2a: Glimmora|Iron Defense|p2a: Glimmora\n|-boost|p2a: Glimmora|def|2\n|move|p2b: Toxapex|Sludge Wave|p1b: Suicide|[spread] p2a,p1a,p1b\n|-resisted|p2a: Glimmora\n|-damage|p2a: Glimmora|97\/100\n|-damage|p1a: Santatler|64\/100\n|-damage|p1b: Suicide|90\/100\n|\n|-heal|p1b: Suicide|96\/100|[from] item: Leftovers\n|-heal|p2a: Glimmora|100\/100|[from] item: Leftovers\n|upkeep\n|turn|8\n|\n|t:|1699744270\n|move|p1a: Santatler|Tera Blast|p2b: Toxapex\n|-end|p2b: Toxapex|Substitute\n|move|p1b: Suicide|Lunar Dance|p1b: Suicide\n|faint|p1b: Suicide\n|-activate|p2a: Glimmora|ability: Dancer\n|move|p2a: Glimmora|Lunar Dance|p2a: Glimmora|[from]ability: Dancer\n|faint|p2a: Glimmora\n|move|p2b: Toxapex|Sludge Wave|p1a: Santatler\n|-damage|p1a: Santatler|57\/100\n|\n|upkeep\n|\n|t:|1699744292\n|switch|p2a: Umbreon|Umbreon, M, shiny|100\/100\n|switch|p1b: CPR|Pawmot, M|100\/100\n|-damage|p1b: CPR|94\/100|[from] Stealth Rock\n|-damage|p1b: CPR|70\/100|[from] Spikes\n|turn|9\n|\n|t:|1699744319\n|move|p1a: Santatler|Tera Blast|p2b: Toxapex\n|-damage|p2b: Toxapex|61\/100\n|move|p1b: CPR|Close Combat|p2a: Umbreon\n|-supereffective|p2a: Umbreon\n|-damage|p2a: Umbreon|9\/100\n|-unboost|p1b: CPR|def|1\n|-unboost|p1b: CPR|spd|1\n|move|p2a: Umbreon|Toxic|p1a: Santatler\n|-status|p1a: Santatler|tox\n|move|p2b: Toxapex|Substitute|p2b: Toxapex\n|-start|p2b: Toxapex|Substitute\n|-damage|p2b: Toxapex|36\/100\n|\n|-heal|p2a: Umbreon|15\/100|[from] item: Leftovers\n|-heal|p2b: Toxapex|42\/100|[from] item: Leftovers\n|-damage|p1a: Santatler|51\/100 tox|[from] psn\n|upkeep\n|turn|10\n|\n|t:|1699744351\n|move|p2a: Umbreon|Protect|p2a: Umbreon\n|-singleturn|p2a: Umbreon|Protect\n|move|p1a: Santatler|Thunder Wave|p2a: Umbreon\n|-activate|p2a: Umbreon|move: Protect\n|move|p1b: CPR|Revival Blessing|p1b: CPR\n|\n|t:|1699744358\n|-heal|p1: Suicide|50\/100|[from] move: Revival Blessing\n|move|p2b: Toxapex|Recover|p2b: Toxapex\n|-heal|p2b: Toxapex|92\/100\n|\n|-heal|p2a: Umbreon|21\/100|[from] item: Leftovers\n|-heal|p2b: Toxapex|98\/100|[from] item: Leftovers\n|-damage|p1a: Santatler|39\/100 tox|[from] psn\n|upkeep\n|turn|11\n|\n|t:|1699744377\n|switch|p1b: Suicide|Cresselia, F|50\/100\n|-heal|p1b: Suicide|100\/100|[from] move: Lunar Dance\n|-damage|p1b: Suicide|88\/100|[from] Stealth Rock\n|move|p1a: Santatler|Protect|p1a: Santatler\n|-singleturn|p1a: Santatler|Protect\n|move|p2a: Umbreon|Protect|p2a: Umbreon\n|-singleturn|p2a: Umbreon|Protect\n|move|p2b: Toxapex|Sludge Wave|p1b: Suicide|[spread] p1b\n|-activate|p2a: Umbreon|move: Protect\n|-activate|p1a: Santatler|move: Protect\n|-damage|p1b: Suicide|77\/100\n|\n|-heal|p1b: Suicide|83\/100|[from] item: Leftovers\n|-heal|p2a: Umbreon|27\/100|[from] item: Leftovers\n|-heal|p2b: Toxapex|100\/100|[from] item: Leftovers\n|-damage|p1a: Santatler|21\/100 tox|[from] psn\n|upkeep\n|turn|12\n|\n|t:|1699744417\n|move|p1a: Santatler|Tera Blast|p2a: Umbreon\n|-damage|p2a: Umbreon|4\/100\n|move|p1b: Suicide|Lunar Blessing|p1b: Suicide|[spread] p1a,p1b\n|-heal|p1a: Santatler|46\/100 tox\n|-curestatus|p1a: Santatler|tox|[msg]\n|-heal|p1b: Suicide|100\/100\n|move|p2a: Umbreon|Toxic|p1a: Santatler\n|-status|p1a: Santatler|tox\n|move|p2b: Toxapex|Sludge Wave|p1b: Suicide|[spread] p2a,p1a,p1b\n|-damage|p2a: Umbreon|0 fnt\n|-damage|p1a: Santatler|41\/100 tox\n|-damage|p1b: Suicide|90\/100\n|faint|p2a: Umbreon\n|\n|-heal|p1b: Suicide|96\/100|[from] item: Leftovers\n|-damage|p1a: Santatler|35\/100 tox|[from] psn\n|upkeep\n|\n|t:|1699744460\n|switch|p2a: Mimikyu|Mimikyu, F|100\/100\n|turn|13\n|\n|t:|1699744479\n|move|p1a: Santatler|Protect|p1a: Santatler\n|-singleturn|p1a: Santatler|Protect\n|move|p2a: Mimikyu|Swords Dance|p2a: Mimikyu\n|-boost|p2a: Mimikyu|atk|2\n|move|p1b: Suicide|Lunar Blessing|p1b: Suicide|[spread] p1a,p1b\n|-heal|p1a: Santatler|60\/100 tox\n|-curestatus|p1a: Santatler|tox|[msg]\n|-heal|p1b: Suicide|100\/100\n|move|p2b: Toxapex|Sludge Wave|p1b: Suicide|[spread] p2a,p1b\n|-activate|p1a: Santatler|move: Protect\n|-activate|p2a: Mimikyu|ability: Disguise\n|-damage|p2a: Mimikyu|100\/100\n|-damage|p1b: Suicide|91\/100\n|detailschange|p2a: Mimikyu|Mimikyu-Busted, F\n|-damage|p2a: Mimikyu|88\/100|[from] pokemon: Mimikyu-Busted\n|\n|-heal|p1b: Suicide|97\/100|[from] item: Leftovers\n|upkeep\n|turn|14\n|\n|t:|1699744510\n|switch|p1b: Danceee|Oricorio-Sensu, F, shiny|49\/100\n|-damage|p1b: Danceee|25\/100|[from] Stealth Rock\n|move|p2b: Toxapex|Baneful Bunker|p2b: Toxapex\n|-singleturn|p2b: Toxapex|move: Protect\n|move|p1a: Santatler|Thunder Wave|p2a: Mimikyu\n|-status|p2a: Mimikyu|par\n|cant|p2a: Mimikyu|par\n|\n|upkeep\n|turn|15\n|\n|t:|1699744532\n|move|p1a: Santatler|Skill Swap|p1b: Danceee\n|-activate|p1a: Santatler|move: Skill Swap|||[of] p1b: Danceee\n|move|p1b: Danceee|Revelation Dance|p2a: Mimikyu\n|-supereffective|p2a: Mimikyu\n|-damage|p2a: Mimikyu|0 fnt\n|faint|p2a: Mimikyu\n|-activate|p1a: Santatler|ability: Dancer\n|move|p1a: Santatler|Revelation Dance|p2b: Toxapex|[from]ability: Dancer\n|-end|p2b: Toxapex|Substitute\n|move|p2b: Toxapex|Sludge Wave|p1a: Santatler|[spread] p1a,p1b\n|-resisted|p1b: Danceee\n|-damage|p1a: Santatler|55\/100\n|-damage|p1b: Danceee|13\/100\n|\n|upkeep\n|\n|t:|1699744549\n|switch|p2a: Ceruledge|Ceruledge, F, shiny|100\/100\n|turn|16\n|\n|t:|1699744563\n|move|p1a: Santatler|Thunder Wave|p2a: Ceruledge\n|-status|p2a: Ceruledge|par\n|move|p1b: Danceee|Revelation Dance|p2a: Ceruledge\n|-supereffective|p2a: Ceruledge\n|-damage|p2a: Ceruledge|0 fnt\n|faint|p2a: Ceruledge\n|-activate|p1a: Santatler|ability: Dancer\n|move|p1a: Santatler|Revelation Dance|p2b: Toxapex|[from]ability: Dancer\n|-damage|p2b: Toxapex|58\/100\n|move|p2b: Toxapex|Sludge Wave|p1a: Santatler|[spread] p1a,p1b\n|-resisted|p1b: Danceee\n|-damage|p1a: Santatler|50\/100\n|-damage|p1b: Danceee|1\/100\n|\n|-heal|p2b: Toxapex|64\/100|[from] item: Leftovers\n|upkeep\n|\n|t:|1699744583\n|switch|p2a: Cresselia|Cresselia, F|100\/100\n|turn|17\n|\n|t:|1699744598\n|move|p1a: Santatler|Protect|p1a: Santatler\n|-singleturn|p1a: Santatler|Protect\n|move|p1b: Danceee|Revelation Dance|p2a: Cresselia\n|-supereffective|p2a: Cresselia\n|-damage|p2a: Cresselia|40\/100\n|-activate|p1a: Santatler|ability: Dancer\n|move|p1a: Santatler|Revelation Dance|p2a: Cresselia|[from]ability: Dancer\n|-damage|p2a: Cresselia|1\/100\n|move|p2a: Cresselia|Calm Mind|p2a: Cresselia\n|-boost|p2a: Cresselia|spa|1\n|-boost|p2a: Cresselia|spd|1\n|move|p2b: Toxapex|Substitute|p2b: Toxapex\n|-start|p2b: Toxapex|Substitute\n|-damage|p2b: Toxapex|39\/100\n|\n|-heal|p2a: Cresselia|7\/100|[from] item: Leftovers\n|-heal|p2b: Toxapex|46\/100|[from] item: Leftovers\n|upkeep\n|turn|18\n|\n|t:|1699744632\n|move|p1a: Santatler|Tera Blast|p2b: Toxapex\n|-end|p2b: Toxapex|Substitute\n|move|p1b: Danceee|Revelation Dance|p2a: Cresselia\n|-supereffective|p2a: Cresselia\n|-damage|p2a: Cresselia|0 fnt\n|faint|p2a: Cresselia\n|-activate|p1a: Santatler|ability: Dancer\n|move|p1a: Santatler|Revelation Dance|p2b: Toxapex|[from]ability: Dancer\n|-damage|p2b: Toxapex|0 fnt\n|faint|p2b: Toxapex\n|\n|win|GenerallGrievous\n|raw|GenerallGrievous's rating: 1173 &rarr; <strong>1189<\/strong><br \/>(+16 for winning)\n|raw|pokryan's rating: 1042 &rarr; <strong>1032<\/strong><br \/>(-10 for losing)\n|c|\u2606GenerallGrievous|lol\n|c|\u2606GenerallGrievous|tf im doing\n|l|\u2606pokryan\n","uploadtime":1699744653,"views":12,"p1id":"generallgrievous","p2id":"pokryan","formatid":"gen9nationaldexdoubles","rating":1032,"private":0,"password":""}