{"id":"gen9nationaldexdoubles-1967893389","p1":"Zelphalopod","p2":"Play Tale of Wuxia","format":"[Gen 9] National Dex Doubles","log":"|j|\u2606Zelphalopod\n|j|\u2606Play Tale of Wuxia\n|t:|1697353862\n|gametype|doubles\n|player|p1|Zelphalopod|nate|\n|player|p2|Play Tale of Wuxia|gentleman|\n|teamsize|p1|6\n|teamsize|p2|6\n|gen|9\n|tier|[Gen 9] National Dex Doubles\n|rule|HP Percentage Mod: HP is shown in percentages\n|rule|Endless Battle Clause: Forcing endless battles is banned\n|rule|OHKO Clause: OHKO moves are banned\n|rule|Evasion Moves Clause: Evasion moves are banned\n|rule|Evasion Abilities Clause: Evasion abilities are banned\n|rule|Species Clause: Limit one of each Pok\u00e9mon\n|rule|Gravity Sleep Clause: The combination of sleep-inducing moves with imperfect accuracy and Gravity or Gigantamax Orbeetle are banned\n|clearpoke\n|poke|p1|Blaziken, M|\n|poke|p1|Samurott-Hisui, M|\n|poke|p1|Volcanion|\n|poke|p1|Gyarados, M|\n|poke|p1|Arboliva, F|\n|poke|p1|Brute Bonnet|\n|poke|p2|Zapdos|\n|poke|p2|Garchomp, M|\n|poke|p2|Gholdengo|\n|poke|p2|Kleavor, M|\n|poke|p2|Vivillon, M|\n|poke|p2|Flamigo, M|\n|teampreview\n|\n|t:|1697353898\n|start\n|switch|p1a: Yin|Samurott-Hisui, M|100\/100\n|switch|p1b: Among|Brute Bonnet|100\/100\n|switch|p2a: failure|Kleavor, M|100\/100\n|switch|p2b: success|Vivillon, M|100\/100\n|-enditem|p1b: Among|Booster Energy\n|-activate|p1b: Among|ability: Protosynthesis|[fromitem]\n|-start|p1b: Among|protosynthesisdef\n|turn|1\n|\n|t:|1697353920\n|move|p2a: failure|Stone Axe|p1a: Yin\n|-damage|p1a: Yin|38\/100\n|-sidestart|p1: Zelphalopod|move: Stealth Rock\n|move|p1a: Yin|Taunt|p2b: success\n|-start|p2b: success|move: Taunt\n|cant|p2b: success|move: Taunt|Tailwind\n|move|p1b: Among|Spore|p2a: failure\n|-status|p2a: failure|slp|[from] move: Spore\n|\n|upkeep\n|turn|2\n|\n|t:|1697353979\n|switch|p1a: Crown|Arboliva, F|100\/100\n|-damage|p1a: Crown|88\/100|[from] Stealth Rock\n|-end|p1b: Among|Protosynthesis|[silent]\n|switch|p1b: Shui-Long|Gyarados, M|100\/100\n|-damage|p1b: Shui-Long|76\/100|[from] Stealth Rock\n|-ability|p1b: Shui-Long|Intimidate|boost\n|-unboost|p2a: failure|atk|1\n|-unboost|p2b: success|atk|1\n|cant|p2a: failure|slp\n|move|p2b: success|Pollen Puff|p1b: Shui-Long\n|-resisted|p1b: Shui-Long\n|-damage|p1b: Shui-Long|61\/100\n|\n|-heal|p1b: Shui-Long|67\/100|[from] item: Leftovers\n|upkeep\n|turn|3\n|\n|t:|1697354024\n|switch|p2a: Tera Wattrel|Zapdos|100\/100\n|move|p2b: success|Pollen Puff|p1a: Crown\n|-supereffective|p1a: Crown\n|-crit|p1a: Crown\n|-damage|p1a: Crown|14\/100\n|-fieldstart|move: Grassy Terrain|[from] ability: Seed Sower|[of] p1a: Crown\n|move|p1b: Shui-Long|Dragon Dance|p1b: Shui-Long\n|-boost|p1b: Shui-Long|atk|1\n|-boost|p1b: Shui-Long|spe|1\n|move|p1a: Crown|Leech Seed|p2b: success\n|-start|p2b: success|move: Leech Seed\n|\n|-heal|p1b: Shui-Long|73\/100|[from] item: Leftovers\n|-heal|p1a: Crown|20\/100|[from] Grassy Terrain\n|-damage|p2b: success|88\/100|[from] Leech Seed|[of] p1a: Crown\n|-heal|p1a: Crown|30\/100|[silent]\n|-end|p2b: success|move: Taunt\n|upkeep\n|turn|4\n|\n|t:|1697354054\n|-terastallize|p1b: Shui-Long|Ice\n|move|p1b: Shui-Long|Tera Blast|p2a: Tera Wattrel|[anim] Tera Blast Ice\n|-supereffective|p2a: Tera Wattrel\n|-damage|p2a: Tera Wattrel|0 fnt\n|faint|p2a: Tera Wattrel\n|move|p2b: success|Tailwind|p2b: success\n|-sidestart|p2: Play Tale of Wuxia|move: Tailwind\n|move|p1a: Crown|Light Screen|p1a: Crown\n|-sidestart|p1: Zelphalopod|move: Light Screen\n|\n|-heal|p1b: Shui-Long|79\/100|[from] Grassy Terrain\n|-heal|p1b: Shui-Long|85\/100|[from] item: Leftovers\n|-heal|p1a: Crown|37\/100|[from] Grassy Terrain\n|-damage|p2b: success|76\/100|[from] Leech Seed|[of] p1a: Crown\n|-heal|p1a: Crown|47\/100|[silent]\n|upkeep\n|\n|t:|1697354070\n|switch|p2a: failure|Kleavor, M|100\/100 slp\n|turn|5\n|\n|t:|1697354096\n|move|p2b: success|Rage Powder|p2b: success\n|-singleturn|p2b: success|move: Rage Powder\n|-curestatus|p2a: failure|slp|[msg]\n|move|p2a: failure|Stone Axe|p1b: Shui-Long\n|-supereffective|p1b: Shui-Long\n|-damage|p1b: Shui-Long|0 fnt\n|faint|p1b: Shui-Long\n|move|p1a: Crown|Reflect|p1a: Crown\n|-sidestart|p1: Zelphalopod|Reflect\n|\n|-heal|p1a: Crown|53\/100|[from] Grassy Terrain\n|-damage|p2b: success|64\/100|[from] Leech Seed|[of] p1a: Crown\n|-heal|p1a: Crown|63\/100|[silent]\n|upkeep\n|\n|t:|1697354113\n|switch|p1b: Taro|Blaziken, M|100\/100\n|-damage|p1b: Taro|88\/100|[from] Stealth Rock\n|turn|6\n|\n|t:|1697354130\n|switch|p2b: success?|Flamigo, M|100\/100\n|switch|p1a: Among|Brute Bonnet|100\/100\n|-damage|p1a: Among|88\/100|[from] Stealth Rock\n|move|p2a: failure|Stone Axe|p1b: Taro\n|-damage|p1b: Taro|35\/100\n|move|p1b: Taro|Flare Blitz|p2b: success?\n|-damage|p2b: success?|15\/100\n|-enditem|p2b: success?|Sitrus Berry|[eat]\n|-heal|p2b: success?|40\/100|[from] item: Sitrus Berry\n|-damage|p1b: Taro|6\/100|[from] Recoil\n|\n|-heal|p1b: Taro|12\/100|[from] Grassy Terrain\n|-heal|p1a: Among|94\/100|[from] Grassy Terrain\n|-ability|p1b: Taro|Speed Boost|boost\n|-boost|p1b: Taro|spe|1\n|upkeep\n|turn|7\n|\n|t:|1697354154\n|move|p1b: Taro|Detect|p1b: Taro\n|-singleturn|p1b: Taro|Protect\n|move|p2a: failure|Stone Axe|p1b: Taro\n|-activate|p1b: Taro|move: Protect\n|move|p2b: success?|Brave Bird|p1a: Among\n|-supereffective|p1a: Among\n|-damage|p1a: Among|49\/100\n|-damage|p2b: success?|20\/100|[from] Recoil\n|move|p1a: Among|Spore|p2a: failure\n|-status|p2a: failure|slp|[from] move: Spore\n|\n|-heal|p1b: Taro|18\/100|[from] Grassy Terrain\n|-heal|p1a: Among|55\/100|[from] Grassy Terrain\n|-sideend|p2: Play Tale of Wuxia|move: Tailwind\n|-fieldend|move: Grassy Terrain\n|-ability|p1b: Taro|Speed Boost|boost\n|-boost|p1b: Taro|spe|1\n|upkeep\n|turn|8\n|\n|t:|1697354173\n|move|p1a: Among|Rage Powder|p1a: Among\n|-singleturn|p1a: Among|move: Rage Powder\n|move|p1b: Taro|Swords Dance|p1b: Taro\n|-boost|p1b: Taro|atk|2\n|cant|p2a: failure|slp\n|move|p2b: success?|Tailwind|p2b: success?\n|-sidestart|p2: Play Tale of Wuxia|move: Tailwind\n|\n|-ability|p1b: Taro|Speed Boost|boost\n|-boost|p1b: Taro|spe|1\n|upkeep\n|turn|9\n|\n|t:|1697354192\n|move|p1a: Among|Rage Powder|p1a: Among\n|-singleturn|p1a: Among|move: Rage Powder\n|cant|p2a: failure|slp\n|move|p1b: Taro|Close Combat|p2a: failure\n|-damage|p2a: failure|0 fnt\n|-unboost|p1b: Taro|def|1\n|-unboost|p1b: Taro|spd|1\n|faint|p2a: failure\n|move|p2b: success?|Brave Bird|p1a: Among\n|-supereffective|p1a: Among\n|-damage|p1a: Among|8\/100\n|-damage|p2b: success?|0 fnt|[from] Recoil\n|faint|p2b: success?\n|\n|-ability|p1b: Taro|Speed Boost|boost\n|-boost|p1b: Taro|spe|1\n|upkeep\n|\n|t:|1697354217\n|switch|p2b: Garchomp|Garchomp, M|100\/100\n|switch|p2a: success|Vivillon, M|64\/100\n|turn|10\n|\n|t:|1697354242\n|move|p1b: Taro|Detect|p1b: Taro\n|-singleturn|p1b: Taro|Protect\n|move|p2a: success|Rage Powder|p2a: success\n|-singleturn|p2a: success|move: Rage Powder\n|move|p2b: Garchomp|Rock Slide|p1b: Taro|[spread] p1a\n|-activate|p1b: Taro|move: Protect\n|-damage|p1a: Among|0 fnt\n|faint|p1a: Among\n|-end|p1a: Among|Protosynthesis|[silent]\n|\n|-ability|p1b: Taro|Speed Boost|boost\n|-boost|p1b: Taro|spe|1\n|upkeep\n|j| Spookely\n|\n|t:|1697354257\n|switch|p1a: Crown|Arboliva, F|63\/100\n|-damage|p1a: Crown|51\/100|[from] Stealth Rock\n|turn|11\n|c| Spookely|great teams fellas\n|\n|t:|1697354273\n|move|p1b: Taro|Close Combat|p2b: Garchomp\n|-damage|p2b: Garchomp|24\/100\n|-unboost|p1b: Taro|def|1\n|-unboost|p1b: Taro|spd|1\n|-damage|p1b: Taro|6\/100|[from] ability: Rough Skin|[of] p2b: Garchomp\n|move|p2a: success|Pollen Puff|p1a: Crown\n|-supereffective|p1a: Crown\n|-damage|p1a: Crown|14\/100\n|-fieldstart|move: Grassy Terrain|[from] ability: Seed Sower|[of] p1a: Crown\n|move|p2b: Garchomp|Rock Slide|p1b: Taro|[spread] p1a,p1b\n|-damage|p1a: Crown|1\/100\n|-damage|p1b: Taro|0 fnt\n|faint|p1b: Taro\n|move|p1a: Crown|Strength Sap|p2b: Garchomp\n|-unboost|p2b: Garchomp|atk|1\n|-heal|p1a: Crown|100\/100\n|\n|-heal|p2b: Garchomp|30\/100|[from] Grassy Terrain\n|-sideend|p1: Zelphalopod|move: Light Screen\n|-sideend|p2: Play Tale of Wuxia|move: Tailwind\n|upkeep\n|l| Spookely\n|\n|t:|1697354297\n|switch|p1b: Yin|Samurott-Hisui, M|38\/100\n|-damage|p1b: Yin|26\/100|[from] Stealth Rock\n|turn|12\n|\n|t:|1697354322\n|move|p1b: Yin|Ceaseless Edge|p2a: success|[miss]\n|-miss|p1b: Yin|p2a: success\n|move|p2a: success|Tailwind|p2a: success\n|-sidestart|p2: Play Tale of Wuxia|move: Tailwind\n|move|p2b: Garchomp|Body Slam|p1b: Yin\n|-damage|p1b: Yin|11\/100\n|move|p1a: Crown|Light Screen|p1a: Crown\n|-sidestart|p1: Zelphalopod|move: Light Screen\n|\n|-heal|p2b: Garchomp|36\/100|[from] Grassy Terrain\n|-heal|p1b: Yin|17\/100|[from] Grassy Terrain\n|-sideend|p1: Zelphalopod|Reflect\n|upkeep\n|turn|13\n|\n|t:|1697354365\n|switch|p2b: Iron Stick|Gholdengo|100\/100\n|move|p2a: success|Pollen Puff|p1b: Yin\n|-supereffective|p1b: Yin\n|-damage|p1b: Yin|0 fnt\n|faint|p1b: Yin\n|move|p1a: Crown|Reflect|p1a: Crown\n|-sidestart|p1: Zelphalopod|Reflect\n|\n|upkeep\n|\n|t:|1697354375\n|switch|p1b: Storm|Volcanion|100\/100\n|-damage|p1b: Storm|75\/100|[from] Stealth Rock\n|turn|14\n|\n|t:|1697354393\n|move|p2a: success|Sleep Powder|p1b: Storm|[miss]\n|-miss|p2a: success|p1b: Storm\n|move|p2b: Iron Stick|Nasty Plot|p2b: Iron Stick\n|-boost|p2b: Iron Stick|spa|2\n|move|p1b: Storm|Flare Blitz|p2b: Iron Stick\n|-supereffective|p2b: Iron Stick\n|-damage|p2b: Iron Stick|13\/100\n|-damage|p1b: Storm|50\/100|[from] Recoil\n|move|p1a: Crown|Leech Seed|p2a: success\n|-start|p2a: success|move: Leech Seed\n|\n|-heal|p2b: Iron Stick|19\/100|[from] Grassy Terrain\n|-heal|p1b: Storm|57\/100|[from] Grassy Terrain\n|-damage|p2a: success|51\/100|[from] Leech Seed|[of] p1a: Crown\n|upkeep\n|turn|15\n|\n|t:|1697354422\n|move|p2a: success|Sleep Powder|p1b: Storm|[miss]\n|-miss|p2a: success|p1b: Storm\n|move|p2b: Iron Stick|Thunderbolt|p1b: Storm\n|-supereffective|p1b: Storm\n|-damage|p1b: Storm|0 fnt\n|faint|p1b: Storm\n|-damage|p2b: Iron Stick|9\/100|[from] item: Life Orb\n|move|p1a: Crown|Leech Seed|p2b: Iron Stick\n|-immune|p2b: Iron Stick|[from] ability: Good as Gold\n|\n|-heal|p2b: Iron Stick|15\/100|[from] Grassy Terrain\n|-damage|p2a: success|39\/100|[from] Leech Seed|[of] p1a: Crown\n|-sideend|p2: Play Tale of Wuxia|move: Tailwind\n|-fieldend|move: Grassy Terrain\n|upkeep\n|turn|16\n|j| Spookely\n|c| Spookely|hurry this one up fellas\n|l| Spookely\n|c|\u2606Play Tale of Wuxia|who are you\n|c|\u2606Zelphalopod|lmao\n|j| xiaoqing three\n|\n|t:|1697354517\n|move|p2a: success|Pollen Puff|p2b: Iron Stick\n|-heal|p2b: Iron Stick|65\/100\n|move|p2b: Iron Stick|Nasty Plot|p2b: Iron Stick\n|-boost|p2b: Iron Stick|spa|2\n|move|p1a: Crown|Strength Sap|p2a: success\n|-unboost|p2a: success|atk|1\n|\n|-damage|p2a: success|27\/100|[from] Leech Seed|[of] p1a: Crown\n|upkeep\n|turn|17\n|l| xiaoqing three\n|\n|t:|1697354538\n|move|p2a: success|Pollen Puff|p2b: Iron Stick\n|-heal|p2b: Iron Stick|100\/100\n|move|p2b: Iron Stick|Make It Rain|p1a: Crown\n|-damage|p1a: Crown|0 fnt\n|-unboost|p2b: Iron Stick|spa|1\n|-fieldstart|move: Grassy Terrain|[from] ability: Seed Sower|[of] p1a: Crown\n|faint|p1a: Crown\n|-damage|p2b: Iron Stick|91\/100|[from] item: Life Orb\n|\n|win|Play Tale of Wuxia\n|l|\u2606Zelphalopod\n","uploadtime":1697354571,"views":12,"p1id":"zelphalopod","p2id":"playtaleofwuxia","formatid":"gen9nationaldexdoubles","rating":0,"private":0,"password":""}