{"id":"gen9nationaldexdoubles-1984264883","p1":"pd wogus","p2":"Mexzoto","format":"[Gen 9] National Dex Doubles","log":"|j|\u2606pd wogus\n|j|\u2606Mexzoto\n|t:|1699236623\n|gametype|doubles\n|player|p1|pd wogus|dawn|1000\n|player|p2|Mexzoto|hilbert|1109\n|teamsize|p1|6\n|teamsize|p2|6\n|gen|9\n|tier|[Gen 9] National Dex Doubles\n|rated|\n|rule|HP Percentage Mod: HP is shown in percentages\n|rule|Endless Battle Clause: Forcing endless battles is banned\n|rule|OHKO Clause: OHKO moves are banned\n|rule|Evasion Moves Clause: Evasion moves are banned\n|rule|Evasion Abilities Clause: Evasion abilities are banned\n|rule|Species Clause: Limit one of each Pok\u00e9mon\n|rule|Gravity Sleep Clause: The combination of sleep-inducing moves with imperfect accuracy and Gravity or Gigantamax Orbeetle are banned\n|clearpoke\n|poke|p1|Venusaur, M|\n|poke|p1|Hitmontop, M|\n|poke|p1|Torkoal, M|\n|poke|p1|Whimsicott, F|\n|poke|p1|Walking Wake|\n|poke|p1|Rillaboom, F|\n|poke|p2|Raichu, M|\n|poke|p2|Pidgeot, M|\n|poke|p2|Blaziken, M|\n|poke|p2|Torterra, M|\n|poke|p2|Inteleon, M|\n|poke|p2|Zoroark, F|\n|teampreview\n|inactive|Battle timer is ON: inactive players will automatically lose when time's up. (requested by Mexzoto)\n|\n|t:|1699236635\n|start\n|switch|p1a: Rillaboom|Rillaboom, F|100\/100\n|switch|p1b: Torkoal|Torkoal, M|100\/100\n|switch|p2a: Raichu|Raichu, M|100\/100\n|switch|p2b: Pidgeot|Pidgeot, M|100\/100\n|-fieldstart|move: Grassy Terrain|[from] ability: Grassy Surge|[of] p1a: Rillaboom\n|-weather|SunnyDay|[from] ability: Drought|[of] p1b: Torkoal\n|turn|1\n|\n|t:|1699236647\n|detailschange|p2b: Pidgeot|Pidgeot-Mega, M\n|-mega|p2b: Pidgeot|Pidgeot|Pidgeotite\n|move|p2a: Raichu|Fake Out|p1b: Torkoal\n|-damage|p1b: Torkoal|93\/100\n|move|p1a: Rillaboom|Fake Out|p2b: Pidgeot\n|-damage|p2b: Pidgeot|82\/100\n|cant|p2b: Pidgeot|flinch\n|cant|p1b: Torkoal|flinch\n|\n|-weather|SunnyDay|[upkeep]\n|-heal|p1b: Torkoal|99\/100|[from] Grassy Terrain\n|upkeep\n|turn|2\n|\n|t:|1699236658\n|move|p1a: Rillaboom|Protect|p1a: Rillaboom\n|-singleturn|p1a: Rillaboom|Protect\n|move|p2a: Raichu|Follow Me|p2a: Raichu\n|-singleturn|p2a: Raichu|move: Follow Me\n|move|p2b: Pidgeot|Hurricane|p1a: Rillaboom\n|-activate|p1a: Rillaboom|move: Protect\n|move|p1b: Torkoal|Heat Wave|p2b: Pidgeot|[spread] p2a,p2b\n|-damage|p2a: Raichu|14\/100\n|-damage|p2b: Pidgeot|14\/100\n|\n|-weather|SunnyDay|[upkeep]\n|-heal|p2a: Raichu|20\/100|[from] Grassy Terrain\n|-heal|p1b: Torkoal|100\/100|[from] Grassy Terrain\n|upkeep\n|turn|3\n|\n|t:|1699236672\n|move|p2a: Raichu|Follow Me|p2a: Raichu\n|-singleturn|p2a: Raichu|move: Follow Me\n|move|p1a: Rillaboom|Grassy Glide|p2a: Raichu\n|-damage|p2a: Raichu|0 fnt\n|faint|p2a: Raichu\n|move|p2b: Pidgeot|Tailwind|p2b: Pidgeot\n|-sidestart|p2: Mexzoto|move: Tailwind\n|move|p1b: Torkoal|Heat Wave|p2b: Pidgeot\n|-damage|p2b: Pidgeot|0 fnt\n|faint|p2b: Pidgeot\n|\n|-weather|SunnyDay|[upkeep]\n|upkeep\n|\n|t:|1699236679\n|switch|p2b: Torterra|Torterra, M|100\/100\n|switch|p2a: Blaziken|Blaziken, M|100\/100\n|turn|4\n|\n|t:|1699236697\n|switch|p1a: Hitmontop|Hitmontop, M|100\/100\n|-ability|p1a: Hitmontop|Intimidate|boost\n|-unboost|p2a: Blaziken|atk|1\n|-unboost|p2b: Torterra|atk|1\n|move|p2a: Blaziken|Close Combat|p1b: Torkoal\n|-damage|p1b: Torkoal|69\/100\n|-unboost|p2a: Blaziken|def|1\n|-unboost|p2a: Blaziken|spd|1\n|move|p2b: Torterra|Earth Power|p1b: Torkoal\n|-supereffective|p1b: Torkoal\n|-damage|p1b: Torkoal|0 fnt\n|faint|p1b: Torkoal\n|-damage|p2b: Torterra|91\/100|[from] item: Life Orb\n|\n|-weather|SunnyDay|[upkeep]\n|-heal|p2b: Torterra|97\/100|[from] Grassy Terrain\n|-ability|p2a: Blaziken|Speed Boost|boost\n|-boost|p2a: Blaziken|spe|1\n|upkeep\n|\n|t:|1699236712\n|switch|p1b: Venusaur|Venusaur, M|100\/100\n|turn|5\n|\n|t:|1699236718\n|switch|p2a: Blaziken|Blaziken, M|100\/100\n|switch|p2b: Inteleon|Inteleon, M|100\/100\n|move|p1a: Hitmontop|Fake Out|p2a: Blaziken\n|-damage|p2a: Blaziken|82\/100\n|replace|p2a: Zoroark|Zoroark, F\n|-end|p2a: Zoroark|Illusion\n|move|p1b: Venusaur|Sludge Bomb|p2a: Zoroark\n|-damage|p2a: Zoroark|0 fnt\n|faint|p2a: Zoroark\n|-damage|p1b: Venusaur|91\/100|[from] item: Life Orb\n|\n|-weather|none\n|-heal|p1b: Venusaur|97\/100|[from] Grassy Terrain\n|-fieldend|move: Grassy Terrain\n|upkeep\n|\n|t:|1699236724\n|switch|p2a: Torterra|Torterra, M|97\/100\n|turn|6\n|\n|t:|1699236731\n|move|p1a: Hitmontop|Wide Guard|p1a: Hitmontop\n|-singleturn|p1a: Hitmontop|Wide Guard\n|move|p2b: Inteleon|Ice Beam|p1b: Venusaur\n|-supereffective|p1b: Venusaur\n|-damage|p1b: Venusaur|32\/100\n|move|p2a: Torterra|Wood Hammer|p1a: Hitmontop\n|-damage|p1a: Hitmontop|22\/100\n|-enditem|p1a: Hitmontop|Sitrus Berry|[eat]\n|-heal|p1a: Hitmontop|47\/100|[from] item: Sitrus Berry\n|-damage|p2a: Torterra|73\/100|[from] Recoil\n|-damage|p2a: Torterra|63\/100|[from] item: Life Orb\n|move|p1b: Venusaur|Giga Drain|p2b: Inteleon\n|-supereffective|p2b: Inteleon\n|-damage|p2b: Inteleon|0 fnt\n|-heal|p1b: Venusaur|79\/100|[from] drain|[of] p2b: Inteleon\n|faint|p2b: Inteleon\n|-damage|p1b: Venusaur|69\/100|[from] item: Life Orb\n|\n|-sideend|p2: Mexzoto|move: Tailwind\n|upkeep\n|\n|t:|1699236735\n|switch|p2b: Blaziken|Blaziken, M|100\/100\n|turn|7\n|\n|t:|1699236742\n|switch|p1a: Rillaboom|Rillaboom, F|100\/100\n|-fieldstart|move: Grassy Terrain|[from] ability: Grassy Surge|[of] p1a: Rillaboom\n|move|p2a: Torterra|Wide Guard|p2a: Torterra\n|-singleturn|p2a: Torterra|Wide Guard\n|move|p1b: Venusaur|Sludge Bomb|p2a: Torterra\n|-damage|p2a: Torterra|0 fnt\n|faint|p2a: Torterra\n|-damage|p1b: Venusaur|59\/100|[from] item: Life Orb\n|move|p2b: Blaziken|Close Combat|p1a: Rillaboom\n|-damage|p1a: Rillaboom|34\/100\n|-unboost|p2b: Blaziken|def|1\n|-unboost|p2b: Blaziken|spd|1\n|\n|-heal|p1b: Venusaur|65\/100|[from] Grassy Terrain\n|-heal|p1a: Rillaboom|40\/100|[from] Grassy Terrain\n|-ability|p2b: Blaziken|Speed Boost|boost\n|-boost|p2b: Blaziken|spe|1\n|upkeep\n|turn|8\n|-message|Mexzoto forfeited.\n|\n|win|pd wogus\n|raw|pd wogus's rating: 1000 &rarr; <strong>1052<\/strong><br \/>(+52 for winning)\n|raw|Mexzoto's rating: 1109 &rarr; <strong>1076<\/strong><br \/>(-33 for losing)\n|l|\u2606Mexzoto\n","uploadtime":1699236754,"views":8,"p1id":"pdwogus","p2id":"mexzoto","formatid":"gen9nationaldexdoubles","rating":1052,"private":0,"password":""}