{"id":"gen9nationaldexdoubles-1970162177","p1":"ThatSanchezyBoi","p2":"BUDDYOT6","format":"[Gen 9] National Dex Doubles","log":"|j|\u2606ThatSanchezyBoi\n|j|\u2606BUDDYOT6\n|t:|1697603308\n|gametype|doubles\n|player|p1|ThatSanchezyBoi|veteran|1106\n|player|p2|BUDDYOT6|blackbelt|1096\n|teamsize|p1|6\n|teamsize|p2|6\n|gen|9\n|tier|[Gen 9] National Dex Doubles\n|rated|\n|rule|HP Percentage Mod: HP is shown in percentages\n|rule|Endless Battle Clause: Forcing endless battles is banned\n|rule|OHKO Clause: OHKO moves are banned\n|rule|Evasion Moves Clause: Evasion moves are banned\n|rule|Evasion Abilities Clause: Evasion abilities are banned\n|rule|Species Clause: Limit one of each Pok\u00e9mon\n|rule|Gravity Sleep Clause: The combination of sleep-inducing moves with imperfect accuracy and Gravity or Gigantamax Orbeetle are banned\n|clearpoke\n|poke|p1|Regigigas|\n|poke|p1|Weezing-Galar, F|\n|poke|p1|Tornadus, M|\n|poke|p1|Palafin, M|\n|poke|p1|Sinistcha-Masterpiece|\n|poke|p1|Dragonite, F|\n|poke|p2|Typhlosion, F|\n|poke|p2|Ninetales, M|\n|poke|p2|Scovillain, F|\n|poke|p2|Ursaluna, F|\n|poke|p2|Meowscarada, F|\n|poke|p2|Torkoal, F|\n|teampreview\n|\n|t:|1697603330\n|start\n|switch|p1a: Weezing|Weezing-Galar, F|100\/100\n|switch|p1b: Palafin|Palafin, M|100\/100\n|switch|p2a: Torkoal|Torkoal, F|100\/100\n|switch|p2b: Typhlosion|Typhlosion, F|100\/100\n|-ability|p1a: Weezing|Neutralizing Gas\n|turn|1\n|\n|t:|1697603361\n|-terastallize|p2b: Typhlosion|Fire\n|move|p1a: Weezing|Protect|p1a: Weezing\n|-singleturn|p1a: Weezing|Protect\n|move|p1b: Palafin|Jet Punch|p2b: Typhlosion\n|-supereffective|p2b: Typhlosion\n|-damage|p2b: Typhlosion|40\/100\n|move|p2b: Typhlosion|Eruption|p1b: Palafin|[spread] p1b\n|-activate|p1a: Weezing|move: Protect\n|-resisted|p1b: Palafin\n|-damage|p1b: Palafin|76\/100\n|move|p2a: Torkoal|Lava Plume|p1b: Palafin|[spread] p2b,p1b\n|-activate|p1a: Weezing|move: Protect\n|-resisted|p2b: Typhlosion\n|-resisted|p1b: Palafin\n|-damage|p2b: Typhlosion|28\/100\n|-damage|p1b: Palafin|63\/100\n|\n|upkeep\n|turn|2\n|j| Immmalose\n|l| Immmalose\n|\n|t:|1697603393\n|detailschange|p1b: Palafin|Palafin-Hero, M\n|switch|p1b: Regigigas|Regigigas|100\/100\n|move|p2b: Typhlosion|Eruption|p1a: Weezing|[spread] p1a,p1b\n|-damage|p1a: Weezing|83\/100\n|-damage|p1b: Regigigas|86\/100\n|move|p1a: Weezing|Sludge|p2b: Typhlosion\n|-damage|p2b: Typhlosion|0 fnt\n|faint|p2b: Typhlosion\n|move|p2a: Torkoal|Stealth Rock|p1b: Regigigas\n|-sidestart|p1: ThatSanchezyBoi|move: Stealth Rock\n|\n|-heal|p1a: Weezing|89\/100|[from] item: Black Sludge\n|upkeep\n|\n|t:|1697603420\n|switch|p2b: Scovillain|Scovillain, F|100\/100\n|turn|3\n|\n|t:|1697603448\n|move|p1a: Weezing|Protect|p1a: Weezing\n|-singleturn|p1a: Weezing|Protect\n|move|p1b: Regigigas|Rock Slide|p2a: Torkoal|[spread] p2a\n|-miss|p1b: Regigigas|p2b: Scovillain\n|-supereffective|p2a: Torkoal\n|-damage|p2a: Torkoal|60\/100\n|move|p2b: Scovillain|Fire Blast|p1b: Regigigas|[miss]\n|-miss|p2b: Scovillain|p1b: Regigigas\n|move|p2a: Torkoal|Lava Plume|p1a: Weezing|[spread] p2b,p1b\n|-activate|p1a: Weezing|move: Protect\n|-damage|p2b: Scovillain|68\/100\n|-damage|p1b: Regigigas|73\/100\n|\n|-heal|p1a: Weezing|95\/100|[from] item: Black Sludge\n|upkeep\n|turn|4\n|\n|t:|1697603483\n|switch|p2a: Meowscarada|Meowscarada, F|100\/100\n|move|p1b: Regigigas|Rock Slide|p2a: Meowscarada|[spread] p2a,p2b\n|-supereffective|p2b: Scovillain\n|-damage|p2a: Meowscarada|62\/100\n|-damage|p2b: Scovillain|0 fnt\n|faint|p2b: Scovillain\n|move|p1a: Weezing|Sludge|p2a: Meowscarada\n|-supereffective|p2a: Meowscarada\n|-damage|p2a: Meowscarada|0 fnt\n|faint|p2a: Meowscarada\n|\n|-heal|p1a: Weezing|100\/100|[from] item: Black Sludge\n|upkeep\n|\n|t:|1697603502\n|switch|p2a: Ursaluna|Ursaluna, F|100\/100\n|switch|p2b: Torkoal|Torkoal, F|60\/100\n|turn|5\n|c|\u2606ThatSanchezyBoi|even accidentaly choosing the weaker move hasnt hindered me lol\n|\n|t:|1697603521\n|-terastallize|p1b: Regigigas|Fighting\n|move|p2a: Ursaluna|Protect|p2a: Ursaluna\n|-singleturn|p2a: Ursaluna|Protect\n|move|p1b: Regigigas|Drain Punch|p2a: Ursaluna\n|-activate|p2a: Ursaluna|move: Protect\n|move|p1a: Weezing|Sludge|p2b: Torkoal\n|-damage|p2b: Torkoal|40\/100\n|move|p2b: Torkoal|Lava Plume|p1b: Regigigas|[spread] p1a,p1b\n|-activate|p2a: Ursaluna|move: Protect\n|-damage|p1a: Weezing|84\/100\n|-damage|p1b: Regigigas|58\/100\n|\n|-heal|p1a: Weezing|90\/100|[from] item: Black Sludge\n|-status|p2a: Ursaluna|brn|[from] item: Flame Orb\n|upkeep\n|turn|6\n|l|\u2606BUDDYOT6\n|player|p2|\n|inactive|Battle timer is ON: inactive players will automatically lose when time's up. (requested by ThatSanchezyBoi)\n|inactive|BUDDYOT6 has 30 seconds to reconnect!\n|inactive|BUDDYOT6 has 20 seconds to reconnect!\n|inactive|BUDDYOT6 has 15 seconds to reconnect!\n|inactive|BUDDYOT6 has 10 seconds to reconnect!\n|inactive|BUDDYOT6 has 5 seconds to reconnect!\n|-message|BUDDYOT6 lost due to inactivity.\n|\n|win|ThatSanchezyBoi\n|raw|ThatSanchezyBoi's rating: 1106 &rarr; <strong>1130<\/strong><br \/>(+24 for winning)\n|raw|BUDDYOT6's rating: 1096 &rarr; <strong>1072<\/strong><br \/>(-24 for losing)\n","uploadtime":1697603763,"views":11,"p1id":"thatsanchezyboi","p2id":"buddyot6","formatid":"gen9nationaldexdoubles","rating":1072,"private":0,"password":""}