{"id":"gen9nationaldexdoubles-1963704169","p1":"toffee1497","p2":"Denvah_17","format":"[Gen 9] National Dex Doubles","log":"|j|\u2606toffee1497\n|j|\u2606Denvah_17\n|t:|1696891608\n|gametype|doubles\n|player|p1|toffee1497|elio|1225\n|player|p2|Denvah_17|alder|1394\n|teamsize|p1|6\n|teamsize|p2|6\n|gen|9\n|tier|[Gen 9] National Dex Doubles\n|rated|\n|rule|HP Percentage Mod: HP is shown in percentages\n|rule|Endless Battle Clause: Forcing endless battles is banned\n|rule|OHKO Clause: OHKO moves are banned\n|rule|Evasion Moves Clause: Evasion moves are banned\n|rule|Evasion Abilities Clause: Evasion abilities are banned\n|rule|Species Clause: Limit one of each Pok\u00e9mon\n|rule|Gravity Sleep Clause: The combination of sleep-inducing moves with imperfect accuracy and Gravity or Gigantamax Orbeetle are banned\n|clearpoke\n|poke|p1|Mimikyu, M|\n|poke|p1|Lycanroc-Dusk, M|\n|poke|p1|Feraligatr, M|\n|poke|p1|Primarina, F|\n|poke|p1|Goodra, F|\n|poke|p1|Kommo-o, F|\n|poke|p2|Sinistcha-Masterpiece|\n|poke|p2|Enamorus, F|\n|poke|p2|Volcanion|\n|poke|p2|Scizor, M|\n|poke|p2|Okidogi, M|\n|poke|p2|Ursaluna-Bloodmoon, M|\n|teampreview\n|inactive|Battle timer is ON: inactive players will automatically lose when time's up. (requested by Denvah_17)\n|\n|t:|1696891628\n|start\n|switch|p1a: Mimikyu|Mimikyu, M|100\/100\n|switch|p1b: Feraligatr|Feraligatr, M|100\/100\n|switch|p2a: Sonria|Enamorus, F|100\/100\n|switch|p2b: Grass Latte|Sinistcha-Masterpiece|100\/100\n|turn|1\n|\n|t:|1696891645\n|move|p2a: Sonria|Superpower|p1b: Feraligatr\n|-damage|p1b: Feraligatr|57\/100\n|-boost|p2a: Sonria|atk|1\n|-boost|p2a: Sonria|def|1\n|move|p1a: Mimikyu|Taunt|p2b: Grass Latte\n|-start|p2b: Grass Latte|move: Taunt\n|move|p1b: Feraligatr|Dragon Dance|p1b: Feraligatr\n|-boost|p1b: Feraligatr|atk|1\n|-boost|p1b: Feraligatr|spe|1\n|move|p2b: Grass Latte|Matcha Gotcha|p1b: Feraligatr|[spread] p1a,p1b\n|-supereffective|p1b: Feraligatr\n|-activate|p1a: Mimikyu|ability: Disguise\n|-damage|p1a: Mimikyu|100\/100\n|-damage|p1b: Feraligatr|0 fnt\n|detailschange|p1a: Mimikyu|Mimikyu-Busted, M\n|-damage|p1a: Mimikyu|88\/100|[from] pokemon: Mimikyu-Busted\n|faint|p1b: Feraligatr\n|\n|upkeep\n|\n|t:|1696891661\n|switch|p1b: Primarina|Primarina, F|100\/100\n|turn|2\n|c|\u2606toffee1497|i got nothin\n|c|\u2606toffee1497|new pokemon are just so strong\n|inactive|toffee1497 has 120 seconds left.\n|c|\u2606Denvah_17|Fr fr\n|inactive|toffee1497 has 90 seconds left.\n|c|\u2606Denvah_17|This is like my first real doubles team too\n|c|\u2606toffee1497|who thought it was a good idea to combine scald, giga drain and dazzling gleam into one move XD\n|c|\u2606Denvah_17|Matcha boi is fuckin insane man\n|c|\u2606Denvah_17|I didn't even know it hit both when I built the team\n|inactive|toffee1497 has 60 seconds left.\n|\n|t:|1696891755\n|-terastallize|p2b: Grass Latte|Grass\n|-terastallize|p1b: Primarina|Fairy\n|move|p2a: Sonria|Play Rough|p1a: Mimikyu\n|-crit|p1a: Mimikyu\n|-damage|p1a: Mimikyu|0 fnt\n|-damage|p2a: Sonria|84\/100|[from] item: Rocky Helmet|[of] p1a: Mimikyu\n|faint|p1a: Mimikyu\n|move|p2b: Grass Latte|Matcha Gotcha|p1b: Primarina\n|-damage|p1b: Primarina|64\/100\n|move|p1b: Primarina|Draining Kiss|p2b: Grass Latte\n|-damage|p2b: Grass Latte|50\/100\n|-heal|p1b: Primarina|93\/100|[from] drain|[of] p2b: Grass Latte\n|\n|upkeep\n|inactive|toffee1497 has 60 seconds left.\n|\n|t:|1696891768\n|switch|p1a: Lycanroc|Lycanroc-Dusk, M|100\/100\n|turn|3\n|\n|t:|1696891780\n|move|p1a: Lycanroc|Close Combat|p2b: Grass Latte\n|-damage|p2b: Grass Latte|6\/100\n|-unboost|p1a: Lycanroc|def|1\n|-unboost|p1a: Lycanroc|spd|1\n|move|p2a: Sonria|Play Rough|p1b: Primarina\n|-damage|p1b: Primarina|21\/100\n|move|p2b: Grass Latte|Matcha Gotcha|p1b: Primarina|[spread] p1a\n|-miss|p2b: Grass Latte|p1b: Primarina\n|-supereffective|p1a: Lycanroc\n|-enditem|p1a: Lycanroc|Focus Sash\n|-damage|p1a: Lycanroc|1\/100\n|-heal|p2b: Grass Latte|57\/100|[from] drain|[of] p1a: Lycanroc\n|move|p1b: Primarina|Calm Mind|p1b: Primarina\n|-boost|p1b: Primarina|spa|1\n|-boost|p1b: Primarina|spd|1\n|\n|-end|p2b: Grass Latte|move: Taunt\n|upkeep\n|turn|4\n|inactive|toffee1497 has 90 seconds left.\n|c|\u2606toffee1497|;-;\n|c|\u2606Denvah_17|and if I use strength sap on Enamorus her attack goes up and I heal XD\n|c|\u2606toffee1497|i know\n|\n|t:|1696891807\n|move|p1a: Lycanroc|Accelerock|p2a: Sonria\n|-supereffective|p2a: Sonria\n|-damage|p2a: Sonria|34\/100\n|move|p2a: Sonria|Superpower|p1a: Lycanroc\n|-supereffective|p1a: Lycanroc\n|-damage|p1a: Lycanroc|0 fnt\n|-boost|p2a: Sonria|atk|1\n|-boost|p2a: Sonria|def|1\n|faint|p1a: Lycanroc\n|move|p2b: Grass Latte|Strength Sap|p2a: Sonria\n|-boost|p2a: Sonria|atk|1\n|-heal|p2b: Grass Latte|100\/100\n|move|p1b: Primarina|Draining Kiss|p2b: Grass Latte\n|-damage|p2b: Grass Latte|30\/100\n|-heal|p1b: Primarina|62\/100|[from] drain|[of] p2b: Grass Latte\n|\n|upkeep\n|c|\u2606Denvah_17|It's so fried\n|c|\u2606toffee1497|you ever get the feeling that power creep went too far this gen?\n|inactive|toffee1497 has 60 seconds left.\n|c|\u2606Denvah_17|Every day when I wake up\n|c|\u2606toffee1497|2 gens ago all of these would be ubers without doubt haha\n|\n|t:|1696891843\n|switch|p1a: Goodra|Goodra, F|100\/100\n|turn|5\n|c|\u2606Denvah_17|So true\n|\n|t:|1696891859\n|move|p2a: Sonria|Play Rough|p1a: Goodra\n|-supereffective|p1a: Goodra\n|-damage|p1a: Goodra|0 fnt\n|faint|p1a: Goodra\n|move|p2b: Grass Latte|Strength Sap|p2a: Sonria\n|-boost|p2a: Sonria|atk|1\n|-heal|p2b: Grass Latte|100\/100\n|move|p1b: Primarina|Hyper Voice|p2b: Grass Latte|[spread] p2a,p2b\n|-resisted|p2b: Grass Latte\n|-damage|p2a: Sonria|0 fnt\n|-damage|p2b: Grass Latte|71\/100\n|faint|p2a: Sonria\n|\n|upkeep\n|c|\u2606Denvah_17|I'm still mad they didn't make fairy weak to bug in gen 6 tbh\n|\n|t:|1696891880\n|switch|p2a: Sudafed|Scizor, M|100\/100\n|switch|p1a: Kommo-o|Kommo-o, F|100\/100\n|turn|6\n|c|\u2606toffee1497|its alright, its not like Matcha heals his ally on switch-in or anything on top of his already ludicrous strength\n|c|\u2606Denvah_17|Tbh I run heatproof\n|c|\u2606Denvah_17|And weakness policy\n|inactive|toffee1497 has 90 seconds left.\n|c|\u2606toffee1497|the one mercy XD\n|\n|t:|1696891918\n|detailschange|p2a: Sudafed|Scizor-Mega, M\n|-mega|p2a: Sudafed|Scizor|Scizorite\n|move|p2a: Sudafed|Bullet Punch|p1b: Primarina\n|-supereffective|p1b: Primarina\n|-damage|p1b: Primarina|0 fnt\n|faint|p1b: Primarina\n|move|p1a: Kommo-o|Flamethrower|p2a: Sudafed\n|-supereffective|p2a: Sudafed\n|-damage|p2a: Sudafed|0 fnt\n|faint|p2a: Sudafed\n|move|p2b: Grass Latte|Strength Sap|p1a: Kommo-o\n|-unboost|p1a: Kommo-o|atk|1\n|-heal|p2b: Grass Latte|100\/100\n|\n|upkeep\n|c|\u2606Denvah_17|Max defense and special defense EVs on that boy\n|\n|t:|1696891935\n|switch|p2a: Xi Jinping|Ursaluna-Bloodmoon, M|100\/100\n|turn|7\n|c|\u2606toffee1497|its like some people running a bloody Z-move on Chi-Yu just to make his fire damage so unreal its madness\n|\n|t:|1696891955\n|move|p1a: Kommo-o|Clanging Scales|p2b: Grass Latte|[spread] p2a,p2b\n|-damage|p2a: Xi Jinping|57\/100\n|-damage|p2b: Grass Latte|59\/100\n|-unboost|p1a: Kommo-o|def|1\n|move|p2b: Grass Latte|Hex|p1a: Kommo-o\n|-damage|p1a: Kommo-o|71\/100\n|move|p2a: Xi Jinping|Blood Moon|p1a: Kommo-o\n|-damage|p1a: Kommo-o|0 fnt\n|faint|p1a: Kommo-o\n|\n|win|Denvah_17\n|raw|toffee1497's rating: 1225 &rarr; <strong>1211<\/strong><br \/>(-14 for losing)\n|raw|Denvah_17's rating: 1394 &rarr; <strong>1405<\/strong><br \/>(+11 for winning)\n|c|\u2606Denvah_17|Haha at this point chi yu is the best meme\n|c|\u2606toffee1497|he is\n|c|\u2606Denvah_17|I like to run him with a focus sash and flame charge\n|c|\u2606Denvah_17|GG tho\n|c|\u2606toffee1497|best part of the new gen is just how broken it is\n|c|\u2606toffee1497|but yeah gg <3\n|c|\u2606toffee1497|my poor babies just cant compete anymore\n|c|\u2606Denvah_17|it's tough out there, happy trails\n|c|\u2606toffee1497|you too\n","uploadtime":1696891978,"views":6,"p1id":"toffee1497","p2id":"denvah17","formatid":"gen9nationaldexdoubles","rating":1211,"private":0,"password":""}