{"id":"gen9nationaldexdoubles-1950462265","p1":"Kaxxxx","p2":"Leviatan4","format":"[Gen 9] National Dex Doubles","log":"|j|\u2606Kaxxxx\n|j|\u2606Leviatan4\n|t:|1695475595\n|gametype|doubles\n|player|p1|Kaxxxx|steven|\n|player|p2|Leviatan4|scientist-gen4dp|\n|teamsize|p1|6\n|teamsize|p2|6\n|gen|9\n|tier|[Gen 9] National Dex Doubles\n|rule|HP Percentage Mod: HP is shown in percentages\n|rule|Endless Battle Clause: Forcing endless battles is banned\n|rule|OHKO Clause: OHKO moves are banned\n|rule|Evasion Moves Clause: Evasion moves are banned\n|rule|Evasion Abilities Clause: Evasion abilities are banned\n|rule|Species Clause: Limit one of each Pok\u00e9mon\n|rule|Gravity Sleep Clause: The combination of sleep-inducing moves with imperfect accuracy and Gravity or Gigantamax Orbeetle are banned\n|clearpoke\n|poke|p1|Tyranitar, M|\n|poke|p1|Ogerpon-Cornerstone, F|\n|poke|p1|Arcanine-Hisui, M|\n|poke|p1|Shuckle, M|\n|poke|p1|Aerodactyl, F|\n|poke|p1|Nihilego|\n|poke|p2|Scizor, F|\n|poke|p2|Lokix, M|\n|poke|p2|Volcarona, M|\n|poke|p2|Forretress, M|\n|poke|p2|Heracross, M|\n|poke|p2|Yanmega, F|\n|teampreview\n|c|\u2606Leviatan4|Weno\n|c|\u2606Kaxxxx|Suerte\n|j| El_Gran_Wigglytuff\n|\n|t:|1695475639\n|start\n|switch|p1a: Aerodactyl|Aerodactyl, F|100\/100\n|switch|p1b: Nihilego|Nihilego|100\/100\n|switch|p2a: Flash|Lokix, M|100\/100\n|switch|p2b: Cannonball|Forretress, M|100\/100\n|turn|1\n|\n|t:|1695475671\n|detailschange|p1a: Aerodactyl|Aerodactyl-Mega, F\n|-mega|p1a: Aerodactyl|Aerodactyl|Aerodactylite\n|-terastallize|p2b: Cannonball|Fire\n|move|p2a: Flash|First Impression|p1a: Aerodactyl\n|-resisted|p1a: Aerodactyl\n|-damage|p1a: Aerodactyl|36\/100\n|-damage|p2a: Flash|91\/100|[from] item: Life Orb\n|move|p1a: Aerodactyl|Fire Fang|p2b: Cannonball\n|-resisted|p2b: Cannonball\n|-damage|p2b: Cannonball|91\/100\n|move|p1b: Nihilego|Power Gem|p2a: Flash\n|-supereffective|p2a: Flash\n|-damage|p2a: Flash|0 fnt\n|faint|p2a: Flash\n|-ability|p1b: Nihilego|Beast Boost|boost\n|-boost|p1b: Nihilego|spa|1\n|move|p2b: Cannonball|Gyro Ball|p1a: Aerodactyl\n|-supereffective|p1a: Aerodactyl\n|-crit|p1a: Aerodactyl\n|-damage|p1a: Aerodactyl|0 fnt\n|faint|p1a: Aerodactyl\n|\n|upkeep\n|\n|t:|1695475692\n|switch|p1a: zilla|Tyranitar, M|100\/100\n|switch|p2a: Ra|Volcarona, M, shiny|100\/100\n|-weather|Sandstorm|[from] ability: Sand Stream|[of] p1a: zilla\n|turn|2\n|\n|t:|1695475709\n|move|p1b: Nihilego|Power Gem|p2b: Cannonball\n|-supereffective|p2b: Cannonball\n|-damage|p2b: Cannonball|0 fnt\n|faint|p2b: Cannonball\n|-ability|p1b: Nihilego|Beast Boost|boost\n|-boost|p1b: Nihilego|spa|1\n|-zpower|p2a: Ra\n|move|p2a: Ra|Inferno Overdrive|p1a: zilla|[zeffect]\n|-resisted|p1a: zilla\n|-damage|p1a: zilla|62\/100\n|move|p1a: zilla|Rock Slide|p2a: Ra\n|-supereffective|p2a: Ra\n|-damage|p2a: Ra|0 fnt\n|faint|p2a: Ra\n|\n|-weather|Sandstorm|[upkeep]\n|upkeep\n|\n|t:|1695475733\n|switch|p2a: Strength|Heracross, M|100\/100\n|switch|p2b: Yanmega|Yanmega, F|100\/100\n|turn|3\n|\n|t:|1695475744\n|move|p1a: zilla|Protect|p1a: zilla\n|-singleturn|p1a: zilla|Protect\n|move|p2a: Strength|Brick Break|p1a: zilla\n|-activate|p1a: zilla|move: Protect\n|move|p1b: Nihilego|Power Gem|p2a: Strength\n|-damage|p2a: Strength|0 fnt\n|faint|p2a: Strength\n|-ability|p1b: Nihilego|Beast Boost|boost\n|-boost|p1b: Nihilego|spa|1\n|move|p2b: Yanmega|Psychic|p1b: Nihilego\n|-supereffective|p1b: Nihilego\n|-damage|p1b: Nihilego|67\/100\n|\n|-weather|Sandstorm|[upkeep]\n|-damage|p2b: Yanmega|94\/100|[from] Sandstorm\n|-heal|p2b: Yanmega|100\/100|[from] item: Leftovers\n|-ability|p2b: Yanmega|Speed Boost|boost\n|-boost|p2b: Yanmega|spe|1\n|upkeep\n|\n|t:|1695475760\n|switch|p2a: New One|Scizor, F|100\/100\n|turn|4\n|\n|t:|1695475774\n|detailschange|p2a: New One|Scizor-Mega, F\n|-mega|p2a: New One|Scizor|Scizorite\n|move|p2a: New One|Bullet Punch|p1b: Nihilego\n|-supereffective|p1b: Nihilego\n|-damage|p1b: Nihilego|0 fnt\n|faint|p1b: Nihilego\n|move|p2b: Yanmega|Ancient Power|p1a: zilla\n|-damage|p1a: zilla|47\/100\n|move|p1a: zilla|Rock Slide|p2b: Yanmega|[spread] p2a\n|-miss|p1a: zilla|p2b: Yanmega\n|-damage|p2a: New One|80\/100\n|\n|-weather|Sandstorm|[upkeep]\n|-damage|p2b: Yanmega|94\/100|[from] Sandstorm\n|-heal|p2b: Yanmega|100\/100|[from] item: Leftovers\n|-ability|p2b: Yanmega|Speed Boost|boost\n|-boost|p2b: Yanmega|spe|1\n|upkeep\n|\n|t:|1695475782\n|switch|p1b: Arca|Arcanine-Hisui, M|100\/100\n|-ability|p1b: Arca|Intimidate|boost\n|-unboost|p2a: New One|atk|1\n|-unboost|p2b: Yanmega|atk|1\n|turn|5\n|l|\u2606Kaxxxx\n|player|p1|\n|\n|t:|1695475852\n|switch|p1b: Shuck|Shuckle, M|100\/100\n|move|p2b: Yanmega|Giga Drain|p1a: zilla\n|-supereffective|p1a: zilla\n|-damage|p1a: zilla|13\/100\n|move|p1a: zilla|Rock Slide|p2b: Yanmega|[spread] p2a,p2b\n|-supereffective|p2b: Yanmega\n|-damage|p2a: New One|58\/100\n|-damage|p2b: Yanmega|0 fnt\n|faint|p2b: Yanmega\n|cant|p2a: New One|flinch\n|\n|-weather|Sandstorm|[upkeep]\n|upkeep\n|turn|6\n|j|\u2606Kaxxxx\n|player|p1|Kaxxxx|steven\n|c|\u2606Leviatan4|JAJAJA\n|\n|t:|1695475879\n|switch|p1b: Arca|Arcanine-Hisui, M|100\/100\n|-ability|p1b: Arca|Intimidate|boost\n|-unboost|p2a: New One|atk|1\n|move|p2a: New One|Bullet Punch|p1a: zilla\n|-supereffective|p1a: zilla\n|-damage|p1a: zilla|0 fnt\n|faint|p1a: zilla\n|\n|-weather|Sandstorm|[upkeep]\n|upkeep\n|c|\u2606Leviatan4|gg\n|\n|t:|1695475886\n|switch|p1a: Ogerpon|Ogerpon-Cornerstone, F|100\/100\n|turn|7\n|\n|t:|1695475898\n|-terastallize|p1a: Ogerpon|Rock\n|detailschange|p1a: Ogerpon|Ogerpon-Cornerstone-Tera, F, tera:Rock\n|-ability|p1a: Ogerpon|Embody Aspect (Cornerstone)|boost\n|-boost|p1a: Ogerpon|def|1\n|move|p1a: Ogerpon|Horn Leech|p2a: New One\n|-resisted|p2a: New One\n|-damage|p2a: New One|52\/100\n|move|p1b: Arca|Flare Blitz|p2a: New One\n|-supereffective|p2a: New One\n|-damage|p2a: New One|0 fnt\n|faint|p2a: New One\n|-damage|p1b: Arca|86\/100|[from] Recoil\n|\n|win|Kaxxxx\n|c|\u2606Kaxxxx|Gg\n|c|\u2606Leviatan4|gg\n","uploadtime":1695475921,"views":21,"p1id":"kaxxxx","p2id":"leviatan4","formatid":"gen9nationaldexdoubles","rating":0,"private":0,"password":""}