{"id":"gen9nationaldexdoubles-1969033385","p1":"Denvah_17","p2":"jerdberd","format":"[Gen 9] National Dex Doubles","log":"|j|\u2606Denvah_17\n|j|\u2606jerdberd\n|t:|1697484396\n|gametype|doubles\n|player|p1|Denvah_17|alder|1383\n|player|p2|jerdberd|emmet|1480\n|teamsize|p1|6\n|teamsize|p2|6\n|gen|9\n|tier|[Gen 9] National Dex Doubles\n|rated|\n|rule|HP Percentage Mod: HP is shown in percentages\n|rule|Endless Battle Clause: Forcing endless battles is banned\n|rule|OHKO Clause: OHKO moves are banned\n|rule|Evasion Moves Clause: Evasion moves are banned\n|rule|Evasion Abilities Clause: Evasion abilities are banned\n|rule|Species Clause: Limit one of each Pok\u00e9mon\n|rule|Gravity Sleep Clause: The combination of sleep-inducing moves with imperfect accuracy and Gravity or Gigantamax Orbeetle are banned\n|clearpoke\n|poke|p1|Sinistcha-Masterpiece|\n|poke|p1|Diancie|\n|poke|p1|Okidogi, M|\n|poke|p1|Ursaluna-Bloodmoon, M|\n|poke|p1|Volcanion|\n|poke|p1|Golisopod, F|\n|poke|p2|Alakazam, M|\n|poke|p2|Tapu Lele|\n|poke|p2|Gigalith, M|\n|poke|p2|Ogerpon-Cornerstone, F|\n|poke|p2|Cresselia, F|\n|poke|p2|Ursaluna-Bloodmoon, M|\n|teampreview\n|inactive|Battle timer is ON: inactive players will automatically lose when time's up. (requested by jerdberd)\n|\n|t:|1697484430\n|start\n|switch|p1a: Rihanna|Diancie, shiny|100\/100\n|switch|p1b: Goliath|Golisopod, F|100\/100\n|switch|p2a: Alakazam|Alakazam, M, shiny|100\/100\n|switch|p2b: Tapu Lele|Tapu Lele, shiny|100\/100\n|-fieldstart|move: Psychic Terrain|[from] ability: Psychic Surge|[of] p2b: Tapu Lele\n|turn|1\n|\n|t:|1697484448\n|detailschange|p2a: Alakazam|Alakazam-Mega, M, shiny\n|-mega|p2a: Alakazam|Alakazam|Alakazite\n|-ability|p2a: Alakazam|Emergency Exit|[from] ability: Trace|[of] p1b: Goliath\n|move|p2a: Alakazam|Protect|p2a: Alakazam\n|-singleturn|p2a: Alakazam|Protect\n|move|p1b: Goliath|Wide Guard|p1b: Goliath\n|-singleturn|p1b: Goliath|Wide Guard\n|move|p2b: Tapu Lele|Thunderbolt|p1b: Goliath\n|-supereffective|p1b: Goliath\n|-damage|p1b: Goliath|31\/100\n|-activate|p1b: Goliath|ability: Emergency Exit\n|\n|t:|1697484468\n|switch|p1b: Zombie Dust|Okidogi, M|100\/100\n|move|p1a: Rihanna|Trick Room|p1a: Rihanna\n|-fieldstart|move: Trick Room|[of] p1a: Rihanna\n|\n|upkeep\n|turn|2\n|\n|t:|1697484489\n|switch|p2b: Gigalith|Gigalith, M, shiny|100\/100\n|-weather|Sandstorm|[from] ability: Sand Stream|[of] p2b: Gigalith\n|move|p1a: Rihanna|Diamond Storm|p2a: Alakazam|[spread] p2a,p2b\n|-damage|p2a: Alakazam|48\/100\n|-damage|p2b: Gigalith|78\/100\n|-activate|p2a: Alakazam|ability: Emergency Exit\n|\n|t:|1697484498\n|switch|p2a: Ursaluna|Ursaluna-Bloodmoon, M|100\/100\n|move|p1b: Zombie Dust|Gunk Shot|p2b: Gigalith|[miss]\n|-miss|p1b: Zombie Dust|p2b: Gigalith\n|\n|-weather|Sandstorm|[upkeep]\n|-damage|p1b: Zombie Dust|94\/100|[from] Sandstorm\n|upkeep\n|turn|3\n|\n|t:|1697484513\n|-terastallize|p2a: Ursaluna|Normal\n|move|p2b: Gigalith|Heavy Slam|p1a: Rihanna\n|-supereffective|p1a: Rihanna\n|-damage|p1a: Rihanna|0 fnt\n|faint|p1a: Rihanna\n|move|p2a: Ursaluna|Hyper Voice|p1b: Zombie Dust\n|-damage|p1b: Zombie Dust|22\/100\n|move|p1b: Zombie Dust|Drain Punch|p2a: Ursaluna\n|-supereffective|p2a: Ursaluna\n|-damage|p2a: Ursaluna|42\/100\n|-heal|p1b: Zombie Dust|58\/100|[from] drain|[of] p2a: Ursaluna\n|\n|-weather|Sandstorm|[upkeep]\n|-damage|p2a: Ursaluna|36\/100|[from] Sandstorm\n|-damage|p1b: Zombie Dust|52\/100|[from] Sandstorm\n|upkeep\n|\n|t:|1697484526\n|switch|p1a: Freddy Fazbear|Ursaluna-Bloodmoon, M|100\/100\n|turn|4\n|\n|t:|1697484533\n|move|p2b: Gigalith|Superpower|p1a: Freddy Fazbear\n|-supereffective|p1a: Freddy Fazbear\n|-damage|p1a: Freddy Fazbear|43\/100\n|-unboost|p2b: Gigalith|atk|1\n|-unboost|p2b: Gigalith|def|1\n|move|p1a: Freddy Fazbear|Hyper Voice|p2b: Gigalith|[spread] p2a,p2b\n|-resisted|p2b: Gigalith\n|-damage|p2a: Ursaluna|0 fnt\n|-damage|p2b: Gigalith|70\/100\n|faint|p2a: Ursaluna\n|move|p1b: Zombie Dust|Drain Punch|p2b: Gigalith\n|-supereffective|p2b: Gigalith\n|-damage|p2b: Gigalith|0 fnt\n|-heal|p1b: Zombie Dust|88\/100|[from] drain|[of] p2b: Gigalith\n|faint|p2b: Gigalith\n|\n|-weather|Sandstorm|[upkeep]\n|-damage|p1b: Zombie Dust|82\/100|[from] Sandstorm\n|-heal|p1a: Freddy Fazbear|49\/100|[from] item: Leftovers\n|upkeep\n|\n|t:|1697484554\n|switch|p2b: Alakazam|Alakazam-Mega, M, shiny|48\/100\n|switch|p2a: Ogerpon|Ogerpon-Cornerstone, F|100\/100\n|-ability|p2b: Alakazam|Mind's Eye|[from] ability: Trace|[of] p1a: Freddy Fazbear\n|turn|5\n|\n|t:|1697484564\n|move|p2a: Ogerpon|Protect|p2a: Ogerpon\n|-singleturn|p2a: Ogerpon|Protect\n|move|p2b: Alakazam|Protect|p2b: Alakazam\n|-singleturn|p2b: Alakazam|Protect\n|move|p1a: Freddy Fazbear|Hyper Voice|p2a: Ogerpon|[spread] \n|-activate|p2a: Ogerpon|move: Protect\n|-activate|p2b: Alakazam|move: Protect\n|move|p1b: Zombie Dust|Gunk Shot|p2a: Ogerpon\n|-activate|p2a: Ogerpon|move: Protect\n|\n|-weather|Sandstorm|[upkeep]\n|-damage|p1b: Zombie Dust|76\/100|[from] Sandstorm\n|-damage|p2b: Alakazam|42\/100|[from] Sandstorm\n|-heal|p1a: Freddy Fazbear|55\/100|[from] item: Leftovers\n|-fieldend|move: Trick Room\n|-fieldend|move: Psychic Terrain\n|upkeep\n|turn|6\n|\n|t:|1697484576\n|switch|p2a: Tapu Lele|Tapu Lele, shiny|100\/100\n|-fieldstart|move: Psychic Terrain|[from] ability: Psychic Surge|[of] p2a: Tapu Lele\n|-terastallize|p1b: Zombie Dust|Dark\n|move|p2b: Alakazam|Expanding Force|p1a: Freddy Fazbear|[spread] p1a\n|-immune|p1b: Zombie Dust\n|-crit|p1a: Freddy Fazbear\n|-damage|p1a: Freddy Fazbear|0 fnt\n|faint|p1a: Freddy Fazbear\n|move|p1b: Zombie Dust|Gunk Shot|p2a: Tapu Lele\n|-supereffective|p2a: Tapu Lele\n|-damage|p2a: Tapu Lele|0 fnt\n|faint|p2a: Tapu Lele\n|\n|-weather|none\n|upkeep\n|\n|t:|1697484590\n|switch|p2a: Ogerpon|Ogerpon-Cornerstone, F|100\/100\n|switch|p1a: Careless Whisper|Volcanion|100\/100\n|turn|7\n|\n|t:|1697484600\n|move|p2b: Alakazam|Expanding Force|p1a: Careless Whisper|[spread] p1a\n|-immune|p1b: Zombie Dust\n|-damage|p1a: Careless Whisper|23\/100\n|move|p2a: Ogerpon|Ivy Cudgel|p1b: Zombie Dust\n|-crit|p1b: Zombie Dust\n|-damage|p1b: Zombie Dust|6\/100\n|move|p1b: Zombie Dust|Drain Punch|p2a: Ogerpon\n|-supereffective|p2a: Ogerpon\n|-ability|p2a: Ogerpon|Sturdy\n|-damage|p2a: Ogerpon|1\/100\n|-heal|p1b: Zombie Dust|48\/100|[from] drain|[of] p2a: Ogerpon\n|move|p1a: Careless Whisper|Heat Wave|p2b: Alakazam|[spread] p2a,p2b\n|-damage|p2a: Ogerpon|0 fnt\n|-damage|p2b: Alakazam|0 fnt\n|faint|p2a: Ogerpon\n|faint|p2b: Alakazam\n|\n|-heal|p1a: Careless Whisper|29\/100|[from] item: Leftovers\n|upkeep\n|-message|jerdberd forfeited.\n|\n|win|Denvah_17\n|raw|Denvah_17's rating: 1383 &rarr; <strong>1409<\/strong><br \/>(+26 for winning)\n|raw|jerdberd's rating: 1485 &rarr; <strong>1459<\/strong><br \/>(-26 for losing)\n|l|\u2606jerdberd\n","uploadtime":1697484645,"views":10,"p1id":"denvah17","p2id":"jerdberd","formatid":"gen9nationaldexdoubles","rating":1409,"private":0,"password":""}