{"id":"gen9nationaldexdoubles-1953012369","p1":"ArceusVGC","p2":"Morakun","format":"[Gen 9] National Dex Doubles","log":"|j|\u2606ArceusVGC\n|j|\u2606Morakun\n|t:|1695747471\n|gametype|doubles\n|player|p1|ArceusVGC|zinnia|\n|player|p2|Morakun|ghetsis|\n|teamsize|p1|6\n|teamsize|p2|6\n|gen|9\n|tier|[Gen 9] National Dex Doubles\n|rule|HP Percentage Mod: HP is shown in percentages\n|rule|Endless Battle Clause: Forcing endless battles is banned\n|rule|OHKO Clause: OHKO moves are banned\n|rule|Evasion Moves Clause: Evasion moves are banned\n|rule|Evasion Abilities Clause: Evasion abilities are banned\n|rule|Species Clause: Limit one of each Pok\u00e9mon\n|rule|Gravity Sleep Clause: The combination of sleep-inducing moves with imperfect accuracy and Gravity or Gigantamax Orbeetle are banned\n|clearpoke\n|poke|p1|Jellicent, M|\n|poke|p1|Tsareena, F|\n|poke|p1|Oranguru, M|\n|poke|p1|Torkoal, M|\n|poke|p1|Snorlax, F|\n|poke|p1|Magmar, F|\n|poke|p2|Politoed, M|\n|poke|p2|Kingdra, F|\n|poke|p2|Jellicent, F|\n|poke|p2|Landorus-Therian, M|\n|poke|p2|Ferrothorn, F|\n|poke|p2|Ludicolo, F|\n|teampreview\n|\n|t:|1695747485\n|start\n|switch|p1a: Magmar|Magmar, F|100\/100\n|switch|p1b: Snorlax|Snorlax, F|100\/100\n|switch|p2a: Mirunii|Kingdra, F|100\/100\n|switch|p2b: Tamaulipas|Politoed, M|100\/100\n|-weather|RainDance|[from] ability: Drizzle|[of] p2b: Tamaulipas\n|turn|1\n|\n|t:|1695747520\n|move|p1a: Magmar|Follow Me|p1a: Magmar\n|-singleturn|p1a: Magmar|move: Follow Me\n|move|p2a: Mirunii|Hurricane|p1a: Magmar\n|-damage|p1a: Magmar|52\/100\n|move|p2b: Tamaulipas|Scald|p1a: Magmar\n|-supereffective|p1a: Magmar\n|-damage|p1a: Magmar|0 fnt\n|faint|p1a: Magmar\n|move|p1b: Snorlax|Belly Drum|p1b: Snorlax\n|-damage|p1b: Snorlax|50\/100\n|-setboost|p1b: Snorlax|atk|6|[from] move: Belly Drum\n|\n|-weather|RainDance|[upkeep]\n|upkeep\n|\n|t:|1695747527\n|switch|p1a: Oranguru|Oranguru, M|100\/100\n|turn|2\n|c|\u2606ArceusVGC|CON LA DILLA\n|c|\u2606ArceusVGC|SILLA\n|-enditem|p1b: Snorlax|Custap Berry|[eat]\n|-activate|p1b: Snorlax|item: Custap Berry|[consumed]\n|\n|t:|1695747554\n|switch|p2a: Malti\u00e7\u00e7|Ferrothorn, F|100\/100\n|move|p2b: Tamaulipas|Protect|p2b: Tamaulipas\n|-singleturn|p2b: Tamaulipas|Protect\n|move|p1b: Snorlax|Rock Slide|p2b: Tamaulipas|[spread] p2a\n|-activate|p2b: Tamaulipas|move: Protect\n|-resisted|p2a: Malti\u00e7\u00e7\n|-damage|p2a: Malti\u00e7\u00e7|78\/100\n|move|p1a: Oranguru|Trick Room|p1a: Oranguru\n|-fieldstart|move: Trick Room|[of] p1a: Oranguru\n|\n|-weather|RainDance|[upkeep]\n|upkeep\n|turn|3\n|\n|t:|1695747582\n|-terastallize|p1b: Snorlax|Steel\n|move|p2a: Malti\u00e7\u00e7|Gyro Ball|p1b: Snorlax\n|-resisted|p1b: Snorlax\n|-crit|p1b: Snorlax\n|-damage|p1b: Snorlax|42\/100\n|move|p1b: Snorlax|Rock Slide|p2b: Tamaulipas|[spread] p2a,p2b\n|-resisted|p2a: Malti\u00e7\u00e7\n|-damage|p2a: Malti\u00e7\u00e7|56\/100\n|-damage|p2b: Tamaulipas|40\/100\n|move|p1a: Oranguru|Instruct|p1b: Snorlax\n|-singleturn|p1b: Snorlax|move: Instruct|[of] p1a: Oranguru\n|move|p1b: Snorlax|Rock Slide|p2a: Malti\u00e7\u00e7|[spread] p2a,p2b\n|-resisted|p2a: Malti\u00e7\u00e7\n|-damage|p2a: Malti\u00e7\u00e7|36\/100\n|-damage|p2b: Tamaulipas|0 fnt\n|faint|p2b: Tamaulipas\n|\n|-weather|RainDance|[upkeep]\n|upkeep\n|\n|t:|1695747607\n|switch|p2b: Cachimpa|Ludicolo, F|100\/100\n|turn|4\n|\n|t:|1695747623\n|switch|p2a: Arcas|Landorus-Therian, M|100\/100\n|-ability|p2a: Arcas|Intimidate|boost\n|-unboost|p1a: Oranguru|atk|1\n|-unboost|p1b: Snorlax|atk|1\n|switch|p1a: Tsareena|Tsareena, F|100\/100\n|move|p2b: Cachimpa|Fake Out||[still]\n|cant|p1a: Tsareena|ability: Queenly Majesty|Fake Out|[of] p2b: Cachimpa\n|move|p1b: Snorlax|Body Slam|p2b: Cachimpa\n|-damage|p2b: Cachimpa|0 fnt\n|faint|p2b: Cachimpa\n|\n|-weather|RainDance|[upkeep]\n|upkeep\n|\n|t:|1695747646\n|switch|p2b: Malti\u00e7\u00e7|Ferrothorn, F|36\/100\n|turn|5\n|\n|t:|1695747657\n|move|p2b: Malti\u00e7\u00e7|Protect|p2b: Malti\u00e7\u00e7\n|-singleturn|p2b: Malti\u00e7\u00e7|Protect\n|move|p2a: Arcas|Protect|p2a: Arcas\n|-singleturn|p2a: Arcas|Protect\n|move|p1b: Snorlax|Belly Drum||[still]\n|-fail|p1b: Snorlax\n|move|p1a: Tsareena|Low Kick|p2b: Malti\u00e7\u00e7\n|-activate|p2b: Malti\u00e7\u00e7|move: Protect\n|\n|-weather|none\n|upkeep\n|turn|6\n|c|\u2606ArceusVGC|Tu\n|c|\u2606ArceusVGC|Menudo missclick\n|\n|t:|1695747683\n|switch|p2a: trupi|Jellicent, F|100\/100\n|move|p2b: Malti\u00e7\u00e7|Leech Seed|p1b: Snorlax\n|-start|p1b: Snorlax|move: Leech Seed\n|move|p1b: Snorlax|Rock Slide|p2a: trupi|[spread] p2a,p2b\n|-resisted|p2b: Malti\u00e7\u00e7\n|-damage|p2a: trupi|53\/100\n|-damage|p2b: Malti\u00e7\u00e7|15\/100\n|move|p1a: Tsareena|Power Whip|p2a: trupi\n|-supereffective|p2a: trupi\n|-damage|p2a: trupi|0 fnt\n|faint|p2a: trupi\n|\n|-damage|p1b: Snorlax|30\/100|[from] Leech Seed|[of] p2b: Malti\u00e7\u00e7\n|-heal|p2b: Malti\u00e7\u00e7|34\/100|[silent]\n|-fieldend|move: Trick Room\n|upkeep\n|\n|t:|1695747702\n|switch|p2a: Arcas|Landorus-Therian, M|100\/100\n|-ability|p2a: Arcas|Intimidate|boost\n|-unboost|p1a: Tsareena|atk|1\n|-unboost|p1b: Snorlax|atk|1\n|turn|7\n|\n|t:|1695747720\n|move|p2b: Malti\u00e7\u00e7|Protect|p2b: Malti\u00e7\u00e7\n|-singleturn|p2b: Malti\u00e7\u00e7|Protect\n|move|p2a: Arcas|Earthquake|p1b: Snorlax|[spread] p1a,p1b\n|-activate|p2b: Malti\u00e7\u00e7|move: Protect\n|-resisted|p1a: Tsareena\n|-supereffective|p1b: Snorlax\n|-damage|p1a: Tsareena|75\/100\n|-damage|p1b: Snorlax|0 fnt\n|faint|p1b: Snorlax\n|-damage|p2a: Arcas|91\/100|[from] item: Life Orb\n|move|p1a: Tsareena|Low Kick|p2b: Malti\u00e7\u00e7\n|-activate|p2b: Malti\u00e7\u00e7|move: Protect\n|\n|upkeep\n|\n|t:|1695747726\n|switch|p1b: Oranguru|Oranguru, M|100\/100\n|turn|8\n|\n|t:|1695747760\n|move|p2a: Arcas|U-turn|p1b: Oranguru\n|-supereffective|p1b: Oranguru\n|-crit|p1b: Oranguru\n|-damage|p1b: Oranguru|0 fnt\n|faint|p1b: Oranguru\n|-damage|p2a: Arcas|81\/100|[from] item: Life Orb\n|\n|t:|1695747768\n|switch|p2a: Mirunii|Kingdra, F|100\/100|[from] U-turn\n|move|p1a: Tsareena|Low Kick|p2b: Malti\u00e7\u00e7\n|-supereffective|p2b: Malti\u00e7\u00e7\n|-damage|p2b: Malti\u00e7\u00e7|7\/100\n|-damage|p1a: Tsareena|63\/100|[from] ability: Iron Barbs|[of] p2b: Malti\u00e7\u00e7\n|-damage|p1a: Tsareena|46\/100|[from] item: Rocky Helmet|[of] p2b: Malti\u00e7\u00e7\n|move|p2b: Malti\u00e7\u00e7|Leech Seed|p1a: Tsareena\n|-immune|p1a: Tsareena\n|\n|upkeep\n|\n|t:|1695747774\n|switch|p1b: Jellicent|Jellicent, M|100\/100\n|turn|9\n|c|\u2606ArceusVGC|Enfin\n|\n|t:|1695747792\n|switch|p1a: Torkoal|Torkoal, M|100\/100\n|-weather|SunnyDay|[from] ability: Drought|[of] p1a: Torkoal\n|move|p2a: Mirunii|Hurricane|p1a: Torkoal|[miss]\n|-miss|p2a: Mirunii|p1a: Torkoal\n|move|p1b: Jellicent|Shadow Ball|p2a: Mirunii\n|-damage|p2a: Mirunii|38\/100\n|move|p2b: Malti\u00e7\u00e7|Power Whip|p1b: Jellicent\n|-supereffective|p1b: Jellicent\n|-damage|p1b: Jellicent|12\/100\n|\n|-weather|SunnyDay|[upkeep]\n|upkeep\n|turn|10\n|\n|t:|1695747837\n|move|p2a: Mirunii|Hydro Pump|p1a: Torkoal\n|-supereffective|p1a: Torkoal\n|-damage|p1a: Torkoal|32\/100\n|move|p1b: Jellicent|Shadow Ball|p2a: Mirunii\n|-damage|p2a: Mirunii|0 fnt\n|faint|p2a: Mirunii\n|move|p2b: Malti\u00e7\u00e7|Power Whip|p1b: Jellicent\n|-supereffective|p1b: Jellicent\n|-damage|p1b: Jellicent|0 fnt\n|faint|p1b: Jellicent\n|move|p1a: Torkoal|Heat Wave|p2b: Malti\u00e7\u00e7\n|-supereffective|p2b: Malti\u00e7\u00e7\n|-damage|p2b: Malti\u00e7\u00e7|0 fnt\n|faint|p2b: Malti\u00e7\u00e7\n|\n|-weather|SunnyDay|[upkeep]\n|upkeep\n|c|\u2606ArceusVGC|Enfin\n|\n|t:|1695747854\n|switch|p2a: Arcas|Landorus-Therian, M|81\/100\n|switch|p1b: Tsareena|Tsareena, F|46\/100\n|-ability|p2a: Arcas|Intimidate|boost\n|-unboost|p1a: Torkoal|atk|1\n|-unboost|p1b: Tsareena|atk|1\n|turn|11\n|c|\u2606ArceusVGC|Ese cr\u00edtico\n|\n|t:|1695747863\n|-terastallize|p2a: Arcas|Ground\n|move|p2a: Arcas|Earthquake|p1a: Torkoal|[spread] p1a,p1b\n|-supereffective|p1a: Torkoal\n|-resisted|p1b: Tsareena\n|-damage|p1a: Torkoal|0 fnt\n|-damage|p1b: Tsareena|9\/100\n|faint|p1a: Torkoal\n|-damage|p2a: Arcas|71\/100|[from] item: Life Orb\n|move|p1b: Tsareena|Power Whip|p2a: Arcas\n|-supereffective|p2a: Arcas\n|-damage|p2a: Arcas|0 fnt\n|faint|p2a: Arcas\n|\n|win|ArceusVGC\n|c|\u2606ArceusVGC|QUE\n|c|\u2606Morakun|GG\n|c|\u2606ArceusVGC|Sin Tera gambas xd\n|c|\u2606ArceusVGC|Ganabas*\n","uploadtime":1695747898,"views":6,"p1id":"arceusvgc","p2id":"morakun","formatid":"gen9nationaldexdoubles","rating":0,"private":0,"password":""}