{"id":"gen9nationaldexdoubles-1955906985","p1":"Champion's Melody","p2":"SlimeGuy98712","format":"[Gen 9] National Dex Doubles","log":"|j|\u2606Champion's Melody\n|j|\u2606SlimeGuy98712\n|t:|1696041022\n|gametype|doubles\n|player|p1|Champion's Melody|skyla|1182\n|player|p2|SlimeGuy98712|erika|1000\n|teamsize|p1|6\n|teamsize|p2|4\n|gen|9\n|tier|[Gen 9] National Dex Doubles\n|rated|\n|rule|HP Percentage Mod: HP is shown in percentages\n|rule|Endless Battle Clause: Forcing endless battles is banned\n|rule|OHKO Clause: OHKO moves are banned\n|rule|Evasion Moves Clause: Evasion moves are banned\n|rule|Evasion Abilities Clause: Evasion abilities are banned\n|rule|Species Clause: Limit one of each Pok\u00e9mon\n|rule|Gravity Sleep Clause: The combination of sleep-inducing moves with imperfect accuracy and Gravity or Gigantamax Orbeetle are banned\n|clearpoke\n|poke|p1|Fezandipiti, M|\n|poke|p1|Basculegion, M|\n|poke|p1|Torterra, M|\n|poke|p1|Empoleon, F|\n|poke|p1|Ditto|\n|poke|p1|Kleavor, M|\n|poke|p2|Araquanid, M|\n|poke|p2|Klefki, M|\n|poke|p2|Maushold|\n|poke|p2|Espathra, M|\n|teampreview\n|inactive|Battle timer is ON: inactive players will automatically lose when time's up. (requested by Champion's Melody)\n|\n|t:|1696041029\n|start\n|switch|p1a: Kleavor|Kleavor, M|100\/100\n|switch|p1b: Empoleon|Empoleon, F|100\/100\n|switch|p2a: Klefki|Klefki, M|100\/100\n|switch|p2b: Araquanid|Araquanid, M, shiny|100\/100\n|turn|1\n|\n|t:|1696041064\n|move|p2b: Araquanid|Protect|p2b: Araquanid\n|-singleturn|p2b: Araquanid|Protect\n|move|p2a: Klefki|Rain Dance|p2a: Klefki\n|-weather|RainDance\n|move|p1a: Kleavor|Lunge|p2b: Araquanid\n|-activate|p2b: Araquanid|move: Protect\n|move|p1b: Empoleon|Flash Cannon|p2a: Klefki\n|-damage|p2a: Klefki|22\/100\n|\n|-weather|RainDance|[upkeep]\n|upkeep\n|turn|2\n|\n|t:|1696041082\n|switch|p2a: Maushold|Maushold|100\/100\n|-terastallize|p2b: Araquanid|Water\n|move|p1a: Kleavor|Stone Axe|p2b: Araquanid\n|-damage|p2b: Araquanid|55\/100\n|-sidestart|p2: SlimeGuy98712|move: Stealth Rock\n|move|p1b: Empoleon|Flash Cannon|p2a: Maushold\n|-damage|p2a: Maushold|24\/100\n|move|p2b: Araquanid|Liquidation|p1a: Kleavor\n|-supereffective|p1a: Kleavor\n|-damage|p1a: Kleavor|0 fnt\n|-damage|p2b: Araquanid|38\/100|[from] item: Rocky Helmet|[of] p1a: Kleavor\n|faint|p1a: Kleavor\n|\n|-weather|RainDance|[upkeep]\n|-heal|p2a: Maushold|30\/100|[from] item: Leftovers\n|upkeep\n|\n|t:|1696041101\n|switch|p1a: Fezandipiti|Fezandipiti, M|100\/100\n|turn|3\n|\n|t:|1696041113\n|move|p2a: Maushold|Follow Me|p2a: Maushold\n|-singleturn|p2a: Maushold|move: Follow Me\n|move|p1a: Fezandipiti|Icy Wind|p2a: Maushold|[spread] p2a,p2b\n|-resisted|p2b: Araquanid\n|-damage|p2a: Maushold|18\/100\n|-damage|p2b: Araquanid|35\/100\n|-unboost|p2a: Maushold|spe|1\n|-unboost|p2b: Araquanid|spe|1\n|move|p1b: Empoleon|Flash Cannon|p2a: Maushold\n|-damage|p2a: Maushold|0 fnt\n|faint|p2a: Maushold\n|move|p2b: Araquanid|Liquidation|p1a: Fezandipiti\n|-damage|p1a: Fezandipiti|0 fnt\n|-damage|p2b: Araquanid|19\/100|[from] item: Rocky Helmet|[of] p1a: Fezandipiti\n|faint|p1a: Fezandipiti\n|\n|-weather|RainDance|[upkeep]\n|upkeep\n|\n|t:|1696041130\n|switch|p2a: Espathra|Espathra, M|100\/100\n|switch|p1a: Torterra|Torterra, M|100\/100\n|-damage|p2a: Espathra|88\/100|[from] Stealth Rock\n|turn|4\n|\n|t:|1696041140\n|move|p2b: Araquanid|Protect|p2b: Araquanid\n|-singleturn|p2b: Araquanid|Protect\n|move|p2a: Espathra|Calm Mind|p2a: Espathra\n|-boost|p2a: Espathra|spa|1\n|-boost|p2a: Espathra|spd|1\n|move|p1a: Torterra|Shell Smash|p1a: Torterra\n|-unboost|p1a: Torterra|def|1\n|-unboost|p1a: Torterra|spd|1\n|-boost|p1a: Torterra|atk|2\n|-boost|p1a: Torterra|spa|2\n|-boost|p1a: Torterra|spe|2\n|-enditem|p1a: Torterra|White Herb\n|-clearnegativeboost|p1a: Torterra|[silent]\n|move|p1b: Empoleon|Flash Cannon|p2a: Espathra\n|-damage|p2a: Espathra|31\/100\n|\n|-weather|RainDance|[upkeep]\n|-heal|p2a: Espathra|38\/100|[from] item: Leftovers\n|-ability|p2a: Espathra|Speed Boost|boost\n|-boost|p2a: Espathra|spe|1\n|upkeep\n|turn|5\n|\n|t:|1696041168\n|move|p2a: Espathra|Protect|p2a: Espathra\n|-singleturn|p2a: Espathra|Protect\n|move|p1a: Torterra|Rock Blast|p2a: Espathra\n|-activate|p2a: Espathra|move: Protect\n|move|p1b: Empoleon|Flash Cannon|p2b: Araquanid\n|-resisted|p2b: Araquanid\n|-crit|p2b: Araquanid\n|-damage|p2b: Araquanid|0 fnt\n|faint|p2b: Araquanid\n|\n|-weather|RainDance|[upkeep]\n|-heal|p2a: Espathra|44\/100|[from] item: Leftovers\n|-ability|p2a: Espathra|Speed Boost|boost\n|-boost|p2a: Espathra|spe|1\n|upkeep\n|\n|t:|1696041174\n|switch|p2b: Klefki|Klefki, M|22\/100\n|-damage|p2b: Klefki|16\/100|[from] Stealth Rock\n|turn|6\n|\n|t:|1696041189\n|move|p2a: Espathra|Stored Power|p1a: Torterra\n|-damage|p1a: Torterra|37\/100\n|move|p1a: Torterra|Rock Blast|p2a: Espathra\n|-damage|p2a: Espathra|28\/100\n|-damage|p2a: Espathra|14\/100\n|-damage|p2a: Espathra|0 fnt\n|faint|p2a: Espathra\n|-hitcount|p2: Espathra|3\n|move|p2b: Klefki|Foul Play|p1a: Torterra\n|-damage|p1a: Torterra|0 fnt\n|faint|p1a: Torterra\n|move|p1b: Empoleon|Flash Cannon|p2b: Klefki\n|-damage|p2b: Klefki|0 fnt\n|faint|p2b: Klefki\n|\n|win|Champion's Melody\n|raw|Champion&apos;s Melody's rating: 1182 &rarr; <strong>1195<\/strong><br \/>(+13 for winning)\n|raw|SlimeGuy98712's rating: 1000 &rarr; <strong>1000<\/strong><br \/>(+0 for losing)\n|l|\u2606SlimeGuy98712\n","uploadtime":1696041207,"views":5,"p1id":"championsmelody","p2id":"slimeguy98712","formatid":"gen9nationaldexdoubles","rating":1000,"private":0,"password":""}