{"id":"gen9nationaldexdoubles-1958654583","p1":"ElonMusksSon","p2":"Indominus T-Rex","format":"[Gen 9] National Dex Doubles","log":"|j|\u2606ElonMusksSon\n|j|\u2606Indominus T-Rex\n|t:|1696348164\n|gametype|doubles\n|player|p1|ElonMusksSon|265|1040\n|player|p2|Indominus T-Rex|lusamine-nihilego|1093\n|teamsize|p1|6\n|teamsize|p2|6\n|gen|9\n|tier|[Gen 9] National Dex Doubles\n|rated|\n|rule|HP Percentage Mod: HP is shown in percentages\n|rule|Endless Battle Clause: Forcing endless battles is banned\n|rule|OHKO Clause: OHKO moves are banned\n|rule|Evasion Moves Clause: Evasion moves are banned\n|rule|Evasion Abilities Clause: Evasion abilities are banned\n|rule|Species Clause: Limit one of each Pok\u00e9mon\n|rule|Gravity Sleep Clause: The combination of sleep-inducing moves with imperfect accuracy and Gravity or Gigantamax Orbeetle are banned\n|clearpoke\n|poke|p1|Rotom-Wash|\n|poke|p1|Garchomp, F|\n|poke|p1|Zoroark-Hisui, M|\n|poke|p1|Lucario, M|\n|poke|p1|Seedot, L1, M|\n|poke|p1|Flamigo, F|\n|poke|p2|Naganadel|\n|poke|p2|Guzzlord|\n|poke|p2|Nihilego|\n|poke|p2|Buzzwole|\n|poke|p2|Pheromosa|\n|poke|p2|Xurkitree|\n|teampreview\n|\n|t:|1696348188\n|start\n|switch|p1a: Garchomp|Garchomp, F|100\/100\n|switch|p1b: Rotom|Rotom-Wash|100\/100\n|switch|p2a: Guzzlord|Guzzlord|100\/100\n|switch|p2b: Naganadel|Naganadel|100\/100\n|turn|1\n|\n|t:|1696348211\n|move|p2b: Naganadel|Dragon Pulse|p1b: Rotom\n|-damage|p1b: Rotom|47\/100\n|move|p1b: Rotom|Will-O-Wisp|p2a: Guzzlord\n|-status|p2a: Guzzlord|brn\n|move|p1a: Garchomp|Earthquake|p2b: Naganadel|[spread] p2a,p2b\n|-immune|p1b: Rotom|[from] ability: Levitate\n|-supereffective|p2b: Naganadel\n|-damage|p2a: Guzzlord|68\/100 brn\n|-damage|p2b: Naganadel|0 fnt\n|faint|p2b: Naganadel\n|move|p2a: Guzzlord|Dragon Claw|p1a: Garchomp\n|-supereffective|p1a: Garchomp\n|-damage|p1a: Garchomp|66\/100\n|-damage|p2a: Guzzlord|55\/100 brn|[from] ability: Rough Skin|[of] p1a: Garchomp\n|\n|-damage|p2a: Guzzlord|49\/100 brn|[from] brn\n|upkeep\n|\n|t:|1696348235\n|switch|p2b: Nihilego|Nihilego|100\/100\n|turn|2\n|\n|t:|1696348266\n|move|p2b: Nihilego|Psychic|p1a: Garchomp\n|-damage|p1a: Garchomp|38\/100\n|move|p1b: Rotom|Pain Split|p2b: Nihilego\n|-sethp|p2b: Nihilego|66\/100|[from] move: Pain Split|[silent]\n|-sethp|p1b: Rotom|98\/100|[from] move: Pain Split\n|move|p1a: Garchomp|Earthquake|p2a: Guzzlord|[spread] p2a,p2b\n|-immune|p1b: Rotom|[from] ability: Levitate\n|-supereffective|p2b: Nihilego\n|-damage|p2a: Guzzlord|13\/100 brn\n|-damage|p2b: Nihilego|0 fnt\n|faint|p2b: Nihilego\n|move|p2a: Guzzlord|Heavy Slam|p1b: Rotom\n|-resisted|p1b: Rotom\n|-damage|p1b: Rotom|92\/100\n|\n|-damage|p2a: Guzzlord|7\/100 brn|[from] brn\n|upkeep\n|\n|t:|1696348281\n|switch|p2b: Xurkitree|Xurkitree|100\/100\n|turn|3\n|\n|t:|1696348297\n|move|p1b: Rotom|Hydro Pump|p2b: Xurkitree|[miss]\n|-miss|p1b: Rotom|p2b: Xurkitree\n|move|p2b: Xurkitree|Dazzling Gleam|p1b: Rotom|[spread] p1a,p1b\n|-supereffective|p1a: Garchomp\n|-damage|p1a: Garchomp|0 fnt\n|-damage|p1b: Rotom|59\/100\n|faint|p1a: Garchomp\n|-ability|p2b: Xurkitree|Beast Boost|boost\n|-boost|p2b: Xurkitree|spa|1\n|move|p2a: Guzzlord|Heavy Slam|p1b: Rotom\n|-resisted|p1b: Rotom\n|-damage|p1b: Rotom|53\/100\n|\n|-damage|p2a: Guzzlord|1\/100 brn|[from] brn\n|upkeep\n|\n|t:|1696348316\n|switch|p1a: Flamigo|Flamigo, F|100\/100\n|turn|4\n|\n|t:|1696348335\n|move|p1a: Flamigo|Bitter Malice|p2b: Xurkitree\n|-damage|p2b: Xurkitree|40\/100\n|-unboost|p2b: Xurkitree|atk|1\n|move|p1b: Rotom|Volt Switch|p2b: Xurkitree\n|-resisted|p2b: Xurkitree\n|-damage|p2b: Xurkitree|17\/100\n|\n|t:|1696348348\n|switch|p1b: Lucario|Lucario, M|100\/100|[from] Volt Switch\n|move|p2b: Xurkitree|Thunderbolt|p1a: Flamigo\n|-enditem|p1a: Flamigo|Focus Sash\n|-damage|p1a: Flamigo|1\/100\n|replace|p1a: Zoroark|Zoroark-Hisui, M\n|-end|p1a: Zoroark|Illusion\n|move|p2a: Guzzlord|Crunch|p1b: Lucario\n|-resisted|p1b: Lucario\n|-damage|p1b: Lucario|85\/100\n|-ability|p1b: Lucario|Justified|boost\n|-boost|p1b: Lucario|atk|1\n|\n|-damage|p2a: Guzzlord|0 fnt|[from] brn\n|faint|p2a: Guzzlord\n|upkeep\n|\n|t:|1696348364\n|switch|p2a: Buzzwole|Buzzwole|100\/100\n|turn|5\n|\n|t:|1696348385\n|move|p1b: Lucario|Extreme Speed|p2b: Xurkitree\n|-damage|p2b: Xurkitree|0 fnt\n|faint|p2b: Xurkitree\n|move|p1a: Zoroark|Bitter Malice|p2a: Buzzwole\n|-crit|p2a: Buzzwole\n|-damage|p2a: Buzzwole|22\/100\n|-unboost|p2a: Buzzwole|atk|1\n|move|p2a: Buzzwole|Brick Break|p1b: Lucario\n|-supereffective|p1b: Lucario\n|-damage|p1b: Lucario|0 fnt\n|faint|p1b: Lucario\n|-ability|p2a: Buzzwole|Beast Boost|boost\n|-boost|p2a: Buzzwole|atk|1\n|\n|upkeep\n|\n|t:|1696348407\n|switch|p2b: Pheromosa|Pheromosa|100\/100\n|switch|p1b: Rotom|Rotom-Wash|53\/100\n|turn|6\n|\n|t:|1696348439\n|move|p1a: Zoroark|Protect|p1a: Zoroark\n|-singleturn|p1a: Zoroark|Protect\n|move|p2b: Pheromosa|Throat Chop|p1a: Zoroark\n|-activate|p1a: Zoroark|move: Protect\n|move|p1b: Rotom|Volt Switch|p2a: Buzzwole\n|-damage|p2a: Buzzwole|0 fnt\n|faint|p2a: Buzzwole\n|\n|t:|1696348450\n|switch|p1b: Flamigo|Flamigo, F|100\/100|[from] Volt Switch\n|-copyboost|p1b: Flamigo|p1a: Zoroark|[from] ability: Costar\n|\n|upkeep\n|turn|7\n|\n|t:|1696348467\n|move|p2b: Pheromosa|Triple Axel|p1b: Flamigo\n|-supereffective|p1b: Flamigo\n|-damage|p1b: Flamigo|80\/100\n|-supereffective|p1b: Flamigo\n|-damage|p1b: Flamigo|35\/100\n|-supereffective|p1b: Flamigo\n|-damage|p1b: Flamigo|0 fnt\n|faint|p1b: Flamigo\n|-ability|p2b: Pheromosa|Beast Boost|boost\n|-boost|p2b: Pheromosa|spe|1\n|-hitcount|p1: Flamigo|3\n|move|p1a: Zoroark|Bitter Malice|p2b: Pheromosa\n|-damage|p2b: Pheromosa|0 fnt\n|faint|p2b: Pheromosa\n|\n|win|ElonMusksSon\n|raw|ElonMusksSon's rating: 1040 &rarr; <strong>1079<\/strong><br \/>(+39 for winning)\n|raw|Indominus T-Rex's rating: 1093 &rarr; <strong>1065<\/strong><br \/>(-28 for losing)\n|c|\u2606ElonMusksSon|gg\n|c|\u2606Indominus T-Rex|GG\n","uploadtime":1696348493,"views":7,"p1id":"elonmusksson","p2id":"indominustrex","formatid":"gen9nationaldexdoubles","rating":1065,"private":0,"password":""}