{"id":"gen9nationaldexdoubles-1959584976","p1":"AdvancedDigit","p2":"Hypocrite11\u3002\u3002","format":"[Gen 9] National Dex Doubles","log":"|j|\u2606AdvancedDigit\n|j|\u2606Hypocrite11\u3002\u3002\n|t:|1696439282\n|gametype|doubles\n|player|p1|AdvancedDigit|hilbert|1136\n|player|p2|Hypocrite11\u3002\u3002|101|1237\n|teamsize|p1|6\n|teamsize|p2|6\n|gen|9\n|tier|[Gen 9] National Dex Doubles\n|rated|\n|rule|HP Percentage Mod: HP is shown in percentages\n|rule|Endless Battle Clause: Forcing endless battles is banned\n|rule|OHKO Clause: OHKO moves are banned\n|rule|Evasion Moves Clause: Evasion moves are banned\n|rule|Evasion Abilities Clause: Evasion abilities are banned\n|rule|Species Clause: Limit one of each Pok\u00e9mon\n|rule|Gravity Sleep Clause: The combination of sleep-inducing moves with imperfect accuracy and Gravity or Gigantamax Orbeetle are banned\n|clearpoke\n|poke|p1|Ambipom, F|\n|poke|p1|Furret, F|\n|poke|p1|Volbeat, M|\n|poke|p1|Orthworm, M|\n|poke|p1|Great Tusk|\n|poke|p1|Sableye, M|\n|poke|p2|Cresselia, F|\n|poke|p2|Iron Valiant|\n|poke|p2|Tapu Koko|\n|poke|p2|Iron Hands|\n|poke|p2|Mawile, M|\n|poke|p2|Chandelure, M|\n|teampreview\n|\n|t:|1696439295\n|start\n|switch|p1a: Ambipom|Ambipom, F|100\/100\n|switch|p1b: Furret|Furret, F|100\/100\n|switch|p2a: Cresselia|Cresselia, F, shiny|100\/100\n|switch|p2b: Tapu Koko|Tapu Koko|100\/100\n|-fieldstart|move: Electric Terrain|[from] ability: Electric Surge|[of] p2b: Tapu Koko\n|-item|p2a: Cresselia|Leftovers|[from] ability: Frisk|[of] p1b: Furret|[identify]\n|-item|p2b: Tapu Koko|Electrium Z|[from] ability: Frisk|[of] p1b: Furret|[identify]\n|turn|1\n|\n|t:|1696439329\n|move|p1a: Ambipom|Fake Out|p2b: Tapu Koko\n|-damage|p2b: Tapu Koko|61\/100\n|cant|p2b: Tapu Koko|flinch\n|move|p1b: Furret|Trick|p1a: Ambipom\n|-activate|p1b: Furret|move: Trick|[of] p1a: Ambipom\n|-item|p1a: Ambipom|Choice Band|[from] move: Trick\n|-item|p1b: Furret|Choice Scarf|[from] move: Trick\n|move|p2a: Cresselia|Trick Room|p2a: Cresselia\n|-fieldstart|move: Trick Room|[of] p2a: Cresselia\n|\n|upkeep\n|turn|2\n|c|\u2606AdvancedDigit|huh\n|c|\u2606AdvancedDigit|never seen that befroe\n|c|\u2606AdvancedDigit|oh wait i get it\n|\n|t:|1696439368\n|switch|p2b: Iron Hands|Iron Hands|100\/100\n|-activate|p2b: Iron Hands|ability: Quark Drive\n|-start|p2b: Iron Hands|quarkdriveatk\n|move|p2a: Cresselia|Lunar Dance|p2a: Cresselia\n|faint|p2a: Cresselia\n|move|p1a: Ambipom|Last Resort|p2b: Iron Hands\n|-crit|p2b: Iron Hands\n|-damage|p2b: Iron Hands|4\/100\n|move|p1b: Furret|Trick|p2b: Iron Hands\n|-activate|p1b: Furret|move: Trick|[of] p2b: Iron Hands\n|-item|p2b: Iron Hands|Choice Scarf|[from] move: Trick\n|-item|p1b: Furret|Assault Vest|[from] move: Trick\n|\n|upkeep\n|c|\u2606AdvancedDigit|oh\n|\n|t:|1696439384\n|switch|p2a: Iron Valiant|Iron Valiant, shiny|100\/100\n|-activate|p2a: Iron Valiant|ability: Quark Drive\n|-start|p2a: Iron Valiant|quarkdrivespe\n|turn|3\n|\n|t:|1696439404\n|-terastallize|p2a: Iron Valiant|Steel\n|move|p2b: Iron Hands|Drain Punch|p1a: Ambipom\n|-supereffective|p1a: Ambipom\n|-damage|p1a: Ambipom|0 fnt\n|-heal|p2b: Iron Hands|33\/100|[from] drain|[of] p1a: Ambipom\n|faint|p1a: Ambipom\n|move|p1b: Furret|Double-Edge|p2b: Iron Hands\n|-damage|p2b: Iron Hands|4\/100\n|-damage|p1b: Furret|84\/100|[from] Recoil\n|move|p2a: Iron Valiant|Aura Sphere|p1b: Furret\n|-supereffective|p1b: Furret\n|-damage|p1b: Furret|0 fnt\n|faint|p1b: Furret\n|\n|upkeep\n|inactive|Battle timer is ON: inactive players will automatically lose when time's up. (requested by Hypocrite11\u3002\u3002)\n|\n|t:|1696439426\n|switch|p1b: Volbeat|Volbeat, M|100\/100\n|switch|p1a: Sableye|Sableye, M|100\/100\n|turn|4\n|inactive|Hypocrite11\u3002\u3002 has 120 seconds left.\n|\n|t:|1696439464\n|-end|p2a: Iron Valiant|Quark Drive|[silent]\n|switch|p2a: Chandelure|Chandelure, M|100\/100\n|move|p1a: Sableye|Fake Out|p2b: Iron Hands\n|-damage|p2b: Iron Hands|0 fnt\n|faint|p2b: Iron Hands\n|-end|p2b: Iron Hands|Quark Drive|[silent]\n|move|p1b: Volbeat|Encore||[still]\n|-fail|p1b: Volbeat\n|\n|upkeep\n|\n|t:|1696439477\n|switch|p2b: Mawile|Mawile, M|100\/100\n|-ability|p2b: Mawile|Intimidate|boost\n|-unboost|p1a: Sableye|atk|1\n|-unboost|p1b: Volbeat|atk|1\n|turn|5\n|inactive|Hypocrite11\u3002\u3002 has 120 seconds left.\n|\n|t:|1696439504\n|switch|p2b: Iron Valiant|Iron Valiant, shiny, tera:Steel|100\/100\n|-activate|p2b: Iron Valiant|ability: Quark Drive\n|-start|p2b: Iron Valiant|quarkdrivespe\n|move|p1a: Sableye|Helping Hand|p1b: Volbeat\n|-singleturn|p1b: Volbeat|Helping Hand|[of] p1a: Sableye\n|move|p1b: Volbeat|Thunder Wave|p2a: Chandelure\n|-status|p2a: Chandelure|par\n|move|p2a: Chandelure|Heat Wave|p1a: Sableye|[spread] p1a,p1b\n|-supereffective|p1b: Volbeat\n|-damage|p1a: Sableye|16\/100\n|-damage|p1b: Volbeat|2\/100\n|-damage|p2a: Chandelure|91\/100 par|[from] item: Life Orb\n|\n|-heal|p1a: Sableye|22\/100|[from] item: Leftovers\n|-fieldend|move: Trick Room\n|-fieldend|move: Electric Terrain\n|-end|p2b: Iron Valiant|Quark Drive\n|upkeep\n|turn|6\n|inactive|Hypocrite11\u3002\u3002 has 120 seconds left.\n|\n|t:|1696439543\n|move|p1a: Sableye|Disable|p2a: Chandelure\n|-start|p2a: Chandelure|Disable|Heat Wave\n|move|p1b: Volbeat|Thunder Wave|p2b: Iron Valiant\n|-status|p2b: Iron Valiant|par\n|move|p2b: Iron Valiant|Trick|p1a: Sableye\n|-activate|p2b: Iron Valiant|move: Trick|[of] p1a: Sableye\n|-item|p1a: Sableye|Choice Specs|[from] move: Trick\n|-item|p2b: Iron Valiant|Leftovers|[from] move: Trick\n|move|p2a: Chandelure|Trick Room|p2a: Chandelure\n|-fieldstart|move: Trick Room|[of] p2a: Chandelure\n|\n|upkeep\n|turn|7\n|inactive|Hypocrite11\u3002\u3002 has 120 seconds left.\n|\n|t:|1696439572\n|move|p1b: Volbeat|Encore|p2b: Iron Valiant\n|-start|p2b: Iron Valiant|Encore\n|move|p1a: Sableye|Encore|p2a: Chandelure\n|-start|p2a: Chandelure|Encore\n|move|p2a: Chandelure|Trick Room|p2a: Chandelure\n|-fieldend|move: Trick Room\n|move|p2b: Iron Valiant|Trick|p1b: Volbeat\n|-activate|p2b: Iron Valiant|move: Trick|[of] p1b: Volbeat\n|-item|p1b: Volbeat|Leftovers|[from] move: Trick\n|-item|p2b: Iron Valiant|Iron Ball|[from] move: Trick\n|\n|-heal|p1b: Volbeat|8\/100|[from] item: Leftovers\n|upkeep\n|turn|8\n|inactive|Hypocrite11\u3002\u3002 has 120 seconds left.\n|inactive|AdvancedDigit has 120 seconds left.\n|\n|t:|1696439604\n|switch|p1a: Great Tusk|Great Tusk|100\/100\n|-end|p2b: Iron Valiant|Quark Drive|[silent]\n|switch|p2b: Tapu Koko|Tapu Koko|61\/100\n|-fieldstart|move: Electric Terrain|[from] ability: Electric Surge|[of] p2b: Tapu Koko\n|move|p1b: Volbeat|Taunt|p2b: Tapu Koko\n|-start|p2b: Tapu Koko|move: Taunt\n|cant|p2a: Chandelure|par\n|\n|-heal|p1b: Volbeat|14\/100|[from] item: Leftovers\n|upkeep\n|turn|9\n|inactive|Hypocrite11\u3002\u3002 has 120 seconds left.\n|inactive|AdvancedDigit has 120 seconds left.\n|\n|t:|1696439639\n|-terastallize|p1a: Great Tusk|Ground\n|move|p1b: Volbeat|Thunder Wave|p2b: Tapu Koko\n|-immune|p2b: Tapu Koko\n|move|p2b: Tapu Koko|Volt Switch|p1b: Volbeat\n|-crit|p1b: Volbeat\n|-damage|p1b: Volbeat|0 fnt\n|faint|p1b: Volbeat\n|\n|t:|1696439653\n|switch|p2b: Mawile|Mawile, M|100\/100|[from] Volt Switch\n|-ability|p2b: Mawile|Intimidate|boost\n|-unboost|p1a: Great Tusk|atk|1\n|move|p1a: Great Tusk|Earthquake|p2a: Chandelure|[spread] p2a,p2b\n|-supereffective|p2a: Chandelure\n|-supereffective|p2b: Mawile\n|-damage|p2a: Chandelure|0 fnt\n|-damage|p2b: Mawile|0 fnt\n|faint|p2a: Chandelure\n|faint|p2b: Mawile\n|\n|upkeep\n|inactive|Hypocrite11\u3002\u3002 has 120 seconds left.\n|\n|t:|1696439664\n|switch|p1b: Sableye|Sableye, M|22\/100\n|switch|p2a: Iron Valiant|Iron Valiant, shiny, tera:Steel|100\/100 par\n|switch|p2b: Tapu Koko|Tapu Koko|61\/100\n|-heal|p2a: Iron Valiant|100\/100|[from] move: Lunar Dance\n|-activate|p2a: Iron Valiant|ability: Quark Drive\n|-start|p2a: Iron Valiant|quarkdrivespe\n|turn|10\n|c|\u2606AdvancedDigit|gg\n|inactive|Hypocrite11\u3002\u3002 has 120 seconds left.\n|\n|t:|1696439705\n|move|p1b: Sableye|Fake Out|p2b: Tapu Koko\n|-damage|p2b: Tapu Koko|50\/100\n|cant|p2b: Tapu Koko|flinch\n|move|p1a: Great Tusk|Earthquake|p2a: Iron Valiant|[spread] p1b,p2a,p2b\n|-supereffective|p2a: Iron Valiant\n|-supereffective|p2b: Tapu Koko\n|-damage|p1b: Sableye|0 fnt\n|-damage|p2a: Iron Valiant|0 fnt\n|-damage|p2b: Tapu Koko|0 fnt\n|faint|p1b: Sableye\n|faint|p2a: Iron Valiant\n|-end|p2a: Iron Valiant|Quark Drive|[silent]\n|faint|p2b: Tapu Koko\n|\n|win|AdvancedDigit\n|raw|AdvancedDigit's rating: 1136 &rarr; <strong>1168<\/strong><br \/>(+32 for winning)\n|raw|Hypocrite11\u3002\u3002's rating: 1237 &rarr; <strong>1205<\/strong><br \/>(-32 for losing)\n","uploadtime":1696439709,"views":15,"p1id":"advanceddigit","p2id":"hypocrite11","formatid":"gen9nationaldexdoubles","rating":1168,"private":0,"password":""}