{"id":"gen9nationaldexdoubles-1998902681","p1":"Art_0r","p2":"OPieceOfHeroGhost","format":"[Gen 9] National Dex Doubles","log":"|j|\u2606Art_0r\n|j|\u2606OPieceOfHeroGhost\n|t:|1701010926\n|gametype|doubles\n|player|p1|Art_0r|bede|1088\n|player|p2|OPieceOfHeroGhost|morty|1110\n|teamsize|p1|6\n|teamsize|p2|6\n|gen|9\n|tier|[Gen 9] National Dex Doubles\n|rated|\n|rule|HP Percentage Mod: HP is shown in percentages\n|rule|Endless Battle Clause: Forcing endless battles is banned\n|rule|OHKO Clause: OHKO moves are banned\n|rule|Evasion Moves Clause: Evasion moves are banned\n|rule|Evasion Abilities Clause: Evasion abilities are banned\n|rule|Species Clause: Limit one of each Pok\u00e9mon\n|rule|Gravity Sleep Clause: The combination of sleep-inducing moves with imperfect accuracy and Gravity or Gigantamax Orbeetle are banned\n|clearpoke\n|poke|p1|Mawile, F|\n|poke|p1|Cinderace, F|\n|poke|p1|Gastrodon, M|\n|poke|p1|Iron Valiant|\n|poke|p1|Mismagius, F|\n|poke|p1|Wyrdeer, M|\n|poke|p2|Landorus-Therian, M|\n|poke|p2|Cresselia, F|\n|poke|p2|Kangaskhan, F|\n|poke|p2|Heatran, M|\n|poke|p2|Amoonguss, F|\n|poke|p2|Thundurus, M|\n|teampreview\n|j| Sipxk\n|\n|t:|1701010944\n|start\n|switch|p1a: '^'|Gastrodon, M|100\/100\n|switch|p1b: Iron Valiant|Iron Valiant|100\/100\n|switch|p2a: \u7262\u5927\u9a7e\u5230\uff01\uff01\uff01\uff01\uff01|Kangaskhan, F|100\/100\n|switch|p2b: \u7262\u5927\uff01\u6211\u7231\u4f60\uff01|Landorus-Therian, M|100\/100\n|-ability|p2b: \u7262\u5927\uff01\u6211\u7231\u4f60\uff01|Intimidate|boost\n|-unboost|p1a: '^'|atk|1\n|-unboost|p1b: Iron Valiant|atk|1\n|-enditem|p1b: Iron Valiant|Booster Energy\n|-activate|p1b: Iron Valiant|ability: Quark Drive|[fromitem]\n|-start|p1b: Iron Valiant|quarkdrivedef\n|turn|1\n|\n|t:|1701010971\n|detailschange|p2a: \u7262\u5927\u9a7e\u5230\uff01\uff01\uff01\uff01\uff01|Kangaskhan-Mega, F\n|-mega|p2a: \u7262\u5927\u9a7e\u5230\uff01\uff01\uff01\uff01\uff01|Kangaskhan|Kangaskhanite\n|-terastallize|p1b: Iron Valiant|Steel\n|move|p2a: \u7262\u5927\u9a7e\u5230\uff01\uff01\uff01\uff01\uff01|Protect|p2a: \u7262\u5927\u9a7e\u5230\uff01\uff01\uff01\uff01\uff01\n|-singleturn|p2a: \u7262\u5927\u9a7e\u5230\uff01\uff01\uff01\uff01\uff01|Protect\n|move|p2b: \u7262\u5927\uff01\u6211\u7231\u4f60\uff01|U-turn|p1b: Iron Valiant\n|-resisted|p1b: Iron Valiant\n|-damage|p1b: Iron Valiant|91\/100\n|\n|t:|1701010980\n|switch|p2b: \u6211\u7237\u7237\u5411\u7262\u5927\u656c\u793c\uff01|Amoonguss, F|100\/100|[from] U-turn\n|move|p1b: Iron Valiant|Aura Sphere|p2a: \u7262\u5927\u9a7e\u5230\uff01\uff01\uff01\uff01\uff01\n|-activate|p2a: \u7262\u5927\u9a7e\u5230\uff01\uff01\uff01\uff01\uff01|move: Protect\n|move|p1a: '^'|Ice Beam|p2b: \u6211\u7237\u7237\u5411\u7262\u5927\u656c\u793c\uff01\n|-supereffective|p2b: \u6211\u7237\u7237\u5411\u7262\u5927\u656c\u793c\uff01\n|-damage|p2b: \u6211\u7237\u7237\u5411\u7262\u5927\u656c\u793c\uff01|63\/100\n|\n|upkeep\n|turn|2\n|\n|t:|1701011008\n|-terastallize|p2b: \u6211\u7237\u7237\u5411\u7262\u5927\u656c\u793c\uff01|Fire\n|move|p2b: \u6211\u7237\u7237\u5411\u7262\u5927\u656c\u793c\uff01|Rage Powder|p2b: \u6211\u7237\u7237\u5411\u7262\u5927\u656c\u793c\uff01\n|-singleturn|p2b: \u6211\u7237\u7237\u5411\u7262\u5927\u656c\u793c\uff01|move: Rage Powder\n|move|p2a: \u7262\u5927\u9a7e\u5230\uff01\uff01\uff01\uff01\uff01|Power-Up Punch|p1b: Iron Valiant\n|-supereffective|p1b: Iron Valiant\n|-damage|p1b: Iron Valiant|69\/100\n|-boost|p2a: \u7262\u5927\u9a7e\u5230\uff01\uff01\uff01\uff01\uff01|atk|1\n|-supereffective|p1b: Iron Valiant\n|-damage|p1b: Iron Valiant|61\/100\n|-boost|p2a: \u7262\u5927\u9a7e\u5230\uff01\uff01\uff01\uff01\uff01|atk|1\n|-hitcount|p1b: Iron Valiant|2\n|move|p1b: Iron Valiant|Aura Sphere|p2b: \u6211\u7237\u7237\u5411\u7262\u5927\u656c\u793c\uff01\n|-damage|p2b: \u6211\u7237\u7237\u5411\u7262\u5927\u656c\u793c\uff01|34\/100\n|-enditem|p2b: \u6211\u7237\u7237\u5411\u7262\u5927\u656c\u793c\uff01|Sitrus Berry|[eat]\n|-heal|p2b: \u6211\u7237\u7237\u5411\u7262\u5927\u656c\u793c\uff01|59\/100|[from] item: Sitrus Berry\n|move|p1a: '^'|Ice Beam|p2b: \u6211\u7237\u7237\u5411\u7262\u5927\u656c\u793c\uff01\n|-resisted|p2b: \u6211\u7237\u7237\u5411\u7262\u5927\u656c\u793c\uff01\n|-damage|p2b: \u6211\u7237\u7237\u5411\u7262\u5927\u656c\u793c\uff01|50\/100\n|\n|upkeep\n|turn|3\n|\n|t:|1701011033\n|move|p2b: \u6211\u7237\u7237\u5411\u7262\u5927\u656c\u793c\uff01|Rage Powder|p2b: \u6211\u7237\u7237\u5411\u7262\u5927\u656c\u793c\uff01\n|-singleturn|p2b: \u6211\u7237\u7237\u5411\u7262\u5927\u656c\u793c\uff01|move: Rage Powder\n|move|p2a: \u7262\u5927\u9a7e\u5230\uff01\uff01\uff01\uff01\uff01|Power-Up Punch|p1b: Iron Valiant\n|-supereffective|p1b: Iron Valiant\n|-damage|p1b: Iron Valiant|17\/100\n|-boost|p2a: \u7262\u5927\u9a7e\u5230\uff01\uff01\uff01\uff01\uff01|atk|1\n|-supereffective|p1b: Iron Valiant\n|-damage|p1b: Iron Valiant|3\/100\n|-boost|p2a: \u7262\u5927\u9a7e\u5230\uff01\uff01\uff01\uff01\uff01|atk|1\n|-hitcount|p1b: Iron Valiant|2\n|move|p1a: '^'|Scald|p2b: \u6211\u7237\u7237\u5411\u7262\u5927\u656c\u793c\uff01\n|-supereffective|p2b: \u6211\u7237\u7237\u5411\u7262\u5927\u656c\u793c\uff01\n|-damage|p2b: \u6211\u7237\u7237\u5411\u7262\u5927\u656c\u793c\uff01|0 fnt\n|faint|p2b: \u6211\u7237\u7237\u5411\u7262\u5927\u656c\u793c\uff01\n|move|p1b: Iron Valiant|Trick Room|p1b: Iron Valiant\n|-fieldstart|move: Trick Room|[of] p1b: Iron Valiant\n|\n|upkeep\n|\n|t:|1701011047\n|switch|p2b: \u7262\u5927\uff01\u6211\u8981\u548c\u4f60\u751f\u5c0f\u888b\u517d\uff01\uff01\uff01|Thundurus, M|100\/100\n|turn|4\n|\n|t:|1701011059\n|move|p1b: Iron Valiant|Wide Guard|p1b: Iron Valiant\n|-singleturn|p1b: Iron Valiant|Wide Guard\n|move|p2b: \u7262\u5927\uff01\u6211\u8981\u548c\u4f60\u751f\u5c0f\u888b\u517d\uff01\uff01\uff01|Thunder Wave|p1b: Iron Valiant\n|-status|p1b: Iron Valiant|par\n|move|p1a: '^'|Ice Beam|p2b: \u7262\u5927\uff01\u6211\u8981\u548c\u4f60\u751f\u5c0f\u888b\u517d\uff01\uff01\uff01\n|-supereffective|p2b: \u7262\u5927\uff01\u6211\u8981\u548c\u4f60\u751f\u5c0f\u888b\u517d\uff01\uff01\uff01\n|-damage|p2b: \u7262\u5927\uff01\u6211\u8981\u548c\u4f60\u751f\u5c0f\u888b\u517d\uff01\uff01\uff01|57\/100\n|move|p2a: \u7262\u5927\u9a7e\u5230\uff01\uff01\uff01\uff01\uff01|Return|p1a: '^'\n|-damage|p1a: '^'|0 fnt\n|faint|p1a: '^'\n|-hitcount|p1: '^'|1\n|\n|upkeep\n|\n|t:|1701011074\n|switch|p1a: Mawile|Mawile, F|100\/100\n|turn|5\n|\n|t:|1701011111\n|detailschange|p1a: Mawile|Mawile-Mega, F\n|-mega|p1a: Mawile|Mawile|Mawilite\n|move|p2a: \u7262\u5927\u9a7e\u5230\uff01\uff01\uff01\uff01\uff01|Protect|p2a: \u7262\u5927\u9a7e\u5230\uff01\uff01\uff01\uff01\uff01\n|-singleturn|p2a: \u7262\u5927\u9a7e\u5230\uff01\uff01\uff01\uff01\uff01|Protect\n|move|p2b: \u7262\u5927\uff01\u6211\u8981\u548c\u4f60\u751f\u5c0f\u888b\u517d\uff01\uff01\uff01|Taunt|p1a: Mawile\n|-start|p1a: Mawile|move: Taunt\n|move|p1a: Mawile|Iron Head|p2a: \u7262\u5927\u9a7e\u5230\uff01\uff01\uff01\uff01\uff01\n|-activate|p2a: \u7262\u5927\u9a7e\u5230\uff01\uff01\uff01\uff01\uff01|move: Protect\n|move|p1b: Iron Valiant|Aura Sphere|p2a: \u7262\u5927\u9a7e\u5230\uff01\uff01\uff01\uff01\uff01\n|-activate|p2a: \u7262\u5927\u9a7e\u5230\uff01\uff01\uff01\uff01\uff01|move: Protect\n|\n|upkeep\n|turn|6\n|\n|t:|1701011140\n|move|p2b: \u7262\u5927\uff01\u6211\u8981\u548c\u4f60\u751f\u5c0f\u888b\u517d\uff01\uff01\uff01|Thunder Wave|p1a: Mawile\n|-status|p1a: Mawile|par\n|move|p1a: Mawile|Iron Head|p2a: \u7262\u5927\u9a7e\u5230\uff01\uff01\uff01\uff01\uff01\n|-damage|p2a: \u7262\u5927\u9a7e\u5230\uff01\uff01\uff01\uff01\uff01|22\/100\n|move|p1b: Iron Valiant|Aura Sphere|p2a: \u7262\u5927\u9a7e\u5230\uff01\uff01\uff01\uff01\uff01\n|-supereffective|p2a: \u7262\u5927\u9a7e\u5230\uff01\uff01\uff01\uff01\uff01\n|-crit|p2a: \u7262\u5927\u9a7e\u5230\uff01\uff01\uff01\uff01\uff01\n|-damage|p2a: \u7262\u5927\u9a7e\u5230\uff01\uff01\uff01\uff01\uff01|0 fnt\n|faint|p2a: \u7262\u5927\u9a7e\u5230\uff01\uff01\uff01\uff01\uff01\n|\n|upkeep\n|\n|t:|1701011154\n|switch|p2a: \u7262\u5927\u8d5b\u9ad8\uff01\uff01\uff01|Heatran, M|100\/100\n|turn|7\n|\n|t:|1701011176\n|move|p2a: \u7262\u5927\u8d5b\u9ad8\uff01\uff01\uff01|Protect|p2a: \u7262\u5927\u8d5b\u9ad8\uff01\uff01\uff01\n|-singleturn|p2a: \u7262\u5927\u8d5b\u9ad8\uff01\uff01\uff01|Protect\n|cant|p1b: Iron Valiant|par\n|move|p1a: Mawile|Thunder Punch|p2b: \u7262\u5927\uff01\u6211\u8981\u548c\u4f60\u751f\u5c0f\u888b\u517d\uff01\uff01\uff01\n|-damage|p2b: \u7262\u5927\uff01\u6211\u8981\u548c\u4f60\u751f\u5c0f\u888b\u517d\uff01\uff01\uff01|11\/100\n|move|p2b: \u7262\u5927\uff01\u6211\u8981\u548c\u4f60\u751f\u5c0f\u888b\u517d\uff01\uff01\uff01|Wildbolt Storm|p1b: Iron Valiant|[spread] p1a,p1b\n|-damage|p1a: Mawile|63\/100 par\n|-damage|p1b: Iron Valiant|0 fnt\n|faint|p1b: Iron Valiant\n|-end|p1b: Iron Valiant|Quark Drive|[silent]\n|\n|-end|p1a: Mawile|move: Taunt\n|-fieldend|move: Trick Room\n|upkeep\n|l| Sipxk\n|\n|t:|1701011191\n|switch|p1b: Wyrdeer|Wyrdeer, M|100\/100\n|turn|8\n|\n|t:|1701011196\n|switch|p2b: \u7262\u5927\uff01\u6211\u7231\u4f60\uff01|Landorus-Therian, M|100\/100\n|-ability|p2b: \u7262\u5927\uff01\u6211\u7231\u4f60\uff01|Intimidate|boost\n|-unboost|p1a: Mawile|atk|1\n|-unboost|p1b: Wyrdeer|atk|1\n|move|p1a: Mawile|Protect|p1a: Mawile\n|-singleturn|p1a: Mawile|Protect\n|move|p2a: \u7262\u5927\u8d5b\u9ad8\uff01\uff01\uff01|Eruption|p1a: Mawile|[spread] p1b\n|-activate|p1a: Mawile|move: Protect\n|-damage|p1b: Wyrdeer|39\/100\n|move|p1b: Wyrdeer|Trick Room|p1b: Wyrdeer\n|-fieldstart|move: Trick Room|[of] p1b: Wyrdeer\n|\n|upkeep\n|turn|9\n|\n|t:|1701011222\n|move|p2a: \u7262\u5927\u8d5b\u9ad8\uff01\uff01\uff01|Protect|p2a: \u7262\u5927\u8d5b\u9ad8\uff01\uff01\uff01\n|-singleturn|p2a: \u7262\u5927\u8d5b\u9ad8\uff01\uff01\uff01|Protect\n|move|p1a: Mawile|Play Rough|p2b: \u7262\u5927\uff01\u6211\u7231\u4f60\uff01\n|-damage|p2b: \u7262\u5927\uff01\u6211\u7231\u4f60\uff01|31\/100\n|move|p1b: Wyrdeer|High Horsepower|p2a: \u7262\u5927\u8d5b\u9ad8\uff01\uff01\uff01\n|-activate|p2a: \u7262\u5927\u8d5b\u9ad8\uff01\uff01\uff01|move: Protect\n|move|p2b: \u7262\u5927\uff01\u6211\u7231\u4f60\uff01|Stomping Tantrum|p1a: Mawile\n|-supereffective|p1a: Mawile\n|-damage|p1a: Mawile|0 fnt\n|faint|p1a: Mawile\n|\n|upkeep\n|\n|t:|1701011230\n|switch|p1a: Mismagius|Mismagius, F|100\/100\n|turn|10\n|-activate|p1a: Mismagius|item: Quick Claw\n|\n|t:|1701011243\n|switch|p2a: \u7262\u5927\u6765\u4e86\uff01\uff01\uff01\uff01|Cresselia, F|100\/100\n|switch|p2b: \u7262\u5927\uff01\u6211\u8981\u548c\u4f60\u751f\u5c0f\u888b\u517d\uff01\uff01\uff01|Thundurus, M|11\/100\n|move|p1a: Mismagius|Dazzling Gleam|p2b: \u7262\u5927\uff01\u6211\u8981\u548c\u4f60\u751f\u5c0f\u888b\u517d\uff01\uff01\uff01|[spread] p2a,p2b\n|-damage|p2a: \u7262\u5927\u6765\u4e86\uff01\uff01\uff01\uff01|90\/100\n|-damage|p2b: \u7262\u5927\uff01\u6211\u8981\u548c\u4f60\u751f\u5c0f\u888b\u517d\uff01\uff01\uff01|0 fnt\n|faint|p2b: \u7262\u5927\uff01\u6211\u8981\u548c\u4f60\u751f\u5c0f\u888b\u517d\uff01\uff01\uff01\n|move|p1b: Wyrdeer|High Horsepower|p2a: \u7262\u5927\u6765\u4e86\uff01\uff01\uff01\uff01\n|-immune|p2a: \u7262\u5927\u6765\u4e86\uff01\uff01\uff01\uff01|[from] ability: Levitate\n|\n|upkeep\n|\n|t:|1701011253\n|switch|p2b: \u7262\u5927\uff01\u6211\u7231\u4f60\uff01|Landorus-Therian, M|31\/100\n|-ability|p2b: \u7262\u5927\uff01\u6211\u7231\u4f60\uff01|Intimidate|boost\n|-unboost|p1a: Mismagius|atk|1\n|-unboost|p1b: Wyrdeer|atk|1\n|turn|11\n|\n|t:|1701011274\n|move|p1b: Wyrdeer|Thunder Wave|p2b: \u7262\u5927\uff01\u6211\u7231\u4f60\uff01\n|-immune|p2b: \u7262\u5927\uff01\u6211\u7231\u4f60\uff01\n|move|p2a: \u7262\u5927\u6765\u4e86\uff01\uff01\uff01\uff01|Lunar Blessing|p2a: \u7262\u5927\u6765\u4e86\uff01\uff01\uff01\uff01|[spread] p2a,p2b\n|-heal|p2a: \u7262\u5927\u6765\u4e86\uff01\uff01\uff01\uff01|100\/100\n|-heal|p2b: \u7262\u5927\uff01\u6211\u7231\u4f60\uff01|56\/100\n|move|p1a: Mismagius|Shadow Ball|p2a: \u7262\u5927\u6765\u4e86\uff01\uff01\uff01\uff01\n|-supereffective|p2a: \u7262\u5927\u6765\u4e86\uff01\uff01\uff01\uff01\n|-damage|p2a: \u7262\u5927\u6765\u4e86\uff01\uff01\uff01\uff01|58\/100\n|-unboost|p2a: \u7262\u5927\u6765\u4e86\uff01\uff01\uff01\uff01|spd|1\n|move|p2b: \u7262\u5927\uff01\u6211\u7231\u4f60\uff01|Rock Slide|p1a: Mismagius|[spread] p1a,p1b\n|-damage|p1a: Mismagius|54\/100\n|-damage|p1b: Wyrdeer|14\/100\n|\n|upkeep\n|turn|12\n|\n|t:|1701011303\n|move|p1b: Wyrdeer|Psyshield Bash|p2b: \u7262\u5927\uff01\u6211\u7231\u4f60\uff01\n|-damage|p2b: \u7262\u5927\uff01\u6211\u7231\u4f60\uff01|36\/100\n|-boost|p1b: Wyrdeer|def|1\n|move|p2a: \u7262\u5927\u6765\u4e86\uff01\uff01\uff01\uff01|Lunar Blessing|p2a: \u7262\u5927\u6765\u4e86\uff01\uff01\uff01\uff01|[spread] p2a,p2b\n|-heal|p2a: \u7262\u5927\u6765\u4e86\uff01\uff01\uff01\uff01|83\/100\n|-heal|p2b: \u7262\u5927\uff01\u6211\u7231\u4f60\uff01|61\/100\n|move|p1a: Mismagius|Shadow Ball|p2a: \u7262\u5927\u6765\u4e86\uff01\uff01\uff01\uff01\n|-supereffective|p2a: \u7262\u5927\u6765\u4e86\uff01\uff01\uff01\uff01\n|-damage|p2a: \u7262\u5927\u6765\u4e86\uff01\uff01\uff01\uff01|22\/100\n|move|p2b: \u7262\u5927\uff01\u6211\u7231\u4f60\uff01|Rock Slide|p1b: Wyrdeer|[spread] p1a,p1b\n|-damage|p1a: Mismagius|11\/100\n|-damage|p1b: Wyrdeer|0 fnt\n|faint|p1b: Wyrdeer\n|\n|-fieldend|move: Trick Room\n|upkeep\n|\n|t:|1701011319\n|switch|p1b: Cinderace|Cinderace, F|100\/100\n|turn|13\n|\n|t:|1701011340\n|switch|p2a: \u7262\u5927\u8d5b\u9ad8\uff01\uff01\uff01|Heatran, M|100\/100\n|move|p2b: \u7262\u5927\uff01\u6211\u7231\u4f60\uff01|Rock Slide|p1b: Cinderace|[spread] p1a,p1b\n|-supereffective|p1b: Cinderace\n|-damage|p1a: Mismagius|0 fnt\n|-damage|p1b: Cinderace|39\/100\n|faint|p1a: Mismagius\n|cant|p1b: Cinderace|flinch\n|\n|upkeep\n|turn|14\n|\n|t:|1701011362\n|move|p2b: \u7262\u5927\uff01\u6211\u7231\u4f60\uff01|Rock Slide|p1b: Cinderace\n|-supereffective|p1b: Cinderace\n|-damage|p1b: Cinderace|0 fnt\n|faint|p1b: Cinderace\n|\n|win|OPieceOfHeroGhost\n|raw|Art_0r's rating: 1088 &rarr; <strong>1066<\/strong><br \/>(-22 for losing)\n|raw|OPieceOfHeroGhost's rating: 1110 &rarr; <strong>1133<\/strong><br \/>(+23 for winning)\n|l|\u2606Art_0r\n","uploadtime":1701011372,"views":0,"p1id":"art0r","p2id":"opieceofheroghost","formatid":"gen9nationaldexdoubles","rating":1066,"private":0,"password":""}