{"id":"gen9nationaldexdoubles-1993039518","p1":"Jotijoti","p2":"DazzlingBrilliance","format":"[Gen 9] National Dex Doubles","log":"|j|\u2606Jotijoti\n|j|\u2606DazzlingBrilliance\n|t:|1700258114\n|gametype|doubles\n|player|p1|Jotijoti|fantina|1063\n|player|p2|DazzlingBrilliance|striker|1019\n|teamsize|p1|6\n|teamsize|p2|6\n|gen|9\n|tier|[Gen 9] National Dex Doubles\n|rated|\n|rule|HP Percentage Mod: HP is shown in percentages\n|rule|Endless Battle Clause: Forcing endless battles is banned\n|rule|OHKO Clause: OHKO moves are banned\n|rule|Evasion Moves Clause: Evasion moves are banned\n|rule|Evasion Abilities Clause: Evasion abilities are banned\n|rule|Species Clause: Limit one of each Pok\u00e9mon\n|rule|Gravity Sleep Clause: The combination of sleep-inducing moves with imperfect accuracy and Gravity or Gigantamax Orbeetle are banned\n|clearpoke\n|poke|p1|Ninetales-Alola, F|\n|poke|p1|Diancie|\n|poke|p1|Heatran, M|\n|poke|p1|Glaceon, F|\n|poke|p1|Abomasnow, F|\n|poke|p1|Baxcalibur, M|\n|poke|p2|Blissey, F|\n|poke|p2|Eldegoss, F|\n|poke|p2|Golduck, M|\n|poke|p2|Dodrio, M|\n|poke|p2|Hitmonchan, M|\n|poke|p2|Chandelure, M|\n|teampreview\n|inactive|Battle timer is ON: inactive players will automatically lose when time's up. (requested by Jotijoti)\n|\n|t:|1700258126\n|start\n|switch|p1a: Ninetales|Ninetales-Alola, F|100\/100\n|switch|p1b: Baxcalibur|Baxcalibur, M|100\/100\n|switch|p2a: Dodrio|Dodrio, M, shiny|100\/100\n|switch|p2b: Golduck|Golduck, M, shiny|100\/100\n|-weather|Snow|[from] ability: Snow Warning|[of] p1a: Ninetales\n|-ability|p2b: Golduck|Cloud Nine\n|turn|1\n|\n|t:|1700258152\n|switch|p2a: Blissey|Blissey, F, shiny|100\/100\n|move|p1a: Ninetales|Dazzling Gleam|p2b: Golduck|[spread] p2a,p2b\n|-damage|p2a: Blissey|91\/100\n|-damage|p2b: Golduck|76\/100\n|move|p2b: Golduck|Nasty Plot|p2b: Golduck\n|-boost|p2b: Golduck|spa|2\n|move|p1b: Baxcalibur|Glaive Rush|p2b: Golduck\n|-damage|p2b: Golduck|0 fnt\n|-singlemove|p1b: Baxcalibur|Glaive Rush|[silent]\n|faint|p2b: Golduck\n|\n|-weather|Snow|[upkeep]\n|-heal|p2a: Blissey|97\/100|[from] item: Leftovers\n|upkeep\n|inactive|DazzlingBrilliance has 120 seconds left.\n|inactive|DazzlingBrilliance has 90 seconds left.\n|\n|t:|1700258224\n|switch|p2b: Get Fisted|Hitmonchan, M, shiny|100\/100\n|turn|2\n|inactive|Jotijoti has 120 seconds left.\n|inactive|DazzlingBrilliance has 60 seconds left.\n|\n|t:|1700258269\n|move|p2b: Get Fisted|Bullet Punch|p1a: Ninetales\n|-supereffective|p1a: Ninetales\n|-damage|p1a: Ninetales|36\/100\n|move|p1a: Ninetales|Aurora Veil|p1a: Ninetales\n|-sidestart|p1: Jotijoti|move: Aurora Veil\n|move|p1b: Baxcalibur|Glaive Rush|p2a: Blissey\n|-damage|p2a: Blissey|24\/100\n|-singlemove|p1b: Baxcalibur|Glaive Rush|[silent]\n|move|p2a: Blissey|Mud-Slap|p1b: Baxcalibur\n|-damage|p1b: Baxcalibur|96\/100\n|-unboost|p1b: Baxcalibur|accuracy|1\n|\n|-weather|Snow|[upkeep]\n|-heal|p2a: Blissey|30\/100|[from] item: Leftovers\n|upkeep\n|turn|3\n|inactive|DazzlingBrilliance has 60 seconds left.\n|\n|t:|1700258298\n|switch|p2a: Eldegoss|Eldegoss, F, shiny|100\/100\n|move|p1a: Ninetales|Dazzling Gleam|p2b: Get Fisted|[spread] p2a,p2b\n|-supereffective|p2b: Get Fisted\n|-damage|p2a: Eldegoss|80\/100\n|-damage|p2b: Get Fisted|44\/100\n|move|p1b: Baxcalibur|Glaive Rush|p2a: Eldegoss\n|-crit|p2a: Eldegoss\n|-damage|p2a: Eldegoss|0 fnt\n|-singlemove|p1b: Baxcalibur|Glaive Rush|[silent]\n|faint|p2a: Eldegoss\n|move|p2b: Get Fisted|Power-Up Punch|p1b: Baxcalibur\n|-supereffective|p1b: Baxcalibur\n|-damage|p1b: Baxcalibur|61\/100\n|-boost|p2b: Get Fisted|atk|1\n|\n|-weather|Snow|[upkeep]\n|upkeep\n|\n|t:|1700258315\n|switch|p2a: Blissey|Blissey, F, shiny|30\/100\n|turn|4\n|inactive|DazzlingBrilliance has 60 seconds left.\n|\n|t:|1700258327\n|move|p2b: Get Fisted|Bullet Punch|p1a: Ninetales\n|-supereffective|p1a: Ninetales\n|-damage|p1a: Ninetales|0 fnt\n|faint|p1a: Ninetales\n|move|p1b: Baxcalibur|Iron Head|p2a: Blissey\n|-damage|p2a: Blissey|0 fnt\n|faint|p2a: Blissey\n|\n|-weather|Snow|[upkeep]\n|upkeep\n|\n|t:|1700258343\n|switch|p1a: Diancie|Diancie, shiny|100\/100\n|switch|p2a: Chandelure|Chandelure, M, shiny|100\/100\n|turn|5\n|\n|t:|1700258373\n|move|p2b: Get Fisted|Bullet Punch|p1a: Diancie\n|-supereffective|p1a: Diancie\n|-damage|p1a: Diancie|53\/100\n|move|p2a: Chandelure|Calm Mind|p2a: Chandelure\n|-boost|p2a: Chandelure|spa|1\n|-boost|p2a: Chandelure|spd|1\n|move|p1b: Baxcalibur|Aqua Tail|p2a: Chandelure\n|-supereffective|p2a: Chandelure\n|-damage|p2a: Chandelure|1\/100\n|move|p1a: Diancie|Diamond Storm|p2b: Get Fisted|[spread] p2a,p2b\n|-supereffective|p2a: Chandelure\n|-resisted|p2b: Get Fisted\n|-damage|p2a: Chandelure|0 fnt\n|-damage|p2b: Get Fisted|30\/100\n|faint|p2a: Chandelure\n|\n|-weather|none\n|upkeep\n|inactive|DazzlingBrilliance has 60 seconds left.\n|\n|t:|1700258390\n|switch|p2a: Dodrio|Dodrio, M, shiny|100\/100\n|turn|6\n|\n|t:|1700258406\n|switch|p1a: Abomasnow|Abomasnow, F, shiny|100\/100\n|-weather|Snow|[from] ability: Snow Warning|[of] p1a: Abomasnow\n|move|p2b: Get Fisted|Bullet Punch|p1a: Abomasnow\n|-supereffective|p1a: Abomasnow\n|-damage|p1a: Abomasnow|77\/100\n|-zpower|p2a: Dodrio\n|move|p2a: Dodrio|Z-Acupressure|p2a: Dodrio|[anim]Acupressure\n|-start|p2a: Dodrio|move: Focus Energy|[zeffect]\n|-boost|p2a: Dodrio|accuracy|2\n|move|p1b: Baxcalibur|Glaive Rush|p2b: Get Fisted\n|-damage|p2b: Get Fisted|0 fnt\n|-singlemove|p1b: Baxcalibur|Glaive Rush|[silent]\n|faint|p2b: Get Fisted\n|\n|-weather|Snow|[upkeep]\n|-sideend|p1: Jotijoti|move: Aurora Veil\n|upkeep\n|turn|7\n|\n|t:|1700258431\n|move|p2a: Dodrio|Acupressure|p2a: Dodrio\n|-boost|p2a: Dodrio|evasion|2\n|move|p1b: Baxcalibur|Glaive Rush|p2a: Dodrio\n|-damage|p2a: Dodrio|0 fnt\n|-singlemove|p1b: Baxcalibur|Glaive Rush|[silent]\n|faint|p2a: Dodrio\n|\n|win|Jotijoti\n|raw|Jotijoti's rating: 1063 &rarr; <strong>1090<\/strong><br \/>(+27 for winning)\n|raw|DazzlingBrilliance's rating: 1019 &rarr; <strong>1008<\/strong><br \/>(-11 for losing)\n|l|\u2606Jotijoti\n","uploadtime":1700258445,"views":7,"p1id":"jotijoti","p2id":"dazzlingbrilliance","formatid":"gen9nationaldexdoubles","rating":1008,"private":0,"password":""}