{"id":"gen9nationaldexdoubles-1985905864","p1":"needadecentname","p2":"07aint","format":"[Gen 9] National Dex Doubles","log":"|j|\u2606needadecentname\n|j|\u260607aint\n|t:|1699420509\n|gametype|doubles\n|player|p1|needadecentname|lucas|\n|player|p2|07aint|blue|\n|teamsize|p1|6\n|teamsize|p2|6\n|gen|9\n|tier|[Gen 9] National Dex Doubles\n|rule|HP Percentage Mod: HP is shown in percentages\n|rule|Endless Battle Clause: Forcing endless battles is banned\n|rule|OHKO Clause: OHKO moves are banned\n|rule|Evasion Moves Clause: Evasion moves are banned\n|rule|Evasion Abilities Clause: Evasion abilities are banned\n|rule|Species Clause: Limit one of each Pok\u00e9mon\n|rule|Gravity Sleep Clause: The combination of sleep-inducing moves with imperfect accuracy and Gravity or Gigantamax Orbeetle are banned\n|clearpoke\n|poke|p1|Ribombee, M|\n|poke|p1|Typhlosion-Hisui, M|\n|poke|p1|Torkoal, F|\n|poke|p1|Ambipom, F|\n|poke|p1|Ninetales, M|\n|poke|p1|Murkrow, M|\n|poke|p2|Pelipper, F|\n|poke|p2|Volcarona, M|\n|poke|p2|Gastrodon-East, M|\n|poke|p2|Grimmsnarl, M|\n|poke|p2|Dragonite, F|\n|poke|p2|Ogerpon-Wellspring, F|\n|teampreview\n|inactive|Battle timer is ON: inactive players will automatically lose when time's up. (requested by 07aint)\n|inactive|07aint has 270 seconds left.\n|\n|t:|1699420544\n|start\n|switch|p1a: Ribombee|Ribombee, M|100\/100\n|switch|p1b: Ambipom|Ambipom, F|100\/100\n|switch|p2a: Parasyte|Volcarona, M, shiny|100\/100\n|switch|p2b: Goop|Gastrodon-East, M|100\/100\n|turn|1\n|\n|t:|1699420571\n|move|p2b: Goop|Helping Hand|p2a: Parasyte\n|-singleturn|p2a: Parasyte|Helping Hand|[of] p2b: Goop\n|move|p1b: Ambipom|Fake Out|p2a: Parasyte\n|-damage|p2a: Parasyte|41\/100\n|-damage|p1b: Ambipom|91\/100|[from] item: Life Orb\n|move|p1a: Ribombee|Sticky Web|p2a: Parasyte\n|-sidestart|p2: 07aint|move: Sticky Web\n|cant|p2a: Parasyte|flinch\n|\n|upkeep\n|turn|2\n|c|\u260607aint|noo\n|c|\u2606needadecentname|nice one\n|\n|t:|1699420587\n|move|p2b: Goop|Helping Hand|p2a: Parasyte\n|-singleturn|p2a: Parasyte|Helping Hand|[of] p2b: Goop\n|move|p1a: Ribombee|Stun Spore|p2a: Parasyte\n|-status|p2a: Parasyte|par\n|move|p1b: Ambipom|Last Resort|p2b: Goop\n|-damage|p2b: Goop|15\/100\n|-damage|p1b: Ambipom|81\/100|[from] item: Life Orb\n|move|p2a: Parasyte|Heat Wave|p1b: Ambipom|[spread] p1a,p1b\n|-supereffective|p1a: Ribombee\n|-enditem|p1a: Ribombee|Focus Sash\n|-damage|p1a: Ribombee|1\/100\n|-damage|p1b: Ambipom|0 fnt\n|faint|p1b: Ambipom\n|\n|-heal|p2b: Goop|21\/100|[from] item: Leftovers\n|upkeep\n|c|\u2606needadecentname|so now it works\n|c|\u2606needadecentname|wtf\n|c|\u260607aint|ok bud\n|\n|t:|1699420603\n|switch|p1b: Ninetales|Ninetales, M|100\/100\n|-weather|SunnyDay|[from] ability: Drought|[of] p1b: Ninetales\n|turn|3\n|\n|t:|1699420621\n|switch|p2a: Pelipper|Pelipper, F|100\/100\n|-weather|RainDance|[from] ability: Drizzle|[of] p2a: Pelipper\n|move|p1a: Ribombee|Moonblast|p2b: Goop\n|-damage|p2b: Goop|0 fnt\n|faint|p2b: Goop\n|move|p1b: Ninetales|Weather Ball|p2a: Pelipper\n|-resisted|p2a: Pelipper\n|-damage|p2a: Pelipper|74\/100\n|\n|-weather|RainDance|[upkeep]\n|upkeep\n|\n|t:|1699420635\n|switch|p2b: Dragonite|Dragonite, F|100\/100\n|turn|4\n|c|\u260607aint|that\u2019s what i need on Dragonite\n|c|\u260607aint|Omg\n|c|\u2606needadecentname|did bro finally get e speed\n|inactive|07aint has 270 seconds left.\n|\n|t:|1699420674\n|switch|p1b: Torkoal|Torkoal, F|100\/100\n|-weather|SunnyDay|[from] ability: Drought|[of] p1b: Torkoal\n|move|p1a: Ribombee|Moonblast|p2b: Dragonite\n|-supereffective|p2b: Dragonite\n|-damage|p2b: Dragonite|57\/100\n|-unboost|p2b: Dragonite|spa|1\n|move|p2b: Dragonite|Dragon Dance|p2b: Dragonite\n|-boost|p2b: Dragonite|atk|1\n|-boost|p2b: Dragonite|spe|1\n|move|p2a: Pelipper|Defog|p1b: Torkoal\n|-unboost|p1b: Torkoal|evasion|1\n|-sideend|p2: 07aint|Sticky Web|[from] move: Defog|[of] p2a: Pelipper\n|\n|-weather|SunnyDay|[upkeep]\n|-heal|p2b: Dragonite|63\/100|[from] item: Leftovers\n|upkeep\n|turn|5\n|inactive|07aint has 270 seconds left.\n|\n|t:|1699420699\n|move|p2b: Dragonite|Power-Up Punch|p1a: Ribombee\n|-resisted|p1a: Ribombee\n|-damage|p1a: Ribombee|0 fnt\n|-boost|p2b: Dragonite|atk|1\n|faint|p1a: Ribombee\n|move|p2a: Pelipper|Hydro Pump|p1b: Torkoal\n|-supereffective|p1b: Torkoal\n|-damage|p1b: Torkoal|62\/100\n|move|p1b: Torkoal|Lava Plume|p2b: Dragonite|[spread] p2a,p2b\n|-resisted|p2a: Pelipper\n|-resisted|p2b: Dragonite\n|-damage|p2a: Pelipper|56\/100\n|-damage|p2b: Dragonite|50\/100\n|-status|p2a: Pelipper|brn\n|\n|-weather|SunnyDay|[upkeep]\n|-heal|p2b: Dragonite|56\/100|[from] item: Leftovers\n|-damage|p2a: Pelipper|50\/100 brn|[from] brn\n|upkeep\n|\n|t:|1699420714\n|switch|p1a: Ninetales|Ninetales, M|100\/100\n|turn|6\n|\n|t:|1699420730\n|move|p2b: Dragonite|Outrage|p1b: Torkoal\n|-damage|p1b: Torkoal|0 fnt\n|faint|p1b: Torkoal\n|move|p1a: Ninetales|Will-O-Wisp|p2b: Dragonite\n|-status|p2b: Dragonite|brn\n|move|p2a: Pelipper|Hydro Pump|p1a: Ninetales\n|-supereffective|p1a: Ninetales\n|-damage|p1a: Ninetales|55\/100\n|\n|-weather|SunnyDay|[upkeep]\n|-heal|p2b: Dragonite|62\/100 brn|[from] item: Leftovers\n|-damage|p2b: Dragonite|56\/100 brn|[from] brn\n|-damage|p2a: Pelipper|44\/100 brn|[from] brn\n|upkeep\n|\n|t:|1699420735\n|switch|p1b: Murkrow|Murkrow, M|100\/100\n|turn|7\n|c|\u260607aint|this is fun\n|\n|t:|1699420749\n|move|p1b: Murkrow|Tailwind|p1b: Murkrow\n|-sidestart|p1: needadecentname|move: Tailwind\n|move|p1a: Ninetales|Solar Beam||[still]\n|-prepare|p1a: Ninetales|Solar Beam\n|-anim|p1a: Ninetales|Solar Beam|p2a: Pelipper\n|-damage|p2a: Pelipper|4\/100 brn\n|move|p2b: Dragonite|Outrage|p1a: Ninetales|[from]lockedmove\n|-damage|p1a: Ninetales|0 fnt\n|faint|p1a: Ninetales\n|-start|p2b: Dragonite|confusion|[fatigue]\n|move|p2a: Pelipper|Roost|p2a: Pelipper\n|-heal|p2a: Pelipper|54\/100 brn\n|-singleturn|p2a: Pelipper|move: Roost\n|\n|-weather|SunnyDay|[upkeep]\n|-heal|p2b: Dragonite|62\/100 brn|[from] item: Leftovers\n|-damage|p2b: Dragonite|56\/100 brn|[from] brn\n|-damage|p2a: Pelipper|48\/100 brn|[from] brn\n|upkeep\n|\n|t:|1699420753\n|switch|p1a: Typhlosion|Typhlosion-Hisui, M|100\/100\n|turn|8\n|\n|t:|1699420777\n|switch|p2a: Grimace|Grimmsnarl, M, shiny|100\/100\n|-terastallize|p1a: Typhlosion|Fire\n|move|p1b: Murkrow|Thunder Wave|p2a: Grimace\n|-hint|Since gen 7, Dark is immune to Prankster moves.\n|-immune|p2a: Grimace\n|move|p1a: Typhlosion|Eruption|p2b: Dragonite|[spread] p2a,p2b\n|-resisted|p2b: Dragonite\n|-damage|p2a: Grimace|0 fnt\n|-damage|p2b: Dragonite|0 fnt\n|faint|p2a: Grimace\n|faint|p2b: Dragonite\n|\n|-weather|SunnyDay|[upkeep]\n|upkeep\n|inactive|07aint has 270 seconds left.\n|\n|t:|1699420793\n|switch|p2b: Ogerpon|Ogerpon-Wellspring, F|100\/100\n|switch|p2a: Pelipper|Pelipper, F|48\/100 brn\n|-weather|RainDance|[from] ability: Drizzle|[of] p2a: Pelipper\n|turn|9\n|\n|t:|1699420808\n|-terastallize|p2b: Ogerpon|Water\n|detailschange|p2b: Ogerpon|Ogerpon-Wellspring-Tera, F, tera:Water\n|-ability|p2b: Ogerpon|Embody Aspect (Wellspring)|boost\n|-boost|p2b: Ogerpon|spd|1\n|move|p1b: Murkrow|Thunder Wave|p2b: Ogerpon\n|-status|p2b: Ogerpon|par\n|move|p1a: Typhlosion|Eruption|p2b: Ogerpon|[spread] p2a,p2b\n|-resisted|p2a: Pelipper\n|-resisted|p2b: Ogerpon\n|-damage|p2a: Pelipper|7\/100 brn\n|-damage|p2b: Ogerpon|81\/100 par\n|cant|p2b: Ogerpon|par\n|move|p2a: Pelipper|Hydro Pump|p1a: Typhlosion\n|-supereffective|p1a: Typhlosion\n|-damage|p1a: Typhlosion|0 fnt\n|faint|p1a: Typhlosion\n|\n|-weather|RainDance|[upkeep]\n|-damage|p2a: Pelipper|1\/100 brn|[from] brn\n|upkeep\n|turn|10\n|c|\u260607aint|dubs\n|\n|t:|1699420833\n|move|p1b: Murkrow|Haze|p1b: Murkrow\n|-clearallboost\n|move|p2b: Ogerpon|Ivy Cudgel|p1b: Murkrow\n|-enditem|p1b: Murkrow|Focus Sash\n|-damage|p1b: Murkrow|1\/100\n|move|p2a: Pelipper|Hydro Pump|p1b: Murkrow\n|-damage|p1b: Murkrow|0 fnt\n|faint|p1b: Murkrow\n|\n|win|07aint\n","uploadtime":1699420845,"views":10,"p1id":"needadecentname","p2id":"07aint","formatid":"gen9nationaldexdoubles","rating":0,"private":0,"password":""}