{"id":"gen9nationaldexdoubles-1948054859","p1":"232323aa","p2":"Mmiirrzzaa","format":"[Gen 9] National Dex Doubles","log":"|j|\u203d232323aa\n|j|\u2606Mmiirrzzaa\n|t:|1695227116\n|gametype|doubles\n|player|p1|232323aa|bellelba|1298\n|player|p2|Mmiirrzzaa|170|1503\n|teamsize|p1|6\n|teamsize|p2|6\n|gen|9\n|tier|[Gen 9] National Dex Doubles\n|rated|\n|rule|HP Percentage Mod: HP is shown in percentages\n|rule|Endless Battle Clause: Forcing endless battles is banned\n|rule|OHKO Clause: OHKO moves are banned\n|rule|Evasion Moves Clause: Evasion moves are banned\n|rule|Evasion Abilities Clause: Evasion abilities are banned\n|rule|Species Clause: Limit one of each Pok\u00e9mon\n|rule|Gravity Sleep Clause: The combination of sleep-inducing moves with imperfect accuracy and Gravity or Gigantamax Orbeetle are banned\n|clearpoke\n|poke|p1|Regigigas|\n|poke|p1|Espeon, F|\n|poke|p1|Landorus-Therian, M|\n|poke|p1|Ambipom, M|\n|poke|p1|Gholdengo|\n|poke|p1|Palafin, F|\n|poke|p2|Volcarona, F|\n|poke|p2|Smeargle, F|\n|poke|p2|Tapu Lele|\n|poke|p2|Tapu Fini|\n|poke|p2|Suicune|\n|poke|p2|Chien-Pao|\n|teampreview\n|inactive|Battle timer is ON: inactive players will automatically lose when time's up. (requested by Mmiirrzzaa)\n|\n|t:|1695227122\n|start\n|switch|p1a: Regigigas|Regigigas|100\/100\n|switch|p1b: Espeon|Espeon, F|100\/100\n|switch|p2a: Miami Terror|Volcarona, F|100\/100\n|switch|p2b: Bobby Lee|Smeargle, F|100\/100\n|-start|p1a: Regigigas|ability: Slow Start\n|turn|1\n|\n|t:|1695227134\n|move|p2b: Bobby Lee|Follow Me|p2b: Bobby Lee\n|-singleturn|p2b: Bobby Lee|move: Follow Me\n|move|p1b: Espeon|Skill Swap|p2b: Bobby Lee\n|-activate|p1b: Espeon|move: Skill Swap|Moody|Magic Bounce|[of] p2b: Bobby Lee\n|move|p2a: Miami Terror|Quiver Dance|p2a: Miami Terror\n|-boost|p2a: Miami Terror|spa|1\n|-boost|p2a: Miami Terror|spd|1\n|-boost|p2a: Miami Terror|spe|1\n|move|p1a: Regigigas|Body Slam|p2b: Bobby Lee\n|-damage|p2b: Bobby Lee|29\/100\n|\n|-ability|p1b: Espeon|Moody|boost\n|-boost|p1b: Espeon|spd|2\n|-unboost|p1b: Espeon|spe|1\n|upkeep\n|turn|2\n|\n|t:|1695227149\n|move|p2a: Miami Terror|Quiver Dance|p2a: Miami Terror\n|-boost|p2a: Miami Terror|spa|1\n|-boost|p2a: Miami Terror|spd|1\n|-boost|p2a: Miami Terror|spe|1\n|move|p2b: Bobby Lee|Spore|p1a: Regigigas\n|-status|p1a: Regigigas|slp|[from] move: Spore\n|move|p1b: Espeon|Skill Swap|p1a: Regigigas\n|-activate|p1b: Espeon|move: Skill Swap|||[of] p1a: Regigigas\n|-end|p1a: Regigigas|Slow Start|[silent]\n|-start|p1b: Espeon|ability: Slow Start\n|cant|p1a: Regigigas|slp\n|\n|-ability|p1a: Regigigas|Moody|boost\n|-boost|p1a: Regigigas|spe|2\n|-unboost|p1a: Regigigas|spa|1\n|upkeep\n|turn|3\n|\n|t:|1695227164\n|cant|p1a: Regigigas|slp\n|move|p2a: Miami Terror|Heat Wave|p1a: Regigigas|[spread] p1a,p1b\n|-damage|p1a: Regigigas|46\/100 slp\n|-damage|p1b: Espeon|56\/100\n|move|p2b: Bobby Lee|Spore|p1b: Espeon\n|-status|p1b: Espeon|slp|[from] move: Spore\n|cant|p1b: Espeon|slp\n|\n|-heal|p1a: Regigigas|52\/100 slp|[from] item: Leftovers\n|-ability|p1a: Regigigas|Moody|boost\n|-boost|p1a: Regigigas|spa|2\n|-unboost|p1a: Regigigas|spe|1\n|upkeep\n|turn|4\n|\n|t:|1695227178\n|cant|p1b: Espeon|slp\n|move|p2b: Bobby Lee|Follow Me|p2b: Bobby Lee\n|-singleturn|p2b: Bobby Lee|move: Follow Me\n|move|p2a: Miami Terror|Heat Wave|p1a: Regigigas|[spread] p1a,p1b\n|-crit|p1a: Regigigas\n|-damage|p1a: Regigigas|0 fnt\n|-damage|p1b: Espeon|15\/100 slp\n|faint|p1a: Regigigas\n|\n|upkeep\n|\n|t:|1695227189\n|switch|p1a: Landorus|Landorus-Therian, M|100\/100\n|-ability|p1a: Landorus|Intimidate|boost\n|-unboost|p2a: Miami Terror|atk|1\n|-unboost|p2b: Bobby Lee|atk|1\n|turn|5\n|\n|t:|1695227200\n|move|p2b: Bobby Lee|Wide Guard|p2b: Bobby Lee\n|-singleturn|p2b: Bobby Lee|Wide Guard\n|move|p2a: Miami Terror|Heat Wave|p1a: Landorus|[spread] p1a\n|-miss|p2a: Miami Terror|p1b: Espeon\n|-damage|p1a: Landorus|20\/100\n|move|p1a: Landorus|Stomping Tantrum|p2b: Bobby Lee\n|-damage|p2b: Bobby Lee|0 fnt\n|faint|p2b: Bobby Lee\n|cant|p1b: Espeon|slp\n|\n|-heal|p1a: Landorus|26\/100|[from] item: Leftovers\n|upkeep\n|\n|t:|1695227211\n|switch|p2b: Phoebe|Tapu Lele|100\/100\n|-fieldstart|move: Psychic Terrain|[from] ability: Psychic Surge|[of] p2b: Phoebe\n|turn|6\n|\n|t:|1695227221\n|move|p2a: Miami Terror|Heat Wave|p1a: Landorus|[spread] p1a,p1b\n|-damage|p1a: Landorus|0 fnt\n|-damage|p1b: Espeon|0 fnt\n|faint|p1a: Landorus\n|faint|p1b: Espeon\n|-end|p1b: Espeon|Slow Start|[silent]\n|move|p2b: Phoebe|Psych Up|p2a: Miami Terror\n|-copyboost|p2b: Phoebe|p2a: Miami Terror|[from] move: Psych Up\n|\n|upkeep\n|\n|t:|1695227227\n|switch|p1b: Gholdengo|Gholdengo|100\/100\n|switch|p1a: Ambipom|Ambipom, M|100\/100\n|turn|7\n|\n|t:|1695227238\n|-terastallize|p2b: Phoebe|Psychic\n|move|p1b: Gholdengo|Protect|p1b: Gholdengo\n|-singleturn|p1b: Gholdengo|Protect\n|move|p2a: Miami Terror|Heat Wave|p1a: Ambipom|[spread] \n|-activate|p1b: Gholdengo|move: Protect\n|-miss|p2a: Miami Terror|p1a: Ambipom\n|move|p2b: Phoebe|Psychic|p1b: Gholdengo\n|-activate|p1b: Gholdengo|move: Protect\n|move|p1a: Ambipom|Double Hit|p2a: Miami Terror\n|-damage|p2a: Miami Terror|74\/100\n|-damage|p2a: Miami Terror|46\/100\n|-hitcount|p2a: Miami Terror|2\n|-damage|p1a: Ambipom|91\/100|[from] item: Life Orb\n|\n|-heal|p2a: Miami Terror|52\/100|[from] item: Leftovers\n|upkeep\n|turn|8\n|\n|t:|1695227256\n|move|p2a: Miami Terror|Heat Wave|p1b: Gholdengo|[spread] p1a,p1b\n|-supereffective|p1b: Gholdengo\n|-damage|p1a: Ambipom|0 fnt\n|-damage|p1b: Gholdengo|0 fnt\n|faint|p1a: Ambipom\n|faint|p1b: Gholdengo\n|move|p2b: Phoebe|Psychic|p1: Ambipom|[notarget]\n|-fail|p2b: Phoebe\n|\n|-heal|p2a: Miami Terror|58\/100|[from] item: Leftovers\n|upkeep\n|\n|t:|1695227260\n|switch|p1b: Palafin|Palafin, F|100\/100\n|turn|9\n|\n|t:|1695227269\n|move|p2a: Miami Terror|Giga Drain|p1b: Palafin\n|-supereffective|p1b: Palafin\n|-damage|p1b: Palafin|0 fnt\n|-heal|p2a: Miami Terror|100\/100|[from] drain|[of] p1b: Palafin\n|faint|p1b: Palafin\n|\n|win|Mmiirrzzaa\n|raw|232323aa's rating: 1298 &rarr; <strong>1286<\/strong><br \/>(-12 for losing)\n|raw|Mmiirrzzaa's rating: 1503 &rarr; <strong>1512<\/strong><br \/>(+9 for winning)\n","uploadtime":1695227276,"views":7,"p1id":"232323aa","p2id":"mmiirrzzaa","formatid":"gen9nationaldexdoubles","rating":1286,"private":0,"password":""}