{"id":"gen9nationaldexdoubles-1977332797","p1":"Akiray420","p2":"A long name really","format":"[Gen 9] National Dex Doubles","log":"|j|\u2606Akiray420\n|j|\u2606A long name really\n|t:|1698406295\n|gametype|doubles\n|player|p1|Akiray420|benga|1000\n|player|p2|A long name really|candice|1070\n|teamsize|p1|6\n|teamsize|p2|6\n|gen|9\n|tier|[Gen 9] National Dex Doubles\n|rated|\n|rule|HP Percentage Mod: HP is shown in percentages\n|rule|Endless Battle Clause: Forcing endless battles is banned\n|rule|OHKO Clause: OHKO moves are banned\n|rule|Evasion Moves Clause: Evasion moves are banned\n|rule|Evasion Abilities Clause: Evasion abilities are banned\n|rule|Species Clause: Limit one of each Pok\u00e9mon\n|rule|Gravity Sleep Clause: The combination of sleep-inducing moves with imperfect accuracy and Gravity or Gigantamax Orbeetle are banned\n|clearpoke\n|poke|p1|Latias, F|\n|poke|p1|Latios, M|\n|poke|p1|Shuckle, M|\n|poke|p1|Gholdengo|\n|poke|p1|Maushold-Four|\n|poke|p1|Blacephalon|\n|poke|p2|Honchkrow, M|\n|poke|p2|Ribombee, M|\n|poke|p2|Luvdisc, F|\n|poke|p2|Indeedee-F, F|\n|poke|p2|Armarouge, M|\n|poke|p2|Chien-Pao|\n|teampreview\n|inactive|Battle timer is ON: inactive players will automatically lose when time's up. (requested by A long name really)\n|\n|t:|1698406305\n|start\n|switch|p1a: Maushold|Maushold-Four, shiny|100\/100\n|switch|p1b: Latios|Latios, M, shiny|100\/100\n|switch|p2a: Ribombee|Ribombee, M|100\/100\n|switch|p2b: Chien-Pao|Chien-Pao|100\/100\n|-ability|p2b: Chien-Pao|Sword of Ruin\n|turn|1\n|inactive|Akiray420 has 120 seconds left.\n|\n|t:|1698406343\n|move|p2b: Chien-Pao|Ice Spinner|p1b: Latios\n|-supereffective|p1b: Latios\n|-damage|p1b: Latios|0 fnt\n|faint|p1b: Latios\n|move|p2a: Ribombee|Sticky Web|p1a: Maushold\n|-sidestart|p1: Akiray420|move: Sticky Web\n|move|p1a: Maushold|Population Bomb|p2b: Chien-Pao\n|-damage|p2b: Chien-Pao|83\/100\n|-damage|p2b: Chien-Pao|65\/100\n|-damage|p2b: Chien-Pao|47\/100\n|-damage|p2b: Chien-Pao|29\/100\n|-hitcount|p2b: Chien-Pao|4\n|\n|upkeep\n|\n|t:|1698406358\n|switch|p1b: Shuckle|Shuckle, M, shiny|100\/100\n|-activate|p1b: Shuckle|move: Sticky Web\n|-fail|p1b: Shuckle|unboost|[from] item: Clear Amulet|[of] p1b: Shuckle\n|turn|2\n|inactive|Akiray420 has 120 seconds left.\n|c|\u2606A long name really|Wait youre not using wide lens?\n|\n|t:|1698406380\n|move|p2b: Chien-Pao|Swords Dance|p2b: Chien-Pao\n|-boost|p2b: Chien-Pao|atk|2\n|move|p2a: Ribombee|Moonblast|p1b: Shuckle\n|-damage|p1b: Shuckle|78\/100\n|move|p1a: Maushold|Population Bomb|p2a: Ribombee\n|-damage|p2a: Ribombee|72\/100\n|-damage|p2a: Ribombee|40\/100\n|-damage|p2a: Ribombee|9\/100\n|-damage|p2a: Ribombee|0 fnt\n|faint|p2a: Ribombee\n|-hitcount|p2: Ribombee|4\n|move|p1b: Shuckle|Power Split|p2b: Chien-Pao\n|-activate|p1b: Shuckle|move: Power Split|[of] p2b: Chien-Pao\n|\n|upkeep\n|\n|t:|1698406384\n|switch|p2a: Luvdisc|Luvdisc, F|100\/100\n|turn|3\n|\n|t:|1698406406\n|move|p2a: Luvdisc|Heal Pulse|p2b: Chien-Pao\n|-heal|p2b: Chien-Pao|79\/100\n|move|p2b: Chien-Pao|Crunch|p1a: Maushold\n|-damage|p1a: Maushold|18\/100\n|move|p1a: Maushold|Population Bomb|p2a: Luvdisc\n|-damage|p2a: Luvdisc|41\/100\n|-damage|p2a: Luvdisc|0 fnt\n|faint|p2a: Luvdisc\n|-hitcount|p2: Luvdisc|2\n|move|p1b: Shuckle|Power Trick|p1b: Shuckle\n|-start|p1b: Shuckle|Power Trick\n|\n|upkeep\n|\n|t:|1698406413\n|switch|p2a: Honchkrow|Honchkrow, M|100\/100\n|turn|4\n|\n|t:|1698406432\n|move|p2b: Chien-Pao|Ice Spinner|p1b: Shuckle\n|-damage|p1b: Shuckle|0 fnt\n|faint|p1b: Shuckle\n|move|p1a: Maushold|Population Bomb|p2a: Honchkrow\n|-damage|p2a: Honchkrow|62\/100\n|-hitcount|p2a: Honchkrow|1\n|-zpower|p2a: Honchkrow\n|move|p2a: Honchkrow|Z-Mirror Move|p1a: Maushold|[anim]Mirror Move\n|-boost|p2a: Honchkrow|atk|2|[zeffect]\n|move|p2a: Honchkrow|Breakneck Blitz|p1a: Maushold|[from]move: Mirror Move\n|-damage|p1a: Maushold|0 fnt\n|faint|p1a: Maushold\n|-ability|p2a: Honchkrow|Moxie|boost\n|-boost|p2a: Honchkrow|atk|1\n|\n|upkeep\n|inactive|Akiray420 has 120 seconds left.\n|\n|t:|1698406454\n|switch|p1a: Gholdengo|Gholdengo|100\/100\n|switch|p1b: Blacephalon|Blacephalon|100\/100\n|-activate|p1b: Blacephalon|move: Sticky Web\n|-unboost|p1b: Blacephalon|spe|1\n|-activate|p1a: Gholdengo|move: Sticky Web\n|-unboost|p1a: Gholdengo|spe|1\n|turn|5\n|\n|t:|1698406475\n|move|p2b: Chien-Pao|Crunch|p1a: Gholdengo\n|-supereffective|p1a: Gholdengo\n|-damage|p1a: Gholdengo|0 fnt\n|faint|p1a: Gholdengo\n|move|p1b: Blacephalon|Pain Split|p2b: Chien-Pao\n|-sethp|p2b: Chien-Pao|76\/100|[from] move: Pain Split|[silent]\n|-sethp|p1b: Blacephalon|100\/100|[from] move: Pain Split\n|move|p2a: Honchkrow|Lash Out|p1b: Blacephalon\n|-supereffective|p1b: Blacephalon\n|-damage|p1b: Blacephalon|0 fnt\n|faint|p1b: Blacephalon\n|-ability|p2a: Honchkrow|Moxie|boost\n|-boost|p2a: Honchkrow|atk|1\n|\n|upkeep\n|inactive|Akiray420 has 120 seconds left.\n|\n|t:|1698406501\n|switch|p1b: Latias|Latias, F|100\/100\n|turn|6\n|\n|t:|1698406518\n|move|p2b: Chien-Pao|Crunch|p1b: Latias\n|-supereffective|p1b: Latias\n|-damage|p1b: Latias|0 fnt\n|faint|p1b: Latias\n|\n|win|A long name really\n|raw|Akiray420's rating: 1000 &rarr; <strong>1000<\/strong><br \/>(+0 for losing)\n|raw|A long name really's rating: 1070 &rarr; <strong>1094<\/strong><br \/>(+24 for winning)\n","uploadtime":1698406526,"views":12,"p1id":"akiray420","p2id":"alongnamereally","formatid":"gen9nationaldexdoubles","rating":1000,"private":0,"password":""}