{"id":"gen9nationaldexdoubles-1971698216","p1":"ccD8 3+","p2":"thundervoltss","format":"[Gen 9] National Dex Doubles","log":"|j|\u2606ccD8 3+\n|j|\u2606thundervoltss\n|t:|1697762356\n|gametype|doubles\n|player|p1|ccD8 3+|265|1488\n|player|p2|thundervoltss|elesa-masters|1481\n|teamsize|p1|6\n|teamsize|p2|6\n|gen|9\n|tier|[Gen 9] National Dex Doubles\n|rated|\n|rule|HP Percentage Mod: HP is shown in percentages\n|rule|Endless Battle Clause: Forcing endless battles is banned\n|rule|OHKO Clause: OHKO moves are banned\n|rule|Evasion Moves Clause: Evasion moves are banned\n|rule|Evasion Abilities Clause: Evasion abilities are banned\n|rule|Species Clause: Limit one of each Pok\u00e9mon\n|rule|Gravity Sleep Clause: The combination of sleep-inducing moves with imperfect accuracy and Gravity or Gigantamax Orbeetle are banned\n|clearpoke\n|poke|p1|Charizard, F|\n|poke|p1|Chi-Yu|\n|poke|p1|Flutter Mane|\n|poke|p1|Whimsicott, M|\n|poke|p1|Zygarde|\n|poke|p1|Chien-Pao|\n|poke|p2|Grimmsnarl, M|\n|poke|p2|Spectrier|\n|poke|p2|Urshifu-*, M|\n|poke|p2|Rillaboom, M|\n|poke|p2|Incineroar, F|\n|poke|p2|Primarina, M|\n|teampreview\n|inactive|Battle timer is ON: inactive players will automatically lose when time's up. (requested by ccD8 3+)\n|c|\u2606thundervoltss|THIS BITCH AINT BANNED YET HUH???\n|\n|t:|1697762379\n|start\n|switch|p1a: Whimsicott|Whimsicott, M|100\/100\n|switch|p1b: Charizard|Charizard, F|100\/100\n|switch|p2a: Pop fizz|Grimmsnarl, M|100\/100\n|switch|p2b: Trap shadow|Spectrier|100\/100\n|turn|1\n|c|\u2606ccD8 3+|what bitch\n|inactive|thundervoltss has 120 seconds left.\n|c|\u2606thundervoltss|zygarde\n|\n|t:|1697762434\n|move|p1b: Charizard|Protect|p1b: Charizard\n|-singleturn|p1b: Charizard|Protect\n|move|p1a: Whimsicott|Tailwind|p1a: Whimsicott\n|-sidestart|p1: ccD8 3+|move: Tailwind\n|move|p2a: Pop fizz|Light Screen|p2a: Pop fizz\n|-sidestart|p2: thundervoltss|move: Light Screen\n|move|p2b: Trap shadow|Snarl|p1a: Whimsicott|[spread] p1a\n|-activate|p1b: Charizard|move: Protect\n|-resisted|p1a: Whimsicott\n|-damage|p1a: Whimsicott|91\/100\n|\n|upkeep\n|turn|2\n|\n|t:|1697762450\n|detailschange|p1b: Charizard|Charizard-Mega-Y, F\n|-mega|p1b: Charizard|Charizard|Charizardite Y\n|-weather|SunnyDay|[from] ability: Drought|[of] p1b: Charizard\n|move|p2a: Pop fizz|Thunder Wave|p1b: Charizard\n|-status|p1b: Charizard|par\n|move|p1a: Whimsicott|Moonblast|p2a: Pop fizz\n|-supereffective|p2a: Pop fizz\n|-damage|p2a: Pop fizz|69\/100\n|move|p2b: Trap shadow|Snarl|p1a: Whimsicott|[spread] p1a,p1b\n|-resisted|p1a: Whimsicott\n|-damage|p1a: Whimsicott|83\/100\n|-damage|p1b: Charizard|88\/100 par\n|-unboost|p1b: Charizard|spa|1\n|cant|p1b: Charizard|par\n|\n|-weather|SunnyDay|[upkeep]\n|upkeep\n|turn|3\n|inactive|thundervoltss has 120 seconds left.\n|\n|t:|1697762470\n|move|p1a: Whimsicott|Moonblast|p2a: Pop fizz\n|-supereffective|p2a: Pop fizz\n|-damage|p2a: Pop fizz|37\/100\n|move|p2b: Trap shadow|Shadow Ball|p1a: Whimsicott\n|-damage|p1a: Whimsicott|37\/100\n|cant|p1b: Charizard|par\n|move|p2a: Pop fizz|Spirit Break|p1a: Whimsicott\n|-damage|p1a: Whimsicott|0 fnt\n|faint|p1a: Whimsicott\n|\n|-weather|SunnyDay|[upkeep]\n|upkeep\n|c|\u2606ccD8 3+|double para\n|c|\u2606ccD8 3+|what\n|\n|t:|1697762486\n|switch|p1a: Zygarde|Zygarde|100\/100\n|-ability|p1a: Zygarde|Aura Break\n|turn|4\n|c|\u2606thundervoltss|bro thats nothing\n|c|\u2606thundervoltss|yesterday i almost got para'd 8 times in a row\n|c|\u2606ccD8 3+|its something when it matters\n|inactive|thundervoltss has 120 seconds left.\n|\n|t:|1697762531\n|switch|p2a: Grave clobber|Urshifu-Rapid-Strike, M|100\/100\n|move|p1a: Zygarde|Thousand Arrows|p2b: Trap shadow|[spread] p2a,p2b\n|-damage|p2a: Grave clobber|56\/100\n|-damage|p2b: Trap shadow|51\/100\n|move|p2b: Trap shadow|Shadow Ball|p1a: Zygarde\n|-damage|p1a: Zygarde|62\/100\n|move|p1b: Charizard|Heat Wave|p2b: Trap shadow|[spread] p2a,p2b\n|-resisted|p2a: Grave clobber\n|-damage|p2a: Grave clobber|38\/100\n|-damage|p2b: Trap shadow|23\/100\n|-enditem|p2b: Trap shadow|Sitrus Berry|[eat]\n|-heal|p2b: Trap shadow|48\/100|[from] item: Sitrus Berry\n|\n|-weather|SunnyDay|[upkeep]\n|-sideend|p1: ccD8 3+|move: Tailwind\n|upkeep\n|turn|5\n|inactive|thundervoltss has 120 seconds left.\n|\n|t:|1697762554\n|switch|p2a: Turbo charge DK|Rillaboom, M|100\/100\n|-fieldstart|move: Grassy Terrain|[from] ability: Grassy Surge|[of] p2a: Turbo charge DK\n|move|p2b: Trap shadow|Will-O-Wisp|p1a: Zygarde\n|-status|p1a: Zygarde|brn\n|move|p1a: Zygarde|Thousand Arrows|p2a: Turbo charge DK|[spread] p2a,p2b\n|-resisted|p2a: Turbo charge DK\n|-crit|p2a: Turbo charge DK\n|-damage|p2a: Turbo charge DK|84\/100\n|-damage|p2b: Trap shadow|20\/100\n|move|p1b: Charizard|Solar Beam||[still]\n|-prepare|p1b: Charizard|Solar Beam\n|-anim|p1b: Charizard|Solar Beam|p2a: Turbo charge DK\n|-resisted|p2a: Turbo charge DK\n|-damage|p2a: Turbo charge DK|78\/100\n|\n|-weather|SunnyDay|[upkeep]\n|-heal|p2b: Trap shadow|26\/100|[from] Grassy Terrain\n|-heal|p1a: Zygarde|69\/100 brn|[from] Grassy Terrain\n|-heal|p2a: Turbo charge DK|84\/100|[from] Grassy Terrain\n|-damage|p1a: Zygarde|62\/100 brn|[from] brn\n|upkeep\n|turn|6\n|inactive|thundervoltss has 120 seconds left.\n|\n|t:|1697762579\n|move|p2a: Turbo charge DK|Fake Out|p1a: Zygarde\n|-damage|p1a: Zygarde|53\/100 brn\n|move|p2b: Trap shadow|Taunt|p1b: Charizard\n|-start|p1b: Charizard|move: Taunt\n|cant|p1a: Zygarde|flinch\n|cant|p1b: Charizard|par\n|\n|-weather|none\n|-heal|p2b: Trap shadow|33\/100|[from] Grassy Terrain\n|-heal|p1a: Zygarde|59\/100 brn|[from] Grassy Terrain\n|-heal|p2a: Turbo charge DK|90\/100|[from] Grassy Terrain\n|-damage|p1a: Zygarde|53\/100 brn|[from] brn\n|upkeep\n|turn|7\n|j| Zetious\n|inactive|thundervoltss has 120 seconds left.\n|\n|t:|1697762609\n|switch|p2a: Wildfire|Incineroar, F|100\/100\n|-ability|p2a: Wildfire|Intimidate|boost\n|-unboost|p1a: Zygarde|atk|1\n|-unboost|p1b: Charizard|atk|1\n|switch|p1b: Chien-Pao|Chien-Pao|100\/100\n|-ability|p1b: Chien-Pao|Sword of Ruin\n|move|p2b: Trap shadow|Shadow Ball|p1a: Zygarde\n|-damage|p1a: Zygarde|18\/100 brn\n|move|p1a: Zygarde|Thousand Arrows|p2b: Trap shadow|[spread] p2a,p2b\n|-supereffective|p2a: Wildfire\n|-crit|p2a: Wildfire\n|-damage|p2a: Wildfire|27\/100\n|-damage|p2b: Trap shadow|9\/100\n|-enditem|p2a: Wildfire|Sitrus Berry|[eat]\n|-heal|p2a: Wildfire|52\/100|[from] item: Sitrus Berry\n|\n|-heal|p2b: Trap shadow|15\/100|[from] Grassy Terrain\n|-heal|p1a: Zygarde|24\/100 brn|[from] Grassy Terrain\n|-heal|p2a: Wildfire|58\/100|[from] Grassy Terrain\n|-damage|p1a: Zygarde|18\/100 brn|[from] brn\n|upkeep\n|turn|8\n|inactive|thundervoltss has 120 seconds left.\n|\n|t:|1697762634\n|move|p1b: Chien-Pao|Protect|p1b: Chien-Pao\n|-singleturn|p1b: Chien-Pao|Protect\n|move|p2a: Wildfire|Fake Out|p1b: Chien-Pao\n|-activate|p1b: Chien-Pao|move: Protect\n|move|p2b: Trap shadow|Shadow Ball|p1b: Chien-Pao\n|-activate|p1b: Chien-Pao|move: Protect\n|move|p1a: Zygarde|Thousand Arrows|p2a: Wildfire|[spread] p2a,p2b\n|-supereffective|p2a: Wildfire\n|-damage|p2a: Wildfire|29\/100\n|-damage|p2b: Trap shadow|0 fnt\n|faint|p2b: Trap shadow\n|\n|-heal|p1a: Zygarde|24\/100 brn|[from] Grassy Terrain\n|-heal|p2a: Wildfire|35\/100|[from] Grassy Terrain\n|-damage|p1a: Zygarde|18\/100 brn|[from] brn\n|-sideend|p2: thundervoltss|move: Light Screen\n|upkeep\n|\n|t:|1697762639\n|switch|p2b: Pop fizz|Grimmsnarl, M|37\/100\n|turn|9\n|c|\u2606thundervoltss|nice call\n|c|\u2606ccD8 3+|ty\n|\n|t:|1697762662\n|switch|p2a: Turbo charge DK|Rillaboom, M|90\/100\n|move|p2b: Pop fizz|Reflect|p2b: Pop fizz\n|-sidestart|p2: thundervoltss|Reflect\n|move|p1b: Chien-Pao|Ice Spinner|p2b: Pop fizz\n|-damage|p2b: Pop fizz|5\/100\n|-fieldend|move: Grassy Terrain\n|move|p1a: Zygarde|Thousand Arrows|p2b: Pop fizz|[spread] p2a,p2b\n|-resisted|p2a: Turbo charge DK\n|-damage|p2a: Turbo charge DK|83\/100\n|-damage|p2b: Pop fizz|0 fnt\n|faint|p2b: Pop fizz\n|\n|-damage|p1a: Zygarde|12\/100 brn|[from] brn\n|upkeep\n|c|\u2606ccD8 3+|dude im reading u like a bok\n|c|\u2606ccD8 3+|book*\n|inactive|thundervoltss has 120 seconds left.\n|c|\u2606ccD8 3+|my o key is stuck\n|\n|t:|1697762697\n|switch|p2b: Punk Shock|Primarina, M|100\/100\n|turn|10\n|\n|t:|1697762705\n|move|p1b: Chien-Pao|Protect|p1b: Chien-Pao\n|-singleturn|p1b: Chien-Pao|Protect\n|move|p2a: Turbo charge DK|Fake Out|p1a: Zygarde\n|-damage|p1a: Zygarde|0 fnt\n|faint|p1a: Zygarde\n|move|p2b: Punk Shock|Dazzling Gleam|p1b: Chien-Pao\n|-activate|p1b: Chien-Pao|move: Protect\n|\n|upkeep\n|\n|t:|1697762714\n|switch|p1a: Charizard|Charizard-Mega-Y, F|88\/100 par\n|-weather|SunnyDay|[from] ability: Drought|[of] p1a: Charizard\n|turn|11\n|\n|t:|1697762739\n|switch|p2a: Wildfire|Incineroar, F|35\/100\n|-ability|p2a: Wildfire|Intimidate|boost\n|-unboost|p1a: Charizard|atk|1\n|-unboost|p1b: Chien-Pao|atk|1\n|move|p1b: Chien-Pao|Ice Spinner|p2a: Wildfire\n|-resisted|p2a: Wildfire\n|-damage|p2a: Wildfire|27\/100\n|move|p1a: Charizard|Solar Beam||[still]\n|-prepare|p1a: Charizard|Solar Beam\n|-anim|p1a: Charizard|Solar Beam|p2b: Punk Shock\n|-supereffective|p2b: Punk Shock\n|-damage|p2b: Punk Shock|25\/100\n|move|p2b: Punk Shock|Hyper Voice|p1b: Chien-Pao|[spread] p1a,p1b\n|-supereffective|p1a: Charizard\n|-damage|p1a: Charizard|50\/100 par\n|-damage|p1b: Chien-Pao|72\/100\n|-enditem|p2b: Punk Shock|Throat Spray\n|-boost|p2b: Punk Shock|spa|1|[from] item: Throat Spray\n|\n|-weather|SunnyDay|[upkeep]\n|upkeep\n|turn|12\n|c|\u2606thundervoltss|and i forgot to tera\n|c|\u2606ccD8 3+|happens\n|\n|t:|1697762765\n|move|p1b: Chien-Pao|Protect|p1b: Chien-Pao\n|-singleturn|p1b: Chien-Pao|Protect\n|move|p1a: Charizard|Protect|p1a: Charizard\n|-singleturn|p1a: Charizard|Protect\n|move|p2a: Wildfire|Fake Out|p1a: Charizard\n|-activate|p1a: Charizard|move: Protect\n|move|p2b: Punk Shock|Dazzling Gleam|p1b: Chien-Pao|[spread] \n|-activate|p1a: Charizard|move: Protect\n|-activate|p1b: Chien-Pao|move: Protect\n|\n|-weather|SunnyDay|[upkeep]\n|upkeep\n|turn|13\n|\n|t:|1697762792\n|move|p1b: Chien-Pao|Ice Spinner|p2a: Wildfire\n|-resisted|p2a: Wildfire\n|-damage|p2a: Wildfire|19\/100\n|cant|p1a: Charizard|par\n|move|p2b: Punk Shock|Hyper Voice|p1a: Charizard|[spread] p1a,p1b\n|-supereffective|p1a: Charizard\n|-damage|p1a: Charizard|0 fnt\n|-damage|p1b: Chien-Pao|25\/100\n|faint|p1a: Charizard\n|move|p2a: Wildfire|Flare Blitz|p1b: Chien-Pao\n|-supereffective|p1b: Chien-Pao\n|-damage|p1b: Chien-Pao|0 fnt\n|faint|p1b: Chien-Pao\n|-damage|p2a: Wildfire|13\/100|[from] Recoil\n|\n|-weather|SunnyDay|[upkeep]\n|upkeep\n|\n|t:|1697762799\n|switch|p1b: Flutter Mane|Flutter Mane|100\/100\n|switch|p1a: Chi-Yu|Chi-Yu|100\/100\n|-activate|p1b: Flutter Mane|ability: Protosynthesis\n|-start|p1b: Flutter Mane|protosynthesisspe\n|-ability|p1a: Chi-Yu|Beads of Ruin\n|turn|14\n|\n|t:|1697762816\n|move|p1b: Flutter Mane|Dazzling Gleam|p2b: Punk Shock|[spread] p2a,p2b\n|-damage|p2a: Wildfire|0 fnt\n|-damage|p2b: Punk Shock|0 fnt\n|faint|p2a: Wildfire\n|faint|p2b: Punk Shock\n|move|p1a: Chi-Yu|Heat Wave|p2: Wildfire|[notarget]\n|-fail|p1a: Chi-Yu\n|\n|-weather|SunnyDay|[upkeep]\n|upkeep\n|\n|t:|1697762819\n|switch|p2a: Grave clobber|Urshifu-Rapid-Strike, M|38\/100\n|switch|p2b: Turbo charge DK|Rillaboom, M|83\/100\n|-fieldstart|move: Grassy Terrain|[from] ability: Grassy Surge|[of] p2b: Turbo charge DK\n|turn|15\n|c|\u2606ccD8 3+|all of these matter\n|l| Zetious\n|\n|t:|1697762836\n|-terastallize|p1b: Flutter Mane|Fairy\n|-terastallize|p2a: Grave clobber|Water\n|move|p2a: Grave clobber|Aqua Jet|p1b: Flutter Mane\n|-damage|p1b: Flutter Mane|77\/100\n|move|p2b: Turbo charge DK|Grassy Glide|p1b: Flutter Mane\n|-damage|p1b: Flutter Mane|17\/100\n|move|p1b: Flutter Mane|Dazzling Gleam|p2a: Grave clobber|[spread] p2a,p2b\n|-damage|p2a: Grave clobber|0 fnt\n|-damage|p2b: Turbo charge DK|34\/100\n|faint|p2a: Grave clobber\n|move|p1a: Chi-Yu|Heat Wave|p2b: Turbo charge DK\n|-supereffective|p2b: Turbo charge DK\n|-damage|p2b: Turbo charge DK|0 fnt\n|faint|p2b: Turbo charge DK\n|\n|win|ccD8 3+\n|raw|ccD8 3+'s rating: 1488 &rarr; <strong>1508<\/strong><br \/>(+20 for winning)\n|raw|thundervoltss's rating: 1481 &rarr; <strong>1461<\/strong><br \/>(-20 for losing)\n","uploadtime":1697762369,"views":4,"p1id":"ccd83","p2id":"thundervoltss","formatid":"gen9nationaldexdoubles","rating":1461,"private":0,"password":""}