{"id":"gen9nationaldexdoubles-1991870551","p1":"Poopinho","p2":"Moonysloony","format":"[Gen 9] National Dex Doubles","log":"|j|\u2606Poopinho\n|j|\u2606Moonysloony\n|t:|1700131383\n|gametype|doubles\n|player|p1|Poopinho|dancer|1047\n|player|p2|Moonysloony|2|1074\n|teamsize|p1|6\n|teamsize|p2|6\n|gen|9\n|tier|[Gen 9] National Dex Doubles\n|rated|\n|rule|HP Percentage Mod: HP is shown in percentages\n|rule|Endless Battle Clause: Forcing endless battles is banned\n|rule|OHKO Clause: OHKO moves are banned\n|rule|Evasion Moves Clause: Evasion moves are banned\n|rule|Evasion Abilities Clause: Evasion abilities are banned\n|rule|Species Clause: Limit one of each Pok\u00e9mon\n|rule|Gravity Sleep Clause: The combination of sleep-inducing moves with imperfect accuracy and Gravity or Gigantamax Orbeetle are banned\n|clearpoke\n|poke|p1|Arcanine-Hisui, M|\n|poke|p1|Blissey, F|\n|poke|p1|Serperior, F|\n|poke|p1|Ogerpon-Wellspring, F|\n|poke|p1|Grimmsnarl, M|\n|poke|p1|Ursaluna-Bloodmoon, M|\n|poke|p2|Glaceon, F|\n|poke|p2|Espeon, F|\n|poke|p2|Umbreon, M|\n|poke|p2|Meowscarada, M|\n|poke|p2|Ninetales-Alola, F|\n|poke|p2|Liepard, F|\n|teampreview\n|inactive|Battle timer is ON: inactive players will automatically lose when time's up. (requested by Poopinho)\n|j| Mr. Explosions\n|l| Mr. Explosions\n|\n|t:|1700131397\n|start\n|switch|p1a: Grimmsnarl|Grimmsnarl, M|100\/100\n|switch|p1b: Serperior|Serperior, F, shiny|100\/100\n|switch|p2a: Lisa^_^|Liepard, F, shiny|100\/100\n|switch|p2b: Meowdoriya|Meowscarada, M, shiny|100\/100\n|turn|1\n|\n|t:|1700131423\n|move|p2a: Lisa^_^|Fake Out|p1b: Serperior\n|-damage|p1b: Serperior|87\/100\n|-enditem|p1b: Serperior|Red Card|[of] p2a: Lisa^_^\n|drag|p2a: oatmeal|Glaceon, F, shiny|100\/100\n|move|p1a: Grimmsnarl|Scary Face|p1b: Serperior\n|-boost|p1b: Serperior|spe|2\n|cant|p1b: Serperior|flinch\n|move|p2b: Meowdoriya|Play Rough|p1a: Grimmsnarl\n|-start|p2b: Meowdoriya|typechange|Fairy|[from] ability: Protean\n|-supereffective|p1a: Grimmsnarl\n|-damage|p1a: Grimmsnarl|9\/100\n|\n|upkeep\n|turn|2\n|\n|t:|1700131450\n|move|p1b: Serperior|Protect|p1b: Serperior\n|-singleturn|p1b: Serperior|Protect\n|move|p1a: Grimmsnarl|Trick|p2b: Meowdoriya\n|-activate|p1a: Grimmsnarl|move: Trick|[of] p2b: Meowdoriya\n|-item|p2b: Meowdoriya|Lagging Tail|[from] move: Trick\n|-item|p1a: Grimmsnarl|Expert Belt|[from] move: Trick\n|move|p2b: Meowdoriya|U-turn|p1a: Grimmsnarl\n|-damage|p1a: Grimmsnarl|0 fnt\n|faint|p1a: Grimmsnarl\n|inactive|Moonysloony has 120 seconds left.\n|\n|t:|1700131470\n|switch|p2b: GET JOED ON|Ninetales-Alola, F, shiny|100\/100|[from] U-turn\n|-weather|Snow|[from] ability: Snow Warning|[of] p2b: GET JOED ON\n|move|p2a: oatmeal|Frost Breath|p1b: Serperior\n|-activate|p1b: Serperior|move: Protect\n|\n|-weather|Snow|[upkeep]\n|upkeep\n|l|\u2606Poopinho\n|inactive|Poopinho disconnected and has a minute to reconnect!\n|player|p1|\n|inactive|Poopinho has 30 seconds to reconnect!\n|inactive|Poopinho has 20 seconds to reconnect!\n|j|\u2606Poopinho\n|inactive|Poopinho reconnected and has 90 seconds left.\n|player|p1|Poopinho|dancer\n|\n|t:|1700131529\n|switch|p1a: Arcanine|Arcanine-Hisui, M|100\/100\n|turn|3\n|inactive|Poopinho has 90 seconds left.\n|\n|t:|1700131578\n|-terastallize|p1b: Serperior|Fire\n|-terastallize|p2a: oatmeal|Ice\n|move|p1b: Serperior|Leaf Storm|p2b: GET JOED ON\n|-damage|p2b: GET JOED ON|59\/100\n|-boost|p1b: Serperior|spa|2\n|move|p2b: GET JOED ON|Aurora Veil|p2b: GET JOED ON\n|-sidestart|p2: Moonysloony|move: Aurora Veil\n|move|p1a: Arcanine|Flare Blitz|p2b: GET JOED ON\n|-supereffective|p2b: GET JOED ON\n|-damage|p2b: GET JOED ON|0 fnt\n|faint|p2b: GET JOED ON\n|-damage|p1a: Arcanine|84\/100|[from] Recoil\n|move|p2a: oatmeal|Blizzard|p1b: Serperior|[spread] p1a,p1b\n|-resisted|p1a: Arcanine\n|-resisted|p1b: Serperior\n|-damage|p1a: Arcanine|39\/100\n|-damage|p1b: Serperior|44\/100\n|\n|-weather|Snow|[upkeep]\n|upkeep\n|inactive|Moonysloony has 120 seconds left.\n|\n|t:|1700131600\n|switch|p2b: Mewney|Umbreon, M, shiny|100\/100\n|turn|4\n|inactive|Poopinho has 90 seconds left.\n|\n|t:|1700131618\n|switch|p1a: Blissey|Blissey, F, shiny|100\/100\n|move|p1b: Serperior|Protect|p1b: Serperior\n|-singleturn|p1b: Serperior|Protect\n|move|p2b: Mewney|Wish|p2b: Mewney\n|move|p2a: oatmeal|Blizzard|p1a: Blissey|[spread] p1a\n|-activate|p1b: Serperior|move: Protect\n|-damage|p1a: Blissey|75\/100\n|\n|-weather|Snow|[upkeep]\n|upkeep\n|turn|5\n|inactive|Poopinho has 90 seconds left.\n|inactive|Moonysloony has 120 seconds left.\n|\n|t:|1700131651\n|move|p1b: Serperior|Leaf Storm|p2a: oatmeal\n|-damage|p2a: oatmeal|51\/100\n|-boost|p1b: Serperior|spa|2\n|move|p2b: Mewney|Toxic|p1a: Blissey\n|-status|p1a: Blissey|tox\n|move|p2a: oatmeal|Blizzard|p1b: Serperior|[spread] p1a,p1b\n|-resisted|p1b: Serperior\n|-damage|p1a: Blissey|46\/100 tox\n|-damage|p1b: Serperior|6\/100\n|-zpower|p1a: Blissey\n|move|p1a: Blissey|Z-Psych Up|p1b: Serperior|[anim]Psych Up\n|-heal|p1a: Blissey|100\/100 tox|[zeffect]\n|-copyboost|p1a: Blissey|p1b: Serperior|[from] move: Psych Up\n|\n|-weather|Snow|[upkeep]\n|-heal|p2a: oatmeal|57\/100|[from] ability: Ice Body\n|-damage|p1a: Blissey|94\/100 tox|[from] psn\n|upkeep\n|turn|6\n|inactive|Poopinho has 90 seconds left.\n|inactive|Moonysloony has 120 seconds left.\n|c|\u2606Poopinho|!weakness ice\n|c| Poopinho|\/raw <div class=\"infobox\">Ice:<br \/><span class=\"message-effect-weak\">Weaknesses<\/span>: Fighting, Fire, Rock, Steel<br \/><span class=\"message-effect-resist\">Resistances<\/span>: Ice<br \/><span class=\"message-effect-immune\">Immunities<\/span>: Frozen, Hail damage<\/div>\n|inactive|Poopinho has 60 seconds left.\n|\n|t:|1700131730\n|switch|p2b: Lisa^_^|Liepard, F, shiny|100\/100\n|move|p1b: Serperior|Leaf Storm|p2b: Lisa^_^\n|-enditem|p2b: Lisa^_^|Focus Sash\n|-damage|p2b: Lisa^_^|1\/100\n|-boost|p1b: Serperior|spa|2\n|move|p1a: Blissey|Stored Power|p2a: oatmeal\n|-damage|p2a: oatmeal|0 fnt\n|faint|p2a: oatmeal\n|\n|-weather|none\n|-damage|p1a: Blissey|82\/100 tox|[from] psn\n|upkeep\n|inactive|Moonysloony has 120 seconds left.\n|\n|t:|1700131749\n|switch|p2a: sunny|Espeon, F|100\/100\n|turn|7\n|inactive|Poopinho has 60 seconds left.\n|j| Mr. Explosions\n|l| Mr. Explosions\n|inactive|Poopinho has 30 seconds left.\n|\n|t:|1700131792\n|move|p2b: Lisa^_^|Fake Out|p1b: Serperior\n|-damage|p1b: Serperior|0 fnt\n|faint|p1b: Serperior\n|move|p1a: Blissey|Flamethrower|p2b: Lisa^_^\n|-damage|p2b: Lisa^_^|0 fnt\n|faint|p2b: Lisa^_^\n|move|p2a: sunny|Calm Mind|p2a: sunny\n|-boost|p2a: sunny|spa|1\n|-boost|p2a: sunny|spd|1\n|\n|-damage|p1a: Blissey|64\/100 tox|[from] psn\n|upkeep\n|\n|t:|1700131809\n|switch|p1b: Arcanine|Arcanine-Hisui, M|39\/100\n|switch|p2b: Mewney|Umbreon, M, shiny|100\/100\n|turn|8\n|inactive|Poopinho has 60 seconds left.\n|inactive|Poopinho has 30 seconds left.\n|inactive|Poopinho has 20 seconds left.\n|inactive|Poopinho has 15 seconds left.\n|\n|t:|1700131859\n|move|p1b: Arcanine|Head Smash|p2a: sunny\n|-damage|p2a: sunny|51\/100\n|-damage|p1b: Arcanine|14\/100|[from] Recoil\n|move|p1a: Blissey|Flamethrower|p2b: Mewney\n|-damage|p2b: Mewney|73\/100\n|move|p2a: sunny|Calm Mind|p2a: sunny\n|-boost|p2a: sunny|spa|1\n|-boost|p2a: sunny|spd|1\n|move|p2b: Mewney|Foul Play|p1b: Arcanine\n|-damage|p1b: Arcanine|0 fnt\n|faint|p1b: Arcanine\n|\n|-heal|p2a: sunny|57\/100|[from] item: Leftovers\n|-heal|p2b: Mewney|79\/100|[from] item: Leftovers\n|-damage|p1a: Blissey|39\/100 tox|[from] psn\n|upkeep\n|inactive|Poopinho has 20 seconds left this turn.\n|inactive|Poopinho has 15 seconds left.\n|inactive|Poopinho has 10 seconds left.\n|\n|t:|1700131869\n|switch|p1b: Ursaluna|Ursaluna-Bloodmoon, M|100\/100\n|turn|9\n|inactive|Poopinho has 30 seconds left.\n|inactive|Poopinho has 20 seconds left.\n|\n|t:|1700131891\n|move|p1a: Blissey|Flamethrower|p2a: sunny\n|-damage|p2a: sunny|35\/100\n|-status|p2a: sunny|brn\n|move|p2a: sunny|Psyshock|p1b: Ursaluna\n|-damage|p1b: Ursaluna|41\/100\n|move|p2b: Mewney|Wish|p2b: Mewney\n|move|p1b: Ursaluna|Focus Blast|p2b: Mewney\n|-supereffective|p2b: Mewney\n|-damage|p2b: Mewney|41\/100\n|\n|-heal|p2a: sunny|41\/100 brn|[from] item: Leftovers\n|-heal|p2b: Mewney|47\/100|[from] item: Leftovers\n|-damage|p1a: Blissey|8\/100 tox|[from] psn\n|-damage|p2a: sunny|35\/100 brn|[from] brn\n|upkeep\n|turn|10\n|inactive|Poopinho has 30 seconds left.\n|\n|t:|1700131913\n|move|p1a: Blissey|Flamethrower|p2a: sunny\n|-damage|p2a: sunny|14\/100 brn\n|move|p2a: sunny|Wish|p2a: sunny\n|move|p2b: Mewney|Foul Play|p1a: Blissey\n|-damage|p1a: Blissey|3\/100 tox\n|move|p1b: Ursaluna|Focus Blast|p2b: Mewney\n|-supereffective|p2b: Mewney\n|-damage|p2b: Mewney|7\/100\n|\n|-heal|p2b: Mewney|57\/100|[from] move: Wish|[wisher] Mewney\n|-heal|p2a: sunny|20\/100 brn|[from] item: Leftovers\n|-heal|p2b: Mewney|63\/100|[from] item: Leftovers\n|-damage|p1a: Blissey|0 fnt|[from] psn\n|faint|p1a: Blissey\n|-damage|p2a: sunny|14\/100 brn|[from] brn\n|-sideend|p2: Moonysloony|move: Aurora Veil\n|upkeep\n|inactive|Poopinho has 30 seconds left this turn.\n|\n|t:|1700131920\n|switch|p1a: Ogerpon|Ogerpon-Wellspring, F|100\/100\n|turn|11\n|-message|Poopinho forfeited.\n|\n|win|Moonysloony\n|raw|Poopinho's rating: 1047 &rarr; <strong>1031<\/strong><br \/>(-16 for losing)\n|raw|Moonysloony's rating: 1074 &rarr; <strong>1101<\/strong><br \/>(+27 for winning)\n|l|\u2606Poopinho\n|l|\u2606Moonysloony\n|j|@aQrator@!\n|j|\u2606Poopinho\n|player|p1|Poopinho|dancer\n|l|@aQrator\n|j|@aQrator@!\n|j|+Atlas\n|l|@aQrator\n","uploadtime":1700132359,"views":5,"p1id":"poopinho","p2id":"moonysloony","formatid":"gen9nationaldexdoubles","rating":1031,"private":0,"password":""}