{"id":"gen9nationaldexdoubles-1980315375","p1":"Dagiamo","p2":"Turo's assistant","format":"[Gen 9] National Dex Doubles","log":"|j|\u2606Dagiamo\n|j|\u2606Turo's assistant\n|t:|1698774694\n|gametype|doubles\n|player|p1|Dagiamo|maid|1095\n|player|p2|Turo's assistant|acerola-masters|1229\n|teamsize|p1|6\n|teamsize|p2|6\n|gen|9\n|tier|[Gen 9] National Dex Doubles\n|rated|\n|rule|HP Percentage Mod: HP is shown in percentages\n|rule|Endless Battle Clause: Forcing endless battles is banned\n|rule|OHKO Clause: OHKO moves are banned\n|rule|Evasion Moves Clause: Evasion moves are banned\n|rule|Evasion Abilities Clause: Evasion abilities are banned\n|rule|Species Clause: Limit one of each Pok\u00e9mon\n|rule|Gravity Sleep Clause: The combination of sleep-inducing moves with imperfect accuracy and Gravity or Gigantamax Orbeetle are banned\n|clearpoke\n|poke|p1|Lurantis, F|\n|poke|p1|Grimmsnarl, M|\n|poke|p1|Jolteon, F|\n|poke|p1|Thundurus-Therian, M|\n|poke|p1|Amoonguss, M|\n|poke|p1|Urshifu-*, M|\n|poke|p2|Dusclops, F|\n|poke|p2|Gourgeist-*, F|\n|poke|p2|Cursola, M|\n|poke|p2|Mimikyu, M|\n|poke|p2|Chandelure, F|\n|poke|p2|Banette, M|\n|teampreview\n|inactive|Battle timer is ON: inactive players will automatically lose when time's up. (requested by Turo's assistant)\n|\n|t:|1698774704\n|start\n|switch|p1a: Jolteon|Jolteon, F|100\/100\n|switch|p1b: Thundurus|Thundurus-Therian, M|100\/100\n|switch|p2a: Mimikyu|Mimikyu, M|100\/100\n|switch|p2b: Chandelure|Chandelure, F|100\/100\n|turn|1\n|\n|t:|1698774716\n|move|p1a: Jolteon|Discharge|p2b: Chandelure|[spread] p2a,p2b\n|-immune|p1b: Thundurus|[from] ability: Volt Absorb\n|-activate|p2a: Mimikyu|ability: Disguise\n|-damage|p2a: Mimikyu|100\/100\n|-damage|p2b: Chandelure|74\/100\n|detailschange|p2a: Mimikyu|Mimikyu-Busted, M\n|-damage|p2a: Mimikyu|88\/100|[from] pokemon: Mimikyu-Busted\n|move|p1b: Thundurus|Discharge|p2b: Chandelure|[spread] p2a,p2b\n|-immune|p1a: Jolteon|[from] ability: Volt Absorb\n|-damage|p2a: Mimikyu|44\/100\n|-damage|p2b: Chandelure|29\/100\n|-status|p2a: Mimikyu|par\n|move|p2b: Chandelure|Heat Wave|p1a: Jolteon|[spread] p1a,p1b\n|-damage|p1a: Jolteon|28\/100\n|-damage|p1b: Thundurus|12\/100\n|move|p2a: Mimikyu|Trick Room|p2a: Mimikyu\n|-fieldstart|move: Trick Room|[of] p2a: Mimikyu\n|\n|upkeep\n|turn|2\n|\n|t:|1698774745\n|switch|p1b: Amoonguss|Amoonguss, M|100\/100\n|switch|p1a: Grimmsnarl|Grimmsnarl, M, shiny|100\/100\n|move|p2a: Mimikyu|Swords Dance|p2a: Mimikyu\n|-boost|p2a: Mimikyu|atk|2\n|move|p2b: Chandelure|Heat Wave|p1a: Grimmsnarl|[spread] p1a,p1b\n|-supereffective|p1b: Amoonguss\n|-damage|p1a: Grimmsnarl|47\/100\n|-damage|p1b: Amoonguss|10\/100\n|-status|p1b: Amoonguss|brn\n|\n|-heal|p1b: Amoonguss|16\/100 brn|[from] item: Leftovers\n|-damage|p1b: Amoonguss|10\/100 brn|[from] brn\n|upkeep\n|turn|3\n|inactive|Dagiamo has 120 seconds left.\n|\n|t:|1698774782\n|-terastallize|p2b: Chandelure|Fire\n|move|p1a: Grimmsnarl|Scary Face|p1b: Amoonguss\n|-unboost|p1b: Amoonguss|spe|2\n|move|p1b: Amoonguss|Spore|p2b: Chandelure\n|-status|p2b: Chandelure|slp|[from] move: Spore\n|move|p2a: Mimikyu|Swords Dance|p2a: Mimikyu\n|-boost|p2a: Mimikyu|atk|2\n|cant|p2b: Chandelure|slp\n|\n|-heal|p1b: Amoonguss|16\/100 brn|[from] item: Leftovers\n|-damage|p1b: Amoonguss|10\/100 brn|[from] brn\n|upkeep\n|turn|4\n|\n|t:|1698774796\n|move|p1a: Grimmsnarl|Scary Face|p1b: Amoonguss\n|-unboost|p1b: Amoonguss|spe|2\n|move|p1b: Amoonguss|Synthesis|p1b: Amoonguss\n|-heal|p1b: Amoonguss|60\/100 brn\n|move|p2a: Mimikyu|Shadow Claw|p1b: Amoonguss\n|-damage|p1b: Amoonguss|0 fnt\n|faint|p1b: Amoonguss\n|-damage|p2a: Mimikyu|34\/100 par|[from] item: Life Orb\n|cant|p2b: Chandelure|slp\n|\n|upkeep\n|inactive|Dagiamo has 120 seconds left.\n|\n|t:|1698774815\n|switch|p1b: Urshifu|Urshifu-Rapid-Strike, M|100\/100\n|turn|5\n|\n|t:|1698774828\n|move|p1a: Grimmsnarl|Trick|p2a: Mimikyu\n|-activate|p1a: Grimmsnarl|move: Trick|[of] p2a: Mimikyu\n|-item|p2a: Mimikyu|Ring Target|[from] move: Trick\n|-item|p1a: Grimmsnarl|Life Orb|[from] move: Trick\n|move|p2a: Mimikyu|Play Rough|p1b: Urshifu\n|-supereffective|p1b: Urshifu\n|-damage|p1b: Urshifu|0 fnt\n|faint|p1b: Urshifu\n|cant|p2b: Chandelure|slp\n|\n|-fieldend|move: Trick Room\n|upkeep\n|\n|t:|1698774838\n|switch|p1b: Lurantis|Lurantis, F, shiny|100\/100\n|turn|6\n|\n|t:|1698774847\n|move|p1a: Grimmsnarl|Scary Face|p1b: Lurantis\n|-boost|p1b: Lurantis|spe|2\n|move|p1b: Lurantis|Superpower|p2a: Mimikyu\n|-resisted|p2a: Mimikyu\n|-damage|p2a: Mimikyu|15\/100 par\n|-boost|p1b: Lurantis|atk|1\n|-boost|p1b: Lurantis|def|1\n|-curestatus|p2b: Chandelure|slp|[msg]\n|move|p2b: Chandelure|Heat Wave|p1a: Grimmsnarl|[spread] p1a\n|-miss|p2b: Chandelure|p1b: Lurantis\n|-damage|p1a: Grimmsnarl|0 fnt\n|faint|p1a: Grimmsnarl\n|move|p2a: Mimikyu|Trick Room|p2a: Mimikyu\n|-fieldstart|move: Trick Room|[of] p2a: Mimikyu\n|\n|upkeep\n|\n|t:|1698774861\n|switch|p1a: Jolteon|Jolteon, F|28\/100\n|turn|7\n|\n|t:|1698774877\n|-terastallize|p1b: Lurantis|Fighting\n|move|p2a: Mimikyu|Shadow Claw|p1b: Lurantis\n|-damage|p1b: Lurantis|28\/100\n|move|p2b: Chandelure|Heat Wave|p1b: Lurantis|[spread] p1b\n|-miss|p2b: Chandelure|p1a: Jolteon\n|-damage|p1b: Lurantis|0 fnt\n|faint|p1b: Lurantis\n|move|p1a: Jolteon|Toxic|p2b: Chandelure\n|-status|p2b: Chandelure|tox\n|\n|-damage|p2b: Chandelure|23\/100 tox|[from] psn\n|upkeep\n|\n|t:|1698774888\n|switch|p1b: Thundurus|Thundurus-Therian, M|12\/100\n|turn|8\n|\n|t:|1698774894\n|move|p2a: Mimikyu|Shadow Claw|p1b: Thundurus\n|-damage|p1b: Thundurus|0 fnt\n|faint|p1b: Thundurus\n|move|p2b: Chandelure|Heat Wave|p1a: Jolteon\n|-damage|p1a: Jolteon|0 fnt\n|faint|p1a: Jolteon\n|\n|win|Turo's assistant\n|raw|Dagiamo's rating: 1095 &rarr; <strong>1080<\/strong><br \/>(-15 for losing)\n|raw|Turo&apos;s assistant's rating: 1229 &rarr; <strong>1245<\/strong><br \/>(+16 for winning)\n|c|\u2606Dagiamo|gg\n|l|\u2606Dagiamo\n|c|\u2606Turo's assistant|Ggs\n","uploadtime":1698774900,"views":11,"p1id":"dagiamo","p2id":"turosassistant","formatid":"gen9nationaldexdoubles","rating":1080,"private":0,"password":""}