{"id":"gen9nationaldexdoubles-1963126722","p1":"Denvah_17","p2":"Rhyszznnccvv","format":"[Gen 9] National Dex Doubles","log":"|j|\u2606Denvah_17\n|j|\u2606Rhyszznnccvv\n|t:|1696830113\n|gametype|doubles\n|player|p1|Denvah_17|alder|1061\n|player|p2|Rhyszznnccvv|1|1103\n|teamsize|p1|6\n|teamsize|p2|6\n|gen|9\n|tier|[Gen 9] National Dex Doubles\n|rated|\n|rule|HP Percentage Mod: HP is shown in percentages\n|rule|Endless Battle Clause: Forcing endless battles is banned\n|rule|OHKO Clause: OHKO moves are banned\n|rule|Evasion Moves Clause: Evasion moves are banned\n|rule|Evasion Abilities Clause: Evasion abilities are banned\n|rule|Species Clause: Limit one of each Pok\u00e9mon\n|rule|Gravity Sleep Clause: The combination of sleep-inducing moves with imperfect accuracy and Gravity or Gigantamax Orbeetle are banned\n|clearpoke\n|poke|p1|Sinistcha-Masterpiece|\n|poke|p1|Enamorus, F|\n|poke|p1|Okidogi, M|\n|poke|p1|Volcanion|\n|poke|p1|Scizor, F|\n|poke|p1|Ursaluna-Bloodmoon, M|\n|poke|p2|Reuniclus, F|\n|poke|p2|Zapdos-Galar|\n|poke|p2|Porygon-Z|\n|poke|p2|Skarmory, M|\n|poke|p2|Basculegion, M|\n|poke|p2|Grimmsnarl, M|\n|teampreview\n|inactive|Battle timer is ON: inactive players will automatically lose when time's up. (requested by Denvah_17)\n|\n|t:|1696830130\n|start\n|switch|p1a: Sonria|Enamorus, F|100\/100\n|switch|p1b: Grass Latte|Sinistcha-Masterpiece|100\/100\n|switch|p2a: Grimmsnarl|Grimmsnarl, M|100\/100\n|switch|p2b: Zapdos|Zapdos-Galar|100\/100\n|turn|1\n|inactive|Denvah_17 has 120 seconds left.\n|\n|t:|1696830167\n|switch|p2b: Skarmory|Skarmory, M|100\/100\n|move|p2a: Grimmsnarl|Taunt|p1a: Sonria\n|-start|p1a: Sonria|move: Taunt\n|move|p1a: Sonria|Superpower|p2a: Grimmsnarl\n|-damage|p2a: Grimmsnarl|53\/100\n|-boost|p1a: Sonria|atk|1\n|-boost|p1a: Sonria|def|1\n|move|p1b: Grass Latte|Strength Sap|p2b: Skarmory\n|-unboost|p2b: Skarmory|atk|1\n|\n|upkeep\n|turn|2\n|inactive|Denvah_17 has 120 seconds left.\n|\n|t:|1696830195\n|move|p2a: Grimmsnarl|Reflect|p2a: Grimmsnarl\n|-sidestart|p2: Rhyszznnccvv|Reflect\n|move|p1a: Sonria|Superpower|p2b: Skarmory\n|-damage|p2b: Skarmory|78\/100\n|-boost|p1a: Sonria|atk|1\n|-boost|p1a: Sonria|def|1\n|-damage|p1a: Sonria|84\/100|[from] item: Rocky Helmet|[of] p2b: Skarmory\n|move|p1b: Grass Latte|Matcha Gotcha|p2b: Skarmory|[spread] p2a,p2b\n|-resisted|p2b: Skarmory\n|-damage|p2a: Grimmsnarl|35\/100\n|-damage|p2b: Skarmory|70\/100\n|-status|p2a: Grimmsnarl|brn\n|move|p2b: Skarmory|Whirlwind|p1a: Sonria\n|drag|p1a: Saxophone|Volcanion|100\/100\n|\n|-damage|p2a: Grimmsnarl|29\/100 brn|[from] brn\n|upkeep\n|turn|3\n|inactive|Denvah_17 has 120 seconds left.\n|inactive|Rhyszznnccvv has 120 seconds left.\n|\n|t:|1696830232\n|switch|p2b: Reuniclus|Reuniclus, F|100\/100\n|switch|p1a: Sonria|Enamorus, F|84\/100\n|move|p2a: Grimmsnarl|Light Screen|p2a: Grimmsnarl\n|-sidestart|p2: Rhyszznnccvv|move: Light Screen\n|move|p1b: Grass Latte|Strength Sap|p1a: Sonria\n|-boost|p1a: Sonria|atk|1\n|\n|-damage|p2a: Grimmsnarl|23\/100 brn|[from] brn\n|upkeep\n|turn|4\n|inactive|Rhyszznnccvv has 120 seconds left.\n|inactive|Denvah_17 has 120 seconds left.\n|\n|t:|1696830262\n|switch|p2a: Skarmory|Skarmory, M|70\/100\n|move|p1a: Sonria|Play Rough|p2a: Skarmory\n|-resisted|p2a: Skarmory\n|-damage|p2a: Skarmory|58\/100\n|-unboost|p2a: Skarmory|atk|1\n|-damage|p1a: Sonria|67\/100|[from] item: Rocky Helmet|[of] p2a: Skarmory\n|move|p1b: Grass Latte|Matcha Gotcha|p2a: Skarmory|[spread] p2a,p2b\n|-resisted|p2a: Skarmory\n|-crit|p2a: Skarmory\n|-damage|p2a: Skarmory|45\/100\n|-damage|p2b: Reuniclus|90\/100\n|-status|p2a: Skarmory|brn\n|move|p2b: Reuniclus|Flash Cannon|p1a: Sonria\n|-supereffective|p1a: Sonria\n|-damage|p1a: Sonria|15\/100\n|-damage|p2b: Reuniclus|80\/100|[from] item: Life Orb\n|\n|-damage|p2a: Skarmory|39\/100 brn|[from] brn\n|upkeep\n|turn|5\n|inactive|Denvah_17 has 120 seconds left.\n|\n|t:|1696830293\n|move|p1a: Sonria|Fly||[still]\n|-prepare|p1a: Sonria|Fly\n|move|p2a: Skarmory|Roost|p2a: Skarmory\n|-heal|p2a: Skarmory|89\/100 brn\n|-singleturn|p2a: Skarmory|move: Roost\n|move|p1b: Grass Latte|Calm Mind|p1b: Grass Latte\n|-boost|p1b: Grass Latte|spa|1\n|-boost|p1b: Grass Latte|spd|1\n|move|p2b: Reuniclus|Trick Room|p2b: Reuniclus\n|-fieldstart|move: Trick Room|[of] p2b: Reuniclus\n|\n|-damage|p2a: Skarmory|83\/100 brn|[from] brn\n|upkeep\n|turn|6\n|inactive|Denvah_17 has 120 seconds left.\n|\n|t:|1696830314\n|move|p2b: Reuniclus|Protect|p2b: Reuniclus\n|-singleturn|p2b: Reuniclus|Protect\n|move|p1b: Grass Latte|Hex|p2b: Reuniclus\n|-activate|p2b: Reuniclus|move: Protect\n|move|p1a: Sonria|Fly|p2b: Reuniclus|[from]lockedmove\n|-activate|p2b: Reuniclus|move: Protect\n|move|p2a: Skarmory|Whirlwind|p1b: Grass Latte\n|drag|p1b: Sudafed|Scizor, F|100\/100\n|\n|-damage|p2a: Skarmory|77\/100 brn|[from] brn\n|upkeep\n|turn|7\n|\n|t:|1696830339\n|switch|p2b: Grimmsnarl|Grimmsnarl, M|23\/100 brn\n|detailschange|p1b: Sudafed|Scizor-Mega, F\n|-mega|p1b: Sudafed|Scizor|Scizorite\n|move|p2a: Skarmory|Toxic|p1a: Sonria|[miss]\n|-miss|p2a: Skarmory|p1a: Sonria\n|move|p1b: Sudafed|Bug Bite|p2b: Grimmsnarl\n|-damage|p2b: Grimmsnarl|0 fnt\n|faint|p2b: Grimmsnarl\n|move|p1a: Sonria|Play Rough|p2a: Skarmory\n|-resisted|p2a: Skarmory\n|-damage|p2a: Skarmory|65\/100 brn\n|-damage|p1a: Sonria|0 fnt|[from] item: Rocky Helmet|[of] p2a: Skarmory\n|faint|p1a: Sonria\n|\n|-damage|p2a: Skarmory|59\/100 brn|[from] brn\n|upkeep\n|\n|t:|1696830360\n|switch|p2b: Reuniclus|Reuniclus, F|80\/100\n|switch|p1a: Grass Latte|Sinistcha-Masterpiece|100\/100\n|turn|8\n|\n|t:|1696830383\n|move|p2b: Reuniclus|Protect|p2b: Reuniclus\n|-singleturn|p2b: Reuniclus|Protect\n|move|p1a: Grass Latte|Calm Mind|p1a: Grass Latte\n|-boost|p1a: Grass Latte|spa|1\n|-boost|p1a: Grass Latte|spd|1\n|move|p2a: Skarmory|Toxic|p1a: Grass Latte\n|-status|p1a: Grass Latte|tox\n|move|p1b: Sudafed|Swords Dance|p1b: Sudafed\n|-boost|p1b: Sudafed|atk|2\n|\n|-damage|p1a: Grass Latte|94\/100 tox|[from] psn\n|-damage|p2a: Skarmory|53\/100 brn|[from] brn\n|upkeep\n|turn|9\n|\n|t:|1696830407\n|move|p2b: Reuniclus|Psychic|p1a: Grass Latte\n|-damage|p1a: Grass Latte|57\/100 tox\n|-damage|p2b: Reuniclus|70\/100|[from] item: Life Orb\n|move|p1a: Grass Latte|Hex|p2a: Skarmory\n|-damage|p2a: Skarmory|0 fnt\n|faint|p2a: Skarmory\n|move|p1b: Sudafed|Bug Bite|p2b: Reuniclus\n|-supereffective|p2b: Reuniclus\n|-damage|p2b: Reuniclus|0 fnt\n|faint|p2b: Reuniclus\n|\n|-damage|p1a: Grass Latte|45\/100 tox|[from] psn\n|-sideend|p2: Rhyszznnccvv|Reflect\n|-fieldend|move: Trick Room\n|upkeep\n|\n|t:|1696830417\n|switch|p2a: Zapdos|Zapdos-Galar|100\/100\n|switch|p2b: Porygon-Z|Porygon-Z|100\/100\n|turn|10\n|\n|t:|1696830432\n|move|p1b: Sudafed|Bullet Punch|p2b: Porygon-Z\n|-damage|p2b: Porygon-Z|0 fnt\n|faint|p2b: Porygon-Z\n|move|p2a: Zapdos|Blaze Kick|p1b: Sudafed\n|-supereffective|p1b: Sudafed\n|-damage|p1b: Sudafed|0 fnt\n|faint|p1b: Sudafed\n|move|p1a: Grass Latte|Strength Sap|p2a: Zapdos\n|-unboost|p2a: Zapdos|atk|1\n|-ability|p2a: Zapdos|Defiant|boost\n|-boost|p2a: Zapdos|atk|2\n|-heal|p1a: Grass Latte|100\/100 tox\n|\n|-damage|p1a: Grass Latte|82\/100 tox|[from] psn\n|-sideend|p2: Rhyszznnccvv|move: Light Screen\n|upkeep\n|\n|t:|1696830455\n|switch|p2b: Basculegion|Basculegion, M|100\/100\n|switch|p1b: Saxophone|Volcanion|100\/100\n|turn|11\n|\n|t:|1696830476\n|-terastallize|p1a: Grass Latte|Grass\n|move|p2a: Zapdos|Blaze Kick|p1a: Grass Latte\n|-supereffective|p1a: Grass Latte\n|-damage|p1a: Grass Latte|0 fnt\n|faint|p1a: Grass Latte\n|move|p2b: Basculegion|Last Respects|p1b: Saxophone\n|-damage|p1b: Saxophone|0 fnt\n|faint|p1b: Saxophone\n|-damage|p2b: Basculegion|91\/100|[from] item: Life Orb\n|\n|upkeep\n|\n|t:|1696830486\n|switch|p1b: Xi Jinping|Ursaluna-Bloodmoon, M|100\/100\n|switch|p1a: Dogecoin|Okidogi, M|100\/100\n|turn|12\n|inactive|Rhyszznnccvv has 120 seconds left.\n|\n|t:|1696830519\n|-terastallize|p2b: Basculegion|Fairy\n|move|p2a: Zapdos|Blaze Kick|p1b: Xi Jinping\n|-damage|p1b: Xi Jinping|57\/100\n|move|p1a: Dogecoin|Ice Punch|p2a: Zapdos\n|-supereffective|p2a: Zapdos\n|-crit|p2a: Zapdos\n|-damage|p2a: Zapdos|0 fnt\n|faint|p2a: Zapdos\n|move|p2b: Basculegion|Last Respects|p1a: Dogecoin\n|-damage|p1a: Dogecoin|0 fnt\n|faint|p1a: Dogecoin\n|-damage|p2b: Basculegion|81\/100|[from] item: Life Orb\n|move|p1b: Xi Jinping|Blood Moon|p2b: Basculegion\n|-damage|p2b: Basculegion|0 fnt\n|faint|p2b: Basculegion\n|\n|win|Denvah_17\n|raw|Denvah_17's rating: 1061 &rarr; <strong>1096<\/strong><br \/>(+35 for winning)\n|raw|Rhyszznnccvv's rating: 1103 &rarr; <strong>1075<\/strong><br \/>(-28 for losing)\n|l|\u2606Rhyszznnccvv\n","uploadtime":1696830538,"views":10,"p1id":"denvah17","p2id":"rhyszznnccvv","formatid":"gen9nationaldexdoubles","rating":1075,"private":0,"password":""}