{"id":"gen9nationaldexdoubles-1953247876","p1":"HellaBackWoods909","p2":"Vixen 4 Life","format":"[Gen 9] National Dex Doubles","log":"|j|\u2606HellaBackWoods909\n|j|\u2606Vixen 4 Life\n|t:|1695766749\n|gametype|doubles\n|player|p1|HellaBackWoods909|101|1289\n|player|p2|Vixen 4 Life|penny|1530\n|teamsize|p1|6\n|teamsize|p2|6\n|gen|9\n|tier|[Gen 9] National Dex Doubles\n|rated|\n|rule|HP Percentage Mod: HP is shown in percentages\n|rule|Endless Battle Clause: Forcing endless battles is banned\n|rule|OHKO Clause: OHKO moves are banned\n|rule|Evasion Moves Clause: Evasion moves are banned\n|rule|Evasion Abilities Clause: Evasion abilities are banned\n|rule|Species Clause: Limit one of each Pok\u00e9mon\n|rule|Gravity Sleep Clause: The combination of sleep-inducing moves with imperfect accuracy and Gravity or Gigantamax Orbeetle are banned\n|clearpoke\n|poke|p1|Grimmsnarl, M|\n|poke|p1|Flutter Mane|\n|poke|p1|Sceptile, F|\n|poke|p1|Uxie|\n|poke|p1|Chi-Yu|\n|poke|p1|Chien-Pao|\n|poke|p2|Okidogi, M|\n|poke|p2|Roaring Moon|\n|poke|p2|Rillaboom, F|\n|poke|p2|Chien-Pao|\n|poke|p2|Shiftry, F|\n|poke|p2|Gyarados, F|\n|teampreview\n|\n|t:|1695766757\n|start\n|switch|p1a: Chien-Pao|Chien-Pao|100\/100\n|switch|p1b: Chi-Yu|Chi-Yu|100\/100\n|switch|p2a: Shiftry|Shiftry, F|100\/100\n|switch|p2b: Gyarados|Gyarados, F|100\/100\n|-ability|p1a: Chien-Pao|Sword of Ruin\n|-ability|p1b: Chi-Yu|Beads of Ruin\n|-ability|p2b: Gyarados|Intimidate|boost\n|-unboost|p1a: Chien-Pao|atk|1\n|-unboost|p1b: Chi-Yu|atk|1\n|-enditem|p1b: Chi-Yu|Eject Pack\n|\n|t:|1695766763\n|switch|p1b: Flutter Mane|Flutter Mane|100\/100\n|turn|1\n|\n|t:|1695766771\n|switch|p2a: Okidogi|Okidogi, M|100\/100\n|move|p1b: Flutter Mane|Dazzling Gleam|p2b: Gyarados|[spread] p2a,p2b\n|-damage|p2a: Okidogi|52\/100\n|-damage|p2b: Gyarados|65\/100\n|move|p1a: Chien-Pao|Sacred Sword|p2a: Okidogi\n|-resisted|p2a: Okidogi\n|-crit|p2a: Okidogi\n|-damage|p2a: Okidogi|28\/100\n|move|p2b: Gyarados|Thunder Wave|p1a: Chien-Pao\n|-status|p1a: Chien-Pao|par\n|\n|-heal|p2a: Okidogi|34\/100|[from] item: Leftovers\n|upkeep\n|turn|2\n|\n|t:|1695766785\n|switch|p1a: Uxie|Uxie|100\/100\n|move|p2a: Okidogi|Protect|p2a: Okidogi\n|-singleturn|p2a: Okidogi|Protect\n|move|p1b: Flutter Mane|Dazzling Gleam|p2b: Gyarados|[spread] p2b\n|-activate|p2a: Okidogi|move: Protect\n|-damage|p2b: Gyarados|29\/100\n|move|p2b: Gyarados|Thunder Wave|p1b: Flutter Mane\n|-status|p1b: Flutter Mane|par\n|\n|-heal|p2a: Okidogi|40\/100|[from] item: Leftovers\n|upkeep\n|turn|3\n|\n|t:|1695766799\n|move|p1a: Uxie|Heal Bell|p1a: Uxie\n|-activate|p1a: Uxie|move: Heal Bell\n|-curestatus|p1b: Flutter Mane|par|[msg]\n|-curestatus|p1: Chien-Pao|par|[msg]\n|move|p1b: Flutter Mane|Dazzling Gleam|p2a: Okidogi|[spread] p2a,p2b\n|-damage|p2a: Okidogi|0 fnt\n|-damage|p2b: Gyarados|0 fnt\n|faint|p2a: Okidogi\n|faint|p2b: Gyarados\n|\n|upkeep\n|\n|t:|1695766803\n|switch|p2b: Shiftry|Shiftry, F|100\/100\n|switch|p2a: Roaring Moon|Roaring Moon|100\/100\n|-enditem|p2a: Roaring Moon|Booster Energy\n|-activate|p2a: Roaring Moon|ability: Protosynthesis|[fromitem]\n|-start|p2a: Roaring Moon|protosynthesisspe\n|turn|4\n|\n|t:|1695766810\n|-terastallize|p2b: Shiftry|Fire\n|move|p2a: Roaring Moon|Tailwind|p2a: Roaring Moon\n|-sidestart|p2: Vixen 4 Life|move: Tailwind\n|-ability|p2b: Shiftry|Wind Rider|boost\n|-boost|p2b: Shiftry|atk|1\n|move|p2b: Shiftry|Knock Off|p1a: Uxie\n|-supereffective|p1a: Uxie\n|-damage|p1a: Uxie|0 fnt\n|-enditem|p1a: Uxie|Iapapa Berry|[from] move: Knock Off|[of] p2b: Shiftry\n|faint|p1a: Uxie\n|move|p1b: Flutter Mane|Dazzling Gleam|p2b: Shiftry|[spread] p2a,p2b\n|-supereffective|p2a: Roaring Moon\n|-crit|p2a: Roaring Moon\n|-resisted|p2b: Shiftry\n|-damage|p2a: Roaring Moon|0 fnt\n|-damage|p2b: Shiftry|64\/100\n|faint|p2a: Roaring Moon\n|-end|p2a: Roaring Moon|Protosynthesis|[silent]\n|\n|-heal|p2b: Shiftry|70\/100|[from] item: Leftovers\n|upkeep\n|\n|t:|1695766824\n|switch|p2a: Rillaboom|Rillaboom, F|100\/100\n|switch|p1a: Chi-Yu|Chi-Yu|100\/100\n|-fieldstart|move: Grassy Terrain|[from] ability: Grassy Surge|[of] p2a: Rillaboom\n|-ability|p1a: Chi-Yu|Beads of Ruin\n|turn|5\n|\n|t:|1695766831\n|move|p2a: Rillaboom|Fake Out|p1a: Chi-Yu\n|-damage|p1a: Chi-Yu|76\/100\n|move|p2b: Shiftry|Knock Off|p1b: Flutter Mane\n|-damage|p1b: Flutter Mane|0 fnt\n|-enditem|p1b: Flutter Mane|Choice Specs|[from] move: Knock Off|[of] p2b: Shiftry\n|faint|p1b: Flutter Mane\n|-end|p1b: Flutter Mane|Protosynthesis|[silent]\n|cant|p1a: Chi-Yu|flinch\n|\n|-heal|p2b: Shiftry|76\/100|[from] Grassy Terrain\n|-heal|p2b: Shiftry|82\/100|[from] item: Leftovers\n|-heal|p1a: Chi-Yu|82\/100|[from] Grassy Terrain\n|upkeep\n|\n|t:|1695766843\n|switch|p1b: Grimmsnarl|Grimmsnarl, M|100\/100\n|turn|6\n|\n|t:|1695766859\n|move|p1b: Grimmsnarl|Reflect|p1b: Grimmsnarl\n|-sidestart|p1: HellaBackWoods909|Reflect\n|move|p2b: Shiftry|Leaf Blade|p1a: Chi-Yu\n|-resisted|p1a: Chi-Yu\n|-damage|p1a: Chi-Yu|40\/100\n|move|p2a: Rillaboom|Wood Hammer|p1a: Chi-Yu\n|-resisted|p1a: Chi-Yu\n|-damage|p1a: Chi-Yu|0 fnt\n|faint|p1a: Chi-Yu\n|-damage|p2a: Rillaboom|92\/100|[from] Recoil\n|\n|-heal|p2b: Shiftry|89\/100|[from] Grassy Terrain\n|-heal|p2b: Shiftry|95\/100|[from] item: Leftovers\n|-heal|p2a: Rillaboom|99\/100|[from] Grassy Terrain\n|upkeep\n|\n|t:|1695766867\n|switch|p1a: Chien-Pao|Chien-Pao|100\/100\n|-ability|p1a: Chien-Pao|Sword of Ruin\n|turn|7\n|\n|t:|1695766879\n|move|p1a: Chien-Pao|Ice Shard|p2a: Rillaboom\n|-supereffective|p2a: Rillaboom\n|-damage|p2a: Rillaboom|53\/100\n|move|p2b: Shiftry|Will-O-Wisp|p1a: Chien-Pao\n|-status|p1a: Chien-Pao|brn\n|move|p2a: Rillaboom|U-turn|p1a: Chien-Pao\n|-supereffective|p1a: Chien-Pao\n|-damage|p1a: Chien-Pao|56\/100 brn\n|\n|t:|1695766888\n|switch|p2a: Chien-Pao|Chien-Pao|100\/100|[from] U-turn\n|-ability|p2a: Chien-Pao|Sword of Ruin\n|move|p1b: Grimmsnarl|Spirit Break|p2a: Chien-Pao\n|-supereffective|p2a: Chien-Pao\n|-damage|p2a: Chien-Pao|13\/100\n|-unboost|p2a: Chien-Pao|spa|1\n|\n|-heal|p2a: Chien-Pao|19\/100|[from] Grassy Terrain\n|-heal|p2b: Shiftry|100\/100|[from] Grassy Terrain\n|-heal|p1a: Chien-Pao|62\/100 brn|[from] Grassy Terrain\n|-damage|p1a: Chien-Pao|56\/100 brn|[from] brn\n|-sideend|p2: Vixen 4 Life|move: Tailwind\n|upkeep\n|turn|8\n|\n|t:|1695766896\n|move|p2a: Chien-Pao|Protect|p2a: Chien-Pao\n|-singleturn|p2a: Chien-Pao|Protect\n|move|p1a: Chien-Pao|Ice Shard|p2a: Chien-Pao\n|-activate|p2a: Chien-Pao|move: Protect\n|move|p2b: Shiftry|Will-O-Wisp|p1b: Grimmsnarl\n|-status|p1b: Grimmsnarl|brn\n|move|p1b: Grimmsnarl|Spirit Break|p2a: Chien-Pao\n|-activate|p2a: Chien-Pao|move: Protect\n|\n|-heal|p1a: Chien-Pao|62\/100 brn|[from] Grassy Terrain\n|-heal|p2a: Chien-Pao|25\/100|[from] Grassy Terrain\n|-damage|p1a: Chien-Pao|56\/100 brn|[from] brn\n|-damage|p1b: Grimmsnarl|94\/100 brn|[from] brn\n|upkeep\n|turn|9\n|\n|t:|1695766913\n|move|p1a: Chien-Pao|Ice Shard|p2a: Chien-Pao\n|-resisted|p2a: Chien-Pao\n|-damage|p2a: Chien-Pao|18\/100\n|move|p2a: Chien-Pao|Lash Out|p1a: Chien-Pao\n|-resisted|p1a: Chien-Pao\n|-damage|p1a: Chien-Pao|41\/100 brn\n|move|p2b: Shiftry|Tera Blast|p1a: Chien-Pao|[anim] Tera Blast Fire\n|-supereffective|p1a: Chien-Pao\n|-damage|p1a: Chien-Pao|0 fnt\n|faint|p1a: Chien-Pao\n|move|p1b: Grimmsnarl|Spirit Break|p2a: Chien-Pao\n|-supereffective|p2a: Chien-Pao\n|-damage|p2a: Chien-Pao|0 fnt\n|faint|p2a: Chien-Pao\n|\n|-heal|p1b: Grimmsnarl|100\/100 brn|[from] Grassy Terrain\n|-damage|p1b: Grimmsnarl|94\/100 brn|[from] brn\n|-fieldend|move: Grassy Terrain\n|upkeep\n|\n|t:|1695766925\n|switch|p2a: Rillaboom|Rillaboom, F|53\/100\n|switch|p1a: Sceptile|Sceptile, F|100\/100\n|-fieldstart|move: Grassy Terrain|[from] ability: Grassy Surge|[of] p2a: Rillaboom\n|turn|10\n|\n|t:|1695766934\n|detailschange|p1a: Sceptile|Sceptile-Mega, F\n|-mega|p1a: Sceptile|Sceptile|Sceptilite\n|move|p2a: Rillaboom|Fake Out|p1a: Sceptile\n|-damage|p1a: Sceptile|85\/100\n|move|p1b: Grimmsnarl|Light Screen|p1b: Grimmsnarl\n|-sidestart|p1: HellaBackWoods909|move: Light Screen\n|cant|p1a: Sceptile|flinch\n|move|p2b: Shiftry|Tera Blast|p1a: Sceptile|[anim] Tera Blast Fire\n|-damage|p1a: Sceptile|21\/100\n|\n|-heal|p1a: Sceptile|28\/100|[from] Grassy Terrain\n|-heal|p2a: Rillaboom|60\/100|[from] Grassy Terrain\n|-heal|p1b: Grimmsnarl|100\/100 brn|[from] Grassy Terrain\n|-damage|p1b: Grimmsnarl|94\/100 brn|[from] brn\n|upkeep\n|turn|11\n|\n|t:|1695766949\n|move|p1a: Sceptile|Hidden Power|p2a: Rillaboom\n|-supereffective|p2a: Rillaboom\n|-damage|p2a: Rillaboom|23\/100\n|move|p2b: Shiftry|Leaf Blade|p1b: Grimmsnarl\n|-damage|p1b: Grimmsnarl|24\/100 brn\n|move|p2a: Rillaboom|U-turn|p1a: Sceptile\n|-supereffective|p1a: Sceptile\n|-damage|p1a: Sceptile|0 fnt\n|faint|p1a: Sceptile\n|move|p1b: Grimmsnarl|Spirit Break|p2a: Rillaboom\n|-damage|p2a: Rillaboom|9\/100\n|-unboost|p2a: Rillaboom|spa|1\n|\n|-heal|p2a: Rillaboom|15\/100|[from] Grassy Terrain\n|-heal|p1b: Grimmsnarl|30\/100 brn|[from] Grassy Terrain\n|-damage|p1b: Grimmsnarl|24\/100 brn|[from] brn\n|upkeep\n|turn|12\n|j| breadban\n|\n|t:|1695766963\n|move|p2a: Rillaboom|Grassy Glide|p1b: Grimmsnarl\n|-damage|p1b: Grimmsnarl|0 fnt\n|faint|p1b: Grimmsnarl\n|\n|win|Vixen 4 Life\n|raw|HellaBackWoods909's rating: 1289 &rarr; <strong>1279<\/strong><br \/>(-10 for losing)\n|raw|Vixen 4 Life's rating: 1530 &rarr; <strong>1538<\/strong><br \/>(+8 for winning)\n|c|\u2606Vixen 4 Life|Gg\n|l| breadban\n","uploadtime":1695766986,"views":9,"p1id":"hellabackwoods909","p2id":"vixen4life","formatid":"gen9nationaldexdoubles","rating":1279,"private":0,"password":""}