{"id":"gen9nationaldexdoubles-1983080405","p1":"lamebagels","p2":"DryCranberri","format":"[Gen 9] National Dex Doubles","log":"|j|\u2606lamebagels\n|j|\u2606DryCranberri\n|t:|1699081482\n|gametype|doubles\n|player|p1|lamebagels|molayne|1098\n|player|p2|DryCranberri|hilbert|1047\n|teamsize|p1|6\n|teamsize|p2|6\n|gen|9\n|tier|[Gen 9] National Dex Doubles\n|rated|\n|rule|HP Percentage Mod: HP is shown in percentages\n|rule|Endless Battle Clause: Forcing endless battles is banned\n|rule|OHKO Clause: OHKO moves are banned\n|rule|Evasion Moves Clause: Evasion moves are banned\n|rule|Evasion Abilities Clause: Evasion abilities are banned\n|rule|Species Clause: Limit one of each Pok\u00e9mon\n|rule|Gravity Sleep Clause: The combination of sleep-inducing moves with imperfect accuracy and Gravity or Gigantamax Orbeetle are banned\n|clearpoke\n|poke|p1|Vivillon-Pokeball, M|\n|poke|p1|Torracat, F|\n|poke|p1|Tyranitar, F|\n|poke|p1|Goodra-Hisui, F|\n|poke|p1|Zapdos-Galar|\n|poke|p1|Cresselia, F|\n|poke|p2|Sandslash-Alola, M|\n|poke|p2|Toxapex, M|\n|poke|p2|Volcarona, M|\n|poke|p2|Excadrill, M|\n|poke|p2|Mandibuzz, F|\n|poke|p2|Ninetales-Alola, F|\n|teampreview\n|\n|t:|1699081490\n|start\n|switch|p1a: regina|Goodra-Hisui, F, shiny|100\/100\n|switch|p1b: smokey|Torracat, F|100\/100\n|switch|p2a: Sonic|Sandslash-Alola, M, shiny|100\/100\n|switch|p2b: Ninetales|Ninetales-Alola, F, shiny|100\/100\n|-weather|Snow|[from] ability: Snow Warning|[of] p2b: Ninetales\n|-ability|p1b: smokey|Intimidate|boost\n|-unboost|p2a: Sonic|atk|1\n|-unboost|p2b: Ninetales|atk|1\n|turn|1\n|\n|t:|1699081523\n|switch|p2a: Excadrill|Excadrill, M, shiny|100\/100\n|-ability|p2a: Excadrill|Mold Breaker\n|switch|p1b: shyranitar|Tyranitar, F|100\/100\n|-weather|Sandstorm|[from] ability: Sand Stream|[of] p1b: shyranitar\n|move|p2b: Ninetales|Aurora Veil||[still]\n|-fail|p2b: Ninetales\n|move|p1a: regina|Shelter|p1a: regina\n|-boost|p1a: regina|def|2\n|\n|-weather|Sandstorm|[upkeep]\n|-damage|p2b: Ninetales|95\/100|[from] Sandstorm\n|upkeep\n|turn|2\n|\n|t:|1699081542\n|move|p2b: Ninetales|Protect|p2b: Ninetales\n|-singleturn|p2b: Ninetales|Protect\n|move|p2a: Excadrill|Earthquake|p1a: regina|[spread] p1a,p1b\n|-activate|p2b: Ninetales|move: Protect\n|-supereffective|p1a: regina\n|-supereffective|p1b: shyranitar\n|-damage|p1a: regina|60\/100\n|-damage|p1b: shyranitar|37\/100\n|move|p1b: shyranitar|Knock Off|p2a: Excadrill\n|-damage|p2a: Excadrill|30\/100\n|-enditem|p2a: Excadrill|Choice Scarf|[from] move: Knock Off|[of] p1b: shyranitar\n|move|p1a: regina|Knock Off|p2b: Ninetales\n|-activate|p2b: Ninetales|move: Protect\n|\n|-weather|Sandstorm|[upkeep]\n|-damage|p2b: Ninetales|89\/100|[from] Sandstorm\n|upkeep\n|turn|3\n|\n|t:|1699081564\n|switch|p1b: poli|Vivillon-Pokeball, M|100\/100\n|move|p2b: Ninetales|Protect|p2b: Ninetales\n|-singleturn|p2b: Ninetales|Protect\n|move|p2a: Excadrill|Earthquake|p1b: poli|[spread] p1a\n|-activate|p2b: Ninetales|move: Protect\n|-immune|p1b: poli\n|-supereffective|p1a: regina\n|-damage|p1a: regina|21\/100\n|move|p1a: regina|Shelter|p1a: regina\n|-boost|p1a: regina|def|2\n|\n|-weather|Sandstorm|[upkeep]\n|-damage|p2b: Ninetales|83\/100|[from] Sandstorm\n|-damage|p1b: poli|95\/100|[from] Sandstorm\n|upkeep\n|turn|4\n|\n|t:|1699081592\n|move|p2b: Ninetales|Moonblast|p1a: regina\n|-damage|p1a: regina|9\/100\n|-unboost|p1a: regina|spa|1\n|move|p1b: poli|Pollen Puff|p1a: regina\n|-heal|p1a: regina|59\/100\n|move|p2a: Excadrill|Rock Slide|p1a: regina|[spread] p1a,p1b\n|-resisted|p1a: regina\n|-supereffective|p1b: poli\n|-damage|p1a: regina|55\/100\n|-damage|p1b: poli|0 fnt\n|faint|p1b: poli\n|move|p1a: regina|Body Press|p2a: Excadrill\n|-supereffective|p2a: Excadrill\n|-damage|p2a: Excadrill|0 fnt\n|faint|p2a: Excadrill\n|-damage|p1a: regina|45\/100|[from] item: Life Orb\n|\n|-weather|Sandstorm|[upkeep]\n|-damage|p2b: Ninetales|77\/100|[from] Sandstorm\n|upkeep\n|\n|t:|1699081615\n|switch|p1b: mon 5-25|Cresselia, F, shiny|100\/100\n|switch|p2a: Volcarona|Volcarona, M, shiny|100\/100\n|turn|5\n|\n|t:|1699081628\n|move|p1b: mon 5-25|Ally Switch|p1b: mon 5-25\n|swap|p1b: mon 5-25|0|[from] move: Ally Switch\n|move|p2b: Ninetales|Freeze-Dry|p1a: mon 5-25\n|-damage|p1a: mon 5-25|90\/100\n|move|p2a: Volcarona|Bug Buzz|p1b: regina\n|-resisted|p1b: regina\n|-damage|p1b: regina|31\/100\n|move|p1b: regina|Knock Off|p2a: Volcarona\n|-damage|p2a: Volcarona|54\/100\n|-enditem|p2a: Volcarona|Heavy-Duty Boots|[from] move: Knock Off|[of] p1b: regina\n|-damage|p1b: regina|21\/100|[from] item: Life Orb\n|\n|-weather|none\n|-heal|p1a: mon 5-25|96\/100|[from] item: Leftovers\n|upkeep\n|turn|6\n|\n|t:|1699081646\n|switch|p1b: shyranitar|Tyranitar, F|37\/100\n|-weather|Sandstorm|[from] ability: Sand Stream|[of] p1b: shyranitar\n|move|p2b: Ninetales|Protect|p2b: Ninetales\n|-singleturn|p2b: Ninetales|Protect\n|move|p1a: mon 5-25|Ally Switch|p1a: mon 5-25\n|swap|p1a: mon 5-25|1|[from] move: Ally Switch\n|move|p2a: Volcarona|Bug Buzz|p1b: mon 5-25\n|-supereffective|p1b: mon 5-25\n|-damage|p1b: mon 5-25|49\/100\n|\n|-weather|Sandstorm|[upkeep]\n|-damage|p2b: Ninetales|71\/100|[from] Sandstorm\n|-damage|p2a: Volcarona|47\/100|[from] Sandstorm\n|-damage|p1b: mon 5-25|43\/100|[from] Sandstorm\n|-heal|p1b: mon 5-25|49\/100|[from] item: Leftovers\n|upkeep\n|turn|7\n|\n|t:|1699081681\n|move|p2b: Ninetales|Moonblast|p1a: shyranitar\n|-supereffective|p1a: shyranitar\n|-damage|p1a: shyranitar|14\/100\n|-unboost|p1a: shyranitar|spa|1\n|move|p2a: Volcarona|Bug Buzz|p1b: mon 5-25\n|-supereffective|p1b: mon 5-25\n|-damage|p1b: mon 5-25|3\/100\n|move|p1a: shyranitar|Rock Slide|p2a: Volcarona|[spread] p2a,p2b\n|-supereffective|p2a: Volcarona\n|-supereffective|p2b: Ninetales\n|-damage|p2a: Volcarona|0 fnt\n|-damage|p2b: Ninetales|0 fnt\n|faint|p2a: Volcarona\n|faint|p2b: Ninetales\n|move|p1b: mon 5-25|Trick Room|p1b: mon 5-25\n|-fieldstart|move: Trick Room|[of] p1b: mon 5-25\n|\n|-weather|Sandstorm|[upkeep]\n|-damage|p1b: mon 5-25|0 fnt|[from] Sandstorm\n|faint|p1b: mon 5-25\n|upkeep\n|\n|t:|1699081699\n|switch|p1b: daffodil|Zapdos-Galar, shiny|100\/100\n|switch|p2a: Toxapex|Toxapex, M, shiny|100\/100\n|switch|p2b: Mandibuzz|Mandibuzz, F, shiny|100\/100\n|turn|8\n|\n|t:|1699081720\n|-terastallize|p1b: daffodil|Electric\n|move|p2a: Toxapex|Scald|p1a: shyranitar\n|-supereffective|p1a: shyranitar\n|-damage|p1a: shyranitar|0 fnt\n|faint|p1a: shyranitar\n|move|p2b: Mandibuzz|Foul Play|p1b: daffodil\n|-crit|p1b: daffodil\n|-damage|p1b: daffodil|20\/100\n|move|p1b: daffodil|Tera Blast|p2b: Mandibuzz|[anim] Tera Blast Electric\n|-supereffective|p2b: Mandibuzz\n|-damage|p2b: Mandibuzz|21\/100\n|\n|-weather|Sandstorm|[upkeep]\n|-damage|p2a: Toxapex|94\/100|[from] Sandstorm\n|-damage|p1b: daffodil|14\/100|[from] Sandstorm\n|-heal|p2a: Toxapex|100\/100|[from] item: Black Sludge\n|upkeep\n|\n|t:|1699081732\n|switch|p1a: smokey|Torracat, F|100\/100\n|-ability|p1a: smokey|Intimidate|boost\n|-unboost|p2a: Toxapex|atk|1\n|-unboost|p2b: Mandibuzz|atk|1\n|turn|9\n|\n|t:|1699081749\n|move|p1a: smokey|Fake Out|p2b: Mandibuzz\n|-damage|p2b: Mandibuzz|15\/100\n|move|p2a: Toxapex|Scald|p1a: smokey\n|-supereffective|p1a: smokey\n|-damage|p1a: smokey|57\/100\n|cant|p2b: Mandibuzz|flinch\n|move|p1b: daffodil|Tera Blast|p2a: Toxapex|[anim] Tera Blast Electric\n|-supereffective|p2a: Toxapex\n|-damage|p2a: Toxapex|10\/100\n|\n|-weather|Sandstorm|[upkeep]\n|-damage|p2a: Toxapex|3\/100|[from] Sandstorm\n|-damage|p1b: daffodil|8\/100|[from] Sandstorm\n|-damage|p1a: smokey|51\/100|[from] Sandstorm\n|-heal|p2a: Toxapex|10\/100|[from] item: Black Sludge\n|upkeep\n|turn|10\n|\n|t:|1699081765\n|move|p2a: Toxapex|Scald|p1a: smokey\n|-supereffective|p1a: smokey\n|-damage|p1a: smokey|10\/100\n|move|p2b: Mandibuzz|Foul Play|p1b: daffodil\n|-damage|p1b: daffodil|0 fnt\n|faint|p1b: daffodil\n|move|p1a: smokey|Flare Blitz|p2a: Toxapex\n|-resisted|p2a: Toxapex\n|-crit|p2a: Toxapex\n|-damage|p2a: Toxapex|0 fnt\n|faint|p2a: Toxapex\n|-damage|p1a: smokey|7\/100|[from] Recoil\n|\n|-weather|none\n|upkeep\n|\n|t:|1699081778\n|switch|p2a: Sonic|Sandslash-Alola, M, shiny|100\/100\n|switch|p1b: regina|Goodra-Hisui, F, shiny|21\/100\n|turn|11\n|\n|t:|1699081790\n|move|p1b: regina|Body Press|p2a: Sonic\n|-supereffective|p2a: Sonic\n|-damage|p2a: Sonic|0 fnt\n|faint|p2a: Sonic\n|-damage|p1b: regina|11\/100|[from] item: Life Orb\n|move|p2b: Mandibuzz|Foul Play|p1a: smokey\n|-damage|p1a: smokey|0 fnt\n|faint|p1a: smokey\n|\n|-fieldend|move: Trick Room\n|upkeep\n|turn|12\n|\n|t:|1699081821\n|move|p2b: Mandibuzz|Foul Play|p1b: regina\n|-damage|p1b: regina|0 fnt\n|faint|p1b: regina\n|\n|win|DryCranberri\n|raw|lamebagels's rating: 1098 &rarr; <strong>1070<\/strong><br \/>(-28 for losing)\n|raw|DryCranberri's rating: 1047 &rarr; <strong>1085<\/strong><br \/>(+38 for winning)\n|l|\u2606lamebagels\n","uploadtime":1699081828,"views":13,"p1id":"lamebagels","p2id":"drycranberri","formatid":"gen9nationaldexdoubles","rating":1070,"private":0,"password":""}