{"id":"gen9nationaldexdoubles-1969861893","p1":"Yu hung lo","p2":"NimbusFlight","format":"[Gen 9] National Dex Doubles","log":"|j|\u2606Yu hung lo\n|j|\u2606NimbusFlight\n|t:|1697571164\n|gametype|doubles\n|player|p1|Yu hung lo|janitor|1430\n|player|p2|NimbusFlight|rika|1327\n|teamsize|p1|6\n|teamsize|p2|6\n|gen|9\n|tier|[Gen 9] National Dex Doubles\n|rated|\n|rule|HP Percentage Mod: HP is shown in percentages\n|rule|Endless Battle Clause: Forcing endless battles is banned\n|rule|OHKO Clause: OHKO moves are banned\n|rule|Evasion Moves Clause: Evasion moves are banned\n|rule|Evasion Abilities Clause: Evasion abilities are banned\n|rule|Species Clause: Limit one of each Pok\u00e9mon\n|rule|Gravity Sleep Clause: The combination of sleep-inducing moves with imperfect accuracy and Gravity or Gigantamax Orbeetle are banned\n|clearpoke\n|poke|p1|Lucario, F|\n|poke|p1|Grimmsnarl, M|\n|poke|p1|Incineroar, M|\n|poke|p1|Rillaboom, F|\n|poke|p1|Blastoise, M|\n|poke|p1|Dragapult, M|\n|poke|p2|Charizard, F|\n|poke|p2|Ninetales, M|\n|poke|p2|Walking Wake|\n|poke|p2|Leafeon, M|\n|poke|p2|Ogerpon-Hearthflame, F|\n|poke|p2|Sandy Shocks|\n|teampreview\n|inactive|Battle timer is ON: inactive players will automatically lose when time's up. (requested by NimbusFlight)\n|c|\u2606NimbusFlight|gl hf\n|\n|t:|1697571177\n|start\n|switch|p1a: Grimmsnarl|Grimmsnarl, M|100\/100\n|switch|p1b: Incineroar|Incineroar, M|100\/100\n|switch|p2a: Ninetales|Ninetales, M|100\/100\n|switch|p2b: Sandy Shocks|Sandy Shocks|100\/100\n|-weather|SunnyDay|[from] ability: Drought|[of] p2a: Ninetales\n|-activate|p2b: Sandy Shocks|ability: Protosynthesis\n|-start|p2b: Sandy Shocks|protosynthesisspa\n|-ability|p1b: Incineroar|Intimidate|boost\n|-unboost|p2a: Ninetales|atk|1\n|-unboost|p2b: Sandy Shocks|atk|1\n|turn|1\n|\n|t:|1697571193\n|move|p1b: Incineroar|Fake Out|p2b: Sandy Shocks\n|-damage|p2b: Sandy Shocks|90\/100\n|move|p1a: Grimmsnarl|Light Screen|p1a: Grimmsnarl\n|-sidestart|p1: Yu hung lo|move: Light Screen\n|cant|p2b: Sandy Shocks|flinch\n|move|p2a: Ninetales|Heat Wave|p1b: Incineroar|[spread] p1a,p1b\n|-resisted|p1b: Incineroar\n|-damage|p1a: Grimmsnarl|81\/100\n|-damage|p1b: Incineroar|94\/100\n|\n|-weather|SunnyDay|[upkeep]\n|upkeep\n|turn|2\n|\n|t:|1697571214\n|move|p1a: Grimmsnarl|Reflect|p1a: Grimmsnarl\n|-sidestart|p1: Yu hung lo|Reflect\n|move|p2b: Sandy Shocks|Earth Power|p1b: Incineroar\n|-supereffective|p1b: Incineroar\n|-damage|p1b: Incineroar|36\/100\n|move|p2a: Ninetales|Heat Wave|p1b: Incineroar|[spread] p1b\n|-miss|p2a: Ninetales|p1a: Grimmsnarl\n|-resisted|p1b: Incineroar\n|-damage|p1b: Incineroar|30\/100\n|move|p1b: Incineroar|Parting Shot|p2a: Ninetales\n|-unboost|p2a: Ninetales|atk|1\n|-unboost|p2a: Ninetales|spa|1\n|\n|t:|1697571227\n|switch|p1b: Dragapult|Dragapult, M|100\/100|[from] Parting Shot\n|\n|-weather|SunnyDay|[upkeep]\n|upkeep\n|turn|3\n|\n|t:|1697571245\n|move|p2b: Sandy Shocks|Earth Power|p1a: Grimmsnarl\n|-damage|p1a: Grimmsnarl|41\/100\n|move|p1b: Dragapult|Dragon Darts|p2a: Ninetales\n|-damage|p2a: Ninetales|56\/100\n|-anim|p1b: Dragapult|Dragon Darts|p2b: Sandy Shocks\n|-damage|p2b: Sandy Shocks|49\/100\n|move|p2a: Ninetales|Will-O-Wisp|p1b: Dragapult\n|-status|p1b: Dragapult|brn\n|move|p1a: Grimmsnarl|Spirit Break|p2b: Sandy Shocks\n|-damage|p2b: Sandy Shocks|16\/100\n|-unboost|p2b: Sandy Shocks|spa|1\n|\n|-weather|SunnyDay|[upkeep]\n|-damage|p1b: Dragapult|95\/100 brn|[from] brn\n|upkeep\n|turn|4\n|\n|t:|1697571274\n|-end|p2b: Sandy Shocks|Protosynthesis|[silent]\n|switch|p2b: Ogerpon|Ogerpon-Hearthflame, F|100\/100\n|-ability|p2b: Ogerpon|Mold Breaker\n|move|p1a: Grimmsnarl|Parting Shot|p2b: Ogerpon\n|-unboost|p2b: Ogerpon|atk|1\n|-unboost|p2b: Ogerpon|spa|1\n|\n|t:|1697571283\n|switch|p1a: Incineroar|Incineroar, M|30\/100|[from] Parting Shot\n|-ability|p1a: Incineroar|Intimidate|boost\n|-unboost|p2a: Ninetales|atk|1\n|-unboost|p2b: Ogerpon|atk|1\n|move|p1b: Dragapult|Dragon Darts|p2a: Ninetales\n|-damage|p2a: Ninetales|31\/100\n|-anim|p1b: Dragapult|Dragon Darts|p2b: Ogerpon\n|-damage|p2b: Ogerpon|77\/100\n|move|p2a: Ninetales|Heat Wave|p1b: Dragapult|[spread] p1a,p1b\n|-resisted|p1a: Incineroar\n|-resisted|p1b: Dragapult\n|-damage|p1a: Incineroar|25\/100\n|-damage|p1b: Dragapult|86\/100 brn\n|\n|-weather|SunnyDay|[upkeep]\n|-damage|p1b: Dragapult|80\/100 brn|[from] brn\n|upkeep\n|turn|5\n|\n|t:|1697571302\n|switch|p2a: Sandy Shocks|Sandy Shocks|16\/100\n|-activate|p2a: Sandy Shocks|ability: Protosynthesis\n|-start|p2a: Sandy Shocks|protosynthesisspa\n|move|p2b: Ogerpon|Spiky Shield|p2b: Ogerpon\n|-singleturn|p2b: Ogerpon|move: Protect\n|move|p1b: Dragapult|Dragon Darts|p2a: Sandy Shocks\n|-damage|p2a: Sandy Shocks|0 fnt\n|faint|p2a: Sandy Shocks\n|-end|p2a: Sandy Shocks|Protosynthesis|[silent]\n|move|p1a: Incineroar|Parting Shot|p2b: Ogerpon\n|-activate|p2b: Ogerpon|move: Protect\n|\n|-weather|SunnyDay|[upkeep]\n|-damage|p1b: Dragapult|74\/100 brn|[from] brn\n|upkeep\n|\n|t:|1697571316\n|switch|p2a: Leafeon|Leafeon, M|100\/100\n|turn|6\n|\n|t:|1697571328\n|switch|p2b: Walking Wake|Walking Wake|100\/100\n|-activate|p2b: Walking Wake|ability: Protosynthesis\n|-start|p2b: Walking Wake|protosynthesisspa\n|switch|p1a: Rillaboom|Rillaboom, F|100\/100\n|-fieldstart|move: Grassy Terrain|[from] ability: Grassy Surge|[of] p1a: Rillaboom\n|-terastallize|p2a: Leafeon|Dark\n|move|p2a: Leafeon|Knock Off|p1b: Dragapult\n|-supereffective|p1b: Dragapult\n|-damage|p1b: Dragapult|0 fnt\n|-enditem|p1b: Dragapult|Choice Band|[from] move: Knock Off|[of] p2a: Leafeon\n|faint|p1b: Dragapult\n|-damage|p2a: Leafeon|91\/100|[from] item: Life Orb\n|\n|-weather|SunnyDay|[upkeep]\n|-heal|p2a: Leafeon|96\/100|[from] Grassy Terrain\n|upkeep\n|\n|t:|1697571342\n|switch|p1b: Lucario|Lucario, F|100\/100\n|turn|7\n|\n|t:|1697571355\n|detailschange|p1b: Lucario|Lucario-Mega, F\n|-mega|p1b: Lucario|Lucario|Lucarionite\n|move|p1a: Rillaboom|Fake Out|p2b: Walking Wake\n|-damage|p2b: Walking Wake|85\/100\n|move|p2a: Leafeon|Knock Off|p1a: Rillaboom\n|-damage|p1a: Rillaboom|59\/100\n|-enditem|p1a: Rillaboom|Assault Vest|[from] move: Knock Off|[of] p2a: Leafeon\n|-damage|p2a: Leafeon|86\/100|[from] item: Life Orb\n|move|p1b: Lucario|Swords Dance|p1b: Lucario\n|-boost|p1b: Lucario|atk|2\n|cant|p2b: Walking Wake|flinch\n|\n|-weather|SunnyDay|[upkeep]\n|-heal|p2a: Leafeon|92\/100|[from] Grassy Terrain\n|-heal|p2b: Walking Wake|91\/100|[from] Grassy Terrain\n|-heal|p1a: Rillaboom|65\/100|[from] Grassy Terrain\n|upkeep\n|turn|8\n|\n|t:|1697571383\n|switch|p2a: Ogerpon|Ogerpon-Hearthflame, F|77\/100\n|-ability|p2a: Ogerpon|Mold Breaker\n|switch|p1a: Incineroar|Incineroar, M|25\/100\n|-ability|p1a: Incineroar|Intimidate|boost\n|-unboost|p2a: Ogerpon|atk|1\n|-unboost|p2b: Walking Wake|atk|1\n|move|p1b: Lucario|Detect|p1b: Lucario\n|-singleturn|p1b: Lucario|Protect\n|move|p2b: Walking Wake|Flamethrower|p1b: Lucario\n|-activate|p1b: Lucario|move: Protect\n|\n|-weather|none\n|-end|p2b: Walking Wake|Protosynthesis\n|-heal|p2a: Ogerpon|83\/100|[from] Grassy Terrain\n|-heal|p2b: Walking Wake|97\/100|[from] Grassy Terrain\n|-heal|p1a: Incineroar|31\/100|[from] Grassy Terrain\n|-sideend|p1: Yu hung lo|move: Light Screen\n|upkeep\n|turn|9\n|\n|t:|1697571410\n|-end|p2b: Walking Wake|Protosynthesis|[silent]\n|switch|p2b: Ninetales|Ninetales, M|31\/100\n|-weather|SunnyDay|[from] ability: Drought|[of] p2b: Ninetales\n|move|p1a: Incineroar|Fake Out|p2b: Ninetales\n|-damage|p2b: Ninetales|18\/100\n|move|p1b: Lucario|Drain Punch|p2a: Ogerpon\n|-damage|p2a: Ogerpon|0 fnt\n|faint|p2a: Ogerpon\n|\n|-weather|SunnyDay|[upkeep]\n|-heal|p2b: Ninetales|24\/100|[from] Grassy Terrain\n|-heal|p1a: Incineroar|37\/100|[from] Grassy Terrain\n|-sideend|p1: Yu hung lo|Reflect\n|upkeep\n|\n|t:|1697571423\n|switch|p2a: Walking Wake|Walking Wake|97\/100\n|-activate|p2a: Walking Wake|ability: Protosynthesis\n|-start|p2a: Walking Wake|protosynthesisspa\n|turn|10\n|\n|t:|1697571434\n|switch|p1a: Blastoise|Blastoise, M|100\/100\n|move|p1b: Lucario|Detect|p1b: Lucario\n|-singleturn|p1b: Lucario|Protect\n|move|p2b: Ninetales|Protect|p2b: Ninetales\n|-singleturn|p2b: Ninetales|Protect\n|move|p2a: Walking Wake|Flamethrower|p1b: Lucario\n|-activate|p1b: Lucario|move: Protect\n|\n|-weather|SunnyDay|[upkeep]\n|-heal|p2a: Walking Wake|100\/100|[from] Grassy Terrain\n|-heal|p2b: Ninetales|30\/100|[from] Grassy Terrain\n|-fieldend|move: Grassy Terrain\n|upkeep\n|turn|11\n|\n|t:|1697571450\n|move|p1a: Blastoise|Fake Out|p2a: Walking Wake\n|-damage|p2a: Walking Wake|93\/100\n|move|p1b: Lucario|Drain Punch|p2b: Ninetales\n|-damage|p2b: Ninetales|0 fnt\n|faint|p2b: Ninetales\n|cant|p2a: Walking Wake|flinch\n|\n|-weather|SunnyDay|[upkeep]\n|upkeep\n|\n|t:|1697571458\n|switch|p2b: Leafeon|Leafeon, M, tera:Dark|92\/100\n|turn|12\n|\n|t:|1697571465\n|switch|p1a: Incineroar|Incineroar, M|37\/100\n|-ability|p1a: Incineroar|Intimidate|boost\n|-unboost|p2a: Walking Wake|atk|1\n|-unboost|p2b: Leafeon|atk|1\n|move|p1b: Lucario|Detect|p1b: Lucario\n|-singleturn|p1b: Lucario|Protect\n|move|p2b: Leafeon|Solar Blade||[still]\n|-prepare|p2b: Leafeon|Solar Blade\n|-anim|p2b: Leafeon|Solar Blade|p1a: Incineroar\n|-resisted|p1a: Incineroar\n|-damage|p1a: Incineroar|11\/100\n|-damage|p2b: Leafeon|82\/100|[from] item: Life Orb\n|move|p2a: Walking Wake|Flamethrower|p1b: Lucario\n|-activate|p1b: Lucario|move: Protect\n|\n|-weather|SunnyDay|[upkeep]\n|upkeep\n|turn|13\n|\n|t:|1697571482\n|move|p1a: Incineroar|Fake Out|p2a: Walking Wake\n|-damage|p2a: Walking Wake|81\/100\n|move|p2b: Leafeon|Solar Blade||[still]\n|-prepare|p2b: Leafeon|Solar Blade\n|-anim|p2b: Leafeon|Solar Blade|p1a: Incineroar\n|-resisted|p1a: Incineroar\n|-damage|p1a: Incineroar|0 fnt\n|faint|p1a: Incineroar\n|-damage|p2b: Leafeon|72\/100|[from] item: Life Orb\n|move|p1b: Lucario|Drain Punch|p2b: Leafeon\n|-supereffective|p2b: Leafeon\n|-damage|p2b: Leafeon|0 fnt\n|faint|p2b: Leafeon\n|cant|p2a: Walking Wake|flinch\n|\n|-weather|SunnyDay|[upkeep]\n|upkeep\n|\n|t:|1697571496\n|switch|p2b: Charizard|Charizard, F|100\/100\n|switch|p1a: Blastoise|Blastoise, M|100\/100\n|turn|14\n|\n|t:|1697571521\n|move|p1a: Blastoise|Fake Out|p2a: Walking Wake\n|-damage|p2a: Walking Wake|74\/100\n|move|p1b: Lucario|Drain Punch|p2a: Walking Wake\n|-damage|p2a: Walking Wake|0 fnt\n|faint|p2a: Walking Wake\n|-end|p2a: Walking Wake|Protosynthesis|[silent]\n|move|p2b: Charizard|Tailwind|p2b: Charizard\n|-sidestart|p2: NimbusFlight|move: Tailwind\n|\n|-weather|SunnyDay|[upkeep]\n|-damage|p2b: Charizard|88\/100|[from] ability: Solar Power|[of] p2b: Charizard\n|upkeep\n|turn|15\n|\n|t:|1697571535\n|detailschange|p2b: Charizard|Charizard-Mega-Y, F\n|-mega|p2b: Charizard|Charizard|Charizardite Y\n|move|p1b: Lucario|Detect|p1b: Lucario\n|-singleturn|p1b: Lucario|Protect\n|move|p2b: Charizard|Heat Wave|p1a: Blastoise|[spread] p1a\n|-activate|p1b: Lucario|move: Protect\n|-resisted|p1a: Blastoise\n|-damage|p1a: Blastoise|72\/100\n|move|p1a: Blastoise|Flip Turn|p2b: Charizard\n|-supereffective|p2b: Charizard\n|-crit|p2b: Charizard\n|-damage|p2b: Charizard|61\/100\n|\n|t:|1697571542\n|switch|p1a: Rillaboom|Rillaboom, F|65\/100|[from] Flip Turn\n|-fieldstart|move: Grassy Terrain|[from] ability: Grassy Surge|[of] p1a: Rillaboom\n|\n|-weather|SunnyDay|[upkeep]\n|-heal|p1a: Rillaboom|71\/100|[from] Grassy Terrain\n|upkeep\n|turn|16\n|\n|t:|1697571550\n|move|p1a: Rillaboom|Fake Out|p2b: Charizard\n|-damage|p2b: Charizard|45\/100\n|cant|p2b: Charizard|flinch\n|move|p1b: Lucario|Swords Dance|p1b: Lucario\n|-boost|p1b: Lucario|atk|2\n|\n|-weather|none\n|-heal|p1a: Rillaboom|77\/100|[from] Grassy Terrain\n|upkeep\n|turn|17\n|c|\u2606NimbusFlight|gg\n|\n|t:|1697571567\n|move|p1b: Lucario|Bullet Punch|p2b: Charizard\n|-resisted|p2b: Charizard\n|-damage|p2b: Charizard|1\/100\n|move|p2b: Charizard|Heat Wave|p1b: Lucario|[spread] p1a,p1b\n|-supereffective|p1a: Rillaboom\n|-supereffective|p1b: Lucario\n|-damage|p1a: Rillaboom|0 fnt\n|-damage|p1b: Lucario|0 fnt\n|faint|p1a: Rillaboom\n|faint|p1b: Lucario\n|\n|-sideend|p2: NimbusFlight|move: Tailwind\n|upkeep\n|\n|t:|1697571572\n|switch|p1b: Grimmsnarl|Grimmsnarl, M|41\/100\n|switch|p1a: Blastoise|Blastoise, M|72\/100\n|turn|18\n|\n|t:|1697571578\n|move|p1a: Blastoise|Fake Out|p2b: Charizard\n|-damage|p2b: Charizard|0 fnt\n|faint|p2b: Charizard\n|\n|win|Yu hung lo\n|raw|Yu hung lo's rating: 1430 &rarr; <strong>1444<\/strong><br \/>(+14 for winning)\n|raw|NimbusFlight's rating: 1327 &rarr; <strong>1313<\/strong><br \/>(-14 for losing)\n","uploadtime":1697571588,"views":7,"p1id":"yuhunglo","p2id":"nimbusflight","formatid":"gen9nationaldexdoubles","rating":1313,"private":0,"password":""}