{"id":"gen9nationaldexdoubles-1972576953","p1":"dagenjing","p2":"The OG Trainer Red","format":"[Gen 9] National Dex Doubles","log":"|j|\u2606dagenjing\n|j|\u2606The OG Trainer Red\n|t:|1697859263\n|gametype|doubles\n|player|p1|dagenjing|sonia-masters|1268\n|player|p2|The OG Trainer Red|fisherman-gen4|1143\n|teamsize|p1|6\n|teamsize|p2|6\n|gen|9\n|tier|[Gen 9] National Dex Doubles\n|rated|\n|rule|HP Percentage Mod: HP is shown in percentages\n|rule|Endless Battle Clause: Forcing endless battles is banned\n|rule|OHKO Clause: OHKO moves are banned\n|rule|Evasion Moves Clause: Evasion moves are banned\n|rule|Evasion Abilities Clause: Evasion abilities are banned\n|rule|Species Clause: Limit one of each Pok\u00e9mon\n|rule|Gravity Sleep Clause: The combination of sleep-inducing moves with imperfect accuracy and Gravity or Gigantamax Orbeetle are banned\n|clearpoke\n|poke|p1|Regigigas|\n|poke|p1|Grafaiai, F|\n|poke|p1|Indeedee-F, F|\n|poke|p1|Kommo-o, M|\n|poke|p1|Talonflame, M|\n|poke|p1|Diancie|\n|poke|p2|Ninetales, F|\n|poke|p2|Leafeon, F|\n|poke|p2|Espeon, F|\n|poke|p2|Indeedee-F, F|\n|poke|p2|Ursaluna-Bloodmoon, M|\n|poke|p2|Decidueye, F|\n|teampreview\n|inactive|Battle timer is ON: inactive players will automatically lose when time's up. (requested by dagenjing)\n|\n|t:|1697859276\n|start\n|switch|p1a: Talonflame|Talonflame, M|100\/100\n|switch|p1b: Kommo-o|Kommo-o, M|100\/100\n|switch|p2a: Espeon|Espeon, F|100\/100\n|switch|p2b: Indeedee|Indeedee-F, F|100\/100\n|-fieldstart|move: Psychic Terrain|[from] ability: Psychic Surge|[of] p2b: Indeedee\n|turn|1\n|\n|t:|1697859293\n|-terastallize|p2a: Espeon|Fairy\n|move|p1a: Talonflame|Tailwind|p1a: Talonflame\n|-sidestart|p1: dagenjing|move: Tailwind\n|-zpower|p1b: Kommo-o\n|move|p1b: Kommo-o|Clangorous Soulblaze|p2a: Espeon|[zeffect]|[spread] p2b\n|-immune|p2a: Espeon\n|-damage|p2b: Indeedee|45\/100\n|-boost|p1b: Kommo-o|atk|1\n|-boost|p1b: Kommo-o|def|1\n|-boost|p1b: Kommo-o|spa|1\n|-boost|p1b: Kommo-o|spd|1\n|-boost|p1b: Kommo-o|spe|1\n|move|p2a: Espeon|Draining Kiss|p1b: Kommo-o\n|-supereffective|p1b: Kommo-o\n|-damage|p1b: Kommo-o|6\/100\n|move|p2b: Indeedee|Expanding Force|p1a: Talonflame|[spread] p1a,p1b\n|-supereffective|p1b: Kommo-o\n|-damage|p1a: Talonflame|34\/100\n|-damage|p1b: Kommo-o|0 fnt\n|faint|p1b: Kommo-o\n|\n|upkeep\n|\n|t:|1697859311\n|switch|p1b: Diancie|Diancie|100\/100\n|turn|2\n|\n|t:|1697859319\n|detailschange|p1b: Diancie|Diancie-Mega\n|-mega|p1b: Diancie|Diancie|Diancite\n|move|p1a: Talonflame|Brave Bird|p2a: Espeon\n|-damage|p2a: Espeon|34\/100\n|-damage|p1a: Talonflame|17\/100|[from] Recoil\n|move|p1b: Diancie|Diamond Storm|p2b: Indeedee|[spread] p2a,p2b\n|-damage|p2a: Espeon|0 fnt\n|-damage|p2b: Indeedee|0 fnt\n|-boost|p1b: Diancie|def|2\n|faint|p2a: Espeon\n|faint|p2b: Indeedee\n|\n|upkeep\n|\n|t:|1697859336\n|switch|p2a: Ninetales|Ninetales, F|100\/100\n|switch|p2b: Leafeon|Leafeon, F|100\/100\n|-weather|SunnyDay|[from] ability: Drought|[of] p2a: Ninetales\n|turn|3\n|\n|t:|1697859358\n|move|p1a: Talonflame|Brave Bird|p2b: Leafeon\n|-supereffective|p2b: Leafeon\n|-damage|p2b: Leafeon|47\/100\n|-damage|p1a: Talonflame|3\/100|[from] Recoil\n|move|p1b: Diancie|Diamond Storm|p2a: Ninetales|[spread] p2a,p2b\n|-supereffective|p2a: Ninetales\n|-damage|p2a: Ninetales|0 fnt\n|-damage|p2b: Leafeon|10\/100\n|faint|p2a: Ninetales\n|move|p2b: Leafeon|Solar Blade||[still]\n|-prepare|p2b: Leafeon|Solar Blade\n|-anim|p2b: Leafeon|Solar Blade|p1b: Diancie\n|-supereffective|p1b: Diancie\n|-damage|p1b: Diancie|21\/100\n|\n|-weather|SunnyDay|[upkeep]\n|upkeep\n|\n|t:|1697859371\n|switch|p2a: Ursaluna|Ursaluna-Bloodmoon, M|100\/100\n|turn|4\n|\n|t:|1697859386\n|move|p1a: Talonflame|Brave Bird|p2a: Ursaluna\n|-damage|p2a: Ursaluna|76\/100\n|-damage|p1a: Talonflame|0 fnt|[from] Recoil\n|faint|p1a: Talonflame\n|move|p1b: Diancie|Diamond Storm|p2a: Ursaluna|[spread] p2a\n|-miss|p1b: Diancie|p2b: Leafeon\n|-resisted|p2a: Ursaluna\n|-damage|p2a: Ursaluna|61\/100\n|-boost|p1b: Diancie|def|2\n|move|p2b: Leafeon|Solar Blade||[still]\n|-prepare|p2b: Leafeon|Solar Blade\n|-anim|p2b: Leafeon|Solar Blade|p1b: Diancie\n|-supereffective|p1b: Diancie\n|-damage|p1b: Diancie|0 fnt\n|faint|p1b: Diancie\n|move|p2a: Ursaluna|Hyper Voice|p1: Talonflame|[notarget]\n|-fail|p2a: Ursaluna\n|\n|-weather|SunnyDay|[upkeep]\n|-sideend|p1: dagenjing|move: Tailwind\n|upkeep\n|\n|t:|1697859398\n|switch|p1a: Grafaiai|Grafaiai, F|100\/100\n|switch|p1b: Regigigas|Regigigas|100\/100\n|-start|p1b: Regigigas|ability: Slow Start\n|turn|5\n|\n|t:|1697859421\n|move|p2b: Leafeon|Solar Blade||[still]\n|-prepare|p2b: Leafeon|Solar Blade\n|-anim|p2b: Leafeon|Solar Blade|p1b: Regigigas\n|-damage|p1b: Regigigas|61\/100\n|move|p1a: Grafaiai|Knock Off|p2b: Leafeon\n|-damage|p2b: Leafeon|0 fnt\n|-enditem|p2b: Leafeon|Assault Vest|[from] move: Knock Off|[of] p1a: Grafaiai\n|faint|p2b: Leafeon\n|move|p1b: Regigigas|Drain Punch|p2a: Ursaluna\n|-supereffective|p2a: Ursaluna\n|-damage|p2a: Ursaluna|39\/100\n|-heal|p1b: Regigigas|71\/100|[from] drain|[of] p2a: Ursaluna\n|move|p2a: Ursaluna|Blood Moon|p1b: Regigigas\n|-damage|p1b: Regigigas|20\/100\n|\n|-weather|SunnyDay|[upkeep]\n|-heal|p1b: Regigigas|26\/100|[from] item: Leftovers\n|-fieldend|move: Psychic Terrain\n|upkeep\n|inactive|The OG Trainer Red has 120 seconds left.\n|\n|t:|1697859437\n|switch|p2b: Decidueye|Decidueye, F|100\/100\n|turn|6\n|inactive|The OG Trainer Red has 120 seconds left.\n|\n|t:|1697859464\n|move|p1a: Grafaiai|Doodle|p2a: Ursaluna\n|-endability|p1a: Grafaiai|Prankster|[from] move: Doodle\n|-ability|p1a: Grafaiai|Mind's Eye|[from] move: Doodle\n|-end|p1b: Regigigas|Slow Start|[silent]\n|-endability|p1b: Regigigas|Slow Start|[from] move: Doodle\n|-ability|p1b: Regigigas|Mind's Eye|[from] move: Doodle\n|move|p1b: Regigigas|Darkest Lariat|p2b: Decidueye\n|-supereffective|p2b: Decidueye\n|-damage|p2b: Decidueye|11\/100\n|move|p2b: Decidueye|Leaf Blade|p1a: Grafaiai\n|-resisted|p1a: Grafaiai\n|-crit|p1a: Grafaiai\n|-damage|p1a: Grafaiai|26\/100\n|move|p2a: Ursaluna|Hyper Voice|p1b: Regigigas|[spread] p1a,p1b\n|-damage|p1a: Grafaiai|0 fnt\n|-damage|p1b: Regigigas|0 fnt\n|faint|p1a: Grafaiai\n|faint|p1b: Regigigas\n|\n|-weather|SunnyDay|[upkeep]\n|upkeep\n|\n|t:|1697859477\n|switch|p1a: Indeedee|Indeedee-F, F|100\/100\n|turn|7\n|\n|t:|1697859492\n|move|p1a: Indeedee|Expanding Force|p2a: Ursaluna\n|-damage|p2a: Ursaluna|19\/100\n|move|p2b: Decidueye|U-turn|p1a: Indeedee\n|-supereffective|p1a: Indeedee\n|-damage|p1a: Indeedee|40\/100\n|move|p2a: Ursaluna|Blood Moon|p1a: Indeedee\n|-damage|p1a: Indeedee|0 fnt\n|faint|p1a: Indeedee\n|\n|win|The OG Trainer Red\n|raw|dagenjing's rating: 1268 &rarr; <strong>1234<\/strong><br \/>(-34 for losing)\n|raw|The OG Trainer Red's rating: 1143 &rarr; <strong>1177<\/strong><br \/>(+34 for winning)\n|l|\u2606dagenjing\n","uploadtime":1697859620,"views":11,"p1id":"dagenjing","p2id":"theogtrainerred","formatid":"gen9nationaldexdoubles","rating":1177,"private":0,"password":""}