{"id":"gen9nationaldexdoubles-1987948750","p1":"Ashbert","p2":"Brick_Enjoyer_144","format":"[Gen 9] National Dex Doubles","log":"|j|\u2606Ashbert\n|j|\u2606Brick_Enjoyer_144\n|t:|1699652153\n|gametype|doubles\n|player|p1|Ashbert|artist-gen4|1149\n|player|p2|Brick_Enjoyer_144|shauntal|1111\n|teamsize|p1|6\n|teamsize|p2|6\n|gen|9\n|tier|[Gen 9] National Dex Doubles\n|rated|\n|rule|HP Percentage Mod: HP is shown in percentages\n|rule|Endless Battle Clause: Forcing endless battles is banned\n|rule|OHKO Clause: OHKO moves are banned\n|rule|Evasion Moves Clause: Evasion moves are banned\n|rule|Evasion Abilities Clause: Evasion abilities are banned\n|rule|Species Clause: Limit one of each Pok\u00e9mon\n|rule|Gravity Sleep Clause: The combination of sleep-inducing moves with imperfect accuracy and Gravity or Gigantamax Orbeetle are banned\n|clearpoke\n|poke|p1|Stunfisk, F|\n|poke|p1|Morpeko, F|\n|poke|p1|Iron Thorns|\n|poke|p1|Zapdos|\n|poke|p1|Iron Hands|\n|poke|p1|Magnezone|\n|poke|p2|Avalugg-Hisui, M|\n|poke|p2|Ribombee, F|\n|poke|p2|Murkrow, M|\n|poke|p2|Ninetales-Alola, M|\n|poke|p2|Gholdengo|\n|poke|p2|Heracross, M|\n|teampreview\n|inactive|Battle timer is ON: inactive players will automatically lose when time's up. (requested by Brick_Enjoyer_144)\n|\n|t:|1699652180\n|start\n|switch|p1a: Magnezone|Magnezone, shiny|100\/100\n|switch|p1b: Morpeko|Morpeko, F, shiny|100\/100\n|switch|p2a: Ribombee|Ribombee, F|100\/100\n|switch|p2b: Ninetales|Ninetales-Alola, M|100\/100\n|-weather|Snow|[from] ability: Snow Warning|[of] p2b: Ninetales\n|turn|1\n|\n|t:|1699652202\n|move|p2a: Ribombee|Sticky Web|p1a: Magnezone\n|-sidestart|p1: Ashbert|move: Sticky Web\n|move|p2b: Ninetales|Aurora Veil|p2b: Ninetales\n|-sidestart|p2: Brick_Enjoyer_144|move: Aurora Veil\n|move|p1b: Morpeko|Fire Fang|p2b: Ninetales\n|-supereffective|p2b: Ninetales\n|-damage|p2b: Ninetales|74\/100\n|move|p1a: Magnezone|Confuse Ray|p2a: Ribombee\n|-start|p2a: Ribombee|confusion\n|\n|-weather|Snow|[upkeep]\n|-formechange|p1b: Morpeko|Morpeko-Hangry||[from] ability: Hunger Switch\n|upkeep\n|turn|2\n|\n|t:|1699652223\n|switch|p2b: Avalugg|Avalugg-Hisui, M|100\/100\n|-activate|p2a: Ribombee|confusion\n|move|p2a: Ribombee|Speed Swap|p2b: Avalugg\n|-activate|p2a: Ribombee|move: Speed Swap|[of] p2b: Avalugg\n|move|p1b: Morpeko|Dark Pulse|p2b: Avalugg\n|-damage|p2b: Avalugg|73\/100\n|move|p1a: Magnezone|Flash Cannon|p2b: Avalugg\n|-supereffective|p2b: Avalugg\n|-damage|p2b: Avalugg|0 fnt\n|faint|p2b: Avalugg\n|\n|-weather|Snow|[upkeep]\n|-formechange|p1b: Morpeko|Morpeko||[from] ability: Hunger Switch\n|upkeep\n|inactive|Brick_Enjoyer_144 has 120 seconds left.\n|\n|t:|1699652247\n|switch|p2b: Ninetales|Ninetales-Alola, M|74\/100\n|turn|3\n|\n|t:|1699652261\n|move|p2b: Ninetales|Dazzling Gleam|p1a: Magnezone|[spread] p1a,p1b\n|-resisted|p1a: Magnezone\n|-supereffective|p1b: Morpeko\n|-damage|p1a: Magnezone|86\/100\n|-damage|p1b: Morpeko|25\/100\n|move|p1b: Morpeko|Brick Break|p2b: Ninetales\n|-sideend|p2: Brick_Enjoyer_144|move: Aurora Veil\n|-damage|p2b: Ninetales|51\/100\n|move|p1a: Magnezone|Toxic|p2a: Ribombee\n|-status|p2a: Ribombee|tox\n|-activate|p2a: Ribombee|confusion\n|move|p2a: Ribombee|Dazzling Gleam|p1b: Morpeko|[spread] p1a,p1b\n|-resisted|p1a: Magnezone\n|-supereffective|p1b: Morpeko\n|-damage|p1a: Magnezone|74\/100\n|-damage|p1b: Morpeko|0 fnt\n|faint|p1b: Morpeko\n|\n|-weather|Snow|[upkeep]\n|-damage|p2a: Ribombee|94\/100 tox|[from] psn\n|upkeep\n|\n|t:|1699652276\n|switch|p1b: Stunfisk|Stunfisk, F|100\/100\n|-activate|p1b: Stunfisk|move: Sticky Web\n|-unboost|p1b: Stunfisk|spe|1\n|turn|4\n|\n|t:|1699652287\n|move|p2b: Ninetales|Aurora Veil|p2b: Ninetales\n|-sidestart|p2: Brick_Enjoyer_144|move: Aurora Veil\n|move|p1a: Magnezone|Flash Cannon|p2a: Ribombee\n|-supereffective|p2a: Ribombee\n|-damage|p2a: Ribombee|0 fnt\n|faint|p2a: Ribombee\n|move|p1b: Stunfisk|Earthquake|p2b: Ninetales|[spread] p1a,p2b\n|-supereffective|p1a: Magnezone\n|-damage|p1a: Magnezone|0 fnt\n|-damage|p2b: Ninetales|34\/100\n|faint|p1a: Magnezone\n|\n|-weather|Snow|[upkeep]\n|upkeep\n|\n|t:|1699652300\n|switch|p2a: Heracross|Heracross, M|100\/100\n|switch|p1a: Iron Hands|Iron Hands|100\/100\n|-activate|p1a: Iron Hands|move: Sticky Web\n|-unboost|p1a: Iron Hands|spe|1\n|turn|5\n|\n|t:|1699652322\n|move|p1b: Stunfisk|Sucker Punch|p2b: Ninetales\n|-resisted|p2b: Ninetales\n|-crit|p2b: Ninetales\n|-damage|p2b: Ninetales|20\/100\n|move|p2b: Ninetales|Blizzard|p1b: Stunfisk|[spread] p1a,p1b\n|-supereffective|p1b: Stunfisk\n|-damage|p1a: Iron Hands|65\/100\n|-damage|p1b: Stunfisk|43\/100\n|move|p2a: Heracross|High Horsepower|p1a: Iron Hands\n|-supereffective|p1a: Iron Hands\n|-crit|p1a: Iron Hands\n|-damage|p1a: Iron Hands|14\/100\n|move|p1a: Iron Hands|Rock Slide|p2b: Ninetales|[spread] p2a,p2b\n|-supereffective|p2b: Ninetales\n|-damage|p2a: Heracross|80\/100\n|-damage|p2b: Ninetales|0 fnt\n|faint|p2b: Ninetales\n|\n|-weather|Snow|[upkeep]\n|-status|p2a: Heracross|brn|[from] item: Flame Orb\n|upkeep\n|inactive|Brick_Enjoyer_144 has 120 seconds left.\n|\n|t:|1699652342\n|switch|p2b: Murkrow|Murkrow, M|100\/100\n|turn|6\n|\n|t:|1699652362\n|move|p2b: Murkrow|Tailwind|p2b: Murkrow\n|-sidestart|p2: Brick_Enjoyer_144|move: Tailwind\n|move|p2a: Heracross|High Horsepower|p1a: Iron Hands\n|-supereffective|p1a: Iron Hands\n|-damage|p1a: Iron Hands|0 fnt\n|faint|p1a: Iron Hands\n|-end|p1a: Iron Hands|Quark Drive|[silent]\n|move|p1b: Stunfisk|Thunder Wave|p2a: Heracross|[miss]\n|-miss|p1b: Stunfisk|p2a: Heracross\n|\n|-weather|Snow|[upkeep]\n|-damage|p2a: Heracross|74\/100 brn|[from] brn\n|upkeep\n|\n|t:|1699652374\n|switch|p1a: Iron Thorns|Iron Thorns|100\/100\n|-activate|p1a: Iron Thorns|move: Sticky Web\n|-unboost|p1a: Iron Thorns|spe|1\n|turn|7\n|\n|t:|1699652390\n|move|p2a: Heracross|High Horsepower|p1a: Iron Thorns\n|-supereffective|p1a: Iron Thorns\n|-damage|p1a: Iron Thorns|0 fnt\n|faint|p1a: Iron Thorns\n|-end|p1a: Iron Thorns|Quark Drive|[silent]\n|move|p2b: Murkrow|Foul Play|p1b: Stunfisk\n|-damage|p1b: Stunfisk|9\/100\n|move|p1b: Stunfisk|Thunder Wave|p2b: Murkrow\n|-status|p2b: Murkrow|par\n|\n|-weather|Snow|[upkeep]\n|-damage|p2a: Heracross|68\/100 brn|[from] brn\n|upkeep\n|\n|t:|1699652401\n|switch|p1a: Zapdos|Zapdos, shiny|100\/100\n|-item|p1a: Zapdos|Air Balloon\n|turn|8\n|\n|t:|1699652417\n|move|p2a: Heracross|Facade|p1a: Zapdos\n|-damage|p1a: Zapdos|20\/100\n|-enditem|p1a: Zapdos|Air Balloon\n|move|p2b: Murkrow|Foul Play|p1b: Stunfisk\n|-damage|p1b: Stunfisk|0 fnt\n|faint|p1b: Stunfisk\n|move|p1a: Zapdos|Heat Wave|p2a: Heracross|[spread] p2a,p2b\n|-supereffective|p2a: Heracross\n|-damage|p2a: Heracross|25\/100 brn\n|-damage|p2b: Murkrow|87\/100 par\n|\n|-weather|none\n|-damage|p2a: Heracross|19\/100 brn|[from] brn\n|-sideend|p2: Brick_Enjoyer_144|move: Aurora Veil\n|upkeep\n|turn|9\n|\n|t:|1699652439\n|-terastallize|p1a: Zapdos|Electric\n|move|p2a: Heracross|Facade|p1a: Zapdos\n|-damage|p1a: Zapdos|0 fnt\n|faint|p1a: Zapdos\n|\n|win|Brick_Enjoyer_144\n|raw|Ashbert's rating: 1149 &rarr; <strong>1121<\/strong><br \/>(-28 for losing)\n|raw|Brick_Enjoyer_144's rating: 1111 &rarr; <strong>1139<\/strong><br \/>(+28 for winning)\n|l|\u2606Ashbert\n","uploadtime":1699652448,"views":6,"p1id":"ashbert","p2id":"brickenjoyer144","formatid":"gen9nationaldexdoubles","rating":1121,"private":0,"password":""}