{"id":"gen9nationaldexdoubles-1966005446","p1":"vapores","p2":"calakose5","format":"[Gen 9] National Dex Doubles","log":"|j|\u2606vapores\n|j|\u2606calakose5\n|t:|1697136811\n|gametype|doubles\n|player|p1|vapores|palmer|1056\n|player|p2|calakose5|cynthia|1000\n|teamsize|p1|6\n|teamsize|p2|6\n|gen|9\n|tier|[Gen 9] National Dex Doubles\n|rated|\n|rule|HP Percentage Mod: HP is shown in percentages\n|rule|Endless Battle Clause: Forcing endless battles is banned\n|rule|OHKO Clause: OHKO moves are banned\n|rule|Evasion Moves Clause: Evasion moves are banned\n|rule|Evasion Abilities Clause: Evasion abilities are banned\n|rule|Species Clause: Limit one of each Pok\u00e9mon\n|rule|Gravity Sleep Clause: The combination of sleep-inducing moves with imperfect accuracy and Gravity or Gigantamax Orbeetle are banned\n|clearpoke\n|poke|p1|Vaporeon, F|\n|poke|p1|Charizard, M|\n|poke|p1|Donphan, M|\n|poke|p1|Torterra, M|\n|poke|p1|Aggron, M|\n|poke|p1|Toxtricity, M|\n|poke|p2|Quaquaval, F|\n|poke|p2|Eelektross, M|\n|poke|p2|Zoroark-Hisui, M|\n|poke|p2|Mimikyu, F|\n|poke|p2|Cinderace, M|\n|poke|p2|Lucario, M|\n|teampreview\n|inactive|Battle timer is ON: inactive players will automatically lose when time's up. (requested by vapores)\n|c|\u2606vapores|glhf\n|\n|t:|1697136819\n|start\n|switch|p1a: Vaper|Vaporeon, F|100\/100\n|switch|p1b: Chari|Charizard, M|100\/100\n|switch|p2a: smiler|Cinderace, M|100\/100\n|switch|p2b: bicaxu|Mimikyu, F, shiny|100\/100\n|turn|1\n|\n|t:|1697136835\n|detailschange|p1b: Chari|Charizard-Mega-X, M\n|-mega|p1b: Chari|Charizard|Charizardite X\n|move|p2a: smiler|Trick|p1a: Vaper\n|-activate|p2a: smiler|move: Trick|[of] p1a: Vaper\n|-item|p1a: Vaper|Choice Specs|[from] move: Trick\n|-item|p2a: smiler|Assault Vest|[from] move: Trick\n|move|p1b: Chari|Dragon Claw|p2a: smiler\n|-damage|p2a: smiler|0 fnt\n|replace|p2a: FAZ O LLLLLLLL|Zoroark-Hisui, M, shiny\n|-end|p2a: FAZ O LLLLLLLL|Illusion\n|faint|p2a: FAZ O LLLLLLLL\n|move|p2b: bicaxu|Swords Dance|p2b: bicaxu\n|-boost|p2b: bicaxu|atk|2\n|move|p1a: Vaper|Muddy Water|p2b: bicaxu\n|-activate|p2b: bicaxu|ability: Disguise\n|-damage|p2b: bicaxu|100\/100\n|-unboost|p2b: bicaxu|accuracy|1\n|detailschange|p2b: bicaxu|Mimikyu-Busted, F, shiny\n|-damage|p2b: bicaxu|88\/100|[from] pokemon: Mimikyu-Busted\n|\n|upkeep\n|\n|t:|1697136843\n|switch|p2a: diggo|Eelektross, M, shiny|100\/100\n|turn|2\n|\n|t:|1697136858\n|move|p1b: Chari|Iron Tail|p2b: bicaxu\n|-supereffective|p2b: bicaxu\n|-damage|p2b: bicaxu|0 fnt\n|faint|p2b: bicaxu\n|move|p1a: Vaper|Muddy Water|p2a: diggo|[miss]\n|-miss|p1a: Vaper|p2a: diggo\n|move|p2a: diggo|Thunder Punch|p1a: Vaper\n|-supereffective|p1a: Vaper\n|-damage|p1a: Vaper|34\/100\n|\n|upkeep\n|\n|t:|1697136868\n|switch|p2b: samba|Quaquaval, F, shiny|100\/100\n|turn|3\n|\n|t:|1697136881\n|move|p1b: Chari|Earthquake|p2a: diggo|[spread] p1a,p2b\n|-immune|p2a: diggo|[from] ability: Levitate\n|-damage|p1a: Vaper|8\/100\n|-damage|p2b: samba|67\/100\n|move|p2b: samba|Aqua Step|p1b: Chari\n|-damage|p1b: Chari|61\/100\n|-boost|p2b: samba|spe|1\n|move|p1a: Vaper|Muddy Water|p2a: diggo|[spread] p2a,p2b\n|-resisted|p2b: samba\n|-damage|p2a: diggo|64\/100\n|-damage|p2b: samba|30\/100\n|-unboost|p2b: samba|accuracy|1\n|move|p2a: diggo|Thunder Punch|p1a: Vaper\n|-supereffective|p1a: Vaper\n|-damage|p1a: Vaper|0 fnt\n|faint|p1a: Vaper\n|\n|-heal|p2b: samba|36\/100|[from] item: Leftovers\n|-heal|p2a: diggo|70\/100|[from] item: Leftovers\n|upkeep\n|\n|t:|1697136886\n|switch|p1a: Terry|Torterra, M|100\/100\n|turn|4\n|\n|t:|1697136899\n|move|p2b: samba|Aqua Step|p1b: Chari\n|-damage|p1b: Chari|16\/100\n|-boost|p2b: samba|spe|1\n|move|p1b: Chari|Dragon Claw|p2b: samba\n|-damage|p2b: samba|0 fnt\n|faint|p2b: samba\n|move|p1a: Terry|Seed Bomb|p2a: diggo\n|-damage|p2a: diggo|29\/100\n|move|p2a: diggo|Drain Punch|p1a: Terry\n|-damage|p1a: Terry|85\/100\n|-heal|p2a: diggo|38\/100|[from] drain|[of] p1a: Terry\n|\n|-heal|p1a: Terry|91\/100|[from] item: Leftovers\n|-heal|p2a: diggo|44\/100|[from] item: Leftovers\n|upkeep\n|\n|t:|1697136909\n|switch|p2b: smiler|Cinderace, M|100\/100\n|turn|5\n|\n|t:|1697136933\n|move|p2b: smiler|Gunk Shot|p1a: Terry\n|-start|p2b: smiler|typechange|Poison|[from] ability: Libero\n|-damage|p1a: Terry|47\/100\n|-status|p1a: Terry|psn\n|move|p1b: Chari|Dragon Claw|p2b: smiler\n|-damage|p2b: smiler|29\/100\n|move|p1a: Terry|Seed Bomb|p2a: diggo\n|-damage|p2a: diggo|0 fnt\n|faint|p2a: diggo\n|\n|-heal|p1a: Terry|54\/100 psn|[from] item: Leftovers\n|-damage|p1a: Terry|41\/100 psn|[from] psn\n|upkeep\n|\n|t:|1697136944\n|switch|p2a: furry|Lucario, M, shiny|100\/100\n|turn|6\n|\n|t:|1697136957\n|detailschange|p2a: furry|Lucario-Mega, M, shiny\n|-mega|p2a: furry|Lucario|Lucarionite\n|move|p2a: furry|Bullet Punch|p1b: Chari\n|-resisted|p1b: Chari\n|-crit|p1b: Chari\n|-damage|p1b: Chari|0 fnt\n|faint|p1b: Chari\n|move|p2b: smiler|Gunk Shot|p1a: Terry\n|-damage|p1a: Terry|0 fnt\n|faint|p1a: Terry\n|\n|upkeep\n|\n|t:|1697136961\n|switch|p1b: Rolly|Donphan, M|100\/100\n|switch|p1a: Aggy|Aggron, M|100\/100\n|turn|7\n|\n|t:|1697136983\n|move|p2a: furry|Close Combat|p1b: Rolly\n|-damage|p1b: Rolly|28\/100\n|-unboost|p2a: furry|def|1\n|-unboost|p2a: furry|spd|1\n|move|p2b: smiler|Pyro Ball|p1a: Aggy|[miss]\n|-miss|p2b: smiler|p1a: Aggy\n|move|p1b: Rolly|Earthquake|p2a: furry|[spread] p1a,p2a,p2b\n|-supereffective|p1a: Aggy\n|-supereffective|p2a: furry\n|-supereffective|p2b: smiler\n|-damage|p1a: Aggy|5\/100\n|-damage|p2a: furry|0 fnt\n|-damage|p2b: smiler|0 fnt\n|faint|p2a: furry\n|faint|p2b: smiler\n|\n|win|vapores\n|raw|vapores's rating: 1056 &rarr; <strong>1083<\/strong><br \/>(+27 for winning)\n|raw|calakose5's rating: 1000 &rarr; <strong>1000<\/strong><br \/>(+0 for losing)\n|c|\u2606vapores|gg\n","uploadtime":1697136990,"views":10,"p1id":"vapores","p2id":"calakose5","formatid":"gen9nationaldexdoubles","rating":1000,"private":0,"password":""}