{"id":"gen9nationaldexdoubles-1967743657","p1":"Yu hung lo","p2":"Modigliana","format":"[Gen 9] National Dex Doubles","log":"|j|\u2606Yu hung lo\n|j|\u2606Modigliana\n|t:|1697333458\n|gametype|doubles\n|player|p1|Yu hung lo|janitor|1066\n|player|p2|Modigliana|medium|1048\n|teamsize|p1|6\n|teamsize|p2|6\n|gen|9\n|tier|[Gen 9] National Dex Doubles\n|rated|\n|rule|HP Percentage Mod: HP is shown in percentages\n|rule|Endless Battle Clause: Forcing endless battles is banned\n|rule|OHKO Clause: OHKO moves are banned\n|rule|Evasion Moves Clause: Evasion moves are banned\n|rule|Evasion Abilities Clause: Evasion abilities are banned\n|rule|Species Clause: Limit one of each Pok\u00e9mon\n|rule|Gravity Sleep Clause: The combination of sleep-inducing moves with imperfect accuracy and Gravity or Gigantamax Orbeetle are banned\n|clearpoke\n|poke|p1|Charizard, M|\n|poke|p1|Walking Wake|\n|poke|p1|Landorus-Therian, M|\n|poke|p1|Gastrodon, F|\n|poke|p1|Ogerpon-Hearthflame, F|\n|poke|p1|Grimmsnarl, M|\n|poke|p2|Shuckle, M|\n|poke|p2|Ribombee, F|\n|poke|p2|Weavile, F|\n|poke|p2|Lilligant-Hisui, F|\n|poke|p2|Farigiraf, F|\n|poke|p2|Dracozolt|\n|teampreview\n|inactive|Battle timer is ON: inactive players will automatically lose when time's up. (requested by Yu hung lo)\n|\n|t:|1697333477\n|start\n|switch|p1a: Landorus|Landorus-Therian, M|100\/100\n|switch|p1b: Walking Wake|Walking Wake|100\/100\n|switch|p2a: Eres|Shuckle, M|100\/100\n|switch|p2b: Mitchell|Weavile, F|100\/100\n|-ability|p1a: Landorus|Intimidate|boost\n|-boost|p2a: Eres|atk|1\n|-unboost|p2b: Mitchell|atk|1\n|-ability|p2b: Mitchell|Pressure\n|turn|1\n|\n|t:|1697333499\n|-terastallize|p2a: Eres|Normal\n|move|p1a: Landorus|U-turn|p2b: Mitchell\n|-supereffective|p2b: Mitchell\n|-damage|p2b: Mitchell|15\/100\n|\n|t:|1697333508\n|switch|p1a: Charizard|Charizard, M, shiny|100\/100|[from] U-turn\n|move|p2b: Mitchell|Triple Axel|p1a: Charizard\n|-damage|p1a: Charizard|91\/100\n|-damage|p1a: Charizard|73\/100\n|-damage|p1a: Charizard|46\/100\n|-hitcount|p1a: Charizard|3\n|move|p1b: Walking Wake|Hydro Steam|p2a: Eres\n|-damage|p2a: Eres|57\/100\n|move|p2a: Eres|Power Trick|p2a: Eres\n|-start|p2a: Eres|Power Trick\n|\n|-heal|p2a: Eres|64\/100|[from] item: Leftovers\n|upkeep\n|turn|2\n|\n|t:|1697333535\n|detailschange|p1a: Charizard|Charizard-Mega-Y, M, shiny\n|-mega|p1a: Charizard|Charizard|Charizardite Y\n|-weather|SunnyDay|[from] ability: Drought|[of] p1a: Charizard\n|-activate|p1b: Walking Wake|ability: Protosynthesis\n|-start|p1b: Walking Wake|protosynthesisspe\n|-terastallize|p1b: Walking Wake|Water\n|move|p1a: Charizard|Protect|p1a: Charizard\n|-singleturn|p1a: Charizard|Protect\n|move|p1b: Walking Wake|Hydro Steam|p2a: Eres\n|-damage|p2a: Eres|0 fnt\n|faint|p2a: Eres\n|move|p2b: Mitchell|Knock Off|p1a: Charizard\n|-activate|p1a: Charizard|move: Protect\n|\n|-weather|SunnyDay|[upkeep]\n|upkeep\n|inactive|Modigliana has 120 seconds left.\n|c|\u2606Modigliana|AUGH\n|\n|t:|1697333552\n|switch|p2a: Girafina|Farigiraf, F|100\/100\n|turn|3\n|inactive|Yu hung lo has 120 seconds left.\n|\n|t:|1697333584\n|switch|p1a: Grimmsnarl|Grimmsnarl, M|100\/100\n|move|p1b: Walking Wake|Hydro Steam|p2a: Girafina\n|-damage|p2a: Girafina|0 fnt\n|faint|p2a: Girafina\n|move|p2b: Mitchell|Knock Off|p1a: Grimmsnarl\n|-resisted|p1a: Grimmsnarl\n|-damage|p1a: Grimmsnarl|94\/100\n|-enditem|p1a: Grimmsnarl|Light Clay|[from] move: Knock Off|[of] p2b: Mitchell\n|\n|-weather|SunnyDay|[upkeep]\n|upkeep\n|inactive|Modigliana has 120 seconds left.\n|\n|t:|1697333601\n|switch|p2a: Lily of the Valley|Lilligant-Hisui, F|100\/100\n|turn|4\n|\n|t:|1697333619\n|switch|p2b: Pants|Dracozolt|100\/100\n|move|p1a: Grimmsnarl|Parting Shot|p2a: Lily of the Valley\n|-unboost|p2a: Lily of the Valley|atk|1\n|-unboost|p2a: Lily of the Valley|spa|1\n|\n|t:|1697333625\n|switch|p1a: Landorus|Landorus-Therian, M|100\/100|[from] Parting Shot\n|-ability|p1a: Landorus|Intimidate|boost\n|-unboost|p2a: Lily of the Valley|atk|1\n|-unboost|p2b: Pants|atk|1\n|move|p2a: Lily of the Valley|Leaf Blade|p1b: Walking Wake\n|-supereffective|p1b: Walking Wake\n|-damage|p1b: Walking Wake|63\/100\n|move|p1b: Walking Wake|Hydro Steam|p2a: Lily of the Valley\n|-resisted|p2a: Lily of the Valley\n|-damage|p2a: Lily of the Valley|35\/100\n|\n|-weather|SunnyDay|[upkeep]\n|upkeep\n|turn|5\n|inactive|Yu hung lo has 120 seconds left.\n|\n|t:|1697333658\n|-end|p1b: Walking Wake|Protosynthesis|[silent]\n|switch|p1b: Gastrodon|Gastrodon, F|100\/100\n|move|p2a: Lily of the Valley|Leaf Blade|p1a: Landorus\n|-crit|p1a: Landorus\n|-damage|p1a: Landorus|40\/100\n|move|p1a: Landorus|U-turn|p2b: Pants\n|-damage|p2b: Pants|71\/100\n|inactive|Yu hung lo has 120 seconds left.\n|\n|t:|1697333670\n|switch|p1a: Grimmsnarl|Grimmsnarl, M|94\/100|[from] U-turn\n|move|p2b: Pants|Flamethrower|p1a: Grimmsnarl\n|-damage|p1a: Grimmsnarl|61\/100\n|\n|-weather|SunnyDay|[upkeep]\n|upkeep\n|turn|6\n|\n|t:|1697333697\n|move|p1a: Grimmsnarl|Reflect|p1a: Grimmsnarl\n|-sidestart|p1: Yu hung lo|Reflect\n|move|p2a: Lily of the Valley|Axe Kick|p1a: Grimmsnarl|[miss]\n|-miss|p2a: Lily of the Valley|p1a: Grimmsnarl\n|-damage|p2a: Lily of the Valley|0 fnt|[from] highjumpkick\n|faint|p2a: Lily of the Valley\n|move|p2b: Pants|High Horsepower|p1a: Grimmsnarl\n|-damage|p1a: Grimmsnarl|50\/100\n|move|p1b: Gastrodon|Ice Beam|p2b: Pants\n|-supereffective|p2b: Pants\n|-damage|p2b: Pants|0 fnt\n|faint|p2b: Pants\n|\n|-weather|none\n|upkeep\n|inactive|Modigliana has 120 seconds left.\n|\n|t:|1697333712\n|switch|p2a: Orihime|Ribombee, F|100\/100\n|switch|p2b: Mitchell|Weavile, F|15\/100\n|-ability|p2b: Mitchell|Pressure\n|turn|7\n|\n|t:|1697333727\n|move|p1a: Grimmsnarl|Light Screen|p1a: Grimmsnarl\n|-sidestart|p1: Yu hung lo|move: Light Screen\n|move|p2b: Mitchell|Triple Axel|p1b: Gastrodon|[miss]\n|-miss|p2b: Mitchell|p1b: Gastrodon\n|move|p2a: Orihime|Pollen Puff|p2b: Mitchell\n|-heal|p2b: Mitchell|65\/100\n|move|p1b: Gastrodon|Ice Beam|p2a: Orihime\n|-damage|p2a: Orihime|61\/100\n|\n|upkeep\n|turn|8\n|\n|t:|1697333744\n|move|p2b: Mitchell|Triple Axel|p1b: Gastrodon\n|-damage|p1b: Gastrodon|94\/100\n|-damage|p1b: Gastrodon|83\/100\n|-damage|p1b: Gastrodon|65\/100\n|-hitcount|p1b: Gastrodon|3\n|move|p2a: Orihime|Pollen Puff|p2b: Mitchell\n|-heal|p2b: Mitchell|100\/100\n|move|p1a: Grimmsnarl|Spirit Break|p2b: Mitchell\n|-supereffective|p2b: Mitchell\n|-enditem|p2b: Mitchell|Focus Sash\n|-damage|p2b: Mitchell|1\/100\n|-unboost|p2b: Mitchell|spa|1\n|move|p1b: Gastrodon|Ice Beam|p2a: Orihime\n|-damage|p2a: Orihime|23\/100\n|\n|-heal|p1b: Gastrodon|71\/100|[from] item: Leftovers\n|upkeep\n|turn|9\n|inactive|Modigliana has 120 seconds left.\n|\n|t:|1697333784\n|move|p2b: Mitchell|Triple Axel|p1a: Grimmsnarl\n|-damage|p1a: Grimmsnarl|44\/100\n|-damage|p1a: Grimmsnarl|33\/100\n|-hitcount|p1a: Grimmsnarl|2\n|move|p2a: Orihime|Pollen Puff|p2b: Mitchell\n|-heal|p2b: Mitchell|51\/100\n|move|p1a: Grimmsnarl|Spirit Break|p2a: Orihime\n|-damage|p2a: Orihime|0 fnt\n|faint|p2a: Orihime\n|move|p1b: Gastrodon|Yawn|p1a: Grimmsnarl\n|-start|p1a: Grimmsnarl|move: Yawn|[of] p1b: Gastrodon\n|\n|-heal|p1b: Gastrodon|78\/100|[from] item: Leftovers\n|upkeep\n|turn|10\n|inactive|Modigliana has 120 seconds left.\n|\n|t:|1697333807\n|switch|p1b: Ogerpon|Ogerpon-Hearthflame, F|100\/100\n|-ability|p1b: Ogerpon|Mold Breaker\n|move|p1a: Grimmsnarl|Parting Shot|p1b: Ogerpon\n|-unboost|p1b: Ogerpon|atk|1\n|-unboost|p1b: Ogerpon|spa|1\n|\n|t:|1697333814\n|switch|p1a: Charizard|Charizard-Mega-Y, M, shiny|46\/100|[from] Parting Shot\n|-weather|SunnyDay|[from] ability: Drought|[of] p1a: Charizard\n|move|p2b: Mitchell|Triple Axel|p1b: Ogerpon|[miss]\n|-miss|p2b: Mitchell|p1b: Ogerpon\n|\n|-weather|SunnyDay|[upkeep]\n|-sideend|p1: Yu hung lo|Reflect\n|upkeep\n|turn|11\n|\n|t:|1697333832\n|move|p1b: Ogerpon|Spiky Shield|p1b: Ogerpon\n|-singleturn|p1b: Ogerpon|move: Protect\n|move|p2b: Mitchell|Knock Off|p1b: Ogerpon\n|-activate|p1b: Ogerpon|move: Protect\n|-damage|p2b: Mitchell|38\/100|[from] Spiky Shield|[of] p1b: Ogerpon\n|move|p1a: Charizard|Tailwind|p1a: Charizard\n|-sidestart|p1: Yu hung lo|move: Tailwind\n|\n|-weather|SunnyDay|[upkeep]\n|-sideend|p1: Yu hung lo|move: Light Screen\n|upkeep\n|turn|12\n|\n|t:|1697333850\n|move|p1a: Charizard|Protect|p1a: Charizard\n|-singleturn|p1a: Charizard|Protect\n|move|p1b: Ogerpon|Swords Dance|p1b: Ogerpon\n|-boost|p1b: Ogerpon|atk|2\n|move|p2b: Mitchell|Triple Axel|p1a: Charizard\n|-activate|p1a: Charizard|move: Protect\n|\n|-weather|SunnyDay|[upkeep]\n|upkeep\n|turn|13\n|\n|t:|1697333863\n|switch|p1a: Gastrodon|Gastrodon, F|78\/100\n|move|p1b: Ogerpon|Horn Leech|p1a: Gastrodon\n|-supereffective|p1a: Gastrodon\n|-damage|p1a: Gastrodon|0 fnt\n|faint|p1a: Gastrodon\n|move|p2b: Mitchell|Triple Axel|p1b: Ogerpon|[miss]\n|-miss|p2b: Mitchell|p1b: Ogerpon\n|\n|-weather|SunnyDay|[upkeep]\n|upkeep\n|\n|t:|1697333875\n|switch|p1a: Grimmsnarl|Grimmsnarl, M|33\/100\n|turn|14\n|\n|t:|1697333883\n|move|p1a: Grimmsnarl|Reflect|p1a: Grimmsnarl\n|-sidestart|p1: Yu hung lo|Reflect\n|move|p1b: Ogerpon|Swords Dance|p1b: Ogerpon\n|-boost|p1b: Ogerpon|atk|2\n|move|p2b: Mitchell|Taunt|p1a: Grimmsnarl\n|-start|p1a: Grimmsnarl|move: Taunt\n|\n|-weather|none\n|-sideend|p1: Yu hung lo|move: Tailwind\n|upkeep\n|turn|15\n|\n|t:|1697333896\n|move|p2b: Mitchell|Knock Off|p1b: Ogerpon\n|-crit|p1b: Ogerpon\n|-damage|p1b: Ogerpon|46\/100\n|move|p1b: Ogerpon|Horn Leech|p1a: Grimmsnarl\n|-crit|p1a: Grimmsnarl\n|-damage|p1a: Grimmsnarl|0 fnt\n|-heal|p1b: Ogerpon|67\/100|[from] drain|[of] p1a: Grimmsnarl\n|faint|p1a: Grimmsnarl\n|\n|upkeep\n|\n|t:|1697333906\n|switch|p1a: Landorus|Landorus-Therian, M|40\/100\n|-ability|p1a: Landorus|Intimidate|boost\n|-unboost|p2b: Mitchell|atk|1\n|turn|16\n|\n|t:|1697333917\n|move|p1b: Ogerpon|Spiky Shield|p1b: Ogerpon\n|-singleturn|p1b: Ogerpon|move: Protect\n|move|p1a: Landorus|U-turn|p1b: Ogerpon\n|-activate|p1b: Ogerpon|move: Protect\n|-damage|p1a: Landorus|28\/100|[from] Spiky Shield|[of] p1b: Ogerpon\n|move|p2b: Mitchell|Triple Axel|p1b: Ogerpon\n|-activate|p1b: Ogerpon|move: Protect\n|-damage|p2b: Mitchell|26\/100|[from] Spiky Shield|[of] p1b: Ogerpon\n|\n|upkeep\n|turn|17\n|\n|t:|1697333930\n|switch|p1b: Charizard|Charizard-Mega-Y, M, shiny|46\/100\n|-weather|SunnyDay|[from] ability: Drought|[of] p1b: Charizard\n|move|p1a: Landorus|U-turn|p1b: Charizard\n|-resisted|p1b: Charizard\n|-damage|p1b: Charizard|40\/100\n|\n|t:|1697333938\n|switch|p1a: Ogerpon|Ogerpon-Hearthflame, F|67\/100|[from] U-turn\n|-ability|p1a: Ogerpon|Mold Breaker\n|move|p2b: Mitchell|Triple Axel|p1a: Ogerpon|[miss]\n|-miss|p2b: Mitchell|p1a: Ogerpon\n|\n|-weather|SunnyDay|[upkeep]\n|upkeep\n|turn|18\n|\n|t:|1697333949\n|move|p1a: Ogerpon|Spiky Shield|p1a: Ogerpon\n|-singleturn|p1a: Ogerpon|move: Protect\n|move|p2b: Mitchell|Knock Off|p1a: Ogerpon\n|-activate|p1a: Ogerpon|move: Protect\n|-damage|p2b: Mitchell|14\/100|[from] Spiky Shield|[of] p1a: Ogerpon\n|move|p1b: Charizard|Tailwind|p1b: Charizard\n|-sidestart|p1: Yu hung lo|move: Tailwind\n|\n|-weather|SunnyDay|[upkeep]\n|-sideend|p1: Yu hung lo|Reflect\n|upkeep\n|turn|19\n|\n|t:|1697333965\n|switch|p1b: Landorus|Landorus-Therian, M|28\/100\n|-ability|p1b: Landorus|Intimidate|boost\n|-unboost|p2b: Mitchell|atk|1\n|move|p1a: Ogerpon|Horn Leech|p1b: Landorus\n|-damage|p1b: Landorus|0 fnt\n|-heal|p1a: Ogerpon|82\/100|[from] drain|[of] p1b: Landorus\n|faint|p1b: Landorus\n|move|p2b: Mitchell|Taunt|p1a: Ogerpon\n|-start|p1a: Ogerpon|move: Taunt\n|\n|-weather|SunnyDay|[upkeep]\n|upkeep\n|\n|t:|1697333974\n|switch|p1b: Walking Wake|Walking Wake, tera:Water|63\/100\n|-activate|p1b: Walking Wake|ability: Protosynthesis\n|-start|p1b: Walking Wake|protosynthesisspe\n|turn|20\n|\n|t:|1697333986\n|switch|p1a: Charizard|Charizard-Mega-Y, M, shiny|40\/100\n|move|p1b: Walking Wake|Flip Turn|p2b: Mitchell\n|-damage|p2b: Mitchell|0 fnt\n|faint|p2b: Mitchell\n|\n|win|Yu hung lo\n|raw|Yu hung lo's rating: 1066 &rarr; <strong>1095<\/strong><br \/>(+29 for winning)\n|raw|Modigliana's rating: 1048 &rarr; <strong>1032<\/strong><br \/>(-16 for losing)\n|c|\u2606Modigliana|gg\n","uploadtime":1697333999,"views":12,"p1id":"yuhunglo","p2id":"modigliana","formatid":"gen9nationaldexdoubles","rating":1032,"private":0,"password":""}