{"id":"gen9nationaldexdoubles-1965873712","p1":"SOTMTWWGRM","p2":"lxvliiz","format":"[Gen 9] National Dex Doubles","log":"|j|\u2606SOTMTWWGRM\n|j|\u2606lxvliiz\n|t:|1697126321\n|gametype|doubles\n|player|p1|SOTMTWWGRM|102|1000\n|player|p2|lxvliiz|170|1045\n|teamsize|p1|6\n|teamsize|p2|6\n|gen|9\n|tier|[Gen 9] National Dex Doubles\n|rated|\n|rule|HP Percentage Mod: HP is shown in percentages\n|rule|Endless Battle Clause: Forcing endless battles is banned\n|rule|OHKO Clause: OHKO moves are banned\n|rule|Evasion Moves Clause: Evasion moves are banned\n|rule|Evasion Abilities Clause: Evasion abilities are banned\n|rule|Species Clause: Limit one of each Pok\u00e9mon\n|rule|Gravity Sleep Clause: The combination of sleep-inducing moves with imperfect accuracy and Gravity or Gigantamax Orbeetle are banned\n|clearpoke\n|poke|p1|Ferrothorn, F|\n|poke|p1|Baxcalibur, M|\n|poke|p1|Furfrou-Star, F|\n|poke|p1|Darkrai|\n|poke|p1|Alakazam, M|\n|poke|p1|Empoleon, M|\n|poke|p2|Blaziken, M|\n|poke|p2|Aegislash, F|\n|poke|p2|Azumarill, F|\n|poke|p2|Dragonite, M|\n|poke|p2|Nidoking, M|\n|poke|p2|Ogerpon-Cornerstone, F|\n|teampreview\n|\n|t:|1697126329\n|start\n|switch|p1a: Furfrou|Furfrou-Star, F|100\/100\n|switch|p1b: Empoleon|Empoleon, M|100\/100\n|switch|p2a: Blaziken|Blaziken, M|100\/100\n|switch|p2b: Ogerpon|Ogerpon-Cornerstone, F|100\/100\n|turn|1\n|\n|t:|1697126348\n|switch|p1a: Ferrothorn|Ferrothorn, F|100\/100\n|detailschange|p2a: Blaziken|Blaziken-Mega, M\n|-mega|p2a: Blaziken|Blaziken|Blazikenite\n|move|p2a: Blaziken|Protect|p2a: Blaziken\n|-singleturn|p2a: Blaziken|Protect\n|move|p1b: Empoleon|Protect|p1b: Empoleon\n|-singleturn|p1b: Empoleon|Protect\n|move|p2b: Ogerpon|Follow Me|p2b: Ogerpon\n|-singleturn|p2b: Ogerpon|move: Follow Me\n|\n|-ability|p2a: Blaziken|Speed Boost|boost\n|-boost|p2a: Blaziken|spe|1\n|upkeep\n|turn|2\n|\n|t:|1697126371\n|move|p2b: Ogerpon|Follow Me|p2b: Ogerpon\n|-singleturn|p2b: Ogerpon|move: Follow Me\n|move|p2a: Blaziken|Flame Charge|p1a: Ferrothorn\n|-supereffective|p1a: Ferrothorn\n|-damage|p1a: Ferrothorn|8\/100\n|-boost|p2a: Blaziken|spe|1\n|-damage|p2a: Blaziken|88\/100|[from] ability: Iron Barbs|[of] p1a: Ferrothorn\n|-damage|p2a: Blaziken|72\/100|[from] item: Rocky Helmet|[of] p1a: Ferrothorn\n|move|p1b: Empoleon|Stealth Rock|p2b: Ogerpon\n|-sidestart|p2: lxvliiz|move: Stealth Rock\n|move|p1a: Ferrothorn|Spikes|p2b: Ogerpon\n|-sidestart|p2: lxvliiz|Spikes\n|\n|-ability|p2a: Blaziken|Speed Boost|boost\n|-boost|p2a: Blaziken|spe|1\n|upkeep\n|turn|3\n|\n|t:|1697126396\n|move|p2a: Blaziken|Protect|p2a: Blaziken\n|-singleturn|p2a: Blaziken|Protect\n|move|p1b: Empoleon|Protect|p1b: Empoleon\n|-singleturn|p1b: Empoleon|Protect\n|move|p1a: Ferrothorn|Protect|p1a: Ferrothorn\n|-singleturn|p1a: Ferrothorn|Protect\n|move|p2b: Ogerpon|Follow Me|p2b: Ogerpon\n|-singleturn|p2b: Ogerpon|move: Follow Me\n|\n|-ability|p2a: Blaziken|Speed Boost|boost\n|-boost|p2a: Blaziken|spe|1\n|upkeep\n|turn|4\n|\n|t:|1697126414\n|move|p2a: Blaziken|Bounce||[still]\n|-prepare|p2a: Blaziken|Bounce\n|move|p2b: Ogerpon|Ivy Cudgel|p1a: Ferrothorn\n|-resisted|p1a: Ferrothorn\n|-damage|p1a: Ferrothorn|0 fnt\n|faint|p1a: Ferrothorn\n|move|p1b: Empoleon|Roar|p2a: Blaziken|[miss]\n|-miss|p1b: Empoleon|p2a: Blaziken\n|\n|-ability|p2a: Blaziken|Speed Boost|boost\n|-boost|p2a: Blaziken|spe|1\n|upkeep\n|\n|t:|1697126431\n|switch|p1a: Alakazam|Alakazam, M|100\/100\n|turn|5\n|\n|t:|1697126450\n|detailschange|p1a: Alakazam|Alakazam-Mega, M\n|-mega|p1a: Alakazam|Alakazam|Alakazite\n|-ability|p1a: Alakazam|Sturdy|[from] ability: Trace|[of] p2b: Ogerpon\n|move|p2b: Ogerpon|Follow Me|p2b: Ogerpon\n|-singleturn|p2b: Ogerpon|move: Follow Me\n|move|p2a: Blaziken|Bounce|p1b: Empoleon|[from]lockedmove\n|-resisted|p1b: Empoleon\n|-damage|p1b: Empoleon|86\/100\n|-status|p1b: Empoleon|par\n|move|p1a: Alakazam|Calm Mind|p1a: Alakazam\n|-boost|p1a: Alakazam|spa|1\n|-boost|p1a: Alakazam|spd|1\n|move|p1b: Empoleon|Roar|p2b: Ogerpon\n|drag|p2b: Aegislash|Aegislash, F|100\/100\n|-damage|p2b: Aegislash|94\/100|[from] Stealth Rock\n|-damage|p2b: Aegislash|82\/100|[from] Spikes\n|\n|-ability|p2a: Blaziken|Speed Boost|boost\n|-boost|p2a: Blaziken|spe|1\n|upkeep\n|turn|6\n|\n|t:|1697126487\n|move|p2b: Aegislash|King's Shield|p2b: Aegislash\n|-singleturn|p2b: Aegislash|Protect\n|move|p2a: Blaziken|Bounce||[still]\n|-prepare|p2a: Blaziken|Bounce\n|move|p1a: Alakazam|Shadow Ball|p2b: Aegislash\n|-activate|p2b: Aegislash|move: Protect\n|cant|p1b: Empoleon|par\n|\n|upkeep\n|turn|7\n|\n|t:|1697126504\n|move|p1b: Empoleon|Protect|p1b: Empoleon\n|-singleturn|p1b: Empoleon|Protect\n|move|p2a: Blaziken|Bounce|p1a: Alakazam|[from]lockedmove\n|-damage|p1a: Alakazam|35\/100\n|move|p1a: Alakazam|Calm Mind|p1a: Alakazam\n|-boost|p1a: Alakazam|spa|1\n|-boost|p1a: Alakazam|spd|1\n|-formechange|p2b: Aegislash|Aegislash-Blade||[from] ability: Stance Change\n|move|p2b: Aegislash|Gyro Ball|p1a: Alakazam\n|-damage|p1a: Alakazam|0 fnt\n|faint|p1a: Alakazam\n|\n|upkeep\n|\n|t:|1697126520\n|switch|p1a: Baxcalibur|Baxcalibur, M|100\/100\n|turn|8\n|inactive|Battle timer is ON: inactive players will automatically lose when time's up. (requested by lxvliiz)\n|\n|t:|1697126544\n|move|p2a: Blaziken|Bounce||[still]\n|-prepare|p2a: Blaziken|Bounce\n|move|p1a: Baxcalibur|Glaive Rush|p2b: Aegislash\n|-resisted|p2b: Aegislash\n|-damage|p2b: Aegislash|18\/100\n|-singlemove|p1a: Baxcalibur|Glaive Rush|[silent]\n|move|p2b: Aegislash|Gyro Ball|p1a: Baxcalibur\n|-supereffective|p1a: Baxcalibur\n|-damage|p1a: Baxcalibur|0 fnt\n|faint|p1a: Baxcalibur\n|move|p1b: Empoleon|Roar|p2a: Blaziken|[miss]\n|-miss|p1b: Empoleon|p2a: Blaziken\n|\n|upkeep\n|\n|t:|1697126557\n|switch|p1a: Furfrou|Furfrou-Star, F|100\/100\n|turn|9\n|-message|SOTMTWWGRM forfeited.\n|\n|win|lxvliiz\n|raw|SOTMTWWGRM's rating: 1000 &rarr; <strong>1000<\/strong><br \/>(+0 for losing)\n|raw|lxvliiz's rating: 1045 &rarr; <strong>1074<\/strong><br \/>(+29 for winning)\n|l|\u2606SOTMTWWGRM\n","uploadtime":1697126576,"views":8,"p1id":"sotmtwwgrm","p2id":"lxvliiz","formatid":"gen9nationaldexdoubles","rating":1000,"private":0,"password":""}