{"id":"gen9nationaldexdoubles-1992757458","p1":"psng","p2":"Denvah_17","format":"[Gen 9] National Dex Doubles","log":"|j|\u2606psng\n|j|\u2606Denvah_17\n|t:|1700232722\n|gametype|doubles\n|player|p1|psng|wallace|1203\n|player|p2|Denvah_17|alder|1327\n|teamsize|p1|6\n|teamsize|p2|6\n|gen|9\n|tier|[Gen 9] National Dex Doubles\n|rated|\n|rule|HP Percentage Mod: HP is shown in percentages\n|rule|Endless Battle Clause: Forcing endless battles is banned\n|rule|OHKO Clause: OHKO moves are banned\n|rule|Evasion Moves Clause: Evasion moves are banned\n|rule|Evasion Abilities Clause: Evasion abilities are banned\n|rule|Species Clause: Limit one of each Pok\u00e9mon\n|rule|Gravity Sleep Clause: The combination of sleep-inducing moves with imperfect accuracy and Gravity or Gigantamax Orbeetle are banned\n|clearpoke\n|poke|p1|Hatterene, F|\n|poke|p1|Incineroar, F|\n|poke|p1|Gastrodon-East, M|\n|poke|p1|Mawile, M|\n|poke|p1|Porygon2|\n|poke|p1|Rillaboom, F|\n|poke|p2|Armaldo, M|\n|poke|p2|Iron Valiant|\n|poke|p2|Pelipper, F|\n|poke|p2|Ludicolo, M|\n|poke|p2|Swampert, M|\n|poke|p2|Latias, F|\n|teampreview\n|inactive|Battle timer is ON: inactive players will automatically lose when time's up. (requested by psng)\n|\n|t:|1700232741\n|start\n|switch|p1a: Hatterene|Hatterene, F, shiny|100\/100\n|switch|p1b: Incineroar|Incineroar, F, shiny|100\/100\n|switch|p2a: Margarita Delita|Pelipper, F, shiny|100\/100\n|switch|p2b: Maldolorian-Maul|Armaldo, M, shiny|100\/100\n|-weather|RainDance|[from] ability: Drizzle|[of] p2a: Margarita Delita\n|-ability|p1b: Incineroar|Intimidate|boost\n|-unboost|p2a: Margarita Delita|atk|1\n|-unboost|p2b: Maldolorian-Maul|atk|1\n|turn|1\n|\n|t:|1700232760\n|move|p1b: Incineroar|Fake Out|p2b: Maldolorian-Maul\n|-resisted|p2b: Maldolorian-Maul\n|-damage|p2b: Maldolorian-Maul|94\/100\n|cant|p2b: Maldolorian-Maul|flinch\n|move|p2a: Margarita Delita|Weather Ball|p1a: Hatterene\n|-damage|p1a: Hatterene|62\/100\n|move|p1a: Hatterene|Trick Room|p1a: Hatterene\n|-fieldstart|move: Trick Room|[of] p1a: Hatterene\n|\n|-weather|RainDance|[upkeep]\n|upkeep\n|turn|2\n|inactive|psng has 120 seconds left.\n|\n|t:|1700232808\n|switch|p1a: Gastrodon|Gastrodon-East, M, shiny|100\/100\n|switch|p2b: Xochinilco Hulk|Swampert, M, shiny|100\/100\n|move|p1b: Incineroar|Parting Shot|p2a: Margarita Delita\n|-unboost|p2a: Margarita Delita|atk|1\n|-unboost|p2a: Margarita Delita|spa|1\n|\n|t:|1700232817\n|switch|p1b: Rillaboom|Rillaboom, F, shiny|100\/100|[from] Parting Shot\n|-fieldstart|move: Grassy Terrain|[from] ability: Grassy Surge|[of] p1b: Rillaboom\n|move|p2a: Margarita Delita|Weather Ball|p1a: Gastrodon\n|-activate|p1a: Gastrodon|ability: Storm Drain\n|-ability|p1a: Gastrodon|Storm Drain|boost\n|-boost|p1a: Gastrodon|spa|1\n|\n|-weather|RainDance|[upkeep]\n|upkeep\n|turn|3\n|inactive|psng has 120 seconds left.\n|inactive|Denvah_17 has 120 seconds left.\n|inactive|Denvah_17 has 90 seconds left.\n|\n|t:|1700232892\n|switch|p2a: Fiesta Bowl|Ludicolo, M, shiny|100\/100\n|detailschange|p2b: Xochinilco Hulk|Swampert-Mega, M, shiny\n|-mega|p2b: Xochinilco Hulk|Swampert|Swampertite\n|move|p1b: Rillaboom|Grassy Glide|p2b: Xochinilco Hulk\n|-supereffective|p2b: Xochinilco Hulk\n|-damage|p2b: Xochinilco Hulk|0 fnt\n|faint|p2b: Xochinilco Hulk\n|move|p1a: Gastrodon|Muddy Water|p2a: Fiesta Bowl\n|-resisted|p2a: Fiesta Bowl\n|-damage|p2a: Fiesta Bowl|75\/100\n|\n|-weather|RainDance|[upkeep]\n|-heal|p2a: Fiesta Bowl|81\/100|[from] Grassy Terrain\n|upkeep\n|\n|t:|1700232904\n|switch|p2b: Maldolorian-Maul|Armaldo, M, shiny|94\/100\n|turn|4\n|inactive|Denvah_17 has 90 seconds left.\n|inactive|psng has 120 seconds left.\n|\n|t:|1700232920\n|move|p2a: Fiesta Bowl|Fake Out|p1b: Rillaboom\n|-damage|p1b: Rillaboom|93\/100\n|-damage|p2a: Fiesta Bowl|71\/100|[from] item: Life Orb\n|move|p1a: Gastrodon|Muddy Water|p2b: Maldolorian-Maul|[spread] p2a,p2b\n|-resisted|p2a: Fiesta Bowl\n|-supereffective|p2b: Maldolorian-Maul\n|-damage|p2a: Fiesta Bowl|50\/100\n|-damage|p2b: Maldolorian-Maul|0 fnt\n|-unboost|p2a: Fiesta Bowl|accuracy|1\n|faint|p2b: Maldolorian-Maul\n|cant|p1b: Rillaboom|flinch\n|\n|-weather|RainDance|[upkeep]\n|-heal|p1b: Rillaboom|99\/100|[from] Grassy Terrain\n|-heal|p2a: Fiesta Bowl|56\/100|[from] Grassy Terrain\n|upkeep\n|inactive|Denvah_17 has 90 seconds left.\n|\n|t:|1700232929\n|switch|p2b: Margarita Delita|Pelipper, F, shiny|100\/100\n|turn|5\n|\n|t:|1700232938\n|move|p1a: Gastrodon|Muddy Water|p2a: Fiesta Bowl|[spread] p2a\n|-miss|p1a: Gastrodon|p2b: Margarita Delita\n|-resisted|p2a: Fiesta Bowl\n|-damage|p2a: Fiesta Bowl|36\/100\n|move|p1b: Rillaboom|U-turn|p2a: Fiesta Bowl\n|-supereffective|p2a: Fiesta Bowl\n|-damage|p2a: Fiesta Bowl|0 fnt\n|faint|p2a: Fiesta Bowl\n|\n|t:|1700232947\n|switch|p1b: Porygon2|Porygon2, shiny|100\/100|[from] U-turn\n|-ability|p1b: Porygon2|Download|boost\n|-boost|p1b: Porygon2|spa|1\n|move|p2b: Margarita Delita|Hurricane|p1b: Porygon2\n|-damage|p1b: Porygon2|78\/100\n|\n|-weather|RainDance|[upkeep]\n|-heal|p1b: Porygon2|84\/100|[from] Grassy Terrain\n|-fieldend|move: Trick Room\n|upkeep\n|\n|t:|1700232951\n|switch|p2a: WALL-Eve|Iron Valiant, shiny|100\/100\n|-enditem|p2a: WALL-Eve|Booster Energy\n|-activate|p2a: WALL-Eve|ability: Quark Drive|[fromitem]\n|-start|p2a: WALL-Eve|quarkdrivespe\n|turn|6\n|inactive|psng has 120 seconds left.\n|\n|t:|1700232985\n|switch|p1b: Incineroar|Incineroar, F, shiny|100\/100\n|-ability|p1b: Incineroar|Intimidate|boost\n|-unboost|p2a: WALL-Eve|atk|1\n|-unboost|p2b: Margarita Delita|atk|1\n|move|p2b: Margarita Delita|Helping Hand|p2a: WALL-Eve\n|-singleturn|p2a: WALL-Eve|Helping Hand|[of] p2b: Margarita Delita\n|move|p2a: WALL-Eve|Aura Sphere|p1b: Incineroar\n|-supereffective|p1b: Incineroar\n|-damage|p1b: Incineroar|16\/100\n|-zpower|p1a: Gastrodon\n|move|p1a: Gastrodon|Tectonic Rage|p2a: WALL-Eve|[zeffect]\n|-damage|p2a: WALL-Eve|0 fnt\n|faint|p2a: WALL-Eve\n|-end|p2a: WALL-Eve|Quark Drive|[silent]\n|\n|-weather|RainDance|[upkeep]\n|-heal|p1b: Incineroar|22\/100|[from] Grassy Terrain\n|-heal|p1b: Incineroar|28\/100|[from] item: Leftovers\n|-fieldend|move: Grassy Terrain\n|upkeep\n|\n|t:|1700232997\n|switch|p2a: Latinas|Latias, F, shiny|100\/100\n|turn|7\n|\n|t:|1700233010\n|-terastallize|p2a: Latinas|Electric\n|move|p1b: Incineroar|Fake Out|p2a: Latinas\n|-crit|p2a: Latinas\n|-damage|p2a: Latinas|83\/100\n|-damage|p1b: Incineroar|12\/100|[from] item: Rocky Helmet|[of] p2a: Latinas\n|cant|p2a: Latinas|flinch\n|move|p2b: Margarita Delita|Tailwind|p2b: Margarita Delita\n|-sidestart|p2: Denvah_17|move: Tailwind\n|move|p1a: Gastrodon|Ice Beam|p2a: Latinas\n|-damage|p2a: Latinas|53\/100\n|\n|-weather|RainDance|[upkeep]\n|-heal|p1b: Incineroar|18\/100|[from] item: Leftovers\n|upkeep\n|turn|8\n|\n|t:|1700233024\n|move|p2a: Latinas|Dragon Pulse|p1b: Incineroar\n|-damage|p1b: Incineroar|0 fnt\n|faint|p1b: Incineroar\n|move|p2b: Margarita Delita|Hurricane|p1a: Gastrodon\n|-damage|p1a: Gastrodon|68\/100\n|move|p1a: Gastrodon|Earth Power|p2a: Latinas\n|-immune|p2a: Latinas|[from] ability: Levitate\n|\n|-weather|none\n|upkeep\n|\n|t:|1700233039\n|switch|p1b: Porygon2|Porygon2, shiny|84\/100\n|-ability|p1b: Porygon2|Download|boost\n|-boost|p1b: Porygon2|spa|1\n|turn|9\n|\n|t:|1700233053\n|move|p2a: Latinas|Thunder|p1b: Porygon2\n|-damage|p1b: Porygon2|60\/100\n|move|p2b: Margarita Delita|Hurricane|p1b: Porygon2\n|-damage|p1b: Porygon2|36\/100\n|move|p1a: Gastrodon|Muddy Water|p2a: Latinas|[spread] p2a,p2b\n|-resisted|p2b: Margarita Delita\n|-damage|p2a: Latinas|15\/100\n|-damage|p2b: Margarita Delita|70\/100\n|-unboost|p2b: Margarita Delita|accuracy|1\n|move|p1b: Porygon2|Trick Room|p1b: Porygon2\n|-fieldstart|move: Trick Room|[of] p1b: Porygon2\n|\n|upkeep\n|turn|10\n|\n|t:|1700233070\n|move|p1a: Gastrodon|Muddy Water|p2a: Latinas|[spread] p2b\n|-miss|p1a: Gastrodon|p2a: Latinas\n|-resisted|p2b: Margarita Delita\n|-damage|p2b: Margarita Delita|39\/100\n|move|p1b: Porygon2|Recover|p1b: Porygon2\n|-heal|p1b: Porygon2|86\/100\n|move|p2b: Margarita Delita|Hurricane|p1b: Porygon2|[miss]\n|-miss|p2b: Margarita Delita|p1b: Porygon2\n|move|p2a: Latinas|Roost|p2a: Latinas\n|-heal|p2a: Latinas|66\/100\n|\n|-sideend|p2: Denvah_17|move: Tailwind\n|upkeep\n|turn|11\n|\n|t:|1700233086\n|move|p1a: Gastrodon|Muddy Water|p2b: Margarita Delita|[spread] p2a,p2b\n|-resisted|p2b: Margarita Delita\n|-damage|p2a: Latinas|31\/100\n|-damage|p2b: Margarita Delita|8\/100\n|move|p1b: Porygon2|Thunderbolt|p2b: Margarita Delita\n|-supereffective|p2b: Margarita Delita\n|-damage|p2b: Margarita Delita|0 fnt\n|faint|p2b: Margarita Delita\n|move|p2a: Latinas|Roost|p2a: Latinas\n|-heal|p2a: Latinas|81\/100\n|\n|upkeep\n|turn|12\n|\n|t:|1700233104\n|switch|p1a: Rillaboom|Rillaboom, F, shiny|99\/100\n|-fieldstart|move: Grassy Terrain|[from] ability: Grassy Surge|[of] p1a: Rillaboom\n|move|p1b: Porygon2|Tri Attack|p2a: Latinas\n|-crit|p2a: Latinas\n|-damage|p2a: Latinas|13\/100\n|move|p2a: Latinas|Thunder|p1b: Porygon2|[miss]\n|-miss|p2a: Latinas|p1b: Porygon2\n|\n|-heal|p1b: Porygon2|93\/100|[from] Grassy Terrain\n|-heal|p1a: Rillaboom|100\/100|[from] Grassy Terrain\n|upkeep\n|turn|13\n|\n|t:|1700233123\n|switch|p1b: Mawile|Mawile, M, shiny|100\/100\n|-ability|p1b: Mawile|Intimidate|boost\n|-unboost|p2a: Latinas|atk|1\n|-terastallize|p1a: Rillaboom|Rock\n|move|p1a: Rillaboom|Tera Blast|p2a: Latinas|[anim] Tera Blast Rock\n|-damage|p2a: Latinas|0 fnt\n|faint|p2a: Latinas\n|\n|win|psng\n|raw|psng's rating: 1203 &rarr; <strong>1237<\/strong><br \/>(+34 for winning)\n|raw|Denvah_17's rating: 1327 &rarr; <strong>1300<\/strong><br \/>(-27 for losing)\n","uploadtime":1700233133,"views":10,"p1id":"psng","p2id":"denvah17","formatid":"gen9nationaldexdoubles","rating":1237,"private":0,"password":""}