{"id":"gen9nationaldexdoubles-1952457442","p1":"Edenpotato","p2":"Yume__ice idiot","format":"[Gen 9] National Dex Doubles","log":"|j|\u2606Edenpotato\n|j|\u2606Yume__ice idiot\n|t:|1695686589\n|gametype|doubles\n|player|p1|Edenpotato|265|1116\n|player|p2|Yume__ice idiot|lana|1096\n|teamsize|p1|6\n|teamsize|p2|6\n|gen|9\n|tier|[Gen 9] National Dex Doubles\n|rated|\n|rule|HP Percentage Mod: HP is shown in percentages\n|rule|Endless Battle Clause: Forcing endless battles is banned\n|rule|OHKO Clause: OHKO moves are banned\n|rule|Evasion Moves Clause: Evasion moves are banned\n|rule|Evasion Abilities Clause: Evasion abilities are banned\n|rule|Species Clause: Limit one of each Pok\u00e9mon\n|rule|Gravity Sleep Clause: The combination of sleep-inducing moves with imperfect accuracy and Gravity or Gigantamax Orbeetle are banned\n|clearpoke\n|poke|p1|Clefable, F|\n|poke|p1|Gliscor, F|\n|poke|p1|Ogerpon-Hearthflame, F|\n|poke|p1|Great Tusk|\n|poke|p1|Murkrow, F|\n|poke|p1|Sinistcha-Masterpiece|\n|poke|p2|Baxcalibur, M|\n|poke|p2|Ninetales-Alola, M|\n|poke|p2|Chien-Pao|\n|poke|p2|Cetitan, M|\n|poke|p2|Iron Bundle|\n|poke|p2|Rotom-Frost|\n|teampreview\n|\n|t:|1695686597\n|start\n|switch|p1a: Gliscor|Gliscor, F|100\/100\n|switch|p1b: Murkrow|Murkrow, F|100\/100\n|switch|p2a: Aroura|Ninetales-Alola, M, shiny|100\/100\n|switch|p2b: Icicle|Chien-Pao|100\/100\n|-ability|p2b: Icicle|Sword of Ruin\n|-weather|Snow|[from] ability: Snow Warning|[of] p2a: Aroura\n|turn|1\n|\n|t:|1695686609\n|move|p1b: Murkrow|Tailwind|p1b: Murkrow\n|-sidestart|p1: Edenpotato|move: Tailwind\n|move|p1a: Gliscor|Swords Dance|p1a: Gliscor\n|-boost|p1a: Gliscor|atk|2\n|move|p2b: Icicle|Sacred Sword|p1b: Murkrow\n|-damage|p1b: Murkrow|57\/100\n|move|p2a: Aroura|Dazzling Gleam|p1a: Gliscor|[spread] p1a,p1b\n|-supereffective|p1b: Murkrow\n|-damage|p1a: Gliscor|69\/100\n|-damage|p1b: Murkrow|10\/100\n|\n|-weather|Snow|[upkeep]\n|-status|p1a: Gliscor|tox|[from] item: Toxic Orb\n|upkeep\n|turn|2\n|\n|t:|1695686624\n|switch|p1b: Sinistcha|Sinistcha-Masterpiece|100\/100\n|-heal|p1a: Gliscor|93\/100 tox|[from] ability: Hospitality|[of] p1b: Sinistcha\n|move|p1a: Gliscor|Earthquake|p2a: Aroura|[spread] p1b,p2a,p2b\n|-resisted|p1b: Sinistcha\n|-damage|p1b: Sinistcha|71\/100\n|-damage|p2a: Aroura|14\/100\n|-damage|p2b: Icicle|40\/100\n|move|p2b: Icicle|Sacred Sword|p1a: Gliscor\n|-resisted|p1a: Gliscor\n|-damage|p1a: Gliscor|74\/100 tox\n|move|p2a: Aroura|Moonblast|p1b: Sinistcha\n|-damage|p1b: Sinistcha|26\/100\n|\n|-weather|Snow|[upkeep]\n|-heal|p1a: Gliscor|86\/100 tox|[from] ability: Poison Heal\n|upkeep\n|turn|3\n|\n|t:|1695686644\n|switch|p1b: Great Tusk|Great Tusk|100\/100\n|move|p1a: Gliscor|Earthquake|p2b: Icicle|[spread] p1b,p2a,p2b\n|-damage|p1b: Great Tusk|62\/100\n|-damage|p2a: Aroura|0 fnt\n|-damage|p2b: Icicle|0 fnt\n|faint|p2a: Aroura\n|faint|p2b: Icicle\n|\n|-weather|Snow|[upkeep]\n|-heal|p1b: Great Tusk|68\/100|[from] item: Leftovers\n|-heal|p1a: Gliscor|99\/100 tox|[from] ability: Poison Heal\n|upkeep\n|\n|t:|1695686655\n|switch|p2b: MacnCheese|Rotom-Frost, shiny|100\/100\n|switch|p2a: Does he know?|Cetitan, M, shiny|100\/100\n|turn|4\n|\n|t:|1695686673\n|move|p1a: Gliscor|Swords Dance|p1a: Gliscor\n|-boost|p1a: Gliscor|atk|2\n|move|p2a: Does he know?|Earthquake|p1b: Great Tusk|[spread] p1b\n|-immune|p2b: MacnCheese|[from] ability: Levitate\n|-immune|p1a: Gliscor\n|-damage|p1b: Great Tusk|58\/100\n|move|p1b: Great Tusk|Body Press|p2a: Does he know?\n|-supereffective|p2a: Does he know?\n|-damage|p2a: Does he know?|43\/100\n|move|p2b: MacnCheese|Blizzard|p1b: Great Tusk|[spread] p1a,p1b\n|-supereffective|p1a: Gliscor\n|-supereffective|p1b: Great Tusk\n|-crit|p1b: Great Tusk\n|-damage|p1a: Gliscor|0 fnt\n|-damage|p1b: Great Tusk|0 fnt\n|faint|p1a: Gliscor\n|faint|p1b: Great Tusk\n|-end|p1b: Great Tusk|Protosynthesis|[silent]\n|\n|-weather|Snow|[upkeep]\n|-heal|p2a: Does he know?|49\/100|[from] item: Leftovers\n|-sideend|p1: Edenpotato|move: Tailwind\n|upkeep\n|\n|t:|1695686692\n|switch|p1a: Ogerpon|Ogerpon-Hearthflame, F|100\/100\n|switch|p1b: Murkrow|Murkrow, F|10\/100\n|-ability|p1a: Ogerpon|Mold Breaker\n|turn|5\n|\n|t:|1695686707\n|move|p1b: Murkrow|Tailwind|p1b: Murkrow\n|-sidestart|p1: Edenpotato|move: Tailwind\n|move|p1a: Ogerpon|Ivy Cudgel|p2b: MacnCheese\n|-supereffective|p2b: MacnCheese\n|-damage|p2b: MacnCheese|11\/100\n|move|p2a: Does he know?|Earthquake|p1b: Murkrow|[spread] p1a\n|-immune|p2b: MacnCheese|[from] ability: Levitate\n|-immune|p1b: Murkrow\n|-damage|p1a: Ogerpon|71\/100\n|move|p2b: MacnCheese|Blizzard|p1b: Murkrow|[spread] p1a,p1b\n|-supereffective|p1b: Murkrow\n|-damage|p1a: Ogerpon|31\/100\n|-damage|p1b: Murkrow|0 fnt\n|faint|p1b: Murkrow\n|\n|-weather|Snow|[upkeep]\n|-heal|p2a: Does he know?|56\/100|[from] item: Leftovers\n|upkeep\n|\n|t:|1695686722\n|switch|p1b: Sinistcha|Sinistcha-Masterpiece|26\/100\n|-heal|p1a: Ogerpon|56\/100|[from] ability: Hospitality|[of] p1b: Sinistcha\n|turn|6\n|\n|t:|1695686735\n|-terastallize|p2b: MacnCheese|Water\n|move|p1a: Ogerpon|Horn Leech|p2a: Does he know?\n|-damage|p2a: Does he know?|24\/100\n|-heal|p1a: Ogerpon|81\/100|[from] drain|[of] p2a: Does he know?\n|move|p2a: Does he know?|Earthquake|p1a: Ogerpon|[spread] p1a,p1b\n|-immune|p2b: MacnCheese|[from] ability: Levitate\n|-resisted|p1b: Sinistcha\n|-damage|p1a: Ogerpon|50\/100\n|-damage|p1b: Sinistcha|18\/100\n|move|p1b: Sinistcha|Matcha Gotcha|p2b: MacnCheese|[spread] p2a\n|-miss|p1b: Sinistcha|p2b: MacnCheese\n|-damage|p2a: Does he know?|0 fnt\n|-heal|p1b: Sinistcha|40\/100|[from] drain|[of] p2a: Does he know?\n|faint|p2a: Does he know?\n|move|p2b: MacnCheese|Tera Blast|p1a: Ogerpon|[anim] Tera Blast Water\n|-damage|p1a: Ogerpon|10\/100\n|\n|-weather|Snow|[upkeep]\n|upkeep\n|\n|t:|1695686753\n|switch|p2a: I dont OU|Baxcalibur, M, shiny|100\/100\n|turn|7\n|\n|t:|1695686788\n|-terastallize|p1a: Ogerpon|Fire\n|detailschange|p1a: Ogerpon|Ogerpon-Hearthflame-Tera, F, tera:Fire\n|-ability|p1a: Ogerpon|Embody Aspect (Hearthflame)|boost\n|-boost|p1a: Ogerpon|atk|1\n|move|p2a: I dont OU|Ice Shard|p1a: Ogerpon\n|-resisted|p1a: Ogerpon\n|-damage|p1a: Ogerpon|0 fnt\n|faint|p1a: Ogerpon\n|move|p1b: Sinistcha|Strength Sap|p1: Ogerpon|[notarget]\n|-fail|p1b: Sinistcha\n|move|p2b: MacnCheese|Blizzard|p1b: Sinistcha\n|-supereffective|p1b: Sinistcha\n|-damage|p1b: Sinistcha|0 fnt\n|faint|p1b: Sinistcha\n|\n|-weather|Snow|[upkeep]\n|upkeep\n|-message|Edenpotato forfeited.\n|\n|win|Yume__ice idiot\n|raw|Edenpotato's rating: 1116 &rarr; <strong>1090<\/strong><br \/>(-26 for losing)\n|raw|Yume__ice idiot's rating: 1096 &rarr; <strong>1123<\/strong><br \/>(+27 for winning)\n|l|\u2606Edenpotato\n","uploadtime":1695686808,"views":12,"p1id":"edenpotato","p2id":"yumeiceidiot","formatid":"gen9nationaldexdoubles","rating":1090,"private":0,"password":""}