{"id":"gen9nationaldexdoubles-1960361875","p1":"AerixThorn","p2":"georgexiii","format":"[Gen 9] National Dex Doubles","log":"|j|\u2606AerixThorn\n|j|\u2606georgexiii\n|t:|1696519813\n|gametype|doubles\n|player|p1|AerixThorn|volkner|1086\n|player|p2|georgexiii|birdkeeper-gen4dp|1042\n|teamsize|p1|6\n|teamsize|p2|6\n|gen|9\n|tier|[Gen 9] National Dex Doubles\n|rated|\n|rule|HP Percentage Mod: HP is shown in percentages\n|rule|Endless Battle Clause: Forcing endless battles is banned\n|rule|OHKO Clause: OHKO moves are banned\n|rule|Evasion Moves Clause: Evasion moves are banned\n|rule|Evasion Abilities Clause: Evasion abilities are banned\n|rule|Species Clause: Limit one of each Pok\u00e9mon\n|rule|Gravity Sleep Clause: The combination of sleep-inducing moves with imperfect accuracy and Gravity or Gigantamax Orbeetle are banned\n|clearpoke\n|poke|p1|Kommo-o, M|\n|poke|p1|Oricorio-Sensu, F|\n|poke|p1|Meowscarada, M|\n|poke|p1|Quaquaval, M|\n|poke|p1|Ribombee, F|\n|poke|p1|Vivillon-Marine, F|\n|poke|p2|Ribombee, F|\n|poke|p2|Oricorio-Pom-Pom, F|\n|poke|p2|Clefable, F|\n|poke|p2|Primarina, M|\n|poke|p2|Chandelure, F|\n|poke|p2|Lopunny, F|\n|teampreview\n|inactive|Battle timer is ON: inactive players will automatically lose when time's up. (requested by AerixThorn)\n|c|\u2606georgexiii|oo[\n|c|\u2606georgexiii|oo[\n|c|\u2606georgexiii|oop\n|c|\u2606georgexiii|its giving dance off\n|inactive|georgexiii has 120 seconds left.\n|c|\u2606AerixThorn|Well this is awkward\n|\n|t:|1696519857\n|start\n|switch|p1a: Oricorio|Oricorio-Sensu, F|100\/100\n|switch|p1b: Ribombee|Ribombee, F|100\/100\n|switch|p2a: Cream|Oricorio-Pom-Pom, F, shiny|100\/100\n|switch|p2b: Midge|Clefable, F|100\/100\n|turn|1\n|\n|t:|1696519884\n|move|p1b: Ribombee|Draining Kiss|p2a: Cream\n|-damage|p2a: Cream|70\/100\n|move|p2a: Cream|Icy Wind|p1a: Oricorio|[spread] p1a,p1b\n|-supereffective|p1a: Oricorio\n|-damage|p1a: Oricorio|74\/100\n|-damage|p1b: Ribombee|84\/100\n|-unboost|p1a: Oricorio|spe|1\n|-unboost|p1b: Ribombee|spe|1\n|move|p1a: Oricorio|Revelation Dance|p2a: Cream\n|-damage|p2a: Cream|0 fnt\n|faint|p2a: Cream\n|move|p2b: Midge|Skill Swap|p1a: Oricorio\n|-activate|p2b: Midge|move: Skill Swap|Dancer|Magic Guard|[of] p1a: Oricorio\n|\n|-heal|p1b: Ribombee|90\/100|[from] item: Leftovers\n|upkeep\n|inactive|georgexiii has 120 seconds left.\n|\n|t:|1696519902\n|switch|p2a: Ribombee|Ribombee, F, shiny|100\/100\n|turn|2\n|\n|t:|1696519910\n|switch|p1a: Meowscarada|Meowscarada, M|100\/100\n|move|p2b: Midge|Follow Me|p2b: Midge\n|-singleturn|p2b: Midge|move: Follow Me\n|move|p2a: Ribombee|Quiver Dance|p2a: Ribombee\n|-boost|p2a: Ribombee|spa|1\n|-boost|p2a: Ribombee|spd|1\n|-boost|p2a: Ribombee|spe|1\n|-activate|p2b: Midge|ability: Dancer\n|move|p2b: Midge|Quiver Dance|p2b: Midge|[from]ability: Dancer\n|-boost|p2b: Midge|spa|1\n|-boost|p2b: Midge|spd|1\n|-boost|p2b: Midge|spe|1\n|move|p1b: Ribombee|Bug Buzz|p2b: Midge\n|-resisted|p2b: Midge\n|-damage|p2b: Midge|91\/100\n|\n|-heal|p1b: Ribombee|96\/100|[from] item: Leftovers\n|upkeep\n|turn|3\n|inactive|georgexiii has 120 seconds left.\n|\n|t:|1696519948\n|move|p2b: Midge|Follow Me|p2b: Midge\n|-singleturn|p2b: Midge|move: Follow Me\n|move|p2a: Ribombee|Quiver Dance|p2a: Ribombee\n|-boost|p2a: Ribombee|spa|1\n|-boost|p2a: Ribombee|spd|1\n|-boost|p2a: Ribombee|spe|1\n|-activate|p2b: Midge|ability: Dancer\n|move|p2b: Midge|Quiver Dance|p2b: Midge|[from]ability: Dancer\n|-boost|p2b: Midge|spa|1\n|-boost|p2b: Midge|spd|1\n|-boost|p2b: Midge|spe|1\n|move|p1a: Meowscarada|Skill Swap|p2b: Midge\n|-start|p1a: Meowscarada|typechange|Psychic|[from] ability: Protean\n|-activate|p1a: Meowscarada|move: Skill Swap|Dancer|Protean|[of] p2b: Midge\n|move|p1b: Ribombee|Acrobatics|p2b: Midge\n|-damage|p2b: Midge|83\/100\n|\n|-heal|p1b: Ribombee|100\/100|[from] item: Leftovers\n|upkeep\n|turn|4\n|inactive|georgexiii has 120 seconds left.\n|\n|t:|1696519974\n|switch|p1a: Quaquaval|Quaquaval, M|100\/100\n|move|p2a: Ribombee|Skill Swap|p1a: Quaquaval\n|-activate|p2a: Ribombee|move: Skill Swap|Moxie|Sweet Veil|[of] p1a: Quaquaval\n|move|p2b: Midge|Stored Power|p1a: Quaquaval\n|-start|p2b: Midge|typechange|Psychic|[from] ability: Protean\n|-supereffective|p1a: Quaquaval\n|-damage|p1a: Quaquaval|0 fnt\n|faint|p1a: Quaquaval\n|move|p1b: Ribombee|Acrobatics|p2a: Ribombee\n|-supereffective|p2a: Ribombee\n|-damage|p2a: Ribombee|68\/100\n|\n|upkeep\n|inactive|AerixThorn has 120 seconds left.\n|\n|t:|1696519994\n|switch|p1a: Meowscarada|Meowscarada, M|100\/100\n|turn|5\n|\n|t:|1696520015\n|move|p2a: Ribombee|Moonblast|p1a: Meowscarada\n|-supereffective|p1a: Meowscarada\n|-damage|p1a: Meowscarada|0 fnt\n|faint|p1a: Meowscarada\n|-ability|p2a: Ribombee|Moxie|boost\n|-boost|p2a: Ribombee|atk|1\n|-damage|p2a: Ribombee|58\/100|[from] item: Life Orb\n|move|p2b: Midge|Stored Power|p1b: Ribombee\n|-damage|p1b: Ribombee|0 fnt\n|faint|p1b: Ribombee\n|\n|upkeep\n|\n|t:|1696520021\n|switch|p1a: Kommo-o|Kommo-o, M|100\/100\n|switch|p1b: Oricorio|Oricorio-Sensu, F|74\/100\n|turn|6\n|\n|t:|1696520043\n|-terastallize|p1a: Kommo-o|Dragon\n|move|p2a: Ribombee|Skill Swap|p1b: Oricorio\n|-activate|p2a: Ribombee|move: Skill Swap|Dancer|Moxie|[of] p1b: Oricorio\n|move|p2b: Midge|Stored Power|p1a: Kommo-o\n|-damage|p1a: Kommo-o|0 fnt\n|faint|p1a: Kommo-o\n|move|p1b: Oricorio|Dual Wingbeat|p2a: Ribombee\n|-supereffective|p2a: Ribombee\n|-damage|p2a: Ribombee|18\/100\n|-supereffective|p2a: Ribombee\n|-damage|p2a: Ribombee|0 fnt\n|faint|p2a: Ribombee\n|-ability|p1b: Oricorio|Moxie|boost\n|-boost|p1b: Oricorio|atk|1\n|-hitcount|p2: Ribombee|2\n|\n|upkeep\n|\n|t:|1696520061\n|switch|p2a: President Barbie|Lopunny, F, shiny|100\/100\n|switch|p1a: Vivillon|Vivillon-Marine, F|100\/100\n|turn|7\n|\n|t:|1696520078\n|detailschange|p2a: President Barbie|Lopunny-Mega, F, shiny\n|-mega|p2a: President Barbie|Lopunny|Lopunnite\n|move|p2a: President Barbie|Fake Out|p1a: Vivillon\n|-damage|p1a: Vivillon|60\/100\n|move|p2b: Midge|Wish|p2b: Midge\n|move|p1b: Oricorio|Air Slash|p2a: President Barbie\n|-supereffective|p2a: President Barbie\n|-damage|p2a: President Barbie|1\/100\n|cant|p1a: Vivillon|flinch\n|\n|upkeep\n|turn|8\n|c|\u2606AerixThorn|Gg, you got this\n|\n|t:|1696520100\n|move|p2a: President Barbie|High Jump Kick|p1a: Vivillon\n|-resisted|p1a: Vivillon\n|-damage|p1a: Vivillon|24\/100\n|move|p2b: Midge|Stored Power|p1b: Oricorio\n|-damage|p1b: Oricorio|0 fnt\n|faint|p1b: Oricorio\n|move|p1a: Vivillon|Sleep Powder|p2b: Midge\n|-status|p2b: Midge|slp|[from] move: Sleep Powder\n|\n|-heal|p2b: Midge|100\/100 slp|[from] move: Wish|[wisher] Midge\n|upkeep\n|turn|9\n|c|\u2606georgexiii|gg\n|\n|t:|1696520114\n|move|p2a: President Barbie|Heal Bell|p2a: President Barbie\n|-activate|p2a: President Barbie|move: Heal Bell\n|-curestatus|p2b: Midge|slp|[msg]\n|move|p2b: Midge|Stored Power|p1a: Vivillon\n|-damage|p1a: Vivillon|0 fnt\n|faint|p1a: Vivillon\n|\n|win|georgexiii\n|raw|AerixThorn's rating: 1086 &rarr; <strong>1060<\/strong><br \/>(-26 for losing)\n|raw|georgexiii's rating: 1042 &rarr; <strong>1080<\/strong><br \/>(+38 for winning)\n","uploadtime":1696520126,"views":6,"p1id":"aerixthorn","p2id":"georgexiii","formatid":"gen9nationaldexdoubles","rating":1060,"private":0,"password":""}