{"id":"gen9nationaldexdoubles-1990481210","p1":"Androiddxx","p2":"Victor hg 999","format":"[Gen 9] National Dex Doubles","log":"|j|\u2606Androiddxx\n|j|\u2606Victor hg 999\n|t:|1699974919\n|gametype|doubles\n|player|p1|Androiddxx|lucas|1052\n|player|p2|Victor hg 999|lucas|1046\n|teamsize|p1|6\n|teamsize|p2|6\n|gen|9\n|tier|[Gen 9] National Dex Doubles\n|rated|\n|rule|HP Percentage Mod: HP is shown in percentages\n|rule|Endless Battle Clause: Forcing endless battles is banned\n|rule|OHKO Clause: OHKO moves are banned\n|rule|Evasion Moves Clause: Evasion moves are banned\n|rule|Evasion Abilities Clause: Evasion abilities are banned\n|rule|Species Clause: Limit one of each Pok\u00e9mon\n|rule|Gravity Sleep Clause: The combination of sleep-inducing moves with imperfect accuracy and Gravity or Gigantamax Orbeetle are banned\n|clearpoke\n|poke|p1|Swampert, F|\n|poke|p1|Raichu, M|\n|poke|p1|Hitmontop, M|\n|poke|p1|Sceptile, F|\n|poke|p1|Incineroar, M|\n|poke|p1|Metagross|\n|poke|p2|Swampert, F|\n|poke|p2|Pelipper, M|\n|poke|p2|Ludicolo, F|\n|poke|p2|Zapdos|\n|poke|p2|Tornadus, M|\n|poke|p2|Urshifu-*, F|\n|teampreview\n|inactive|Battle timer is ON: inactive players will automatically lose when time's up. (requested by Victor hg 999)\n|\n|t:|1699974932\n|start\n|switch|p1a: Hitmontop|Hitmontop, M|100\/100\n|switch|p1b: Metagross|Metagross|100\/100\n|switch|p2a: Pelipper|Pelipper, M|100\/100\n|switch|p2b: Ludicolo|Ludicolo, F|100\/100\n|-weather|RainDance|[from] ability: Drizzle|[of] p2a: Pelipper\n|turn|1\n|\n|t:|1699974952\n|move|p1a: Hitmontop|Brick Break|p2b: Ludicolo\n|-damage|p2b: Ludicolo|60\/100\n|move|p1b: Metagross|Stealth Rock|p2a: Pelipper\n|-sidestart|p2: Victor hg 999|move: Stealth Rock\n|move|p2b: Ludicolo|Leech Seed|p1b: Metagross\n|-start|p1b: Metagross|move: Leech Seed\n|move|p2a: Pelipper|Tailwind|p2a: Pelipper\n|-sidestart|p2: Victor hg 999|move: Tailwind\n|\n|-weather|RainDance|[upkeep]\n|-heal|p2b: Ludicolo|66\/100|[from] ability: Rain Dish\n|-heal|p2b: Ludicolo|72\/100|[from] item: Leftovers\n|-damage|p1b: Metagross|88\/100|[from] Leech Seed|[of] p2b: Ludicolo\n|-heal|p2b: Ludicolo|82\/100|[silent]\n|upkeep\n|turn|2\n|\n|t:|1699974973\n|move|p2b: Ludicolo|Substitute|p2b: Ludicolo\n|-start|p2b: Ludicolo|Substitute\n|-damage|p2b: Ludicolo|57\/100\n|move|p2a: Pelipper|Weather Ball|p1b: Metagross\n|-damage|p1b: Metagross|29\/100\n|move|p1b: Metagross|Iron Head|p2b: Ludicolo\n|-resisted|p2b: Ludicolo\n|-activate|p2b: Ludicolo|move: Substitute|[damage]\n|move|p1a: Hitmontop|Brick Break|p2b: Ludicolo\n|-end|p2b: Ludicolo|Substitute\n|\n|-weather|RainDance|[upkeep]\n|-heal|p2b: Ludicolo|63\/100|[from] ability: Rain Dish\n|-heal|p2b: Ludicolo|69\/100|[from] item: Leftovers\n|-damage|p1b: Metagross|17\/100|[from] Leech Seed|[of] p2b: Ludicolo\n|-heal|p2b: Ludicolo|80\/100|[silent]\n|upkeep\n|turn|3\n|\n|t:|1699974999\n|move|p2b: Ludicolo|Substitute|p2b: Ludicolo\n|-start|p2b: Ludicolo|Substitute\n|-damage|p2b: Ludicolo|55\/100\n|move|p2a: Pelipper|Weather Ball|p1a: Hitmontop\n|-damage|p1a: Hitmontop|38\/100\n|move|p1b: Metagross|Iron Head|p2b: Ludicolo\n|-resisted|p2b: Ludicolo\n|-activate|p2b: Ludicolo|move: Substitute|[damage]\n|move|p1a: Hitmontop|Brick Break|p2b: Ludicolo\n|-end|p2b: Ludicolo|Substitute\n|\n|-weather|RainDance|[upkeep]\n|-heal|p2b: Ludicolo|61\/100|[from] ability: Rain Dish\n|-heal|p2b: Ludicolo|67\/100|[from] item: Leftovers\n|-damage|p1b: Metagross|5\/100|[from] Leech Seed|[of] p2b: Ludicolo\n|-heal|p2b: Ludicolo|77\/100|[silent]\n|upkeep\n|turn|4\n|inactive|Androiddxx has 120 seconds left.\n|\n|t:|1699975034\n|move|p2b: Ludicolo|Substitute|p2b: Ludicolo\n|-start|p2b: Ludicolo|Substitute\n|-damage|p2b: Ludicolo|52\/100\n|move|p2a: Pelipper|Weather Ball|p1a: Hitmontop\n|-crit|p1a: Hitmontop\n|-damage|p1a: Hitmontop|0 fnt\n|faint|p1a: Hitmontop\n|move|p1b: Metagross|Psycho Cut|p2b: Ludicolo\n|-end|p2b: Ludicolo|Substitute\n|\n|-weather|RainDance|[upkeep]\n|-heal|p2b: Ludicolo|58\/100|[from] ability: Rain Dish\n|-heal|p2b: Ludicolo|64\/100|[from] item: Leftovers\n|-damage|p1b: Metagross|0 fnt|[from] Leech Seed|[of] p2b: Ludicolo\n|-heal|p2b: Ludicolo|68\/100|[silent]\n|faint|p1b: Metagross\n|-sideend|p2: Victor hg 999|move: Tailwind\n|upkeep\n|inactive|Androiddxx has 90 seconds left.\n|\n|t:|1699975064\n|switch|p1a: Raichu|Raichu, M|100\/100\n|switch|p1b: Swampert|Swampert, F|100\/100\n|turn|5\n|\n|t:|1699975082\n|switch|p2b: Tornadus|Tornadus, M|100\/100\n|-damage|p2b: Tornadus|76\/100|[from] Stealth Rock\n|switch|p2a: Swampert|Swampert, F|100\/100\n|-damage|p2a: Swampert|94\/100|[from] Stealth Rock\n|move|p1a: Raichu|Thunderbolt|p2a: Swampert\n|-immune|p2a: Swampert\n|move|p1b: Swampert|Ice Punch|p2b: Tornadus\n|-supereffective|p2b: Tornadus\n|-damage|p2b: Tornadus|13\/100\n|\n|-weather|none\n|-heal|p2b: Tornadus|19\/100|[from] item: Leftovers\n|upkeep\n|turn|6\n|inactive|Androiddxx has 120 seconds left.\n|\n|t:|1699975104\n|detailschange|p2a: Swampert|Swampert-Mega, F\n|-mega|p2a: Swampert|Swampert|Swampertite\n|move|p1a: Raichu|Quick Attack|p2b: Tornadus\n|-damage|p2b: Tornadus|8\/100\n|move|p2b: Tornadus|Rain Dance|p2b: Tornadus\n|-weather|RainDance\n|move|p2a: Swampert|Bulk Up|p2a: Swampert\n|-boost|p2a: Swampert|atk|1\n|-boost|p2a: Swampert|def|1\n|move|p1b: Swampert|Ice Punch|p2a: Swampert\n|-damage|p2a: Swampert|82\/100\n|\n|-weather|RainDance|[upkeep]\n|-heal|p2b: Tornadus|14\/100|[from] item: Leftovers\n|upkeep\n|turn|7\n|inactive|Androiddxx has 120 seconds left.\n|\n|t:|1699975136\n|move|p2b: Tornadus|Tailwind|p2b: Tornadus\n|-sidestart|p2: Victor hg 999|move: Tailwind\n|move|p2a: Swampert|Bulk Up|p2a: Swampert\n|-boost|p2a: Swampert|atk|1\n|-boost|p2a: Swampert|def|1\n|move|p1a: Raichu|Thunderbolt|p2b: Tornadus\n|-supereffective|p2b: Tornadus\n|-damage|p2b: Tornadus|0 fnt\n|faint|p2b: Tornadus\n|move|p1b: Swampert|Waterfall|p2a: Swampert\n|-crit|p2a: Swampert\n|-damage|p2a: Swampert|20\/100\n|\n|-weather|RainDance|[upkeep]\n|upkeep\n|inactive|Victor hg 999 has 120 seconds left.\n|\n|t:|1699975154\n|switch|p2b: Urshifu|Urshifu-Rapid-Strike, F|100\/100\n|-damage|p2b: Urshifu|94\/100|[from] Stealth Rock\n|turn|8\n|\n|t:|1699975168\n|move|p2a: Swampert|Liquidation|p1b: Swampert\n|-enditem|p1b: Swampert|Focus Sash\n|-damage|p1b: Swampert|1\/100\n|move|p2b: Urshifu|Surging Strikes|p1a: Raichu\n|-crit|p1a: Raichu\n|-damage|p1a: Raichu|20\/100\n|-crit|p1a: Raichu\n|-damage|p1a: Raichu|0 fnt\n|faint|p1a: Raichu\n|-hitcount|p1: Raichu|2\n|move|p1b: Swampert|Waterfall|p2a: Swampert\n|-damage|p2a: Swampert|0 fnt\n|faint|p2a: Swampert\n|\n|-weather|RainDance|[upkeep]\n|upkeep\n|\n|t:|1699975185\n|switch|p1a: Sceptile|Sceptile, F|100\/100\n|switch|p2a: Zapdos|Zapdos|100\/100\n|-damage|p2a: Zapdos|76\/100|[from] Stealth Rock\n|-ability|p2a: Zapdos|Pressure\n|turn|9\n|\n|t:|1699975201\n|move|p2b: Urshifu|Aqua Jet|p1b: Swampert\n|-damage|p1b: Swampert|0 fnt\n|faint|p1b: Swampert\n|move|p2a: Zapdos|Hurricane|p1a: Sceptile\n|-supereffective|p1a: Sceptile\n|-damage|p1a: Sceptile|0 fnt\n|faint|p1a: Sceptile\n|-damage|p2a: Zapdos|66\/100|[from] item: Life Orb\n|\n|-weather|RainDance|[upkeep]\n|upkeep\n|\n|t:|1699975219\n|switch|p1a: Incineroar|Incineroar, M|100\/100\n|-item|p1a: Incineroar|Air Balloon\n|turn|10\n|\n|t:|1699975231\n|move|p2a: Zapdos|Tailwind||[still]\n|-fail|p2a: Zapdos\n|move|p2b: Urshifu|Surging Strikes|p1a: Incineroar\n|-supereffective|p1a: Incineroar\n|-crit|p1a: Incineroar\n|-damage|p1a: Incineroar|26\/100\n|-enditem|p1a: Incineroar|Air Balloon\n|-supereffective|p1a: Incineroar\n|-crit|p1a: Incineroar\n|-damage|p1a: Incineroar|0 fnt\n|faint|p1a: Incineroar\n|-hitcount|p1: Incineroar|2\n|\n|win|Victor hg 999\n|raw|Androiddxx's rating: 1052 &rarr; <strong>1034<\/strong><br \/>(-18 for losing)\n|raw|Victor hg 999's rating: 1046 &rarr; <strong>1080<\/strong><br \/>(+34 for winning)\n","uploadtime":1699975245,"views":10,"p1id":"androiddxx","p2id":"victorhg999","formatid":"gen9nationaldexdoubles","rating":1034,"private":0,"password":""}