{"id":"gen9nationaldexdoubles-1970766602","p1":"Tubaguia_Ofc","p2":"h lhvlvjhi","format":"[Gen 9] National Dex Doubles","log":"|j|\u2606Tubaguia_Ofc\n|j|\u2606h lhvlvjhi\n|t:|1697665152\n|gametype|doubles\n|player|p1|Tubaguia_Ofc|iris-gen5bw2|1149\n|player|p2|h lhvlvjhi|youngster-gen4dp|1094\n|teamsize|p1|6\n|teamsize|p2|6\n|gen|9\n|tier|[Gen 9] National Dex Doubles\n|rated|\n|rule|HP Percentage Mod: HP is shown in percentages\n|rule|Endless Battle Clause: Forcing endless battles is banned\n|rule|OHKO Clause: OHKO moves are banned\n|rule|Evasion Moves Clause: Evasion moves are banned\n|rule|Evasion Abilities Clause: Evasion abilities are banned\n|rule|Species Clause: Limit one of each Pok\u00e9mon\n|rule|Gravity Sleep Clause: The combination of sleep-inducing moves with imperfect accuracy and Gravity or Gigantamax Orbeetle are banned\n|clearpoke\n|poke|p1|Landorus-Therian, M|\n|poke|p1|Tornadus, M|\n|poke|p1|Chandelure, F|\n|poke|p1|Hydreigon, M|\n|poke|p1|Lilligant-Hisui, F|\n|poke|p1|Victini|\n|poke|p2|Indeedee-F, F|\n|poke|p2|Oranguru, F|\n|poke|p2|Glastrier|\n|poke|p2|Hoopa-Unbound|\n|poke|p2|Ursaluna, F|\n|poke|p2|Zygarde|\n|teampreview\n|inactive|Battle timer is ON: inactive players will automatically lose when time's up. (requested by h lhvlvjhi)\n|\n|t:|1697665166\n|start\n|switch|p1a: Healthy meta|Tornadus, M, shiny|100\/100\n|switch|p1b: Main light|Chandelure, F, shiny|100\/100\n|switch|p2a: Hoopa|Hoopa-Unbound|100\/100\n|switch|p2b: Zygarde|Zygarde|100\/100\n|-ability|p2b: Zygarde|Aura Break\n|turn|1\n|\n|t:|1697665172\n|move|p1a: Healthy meta|Taunt|p2a: Hoopa\n|-hint|Since gen 7, Dark is immune to Prankster moves.\n|-immune|p2a: Hoopa\n|move|p1b: Main light|Heat Wave|p2a: Hoopa|[spread] p2a,p2b\n|-resisted|p2b: Zygarde\n|-crit|p2b: Zygarde\n|-damage|p2a: Hoopa|66\/100\n|-damage|p2b: Zygarde|80\/100\n|move|p2b: Zygarde|Coil|p2b: Zygarde\n|-boost|p2b: Zygarde|atk|1\n|-boost|p2b: Zygarde|def|1\n|-boost|p2b: Zygarde|accuracy|1\n|move|p2a: Hoopa|Trick Room|p2a: Hoopa\n|-fieldstart|move: Trick Room|[of] p2a: Hoopa\n|-enditem|p2b: Zygarde|Room Service\n|-unboost|p2b: Zygarde|spe|1|[from] item: Room Service\n|-enditem|p2a: Hoopa|Room Service\n|-unboost|p2a: Hoopa|spe|1|[from] item: Room Service\n|\n|upkeep\n|turn|2\n|\n|t:|1697665190\n|move|p2a: Hoopa|Dark Pulse|p1a: Healthy meta\n|-damage|p1a: Healthy meta|35\/100\n|-item|p2a: Hoopa|Mental Herb|[from] ability: Magician|[of] p1a: Healthy meta\n|move|p2b: Zygarde|Thousand Arrows|p1b: Main light|[spread] p1a,p1b\n|-supereffective|p1b: Main light\n|-damage|p1a: Healthy meta|0 fnt\n|-damage|p1b: Main light|15\/100\n|faint|p1a: Healthy meta\n|move|p1b: Main light|Trick Room|p1b: Main light\n|-fieldend|move: Trick Room\n|\n|upkeep\n|\n|t:|1697665199\n|switch|p1a: Genie's of the|Landorus-Therian, M, shiny|100\/100\n|-ability|p1a: Genie's of the|Intimidate|boost\n|-unboost|p2a: Hoopa|atk|1\n|-unboost|p2b: Zygarde|atk|1\n|turn|3\n|\n|t:|1697665209\n|move|p1a: Genie's of the|Earthquake|p2b: Zygarde|[spread] p1b,p2a,p2b\n|-supereffective|p1b: Main light\n|-damage|p1b: Main light|0 fnt\n|-damage|p2a: Hoopa|13\/100\n|-damage|p2b: Zygarde|63\/100\n|faint|p1b: Main light\n|move|p2b: Zygarde|Coil|p2b: Zygarde\n|-boost|p2b: Zygarde|atk|1\n|-boost|p2b: Zygarde|def|1\n|-boost|p2b: Zygarde|accuracy|1\n|move|p2a: Hoopa|Trick Room|p2a: Hoopa\n|-fieldstart|move: Trick Room|[of] p2a: Hoopa\n|\n|upkeep\n|\n|t:|1697665215\n|switch|p1b: Victoryy|Victini|100\/100\n|turn|4\n|\n|t:|1697665227\n|-terastallize|p1b: Victoryy|Fairy\n|move|p2a: Hoopa|Dark Pulse|p1b: Victoryy\n|-resisted|p1b: Victoryy\n|-damage|p1b: Victoryy|77\/100\n|move|p2b: Zygarde|Thousand Arrows|p1a: Genie's of the|[spread] p1a,p1b\n|-damage|p1a: Genie's of the|73\/100\n|-damage|p1b: Victoryy|50\/100\n|-start|p1a: Genie's of the|Smack Down\n|move|p1a: Genie's of the|Earthquake|p2a: Hoopa|[spread] p1b,p2a,p2b\n|-damage|p1b: Victoryy|20\/100\n|-damage|p2a: Hoopa|0 fnt\n|-damage|p2b: Zygarde|52\/100\n|faint|p2a: Hoopa\n|move|p1b: Victoryy|Dazzling Gleam|p2b: Zygarde\n|-supereffective|p2b: Zygarde\n|-damage|p2b: Zygarde|0 fnt\n|faint|p2b: Zygarde\n|\n|-heal|p1a: Genie's of the|79\/100|[from] item: Leftovers\n|upkeep\n|\n|t:|1697665244\n|switch|p2a: Glastrier|Glastrier|100\/100\n|switch|p2b: Oranguru|Oranguru, F|100\/100\n|turn|5\n|\n|t:|1697665253\n|move|p2a: Glastrier|Icicle Spear|p1a: Genie's of the\n|-supereffective|p1a: Genie's of the\n|-damage|p1a: Genie's of the|27\/100\n|-supereffective|p1a: Genie's of the\n|-damage|p1a: Genie's of the|0 fnt\n|faint|p1a: Genie's of the\n|-ability|p2a: Glastrier|Chilling Neigh|boost\n|-boost|p2a: Glastrier|atk|1\n|-hitcount|p1: Genie's of the|2\n|move|p2b: Oranguru|Instruct|p2a: Glastrier\n|-singleturn|p2a: Glastrier|move: Instruct|[of] p2b: Oranguru\n|move|p2a: Glastrier|Icicle Spear|p1b: Victoryy\n|-damage|p1b: Victoryy|0 fnt\n|faint|p1b: Victoryy\n|-ability|p2a: Glastrier|Chilling Neigh|boost\n|-boost|p2a: Glastrier|atk|1\n|-hitcount|p1: Victoryy|1\n|\n|upkeep\n|\n|t:|1697665263\n|switch|p1a: Three head Kermit|Hydreigon, M, shiny|100\/100\n|switch|p1b: Ellegant|Lilligant-Hisui, F, shiny|100\/100\n|turn|6\n|\n|t:|1697665271\n|move|p2a: Glastrier|Icicle Spear|p1b: Ellegant\n|-supereffective|p1b: Ellegant\n|-damage|p1b: Ellegant|11\/100\n|-supereffective|p1b: Ellegant\n|-damage|p1b: Ellegant|0 fnt\n|faint|p1b: Ellegant\n|-ability|p2a: Glastrier|Chilling Neigh|boost\n|-boost|p2a: Glastrier|atk|1\n|-hitcount|p1: Ellegant|2\n|move|p2b: Oranguru|Instruct|p2a: Glastrier\n|-singleturn|p2a: Glastrier|move: Instruct|[of] p2b: Oranguru\n|move|p2a: Glastrier|Icicle Spear|p1a: Three head Kermit\n|-supereffective|p1a: Three head Kermit\n|-damage|p1a: Three head Kermit|19\/100\n|-supereffective|p1a: Three head Kermit\n|-damage|p1a: Three head Kermit|0 fnt\n|faint|p1a: Three head Kermit\n|-hitcount|p1: Three head Kermit|2\n|\n|win|h lhvlvjhi\n|raw|Tubaguia_Ofc's rating: 1149 &rarr; <strong>1120<\/strong><br \/>(-29 for losing)\n|raw|h lhvlvjhi's rating: 1094 &rarr; <strong>1124<\/strong><br \/>(+30 for winning)\n|l|\u2606Tubaguia_Ofc\n","uploadtime":1697665288,"views":7,"p1id":"tubaguiaofc","p2id":"hlhvlvjhi","formatid":"gen9nationaldexdoubles","rating":1120,"private":0,"password":""}