{"id":"gen9nationaldexdoubles-1995070431","p1":"13KStephen","p2":"Larger Fudge","format":"[Gen 9] National Dex Doubles","log":"|j|\u260613KStephen\n|j|\u2606Larger Fudge\n|t:|1700519319\n|gametype|doubles\n|player|p1|13KStephen|lucas|1293\n|player|p2|Larger Fudge|cynthia|1405\n|teamsize|p1|6\n|teamsize|p2|6\n|gen|9\n|tier|[Gen 9] National Dex Doubles\n|rated|\n|rule|HP Percentage Mod: HP is shown in percentages\n|rule|Endless Battle Clause: Forcing endless battles is banned\n|rule|OHKO Clause: OHKO moves are banned\n|rule|Evasion Moves Clause: Evasion moves are banned\n|rule|Evasion Abilities Clause: Evasion abilities are banned\n|rule|Species Clause: Limit one of each Pok\u00e9mon\n|rule|Gravity Sleep Clause: The combination of sleep-inducing moves with imperfect accuracy and Gravity or Gigantamax Orbeetle are banned\n|clearpoke\n|poke|p1|Absol, F|\n|poke|p1|Flutter Mane|\n|poke|p1|Conkeldurr, F|\n|poke|p1|Torkoal, M|\n|poke|p1|Leafeon, M|\n|poke|p1|Slowbro, M|\n|poke|p2|Dracovish|\n|poke|p2|Porygon-Z|\n|poke|p2|Crobat, M|\n|poke|p2|Rotom-Mow|\n|poke|p2|Jirachi|\n|poke|p2|Blaziken, M|\n|teampreview\n|inactive|Battle timer is ON: inactive players will automatically lose when time's up. (requested by Larger Fudge)\n|\n|t:|1700519345\n|start\n|switch|p1a: Odie|Slowbro, M|100\/100\n|switch|p1b: Chloe|Absol, F|100\/100\n|switch|p2a: Crobat|Crobat, M|100\/100\n|switch|p2b: Blaziken|Blaziken, M|100\/100\n|turn|1\n|\n|t:|1700519364\n|detailschange|p1b: Chloe|Absol-Mega, F\n|-mega|p1b: Chloe|Absol|Absolite\n|detailschange|p2b: Blaziken|Blaziken-Mega, M\n|-mega|p2b: Blaziken|Blaziken|Blazikenite\n|move|p1b: Chloe|Protect|p1b: Chloe\n|-singleturn|p1b: Chloe|Protect\n|move|p2a: Crobat|Tailwind|p2a: Crobat\n|-sidestart|p2: Larger Fudge|move: Tailwind\n|move|p2b: Blaziken|Swords Dance|p2b: Blaziken\n|-boost|p2b: Blaziken|atk|2\n|move|p1a: Odie|Psychic|p2a: Crobat\n|-supereffective|p2a: Crobat\n|-crit|p2a: Crobat\n|-damage|p2a: Crobat|0 fnt\n|faint|p2a: Crobat\n|\n|-ability|p2b: Blaziken|Speed Boost|boost\n|-boost|p2b: Blaziken|spe|1\n|upkeep\n|\n|t:|1700519379\n|switch|p2a: Jirachi|Jirachi|100\/100\n|turn|2\n|\n|t:|1700519389\n|move|p2a: Jirachi|Follow Me|p2a: Jirachi\n|-singleturn|p2a: Jirachi|move: Follow Me\n|move|p1b: Chloe|Sucker Punch||[still]\n|-fail|p1b: Chloe\n|move|p2b: Blaziken|Swords Dance|p2b: Blaziken\n|-boost|p2b: Blaziken|atk|2\n|move|p1a: Odie|Psychic|p2a: Jirachi\n|-resisted|p2a: Jirachi\n|-damage|p2a: Jirachi|93\/100\n|-unboost|p2a: Jirachi|spd|1\n|\n|-heal|p2a: Jirachi|99\/100|[from] item: Leftovers\n|-ability|p2b: Blaziken|Speed Boost|boost\n|-boost|p2b: Blaziken|spe|1\n|upkeep\n|turn|3\n|\n|t:|1700519406\n|move|p2a: Jirachi|Follow Me|p2a: Jirachi\n|-singleturn|p2a: Jirachi|move: Follow Me\n|move|p2b: Blaziken|Swords Dance|p2b: Blaziken\n|-boost|p2b: Blaziken|atk|2\n|move|p1b: Chloe|Night Slash|p2a: Jirachi\n|-supereffective|p2a: Jirachi\n|-damage|p2a: Jirachi|32\/100\n|move|p1a: Odie|Scald|p2a: Jirachi\n|-damage|p2a: Jirachi|0 fnt\n|faint|p2a: Jirachi\n|\n|-ability|p2b: Blaziken|Speed Boost|boost\n|-boost|p2b: Blaziken|spe|1\n|upkeep\n|\n|t:|1700519421\n|switch|p2a: Rotom|Rotom-Mow|100\/100\n|turn|4\n|\n|t:|1700519437\n|move|p1b: Chloe|Protect|p1b: Chloe\n|-singleturn|p1b: Chloe|Protect\n|move|p2b: Blaziken|Earthquake|p1a: Odie|[spread] p1a\n|-activate|p1b: Chloe|move: Protect\n|-immune|p2a: Rotom|[from] ability: Levitate\n|-damage|p1a: Odie|0 fnt\n|faint|p1a: Odie\n|move|p2a: Rotom|Electroweb|p1b: Chloe\n|-activate|p1b: Chloe|move: Protect\n|\n|-sideend|p2: Larger Fudge|move: Tailwind\n|-ability|p2b: Blaziken|Speed Boost|boost\n|-boost|p2b: Blaziken|spe|1\n|upkeep\n|\n|t:|1700519449\n|switch|p1a: Mr. Brightside|Torkoal, M|100\/100\n|-weather|SunnyDay|[from] ability: Drought|[of] p1a: Mr. Brightside\n|turn|5\n|\n|t:|1700519463\n|switch|p1b: Dorian|Leafeon, M|100\/100\n|-terastallize|p1a: Mr. Brightside|Grass\n|move|p2b: Blaziken|Earthquake|p1a: Mr. Brightside|[spread] p1a,p1b\n|-immune|p2a: Rotom|[from] ability: Levitate\n|-resisted|p1a: Mr. Brightside\n|-resisted|p1b: Dorian\n|-damage|p1a: Mr. Brightside|36\/100\n|-damage|p1b: Dorian|44\/100\n|-enditem|p1a: Mr. Brightside|Sitrus Berry|[eat]\n|-heal|p1a: Mr. Brightside|61\/100|[from] item: Sitrus Berry\n|move|p2a: Rotom|Electroweb|p1a: Mr. Brightside|[spread] p1a,p1b\n|-resisted|p1a: Mr. Brightside\n|-resisted|p1b: Dorian\n|-damage|p1a: Mr. Brightside|49\/100\n|-damage|p1b: Dorian|31\/100\n|-unboost|p1a: Mr. Brightside|spe|1\n|-unboost|p1b: Dorian|spe|1\n|move|p1a: Mr. Brightside|Clear Smog|p2b: Blaziken\n|-damage|p2b: Blaziken|80\/100\n|-clearboost|p2b: Blaziken\n|\n|-weather|SunnyDay|[upkeep]\n|-ability|p2b: Blaziken|Speed Boost|boost\n|-boost|p2b: Blaziken|spe|1\n|upkeep\n|turn|6\n|inactive|13KStephen has 120 seconds left.\n|\n|t:|1700519505\n|switch|p1b: Flutter Mane|Flutter Mane|100\/100\n|-activate|p1b: Flutter Mane|ability: Protosynthesis\n|-start|p1b: Flutter Mane|protosynthesisspe\n|move|p2b: Blaziken|Protect|p2b: Blaziken\n|-singleturn|p2b: Blaziken|Protect\n|move|p2a: Rotom|Will-O-Wisp|p1b: Flutter Mane\n|-status|p1b: Flutter Mane|brn\n|move|p1a: Mr. Brightside|Flamethrower|p2a: Rotom\n|-supereffective|p2a: Rotom\n|-damage|p2a: Rotom|0 fnt\n|faint|p2a: Rotom\n|\n|-weather|SunnyDay|[upkeep]\n|-damage|p1b: Flutter Mane|95\/100 brn|[from] brn\n|-ability|p2b: Blaziken|Speed Boost|boost\n|-boost|p2b: Blaziken|spe|1\n|upkeep\n|inactive|Larger Fudge has 120 seconds left.\n|\n|t:|1700519522\n|switch|p2a: Porygon-Z|Porygon-Z|100\/100\n|turn|7\n|\n|t:|1700519537\n|-terastallize|p2a: Porygon-Z|Ghost\n|move|p2b: Blaziken|Blaze Kick|p1a: Mr. Brightside\n|-supereffective|p1a: Mr. Brightside\n|-damage|p1a: Mr. Brightside|0 fnt\n|faint|p1a: Mr. Brightside\n|move|p1b: Flutter Mane|Moonblast|p2b: Blaziken\n|-damage|p2b: Blaziken|0 fnt\n|faint|p2b: Blaziken\n|move|p2a: Porygon-Z|Shadow Ball|p1b: Flutter Mane\n|-supereffective|p1b: Flutter Mane\n|-damage|p1b: Flutter Mane|0 fnt\n|faint|p1b: Flutter Mane\n|-end|p1b: Flutter Mane|Protosynthesis|[silent]\n|\n|-weather|SunnyDay|[upkeep]\n|upkeep\n|\n|t:|1700519553\n|switch|p1b: Dorian|Leafeon, M|31\/100\n|switch|p2b: Dracovish|Dracovish|100\/100\n|switch|p1a: Chloe|Absol-Mega, F|100\/100\n|turn|8\n|\n|t:|1700519566\n|move|p1a: Chloe|Sucker Punch|p2a: Porygon-Z\n|-supereffective|p2a: Porygon-Z\n|-damage|p2a: Porygon-Z|0 fnt\n|faint|p2a: Porygon-Z\n|move|p1b: Dorian|Knock Off|p2b: Dracovish\n|-damage|p2b: Dracovish|65\/100\n|-enditem|p2b: Dracovish|Life Orb|[from] move: Knock Off|[of] p1b: Dorian\n|move|p2b: Dracovish|Fishious Rend|p1a: Chloe\n|-damage|p1a: Chloe|48\/100\n|\n|-weather|SunnyDay|[upkeep]\n|upkeep\n|turn|9\n|\n|t:|1700519579\n|move|p1a: Chloe|Sucker Punch|p2b: Dracovish\n|-damage|p2b: Dracovish|21\/100\n|move|p1b: Dorian|Leaf Blade|p2b: Dracovish\n|-damage|p2b: Dracovish|0 fnt\n|faint|p2b: Dracovish\n|\n|win|13KStephen\n|raw|13KStephen's rating: 1293 &rarr; <strong>1326<\/strong><br \/>(+33 for winning)\n|raw|Larger Fudge's rating: 1405 &rarr; <strong>1379<\/strong><br \/>(-26 for losing)\n|l|\u2606Larger Fudge\n","uploadtime":1700519752,"views":0,"p1id":"13kstephen","p2id":"largerfudge","formatid":"gen9nationaldexdoubles","rating":1326,"private":0,"password":""}