{"id":"gen9nationaldexdoubles-1984134360","p1":"bugmonobestmono\\","p2":"Greenheart_YT","format":"[Gen 9] National Dex Doubles","log":"|j|\u2606bugmonobestmono\\\n|j|\u2606Greenheart_YT\n|t:|1699222254\n|gametype|doubles\n|player|p1|bugmonobestmono\\|bugcatcher-gen4dp|1098\n|player|p2|Greenheart_YT|iono|1041\n|teamsize|p1|6\n|teamsize|p2|6\n|gen|9\n|tier|[Gen 9] National Dex Doubles\n|rated|\n|rule|HP Percentage Mod: HP is shown in percentages\n|rule|Endless Battle Clause: Forcing endless battles is banned\n|rule|OHKO Clause: OHKO moves are banned\n|rule|Evasion Moves Clause: Evasion moves are banned\n|rule|Evasion Abilities Clause: Evasion abilities are banned\n|rule|Species Clause: Limit one of each Pok\u00e9mon\n|rule|Gravity Sleep Clause: The combination of sleep-inducing moves with imperfect accuracy and Gravity or Gigantamax Orbeetle are banned\n|clearpoke\n|poke|p1|Rabsca, M|\n|poke|p1|Vikavolt, M|\n|poke|p1|Heracross, M|\n|poke|p1|Parasect, F|\n|poke|p1|Orbeetle, F|\n|poke|p1|Galvantula, M|\n|poke|p2|Palafin, M|\n|poke|p2|Sinistcha-Masterpiece|\n|poke|p2|Pelipper, F|\n|poke|p2|Beartic, F|\n|poke|p2|Armarouge, M|\n|poke|p2|Torkoal, F|\n|teampreview\n|inactive|Battle timer is ON: inactive players will automatically lose when time's up. (requested by bugmonobestmono\\)\n|c|\u2606bugmonobestmono\\|glhf\n|\n|t:|1699222284\n|start\n|switch|p1a: Rabsca|Rabsca, M|100\/100\n|switch|p1b: Galvantula|Galvantula, M|100\/100\n|switch|p2a: Brubber|Pelipper, F|100\/100\n|switch|p2b: SHIBI|Beartic, F|100\/100\n|-weather|RainDance|[from] ability: Drizzle|[of] p2a: Brubber\n|turn|1\n|\n|t:|1699222307\n|-terastallize|p2b: SHIBI|Fairy\n|move|p2a: Brubber|Helping Hand|p2b: SHIBI\n|-singleturn|p2b: SHIBI|Helping Hand|[of] p2a: Brubber\n|move|p2b: SHIBI|Crunch|p1a: Rabsca\n|-supereffective|p1a: Rabsca\n|-enditem|p1a: Rabsca|Focus Sash\n|-damage|p1a: Rabsca|1\/100\n|-damage|p2b: SHIBI|91\/100|[from] item: Life Orb\n|move|p1b: Galvantula|Volt Switch|p2a: Brubber\n|-supereffective|p2a: Brubber\n|-damage|p2a: Brubber|0 fnt\n|faint|p2a: Brubber\n|\n|t:|1699222321\n|switch|p1b: Orbeetle|Orbeetle, F|100\/100|[from] Volt Switch\n|move|p1a: Rabsca|Trick Room|p1a: Rabsca\n|-fieldstart|move: Trick Room|[of] p1a: Rabsca\n|\n|-weather|RainDance|[upkeep]\n|upkeep\n|\n|t:|1699222329\n|switch|p2a: Pop|Palafin, M|100\/100\n|turn|2\n|\n|t:|1699222339\n|move|p2a: Pop|Jet Punch|p1a: Rabsca\n|-damage|p1a: Rabsca|0 fnt\n|faint|p1a: Rabsca\n|move|p1b: Orbeetle|Reflect|p1b: Orbeetle\n|-sidestart|p1: bugmonobestmono\\|Reflect\n|move|p2b: SHIBI|Crunch|p1b: Orbeetle\n|-supereffective|p1b: Orbeetle\n|-crit|p1b: Orbeetle\n|-damage|p1b: Orbeetle|0 fnt\n|faint|p1b: Orbeetle\n|-damage|p2b: SHIBI|81\/100|[from] item: Life Orb\n|\n|-weather|RainDance|[upkeep]\n|upkeep\n|\n|t:|1699222351\n|switch|p1a: Vikavolt|Vikavolt, M|100\/100\n|switch|p1b: Parasect|Parasect, F|100\/100\n|turn|3\n|\n|t:|1699222364\n|detailschange|p2a: Pop|Palafin-Hero, M\n|switch|p2a: Soup|Sinistcha-Masterpiece|100\/100\n|-heal|p2b: SHIBI|100\/100|[from] ability: Hospitality|[of] p2a: Soup\n|move|p1b: Parasect|Spore|p2b: SHIBI\n|-status|p2b: SHIBI|slp|[from] move: Spore\n|move|p1a: Vikavolt|Discharge|p2b: SHIBI|[spread] p1b,p2a,p2b\n|-resisted|p1b: Parasect\n|-resisted|p2a: Soup\n|-damage|p1b: Parasect|80\/100\n|-damage|p2a: Soup|72\/100\n|-damage|p2b: SHIBI|44\/100 slp\n|-damage|p1a: Vikavolt|91\/100|[from] item: Life Orb\n|cant|p2b: SHIBI|slp\n|\n|-weather|RainDance|[upkeep]\n|-heal|p1b: Parasect|93\/100|[from] ability: Dry Skin\n|-heal|p2a: Soup|78\/100|[from] item: Leftovers\n|upkeep\n|turn|4\n|inactive|Greenheart_YT has 120 seconds left.\n|\n|t:|1699222407\n|switch|p2b: Toasty Roasty|Armarouge, M|100\/100\n|move|p2a: Soup|Protect|p2a: Soup\n|-singleturn|p2a: Soup|Protect\n|move|p1b: Parasect|Knock Off|p2a: Soup\n|-activate|p2a: Soup|move: Protect\n|move|p1a: Vikavolt|Discharge|p2a: Soup|[spread] p1b,p2b\n|-activate|p2a: Soup|move: Protect\n|-resisted|p1b: Parasect\n|-damage|p1b: Parasect|73\/100\n|-damage|p2b: Toasty Roasty|46\/100\n|-damage|p1a: Vikavolt|81\/100|[from] item: Life Orb\n|\n|-weather|RainDance|[upkeep]\n|-heal|p1b: Parasect|85\/100|[from] ability: Dry Skin\n|-heal|p2a: Soup|84\/100|[from] item: Leftovers\n|upkeep\n|turn|5\n|inactive|Greenheart_YT has 120 seconds left.\n|\n|t:|1699222433\n|move|p1b: Parasect|Knock Off|p2a: Soup\n|-supereffective|p2a: Soup\n|-damage|p2a: Soup|56\/100\n|-enditem|p2a: Soup|Leftovers|[from] move: Knock Off|[of] p1b: Parasect\n|move|p1a: Vikavolt|Discharge|p2b: Toasty Roasty|[spread] p1b,p2a,p2b\n|-resisted|p1b: Parasect\n|-resisted|p2a: Soup\n|-damage|p1b: Parasect|64\/100\n|-damage|p2a: Soup|28\/100\n|-damage|p2b: Toasty Roasty|0 fnt\n|faint|p2b: Toasty Roasty\n|-damage|p1a: Vikavolt|71\/100|[from] item: Life Orb\n|move|p2a: Soup|Memento|p1a: Vikavolt\n|-unboost|p1a: Vikavolt|atk|2\n|-unboost|p1a: Vikavolt|spa|2\n|faint|p2a: Soup\n|\n|-weather|RainDance|[upkeep]\n|-heal|p1b: Parasect|76\/100|[from] ability: Dry Skin\n|-fieldend|move: Trick Room\n|upkeep\n|inactive|Greenheart_YT has 90 seconds left.\n|\n|t:|1699222465\n|switch|p2b: Pop|Palafin-Hero, M|100\/100\n|switch|p2a: SHIBI|Beartic, F, tera:Fairy|44\/100 slp\n|-activate|p2b: Pop|ability: Zero to Hero\n|turn|6\n|inactive|Greenheart_YT has 90 seconds left.\n|\n|t:|1699222499\n|switch|p1a: Heracross|Heracross, M|100\/100\n|cant|p2a: SHIBI|slp\n|move|p2b: Pop|Ice Punch|p1a: Heracross\n|-damage|p1a: Heracross|75\/100\n|move|p1b: Parasect|Spore|p2b: Pop\n|-status|p2b: Pop|slp|[from] move: Spore\n|\n|-weather|RainDance|[upkeep]\n|-heal|p1b: Parasect|89\/100|[from] ability: Dry Skin\n|upkeep\n|turn|7\n|inactive|Greenheart_YT has 90 seconds left.\n|c|\u2606Greenheart_YT|Hold on\n|c|\u2606Greenheart_YT|Wait a minute\n|c|\u2606bugmonobestmono\\|?\n|inactive|Greenheart_YT has 60 seconds left.\n|c|\u2606bugmonobestmono\\|there's no sleep clause\n|c|\u2606Greenheart_YT|It says Galvantula is banned in this format\n|inactive|Greenheart_YT has 30 seconds left.\n|c|\u2606bugmonobestmono\\|Yeah, idk why it says that\n|inactive|Greenheart_YT has 20 seconds left.\n|inactive|Greenheart_YT has 15 seconds left.\n|c|\u2606Greenheart_YT|I'm confused\n|c|\u2606bugmonobestmono\\|It'sweird\n|inactive|Greenheart_YT has 10 seconds left.\n|c|\u2606Greenheart_YT|I lost tho\n|inactiveoff|Battle timer is now OFF.\n|c|\u2606Greenheart_YT|Gg\n|c|\u2606bugmonobestmono\\|gg\n|\n|t:|1699222609\n|cant|p2a: SHIBI|slp\n|cant|p2b: Pop|slp\n|move|p1a: Heracross|Bullet Seed|p2a: SHIBI\n|-crit|p2a: SHIBI\n|-damage|p2a: SHIBI|27\/100 slp\n|-damage|p2a: SHIBI|15\/100 slp\n|-damage|p2a: SHIBI|3\/100 slp\n|-damage|p2a: SHIBI|0 fnt\n|faint|p2a: SHIBI\n|-ability|p1a: Heracross|Moxie|boost\n|-boost|p1a: Heracross|atk|1\n|-hitcount|p2: SHIBI|4\n|move|p1b: Parasect|Knock Off|p2b: Pop\n|-damage|p2b: Pop|80\/100 slp\n|-enditem|p2b: Pop|Assault Vest|[from] move: Knock Off|[of] p1b: Parasect\n|\n|-weather|RainDance|[upkeep]\n|-heal|p1b: Parasect|100\/100|[from] ability: Dry Skin\n|upkeep\n|\n|t:|1699222619\n|switch|p2a: Roasty Toasty|Torkoal, F|100\/100\n|-weather|SunnyDay|[from] ability: Drought|[of] p2a: Roasty Toasty\n|turn|8\n|\n|t:|1699222628\n|detailschange|p1a: Heracross|Heracross-Mega, M\n|-mega|p1a: Heracross|Heracross|Heracronite\n|move|p1b: Parasect|Protect|p1b: Parasect\n|-singleturn|p1b: Parasect|Protect\n|cant|p2b: Pop|slp\n|move|p1a: Heracross|Rock Slide|p2b: Pop|[spread] p2a,p2b\n|-supereffective|p2a: Roasty Toasty\n|-damage|p2a: Roasty Toasty|40\/100\n|-damage|p2b: Pop|38\/100 slp\n|move|p2a: Roasty Toasty|Heat Wave|p1a: Heracross|[spread] p1a\n|-activate|p1b: Parasect|move: Protect\n|-supereffective|p1a: Heracross\n|-damage|p1a: Heracross|0 fnt\n|faint|p1a: Heracross\n|\n|-weather|SunnyDay|[upkeep]\n|-damage|p1b: Parasect|88\/100|[from] ability: Dry Skin|[of] p1b: Parasect\n|-heal|p2a: Roasty Toasty|46\/100|[from] item: Leftovers\n|upkeep\n|\n|t:|1699222640\n|switch|p1a: Galvantula|Galvantula, M|100\/100\n|turn|9\n|\n|t:|1699222653\n|-terastallize|p1a: Galvantula|Electric\n|move|p1a: Galvantula|Volt Switch|p2a: Roasty Toasty\n|-damage|p2a: Roasty Toasty|0 fnt\n|faint|p2a: Roasty Toasty\n|\n|t:|1699222657\n|switch|p1a: Vikavolt|Vikavolt, M|71\/100|[from] Volt Switch\n|cant|p2b: Pop|slp\n|move|p1b: Parasect|Leech Life|p2b: Pop\n|-damage|p2b: Pop|12\/100 slp\n|-heal|p1b: Parasect|100\/100|[from] drain|[of] p2b: Pop\n|\n|-weather|SunnyDay|[upkeep]\n|-damage|p1b: Parasect|88\/100|[from] ability: Dry Skin|[of] p1b: Parasect\n|-sideend|p1: bugmonobestmono\\|Reflect\n|upkeep\n|turn|10\n|\n|t:|1699222667\n|-curestatus|p2b: Pop|slp|[msg]\n|move|p2b: Pop|Ice Punch|p1b: Parasect\n|-supereffective|p1b: Parasect\n|-damage|p1b: Parasect|10\/100\n|-damage|p2b: Pop|0 fnt|[from] item: Rocky Helmet|[of] p1b: Parasect\n|faint|p2b: Pop\n|\n|win|bugmonobestmono\\\n|raw|bugmonobestmono\\'s rating: 1098 &rarr; <strong>1119<\/strong><br \/>(+21 for winning)\n|raw|Greenheart_YT's rating: 1041 &rarr; <strong>1027<\/strong><br \/>(-14 for losing)\n|c|\u2606bugmonobestmono\\|gg\n|l|\u2606bugmonobestmono\\\n|c|\u2606Greenheart_YT|Gg\n|c|\u2606Greenheart_YT|I guess\n","uploadtime":1699222685,"views":4,"p1id":"bugmonobestmono","p2id":"greenheartyt","formatid":"gen9nationaldexdoubles","rating":1027,"private":0,"password":""}