{"id":"gen9nationaldexdoubles-1994339878","p1":"Edso2021","p2":"Dino3240","format":"[Gen 9] National Dex Doubles","log":"|j|\u2606Edso2021\n|j|\u2606Dino3240\n|t:|1700432846\n|gametype|doubles\n|player|p1|Edso2021|266|\n|player|p2|Dino3240|hilbert|\n|teamsize|p1|6\n|teamsize|p2|6\n|gen|9\n|tier|[Gen 9] National Dex Doubles\n|rule|HP Percentage Mod: HP is shown in percentages\n|rule|Endless Battle Clause: Forcing endless battles is banned\n|rule|OHKO Clause: OHKO moves are banned\n|rule|Evasion Moves Clause: Evasion moves are banned\n|rule|Evasion Abilities Clause: Evasion abilities are banned\n|rule|Species Clause: Limit one of each Pok\u00e9mon\n|rule|Gravity Sleep Clause: The combination of sleep-inducing moves with imperfect accuracy and Gravity or Gigantamax Orbeetle are banned\n|clearpoke\n|poke|p1|Cyndaquil, F|\n|poke|p1|Totodile, F|\n|poke|p1|Treecko, M|\n|poke|p1|Pichu, M|\n|poke|p1|Rowlet, M|\n|poke|p1|Scorbunny, M|\n|poke|p2|Scorbunny, F|\n|poke|p2|Riolu, M|\n|poke|p2|Mudkip, F|\n|poke|p2|Treecko, F|\n|poke|p2|Charmander, M|\n|poke|p2|Bulbasaur, M|\n|teampreview\n|\n|t:|1700432867\n|start\n|switch|p1a: Cyndaquil|Cyndaquil, F|100\/100\n|switch|p1b: Totodile|Totodile, F|100\/100\n|switch|p2a: Charmander|Charmander, M|100\/100\n|switch|p2b: Riolu|Riolu, M|100\/100\n|turn|1\n|\n|t:|1700432893\n|switch|p2a: Bulbasaur|Bulbasaur, M|100\/100\n|move|p1a: Cyndaquil|Extrasensory|p2b: Riolu\n|-supereffective|p2b: Riolu\n|-enditem|p2b: Riolu|Focus Sash\n|-damage|p2b: Riolu|1\/100\n|move|p2b: Riolu|Rock Slide|p1a: Cyndaquil|[spread] p1a,p1b\n|-supereffective|p1a: Cyndaquil\n|-damage|p1a: Cyndaquil|26\/100\n|-damage|p1b: Totodile|84\/100\n|move|p1b: Totodile|Dragon Claw|p2a: Bulbasaur\n|-damage|p2a: Bulbasaur|85\/100\n|\n|-heal|p1b: Totodile|90\/100|[from] item: Leftovers\n|upkeep\n|turn|2\n|\n|t:|1700432919\n|switch|p1b: Scorbunny|Scorbunny, M|100\/100\n|move|p2b: Riolu|Bullet Punch|p1a: Cyndaquil\n|-resisted|p1a: Cyndaquil\n|-damage|p1a: Cyndaquil|15\/100\n|move|p1a: Cyndaquil|Extrasensory|p2b: Riolu\n|-supereffective|p2b: Riolu\n|-damage|p2b: Riolu|0 fnt\n|faint|p2b: Riolu\n|move|p2a: Bulbasaur|Giga Drain|p1b: Scorbunny\n|-resisted|p1b: Scorbunny\n|-damage|p1b: Scorbunny|71\/100\n|-heal|p2a: Bulbasaur|98\/100|[from] drain|[of] p1b: Scorbunny\n|\n|upkeep\n|\n|t:|1700432936\n|switch|p2b: Charmander|Charmander, M|100\/100\n|turn|3\n|\n|t:|1700432957\n|-terastallize|p2a: Bulbasaur|Dragon\n|move|p1b: Scorbunny|Flare Blitz|p2a: Bulbasaur\n|-resisted|p2a: Bulbasaur\n|-damage|p2a: Bulbasaur|66\/100\n|-damage|p1b: Scorbunny|59\/100|[from] Recoil\n|-damage|p1b: Scorbunny|49\/100|[from] item: Life Orb\n|move|p1a: Cyndaquil|Extrasensory|p2a: Bulbasaur\n|-damage|p2a: Bulbasaur|38\/100\n|move|p2b: Charmander|Ancient Power|p1b: Scorbunny\n|-supereffective|p1b: Scorbunny\n|-damage|p1b: Scorbunny|0 fnt\n|faint|p1b: Scorbunny\n|move|p2a: Bulbasaur|Sludge Bomb|p1a: Cyndaquil\n|-damage|p1a: Cyndaquil|0 fnt\n|faint|p1a: Cyndaquil\n|\n|upkeep\n|\n|t:|1700432975\n|switch|p1b: Pichu|Pichu, M|100\/100\n|switch|p1a: Totodile|Totodile, F|90\/100\n|turn|4\n|\n|t:|1700432991\n|move|p1b: Pichu|Nuzzle|p2b: Charmander\n|-damage|p2b: Charmander|89\/100\n|-status|p2b: Charmander|par\n|move|p2a: Bulbasaur|Sunny Day|p2a: Bulbasaur\n|-weather|SunnyDay\n|move|p1a: Totodile|Dragon Claw|p2a: Bulbasaur\n|-supereffective|p2a: Bulbasaur\n|-damage|p2a: Bulbasaur|0 fnt\n|faint|p2a: Bulbasaur\n|move|p2b: Charmander|Flamethrower|p1b: Pichu\n|-enditem|p1b: Pichu|Focus Sash\n|-damage|p1b: Pichu|1\/100\n|-status|p1b: Pichu|brn\n|\n|-weather|SunnyDay|[upkeep]\n|-damage|p2b: Charmander|77\/100 par|[from] ability: Solar Power|[of] p2b: Charmander\n|-heal|p1a: Totodile|96\/100|[from] item: Leftovers\n|-damage|p1b: Pichu|0 fnt|[from] brn\n|faint|p1b: Pichu\n|upkeep\n|\n|t:|1700433014\n|switch|p1b: Rowlet|Rowlet, M|100\/100\n|switch|p2a: Scorbunny|Scorbunny, F|100\/100\n|turn|5\n|\n|t:|1700433037\n|move|p1a: Totodile|Aqua Jet|p2a: Scorbunny\n|-supereffective|p2a: Scorbunny\n|-damage|p2a: Scorbunny|65\/100\n|move|p2a: Scorbunny|Gunk Shot|p1a: Totodile\n|-start|p2a: Scorbunny|typechange|Poison|[from] ability: Libero\n|-damage|p1a: Totodile|0 fnt\n|faint|p1a: Totodile\n|move|p1b: Rowlet|Swords Dance|p1b: Rowlet\n|-boost|p1b: Rowlet|atk|2\n|move|p2b: Charmander|Flamethrower|p1b: Rowlet\n|-supereffective|p1b: Rowlet\n|-damage|p1b: Rowlet|0 fnt\n|faint|p1b: Rowlet\n|\n|-weather|SunnyDay|[upkeep]\n|-damage|p2b: Charmander|64\/100 par|[from] ability: Solar Power|[of] p2b: Charmander\n|upkeep\n|\n|t:|1700433059\n|switch|p1a: Treecko|Treecko, M|100\/100\n|turn|6\n|\n|t:|1700433073\n|move|p1a: Treecko|Dragon Breath|p2a: Scorbunny\n|-damage|p2a: Scorbunny|14\/100\n|-damage|p1a: Treecko|91\/100|[from] item: Life Orb\n|move|p2a: Scorbunny|Gunk Shot|p1a: Treecko\n|-supereffective|p1a: Treecko\n|-damage|p1a: Treecko|0 fnt\n|faint|p1a: Treecko\n|\n|win|Dino3240\n","uploadtime":1700433090,"views":4,"p1id":"edso2021","p2id":"dino3240","formatid":"gen9nationaldexdoubles","rating":0,"private":0,"password":""}