{"id":"gen9nationaldexdoubles-1996705796","p1":"El Ryuk456","p2":"anryjqlx","format":"[Gen 9] National Dex Doubles","log":"|j|\u2606El Ryuk456\n|j|\u2606anryjqlx\n|t:|1700712220\n|gametype|doubles\n|player|p1|El Ryuk456|ingo|1354\n|player|p2|anryjqlx|n|1254\n|teamsize|p1|6\n|teamsize|p2|6\n|gen|9\n|tier|[Gen 9] National Dex Doubles\n|rated|\n|rule|HP Percentage Mod: HP is shown in percentages\n|rule|Endless Battle Clause: Forcing endless battles is banned\n|rule|OHKO Clause: OHKO moves are banned\n|rule|Evasion Moves Clause: Evasion moves are banned\n|rule|Evasion Abilities Clause: Evasion abilities are banned\n|rule|Species Clause: Limit one of each Pok\u00e9mon\n|rule|Gravity Sleep Clause: The combination of sleep-inducing moves with imperfect accuracy and Gravity or Gigantamax Orbeetle are banned\n|clearpoke\n|poke|p1|Urshifu-*, F|\n|poke|p1|Ogerpon-Wellspring, F|\n|poke|p1|Tapu Fini|\n|poke|p1|Dragonite, F|\n|poke|p1|Marowak, F|\n|poke|p1|Aegislash, M|\n|poke|p2|Tyranitar, F|\n|poke|p2|Lycanroc, F|\n|poke|p2|Excadrill, F|\n|poke|p2|Salamence, M|\n|poke|p2|Aegislash, M|\n|poke|p2|Blaziken, M|\n|teampreview\n|\n|t:|1700712237\n|start\n|switch|p1a: Urshifu|Urshifu-Rapid-Strike, F|100\/100\n|switch|p1b: Tapu Fini|Tapu Fini|100\/100\n|switch|p2a: Salamence|Salamence, M|100\/100\n|switch|p2b: Blaziken|Blaziken, M|100\/100\n|-ability|p2a: Salamence|Intimidate|boost\n|-unboost|p1a: Urshifu|atk|1\n|-unboost|p1b: Tapu Fini|atk|1\n|-fieldstart|move: Misty Terrain|[from] ability: Misty Surge|[of] p1b: Tapu Fini\n|turn|1\n|inactive|Battle timer is ON: inactive players will automatically lose when time's up. (requested by El Ryuk456)\n|\n|t:|1700712262\n|switch|p2b: Aegislash|Aegislash, M|100\/100\n|switch|p1a: Aegislash|Aegislash, M, shiny|100\/100\n|detailschange|p2a: Salamence|Salamence-Mega, M\n|-mega|p2a: Salamence|Salamence|Salamencite\n|move|p2a: Salamence|Tailwind|p2a: Salamence\n|-sidestart|p2: anryjqlx|move: Tailwind\n|move|p1b: Tapu Fini|Icy Wind|p2a: Salamence|[spread] p2a,p2b\n|-supereffective|p2a: Salamence\n|-resisted|p2b: Aegislash\n|-damage|p2a: Salamence|51\/100\n|-damage|p2b: Aegislash|96\/100\n|-unboost|p2a: Salamence|spe|1\n|-unboost|p2b: Aegislash|spe|1\n|\n|-heal|p2b: Aegislash|100\/100|[from] item: Leftovers\n|upkeep\n|turn|2\n|\n|t:|1700712289\n|move|p2b: Aegislash|King's Shield|p2b: Aegislash\n|-singleturn|p2b: Aegislash|Protect\n|move|p2a: Salamence|Fire Blast|p1a: Aegislash\n|-supereffective|p1a: Aegislash\n|-damage|p1a: Aegislash|49\/100\n|move|p1b: Tapu Fini|Moonblast|p2a: Salamence\n|-supereffective|p2a: Salamence\n|-damage|p2a: Salamence|0 fnt\n|faint|p2a: Salamence\n|-zpower|p1a: Aegislash\n|-formechange|p1a: Aegislash|Aegislash-Blade||[from] ability: Stance Change\n|move|p1a: Aegislash|Never-Ending Nightmare|p2b: Aegislash|[zeffect]\n|-supereffective|p2b: Aegislash\n|-zbroken|p2b: Aegislash\n|-damage|p2b: Aegislash|68\/100\n|\n|-heal|p2b: Aegislash|74\/100|[from] item: Leftovers\n|upkeep\n|inactive|anryjqlx has 120 seconds left.\n|\n|t:|1700712316\n|switch|p2a: Excadrill|Excadrill, F|100\/100\n|turn|3\n|\n|t:|1700712325\n|move|p1a: Aegislash|Wide Guard|p1a: Aegislash\n|-singleturn|p1a: Aegislash|Wide Guard\n|-formechange|p2b: Aegislash|Aegislash-Blade||[from] ability: Stance Change\n|move|p2b: Aegislash|Shadow Sneak|p1a: Aegislash\n|-supereffective|p1a: Aegislash\n|-damage|p1a: Aegislash|0 fnt\n|faint|p1a: Aegislash\n|move|p2a: Excadrill|Iron Head|p1b: Tapu Fini\n|-damage|p1b: Tapu Fini|47\/100\n|-damage|p2a: Excadrill|91\/100|[from] item: Life Orb\n|move|p1b: Tapu Fini|Muddy Water|p2b: Aegislash|[spread] p2a,p2b\n|-supereffective|p2a: Excadrill\n|-damage|p2a: Excadrill|19\/100\n|-damage|p2b: Aegislash|27\/100\n|\n|-heal|p1b: Tapu Fini|53\/100|[from] item: Leftovers\n|-heal|p2b: Aegislash|33\/100|[from] item: Leftovers\n|upkeep\n|\n|t:|1700712344\n|switch|p1a: Ogerpon|Ogerpon-Wellspring, F|100\/100\n|turn|4\n|\n|t:|1700712358\n|move|p1a: Ogerpon|Follow Me|p1a: Ogerpon\n|-singleturn|p1a: Ogerpon|move: Follow Me\n|move|p2b: Aegislash|Shadow Sneak|p1a: Ogerpon\n|-damage|p1a: Ogerpon|81\/100\n|move|p2a: Excadrill|Iron Head|p1a: Ogerpon\n|-resisted|p1a: Ogerpon\n|-damage|p1a: Ogerpon|57\/100\n|-damage|p2a: Excadrill|9\/100|[from] item: Life Orb\n|move|p1b: Tapu Fini|Muddy Water|p2a: Excadrill|[spread] p2a,p2b\n|-supereffective|p2a: Excadrill\n|-damage|p2a: Excadrill|0 fnt\n|-damage|p2b: Aegislash|0 fnt\n|faint|p2a: Excadrill\n|faint|p2b: Aegislash\n|\n|-heal|p1b: Tapu Fini|60\/100|[from] item: Leftovers\n|-sideend|p2: anryjqlx|move: Tailwind\n|upkeep\n|\n|t:|1700712373\n|switch|p2a: Tyranitar|Tyranitar, F|100\/100\n|switch|p2b: Lycanroc|Lycanroc, F|100\/100\n|-weather|Sandstorm|[from] ability: Sand Stream|[of] p2a: Tyranitar\n|turn|5\n|\n|t:|1700712385\n|-terastallize|p2b: Lycanroc|Rock\n|move|p2a: Tyranitar|Protect|p2a: Tyranitar\n|-singleturn|p2a: Tyranitar|Protect\n|move|p2b: Lycanroc|Rock Slide|p1b: Tapu Fini|[spread] p1b\n|-miss|p2b: Lycanroc|p1a: Ogerpon\n|-damage|p1b: Tapu Fini|29\/100\n|move|p1a: Ogerpon|Horn Leech|p2b: Lycanroc\n|-supereffective|p2b: Lycanroc\n|-enditem|p2b: Lycanroc|Focus Sash\n|-damage|p2b: Lycanroc|1\/100\n|-heal|p1a: Ogerpon|97\/100|[from] drain|[of] p2b: Lycanroc\n|move|p1b: Tapu Fini|Muddy Water|p2b: Lycanroc|[spread] p2b\n|-activate|p2a: Tyranitar|move: Protect\n|-supereffective|p2b: Lycanroc\n|-damage|p2b: Lycanroc|0 fnt\n|faint|p2b: Lycanroc\n|\n|-weather|Sandstorm|[upkeep]\n|-damage|p1a: Ogerpon|91\/100|[from] Sandstorm\n|-damage|p1b: Tapu Fini|23\/100|[from] Sandstorm\n|-heal|p1b: Tapu Fini|29\/100|[from] item: Leftovers\n|-fieldend|Misty Terrain\n|upkeep\n|\n|t:|1700712402\n|switch|p2b: Blaziken|Blaziken, M|100\/100\n|turn|6\n|\n|t:|1700712411\n|-terastallize|p1a: Ogerpon|Water\n|detailschange|p1a: Ogerpon|Ogerpon-Wellspring-Tera, F, tera:Water\n|-ability|p1a: Ogerpon|Embody Aspect (Wellspring)|boost\n|-boost|p1a: Ogerpon|spd|1\n|move|p2b: Blaziken|Protect|p2b: Blaziken\n|-singleturn|p2b: Blaziken|Protect\n|move|p1a: Ogerpon|Ivy Cudgel|p2a: Tyranitar|[anim] Ivy Cudgel Water\n|-supereffective|p2a: Tyranitar\n|-crit|p2a: Tyranitar\n|-damage|p2a: Tyranitar|0 fnt\n|faint|p2a: Tyranitar\n|move|p1b: Tapu Fini|Muddy Water|p2b: Blaziken\n|-activate|p2b: Blaziken|move: Protect\n|\n|-weather|Sandstorm|[upkeep]\n|-damage|p2b: Blaziken|95\/100|[from] Sandstorm\n|-damage|p1a: Ogerpon|85\/100|[from] Sandstorm\n|-damage|p1b: Tapu Fini|23\/100|[from] Sandstorm\n|-heal|p1b: Tapu Fini|29\/100|[from] item: Leftovers\n|-ability|p2b: Blaziken|Speed Boost|boost\n|-boost|p2b: Blaziken|spe|1\n|upkeep\n|turn|7\n|j| S1r.sweepsaLot\n|-message|anryjqlx forfeited.\n|\n|win|El Ryuk456\n|raw|El Ryuk456's rating: 1354 &rarr; <strong>1368<\/strong><br \/>(+14 for winning)\n|raw|anryjqlx's rating: 1254 &rarr; <strong>1236<\/strong><br \/>(-18 for losing)\n|l|\u2606anryjqlx\n|l| S1r.sweepsaLot\n","uploadtime":1700712440,"views":6,"p1id":"elryuk456","p2id":"anryjqlx","formatid":"gen9nationaldexdoubles","rating":1236,"private":0,"password":""}