{"id":"gen9nationaldexdoubles-1988188383","p1":"asdasdasd2","p2":"Le Thanh Hai","format":"[Gen 9] National Dex Doubles","log":"|j|\u2606asdasdasd2\n|j|\u2606Le Thanh Hai\n|t:|1699681852\n|gametype|doubles\n|player|p1|asdasdasd2|lucas|1196\n|player|p2|Le Thanh Hai|hilbert|1297\n|teamsize|p1|6\n|teamsize|p2|6\n|gen|9\n|tier|[Gen 9] National Dex Doubles\n|rated|\n|rule|HP Percentage Mod: HP is shown in percentages\n|rule|Endless Battle Clause: Forcing endless battles is banned\n|rule|OHKO Clause: OHKO moves are banned\n|rule|Evasion Moves Clause: Evasion moves are banned\n|rule|Evasion Abilities Clause: Evasion abilities are banned\n|rule|Species Clause: Limit one of each Pok\u00e9mon\n|rule|Gravity Sleep Clause: The combination of sleep-inducing moves with imperfect accuracy and Gravity or Gigantamax Orbeetle are banned\n|clearpoke\n|poke|p1|Reuniclus, F|\n|poke|p1|Malamar, F|\n|poke|p1|Medicham, F|\n|poke|p1|Hatterene, F|\n|poke|p1|Farigiraf, F|\n|poke|p1|Metagross|\n|poke|p2|Raikou|\n|poke|p2|Naganadel|\n|poke|p2|Salamence, F|\n|poke|p2|Arcanine-Hisui, M|\n|poke|p2|Breloom, M|\n|poke|p2|Kyurem-Black|\n|teampreview\n|inactive|Battle timer is ON: inactive players will automatically lose when time's up. (requested by Le Thanh Hai)\n|\n|t:|1699681870\n|start\n|switch|p1a: Medicham|Medicham, F|100\/100\n|switch|p1b: Farigiraf|Farigiraf, F|100\/100\n|switch|p2a: Arcanine|Arcanine-Hisui, M|100\/100\n|switch|p2b: Breloom|Breloom, M|100\/100\n|-ability|p2a: Arcanine|Intimidate|boost\n|-unboost|p1a: Medicham|atk|1\n|-enditem|p1a: Medicham|Eject Pack\n|-unboost|p1b: Farigiraf|atk|1\n|\n|t:|1699681894\n|switch|p1a: Malamar|Malamar, F|100\/100\n|turn|1\n|inactive|Le Thanh Hai has 120 seconds left.\n|\n|t:|1699681931\n|move|p2a: Arcanine|Flare Blitz|p1a: Malamar\n|-damage|p1a: Malamar|8\/100\n|-damage|p2a: Arcanine|70\/100|[from] Recoil\n|move|p2b: Breloom|Spore|p1b: Farigiraf\n|-status|p1b: Farigiraf|slp|[from] move: Spore\n|move|p1a: Malamar|Superpower|p2a: Arcanine\n|-supereffective|p2a: Arcanine\n|-damage|p2a: Arcanine|0 fnt\n|-boost|p1a: Malamar|atk|1\n|-boost|p1a: Malamar|def|1\n|faint|p2a: Arcanine\n|cant|p1b: Farigiraf|slp\n|\n|upkeep\n|inactive|Le Thanh Hai has 90 seconds left.\n|\n|t:|1699681973\n|switch|p2a: Naganadel|Naganadel|100\/100\n|turn|2\n|\n|t:|1699681984\n|move|p2b: Breloom|Mach Punch|p1a: Malamar\n|-damage|p1a: Malamar|0 fnt\n|faint|p1a: Malamar\n|move|p2a: Naganadel|Dark Pulse|p1b: Farigiraf\n|-supereffective|p1b: Farigiraf\n|-damage|p1b: Farigiraf|36\/100 slp\n|-enditem|p1b: Farigiraf|Sitrus Berry|[eat]\n|-heal|p1b: Farigiraf|61\/100 slp|[from] item: Sitrus Berry\n|-curestatus|p1b: Farigiraf|slp|[msg]\n|move|p1b: Farigiraf|Trick Room|p1b: Farigiraf\n|-fieldstart|move: Trick Room|[of] p1b: Farigiraf\n|\n|upkeep\n|\n|t:|1699681999\n|switch|p1a: Reuniclus|Reuniclus, F|100\/100\n|turn|3\n|inactive|Le Thanh Hai has 120 seconds left.\n|\n|t:|1699682012\n|-terastallize|p2a: Naganadel|Dark\n|move|p1a: Reuniclus|Psychic|p2b: Breloom\n|-supereffective|p2b: Breloom\n|-damage|p2b: Breloom|0 fnt\n|faint|p2b: Breloom\n|move|p1b: Farigiraf|Psychic|p2a: Naganadel\n|-immune|p2a: Naganadel\n|move|p2a: Naganadel|Dark Pulse|p1a: Reuniclus\n|-supereffective|p1a: Reuniclus\n|-damage|p1a: Reuniclus|23\/100\n|\n|-activate|p1b: Farigiraf|ability: Cud Chew\n|-enditem|p1b: Farigiraf|Sitrus Berry|[eat]\n|-heal|p1b: Farigiraf|86\/100|[from] item: Sitrus Berry\n|upkeep\n|inactive|Le Thanh Hai has 90 seconds left.\n|c|\u2606asdasdasd2|tera dark is interesting lol\n|\n|t:|1699682052\n|switch|p2b: Raikou|Raikou|100\/100\n|turn|4\n|\n|t:|1699682061\n|-terastallize|p1b: Farigiraf|Normal\n|move|p1a: Reuniclus|Focus Blast|p2a: Naganadel\n|-supereffective|p2a: Naganadel\n|-enditem|p2a: Naganadel|Focus Sash\n|-damage|p2a: Naganadel|1\/100\n|move|p1b: Farigiraf|Hyper Voice|p2b: Raikou|[spread] p2a,p2b\n|-damage|p2a: Naganadel|0 fnt\n|-damage|p2b: Raikou|53\/100\n|faint|p2a: Naganadel\n|move|p2b: Raikou|Thunderbolt|p1a: Reuniclus\n|-damage|p1a: Reuniclus|0 fnt\n|faint|p1a: Reuniclus\n|\n|upkeep\n|inactive|Le Thanh Hai has 120 seconds left.\n|\n|t:|1699682073\n|switch|p1a: Metagross|Metagross|100\/100\n|switch|p2a: Salamence|Salamence, F|100\/100\n|-ability|p2a: Salamence|Intimidate|boost\n|-fail|p1a: Metagross|unboost|[from] ability: Clear Body|[of] p1a: Metagross\n|-unboost|p1b: Farigiraf|atk|1\n|turn|5\n|\n|t:|1699682091\n|detailschange|p2a: Salamence|Salamence-Mega, F\n|-mega|p2a: Salamence|Salamence|Salamencite\n|move|p1b: Farigiraf|Hyper Voice|p2a: Salamence|[spread] p2a,p2b\n|-damage|p2a: Salamence|58\/100\n|-damage|p2b: Raikou|8\/100\n|move|p1a: Metagross|Ice Punch|p2a: Salamence\n|-supereffective|p2a: Salamence\n|-damage|p2a: Salamence|0 fnt\n|faint|p2a: Salamence\n|move|p2b: Raikou|Thunderbolt|p1a: Metagross\n|-damage|p1a: Metagross|23\/100\n|\n|upkeep\n|\n|t:|1699682094\n|switch|p2a: Kyurem|Kyurem-Black, shiny|100\/100\n|-ability|p2a: Kyurem|Teravolt\n|turn|6\n|\n|t:|1699682101\n|move|p1b: Farigiraf|Hyper Voice|p2b: Raikou|[spread] p2a,p2b\n|-damage|p2a: Kyurem|59\/100\n|-damage|p2b: Raikou|0 fnt\n|faint|p2b: Raikou\n|move|p1a: Metagross|Meteor Mash|p2a: Kyurem\n|-supereffective|p2a: Kyurem\n|-damage|p2a: Kyurem|0 fnt\n|-boost|p1a: Metagross|atk|1\n|faint|p2a: Kyurem\n|\n|win|asdasdasd2\n|raw|asdasdasd2's rating: 1196 &rarr; <strong>1230<\/strong><br \/>(+34 for winning)\n|raw|Le Thanh Hai's rating: 1328 &rarr; <strong>1301<\/strong><br \/>(-27 for losing)\n","uploadtime":1699682115,"views":6,"p1id":"asdasdasd2","p2id":"lethanhhai","formatid":"gen9nationaldexdoubles","rating":1230,"private":0,"password":""}