{"id":"gen9nationaldexdoubles-1965435751","p1":"TecAVR","p2":"Billtie","format":"[Gen 9] National Dex Doubles","log":"|j|\u203dTecAVR\n|j|\u2606Billtie\n|t:|1697072908\n|gametype|doubles\n|player|p1|TecAVR|2|1023\n|player|p2|Billtie|dragontamer|1187\n|teamsize|p1|6\n|teamsize|p2|6\n|gen|9\n|tier|[Gen 9] National Dex Doubles\n|rated|\n|rule|HP Percentage Mod: HP is shown in percentages\n|rule|Endless Battle Clause: Forcing endless battles is banned\n|rule|OHKO Clause: OHKO moves are banned\n|rule|Evasion Moves Clause: Evasion moves are banned\n|rule|Evasion Abilities Clause: Evasion abilities are banned\n|rule|Species Clause: Limit one of each Pok\u00e9mon\n|rule|Gravity Sleep Clause: The combination of sleep-inducing moves with imperfect accuracy and Gravity or Gigantamax Orbeetle are banned\n|clearpoke\n|poke|p1|Raichu, M|\n|poke|p1|Suicune|\n|poke|p1|Heatran, M|\n|poke|p1|Golurk|\n|poke|p1|Gardevoir, F|\n|poke|p1|Dragonite, M|\n|poke|p2|Metagross|\n|poke|p2|Murkrow, F|\n|poke|p2|Diancie|\n|poke|p2|Flutter Mane|\n|poke|p2|Heatran, M|\n|poke|p2|Volcanion|\n|teampreview\n|inactive|Battle timer is ON: inactive players will automatically lose when time's up. (requested by Billtie)\n|\n|t:|1697072938\n|start\n|switch|p1a: Raichu|Raichu, M|100\/100\n|switch|p1b: Dragonite|Dragonite, M|100\/100\n|switch|p2a: Murkrow|Murkrow, F|100\/100\n|switch|p2b: Flutter Mane|Flutter Mane|100\/100\n|-enditem|p2b: Flutter Mane|Booster Energy\n|-activate|p2b: Flutter Mane|ability: Protosynthesis|[fromitem]\n|-start|p2b: Flutter Mane|protosynthesisspa\n|turn|1\n|\n|t:|1697072954\n|move|p1a: Raichu|Fake Out|p2a: Murkrow\n|-damage|p2a: Murkrow|89\/100\n|cant|p2a: Murkrow|flinch\n|move|p2b: Flutter Mane|Taunt|p1a: Raichu\n|-start|p1a: Raichu|move: Taunt\n|move|p1b: Dragonite|Tailwind|p1b: Dragonite\n|-sidestart|p1: TecAVR|move: Tailwind\n|\n|upkeep\n|turn|2\n|\n|t:|1697072970\n|move|p2a: Murkrow|Tailwind|p2a: Murkrow\n|-sidestart|p2: Billtie|move: Tailwind\n|move|p2b: Flutter Mane|Moonblast|p1b: Dragonite\n|-supereffective|p1b: Dragonite\n|-damage|p1b: Dragonite|37\/100\n|-unboost|p1b: Dragonite|spa|1\n|move|p1a: Raichu|Nuzzle|p2b: Flutter Mane\n|-damage|p2b: Flutter Mane|83\/100\n|-status|p2b: Flutter Mane|par\n|move|p1b: Dragonite|Dragon Claw|p2a: Murkrow\n|-damage|p2a: Murkrow|46\/100\n|\n|-heal|p1b: Dragonite|43\/100|[from] item: Leftovers\n|upkeep\n|turn|3\n|\n|t:|1697072989\n|switch|p1b: Gardevoir|Gardevoir, F|100\/100\n|move|p2a: Murkrow|Taunt|p1b: Gardevoir\n|-start|p1b: Gardevoir|move: Taunt\n|move|p1a: Raichu|Nuzzle|p2a: Murkrow\n|-supereffective|p2a: Murkrow\n|-damage|p2a: Murkrow|31\/100\n|-status|p2a: Murkrow|par\n|move|p2b: Flutter Mane|Moonblast|p1b: Gardevoir\n|-damage|p1b: Gardevoir|23\/100\n|-enditem|p1b: Gardevoir|Sitrus Berry|[eat]\n|-heal|p1b: Gardevoir|48\/100|[from] item: Sitrus Berry\n|\n|upkeep\n|turn|4\n|\n|t:|1697073013\n|switch|p1b: Heatran|Heatran, M|100\/100\n|-item|p1b: Heatran|Air Balloon\n|move|p1a: Raichu|Volt Switch|p2a: Murkrow\n|-supereffective|p2a: Murkrow\n|-damage|p2a: Murkrow|0 fnt\n|faint|p2a: Murkrow\n|\n|t:|1697073025\n|switch|p1a: Suicune|Suicune|100\/100|[from] Volt Switch\n|-ability|p1a: Suicune|Pressure\n|move|p2b: Flutter Mane|Moonblast|p1a: Suicune\n|-damage|p1a: Suicune|47\/100\n|\n|-sideend|p1: TecAVR|move: Tailwind\n|upkeep\n|\n|t:|1697073032\n|switch|p2a: Volcanion|Volcanion|100\/100\n|turn|5\n|\n|t:|1697073055\n|cant|p2b: Flutter Mane|par\n|move|p2a: Volcanion|Hyper Beam|p1b: Heatran\n|-resisted|p1b: Heatran\n|-damage|p1b: Heatran|77\/100\n|-mustrecharge|p2a: Volcanion\n|-enditem|p1b: Heatran|Air Balloon\n|move|p1a: Suicune|Snarl|p2b: Flutter Mane|[spread] p2a,p2b\n|-damage|p2a: Volcanion|93\/100\n|-damage|p2b: Flutter Mane|71\/100 par\n|-unboost|p2a: Volcanion|spa|1\n|-unboost|p2b: Flutter Mane|spa|1\n|move|p1b: Heatran|Heat Wave|p2b: Flutter Mane|[spread] p2a,p2b\n|-resisted|p2a: Volcanion\n|-damage|p2a: Volcanion|85\/100\n|-damage|p2b: Flutter Mane|32\/100 par\n|\n|-sideend|p2: Billtie|move: Tailwind\n|upkeep\n|turn|6\n|c|\u2606Billtie|you didnt swap\n|c|\u2606Billtie|wtaf\n|\n|t:|1697073079\n|-end|p2b: Flutter Mane|Protosynthesis|[silent]\n|switch|p2b: Diancie|Diancie|100\/100\n|move|p1a: Suicune|Snarl|p2a: Volcanion|[spread] p2b\n|-miss|p1a: Suicune|p2a: Volcanion\n|-resisted|p2b: Diancie\n|-damage|p2b: Diancie|96\/100\n|move|p1b: Heatran|Earth Power|p2a: Volcanion\n|-supereffective|p2a: Volcanion\n|-damage|p2a: Volcanion|43\/100\n|cant|p2a: Volcanion|recharge\n|\n|-heal|p2b: Diancie|100\/100|[from] item: Leftovers\n|upkeep\n|turn|7\n|\n|t:|1697073108\n|move|p1b: Heatran|Protect|p1b: Heatran\n|-singleturn|p1b: Heatran|Protect\n|move|p2a: Volcanion|Earth Power|p1b: Heatran\n|-activate|p1b: Heatran|move: Protect\n|move|p2b: Diancie|Body Press|p1b: Heatran\n|-activate|p1b: Heatran|move: Protect\n|move|p1a: Suicune|Roar|p2b: Diancie\n|drag|p2b: Metagross|Metagross|100\/100\n|\n|upkeep\n|turn|8\n|\n|t:|1697073126\n|switch|p1b: Dragonite|Dragonite, M|43\/100\n|detailschange|p2b: Metagross|Metagross-Mega\n|-mega|p2b: Metagross|Metagross|Metagrossite\n|move|p2b: Metagross|Iron Head|p1a: Suicune\n|-resisted|p1a: Suicune\n|-damage|p1a: Suicune|25\/100\n|-enditem|p1a: Suicune|Mago Berry|[eat]\n|-heal|p1a: Suicune|58\/100|[from] item: Mago Berry\n|move|p1a: Suicune|Snarl|p2a: Volcanion|[spread] p2a,p2b\n|-crit|p2a: Volcanion\n|-supereffective|p2b: Metagross\n|-damage|p2a: Volcanion|32\/100\n|-damage|p2b: Metagross|81\/100\n|-unboost|p2a: Volcanion|spa|1\n|-unboost|p2b: Metagross|spa|1\n|move|p2a: Volcanion|Steam Eruption|p1b: Dragonite\n|-resisted|p1b: Dragonite\n|-damage|p1b: Dragonite|30\/100\n|\n|-heal|p1b: Dragonite|36\/100|[from] item: Leftovers\n|upkeep\n|turn|9\n|\n|t:|1697073147\n|switch|p2a: Diancie|Diancie|100\/100\n|move|p2b: Metagross|Zen Headbutt|p1a: Suicune|[miss]\n|-miss|p2b: Metagross|p1a: Suicune\n|move|p1b: Dragonite|Roost|p1b: Dragonite\n|-heal|p1b: Dragonite|86\/100\n|-singleturn|p1b: Dragonite|move: Roost\n|move|p1a: Suicune|Icy Wind|p2b: Metagross|[spread] p2a,p2b\n|-resisted|p2b: Metagross\n|-damage|p2a: Diancie|90\/100\n|-damage|p2b: Metagross|76\/100\n|-unboost|p2b: Metagross|spe|1\n|\n|-heal|p1b: Dragonite|92\/100|[from] item: Leftovers\n|-heal|p2a: Diancie|96\/100|[from] item: Leftovers\n|upkeep\n|turn|10\n|-message|Billtie forfeited.\n|\n|win|TecAVR\n|raw|TecAVR's rating: 1023 &rarr; <strong>1076<\/strong><br \/>(+53 for winning)\n|raw|Billtie's rating: 1187 &rarr; <strong>1151<\/strong><br \/>(-36 for losing)\n","uploadtime":1697073164,"views":8,"p1id":"tecavr","p2id":"billtie","formatid":"gen9nationaldexdoubles","rating":1076,"private":0,"password":""}