{"id":"gen9nationaldexdoubles-1959556940","p1":"Nagamiz","p2":"Golbur","format":"[Gen 9] National Dex Doubles","log":"|j|\u2606Nagamiz\n|j|\u2606Golbur\n|t:|1696437200\n|gametype|doubles\n|player|p1|Nagamiz|lance|1114\n|player|p2|Golbur|roxie|1088\n|teamsize|p1|6\n|teamsize|p2|6\n|gen|9\n|tier|[Gen 9] National Dex Doubles\n|rated|\n|rule|HP Percentage Mod: HP is shown in percentages\n|rule|Endless Battle Clause: Forcing endless battles is banned\n|rule|OHKO Clause: OHKO moves are banned\n|rule|Evasion Moves Clause: Evasion moves are banned\n|rule|Evasion Abilities Clause: Evasion abilities are banned\n|rule|Species Clause: Limit one of each Pok\u00e9mon\n|rule|Gravity Sleep Clause: The combination of sleep-inducing moves with imperfect accuracy and Gravity or Gigantamax Orbeetle are banned\n|clearpoke\n|poke|p1|Rotom-Frost|\n|poke|p1|Abomasnow, M|\n|poke|p1|Ninetales-Alola, M|\n|poke|p1|Iron Bundle|\n|poke|p1|Chi-Yu|\n|poke|p1|Mawile, M|\n|poke|p2|Aromatisse, F|\n|poke|p2|Natu, M|\n|poke|p2|Torterra, M|\n|poke|p2|Vivillon-Elegant, F|\n|poke|p2|Grapploct, F|\n|poke|p2|Tsareena, F|\n|teampreview\n|inactive|Battle timer is ON: inactive players will automatically lose when time's up. (requested by Golbur)\n|\n|t:|1696437228\n|start\n|switch|p1a: Abomasnow|Abomasnow, M|100\/100\n|switch|p1b: Rotom|Rotom-Frost|100\/100\n|switch|p2a: Boopie|Natu, M|100\/100\n|switch|p2b: Goopie|Torterra, M|100\/100\n|-weather|Snow|[from] ability: Snow Warning|[of] p1a: Abomasnow\n|turn|1\n|\n|t:|1696437251\n|detailschange|p1a: Abomasnow|Abomasnow-Mega, M\n|-mega|p1a: Abomasnow|Abomasnow|Abomasite\n|move|p1b: Rotom|Thunder Wave|p2a: Boopie\n|move|p2a: Boopie|Thunder Wave|p1b: Rotom|[from]ability: Magic Bounce\n|-immune|p1b: Rotom\n|move|p2b: Goopie|Light Screen|p2b: Goopie\n|-sidestart|p2: Golbur|move: Light Screen\n|move|p1a: Abomasnow|Blizzard|p2a: Boopie|[spread] p2a,p2b\n|-supereffective|p2a: Boopie\n|-supereffective|p2b: Goopie\n|-damage|p2a: Boopie|26\/100\n|-damage|p2b: Goopie|20\/100\n|move|p2a: Boopie|Trick Room|p2a: Boopie\n|-fieldstart|move: Trick Room|[of] p2a: Boopie\n|\n|-weather|Snow|[upkeep]\n|upkeep\n|turn|2\n|\n|t:|1696437272\n|move|p1a: Abomasnow|Blizzard|p2b: Goopie|[spread] p2a,p2b\n|-supereffective|p2a: Boopie\n|-supereffective|p2b: Goopie\n|-damage|p2a: Boopie|0 fnt\n|-damage|p2b: Goopie|0 fnt\n|faint|p2a: Boopie\n|faint|p2b: Goopie\n|move|p1b: Rotom|Blizzard|p2: Boopie|[notarget]\n|-fail|p1b: Rotom\n|\n|-weather|Snow|[upkeep]\n|upkeep\n|\n|t:|1696437286\n|switch|p2b: Spoopie|Aromatisse, F|100\/100\n|switch|p2a: Grapploct|Grapploct, F|100\/100\n|turn|3\n|\n|t:|1696437300\n|move|p2b: Spoopie|Nasty Plot|p2b: Spoopie\n|-boost|p2b: Spoopie|spa|2\n|move|p1a: Abomasnow|Icicle Spear|p2a: Grapploct\n|-damage|p2a: Grapploct|86\/100\n|-damage|p2a: Grapploct|72\/100\n|-hitcount|p2a: Grapploct|2\n|move|p2a: Grapploct|Octolock|p1a: Abomasnow\n|-start|p1a: Abomasnow|move: Octolock|[of] p2a: Grapploct\n|move|p1b: Rotom|Thunder Wave|p2a: Grapploct\n|-immune|p2a: Grapploct|[from] ability: Limber\n|\n|-weather|Snow|[upkeep]\n|-heal|p2a: Grapploct|78\/100|[from] item: Leftovers\n|-unboost|p1a: Abomasnow|def|1\n|-unboost|p1a: Abomasnow|spd|1\n|upkeep\n|turn|4\n|inactive|Golbur has 120 seconds left.\n|\n|t:|1696437332\n|move|p2b: Spoopie|Moonblast|p1b: Rotom\n|-damage|p1b: Rotom|0 fnt\n|faint|p1b: Rotom\n|move|p1a: Abomasnow|Blizzard|p2b: Spoopie|[spread] p2a,p2b\n|-damage|p2a: Grapploct|50\/100\n|-damage|p2b: Spoopie|77\/100\n|move|p2a: Grapploct|Drain Punch|p1a: Abomasnow\n|-supereffective|p1a: Abomasnow\n|-damage|p1a: Abomasnow|20\/100\n|-heal|p2a: Grapploct|93\/100|[from] drain|[of] p1a: Abomasnow\n|\n|-weather|Snow|[upkeep]\n|-heal|p2a: Grapploct|99\/100|[from] item: Leftovers\n|-unboost|p1a: Abomasnow|def|1\n|-unboost|p1a: Abomasnow|spd|1\n|upkeep\n|\n|t:|1696437341\n|switch|p1b: Chi-Yu|Chi-Yu|100\/100\n|-ability|p1b: Chi-Yu|Beads of Ruin\n|turn|5\n|\n|t:|1696437350\n|-terastallize|p1b: Chi-Yu|Electric\n|move|p2b: Spoopie|Moonblast|p1b: Chi-Yu\n|-damage|p1b: Chi-Yu|0 fnt\n|faint|p1b: Chi-Yu\n|move|p1a: Abomasnow|Blizzard|p2a: Grapploct|[spread] p2a,p2b\n|-damage|p2a: Grapploct|71\/100\n|-damage|p2b: Spoopie|55\/100\n|move|p2a: Grapploct|Drain Punch|p1a: Abomasnow\n|-supereffective|p1a: Abomasnow\n|-damage|p1a: Abomasnow|0 fnt\n|-heal|p2a: Grapploct|81\/100|[from] drain|[of] p1a: Abomasnow\n|faint|p1a: Abomasnow\n|\n|-weather|none\n|-heal|p2a: Grapploct|87\/100|[from] item: Leftovers\n|-fieldend|move: Trick Room\n|upkeep\n|-message|Nagamiz forfeited.\n|\n|win|Golbur\n|raw|Nagamiz's rating: 1114 &rarr; <strong>1087<\/strong><br \/>(-27 for losing)\n|raw|Golbur's rating: 1088 &rarr; <strong>1117<\/strong><br \/>(+29 for winning)\n|l|\u2606Nagamiz\n","uploadtime":1696437374,"views":12,"p1id":"nagamiz","p2id":"golbur","formatid":"gen9nationaldexdoubles","rating":1087,"private":0,"password":""}