{"id":"gen9nationaldexdoubles-1986934386","p1":"PBJK","p2":"lxvliiz","format":"[Gen 9] National Dex Doubles","log":"|j|\u2606PBJK\n|j|\u2606lxvliiz\n|t:|1699542379\n|gametype|doubles\n|player|p1|PBJK|brock|1100\n|player|p2|lxvliiz|170|1091\n|teamsize|p1|6\n|teamsize|p2|6\n|gen|9\n|tier|[Gen 9] National Dex Doubles\n|rated|\n|rule|HP Percentage Mod: HP is shown in percentages\n|rule|Endless Battle Clause: Forcing endless battles is banned\n|rule|OHKO Clause: OHKO moves are banned\n|rule|Evasion Moves Clause: Evasion moves are banned\n|rule|Evasion Abilities Clause: Evasion abilities are banned\n|rule|Species Clause: Limit one of each Pok\u00e9mon\n|rule|Gravity Sleep Clause: The combination of sleep-inducing moves with imperfect accuracy and Gravity or Gigantamax Orbeetle are banned\n|clearpoke\n|poke|p1|Garganacl, M|\n|poke|p1|Tyranitar, F|\n|poke|p1|Steelix, F|\n|poke|p1|Aerodactyl, M|\n|poke|p1|Avalugg-Hisui, F|\n|poke|p1|Golem-Alola, M|\n|poke|p2|Kommo-o, M|\n|poke|p2|Volcarona, M|\n|poke|p2|Oricorio-Pom-Pom, M|\n|poke|p2|Quaquaval, F|\n|poke|p2|Flamigo, M|\n|poke|p2|Marshadow|\n|teampreview\n|\n|t:|1699542385\n|start\n|switch|p1a: Tyranitar|Tyranitar, F|100\/100\n|switch|p1b: Garganacl|Garganacl, M|100\/100\n|switch|p2a: dance dance dance|Kommo-o, M, shiny|100\/100\n|switch|p2b: forever|Quaquaval, F, shiny|100\/100\n|-weather|Sandstorm|[from] ability: Sand Stream|[of] p1a: Tyranitar\n|turn|1\n|\n|t:|1699542422\n|-terastallize|p2b: forever|Water\n|move|p2a: dance dance dance|Drain Punch|p1a: Tyranitar\n|-supereffective|p1a: Tyranitar\n|-enditem|p1a: Tyranitar|Focus Sash\n|-damage|p1a: Tyranitar|1\/100\n|move|p2b: forever|Aqua Step|p1b: Garganacl\n|-supereffective|p1b: Garganacl\n|-damage|p1b: Garganacl|41\/100\n|-boost|p2b: forever|spe|1\n|move|p1a: Tyranitar|Knock Off|p2a: dance dance dance\n|-resisted|p2a: dance dance dance\n|-damage|p2a: dance dance dance|72\/100\n|-damage|p1a: Tyranitar|0 fnt|[from] item: Rocky Helmet|[of] p2a: dance dance dance\n|faint|p1a: Tyranitar\n|move|p1b: Garganacl|Stealth Rock|p2a: dance dance dance\n|-sidestart|p2: lxvliiz|move: Stealth Rock\n|\n|-weather|Sandstorm|[upkeep]\n|-damage|p2b: forever|94\/100|[from] Sandstorm\n|-damage|p2a: dance dance dance|66\/100|[from] Sandstorm\n|-heal|p1b: Garganacl|47\/100|[from] item: Leftovers\n|upkeep\n|\n|t:|1699542445\n|switch|p1a: Steelix|Steelix, F|100\/100\n|turn|2\n|\n|t:|1699542456\n|switch|p1b: Golem|Golem-Alola, M|100\/100\n|-item|p1b: Golem|Air Balloon\n|move|p2b: forever|Aqua Step|p1b: Golem\n|-supereffective|p1b: Golem\n|-damage|p1b: Golem|0 fnt\n|-boost|p2b: forever|spe|1\n|-enditem|p1b: Golem|Air Balloon\n|faint|p1b: Golem\n|-ability|p2b: forever|Moxie|boost\n|-boost|p2b: forever|atk|1\n|move|p2a: dance dance dance|Drain Punch|p1a: Steelix\n|-supereffective|p1a: Steelix\n|-crit|p1a: Steelix\n|-damage|p1a: Steelix|48\/100\n|-heal|p2a: dance dance dance|98\/100|[from] drain|[of] p1a: Steelix\n|move|p1a: Steelix|Earthquake|p2a: dance dance dance|[spread] p2a,p2b\n|-damage|p2a: dance dance dance|65\/100\n|-damage|p2b: forever|50\/100\n|\n|-weather|Sandstorm|[upkeep]\n|-damage|p2b: forever|44\/100|[from] Sandstorm\n|-damage|p2a: dance dance dance|59\/100|[from] Sandstorm\n|upkeep\n|c|\u2606lxvliiz|\ud83d\ude08\n|\n|t:|1699542482\n|switch|p1b: Aerodactyl|Aerodactyl, M|100\/100\n|-ability|p1b: Aerodactyl|Pressure\n|turn|3\n|\n|t:|1699542498\n|detailschange|p1b: Aerodactyl|Aerodactyl-Mega, M\n|-mega|p1b: Aerodactyl|Aerodactyl|Aerodactylite\n|move|p2b: forever|Aqua Step|p1b: Aerodactyl\n|-supereffective|p1b: Aerodactyl\n|-damage|p1b: Aerodactyl|0 fnt\n|-boost|p2b: forever|spe|1\n|faint|p1b: Aerodactyl\n|-ability|p2b: forever|Moxie|boost\n|-boost|p2b: forever|atk|1\n|move|p2a: dance dance dance|Drain Punch|p1a: Steelix\n|-supereffective|p1a: Steelix\n|-damage|p1a: Steelix|8\/100\n|-heal|p2a: dance dance dance|83\/100|[from] drain|[of] p1a: Steelix\n|move|p1a: Steelix|Earthquake|p2b: forever|[spread] p2a,p2b\n|-damage|p2a: dance dance dance|49\/100\n|-damage|p2b: forever|0 fnt\n|faint|p2b: forever\n|\n|-weather|Sandstorm|[upkeep]\n|-damage|p2a: dance dance dance|43\/100|[from] Sandstorm\n|upkeep\n|\n|t:|1699542517\n|switch|p1b: Avalugg|Avalugg-Hisui, F|100\/100\n|switch|p2b: everyone dance|Marshadow|100\/100\n|-damage|p2b: everyone dance|94\/100|[from] Stealth Rock\n|turn|4\n|\n|t:|1699542540\n|move|p2b: everyone dance|Drain Punch|p1a: Steelix\n|-supereffective|p1a: Steelix\n|-damage|p1a: Steelix|0 fnt\n|-heal|p2b: everyone dance|99\/100|[from] drain|[of] p1a: Steelix\n|faint|p1a: Steelix\n|move|p2a: dance dance dance|Drain Punch|p1b: Avalugg\n|-supereffective|p1b: Avalugg\n|-damage|p1b: Avalugg|30\/100\n|-heal|p2a: dance dance dance|91\/100|[from] drain|[of] p1b: Avalugg\n|move|p1b: Avalugg|Ice Fang|p2b: everyone dance\n|-damage|p2b: everyone dance|0 fnt\n|faint|p2b: everyone dance\n|\n|-weather|Sandstorm|[upkeep]\n|-damage|p2a: dance dance dance|84\/100|[from] Sandstorm\n|upkeep\n|\n|t:|1699542555\n|switch|p2b: one last dance|Flamigo, M, shiny|100\/100\n|switch|p1a: Garganacl|Garganacl, M|47\/100\n|-damage|p2b: one last dance|88\/100|[from] Stealth Rock\n|-copyboost|p2b: one last dance|p2a: dance dance dance|[from] ability: Costar\n|turn|5\n|\n|t:|1699542573\n|-terastallize|p1a: Garganacl|Ghost\n|move|p2b: one last dance|Close Combat|p1a: Garganacl\n|-immune|p1a: Garganacl\n|move|p2a: dance dance dance|Drain Punch|p1b: Avalugg\n|-supereffective|p1b: Avalugg\n|-damage|p1b: Avalugg|0 fnt\n|-heal|p2a: dance dance dance|100\/100|[from] drain|[of] p1b: Avalugg\n|faint|p1b: Avalugg\n|move|p1a: Garganacl|Salt Cure|p2b: one last dance\n|-damage|p2b: one last dance|66\/100\n|-start|p2b: one last dance|Salt Cure\n|\n|-weather|none\n|-heal|p1a: Garganacl|53\/100|[from] item: Leftovers\n|-damage|p2b: one last dance|54\/100|[from] Salt Cure\n|upkeep\n|turn|6\n|\n|t:|1699542596\n|move|p2b: one last dance|Fly||[still]\n|-prepare|p2b: one last dance|Fly\n|-enditem|p2b: one last dance|Power Herb\n|-anim|p2b: one last dance|Fly|p1a: Garganacl\n|-damage|p1a: Garganacl|30\/100\n|move|p2a: dance dance dance|Shadow Claw|p1a: Garganacl\n|-supereffective|p1a: Garganacl\n|-damage|p1a: Garganacl|19\/100\n|move|p1a: Garganacl|Body Press|p2a: dance dance dance\n|-damage|p2a: dance dance dance|72\/100\n|-damage|p1a: Garganacl|3\/100|[from] item: Rocky Helmet|[of] p2a: dance dance dance\n|\n|-heal|p1a: Garganacl|9\/100|[from] item: Leftovers\n|-damage|p2b: one last dance|41\/100|[from] Salt Cure\n|upkeep\n|turn|7\n|c|\u2606PBJK|oof gg\n|c|\u2606lxvliiz|gg\n|\n|t:|1699542616\n|move|p2b: one last dance|Acrobatics|p1a: Garganacl\n|-damage|p1a: Garganacl|0 fnt\n|faint|p1a: Garganacl\n|\n|win|lxvliiz\n|raw|PBJK's rating: 1100 &rarr; <strong>1074<\/strong><br \/>(-26 for losing)\n|raw|lxvliiz's rating: 1091 &rarr; <strong>1118<\/strong><br \/>(+27 for winning)\n|l|\u2606PBJK\n|c|\u2606lxvliiz|the only time my fighting types are good lmao\n","uploadtime":1699542632,"views":5,"p1id":"pbjk","p2id":"lxvliiz","formatid":"gen9nationaldexdoubles","rating":1074,"private":0,"password":""}