{"id":"gen9nationaldexdoubles-1995178605","p1":"MKDones08","p2":"Mistery Gold","format":"[Gen 9] National Dex Doubles","log":"|j|\u2606MKDones08\n|j|\u2606Mistery Gold\n|t:|1700531393\n|gametype|doubles\n|player|p1|MKDones08|li|\n|player|p2|Mistery Gold|tate|\n|teamsize|p1|6\n|teamsize|p2|6\n|gen|9\n|tier|[Gen 9] National Dex Doubles\n|rule|HP Percentage Mod: HP is shown in percentages\n|rule|Endless Battle Clause: Forcing endless battles is banned\n|rule|OHKO Clause: OHKO moves are banned\n|rule|Evasion Moves Clause: Evasion moves are banned\n|rule|Evasion Abilities Clause: Evasion abilities are banned\n|rule|Species Clause: Limit one of each Pok\u00e9mon\n|rule|Gravity Sleep Clause: The combination of sleep-inducing moves with imperfect accuracy and Gravity or Gigantamax Orbeetle are banned\n|clearpoke\n|poke|p1|Tornadus, M|\n|poke|p1|Pelipper, M|\n|poke|p1|Salamence, F|\n|poke|p1|Kleavor, M|\n|poke|p1|Chien-Pao|\n|poke|p1|Kingambit, F|\n|poke|p2|Iron Bundle|\n|poke|p2|Flutter Mane|\n|poke|p2|Chandelure, F|\n|poke|p2|Indeedee-F, F|\n|poke|p2|Scream Tail|\n|poke|p2|Houndstone, F|\n|teampreview\n|inactive|Battle timer is ON: inactive players will automatically lose when time's up. (requested by MKDones08)\n|\n|t:|1700531421\n|start\n|switch|p1a: Pelipper|Pelipper, M|100\/100\n|switch|p1b: Chien-Pao|Chien-Pao|100\/100\n|switch|p2a: Chandelure|Chandelure, F|100\/100\n|switch|p2b: Indeedee|Indeedee-F, F|100\/100\n|-ability|p1b: Chien-Pao|Sword of Ruin\n|-fieldstart|move: Psychic Terrain|[from] ability: Psychic Surge|[of] p2b: Indeedee\n|-weather|RainDance|[from] ability: Drizzle|[of] p1a: Pelipper\n|turn|1\n|\n|t:|1700531450\n|switch|p1b: Salamence|Salamence, F|100\/100\n|-ability|p1b: Salamence|Intimidate|boost\n|-unboost|p2a: Chandelure|atk|1\n|-unboost|p2b: Indeedee|atk|1\n|move|p2a: Chandelure|Dark Pulse|p1a: Pelipper\n|-damage|p1a: Pelipper|58\/100\n|move|p2b: Indeedee|Expanding Force|p1b: Salamence|[spread] p1a,p1b\n|-damage|p1a: Pelipper|2\/100\n|-damage|p1b: Salamence|54\/100\n|move|p1a: Pelipper|Weather Ball|p2a: Chandelure\n|-supereffective|p2a: Chandelure\n|-damage|p2a: Chandelure|0 fnt\n|faint|p2a: Chandelure\n|\n|-weather|RainDance|[upkeep]\n|upkeep\n|inactive|Mistery Gold has 270 seconds left.\n|\n|t:|1700531463\n|switch|p2a: Flutter Mane|Flutter Mane|100\/100\n|-enditem|p2a: Flutter Mane|Booster Energy\n|-activate|p2a: Flutter Mane|ability: Protosynthesis|[fromitem]\n|-start|p2a: Flutter Mane|protosynthesisspe\n|turn|2\n|\n|t:|1700531476\n|-terastallize|p2a: Flutter Mane|Fairy\n|move|p2b: Indeedee|Helping Hand|p2a: Flutter Mane\n|-singleturn|p2a: Flutter Mane|Helping Hand|[of] p2b: Indeedee\n|move|p1a: Pelipper|Wide Guard|p1a: Pelipper\n|-singleturn|p1a: Pelipper|Wide Guard\n|move|p2a: Flutter Mane|Dazzling Gleam|p1a: Pelipper|[spread] \n|-activate|p1a: Pelipper|move: Wide Guard\n|-activate|p1b: Salamence|move: Wide Guard\n|move|p1b: Salamence|Hurricane|p2a: Flutter Mane\n|-crit|p2a: Flutter Mane\n|-damage|p2a: Flutter Mane|0 fnt\n|faint|p2a: Flutter Mane\n|-end|p2a: Flutter Mane|Protosynthesis|[silent]\n|\n|-weather|RainDance|[upkeep]\n|upkeep\n|inactive|Mistery Gold has 270 seconds left.\n|\n|t:|1700531515\n|switch|p2a: Iron Bundle|Iron Bundle|100\/100\n|-enditem|p2a: Iron Bundle|Booster Energy\n|-activate|p2a: Iron Bundle|ability: Quark Drive|[fromitem]\n|-start|p2a: Iron Bundle|quarkdrivespe\n|turn|3\n|\n|t:|1700531530\n|switch|p1a: Chien-Pao|Chien-Pao|100\/100\n|-ability|p1a: Chien-Pao|Sword of Ruin\n|move|p2b: Indeedee|Helping Hand|p2a: Iron Bundle\n|-singleturn|p2a: Iron Bundle|Helping Hand|[of] p2b: Indeedee\n|move|p2a: Iron Bundle|Icy Wind|p1b: Salamence|[spread] p1a,p1b\n|-resisted|p1a: Chien-Pao\n|-supereffective|p1b: Salamence\n|-damage|p1a: Chien-Pao|77\/100\n|-damage|p1b: Salamence|0 fnt\n|-unboost|p1a: Chien-Pao|spe|1\n|faint|p1b: Salamence\n|\n|-weather|RainDance|[upkeep]\n|upkeep\n|inactive|MKDones08 has 270 seconds left.\n|\n|t:|1700531551\n|switch|p1b: Tornadus|Tornadus, M|100\/100\n|turn|4\n|\n|t:|1700531572\n|move|p2b: Indeedee|Helping Hand|p2a: Iron Bundle\n|-singleturn|p2a: Iron Bundle|Helping Hand|[of] p2b: Indeedee\n|move|p1b: Tornadus|Tailwind|p1b: Tornadus\n|-sidestart|p1: MKDones08|move: Tailwind\n|move|p2a: Iron Bundle|Blizzard|p1b: Tornadus|[spread] p1a,p1b\n|-resisted|p1a: Chien-Pao\n|-supereffective|p1b: Tornadus\n|-damage|p1a: Chien-Pao|24\/100\n|-damage|p1b: Tornadus|0 fnt\n|faint|p1b: Tornadus\n|move|p1a: Chien-Pao|Crunch|p2b: Indeedee\n|-supereffective|p2b: Indeedee\n|-damage|p2b: Indeedee|0 fnt\n|faint|p2b: Indeedee\n|\n|-weather|RainDance|[upkeep]\n|upkeep\n|\n|t:|1700531592\n|switch|p1b: Kleavor|Kleavor, M|100\/100\n|switch|p2b: Scream Tail|Scream Tail|100\/100\n|turn|5\n|inactive|Mistery Gold has 270 seconds left.\n|\n|t:|1700531633\n|switch|p1a: Pelipper|Pelipper, M|2\/100\n|move|p2b: Scream Tail|Helping Hand|p2a: Iron Bundle\n|-singleturn|p2a: Iron Bundle|Helping Hand|[of] p2b: Scream Tail\n|move|p1b: Kleavor|Stone Axe|p2a: Iron Bundle|[miss]\n|-miss|p1b: Kleavor|p2a: Iron Bundle\n|move|p2a: Iron Bundle|Hydro Pump|p1b: Kleavor\n|-supereffective|p1b: Kleavor\n|-damage|p1b: Kleavor|0 fnt\n|faint|p1b: Kleavor\n|\n|-weather|RainDance|[upkeep]\n|upkeep\n|l|\u2606MKDones08\n|inactive|MKDones08 disconnected and has 300 seconds to reconnect!\n|player|p1|\n|inactive|MKDones08 has 270 seconds to reconnect!\n|inactive|MKDones08 has 240 seconds to reconnect!\n|inactive|MKDones08 has 210 seconds to reconnect!\n|j|\u2606MKDones08\n|inactive|MKDones08 reconnected and has 275 seconds left.\n|player|p1|MKDones08|li\n|inactive|MKDones08 has 270 seconds left.\n|\n|t:|1700531749\n|switch|p1b: Chien-Pao|Chien-Pao|24\/100\n|-ability|p1b: Chien-Pao|Sword of Ruin\n|turn|6\n|inactive|Mistery Gold has 270 seconds left.\n|inactive|Mistery Gold has 240 seconds left.\n|\n|t:|1700531803\n|move|p2b: Scream Tail|Helping Hand|p2a: Iron Bundle\n|-singleturn|p2a: Iron Bundle|Helping Hand|[of] p2b: Scream Tail\n|move|p1b: Chien-Pao|Crunch|p2b: Scream Tail\n|-damage|p2b: Scream Tail|53\/100\n|move|p2a: Iron Bundle|Air Cutter|p1b: Chien-Pao|[spread] p1a,p1b\n|-damage|p1a: Pelipper|0 fnt\n|-damage|p1b: Chien-Pao|0 fnt\n|faint|p1a: Pelipper\n|faint|p1b: Chien-Pao\n|\n|-weather|RainDance|[upkeep]\n|-heal|p2b: Scream Tail|59\/100|[from] item: Leftovers\n|upkeep\n|\n|t:|1700531817\n|switch|p1a: Kingambit|Kingambit, F|100\/100\n|-activate|p1a: Kingambit|ability: Supreme Overlord\n|-start|p1a: Kingambit|fallen5|[silent]\n|turn|7\n|\n|t:|1700531833\n|move|p2b: Scream Tail|Helping Hand|p2a: Iron Bundle\n|-singleturn|p2a: Iron Bundle|Helping Hand|[of] p2b: Scream Tail\n|move|p2a: Iron Bundle|Hydro Pump|p1a: Kingambit\n|-damage|p1a: Kingambit|18\/100\n|move|p1a: Kingambit|Power-Up Punch|p2a: Iron Bundle\n|-supereffective|p2a: Iron Bundle\n|-damage|p2a: Iron Bundle|44\/100\n|-boost|p1a: Kingambit|atk|1\n|\n|-weather|RainDance|[upkeep]\n|-heal|p2b: Scream Tail|66\/100|[from] item: Leftovers\n|-sideend|p1: MKDones08|move: Tailwind\n|upkeep\n|turn|8\n|inactive|Mistery Gold has 270 seconds left.\n|inactive|Mistery Gold has 240 seconds left.\n|\n|t:|1700531900\n|move|p2b: Scream Tail|Helping Hand|p2a: Iron Bundle\n|-singleturn|p2a: Iron Bundle|Helping Hand|[of] p2b: Scream Tail\n|move|p2a: Iron Bundle|Icy Wind|p1a: Kingambit\n|-resisted|p1a: Kingambit\n|-damage|p1a: Kingambit|4\/100\n|-unboost|p1a: Kingambit|spe|1\n|move|p1a: Kingambit|Power-Up Punch|p2a: Iron Bundle\n|-supereffective|p2a: Iron Bundle\n|-damage|p2a: Iron Bundle|0 fnt\n|-boost|p1a: Kingambit|atk|1\n|faint|p2a: Iron Bundle\n|-end|p2a: Iron Bundle|Quark Drive|[silent]\n|\n|-weather|none\n|-heal|p2b: Scream Tail|72\/100|[from] item: Leftovers\n|-fieldend|move: Psychic Terrain\n|upkeep\n|\n|t:|1700531906\n|switch|p2a: Houndstone|Houndstone, F|100\/100\n|turn|9\n|\n|t:|1700531918\n|move|p2b: Scream Tail|Helping Hand|p2a: Houndstone\n|-singleturn|p2a: Houndstone|Helping Hand|[of] p2b: Scream Tail\n|move|p1a: Kingambit|Sucker Punch|p2a: Houndstone\n|-supereffective|p2a: Houndstone\n|-damage|p2a: Houndstone|0 fnt\n|faint|p2a: Houndstone\n|\n|-heal|p2b: Scream Tail|78\/100|[from] item: Leftovers\n|upkeep\n|turn|10\n|inactive|Mistery Gold has 270 seconds left.\n|inactive|Mistery Gold has 240 seconds left.\n|\n|t:|1700531960\n|move|p1a: Kingambit|Sucker Punch||[still]\n|-fail|p1a: Kingambit\n|move|p2b: Scream Tail|Perish Song|p2b: Scream Tail\n|-start|p1a: Kingambit|perish3|[silent]\n|-start|p2b: Scream Tail|perish3|[silent]\n|-fieldactivate|move: Perish Song\n|\n|-heal|p2b: Scream Tail|84\/100|[from] item: Leftovers\n|-start|p2b: Scream Tail|perish3\n|-start|p1a: Kingambit|perish3\n|upkeep\n|turn|11\n|\n|t:|1700531969\n|move|p1a: Kingambit|Sucker Punch||[still]\n|-fail|p1a: Kingambit\n|move|p2b: Scream Tail|Wish|p2b: Scream Tail\n|\n|-heal|p2b: Scream Tail|91\/100|[from] item: Leftovers\n|-start|p2b: Scream Tail|perish2\n|-start|p1a: Kingambit|perish2\n|upkeep\n|turn|12\n|\n|t:|1700531973\n|move|p2b: Scream Tail|Stealth Rock|p1a: Kingambit\n|-sidestart|p1: MKDones08|move: Stealth Rock\n|move|p1a: Kingambit|Foul Play|p2b: Scream Tail\n|-damage|p2b: Scream Tail|73\/100\n|\n|-heal|p2b: Scream Tail|100\/100|[from] move: Wish|[wisher] Scream Tail\n|-start|p2b: Scream Tail|perish1\n|-start|p1a: Kingambit|perish1\n|upkeep\n|turn|13\n|\n|t:|1700531987\n|move|p2b: Scream Tail|Wish|p2b: Scream Tail\n|move|p1a: Kingambit|Foul Play|p2b: Scream Tail\n|-damage|p2b: Scream Tail|84\/100\n|\n|-heal|p2b: Scream Tail|90\/100|[from] item: Leftovers\n|-start|p2b: Scream Tail|perish0\n|-start|p1a: Kingambit|perish0\n|upkeep\n|faint|p2b: Scream Tail\n|-end|p2b: Scream Tail|Protosynthesis|[silent]\n|faint|p1a: Kingambit\n|-end|p1a: Kingambit|fallen5|[silent]\n|\n|win|MKDones08\n|l|\u2606MKDones08\n|l|\u2606Mistery Gold\n|j|\u2606Mistery Gold\n|player|p2|Mistery Gold|tate\n","uploadtime":1700532039,"views":4,"p1id":"mkdones08","p2id":"misterygold","formatid":"gen9nationaldexdoubles","rating":0,"private":0,"password":""}