{"id":"gen9nationaldexdoubles-1963873239","p1":"Azeri8k","p2":"georgexiii","format":"[Gen 9] National Dex Doubles","log":"|j|\u203dAzeri8k\n|j|\u2606georgexiii\n|t:|1696909304\n|gametype|doubles\n|player|p1|Azeri8k|265|1234\n|player|p2|georgexiii|birdkeeper-gen4dp|1056\n|teamsize|p1|6\n|teamsize|p2|6\n|gen|9\n|tier|[Gen 9] National Dex Doubles\n|rated|\n|rule|HP Percentage Mod: HP is shown in percentages\n|rule|Endless Battle Clause: Forcing endless battles is banned\n|rule|OHKO Clause: OHKO moves are banned\n|rule|Evasion Moves Clause: Evasion moves are banned\n|rule|Evasion Abilities Clause: Evasion abilities are banned\n|rule|Species Clause: Limit one of each Pok\u00e9mon\n|rule|Gravity Sleep Clause: The combination of sleep-inducing moves with imperfect accuracy and Gravity or Gigantamax Orbeetle are banned\n|clearpoke\n|poke|p1|Ogerpon-Hearthflame, F|\n|poke|p1|Flutter Mane|\n|poke|p1|Necrozma|\n|poke|p1|Mienshao, F|\n|poke|p1|Ninetales-Alola, F|\n|poke|p1|Ursaluna-Bloodmoon, M|\n|poke|p2|Ribombee, F|\n|poke|p2|Oricorio-Pom-Pom, F|\n|poke|p2|Clefable, F|\n|poke|p2|Primarina, M|\n|poke|p2|Chandelure, F|\n|poke|p2|Lopunny, F|\n|teampreview\n|inactive|Battle timer is ON: inactive players will automatically lose when time's up. (requested by Azeri8k)\n|\n|t:|1696909317\n|start\n|switch|p1a: Mienshao|Mienshao, F, shiny|100\/100\n|switch|p1b: Ninetales|Ninetales-Alola, F, shiny|100\/100\n|switch|p2a: Lopunny|Lopunny, F, shiny|100\/100\n|switch|p2b: Primarina|Primarina, M, shiny|100\/100\n|-weather|Snow|[from] ability: Snow Warning|[of] p1b: Ninetales\n|turn|1\n|c|\u2606georgexiii|hiii\n|\n|t:|1696909337\n|detailschange|p2a: Lopunny|Lopunny-Mega, F, shiny\n|-mega|p2a: Lopunny|Lopunny|Lopunnite\n|move|p2a: Lopunny|Fake Out|p1a: Mienshao\n|-damage|p1a: Mienshao|56\/100\n|cant|p1a: Mienshao|flinch\n|move|p1b: Ninetales|Dazzling Gleam|p2b: Primarina|[spread] p2a,p2b\n|-supereffective|p2a: Lopunny\n|-damage|p2a: Lopunny|39\/100\n|-damage|p2b: Primarina|80\/100\n|move|p2b: Primarina|Sing|p1b: Ninetales\n|-status|p1b: Ninetales|slp|[from] move: Sing\n|\n|-weather|Snow|[upkeep]\n|-heal|p1a: Mienshao|62\/100|[from] item: Leftovers\n|upkeep\n|turn|2\n|\n|t:|1696909359\n|switch|p2a: Oricorio|Oricorio-Pom-Pom, F, shiny|100\/100\n|switch|p1a: Necrozma|Necrozma, shiny|100\/100\n|cant|p1b: Ninetales|slp\n|move|p2b: Primarina|Draining Kiss|p1a: Necrozma\n|-damage|p1a: Necrozma|73\/100\n|-heal|p2b: Primarina|100\/100|[from] drain|[of] p1a: Necrozma\n|\n|-weather|Snow|[upkeep]\n|upkeep\n|turn|3\n|\n|t:|1696909374\n|cant|p1b: Ninetales|slp\n|move|p2a: Oricorio|Quiver Dance|p2a: Oricorio\n|-boost|p2a: Oricorio|spa|1\n|-boost|p2a: Oricorio|spd|1\n|-boost|p2a: Oricorio|spe|1\n|move|p1a: Necrozma|Rock Slide|p2a: Oricorio|[spread] p2a\n|-miss|p1a: Necrozma|p2b: Primarina\n|-supereffective|p2a: Oricorio\n|-damage|p2a: Oricorio|67\/100\n|move|p2b: Primarina|Scald|p1a: Necrozma\n|-damage|p1a: Necrozma|28\/100\n|\n|-weather|Snow|[upkeep]\n|-heal|p2a: Oricorio|73\/100|[from] item: Leftovers\n|upkeep\n|turn|4\n|\n|t:|1696909395\n|move|p2a: Oricorio|Quiver Dance|p2a: Oricorio\n|-boost|p2a: Oricorio|spa|1\n|-boost|p2a: Oricorio|spd|1\n|-boost|p2a: Oricorio|spe|1\n|-curestatus|p1b: Ninetales|slp|[msg]\n|move|p1b: Ninetales|Aurora Veil|p1b: Ninetales\n|-sidestart|p1: Azeri8k|move: Aurora Veil\n|move|p1a: Necrozma|Rock Slide|p2a: Oricorio|[spread] p2a,p2b\n|-supereffective|p2a: Oricorio\n|-damage|p2a: Oricorio|41\/100\n|-damage|p2b: Primarina|82\/100\n|move|p2b: Primarina|Scald|p1a: Necrozma\n|-damage|p1a: Necrozma|0 fnt\n|faint|p1a: Necrozma\n|\n|-weather|Snow|[upkeep]\n|-heal|p2a: Oricorio|47\/100|[from] item: Leftovers\n|upkeep\n|\n|t:|1696909409\n|switch|p1a: Mienshao|Mienshao, F, shiny|95\/100\n|turn|5\n|\n|t:|1696909425\n|move|p1a: Mienshao|Fake Out|p2a: Oricorio\n|-damage|p2a: Oricorio|29\/100\n|cant|p2a: Oricorio|flinch\n|move|p1b: Ninetales|Freeze-Dry|p2b: Primarina\n|-supereffective|p2b: Primarina\n|-damage|p2b: Primarina|31\/100\n|move|p2b: Primarina|Psych Up|p2a: Oricorio\n|-copyboost|p2b: Primarina|p2a: Oricorio|[from] move: Psych Up\n|\n|-weather|none\n|-heal|p2a: Oricorio|35\/100|[from] item: Leftovers\n|-heal|p1a: Mienshao|100\/100|[from] item: Leftovers\n|upkeep\n|turn|6\n|\n|t:|1696909445\n|move|p2a: Oricorio|Revelation Dance|p1b: Ninetales\n|-damage|p1b: Ninetales|55\/100\n|move|p2b: Primarina|Draining Kiss|p1a: Mienshao\n|-supereffective|p1a: Mienshao\n|-damage|p1a: Mienshao|0 fnt\n|-heal|p2b: Primarina|93\/100|[from] drain|[of] p1a: Mienshao\n|faint|p1a: Mienshao\n|move|p1b: Ninetales|Freeze-Dry|p2b: Primarina\n|-supereffective|p2b: Primarina\n|-damage|p2b: Primarina|70\/100\n|\n|-heal|p2a: Oricorio|41\/100|[from] item: Leftovers\n|upkeep\n|\n|t:|1696909458\n|switch|p1a: Ogerpon|Ogerpon-Hearthflame, F|100\/100\n|-ability|p1a: Ogerpon|Mold Breaker\n|turn|7\n|\n|t:|1696909475\n|-terastallize|p1a: Ogerpon|Fire\n|detailschange|p1a: Ogerpon|Ogerpon-Hearthflame-Tera, F, tera:Fire\n|-ability|p1a: Ogerpon|Embody Aspect (Hearthflame)|boost\n|-boost|p1a: Ogerpon|atk|1\n|move|p2a: Oricorio|Revelation Dance|p1a: Ogerpon\n|-damage|p1a: Ogerpon|50\/100\n|move|p2b: Primarina|Scald|p1a: Ogerpon\n|-supereffective|p1a: Ogerpon\n|-damage|p1a: Ogerpon|0 fnt\n|faint|p1a: Ogerpon\n|move|p1b: Ninetales|Freeze-Dry|p2a: Oricorio\n|-supereffective|p2a: Oricorio\n|-damage|p2a: Oricorio|5\/100\n|\n|-heal|p2a: Oricorio|11\/100|[from] item: Leftovers\n|upkeep\n|\n|t:|1696909489\n|switch|p1a: Flutter Mane|Flutter Mane, shiny|100\/100\n|-enditem|p1a: Flutter Mane|Booster Energy\n|-activate|p1a: Flutter Mane|ability: Protosynthesis|[fromitem]\n|-start|p1a: Flutter Mane|protosynthesisspe\n|turn|8\n|inactive|georgexiii has 120 seconds left.\n|\n|t:|1696909519\n|-terastallize|p2b: Primarina|Steel\n|move|p2a: Oricorio|Revelation Dance|p1a: Flutter Mane\n|-damage|p1a: Flutter Mane|61\/100\n|move|p1a: Flutter Mane|Icy Wind|p2b: Primarina|[spread] p2a,p2b\n|-supereffective|p2a: Oricorio\n|-resisted|p2b: Primarina\n|-damage|p2a: Oricorio|0 fnt\n|-damage|p2b: Primarina|67\/100\n|-unboost|p2b: Primarina|spe|1\n|faint|p2a: Oricorio\n|move|p1b: Ninetales|Freeze-Dry|p2b: Primarina\n|-resisted|p2b: Primarina\n|-damage|p2b: Primarina|60\/100\n|move|p2b: Primarina|Draining Kiss|p1a: Flutter Mane\n|-damage|p1a: Flutter Mane|22\/100\n|-heal|p2b: Primarina|83\/100|[from] drain|[of] p1a: Flutter Mane\n|\n|upkeep\n|inactive|georgexiii has 120 seconds left.\n|\n|t:|1696909536\n|switch|p2a: Lopunny|Lopunny-Mega, F, shiny|39\/100\n|turn|9\n|\n|t:|1696909556\n|move|p2a: Lopunny|Fake Out|p1a: Flutter Mane\n|-damage|p1a: Flutter Mane|0 fnt\n|faint|p1a: Flutter Mane\n|-end|p1a: Flutter Mane|Protosynthesis|[silent]\n|move|p1b: Ninetales|Dazzling Gleam|p2a: Lopunny|[spread] p2a,p2b\n|-supereffective|p2a: Lopunny\n|-resisted|p2b: Primarina\n|-crit|p2b: Primarina\n|-damage|p2a: Lopunny|0 fnt\n|-damage|p2b: Primarina|69\/100\n|faint|p2a: Lopunny\n|move|p2b: Primarina|Scald|p1b: Ninetales\n|-damage|p1b: Ninetales|0 fnt\n|faint|p1b: Ninetales\n|\n|upkeep\n|\n|t:|1696909582\n|switch|p2a: Clefable|Clefable, F|100\/100\n|switch|p1b: Ursaluna|Ursaluna-Bloodmoon, M|100\/100\n|turn|10\n|inactive|Azeri8k has 120 seconds left.\n|\n|t:|1696909633\n|move|p2b: Primarina|Sing|p1b: Ursaluna\n|-status|p1b: Ursaluna|slp|[from] move: Sing\n|move|p2a: Clefable|Skill Swap|p1b: Ursaluna\n|-activate|p2a: Clefable|move: Skill Swap|Mind's Eye|Magic Guard|[of] p1b: Ursaluna\n|cant|p1b: Ursaluna|slp\n|\n|upkeep\n|turn|11\n|inactive|Azeri8k has 120 seconds left.\n|\n|t:|1696909653\n|move|p2b: Primarina|Scald|p1b: Ursaluna\n|-supereffective|p1b: Ursaluna\n|-damage|p1b: Ursaluna|0 fnt\n|faint|p1b: Ursaluna\n|\n|win|georgexiii\n|raw|Azeri8k's rating: 1234 &rarr; <strong>1197<\/strong><br \/>(-37 for losing)\n|raw|georgexiii's rating: 1056 &rarr; <strong>1103<\/strong><br \/>(+47 for winning)\n","uploadtime":1696909661,"views":7,"p1id":"azeri8k","p2id":"georgexiii","formatid":"gen9nationaldexdoubles","rating":1103,"private":0,"password":""}