{"id":"gen9nationaldexdoubles-1956563786","p1":"blackbocha203","p2":"Monje-44","format":"[Gen 9] National Dex Doubles","log":"|j|\u2606blackbocha203\n|j|\u2606Monje-44\n|t:|1696121297\n|gametype|doubles\n|player|p1|blackbocha203|leon|\n|player|p2|Monje-44|backpacker|\n|teamsize|p1|6\n|teamsize|p2|6\n|gen|9\n|tier|[Gen 9] National Dex Doubles\n|rule|HP Percentage Mod: HP is shown in percentages\n|rule|Endless Battle Clause: Forcing endless battles is banned\n|rule|OHKO Clause: OHKO moves are banned\n|rule|Evasion Moves Clause: Evasion moves are banned\n|rule|Evasion Abilities Clause: Evasion abilities are banned\n|rule|Species Clause: Limit one of each Pok\u00e9mon\n|rule|Gravity Sleep Clause: The combination of sleep-inducing moves with imperfect accuracy and Gravity or Gigantamax Orbeetle are banned\n|clearpoke\n|poke|p1|Gyarados, M|\n|poke|p1|Pelipper, M|\n|poke|p1|Clefable, M|\n|poke|p1|Greninja-*, M|\n|poke|p1|Galvantula, M|\n|poke|p1|Ferrothorn, M|\n|poke|p2|Stakataka|\n|poke|p2|Banette, F|\n|poke|p2|Arctovish|\n|poke|p2|Hatterene, F|\n|poke|p2|Cramorant, F|\n|poke|p2|Ursaluna-Bloodmoon, M|\n|teampreview\n|\n|t:|1696121358\n|start\n|switch|p1a: Vergantula|Galvantula, M, shiny|100\/100\n|switch|p1b: Pelipper|Pelipper, M|100\/100\n|switch|p2a: Banette|Banette, F, shiny|100\/100\n|switch|p2b: Krepost|Stakataka|100\/100\n|-weather|RainDance|[from] ability: Drizzle|[of] p1b: Pelipper\n|-item|p1a: Vergantula|Focus Sash|[from] ability: Frisk|[of] p2a: Banette|[identify]\n|-item|p1b: Pelipper|Damp Rock|[from] ability: Frisk|[of] p2a: Banette|[identify]\n|turn|1\n|\n|t:|1696121377\n|detailschange|p2a: Banette|Banette-Mega, F, shiny\n|-mega|p2a: Banette|Banette|Banettite\n|move|p1a: Vergantula|Thunder|p2a: Banette\n|-damage|p2a: Banette|41\/100\n|-status|p2a: Banette|par\n|move|p1b: Pelipper|Scald|p2b: Krepost\n|-supereffective|p2b: Krepost\n|-damage|p2b: Krepost|0 fnt\n|faint|p2b: Krepost\n|move|p2a: Banette|Trick Room|p2a: Banette\n|-fieldstart|move: Trick Room|[of] p2a: Banette\n|\n|-weather|RainDance|[upkeep]\n|upkeep\n|\n|t:|1696121431\n|switch|p2b: Papu oso|Ursaluna-Bloodmoon, M|100\/100\n|turn|2\n|\n|t:|1696121448\n|cant|p2a: Banette|par\n|move|p2b: Papu oso|Snarl|p1b: Pelipper|[spread] p1a,p1b\n|-damage|p1a: Vergantula|68\/100\n|-damage|p1b: Pelipper|77\/100\n|-unboost|p1a: Vergantula|spa|1\n|-unboost|p1b: Pelipper|spa|1\n|move|p1b: Pelipper|Scald|p2b: Papu oso\n|-supereffective|p2b: Papu oso\n|-damage|p2b: Papu oso|15\/100\n|move|p1a: Vergantula|Thunder|p2a: Banette\n|-damage|p2a: Banette|4\/100 par\n|\n|-weather|RainDance|[upkeep]\n|-heal|p2b: Papu oso|21\/100|[from] item: Leftovers\n|upkeep\n|turn|3\n|\n|t:|1696121467\n|move|p2a: Banette|Poltergeist|p1b: Pelipper\n|-activate|p1b: Pelipper|move: Poltergeist|Damp Rock\n|-damage|p1b: Pelipper|0 fnt\n|faint|p1b: Pelipper\n|move|p2b: Papu oso|Blood Moon|p1a: Vergantula\n|-damage|p1a: Vergantula|0 fnt\n|faint|p1a: Vergantula\n|\n|-weather|RainDance|[upkeep]\n|-heal|p2b: Papu oso|27\/100|[from] item: Leftovers\n|upkeep\n|\n|t:|1696121480\n|switch|p1b: Karpa|Gyarados, M, shiny|100\/100\n|switch|p1a: Ferrothorn|Ferrothorn, M, shiny|100\/100\n|turn|4\n|\n|t:|1696121513\n|move|p1a: Ferrothorn|Power Whip|p2a: Banette|[miss]\n|-miss|p1a: Ferrothorn|p2a: Banette\n|cant|p2a: Banette|par\n|move|p2b: Papu oso|Snarl|p1a: Ferrothorn|[spread] p1a,p1b\n|-damage|p1a: Ferrothorn|87\/100\n|-damage|p1b: Karpa|84\/100\n|-unboost|p1a: Ferrothorn|spa|1\n|-unboost|p1b: Karpa|spa|1\n|move|p1b: Karpa|Waterfall|p2b: Papu oso\n|-supereffective|p2b: Papu oso\n|-damage|p2b: Papu oso|0 fnt\n|faint|p2b: Papu oso\n|-ability|p1b: Karpa|Moxie|boost\n|-boost|p1b: Karpa|atk|1\n|\n|-weather|RainDance|[upkeep]\n|-heal|p1a: Ferrothorn|93\/100|[from] item: Leftovers\n|upkeep\n|\n|t:|1696121541\n|switch|p2b: LaJabru|Hatterene, F|100\/100\n|turn|5\n|\n|t:|1696121551\n|move|p1a: Ferrothorn|Gyro Ball|p2b: LaJabru\n|-supereffective|p2b: LaJabru\n|-damage|p2b: LaJabru|72\/100\n|move|p2b: LaJabru|Psyshock|p1b: Karpa\n|-damage|p1b: Karpa|22\/100\n|cant|p2a: Banette|par\n|move|p1b: Karpa|Waterfall|p2b: LaJabru\n|-damage|p2b: LaJabru|0 fnt\n|faint|p2b: LaJabru\n|-ability|p1b: Karpa|Moxie|boost\n|-boost|p1b: Karpa|atk|1\n|\n|-weather|RainDance|[upkeep]\n|-heal|p1a: Ferrothorn|99\/100|[from] item: Leftovers\n|-fieldend|move: Trick Room\n|upkeep\n|\n|t:|1696121568\n|switch|p2b: MiPrima|Cramorant, F|100\/100\n|turn|6\n|\n|t:|1696121588\n|move|p1b: Karpa|Waterfall|p2a: Banette\n|-damage|p2a: Banette|0 fnt\n|faint|p2a: Banette\n|-ability|p1b: Karpa|Moxie|boost\n|-boost|p1b: Karpa|atk|1\n|move|p2b: MiPrima|Surf|p1a: Ferrothorn|[spread] p1a,p1b\n|-formechange|p2b: MiPrima|Cramorant-Gulping|\n|-resisted|p1a: Ferrothorn\n|-resisted|p1b: Karpa\n|-damage|p1a: Ferrothorn|85\/100\n|-damage|p1b: Karpa|7\/100\n|move|p1a: Ferrothorn|Power Whip|p2b: MiPrima\n|-damage|p2b: MiPrima|60\/100\n|-damage|p1a: Ferrothorn|60\/100|[from] ability: Gulp Missile|[of] p2b: MiPrima\n|-unboost|p1a: Ferrothorn|def|1\n|-formechange|p2b: MiPrima|Cramorant|\n|\n|-weather|RainDance|[upkeep]\n|-heal|p2b: MiPrima|66\/100|[from] item: Leftovers\n|-heal|p1a: Ferrothorn|67\/100|[from] item: Leftovers\n|upkeep\n|\n|t:|1696121605\n|switch|p2a: SkullFliped|Arctovish|100\/100\n|turn|7\n|\n|t:|1696121624\n|move|p1b: Karpa|Ice Fang|p2a: SkullFliped\n|-resisted|p2a: SkullFliped\n|-damage|p2a: SkullFliped|86\/100\n|move|p2b: MiPrima|Air Slash|p1a: Ferrothorn\n|-crit|p1a: Ferrothorn\n|-damage|p1a: Ferrothorn|38\/100\n|move|p2a: SkullFliped|Rock Slide|p1a: Ferrothorn|[spread] p1a,p1b\n|-resisted|p1a: Ferrothorn\n|-supereffective|p1b: Karpa\n|-damage|p1a: Ferrothorn|26\/100\n|-damage|p1b: Karpa|0 fnt\n|faint|p1b: Karpa\n|cant|p1a: Ferrothorn|flinch\n|\n|-weather|RainDance|[upkeep]\n|-heal|p2b: MiPrima|72\/100|[from] item: Leftovers\n|-heal|p1a: Ferrothorn|33\/100|[from] item: Leftovers\n|upkeep\n|\n|t:|1696121638\n|switch|p1b: Poseidon|Greninja, M, shiny|100\/100\n|turn|8\n|\n|t:|1696121647\n|move|p1b: Poseidon|Dark Pulse|p2a: SkullFliped\n|-start|p1b: Poseidon|typechange|Dark|[from] ability: Protean\n|-damage|p2a: SkullFliped|52\/100\n|move|p2b: MiPrima|Surf|p1b: Poseidon|[spread] p1a,p1b\n|-heal|p2a: SkullFliped|77\/100|[from] ability: Water Absorb|[of] p2b: MiPrima\n|-formechange|p2b: MiPrima|Cramorant-Gulping|\n|-resisted|p1a: Ferrothorn\n|-damage|p1a: Ferrothorn|21\/100\n|-damage|p1b: Poseidon|55\/100\n|move|p2a: SkullFliped|Rock Slide|p1a: Ferrothorn|[spread] p1a,p1b\n|-resisted|p1a: Ferrothorn\n|-damage|p1a: Ferrothorn|10\/100\n|-damage|p1b: Poseidon|12\/100\n|move|p1a: Ferrothorn|Power Whip|p2b: MiPrima\n|-damage|p2b: MiPrima|31\/100\n|-damage|p1a: Ferrothorn|0 fnt|[from] ability: Gulp Missile|[of] p2b: MiPrima\n|-formechange|p2b: MiPrima|Cramorant|\n|faint|p1a: Ferrothorn\n|\n|-weather|none\n|-heal|p2b: MiPrima|37\/100|[from] item: Leftovers\n|upkeep\n|\n|t:|1696121664\n|switch|p1a: Clefable|Clefable, M, shiny|100\/100\n|turn|9\n|\n|t:|1696121669\n|move|p1b: Poseidon|Dark Pulse|p2b: MiPrima\n|-damage|p2b: MiPrima|3\/100\n|move|p2b: MiPrima|Surf|p1a: Clefable|[spread] p1a,p1b\n|-heal|p2a: SkullFliped|100\/100|[from] ability: Water Absorb|[of] p2b: MiPrima\n|-formechange|p2b: MiPrima|Cramorant-Gorging|\n|-damage|p1a: Clefable|88\/100\n|-damage|p1b: Poseidon|0 fnt\n|faint|p1b: Poseidon\n|move|p1a: Clefable|Cosmic Power|p1a: Clefable\n|-boost|p1a: Clefable|def|1\n|-boost|p1a: Clefable|spd|1\n|move|p2a: SkullFliped|Rock Slide|p1a: Clefable\n|-damage|p1a: Clefable|63\/100\n|\n|-heal|p2b: MiPrima|9\/100|[from] item: Leftovers\n|-heal|p1a: Clefable|69\/100|[from] item: Leftovers\n|upkeep\n|turn|10\n|\n|t:|1696121703\n|move|p2b: MiPrima|Air Slash|p1a: Clefable\n|-damage|p1a: Clefable|58\/100\n|move|p1a: Clefable|Soft-Boiled|p1a: Clefable\n|-heal|p1a: Clefable|100\/100\n|move|p2a: SkullFliped|Rock Slide|p1a: Clefable\n|-damage|p1a: Clefable|78\/100\n|\n|-heal|p2b: MiPrima|15\/100|[from] item: Leftovers\n|-heal|p1a: Clefable|84\/100|[from] item: Leftovers\n|upkeep\n|turn|11\n|\n|t:|1696121716\n|move|p2b: MiPrima|Roost|p2b: MiPrima\n|-heal|p2b: MiPrima|65\/100\n|-singleturn|p2b: MiPrima|move: Roost\n|move|p1a: Clefable|Cosmic Power|p1a: Clefable\n|-boost|p1a: Clefable|def|1\n|-boost|p1a: Clefable|spd|1\n|move|p2a: SkullFliped|Rock Slide|p1a: Clefable|[miss]\n|-miss|p2a: SkullFliped|p1a: Clefable\n|\n|-heal|p2b: MiPrima|71\/100|[from] item: Leftovers\n|-heal|p1a: Clefable|90\/100|[from] item: Leftovers\n|upkeep\n|turn|12\n|\n|t:|1696121736\n|move|p2b: MiPrima|Air Slash|p1a: Clefable\n|-damage|p1a: Clefable|82\/100\n|move|p1a: Clefable|Cosmic Power|p1a: Clefable\n|-boost|p1a: Clefable|def|1\n|-boost|p1a: Clefable|spd|1\n|move|p2a: SkullFliped|Rock Slide|p1a: Clefable\n|-damage|p1a: Clefable|66\/100\n|\n|-heal|p2b: MiPrima|77\/100|[from] item: Leftovers\n|-heal|p1a: Clefable|72\/100|[from] item: Leftovers\n|upkeep\n|turn|13\n|\n|t:|1696121752\n|move|p2b: MiPrima|Air Slash|p1a: Clefable\n|-damage|p1a: Clefable|66\/100\n|move|p1a: Clefable|Cosmic Power|p1a: Clefable\n|-boost|p1a: Clefable|def|1\n|-boost|p1a: Clefable|spd|1\n|move|p2a: SkullFliped|Rock Slide|p1a: Clefable\n|-damage|p1a: Clefable|54\/100\n|\n|-heal|p2b: MiPrima|83\/100|[from] item: Leftovers\n|-heal|p1a: Clefable|60\/100|[from] item: Leftovers\n|upkeep\n|turn|14\n|\n|t:|1696121766\n|-terastallize|p1a: Clefable|Steel\n|move|p2b: MiPrima|Air Slash|p1a: Clefable\n|-resisted|p1a: Clefable\n|-damage|p1a: Clefable|58\/100\n|move|p1a: Clefable|Soft-Boiled|p1a: Clefable\n|-heal|p1a: Clefable|100\/100\n|move|p2a: SkullFliped|Rock Slide|p1a: Clefable\n|-resisted|p1a: Clefable\n|-damage|p1a: Clefable|94\/100\n|\n|-heal|p2b: MiPrima|89\/100|[from] item: Leftovers\n|-heal|p1a: Clefable|99\/100|[from] item: Leftovers\n|upkeep\n|turn|15\n|\n|t:|1696121782\n|move|p2b: MiPrima|Surf|p1a: Clefable|[spread] p1a\n|-immune|p2a: SkullFliped|[from] ability: Water Absorb\n|-damage|p1a: Clefable|95\/100\n|move|p1a: Clefable|Cosmic Power|p1a: Clefable\n|-boost|p1a: Clefable|def|1\n|-boost|p1a: Clefable|spd|1\n|move|p2a: SkullFliped|Rock Slide|p1a: Clefable\n|-resisted|p1a: Clefable\n|-damage|p1a: Clefable|90\/100\n|\n|-heal|p2b: MiPrima|95\/100|[from] item: Leftovers\n|-heal|p1a: Clefable|96\/100|[from] item: Leftovers\n|upkeep\n|turn|16\n|\n|t:|1696121796\n|move|p2b: MiPrima|Surf|p1a: Clefable|[spread] p1a\n|-immune|p2a: SkullFliped|[from] ability: Water Absorb\n|-damage|p1a: Clefable|92\/100\n|move|p1a: Clefable|Cosmic Power|p1a: Clefable\n|-boost|p1a: Clefable|def|1\n|-boost|p1a: Clefable|spd|1\n|move|p2a: SkullFliped|Rock Slide|p1a: Clefable\n|-resisted|p1a: Clefable\n|-damage|p1a: Clefable|87\/100\n|\n|-heal|p2b: MiPrima|100\/100|[from] item: Leftovers\n|-heal|p1a: Clefable|93\/100|[from] item: Leftovers\n|upkeep\n|turn|17\n|\n|t:|1696121811\n|move|p2b: MiPrima|Surf|p1a: Clefable|[spread] p1a\n|-immune|p2a: SkullFliped|[from] ability: Water Absorb\n|-damage|p1a: Clefable|90\/100\n|move|p1a: Clefable|Stored Power|p2b: MiPrima\n|-damage|p2b: MiPrima|41\/100\n|-damage|p1a: Clefable|65\/100|[from] ability: Gulp Missile|[of] p2b: MiPrima\n|-status|p1a: Clefable|par\n|-formechange|p2b: MiPrima|Cramorant|\n|move|p2a: SkullFliped|Rock Slide|p1a: Clefable\n|-resisted|p1a: Clefable\n|-damage|p1a: Clefable|61\/100 par\n|\n|-heal|p2b: MiPrima|47\/100|[from] item: Leftovers\n|-heal|p1a: Clefable|67\/100 par|[from] item: Leftovers\n|upkeep\n|turn|18\n|\n|t:|1696121832\n|move|p2b: MiPrima|Roost|p2b: MiPrima\n|-heal|p2b: MiPrima|97\/100\n|-singleturn|p2b: MiPrima|move: Roost\n|move|p2a: SkullFliped|Rock Slide|p1a: Clefable\n|-resisted|p1a: Clefable\n|-damage|p1a: Clefable|62\/100 par\n|move|p1a: Clefable|Stored Power|p2a: SkullFliped\n|-damage|p2a: SkullFliped|47\/100\n|\n|-heal|p2b: MiPrima|100\/100|[from] item: Leftovers\n|-heal|p1a: Clefable|69\/100 par|[from] item: Leftovers\n|upkeep\n|turn|19\n|\n|t:|1696121846\n|move|p2b: MiPrima|Surf|p1a: Clefable|[spread] p1a\n|-heal|p2a: SkullFliped|72\/100|[from] ability: Water Absorb|[of] p2b: MiPrima\n|-formechange|p2b: MiPrima|Cramorant-Gulping|\n|-damage|p1a: Clefable|65\/100 par\n|move|p2a: SkullFliped|Rock Slide|p1a: Clefable\n|-resisted|p1a: Clefable\n|-damage|p1a: Clefable|60\/100 par\n|move|p1a: Clefable|Stored Power|p2a: SkullFliped\n|-damage|p2a: SkullFliped|19\/100\n|\n|-heal|p1a: Clefable|66\/100 par|[from] item: Leftovers\n|upkeep\n|turn|20\n|\n|t:|1696121861\n|move|p2b: MiPrima|Surf|p1a: Clefable|[spread] p1a\n|-heal|p2a: SkullFliped|44\/100|[from] ability: Water Absorb|[of] p2b: MiPrima\n|-damage|p1a: Clefable|63\/100 par\n|move|p2a: SkullFliped|Rock Slide|p1a: Clefable\n|-resisted|p1a: Clefable\n|-damage|p1a: Clefable|58\/100 par\n|move|p1a: Clefable|Stored Power|p2a: SkullFliped\n|-damage|p2a: SkullFliped|0 fnt\n|faint|p2a: SkullFliped\n|\n|-heal|p1a: Clefable|64\/100 par|[from] item: Leftovers\n|upkeep\n|turn|21\n|\n|t:|1696121908\n|move|p2b: MiPrima|Air Slash|p1a: Clefable\n|-resisted|p1a: Clefable\n|-damage|p1a: Clefable|62\/100 par\n|move|p1a: Clefable|Moonblast|p2b: MiPrima\n|-crit|p2b: MiPrima\n|-damage|p2b: MiPrima|54\/100\n|-unboost|p2b: MiPrima|spa|1\n|-damage|p1a: Clefable|37\/100 par|[from] ability: Gulp Missile|[of] p2b: MiPrima\n|-unboost|p1a: Clefable|def|1\n|-formechange|p2b: MiPrima|Cramorant|\n|\n|-heal|p2b: MiPrima|60\/100|[from] item: Leftovers\n|-heal|p1a: Clefable|43\/100 par|[from] item: Leftovers\n|upkeep\n|turn|22\n|\n|t:|1696121925\n|move|p2b: MiPrima|Roost|p2b: MiPrima\n|-heal|p2b: MiPrima|100\/100\n|-singleturn|p2b: MiPrima|move: Roost\n|move|p1a: Clefable|Soft-Boiled|p1a: Clefable\n|-heal|p1a: Clefable|93\/100 par\n|\n|-heal|p1a: Clefable|99\/100 par|[from] item: Leftovers\n|upkeep\n|turn|23\n|\n|t:|1696121934\n|move|p2b: MiPrima|Surf|p1a: Clefable\n|-formechange|p2b: MiPrima|Cramorant-Gulping|\n|-damage|p1a: Clefable|94\/100 par\n|move|p1a: Clefable|Moonblast|p2b: MiPrima\n|-damage|p2b: MiPrima|70\/100\n|-damage|p1a: Clefable|69\/100 par|[from] ability: Gulp Missile|[of] p2b: MiPrima\n|-unboost|p1a: Clefable|def|1\n|-formechange|p2b: MiPrima|Cramorant|\n|\n|-heal|p2b: MiPrima|76\/100|[from] item: Leftovers\n|-heal|p1a: Clefable|75\/100 par|[from] item: Leftovers\n|upkeep\n|turn|24\n|\n|t:|1696121946\n|move|p2b: MiPrima|Surf|p1a: Clefable\n|-formechange|p2b: MiPrima|Cramorant-Gulping|\n|-damage|p1a: Clefable|71\/100 par\n|move|p1a: Clefable|Moonblast|p2b: MiPrima\n|-damage|p2b: MiPrima|46\/100\n|-unboost|p2b: MiPrima|spa|1\n|-damage|p1a: Clefable|46\/100 par|[from] ability: Gulp Missile|[of] p2b: MiPrima\n|-unboost|p1a: Clefable|def|1\n|-formechange|p2b: MiPrima|Cramorant|\n|\n|-heal|p2b: MiPrima|52\/100|[from] item: Leftovers\n|-heal|p1a: Clefable|52\/100 par|[from] item: Leftovers\n|upkeep\n|turn|25\n|\n|t:|1696121965\n|move|p2b: MiPrima|Roost|p2b: MiPrima\n|-heal|p2b: MiPrima|100\/100\n|-singleturn|p2b: MiPrima|move: Roost\n|move|p1a: Clefable|Soft-Boiled|p1a: Clefable\n|-heal|p1a: Clefable|100\/100 par\n|\n|upkeep\n|turn|26\n|\n|t:|1696121975\n|move|p2b: MiPrima|Surf|p1a: Clefable\n|-formechange|p2b: MiPrima|Cramorant-Gulping|\n|-damage|p1a: Clefable|96\/100 par\n|move|p1a: Clefable|Stored Power|p2b: MiPrima\n|-damage|p2b: MiPrima|55\/100\n|-damage|p1a: Clefable|71\/100 par|[from] ability: Gulp Missile|[of] p2b: MiPrima\n|-unboost|p1a: Clefable|def|1\n|-formechange|p2b: MiPrima|Cramorant|\n|\n|-heal|p2b: MiPrima|61\/100|[from] item: Leftovers\n|-heal|p1a: Clefable|77\/100 par|[from] item: Leftovers\n|upkeep\n|turn|27\n|\n|t:|1696122002\n|move|p2b: MiPrima|Roost|p2b: MiPrima\n|-heal|p2b: MiPrima|100\/100\n|-singleturn|p2b: MiPrima|move: Roost\n|move|p1a: Clefable|Stored Power|p2b: MiPrima\n|-damage|p2b: MiPrima|59\/100\n|\n|-heal|p2b: MiPrima|65\/100|[from] item: Leftovers\n|-heal|p1a: Clefable|83\/100 par|[from] item: Leftovers\n|upkeep\n|turn|28\n|\n|t:|1696122013\n|move|p2b: MiPrima|Surf|p1a: Clefable\n|-formechange|p2b: MiPrima|Cramorant-Gulping|\n|-damage|p1a: Clefable|78\/100 par\n|move|p1a: Clefable|Stored Power|p2b: MiPrima\n|-damage|p2b: MiPrima|24\/100\n|-damage|p1a: Clefable|54\/100 par|[from] ability: Gulp Missile|[of] p2b: MiPrima\n|-unboost|p1a: Clefable|def|1\n|-formechange|p2b: MiPrima|Cramorant|\n|\n|-heal|p2b: MiPrima|30\/100|[from] item: Leftovers\n|-heal|p1a: Clefable|60\/100 par|[from] item: Leftovers\n|upkeep\n|turn|29\n|\n|t:|1696122028\n|move|p2b: MiPrima|Roost|p2b: MiPrima\n|-heal|p2b: MiPrima|80\/100\n|-singleturn|p2b: MiPrima|move: Roost\n|move|p1a: Clefable|Stored Power|p2b: MiPrima\n|-damage|p2b: MiPrima|46\/100\n|\n|-heal|p2b: MiPrima|53\/100|[from] item: Leftovers\n|-heal|p1a: Clefable|66\/100 par|[from] item: Leftovers\n|upkeep\n|turn|30\n|\n|t:|1696122041\n|move|p2b: MiPrima|Roost|p2b: MiPrima\n|-heal|p2b: MiPrima|100\/100\n|-singleturn|p2b: MiPrima|move: Roost\n|move|p1a: Clefable|Moonblast|p2b: MiPrima\n|-damage|p2b: MiPrima|71\/100\n|-unboost|p2b: MiPrima|spa|1\n|\n|-heal|p2b: MiPrima|77\/100|[from] item: Leftovers\n|-heal|p1a: Clefable|72\/100 par|[from] item: Leftovers\n|upkeep\n|turn|31\n|\n|t:|1696122053\n|move|p2b: MiPrima|Surf|p1a: Clefable\n|-formechange|p2b: MiPrima|Cramorant-Gulping|\n|-damage|p1a: Clefable|67\/100 par\n|cant|p1a: Clefable|par\n|\n|-heal|p2b: MiPrima|83\/100|[from] item: Leftovers\n|-heal|p1a: Clefable|73\/100 par|[from] item: Leftovers\n|upkeep\n|turn|32\n|\n|t:|1696122075\n|move|p2b: MiPrima|Air Slash|p1a: Clefable\n|-resisted|p1a: Clefable\n|-damage|p1a: Clefable|71\/100 par\n|cant|p1a: Clefable|flinch\n|\n|-heal|p2b: MiPrima|89\/100|[from] item: Leftovers\n|-heal|p1a: Clefable|77\/100 par|[from] item: Leftovers\n|upkeep\n|turn|33\n|\n|t:|1696122113\n|move|p2b: MiPrima|Air Slash|p1a: Clefable\n|-resisted|p1a: Clefable\n|-damage|p1a: Clefable|75\/100 par\n|cant|p1a: Clefable|par\n|\n|-heal|p2b: MiPrima|95\/100|[from] item: Leftovers\n|-heal|p1a: Clefable|81\/100 par|[from] item: Leftovers\n|upkeep\n|turn|34\n|\n|t:|1696122139\n|move|p2b: MiPrima|Air Slash|p1a: Clefable\n|-resisted|p1a: Clefable\n|-damage|p1a: Clefable|80\/100 par\n|move|p1a: Clefable|Stored Power|p2b: MiPrima\n|-damage|p2b: MiPrima|57\/100\n|-damage|p1a: Clefable|55\/100 par|[from] ability: Gulp Missile|[of] p2b: MiPrima\n|-unboost|p1a: Clefable|def|1\n|-formechange|p2b: MiPrima|Cramorant|\n|\n|-heal|p2b: MiPrima|63\/100|[from] item: Leftovers\n|-heal|p1a: Clefable|61\/100 par|[from] item: Leftovers\n|upkeep\n|turn|35\n|\n|t:|1696122151\n|move|p2b: MiPrima|Surf|p1a: Clefable\n|-formechange|p2b: MiPrima|Cramorant-Gulping|\n|-damage|p1a: Clefable|56\/100 par\n|move|p1a: Clefable|Soft-Boiled|p1a: Clefable\n|-heal|p1a: Clefable|100\/100 par\n|\n|-heal|p2b: MiPrima|69\/100|[from] item: Leftovers\n|upkeep\n|turn|36\n|\n|t:|1696122164\n|move|p2b: MiPrima|Air Slash|p1a: Clefable\n|-resisted|p1a: Clefable\n|-damage|p1a: Clefable|99\/100 par\n|cant|p1a: Clefable|flinch\n|\n|-heal|p2b: MiPrima|75\/100|[from] item: Leftovers\n|-heal|p1a: Clefable|100\/100 par|[from] item: Leftovers\n|upkeep\n|turn|37\n|c|\u2606Monje-44|me rindo\n|c|\u2606Monje-44|gg\n|-message|Monje-44 forfeited.\n|\n|win|blackbocha203\n|l|\u2606Monje-44\n|j|\u2606Monje-44\n|player|p2|Monje-44|backpacker\n|c|\u2606blackbocha203|Gg\n","uploadtime":1696122209,"views":4,"p1id":"blackbocha203","p2id":"monje44","formatid":"gen9nationaldexdoubles","rating":0,"private":0,"password":""}