{"id":"gen9nationaldexdoubles-1974540451","p1":"Numa no Kage","p2":"xman3425","format":"[Gen 9] National Dex Doubles","log":"|j|\u2606Numa no Kage\n|j|\u2606xman3425\n|t:|1698095583\n|gametype|doubles\n|player|p1|Numa no Kage|acetrainer|1266\n|player|p2|xman3425|n|1126\n|teamsize|p1|6\n|teamsize|p2|6\n|gen|9\n|tier|[Gen 9] National Dex Doubles\n|rated|\n|rule|HP Percentage Mod: HP is shown in percentages\n|rule|Endless Battle Clause: Forcing endless battles is banned\n|rule|OHKO Clause: OHKO moves are banned\n|rule|Evasion Moves Clause: Evasion moves are banned\n|rule|Evasion Abilities Clause: Evasion abilities are banned\n|rule|Species Clause: Limit one of each Pok\u00e9mon\n|rule|Gravity Sleep Clause: The combination of sleep-inducing moves with imperfect accuracy and Gravity or Gigantamax Orbeetle are banned\n|clearpoke\n|poke|p1|Chansey, F|\n|poke|p1|Okidogi, M|\n|poke|p1|Grimmsnarl, M|\n|poke|p1|Landorus-Therian, M|\n|poke|p1|Walking Wake|\n|poke|p1|Flutter Mane|\n|poke|p2|Farigiraf, F|\n|poke|p2|Golisopod, M|\n|poke|p2|Fezandipiti, M|\n|poke|p2|Vikavolt, M|\n|poke|p2|Flamigo, M|\n|poke|p2|Cradily, F|\n|teampreview\n|inactive|Battle timer is ON: inactive players will automatically lose when time's up. (requested by Numa no Kage)\n|\n|t:|1698095593\n|start\n|switch|p1a: Chansey|Chansey, F|100\/100\n|switch|p1b: Grimmsnarl|Grimmsnarl, M, shiny|100\/100\n|switch|p2a: Farigiraf|Farigiraf, F|100\/100\n|switch|p2b: Golisopod|Golisopod, M|100\/100\n|turn|1\n|\n|t:|1698095607\n|switch|p1b: Landorus|Landorus-Therian, M|100\/100\n|-ability|p1b: Landorus|Intimidate|boost\n|-unboost|p2a: Farigiraf|atk|1\n|-unboost|p2b: Golisopod|atk|1\n|move|p2b: Golisopod|First Impression|p1a: Chansey\n|-damage|p1a: Chansey|76\/100\n|move|p1a: Chansey|Stealth Rock|p2a: Farigiraf\n|-sidestart|p2: xman3425|move: Stealth Rock\n|move|p2a: Farigiraf|Trick Room|p2a: Farigiraf\n|-fieldstart|move: Trick Room|[of] p2a: Farigiraf\n|\n|upkeep\n|turn|2\n|\n|t:|1698095631\n|move|p1a: Chansey|Soft-Boiled|p1a: Chansey\n|-heal|p1a: Chansey|100\/100\n|move|p2b: Golisopod|Liquidation|p1b: Landorus\n|-supereffective|p1b: Landorus\n|-damage|p1b: Landorus|23\/100\n|move|p2a: Farigiraf|Dazzling Gleam|p1b: Landorus|[spread] p1a,p1b\n|-damage|p1a: Chansey|94\/100\n|-damage|p1b: Landorus|0 fnt\n|faint|p1b: Landorus\n|\n|upkeep\n|\n|t:|1698095642\n|switch|p1b: Grimmsnarl|Grimmsnarl, M, shiny|100\/100\n|turn|3\n|\n|t:|1698095668\n|switch|p2b: Flamigo|Flamigo, M|100\/100\n|-damage|p2b: Flamigo|88\/100|[from] Stealth Rock\n|-copyboost|p2b: Flamigo|p2a: Farigiraf|[from] ability: Costar\n|-enditem|p2b: Flamigo|White Herb\n|-clearnegativeboost|p2b: Flamigo|[silent]\n|move|p1b: Grimmsnarl|Reflect|p1b: Grimmsnarl\n|-sidestart|p1: Numa no Kage|Reflect\n|move|p1a: Chansey|Seismic Toss|p2a: Farigiraf\n|-damage|p2a: Farigiraf|78\/100\n|move|p2a: Farigiraf|Dazzling Gleam|p1a: Chansey|[spread] p1a,p1b\n|-supereffective|p1b: Grimmsnarl\n|-damage|p1a: Chansey|87\/100\n|-damage|p1b: Grimmsnarl|71\/100\n|\n|-heal|p2a: Farigiraf|84\/100|[from] item: Leftovers\n|upkeep\n|turn|4\n|\n|t:|1698095698\n|move|p1b: Grimmsnarl|Reflect||[still]\n|-fail|p1b: Grimmsnarl\n|move|p1a: Chansey|Seismic Toss|p2a: Farigiraf\n|-damage|p2a: Farigiraf|62\/100\n|move|p2a: Farigiraf|Dazzling Gleam|p1a: Chansey|[spread] p1a,p1b\n|-supereffective|p1b: Grimmsnarl\n|-damage|p1a: Chansey|81\/100\n|-damage|p1b: Grimmsnarl|41\/100\n|move|p2b: Flamigo|Acrobatics|p1a: Chansey\n|-crit|p1a: Chansey\n|-damage|p1a: Chansey|34\/100\n|\n|-heal|p2a: Farigiraf|68\/100|[from] item: Leftovers\n|upkeep\n|turn|5\n|\n|t:|1698095714\n|move|p1b: Grimmsnarl|Light Screen|p1b: Grimmsnarl\n|-sidestart|p1: Numa no Kage|move: Light Screen\n|move|p1a: Chansey|Soft-Boiled|p1a: Chansey\n|-heal|p1a: Chansey|84\/100\n|move|p2a: Farigiraf|Dazzling Gleam|p1b: Grimmsnarl|[spread] p1a,p1b\n|-supereffective|p1b: Grimmsnarl\n|-damage|p1a: Chansey|80\/100\n|-damage|p1b: Grimmsnarl|22\/100\n|move|p2b: Flamigo|Acrobatics|p1b: Grimmsnarl\n|-damage|p1b: Grimmsnarl|0 fnt\n|faint|p1b: Grimmsnarl\n|\n|-heal|p2a: Farigiraf|74\/100|[from] item: Leftovers\n|-fieldend|move: Trick Room\n|upkeep\n|\n|t:|1698095734\n|switch|p1b: Walking Wake|Walking Wake|100\/100\n|turn|6\n|\n|t:|1698095743\n|move|p1b: Walking Wake|Hydro Steam|p2b: Flamigo\n|-damage|p2b: Flamigo|17\/100\n|move|p2b: Flamigo|U-turn|p1b: Walking Wake\n|-damage|p1b: Walking Wake|84\/100\n|\n|t:|1698095756\n|switch|p2b: Vikavolt|Vikavolt, M|100\/100|[from] U-turn\n|-damage|p2b: Vikavolt|76\/100|[from] Stealth Rock\n|move|p1a: Chansey|Seismic Toss|p2a: Farigiraf\n|-damage|p2a: Farigiraf|51\/100\n|move|p2a: Farigiraf|Trick Room|p2a: Farigiraf\n|-fieldstart|move: Trick Room|[of] p2a: Farigiraf\n|\n|-heal|p2a: Farigiraf|57\/100|[from] item: Leftovers\n|upkeep\n|turn|7\n|\n|t:|1698095776\n|move|p1a: Chansey|Seismic Toss|p2b: Vikavolt\n|-damage|p2b: Vikavolt|48\/100\n|move|p2b: Vikavolt|Discharge|p1a: Chansey|[spread] p2a,p1a,p1b\n|-damage|p2a: Farigiraf|15\/100\n|-damage|p1a: Chansey|72\/100\n|-damage|p1b: Walking Wake|62\/100\n|move|p2a: Farigiraf|Dazzling Gleam|p1a: Chansey|[spread] p1a,p1b\n|-supereffective|p1b: Walking Wake\n|-damage|p1a: Chansey|68\/100\n|-damage|p1b: Walking Wake|43\/100\n|move|p1b: Walking Wake|Hydro Steam|p2a: Farigiraf\n|-damage|p2a: Farigiraf|0 fnt\n|faint|p2a: Farigiraf\n|\n|upkeep\n|\n|t:|1698095788\n|switch|p2a: Golisopod|Golisopod, M|100\/100\n|-damage|p2a: Golisopod|76\/100|[from] Stealth Rock\n|turn|8\n|\n|t:|1698095808\n|move|p2a: Golisopod|First Impression|p1b: Walking Wake\n|-damage|p1b: Walking Wake|3\/100\n|move|p1a: Chansey|Soft-Boiled|p1a: Chansey\n|-heal|p1a: Chansey|100\/100\n|move|p2b: Vikavolt|Volt Switch|p1a: Chansey\n|-damage|p1a: Chansey|90\/100\n|\n|t:|1698095816\n|switch|p2b: Cradily|Cradily, F|100\/100|[from] Volt Switch\n|-damage|p2b: Cradily|88\/100|[from] Stealth Rock\n|move|p1b: Walking Wake|Flamethrower|p2b: Cradily\n|-damage|p2b: Cradily|62\/100\n|\n|-heal|p2b: Cradily|68\/100|[from] item: Leftovers\n|upkeep\n|turn|9\n|\n|t:|1698095833\n|move|p2a: Golisopod|Sucker Punch|p1b: Walking Wake\n|-damage|p1b: Walking Wake|0 fnt\n|faint|p1b: Walking Wake\n|-end|p1b: Walking Wake|Protosynthesis|[silent]\n|move|p1a: Chansey|Seismic Toss|p2a: Golisopod\n|-damage|p2a: Golisopod|47\/100\n|-activate|p2a: Golisopod|ability: Emergency Exit\n|\n|t:|1698095841\n|switch|p2a: Fezandipiti|Fezandipiti, M|100\/100\n|-damage|p2a: Fezandipiti|88\/100|[from] Stealth Rock\n|move|p2b: Cradily|Ancient Power|p1a: Chansey\n|-damage|p1a: Chansey|85\/100\n|\n|-heal|p2b: Cradily|74\/100|[from] item: Leftovers\n|upkeep\n|\n|t:|1698095855\n|switch|p1b: Okidogi|Okidogi, M|100\/100\n|turn|10\n|\n|t:|1698095870\n|move|p1a: Chansey|Thunder Wave|p2b: Cradily\n|-status|p2b: Cradily|par\n|cant|p2b: Cradily|par\n|move|p1b: Okidogi|Poison Fang|p2a: Fezandipiti\n|-damage|p2a: Fezandipiti|53\/100\n|move|p2a: Fezandipiti|Swords Dance|p2a: Fezandipiti\n|-boost|p2a: Fezandipiti|atk|2\n|\n|-heal|p2b: Cradily|80\/100 par|[from] item: Leftovers\n|-sideend|p1: Numa no Kage|Reflect\n|-fieldend|move: Trick Room\n|upkeep\n|turn|11\n|inactive|Numa no Kage has 120 seconds left.\n|inactive|xman3425 has 120 seconds left.\n|\n|t:|1698095902\n|-terastallize|p1b: Okidogi|Normal\n|move|p2a: Fezandipiti|Dual Wingbeat|p1b: Okidogi\n|-damage|p1b: Okidogi|75\/100\n|-damage|p1b: Okidogi|50\/100\n|-hitcount|p1b: Okidogi|2\n|move|p1b: Okidogi|Psychic Fangs|p2a: Fezandipiti\n|-supereffective|p2a: Fezandipiti\n|-damage|p2a: Fezandipiti|0 fnt\n|faint|p2a: Fezandipiti\n|move|p1a: Chansey|Thunder Wave|p2b: Cradily\n|-fail|p2b: Cradily|par\n|cant|p2b: Cradily|par\n|\n|-heal|p2b: Cradily|86\/100 par|[from] item: Leftovers\n|upkeep\n|inactive|xman3425 has 120 seconds left.\n|\n|t:|1698095917\n|switch|p2a: Golisopod|Golisopod, M|47\/100\n|-damage|p2a: Golisopod|23\/100|[from] Stealth Rock\n|turn|12\n|\n|t:|1698095925\n|switch|p1b: Mega Misdreavus|Flutter Mane, shiny|100\/100\n|move|p2a: Golisopod|First Impression|p1b: Mega Misdreavus\n|-resisted|p1b: Mega Misdreavus\n|-damage|p1b: Mega Misdreavus|66\/100\n|move|p1a: Chansey|Seismic Toss|p2a: Golisopod\n|-damage|p2a: Golisopod|0 fnt\n|faint|p2a: Golisopod\n|cant|p2b: Cradily|par\n|\n|-heal|p2b: Cradily|92\/100 par|[from] item: Leftovers\n|-sideend|p1: Numa no Kage|move: Light Screen\n|upkeep\n|\n|t:|1698095938\n|switch|p2a: Flamigo|Flamigo, M|17\/100\n|-damage|p2a: Flamigo|5\/100|[from] Stealth Rock\n|-copyboost|p2a: Flamigo|p2b: Cradily|[from] ability: Costar\n|turn|13\n|\n|t:|1698095948\n|move|p1b: Mega Misdreavus|Moonblast|p2a: Flamigo\n|-supereffective|p2a: Flamigo\n|-damage|p2a: Flamigo|0 fnt\n|faint|p2a: Flamigo\n|move|p1a: Chansey|Seismic Toss|p2b: Cradily\n|-damage|p2b: Cradily|66\/100 par\n|move|p2b: Cradily|Sludge Wave|p1b: Mega Misdreavus|[spread] p1a,p1b\n|-damage|p1a: Chansey|79\/100\n|-damage|p1b: Mega Misdreavus|47\/100\n|\n|-heal|p2b: Cradily|72\/100 par|[from] item: Leftovers\n|upkeep\n|\n|t:|1698095958\n|switch|p2a: Vikavolt|Vikavolt, M|48\/100\n|-damage|p2a: Vikavolt|23\/100|[from] Stealth Rock\n|turn|14\n|\n|t:|1698095967\n|move|p1b: Mega Misdreavus|Moonblast|p2a: Vikavolt\n|-damage|p2a: Vikavolt|0 fnt\n|faint|p2a: Vikavolt\n|move|p1a: Chansey|Seismic Toss|p2b: Cradily\n|-damage|p2b: Cradily|45\/100 par\n|move|p2b: Cradily|Sludge Wave|p1b: Mega Misdreavus|[spread] p1a,p1b\n|-crit|p1b: Mega Misdreavus\n|-damage|p1a: Chansey|73\/100\n|-damage|p1b: Mega Misdreavus|15\/100\n|\n|-heal|p2b: Cradily|51\/100 par|[from] item: Leftovers\n|upkeep\n|turn|15\n|\n|t:|1698095979\n|move|p1b: Mega Misdreavus|Moonblast|p2b: Cradily\n|-damage|p2b: Cradily|6\/100 par\n|-unboost|p2b: Cradily|spa|1\n|move|p1a: Chansey|Seismic Toss|p2b: Cradily\n|-damage|p2b: Cradily|0 fnt\n|faint|p2b: Cradily\n|\n|win|Numa no Kage\n|raw|Numa no Kage's rating: 1266 &rarr; <strong>1281<\/strong><br \/>(+15 for winning)\n|raw|xman3425's rating: 1126 &rarr; <strong>1111<\/strong><br \/>(-15 for losing)\n|l|\u2606xman3425\n","uploadtime":1698096227,"views":7,"p1id":"numanokage","p2id":"xman3425","formatid":"gen9nationaldexdoubles","rating":1111,"private":0,"password":""}