{"id":"gen9nationaldexdoubles-1956442711","p1":"zeref203","p2":"Wicklette","format":"[Gen 9] National Dex Doubles","log":"|j|\u2606zeref203\n|j|\u2606Wicklette\n|t:|1696108253\n|gametype|doubles\n|player|p1|zeref203|266|1121\n|player|p2|Wicklette|aromalady|1084\n|teamsize|p1|6\n|teamsize|p2|6\n|gen|9\n|tier|[Gen 9] National Dex Doubles\n|rated|\n|rule|HP Percentage Mod: HP is shown in percentages\n|rule|Endless Battle Clause: Forcing endless battles is banned\n|rule|OHKO Clause: OHKO moves are banned\n|rule|Evasion Moves Clause: Evasion moves are banned\n|rule|Evasion Abilities Clause: Evasion abilities are banned\n|rule|Species Clause: Limit one of each Pok\u00e9mon\n|rule|Gravity Sleep Clause: The combination of sleep-inducing moves with imperfect accuracy and Gravity or Gigantamax Orbeetle are banned\n|clearpoke\n|poke|p1|Great Tusk|\n|poke|p1|Ninetales, F|\n|poke|p1|Sableye, M|\n|poke|p1|Gardevoir, M|\n|poke|p1|Feraligatr, F|\n|poke|p1|Mawile, M|\n|poke|p2|Shuckle, M|\n|poke|p2|Snorlax, M|\n|poke|p2|Florges, F|\n|poke|p2|Meowscarada, F|\n|poke|p2|Hatterene, F|\n|poke|p2|Clefairy, F|\n|teampreview\n|inactive|Battle timer is ON: inactive players will automatically lose when time's up. (requested by zeref203)\n|c|\u2606Wicklette|greetings rival\n|\n|t:|1696108276\n|start\n|switch|p1a: Feraligatr|Feraligatr, F|100\/100\n|switch|p1b: Sableye|Sableye, M|100\/100\n|switch|p2a: The Trickster|Meowscarada, F|100\/100\n|switch|p2b: The Witch|Hatterene, F|100\/100\n|turn|1\n|c|\u2606Wicklette|let the rivalries begin\n|\n|t:|1696108298\n|switch|p1a: Ninetales|Ninetales, F|100\/100\n|-weather|SunnyDay|[from] ability: Drought|[of] p1a: Ninetales\n|move|p1b: Sableye|Will-O-Wisp|p2a: The Trickster\n|-hint|Since gen 7, Dark is immune to Prankster moves.\n|-immune|p2a: The Trickster\n|move|p2a: The Trickster|Leech Seed|p1a: Ninetales\n|-start|p1a: Ninetales|move: Leech Seed\n|move|p2b: The Witch|Trick Room|p2b: The Witch\n|-fieldstart|move: Trick Room|[of] p2b: The Witch\n|\n|-weather|SunnyDay|[upkeep]\n|-damage|p1a: Ninetales|88\/100|[from] Leech Seed|[of] p2a: The Trickster\n|upkeep\n|turn|2\n|\n|t:|1696108324\n|switch|p1b: Mawile|Mawile, M|100\/100\n|move|p2b: The Witch|Misty Terrain|p2b: The Witch\n|-fieldstart|move: Misty Terrain\n|move|p1a: Ninetales|Heat Wave|p2a: The Trickster|[spread] p2a,p2b\n|-supereffective|p2a: The Trickster\n|-enditem|p2a: The Trickster|Focus Sash\n|-damage|p2a: The Trickster|1\/100\n|-damage|p2b: The Witch|59\/100\n|move|p2a: The Trickster|Taunt|p1b: Mawile\n|-start|p1b: Mawile|move: Taunt\n|\n|-weather|SunnyDay|[upkeep]\n|-damage|p1a: Ninetales|76\/100|[from] Leech Seed|[of] p2a: The Trickster\n|-heal|p2a: The Trickster|13\/100|[silent]\n|upkeep\n|turn|3\n|\n|t:|1696108354\n|switch|p2a: The Fairy|Clefairy, F|100\/100\n|move|p2b: The Witch|Skill Swap|p1b: Mawile\n|-activate|p2b: The Witch|move: Skill Swap|Sheer Force|Magic Bounce|[of] p1b: Mawile\n|move|p1b: Mawile|Iron Head|p2b: The Witch\n|-supereffective|p2b: The Witch\n|-damage|p2b: The Witch|7\/100\n|move|p1a: Ninetales|Heat Wave|p2a: The Fairy|[spread] p2a,p2b\n|-crit|p2b: The Witch\n|-damage|p2a: The Fairy|68\/100\n|-damage|p2b: The Witch|0 fnt\n|faint|p2b: The Witch\n|\n|-weather|SunnyDay|[upkeep]\n|-damage|p1a: Ninetales|64\/100|[from] Leech Seed|[of] p2a: The Fairy\n|-heal|p2a: The Fairy|81\/100|[silent]\n|upkeep\n|inactive|Wicklette has 120 seconds left.\n|\n|t:|1696108368\n|switch|p2b: The Shuckster|Shuckle, M|100\/100\n|turn|4\n|\n|t:|1696108374\n|switch|p2a: The Punching Bag|Snorlax, M|100\/100\n|switch|p1a: Great Tusk|Great Tusk|100\/100\n|-activate|p1a: Great Tusk|ability: Protosynthesis\n|-start|p1a: Great Tusk|protosynthesisatk\n|move|p2b: The Shuckster|Guard Split|p2a: The Punching Bag\n|-activate|p2b: The Shuckster|move: Guard Split|[of] p2a: The Punching Bag\n|move|p1b: Mawile|Iron Head|p2a: The Punching Bag\n|-damage|p2a: The Punching Bag|86\/100\n|\n|-weather|SunnyDay|[upkeep]\n|-end|p1b: Mawile|move: Taunt\n|upkeep\n|turn|5\n|\n|t:|1696108396\n|move|p2b: The Shuckster|Infestation|p1a: Great Tusk\n|-resisted|p1a: Great Tusk\n|-damage|p1a: Great Tusk|99\/100\n|-activate|p1a: Great Tusk|move: Infestation|[of] p2b: The Shuckster\n|move|p2a: The Punching Bag|Curse|p2a: The Punching Bag\n|-unboost|p2a: The Punching Bag|spe|1\n|-boost|p2a: The Punching Bag|atk|1\n|-boost|p2a: The Punching Bag|def|1\n|move|p1b: Mawile|Iron Head|p2b: The Shuckster\n|-supereffective|p2b: The Shuckster\n|-damage|p2b: The Shuckster|31\/100\n|move|p1a: Great Tusk|Close Combat|p2a: The Punching Bag\n|-supereffective|p2a: The Punching Bag\n|-damage|p2a: The Punching Bag|39\/100\n|-unboost|p1a: Great Tusk|def|1\n|-unboost|p1a: Great Tusk|spd|1\n|-enditem|p1a: Great Tusk|Eject Pack\n|inactive|zeref203 has 120 seconds left.\n|\n|t:|1696108418\n|-end|p1a: Great Tusk|Protosynthesis|[silent]\n|switch|p1a: Feraligatr|Feraligatr, F|100\/100\n|\n|-weather|SunnyDay|[upkeep]\n|-fieldend|move: Trick Room\n|upkeep\n|turn|6\n|\n|t:|1696108432\n|switch|p2b: The Fairy|Clefairy, F|81\/100\n|move|p1a: Feraligatr|Dragon Dance|p1a: Feraligatr\n|-boost|p1a: Feraligatr|atk|1\n|-boost|p1a: Feraligatr|spe|1\n|move|p1b: Mawile|Iron Head|p2b: The Fairy\n|-supereffective|p2b: The Fairy\n|-crit|p2b: The Fairy\n|-damage|p2b: The Fairy|0 fnt\n|faint|p2b: The Fairy\n|move|p2a: The Punching Bag|Rest||[still]\n|-fail|p2a: The Punching Bag\n|\n|-weather|SunnyDay|[upkeep]\n|-fieldend|Misty Terrain\n|upkeep\n|\n|t:|1696108448\n|switch|p2b: The Bouquet|Florges, F|100\/100\n|turn|7\n|\n|t:|1696108461\n|move|p1a: Feraligatr|Liquidation|p2a: The Punching Bag\n|-damage|p2a: The Punching Bag|27\/100\n|move|p2b: The Bouquet|Pollen Puff|p2a: The Punching Bag\n|-heal|p2a: The Punching Bag|76\/100\n|move|p1b: Mawile|Iron Head|p2b: The Bouquet\n|-supereffective|p2b: The Bouquet\n|-damage|p2b: The Bouquet|34\/100\n|-damage|p1b: Mawile|84\/100|[from] item: Rocky Helmet|[of] p2b: The Bouquet\n|move|p2a: The Punching Bag|Curse|p2a: The Punching Bag\n|-unboost|p2a: The Punching Bag|spe|1\n|-boost|p2a: The Punching Bag|atk|1\n|-boost|p2a: The Punching Bag|def|1\n|\n|-weather|SunnyDay|[upkeep]\n|upkeep\n|turn|8\n|\n|t:|1696108480\n|move|p1a: Feraligatr|Dragon Dance|p1a: Feraligatr\n|-boost|p1a: Feraligatr|atk|1\n|-boost|p1a: Feraligatr|spe|1\n|move|p2b: The Bouquet|Trick|p2a: The Punching Bag\n|-activate|p2b: The Bouquet|move: Trick|[of] p2a: The Punching Bag\n|-item|p2a: The Punching Bag|Rocky Helmet|[from] move: Trick\n|-item|p2b: The Bouquet|Chesto Berry|[from] move: Trick\n|move|p1b: Mawile|Iron Head|p2b: The Bouquet\n|-supereffective|p2b: The Bouquet\n|-damage|p2b: The Bouquet|0 fnt\n|faint|p2b: The Bouquet\n|move|p2a: The Punching Bag|Curse|p2a: The Punching Bag\n|-unboost|p2a: The Punching Bag|spe|1\n|-boost|p2a: The Punching Bag|atk|1\n|-boost|p2a: The Punching Bag|def|1\n|\n|-weather|none\n|upkeep\n|\n|t:|1696108491\n|switch|p2b: The Trickster|Meowscarada, F|13\/100\n|turn|9\n|\n|t:|1696108506\n|move|p1b: Mawile|Sucker Punch|p2b: The Trickster\n|-resisted|p2b: The Trickster\n|-damage|p2b: The Trickster|0 fnt\n|faint|p2b: The Trickster\n|move|p1a: Feraligatr|Rock Slide|p2a: The Punching Bag\n|-damage|p2a: The Punching Bag|63\/100\n|move|p2a: The Punching Bag|Curse|p2a: The Punching Bag\n|-unboost|p2a: The Punching Bag|spe|1\n|-boost|p2a: The Punching Bag|atk|1\n|-boost|p2a: The Punching Bag|def|1\n|\n|upkeep\n|\n|t:|1696108516\n|switch|p2b: The Shuckster|Shuckle, M|31\/100\n|turn|10\n|\n|t:|1696108526\n|switch|p1b: Sableye|Sableye, M|100\/100\n|move|p1a: Feraligatr|Liquidation|p2b: The Shuckster\n|-supereffective|p2b: The Shuckster\n|-crit|p2b: The Shuckster\n|-damage|p2b: The Shuckster|0 fnt\n|faint|p2b: The Shuckster\n|move|p2a: The Punching Bag|Curse|p2a: The Punching Bag\n|-unboost|p2a: The Punching Bag|spe|1\n|-boost|p2a: The Punching Bag|atk|1\n|-boost|p2a: The Punching Bag|def|1\n|\n|upkeep\n|turn|11\n|\n|t:|1696108542\n|move|p1b: Sableye|Encore|p2a: The Punching Bag\n|-start|p2a: The Punching Bag|Encore\n|move|p1a: Feraligatr|Liquidation|p2a: The Punching Bag\n|-damage|p2a: The Punching Bag|48\/100\n|-damage|p1a: Feraligatr|84\/100|[from] item: Rocky Helmet|[of] p2a: The Punching Bag\n|move|p2a: The Punching Bag|Curse|p2a: The Punching Bag\n|-unboost|p2a: The Punching Bag|spe|1\n|-boost|p2a: The Punching Bag|atk|1\n|-boost|p2a: The Punching Bag|def|1\n|\n|upkeep\n|turn|12\n|-message|Wicklette forfeited.\n|\n|win|zeref203\n|raw|zeref203's rating: 1121 &rarr; <strong>1145<\/strong><br \/>(+24 for winning)\n|raw|Wicklette's rating: 1105 &rarr; <strong>1081<\/strong><br \/>(-24 for losing)\n|l|\u2606Wicklette\n","uploadtime":1696108563,"views":7,"p1id":"zeref203","p2id":"wicklette","formatid":"gen9nationaldexdoubles","rating":1081,"private":0,"password":""}