{"id":"gen9nationaldexdoubles-1961370328","p1":"JoshyJoshyC","p2":"Junky Dummy","format":"[Gen 9] National Dex Doubles","log":"|j|\u2606JoshyJoshyC\n|j|\u2606Junky Dummy\n|t:|1696619353\n|gametype|doubles\n|player|p1|JoshyJoshyC|lucas|1180\n|player|p2|Junky Dummy|265|1188\n|teamsize|p1|6\n|teamsize|p2|6\n|gen|9\n|tier|[Gen 9] National Dex Doubles\n|rated|\n|rule|HP Percentage Mod: HP is shown in percentages\n|rule|Endless Battle Clause: Forcing endless battles is banned\n|rule|OHKO Clause: OHKO moves are banned\n|rule|Evasion Moves Clause: Evasion moves are banned\n|rule|Evasion Abilities Clause: Evasion abilities are banned\n|rule|Species Clause: Limit one of each Pok\u00e9mon\n|rule|Gravity Sleep Clause: The combination of sleep-inducing moves with imperfect accuracy and Gravity or Gigantamax Orbeetle are banned\n|clearpoke\n|poke|p1|Garchomp, F|\n|poke|p1|Tyranitar, M|\n|poke|p1|Gastrodon-East, F|\n|poke|p1|Scizor, F|\n|poke|p1|Skarmory, F|\n|poke|p1|Gliscor, M|\n|poke|p2|Charizard, M|\n|poke|p2|Chi-Yu|\n|poke|p2|Flutter Mane|\n|poke|p2|Whimsicott, F|\n|poke|p2|Kingambit, F|\n|poke|p2|Landorus-Therian, M|\n|teampreview\n|inactive|Battle timer is ON: inactive players will automatically lose when time's up. (requested by Junky Dummy)\n|\n|t:|1696619360\n|start\n|switch|p1a: Tyranitar|Tyranitar, M|100\/100\n|switch|p1b: Skarmory|Skarmory, F|100\/100\n|switch|p2a: Charizard|Charizard, M, shiny|100\/100\n|switch|p2b: Chi-Yu|Chi-Yu|100\/100\n|-ability|p2b: Chi-Yu|Beads of Ruin\n|-weather|Sandstorm|[from] ability: Sand Stream|[of] p1a: Tyranitar\n|turn|1\n|\n|t:|1696619383\n|detailschange|p2a: Charizard|Charizard-Mega-Y, M, shiny\n|-mega|p2a: Charizard|Charizard|Charizardite Y\n|-weather|SunnyDay|[from] ability: Drought|[of] p2a: Charizard\n|move|p2b: Chi-Yu|Heat Wave|p1b: Skarmory|[spread] p1b\n|-miss|p2b: Chi-Yu|p1a: Tyranitar\n|-supereffective|p1b: Skarmory\n|-ability|p1b: Skarmory|Sturdy\n|-damage|p1b: Skarmory|1\/100\n|move|p2a: Charizard|Heat Wave|p1a: Tyranitar|[spread] p1a,p1b\n|-resisted|p1a: Tyranitar\n|-supereffective|p1b: Skarmory\n|-damage|p1a: Tyranitar|75\/100\n|-damage|p1b: Skarmory|0 fnt\n|faint|p1b: Skarmory\n|move|p1a: Tyranitar|Knock Off|p2b: Chi-Yu\n|-resisted|p2b: Chi-Yu\n|-damage|p2b: Chi-Yu|67\/100\n|-enditem|p2b: Chi-Yu|Focus Sash|[from] move: Knock Off|[of] p1a: Tyranitar\n|\n|-weather|SunnyDay|[upkeep]\n|upkeep\n|inactive|JoshyJoshyC has 120 seconds left.\n|\n|t:|1696619406\n|switch|p1b: Gliscor|Gliscor, M|100\/100\n|turn|2\n|\n|t:|1696619429\n|switch|p1a: Gastrodon|Gastrodon-East, F|100\/100\n|move|p2b: Chi-Yu|Protect|p2b: Chi-Yu\n|-singleturn|p2b: Chi-Yu|Protect\n|move|p1b: Gliscor|Tailwind|p1b: Gliscor\n|-sidestart|p1: JoshyJoshyC|move: Tailwind\n|move|p2a: Charizard|Solar Beam||[still]\n|-prepare|p2a: Charizard|Solar Beam\n|-anim|p2a: Charizard|Solar Beam|p1a: Gastrodon\n|-supereffective|p1a: Gastrodon\n|-damage|p1a: Gastrodon|0 fnt\n|faint|p1a: Gastrodon\n|\n|-weather|SunnyDay|[upkeep]\n|-status|p1b: Gliscor|tox|[from] item: Toxic Orb\n|upkeep\n|\n|t:|1696619443\n|switch|p1a: Tyranitar|Tyranitar, M|75\/100\n|-weather|Sandstorm|[from] ability: Sand Stream|[of] p1a: Tyranitar\n|turn|3\n|inactive|Junky Dummy has 120 seconds left.\n|\n|t:|1696619475\n|switch|p2b: Kingambit|Kingambit, F, shiny|100\/100\n|switch|p2a: Landorus|Landorus-Therian, M, shiny|100\/100\n|-ability|p2a: Landorus|Intimidate|boost\n|-unboost|p1a: Tyranitar|atk|1\n|-unboost|p1b: Gliscor|atk|1\n|-terastallize|p1a: Tyranitar|Ghost\n|move|p1b: Gliscor|Facade|p2b: Kingambit\n|-resisted|p2b: Kingambit\n|-damage|p2b: Kingambit|90\/100\n|move|p1a: Tyranitar|Stealth Rock|p2b: Kingambit\n|-sidestart|p2: Junky Dummy|move: Stealth Rock\n|\n|-weather|Sandstorm|[upkeep]\n|-damage|p1a: Tyranitar|68\/100|[from] Sandstorm\n|upkeep\n|turn|4\n|inactive|Junky Dummy has 120 seconds left.\n|\n|t:|1696619522\n|switch|p1b: Scizor|Scizor, F|100\/100\n|move|p1a: Tyranitar|Knock Off|p2a: Landorus\n|-damage|p2a: Landorus|82\/100\n|move|p2a: Landorus|Defog|p1a: Tyranitar\n|-unboost|p1a: Tyranitar|evasion|1\n|-sideend|p2: Junky Dummy|Stealth Rock|[from] move: Defog|[of] p2a: Landorus\n|move|p2b: Kingambit|Knock Off|p1a: Tyranitar\n|-supereffective|p1a: Tyranitar\n|-damage|p1a: Tyranitar|0 fnt\n|-enditem|p1a: Tyranitar|Smooth Rock|[from] move: Knock Off|[of] p2b: Kingambit\n|faint|p1a: Tyranitar\n|\n|-weather|Sandstorm|[upkeep]\n|upkeep\n|\n|t:|1696619538\n|switch|p1a: Garchomp|Garchomp, F|100\/100\n|turn|5\n|inactive|Junky Dummy has 120 seconds left.\n|\n|t:|1696619559\n|switch|p1b: Gliscor|Gliscor, M|100\/100 tox\n|detailschange|p1a: Garchomp|Garchomp-Mega, F\n|-mega|p1a: Garchomp|Garchomp|Garchompite\n|move|p1a: Garchomp|Earthquake|p2b: Kingambit|[spread] p2b\n|-immune|p1b: Gliscor\n|-immune|p2a: Landorus\n|-supereffective|p2b: Kingambit\n|-damage|p2b: Kingambit|0 fnt\n|faint|p2b: Kingambit\n|-zpower|p2a: Landorus\n|move|p2a: Landorus|Tectonic Rage|p1b: Gliscor|[zeffect]\n|-immune|p1b: Gliscor\n|\n|-weather|Sandstorm|[upkeep]\n|-sideend|p1: JoshyJoshyC|move: Tailwind\n|upkeep\n|\n|t:|1696619577\n|switch|p2b: Charizard|Charizard-Mega-Y, M, shiny|100\/100\n|-weather|SunnyDay|[from] ability: Drought|[of] p2b: Charizard\n|turn|6\n|inactive|Junky Dummy has 120 seconds left.\n|\n|t:|1696619597\n|move|p1b: Gliscor|Tailwind|p1b: Gliscor\n|-sidestart|p1: JoshyJoshyC|move: Tailwind\n|move|p1a: Garchomp|Outrage|p2a: Landorus\n|-damage|p2a: Landorus|11\/100\n|move|p2b: Charizard|Hidden Power|p1b: Gliscor\n|-supereffective|p1b: Gliscor\n|-damage|p1b: Gliscor|0 fnt\n|faint|p1b: Gliscor\n|move|p2a: Landorus|U-turn|p1a: Garchomp\n|-damage|p1a: Garchomp|81\/100\n|\n|t:|1696619609\n|switch|p2a: Chi-Yu|Chi-Yu|67\/100|[from] U-turn\n|-ability|p2a: Chi-Yu|Beads of Ruin\n|\n|-weather|SunnyDay|[upkeep]\n|upkeep\n|\n|t:|1696619613\n|switch|p1b: Scizor|Scizor, F|100\/100\n|turn|7\n|\n|t:|1696619623\n|move|p1a: Garchomp|Outrage|p2b: Charizard|[from]lockedmove\n|-damage|p2b: Charizard|9\/100\n|move|p1b: Scizor|U-turn|p2a: Chi-Yu\n|-damage|p2a: Chi-Yu|0 fnt\n|faint|p2a: Chi-Yu\n|-damage|p1b: Scizor|91\/100|[from] item: Life Orb\n|move|p2b: Charizard|Hidden Power|p1a: Garchomp\n|-supereffective|p1a: Garchomp\n|-damage|p1a: Garchomp|0 fnt\n|faint|p1a: Garchomp\n|\n|-weather|SunnyDay|[upkeep]\n|upkeep\n|inactive|Junky Dummy has 120 seconds left.\n|\n|t:|1696619641\n|switch|p2a: Whimsicott|Whimsicott, F, shiny|100\/100\n|turn|8\n|\n|t:|1696619650\n|move|p2a: Whimsicott|Encore|p1b: Scizor\n|-start|p1b: Scizor|Encore\n|move|p1b: Scizor|U-turn|p2b: Charizard\n|-resisted|p2b: Charizard\n|-damage|p2b: Charizard|0 fnt\n|faint|p2b: Charizard\n|-damage|p1b: Scizor|81\/100|[from] item: Life Orb\n|\n|-weather|SunnyDay|[upkeep]\n|upkeep\n|\n|t:|1696619656\n|switch|p2b: Flutter Mane|Flutter Mane|100\/100\n|-activate|p2b: Flutter Mane|ability: Protosynthesis\n|-start|p2b: Flutter Mane|protosynthesisspe\n|turn|9\n|l|\u2606JoshyJoshyC\n|inactive|JoshyJoshyC disconnected and has a minute to reconnect!\n|player|p1|\n|j|\u2606JoshyJoshyC\n|inactive|JoshyJoshyC reconnected and has 145 seconds left.\n|player|p1|JoshyJoshyC|lucas\n|\n|t:|1696619675\n|move|p2a: Whimsicott|Helping Hand|p2b: Flutter Mane\n|-singleturn|p2b: Flutter Mane|Helping Hand|[of] p2a: Whimsicott\n|move|p2b: Flutter Mane|Shadow Ball|p1b: Scizor\n|-damage|p1b: Scizor|0 fnt\n|faint|p1b: Scizor\n|\n|win|Junky Dummy\n|raw|JoshyJoshyC's rating: 1180 &rarr; <strong>1156<\/strong><br \/>(-24 for losing)\n|raw|Junky Dummy's rating: 1188 &rarr; <strong>1212<\/strong><br \/>(+24 for winning)\n|l|\u2606JoshyJoshyC\n","uploadtime":1696619685,"views":13,"p1id":"joshyjoshyc","p2id":"junkydummy","formatid":"gen9nationaldexdoubles","rating":1156,"private":0,"password":""}