{"id":"gen9nationaldexdoubles-1976889481","p1":"Lord Highkage","p2":"Draggy Gutsfree","format":"[Gen 9] National Dex Doubles","log":"|j|\u2606Lord Highkage\n|j|\u2606Draggy Gutsfree\n|t:|1698349754\n|gametype|doubles\n|player|p1|Lord Highkage|102|\n|player|p2|Draggy Gutsfree|will|\n|teamsize|p1|6\n|teamsize|p2|6\n|gen|9\n|tier|[Gen 9] National Dex Doubles\n|rule|HP Percentage Mod: HP is shown in percentages\n|rule|Endless Battle Clause: Forcing endless battles is banned\n|rule|OHKO Clause: OHKO moves are banned\n|rule|Evasion Moves Clause: Evasion moves are banned\n|rule|Evasion Abilities Clause: Evasion abilities are banned\n|rule|Species Clause: Limit one of each Pok\u00e9mon\n|rule|Gravity Sleep Clause: The combination of sleep-inducing moves with imperfect accuracy and Gravity or Gigantamax Orbeetle are banned\n|clearpoke\n|poke|p1|Weavile, M|\n|poke|p1|Hydreigon, M|\n|poke|p1|Jirachi|\n|poke|p1|Salamence, M|\n|poke|p1|Starmie|\n|poke|p1|Empoleon, F|\n|poke|p2|Sinistcha-Masterpiece|\n|poke|p2|Volbeat, M|\n|poke|p2|Ceruledge, F|\n|poke|p2|Gengar, F|\n|poke|p2|Goodra-Hisui, F|\n|poke|p2|Urshifu-*, M|\n|teampreview\n|\n|t:|1698349782\n|start\n|switch|p1a: Weavile|Weavile, M|100\/100\n|switch|p1b: Jirachi|Jirachi|100\/100\n|switch|p2a: Urshifu|Urshifu-Rapid-Strike, M|100\/100\n|switch|p2b: Volbeat|Volbeat, M|100\/100\n|-ability|p1a: Weavile|Pressure\n|turn|1\n|\n|t:|1698349829\n|move|p2b: Volbeat|Tailwind|p2b: Volbeat\n|-sidestart|p2: Draggy Gutsfree|move: Tailwind\n|move|p2a: Urshifu|Close Combat|p1a: Weavile\n|-supereffective|p1a: Weavile\n|-enditem|p1a: Weavile|Focus Sash\n|-damage|p1a: Weavile|1\/100\n|-unboost|p2a: Urshifu|def|1\n|-unboost|p2a: Urshifu|spd|1\n|move|p1a: Weavile|Taunt|p2b: Volbeat\n|-start|p2b: Volbeat|move: Taunt\n|-enditem|p2b: Volbeat|Mental Herb\n|-end|p2b: Volbeat|move: Taunt\n|move|p1b: Jirachi|Iron Head|p2b: Volbeat\n|-damage|p2b: Volbeat|78\/100\n|\n|upkeep\n|turn|2\n|\n|t:|1698349881\n|switch|p1a: Salamence|Salamence, M|100\/100\n|-ability|p1a: Salamence|Intimidate|boost\n|-unboost|p2a: Urshifu|atk|1\n|-unboost|p2b: Volbeat|atk|1\n|move|p2a: Urshifu|Close Combat|p1a: Salamence\n|-resisted|p1a: Salamence\n|-crit|p1a: Salamence\n|-damage|p1a: Salamence|9\/100\n|-unboost|p2a: Urshifu|def|1\n|-unboost|p2a: Urshifu|spd|1\n|move|p2b: Volbeat|U-turn|p1a: Salamence\n|-resisted|p1a: Salamence\n|-damage|p1a: Salamence|0 fnt\n|faint|p1a: Salamence\n|\n|t:|1698349894\n|switch|p2b: Gengar|Gengar, F|100\/100|[from] U-turn\n|move|p1b: Jirachi|Cosmic Power|p1b: Jirachi\n|-boost|p1b: Jirachi|def|1\n|-boost|p1b: Jirachi|spd|1\n|\n|upkeep\n|\n|t:|1698349911\n|switch|p1a: Empoleon|Empoleon, F|100\/100\n|turn|3\n|\n|t:|1698349935\n|switch|p2a: Sinistcha|Sinistcha-Masterpiece|100\/100\n|switch|p1a: Starmie|Starmie|100\/100\n|move|p2b: Gengar|Shadow Ball|p1b: Jirachi\n|-supereffective|p1b: Jirachi\n|-damage|p1b: Jirachi|47\/100\n|move|p1b: Jirachi|Iron Head|p2b: Gengar\n|-damage|p2b: Gengar|43\/100\n|\n|-heal|p1b: Jirachi|53\/100|[from] item: Leftovers\n|upkeep\n|turn|4\n|\n|t:|1698349978\n|move|p2b: Gengar|Shadow Ball|p1b: Jirachi\n|-supereffective|p1b: Jirachi\n|-damage|p1b: Jirachi|0 fnt\n|faint|p1b: Jirachi\n|move|p2a: Sinistcha|Matcha Gotcha|p1a: Starmie\n|-supereffective|p1a: Starmie\n|-damage|p1a: Starmie|36\/100\n|move|p1a: Starmie|Light Screen|p1a: Starmie\n|-sidestart|p1: Lord Highkage|move: Light Screen\n|\n|-heal|p1a: Starmie|42\/100|[from] item: Leftovers\n|-sideend|p2: Draggy Gutsfree|move: Tailwind\n|upkeep\n|\n|t:|1698349992\n|switch|p1b: Weavile|Weavile, M|1\/100\n|-ability|p1b: Weavile|Pressure\n|turn|5\n|\n|t:|1698350007\n|switch|p2b: Goodra|Goodra-Hisui, F|100\/100\n|move|p1b: Weavile|Ice Shard|p2a: Sinistcha\n|-supereffective|p2a: Sinistcha\n|-damage|p2a: Sinistcha|69\/100\n|move|p1a: Starmie|Psychic|p2b: Goodra\n|-resisted|p2b: Goodra\n|-damage|p2b: Goodra|87\/100\n|move|p2a: Sinistcha|Matcha Gotcha|p1b: Weavile|[spread] p1b\n|-miss|p2a: Sinistcha|p1a: Starmie\n|-damage|p1b: Weavile|0 fnt\n|-heal|p2a: Sinistcha|70\/100|[from] drain|[of] p1b: Weavile\n|faint|p1b: Weavile\n|\n|-heal|p1a: Starmie|49\/100|[from] item: Leftovers\n|-heal|p2a: Sinistcha|76\/100|[from] item: Leftovers\n|upkeep\n|\n|t:|1698350025\n|switch|p1b: Hydreigon|Hydreigon, M|100\/100\n|turn|6\n|\n|t:|1698350032\n|move|p1b: Hydreigon|Earth Power|p2b: Goodra\n|-supereffective|p2b: Goodra\n|-damage|p2b: Goodra|23\/100\n|-damage|p1b: Hydreigon|91\/100|[from] item: Life Orb\n|move|p1a: Starmie|Recover|p1a: Starmie\n|-heal|p1a: Starmie|99\/100\n|move|p2a: Sinistcha|Matcha Gotcha|p1a: Starmie|[spread] p1a,p1b\n|-supereffective|p1a: Starmie\n|-resisted|p1b: Hydreigon\n|-damage|p1a: Starmie|66\/100\n|-heal|p2a: Sinistcha|90\/100|[from] drain|[of] p1a: Starmie\n|-damage|p1b: Hydreigon|81\/100\n|-heal|p2a: Sinistcha|94\/100|[from] drain|[of] p1b: Hydreigon\n|move|p2b: Goodra|Acid Armor|p2b: Goodra\n|-boost|p2b: Goodra|def|2\n|\n|-heal|p1a: Starmie|72\/100|[from] item: Leftovers\n|-heal|p2a: Sinistcha|100\/100|[from] item: Leftovers\n|upkeep\n|turn|7\n|\n|t:|1698350062\n|switch|p2a: Volbeat|Volbeat, M|78\/100\n|switch|p2b: Urshifu|Urshifu-Rapid-Strike, M|100\/100\n|move|p1b: Hydreigon|Earth Power|p2b: Urshifu\n|-damage|p2b: Urshifu|32\/100\n|-damage|p1b: Hydreigon|71\/100|[from] item: Life Orb\n|move|p1a: Starmie|Psychic|p2a: Volbeat\n|-damage|p2a: Volbeat|17\/100\n|\n|-heal|p1a: Starmie|78\/100|[from] item: Leftovers\n|upkeep\n|turn|8\n|\n|t:|1698350086\n|switch|p1b: Empoleon|Empoleon, F|100\/100\n|move|p2a: Volbeat|Thunder Wave|p1b: Empoleon\n|-status|p1b: Empoleon|par\n|move|p2b: Urshifu|Surging Strikes|p1b: Empoleon\n|-resisted|p1b: Empoleon\n|-crit|p1b: Empoleon\n|-damage|p1b: Empoleon|84\/100 par\n|-resisted|p1b: Empoleon\n|-crit|p1b: Empoleon\n|-damage|p1b: Empoleon|69\/100 par\n|-resisted|p1b: Empoleon\n|-crit|p1b: Empoleon\n|-damage|p1b: Empoleon|52\/100 par\n|-hitcount|p1b: Empoleon|3\n|move|p1a: Starmie|Psychic|p2b: Urshifu\n|-supereffective|p2b: Urshifu\n|-damage|p2b: Urshifu|0 fnt\n|faint|p2b: Urshifu\n|\n|-heal|p1a: Starmie|84\/100|[from] item: Leftovers\n|-sideend|p1: Lord Highkage|move: Light Screen\n|upkeep\n|\n|t:|1698350104\n|switch|p2b: Sinistcha|Sinistcha-Masterpiece|100\/100\n|-heal|p2a: Volbeat|42\/100|[from] ability: Hospitality|[of] p2b: Sinistcha\n|turn|9\n|\n|t:|1698350120\n|move|p2a: Volbeat|Encore|p1a: Starmie\n|-start|p1a: Starmie|Encore\n|move|p1a: Starmie|Psychic|p2a: Volbeat\n|-damage|p2a: Volbeat|0 fnt\n|faint|p2a: Volbeat\n|move|p2b: Sinistcha|Matcha Gotcha|p1b: Empoleon|[spread] p1b\n|-miss|p2b: Sinistcha|p1a: Starmie\n|-damage|p1b: Empoleon|32\/100 par\n|cant|p1b: Empoleon|par\n|\n|-heal|p1a: Starmie|90\/100|[from] item: Leftovers\n|upkeep\n|\n|t:|1698350134\n|switch|p2a: Ceruledge|Ceruledge, F|100\/100\n|turn|10\n|\n|t:|1698350150\n|move|p2a: Ceruledge|Shadow Sneak|p1b: Empoleon\n|-damage|p1b: Empoleon|9\/100 par\n|move|p1a: Starmie|Psychic|p2b: Sinistcha\n|-damage|p2b: Sinistcha|59\/100\n|move|p2b: Sinistcha|Matcha Gotcha|p1b: Empoleon|[spread] p1a,p1b\n|-supereffective|p1a: Starmie\n|-damage|p1a: Starmie|41\/100\n|-heal|p2b: Sinistcha|79\/100|[from] drain|[of] p1a: Starmie\n|-damage|p1b: Empoleon|0 fnt\n|-heal|p2b: Sinistcha|84\/100|[from] drain|[of] p1b: Empoleon\n|faint|p1b: Empoleon\n|\n|-heal|p1a: Starmie|47\/100|[from] item: Leftovers\n|-heal|p2b: Sinistcha|90\/100|[from] item: Leftovers\n|upkeep\n|\n|t:|1698350163\n|switch|p1b: Hydreigon|Hydreigon, M|71\/100\n|turn|11\n|\n|t:|1698350178\n|move|p1b: Hydreigon|Earth Power|p2a: Ceruledge\n|-supereffective|p2a: Ceruledge\n|-damage|p2a: Ceruledge|18\/100\n|-damage|p1b: Hydreigon|61\/100|[from] item: Life Orb\n|move|p1a: Starmie|Psychic|p2b: Sinistcha\n|-damage|p2b: Sinistcha|42\/100\n|move|p2a: Ceruledge|Swords Dance|p2a: Ceruledge\n|-boost|p2a: Ceruledge|atk|2\n|move|p2b: Sinistcha|Calm Mind|p2b: Sinistcha\n|-boost|p2b: Sinistcha|spa|1\n|-boost|p2b: Sinistcha|spd|1\n|\n|-heal|p1a: Starmie|53\/100|[from] item: Leftovers\n|-heal|p2b: Sinistcha|48\/100|[from] item: Leftovers\n|-end|p1a: Starmie|Encore\n|upkeep\n|turn|12\n|\n|t:|1698350206\n|move|p2a: Ceruledge|Shadow Sneak|p1a: Starmie\n|-supereffective|p1a: Starmie\n|-damage|p1a: Starmie|0 fnt\n|faint|p1a: Starmie\n|move|p1b: Hydreigon|Earth Power|p2a: Ceruledge\n|-supereffective|p2a: Ceruledge\n|-damage|p2a: Ceruledge|0 fnt\n|faint|p2a: Ceruledge\n|-damage|p1b: Hydreigon|52\/100|[from] item: Life Orb\n|move|p2b: Sinistcha|Strength Sap|p1b: Hydreigon\n|-unboost|p1b: Hydreigon|atk|1\n|-heal|p2b: Sinistcha|100\/100\n|\n|upkeep\n|\n|t:|1698350218\n|switch|p2a: Gengar|Gengar, F|43\/100\n|turn|13\n|\n|t:|1698350232\n|move|p2a: Gengar|Focus Blast|p1b: Hydreigon|[miss]\n|-miss|p2a: Gengar|p1b: Hydreigon\n|move|p1b: Hydreigon|Earth Power|p2a: Gengar\n|-supereffective|p2a: Gengar\n|-damage|p2a: Gengar|0 fnt\n|faint|p2a: Gengar\n|-damage|p1b: Hydreigon|42\/100|[from] item: Life Orb\n|move|p2b: Sinistcha|Matcha Gotcha|p1b: Hydreigon\n|-resisted|p1b: Hydreigon\n|-damage|p1b: Hydreigon|14\/100\n|-status|p1b: Hydreigon|brn\n|\n|-damage|p1b: Hydreigon|8\/100 brn|[from] brn\n|upkeep\n|\n|t:|1698350245\n|switch|p2a: Goodra|Goodra-Hisui, F|23\/100\n|turn|14\n|\n|t:|1698350250\n|move|p1b: Hydreigon|Roost|p1b: Hydreigon\n|-heal|p1b: Hydreigon|58\/100 brn\n|-singleturn|p1b: Hydreigon|move: Roost\n|move|p2b: Sinistcha|Matcha Gotcha|p1b: Hydreigon\n|-resisted|p1b: Hydreigon\n|-damage|p1b: Hydreigon|29\/100 brn\n|move|p2a: Goodra|Life Dew||[still]|[spread] p2a,p2b\n|-heal|p2a: Goodra|48\/100\n|-fail|p2b: Sinistcha|heal\n|\n|-damage|p1b: Hydreigon|23\/100 brn|[from] brn\n|upkeep\n|turn|15\n|\n|t:|1698350277\n|move|p1b: Hydreigon|Roost|p1b: Hydreigon\n|-heal|p1b: Hydreigon|73\/100 brn\n|-singleturn|p1b: Hydreigon|move: Roost\n|move|p2b: Sinistcha|Matcha Gotcha|p1b: Hydreigon\n|-resisted|p1b: Hydreigon\n|-damage|p1b: Hydreigon|44\/100 brn\n|move|p2a: Goodra|Heavy Slam|p1b: Hydreigon\n|-damage|p1b: Hydreigon|19\/100 brn\n|\n|-damage|p1b: Hydreigon|12\/100 brn|[from] brn\n|upkeep\n|turn|16\n|\n|t:|1698350291\n|move|p1b: Hydreigon|Earth Power|p2a: Goodra\n|-supereffective|p2a: Goodra\n|-damage|p2a: Goodra|0 fnt\n|faint|p2a: Goodra\n|-damage|p1b: Hydreigon|3\/100 brn|[from] item: Life Orb\n|move|p2b: Sinistcha|Matcha Gotcha|p1b: Hydreigon\n|-resisted|p1b: Hydreigon\n|-damage|p1b: Hydreigon|0 fnt\n|faint|p1b: Hydreigon\n|\n|win|Draggy Gutsfree\n|c|\u2606Lord Highkage|gg\n|l|\u2606Lord Highkage\n|j|\u2606Lord Highkage\n|player|p1|Lord Highkage|102\n","uploadtime":1698350303,"views":7,"p1id":"lordhighkage","p2id":"draggygutsfree","formatid":"gen9nationaldexdoubles","rating":0,"private":0,"password":""}