{"id":"gen9nationaldexdoubles-1999376454","p1":"Birdie-BBY","p2":"moxix_00","format":"[Gen 9] National Dex Doubles","log":"|j|\u2606Birdie-BBY\n|j|\u2606moxix_00\n|t:|1701069692\n|gametype|doubles\n|player|p1|Birdie-BBY|veteranf|1173\n|player|p2|moxix_00|silver|1202\n|teamsize|p1|6\n|teamsize|p2|6\n|gen|9\n|tier|[Gen 9] National Dex Doubles\n|rated|\n|rule|HP Percentage Mod: HP is shown in percentages\n|rule|Endless Battle Clause: Forcing endless battles is banned\n|rule|OHKO Clause: OHKO moves are banned\n|rule|Evasion Moves Clause: Evasion moves are banned\n|rule|Evasion Abilities Clause: Evasion abilities are banned\n|rule|Species Clause: Limit one of each Pok\u00e9mon\n|rule|Gravity Sleep Clause: The combination of sleep-inducing moves with imperfect accuracy and Gravity or Gigantamax Orbeetle are banned\n|clearpoke\n|poke|p1|Yanmega, F|\n|poke|p1|Metagross|\n|poke|p1|Feraligatr, M|\n|poke|p1|Combusken, M|\n|poke|p1|Meowstic, M|\n|poke|p1|Victini|\n|poke|p2|Buzzwole|\n|poke|p2|Guzzlord|\n|poke|p2|Stakataka|\n|poke|p2|Kartana|\n|poke|p2|Glastrier|\n|poke|p2|Hariyama, M|\n|teampreview\n|\n|t:|1701069712\n|start\n|switch|p1a: Meowstic|Meowstic, M|100\/100\n|switch|p1b: Victini|Victini|100\/100\n|switch|p2a: Guzzlord|Guzzlord, shiny|100\/100\n|switch|p2b: Stakataka|Stakataka, shiny|100\/100\n|turn|1\n|\n|t:|1701069749\n|move|p1a: Meowstic|Fake Out|p2b: Stakataka\n|-resisted|p2b: Stakataka\n|-damage|p2b: Stakataka|99\/100\n|-damage|p1a: Meowstic|84\/100|[from] item: Rocky Helmet|[of] p2b: Stakataka\n|-zpower|p1b: Victini\n|move|p1b: Victini|Z-Celebrate|p1b: Victini|[anim]Celebrate\n|-boost|p1b: Victini|atk|1|[zeffect]\n|-boost|p1b: Victini|def|1|[zeffect]\n|-boost|p1b: Victini|spa|1|[zeffect]\n|-boost|p1b: Victini|spd|1|[zeffect]\n|-boost|p1b: Victini|spe|1|[zeffect]\n|-enditem|p2a: Guzzlord|Mirror Herb\n|-boost|p2a: Guzzlord|atk|1|[from] item: Mirror Herb\n|-boost|p2a: Guzzlord|def|1|[from] item: Mirror Herb\n|-boost|p2a: Guzzlord|spa|1|[from] item: Mirror Herb\n|-boost|p2a: Guzzlord|spd|1|[from] item: Mirror Herb\n|-boost|p2a: Guzzlord|spe|1|[from] item: Mirror Herb\n|-activate|p1b: Victini|move: Celebrate\n|move|p2a: Guzzlord|Crunch|p1b: Victini\n|-supereffective|p1b: Victini\n|-damage|p1b: Victini|14\/100\n|cant|p2b: Stakataka|flinch\n|\n|upkeep\n|turn|2\n|\n|t:|1701069779\n|move|p2a: Guzzlord|Protect|p2a: Guzzlord\n|-singleturn|p2a: Guzzlord|Protect\n|move|p1a: Meowstic|Reflect|p1a: Meowstic\n|-sidestart|p1: Birdie-BBY|Reflect\n|move|p1b: Victini|Baton Pass|p1b: Victini\n|\n|t:|1701069787\n|switch|p1b: Combusken|Combusken, M|100\/100|[from] Baton Pass\n|move|p2b: Stakataka|Gyro Ball|p1b: Combusken\n|-resisted|p1b: Combusken\n|-damage|p1b: Combusken|85\/100\n|\n|upkeep\n|turn|3\n|\n|t:|1701069816\n|-terastallize|p2b: Stakataka|Flying\n|move|p1b: Combusken|Protect|p1b: Combusken\n|-singleturn|p1b: Combusken|Protect\n|move|p1a: Meowstic|Reflect||[still]\n|-fail|p1a: Meowstic\n|move|p2a: Guzzlord|Crunch|p1a: Meowstic\n|-supereffective|p1a: Meowstic\n|-damage|p1a: Meowstic|0 fnt\n|faint|p1a: Meowstic\n|-ability|p2a: Guzzlord|Beast Boost|boost\n|-boost|p2a: Guzzlord|atk|1\n|move|p2b: Stakataka|Trick Room|p2b: Stakataka\n|-fieldstart|move: Trick Room|[of] p2b: Stakataka\n|\n|-ability|p1b: Combusken|Speed Boost|boost\n|-boost|p1b: Combusken|spe|1\n|upkeep\n|\n|t:|1701069838\n|switch|p1a: Victini|Victini|14\/100\n|turn|4\n|\n|t:|1701069866\n|-terastallize|p1b: Combusken|Fairy\n|move|p2b: Stakataka|Gyro Ball|p1a: Victini\n|-resisted|p1a: Victini\n|-damage|p1a: Victini|0 fnt\n|faint|p1a: Victini\n|-ability|p2b: Stakataka|Beast Boost|boost\n|-boost|p2b: Stakataka|def|1\n|move|p2a: Guzzlord|Dragon Claw|p1b: Combusken\n|-immune|p1b: Combusken\n|move|p1b: Combusken|Rock Slide|p2a: Guzzlord|[spread] p2a,p2b\n|-supereffective|p2b: Stakataka\n|-damage|p2a: Guzzlord|90\/100\n|-damage|p2b: Stakataka|84\/100\n|\n|-ability|p1b: Combusken|Speed Boost|boost\n|-boost|p1b: Combusken|spe|1\n|upkeep\n|\n|t:|1701069896\n|switch|p1a: Yanmega|Yanmega, F|100\/100\n|turn|5\n|\n|t:|1701069908\n|move|p2a: Guzzlord|Protect|p2a: Guzzlord\n|-singleturn|p2a: Guzzlord|Protect\n|move|p2b: Stakataka|Gyro Ball|p1b: Combusken\n|-supereffective|p1b: Combusken\n|-damage|p1b: Combusken|28\/100\n|move|p1a: Yanmega|Hyper Beam|p2b: Stakataka\n|-damage|p2b: Stakataka|22\/100\n|-mustrecharge|p1a: Yanmega\n|move|p1b: Combusken|Swords Dance|p1b: Combusken\n|-boost|p1b: Combusken|atk|2\n|\n|-ability|p1b: Combusken|Speed Boost|boost\n|-boost|p1b: Combusken|spe|1\n|upkeep\n|turn|6\n|\n|t:|1701069940\n|move|p1b: Combusken|Protect|p1b: Combusken\n|-singleturn|p1b: Combusken|Protect\n|move|p2b: Stakataka|Heat Crash|p1a: Yanmega\n|-supereffective|p1a: Yanmega\n|-damage|p1a: Yanmega|30\/100\n|move|p2a: Guzzlord|Crunch|p1a: Yanmega\n|-damage|p1a: Yanmega|0 fnt\n|faint|p1a: Yanmega\n|-ability|p2a: Guzzlord|Beast Boost|boost\n|-boost|p2a: Guzzlord|atk|1\n|\n|-ability|p1b: Combusken|Speed Boost|boost\n|-boost|p1b: Combusken|spe|1\n|upkeep\n|\n|t:|1701069957\n|switch|p1a: Feraligatr|Feraligatr, M|100\/100\n|turn|7\n|\n|t:|1701069975\n|move|p2a: Guzzlord|Protect|p2a: Guzzlord\n|-singleturn|p2a: Guzzlord|Protect\n|move|p1b: Combusken|Protect||[still]\n|-fail|p1b: Combusken\n|move|p2b: Stakataka|Gyro Ball|p1b: Combusken\n|-supereffective|p1b: Combusken\n|-damage|p1b: Combusken|0 fnt\n|faint|p1b: Combusken\n|-ability|p2b: Stakataka|Beast Boost|boost\n|-boost|p2b: Stakataka|def|1\n|move|p1a: Feraligatr|Outrage|p2b: Stakataka\n|-damage|p2b: Stakataka|9\/100\n|-damage|p1a: Feraligatr|84\/100|[from] item: Rocky Helmet|[of] p2b: Stakataka\n|\n|-fieldend|move: Trick Room\n|upkeep\n|\n|t:|1701069992\n|switch|p1b: Metagross|Metagross|100\/100\n|turn|8\n|\n|t:|1701070008\n|detailschange|p1b: Metagross|Metagross-Mega\n|-mega|p1b: Metagross|Metagross|Metagrossite\n|move|p1b: Metagross|Meteor Mash|p2a: Guzzlord\n|-damage|p2a: Guzzlord|57\/100\n|move|p1a: Feraligatr|Outrage|p2a: Guzzlord|[from]lockedmove\n|-supereffective|p2a: Guzzlord\n|-damage|p2a: Guzzlord|17\/100\n|move|p2a: Guzzlord|Crunch|p1b: Metagross\n|-supereffective|p1b: Metagross\n|-damage|p1b: Metagross|2\/100\n|move|p2b: Stakataka|Trick Room|p2b: Stakataka\n|-fieldstart|move: Trick Room|[of] p2b: Stakataka\n|\n|upkeep\n|turn|9\n|\n|t:|1701070037\n|move|p1b: Metagross|Bullet Punch|p2b: Stakataka\n|-damage|p2b: Stakataka|0 fnt\n|-damage|p1b: Metagross|0 fnt|[from] item: Rocky Helmet|[of] p2b: Stakataka\n|faint|p2b: Stakataka\n|faint|p1b: Metagross\n|move|p2a: Guzzlord|Crunch|p1a: Feraligatr\n|-damage|p1a: Feraligatr|22\/100\n|move|p1a: Feraligatr|Outrage|p2a: Guzzlord|[from]lockedmove\n|-supereffective|p2a: Guzzlord\n|-damage|p2a: Guzzlord|0 fnt\n|faint|p2a: Guzzlord\n|-start|p1a: Feraligatr|confusion|[fatigue]\n|\n|-sideend|p1: Birdie-BBY|Reflect\n|upkeep\n|-message|Birdie-BBY forfeited.\n|\n|win|moxix_00\n|raw|Birdie-BBY's rating: 1173 &rarr; <strong>1150<\/strong><br \/>(-23 for losing)\n|raw|moxix_00's rating: 1202 &rarr; <strong>1225<\/strong><br \/>(+23 for winning)\n|l|\u2606Birdie-BBY\n","uploadtime":1701070059,"views":5,"p1id":"birdiebby","p2id":"moxix00","formatid":"gen9nationaldexdoubles","rating":1150,"private":0,"password":""}