{"id":"gen9nationaldexdoubles-1971814676","p1":"Trietceratops","p2":"Brick_Enjoyer_144","format":"[Gen 9] National Dex Doubles","log":"|j|\u2606Trietceratops\n|j|\u2606Brick_Enjoyer_144\n|t:|1697775759\n|gametype|doubles\n|player|p1|Trietceratops|leon-masters|1271\n|player|p2|Brick_Enjoyer_144|shauntal|1078\n|teamsize|p1|6\n|teamsize|p2|6\n|gen|9\n|tier|[Gen 9] National Dex Doubles\n|rated|\n|rule|HP Percentage Mod: HP is shown in percentages\n|rule|Endless Battle Clause: Forcing endless battles is banned\n|rule|OHKO Clause: OHKO moves are banned\n|rule|Evasion Moves Clause: Evasion moves are banned\n|rule|Evasion Abilities Clause: Evasion abilities are banned\n|rule|Species Clause: Limit one of each Pok\u00e9mon\n|rule|Gravity Sleep Clause: The combination of sleep-inducing moves with imperfect accuracy and Gravity or Gigantamax Orbeetle are banned\n|clearpoke\n|poke|p1|Arctozolt|\n|poke|p1|Ninetales-Alola, F|\n|poke|p1|Cetitan, M|\n|poke|p1|Weavile, F|\n|poke|p1|Iron Bundle|\n|poke|p1|Abomasnow, F|\n|poke|p2|Espeon, M|\n|poke|p2|Gallade, M|\n|poke|p2|Illumise, F|\n|poke|p2|Urshifu-*, F|\n|poke|p2|Ogerpon-Hearthflame, F|\n|poke|p2|Heatran, M|\n|teampreview\n|inactive|Battle timer is ON: inactive players will automatically lose when time's up. (requested by Trietceratops)\n|inactive|Brick_Enjoyer_144 also wants the timer to be on.\n|\n|t:|1697775767\n|start\n|switch|p1a: Elsa|Ninetales-Alola, F, shiny|100\/100\n|switch|p1b: Tri\u1ebft Tr\u1eafng|Weavile, F|100\/100\n|switch|p2a: Heatran|Heatran, M|100\/100\n|switch|p2b: Illumise|Illumise, F|100\/100\n|-weather|Snow|[from] ability: Snow Warning|[of] p1a: Elsa\n|turn|1\n|\n|t:|1697775784\n|move|p1a: Elsa|Protect|p1a: Elsa\n|-singleturn|p1a: Elsa|Protect\n|move|p2b: Illumise|Trick|p1a: Elsa\n|-activate|p1a: Elsa|move: Protect\n|move|p1b: Tri\u1ebft Tr\u1eafng|Taunt|p2b: Illumise\n|-start|p2b: Illumise|move: Taunt\n|move|p2a: Heatran|Stealth Rock|p1a: Elsa\n|-sidestart|p1: Trietceratops|move: Stealth Rock\n|\n|-weather|Snow|[upkeep]\n|-damage|p2b: Illumise|88\/100|[from] item: Black Sludge\n|upkeep\n|turn|2\n|\n|t:|1697775804\n|move|p1b: Tri\u1ebft Tr\u1eafng|Knock Off|p2a: Heatran\n|-damage|p2a: Heatran|60\/100\n|-enditem|p2a: Heatran|Leftovers|[from] move: Knock Off|[of] p1b: Tri\u1ebft Tr\u1eafng\n|move|p1a: Elsa|Aurora Veil|p1a: Elsa\n|-sidestart|p1: Trietceratops|move: Aurora Veil\n|move|p2b: Illumise|Seismic Toss|p1a: Elsa\n|-damage|p1a: Elsa|66\/100\n|move|p2a: Heatran|Magma Storm|p1b: Tri\u1ebft Tr\u1eafng\n|-supereffective|p1b: Tri\u1ebft Tr\u1eafng\n|-damage|p1b: Tri\u1ebft Tr\u1eafng|19\/100\n|-activate|p1b: Tri\u1ebft Tr\u1eafng|move: Magma Storm|[of] p2a: Heatran\n|\n|-weather|Snow|[upkeep]\n|-damage|p2b: Illumise|76\/100|[from] item: Black Sludge\n|-damage|p1b: Tri\u1ebft Tr\u1eafng|7\/100|[from] move: Magma Storm|[partiallytrapped]\n|upkeep\n|turn|3\n|\n|t:|1697775823\n|move|p2a: Heatran|Protect|p2a: Heatran\n|-singleturn|p2a: Heatran|Protect\n|move|p1b: Tri\u1ebft Tr\u1eafng|Knock Off|p2b: Illumise\n|-damage|p2b: Illumise|9\/100\n|-enditem|p2b: Illumise|Black Sludge|[from] move: Knock Off|[of] p1b: Tri\u1ebft Tr\u1eafng\n|move|p1a: Elsa|Blizzard|p2a: Heatran|[spread] p2b\n|-activate|p2a: Heatran|move: Protect\n|-damage|p2b: Illumise|0 fnt\n|faint|p2b: Illumise\n|\n|-weather|Snow|[upkeep]\n|-damage|p1b: Tri\u1ebft Tr\u1eafng|0 fnt|[from] move: Magma Storm|[partiallytrapped]\n|faint|p1b: Tri\u1ebft Tr\u1eafng\n|upkeep\n|\n|t:|1697775841\n|switch|p1b: Oscar|Cetitan, M, shiny|100\/100\n|switch|p2b: Espeon|Espeon, M|100\/100\n|-damage|p1b: Oscar|76\/100|[from] Stealth Rock\n|turn|4\n|\n|t:|1697775862\n|-terastallize|p1b: Oscar|Ground\n|move|p1b: Oscar|Earthquake|p2a: Heatran|[spread] p1a,p2a,p2b\n|-supereffective|p2a: Heatran\n|-damage|p1a: Elsa|30\/100\n|-damage|p2a: Heatran|0 fnt\n|-damage|p2b: Espeon|2\/100\n|faint|p2a: Heatran\n|-damage|p1b: Oscar|66\/100|[from] item: Life Orb\n|move|p2b: Espeon|Psychic|p1b: Oscar\n|-crit|p1b: Oscar\n|-damage|p1b: Oscar|0 fnt\n|faint|p1b: Oscar\n|move|p1a: Elsa|Blizzard|p2b: Espeon\n|-damage|p2b: Espeon|0 fnt\n|faint|p2b: Espeon\n|\n|-weather|Snow|[upkeep]\n|upkeep\n|\n|t:|1697775880\n|switch|p2b: Ogerpon|Ogerpon-Hearthflame, F|100\/100\n|switch|p1b: Arctozolt|Arctozolt|100\/100\n|switch|p2a: Gallade|Gallade, M|100\/100\n|-damage|p1b: Arctozolt|76\/100|[from] Stealth Rock\n|-ability|p2b: Ogerpon|Mold Breaker\n|turn|5\n|\n|t:|1697775895\n|move|p1b: Arctozolt|Rock Slide|p2a: Gallade|[spread] p2a,p2b\n|-resisted|p2a: Gallade\n|-supereffective|p2b: Ogerpon\n|-damage|p2a: Gallade|81\/100\n|-damage|p2b: Ogerpon|50\/100\n|-damage|p1b: Arctozolt|66\/100|[from] item: Life Orb\n|move|p2b: Ogerpon|Swords Dance|p2b: Ogerpon\n|-boost|p2b: Ogerpon|atk|2\n|move|p1a: Elsa|Dazzling Gleam|p2b: Ogerpon|[spread] p2a,p2b\n|-supereffective|p2a: Gallade\n|-resisted|p2b: Ogerpon\n|-damage|p2a: Gallade|29\/100\n|-damage|p2b: Ogerpon|35\/100\n|move|p2a: Gallade|Agility|p2a: Gallade\n|-boost|p2a: Gallade|spe|2\n|\n|-weather|none\n|upkeep\n|turn|6\n|inactive|Brick_Enjoyer_144 has 120 seconds left.\n|\n|t:|1697775930\n|switch|p1a: Mama Bear|Abomasnow, F|100\/100\n|-damage|p1a: Mama Bear|75\/100|[from] Stealth Rock\n|-weather|Snow|[from] ability: Snow Warning|[of] p1a: Mama Bear\n|move|p2a: Gallade|Psycho Cut|p1a: Mama Bear\n|-damage|p1a: Mama Bear|36\/100\n|-damage|p2a: Gallade|20\/100|[from] item: Life Orb\n|move|p1b: Arctozolt|Rock Slide|p2b: Ogerpon|[spread] p2a,p2b\n|-resisted|p2a: Gallade\n|-supereffective|p2b: Ogerpon\n|-damage|p2a: Gallade|2\/100\n|-damage|p2b: Ogerpon|0 fnt\n|faint|p2b: Ogerpon\n|-damage|p1b: Arctozolt|56\/100|[from] item: Life Orb\n|\n|-weather|Snow|[upkeep]\n|upkeep\n|inactive|Brick_Enjoyer_144 has 120 seconds left.\n|\n|t:|1697775943\n|switch|p2b: Urshifu|Urshifu-Rapid-Strike, F|100\/100\n|turn|7\n|inactive|Brick_Enjoyer_144 has 120 seconds left.\n|\n|t:|1697775964\n|move|p1a: Mama Bear|Ice Shard|p2a: Gallade\n|-damage|p2a: Gallade|0 fnt\n|faint|p2a: Gallade\n|move|p1b: Arctozolt|Bolt Beak|p2b: Urshifu\n|-supereffective|p2b: Urshifu\n|-damage|p2b: Urshifu|0 fnt\n|faint|p2b: Urshifu\n|-damage|p1b: Arctozolt|46\/100|[from] item: Life Orb\n|\n|win|Trietceratops\n|raw|Trietceratops's rating: 1271 &rarr; <strong>1283<\/strong><br \/>(+12 for winning)\n|raw|Brick_Enjoyer_144's rating: 1078 &rarr; <strong>1067<\/strong><br \/>(-11 for losing)\n","uploadtime":1697775975,"views":12,"p1id":"trietceratops","p2id":"brickenjoyer144","formatid":"gen9nationaldexdoubles","rating":1067,"private":0,"password":""}