{"id":"gen9nationaldexdoubles-1958230218","p1":"snowfleir","p2":"XiuKaiMeiLiZhi","format":"[Gen 9] National Dex Doubles","log":"|j|\u2606snowfleir\n|j|\u2606XiuKaiMeiLiZhi\n|t:|1696300461\n|gametype|doubles\n|player|p1|snowfleir|102|1170\n|player|p2|XiuKaiMeiLiZhi|emmet|1036\n|teamsize|p1|6\n|teamsize|p2|6\n|gen|9\n|tier|[Gen 9] National Dex Doubles\n|rated|\n|rule|HP Percentage Mod: HP is shown in percentages\n|rule|Endless Battle Clause: Forcing endless battles is banned\n|rule|OHKO Clause: OHKO moves are banned\n|rule|Evasion Moves Clause: Evasion moves are banned\n|rule|Evasion Abilities Clause: Evasion abilities are banned\n|rule|Species Clause: Limit one of each Pok\u00e9mon\n|rule|Gravity Sleep Clause: The combination of sleep-inducing moves with imperfect accuracy and Gravity or Gigantamax Orbeetle are banned\n|clearpoke\n|poke|p1|Garchomp, F|\n|poke|p1|Dragapult, M|\n|poke|p1|Clodsire, M|\n|poke|p1|Blissey, F|\n|poke|p1|Zoroark-Hisui, F|\n|poke|p1|Ninetales-Alola, F|\n|poke|p2|Regigigas|\n|poke|p2|Medicham, F|\n|poke|p2|Pidgeot, F|\n|poke|p2|Indeedee-F, F|\n|poke|p2|Smeargle, F|\n|poke|p2|Ursaluna-Bloodmoon, M|\n|teampreview\n|\n|t:|1696300475\n|start\n|switch|p1a: Chocorana|Clodsire, M|100\/100\n|switch|p1b: Ninetales|Ninetales-Alola, F|100\/100\n|switch|p2a: \u5c0f\u5fc3\u6211mega\u79d2\u4f60\u5168\u961f|Medicham, F|100\/100\n|switch|p2b: \u6162\u542f\u52a8P\u7528\u6ca1\u6709\u5927\u9a6c\u6876|Regigigas|100\/100\n|-weather|Snow|[from] ability: Snow Warning|[of] p1b: Ninetales\n|-start|p2b: \u6162\u542f\u52a8P\u7528\u6ca1\u6709\u5927\u9a6c\u6876|ability: Slow Start\n|turn|1\n|\n|t:|1696300500\n|move|p2a: \u5c0f\u5fc3\u6211mega\u79d2\u4f60\u5168\u961f|Skill Swap|p2b: \u6162\u542f\u52a8P\u7528\u6ca1\u6709\u5927\u9a6c\u6876\n|-activate|p2a: \u5c0f\u5fc3\u6211mega\u79d2\u4f60\u5168\u961f|move: Skill Swap|||[of] p2b: \u6162\u542f\u52a8P\u7528\u6ca1\u6709\u5927\u9a6c\u6876\n|-end|p2b: \u6162\u542f\u52a8P\u7528\u6ca1\u6709\u5927\u9a6c\u6876|Slow Start|[silent]\n|-start|p2a: \u5c0f\u5fc3\u6211mega\u79d2\u4f60\u5168\u961f|ability: Slow Start\n|move|p1b: Ninetales|Aurora Veil|p1b: Ninetales\n|-sidestart|p1: snowfleir|move: Aurora Veil\n|move|p2b: \u6162\u542f\u52a8P\u7528\u6ca1\u6709\u5927\u9a6c\u6876|Frustration|p1b: Ninetales\n|-damage|p1b: Ninetales|27\/100\n|move|p1a: Chocorana|Toxic Spikes|p2a: \u5c0f\u5fc3\u6211mega\u79d2\u4f60\u5168\u961f\n|-sidestart|p2: XiuKaiMeiLiZhi|move: Toxic Spikes\n|\n|-weather|Snow|[upkeep]\n|upkeep\n|turn|2\n|\n|t:|1696300523\n|move|p1b: Ninetales|Dazzling Gleam|p2a: \u5c0f\u5fc3\u6211mega\u79d2\u4f60\u5168\u961f|[spread] p2a,p2b\n|-supereffective|p2a: \u5c0f\u5fc3\u6211mega\u79d2\u4f60\u5168\u961f\n|-damage|p2a: \u5c0f\u5fc3\u6211mega\u79d2\u4f60\u5168\u961f|42\/100\n|-damage|p2b: \u6162\u542f\u52a8P\u7528\u6ca1\u6709\u5927\u9a6c\u6876|89\/100\n|move|p2b: \u6162\u542f\u52a8P\u7528\u6ca1\u6709\u5927\u9a6c\u6876|Frustration|p1b: Ninetales\n|-damage|p1b: Ninetales|0 fnt\n|faint|p1b: Ninetales\n|move|p2a: \u5c0f\u5fc3\u6211mega\u79d2\u4f60\u5168\u961f|Skill Swap|p1a: Chocorana\n|-activate|p2a: \u5c0f\u5fc3\u6211mega\u79d2\u4f60\u5168\u961f|move: Skill Swap|Water Absorb|Slow Start|[of] p1a: Chocorana\n|-end|p2a: \u5c0f\u5fc3\u6211mega\u79d2\u4f60\u5168\u961f|Slow Start|[silent]\n|-start|p1a: Chocorana|ability: Slow Start\n|move|p1a: Chocorana|Toxic|p2b: \u6162\u542f\u52a8P\u7528\u6ca1\u6709\u5927\u9a6c\u6876\n|-status|p2b: \u6162\u542f\u52a8P\u7528\u6ca1\u6709\u5927\u9a6c\u6876|tox\n|\n|-weather|Snow|[upkeep]\n|-damage|p2b: \u6162\u542f\u52a8P\u7528\u6ca1\u6709\u5927\u9a6c\u6876|82\/100 tox|[from] psn\n|upkeep\n|\n|t:|1696300549\n|switch|p1b: Blissey|Blissey, F|100\/100\n|turn|3\n|\n|t:|1696300559\n|switch|p2a: \u4e0d\u81ea\u6740\u9e1f|Pidgeot, F|100\/100\n|move|p2b: \u6162\u542f\u52a8P\u7528\u6ca1\u6709\u5927\u9a6c\u6876|Darkest Lariat|p1b: Blissey\n|-damage|p1b: Blissey|65\/100\n|move|p1b: Blissey|Calm Mind|p1b: Blissey\n|-boost|p1b: Blissey|spa|1\n|-boost|p1b: Blissey|spd|1\n|move|p1a: Chocorana|Toxic|p2a: \u4e0d\u81ea\u6740\u9e1f\n|-status|p2a: \u4e0d\u81ea\u6740\u9e1f|tox\n|\n|-weather|Snow|[upkeep]\n|-heal|p1b: Blissey|72\/100|[from] item: Leftovers\n|-damage|p2a: \u4e0d\u81ea\u6740\u9e1f|94\/100 tox|[from] psn\n|-damage|p2b: \u6162\u542f\u52a8P\u7528\u6ca1\u6709\u5927\u9a6c\u6876|70\/100 tox|[from] psn\n|upkeep\n|turn|4\n|\n|t:|1696300584\n|detailschange|p2a: \u4e0d\u81ea\u6740\u9e1f|Pidgeot-Mega, F\n|-mega|p2a: \u4e0d\u81ea\u6740\u9e1f|Pidgeot|Pidgeotite\n|move|p2a: \u4e0d\u81ea\u6740\u9e1f|Hurricane|p1a: Chocorana\n|-damage|p1a: Chocorana|78\/100\n|move|p2b: \u6162\u542f\u52a8P\u7528\u6ca1\u6709\u5927\u9a6c\u6876|Drain Punch|p1b: Blissey\n|-supereffective|p1b: Blissey\n|-damage|p1b: Blissey|13\/100\n|-heal|p2b: \u6162\u542f\u52a8P\u7528\u6ca1\u6709\u5927\u9a6c\u6876|100\/100 tox|[from] drain|[of] p1b: Blissey\n|move|p1b: Blissey|Calm Mind|p1b: Blissey\n|-boost|p1b: Blissey|spa|1\n|-boost|p1b: Blissey|spd|1\n|move|p1a: Chocorana|Earthquake|p2a: \u4e0d\u81ea\u6740\u9e1f|[spread] p1b,p2b\n|-immune|p2a: \u4e0d\u81ea\u6740\u9e1f\n|-crit|p2b: \u6162\u542f\u52a8P\u7528\u6ca1\u6709\u5927\u9a6c\u6876\n|-damage|p1b: Blissey|6\/100\n|-damage|p2b: \u6162\u542f\u52a8P\u7528\u6ca1\u6709\u5927\u9a6c\u6876|88\/100 tox\n|\n|-weather|Snow|[upkeep]\n|-heal|p1b: Blissey|13\/100|[from] item: Leftovers\n|-damage|p2a: \u4e0d\u81ea\u6740\u9e1f|82\/100 tox|[from] psn\n|-damage|p2b: \u6162\u542f\u52a8P\u7528\u6ca1\u6709\u5927\u9a6c\u6876|70\/100 tox|[from] psn\n|upkeep\n|turn|5\n|\n|t:|1696300618\n|move|p2a: \u4e0d\u81ea\u6740\u9e1f|Tailwind|p2a: \u4e0d\u81ea\u6740\u9e1f\n|-sidestart|p2: XiuKaiMeiLiZhi|move: Tailwind\n|move|p2b: \u6162\u542f\u52a8P\u7528\u6ca1\u6709\u5927\u9a6c\u6876|Drain Punch|p1b: Blissey\n|-supereffective|p1b: Blissey\n|-damage|p1b: Blissey|0 fnt\n|-heal|p2b: \u6162\u542f\u52a8P\u7528\u6ca1\u6709\u5927\u9a6c\u6876|80\/100 tox|[from] drain|[of] p1b: Blissey\n|faint|p1b: Blissey\n|move|p1a: Chocorana|Earthquake|p2b: \u6162\u542f\u52a8P\u7528\u6ca1\u6709\u5927\u9a6c\u6876|[spread] p2b\n|-immune|p2a: \u4e0d\u81ea\u6740\u9e1f\n|-damage|p2b: \u6162\u542f\u52a8P\u7528\u6ca1\u6709\u5927\u9a6c\u6876|73\/100 tox\n|\n|-weather|none\n|-damage|p2a: \u4e0d\u81ea\u6740\u9e1f|63\/100 tox|[from] psn\n|-damage|p2b: \u6162\u542f\u52a8P\u7528\u6ca1\u6709\u5927\u9a6c\u6876|48\/100 tox|[from] psn\n|-sideend|p1: snowfleir|move: Aurora Veil\n|upkeep\n|\n|t:|1696300640\n|switch|p1b: Garchomp|Garchomp, F|100\/100\n|turn|6\n|\n|t:|1696300657\n|detailschange|p1b: Garchomp|Garchomp-Mega, F\n|-mega|p1b: Garchomp|Garchomp|Garchompite\n|move|p2a: \u4e0d\u81ea\u6740\u9e1f|Hurricane|p1b: Garchomp\n|-damage|p1b: Garchomp|39\/100\n|move|p2b: \u6162\u542f\u52a8P\u7528\u6ca1\u6709\u5927\u9a6c\u6876|Darkest Lariat|p1b: Garchomp\n|-damage|p1b: Garchomp|0 fnt\n|faint|p1b: Garchomp\n|move|p1a: Chocorana|Earthquake|p2a: \u4e0d\u81ea\u6740\u9e1f|[spread] p2b\n|-immune|p2a: \u4e0d\u81ea\u6740\u9e1f\n|-damage|p2b: \u6162\u542f\u52a8P\u7528\u6ca1\u6709\u5927\u9a6c\u6876|40\/100 tox\n|\n|-damage|p2a: \u4e0d\u81ea\u6740\u9e1f|39\/100 tox|[from] psn\n|-damage|p2b: \u6162\u542f\u52a8P\u7528\u6ca1\u6709\u5927\u9a6c\u6876|9\/100 tox|[from] psn\n|-end|p1a: Chocorana|Slow Start\n|upkeep\n|\n|t:|1696300672\n|switch|p1b: Dragapult|Dragapult, M|100\/100\n|turn|7\n|\n|t:|1696300694\n|move|p1a: Chocorana|Protect|p1a: Chocorana\n|-singleturn|p1a: Chocorana|Protect\n|move|p2a: \u4e0d\u81ea\u6740\u9e1f|Heat Wave|p1a: Chocorana|[spread] p1b\n|-activate|p1a: Chocorana|move: Protect\n|-damage|p1b: Dragapult|46\/100\n|replace|p1b: Espumita|Zoroark-Hisui, F\n|-end|p1b: Espumita|Illusion\n|move|p2b: \u6162\u542f\u52a8P\u7528\u6ca1\u6709\u5927\u9a6c\u6876|Darkest Lariat|p1b: Espumita\n|-supereffective|p1b: Espumita\n|-crit|p1b: Espumita\n|-damage|p1b: Espumita|0 fnt\n|faint|p1b: Espumita\n|\n|-damage|p2a: \u4e0d\u81ea\u6740\u9e1f|8\/100 tox|[from] psn\n|-damage|p2b: \u6162\u542f\u52a8P\u7528\u6ca1\u6709\u5927\u9a6c\u6876|0 fnt|[from] psn\n|faint|p2b: \u6162\u542f\u52a8P\u7528\u6ca1\u6709\u5927\u9a6c\u6876\n|upkeep\n|\n|t:|1696300709\n|switch|p1b: Dragapult|Dragapult, M|100\/100\n|switch|p2b: \u6562\u653e\u7a7a\u95f4\u5c31\u5f97\u6b7b|Indeedee-F, F|100\/100\n|-status|p2b: \u6562\u653e\u7a7a\u95f4\u5c31\u5f97\u6b7b|psn\n|-fieldstart|move: Psychic Terrain|[from] ability: Psychic Surge|[of] p2b: \u6562\u653e\u7a7a\u95f4\u5c31\u5f97\u6b7b\n|turn|8\n|\n|t:|1696300729\n|move|p2a: \u4e0d\u81ea\u6740\u9e1f|Hurricane|p1b: Dragapult\n|-crit|p1b: Dragapult\n|-damage|p1b: Dragapult|0 fnt\n|faint|p1b: Dragapult\n|-zpower|p2b: \u6562\u653e\u7a7a\u95f4\u5c31\u5f97\u6b7b\n|move|p2b: \u6562\u653e\u7a7a\u95f4\u5c31\u5f97\u6b7b|Z-Psycho Shift|p1a: Chocorana|[anim]Psycho Shift\n|-boost|p2b: \u6562\u653e\u7a7a\u95f4\u5c31\u5f97\u6b7b|spa|2|[zeffect]\n|-immune|p1a: Chocorana\n|move|p1a: Chocorana|Earthquake|p2b: \u6562\u653e\u7a7a\u95f4\u5c31\u5f97\u6b7b|[spread] p2b\n|-immune|p2a: \u4e0d\u81ea\u6740\u9e1f\n|-damage|p2b: \u6562\u653e\u7a7a\u95f4\u5c31\u5f97\u6b7b|80\/100 psn\n|\n|-damage|p2a: \u4e0d\u81ea\u6740\u9e1f|0 fnt|[from] psn\n|faint|p2a: \u4e0d\u81ea\u6740\u9e1f\n|-damage|p2b: \u6562\u653e\u7a7a\u95f4\u5c31\u5f97\u6b7b|68\/100 psn|[from] psn\n|-sideend|p2: XiuKaiMeiLiZhi|move: Tailwind\n|upkeep\n|\n|t:|1696300744\n|switch|p2a: \u5c0f\u5fc3\u6211mega\u79d2\u4f60\u5168\u961f|Medicham, F|42\/100\n|-status|p2a: \u5c0f\u5fc3\u6211mega\u79d2\u4f60\u5168\u961f|psn\n|turn|9\n|\n|t:|1696300752\n|move|p1a: Chocorana|Protect|p1a: Chocorana\n|-singleturn|p1a: Chocorana|Protect\n|move|p2a: \u5c0f\u5fc3\u6211mega\u79d2\u4f60\u5168\u961f|Acupressure|p2b: \u6562\u653e\u7a7a\u95f4\u5c31\u5f97\u6b7b\n|-boost|p2b: \u6562\u653e\u7a7a\u95f4\u5c31\u5f97\u6b7b|spa|2\n|move|p2b: \u6562\u653e\u7a7a\u95f4\u5c31\u5f97\u6b7b|Baton Pass|p2b: \u6562\u653e\u7a7a\u95f4\u5c31\u5f97\u6b7b\n|\n|t:|1696300758\n|switch|p2b: \u6211\u8d85\u6d77\u76d7\u72d7\u554a\u4e0d\u718a|Ursaluna-Bloodmoon, M|100\/100|[from] Baton Pass\n|-status|p2b: \u6211\u8d85\u6d77\u76d7\u72d7\u554a\u4e0d\u718a|psn\n|\n|-damage|p2a: \u5c0f\u5fc3\u6211mega\u79d2\u4f60\u5168\u961f|30\/100 psn|[from] psn\n|-damage|p2b: \u6211\u8d85\u6d77\u76d7\u72d7\u554a\u4e0d\u718a|88\/100 psn|[from] psn\n|upkeep\n|turn|10\n|\n|t:|1696300769\n|move|p2a: \u5c0f\u5fc3\u6211mega\u79d2\u4f60\u5168\u961f|Acupressure|p2b: \u6211\u8d85\u6d77\u76d7\u72d7\u554a\u4e0d\u718a\n|-boost|p2b: \u6211\u8d85\u6d77\u76d7\u72d7\u554a\u4e0d\u718a|spd|2\n|move|p2b: \u6211\u8d85\u6d77\u76d7\u72d7\u554a\u4e0d\u718a|Blood Moon|p1a: Chocorana\n|-damage|p1a: Chocorana|0 fnt\n|faint|p1a: Chocorana\n|-end|p1a: Chocorana|Slow Start|[silent]\n|\n|win|XiuKaiMeiLiZhi\n|raw|snowfleir's rating: 1170 &rarr; <strong>1136<\/strong><br \/>(-34 for losing)\n|raw|XiuKaiMeiLiZhi's rating: 1036 &rarr; <strong>1083<\/strong><br \/>(+47 for winning)\n|l|\u2606snowfleir\n","uploadtime":1696300778,"views":19,"p1id":"snowfleir","p2id":"xiukaimeilizhi","formatid":"gen9nationaldexdoubles","rating":1083,"private":0,"password":""}