{"id":"gen9nationaldexdoubles-1969835376","p1":"OEEM67","p2":"Gatita golosa 123","format":"[Gen 9] National Dex Doubles","log":"|j|\u2606OEEM67\n|j|\u2606Gatita golosa 123\n|t:|1697569025\n|gametype|doubles\n|player|p1|OEEM67|lady-gen4|\n|player|p2|Gatita golosa 123|pokekid|\n|teamsize|p1|6\n|teamsize|p2|6\n|gen|9\n|tier|[Gen 9] National Dex Doubles\n|rule|HP Percentage Mod: HP is shown in percentages\n|rule|Endless Battle Clause: Forcing endless battles is banned\n|rule|OHKO Clause: OHKO moves are banned\n|rule|Evasion Moves Clause: Evasion moves are banned\n|rule|Evasion Abilities Clause: Evasion abilities are banned\n|rule|Species Clause: Limit one of each Pok\u00e9mon\n|rule|Gravity Sleep Clause: The combination of sleep-inducing moves with imperfect accuracy and Gravity or Gigantamax Orbeetle are banned\n|clearpoke\n|poke|p1|Gardevoir, F|\n|poke|p1|Florges-Blue, F|\n|poke|p1|Aurorus, M|\n|poke|p1|Hawlucha, F|\n|poke|p1|Goodra-Hisui, F|\n|poke|p1|Gourgeist-*, M|\n|poke|p2|Zygarde|\n|poke|p2|Hippowdon, M|\n|poke|p2|Mamoswine, F|\n|poke|p2|Goodra, F|\n|poke|p2|Lapras, F|\n|poke|p2|Trevenant, F|\n|teampreview\n|c|\u2606Gatita golosa 123|Buena suerte pa\n|\n|t:|1697569068\n|start\n|switch|p1a: Aurora|Aurorus, M, shiny|100\/100\n|switch|p1b: Dino|Goodra-Hisui, F|100\/100\n|switch|p2a: Muelitas|Hippowdon, M|100\/100\n|switch|p2b: Lepras|Lapras, F|100\/100\n|-weather|Snow|[from] ability: Snow Warning|[of] p1a: Aurora\n|-weather|Sandstorm|[from] ability: Sand Stream|[of] p2a: Muelitas\n|turn|1\n|\n|t:|1697569085\n|move|p2b: Lepras|Toxic|p1a: Aurora\n|-status|p1a: Aurora|tox\n|move|p1b: Dino|Muddy Water|p2b: Lepras|[spread] p2a\n|-immune|p2b: Lepras|[from] ability: Water Absorb\n|-supereffective|p2a: Muelitas\n|-damage|p2a: Muelitas|51\/100\n|move|p1a: Aurora|Aurora Veil||[still]\n|-fail|p1a: Aurora\n|move|p2a: Muelitas|Whirlwind|p1b: Dino\n|drag|p1b: Gardevoir|Gardevoir, F|100\/100\n|\n|-weather|Sandstorm|[upkeep]\n|-damage|p1b: Gardevoir|94\/100|[from] Sandstorm\n|-damage|p2b: Lepras|94\/100|[from] Sandstorm\n|-heal|p2b: Lepras|100\/100|[from] item: Leftovers\n|-damage|p1a: Aurora|94\/100 tox|[from] psn\n|upkeep\n|turn|2\n|l|\u2606Gatita golosa 123\n|player|p2|\n|j|\u2606Gatita golosa 123\n|player|p2|Gatita golosa 123|pokekid\n|\n|t:|1697569143\n|switch|p1a: Flora|Florges-Blue, F|100\/100\n|detailschange|p1b: Gardevoir|Gardevoir-Mega, F\n|-mega|p1b: Gardevoir|Gardevoir|Gardevoirite\n|move|p1b: Gardevoir|Psychic|p2a: Muelitas\n|-damage|p2a: Muelitas|0 fnt\n|faint|p2a: Muelitas\n|move|p2b: Lepras|Toxic|p1b: Gardevoir\n|-status|p1b: Gardevoir|tox\n|\n|-weather|Sandstorm|[upkeep]\n|-damage|p1b: Gardevoir|88\/100 tox|[from] Sandstorm\n|-damage|p1a: Flora|94\/100|[from] Sandstorm\n|-damage|p2b: Lepras|94\/100|[from] Sandstorm\n|-heal|p2b: Lepras|100\/100|[from] item: Leftovers\n|-damage|p1b: Gardevoir|82\/100 tox|[from] psn\n|upkeep\n|\n|t:|1697569157\n|switch|p2a: Trevenant|Trevenant, F|100\/100\n|-item|p1a: Flora|Sitrus Berry|[from] ability: Frisk|[of] p2a: Trevenant|[identify]\n|-item|p1b: Gardevoir|Gardevoirite|[from] ability: Frisk|[of] p2a: Trevenant|[identify]\n|turn|3\n|\n|t:|1697569187\n|switch|p1b: Aurora|Aurorus, M, shiny|94\/100 tox\n|-weather|Snow|[from] ability: Snow Warning|[of] p1b: Aurora\n|-zpower|p2a: Trevenant\n|move|p2a: Trevenant|Z-Forest's Curse|p1a: Flora|[anim]Forest's Curse\n|-boost|p2a: Trevenant|atk|1|[zeffect]\n|-boost|p2a: Trevenant|def|1|[zeffect]\n|-boost|p2a: Trevenant|spa|1|[zeffect]\n|-boost|p2a: Trevenant|spd|1|[zeffect]\n|-boost|p2a: Trevenant|spe|1|[zeffect]\n|-start|p1a: Flora|typeadd|Grass|[from] move: Forest's Curse\n|move|p1a: Flora|Wish|p1a: Flora\n|move|p2b: Lepras|Toxic|p1a: Flora\n|-status|p1a: Flora|tox\n|\n|-weather|Snow|[upkeep]\n|-heal|p1b: Aurora|100\/100 tox|[from] item: Leftovers\n|-damage|p1a: Flora|88\/100 tox|[from] psn\n|-damage|p1b: Aurora|94\/100 tox|[from] psn\n|upkeep\n|turn|4\n|\n|t:|1697569212\n|move|p2a: Trevenant|Drain Punch|p1b: Aurora\n|-supereffective|p1b: Aurora\n|-damage|p1b: Aurora|22\/100 tox\n|move|p1a: Flora|Toxic|p2a: Trevenant\n|-status|p2a: Trevenant|tox\n|move|p2b: Lepras|Weather Ball|p1a: Flora\n|-supereffective|p1a: Flora\n|-damage|p1a: Flora|52\/100 tox\n|move|p1b: Aurora|Aurora Veil|p1b: Aurora\n|-sidestart|p1: OEEM67|move: Aurora Veil\n|\n|-weather|Snow|[upkeep]\n|-heal|p1a: Flora|100\/100 tox|[from] move: Wish|[wisher] Flora\n|-heal|p1b: Aurora|29\/100 tox|[from] item: Leftovers\n|-damage|p2a: Trevenant|94\/100 tox|[from] psn\n|-damage|p1a: Flora|88\/100 tox|[from] psn\n|-damage|p1b: Aurora|16\/100 tox|[from] psn\n|upkeep\n|turn|5\n|\n|t:|1697569240\n|switch|p1b: Dino|Goodra-Hisui, F|100\/100\n|move|p2a: Trevenant|Trailblaze|p1b: Dino\n|-ability|p1b: Dino|Sap Sipper|boost\n|-boost|p1b: Dino|atk|1\n|move|p1a: Flora|Dazzling Gleam|p2a: Trevenant|[spread] p2a,p2b\n|-damage|p2a: Trevenant|74\/100 tox\n|-damage|p2b: Lepras|87\/100\n|move|p2b: Lepras|Weather Ball|p1a: Flora\n|-supereffective|p1a: Flora\n|-damage|p1a: Flora|63\/100 tox\n|\n|-weather|Snow|[upkeep]\n|-heal|p2b: Lepras|94\/100|[from] item: Leftovers\n|-damage|p2a: Trevenant|62\/100 tox|[from] psn\n|-damage|p1a: Flora|44\/100 tox|[from] psn\n|upkeep\n|-enditem|p1a: Flora|Sitrus Berry|[eat]\n|-heal|p1a: Flora|69\/100 tox|[from] item: Sitrus Berry\n|turn|6\n|\n|t:|1697569261\n|move|p2a: Trevenant|Poison Jab|p1a: Flora\n|-supereffective|p1a: Flora\n|-damage|p1a: Flora|0 fnt\n|faint|p1a: Flora\n|-zpower|p1b: Dino\n|move|p1b: Dino|Devastating Drake|p2a: Trevenant|[zeffect]\n|-damage|p2a: Trevenant|0 fnt\n|faint|p2a: Trevenant\n|move|p2b: Lepras|Weather Ball|p1b: Dino\n|-damage|p1b: Dino|85\/100\n|\n|-weather|Snow|[upkeep]\n|-heal|p2b: Lepras|99\/100|[from] item: Leftovers\n|upkeep\n|\n|t:|1697569279\n|switch|p2a: Mamadaswine|Mamoswine, F|100\/100\n|switch|p1a: Pochi|Hawlucha, F|100\/100\n|turn|7\n|\n|t:|1697569292\n|move|p2a: Mamadaswine|Icicle Crash|p1a: Pochi\n|-supereffective|p1a: Pochi\n|-damage|p1a: Pochi|11\/100\n|cant|p1a: Pochi|flinch\n|move|p2b: Lepras|Weather Ball|p1a: Pochi\n|-supereffective|p1a: Pochi\n|-damage|p1a: Pochi|0 fnt\n|faint|p1a: Pochi\n|move|p1b: Dino|Muddy Water|p2b: Lepras|[spread] \n|-heal|p2b: Lepras|100\/100|[from] ability: Water Absorb|[of] p1b: Dino\n|-miss|p1b: Dino|p2a: Mamadaswine\n|\n|-weather|none\n|upkeep\n|\n|t:|1697569309\n|switch|p1a: Gardevoir|Gardevoir-Mega, F|82\/100 tox\n|turn|8\n|\n|t:|1697569332\n|move|p2a: Mamadaswine|Icicle Crash|p1a: Gardevoir\n|-damage|p1a: Gardevoir|26\/100 tox\n|move|p1a: Gardevoir|Calm Mind|p1a: Gardevoir\n|-boost|p1a: Gardevoir|spa|1\n|-boost|p1a: Gardevoir|spd|1\n|move|p2b: Lepras|Freeze-Dry|p1a: Gardevoir\n|-damage|p1a: Gardevoir|16\/100 tox\n|move|p1b: Dino|Dragon Pulse|p2a: Mamadaswine\n|-damage|p2a: Mamadaswine|41\/100\n|\n|-damage|p1a: Gardevoir|10\/100 tox|[from] psn\n|-sideend|p1: OEEM67|move: Aurora Veil\n|upkeep\n|turn|9\n|\n|t:|1697569352\n|switch|p2a: GODra|Goodra, F|100\/100\n|move|p1a: Gardevoir|Aura Sphere|p2b: Lepras\n|-supereffective|p2b: Lepras\n|-damage|p2b: Lepras|42\/100\n|move|p1b: Dino|Dragon Pulse|p2a: GODra\n|-supereffective|p2a: GODra\n|-crit|p2a: GODra\n|-damage|p2a: GODra|59\/100\n|move|p2b: Lepras|Freeze-Dry|p1a: Gardevoir\n|-damage|p1a: Gardevoir|0 fnt\n|faint|p1a: Gardevoir\n|\n|-heal|p2b: Lepras|49\/100|[from] item: Leftovers\n|upkeep\n|\n|t:|1697569366\n|switch|p1a: Aurora|Aurorus, M, shiny|16\/100 tox\n|-weather|Snow|[from] ability: Snow Warning|[of] p1a: Aurora\n|turn|10\n|\n|t:|1697569390\n|move|p2a: GODra|Flamethrower|p1b: Dino\n|-damage|p1b: Dino|67\/100\n|move|p1b: Dino|Dragon Pulse|p2a: GODra\n|-supereffective|p2a: GODra\n|-damage|p2a: GODra|31\/100\n|move|p2b: Lepras|Weather Ball|p1b: Dino\n|-damage|p1b: Dino|42\/100\n|move|p1a: Aurora|Aurora Veil|p1a: Aurora\n|-sidestart|p1: OEEM67|move: Aurora Veil\n|\n|-weather|Snow|[upkeep]\n|-heal|p2b: Lepras|55\/100|[from] item: Leftovers\n|-heal|p1a: Aurora|22\/100 tox|[from] item: Leftovers\n|-damage|p1a: Aurora|16\/100 tox|[from] psn\n|upkeep\n|turn|11\n|\n|t:|1697569411\n|move|p2a: GODra|Flamethrower|p1b: Dino\n|-damage|p1b: Dino|29\/100\n|move|p2b: Lepras|Weather Ball|p1a: Aurora\n|-resisted|p1a: Aurora\n|-damage|p1a: Aurora|8\/100 tox\n|move|p1b: Dino|Dragon Pulse|p2a: GODra\n|-supereffective|p2a: GODra\n|-damage|p2a: GODra|4\/100\n|move|p1a: Aurora|Freeze-Dry|p2b: Lepras\n|-damage|p2b: Lepras|41\/100\n|\n|-weather|Snow|[upkeep]\n|-heal|p2b: Lepras|47\/100|[from] item: Leftovers\n|-heal|p1a: Aurora|15\/100 tox|[from] item: Leftovers\n|-damage|p1a: Aurora|2\/100 tox|[from] psn\n|upkeep\n|turn|12\n|\n|t:|1697569432\n|switch|p1a: Halloween|Gourgeist-Large, M|100\/100\n|move|p2a: GODra|Flamethrower|p1b: Dino\n|-damage|p1b: Dino|17\/100\n|-status|p1b: Dino|brn\n|move|p1b: Dino|Ice Beam|p2a: GODra\n|-supereffective|p2a: GODra\n|-damage|p2a: GODra|0 fnt\n|faint|p2a: GODra\n|move|p2b: Lepras|Weather Ball|p1a: Halloween\n|-supereffective|p1a: Halloween\n|-damage|p1a: Halloween|67\/100\n|\n|-weather|Snow|[upkeep]\n|-heal|p1a: Halloween|74\/100|[from] item: Leftovers\n|-heal|p2b: Lepras|53\/100|[from] item: Leftovers\n|-damage|p1b: Dino|11\/100 brn|[from] brn\n|upkeep\n|\n|t:|1697569445\n|switch|p2a: Mamadaswine|Mamoswine, F|41\/100\n|turn|13\n|\n|t:|1697569461\n|move|p2a: Mamadaswine|Icicle Crash|p1a: Halloween\n|-supereffective|p1a: Halloween\n|-damage|p1a: Halloween|27\/100\n|move|p1b: Dino|Dragon Pulse|p2a: Mamadaswine\n|-damage|p2a: Mamadaswine|0 fnt\n|faint|p2a: Mamadaswine\n|move|p1a: Halloween|Leech Seed|p2b: Lepras\n|-start|p2b: Lepras|move: Leech Seed\n|move|p2b: Lepras|Toxic|p1a: Halloween\n|-status|p1a: Halloween|tox\n|\n|-weather|Snow|[upkeep]\n|-heal|p2b: Lepras|59\/100|[from] item: Leftovers\n|-heal|p1a: Halloween|34\/100 tox|[from] item: Leftovers\n|-damage|p2b: Lepras|47\/100|[from] Leech Seed|[of] p1a: Halloween\n|-heal|p1a: Halloween|50\/100 tox|[silent]\n|-damage|p1a: Halloween|44\/100 tox|[from] psn\n|-damage|p1b: Dino|5\/100 brn|[from] brn\n|upkeep\n|\n|t:|1697569477\n|switch|p2a: Blandito|Zygarde|100\/100\n|-ability|p2a: Blandito|Aura Break\n|turn|14\n|\n|t:|1697569498\n|move|p2a: Blandito|Dragon Dance|p2a: Blandito\n|-boost|p2a: Blandito|atk|1\n|-boost|p2a: Blandito|spe|1\n|move|p2b: Lepras|Weather Ball|p1a: Halloween\n|-supereffective|p1a: Halloween\n|-damage|p1a: Halloween|11\/100 tox\n|move|p1a: Halloween|Toxic|p2a: Blandito\n|-status|p2a: Blandito|tox\n|move|p1b: Dino|Ice Beam|p2a: Blandito\n|-supereffective|p2a: Blandito\n|-damage|p2a: Blandito|0 fnt\n|faint|p2a: Blandito\n|\n|-weather|none\n|-heal|p2b: Lepras|53\/100|[from] item: Leftovers\n|-heal|p1a: Halloween|17\/100 tox|[from] item: Leftovers\n|-damage|p2b: Lepras|41\/100|[from] Leech Seed|[of] p1a: Halloween\n|-heal|p1a: Halloween|33\/100 tox|[silent]\n|-damage|p1a: Halloween|21\/100 tox|[from] psn\n|-damage|p1b: Dino|0 fnt|[from] brn\n|faint|p1b: Dino\n|-sideend|p1: OEEM67|move: Aurora Veil\n|upkeep\n|\n|t:|1697569522\n|switch|p1b: Aurora|Aurorus, M, shiny|2\/100 tox\n|-weather|Snow|[from] ability: Snow Warning|[of] p1b: Aurora\n|turn|15\n|\n|t:|1697569544\n|move|p2b: Lepras|Weather Ball|p1a: Halloween\n|-supereffective|p1a: Halloween\n|-damage|p1a: Halloween|0 fnt\n|faint|p1a: Halloween\n|move|p1b: Aurora|Freeze-Dry|p2b: Lepras\n|-damage|p2b: Lepras|27\/100\n|\n|-weather|Snow|[upkeep]\n|-heal|p2b: Lepras|33\/100|[from] item: Leftovers\n|-heal|p1b: Aurora|8\/100 tox|[from] item: Leftovers\n|-damage|p1b: Aurora|2\/100 tox|[from] psn\n|upkeep\n|turn|16\n|\n|t:|1697569564\n|move|p2b: Lepras|Weather Ball|p1b: Aurora\n|-resisted|p1b: Aurora\n|-damage|p1b: Aurora|0 fnt\n|faint|p1b: Aurora\n|\n|win|Gatita golosa 123\n|c|\u2606Gatita golosa 123|Gg mi brode\n","uploadtime":1697569579,"views":18,"p1id":"oeem67","p2id":"gatitagolosa123","formatid":"gen9nationaldexdoubles","rating":0,"private":0,"password":""}