{"id":"gen9nationaldexdoubles-1998396450","p1":"ELGRANCRAC","p2":"IsaxTrainer99","format":"[Gen 9] National Dex Doubles","log":"|j|\u2606ELGRANCRAC\n|j|\u2606IsaxTrainer99\n|t:|1700937649\n|gametype|doubles\n|player|p1|ELGRANCRAC|red|\n|player|p2|IsaxTrainer99|lucas|\n|teamsize|p1|6\n|teamsize|p2|6\n|gen|9\n|tier|[Gen 9] National Dex Doubles\n|rule|HP Percentage Mod: HP is shown in percentages\n|rule|Endless Battle Clause: Forcing endless battles is banned\n|rule|OHKO Clause: OHKO moves are banned\n|rule|Evasion Moves Clause: Evasion moves are banned\n|rule|Evasion Abilities Clause: Evasion abilities are banned\n|rule|Species Clause: Limit one of each Pok\u00e9mon\n|rule|Gravity Sleep Clause: The combination of sleep-inducing moves with imperfect accuracy and Gravity or Gigantamax Orbeetle are banned\n|clearpoke\n|poke|p1|Oricorio-Pom-Pom, F|\n|poke|p1|Volcarona, F|\n|poke|p1|Hawlucha, F|\n|poke|p1|Kingambit, M|\n|poke|p1|Cresselia, F|\n|poke|p1|Rillaboom, M|\n|poke|p2|Oricorio-Pom-Pom, F|\n|poke|p2|Quaquaval, M|\n|poke|p2|Smeargle, M|\n|poke|p2|Ogerpon, F|\n|poke|p2|Infernape, M|\n|poke|p2|Murkrow, F|\n|teampreview\n|inactive|Battle timer is ON: inactive players will automatically lose when time's up. (requested by ELGRANCRAC)\n|\n|t:|1700937658\n|start\n|switch|p1a: Pom pom|Oricorio-Pom-Pom, F, shiny|100\/100\n|switch|p1b: Peruano|Rillaboom, M, shiny|100\/100\n|switch|p2a: Suertudo|Murkrow, F|100\/100\n|switch|p2b: Pomni|Oricorio-Pom-Pom, F, shiny|100\/100\n|-fieldstart|move: Grassy Terrain|[from] ability: Grassy Surge|[of] p1b: Peruano\n|turn|1\n|c|\u2606ELGRANCRAC|GL hf\n|c|\u2606ELGRANCRAC|Suerte\n|\n|t:|1700937670\n|move|p1b: Peruano|Fake Out|p2a: Suertudo\n|-damage|p2a: Suertudo|76\/100\n|cant|p2a: Suertudo|flinch\n|move|p1a: Pom pom|Tailwind|p1a: Pom pom\n|-sidestart|p1: ELGRANCRAC|move: Tailwind\n|move|p2b: Pomni|Calm Mind|p2b: Pomni\n|-boost|p2b: Pomni|spa|1\n|-boost|p2b: Pomni|spd|1\n|\n|upkeep\n|turn|2\n|c|\u2606ELGRANCRAC|!calc\n|c| ELGRANCRAC|\/raw <div class=\"infobox\">Pok&eacute;mon Showdown! damage calculator. (Courtesy of Honko, Austin, &amp; Kris)<br \/>- <a href=\"https:\/\/calc.pokemonshowdown.com\/index.html\">Damage Calculator<\/a><\/div>\n|inactive|IsaxTrainer99 has 270 seconds left.\n|\n|t:|1700937717\n|move|p2b: Pomni|Protect|p2b: Pomni\n|-singleturn|p2b: Pomni|Protect\n|move|p2a: Suertudo|Tailwind|p2a: Suertudo\n|-sidestart|p2: IsaxTrainer99|move: Tailwind\n|move|p1a: Pom pom|Revelation Dance|p2a: Suertudo\n|-supereffective|p2a: Suertudo\n|-damage|p2a: Suertudo|0 fnt\n|faint|p2a: Suertudo\n|-activate|p2b: Pomni|ability: Dancer\n|move|p2b: Pomni|Revelation Dance|p1a: Pom pom|[from]ability: Dancer\n|-damage|p1a: Pom pom|0 fnt\n|faint|p1a: Pom pom\n|move|p1b: Peruano|Wood Hammer|p2b: Pomni\n|-activate|p2b: Pomni|move: Protect\n|\n|upkeep\n|inactive|IsaxTrainer99 has 270 seconds left.\n|\n|t:|1700937744\n|switch|p1a: Adolfus|Kingambit, M|100\/100\n|switch|p2a: Speedy|Quaquaval, M, shiny|100\/100\n|-activate|p1a: Adolfus|ability: Supreme Overlord\n|-start|p1a: Adolfus|fallen1|[silent]\n|turn|3\n|inactive|IsaxTrainer99 has 270 seconds left.\n|\n|t:|1700937770\n|move|p1a: Adolfus|Sucker Punch|p2b: Pomni\n|-damage|p2b: Pomni|34\/100\n|move|p2b: Pomni|Air Slash|p1b: Peruano\n|-supereffective|p1b: Peruano\n|-damage|p1b: Peruano|32\/100\n|move|p2a: Speedy|Knock Off|p1a: Adolfus\n|-resisted|p1a: Adolfus\n|-damage|p1a: Adolfus|85\/100\n|-enditem|p1a: Adolfus|Lum Berry|[from] move: Knock Off|[of] p2a: Speedy\n|move|p1b: Peruano|Wood Hammer|p2a: Speedy\n|-supereffective|p2a: Speedy\n|-damage|p2a: Speedy|0 fnt\n|faint|p2a: Speedy\n|-damage|p1b: Peruano|6\/100|[from] Recoil\n|\n|-heal|p1b: Peruano|12\/100|[from] Grassy Terrain\n|-heal|p1a: Adolfus|91\/100|[from] Grassy Terrain\n|upkeep\n|\n|t:|1700937789\n|switch|p2a: Infer|Infernape, M, shiny|100\/100\n|turn|4\n|inactive|IsaxTrainer99 has 270 seconds left.\n|\n|t:|1700937799\n|switch|p1b: Cress|Cresselia, F, shiny|100\/100\n|-terastallize|p1a: Adolfus|Ghost\n|move|p2a: Infer|Swords Dance|p2a: Infer\n|-boost|p2a: Infer|atk|2\n|-activate|p2b: Pomni|ability: Dancer\n|move|p2b: Pomni|Swords Dance|p2b: Pomni|[from]ability: Dancer\n|-boost|p2b: Pomni|atk|2\n|move|p2b: Pomni|Revelation Dance|p1a: Adolfus\n|-damage|p1a: Adolfus|5\/100\n|move|p1a: Adolfus|Swords Dance|p1a: Adolfus\n|-boost|p1a: Adolfus|atk|2\n|-activate|p2b: Pomni|ability: Dancer\n|move|p2b: Pomni|Swords Dance|p2b: Pomni|[from]ability: Dancer\n|-boost|p2b: Pomni|atk|2\n|\n|-heal|p1a: Adolfus|12\/100|[from] Grassy Terrain\n|-sideend|p1: ELGRANCRAC|move: Tailwind\n|upkeep\n|turn|5\n|inactive|IsaxTrainer99 has 270 seconds left.\n|\n|t:|1700937826\n|move|p1a: Adolfus|Sucker Punch|p2b: Pomni\n|-damage|p2b: Pomni|0 fnt\n|faint|p2b: Pomni\n|move|p2a: Infer|Thunder Punch|p1a: Adolfus\n|-damage|p1a: Adolfus|0 fnt\n|faint|p1a: Adolfus\n|-end|p1a: Adolfus|fallen1|[silent]\n|move|p1b: Cress|Moonblast|p2a: Infer\n|-damage|p2a: Infer|73\/100\n|-unboost|p2a: Infer|spa|1\n|\n|-heal|p2a: Infer|79\/100|[from] Grassy Terrain\n|-sideend|p2: IsaxTrainer99|move: Tailwind\n|-fieldend|move: Grassy Terrain\n|upkeep\n|\n|t:|1700937842\n|switch|p2b: Smargol|Smeargle, M|100\/100\n|switch|p1a: Peruano|Rillaboom, M, shiny|12\/100\n|-fieldstart|move: Grassy Terrain|[from] ability: Grassy Surge|[of] p1a: Peruano\n|turn|6\n|\n|t:|1700937852\n|move|p1a: Peruano|Fake Out|p2a: Infer\n|-damage|p2a: Infer|58\/100\n|move|p2b: Smargol|Follow Me|p2b: Smargol\n|-singleturn|p2b: Smargol|move: Follow Me\n|cant|p2a: Infer|flinch\n|move|p1b: Cress|Calm Mind|p1b: Cress\n|-boost|p1b: Cress|spa|1\n|-boost|p1b: Cress|spd|1\n|\n|-heal|p2a: Infer|64\/100|[from] Grassy Terrain\n|-heal|p1a: Peruano|19\/100|[from] Grassy Terrain\n|upkeep\n|turn|7\n|\n|t:|1700937871\n|move|p2a: Infer|Drain Punch|p1a: Peruano\n|-damage|p1a: Peruano|0 fnt\n|-heal|p2a: Infer|76\/100|[from] drain|[of] p1a: Peruano\n|faint|p1a: Peruano\n|move|p1b: Cress|Moonblast|p2a: Infer\n|-damage|p2a: Infer|39\/100\n|move|p2b: Smargol|Spore|p1b: Cress\n|-status|p1b: Cress|slp|[from] move: Spore\n|\n|-heal|p2a: Infer|45\/100|[from] Grassy Terrain\n|upkeep\n|\n|t:|1700937879\n|switch|p1a: El santo|Hawlucha, F, shiny|100\/100\n|-enditem|p1a: El santo|Grassy Seed\n|-boost|p1a: El santo|def|1|[from] item: Grassy Seed\n|turn|8\n|\n|t:|1700937895\n|-terastallize|p2b: Smargol|Ghost\n|move|p2b: Smargol|Follow Me|p2b: Smargol\n|-singleturn|p2b: Smargol|move: Follow Me\n|move|p1a: El santo|Acrobatics|p2b: Smargol\n|-crit|p2b: Smargol\n|-damage|p2b: Smargol|0 fnt\n|faint|p2b: Smargol\n|move|p2a: Infer|Swords Dance|p2a: Infer\n|-boost|p2a: Infer|atk|2\n|cant|p1b: Cress|slp\n|\n|-heal|p2a: Infer|51\/100|[from] Grassy Terrain\n|upkeep\n|\n|t:|1700937907\n|switch|p2b: OniSister|Ogerpon, F|100\/100\n|turn|9\n|\n|t:|1700937916\n|move|p1a: El santo|Acrobatics|p2a: Infer\n|-supereffective|p2a: Infer\n|-damage|p2a: Infer|0 fnt\n|faint|p2a: Infer\n|move|p2b: OniSister|Knock Off|p1b: Cress\n|-supereffective|p1b: Cress\n|-damage|p1b: Cress|66\/100 slp\n|-enditem|p1b: Cress|Leftovers|[from] move: Knock Off|[of] p2b: OniSister\n|cant|p1b: Cress|slp\n|\n|upkeep\n|turn|10\n|c|\u2606IsaxTrainer99|gg\n|\n|t:|1700937930\n|move|p2b: OniSister|Spiky Shield|p2b: OniSister\n|-singleturn|p2b: OniSister|move: Protect\n|move|p1a: El santo|Acrobatics|p2b: OniSister\n|-activate|p2b: OniSister|move: Protect\n|-damage|p1a: El santo|88\/100|[from] Spiky Shield|[of] p2b: OniSister\n|cant|p1b: Cress|slp\n|\n|-fieldend|move: Grassy Terrain\n|upkeep\n|turn|11\n|c|\u2606ELGRANCRAC|Gg\n|\n|t:|1700937942\n|move|p1a: El santo|Acrobatics|p2b: OniSister\n|-supereffective|p2b: OniSister\n|-damage|p2b: OniSister|0 fnt\n|faint|p2b: OniSister\n|\n|win|ELGRANCRAC\n","uploadtime":1700937947,"views":5,"p1id":"elgrancrac","p2id":"isaxtrainer99","formatid":"gen9nationaldexdoubles","rating":0,"private":0,"password":""}