{"id":"gen9nationaldexdoubles-1958746917","p1":"UncleKars","p2":"kpoc12","format":"[Gen 9] National Dex Doubles","log":"|j|\u2606UncleKars\n|j|\u2606kpoc12\n|t:|1696354902\n|gametype|doubles\n|player|p1|UncleKars|silver|\n|player|p2|kpoc12|raihan|\n|teamsize|p1|6\n|teamsize|p2|6\n|gen|9\n|tier|[Gen 9] National Dex Doubles\n|rule|HP Percentage Mod: HP is shown in percentages\n|rule|Endless Battle Clause: Forcing endless battles is banned\n|rule|OHKO Clause: OHKO moves are banned\n|rule|Evasion Moves Clause: Evasion moves are banned\n|rule|Evasion Abilities Clause: Evasion abilities are banned\n|rule|Species Clause: Limit one of each Pok\u00e9mon\n|rule|Gravity Sleep Clause: The combination of sleep-inducing moves with imperfect accuracy and Gravity or Gigantamax Orbeetle are banned\n|clearpoke\n|poke|p1|Mudsdale, F|\n|poke|p1|Kommo-o, M|\n|poke|p1|Cacturne, M|\n|poke|p1|Ampharos, M|\n|poke|p1|Palafin, M|\n|poke|p1|Perrserker, M|\n|poke|p2|Rhyperior, F|\n|poke|p2|Garchomp, M|\n|poke|p2|Gliscor, M|\n|poke|p2|Salamence, M|\n|poke|p2|Arcanine, M|\n|poke|p2|Torterra, F|\n|teampreview\n|l|\u2606UncleKars\n|player|p1|\n|j| AutumnCookie\n|j|\u2606UncleKars\n|player|p1|UncleKars|silver\n|c| AutumnCookie|THE RAIHAN PFP STILL\n|\n|t:|1696354923\n|start\n|switch|p1a: Rodeo|Mudsdale, F|100\/100\n|switch|p1b: Il|Palafin, M|100\/100\n|switch|p2a: Torterra|Torterra, F|100\/100\n|switch|p2b: Gliscor|Gliscor, M|100\/100\n|turn|1\n|c|\u2606UncleKars|Palafin jpeg\n|\n|t:|1696354943\n|move|p1b: Il|Flip Turn|p2b: Gliscor\n|-supereffective|p2b: Gliscor\n|-damage|p2b: Gliscor|65\/100\n|c| AutumnCookie|Paladin jpeg\n|c| AutumnCookie|Paladin\n|j| cassinidivision\n|c| AutumnCookie|Paladin\n|\n|t:|1696354951\n|detailschange|p1b: Il|Palafin-Hero, M\n|switch|p1b: Cowboy|Kommo-o, M|100\/100|[from] Flip Turn\n|move|p2b: Gliscor|Tailwind|p2b: Gliscor\n|-sidestart|p2: kpoc12|move: Tailwind\n|move|p2a: Torterra|Wood Hammer|p1a: Rodeo\n|-supereffective|p1a: Rodeo\n|-damage|p1a: Rodeo|8\/100\n|-ability|p1a: Rodeo|Stamina|boost\n|-boost|p1a: Rodeo|def|1\n|-damage|p2a: Torterra|63\/100|[from] Recoil\n|move|p1a: Rodeo|Iron Defense|p1a: Rodeo\n|-boost|p1a: Rodeo|def|2\n|\n|-heal|p2a: Torterra|69\/100|[from] item: Leftovers\n|-heal|p1a: Rodeo|14\/100|[from] item: Leftovers\n|upkeep\n|turn|2\n|c| AutumnCookie|Huh\n|c| cassinidivision|palafing.png\n|c| AutumnCookie|I can't type palafin it keeps correcting\n|c| AutumnCookie|There\n|\n|t:|1696354987\n|-terastallize|p1a: Rodeo|Steel\n|move|p2b: Gliscor|Acrobatics|p1b: Cowboy\n|-supereffective|p1b: Cowboy\n|-damage|p1b: Cowboy|26\/100\n|move|p2a: Torterra|Wood Hammer|p1a: Rodeo\n|-resisted|p1a: Rodeo\n|-damage|p1a: Rodeo|4\/100\n|-ability|p1a: Rodeo|Stamina|boost\n|-boost|p1a: Rodeo|def|1\n|-damage|p2a: Torterra|65\/100|[from] Recoil\n|move|p1b: Cowboy|Clanging Scales|p2b: Gliscor|[spread] p2a,p2b\n|-damage|p2a: Torterra|23\/100\n|-damage|p2b: Gliscor|10\/100\n|-unboost|p1b: Cowboy|def|1\n|move|p1a: Rodeo|Body Press|p2a: Torterra\n|-damage|p2a: Torterra|0 fnt\n|faint|p2a: Torterra\n|\n|-heal|p1a: Rodeo|11\/100|[from] item: Leftovers\n|upkeep\n|c| cassinidivision|why are you raihan\n|c| AutumnCookie|She forgot to chance it\n|c| AutumnCookie|Change\n|c| AutumnCookie|I can't type\n|c|\u2606kpoc12|forgor :[\n|c|\u2606UncleKars|get fucked. horse\n|\n|t:|1696355022\n|switch|p2a: Arcanine|Arcanine, M|100\/100\n|-ability|p2a: Arcanine|Intimidate|boost\n|-unboost|p1a: Rodeo|atk|1\n|-unboost|p1b: Cowboy|atk|1\n|turn|3\n|\n|t:|1696355041\n|move|p2a: Arcanine|Extreme Speed|p1b: Cowboy\n|-damage|p1b: Cowboy|0 fnt\n|faint|p1b: Cowboy\n|move|p2b: Gliscor|Acrobatics|p1a: Rodeo\n|-resisted|p1a: Rodeo\n|-damage|p1a: Rodeo|6\/100\n|-ability|p1a: Rodeo|Stamina|boost\n|-boost|p1a: Rodeo|def|1\n|move|p1a: Rodeo|Body Press|p2a: Arcanine\n|-damage|p2a: Arcanine|10\/100\n|\n|-heal|p2a: Arcanine|16\/100|[from] item: Leftovers\n|-heal|p1a: Rodeo|12\/100|[from] item: Leftovers\n|upkeep\n|c|\u2606kpoc12|horse\n|\n|t:|1696355058\n|switch|p1b: Spotlight|Ampharos, M|100\/100\n|turn|4\n|c| cassinidivision|horse\n|c| cassinidivision|one hundrerd emoji\n|c|\u2606UncleKars|horse emoji\n|\n|t:|1696355073\n|move|p2a: Arcanine|Close Combat|p1a: Rodeo\n|-supereffective|p1a: Rodeo\n|-crit|p1a: Rodeo\n|-damage|p1a: Rodeo|0 fnt\n|-unboost|p2a: Arcanine|def|1\n|-unboost|p2a: Arcanine|spd|1\n|faint|p1a: Rodeo\n|move|p2b: Gliscor|Acrobatics|p1b: Spotlight\n|-resisted|p1b: Spotlight\n|-damage|p1b: Spotlight|82\/100\n|move|p1b: Spotlight|Dazzling Gleam|p2b: Gliscor|[spread] p2a,p2b\n|-resisted|p2a: Arcanine\n|-damage|p2a: Arcanine|0 fnt\n|-damage|p2b: Gliscor|0 fnt\n|faint|p2a: Arcanine\n|faint|p2b: Gliscor\n|\n|-sideend|p2: kpoc12|move: Tailwind\n|upkeep\n|c|\u2606UncleKars|HORSE DEATH\n|c|\u2606kpoc12|defeated\n|c| AutumnCookie|Honestly I feel like the crit was necessary there lmao\n|\n|t:|1696355095\n|switch|p2a: Salamence|Salamence, M, shiny|100\/100\n|switch|p2b: Rhyperior|Rhyperior, F|100\/100\n|switch|p1a: Clawful|Perrserker, M|100\/100\n|-ability|p2a: Salamence|Intimidate|boost\n|-unboost|p1a: Clawful|atk|1\n|-unboost|p1b: Spotlight|atk|1\n|turn|5\n|c| AutumnCookie|Oh it's actuallyshiny this time\n|c| cassinidivision|THE SALAMENCE IS SHINY\n|c| AutumnCookie|Still no name though\n|c|\u2606UncleKars|Ted the rooster is here to spectate mow\n|c|\u2606UncleKars|now*\n|c| cassinidivision|hi ted\n|c| AutumnCookie|Hi Ted\n|\n|t:|1696355144\n|switch|p1b: Deputy|Cacturne, M|100\/100\n|detailschange|p2a: Salamence|Salamence-Mega, M, shiny\n|-mega|p2a: Salamence|Salamence|Salamencite\n|move|p2a: Salamence|Dragon Claw|p1a: Clawful\n|-resisted|p1a: Clawful\n|-damage|p1a: Clawful|80\/100\n|move|p1a: Clawful|Play Rough|p2a: Salamence\n|-supereffective|p2a: Salamence\n|-damage|p2a: Salamence|53\/100\n|-unboost|p2a: Salamence|atk|1\n|move|p2b: Rhyperior|Earthquake|p1b: Deputy|[spread] p1a,p1b\n|-immune|p2a: Salamence\n|-supereffective|p1a: Clawful\n|-resisted|p1b: Deputy\n|-damage|p1a: Clawful|0 fnt\n|-damage|p1b: Deputy|62\/100\n|faint|p1a: Clawful\n|-damage|p2b: Rhyperior|91\/100|[from] item: Life Orb\n|\n|upkeep\n|\n|t:|1696355168\n|switch|p1a: Il|Palafin-Hero, M|100\/100\n|-activate|p1a: Il|ability: Zero to Hero\n|turn|6\n|\n|t:|1696355191\n|move|p1b: Deputy|Spiky Shield|p1b: Deputy\n|-singleturn|p1b: Deputy|move: Protect\n|move|p1a: Il|Jet Punch|p2b: Rhyperior\n|-supereffective|p2b: Rhyperior\n|-damage|p2b: Rhyperior|26\/100\n|move|p2a: Salamence|Return|p1b: Deputy\n|-activate|p1b: Deputy|move: Protect\n|-damage|p2a: Salamence|40\/100|[from] Spiky Shield|[of] p1b: Deputy\n|move|p2b: Rhyperior|Hammer Arm|p1a: Il|[miss]\n|-miss|p2b: Rhyperior|p1a: Il\n|\n|upkeep\n|turn|7\n|c|\u2606kpoc12|ouchies\n|c| cassinidivision|oho\n|c|\u2606UncleKars|LOL\n|\n|t:|1696355218\n|move|p1a: Il|Jet Punch|p2b: Rhyperior\n|-supereffective|p2b: Rhyperior\n|-damage|p2b: Rhyperior|0 fnt\n|faint|p2b: Rhyperior\n|move|p2a: Salamence|Return|p1b: Deputy\n|-supereffective|p1b: Deputy\n|-damage|p1b: Deputy|0 fnt\n|faint|p1b: Deputy\n|\n|upkeep\n|c|\u2606kpoc12|90% accuracy mobe btw\n|c|\u2606kpoc12|move*\n|\n|t:|1696355227\n|switch|p1b: Spotlight|Ampharos, M|82\/100\n|switch|p2b: Garchomp|Garchomp, M|100\/100\n|turn|8\n|\n|t:|1696355241\n|move|p2a: Salamence|Return|p1a: Il\n|-damage|p1a: Il|55\/100\n|move|p1a: Il|Wave Crash|p2a: Salamence\n|-resisted|p2a: Salamence\n|-damage|p2a: Salamence|10\/100\n|-damage|p1a: Il|45\/100|[from] Recoil\n|move|p2b: Garchomp|Earthquake|p1b: Spotlight|[spread] p1a,p1b\n|-immune|p2a: Salamence\n|-supereffective|p1b: Spotlight\n|-damage|p1a: Il|4\/100\n|-damage|p1b: Spotlight|8\/100\n|move|p1b: Spotlight|Dazzling Gleam|p2a: Salamence|[spread] p2a,p2b\n|-supereffective|p2a: Salamence\n|-supereffective|p2b: Garchomp\n|-damage|p2a: Salamence|0 fnt\n|-damage|p2b: Garchomp|59\/100\n|faint|p2a: Salamence\n|\n|upkeep\n|turn|9\n|c|\u2606kpoc12|evill\n|c|\u2606UncleKars|I love you divo\n|c|\u2606kpoc12|ggs\n|\n|t:|1696355274\n|move|p1a: Il|Drain Punch|p2b: Garchomp\n|-damage|p2b: Garchomp|34\/100\n|-heal|p1a: Il|20\/100|[from] drain|[of] p2b: Garchomp\n|-damage|p1a: Il|8\/100|[from] ability: Rough Skin|[of] p2b: Garchomp\n|move|p2b: Garchomp|Earthquake|p1a: Il|[spread] p1a,p1b\n|-supereffective|p1b: Spotlight\n|-damage|p1a: Il|0 fnt\n|-damage|p1b: Spotlight|0 fnt\n|faint|p1a: Il\n|faint|p1b: Spotlight\n|\n|win|kpoc12\n|c|\u2606UncleKars|Gg!\n|c| cassinidivision|sooo clsoe\n|c|\u2606UncleKars|WAIT\n|c| cassinidivision|close\n|c|\u2606kpoc12|love u divo\n|c|\u2606UncleKars|THAT WAS INSANE\n|l| AutumnCookie\n|c| cassinidivision|crazy\n|l|\u2606UncleKars\n|c| cassinidivision|one step closer 2 giovanni vrs giacomo\n|l| cassinidivision\n|c|\u2606kpoc12|it needs to happen\n|l|\u2606kpoc12\n|j|\u2606UncleKars\n|player|p1|UncleKars|silver\n","uploadtime":1696355345,"views":8,"p1id":"unclekars","p2id":"kpoc12","formatid":"gen9nationaldexdoubles","rating":0,"private":0,"password":""}