{"id":"gen9nationaldexdoubles-1947471638","p1":"AmishFurret","p2":"pigeonnnnnnn","format":"[Gen 9] National Dex Doubles","log":"|j|\u2606AmishFurret\n|j|\u2606pigeonnnnnnn\n|t:|1695163896\n|gametype|doubles\n|player|p1|AmishFurret|blue|1074\n|player|p2|pigeonnnnnnn|101|1196\n|teamsize|p1|6\n|teamsize|p2|6\n|gen|9\n|tier|[Gen 9] National Dex Doubles\n|rated|\n|rule|HP Percentage Mod: HP is shown in percentages\n|rule|Endless Battle Clause: Forcing endless battles is banned\n|rule|OHKO Clause: OHKO moves are banned\n|rule|Evasion Moves Clause: Evasion moves are banned\n|rule|Evasion Abilities Clause: Evasion abilities are banned\n|rule|Species Clause: Limit one of each Pok\u00e9mon\n|rule|Gravity Sleep Clause: The combination of sleep-inducing moves with imperfect accuracy and Gravity or Gigantamax Orbeetle are banned\n|clearpoke\n|poke|p1|Frosmoth, F|\n|poke|p1|Furret, F|\n|poke|p1|Ninetales-Alola, F|\n|poke|p1|Ceruledge, M|\n|poke|p1|Mienshao, F|\n|poke|p1|Cloyster, M|\n|poke|p2|Torkoal, M|\n|poke|p2|Lilligant-Hisui, F|\n|poke|p2|Delphox, F|\n|poke|p2|Armarouge, M|\n|poke|p2|Indeedee-F, F|\n|poke|p2|Decidueye, M|\n|teampreview\n|\n|t:|1695163909\n|start\n|switch|p1a: Furret|Furret, F, shiny|100\/100\n|switch|p1b: Frosmoth|Frosmoth, F, shiny|100\/100\n|switch|p2a: Torkoal|Torkoal, M|100\/100\n|switch|p2b: Lilligant|Lilligant-Hisui, F|100\/100\n|-item|p2a: Torkoal|Choice Specs|[from] ability: Frisk|[of] p1a: Furret|[identify]\n|-item|p2b: Lilligant|Mental Herb|[from] ability: Frisk|[of] p1a: Furret|[identify]\n|-weather|SunnyDay|[from] ability: Drought|[of] p2a: Torkoal\n|turn|1\n|\n|t:|1695163935\n|switch|p1b: Cloyster|Cloyster, M, shiny|100\/100\n|-terastallize|p2a: Torkoal|Fire\n|move|p2b: Lilligant|After You|p2a: Torkoal\n|-activate|p2a: Torkoal|move: After You\n|move|p2a: Torkoal|Eruption|p1b: Cloyster|[spread] p1a,p1b\n|-damage|p1a: Furret|0 fnt\n|-damage|p1b: Cloyster|0 fnt\n|faint|p1a: Furret\n|faint|p1b: Cloyster\n|\n|-weather|SunnyDay|[upkeep]\n|upkeep\n|\n|t:|1695163947\n|switch|p1a: Ceruledge|Ceruledge, M, shiny|100\/100\n|switch|p1b: Ninetales|Ninetales-Alola, F, shiny|100\/100\n|-weather|Snow|[from] ability: Snow Warning|[of] p1b: Ninetales\n|turn|2\n|\n|t:|1695163959\n|switch|p2b: Armarouge|Armarouge, M|100\/100\n|switch|p2a: Indeedee|Indeedee-F, F|100\/100\n|-fieldstart|move: Psychic Terrain|[from] ability: Psychic Surge|[of] p2a: Indeedee\n|move|p1b: Ninetales|Protect|p1b: Ninetales\n|-singleturn|p1b: Ninetales|Protect\n|move|p1a: Ceruledge|Bulk Up|p1a: Ceruledge\n|-boost|p1a: Ceruledge|atk|1\n|-boost|p1a: Ceruledge|def|1\n|\n|-weather|Snow|[upkeep]\n|upkeep\n|turn|3\n|\n|t:|1695163982\n|move|p2b: Armarouge|Expanding Force|p1b: Ninetales|[spread] p1a,p1b\n|-damage|p1a: Ceruledge|60\/100\n|-damage|p1b: Ninetales|43\/100\n|move|p1b: Ninetales|Aurora Veil|p1b: Ninetales\n|-sidestart|p1: AmishFurret|move: Aurora Veil\n|move|p1a: Ceruledge|Substitute|p1a: Ceruledge\n|-start|p1a: Ceruledge|Substitute\n|-damage|p1a: Ceruledge|35\/100\n|move|p2a: Indeedee|Trick Room|p2a: Indeedee\n|-fieldstart|move: Trick Room|[of] p2a: Indeedee\n|\n|-weather|Snow|[upkeep]\n|upkeep\n|turn|4\n|\n|t:|1695163996\n|switch|p1b: Frosmoth|Frosmoth, F, shiny|100\/100\n|move|p2a: Indeedee|Dazzling Gleam|p1b: Frosmoth|[spread] p1a,p1b\n|-resisted|p1a: Ceruledge\n|-activate|p1a: Ceruledge|move: Substitute|[damage]\n|-damage|p1b: Frosmoth|95\/100\n|move|p1a: Ceruledge|Bitter Blade|p2a: Indeedee\n|-damage|p2a: Indeedee|46\/100\n|-heal|p1a: Ceruledge|61\/100|[from] drain|[of] p2a: Indeedee\n|move|p2b: Armarouge|Expanding Force|p1b: Frosmoth|[spread] p1a,p1b\n|-end|p1a: Ceruledge|Substitute\n|-damage|p1b: Frosmoth|69\/100\n|\n|-weather|Snow|[upkeep]\n|upkeep\n|turn|5\n|\n|t:|1695164025\n|-terastallize|p1b: Frosmoth|Ground\n|move|p2a: Indeedee|Helping Hand|p2b: Armarouge\n|-singleturn|p2b: Armarouge|Helping Hand|[of] p2a: Indeedee\n|move|p1a: Ceruledge|Bitter Blade|p2a: Indeedee\n|-damage|p2a: Indeedee|0 fnt\n|-heal|p1a: Ceruledge|83\/100|[from] drain|[of] p2a: Indeedee\n|faint|p2a: Indeedee\n|move|p1b: Frosmoth|Tera Blast|p2b: Armarouge\n|-supereffective|p2b: Armarouge\n|-crit|p2b: Armarouge\n|-damage|p2b: Armarouge|0 fnt\n|faint|p2b: Armarouge\n|-damage|p1b: Frosmoth|59\/100|[from] item: Life Orb\n|\n|-weather|Snow|[upkeep]\n|upkeep\n|\n|t:|1695164040\n|switch|p2a: Torkoal|Torkoal, M, tera:Fire|100\/100\n|switch|p2b: Delphox|Delphox, F|100\/100\n|-weather|SunnyDay|[from] ability: Drought|[of] p2a: Torkoal\n|turn|6\n|\n|t:|1695164064\n|move|p2a: Torkoal|Eruption|p1b: Frosmoth|[spread] p1b\n|-start|p1a: Ceruledge|ability: Flash Fire\n|-damage|p1b: Frosmoth|0 fnt\n|faint|p1b: Frosmoth\n|move|p1a: Ceruledge|Substitute|p1a: Ceruledge\n|-start|p1a: Ceruledge|Substitute\n|-damage|p1a: Ceruledge|58\/100\n|move|p2b: Delphox|Dazzling Gleam|p1a: Ceruledge\n|-resisted|p1a: Ceruledge\n|-activate|p1a: Ceruledge|move: Substitute|[damage]\n|\n|-weather|SunnyDay|[upkeep]\n|-fieldend|move: Psychic Terrain\n|upkeep\n|\n|t:|1695164074\n|switch|p1b: Ninetales|Ninetales-Alola, F, shiny|43\/100\n|-weather|Snow|[from] ability: Snow Warning|[of] p1b: Ninetales\n|turn|7\n|\n|t:|1695164085\n|move|p1b: Ninetales|Protect|p1b: Ninetales\n|-singleturn|p1b: Ninetales|Protect\n|move|p2a: Torkoal|Eruption|p1a: Ceruledge|[spread] \n|-activate|p1b: Ninetales|move: Protect\n|-immune|p1a: Ceruledge|[from] ability: Flash Fire\n|move|p1a: Ceruledge|Bulk Up|p1a: Ceruledge\n|-boost|p1a: Ceruledge|atk|1\n|-boost|p1a: Ceruledge|def|1\n|move|p2b: Delphox|Dazzling Gleam|p1b: Ninetales|[spread] p1a\n|-activate|p1b: Ninetales|move: Protect\n|-resisted|p1a: Ceruledge\n|-activate|p1a: Ceruledge|move: Substitute|[damage]\n|\n|-weather|Snow|[upkeep]\n|-sideend|p1: AmishFurret|move: Aurora Veil\n|-fieldend|move: Trick Room\n|upkeep\n|turn|8\n|\n|t:|1695164127\n|move|p1b: Ninetales|Blizzard|p2b: Delphox|[spread] p2a,p2b\n|-resisted|p2a: Torkoal\n|-resisted|p2b: Delphox\n|-damage|p2a: Torkoal|85\/100\n|-damage|p2b: Delphox|90\/100\n|move|p2b: Delphox|Grass Knot|p1a: Ceruledge\n|-resisted|p1a: Ceruledge\n|-activate|p1a: Ceruledge|move: Substitute|[damage]\n|move|p1a: Ceruledge|Bulk Up|p1a: Ceruledge\n|-boost|p1a: Ceruledge|atk|1\n|-boost|p1a: Ceruledge|def|1\n|move|p2a: Torkoal|Eruption|p1b: Ninetales|[spread] p1b\n|-immune|p1a: Ceruledge|[from] ability: Flash Fire\n|-supereffective|p1b: Ninetales\n|-damage|p1b: Ninetales|0 fnt\n|faint|p1b: Ninetales\n|\n|-weather|Snow|[upkeep]\n|upkeep\n|\n|t:|1695164138\n|switch|p1b: Mienshao|Mienshao, F, shiny|100\/100\n|turn|9\n|\n|t:|1695164151\n|move|p1a: Ceruledge|Shadow Sneak|p2b: Delphox\n|-supereffective|p2b: Delphox\n|-damage|p2b: Delphox|10\/100\n|move|p1b: Mienshao|High Jump Kick|p2b: Delphox\n|-resisted|p2b: Delphox\n|-damage|p2b: Delphox|0 fnt\n|faint|p2b: Delphox\n|move|p2a: Torkoal|Eruption|p1b: Mienshao|[spread] p1b\n|-immune|p1a: Ceruledge|[from] ability: Flash Fire\n|-damage|p1b: Mienshao|0 fnt\n|faint|p1b: Mienshao\n|\n|-weather|Snow|[upkeep]\n|upkeep\n|\n|t:|1695164167\n|switch|p2b: Lilligant|Lilligant-Hisui, F|100\/100\n|turn|10\n|\n|t:|1695164175\n|move|p2b: Lilligant|Pollen Puff|p1a: Ceruledge\n|-resisted|p1a: Ceruledge\n|-activate|p1a: Ceruledge|move: Substitute|[damage]\n|move|p1a: Ceruledge|Bitter Blade|p2b: Lilligant\n|-supereffective|p2b: Lilligant\n|-damage|p2b: Lilligant|0 fnt\n|-heal|p1a: Ceruledge|98\/100|[from] drain|[of] p2b: Lilligant\n|faint|p2b: Lilligant\n|move|p2a: Torkoal|Eruption|p1a: Ceruledge\n|-immune|p1a: Ceruledge|[from] ability: Flash Fire\n|\n|-weather|Snow|[upkeep]\n|upkeep\n|\n|t:|1695164188\n|switch|p2b: Decidueye|Decidueye, M|100\/100\n|turn|11\n|\n|t:|1695164198\n|move|p2b: Decidueye|Shadow Sneak|p1a: Ceruledge\n|-supereffective|p1a: Ceruledge\n|-end|p1a: Ceruledge|Substitute\n|move|p1a: Ceruledge|Bitter Blade|p2b: Decidueye\n|-supereffective|p2b: Decidueye\n|-damage|p2b: Decidueye|0 fnt\n|-heal|p1a: Ceruledge|100\/100|[from] drain|[of] p2b: Decidueye\n|faint|p2b: Decidueye\n|move|p2a: Torkoal|Eruption|p1a: Ceruledge\n|-immune|p1a: Ceruledge|[from] ability: Flash Fire\n|\n|-weather|Snow|[upkeep]\n|upkeep\n|turn|12\n|-message|pigeonnnnnnn forfeited.\n|\n|win|AmishFurret\n|raw|AmishFurret's rating: 1074 &rarr; <strong>1113<\/strong><br \/>(+39 for winning)\n|raw|pigeonnnnnnn's rating: 1196 &rarr; <strong>1163<\/strong><br \/>(-33 for losing)\n|l|\u2606pigeonnnnnnn\n","uploadtime":1695164209,"views":6,"p1id":"amishfurret","p2id":"pigeonnnnnnn","formatid":"gen9nationaldexdoubles","rating":1113,"private":0,"password":""}