{"id":"gen9nationaldexdoubles-1985638191","p1":"MattBud","p2":"Coach Matt","format":"[Gen 9] National Dex Doubles","log":"|j|\u2606MattBud\n|j|\u2606Coach Matt\n|t:|1699391267\n|gametype|doubles\n|player|p1|MattBud|swimmer|\n|player|p2|Coach Matt|170|\n|teamsize|p1|2\n|teamsize|p2|2\n|gen|9\n|tier|[Gen 9] National Dex Doubles\n|rule|HP Percentage Mod: HP is shown in percentages\n|rule|Endless Battle Clause: Forcing endless battles is banned\n|rule|OHKO Clause: OHKO moves are banned\n|rule|Evasion Moves Clause: Evasion moves are banned\n|rule|Evasion Abilities Clause: Evasion abilities are banned\n|rule|Species Clause: Limit one of each Pok\u00e9mon\n|rule|Gravity Sleep Clause: The combination of sleep-inducing moves with imperfect accuracy and Gravity or Gigantamax Orbeetle are banned\n|clearpoke\n|poke|p1|Pyukumuku, M|\n|poke|p1|Alomomola, M|\n|poke|p2|Dragalge, F|\n|poke|p2|Arcanine, F|\n|teampreview\n|\n|t:|1699391272\n|start\n|switch|p1a: Pyukumuku|Pyukumuku, M|100\/100\n|switch|p1b: Alomomola|Alomomola, M|100\/100\n|switch|p2a: Arcanine|Arcanine, F|100\/100\n|switch|p2b: Dragalge|Dragalge, F|100\/100\n|-ability|p2a: Arcanine|Intimidate|boost\n|-unboost|p1a: Pyukumuku|atk|1\n|-unboost|p1b: Alomomola|atk|1\n|turn|1\n|\n|t:|1699391288\n|move|p2a: Arcanine|Will-O-Wisp|p1a: Pyukumuku|[miss]\n|-miss|p2a: Arcanine|p1a: Pyukumuku\n|move|p1b: Alomomola|Knock Off|p2b: Dragalge\n|-damage|p2b: Dragalge|90\/100\n|move|p2b: Dragalge|Toxic|p1a: Pyukumuku\n|-status|p1a: Pyukumuku|tox\n|move|p1a: Pyukumuku|Recover||[still]\n|-fail|p1a: Pyukumuku|heal\n|\n|-damage|p1a: Pyukumuku|94\/100 tox|[from] psn\n|upkeep\n|turn|2\n|\n|t:|1699391313\n|move|p2a: Arcanine|Will-O-Wisp|p1b: Alomomola\n|-status|p1b: Alomomola|brn\n|move|p1b: Alomomola|Flip Turn|p2b: Dragalge\n|-resisted|p2b: Dragalge\n|-damage|p2b: Dragalge|87\/100\n|move|p2b: Dragalge|Toxic||[still]\n|-fail|p2b: Dragalge\n|move|p1a: Pyukumuku|Purify|p1b: Alomomola\n|-curestatus|p1b: Alomomola|brn|[msg]\n|-heal|p1a: Pyukumuku|100\/100 tox\n|\n|-damage|p1a: Pyukumuku|88\/100 tox|[from] psn\n|upkeep\n|turn|3\n|\n|t:|1699391361\n|move|p2a: Arcanine|Close Combat|p1a: Pyukumuku\n|-damage|p1a: Pyukumuku|68\/100 tox\n|-unboost|p2a: Arcanine|def|1\n|-unboost|p2a: Arcanine|spd|1\n|move|p1b: Alomomola|Knock Off|p2b: Dragalge\n|-damage|p2b: Dragalge|76\/100\n|move|p2b: Dragalge|Toxic|p1b: Alomomola\n|-status|p1b: Alomomola|tox\n|move|p1a: Pyukumuku|Purify|p1b: Alomomola\n|-curestatus|p1b: Alomomola|tox|[msg]\n|-heal|p1a: Pyukumuku|100\/100 tox\n|\n|-damage|p1a: Pyukumuku|82\/100 tox|[from] psn\n|upkeep\n|turn|4\n|\n|t:|1699391391\n|move|p2a: Arcanine|Will-O-Wisp|p1b: Alomomola\n|-status|p1b: Alomomola|brn\n|move|p1b: Alomomola|Knock Off|p2a: Arcanine\n|-damage|p2a: Arcanine|89\/100\n|-enditem|p2a: Arcanine|Wide Lens|[from] move: Knock Off|[of] p1b: Alomomola\n|move|p2b: Dragalge|Draco Meteor|p1a: Pyukumuku\n|-damage|p1a: Pyukumuku|42\/100 tox\n|-unboost|p2b: Dragalge|spa|2\n|move|p1a: Pyukumuku|Mirror Coat|p2b: Dragalge\n|-damage|p2b: Dragalge|0 fnt\n|faint|p2b: Dragalge\n|\n|-damage|p1a: Pyukumuku|18\/100 tox|[from] psn\n|-damage|p1b: Alomomola|94\/100 brn|[from] brn\n|upkeep\n|turn|5\n|\n|t:|1699391409\n|move|p2a: Arcanine|Close Combat|p1b: Alomomola\n|-damage|p1b: Alomomola|68\/100 brn\n|-unboost|p2a: Arcanine|def|1\n|-unboost|p2a: Arcanine|spd|1\n|move|p1b: Alomomola|Knock Off|p2a: Arcanine\n|-damage|p2a: Arcanine|80\/100\n|move|p1a: Pyukumuku|Purify|p1b: Alomomola\n|-curestatus|p1b: Alomomola|brn|[msg]\n|-heal|p1a: Pyukumuku|68\/100 tox\n|\n|-activate|p1b: Alomomola|ability: Healer\n|-curestatus|p1a: Pyukumuku|tox|[msg]\n|upkeep\n|turn|6\n|\n|t:|1699391431\n|move|p2a: Arcanine|Close Combat|p1a: Pyukumuku\n|-damage|p1a: Pyukumuku|48\/100\n|-unboost|p2a: Arcanine|def|1\n|-unboost|p2a: Arcanine|spd|1\n|move|p1b: Alomomola|Flip Turn|p2a: Arcanine\n|-supereffective|p2a: Arcanine\n|-crit|p2a: Arcanine\n|-damage|p2a: Arcanine|0 fnt\n|faint|p2a: Arcanine\n|\n|win|MattBud\n","uploadtime":1699391444,"views":6,"p1id":"mattbud","p2id":"coachmatt","formatid":"gen9nationaldexdoubles","rating":0,"private":0,"password":""}