{"id":"gen9nationaldexdoubles-1969862146","p1":"Zares08","p2":"kjb kjb jb","format":"[Gen 9] National Dex Doubles","log":"|j|\u2606Zares08\n|j|\u2606kjb kjb jb\n|t:|1697571186\n|gametype|doubles\n|player|p1|Zares08|hilbert-wonderlauncher|1124\n|player|p2|kjb kjb jb|lucas|1052\n|teamsize|p1|6\n|teamsize|p2|6\n|gen|9\n|tier|[Gen 9] National Dex Doubles\n|rated|\n|rule|HP Percentage Mod: HP is shown in percentages\n|rule|Endless Battle Clause: Forcing endless battles is banned\n|rule|OHKO Clause: OHKO moves are banned\n|rule|Evasion Moves Clause: Evasion moves are banned\n|rule|Evasion Abilities Clause: Evasion abilities are banned\n|rule|Species Clause: Limit one of each Pok\u00e9mon\n|rule|Gravity Sleep Clause: The combination of sleep-inducing moves with imperfect accuracy and Gravity or Gigantamax Orbeetle are banned\n|clearpoke\n|poke|p1|Ceruledge, M|\n|poke|p1|Sneasler, M|\n|poke|p1|Diancie|\n|poke|p1|Ambipom, F|\n|poke|p1|Cloyster, F|\n|poke|p1|Bisharp, M|\n|poke|p2|Indeedee-F, F|\n|poke|p2|Oranguru, M|\n|poke|p2|Glastrier|\n|poke|p2|Hoopa-Unbound|\n|poke|p2|Ursaluna, F|\n|poke|p2|Zygarde|\n|teampreview\n|inactive|Battle timer is ON: inactive players will automatically lose when time's up. (requested by Zares08)\n|\n|t:|1697571207\n|start\n|switch|p1a: Ambipom|Ambipom, F, shiny|100\/100\n|switch|p1b: Diancie|Diancie, shiny|100\/100\n|switch|p2a: Hoopa|Hoopa-Unbound|100\/100\n|switch|p2b: Zygarde|Zygarde|100\/100\n|-ability|p2b: Zygarde|Aura Break\n|turn|1\n|\n|t:|1697571228\n|move|p1a: Ambipom|Fake Out|p2b: Zygarde\n|-enditem|p1a: Ambipom|Normal Gem|[from] gem\n|-damage|p2b: Zygarde|75\/100\n|cant|p2b: Zygarde|flinch\n|move|p1b: Diancie|Diamond Storm|p2a: Hoopa|[spread] p2a,p2b\n|-resisted|p2b: Zygarde\n|-damage|p2a: Hoopa|66\/100\n|-damage|p2b: Zygarde|66\/100\n|-boost|p1b: Diancie|def|2\n|move|p2a: Hoopa|Trick Room|p2a: Hoopa\n|-fieldstart|move: Trick Room|[of] p2a: Hoopa\n|-enditem|p2b: Zygarde|Room Service\n|-unboost|p2b: Zygarde|spe|1|[from] item: Room Service\n|-enditem|p2a: Hoopa|Room Service\n|-unboost|p2a: Hoopa|spe|1|[from] item: Room Service\n|\n|upkeep\n|turn|2\n|\n|t:|1697571258\n|move|p2a: Hoopa|Shadow Ball|p1b: Diancie\n|-damage|p1b: Diancie|68\/100\n|move|p2b: Zygarde|Coil|p2b: Zygarde\n|-boost|p2b: Zygarde|atk|1\n|-boost|p2b: Zygarde|def|1\n|-boost|p2b: Zygarde|accuracy|1\n|move|p1a: Ambipom|Knock Off|p2a: Hoopa\n|-damage|p2a: Hoopa|38\/100\n|move|p1b: Diancie|Trick Room|p1b: Diancie\n|-fieldend|move: Trick Room\n|\n|upkeep\n|turn|3\n|\n|t:|1697571275\n|move|p1a: Ambipom|U-turn|p2a: Hoopa\n|-supereffective|p2a: Hoopa\n|-damage|p2a: Hoopa|0 fnt\n|faint|p2a: Hoopa\n|\n|t:|1697571282\n|switch|p1a: Cloyster|Cloyster, F, shiny|100\/100|[from] U-turn\n|move|p1b: Diancie|Diamond Storm|p2b: Zygarde\n|-resisted|p2b: Zygarde\n|-damage|p2b: Zygarde|60\/100\n|-boost|p1b: Diancie|def|2\n|move|p2b: Zygarde|Coil|p2b: Zygarde\n|-boost|p2b: Zygarde|atk|1\n|-boost|p2b: Zygarde|def|1\n|-boost|p2b: Zygarde|accuracy|1\n|\n|upkeep\n|\n|t:|1697571289\n|switch|p2a: Indeedee|Indeedee-F, F|100\/100\n|-fieldstart|move: Psychic Terrain|[from] ability: Psychic Surge|[of] p2a: Indeedee\n|turn|4\n|\n|t:|1697571295\n|move|p1a: Cloyster|Icicle Spear|p2b: Zygarde\n|-supereffective|p2b: Zygarde\n|-damage|p2b: Zygarde|44\/100\n|-supereffective|p2b: Zygarde\n|-damage|p2b: Zygarde|29\/100\n|-supereffective|p2b: Zygarde\n|-damage|p2b: Zygarde|14\/100\n|-supereffective|p2b: Zygarde\n|-damage|p2b: Zygarde|0 fnt\n|faint|p2b: Zygarde\n|-hitcount|p2: Zygarde|4\n|move|p1b: Diancie|Baton Pass|p1b: Diancie\n|\n|t:|1697571305\n|switch|p1b: Bisharp|Bisharp, M|100\/100|[from] Baton Pass\n|move|p2a: Indeedee|Trick Room|p2a: Indeedee\n|-fieldstart|move: Trick Room|[of] p2a: Indeedee\n|\n|upkeep\n|\n|t:|1697571315\n|switch|p2b: Ursaluna|Ursaluna, F|100\/100\n|turn|5\n|\n|t:|1697571328\n|move|p2a: Indeedee|Follow Me|p2a: Indeedee\n|-singleturn|p2a: Indeedee|move: Follow Me\n|move|p2b: Ursaluna|Close Combat|p1b: Bisharp\n|-supereffective|p1b: Bisharp\n|-damage|p1b: Bisharp|54\/100\n|-unboost|p2b: Ursaluna|def|1\n|-unboost|p2b: Ursaluna|spd|1\n|move|p1a: Cloyster|Icicle Spear|p2a: Indeedee\n|-damage|p2a: Indeedee|89\/100\n|-damage|p2a: Indeedee|77\/100\n|-damage|p2a: Indeedee|64\/100\n|-damage|p2a: Indeedee|52\/100\n|-damage|p2a: Indeedee|40\/100\n|-hitcount|p2a: Indeedee|5\n|move|p1b: Bisharp|Power-Up Punch|p2a: Indeedee\n|-damage|p2a: Indeedee|25\/100\n|-boost|p1b: Bisharp|atk|1\n|\n|-status|p2b: Ursaluna|brn|[from] item: Flame Orb\n|upkeep\n|turn|6\n|\n|t:|1697571357\n|move|p2a: Indeedee|Follow Me|p2a: Indeedee\n|-singleturn|p2a: Indeedee|move: Follow Me\n|move|p2b: Ursaluna|Close Combat|p1b: Bisharp\n|-supereffective|p1b: Bisharp\n|-damage|p1b: Bisharp|0 fnt\n|-unboost|p2b: Ursaluna|def|1\n|-unboost|p2b: Ursaluna|spd|1\n|faint|p1b: Bisharp\n|move|p1a: Cloyster|Icicle Spear|p2a: Indeedee\n|-crit|p2a: Indeedee\n|-damage|p2a: Indeedee|7\/100\n|-damage|p2a: Indeedee|0 fnt\n|faint|p2a: Indeedee\n|-hitcount|p2: Indeedee|2\n|\n|-damage|p2b: Ursaluna|94\/100 brn|[from] brn\n|upkeep\n|\n|t:|1697571373\n|switch|p2a: Glastrier|Glastrier|100\/100\n|switch|p1b: Diancie|Diancie, shiny|68\/100\n|turn|7\n|inactive|kjb kjb jb has 120 seconds left.\n|\n|t:|1697571422\n|-terastallize|p2a: Glastrier|Ice\n|move|p2a: Glastrier|Icicle Spear|p1b: Diancie\n|-damage|p1b: Diancie|51\/100\n|-damage|p1b: Diancie|35\/100\n|-crit|p1b: Diancie\n|-damage|p1b: Diancie|11\/100\n|-damage|p1b: Diancie|0 fnt\n|faint|p1b: Diancie\n|-ability|p2a: Glastrier|Chilling Neigh|boost\n|-boost|p2a: Glastrier|atk|1\n|-hitcount|p1: Diancie|4\n|move|p2b: Ursaluna|Close Combat|p1a: Cloyster\n|-supereffective|p1a: Cloyster\n|-damage|p1a: Cloyster|0 fnt\n|-unboost|p2b: Ursaluna|def|1\n|-unboost|p2b: Ursaluna|spd|1\n|faint|p1a: Cloyster\n|\n|-damage|p2b: Ursaluna|88\/100 brn|[from] brn\n|upkeep\n|\n|t:|1697571439\n|switch|p1b: Sneasler|Sneasler, M, shiny|100\/100\n|switch|p1a: Ceruledge|Ceruledge, M|100\/100\n|turn|8\n|inactive|kjb kjb jb has 120 seconds left.\n|\n|t:|1697571464\n|switch|p1b: Ambipom|Ambipom, F, shiny|100\/100\n|move|p2a: Glastrier|Icicle Spear|p1b: Ambipom\n|-damage|p1b: Ambipom|50\/100\n|-damage|p1b: Ambipom|0 fnt\n|faint|p1b: Ambipom\n|-ability|p2a: Glastrier|Chilling Neigh|boost\n|-boost|p2a: Glastrier|atk|1\n|-hitcount|p1: Ambipom|2\n|move|p2b: Ursaluna|Headlong Rush|p1a: Ceruledge\n|-supereffective|p1a: Ceruledge\n|-damage|p1a: Ceruledge|0 fnt\n|-unboost|p2b: Ursaluna|def|1\n|-unboost|p2b: Ursaluna|spd|1\n|faint|p1a: Ceruledge\n|\n|-damage|p2b: Ursaluna|82\/100 brn|[from] brn\n|-fieldend|move: Trick Room\n|-fieldend|move: Psychic Terrain\n|upkeep\n|inactive|Zares08 has 120 seconds left.\n|-message|Zares08 forfeited.\n|\n|win|kjb kjb jb\n|raw|Zares08's rating: 1124 &rarr; <strong>1094<\/strong><br \/>(-30 for losing)\n|raw|kjb kjb jb's rating: 1052 &rarr; <strong>1091<\/strong><br \/>(+39 for winning)\n|l|\u2606Zares08\n","uploadtime":1697571492,"views":5,"p1id":"zares08","p2id":"kjbkjbjb","formatid":"gen9nationaldexdoubles","rating":1091,"private":0,"password":""}