{"id":"gen9nationaldexdoubles-1967566848","p1":"Agame4free","p2":"Nfjj ngfk","format":"[Gen 9] National Dex Doubles","log":"|j|\u2606Agame4free\n|j|\u2606Nfjj ngfk\n|t:|1697314367\n|gametype|doubles\n|player|p1|Agame4free|ethan|1033\n|player|p2|Nfjj ngfk|lucas|1000\n|teamsize|p1|6\n|teamsize|p2|6\n|gen|9\n|tier|[Gen 9] National Dex Doubles\n|rated|\n|rule|HP Percentage Mod: HP is shown in percentages\n|rule|Endless Battle Clause: Forcing endless battles is banned\n|rule|OHKO Clause: OHKO moves are banned\n|rule|Evasion Moves Clause: Evasion moves are banned\n|rule|Evasion Abilities Clause: Evasion abilities are banned\n|rule|Species Clause: Limit one of each Pok\u00e9mon\n|rule|Gravity Sleep Clause: The combination of sleep-inducing moves with imperfect accuracy and Gravity or Gigantamax Orbeetle are banned\n|clearpoke\n|poke|p1|Basculegion-F, F|\n|poke|p1|Primarina, F|\n|poke|p1|Carbink|\n|poke|p1|Sharpedo, F|\n|poke|p1|Dragonite, M|\n|poke|p1|Dracovish|\n|poke|p2|Indeedee, M|\n|poke|p2|Deoxys-Attack|\n|poke|p2|Typhlosion, M|\n|poke|p2|Kartana|\n|poke|p2|Murkrow, M|\n|poke|p2|Shuckle, M|\n|teampreview\n|inactive|Battle timer is ON: inactive players will automatically lose when time's up. (requested by Nfjj ngfk)\n|\n|t:|1697314379\n|start\n|switch|p1a: Primarina|Primarina, F|100\/100\n|switch|p1b: Sharpedo|Sharpedo, F|100\/100\n|switch|p2a: Murkrow|Murkrow, M|100\/100\n|switch|p2b: Shuckle|Shuckle, M|100\/100\n|turn|1\n|\n|t:|1697314398\n|move|p2a: Murkrow|Perish Song|p2a: Murkrow\n|-start|p1a: Primarina|perish3|[silent]\n|-start|p1b: Sharpedo|perish3|[silent]\n|-start|p2a: Murkrow|perish3|[silent]\n|-start|p2b: Shuckle|perish3|[silent]\n|-fieldactivate|move: Perish Song\n|move|p1b: Sharpedo|Waterfall|p2a: Murkrow\n|-damage|p2a: Murkrow|48\/100\n|move|p1a: Primarina|Hyper Voice|p2b: Shuckle|[spread] p2a,p2b\n|-supereffective|p2b: Shuckle\n|-damage|p2a: Murkrow|0 fnt\n|-damage|p2b: Shuckle|59\/100\n|faint|p2a: Murkrow\n|-enditem|p1a: Primarina|Throat Spray\n|-boost|p1a: Primarina|spa|1|[from] item: Throat Spray\n|move|p2b: Shuckle|Stealth Rock|p1a: Primarina\n|-sidestart|p1: Agame4free|move: Stealth Rock\n|\n|-start|p1b: Sharpedo|perish3\n|-start|p1a: Primarina|perish3\n|-start|p2b: Shuckle|perish3\n|-ability|p1b: Sharpedo|Speed Boost|boost\n|-boost|p1b: Sharpedo|spe|1\n|upkeep\n|inactive|Nfjj ngfk has 120 seconds left.\n|\n|t:|1697314421\n|switch|p2a: Kartana|Kartana|100\/100\n|turn|2\n|\n|t:|1697314437\n|move|p2a: Kartana|Leaf Blade|p1b: Sharpedo\n|-supereffective|p1b: Sharpedo\n|-damage|p1b: Sharpedo|0 fnt\n|faint|p1b: Sharpedo\n|-ability|p2a: Kartana|Beast Boost|boost\n|-boost|p2a: Kartana|atk|1\n|move|p1a: Primarina|Hyper Voice|p2a: Kartana|[spread] p2a,p2b\n|-resisted|p2a: Kartana\n|-supereffective|p2b: Shuckle\n|-damage|p2a: Kartana|23\/100\n|-damage|p2b: Shuckle|0 fnt\n|faint|p2b: Shuckle\n|\n|-start|p1a: Primarina|perish2\n|upkeep\n|inactive|Nfjj ngfk has 120 seconds left.\n|\n|t:|1697314470\n|switch|p1b: Basculegion|Basculegion-F, F|100\/100\n|switch|p2b: Typhlosion|Typhlosion, M|100\/100\n|-damage|p1b: Basculegion|88\/100|[from] Stealth Rock\n|turn|3\n|\n|t:|1697314484\n|move|p2b: Typhlosion|Seismic Toss|p1a: Primarina\n|-damage|p1a: Primarina|67\/100\n|move|p2a: Kartana|Leaf Blade|p1b: Basculegion\n|-supereffective|p1b: Basculegion\n|-damage|p1b: Basculegion|0 fnt\n|faint|p1b: Basculegion\n|-ability|p2a: Kartana|Beast Boost|boost\n|-boost|p2a: Kartana|atk|1\n|move|p1a: Primarina|Hyper Voice|p2a: Kartana|[spread] p2a,p2b\n|-resisted|p2a: Kartana\n|-supereffective|p2b: Typhlosion\n|-damage|p2a: Kartana|0 fnt\n|-damage|p2b: Typhlosion|0 fnt\n|faint|p2a: Kartana\n|faint|p2b: Typhlosion\n|\n|-start|p1a: Primarina|perish1\n|upkeep\n|\n|t:|1697314500\n|switch|p2b: Deoxys|Deoxys-Attack|100\/100\n|switch|p2a: Indeedee|Indeedee, M|100\/100\n|switch|p1b: Dragonite|Dragonite, M|100\/100\n|-ability|p2b: Deoxys|Pressure\n|-fieldstart|move: Psychic Terrain|[from] ability: Psychic Surge|[of] p2a: Indeedee\n|-damage|p1b: Dragonite|76\/100|[from] Stealth Rock\n|turn|4\n|inactive|Nfjj ngfk has 120 seconds left.\n|inactive|Nfjj ngfk has 90 seconds left.\n|\n|t:|1697314562\n|switch|p1a: Carbink|Carbink|100\/100\n|-damage|p1a: Carbink|88\/100|[from] Stealth Rock\n|-terastallize|p2a: Indeedee|Psychic\n|move|p2b: Deoxys|Psyshock|p1a: Carbink\n|-damage|p1a: Carbink|37\/100\n|move|p2a: Indeedee|Expanding Force|p1b: Dragonite|[spread] p1a,p1b\n|-damage|p1a: Carbink|0 fnt\n|-damage|p1b: Dragonite|0 fnt\n|faint|p1a: Carbink\n|faint|p1b: Dragonite\n|\n|upkeep\n|inactive|Agame4free has 120 seconds left.\n|\n|t:|1697314580\n|switch|p1b: Primarina|Primarina, F|67\/100\n|switch|p1a: Dracovish|Dracovish|100\/100\n|-damage|p1a: Dracovish|88\/100|[from] Stealth Rock\n|-damage|p1b: Primarina|55\/100|[from] Stealth Rock\n|turn|5\n|\n|t:|1697314595\n|move|p2b: Deoxys|Psyshock|p1a: Dracovish\n|-damage|p1a: Dracovish|17\/100\n|move|p2a: Indeedee|Expanding Force|p1b: Primarina|[spread] p1a,p1b\n|-crit|p1a: Dracovish\n|-damage|p1a: Dracovish|0 fnt\n|-damage|p1b: Primarina|0 fnt\n|faint|p1a: Dracovish\n|faint|p1b: Primarina\n|\n|win|Nfjj ngfk\n|raw|Agame4free's rating: 1033 &rarr; <strong>1017<\/strong><br \/>(-16 for losing)\n|raw|Nfjj ngfk's rating: 1000 &rarr; <strong>1044<\/strong><br \/>(+44 for winning)\n|l|\u2606Agame4free\n","uploadtime":1697314609,"views":7,"p1id":"agame4free","p2id":"nfjjngfk","formatid":"gen9nationaldexdoubles","rating":1017,"private":0,"password":""}