{"id":"gen9nationaldexdoubles-1978774126","p1":"schoolteen","p2":"Rikard & Frida","format":"[Gen 9] National Dex Doubles","log":"|j|\u2606schoolteen\n|j|\u2606Rikard & Frida\n|t:|1698593499\n|gametype|doubles\n|player|p1|schoolteen|cheryl|1092\n|player|p2|Rikard & Frida|youngcouple-gen4dp|1161\n|teamsize|p1|6\n|teamsize|p2|6\n|gen|9\n|tier|[Gen 9] National Dex Doubles\n|rated|\n|rule|HP Percentage Mod: HP is shown in percentages\n|rule|Endless Battle Clause: Forcing endless battles is banned\n|rule|OHKO Clause: OHKO moves are banned\n|rule|Evasion Moves Clause: Evasion moves are banned\n|rule|Evasion Abilities Clause: Evasion abilities are banned\n|rule|Species Clause: Limit one of each Pok\u00e9mon\n|rule|Gravity Sleep Clause: The combination of sleep-inducing moves with imperfect accuracy and Gravity or Gigantamax Orbeetle are banned\n|clearpoke\n|poke|p1|Sandaconda, M|\n|poke|p1|Lycanroc-Dusk, M|\n|poke|p1|Sandslash, M|\n|poke|p1|Ogerpon-Cornerstone, F|\n|poke|p1|Sudowoodo, M|\n|poke|p1|Magcargo, F|\n|poke|p2|Electivire, M|\n|poke|p2|Porygon-Z|\n|poke|p2|Sceptile, M|\n|poke|p2|Infernape, M|\n|poke|p2|Greninja-*, M|\n|poke|p2|Salamence, M|\n|teampreview\n|inactive|Battle timer is ON: inactive players will automatically lose when time's up. (requested by Rikard & Frida)\n|inactive|schoolteen also wants the timer to be on.\n|inactive|schoolteen has 120 seconds left.\n|\n|t:|1698593529\n|start\n|switch|p1a: Sandaconda|Sandaconda, M|100\/100\n|switch|p1b: Magcargo|Magcargo, F|100\/100\n|switch|p2a: Infernape|Infernape, M|100\/100\n|switch|p2b: Salamence|Salamence, M|100\/100\n|-ability|p2b: Salamence|Intimidate|boost\n|-unboost|p1a: Sandaconda|atk|1\n|-unboost|p1b: Magcargo|atk|1\n|turn|1\n|\n|t:|1698593550\n|detailschange|p2b: Salamence|Salamence-Mega, M\n|-mega|p2b: Salamence|Salamence|Salamencite\n|move|p1b: Magcargo|Endure|p1b: Magcargo\n|-singleturn|p1b: Magcargo|move: Endure\n|move|p2a: Infernape|Fake Out|p1b: Magcargo\n|-resisted|p1b: Magcargo\n|-damage|p1b: Magcargo|91\/100\n|-ability|p1b: Magcargo|Weak Armor|boost\n|-unboost|p1b: Magcargo|def|1\n|-boost|p1b: Magcargo|spe|2\n|-damage|p2a: Infernape|91\/100|[from] item: Life Orb\n|move|p2b: Salamence|Dragon Dance|p2b: Salamence\n|-boost|p2b: Salamence|atk|1\n|-boost|p2b: Salamence|spe|1\n|move|p1a: Sandaconda|Coil|p1a: Sandaconda\n|-boost|p1a: Sandaconda|atk|1\n|-boost|p1a: Sandaconda|def|1\n|-boost|p1a: Sandaconda|accuracy|1\n|\n|upkeep\n|turn|2\n|inactive|schoolteen has 120 seconds left.\n|\n|t:|1698593585\n|move|p2b: Salamence|Brick Break|p1b: Magcargo\n|-supereffective|p1b: Magcargo\n|-damage|p1b: Magcargo|0 fnt\n|faint|p1b: Magcargo\n|move|p2a: Infernape|U-turn|p1a: Sandaconda\n|-damage|p1a: Sandaconda|83\/100\n|-weather|Sandstorm|[from] ability: Sand Spit|[of] p1a: Sandaconda\n|-damage|p2a: Infernape|81\/100|[from] item: Life Orb\n|inactive|Rikard & Frida has 120 seconds left.\n|\n|t:|1698593601\n|switch|p2a: Greninja|Greninja, M|100\/100|[from] U-turn\n|move|p1a: Sandaconda|Thunder Fang|p2b: Salamence\n|-damage|p2b: Salamence|84\/100\n|-status|p2b: Salamence|par\n|\n|-weather|Sandstorm|[upkeep]\n|-damage|p2a: Greninja|95\/100|[from] Sandstorm\n|-damage|p2b: Salamence|78\/100 par|[from] Sandstorm\n|upkeep\n|inactive|schoolteen has 120 seconds left.\n|\n|t:|1698593619\n|switch|p1b: Ogerpon|Ogerpon-Cornerstone, F|100\/100\n|turn|3\n|\n|t:|1698593633\n|switch|p1a: Sudowoodo|Sudowoodo, M|100\/100\n|-terastallize|p2a: Greninja|Water\n|move|p2a: Greninja|Water Shuriken|p1a: Sudowoodo\n|-supereffective|p1a: Sudowoodo\n|-damage|p1a: Sudowoodo|85\/100\n|-supereffective|p1a: Sudowoodo\n|-damage|p1a: Sudowoodo|69\/100\n|-supereffective|p1a: Sudowoodo\n|-damage|p1a: Sudowoodo|54\/100\n|-supereffective|p1a: Sudowoodo\n|-crit|p1a: Sudowoodo\n|-damage|p1a: Sudowoodo|26\/100\n|-hitcount|p1a: Sudowoodo|4\n|move|p1b: Ogerpon|Swords Dance|p1b: Ogerpon\n|-boost|p1b: Ogerpon|atk|2\n|move|p2b: Salamence|Double-Edge|p1b: Ogerpon\n|-ability|p1b: Ogerpon|Sturdy\n|-damage|p1b: Ogerpon|1\/100\n|-damage|p2b: Salamence|48\/100 par|[from] Recoil\n|\n|-weather|Sandstorm|[upkeep]\n|-damage|p2a: Greninja|89\/100|[from] Sandstorm\n|-damage|p2b: Salamence|42\/100 par|[from] Sandstorm\n|upkeep\n|turn|4\n|inactive|schoolteen has 120 seconds left.\n|\n|t:|1698593673\n|move|p2a: Greninja|Water Shuriken|p1b: Ogerpon\n|-damage|p1b: Ogerpon|0 fnt\n|faint|p1b: Ogerpon\n|-ability|p2a: Greninja|Battle Bond|boost\n|-boost|p2a: Greninja|atk|1\n|-boost|p2a: Greninja|spa|1\n|-boost|p2a: Greninja|spe|1\n|-activate|p2a: Greninja|ability: Battle Bond\n|-hitcount|p1: Ogerpon|1\n|move|p1a: Sudowoodo|Sucker Punch||[still]\n|-fail|p1a: Sudowoodo\n|move|p2b: Salamence|Brick Break|p1a: Sudowoodo\n|-supereffective|p1a: Sudowoodo\n|-damage|p1a: Sudowoodo|0 fnt\n|faint|p1a: Sudowoodo\n|\n|-weather|Sandstorm|[upkeep]\n|-damage|p2a: Greninja|83\/100|[from] Sandstorm\n|-damage|p2b: Salamence|36\/100 par|[from] Sandstorm\n|upkeep\n|\n|t:|1698593685\n|switch|p1b: Lycanroc|Lycanroc-Dusk, M|100\/100\n|switch|p1a: Sandslash|Sandslash, M|100\/100\n|turn|5\n|inactive|schoolteen has 120 seconds left.\n|\n|t:|1698593705\n|move|p2a: Greninja|Water Shuriken|p1b: Lycanroc\n|-supereffective|p1b: Lycanroc\n|-damage|p1b: Lycanroc|63\/100\n|-supereffective|p1b: Lycanroc\n|-damage|p1b: Lycanroc|30\/100\n|-supereffective|p1b: Lycanroc\n|-damage|p1b: Lycanroc|0 fnt\n|faint|p1b: Lycanroc\n|-hitcount|p1: Lycanroc|3\n|move|p1a: Sandslash|Gunk Shot|p2a: Greninja|[miss]\n|-miss|p1a: Sandslash|p2a: Greninja\n|move|p2b: Salamence|Double-Edge|p1a: Sandslash\n|-enditem|p1a: Sandslash|Focus Sash\n|-damage|p1a: Sandslash|1\/100\n|-damage|p2b: Salamence|7\/100 par|[from] Recoil\n|\n|-weather|Sandstorm|[upkeep]\n|-damage|p2a: Greninja|77\/100|[from] Sandstorm\n|-damage|p2b: Salamence|1\/100 par|[from] Sandstorm\n|upkeep\n|\n|t:|1698593726\n|switch|p1b: Sandaconda|Sandaconda, M|83\/100\n|turn|6\n|\n|t:|1698593742\n|move|p2a: Greninja|Water Shuriken|p1a: Sandslash\n|-supereffective|p1a: Sandslash\n|-damage|p1a: Sandslash|0 fnt\n|faint|p1a: Sandslash\n|-hitcount|p1: Sandslash|1\n|move|p2b: Salamence|Double-Edge|p1b: Sandaconda\n|-damage|p1b: Sandaconda|0 fnt\n|faint|p1b: Sandaconda\n|-damage|p2b: Salamence|0 fnt|[from] Recoil\n|faint|p2b: Salamence\n|\n|win|Rikard & Frida\n|raw|schoolteen's rating: 1092 &rarr; <strong>1073<\/strong><br \/>(-19 for losing)\n|raw|Rikard &amp; Frida's rating: 1161 &rarr; <strong>1181<\/strong><br \/>(+20 for winning)\n|l|\u2606schoolteen\n","uploadtime":1698593755,"views":10,"p1id":"schoolteen","p2id":"rikardfrida","formatid":"gen9nationaldexdoubles","rating":1073,"private":0,"password":""}