{"id":"gen9nationaldexdoubles-1982211415","p1":"DazzlingBrilliance","p2":"AdversePlayer","format":"[Gen 9] National Dex Doubles","log":"|j|\u2606DazzlingBrilliance\n|j|\u2606AdversePlayer\n|t:|1698979730\n|gametype|doubles\n|player|p1|DazzlingBrilliance|striker|1052\n|player|p2|AdversePlayer|1|1115\n|teamsize|p1|6\n|teamsize|p2|6\n|gen|9\n|tier|[Gen 9] National Dex Doubles\n|rated|\n|rule|HP Percentage Mod: HP is shown in percentages\n|rule|Endless Battle Clause: Forcing endless battles is banned\n|rule|OHKO Clause: OHKO moves are banned\n|rule|Evasion Moves Clause: Evasion moves are banned\n|rule|Evasion Abilities Clause: Evasion abilities are banned\n|rule|Species Clause: Limit one of each Pok\u00e9mon\n|rule|Gravity Sleep Clause: The combination of sleep-inducing moves with imperfect accuracy and Gravity or Gigantamax Orbeetle are banned\n|clearpoke\n|poke|p1|Qwilfish, M|\n|poke|p1|Chandelure, M|\n|poke|p1|Altaria, M|\n|poke|p1|Eldegoss, M|\n|poke|p1|Jirachi|\n|poke|p1|Hitmontop, M|\n|poke|p2|Marowak-Alola, M|\n|poke|p2|Sudowoodo, M|\n|poke|p2|Sinistcha|\n|poke|p2|Mimikyu, F|\n|poke|p2|Glastrier|\n|poke|p2|Ursaluna-Bloodmoon, M|\n|teampreview\n|\n|t:|1698979768\n|start\n|switch|p1a: Qweefish|Qwilfish, M, shiny|100\/100\n|switch|p1b: Jirachi|Jirachi, shiny|100\/100\n|switch|p2a: Mimikyu|Mimikyu, F|100\/100\n|switch|p2b: Sudowoodo|Sudowoodo, M, shiny|100\/100\n|-ability|p1a: Qweefish|Intimidate|boost\n|-unboost|p2a: Mimikyu|atk|1\n|-unboost|p2b: Sudowoodo|atk|1\n|turn|1\n|\n|t:|1698979784\n|-terastallize|p2b: Sudowoodo|Rock\n|move|p1b: Jirachi|Cosmic Power|p1b: Jirachi\n|-boost|p1b: Jirachi|def|1\n|-boost|p1b: Jirachi|spd|1\n|move|p1a: Qweefish|Icy Wind|p2a: Mimikyu|[spread] p2a\n|-miss|p1a: Qweefish|p2b: Sudowoodo\n|-activate|p2a: Mimikyu|ability: Disguise\n|-damage|p2a: Mimikyu|100\/100\n|-unboost|p2a: Mimikyu|spe|1\n|detailschange|p2a: Mimikyu|Mimikyu-Busted, F\n|-damage|p2a: Mimikyu|88\/100|[from] pokemon: Mimikyu-Busted\n|move|p2b: Sudowoodo|Head Smash|p1b: Jirachi\n|-resisted|p1b: Jirachi\n|-damage|p1b: Jirachi|81\/100\n|move|p2a: Mimikyu|Trick Room|p2a: Mimikyu\n|-fieldstart|move: Trick Room|[of] p2a: Mimikyu\n|\n|-heal|p1b: Jirachi|87\/100|[from] item: Leftovers\n|upkeep\n|turn|2\n|\n|t:|1698979817\n|move|p2b: Sudowoodo|Head Smash|p1a: Qweefish\n|-damage|p1a: Qweefish|22\/100\n|move|p2a: Mimikyu|Thunder Wave|p1b: Jirachi\n|-status|p1b: Jirachi|par\n|move|p1b: Jirachi|Cosmic Power|p1b: Jirachi\n|-boost|p1b: Jirachi|def|1\n|-boost|p1b: Jirachi|spd|1\n|move|p1a: Qweefish|Thunder Wave|p2a: Mimikyu\n|-status|p2a: Mimikyu|par\n|\n|-heal|p1b: Jirachi|93\/100 par|[from] item: Leftovers\n|-heal|p1a: Qweefish|27\/100|[from] item: Leftovers\n|upkeep\n|turn|3\n|\n|t:|1698979839\n|switch|p1a: Eldegoss|Eldegoss, M, shiny|100\/100\n|move|p2b: Sudowoodo|Head Smash|p1a: Eldegoss\n|-damage|p1a: Eldegoss|37\/100\n|move|p2a: Mimikyu|Thunder Wave|p1a: Eldegoss\n|-status|p1a: Eldegoss|par\n|move|p1b: Jirachi|Charge Beam|p2a: Mimikyu|[miss]\n|-miss|p1b: Jirachi|p2a: Mimikyu\n|\n|-heal|p1a: Eldegoss|43\/100 par|[from] item: Leftovers\n|-heal|p1b: Jirachi|99\/100 par|[from] item: Leftovers\n|upkeep\n|turn|4\n|inactive|Battle timer is ON: inactive players will automatically lose when time's up. (requested by AdversePlayer)\n|inactive|DazzlingBrilliance has 120 seconds left.\n|\n|t:|1698979931\n|switch|p1a: Hitmontop|Hitmontop, M, shiny|100\/100\n|move|p2b: Sudowoodo|Head Smash|p1a: Hitmontop\n|-resisted|p1a: Hitmontop\n|-damage|p1a: Hitmontop|60\/100\n|move|p2a: Mimikyu|Play Rough|p1b: Jirachi\n|-resisted|p1b: Jirachi\n|-damage|p1b: Jirachi|93\/100 par\n|move|p1b: Jirachi|Charge Beam|p2a: Mimikyu\n|-damage|p2a: Mimikyu|72\/100 par\n|-boost|p1b: Jirachi|spa|1\n|\n|-heal|p1b: Jirachi|99\/100 par|[from] item: Leftovers\n|upkeep\n|turn|5\n|inactive|DazzlingBrilliance has 120 seconds left.\n|inactive|AdversePlayer has 120 seconds left.\n|\n|t:|1698979982\n|move|p2b: Sudowoodo|Head Smash|p1a: Hitmontop\n|-resisted|p1a: Hitmontop\n|-damage|p1a: Hitmontop|22\/100\n|move|p2a: Mimikyu|Play Rough|p1a: Hitmontop\n|-supereffective|p1a: Hitmontop\n|-damage|p1a: Hitmontop|0 fnt\n|faint|p1a: Hitmontop\n|move|p1b: Jirachi|Charge Beam|p2a: Mimikyu\n|-damage|p2a: Mimikyu|45\/100 par\n|-boost|p1b: Jirachi|spa|1\n|\n|-heal|p1b: Jirachi|100\/100 par|[from] item: Leftovers\n|-fieldend|move: Trick Room\n|upkeep\n|inactive|DazzlingBrilliance has 90 seconds left.\n|\n|t:|1698979998\n|switch|p1a: Qweefish|Qwilfish, M, shiny|27\/100\n|-ability|p1a: Qweefish|Intimidate|boost\n|-unboost|p2a: Mimikyu|atk|1\n|-unboost|p2b: Sudowoodo|atk|1\n|turn|6\n|inactive|DazzlingBrilliance has 90 seconds left.\n|\n|t:|1698980029\n|switch|p2b: Sinistcha|Sinistcha|100\/100\n|-heal|p2a: Mimikyu|70\/100 par|[from] ability: Hospitality|[of] p2b: Sinistcha\n|move|p1a: Qweefish|Thunder Wave|p2b: Sinistcha\n|-status|p2b: Sinistcha|par\n|move|p1b: Jirachi|Charge Beam|p2a: Mimikyu\n|-damage|p2a: Mimikyu|34\/100 par\n|-boost|p1b: Jirachi|spa|1\n|cant|p2a: Mimikyu|par\n|\n|-heal|p1a: Qweefish|33\/100|[from] item: Leftovers\n|upkeep\n|turn|7\n|inactive|DazzlingBrilliance has 90 seconds left.\n|\n|t:|1698980058\n|move|p1a: Qweefish|Acupressure|p1b: Jirachi\n|-boost|p1b: Jirachi|spe|2\n|cant|p1b: Jirachi|par\n|move|p2a: Mimikyu|Destiny Bond|p2a: Mimikyu\n|-singlemove|p2a: Mimikyu|Destiny Bond\n|move|p2b: Sinistcha|Trick Room|p2b: Sinistcha\n|-fieldstart|move: Trick Room|[of] p2b: Sinistcha\n|\n|-heal|p1a: Qweefish|39\/100|[from] item: Leftovers\n|upkeep\n|turn|8\n|inactive|DazzlingBrilliance has 90 seconds left.\n|\n|t:|1698980086\n|move|p2b: Sinistcha|Life Dew||[still]|[spread] p2a,p2b\n|-heal|p2a: Mimikyu|59\/100 par\n|-fail|p2b: Sinistcha|heal\n|move|p2a: Mimikyu|Thunder Wave|p1a: Qweefish\n|-status|p1a: Qweefish|par\n|move|p1a: Qweefish|Acupressure|p1b: Jirachi\n|-boost|p1b: Jirachi|spa|2\n|cant|p1b: Jirachi|par\n|\n|-heal|p1a: Qweefish|45\/100 par|[from] item: Leftovers\n|upkeep\n|turn|9\n|inactive|DazzlingBrilliance has 90 seconds left.\n|inactive|AdversePlayer has 120 seconds left.\n|inactive|DazzlingBrilliance has 60 seconds left.\n|inactive|DazzlingBrilliance has 30 seconds left.\n|\n|t:|1698980166\n|switch|p2b: Sudowoodo|Sudowoodo, M, shiny, tera:Rock|100\/100\n|move|p2a: Mimikyu|Play Rough|p1a: Qweefish\n|-resisted|p1a: Qweefish\n|-damage|p1a: Qweefish|34\/100 par\n|move|p1a: Qweefish|Acupressure|p1a: Qweefish\n|-boost|p1a: Qweefish|evasion|2\n|cant|p1b: Jirachi|par\n|\n|-heal|p1a: Qweefish|40\/100 par|[from] item: Leftovers\n|upkeep\n|turn|10\n|\n|t:|1698980188\n|cant|p1a: Qweefish|par\n|move|p2b: Sudowoodo|Head Smash|p1a: Qweefish|[miss]\n|-miss|p2b: Sudowoodo|p1a: Qweefish\n|cant|p2a: Mimikyu|par\n|cant|p1b: Jirachi|par\n|\n|-heal|p1a: Qweefish|46\/100 par|[from] item: Leftovers\n|upkeep\n|turn|11\n|inactive|DazzlingBrilliance has 60 seconds left.\n|\n|t:|1698980217\n|move|p2b: Sudowoodo|Head Smash|p1a: Qweefish\n|-damage|p1a: Qweefish|0 fnt\n|faint|p1a: Qweefish\n|move|p2a: Mimikyu|Play Rough|p1b: Jirachi\n|-resisted|p1b: Jirachi\n|-damage|p1b: Jirachi|96\/100 par\n|move|p1b: Jirachi|Cosmic Power|p1b: Jirachi\n|-boost|p1b: Jirachi|def|1\n|-boost|p1b: Jirachi|spd|1\n|\n|-heal|p1b: Jirachi|100\/100 par|[from] item: Leftovers\n|-fieldend|move: Trick Room\n|upkeep\n|inactive|DazzlingBrilliance has 30 seconds left.\n|\n|t:|1698980234\n|switch|p1a: Chandelure|Chandelure, M, shiny|100\/100\n|turn|12\n|inactive|DazzlingBrilliance has 30 seconds left.\n|inactive|DazzlingBrilliance has 20 seconds left.\n|inactive|DazzlingBrilliance has 15 seconds left.\n|inactive|DazzlingBrilliance has 10 seconds left.\n|inactive|DazzlingBrilliance has 5 seconds left.\n|-message|DazzlingBrilliance lost due to inactivity.\n|\n|win|AdversePlayer\n|raw|DazzlingBrilliance's rating: 1052 &rarr; <strong>1037<\/strong><br \/>(-15 for losing)\n|raw|AdversePlayer's rating: 1115 &rarr; <strong>1136<\/strong><br \/>(+21 for winning)\n","uploadtime":1698980301,"views":10,"p1id":"dazzlingbrilliance","p2id":"adverseplayer","formatid":"gen9nationaldexdoubles","rating":1037,"private":0,"password":""}