{"id":"gen9nationaldexdoubles-1969667983","p1":"kooflah","p2":"Minicpsito","format":"[Gen 9] National Dex Doubles","log":"|j|\u2606kooflah\n|j|\u2606Minicpsito\n|t:|1697556245\n|gametype|doubles\n|player|p1|kooflah|169|1223\n|player|p2|Minicpsito|pokekid|1329\n|teamsize|p1|6\n|teamsize|p2|6\n|gen|9\n|tier|[Gen 9] National Dex Doubles\n|rated|\n|rule|HP Percentage Mod: HP is shown in percentages\n|rule|Endless Battle Clause: Forcing endless battles is banned\n|rule|OHKO Clause: OHKO moves are banned\n|rule|Evasion Moves Clause: Evasion moves are banned\n|rule|Evasion Abilities Clause: Evasion abilities are banned\n|rule|Species Clause: Limit one of each Pok\u00e9mon\n|rule|Gravity Sleep Clause: The combination of sleep-inducing moves with imperfect accuracy and Gravity or Gigantamax Orbeetle are banned\n|clearpoke\n|poke|p1|Gardevoir, M|\n|poke|p1|Thundurus, M|\n|poke|p1|Landorus-Therian, M|\n|poke|p1|Ting-Lu|\n|poke|p1|Chi-Yu|\n|poke|p1|Sinistcha-Masterpiece|\n|poke|p2|Rotom-Wash|\n|poke|p2|Wo-Chien|\n|poke|p2|Amoonguss, F|\n|poke|p2|Garganacl, F|\n|poke|p2|Grimmsnarl, M|\n|poke|p2|Charizard, M|\n|teampreview\n|\n|t:|1697556259\n|start\n|switch|p1a: Thundurus|Thundurus, M|100\/100\n|switch|p1b: Landorus|Landorus-Therian, M|100\/100\n|switch|p2a: Charizard|Charizard, M|100\/100\n|switch|p2b: Grimmsnarl|Grimmsnarl, M, shiny|100\/100\n|-ability|p1b: Landorus|Intimidate|boost\n|-unboost|p2a: Charizard|atk|1\n|-unboost|p2b: Grimmsnarl|atk|1\n|turn|1\n|inactive|Battle timer is ON: inactive players will automatically lose when time's up. (requested by kooflah)\n|inactive|kooflah has 120 seconds left.\n|\n|t:|1697556295\n|switch|p2a: Wo-Chien|Wo-Chien|100\/100\n|-ability|p2a: Wo-Chien|Tablets of Ruin\n|move|p1a: Thundurus|Thunder Wave|p2a: Wo-Chien\n|-hint|Since gen 7, Dark is immune to Prankster moves.\n|-immune|p2a: Wo-Chien\n|move|p2b: Grimmsnarl|Reflect|p2b: Grimmsnarl\n|-sidestart|p2: Minicpsito|Reflect\n|move|p1b: Landorus|Stone Edge|p2a: Wo-Chien\n|-damage|p2a: Wo-Chien|83\/100\n|\n|-heal|p2a: Wo-Chien|89\/100|[from] item: Leftovers\n|upkeep\n|turn|2\n|c|\u2606kooflah|!dt Tablets of Ruin\n|raw|<ul class=\"utilichart\"><li class=\"result\"><span class=\"col namecol\"><a href=\"https:\/\/dex.pokemonshowdown.com\/abilities\/tabletsofruin\">Tablets of Ruin<\/a><\/span> <span class=\"col abilitydesccol\">Active Pokemon without this Ability have their Attack multiplied by 0.75.<\/span> <\/li><li style=\"clear:both\"><\/li><\/ul>\n|raw|<font size=\"1\"><font color=\"#686868\">Gen:<\/font> 9<\/font>\n\n|\n|t:|1697556316\n|move|p1b: Landorus|Stone Edge|p2a: Wo-Chien\n|-damage|p2a: Wo-Chien|71\/100\n|move|p1a: Thundurus|U-turn|p2a: Wo-Chien\n|-supereffective|p2a: Wo-Chien\n|-damage|p2a: Wo-Chien|32\/100\n|\n|t:|1697556324\n|switch|p1a: Gardevoir|Gardevoir, M, shiny|100\/100|[from] U-turn\n|move|p2a: Wo-Chien|Leech Seed|p1b: Landorus\n|-start|p1b: Landorus|move: Leech Seed\n|move|p2b: Grimmsnarl|Spirit Break|p1a: Gardevoir\n|-damage|p1a: Gardevoir|73\/100\n|-unboost|p1a: Gardevoir|spa|1\n|\n|-heal|p2a: Wo-Chien|38\/100|[from] item: Leftovers\n|-damage|p1b: Landorus|88\/100|[from] Leech Seed|[of] p2a: Wo-Chien\n|-heal|p2a: Wo-Chien|48\/100|[silent]\n|upkeep\n|turn|3\n|inactive|Minicpsito has 120 seconds left.\n|\n|t:|1697556360\n|switch|p1b: Sinistcha|Sinistcha-Masterpiece, shiny|100\/100\n|-heal|p1a: Gardevoir|98\/100|[from] ability: Hospitality|[of] p1b: Sinistcha\n|detailschange|p1a: Gardevoir|Gardevoir-Mega, M, shiny\n|-mega|p1a: Gardevoir|Gardevoir|Gardevoirite\n|move|p2a: Wo-Chien|Protect|p2a: Wo-Chien\n|-singleturn|p2a: Wo-Chien|Protect\n|move|p1a: Gardevoir|Hyper Voice|p2b: Grimmsnarl|[spread] p2b\n|-activate|p2a: Wo-Chien|move: Protect\n|-supereffective|p2b: Grimmsnarl\n|-damage|p2b: Grimmsnarl|46\/100\n|move|p2b: Grimmsnarl|Spirit Break|p1a: Gardevoir\n|-damage|p1a: Gardevoir|71\/100\n|-unboost|p1a: Gardevoir|spa|1\n|\n|-heal|p2a: Wo-Chien|54\/100|[from] item: Leftovers\n|upkeep\n|turn|4\n|inactive|Minicpsito has 120 seconds left.\n|inactive|kooflah has 120 seconds left.\n|c|\u2606kooflah|!dt Spirit Break\n|raw|<ul class=\"utilichart\"><li class=\"result\"><span class=\"col movenamecol\"><a href=\"https:\/\/dex.pokemonshowdown.com\/moves\/spiritbreak\">Spirit Break<\/a><\/span> <span class=\"col typecol\"><img src=\"\/\/play.pokemonshowdown.com\/sprites\/types\/Fairy.png\" alt=\"Fairy\" width=\"32\" height=\"14\"><img src=\"\/\/play.pokemonshowdown.com\/sprites\/categories\/Physical.png\" alt=\"Physical\" width=\"32\" height=\"14\"><\/span> <span class=\"col labelcol\"><em>Power<\/em><br>75<\/span> <span class=\"col widelabelcol\"><em>Accuracy<\/em><br>100%<\/span> <span class=\"col pplabelcol\"><em>PP<\/em><br>24<\/span> <span class=\"col movedesccol\">100% chance to lower the target's Sp. Atk by 1.<\/span> <\/li><li style=\"clear:both\"><\/li><\/ul>\n|raw|<font size=\"1\"><font color=\"#686868\">Priority:<\/font> 0&nbsp;|&ThickSpace;<font color=\"#686868\">Gen:<\/font> 8&nbsp;|&ThickSpace;&#10003; Boosted by Sheer Force&nbsp;|&ThickSpace;&#10003; Contact&nbsp;|&ThickSpace;<font color=\"#686868\">Z-Power:<\/font> 140&nbsp;|&ThickSpace;<font color=\"#686868\">Dynamax Power:<\/font> 130&nbsp;|&ThickSpace;<font color=\"#686868\">Target:<\/font> One Adjacent Pok\u00e9mon<\/font>\n\n|inactive|kooflah has 90 seconds left.\n|\n|t:|1697556434\n|switch|p1a: Landorus|Landorus-Therian, M|88\/100\n|-ability|p1a: Landorus|Intimidate|boost\n|-unboost|p2a: Wo-Chien|atk|1\n|-unboost|p2b: Grimmsnarl|atk|1\n|move|p2b: Grimmsnarl|Light Screen|p2b: Grimmsnarl\n|-sidestart|p2: Minicpsito|move: Light Screen\n|move|p2a: Wo-Chien|Leech Seed|p1a: Landorus\n|-start|p1a: Landorus|move: Leech Seed\n|move|p1b: Sinistcha|Strength Sap|p2a: Wo-Chien\n|-unboost|p2a: Wo-Chien|atk|1\n|\n|-heal|p2a: Wo-Chien|60\/100|[from] item: Leftovers\n|-damage|p1a: Landorus|76\/100|[from] Leech Seed|[of] p2a: Wo-Chien\n|-heal|p2a: Wo-Chien|71\/100|[silent]\n|upkeep\n|turn|5\n|inactive|kooflah has 90 seconds left.\n|\n|t:|1697556474\n|move|p2b: Grimmsnarl|Parting Shot|p1a: Landorus\n|-unboost|p1a: Landorus|atk|1\n|-unboost|p1a: Landorus|spa|1\n|\n|t:|1697556477\n|switch|p2b: Charizard|Charizard, M|100\/100|[from] Parting Shot\n|move|p1a: Landorus|U-turn|p2a: Wo-Chien\n|-supereffective|p2a: Wo-Chien\n|-damage|p2a: Wo-Chien|39\/100\n|\n|t:|1697556482\n|switch|p1a: Thundurus|Thundurus, M|100\/100|[from] U-turn\n|move|p2a: Wo-Chien|Pollen Puff|p1b: Sinistcha\n|-damage|p1b: Sinistcha|77\/100\n|move|p1b: Sinistcha|Matcha Gotcha|p2a: Wo-Chien|[spread] p2a,p2b\n|-resisted|p2a: Wo-Chien\n|-resisted|p2b: Charizard\n|-damage|p2a: Wo-Chien|34\/100\n|-heal|p1b: Sinistcha|79\/100|[from] drain|[of] p2a: Wo-Chien\n|-damage|p2b: Charizard|95\/100\n|-heal|p1b: Sinistcha|81\/100|[from] drain|[of] p2b: Charizard\n|-status|p2a: Wo-Chien|brn\n|\n|-heal|p2a: Wo-Chien|40\/100 brn|[from] item: Leftovers\n|-damage|p2a: Wo-Chien|34\/100 brn|[from] brn\n|upkeep\n|turn|6\n|inactive|kooflah has 90 seconds left.\n|\n|t:|1697556511\n|detailschange|p2b: Charizard|Charizard-Mega-Y, M\n|-mega|p2b: Charizard|Charizard|Charizardite Y\n|-weather|SunnyDay|[from] ability: Drought|[of] p2b: Charizard\n|move|p1a: Thundurus|Thunder Wave|p2b: Charizard\n|-status|p2b: Charizard|par\n|move|p2a: Wo-Chien|Leech Seed|p1a: Thundurus|[miss]\n|-miss|p2a: Wo-Chien|p1a: Thundurus\n|cant|p2b: Charizard|par\n|move|p1b: Sinistcha|Matcha Gotcha|p2b: Charizard|[spread] p2a,p2b\n|-resisted|p2a: Wo-Chien\n|-resisted|p2b: Charizard\n|-damage|p2a: Wo-Chien|30\/100 brn\n|-heal|p1b: Sinistcha|84\/100|[from] drain|[of] p2a: Wo-Chien\n|-damage|p2b: Charizard|92\/100 par\n|-heal|p1b: Sinistcha|85\/100|[from] drain|[of] p2b: Charizard\n|\n|-weather|SunnyDay|[upkeep]\n|-heal|p2a: Wo-Chien|36\/100 brn|[from] item: Leftovers\n|-damage|p2a: Wo-Chien|30\/100 brn|[from] brn\n|upkeep\n|turn|7\n|inactive|kooflah has 90 seconds left.\n|\n|t:|1697556543\n|switch|p1b: Ting-Lu|Ting-Lu|100\/100\n|-ability|p1b: Ting-Lu|Vessel of Ruin\n|move|p1a: Thundurus|Thunderbolt|p2b: Charizard\n|-supereffective|p2b: Charizard\n|-damage|p2b: Charizard|31\/100 par\n|move|p2a: Wo-Chien|Leech Seed|p1a: Thundurus|[miss]\n|-miss|p2a: Wo-Chien|p1a: Thundurus\n|move|p2b: Charizard|Flamethrower|p1b: Ting-Lu\n|-damage|p1b: Ting-Lu|68\/100\n|\n|-weather|SunnyDay|[upkeep]\n|-heal|p2a: Wo-Chien|36\/100 brn|[from] item: Leftovers\n|-damage|p2a: Wo-Chien|30\/100 brn|[from] brn\n|upkeep\n|turn|8\n|inactive|Minicpsito has 120 seconds left.\n|\n|t:|1697556576\n|switch|p2b: Amoonguss|Amoonguss, F, shiny|100\/100\n|move|p1a: Thundurus|Thunderbolt|p2b: Amoonguss\n|-resisted|p2b: Amoonguss\n|-damage|p2b: Amoonguss|89\/100\n|move|p2a: Wo-Chien|Giga Drain|p1b: Ting-Lu\n|-supereffective|p1b: Ting-Lu\n|-damage|p1b: Ting-Lu|48\/100\n|-heal|p2a: Wo-Chien|44\/100 brn|[from] drain|[of] p1b: Ting-Lu\n|move|p1b: Ting-Lu|Stone Edge|p2b: Amoonguss\n|-damage|p2b: Amoonguss|76\/100\n|\n|-weather|SunnyDay|[upkeep]\n|-heal|p2a: Wo-Chien|50\/100 brn|[from] item: Leftovers\n|-damage|p2a: Wo-Chien|44\/100 brn|[from] brn\n|-sideend|p2: Minicpsito|Reflect\n|upkeep\n|turn|9\n|inactive|kooflah has 90 seconds left.\n|\n|t:|1697556603\n|switch|p1b: Sinistcha|Sinistcha-Masterpiece, shiny|85\/100\n|move|p1a: Thundurus|Knock Off|p2a: Wo-Chien\n|-resisted|p2a: Wo-Chien\n|-damage|p2a: Wo-Chien|37\/100 brn\n|-enditem|p2a: Wo-Chien|Leftovers|[from] move: Knock Off|[of] p1a: Thundurus\n|move|p2a: Wo-Chien|Leech Seed|p1a: Thundurus\n|-start|p1a: Thundurus|move: Leech Seed\n|move|p2b: Amoonguss|Pollen Puff|p2a: Wo-Chien\n|-heal|p2a: Wo-Chien|87\/100 brn\n|\n|-weather|SunnyDay|[upkeep]\n|-damage|p1a: Thundurus|88\/100|[from] Leech Seed|[of] p2a: Wo-Chien\n|-heal|p2a: Wo-Chien|97\/100 brn|[silent]\n|-damage|p2a: Wo-Chien|91\/100 brn|[from] brn\n|upkeep\n|turn|10\n|inactive|kooflah has 90 seconds left.\n|\n|t:|1697556630\n|move|p1a: Thundurus|U-turn|p2a: Wo-Chien\n|-supereffective|p2a: Wo-Chien\n|-damage|p2a: Wo-Chien|37\/100 brn\n|\n|t:|1697556636\n|switch|p1a: Landorus|Landorus-Therian, M|76\/100|[from] U-turn\n|-ability|p1a: Landorus|Intimidate|boost\n|-unboost|p2a: Wo-Chien|atk|1\n|-unboost|p2b: Amoonguss|atk|1\n|move|p2a: Wo-Chien|Pollen Puff|p2b: Amoonguss\n|-heal|p2b: Amoonguss|100\/100\n|move|p2b: Amoonguss|Sludge Bomb|p1b: Sinistcha\n|-damage|p1b: Sinistcha|38\/100\n|move|p1b: Sinistcha|Strength Sap|p2a: Wo-Chien\n|-unboost|p2a: Wo-Chien|atk|1\n|-heal|p1b: Sinistcha|56\/100\n|\n|-weather|none\n|-damage|p2a: Wo-Chien|30\/100 brn|[from] brn\n|upkeep\n|turn|11\n|inactive|kooflah has 90 seconds left.\n|\n|t:|1697556664\n|switch|p2a: Grimmsnarl|Grimmsnarl, M, shiny|46\/100\n|move|p1b: Sinistcha|Rage Powder|p1b: Sinistcha\n|-singleturn|p1b: Sinistcha|move: Rage Powder\n|move|p1a: Landorus|U-turn|p2a: Grimmsnarl\n|-damage|p2a: Grimmsnarl|12\/100\n|\n|t:|1697556679\n|switch|p1a: Gardevoir|Gardevoir-Mega, M, shiny|71\/100|[from] U-turn\n|move|p2b: Amoonguss|Sludge Bomb|p1b: Sinistcha\n|-damage|p1b: Sinistcha|12\/100\n|\n|-sideend|p2: Minicpsito|move: Light Screen\n|upkeep\n|turn|12\n|\n|t:|1697556692\n|move|p1b: Sinistcha|Rage Powder|p1b: Sinistcha\n|-singleturn|p1b: Sinistcha|move: Rage Powder\n|move|p2a: Grimmsnarl|Parting Shot|p1b: Sinistcha\n|-unboost|p1b: Sinistcha|atk|1\n|-unboost|p1b: Sinistcha|spa|1\n|\n|t:|1697556703\n|switch|p2a: Charizard|Charizard-Mega-Y, M|31\/100 par|[from] Parting Shot\n|-weather|SunnyDay|[from] ability: Drought|[of] p2a: Charizard\n|move|p1a: Gardevoir|Hyper Voice|p2a: Charizard|[spread] p2a,p2b\n|-resisted|p2a: Charizard\n|-resisted|p2b: Amoonguss\n|-damage|p2a: Charizard|6\/100 par\n|-damage|p2b: Amoonguss|76\/100\n|move|p2b: Amoonguss|Sludge Bomb|p1a: Gardevoir\n|-supereffective|p1a: Gardevoir\n|-damage|p1a: Gardevoir|0 fnt\n|faint|p1a: Gardevoir\n|\n|-weather|SunnyDay|[upkeep]\n|upkeep\n|\n|t:|1697556717\n|switch|p1a: Landorus|Landorus-Therian, M|76\/100\n|-ability|p1a: Landorus|Intimidate|boost\n|-unboost|p2a: Charizard|atk|1\n|-unboost|p2b: Amoonguss|atk|1\n|turn|13\n|\n|t:|1697556727\n|move|p1a: Landorus|U-turn|p2a: Charizard\n|-resisted|p2a: Charizard\n|-damage|p2a: Charizard|0 fnt\n|faint|p2a: Charizard\n|\n|t:|1697556734\n|switch|p1a: Thundurus|Thundurus, M|88\/100|[from] U-turn\n|move|p2b: Amoonguss|Spore|p1a: Thundurus\n|-status|p1a: Thundurus|slp|[from] move: Spore\n|move|p1b: Sinistcha|Strength Sap|p2b: Amoonguss\n|-unboost|p2b: Amoonguss|atk|1\n|-heal|p1b: Sinistcha|34\/100\n|\n|-weather|SunnyDay|[upkeep]\n|upkeep\n|\n|t:|1697556741\n|switch|p2a: Wo-Chien|Wo-Chien|30\/100 brn\n|-ability|p2a: Wo-Chien|Tablets of Ruin\n|turn|14\n|inactive|kooflah has 120 seconds left.\n|\n|t:|1697556755\n|cant|p1a: Thundurus|slp\n|move|p2a: Wo-Chien|Leech Seed|p1a: Thundurus\n|-start|p1a: Thundurus|move: Leech Seed\n|move|p2b: Amoonguss|Pollen Puff|p2a: Wo-Chien\n|-heal|p2a: Wo-Chien|80\/100 brn\n|move|p1b: Sinistcha|Matcha Gotcha|p2a: Wo-Chien|[spread] p2a,p2b\n|-resisted|p2a: Wo-Chien\n|-resisted|p2b: Amoonguss\n|-damage|p2a: Wo-Chien|76\/100 brn\n|-heal|p1b: Sinistcha|37\/100|[from] drain|[of] p2a: Wo-Chien\n|-damage|p2b: Amoonguss|72\/100\n|-heal|p1b: Sinistcha|39\/100|[from] drain|[of] p2b: Amoonguss\n|\n|-weather|SunnyDay|[upkeep]\n|-damage|p1a: Thundurus|76\/100 slp|[from] Leech Seed|[of] p2a: Wo-Chien\n|-heal|p2a: Wo-Chien|86\/100 brn|[silent]\n|-damage|p2a: Wo-Chien|80\/100 brn|[from] brn\n|upkeep\n|turn|15\n|inactive|kooflah has 120 seconds left.\n|\n|t:|1697556779\n|switch|p1a: Chi-Yu|Chi-Yu|100\/100\n|-ability|p1a: Chi-Yu|Beads of Ruin\n|move|p2a: Wo-Chien|Pollen Puff|p1b: Sinistcha\n|-damage|p1b: Sinistcha|7\/100\n|move|p2b: Amoonguss|Sludge Bomb|p1b: Sinistcha\n|-damage|p1b: Sinistcha|0 fnt\n|faint|p1b: Sinistcha\n|\n|-weather|SunnyDay|[upkeep]\n|-damage|p2a: Wo-Chien|74\/100 brn|[from] brn\n|upkeep\n|inactive|kooflah has 120 seconds left.\n|\n|t:|1697556796\n|switch|p1b: Thundurus|Thundurus, M|76\/100 slp\n|turn|16\n|\n|t:|1697556811\n|switch|p2b: Grimmsnarl|Grimmsnarl, M, shiny|12\/100\n|-terastallize|p1a: Chi-Yu|Grass\n|move|p2a: Wo-Chien|Protect|p2a: Wo-Chien\n|-singleturn|p2a: Wo-Chien|Protect\n|cant|p1b: Thundurus|slp\n|move|p1a: Chi-Yu|Heat Wave|p2a: Wo-Chien|[spread] p2b\n|-activate|p2a: Wo-Chien|move: Protect\n|-damage|p2b: Grimmsnarl|0 fnt\n|faint|p2b: Grimmsnarl\n|-damage|p1a: Chi-Yu|91\/100|[from] item: Life Orb\n|\n|-weather|none\n|-damage|p2a: Wo-Chien|68\/100 brn|[from] brn\n|upkeep\n|\n|t:|1697556831\n|switch|p2b: Rotom|Rotom-Wash|100\/100\n|turn|17\n|\n|t:|1697556845\n|switch|p2a: Garganacl|Garganacl, F|100\/100\n|-terastallize|p2b: Rotom|Fire\n|cant|p1b: Thundurus|slp\n|move|p1a: Chi-Yu|Tera Blast|p2b: Rotom|[anim] Tera Blast Grass\n|-resisted|p2b: Rotom\n|-damage|p2b: Rotom|52\/100\n|-damage|p1a: Chi-Yu|81\/100|[from] item: Life Orb\n|move|p2b: Rotom|Discharge|p1b: Thundurus|[spread] p2a,p1a,p1b\n|-resisted|p1a: Chi-Yu\n|-damage|p2a: Garganacl|76\/100\n|-damage|p1a: Chi-Yu|66\/100\n|-damage|p1b: Thundurus|26\/100 slp\n|\n|-heal|p2b: Rotom|59\/100|[from] item: Leftovers\n|-heal|p2a: Garganacl|82\/100|[from] item: Leftovers\n|upkeep\n|turn|18\n|inactive|Minicpsito has 120 seconds left.\n|\n|t:|1697556878\n|move|p1a: Chi-Yu|Protect|p1a: Chi-Yu\n|-singleturn|p1a: Chi-Yu|Protect\n|-curestatus|p1b: Thundurus|slp|[msg]\n|move|p1b: Thundurus|Knock Off|p2a: Garganacl\n|-crit|p2a: Garganacl\n|-damage|p2a: Garganacl|58\/100\n|-enditem|p2a: Garganacl|Leftovers|[from] move: Knock Off|[of] p1b: Thundurus\n|move|p2b: Rotom|Discharge|p1a: Chi-Yu|[spread] p2a,p1b\n|-activate|p1a: Chi-Yu|move: Protect\n|-damage|p2a: Garganacl|32\/100\n|-damage|p1b: Thundurus|0 fnt\n|faint|p1b: Thundurus\n|move|p2a: Garganacl|Salt Cure|p1a: Chi-Yu\n|-activate|p1a: Chi-Yu|move: Protect\n|\n|-heal|p2b: Rotom|65\/100|[from] item: Leftovers\n|upkeep\n|\n|t:|1697556896\n|switch|p1b: Landorus|Landorus-Therian, M|76\/100\n|-ability|p1b: Landorus|Intimidate|boost\n|-unboost|p2a: Garganacl|atk|1\n|-unboost|p2b: Rotom|atk|1\n|turn|19\n|\n|t:|1697556905\n|switch|p1a: Ting-Lu|Ting-Lu|48\/100\n|-ability|p1a: Ting-Lu|Vessel of Ruin\n|switch|p2a: Wo-Chien|Wo-Chien|68\/100 brn\n|-ability|p2a: Wo-Chien|Tablets of Ruin\n|move|p1b: Landorus|Earthquake|p2a: Wo-Chien|[spread] p1a,p2a\n|-immune|p2b: Rotom|[from] ability: Levitate\n|-resisted|p2a: Wo-Chien\n|-damage|p1a: Ting-Lu|35\/100\n|-damage|p2a: Wo-Chien|55\/100 brn\n|move|p2b: Rotom|Hydro Pump|p1b: Landorus\n|-supereffective|p1b: Landorus\n|-damage|p1b: Landorus|0 fnt\n|faint|p1b: Landorus\n|\n|-heal|p2b: Rotom|71\/100|[from] item: Leftovers\n|-damage|p2a: Wo-Chien|48\/100 brn|[from] brn\n|upkeep\n|j| 01272238w\n|\n|t:|1697556922\n|switch|p1b: Chi-Yu|Chi-Yu, tera:Grass|66\/100\n|-ability|p1b: Chi-Yu|Beads of Ruin\n|turn|20\n|\n|t:|1697556941\n|move|p1b: Chi-Yu|Protect|p1b: Chi-Yu\n|-singleturn|p1b: Chi-Yu|Protect\n|move|p2a: Wo-Chien|Protect|p2a: Wo-Chien\n|-singleturn|p2a: Wo-Chien|Protect\n|move|p2b: Rotom|Discharge|p1b: Chi-Yu|[spread] \n|-activate|p2a: Wo-Chien|move: Protect\n|-activate|p1b: Chi-Yu|move: Protect\n|-immune|p1a: Ting-Lu\n|move|p1a: Ting-Lu|Stone Edge|p2b: Rotom\n|-supereffective|p2b: Rotom\n|-damage|p2b: Rotom|23\/100\n|\n|-heal|p2b: Rotom|29\/100|[from] item: Leftovers\n|-damage|p2a: Wo-Chien|42\/100 brn|[from] brn\n|upkeep\n|turn|21\n|l| 01272238w\n|\n|t:|1697556967\n|move|p1b: Chi-Yu|Dark Pulse|p2b: Rotom\n|-damage|p2b: Rotom|0 fnt\n|faint|p2b: Rotom\n|-damage|p1b: Chi-Yu|56\/100|[from] item: Life Orb\n|move|p2a: Wo-Chien|Pollen Puff|p2: Rotom|[notarget]\n|-fail|p2a: Wo-Chien\n|move|p1a: Ting-Lu|Stone Edge|p2a: Wo-Chien\n|-damage|p2a: Wo-Chien|26\/100 brn\n|\n|-damage|p2a: Wo-Chien|20\/100 brn|[from] brn\n|upkeep\n|\n|t:|1697556976\n|switch|p2b: Amoonguss|Amoonguss, F, shiny|72\/100\n|turn|22\n|\n|t:|1697556991\n|move|p2a: Wo-Chien|Protect|p2a: Wo-Chien\n|-singleturn|p2a: Wo-Chien|Protect\n|move|p1b: Chi-Yu|Heat Wave|p2b: Amoonguss|[spread] p2b\n|-activate|p2a: Wo-Chien|move: Protect\n|-supereffective|p2b: Amoonguss\n|-damage|p2b: Amoonguss|0 fnt\n|faint|p2b: Amoonguss\n|-damage|p1b: Chi-Yu|46\/100|[from] item: Life Orb\n|move|p1a: Ting-Lu|Heavy Slam|p2a: Wo-Chien\n|-activate|p2a: Wo-Chien|move: Protect\n|\n|-damage|p2a: Wo-Chien|14\/100 brn|[from] brn\n|upkeep\n|j| 01272238w\n|j| Half a castle\n|\n|t:|1697556998\n|switch|p2b: Garganacl|Garganacl, F|32\/100\n|turn|23\n|c| Half a castle|2V4!?\n|inactive|kooflah has 120 seconds left.\n|\n|t:|1697557035\n|move|p1b: Chi-Yu|Tera Blast|p2b: Garganacl|[anim] Tera Blast Grass\n|-supereffective|p2b: Garganacl\n|-damage|p2b: Garganacl|0 fnt\n|faint|p2b: Garganacl\n|-damage|p1b: Chi-Yu|36\/100|[from] item: Life Orb\n|move|p2a: Wo-Chien|Giga Drain|p1a: Ting-Lu\n|-supereffective|p1a: Ting-Lu\n|-damage|p1a: Ting-Lu|7\/100\n|-heal|p2a: Wo-Chien|34\/100 brn|[from] drain|[of] p1a: Ting-Lu\n|move|p1a: Ting-Lu|Heavy Slam|p2a: Wo-Chien\n|-damage|p2a: Wo-Chien|14\/100 brn\n|\n|-damage|p2a: Wo-Chien|7\/100 brn|[from] brn\n|upkeep\n|turn|24\n|c| Half a castle|ohhhhhh\n|c|\u2606Minicpsito|Gg\n|inactive|kooflah has 120 seconds left.\n|c|\u2606kooflah|gg\n|c| Half a castle|gg\n|inactive|Minicpsito has 120 seconds left.\n|\n|t:|1697557070\n|move|p1b: Chi-Yu|Protect|p1b: Chi-Yu\n|-singleturn|p1b: Chi-Yu|Protect\n|move|p2a: Wo-Chien|Giga Drain|p1a: Ting-Lu\n|-supereffective|p1a: Ting-Lu\n|-damage|p1a: Ting-Lu|0 fnt\n|-heal|p2a: Wo-Chien|12\/100 brn|[from] drain|[of] p1a: Ting-Lu\n|faint|p1a: Ting-Lu\n|\n|-damage|p2a: Wo-Chien|6\/100 brn|[from] brn\n|upkeep\n|turn|25\n|\n|t:|1697557080\n|move|p1b: Chi-Yu|Heat Wave|p2a: Wo-Chien\n|-supereffective|p2a: Wo-Chien\n|-damage|p2a: Wo-Chien|0 fnt\n|faint|p2a: Wo-Chien\n|-damage|p1b: Chi-Yu|26\/100|[from] item: Life Orb\n|\n|win|kooflah\n|raw|kooflah's rating: 1223 &rarr; <strong>1255<\/strong><br \/>(+32 for winning)\n|raw|Minicpsito's rating: 1329 &rarr; <strong>1303<\/strong><br \/>(-26 for losing)\n|l|\u2606kooflah\n|l|\u2606Minicpsito\n","uploadtime":1697557090,"views":7,"p1id":"kooflah","p2id":"minicpsito","formatid":"gen9nationaldexdoubles","rating":1255,"private":0,"password":""}