{"id":"gen9nationaldexdoubles-1991198104","p1":"Urdina","p2":"LilyLopears","format":"[Gen 9] National Dex Doubles","log":"|j|\u2606Urdina\n|j|\u2606LilyLopears\n|t:|1700056213\n|gametype|doubles\n|player|p1|Urdina|266|1084\n|player|p2|LilyLopears|acetrainersnowf|1102\n|teamsize|p1|6\n|teamsize|p2|6\n|gen|9\n|tier|[Gen 9] National Dex Doubles\n|rated|\n|rule|HP Percentage Mod: HP is shown in percentages\n|rule|Endless Battle Clause: Forcing endless battles is banned\n|rule|OHKO Clause: OHKO moves are banned\n|rule|Evasion Moves Clause: Evasion moves are banned\n|rule|Evasion Abilities Clause: Evasion abilities are banned\n|rule|Species Clause: Limit one of each Pok\u00e9mon\n|rule|Gravity Sleep Clause: The combination of sleep-inducing moves with imperfect accuracy and Gravity or Gigantamax Orbeetle are banned\n|clearpoke\n|poke|p1|Serperior, F|\n|poke|p1|Passimian, F|\n|poke|p1|Zoroark-Hisui, F|\n|poke|p1|Bellibolt, F|\n|poke|p1|Pincurchin, F|\n|poke|p1|Mudsdale, F|\n|poke|p2|Landorus-Therian, M|\n|poke|p2|Rillaboom, F|\n|poke|p2|Slowbro, F|\n|poke|p2|Magnezone|\n|poke|p2|Hydreigon, F|\n|poke|p2|Flygon, F|\n|teampreview\n|\n|t:|1700056241\n|start\n|switch|p1a: rock|Bellibolt, F|100\/100\n|switch|p1b: Pincurchin|Pincurchin, F|100\/100\n|switch|p2a: Flygon|Flygon, F|100\/100\n|switch|p2b: Rillaboom|Rillaboom, F|100\/100\n|-fieldstart|move: Grassy Terrain|[from] ability: Grassy Surge|[of] p2b: Rillaboom\n|-enditem|p2b: Rillaboom|Grassy Seed\n|-boost|p2b: Rillaboom|def|1|[from] item: Grassy Seed\n|turn|1\n|\n|t:|1700056269\n|move|p2a: Flygon|First Impression|p1b: Pincurchin\n|-damage|p1b: Pincurchin|69\/100\n|move|p2b: Rillaboom|Earthquake|p1a: rock|[spread] p1a,p1b\n|-immune|p2a: Flygon|[from] ability: Levitate\n|-supereffective|p1a: rock\n|-supereffective|p1b: Pincurchin\n|-damage|p1a: rock|78\/100\n|-damage|p1b: Pincurchin|37\/100\n|-start|p1a: rock|Charge|Earthquake|[from] ability: Electromorphosis\n|move|p1a: rock|Soak|p2a: Flygon\n|-start|p2a: Flygon|typechange|Water\n|move|p1b: Pincurchin|Electric Terrain|p1b: Pincurchin\n|-fieldstart|move: Electric Terrain\n|-enditem|p1b: Pincurchin|Electric Seed\n|-boost|p1b: Pincurchin|def|1|[from] item: Electric Seed\n|\n|upkeep\n|turn|2\n|\n|t:|1700056306\n|move|p2b: Rillaboom|Protect|p2b: Rillaboom\n|-singleturn|p2b: Rillaboom|Protect\n|move|p2a: Flygon|Earthquake|p1b: Pincurchin|[spread] p1a,p1b\n|-activate|p2b: Rillaboom|move: Protect\n|-supereffective|p1a: rock\n|-supereffective|p1b: Pincurchin\n|-damage|p1a: rock|36\/100\n|-damage|p1b: Pincurchin|3\/100\n|-start|p1a: rock|Charge|Earthquake|[from] ability: Electromorphosis\n|move|p1a: rock|Parabolic Charge|p2a: Flygon|[spread] p2a\n|-activate|p2b: Rillaboom|move: Protect\n|-ability|p1b: Pincurchin|Lightning Rod|boost\n|-boost|p1b: Pincurchin|spa|1\n|-supereffective|p2a: Flygon\n|-damage|p2a: Flygon|0 fnt\n|-heal|p1a: rock|85\/100|[from] drain|[of] p2a: Flygon\n|faint|p2a: Flygon\n|-end|p1a: rock|Charge|[silent]\n|move|p1b: Pincurchin|Rising Voltage|p2b: Rillaboom\n|-activate|p2b: Rillaboom|move: Protect\n|\n|upkeep\n|\n|t:|1700056327\n|switch|p2a: Landorus|Landorus-Therian, M|100\/100\n|-ability|p2a: Landorus|Intimidate|boost\n|-unboost|p1a: rock|atk|1\n|-unboost|p1b: Pincurchin|atk|1\n|turn|3\n|\n|t:|1700056341\n|move|p2a: Landorus|Earthquake|p1a: rock|[spread] p2b,p1a,p1b\n|-resisted|p2b: Rillaboom\n|-supereffective|p1a: rock\n|-supereffective|p1b: Pincurchin\n|-damage|p2b: Rillaboom|84\/100\n|-damage|p1a: rock|5\/100\n|-damage|p1b: Pincurchin|0 fnt\n|-start|p1a: rock|Charge|Earthquake|[from] ability: Electromorphosis\n|faint|p1b: Pincurchin\n|move|p2b: Rillaboom|Earthquake|p1a: rock|[spread] p1a\n|-immune|p2a: Landorus\n|-supereffective|p1a: rock\n|-damage|p1a: rock|0 fnt\n|faint|p1a: rock\n|\n|upkeep\n|\n|t:|1700056356\n|switch|p1a: Serperior|Serperior, F|100\/100\n|switch|p1b: Passimian|Passimian, F|100\/100\n|turn|4\n|\n|t:|1700056372\n|switch|p2a: Slowbro|Slowbro, F|100\/100\n|move|p2b: Rillaboom|Protect|p2b: Rillaboom\n|-singleturn|p2b: Rillaboom|Protect\n|move|p1a: Serperior|Leaf Storm|p2a: Slowbro\n|-supereffective|p2a: Slowbro\n|-damage|p2a: Slowbro|0 fnt\n|-boost|p1a: Serperior|spa|2\n|faint|p2a: Slowbro\n|move|p1b: Passimian|Drain Punch|p2b: Rillaboom\n|-activate|p2b: Rillaboom|move: Protect\n|\n|upkeep\n|\n|t:|1700056385\n|switch|p2a: Hydreigon|Hydreigon, F|100\/100\n|turn|5\n|\n|t:|1700056402\n|move|p1a: Serperior|Leaf Storm|p2a: Hydreigon|[miss]\n|-miss|p1a: Serperior|p2a: Hydreigon\n|move|p2a: Hydreigon|Outrage|p1a: Serperior\n|-damage|p1a: Serperior|21\/100\n|-damage|p2a: Hydreigon|91\/100|[from] item: Life Orb\n|move|p2b: Rillaboom|Earthquake|p1a: Serperior|[spread] p1a,p1b\n|-immune|p2a: Hydreigon|[from] ability: Levitate\n|-resisted|p1a: Serperior\n|-damage|p1a: Serperior|6\/100\n|-damage|p1b: Passimian|75\/100\n|move|p1b: Passimian|Drain Punch|p2b: Rillaboom\n|-damage|p2b: Rillaboom|60\/100\n|-heal|p1b: Passimian|87\/100|[from] drain|[of] p2b: Rillaboom\n|\n|-fieldend|move: Electric Terrain\n|upkeep\n|turn|6\n|\n|t:|1700056423\n|move|p2b: Rillaboom|Protect|p2b: Rillaboom\n|-singleturn|p2b: Rillaboom|Protect\n|move|p1a: Serperior|Giga Drain|p2a: Hydreigon\n|-resisted|p2a: Hydreigon\n|-damage|p2a: Hydreigon|58\/100\n|-heal|p1a: Serperior|24\/100|[from] drain|[of] p2a: Hydreigon\n|move|p2a: Hydreigon|Outrage|p1a: Serperior|[from]lockedmove\n|-damage|p1a: Serperior|0 fnt\n|faint|p1a: Serperior\n|-ability|p1b: Passimian|Contrary|[from] ability: Receiver|[of] p1a: Serperior\n|-damage|p2a: Hydreigon|48\/100|[from] item: Life Orb\n|move|p1b: Passimian|Drain Punch|p2b: Rillaboom\n|-activate|p2b: Rillaboom|move: Protect\n|\n|upkeep\n|\n|t:|1700056440\n|switch|p1a: Mudsdale|Mudsdale, F|100\/100\n|turn|7\n|\n|t:|1700056464\n|-terastallize|p2b: Rillaboom|Grass\n|move|p1a: Mudsdale|Phantom Force||[still]\n|-prepare|p1a: Mudsdale|Phantom Force\n|move|p2a: Hydreigon|Outrage|p1a: Mudsdale|[from]lockedmove|[miss]\n|-miss|p2a: Hydreigon|p1a: Mudsdale\n|-start|p2a: Hydreigon|confusion|[fatigue]\n|move|p2b: Rillaboom|Grassy Glide|p1a: Mudsdale|[miss]\n|-miss|p2b: Rillaboom|p1a: Mudsdale\n|move|p1b: Passimian|Close Combat|p2a: Hydreigon\n|-supereffective|p2a: Hydreigon\n|-damage|p2a: Hydreigon|0 fnt\n|-boost|p1b: Passimian|def|1\n|-boost|p1b: Passimian|spd|1\n|faint|p2a: Hydreigon\n|\n|upkeep\n|\n|t:|1700056480\n|switch|p2a: Magnezone|Magnezone|100\/100\n|turn|8\n|\n|t:|1700056496\n|move|p1a: Mudsdale|Phantom Force|p2b: Rillaboom|[from]lockedmove\n|-damage|p2b: Rillaboom|32\/100\n|cant|p2b: Rillaboom|flinch\n|move|p1b: Passimian|Close Combat|p2a: Magnezone\n|-supereffective|p2a: Magnezone\n|-damage|p2a: Magnezone|7\/100\n|-boost|p1b: Passimian|def|1\n|-boost|p1b: Passimian|spd|1\n|move|p2a: Magnezone|Steel Beam|p1b: Passimian\n|-damage|p1b: Passimian|45\/100\n|-damage|p2a: Magnezone|0 fnt|[from] steelbeam\n|faint|p2a: Magnezone\n|\n|upkeep\n|\n|t:|1700056509\n|switch|p2a: Landorus|Landorus-Therian, M|100\/100\n|-ability|p2a: Landorus|Intimidate|boost\n|-unboost|p1a: Mudsdale|atk|1\n|-boost|p1b: Passimian|atk|1\n|turn|9\n|\n|t:|1700056528\n|move|p2b: Rillaboom|Protect|p2b: Rillaboom\n|-singleturn|p2b: Rillaboom|Protect\n|move|p1a: Mudsdale|Bitter Malice|p2a: Landorus\n|-damage|p2a: Landorus|71\/100\n|-unboost|p2a: Landorus|atk|1\n|move|p2a: Landorus|Stone Edge|p1b: Passimian\n|-resisted|p1b: Passimian\n|-crit|p1b: Passimian\n|-damage|p1b: Passimian|17\/100\n|move|p1b: Passimian|Drain Punch|p2b: Rillaboom\n|-activate|p2b: Rillaboom|move: Protect\n|\n|upkeep\n|turn|10\n|\n|t:|1700056560\n|move|p1a: Mudsdale|Phantom Force||[still]\n|-prepare|p1a: Mudsdale|Phantom Force\n|move|p2a: Landorus|Knock Off|p1b: Passimian\n|-resisted|p1b: Passimian\n|-damage|p1b: Passimian|11\/100\n|-enditem|p1b: Passimian|Metronome|[from] move: Knock Off|[of] p2a: Landorus\n|move|p2b: Rillaboom|Earthquake|p1b: Passimian|[spread] p1b\n|-miss|p2b: Rillaboom|p1a: Mudsdale\n|-immune|p2a: Landorus\n|-damage|p1b: Passimian|0 fnt\n|faint|p1b: Passimian\n|\n|upkeep\n|\n|t:|1700056571\n|switch|p1b: Mudsdale|Mudsdale, F|100\/100\n|turn|11\n|c|\u2606LilyLopears|...\n|\n|t:|1700056588\n|move|p2b: Rillaboom|Protect|p2b: Rillaboom\n|-singleturn|p2b: Rillaboom|Protect\n|move|p1a: Mudsdale|Phantom Force|p2b: Rillaboom|[from]lockedmove\n|-activate|p2b: Rillaboom|move: Phantom Force|[broken]\n|-damage|p2b: Rillaboom|11\/100\n|move|p2a: Landorus|Brick Break|p1b: Mudsdale\n|-damage|p1b: Mudsdale|89\/100\n|-ability|p1b: Mudsdale|Stamina|boost\n|-boost|p1b: Mudsdale|def|1\n|move|p1b: Mudsdale|Body Press|p2a: Landorus\n|-resisted|p2a: Landorus\n|-damage|p2a: Landorus|47\/100\n|\n|upkeep\n|turn|12\n|\n|t:|1700056615\n|move|p1a: Mudsdale|Bitter Malice|p2b: Rillaboom\n|-damage|p2b: Rillaboom|0 fnt\n|faint|p2b: Rillaboom\n|move|p2a: Landorus|Brick Break|p1a: Mudsdale\n|-immune|p1a: Mudsdale\n|move|p1b: Mudsdale|Payback|p2a: Landorus\n|-damage|p2a: Landorus|15\/100\n|\n|upkeep\n|turn|13\n|\n|t:|1700056629\n|move|p1a: Mudsdale|Bitter Malice|p2a: Landorus\n|-damage|p2a: Landorus|0 fnt\n|faint|p2a: Landorus\n|\n|win|Urdina\n|raw|Urdina's rating: 1084 &rarr; <strong>1113<\/strong><br \/>(+29 for winning)\n|raw|LilyLopears's rating: 1102 &rarr; <strong>1076<\/strong><br \/>(-26 for losing)\n|l|\u2606Urdina\n","uploadtime":1700056639,"views":5,"p1id":"urdina","p2id":"lilylopears","formatid":"gen9nationaldexdoubles","rating":1076,"private":0,"password":""}