{"id":"gen9nationaldexdoubles-1959972995","p1":"sleepselfmc","p2":"bloody moth","format":"[Gen 9] National Dex Doubles","log":"|j|\u2606sleepselfmc\n|j|\u2606bloody moth\n|t:|1696474337\n|gametype|doubles\n|player|p1|sleepselfmc|101|\n|player|p2|bloody moth|dawn|\n|teamsize|p1|6\n|teamsize|p2|6\n|gen|9\n|tier|[Gen 9] National Dex Doubles\n|rule|HP Percentage Mod: HP is shown in percentages\n|rule|Endless Battle Clause: Forcing endless battles is banned\n|rule|OHKO Clause: OHKO moves are banned\n|rule|Evasion Moves Clause: Evasion moves are banned\n|rule|Evasion Abilities Clause: Evasion abilities are banned\n|rule|Species Clause: Limit one of each Pok\u00e9mon\n|rule|Gravity Sleep Clause: The combination of sleep-inducing moves with imperfect accuracy and Gravity or Gigantamax Orbeetle are banned\n|clearpoke\n|poke|p1|Cresselia, F|\n|poke|p1|Oranguru, M|\n|poke|p1|Indeedee-F, F|\n|poke|p1|Hoopa-Unbound|\n|poke|p1|Hatenna, F|\n|poke|p1|Sylveon, F|\n|poke|p2|Kommo-o, M|\n|poke|p2|Pangoro, F|\n|poke|p2|Flamigo, M|\n|poke|p2|Medicham, F|\n|poke|p2|Gholdengo|\n|poke|p2|Riolu, M|\n|teampreview\n|inactive|Battle timer is ON: inactive players will automatically lose when time's up. (requested by sleepselfmc)\n|l|\u2606sleepselfmc\n|inactive|sleepselfmc disconnected and has 300 seconds to reconnect!\n|player|p1|\n|j| Gocks\n|j|\u2606sleepselfmc\n|inactive|sleepselfmc reconnected and has 300 seconds left.\n|player|p1|sleepselfmc|101\n|j| jiangchengzi\n|\n|t:|1696474373\n|start\n|switch|p1a: Hoopa|Hoopa-Unbound|100\/100\n|switch|p1b: Cresselia|Cresselia, F, shiny|100\/100\n|switch|p2a: Kommo-o|Kommo-o, M|100\/100\n|switch|p2b: Gholdengo|Gholdengo|100\/100\n|turn|1\n|\n|t:|1696474379\n|move|p2b: Gholdengo|Make It Rain|p1a: Hoopa|[spread] p1a,p1b\n|-damage|p1a: Hoopa|46\/100\n|-damage|p1b: Cresselia|50\/100\n|-unboost|p2b: Gholdengo|spa|1\n|-zpower|p2a: Kommo-o\n|move|p2a: Kommo-o|Clangorous Soulblaze|p1a: Hoopa|[zeffect]|[spread] p1a,p1b\n|-damage|p1a: Hoopa|5\/100\n|-damage|p1b: Cresselia|13\/100\n|-boost|p2a: Kommo-o|atk|1\n|-boost|p2a: Kommo-o|def|1\n|-boost|p2a: Kommo-o|spa|1\n|-boost|p2a: Kommo-o|spd|1\n|-boost|p2a: Kommo-o|spe|1\n|move|p1a: Hoopa|Hyperspace Fury|p2b: Gholdengo\n|-supereffective|p2b: Gholdengo\n|-damage|p2b: Gholdengo|0 fnt\n|-unboost|p1a: Hoopa|def|1\n|faint|p2b: Gholdengo\n|move|p1b: Cresselia|Trick Room|p1b: Cresselia\n|-fieldstart|move: Trick Room|[of] p1b: Cresselia\n|\n|-heal|p1b: Cresselia|19\/100|[from] item: Leftovers\n|upkeep\n|\n|t:|1696474406\n|switch|p2b: Medicham|Medicham, F|100\/100\n|turn|2\n|\n|t:|1696474419\n|detailschange|p2b: Medicham|Medicham-Mega, F\n|-mega|p2b: Medicham|Medicham|Medichamite\n|move|p2b: Medicham|Fake Out|p1b: Cresselia\n|-damage|p1b: Cresselia|3\/100\n|move|p1a: Hoopa|Hyperspace Fury|p2a: Kommo-o\n|-resisted|p2a: Kommo-o\n|-damage|p2a: Kommo-o|76\/100\n|-unboost|p1a: Hoopa|def|1\n|cant|p1b: Cresselia|flinch\n|move|p2a: Kommo-o|Drain Punch|p1a: Hoopa\n|-damage|p1a: Hoopa|0 fnt\n|-heal|p2a: Kommo-o|78\/100|[from] drain|[of] p1a: Hoopa\n|faint|p1a: Hoopa\n|\n|-heal|p1b: Cresselia|9\/100|[from] item: Leftovers\n|upkeep\n|\n|t:|1696474426\n|switch|p1a: Indeedee|Indeedee-F, F, shiny|100\/100\n|-fieldstart|move: Psychic Terrain|[from] ability: Psychic Surge|[of] p1a: Indeedee\n|turn|3\n|\n|t:|1696474441\n|move|p1a: Indeedee|Expanding Force|p2b: Medicham|[spread] p2a,p2b\n|-supereffective|p2a: Kommo-o\n|-damage|p2a: Kommo-o|0 fnt\n|-damage|p2b: Medicham|0 fnt\n|faint|p2a: Kommo-o\n|faint|p2b: Medicham\n|-damage|p1a: Indeedee|91\/100|[from] item: Life Orb\n|move|p1b: Cresselia|Expanding Force|p2: Kommo-o|[notarget]\n|-fail|p1b: Cresselia\n|\n|-heal|p1b: Cresselia|15\/100|[from] item: Leftovers\n|upkeep\n|\n|t:|1696474449\n|switch|p2a: Pangoro|Pangoro, F|100\/100\n|switch|p2b: Flamigo|Flamigo, M|100\/100\n|-copyboost|p2b: Flamigo|p2a: Pangoro|[from] ability: Costar\n|turn|4\n|\n|t:|1696474458\n|move|p2a: Pangoro|Close Combat|p1a: Indeedee\n|-damage|p1a: Indeedee|0 fnt\n|-unboost|p2a: Pangoro|def|1\n|-unboost|p2a: Pangoro|spd|1\n|faint|p1a: Indeedee\n|move|p1b: Cresselia|Expanding Force|p2b: Flamigo\n|-supereffective|p2b: Flamigo\n|-damage|p2b: Flamigo|29\/100\n|move|p2b: Flamigo|Throat Chop|p1b: Cresselia\n|-supereffective|p1b: Cresselia\n|-damage|p1b: Cresselia|0 fnt\n|faint|p1b: Cresselia\n|\n|-heal|p2b: Flamigo|35\/100|[from] item: Leftovers\n|upkeep\n|\n|t:|1696474464\n|switch|p1a: Sylveon|Sylveon, F, shiny|100\/100\n|switch|p1b: Oranguru|Oranguru, M, shiny|100\/100\n|turn|5\n|\n|t:|1696474478\n|switch|p2a: Riolu|Riolu, M|100\/100\n|move|p1a: Sylveon|Hyper Voice|p2b: Flamigo|[spread] p2a,p2b\n|-supereffective|p2a: Riolu\n|-supereffective|p2b: Flamigo\n|-enditem|p2a: Riolu|Focus Sash\n|-damage|p2a: Riolu|1\/100\n|-damage|p2b: Flamigo|0 fnt\n|faint|p2b: Flamigo\n|move|p1b: Oranguru|Instruct|p1a: Sylveon\n|-singleturn|p1a: Sylveon|move: Instruct|[of] p1b: Oranguru\n|move|p1a: Sylveon|Hyper Voice|p2a: Riolu\n|-supereffective|p2a: Riolu\n|-crit|p2a: Riolu\n|-damage|p2a: Riolu|0 fnt\n|faint|p2a: Riolu\n|\n|-fieldend|move: Trick Room\n|upkeep\n|\n|t:|1696474484\n|switch|p2b: Pangoro|Pangoro, F|100\/100\n|turn|6\n|\n|t:|1696474492\n|move|p2b: Pangoro|Ice Punch|p1a: Sylveon\n|-damage|p1a: Sylveon|61\/100\n|move|p1b: Oranguru|Instruct|p1a: Sylveon\n|-singleturn|p1a: Sylveon|move: Instruct|[of] p1b: Oranguru\n|move|p1a: Sylveon|Hyper Voice|p2b: Pangoro\n|-supereffective|p2b: Pangoro\n|-damage|p2b: Pangoro|0 fnt\n|faint|p2b: Pangoro\n|\n|win|sleepselfmc\n","uploadtime":1696474503,"views":8,"p1id":"sleepselfmc","p2id":"bloodymoth","formatid":"gen9nationaldexdoubles","rating":0,"private":0,"password":""}