{"id":"gen9nationaldexdoubles-1964477463","p1":"Sc4rletQu33n","p2":"froslass reign 2","format":"[Gen 9] National Dex Doubles","log":"|j|\u2606Sc4rletQu33n\n|j|\u2606froslass reign 2\n|t:|1696972113\n|gametype|doubles\n|player|p1|Sc4rletQu33n|cynthia-gen4|1040\n|player|p2|froslass reign 2|acetrainersnow|1048\n|teamsize|p1|6\n|teamsize|p2|6\n|gen|9\n|tier|[Gen 9] National Dex Doubles\n|rated|\n|rule|HP Percentage Mod: HP is shown in percentages\n|rule|Endless Battle Clause: Forcing endless battles is banned\n|rule|OHKO Clause: OHKO moves are banned\n|rule|Evasion Moves Clause: Evasion moves are banned\n|rule|Evasion Abilities Clause: Evasion abilities are banned\n|rule|Species Clause: Limit one of each Pok\u00e9mon\n|rule|Gravity Sleep Clause: The combination of sleep-inducing moves with imperfect accuracy and Gravity or Gigantamax Orbeetle are banned\n|clearpoke\n|poke|p1|Medicham, F|\n|poke|p1|Regigigas|\n|poke|p1|Landorus-Therian, M|\n|poke|p1|Venusaur, M|\n|poke|p1|Incineroar, F|\n|poke|p1|Basculegion-F, F|\n|poke|p2|Froslass, F|\n|poke|p2|Thundurus, M|\n|poke|p2|Gothitelle, M|\n|poke|p2|Pelipper, M|\n|poke|p2|Landorus-Therian, M|\n|poke|p2|Ogerpon-Hearthflame, F|\n|teampreview\n|inactive|Battle timer is ON: inactive players will automatically lose when time's up. (requested by froslass reign 2)\n|\n|t:|1696972123\n|start\n|switch|p1a: Medicham|Medicham, F|100\/100\n|switch|p1b: Regigigas|Regigigas|100\/100\n|switch|p2a: Froslass|Froslass, F|100\/100\n|switch|p2b: Thundurus|Thundurus, M|100\/100\n|-start|p1b: Regigigas|ability: Slow Start\n|turn|1\n|\n|t:|1696972148\n|move|p2b: Thundurus|Thunder Wave|p1b: Regigigas\n|-status|p1b: Regigigas|par\n|move|p2a: Froslass|Trick|p1b: Regigigas\n|-activate|p2a: Froslass|move: Trick|[of] p1b: Regigigas\n|-item|p1b: Regigigas|Choice Scarf|[from] move: Trick\n|-item|p2a: Froslass|Assault Vest|[from] move: Trick\n|move|p1a: Medicham|Skill Swap|p1b: Regigigas\n|-activate|p1a: Medicham|move: Skill Swap|||[of] p1b: Regigigas\n|-end|p1b: Regigigas|Slow Start|[silent]\n|-start|p1a: Medicham|ability: Slow Start\n|move|p1b: Regigigas|Zen Headbutt|p2b: Thundurus\n|-damage|p2b: Thundurus|35\/100\n|\n|upkeep\n|turn|2\n|\n|t:|1696972171\n|switch|p2a: Ogerpon|Ogerpon-Hearthflame, F|100\/100\n|-ability|p2a: Ogerpon|Mold Breaker\n|switch|p2b: Gothitelle|Gothitelle, M|100\/100\n|move|p1a: Medicham|Bullet Punch|p2a: Ogerpon\n|-resisted|p2a: Ogerpon\n|-damage|p2a: Ogerpon|98\/100\n|move|p1b: Regigigas|Zen Headbutt|p2b: Gothitelle\n|-resisted|p2b: Gothitelle\n|-damage|p2b: Gothitelle|73\/100\n|\n|upkeep\n|turn|3\n|\n|t:|1696972195\n|move|p2b: Gothitelle|Fake Out|p1a: Medicham\n|-damage|p1a: Medicham|92\/100\n|cant|p1a: Medicham|flinch\n|move|p2a: Ogerpon|Swords Dance|p2a: Ogerpon\n|-boost|p2a: Ogerpon|atk|2\n|move|p1b: Regigigas|Zen Headbutt|p2a: Ogerpon\n|-damage|p2a: Ogerpon|32\/100\n|\n|upkeep\n|turn|4\n|\n|t:|1696972221\n|move|p1a: Medicham|Bullet Punch|p2b: Gothitelle\n|-damage|p2b: Gothitelle|69\/100\n|move|p2a: Ogerpon|Ivy Cudgel|p1a: Medicham\n|-damage|p1a: Medicham|0 fnt\n|faint|p1a: Medicham\n|-end|p1a: Medicham|Slow Start|[silent]\n|cant|p1b: Regigigas|par\n|move|p2b: Gothitelle|Heal Pulse|p2a: Ogerpon\n|-heal|p2a: Ogerpon|82\/100\n|\n|upkeep\n|\n|t:|1696972230\n|switch|p1a: Landorus|Landorus-Therian, M|100\/100\n|-ability|p1a: Landorus|Intimidate|boost\n|-unboost|p2a: Ogerpon|atk|1\n|-unboost|p2b: Gothitelle|atk|1\n|turn|5\n|\n|t:|1696972245\n|move|p2a: Ogerpon|Ivy Cudgel|p1a: Landorus\n|-damage|p1a: Landorus|15\/100\n|move|p1b: Regigigas|Zen Headbutt|p2a: Ogerpon\n|-damage|p2a: Ogerpon|22\/100\n|move|p1a: Landorus|U-turn|p2b: Gothitelle\n|-supereffective|p2b: Gothitelle\n|-damage|p2b: Gothitelle|21\/100\n|-enditem|p2b: Gothitelle|Sitrus Berry|[eat]\n|-heal|p2b: Gothitelle|46\/100|[from] item: Sitrus Berry\n|\n|t:|1696972255\n|switch|p1a: Basculegion|Basculegion-F, F|100\/100|[from] U-turn\n|move|p2b: Gothitelle|Psychic|p1a: Basculegion\n|-damage|p1a: Basculegion|68\/100\n|\n|upkeep\n|turn|6\n|\n|t:|1696972267\n|move|p2b: Gothitelle|Protect|p2b: Gothitelle\n|-singleturn|p2b: Gothitelle|Protect\n|move|p1a: Basculegion|Crunch|p2b: Gothitelle\n|-activate|p2b: Gothitelle|move: Protect\n|move|p2a: Ogerpon|Horn Leech|p1a: Basculegion\n|-supereffective|p1a: Basculegion\n|-damage|p1a: Basculegion|0 fnt\n|-heal|p2a: Ogerpon|58\/100|[from] drain|[of] p1a: Basculegion\n|faint|p1a: Basculegion\n|move|p1b: Regigigas|Zen Headbutt|p2a: Ogerpon\n|-damage|p2a: Ogerpon|0 fnt\n|faint|p2a: Ogerpon\n|\n|upkeep\n|\n|t:|1696972284\n|switch|p1a: Landorus|Landorus-Therian, M|15\/100\n|switch|p2a: Landorus|Landorus-Therian, M|100\/100\n|-ability|p2a: Landorus|Intimidate|boost\n|-unboost|p1a: Landorus|atk|1\n|-unboost|p1b: Regigigas|atk|1\n|-ability|p1a: Landorus|Intimidate|boost\n|-unboost|p2a: Landorus|atk|1\n|-unboost|p2b: Gothitelle|atk|1\n|turn|7\n|\n|t:|1696972299\n|move|p2b: Gothitelle|Protect||[still]\n|-fail|p2b: Gothitelle\n|move|p2a: Landorus|Tera Blast|p1a: Landorus\n|-damage|p1a: Landorus|0 fnt\n|faint|p1a: Landorus\n|move|p1b: Regigigas|Zen Headbutt|p2a: Landorus\n|-damage|p2a: Landorus|56\/100\n|\n|upkeep\n|\n|t:|1696972310\n|switch|p1a: Incineroar|Incineroar, F|100\/100\n|-ability|p1a: Incineroar|Intimidate|boost\n|-unboost|p2a: Landorus|atk|1\n|-unboost|p2b: Gothitelle|atk|1\n|turn|8\n|\n|t:|1696972324\n|move|p2b: Gothitelle|Protect|p2b: Gothitelle\n|-singleturn|p2b: Gothitelle|Protect\n|move|p2a: Landorus|Tera Blast|p1a: Incineroar\n|-crit|p1a: Incineroar\n|-damage|p1a: Incineroar|77\/100\n|cant|p1b: Regigigas|par\n|move|p1a: Incineroar|Parting Shot|p2a: Landorus\n|-unboost|p2a: Landorus|atk|1\n|-unboost|p2a: Landorus|spa|1\n|\n|t:|1696972335\n|switch|p1a: Venusaur|Venusaur, M|100\/100|[from] Parting Shot\n|\n|upkeep\n|turn|9\n|\n|t:|1696972344\n|switch|p2a: Pelipper|Pelipper, M|100\/100\n|-weather|RainDance|[from] ability: Drizzle|[of] p2a: Pelipper\n|detailschange|p1a: Venusaur|Venusaur-Mega, M\n|-mega|p1a: Venusaur|Venusaur|Venusaurite\n|move|p1a: Venusaur|Toxic|p2b: Gothitelle\n|-status|p2b: Gothitelle|tox\n|move|p1b: Regigigas|Zen Headbutt|p2a: Pelipper\n|-damage|p2a: Pelipper|42\/100\n|move|p2b: Gothitelle|Psychic|p1a: Venusaur\n|-supereffective|p1a: Venusaur\n|-damage|p1a: Venusaur|46\/100\n|\n|-weather|RainDance|[upkeep]\n|-damage|p2b: Gothitelle|40\/100 tox|[from] psn\n|upkeep\n|turn|10\n|\n|t:|1696972366\n|move|p1a: Venusaur|Sludge Bomb|p2a: Pelipper\n|-damage|p2a: Pelipper|0 fnt\n|faint|p2a: Pelipper\n|move|p1b: Regigigas|Zen Headbutt|p2b: Gothitelle\n|-resisted|p2b: Gothitelle\n|-damage|p2b: Gothitelle|21\/100 tox\n|move|p2b: Gothitelle|Psychic|p1a: Venusaur\n|-supereffective|p1a: Venusaur\n|-damage|p1a: Venusaur|0 fnt\n|faint|p1a: Venusaur\n|\n|-weather|RainDance|[upkeep]\n|-damage|p2b: Gothitelle|9\/100 tox|[from] psn\n|upkeep\n|\n|t:|1696972378\n|switch|p1a: Incineroar|Incineroar, F|77\/100\n|switch|p2a: Landorus|Landorus-Therian, M|56\/100\n|-ability|p2a: Landorus|Intimidate|boost\n|-unboost|p1a: Incineroar|atk|1\n|-unboost|p1b: Regigigas|atk|1\n|-ability|p1a: Incineroar|Intimidate|boost\n|-unboost|p2a: Landorus|atk|1\n|-unboost|p2b: Gothitelle|atk|1\n|turn|11\n|\n|t:|1696972387\n|move|p2a: Landorus|Stomping Tantrum|p1a: Incineroar\n|-supereffective|p1a: Incineroar\n|-damage|p1a: Incineroar|26\/100\n|move|p1b: Regigigas|Zen Headbutt|p2a: Landorus\n|-damage|p2a: Landorus|21\/100\n|move|p2b: Gothitelle|Heal Pulse|p2a: Landorus\n|-heal|p2a: Landorus|71\/100\n|move|p1a: Incineroar|Dark Pulse|p2b: Gothitelle\n|-supereffective|p2b: Gothitelle\n|-damage|p2b: Gothitelle|0 fnt\n|faint|p2b: Gothitelle\n|\n|-weather|RainDance|[upkeep]\n|-heal|p1a: Incineroar|32\/100|[from] item: Leftovers\n|upkeep\n|\n|t:|1696972397\n|switch|p2b: Thundurus|Thundurus, M|35\/100\n|turn|12\n|\n|t:|1696972419\n|-terastallize|p1a: Incineroar|Fire\n|move|p2b: Thundurus|Protect|p2b: Thundurus\n|-singleturn|p2b: Thundurus|Protect\n|move|p2a: Landorus|Stomping Tantrum|p1a: Incineroar\n|-supereffective|p1a: Incineroar\n|-damage|p1a: Incineroar|0 fnt\n|faint|p1a: Incineroar\n|move|p1b: Regigigas|Zen Headbutt|p2a: Landorus\n|-damage|p2a: Landorus|39\/100\n|\n|-weather|RainDance|[upkeep]\n|upkeep\n|turn|13\n|\n|t:|1696972435\n|move|p2a: Landorus|Stomping Tantrum|p1b: Regigigas\n|-damage|p1b: Regigigas|77\/100 par\n|move|p2b: Thundurus|Wildbolt Storm|p1b: Regigigas\n|-damage|p1b: Regigigas|38\/100 par\n|move|p1b: Regigigas|Zen Headbutt|p2b: Thundurus\n|-damage|p2b: Thundurus|0 fnt\n|faint|p2b: Thundurus\n|\n|-weather|none\n|upkeep\n|\n|t:|1696972440\n|switch|p2b: Froslass|Froslass, F|100\/100\n|turn|14\n|\n|t:|1696972445\n|move|p2a: Landorus|Stomping Tantrum|p1b: Regigigas\n|-damage|p1b: Regigigas|15\/100 par\n|move|p2b: Froslass|Ice Beam|p1b: Regigigas\n|-damage|p1b: Regigigas|0 fnt\n|faint|p1b: Regigigas\n|\n|win|froslass reign 2\n|raw|Sc4rletQu33n's rating: 1040 &rarr; <strong>1024<\/strong><br \/>(-16 for losing)\n|raw|froslass reign 2's rating: 1048 &rarr; <strong>1080<\/strong><br \/>(+32 for winning)\n|l|\u2606froslass reign 2\n","uploadtime":1696972452,"views":8,"p1id":"sc4rletqu33n","p2id":"froslassreign2","formatid":"gen9nationaldexdoubles","rating":1024,"private":0,"password":""}