{"id":"gen9nationaldexdoubles-1988780097","p1":"Ilovesmallcats3","p2":"Exp666","format":"[Gen 9] National Dex Doubles","log":"|j|\u2606Ilovesmallcats3\n|j|\u2606Exp666\n|t:|1699762162\n|gametype|doubles\n|player|p1|Ilovesmallcats3|shauntal|1237\n|player|p2|Exp666|170|1326\n|teamsize|p1|6\n|teamsize|p2|6\n|gen|9\n|tier|[Gen 9] National Dex Doubles\n|rated|\n|rule|HP Percentage Mod: HP is shown in percentages\n|rule|Endless Battle Clause: Forcing endless battles is banned\n|rule|OHKO Clause: OHKO moves are banned\n|rule|Evasion Moves Clause: Evasion moves are banned\n|rule|Evasion Abilities Clause: Evasion abilities are banned\n|rule|Species Clause: Limit one of each Pok\u00e9mon\n|rule|Gravity Sleep Clause: The combination of sleep-inducing moves with imperfect accuracy and Gravity or Gigantamax Orbeetle are banned\n|clearpoke\n|poke|p1|Aurorus, F|\n|poke|p1|Ninetales-Alola, M|\n|poke|p1|Clefairy, F|\n|poke|p1|Arctozolt|\n|poke|p1|Vanilluxe, F|\n|poke|p1|Kyurem-Black|\n|poke|p2|Umbreon, M|\n|poke|p2|Salamence, M|\n|poke|p2|Incineroar, M|\n|poke|p2|Tapu Koko|\n|poke|p2|Volcanion|\n|poke|p2|Ninetales-Alola, M|\n|teampreview\n|inactive|Battle timer is ON: inactive players will automatically lose when time's up. (requested by Ilovesmallcats3)\n|\n|t:|1699762171\n|start\n|switch|p1a: Arctozolt|Arctozolt|100\/100\n|switch|p1b: Clefairy|Clefairy, F|100\/100\n|switch|p2a: Incineroar|Incineroar, M|100\/100\n|switch|p2b: Umbreon|Umbreon, M|100\/100\n|-ability|p2a: Incineroar|Intimidate|boost\n|-unboost|p1a: Arctozolt|atk|1\n|-unboost|p1b: Clefairy|atk|1\n|turn|1\n|\n|t:|1699762190\n|switch|p1a: Vanilluxe|Vanilluxe, F|100\/100\n|-weather|Snow|[from] ability: Snow Warning|[of] p1a: Vanilluxe\n|switch|p1b: Aurorus|Aurorus, F|100\/100\n|move|p2a: Incineroar|Flare Blitz|p1b: Aurorus\n|-damage|p1b: Aurorus|68\/100\n|-damage|p2a: Incineroar|88\/100|[from] Recoil\n|move|p2b: Umbreon|Snarl|p1a: Vanilluxe|[spread] p1a,p1b\n|-damage|p1a: Vanilluxe|90\/100\n|-damage|p1b: Aurorus|61\/100\n|-unboost|p1a: Vanilluxe|spa|1\n|-unboost|p1b: Aurorus|spa|1\n|\n|-weather|Snow|[upkeep]\n|-heal|p1a: Vanilluxe|96\/100|[from] item: Leftovers\n|upkeep\n|turn|2\n|\n|t:|1699762203\n|move|p1a: Vanilluxe|Aurora Veil|p1a: Vanilluxe\n|-sidestart|p1: Ilovesmallcats3|move: Aurora Veil\n|move|p2a: Incineroar|Flare Blitz|p1b: Aurorus\n|-damage|p1b: Aurorus|39\/100\n|-damage|p2a: Incineroar|80\/100|[from] Recoil\n|move|p1b: Aurorus|Ancient Power|p2a: Incineroar\n|-supereffective|p2a: Incineroar\n|-crit|p2a: Incineroar\n|-damage|p2a: Incineroar|21\/100\n|-enditem|p2a: Incineroar|Aguav Berry|[eat]\n|-heal|p2a: Incineroar|55\/100|[from] item: Aguav Berry\n|move|p2b: Umbreon|Snarl|p1a: Vanilluxe|[spread] p1a,p1b\n|-damage|p1a: Vanilluxe|90\/100\n|-damage|p1b: Aurorus|34\/100\n|-unboost|p1a: Vanilluxe|spa|1\n|-unboost|p1b: Aurorus|spa|1\n|\n|-weather|Snow|[upkeep]\n|-heal|p1a: Vanilluxe|96\/100|[from] item: Leftovers\n|upkeep\n|turn|3\n|\n|t:|1699762223\n|switch|p1a: Kyurem|Kyurem-Black|100\/100\n|-ability|p1a: Kyurem|Teravolt\n|move|p2a: Incineroar|Parting Shot|p1a: Kyurem\n|-unboost|p1a: Kyurem|atk|1\n|-unboost|p1a: Kyurem|spa|1\n|\n|t:|1699762232\n|switch|p2a: Tapu Koko|Tapu Koko|100\/100|[from] Parting Shot\n|-fieldstart|move: Electric Terrain|[from] ability: Electric Surge|[of] p2a: Tapu Koko\n|move|p1b: Aurorus|Haze|p1b: Aurorus\n|-clearallboost\n|move|p2b: Umbreon|Snarl|p1a: Kyurem|[spread] p1a,p1b\n|-damage|p1a: Kyurem|94\/100\n|-damage|p1b: Aurorus|29\/100\n|-unboost|p1a: Kyurem|spa|1\n|-unboost|p1b: Aurorus|spa|1\n|\n|-weather|Snow|[upkeep]\n|upkeep\n|turn|4\n|\n|t:|1699762245\n|move|p2a: Tapu Koko|Dazzling Gleam|p1a: Kyurem|[spread] p1a,p1b\n|-supereffective|p1a: Kyurem\n|-damage|p1a: Kyurem|60\/100\n|-damage|p1b: Aurorus|16\/100\n|move|p1a: Kyurem|Icicle Spear|p2a: Tapu Koko\n|-damage|p2a: Tapu Koko|80\/100\n|-damage|p2a: Tapu Koko|57\/100\n|-damage|p2a: Tapu Koko|34\/100\n|-damage|p2a: Tapu Koko|11\/100\n|-hitcount|p2a: Tapu Koko|4\n|move|p1b: Aurorus|Hyper Voice|p2a: Tapu Koko|[spread] p2a,p2b\n|-damage|p2a: Tapu Koko|0 fnt\n|-damage|p2b: Umbreon|80\/100\n|faint|p2a: Tapu Koko\n|move|p2b: Umbreon|Foul Play|p1a: Kyurem\n|-damage|p1a: Kyurem|35\/100\n|\n|-weather|Snow|[upkeep]\n|upkeep\n|\n|t:|1699762258\n|switch|p2a: Incineroar|Incineroar, M|55\/100\n|-ability|p2a: Incineroar|Intimidate|boost\n|-unboost|p1a: Kyurem|atk|1\n|-unboost|p1b: Aurorus|atk|1\n|turn|5\n|\n|t:|1699762275\n|switch|p1a: Clefairy|Clefairy, F|100\/100\n|move|p2a: Incineroar|Fake Out|p1b: Aurorus\n|-resisted|p1b: Aurorus\n|-damage|p1b: Aurorus|14\/100\n|cant|p1b: Aurorus|flinch\n|move|p2b: Umbreon|Yawn|p1a: Clefairy\n|-activate|p1a: Clefairy|move: Electric Terrain\n|\n|-weather|none\n|upkeep\n|turn|6\n|\n|t:|1699762287\n|move|p1a: Clefairy|Follow Me|p1a: Clefairy\n|-singleturn|p1a: Clefairy|move: Follow Me\n|move|p2a: Incineroar|Taunt|p1a: Clefairy\n|-start|p1a: Clefairy|move: Taunt\n|move|p1b: Aurorus|Ancient Power|p2a: Incineroar\n|-supereffective|p2a: Incineroar\n|-damage|p2a: Incineroar|29\/100\n|move|p2b: Umbreon|Snarl|p1b: Aurorus|[spread] p1a,p1b\n|-resisted|p1a: Clefairy\n|-damage|p1a: Clefairy|98\/100\n|-damage|p1b: Aurorus|10\/100\n|-unboost|p1a: Clefairy|spa|1\n|-unboost|p1b: Aurorus|spa|1\n|\n|-sideend|p1: Ilovesmallcats3|move: Aurora Veil\n|upkeep\n|turn|7\n|\n|t:|1699762298\n|move|p2a: Incineroar|Flare Blitz|p1b: Aurorus\n|-damage|p1b: Aurorus|0 fnt\n|faint|p1b: Aurorus\n|-damage|p2a: Incineroar|25\/100|[from] Recoil\n|move|p2b: Umbreon|Snarl|p1a: Clefairy\n|-resisted|p1a: Clefairy\n|-damage|p1a: Clefairy|93\/100\n|-unboost|p1a: Clefairy|spa|1\n|move|p1a: Clefairy|Knock Off|p2b: Umbreon\n|-resisted|p2b: Umbreon\n|-damage|p2b: Umbreon|77\/100\n|-damage|p1a: Clefairy|76\/100|[from] item: Rocky Helmet|[of] p2b: Umbreon\n|-enditem|p2b: Umbreon|Rocky Helmet|[from] move: Knock Off|[of] p1a: Clefairy\n|\n|-fieldend|move: Electric Terrain\n|upkeep\n|\n|t:|1699762306\n|switch|p1b: Arctozolt|Arctozolt|100\/100\n|turn|8\n|\n|t:|1699762320\n|switch|p1a: Vanilluxe|Vanilluxe, F|96\/100\n|-weather|Snow|[from] ability: Snow Warning|[of] p1a: Vanilluxe\n|-terastallize|p1b: Arctozolt|Electric\n|move|p1b: Arctozolt|Bolt Beak|p2a: Incineroar\n|-damage|p2a: Incineroar|0 fnt\n|faint|p2a: Incineroar\n|move|p2b: Umbreon|Yawn|p1a: Vanilluxe\n|-start|p1a: Vanilluxe|move: Yawn|[of] p2b: Umbreon\n|\n|-weather|Snow|[upkeep]\n|-heal|p1a: Vanilluxe|100\/100|[from] item: Leftovers\n|upkeep\n|\n|t:|1699762330\n|switch|p2a: Salamence|Salamence, M|100\/100\n|-ability|p2a: Salamence|Intimidate|boost\n|-unboost|p1a: Vanilluxe|atk|1\n|-unboost|p1b: Arctozolt|atk|1\n|turn|9\n|\n|t:|1699762341\n|switch|p1b: Clefairy|Clefairy, F|76\/100\n|switch|p2a: Ninetales|Ninetales-Alola, M|100\/100\n|move|p1a: Vanilluxe|Blizzard|p2b: Umbreon|[spread] p2a,p2b\n|-resisted|p2a: Ninetales\n|-damage|p2a: Ninetales|84\/100\n|-damage|p2b: Umbreon|57\/100\n|move|p2b: Umbreon|Yawn|p1b: Clefairy\n|-start|p1b: Clefairy|move: Yawn|[of] p2b: Umbreon\n|\n|-weather|Snow|[upkeep]\n|-end|p1a: Vanilluxe|move: Yawn|[silent]\n|-status|p1a: Vanilluxe|slp\n|upkeep\n|turn|10\n|\n|t:|1699762358\n|move|p2a: Ninetales|Aurora Veil|p2a: Ninetales\n|-sidestart|p2: Exp666|move: Aurora Veil\n|cant|p1a: Vanilluxe|slp\n|move|p2b: Umbreon|Snarl|p1a: Vanilluxe|[spread] p1a,p1b\n|-resisted|p1b: Clefairy\n|-damage|p1a: Vanilluxe|94\/100 slp\n|-damage|p1b: Clefairy|73\/100\n|-unboost|p1a: Vanilluxe|spa|1\n|-unboost|p1b: Clefairy|spa|1\n|move|p1b: Clefairy|Heal Bell|p1b: Clefairy\n|-activate|p1b: Clefairy|move: Heal Bell\n|-curestatus|p1a: Vanilluxe|slp|[msg]\n|\n|-weather|Snow|[upkeep]\n|-heal|p1a: Vanilluxe|99\/100|[from] item: Leftovers\n|-end|p1b: Clefairy|move: Yawn|[silent]\n|-status|p1b: Clefairy|slp\n|upkeep\n|turn|11\n|\n|t:|1699762368\n|switch|p1b: Ninetales|Ninetales-Alola, M|100\/100\n|move|p1a: Vanilluxe|Magic Coat|p1a: Vanilluxe\n|-singleturn|p1a: Vanilluxe|move: Magic Coat\n|move|p2a: Ninetales|Dazzling Gleam|p1a: Vanilluxe|[spread] p1a,p1b\n|-damage|p1a: Vanilluxe|78\/100\n|-damage|p1b: Ninetales|78\/100\n|move|p2b: Umbreon|Yawn|p1a: Vanilluxe\n|move|p1a: Vanilluxe|Yawn|p2b: Umbreon|[from]Magic Coat\n|-start|p2b: Umbreon|move: Yawn|[of] p1a: Vanilluxe\n|\n|-weather|Snow|[upkeep]\n|-heal|p1a: Vanilluxe|84\/100|[from] item: Leftovers\n|upkeep\n|turn|12\n|\n|t:|1699762380\n|switch|p1b: Clefairy|Clefairy, F|73\/100 slp\n|switch|p2b: Volcanion|Volcanion|100\/100\n|move|p1a: Vanilluxe|Magic Coat|p1a: Vanilluxe\n|-singleturn|p1a: Vanilluxe|move: Magic Coat\n|move|p2a: Ninetales|Imprison|p2a: Ninetales\n|-start|p2a: Ninetales|move: Imprison\n|\n|-weather|none\n|-heal|p1a: Vanilluxe|90\/100|[from] item: Leftovers\n|upkeep\n|turn|13\n|\n|t:|1699762399\n|-terastallize|p2b: Volcanion|Fire\n|move|p2a: Ninetales|Dazzling Gleam|p1b: Clefairy|[spread] p1a,p1b\n|-damage|p1a: Vanilluxe|71\/100\n|-damage|p1b: Clefairy|55\/100 slp\n|move|p1a: Vanilluxe|Freeze-Dry|p2b: Volcanion\n|-resisted|p2b: Volcanion\n|-damage|p2b: Volcanion|94\/100\n|move|p2b: Volcanion|Heat Wave|p1a: Vanilluxe|[spread] p1a,p1b\n|-supereffective|p1a: Vanilluxe\n|-damage|p1a: Vanilluxe|0 fnt\n|-damage|p1b: Clefairy|5\/100 slp\n|faint|p1a: Vanilluxe\n|cant|p1b: Clefairy|slp\n|\n|-heal|p2b: Volcanion|99\/100|[from] item: Leftovers\n|upkeep\n|\n|t:|1699762402\n|switch|p1a: Arctozolt|Arctozolt, tera:Electric|100\/100\n|turn|14\n|\n|t:|1699762431\n|switch|p1b: Ninetales|Ninetales-Alola, M|78\/100\n|-weather|Snow|[from] ability: Snow Warning|[of] p1b: Ninetales\n|move|p1a: Arctozolt|Bolt Beak|p2b: Volcanion\n|-damage|p2b: Volcanion|21\/100\n|move|p2a: Ninetales|Dazzling Gleam|p1a: Arctozolt|[spread] p1a,p1b\n|-damage|p1a: Arctozolt|73\/100\n|-damage|p1b: Ninetales|57\/100\n|move|p2b: Volcanion|Heat Wave|p1b: Ninetales|[spread] p1a,p1b\n|-supereffective|p1b: Ninetales\n|-crit|p1b: Ninetales\n|-damage|p1a: Arctozolt|5\/100\n|-damage|p1b: Ninetales|0 fnt\n|faint|p1b: Ninetales\n|\n|-weather|Snow|[upkeep]\n|-heal|p2b: Volcanion|27\/100|[from] item: Leftovers\n|upkeep\n|\n|t:|1699762438\n|switch|p1b: Kyurem|Kyurem-Black|35\/100\n|-ability|p1b: Kyurem|Teravolt\n|turn|15\n|\n|t:|1699762448\n|switch|p2b: Umbreon|Umbreon, M|57\/100\n|move|p1a: Arctozolt|Bolt Beak|p2a: Ninetales\n|-crit|p2a: Ninetales\n|-damage|p2a: Ninetales|0 fnt\n|faint|p2a: Ninetales\n|move|p1b: Kyurem|Fusion Bolt|p2b: Umbreon\n|-damage|p2b: Umbreon|40\/100\n|\n|-weather|Snow|[upkeep]\n|upkeep\n|\n|t:|1699762453\n|switch|p2a: Salamence|Salamence, M|100\/100\n|-ability|p2a: Salamence|Intimidate|boost\n|-unboost|p1a: Arctozolt|atk|1\n|-unboost|p1b: Kyurem|atk|1\n|turn|16\n|\n|t:|1699762464\n|switch|p2a: Volcanion|Volcanion, tera:Fire|27\/100\n|move|p1a: Arctozolt|Bolt Beak|p2a: Volcanion\n|-damage|p2a: Volcanion|0 fnt\n|faint|p2a: Volcanion\n|move|p1b: Kyurem|Icicle Spear|p2b: Umbreon\n|-damage|p2b: Umbreon|36\/100\n|-damage|p2b: Umbreon|31\/100\n|-damage|p2b: Umbreon|27\/100\n|-damage|p2b: Umbreon|23\/100\n|-hitcount|p2b: Umbreon|4\n|move|p2b: Umbreon|Snarl|p1b: Kyurem|[spread] p1a,p1b\n|-damage|p1a: Arctozolt|0 fnt\n|-damage|p1b: Kyurem|25\/100\n|-unboost|p1b: Kyurem|spa|1\n|faint|p1a: Arctozolt\n|\n|-weather|Snow|[upkeep]\n|upkeep\n|\n|t:|1699762469\n|switch|p1a: Clefairy|Clefairy, F|5\/100 slp\n|switch|p2a: Salamence|Salamence, M|100\/100\n|-ability|p2a: Salamence|Intimidate|boost\n|-unboost|p1a: Clefairy|atk|1\n|-unboost|p1b: Kyurem|atk|1\n|turn|17\n|\n|t:|1699762481\n|detailschange|p2a: Salamence|Salamence-Mega, M\n|-mega|p2a: Salamence|Salamence|Salamencite\n|-curestatus|p1a: Clefairy|slp|[msg]\n|move|p1a: Clefairy|Helping Hand|p1b: Kyurem\n|-singleturn|p1b: Kyurem|Helping Hand|[of] p1a: Clefairy\n|move|p1b: Kyurem|Icicle Spear|p2a: Salamence\n|-supereffective|p2a: Salamence\n|-damage|p2a: Salamence|78\/100\n|-supereffective|p2a: Salamence\n|-damage|p2a: Salamence|57\/100\n|-supereffective|p2a: Salamence\n|-damage|p2a: Salamence|36\/100\n|-supereffective|p2a: Salamence\n|-damage|p2a: Salamence|14\/100\n|-hitcount|p2a: Salamence|4\n|move|p2a: Salamence|Double-Edge|p1b: Kyurem\n|-damage|p1b: Kyurem|0 fnt\n|faint|p1b: Kyurem\n|-damage|p2a: Salamence|6\/100|[from] Recoil\n|move|p2b: Umbreon|Snarl|p1a: Clefairy\n|-resisted|p1a: Clefairy\n|-damage|p1a: Clefairy|0 fnt\n|faint|p1a: Clefairy\n|\n|win|Exp666\n|raw|Ilovesmallcats3's rating: 1237 &rarr; <strong>1218<\/strong><br \/>(-19 for losing)\n|raw|Exp666's rating: 1326 &rarr; <strong>1341<\/strong><br \/>(+15 for winning)\n|l|\u2606Ilovesmallcats3\n","uploadtime":1699762493,"views":5,"p1id":"ilovesmallcats3","p2id":"exp666","formatid":"gen9nationaldexdoubles","rating":1218,"private":0,"password":""}