{"id":"gen9nationaldexdoubles-1990048346","p1":"Mirzzza","p2":"TeddyWarlock","format":"[Gen 9] National Dex Doubles","log":"|j|\u2606Mirzzza\n|j|\u2606TeddyWarlock\n|t:|1699918971\n|gametype|doubles\n|player|p1|Mirzzza|saturn|1513\n|player|p2|TeddyWarlock|rood|1400\n|teamsize|p1|6\n|teamsize|p2|6\n|gen|9\n|tier|[Gen 9] National Dex Doubles\n|rated|\n|rule|HP Percentage Mod: HP is shown in percentages\n|rule|Endless Battle Clause: Forcing endless battles is banned\n|rule|OHKO Clause: OHKO moves are banned\n|rule|Evasion Moves Clause: Evasion moves are banned\n|rule|Evasion Abilities Clause: Evasion abilities are banned\n|rule|Species Clause: Limit one of each Pok\u00e9mon\n|rule|Gravity Sleep Clause: The combination of sleep-inducing moves with imperfect accuracy and Gravity or Gigantamax Orbeetle are banned\n|clearpoke\n|poke|p1|Incineroar, M|\n|poke|p1|Gastrodon-East, M|\n|poke|p1|Rillaboom, M|\n|poke|p1|Zygarde|\n|poke|p1|Amoonguss, M|\n|poke|p1|Chien-Pao|\n|poke|p2|Tyranitar, M|\n|poke|p2|Glimmora, M|\n|poke|p2|Garganacl, M|\n|poke|p2|Gholdengo|\n|poke|p2|Landorus-Therian, M|\n|poke|p2|Iron Hands|\n|teampreview\n|inactive|Battle timer is ON: inactive players will automatically lose when time's up. (requested by TeddyWarlock)\n|inactive|Mirzzza also wants the timer to be on.\n|inactive|TeddyWarlock has 120 seconds left.\n|\n|t:|1699919003\n|start\n|switch|p1a: Chien-Pao|Chien-Pao|100\/100\n|switch|p1b: Incineroar|Incineroar, M, shiny|100\/100\n|switch|p2a: Iron Hands|Iron Hands, shiny|100\/100\n|switch|p2b: Tyranitar|Tyranitar, M|100\/100\n|-ability|p1a: Chien-Pao|Sword of Ruin\n|-weather|Sandstorm|[from] ability: Sand Stream|[of] p2b: Tyranitar\n|-ability|p1b: Incineroar|Intimidate|boost\n|-unboost|p2a: Iron Hands|atk|1\n|-unboost|p2b: Tyranitar|atk|1\n|turn|1\n|inactive|Mirzzza has 120 seconds left.\n|\n|t:|1699919035\n|switch|p1a: Gastrodon|Gastrodon-East, M, shiny|100\/100\n|switch|p2b: Landorus|Landorus-Therian, M|100\/100\n|-ability|p2b: Landorus|Intimidate|boost\n|-unboost|p1a: Gastrodon|atk|1\n|-unboost|p1b: Incineroar|atk|1\n|move|p1b: Incineroar|Parting Shot|p2b: Landorus\n|-unboost|p2b: Landorus|atk|1\n|-unboost|p2b: Landorus|spa|1\n|inactive|Mirzzza has 120 seconds left.\n|\n|t:|1699919044\n|switch|p1b: Amoonguss|Amoonguss, M|100\/100|[from] Parting Shot\n|move|p2a: Iron Hands|Drain Punch|p1a: Gastrodon\n|-crit|p1a: Gastrodon\n|-damage|p1a: Gastrodon|49\/100\n|\n|-weather|Sandstorm|[upkeep]\n|-damage|p2a: Iron Hands|94\/100|[from] Sandstorm\n|-damage|p1b: Amoonguss|94\/100|[from] Sandstorm\n|-heal|p1a: Gastrodon|55\/100|[from] item: Leftovers\n|-heal|p1b: Amoonguss|100\/100|[from] item: Leftovers\n|upkeep\n|turn|2\n|\n|t:|1699919059\n|-end|p2a: Iron Hands|Quark Drive|[silent]\n|switch|p2a: Garganacl|Garganacl, M|100\/100\n|switch|p1a: Zygarde|Zygarde, shiny|100\/100\n|-ability|p1a: Zygarde|Aura Break\n|move|p2b: Landorus|U-turn|p1a: Zygarde\n|-damage|p1a: Zygarde|87\/100\n|\n|t:|1699919071\n|switch|p2b: Iron Hands|Iron Hands, shiny|94\/100|[from] U-turn\n|move|p1b: Amoonguss|Spore|p2a: Garganacl\n|-immune|p2a: Garganacl|[from] ability: Purifying Salt\n|\n|-weather|Sandstorm|[upkeep]\n|-damage|p2b: Iron Hands|88\/100|[from] Sandstorm\n|-damage|p1b: Amoonguss|94\/100|[from] Sandstorm\n|-heal|p1b: Amoonguss|100\/100|[from] item: Leftovers\n|upkeep\n|turn|3\n|\n|t:|1699919086\n|-terastallize|p2b: Iron Hands|Ice\n|move|p1a: Zygarde|Protect|p1a: Zygarde\n|-singleturn|p1a: Zygarde|Protect\n|move|p2b: Iron Hands|Ice Punch|p1a: Zygarde\n|-activate|p1a: Zygarde|move: Protect\n|move|p2a: Garganacl|Salt Cure|p1b: Amoonguss\n|-damage|p1b: Amoonguss|89\/100\n|-start|p1b: Amoonguss|Salt Cure\n|move|p1b: Amoonguss|Spore|p2b: Iron Hands\n|-status|p2b: Iron Hands|slp|[from] move: Spore\n|\n|-weather|Sandstorm|[upkeep]\n|-damage|p2b: Iron Hands|82\/100 slp|[from] Sandstorm\n|-damage|p1b: Amoonguss|83\/100|[from] Sandstorm\n|-heal|p1b: Amoonguss|89\/100|[from] item: Leftovers\n|-damage|p1b: Amoonguss|77\/100|[from] Salt Cure\n|upkeep\n|turn|4\n|\n|t:|1699919106\n|move|p1b: Amoonguss|Rage Powder|p1b: Amoonguss\n|-singleturn|p1b: Amoonguss|move: Rage Powder\n|move|p1a: Zygarde|Dragon Dance|p1a: Zygarde\n|-boost|p1a: Zygarde|atk|1\n|-boost|p1a: Zygarde|spe|1\n|cant|p2b: Iron Hands|slp\n|move|p2a: Garganacl|Salt Cure|p1b: Amoonguss\n|-damage|p1b: Amoonguss|64\/100\n|\n|-weather|Sandstorm|[upkeep]\n|-damage|p2b: Iron Hands|75\/100 slp|[from] Sandstorm\n|-damage|p1b: Amoonguss|58\/100|[from] Sandstorm\n|-heal|p1b: Amoonguss|64\/100|[from] item: Leftovers\n|-damage|p1b: Amoonguss|52\/100|[from] Salt Cure\n|upkeep\n|turn|5\n|\n|t:|1699919122\n|move|p1b: Amoonguss|Rage Powder|p1b: Amoonguss\n|-singleturn|p1b: Amoonguss|move: Rage Powder\n|move|p1a: Zygarde|Dragon Dance|p1a: Zygarde\n|-boost|p1a: Zygarde|atk|1\n|-boost|p1a: Zygarde|spe|1\n|cant|p2b: Iron Hands|slp\n|move|p2a: Garganacl|Salt Cure|p1b: Amoonguss\n|-damage|p1b: Amoonguss|40\/100\n|\n|-weather|none\n|-heal|p1b: Amoonguss|46\/100|[from] item: Leftovers\n|-damage|p1b: Amoonguss|34\/100|[from] Salt Cure\n|upkeep\n|turn|6\n|\n|t:|1699919135\n|switch|p1b: Incineroar|Incineroar, M, shiny|100\/100\n|-ability|p1b: Incineroar|Intimidate|boost\n|-unboost|p2a: Garganacl|atk|1\n|-unboost|p2b: Iron Hands|atk|1\n|move|p1a: Zygarde|Protect|p1a: Zygarde\n|-singleturn|p1a: Zygarde|Protect\n|move|p2a: Garganacl|Wide Guard|p2a: Garganacl\n|-singleturn|p2a: Garganacl|Wide Guard\n|-curestatus|p2b: Iron Hands|slp|[msg]\n|move|p2b: Iron Hands|Ice Punch|p1a: Zygarde\n|-activate|p1a: Zygarde|move: Protect\n|\n|upkeep\n|turn|7\n|\n|t:|1699919159\n|-end|p2b: Iron Hands|Quark Drive|[silent]\n|switch|p2b: Tyranitar|Tyranitar, M|100\/100\n|-weather|Sandstorm|[from] ability: Sand Stream|[of] p2b: Tyranitar\n|switch|p2a: Glimmora|Glimmora, M, shiny|100\/100\n|move|p1b: Incineroar|Fake Out|p2b: Tyranitar\n|-resisted|p2b: Tyranitar\n|-damage|p2b: Tyranitar|95\/100\n|move|p1a: Zygarde|Extreme Speed|p2b: Tyranitar\n|-resisted|p2b: Tyranitar\n|-damage|p2b: Tyranitar|80\/100\n|\n|-weather|Sandstorm|[upkeep]\n|-damage|p1b: Incineroar|94\/100|[from] Sandstorm\n|upkeep\n|turn|8\n|\n|t:|1699919177\n|switch|p2b: Iron Hands|Iron Hands, shiny, tera:Ice|75\/100\n|switch|p1b: Amoonguss|Amoonguss, M|67\/100\n|move|p1a: Zygarde|Thousand Arrows|p2b: Iron Hands|[spread] p2a,p2b\n|-supereffective|p2a: Glimmora\n|-enditem|p2a: Glimmora|Focus Sash\n|-damage|p2a: Glimmora|1\/100\n|-damage|p2b: Iron Hands|45\/100\n|-activate|p2a: Glimmora|ability: Toxic Debris\n|-sidestart|p1: Mirzzza|move: Toxic Spikes\n|move|p2a: Glimmora|Mortal Spin|p1a: Zygarde|[spread] p1a,p1b\n|-resisted|p1a: Zygarde\n|-damage|p1a: Zygarde|86\/100\n|-damage|p1b: Amoonguss|63\/100\n|-status|p1a: Zygarde|psn\n|\n|-weather|Sandstorm|[upkeep]\n|-damage|p2b: Iron Hands|39\/100|[from] Sandstorm\n|-damage|p1b: Amoonguss|57\/100|[from] Sandstorm\n|-heal|p1b: Amoonguss|63\/100|[from] item: Leftovers\n|-damage|p1a: Zygarde|73\/100 psn|[from] psn\n|upkeep\n|turn|9\n|inactive|TeddyWarlock has 120 seconds left.\n|\n|t:|1699919215\n|move|p2b: Iron Hands|Fake Out|p1b: Amoonguss\n|-damage|p1b: Amoonguss|53\/100\n|cant|p1b: Amoonguss|flinch\n|move|p1a: Zygarde|Thousand Arrows|p2a: Glimmora|[spread] p2a,p2b\n|-supereffective|p2a: Glimmora\n|-damage|p2a: Glimmora|0 fnt\n|-damage|p2b: Iron Hands|10\/100\n|-activate|p2a: Glimmora|ability: Toxic Debris\n|-sidestart|p1: Mirzzza|move: Toxic Spikes\n|faint|p2a: Glimmora\n|\n|-weather|Sandstorm|[upkeep]\n|-damage|p2b: Iron Hands|4\/100|[from] Sandstorm\n|-damage|p1b: Amoonguss|47\/100|[from] Sandstorm\n|-heal|p1b: Amoonguss|53\/100|[from] item: Leftovers\n|-damage|p1a: Zygarde|61\/100 psn|[from] psn\n|upkeep\n|\n|t:|1699919233\n|switch|p2a: Garganacl|Garganacl, M|100\/100\n|turn|10\n|\n|t:|1699919239\n|move|p2a: Garganacl|Wide Guard|p2a: Garganacl\n|-singleturn|p2a: Garganacl|Wide Guard\n|move|p1a: Zygarde|Extreme Speed|p2b: Iron Hands\n|-damage|p2b: Iron Hands|0 fnt\n|faint|p2b: Iron Hands\n|-end|p2b: Iron Hands|Quark Drive|[silent]\n|move|p1b: Amoonguss|Pollen Puff|p1a: Zygarde\n|-heal|p1a: Zygarde|100\/100 psn\n|\n|-weather|Sandstorm|[upkeep]\n|-damage|p1b: Amoonguss|47\/100|[from] Sandstorm\n|-heal|p1b: Amoonguss|53\/100|[from] item: Leftovers\n|-damage|p1a: Zygarde|88\/100 psn|[from] psn\n|upkeep\n|inactive|TeddyWarlock has 120 seconds left.\n|\n|t:|1699919260\n|switch|p2b: Tyranitar|Tyranitar, M|80\/100\n|turn|11\n|\n|t:|1699919268\n|switch|p1b: Incineroar|Incineroar, M, shiny|94\/100\n|-status|p1b: Incineroar|tox\n|-ability|p1b: Incineroar|Intimidate|boost\n|-unboost|p2a: Garganacl|atk|1\n|-unboost|p2b: Tyranitar|atk|1\n|detailschange|p2b: Tyranitar|Tyranitar-Mega, M\n|-mega|p2b: Tyranitar|Tyranitar|Tyranitarite\n|move|p1a: Zygarde|Protect|p1a: Zygarde\n|-singleturn|p1a: Zygarde|Protect\n|move|p2b: Tyranitar|Knock Off|p1a: Zygarde\n|-activate|p1a: Zygarde|move: Protect\n|move|p2a: Garganacl|Salt Cure|p1a: Zygarde\n|-activate|p1a: Zygarde|move: Protect\n|\n|-weather|none\n|-damage|p1a: Zygarde|76\/100 psn|[from] psn\n|-damage|p1b: Incineroar|88\/100 tox|[from] psn\n|upkeep\n|turn|12\n|c|\u2606TeddyWarlock|FUCK THIS TEAM\n|inactive|TeddyWarlock has 120 seconds left.\n|c|\u2606Mirzzza|????\n|\n|t:|1699919301\n|move|p1b: Incineroar|Fake Out|p2a: Garganacl\n|-resisted|p2a: Garganacl\n|-damage|p2a: Garganacl|96\/100\n|cant|p2a: Garganacl|flinch\n|move|p1a: Zygarde|Thousand Arrows|p2b: Tyranitar|[spread] p2a,p2b\n|-supereffective|p2a: Garganacl\n|-supereffective|p2b: Tyranitar\n|-damage|p2a: Garganacl|34\/100\n|-damage|p2b: Tyranitar|23\/100\n|move|p2b: Tyranitar|Rock Slide|p1b: Incineroar|[spread] p1a,p1b\n|-resisted|p1a: Zygarde\n|-supereffective|p1b: Incineroar\n|-damage|p1a: Zygarde|67\/100 psn\n|-damage|p1b: Incineroar|44\/100 tox\n|\n|-heal|p2a: Garganacl|40\/100|[from] item: Leftovers\n|-damage|p1a: Zygarde|55\/100 psn|[from] psn\n|-damage|p1b: Incineroar|32\/100 tox|[from] psn\n|upkeep\n|turn|13\n|-message|TeddyWarlock forfeited.\n|\n|win|Mirzzza\n|raw|Mirzzza's rating: 1513 &rarr; <strong>1527<\/strong><br \/>(+14 for winning)\n|raw|TeddyWarlock's rating: 1400 &rarr; <strong>1386<\/strong><br \/>(-14 for losing)\n","uploadtime":1699919294,"views":5,"p1id":"mirzzza","p2id":"teddywarlock","formatid":"gen9nationaldexdoubles","rating":1386,"private":0,"password":""}