{"id":"gen9nationaldexdoubles-1982118877","p1":"KRONEL2426","p2":"ERBESTIONE","format":"[Gen 9] National Dex Doubles","log":"|j|\u2606KRONEL2426\n|j|\u2606ERBESTIONE\n|t:|1698969764\n|gametype|doubles\n|player|p1|KRONEL2426|hugh|1263\n|player|p2|ERBESTIONE|pokemaniac|1067\n|teamsize|p1|6\n|teamsize|p2|6\n|gen|9\n|tier|[Gen 9] National Dex Doubles\n|rated|\n|rule|HP Percentage Mod: HP is shown in percentages\n|rule|Endless Battle Clause: Forcing endless battles is banned\n|rule|OHKO Clause: OHKO moves are banned\n|rule|Evasion Moves Clause: Evasion moves are banned\n|rule|Evasion Abilities Clause: Evasion abilities are banned\n|rule|Species Clause: Limit one of each Pok\u00e9mon\n|rule|Gravity Sleep Clause: The combination of sleep-inducing moves with imperfect accuracy and Gravity or Gigantamax Orbeetle are banned\n|clearpoke\n|poke|p1|Landorus-Therian, M|\n|poke|p1|Volcarona, F|\n|poke|p1|Corviknight, F|\n|poke|p1|Baxcalibur, F|\n|poke|p1|Amoonguss, F|\n|poke|p1|Grimmsnarl, M|\n|poke|p2|Qwilfish-Hisui, M|\n|poke|p2|Bisharp, M|\n|poke|p2|Milotic, F|\n|poke|p2|Wo-Chien|\n|poke|p2|Wyrdeer, F|\n|poke|p2|Primeape, M|\n|teampreview\n|\n|t:|1698969786\n|start\n|switch|p1a: Amoonguss|Amoonguss, F|100\/100\n|switch|p1b: Landorus|Landorus-Therian, M|100\/100\n|switch|p2a: Bisharp|Bisharp, M|100\/100\n|switch|p2b: Milotic|Milotic, F|100\/100\n|-ability|p1b: Landorus|Intimidate|boost\n|-unboost|p2a: Bisharp|atk|1\n|-ability|p2a: Bisharp|Defiant|boost\n|-boost|p2a: Bisharp|atk|2\n|-unboost|p2b: Milotic|atk|1\n|-ability|p2b: Milotic|Competitive|boost\n|-boost|p2b: Milotic|spa|2\n|turn|1\n|\n|t:|1698969807\n|move|p1b: Landorus|U-turn|p2a: Bisharp\n|-damage|p2a: Bisharp|84\/100\n|\n|t:|1698969812\n|switch|p1b: Corviknight|Corviknight, F|100\/100|[from] U-turn\n|-ability|p1b: Corviknight|Pressure\n|move|p2b: Milotic|Scald|p1b: Corviknight\n|-damage|p1b: Corviknight|61\/100\n|-status|p1b: Corviknight|brn\n|move|p2a: Bisharp|Swords Dance|p2a: Bisharp\n|-boost|p2a: Bisharp|atk|2\n|move|p1a: Amoonguss|Spore|p2b: Milotic\n|-status|p2b: Milotic|slp|[from] move: Spore\n|\n|-heal|p1b: Corviknight|68\/100 brn|[from] item: Leftovers\n|-damage|p1b: Corviknight|61\/100 brn|[from] brn\n|upkeep\n|turn|2\n|\n|t:|1698969838\n|switch|p2b: Qwilfish|Qwilfish-Hisui, M|100\/100\n|move|p2a: Bisharp|Knock Off|p1a: Amoonguss\n|-enditem|p1a: Amoonguss|Focus Sash\n|-damage|p1a: Amoonguss|1\/100\n|move|p1b: Corviknight|Body Press|p2a: Bisharp\n|-supereffective|p2a: Bisharp\n|-damage|p2a: Bisharp|57\/100\n|move|p1a: Amoonguss|Spore|p2a: Bisharp\n|-status|p2a: Bisharp|slp|[from] move: Spore\n|\n|-heal|p1b: Corviknight|68\/100 brn|[from] item: Leftovers\n|-damage|p1b: Corviknight|61\/100 brn|[from] brn\n|upkeep\n|turn|3\n|c|\u2606ERBESTIONE|Cmon pls\n|c|\u2606ERBESTIONE|Where is the funny if you put my team to sleep?\n|inactive|Battle timer is ON: inactive players will automatically lose when time's up. (requested by KRONEL2426)\n|\n|t:|1698969880\n|switch|p1a: Landorus|Landorus-Therian, M|100\/100\n|-ability|p1a: Landorus|Intimidate|boost\n|-unboost|p2a: Bisharp|atk|1\n|-ability|p2a: Bisharp|Defiant|boost\n|-boost|p2a: Bisharp|atk|2\n|-unboost|p2b: Qwilfish|atk|1\n|cant|p2a: Bisharp|slp\n|move|p2b: Qwilfish|Aqua Jet|p1a: Landorus\n|-supereffective|p1a: Landorus\n|-damage|p1a: Landorus|86\/100\n|move|p1b: Corviknight|Bulk Up|p1b: Corviknight\n|-boost|p1b: Corviknight|atk|1\n|-boost|p1b: Corviknight|def|1\n|\n|-heal|p1b: Corviknight|68\/100 brn|[from] item: Leftovers\n|-damage|p1b: Corviknight|61\/100 brn|[from] brn\n|upkeep\n|turn|4\n|\n|t:|1698969903\n|move|p1a: Landorus|Earthquake|p2b: Qwilfish|[spread] p2a,p2b\n|-immune|p1b: Corviknight\n|-supereffective|p2a: Bisharp\n|-supereffective|p2b: Qwilfish\n|-damage|p2a: Bisharp|5\/100 slp\n|-damage|p2b: Qwilfish|35\/100\n|move|p2b: Qwilfish|Acupressure|p2b: Qwilfish\n|-boost|p2b: Qwilfish|accuracy|2\n|cant|p2a: Bisharp|slp\n|move|p1b: Corviknight|Brave Bird|p2b: Qwilfish\n|-damage|p2b: Qwilfish|14\/100\n|-damage|p1b: Corviknight|56\/100 brn|[from] Recoil\n|\n|-heal|p1b: Corviknight|62\/100 brn|[from] item: Leftovers\n|-damage|p1b: Corviknight|56\/100 brn|[from] brn\n|upkeep\n|turn|5\n|\n|t:|1698969922\n|move|p2b: Qwilfish|Aqua Jet|p1a: Landorus\n|-supereffective|p1a: Landorus\n|-damage|p1a: Landorus|73\/100\n|move|p1a: Landorus|Earthquake|p2a: Bisharp|[spread] p2a,p2b\n|-immune|p1b: Corviknight\n|-supereffective|p2a: Bisharp\n|-supereffective|p2b: Qwilfish\n|-damage|p2a: Bisharp|0 fnt\n|-damage|p2b: Qwilfish|0 fnt\n|faint|p2a: Bisharp\n|faint|p2b: Qwilfish\n|move|p1b: Corviknight|Bulk Up|p1b: Corviknight\n|-boost|p1b: Corviknight|atk|1\n|-boost|p1b: Corviknight|def|1\n|\n|-heal|p1b: Corviknight|62\/100 brn|[from] item: Leftovers\n|-damage|p1b: Corviknight|56\/100 brn|[from] brn\n|upkeep\n|\n|t:|1698969935\n|switch|p2b: Wyrdeer|Wyrdeer, F|100\/100\n|switch|p2a: Primeape|Primeape, M|100\/100\n|-ability|p2b: Wyrdeer|Intimidate|boost\n|-unboost|p1a: Landorus|atk|1\n|-unboost|p1b: Corviknight|atk|1\n|turn|6\n|\n|t:|1698969949\n|move|p1a: Landorus|U-turn|p2b: Wyrdeer\n|-supereffective|p2b: Wyrdeer\n|-damage|p2b: Wyrdeer|64\/100\n|\n|t:|1698969952\n|switch|p1a: Grimmsnarl|Grimmsnarl, M|100\/100|[from] U-turn\n|move|p2a: Primeape|Bulk Up|p2a: Primeape\n|-boost|p2a: Primeape|atk|1\n|-boost|p2a: Primeape|def|1\n|move|p1b: Corviknight|Brave Bird|p2a: Primeape\n|-supereffective|p2a: Primeape\n|-damage|p2a: Primeape|61\/100\n|-damage|p1b: Corviknight|45\/100 brn|[from] Recoil\n|move|p2b: Wyrdeer|Skill Swap|p1a: Grimmsnarl\n|-activate|p2b: Wyrdeer|move: Skill Swap|Prankster|Intimidate|[of] p1a: Grimmsnarl\n|-ability|p1a: Grimmsnarl|Intimidate|boost\n|-unboost|p2a: Primeape|atk|1\n|-ability|p2a: Primeape|Defiant|boost\n|-boost|p2a: Primeape|atk|2\n|-unboost|p2b: Wyrdeer|atk|1\n|\n|-heal|p1b: Corviknight|51\/100 brn|[from] item: Leftovers\n|-damage|p1b: Corviknight|45\/100 brn|[from] brn\n|upkeep\n|turn|7\n|inactive|ERBESTIONE has 120 seconds left.\n|\n|t:|1698969983\n|move|p2a: Primeape|Protect|p2a: Primeape\n|-singleturn|p2a: Primeape|Protect\n|move|p1b: Corviknight|Bulk Up|p1b: Corviknight\n|-boost|p1b: Corviknight|atk|1\n|-boost|p1b: Corviknight|def|1\n|move|p1a: Grimmsnarl|Taunt|p2b: Wyrdeer\n|-start|p2b: Wyrdeer|move: Taunt\n|cant|p2b: Wyrdeer|move: Taunt|Trick Room\n|\n|-heal|p1b: Corviknight|51\/100 brn|[from] item: Leftovers\n|-damage|p1b: Corviknight|45\/100 brn|[from] brn\n|upkeep\n|turn|8\n|\n|t:|1698970000\n|switch|p2b: Milotic|Milotic, F|100\/100 slp\n|move|p2a: Primeape|Rage Fist|p1b: Corviknight\n|-damage|p1b: Corviknight|29\/100 brn\n|move|p1b: Corviknight|Bulk Up|p1b: Corviknight\n|-boost|p1b: Corviknight|atk|1\n|-boost|p1b: Corviknight|def|1\n|move|p1a: Grimmsnarl|Reflect|p1a: Grimmsnarl\n|-sidestart|p1: KRONEL2426|Reflect\n|\n|-heal|p1b: Corviknight|35\/100 brn|[from] item: Leftovers\n|-damage|p1b: Corviknight|29\/100 brn|[from] brn\n|upkeep\n|turn|9\n|\n|t:|1698970017\n|move|p2a: Primeape|Bulk Up|p2a: Primeape\n|-boost|p2a: Primeape|atk|1\n|-boost|p2a: Primeape|def|1\n|cant|p2b: Milotic|slp\n|move|p1b: Corviknight|Roost|p1b: Corviknight\n|-heal|p1b: Corviknight|78\/100 brn\n|-singleturn|p1b: Corviknight|move: Roost\n|move|p1a: Grimmsnarl|Parting Shot|p2a: Primeape\n|-unboost|p2a: Primeape|atk|1\n|-ability|p2a: Primeape|Defiant|boost\n|-boost|p2a: Primeape|atk|2\n|-unboost|p2a: Primeape|spa|1\n|-ability|p2a: Primeape|Defiant|boost\n|-boost|p2a: Primeape|atk|2\n|\n|t:|1698970032\n|switch|p1a: Landorus|Landorus-Therian, M|73\/100|[from] Parting Shot\n|-ability|p1a: Landorus|Intimidate|boost\n|-unboost|p2a: Primeape|atk|1\n|-ability|p2a: Primeape|Defiant|boost\n|-boost|p2a: Primeape|atk|1\n|-unboost|p2b: Milotic|atk|1\n|-ability|p2b: Milotic|Competitive|boost\n|-boost|p2b: Milotic|spa|2\n|\n|-heal|p1b: Corviknight|85\/100 brn|[from] item: Leftovers\n|-damage|p1b: Corviknight|78\/100 brn|[from] brn\n|upkeep\n|turn|10\n|\n|t:|1698970048\n|move|p1a: Landorus|Earthquake|p2a: Primeape|[spread] p2a,p2b\n|-immune|p1b: Corviknight\n|-damage|p2a: Primeape|41\/100\n|-damage|p2b: Milotic|68\/100 slp\n|move|p2a: Primeape|Drain Punch|p1b: Corviknight\n|-damage|p1b: Corviknight|59\/100 brn\n|-heal|p2a: Primeape|52\/100|[from] drain|[of] p1b: Corviknight\n|cant|p2b: Milotic|slp\n|move|p1b: Corviknight|Brave Bird|p2a: Primeape\n|-supereffective|p2a: Primeape\n|-damage|p2a: Primeape|3\/100\n|-damage|p1b: Corviknight|45\/100 brn|[from] Recoil\n|\n|-heal|p1b: Corviknight|52\/100 brn|[from] item: Leftovers\n|-damage|p1b: Corviknight|45\/100 brn|[from] brn\n|upkeep\n|turn|11\n|\n|t:|1698970074\n|move|p2a: Primeape|Protect|p2a: Primeape\n|-singleturn|p2a: Primeape|Protect\n|move|p1a: Landorus|U-turn|p2a: Primeape\n|-activate|p2a: Primeape|move: Protect\n|cant|p2b: Milotic|slp\n|move|p1b: Corviknight|Brave Bird|p2b: Milotic\n|-damage|p2b: Milotic|33\/100 slp\n|-enditem|p2b: Milotic|Sitrus Berry|[eat]\n|-heal|p2b: Milotic|58\/100 slp|[from] item: Sitrus Berry\n|-damage|p1b: Corviknight|34\/100 brn|[from] Recoil\n|\n|-heal|p1b: Corviknight|40\/100 brn|[from] item: Leftovers\n|-damage|p1b: Corviknight|34\/100 brn|[from] brn\n|upkeep\n|turn|12\n|\n|t:|1698970095\n|move|p1a: Landorus|U-turn|p2a: Primeape\n|-resisted|p2a: Primeape\n|-damage|p2a: Primeape|0 fnt\n|faint|p2a: Primeape\n|\n|t:|1698970101\n|switch|p1a: Amoonguss|Amoonguss, F|34\/100|[from] U-turn\n|-curestatus|p2b: Milotic|slp|[msg]\n|move|p2b: Milotic|Scald|p1b: Corviknight\n|-damage|p1b: Corviknight|0 fnt\n|faint|p1b: Corviknight\n|\n|-sideend|p1: KRONEL2426|Reflect\n|upkeep\n|\n|t:|1698970113\n|switch|p2a: Wyrdeer|Wyrdeer, F|64\/100\n|switch|p1b: Volcarona|Volcarona, F|100\/100\n|-ability|p2a: Wyrdeer|Intimidate|boost\n|-unboost|p1a: Amoonguss|atk|1\n|-unboost|p1b: Volcarona|atk|1\n|turn|13\n|\n|t:|1698970139\n|-terastallize|p1b: Volcarona|Water\n|move|p1b: Volcarona|Quiver Dance|p1b: Volcarona\n|-boost|p1b: Volcarona|spa|1\n|-boost|p1b: Volcarona|spd|1\n|-boost|p1b: Volcarona|spe|1\n|move|p2b: Milotic|Scald|p1a: Amoonguss\n|-resisted|p1a: Amoonguss\n|-damage|p1a: Amoonguss|17\/100\n|move|p2a: Wyrdeer|Skill Swap|p1a: Amoonguss\n|-activate|p2a: Wyrdeer|move: Skill Swap|Regenerator|Intimidate|[of] p1a: Amoonguss\n|-ability|p1a: Amoonguss|Intimidate|boost\n|-unboost|p2a: Wyrdeer|atk|1\n|-unboost|p2b: Milotic|atk|1\n|-ability|p2b: Milotic|Competitive|boost\n|-boost|p2b: Milotic|spa|2\n|move|p1a: Amoonguss|Spore|p2b: Milotic\n|-status|p2b: Milotic|slp|[from] move: Spore\n|\n|upkeep\n|turn|14\n|n|!ERBESTIONE|erbestione\n|\n|t:|1698970167\n|move|p1b: Volcarona|Quiver Dance|p1b: Volcarona\n|-boost|p1b: Volcarona|spa|1\n|-boost|p1b: Volcarona|spd|1\n|-boost|p1b: Volcarona|spe|1\n|cant|p2b: Milotic|slp\n|move|p2a: Wyrdeer|Earth Power|p1a: Amoonguss\n|-damage|p1a: Amoonguss|1\/100\n|move|p1a: Amoonguss|Spore|p2a: Wyrdeer\n|-status|p2a: Wyrdeer|slp|[from] move: Spore\n|\n|upkeep\n|turn|15\n|\n|t:|1698970184\n|move|p1b: Volcarona|Giga Drain|p2b: Milotic\n|-supereffective|p2b: Milotic\n|-damage|p2b: Milotic|0 fnt\n|faint|p2b: Milotic\n|cant|p2a: Wyrdeer|slp\n|move|p1a: Amoonguss|Synthesis|p1a: Amoonguss\n|-heal|p1a: Amoonguss|51\/100\n|\n|upkeep\n|\n|t:|1698970200\n|switch|p2b: Wo-Chien|Wo-Chien|100\/100\n|-ability|p2b: Wo-Chien|Tablets of Ruin\n|turn|16\n|inactive|ERBESTIONE has 120 seconds left.\n|inactive|ERBESTIONE has 90 seconds left.\n|inactive|ERBESTIONE has 60 seconds left.\n|inactive|ERBESTIONE has 30 seconds left.\n|inactive|ERBESTIONE has 20 seconds left.\n|inactive|ERBESTIONE has 15 seconds left.\n|inactive|ERBESTIONE has 10 seconds left.\n|inactive|ERBESTIONE has 5 seconds left.\n|-message|ERBESTIONE lost due to inactivity.\n|\n|win|KRONEL2426\n|raw|KRONEL2426's rating: 1263 &rarr; <strong>1275<\/strong><br \/>(+12 for winning)\n|raw|ERBESTIONE's rating: 1067 &rarr; <strong>1057<\/strong><br \/>(-10 for losing)\n","uploadtime":1698970161,"views":6,"p1id":"kronel2426","p2id":"erbestione","formatid":"gen9nationaldexdoubles","rating":1057,"private":0,"password":""}