{"id":"gen9nationaldexdoubles-1950959766","p1":"Hit 2773","p2":"fumbari 24","format":"[Gen 9] National Dex Doubles","log":"|j|\u2606Hit 2773\n|j|\u2606fumbari 24\n|t:|1695523781\n|gametype|doubles\n|player|p1|Hit 2773|roughneck-gen4|1044\n|player|p2|fumbari 24|102|1000\n|teamsize|p1|6\n|teamsize|p2|6\n|gen|9\n|tier|[Gen 9] National Dex Doubles\n|rated|\n|rule|HP Percentage Mod: HP is shown in percentages\n|rule|Endless Battle Clause: Forcing endless battles is banned\n|rule|OHKO Clause: OHKO moves are banned\n|rule|Evasion Moves Clause: Evasion moves are banned\n|rule|Evasion Abilities Clause: Evasion abilities are banned\n|rule|Species Clause: Limit one of each Pok\u00e9mon\n|rule|Gravity Sleep Clause: The combination of sleep-inducing moves with imperfect accuracy and Gravity or Gigantamax Orbeetle are banned\n|clearpoke\n|poke|p1|Drampa, F|\n|poke|p1|Farigiraf, M|\n|poke|p1|Kingambit, F|\n|poke|p1|Amoonguss, F|\n|poke|p1|Conkeldurr, F|\n|poke|p1|Indeedee-F, F|\n|poke|p2|Metagross|\n|poke|p2|Blaziken, M|\n|poke|p2|Armaldo, M|\n|poke|p2|Pelipper, M|\n|poke|p2|Cradily, M|\n|poke|p2|Machamp, F|\n|teampreview\n|\n|t:|1695523807\n|start\n|switch|p1a: Kingambit|Kingambit, F|100\/100\n|switch|p1b: Farigiraf|Farigiraf, M|100\/100\n|switch|p2a: Metagross|Metagross, shiny|100\/100\n|switch|p2b: Blaziken|Blaziken, M|100\/100\n|turn|1\n|\n|t:|1695523826\n|detailschange|p2a: Metagross|Metagross-Mega, shiny\n|-mega|p2a: Metagross|Metagross|Metagrossite\n|-terastallize|p1a: Kingambit|Fire\n|move|p2a: Metagross|Meteor Mash|p1b: Farigiraf\n|-damage|p1b: Farigiraf|32\/100\n|move|p2b: Blaziken|Bulk Up|p2b: Blaziken\n|-boost|p2b: Blaziken|atk|1\n|-boost|p2b: Blaziken|def|1\n|move|p1a: Kingambit|Kowtow Cleave|p2a: Metagross\n|-supereffective|p2a: Metagross\n|-damage|p2a: Metagross|0 fnt\n|faint|p2a: Metagross\n|move|p1b: Farigiraf|Trick Room|p1b: Farigiraf\n|-fieldstart|move: Trick Room|[of] p1b: Farigiraf\n|\n|-ability|p2b: Blaziken|Speed Boost|boost\n|-boost|p2b: Blaziken|spe|1\n|upkeep\n|\n|t:|1695523841\n|switch|p2a: Cradily|Cradily, M|100\/100\n|turn|2\n|\n|t:|1695523847\n|move|p2b: Blaziken|Protect|p2b: Blaziken\n|-singleturn|p2b: Blaziken|Protect\n|move|p2a: Cradily|Meteor Beam||[still]\n|-prepare|p2a: Cradily|Meteor Beam\n|-boost|p2a: Cradily|spa|1\n|-enditem|p2a: Cradily|Power Herb\n|-anim|p2a: Cradily|Meteor Beam|p1a: Kingambit\n|-supereffective|p1a: Kingambit\n|-damage|p1a: Kingambit|0 fnt\n|faint|p1a: Kingambit\n|-end|p1a: Kingambit|fallenundefined|[silent]\n|move|p1b: Farigiraf|Psychic|p2b: Blaziken\n|-activate|p2b: Blaziken|move: Protect\n|\n|-ability|p2b: Blaziken|Speed Boost|boost\n|-boost|p2b: Blaziken|spe|1\n|upkeep\n|\n|t:|1695523861\n|switch|p1a: Conkeldurr|Conkeldurr, F|100\/100\n|turn|3\n|\n|t:|1695523871\n|move|p1a: Conkeldurr|Mach Punch|p2a: Cradily\n|-supereffective|p2a: Cradily\n|-damage|p2a: Cradily|43\/100\n|move|p2a: Cradily|Giga Drain|p1b: Farigiraf\n|-damage|p1b: Farigiraf|0 fnt\n|-heal|p2a: Cradily|63\/100|[from] drain|[of] p1b: Farigiraf\n|faint|p1b: Farigiraf\n|-zpower|p2b: Blaziken\n|move|p2b: Blaziken|Inferno Overdrive|p1a: Conkeldurr|[zeffect]\n|-damage|p1a: Conkeldurr|0 fnt\n|faint|p1a: Conkeldurr\n|\n|-ability|p2b: Blaziken|Speed Boost|boost\n|-boost|p2b: Blaziken|spe|1\n|upkeep\n|\n|t:|1695523886\n|switch|p1a: Drampa|Drampa, F, shiny|100\/100\n|switch|p1b: Amoonguss|Amoonguss, F|100\/100\n|turn|4\n|\n|t:|1695523897\n|move|p2b: Blaziken|Protect|p2b: Blaziken\n|-singleturn|p2b: Blaziken|Protect\n|move|p1a: Drampa|Flamethrower|p2a: Cradily\n|-damage|p2a: Cradily|11\/100\n|move|p2a: Cradily|Leech Seed|p1a: Drampa\n|-start|p1a: Drampa|move: Leech Seed\n|move|p1b: Amoonguss|Spore|p2b: Blaziken\n|-activate|p2b: Blaziken|move: Protect\n|\n|-damage|p1a: Drampa|88\/100|[from] Leech Seed|[of] p2a: Cradily\n|-heal|p2a: Cradily|24\/100|[silent]\n|-ability|p2b: Blaziken|Speed Boost|boost\n|-boost|p2b: Blaziken|spe|1\n|upkeep\n|turn|5\n|\n|t:|1695523926\n|switch|p1a: Indeedee|Indeedee-F, F|100\/100\n|-fieldstart|move: Psychic Terrain|[from] ability: Psychic Surge|[of] p1a: Indeedee\n|move|p2a: Cradily|Protect|p2a: Cradily\n|-singleturn|p2a: Cradily|Protect\n|move|p1b: Amoonguss|Spore|p2b: Blaziken\n|-status|p2b: Blaziken|slp|[from] move: Spore\n|cant|p2b: Blaziken|slp\n|\n|-fieldend|move: Trick Room\n|-ability|p2b: Blaziken|Speed Boost|boost\n|-boost|p2b: Blaziken|spe|1\n|upkeep\n|turn|6\n|\n|t:|1695523940\n|cant|p2b: Blaziken|slp\n|move|p1b: Amoonguss|Clear Smog|p2a: Cradily\n|-damage|p2a: Cradily|9\/100\n|-clearboost|p2a: Cradily\n|move|p2a: Cradily|Giga Drain|p1a: Indeedee\n|-damage|p1a: Indeedee|80\/100\n|-heal|p2a: Cradily|19\/100|[from] drain|[of] p1a: Indeedee\n|move|p1a: Indeedee|Trick Room|p1a: Indeedee\n|-fieldstart|move: Trick Room|[of] p1a: Indeedee\n|\n|-ability|p2b: Blaziken|Speed Boost|boost\n|-boost|p2b: Blaziken|spe|1\n|upkeep\n|turn|7\n|\n|t:|1695523959\n|switch|p1b: Drampa|Drampa, F, shiny|88\/100\n|cant|p2b: Blaziken|slp\n|move|p2a: Cradily|Leech Seed|p1a: Indeedee\n|-start|p1a: Indeedee|move: Leech Seed\n|move|p1a: Indeedee|Psychic|p2b: Blaziken\n|-supereffective|p2b: Blaziken\n|-crit|p2b: Blaziken\n|-damage|p2b: Blaziken|0 fnt\n|faint|p2b: Blaziken\n|\n|-damage|p1a: Indeedee|68\/100|[from] Leech Seed|[of] p2a: Cradily\n|-heal|p2a: Cradily|31\/100|[silent]\n|upkeep\n|\n|t:|1695523970\n|switch|p2b: Machamp|Machamp, F|100\/100\n|turn|8\n|inactive|Battle timer is ON: inactive players will automatically lose when time's up. (requested by fumbari 24)\n|\n|t:|1695523985\n|-terastallize|p2a: Cradily|Rock\n|move|p2b: Machamp|Wide Guard|p2b: Machamp\n|-singleturn|p2b: Machamp|Wide Guard\n|move|p1a: Indeedee|Follow Me|p1a: Indeedee\n|-singleturn|p1a: Indeedee|move: Follow Me\n|move|p1b: Drampa|Flamethrower|p2a: Cradily\n|-resisted|p2a: Cradily\n|-damage|p2a: Cradily|8\/100\n|move|p2a: Cradily|Giga Drain|p1a: Indeedee\n|-damage|p1a: Indeedee|45\/100\n|-heal|p2a: Cradily|19\/100|[from] drain|[of] p1a: Indeedee\n|-enditem|p1a: Indeedee|Sitrus Berry|[eat]\n|-heal|p1a: Indeedee|70\/100|[from] item: Sitrus Berry\n|\n|-damage|p1a: Indeedee|58\/100|[from] Leech Seed|[of] p2a: Cradily\n|-heal|p2a: Cradily|31\/100|[silent]\n|upkeep\n|turn|9\n|\n|t:|1695524004\n|move|p1a: Indeedee|Follow Me|p1a: Indeedee\n|-singleturn|p1a: Indeedee|move: Follow Me\n|move|p1b: Drampa|Flamethrower|p2a: Cradily\n|-resisted|p2a: Cradily\n|-damage|p2a: Cradily|6\/100\n|move|p2a: Cradily|Giga Drain|p1a: Indeedee\n|-damage|p1a: Indeedee|37\/100\n|-heal|p2a: Cradily|16\/100|[from] drain|[of] p1a: Indeedee\n|move|p2b: Machamp|Dynamic Punch|p1a: Indeedee\n|-damage|p1a: Indeedee|0 fnt\n|faint|p1a: Indeedee\n|\n|-fieldend|move: Psychic Terrain\n|upkeep\n|\n|t:|1695524012\n|switch|p1a: Amoonguss|Amoonguss, F|100\/100\n|turn|10\n|\n|t:|1695524030\n|move|p1b: Drampa|Flamethrower|p2a: Cradily\n|-resisted|p2a: Cradily\n|-damage|p2a: Cradily|0 fnt\n|faint|p2a: Cradily\n|move|p1a: Amoonguss|Spore|p2b: Machamp\n|-status|p2b: Machamp|slp|[from] move: Spore\n|cant|p2b: Machamp|slp\n|\n|-fieldend|move: Trick Room\n|upkeep\n|\n|t:|1695524037\n|switch|p2a: Pelipper|Pelipper, M|100\/100\n|-weather|RainDance|[from] ability: Drizzle|[of] p2a: Pelipper\n|turn|11\n|\n|t:|1695524047\n|move|p1a: Amoonguss|Protect|p1a: Amoonguss\n|-singleturn|p1a: Amoonguss|Protect\n|move|p2a: Pelipper|Hurricane|p1a: Amoonguss\n|-activate|p1a: Amoonguss|move: Protect\n|cant|p2b: Machamp|slp\n|move|p1b: Drampa|Flamethrower|p2a: Pelipper\n|-resisted|p2a: Pelipper\n|-damage|p2a: Pelipper|86\/100\n|\n|-weather|RainDance|[upkeep]\n|upkeep\n|turn|12\n|\n|t:|1695524063\n|move|p2a: Pelipper|Hurricane|p1a: Amoonguss\n|-supereffective|p1a: Amoonguss\n|-damage|p1a: Amoonguss|55\/100\n|-start|p1a: Amoonguss|confusion\n|cant|p2b: Machamp|slp\n|-activate|p1a: Amoonguss|confusion\n|-damage|p1a: Amoonguss|48\/100|[from] confusion\n|-enditem|p1a: Amoonguss|Sitrus Berry|[eat]\n|-heal|p1a: Amoonguss|72\/100|[from] item: Sitrus Berry\n|move|p1b: Drampa|Flamethrower|p2b: Machamp\n|-damage|p2b: Machamp|79\/100 slp\n|\n|-weather|RainDance|[upkeep]\n|upkeep\n|turn|13\n|\n|t:|1695524078\n|move|p2a: Pelipper|Hurricane|p1a: Amoonguss\n|-supereffective|p1a: Amoonguss\n|-damage|p1a: Amoonguss|26\/100\n|-curestatus|p2b: Machamp|slp|[msg]\n|move|p2b: Machamp|Ice Punch|p1a: Amoonguss\n|-supereffective|p1a: Amoonguss\n|-damage|p1a: Amoonguss|0 fnt\n|faint|p1a: Amoonguss\n|move|p1b: Drampa|Flamethrower|p2b: Machamp\n|-damage|p2b: Machamp|59\/100\n|\n|-weather|RainDance|[upkeep]\n|upkeep\n|turn|14\n|\n|t:|1695524094\n|move|p2a: Pelipper|Hurricane|p1b: Drampa\n|-damage|p1b: Drampa|51\/100\n|-start|p1b: Drampa|confusion\n|move|p2b: Machamp|Dynamic Punch|p1b: Drampa\n|-supereffective|p1b: Drampa\n|-damage|p1b: Drampa|0 fnt\n|faint|p1b: Drampa\n|\n|win|fumbari 24\n|raw|Hit 2773's rating: 1044 &rarr; <strong>1025<\/strong><br \/>(-19 for losing)\n|raw|fumbari 24's rating: 1000 &rarr; <strong>1045<\/strong><br \/>(+45 for winning)\n|l|\u2606Hit 2773\n","uploadtime":1695524100,"views":15,"p1id":"hit2773","p2id":"fumbari24","formatid":"gen9nationaldexdoubles","rating":1025,"private":0,"password":""}