{"id":"gen9nationaldexdoubles-1960983503","p1":"TheGalaxyRay","p2":"xiaoc1a1o1","format":"[Gen 9] National Dex Doubles","log":"|j|\u2606TheGalaxyRay\n|j|\u2606xiaoc1a1o1\n|t:|1696583113\n|gametype|doubles\n|player|p1|TheGalaxyRay|iris-gen5bw2|1172\n|player|p2|xiaoc1a1o1|fisherman-gen4|1029\n|teamsize|p1|6\n|teamsize|p2|6\n|gen|9\n|tier|[Gen 9] National Dex Doubles\n|rated|\n|rule|HP Percentage Mod: HP is shown in percentages\n|rule|Endless Battle Clause: Forcing endless battles is banned\n|rule|OHKO Clause: OHKO moves are banned\n|rule|Evasion Moves Clause: Evasion moves are banned\n|rule|Evasion Abilities Clause: Evasion abilities are banned\n|rule|Species Clause: Limit one of each Pok\u00e9mon\n|rule|Gravity Sleep Clause: The combination of sleep-inducing moves with imperfect accuracy and Gravity or Gigantamax Orbeetle are banned\n|clearpoke\n|poke|p1|Volbeat, M|\n|poke|p1|Urshifu-*, F|\n|poke|p1|Basculegion, M|\n|poke|p1|Inteleon, M|\n|poke|p1|Gastrodon-East, M|\n|poke|p1|Incineroar, F|\n|poke|p2|Pelipper, M|\n|poke|p2|Crawdaunt, M|\n|poke|p2|Cresselia, F|\n|poke|p2|Heracross, F|\n|poke|p2|Hoopa-Unbound|\n|poke|p2|Vikavolt, F|\n|teampreview\n|\n|t:|1696583143\n|start\n|switch|p1a: Volbeat|Volbeat, M|100\/100\n|switch|p1b: Urshifu|Urshifu-Rapid-Strike, F|100\/100\n|switch|p2a: Cresselia|Cresselia, F|100\/100\n|switch|p2b: Hoopa|Hoopa-Unbound|100\/100\n|turn|1\n|\n|t:|1696583164\n|switch|p2b: Pelipper|Pelipper, M|100\/100\n|-weather|RainDance|[from] ability: Drizzle|[of] p2b: Pelipper\n|move|p1a: Volbeat|Rain Dance||[still]\n|-fail|p1a: Volbeat\n|move|p1b: Urshifu|Surging Strikes|p2a: Cresselia\n|-crit|p2a: Cresselia\n|-damage|p2a: Cresselia|81\/100\n|-crit|p2a: Cresselia\n|-damage|p2a: Cresselia|62\/100\n|-crit|p2a: Cresselia\n|-damage|p2a: Cresselia|42\/100\n|-hitcount|p2a: Cresselia|3\n|move|p2a: Cresselia|Calm Mind|p2a: Cresselia\n|-boost|p2a: Cresselia|spa|1\n|-boost|p2a: Cresselia|spd|1\n|\n|-weather|RainDance|[upkeep]\n|-heal|p2a: Cresselia|48\/100|[from] item: Leftovers\n|upkeep\n|turn|2\n|\n|t:|1696583188\n|move|p1a: Volbeat|Tailwind|p1a: Volbeat\n|-sidestart|p1: TheGalaxyRay|move: Tailwind\n|move|p1b: Urshifu|Surging Strikes|p2a: Cresselia\n|-crit|p2a: Cresselia\n|-damage|p2a: Cresselia|28\/100\n|-crit|p2a: Cresselia\n|-damage|p2a: Cresselia|9\/100\n|-crit|p2a: Cresselia\n|-damage|p2a: Cresselia|0 fnt\n|faint|p2a: Cresselia\n|-hitcount|p2: Cresselia|3\n|move|p2b: Pelipper|Hurricane|p1a: Volbeat\n|-supereffective|p1a: Volbeat\n|-damage|p1a: Volbeat|15\/100\n|-start|p1a: Volbeat|confusion\n|\n|-weather|RainDance|[upkeep]\n|upkeep\n|\n|t:|1696583201\n|switch|p2a: Vikavolt|Vikavolt, F|100\/100\n|turn|3\n|\n|t:|1696583212\n|-activate|p1a: Volbeat|confusion\n|move|p1a: Volbeat|Thunder Wave|p2b: Pelipper\n|-status|p2b: Pelipper|par\n|move|p1b: Urshifu|Surging Strikes|p2a: Vikavolt\n|-crit|p2a: Vikavolt\n|-damage|p2a: Vikavolt|65\/100\n|-crit|p2a: Vikavolt\n|-damage|p2a: Vikavolt|32\/100\n|-crit|p2a: Vikavolt\n|-damage|p2a: Vikavolt|0 fnt\n|faint|p2a: Vikavolt\n|-hitcount|p2: Vikavolt|3\n|move|p2b: Pelipper|Hurricane|p1b: Urshifu\n|-supereffective|p1b: Urshifu\n|-damage|p1b: Urshifu|0 fnt\n|faint|p1b: Urshifu\n|\n|-weather|RainDance|[upkeep]\n|upkeep\n|\n|t:|1696583228\n|switch|p1b: Gastrodon|Gastrodon-East, M|100\/100\n|switch|p2a: Hoopa|Hoopa-Unbound|100\/100\n|turn|4\n|\n|t:|1696583245\n|-activate|p1a: Volbeat|confusion\n|move|p1a: Volbeat|Lunge|p2a: Hoopa\n|-supereffective|p2a: Hoopa\n|-enditem|p2a: Hoopa|Focus Sash\n|-damage|p2a: Hoopa|1\/100\n|-unboost|p2a: Hoopa|atk|1\n|move|p1b: Gastrodon|Scald|p2a: Hoopa\n|-damage|p2a: Hoopa|0 fnt\n|faint|p2a: Hoopa\n|move|p2b: Pelipper|Hurricane|p1a: Volbeat\n|-supereffective|p1a: Volbeat\n|-damage|p1a: Volbeat|0 fnt\n|faint|p1a: Volbeat\n|\n|-weather|RainDance|[upkeep]\n|upkeep\n|\n|t:|1696583256\n|switch|p1a: Inteleon|Inteleon, M|100\/100\n|switch|p2a: Heracross|Heracross, F|100\/100\n|turn|5\n|\n|t:|1696583275\n|detailschange|p2a: Heracross|Heracross-Mega, F\n|-mega|p2a: Heracross|Heracross|Heracronite\n|move|p1a: Inteleon|Surf|p2b: Pelipper|[spread] p2a,p2b\n|-ability|p1b: Gastrodon|Storm Drain|boost\n|-boost|p1b: Gastrodon|spa|1\n|-crit|p2a: Heracross\n|-resisted|p2b: Pelipper\n|-damage|p2a: Heracross|0 fnt\n|-damage|p2b: Pelipper|63\/100 par\n|faint|p2a: Heracross\n|move|p1b: Gastrodon|Scald|p2b: Pelipper\n|-resisted|p2b: Pelipper\n|-damage|p2b: Pelipper|20\/100 par\n|move|p2b: Pelipper|Hurricane|p1b: Gastrodon\n|-damage|p1b: Gastrodon|55\/100\n|-start|p1b: Gastrodon|confusion\n|\n|-weather|none\n|-heal|p2b: Pelipper|26\/100 par|[from] item: Leftovers\n|-sideend|p1: TheGalaxyRay|move: Tailwind\n|upkeep\n|\n|t:|1696583281\n|switch|p2a: Crawdaunt|Crawdaunt, M|100\/100\n|turn|6\n|\n|t:|1696583291\n|move|p2a: Crawdaunt|Aqua Jet|p1b: Gastrodon\n|-activate|p1b: Gastrodon|ability: Storm Drain\n|-ability|p1b: Gastrodon|Storm Drain|boost\n|-boost|p1b: Gastrodon|spa|1\n|move|p1a: Inteleon|Surf|p2a: Crawdaunt|[spread] p2a,p2b\n|-ability|p1b: Gastrodon|Storm Drain|boost\n|-boost|p1b: Gastrodon|spa|1\n|-resisted|p2a: Crawdaunt\n|-resisted|p2b: Pelipper\n|-crit|p2b: Pelipper\n|-damage|p2a: Crawdaunt|76\/100\n|-damage|p2b: Pelipper|0 fnt\n|faint|p2b: Pelipper\n|-activate|p1b: Gastrodon|confusion\n|-damage|p1b: Gastrodon|51\/100|[from] confusion\n|\n|upkeep\n|turn|7\n|\n|t:|1696583308\n|move|p1a: Inteleon|Snipe Shot|p2a: Crawdaunt\n|-resisted|p2a: Crawdaunt\n|-damage|p2a: Crawdaunt|45\/100\n|move|p2a: Crawdaunt|Knock Off|p1a: Inteleon\n|-damage|p1a: Inteleon|0 fnt\n|-enditem|p1a: Inteleon|Scope Lens|[from] move: Knock Off|[of] p2a: Crawdaunt\n|faint|p1a: Inteleon\n|-damage|p2a: Crawdaunt|35\/100|[from] item: Life Orb\n|-end|p1b: Gastrodon|confusion\n|move|p1b: Gastrodon|Scald|p2a: Crawdaunt\n|-resisted|p2a: Crawdaunt\n|-damage|p2a: Crawdaunt|0 fnt\n|faint|p2a: Crawdaunt\n|\n|win|TheGalaxyRay\n|raw|TheGalaxyRay's rating: 1172 &rarr; <strong>1187<\/strong><br \/>(+15 for winning)\n|raw|xiaoc1a1o1's rating: 1029 &rarr; <strong>1020<\/strong><br \/>(-9 for losing)\n|l|\u2606xiaoc1a1o1\n","uploadtime":1696583327,"views":10,"p1id":"thegalaxyray","p2id":"xiaoc1a1o1","formatid":"gen9nationaldexdoubles","rating":1020,"private":0,"password":""}