{"id":"gen9nationaldexdoubles-1973437949","p1":"repolnareff","p2":"Rikard & Frida","format":"[Gen 9] National Dex Doubles","log":"|j|\u2606repolnareff\n|j|\u2606Rikard & Frida\n|t:|1697975566\n|gametype|doubles\n|player|p1|repolnareff|drayden|1139\n|player|p2|Rikard & Frida|youngcouple-gen4dp|1304\n|teamsize|p1|6\n|teamsize|p2|6\n|gen|9\n|tier|[Gen 9] National Dex Doubles\n|rated|\n|rule|HP Percentage Mod: HP is shown in percentages\n|rule|Endless Battle Clause: Forcing endless battles is banned\n|rule|OHKO Clause: OHKO moves are banned\n|rule|Evasion Moves Clause: Evasion moves are banned\n|rule|Evasion Abilities Clause: Evasion abilities are banned\n|rule|Species Clause: Limit one of each Pok\u00e9mon\n|rule|Gravity Sleep Clause: The combination of sleep-inducing moves with imperfect accuracy and Gravity or Gigantamax Orbeetle are banned\n|clearpoke\n|poke|p1|Weezing-Galar, M|\n|poke|p1|Regigigas|\n|poke|p1|Blacephalon|\n|poke|p1|Coalossal, M|\n|poke|p1|Tapu Fini|\n|poke|p1|Slaking, M|\n|poke|p2|Electivire, M|\n|poke|p2|Porygon-Z|\n|poke|p2|Sceptile, M|\n|poke|p2|Infernape, M|\n|poke|p2|Greninja-*, M|\n|poke|p2|Salamence, M|\n|teampreview\n|inactive|Battle timer is ON: inactive players will automatically lose when time's up. (requested by Rikard & Frida)\n|\n|t:|1697975574\n|start\n|switch|p1a: Weezing|Weezing-Galar, M|100\/100\n|switch|p1b: Regigigas|Regigigas|100\/100\n|switch|p2a: Infernape|Infernape, M|100\/100\n|switch|p2b: Salamence|Salamence, M|100\/100\n|-ability|p1a: Weezing|Neutralizing Gas\n|turn|1\n|\n|t:|1697975592\n|detailschange|p2b: Salamence|Salamence-Mega, M\n|-mega|p2b: Salamence|Salamence|Salamencite\n|move|p2a: Infernape|Fake Out|p1b: Regigigas\n|-damage|p1b: Regigigas|84\/100\n|-damage|p2a: Infernape|91\/100|[from] item: Life Orb\n|move|p2b: Salamence|Dragon Dance|p2b: Salamence\n|-boost|p2b: Salamence|atk|1\n|-boost|p2b: Salamence|spe|1\n|cant|p1b: Regigigas|flinch\n|move|p1a: Weezing|Will-O-Wisp|p2b: Salamence\n|-status|p2b: Salamence|brn\n|\n|-damage|p2b: Salamence|94\/100 brn|[from] brn\n|upkeep\n|turn|2\n|\n|t:|1697975614\n|move|p1a: Weezing|Protect|p1a: Weezing\n|-singleturn|p1a: Weezing|Protect\n|move|p2b: Salamence|Double-Edge|p1a: Weezing\n|-activate|p1a: Weezing|move: Protect\n|move|p1b: Regigigas|Giga Impact|p2b: Salamence\n|-damage|p2b: Salamence|21\/100 brn\n|-mustrecharge|p1b: Regigigas\n|move|p2a: Infernape|Close Combat|p1b: Regigigas\n|-supereffective|p1b: Regigigas\n|-damage|p1b: Regigigas|0 fnt\n|-unboost|p2a: Infernape|def|1\n|-unboost|p2a: Infernape|spd|1\n|faint|p1b: Regigigas\n|-end|p1b: Regigigas|Slow Start|[silent]\n|-damage|p2a: Infernape|81\/100|[from] item: Life Orb\n|\n|-damage|p2b: Salamence|15\/100 brn|[from] brn\n|upkeep\n|\n|t:|1697975632\n|switch|p1b: Slaking|Slaking, M|100\/100\n|turn|3\n|\n|t:|1697975645\n|move|p2b: Salamence|Double-Edge|p1a: Weezing\n|-damage|p1a: Weezing|69\/100\n|-damage|p2b: Salamence|4\/100 brn|[from] Recoil\n|move|p1b: Slaking|Stomping Tantrum|p2b: Salamence\n|-immune|p2b: Salamence\n|move|p2a: Infernape|Close Combat|p1b: Slaking\n|-supereffective|p1b: Slaking\n|-damage|p1b: Slaking|0 fnt\n|-unboost|p2a: Infernape|def|1\n|-unboost|p2a: Infernape|spd|1\n|faint|p1b: Slaking\n|-damage|p2a: Infernape|71\/100|[from] item: Life Orb\n|move|p1a: Weezing|Sludge Bomb|p2b: Salamence\n|-crit|p2b: Salamence\n|-damage|p2b: Salamence|0 fnt\n|faint|p2b: Salamence\n|\n|upkeep\n|\n|t:|1697975663\n|switch|p2b: Porygon-Z|Porygon-Z|100\/100\n|switch|p1b: Blacephalon|Blacephalon, shiny|100\/100\n|turn|4\n|\n|t:|1697975677\n|move|p1b: Blacephalon|Heat Wave|p2b: Porygon-Z|[spread] p2b\n|-miss|p1b: Blacephalon|p2a: Infernape\n|-damage|p2b: Porygon-Z|32\/100\n|move|p2a: Infernape|Flare Blitz|p1a: Weezing\n|-damage|p1a: Weezing|4\/100\n|-status|p1a: Weezing|brn\n|-damage|p2a: Infernape|47\/100|[from] Recoil\n|-damage|p2a: Infernape|37\/100|[from] item: Life Orb\n|-zpower|p2b: Porygon-Z\n|move|p2b: Porygon-Z|Z-Conversion||[anim]Conversion|[still]\n|-boost|p2b: Porygon-Z|atk|1|[zeffect]\n|-boost|p2b: Porygon-Z|def|1|[zeffect]\n|-boost|p2b: Porygon-Z|spa|1|[zeffect]\n|-boost|p2b: Porygon-Z|spd|1|[zeffect]\n|-boost|p2b: Porygon-Z|spe|1|[zeffect]\n|-fail|p2b: Porygon-Z\n|move|p1a: Weezing|Taunt|p2b: Porygon-Z\n|-start|p2b: Porygon-Z|move: Taunt\n|\n|-damage|p1a: Weezing|0 fnt|[from] brn\n|faint|p1a: Weezing\n|-end|p1a: Weezing|ability: Neutralizing Gas\n|upkeep\n|\n|t:|1697975700\n|switch|p1a: Tapu Fini|Tapu Fini, shiny|100\/100\n|-fieldstart|move: Misty Terrain|[from] ability: Misty Surge|[of] p1a: Tapu Fini\n|turn|5\n|\n|t:|1697975707\n|move|p1b: Blacephalon|Heat Wave|p2b: Porygon-Z|[spread] p2a,p2b\n|-resisted|p2a: Infernape\n|-damage|p2a: Infernape|0 fnt\n|-damage|p2b: Porygon-Z|0 fnt\n|faint|p2a: Infernape\n|faint|p2b: Porygon-Z\n|-ability|p1b: Blacephalon|Beast Boost|boost\n|-boost|p1b: Blacephalon|spa|2\n|move|p1a: Tapu Fini|Dazzling Gleam|p2: Infernape|[notarget]\n|-fail|p1a: Tapu Fini\n|\n|upkeep\n|\n|t:|1697975713\n|switch|p2a: Greninja|Greninja, M|100\/100\n|switch|p2b: Electivire|Electivire, M|100\/100\n|turn|6\n|\n|t:|1697975724\n|-terastallize|p2a: Greninja|Water\n|move|p2a: Greninja|Water Shuriken|p1b: Blacephalon\n|-supereffective|p1b: Blacephalon\n|-damage|p1b: Blacephalon|67\/100\n|-supereffective|p1b: Blacephalon\n|-damage|p1b: Blacephalon|34\/100\n|-supereffective|p1b: Blacephalon\n|-damage|p1b: Blacephalon|0 fnt\n|faint|p1b: Blacephalon\n|-ability|p2a: Greninja|Battle Bond|boost\n|-boost|p2a: Greninja|atk|1\n|-boost|p2a: Greninja|spa|1\n|-boost|p2a: Greninja|spe|1\n|-activate|p2a: Greninja|ability: Battle Bond\n|-hitcount|p1: Blacephalon|3\n|move|p2b: Electivire|Wild Charge|p1a: Tapu Fini\n|-supereffective|p1a: Tapu Fini\n|-damage|p1a: Tapu Fini|12\/100\n|-enditem|p1a: Tapu Fini|Wiki Berry|[eat]\n|-heal|p1a: Tapu Fini|45\/100|[from] item: Wiki Berry\n|-damage|p2b: Electivire|75\/100|[from] Recoil\n|move|p1a: Tapu Fini|Calm Mind|p1a: Tapu Fini\n|-boost|p1a: Tapu Fini|spa|1\n|-boost|p1a: Tapu Fini|spd|1\n|\n|upkeep\n|\n|t:|1697975745\n|switch|p1b: Coalossal|Coalossal, M|100\/100\n|turn|7\n|\n|t:|1697975752\n|move|p1a: Tapu Fini|Protect|p1a: Tapu Fini\n|-singleturn|p1a: Tapu Fini|Protect\n|move|p2a: Greninja|Water Shuriken|p1b: Coalossal\n|-supereffective|p1b: Coalossal\n|-damage|p1b: Coalossal|36\/100\n|-ability|p1b: Coalossal|Steam Engine|boost\n|-boost|p1b: Coalossal|spe|6\n|-supereffective|p1b: Coalossal\n|-damage|p1b: Coalossal|0 fnt\n|faint|p1b: Coalossal\n|-hitcount|p1: Coalossal|2\n|move|p2b: Electivire|Wild Charge|p1a: Tapu Fini\n|-activate|p1a: Tapu Fini|move: Protect\n|\n|upkeep\n|turn|8\n|-message|repolnareff forfeited.\n|\n|win|Rikard & Frida\n|raw|repolnareff's rating: 1139 &rarr; <strong>1125<\/strong><br \/>(-14 for losing)\n|raw|Rikard &amp; Frida's rating: 1304 &rarr; <strong>1315<\/strong><br \/>(+11 for winning)\n|l|\u2606repolnareff\n","uploadtime":1697975765,"views":8,"p1id":"repolnareff","p2id":"rikardfrida","formatid":"gen9nationaldexdoubles","rating":1125,"private":0,"password":""}