{"id":"gen9nationaldexdoubles-1951182616","p1":"Dalender","p2":"JuniperJones","format":"[Gen 9] National Dex Doubles","log":"|j|\u2606Dalender\n|j|\u2606JuniperJones\n|t:|1695556434\n|gametype|doubles\n|player|p1|Dalender|guitarist|1000\n|player|p2|JuniperJones|170|1062\n|teamsize|p1|4\n|teamsize|p2|6\n|gen|9\n|tier|[Gen 9] National Dex Doubles\n|rated|\n|rule|HP Percentage Mod: HP is shown in percentages\n|rule|Endless Battle Clause: Forcing endless battles is banned\n|rule|OHKO Clause: OHKO moves are banned\n|rule|Evasion Moves Clause: Evasion moves are banned\n|rule|Evasion Abilities Clause: Evasion abilities are banned\n|rule|Species Clause: Limit one of each Pok\u00e9mon\n|rule|Gravity Sleep Clause: The combination of sleep-inducing moves with imperfect accuracy and Gravity or Gigantamax Orbeetle are banned\n|clearpoke\n|poke|p1|Spinda, M|\n|poke|p1|Mr. Rime, M|\n|poke|p1|Sylveon, F|\n|poke|p1|Lanturn, F|\n|poke|p2|Tornadus, M|\n|poke|p2|Aerodactyl, M|\n|poke|p2|Raichu-Alola, M|\n|poke|p2|Vaporeon, M|\n|poke|p2|Uxie|\n|poke|p2|Volbeat, M|\n|teampreview\n|c|\u2606JuniperJones|???\n|c|\u2606JuniperJones|whyd you only bring 4 mons?\n|\n|t:|1695556459\n|start\n|switch|p1a: Spinda|Spinda, M|100\/100\n|switch|p1b: Mr. Rime|Mr. Rime, M|100\/100\n|switch|p2a: Tornadus|Tornadus, M|100\/100\n|switch|p2b: Volbeat|Volbeat, M|100\/100\n|turn|1\n|\n|t:|1695556477\n|move|p2a: Tornadus|Tailwind|p2a: Tornadus\n|-sidestart|p2: JuniperJones|move: Tailwind\n|move|p2b: Volbeat|Tail Glow|p2b: Volbeat\n|-boost|p2b: Volbeat|spa|3\n|move|p1b: Mr. Rime|Nasty Plot|p1b: Mr. Rime\n|-boost|p1b: Mr. Rime|spa|2\n|move|p1a: Spinda|Teeter Dance|p2a: Tornadus|[spread] p1b,p2a,p2b\n|-start|p1b: Mr. Rime|confusion\n|-start|p2a: Tornadus|confusion\n|-start|p2b: Volbeat|confusion\n|\n|upkeep\n|turn|2\n|\n|t:|1695556501\n|-activate|p2a: Tornadus|confusion\n|-damage|p2a: Tornadus|87\/100|[from] confusion\n|-activate|p2b: Volbeat|confusion\n|move|p2b: Volbeat|Baton Pass|p2b: Volbeat\n|\n|t:|1695556512\n|switch|p2b: Uxie|Uxie|100\/100|[from] Baton Pass\n|-activate|p1b: Mr. Rime|confusion\n|-damage|p1b: Mr. Rime|91\/100|[from] confusion\n|move|p1a: Spinda|Last Resort|p2b: Uxie\n|-damage|p2b: Uxie|57\/100\n|\n|upkeep\n|turn|3\n|\n|t:|1695556535\n|-activate|p2a: Tornadus|confusion\n|move|p2a: Tornadus|Rain Dance|p2a: Tornadus\n|-weather|RainDance\n|-activate|p2b: Uxie|confusion\n|-damage|p2b: Uxie|52\/100|[from] confusion\n|-end|p1b: Mr. Rime|confusion\n|move|p1b: Mr. Rime|Freeze-Dry|p2a: Tornadus\n|-supereffective|p2a: Tornadus\n|-damage|p2a: Tornadus|0 fnt\n|faint|p2a: Tornadus\n|move|p1a: Spinda|Last Resort|p2b: Uxie\n|-damage|p2b: Uxie|12\/100\n|\n|-weather|RainDance|[upkeep]\n|upkeep\n|\n|t:|1695556547\n|switch|p2a: Raichu|Raichu-Alola, M|100\/100\n|turn|4\n|\n|t:|1695556557\n|move|p2a: Raichu|Fake Out|p1b: Mr. Rime\n|-damage|p1b: Mr. Rime|81\/100\n|-end|p2b: Uxie|confusion\n|move|p2b: Uxie|Thunder|p1b: Mr. Rime\n|-damage|p1b: Mr. Rime|17\/100\n|-enditem|p1b: Mr. Rime|Figy Berry|[eat]\n|-heal|p1b: Mr. Rime|50\/100|[from] item: Figy Berry\n|-start|p1b: Mr. Rime|confusion\n|cant|p1b: Mr. Rime|flinch\n|move|p1a: Spinda|Last Resort|p2a: Raichu\n|-damage|p2a: Raichu|35\/100\n|\n|-weather|RainDance|[upkeep]\n|-sideend|p2: JuniperJones|move: Tailwind\n|upkeep\n|turn|5\n|\n|t:|1695556578\n|move|p2a: Raichu|Nuzzle|p1a: Spinda\n|-crit|p1a: Spinda\n|-damage|p1a: Spinda|87\/100\n|-status|p1a: Spinda|par\n|move|p2b: Uxie|Thunder|p1b: Mr. Rime\n|-damage|p1b: Mr. Rime|0 fnt\n|faint|p1b: Mr. Rime\n|cant|p1a: Spinda|par\n|\n|-weather|RainDance|[upkeep]\n|upkeep\n|\n|t:|1695556596\n|switch|p1b: Sylveon|Sylveon, F|100\/100\n|turn|6\n|\n|t:|1695556614\n|switch|p1a: Lanturn|Lanturn, F|100\/100\n|move|p2a: Raichu|Follow Me|p2a: Raichu\n|-singleturn|p2a: Raichu|move: Follow Me\n|move|p2b: Uxie|Stored Power|p1a: Lanturn\n|-damage|p1a: Lanturn|35\/100\n|move|p1b: Sylveon|Hyper Voice|p2b: Uxie|[spread] p2a,p2b\n|-damage|p2a: Raichu|0 fnt\n|-damage|p2b: Uxie|0 fnt\n|faint|p2a: Raichu\n|faint|p2b: Uxie\n|\n|-weather|RainDance|[upkeep]\n|-heal|p1a: Lanturn|41\/100|[from] item: Leftovers\n|upkeep\n|\n|t:|1695556639\n|switch|p2a: Vaporeon|Vaporeon, M|100\/100\n|switch|p2b: Volbeat|Volbeat, M|100\/100\n|turn|7\n|\n|t:|1695556664\n|move|p1a: Lanturn|Stockpile|p1a: Lanturn\n|-start|p1a: Lanturn|stockpile1\n|-boost|p1a: Lanturn|def|1\n|-boost|p1a: Lanturn|spd|1\n|move|p2a: Vaporeon|Calm Mind|p2a: Vaporeon\n|-boost|p2a: Vaporeon|spa|1\n|-boost|p2a: Vaporeon|spd|1\n|move|p1b: Sylveon|Skill Swap|p1a: Lanturn\n|-activate|p1b: Sylveon|move: Skill Swap|||[of] p1a: Lanturn\n|move|p2b: Volbeat|Counter||[still]\n|-fail|p2b: Volbeat\n|\n|-weather|none\n|-heal|p1a: Lanturn|47\/100|[from] item: Leftovers\n|upkeep\n|turn|8\n|\n|t:|1695556685\n|move|p2b: Volbeat|Rain Dance|p2b: Volbeat\n|-weather|RainDance\n|move|p1a: Lanturn|Ion Deluge|p1a: Lanturn\n|-fieldactivate|move: Ion Deluge\n|-hint|Normal-type moves become Electric-type after using Ion Deluge.\n|move|p2a: Vaporeon|Haze|p2a: Vaporeon\n|-clearallboost\n|move|p1b: Sylveon|Hyper Voice|p2b: Volbeat|[spread] p2a,p2b\n|-supereffective|p2a: Vaporeon\n|-damage|p2a: Vaporeon|64\/100\n|-damage|p2b: Volbeat|77\/100\n|\n|-weather|RainDance|[upkeep]\n|-heal|p1a: Lanturn|53\/100|[from] item: Leftovers\n|-heal|p2a: Vaporeon|70\/100|[from] item: Leftovers\n|upkeep\n|turn|9\n|\n|t:|1695556701\n|move|p1a: Lanturn|Ion Deluge|p1a: Lanturn\n|-fieldactivate|move: Ion Deluge\n|-hint|Normal-type moves become Electric-type after using Ion Deluge.\n|move|p2a: Vaporeon|Surf|p1b: Sylveon|[spread] p2b,p1a,p1b\n|-resisted|p1a: Lanturn\n|-damage|p2b: Volbeat|41\/100\n|-damage|p1a: Lanturn|38\/100\n|-damage|p1b: Sylveon|73\/100\n|move|p1b: Sylveon|Hyper Voice|p2a: Vaporeon|[spread] p2a,p2b\n|-supereffective|p2a: Vaporeon\n|-damage|p2a: Vaporeon|34\/100\n|-damage|p2b: Volbeat|17\/100\n|move|p2b: Volbeat|Counter||[still]\n|-fail|p2b: Volbeat\n|\n|-weather|RainDance|[upkeep]\n|-heal|p1a: Lanturn|45\/100|[from] item: Leftovers\n|-heal|p2a: Vaporeon|40\/100|[from] item: Leftovers\n|upkeep\n|turn|10\n|\n|t:|1695556724\n|move|p1a: Lanturn|Ion Deluge|p1a: Lanturn\n|-fieldactivate|move: Ion Deluge\n|-hint|Normal-type moves become Electric-type after using Ion Deluge.\n|move|p2a: Vaporeon|Surf|p1a: Lanturn|[spread] p2b,p1a,p1b\n|-resisted|p1a: Lanturn\n|-damage|p2b: Volbeat|0 fnt\n|-damage|p1a: Lanturn|31\/100\n|-damage|p1b: Sylveon|47\/100\n|faint|p2b: Volbeat\n|move|p1b: Sylveon|Hyper Voice|p2a: Vaporeon\n|-supereffective|p2a: Vaporeon\n|-damage|p2a: Vaporeon|0 fnt\n|faint|p2a: Vaporeon\n|\n|-weather|RainDance|[upkeep]\n|-heal|p1a: Lanturn|37\/100|[from] item: Leftovers\n|upkeep\n|\n|t:|1695556738\n|switch|p2a: Aerodactyl|Aerodactyl, M|100\/100\n|turn|11\n|\n|t:|1695556746\n|detailschange|p2a: Aerodactyl|Aerodactyl-Mega, M\n|-mega|p2a: Aerodactyl|Aerodactyl|Aerodactylite\n|-terastallize|p1b: Sylveon|Steel\n|move|p1a: Lanturn|Ion Deluge|p1a: Lanturn\n|-fieldactivate|move: Ion Deluge\n|-hint|Normal-type moves become Electric-type after using Ion Deluge.\n|move|p2a: Aerodactyl|Earthquake|p1b: Sylveon|[spread] p1a,p1b\n|-supereffective|p1a: Lanturn\n|-supereffective|p1b: Sylveon\n|-damage|p1a: Lanturn|0 fnt\n|-damage|p1b: Sylveon|0 fnt\n|faint|p1a: Lanturn\n|faint|p1b: Sylveon\n|\n|-weather|RainDance|[upkeep]\n|upkeep\n|\n|t:|1695556761\n|switch|p1a: Spinda|Spinda, M|87\/100 par\n|turn|12\n|\n|t:|1695556769\n|move|p2a: Aerodactyl|Crunch|p1a: Spinda\n|-damage|p1a: Spinda|29\/100 par\n|move|p1a: Spinda|Teeter Dance|p2a: Aerodactyl\n|-start|p2a: Aerodactyl|confusion\n|\n|-weather|none\n|upkeep\n|turn|13\n|\n|t:|1695556778\n|-activate|p2a: Aerodactyl|confusion\n|-damage|p2a: Aerodactyl|83\/100|[from] confusion\n|move|p1a: Spinda|Last Resort|p1: Sylveon|[notarget]\n|-fail|p1a: Spinda\n|\n|upkeep\n|turn|14\n|\n|t:|1695556785\n|-activate|p2a: Aerodactyl|confusion\n|move|p2a: Aerodactyl|Dual Wingbeat|p1a: Spinda\n|-damage|p1a: Spinda|0 fnt\n|faint|p1a: Spinda\n|-hitcount|p1: Spinda|1\n|\n|win|JuniperJones\n|raw|Dalender's rating: 1000 &rarr; <strong>1000<\/strong><br \/>(+0 for losing)\n|raw|JuniperJones's rating: 1062 &rarr; <strong>1087<\/strong><br \/>(+25 for winning)\n|l|\u2606JuniperJones\n","uploadtime":1695556804,"views":10,"p1id":"dalender","p2id":"juniperjones","formatid":"gen9nationaldexdoubles","rating":1000,"private":0,"password":""}