{"id":"gen9nationaldexdoubles-1964715066","p1":"wyydg","p2":"Starving_Venom_459","format":"[Gen 9] National Dex Doubles","log":"|j|\u2606wyydg\n|j|\u2606Starving_Venom_459\n|t:|1696997432\n|gametype|doubles\n|player|p1|wyydg|hilbert|1079\n|player|p2|Starving_Venom_459|ingo|1345\n|teamsize|p1|6\n|teamsize|p2|6\n|gen|9\n|tier|[Gen 9] National Dex Doubles\n|rated|\n|rule|HP Percentage Mod: HP is shown in percentages\n|rule|Endless Battle Clause: Forcing endless battles is banned\n|rule|OHKO Clause: OHKO moves are banned\n|rule|Evasion Moves Clause: Evasion moves are banned\n|rule|Evasion Abilities Clause: Evasion abilities are banned\n|rule|Species Clause: Limit one of each Pok\u00e9mon\n|rule|Gravity Sleep Clause: The combination of sleep-inducing moves with imperfect accuracy and Gravity or Gigantamax Orbeetle are banned\n|clearpoke\n|poke|p1|Eevee, F|\n|poke|p1|Gardevoir, M|\n|poke|p1|Indeedee-F, F|\n|poke|p1|Medicham, F|\n|poke|p1|Hydreigon, F|\n|poke|p1|Amoonguss, M|\n|poke|p2|Chien-Pao|\n|poke|p2|Dragonite, M|\n|poke|p2|Corviknight, M|\n|poke|p2|Mawile, F|\n|poke|p2|Amoonguss, M|\n|poke|p2|Palafin, M|\n|teampreview\n|inactive|Battle timer is ON: inactive players will automatically lose when time's up. (requested by Starving_Venom_459)\n|\n|t:|1696997444\n|start\n|switch|p1a: Eevee|Eevee, F|100\/100\n|switch|p1b: Medicham|Medicham, F|100\/100\n|switch|p2a: Mawile|Mawile, F, shiny|100\/100\n|switch|p2b: Palafin|Palafin, M|100\/100\n|-ability|p2a: Mawile|Intimidate|boost\n|-unboost|p1a: Eevee|atk|1\n|-unboost|p1b: Medicham|atk|1\n|turn|1\n|inactive|wyydg has 120 seconds left.\n|\n|t:|1696997485\n|move|p2a: Mawile|Protect|p2a: Mawile\n|-singleturn|p2a: Mawile|Protect\n|move|p1b: Medicham|Fake Out|p2a: Mawile\n|-activate|p2a: Mawile|move: Protect\n|move|p2b: Palafin|Flip Turn|p1a: Eevee\n|-damage|p1a: Eevee|39\/100\n|inactive|Starving_Venom_459 has 120 seconds left.\n|\n|t:|1696997496\n|detailschange|p2b: Palafin|Palafin-Hero, M\n|switch|p2b: Dragonite|Dragonite, M|100\/100|[from] Flip Turn\n|-zpower|p1a: Eevee\n|move|p1a: Eevee|Extreme Evoboost|p1a: Eevee\n|-boost|p1a: Eevee|atk|2\n|-boost|p1a: Eevee|def|2\n|-boost|p1a: Eevee|spa|2\n|-boost|p1a: Eevee|spd|2\n|-boost|p1a: Eevee|spe|2\n|\n|upkeep\n|turn|2\n|\n|t:|1696997515\n|detailschange|p2a: Mawile|Mawile-Mega, F, shiny\n|-mega|p2a: Mawile|Mawile|Mawilite\n|move|p2b: Dragonite|Extreme Speed|p1a: Eevee\n|-damage|p1a: Eevee|5\/100\n|move|p2a: Mawile|Sucker Punch||[still]\n|-fail|p2a: Mawile\n|move|p1a: Eevee|Reflect|p1a: Eevee\n|-sidestart|p1: wyydg|Reflect\n|move|p1b: Medicham|Psych Up|p1a: Eevee\n|-copyboost|p1b: Medicham|p1a: Eevee|[from] move: Psych Up\n|\n|upkeep\n|turn|3\n|\n|t:|1696997532\n|move|p2a: Mawile|Sucker Punch|p1b: Medicham\n|-damage|p1b: Medicham|74\/100\n|move|p1b: Medicham|Brick Break|p2a: Mawile\n|-damage|p2a: Mawile|31\/100\n|move|p1a: Eevee|Stored Power|p2b: Dragonite\n|-damage|p2b: Dragonite|47\/100\n|move|p2b: Dragonite|Dragon Dance|p2b: Dragonite\n|-boost|p2b: Dragonite|atk|1\n|-boost|p2b: Dragonite|spe|1\n|\n|-heal|p1b: Medicham|80\/100|[from] item: Leftovers\n|upkeep\n|turn|4\n|\n|t:|1696997562\n|move|p2a: Mawile|Protect|p2a: Mawile\n|-singleturn|p2a: Mawile|Protect\n|move|p1b: Medicham|Brick Break|p2a: Mawile\n|-activate|p2a: Mawile|move: Protect\n|move|p2b: Dragonite|Dual Wingbeat|p1b: Medicham|[miss]\n|-miss|p2b: Dragonite|p1b: Medicham\n|move|p1a: Eevee|Stored Power|p2b: Dragonite\n|-damage|p2b: Dragonite|0 fnt\n|faint|p2b: Dragonite\n|\n|-heal|p1b: Medicham|86\/100|[from] item: Leftovers\n|upkeep\n|\n|t:|1696997570\n|switch|p2b: Chien-Pao|Chien-Pao|100\/100\n|-ability|p2b: Chien-Pao|Sword of Ruin\n|turn|5\n|\n|t:|1696997585\n|move|p1a: Eevee|Protect|p1a: Eevee\n|-singleturn|p1a: Eevee|Protect\n|move|p2b: Chien-Pao|Sucker Punch||[still]\n|-fail|p2b: Chien-Pao\n|move|p2a: Mawile|Sucker Punch|p1b: Medicham\n|-damage|p1b: Medicham|55\/100\n|move|p1b: Medicham|Brick Break|p2b: Chien-Pao\n|-supereffective|p2b: Chien-Pao\n|-enditem|p2b: Chien-Pao|Focus Sash\n|-damage|p2b: Chien-Pao|1\/100\n|\n|-heal|p1b: Medicham|61\/100|[from] item: Leftovers\n|upkeep\n|turn|6\n|\n|t:|1696997605\n|move|p1a: Eevee|Protect|p1a: Eevee\n|-singleturn|p1a: Eevee|Protect\n|move|p2b: Chien-Pao|Sucker Punch|p1b: Medicham\n|-damage|p1b: Medicham|30\/100\n|move|p2a: Mawile|Sucker Punch|p1b: Medicham\n|-damage|p1b: Medicham|0 fnt\n|faint|p1b: Medicham\n|\n|-sideend|p1: wyydg|Reflect\n|upkeep\n|\n|t:|1696997613\n|switch|p1b: Gardevoir|Gardevoir, M|100\/100\n|turn|7\n|\n|t:|1696997634\n|detailschange|p1b: Gardevoir|Gardevoir-Mega, M\n|-mega|p1b: Gardevoir|Gardevoir|Gardevoirite\n|move|p2b: Chien-Pao|Sucker Punch||[still]\n|-fail|p2b: Chien-Pao\n|move|p2a: Mawile|Sucker Punch||[still]\n|-fail|p2a: Mawile\n|move|p1b: Gardevoir|Psych Up|p1a: Eevee\n|-copyboost|p1b: Gardevoir|p1a: Eevee|[from] move: Psych Up\n|move|p1a: Eevee|Reflect|p1a: Eevee\n|-sidestart|p1: wyydg|Reflect\n|\n|upkeep\n|turn|8\n|\n|t:|1696997646\n|move|p1a: Eevee|Protect|p1a: Eevee\n|-singleturn|p1a: Eevee|Protect\n|move|p2b: Chien-Pao|Sucker Punch|p1b: Gardevoir\n|-damage|p1b: Gardevoir|70\/100\n|move|p2a: Mawile|Sucker Punch|p1b: Gardevoir\n|-damage|p1b: Gardevoir|32\/100\n|move|p1b: Gardevoir|Hyper Voice|p2b: Chien-Pao|[spread] p2a,p2b\n|-resisted|p2a: Mawile\n|-supereffective|p2b: Chien-Pao\n|-damage|p2a: Mawile|0 fnt\n|-damage|p2b: Chien-Pao|0 fnt\n|faint|p2a: Mawile\n|faint|p2b: Chien-Pao\n|\n|upkeep\n|\n|t:|1696997657\n|switch|p2b: Amoonguss|Amoonguss, M, shiny|100\/100\n|switch|p2a: Palafin|Palafin-Hero, M|100\/100\n|-activate|p2a: Palafin|ability: Zero to Hero\n|turn|9\n|\n|t:|1696997670\n|switch|p1a: Indeedee|Indeedee-F, F|100\/100\n|-fieldstart|move: Psychic Terrain|[from] ability: Psychic Surge|[of] p1a: Indeedee\n|-terastallize|p2a: Palafin|Water\n|move|p2a: Palafin|Jet Punch|p1a: Indeedee\n|-activate|p1a: Indeedee|move: Psychic Terrain\n|move|p1b: Gardevoir|Expanding Force|p2b: Amoonguss|[spread] p2a,p2b\n|-supereffective|p2b: Amoonguss\n|-damage|p2a: Palafin|0 fnt\n|-damage|p2b: Amoonguss|0 fnt\n|faint|p2a: Palafin\n|faint|p2b: Amoonguss\n|\n|upkeep\n|-message|Starving_Venom_459 forfeited.\n|\n|win|wyydg\n|raw|wyydg's rating: 1108 &rarr; <strong>1148<\/strong><br \/>(+40 for winning)\n|raw|Starving_Venom_459's rating: 1345 &rarr; <strong>1313<\/strong><br \/>(-32 for losing)\n|l|\u2606Starving_Venom_459\n","uploadtime":1696997685,"views":13,"p1id":"wyydg","p2id":"starvingvenom459","formatid":"gen9nationaldexdoubles","rating":1148,"private":0,"password":""}