{"id":"gen9nationaldexdoubles-1965137691","p1":"Jade Frog","p2":"The OG Trainer Red","format":"[Gen 9] National Dex Doubles","log":"|j|\u2606Jade Frog\n|j|\u2606The OG Trainer Red\n|t:|1697045463\n|gametype|doubles\n|player|p1|Jade Frog|2|1060\n|player|p2|The OG Trainer Red|fisherman-gen4|1156\n|teamsize|p1|6\n|teamsize|p2|6\n|gen|9\n|tier|[Gen 9] National Dex Doubles\n|rated|\n|rule|HP Percentage Mod: HP is shown in percentages\n|rule|Endless Battle Clause: Forcing endless battles is banned\n|rule|OHKO Clause: OHKO moves are banned\n|rule|Evasion Moves Clause: Evasion moves are banned\n|rule|Evasion Abilities Clause: Evasion abilities are banned\n|rule|Species Clause: Limit one of each Pok\u00e9mon\n|rule|Gravity Sleep Clause: The combination of sleep-inducing moves with imperfect accuracy and Gravity or Gigantamax Orbeetle are banned\n|clearpoke\n|poke|p1|Dedenne, F|\n|poke|p1|Mimikyu, M|\n|poke|p1|Plusle, F|\n|poke|p1|Pawmot, F|\n|poke|p1|Pikachu-Alola, M|\n|poke|p1|Togedemaru, M|\n|poke|p2|Ninetales, F|\n|poke|p2|Leafeon, F|\n|poke|p2|Espeon, F|\n|poke|p2|Indeedee-F, F|\n|poke|p2|Ursaluna-Bloodmoon, M|\n|poke|p2|Umbreon, F|\n|teampreview\n|inactive|Battle timer is ON: inactive players will automatically lose when time's up. (requested by Jade Frog)\n|c|\u2606Jade Frog|Gl\n|\n|t:|1697045480\n|start\n|switch|p1a: Pawmot|Pawmot, F|100\/100\n|switch|p1b: Plusle|Plusle, F|100\/100\n|switch|p2a: Indeedee|Indeedee-F, F|100\/100\n|switch|p2b: Ursaluna|Ursaluna-Bloodmoon, M|100\/100\n|-fieldstart|move: Psychic Terrain|[from] ability: Psychic Surge|[of] p2a: Indeedee\n|turn|1\n|\n|t:|1697045506\n|move|p1b: Plusle|Grass Knot|p2b: Ursaluna\n|-supereffective|p2b: Ursaluna\n|-damage|p2b: Ursaluna|50\/100\n|move|p1a: Pawmot|Discharge|p2b: Ursaluna|[spread] p2a\n|-ability|p1b: Plusle|Lightning Rod|boost\n|-boost|p1b: Plusle|spa|1\n|-immune|p2b: Ursaluna\n|-damage|p2a: Indeedee|87\/100\n|move|p2b: Ursaluna|Earth Power|p1a: Pawmot\n|-supereffective|p1a: Pawmot\n|-damage|p1a: Pawmot|25\/100\n|move|p2a: Indeedee|Trick Room|p2a: Indeedee\n|-fieldstart|move: Trick Room|[of] p2a: Indeedee\n|\n|upkeep\n|turn|2\n|c|\u2606The OG Trainer Red|Behold, the power of the moon\n|\n|t:|1697045530\n|move|p2b: Ursaluna|Hyper Voice|p1a: Pawmot|[spread] p1a,p1b\n|-damage|p1a: Pawmot|0 fnt\n|-damage|p1b: Plusle|39\/100\n|faint|p1a: Pawmot\n|move|p2a: Indeedee|Expanding Force|p1b: Plusle\n|-damage|p1b: Plusle|0 fnt\n|faint|p1b: Plusle\n|\n|upkeep\n|\n|t:|1697045541\n|switch|p1a: Mimikyu|Mimikyu, M, shiny|100\/100\n|switch|p1b: Togedemaru|Togedemaru, M|100\/100\n|turn|3\n|c|\u2606Jade Frog|Nah you will fear my rats\n|\n|t:|1697045559\n|move|p1b: Togedemaru|Fake Out|p2b: Ursaluna\n|-activate|p2b: Ursaluna|move: Psychic Terrain\n|move|p2b: Ursaluna|Earth Power|p1b: Togedemaru\n|-supereffective|p1b: Togedemaru\n|-damage|p1b: Togedemaru|0 fnt\n|faint|p1b: Togedemaru\n|move|p2a: Indeedee|Expanding Force|p1a: Mimikyu\n|-activate|p1a: Mimikyu|ability: Disguise\n|-damage|p1a: Mimikyu|100\/100\n|detailschange|p1a: Mimikyu|Mimikyu-Busted, M, shiny\n|-damage|p1a: Mimikyu|88\/100|[from] pokemon: Mimikyu-Busted\n|move|p1a: Mimikyu|Bulk Up|p1a: Mimikyu\n|-boost|p1a: Mimikyu|atk|1\n|-boost|p1a: Mimikyu|def|1\n|\n|upkeep\n|\n|t:|1697045577\n|switch|p1b: Dedenne|Dedenne, F, shiny|100\/100\n|turn|4\n|\n|t:|1697045602\n|-terastallize|p1b: Dedenne|Ice\n|move|p2b: Ursaluna|Hyper Voice|p1b: Dedenne|[spread] p1a,p1b\n|-damage|p1a: Mimikyu|53\/100\n|-damage|p1b: Dedenne|43\/100\n|-enditem|p1b: Dedenne|Sitrus Berry|[eat]\n|-heal|p1b: Dedenne|67\/100|[from] item: Sitrus Berry\n|-heal|p1b: Dedenne|100\/100|[from] ability: Cheek Pouch\n|move|p2a: Indeedee|Expanding Force|p1b: Dedenne|[spread] p1a,p1b\n|-damage|p1a: Mimikyu|6\/100\n|-damage|p1b: Dedenne|16\/100\n|-zpower|p1a: Mimikyu\n|move|p1a: Mimikyu|Let's Snuggle Forever|p2a: Indeedee|[zeffect]\n|-damage|p2a: Indeedee|0 fnt\n|faint|p2a: Indeedee\n|move|p1b: Dedenne|Grass Knot|p2b: Ursaluna\n|-supereffective|p2b: Ursaluna\n|-damage|p2b: Ursaluna|0 fnt\n|faint|p2b: Ursaluna\n|\n|upkeep\n|c|\u2606The OG Trainer Red|The sun will shine on us again\n|inactive|The OG Trainer Red has 120 seconds left.\n|\n|t:|1697045639\n|switch|p2b: Espeon|Espeon, F|100\/100\n|switch|p2a: Leafeon|Leafeon, F|100\/100\n|turn|5\n|\n|t:|1697045650\n|move|p2a: Leafeon|Knock Off|p1a: Mimikyu\n|-damage|p1a: Mimikyu|0 fnt\n|faint|p1a: Mimikyu\n|move|p1b: Dedenne|Dazzling Gleam|p2a: Leafeon|[spread] p2a,p2b\n|-damage|p2a: Leafeon|78\/100\n|-damage|p2b: Espeon|67\/100\n|move|p2b: Espeon|Expanding Force|p1b: Dedenne\n|-damage|p1b: Dedenne|0 fnt\n|faint|p1b: Dedenne\n|\n|-fieldend|move: Trick Room\n|-fieldend|move: Psychic Terrain\n|upkeep\n|\n|t:|1697045664\n|switch|p1b: Pikachu|Pikachu-Alola, M|100\/100\n|turn|6\n|\n|t:|1697045673\n|switch|p2b: Ninetales|Ninetales, F|100\/100\n|-weather|SunnyDay|[from] ability: Drought|[of] p2b: Ninetales\n|move|p2a: Leafeon|Solar Blade||[still]\n|-prepare|p2a: Leafeon|Solar Blade\n|-anim|p2a: Leafeon|Solar Blade|p1b: Pikachu\n|-crit|p1b: Pikachu\n|-damage|p1b: Pikachu|0 fnt\n|-status|p2a: Leafeon|par|[from] ability: Static|[of] p1b: Pikachu\n|faint|p1b: Pikachu\n|\n|win|The OG Trainer Red\n|raw|Jade Frog's rating: 1060 &rarr; <strong>1046<\/strong><br \/>(-14 for losing)\n|raw|The OG Trainer Red's rating: 1156 &rarr; <strong>1174<\/strong><br \/>(+18 for winning)\n|c|\u2606Jade Frog|Gg\n|l|\u2606Jade Frog\n","uploadtime":1697045695,"views":7,"p1id":"jadefrog","p2id":"theogtrainerred","formatid":"gen9nationaldexdoubles","rating":1046,"private":0,"password":""}