{"id":"gen9nationaldexdoubles-1955071819","p1":"emithefurry","p2":"zeref203","format":"[Gen 9] National Dex Doubles","log":"|j|\u2606emithefurry\n|j|\u2606zeref203\n|t:|1695953148\n|gametype|doubles\n|player|p1|emithefurry|skierf-gen4dp|1059\n|player|p2|zeref203|101|1092\n|teamsize|p1|6\n|teamsize|p2|6\n|gen|9\n|tier|[Gen 9] National Dex Doubles\n|rated|\n|rule|HP Percentage Mod: HP is shown in percentages\n|rule|Endless Battle Clause: Forcing endless battles is banned\n|rule|OHKO Clause: OHKO moves are banned\n|rule|Evasion Moves Clause: Evasion moves are banned\n|rule|Evasion Abilities Clause: Evasion abilities are banned\n|rule|Species Clause: Limit one of each Pok\u00e9mon\n|rule|Gravity Sleep Clause: The combination of sleep-inducing moves with imperfect accuracy and Gravity or Gigantamax Orbeetle are banned\n|clearpoke\n|poke|p1|Houndstone, F|\n|poke|p1|Dragonite, M|\n|poke|p1|Rhyperior, M|\n|poke|p1|Maushold-Four|\n|poke|p1|Cloyster, M|\n|poke|p1|Ariados, F|\n|poke|p2|Altaria, F|\n|poke|p2|Golem-Alola, F|\n|poke|p2|Pawmot, F|\n|poke|p2|Great Tusk|\n|poke|p2|Ninetales, M|\n|poke|p2|Sableye, F|\n|teampreview\n|inactive|Battle timer is ON: inactive players will automatically lose when time's up. (requested by zeref203)\n|\n|t:|1695953161\n|start\n|switch|p1a: Rhyperior|Rhyperior, M|100\/100\n|switch|p1b: Dragonite|Dragonite, M|100\/100\n|switch|p2a: Ninetales|Ninetales, M|100\/100\n|switch|p2b: Great Tusk|Great Tusk|100\/100\n|-weather|SunnyDay|[from] ability: Drought|[of] p2a: Ninetales\n|-activate|p2b: Great Tusk|ability: Protosynthesis\n|-start|p2b: Great Tusk|protosynthesisatk\n|turn|1\n|\n|t:|1695953176\n|move|p2a: Ninetales|Solar Beam||[still]\n|-prepare|p2a: Ninetales|Solar Beam\n|-anim|p2a: Ninetales|Solar Beam|p1a: Rhyperior\n|-supereffective|p1a: Rhyperior\n|-damage|p1a: Rhyperior|0 fnt\n|faint|p1a: Rhyperior\n|move|p1b: Dragonite|Hone Claws|p1b: Dragonite\n|-boost|p1b: Dragonite|atk|1\n|-boost|p1b: Dragonite|accuracy|1\n|move|p2b: Great Tusk|Ice Spinner|p1b: Dragonite\n|-supereffective|p1b: Dragonite\n|-damage|p1b: Dragonite|0 fnt\n|faint|p1b: Dragonite\n|\n|-weather|SunnyDay|[upkeep]\n|upkeep\n|\n|t:|1695953189\n|switch|p1b: Cloyster|Cloyster, M|100\/100\n|switch|p1a: Houndstone|Houndstone, F|100\/100\n|turn|2\n|\n|t:|1695953200\n|move|p2a: Ninetales|Dark Pulse|p1a: Houndstone\n|-supereffective|p1a: Houndstone\n|-damage|p1a: Houndstone|59\/100\n|move|p1a: Houndstone|Mud-Slap|p2a: Ninetales\n|-supereffective|p2a: Ninetales\n|-damage|p2a: Ninetales|94\/100\n|-unboost|p2a: Ninetales|accuracy|1\n|move|p2b: Great Tusk|Close Combat|p1b: Cloyster\n|-supereffective|p1b: Cloyster\n|-damage|p1b: Cloyster|0 fnt\n|-unboost|p2b: Great Tusk|def|1\n|-unboost|p2b: Great Tusk|spd|1\n|-enditem|p2b: Great Tusk|Eject Pack\n|faint|p1b: Cloyster\n|\n|t:|1695953214\n|-end|p2b: Great Tusk|Protosynthesis|[silent]\n|switch|p2b: Sableye|Sableye, F|100\/100\n|\n|-weather|SunnyDay|[upkeep]\n|-heal|p1a: Houndstone|65\/100|[from] item: Leftovers\n|upkeep\n|\n|t:|1695953219\n|switch|p1b: Maushold|Maushold-Four|100\/100\n|turn|3\n|\n|t:|1695953234\n|move|p2a: Ninetales|Protect|p2a: Ninetales\n|-singleturn|p2a: Ninetales|Protect\n|move|p2b: Sableye|Will-O-Wisp|p1a: Houndstone\n|-status|p1a: Houndstone|brn\n|move|p1b: Maushold|Tidy Up|p1b: Maushold\n|-boost|p1b: Maushold|atk|1\n|-boost|p1b: Maushold|spe|1\n|move|p1a: Houndstone|Mud-Slap|p2b: Sableye\n|-damage|p2b: Sableye|97\/100\n|-unboost|p2b: Sableye|accuracy|1\n|\n|-weather|SunnyDay|[upkeep]\n|-heal|p1a: Houndstone|71\/100 brn|[from] item: Leftovers\n|-damage|p1a: Houndstone|65\/100 brn|[from] brn\n|upkeep\n|turn|4\n|\n|t:|1695953249\n|move|p2b: Sableye|Encore|p1b: Maushold\n|-start|p1b: Maushold|Encore\n|move|p1b: Maushold|Tidy Up|p1b: Maushold\n|-boost|p1b: Maushold|atk|1\n|-boost|p1b: Maushold|spe|1\n|move|p2a: Ninetales|Heat Wave|p1a: Houndstone|[spread] p1a\n|-miss|p2a: Ninetales|p1b: Maushold\n|-damage|p1a: Houndstone|18\/100 brn\n|move|p1a: Houndstone|Sandstorm|p1a: Houndstone\n|-weather|Sandstorm\n|\n|-weather|Sandstorm|[upkeep]\n|-damage|p1b: Maushold|95\/100|[from] Sandstorm\n|-damage|p2a: Ninetales|88\/100|[from] Sandstorm\n|-damage|p2b: Sableye|91\/100|[from] Sandstorm\n|-heal|p1a: Houndstone|24\/100 brn|[from] item: Leftovers\n|-damage|p1a: Houndstone|18\/100 brn|[from] brn\n|upkeep\n|turn|5\n|\n|t:|1695953265\n|switch|p2a: Golem|Golem-Alola, F|100\/100\n|-item|p2a: Golem|Air Balloon\n|move|p2b: Sableye|Will-O-Wisp|p1b: Maushold\n|-status|p1b: Maushold|brn\n|move|p1b: Maushold|Tidy Up|p1b: Maushold\n|-boost|p1b: Maushold|atk|1\n|-boost|p1b: Maushold|spe|1\n|move|p1a: Houndstone|Yawn|p2a: Golem\n|-start|p2a: Golem|move: Yawn|[of] p1a: Houndstone\n|\n|-weather|Sandstorm|[upkeep]\n|-damage|p1b: Maushold|89\/100 brn|[from] Sandstorm\n|-damage|p2b: Sableye|85\/100|[from] Sandstorm\n|-heal|p1a: Houndstone|24\/100 brn|[from] item: Leftovers\n|-damage|p1b: Maushold|83\/100 brn|[from] brn\n|-damage|p1a: Houndstone|18\/100 brn|[from] brn\n|upkeep\n|turn|6\n|\n|t:|1695953291\n|switch|p2b: Pawmot|Pawmot, F|100\/100\n|move|p1b: Maushold|Tidy Up|p1b: Maushold\n|-boost|p1b: Maushold|atk|1\n|-boost|p1b: Maushold|spe|1\n|move|p1a: Houndstone|Lick|p2a: Golem\n|-damage|p2a: Golem|96\/100\n|-enditem|p2a: Golem|Air Balloon\n|move|p2a: Golem|Self-Destruct|p1b: Maushold|[spread] p1a,p1b\n|-immune|p2b: Pawmot|[from] ability: Volt Absorb\n|-damage|p1a: Houndstone|0 fnt\n|-damage|p1b: Maushold|0 fnt\n|faint|p2a: Golem\n|faint|p1a: Houndstone\n|faint|p1b: Maushold\n|\n|-weather|Sandstorm|[upkeep]\n|-damage|p2b: Pawmot|94\/100|[from] Sandstorm\n|upkeep\n|\n|t:|1695953311\n|switch|p1b: Ariados|Ariados, F|100\/100\n|switch|p2a: Ninetales|Ninetales, M|88\/100\n|-weather|SunnyDay|[from] ability: Drought|[of] p2a: Ninetales\n|turn|7\n|\n|t:|1695953321\n|move|p2b: Pawmot|Revival Blessing|p2b: Pawmot\n|\n|t:|1695953323\n|-heal|p2: Golem|50\/100|[from] move: Revival Blessing\n|move|p2a: Ninetales|Heat Wave|p1b: Ariados\n|-supereffective|p1b: Ariados\n|-damage|p1b: Ariados|0 fnt\n|faint|p1b: Ariados\n|\n|win|zeref203\n|raw|emithefurry's rating: 1059 &rarr; <strong>1042<\/strong><br \/>(-17 for losing)\n|raw|zeref203's rating: 1092 &rarr; <strong>1116<\/strong><br \/>(+24 for winning)\n|l|\u2606emithefurry\n","uploadtime":1695953334,"views":12,"p1id":"emithefurry","p2id":"zeref203","formatid":"gen9nationaldexdoubles","rating":1042,"private":0,"password":""}