{"id":"gen9nationaldexdoubles-1978077243","p1":"Epilepsy Espeon","p2":"johim","format":"[Gen 9] National Dex Doubles","log":"|j|\u2606Epilepsy Espeon\n|j|\u2606johim\n|t:|1698495914\n|gametype|doubles\n|player|p1|Epilepsy Espeon|psychic-gen4|1065\n|player|p2|johim|jogger|1159\n|teamsize|p1|6\n|teamsize|p2|6\n|gen|9\n|tier|[Gen 9] National Dex Doubles\n|rated|\n|rule|HP Percentage Mod: HP is shown in percentages\n|rule|Endless Battle Clause: Forcing endless battles is banned\n|rule|OHKO Clause: OHKO moves are banned\n|rule|Evasion Moves Clause: Evasion moves are banned\n|rule|Evasion Abilities Clause: Evasion abilities are banned\n|rule|Species Clause: Limit one of each Pok\u00e9mon\n|rule|Gravity Sleep Clause: The combination of sleep-inducing moves with imperfect accuracy and Gravity or Gigantamax Orbeetle are banned\n|clearpoke\n|poke|p1|Espeon, F|\n|poke|p1|Lurantis, F|\n|poke|p1|Corsola-Galar, F|\n|poke|p1|Sableye, M|\n|poke|p1|Chimecho, M|\n|poke|p1|Muk-Alola, M|\n|poke|p2|Charizard, M|\n|poke|p2|Crobat, M|\n|poke|p2|Rhydon, M|\n|poke|p2|Cloyster, M|\n|poke|p2|Magneton|\n|poke|p2|Gengar, M|\n|teampreview\n|inactive|Battle timer is ON: inactive players will automatically lose when time's up. (requested by Epilepsy Espeon)\n|\n|t:|1698495927\n|start\n|switch|p1a: Chimecho|Chimecho, M|100\/100\n|switch|p1b: Muk|Muk-Alola, M|100\/100\n|switch|p2a: Magneton|Magneton|100\/100\n|switch|p2b: Gengar|Gengar, M|100\/100\n|turn|1\n|\n|t:|1698495943\n|move|p2b: Gengar|Will-O-Wisp|p1b: Muk\n|-status|p1b: Muk|brn\n|move|p1b: Muk|Rock Polish|p1b: Muk\n|-boost|p1b: Muk|spe|2\n|move|p2a: Magneton|Thunderbolt|p1b: Muk\n|-damage|p1b: Muk|56\/100 brn\n|move|p1a: Chimecho|Cosmic Power|p1a: Chimecho\n|-boost|p1a: Chimecho|def|1\n|-boost|p1a: Chimecho|spd|1\n|\n|-heal|p1b: Muk|62\/100 brn|[from] item: Black Sludge\n|-damage|p1b: Muk|56\/100 brn|[from] brn\n|upkeep\n|turn|2\n|\n|t:|1698495960\n|move|p1b: Muk|Rock Slide|p2b: Gengar|[spread] p2a,p2b\n|-resisted|p2a: Magneton\n|-damage|p2a: Magneton|97\/100\n|-damage|p2b: Gengar|84\/100\n|cant|p2b: Gengar|flinch\n|cant|p2a: Magneton|flinch\n|move|p1a: Chimecho|Cosmic Power|p1a: Chimecho\n|-boost|p1a: Chimecho|def|1\n|-boost|p1a: Chimecho|spd|1\n|\n|-heal|p1b: Muk|62\/100 brn|[from] item: Black Sludge\n|-damage|p1b: Muk|56\/100 brn|[from] brn\n|upkeep\n|turn|3\n|\n|t:|1698495978\n|move|p1b: Muk|Rock Slide|p2a: Magneton|[spread] p2a,p2b\n|-resisted|p2a: Magneton\n|-damage|p2a: Magneton|94\/100\n|-damage|p2b: Gengar|68\/100\n|cant|p2b: Gengar|flinch\n|move|p2a: Magneton|Thunderbolt|p1b: Muk\n|-damage|p1b: Muk|12\/100 brn\n|move|p1a: Chimecho|Heal Pulse|p1b: Muk\n|-heal|p1b: Muk|62\/100 brn\n|\n|-heal|p1b: Muk|68\/100 brn|[from] item: Black Sludge\n|-damage|p1b: Muk|62\/100 brn|[from] brn\n|upkeep\n|turn|4\n|\n|t:|1698495994\n|switch|p2b: Rhydon|Rhydon, M|100\/100\n|move|p1b: Muk|Rock Slide|p2b: Rhydon|[spread] p2a,p2b\n|-resisted|p2a: Magneton\n|-resisted|p2b: Rhydon\n|-damage|p2a: Magneton|91\/100\n|-damage|p2b: Rhydon|98\/100\n|move|p2a: Magneton|Magnet Rise|p2a: Magneton\n|-start|p2a: Magneton|Magnet Rise\n|move|p1a: Chimecho|Heal Pulse|p1b: Muk\n|-heal|p1b: Muk|100\/100 brn\n|\n|-damage|p1b: Muk|95\/100 brn|[from] brn\n|upkeep\n|turn|5\n|\n|t:|1698496011\n|move|p1b: Muk|Rock Slide|p2a: Magneton|[spread] p2a,p2b\n|-resisted|p2a: Magneton\n|-resisted|p2b: Rhydon\n|-damage|p2a: Magneton|87\/100\n|-damage|p2b: Rhydon|96\/100\n|cant|p2a: Magneton|flinch\n|move|p1a: Chimecho|Skill Swap|p1b: Muk\n|-activate|p1a: Chimecho|move: Skill Swap|||[of] p1b: Muk\n|move|p2b: Rhydon|Swords Dance|p2b: Rhydon\n|-boost|p2b: Rhydon|atk|2\n|\n|-heal|p1b: Muk|100\/100 brn|[from] item: Black Sludge\n|-damage|p1b: Muk|95\/100 brn|[from] brn\n|upkeep\n|turn|6\n|\n|t:|1698496036\n|move|p1b: Muk|Drain Punch|p2b: Rhydon\n|-supereffective|p2b: Rhydon\n|-damage|p2b: Rhydon|84\/100\n|-heal|p1b: Muk|100\/100 brn|[from] drain|[of] p2b: Rhydon\n|move|p2a: Magneton|Thunder Wave|p2b: Rhydon\n|-activate|p2b: Rhydon|ability: Lightning Rod\n|-ability|p2b: Rhydon|Lightning Rod|boost\n|-boost|p2b: Rhydon|spa|1\n|move|p1a: Chimecho|Cosmic Power|p1a: Chimecho\n|-boost|p1a: Chimecho|def|1\n|-boost|p1a: Chimecho|spd|1\n|move|p2b: Rhydon|Stone Edge|p1b: Muk\n|-damage|p1b: Muk|0 fnt\n|faint|p1b: Muk\n|-ability|p1a: Chimecho|Levitate|[from] ability: Power of Alchemy|[of] p1b: Muk\n|\n|upkeep\n|\n|t:|1698496050\n|switch|p1b: Sableye|Sableye, M|100\/100\n|turn|7\n|\n|t:|1698496061\n|move|p1b: Sableye|Encore|p2a: Magneton\n|-start|p2a: Magneton|Encore\n|move|p2a: Magneton|Thunder Wave|p2b: Rhydon\n|-activate|p2b: Rhydon|ability: Lightning Rod\n|-ability|p2b: Rhydon|Lightning Rod|boost\n|-boost|p2b: Rhydon|spa|1\n|move|p1a: Chimecho|Skill Swap|p2b: Rhydon\n|-activate|p1a: Chimecho|move: Skill Swap|Lightning Rod|Levitate|[of] p2b: Rhydon\n|move|p2b: Rhydon|Earthquake|p1a: Chimecho|[spread] p1a,p1b\n|-immune|p2a: Magneton\n|-damage|p1a: Chimecho|70\/100\n|-damage|p1b: Sableye|13\/100\n|\n|-heal|p1a: Chimecho|76\/100|[from] item: Leftovers\n|upkeep\n|turn|8\n|\n|t:|1698496081\n|move|p1b: Sableye|Confuse Ray|p2b: Rhydon\n|-start|p2b: Rhydon|confusion\n|move|p2a: Magneton|Thunder Wave|p1a: Chimecho\n|-activate|p1a: Chimecho|ability: Lightning Rod\n|-ability|p1a: Chimecho|Lightning Rod|boost\n|-boost|p1a: Chimecho|spa|1\n|move|p1a: Chimecho|Cosmic Power|p1a: Chimecho\n|-boost|p1a: Chimecho|def|1\n|-boost|p1a: Chimecho|spd|1\n|-activate|p2b: Rhydon|confusion\n|-damage|p2b: Rhydon|58\/100|[from] confusion\n|\n|-heal|p1a: Chimecho|82\/100|[from] item: Leftovers\n|-end|p2a: Magneton|Magnet Rise\n|upkeep\n|turn|9\n|inactive|johim has 120 seconds left.\n|\n|t:|1698496121\n|switch|p2a: Charizard|Charizard, M|100\/100\n|move|p1b: Sableye|Encore|p2b: Rhydon\n|-start|p2b: Rhydon|Encore\n|move|p1a: Chimecho|Cosmic Power|p1a: Chimecho\n|-boost|p1a: Chimecho|def|1\n|-boost|p1a: Chimecho|spd|1\n|-end|p2b: Rhydon|confusion\n|move|p2b: Rhydon|Earthquake|p1a: Chimecho|[spread] p1a,p1b\n|-immune|p2a: Charizard\n|-damage|p1a: Chimecho|59\/100\n|-damage|p1b: Sableye|0 fnt\n|faint|p1b: Sableye\n|\n|-heal|p1a: Chimecho|65\/100|[from] item: Leftovers\n|upkeep\n|\n|t:|1698496130\n|switch|p1b: Corsola|Corsola-Galar, F|100\/100\n|turn|10\n|\n|t:|1698496147\n|detailschange|p2a: Charizard|Charizard-Mega-Y, M\n|-mega|p2a: Charizard|Charizard|Charizardite Y\n|-weather|SunnyDay|[from] ability: Drought|[of] p2a: Charizard\n|move|p2a: Charizard|Heat Wave|p1b: Corsola|[spread] p1b\n|-miss|p2a: Charizard|p1a: Chimecho\n|-damage|p1b: Corsola|70\/100\n|move|p1a: Chimecho|Stored Power|p2a: Charizard\n|-damage|p2a: Charizard|0 fnt\n|faint|p2a: Charizard\n|move|p2b: Rhydon|Earthquake|p1a: Chimecho|[spread] p1a,p1b\n|-damage|p1a: Chimecho|43\/100\n|-damage|p1b: Corsola|7\/100\n|-start|p2b: Rhydon|Disable|Earthquake|[from] ability: Cursed Body|[of] p1b: Corsola\n|move|p1b: Corsola|Strength Sap|p2b: Rhydon\n|-unboost|p2b: Rhydon|atk|1\n|-heal|p1b: Corsola|100\/100\n|\n|-weather|SunnyDay|[upkeep]\n|-heal|p1a: Chimecho|50\/100|[from] item: Leftovers\n|upkeep\n|inactive|johim has 120 seconds left.\n|inactive|johim has 90 seconds left.\n|\n|t:|1698496193\n|switch|p2a: Crobat|Crobat, M|100\/100\n|turn|11\n|\n|t:|1698496202\n|switch|p2b: Gengar|Gengar, M|68\/100\n|switch|p1b: Espeon|Espeon, F|100\/100\n|move|p2a: Crobat|Haze|p2a: Crobat\n|-clearallboost\n|move|p1a: Chimecho|Heal Pulse|p1b: Espeon\n|move|p1b: Espeon|Heal Pulse|p1a: Chimecho|[from]ability: Magic Bounce\n|-heal|p1a: Chimecho|99\/100\n|\n|-weather|SunnyDay|[upkeep]\n|-heal|p1a: Chimecho|100\/100|[from] item: Leftovers\n|upkeep\n|turn|12\n|inactive|johim has 120 seconds left.\n|\n|t:|1698496222\n|move|p2a: Crobat|Taunt|p1a: Chimecho\n|-start|p1a: Chimecho|move: Taunt\n|move|p2b: Gengar|Shadow Ball|p1a: Chimecho\n|-supereffective|p1a: Chimecho\n|-damage|p1a: Chimecho|17\/100\n|-unboost|p1a: Chimecho|spd|1\n|move|p1b: Espeon|Psychic|p2a: Crobat\n|-supereffective|p2a: Crobat\n|-damage|p2a: Crobat|0 fnt\n|faint|p2a: Crobat\n|cant|p1a: Chimecho|move: Taunt|Cosmic Power\n|\n|-weather|SunnyDay|[upkeep]\n|-heal|p1a: Chimecho|24\/100|[from] item: Leftovers\n|upkeep\n|\n|t:|1698496236\n|switch|p2a: Cloyster|Cloyster, M|100\/100\n|turn|13\n|\n|t:|1698496243\n|switch|p1a: Lurantis|Lurantis, F|100\/100\n|-terastallize|p1b: Espeon|Normal\n|move|p2b: Gengar|Shadow Ball|p1a: Lurantis\n|-damage|p1a: Lurantis|57\/100\n|-boost|p1a: Lurantis|spd|1\n|move|p1b: Espeon|Psychic|p2b: Gengar\n|-supereffective|p2b: Gengar\n|-damage|p2b: Gengar|0 fnt\n|faint|p2b: Gengar\n|move|p2a: Cloyster|Shell Smash|p2a: Cloyster\n|-unboost|p2a: Cloyster|def|1\n|-unboost|p2a: Cloyster|spd|1\n|-boost|p2a: Cloyster|atk|2\n|-boost|p2a: Cloyster|spa|2\n|-boost|p2a: Cloyster|spe|2\n|\n|-weather|SunnyDay|[upkeep]\n|upkeep\n|inactive|johim has 120 seconds left.\n|\n|t:|1698496261\n|switch|p2b: Magneton|Magneton|87\/100\n|turn|14\n|\n|t:|1698496269\n|move|p2a: Cloyster|Icicle Spear|p1a: Lurantis\n|-supereffective|p1a: Lurantis\n|-damage|p1a: Lurantis|8\/100\n|-supereffective|p1a: Lurantis\n|-damage|p1a: Lurantis|0 fnt\n|faint|p1a: Lurantis\n|-hitcount|p1: Lurantis|2\n|move|p1b: Espeon|Psychic|p2a: Cloyster\n|-enditem|p2a: Cloyster|Focus Sash\n|-damage|p2a: Cloyster|1\/100\n|move|p2b: Magneton|Thunderbolt|p1b: Espeon\n|-damage|p1b: Espeon|41\/100\n|\n|-weather|none\n|upkeep\n|\n|t:|1698496278\n|switch|p1a: Corsola|Corsola-Galar, F|100\/100\n|turn|15\n|\n|t:|1698496287\n|move|p2a: Cloyster|Icicle Spear|p1a: Corsola\n|-damage|p1a: Corsola|85\/100\n|-damage|p1a: Corsola|71\/100\n|-start|p2a: Cloyster|Disable|Icicle Spear|[from] ability: Cursed Body|[of] p1a: Corsola\n|-damage|p1a: Corsola|56\/100\n|-damage|p1a: Corsola|40\/100\n|-damage|p1a: Corsola|25\/100\n|-hitcount|p1a: Corsola|5\n|move|p1b: Espeon|Dazzling Gleam|p2a: Cloyster|[spread] p2a,p2b\n|-resisted|p2b: Magneton\n|-damage|p2a: Cloyster|0 fnt\n|-damage|p2b: Magneton|76\/100\n|faint|p2a: Cloyster\n|move|p2b: Magneton|Thunderbolt|p1b: Espeon\n|-damage|p1b: Espeon|0 fnt\n|faint|p1b: Espeon\n|move|p1a: Corsola|Night Shade|p2b: Magneton\n|-damage|p2b: Magneton|44\/100\n|\n|upkeep\n|\n|t:|1698496304\n|switch|p1b: Chimecho|Chimecho, M|24\/100\n|switch|p2a: Rhydon|Rhydon, M|58\/100\n|turn|16\n|\n|t:|1698496314\n|move|p2b: Magneton|Thunderbolt|p2a: Rhydon\n|-activate|p2a: Rhydon|ability: Lightning Rod\n|-ability|p2a: Rhydon|Lightning Rod|boost\n|-boost|p2a: Rhydon|spa|1\n|move|p1b: Chimecho|Skill Swap|p2a: Rhydon\n|-activate|p1b: Chimecho|move: Skill Swap|Lightning Rod|Levitate|[of] p2a: Rhydon\n|move|p2a: Rhydon|Ice Punch|p1a: Corsola\n|-damage|p1a: Corsola|4\/100\n|-status|p1a: Corsola|frz\n|cant|p1a: Corsola|frz\n|\n|-heal|p1b: Chimecho|30\/100|[from] item: Leftovers\n|upkeep\n|turn|17\n|\n|t:|1698496334\n|move|p2b: Magneton|Magnet Rise|p2b: Magneton\n|-start|p2b: Magneton|Magnet Rise\n|move|p1b: Chimecho|Heal Pulse|p1a: Corsola\n|-heal|p1a: Corsola|54\/100 frz\n|move|p2a: Rhydon|Earthquake|p1a: Corsola|[spread] p1a,p1b\n|-immune|p2b: Magneton\n|-crit|p1b: Chimecho\n|-damage|p1a: Corsola|22\/100 frz\n|-damage|p1b: Chimecho|0 fnt\n|-start|p2a: Rhydon|Disable|Earthquake|[from] ability: Cursed Body|[of] p1a: Corsola\n|faint|p1b: Chimecho\n|cant|p1a: Corsola|frz\n|\n|upkeep\n|turn|18\n|\n|t:|1698496350\n|move|p2b: Magneton|Thunderbolt|p1a: Corsola\n|-damage|p1a: Corsola|0 fnt\n|faint|p1a: Corsola\n|\n|win|johim\n|raw|Epilepsy Espeon's rating: 1065 &rarr; <strong>1050<\/strong><br \/>(-15 for losing)\n|raw|johim's rating: 1159 &rarr; <strong>1177<\/strong><br \/>(+18 for winning)\n|l|\u2606Epilepsy Espeon\n","uploadtime":1698496358,"views":7,"p1id":"epilepsyespeon","p2id":"johim","formatid":"gen9nationaldexdoubles","rating":1050,"private":0,"password":""}