{"id":"gen9nationaldexdoubles-1994535778","p1":"Shiny_Hero64","p2":"Dylanpika99","format":"[Gen 9] National Dex Doubles","log":"|j|\u2606Shiny_Hero64\n|j|\u2606Dylanpika99\n|t:|1700456051\n|gametype|doubles\n|player|p1|Shiny_Hero64|n-masters3|\n|player|p2|Dylanpika99|1|\n|teamsize|p1|6\n|teamsize|p2|6\n|gen|9\n|tier|[Gen 9] National Dex Doubles\n|rule|HP Percentage Mod: HP is shown in percentages\n|rule|Endless Battle Clause: Forcing endless battles is banned\n|rule|OHKO Clause: OHKO moves are banned\n|rule|Evasion Moves Clause: Evasion moves are banned\n|rule|Evasion Abilities Clause: Evasion abilities are banned\n|rule|Species Clause: Limit one of each Pok\u00e9mon\n|rule|Gravity Sleep Clause: The combination of sleep-inducing moves with imperfect accuracy and Gravity or Gigantamax Orbeetle are banned\n|clearpoke\n|poke|p1|Indeedee-F, F|\n|poke|p1|Chien-Pao|\n|poke|p1|Alakazam, M|\n|poke|p1|Sneasler, M|\n|poke|p1|Ursaluna-Bloodmoon, M|\n|poke|p1|Deoxys-Attack|\n|poke|p2|Ogerpon-Cornerstone, F|\n|poke|p2|Sinistcha-Masterpiece|\n|poke|p2|Incineroar, M|\n|poke|p2|Salamence, M|\n|poke|p2|Tapu Fini|\n|poke|p2|Jirachi|\n|teampreview\n|l|\u2606Dylanpika99\n|player|p2|\n|c|\u2606Shiny_Hero64|Showdown moment?\n|j|\u2606Dylanpika99\n|player|p2|Dylanpika99|1\n|c|\u2606Dylanpika99|flop\n|\n|t:|1700456157\n|start\n|switch|p1a: Chien-Pao|Chien-Pao|100\/100\n|switch|p1b: Sneasler|Sneasler, M|100\/100\n|switch|p2a: Jirachi|Jirachi|100\/100\n|switch|p2b: Sinistcha|Sinistcha-Masterpiece|100\/100\n|-ability|p1a: Chien-Pao|Sword of Ruin\n|turn|1\n|c|\u2606Shiny_Hero64|Either way, someone\u2019s probably gonna take damage\n|\n|t:|1700456209\n|move|p1a: Chien-Pao|Crunch|p2a: Jirachi\n|-supereffective|p2a: Jirachi\n|-damage|p2a: Jirachi|5\/100\n|-enditem|p2a: Jirachi|Sitrus Berry|[eat]\n|-heal|p2a: Jirachi|30\/100|[from] item: Sitrus Berry\n|move|p1b: Sneasler|Dire Claw|p2b: Sinistcha\n|-damage|p2b: Sinistcha|54\/100\n|-status|p2b: Sinistcha|par\n|-damage|p1b: Sneasler|84\/100|[from] item: Rocky Helmet|[of] p2b: Sinistcha\n|move|p2a: Jirachi|Iron Head|p1a: Chien-Pao\n|-supereffective|p1a: Chien-Pao\n|-damage|p1a: Chien-Pao|16\/100\n|move|p2b: Sinistcha|Matcha Gotcha|p1a: Chien-Pao|[spread] p1a,p1b\n|-resisted|p1b: Sneasler\n|-damage|p1a: Chien-Pao|0 fnt\n|-heal|p2b: Sinistcha|61\/100 par|[from] drain|[of] p1a: Chien-Pao\n|-damage|p1b: Sneasler|65\/100\n|-heal|p2b: Sinistcha|70\/100 par|[from] drain|[of] p1b: Sneasler\n|faint|p1a: Chien-Pao\n|\n|upkeep\n|c|\u2606Dylanpika99|holy\n|c|\u2606Shiny_Hero64|Honestly\n|c|\u2606Shiny_Hero64|I\u2019m surprise that lives\n|c|\u2606Dylanpika99|same\n|c|\u2606Dylanpika99|broken mon\n|\n|t:|1700456238\n|switch|p1a: Deoxys|Deoxys-Attack|100\/100\n|-ability|p1a: Deoxys|Pressure\n|turn|2\n|\n|t:|1700456255\n|move|p2a: Jirachi|Protect|p2a: Jirachi\n|-singleturn|p2a: Jirachi|Protect\n|move|p1a: Deoxys|Psycho Boost|p2b: Sinistcha\n|-damage|p2b: Sinistcha|0 fnt\n|-unboost|p1a: Deoxys|spa|2\n|faint|p2b: Sinistcha\n|-damage|p1a: Deoxys|91\/100|[from] item: Life Orb\n|move|p1b: Sneasler|Close Combat|p2a: Jirachi\n|-activate|p2a: Jirachi|move: Protect\n|\n|upkeep\n|\n|t:|1700456285\n|switch|p2b: Salamence|Salamence, M|100\/100\n|-ability|p2b: Salamence|Intimidate|boost\n|-unboost|p1a: Deoxys|atk|1\n|-unboost|p1b: Sneasler|atk|1\n|turn|3\n|\n|t:|1700456297\n|switch|p1a: Indeedee|Indeedee-F, F|100\/100\n|-fieldstart|move: Psychic Terrain|[from] ability: Psychic Surge|[of] p1a: Indeedee\n|-enditem|p1b: Sneasler|Psychic Seed\n|-boost|p1b: Sneasler|spd|1|[from] item: Psychic Seed\n|detailschange|p2b: Salamence|Salamence-Mega, M\n|-mega|p2b: Salamence|Salamence|Salamencite\n|move|p2a: Jirachi|Follow Me|p2a: Jirachi\n|-singleturn|p2a: Jirachi|move: Follow Me\n|move|p1b: Sneasler|Dire Claw|p2a: Jirachi\n|-immune|p2a: Jirachi\n|move|p2b: Salamence|Tailwind|p2b: Salamence\n|-sidestart|p2: Dylanpika99|move: Tailwind\n|\n|upkeep\n|turn|4\n|\n|t:|1700456329\n|move|p1a: Indeedee|Follow Me|p1a: Indeedee\n|-singleturn|p1a: Indeedee|move: Follow Me\n|move|p1b: Sneasler|Close Combat|p2a: Jirachi\n|-damage|p2a: Jirachi|0 fnt\n|-unboost|p1b: Sneasler|def|1\n|-unboost|p1b: Sneasler|spd|1\n|faint|p2a: Jirachi\n|move|p2b: Salamence|Return|p1a: Indeedee\n|-crit|p1a: Indeedee\n|-damage|p1a: Indeedee|0 fnt\n|faint|p1a: Indeedee\n|\n|upkeep\n|\n|t:|1700456345\n|switch|p2a: her|Ogerpon-Cornerstone, F|100\/100\n|switch|p1a: Fred bear|Ursaluna-Bloodmoon, M|100\/100\n|turn|5\n|\n|t:|1700456381\n|move|p2a: her|Wood Hammer|p1a: Fred bear\n|-supereffective|p1a: Fred bear\n|-damage|p1a: Fred bear|7\/100\n|-damage|p2a: her|56\/100|[from] Recoil\n|move|p1b: Sneasler|Dire Claw|p2b: Salamence\n|-damage|p2b: Salamence|77\/100\n|-status|p2b: Salamence|psn\n|move|p2b: Salamence|Return|p1b: Sneasler\n|-supereffective|p1b: Sneasler\n|-damage|p1b: Sneasler|0 fnt\n|faint|p1b: Sneasler\n|move|p1a: Fred bear|Earth Power|p2a: her\n|-damage|p2a: her|0 fnt\n|faint|p2a: her\n|\n|-heal|p1a: Fred bear|13\/100|[from] item: Leftovers\n|-damage|p2b: Salamence|64\/100 psn|[from] psn\n|upkeep\n|\n|t:|1700456398\n|switch|p2a: Tapu Fini|Tapu Fini|100\/100\n|switch|p1b: Deoxys|Deoxys-Attack|91\/100\n|-ability|p1b: Deoxys|Pressure\n|-fieldstart|move: Misty Terrain|[from] ability: Misty Surge|[of] p2a: Tapu Fini\n|turn|6\n|\n|t:|1700456419\n|move|p1b: Deoxys|Protect|p1b: Deoxys\n|-singleturn|p1b: Deoxys|Protect\n|move|p1a: Fred bear|Protect|p1a: Fred bear\n|-singleturn|p1a: Fred bear|Protect\n|move|p2b: Salamence|Return|p1b: Deoxys\n|-activate|p1b: Deoxys|move: Protect\n|move|p2a: Tapu Fini|Calm Mind|p2a: Tapu Fini\n|-boost|p2a: Tapu Fini|spa|1\n|-boost|p2a: Tapu Fini|spd|1\n|\n|-heal|p1a: Fred bear|19\/100|[from] item: Leftovers\n|-damage|p2b: Salamence|52\/100 psn|[from] psn\n|-sideend|p2: Dylanpika99|move: Tailwind\n|upkeep\n|turn|7\n|\n|t:|1700456441\n|-terastallize|p1b: Deoxys|Psychic\n|move|p1b: Deoxys|Psycho Boost|p2a: Tapu Fini\n|-damage|p2a: Tapu Fini|9\/100\n|-unboost|p1b: Deoxys|spa|2\n|-damage|p1b: Deoxys|81\/100|[from] item: Life Orb\n|move|p2b: Salamence|Return|p1b: Deoxys\n|-damage|p1b: Deoxys|0 fnt\n|faint|p1b: Deoxys\n|move|p2a: Tapu Fini|Muddy Water|p1a: Fred bear\n|-supereffective|p1a: Fred bear\n|-damage|p1a: Fred bear|0 fnt\n|faint|p1a: Fred bear\n|\n|-damage|p2b: Salamence|39\/100 psn|[from] psn\n|upkeep\n|\n|t:|1700456448\n|switch|p1b: I KNOW TO MUCH|Alakazam, M|100\/100\n|turn|8\n|c|\u2606Shiny_Hero64|Damm\n|\n|t:|1700456462\n|detailschange|p1b: I KNOW TO MUCH|Alakazam-Mega, M\n|-mega|p1b: I KNOW TO MUCH|Alakazam|Alakazite\n|-ability|p1b: I KNOW TO MUCH|Aerilate|[from] ability: Trace|[of] p2b: Salamence\n|move|p1b: I KNOW TO MUCH|Expanding Force|p2b: Salamence\n|-crit|p2b: Salamence\n|-damage|p2b: Salamence|0 fnt\n|faint|p2b: Salamence\n|-zpower|p2a: Tapu Fini\n|move|p2a: Tapu Fini|Hydro Vortex|p1b: I KNOW TO MUCH|[zeffect]\n|-damage|p1b: I KNOW TO MUCH|0 fnt\n|faint|p1b: I KNOW TO MUCH\n|\n|win|Dylanpika99\n|c|\u2606Dylanpika99|im getting way too lucky\n|c|\u2606Shiny_Hero64|Ggs\n|c|\u2606Dylanpika99|ggs\n","uploadtime":1700456477,"views":9,"p1id":"shinyhero64","p2id":"dylanpika99","formatid":"gen9nationaldexdoubles","rating":0,"private":0,"password":""}