{"id":"gen9nationaldexdoubles-1985775764","p1":"Jhonny11037","p2":"Denvah_17","format":"[Gen 9] National Dex Doubles","log":"|j|\u2606Jhonny11037\n|j|\u203dDenvah_17\n|t:|1699404897\n|gametype|doubles\n|player|p1|Jhonny11037|dawn-gen4pt|1000\n|player|p2|Denvah_17|alder|1118\n|teamsize|p1|6\n|teamsize|p2|6\n|gen|9\n|tier|[Gen 9] National Dex Doubles\n|rated|\n|rule|HP Percentage Mod: HP is shown in percentages\n|rule|Endless Battle Clause: Forcing endless battles is banned\n|rule|OHKO Clause: OHKO moves are banned\n|rule|Evasion Moves Clause: Evasion moves are banned\n|rule|Evasion Abilities Clause: Evasion abilities are banned\n|rule|Species Clause: Limit one of each Pok\u00e9mon\n|rule|Gravity Sleep Clause: The combination of sleep-inducing moves with imperfect accuracy and Gravity or Gigantamax Orbeetle are banned\n|clearpoke\n|poke|p1|Abomasnow, F|\n|poke|p1|Leavanny, M|\n|poke|p1|Brute Bonnet|\n|poke|p1|Terrakion|\n|poke|p1|Exeggutor, M|\n|poke|p1|Tyranitar, F|\n|poke|p2|Venusaur, F|\n|poke|p2|Charizard, F|\n|poke|p2|Tauros-Paldea-Aqua, M|\n|poke|p2|Sandy Shocks|\n|poke|p2|Snorlax, F|\n|poke|p2|Mew|\n|teampreview\n|inactive|Battle timer is ON: inactive players will automatically lose when time's up. (requested by Denvah_17)\n|\n|t:|1699404909\n|start\n|switch|p1a: Exeggutor|Exeggutor, M|100\/100\n|switch|p1b: Brute Bonnet|Brute Bonnet|100\/100\n|switch|p2a: Charizard|Charizard, F|100\/100\n|switch|p2b: Venusaur|Venusaur, F|100\/100\n|turn|1\n|\n|t:|1699404925\n|-end|p1b: Brute Bonnet|Protosynthesis|[silent]\n|switch|p1b: Leavanny|Leavanny, M|100\/100\n|detailschange|p2a: Charizard|Charizard-Mega-Y, F\n|-mega|p2a: Charizard|Charizard|Charizardite Y\n|-weather|SunnyDay|[from] ability: Drought|[of] p2a: Charizard\n|-terastallize|p1a: Exeggutor|Fire\n|move|p2b: Venusaur|Grass Pledge|p1b: Leavanny\n|-waiting|p2b: Venusaur|p2a: Charizard\n|move|p2a: Charizard|Fire Pledge|p1b: Leavanny|[from]move: Grass Pledge\n|-combine\n|-supereffective|p1b: Leavanny\n|-damage|p1b: Leavanny|0 fnt\n|-sidestart|p1: Jhonny11037|Fire Pledge\n|faint|p1b: Leavanny\n|move|p1a: Exeggutor|Trick Room|p1a: Exeggutor\n|-fieldstart|move: Trick Room|[of] p1a: Exeggutor\n|\n|-weather|SunnyDay|[upkeep]\n|upkeep\n|\n|t:|1699404940\n|switch|p1b: Brute Bonnet|Brute Bonnet|100\/100\n|-activate|p1b: Brute Bonnet|ability: Protosynthesis\n|-start|p1b: Brute Bonnet|protosynthesisatk\n|turn|2\n|\n|t:|1699404960\n|move|p2a: Charizard|Protect|p2a: Charizard\n|-singleturn|p2a: Charizard|Protect\n|move|p1a: Exeggutor|Hidden Power|p2b: Venusaur\n|-supereffective|p2b: Venusaur\n|-damage|p2b: Venusaur|0 fnt\n|faint|p2b: Venusaur\n|move|p1b: Brute Bonnet|Crunch|p2a: Charizard\n|-activate|p2a: Charizard|move: Protect\n|\n|-weather|SunnyDay|[upkeep]\n|-damage|p1b: Brute Bonnet|88\/100|[from] Fire Pledge\n|-heal|p1b: Brute Bonnet|94\/100|[from] item: Leftovers\n|upkeep\n|\n|t:|1699404973\n|switch|p2b: Mew|Mew, shiny|100\/100\n|turn|3\n|\n|t:|1699404986\n|switch|p2a: Tauros|Tauros-Paldea-Aqua, M|100\/100\n|move|p1a: Exeggutor|Hidden Power|p2b: Mew\n|-damage|p2b: Mew|54\/100\n|move|p1b: Brute Bonnet|Spore|p2a: Tauros\n|-status|p2a: Tauros|slp|[from] move: Spore\n|move|p2b: Mew|Frost Breath|p2a: Tauros\n|-resisted|p2a: Tauros\n|-crit|p2a: Tauros\n|-damage|p2a: Tauros|92\/100 slp\n|-setboost|p2a: Tauros|atk|6|[from] ability: Anger Point\n|\n|-weather|SunnyDay|[upkeep]\n|-damage|p1b: Brute Bonnet|82\/100|[from] Fire Pledge\n|-heal|p1b: Brute Bonnet|88\/100|[from] item: Leftovers\n|upkeep\n|turn|4\n|\n|t:|1699405007\n|-terastallize|p2a: Tauros|Steel\n|move|p1a: Exeggutor|Giga Drain|p2a: Tauros\n|-resisted|p2a: Tauros\n|-damage|p2a: Tauros|71\/100 slp\n|move|p1b: Brute Bonnet|Crunch|p2b: Mew\n|-supereffective|p2b: Mew\n|-damage|p2b: Mew|0 fnt\n|faint|p2b: Mew\n|cant|p2a: Tauros|slp\n|\n|-weather|SunnyDay|[upkeep]\n|-damage|p1b: Brute Bonnet|75\/100|[from] Fire Pledge\n|-heal|p1b: Brute Bonnet|81\/100|[from] item: Leftovers\n|-sideend|p1: Jhonny11037|Fire Pledge\n|upkeep\n|\n|t:|1699405016\n|switch|p2b: Snorlax|Snorlax, F, shiny|100\/100\n|turn|5\n|\n|t:|1699405029\n|move|p2b: Snorlax|Frustration|p1a: Exeggutor\n|-damage|p1a: Exeggutor|46\/100\n|move|p1a: Exeggutor|Hidden Power|p2a: Tauros\n|-supereffective|p2a: Tauros\n|-damage|p2a: Tauros|0 fnt\n|faint|p2a: Tauros\n|move|p1b: Brute Bonnet|Crunch|p2b: Snorlax\n|-damage|p2b: Snorlax|54\/100\n|-unboost|p2b: Snorlax|def|1\n|\n|-weather|none\n|-end|p1b: Brute Bonnet|Protosynthesis\n|-heal|p1b: Brute Bonnet|88\/100|[from] item: Leftovers\n|-fieldend|move: Trick Room\n|upkeep\n|\n|t:|1699405037\n|switch|p2a: Charizard|Charizard-Mega-Y, F|100\/100\n|-weather|SunnyDay|[from] ability: Drought|[of] p2a: Charizard\n|-activate|p1b: Brute Bonnet|ability: Protosynthesis\n|-start|p1b: Brute Bonnet|protosynthesisatk\n|turn|6\n|\n|t:|1699405051\n|move|p2a: Charizard|Heat Wave|p1b: Brute Bonnet|[spread] p1a,p1b\n|-resisted|p1a: Exeggutor\n|-supereffective|p1b: Brute Bonnet\n|-damage|p1a: Exeggutor|8\/100\n|-damage|p1b: Brute Bonnet|0 fnt\n|-enditem|p1a: Exeggutor|Iapapa Berry|[eat]\n|-heal|p1a: Exeggutor|41\/100|[from] item: Iapapa Berry\n|faint|p1b: Brute Bonnet\n|-end|p1b: Brute Bonnet|Protosynthesis|[silent]\n|move|p2b: Snorlax|Rest|p2b: Snorlax\n|-status|p2b: Snorlax|slp|[from] move: Rest\n|-heal|p2b: Snorlax|100\/100 slp|[silent]\n|-enditem|p2b: Snorlax|Chesto Berry|[eat]\n|-curestatus|p2b: Snorlax|slp|[msg]\n|move|p1a: Exeggutor|Trick Room|p1a: Exeggutor\n|-fieldstart|move: Trick Room|[of] p1a: Exeggutor\n|\n|-weather|SunnyDay|[upkeep]\n|-item|p1a: Exeggutor|Iapapa Berry|[from] ability: Harvest\n|upkeep\n|\n|t:|1699405066\n|switch|p1b: Terrakion|Terrakion|100\/100\n|turn|7\n|\n|t:|1699405081\n|move|p2b: Snorlax|Hammer Arm|p1b: Terrakion\n|-supereffective|p1b: Terrakion\n|-damage|p1b: Terrakion|27\/100\n|-unboost|p2b: Snorlax|spe|1\n|move|p1a: Exeggutor|Giga Drain|p2b: Snorlax\n|-damage|p2b: Snorlax|71\/100\n|-heal|p1a: Exeggutor|58\/100|[from] drain|[of] p2b: Snorlax\n|move|p2a: Charizard|Air Slash|p1a: Exeggutor\n|-damage|p1a: Exeggutor|9\/100\n|-enditem|p1a: Exeggutor|Iapapa Berry|[eat]\n|-heal|p1a: Exeggutor|42\/100|[from] item: Iapapa Berry\n|move|p1b: Terrakion|Return|p2a: Charizard\n|-damage|p2a: Charizard|51\/100\n|\n|-weather|SunnyDay|[upkeep]\n|-item|p1a: Exeggutor|Iapapa Berry|[from] ability: Harvest\n|upkeep\n|turn|8\n|\n|t:|1699405103\n|move|p2b: Snorlax|Hammer Arm|p1b: Terrakion\n|-supereffective|p1b: Terrakion\n|-damage|p1b: Terrakion|0 fnt\n|-unboost|p2b: Snorlax|spe|1\n|faint|p1b: Terrakion\n|move|p1a: Exeggutor|Giga Drain|p2b: Snorlax\n|-damage|p2b: Snorlax|43\/100\n|-heal|p1a: Exeggutor|58\/100|[from] drain|[of] p2b: Snorlax\n|move|p2a: Charizard|Air Slash|p1a: Exeggutor\n|-damage|p1a: Exeggutor|9\/100\n|-enditem|p1a: Exeggutor|Iapapa Berry|[eat]\n|-heal|p1a: Exeggutor|42\/100|[from] item: Iapapa Berry\n|\n|-weather|SunnyDay|[upkeep]\n|-item|p1a: Exeggutor|Iapapa Berry|[from] ability: Harvest\n|upkeep\n|inactive|Jhonny11037 has 120 seconds left.\n|\n|t:|1699405121\n|switch|p1b: Abomasnow|Abomasnow, F|100\/100\n|-weather|Snow|[from] ability: Snow Warning|[of] p1b: Abomasnow\n|turn|9\n|\n|t:|1699405139\n|switch|p2a: Sandy Shocks|Sandy Shocks|100\/100\n|move|p2b: Snorlax|Rest|p2b: Snorlax\n|-status|p2b: Snorlax|slp|[from] move: Rest\n|-heal|p2b: Snorlax|100\/100 slp|[silent]\n|move|p1a: Exeggutor|Giga Drain|p2b: Snorlax\n|-damage|p2b: Snorlax|72\/100 slp\n|-heal|p1a: Exeggutor|59\/100|[from] drain|[of] p2b: Snorlax\n|move|p1b: Abomasnow|Toxic|p2a: Sandy Shocks\n|-status|p2a: Sandy Shocks|tox\n|\n|-weather|Snow|[upkeep]\n|-damage|p2a: Sandy Shocks|94\/100 tox|[from] psn\n|upkeep\n|turn|10\n|\n|t:|1699405162\n|switch|p2b: Charizard|Charizard-Mega-Y, F|51\/100\n|-weather|SunnyDay|[from] ability: Drought|[of] p2b: Charizard\n|-activate|p2a: Sandy Shocks|ability: Protosynthesis\n|-start|p2a: Sandy Shocks|protosynthesisspe\n|move|p1a: Exeggutor|Giga Drain|p2a: Sandy Shocks\n|-supereffective|p2a: Sandy Shocks\n|-damage|p2a: Sandy Shocks|0 fnt\n|-heal|p1a: Exeggutor|96\/100|[from] drain|[of] p2a: Sandy Shocks\n|faint|p2a: Sandy Shocks\n|-end|p2a: Sandy Shocks|Protosynthesis|[silent]\n|move|p1b: Abomasnow|Leech Seed|p2b: Charizard\n|-start|p2b: Charizard|move: Leech Seed\n|\n|-weather|SunnyDay|[upkeep]\n|-damage|p2b: Charizard|39\/100|[from] Leech Seed|[of] p1b: Abomasnow\n|-fieldend|move: Trick Room\n|upkeep\n|\n|t:|1699405171\n|switch|p2a: Snorlax|Snorlax, F, shiny|72\/100 slp\n|turn|11\n|\n|t:|1699405182\n|move|p2b: Charizard|Heat Wave|p1b: Abomasnow|[spread] p1b\n|-miss|p2b: Charizard|p1a: Exeggutor\n|-supereffective|p1b: Abomasnow\n|-damage|p1b: Abomasnow|0 fnt\n|faint|p1b: Abomasnow\n|cant|p2a: Snorlax|slp\n|move|p1a: Exeggutor|Trick Room|p1a: Exeggutor\n|-fieldstart|move: Trick Room|[of] p1a: Exeggutor\n|\n|-weather|SunnyDay|[upkeep]\n|upkeep\n|\n|t:|1699405191\n|switch|p1b: Tyranitar|Tyranitar, F|100\/100\n|-weather|Sandstorm|[from] ability: Sand Stream|[of] p1b: Tyranitar\n|turn|12\n|\n|t:|1699405199\n|detailschange|p1b: Tyranitar|Tyranitar-Mega, F\n|-mega|p1b: Tyranitar|Tyranitar|Tyranitarite\n|cant|p2a: Snorlax|slp\n|move|p1a: Exeggutor|Sunny Day|p1a: Exeggutor\n|-weather|SunnyDay\n|move|p1b: Tyranitar|Dragon Dance|p1b: Tyranitar\n|-boost|p1b: Tyranitar|atk|1\n|-boost|p1b: Tyranitar|spe|1\n|move|p2b: Charizard|Air Slash|p1a: Exeggutor\n|-damage|p1a: Exeggutor|43\/100\n|\n|-weather|SunnyDay|[upkeep]\n|-damage|p2b: Charizard|26\/100|[from] Leech Seed|[of] p1b: Tyranitar\n|upkeep\n|turn|13\n|\n|t:|1699405215\n|move|p2b: Charizard|Protect|p2b: Charizard\n|-singleturn|p2b: Charizard|Protect\n|-curestatus|p2a: Snorlax|slp|[msg]\n|move|p2a: Snorlax|Hammer Arm|p1b: Tyranitar\n|-supereffective|p1b: Tyranitar\n|-damage|p1b: Tyranitar|7\/100\n|-unboost|p2a: Snorlax|spe|1\n|move|p1a: Exeggutor|Giga Drain|p2a: Snorlax\n|-damage|p2a: Snorlax|45\/100\n|-heal|p1a: Exeggutor|59\/100|[from] drain|[of] p2a: Snorlax\n|move|p1b: Tyranitar|Crunch|p2b: Charizard\n|-activate|p2b: Charizard|move: Protect\n|\n|-weather|SunnyDay|[upkeep]\n|-damage|p2b: Charizard|14\/100|[from] Leech Seed|[of] p1b: Tyranitar\n|-heal|p1b: Tyranitar|18\/100|[silent]\n|upkeep\n|turn|14\n|\n|t:|1699405236\n|move|p2a: Snorlax|Hammer Arm|p1b: Tyranitar\n|-supereffective|p1b: Tyranitar\n|-damage|p1b: Tyranitar|0 fnt\n|-unboost|p2a: Snorlax|spe|1\n|faint|p1b: Tyranitar\n|move|p1a: Exeggutor|Giga Drain|p2a: Snorlax\n|-damage|p2a: Snorlax|16\/100\n|-heal|p1a: Exeggutor|76\/100|[from] drain|[of] p2a: Snorlax\n|move|p2b: Charizard|Air Slash|p1a: Exeggutor\n|-damage|p1a: Exeggutor|22\/100\n|-enditem|p1a: Exeggutor|Iapapa Berry|[eat]\n|-heal|p1a: Exeggutor|55\/100|[from] item: Iapapa Berry\n|\n|-weather|SunnyDay|[upkeep]\n|-item|p1a: Exeggutor|Iapapa Berry|[from] ability: Harvest\n|upkeep\n|turn|15\n|\n|t:|1699405256\n|move|p2b: Charizard|Protect|p2b: Charizard\n|-singleturn|p2b: Charizard|Protect\n|move|p2a: Snorlax|Hammer Arm|p1a: Exeggutor\n|-damage|p1a: Exeggutor|22\/100\n|-unboost|p2a: Snorlax|spe|1\n|-enditem|p1a: Exeggutor|Iapapa Berry|[eat]\n|-heal|p1a: Exeggutor|56\/100|[from] item: Iapapa Berry\n|move|p1a: Exeggutor|Giga Drain|p2a: Snorlax\n|-crit|p2a: Snorlax\n|-damage|p2a: Snorlax|0 fnt\n|-heal|p1a: Exeggutor|65\/100|[from] drain|[of] p2a: Snorlax\n|faint|p2a: Snorlax\n|\n|-weather|SunnyDay|[upkeep]\n|-fieldend|move: Trick Room\n|-item|p1a: Exeggutor|Iapapa Berry|[from] ability: Harvest\n|upkeep\n|turn|16\n|\n|t:|1699405273\n|move|p2b: Charizard|Air Slash|p1a: Exeggutor\n|-damage|p1a: Exeggutor|13\/100\n|-enditem|p1a: Exeggutor|Iapapa Berry|[eat]\n|-heal|p1a: Exeggutor|46\/100|[from] item: Iapapa Berry\n|move|p1a: Exeggutor|Hidden Power|p2b: Charizard\n|-resisted|p2b: Charizard\n|-damage|p2b: Charizard|0 fnt\n|faint|p2b: Charizard\n|\n|win|Jhonny11037\n|raw|Jhonny11037's rating: 1000 &rarr; <strong>1053<\/strong><br \/>(+53 for winning)\n|raw|Denvah_17's rating: 1118 &rarr; <strong>1085<\/strong><br \/>(-33 for losing)\n|c|\u2606Jhonny11037|gg wp\n|l|\u203dDenvah_17\n","uploadtime":1699405290,"views":5,"p1id":"jhonny11037","p2id":"denvah17","formatid":"gen9nationaldexdoubles","rating":1053,"private":0,"password":""}