{"id":"gen9nationaldexdoubles-1968534774","p1":"Sinnoh Athens 420","p2":"Miiirza","format":"[Gen 9] National Dex Doubles","log":"|j|\u2606Sinnoh Athens 420\n|j|\u2606Miiirza\n|t:|1697429705\n|gametype|doubles\n|player|p1|Sinnoh Athens 420|102|1319\n|player|p2|Miiirza|266|1316\n|teamsize|p1|6\n|teamsize|p2|6\n|gen|9\n|tier|[Gen 9] National Dex Doubles\n|rated|\n|rule|HP Percentage Mod: HP is shown in percentages\n|rule|Endless Battle Clause: Forcing endless battles is banned\n|rule|OHKO Clause: OHKO moves are banned\n|rule|Evasion Moves Clause: Evasion moves are banned\n|rule|Evasion Abilities Clause: Evasion abilities are banned\n|rule|Species Clause: Limit one of each Pok\u00e9mon\n|rule|Gravity Sleep Clause: The combination of sleep-inducing moves with imperfect accuracy and Gravity or Gigantamax Orbeetle are banned\n|clearpoke\n|poke|p1|Muk-Alola, M|\n|poke|p1|Toxapex, M|\n|poke|p1|Venusaur, M|\n|poke|p1|Salazzle, F|\n|poke|p1|Drapion, M|\n|poke|p1|Nihilego|\n|poke|p2|Incineroar, M|\n|poke|p2|Gastrodon-East, M|\n|poke|p2|Rillaboom, M|\n|poke|p2|Zygarde|\n|poke|p2|Amoonguss, M|\n|poke|p2|Chien-Pao|\n|teampreview\n|inactive|Battle timer is ON: inactive players will automatically lose when time's up. (requested by Miiirza)\n|\n|t:|1697429729\n|start\n|switch|p1a: Muk|Muk-Alola, M, shiny|100\/100\n|switch|p1b: Salazzle|Salazzle, F, shiny|100\/100\n|switch|p2a: Incineroar|Incineroar, M, shiny|100\/100\n|switch|p2b: Chien-Pao|Chien-Pao|100\/100\n|-ability|p2b: Chien-Pao|Sword of Ruin\n|-ability|p2a: Incineroar|Intimidate|boost\n|-unboost|p1a: Muk|atk|1\n|-unboost|p1b: Salazzle|atk|1\n|turn|1\n|\n|t:|1697429743\n|move|p1b: Salazzle|Protect|p1b: Salazzle\n|-singleturn|p1b: Salazzle|Protect\n|move|p1a: Muk|Protect|p1a: Muk\n|-singleturn|p1a: Muk|Protect\n|move|p2a: Incineroar|Fake Out|p1b: Salazzle\n|-activate|p1b: Salazzle|move: Protect\n|move|p2b: Chien-Pao|Crunch|p1b: Salazzle\n|-activate|p1b: Salazzle|move: Protect\n|\n|upkeep\n|turn|2\n|\n|t:|1697429755\n|move|p2b: Chien-Pao|Protect|p2b: Chien-Pao\n|-singleturn|p2b: Chien-Pao|Protect\n|move|p1b: Salazzle|Poison Gas|p2b: Chien-Pao|[spread] \n|-activate|p2b: Chien-Pao|move: Protect\n|-miss|p1b: Salazzle|p2a: Incineroar\n|move|p2a: Incineroar|Knock Off|p1b: Salazzle\n|-damage|p1b: Salazzle|1\/100\n|-enditem|p1b: Salazzle|Focus Sash|[from] move: Knock Off|[of] p2a: Incineroar\n|move|p1a: Muk|Stockpile|p1a: Muk\n|-start|p1a: Muk|stockpile1\n|-boost|p1a: Muk|def|1\n|-boost|p1a: Muk|spd|1\n|\n|upkeep\n|turn|3\n|\n|t:|1697429781\n|switch|p2b: Amoonguss|Amoonguss, M|100\/100\n|move|p1b: Salazzle|Poison Gas|p2b: Amoonguss|[spread] p2a,p2b\n|-status|p2a: Incineroar|psn\n|-status|p2b: Amoonguss|psn\n|move|p2a: Incineroar|Parting Shot|p1a: Muk\n|-unboost|p1a: Muk|atk|1\n|-unboost|p1a: Muk|spa|1\n|inactive|Miiirza has 120 seconds left.\n|\n|t:|1697429792\n|switch|p2a: Zygarde|Zygarde, shiny|100\/100|[from] Parting Shot\n|-ability|p2a: Zygarde|Aura Break\n|move|p1a: Muk|Stockpile|p1a: Muk\n|-start|p1a: Muk|stockpile2\n|-boost|p1a: Muk|def|1\n|-boost|p1a: Muk|spd|1\n|\n|-damage|p2b: Amoonguss|88\/100 psn|[from] psn\n|upkeep\n|turn|4\n|\n|t:|1697429808\n|move|p2a: Zygarde|Protect|p2a: Zygarde\n|-singleturn|p2a: Zygarde|Protect\n|move|p1b: Salazzle|Poison Gas|p2a: Zygarde|[spread] \n|-activate|p2a: Zygarde|move: Protect\n|-fail|p2b: Amoonguss|psn\n|move|p1a: Muk|Venom Drench|p2b: Amoonguss|[spread] p2b\n|-activate|p2a: Zygarde|move: Protect\n|-unboost|p2b: Amoonguss|atk|1\n|-unboost|p2b: Amoonguss|spa|1\n|-unboost|p2b: Amoonguss|spe|1\n|move|p2b: Amoonguss|Spore|p1b: Salazzle\n|-status|p1b: Salazzle|slp|[from] move: Spore\n|\n|-heal|p2b: Amoonguss|94\/100 psn|[from] item: Leftovers\n|-damage|p2b: Amoonguss|82\/100 psn|[from] psn\n|upkeep\n|turn|5\n|\n|t:|1697429831\n|cant|p1b: Salazzle|slp\n|move|p2a: Zygarde|Dragon Dance|p2a: Zygarde\n|-boost|p2a: Zygarde|atk|1\n|-boost|p2a: Zygarde|spe|1\n|move|p1a: Muk|Poison Gas|p2a: Zygarde|[spread] p2a,p2b\n|-status|p2a: Zygarde|psn\n|-fail|p2b: Amoonguss|psn\n|move|p2b: Amoonguss|Spore|p1a: Muk\n|-status|p1a: Muk|slp|[from] move: Spore\n|\n|-heal|p2b: Amoonguss|88\/100 psn|[from] item: Leftovers\n|-damage|p2a: Zygarde|88\/100 psn|[from] psn\n|-damage|p2b: Amoonguss|75\/100 psn|[from] psn\n|upkeep\n|turn|6\n|\n|t:|1697429847\n|cant|p1b: Salazzle|slp\n|move|p2a: Zygarde|Dragon Dance|p2a: Zygarde\n|-boost|p2a: Zygarde|atk|1\n|-boost|p2a: Zygarde|spe|1\n|cant|p1a: Muk|slp\n|move|p2b: Amoonguss|Clear Smog|p1a: Muk\n|-resisted|p1a: Muk\n|-damage|p1a: Muk|98\/100 slp\n|-clearboost|p1a: Muk\n|\n|-heal|p2a: Zygarde|94\/100 psn|[from] item: Leftovers\n|-heal|p2b: Amoonguss|82\/100 psn|[from] item: Leftovers\n|-damage|p2a: Zygarde|82\/100 psn|[from] psn\n|-damage|p2b: Amoonguss|69\/100 psn|[from] psn\n|upkeep\n|turn|7\n|\n|t:|1697429870\n|switch|p1a: Toxapex|Toxapex, M|100\/100\n|switch|p2b: Incineroar|Incineroar, M, shiny|100\/100 psn\n|-ability|p2b: Incineroar|Intimidate|boost\n|-unboost|p1a: Toxapex|atk|1\n|-unboost|p1b: Salazzle|atk|1\n|move|p2a: Zygarde|Thousand Arrows|p1b: Salazzle|[spread] p1a,p1b\n|-supereffective|p1a: Toxapex\n|-crit|p1a: Toxapex\n|-supereffective|p1b: Salazzle\n|-damage|p1a: Toxapex|0 fnt\n|-damage|p1b: Salazzle|0 fnt\n|faint|p1a: Toxapex\n|faint|p1b: Salazzle\n|\n|-heal|p2a: Zygarde|88\/100 psn|[from] item: Leftovers\n|-damage|p2a: Zygarde|76\/100 psn|[from] psn\n|-damage|p2b: Incineroar|88\/100 psn|[from] psn\n|upkeep\n|inactive|Sinnoh Athens 420 has 120 seconds left.\n|\n|t:|1697429890\n|switch|p1b: Venusaur|Venusaur, M|100\/100\n|switch|p1a: Muk|Muk-Alola, M, shiny|98\/100 slp\n|turn|8\n|\n|t:|1697429897\n|move|p1b: Venusaur|Protect|p1b: Venusaur\n|-singleturn|p1b: Venusaur|Protect\n|-curestatus|p1a: Muk|slp|[msg]\n|move|p1a: Muk|Protect|p1a: Muk\n|-singleturn|p1a: Muk|Protect\n|move|p2b: Incineroar|Fake Out|p1b: Venusaur\n|-activate|p1b: Venusaur|move: Protect\n|move|p2a: Zygarde|Thousand Arrows|p1a: Muk|[spread] \n|-activate|p1a: Muk|move: Protect\n|-activate|p1b: Venusaur|move: Protect\n|\n|-heal|p2a: Zygarde|82\/100 psn|[from] item: Leftovers\n|-damage|p2a: Zygarde|70\/100 psn|[from] psn\n|-damage|p2b: Incineroar|76\/100 psn|[from] psn\n|upkeep\n|turn|9\n|\n|t:|1697429917\n|detailschange|p1b: Venusaur|Venusaur-Mega, M\n|-mega|p1b: Venusaur|Venusaur|Venusaurite\n|move|p2a: Zygarde|Thousand Arrows|p1a: Muk|[spread] p1a,p1b\n|-supereffective|p1a: Muk\n|-damage|p1a: Muk|27\/100\n|-damage|p1b: Venusaur|58\/100\n|move|p1b: Venusaur|Giga Drain|p2a: Zygarde\n|-damage|p2a: Zygarde|41\/100 psn\n|-heal|p1b: Venusaur|75\/100|[from] drain|[of] p2a: Zygarde\n|move|p2b: Incineroar|Parting Shot|p1a: Muk\n|-unboost|p1a: Muk|atk|1\n|-unboost|p1a: Muk|spa|1\n|\n|t:|1697429929\n|switch|p2b: Amoonguss|Amoonguss, M|100\/100 psn|[from] Parting Shot\n|move|p1a: Muk|Venom Drench|p2b: Amoonguss|[spread] p2a,p2b\n|-unboost|p2a: Zygarde|atk|1\n|-unboost|p2a: Zygarde|spa|1\n|-unboost|p2a: Zygarde|spe|1\n|-unboost|p2b: Amoonguss|atk|1\n|-unboost|p2b: Amoonguss|spa|1\n|-unboost|p2b: Amoonguss|spe|1\n|\n|-heal|p2a: Zygarde|48\/100 psn|[from] item: Leftovers\n|-damage|p2a: Zygarde|35\/100 psn|[from] psn\n|-damage|p2b: Amoonguss|88\/100 psn|[from] psn\n|upkeep\n|turn|10\n|\n|t:|1697429944\n|move|p2a: Zygarde|Thousand Arrows|p1b: Venusaur|[spread] p1a,p1b\n|-supereffective|p1a: Muk\n|-damage|p1a: Muk|0 fnt\n|-damage|p1b: Venusaur|47\/100\n|faint|p1a: Muk\n|move|p1b: Venusaur|Giga Drain|p2a: Zygarde\n|-damage|p2a: Zygarde|8\/100 psn\n|-heal|p1b: Venusaur|63\/100|[from] drain|[of] p2a: Zygarde\n|move|p2b: Amoonguss|Pollen Puff|p2a: Zygarde\n|-heal|p2a: Zygarde|58\/100 psn\n|\n|-heal|p2a: Zygarde|64\/100 psn|[from] item: Leftovers\n|-heal|p2b: Amoonguss|94\/100 psn|[from] item: Leftovers\n|-damage|p2a: Zygarde|52\/100 psn|[from] psn\n|-damage|p2b: Amoonguss|82\/100 psn|[from] psn\n|upkeep\n|\n|t:|1697429968\n|switch|p1a: Nihilego|Nihilego, shiny|100\/100\n|turn|11\n|\n|t:|1697429977\n|-terastallize|p1a: Nihilego|Flying\n|move|p2a: Zygarde|Thousand Arrows|p1a: Nihilego|[spread] p1a,p1b\n|-damage|p1a: Nihilego|35\/100\n|-damage|p1b: Venusaur|32\/100\n|-start|p1a: Nihilego|Smack Down\n|move|p1a: Nihilego|Meteor Beam||[still]\n|-prepare|p1a: Nihilego|Meteor Beam\n|-boost|p1a: Nihilego|spa|1\n|-enditem|p1a: Nihilego|Power Herb\n|-anim|p1a: Nihilego|Meteor Beam|p2a: Zygarde\n|-resisted|p2a: Zygarde\n|-damage|p2a: Zygarde|23\/100 psn\n|move|p1b: Venusaur|Giga Drain|p2a: Zygarde\n|-damage|p2a: Zygarde|0 fnt\n|-heal|p1b: Venusaur|45\/100|[from] drain|[of] p2a: Zygarde\n|faint|p2a: Zygarde\n|move|p2b: Amoonguss|Pollen Puff|p2: Zygarde|[notarget]\n|-fail|p2b: Amoonguss\n|\n|-heal|p2b: Amoonguss|88\/100 psn|[from] item: Leftovers\n|-damage|p2b: Amoonguss|75\/100 psn|[from] psn\n|upkeep\n|\n|t:|1697429996\n|switch|p2a: Chien-Pao|Chien-Pao|100\/100\n|-ability|p2a: Chien-Pao|Sword of Ruin\n|turn|12\n|\n|t:|1697430014\n|move|p2b: Amoonguss|Rage Powder|p2b: Amoonguss\n|-singleturn|p2b: Amoonguss|move: Rage Powder\n|move|p2a: Chien-Pao|Ice Spinner|p1b: Venusaur\n|-supereffective|p1b: Venusaur\n|-damage|p1b: Venusaur|4\/100\n|move|p1a: Nihilego|Sludge Wave|p2b: Amoonguss|[spread] p1b,p2a,p2b\n|-damage|p1b: Venusaur|0 fnt\n|-damage|p2a: Chien-Pao|23\/100\n|-damage|p2b: Amoonguss|32\/100 psn\n|faint|p1b: Venusaur\n|-ability|p1a: Nihilego|Beast Boost|boost\n|-boost|p1a: Nihilego|spe|1\n|\n|-heal|p2b: Amoonguss|38\/100 psn|[from] item: Leftovers\n|-damage|p2b: Amoonguss|26\/100 psn|[from] psn\n|upkeep\n|\n|t:|1697430029\n|switch|p1b: Drapion|Drapion, M, shiny|100\/100\n|turn|13\n|\n|t:|1697430049\n|switch|p2b: Rillaboom|Rillaboom, M|100\/100\n|-fieldstart|move: Grassy Terrain|[from] ability: Grassy Surge|[of] p2b: Rillaboom\n|move|p2a: Chien-Pao|Protect|p2a: Chien-Pao\n|-singleturn|p2a: Chien-Pao|Protect\n|move|p1a: Nihilego|Hidden Power|p2b: Rillaboom\n|-supereffective|p2b: Rillaboom\n|-damage|p2b: Rillaboom|51\/100\n|move|p1b: Drapion|Leech Life|p2a: Chien-Pao\n|-activate|p2a: Chien-Pao|move: Protect\n|\n|-heal|p1a: Nihilego|41\/100|[from] Grassy Terrain\n|-heal|p2a: Chien-Pao|29\/100|[from] Grassy Terrain\n|-heal|p2b: Rillaboom|57\/100|[from] Grassy Terrain\n|upkeep\n|turn|14\n|\n|t:|1697430071\n|move|p2b: Rillaboom|Fake Out|p1a: Nihilego\n|-damage|p1a: Nihilego|13\/100\n|cant|p1a: Nihilego|flinch\n|move|p2a: Chien-Pao|Ice Spinner|p1a: Nihilego\n|-supereffective|p1a: Nihilego\n|-damage|p1a: Nihilego|0 fnt\n|-fieldend|move: Grassy Terrain\n|faint|p1a: Nihilego\n|move|p1b: Drapion|Leech Life|p2b: Rillaboom\n|-supereffective|p2b: Rillaboom\n|-damage|p2b: Rillaboom|0 fnt\n|faint|p2b: Rillaboom\n|\n|upkeep\n|\n|t:|1697430083\n|switch|p2b: Incineroar|Incineroar, M, shiny|76\/100 psn\n|-ability|p2b: Incineroar|Intimidate|boost\n|-unboost|p1b: Drapion|atk|1\n|turn|15\n|\n|t:|1697430093\n|switch|p2a: Amoonguss|Amoonguss, M|59\/100 psn\n|move|p1b: Drapion|Leech Life|p2a: Amoonguss\n|-damage|p2a: Amoonguss|48\/100 psn\n|move|p2b: Incineroar|Knock Off|p1b: Drapion\n|-resisted|p1b: Drapion\n|-damage|p1b: Drapion|71\/100\n|-enditem|p1b: Drapion|Scope Lens|[from] move: Knock Off|[of] p2b: Incineroar\n|\n|-heal|p2a: Amoonguss|55\/100 psn|[from] item: Leftovers\n|-damage|p2b: Incineroar|63\/100 psn|[from] psn\n|-damage|p2a: Amoonguss|42\/100 psn|[from] psn\n|upkeep\n|turn|16\n|\n|t:|1697430109\n|move|p1b: Drapion|Earthquake|p2b: Incineroar|[spread] p2a,p2b\n|-supereffective|p2b: Incineroar\n|-damage|p2a: Amoonguss|31\/100 psn\n|-damage|p2b: Incineroar|39\/100 psn\n|move|p2b: Incineroar|Parting Shot|p1b: Drapion\n|-unboost|p1b: Drapion|atk|1\n|-unboost|p1b: Drapion|spa|1\n|-message|Sinnoh Athens 420 forfeited.\n|\n|win|Miiirza\n|raw|Sinnoh Athens 420's rating: 1319 &rarr; <strong>1299<\/strong><br \/>(-20 for losing)\n|raw|Miiirza's rating: 1316 &rarr; <strong>1336<\/strong><br \/>(+20 for winning)\n|l|\u2606Sinnoh Athens 420\n","uploadtime":1697430125,"views":8,"p1id":"sinnohathens420","p2id":"miiirza","formatid":"gen9nationaldexdoubles","rating":1299,"private":0,"password":""}