{"id":"gen9nationaldexdoubles-1973288846","p1":"Jack the Ripper21","p2":"khush19","format":"[Gen 9] National Dex Doubles","log":"|j|\u2606Jack the Ripper21\n|j|\u2606khush19\n|t:|1697949349\n|gametype|doubles\n|player|p1|Jack the Ripper21|gentleman-gen4dp|\n|player|p2|khush19|n|\n|teamsize|p1|6\n|teamsize|p2|6\n|gen|9\n|tier|[Gen 9] National Dex Doubles\n|rule|HP Percentage Mod: HP is shown in percentages\n|rule|Endless Battle Clause: Forcing endless battles is banned\n|rule|OHKO Clause: OHKO moves are banned\n|rule|Evasion Moves Clause: Evasion moves are banned\n|rule|Evasion Abilities Clause: Evasion abilities are banned\n|rule|Species Clause: Limit one of each Pok\u00e9mon\n|rule|Gravity Sleep Clause: The combination of sleep-inducing moves with imperfect accuracy and Gravity or Gigantamax Orbeetle are banned\n|clearpoke\n|poke|p1|Venusaur, F|\n|poke|p1|Toxapex, F|\n|poke|p1|Iron Moth|\n|poke|p1|Crobat, F|\n|poke|p1|Nihilego|\n|poke|p1|Nidoking, M|\n|poke|p2|Cinderace, F|\n|poke|p2|Swampert, F|\n|poke|p2|Blaziken, F|\n|poke|p2|Mimikyu, M|\n|poke|p2|Greninja-*, M|\n|poke|p2|Zapdos|\n|teampreview\n|inactive|Battle timer is ON: inactive players will automatically lose when time's up. (requested by khush19)\n|inactive|Jack the Ripper21 has 270 seconds left.\n|\n|t:|1697949401\n|start\n|switch|p1a: hello|Venusaur, F|100\/100\n|switch|p1b: tanky|Toxapex, F|100\/100\n|switch|p2a: Swampert|Swampert, F|100\/100\n|switch|p2b: Cinderace|Cinderace, F|100\/100\n|turn|1\n|\n|t:|1697949429\n|detailschange|p2a: Swampert|Swampert-Mega, F\n|-mega|p2a: Swampert|Swampert|Swampertite\n|detailschange|p1a: hello|Venusaur-Mega, F\n|-mega|p1a: hello|Venusaur|Venusaurite\n|move|p2b: Cinderace|Pyro Ball|p1a: hello\n|-supereffective|p1a: hello\n|-damage|p1a: hello|57\/100\n|-damage|p2b: Cinderace|91\/100|[from] item: Life Orb\n|move|p2a: Swampert|Yawn|p1a: hello\n|-start|p1a: hello|move: Yawn|[of] p2a: Swampert\n|move|p1a: hello|Giga Drain|p2a: Swampert\n|-supereffective|p2a: Swampert\n|-damage|p2a: Swampert|0 fnt\n|-heal|p1a: hello|100\/100|[from] drain|[of] p2a: Swampert\n|faint|p2a: Swampert\n|move|p1b: tanky|Toxic Spikes|p2b: Cinderace\n|-sidestart|p2: khush19|move: Toxic Spikes\n|\n|upkeep\n|inactive|khush19 has 270 seconds left.\n|\n|t:|1697949462\n|switch|p2a: Blaziken|Blaziken, F|100\/100\n|-status|p2a: Blaziken|psn\n|turn|2\n|inactive|khush19 has 270 seconds left.\n|\n|t:|1697949490\n|switch|p1a: other|Nihilego|100\/100\n|move|p2a: Blaziken|Protect|p2a: Blaziken\n|-singleturn|p2a: Blaziken|Protect\n|move|p2b: Cinderace|Pyro Ball|p1a: other\n|-resisted|p1a: other\n|-damage|p1a: other|31\/100\n|-status|p1a: other|brn\n|-damage|p2b: Cinderace|81\/100|[from] item: Life Orb\n|move|p1b: tanky|Toxic Spikes|p2a: Blaziken\n|-sidestart|p2: khush19|move: Toxic Spikes\n|\n|-damage|p2a: Blaziken|88\/100 psn|[from] psn\n|-damage|p1a: other|24\/100 brn|[from] brn\n|-ability|p2a: Blaziken|Speed Boost|boost\n|-boost|p2a: Blaziken|spe|1\n|upkeep\n|turn|3\n|inactive|khush19 has 270 seconds left.\n|\n|t:|1697949519\n|move|p2b: Cinderace|Sucker Punch|p1a: other\n|-start|p2b: Cinderace|typechange|Dark|[from] ability: Libero\n|-crit|p1a: other\n|-damage|p1a: other|0 fnt\n|faint|p1a: other\n|-damage|p2b: Cinderace|71\/100|[from] item: Life Orb\n|move|p2a: Blaziken|Thunder Punch|p1b: tanky\n|-supereffective|p1b: tanky\n|-crit|p1b: tanky\n|-damage|p1b: tanky|40\/100\n|-damage|p2a: Blaziken|78\/100 psn|[from] item: Life Orb\n|move|p1b: tanky|Scald|p2a: Blaziken\n|-supereffective|p2a: Blaziken\n|-damage|p2a: Blaziken|26\/100 psn\n|\n|-heal|p1b: tanky|46\/100|[from] item: Black Sludge\n|-damage|p2a: Blaziken|14\/100 psn|[from] psn\n|-ability|p2a: Blaziken|Speed Boost|boost\n|-boost|p2a: Blaziken|spe|1\n|upkeep\n|inactive|Jack the Ripper21 has 270 seconds left.\n|\n|t:|1697949543\n|switch|p1a: hello|Venusaur-Mega, F|100\/100\n|turn|4\n|inactive|khush19 has 270 seconds left.\n|\n|t:|1697949555\n|move|p1b: tanky|Baneful Bunker|p1b: tanky\n|-singleturn|p1b: tanky|move: Protect\n|move|p2a: Blaziken|Flare Blitz|p1a: hello\n|-supereffective|p1a: hello\n|-damage|p1a: hello|53\/100\n|-damage|p2a: Blaziken|0 fnt|[from] Recoil\n|faint|p2a: Blaziken\n|move|p2b: Cinderace|Pyro Ball|p1a: hello\n|-supereffective|p1a: hello\n|-damage|p1a: hello|24\/100\n|-damage|p2b: Cinderace|61\/100|[from] item: Life Orb\n|move|p1a: hello|Leech Seed|p2b: Cinderace\n|-start|p2b: Cinderace|move: Leech Seed\n|\n|-heal|p1b: tanky|52\/100|[from] item: Black Sludge\n|-damage|p2b: Cinderace|48\/100|[from] Leech Seed|[of] p1a: hello\n|-heal|p1a: hello|35\/100|[silent]\n|upkeep\n|inactive|khush19 has 270 seconds left.\n|\n|t:|1697949572\n|switch|p2a: Zapdos|Zapdos|100\/100\n|turn|5\n|\n|t:|1697949588\n|switch|p1a: side|Nidoking, M|100\/100\n|move|p2b: Cinderace|Pyro Ball|p1a: side\n|-crit|p1a: side\n|-damage|p1a: side|0 fnt\n|faint|p1a: side\n|-damage|p2b: Cinderace|38\/100|[from] item: Life Orb\n|move|p2a: Zapdos|Thunderbolt|p1b: tanky\n|-supereffective|p1b: tanky\n|-damage|p1b: tanky|0 fnt\n|faint|p1b: tanky\n|\n|upkeep\n|inactive|Jack the Ripper21 has 270 seconds left.\n|\n|t:|1697949617\n|switch|p1a: Its a moth|Iron Moth|100\/100\n|switch|p1b: the|Crobat, F|100\/100\n|-enditem|p1a: Its a moth|Booster Energy\n|-activate|p1a: Its a moth|ability: Quark Drive|[fromitem]\n|-start|p1a: Its a moth|quarkdrivespa\n|turn|6\n|inactive|Jack the Ripper21 has 270 seconds left.\n|\n|t:|1697949643\n|move|p2b: Cinderace|Sucker Punch|p1a: Its a moth\n|-damage|p1a: Its a moth|19\/100\n|-damage|p2b: Cinderace|28\/100|[from] item: Life Orb\n|-zpower|p1b: the\n|move|p1b: the|Supersonic Skystrike|p2a: Zapdos|[zeffect]\n|-resisted|p2a: Zapdos\n|-damage|p2a: Zapdos|55\/100\n|move|p1a: Its a moth|Dazzling Gleam|p2b: Cinderace|[spread] p2a,p2b\n|-supereffective|p2b: Cinderace\n|-damage|p2a: Zapdos|22\/100\n|-damage|p2b: Cinderace|0 fnt\n|faint|p2b: Cinderace\n|move|p2a: Zapdos|Thunderbolt|p1b: the\n|-supereffective|p1b: the\n|-damage|p1b: the|0 fnt\n|faint|p1b: the\n|\n|upkeep\n|\n|t:|1697949665\n|switch|p1b: hello|Venusaur-Mega, F|35\/100\n|switch|p2b: Greninja|Greninja, M|100\/100\n|turn|7\n|c|\u2606Jack the Ripper21|damn this is gg\n|c|\u2606Jack the Ripper21|i played sloppy\n|\n|t:|1697949694\n|move|p1a: Its a moth|Dazzling Gleam|p2b: Greninja|[spread] p2a,p2b\n|-crit|p2a: Zapdos\n|-supereffective|p2b: Greninja\n|-damage|p2a: Zapdos|0 fnt\n|-damage|p2b: Greninja|4\/100\n|faint|p2a: Zapdos\n|move|p2b: Greninja|Extrasensory|p1b: hello\n|-supereffective|p1b: hello\n|-damage|p1b: hello|0 fnt\n|faint|p1b: hello\n|-ability|p2b: Greninja|Battle Bond|boost\n|-boost|p2b: Greninja|atk|1\n|-boost|p2b: Greninja|spa|1\n|-boost|p2b: Greninja|spe|1\n|-activate|p2b: Greninja|ability: Battle Bond\n|\n|upkeep\n|inactive|khush19 has 270 seconds left.\n|\n|t:|1697949706\n|switch|p2a: Mimikyu|Mimikyu, M|100\/100\n|-status|p2a: Mimikyu|tox\n|turn|8\n|\n|t:|1697949717\n|move|p2a: Mimikyu|Shadow Sneak|p1a: Its a moth\n|-damage|p1a: Its a moth|0 fnt\n|faint|p1a: Its a moth\n|-end|p1a: Its a moth|Quark Drive|[silent]\n|-damage|p2a: Mimikyu|91\/100 tox|[from] item: Life Orb\n|\n|win|khush19\n|c|\u2606khush19|Gg\n|c|\u2606Jack the Ripper21|Gg\n","uploadtime":1697949733,"views":15,"p1id":"jacktheripper21","p2id":"khush19","formatid":"gen9nationaldexdoubles","rating":0,"private":0,"password":""}