{"id":"gen9nationaldexdoubles-1956254858","p1":"nombre epico.jpg","p2":"OrangeObama","format":"[Gen 9] National Dex Doubles","log":"|j|\u2606nombre epico.jpg\n|j|\u2606OrangeObama\n|t:|1696090165\n|gametype|doubles\n|player|p1|nombre epico.jpg|shauntal|1212\n|player|p2|OrangeObama|acetrainer-gen4dp|1166\n|teamsize|p1|6\n|teamsize|p2|6\n|gen|9\n|tier|[Gen 9] National Dex Doubles\n|rated|\n|rule|HP Percentage Mod: HP is shown in percentages\n|rule|Endless Battle Clause: Forcing endless battles is banned\n|rule|OHKO Clause: OHKO moves are banned\n|rule|Evasion Moves Clause: Evasion moves are banned\n|rule|Evasion Abilities Clause: Evasion abilities are banned\n|rule|Species Clause: Limit one of each Pok\u00e9mon\n|rule|Gravity Sleep Clause: The combination of sleep-inducing moves with imperfect accuracy and Gravity or Gigantamax Orbeetle are banned\n|clearpoke\n|poke|p1|Chansey, F|\n|poke|p1|Jirachi|\n|poke|p1|Garchomp, F|\n|poke|p1|Lopunny, F|\n|poke|p1|Milotic, M|\n|poke|p1|Ambipom, F|\n|poke|p2|Latios, M|\n|poke|p2|Landorus-Therian, M|\n|poke|p2|Ogerpon-Wellspring, F|\n|poke|p2|Hitmontop, M|\n|poke|p2|Clefairy, M|\n|poke|p2|Eevee, M|\n|teampreview\n|inactive|Battle timer is ON: inactive players will automatically lose when time's up. (requested by OrangeObama)\n|\n|t:|1696090175\n|start\n|switch|p1a: Huevona|Chansey, F|100\/100\n|switch|p1b: Princesita|Garchomp, F|100\/100\n|switch|p2a: Clefairy|Clefairy, M|100\/100\n|switch|p2b: Eevee|Eevee, M|100\/100\n|turn|1\n|\n|t:|1696090187\n|-terastallize|p1b: Princesita|Rock\n|move|p1a: Huevona|Helping Hand|p1b: Princesita\n|-singleturn|p1b: Princesita|Helping Hand|[of] p1a: Huevona\n|move|p2a: Clefairy|Follow Me|p2a: Clefairy\n|-singleturn|p2a: Clefairy|move: Follow Me\n|move|p1b: Princesita|Rock Slide|p2a: Clefairy|[spread] p2a,p2b\n|-damage|p2a: Clefairy|64\/100\n|-damage|p2b: Eevee|34\/100\n|-zpower|p2b: Eevee\n|move|p2b: Eevee|Extreme Evoboost|p2b: Eevee\n|-boost|p2b: Eevee|atk|2\n|-boost|p2b: Eevee|def|2\n|-boost|p2b: Eevee|spa|2\n|-boost|p2b: Eevee|spd|2\n|-boost|p2b: Eevee|spe|2\n|\n|upkeep\n|turn|2\n|\n|t:|1696090206\n|move|p1a: Huevona|Helping Hand|p1b: Princesita\n|-singleturn|p1b: Princesita|Helping Hand|[of] p1a: Huevona\n|move|p1b: Princesita|Rock Slide|p2b: Eevee|[spread] p2a\n|-miss|p1b: Princesita|p2b: Eevee\n|-damage|p2a: Clefairy|27\/100\n|move|p2b: Eevee|Baton Pass|p2b: Eevee\n|\n|t:|1696090213\n|switch|p2b: Latios|Latios, M|100\/100|[from] Baton Pass\n|cant|p2a: Clefairy|flinch\n|\n|upkeep\n|turn|3\n|\n|t:|1696090224\n|detailschange|p2b: Latios|Latios-Mega, M\n|-mega|p2b: Latios|Latios|Latiosite\n|move|p2a: Clefairy|Protect|p2a: Clefairy\n|-singleturn|p2a: Clefairy|Protect\n|move|p2b: Latios|Stored Power|p1b: Princesita\n|-damage|p1b: Princesita|0 fnt\n|faint|p1b: Princesita\n|move|p1a: Huevona|Thunder Wave|p2b: Latios\n|-status|p2b: Latios|par\n|\n|upkeep\n|\n|t:|1696090236\n|switch|p1b: Ambipom|Ambipom, F|100\/100\n|turn|4\n|\n|t:|1696090246\n|move|p1a: Huevona|Helping Hand|p1b: Ambipom\n|-singleturn|p1b: Ambipom|Helping Hand|[of] p1a: Huevona\n|move|p1b: Ambipom|Fake Out|p2b: Latios\n|-enditem|p1b: Ambipom|Normal Gem|[from] gem\n|-damage|p2b: Latios|85\/100 par\n|move|p2a: Clefairy|Follow Me|p2a: Clefairy\n|-singleturn|p2a: Clefairy|move: Follow Me\n|cant|p2b: Latios|flinch\n|\n|upkeep\n|turn|5\n|\n|t:|1696090265\n|move|p2a: Clefairy|Follow Me|p2a: Clefairy\n|-singleturn|p2a: Clefairy|move: Follow Me\n|move|p1b: Ambipom|U-turn|p2a: Clefairy\n|-resisted|p2a: Clefairy\n|-damage|p2a: Clefairy|19\/100\n|\n|t:|1696090270\n|switch|p1b: Milotic|Milotic, M|100\/100|[from] U-turn\n|move|p2b: Latios|Stored Power|p1a: Huevona\n|-damage|p1a: Huevona|9\/100\n|move|p1a: Huevona|Seismic Toss|p2a: Clefairy\n|-damage|p2a: Clefairy|0 fnt\n|faint|p2a: Clefairy\n|\n|upkeep\n|\n|t:|1696090277\n|switch|p2a: Landorus|Landorus-Therian, M|100\/100\n|-ability|p2a: Landorus|Intimidate|boost\n|-unboost|p1a: Huevona|atk|1\n|-unboost|p1b: Milotic|atk|1\n|-ability|p1b: Milotic|Competitive|boost\n|-boost|p1b: Milotic|spa|2\n|turn|6\n|\n|t:|1696090292\n|move|p1a: Huevona|Helping Hand|p1b: Milotic\n|-singleturn|p1b: Milotic|Helping Hand|[of] p1a: Huevona\n|cant|p2b: Latios|par\n|move|p2a: Landorus|U-turn|p1a: Huevona\n|-damage|p1a: Huevona|0 fnt\n|faint|p1a: Huevona\n|\n|t:|1696090299\n|switch|p2a: Ogerpon|Ogerpon-Wellspring, F|100\/100|[from] U-turn\n|move|p1b: Milotic|Icy Wind|p2a: Ogerpon|[spread] p2a,p2b\n|-supereffective|p2b: Latios\n|-damage|p2a: Ogerpon|68\/100\n|-damage|p2b: Latios|58\/100 par\n|-unboost|p2a: Ogerpon|spe|1\n|-unboost|p2b: Latios|spe|1\n|\n|upkeep\n|\n|t:|1696090311\n|switch|p1a: Ambipom|Ambipom, F|100\/100\n|turn|7\n|\n|t:|1696090324\n|move|p2b: Latios|Protect|p2b: Latios\n|-singleturn|p2b: Latios|Protect\n|move|p2a: Ogerpon|Spiky Shield|p2a: Ogerpon\n|-singleturn|p2a: Ogerpon|move: Protect\n|move|p1a: Ambipom|Fake Out|p2b: Latios\n|-activate|p2b: Latios|move: Protect\n|move|p1b: Milotic|Icy Wind|p2a: Ogerpon|[spread] \n|-activate|p2a: Ogerpon|move: Protect\n|-activate|p2b: Latios|move: Protect\n|\n|upkeep\n|turn|8\n|\n|t:|1696090338\n|-terastallize|p2a: Ogerpon|Water\n|detailschange|p2a: Ogerpon|Ogerpon-Wellspring-Tera, F, tera:Water\n|-ability|p2a: Ogerpon|Embody Aspect (Wellspring)|boost\n|-boost|p2a: Ogerpon|spd|1\n|move|p1a: Ambipom|U-turn|p2b: Latios\n|-supereffective|p2b: Latios\n|-damage|p2b: Latios|41\/100 par\n|\n|t:|1696090346\n|switch|p1a: Jirachi|Jirachi|100\/100|[from] U-turn\n|move|p1b: Milotic|Icy Wind|p2a: Ogerpon|[spread] p2a,p2b\n|-resisted|p2a: Ogerpon\n|-supereffective|p2b: Latios\n|-damage|p2a: Ogerpon|61\/100\n|-damage|p2b: Latios|24\/100 par\n|-unboost|p2a: Ogerpon|spe|1\n|-unboost|p2b: Latios|spe|1\n|move|p2a: Ogerpon|Ivy Cudgel|p1a: Jirachi\n|-damage|p1a: Jirachi|33\/100\n|move|p2b: Latios|Stored Power|p1b: Milotic\n|-damage|p1b: Milotic|0 fnt\n|faint|p1b: Milotic\n|\n|upkeep\n|\n|t:|1696090363\n|switch|p1b: Lopunny|Lopunny, F|100\/100\n|turn|9\n|\n|t:|1696090375\n|detailschange|p1b: Lopunny|Lopunny-Mega, F\n|-mega|p1b: Lopunny|Lopunny|Lopunnite\n|move|p1b: Lopunny|Fake Out|p2a: Ogerpon\n|-damage|p2a: Ogerpon|45\/100\n|cant|p2a: Ogerpon|flinch\n|move|p1a: Jirachi|Iron Head|p2b: Latios\n|-damage|p2b: Latios|7\/100 par\n|cant|p2b: Latios|flinch\n|\n|upkeep\n|turn|10\n|\n|t:|1696090390\n|move|p2a: Ogerpon|Follow Me|p2a: Ogerpon\n|-singleturn|p2a: Ogerpon|move: Follow Me\n|move|p1a: Jirachi|Iron Head|p2a: Ogerpon\n|-resisted|p2a: Ogerpon\n|-damage|p2a: Ogerpon|32\/100\n|move|p1b: Lopunny|Close Combat|p2a: Ogerpon\n|-damage|p2a: Ogerpon|0 fnt\n|-unboost|p1b: Lopunny|def|1\n|-unboost|p1b: Lopunny|spd|1\n|faint|p2a: Ogerpon\n|cant|p2b: Latios|par\n|\n|upkeep\n|\n|t:|1696090403\n|switch|p2a: Landorus|Landorus-Therian, M|100\/100\n|-ability|p2a: Landorus|Intimidate|boost\n|-unboost|p1a: Jirachi|atk|1\n|-fail|p1b: Lopunny|unboost|Attack|[from] ability: Scrappy|[of] p1b: Lopunny\n|turn|11\n|\n|t:|1696090412\n|move|p1a: Jirachi|Iron Head|p2a: Landorus\n|-damage|p2a: Landorus|77\/100\n|move|p1b: Lopunny|U-turn|p2b: Latios\n|-supereffective|p2b: Latios\n|-damage|p2b: Latios|0 fnt\n|faint|p2b: Latios\n|\n|t:|1696090419\n|switch|p1b: Ambipom|Ambipom, F|100\/100|[from] U-turn\n|cant|p2a: Landorus|flinch\n|\n|upkeep\n|\n|t:|1696090425\n|switch|p2b: Hitmontop|Hitmontop, M|100\/100\n|-ability|p2b: Hitmontop|Intimidate|boost\n|-unboost|p1a: Jirachi|atk|1\n|-unboost|p1b: Ambipom|atk|1\n|turn|12\n|inactive|OrangeObama has 120 seconds left.\n|\n|t:|1696090457\n|switch|p2b: Eevee|Eevee, M|34\/100\n|move|p1b: Ambipom|Fake Out|p2a: Landorus\n|-damage|p2a: Landorus|60\/100\n|move|p1a: Jirachi|Iron Head|p2b: Eevee\n|-damage|p2b: Eevee|3\/100\n|cant|p2a: Landorus|flinch\n|\n|upkeep\n|turn|13\n|\n|t:|1696090471\n|move|p1a: Jirachi|Iron Head|p2b: Eevee\n|-damage|p2b: Eevee|0 fnt\n|faint|p2b: Eevee\n|move|p1b: Ambipom|U-turn|p2a: Landorus\n|-resisted|p2a: Landorus\n|-damage|p2a: Landorus|55\/100\n|\n|t:|1696090477\n|switch|p1b: Lopunny|Lopunny-Mega, F|100\/100|[from] U-turn\n|move|p2a: Landorus|Earthquake|p1b: Lopunny|[spread] p1a,p1b\n|-supereffective|p1a: Jirachi\n|-damage|p1a: Jirachi|0 fnt\n|-damage|p1b: Lopunny|45\/100\n|faint|p1a: Jirachi\n|\n|upkeep\n|\n|t:|1696090486\n|switch|p1a: Ambipom|Ambipom, F|100\/100\n|switch|p2b: Hitmontop|Hitmontop, M|100\/100\n|-ability|p2b: Hitmontop|Intimidate|boost\n|-unboost|p1a: Ambipom|atk|1\n|-fail|p1b: Lopunny|unboost|Attack|[from] ability: Scrappy|[of] p1b: Lopunny\n|turn|14\n|\n|t:|1696090498\n|move|p1b: Lopunny|Fake Out|p2a: Landorus\n|-damage|p2a: Landorus|33\/100\n|move|p1a: Ambipom|Fake Out|p2b: Hitmontop\n|-damage|p2b: Hitmontop|81\/100\n|cant|p2b: Hitmontop|flinch\n|cant|p2a: Landorus|flinch\n|\n|upkeep\n|turn|15\n|\n|t:|1696090516\n|move|p2b: Hitmontop|Bullet Punch|p1b: Lopunny\n|-damage|p1b: Lopunny|31\/100\n|move|p1b: Lopunny|Return|p2a: Landorus\n|-damage|p2a: Landorus|0 fnt\n|faint|p2a: Landorus\n|move|p1a: Ambipom|Return|p2b: Hitmontop\n|-damage|p2b: Hitmontop|48\/100\n|-enditem|p2b: Hitmontop|Sitrus Berry|[eat]\n|-heal|p2b: Hitmontop|73\/100|[from] item: Sitrus Berry\n|\n|upkeep\n|turn|16\n|\n|t:|1696090532\n|move|p1b: Lopunny|Return|p2b: Hitmontop\n|-damage|p2b: Hitmontop|9\/100\n|move|p1a: Ambipom|Return|p2b: Hitmontop\n|-damage|p2b: Hitmontop|0 fnt\n|faint|p2b: Hitmontop\n|\n|win|nombre epico.jpg\n|raw|nombre epico.jpg's rating: 1212 &rarr; <strong>1234<\/strong><br \/>(+22 for winning)\n|raw|OrangeObama's rating: 1166 &rarr; <strong>1144<\/strong><br \/>(-22 for losing)\n|l|\u2606OrangeObama\n|l|\u2606nombre epico.jpg\n|j|\u2606nombre epico.jpg\n|player|p1|nombre epico.jpg|shauntal\n","uploadtime":1696090611,"views":10,"p1id":"nombreepicojpg","p2id":"orangeobama","formatid":"gen9nationaldexdoubles","rating":1144,"private":0,"password":""}