{"id":"gen9nationaldexdoubles-1991215421","p1":"killershark6000","p2":"ERBESTIONE","format":"[Gen 9] National Dex Doubles","log":"|j|\u2606killershark6000\n|j|\u2606ERBESTIONE\n|t:|1700058001\n|gametype|doubles\n|player|p1|killershark6000|sailor|1076\n|player|p2|ERBESTIONE|pokemaniac|1147\n|teamsize|p1|6\n|teamsize|p2|6\n|gen|9\n|tier|[Gen 9] National Dex Doubles\n|rated|\n|rule|HP Percentage Mod: HP is shown in percentages\n|rule|Endless Battle Clause: Forcing endless battles is banned\n|rule|OHKO Clause: OHKO moves are banned\n|rule|Evasion Moves Clause: Evasion moves are banned\n|rule|Evasion Abilities Clause: Evasion abilities are banned\n|rule|Species Clause: Limit one of each Pok\u00e9mon\n|rule|Gravity Sleep Clause: The combination of sleep-inducing moves with imperfect accuracy and Gravity or Gigantamax Orbeetle are banned\n|clearpoke\n|poke|p1|Basculegion, M|\n|poke|p1|Ogerpon-Wellspring, F|\n|poke|p1|Tatsugiri-Droopy, M|\n|poke|p1|Pelipper, F|\n|poke|p1|Urshifu-*, F|\n|poke|p1|Drednaw, F|\n|poke|p2|Flapple, M|\n|poke|p2|Sableye, F|\n|poke|p2|Rillaboom, F|\n|poke|p2|Clefable, M|\n|poke|p2|Ninetales, F|\n|poke|p2|Ampharos, F|\n|teampreview\n|inactive|Battle timer is ON: inactive players will automatically lose when time's up. (requested by ERBESTIONE)\n|\n|t:|1700058014\n|start\n|switch|p1a: Pelipper|Pelipper, F|100\/100\n|switch|p1b: Drednaw|Drednaw, F|100\/100\n|switch|p2a: Ampharos|Ampharos, F|100\/100\n|switch|p2b: Rillaboom|Rillaboom, F|100\/100\n|-fieldstart|move: Grassy Terrain|[from] ability: Grassy Surge|[of] p2b: Rillaboom\n|-weather|RainDance|[from] ability: Drizzle|[of] p1a: Pelipper\n|turn|1\n|\n|t:|1700058033\n|move|p2b: Rillaboom|Grassy Glide|p1b: Drednaw\n|-supereffective|p1b: Drednaw\n|-crit|p1b: Drednaw\n|-enditem|p1b: Drednaw|Focus Sash\n|-damage|p1b: Drednaw|1\/100\n|move|p1b: Drednaw|Rock Slide|p2b: Rillaboom|[spread] p2a,p2b\n|-damage|p2a: Ampharos|74\/100\n|-damage|p2b: Rillaboom|72\/100\n|move|p1a: Pelipper|Hurricane|p2b: Rillaboom\n|-supereffective|p2b: Rillaboom\n|-damage|p2b: Rillaboom|9\/100\n|cant|p2a: Ampharos|flinch\n|\n|-weather|RainDance|[upkeep]\n|-heal|p1b: Drednaw|7\/100|[from] Grassy Terrain\n|-heal|p2b: Rillaboom|15\/100|[from] Grassy Terrain\n|-heal|p2a: Ampharos|80\/100|[from] Grassy Terrain\n|upkeep\n|turn|2\n|\n|t:|1700058052\n|move|p1b: Drednaw|Rock Slide|p2a: Ampharos|[spread] p2a,p2b\n|-damage|p2a: Ampharos|55\/100\n|-damage|p2b: Rillaboom|0 fnt\n|faint|p2b: Rillaboom\n|move|p1a: Pelipper|Hurricane|p2a: Ampharos\n|-resisted|p2a: Ampharos\n|-damage|p2a: Ampharos|38\/100\n|-enditem|p2a: Ampharos|Sitrus Berry|[eat]\n|-heal|p2a: Ampharos|63\/100|[from] item: Sitrus Berry\n|move|p2a: Ampharos|Electroweb|p1b: Drednaw|[spread] p1a,p1b\n|-supereffective|p1a: Pelipper\n|-supereffective|p1b: Drednaw\n|-damage|p1a: Pelipper|0 fnt\n|-damage|p1b: Drednaw|0 fnt\n|faint|p1a: Pelipper\n|faint|p1b: Drednaw\n|\n|-weather|RainDance|[upkeep]\n|-heal|p2a: Ampharos|69\/100|[from] Grassy Terrain\n|upkeep\n|\n|t:|1700058068\n|switch|p2b: Ninetales|Ninetales, F|100\/100\n|switch|p1b: Tatsugiri|Tatsugiri-Droopy, M|100\/100\n|switch|p1a: Ogerpon|Ogerpon-Wellspring, F|100\/100\n|-weather|SunnyDay|[from] ability: Drought|[of] p2b: Ninetales\n|turn|3\n|\n|t:|1700058085\n|move|p2b: Ninetales|Protect|p2b: Ninetales\n|-singleturn|p2b: Ninetales|Protect\n|move|p1b: Tatsugiri|Surf|p2a: Ampharos|[spread] p2a\n|-activate|p2b: Ninetales|move: Protect\n|-immune|p1a: Ogerpon|[from] ability: Water Absorb\n|-damage|p2a: Ampharos|54\/100\n|move|p1a: Ogerpon|Leech Seed|p2b: Ninetales\n|-activate|p2b: Ninetales|move: Protect\n|move|p2a: Ampharos|Thunderbolt|p1a: Ogerpon\n|-damage|p1a: Ogerpon|43\/100\n|\n|-weather|SunnyDay|[upkeep]\n|-heal|p1a: Ogerpon|49\/100|[from] Grassy Terrain\n|-heal|p2a: Ampharos|60\/100|[from] Grassy Terrain\n|upkeep\n|turn|4\n|\n|t:|1700058100\n|-terastallize|p2b: Ninetales|Grass\n|move|p1b: Tatsugiri|Surf|p2a: Ampharos|[spread] p2a,p2b\n|-heal|p1a: Ogerpon|73\/100|[from] ability: Water Absorb|[of] p1b: Tatsugiri\n|-resisted|p2b: Ninetales\n|-damage|p2a: Ampharos|44\/100\n|-damage|p2b: Ninetales|92\/100\n|move|p1a: Ogerpon|Leech Seed|p2b: Ninetales\n|-immune|p2b: Ninetales\n|move|p2b: Ninetales|Solar Beam||[still]\n|-prepare|p2b: Ninetales|Solar Beam\n|-anim|p2b: Ninetales|Solar Beam|p1b: Tatsugiri\n|-damage|p1b: Tatsugiri|13\/100\n|move|p2a: Ampharos|Electroweb|p1b: Tatsugiri|[spread] p1a,p1b\n|-damage|p1a: Ogerpon|47\/100\n|-damage|p1b: Tatsugiri|0 fnt\n|-unboost|p1a: Ogerpon|spe|1\n|faint|p1b: Tatsugiri\n|\n|-weather|SunnyDay|[upkeep]\n|-heal|p2b: Ninetales|98\/100|[from] Grassy Terrain\n|-heal|p2b: Ninetales|100\/100|[from] item: Leftovers\n|-heal|p1a: Ogerpon|53\/100|[from] Grassy Terrain\n|-heal|p2a: Ampharos|50\/100|[from] Grassy Terrain\n|upkeep\n|\n|t:|1700058108\n|switch|p1b: Urshifu|Urshifu-Rapid-Strike, F|100\/100\n|turn|5\n|\n|t:|1700058133\n|move|p1b: Urshifu|Close Combat|p2b: Ninetales\n|-damage|p2b: Ninetales|10\/100\n|-unboost|p1b: Urshifu|def|1\n|-unboost|p1b: Urshifu|spd|1\n|-damage|p1b: Urshifu|91\/100|[from] item: Life Orb\n|move|p2b: Ninetales|Solar Beam||[still]\n|-prepare|p2b: Ninetales|Solar Beam\n|-anim|p2b: Ninetales|Solar Beam|p1b: Urshifu\n|-supereffective|p1b: Urshifu\n|-damage|p1b: Urshifu|0 fnt\n|faint|p1b: Urshifu\n|move|p1a: Ogerpon|Ivy Cudgel|p2a: Ampharos|[anim] Ivy Cudgel Water\n|-damage|p2a: Ampharos|20\/100\n|move|p2a: Ampharos|Growl|p1a: Ogerpon\n|-unboost|p1a: Ogerpon|atk|1\n|\n|-weather|SunnyDay|[upkeep]\n|-heal|p2b: Ninetales|16\/100|[from] Grassy Terrain\n|-heal|p2b: Ninetales|22\/100|[from] item: Leftovers\n|-heal|p1a: Ogerpon|59\/100|[from] Grassy Terrain\n|-heal|p2a: Ampharos|26\/100|[from] Grassy Terrain\n|-fieldend|move: Grassy Terrain\n|upkeep\n|\n|t:|1700058146\n|switch|p1b: Basculegion|Basculegion, M|100\/100\n|turn|6\n|\n|t:|1700058159\n|-terastallize|p1b: Basculegion|Ghost\n|move|p1b: Basculegion|Last Respects|p2b: Ninetales\n|-damage|p2b: Ninetales|0 fnt\n|faint|p2b: Ninetales\n|move|p1a: Ogerpon|Ivy Cudgel|p2a: Ampharos|[anim] Ivy Cudgel Water\n|-damage|p2a: Ampharos|5\/100\n|move|p2a: Ampharos|Electroweb|p1a: Ogerpon|[spread] p1a,p1b\n|-damage|p1a: Ogerpon|32\/100\n|-damage|p1b: Basculegion|75\/100\n|-unboost|p1a: Ogerpon|spe|1\n|-unboost|p1b: Basculegion|spe|1\n|\n|-weather|SunnyDay|[upkeep]\n|upkeep\n|\n|t:|1700058172\n|switch|p2b: Sableye|Sableye, F|100\/100\n|turn|7\n|\n|t:|1700058185\n|move|p2b: Sableye|Will-O-Wisp|p1b: Basculegion\n|-status|p1b: Basculegion|brn\n|move|p1b: Basculegion|Last Respects|p2b: Sableye\n|-damage|p2b: Sableye|0 fnt\n|faint|p2b: Sableye\n|move|p1a: Ogerpon|Horn Leech|p2a: Ampharos\n|-damage|p2a: Ampharos|0 fnt\n|-heal|p1a: Ogerpon|35\/100|[from] drain|[of] p2a: Ampharos\n|-status|p1a: Ogerpon|par|[from] ability: Static|[of] p2a: Ampharos\n|faint|p2a: Ampharos\n|\n|-weather|none\n|-damage|p1b: Basculegion|69\/100 brn|[from] brn\n|upkeep\n|\n|t:|1700058194\n|switch|p2a: Flapple|Flapple, M|100\/100\n|switch|p2b: Clefable|Clefable, M|100\/100\n|turn|8\n|\n|t:|1700058221\n|move|p2b: Clefable|Follow Me|p2b: Clefable\n|-singleturn|p2b: Clefable|move: Follow Me\n|move|p1b: Basculegion|Last Respects|p2b: Clefable\n|-damage|p2b: Clefable|42\/100\n|-enditem|p2b: Clefable|Sitrus Berry|[eat]\n|-heal|p2b: Clefable|67\/100|[from] item: Sitrus Berry\n|move|p2a: Flapple|Dragon Dance|p2a: Flapple\n|-boost|p2a: Flapple|atk|1\n|-boost|p2a: Flapple|spe|1\n|cant|p1a: Ogerpon|par\n|\n|-damage|p1b: Basculegion|63\/100 brn|[from] brn\n|upkeep\n|turn|9\n|\n|t:|1700058239\n|move|p2a: Flapple|Grav Apple|p1b: Basculegion\n|-damage|p1b: Basculegion|0 fnt\n|faint|p1b: Basculegion\n|move|p2b: Clefable|Dazzling Gleam|p1a: Ogerpon\n|-damage|p1a: Ogerpon|2\/100 par\n|move|p1a: Ogerpon|Ivy Cudgel|p2b: Clefable|[anim] Ivy Cudgel Water\n|-damage|p2b: Clefable|24\/100\n|\n|upkeep\n|turn|10\n|\n|t:|1700058247\n|move|p2a: Flapple|Grav Apple|p1a: Ogerpon\n|-damage|p1a: Ogerpon|0 fnt\n|faint|p1a: Ogerpon\n|\n|win|ERBESTIONE\n|raw|killershark6000's rating: 1076 &rarr; <strong>1059<\/strong><br \/>(-17 for losing)\n|raw|ERBESTIONE's rating: 1147 &rarr; <strong>1167<\/strong><br \/>(+20 for winning)\n|l|\u2606killershark6000\n","uploadtime":1700058251,"views":10,"p1id":"killershark6000","p2id":"erbestione","formatid":"gen9nationaldexdoubles","rating":1059,"private":0,"password":""}