{"id":"gen9nationaldexdoubles-1963686935","p1":"Mr. Juroku","p2":"Denvah_17","format":"[Gen 9] National Dex Doubles","log":"|j|\u2606Mr. Juroku\n|j|\u203dDenvah_17\n|t:|1696889895\n|gametype|doubles\n|player|p1|Mr. Juroku|artist-gen4|1345\n|player|p2|Denvah_17|alder|1346\n|teamsize|p1|6\n|teamsize|p2|6\n|gen|9\n|tier|[Gen 9] National Dex Doubles\n|rated|\n|rule|HP Percentage Mod: HP is shown in percentages\n|rule|Endless Battle Clause: Forcing endless battles is banned\n|rule|OHKO Clause: OHKO moves are banned\n|rule|Evasion Moves Clause: Evasion moves are banned\n|rule|Evasion Abilities Clause: Evasion abilities are banned\n|rule|Species Clause: Limit one of each Pok\u00e9mon\n|rule|Gravity Sleep Clause: The combination of sleep-inducing moves with imperfect accuracy and Gravity or Gigantamax Orbeetle are banned\n|clearpoke\n|poke|p1|Ferrothorn, F|\n|poke|p1|Sinistcha-Masterpiece|\n|poke|p1|Diancie|\n|poke|p1|Amoonguss, F|\n|poke|p1|Iron Moth|\n|poke|p1|Fezandipiti, M|\n|poke|p2|Sinistcha-Masterpiece|\n|poke|p2|Enamorus, F|\n|poke|p2|Volcanion|\n|poke|p2|Scizor, M|\n|poke|p2|Okidogi, M|\n|poke|p2|Ursaluna-Bloodmoon, M|\n|teampreview\n|inactive|Battle timer is ON: inactive players will automatically lose when time's up. (requested by Denvah_17)\n|\n|t:|1696889908\n|start\n|switch|p1a: Ferrothorn|Ferrothorn, F|100\/100\n|switch|p1b: Diancie|Diancie|100\/100\n|switch|p2a: Sinistcha|Sinistcha-Masterpiece|100\/100\n|switch|p2b: Enamorus|Enamorus, F|100\/100\n|turn|1\n|\n|t:|1696889919\n|move|p2b: Enamorus|Superpower|p1a: Ferrothorn\n|-supereffective|p1a: Ferrothorn\n|-damage|p1a: Ferrothorn|55\/100\n|-boost|p2b: Enamorus|atk|1\n|-boost|p2b: Enamorus|def|1\n|-damage|p2b: Enamorus|88\/100|[from] ability: Iron Barbs|[of] p1a: Ferrothorn\n|-damage|p2b: Enamorus|71\/100|[from] item: Rocky Helmet|[of] p1a: Ferrothorn\n|move|p2a: Sinistcha|Calm Mind|p2a: Sinistcha\n|-boost|p2a: Sinistcha|spa|1\n|-boost|p2a: Sinistcha|spd|1\n|move|p1a: Ferrothorn|Curse|p1a: Ferrothorn\n|-unboost|p1a: Ferrothorn|spe|1\n|-boost|p1a: Ferrothorn|atk|1\n|-boost|p1a: Ferrothorn|def|1\n|move|p1b: Diancie|Trick Room|p1b: Diancie\n|-fieldstart|move: Trick Room|[of] p1b: Diancie\n|\n|upkeep\n|turn|2\n|inactive|Mr. Juroku has 120 seconds left.\n|c|\u2606Mr. Juroku|glhf\n|inactive|Mr. Juroku has 90 seconds left.\n|\n|t:|1696889995\n|switch|p2b: Volcanion|Volcanion|100\/100\n|move|p1a: Ferrothorn|Gyro Ball|p2b: Volcanion\n|-resisted|p2b: Volcanion\n|-damage|p2b: Volcanion|85\/100\n|move|p1b: Diancie|Diamond Storm|p2a: Sinistcha|[spread] p2a,p2b\n|-supereffective|p2b: Volcanion\n|-damage|p2a: Sinistcha|74\/100\n|-damage|p2b: Volcanion|30\/100\n|-boost|p1b: Diancie|def|2\n|-enditem|p2b: Volcanion|Weakness Policy\n|-boost|p2b: Volcanion|atk|2|[from] item: Weakness Policy\n|-boost|p2b: Volcanion|spa|2|[from] item: Weakness Policy\n|move|p2a: Sinistcha|Matcha Gotcha|p1b: Diancie|[spread] p1a,p1b\n|-resisted|p1a: Ferrothorn\n|-supereffective|p1b: Diancie\n|-damage|p1a: Ferrothorn|46\/100\n|-heal|p2a: Sinistcha|79\/100|[from] drain|[of] p1a: Ferrothorn\n|-damage|p1b: Diancie|47\/100\n|-heal|p2a: Sinistcha|100\/100|[from] drain|[of] p1b: Diancie\n|-status|p1a: Ferrothorn|brn\n|-enditem|p1b: Diancie|Weakness Policy\n|-boost|p1b: Diancie|atk|2|[from] item: Weakness Policy\n|-boost|p1b: Diancie|spa|2|[from] item: Weakness Policy\n|\n|-damage|p1a: Ferrothorn|40\/100 brn|[from] brn\n|upkeep\n|turn|3\n|inactive|Mr. Juroku has 90 seconds left.\n|inactive|Denvah_17 has 120 seconds left.\n|\n|t:|1696890039\n|move|p1a: Ferrothorn|Gyro Ball|p2a: Sinistcha\n|-damage|p2a: Sinistcha|68\/100\n|move|p1b: Diancie|Diamond Storm|p2a: Sinistcha|[spread] p2a,p2b\n|-supereffective|p2b: Volcanion\n|-damage|p2a: Sinistcha|10\/100\n|-damage|p2b: Volcanion|0 fnt\n|faint|p2b: Volcanion\n|move|p2a: Sinistcha|Matcha Gotcha|p1a: Ferrothorn|[spread] p1a,p1b\n|-resisted|p1a: Ferrothorn\n|-supereffective|p1b: Diancie\n|-damage|p1a: Ferrothorn|31\/100 brn\n|-heal|p2a: Sinistcha|16\/100|[from] drain|[of] p1a: Ferrothorn\n|-damage|p1b: Diancie|0 fnt\n|-heal|p2a: Sinistcha|41\/100|[from] drain|[of] p1b: Diancie\n|faint|p1b: Diancie\n|\n|-damage|p1a: Ferrothorn|25\/100 brn|[from] brn\n|upkeep\n|inactive|Mr. Juroku has 90 seconds left.\n|inactive|Denvah_17 has 120 seconds left.\n|\n|t:|1696890067\n|switch|p1b: Amoonguss|Amoonguss, F|100\/100\n|switch|p2b: Okidogi|Okidogi, M|100\/100\n|turn|4\n|inactive|Denvah_17 has 120 seconds left.\n|\n|t:|1696890085\n|move|p1a: Ferrothorn|Gyro Ball|p2b: Okidogi\n|-damage|p2b: Okidogi|67\/100\n|move|p1b: Amoonguss|Clear Smog|p2a: Sinistcha\n|-damage|p2a: Sinistcha|29\/100\n|-clearboost|p2a: Sinistcha\n|move|p2a: Sinistcha|Strength Sap|p1a: Ferrothorn\n|-unboost|p1a: Ferrothorn|atk|1\n|-heal|p2a: Sinistcha|100\/100\n|move|p2b: Okidogi|Drain Punch|p1a: Ferrothorn\n|-supereffective|p1a: Ferrothorn\n|-damage|p1a: Ferrothorn|0 fnt\n|-heal|p2b: Okidogi|79\/100|[from] drain|[of] p1a: Ferrothorn\n|-damage|p2b: Okidogi|67\/100|[from] ability: Iron Barbs|[of] p1a: Ferrothorn\n|-damage|p2b: Okidogi|50\/100|[from] item: Rocky Helmet|[of] p1a: Ferrothorn\n|faint|p1a: Ferrothorn\n|\n|upkeep\n|inactive|Mr. Juroku has 90 seconds left.\n|\n|t:|1696890099\n|switch|p1a: Sinistcha|Sinistcha-Masterpiece|100\/100\n|turn|5\n|\n|t:|1696890114\n|move|p1b: Amoonguss|Spore|p2b: Okidogi\n|-status|p2b: Okidogi|slp|[from] move: Spore\n|move|p1a: Sinistcha|Calm Mind|p1a: Sinistcha\n|-boost|p1a: Sinistcha|spa|1\n|-boost|p1a: Sinistcha|spd|1\n|move|p2a: Sinistcha|Calm Mind|p2a: Sinistcha\n|-boost|p2a: Sinistcha|spa|1\n|-boost|p2a: Sinistcha|spd|1\n|cant|p2b: Okidogi|slp\n|\n|-fieldend|move: Trick Room\n|upkeep\n|turn|6\n|inactive|Mr. Juroku has 120 seconds left.\n|\n|t:|1696890140\n|cant|p2b: Okidogi|slp\n|move|p2a: Sinistcha|Calm Mind|p2a: Sinistcha\n|-boost|p2a: Sinistcha|spa|1\n|-boost|p2a: Sinistcha|spd|1\n|move|p1a: Sinistcha|Matcha Gotcha|p2a: Sinistcha|[spread] p2a,p2b\n|-resisted|p2a: Sinistcha\n|-resisted|p2b: Okidogi\n|-damage|p2a: Sinistcha|86\/100\n|-damage|p2b: Okidogi|33\/100 slp\n|-status|p2a: Sinistcha|brn\n|move|p1b: Amoonguss|Body Slam|p2a: Sinistcha\n|-immune|p2a: Sinistcha\n|\n|-damage|p2a: Sinistcha|83\/100 brn|[from] brn\n|upkeep\n|turn|7\n|\n|t:|1696890176\n|switch|p1b: Iron Moth|Iron Moth|100\/100\n|-enditem|p1b: Iron Moth|Booster Energy\n|-activate|p1b: Iron Moth|ability: Quark Drive|[fromitem]\n|-start|p1b: Iron Moth|quarkdrivespe\n|-curestatus|p2b: Okidogi|slp|[msg]\n|move|p2b: Okidogi|Gunk Shot|p1b: Iron Moth\n|-resisted|p1b: Iron Moth\n|-damage|p1b: Iron Moth|55\/100\n|move|p2a: Sinistcha|Hex|p1a: Sinistcha\n|-supereffective|p1a: Sinistcha\n|-damage|p1a: Sinistcha|11\/100\n|move|p1a: Sinistcha|Calm Mind|p1a: Sinistcha\n|-boost|p1a: Sinistcha|spa|1\n|-boost|p1a: Sinistcha|spd|1\n|\n|-heal|p1a: Sinistcha|18\/100|[from] item: Leftovers\n|-damage|p2a: Sinistcha|80\/100 brn|[from] brn\n|upkeep\n|turn|8\n|\n|t:|1696890197\n|move|p1b: Iron Moth|Fiery Dance|p2a: Sinistcha\n|-supereffective|p2a: Sinistcha\n|-damage|p2a: Sinistcha|59\/100 brn\n|-enditem|p2a: Sinistcha|Weakness Policy\n|-boost|p2a: Sinistcha|atk|2|[from] item: Weakness Policy\n|-boost|p2a: Sinistcha|spa|2|[from] item: Weakness Policy\n|move|p2b: Okidogi|Knock Off|p1b: Iron Moth\n|-damage|p1b: Iron Moth|21\/100\n|move|p2a: Sinistcha|Hex|p1a: Sinistcha\n|-supereffective|p1a: Sinistcha\n|-damage|p1a: Sinistcha|0 fnt\n|faint|p1a: Sinistcha\n|\n|-damage|p2a: Sinistcha|56\/100 brn|[from] brn\n|upkeep\n|\n|t:|1696890203\n|switch|p1a: Fezandipiti|Fezandipiti, M|100\/100\n|turn|9\n|\n|t:|1696890223\n|move|p1b: Iron Moth|Sludge Wave|p2b: Okidogi|[spread] p1a,p2a,p2b\n|-resisted|p2b: Okidogi\n|-damage|p1a: Fezandipiti|78\/100\n|-damage|p2a: Sinistcha|36\/100 brn\n|-damage|p2b: Okidogi|20\/100\n|move|p1a: Fezandipiti|Heat Wave|p2a: Sinistcha|[spread] p2b\n|-miss|p1a: Fezandipiti|p2a: Sinistcha\n|-damage|p2b: Okidogi|8\/100\n|move|p2b: Okidogi|Gunk Shot|p1b: Iron Moth|[miss]\n|-miss|p2b: Okidogi|p1b: Iron Moth\n|move|p2a: Sinistcha|Hex|p1a: Fezandipiti\n|-damage|p1a: Fezandipiti|24\/100\n|\n|-damage|p2a: Sinistcha|33\/100 brn|[from] brn\n|upkeep\n|turn|10\n|\n|t:|1696890244\n|move|p1b: Iron Moth|Fiery Dance|p2a: Sinistcha\n|-supereffective|p2a: Sinistcha\n|-damage|p2a: Sinistcha|11\/100 brn\n|-boost|p1b: Iron Moth|spa|1\n|move|p1a: Fezandipiti|Icy Wind|p2a: Sinistcha|[spread] p2a,p2b\n|-supereffective|p2a: Sinistcha\n|-damage|p2a: Sinistcha|0 fnt\n|-damage|p2b: Okidogi|1\/100\n|-unboost|p2b: Okidogi|spe|1\n|faint|p2a: Sinistcha\n|move|p2b: Okidogi|Knock Off|p1b: Iron Moth\n|-damage|p1b: Iron Moth|0 fnt\n|faint|p1b: Iron Moth\n|-end|p1b: Iron Moth|Quark Drive|[silent]\n|\n|upkeep\n|\n|t:|1696890255\n|switch|p1b: Amoonguss|Amoonguss, F|100\/100\n|switch|p2a: Scizor|Scizor, M|100\/100\n|turn|11\n|\n|t:|1696890266\n|detailschange|p2a: Scizor|Scizor-Mega, M\n|-mega|p2a: Scizor|Scizor|Scizorite\n|move|p1b: Amoonguss|Rage Powder|p1b: Amoonguss\n|-singleturn|p1b: Amoonguss|move: Rage Powder\n|move|p2a: Scizor|Bullet Punch|p1b: Amoonguss\n|-damage|p1b: Amoonguss|66\/100\n|move|p1a: Fezandipiti|Heat Wave|p2a: Scizor|[spread] p2a,p2b\n|-supereffective|p2a: Scizor\n|-damage|p2a: Scizor|40\/100\n|-damage|p2b: Okidogi|0 fnt\n|faint|p2b: Okidogi\n|\n|upkeep\n|\n|t:|1696890278\n|switch|p2b: Enamorus|Enamorus, F|71\/100\n|turn|12\n|\n|t:|1696890299\n|-terastallize|p2b: Enamorus|Rock\n|move|p1b: Amoonguss|Rage Powder|p1b: Amoonguss\n|-singleturn|p1b: Amoonguss|move: Rage Powder\n|move|p2a: Scizor|Bullet Punch|p1b: Amoonguss\n|-damage|p1b: Amoonguss|37\/100\n|-enditem|p1b: Amoonguss|Sitrus Berry|[eat]\n|-heal|p1b: Amoonguss|62\/100|[from] item: Sitrus Berry\n|move|p2b: Enamorus|Tera Blast|p1b: Amoonguss|[anim] Tera Blast Rock\n|-damage|p1b: Amoonguss|30\/100\n|move|p1a: Fezandipiti|Heat Wave|p2a: Scizor|[spread] p2a,p2b\n|-supereffective|p2a: Scizor\n|-resisted|p2b: Enamorus\n|-damage|p2a: Scizor|0 fnt\n|-damage|p2b: Enamorus|63\/100\n|faint|p2a: Scizor\n|\n|upkeep\n|\n|t:|1696890311\n|switch|p2a: Ursaluna|Ursaluna-Bloodmoon, M|100\/100\n|turn|13\n|\n|t:|1696890333\n|move|p1b: Amoonguss|Rage Powder|p1b: Amoonguss\n|-singleturn|p1b: Amoonguss|move: Rage Powder\n|move|p2b: Enamorus|Tera Blast|p1b: Amoonguss|[anim] Tera Blast Rock\n|-damage|p1b: Amoonguss|1\/100\n|move|p1a: Fezandipiti|Icy Wind|p2a: Ursaluna|[spread] p2b\n|-miss|p1a: Fezandipiti|p2a: Ursaluna\n|-damage|p2b: Enamorus|54\/100\n|-boost|p2b: Enamorus|spe|1\n|-status|p2b: Enamorus|tox|[from] ability: Toxic Chain|[of] p1a: Fezandipiti\n|move|p2a: Ursaluna|Earth Power|p1b: Amoonguss\n|-damage|p1b: Amoonguss|0 fnt\n|faint|p1b: Amoonguss\n|\n|-damage|p2b: Enamorus|48\/100 tox|[from] psn\n|upkeep\n|turn|14\n|\n|t:|1696890350\n|move|p2b: Enamorus|Play Rough|p1a: Fezandipiti\n|-resisted|p1a: Fezandipiti\n|-damage|p1a: Fezandipiti|0 fnt\n|faint|p1a: Fezandipiti\n|\n|win|Denvah_17\n|raw|Mr. Juroku's rating: 1345 &rarr; <strong>1325<\/strong><br \/>(-20 for losing)\n|raw|Denvah_17's rating: 1346 &rarr; <strong>1366<\/strong><br \/>(+20 for winning)\n|l|\u2606Mr. Juroku\n","uploadtime":1696890360,"views":6,"p1id":"mrjuroku","p2id":"denvah17","formatid":"gen9nationaldexdoubles","rating":1325,"private":0,"password":""}