{"id":"gen9nationaldexdoubles-1980096734","p1":"LDP333","p2":"qwqwqqw","format":"[Gen 9] National Dex Doubles","log":"|j|\u2606LDP333\n|j|\u2606qwqwqqw\n|t:|1698756874\n|gametype|doubles\n|player|p1|LDP333|riley|\n|player|p2|qwqwqqw|170|\n|teamsize|p1|6\n|teamsize|p2|6\n|gen|9\n|tier|[Gen 9] National Dex Doubles\n|rule|HP Percentage Mod: HP is shown in percentages\n|rule|Endless Battle Clause: Forcing endless battles is banned\n|rule|OHKO Clause: OHKO moves are banned\n|rule|Evasion Moves Clause: Evasion moves are banned\n|rule|Evasion Abilities Clause: Evasion abilities are banned\n|rule|Species Clause: Limit one of each Pok\u00e9mon\n|rule|Gravity Sleep Clause: The combination of sleep-inducing moves with imperfect accuracy and Gravity or Gigantamax Orbeetle are banned\n|clearpoke\n|poke|p1|Kommo-o, F|\n|poke|p1|Iron Bundle|\n|poke|p1|Manectric, M|\n|poke|p1|Flutter Mane|\n|poke|p1|Incineroar, F|\n|poke|p1|Rillaboom, F|\n|poke|p2|Hatterene, F|\n|poke|p2|Indeedee-F, F|\n|poke|p2|Cresselia, F|\n|poke|p2|Ursaluna-Bloodmoon, M|\n|poke|p2|Enamorus-Therian, F|\n|poke|p2|Torkoal, F|\n|teampreview\n|l|\u2606LDP333\n|player|p1|\n|j|\u2606LDP333\n|player|p1|LDP333|riley\n|\n|t:|1698756933\n|start\n|switch|p1a: Flutter Mane|Flutter Mane|100\/100\n|switch|p1b: Yuanshen|Rillaboom, F|100\/100\n|switch|p2a: Indeedee|Indeedee-F, F|100\/100\n|switch|p2b: Hatterene|Hatterene, F|100\/100\n|-fieldstart|move: Psychic Terrain|[from] ability: Psychic Surge|[of] p2a: Indeedee\n|-fieldstart|move: Grassy Terrain|[from] ability: Grassy Surge|[of] p1b: Yuanshen\n|turn|1\n|\n|t:|1698756958\n|switch|p2b: Enamorus|Enamorus-Therian, F|100\/100\n|move|p1b: Yuanshen|Fake Out|p2b: Enamorus\n|-damage|p2b: Enamorus|87\/100\n|move|p1a: Flutter Mane|Dazzling Gleam|p2a: Indeedee|[spread] p2a,p2b\n|-damage|p2a: Indeedee|57\/100\n|-damage|p2b: Enamorus|45\/100\n|move|p2a: Indeedee|Trick Room|p2a: Indeedee\n|-fieldstart|move: Trick Room|[of] p2a: Indeedee\n|\n|-heal|p2a: Indeedee|63\/100|[from] Grassy Terrain\n|upkeep\n|turn|2\n|\n|t:|1698756974\n|switch|p1b: universe first|Incineroar, F|100\/100\n|-ability|p1b: universe first|Intimidate|boost\n|-unboost|p2a: Indeedee|atk|1\n|-unboost|p2b: Enamorus|atk|1\n|move|p2b: Enamorus|Dazzling Gleam|p1a: Flutter Mane|[spread] p1a,p1b\n|-damage|p1a: Flutter Mane|61\/100\n|-damage|p1b: universe first|68\/100\n|-damage|p2b: Enamorus|35\/100|[from] item: Life Orb\n|move|p2a: Indeedee|Healing Wish|p2a: Indeedee\n|faint|p2a: Indeedee\n|move|p1a: Flutter Mane|Dazzling Gleam|p2b: Enamorus\n|-damage|p2b: Enamorus|0 fnt\n|faint|p2b: Enamorus\n|\n|-heal|p1b: universe first|74\/100|[from] Grassy Terrain\n|-heal|p1a: Flutter Mane|67\/100|[from] Grassy Terrain\n|upkeep\n|\n|t:|1698756981\n|switch|p2b: Ursaluna|Ursaluna-Bloodmoon, M|100\/100\n|switch|p2a: Torkoal|Torkoal, F|100\/100\n|-weather|SunnyDay|[from] ability: Drought|[of] p2a: Torkoal\n|-activate|p1a: Flutter Mane|ability: Protosynthesis\n|-start|p1a: Flutter Mane|protosynthesisspa\n|turn|3\n|\n|t:|1698756998\n|-terastallize|p2b: Ursaluna|Normal\n|move|p1b: universe first|Fake Out|p2a: Torkoal\n|-damage|p2a: Torkoal|92\/100\n|cant|p2a: Torkoal|flinch\n|move|p2b: Ursaluna|Hyper Voice|p1a: Flutter Mane|[spread] p1a,p1b\n|-damage|p1a: Flutter Mane|12\/100\n|-damage|p1b: universe first|28\/100\n|-enditem|p1b: universe first|Sitrus Berry|[eat]\n|-heal|p1b: universe first|53\/100|[from] item: Sitrus Berry\n|-damage|p2b: Ursaluna|90\/100|[from] item: Life Orb\n|move|p1a: Flutter Mane|Dazzling Gleam|p2a: Torkoal|[spread] p2a,p2b\n|-resisted|p2a: Torkoal\n|-damage|p2a: Torkoal|52\/100\n|-damage|p2b: Ursaluna|29\/100\n|\n|-weather|SunnyDay|[upkeep]\n|-heal|p2a: Torkoal|58\/100|[from] Grassy Terrain\n|-heal|p2b: Ursaluna|35\/100|[from] Grassy Terrain\n|-heal|p1b: universe first|60\/100|[from] Grassy Terrain\n|-heal|p1a: Flutter Mane|18\/100|[from] Grassy Terrain\n|upkeep\n|turn|4\n|\n|t:|1698757009\n|move|p2a: Torkoal|Eruption|p1a: Flutter Mane|[spread] p1a,p1b\n|-resisted|p1b: universe first\n|-damage|p1a: Flutter Mane|0 fnt\n|-damage|p1b: universe first|38\/100\n|faint|p1a: Flutter Mane\n|-end|p1a: Flutter Mane|Protosynthesis|[silent]\n|move|p2b: Ursaluna|Hyper Voice|p1b: universe first\n|-damage|p1b: universe first|0 fnt\n|faint|p1b: universe first\n|-damage|p2b: Ursaluna|25\/100|[from] item: Life Orb\n|\n|-weather|SunnyDay|[upkeep]\n|-heal|p2a: Torkoal|64\/100|[from] Grassy Terrain\n|-heal|p2b: Ursaluna|31\/100|[from] Grassy Terrain\n|upkeep\n|l|\u2606LDP333\n|player|p1|\n|j|\u2606LDP333\n|player|p1|LDP333|riley\n|\n|t:|1698757072\n|switch|p1b: Komm-susser-Tod|Kommo-o, F, shiny|100\/100\n|switch|p1a: Yuanshen|Rillaboom, F|100\/100\n|turn|5\n|\n|t:|1698757101\n|switch|p2a: Hatterene|Hatterene, F|100\/100\n|switch|p2b: Cresselia|Cresselia, F|100\/100\n|move|p1a: Yuanshen|Fake Out|p2a: Hatterene\n|-damage|p2a: Hatterene|84\/100\n|-zpower|p1b: Komm-susser-Tod\n|move|p1b: Komm-susser-Tod|Clangorous Soulblaze|p2b: Cresselia|[zeffect]|[spread] p2b\n|-immune|p2a: Hatterene\n|-damage|p2b: Cresselia|63\/100\n|-boost|p1b: Komm-susser-Tod|atk|1\n|-boost|p1b: Komm-susser-Tod|def|1\n|-boost|p1b: Komm-susser-Tod|spa|1\n|-boost|p1b: Komm-susser-Tod|spd|1\n|-boost|p1b: Komm-susser-Tod|spe|1\n|\n|-weather|SunnyDay|[upkeep]\n|-heal|p2a: Hatterene|90\/100|[from] Grassy Terrain\n|-fieldend|move: Trick Room\n|-fieldend|move: Grassy Terrain\n|upkeep\n|turn|6\n|\n|t:|1698757139\n|-terastallize|p1a: Yuanshen|Grass\n|move|p1b: Komm-susser-Tod|Clanging Scales|p2b: Cresselia|[spread] p2b\n|-immune|p2a: Hatterene\n|-damage|p2b: Cresselia|28\/100\n|-unboost|p1b: Komm-susser-Tod|def|1\n|move|p1a: Yuanshen|Wood Hammer|p2a: Hatterene\n|-damage|p2a: Hatterene|0 fnt\n|faint|p2a: Hatterene\n|-damage|p1a: Yuanshen|77\/100|[from] Recoil\n|move|p2b: Cresselia|Lunar Dance|p2b: Cresselia\n|faint|p2b: Cresselia\n|\n|-weather|SunnyDay|[upkeep]\n|upkeep\n|\n|t:|1698757152\n|switch|p2b: Ursaluna|Ursaluna-Bloodmoon, M, tera:Normal|31\/100\n|switch|p2a: Torkoal|Torkoal, F|64\/100\n|-heal|p2b: Ursaluna|100\/100|[from] move: Lunar Dance\n|-heal|p2a: Torkoal|100\/100|[from] move: Healing Wish\n|turn|7\n|\n|t:|1698757158\n|move|p1b: Komm-susser-Tod|Clanging Scales|p2b: Ursaluna|[spread] p2a,p2b\n|-damage|p2a: Torkoal|30\/100\n|-damage|p2b: Ursaluna|37\/100\n|-unboost|p1b: Komm-susser-Tod|def|1\n|move|p1a: Yuanshen|Wood Hammer|p2b: Ursaluna\n|-damage|p2b: Ursaluna|0 fnt\n|faint|p2b: Ursaluna\n|-damage|p1a: Yuanshen|65\/100|[from] Recoil\n|move|p2a: Torkoal|Eruption|p1b: Komm-susser-Tod|[spread] p1a,p1b\n|-supereffective|p1a: Yuanshen\n|-resisted|p1b: Komm-susser-Tod\n|-crit|p1b: Komm-susser-Tod\n|-damage|p1a: Yuanshen|0 fnt\n|-damage|p1b: Komm-susser-Tod|75\/100\n|faint|p1a: Yuanshen\n|\n|-weather|none\n|upkeep\n|\n|t:|1698757169\n|switch|p1a: EleDog|Manectric, M|100\/100\n|turn|8\n|\n|t:|1698757182\n|detailschange|p1a: EleDog|Manectric-Mega, M\n|-mega|p1a: EleDog|Manectric|Manectite\n|-ability|p1a: EleDog|Intimidate|boost\n|-unboost|p2a: Torkoal|atk|1\n|move|p1b: Komm-susser-Tod|Clanging Scales|p2a: Torkoal\n|-damage|p2a: Torkoal|0 fnt\n|faint|p2a: Torkoal\n|\n|win|LDP333\n","uploadtime":1698757188,"views":8,"p1id":"ldp333","p2id":"qwqwqqw","formatid":"gen9nationaldexdoubles","rating":0,"private":0,"password":""}