{"id":"gen9nationaldexdoubles-1960780847","p1":"aaabn","p2":"xiaoqing three","format":"[Gen 9] National Dex Doubles","log":"|j|\u2606aaabn\n|j|\u2606xiaoqing three\n|t:|1696555824\n|gametype|doubles\n|player|p1|aaabn|266|1358\n|player|p2|xiaoqing three|grusha|1531\n|teamsize|p1|6\n|teamsize|p2|6\n|gen|9\n|tier|[Gen 9] National Dex Doubles\n|rated|\n|rule|HP Percentage Mod: HP is shown in percentages\n|rule|Endless Battle Clause: Forcing endless battles is banned\n|rule|OHKO Clause: OHKO moves are banned\n|rule|Evasion Moves Clause: Evasion moves are banned\n|rule|Evasion Abilities Clause: Evasion abilities are banned\n|rule|Species Clause: Limit one of each Pok\u00e9mon\n|rule|Gravity Sleep Clause: The combination of sleep-inducing moves with imperfect accuracy and Gravity or Gigantamax Orbeetle are banned\n|clearpoke\n|poke|p1|Tyranitar, M|\n|poke|p1|Zygarde|\n|poke|p1|Tornadus, M|\n|poke|p1|Jirachi|\n|poke|p1|Volcanion|\n|poke|p1|Rillaboom, M|\n|poke|p2|Marshadow|\n|poke|p2|Rillaboom, F|\n|poke|p2|Diancie|\n|poke|p2|Palafin, M|\n|poke|p2|Salamence, F|\n|poke|p2|Heatran, M|\n|teampreview\n|\n|t:|1696555850\n|start\n|switch|p1a: Tyranitar|Tyranitar, M|100\/100\n|switch|p1b: Rillaboom|Rillaboom, M|100\/100\n|switch|p2a: Rillaboom|Rillaboom, F, shiny|100\/100\n|switch|p2b: Palafin|Palafin, M, shiny|100\/100\n|-fieldstart|move: Grassy Terrain|[from] ability: Grassy Surge|[of] p2a: Rillaboom\n|-weather|Sandstorm|[from] ability: Sand Stream|[of] p1a: Tyranitar\n|turn|1\n|\n|t:|1696555862\n|detailschange|p2b: Palafin|Palafin-Hero, M, shiny\n|switch|p2b: Diancie|Diancie, shiny|100\/100\n|detailschange|p1a: Tyranitar|Tyranitar-Mega, M\n|-mega|p1a: Tyranitar|Tyranitar|Tyranitarite\n|move|p2a: Rillaboom|Fake Out|p1a: Tyranitar\n|-resisted|p1a: Tyranitar\n|-damage|p1a: Tyranitar|96\/100\n|move|p1b: Rillaboom|Fake Out|p2a: Rillaboom\n|-damage|p2a: Rillaboom|87\/100\n|cant|p1a: Tyranitar|flinch\n|\n|-weather|Sandstorm|[upkeep]\n|-damage|p2a: Rillaboom|80\/100|[from] Sandstorm\n|-damage|p1b: Rillaboom|94\/100|[from] Sandstorm\n|-heal|p2a: Rillaboom|87\/100|[from] Grassy Terrain\n|-heal|p1b: Rillaboom|100\/100|[from] Grassy Terrain\n|-heal|p1a: Tyranitar|100\/100|[from] Grassy Terrain\n|upkeep\n|turn|2\n|\n|t:|1696555876\n|switch|p2a: Heatran|Heatran, M|100\/100\n|move|p1b: Rillaboom|Grassy Glide|p2b: Diancie\n|-supereffective|p2b: Diancie\n|-damage|p2b: Diancie|41\/100\n|-enditem|p2b: Diancie|Weakness Policy\n|-boost|p2b: Diancie|atk|2|[from] item: Weakness Policy\n|-boost|p2b: Diancie|spa|2|[from] item: Weakness Policy\n|move|p1a: Tyranitar|Stealth Rock|p2a: Heatran\n|-sidestart|p2: xiaoqing three|move: Stealth Rock\n|move|p2b: Diancie|Trick Room|p2b: Diancie\n|-fieldstart|move: Trick Room|[of] p2b: Diancie\n|\n|-weather|Sandstorm|[upkeep]\n|-damage|p1b: Rillaboom|94\/100|[from] Sandstorm\n|-heal|p2b: Diancie|47\/100|[from] Grassy Terrain\n|-heal|p1b: Rillaboom|100\/100|[from] Grassy Terrain\n|upkeep\n|turn|3\n|\n|t:|1696555901\n|-terastallize|p2a: Heatran|Grass\n|move|p2b: Diancie|Protect|p2b: Diancie\n|-singleturn|p2b: Diancie|Protect\n|move|p1b: Rillaboom|Grassy Glide|p2b: Diancie\n|-activate|p2b: Diancie|move: Protect\n|move|p1a: Tyranitar|Low Kick|p2a: Heatran\n|-damage|p2a: Heatran|60\/100\n|move|p2a: Heatran|Eruption|p1b: Rillaboom|[spread] p1a,p1b\n|-resisted|p1a: Tyranitar\n|-supereffective|p1b: Rillaboom\n|-damage|p1a: Tyranitar|93\/100\n|-damage|p1b: Rillaboom|48\/100\n|\n|-weather|Sandstorm|[upkeep]\n|-damage|p2a: Heatran|54\/100|[from] Sandstorm\n|-damage|p1b: Rillaboom|42\/100|[from] Sandstorm\n|-heal|p2b: Diancie|53\/100|[from] Grassy Terrain\n|-heal|p1a: Tyranitar|99\/100|[from] Grassy Terrain\n|-heal|p2a: Heatran|60\/100|[from] Grassy Terrain\n|-heal|p1b: Rillaboom|48\/100|[from] Grassy Terrain\n|upkeep\n|turn|4\n|l|\u2606xiaoqing three\n|player|p2|\n|j|\u2606xiaoqing three\n|player|p2|xiaoqing three|grusha\n|\n|t:|1696555949\n|move|p1b: Rillaboom|Grassy Glide|p2b: Diancie\n|-supereffective|p2b: Diancie\n|-damage|p2b: Diancie|0 fnt\n|faint|p2b: Diancie\n|move|p1a: Tyranitar|Stone Edge|p2a: Heatran\n|-damage|p2a: Heatran|9\/100\n|move|p2a: Heatran|Heat Wave|p1b: Rillaboom|[spread] p1a\n|-miss|p2a: Heatran|p1b: Rillaboom\n|-resisted|p1a: Tyranitar\n|-damage|p1a: Tyranitar|91\/100\n|\n|-weather|Sandstorm|[upkeep]\n|-damage|p2a: Heatran|3\/100|[from] Sandstorm\n|-damage|p1b: Rillaboom|42\/100|[from] Sandstorm\n|-heal|p1a: Tyranitar|97\/100|[from] Grassy Terrain\n|-heal|p2a: Heatran|9\/100|[from] Grassy Terrain\n|-heal|p1b: Rillaboom|48\/100|[from] Grassy Terrain\n|upkeep\n|\n|t:|1696555962\n|switch|p2b: Salamence|Salamence, F|100\/100\n|-damage|p2b: Salamence|76\/100|[from] Stealth Rock\n|-ability|p2b: Salamence|Intimidate|boost\n|-unboost|p1a: Tyranitar|atk|1\n|-unboost|p1b: Rillaboom|atk|1\n|turn|5\n|l|\u2606xiaoqing three\n|player|p2|\n|inactive|Battle timer is ON: inactive players will automatically lose when time's up. (requested by aaabn)\n|j|\u2606xiaoqing three\n|inactive|xiaoqing three reconnected and has 150 seconds left.\n|player|p2|xiaoqing three|grusha\n|\n|t:|1696556055\n|switch|p1b: Volcanion|Volcanion|100\/100\n|detailschange|p2b: Salamence|Salamence-Mega, F\n|-mega|p2b: Salamence|Salamence|Salamencite\n|move|p2b: Salamence|Protect|p2b: Salamence\n|-singleturn|p2b: Salamence|Protect\n|move|p1a: Tyranitar|Stone Edge|p2b: Salamence\n|-activate|p2b: Salamence|move: Protect\n|move|p2a: Heatran|Tera Blast|p1a: Tyranitar|[anim] Tera Blast Grass\n|-supereffective|p1a: Tyranitar\n|-damage|p1a: Tyranitar|45\/100\n|\n|-weather|none\n|-heal|p1a: Tyranitar|51\/100|[from] Grassy Terrain\n|-heal|p2a: Heatran|15\/100|[from] Grassy Terrain\n|-fieldend|move: Grassy Terrain\n|upkeep\n|turn|6\n|\n|t:|1696556080\n|switch|p1a: Tornadus|Tornadus, M|100\/100\n|switch|p2b: Rillaboom|Rillaboom, F, shiny|87\/100\n|-damage|p2b: Rillaboom|74\/100|[from] Stealth Rock\n|-fieldstart|move: Grassy Terrain|[from] ability: Grassy Surge|[of] p2b: Rillaboom\n|move|p1b: Volcanion|Steam Eruption|p2a: Heatran\n|-resisted|p2a: Heatran\n|-damage|p2a: Heatran|0 fnt\n|faint|p2a: Heatran\n|\n|-heal|p2b: Rillaboom|80\/100|[from] Grassy Terrain\n|-fieldend|move: Trick Room\n|upkeep\n|\n|t:|1696556098\n|switch|p2a: Palafin|Palafin-Hero, M, shiny|100\/100\n|-damage|p2a: Palafin|88\/100|[from] Stealth Rock\n|-activate|p2a: Palafin|ability: Zero to Hero\n|turn|7\n|\n|t:|1696556108\n|move|p1a: Tornadus|Protect|p1a: Tornadus\n|-singleturn|p1a: Tornadus|Protect\n|move|p2b: Rillaboom|Fake Out|p1b: Volcanion\n|-damage|p1b: Volcanion|89\/100\n|move|p2a: Palafin|Bulk Up|p2a: Palafin\n|-boost|p2a: Palafin|atk|1\n|-boost|p2a: Palafin|def|1\n|cant|p1b: Volcanion|flinch\n|\n|-heal|p2a: Palafin|94\/100|[from] Grassy Terrain\n|-heal|p2b: Rillaboom|87\/100|[from] Grassy Terrain\n|-heal|p1b: Volcanion|95\/100|[from] Grassy Terrain\n|upkeep\n|turn|8\n|\n|t:|1696556125\n|move|p2a: Palafin|Protect|p2a: Palafin\n|-singleturn|p2a: Palafin|Protect\n|move|p1a: Tornadus|Tailwind|p1a: Tornadus\n|-sidestart|p1: aaabn|move: Tailwind\n|move|p1b: Volcanion|Flamethrower|p2b: Rillaboom\n|-supereffective|p2b: Rillaboom\n|-damage|p2b: Rillaboom|28\/100\n|move|p2b: Rillaboom|U-turn|p1a: Tornadus\n|-resisted|p1a: Tornadus\n|-damage|p1a: Tornadus|81\/100\n|\n|t:|1696556133\n|switch|p2b: Salamence|Salamence-Mega, F|76\/100|[from] U-turn\n|-damage|p2b: Salamence|51\/100|[from] Stealth Rock\n|\n|-heal|p1b: Volcanion|100\/100|[from] Grassy Terrain\n|-heal|p2a: Palafin|100\/100|[from] Grassy Terrain\n|upkeep\n|turn|9\n|\n|t:|1696556159\n|switch|p1b: Jirachi|Jirachi|100\/100\n|move|p1a: Tornadus|Bleakwind Storm|p2b: Salamence|[spread] p2b\n|-miss|p1a: Tornadus|p2a: Palafin\n|-damage|p2b: Salamence|12\/100\n|move|p2b: Salamence|Tailwind|p2b: Salamence\n|-sidestart|p2: xiaoqing three|move: Tailwind\n|move|p2a: Palafin|Bulk Up|p2a: Palafin\n|-boost|p2a: Palafin|atk|1\n|-boost|p2a: Palafin|def|1\n|\n|upkeep\n|turn|10\n|\n|t:|1696556188\n|move|p2b: Salamence|Hyper Voice|p1b: Jirachi|[spread] p1a,p1b\n|-resisted|p1b: Jirachi\n|-crit|p1b: Jirachi\n|-damage|p1a: Tornadus|37\/100\n|-damage|p1b: Jirachi|85\/100\n|move|p1a: Tornadus|Bleakwind Storm|p2b: Salamence|[spread] p2a\n|-miss|p1a: Tornadus|p2b: Salamence\n|-damage|p2a: Palafin|66\/100\n|-unboost|p2a: Palafin|spe|1\n|move|p1b: Jirachi|Encore|p2a: Palafin\n|-start|p2a: Palafin|Encore\n|move|p2a: Palafin|Bulk Up|p2a: Palafin\n|-boost|p2a: Palafin|atk|1\n|-boost|p2a: Palafin|def|1\n|\n|-heal|p1b: Jirachi|91\/100|[from] Grassy Terrain\n|-heal|p2a: Palafin|73\/100|[from] Grassy Terrain\n|-fieldend|move: Grassy Terrain\n|upkeep\n|turn|11\n|inactive|aaabn has 120 seconds left.\n|\n|t:|1696556230\n|move|p1a: Tornadus|Protect|p1a: Tornadus\n|-singleturn|p1a: Tornadus|Protect\n|move|p2b: Salamence|Hyper Voice|p1a: Tornadus|[spread] p1b\n|-activate|p1a: Tornadus|move: Protect\n|-resisted|p1b: Jirachi\n|-damage|p1b: Jirachi|80\/100\n|move|p1b: Jirachi|Iron Head|p2b: Salamence\n|-damage|p2b: Salamence|0 fnt\n|faint|p2b: Salamence\n|move|p2a: Palafin|Bulk Up|p2a: Palafin\n|-boost|p2a: Palafin|atk|1\n|-boost|p2a: Palafin|def|1\n|\n|-sideend|p1: aaabn|move: Tailwind\n|upkeep\n|\n|t:|1696556246\n|switch|p2b: Rillaboom|Rillaboom, F, shiny|28\/100\n|-damage|p2b: Rillaboom|16\/100|[from] Stealth Rock\n|-fieldstart|move: Grassy Terrain|[from] ability: Grassy Surge|[of] p2b: Rillaboom\n|turn|12\n|\n|t:|1696556262\n|move|p2b: Rillaboom|Fake Out|p1b: Jirachi\n|-resisted|p1b: Jirachi\n|-damage|p1b: Jirachi|75\/100\n|cant|p1b: Jirachi|flinch\n|move|p1a: Tornadus|Taunt|p2a: Palafin\n|-start|p2a: Palafin|move: Taunt\n|cant|p2a: Palafin|move: Taunt|Bulk Up\n|\n|-heal|p2b: Rillaboom|22\/100|[from] Grassy Terrain\n|-heal|p2a: Palafin|79\/100|[from] Grassy Terrain\n|-heal|p1b: Jirachi|81\/100|[from] Grassy Terrain\n|-end|p2a: Palafin|Encore\n|-sideend|p2: xiaoqing three|move: Tailwind\n|upkeep\n|turn|13\n|\n|t:|1696556281\n|move|p1a: Tornadus|Tailwind|p1a: Tornadus\n|-sidestart|p1: aaabn|move: Tailwind\n|move|p2a: Palafin|Jet Punch|p1a: Tornadus\n|-damage|p1a: Tornadus|0 fnt\n|faint|p1a: Tornadus\n|move|p1b: Jirachi|Encore|p2a: Palafin\n|-start|p2a: Palafin|Encore\n|move|p2b: Rillaboom|U-turn|p1b: Jirachi\n|-damage|p1b: Jirachi|64\/100\n|\n|t:|1696556289\n|switch|p2b: Marshadow|Marshadow|100\/100|[from] U-turn\n|-damage|p2b: Marshadow|94\/100|[from] Stealth Rock\n|\n|-heal|p1b: Jirachi|70\/100|[from] Grassy Terrain\n|-heal|p2b: Marshadow|100\/100|[from] Grassy Terrain\n|-heal|p2a: Palafin|85\/100|[from] Grassy Terrain\n|upkeep\n|\n|t:|1696556313\n|switch|p1a: Tyranitar|Tyranitar-Mega, M|51\/100\n|-weather|Sandstorm|[from] ability: Sand Stream|[of] p1a: Tyranitar\n|turn|14\n|\n|t:|1696556331\n|switch|p1b: Volcanion|Volcanion|100\/100\n|move|p2b: Marshadow|Protect|p2b: Marshadow\n|-singleturn|p2b: Marshadow|Protect\n|move|p1a: Tyranitar|Protect|p1a: Tyranitar\n|-singleturn|p1a: Tyranitar|Protect\n|move|p2a: Palafin|Jet Punch|p1a: Tyranitar\n|-activate|p1a: Tyranitar|move: Protect\n|\n|-weather|Sandstorm|[upkeep]\n|-damage|p2b: Marshadow|94\/100|[from] Sandstorm\n|-damage|p1b: Volcanion|94\/100|[from] Sandstorm\n|-heal|p2b: Marshadow|100\/100|[from] Grassy Terrain\n|-heal|p1a: Tyranitar|57\/100|[from] Grassy Terrain\n|-heal|p1b: Volcanion|100\/100|[from] Grassy Terrain\n|-heal|p2a: Palafin|91\/100|[from] Grassy Terrain\n|-end|p2a: Palafin|move: Taunt\n|upkeep\n|turn|15\n|inactive|aaabn has 120 seconds left.\n|\n|t:|1696556370\n|move|p2a: Palafin|Jet Punch|p1a: Tyranitar\n|-supereffective|p1a: Tyranitar\n|-damage|p1a: Tyranitar|0 fnt\n|faint|p1a: Tyranitar\n|-zpower|p2b: Marshadow\n|move|p2b: Marshadow|Soul-Stealing 7-Star Strike|p1b: Volcanion|[zeffect]\n|-damage|p1b: Volcanion|26\/100\n|move|p1b: Volcanion|Steam Eruption|p2a: Palafin\n|-resisted|p2a: Palafin\n|-damage|p2a: Palafin|64\/100\n|\n|-weather|Sandstorm|[upkeep]\n|-damage|p2b: Marshadow|94\/100|[from] Sandstorm\n|-damage|p1b: Volcanion|20\/100|[from] Sandstorm\n|-heal|p2b: Marshadow|100\/100|[from] Grassy Terrain\n|-heal|p1b: Volcanion|26\/100|[from] Grassy Terrain\n|-heal|p2a: Palafin|71\/100|[from] Grassy Terrain\n|upkeep\n|\n|t:|1696556389\n|switch|p1a: Rillaboom|Rillaboom, M|48\/100\n|turn|16\n|inactive|aaabn has 120 seconds left.\n|\n|t:|1696556403\n|move|p1a: Rillaboom|Fake Out|p2a: Palafin\n|-damage|p2a: Palafin|67\/100\n|cant|p2a: Palafin|flinch\n|move|p2b: Marshadow|Spectral Thief|p1b: Volcanion\n|-damage|p1b: Volcanion|0 fnt\n|faint|p1b: Volcanion\n|\n|-weather|Sandstorm|[upkeep]\n|-damage|p1a: Rillaboom|42\/100|[from] Sandstorm\n|-damage|p2b: Marshadow|94\/100|[from] Sandstorm\n|-heal|p1a: Rillaboom|48\/100|[from] Grassy Terrain\n|-heal|p2b: Marshadow|100\/100|[from] Grassy Terrain\n|-heal|p2a: Palafin|73\/100|[from] Grassy Terrain\n|-end|p2a: Palafin|Encore\n|-sideend|p1: aaabn|move: Tailwind\n|-fieldend|move: Grassy Terrain\n|upkeep\n|inactive|aaabn has 120 seconds left.\n|\n|t:|1696556419\n|switch|p1b: Zygarde|Zygarde|100\/100\n|-ability|p1b: Zygarde|Aura Break\n|turn|17\n|inactive|aaabn has 120 seconds left.\n|\n|t:|1696556439\n|move|p2a: Palafin|Jet Punch|p1a: Rillaboom\n|-resisted|p1a: Rillaboom\n|-damage|p1a: Rillaboom|0 fnt\n|faint|p1a: Rillaboom\n|move|p2b: Marshadow|Spectral Thief|p1b: Zygarde\n|-damage|p1b: Zygarde|68\/100\n|move|p1b: Zygarde|Dragon Dance|p1b: Zygarde\n|-boost|p1b: Zygarde|atk|1\n|-boost|p1b: Zygarde|spe|1\n|\n|-weather|Sandstorm|[upkeep]\n|-damage|p2b: Marshadow|94\/100|[from] Sandstorm\n|upkeep\n|\n|t:|1696556449\n|switch|p1a: Jirachi|Jirachi|70\/100\n|turn|18\n|inactive|aaabn has 120 seconds left.\n|\n|t:|1696556487\n|-terastallize|p1b: Zygarde|Normal\n|move|p2a: Palafin|Jet Punch|p1b: Zygarde\n|-damage|p1b: Zygarde|0 fnt\n|faint|p1b: Zygarde\n|move|p2b: Marshadow|Spectral Thief|p1a: Jirachi\n|-supereffective|p1a: Jirachi\n|-damage|p1a: Jirachi|4\/100\n|-enditem|p1a: Jirachi|Sitrus Berry|[eat]\n|-heal|p1a: Jirachi|29\/100|[from] item: Sitrus Berry\n|move|p1a: Jirachi|Iron Head|p2b: Marshadow\n|-damage|p2b: Marshadow|62\/100\n|\n|-weather|none\n|upkeep\n|turn|19\n|-message|aaabn forfeited.\n|\n|win|xiaoqing three\n|raw|aaabn's rating: 1358 &rarr; <strong>1347<\/strong><br \/>(-11 for losing)\n|raw|xiaoqing three's rating: 1531 &rarr; <strong>1542<\/strong><br \/>(+11 for winning)\n|l|\u2606aaabn\n","uploadtime":1696556576,"views":8,"p1id":"aaabn","p2id":"xiaoqingthree","formatid":"gen9nationaldexdoubles","rating":1347,"private":0,"password":""}