{"id":"gen9nationaldexdoubles-1984148353","p1":"lxvliiz","p2":"Tayshaun84","format":"[Gen 9] National Dex Doubles","log":"|j|\u2606lxvliiz\n|j|\u2606Tayshaun84\n|t:|1699223732\n|gametype|doubles\n|player|p1|lxvliiz|266|1131\n|player|p2|Tayshaun84|ethan|1056\n|teamsize|p1|6\n|teamsize|p2|6\n|gen|9\n|tier|[Gen 9] National Dex Doubles\n|rated|\n|rule|HP Percentage Mod: HP is shown in percentages\n|rule|Endless Battle Clause: Forcing endless battles is banned\n|rule|OHKO Clause: OHKO moves are banned\n|rule|Evasion Moves Clause: Evasion moves are banned\n|rule|Evasion Abilities Clause: Evasion abilities are banned\n|rule|Species Clause: Limit one of each Pok\u00e9mon\n|rule|Gravity Sleep Clause: The combination of sleep-inducing moves with imperfect accuracy and Gravity or Gigantamax Orbeetle are banned\n|clearpoke\n|poke|p1|Moltres-Galar|\n|poke|p1|Murkrow, L1, F|\n|poke|p1|Greninja-*, M|\n|poke|p1|Incineroar, F|\n|poke|p1|Meowscarada, M|\n|poke|p1|Weavile, M|\n|poke|p2|Tyranitar, M|\n|poke|p2|Krookodile, M|\n|poke|p2|Indeedee-F, F|\n|poke|p2|Ceruledge, F|\n|poke|p2|Cryogonal|\n|poke|p2|Baxcalibur, F|\n|teampreview\n|\n|t:|1699223752\n|start\n|switch|p1a: Meowscarada|Meowscarada, M|100\/100\n|switch|p1b: Weavile|Weavile, M|100\/100\n|switch|p2a: Krookodile|Krookodile, M|100\/100\n|switch|p2b: Cryogonal|Cryogonal|100\/100\n|-ability|p1b: Weavile|Pressure\n|turn|1\n|\n|t:|1699223777\n|-terastallize|p2a: Krookodile|Fire\n|move|p2b: Cryogonal|Frost Breath|p2a: Krookodile\n|-resisted|p2a: Krookodile\n|-crit|p2a: Krookodile\n|-damage|p2a: Krookodile|72\/100\n|-setboost|p2a: Krookodile|atk|6|[from] ability: Anger Point\n|move|p2a: Krookodile|Earthquake|p1a: Meowscarada|[spread] p1a,p1b\n|-immune|p2b: Cryogonal|[from] ability: Levitate\n|-resisted|p1a: Meowscarada\n|-enditem|p1a: Meowscarada|Focus Sash\n|-damage|p1a: Meowscarada|1\/100\n|-damage|p1b: Weavile|0 fnt\n|faint|p1b: Weavile\n|move|p1a: Meowscarada|Knock Off|p2b: Cryogonal\n|-damage|p2b: Cryogonal|0 fnt\n|-enditem|p2b: Cryogonal|Choice Scarf|[from] move: Knock Off|[of] p1a: Meowscarada\n|faint|p2b: Cryogonal\n|\n|upkeep\n|\n|t:|1699223797\n|switch|p1b: Murkrow|Murkrow, L1, F|100\/100\n|switch|p2b: Ceruledge|Ceruledge, F|100\/100\n|turn|2\n|\n|t:|1699223821\n|move|p1b: Murkrow|Tailwind|p1b: Murkrow\n|-sidestart|p1: lxvliiz|move: Tailwind\n|move|p1a: Meowscarada|Spikes|p2b: Ceruledge\n|-sidestart|p2: Tayshaun84|Spikes\n|move|p2a: Krookodile|Earthquake|p1a: Meowscarada|[spread] p2b,p1a\n|-immune|p1b: Murkrow\n|-supereffective|p2b: Ceruledge\n|-resisted|p1a: Meowscarada\n|-damage|p2b: Ceruledge|0 fnt\n|-damage|p1a: Meowscarada|0 fnt\n|faint|p2b: Ceruledge\n|faint|p1a: Meowscarada\n|\n|upkeep\n|\n|t:|1699223835\n|switch|p1a: Greninja|Greninja, M|100\/100\n|switch|p2b: Baxcalibur|Baxcalibur, F|100\/100\n|-damage|p2b: Baxcalibur|88\/100|[from] Spikes\n|turn|3\n|\n|t:|1699223842\n|move|p2b: Baxcalibur|Ice Shard|p1b: Murkrow\n|-supereffective|p1b: Murkrow\n|-enditem|p1b: Murkrow|Focus Sash\n|-damage|p1b: Murkrow|9\/100\n|move|p1a: Greninja|Ice Beam|p2b: Baxcalibur\n|-damage|p2b: Baxcalibur|63\/100\n|move|p2a: Krookodile|Earthquake|p1a: Greninja|[spread] p2b,p1a\n|-immune|p1b: Murkrow\n|-damage|p2b: Baxcalibur|0 fnt\n|-damage|p1a: Greninja|0 fnt\n|faint|p2b: Baxcalibur\n|faint|p1a: Greninja\n|move|p1b: Murkrow|Whirlwind|p2a: Krookodile\n|drag|p2a: Indeedee|Indeedee-F, F, shiny|100\/100\n|-damage|p2a: Indeedee|88\/100|[from] Spikes\n|-fieldstart|move: Psychic Terrain|[from] ability: Psychic Surge|[of] p2a: Indeedee\n|\n|upkeep\n|\n|t:|1699223859\n|switch|p1a: real moltres|Moltres-Galar, shiny|100\/100\n|switch|p2b: Krookodile|Krookodile, M, tera:Fire|72\/100\n|-damage|p2b: Krookodile|60\/100|[from] Spikes\n|turn|4\n|\n|t:|1699223876\n|switch|p1b: Incineroar|Incineroar, F|100\/100\n|-ability|p1b: Incineroar|Intimidate|boost\n|-unboost|p2a: Indeedee|atk|1\n|-unboost|p2b: Krookodile|atk|1\n|-terastallize|p1a: real moltres|Dark\n|move|p1a: real moltres|Nasty Plot|p1a: real moltres\n|-boost|p1a: real moltres|spa|2\n|move|p2b: Krookodile|Rock Slide|p1a: real moltres|[spread] p1a,p1b\n|-supereffective|p1b: Incineroar\n|-damage|p1a: real moltres|87\/100\n|-damage|p1b: Incineroar|79\/100\n|-zpower|p2a: Indeedee\n|move|p2a: Indeedee|Shattered Psyche|p1a: real moltres|[zeffect]\n|-immune|p1a: real moltres\n|\n|upkeep\n|turn|5\n|\n|t:|1699223897\n|switch|p2b: Tyranitar|Tyranitar, M|100\/100\n|-damage|p2b: Tyranitar|88\/100|[from] Spikes\n|-weather|Sandstorm|[from] ability: Sand Stream|[of] p2b: Tyranitar\n|move|p1a: real moltres|Fiery Wrath|p2b: Tyranitar|[spread] p2a,p2b\n|-supereffective|p2a: Indeedee\n|-resisted|p2b: Tyranitar\n|-damage|p2a: Indeedee|0 fnt\n|-damage|p2b: Tyranitar|59\/100\n|faint|p2a: Indeedee\n|move|p1b: Incineroar|Will-O-Wisp|p2b: Tyranitar\n|-status|p2b: Tyranitar|brn\n|\n|-weather|Sandstorm|[upkeep]\n|-damage|p1a: real moltres|81\/100|[from] Sandstorm\n|-damage|p1b: Incineroar|73\/100|[from] Sandstorm\n|-damage|p2b: Tyranitar|52\/100 brn|[from] brn\n|-sideend|p1: lxvliiz|move: Tailwind\n|upkeep\n|\n|t:|1699223900\n|switch|p2a: Krookodile|Krookodile, M, tera:Fire|60\/100\n|-damage|p2a: Krookodile|47\/100|[from] Spikes\n|turn|6\n|\n|t:|1699223911\n|detailschange|p2b: Tyranitar|Tyranitar-Mega, M\n|-mega|p2b: Tyranitar|Tyranitar|Tyranitarite\n|move|p2a: Krookodile|Earthquake|p1b: Incineroar|[spread] p2b,p1a,p1b\n|-supereffective|p2b: Tyranitar\n|-supereffective|p1b: Incineroar\n|-damage|p2b: Tyranitar|0 fnt\n|-damage|p1a: real moltres|37\/100\n|-damage|p1b: Incineroar|0 fnt\n|faint|p2b: Tyranitar\n|faint|p1b: Incineroar\n|-ability|p1a: real moltres|Berserk|boost\n|-boost|p1a: real moltres|spa|1\n|move|p1a: real moltres|Fiery Wrath|p2a: Krookodile\n|-damage|p2a: Krookodile|0 fnt\n|faint|p2a: Krookodile\n|\n|win|lxvliiz\n|raw|lxvliiz's rating: 1131 &rarr; <strong>1151<\/strong><br \/>(+20 for winning)\n|raw|Tayshaun84's rating: 1056 &rarr; <strong>1042<\/strong><br \/>(-14 for losing)\n|c|\u2606lxvliiz|gg\n|l|\u2606Tayshaun84\n","uploadtime":1699223925,"views":4,"p1id":"lxvliiz","p2id":"tayshaun84","formatid":"gen9nationaldexdoubles","rating":1042,"private":0,"password":""}