{"id":"gen9nationaldexdoubles-1994137862","p1":"TlolJuan","p2":"Alexpaa","format":"[Gen 9] National Dex Doubles","log":"|j|\u2606TlolJuan\n|j|\u2606Alexpaa\n|t:|1700411339\n|gametype|doubles\n|player|p1|TlolJuan|hilbert-masters|\n|player|p2|Alexpaa|169|\n|teamsize|p1|6\n|teamsize|p2|6\n|gen|9\n|tier|[Gen 9] National Dex Doubles\n|rule|HP Percentage Mod: HP is shown in percentages\n|rule|Endless Battle Clause: Forcing endless battles is banned\n|rule|OHKO Clause: OHKO moves are banned\n|rule|Evasion Moves Clause: Evasion moves are banned\n|rule|Evasion Abilities Clause: Evasion abilities are banned\n|rule|Species Clause: Limit one of each Pok\u00e9mon\n|rule|Gravity Sleep Clause: The combination of sleep-inducing moves with imperfect accuracy and Gravity or Gigantamax Orbeetle are banned\n|clearpoke\n|poke|p1|Dracovish|\n|poke|p1|Tyranitar, F|\n|poke|p1|Ceruledge, M|\n|poke|p1|Clefairy, M|\n|poke|p1|Togekiss, M|\n|poke|p1|Kommo-o, M|\n|poke|p2|Pelipper, F|\n|poke|p2|Rotom-Wash|\n|poke|p2|Seismitoad, M|\n|poke|p2|Swampert, F|\n|poke|p2|Palafin, F|\n|poke|p2|Togedemaru, M|\n|teampreview\n|j| ReshiSexo\n|\n|t:|1700411391\n|start\n|switch|p1a: Regieleki <3|Dracovish, shiny|100\/100\n|switch|p1b: Togekiss|Togekiss, M, shiny|100\/100\n|switch|p2a: Feminista|Togedemaru, M, shiny|100\/100\n|switch|p2b: Alexpa;)|Swampert, F|100\/100\n|-item|p2a: Feminista|Air Balloon\n|turn|1\n|j| manubangg\n|j| Juanva2006\n|c| Juanva2006|eso no esta bien\n|c| Juanva2006|juanchi antes empezastes con ceruledge\n|c|\u2606TlolJuan|no\n|c|\u2606TlolJuan|empece con estos dos\n|c|\u2606TlolJuan|luego cambie\n|c|\u2606TlolJuan|primer turno hice dragon rush tailwind\n|c|\u2606TlolJuan|luego cambie a tytar ceruledge y luego de vuelta a estos dos\n|\n|t:|1700411506\n|detailschange|p2b: Alexpa;)|Swampert-Mega, F\n|-mega|p2b: Alexpa;)|Swampert|Swampertite\n|move|p2a: Feminista|Fake Out|p1a: Regieleki <3\n|-damage|p1a: Regieleki <3|91\/100\n|cant|p1a: Regieleki <3|flinch\n|move|p2b: Alexpa;)|Earthquake|p1a: Regieleki <3|[spread] p1a\n|-immune|p2a: Feminista\n|-immune|p1b: Togekiss\n|-damage|p1a: Regieleki <3|36\/100\n|move|p1b: Togekiss|Tailwind|p1b: Togekiss\n|-sidestart|p1: TlolJuan|move: Tailwind\n|\n|upkeep\n|turn|2\n|c|\u2606TlolJuan|pasaria la replay pero se me ha olvidado guardarla\n|\n|t:|1700411567\n|switch|p1b: Tyranitar|Tyranitar, F|100\/100\n|-weather|Sandstorm|[from] ability: Sand Stream|[of] p1b: Tyranitar\n|switch|p2b: Amador Rivas|Palafin, F|100\/100\n|switch|p2a: Mujer|Rotom-Wash, shiny|100\/100\n|move|p1a: Regieleki <3|Fishious Rend|p2b: Amador Rivas\n|-resisted|p2b: Amador Rivas\n|-damage|p2b: Amador Rivas|29\/100\n|\n|-weather|Sandstorm|[upkeep]\n|-damage|p2b: Amador Rivas|23\/100|[from] Sandstorm\n|-damage|p2a: Mujer|94\/100|[from] Sandstorm\n|upkeep\n|turn|3\n|\n|t:|1700411592\n|move|p1a: Regieleki <3|Fishious Rend|p2b: Amador Rivas\n|-resisted|p2b: Amador Rivas\n|-crit|p2b: Amador Rivas\n|-damage|p2b: Amador Rivas|0 fnt\n|faint|p2b: Amador Rivas\n|move|p2a: Mujer|Volt Switch|p1a: Regieleki <3\n|-damage|p1a: Regieleki <3|2\/100\n|\n|t:|1700411605\n|switch|p2a: Alexpa;)|Swampert-Mega, F|100\/100|[from] Volt Switch\n|move|p1b: Tyranitar|Knock Off|p2a: Alexpa;)\n|-damage|p2a: Alexpa;)|65\/100\n|\n|-weather|Sandstorm|[upkeep]\n|upkeep\n|\n|t:|1700411613\n|switch|p2b: Felipeeeeeeeeeee|Pelipper, F, shiny|100\/100\n|-weather|RainDance|[from] ability: Drizzle|[of] p2b: Felipeeeeeeeeeee\n|turn|4\n|\n|t:|1700411645\n|switch|p1a: Togekiss|Togekiss, M, shiny|100\/100\n|switch|p1b: Eternamax|Clefairy, M|100\/100\n|move|p2a: Alexpa;)|Earthquake|p1a: Togekiss|[spread] p1b\n|-immune|p2b: Felipeeeeeeeeeee\n|-immune|p1a: Togekiss\n|-damage|p1b: Eternamax|57\/100\n|move|p2b: Felipeeeeeeeeeee|U-turn|p1b: Eternamax\n|-resisted|p1b: Eternamax\n|-damage|p1b: Eternamax|53\/100\n|\n|t:|1700411661\n|switch|p2b: Mujer|Rotom-Wash, shiny|94\/100|[from] U-turn\n|\n|-weather|RainDance|[upkeep]\n|-sideend|p1: TlolJuan|move: Tailwind\n|upkeep\n|turn|5\n|\n|t:|1700411711\n|move|p1b: Eternamax|Follow Me|p1b: Eternamax\n|-singleturn|p1b: Eternamax|move: Follow Me\n|move|p2a: Alexpa;)|Power-Up Punch|p1b: Eternamax\n|-resisted|p1b: Eternamax\n|-damage|p1b: Eternamax|46\/100\n|-boost|p2a: Alexpa;)|atk|1\n|move|p2b: Mujer|Thunder|p1b: Eternamax\n|-damage|p1b: Eternamax|16\/100\n|-status|p1b: Eternamax|par\n|move|p1a: Togekiss|Tailwind|p1a: Togekiss\n|-sidestart|p1: TlolJuan|move: Tailwind\n|\n|-weather|RainDance|[upkeep]\n|upkeep\n|turn|6\n|\n|t:|1700411735\n|move|p1b: Eternamax|Follow Me|p1b: Eternamax\n|-singleturn|p1b: Eternamax|move: Follow Me\n|move|p2a: Alexpa;)|Earthquake|p1a: Togekiss|[spread] p1b\n|-immune|p2b: Mujer|[from] ability: Levitate\n|-immune|p1a: Togekiss\n|-damage|p1b: Eternamax|0 fnt\n|faint|p1b: Eternamax\n|move|p1a: Togekiss|Air Slash|p2a: Alexpa;)\n|-damage|p2a: Alexpa;)|37\/100\n|move|p2b: Mujer|Thunder|p1a: Togekiss\n|-supereffective|p1a: Togekiss\n|-damage|p1a: Togekiss|34\/100\n|\n|-weather|RainDance|[upkeep]\n|upkeep\n|\n|t:|1700411747\n|switch|p1b: Regieleki <3|Dracovish, shiny|2\/100\n|turn|7\n|\n|t:|1700411783\n|switch|p1a: Tyranitar|Tyranitar, F|100\/100\n|-weather|Sandstorm|[from] ability: Sand Stream|[of] p1a: Tyranitar\n|switch|p2b: Felipeeeeeeeeeee|Pelipper, F, shiny|100\/100\n|-weather|RainDance|[from] ability: Drizzle|[of] p2b: Felipeeeeeeeeeee\n|move|p1b: Regieleki <3|Fishious Rend|p2a: Alexpa;)\n|-damage|p2a: Alexpa;)|0 fnt\n|faint|p2a: Alexpa;)\n|\n|-weather|RainDance|[upkeep]\n|upkeep\n|\n|t:|1700411801\n|switch|p2a: Feminista|Togedemaru, M, shiny|100\/100\n|-item|p2a: Feminista|Air Balloon\n|turn|8\n|\n|t:|1700411821\n|move|p2a: Feminista|Fake Out|p1b: Regieleki <3\n|-damage|p1b: Regieleki <3|0 fnt\n|faint|p1b: Regieleki <3\n|move|p1a: Tyranitar|Rock Slide|p2a: Feminista|[spread] p2a,p2b\n|-resisted|p2a: Feminista\n|-supereffective|p2b: Felipeeeeeeeeeee\n|-damage|p2a: Feminista|82\/100\n|-damage|p2b: Felipeeeeeeeeeee|36\/100\n|-enditem|p2a: Feminista|Air Balloon\n|move|p2b: Felipeeeeeeeeeee|U-turn|p1a: Tyranitar\n|-supereffective|p1a: Tyranitar\n|-damage|p1a: Tyranitar|91\/100\n|j| Daepiquejt\n|\n|t:|1700411835\n|switch|p2b: Squirting|Seismitoad, M, shiny|100\/100|[from] U-turn\n|\n|-weather|RainDance|[upkeep]\n|-sideend|p1: TlolJuan|move: Tailwind\n|upkeep\n|\n|t:|1700411845\n|switch|p1b: Ceruledge|Ceruledge, M, shiny|100\/100\n|turn|9\n|\n|t:|1700411873\n|switch|p1a: Togekiss|Togekiss, M, shiny|34\/100\n|-terastallize|p1b: Ceruledge|Grass\n|move|p2b: Squirting|Hydro Pump|p1a: Togekiss\n|-damage|p1a: Togekiss|0 fnt\n|faint|p1a: Togekiss\n|-damage|p2b: Squirting|91\/100|[from] item: Life Orb\n|move|p1b: Ceruledge|Bitter Blade|p2a: Feminista\n|-supereffective|p2a: Feminista\n|-damage|p2a: Feminista|27\/100\n|move|p2a: Feminista|Nuzzle|p1b: Ceruledge\n|-resisted|p1b: Ceruledge\n|-damage|p1b: Ceruledge|96\/100\n|-status|p1b: Ceruledge|par\n|\n|-weather|RainDance|[upkeep]\n|upkeep\n|\n|t:|1700411891\n|switch|p1a: Kommo-o|Kommo-o, M|100\/100\n|turn|10\n|\n|t:|1700411944\n|cant|p1b: Ceruledge|par\n|move|p2b: Squirting|Sludge Bomb|p1b: Ceruledge\n|-supereffective|p1b: Ceruledge\n|-damage|p1b: Ceruledge|28\/100 par\n|-damage|p2b: Squirting|81\/100|[from] item: Life Orb\n|move|p1a: Kommo-o|Clanging Scales|p2a: Feminista|[spread] p2a,p2b\n|-resisted|p2a: Feminista\n|-damage|p2a: Feminista|8\/100\n|-damage|p2b: Squirting|35\/100\n|-unboost|p1a: Kommo-o|def|1\n|-enditem|p1a: Kommo-o|Throat Spray\n|-boost|p1a: Kommo-o|spa|1|[from] item: Throat Spray\n|move|p2a: Feminista|Nuzzle|p1a: Kommo-o\n|-resisted|p1a: Kommo-o\n|-damage|p1a: Kommo-o|96\/100\n|-status|p1a: Kommo-o|par\n|\n|-weather|RainDance|[upkeep]\n|upkeep\n|turn|11\n|\n|t:|1700411983\n|switch|p1b: Tyranitar|Tyranitar, F|91\/100\n|-weather|Sandstorm|[from] ability: Sand Stream|[of] p1b: Tyranitar\n|move|p2b: Squirting|Sludge Bomb|p1b: Tyranitar\n|-resisted|p1b: Tyranitar\n|-damage|p1b: Tyranitar|85\/100\n|-damage|p2b: Squirting|25\/100|[from] item: Life Orb\n|move|p2a: Feminista|Super Fang|p1a: Kommo-o\n|-damage|p1a: Kommo-o|48\/100 par\n|cant|p1a: Kommo-o|par\n|\n|-weather|Sandstorm|[upkeep]\n|upkeep\n|turn|12\n|\n|t:|1700412044\n|move|p2b: Squirting|Earth Power|p1a: Kommo-o\n|-damage|p1a: Kommo-o|0 fnt\n|faint|p1a: Kommo-o\n|-damage|p2b: Squirting|16\/100|[from] item: Life Orb\n|move|p2a: Feminista|Super Fang|p1b: Tyranitar\n|-damage|p1b: Tyranitar|43\/100\n|move|p1b: Tyranitar|Rock Slide|p2a: Feminista|[spread] p2a,p2b\n|-resisted|p2a: Feminista\n|-resisted|p2b: Squirting\n|-crit|p2b: Squirting\n|-damage|p2a: Feminista|0 fnt\n|-damage|p2b: Squirting|0 fnt\n|faint|p2a: Feminista\n|faint|p2b: Squirting\n|\n|-weather|Sandstorm|[upkeep]\n|upkeep\n|\n|t:|1700412064\n|switch|p1a: Ceruledge|Ceruledge, M, shiny, tera:Grass|28\/100 par\n|switch|p2b: Mujer|Rotom-Wash, shiny|94\/100\n|switch|p2a: Felipeeeeeeeeeee|Pelipper, F, shiny|36\/100\n|-weather|RainDance|[from] ability: Drizzle|[of] p2a: Felipeeeeeeeeeee\n|turn|13\n|\n|t:|1700412129\n|move|p2a: Felipeeeeeeeeeee|Protect|p2a: Felipeeeeeeeeeee\n|-singleturn|p2a: Felipeeeeeeeeeee|Protect\n|cant|p1a: Ceruledge|par\n|move|p2b: Mujer|Thunder|p1a: Ceruledge\n|-resisted|p1a: Ceruledge\n|-damage|p1a: Ceruledge|7\/100 par\n|move|p1b: Tyranitar|Knock Off|p2b: Mujer\n|-damage|p2b: Mujer|19\/100\n|-enditem|p2b: Mujer|Choice Scarf|[from] move: Knock Off|[of] p1b: Tyranitar\n|\n|-weather|RainDance|[upkeep]\n|upkeep\n|turn|14\n|\n|t:|1700412159\n|move|p1a: Ceruledge|Shadow Sneak|p2b: Mujer\n|-damage|p2b: Mujer|0 fnt\n|faint|p2b: Mujer\n|move|p2a: Felipeeeeeeeeeee|Hydro Pump|p1b: Tyranitar\n|-supereffective|p1b: Tyranitar\n|-damage|p1b: Tyranitar|0 fnt\n|faint|p1b: Tyranitar\n|\n|-weather|RainDance|[upkeep]\n|upkeep\n|turn|15\n|\n|t:|1700412181\n|move|p1a: Ceruledge|Shadow Sneak|p2a: Felipeeeeeeeeeee\n|-damage|p2a: Felipeeeeeeeeeee|18\/100\n|move|p2a: Felipeeeeeeeeeee|Hydro Pump|p1a: Ceruledge|[miss]\n|-miss|p2a: Felipeeeeeeeeeee|p1a: Ceruledge\n|\n|-weather|RainDance|[upkeep]\n|upkeep\n|turn|16\n|c|\u2606TlolJuan|fuck it we ball\n|\n|t:|1700412205\n|move|p1a: Ceruledge|Shadow Sneak|p2a: Felipeeeeeeeeeee\n|-damage|p2a: Felipeeeeeeeeeee|0 fnt\n|faint|p2a: Felipeeeeeeeeeee\n|\n|win|TlolJuan\n|c|\u2606TlolJuan|VAMOS\n","uploadtime":1700412221,"views":29,"p1id":"tloljuan","p2id":"alexpaa","formatid":"gen9nationaldexdoubles","rating":0,"private":0,"password":""}