{"id":"gen9nationaldexdoubles-1993565335","p1":"XPY5","p2":"CloGoc","format":"[Gen 9] National Dex Doubles","log":"|j|\u2606XPY5\n|j|\u2606CloGoc\n|t:|1700332356\n|gametype|doubles\n|player|p1|XPY5|265|1037\n|player|p2|CloGoc|fisherman-gen4|1039\n|teamsize|p1|6\n|teamsize|p2|6\n|gen|9\n|tier|[Gen 9] National Dex Doubles\n|rated|\n|rule|HP Percentage Mod: HP is shown in percentages\n|rule|Endless Battle Clause: Forcing endless battles is banned\n|rule|OHKO Clause: OHKO moves are banned\n|rule|Evasion Moves Clause: Evasion moves are banned\n|rule|Evasion Abilities Clause: Evasion abilities are banned\n|rule|Species Clause: Limit one of each Pok\u00e9mon\n|rule|Gravity Sleep Clause: The combination of sleep-inducing moves with imperfect accuracy and Gravity or Gigantamax Orbeetle are banned\n|clearpoke\n|poke|p1|Corsola-Galar, M|\n|poke|p1|Chandelure, M|\n|poke|p1|Drifblim, M|\n|poke|p1|Cofagrigus, M|\n|poke|p1|Polteageist-Antique|\n|poke|p1|Sinistcha|\n|poke|p2|Cetitan, M|\n|poke|p2|Ninetales-Alola, F|\n|poke|p2|Sinistcha|\n|poke|p2|Amoonguss, M|\n|poke|p2|Kleavor, F|\n|poke|p2|Kommo-o, M|\n|teampreview\n|c|\u2606CloGoc|glhf\n|\n|t:|1700332373\n|start\n|switch|p1a: poop|Cofagrigus, M, shiny|100\/100\n|switch|p1b: Drifblim|Drifblim, M|100\/100\n|switch|p2a: Lil' fatty|Cetitan, M|100\/100\n|switch|p2b: Chill boi|Ninetales-Alola, F|100\/100\n|-weather|Snow|[from] ability: Snow Warning|[of] p2b: Chill boi\n|turn|1\n|\n|t:|1700332416\n|move|p2a: Lil' fatty|Belly Drum|p2a: Lil' fatty\n|-damage|p2a: Lil' fatty|50\/100\n|-setboost|p2a: Lil' fatty|atk|6|[from] move: Belly Drum\n|-enditem|p2a: Lil' fatty|Sitrus Berry|[eat]\n|-heal|p2a: Lil' fatty|75\/100|[from] item: Sitrus Berry\n|move|p2b: Chill boi|Aurora Veil|p2b: Chill boi\n|-sidestart|p2: CloGoc|move: Aurora Veil\n|move|p1b: Drifblim|Hex|p2a: Lil' fatty\n|-damage|p2a: Lil' fatty|44\/100\n|move|p1a: poop|Toxic Spikes|p2a: Lil' fatty\n|-sidestart|p2: CloGoc|move: Toxic Spikes\n|\n|-weather|Snow|[upkeep]\n|upkeep\n|turn|2\n|\n|t:|1700332448\n|move|p2a: Lil' fatty|Ice Spinner|p1b: Drifblim\n|-supereffective|p1b: Drifblim\n|-damage|p1b: Drifblim|0 fnt\n|faint|p1b: Drifblim\n|move|p2b: Chill boi|Blizzard|p1a: poop\n|-damage|p1a: poop|77\/100\n|move|p1a: poop|Will-O-Wisp|p1: Drifblim|[notarget]\n|-fail|p1a: poop\n|\n|-weather|Snow|[upkeep]\n|upkeep\n|\n|t:|1700332466\n|switch|p1b: pee|Chandelure, M|100\/100\n|turn|3\n|\n|t:|1700332514\n|-terastallize|p2a: Lil' fatty|Fire\n|move|p1a: poop|Ally Switch|p1a: poop\n|swap|p1a: poop|1|[from] move: Ally Switch\n|move|p2a: Lil' fatty|Liquidation|p1b: poop\n|-damage|p1b: poop|7\/100\n|-activate|p1b: poop|ability: Mummy|Slush Rush|[of] p2a: Lil' fatty\n|-enditem|p1b: poop|Figy Berry|[eat]\n|-heal|p1b: poop|40\/100|[from] item: Figy Berry\n|move|p2b: Chill boi|Foul Play|p1a: pee\n|-supereffective|p1a: pee\n|-damage|p1a: pee|74\/100\n|move|p1a: pee|Flamethrower|p2a: Lil' fatty\n|-resisted|p2a: Lil' fatty\n|-damage|p2a: Lil' fatty|8\/100\n|-damage|p1a: pee|64\/100|[from] item: Life Orb\n|\n|-weather|Snow|[upkeep]\n|upkeep\n|turn|4\n|\n|t:|1700332574\n|move|p2a: Lil' fatty|Protect|p2a: Lil' fatty\n|-singleturn|p2a: Lil' fatty|Protect\n|move|p2b: Chill boi|Blizzard|p1b: poop|[spread] p1a,p1b\n|-resisted|p1a: pee\n|-damage|p1a: pee|48\/100\n|-damage|p1b: poop|23\/100\n|move|p1a: pee|Psychic|p2a: Lil' fatty\n|-activate|p2a: Lil' fatty|move: Protect\n|move|p1b: poop|Will-O-Wisp|p2b: Chill boi\n|-status|p2b: Chill boi|brn\n|\n|-weather|Snow|[upkeep]\n|-damage|p2b: Chill boi|94\/100 brn|[from] brn\n|upkeep\n|turn|5\n|\n|t:|1700332603\n|move|p1b: poop|Ally Switch|p1b: poop\n|swap|p1b: poop|0|[from] move: Ally Switch\n|move|p2b: Chill boi|Foul Play|p1a: poop\n|-supereffective|p1a: poop\n|-damage|p1a: poop|15\/100\n|-activate|p1a: poop|ability: Mummy|Snow Warning|[of] p2b: Chill boi\n|move|p1b: pee|Flamethrower|p2b: Chill boi\n|-supereffective|p2b: Chill boi\n|-damage|p2b: Chill boi|0 fnt\n|faint|p2b: Chill boi\n|-damage|p1b: pee|38\/100|[from] item: Life Orb\n|move|p2a: Lil' fatty|Ice Spinner|p1b: pee\n|-resisted|p1b: pee\n|-damage|p1b: pee|0 fnt\n|faint|p1b: pee\n|\n|-weather|none\n|upkeep\n|\n|t:|1700332626\n|switch|p2b: 1\/5wouldntrcmnd|Sinistcha|100\/100\n|switch|p1b: Corsola|Corsola-Galar, M|100\/100\n|-status|p2b: 1\/5wouldntrcmnd|psn\n|-heal|p2a: Lil' fatty|33\/100|[from] ability: Hospitality|[of] p2b: 1\/5wouldntrcmnd\n|turn|6\n|\n|t:|1700332650\n|move|p2a: Lil' fatty|Protect|p2a: Lil' fatty\n|-singleturn|p2a: Lil' fatty|Protect\n|move|p1a: poop|Protect|p1a: poop\n|-singleturn|p1a: poop|Protect\n|move|p2b: 1\/5wouldntrcmnd|Shadow Ball|p1a: poop\n|-activate|p1a: poop|move: Protect\n|move|p1b: Corsola|Calm Mind|p1b: Corsola\n|-boost|p1b: Corsola|spa|1\n|-boost|p1b: Corsola|spd|1\n|\n|-damage|p2b: 1\/5wouldntrcmnd|88\/100 psn|[from] psn\n|upkeep\n|turn|7\n|\n|t:|1700332666\n|move|p1a: poop|Ally Switch||[still]\n|-fail|p1a: poop\n|move|p2a: Lil' fatty|Ice Spinner|p1b: Corsola\n|-damage|p1b: Corsola|12\/100\n|-start|p2a: Lil' fatty|Disable|Ice Spinner|[from] ability: Cursed Body|[of] p1b: Corsola\n|move|p2b: 1\/5wouldntrcmnd|Shadow Ball|p1a: poop\n|-supereffective|p1a: poop\n|-damage|p1a: poop|0 fnt\n|faint|p1a: poop\n|move|p1b: Corsola|Strength Sap|p2a: Lil' fatty\n|-unboost|p2a: Lil' fatty|atk|1\n|-heal|p1b: Corsola|100\/100\n|\n|-damage|p2b: 1\/5wouldntrcmnd|76\/100 psn|[from] psn\n|upkeep\n|\n|t:|1700332689\n|switch|p1a: Sinistcha|Sinistcha|100\/100\n|turn|8\n|\n|t:|1700332705\n|move|p1a: Sinistcha|Strength Sap|p2a: Lil' fatty\n|-unboost|p2a: Lil' fatty|atk|1\n|move|p2a: Lil' fatty|Liquidation|p1b: Corsola\n|-damage|p1b: Corsola|60\/100\n|move|p2b: 1\/5wouldntrcmnd|Shadow Ball|p1b: Corsola\n|-supereffective|p1b: Corsola\n|-damage|p1b: Corsola|16\/100\n|-start|p2b: 1\/5wouldntrcmnd|Disable|Shadow Ball|[from] ability: Cursed Body|[of] p1b: Corsola\n|move|p1b: Corsola|Calm Mind|p1b: Corsola\n|-boost|p1b: Corsola|spa|1\n|-boost|p1b: Corsola|spd|1\n|\n|-damage|p2b: 1\/5wouldntrcmnd|63\/100 psn|[from] psn\n|-sideend|p2: CloGoc|move: Aurora Veil\n|upkeep\n|turn|9\n|\n|t:|1700332729\n|move|p1a: Sinistcha|Rage Powder|p1a: Sinistcha\n|-singleturn|p1a: Sinistcha|move: Rage Powder\n|move|p2a: Lil' fatty|Liquidation|p1a: Sinistcha\n|-resisted|p1a: Sinistcha\n|-damage|p1a: Sinistcha|65\/100\n|move|p2b: 1\/5wouldntrcmnd|Calm Mind|p2b: 1\/5wouldntrcmnd\n|-boost|p2b: 1\/5wouldntrcmnd|spa|1\n|-boost|p2b: 1\/5wouldntrcmnd|spd|1\n|move|p1b: Corsola|Strength Sap|p2a: Lil' fatty\n|-unboost|p2a: Lil' fatty|atk|1\n|-heal|p1b: Corsola|100\/100\n|\n|-damage|p2b: 1\/5wouldntrcmnd|51\/100 psn|[from] psn\n|upkeep\n|turn|10\n|\n|t:|1700332758\n|move|p1a: Sinistcha|Rage Powder|p1a: Sinistcha\n|-singleturn|p1a: Sinistcha|move: Rage Powder\n|move|p2a: Lil' fatty|Liquidation|p1a: Sinistcha\n|-resisted|p1a: Sinistcha\n|-damage|p1a: Sinistcha|33\/100\n|-unboost|p1a: Sinistcha|def|1\n|move|p2b: 1\/5wouldntrcmnd|Matcha Gotcha|p1a: Sinistcha|[spread] p1a,p1b\n|-resisted|p1a: Sinistcha\n|-damage|p1a: Sinistcha|5\/100\n|-heal|p2b: 1\/5wouldntrcmnd|62\/100 psn|[from] drain|[of] p1a: Sinistcha\n|-damage|p1b: Corsola|84\/100\n|-heal|p2b: 1\/5wouldntrcmnd|68\/100 psn|[from] drain|[of] p1b: Corsola\n|-enditem|p1a: Sinistcha|Aguav Berry|[eat]\n|-heal|p1a: Sinistcha|39\/100|[from] item: Aguav Berry\n|move|p1b: Corsola|Calm Mind|p1b: Corsola\n|-boost|p1b: Corsola|spa|1\n|-boost|p1b: Corsola|spd|1\n|\n|-damage|p2b: 1\/5wouldntrcmnd|56\/100 psn|[from] psn\n|-end|p2a: Lil' fatty|Disable\n|upkeep\n|turn|11\n|\n|t:|1700332784\n|move|p1a: Sinistcha|Rage Powder|p1a: Sinistcha\n|-singleturn|p1a: Sinistcha|move: Rage Powder\n|move|p2a: Lil' fatty|Ice Spinner|p1a: Sinistcha\n|-supereffective|p1a: Sinistcha\n|-damage|p1a: Sinistcha|0 fnt\n|faint|p1a: Sinistcha\n|move|p2b: 1\/5wouldntrcmnd|Matcha Gotcha|p1b: Corsola\n|-damage|p1b: Corsola|66\/100\n|-heal|p2b: 1\/5wouldntrcmnd|63\/100 psn|[from] drain|[of] p1b: Corsola\n|move|p1b: Corsola|Shadow Ball|p2a: Lil' fatty\n|-damage|p2a: Lil' fatty|0 fnt\n|faint|p2a: Lil' fatty\n|\n|-damage|p2b: 1\/5wouldntrcmnd|50\/100 psn|[from] psn\n|-end|p2b: 1\/5wouldntrcmnd|Disable\n|upkeep\n|\n|t:|1700332802\n|switch|p1a: Polteageist|Polteageist-Antique|100\/100\n|switch|p2a: Among us \u0d9e|Amoonguss, M|100\/100\n|-sideend|p2: CloGoc|move: Toxic Spikes|[of] p2a: Among us \u0d9e\n|turn|12\n|\n|t:|1700332814\n|move|p1a: Polteageist|Shadow Ball|p2b: 1\/5wouldntrcmnd\n|-supereffective|p2b: 1\/5wouldntrcmnd\n|-damage|p2b: 1\/5wouldntrcmnd|0 fnt\n|faint|p2b: 1\/5wouldntrcmnd\n|move|p2a: Among us \u0d9e|Spore|p1b: Corsola\n|-status|p1b: Corsola|slp|[from] move: Spore\n|cant|p1b: Corsola|slp\n|\n|upkeep\n|\n|t:|1700332825\n|switch|p2b: It's JOHNY|Kleavor, F|100\/100\n|turn|13\n|\n|t:|1700332837\n|move|p1a: Polteageist|Shell Smash|p1a: Polteageist\n|-unboost|p1a: Polteageist|def|1\n|-unboost|p1a: Polteageist|spd|1\n|-boost|p1a: Polteageist|atk|2\n|-boost|p1a: Polteageist|spa|2\n|-boost|p1a: Polteageist|spe|2\n|move|p2b: It's JOHNY|Tailwind|p2b: It's JOHNY\n|-sidestart|p2: CloGoc|move: Tailwind\n|move|p2a: Among us \u0d9e|Spore|p1a: Polteageist\n|-status|p1a: Polteageist|slp|[from] move: Spore\n|cant|p1b: Corsola|slp\n|\n|upkeep\n|turn|14\n|\n|t:|1700332881\n|cant|p1a: Polteageist|slp\n|move|p2b: It's JOHNY|Stone Axe|p1b: Corsola|[miss]\n|-miss|p2b: It's JOHNY|p1b: Corsola\n|move|p2a: Among us \u0d9e|Giga Drain|p1b: Corsola\n|-damage|p1b: Corsola|60\/100 slp\n|-start|p2a: Among us \u0d9e|Disable|Giga Drain|[from] ability: Cursed Body|[of] p1b: Corsola\n|-curestatus|p1b: Corsola|slp|[msg]\n|move|p1b: Corsola|Strength Sap|p2b: It's JOHNY\n|-unboost|p2b: It's JOHNY|atk|1\n|-heal|p1b: Corsola|100\/100\n|\n|upkeep\n|turn|15\n|\n|t:|1700332906\n|cant|p1a: Polteageist|slp\n|move|p2b: It's JOHNY|Stone Axe|p1b: Corsola\n|-damage|p1b: Corsola|76\/100\n|-sidestart|p1: XPY5|move: Stealth Rock\n|move|p2a: Among us \u0d9e|Spore|p1b: Corsola\n|-status|p1b: Corsola|slp|[from] move: Spore\n|cant|p1b: Corsola|slp\n|\n|upkeep\n|turn|16\n|\n|t:|1700332922\n|cant|p1a: Polteageist|slp\n|move|p2b: It's JOHNY|Rock Slide|p1b: Corsola|[spread] p1a,p1b\n|-damage|p1a: Polteageist|42\/100 slp\n|-damage|p1b: Corsola|63\/100 slp\n|-ability|p1a: Polteageist|Weak Armor|boost\n|-unboost|p1a: Polteageist|def|1\n|-boost|p1a: Polteageist|spe|2\n|move|p2a: Among us \u0d9e|Spore|p1a: Polteageist\n|-fail|p1a: Polteageist|slp\n|-curestatus|p1b: Corsola|slp|[msg]\n|move|p1b: Corsola|Calm Mind|p1b: Corsola\n|-boost|p1b: Corsola|spa|1\n|-boost|p1b: Corsola|spd|1\n|\n|-sideend|p2: CloGoc|move: Tailwind\n|upkeep\n|turn|17\n|\n|t:|1700332948\n|-curestatus|p1a: Polteageist|slp|[msg]\n|move|p1a: Polteageist|Stored Power|p2a: Among us \u0d9e\n|-supereffective|p2a: Among us \u0d9e\n|-damage|p2a: Among us \u0d9e|0 fnt\n|faint|p2a: Among us \u0d9e\n|move|p2b: It's JOHNY|Tailwind|p2b: It's JOHNY\n|-sidestart|p2: CloGoc|move: Tailwind\n|move|p1b: Corsola|Shadow Ball|p2b: It's JOHNY\n|-damage|p2b: It's JOHNY|19\/100\n|\n|-heal|p2b: It's JOHNY|25\/100|[from] item: Leftovers\n|upkeep\n|\n|t:|1700332962\n|switch|p2a: Jamaican|Kommo-o, M|100\/100\n|turn|18\n|\n|t:|1700332972\n|move|p1a: Polteageist|Stored Power|p2a: Jamaican\n|-supereffective|p2a: Jamaican\n|-damage|p2a: Jamaican|0 fnt\n|faint|p2a: Jamaican\n|move|p2b: It's JOHNY|Rock Slide|p1b: Corsola|[spread] p1a,p1b\n|-damage|p1a: Polteageist|0 fnt\n|-damage|p1b: Corsola|51\/100\n|faint|p1a: Polteageist\n|move|p1b: Corsola|Shadow Ball|p2b: It's JOHNY\n|-damage|p2b: It's JOHNY|0 fnt\n|faint|p2b: It's JOHNY\n|\n|win|XPY5\n|raw|XPY5's rating: 1037 &rarr; <strong>1072<\/strong><br \/>(+35 for winning)\n|raw|CloGoc's rating: 1039 &rarr; <strong>1023<\/strong><br \/>(-16 for losing)\n|c|\u2606CloGoc|gg\n|c|\u2606XPY5|gg\n|l|\u2606CloGoc\n","uploadtime":1700333030,"views":10,"p1id":"xpy5","p2id":"clogoc","formatid":"gen9nationaldexdoubles","rating":1023,"private":0,"password":""}