{"id":"gen9nationaldexdoubles-1958190966","p1":"blossom02","p2":"Mollymauk678","format":"[Gen 9] National Dex Doubles","log":"|j|\u2606blossom02\n|j|\u2606Mollymauk678\n|t:|1696296565\n|gametype|doubles\n|player|p1|blossom02|mira|1245\n|player|p2|Mollymauk678|guitarist-gen4|1103\n|teamsize|p1|6\n|teamsize|p2|6\n|gen|9\n|tier|[Gen 9] National Dex Doubles\n|rated|\n|rule|HP Percentage Mod: HP is shown in percentages\n|rule|Endless Battle Clause: Forcing endless battles is banned\n|rule|OHKO Clause: OHKO moves are banned\n|rule|Evasion Moves Clause: Evasion moves are banned\n|rule|Evasion Abilities Clause: Evasion abilities are banned\n|rule|Species Clause: Limit one of each Pok\u00e9mon\n|rule|Gravity Sleep Clause: The combination of sleep-inducing moves with imperfect accuracy and Gravity or Gigantamax Orbeetle are banned\n|clearpoke\n|poke|p1|Audino, F|\n|poke|p1|Clefable, F|\n|poke|p1|Klefki, F|\n|poke|p1|Primarina, F|\n|poke|p1|Togekiss, F|\n|poke|p1|Hatterene, F|\n|poke|p2|Toxapex, F|\n|poke|p2|Gengar, F|\n|poke|p2|Raichu-Alola, M|\n|poke|p2|Moltres|\n|poke|p2|Sceptile, M|\n|poke|p2|Great Tusk|\n|teampreview\n|\n|t:|1696296594\n|start\n|switch|p1a: Klefki|Klefki, F|100\/100\n|switch|p1b: Togekiss|Togekiss, F, shiny|100\/100\n|switch|p2a: Toxapex|Toxapex, F|100\/100\n|switch|p2b: Gengar|Gengar, F|100\/100\n|turn|1\n|\n|t:|1696296608\n|move|p1a: Klefki|Light Screen|p1a: Klefki\n|-sidestart|p1: blossom02|move: Light Screen\n|move|p2b: Gengar|Thunder|p1b: Togekiss\n|-supereffective|p1b: Togekiss\n|-damage|p1b: Togekiss|58\/100\n|move|p1b: Togekiss|Air Slash|p2b: Gengar\n|-damage|p2b: Gengar|0 fnt\n|faint|p2b: Gengar\n|move|p2a: Toxapex|Toxic Spikes|p1a: Klefki\n|-sidestart|p1: blossom02|move: Toxic Spikes\n|\n|upkeep\n|\n|t:|1696296620\n|switch|p2b: Raichu|Raichu-Alola, M|100\/100\n|turn|2\n|\n|t:|1696296639\n|switch|p1b: Clefable|Clefable, F, shiny|100\/100\n|-status|p1b: Clefable|psn\n|move|p2b: Raichu|Thunderbolt|p1b: Clefable\n|-damage|p1b: Clefable|75\/100 psn\n|move|p2a: Toxapex|Toxic Spikes|p1b: Clefable\n|-sidestart|p1: blossom02|move: Toxic Spikes\n|move|p1a: Klefki|Trick Room|p1a: Klefki\n|-fieldstart|move: Trick Room|[of] p1a: Klefki\n|\n|-damage|p1b: Clefable|63\/100 psn|[from] psn\n|upkeep\n|turn|3\n|\n|t:|1696296656\n|move|p1a: Klefki|Reflect|p1a: Klefki\n|-sidestart|p1: blossom02|Reflect\n|move|p2a: Toxapex|Scald|p1b: Clefable\n|-damage|p1b: Clefable|53\/100 psn\n|move|p1b: Clefable|Wish|p1b: Clefable\n|move|p2b: Raichu|Thunderbolt|p1b: Clefable\n|-damage|p1b: Clefable|27\/100 psn\n|\n|-damage|p1b: Clefable|15\/100 psn|[from] psn\n|upkeep\n|turn|4\n|\n|t:|1696296677\n|switch|p1b: Togekiss|Togekiss, F, shiny|58\/100\n|move|p2a: Toxapex|Scald|p1a: Klefki\n|-damage|p1a: Klefki|87\/100\n|move|p1a: Klefki|Foul Play|p2b: Raichu\n|-supereffective|p2b: Raichu\n|-damage|p2b: Raichu|37\/100\n|move|p2b: Raichu|Psyshock|p1a: Klefki\n|-resisted|p1a: Klefki\n|-damage|p1a: Klefki|78\/100\n|\n|-heal|p1b: Togekiss|100\/100|[from] move: Wish|[wisher] Clefable\n|upkeep\n|turn|5\n|\n|t:|1696296697\n|-terastallize|p1b: Togekiss|Fairy\n|move|p2a: Toxapex|Scald|p1b: Togekiss\n|-damage|p1b: Togekiss|91\/100\n|move|p1a: Klefki|Foul Play|p2b: Raichu\n|-supereffective|p2b: Raichu\n|-damage|p2b: Raichu|0 fnt\n|faint|p2b: Raichu\n|move|p1b: Togekiss|Draining Kiss|p2a: Toxapex\n|-resisted|p2a: Toxapex\n|-damage|p2a: Toxapex|80\/100\n|-heal|p1b: Togekiss|100\/100|[from] drain|[of] p2a: Toxapex\n|\n|-heal|p2a: Toxapex|86\/100|[from] item: Black Sludge\n|upkeep\n|\n|t:|1696296710\n|switch|p2b: Moltres|Moltres|100\/100\n|turn|6\n|\n|t:|1696296718\n|move|p2a: Toxapex|Scald|p1a: Klefki\n|-damage|p1a: Klefki|65\/100\n|move|p1a: Klefki|Foul Play|p2b: Moltres\n|-damage|p2b: Moltres|78\/100\n|move|p1b: Togekiss|Draining Kiss|p2b: Moltres\n|-resisted|p2b: Moltres\n|-damage|p2b: Moltres|36\/100\n|move|p2b: Moltres|Fire Blast|p1a: Klefki\n|-supereffective|p1a: Klefki\n|-damage|p1a: Klefki|0 fnt\n|faint|p1a: Klefki\n|\n|-heal|p2a: Toxapex|93\/100|[from] item: Black Sludge\n|-fieldend|move: Trick Room\n|upkeep\n|\n|t:|1696296737\n|switch|p1a: Clefable|Clefable, F, shiny|15\/100 psn\n|turn|7\n|\n|t:|1696296746\n|move|p1a: Clefable|Follow Me|p1a: Clefable\n|-singleturn|p1a: Clefable|move: Follow Me\n|-zpower|p2b: Moltres\n|move|p2b: Moltres|Supersonic Skystrike|p1a: Clefable|[zeffect]\n|-damage|p1a: Clefable|0 fnt\n|faint|p1a: Clefable\n|move|p1b: Togekiss|Draining Kiss|p2b: Moltres\n|-resisted|p2b: Moltres\n|-damage|p2b: Moltres|0 fnt\n|faint|p2b: Moltres\n|move|p2a: Toxapex|Scald|p1b: Togekiss\n|-damage|p1b: Togekiss|91\/100\n|\n|-heal|p2a: Toxapex|99\/100|[from] item: Black Sludge\n|upkeep\n|\n|t:|1696296770\n|switch|p2b: Great Tusk|Great Tusk|100\/100\n|switch|p1a: Hatterene|Hatterene, F, shiny|100\/100\n|-status|p1a: Hatterene|tox\n|-enditem|p2b: Great Tusk|Booster Energy\n|-activate|p2b: Great Tusk|ability: Protosynthesis|[fromitem]\n|-start|p2b: Great Tusk|protosynthesisspe\n|turn|8\n|\n|t:|1696296783\n|move|p2b: Great Tusk|Ice Spinner|p1b: Togekiss\n|-damage|p1b: Togekiss|75\/100\n|move|p1b: Togekiss|Draining Kiss|p2b: Great Tusk\n|-supereffective|p2b: Great Tusk\n|-damage|p2b: Great Tusk|0 fnt\n|-heal|p1b: Togekiss|100\/100|[from] drain|[of] p2b: Great Tusk\n|faint|p2b: Great Tusk\n|-end|p2b: Great Tusk|Protosynthesis|[silent]\n|move|p2a: Toxapex|Scald|p1b: Togekiss\n|-damage|p1b: Togekiss|92\/100\n|move|p1a: Hatterene|Calm Mind|p1a: Hatterene\n|-boost|p1a: Hatterene|spa|1\n|-boost|p1a: Hatterene|spd|1\n|\n|-heal|p2a: Toxapex|100\/100|[from] item: Black Sludge\n|-damage|p1a: Hatterene|95\/100 tox|[from] psn\n|-sideend|p1: blossom02|move: Light Screen\n|upkeep\n|\n|t:|1696296798\n|switch|p2b: Sceptile|Sceptile, M|100\/100\n|turn|9\n|\n|t:|1696296812\n|detailschange|p2b: Sceptile|Sceptile-Mega, M\n|-mega|p2b: Sceptile|Sceptile|Sceptilite\n|move|p2b: Sceptile|Dragon Pulse|p1a: Hatterene\n|-immune|p1a: Hatterene\n|move|p1b: Togekiss|Draining Kiss|p2b: Sceptile\n|-supereffective|p2b: Sceptile\n|-damage|p2b: Sceptile|0 fnt\n|-heal|p1b: Togekiss|100\/100|[from] drain|[of] p2b: Sceptile\n|faint|p2b: Sceptile\n|move|p2a: Toxapex|Haze|p2a: Toxapex\n|-clearallboost\n|move|p1a: Hatterene|Trick Room|p1a: Hatterene\n|-fieldstart|move: Trick Room|[of] p1a: Hatterene\n|\n|-heal|p1a: Hatterene|100\/100 tox|[from] item: Leftovers\n|-damage|p1a: Hatterene|89\/100 tox|[from] psn\n|upkeep\n|turn|10\n|-message|Mollymauk678 forfeited.\n|\n|win|blossom02\n|raw|blossom02's rating: 1245 &rarr; <strong>1260<\/strong><br \/>(+15 for winning)\n|raw|Mollymauk678's rating: 1103 &rarr; <strong>1088<\/strong><br \/>(-15 for losing)\n|l|\u2606Mollymauk678\n","uploadtime":1696296829,"views":10,"p1id":"blossom02","p2id":"mollymauk678","formatid":"gen9nationaldexdoubles","rating":1088,"private":0,"password":""}