{"id":"gen9nationaldexdoubles-1986927815","p1":"NPC At Home","p2":"LunaVicta","format":"[Gen 9] National Dex Doubles","log":"|j|\u2606NPC At Home\n|j|\u2606LunaVicta\n|t:|1699541777\n|gametype|doubles\n|player|p1|NPC At Home|piers|1331\n|player|p2|LunaVicta|101|1440\n|teamsize|p1|6\n|teamsize|p2|6\n|gen|9\n|tier|[Gen 9] National Dex Doubles\n|rated|\n|rule|HP Percentage Mod: HP is shown in percentages\n|rule|Endless Battle Clause: Forcing endless battles is banned\n|rule|OHKO Clause: OHKO moves are banned\n|rule|Evasion Moves Clause: Evasion moves are banned\n|rule|Evasion Abilities Clause: Evasion abilities are banned\n|rule|Species Clause: Limit one of each Pok\u00e9mon\n|rule|Gravity Sleep Clause: The combination of sleep-inducing moves with imperfect accuracy and Gravity or Gigantamax Orbeetle are banned\n|clearpoke\n|poke|p1|Tyranitar, F|\n|poke|p1|Garchomp, M|\n|poke|p1|Volcanion|\n|poke|p1|Celesteela|\n|poke|p1|Excadrill, M|\n|poke|p1|Rillaboom, M|\n|poke|p2|Ursaluna, F|\n|poke|p2|Gothitelle, F|\n|poke|p2|Salamence, F|\n|poke|p2|Amoonguss, F|\n|poke|p2|Diancie|\n|poke|p2|Incineroar, F|\n|teampreview\n|inactive|Battle timer is ON: inactive players will automatically lose when time's up. (requested by NPC At Home)\n|inactive|LunaVicta has 120 seconds left.\n|inactive|LunaVicta has 90 seconds left.\n|\n|t:|1699541846\n|start\n|switch|p1a: Volcanion|Volcanion|100\/100\n|switch|p1b: Rillaboom|Rillaboom, M|100\/100\n|switch|p2a: Ursaluna|Ursaluna, F|100\/100\n|switch|p2b: Gothitelle|Gothitelle, F|100\/100\n|-fieldstart|move: Grassy Terrain|[from] ability: Grassy Surge|[of] p1b: Rillaboom\n|turn|1\n|inactive|LunaVicta has 120 seconds left.\n|\n|t:|1699541904\n|move|p2b: Gothitelle|Fake Out|p1b: Rillaboom\n|-damage|p1b: Rillaboom|95\/100\n|cant|p1b: Rillaboom|flinch\n|move|p1a: Volcanion|Steam Eruption|p2a: Ursaluna\n|-supereffective|p2a: Ursaluna\n|-damage|p2a: Ursaluna|0 fnt\n|faint|p2a: Ursaluna\n|\n|-heal|p1b: Rillaboom|100\/100|[from] Grassy Terrain\n|upkeep\n|inactive|LunaVicta has 90 seconds left.\n|\n|t:|1699541918\n|switch|p2a: Incineroar|Incineroar, F|100\/100\n|-ability|p2a: Incineroar|Intimidate|boost\n|-unboost|p1a: Volcanion|atk|1\n|-unboost|p1b: Rillaboom|atk|1\n|turn|2\n|\n|t:|1699541932\n|switch|p2b: Salamence|Salamence, F|100\/100\n|-ability|p2b: Salamence|Intimidate|boost\n|-unboost|p1a: Volcanion|atk|1\n|-unboost|p1b: Rillaboom|atk|1\n|switch|p2a: Amoonguss|Amoonguss, F|100\/100\n|move|p1b: Rillaboom|U-turn|p2b: Salamence\n|-resisted|p2b: Salamence\n|-damage|p2b: Salamence|92\/100\n|\n|t:|1699541943\n|switch|p1b: Celesteela|Celesteela|100\/100|[from] U-turn\n|move|p1a: Volcanion|Steam Eruption|p2a: Amoonguss\n|-resisted|p2a: Amoonguss\n|-damage|p2a: Amoonguss|76\/100\n|\n|-heal|p2a: Amoonguss|82\/100|[from] Grassy Terrain\n|upkeep\n|turn|3\n|inactive|LunaVicta has 120 seconds left.\n|\n|t:|1699541973\n|switch|p2b: Incineroar|Incineroar, F|100\/100\n|-ability|p2b: Incineroar|Intimidate|boost\n|-unboost|p1a: Volcanion|atk|1\n|-unboost|p1b: Celesteela|atk|1\n|-terastallize|p2a: Amoonguss|Water\n|move|p1b: Celesteela|Air Slash|p2a: Amoonguss\n|-damage|p2a: Amoonguss|45\/100\n|move|p1a: Volcanion|Heat Wave|p2a: Amoonguss|[spread] p2a\n|-miss|p1a: Volcanion|p2b: Incineroar\n|-resisted|p2a: Amoonguss\n|-damage|p2a: Amoonguss|29\/100\n|move|p2a: Amoonguss|Spore|p1a: Volcanion\n|-status|p1a: Volcanion|slp|[from] move: Spore\n|\n|-heal|p2a: Amoonguss|35\/100|[from] Grassy Terrain\n|upkeep\n|turn|4\n|inactive|LunaVicta has 120 seconds left.\n|\n|t:|1699542001\n|switch|p1b: Rillaboom|Rillaboom, M|100\/100\n|switch|p2a: Diancie|Diancie, shiny|100\/100\n|cant|p1a: Volcanion|slp\n|move|p2b: Incineroar|Flare Blitz|p1b: Rillaboom\n|-supereffective|p1b: Rillaboom\n|-damage|p1b: Rillaboom|6\/100\n|-damage|p2b: Incineroar|69\/100|[from] Recoil\n|\n|-heal|p1b: Rillaboom|13\/100|[from] Grassy Terrain\n|-heal|p2b: Incineroar|75\/100|[from] Grassy Terrain\n|upkeep\n|turn|5\n|inactive|LunaVicta has 120 seconds left.\n|\n|t:|1699542020\n|move|p2a: Diancie|Protect|p2a: Diancie\n|-singleturn|p2a: Diancie|Protect\n|move|p1b: Rillaboom|Wood Hammer|p2a: Diancie\n|-activate|p2a: Diancie|move: Protect\n|cant|p1a: Volcanion|slp\n|move|p2b: Incineroar|Knock Off|p1b: Rillaboom\n|-damage|p1b: Rillaboom|0 fnt\n|-enditem|p1b: Rillaboom|Assault Vest|[from] move: Knock Off|[of] p2b: Incineroar\n|faint|p1b: Rillaboom\n|\n|-heal|p2b: Incineroar|81\/100|[from] Grassy Terrain\n|-fieldend|move: Grassy Terrain\n|upkeep\n|\n|t:|1699542033\n|switch|p1b: Excadrill|Excadrill, M|100\/100\n|turn|6\n|inactive|NPC At Home has 120 seconds left.\n|\n|t:|1699542090\n|switch|p2a: Amoonguss|Amoonguss, F, tera:Water|69\/100\n|move|p1b: Excadrill|Rock Slide|p2b: Incineroar|[spread] p2b\n|-miss|p1b: Excadrill|p2a: Amoonguss\n|-supereffective|p2b: Incineroar\n|-damage|p2b: Incineroar|39\/100\n|-curestatus|p1a: Volcanion|slp|[msg]\n|move|p1a: Volcanion|Steam Eruption|p2b: Incineroar\n|-supereffective|p2b: Incineroar\n|-damage|p2b: Incineroar|0 fnt\n|faint|p2b: Incineroar\n|\n|upkeep\n|inactive|LunaVicta has 120 seconds left.\n|\n|t:|1699542120\n|switch|p2b: Diancie|Diancie, shiny|100\/100\n|turn|7\n|inactive|NPC At Home has 120 seconds left.\n|\n|t:|1699542132\n|move|p2a: Amoonguss|Rage Powder|p2a: Amoonguss\n|-singleturn|p2a: Amoonguss|move: Rage Powder\n|move|p1b: Excadrill|Swords Dance|p1b: Excadrill\n|-boost|p1b: Excadrill|atk|2\n|move|p1a: Volcanion|Steam Eruption|p2a: Amoonguss\n|-resisted|p2a: Amoonguss\n|-damage|p2a: Amoonguss|43\/100\n|move|p2b: Diancie|Diamond Storm|p1b: Excadrill|[spread] p1a,p1b\n|-supereffective|p1a: Volcanion\n|-resisted|p1b: Excadrill\n|-damage|p1a: Volcanion|39\/100\n|-damage|p1b: Excadrill|87\/100\n|-boost|p2b: Diancie|def|2\n|\n|upkeep\n|turn|8\n|inactive|NPC At Home has 120 seconds left.\n|\n|t:|1699542164\n|-terastallize|p1a: Volcanion|Ground\n|move|p2a: Amoonguss|Rage Powder|p2a: Amoonguss\n|-singleturn|p2a: Amoonguss|move: Rage Powder\n|-zpower|p1b: Excadrill\n|move|p1b: Excadrill|Tectonic Rage|p2a: Amoonguss|[zeffect]\n|-damage|p2a: Amoonguss|0 fnt\n|faint|p2a: Amoonguss\n|move|p1a: Volcanion|Earth Power|p2b: Diancie\n|-supereffective|p2b: Diancie\n|-damage|p2b: Diancie|31\/100\n|move|p2b: Diancie|Body Press|p1b: Excadrill\n|-supereffective|p1b: Excadrill\n|-damage|p1b: Excadrill|0 fnt\n|faint|p1b: Excadrill\n|\n|upkeep\n|inactive|LunaVicta has 120 seconds left.\n|\n|t:|1699542216\n|switch|p1b: Tyranitar|Tyranitar, F|100\/100\n|switch|p2a: Gothitelle|Gothitelle, F|100\/100\n|-weather|Sandstorm|[from] ability: Sand Stream|[of] p1b: Tyranitar\n|turn|9\n|inactive|LunaVicta has 120 seconds left.\n|inactive|NPC At Home has 120 seconds left.\n|\n|t:|1699542261\n|move|p2a: Gothitelle|Fake Out|p1a: Volcanion\n|-damage|p1a: Volcanion|34\/100\n|cant|p1a: Volcanion|flinch\n|move|p1b: Tyranitar|Crunch|p2a: Gothitelle\n|-supereffective|p2a: Gothitelle\n|-damage|p2a: Gothitelle|20\/100\n|-enditem|p2a: Gothitelle|Sitrus Berry|[eat]\n|-heal|p2a: Gothitelle|45\/100|[from] item: Sitrus Berry\n|move|p2b: Diancie|Diamond Storm|p1a: Volcanion|[spread] p1b\n|-miss|p2b: Diancie|p1a: Volcanion\n|-damage|p1b: Tyranitar|70\/100\n|\n|-weather|Sandstorm|[upkeep]\n|-damage|p2a: Gothitelle|39\/100|[from] Sandstorm\n|upkeep\n|turn|10\n|j| 12345ssdlh\n|inactive|NPC At Home has 120 seconds left.\n|inactive|LunaVicta has 120 seconds left.\n|\n|t:|1699542310\n|switch|p2a: Salamence|Salamence, F|92\/100\n|-ability|p2a: Salamence|Intimidate|boost\n|-unboost|p1a: Volcanion|atk|1\n|-unboost|p1b: Tyranitar|atk|1\n|move|p2b: Diancie|Protect|p2b: Diancie\n|-singleturn|p2b: Diancie|Protect\n|move|p1a: Volcanion|Steam Eruption|p2b: Diancie\n|-activate|p2b: Diancie|move: Protect\n|move|p1b: Tyranitar|Stone Edge|p2a: Salamence\n|-supereffective|p2a: Salamence\n|-damage|p2a: Salamence|0 fnt\n|faint|p2a: Salamence\n|\n|-weather|Sandstorm|[upkeep]\n|upkeep\n|-message|LunaVicta forfeited.\n|\n|win|NPC At Home\n|raw|NPC At Home's rating: 1331 &rarr; <strong>1357<\/strong><br \/>(+26 for winning)\n|raw|LunaVicta's rating: 1440 &rarr; <strong>1414<\/strong><br \/>(-26 for losing)\n|l|\u2606LunaVicta\n|l|\u2606NPC At Home\n|l| 12345ssdlh\n|j|\u2606NPC At Home\n|player|p1|NPC At Home|piers\n","uploadtime":1699542751,"views":5,"p1id":"npcathome","p2id":"lunavicta","formatid":"gen9nationaldexdoubles","rating":1357,"private":0,"password":""}