{"id":"gen9nationaldexdoubles-1964716418","p1":"Critian Caceorte","p2":"the mudkip warrior","format":"[Gen 9] National Dex Doubles","log":"|j|\u2606Critian Caceorte\n|j|\u2606the mudkip warrior\n|t:|1696997619\n|gametype|doubles\n|player|p1|Critian Caceorte|2|\n|player|p2|the mudkip warrior|acetrainer-gen4dp|\n|teamsize|p1|6\n|teamsize|p2|6\n|gen|9\n|tier|[Gen 9] National Dex Doubles\n|rule|HP Percentage Mod: HP is shown in percentages\n|rule|Endless Battle Clause: Forcing endless battles is banned\n|rule|OHKO Clause: OHKO moves are banned\n|rule|Evasion Moves Clause: Evasion moves are banned\n|rule|Evasion Abilities Clause: Evasion abilities are banned\n|rule|Species Clause: Limit one of each Pok\u00e9mon\n|rule|Gravity Sleep Clause: The combination of sleep-inducing moves with imperfect accuracy and Gravity or Gigantamax Orbeetle are banned\n|clearpoke\n|poke|p1|Toedscruel, F|\n|poke|p1|Gastrodon, M|\n|poke|p1|Garchomp, F|\n|poke|p1|Hippowdon, F|\n|poke|p1|Clodsire, F|\n|poke|p1|Ursaluna-Bloodmoon, M|\n|poke|p2|Dragonite, F|\n|poke|p2|Klefki, F|\n|poke|p2|Cyclizar, M|\n|poke|p2|Pelipper, M|\n|poke|p2|Swampert, M|\n|poke|p2|Serperior, F|\n|teampreview\n|c|\u2606the mudkip warrior|gl\n|c|\u2606Critian Caceorte|glhf\n|\n|t:|1696997636\n|start\n|switch|p1a: Toedscruel|Toedscruel, F|100\/100\n|switch|p1b: Hippowdon|Hippowdon, F|100\/100\n|switch|p2a: Throttle|Cyclizar, M|100\/100\n|switch|p2b: Zinji|Serperior, F, shiny|100\/100\n|-weather|Sandstorm|[from] ability: Sand Stream|[of] p1b: Hippowdon\n|turn|1\n|\n|t:|1696997647\n|move|p2a: Throttle|U-turn|p1a: Toedscruel\n|-supereffective|p1a: Toedscruel\n|-damage|p1a: Toedscruel|52\/100\n|\n|t:|1696997651\n|switch|p2a: Mine Mine|Pelipper, M|100\/100|[from] U-turn\n|-weather|RainDance|[from] ability: Drizzle|[of] p2a: Mine Mine\n|move|p2b: Zinji|Substitute|p2b: Zinji\n|-start|p2b: Zinji|Substitute\n|-damage|p2b: Zinji|76\/100\n|move|p1b: Hippowdon|Ice Fang|p2b: Zinji\n|-supereffective|p2b: Zinji\n|-end|p2b: Zinji|Substitute\n|move|p1a: Toedscruel|Trick Room|p1a: Toedscruel\n|-fieldstart|move: Trick Room|[of] p1a: Toedscruel\n|\n|-weather|RainDance|[upkeep]\n|-heal|p2b: Zinji|82\/100|[from] item: Leftovers\n|upkeep\n|turn|2\n|\n|t:|1696997674\n|switch|p1b: Clodsire|Clodsire, F|100\/100\n|switch|p1a: Gastrodon|Gastrodon, M|100\/100\n|move|p2a: Mine Mine|Scald|p1a: Gastrodon\n|-activate|p1a: Gastrodon|ability: Storm Drain\n|-ability|p1a: Gastrodon|Storm Drain|boost\n|-boost|p1a: Gastrodon|spa|1\n|move|p2b: Zinji|Leaf Storm|p1a: Gastrodon\n|-supereffective|p1a: Gastrodon\n|-damage|p1a: Gastrodon|0 fnt\n|-boost|p2b: Zinji|spa|2\n|faint|p1a: Gastrodon\n|\n|-weather|RainDance|[upkeep]\n|-heal|p2b: Zinji|88\/100|[from] item: Leftovers\n|upkeep\n|\n|t:|1696997706\n|switch|p1a: Hippowdon|Hippowdon, F|100\/100\n|-weather|Sandstorm|[from] ability: Sand Stream|[of] p1a: Hippowdon\n|turn|3\n|\n|t:|1696997725\n|switch|p2a: Dolce|Dragonite, F|100\/100\n|switch|p2b: Chiave|Klefki, F, shiny|100\/100\n|move|p1b: Clodsire|Poison Jab|p2b: Chiave\n|-immune|p2b: Chiave\n|move|p1a: Hippowdon|Ice Fang|p2b: Chiave\n|-resisted|p2b: Chiave\n|-damage|p2b: Chiave|92\/100\n|\n|-weather|Sandstorm|[upkeep]\n|-damage|p2a: Dolce|94\/100|[from] Sandstorm\n|upkeep\n|turn|4\n|\n|t:|1696997740\n|move|p2b: Chiave|Reflect|p2b: Chiave\n|-sidestart|p2: the mudkip warrior|Reflect\n|move|p1b: Clodsire|Stealth Rock|p2a: Dolce\n|-sidestart|p2: the mudkip warrior|move: Stealth Rock\n|move|p1a: Hippowdon|Ice Fang|p2a: Dolce\n|-supereffective|p2a: Dolce\n|-damage|p2a: Dolce|44\/100\n|move|p2a: Dolce|Dragon Dance|p2a: Dolce\n|-boost|p2a: Dolce|atk|1\n|-boost|p2a: Dolce|spe|1\n|\n|-weather|Sandstorm|[upkeep]\n|-damage|p2a: Dolce|38\/100|[from] Sandstorm\n|upkeep\n|turn|5\n|\n|t:|1696997765\n|-terastallize|p2a: Dolce|Normal\n|move|p2a: Dolce|Extreme Speed|p1a: Hippowdon\n|-damage|p1a: Hippowdon|67\/100\n|move|p1b: Clodsire|Toxic Spikes|p2a: Dolce\n|-sidestart|p2: the mudkip warrior|move: Toxic Spikes\n|move|p1a: Hippowdon|Ice Fang|p2a: Dolce\n|-damage|p2a: Dolce|25\/100\n|move|p2b: Chiave|Foul Play|p1a: Hippowdon\n|-damage|p1a: Hippowdon|54\/100\n|\n|-weather|Sandstorm|[upkeep]\n|-damage|p2a: Dolce|18\/100|[from] Sandstorm\n|-fieldend|move: Trick Room\n|upkeep\n|turn|6\n|\n|t:|1696997784\n|switch|p1a: Ursaluna|Ursaluna-Bloodmoon, M|100\/100\n|move|p2a: Dolce|Ice Spinner|p1a: Ursaluna\n|-supereffective|p1a: Ursaluna\n|-damage|p1a: Ursaluna|43\/100\n|move|p2b: Chiave|Foul Play|p1a: Ursaluna\n|-damage|p1a: Ursaluna|33\/100\n|move|p1b: Clodsire|Toxic Spikes|p2b: Chiave\n|-sidestart|p2: the mudkip warrior|move: Toxic Spikes\n|\n|-weather|Sandstorm|[upkeep]\n|-damage|p2a: Dolce|12\/100|[from] Sandstorm\n|upkeep\n|turn|7\n|\n|t:|1696997821\n|switch|p2b: Mine Mine|Pelipper, M|100\/100\n|-damage|p2b: Mine Mine|76\/100|[from] Stealth Rock\n|-weather|RainDance|[from] ability: Drizzle|[of] p2b: Mine Mine\n|switch|p1a: Toedscruel|Toedscruel, F|52\/100\n|move|p2a: Dolce|Earthquake|p1b: Clodsire|[spread] p1a,p1b\n|-immune|p2b: Mine Mine\n|-resisted|p1a: Toedscruel\n|-supereffective|p1b: Clodsire\n|-damage|p1a: Toedscruel|24\/100\n|-damage|p1b: Clodsire|3\/100\n|move|p1b: Clodsire|Poison Jab|p2a: Dolce\n|-damage|p2a: Dolce|0 fnt\n|faint|p2a: Dolce\n|\n|-weather|RainDance|[upkeep]\n|-heal|p1b: Clodsire|9\/100|[from] item: Black Sludge\n|upkeep\n|\n|t:|1696997840\n|switch|p2a: Throttle|Cyclizar, M|100\/100\n|turn|8\n|c|\u2606the mudkip warrior|Step on it Throttle!\n|\n|t:|1696997872\n|move|p2a: Throttle|Rapid Spin|p1b: Clodsire\n|-damage|p1b: Clodsire|0 fnt\n|-boost|p2a: Throttle|spe|1\n|-sideend|p2: the mudkip warrior|Toxic Spikes|[from] move: Rapid Spin|[of] p2a: Throttle\n|-sideend|p2: the mudkip warrior|Stealth Rock|[from] move: Rapid Spin|[of] p2a: Throttle\n|faint|p1b: Clodsire\n|move|p2b: Mine Mine|U-turn|p1a: Toedscruel\n|-supereffective|p1a: Toedscruel\n|-damage|p1a: Toedscruel|1\/100\n|\n|t:|1696997879\n|switch|p2b: Zinji|Serperior, F, shiny|88\/100|[from] U-turn\n|move|p1a: Toedscruel|Trick Room|p1a: Toedscruel\n|-fieldstart|move: Trick Room|[of] p1a: Toedscruel\n|\n|-weather|RainDance|[upkeep]\n|-heal|p2b: Zinji|94\/100|[from] item: Leftovers\n|upkeep\n|\n|t:|1696997903\n|switch|p1b: Hippowdon|Hippowdon, F|54\/100\n|-weather|Sandstorm|[from] ability: Sand Stream|[of] p1b: Hippowdon\n|turn|9\n|\n|t:|1696997924\n|switch|p1a: Garchomp|Garchomp, F|100\/100\n|move|p1b: Hippowdon|Ice Fang|p2b: Zinji\n|-supereffective|p2b: Zinji\n|-damage|p2b: Zinji|68\/100\n|cant|p2b: Zinji|flinch\n|move|p2a: Throttle|Mud-Slap|p1a: Garchomp\n|-damage|p1a: Garchomp|97\/100\n|-unboost|p1a: Garchomp|accuracy|1\n|\n|-weather|Sandstorm|[upkeep]\n|-damage|p2b: Zinji|61\/100|[from] Sandstorm\n|-damage|p2a: Throttle|94\/100|[from] Sandstorm\n|-heal|p2b: Zinji|68\/100|[from] item: Leftovers\n|upkeep\n|turn|10\n|\n|t:|1696997954\n|detailschange|p1a: Garchomp|Garchomp-Mega, F\n|-mega|p1a: Garchomp|Garchomp|Garchompite\n|move|p1b: Hippowdon|Ice Fang|p2b: Zinji\n|-supereffective|p2b: Zinji\n|-damage|p2b: Zinji|44\/100\n|move|p1a: Garchomp|Earthquake|p2b: Zinji|[spread] p1b,p2a,p2b\n|-resisted|p2b: Zinji\n|-damage|p1b: Hippowdon|17\/100\n|-damage|p2a: Throttle|22\/100\n|-damage|p2b: Zinji|19\/100\n|move|p2b: Zinji|Leaf Storm|p1a: Garchomp\n|-damage|p1a: Garchomp|57\/100\n|-boost|p2b: Zinji|spa|2\n|move|p2a: Throttle|Knock Off|p1b: Hippowdon\n|-crit|p1b: Hippowdon\n|-damage|p1b: Hippowdon|0 fnt\n|-enditem|p1b: Hippowdon|Smooth Rock|[from] move: Knock Off|[of] p2a: Throttle\n|faint|p1b: Hippowdon\n|\n|-weather|Sandstorm|[upkeep]\n|-damage|p2b: Zinji|12\/100|[from] Sandstorm\n|-damage|p2a: Throttle|16\/100|[from] Sandstorm\n|-heal|p2b: Zinji|19\/100|[from] item: Leftovers\n|upkeep\n|\n|t:|1696997973\n|switch|p1b: Ursaluna|Ursaluna-Bloodmoon, M|33\/100\n|turn|11\n|\n|t:|1696997984\n|switch|p2b: Mine Mine|Pelipper, M|76\/100\n|-weather|RainDance|[from] ability: Drizzle|[of] p2b: Mine Mine\n|switch|p2a: Chiave|Klefki, F, shiny|92\/100\n|move|p1b: Ursaluna|Hyper Voice|p2b: Mine Mine|[spread] p2a,p2b\n|-resisted|p2a: Chiave\n|-damage|p2a: Chiave|70\/100\n|-damage|p2b: Mine Mine|19\/100\n|move|p1a: Garchomp|Iron Head|p2b: Mine Mine\n|-resisted|p2b: Mine Mine\n|-damage|p2b: Mine Mine|9\/100\n|\n|-weather|RainDance|[upkeep]\n|-sideend|p2: the mudkip warrior|Reflect\n|upkeep\n|turn|12\n|\n|t:|1696998014\n|move|p2a: Chiave|Light Screen|p2a: Chiave\n|-sidestart|p2: the mudkip warrior|move: Light Screen\n|move|p1b: Ursaluna|Earth Power|p2a: Chiave\n|-supereffective|p2a: Chiave\n|-damage|p2a: Chiave|0 fnt\n|faint|p2a: Chiave\n|move|p2b: Mine Mine|Scald|p1a: Garchomp\n|-damage|p1a: Garchomp|23\/100\n|move|p1a: Garchomp|Iron Head|p2b: Mine Mine\n|-resisted|p2b: Mine Mine\n|-damage|p2b: Mine Mine|0 fnt\n|faint|p2b: Mine Mine\n|\n|-weather|RainDance|[upkeep]\n|-fieldend|move: Trick Room\n|upkeep\n|\n|t:|1696998038\n|switch|p2a: Shoal|Swampert, M|100\/100\n|switch|p2b: Throttle|Cyclizar, M|50\/100\n|turn|13\n|c|\u2606the mudkip warrior|Two hearts, together as one!\n|c|\u2606the mudkip warrior|Do it Shoal!\n|\n|t:|1696998065\n|switch|p2b: Zinji|Serperior, F, shiny|19\/100\n|detailschange|p2a: Shoal|Swampert-Mega, M\n|-mega|p2a: Shoal|Swampert|Swampertite\n|move|p2a: Shoal|Earthquake|p1a: Garchomp|[spread] p2b,p1a,p1b\n|-resisted|p2b: Zinji\n|-damage|p2b: Zinji|0 fnt\n|-damage|p1a: Garchomp|0 fnt\n|-damage|p1b: Ursaluna|1\/100\n|faint|p2b: Zinji\n|faint|p1a: Garchomp\n|move|p1b: Ursaluna|Moonblast|p2a: Shoal\n|-damage|p2a: Shoal|80\/100\n|-unboost|p2a: Shoal|spa|1\n|\n|-weather|RainDance|[upkeep]\n|upkeep\n|\n|t:|1696998078\n|switch|p2b: Throttle|Cyclizar, M|83\/100\n|switch|p1a: Toedscruel|Toedscruel, F|1\/100\n|turn|14\n|\n|t:|1696998087\n|move|p2a: Shoal|Ice Punch|p1b: Ursaluna\n|-supereffective|p1b: Ursaluna\n|-damage|p1b: Ursaluna|0 fnt\n|faint|p1b: Ursaluna\n|move|p2b: Throttle|Rapid Spin|p1a: Toedscruel\n|-crit|p1a: Toedscruel\n|-damage|p1a: Toedscruel|0 fnt\n|-boost|p2b: Throttle|spe|1\n|faint|p1a: Toedscruel\n|\n|win|the mudkip warrior\n|c|\u2606the mudkip warrior|gg\n|c|\u2606Critian Caceorte|gg\n","uploadtime":1696998106,"views":5,"p1id":"critiancaceorte","p2id":"themudkipwarrior","formatid":"gen9nationaldexdoubles","rating":0,"private":0,"password":""}