{"id":"gen9nationaldexdoubles-2000046805","p1":"Tehiesj","p2":"ElLukyCrackHD_YT","format":"[Gen 9] National Dex Doubles","log":"|j|\u2606Tehiesj\n|j|\u2606ElLukyCrackHD_YT\n|t:|1701145690\n|gametype|doubles\n|player|p1|Tehiesj|169|1000\n|player|p2|ElLukyCrackHD_YT|bellelba|1046\n|teamsize|p1|6\n|teamsize|p2|6\n|gen|9\n|tier|[Gen 9] National Dex Doubles\n|rated|\n|rule|HP Percentage Mod: HP is shown in percentages\n|rule|Endless Battle Clause: Forcing endless battles is banned\n|rule|OHKO Clause: OHKO moves are banned\n|rule|Evasion Moves Clause: Evasion moves are banned\n|rule|Evasion Abilities Clause: Evasion abilities are banned\n|rule|Species Clause: Limit one of each Pok\u00e9mon\n|rule|Gravity Sleep Clause: The combination of sleep-inducing moves with imperfect accuracy and Gravity or Gigantamax Orbeetle are banned\n|clearpoke\n|poke|p1|Trapinch, F|\n|poke|p1|Rabsca, M|\n|poke|p1|Farigiraf, M|\n|poke|p1|Oranguru, F|\n|poke|p1|Tinkaton, F|\n|poke|p1|Flygon, M|\n|poke|p2|Charizard, M|\n|poke|p2|Rillaboom, M|\n|poke|p2|Grafaiai, M|\n|poke|p2|Slaking, M|\n|poke|p2|Kingambit, M|\n|poke|p2|Ursaluna-Bloodmoon, M|\n|teampreview\n|\n|t:|1701145709\n|start\n|switch|p1a: Trapinch|Trapinch, F|100\/100\n|switch|p1b: Flygon|Flygon, M|100\/100\n|switch|p2a: Charizard|Charizard, M, shiny|100\/100\n|switch|p2b: Rillaboom|Rillaboom, M|100\/100\n|turn|1\n|\n|t:|1701145726\n|detailschange|p2a: Charizard|Charizard-Mega-Y, M, shiny\n|-mega|p2a: Charizard|Charizard|Charizardite Y\n|-weather|SunnyDay|[from] ability: Drought|[of] p2a: Charizard\n|move|p1b: Flygon|First Impression|p2b: Rillaboom\n|-supereffective|p2b: Rillaboom\n|-damage|p2b: Rillaboom|39\/100\n|move|p1a: Trapinch|First Impression|p2b: Rillaboom\n|-supereffective|p2b: Rillaboom\n|-damage|p2b: Rillaboom|0 fnt\n|faint|p2b: Rillaboom\n|move|p2a: Charizard|Heat Wave|p1a: Trapinch|[spread] p1a,p1b\n|-resisted|p1b: Flygon\n|-damage|p1a: Trapinch|9\/100\n|-damage|p1b: Flygon|58\/100\n|\n|-weather|SunnyDay|[upkeep]\n|upkeep\n|\n|t:|1701145730\n|switch|p2b: Ursaluna|Ursaluna-Bloodmoon, M|100\/100\n|turn|2\n|inactive|Battle timer is ON: inactive players will automatically lose when time's up. (requested by ElLukyCrackHD_YT)\n|\n|t:|1701145759\n|move|p1a: Trapinch|Protect|p1a: Trapinch\n|-singleturn|p1a: Trapinch|Protect\n|move|p2a: Charizard|Heat Wave|p1a: Trapinch|[spread] p1b\n|-activate|p1a: Trapinch|move: Protect\n|-resisted|p1b: Flygon\n|-damage|p1b: Flygon|17\/100\n|move|p1b: Flygon|Rock Slide|p2a: Charizard|[spread] p2a,p2b\n|-supereffective|p2a: Charizard\n|-resisted|p2b: Ursaluna\n|-damage|p2a: Charizard|0 fnt\n|-damage|p2b: Ursaluna|94\/100\n|faint|p2a: Charizard\n|move|p2b: Ursaluna|Blood Moon|p1b: Flygon\n|-damage|p1b: Flygon|0 fnt\n|faint|p1b: Flygon\n|\n|-weather|SunnyDay|[upkeep]\n|-heal|p2b: Ursaluna|99\/100|[from] item: Leftovers\n|upkeep\n|inactive|Tehiesj has 120 seconds left.\n|\n|t:|1701145803\n|switch|p2a: Slaking|Slaking, M|100\/100\n|switch|p1b: Farigiraf|Farigiraf, M|100\/100\n|turn|3\n|inactive|Tehiesj has 120 seconds left.\n|inactive|ElLukyCrackHD_YT has 120 seconds left.\n|\n|t:|1701145834\n|-terastallize|p1b: Farigiraf|Fighting\n|move|p2a: Slaking|Body Slam|p1a: Trapinch\n|-damage|p1a: Trapinch|0 fnt\n|faint|p1a: Trapinch\n|move|p2b: Ursaluna|Hyper Voice|p1b: Farigiraf\n|-damage|p1b: Farigiraf|50\/100\n|move|p1b: Farigiraf|Trick Room|p1b: Farigiraf\n|-fieldstart|move: Trick Room|[of] p1b: Farigiraf\n|\n|-weather|SunnyDay|[upkeep]\n|-heal|p2b: Ursaluna|100\/100|[from] item: Leftovers\n|upkeep\n|\n|t:|1701145861\n|switch|p1a: Oranguru|Oranguru, F|100\/100\n|turn|4\n|inactive|Tehiesj has 90 seconds left.\n|\n|t:|1701145913\n|switch|p2b: Grafaiai|Grafaiai, M|100\/100\n|move|p1b: Farigiraf|Tera Blast|p2b: Grafaiai|[anim] Tera Blast Fighting\n|-damage|p2b: Grafaiai|65\/100\n|move|p1a: Oranguru|Instruct|p1b: Farigiraf\n|-singleturn|p1b: Farigiraf|move: Instruct|[of] p1a: Oranguru\n|move|p1b: Farigiraf|Tera Blast|p2b: Grafaiai|[anim] Tera Blast Fighting\n|-damage|p2b: Grafaiai|25\/100\n|cant|p2a: Slaking|ability: Truant\n|\n|-weather|SunnyDay|[upkeep]\n|-heal|p2b: Grafaiai|31\/100|[from] item: Leftovers\n|upkeep\n|turn|5\n|inactive|Tehiesj has 90 seconds left.\n|\n|t:|1701145933\n|move|p2b: Grafaiai|Doodle||[still]\n|cant|p1b: Farigiraf|ability: Armor Tail|Doodle|[of] p2b: Grafaiai\n|move|p1b: Farigiraf|Tera Blast|p2a: Slaking|[anim] Tera Blast Fighting\n|-supereffective|p2a: Slaking\n|-damage|p2a: Slaking|38\/100\n|move|p1a: Oranguru|Instruct|p1b: Farigiraf\n|-singleturn|p1b: Farigiraf|move: Instruct|[of] p1a: Oranguru\n|move|p1b: Farigiraf|Tera Blast|p2a: Slaking|[anim] Tera Blast Fighting\n|-supereffective|p2a: Slaking\n|-damage|p2a: Slaking|0 fnt\n|faint|p2a: Slaking\n|\n|-weather|none\n|-heal|p2b: Grafaiai|37\/100|[from] item: Leftovers\n|upkeep\n|\n|t:|1701145939\n|switch|p2a: Ursaluna|Ursaluna-Bloodmoon, M|100\/100\n|turn|6\n|\n|t:|1701145955\n|move|p2b: Grafaiai|Swords Dance|p2b: Grafaiai\n|-boost|p2b: Grafaiai|atk|2\n|move|p1b: Farigiraf|Tera Blast|p2a: Ursaluna|[anim] Tera Blast Fighting\n|-supereffective|p2a: Ursaluna\n|-damage|p2a: Ursaluna|30\/100\n|move|p1a: Oranguru|Instruct|p1b: Farigiraf\n|-singleturn|p1b: Farigiraf|move: Instruct|[of] p1a: Oranguru\n|move|p1b: Farigiraf|Tera Blast|p2a: Ursaluna|[anim] Tera Blast Fighting\n|-supereffective|p2a: Ursaluna\n|-damage|p2a: Ursaluna|0 fnt\n|faint|p2a: Ursaluna\n|\n|-heal|p2b: Grafaiai|43\/100|[from] item: Leftovers\n|upkeep\n|\n|t:|1701145959\n|switch|p2a: Kingambit|Kingambit, M|100\/100\n|-activate|p2a: Kingambit|ability: Supreme Overlord\n|-start|p2a: Kingambit|fallen4|[silent]\n|turn|7\n|inactive|Tehiesj has 120 seconds left.\n|\n|t:|1701145988\n|move|p2b: Grafaiai|Baton Pass||[still]\n|-fail|p2b: Grafaiai\n|move|p1b: Farigiraf|Tera Blast|p2a: Kingambit|[anim] Tera Blast Fighting\n|-supereffective|p2a: Kingambit\n|-damage|p2a: Kingambit|2\/100\n|-enditem|p2a: Kingambit|Weakness Policy\n|-boost|p2a: Kingambit|atk|2|[from] item: Weakness Policy\n|-boost|p2a: Kingambit|spa|2|[from] item: Weakness Policy\n|move|p1a: Oranguru|Instruct|p1b: Farigiraf\n|-singleturn|p1b: Farigiraf|move: Instruct|[of] p1a: Oranguru\n|move|p1b: Farigiraf|Tera Blast|p2a: Kingambit|[anim] Tera Blast Fighting\n|-supereffective|p2a: Kingambit\n|-damage|p2a: Kingambit|0 fnt\n|faint|p2a: Kingambit\n|-end|p2a: Kingambit|fallen4|[silent]\n|\n|-heal|p2b: Grafaiai|49\/100|[from] item: Leftovers\n|-fieldend|move: Trick Room\n|upkeep\n|turn|8\n|inactive|Tehiesj has 120 seconds left.\n|-message|ElLukyCrackHD_YT forfeited.\n|\n|win|Tehiesj\n|raw|Tehiesj's rating: 1000 &rarr; <strong>1045<\/strong><br \/>(+45 for winning)\n|raw|ElLukyCrackHD_YT's rating: 1046 &rarr; <strong>1027<\/strong><br \/>(-19 for losing)\n|l|\u2606ElLukyCrackHD_YT\n","uploadtime":1701146009,"views":9,"p1id":"tehiesj","p2id":"ellukycrackhdyt","formatid":"gen9nationaldexdoubles","rating":1027,"private":0,"password":""}