{"id":"gen9nationaldexdoubles-1988208024","p1":"jin2jin","p2":"Troye yo","format":"[Gen 9] National Dex Doubles","log":"|j|\u2606jin2jin\n|j|\u2606Troye yo\n|t:|1699685466\n|gametype|doubles\n|player|p1|jin2jin|rosa|1088\n|player|p2|Troye yo|102|1282\n|teamsize|p1|6\n|teamsize|p2|6\n|gen|9\n|tier|[Gen 9] National Dex Doubles\n|rated|\n|rule|HP Percentage Mod: HP is shown in percentages\n|rule|Endless Battle Clause: Forcing endless battles is banned\n|rule|OHKO Clause: OHKO moves are banned\n|rule|Evasion Moves Clause: Evasion moves are banned\n|rule|Evasion Abilities Clause: Evasion abilities are banned\n|rule|Species Clause: Limit one of each Pok\u00e9mon\n|rule|Gravity Sleep Clause: The combination of sleep-inducing moves with imperfect accuracy and Gravity or Gigantamax Orbeetle are banned\n|clearpoke\n|poke|p1|Comfey, F|\n|poke|p1|Primarina, F|\n|poke|p1|Metagross|\n|poke|p1|Rillaboom, F|\n|poke|p1|Camerupt, F|\n|poke|p1|Electabuzz, F|\n|poke|p2|Amoonguss, F|\n|poke|p2|Volcarona, M|\n|poke|p2|Farigiraf, F|\n|poke|p2|Mawile, M|\n|poke|p2|Kartana|\n|poke|p2|Flutter Mane|\n|teampreview\n|inactive|Battle timer is ON: inactive players will automatically lose when time's up. (requested by Troye yo)\n|\n|t:|1699685481\n|start\n|switch|p1a: Comfey|Comfey, F, shiny|100\/100\n|switch|p1b: Primarina|Primarina, F, shiny|100\/100\n|switch|p2a: Volcarona|Volcarona, M|100\/100\n|switch|p2b: Farigiraf|Farigiraf, F|100\/100\n|turn|1\n|\n|t:|1699685491\n|switch|p2a: Amoonguss|Amoonguss, F, shiny|100\/100\n|move|p2b: Farigiraf|Imprison|p2b: Farigiraf\n|-start|p2b: Farigiraf|move: Imprison\n|move|p1b: Primarina|Hyper Voice|p2b: Farigiraf|[spread] p2a,p2b\n|-resisted|p2a: Amoonguss\n|-damage|p2a: Amoonguss|83\/100\n|-damage|p2b: Farigiraf|71\/100\n|cant|p1a: Comfey|move: Imprison|Trick Room\n|\n|upkeep\n|turn|2\n|\n|t:|1699685514\n|switch|p1a: Metagross|Metagross, shiny|100\/100\n|move|p1b: Primarina|Protect|p1b: Primarina\n|-singleturn|p1b: Primarina|Protect\n|move|p2b: Farigiraf|Psyshock|p1b: Primarina\n|-activate|p1b: Primarina|move: Protect\n|move|p2a: Amoonguss|Spore|p1b: Primarina\n|-activate|p1b: Primarina|move: Protect\n|\n|upkeep\n|turn|3\n|\n|t:|1699685530\n|move|p2b: Farigiraf|Psyshock|p1b: Primarina\n|-damage|p1b: Primarina|57\/100\n|move|p1a: Metagross|Zen Headbutt|p2a: Amoonguss\n|-supereffective|p2a: Amoonguss\n|-damage|p2a: Amoonguss|13\/100\n|-damage|p1a: Metagross|84\/100|[from] item: Rocky Helmet|[of] p2a: Amoonguss\n|move|p1b: Primarina|Ice Beam|p2a: Amoonguss\n|-supereffective|p2a: Amoonguss\n|-damage|p2a: Amoonguss|0 fnt\n|faint|p2a: Amoonguss\n|\n|upkeep\n|inactive|Troye yo has 120 seconds left.\n|\n|t:|1699685556\n|switch|p2a: Volcarona|Volcarona, M|100\/100\n|turn|4\n|\n|t:|1699685576\n|move|p2a: Volcarona|Quiver Dance|p2a: Volcarona\n|-boost|p2a: Volcarona|spa|1\n|-boost|p2a: Volcarona|spd|1\n|-boost|p2a: Volcarona|spe|1\n|move|p2b: Farigiraf|Psyshock|p1b: Primarina\n|-damage|p1b: Primarina|19\/100\n|move|p1a: Metagross|Hammer Arm|p2b: Farigiraf\n|-damage|p2b: Farigiraf|34\/100\n|-unboost|p1a: Metagross|spe|1\n|-enditem|p2b: Farigiraf|Sitrus Berry|[eat]\n|-heal|p2b: Farigiraf|58\/100|[from] item: Sitrus Berry\n|move|p1b: Primarina|Hyper Voice|p2a: Volcarona|[spread] p2a,p2b\n|-supereffective|p2a: Volcarona\n|-damage|p2a: Volcarona|54\/100\n|-damage|p2b: Farigiraf|25\/100\n|\n|upkeep\n|turn|5\n|\n|t:|1699685595\n|move|p2b: Farigiraf|Helping Hand|p2a: Volcarona\n|-singleturn|p2a: Volcarona|Helping Hand|[of] p2b: Farigiraf\n|move|p2a: Volcarona|Heat Wave|p1b: Primarina|[spread] p1a,p1b\n|-supereffective|p1a: Metagross\n|-resisted|p1b: Primarina\n|-damage|p1a: Metagross|0 fnt\n|-damage|p1b: Primarina|0 fnt\n|faint|p1a: Metagross\n|faint|p1b: Primarina\n|\n|upkeep\n|\n|t:|1699685607\n|switch|p1a: Comfey|Comfey, F, shiny|100\/100\n|switch|p1b: Camerupt|Camerupt, F, shiny|100\/100\n|turn|6\n|\n|t:|1699685630\n|-terastallize|p1b: Camerupt|Fire\n|move|p1a: Comfey|Ally Switch|p1a: Comfey\n|swap|p1a: Comfey|1|[from] move: Ally Switch\n|-zpower|p2a: Volcarona\n|move|p2a: Volcarona|Inferno Overdrive|p1b: Comfey|[zeffect]\n|-damage|p1b: Comfey|0 fnt\n|faint|p1b: Comfey\n|move|p2b: Farigiraf|Psyshock|p1a: Camerupt\n|-damage|p1a: Camerupt|49\/100\n|move|p1a: Camerupt|Eruption|p2a: Volcarona|[spread] p2a,p2b\n|-damage|p2a: Volcarona|28\/100\n|-damage|p2b: Farigiraf|0 fnt\n|faint|p2b: Farigiraf\n|\n|upkeep\n|\n|t:|1699685652\n|switch|p1b: Rillaboom|Rillaboom, F, shiny|100\/100\n|switch|p2b: Flutter Mane|Flutter Mane|100\/100\n|-fieldstart|move: Grassy Terrain|[from] ability: Grassy Surge|[of] p1b: Rillaboom\n|turn|7\n|\n|t:|1699685673\n|move|p2a: Volcarona|Protect|p2a: Volcarona\n|-singleturn|p2a: Volcarona|Protect\n|move|p1b: Rillaboom|Fake Out|p2a: Volcarona\n|-activate|p2a: Volcarona|move: Protect\n|move|p2b: Flutter Mane|Moonblast|p1b: Rillaboom\n|-damage|p1b: Rillaboom|9\/100\n|-unboost|p1b: Rillaboom|spa|1\n|move|p1a: Camerupt|Heat Wave|p2b: Flutter Mane|[spread] p2b\n|-activate|p2a: Volcarona|move: Protect\n|-damage|p2b: Flutter Mane|37\/100\n|\n|-heal|p2b: Flutter Mane|43\/100|[from] Grassy Terrain\n|-heal|p2a: Volcarona|34\/100|[from] Grassy Terrain\n|-heal|p1b: Rillaboom|15\/100|[from] Grassy Terrain\n|-heal|p1a: Camerupt|56\/100|[from] Grassy Terrain\n|upkeep\n|turn|8\n|\n|t:|1699685694\n|move|p1b: Rillaboom|Grassy Glide|p2b: Flutter Mane\n|-damage|p2b: Flutter Mane|0 fnt\n|faint|p2b: Flutter Mane\n|-end|p2b: Flutter Mane|Protosynthesis|[silent]\n|move|p2a: Volcarona|Heat Wave|p1b: Rillaboom|[spread] p1a,p1b\n|-resisted|p1a: Camerupt\n|-supereffective|p1b: Rillaboom\n|-damage|p1a: Camerupt|21\/100\n|-damage|p1b: Rillaboom|0 fnt\n|faint|p1b: Rillaboom\n|move|p1a: Camerupt|Heat Wave|p2a: Volcarona\n|-damage|p2a: Volcarona|0 fnt\n|faint|p2a: Volcarona\n|\n|-heal|p1a: Camerupt|28\/100|[from] Grassy Terrain\n|upkeep\n|\n|t:|1699685699\n|switch|p2b: Mawile|Mawile, M|100\/100\n|switch|p2a: Kartana|Kartana|100\/100\n|switch|p1b: Electabuzz|Electabuzz, F|100\/100\n|-ability|p2b: Mawile|Intimidate|boost\n|-unboost|p1a: Camerupt|atk|1\n|-unboost|p1b: Electabuzz|atk|1\n|turn|9\n|\n|t:|1699685710\n|detailschange|p2b: Mawile|Mawile-Mega, M\n|-mega|p2b: Mawile|Mawile|Mawilite\n|move|p1b: Electabuzz|Follow Me|p1b: Electabuzz\n|-singleturn|p1b: Electabuzz|move: Follow Me\n|move|p2b: Mawile|Sucker Punch||[still]\n|-fail|p2b: Mawile\n|move|p2a: Kartana|Leaf Blade|p1b: Electabuzz\n|-damage|p1b: Electabuzz|43\/100\n|move|p1a: Camerupt|Heat Wave|p2b: Mawile|[spread] p2a\n|-miss|p1a: Camerupt|p2b: Mawile\n|-supereffective|p2a: Kartana\n|-damage|p2a: Kartana|0 fnt\n|faint|p2a: Kartana\n|\n|-heal|p1b: Electabuzz|49\/100|[from] Grassy Terrain\n|-heal|p1a: Camerupt|34\/100|[from] Grassy Terrain\n|upkeep\n|turn|10\n|\n|t:|1699685739\n|move|p1b: Electabuzz|Follow Me|p1b: Electabuzz\n|-singleturn|p1b: Electabuzz|move: Follow Me\n|move|p2b: Mawile|Sucker Punch||[still]\n|-fail|p2b: Mawile\n|move|p1a: Camerupt|Heat Wave|p2b: Mawile\n|-supereffective|p2b: Mawile\n|-damage|p2b: Mawile|0 fnt\n|faint|p2b: Mawile\n|\n|win|jin2jin\n|raw|jin2jin's rating: 1088 &rarr; <strong>1128<\/strong><br \/>(+40 for winning)\n|raw|Troye yo's rating: 1282 &rarr; <strong>1244<\/strong><br \/>(-38 for losing)\n|c|\u2606Troye yo|GG\n|l|\u2606Troye yo\n","uploadtime":1699685750,"views":14,"p1id":"jin2jin","p2id":"troyeyo","formatid":"gen9nationaldexdoubles","rating":1128,"private":0,"password":""}