{"id":"gen9nationaldexdoubles-1994336760","p1":"Dino3240","p2":"Edso2021","format":"[Gen 9] National Dex Doubles","log":"|j|\u2606Dino3240\n|j|\u2606Edso2021\n|t:|1700432507\n|gametype|doubles\n|player|p1|Dino3240|hilbert|\n|player|p2|Edso2021|266|\n|teamsize|p1|6\n|teamsize|p2|6\n|gen|9\n|tier|[Gen 9] National Dex Doubles\n|rule|HP Percentage Mod: HP is shown in percentages\n|rule|Endless Battle Clause: Forcing endless battles is banned\n|rule|OHKO Clause: OHKO moves are banned\n|rule|Evasion Moves Clause: Evasion moves are banned\n|rule|Evasion Abilities Clause: Evasion abilities are banned\n|rule|Species Clause: Limit one of each Pok\u00e9mon\n|rule|Gravity Sleep Clause: The combination of sleep-inducing moves with imperfect accuracy and Gravity or Gigantamax Orbeetle are banned\n|clearpoke\n|poke|p1|Scorbunny, F|\n|poke|p1|Riolu, M|\n|poke|p1|Mudkip, M|\n|poke|p1|Treecko, F|\n|poke|p1|Charmander, M|\n|poke|p1|Bulbasaur, F|\n|poke|p2|Cyndaquil, F|\n|poke|p2|Totodile, M|\n|poke|p2|Treecko, F|\n|poke|p2|Pichu, F|\n|poke|p2|Rowlet, F|\n|poke|p2|Scorbunny, F|\n|teampreview\n|\n|t:|1700432530\n|start\n|switch|p1a: Mudkip|Mudkip, M|100\/100\n|switch|p1b: Treecko|Treecko, F|100\/100\n|switch|p2a: Totodile|Totodile, M|100\/100\n|switch|p2b: Pichu|Pichu, F|100\/100\n|turn|1\n|\n|t:|1700432565\n|-terastallize|p2a: Totodile|Dragon\n|-terastallize|p1a: Mudkip|Poison\n|move|p1b: Treecko|Substitute|p1b: Treecko\n|-start|p1b: Treecko|Substitute\n|-damage|p1b: Treecko|76\/100\n|move|p2b: Pichu|Nuzzle|p1a: Mudkip\n|-damage|p1a: Mudkip|93\/100\n|-status|p1a: Mudkip|par\n|move|p2a: Totodile|Ice Punch|p1b: Treecko\n|-supereffective|p1b: Treecko\n|-end|p1b: Treecko|Substitute\n|cant|p1a: Mudkip|par\n|\n|upkeep\n|turn|2\n|\n|t:|1700432592\n|move|p1b: Treecko|Dragon Breath|p2a: Totodile\n|-supereffective|p2a: Totodile\n|-damage|p2a: Totodile|34\/100\n|-damage|p1b: Treecko|66\/100|[from] item: Life Orb\n|move|p2b: Pichu|Nuzzle|p1b: Treecko\n|-resisted|p1b: Treecko\n|-damage|p1b: Treecko|57\/100\n|-status|p1b: Treecko|par\n|move|p2a: Totodile|Dragon Dance|p2a: Totodile\n|-boost|p2a: Totodile|atk|1\n|-boost|p2a: Totodile|spe|1\n|move|p1a: Mudkip|Avalanche|p2a: Totodile\n|-supereffective|p2a: Totodile\n|-damage|p2a: Totodile|0 fnt\n|faint|p2a: Totodile\n|\n|upkeep\n|\n|t:|1700432613\n|switch|p2a: Rowlet|Rowlet, F|100\/100\n|turn|3\n|\n|t:|1700432627\n|move|p2b: Pichu|Play Rough|p1b: Treecko\n|-damage|p1b: Treecko|3\/100 par\n|move|p2a: Rowlet|Brave Bird|p1b: Treecko\n|-supereffective|p1b: Treecko\n|-damage|p1b: Treecko|0 fnt\n|faint|p1b: Treecko\n|-damage|p2a: Rowlet|99\/100|[from] Recoil\n|cant|p1a: Mudkip|par\n|\n|upkeep\n|\n|t:|1700432644\n|switch|p1b: Charmander|Charmander, M|100\/100\n|turn|4\n|\n|t:|1700432688\n|move|p2b: Pichu|Fake Out||[still]\n|-hint|Fake Out only works on your first turn out.\n|-fail|p2b: Pichu\n|move|p1b: Charmander|Heat Wave|p2a: Rowlet|[spread] p2a,p2b\n|-supereffective|p2a: Rowlet\n|-damage|p2a: Rowlet|38\/100\n|-enditem|p2b: Pichu|Focus Sash\n|-damage|p2b: Pichu|1\/100\n|move|p2a: Rowlet|Leaf Blade|p1a: Mudkip\n|-resisted|p1a: Mudkip\n|-damage|p1a: Mudkip|75\/100 par\n|move|p1a: Mudkip|Rock Smash|p2b: Pichu\n|-damage|p2b: Pichu|0 fnt\n|faint|p2b: Pichu\n|\n|upkeep\n|\n|t:|1700432704\n|switch|p2b: Scorbunny|Scorbunny, F|100\/100\n|turn|5\n|\n|t:|1700432721\n|move|p2b: Scorbunny|U-turn|p1a: Mudkip\n|-start|p2b: Scorbunny|typechange|Bug|[from] ability: Libero\n|-resisted|p1a: Mudkip\n|-damage|p1a: Mudkip|54\/100 par\n|-damage|p2b: Scorbunny|91\/100|[from] item: Life Orb\n|\n|t:|1700432726\n|switch|p2b: Cyndaquil|Cyndaquil, F|100\/100|[from] U-turn\n|move|p1b: Charmander|Heat Wave|p2a: Rowlet|[spread] p2a\n|-start|p2b: Cyndaquil|ability: Flash Fire\n|-supereffective|p2a: Rowlet\n|-damage|p2a: Rowlet|0 fnt\n|faint|p2a: Rowlet\n|move|p1a: Mudkip|Waterfall|p2b: Cyndaquil\n|-supereffective|p2b: Cyndaquil\n|-damage|p2b: Cyndaquil|0 fnt\n|faint|p2b: Cyndaquil\n|\n|upkeep\n|\n|t:|1700432739\n|switch|p2b: Scorbunny|Scorbunny, F|91\/100\n|switch|p2a: Treecko|Treecko, F|100\/100\n|turn|6\n|\n|t:|1700432770\n|move|p2a: Treecko|Dragon Breath|p1a: Mudkip\n|-damage|p1a: Mudkip|27\/100 par\n|-damage|p2a: Treecko|91\/100|[from] item: Life Orb\n|move|p2b: Scorbunny|Flare Blitz|p1a: Mudkip\n|-damage|p1a: Mudkip|0 fnt\n|faint|p1a: Mudkip\n|-damage|p2b: Scorbunny|80\/100|[from] Recoil\n|-damage|p2b: Scorbunny|70\/100|[from] item: Life Orb\n|move|p1b: Charmander|Heat Wave|p2a: Treecko|[spread] p2a,p2b\n|-supereffective|p2a: Treecko\n|-resisted|p2b: Scorbunny\n|-damage|p2a: Treecko|0 fnt\n|-damage|p2b: Scorbunny|31\/100\n|faint|p2a: Treecko\n|\n|upkeep\n|\n|t:|1700432791\n|switch|p1a: Riolu|Riolu, M|100\/100\n|turn|7\n|\n|t:|1700432801\n|move|p1a: Riolu|Bullet Punch|p2b: Scorbunny\n|-resisted|p2b: Scorbunny\n|-damage|p2b: Scorbunny|20\/100\n|move|p2b: Scorbunny|Flare Blitz|p1a: Riolu\n|-enditem|p1a: Riolu|Focus Sash\n|-damage|p1a: Riolu|1\/100\n|-damage|p2b: Scorbunny|0 fnt|[from] Recoil\n|faint|p2b: Scorbunny\n|\n|win|Dino3240\n","uploadtime":1700432812,"views":5,"p1id":"dino3240","p2id":"edso2021","formatid":"gen9nationaldexdoubles","rating":0,"private":0,"password":""}