{"id":"gen9nationaldexdoubles-1971700727","p1":"Spiceman404","p2":"fumbari 24","format":"[Gen 9] National Dex Doubles","log":"|j|\u2606Spiceman404\n|j|\u2606fumbari 24\n|t:|1697762620\n|gametype|doubles\n|player|p1|Spiceman404|hilda|1072\n|player|p2|fumbari 24|hilbert|1351\n|teamsize|p1|6\n|teamsize|p2|6\n|gen|9\n|tier|[Gen 9] National Dex Doubles\n|rated|\n|rule|HP Percentage Mod: HP is shown in percentages\n|rule|Endless Battle Clause: Forcing endless battles is banned\n|rule|OHKO Clause: OHKO moves are banned\n|rule|Evasion Moves Clause: Evasion moves are banned\n|rule|Evasion Abilities Clause: Evasion abilities are banned\n|rule|Species Clause: Limit one of each Pok\u00e9mon\n|rule|Gravity Sleep Clause: The combination of sleep-inducing moves with imperfect accuracy and Gravity or Gigantamax Orbeetle are banned\n|clearpoke\n|poke|p1|Regigigas|\n|poke|p1|Chansey, F|\n|poke|p1|Amoonguss, F|\n|poke|p1|Zoroark, M|\n|poke|p1|Aegislash, M|\n|poke|p1|Heatran, F|\n|poke|p2|Alakazam, M|\n|poke|p2|Indeedee-F, F|\n|poke|p2|Meowscarada, M|\n|poke|p2|Garchomp, M|\n|poke|p2|Blastoise, M|\n|poke|p2|Suicune|\n|teampreview\n|\n|t:|1697762632\n|start\n|switch|p1a: Regigigas|Regigigas|100\/100\n|switch|p1b: Chansey|Chansey, F|100\/100\n|switch|p2a: Fang|Garchomp, M|100\/100\n|switch|p2b: Suicune|Suicune|100\/100\n|-start|p1a: Regigigas|ability: Slow Start\n|turn|1\n|\n|t:|1697762657\n|move|p2a: Fang|Swords Dance|p2a: Fang\n|-boost|p2a: Fang|atk|2\n|move|p2b: Suicune|Icy Wind|p1b: Chansey|[spread] p1a,p1b\n|-crit|p1b: Chansey\n|-damage|p1a: Regigigas|92\/100\n|-damage|p1b: Chansey|93\/100\n|-unboost|p1a: Regigigas|spe|1\n|-unboost|p1b: Chansey|spe|1\n|move|p1b: Chansey|Skill Swap|p1a: Regigigas\n|-activate|p1b: Chansey|move: Skill Swap|||[of] p1a: Regigigas\n|-end|p1a: Regigigas|Slow Start|[silent]\n|-start|p1b: Chansey|ability: Slow Start\n|move|p1a: Regigigas|Power-Up Punch|p2b: Suicune\n|-damage|p2b: Suicune|89\/100\n|-boost|p1a: Regigigas|atk|1\n|\n|-heal|p1a: Regigigas|99\/100|[from] item: Leftovers\n|upkeep\n|turn|2\n|\n|t:|1697762678\n|-zpower|p2a: Fang\n|move|p2a: Fang|Tectonic Rage|p1a: Regigigas|[zeffect]\n|-damage|p1a: Regigigas|0 fnt\n|faint|p1a: Regigigas\n|move|p2b: Suicune|Scald|p1b: Chansey\n|-damage|p1b: Chansey|78\/100\n|-status|p1b: Chansey|brn\n|move|p1b: Chansey|Skill Swap|p2a: Fang\n|-activate|p1b: Chansey|move: Skill Swap|Rough Skin|Slow Start|[of] p2a: Fang\n|-end|p1b: Chansey|Slow Start|[silent]\n|-start|p2a: Fang|ability: Slow Start\n|\n|-damage|p1b: Chansey|72\/100 brn|[from] brn\n|upkeep\n|\n|t:|1697762695\n|switch|p1a: Amongsus|Amoonguss, F, shiny|100\/100\n|turn|3\n|\n|t:|1697762706\n|move|p2a: Fang|Protect|p2a: Fang\n|-singleturn|p2a: Fang|Protect\n|move|p2b: Suicune|Icy Wind|p1a: Amongsus|[spread] p1a,p1b\n|-supereffective|p1a: Amongsus\n|-damage|p1a: Amongsus|82\/100\n|-damage|p1b: Chansey|67\/100 brn\n|-unboost|p1a: Amongsus|spe|1\n|-unboost|p1b: Chansey|spe|1\n|move|p1b: Chansey|Soft-Boiled|p1b: Chansey\n|-heal|p1b: Chansey|100\/100 brn\n|move|p1a: Amongsus|Giga Drain|p2b: Suicune\n|-supereffective|p2b: Suicune\n|-damage|p2b: Suicune|39\/100\n|-heal|p1a: Amongsus|100\/100|[from] drain|[of] p2b: Suicune\n|-enditem|p2b: Suicune|Sitrus Berry|[eat]\n|-heal|p2b: Suicune|64\/100|[from] item: Sitrus Berry\n|\n|-damage|p1b: Chansey|94\/100 brn|[from] brn\n|upkeep\n|turn|4\n|\n|t:|1697762729\n|switch|p1b: Aegislash|Aegislash, M|100\/100\n|move|p2b: Suicune|Scald|p1a: Amongsus\n|-resisted|p1a: Amongsus\n|-crit|p1a: Amongsus\n|-damage|p1a: Amongsus|77\/100\n|move|p2a: Fang|Earthquake|p1b: Aegislash|[spread] p2b,p1a,p1b\n|-supereffective|p1b: Aegislash\n|-damage|p2b: Suicune|37\/100\n|-damage|p1a: Amongsus|28\/100\n|-damage|p1b: Aegislash|31\/100\n|move|p1a: Amongsus|Giga Drain|p2b: Suicune\n|-supereffective|p2b: Suicune\n|-damage|p2b: Suicune|0 fnt\n|-heal|p1a: Amongsus|45\/100|[from] drain|[of] p2b: Suicune\n|faint|p2b: Suicune\n|\n|-heal|p1b: Aegislash|37\/100|[from] item: Leftovers\n|upkeep\n|\n|t:|1697762747\n|switch|p2b: A.Banderas|Meowscarada, M|100\/100\n|turn|5\n|\n|t:|1697762759\n|move|p2b: A.Banderas|Protect|p2b: A.Banderas\n|-singleturn|p2b: A.Banderas|Protect\n|move|p1b: Aegislash|King's Shield|p1b: Aegislash\n|-singleturn|p1b: Aegislash|Protect\n|move|p2a: Fang|Earthquake|p1a: Amongsus|[spread] p1a\n|-activate|p2b: A.Banderas|move: Protect\n|-activate|p1b: Aegislash|move: Protect\n|-damage|p1a: Amongsus|0 fnt\n|faint|p1a: Amongsus\n|\n|-heal|p1b: Aegislash|43\/100|[from] item: Leftovers\n|upkeep\n|\n|t:|1697762777\n|switch|p1a: Heatran|Heatran, F|100\/100\n|turn|6\n|\n|t:|1697762795\n|-terastallize|p1b: Aegislash|Water\n|move|p2a: Fang|Protect|p2a: Fang\n|-singleturn|p2a: Fang|Protect\n|move|p2b: A.Banderas|Taunt|p1b: Aegislash\n|-start|p1b: Aegislash|move: Taunt\n|replace|p1a: Zoroark|Zoroark, M\n|-end|p1a: Zoroark|Illusion\n|-zpower|p1a: Zoroark\n|move|p1a: Zoroark|All-Out Pummeling|p2a: Fang|[zeffect]\n|-zbroken|p2a: Fang\n|-damage|p2a: Fang|87\/100\n|-formechange|p1b: Aegislash|Aegislash-Blade||[from] ability: Stance Change\n|move|p1b: Aegislash|Flash Cannon|p2a: Fang\n|-activate|p2a: Fang|move: Protect\n|\n|-heal|p1b: Aegislash|49\/100|[from] item: Leftovers\n|-end|p2a: Fang|Slow Start\n|upkeep\n|turn|7\n|-message|Spiceman404 forfeited.\n|\n|win|fumbari 24\n|raw|Spiceman404's rating: 1072 &rarr; <strong>1065<\/strong><br \/>(-7 for losing)\n|raw|fumbari 24's rating: 1351 &rarr; <strong>1358<\/strong><br \/>(+7 for winning)\n|l|\u2606Spiceman404\n","uploadtime":1697762872,"views":12,"p1id":"spiceman404","p2id":"fumbari24","formatid":"gen9nationaldexdoubles","rating":1065,"private":0,"password":""}