{"id":"gen9nationaldexdoubles-1996652189","p1":"El Ryuk456","p2":"kazagumo","format":"[Gen 9] National Dex Doubles","log":"|j|\u2606El Ryuk456\n|j|\u2606kazagumo\n|t:|1700705418\n|gametype|doubles\n|player|p1|El Ryuk456|ingo|1273\n|player|p2|kazagumo|lady|1331\n|teamsize|p1|6\n|teamsize|p2|6\n|gen|9\n|tier|[Gen 9] National Dex Doubles\n|rated|\n|rule|HP Percentage Mod: HP is shown in percentages\n|rule|Endless Battle Clause: Forcing endless battles is banned\n|rule|OHKO Clause: OHKO moves are banned\n|rule|Evasion Moves Clause: Evasion moves are banned\n|rule|Evasion Abilities Clause: Evasion abilities are banned\n|rule|Species Clause: Limit one of each Pok\u00e9mon\n|rule|Gravity Sleep Clause: The combination of sleep-inducing moves with imperfect accuracy and Gravity or Gigantamax Orbeetle are banned\n|clearpoke\n|poke|p1|Lucario, M|\n|poke|p1|Ogerpon, F|\n|poke|p1|Tapu Lele|\n|poke|p1|Crobat, F|\n|poke|p1|Tinkaton, F|\n|poke|p1|Luxray, M|\n|poke|p2|Primarina, M|\n|poke|p2|Rillaboom, F|\n|poke|p2|Heliolisk, M|\n|poke|p2|Kommo-o, F|\n|poke|p2|Arbok, M|\n|poke|p2|Abomasnow, M|\n|teampreview\n|inactive|Battle timer is ON: inactive players will automatically lose when time's up. (requested by El Ryuk456)\n|\n|t:|1700705440\n|start\n|switch|p1a: Luxray|Luxray, M|100\/100\n|switch|p1b: Crobat|Crobat, F, shiny|100\/100\n|switch|p2a: Arbok|Arbok, M|100\/100\n|switch|p2b: Rillaboom|Rillaboom, F|100\/100\n|-ability|p2a: Arbok|Intimidate|boost\n|-unboost|p1a: Luxray|atk|1\n|-fail|p1b: Crobat|unboost|Attack|[from] ability: Inner Focus|[of] p1b: Crobat\n|-fieldstart|move: Grassy Terrain|[from] ability: Grassy Surge|[of] p2b: Rillaboom\n|-ability|p1a: Luxray|Intimidate|boost\n|-unboost|p2a: Arbok|atk|1\n|-unboost|p2b: Rillaboom|atk|1\n|turn|1\n|\n|t:|1700705462\n|switch|p2b: Heliolisk|Heliolisk, M|100\/100\n|move|p1b: Crobat|Tailwind|p1b: Crobat\n|-sidestart|p1: El Ryuk456|move: Tailwind\n|move|p1a: Luxray|Volt Switch|p2a: Arbok\n|-damage|p2a: Arbok|70\/100\n|-enditem|p2a: Arbok|Eject Button\n|\n|t:|1700705470\n|switch|p2a: Primarina|Primarina, M|100\/100\n|\n|upkeep\n|turn|2\n|\n|t:|1700705493\n|switch|p1b: Tinkaton|Tinkaton, F|100\/100\n|-ability|p1b: Tinkaton|Mold Breaker\n|-terastallize|p2a: Primarina|Steel\n|move|p2b: Heliolisk|Volt Switch|p1b: Tinkaton\n|-damage|p1b: Tinkaton|80\/100\n|\n|t:|1700705503\n|switch|p2b: Abomasnow|Abomasnow, M|100\/100|[from] Volt Switch\n|move|p1a: Luxray|Snarl|p2b: Abomasnow|[spread] p2a\n|-immune|p2b: Abomasnow|[from] ability: Soundproof\n|-damage|p2a: Primarina|93\/100\n|-unboost|p2a: Primarina|spa|1\n|move|p2a: Primarina|Sparkling Aria|p1a: Luxray|[spread] p1a,p1b\n|-immune|p2b: Abomasnow|[from] ability: Soundproof\n|-damage|p1a: Luxray|80\/100\n|-damage|p1b: Tinkaton|66\/100\n|-enditem|p2a: Primarina|Throat Spray\n|-boost|p2a: Primarina|spa|1|[from] item: Throat Spray\n|\n|-heal|p1b: Tinkaton|72\/100|[from] Grassy Terrain\n|-heal|p1a: Luxray|86\/100|[from] Grassy Terrain\n|-heal|p2a: Primarina|99\/100|[from] Grassy Terrain\n|upkeep\n|turn|3\n|\n|t:|1700705528\n|switch|p2a: Arbok|Arbok, M|70\/100\n|-ability|p2a: Arbok|Intimidate|boost\n|-unboost|p1a: Luxray|atk|1\n|-unboost|p1b: Tinkaton|atk|1\n|detailschange|p2b: Abomasnow|Abomasnow-Mega, M\n|-mega|p2b: Abomasnow|Abomasnow|Abomasite\n|-weather|Snow|[from] ability: Snow Warning|[of] p2b: Abomasnow\n|move|p1b: Tinkaton|Fake Out|p2b: Abomasnow\n|-damage|p2b: Abomasnow|98\/100\n|move|p1a: Luxray|Snarl|p2b: Abomasnow|[spread] p2a,p2b\n|-crit|p2a: Arbok\n|-damage|p2a: Arbok|52\/100\n|-damage|p2b: Abomasnow|90\/100\n|-unboost|p2a: Arbok|spa|1\n|-unboost|p2b: Abomasnow|spa|1\n|cant|p2b: Abomasnow|flinch\n|\n|-weather|Snow|[upkeep]\n|-heal|p1b: Tinkaton|79\/100|[from] Grassy Terrain\n|-heal|p1a: Luxray|92\/100|[from] Grassy Terrain\n|-heal|p2a: Arbok|58\/100|[from] Grassy Terrain\n|-heal|p2b: Abomasnow|96\/100|[from] Grassy Terrain\n|upkeep\n|turn|4\n|\n|t:|1700705551\n|move|p1b: Tinkaton|Gigaton Hammer|p2b: Abomasnow\n|-supereffective|p2b: Abomasnow\n|-damage|p2b: Abomasnow|62\/100\n|move|p1a: Luxray|Volt Switch|p2a: Arbok\n|-damage|p2a: Arbok|27\/100\n|\n|t:|1700705560\n|switch|p1a: Lucario|Lucario, M|100\/100|[from] Volt Switch\n|move|p2a: Arbok|Glare|p1b: Tinkaton\n|-status|p1b: Tinkaton|par\n|move|p2b: Abomasnow|Blizzard|p1a: Lucario|[spread] p1a,p1b\n|-resisted|p1a: Lucario\n|-resisted|p1b: Tinkaton\n|-damage|p1a: Lucario|78\/100\n|-damage|p1b: Tinkaton|70\/100 par\n|\n|-weather|Snow|[upkeep]\n|-heal|p1a: Lucario|85\/100|[from] Grassy Terrain\n|-heal|p2a: Arbok|34\/100|[from] Grassy Terrain\n|-heal|p1b: Tinkaton|76\/100 par|[from] Grassy Terrain\n|-heal|p2b: Abomasnow|68\/100|[from] Grassy Terrain\n|-sideend|p1: El Ryuk456|move: Tailwind\n|upkeep\n|turn|5\n|\n|t:|1700705584\n|switch|p2b: Primarina|Primarina, M, tera:Steel|99\/100\n|detailschange|p1a: Lucario|Lucario-Mega, M\n|-mega|p1a: Lucario|Lucario|Lucarionite\n|move|p1a: Lucario|Protect|p1a: Lucario\n|-singleturn|p1a: Lucario|Protect\n|move|p2a: Arbok|Glare|p1a: Lucario\n|-activate|p1a: Lucario|move: Protect\n|move|p1b: Tinkaton|Rock Tomb|p2a: Arbok\n|-damage|p2a: Arbok|24\/100\n|-unboost|p2a: Arbok|spe|1\n|\n|-weather|Snow|[upkeep]\n|-heal|p1a: Lucario|91\/100|[from] Grassy Terrain\n|-heal|p2a: Arbok|30\/100|[from] Grassy Terrain\n|-heal|p1b: Tinkaton|82\/100 par|[from] Grassy Terrain\n|-heal|p2b: Primarina|100\/100|[from] Grassy Terrain\n|-fieldend|move: Grassy Terrain\n|upkeep\n|turn|6\n|\n|t:|1700705611\n|switch|p2a: Kommo-o|Kommo-o, F|100\/100\n|switch|p1b: Luxray|Luxray, M|92\/100\n|-ability|p1b: Luxray|Intimidate|boost\n|-unboost|p2a: Kommo-o|atk|1\n|-unboost|p2b: Primarina|atk|1\n|move|p1a: Lucario|Aura Sphere|p2b: Primarina\n|-supereffective|p2b: Primarina\n|-damage|p2b: Primarina|6\/100\n|move|p2b: Primarina|Sparkling Aria|p1a: Lucario|[spread] p1a,p1b\n|-immune|p2a: Kommo-o|[from] ability: Soundproof\n|-damage|p1a: Lucario|39\/100\n|-damage|p1b: Luxray|56\/100\n|\n|-weather|Snow|[upkeep]\n|upkeep\n|turn|7\n|\n|t:|1700705636\n|switch|p1a: Tapu Lele|Tapu Lele, shiny|100\/100\n|-fieldstart|move: Psychic Terrain|[from] ability: Psychic Surge|[of] p1a: Tapu Lele\n|switch|p1b: Tinkaton|Tinkaton, F|82\/100 par\n|-ability|p1b: Tinkaton|Mold Breaker\n|switch|p2b: Rillaboom|Rillaboom, F|100\/100\n|-fieldstart|move: Grassy Terrain|[from] ability: Grassy Surge|[of] p2b: Rillaboom\n|-zpower|p2a: Kommo-o\n|move|p2a: Kommo-o|Clangorous Soulblaze|p1a: Tapu Lele|[zeffect]|[spread] \n|-immune|p1a: Tapu Lele\n|-immune|p1b: Tinkaton\n|\n|-weather|none\n|-heal|p1b: Tinkaton|88\/100 par|[from] Grassy Terrain\n|upkeep\n|turn|8\n|-message|kazagumo forfeited.\n|\n|win|El Ryuk456\n|raw|El Ryuk456's rating: 1273 &rarr; <strong>1302<\/strong><br \/>(+29 for winning)\n|raw|kazagumo's rating: 1331 &rarr; <strong>1308<\/strong><br \/>(-23 for losing)\n|l|\u2606kazagumo\n","uploadtime":1700705651,"views":3,"p1id":"elryuk456","p2id":"kazagumo","formatid":"gen9nationaldexdoubles","rating":1302,"private":0,"password":""}