{"id":"gen9nationaldexdoubles-1969882552","p1":"Yu hung lo","p2":"Larger Fudge","format":"[Gen 9] National Dex Doubles","log":"|j|\u2606Yu hung lo\n|j|\u2606Larger Fudge\n|t:|1697572859\n|gametype|doubles\n|player|p1|Yu hung lo|janitor|1422\n|player|p2|Larger Fudge|cynthia|1324\n|teamsize|p1|6\n|teamsize|p2|6\n|gen|9\n|tier|[Gen 9] National Dex Doubles\n|rated|\n|rule|HP Percentage Mod: HP is shown in percentages\n|rule|Endless Battle Clause: Forcing endless battles is banned\n|rule|OHKO Clause: OHKO moves are banned\n|rule|Evasion Moves Clause: Evasion moves are banned\n|rule|Evasion Abilities Clause: Evasion abilities are banned\n|rule|Species Clause: Limit one of each Pok\u00e9mon\n|rule|Gravity Sleep Clause: The combination of sleep-inducing moves with imperfect accuracy and Gravity or Gigantamax Orbeetle are banned\n|clearpoke\n|poke|p1|Lucario, M|\n|poke|p1|Grimmsnarl, M|\n|poke|p1|Incineroar, F|\n|poke|p1|Rillaboom, F|\n|poke|p1|Blastoise, F|\n|poke|p1|Dragapult, F|\n|poke|p2|Dracovish|\n|poke|p2|Porygon-Z|\n|poke|p2|Togekiss, M|\n|poke|p2|Murkrow, F|\n|poke|p2|Sinistcha-Masterpiece|\n|poke|p2|Incineroar, M|\n|teampreview\n|inactive|Battle timer is ON: inactive players will automatically lose when time's up. (requested by Larger Fudge)\n|\n|t:|1697572869\n|start\n|switch|p1a: Grimmsnarl|Grimmsnarl, M|100\/100\n|switch|p1b: Incineroar|Incineroar, F|100\/100\n|switch|p2a: Murkrow|Murkrow, F|100\/100\n|switch|p2b: Togekiss|Togekiss, M|100\/100\n|-ability|p1b: Incineroar|Intimidate|boost\n|-unboost|p2a: Murkrow|atk|1\n|-unboost|p2b: Togekiss|atk|1\n|turn|1\n|\n|t:|1697572894\n|move|p2a: Murkrow|Tailwind|p2a: Murkrow\n|-sidestart|p2: Larger Fudge|move: Tailwind\n|move|p2b: Togekiss|Dazzling Gleam|p1b: Incineroar|[spread] p1a,p1b\n|-supereffective|p1a: Grimmsnarl\n|-damage|p1a: Grimmsnarl|26\/100\n|-damage|p1b: Incineroar|75\/100\n|-damage|p2b: Togekiss|91\/100|[from] item: Life Orb\n|move|p1b: Incineroar|Parting Shot|p2b: Togekiss\n|-unboost|p2b: Togekiss|atk|1\n|-unboost|p2b: Togekiss|spa|1\n|inactive|Yu hung lo has 120 seconds left.\n|\n|t:|1697572911\n|switch|p1b: Blastoise|Blastoise, F|100\/100|[from] Parting Shot\n|move|p1a: Grimmsnarl|Spirit Break|p2a: Murkrow\n|-supereffective|p2a: Murkrow\n|-damage|p2a: Murkrow|0 fnt\n|faint|p2a: Murkrow\n|\n|upkeep\n|\n|t:|1697572921\n|switch|p2a: Porygon-Z|Porygon-Z|100\/100\n|turn|2\n|\n|t:|1697572930\n|move|p1b: Blastoise|Fake Out|p2b: Togekiss\n|-damage|p2b: Togekiss|82\/100\n|move|p1a: Grimmsnarl|Light Screen|p1a: Grimmsnarl\n|-sidestart|p1: Yu hung lo|move: Light Screen\n|move|p2a: Porygon-Z|Tri Attack|p1b: Blastoise\n|-crit|p1b: Blastoise\n|-damage|p1b: Blastoise|0 fnt\n|faint|p1b: Blastoise\n|cant|p2b: Togekiss|flinch\n|\n|upkeep\n|\n|t:|1697572944\n|switch|p1b: Incineroar|Incineroar, F|75\/100\n|-ability|p1b: Incineroar|Intimidate|boost\n|-unboost|p2a: Porygon-Z|atk|1\n|-unboost|p2b: Togekiss|atk|1\n|turn|3\n|\n|t:|1697572953\n|switch|p2b: Sinistcha|Sinistcha-Masterpiece|100\/100\n|move|p1a: Grimmsnarl|Reflect|p1a: Grimmsnarl\n|-sidestart|p1: Yu hung lo|Reflect\n|move|p2a: Porygon-Z|Tri Attack|p1a: Grimmsnarl\n|-damage|p1a: Grimmsnarl|0 fnt\n|faint|p1a: Grimmsnarl\n|move|p1b: Incineroar|Snarl|p2b: Sinistcha|[spread] p2a,p2b\n|-supereffective|p2b: Sinistcha\n|-damage|p2a: Porygon-Z|86\/100\n|-damage|p2b: Sinistcha|76\/100\n|-unboost|p2a: Porygon-Z|spa|1\n|-unboost|p2b: Sinistcha|spa|1\n|\n|-heal|p2b: Sinistcha|82\/100|[from] item: Leftovers\n|upkeep\n|\n|t:|1697572969\n|switch|p1a: Lucario|Lucario, M|100\/100\n|turn|4\n|\n|t:|1697572979\n|switch|p2a: Incineroar|Incineroar, M|100\/100\n|-ability|p2a: Incineroar|Intimidate|boost\n|-fail|p1a: Lucario|unboost|Attack|[from] ability: Inner Focus|[of] p1a: Lucario\n|-unboost|p1b: Incineroar|atk|1\n|detailschange|p1a: Lucario|Lucario-Mega, M\n|-mega|p1a: Lucario|Lucario|Lucarionite\n|move|p1a: Lucario|Swords Dance|p1a: Lucario\n|-boost|p1a: Lucario|atk|2\n|move|p2b: Sinistcha|Scald|p1b: Incineroar\n|-supereffective|p1b: Incineroar\n|-damage|p1b: Incineroar|62\/100\n|move|p1b: Incineroar|Parting Shot|p2a: Incineroar\n|-unboost|p2a: Incineroar|atk|1\n|-unboost|p2a: Incineroar|spa|1\n|\n|t:|1697572991\n|switch|p1b: Rillaboom|Rillaboom, F|100\/100|[from] Parting Shot\n|-fieldstart|move: Grassy Terrain|[from] ability: Grassy Surge|[of] p1b: Rillaboom\n|\n|-heal|p2b: Sinistcha|88\/100|[from] Grassy Terrain\n|-heal|p2b: Sinistcha|94\/100|[from] item: Leftovers\n|-sideend|p2: Larger Fudge|move: Tailwind\n|upkeep\n|turn|5\n|\n|t:|1697573008\n|move|p1b: Rillaboom|Fake Out|p2a: Incineroar\n|-damage|p2a: Incineroar|85\/100\n|move|p2b: Sinistcha|Rage Powder|p2b: Sinistcha\n|-singleturn|p2b: Sinistcha|move: Rage Powder\n|cant|p2a: Incineroar|flinch\n|move|p1a: Lucario|Swords Dance|p1a: Lucario\n|-boost|p1a: Lucario|atk|2\n|\n|-heal|p2a: Incineroar|91\/100|[from] Grassy Terrain\n|-heal|p2b: Sinistcha|99\/100|[from] Grassy Terrain\n|-heal|p2b: Sinistcha|100\/100|[from] item: Leftovers\n|upkeep\n|turn|6\n|\n|t:|1697573031\n|move|p1a: Lucario|Detect|p1a: Lucario\n|-singleturn|p1a: Lucario|Protect\n|move|p2a: Incineroar|Blaze Kick|p1a: Lucario\n|-activate|p1a: Lucario|move: Protect\n|move|p1b: Rillaboom|U-turn|p2a: Incineroar\n|-damage|p2a: Incineroar|64\/100\n|\n|t:|1697573043\n|switch|p1b: Dragapult|Dragapult, F|100\/100|[from] U-turn\n|move|p2b: Sinistcha|Matcha Gotcha|p1b: Dragapult|[spread] p1b\n|-activate|p1a: Lucario|move: Protect\n|-resisted|p1b: Dragapult\n|-damage|p1b: Dragapult|91\/100\n|\n|-heal|p1b: Dragapult|97\/100|[from] Grassy Terrain\n|-heal|p2a: Incineroar|70\/100|[from] Grassy Terrain\n|upkeep\n|turn|7\n|\n|t:|1697573057\n|switch|p2a: Togekiss|Togekiss, M|82\/100\n|-terastallize|p1b: Dragapult|Ghost\n|move|p2b: Sinistcha|Rage Powder|p2b: Sinistcha\n|-singleturn|p2b: Sinistcha|move: Rage Powder\n|move|p1b: Dragapult|Tera Blast|p2b: Sinistcha|[anim] Tera Blast Ghost\n|-supereffective|p2b: Sinistcha\n|-damage|p2b: Sinistcha|0 fnt\n|faint|p2b: Sinistcha\n|move|p1a: Lucario|Drain Punch|p2a: Togekiss\n|-resisted|p2a: Togekiss\n|-damage|p2a: Togekiss|39\/100\n|\n|-heal|p1b: Dragapult|100\/100|[from] Grassy Terrain\n|upkeep\n|\n|t:|1697573069\n|switch|p2b: Incineroar|Incineroar, M|70\/100\n|-ability|p2b: Incineroar|Intimidate|boost\n|-unboost|p1a: Lucario|atk|1\n|-fail|p1b: Dragapult|unboost|[from] ability: Clear Body|[of] p1b: Dragapult\n|turn|8\n|\n|t:|1697573083\n|move|p1b: Dragapult|Tera Blast|p2a: Togekiss|[anim] Tera Blast Ghost\n|-damage|p2a: Togekiss|0 fnt\n|faint|p2a: Togekiss\n|move|p2b: Incineroar|Blaze Kick|p1a: Lucario\n|-supereffective|p1a: Lucario\n|-damage|p1a: Lucario|29\/100\n|move|p1a: Lucario|Drain Punch|p2b: Incineroar\n|-supereffective|p2b: Incineroar\n|-damage|p2b: Incineroar|0 fnt\n|-heal|p1a: Lucario|67\/100|[from] drain|[of] p2b: Incineroar\n|faint|p2b: Incineroar\n|\n|-heal|p1a: Lucario|73\/100|[from] Grassy Terrain\n|-fieldend|move: Grassy Terrain\n|upkeep\n|\n|t:|1697573096\n|switch|p2a: Dracovish|Dracovish|100\/100\n|switch|p2b: Porygon-Z|Porygon-Z|86\/100\n|turn|9\n|\n|t:|1697573109\n|-terastallize|p2b: Porygon-Z|Ghost\n|move|p1a: Lucario|Bullet Punch|p2b: Porygon-Z\n|-damage|p2b: Porygon-Z|0 fnt\n|faint|p2b: Porygon-Z\n|move|p1b: Dragapult|Tera Blast|p2a: Dracovish|[anim] Tera Blast Ghost\n|-damage|p2a: Dracovish|15\/100\n|move|p2a: Dracovish|Fishious Rend|p1a: Lucario\n|-damage|p1a: Lucario|4\/100\n|\n|-sideend|p1: Yu hung lo|move: Light Screen\n|upkeep\n|turn|10\n|-message|Larger Fudge forfeited.\n|\n|win|Yu hung lo\n|raw|Yu hung lo's rating: 1422 &rarr; <strong>1437<\/strong><br \/>(+15 for winning)\n|raw|Larger Fudge's rating: 1324 &rarr; <strong>1309<\/strong><br \/>(-15 for losing)\n|l|\u2606Larger Fudge\n","uploadtime":1697573139,"views":5,"p1id":"yuhunglo","p2id":"largerfudge","formatid":"gen9nationaldexdoubles","rating":1309,"private":0,"password":""}