{"id":"gen9nationaldexdoubles-1995175300","p1":"MKDones08","p2":"Mistery Gold","format":"[Gen 9] National Dex Doubles","log":"|j|\u2606MKDones08\n|j|\u2606Mistery Gold\n|t:|1700531019\n|gametype|doubles\n|player|p1|MKDones08|li|\n|player|p2|Mistery Gold|tate|\n|teamsize|p1|6\n|teamsize|p2|6\n|gen|9\n|tier|[Gen 9] National Dex Doubles\n|rule|HP Percentage Mod: HP is shown in percentages\n|rule|Endless Battle Clause: Forcing endless battles is banned\n|rule|OHKO Clause: OHKO moves are banned\n|rule|Evasion Moves Clause: Evasion moves are banned\n|rule|Evasion Abilities Clause: Evasion abilities are banned\n|rule|Species Clause: Limit one of each Pok\u00e9mon\n|rule|Gravity Sleep Clause: The combination of sleep-inducing moves with imperfect accuracy and Gravity or Gigantamax Orbeetle are banned\n|clearpoke\n|poke|p1|Tornadus, M|\n|poke|p1|Pelipper, M|\n|poke|p1|Salamence, M|\n|poke|p1|Kleavor, M|\n|poke|p1|Chien-Pao|\n|poke|p1|Kingambit, F|\n|poke|p2|Iron Bundle|\n|poke|p2|Flutter Mane|\n|poke|p2|Chandelure, F|\n|poke|p2|Indeedee-F, F|\n|poke|p2|Scream Tail|\n|poke|p2|Houndstone, F|\n|teampreview\n|inactive|Battle timer is ON: inactive players will automatically lose when time's up. (requested by MKDones08)\n|\n|t:|1700531038\n|start\n|switch|p1a: Kleavor|Kleavor, M|100\/100\n|switch|p1b: Chien-Pao|Chien-Pao|100\/100\n|switch|p2a: Flutter Mane|Flutter Mane|100\/100\n|switch|p2b: Indeedee|Indeedee-F, F|100\/100\n|-ability|p1b: Chien-Pao|Sword of Ruin\n|-fieldstart|move: Psychic Terrain|[from] ability: Psychic Surge|[of] p2b: Indeedee\n|-enditem|p2a: Flutter Mane|Booster Energy\n|-activate|p2a: Flutter Mane|ability: Protosynthesis|[fromitem]\n|-start|p2a: Flutter Mane|protosynthesisspe\n|turn|1\n|\n|t:|1700531066\n|-terastallize|p2a: Flutter Mane|Fairy\n|move|p2b: Indeedee|Helping Hand|p2a: Flutter Mane\n|-singleturn|p2a: Flutter Mane|Helping Hand|[of] p2b: Indeedee\n|move|p2a: Flutter Mane|Dazzling Gleam|p1a: Kleavor|[spread] p1a,p1b\n|-supereffective|p1b: Chien-Pao\n|-damage|p1a: Kleavor|0 fnt\n|-damage|p1b: Chien-Pao|0 fnt\n|faint|p1a: Kleavor\n|faint|p1b: Chien-Pao\n|\n|upkeep\n|inactive|MKDones08 has 270 seconds left.\n|\n|t:|1700531091\n|switch|p1b: Pelipper|Pelipper, M|100\/100\n|switch|p1a: Salamence|Salamence, M|100\/100\n|-ability|p1a: Salamence|Intimidate|boost\n|-unboost|p2a: Flutter Mane|atk|1\n|-unboost|p2b: Indeedee|atk|1\n|-weather|RainDance|[from] ability: Drizzle|[of] p1b: Pelipper\n|turn|2\n|\n|t:|1700531120\n|move|p2b: Indeedee|Helping Hand|p2a: Flutter Mane\n|-singleturn|p2a: Flutter Mane|Helping Hand|[of] p2b: Indeedee\n|move|p1b: Pelipper|Wide Guard|p1b: Pelipper\n|-singleturn|p1b: Pelipper|Wide Guard\n|move|p2a: Flutter Mane|Dazzling Gleam|p1a: Salamence|[spread] \n|-activate|p1a: Salamence|move: Wide Guard\n|-activate|p1b: Pelipper|move: Wide Guard\n|move|p1a: Salamence|Hurricane|p2a: Flutter Mane\n|-damage|p2a: Flutter Mane|26\/100\n|\n|-weather|RainDance|[upkeep]\n|upkeep\n|turn|3\n|inactive|MKDones08 has 270 seconds left.\n|\n|t:|1700531150\n|-terastallize|p1a: Salamence|Fire\n|move|p2a: Flutter Mane|Shadow Ball|p1a: Salamence\n|-damage|p1a: Salamence|47\/100\n|-unboost|p1a: Salamence|spd|1\n|move|p1a: Salamence|Hurricane|p2a: Flutter Mane\n|-damage|p2a: Flutter Mane|0 fnt\n|faint|p2a: Flutter Mane\n|-end|p2a: Flutter Mane|Protosynthesis|[silent]\n|move|p2b: Indeedee|Expanding Force|p1a: Salamence|[spread] p1a,p1b\n|-damage|p1a: Salamence|0 fnt\n|-damage|p1b: Pelipper|43\/100\n|faint|p1a: Salamence\n|move|p1b: Pelipper|Weather Ball|p2b: Indeedee\n|-damage|p2b: Indeedee|34\/100\n|\n|-weather|RainDance|[upkeep]\n|upkeep\n|inactive|Mistery Gold has 270 seconds left.\n|\n|t:|1700531183\n|switch|p2a: Chandelure|Chandelure, F|100\/100\n|switch|p1a: Kingambit|Kingambit, F|100\/100\n|-activate|p1a: Kingambit|ability: Supreme Overlord\n|-start|p1a: Kingambit|fallen3|[silent]\n|turn|4\n|\n|t:|1700531194\n|move|p2b: Indeedee|Helping Hand|p2a: Chandelure\n|-singleturn|p2a: Chandelure|Helping Hand|[of] p2b: Indeedee\n|move|p2a: Chandelure|Dark Pulse|p1b: Pelipper\n|-damage|p1b: Pelipper|0 fnt\n|faint|p1b: Pelipper\n|move|p1a: Kingambit|Foul Play|p2a: Chandelure\n|-supereffective|p2a: Chandelure\n|-crit|p2a: Chandelure\n|-damage|p2a: Chandelure|24\/100\n|\n|-weather|RainDance|[upkeep]\n|upkeep\n|\n|t:|1700531201\n|switch|p1b: Tornadus|Tornadus, M|100\/100\n|turn|5\n|\n|t:|1700531223\n|move|p1b: Tornadus|Taunt|p2b: Indeedee\n|-activate|p2b: Indeedee|move: Psychic Terrain\n|move|p2a: Chandelure|Dark Pulse|p1b: Tornadus\n|-crit|p1b: Tornadus\n|-damage|p1b: Tornadus|31\/100\n|move|p2b: Indeedee|Expanding Force|p1a: Kingambit|[spread] p1b\n|-immune|p1a: Kingambit\n|-damage|p1b: Tornadus|0 fnt\n|faint|p1b: Tornadus\n|move|p1a: Kingambit|Foul Play|p2a: Chandelure\n|-supereffective|p2a: Chandelure\n|-damage|p2a: Chandelure|0 fnt\n|faint|p2a: Chandelure\n|\n|-weather|RainDance|[upkeep]\n|upkeep\n|\n|t:|1700531235\n|switch|p2a: Iron Bundle|Iron Bundle|100\/100\n|-enditem|p2a: Iron Bundle|Booster Energy\n|-activate|p2a: Iron Bundle|ability: Quark Drive|[fromitem]\n|-start|p2a: Iron Bundle|quarkdrivespe\n|turn|6\n|\n|t:|1700531245\n|move|p2b: Indeedee|Helping Hand|p2a: Iron Bundle\n|-singleturn|p2a: Iron Bundle|Helping Hand|[of] p2b: Indeedee\n|move|p2a: Iron Bundle|Hydro Pump|p1a: Kingambit|[miss]\n|-miss|p2a: Iron Bundle|p1a: Kingambit\n|move|p1a: Kingambit|Foul Play|p2b: Indeedee\n|-supereffective|p2b: Indeedee\n|-damage|p2b: Indeedee|12\/100\n|\n|-weather|RainDance|[upkeep]\n|upkeep\n|turn|7\n|inactive|Mistery Gold has 270 seconds left.\n|\n|t:|1700531286\n|move|p2b: Indeedee|Helping Hand|p2a: Iron Bundle\n|-singleturn|p2a: Iron Bundle|Helping Hand|[of] p2b: Indeedee\n|move|p2a: Iron Bundle|Hydro Pump|p1a: Kingambit\n|-damage|p1a: Kingambit|24\/100\n|move|p1a: Kingambit|Power-Up Punch|p2a: Iron Bundle\n|-supereffective|p2a: Iron Bundle\n|-damage|p2a: Iron Bundle|54\/100\n|-boost|p1a: Kingambit|atk|1\n|\n|-weather|RainDance|[upkeep]\n|upkeep\n|turn|8\n|inactive|Mistery Gold has 270 seconds left.\n|\n|t:|1700531315\n|move|p2a: Iron Bundle|Hydro Pump|p1a: Kingambit|[miss]\n|-miss|p2a: Iron Bundle|p1a: Kingambit\n|move|p2b: Indeedee|Shadow Ball|p1a: Kingambit\n|-resisted|p1a: Kingambit\n|-crit|p1a: Kingambit\n|-damage|p1a: Kingambit|16\/100\n|move|p1a: Kingambit|Power-Up Punch|p2a: Iron Bundle\n|-supereffective|p2a: Iron Bundle\n|-damage|p2a: Iron Bundle|0 fnt\n|-boost|p1a: Kingambit|atk|1\n|faint|p2a: Iron Bundle\n|-end|p2a: Iron Bundle|Quark Drive|[silent]\n|\n|-weather|RainDance|[upkeep]\n|-fieldend|move: Psychic Terrain\n|upkeep\n|\n|t:|1700531319\n|switch|p2a: Houndstone|Houndstone, F|100\/100\n|turn|9\n|\n|t:|1700531340\n|move|p2b: Indeedee|Helping Hand|p2a: Houndstone\n|-singleturn|p2a: Houndstone|Helping Hand|[of] p2b: Indeedee\n|move|p2a: Houndstone|Last Respects|p1a: Kingambit\n|-resisted|p1a: Kingambit\n|-damage|p1a: Kingambit|0 fnt\n|faint|p1a: Kingambit\n|-end|p1a: Kingambit|fallen3|[silent]\n|\n|win|Mistery Gold\n|l|\u2606MKDones08\n","uploadtime":1700532024,"views":1,"p1id":"mkdones08","p2id":"misterygold","formatid":"gen9nationaldexdoubles","rating":0,"private":0,"password":""}