{"id":"gen9nationaldexdoubles-1981293442","p1":"Icey37","p2":"Gothan512","format":"[Gen 9] National Dex Doubles","log":"|j|\u203dIcey37\n|j|\u2606Gothan512\n|t:|1698880576\n|gametype|doubles\n|player|p1|Icey37|bea|1070\n|player|p2|Gothan512|hugh|1000\n|teamsize|p1|6\n|teamsize|p2|6\n|gen|9\n|tier|[Gen 9] National Dex Doubles\n|rated|\n|rule|HP Percentage Mod: HP is shown in percentages\n|rule|Endless Battle Clause: Forcing endless battles is banned\n|rule|OHKO Clause: OHKO moves are banned\n|rule|Evasion Moves Clause: Evasion moves are banned\n|rule|Evasion Abilities Clause: Evasion abilities are banned\n|rule|Species Clause: Limit one of each Pok\u00e9mon\n|rule|Gravity Sleep Clause: The combination of sleep-inducing moves with imperfect accuracy and Gravity or Gigantamax Orbeetle are banned\n|clearpoke\n|poke|p1|Blacephalon|\n|poke|p1|Whimsicott, M|\n|poke|p1|Grimmsnarl, M|\n|poke|p1|Chi-Yu|\n|poke|p1|Iron Moth|\n|poke|p1|Heatran, M|\n|poke|p2|Goodra-Hisui, F|\n|poke|p2|Pikachu-Unova, M|\n|poke|p2|Zoroark, F|\n|poke|p2|Mimikyu, F|\n|poke|p2|Tyranitar, F|\n|poke|p2|Talonflame, F|\n|teampreview\n|inactive|Battle timer is ON: inactive players will automatically lose when time's up. (requested by Icey37)\n|\n|t:|1698880591\n|start\n|switch|p1a: Whimsicott|Whimsicott, M|100\/100\n|switch|p1b: Blacephalon|Blacephalon|100\/100\n|switch|p2a: Talonflame|Talonflame, F|100\/100\n|switch|p2b: Goodra|Goodra-Hisui, F|100\/100\n|turn|1\n|\n|t:|1698880615\n|-terastallize|p1b: Blacephalon|Fire\n|move|p1a: Whimsicott|Tailwind|p1a: Whimsicott\n|-sidestart|p1: Icey37|move: Tailwind\n|move|p1b: Blacephalon|Mind Blown|p2a: Talonflame|[spread] p1a,p2a,p2b\n|-supereffective|p1a: Whimsicott\n|-resisted|p2a: Talonflame\n|-crit|p2b: Goodra\n|-enditem|p1a: Whimsicott|Focus Sash\n|-damage|p1a: Whimsicott|1\/100\n|-damage|p2a: Talonflame|40\/100\n|-damage|p2b: Goodra|0 fnt\n|replace|p2b: Zoroark|Zoroark, F\n|-end|p2b: Zoroark|Illusion\n|-damage|p1b: Blacephalon|50\/100|[from] mindblown\n|faint|p2b: Zoroark\n|-ability|p1b: Blacephalon|Beast Boost|boost\n|-boost|p1b: Blacephalon|spa|1\n|-heal|p1b: Blacephalon|90\/100|[from] item: Shell Bell|[of] p2: Zoroark\n|move|p2a: Talonflame|Fire Blast|p1a: Whimsicott\n|-supereffective|p1a: Whimsicott\n|-damage|p1a: Whimsicott|0 fnt\n|faint|p1a: Whimsicott\n|\n|upkeep\n|\n|t:|1698880637\n|switch|p1a: Grimmsnarl|Grimmsnarl, M|100\/100\n|switch|p2b: Mimikyu|Mimikyu, F|100\/100\n|turn|2\n|inactive|Icey37 has 120 seconds left.\n|\n|t:|1698880671\n|move|p1a: Grimmsnarl|Thunder Wave|p2b: Mimikyu\n|-status|p2b: Mimikyu|par\n|move|p1b: Blacephalon|Mind Blown|p2a: Talonflame|[spread] p1a,p2a,p2b\n|-resisted|p2a: Talonflame\n|-damage|p1a: Grimmsnarl|0 fnt\n|-damage|p2a: Talonflame|0 fnt\n|-activate|p2b: Mimikyu|ability: Disguise\n|-damage|p2b: Mimikyu|100\/100 par\n|-damage|p1b: Blacephalon|40\/100|[from] mindblown\n|detailschange|p2b: Mimikyu|Mimikyu-Busted, F\n|-damage|p2b: Mimikyu|88\/100 par|[from] pokemon: Mimikyu-Busted\n|faint|p1a: Grimmsnarl\n|faint|p2a: Talonflame\n|-ability|p1b: Blacephalon|Beast Boost|boost\n|-boost|p1b: Blacephalon|spa|2\n|-heal|p1b: Blacephalon|66\/100|[from] item: Shell Bell|[of] p2b: Mimikyu\n|move|p2b: Mimikyu|Shadow Ball|p1b: Blacephalon\n|-damage|p1b: Blacephalon|30\/100\n|\n|upkeep\n|\n|t:|1698880696\n|switch|p2a: Pikachu|Pikachu-Unova, M|100\/100\n|switch|p1a: Chi-Yu|Chi-Yu|100\/100\n|-ability|p1a: Chi-Yu|Beads of Ruin\n|turn|3\n|\n|t:|1698880713\n|move|p1a: Chi-Yu|Dark Pulse|p2b: Mimikyu\n|-damage|p2b: Mimikyu|22\/100 par\n|move|p1b: Blacephalon|Mind Blown|p2a: Pikachu|[spread] p1a,p2a,p2b\n|-resisted|p1a: Chi-Yu\n|-damage|p1a: Chi-Yu|0 fnt\n|-damage|p2a: Pikachu|0 fnt\n|-damage|p2b: Mimikyu|0 fnt\n|-damage|p1b: Blacephalon|0 fnt|[from] mindblown\n|faint|p1b: Blacephalon\n|faint|p1a: Chi-Yu\n|faint|p2a: Pikachu\n|faint|p2b: Mimikyu\n|\n|upkeep\n|\n|t:|1698880728\n|switch|p1b: Heatran|Heatran, M|100\/100\n|switch|p1a: Iron Moth|Iron Moth|100\/100\n|switch|p2a: Tyranitar|Tyranitar, F|100\/100\n|switch|p2b: Goodra|Goodra-Hisui, F|100\/100\n|-weather|Sandstorm|[from] ability: Sand Stream|[of] p2a: Tyranitar\n|-enditem|p1a: Iron Moth|Booster Energy\n|-activate|p1a: Iron Moth|ability: Quark Drive|[fromitem]\n|-start|p1a: Iron Moth|quarkdrivespa\n|turn|4\n|\n|t:|1698880750\n|move|p1b: Heatran|Eruption|p2a: Tyranitar|[spread] p2a,p2b\n|-resisted|p2a: Tyranitar\n|-damage|p2a: Tyranitar|90\/100\n|-damage|p2b: Goodra|59\/100\n|move|p1a: Iron Moth|Fiery Dance|p2b: Goodra\n|-damage|p2b: Goodra|18\/100\n|move|p2b: Goodra|Thunderbolt|p1b: Heatran\n|-damage|p1b: Heatran|74\/100\n|move|p2a: Tyranitar|Ice Beam|p1b: Heatran\n|-resisted|p1b: Heatran\n|-damage|p1b: Heatran|69\/100\n|\n|-weather|Sandstorm|[upkeep]\n|-damage|p1a: Iron Moth|95\/100|[from] Sandstorm\n|-sideend|p1: Icey37|move: Tailwind\n|upkeep\n|turn|5\n|\n|t:|1698880778\n|-terastallize|p2b: Goodra|Steel\n|move|p1b: Heatran|Eruption|p2a: Tyranitar|[spread] p2a,p2b\n|-resisted|p2a: Tyranitar\n|-supereffective|p2b: Goodra\n|-damage|p2a: Tyranitar|82\/100\n|-damage|p2b: Goodra|0 fnt\n|faint|p2b: Goodra\n|move|p1a: Iron Moth|Bug Buzz|p2a: Tyranitar\n|-supereffective|p2a: Tyranitar\n|-damage|p2a: Tyranitar|50\/100\n|move|p2a: Tyranitar|Ice Beam|p1a: Iron Moth\n|-resisted|p1a: Iron Moth\n|-damage|p1a: Iron Moth|84\/100\n|\n|-weather|Sandstorm|[upkeep]\n|-damage|p1a: Iron Moth|78\/100|[from] Sandstorm\n|upkeep\n|turn|6\n|\n|t:|1698880798\n|move|p1b: Heatran|Eruption|p2a: Tyranitar\n|-resisted|p2a: Tyranitar\n|-damage|p2a: Tyranitar|40\/100\n|move|p1a: Iron Moth|Bug Buzz|p2a: Tyranitar\n|-supereffective|p2a: Tyranitar\n|-damage|p2a: Tyranitar|5\/100\n|move|p2a: Tyranitar|Ice Beam|p1b: Heatran\n|-resisted|p1b: Heatran\n|-damage|p1b: Heatran|63\/100\n|\n|-weather|Sandstorm|[upkeep]\n|-damage|p1a: Iron Moth|72\/100|[from] Sandstorm\n|upkeep\n|turn|7\n|\n|t:|1698880814\n|move|p1b: Heatran|Eruption|p2a: Tyranitar\n|-resisted|p2a: Tyranitar\n|-damage|p2a: Tyranitar|0 fnt\n|faint|p2a: Tyranitar\n|\n|win|Icey37\n|raw|Icey37's rating: 1070 &rarr; <strong>1094<\/strong><br \/>(+24 for winning)\n|raw|Gothan512's rating: 1000 &rarr; <strong>1000<\/strong><br \/>(+0 for losing)\n|l|\u203dIcey37\n|j|\u203dIcey37\n|player|p1|Icey37|bea\n|n|\u203dIcey37|icey37\n","uploadtime":1698880999,"views":6,"p1id":"icey37","p2id":"gothan512","formatid":"gen9nationaldexdoubles","rating":1000,"private":0,"password":""}