{"id":"gen9nationaldexdoubles-1953412062","p1":"SlamTheSouji","p2":"Try me noob","format":"[Gen 9] National Dex Doubles","log":"|j|\u2606SlamTheSouji\n|j|\u2606Try me noob\n|t:|1695783789\n|gametype|doubles\n|player|p1|SlamTheSouji|169|1012\n|player|p2|Try me noob|camper|1000\n|teamsize|p1|6\n|teamsize|p2|6\n|gen|9\n|tier|[Gen 9] National Dex Doubles\n|rated|\n|rule|HP Percentage Mod: HP is shown in percentages\n|rule|Endless Battle Clause: Forcing endless battles is banned\n|rule|OHKO Clause: OHKO moves are banned\n|rule|Evasion Moves Clause: Evasion moves are banned\n|rule|Evasion Abilities Clause: Evasion abilities are banned\n|rule|Species Clause: Limit one of each Pok\u00e9mon\n|rule|Gravity Sleep Clause: The combination of sleep-inducing moves with imperfect accuracy and Gravity or Gigantamax Orbeetle are banned\n|clearpoke\n|poke|p1|Ogerpon-Wellspring, F|\n|poke|p1|Sinistcha|\n|poke|p1|Ursaluna-Bloodmoon, M|\n|poke|p1|Armarouge, F|\n|poke|p1|Maushold-Four|\n|poke|p1|Iron Bundle|\n|poke|p2|Zygarde|\n|poke|p2|Blastoise, F|\n|poke|p2|Clefable, F|\n|poke|p2|Indeedee-F, F|\n|poke|p2|Venomoth, F|\n|poke|p2|Mr. Mime, M|\n|teampreview\n|\n|t:|1695783802\n|start\n|switch|p1a: Emiya|Ursaluna-Bloodmoon, M|100\/100\n|switch|p1b: Maushold|Maushold-Four|100\/100\n|switch|p2a: Zygarde|Zygarde|100\/100\n|switch|p2b: Blastoise|Blastoise, F|100\/100\n|-ability|p2a: Zygarde|Aura Break\n|turn|1\n|inactive|Battle timer is ON: inactive players will automatically lose when time's up. (requested by Try me noob)\n|\n|t:|1695783827\n|move|p2b: Blastoise|Follow Me|p2b: Blastoise\n|-singleturn|p2b: Blastoise|move: Follow Me\n|move|p1b: Maushold|Thunder Wave|p2b: Blastoise\n|-status|p2b: Blastoise|par\n|move|p2a: Zygarde|Dragon Dance|p2a: Zygarde\n|-boost|p2a: Zygarde|atk|1\n|-boost|p2a: Zygarde|spe|1\n|move|p1a: Emiya|Blood Moon|p2b: Blastoise\n|-damage|p2b: Blastoise|27\/100 par\n|\n|upkeep\n|turn|2\n|inactive|Try me noob has 120 seconds left.\n|\n|t:|1695783865\n|move|p2b: Blastoise|Follow Me|p2b: Blastoise\n|-singleturn|p2b: Blastoise|move: Follow Me\n|move|p1b: Maushold|Super Fang|p2b: Blastoise\n|-damage|p2b: Blastoise|14\/100 par\n|-enditem|p2b: Blastoise|Iapapa Berry|[eat]\n|-heal|p2b: Blastoise|47\/100 par|[from] item: Iapapa Berry\n|move|p2a: Zygarde|Dragon Dance|p2a: Zygarde\n|-boost|p2a: Zygarde|atk|1\n|-boost|p2a: Zygarde|spe|1\n|move|p1a: Emiya|Calm Mind|p1a: Emiya\n|-boost|p1a: Emiya|spa|1\n|-boost|p1a: Emiya|spd|1\n|\n|upkeep\n|turn|3\n|inactive|Try me noob has 120 seconds left.\n|\n|t:|1695783887\n|-terastallize|p2a: Zygarde|Steel\n|move|p2b: Blastoise|Follow Me|p2b: Blastoise\n|-singleturn|p2b: Blastoise|move: Follow Me\n|move|p2a: Zygarde|Dragon Dance|p2a: Zygarde\n|-boost|p2a: Zygarde|atk|1\n|-boost|p2a: Zygarde|spe|1\n|move|p1b: Maushold|Thunder Wave|p2b: Blastoise\n|-fail|p2b: Blastoise|par\n|move|p1a: Emiya|Blood Moon|p2b: Blastoise\n|-damage|p2b: Blastoise|0 fnt\n|faint|p2b: Blastoise\n|\n|upkeep\n|inactive|Try me noob has 120 seconds left.\n|\n|t:|1695783906\n|switch|p2b: Indeedee|Indeedee-F, F|100\/100\n|-fieldstart|move: Psychic Terrain|[from] ability: Psychic Surge|[of] p2b: Indeedee\n|turn|4\n|\n|t:|1695783933\n|-terastallize|p1a: Emiya|Fighting\n|move|p1b: Maushold|Helping Hand|p1a: Emiya\n|-singleturn|p1a: Emiya|Helping Hand|[of] p1b: Maushold\n|move|p2b: Indeedee|Follow Me|p2b: Indeedee\n|-singleturn|p2b: Indeedee|move: Follow Me\n|move|p1a: Emiya|Vacuum Wave|p2b: Indeedee\n|-activate|p2b: Indeedee|move: Psychic Terrain\n|move|p2a: Zygarde|Thousand Arrows|p1a: Emiya|[spread] p1a,p1b\n|-crit|p1a: Emiya\n|-damage|p1a: Emiya|34\/100\n|-enditem|p1b: Maushold|Focus Sash\n|-damage|p1b: Maushold|1\/100\n|\n|-heal|p1a: Emiya|40\/100|[from] item: Leftovers\n|upkeep\n|turn|5\n|inactive|SlamTheSouji has 120 seconds left.\n|\n|t:|1695783963\n|move|p2b: Indeedee|Follow Me|p2b: Indeedee\n|-singleturn|p2b: Indeedee|move: Follow Me\n|move|p2a: Zygarde|Thousand Arrows|p1b: Maushold|[spread] p1a,p1b\n|-damage|p1a: Emiya|0 fnt\n|-damage|p1b: Maushold|0 fnt\n|faint|p1a: Emiya\n|faint|p1b: Maushold\n|\n|upkeep\n|inactive|SlamTheSouji has 120 seconds left.\n|\n|t:|1695783983\n|switch|p1b: Sinistcha|Sinistcha|100\/100\n|switch|p1a: Kusanagi|Ogerpon-Wellspring, F|100\/100\n|turn|6\n|\n|t:|1695783994\n|move|p1a: Kusanagi|Spiky Shield|p1a: Kusanagi\n|-singleturn|p1a: Kusanagi|move: Protect\n|move|p2b: Indeedee|Follow Me|p2b: Indeedee\n|-singleturn|p2b: Indeedee|move: Follow Me\n|move|p2a: Zygarde|Thousand Arrows|p1b: Sinistcha|[spread] p1b\n|-activate|p1a: Kusanagi|move: Protect\n|-resisted|p1b: Sinistcha\n|-damage|p1b: Sinistcha|61\/100\n|move|p1b: Sinistcha|Trick Room|p1b: Sinistcha\n|-fieldstart|move: Trick Room|[of] p1b: Sinistcha\n|\n|upkeep\n|turn|7\n|inactive|Try me noob has 120 seconds left.\n|\n|t:|1695784047\n|move|p2b: Indeedee|Follow Me|p2b: Indeedee\n|-singleturn|p2b: Indeedee|move: Follow Me\n|move|p1b: Sinistcha|Matcha Gotcha|p2a: Zygarde|[spread] p2a,p2b\n|-resisted|p2a: Zygarde\n|-damage|p2a: Zygarde|82\/100\n|-heal|p1b: Sinistcha|73\/100|[from] drain|[of] p2a: Zygarde\n|-damage|p2b: Indeedee|60\/100\n|-heal|p1b: Sinistcha|93\/100|[from] drain|[of] p2b: Indeedee\n|-damage|p1b: Sinistcha|83\/100|[from] item: Life Orb\n|move|p1a: Kusanagi|Ivy Cudgel|p2b: Indeedee\n|-damage|p2b: Indeedee|0 fnt\n|faint|p2b: Indeedee\n|move|p2a: Zygarde|Thousand Arrows|p1b: Sinistcha|[spread] p1a,p1b\n|-resisted|p1a: Kusanagi\n|-resisted|p1b: Sinistcha\n|-damage|p1a: Kusanagi|55\/100\n|-damage|p1b: Sinistcha|40\/100\n|\n|upkeep\n|inactive|Try me noob has 90 seconds left.\n|\n|t:|1695784081\n|switch|p2b: Clefable|Clefable, F|100\/100\n|turn|8\n|inactive|Try me noob has 90 seconds left.\n|\n|t:|1695784098\n|move|p2b: Clefable|Helping Hand|p2a: Zygarde\n|-singleturn|p2a: Zygarde|Helping Hand|[of] p2b: Clefable\n|move|p1b: Sinistcha|Protect|p1b: Sinistcha\n|-singleturn|p1b: Sinistcha|Protect\n|move|p1a: Kusanagi|Spiky Shield|p1a: Kusanagi\n|-singleturn|p1a: Kusanagi|move: Protect\n|move|p2a: Zygarde|Thousand Arrows|p1a: Kusanagi|[spread] \n|-activate|p1a: Kusanagi|move: Protect\n|-activate|p1b: Sinistcha|move: Protect\n|\n|-fieldend|move: Psychic Terrain\n|upkeep\n|turn|9\n|\n|t:|1695784121\n|move|p2b: Clefable|Follow Me|p2b: Clefable\n|-singleturn|p2b: Clefable|move: Follow Me\n|move|p1b: Sinistcha|Matcha Gotcha|p2a: Zygarde|[spread] p2a,p2b\n|-resisted|p2a: Zygarde\n|-damage|p2a: Zygarde|62\/100\n|-heal|p1b: Sinistcha|52\/100|[from] drain|[of] p2a: Zygarde\n|-damage|p2b: Clefable|68\/100\n|-heal|p1b: Sinistcha|70\/100|[from] drain|[of] p2b: Clefable\n|-damage|p1b: Sinistcha|61\/100|[from] item: Life Orb\n|move|p1a: Kusanagi|Horn Leech|p2b: Clefable\n|-damage|p2b: Clefable|29\/100\n|-heal|p1a: Kusanagi|76\/100|[from] drain|[of] p2b: Clefable\n|move|p2a: Zygarde|Crunch|p1b: Sinistcha\n|-supereffective|p1b: Sinistcha\n|-damage|p1b: Sinistcha|0 fnt\n|faint|p1b: Sinistcha\n|\n|upkeep\n|inactive|SlamTheSouji has 120 seconds left.\n|\n|t:|1695784145\n|switch|p1b: Armarouge|Armarouge, F|100\/100\n|turn|10\n|inactive|Try me noob has 120 seconds left.\n|inactive|Try me noob has 90 seconds left.\n|\n|t:|1695784202\n|move|p2a: Zygarde|Protect|p2a: Zygarde\n|-singleturn|p2a: Zygarde|Protect\n|move|p2b: Clefable|Heal Bell||[still]\n|-activate|p2b: Clefable|move: Heal Bell\n|-fail|p2b: Clefable\n|move|p1b: Armarouge|Aura Sphere|p2a: Zygarde\n|-activate|p2a: Zygarde|move: Protect\n|move|p1a: Kusanagi|Ivy Cudgel|p2a: Zygarde\n|-activate|p2a: Zygarde|move: Protect\n|\n|-fieldend|move: Trick Room\n|upkeep\n|turn|11\n|\n|t:|1695784225\n|move|p1a: Kusanagi|Spiky Shield|p1a: Kusanagi\n|-singleturn|p1a: Kusanagi|move: Protect\n|move|p2b: Clefable|Follow Me|p2b: Clefable\n|-singleturn|p2b: Clefable|move: Follow Me\n|move|p2a: Zygarde|Thousand Arrows|p1b: Armarouge|[spread] p1b\n|-activate|p1a: Kusanagi|move: Protect\n|-supereffective|p1b: Armarouge\n|-damage|p1b: Armarouge|0 fnt\n|faint|p1b: Armarouge\n|\n|upkeep\n|\n|t:|1695784234\n|switch|p1b: Iron Bundle|Iron Bundle|100\/100\n|-enditem|p1b: Iron Bundle|Booster Energy\n|-activate|p1b: Iron Bundle|ability: Quark Drive|[fromitem]\n|-start|p1b: Iron Bundle|quarkdrivespe\n|turn|12\n|inactive|Try me noob has 120 seconds left.\n|\n|t:|1695784249\n|move|p2b: Clefable|Follow Me|p2b: Clefable\n|-singleturn|p2b: Clefable|move: Follow Me\n|move|p2a: Zygarde|Thousand Arrows|p1b: Iron Bundle|[spread] p1a,p1b\n|-resisted|p1a: Kusanagi\n|-crit|p1a: Kusanagi\n|-damage|p1a: Kusanagi|6\/100\n|-damage|p1b: Iron Bundle|1\/100\n|move|p1b: Iron Bundle|Icy Wind|p2b: Clefable|[spread] p2b\n|-miss|p1b: Iron Bundle|p2a: Zygarde\n|-damage|p2b: Clefable|12\/100\n|-unboost|p2b: Clefable|spe|1\n|move|p1a: Kusanagi|Ivy Cudgel|p2b: Clefable\n|-damage|p2b: Clefable|0 fnt\n|faint|p2b: Clefable\n|\n|upkeep\n|inactive|Try me noob has 120 seconds left.\n|\n|t:|1695784262\n|switch|p2b: Mr. Mime|Mr. Mime, M|100\/100\n|turn|13\n|\n|t:|1695784273\n|move|p2b: Mr. Mime|Follow Me|p2b: Mr. Mime\n|-singleturn|p2b: Mr. Mime|move: Follow Me\n|move|p2a: Zygarde|Thousand Arrows|p1a: Kusanagi|[spread] p1a,p1b\n|-resisted|p1a: Kusanagi\n|-damage|p1a: Kusanagi|0 fnt\n|-damage|p1b: Iron Bundle|0 fnt\n|faint|p1a: Kusanagi\n|faint|p1b: Iron Bundle\n|-end|p1b: Iron Bundle|Quark Drive|[silent]\n|\n|win|Try me noob\n|raw|SlamTheSouji's rating: 1012 &rarr; <strong>1002<\/strong><br \/>(-10 for losing)\n|raw|Try me noob's rating: 1055 &rarr; <strong>1083<\/strong><br \/>(+28 for winning)\n|l|\u2606SlamTheSouji\n","uploadtime":1695784287,"views":6,"p1id":"slamthesouji","p2id":"trymenoob","formatid":"gen9nationaldexdoubles","rating":1002,"private":0,"password":""}