{"id":"gen9nationaldexdoubles-1979780883","p1":"davidnwa","p2":"the maraculous","format":"[Gen 9] National Dex Doubles","log":"|j|\u2606davidnwa\n|j|\u2606the maraculous\n|t:|1698712566\n|gametype|doubles\n|player|p1|davidnwa|102|1193\n|player|p2|the maraculous|dragontamer|1452\n|teamsize|p1|6\n|teamsize|p2|6\n|gen|9\n|tier|[Gen 9] National Dex Doubles\n|rated|\n|rule|HP Percentage Mod: HP is shown in percentages\n|rule|Endless Battle Clause: Forcing endless battles is banned\n|rule|OHKO Clause: OHKO moves are banned\n|rule|Evasion Moves Clause: Evasion moves are banned\n|rule|Evasion Abilities Clause: Evasion abilities are banned\n|rule|Species Clause: Limit one of each Pok\u00e9mon\n|rule|Gravity Sleep Clause: The combination of sleep-inducing moves with imperfect accuracy and Gravity or Gigantamax Orbeetle are banned\n|clearpoke\n|poke|p1|Indeedee-F, F|\n|poke|p1|Marshadow|\n|poke|p1|Kommo-o, F|\n|poke|p1|Alakazam, F|\n|poke|p1|Comfey, M|\n|poke|p1|Flamigo, F|\n|poke|p2|Gallade, M|\n|poke|p2|Moltres-Galar|\n|poke|p2|Charizard, M|\n|poke|p2|Comfey, F|\n|poke|p2|Goodra-Hisui, M|\n|poke|p2|Espathra, M|\n|teampreview\n|inactive|Battle timer is ON: inactive players will automatically lose when time's up. (requested by davidnwa)\n|\n|t:|1698712579\n|start\n|switch|p1a: Kommo-o|Kommo-o, F|100\/100\n|switch|p1b: Marshadow|Marshadow|100\/100\n|switch|p2a: Moltres|Moltres-Galar|100\/100\n|switch|p2b: Gallade|Gallade, M|100\/100\n|turn|1\n|\n|t:|1698712601\n|switch|p2b: Comfey|Comfey, F|100\/100\n|move|p1b: Marshadow|Rock Tomb|p2a: Moltres|[miss]\n|-miss|p1b: Marshadow|p2a: Moltres\n|-zpower|p1a: Kommo-o\n|move|p1a: Kommo-o|Clangorous Soulblaze|p2a: Moltres|[zeffect]|[spread] p2a\n|-immune|p2b: Comfey\n|-damage|p2a: Moltres|64\/100\n|-boost|p1a: Kommo-o|atk|1\n|-boost|p1a: Kommo-o|def|1\n|-boost|p1a: Kommo-o|spa|1\n|-boost|p1a: Kommo-o|spd|1\n|-boost|p1a: Kommo-o|spe|1\n|move|p2a: Moltres|Air Slash|p1b: Marshadow\n|-supereffective|p1b: Marshadow\n|-damage|p1b: Marshadow|16\/100\n|\n|upkeep\n|turn|2\n|\n|t:|1698712626\n|move|p2b: Comfey|Draining Kiss|p1a: Kommo-o\n|-supereffective|p1a: Kommo-o\n|-damage|p1a: Kommo-o|37\/100\n|move|p1a: Kommo-o|Flash Cannon|p2b: Comfey\n|-supereffective|p2b: Comfey\n|-damage|p2b: Comfey|37\/100\n|move|p1b: Marshadow|Drain Punch|p2a: Moltres\n|-damage|p2a: Moltres|27\/100\n|-heal|p1b: Marshadow|36\/100|[from] drain|[of] p2a: Moltres\n|-ability|p2a: Moltres|Berserk|boost\n|-boost|p2a: Moltres|spa|1\n|-enditem|p2a: Moltres|Sitrus Berry|[eat]\n|-heal|p2a: Moltres|52\/100|[from] item: Sitrus Berry\n|move|p2a: Moltres|Agility|p2a: Moltres\n|-boost|p2a: Moltres|spe|2\n|\n|upkeep\n|turn|3\n|\n|t:|1698712642\n|move|p2b: Comfey|Floral Healing|p2a: Moltres\n|-heal|p2a: Moltres|100\/100\n|move|p2a: Moltres|Air Slash|p1a: Kommo-o\n|-supereffective|p1a: Kommo-o\n|-damage|p1a: Kommo-o|0 fnt\n|faint|p1a: Kommo-o\n|move|p1b: Marshadow|Spectral Thief||[still]\n|-clearpositiveboost|p2a: Moltres|p1b: Marshadow|move: Spectral Thief\n|-boost|p1b: Marshadow|spa|1\n|-boost|p1b: Marshadow|spe|2\n|-anim|p1b: Marshadow|Spectral Thief|p2a: Moltres\n|-resisted|p2a: Moltres\n|-damage|p2a: Moltres|78\/100\n|\n|upkeep\n|\n|t:|1698712656\n|switch|p1a: Flamigo|Flamigo, F|100\/100\n|-copyboost|p1a: Flamigo|p1b: Marshadow|[from] ability: Costar\n|turn|4\n|inactive|davidnwa has 120 seconds left.\n|\n|t:|1698712697\n|-terastallize|p1a: Flamigo|Flying\n|move|p2b: Comfey|Draining Kiss|p1b: Marshadow\n|-supereffective|p1b: Marshadow\n|-damage|p1b: Marshadow|0 fnt\n|-heal|p2b: Comfey|80\/100|[from] drain|[of] p1b: Marshadow\n|faint|p1b: Marshadow\n|move|p1a: Flamigo|Brave Bird|p2b: Comfey\n|-damage|p2b: Comfey|0 fnt\n|faint|p2b: Comfey\n|-damage|p1a: Flamigo|78\/100|[from] Recoil\n|move|p2a: Moltres|Air Slash|p1a: Flamigo\n|-damage|p1a: Flamigo|20\/100\n|\n|upkeep\n|\n|t:|1698712712\n|switch|p1b: Comfey|Comfey, M|100\/100\n|switch|p2b: Goodra|Goodra-Hisui, M|100\/100\n|turn|5\n|\n|t:|1698712721\n|move|p1a: Flamigo|Close Combat|p2a: Moltres\n|-damage|p2a: Moltres|5\/100\n|-unboost|p1a: Flamigo|def|1\n|-unboost|p1a: Flamigo|spd|1\n|-ability|p2a: Moltres|Berserk|boost\n|-boost|p2a: Moltres|spa|1\n|move|p1b: Comfey|Dazzling Gleam|p2a: Moltres|[spread] p2a,p2b\n|-supereffective|p2a: Moltres\n|-damage|p2a: Moltres|0 fnt\n|-damage|p2b: Goodra|88\/100\n|faint|p2a: Moltres\n|move|p2b: Goodra|Ice Beam|p1a: Flamigo\n|-supereffective|p1a: Flamigo\n|-damage|p1a: Flamigo|0 fnt\n|faint|p1a: Flamigo\n|\n|upkeep\n|\n|t:|1698712735\n|switch|p1a: Alakazam|Alakazam, F|100\/100\n|switch|p2a: Espathra|Espathra, M|100\/100\n|turn|6\n|\n|t:|1698712756\n|switch|p1b: Indeedee|Indeedee-F, F|100\/100\n|-fieldstart|move: Psychic Terrain|[from] ability: Psychic Surge|[of] p1b: Indeedee\n|detailschange|p1a: Alakazam|Alakazam-Mega, F\n|-mega|p1a: Alakazam|Alakazam|Alakazite\n|-ability|p1a: Alakazam|Sap Sipper|[from] ability: Trace|[of] p2b: Goodra\n|move|p1a: Alakazam|Expanding Force|p2a: Espathra|[spread] p2a,p2b\n|-resisted|p2a: Espathra\n|-resisted|p2b: Goodra\n|-damage|p2a: Espathra|41\/100\n|-damage|p2b: Goodra|66\/100\n|move|p2a: Espathra|Calm Mind|p2a: Espathra\n|-boost|p2a: Espathra|spa|1\n|-boost|p2a: Espathra|spd|1\n|move|p2b: Goodra|Flash Cannon|p1b: Indeedee\n|-damage|p1b: Indeedee|52\/100\n|\n|-ability|p2a: Espathra|Speed Boost|boost\n|-boost|p2a: Espathra|spe|1\n|upkeep\n|turn|7\n|\n|t:|1698712773\n|move|p2a: Espathra|Protect|p2a: Espathra\n|-singleturn|p2a: Espathra|Protect\n|move|p1a: Alakazam|Expanding Force|p2b: Goodra|[spread] p2b\n|-activate|p2a: Espathra|move: Protect\n|-resisted|p2b: Goodra\n|-damage|p2b: Goodra|47\/100\n|move|p1b: Indeedee|Shadow Ball|p2a: Espathra\n|-activate|p2a: Espathra|move: Protect\n|move|p2b: Goodra|Body Press|p1b: Indeedee\n|-damage|p1b: Indeedee|13\/100\n|\n|-ability|p2a: Espathra|Speed Boost|boost\n|-boost|p2a: Espathra|spe|1\n|upkeep\n|turn|8\n|\n|t:|1698712795\n|move|p2a: Espathra|Dazzling Gleam|p1a: Alakazam|[spread] p1a,p1b\n|-damage|p1a: Alakazam|67\/100\n|-damage|p1b: Indeedee|0 fnt\n|faint|p1b: Indeedee\n|move|p1a: Alakazam|Expanding Force|p2a: Espathra|[spread] p2a,p2b\n|-resisted|p2a: Espathra\n|-resisted|p2b: Goodra\n|-damage|p2a: Espathra|3\/100\n|-damage|p2b: Goodra|27\/100\n|move|p2b: Goodra|Dragon Pulse|p1a: Alakazam\n|-damage|p1a: Alakazam|12\/100\n|\n|-ability|p2a: Espathra|Speed Boost|boost\n|-boost|p2a: Espathra|spe|1\n|upkeep\n|\n|t:|1698712805\n|switch|p1b: Comfey|Comfey, M|100\/100\n|turn|9\n|\n|t:|1698712815\n|move|p2a: Espathra|Stored Power|p1a: Alakazam\n|-resisted|p1a: Alakazam\n|-damage|p1a: Alakazam|0 fnt\n|faint|p1a: Alakazam\n|move|p1b: Comfey|Dazzling Gleam|p2a: Espathra|[spread] p2a,p2b\n|-damage|p2a: Espathra|0 fnt\n|-damage|p2b: Goodra|15\/100\n|faint|p2a: Espathra\n|move|p2b: Goodra|Dragon Pulse|p1b: Comfey\n|-immune|p1b: Comfey\n|\n|upkeep\n|\n|t:|1698712822\n|switch|p2a: Charizard|Charizard, M|100\/100\n|turn|10\n|\n|t:|1698712826\n|move|p1b: Comfey|Dazzling Gleam|p2b: Goodra|[spread] p2a,p2b\n|-resisted|p2a: Charizard\n|-damage|p2a: Charizard|87\/100\n|-damage|p2b: Goodra|4\/100\n|move|p2a: Charizard|Dragon Dance|p2a: Charizard\n|-boost|p2a: Charizard|atk|1\n|-boost|p2a: Charizard|spe|1\n|move|p2b: Goodra|Flash Cannon|p1b: Comfey\n|-supereffective|p1b: Comfey\n|-damage|p1b: Comfey|0 fnt\n|faint|p1b: Comfey\n|\n|win|the maraculous\n|raw|davidnwa's rating: 1193 &rarr; <strong>1184<\/strong><br \/>(-9 for losing)\n|raw|the maraculous's rating: 1452 &rarr; <strong>1459<\/strong><br \/>(+7 for winning)\n|l|\u2606davidnwa\n","uploadtime":1698712838,"views":8,"p1id":"davidnwa","p2id":"themaraculous","formatid":"gen9nationaldexdoubles","rating":1184,"private":0,"password":""}