{"id":"gen9nationaldexdoubles-1965908479","p1":"Spookely","p2":"Silent Cosmos","format":"[Gen 9] National Dex Doubles","log":"|j|\u2606Spookely\n|j|\u2606Silent Cosmos\n|t:|1697129090\n|gametype|doubles\n|player|p1|Spookely|boarder|1407\n|player|p2|Silent Cosmos|ghetsis-gen5bw|1376\n|teamsize|p1|6\n|teamsize|p2|6\n|gen|9\n|tier|[Gen 9] National Dex Doubles\n|rated|\n|rule|HP Percentage Mod: HP is shown in percentages\n|rule|Endless Battle Clause: Forcing endless battles is banned\n|rule|OHKO Clause: OHKO moves are banned\n|rule|Evasion Moves Clause: Evasion moves are banned\n|rule|Evasion Abilities Clause: Evasion abilities are banned\n|rule|Species Clause: Limit one of each Pok\u00e9mon\n|rule|Gravity Sleep Clause: The combination of sleep-inducing moves with imperfect accuracy and Gravity or Gigantamax Orbeetle are banned\n|clearpoke\n|poke|p1|Chien-Pao|\n|poke|p1|Dragapult, M|\n|poke|p1|Salamence, F|\n|poke|p1|Tapu Lele|\n|poke|p1|Chi-Yu|\n|poke|p1|Amoonguss, M|\n|poke|p2|Altaria, M|\n|poke|p2|Cresselia, F|\n|poke|p2|Incineroar, F|\n|poke|p2|Kyurem-Black|\n|poke|p2|Ninetales-Alola, F|\n|poke|p2|Kartana|\n|teampreview\n|inactive|Battle timer is ON: inactive players will automatically lose when time's up. (requested by Silent Cosmos)\n|\n|t:|1697129120\n|start\n|switch|p1a: Dragapult|Dragapult, M|100\/100\n|switch|p1b: Chien-Pao|Chien-Pao|100\/100\n|switch|p2a: Ninetales|Ninetales-Alola, F|100\/100\n|switch|p2b: Incineroar|Incineroar, F|100\/100\n|-ability|p1b: Chien-Pao|Sword of Ruin\n|-weather|Snow|[from] ability: Snow Warning|[of] p2a: Ninetales\n|-ability|p2b: Incineroar|Intimidate|boost\n|-fail|p1a: Dragapult|unboost|[from] ability: Clear Body|[of] p1a: Dragapult\n|-unboost|p1b: Chien-Pao|atk|1\n|turn|1\n|\n|t:|1697129141\n|switch|p1a: Amoonguss|Amoonguss, M|100\/100\n|switch|p1b: Tapu Lele|Tapu Lele|100\/100\n|-fieldstart|move: Psychic Terrain|[from] ability: Psychic Surge|[of] p1b: Tapu Lele\n|move|p2b: Incineroar|Fake Out|p1b: Tapu Lele\n|-activate|p1b: Tapu Lele|move: Psychic Terrain\n|move|p2a: Ninetales|Aurora Veil|p2a: Ninetales\n|-sidestart|p2: Silent Cosmos|move: Aurora Veil\n|\n|-weather|Snow|[upkeep]\n|upkeep\n|turn|2\n|\n|t:|1697129161\n|move|p2a: Ninetales|Protect|p2a: Ninetales\n|-singleturn|p2a: Ninetales|Protect\n|move|p1b: Tapu Lele|Focus Blast|p2b: Incineroar|[miss]\n|-miss|p1b: Tapu Lele|p2b: Incineroar\n|move|p2b: Incineroar|Knock Off|p1b: Tapu Lele\n|-damage|p1b: Tapu Lele|39\/100\n|-enditem|p1b: Tapu Lele|Twisted Spoon|[from] move: Knock Off|[of] p2b: Incineroar\n|move|p1a: Amoonguss|Clear Smog|p2a: Ninetales\n|-activate|p2a: Ninetales|move: Protect\n|\n|-weather|Snow|[upkeep]\n|upkeep\n|turn|3\n|\n|t:|1697129183\n|switch|p2a: Kartana|Kartana|100\/100\n|move|p1b: Tapu Lele|Focus Blast|p2b: Incineroar\n|-supereffective|p2b: Incineroar\n|-damage|p2b: Incineroar|61\/100\n|move|p2b: Incineroar|Parting Shot|p1a: Amoonguss\n|-unboost|p1a: Amoonguss|atk|1\n|-unboost|p1a: Amoonguss|spa|1\n|\n|t:|1697129193\n|switch|p2b: Altaria|Altaria, M|100\/100|[from] Parting Shot\n|-ability|p2b: Altaria|Cloud Nine\n|move|p1a: Amoonguss|Clear Smog|p2a: Kartana\n|-immune|p2a: Kartana\n|\n|-weather|Snow|[upkeep]\n|upkeep\n|turn|4\n|inactive|Spookely has 120 seconds left.\n|\n|t:|1697129249\n|switch|p1a: Salamence|Salamence, F|100\/100\n|-ability|p1a: Salamence|Intimidate|boost\n|-unboost|p2a: Kartana|atk|1\n|-unboost|p2b: Altaria|atk|1\n|detailschange|p2b: Altaria|Altaria-Mega, M\n|-mega|p2b: Altaria|Altaria|Altarianite\n|move|p2a: Kartana|Smart Strike|p1b: Tapu Lele\n|-supereffective|p1b: Tapu Lele\n|-damage|p1b: Tapu Lele|0 fnt\n|faint|p1b: Tapu Lele\n|-ability|p2a: Kartana|Beast Boost|boost\n|-boost|p2a: Kartana|atk|1\n|move|p2b: Altaria|Tailwind|p2b: Altaria\n|-sidestart|p2: Silent Cosmos|move: Tailwind\n|\n|-weather|Snow|[upkeep]\n|upkeep\n|inactive|Spookely has 90 seconds left.\n|\n|t:|1697129264\n|switch|p1b: Chi-Yu|Chi-Yu|100\/100\n|-ability|p1b: Chi-Yu|Beads of Ruin\n|turn|5\n|\n|t:|1697129277\n|switch|p2a: Incineroar|Incineroar, F|61\/100\n|-ability|p2a: Incineroar|Intimidate|boost\n|-unboost|p1a: Salamence|atk|1\n|-unboost|p1b: Chi-Yu|atk|1\n|-terastallize|p1a: Salamence|Steel\n|move|p1b: Chi-Yu|Flamethrower|p2a: Incineroar\n|-resisted|p2a: Incineroar\n|-damage|p2a: Incineroar|45\/100\n|-enditem|p2a: Incineroar|Sitrus Berry|[eat]\n|-heal|p2a: Incineroar|70\/100|[from] item: Sitrus Berry\n|move|p2b: Altaria|Hyper Voice|p1a: Salamence|[spread] p1a,p1b\n|-resisted|p1a: Salamence\n|-damage|p1a: Salamence|80\/100\n|-damage|p1b: Chi-Yu|53\/100\n|move|p1a: Salamence|Brick Break|p2a: Incineroar\n|-sideend|p2: Silent Cosmos|move: Aurora Veil\n|-supereffective|p2a: Incineroar\n|-damage|p2a: Incineroar|41\/100\n|\n|-weather|none\n|-heal|p1a: Salamence|87\/100|[from] item: Leftovers\n|-fieldend|move: Psychic Terrain\n|upkeep\n|turn|6\n|inactive|Spookely has 120 seconds left.\n|inactive|Silent Cosmos has 120 seconds left.\n|\n|t:|1697129311\n|switch|p1b: Amoonguss|Amoonguss, M|100\/100\n|move|p2a: Incineroar|Fake Out|p1b: Amoonguss\n|-damage|p1b: Amoonguss|91\/100\n|move|p2b: Altaria|Fire Blast|p1a: Salamence\n|-supereffective|p1a: Salamence\n|-damage|p1a: Salamence|35\/100\n|move|p1a: Salamence|Tailwind|p1a: Salamence\n|-sidestart|p1: Spookely|move: Tailwind\n|\n|-heal|p1a: Salamence|41\/100|[from] item: Leftovers\n|upkeep\n|turn|7\n|inactive|Spookely has 120 seconds left.\n|\n|t:|1697129334\n|switch|p1a: Chi-Yu|Chi-Yu|53\/100\n|-ability|p1a: Chi-Yu|Beads of Ruin\n|move|p2b: Altaria|Fire Blast|p1b: Amoonguss\n|-supereffective|p1b: Amoonguss\n|-damage|p1b: Amoonguss|20\/100\n|-enditem|p1b: Amoonguss|Sitrus Berry|[eat]\n|-heal|p1b: Amoonguss|45\/100|[from] item: Sitrus Berry\n|move|p2a: Incineroar|Flare Blitz|p1b: Amoonguss\n|-supereffective|p1b: Amoonguss\n|-damage|p1b: Amoonguss|0 fnt\n|faint|p1b: Amoonguss\n|-damage|p2a: Incineroar|25\/100|[from] Recoil\n|\n|-sideend|p2: Silent Cosmos|move: Tailwind\n|upkeep\n|\n|t:|1697129351\n|switch|p1b: Chien-Pao|Chien-Pao|100\/100\n|-ability|p1b: Chien-Pao|Sword of Ruin\n|turn|8\n|\n|t:|1697129360\n|move|p2b: Altaria|Protect|p2b: Altaria\n|-singleturn|p2b: Altaria|Protect\n|move|p1a: Chi-Yu|Dark Pulse|p2a: Incineroar\n|-resisted|p2a: Incineroar\n|-damage|p2a: Incineroar|4\/100\n|move|p1b: Chien-Pao|Ice Spinner|p2b: Altaria\n|-activate|p2b: Altaria|move: Protect\n|move|p2a: Incineroar|Knock Off|p1b: Chien-Pao\n|-resisted|p1b: Chien-Pao\n|-damage|p1b: Chien-Pao|71\/100\n|-enditem|p1b: Chien-Pao|Focus Sash|[from] move: Knock Off|[of] p2a: Incineroar\n|\n|upkeep\n|turn|9\n|\n|t:|1697129382\n|switch|p2b: Ninetales|Ninetales-Alola, F|100\/100\n|-weather|Snow|[from] ability: Snow Warning|[of] p2b: Ninetales\n|move|p1a: Chi-Yu|Dark Pulse|p2a: Incineroar\n|-resisted|p2a: Incineroar\n|-damage|p2a: Incineroar|0 fnt\n|faint|p2a: Incineroar\n|move|p1b: Chien-Pao|Ice Spinner|p2b: Ninetales\n|-resisted|p2b: Ninetales\n|-damage|p2b: Ninetales|78\/100\n|\n|-weather|Snow|[upkeep]\n|-sideend|p1: Spookely|move: Tailwind\n|upkeep\n|inactive|Silent Cosmos has 120 seconds left.\n|\n|t:|1697129409\n|switch|p2a: Kyurem|Kyurem-Black, shiny|100\/100\n|-ability|p2a: Kyurem|Teravolt\n|turn|10\n|inactive|Silent Cosmos has 120 seconds left.\n|\n|t:|1697129439\n|switch|p1a: Salamence|Salamence, F, tera:Steel|41\/100\n|-ability|p1a: Salamence|Intimidate|boost\n|-unboost|p2a: Kyurem|atk|1\n|-unboost|p2b: Ninetales|atk|1\n|-terastallize|p2a: Kyurem|Electric\n|move|p1b: Chien-Pao|Sacred Sword|p2a: Kyurem\n|-damage|p2a: Kyurem|66\/100\n|move|p2b: Ninetales|Aurora Veil|p2b: Ninetales\n|-sidestart|p2: Silent Cosmos|move: Aurora Veil\n|move|p2a: Kyurem|Dragon Dance|p2a: Kyurem\n|-boost|p2a: Kyurem|atk|1\n|-boost|p2a: Kyurem|spe|1\n|\n|-weather|Snow|[upkeep]\n|-heal|p1a: Salamence|47\/100|[from] item: Leftovers\n|upkeep\n|turn|11\n|inactive|Silent Cosmos has 120 seconds left.\n|\n|t:|1697129474\n|move|p2a: Kyurem|Dragon Dance|p2a: Kyurem\n|-boost|p2a: Kyurem|atk|1\n|-boost|p2a: Kyurem|spe|1\n|move|p1b: Chien-Pao|Sacred Sword|p2b: Ninetales\n|-damage|p2b: Ninetales|57\/100\n|move|p2b: Ninetales|Icy Wind|p1b: Chien-Pao|[spread] p1a,p1b\n|-resisted|p1a: Salamence\n|-resisted|p1b: Chien-Pao\n|-damage|p1a: Salamence|43\/100\n|-damage|p1b: Chien-Pao|62\/100\n|-unboost|p1a: Salamence|spe|1\n|-unboost|p1b: Chien-Pao|spe|1\n|move|p1a: Salamence|Brick Break|p2b: Ninetales\n|-sideend|p2: Silent Cosmos|move: Aurora Veil\n|-damage|p2b: Ninetales|34\/100\n|\n|-weather|Snow|[upkeep]\n|-heal|p1a: Salamence|49\/100|[from] item: Leftovers\n|upkeep\n|turn|12\n|inactive|Silent Cosmos has 120 seconds left.\n|\n|t:|1697129498\n|move|p1b: Chien-Pao|Protect|p1b: Chien-Pao\n|-singleturn|p1b: Chien-Pao|Protect\n|move|p2a: Kyurem|Fusion Bolt|p1a: Salamence\n|-damage|p1a: Salamence|0 fnt\n|faint|p1a: Salamence\n|move|p2b: Ninetales|Aurora Veil|p2b: Ninetales\n|-sidestart|p2: Silent Cosmos|move: Aurora Veil\n|\n|-weather|Snow|[upkeep]\n|upkeep\n|-message|Spookely forfeited.\n|\n|win|Silent Cosmos\n|raw|Spookely's rating: 1407 &rarr; <strong>1385<\/strong><br \/>(-22 for losing)\n|raw|Silent Cosmos's rating: 1376 &rarr; <strong>1398<\/strong><br \/>(+22 for winning)\n|l|\u2606Spookely\n|l|\u2606Silent Cosmos\n|j|\u2606Silent Cosmos\n|player|p2|Silent Cosmos|ghetsis-gen5bw\n","uploadtime":1697129529,"views":9,"p1id":"spookely","p2id":"silentcosmos","formatid":"gen9nationaldexdoubles","rating":1385,"private":0,"password":""}