{"id":"gen9nationaldexdoubles-1960455954","p1":"nombre epico.jpg","p2":"the mudkip warrior","format":"[Gen 9] National Dex Doubles","log":"|j|\u2606nombre epico.jpg\n|j|\u2606the mudkip warrior\n|t:|1696526730\n|gametype|doubles\n|player|p1|nombre epico.jpg|may-masters2|1266\n|player|p2|the mudkip warrior|acetrainer-gen4dp|1542\n|teamsize|p1|6\n|teamsize|p2|6\n|gen|9\n|tier|[Gen 9] National Dex Doubles\n|rated|\n|rule|HP Percentage Mod: HP is shown in percentages\n|rule|Endless Battle Clause: Forcing endless battles is banned\n|rule|OHKO Clause: OHKO moves are banned\n|rule|Evasion Moves Clause: Evasion moves are banned\n|rule|Evasion Abilities Clause: Evasion abilities are banned\n|rule|Species Clause: Limit one of each Pok\u00e9mon\n|rule|Gravity Sleep Clause: The combination of sleep-inducing moves with imperfect accuracy and Gravity or Gigantamax Orbeetle are banned\n|clearpoke\n|poke|p1|Weavile, F|\n|poke|p1|Ribombee, M|\n|poke|p1|Dragonite, M|\n|poke|p1|Gliscor, M|\n|poke|p1|Metagross|\n|poke|p1|Manaphy|\n|poke|p2|Chien-Pao|\n|poke|p2|Dragonite, F|\n|poke|p2|Tornadus, M|\n|poke|p2|Charizard, M|\n|poke|p2|Walking Wake|\n|poke|p2|Kingambit, M|\n|teampreview\n|c|\u2606the mudkip warrior|gl\n|\n|t:|1696526739\n|start\n|switch|p1a: Weavile|Weavile, F|100\/100\n|switch|p1b: Ribombee|Ribombee, M, shiny|100\/100\n|switch|p2a: Al'akir|Tornadus, M|100\/100\n|switch|p2b: Dolce|Dragonite, F|100\/100\n|-ability|p1a: Weavile|Pressure\n|turn|1\n|c|\u2606nombre epico.jpg|Esta es la tercera que te veo?\n|\n|t:|1696526765\n|move|p2a: Al'akir|Taunt|p1b: Ribombee\n|-start|p1b: Ribombee|move: Taunt\n|move|p1a: Weavile|Triple Axel|p2b: Dolce\n|-supereffective|p2b: Dolce\n|-damage|p2b: Dolce|76\/100\n|-supereffective|p2b: Dolce\n|-damage|p2b: Dolce|0 fnt\n|faint|p2b: Dolce\n|-hitcount|p2: Dolce|2\n|cant|p1b: Ribombee|move: Taunt|Reflect\n|\n|upkeep\n|c|\u2606the mudkip warrior|\u00e8 possibile\n|c|\u2606the mudkip warrior|non ci sono molte persone qui\n|\n|t:|1696526803\n|switch|p2b: Galakrond|Charizard, M, shiny|100\/100\n|turn|2\n|\n|t:|1696526811\n|detailschange|p2b: Galakrond|Charizard-Mega-Y, M, shiny\n|-mega|p2b: Galakrond|Charizard|Charizardite Y\n|-weather|SunnyDay|[from] ability: Drought|[of] p2b: Galakrond\n|move|p1a: Weavile|Triple Axel|p2a: Al'akir\n|-supereffective|p2a: Al'akir\n|-damage|p2a: Al'akir|66\/100\n|-supereffective|p2a: Al'akir\n|-damage|p2a: Al'akir|2\/100\n|-supereffective|p2a: Al'akir\n|-damage|p2a: Al'akir|0 fnt\n|faint|p2a: Al'akir\n|-hitcount|p2: Al'akir|3\n|move|p1b: Ribombee|Dazzling Gleam|p2b: Galakrond\n|-resisted|p2b: Galakrond\n|-damage|p2b: Galakrond|86\/100\n|move|p2b: Galakrond|Heat Wave|p1b: Ribombee|[spread] p1b\n|-miss|p2b: Galakrond|p1a: Weavile\n|-supereffective|p1b: Ribombee\n|-damage|p1b: Ribombee|0 fnt\n|faint|p1b: Ribombee\n|\n|-weather|SunnyDay|[upkeep]\n|upkeep\n|\n|t:|1696526835\n|switch|p2a: GRONGO|Walking Wake|100\/100\n|switch|p1b: Dragonite|Dragonite, M|100\/100\n|-activate|p2a: GRONGO|ability: Protosynthesis\n|-start|p2a: GRONGO|protosynthesisspe\n|turn|3\n|\n|t:|1696526847\n|-terastallize|p2a: GRONGO|Fairy\n|move|p2a: GRONGO|Dragon Pulse|p1b: Dragonite\n|-supereffective|p1b: Dragonite\n|-damage|p1b: Dragonite|48\/100\n|-enditem|p1b: Dragonite|Weakness Policy\n|-boost|p1b: Dragonite|atk|2|[from] item: Weakness Policy\n|-boost|p1b: Dragonite|spa|2|[from] item: Weakness Policy\n|-damage|p2a: GRONGO|91\/100|[from] item: Life Orb\n|move|p1a: Weavile|Triple Axel|p2b: Galakrond\n|-damage|p2b: Galakrond|70\/100\n|-damage|p2b: Galakrond|40\/100\n|-damage|p2b: Galakrond|0 fnt\n|faint|p2b: Galakrond\n|-hitcount|p2: Galakrond|3\n|move|p1b: Dragonite|Outrage|p2a: GRONGO\n|-immune|p2a: GRONGO\n|\n|-weather|SunnyDay|[upkeep]\n|upkeep\n|\n|t:|1696526857\n|switch|p2b: Yusuke|Chien-Pao|100\/100\n|-ability|p2b: Yusuke|Sword of Ruin\n|turn|4\n|\n|t:|1696526873\n|move|p1b: Dragonite|Extreme Speed|p2b: Yusuke\n|-damage|p2b: Yusuke|21\/100\n|move|p1a: Weavile|Ice Shard|p2b: Yusuke\n|-resisted|p2b: Yusuke\n|-damage|p2b: Yusuke|8\/100\n|move|p2a: GRONGO|Tera Blast|p1b: Dragonite|[anim] Tera Blast Fairy\n|-supereffective|p1b: Dragonite\n|-damage|p1b: Dragonite|0 fnt\n|faint|p1b: Dragonite\n|-damage|p2a: GRONGO|81\/100|[from] item: Life Orb\n|move|p2b: Yusuke|Ice Spinner|p1a: Weavile\n|-resisted|p1a: Weavile\n|-damage|p1a: Weavile|56\/100\n|\n|-weather|SunnyDay|[upkeep]\n|upkeep\n|\n|t:|1696526889\n|switch|p1b: Metagross|Metagross, shiny|100\/100\n|turn|5\n|\n|t:|1696526910\n|detailschange|p1b: Metagross|Metagross-Mega, shiny\n|-mega|p1b: Metagross|Metagross|Metagrossite\n|move|p2b: Yusuke|Protect|p2b: Yusuke\n|-singleturn|p2b: Yusuke|Protect\n|move|p1b: Metagross|Bullet Punch|p2b: Yusuke\n|-activate|p2b: Yusuke|move: Protect\n|move|p2a: GRONGO|Flamethrower|p1b: Metagross\n|-supereffective|p1b: Metagross\n|-damage|p1b: Metagross|0 fnt\n|faint|p1b: Metagross\n|-damage|p2a: GRONGO|71\/100|[from] item: Life Orb\n|move|p1a: Weavile|Triple Axel|p2a: GRONGO\n|-damage|p2a: GRONGO|55\/100\n|-damage|p2a: GRONGO|27\/100\n|-damage|p2a: GRONGO|0 fnt\n|faint|p2a: GRONGO\n|-end|p2a: GRONGO|Protosynthesis|[silent]\n|-hitcount|p2: GRONGO|3\n|\n|-weather|SunnyDay|[upkeep]\n|upkeep\n|\n|t:|1696526933\n|switch|p2a: Scimitar|Kingambit, M|100\/100\n|switch|p1b: Manaphy|Manaphy, shiny|100\/100\n|turn|6\n|\n|t:|1696526970\n|move|p2b: Yusuke|Sucker Punch||[still]\n|-fail|p2b: Yusuke\n|move|p1a: Weavile|Ice Shard|p2b: Yusuke\n|-resisted|p2b: Yusuke\n|-damage|p2b: Yusuke|0 fnt\n|faint|p2b: Yusuke\n|move|p1b: Manaphy|Tail Glow|p1b: Manaphy\n|-boost|p1b: Manaphy|spa|3\n|move|p2a: Scimitar|Brick Break|p1a: Weavile\n|-supereffective|p1a: Weavile\n|-damage|p1a: Weavile|0 fnt\n|faint|p1a: Weavile\n|\n|-weather|none\n|upkeep\n|\n|t:|1696526984\n|switch|p1a: Gliscor|Gliscor, M, shiny|100\/100\n|turn|7\n|\n|t:|1696526996\n|-terastallize|p1b: Manaphy|Fairy\n|move|p1b: Manaphy|Dazzling Gleam|p2a: Scimitar\n|-damage|p2a: Scimitar|43\/100\n|move|p1a: Gliscor|Swords Dance|p1a: Gliscor\n|-boost|p1a: Gliscor|atk|2\n|move|p2a: Scimitar|Kowtow Cleave|p1b: Manaphy\n|-resisted|p1b: Manaphy\n|-damage|p1b: Manaphy|78\/100\n|\n|-status|p1a: Gliscor|tox|[from] item: Toxic Orb\n|upkeep\n|turn|8\n|c|\u2606the mudkip warrior|gg\n|\n|t:|1696527011\n|move|p1b: Manaphy|Dazzling Gleam|p2a: Scimitar\n|-damage|p2a: Scimitar|0 fnt\n|faint|p2a: Scimitar\n|\n|win|nombre epico.jpg\n|raw|nombre epico.jpg's rating: 1266 &rarr; <strong>1308<\/strong><br \/>(+42 for winning)\n|raw|the mudkip warrior's rating: 1542 &rarr; <strong>1509<\/strong><br \/>(-33 for losing)\n|c|\u2606nombre epico.jpg|Por fin te gane igual bien jugado\n","uploadtime":1696527039,"views":7,"p1id":"nombreepicojpg","p2id":"themudkipwarrior","formatid":"gen9nationaldexdoubles","rating":1308,"private":0,"password":""}