{"id":"gen9nationaldexdoubles-1965358398","p1":"MobeT12GER","p2":"Rhambo1508","format":"[Gen 9] National Dex Doubles","log":"|j|\u2606MobeT12GER\n|j|\u2606Rhambo1508\n|t:|1697064757\n|gametype|doubles\n|player|p1|MobeT12GER|101|1134\n|player|p2|Rhambo1508|norman|1115\n|teamsize|p1|6\n|teamsize|p2|6\n|gen|9\n|tier|[Gen 9] National Dex Doubles\n|rated|\n|rule|HP Percentage Mod: HP is shown in percentages\n|rule|Endless Battle Clause: Forcing endless battles is banned\n|rule|OHKO Clause: OHKO moves are banned\n|rule|Evasion Moves Clause: Evasion moves are banned\n|rule|Evasion Abilities Clause: Evasion abilities are banned\n|rule|Species Clause: Limit one of each Pok\u00e9mon\n|rule|Gravity Sleep Clause: The combination of sleep-inducing moves with imperfect accuracy and Gravity or Gigantamax Orbeetle are banned\n|clearpoke\n|poke|p1|Drednaw, F|\n|poke|p1|Clefairy, F|\n|poke|p1|Maushold-Four|\n|poke|p1|Torterra, M|\n|poke|p1|Slowbro-Galar, M|\n|poke|p1|Garchomp, F|\n|poke|p2|Ursaluna-Bloodmoon, M|\n|poke|p2|Slaking, F|\n|poke|p2|Ditto|\n|poke|p2|Exploud, M|\n|poke|p2|Grafaiai, F|\n|poke|p2|Zoroark-Hisui, F|\n|teampreview\n|\n|t:|1697064768\n|start\n|switch|p1a: Drednaw|Drednaw, F|100\/100\n|switch|p1b: Clefairy|Clefairy, F|100\/100\n|switch|p2a: Grafaiai|Grafaiai, F|100\/100\n|switch|p2b: Slaking|Slaking, F|100\/100\n|turn|1\n|\n|t:|1697064792\n|move|p1b: Clefairy|Follow Me|p1b: Clefairy\n|-singleturn|p1b: Clefairy|move: Follow Me\n|move|p2a: Grafaiai|Taunt|p1b: Clefairy\n|-start|p1b: Clefairy|move: Taunt\n|move|p2b: Slaking|Drain Punch|p1b: Clefairy\n|-resisted|p1b: Clefairy\n|-damage|p1b: Clefairy|82\/100\n|move|p1a: Drednaw|Shell Smash|p1a: Drednaw\n|-unboost|p1a: Drednaw|def|1\n|-unboost|p1a: Drednaw|spd|1\n|-boost|p1a: Drednaw|atk|2\n|-boost|p1a: Drednaw|spa|2\n|-boost|p1a: Drednaw|spe|2\n|-enditem|p1a: Drednaw|White Herb\n|-clearnegativeboost|p1a: Drednaw|[silent]\n|\n|upkeep\n|turn|2\n|\n|t:|1697064832\n|switch|p1b: Maushold|Maushold-Four|100\/100\n|-terastallize|p1a: Drednaw|Water\n|move|p2a: Grafaiai|Encore|p1a: Drednaw\n|-start|p1a: Drednaw|Encore\n|move|p1a: Drednaw|Shell Smash|p1a: Drednaw\n|-unboost|p1a: Drednaw|def|1\n|-unboost|p1a: Drednaw|spd|1\n|-boost|p1a: Drednaw|atk|2\n|-boost|p1a: Drednaw|spa|2\n|-boost|p1a: Drednaw|spe|2\n|cant|p2b: Slaking|ability: Truant\n|\n|upkeep\n|turn|3\n|\n|t:|1697064872\n|switch|p2b: Ditto|Ditto|100\/100\n|-transform|p2b: Ditto|p1a: Drednaw|[from] ability: Imposter\n|move|p1b: Maushold|Follow Me|p1b: Maushold\n|-singleturn|p1b: Maushold|move: Follow Me\n|move|p2a: Grafaiai|Taunt|p1b: Maushold\n|-start|p1b: Maushold|move: Taunt\n|move|p1a: Drednaw|Shell Smash|p1a: Drednaw\n|-unboost|p1a: Drednaw|def|1\n|-unboost|p1a: Drednaw|spd|1\n|-boost|p1a: Drednaw|atk|2\n|-boost|p1a: Drednaw|spa|2\n|-boost|p1a: Drednaw|spe|2\n|\n|upkeep\n|-start|p2b: Ditto|typechange|Water\/Rock|[silent]\n|turn|4\n|\n|t:|1697064913\n|switch|p1b: Clefairy|Clefairy, F|82\/100\n|move|p2a: Grafaiai|Encore||[still]\n|-fail|p2a: Grafaiai\n|move|p2b: Ditto|Crunch|p1a: Drednaw\n|-damage|p1a: Drednaw|0 fnt\n|faint|p1a: Drednaw\n|\n|upkeep\n|\n|t:|1697064922\n|switch|p1a: Slowbro|Slowbro-Galar, M|100\/100\n|turn|5\n|inactive|Battle timer is ON: inactive players will automatically lose when time's up. (requested by MobeT12GER)\n|\n|t:|1697064974\n|move|p1b: Clefairy|Follow Me|p1b: Clefairy\n|-singleturn|p1b: Clefairy|move: Follow Me\n|move|p2a: Grafaiai|Parting Shot|p1b: Clefairy\n|-unboost|p1b: Clefairy|atk|1\n|-unboost|p1b: Clefairy|spa|1\n|\n|t:|1697064983\n|switch|p2a: Grafaiai|Grafaiai, F|100\/100|[from] Parting Shot\n|move|p2b: Ditto|Crunch|p1b: Clefairy\n|-resisted|p1b: Clefairy\n|-damage|p1b: Clefairy|5\/100\n|move|p1a: Slowbro|Drain Punch|p2b: Ditto\n|-supereffective|p2b: Ditto\n|-damage|p2b: Ditto|7\/100\n|\n|upkeep\n|turn|6\n|inactive|MobeT12GER has 120 seconds left.\n|inactive|MobeT12GER has 90 seconds left.\n|\n|t:|1697065053\n|move|p1b: Clefairy|Follow Me|p1b: Clefairy\n|-singleturn|p1b: Clefairy|move: Follow Me\n|move|p2b: Ditto|Crunch|p1b: Clefairy\n|-resisted|p1b: Clefairy\n|-damage|p1b: Clefairy|0 fnt\n|faint|p1b: Clefairy\n|move|p2a: Grafaiai|Dark Pulse|p1a: Slowbro\n|-supereffective|p1a: Slowbro\n|-damage|p1a: Slowbro|41\/100\n|cant|p1a: Slowbro|flinch\n|\n|upkeep\n|\n|t:|1697065065\n|switch|p1b: Maushold|Maushold-Four|100\/100\n|turn|7\n|inactive|MobeT12GER has 90 seconds left.\n|\n|t:|1697065086\n|move|p1b: Maushold|Follow Me|p1b: Maushold\n|-singleturn|p1b: Maushold|move: Follow Me\n|move|p2b: Ditto|Crunch|p1b: Maushold\n|-damage|p1b: Maushold|0 fnt\n|faint|p1b: Maushold\n|move|p2a: Grafaiai|Snarl|p1a: Slowbro\n|-supereffective|p1a: Slowbro\n|-damage|p1a: Slowbro|0 fnt\n|faint|p1a: Slowbro\n|\n|upkeep\n|inactive|MobeT12GER has 90 seconds left.\n|\n|t:|1697065098\n|switch|p1b: Torterra|Torterra, M|100\/100\n|switch|p1a: Garchomp|Garchomp, F|100\/100\n|turn|8\n|\n|t:|1697065114\n|move|p2b: Ditto|Crunch|p1a: Garchomp\n|-damage|p1a: Garchomp|19\/100\n|-damage|p2b: Ditto|0 fnt|[from] ability: Rough Skin|[of] p1a: Garchomp\n|faint|p2b: Ditto\n|move|p2a: Grafaiai|Burning Jealousy|p1b: Torterra|[spread] p1a,p1b\n|-resisted|p1a: Garchomp\n|-crit|p1a: Garchomp\n|-supereffective|p1b: Torterra\n|-damage|p1a: Garchomp|5\/100\n|-damage|p1b: Torterra|61\/100\n|move|p1a: Garchomp|Toxic|p2a: Grafaiai|[miss]\n|-miss|p1a: Garchomp|p2a: Grafaiai\n|move|p1b: Torterra|Shell Smash|p1b: Torterra\n|-unboost|p1b: Torterra|def|1\n|-unboost|p1b: Torterra|spd|1\n|-boost|p1b: Torterra|atk|2\n|-boost|p1b: Torterra|spa|2\n|-boost|p1b: Torterra|spe|2\n|-enditem|p1b: Torterra|White Herb\n|-clearnegativeboost|p1b: Torterra|[silent]\n|\n|upkeep\n|\n|t:|1697065134\n|switch|p2b: Ursaluna|Ursaluna-Bloodmoon, M|100\/100\n|turn|9\n|inactive|MobeT12GER has 120 seconds left.\n|\n|t:|1697065172\n|-terastallize|p2b: Ursaluna|Normal\n|move|p1b: Torterra|Trailblaze|p2b: Ursaluna\n|-damage|p2b: Ursaluna|68\/100\n|-boost|p1b: Torterra|spe|1\n|move|p2a: Grafaiai|Burning Jealousy|p1a: Garchomp|[spread] p1a,p1b\n|-resisted|p1a: Garchomp\n|-supereffective|p1b: Torterra\n|-damage|p1a: Garchomp|0 fnt\n|-damage|p1b: Torterra|21\/100\n|-status|p1b: Torterra|brn\n|faint|p1a: Garchomp\n|move|p2b: Ursaluna|Blood Moon|p1b: Torterra\n|-damage|p1b: Torterra|0 fnt\n|faint|p1b: Torterra\n|\n|win|Rhambo1508\n|raw|MobeT12GER's rating: 1134 &rarr; <strong>1108<\/strong><br \/>(-26 for losing)\n|raw|Rhambo1508's rating: 1115 &rarr; <strong>1141<\/strong><br \/>(+26 for winning)\n|l|\u2606MobeT12GER\n","uploadtime":1697065201,"views":5,"p1id":"mobet12ger","p2id":"rhambo1508","formatid":"gen9nationaldexdoubles","rating":1108,"private":0,"password":""}