{"id":"gen9nationaldexdoubles-1962042334","p1":"femspencer","p2":"Zera & Lucy","format":"[Gen 9] National Dex Doubles","log":"|j|\u2606femspencer\n|j|\u2606Zera & Lucy\n|t:|1696701460\n|gametype|doubles\n|player|p1|femspencer|nurse|1124\n|player|p2|Zera & Lucy|cynthia|1326\n|teamsize|p1|6\n|teamsize|p2|6\n|gen|9\n|tier|[Gen 9] National Dex Doubles\n|rated|\n|rule|HP Percentage Mod: HP is shown in percentages\n|rule|Endless Battle Clause: Forcing endless battles is banned\n|rule|OHKO Clause: OHKO moves are banned\n|rule|Evasion Moves Clause: Evasion moves are banned\n|rule|Evasion Abilities Clause: Evasion abilities are banned\n|rule|Species Clause: Limit one of each Pok\u00e9mon\n|rule|Gravity Sleep Clause: The combination of sleep-inducing moves with imperfect accuracy and Gravity or Gigantamax Orbeetle are banned\n|clearpoke\n|poke|p1|Sinistcha-Masterpiece|\n|poke|p1|Chandelure, F|\n|poke|p1|Flutter Mane|\n|poke|p1|Cofagrigus, F|\n|poke|p1|Dragapult, F|\n|poke|p1|Trevenant, M|\n|poke|p2|Goodra-Hisui, M|\n|poke|p2|Indeedee, M|\n|poke|p2|Munkidori, M|\n|poke|p2|Espeon, F|\n|poke|p2|Toxtricity, F|\n|poke|p2|Kommo-o, M|\n|teampreview\n|inactive|Battle timer is ON: inactive players will automatically lose when time's up. (requested by Zera & Lucy)\n|inactive|Zera & Lucy has 120 seconds left.\n|inactive|Zera & Lucy has 90 seconds left.\n|inactive|Zera & Lucy has 60 seconds left.\n|\n|t:|1696701559\n|start\n|switch|p1a: Flutter Mane|Flutter Mane|100\/100\n|switch|p1b: Dragapult|Dragapult, F, shiny|100\/100\n|switch|p2a: Goodra|Goodra-Hisui, M|100\/100\n|switch|p2b: Munkidori|Munkidori, M|100\/100\n|turn|1\n|c|\u2606Zera & Lucy|Sorry mate\n|\n|t:|1696701582\n|move|p1a: Flutter Mane|Shadow Ball|p2b: Munkidori\n|-supereffective|p2b: Munkidori\n|-damage|p2b: Munkidori|0 fnt\n|faint|p2b: Munkidori\n|move|p1b: Dragapult|Phantom Force||[still]\n|-prepare|p1b: Dragapult|Phantom Force\n|move|p2a: Goodra|Dragon Tail|p1b: Dragapult|[miss]\n|-miss|p2a: Goodra|p1b: Dragapult\n|\n|upkeep\n|inactive|Zera & Lucy has 120 seconds left.\n|\n|t:|1696701601\n|switch|p2b: Espeon|Espeon, F|100\/100\n|turn|2\n|\n|t:|1696701612\n|move|p1a: Flutter Mane|Shadow Ball|p2b: Espeon\n|-supereffective|p2b: Espeon\n|-damage|p2b: Espeon|0 fnt\n|faint|p2b: Espeon\n|move|p1b: Dragapult|Phantom Force|p2a: Goodra|[from]lockedmove\n|-damage|p2a: Goodra|57\/100\n|-ability|p2a: Goodra|Gooey\n|-unboost|p1b: Dragapult|spe|1\n|move|p2a: Goodra|Gyro Ball|p1a: Flutter Mane\n|-supereffective|p1a: Flutter Mane\n|-damage|p1a: Flutter Mane|0 fnt\n|faint|p1a: Flutter Mane\n|-end|p1a: Flutter Mane|Protosynthesis|[silent]\n|\n|-heal|p2a: Goodra|63\/100|[from] item: Leftovers\n|upkeep\n|\n|t:|1696701626\n|switch|p1a: Cofagrigus|Cofagrigus, F|100\/100\n|switch|p2b: Toxtricity|Toxtricity, F|100\/100\n|turn|3\n|\n|t:|1696701645\n|switch|p2a: Kommo-o|Kommo-o, M|100\/100\n|move|p1b: Dragapult|Phantom Force||[still]\n|-prepare|p1b: Dragapult|Phantom Force\n|move|p2b: Toxtricity|Boomburst|p1b: Dragapult|[spread] \n|-miss|p2b: Toxtricity|p1b: Dragapult\n|-immune|p2a: Kommo-o|[from] ability: Soundproof\n|-immune|p1a: Cofagrigus\n|move|p1a: Cofagrigus|Iron Defense|p1a: Cofagrigus\n|-boost|p1a: Cofagrigus|def|2\n|\n|upkeep\n|turn|4\n|\n|t:|1696701662\n|switch|p2b: Goodra|Goodra-Hisui, M|63\/100\n|move|p2a: Kommo-o|Scale Shot|p1b: Dragapult|[miss]\n|-miss|p2a: Kommo-o|p1b: Dragapult\n|move|p1b: Dragapult|Phantom Force|p2b: Goodra|[from]lockedmove\n|-damage|p2b: Goodra|18\/100\n|-ability|p2b: Goodra|Gooey\n|-unboost|p1b: Dragapult|spe|1\n|move|p1a: Cofagrigus|Iron Defense|p1a: Cofagrigus\n|-boost|p1a: Cofagrigus|def|2\n|\n|-heal|p2b: Goodra|24\/100|[from] item: Leftovers\n|upkeep\n|turn|5\n|\n|t:|1696701685\n|move|p2a: Kommo-o|Scale Shot|p1b: Dragapult\n|-supereffective|p1b: Dragapult\n|-damage|p1b: Dragapult|68\/100\n|-supereffective|p1b: Dragapult\n|-damage|p1b: Dragapult|34\/100\n|-supereffective|p1b: Dragapult\n|-damage|p1b: Dragapult|3\/100\n|-hitcount|p1b: Dragapult|3\n|-unboost|p2a: Kommo-o|def|1\n|-boost|p2a: Kommo-o|spe|1\n|move|p1b: Dragapult|Dragon Darts|p2a: Kommo-o\n|-supereffective|p2a: Kommo-o\n|-damage|p2a: Kommo-o|26\/100\n|-anim|p1b: Dragapult|Dragon Darts|p2b: Goodra\n|-damage|p2b: Goodra|0 fnt\n|faint|p2b: Goodra\n|move|p1a: Cofagrigus|Body Press|p2a: Kommo-o\n|-damage|p2a: Kommo-o|0 fnt\n|-damage|p1a: Cofagrigus|84\/100|[from] item: Rocky Helmet|[of] p2a: Kommo-o\n|faint|p2a: Kommo-o\n|\n|-heal|p1b: Dragapult|9\/100|[from] item: Leftovers\n|-heal|p1a: Cofagrigus|90\/100|[from] item: Leftovers\n|upkeep\n|\n|t:|1696701699\n|switch|p2a: Indeedee|Indeedee, M|100\/100\n|switch|p2b: Toxtricity|Toxtricity, F|100\/100\n|-fieldstart|move: Psychic Terrain|[from] ability: Psychic Surge|[of] p2a: Indeedee\n|turn|6\n|\n|t:|1696701715\n|-terastallize|p2a: Indeedee|Psychic\n|move|p2a: Indeedee|Expanding Force|p1b: Dragapult|[spread] p1a,p1b\n|-damage|p1a: Cofagrigus|8\/100\n|-damage|p1b: Dragapult|0 fnt\n|faint|p1b: Dragapult\n|move|p2b: Toxtricity|Overdrive|p1a: Cofagrigus\n|-damage|p1a: Cofagrigus|0 fnt\n|faint|p1a: Cofagrigus\n|\n|upkeep\n|\n|t:|1696701727\n|switch|p1b: Sinistcha|Sinistcha-Masterpiece|100\/100\n|switch|p1a: Chandelure|Chandelure, F|100\/100\n|turn|7\n|\n|t:|1696701734\n|move|p2a: Indeedee|Expanding Force|p1b: Sinistcha|[spread] p1a,p1b\n|-damage|p1a: Chandelure|0 fnt\n|-damage|p1b: Sinistcha|0 fnt\n|faint|p1a: Chandelure\n|faint|p1b: Sinistcha\n|move|p2b: Toxtricity|Overdrive|p1: Chandelure|[notarget]\n|-fail|p2b: Toxtricity\n|\n|upkeep\n|\n|t:|1696701742\n|switch|p1b: Trevenant|Trevenant, M|100\/100\n|turn|8\n|\n|t:|1696701745\n|move|p2a: Indeedee|Expanding Force|p1b: Trevenant\n|-damage|p1b: Trevenant|0 fnt\n|faint|p1b: Trevenant\n|\n|win|Zera & Lucy\n|raw|femspencer's rating: 1124 &rarr; <strong>1112<\/strong><br \/>(-12 for losing)\n|raw|Zera &amp; Lucy's rating: 1326 &rarr; <strong>1336<\/strong><br \/>(+10 for winning)\n|c|\u2606femspencer|gg\n","uploadtime":1696701750,"views":7,"p1id":"femspencer","p2id":"zeralucy","formatid":"gen9nationaldexdoubles","rating":1112,"private":0,"password":""}