{"id":"gen9nationaldexdoubles-1976904719","p1":"isredelpo2009","p2":"Zoroark Nidoking","format":"[Gen 9] National Dex Doubles","log":"|j|\u2606isredelpo2009\n|j|\u2606Zoroark Nidoking\n|t:|1698351107\n|gametype|doubles\n|player|p1|isredelpo2009|lucas|1108\n|player|p2|Zoroark Nidoking|gambler|1185\n|teamsize|p1|6\n|teamsize|p2|6\n|gen|9\n|tier|[Gen 9] National Dex Doubles\n|rated|\n|rule|HP Percentage Mod: HP is shown in percentages\n|rule|Endless Battle Clause: Forcing endless battles is banned\n|rule|OHKO Clause: OHKO moves are banned\n|rule|Evasion Moves Clause: Evasion moves are banned\n|rule|Evasion Abilities Clause: Evasion abilities are banned\n|rule|Species Clause: Limit one of each Pok\u00e9mon\n|rule|Gravity Sleep Clause: The combination of sleep-inducing moves with imperfect accuracy and Gravity or Gigantamax Orbeetle are banned\n|clearpoke\n|poke|p1|Rillaboom, M|\n|poke|p1|Ogerpon-Hearthflame, F|\n|poke|p1|Incineroar, M|\n|poke|p1|Smeargle, M|\n|poke|p1|Amoonguss, M|\n|poke|p1|Landorus-Therian, M|\n|poke|p2|Incineroar, M|\n|poke|p2|Ogerpon-Hearthflame, F|\n|poke|p2|Venusaur, M|\n|poke|p2|Flutter Mane|\n|poke|p2|Ninetales, F|\n|poke|p2|Whimsicott, F|\n|teampreview\n|inactive|Battle timer is ON: inactive players will automatically lose when time's up. (requested by isredelpo2009)\n|inactive|Zoroark Nidoking also wants the timer to be on.\n|\n|t:|1698351116\n|start\n|switch|p1a: Amoonguss|Amoonguss, M, shiny|100\/100\n|switch|p1b: Smeargle|Smeargle, M, shiny|100\/100\n|switch|p2a: Incineroar|Incineroar, M|100\/100\n|switch|p2b: Ogerpon|Ogerpon-Hearthflame, F|100\/100\n|-ability|p2b: Ogerpon|Mold Breaker\n|-ability|p2a: Incineroar|Intimidate|boost\n|-unboost|p1a: Amoonguss|atk|1\n|-unboost|p1b: Smeargle|atk|1\n|turn|1\n|\n|t:|1698351136\n|switch|p1b: Incineroar|Incineroar, M, shiny|100\/100\n|-ability|p1b: Incineroar|Intimidate|boost\n|-unboost|p2a: Incineroar|atk|1\n|-unboost|p2b: Ogerpon|atk|1\n|-terastallize|p1a: Amoonguss|Ground\n|move|p2a: Incineroar|Fake Out|p1b: Incineroar\n|-damage|p1b: Incineroar|91\/100\n|move|p2b: Ogerpon|Ivy Cudgel|p1a: Amoonguss\n|-damage|p1a: Amoonguss|60\/100\n|-enditem|p1a: Amoonguss|Red Card|[of] p2b: Ogerpon\n|drag|p2b: Ninetales|Ninetales, F|100\/100\n|-weather|SunnyDay|[from] ability: Drought|[of] p2b: Ninetales\n|move|p1a: Amoonguss|Spore|p2a: Incineroar\n|-status|p2a: Incineroar|slp|[from] move: Spore\n|\n|-weather|SunnyDay|[upkeep]\n|upkeep\n|turn|2\n|inactive|isredelpo2009 has 120 seconds left.\n|\n|t:|1698351171\n|move|p1b: Incineroar|Fake Out|p2b: Ninetales\n|-damage|p2b: Ninetales|84\/100\n|cant|p2b: Ninetales|flinch\n|cant|p2a: Incineroar|slp\n|move|p1a: Amoonguss|Stomping Tantrum|p2b: Ninetales\n|-supereffective|p2b: Ninetales\n|-damage|p2b: Ninetales|46\/100\n|\n|-weather|SunnyDay|[upkeep]\n|upkeep\n|turn|3\n|inactive|isredelpo2009 has 120 seconds left.\n|\n|t:|1698351195\n|move|p2b: Ninetales|Toxic|p1b: Incineroar\n|-status|p1b: Incineroar|tox\n|move|p1b: Incineroar|Parting Shot|p2b: Ninetales\n|-unboost|p2b: Ninetales|atk|1\n|-unboost|p2b: Ninetales|spa|1\n|inactive|isredelpo2009 has 120 seconds left.\n|\n|t:|1698351203\n|switch|p1b: Landorus|Landorus-Therian, M|100\/100|[from] Parting Shot\n|-ability|p1b: Landorus|Intimidate|boost\n|-unboost|p2a: Incineroar|atk|1\n|-unboost|p2b: Ninetales|atk|1\n|cant|p2a: Incineroar|slp\n|move|p1a: Amoonguss|Stomping Tantrum|p2b: Ninetales\n|-supereffective|p2b: Ninetales\n|-damage|p2b: Ninetales|9\/100\n|\n|-weather|SunnyDay|[upkeep]\n|upkeep\n|turn|4\n|\n|t:|1698351226\n|move|p2b: Ninetales|Flamethrower|p1b: Landorus\n|-damage|p1b: Landorus|68\/100\n|move|p1b: Landorus|Earthquake|p2b: Ninetales|[spread] p1a,p2a,p2b\n|-supereffective|p2a: Incineroar\n|-crit|p2a: Incineroar\n|-supereffective|p2b: Ninetales\n|-damage|p1a: Amoonguss|19\/100\n|-damage|p2a: Incineroar|0 fnt\n|-damage|p2b: Ninetales|0 fnt\n|faint|p2a: Incineroar\n|faint|p2b: Ninetales\n|move|p1a: Amoonguss|Stomping Tantrum|p2: Incineroar|[notarget]\n|-fail|p1a: Amoonguss\n|\n|-weather|SunnyDay|[upkeep]\n|upkeep\n|\n|t:|1698351234\n|switch|p2b: Whimsicott|Whimsicott, F|100\/100\n|switch|p2a: Ogerpon|Ogerpon-Hearthflame, F|100\/100\n|-ability|p2a: Ogerpon|Mold Breaker\n|turn|5\n|\n|t:|1698351250\n|move|p1a: Amoonguss|Rage Powder|p1a: Amoonguss\n|-singleturn|p1a: Amoonguss|move: Rage Powder\n|move|p2b: Whimsicott|Tailwind|p2b: Whimsicott\n|-sidestart|p2: Zoroark Nidoking|move: Tailwind\n|move|p2a: Ogerpon|Horn Leech|p1a: Amoonguss\n|-supereffective|p1a: Amoonguss\n|-damage|p1a: Amoonguss|0 fnt\n|faint|p1a: Amoonguss\n|-zpower|p1b: Landorus\n|move|p1b: Landorus|Tectonic Rage|p2a: Ogerpon|[zeffect]\n|-damage|p2a: Ogerpon|0 fnt\n|faint|p2a: Ogerpon\n|\n|-weather|SunnyDay|[upkeep]\n|upkeep\n|\n|t:|1698351269\n|switch|p2a: Venusaur|Venusaur, M|100\/100\n|switch|p1a: Smeargle|Smeargle, M, shiny|100\/100\n|turn|6\n|\n|t:|1698351288\n|move|p1a: Smeargle|Fake Out|p2a: Venusaur\n|-damage|p2a: Venusaur|94\/100\n|cant|p2a: Venusaur|flinch\n|move|p2b: Whimsicott|Dazzling Gleam|p1a: Smeargle|[spread] p1a,p1b\n|-damage|p1a: Smeargle|73\/100\n|-damage|p1b: Landorus|47\/100\n|move|p1b: Landorus|Fly||[still]\n|-prepare|p1b: Landorus|Fly\n|\n|-weather|SunnyDay|[upkeep]\n|-ability|p1a: Smeargle|Moody|boost\n|-boost|p1a: Smeargle|spe|2\n|-unboost|p1a: Smeargle|def|1\n|upkeep\n|turn|7\n|\n|t:|1698351303\n|move|p2a: Venusaur|Sleep Powder|p1b: Landorus|[miss]\n|-miss|p2a: Venusaur|p1b: Landorus\n|move|p2b: Whimsicott|Giga Drain|p1a: Smeargle\n|-damage|p1a: Smeargle|37\/100\n|move|p1b: Landorus|Fly|p2b: Whimsicott|[from]lockedmove\n|-supereffective|p2b: Whimsicott\n|-damage|p2b: Whimsicott|0 fnt\n|faint|p2b: Whimsicott\n|move|p1a: Smeargle|Trick Room|p1a: Smeargle\n|-fieldstart|move: Trick Room|[of] p1a: Smeargle\n|\n|-weather|SunnyDay|[upkeep]\n|-ability|p1a: Smeargle|Moody|boost\n|-boost|p1a: Smeargle|def|2\n|-unboost|p1a: Smeargle|atk|1\n|upkeep\n|\n|t:|1698351310\n|switch|p2b: Flutter Mane|Flutter Mane|100\/100\n|-activate|p2b: Flutter Mane|ability: Protosynthesis\n|-start|p2b: Flutter Mane|protosynthesisspe\n|turn|8\n|-message|Zoroark Nidoking forfeited.\n|\n|win|isredelpo2009\n|raw|isredelpo2009's rating: 1108 &rarr; <strong>1138<\/strong><br \/>(+30 for winning)\n|raw|Zoroark Nidoking's rating: 1185 &rarr; <strong>1155<\/strong><br \/>(-30 for losing)\n|l|\u2606Zoroark Nidoking\n","uploadtime":1698351330,"views":7,"p1id":"isredelpo2009","p2id":"zoroarknidoking","formatid":"gen9nationaldexdoubles","rating":1138,"private":0,"password":""}