{"id":"gen9nationaldexdoubles-1967496368","p1":"ralca 1","p2":"Leolia","format":"[Gen 9] National Dex Doubles","log":"|j|\u2606ralca 1\n|j|\u2606Leolia\n|t:|1697307402\n|gametype|doubles\n|player|p1|ralca 1|steven|\n|player|p2|Leolia|hilbert-wonderlauncher|\n|teamsize|p1|6\n|teamsize|p2|6\n|gen|9\n|tier|[Gen 9] National Dex Doubles\n|rule|HP Percentage Mod: HP is shown in percentages\n|rule|Endless Battle Clause: Forcing endless battles is banned\n|rule|OHKO Clause: OHKO moves are banned\n|rule|Evasion Moves Clause: Evasion moves are banned\n|rule|Evasion Abilities Clause: Evasion abilities are banned\n|rule|Species Clause: Limit one of each Pok\u00e9mon\n|rule|Gravity Sleep Clause: The combination of sleep-inducing moves with imperfect accuracy and Gravity or Gigantamax Orbeetle are banned\n|clearpoke\n|poke|p1|Azumarill, M|\n|poke|p1|Gothitelle, M|\n|poke|p1|Oranguru, F|\n|poke|p1|Torkoal, F|\n|poke|p1|Indeedee-F, F|\n|poke|p1|Armarouge, F|\n|poke|p2|Garchomp, M|\n|poke|p2|Iron Valiant|\n|poke|p2|Tapu Bulu|\n|poke|p2|Tapu Fini|\n|poke|p2|Tapu Koko|\n|poke|p2|Tapu Lele|\n|teampreview\n|\n|t:|1697307417\n|start\n|switch|p1a: Gothitelle|Gothitelle, M|100\/100\n|switch|p1b: Azumarill|Azumarill, M|100\/100\n|switch|p2a: Garchomp|Garchomp, M|100\/100\n|switch|p2b: Iron Valiant|Iron Valiant|100\/100\n|turn|1\n|\n|t:|1697307446\n|detailschange|p2a: Garchomp|Garchomp-Mega, M\n|-mega|p2a: Garchomp|Garchomp|Garchompite\n|-terastallize|p2b: Iron Valiant|Fairy\n|move|p2b: Iron Valiant|Close Combat|p1a: Gothitelle\n|-resisted|p1a: Gothitelle\n|-damage|p1a: Gothitelle|72\/100\n|-unboost|p2b: Iron Valiant|def|1\n|-unboost|p2b: Iron Valiant|spd|1\n|move|p2a: Garchomp|Dragon Pulse|p1b: Azumarill\n|-immune|p1b: Azumarill\n|move|p1b: Azumarill|Perish Song|p1b: Azumarill\n|-start|p1a: Gothitelle|perish3|[silent]\n|-start|p1b: Azumarill|perish3|[silent]\n|-start|p2a: Garchomp|perish3|[silent]\n|-start|p2b: Iron Valiant|perish3|[silent]\n|-fieldactivate|move: Perish Song\n|move|p1a: Gothitelle|Trick Room|p1a: Gothitelle\n|-fieldstart|move: Trick Room|[of] p1a: Gothitelle\n|\n|-start|p1b: Azumarill|perish3\n|-start|p1a: Gothitelle|perish3\n|-start|p2a: Garchomp|perish3\n|-start|p2b: Iron Valiant|perish3\n|upkeep\n|turn|2\n|\n|t:|1697307487\n|move|p1b: Azumarill|Aqua Jet|p2a: Garchomp\n|-damage|p2a: Garchomp|82\/100\n|move|p1a: Gothitelle|Hypnosis|p2a: Garchomp|[miss]\n|-miss|p1a: Gothitelle|p2a: Garchomp\n|move|p2a: Garchomp|Dragon Pulse|p1a: Gothitelle\n|-damage|p1a: Gothitelle|39\/100\n|move|p2b: Iron Valiant|Close Combat|p1b: Azumarill\n|-resisted|p1b: Azumarill\n|-damage|p1b: Azumarill|71\/100\n|-unboost|p2b: Iron Valiant|def|1\n|-unboost|p2b: Iron Valiant|spd|1\n|\n|-start|p1b: Azumarill|perish2\n|-start|p1a: Gothitelle|perish2\n|-start|p2a: Garchomp|perish2\n|-start|p2b: Iron Valiant|perish2\n|upkeep\n|turn|3\n|\n|t:|1697307520\n|move|p1a: Gothitelle|Protect|p1a: Gothitelle\n|-singleturn|p1a: Gothitelle|Protect\n|move|p1b: Azumarill|Rest|p1b: Azumarill\n|-status|p1b: Azumarill|slp|[from] move: Rest\n|-heal|p1b: Azumarill|100\/100 slp|[silent]\n|-enditem|p1b: Azumarill|Chesto Berry|[eat]\n|-curestatus|p1b: Azumarill|slp|[msg]\n|move|p2a: Garchomp|Brick Break|p1a: Gothitelle\n|-activate|p1a: Gothitelle|move: Protect\n|move|p2b: Iron Valiant|Aura Sphere|p1a: Gothitelle\n|-activate|p1a: Gothitelle|move: Protect\n|\n|-start|p1b: Azumarill|perish1\n|-start|p1a: Gothitelle|perish1\n|-start|p2a: Garchomp|perish1\n|-start|p2b: Iron Valiant|perish1\n|upkeep\n|turn|4\n|\n|t:|1697307549\n|switch|p1b: Torkoal|Torkoal, F|100\/100\n|-weather|SunnyDay|[from] ability: Drought|[of] p1b: Torkoal\n|switch|p1a: Oranguru|Oranguru, F|100\/100\n|move|p2a: Garchomp|Brick Break|p1b: Torkoal\n|-damage|p1b: Torkoal|76\/100\n|move|p2b: Iron Valiant|Dazzling Gleam|p1a: Oranguru|[spread] p1a,p1b\n|-resisted|p1b: Torkoal\n|-damage|p1a: Oranguru|74\/100\n|-damage|p1b: Torkoal|54\/100\n|\n|-weather|SunnyDay|[upkeep]\n|-heal|p1a: Oranguru|81\/100|[from] item: Leftovers\n|-start|p2a: Garchomp|perish0\n|-start|p2b: Iron Valiant|perish0\n|faint|p2a: Garchomp\n|faint|p2b: Iron Valiant\n|-end|p2b: Iron Valiant|Quark Drive|[silent]\n|upkeep\n|\n|t:|1697307570\n|switch|p2a: Tapu Bulu|Tapu Bulu|100\/100\n|switch|p2b: Tapu Koko|Tapu Koko|100\/100\n|-fieldstart|move: Grassy Terrain|[from] ability: Grassy Surge|[of] p2a: Tapu Bulu\n|-fieldstart|move: Electric Terrain|[from] ability: Electric Surge|[of] p2b: Tapu Koko\n|turn|5\n|\n|t:|1697307600\n|-terastallize|p1b: Torkoal|Fire\n|move|p1b: Torkoal|Eruption|p2b: Tapu Koko|[spread] p2a,p2b\n|-supereffective|p2a: Tapu Bulu\n|-damage|p2a: Tapu Bulu|0 fnt\n|-damage|p2b: Tapu Koko|26\/100\n|faint|p2a: Tapu Bulu\n|move|p1a: Oranguru|Instruct|p1b: Torkoal\n|-singleturn|p1b: Torkoal|move: Instruct|[of] p1a: Oranguru\n|move|p1b: Torkoal|Eruption|p2b: Tapu Koko\n|-damage|p2b: Tapu Koko|0 fnt\n|faint|p2b: Tapu Koko\n|\n|-weather|SunnyDay|[upkeep]\n|-heal|p1a: Oranguru|87\/100|[from] item: Leftovers\n|-fieldend|move: Trick Room\n|upkeep\n|\n|t:|1697307628\n|switch|p2b: Tapu Fini|Tapu Fini|100\/100\n|switch|p2a: Tapu Lele|Tapu Lele|100\/100\n|-fieldstart|move: Psychic Terrain|[from] ability: Psychic Surge|[of] p2a: Tapu Lele\n|-fieldstart|move: Misty Terrain|[from] ability: Misty Surge|[of] p2b: Tapu Fini\n|turn|6\n|\n|t:|1697307649\n|move|p2a: Tapu Lele|Dazzling Gleam|p1a: Oranguru|[spread] p1a,p1b\n|-resisted|p1b: Torkoal\n|-damage|p1a: Oranguru|68\/100\n|-damage|p1b: Torkoal|37\/100\n|move|p2b: Tapu Fini|Blizzard|p1a: Oranguru|[spread] p1a\n|-miss|p2b: Tapu Fini|p1b: Torkoal\n|-damage|p1a: Oranguru|52\/100\n|move|p1a: Oranguru|Instruct|p1b: Torkoal\n|-singleturn|p1b: Torkoal|move: Instruct|[of] p1a: Oranguru\n|move|p1b: Torkoal|Eruption|p2b: Tapu Fini|[spread] p2a,p2b\n|-resisted|p2b: Tapu Fini\n|-damage|p2a: Tapu Lele|66\/100\n|-damage|p2b: Tapu Fini|83\/100\n|move|p1b: Torkoal|Eruption|p2a: Tapu Lele|[spread] p2a,p2b\n|-resisted|p2b: Tapu Fini\n|-crit|p2b: Tapu Fini\n|-damage|p2a: Tapu Lele|26\/100\n|-damage|p2b: Tapu Fini|60\/100\n|\n|-weather|SunnyDay|[upkeep]\n|-heal|p1a: Oranguru|58\/100|[from] item: Leftovers\n|upkeep\n|turn|7\n|\n|t:|1697307684\n|switch|p1a: Indeedee|Indeedee-F, F|100\/100\n|-fieldstart|move: Psychic Terrain|[from] ability: Psychic Surge|[of] p1a: Indeedee\n|-enditem|p1a: Indeedee|Psychic Seed\n|-boost|p1a: Indeedee|spd|1|[from] item: Psychic Seed\n|switch|p1b: Armarouge|Armarouge, F|100\/100\n|move|p2a: Tapu Lele|Dazzling Gleam|p1b: Armarouge|[spread] p1a,p1b\n|-resisted|p1b: Armarouge\n|-damage|p1a: Indeedee|84\/100\n|-damage|p1b: Armarouge|91\/100\n|move|p2b: Tapu Fini|Dazzling Gleam|p1a: Indeedee|[spread] p1a,p1b\n|-resisted|p1b: Armarouge\n|-damage|p1a: Indeedee|70\/100\n|-damage|p1b: Armarouge|82\/100\n|\n|-weather|SunnyDay|[upkeep]\n|upkeep\n|turn|8\n|\n|t:|1697307716\n|move|p1a: Indeedee|Follow Me|p1a: Indeedee\n|-singleturn|p1a: Indeedee|move: Follow Me\n|move|p2a: Tapu Lele|Dazzling Gleam|p1b: Armarouge|[spread] p1a,p1b\n|-resisted|p1b: Armarouge\n|-damage|p1a: Indeedee|55\/100\n|-damage|p1b: Armarouge|73\/100\n|move|p2b: Tapu Fini|Dazzling Gleam|p1b: Armarouge|[spread] p1a,p1b\n|-resisted|p1b: Armarouge\n|-damage|p1a: Indeedee|43\/100\n|-damage|p1b: Armarouge|65\/100\n|move|p1b: Armarouge|Expanding Force|p2a: Tapu Lele|[spread] p2a,p2b\n|-resisted|p2a: Tapu Lele\n|-damage|p2a: Tapu Lele|0 fnt\n|-damage|p2b: Tapu Fini|8\/100\n|faint|p2a: Tapu Lele\n|\n|-weather|none\n|upkeep\n|turn|9\n|\n|t:|1697307742\n|move|p1a: Indeedee|Helping Hand|p1b: Armarouge\n|-singleturn|p1b: Armarouge|Helping Hand|[of] p1a: Indeedee\n|move|p2b: Tapu Fini|Hydro Pump|p1a: Indeedee\n|-damage|p1a: Indeedee|19\/100\n|move|p1b: Armarouge|Expanding Force|p2b: Tapu Fini\n|-damage|p2b: Tapu Fini|0 fnt\n|faint|p2b: Tapu Fini\n|\n|win|ralca 1\n","uploadtime":1697307764,"views":10,"p1id":"ralca1","p2id":"leolia","formatid":"gen9nationaldexdoubles","rating":0,"private":0,"password":""}