{"id":"gen9nationaldexdoubles-1952307111","p1":"MasterPangolin","p2":"lordhaterquias","format":"[Gen 9] National Dex Doubles","log":"|j|\u2606MasterPangolin\n|j|\u2606lordhaterquias\n|t:|1695672706\n|gametype|doubles\n|player|p1|MasterPangolin|milo|1249\n|player|p2|lordhaterquias|cyrus|1304\n|teamsize|p1|6\n|teamsize|p2|6\n|gen|9\n|tier|[Gen 9] National Dex Doubles\n|rated|\n|rule|HP Percentage Mod: HP is shown in percentages\n|rule|Endless Battle Clause: Forcing endless battles is banned\n|rule|OHKO Clause: OHKO moves are banned\n|rule|Evasion Moves Clause: Evasion moves are banned\n|rule|Evasion Abilities Clause: Evasion abilities are banned\n|rule|Species Clause: Limit one of each Pok\u00e9mon\n|rule|Gravity Sleep Clause: The combination of sleep-inducing moves with imperfect accuracy and Gravity or Gigantamax Orbeetle are banned\n|clearpoke\n|poke|p1|Blastoise, M|\n|poke|p1|Excadrill, F|\n|poke|p1|Indeedee-F, F|\n|poke|p1|Darmanitan-Galar, M|\n|poke|p1|Tornadus, M|\n|poke|p1|Shiftry, F|\n|poke|p2|Mawile, F|\n|poke|p2|Mandibuzz, F|\n|poke|p2|Iron Bundle|\n|poke|p2|Rotom-Heat|\n|poke|p2|Togekiss, M|\n|poke|p2|Tyranitar, F|\n|teampreview\n|inactive|Battle timer is ON: inactive players will automatically lose when time's up. (requested by MasterPangolin)\n|inactive|lordhaterquias has 120 seconds left.\n|\n|t:|1695672744\n|start\n|switch|p1a: Indeedee|Indeedee-F, F|100\/100\n|switch|p1b: Blastoise|Blastoise, M|100\/100\n|switch|p2a: Klaus|Iron Bundle|100\/100\n|switch|p2b: Ikarus|Togekiss, M|100\/100\n|-fieldstart|move: Psychic Terrain|[from] ability: Psychic Surge|[of] p1a: Indeedee\n|-enditem|p1a: Indeedee|Psychic Seed\n|-boost|p1a: Indeedee|spd|1|[from] item: Psychic Seed\n|turn|1\n|\n|t:|1695672762\n|detailschange|p1b: Blastoise|Blastoise-Mega, M\n|-mega|p1b: Blastoise|Blastoise|Blastoisinite\n|move|p1a: Indeedee|Follow Me|p1a: Indeedee\n|-singleturn|p1a: Indeedee|move: Follow Me\n|move|p2a: Klaus|Freeze-Dry|p1a: Indeedee\n|-damage|p1a: Indeedee|73\/100\n|move|p1b: Blastoise|Shell Smash|p1b: Blastoise\n|-unboost|p1b: Blastoise|def|1\n|-unboost|p1b: Blastoise|spd|1\n|-boost|p1b: Blastoise|atk|2\n|-boost|p1b: Blastoise|spa|2\n|-boost|p1b: Blastoise|spe|2\n|move|p2b: Ikarus|Air Slash|p1a: Indeedee|[miss]\n|-miss|p2b: Ikarus|p1a: Indeedee\n|\n|upkeep\n|turn|2\n|\n|t:|1695672787\n|-terastallize|p2b: Ikarus|Fairy\n|move|p2b: Ikarus|Follow Me|p2b: Ikarus\n|-singleturn|p2b: Ikarus|move: Follow Me\n|move|p1a: Indeedee|Follow Me|p1a: Indeedee\n|-singleturn|p1a: Indeedee|move: Follow Me\n|move|p1b: Blastoise|Aura Sphere|p2b: Ikarus\n|-resisted|p2b: Ikarus\n|-damage|p2b: Ikarus|73\/100\n|move|p2a: Klaus|Freeze-Dry|p1a: Indeedee\n|-damage|p1a: Indeedee|46\/100\n|\n|upkeep\n|turn|3\n|\n|t:|1695672817\n|-end|p2a: Klaus|Quark Drive|[silent]\n|switch|p2a: Farenheit|Rotom-Heat|100\/100\n|move|p1a: Indeedee|Follow Me|p1a: Indeedee\n|-singleturn|p1a: Indeedee|move: Follow Me\n|move|p1b: Blastoise|Water Pulse|p2b: Ikarus\n|-damage|p2b: Ikarus|5\/100\n|move|p2b: Ikarus|Tailwind|p2b: Ikarus\n|-sidestart|p2: lordhaterquias|move: Tailwind\n|\n|upkeep\n|turn|4\n|\n|t:|1695672846\n|move|p1a: Indeedee|Follow Me|p1a: Indeedee\n|-singleturn|p1a: Indeedee|move: Follow Me\n|move|p1b: Blastoise|Water Pulse|p2a: Farenheit\n|-supereffective|p2a: Farenheit\n|-damage|p2a: Farenheit|0 fnt\n|faint|p2a: Farenheit\n|move|p2b: Ikarus|Air Slash|p1a: Indeedee\n|-damage|p1a: Indeedee|31\/100\n|\n|upkeep\n|inactive|lordhaterquias has 120 seconds left.\n|\n|t:|1695672857\n|switch|p2a: Titania|Tyranitar, F|100\/100\n|-weather|Sandstorm|[from] ability: Sand Stream|[of] p2a: Titania\n|turn|5\n|inactive|MasterPangolin has 120 seconds left.\n|\n|t:|1695672899\n|move|p2b: Ikarus|Follow Me|p2b: Ikarus\n|-singleturn|p2b: Ikarus|move: Follow Me\n|move|p1a: Indeedee|Follow Me|p1a: Indeedee\n|-singleturn|p1a: Indeedee|move: Follow Me\n|move|p1b: Blastoise|Water Pulse|p2b: Ikarus\n|-damage|p2b: Ikarus|0 fnt\n|faint|p2b: Ikarus\n|move|p2a: Titania|Earthquake|p1a: Indeedee|[spread] p1a,p1b\n|-damage|p1a: Indeedee|0 fnt\n|-damage|p1b: Blastoise|54\/100\n|faint|p1a: Indeedee\n|\n|-weather|Sandstorm|[upkeep]\n|-damage|p1b: Blastoise|48\/100|[from] Sandstorm\n|-fieldend|move: Psychic Terrain\n|upkeep\n|\n|t:|1695672911\n|switch|p2b: Makoto|Mawile, F|100\/100\n|switch|p1a: Excadrill|Excadrill, F|100\/100\n|-ability|p2b: Makoto|Intimidate|boost\n|-unboost|p1a: Excadrill|atk|1\n|-unboost|p1b: Blastoise|atk|1\n|turn|6\n|\n|t:|1695672931\n|detailschange|p2b: Makoto|Mawile-Mega, F\n|-mega|p2b: Makoto|Mawile|Mawilite\n|move|p1a: Excadrill|Protect|p1a: Excadrill\n|-singleturn|p1a: Excadrill|Protect\n|move|p2b: Makoto|Sucker Punch|p1b: Blastoise\n|-damage|p1b: Blastoise|0 fnt\n|faint|p1b: Blastoise\n|move|p2a: Titania|Lash Out|p1a: Excadrill\n|-activate|p1a: Excadrill|move: Protect\n|\n|-weather|Sandstorm|[upkeep]\n|-sideend|p2: lordhaterquias|move: Tailwind\n|upkeep\n|\n|t:|1695672942\n|switch|p1b: Darmanitan|Darmanitan-Galar, M|100\/100\n|turn|7\n|\n|t:|1695672965\n|switch|p2b: Nyx|Mandibuzz, F|100\/100\n|move|p1a: Excadrill|Swords Dance|p1a: Excadrill\n|-boost|p1a: Excadrill|atk|2\n|move|p1b: Darmanitan|Substitute|p1b: Darmanitan\n|-start|p1b: Darmanitan|Substitute\n|-damage|p1b: Darmanitan|76\/100\n|move|p2a: Titania|Heavy Slam|p1b: Darmanitan\n|-supereffective|p1b: Darmanitan\n|-end|p1b: Darmanitan|Substitute\n|\n|-weather|Sandstorm|[upkeep]\n|-damage|p1b: Darmanitan|70\/100|[from] Sandstorm\n|upkeep\n|turn|8\n|\n|t:|1695672983\n|move|p1a: Excadrill|Iron Head|p2a: Titania\n|-supereffective|p2a: Titania\n|-damage|p2a: Titania|0 fnt\n|faint|p2a: Titania\n|move|p1b: Darmanitan|Substitute|p1b: Darmanitan\n|-start|p1b: Darmanitan|Substitute\n|-damage|p1b: Darmanitan|45\/100\n|move|p2b: Nyx|Knock Off|p1a: Excadrill\n|-crit|p1a: Excadrill\n|-damage|p1a: Excadrill|47\/100\n|-enditem|p1a: Excadrill|Focus Sash|[from] move: Knock Off|[of] p2b: Nyx\n|\n|-weather|Sandstorm|[upkeep]\n|-damage|p1b: Darmanitan|39\/100|[from] Sandstorm\n|-formechange|p1b: Darmanitan|Darmanitan-Galar-Zen|\n|upkeep\n|\n|t:|1695672998\n|switch|p2a: Makoto|Mawile-Mega, F|100\/100\n|turn|9\n|\n|t:|1695673009\n|move|p1a: Excadrill|Protect|p1a: Excadrill\n|-singleturn|p1a: Excadrill|Protect\n|move|p2a: Makoto|Sucker Punch||[still]\n|-fail|p2a: Makoto\n|-zpower|p1b: Darmanitan\n|move|p1b: Darmanitan|Inferno Overdrive|p2a: Makoto|[zeffect]\n|-supereffective|p2a: Makoto\n|-damage|p2a: Makoto|0 fnt\n|faint|p2a: Makoto\n|move|p2b: Nyx|Knock Off|p1a: Excadrill\n|-activate|p1a: Excadrill|move: Protect\n|\n|-weather|none\n|upkeep\n|\n|t:|1695673022\n|switch|p2a: Klaus|Iron Bundle|100\/100\n|turn|10\n|\n|t:|1695673036\n|move|p1b: Darmanitan|Flare Blitz|p2a: Klaus\n|-damage|p2a: Klaus|16\/100\n|-damage|p1b: Darmanitan|19\/100|[from] Recoil\n|move|p2a: Klaus|Freeze-Dry|p1a: Excadrill\n|-damage|p1a: Excadrill|0 fnt\n|faint|p1a: Excadrill\n|move|p2b: Nyx|Knock Off|p1b: Darmanitan\n|-activate|p1b: Darmanitan|move: Substitute|[damage]\n|\n|upkeep\n|\n|t:|1695673047\n|switch|p1a: Tornadus|Tornadus, M|100\/100\n|turn|11\n|\n|t:|1695673054\n|move|p1a: Tornadus|Protect|p1a: Tornadus\n|-singleturn|p1a: Tornadus|Protect\n|move|p1b: Darmanitan|Icicle Crash|p2a: Klaus\n|-resisted|p2a: Klaus\n|-damage|p2a: Klaus|2\/100\n|move|p2a: Klaus|Freeze-Dry|p1a: Tornadus\n|-activate|p1a: Tornadus|move: Protect\n|move|p2b: Nyx|Knock Off|p1b: Darmanitan\n|-end|p1b: Darmanitan|Substitute\n|\n|upkeep\n|turn|12\n|\n|t:|1695673076\n|move|p1b: Darmanitan|Protect|p1b: Darmanitan\n|-singleturn|p1b: Darmanitan|Protect\n|move|p1a: Tornadus|Sandstorm|p1a: Tornadus\n|-weather|Sandstorm\n|move|p2a: Klaus|Freeze-Dry|p1a: Tornadus\n|-supereffective|p1a: Tornadus\n|-damage|p1a: Tornadus|0 fnt\n|faint|p1a: Tornadus\n|move|p2b: Nyx|Knock Off|p1b: Darmanitan\n|-activate|p1b: Darmanitan|move: Protect\n|\n|-weather|Sandstorm|[upkeep]\n|-damage|p1b: Darmanitan|13\/100|[from] Sandstorm\n|-damage|p2a: Klaus|0 fnt|[from] Sandstorm\n|faint|p2a: Klaus\n|-end|p2a: Klaus|Quark Drive|[silent]\n|upkeep\n|inactive|MasterPangolin has 120 seconds left.\n|\n|t:|1695673102\n|switch|p1a: Shiftry|Shiftry, F|100\/100\n|turn|13\n|\n|t:|1695673111\n|move|p1b: Darmanitan|Icicle Crash|p2b: Nyx\n|-supereffective|p2b: Nyx\n|-damage|p2b: Nyx|43\/100\n|move|p1a: Shiftry|Leaf Blade|p2b: Nyx\n|-resisted|p2b: Nyx\n|-damage|p2b: Nyx|32\/100\n|-damage|p1a: Shiftry|84\/100|[from] item: Rocky Helmet|[of] p2b: Nyx\n|move|p2b: Nyx|Knock Off|p1b: Darmanitan\n|-damage|p1b: Darmanitan|0 fnt\n|faint|p1b: Darmanitan\n|\n|-weather|Sandstorm|[upkeep]\n|-damage|p1a: Shiftry|78\/100|[from] Sandstorm\n|upkeep\n|turn|14\n|\n|t:|1695673124\n|move|p1a: Shiftry|Will-O-Wisp|p2b: Nyx|[miss]\n|-miss|p1a: Shiftry|p2b: Nyx\n|move|p2b: Nyx|Roost|p2b: Nyx\n|-heal|p2b: Nyx|82\/100\n|-singleturn|p2b: Nyx|move: Roost\n|\n|-weather|Sandstorm|[upkeep]\n|-damage|p1a: Shiftry|72\/100|[from] Sandstorm\n|upkeep\n|turn|15\n|\n|t:|1695673135\n|move|p1a: Shiftry|Will-O-Wisp|p2b: Nyx|[miss]\n|-miss|p1a: Shiftry|p2b: Nyx\n|move|p2b: Nyx|Toxic|p1a: Shiftry\n|-status|p1a: Shiftry|tox\n|\n|-weather|Sandstorm|[upkeep]\n|-damage|p1a: Shiftry|65\/100 tox|[from] Sandstorm\n|-damage|p1a: Shiftry|59\/100 tox|[from] psn\n|upkeep\n|turn|16\n|\n|t:|1695673154\n|move|p1a: Shiftry|Will-O-Wisp|p2b: Nyx\n|-status|p2b: Nyx|brn\n|move|p2b: Nyx|Taunt|p1a: Shiftry\n|-start|p1a: Shiftry|move: Taunt\n|\n|-weather|none\n|-damage|p1a: Shiftry|47\/100 tox|[from] psn\n|-damage|p2b: Nyx|76\/100 brn|[from] brn\n|upkeep\n|turn|17\n|\n|t:|1695673163\n|move|p1a: Shiftry|Knock Off|p2b: Nyx\n|-resisted|p2b: Nyx\n|-damage|p2b: Nyx|64\/100 brn\n|-damage|p1a: Shiftry|30\/100 tox|[from] item: Rocky Helmet|[of] p2b: Nyx\n|-enditem|p2b: Nyx|Rocky Helmet|[from] move: Knock Off|[of] p1a: Shiftry\n|move|p2b: Nyx|Knock Off|p1a: Shiftry\n|-resisted|p1a: Shiftry\n|-damage|p1a: Shiftry|21\/100 tox\n|-enditem|p1a: Shiftry|Focus Sash|[from] move: Knock Off|[of] p2b: Nyx\n|\n|-damage|p1a: Shiftry|2\/100 tox|[from] psn\n|-damage|p2b: Nyx|58\/100 brn|[from] brn\n|upkeep\n|turn|18\n|-message|MasterPangolin forfeited.\n|\n|win|lordhaterquias\n|raw|MasterPangolin's rating: 1249 &rarr; <strong>1228<\/strong><br \/>(-21 for losing)\n|raw|lordhaterquias's rating: 1304 &rarr; <strong>1321<\/strong><br \/>(+17 for winning)\n|l|\u2606MasterPangolin\n","uploadtime":1695673177,"views":10,"p1id":"masterpangolin","p2id":"lordhaterquias","formatid":"gen9nationaldexdoubles","rating":1228,"private":0,"password":""}