{"id":"gen9nationaldexdoubles-1976274781","p1":"larsonshark","p2":"schoolteen","format":"[Gen 9] National Dex Doubles","log":"|j|\u2606larsonshark\n|j|\u2606schoolteen\n|t:|1698281163\n|gametype|doubles\n|player|p1|larsonshark|caitlin|1103\n|player|p2|schoolteen|cheryl|1111\n|teamsize|p1|5\n|teamsize|p2|6\n|gen|9\n|tier|[Gen 9] National Dex Doubles\n|rated|\n|rule|HP Percentage Mod: HP is shown in percentages\n|rule|Endless Battle Clause: Forcing endless battles is banned\n|rule|OHKO Clause: OHKO moves are banned\n|rule|Evasion Moves Clause: Evasion moves are banned\n|rule|Evasion Abilities Clause: Evasion abilities are banned\n|rule|Species Clause: Limit one of each Pok\u00e9mon\n|rule|Gravity Sleep Clause: The combination of sleep-inducing moves with imperfect accuracy and Gravity or Gigantamax Orbeetle are banned\n|clearpoke\n|poke|p1|Indeedee, M|\n|poke|p1|Cresselia, F|\n|poke|p1|Kommo-o, M|\n|poke|p1|Ceruledge, F|\n|poke|p1|Palafin, F|\n|poke|p2|Roaring Moon|\n|poke|p2|Charizard, M|\n|poke|p2|Leavanny, F|\n|poke|p2|Decidueye-Hisui, F|\n|poke|p2|Linoone, M|\n|poke|p2|Furret, F|\n|teampreview\n|inactive|Battle timer is ON: inactive players will automatically lose when time's up. (requested by larsonshark)\n|inactive|schoolteen also wants the timer to be on.\n|c|\u2606larsonshark|Psjhhhhhhhh\n|\n|t:|1698281187\n|start\n|switch|p1a: Palafin|Palafin, F|100\/100\n|switch|p1b: Ceruledge|Ceruledge, F|100\/100\n|switch|p2a: Charizard|Charizard, M|100\/100\n|switch|p2b: Roaring Moon|Roaring Moon|100\/100\n|turn|1\n|c|\u2606larsonshark|We found each other in ladder\n|c|\u2606larsonshark|While I'm testing\n|c|\u2606schoolteen|Hahaha\n|inactive|schoolteen has 120 seconds left.\n|\n|t:|1698281222\n|detailschange|p2a: Charizard|Charizard-Mega-Y, M\n|-mega|p2a: Charizard|Charizard|Charizardite Y\n|-weather|SunnyDay|[from] ability: Drought|[of] p2a: Charizard\n|-activate|p2b: Roaring Moon|ability: Protosynthesis\n|-start|p2b: Roaring Moon|protosynthesisatk\n|move|p1b: Ceruledge|Endure|p1b: Ceruledge\n|-singleturn|p1b: Ceruledge|move: Endure\n|move|p2b: Roaring Moon|Dragon Dance|p2b: Roaring Moon\n|-boost|p2b: Roaring Moon|atk|1\n|-boost|p2b: Roaring Moon|spe|1\n|move|p2a: Charizard|Scorching Sands|p1b: Ceruledge\n|-supereffective|p1b: Ceruledge\n|-damage|p1b: Ceruledge|38\/100\n|-enditem|p1b: Ceruledge|Weakness Policy\n|-boost|p1b: Ceruledge|atk|2|[from] item: Weakness Policy\n|-boost|p1b: Ceruledge|spa|2|[from] item: Weakness Policy\n|move|p1a: Palafin|Flip Turn|p1b: Ceruledge\n|-supereffective|p1b: Ceruledge\n|-activate|p1b: Ceruledge|move: Endure\n|-damage|p1b: Ceruledge|1\/100\n|-ability|p1b: Ceruledge|Weak Armor|boost\n|-unboost|p1b: Ceruledge|def|1\n|-boost|p1b: Ceruledge|spe|2\n|inactive|larsonshark has 120 seconds left.\n|\n|t:|1698281243\n|detailschange|p1a: Palafin|Palafin-Hero, F\n|switch|p1a: Cresselia|Cresselia, F|100\/100|[from] Flip Turn\n|\n|-weather|SunnyDay|[upkeep]\n|upkeep\n|turn|2\n|c|\u2606schoolteen|Gay already\n|inactive|larsonshark has 120 seconds left.\n|inactive|schoolteen has 120 seconds left.\n|\n|t:|1698281282\n|move|p2b: Roaring Moon|Earthquake|p1b: Ceruledge|[spread] p1b\n|-immune|p2a: Charizard\n|-immune|p1a: Cresselia|[from] ability: Levitate\n|-supereffective|p1b: Ceruledge\n|-crit|p1b: Ceruledge\n|-damage|p1b: Ceruledge|0 fnt\n|faint|p1b: Ceruledge\n|move|p2a: Charizard|Flamethrower|p1a: Cresselia\n|-damage|p1a: Cresselia|51\/100\n|move|p1a: Cresselia|Lunar Blessing|p1a: Cresselia\n|-heal|p1a: Cresselia|76\/100\n|\n|-weather|SunnyDay|[upkeep]\n|upkeep\n|\n|t:|1698281287\n|switch|p1b: Kommo-o|Kommo-o, M|100\/100\n|turn|3\n|\n|t:|1698281309\n|move|p2b: Roaring Moon|Dragon Claw|p1b: Kommo-o\n|-supereffective|p1b: Kommo-o\n|-damage|p1b: Kommo-o|0 fnt\n|faint|p1b: Kommo-o\n|move|p2a: Charizard|Dragon Pulse|p1a: Cresselia\n|-damage|p1a: Cresselia|54\/100\n|move|p1a: Cresselia|Thunder Wave|p2b: Roaring Moon\n|-status|p2b: Roaring Moon|par\n|\n|-weather|SunnyDay|[upkeep]\n|upkeep\n|\n|t:|1698281315\n|switch|p1b: Indeedee|Indeedee, M|100\/100\n|-fieldstart|move: Psychic Terrain|[from] ability: Psychic Surge|[of] p1b: Indeedee\n|turn|4\n|inactive|schoolteen has 120 seconds left.\n|\n|t:|1698281352\n|move|p1b: Indeedee|Expanding Force|p2b: Roaring Moon|[spread] p2a\n|-immune|p2b: Roaring Moon\n|-damage|p2a: Charizard|44\/100\n|move|p2a: Charizard|Solar Beam||[still]\n|-prepare|p2a: Charizard|Solar Beam\n|-anim|p2a: Charizard|Solar Beam|p1a: Cresselia\n|-damage|p1a: Cresselia|24\/100\n|move|p2b: Roaring Moon|Dragon Claw|p1b: Indeedee\n|-damage|p1b: Indeedee|0 fnt\n|faint|p1b: Indeedee\n|move|p1a: Cresselia|Moonblast|p2b: Roaring Moon\n|-supereffective|p2b: Roaring Moon\n|-damage|p2b: Roaring Moon|20\/100 par\n|\n|-weather|SunnyDay|[upkeep]\n|upkeep\n|\n|t:|1698281368\n|switch|p1b: Palafin|Palafin-Hero, F|100\/100\n|-activate|p1b: Palafin|ability: Zero to Hero\n|turn|5\n|\n|t:|1698281389\n|-terastallize|p1b: Palafin|Water\n|move|p2a: Charizard|Solar Beam||[still]\n|-prepare|p2a: Charizard|Solar Beam\n|-anim|p2a: Charizard|Solar Beam|p1b: Palafin\n|-supereffective|p1b: Palafin\n|-damage|p1b: Palafin|10\/100\n|move|p2b: Roaring Moon|Brick Break|p1b: Palafin\n|-damage|p1b: Palafin|0 fnt\n|faint|p1b: Palafin\n|move|p1a: Cresselia|Lunar Blessing|p1a: Cresselia\n|-heal|p1a: Cresselia|49\/100\n|\n|-weather|none\n|-end|p2b: Roaring Moon|Protosynthesis\n|upkeep\n|turn|6\n|c|\u2606larsonshark|GG\n|-message|larsonshark forfeited.\n|\n|win|schoolteen\n|raw|larsonshark's rating: 1103 &rarr; <strong>1079<\/strong><br \/>(-24 for losing)\n|raw|schoolteen's rating: 1111 &rarr; <strong>1135<\/strong><br \/>(+24 for winning)\n|l|\u2606larsonshark\n","uploadtime":1698281422,"views":12,"p1id":"larsonshark","p2id":"schoolteen","formatid":"gen9nationaldexdoubles","rating":1079,"private":0,"password":""}