{"id":"gen9nationaldexdoubles-1966174926","p1":"Cristobalvaras","p2":"AngryHippo873","format":"[Gen 9] National Dex Doubles","log":"|j|\u2606Cristobalvaras\n|j|\u2606AngryHippo873\n|t:|1697152358\n|gametype|doubles\n|player|p1|Cristobalvaras|hiker-gen4|1000\n|player|p2|AngryHippo873|giovanni|1136\n|teamsize|p1|6\n|teamsize|p2|6\n|gen|9\n|tier|[Gen 9] National Dex Doubles\n|rated|\n|rule|HP Percentage Mod: HP is shown in percentages\n|rule|Endless Battle Clause: Forcing endless battles is banned\n|rule|OHKO Clause: OHKO moves are banned\n|rule|Evasion Moves Clause: Evasion moves are banned\n|rule|Evasion Abilities Clause: Evasion abilities are banned\n|rule|Species Clause: Limit one of each Pok\u00e9mon\n|rule|Gravity Sleep Clause: The combination of sleep-inducing moves with imperfect accuracy and Gravity or Gigantamax Orbeetle are banned\n|clearpoke\n|poke|p1|Shuckle, M|\n|poke|p1|Dondozo, M|\n|poke|p1|Pachirisu, F|\n|poke|p1|Lucario, M|\n|poke|p1|Whimsicott, M|\n|poke|p1|Maushold-Four|\n|poke|p2|Ursaluna-Bloodmoon, M|\n|poke|p2|Zapdos|\n|poke|p2|Amoonguss, M|\n|poke|p2|Tornadus, M|\n|poke|p2|Gholdengo|\n|poke|p2|Charizard, F|\n|teampreview\n|inactive|Battle timer is ON: inactive players will automatically lose when time's up. (requested by Cristobalvaras)\n|\n|t:|1697152363\n|start\n|switch|p1a: Lucario|Lucario, M|100\/100\n|switch|p1b: Whimsicott|Whimsicott, M|100\/100\n|switch|p2a: Ursaluna|Ursaluna-Bloodmoon, M|100\/100\n|switch|p2b: Tornadus|Tornadus, M|100\/100\n|turn|1\n|\n|t:|1697152384\n|move|p1b: Whimsicott|Tailwind|p1b: Whimsicott\n|-sidestart|p1: Cristobalvaras|move: Tailwind\n|move|p2b: Tornadus|Taunt|p1a: Lucario\n|-start|p1a: Lucario|move: Taunt\n|move|p1a: Lucario|Drain Punch|p2a: Ursaluna\n|-supereffective|p2a: Ursaluna\n|-damage|p2a: Ursaluna|43\/100\n|move|p2a: Ursaluna|Fire Punch|p1b: Whimsicott\n|-supereffective|p1b: Whimsicott\n|-damage|p1b: Whimsicott|58\/100\n|\n|-heal|p1b: Whimsicott|64\/100|[from] item: Leftovers\n|upkeep\n|turn|2\n|\n|t:|1697152411\n|move|p2b: Tornadus|Tailwind|p2b: Tornadus\n|-sidestart|p2: AngryHippo873|move: Tailwind\n|move|p1b: Whimsicott|Beat Up|p1a: Lucario\n|-resisted|p1a: Lucario\n|-damage|p1a: Lucario|98\/100\n|-ability|p1a: Lucario|Justified|boost\n|-boost|p1a: Lucario|atk|1\n|-resisted|p1a: Lucario\n|-damage|p1a: Lucario|97\/100\n|-ability|p1a: Lucario|Justified|boost\n|-boost|p1a: Lucario|atk|1\n|-resisted|p1a: Lucario\n|-damage|p1a: Lucario|96\/100\n|-ability|p1a: Lucario|Justified|boost\n|-boost|p1a: Lucario|atk|1\n|-resisted|p1a: Lucario\n|-damage|p1a: Lucario|95\/100\n|-ability|p1a: Lucario|Justified|boost\n|-boost|p1a: Lucario|atk|1\n|-resisted|p1a: Lucario\n|-damage|p1a: Lucario|93\/100\n|-ability|p1a: Lucario|Justified|boost\n|-boost|p1a: Lucario|atk|1\n|-resisted|p1a: Lucario\n|-damage|p1a: Lucario|91\/100\n|-ability|p1a: Lucario|Justified|boost\n|-boost|p1a: Lucario|atk|1\n|-hitcount|p1a: Lucario|6\n|move|p1a: Lucario|Drain Punch|p2a: Ursaluna\n|-supereffective|p2a: Ursaluna\n|-damage|p2a: Ursaluna|0 fnt\n|-heal|p1a: Lucario|100\/100|[from] drain|[of] p2a: Ursaluna\n|faint|p2a: Ursaluna\n|\n|-heal|p1b: Whimsicott|70\/100|[from] item: Leftovers\n|upkeep\n|\n|t:|1697152416\n|switch|p2a: Gholdengo|Gholdengo|100\/100\n|turn|3\n|\n|t:|1697152438\n|detailschange|p1a: Lucario|Lucario-Mega, M\n|-mega|p1a: Lucario|Lucario|Lucarionite\n|move|p1b: Whimsicott|Helping Hand|p1a: Lucario\n|-singleturn|p1a: Lucario|Helping Hand|[of] p1b: Whimsicott\n|move|p2a: Gholdengo|Make It Rain|p1a: Lucario|[spread] p1a,p1b\n|-resisted|p1a: Lucario\n|-supereffective|p1b: Whimsicott\n|-damage|p1a: Lucario|59\/100\n|-damage|p1b: Whimsicott|0 fnt\n|-unboost|p2a: Gholdengo|spa|1\n|faint|p1b: Whimsicott\n|move|p1a: Lucario|Earthquake|p2b: Tornadus|[spread] p2a\n|-immune|p2b: Tornadus\n|-supereffective|p2a: Gholdengo\n|-damage|p2a: Gholdengo|0 fnt\n|faint|p2a: Gholdengo\n|move|p2b: Tornadus|Bleakwind Storm|p1a: Lucario\n|-damage|p1a: Lucario|0 fnt\n|faint|p1a: Lucario\n|\n|upkeep\n|\n|t:|1697152466\n|switch|p1b: Pablo|Dondozo, M, shiny|100\/100\n|switch|p1a: Shuckle|Shuckle, M, shiny|100\/100\n|switch|p2a: Charizard|Charizard, F|100\/100\n|turn|4\n|\n|t:|1697152479\n|detailschange|p2a: Charizard|Charizard-Mega-Y, F\n|-mega|p2a: Charizard|Charizard|Charizardite Y\n|-weather|SunnyDay|[from] ability: Drought|[of] p2a: Charizard\n|move|p2b: Tornadus|Taunt|p1b: Pablo\n|-start|p1b: Pablo|move: Taunt\n|move|p2a: Charizard|Flamethrower|p1a: Shuckle\n|-damage|p1a: Shuckle|32\/100\n|cant|p1b: Pablo|move: Taunt|Curse\n|move|p1a: Shuckle|Stealth Rock|p2a: Charizard\n|-sidestart|p2: AngryHippo873|move: Stealth Rock\n|\n|-weather|SunnyDay|[upkeep]\n|-sideend|p1: Cristobalvaras|move: Tailwind\n|upkeep\n|turn|5\n|\n|t:|1697152499\n|move|p1a: Shuckle|Protect|p1a: Shuckle\n|-singleturn|p1a: Shuckle|Protect\n|move|p2b: Tornadus|Tailwind||[still]\n|-fail|p2b: Tornadus\n|move|p2a: Charizard|Flamethrower|p1a: Shuckle\n|-activate|p1a: Shuckle|move: Protect\n|move|p1b: Pablo|Wave Crash|p2a: Charizard\n|-supereffective|p2a: Charizard\n|-damage|p2a: Charizard|24\/100\n|-damage|p1b: Pablo|86\/100|[from] Recoil\n|\n|-weather|SunnyDay|[upkeep]\n|-heal|p1b: Pablo|92\/100|[from] item: Leftovers\n|-sideend|p2: AngryHippo873|move: Tailwind\n|upkeep\n|turn|6\n|\n|t:|1697152519\n|move|p2b: Tornadus|Tailwind|p2b: Tornadus\n|-sidestart|p2: AngryHippo873|move: Tailwind\n|move|p2a: Charizard|Flamethrower|p1a: Shuckle\n|-damage|p1a: Shuckle|0 fnt\n|faint|p1a: Shuckle\n|move|p1b: Pablo|Wave Crash|p2a: Charizard\n|-supereffective|p2a: Charizard\n|-damage|p2a: Charizard|0 fnt\n|faint|p2a: Charizard\n|-damage|p1b: Pablo|87\/100|[from] Recoil\n|\n|-weather|SunnyDay|[upkeep]\n|-heal|p1b: Pablo|93\/100|[from] item: Leftovers\n|-end|p1b: Pablo|move: Taunt\n|upkeep\n|\n|t:|1697152535\n|switch|p2a: Zapdos|Zapdos|100\/100\n|switch|p1a: Pachirisu|Pachirisu, F, shiny|100\/100\n|-damage|p2a: Zapdos|76\/100|[from] Stealth Rock\n|turn|7\n|\n|t:|1697152550\n|-terastallize|p2a: Zapdos|Electric\n|move|p1a: Pachirisu|Follow Me|p1a: Pachirisu\n|-singleturn|p1a: Pachirisu|move: Follow Me\n|move|p2a: Zapdos|Thunderbolt|p1a: Pachirisu\n|-immune|p1a: Pachirisu|[from] ability: Volt Absorb\n|move|p2b: Tornadus|Bleakwind Storm|p1b: Pablo|[spread] p1a\n|-miss|p2b: Tornadus|p1b: Pablo\n|-resisted|p1a: Pachirisu\n|-damage|p1a: Pachirisu|84\/100\n|move|p1b: Pablo|Curse|p1b: Pablo\n|-unboost|p1b: Pablo|spe|1\n|-boost|p1b: Pablo|atk|1\n|-boost|p1b: Pablo|def|1\n|\n|-weather|SunnyDay|[upkeep]\n|-heal|p1b: Pablo|99\/100|[from] item: Leftovers\n|upkeep\n|turn|8\n|\n|t:|1697152573\n|move|p1a: Pachirisu|Follow Me|p1a: Pachirisu\n|-singleturn|p1a: Pachirisu|move: Follow Me\n|move|p2a: Zapdos|Drill Peck|p1a: Pachirisu\n|-resisted|p1a: Pachirisu\n|-damage|p1a: Pachirisu|61\/100\n|move|p2b: Tornadus|Bleakwind Storm|p1a: Pachirisu|[spread] p1a,p1b\n|-resisted|p1a: Pachirisu\n|-damage|p1a: Pachirisu|45\/100\n|-damage|p1b: Pablo|70\/100\n|-unboost|p1a: Pachirisu|spe|1\n|-unboost|p1b: Pablo|spe|1\n|move|p1b: Pablo|Wave Crash|p2b: Tornadus\n|-damage|p2b: Tornadus|58\/100\n|-damage|p1b: Pablo|62\/100|[from] Recoil\n|\n|-weather|none\n|-heal|p2b: Tornadus|64\/100|[from] item: Leftovers\n|-heal|p1b: Pablo|68\/100|[from] item: Leftovers\n|upkeep\n|turn|9\n|\n|t:|1697152598\n|move|p2a: Zapdos|Drill Peck|p1a: Pachirisu\n|-resisted|p1a: Pachirisu\n|-damage|p1a: Pachirisu|19\/100\n|move|p2b: Tornadus|Bleakwind Storm|p1b: Pablo|[spread] p1b\n|-miss|p2b: Tornadus|p1a: Pachirisu\n|-damage|p1b: Pablo|38\/100\n|-unboost|p1b: Pablo|spe|1\n|move|p1a: Pachirisu|Thunderbolt|p2b: Tornadus\n|-supereffective|p2b: Tornadus\n|-damage|p2b: Tornadus|30\/100\n|move|p1b: Pablo|Wave Crash|p2a: Zapdos\n|-damage|p2a: Zapdos|0 fnt\n|faint|p2a: Zapdos\n|-damage|p1b: Pablo|22\/100|[from] Recoil\n|\n|-heal|p2b: Tornadus|36\/100|[from] item: Leftovers\n|-heal|p1b: Pablo|28\/100|[from] item: Leftovers\n|-sideend|p2: AngryHippo873|move: Tailwind\n|upkeep\n|\n|t:|1697152616\n|switch|p2a: Amoonguss|Amoonguss, M|100\/100\n|-damage|p2a: Amoonguss|88\/100|[from] Stealth Rock\n|turn|10\n|\n|t:|1697152633\n|move|p2b: Tornadus|Bleakwind Storm|p1b: Pablo|[spread] p1b\n|-miss|p2b: Tornadus|p1a: Pachirisu\n|-damage|p1b: Pablo|0 fnt\n|faint|p1b: Pablo\n|move|p1a: Pachirisu|Super Fang|p2a: Amoonguss\n|-damage|p2a: Amoonguss|44\/100\n|-status|p1a: Pachirisu|psn|[from] ability: Effect Spore|[of] p2a: Amoonguss\n|move|p2a: Amoonguss|Clear Smog|p1a: Pachirisu\n|-damage|p1a: Pachirisu|2\/100 psn\n|-clearboost|p1a: Pachirisu\n|\n|-heal|p2b: Tornadus|42\/100|[from] item: Leftovers\n|-heal|p2a: Amoonguss|51\/100|[from] item: Leftovers\n|-damage|p1a: Pachirisu|0 fnt|[from] psn\n|faint|p1a: Pachirisu\n|upkeep\n|inactive|Cristobalvaras has 120 seconds left.\n|\n|t:|1697152654\n|switch|p1b: Maushold|Maushold-Four|100\/100\n|turn|11\n|\n|t:|1697152676\n|-terastallize|p1b: Maushold|Normal\n|move|p2b: Tornadus|Tailwind|p2b: Tornadus\n|-sidestart|p2: AngryHippo873|move: Tailwind\n|move|p1b: Maushold|Population Bomb|p2b: Tornadus\n|-damage|p2b: Tornadus|27\/100\n|-damage|p2b: Tornadus|12\/100\n|-damage|p2b: Tornadus|0 fnt\n|faint|p2b: Tornadus\n|-hitcount|p2: Tornadus|3\n|move|p2a: Amoonguss|Spore|p1b: Maushold\n|-status|p1b: Maushold|slp|[from] move: Spore\n|\n|-heal|p2a: Amoonguss|57\/100|[from] item: Leftovers\n|upkeep\n|turn|12\n|\n|t:|1697152688\n|cant|p1b: Maushold|slp\n|move|p2a: Amoonguss|Clear Smog|p1b: Maushold\n|-damage|p1b: Maushold|79\/100 slp\n|-clearboost|p1b: Maushold\n|\n|-heal|p2a: Amoonguss|63\/100|[from] item: Leftovers\n|upkeep\n|turn|13\n|\n|t:|1697152697\n|-curestatus|p1b: Maushold|slp|[msg]\n|move|p1b: Maushold|Population Bomb|p2a: Amoonguss\n|-damage|p2a: Amoonguss|50\/100\n|-damage|p2a: Amoonguss|38\/100\n|-damage|p2a: Amoonguss|26\/100\n|-damage|p2a: Amoonguss|14\/100\n|-damage|p2a: Amoonguss|2\/100\n|-damage|p2a: Amoonguss|0 fnt\n|faint|p2a: Amoonguss\n|-hitcount|p2: Amoonguss|6\n|\n|win|Cristobalvaras\n|raw|Cristobalvaras's rating: 1000 &rarr; <strong>1055<\/strong><br \/>(+55 for winning)\n|raw|AngryHippo873's rating: 1136 &rarr; <strong>1102<\/strong><br \/>(-34 for losing)\n|l|\u2606AngryHippo873\n","uploadtime":1697152704,"views":15,"p1id":"cristobalvaras","p2id":"angryhippo873","formatid":"gen9nationaldexdoubles","rating":1055,"private":0,"password":""}