{"id":"gen9nationaldexdoubles-1957336717","p1":"Axolotlover11","p2":"RocaCama","format":"[Gen 9] National Dex Doubles","log":"|j|\u2606Axolotlover11\n|j|\u2606RocaCama\n|t:|1696209910\n|gametype|doubles\n|player|p1|Axolotlover11|caitlin|1237\n|player|p2|RocaCama|fisherman-gen3rs|1168\n|teamsize|p1|6\n|teamsize|p2|6\n|gen|9\n|tier|[Gen 9] National Dex Doubles\n|rated|\n|rule|HP Percentage Mod: HP is shown in percentages\n|rule|Endless Battle Clause: Forcing endless battles is banned\n|rule|OHKO Clause: OHKO moves are banned\n|rule|Evasion Moves Clause: Evasion moves are banned\n|rule|Evasion Abilities Clause: Evasion abilities are banned\n|rule|Species Clause: Limit one of each Pok\u00e9mon\n|rule|Gravity Sleep Clause: The combination of sleep-inducing moves with imperfect accuracy and Gravity or Gigantamax Orbeetle are banned\n|clearpoke\n|poke|p1|Skeledirge, F|\n|poke|p1|Meowscarada, F|\n|poke|p1|Hydreigon, M|\n|poke|p1|Kingambit, M|\n|poke|p1|Flutter Mane|\n|poke|p1|Toedscool, F|\n|poke|p2|Cresselia, F|\n|poke|p2|Goodra-Hisui, F|\n|poke|p2|Amoonguss, F|\n|poke|p2|Flutter Mane|\n|poke|p2|Chi-Yu|\n|poke|p2|Landorus-Therian, M|\n|teampreview\n|\n|t:|1696209927\n|start\n|switch|p1a: Hydreigon|Hydreigon, M, shiny|100\/100\n|switch|p1b: Skeledirge|Skeledirge, F, shiny|100\/100\n|switch|p2a: Flutter Mane|Flutter Mane|100\/100\n|switch|p2b: Goodra|Goodra-Hisui, F, shiny|100\/100\n|-enditem|p2a: Flutter Mane|Booster Energy\n|-activate|p2a: Flutter Mane|ability: Protosynthesis|[fromitem]\n|-start|p2a: Flutter Mane|protosynthesisspe\n|turn|1\n|\n|t:|1696209946\n|-terastallize|p1a: Hydreigon|Steel\n|-terastallize|p2b: Goodra|Water\n|move|p2a: Flutter Mane|Dazzling Gleam|p1a: Hydreigon|[spread] p1a,p1b\n|-resisted|p1a: Hydreigon\n|-resisted|p1b: Skeledirge\n|-damage|p1a: Hydreigon|84\/100\n|-damage|p1b: Skeledirge|90\/100\n|move|p1a: Hydreigon|Draco Meteor|p2b: Goodra\n|-damage|p2b: Goodra|47\/100\n|-unboost|p1a: Hydreigon|spa|2\n|-damage|p1a: Hydreigon|74\/100|[from] item: Life Orb\n|move|p1b: Skeledirge|Torch Song|p2a: Flutter Mane\n|-damage|p2a: Flutter Mane|75\/100\n|-boost|p1b: Skeledirge|spa|1\n|move|p2b: Goodra|Acid Armor|p2b: Goodra\n|-boost|p2b: Goodra|def|2\n|\n|-heal|p1b: Skeledirge|96\/100|[from] item: Leftovers\n|-heal|p2b: Goodra|53\/100|[from] item: Leftovers\n|upkeep\n|turn|2\n|l|\u2606RocaCama\n|player|p2|\n|c|\u2606Axolotlover11|Meow\n|j|\u2606RocaCama\n|player|p2|RocaCama|fisherman-gen3rs\n|inactive|Battle timer is ON: inactive players will automatically lose when time's up. (requested by Axolotlover11)\n|c|\u2606RocaCama|Meow\n|c|\u2606Axolotlover11|Meow\n|\n|t:|1696210010\n|move|p2a: Flutter Mane|Protect|p2a: Flutter Mane\n|-singleturn|p2a: Flutter Mane|Protect\n|move|p2b: Goodra|Protect|p2b: Goodra\n|-singleturn|p2b: Goodra|Protect\n|move|p1a: Hydreigon|Dark Pulse|p2b: Goodra\n|-activate|p2b: Goodra|move: Protect\n|move|p1b: Skeledirge|Tera Blast|p2b: Goodra\n|-activate|p2b: Goodra|move: Protect\n|\n|-heal|p1b: Skeledirge|100\/100|[from] item: Leftovers\n|-heal|p2b: Goodra|60\/100|[from] item: Leftovers\n|upkeep\n|turn|3\n|inactive|RocaCama has 120 seconds left.\n|\n|t:|1696210051\n|-end|p2a: Flutter Mane|Protosynthesis|[silent]\n|switch|p2a: Chi-Yu|Chi-Yu|100\/100\n|-ability|p2a: Chi-Yu|Beads of Ruin\n|move|p1a: Hydreigon|Dark Pulse|p2b: Goodra\n|-damage|p2b: Goodra|37\/100\n|-damage|p1a: Hydreigon|64\/100|[from] item: Life Orb\n|move|p1b: Skeledirge|Tera Blast|p2b: Goodra\n|-damage|p2b: Goodra|10\/100\n|move|p2b: Goodra|Body Press|p1a: Hydreigon\n|-supereffective|p1a: Hydreigon\n|-damage|p1a: Hydreigon|0 fnt\n|faint|p1a: Hydreigon\n|\n|-heal|p2b: Goodra|16\/100|[from] item: Leftovers\n|upkeep\n|inactive|Axolotlover11 has 120 seconds left.\n|\n|t:|1696210070\n|switch|p1a: Toedscool|Toedscool, F, shiny|100\/100\n|turn|4\n|\n|t:|1696210078\n|switch|p2a: Sus|Amoonguss, F, shiny|100\/100\n|move|p2b: Goodra|Protect|p2b: Goodra\n|-singleturn|p2b: Goodra|Protect\n|move|p1b: Skeledirge|Torch Song|p2b: Goodra\n|-activate|p2b: Goodra|move: Protect\n|move|p1a: Toedscool|Mirror Coat||[still]\n|-fail|p1a: Toedscool\n|\n|-heal|p2b: Goodra|23\/100|[from] item: Leftovers\n|upkeep\n|turn|5\n|\n|t:|1696210108\n|switch|p1b: Meowscarada|Meowscarada, F, shiny|100\/100\n|move|p2b: Goodra|Heavy Slam|p1a: Toedscool\n|-damage|p1a: Toedscool|56\/100\n|move|p2a: Sus|Pollen Puff|p2b: Goodra\n|-heal|p2b: Goodra|73\/100\n|move|p1a: Toedscool|Spore|p2b: Goodra\n|-status|p2b: Goodra|slp|[from] move: Spore\n|\n|-heal|p2b: Goodra|79\/100 slp|[from] item: Leftovers\n|upkeep\n|turn|6\n|inactive|RocaCama has 120 seconds left.\n|c|\u2606RocaCama|What\n|c|\u2606RocaCama|But\n|c|\u2606RocaCama|I have sap sipper\n|c|\u2606RocaCama|?\n|inactive|Axolotlover11 has 120 seconds left.\n|inactive|RocaCama has 90 seconds left.\n|\n|t:|1696210172\n|move|p1a: Toedscool|Protect|p1a: Toedscool\n|-singleturn|p1a: Toedscool|Protect\n|move|p1b: Meowscarada|Knock Off|p2b: Goodra\n|-damage|p2b: Goodra|64\/100 slp\n|-enditem|p2b: Goodra|Leftovers|[from] move: Knock Off|[of] p1b: Meowscarada\n|cant|p2b: Goodra|slp\n|move|p2a: Sus|Pollen Puff|p1b: Meowscarada\n|-supereffective|p1b: Meowscarada\n|-enditem|p1b: Meowscarada|Focus Sash\n|-damage|p1b: Meowscarada|1\/100\n|\n|upkeep\n|turn|7\n|inactive|Axolotlover11 has 120 seconds left.\n|inactive|RocaCama has 90 seconds left.\n|\n|t:|1696210212\n|move|p1b: Meowscarada|Sucker Punch|p2a: Sus\n|-damage|p2a: Sus|77\/100\n|cant|p2b: Goodra|slp\n|move|p2a: Sus|Pollen Puff|p2b: Goodra\n|-heal|p2b: Goodra|100\/100 slp\n|move|p1a: Toedscool|Spore|p2b: Goodra\n|-fail|p2b: Goodra|slp\n|\n|upkeep\n|turn|8\n|\n|t:|1696210239\n|move|p1b: Meowscarada|Sucker Punch||[still]\n|-fail|p1b: Meowscarada\n|-curestatus|p2b: Goodra|slp|[msg]\n|move|p2b: Goodra|Acid Armor|p2b: Goodra\n|-boost|p2b: Goodra|def|2\n|move|p2a: Sus|Pollen Puff|p1a: Toedscool\n|-supereffective|p1a: Toedscool\n|-damage|p1a: Toedscool|30\/100\n|move|p1a: Toedscool|Spore|p2b: Goodra\n|-status|p2b: Goodra|slp|[from] move: Spore\n|\n|upkeep\n|turn|9\n|inactive|RocaCama has 120 seconds left.\n|c|\u2606Axolotlover11|Get rid of toad\n|c|\u2606RocaCama|No\n|inactive|Axolotlover11 has 90 seconds left.\n|inactive|RocaCama has 90 seconds left.\n|c|\u2606Axolotlover11|I'll do sap sipper\n|c|\u2606RocaCama|?\n|\n|t:|1696210294\n|move|p1b: Meowscarada|Knock Off|p2a: Sus\n|-damage|p2a: Sus|43\/100\n|-enditem|p2a: Sus|Sitrus Berry|[from] move: Knock Off|[of] p1b: Meowscarada\n|cant|p2b: Goodra|slp\n|move|p2a: Sus|Pollen Puff|p1b: Meowscarada\n|-supereffective|p1b: Meowscarada\n|-damage|p1b: Meowscarada|0 fnt\n|faint|p1b: Meowscarada\n|move|p1a: Toedscool|Mirror Coat||[still]\n|-fail|p1a: Toedscool\n|\n|upkeep\n|\n|t:|1696210306\n|switch|p1b: Flutter Mane|Flutter Mane|100\/100\n|-enditem|p1b: Flutter Mane|Booster Energy\n|-activate|p1b: Flutter Mane|ability: Protosynthesis|[fromitem]\n|-start|p1b: Flutter Mane|protosynthesisspa\n|turn|10\n|inactive|Axolotlover11 has 90 seconds left.\n|\n|t:|1696210319\n|move|p1b: Flutter Mane|Protect|p1b: Flutter Mane\n|-singleturn|p1b: Flutter Mane|Protect\n|cant|p2b: Goodra|slp\n|move|p2a: Sus|Spore|p1b: Flutter Mane\n|-activate|p1b: Flutter Mane|move: Protect\n|move|p1a: Toedscool|Mirror Coat||[still]\n|-fail|p1a: Toedscool\n|\n|upkeep\n|turn|11\n|inactive|RocaCama has 120 seconds left.\n|\n|t:|1696210340\n|move|p1a: Toedscool|Rage Powder|p1a: Toedscool\n|-singleturn|p1a: Toedscool|move: Rage Powder\n|move|p1b: Flutter Mane|Mystical Fire|p2a: Sus\n|-supereffective|p2a: Sus\n|-damage|p2a: Sus|0 fnt\n|faint|p2a: Sus\n|-curestatus|p2b: Goodra|slp|[msg]\n|move|p2b: Goodra|Heavy Slam|p1a: Toedscool\n|-damage|p1a: Toedscool|0 fnt\n|faint|p1a: Toedscool\n|\n|upkeep\n|c|\u2606Axolotlover11|Get out\n|inactive|Axolotlover11 has 120 seconds left.\n|\n|t:|1696210351\n|switch|p1a: Kingambit|Kingambit, M, shiny|100\/100\n|switch|p2a: Cresselia|Cresselia, F|100\/100\n|turn|12\n|\n|t:|1696210370\n|move|p1b: Flutter Mane|Dazzling Gleam|p2a: Cresselia|[spread] p2a,p2b\n|-damage|p2a: Cresselia|75\/100\n|-damage|p2b: Goodra|69\/100\n|move|p1a: Kingambit|Kowtow Cleave|p2b: Goodra\n|-damage|p2b: Goodra|57\/100\n|move|p2b: Goodra|Heavy Slam|p1b: Flutter Mane\n|-supereffective|p1b: Flutter Mane\n|-damage|p1b: Flutter Mane|0 fnt\n|faint|p1b: Flutter Mane\n|-end|p1b: Flutter Mane|Protosynthesis|[silent]\n|move|p2a: Cresselia|Trick Room|p2a: Cresselia\n|-fieldstart|move: Trick Room|[of] p2a: Cresselia\n|\n|upkeep\n|inactive|Axolotlover11 has 120 seconds left.\n|\n|t:|1696210381\n|switch|p1b: Skeledirge|Skeledirge, F, shiny|100\/100\n|turn|13\n|\n|t:|1696210404\n|move|p2a: Cresselia|Ally Switch|p2a: Cresselia\n|swap|p2a: Cresselia|1|[from] move: Ally Switch\n|move|p2a: Goodra|Body Press|p1a: Kingambit\n|-supereffective|p1a: Kingambit\n|-damage|p1a: Kingambit|0 fnt\n|faint|p1a: Kingambit\n|move|p1b: Skeledirge|Tera Blast|p2b: Cresselia\n|-damage|p2b: Cresselia|63\/100\n|\n|upkeep\n|turn|14\n|-message|Axolotlover11 forfeited.\n|\n|win|RocaCama\n|raw|Axolotlover11's rating: 1237 &rarr; <strong>1207<\/strong><br \/>(-30 for losing)\n|raw|RocaCama's rating: 1168 &rarr; <strong>1198<\/strong><br \/>(+30 for winning)\n|l|\u2606Axolotlover11\n","uploadtime":1696210424,"views":8,"p1id":"axolotlover11","p2id":"rocacama","formatid":"gen9nationaldexdoubles","rating":1198,"private":0,"password":""}