{"id":"gen9nationaldexdoubles-1958658386","p1":"water10122246","p2":"Paldea Athens 420","format":"[Gen 9] National Dex Doubles","log":"|j|\u203dwater10122246\n|j|\u2606Paldea Athens 420\n|t:|1696348441\n|gametype|doubles\n|player|p1|water10122246|101|1326\n|player|p2|Paldea Athens 420|volo|1499\n|teamsize|p1|6\n|teamsize|p2|6\n|gen|9\n|tier|[Gen 9] National Dex Doubles\n|rated|\n|rule|HP Percentage Mod: HP is shown in percentages\n|rule|Endless Battle Clause: Forcing endless battles is banned\n|rule|OHKO Clause: OHKO moves are banned\n|rule|Evasion Moves Clause: Evasion moves are banned\n|rule|Evasion Abilities Clause: Evasion abilities are banned\n|rule|Species Clause: Limit one of each Pok\u00e9mon\n|rule|Gravity Sleep Clause: The combination of sleep-inducing moves with imperfect accuracy and Gravity or Gigantamax Orbeetle are banned\n|clearpoke\n|poke|p1|Incineroar, M|\n|poke|p1|Iron Hands|\n|poke|p1|Smeargle, F|\n|poke|p1|Ninetales-Alola, F|\n|poke|p1|Chi-Yu|\n|poke|p1|Whimsicott, M|\n|poke|p2|Kingambit, M|\n|poke|p2|Marshadow|\n|poke|p2|Charizard, M|\n|poke|p2|Tornadus, M|\n|poke|p2|Ogerpon-Hearthflame, F|\n|poke|p2|Chien-Pao|\n|teampreview\n|inactive|Battle timer is ON: inactive players will automatically lose when time's up. (requested by water10122246)\n|\n|t:|1696348463\n|start\n|switch|p1a: Whimsicott|Whimsicott, M, shiny|100\/100\n|switch|p1b: Smeargle|Smeargle, F|100\/100\n|switch|p2a: Tornadus|Tornadus, M|100\/100\n|switch|p2b: Chien-Pao|Chien-Pao|100\/100\n|-ability|p2b: Chien-Pao|Sword of Ruin\n|turn|1\n|\n|t:|1696348479\n|move|p1b: Smeargle|Fake Out|p2b: Chien-Pao\n|-damage|p2b: Chien-Pao|94\/100\n|move|p1a: Whimsicott|Taunt|p2a: Tornadus\n|-start|p2a: Tornadus|move: Taunt\n|-enditem|p2a: Tornadus|Mental Herb\n|-end|p2a: Tornadus|move: Taunt\n|move|p2a: Tornadus|Taunt|p1b: Smeargle\n|-start|p1b: Smeargle|move: Taunt\n|cant|p2b: Chien-Pao|flinch\n|\n|-ability|p1b: Smeargle|Moody|boost\n|-boost|p1b: Smeargle|spe|2\n|-unboost|p1b: Smeargle|spd|1\n|upkeep\n|turn|2\n|\n|t:|1696348501\n|switch|p1b: Iron Hands|Iron Hands|100\/100\n|switch|p2b: Kingambit|Kingambit, M, shiny|100\/100\n|move|p1a: Whimsicott|Taunt|p2a: Tornadus\n|-start|p2a: Tornadus|move: Taunt\n|move|p2a: Tornadus|Bleakwind Storm|p1b: Iron Hands|[spread] p1a,p1b\n|-supereffective|p1a: Whimsicott\n|-damage|p1a: Whimsicott|15\/100\n|-damage|p1b: Iron Hands|85\/100\n|\n|upkeep\n|turn|3\n|\n|t:|1696348520\n|-end|p2b: Kingambit|fallenundefined|[silent]\n|switch|p2b: Marshadow|Marshadow|100\/100\n|move|p1a: Whimsicott|Tailwind|p1a: Whimsicott\n|-sidestart|p1: water10122246|move: Tailwind\n|move|p1b: Iron Hands|Drain Punch|p2b: Marshadow\n|-immune|p2b: Marshadow\n|move|p2a: Tornadus|Bleakwind Storm|p1b: Iron Hands|[spread] p1b\n|-miss|p2a: Tornadus|p1a: Whimsicott\n|-damage|p1b: Iron Hands|68\/100\n|\n|upkeep\n|turn|4\n|\n|t:|1696348537\n|move|p1a: Whimsicott|Charm|p2b: Marshadow\n|-unboost|p2b: Marshadow|atk|2\n|-zpower|p2b: Marshadow\n|move|p2b: Marshadow|Soul-Stealing 7-Star Strike|p1b: Iron Hands|[zeffect]\n|-damage|p1b: Iron Hands|37\/100\n|move|p1b: Iron Hands|Wild Charge|p2a: Tornadus\n|-supereffective|p2a: Tornadus\n|-damage|p2a: Tornadus|0 fnt\n|faint|p2a: Tornadus\n|-damage|p1b: Iron Hands|20\/100|[from] Recoil\n|\n|upkeep\n|inactive|Paldea Athens 420 has 120 seconds left.\n|\n|t:|1696348562\n|switch|p2a: Charizard|Charizard, M|100\/100\n|turn|5\n|\n|t:|1696348576\n|detailschange|p2a: Charizard|Charizard-Mega-Y, M\n|-mega|p2a: Charizard|Charizard|Charizardite Y\n|-weather|SunnyDay|[from] ability: Drought|[of] p2a: Charizard\n|move|p2a: Charizard|Protect|p2a: Charizard\n|-singleturn|p2a: Charizard|Protect\n|move|p1a: Whimsicott|Charm|p2b: Marshadow\n|-unboost|p2b: Marshadow|atk|2\n|move|p2b: Marshadow|Close Combat|p1b: Iron Hands\n|-crit|p1b: Iron Hands\n|-damage|p1b: Iron Hands|0 fnt\n|-unboost|p2b: Marshadow|def|1\n|-unboost|p2b: Marshadow|spd|1\n|faint|p1b: Iron Hands\n|-end|p1b: Iron Hands|Quark Drive|[silent]\n|\n|-weather|SunnyDay|[upkeep]\n|upkeep\n|\n|t:|1696348590\n|switch|p1b: Incineroar|Incineroar, M|100\/100\n|-ability|p1b: Incineroar|Intimidate|boost\n|-unboost|p2a: Charizard|atk|1\n|-unboost|p2b: Marshadow|atk|1\n|turn|6\n|\n|t:|1696348607\n|switch|p1a: Ninetales|Ninetales-Alola, F, shiny|100\/100\n|-weather|Snow|[from] ability: Snow Warning|[of] p1a: Ninetales\n|switch|p2b: Chien-Pao|Chien-Pao|94\/100\n|-ability|p2b: Chien-Pao|Sword of Ruin\n|move|p1b: Incineroar|Fake Out|p2a: Charizard\n|-damage|p2a: Charizard|77\/100\n|cant|p2a: Charizard|flinch\n|\n|-weather|Snow|[upkeep]\n|-sideend|p1: water10122246|move: Tailwind\n|upkeep\n|turn|7\n|\n|t:|1696348628\n|move|p2b: Chien-Pao|Sacred Sword|p1a: Ninetales\n|-damage|p1a: Ninetales|59\/100\n|move|p1a: Ninetales|Aurora Veil|p1a: Ninetales\n|-sidestart|p1: water10122246|move: Aurora Veil\n|move|p2a: Charizard|Tailwind|p2a: Charizard\n|-sidestart|p2: Paldea Athens 420|move: Tailwind\n|move|p1b: Incineroar|Flare Blitz|p2b: Chien-Pao\n|-supereffective|p2b: Chien-Pao\n|-damage|p2b: Chien-Pao|0 fnt\n|faint|p2b: Chien-Pao\n|-damage|p1b: Incineroar|77\/100|[from] Recoil\n|\n|-weather|Snow|[upkeep]\n|upkeep\n|\n|t:|1696348637\n|switch|p2b: Ogerpon|Ogerpon-Hearthflame, F|100\/100\n|-ability|p2b: Ogerpon|Mold Breaker\n|turn|8\n|\n|t:|1696348645\n|switch|p2a: Marshadow|Marshadow|100\/100\n|-terastallize|p2b: Ogerpon|Fire\n|detailschange|p2b: Ogerpon|Ogerpon-Hearthflame-Tera, F, tera:Fire\n|-ability|p2b: Ogerpon|Embody Aspect (Hearthflame)|boost\n|-boost|p2b: Ogerpon|atk|1\n|move|p1a: Ninetales|Protect|p1a: Ninetales\n|-singleturn|p1a: Ninetales|Protect\n|move|p2b: Ogerpon|Ivy Cudgel|p1a: Ninetales\n|-activate|p1a: Ninetales|move: Protect\n|move|p1b: Incineroar|Flare Blitz|p2b: Ogerpon\n|-resisted|p2b: Ogerpon\n|-damage|p2b: Ogerpon|61\/100\n|-damage|p1b: Incineroar|67\/100|[from] Recoil\n|\n|-weather|Snow|[upkeep]\n|upkeep\n|turn|9\n|\n|t:|1696348669\n|move|p2a: Marshadow|Close Combat|p1b: Incineroar\n|-supereffective|p1b: Incineroar\n|-damage|p1b: Incineroar|0 fnt\n|-unboost|p2a: Marshadow|def|1\n|-unboost|p2a: Marshadow|spd|1\n|faint|p1b: Incineroar\n|move|p2b: Ogerpon|Ivy Cudgel|p1a: Ninetales\n|-supereffective|p1a: Ninetales\n|-damage|p1a: Ninetales|0 fnt\n|faint|p1a: Ninetales\n|\n|-weather|Snow|[upkeep]\n|upkeep\n|\n|t:|1696348676\n|switch|p1a: Whimsicott|Whimsicott, M, shiny|15\/100\n|switch|p1b: Smeargle|Smeargle, F|100\/100\n|turn|10\n|\n|t:|1696348699\n|move|p1b: Smeargle|Spiky Shield|p1b: Smeargle\n|-singleturn|p1b: Smeargle|move: Protect\n|move|p1a: Whimsicott|Tailwind|p1a: Whimsicott\n|-sidestart|p1: water10122246|move: Tailwind\n|move|p2a: Marshadow|Close Combat|p1b: Smeargle\n|-activate|p1b: Smeargle|move: Protect\n|-damage|p2a: Marshadow|88\/100|[from] Spiky Shield|[of] p1b: Smeargle\n|move|p2b: Ogerpon|Horn Leech|p1b: Smeargle\n|-activate|p1b: Smeargle|move: Protect\n|-damage|p2b: Ogerpon|48\/100|[from] Spiky Shield|[of] p1b: Smeargle\n|\n|-weather|none\n|-sideend|p2: Paldea Athens 420|move: Tailwind\n|-ability|p1b: Smeargle|Moody|boost\n|-boost|p1b: Smeargle|def|2\n|-unboost|p1b: Smeargle|spd|1\n|upkeep\n|turn|11\n|\n|t:|1696348718\n|move|p1a: Whimsicott|Moonblast|p2a: Marshadow\n|-supereffective|p2a: Marshadow\n|-damage|p2a: Marshadow|0 fnt\n|faint|p2a: Marshadow\n|move|p1b: Smeargle|Spore|p2b: Ogerpon\n|-status|p2b: Ogerpon|slp|[from] move: Spore\n|cant|p2b: Ogerpon|slp\n|\n|-ability|p1b: Smeargle|Moody|boost\n|-boost|p1b: Smeargle|spe|2\n|-unboost|p1b: Smeargle|spd|1\n|upkeep\n|\n|t:|1696348727\n|switch|p2a: Kingambit|Kingambit, M, shiny|100\/100\n|-activate|p2a: Kingambit|ability: Supreme Overlord\n|-start|p2a: Kingambit|fallen3|[silent]\n|turn|12\n|\n|t:|1696348745\n|move|p1a: Whimsicott|Charm|p2b: Ogerpon\n|-unboost|p2b: Ogerpon|atk|2\n|move|p1b: Smeargle|Spore|p2a: Kingambit\n|-status|p2a: Kingambit|slp|[from] move: Spore\n|cant|p2b: Ogerpon|slp\n|cant|p2a: Kingambit|slp\n|\n|-ability|p1b: Smeargle|Moody|boost\n|-boost|p1b: Smeargle|atk|2\n|-unboost|p1b: Smeargle|spe|1\n|upkeep\n|turn|13\n|\n|t:|1696348761\n|move|p1b: Smeargle|Spiky Shield|p1b: Smeargle\n|-singleturn|p1b: Smeargle|move: Protect\n|move|p1a: Whimsicott|Charm|p2b: Ogerpon\n|-unboost|p2b: Ogerpon|atk|2\n|-curestatus|p2b: Ogerpon|slp|[msg]\n|move|p2b: Ogerpon|Horn Leech|p1b: Smeargle\n|-activate|p1b: Smeargle|move: Protect\n|-damage|p2b: Ogerpon|36\/100|[from] Spiky Shield|[of] p1b: Smeargle\n|-curestatus|p2a: Kingambit|slp|[msg]\n|move|p2a: Kingambit|Brick Break|p1a: Whimsicott\n|-sideend|p1: water10122246|move: Aurora Veil\n|-resisted|p1a: Whimsicott\n|-damage|p1a: Whimsicott|0 fnt\n|faint|p1a: Whimsicott\n|\n|-sideend|p1: water10122246|move: Tailwind\n|-ability|p1b: Smeargle|Moody|boost\n|-boost|p1b: Smeargle|spe|2\n|-unboost|p1b: Smeargle|def|1\n|upkeep\n|\n|t:|1696348775\n|switch|p1a: Chi-Yu|Chi-Yu|100\/100\n|-ability|p1a: Chi-Yu|Beads of Ruin\n|turn|14\n|inactive|water10122246 has 120 seconds left.\n|\n|t:|1696348820\n|-terastallize|p1a: Chi-Yu|Fairy\n|move|p1b: Smeargle|Spore|p2b: Ogerpon\n|-status|p2b: Ogerpon|slp|[from] move: Spore\n|cant|p2b: Ogerpon|slp\n|move|p1a: Chi-Yu|Heat Wave|p2a: Kingambit|[spread] p2a,p2b\n|-supereffective|p2a: Kingambit\n|-resisted|p2b: Ogerpon\n|-damage|p2a: Kingambit|0 fnt\n|-damage|p2b: Ogerpon|6\/100 slp\n|faint|p2a: Kingambit\n|-end|p2a: Kingambit|fallen3|[silent]\n|\n|-ability|p1b: Smeargle|Moody|boost\n|-boost|p1b: Smeargle|spa|2\n|-unboost|p1b: Smeargle|spd|1\n|upkeep\n|\n|t:|1696348827\n|switch|p2a: Charizard|Charizard-Mega-Y, M|77\/100\n|-weather|SunnyDay|[from] ability: Drought|[of] p2a: Charizard\n|turn|15\n|inactive|water10122246 has 120 seconds left.\n|\n|t:|1696348852\n|-curestatus|p2b: Ogerpon|slp|[msg]\n|move|p2b: Ogerpon|Spiky Shield|p2b: Ogerpon\n|-singleturn|p2b: Ogerpon|move: Protect\n|move|p1b: Smeargle|Spore|p2a: Charizard\n|-status|p2a: Charizard|slp|[from] move: Spore\n|move|p1a: Chi-Yu|Heat Wave|p2a: Charizard|[spread] p2a\n|-activate|p2b: Ogerpon|move: Protect\n|-resisted|p2a: Charizard\n|-damage|p2a: Charizard|41\/100 slp\n|cant|p2a: Charizard|slp\n|\n|-weather|SunnyDay|[upkeep]\n|-ability|p1b: Smeargle|Moody|boost\n|-boost|p1b: Smeargle|atk|2\n|-unboost|p1b: Smeargle|spd|1\n|upkeep\n|turn|16\n|\n|t:|1696348864\n|move|p1b: Smeargle|Spore|p2b: Ogerpon\n|-status|p2b: Ogerpon|slp|[from] move: Spore\n|cant|p2b: Ogerpon|slp\n|cant|p2a: Charizard|slp\n|move|p1a: Chi-Yu|Heat Wave|p2a: Charizard|[spread] p2a,p2b\n|-resisted|p2a: Charizard\n|-resisted|p2b: Ogerpon\n|-damage|p2a: Charizard|0 fnt\n|-damage|p2b: Ogerpon|0 fnt\n|faint|p2a: Charizard\n|faint|p2b: Ogerpon\n|\n|win|water10122246\n|raw|water10122246's rating: 1326 &rarr; <strong>1355<\/strong><br \/>(+29 for winning)\n|raw|Paldea Athens 420's rating: 1499 &rarr; <strong>1470<\/strong><br \/>(-29 for losing)\n|l|\u2606Paldea Athens 420\n","uploadtime":1696348891,"views":12,"p1id":"water10122246","p2id":"paldeaathens420","formatid":"gen9nationaldexdoubles","rating":1355,"private":0,"password":""}