{"id":"gen9nationaldexdoubles-1971648422","p1":"Drcvuhh","p2":"Spiceman404","format":"[Gen 9] National Dex Doubles","log":"|j|\u2606Drcvuhh\n|j|\u2606Spiceman404\n|t:|1697757021\n|gametype|doubles\n|player|p1|Drcvuhh|2|1000\n|player|p2|Spiceman404|hilda|1103\n|teamsize|p1|4\n|teamsize|p2|6\n|gen|9\n|tier|[Gen 9] National Dex Doubles\n|rated|\n|rule|HP Percentage Mod: HP is shown in percentages\n|rule|Endless Battle Clause: Forcing endless battles is banned\n|rule|OHKO Clause: OHKO moves are banned\n|rule|Evasion Moves Clause: Evasion moves are banned\n|rule|Evasion Abilities Clause: Evasion abilities are banned\n|rule|Species Clause: Limit one of each Pok\u00e9mon\n|rule|Gravity Sleep Clause: The combination of sleep-inducing moves with imperfect accuracy and Gravity or Gigantamax Orbeetle are banned\n|clearpoke\n|poke|p1|Shuckle, F|\n|poke|p1|Regidrago|\n|poke|p1|Revavroom, M|\n|poke|p1|Whimsicott, F|\n|poke|p2|Regigigas|\n|poke|p2|Chansey, F|\n|poke|p2|Amoonguss, F|\n|poke|p2|Zoroark, M|\n|poke|p2|Aegislash, F|\n|poke|p2|Heatran, F|\n|teampreview\n|inactive|Battle timer is ON: inactive players will automatically lose when time's up. (requested by Drcvuhh)\n|\n|t:|1697757034\n|start\n|switch|p1a: Shuckle|Shuckle, F|100\/100\n|switch|p1b: Whimsicott|Whimsicott, F|100\/100\n|switch|p2a: Regigigas|Regigigas|100\/100\n|switch|p2b: Chansey|Chansey, F|100\/100\n|-start|p2a: Regigigas|ability: Slow Start\n|turn|1\n|\n|t:|1697757053\n|move|p1a: Shuckle|Protect|p1a: Shuckle\n|-singleturn|p1a: Shuckle|Protect\n|move|p2b: Chansey|Skill Swap|p1b: Whimsicott\n|-activate|p2b: Chansey|move: Skill Swap|Prankster|Healer|[of] p1b: Whimsicott\n|move|p2a: Regigigas|Rock Slide|p1a: Shuckle|[spread] p1b\n|-activate|p1a: Shuckle|move: Protect\n|-damage|p1b: Whimsicott|84\/100\n|cant|p1b: Whimsicott|flinch\n|\n|upkeep\n|turn|2\n|\n|t:|1697757076\n|move|p2b: Chansey|Skill Swap|p2a: Regigigas\n|-activate|p2b: Chansey|move: Skill Swap|||[of] p2a: Regigigas\n|-end|p2a: Regigigas|Slow Start|[silent]\n|-start|p2b: Chansey|ability: Slow Start\n|move|p2a: Regigigas|Rock Slide|p1b: Whimsicott|[spread] p1a,p1b\n|-supereffective|p1a: Shuckle\n|-damage|p1a: Shuckle|58\/100\n|-damage|p1b: Whimsicott|55\/100\n|cant|p1a: Shuckle|flinch\n|move|p1b: Whimsicott|Trick Room|p1b: Whimsicott\n|-fieldstart|move: Trick Room|[of] p1b: Whimsicott\n|\n|-heal|p1a: Shuckle|64\/100|[from] item: Leftovers\n|upkeep\n|turn|3\n|\n|t:|1697757098\n|switch|p1b: Regidrago|Regidrago|100\/100\n|move|p2b: Chansey|Ally Switch|p2b: Chansey\n|swap|p2b: Chansey|0|[from] move: Ally Switch\n|move|p1a: Shuckle|Guard Split|p1b: Regidrago\n|-activate|p1a: Shuckle|move: Guard Split|[of] p1b: Regidrago\n|move|p2b: Regigigas|Rock Slide|p1b: Regidrago|[spread] p1a,p1b\n|-supereffective|p1a: Shuckle\n|-damage|p1a: Shuckle|1\/100\n|-damage|p1b: Regidrago|91\/100\n|\n|-heal|p1a: Shuckle|7\/100|[from] item: Leftovers\n|-heal|p1b: Regidrago|97\/100|[from] item: Leftovers\n|upkeep\n|turn|4\n|\n|t:|1697757120\n|-terastallize|p1b: Regidrago|Dragon\n|move|p1a: Shuckle|Toxic|p2b: Regigigas|[miss]\n|-miss|p1a: Shuckle|p2b: Regigigas\n|move|p2a: Chansey|Soft-Boiled||[still]\n|-fail|p2a: Chansey|heal\n|move|p1b: Regidrago|Dragon Energy|p2a: Chansey|[spread] p2a,p2b\n|-damage|p2a: Chansey|56\/100\n|-damage|p2b: Regigigas|25\/100\n|move|p2b: Regigigas|Rock Slide|p1a: Shuckle|[spread] p1a\n|-miss|p2b: Regigigas|p1b: Regidrago\n|-supereffective|p1a: Shuckle\n|-damage|p1a: Shuckle|0 fnt\n|faint|p1a: Shuckle\n|\n|-heal|p1b: Regidrago|100\/100|[from] item: Leftovers\n|-heal|p2b: Regigigas|31\/100|[from] item: Leftovers\n|upkeep\n|\n|t:|1697757133\n|switch|p1a: Revavroom|Revavroom, M|100\/100\n|turn|5\n|\n|t:|1697757144\n|move|p2a: Chansey|Heal Pulse|p2b: Regigigas\n|-heal|p2b: Regigigas|81\/100\n|move|p1b: Regidrago|Dragon Energy|p2a: Chansey|[spread] p2a,p2b\n|-damage|p2a: Chansey|9\/100\n|-damage|p2b: Regigigas|0 fnt\n|-enditem|p2a: Chansey|Iapapa Berry|[eat]\n|-heal|p2a: Chansey|42\/100|[from] item: Iapapa Berry\n|faint|p2b: Regigigas\n|move|p1a: Revavroom|Shift Gear|p1a: Revavroom\n|-boost|p1a: Revavroom|spe|2\n|-boost|p1a: Revavroom|atk|1\n|\n|upkeep\n|\n|t:|1697757161\n|switch|p2b: Heatran|Heatran, F|100\/100\n|turn|6\n|\n|t:|1697757177\n|move|p2a: Chansey|Skill Swap|p1b: Regidrago\n|-activate|p2a: Chansey|move: Skill Swap|Dragon's Maw|Slow Start|[of] p1b: Regidrago\n|-end|p2a: Chansey|Slow Start|[silent]\n|-start|p1b: Regidrago|ability: Slow Start\n|move|p1b: Regidrago|Dragon Energy|p2b: Heatran|[spread] p2a,p2b\n|-resisted|p2b: Heatran\n|-damage|p2a: Chansey|7\/100\n|-damage|p2b: Heatran|65\/100\n|move|p2b: Heatran|Hidden Power|p1b: Regidrago\n|-supereffective|p1b: Regidrago\n|-damage|p1b: Regidrago|84\/100\n|move|p1a: Revavroom|Zen Headbutt|p2b: Heatran\n|-resisted|p2b: Heatran\n|-damage|p2b: Heatran|48\/100\n|\n|-heal|p1b: Regidrago|90\/100|[from] item: Leftovers\n|-fieldend|move: Trick Room\n|upkeep\n|turn|7\n|\n|t:|1697757195\n|move|p1a: Revavroom|Zen Headbutt|p2b: Heatran\n|-resisted|p2b: Heatran\n|-damage|p2b: Heatran|29\/100\n|move|p2b: Heatran|Heat Wave|p1b: Regidrago|[spread] p1a,p1b\n|-supereffective|p1a: Revavroom\n|-resisted|p1b: Regidrago\n|-damage|p1a: Revavroom|14\/100\n|-damage|p1b: Regidrago|83\/100\n|-enditem|p1a: Revavroom|Aguav Berry|[eat]\n|-heal|p1a: Revavroom|47\/100|[from] item: Aguav Berry\n|move|p2a: Chansey|Heal Pulse|p2b: Heatran\n|-heal|p2b: Heatran|79\/100\n|move|p1b: Regidrago|Dragon Energy|p2a: Chansey|[spread] p2a,p2b\n|-resisted|p2b: Heatran\n|-damage|p2a: Chansey|0 fnt\n|-damage|p2b: Heatran|50\/100\n|faint|p2a: Chansey\n|\n|-heal|p1b: Regidrago|90\/100|[from] item: Leftovers\n|upkeep\n|\n|t:|1697757213\n|switch|p2a: Aegislash|Aegislash, F|100\/100\n|turn|8\n|\n|t:|1697757224\n|move|p2b: Heatran|Protect|p2b: Heatran\n|-singleturn|p2b: Heatran|Protect\n|move|p1a: Revavroom|Zen Headbutt|p2b: Heatran\n|-activate|p2b: Heatran|move: Protect\n|-formechange|p2a: Aegislash|Aegislash-Blade||[from] ability: Stance Change\n|move|p2a: Aegislash|Flash Cannon|p1b: Regidrago\n|-damage|p1b: Regidrago|73\/100\n|move|p1b: Regidrago|Dragon Energy|p2a: Aegislash|[spread] p2a\n|-activate|p2b: Heatran|move: Protect\n|-resisted|p2a: Aegislash\n|-damage|p2a: Aegislash|52\/100\n|\n|-heal|p2a: Aegislash|58\/100|[from] item: Leftovers\n|-heal|p1b: Regidrago|79\/100|[from] item: Leftovers\n|upkeep\n|turn|9\n|\n|t:|1697757246\n|-formechange|p2a: Aegislash|Aegislash||[from] ability: Stance Change\n|move|p2a: Aegislash|King's Shield|p2a: Aegislash\n|-singleturn|p2a: Aegislash|Protect\n|move|p1a: Revavroom|Zen Headbutt|p2b: Heatran\n|-resisted|p2b: Heatran\n|-damage|p2b: Heatran|33\/100\n|move|p2b: Heatran|Heat Wave|p1b: Regidrago|[spread] p1a,p1b\n|-supereffective|p1a: Revavroom\n|-resisted|p1b: Regidrago\n|-damage|p1a: Revavroom|0 fnt\n|-damage|p1b: Regidrago|72\/100\n|faint|p1a: Revavroom\n|move|p1b: Regidrago|Dragon Energy|p2b: Heatran|[spread] p2b\n|-activate|p2a: Aegislash|move: Protect\n|-resisted|p2b: Heatran\n|-damage|p2b: Heatran|7\/100\n|\n|-heal|p2a: Aegislash|64\/100|[from] item: Leftovers\n|-heal|p1b: Regidrago|78\/100|[from] item: Leftovers\n|upkeep\n|inactive|Drcvuhh has 120 seconds left.\n|\n|t:|1697757262\n|switch|p1a: Whimsicott|Whimsicott, F|55\/100\n|turn|10\n|\n|t:|1697757272\n|move|p1a: Whimsicott|Dazzling Gleam|p2b: Heatran|[spread] p2a,p2b\n|-resisted|p2a: Aegislash\n|-resisted|p2b: Heatran\n|-damage|p2a: Aegislash|58\/100\n|-damage|p2b: Heatran|3\/100\n|move|p2b: Heatran|Heat Wave|p1a: Whimsicott|[spread] p1b\n|-miss|p2b: Heatran|p1a: Whimsicott\n|-resisted|p1b: Regidrago\n|-damage|p1b: Regidrago|72\/100\n|-formechange|p2a: Aegislash|Aegislash-Blade||[from] ability: Stance Change\n|move|p2a: Aegislash|Flash Cannon|p1a: Whimsicott\n|-supereffective|p1a: Whimsicott\n|-damage|p1a: Whimsicott|0 fnt\n|faint|p1a: Whimsicott\n|move|p1b: Regidrago|Dragon Energy|p2b: Heatran|[spread] p2a,p2b\n|-resisted|p2a: Aegislash\n|-resisted|p2b: Heatran\n|-damage|p2a: Aegislash|9\/100\n|-damage|p2b: Heatran|0 fnt\n|faint|p2b: Heatran\n|\n|-heal|p2a: Aegislash|15\/100|[from] item: Leftovers\n|-heal|p1b: Regidrago|78\/100|[from] item: Leftovers\n|-end|p1b: Regidrago|Slow Start\n|upkeep\n|\n|t:|1697757291\n|switch|p2b: Amongsus|Amoonguss, F, shiny|100\/100\n|turn|11\n|\n|t:|1697757301\n|-formechange|p2a: Aegislash|Aegislash||[from] ability: Stance Change\n|move|p2a: Aegislash|King's Shield|p2a: Aegislash\n|-singleturn|p2a: Aegislash|Protect\n|move|p1b: Regidrago|Dragon Energy|p2b: Amongsus|[spread] p2b\n|-activate|p2a: Aegislash|move: Protect\n|-damage|p2b: Amongsus|46\/100\n|move|p2b: Amongsus|Spore|p1b: Regidrago\n|-status|p1b: Regidrago|slp|[from] move: Spore\n|\n|-heal|p1b: Regidrago|84\/100 slp|[from] item: Leftovers\n|-heal|p2a: Aegislash|22\/100|[from] item: Leftovers\n|upkeep\n|turn|12\n|\n|t:|1697757327\n|cant|p1b: Regidrago|slp\n|move|p1b: Regidrago|Sleep Talk|p1b: Regidrago\n|move|p1b: Regidrago|Light Screen|p1b: Regidrago|[from]move: Sleep Talk\n|-sidestart|p1: Drcvuhh|move: Light Screen\n|-formechange|p2a: Aegislash|Aegislash-Blade||[from] ability: Stance Change\n|move|p2a: Aegislash|Flash Cannon|p1b: Regidrago\n|-damage|p1b: Regidrago|72\/100 slp\n|move|p2b: Amongsus|Synthesis|p2b: Amongsus\n|-heal|p2b: Amongsus|96\/100\n|\n|-heal|p1b: Regidrago|78\/100 slp|[from] item: Leftovers\n|-heal|p2a: Aegislash|28\/100|[from] item: Leftovers\n|upkeep\n|turn|13\n|\n|t:|1697757345\n|-curestatus|p1b: Regidrago|slp|[msg]\n|move|p1b: Regidrago|Sleep Talk||[still]\n|-fail|p1b: Regidrago\n|move|p2a: Aegislash|Substitute|p2a: Aegislash\n|-start|p2a: Aegislash|Substitute\n|-damage|p2a: Aegislash|3\/100\n|move|p2b: Amongsus|Giga Drain|p1b: Regidrago\n|-resisted|p1b: Regidrago\n|-damage|p1b: Regidrago|74\/100\n|-heal|p2b: Amongsus|99\/100|[from] drain|[of] p1b: Regidrago\n|\n|-heal|p1b: Regidrago|80\/100|[from] item: Leftovers\n|-heal|p2a: Aegislash|9\/100|[from] item: Leftovers\n|upkeep\n|turn|14\n|-message|Drcvuhh forfeited.\n|\n|win|Spiceman404\n|raw|Drcvuhh's rating: 1000 &rarr; <strong>1000<\/strong><br \/>(+0 for losing)\n|raw|Spiceman404's rating: 1103 &rarr; <strong>1121<\/strong><br \/>(+18 for winning)\n|l|\u2606Drcvuhh\n","uploadtime":1697757362,"views":12,"p1id":"drcvuhh","p2id":"spiceman404","formatid":"gen9nationaldexdoubles","rating":1000,"private":0,"password":""}