{"id":"gen9nationaldexdoubles-1966761463","p1":"lxvliiz","p2":"Atomic_Hedgefox","format":"[Gen 9] National Dex Doubles","log":"|j|\u2606lxvliiz\n|j|\u203dAtomic_Hedgefox\n|t:|1697219655\n|gametype|doubles\n|player|p1|lxvliiz|101|1075\n|player|p2|Atomic_Hedgefox|1|1160\n|teamsize|p1|6\n|teamsize|p2|6\n|gen|9\n|tier|[Gen 9] National Dex Doubles\n|rated|\n|rule|HP Percentage Mod: HP is shown in percentages\n|rule|Endless Battle Clause: Forcing endless battles is banned\n|rule|OHKO Clause: OHKO moves are banned\n|rule|Evasion Moves Clause: Evasion moves are banned\n|rule|Evasion Abilities Clause: Evasion abilities are banned\n|rule|Species Clause: Limit one of each Pok\u00e9mon\n|rule|Gravity Sleep Clause: The combination of sleep-inducing moves with imperfect accuracy and Gravity or Gigantamax Orbeetle are banned\n|clearpoke\n|poke|p1|Volcarona, F|\n|poke|p1|Torkoal, F|\n|poke|p1|Rillaboom, F|\n|poke|p1|Lilligant-Hisui, F|\n|poke|p1|Ogerpon-Cornerstone, F|\n|poke|p1|Blaziken, F|\n|poke|p2|Charizard, F|\n|poke|p2|Walking Wake|\n|poke|p2|Ninetales, F|\n|poke|p2|Scizor, F|\n|poke|p2|Pikachu, F|\n|poke|p2|Chi-Yu|\n|teampreview\n|\n|t:|1697219675\n|start\n|switch|p1a: Torkoal|Torkoal, F|100\/100\n|switch|p1b: Lilligant|Lilligant-Hisui, F|100\/100\n|switch|p2a: Ninetales|Ninetales, F|100\/100\n|switch|p2b: Walking Wake|Walking Wake|100\/100\n|-weather|SunnyDay|[from] ability: Drought|[of] p2a: Ninetales\n|-activate|p2b: Walking Wake|ability: Protosynthesis\n|-start|p2b: Walking Wake|protosynthesisspa\n|turn|1\n|\n|t:|1697219693\n|move|p1b: Lilligant|Solar Blade||[still]\n|-prepare|p1b: Lilligant|Solar Blade\n|-anim|p1b: Lilligant|Solar Blade|p2b: Walking Wake\n|-damage|p2b: Walking Wake|23\/100\n|move|p2b: Walking Wake|Hydro Steam|p1a: Torkoal\n|-supereffective|p1a: Torkoal\n|-crit|p1a: Torkoal\n|-damage|p1a: Torkoal|0 fnt\n|faint|p1a: Torkoal\n|move|p2a: Ninetales|Heat Wave|p1b: Lilligant|[miss]\n|-miss|p2a: Ninetales|p1b: Lilligant\n|\n|-weather|SunnyDay|[upkeep]\n|-heal|p2b: Walking Wake|29\/100|[from] item: Leftovers\n|upkeep\n|\n|t:|1697219708\n|switch|p1a: Blaziken|Blaziken, F|100\/100\n|turn|2\n|\n|t:|1697219721\n|-end|p2b: Walking Wake|Protosynthesis|[silent]\n|switch|p2b: Scizor|Scizor, F|100\/100\n|detailschange|p1a: Blaziken|Blaziken-Mega, F\n|-mega|p1a: Blaziken|Blaziken|Blazikenite\n|move|p1a: Blaziken|Protect|p1a: Blaziken\n|-singleturn|p1a: Blaziken|Protect\n|move|p1b: Lilligant|Close Combat|p2a: Ninetales\n|-damage|p2a: Ninetales|8\/100\n|-unboost|p1b: Lilligant|def|1\n|-unboost|p1b: Lilligant|spd|1\n|move|p2a: Ninetales|Heat Wave|p1b: Lilligant|[spread] p1b\n|-activate|p1a: Blaziken|move: Protect\n|-supereffective|p1b: Lilligant\n|-damage|p1b: Lilligant|0 fnt\n|faint|p1b: Lilligant\n|\n|-weather|SunnyDay|[upkeep]\n|-heal|p2a: Ninetales|14\/100|[from] item: Leftovers\n|-ability|p1a: Blaziken|Speed Boost|boost\n|-boost|p1a: Blaziken|spe|1\n|upkeep\n|\n|t:|1697219743\n|switch|p1b: Volcarona|Volcarona, F|100\/100\n|turn|3\n|\n|t:|1697219777\n|move|p2b: Scizor|Bullet Punch|p1a: Blaziken\n|-resisted|p1a: Blaziken\n|-damage|p1a: Blaziken|77\/100\n|move|p1a: Blaziken|Flame Charge|p2b: Scizor\n|-supereffective|p2b: Scizor\n|-damage|p2b: Scizor|0 fnt\n|-boost|p1a: Blaziken|spe|1\n|faint|p2b: Scizor\n|move|p2a: Ninetales|Heat Wave|p1b: Volcarona|[spread] p1a\n|-miss|p2a: Ninetales|p1b: Volcarona\n|-resisted|p1a: Blaziken\n|-damage|p1a: Blaziken|50\/100\n|move|p1b: Volcarona|Quiver Dance|p1b: Volcarona\n|-boost|p1b: Volcarona|spa|1\n|-boost|p1b: Volcarona|spd|1\n|-boost|p1b: Volcarona|spe|1\n|\n|-weather|SunnyDay|[upkeep]\n|-heal|p2a: Ninetales|20\/100|[from] item: Leftovers\n|-ability|p1a: Blaziken|Speed Boost|boost\n|-boost|p1a: Blaziken|spe|1\n|upkeep\n|\n|t:|1697219787\n|switch|p2b: Walking Wake|Walking Wake|29\/100\n|-activate|p2b: Walking Wake|ability: Protosynthesis\n|-start|p2b: Walking Wake|protosynthesisspa\n|turn|4\n|\n|t:|1697219815\n|move|p1a: Blaziken|Bounce||[still]\n|-prepare|p1a: Blaziken|Bounce\n|move|p1b: Volcarona|Fiery Dance|p2a: Ninetales\n|-resisted|p2a: Ninetales\n|-damage|p2a: Ninetales|0 fnt\n|-boost|p1b: Volcarona|spa|1\n|faint|p2a: Ninetales\n|move|p2b: Walking Wake|Hydro Steam|p1a: Blaziken|[miss]\n|-miss|p2b: Walking Wake|p1a: Blaziken\n|\n|-weather|SunnyDay|[upkeep]\n|-heal|p2b: Walking Wake|36\/100|[from] item: Leftovers\n|-ability|p1a: Blaziken|Speed Boost|boost\n|-boost|p1a: Blaziken|spe|1\n|upkeep\n|\n|t:|1697219833\n|switch|p2a: Pikachu|Pikachu, F|100\/100\n|turn|5\n|\n|t:|1697219845\n|-terastallize|p2a: Pikachu|Normal\n|move|p2a: Pikachu|Extreme Speed|p1b: Volcarona\n|-damage|p1b: Volcarona|20\/100\n|-enditem|p1b: Volcarona|Wiki Berry|[eat]\n|-heal|p1b: Volcarona|53\/100|[from] item: Wiki Berry\n|move|p1a: Blaziken|Bounce|p2b: Walking Wake|[from]lockedmove\n|-damage|p2b: Walking Wake|0 fnt\n|faint|p2b: Walking Wake\n|-end|p2b: Walking Wake|Protosynthesis|[silent]\n|move|p1b: Volcarona|Fiery Dance|p2a: Pikachu\n|-damage|p2a: Pikachu|0 fnt\n|-boost|p1b: Volcarona|spa|1\n|faint|p2a: Pikachu\n|\n|-weather|none\n|-ability|p1a: Blaziken|Speed Boost|boost\n|-boost|p1a: Blaziken|spe|1\n|upkeep\n|\n|t:|1697219862\n|switch|p2b: Charizard|Charizard, F|100\/100\n|switch|p2a: Chi-Yu|Chi-Yu|100\/100\n|-ability|p2a: Chi-Yu|Beads of Ruin\n|turn|6\n|\n|t:|1697219886\n|detailschange|p2b: Charizard|Charizard-Mega-Y, F\n|-mega|p2b: Charizard|Charizard|Charizardite Y\n|-weather|SunnyDay|[from] ability: Drought|[of] p2b: Charizard\n|move|p1a: Blaziken|Protect|p1a: Blaziken\n|-singleturn|p1a: Blaziken|Protect\n|move|p1b: Volcarona|Fiery Dance|p2b: Charizard\n|-resisted|p2b: Charizard\n|-damage|p2b: Charizard|0 fnt\n|faint|p2b: Charizard\n|move|p2a: Chi-Yu|Light Screen|p2a: Chi-Yu\n|-sidestart|p2: Atomic_Hedgefox|move: Light Screen\n|\n|-weather|SunnyDay|[upkeep]\n|-ability|p1a: Blaziken|Speed Boost|boost\n|-boost|p1a: Blaziken|spe|1\n|upkeep\n|turn|7\n|\n|t:|1697219905\n|move|p1a: Blaziken|Close Combat|p2a: Chi-Yu\n|-supereffective|p2a: Chi-Yu\n|-damage|p2a: Chi-Yu|0 fnt\n|-unboost|p1a: Blaziken|def|1\n|-unboost|p1a: Blaziken|spd|1\n|faint|p2a: Chi-Yu\n|\n|win|lxvliiz\n|raw|lxvliiz's rating: 1075 &rarr; <strong>1111<\/strong><br \/>(+36 for winning)\n|raw|Atomic_Hedgefox's rating: 1160 &rarr; <strong>1129<\/strong><br \/>(-31 for losing)\n|l|\u203dAtomic_Hedgefox\n","uploadtime":1697219921,"views":5,"p1id":"lxvliiz","p2id":"atomichedgefox","formatid":"gen9nationaldexdoubles","rating":1111,"private":0,"password":""}