{"id":"gen9nationaldexdoubles-1947849671","p1":"MAWILE<3<3<3","p2":"psng","format":"[Gen 9] National Dex Doubles","log":"|j|\u2606MAWILE<3<3<3\n|j|\u2606psng\n|t:|1695210091\n|gametype|doubles\n|player|p1|MAWILE<3<3<3|hilda|1000\n|player|p2|psng|wallace|1027\n|teamsize|p1|6\n|teamsize|p2|6\n|gen|9\n|tier|[Gen 9] National Dex Doubles\n|rated|\n|rule|HP Percentage Mod: HP is shown in percentages\n|rule|Endless Battle Clause: Forcing endless battles is banned\n|rule|OHKO Clause: OHKO moves are banned\n|rule|Evasion Moves Clause: Evasion moves are banned\n|rule|Evasion Abilities Clause: Evasion abilities are banned\n|rule|Species Clause: Limit one of each Pok\u00e9mon\n|rule|Gravity Sleep Clause: The combination of sleep-inducing moves with imperfect accuracy and Gravity or Gigantamax Orbeetle are banned\n|clearpoke\n|poke|p1|Mawile, F|\n|poke|p1|Tapu Fini|\n|poke|p1|Indeedee-F, F|\n|poke|p1|Hatterene, F|\n|poke|p1|Gardevoir, F|\n|poke|p1|Celesteela|\n|poke|p2|Indeedee-F, F|\n|poke|p2|Blastoise, F|\n|poke|p2|Politoed, M|\n|poke|p2|Swampert, F|\n|poke|p2|Zapdos|\n|poke|p2|Ferrothorn, F|\n|teampreview\n|inactive|Battle timer is ON: inactive players will automatically lose when time's up. (requested by psng)\n|inactive|MAWILE<3<3<3 also wants the timer to be on.\n|\n|t:|1695210131\n|start\n|switch|p1a: Tapu Fini|Tapu Fini|100\/100\n|switch|p1b: Hatterene|Hatterene, F|100\/100\n|switch|p2a: Politoed|Politoed, M|100\/100\n|switch|p2b: Blastoise|Blastoise, F|100\/100\n|-fieldstart|move: Misty Terrain|[from] ability: Misty Surge|[of] p1a: Tapu Fini\n|-weather|RainDance|[from] ability: Drizzle|[of] p2a: Politoed\n|turn|1\n|\n|t:|1695210147\n|move|p2a: Politoed|Helping Hand|p2b: Blastoise\n|-singleturn|p2b: Blastoise|Helping Hand|[of] p2a: Politoed\n|move|p2b: Blastoise|Water Spout|p1a: Tapu Fini|[spread] p1a,p1b\n|-resisted|p1a: Tapu Fini\n|-damage|p1a: Tapu Fini|57\/100\n|-enditem|p1b: Hatterene|Focus Sash\n|-damage|p1b: Hatterene|1\/100\n|move|p1a: Tapu Fini|Calm Mind|p1a: Tapu Fini\n|-boost|p1a: Tapu Fini|spa|1\n|-boost|p1a: Tapu Fini|spd|1\n|move|p1b: Hatterene|Trick Room|p1b: Hatterene\n|-fieldstart|move: Trick Room|[of] p1b: Hatterene\n|\n|-weather|RainDance|[upkeep]\n|-heal|p1a: Tapu Fini|63\/100|[from] item: Leftovers\n|upkeep\n|turn|2\n|\n|t:|1695210169\n|switch|p2b: Ferrothorn|Ferrothorn, F|100\/100\n|-terastallize|p1b: Hatterene|Grass\n|move|p1b: Hatterene|Giga Drain|p2b: Ferrothorn\n|-resisted|p2b: Ferrothorn\n|-damage|p2b: Ferrothorn|92\/100\n|-heal|p1b: Hatterene|6\/100|[from] drain|[of] p2b: Ferrothorn\n|move|p2a: Politoed|Icy Wind|p1b: Hatterene|[spread] p1a\n|-miss|p2a: Politoed|p1b: Hatterene\n|-resisted|p1a: Tapu Fini\n|-damage|p1a: Tapu Fini|61\/100\n|-unboost|p1a: Tapu Fini|spe|1\n|move|p1a: Tapu Fini|Taunt|p2a: Politoed\n|-start|p2a: Politoed|move: Taunt\n|\n|-weather|RainDance|[upkeep]\n|-heal|p2b: Ferrothorn|98\/100|[from] item: Leftovers\n|-heal|p1a: Tapu Fini|67\/100|[from] item: Leftovers\n|upkeep\n|turn|3\n|\n|t:|1695210189\n|switch|p1a: Celesteela|Celesteela, shiny|100\/100\n|switch|p2a: Indeedee|Indeedee-F, F|100\/100\n|-fieldstart|move: Psychic Terrain|[from] ability: Psychic Surge|[of] p2a: Indeedee\n|move|p2b: Ferrothorn|Gyro Ball|p1b: Hatterene\n|-crit|p1b: Hatterene\n|-damage|p1b: Hatterene|0 fnt\n|faint|p1b: Hatterene\n|\n|-weather|RainDance|[upkeep]\n|-heal|p2b: Ferrothorn|100\/100|[from] item: Leftovers\n|upkeep\n|\n|t:|1695210201\n|switch|p1b: Mawile|Mawile, F, shiny|100\/100\n|-ability|p1b: Mawile|Intimidate|boost\n|-unboost|p2a: Indeedee|atk|1\n|-unboost|p2b: Ferrothorn|atk|1\n|turn|4\n|\n|t:|1695210229\n|switch|p2a: Swampert|Swampert, F|100\/100\n|move|p2b: Ferrothorn|Leech Seed|p1a: Celesteela\n|-start|p1a: Celesteela|move: Leech Seed\n|move|p1a: Celesteela|Flamethrower|p2b: Ferrothorn\n|-supereffective|p2b: Ferrothorn\n|-damage|p2b: Ferrothorn|46\/100\n|move|p1b: Mawile|Substitute|p1b: Mawile\n|-start|p1b: Mawile|Substitute\n|-damage|p1b: Mawile|75\/100\n|\n|-weather|RainDance|[upkeep]\n|-heal|p2b: Ferrothorn|52\/100|[from] item: Leftovers\n|-damage|p1a: Celesteela|88\/100|[from] Leech Seed|[of] p2b: Ferrothorn\n|-heal|p2b: Ferrothorn|64\/100|[silent]\n|upkeep\n|turn|5\n|\n|t:|1695210250\n|switch|p1a: Indeedee|Indeedee-F, F|100\/100\n|-enditem|p1a: Indeedee|Psychic Seed\n|-boost|p1a: Indeedee|spd|1|[from] item: Psychic Seed\n|detailschange|p2a: Swampert|Swampert-Mega, F\n|-mega|p2a: Swampert|Swampert|Swampertite\n|move|p2b: Ferrothorn|Protect|p2b: Ferrothorn\n|-singleturn|p2b: Ferrothorn|Protect\n|move|p1b: Mawile|Swords Dance|p1b: Mawile\n|-boost|p1b: Mawile|atk|2\n|move|p2a: Swampert|Earthquake|p1b: Mawile|[spread] p1a,p1b\n|-activate|p2b: Ferrothorn|move: Protect\n|-supereffective|p1b: Mawile\n|-end|p1b: Mawile|Substitute\n|-damage|p1a: Indeedee|46\/100\n|\n|-weather|none\n|-heal|p2b: Ferrothorn|70\/100|[from] item: Leftovers\n|-fieldend|move: Trick Room\n|upkeep\n|turn|6\n|\n|t:|1695210274\n|switch|p2b: Zapdos|Zapdos|100\/100\n|-ability|p2b: Zapdos|Pressure\n|detailschange|p1b: Mawile|Mawile-Mega, F, shiny\n|-mega|p1b: Mawile|Mawile|Mawilite\n|move|p1b: Mawile|Sucker Punch|p2a: Swampert\n|-activate|p2a: Swampert|move: Psychic Terrain\n|move|p2a: Swampert|Earthquake|p1b: Mawile|[spread] p1a,p1b\n|-immune|p2b: Zapdos\n|-supereffective|p1b: Mawile\n|-damage|p1a: Indeedee|0 fnt\n|-damage|p1b: Mawile|0 fnt\n|faint|p1a: Indeedee\n|faint|p1b: Mawile\n|\n|upkeep\n|-message|MAWILE<3<3<3 forfeited.\n|\n|win|psng\n|raw|MAWILE&lt;3&lt;3&lt;3's rating: 1000 &rarr; <strong>1000<\/strong><br \/>(+0 for losing)\n|raw|psng's rating: 1027 &rarr; <strong>1060<\/strong><br \/>(+33 for winning)\n|l|\u2606MAWILE<3<3<3\n","uploadtime":1695210301,"views":9,"p1id":"mawile333","p2id":"psng","formatid":"gen9nationaldexdoubles","rating":1000,"private":0,"password":""}