{"id":"gen9nationaldexdoubles-1967139374","p1":"xiyunxia","p2":"mitsuri19","format":"[Gen 9] National Dex Doubles","log":"|j|\u2606xiyunxia\n|j|\u2606mitsuri19\n|t:|1697259727\n|gametype|doubles\n|player|p1|xiyunxia|swimmerf-gen4|1169\n|player|p2|mitsuri19|clerkf|1025\n|teamsize|p1|6\n|teamsize|p2|6\n|gen|9\n|tier|[Gen 9] National Dex Doubles\n|rated|\n|rule|HP Percentage Mod: HP is shown in percentages\n|rule|Endless Battle Clause: Forcing endless battles is banned\n|rule|OHKO Clause: OHKO moves are banned\n|rule|Evasion Moves Clause: Evasion moves are banned\n|rule|Evasion Abilities Clause: Evasion abilities are banned\n|rule|Species Clause: Limit one of each Pok\u00e9mon\n|rule|Gravity Sleep Clause: The combination of sleep-inducing moves with imperfect accuracy and Gravity or Gigantamax Orbeetle are banned\n|clearpoke\n|poke|p1|Maushold-Four|\n|poke|p1|Dudunsparce-*, M|\n|poke|p1|Diancie|\n|poke|p1|Urshifu-*, M|\n|poke|p1|Flamigo, F|\n|poke|p1|Tornadus, M|\n|poke|p2|Ninetales-Alola, F|\n|poke|p2|Froslass, F|\n|poke|p2|Cresselia, F|\n|poke|p2|Glaceon, F|\n|poke|p2|Milotic, F|\n|poke|p2|Chi-Yu|\n|teampreview\n|inactive|Battle timer is ON: inactive players will automatically lose when time's up. (requested by xiyunxia)\n|\n|t:|1697259737\n|start\n|switch|p1a: Maushold|Maushold-Four|100\/100\n|switch|p1b: Dudunsparce|Dudunsparce, M|100\/100\n|switch|p2a: frost|Ninetales-Alola, F|100\/100\n|switch|p2b: glacier|Froslass, F, shiny|100\/100\n|-weather|Snow|[from] ability: Snow Warning|[of] p2a: frost\n|turn|1\n|\n|t:|1697259767\n|-terastallize|p1b: Dudunsparce|Ghost\n|move|p1a: Maushold|Beat Up|p1b: Dudunsparce\n|-supereffective|p1b: Dudunsparce\n|-damage|p1b: Dudunsparce|98\/100\n|-ability|p1b: Dudunsparce|Rattled|boost\n|-boost|p1b: Dudunsparce|spe|1\n|-enditem|p1b: Dudunsparce|Weakness Policy\n|-boost|p1b: Dudunsparce|atk|2|[from] item: Weakness Policy\n|-boost|p1b: Dudunsparce|spa|2|[from] item: Weakness Policy\n|-supereffective|p1b: Dudunsparce\n|-damage|p1b: Dudunsparce|95\/100\n|-ability|p1b: Dudunsparce|Rattled|boost\n|-boost|p1b: Dudunsparce|spe|1\n|-supereffective|p1b: Dudunsparce\n|-damage|p1b: Dudunsparce|91\/100\n|-ability|p1b: Dudunsparce|Rattled|boost\n|-boost|p1b: Dudunsparce|spe|1\n|-supereffective|p1b: Dudunsparce\n|-damage|p1b: Dudunsparce|88\/100\n|-ability|p1b: Dudunsparce|Rattled|boost\n|-boost|p1b: Dudunsparce|spe|1\n|-supereffective|p1b: Dudunsparce\n|-damage|p1b: Dudunsparce|85\/100\n|-ability|p1b: Dudunsparce|Rattled|boost\n|-boost|p1b: Dudunsparce|spe|1\n|-supereffective|p1b: Dudunsparce\n|-damage|p1b: Dudunsparce|82\/100\n|-ability|p1b: Dudunsparce|Rattled|boost\n|-boost|p1b: Dudunsparce|spe|1\n|-hitcount|p1b: Dudunsparce|6\n|move|p1b: Dudunsparce|Coil|p1b: Dudunsparce\n|-boost|p1b: Dudunsparce|atk|1\n|-boost|p1b: Dudunsparce|def|1\n|-boost|p1b: Dudunsparce|accuracy|1\n|move|p2b: glacier|Aurora Veil|p2b: glacier\n|-sidestart|p2: mitsuri19|move: Aurora Veil\n|move|p2a: frost|Substitute|p2a: frost\n|-start|p2a: frost|Substitute\n|-damage|p2a: frost|76\/100\n|\n|-weather|Snow|[upkeep]\n|upkeep\n|turn|2\n|inactive|mitsuri19 has 120 seconds left.\n|\n|t:|1697259814\n|move|p1b: Dudunsparce|Baton Pass|p1b: Dudunsparce\n|\n|t:|1697259817\n|switch|p1b: Diancie|Diancie|100\/100|[from] Baton Pass\n|move|p1a: Maushold|Encore|p2b: glacier\n|-start|p2b: glacier|Encore\n|move|p2b: glacier|Aurora Veil||[still]\n|-fail|p2b: glacier\n|move|p2a: frost|Calm Mind|p2a: frost\n|-boost|p2a: frost|spa|1\n|-boost|p2a: frost|spd|1\n|\n|-weather|Snow|[upkeep]\n|upkeep\n|turn|3\n|inactive|mitsuri19 has 120 seconds left.\n|\n|t:|1697259854\n|detailschange|p1b: Diancie|Diancie-Mega\n|-mega|p1b: Diancie|Diancie|Diancite\n|move|p1b: Diancie|Diamond Storm|p2b: glacier|[spread] p2a,p2b\n|-supereffective|p2a: frost\n|-end|p2a: frost|Substitute\n|-supereffective|p2b: glacier\n|-damage|p2b: glacier|0 fnt\n|-boost|p1b: Diancie|def|2\n|faint|p2b: glacier\n|move|p1a: Maushold|Encore|p2a: frost\n|-start|p2a: frost|Encore\n|move|p2a: frost|Calm Mind|p2a: frost\n|-boost|p2a: frost|spa|1\n|-boost|p2a: frost|spd|1\n|\n|-weather|Snow|[upkeep]\n|upkeep\n|inactive|mitsuri19 has 90 seconds left.\n|\n|t:|1697259874\n|switch|p2b: ember|Chi-Yu|100\/100\n|-ability|p2b: ember|Beads of Ruin\n|turn|4\n|\n|t:|1697259888\n|-terastallize|p2b: ember|Water\n|move|p1a: Maushold|Follow Me|p1a: Maushold\n|-singleturn|p1a: Maushold|move: Follow Me\n|move|p1b: Diancie|Diamond Storm|p2a: frost|[spread] p2a,p2b\n|-supereffective|p2a: frost\n|-damage|p2a: frost|0 fnt\n|-damage|p2b: ember|0 fnt\n|faint|p2a: frost\n|faint|p2b: ember\n|\n|-weather|Snow|[upkeep]\n|upkeep\n|\n|t:|1697259903\n|switch|p2a: coral|Milotic, F|100\/100\n|switch|p2b: luna|Cresselia, F|100\/100\n|turn|5\n|\n|t:|1697259924\n|move|p2a: coral|Protect|p2a: coral\n|-singleturn|p2a: coral|Protect\n|move|p1b: Diancie|Diamond Storm|p2a: coral|[spread] p2b\n|-activate|p2a: coral|move: Protect\n|-damage|p2b: luna|51\/100\n|move|p1a: Maushold|Taunt|p2b: luna\n|-start|p2b: luna|move: Taunt\n|move|p2b: luna|Ice Beam|p1b: Diancie\n|-damage|p1b: Diancie|79\/100\n|\n|-weather|Snow|[upkeep]\n|-sideend|p2: mitsuri19|move: Aurora Veil\n|-status|p2a: coral|brn|[from] item: Flame Orb\n|upkeep\n|turn|6\n|inactive|mitsuri19 has 120 seconds left.\n|\n|t:|1697259958\n|switch|p1a: Flamigo|Flamigo, F|100\/100\n|-copyboost|p1a: Flamigo|p1b: Diancie|[from] ability: Costar\n|move|p1b: Diancie|Diamond Storm|p2a: coral|[spread] p2a,p2b\n|-crit|p2a: coral\n|-damage|p2a: coral|0 fnt\n|-damage|p2b: luna|0 fnt\n|faint|p2a: coral\n|faint|p2b: luna\n|\n|-weather|Snow|[upkeep]\n|upkeep\n|inactive|mitsuri19 has 90 seconds left.\n|\n|t:|1697259975\n|switch|p2a: snowflake|Glaceon, F, shiny|100\/100\n|turn|7\n|\n|t:|1697259984\n|move|p2a: snowflake|Detect|p2a: snowflake\n|-singleturn|p2a: snowflake|Protect\n|move|p1b: Diancie|Diamond Storm|p2a: snowflake\n|-activate|p2a: snowflake|move: Protect\n|move|p1a: Flamigo|Close Combat|p2a: snowflake\n|-activate|p2a: snowflake|move: Protect\n|\n|-weather|Snow|[upkeep]\n|upkeep\n|turn|8\n|inactive|mitsuri19 has 120 seconds left.\n|\n|t:|1697259996\n|move|p2a: snowflake|Detect||[still]\n|-fail|p2a: snowflake\n|move|p1b: Diancie|Diamond Storm|p2a: snowflake\n|-supereffective|p2a: snowflake\n|-damage|p2a: snowflake|0 fnt\n|faint|p2a: snowflake\n|\n|win|xiyunxia\n|raw|xiyunxia's rating: 1169 &rarr; <strong>1184<\/strong><br \/>(+15 for winning)\n|raw|mitsuri19's rating: 1025 &rarr; <strong>1017<\/strong><br \/>(-8 for losing)\n","uploadtime":1697260003,"views":13,"p1id":"xiyunxia","p2id":"mitsuri19","formatid":"gen9nationaldexdoubles","rating":1017,"private":0,"password":""}