{"id":"gen9nationaldexdoubles-1955680052","p1":"GambitWasTKn","p2":"rm warc","format":"[Gen 9] National Dex Doubles","log":"|j|\u2606GambitWasTKn\n|j|\u2606rm warc\n|t:|1696017841\n|gametype|doubles\n|player|p1|GambitWasTKn|2|1008\n|player|p2|rm warc|tuber|1058\n|teamsize|p1|6\n|teamsize|p2|6\n|gen|9\n|tier|[Gen 9] National Dex Doubles\n|rated|\n|rule|HP Percentage Mod: HP is shown in percentages\n|rule|Endless Battle Clause: Forcing endless battles is banned\n|rule|OHKO Clause: OHKO moves are banned\n|rule|Evasion Moves Clause: Evasion moves are banned\n|rule|Evasion Abilities Clause: Evasion abilities are banned\n|rule|Species Clause: Limit one of each Pok\u00e9mon\n|rule|Gravity Sleep Clause: The combination of sleep-inducing moves with imperfect accuracy and Gravity or Gigantamax Orbeetle are banned\n|clearpoke\n|poke|p1|Clefairy, M|\n|poke|p1|Slowking-Galar, F|\n|poke|p1|Torkoal, M|\n|poke|p1|Gothitelle, M|\n|poke|p1|Clodsire, M|\n|poke|p1|Gholdengo|\n|poke|p2|Smeargle, M|\n|poke|p2|Clefairy, M|\n|poke|p2|Landorus-Therian, M|\n|poke|p2|Chi-Yu|\n|poke|p2|Flutter Mane|\n|poke|p2|Jirachi|\n|teampreview\n|inactive|Battle timer is ON: inactive players will automatically lose when time's up. (requested by rm warc)\n|\n|t:|1696017867\n|start\n|switch|p1a: Clefairy|Clefairy, M, shiny|100\/100\n|switch|p1b: Slowking|Slowking-Galar, F, shiny|100\/100\n|switch|p2a: Landorus|Landorus-Therian, M|100\/100\n|switch|p2b: Flutter Mane|Flutter Mane, shiny|100\/100\n|-ability|p2a: Landorus|Intimidate|boost\n|-unboost|p1a: Clefairy|atk|1\n|-unboost|p1b: Slowking|atk|1\n|turn|1\n|\n|t:|1696017888\n|move|p2b: Flutter Mane|Protect|p2b: Flutter Mane\n|-singleturn|p2b: Flutter Mane|Protect\n|move|p1a: Clefairy|Follow Me|p1a: Clefairy\n|-singleturn|p1a: Clefairy|move: Follow Me\n|move|p2a: Landorus|Knock Off|p1a: Clefairy\n|-resisted|p1a: Clefairy\n|-damage|p1a: Clefairy|88\/100\n|-enditem|p1a: Clefairy|Eviolite|[from] move: Knock Off|[of] p2a: Landorus\n|move|p1b: Slowking|Trick Room|p1b: Slowking\n|-fieldstart|move: Trick Room|[of] p1b: Slowking\n|\n|upkeep\n|turn|2\n|inactive|GambitWasTKn has 120 seconds left.\n|\n|t:|1696017929\n|-end|p2b: Flutter Mane|Protosynthesis|[silent]\n|switch|p2b: Jirachi|Jirachi|100\/100\n|move|p1a: Clefairy|Helping Hand|p1b: Slowking\n|-singleturn|p1b: Slowking|Helping Hand|[of] p1a: Clefairy\n|move|p1b: Slowking|Scald|p2a: Landorus\n|-supereffective|p2a: Landorus\n|-damage|p2a: Landorus|22\/100\n|-enditem|p2a: Landorus|Iapapa Berry|[eat]\n|-heal|p2a: Landorus|56\/100|[from] item: Iapapa Berry\n|move|p2a: Landorus|Rock Slide|p1a: Clefairy|[spread] p1a,p1b\n|-damage|p1a: Clefairy|66\/100\n|-damage|p1b: Slowking|87\/100\n|\n|upkeep\n|turn|3\n|inactive|GambitWasTKn has 120 seconds left.\n|inactive|rm warc has 120 seconds left.\n|\n|t:|1696017966\n|switch|p2a: Clefairy|Clefairy, M|100\/100\n|move|p1a: Clefairy|Helping Hand|p1b: Slowking\n|-singleturn|p1b: Slowking|Helping Hand|[of] p1a: Clefairy\n|move|p1b: Slowking|Scald|p2a: Clefairy\n|-damage|p2a: Clefairy|75\/100\n|move|p2b: Jirachi|Iron Head|p1a: Clefairy\n|-supereffective|p1a: Clefairy\n|-damage|p1a: Clefairy|0 fnt\n|faint|p1a: Clefairy\n|\n|upkeep\n|inactive|GambitWasTKn has 120 seconds left.\n|\n|t:|1696017994\n|switch|p1a: Clodsire|Clodsire, M|100\/100\n|turn|4\n|inactive|GambitWasTKn has 120 seconds left.\n|\n|t:|1696018017\n|switch|p1b: Gothitelle|Gothitelle, M, shiny|100\/100\n|switch|p2a: Landorus|Landorus-Therian, M|56\/100\n|-ability|p2a: Landorus|Intimidate|boost\n|-unboost|p1a: Clodsire|atk|1\n|-unboost|p1b: Gothitelle|atk|1\n|move|p1a: Clodsire|Earthquake|p2a: Landorus|[spread] p1b,p2b\n|-immune|p2a: Landorus\n|-supereffective|p2b: Jirachi\n|-damage|p1b: Gothitelle|85\/100\n|-damage|p2b: Jirachi|70\/100\n|move|p2b: Jirachi|Iron Head|p1a: Clodsire\n|-damage|p1a: Clodsire|72\/100\n|\n|upkeep\n|turn|5\n|inactive|GambitWasTKn has 120 seconds left.\n|\n|t:|1696018044\n|move|p2b: Jirachi|Follow Me|p2b: Jirachi\n|-singleturn|p2b: Jirachi|move: Follow Me\n|move|p1a: Clodsire|Toxic Spikes|p2b: Jirachi\n|-sidestart|p2: rm warc|move: Toxic Spikes\n|move|p2a: Landorus|U-turn|p1b: Gothitelle\n|-supereffective|p1b: Gothitelle\n|-damage|p1b: Gothitelle|43\/100\n|\n|t:|1696018057\n|switch|p2a: Smeargle|Smeargle, M|100\/100|[from] U-turn\n|-status|p2a: Smeargle|psn\n|move|p1b: Gothitelle|Trick|p2b: Jirachi\n|-activate|p1b: Gothitelle|move: Trick|[of] p2b: Jirachi\n|-item|p2b: Jirachi|Choice Scarf|[from] move: Trick\n|-item|p1b: Gothitelle|Light Clay|[from] move: Trick\n|\n|-damage|p2a: Smeargle|88\/100 psn|[from] psn\n|-fieldend|move: Trick Room\n|-ability|p2a: Smeargle|Moody|boost\n|-boost|p2a: Smeargle|atk|2\n|-unboost|p2a: Smeargle|spe|1\n|upkeep\n|turn|6\n|inactive|GambitWasTKn has 120 seconds left.\n|\n|t:|1696018085\n|move|p2b: Jirachi|Follow Me|p2b: Jirachi\n|-singleturn|p2b: Jirachi|move: Follow Me\n|move|p2a: Smeargle|Shell Smash|p2a: Smeargle\n|-unboost|p2a: Smeargle|def|1\n|-unboost|p2a: Smeargle|spd|1\n|-boost|p2a: Smeargle|atk|2\n|-boost|p2a: Smeargle|spa|2\n|-boost|p2a: Smeargle|spe|2\n|move|p1a: Clodsire|Earthquake|p2a: Smeargle|[spread] p1b,p2a,p2b\n|-supereffective|p2b: Jirachi\n|-damage|p1b: Gothitelle|27\/100\n|-damage|p2a: Smeargle|27\/100 psn\n|-damage|p2b: Jirachi|44\/100\n|move|p1b: Gothitelle|Trick Room|p1b: Gothitelle\n|-fieldstart|move: Trick Room|[of] p1b: Gothitelle\n|\n|-damage|p2a: Smeargle|14\/100 psn|[from] psn\n|-ability|p2a: Smeargle|Moody|boost\n|-boost|p2a: Smeargle|spe|2\n|-unboost|p2a: Smeargle|spa|1\n|upkeep\n|turn|7\n|inactive|GambitWasTKn has 120 seconds left.\n|\n|t:|1696018134\n|move|p2b: Jirachi|Follow Me|p2b: Jirachi\n|-singleturn|p2b: Jirachi|move: Follow Me\n|move|p1a: Clodsire|Earthquake|p2b: Jirachi|[spread] p1b,p2a,p2b\n|-supereffective|p2b: Jirachi\n|-damage|p1b: Gothitelle|11\/100\n|-damage|p2a: Smeargle|0 fnt\n|-damage|p2b: Jirachi|13\/100\n|faint|p2a: Smeargle\n|move|p1b: Gothitelle|Stored Power|p2b: Jirachi\n|-resisted|p2b: Jirachi\n|-damage|p2b: Jirachi|12\/100\n|\n|upkeep\n|\n|t:|1696018141\n|switch|p2a: Landorus|Landorus-Therian, M|56\/100\n|-ability|p2a: Landorus|Intimidate|boost\n|-unboost|p1a: Clodsire|atk|1\n|-unboost|p1b: Gothitelle|atk|1\n|turn|8\n|inactive|GambitWasTKn has 120 seconds left.\n|\n|t:|1696018157\n|switch|p1a: Slowking|Slowking-Galar, F, shiny|100\/100\n|switch|p1b: Torkoal|Torkoal, M, shiny|100\/100\n|-weather|SunnyDay|[from] ability: Drought|[of] p1b: Torkoal\n|move|p2b: Jirachi|Follow Me|p2b: Jirachi\n|-singleturn|p2b: Jirachi|move: Follow Me\n|move|p2a: Landorus|U-turn|p1b: Torkoal\n|-resisted|p1b: Torkoal\n|-damage|p1b: Torkoal|93\/100\n|\n|t:|1696018170\n|switch|p2a: Chi-Yu|Chi-Yu|100\/100|[from] U-turn\n|-status|p2a: Chi-Yu|psn\n|-ability|p2a: Chi-Yu|Beads of Ruin\n|\n|-weather|SunnyDay|[upkeep]\n|-damage|p2a: Chi-Yu|88\/100 psn|[from] psn\n|upkeep\n|turn|9\n|\n|t:|1696018197\n|switch|p2b: Landorus|Landorus-Therian, M|56\/100\n|-ability|p2b: Landorus|Intimidate|boost\n|-unboost|p1a: Slowking|atk|1\n|-unboost|p1b: Torkoal|atk|1\n|-enditem|p1b: Torkoal|Eject Pack\n|\n|t:|1696018205\n|switch|p1b: Clodsire|Clodsire, M|72\/100\n|move|p2a: Chi-Yu|Protect|p2a: Chi-Yu\n|-singleturn|p2a: Chi-Yu|Protect\n|move|p1a: Slowking|Scald|p2a: Chi-Yu\n|-activate|p2a: Chi-Yu|move: Protect\n|\n|-weather|SunnyDay|[upkeep]\n|-damage|p2a: Chi-Yu|76\/100 psn|[from] psn\n|upkeep\n|turn|10\n|inactive|GambitWasTKn has 120 seconds left.\n|\n|t:|1696018251\n|switch|p2a: Jirachi|Jirachi|12\/100\n|move|p1b: Clodsire|Toxic Spikes|p2b: Landorus\n|-sidestart|p2: rm warc|move: Toxic Spikes\n|move|p1a: Slowking|Scald|p2b: Landorus\n|-supereffective|p2b: Landorus\n|-damage|p2b: Landorus|29\/100\n|move|p2b: Landorus|Taunt|p1a: Slowking\n|-start|p1a: Slowking|move: Taunt\n|\n|-weather|SunnyDay|[upkeep]\n|-fieldend|move: Trick Room\n|upkeep\n|turn|11\n|inactive|GambitWasTKn has 120 seconds left.\n|\n|t:|1696018277\n|move|p2a: Jirachi|Iron Head|p1a: Slowking\n|-damage|p1a: Slowking|70\/100\n|move|p2b: Landorus|Knock Off|p1a: Slowking\n|-supereffective|p1a: Slowking\n|-damage|p1a: Slowking|3\/100\n|-enditem|p1a: Slowking|Focus Sash|[from] move: Knock Off|[of] p2b: Landorus\n|cant|p1a: Slowking|flinch\n|move|p1b: Clodsire|Iron Head|p2b: Landorus\n|-damage|p2b: Landorus|16\/100\n|\n|-weather|SunnyDay|[upkeep]\n|upkeep\n|turn|12\n|inactive|GambitWasTKn has 120 seconds left.\n|\n|t:|1696018301\n|move|p2a: Jirachi|Iron Head|p1b: Clodsire\n|-damage|p1b: Clodsire|44\/100\n|move|p2b: Landorus|U-turn|p1a: Slowking\n|-damage|p1a: Slowking|0 fnt\n|faint|p1a: Slowking\n|\n|t:|1696018309\n|switch|p2b: Clefairy|Clefairy, M|75\/100|[from] U-turn\n|-status|p2b: Clefairy|tox\n|cant|p1b: Clodsire|flinch\n|\n|-weather|none\n|-damage|p2b: Clefairy|68\/100 tox|[from] psn\n|upkeep\n|inactive|GambitWasTKn has 120 seconds left.\n|\n|t:|1696018330\n|switch|p1a: Gothitelle|Gothitelle, M, shiny|11\/100\n|turn|13\n|inactive|GambitWasTKn has 120 seconds left.\n|\n|t:|1696018341\n|move|p2b: Clefairy|Follow Me|p2b: Clefairy\n|-singleturn|p2b: Clefairy|move: Follow Me\n|move|p2a: Jirachi|Iron Head|p1b: Clodsire\n|-damage|p1b: Clodsire|19\/100\n|move|p1b: Clodsire|Earthquake|p2b: Clefairy|[spread] p1a,p2a,p2b\n|-supereffective|p2a: Jirachi\n|-damage|p1a: Gothitelle|0 fnt\n|-damage|p2a: Jirachi|0 fnt\n|-damage|p2b: Clefairy|36\/100 tox\n|faint|p1a: Gothitelle\n|faint|p2a: Jirachi\n|\n|-damage|p2b: Clefairy|24\/100 tox|[from] psn\n|upkeep\n|\n|t:|1696018361\n|switch|p2a: Landorus|Landorus-Therian, M|16\/100\n|switch|p1a: Gholdengo|Gholdengo|100\/100\n|-ability|p2a: Landorus|Intimidate|boost\n|-unboost|p1a: Gholdengo|atk|1\n|-unboost|p1b: Clodsire|atk|1\n|turn|14\n|c|\u2606rm warc|pog me up\n|inactive|GambitWasTKn has 120 seconds left.\n|\n|t:|1696018404\n|move|p2b: Clefairy|Follow Me|p2b: Clefairy\n|-singleturn|p2b: Clefairy|move: Follow Me\n|move|p2a: Landorus|Knock Off|p1a: Gholdengo\n|-supereffective|p1a: Gholdengo\n|-damage|p1a: Gholdengo|48\/100\n|-enditem|p1a: Gholdengo|Metal Coat|[from] move: Knock Off|[of] p2a: Landorus\n|move|p1a: Gholdengo|Make It Rain|p2a: Landorus|[spread] p2a,p2b\n|-supereffective|p2b: Clefairy\n|-damage|p2a: Landorus|0 fnt\n|-damage|p2b: Clefairy|0 fnt\n|-unboost|p1a: Gholdengo|spa|1\n|faint|p2a: Landorus\n|faint|p2b: Clefairy\n|move|p1b: Clodsire|Iron Head|p2: Landorus|[notarget]\n|-fail|p1b: Clodsire\n|\n|upkeep\n|\n|t:|1696018420\n|switch|p2a: Chi-Yu|Chi-Yu|76\/100 psn\n|switch|p2b: Flutter Mane|Flutter Mane, shiny|100\/100\n|-status|p2b: Flutter Mane|tox\n|-ability|p2a: Chi-Yu|Beads of Ruin\n|turn|15\n|\n|t:|1696018435\n|switch|p1a: Torkoal|Torkoal, M, shiny|93\/100\n|-weather|SunnyDay|[from] ability: Drought|[of] p1a: Torkoal\n|-activate|p2b: Flutter Mane|ability: Protosynthesis\n|-start|p2b: Flutter Mane|protosynthesisspe\n|-terastallize|p2b: Flutter Mane|Fairy\n|move|p2b: Flutter Mane|Dazzling Gleam|p1b: Clodsire|[spread] p1a,p1b\n|-resisted|p1a: Torkoal\n|-resisted|p1b: Clodsire\n|-damage|p1a: Torkoal|58\/100\n|-damage|p1b: Clodsire|0 fnt\n|faint|p1b: Clodsire\n|-damage|p2b: Flutter Mane|91\/100 tox|[from] item: Life Orb\n|move|p2a: Chi-Yu|Heat Wave|p1a: Torkoal\n|-resisted|p1a: Torkoal\n|-damage|p1a: Torkoal|7\/100\n|\n|-weather|SunnyDay|[upkeep]\n|-damage|p2b: Flutter Mane|85\/100 tox|[from] psn\n|-damage|p2a: Chi-Yu|63\/100 psn|[from] psn\n|upkeep\n|inactive|GambitWasTKn has 120 seconds left.\n|\n|t:|1696018452\n|switch|p1b: Gholdengo|Gholdengo|48\/100\n|turn|16\n|\n|t:|1696018462\n|-terastallize|p1b: Gholdengo|Steel\n|move|p2b: Flutter Mane|Dazzling Gleam|p1a: Torkoal|[spread] p1a,p1b\n|-resisted|p1a: Torkoal\n|-resisted|p1b: Gholdengo\n|-damage|p1a: Torkoal|0 fnt\n|-damage|p1b: Gholdengo|12\/100\n|faint|p1a: Torkoal\n|-damage|p2b: Flutter Mane|75\/100 tox|[from] item: Life Orb\n|move|p2a: Chi-Yu|Dark Pulse|p1b: Gholdengo\n|-damage|p1b: Gholdengo|0 fnt\n|faint|p1b: Gholdengo\n|\n|win|rm warc\n|raw|GambitWasTKn's rating: 1008 &rarr; <strong>1000<\/strong><br \/>(-8 for losing)\n|raw|rm warc's rating: 1058 &rarr; <strong>1085<\/strong><br \/>(+27 for winning)\n|l|\u2606GambitWasTKn\n","uploadtime":1696018479,"views":10,"p1id":"gambitwastkn","p2id":"rmwarc","formatid":"gen9nationaldexdoubles","rating":1000,"private":0,"password":""}