{"id":"gen9nationaldexdoubles-1980092636","p1":"I like bug alots","p2":"El Ryuk456","format":"[Gen 9] National Dex Doubles","log":"|j|\u2606I like bug alots\n|j|\u2606El Ryuk456\n|t:|1698756463\n|gametype|doubles\n|player|p1|I like bug alots|bugcatcher-gen4dp|1141\n|player|p2|El Ryuk456|ingo|1495\n|teamsize|p1|6\n|teamsize|p2|6\n|gen|9\n|tier|[Gen 9] National Dex Doubles\n|rated|\n|rule|HP Percentage Mod: HP is shown in percentages\n|rule|Endless Battle Clause: Forcing endless battles is banned\n|rule|OHKO Clause: OHKO moves are banned\n|rule|Evasion Moves Clause: Evasion moves are banned\n|rule|Evasion Abilities Clause: Evasion abilities are banned\n|rule|Species Clause: Limit one of each Pok\u00e9mon\n|rule|Gravity Sleep Clause: The combination of sleep-inducing moves with imperfect accuracy and Gravity or Gigantamax Orbeetle are banned\n|clearpoke\n|poke|p1|Revavroom, F|\n|poke|p1|Perrserker, M|\n|poke|p1|Heatran, M|\n|poke|p1|Scizor, F|\n|poke|p1|Bronzong|\n|poke|p1|Jirachi|\n|poke|p2|Tornadus, M|\n|poke|p2|Chi-Yu|\n|poke|p2|Krookodile, M|\n|poke|p2|Salamence, M|\n|poke|p2|Arcanine-Hisui, M|\n|poke|p2|Amoonguss, F|\n|teampreview\n|\n|t:|1698756497\n|start\n|switch|p1a: Perrserker|Perrserker, M|100\/100\n|switch|p1b: Heatran|Heatran, M|100\/100\n|switch|p2a: Tornadus|Tornadus, M|100\/100\n|switch|p2b: Chi-Yu|Chi-Yu|100\/100\n|-ability|p2b: Chi-Yu|Beads of Ruin\n|turn|1\n|\n|t:|1698756508\n|move|p1a: Perrserker|Fake Out|p2b: Chi-Yu\n|-damage|p2b: Chi-Yu|86\/100\n|move|p2a: Tornadus|Tailwind|p2a: Tornadus\n|-sidestart|p2: El Ryuk456|move: Tailwind\n|cant|p2b: Chi-Yu|flinch\n|move|p1b: Heatran|Roar|p2b: Chi-Yu\n|drag|p2b: Amoonguss|Amoonguss, F|100\/100\n|\n|upkeep\n|turn|2\n|\n|t:|1698756529\n|-terastallize|p2b: Amoonguss|Water\n|move|p2a: Tornadus|Taunt|p1b: Heatran\n|-start|p1b: Heatran|move: Taunt\n|move|p2b: Amoonguss|Spore|p1a: Perrserker\n|-status|p1a: Perrserker|slp|[from] move: Spore\n|cant|p1b: Heatran|move: Taunt|Stealth Rock\n|cant|p1a: Perrserker|slp\n|\n|upkeep\n|turn|3\n|\n|t:|1698756563\n|switch|p2a: Chi-Yu|Chi-Yu|86\/100\n|-ability|p2a: Chi-Yu|Beads of Ruin\n|move|p2b: Amoonguss|Spore|p1b: Heatran\n|-status|p1b: Heatran|slp|[from] move: Spore\n|cant|p1b: Heatran|slp\n|cant|p1a: Perrserker|slp\n|\n|upkeep\n|turn|4\n|\n|t:|1698756580\n|switch|p2b: Atraco|Krookodile, M|100\/100\n|-ability|p2b: Atraco|Intimidate|boost\n|-unboost|p1a: Perrserker|atk|1\n|-unboost|p1b: Heatran|atk|1\n|move|p2a: Chi-Yu|Snarl|p1b: Heatran|[spread] p1a,p1b\n|-damage|p1a: Perrserker|59\/100 slp\n|-damage|p1b: Heatran|84\/100 slp\n|-unboost|p1a: Perrserker|spa|1\n|-unboost|p1b: Heatran|spa|1\n|cant|p1b: Heatran|slp\n|cant|p1a: Perrserker|slp\n|\n|-heal|p1b: Heatran|90\/100 slp|[from] item: Leftovers\n|-end|p1b: Heatran|move: Taunt\n|-sideend|p2: El Ryuk456|move: Tailwind\n|upkeep\n|turn|5\n|\n|t:|1698756595\n|move|p2a: Chi-Yu|Snarl|p1a: Perrserker|[spread] p1a,p1b\n|-damage|p1a: Perrserker|16\/100 slp\n|-damage|p1b: Heatran|71\/100 slp\n|-unboost|p1a: Perrserker|spa|1\n|-unboost|p1b: Heatran|spa|1\n|move|p2b: Atraco|Snarl|p1a: Perrserker|[spread] p1a,p1b\n|-damage|p1a: Perrserker|0 fnt\n|-damage|p1b: Heatran|64\/100 slp\n|-unboost|p1b: Heatran|spa|1\n|faint|p1a: Perrserker\n|-curestatus|p1b: Heatran|slp|[msg]\n|move|p1b: Heatran|Earth Power|p2a: Chi-Yu\n|-supereffective|p2a: Chi-Yu\n|-damage|p2a: Chi-Yu|65\/100\n|\n|-heal|p1b: Heatran|70\/100|[from] item: Leftovers\n|upkeep\n|\n|t:|1698756607\n|switch|p1a: Scizor|Scizor, F|100\/100\n|turn|6\n|\n|t:|1698756617\n|switch|p2b: Blue Flame|Salamence, M|100\/100\n|-ability|p2b: Blue Flame|Intimidate|boost\n|-unboost|p1a: Scizor|atk|1\n|-unboost|p1b: Heatran|atk|1\n|detailschange|p1a: Scizor|Scizor-Mega, F\n|-mega|p1a: Scizor|Scizor|Scizorite\n|-zpower|p2a: Chi-Yu\n|move|p2a: Chi-Yu|Inferno Overdrive|p1a: Scizor|[zeffect]\n|-supereffective|p1a: Scizor\n|-damage|p1a: Scizor|0 fnt\n|faint|p1a: Scizor\n|move|p1b: Heatran|Stealth Rock|p2a: Chi-Yu\n|-sidestart|p2: El Ryuk456|move: Stealth Rock\n|\n|-heal|p1b: Heatran|77\/100|[from] item: Leftovers\n|upkeep\n|-message|I like bug alots forfeited.\n|\n|win|El Ryuk456\n|raw|I like bug alots's rating: 1141 &rarr; <strong>1135<\/strong><br \/>(-6 for losing)\n|raw|El Ryuk456's rating: 1495 &rarr; <strong>1500<\/strong><br \/>(+5 for winning)\n|l|\u2606I like bug alots\n","uploadtime":1698756636,"views":7,"p1id":"ilikebugalots","p2id":"elryuk456","formatid":"gen9nationaldexdoubles","rating":1135,"private":0,"password":""}