{"id":"gen9nationaldexdoubles-1964309806","p1":"Ratop","p2":"nombre epico.jpg","format":"[Gen 9] National Dex Doubles","log":"|j|\u2606Ratop\n|j|\u2606nombre epico.jpg\n|t:|1696958614\n|gametype|doubles\n|player|p1|Ratop|artist|1211\n|player|p2|nombre epico.jpg|mallow-masters|1379\n|teamsize|p1|6\n|teamsize|p2|6\n|gen|9\n|tier|[Gen 9] National Dex Doubles\n|rated|\n|rule|HP Percentage Mod: HP is shown in percentages\n|rule|Endless Battle Clause: Forcing endless battles is banned\n|rule|OHKO Clause: OHKO moves are banned\n|rule|Evasion Moves Clause: Evasion moves are banned\n|rule|Evasion Abilities Clause: Evasion abilities are banned\n|rule|Species Clause: Limit one of each Pok\u00e9mon\n|rule|Gravity Sleep Clause: The combination of sleep-inducing moves with imperfect accuracy and Gravity or Gigantamax Orbeetle are banned\n|clearpoke\n|poke|p1|Noivern, M|\n|poke|p1|Garchomp, F|\n|poke|p1|Dragapult, F|\n|poke|p1|Kommo-o, F|\n|poke|p1|Charizard, M|\n|poke|p1|Dragonite, F|\n|poke|p2|Roaring Moon|\n|poke|p2|Mawile, F|\n|poke|p2|Tyranitar, M|\n|poke|p2|Excadrill, M|\n|poke|p2|Tapu Lele|\n|poke|p2|Tornadus, M|\n|teampreview\n|\n|t:|1696958630\n|start\n|switch|p1a: Noivern|Noivern, M|100\/100\n|switch|p1b: Kommo-o|Kommo-o, F|100\/100\n|switch|p2a: Tornadus|Tornadus, M, shiny|100\/100\n|switch|p2b: Tapu Lele|Tapu Lele, shiny|100\/100\n|-fieldstart|move: Psychic Terrain|[from] ability: Psychic Surge|[of] p2b: Tapu Lele\n|turn|1\n|\n|t:|1696958644\n|switch|p1b: Charizard|Charizard, M|100\/100\n|move|p2a: Tornadus|Tailwind|p2a: Tornadus\n|-sidestart|p2: nombre epico.jpg|move: Tailwind\n|move|p2b: Tapu Lele|Dazzling Gleam|p1a: Noivern|[spread] p1a,p1b\n|-supereffective|p1a: Noivern\n|-resisted|p1b: Charizard\n|-enditem|p1a: Noivern|Focus Sash\n|-damage|p1a: Noivern|1\/100\n|-damage|p1b: Charizard|69\/100\n|move|p1a: Noivern|Tailwind|p1a: Noivern\n|-sidestart|p1: Ratop|move: Tailwind\n|\n|upkeep\n|turn|2\n|\n|t:|1696958663\n|detailschange|p1b: Charizard|Charizard-Mega-X, M\n|-mega|p1b: Charizard|Charizard|Charizardite X\n|move|p2a: Tornadus|Sandstorm|p2a: Tornadus\n|-weather|Sandstorm\n|move|p1a: Noivern|Draco Meteor|p2a: Tornadus\n|-damage|p2a: Tornadus|38\/100\n|-unboost|p1a: Noivern|spa|2\n|move|p1b: Charizard|Flare Blitz|p2b: Tapu Lele\n|-damage|p2b: Tapu Lele|0 fnt\n|faint|p2b: Tapu Lele\n|-damage|p1b: Charizard|36\/100|[from] Recoil\n|\n|-weather|Sandstorm|[upkeep]\n|-damage|p1a: Noivern|0 fnt|[from] Sandstorm\n|-damage|p1b: Charizard|30\/100|[from] Sandstorm\n|-damage|p2a: Tornadus|32\/100|[from] Sandstorm\n|faint|p1a: Noivern\n|upkeep\n|\n|t:|1696958681\n|switch|p1a: Kommo-o|Kommo-o, F|100\/100\n|switch|p2b: Excadrill|Excadrill, M, shiny|100\/100\n|turn|3\n|\n|t:|1696958693\n|move|p1b: Charizard|Protect|p1b: Charizard\n|-singleturn|p1b: Charizard|Protect\n|move|p2b: Excadrill|Earthquake|p1b: Charizard|[spread] p1a\n|-activate|p1b: Charizard|move: Protect\n|-immune|p2a: Tornadus\n|-damage|p1a: Kommo-o|57\/100\n|-zpower|p1a: Kommo-o\n|move|p1a: Kommo-o|Clangorous Soulblaze|p2a: Tornadus|[zeffect]|[spread] p2a,p2b\n|-resisted|p2b: Excadrill\n|-damage|p2a: Tornadus|0 fnt\n|-damage|p2b: Excadrill|62\/100\n|faint|p2a: Tornadus\n|-boost|p1a: Kommo-o|atk|1\n|-boost|p1a: Kommo-o|def|1\n|-boost|p1a: Kommo-o|spa|1\n|-boost|p1a: Kommo-o|spd|1\n|-boost|p1a: Kommo-o|spe|1\n|\n|-weather|Sandstorm|[upkeep]\n|-damage|p1a: Kommo-o|51\/100|[from] Sandstorm\n|-damage|p1b: Charizard|24\/100|[from] Sandstorm\n|upkeep\n|\n|t:|1696958716\n|switch|p2a: Roaring Moon|Roaring Moon|100\/100\n|-enditem|p2a: Roaring Moon|Booster Energy\n|-activate|p2a: Roaring Moon|ability: Protosynthesis|[fromitem]\n|-start|p2a: Roaring Moon|protosynthesisatk\n|turn|4\n|\n|t:|1696958729\n|-terastallize|p2a: Roaring Moon|Steel\n|move|p2b: Excadrill|Rock Slide|p1b: Charizard|[spread] p1a,p1b\n|-resisted|p1a: Kommo-o\n|-supereffective|p1b: Charizard\n|-damage|p1a: Kommo-o|45\/100\n|-damage|p1b: Charizard|0 fnt\n|faint|p1b: Charizard\n|cant|p1a: Kommo-o|flinch\n|move|p2a: Roaring Moon|Dragon Claw|p1a: Kommo-o\n|-supereffective|p1a: Kommo-o\n|-damage|p1a: Kommo-o|0 fnt\n|faint|p1a: Kommo-o\n|\n|-weather|Sandstorm|[upkeep]\n|-sideend|p1: Ratop|move: Tailwind\n|-sideend|p2: nombre epico.jpg|move: Tailwind\n|upkeep\n|\n|t:|1696958743\n|switch|p1b: Dragapult|Dragapult, F|100\/100\n|switch|p1a: Dragonite|Dragonite, F|100\/100\n|turn|5\n|\n|t:|1696958756\n|move|p1b: Dragapult|Protect|p1b: Dragapult\n|-singleturn|p1b: Dragapult|Protect\n|move|p2b: Excadrill|Rock Slide|p1a: Dragonite|[spread] p1a\n|-activate|p1b: Dragapult|move: Protect\n|-supereffective|p1a: Dragonite\n|-damage|p1a: Dragonite|79\/100\n|-enditem|p1a: Dragonite|Weakness Policy\n|-boost|p1a: Dragonite|atk|2|[from] item: Weakness Policy\n|-boost|p1a: Dragonite|spa|2|[from] item: Weakness Policy\n|move|p2a: Roaring Moon|Dragon Claw|p1b: Dragapult\n|-activate|p1b: Dragapult|move: Protect\n|move|p1a: Dragonite|Dragon Dance|p1a: Dragonite\n|-boost|p1a: Dragonite|atk|1\n|-boost|p1a: Dragonite|spe|1\n|\n|-weather|Sandstorm|[upkeep]\n|-damage|p1b: Dragapult|95\/100|[from] Sandstorm\n|-damage|p1a: Dragonite|73\/100|[from] Sandstorm\n|-fieldend|move: Psychic Terrain\n|upkeep\n|turn|6\n|\n|t:|1696958779\n|-terastallize|p1a: Dragonite|Normal\n|move|p2b: Excadrill|Rock Slide|p1b: Dragapult|[spread] p1a,p1b\n|-damage|p1a: Dragonite|53\/100\n|-damage|p1b: Dragapult|62\/100\n|move|p1b: Dragapult|Dragon Darts|p2b: Excadrill\n|-resisted|p2b: Excadrill\n|-damage|p2b: Excadrill|45\/100\n|-anim|p1b: Dragapult|Dragon Darts|p2a: Roaring Moon\n|-resisted|p2a: Roaring Moon\n|-damage|p2a: Roaring Moon|87\/100\n|move|p2a: Roaring Moon|Dragon Claw|p1a: Dragonite\n|-damage|p1a: Dragonite|2\/100\n|move|p1a: Dragonite|Fire Punch|p2a: Roaring Moon\n|-supereffective|p2a: Roaring Moon\n|-damage|p2a: Roaring Moon|0 fnt\n|faint|p2a: Roaring Moon\n|-end|p2a: Roaring Moon|Protosynthesis|[silent]\n|\n|-weather|none\n|upkeep\n|\n|t:|1696958800\n|switch|p2a: Tyranitar|Tyranitar, M|100\/100\n|-weather|Sandstorm|[from] ability: Sand Stream|[of] p2a: Tyranitar\n|turn|7\n|\n|t:|1696958810\n|move|p1a: Dragonite|Extreme Speed|p2b: Excadrill\n|-resisted|p2b: Excadrill\n|-damage|p2b: Excadrill|0 fnt\n|faint|p2b: Excadrill\n|move|p1b: Dragapult|Dragon Darts|p2a: Tyranitar\n|-damage|p2a: Tyranitar|79\/100\n|-anim|p1b: Dragapult|Dragon Darts|p2a: Tyranitar\n|-crit|p2a: Tyranitar\n|-damage|p2a: Tyranitar|49\/100\n|move|p2a: Tyranitar|Crunch|p1b: Dragapult\n|-supereffective|p1b: Dragapult\n|-damage|p1b: Dragapult|0 fnt\n|faint|p1b: Dragapult\n|\n|-weather|Sandstorm|[upkeep]\n|-damage|p1a: Dragonite|0 fnt|[from] Sandstorm\n|faint|p1a: Dragonite\n|upkeep\n|\n|t:|1696958826\n|switch|p1b: Garchomp|Garchomp, F|100\/100\n|switch|p2b: Mawile|Mawile, F|100\/100\n|-ability|p2b: Mawile|Intimidate|boost\n|-unboost|p1b: Garchomp|atk|1\n|turn|8\n|\n|t:|1696958837\n|detailschange|p2b: Mawile|Mawile-Mega, F\n|-mega|p2b: Mawile|Mawile|Mawilite\n|move|p1b: Garchomp|Earthquake|p2a: Tyranitar|[spread] p2a,p2b\n|-supereffective|p2a: Tyranitar\n|-supereffective|p2b: Mawile\n|-damage|p2a: Tyranitar|0 fnt\n|-damage|p2b: Mawile|27\/100\n|faint|p2a: Tyranitar\n|-damage|p1b: Garchomp|91\/100|[from] item: Life Orb\n|move|p2b: Mawile|Play Rough|p1b: Garchomp\n|-supereffective|p1b: Garchomp\n|-damage|p1b: Garchomp|0 fnt\n|-damage|p2b: Mawile|14\/100|[from] ability: Rough Skin|[of] p1b: Garchomp\n|faint|p1b: Garchomp\n|\n|win|nombre epico.jpg\n|raw|Ratop's rating: 1211 &rarr; <strong>1197<\/strong><br \/>(-14 for losing)\n|raw|nombre epico.jpg's rating: 1379 &rarr; <strong>1390<\/strong><br \/>(+11 for winning)\n|l|\u2606Ratop\n","uploadtime":1696958859,"views":6,"p1id":"ratop","p2id":"nombreepicojpg","formatid":"gen9nationaldexdoubles","rating":1197,"private":0,"password":""}