{"id":"gen9nationaldexdoubles-1985097439","p1":"Fold3","p2":"fumbari 24","format":"[Gen 9] National Dex Doubles","log":"|j|\u2606Fold3\n|j|\u2606fumbari 24\n|t:|1699330459\n|gametype|doubles\n|player|p1|Fold3|169|1111\n|player|p2|fumbari 24|hilbert|1209\n|teamsize|p1|6\n|teamsize|p2|6\n|gen|9\n|tier|[Gen 9] National Dex Doubles\n|rated|\n|rule|HP Percentage Mod: HP is shown in percentages\n|rule|Endless Battle Clause: Forcing endless battles is banned\n|rule|OHKO Clause: OHKO moves are banned\n|rule|Evasion Moves Clause: Evasion moves are banned\n|rule|Evasion Abilities Clause: Evasion abilities are banned\n|rule|Species Clause: Limit one of each Pok\u00e9mon\n|rule|Gravity Sleep Clause: The combination of sleep-inducing moves with imperfect accuracy and Gravity or Gigantamax Orbeetle are banned\n|clearpoke\n|poke|p1|Volcarona, M|\n|poke|p1|Sandslash-Alola, F|\n|poke|p1|Oricorio-Pom-Pom, M|\n|poke|p1|Abomasnow, F|\n|poke|p1|Azumarill, M|\n|poke|p1|Armarouge, M|\n|poke|p2|Manectric, M|\n|poke|p2|Crobat, F|\n|poke|p2|Boltund, M|\n|poke|p2|Lucario, M|\n|poke|p2|Tinkaton, F|\n|poke|p2|Arboliva, F|\n|teampreview\n|\n|t:|1699330490\n|start\n|switch|p1a: Volcarona|Volcarona, M|100\/100\n|switch|p1b: Oricorio|Oricorio-Pom-Pom, M|100\/100\n|switch|p2a: Crobat|Crobat, F, shiny|100\/100\n|switch|p2b: Olivia|Arboliva, F|100\/100\n|turn|1\n|\n|t:|1699330503\n|move|p2a: Crobat|Taunt|p1a: Volcarona\n|-start|p1a: Volcarona|move: Taunt\n|cant|p1a: Volcarona|move: Taunt|Quiver Dance\n|move|p1b: Oricorio|Revelation Dance|p2a: Crobat\n|-supereffective|p2a: Crobat\n|-damage|p2a: Crobat|34\/100\n|move|p2b: Olivia|Hyper Voice|p1a: Volcarona|[spread] p1a,p1b\n|-damage|p1a: Volcarona|64\/100\n|-damage|p1b: Oricorio|71\/100\n|\n|-heal|p1b: Oricorio|78\/100|[from] item: Leftovers\n|upkeep\n|turn|2\n|\n|t:|1699330525\n|switch|p2a: Manectric|Manectric, M, shiny|100\/100\n|move|p1a: Volcarona|Fiery Dance|p2b: Olivia\n|-supereffective|p2b: Olivia\n|-damage|p2b: Olivia|0 fnt\n|-fieldstart|move: Grassy Terrain|[from] ability: Seed Sower|[of] p2b: Olivia\n|faint|p2b: Olivia\n|-damage|p1a: Volcarona|54\/100|[from] item: Life Orb\n|-activate|p1b: Oricorio|ability: Dancer\n|move|p1b: Oricorio|Fiery Dance|p2a: Manectric|[from]ability: Dancer\n|-damage|p2a: Manectric|74\/100\n|-boost|p1b: Oricorio|spa|1\n|move|p1b: Oricorio|Revelation Dance|p2a: Manectric\n|-ability|p2a: Manectric|Lightning Rod|boost\n|-boost|p2a: Manectric|spa|1\n|\n|-heal|p2a: Manectric|80\/100|[from] Grassy Terrain\n|-heal|p1a: Volcarona|60\/100|[from] Grassy Terrain\n|-heal|p1b: Oricorio|84\/100|[from] item: Leftovers\n|upkeep\n|\n|t:|1699330547\n|switch|p2b: Boltund|Boltund, M|100\/100\n|turn|3\n|\n|t:|1699330572\n|detailschange|p2a: Manectric|Manectric-Mega, M, shiny\n|-mega|p2a: Manectric|Manectric|Manectite\n|-ability|p2a: Manectric|Intimidate|boost\n|-unboost|p1a: Volcarona|atk|1\n|-unboost|p1b: Oricorio|atk|1\n|-terastallize|p2b: Boltund|Ground\n|move|p2a: Manectric|Discharge|p1b: Oricorio|[spread] p1a,p1b\n|-immune|p2b: Boltund\n|-crit|p1b: Oricorio\n|-damage|p1a: Volcarona|17\/100\n|-damage|p1b: Oricorio|31\/100\n|-status|p1a: Volcarona|par\n|move|p2b: Boltund|Electrify|p1a: Volcarona\n|-singleturn|p1a: Volcarona|move: Electrify\n|move|p1b: Oricorio|Hurricane|p2b: Boltund|[miss]\n|-miss|p1b: Oricorio|p2b: Boltund\n|move|p1a: Volcarona|Fiery Dance|p2a: Manectric\n|-resisted|p2a: Manectric\n|-damage|p2a: Manectric|60\/100\n|-damage|p1a: Volcarona|7\/100 par|[from] item: Life Orb\n|-activate|p1b: Oricorio|ability: Dancer\n|move|p1b: Oricorio|Fiery Dance|p2a: Manectric|[from]ability: Dancer\n|-damage|p2a: Manectric|32\/100\n|\n|-heal|p2a: Manectric|38\/100|[from] Grassy Terrain\n|-heal|p1b: Oricorio|37\/100|[from] item: Leftovers\n|-heal|p1a: Volcarona|13\/100 par|[from] Grassy Terrain\n|-end|p1a: Volcarona|move: Taunt\n|upkeep\n|turn|4\n|\n|t:|1699330607\n|move|p2a: Manectric|Discharge|p1b: Oricorio|[spread] p1a,p1b\n|-immune|p2b: Boltund\n|-damage|p1a: Volcarona|0 fnt\n|-damage|p1b: Oricorio|3\/100\n|faint|p1a: Volcarona\n|move|p2b: Boltund|Thunderbolt|p1b: Oricorio\n|-damage|p1b: Oricorio|0 fnt\n|faint|p1b: Oricorio\n|\n|-heal|p2a: Manectric|44\/100|[from] Grassy Terrain\n|upkeep\n|\n|t:|1699330625\n|switch|p1a: Sandslash|Sandslash-Alola, F|100\/100\n|switch|p1b: Abomasnow|Abomasnow, F|100\/100\n|-weather|Snow|[from] ability: Snow Warning|[of] p1b: Abomasnow\n|turn|5\n|\n|t:|1699330641\n|switch|p2b: Tinkaton|Tinkaton, F|100\/100\n|-ability|p2b: Tinkaton|Mold Breaker\n|move|p2a: Manectric|Protect|p2a: Manectric\n|-singleturn|p2a: Manectric|Protect\n|move|p1a: Sandslash|Earthquake|p2b: Tinkaton|[spread] p1b,p2b\n|-activate|p2a: Manectric|move: Protect\n|-resisted|p1b: Abomasnow\n|-supereffective|p2b: Tinkaton\n|-damage|p1b: Abomasnow|96\/100\n|-damage|p2b: Tinkaton|76\/100\n|-enditem|p2b: Tinkaton|Red Card|[of] p1a: Sandslash\n|drag|p1a: Armarouge|Armarouge, M|100\/100\n|move|p1b: Abomasnow|Blizzard|p2b: Tinkaton|[spread] p2b\n|-activate|p2a: Manectric|move: Protect\n|-resisted|p2b: Tinkaton\n|-damage|p2b: Tinkaton|64\/100\n|\n|-weather|Snow|[upkeep]\n|-heal|p2a: Manectric|50\/100|[from] Grassy Terrain\n|-heal|p2b: Tinkaton|70\/100|[from] Grassy Terrain\n|-heal|p1b: Abomasnow|100\/100|[from] Grassy Terrain\n|upkeep\n|turn|6\n|\n|t:|1699330681\n|switch|p1b: Azumarill|Azumarill, M|100\/100\n|move|p2b: Tinkaton|Fake Out|p1b: Azumarill\n|-damage|p1b: Azumarill|93\/100\n|move|p2a: Manectric|Snarl|p1b: Azumarill|[spread] p1a,p1b\n|-supereffective|p1a: Armarouge\n|-resisted|p1b: Azumarill\n|-damage|p1a: Armarouge|58\/100\n|-damage|p1b: Azumarill|84\/100\n|-enditem|p1a: Armarouge|Enigma Berry|[eat]\n|-heal|p1a: Armarouge|83\/100|[from] item: Enigma Berry|[of] p2a: Manectric\n|-unboost|p1a: Armarouge|spa|1\n|-unboost|p1b: Azumarill|spa|1\n|move|p1a: Armarouge|Armor Cannon|p2b: Tinkaton\n|-supereffective|p2b: Tinkaton\n|-damage|p2b: Tinkaton|0 fnt\n|-unboost|p1a: Armarouge|def|1\n|-unboost|p1a: Armarouge|spd|1\n|faint|p2b: Tinkaton\n|\n|-weather|Snow|[upkeep]\n|-heal|p2a: Manectric|57\/100|[from] Grassy Terrain\n|-heal|p1a: Armarouge|89\/100|[from] Grassy Terrain\n|-heal|p1b: Azumarill|90\/100|[from] Grassy Terrain\n|-fieldend|move: Grassy Terrain\n|upkeep\n|\n|t:|1699330702\n|switch|p2b: Boltund|Boltund, M, tera:Ground|100\/100\n|turn|7\n|\n|t:|1699330714\n|move|p2a: Manectric|Discharge|p1b: Azumarill|[spread] p1a,p1b\n|-immune|p2b: Boltund\n|-supereffective|p1b: Azumarill\n|-damage|p1a: Armarouge|18\/100\n|-damage|p1b: Azumarill|12\/100\n|-enditem|p1b: Azumarill|Sitrus Berry|[eat]\n|-heal|p1b: Azumarill|37\/100|[from] item: Sitrus Berry\n|move|p2b: Boltund|Snarl|p1a: Armarouge|[spread] p1a,p1b\n|-supereffective|p1a: Armarouge\n|-resisted|p1b: Azumarill\n|-damage|p1a: Armarouge|0 fnt\n|-damage|p1b: Azumarill|33\/100\n|-unboost|p1b: Azumarill|spa|1\n|faint|p1a: Armarouge\n|move|p1b: Azumarill|Belly Drum||[still]\n|-fail|p1b: Azumarill\n|\n|-weather|Snow|[upkeep]\n|upkeep\n|\n|t:|1699330730\n|switch|p1a: Sandslash|Sandslash-Alola, F|100\/100\n|turn|8\n|\n|t:|1699330738\n|move|p2a: Manectric|Protect|p2a: Manectric\n|-singleturn|p2a: Manectric|Protect\n|move|p1b: Azumarill|Aqua Jet|p2b: Boltund\n|-supereffective|p2b: Boltund\n|-damage|p2b: Boltund|63\/100\n|move|p2b: Boltund|Thunderbolt|p1b: Azumarill\n|-supereffective|p1b: Azumarill\n|-damage|p1b: Azumarill|0 fnt\n|faint|p1b: Azumarill\n|move|p1a: Sandslash|Earthquake|p2a: Manectric|[spread] p2b\n|-activate|p2a: Manectric|move: Protect\n|-damage|p2b: Boltund|29\/100\n|\n|-weather|Snow|[upkeep]\n|upkeep\n|\n|t:|1699330752\n|switch|p1b: Abomasnow|Abomasnow, F|100\/100\n|turn|9\n|\n|t:|1699330761\n|move|p2a: Manectric|Discharge|p1a: Sandslash|[spread] p1a,p1b\n|-immune|p2b: Boltund\n|-resisted|p1b: Abomasnow\n|-damage|p1a: Sandslash|43\/100\n|-damage|p1b: Abomasnow|86\/100\n|move|p2b: Boltund|Electrify|p1a: Sandslash\n|-singleturn|p1a: Sandslash|move: Electrify\n|move|p1a: Sandslash|Earthquake|p2b: Boltund|[spread] p1b,p2a\n|-immune|p2b: Boltund\n|-resisted|p1b: Abomasnow\n|-resisted|p2a: Manectric\n|-damage|p1b: Abomasnow|78\/100\n|-damage|p2a: Manectric|40\/100\n|move|p1b: Abomasnow|Blizzard|p2a: Manectric|[spread] p2a,p2b\n|-crit|p2a: Manectric\n|-supereffective|p2b: Boltund\n|-damage|p2a: Manectric|0 fnt\n|-damage|p2b: Boltund|0 fnt\n|faint|p2a: Manectric\n|faint|p2b: Boltund\n|\n|-weather|none\n|upkeep\n|\n|t:|1699330777\n|switch|p2a: Crobat|Crobat, F, shiny|34\/100\n|switch|p2b: Lucario|Lucario, M|100\/100\n|turn|10\n|\n|t:|1699330788\n|move|p2b: Lucario|Vacuum Wave|p1a: Sandslash\n|-supereffective|p1a: Sandslash\n|-damage|p1a: Sandslash|0 fnt\n|faint|p1a: Sandslash\n|move|p2a: Crobat|Brave Bird|p1b: Abomasnow\n|-supereffective|p1b: Abomasnow\n|-damage|p1b: Abomasnow|0 fnt\n|faint|p1b: Abomasnow\n|-damage|p2a: Crobat|8\/100|[from] Recoil\n|\n|win|fumbari 24\n|raw|Fold3's rating: 1111 &rarr; <strong>1093<\/strong><br \/>(-18 for losing)\n|raw|fumbari 24's rating: 1209 &rarr; <strong>1227<\/strong><br \/>(+18 for winning)\n","uploadtime":1699330792,"views":5,"p1id":"fold3","p2id":"fumbari24","formatid":"gen9nationaldexdoubles","rating":1093,"private":0,"password":""}