{"id":"gen9nationaldexdoubles-1990785912","p1":"lvl100snorlax","p2":"The OG Trainer Red","format":"[Gen 9] National Dex Doubles","log":"|j|\u2606lvl100snorlax\n|j|\u2606The OG Trainer Red\n|t:|1700000677\n|gametype|doubles\n|player|p1|lvl100snorlax|265|1113\n|player|p2|The OG Trainer Red|fisherman-gen4|1197\n|teamsize|p1|6\n|teamsize|p2|6\n|gen|9\n|tier|[Gen 9] National Dex Doubles\n|rated|\n|rule|HP Percentage Mod: HP is shown in percentages\n|rule|Endless Battle Clause: Forcing endless battles is banned\n|rule|OHKO Clause: OHKO moves are banned\n|rule|Evasion Moves Clause: Evasion moves are banned\n|rule|Evasion Abilities Clause: Evasion abilities are banned\n|rule|Species Clause: Limit one of each Pok\u00e9mon\n|rule|Gravity Sleep Clause: The combination of sleep-inducing moves with imperfect accuracy and Gravity or Gigantamax Orbeetle are banned\n|clearpoke\n|poke|p1|Empoleon, M|\n|poke|p1|Ampharos, M|\n|poke|p1|Braviary-Hisui, M|\n|poke|p1|Illumise, F|\n|poke|p1|Salamence, F|\n|poke|p1|Landorus-Therian, M|\n|poke|p2|Ninetales, F|\n|poke|p2|Leafeon, F|\n|poke|p2|Espeon, F|\n|poke|p2|Indeedee-F, F|\n|poke|p2|Umbreon, F|\n|poke|p2|Cresselia, F|\n|teampreview\n|inactive|Battle timer is ON: inactive players will automatically lose when time's up. (requested by lvl100snorlax)\n|c|\u2606lvl100snorlax|not again\n|\n|t:|1700000692\n|start\n|switch|p1a: Empoleon|Empoleon, M|100\/100\n|switch|p1b: Landorus|Landorus-Therian, M|100\/100\n|switch|p2a: Ninetales|Ninetales, F|100\/100\n|switch|p2b: Leafeon|Leafeon, F|100\/100\n|-weather|SunnyDay|[from] ability: Drought|[of] p2a: Ninetales\n|-ability|p1b: Landorus|Intimidate|boost\n|-unboost|p2a: Ninetales|atk|1\n|-unboost|p2b: Leafeon|atk|1\n|turn|1\n|\n|t:|1700000714\n|move|p2b: Leafeon|Knock Off|p1b: Landorus\n|-damage|p1b: Landorus|78\/100\n|-damage|p2b: Leafeon|84\/100|[from] item: Rocky Helmet|[of] p1b: Landorus\n|-enditem|p1b: Landorus|Rocky Helmet|[from] move: Knock Off|[of] p2b: Leafeon\n|move|p2a: Ninetales|Flamethrower|p1b: Landorus\n|-crit|p1b: Landorus\n|-damage|p1b: Landorus|0 fnt\n|faint|p1b: Landorus\n|move|p1a: Empoleon|Icy Wind|p2a: Ninetales|[spread] p2a,p2b\n|-resisted|p2a: Ninetales\n|-supereffective|p2b: Leafeon\n|-damage|p2a: Ninetales|94\/100\n|-damage|p2b: Leafeon|64\/100\n|-unboost|p2a: Ninetales|spe|1\n|-unboost|p2b: Leafeon|spe|1\n|\n|-weather|SunnyDay|[upkeep]\n|upkeep\n|\n|t:|1700000734\n|switch|p1b: Illumise|Illumise, F|100\/100\n|turn|2\n|inactive|The OG Trainer Red has 120 seconds left.\n|c|\u2606The OG Trainer Red|My dude, I have to use 2 Pokemon to match what one of yours can do.. I am always basically playing 1 on 2. There is no reason you should lose to this\n|\n|t:|1700000777\n|move|p1b: Illumise|Light Screen|p1b: Illumise\n|-sidestart|p1: lvl100snorlax|move: Light Screen\n|move|p2b: Leafeon|Dig||[still]\n|-prepare|p2b: Leafeon|Dig\n|move|p2a: Ninetales|Flamethrower|p1b: Illumise\n|-supereffective|p1b: Illumise\n|-damage|p1b: Illumise|0 fnt\n|faint|p1b: Illumise\n|move|p1a: Empoleon|Stealth Rock|p2b: Leafeon\n|-sidestart|p2: The OG Trainer Red|move: Stealth Rock\n|\n|-weather|SunnyDay|[upkeep]\n|upkeep\n|\n|t:|1700000804\n|switch|p1b: Braviary|Braviary-Hisui, M|100\/100\n|turn|3\n|\n|t:|1700000815\n|-terastallize|p2a: Ninetales|Fire\n|move|p2b: Leafeon|Dig|p1a: Empoleon|[from]lockedmove\n|-supereffective|p1a: Empoleon\n|-damage|p1a: Empoleon|67\/100\n|move|p2a: Ninetales|Flamethrower|p1b: Braviary\n|-damage|p1b: Braviary|18\/100\n|move|p1b: Braviary|Calm Mind|p1b: Braviary\n|-boost|p1b: Braviary|spa|1\n|-boost|p1b: Braviary|spd|1\n|move|p1a: Empoleon|Icy Wind|p2b: Leafeon|[spread] p2b\n|-miss|p1a: Empoleon|p2a: Ninetales\n|-supereffective|p2b: Leafeon\n|-damage|p2b: Leafeon|43\/100\n|-unboost|p2b: Leafeon|spe|1\n|\n|-weather|SunnyDay|[upkeep]\n|-heal|p1b: Braviary|24\/100|[from] item: Leftovers\n|upkeep\n|turn|4\n|inactive|The OG Trainer Red has 120 seconds left.\n|inactive|The OG Trainer Red has 90 seconds left.\n|c|\u2606The OG Trainer Red|Basically the only thing Ninetales can do is all focused on Flamethrower. Tera fire, choice specs, drought flamethrower and it still doesn't one shot because its gen 1\n|\n|t:|1700000892\n|move|p2b: Leafeon|Knock Off|p1b: Braviary\n|-supereffective|p1b: Braviary\n|-damage|p1b: Braviary|0 fnt\n|-enditem|p1b: Braviary|Leftovers|[from] move: Knock Off|[of] p2b: Leafeon\n|faint|p1b: Braviary\n|move|p2a: Ninetales|Flamethrower|p1a: Empoleon\n|-damage|p1a: Empoleon|10\/100\n|-enditem|p1a: Empoleon|Sitrus Berry|[eat]\n|-heal|p1a: Empoleon|35\/100|[from] item: Sitrus Berry\n|move|p1a: Empoleon|Scald|p2a: Ninetales\n|-supereffective|p2a: Ninetales\n|-damage|p2a: Ninetales|56\/100\n|\n|-weather|SunnyDay|[upkeep]\n|upkeep\n|inactive|lvl100snorlax has 120 seconds left.\n|\n|t:|1700000912\n|switch|p1b: Salamence|Salamence, F|100\/100\n|turn|5\n|\n|t:|1700000925\n|move|p1b: Salamence|Earthquake|p2a: Ninetales|[spread] p1a,p2a,p2b\n|-supereffective|p1a: Empoleon\n|-supereffective|p2a: Ninetales\n|-resisted|p2b: Leafeon\n|-crit|p2b: Leafeon\n|-damage|p1a: Empoleon|0 fnt\n|-damage|p2a: Ninetales|0 fnt\n|-damage|p2b: Leafeon|28\/100\n|faint|p1a: Empoleon\n|faint|p2a: Ninetales\n|-ability|p1b: Salamence|Moxie|boost\n|-boost|p1b: Salamence|atk|2\n|move|p2b: Leafeon|Knock Off|p1b: Salamence\n|-damage|p1b: Salamence|78\/100\n|-enditem|p1b: Salamence|Lum Berry|[from] move: Knock Off|[of] p2b: Leafeon\n|\n|-weather|none\n|upkeep\n|\n|t:|1700000936\n|switch|p2a: Espeon|Espeon, F|100\/100\n|switch|p1a: Ampharos|Ampharos, M|100\/100\n|-damage|p2a: Espeon|88\/100|[from] Stealth Rock\n|turn|6\n|inactive|The OG Trainer Red has 120 seconds left.\n|\n|t:|1700000956\n|move|p2a: Espeon|Draining Kiss|p1b: Salamence\n|-supereffective|p1b: Salamence\n|-damage|p1b: Salamence|47\/100\n|-heal|p2a: Espeon|100\/100|[from] drain|[of] p1b: Salamence\n|move|p1b: Salamence|Rock Slide|p2b: Leafeon|[spread] p2a,p2b\n|-damage|p2a: Espeon|24\/100\n|-damage|p2b: Leafeon|0 fnt\n|faint|p2b: Leafeon\n|-ability|p1b: Salamence|Moxie|boost\n|-boost|p1b: Salamence|atk|1\n|move|p1a: Ampharos|Electroweb|p2a: Espeon\n|-damage|p2a: Espeon|0 fnt\n|faint|p2a: Espeon\n|\n|-sideend|p1: lvl100snorlax|move: Light Screen\n|upkeep\n|inactive|The OG Trainer Red has 120 seconds left.\n|\n|t:|1700000974\n|switch|p2a: Indeedee|Indeedee-F, F|100\/100\n|switch|p2b: Cresselia|Cresselia, F|100\/100\n|-damage|p2b: Cresselia|88\/100|[from] Stealth Rock\n|-damage|p2a: Indeedee|88\/100|[from] Stealth Rock\n|-fieldstart|move: Psychic Terrain|[from] ability: Psychic Surge|[of] p2a: Indeedee\n|turn|7\n|\n|t:|1700000989\n|move|p1b: Salamence|Rock Slide|p2b: Cresselia|[spread] p2a\n|-miss|p1b: Salamence|p2b: Cresselia\n|-crit|p2a: Indeedee\n|-damage|p2a: Indeedee|0 fnt\n|faint|p2a: Indeedee\n|-ability|p1b: Salamence|Moxie|boost\n|-boost|p1b: Salamence|atk|1\n|move|p2b: Cresselia|Power Gem|p1b: Salamence\n|-supereffective|p1b: Salamence\n|-damage|p1b: Salamence|9\/100\n|move|p1a: Ampharos|Electroweb|p2b: Cresselia\n|-damage|p2b: Cresselia|70\/100\n|-unboost|p2b: Cresselia|spe|1\n|\n|-heal|p2b: Cresselia|76\/100|[from] item: Leftovers\n|upkeep\n|inactive|The OG Trainer Red has 120 seconds left.\n|\n|t:|1700001002\n|switch|p2a: Umbreon|Umbreon, F|100\/100\n|-damage|p2a: Umbreon|88\/100|[from] Stealth Rock\n|turn|8\n|\n|t:|1700001009\n|move|p1b: Salamence|Rock Slide|p2a: Umbreon|[spread] p2a,p2b\n|-damage|p2a: Umbreon|55\/100\n|-damage|p2b: Cresselia|43\/100\n|move|p1a: Ampharos|Charge Beam|p2a: Umbreon\n|-damage|p2a: Umbreon|36\/100\n|move|p2a: Umbreon|Dark Pulse|p1b: Salamence\n|-damage|p1b: Salamence|0 fnt\n|faint|p1b: Salamence\n|move|p2b: Cresselia|Power Gem|p1a: Ampharos\n|-damage|p1a: Ampharos|92\/100\n|\n|-heal|p2a: Umbreon|42\/100|[from] item: Leftovers\n|-heal|p2b: Cresselia|49\/100|[from] item: Leftovers\n|upkeep\n|turn|9\n|\n|t:|1700001023\n|move|p1a: Ampharos|Dazzling Gleam|p2b: Cresselia|[spread] p2a,p2b\n|-supereffective|p2a: Umbreon\n|-damage|p2a: Umbreon|13\/100\n|-damage|p2b: Cresselia|35\/100\n|move|p2a: Umbreon|Moonlight|p2a: Umbreon\n|-heal|p2a: Umbreon|63\/100\n|move|p2b: Cresselia|Lunar Blessing|p2b: Cresselia|[spread] p2a,p2b\n|-heal|p2a: Umbreon|88\/100\n|-heal|p2b: Cresselia|60\/100\n|\n|-heal|p2a: Umbreon|94\/100|[from] item: Leftovers\n|-heal|p2b: Cresselia|66\/100|[from] item: Leftovers\n|upkeep\n|turn|10\n|\n|t:|1700001038\n|move|p1a: Ampharos|Charge Beam|p2b: Cresselia\n|-damage|p2b: Cresselia|48\/100\n|-boost|p1a: Ampharos|spa|1\n|move|p2a: Umbreon|Calm Mind|p2a: Umbreon\n|-boost|p2a: Umbreon|spa|1\n|-boost|p2a: Umbreon|spd|1\n|move|p2b: Cresselia|Lunar Blessing|p2b: Cresselia|[spread] p2a,p2b\n|-heal|p2a: Umbreon|100\/100\n|-heal|p2b: Cresselia|73\/100\n|\n|-heal|p2b: Cresselia|80\/100|[from] item: Leftovers\n|upkeep\n|turn|11\n|c|\u2606The OG Trainer Red|I like Ampharos though\n|\n|t:|1700001059\n|move|p1a: Ampharos|Charge Beam|p2b: Cresselia\n|-crit|p2b: Cresselia\n|-damage|p2b: Cresselia|38\/100\n|-boost|p1a: Ampharos|spa|1\n|move|p2a: Umbreon|Calm Mind|p2a: Umbreon\n|-boost|p2a: Umbreon|spa|1\n|-boost|p2a: Umbreon|spd|1\n|move|p2b: Cresselia|Lunar Blessing|p2b: Cresselia|[spread] p2a,p2b\n|-heal|p2b: Cresselia|63\/100\n|\n|-heal|p2b: Cresselia|69\/100|[from] item: Leftovers\n|-fieldend|move: Psychic Terrain\n|upkeep\n|turn|12\n|\n|t:|1700001083\n|move|p1a: Ampharos|Dazzling Gleam|p2b: Cresselia|[spread] p2a,p2b\n|-supereffective|p2a: Umbreon\n|-damage|p2a: Umbreon|70\/100\n|-damage|p2b: Cresselia|39\/100\n|move|p2a: Umbreon|Dark Pulse|p1a: Ampharos\n|-damage|p1a: Ampharos|67\/100\n|move|p2b: Cresselia|Power Gem|p1a: Ampharos\n|-damage|p1a: Ampharos|58\/100\n|\n|-heal|p2a: Umbreon|76\/100|[from] item: Leftovers\n|-heal|p2b: Cresselia|45\/100|[from] item: Leftovers\n|upkeep\n|turn|13\n|\n|t:|1700001099\n|move|p1a: Ampharos|Focus Blast|p2a: Umbreon\n|-supereffective|p2a: Umbreon\n|-damage|p2a: Umbreon|18\/100\n|-unboost|p2a: Umbreon|spd|1\n|move|p2a: Umbreon|Dark Pulse|p1a: Ampharos\n|-damage|p1a: Ampharos|35\/100\n|move|p2b: Cresselia|Lunar Blessing|p2b: Cresselia|[spread] p2a,p2b\n|-heal|p2a: Umbreon|43\/100\n|-heal|p2b: Cresselia|70\/100\n|\n|-heal|p2a: Umbreon|49\/100|[from] item: Leftovers\n|-heal|p2b: Cresselia|76\/100|[from] item: Leftovers\n|upkeep\n|turn|14\n|\n|t:|1700001117\n|move|p1a: Ampharos|Dazzling Gleam|p2a: Umbreon|[spread] p2a,p2b\n|-supereffective|p2a: Umbreon\n|-damage|p2a: Umbreon|9\/100\n|-damage|p2b: Cresselia|51\/100\n|move|p2a: Umbreon|Dark Pulse|p1a: Ampharos\n|-damage|p1a: Ampharos|12\/100\n|move|p2b: Cresselia|Lunar Blessing|p2b: Cresselia|[spread] p2a,p2b\n|-heal|p2a: Umbreon|33\/100\n|-heal|p2b: Cresselia|76\/100\n|\n|-heal|p2a: Umbreon|40\/100|[from] item: Leftovers\n|-heal|p2b: Cresselia|82\/100|[from] item: Leftovers\n|upkeep\n|turn|15\n|\n|t:|1700001138\n|move|p1a: Ampharos|Dazzling Gleam|p2b: Cresselia|[spread] p2a,p2b\n|-supereffective|p2a: Umbreon\n|-damage|p2a: Umbreon|0 fnt\n|-damage|p2b: Cresselia|55\/100\n|faint|p2a: Umbreon\n|move|p2b: Cresselia|Power Gem|p1a: Ampharos\n|-damage|p1a: Ampharos|3\/100\n|\n|-heal|p2b: Cresselia|61\/100|[from] item: Leftovers\n|upkeep\n|turn|16\n|\n|t:|1700001148\n|-terastallize|p1a: Ampharos|Electric\n|move|p1a: Ampharos|Electroweb|p2b: Cresselia\n|-damage|p2b: Cresselia|3\/100\n|-unboost|p2b: Cresselia|spe|1\n|move|p2b: Cresselia|Power Gem|p1a: Ampharos\n|-damage|p1a: Ampharos|0 fnt\n|faint|p1a: Ampharos\n|\n|win|The OG Trainer Red\n|raw|lvl100snorlax's rating: 1113 &rarr; <strong>1094<\/strong><br \/>(-19 for losing)\n|raw|The OG Trainer Red's rating: 1197 &rarr; <strong>1216<\/strong><br \/>(+19 for winning)\n|l|\u2606lvl100snorlax\n|c|\u2606The OG Trainer Red|Salamence is alright too\n","uploadtime":1700001401,"views":7,"p1id":"lvl100snorlax","p2id":"theogtrainerred","formatid":"gen9nationaldexdoubles","rating":1094,"private":0,"password":""}