{"id":"gen9nationaldexdoubles-1971030063","p1":"btsgamermeal","p2":"Chuuugs","format":"[Gen 9] National Dex Doubles","log":"|j|\u2606btsgamermeal\n|j|\u2606Chuuugs\n|t:|1697695336\n|gametype|doubles\n|player|p1|btsgamermeal|2|1016\n|player|p2|Chuuugs|hilda|1113\n|teamsize|p1|6\n|teamsize|p2|6\n|gen|9\n|tier|[Gen 9] National Dex Doubles\n|rated|\n|rule|HP Percentage Mod: HP is shown in percentages\n|rule|Endless Battle Clause: Forcing endless battles is banned\n|rule|OHKO Clause: OHKO moves are banned\n|rule|Evasion Moves Clause: Evasion moves are banned\n|rule|Evasion Abilities Clause: Evasion abilities are banned\n|rule|Species Clause: Limit one of each Pok\u00e9mon\n|rule|Gravity Sleep Clause: The combination of sleep-inducing moves with imperfect accuracy and Gravity or Gigantamax Orbeetle are banned\n|clearpoke\n|poke|p1|Serperior, F|\n|poke|p1|Murkrow, F|\n|poke|p1|Talonflame, F|\n|poke|p1|Obstagoon, M|\n|poke|p1|Enamorus, F|\n|poke|p1|Ninetales-Alola, F|\n|poke|p2|Pincurchin, M|\n|poke|p2|Arboliva, F|\n|poke|p2|Toxapex, F|\n|poke|p2|Iron Hands|\n|poke|p2|Raichu-Alola, F|\n|poke|p2|Azelf|\n|teampreview\n|inactive|Battle timer is ON: inactive players will automatically lose when time's up. (requested by btsgamermeal)\n|\n|t:|1697695351\n|start\n|switch|p1a: Ninetales|Ninetales-Alola, F|100\/100\n|switch|p1b: Talonflame|Talonflame, F|100\/100\n|switch|p2a: Kidney Stone|Pincurchin, M, shiny|100\/100\n|switch|p2b: Burnt Toast|Raichu-Alola, F, shiny|100\/100\n|-weather|Snow|[from] ability: Snow Warning|[of] p1a: Ninetales\n|-fieldstart|move: Electric Terrain|[from] ability: Electric Surge|[of] p2a: Kidney Stone\n|turn|1\n|\n|t:|1697695374\n|move|p1b: Talonflame|Tailwind|p1b: Talonflame\n|-sidestart|p1: btsgamermeal|move: Tailwind\n|move|p2b: Burnt Toast|Rising Voltage|p1b: Talonflame\n|-supereffective|p1b: Talonflame\n|-damage|p1b: Talonflame|0 fnt\n|faint|p1b: Talonflame\n|move|p1a: Ninetales|Aurora Veil|p1a: Ninetales\n|-sidestart|p1: btsgamermeal|move: Aurora Veil\n|move|p2a: Kidney Stone|Toxic Spikes|p1a: Ninetales\n|-sidestart|p1: btsgamermeal|move: Toxic Spikes\n|\n|-weather|Snow|[upkeep]\n|upkeep\n|\n|t:|1697695396\n|switch|p1b: Murkrow|Murkrow, F|100\/100\n|turn|2\n|\n|t:|1697695415\n|move|p1b: Murkrow|Defog|p2b: Burnt Toast\n|-unboost|p2b: Burnt Toast|evasion|1\n|-sideend|p1: btsgamermeal|Toxic Spikes|[from] move: Defog|[of] p1b: Murkrow\n|-fieldend|move: Electric Terrain\n|move|p1a: Ninetales|Hypnosis|p2b: Burnt Toast\n|-status|p2b: Burnt Toast|slp|[from] move: Hypnosis\n|cant|p2b: Burnt Toast|slp\n|move|p2a: Kidney Stone|Rising Voltage|p1b: Murkrow\n|-supereffective|p1b: Murkrow\n|-damage|p1b: Murkrow|70\/100\n|\n|-weather|Snow|[upkeep]\n|upkeep\n|turn|3\n|inactive|Chuuugs has 120 seconds left.\n|\n|t:|1697695449\n|switch|p2b: Oven Mits|Iron Hands|100\/100\n|move|p1b: Murkrow|Defog|p2a: Kidney Stone\n|-unboost|p2a: Kidney Stone|evasion|1\n|move|p1a: Ninetales|Hypnosis|p2a: Kidney Stone|[miss]\n|-miss|p1a: Ninetales|p2a: Kidney Stone\n|move|p2a: Kidney Stone|Scald|p1a: Ninetales\n|-damage|p1a: Ninetales|85\/100\n|\n|-weather|Snow|[upkeep]\n|upkeep\n|turn|4\n|inactive|Chuuugs has 120 seconds left.\n|inactive|btsgamermeal has 120 seconds left.\n|\n|t:|1697695487\n|switch|p1a: Serperior|Serperior, F|100\/100\n|move|p2b: Oven Mits|Fake Out|p1b: Murkrow\n|-damage|p1b: Murkrow|56\/100\n|cant|p1b: Murkrow|flinch\n|move|p2a: Kidney Stone|Scald|p1a: Serperior\n|-resisted|p1a: Serperior\n|-damage|p1a: Serperior|93\/100\n|-status|p1a: Serperior|brn\n|\n|-weather|Snow|[upkeep]\n|-heal|p1a: Serperior|99\/100 brn|[from] item: Leftovers\n|-damage|p1a: Serperior|93\/100 brn|[from] brn\n|-sideend|p1: btsgamermeal|move: Tailwind\n|upkeep\n|turn|5\n|inactive|Chuuugs has 120 seconds left.\n|inactive|Chuuugs has 90 seconds left.\n|\n|t:|1697695538\n|move|p1b: Murkrow|Scary Face|p1a: Serperior\n|-boost|p1a: Serperior|spe|2\n|move|p1a: Serperior|Leaf Storm|p2a: Kidney Stone\n|-damage|p2a: Kidney Stone|38\/100\n|-boost|p1a: Serperior|spa|2\n|move|p2b: Oven Mits|Thunder Punch|p1b: Murkrow\n|-supereffective|p1b: Murkrow\n|-damage|p1b: Murkrow|0 fnt\n|faint|p1b: Murkrow\n|move|p2a: Kidney Stone|Rising Voltage|p1a: Serperior\n|-resisted|p1a: Serperior\n|-damage|p1a: Serperior|84\/100 brn\n|\n|-weather|none\n|-heal|p1a: Serperior|90\/100 brn|[from] item: Leftovers\n|-damage|p1a: Serperior|84\/100 brn|[from] brn\n|upkeep\n|inactive|btsgamermeal has 120 seconds left.\n|\n|t:|1697695553\n|switch|p1b: Obstagoon|Obstagoon, M|100\/100\n|turn|6\n|inactive|btsgamermeal has 120 seconds left.\n|inactive|Chuuugs has 90 seconds left.\n|\n|t:|1697695583\n|switch|p2a: Bongwater|Arboliva, F|100\/100\n|move|p1a: Serperior|Leaf Storm|p2a: Bongwater\n|-resisted|p2a: Bongwater\n|-damage|p2a: Bongwater|59\/100\n|-boost|p1a: Serperior|spa|2\n|-fieldstart|move: Grassy Terrain|[from] ability: Seed Sower|[of] p2a: Bongwater\n|move|p1b: Obstagoon|Screech|p1a: Serperior\n|-boost|p1a: Serperior|def|2\n|move|p2b: Oven Mits|Drain Punch|p1b: Obstagoon\n|-supereffective|p1b: Obstagoon\n|-crit|p1b: Obstagoon\n|-damage|p1b: Obstagoon|0 fnt\n|faint|p1b: Obstagoon\n|\n|-heal|p1a: Serperior|90\/100 brn|[from] Grassy Terrain\n|-heal|p1a: Serperior|97\/100 brn|[from] item: Leftovers\n|-heal|p2a: Bongwater|65\/100|[from] Grassy Terrain\n|-damage|p1a: Serperior|90\/100 brn|[from] brn\n|upkeep\n|inactive|btsgamermeal has 120 seconds left.\n|\n|t:|1697695607\n|switch|p1b: Ninetales|Ninetales-Alola, F|85\/100\n|-weather|Snow|[from] ability: Snow Warning|[of] p1b: Ninetales\n|turn|7\n|inactive|btsgamermeal has 120 seconds left.\n|\n|t:|1697695628\n|move|p2a: Bongwater|Protect|p2a: Bongwater\n|-singleturn|p2a: Bongwater|Protect\n|move|p1a: Serperior|Leaf Storm|p2b: Oven Mits|[miss]\n|-miss|p1a: Serperior|p2b: Oven Mits\n|move|p1b: Ninetales|Blizzard|p2a: Bongwater|[spread] p2b\n|-activate|p2a: Bongwater|move: Protect\n|-damage|p2b: Oven Mits|77\/100\n|move|p2b: Oven Mits|Drain Punch|p1a: Serperior\n|-crit|p1a: Serperior\n|-damage|p1a: Serperior|16\/100 brn\n|-heal|p2b: Oven Mits|100\/100|[from] drain|[of] p1a: Serperior\n|\n|-weather|Snow|[upkeep]\n|-heal|p1a: Serperior|23\/100 brn|[from] Grassy Terrain\n|-heal|p1a: Serperior|29\/100 brn|[from] item: Leftovers\n|-heal|p1b: Ninetales|91\/100|[from] Grassy Terrain\n|-heal|p2a: Bongwater|71\/100|[from] Grassy Terrain\n|-damage|p1a: Serperior|23\/100 brn|[from] brn\n|upkeep\n|turn|8\n|inactive|Chuuugs has 120 seconds left.\n|\n|t:|1697695661\n|switch|p2a: Genie|Azelf, shiny|100\/100\n|move|p2b: Oven Mits|Protect|p2b: Oven Mits\n|-singleturn|p2b: Oven Mits|Protect\n|move|p1a: Serperior|Leaf Storm|p2b: Oven Mits\n|-activate|p2b: Oven Mits|move: Protect\n|move|p1b: Ninetales|Blizzard|p2a: Genie|[spread] p2a\n|-activate|p2b: Oven Mits|move: Protect\n|-damage|p2a: Genie|62\/100\n|\n|-weather|Snow|[upkeep]\n|-heal|p1a: Serperior|29\/100 brn|[from] Grassy Terrain\n|-heal|p1a: Serperior|35\/100 brn|[from] item: Leftovers\n|-heal|p1b: Ninetales|97\/100|[from] Grassy Terrain\n|-damage|p1a: Serperior|29\/100 brn|[from] brn\n|-sideend|p1: btsgamermeal|move: Aurora Veil\n|upkeep\n|turn|9\n|inactive|btsgamermeal has 120 seconds left.\n|inactive|Chuuugs has 90 seconds left.\n|\n|t:|1697695696\n|move|p1a: Serperior|Leaf Storm|p2b: Oven Mits|[miss]\n|-miss|p1a: Serperior|p2b: Oven Mits\n|move|p2a: Genie|Flamethrower|p1a: Serperior\n|-supereffective|p1a: Serperior\n|-crit|p1a: Serperior\n|-damage|p1a: Serperior|0 fnt\n|faint|p1a: Serperior\n|-damage|p2a: Genie|52\/100|[from] item: Life Orb\n|move|p1b: Ninetales|Aurora Veil|p1b: Ninetales\n|-sidestart|p1: btsgamermeal|move: Aurora Veil\n|move|p2b: Oven Mits|Drain Punch|p1b: Ninetales\n|-damage|p1b: Ninetales|72\/100\n|\n|-weather|Snow|[upkeep]\n|-heal|p1b: Ninetales|78\/100|[from] Grassy Terrain\n|upkeep\n|inactive|btsgamermeal has 120 seconds left.\n|-message|btsgamermeal forfeited.\n|\n|win|Chuuugs\n|raw|btsgamermeal's rating: 1016 &rarr; <strong>1007<\/strong><br \/>(-9 for losing)\n|raw|Chuuugs's rating: 1113 &rarr; <strong>1131<\/strong><br \/>(+18 for winning)\n|l|\u2606btsgamermeal\n","uploadtime":1697695751,"views":11,"p1id":"btsgamermeal","p2id":"chuuugs","formatid":"gen9nationaldexdoubles","rating":1007,"private":0,"password":""}