{"id":"gen9nationaldexdoubles-1980182518","p1":"El Ryuk456","p2":"Escavaknight","format":"[Gen 9] National Dex Doubles","log":"|j|\u2606El Ryuk456\n|j|\u2606Escavaknight\n|t:|1698764367\n|gametype|doubles\n|player|p1|El Ryuk456|ingo|1466\n|player|p2|Escavaknight|plasmagrunt-gen5bw|1295\n|teamsize|p1|6\n|teamsize|p2|6\n|gen|9\n|tier|[Gen 9] National Dex Doubles\n|rated|\n|rule|HP Percentage Mod: HP is shown in percentages\n|rule|Endless Battle Clause: Forcing endless battles is banned\n|rule|OHKO Clause: OHKO moves are banned\n|rule|Evasion Moves Clause: Evasion moves are banned\n|rule|Evasion Abilities Clause: Evasion abilities are banned\n|rule|Species Clause: Limit one of each Pok\u00e9mon\n|rule|Gravity Sleep Clause: The combination of sleep-inducing moves with imperfect accuracy and Gravity or Gigantamax Orbeetle are banned\n|clearpoke\n|poke|p1|Primeape, M|\n|poke|p1|Maushold|\n|poke|p1|Chesnaught, M|\n|poke|p1|Aggron, M|\n|poke|p1|Aromatisse, F|\n|poke|p1|Grimmsnarl, M|\n|poke|p2|Snorlax, M|\n|poke|p2|Kommo-o, M|\n|poke|p2|Iron Hands|\n|poke|p2|Landorus-Therian, M|\n|poke|p2|Sinistcha|\n|poke|p2|Clefairy, F|\n|teampreview\n|\n|t:|1698764383\n|start\n|switch|p1a: Spectrum|Primeape, M|100\/100\n|switch|p1b: Columbo|Maushold|100\/100\n|switch|p2a: Snorlax|Snorlax, M, shiny|100\/100\n|switch|p2b: Sinistcha|Sinistcha|100\/100\n|turn|1\n|\n|t:|1698764405\n|-terastallize|p2a: Snorlax|Water\n|move|p1b: Columbo|Beat Up|p1a: Spectrum\n|-resisted|p1a: Spectrum\n|-damage|p1a: Spectrum|99\/100\n|-resisted|p1a: Spectrum\n|-damage|p1a: Spectrum|99\/100\n|-resisted|p1a: Spectrum\n|-damage|p1a: Spectrum|98\/100\n|-resisted|p1a: Spectrum\n|-crit|p1a: Spectrum\n|-damage|p1a: Spectrum|97\/100\n|-resisted|p1a: Spectrum\n|-damage|p1a: Spectrum|97\/100\n|-resisted|p1a: Spectrum\n|-damage|p1a: Spectrum|96\/100\n|-hitcount|p1a: Spectrum|6\n|move|p1a: Spectrum|Rage Fist|p2b: Sinistcha\n|-supereffective|p2b: Sinistcha\n|-damage|p2b: Sinistcha|0 fnt\n|faint|p2b: Sinistcha\n|move|p2a: Snorlax|Belly Drum|p2a: Snorlax\n|-damage|p2a: Snorlax|51\/100\n|-setboost|p2a: Snorlax|atk|6|[from] move: Belly Drum\n|\n|upkeep\n|\n|t:|1698764418\n|switch|p2b: Iron Hands|Iron Hands|100\/100\n|turn|2\n|\n|t:|1698764442\n|move|p1b: Columbo|Protect|p1b: Columbo\n|-singleturn|p1b: Columbo|Protect\n|move|p1a: Spectrum|Protect|p1a: Spectrum\n|-singleturn|p1a: Spectrum|Protect\n|move|p2b: Iron Hands|Fake Out|p1a: Spectrum\n|-activate|p1a: Spectrum|move: Protect\n|move|p2a: Snorlax|High Horsepower|p1a: Spectrum\n|-activate|p1a: Spectrum|move: Protect\n|\n|upkeep\n|turn|3\n|\n|t:|1698764456\n|-terastallize|p1a: Spectrum|Ghost\n|move|p1b: Columbo|Baby-Doll Eyes|p2b: Iron Hands\n|-unboost|p2b: Iron Hands|atk|1\n|move|p1a: Spectrum|Rage Fist|p2a: Snorlax\n|-damage|p2a: Snorlax|0 fnt\n|faint|p2a: Snorlax\n|move|p2b: Iron Hands|Drain Punch|p1b: Columbo\n|-supereffective|p1b: Columbo\n|-damage|p1b: Columbo|40\/100\n|\n|upkeep\n|\n|t:|1698764465\n|switch|p2a: Landorus|Landorus-Therian, M, shiny|100\/100\n|-ability|p2a: Landorus|Intimidate|boost\n|-unboost|p1a: Spectrum|atk|1\n|-ability|p1a: Spectrum|Defiant|boost\n|-boost|p1a: Spectrum|atk|2\n|-unboost|p1b: Columbo|atk|1\n|turn|4\n|\n|t:|1698764479\n|move|p1b: Columbo|Baby-Doll Eyes|p2b: Iron Hands\n|-unboost|p2b: Iron Hands|atk|1\n|move|p2a: Landorus|Rock Slide|p1a: Spectrum|[spread] p1a,p1b\n|-damage|p1a: Spectrum|78\/100\n|-damage|p1b: Columbo|17\/100\n|move|p1a: Spectrum|Rage Fist|p2a: Landorus\n|-damage|p2a: Landorus|0 fnt\n|faint|p2a: Landorus\n|move|p2b: Iron Hands|Wild Charge|p1a: Spectrum\n|-damage|p1a: Spectrum|61\/100\n|-damage|p2b: Iron Hands|97\/100|[from] Recoil\n|\n|upkeep\n|\n|t:|1698764491\n|switch|p2a: Clefairy|Clefairy, F|100\/100\n|turn|5\n|\n|t:|1698764508\n|switch|p1b: Mahna Mahna|Aromatisse, F|100\/100\n|-end|p2b: Iron Hands|Quark Drive|[silent]\n|switch|p2b: Kommo-o|Kommo-o, M|100\/100\n|move|p2a: Clefairy|Follow Me|p2a: Clefairy\n|-singleturn|p2a: Clefairy|move: Follow Me\n|move|p1a: Spectrum|Rage Fist|p2a: Clefairy\n|-damage|p2a: Clefairy|0 fnt\n|faint|p2a: Clefairy\n|\n|upkeep\n|\n|t:|1698764512\n|switch|p2a: Iron Hands|Iron Hands|97\/100\n|turn|6\n|\n|t:|1698764521\n|move|p1a: Spectrum|Protect|p1a: Spectrum\n|-singleturn|p1a: Spectrum|Protect\n|move|p2a: Iron Hands|Fake Out|p1b: Mahna Mahna\n|-damage|p1b: Mahna Mahna|88\/100\n|move|p2b: Kommo-o|Clanging Scales|p1a: Spectrum|[spread] \n|-activate|p1a: Spectrum|move: Protect\n|-immune|p1b: Mahna Mahna\n|move|p1b: Mahna Mahna|Trick Room|p1b: Mahna Mahna\n|-fieldstart|move: Trick Room|[of] p1b: Mahna Mahna\n|\n|upkeep\n|turn|7\n|\n|t:|1698764539\n|move|p1b: Mahna Mahna|Moonblast|p2b: Kommo-o\n|-supereffective|p2b: Kommo-o\n|-damage|p2b: Kommo-o|0 fnt\n|faint|p2b: Kommo-o\n|move|p2a: Iron Hands|Wild Charge|p1a: Spectrum\n|-crit|p1a: Spectrum\n|-damage|p1a: Spectrum|0 fnt\n|faint|p1a: Spectrum\n|-damage|p2a: Iron Hands|86\/100|[from] Recoil\n|\n|upkeep\n|-message|Escavaknight forfeited.\n|\n|win|El Ryuk456\n|raw|El Ryuk456's rating: 1466 &rarr; <strong>1477<\/strong><br \/>(+11 for winning)\n|raw|Escavaknight's rating: 1295 &rarr; <strong>1281<\/strong><br \/>(-14 for losing)\n|l|\u2606Escavaknight\n","uploadtime":1698764547,"views":10,"p1id":"elryuk456","p2id":"escavaknight","formatid":"gen9nationaldexdoubles","rating":1281,"private":0,"password":""}