{"id":"gen9nationaldexdoubles-1988256640","p1":"yaspistols","p2":"B e r g l u n d","format":"[Gen 9] National Dex Doubles","log":"|j|\u2606yaspistols\n|j|\u2606B e r g l u n d\n|t:|1699695848\n|gametype|doubles\n|player|p1|yaspistols|giovanni|1077\n|player|p2|B e r g l u n d|169|1000\n|teamsize|p1|6\n|teamsize|p2|6\n|gen|9\n|tier|[Gen 9] National Dex Doubles\n|rated|\n|rule|HP Percentage Mod: HP is shown in percentages\n|rule|Endless Battle Clause: Forcing endless battles is banned\n|rule|OHKO Clause: OHKO moves are banned\n|rule|Evasion Moves Clause: Evasion moves are banned\n|rule|Evasion Abilities Clause: Evasion abilities are banned\n|rule|Species Clause: Limit one of each Pok\u00e9mon\n|rule|Gravity Sleep Clause: The combination of sleep-inducing moves with imperfect accuracy and Gravity or Gigantamax Orbeetle are banned\n|clearpoke\n|poke|p1|Comfey, F|\n|poke|p1|Primarina, F|\n|poke|p1|Metagross|\n|poke|p1|Rillaboom, F|\n|poke|p1|Camerupt, F|\n|poke|p1|Smeargle, F|\n|poke|p2|Dragonite, M|\n|poke|p2|Flutter Mane|\n|poke|p2|Dragapult, M|\n|poke|p2|Volcarona, M|\n|poke|p2|Amoonguss, F|\n|poke|p2|Gholdengo|\n|teampreview\n|inactive|Battle timer is ON: inactive players will automatically lose when time's up. (requested by yaspistols)\n|\n|t:|1699695875\n|start\n|switch|p1a: Comfey|Comfey, F, shiny|100\/100\n|switch|p1b: Primarina|Primarina, F, shiny|100\/100\n|switch|p2a: Dragonite|Dragonite, M|100\/100\n|switch|p2b: Gholdengo|Gholdengo|100\/100\n|-item|p2b: Gholdengo|Air Balloon\n|turn|1\n|inactive|B e r g l u n d has 120 seconds left.\n|\n|t:|1699695923\n|-terastallize|p1a: Comfey|Steel\n|move|p2a: Dragonite|Dragon Dance|p2a: Dragonite\n|-boost|p2a: Dragonite|atk|1\n|-boost|p2a: Dragonite|spe|1\n|move|p2b: Gholdengo|Thunder Wave|p1b: Primarina\n|-status|p1b: Primarina|par\n|cant|p1b: Primarina|par\n|move|p1a: Comfey|Trick Room|p1a: Comfey\n|-fieldstart|move: Trick Room|[of] p1a: Comfey\n|\n|upkeep\n|turn|2\n|inactive|B e r g l u n d has 120 seconds left.\n|\n|t:|1699695957\n|switch|p1a: Camerupt|Camerupt, F, shiny|100\/100\n|cant|p1b: Primarina|par\n|move|p2b: Gholdengo|Hex|p1b: Primarina\n|-damage|p1b: Primarina|54\/100 par\n|move|p2a: Dragonite|Fire Punch|p1a: Camerupt\n|-resisted|p1a: Camerupt\n|-damage|p1a: Camerupt|75\/100\n|\n|upkeep\n|turn|3\n|inactive|B e r g l u n d has 120 seconds left.\n|\n|t:|1699695975\n|move|p1b: Primarina|Ice Beam|p2a: Dragonite\n|-supereffective|p2a: Dragonite\n|-damage|p2a: Dragonite|0 fnt\n|faint|p2a: Dragonite\n|move|p1a: Camerupt|Heat Wave|p2b: Gholdengo\n|-supereffective|p2b: Gholdengo\n|-damage|p2b: Gholdengo|0 fnt\n|-enditem|p2b: Gholdengo|Air Balloon\n|faint|p2b: Gholdengo\n|\n|upkeep\n|\n|t:|1699695988\n|switch|p2b: Volcarona|Volcarona, M|100\/100\n|switch|p2a: Dragapult|Dragapult, M|100\/100\n|turn|4\n|inactive|B e r g l u n d has 120 seconds left.\n|\n|t:|1699696009\n|move|p1b: Primarina|Moonblast|p2a: Dragapult\n|-supereffective|p2a: Dragapult\n|-damage|p2a: Dragapult|0 fnt\n|faint|p2a: Dragapult\n|move|p1a: Camerupt|Eruption|p2b: Volcarona\n|-damage|p2b: Volcarona|43\/100\n|move|p2b: Volcarona|Quiver Dance|p2b: Volcarona\n|-boost|p2b: Volcarona|spa|1\n|-boost|p2b: Volcarona|spd|1\n|-boost|p2b: Volcarona|spe|1\n|\n|upkeep\n|\n|t:|1699696021\n|switch|p2a: Amoonguss|Amoonguss, F|100\/100\n|turn|5\n|\n|t:|1699696033\n|move|p1b: Primarina|Hyper Voice|p2b: Volcarona|[spread] p2a,p2b\n|-resisted|p2a: Amoonguss\n|-supereffective|p2b: Volcarona\n|-damage|p2a: Amoonguss|87\/100\n|-damage|p2b: Volcarona|0 fnt\n|faint|p2b: Volcarona\n|move|p1a: Camerupt|Heat Wave|p2a: Amoonguss\n|-supereffective|p2a: Amoonguss\n|-damage|p2a: Amoonguss|4\/100\n|-status|p2a: Amoonguss|brn\n|move|p2a: Amoonguss|Spore||[still]\n|-fail|p2a: Amoonguss\n|\n|-damage|p2a: Amoonguss|0 fnt|[from] brn\n|faint|p2a: Amoonguss\n|-fieldend|move: Trick Room\n|upkeep\n|inactive|B e r g l u n d has 120 seconds left.\n|-message|B e r g l u n d forfeited.\n|\n|win|yaspistols\n|raw|yaspistols's rating: 1077 &rarr; <strong>1099<\/strong><br \/>(+22 for winning)\n|raw|B e r g l u n d's rating: 1000 &rarr; <strong>1000<\/strong><br \/>(+0 for losing)\n|l|\u2606B e r g l u n d\n","uploadtime":1699696052,"views":9,"p1id":"yaspistols","p2id":"berglund","formatid":"gen9nationaldexdoubles","rating":1000,"private":0,"password":""}