{"id":"gen9nationaldexdoubles-1996712771","p1":"K3ppr","p2":"Kin+ak (\u2727\u2207\u2727)","format":"[Gen 9] National Dex Doubles","log":"|j|\u2606K3ppr\n|j|\u2606Kin+ak (\u2727\u2207\u2727)\n|t:|1700713187\n|gametype|doubles\n|player|p1|K3ppr|#dwcopiii|\n|player|p2|Kin+ak (\u2727\u2207\u2727)|wally|\n|teamsize|p1|6\n|teamsize|p2|6\n|gen|9\n|tier|[Gen 9] National Dex Doubles\n|rule|HP Percentage Mod: HP is shown in percentages\n|rule|Endless Battle Clause: Forcing endless battles is banned\n|rule|OHKO Clause: OHKO moves are banned\n|rule|Evasion Moves Clause: Evasion moves are banned\n|rule|Evasion Abilities Clause: Evasion abilities are banned\n|rule|Species Clause: Limit one of each Pok\u00e9mon\n|rule|Gravity Sleep Clause: The combination of sleep-inducing moves with imperfect accuracy and Gravity or Gigantamax Orbeetle are banned\n|clearpoke\n|poke|p1|Zapdos|\n|poke|p1|Palafin, M|\n|poke|p1|Rillaboom, F|\n|poke|p1|Jirachi|\n|poke|p1|Flutter Mane|\n|poke|p1|Heatran, F|\n|poke|p2|Camerupt, M|\n|poke|p2|Porygon2|\n|poke|p2|Indeedee-F, F|\n|poke|p2|Cresselia, F|\n|poke|p2|Glastrier|\n|poke|p2|Ursaluna, M|\n|teampreview\n|c|\u2606K3ppr|glhf\n|c|\u2606Kin+ak (\u2727\u2207\u2727)|gmhf\n|c|\u2606Kin+ak (\u2727\u2207\u2727)|I've only got 2 teams\n|\n|t:|1700713221\n|start\n|switch|p1a: Palafin|Palafin, M|100\/100\n|switch|p1b: Jirachi|Jirachi|100\/100\n|switch|p2a: Camerupt|Camerupt, M|100\/100\n|switch|p2b: Indeedee|Indeedee-F, F|100\/100\n|-fieldstart|move: Psychic Terrain|[from] ability: Psychic Surge|[of] p2b: Indeedee\n|turn|1\n|c|\u2606K3ppr|I found all my teams\n|c|\u2606K3ppr|Ur teams seem solid tho\n|c|\u2606Kin+ak (\u2727\u2207\u2727)|thx\n|\n|t:|1700713245\n|detailschange|p1a: Palafin|Palafin-Hero, M\n|switch|p1a: Heatran|Heatran, F|100\/100\n|detailschange|p2a: Camerupt|Camerupt-Mega, M\n|-mega|p2a: Camerupt|Camerupt|Cameruptite\n|move|p2b: Indeedee|Follow Me|p2b: Indeedee\n|-singleturn|p2b: Indeedee|move: Follow Me\n|move|p1b: Jirachi|Stealth Rock|p2a: Camerupt\n|-sidestart|p2: Kin+ak (\u2727\u2207\u2727)|move: Stealth Rock\n|move|p2a: Camerupt|Earth Power|p1b: Jirachi\n|-supereffective|p1b: Jirachi\n|-damage|p1b: Jirachi|0 fnt\n|faint|p1b: Jirachi\n|\n|upkeep\n|\n|t:|1700713265\n|switch|p1b: Palafin|Palafin-Hero, M|100\/100\n|-activate|p1b: Palafin|ability: Zero to Hero\n|turn|2\n|inactive|Battle timer is ON: inactive players will automatically lose when time's up. (requested by K3ppr)\n|\n|t:|1700713320\n|switch|p1a: Rillaboom|Rillaboom, F|100\/100\n|-fieldstart|move: Grassy Terrain|[from] ability: Grassy Surge|[of] p1a: Rillaboom\n|switch|p2a: Porygon2|Porygon2, shiny|100\/100\n|-damage|p2a: Porygon2|88\/100|[from] Stealth Rock\n|-ability|p2a: Porygon2|Grassy Surge|[from] ability: Trace|[of] p1a: Rillaboom\n|move|p1b: Palafin|Jet Punch|p2a: Porygon2\n|-damage|p2a: Porygon2|71\/100\n|move|p2b: Indeedee|Trick Room|p2b: Indeedee\n|-fieldstart|move: Trick Room|[of] p2b: Indeedee\n|\n|-heal|p2a: Porygon2|77\/100|[from] Grassy Terrain\n|upkeep\n|turn|3\n|\n|t:|1700713343\n|switch|p2b: Glastrier|Glastrier|100\/100\n|-damage|p2b: Glastrier|76\/100|[from] Stealth Rock\n|move|p1a: Rillaboom|Fake Out|p2a: Porygon2\n|-damage|p2a: Porygon2|70\/100\n|move|p1b: Palafin|Bulk Up|p1b: Palafin\n|-boost|p1b: Palafin|atk|1\n|-boost|p1b: Palafin|def|1\n|cant|p2a: Porygon2|flinch\n|\n|-heal|p2b: Glastrier|82\/100|[from] Grassy Terrain\n|-heal|p2a: Porygon2|76\/100|[from] Grassy Terrain\n|upkeep\n|turn|4\n|\n|t:|1700713370\n|switch|p1a: Heatran|Heatran, F|100\/100\n|-terastallize|p1b: Palafin|Fighting\n|move|p2b: Glastrier|High Horsepower|p1a: Heatran\n|-supereffective|p1a: Heatran\n|-damage|p1a: Heatran|0 fnt\n|faint|p1a: Heatran\n|-ability|p2b: Glastrier|Chilling Neigh|boost\n|-boost|p2b: Glastrier|atk|1\n|move|p1b: Palafin|Drain Punch|p2b: Glastrier\n|-supereffective|p2b: Glastrier\n|-damage|p2b: Glastrier|0 fnt\n|faint|p2b: Glastrier\n|move|p2a: Porygon2|Teleport|p2a: Porygon2\n|\n|t:|1700713378\n|switch|p2a: Ursaluna|Ursaluna, M|100\/100|[from] Teleport\n|-damage|p2a: Ursaluna|94\/100|[from] Stealth Rock\n|\n|-heal|p2a: Ursaluna|100\/100|[from] Grassy Terrain\n|-status|p2a: Ursaluna|brn|[from] item: Flame Orb\n|upkeep\n|\n|t:|1700713385\n|switch|p2b: Indeedee|Indeedee-F, F|100\/100\n|switch|p1a: Zapdos|Zapdos|100\/100\n|-damage|p2b: Indeedee|88\/100|[from] Stealth Rock\n|-fieldstart|move: Psychic Terrain|[from] ability: Psychic Surge|[of] p2b: Indeedee\n|turn|5\n|\n|t:|1700713403\n|-terastallize|p2a: Ursaluna|Normal\n|move|p1a: Zapdos|Protect|p1a: Zapdos\n|-singleturn|p1a: Zapdos|Protect\n|move|p2b: Indeedee|Follow Me|p2b: Indeedee\n|-singleturn|p2b: Indeedee|move: Follow Me\n|move|p2a: Ursaluna|Facade|p1b: Palafin\n|-damage|p1b: Palafin|4\/100\n|move|p1b: Palafin|Drain Punch|p2b: Indeedee\n|-damage|p2b: Indeedee|0 fnt\n|-heal|p1b: Palafin|42\/100|[from] drain|[of] p2b: Indeedee\n|faint|p2b: Indeedee\n|\n|-damage|p2a: Ursaluna|94\/100 brn|[from] brn\n|upkeep\n|\n|t:|1700713416\n|switch|p2b: Camerupt|Camerupt-Mega, M|100\/100\n|-damage|p2b: Camerupt|88\/100|[from] Stealth Rock\n|turn|6\n|\n|t:|1700713430\n|move|p1b: Palafin|Protect|p1b: Palafin\n|-singleturn|p1b: Palafin|Protect\n|move|p2b: Camerupt|Heat Wave|p1b: Palafin|[spread] \n|-activate|p1b: Palafin|move: Protect\n|-miss|p2b: Camerupt|p1a: Zapdos\n|move|p2a: Ursaluna|Facade|p1b: Palafin\n|-activate|p1b: Palafin|move: Protect\n|-zpower|p1a: Zapdos\n|move|p1a: Zapdos|Supersonic Skystrike|p2a: Ursaluna|[zeffect]\n|-damage|p2a: Ursaluna|16\/100 brn\n|\n|-damage|p2a: Ursaluna|10\/100 brn|[from] brn\n|-fieldend|move: Trick Room\n|upkeep\n|turn|7\n|c|\u2606Kin+ak (\u2727\u2207\u2727)|BRO\n|inactive|K3ppr has 270 seconds left.\n|c|\u2606Kin+ak (\u2727\u2207\u2727)|gg\n|\n|t:|1700713465\n|switch|p2a: Cresselia|Cresselia, F|100\/100\n|-damage|p2a: Cresselia|88\/100|[from] Stealth Rock\n|move|p1a: Zapdos|Volt Switch|p2a: Cresselia\n|-damage|p2a: Cresselia|68\/100\n|\n|t:|1700713472\n|switch|p1a: Rillaboom|Rillaboom, F|100\/100|[from] Volt Switch\n|-fieldstart|move: Grassy Terrain|[from] ability: Grassy Surge|[of] p1a: Rillaboom\n|move|p1b: Palafin|Drain Punch|p2b: Camerupt\n|-damage|p2b: Camerupt|18\/100\n|-heal|p1b: Palafin|72\/100|[from] drain|[of] p2b: Camerupt\n|move|p2b: Camerupt|Earth Power|p1b: Palafin\n|-damage|p1b: Palafin|0 fnt\n|faint|p1b: Palafin\n|\n|-heal|p2b: Camerupt|24\/100|[from] Grassy Terrain\n|upkeep\n|\n|t:|1700713476\n|switch|p1b: Flutter Mane|Flutter Mane|100\/100\n|turn|8\n|inactive|K3ppr has 270 seconds left.\n|\n|t:|1700713508\n|move|p1a: Rillaboom|Fake Out|p2b: Camerupt\n|-damage|p2b: Camerupt|10\/100\n|move|p2a: Cresselia|Ally Switch|p2a: Cresselia\n|swap|p2a: Cresselia|1|[from] move: Ally Switch\n|move|p1b: Flutter Mane|Shadow Ball|p2a: Camerupt\n|-damage|p2a: Camerupt|0 fnt\n|faint|p2a: Camerupt\n|\n|upkeep\n|\n|t:|1700713518\n|switch|p2a: Porygon2|Porygon2, shiny|76\/100\n|-damage|p2a: Porygon2|64\/100|[from] Stealth Rock\n|-ability|p2a: Porygon2|Grassy Surge|[from] ability: Trace|[of] p1a: Rillaboom\n|turn|9\n|\n|t:|1700713527\n|move|p1b: Flutter Mane|Shadow Ball|p2b: Cresselia\n|-supereffective|p2b: Cresselia\n|-damage|p2b: Cresselia|10\/100\n|-unboost|p2b: Cresselia|spd|1\n|move|p1a: Rillaboom|U-turn|p2b: Cresselia\n|-supereffective|p2b: Cresselia\n|-damage|p2b: Cresselia|0 fnt\n|faint|p2b: Cresselia\n|\n|t:|1700713532\n|switch|p1a: Zapdos|Zapdos|100\/100|[from] U-turn\n|move|p2a: Porygon2|Trick Room|p2a: Porygon2\n|-fieldstart|move: Trick Room|[of] p2a: Porygon2\n|\n|-heal|p2a: Porygon2|70\/100|[from] Grassy Terrain\n|upkeep\n|\n|t:|1700713543\n|switch|p2b: Ursaluna|Ursaluna, M, tera:Normal|10\/100 brn\n|-damage|p2b: Ursaluna|0 fnt|[from] Stealth Rock\n|faint|p2b: Ursaluna\n|turn|10\n|c|\u2606Kin+ak (\u2727\u2207\u2727)|GG\n|c|\u2606K3ppr|gg\n|\n|t:|1700713561\n|-end|p1b: Flutter Mane|Protosynthesis|[silent]\n|switch|p1b: Rillaboom|Rillaboom, F|100\/100\n|move|p2a: Porygon2|Tri Attack|p1a: Zapdos\n|-damage|p1a: Zapdos|74\/100\n|-status|p1a: Zapdos|frz\n|cant|p1a: Zapdos|frz\n|\n|-heal|p2a: Porygon2|76\/100|[from] Grassy Terrain\n|upkeep\n|turn|11\n|\n|t:|1700713571\n|move|p1b: Rillaboom|Fake Out|p2a: Porygon2\n|-damage|p2a: Porygon2|70\/100\n|cant|p2a: Porygon2|flinch\n|cant|p1a: Zapdos|frz\n|\n|-heal|p2a: Porygon2|76\/100|[from] Grassy Terrain\n|-fieldend|move: Grassy Terrain\n|upkeep\n|turn|12\n|\n|t:|1700713584\n|move|p2a: Porygon2|Tri Attack|p1b: Rillaboom\n|-damage|p1b: Rillaboom|83\/100\n|move|p1b: Rillaboom|U-turn|p2a: Porygon2\n|-damage|p2a: Porygon2|65\/100\n|\n|t:|1700713588\n|switch|p1b: Flutter Mane|Flutter Mane|100\/100|[from] U-turn\n|cant|p1a: Zapdos|frz\n|\n|upkeep\n|turn|13\n|\n|t:|1700713592\n|move|p2a: Porygon2|Recover|p2a: Porygon2\n|-heal|p2a: Porygon2|100\/100\n|cant|p1a: Zapdos|frz\n|move|p1b: Flutter Mane|Moonblast|p2a: Porygon2\n|-damage|p2a: Porygon2|58\/100\n|\n|-fieldend|move: Trick Room\n|upkeep\n|turn|14\n|\n|t:|1700713601\n|switch|p1a: Rillaboom|Rillaboom, F|83\/100\n|-fieldstart|move: Grassy Terrain|[from] ability: Grassy Surge|[of] p1a: Rillaboom\n|move|p1b: Flutter Mane|Moonblast|p2a: Porygon2\n|-damage|p2a: Porygon2|15\/100\n|move|p2a: Porygon2|Trick Room|p2a: Porygon2\n|-fieldstart|move: Trick Room|[of] p2a: Porygon2\n|\n|-heal|p2a: Porygon2|21\/100|[from] Grassy Terrain\n|-heal|p1a: Rillaboom|89\/100|[from] Grassy Terrain\n|upkeep\n|turn|15\n|\n|t:|1700713607\n|move|p1a: Rillaboom|Fake Out|p2a: Porygon2\n|-damage|p2a: Porygon2|15\/100\n|cant|p2a: Porygon2|flinch\n|move|p1b: Flutter Mane|Moonblast|p2a: Porygon2\n|-damage|p2a: Porygon2|0 fnt\n|faint|p2a: Porygon2\n|\n|win|K3ppr\n|l|\u2606Kin+ak (\u2727\u2207\u2727)\n","uploadtime":1700713663,"views":31,"p1id":"k3ppr","p2id":"kinak","formatid":"gen9nationaldexdoubles","rating":0,"private":0,"password":""}