{"id":"gen9nationaldexdoubles-1968196764","p1":"kug ni fyolfy","p2":"nduu is cool","format":"[Gen 9] National Dex Doubles","log":"|j|\u2606kug ni fyolfy\n|j|\u2606nduu is cool\n|t:|1697393857\n|gametype|doubles\n|player|p1|kug ni fyolfy|cyclistf-gen4|1045\n|player|p2|nduu is cool|blaine|1000\n|teamsize|p1|6\n|teamsize|p2|6\n|gen|9\n|tier|[Gen 9] National Dex Doubles\n|rated|\n|rule|HP Percentage Mod: HP is shown in percentages\n|rule|Endless Battle Clause: Forcing endless battles is banned\n|rule|OHKO Clause: OHKO moves are banned\n|rule|Evasion Moves Clause: Evasion moves are banned\n|rule|Evasion Abilities Clause: Evasion abilities are banned\n|rule|Species Clause: Limit one of each Pok\u00e9mon\n|rule|Gravity Sleep Clause: The combination of sleep-inducing moves with imperfect accuracy and Gravity or Gigantamax Orbeetle are banned\n|clearpoke\n|poke|p1|Indeedee-F, F|\n|poke|p1|Oranguru, M|\n|poke|p1|Glastrier|\n|poke|p1|Hoopa-Unbound|\n|poke|p1|Ursaluna, F|\n|poke|p1|Zygarde|\n|poke|p2|Dragapult, F|\n|poke|p2|Sylveon, M|\n|poke|p2|Primarina, F|\n|poke|p2|Amoonguss, M|\n|poke|p2|Chien-Pao|\n|poke|p2|Iron Hands|\n|teampreview\n|inactive|Battle timer is ON: inactive players will automatically lose when time's up. (requested by nduu is cool)\n|\n|t:|1697393866\n|start\n|switch|p1a: Hoopa|Hoopa-Unbound|100\/100\n|switch|p1b: Zygarde|Zygarde|100\/100\n|switch|p2a: Dragapult|Dragapult, F|100\/100\n|switch|p2b: Sylveon|Sylveon, M|100\/100\n|-ability|p1b: Zygarde|Aura Break\n|turn|1\n|\n|t:|1697393888\n|-terastallize|p1b: Zygarde|Steel\n|move|p2a: Dragapult|Round|p1a: Hoopa\n|-damage|p1a: Hoopa|90\/100\n|move|p2b: Sylveon|Round|p1a: Hoopa|[from]move: Round\n|-supereffective|p1a: Hoopa\n|-damage|p1a: Hoopa|0 fnt\n|faint|p1a: Hoopa\n|move|p1b: Zygarde|Coil|p1b: Zygarde\n|-boost|p1b: Zygarde|atk|1\n|-boost|p1b: Zygarde|def|1\n|-boost|p1b: Zygarde|accuracy|1\n|\n|upkeep\n|\n|t:|1697393905\n|switch|p1a: Indeedee|Indeedee-F, F|100\/100\n|-fieldstart|move: Psychic Terrain|[from] ability: Psychic Surge|[of] p1a: Indeedee\n|turn|2\n|\n|t:|1697393933\n|-terastallize|p2b: Sylveon|Fairy\n|move|p2a: Dragapult|Round|p1a: Indeedee\n|-damage|p1a: Indeedee|88\/100\n|move|p2b: Sylveon|Round|p1a: Indeedee|[from]move: Round\n|-damage|p1a: Indeedee|0 fnt\n|faint|p1a: Indeedee\n|move|p1b: Zygarde|Coil|p1b: Zygarde\n|-boost|p1b: Zygarde|atk|1\n|-boost|p1b: Zygarde|def|1\n|-boost|p1b: Zygarde|accuracy|1\n|\n|upkeep\n|inactive|kug ni fyolfy has 120 seconds left.\n|\n|t:|1697393967\n|switch|p1a: Ursaluna|Ursaluna, F|100\/100\n|turn|3\n|\n|t:|1697393973\n|move|p1a: Ursaluna|Protect|p1a: Ursaluna\n|-singleturn|p1a: Ursaluna|Protect\n|move|p2a: Dragapult|Round|p1a: Ursaluna\n|-activate|p1a: Ursaluna|move: Protect\n|move|p2b: Sylveon|Round|p1a: Ursaluna|[from]move: Round\n|-activate|p1a: Ursaluna|move: Protect\n|move|p1b: Zygarde|Thousand Arrows|p2a: Dragapult|[spread] p2a,p2b\n|-damage|p2a: Dragapult|47\/100\n|-damage|p2b: Sylveon|41\/100\n|\n|-status|p1a: Ursaluna|brn|[from] item: Flame Orb\n|upkeep\n|turn|4\n|\n|t:|1697393995\n|move|p1a: Ursaluna|Protect||[still]\n|-fail|p1a: Ursaluna\n|move|p2a: Dragapult|Round|p1a: Ursaluna\n|-damage|p1a: Ursaluna|89\/100 brn\n|move|p2b: Sylveon|Round|p1a: Ursaluna|[from]move: Round\n|-damage|p1a: Ursaluna|0 fnt\n|faint|p1a: Ursaluna\n|move|p1b: Zygarde|Thousand Arrows|p2b: Sylveon|[spread] p2a,p2b\n|-damage|p2a: Dragapult|0 fnt\n|-damage|p2b: Sylveon|0 fnt\n|faint|p2a: Dragapult\n|faint|p2b: Sylveon\n|\n|upkeep\n|\n|t:|1697394012\n|switch|p2a: Amoonguss|Amoonguss, M|100\/100\n|switch|p2b: Chien-Pao|Chien-Pao|100\/100\n|switch|p1a: Oranguru|Oranguru, M|100\/100\n|-ability|p2b: Chien-Pao|Sword of Ruin\n|turn|5\n|\n|t:|1697394020\n|move|p2a: Amoonguss|Rage Powder|p2a: Amoonguss\n|-singleturn|p2a: Amoonguss|move: Rage Powder\n|move|p2b: Chien-Pao|Sacred Sword|p1b: Zygarde\n|-supereffective|p1b: Zygarde\n|-damage|p1b: Zygarde|44\/100\n|move|p1b: Zygarde|Thousand Arrows|p2b: Chien-Pao|[spread] p2a,p2b\n|-damage|p2a: Amoonguss|50\/100\n|-damage|p2b: Chien-Pao|32\/100\n|-enditem|p2a: Amoonguss|Sitrus Berry|[eat]\n|-heal|p2a: Amoonguss|75\/100|[from] item: Sitrus Berry\n|move|p1a: Oranguru|Trick Room|p1a: Oranguru\n|-fieldstart|move: Trick Room|[of] p1a: Oranguru\n|-enditem|p1b: Zygarde|Room Service\n|-unboost|p1b: Zygarde|spe|1|[from] item: Room Service\n|\n|upkeep\n|turn|6\n|\n|t:|1697394033\n|switch|p2b: Iron Hands|Iron Hands|100\/100\n|move|p2a: Amoonguss|Spore|p1b: Zygarde\n|-status|p1b: Zygarde|slp|[from] move: Spore\n|move|p1a: Oranguru|Instruct|p1b: Zygarde\n|-singleturn|p1b: Zygarde|move: Instruct|[of] p1a: Oranguru\n|cant|p1b: Zygarde|slp\n|cant|p1b: Zygarde|slp\n|\n|-fieldend|move: Psychic Terrain\n|upkeep\n|turn|7\n|\n|t:|1697394045\n|move|p1a: Oranguru|Ally Switch|p1a: Oranguru\n|swap|p1a: Oranguru|1|[from] move: Ally Switch\n|move|p2a: Amoonguss|Spore|p1a: Zygarde\n|-fail|p1a: Zygarde|slp\n|-curestatus|p1a: Zygarde|slp|[msg]\n|move|p1a: Zygarde|Thousand Arrows|p2b: Iron Hands|[spread] p2a,p2b\n|-supereffective|p2b: Iron Hands\n|-damage|p2a: Amoonguss|41\/100\n|-damage|p2b: Iron Hands|40\/100\n|move|p2b: Iron Hands|Drain Punch|p1b: Oranguru\n|-damage|p1b: Oranguru|71\/100\n|-heal|p2b: Iron Hands|53\/100|[from] drain|[of] p1b: Oranguru\n|\n|upkeep\n|turn|8\n|\n|t:|1697394065\n|move|p2a: Amoonguss|Spore|p1a: Zygarde\n|-status|p1a: Zygarde|slp|[from] move: Spore\n|move|p1b: Oranguru|Instruct|p1a: Zygarde\n|-singleturn|p1a: Zygarde|move: Instruct|[of] p1b: Oranguru\n|cant|p1a: Zygarde|slp\n|-curestatus|p1a: Zygarde|slp|[msg]\n|move|p1a: Zygarde|Thousand Arrows|p2a: Amoonguss|[spread] p2a,p2b\n|-supereffective|p2b: Iron Hands\n|-damage|p2a: Amoonguss|3\/100\n|-damage|p2b: Iron Hands|0 fnt\n|faint|p2b: Iron Hands\n|-end|p2b: Iron Hands|Quark Drive|[silent]\n|\n|upkeep\n|inactive|nduu is cool has 120 seconds left.\n|-message|nduu is cool forfeited.\n|\n|win|kug ni fyolfy\n|raw|kug ni fyolfy's rating: 1045 &rarr; <strong>1074<\/strong><br \/>(+29 for winning)\n|raw|nduu is cool's rating: 1000 &rarr; <strong>1000<\/strong><br \/>(+0 for losing)\n|l|\u2606nduu is cool\n|j| Commentator voice\n|c| Commentator voice|Hahahaha  RAGE QUIT\n|l| Commentator voice\n|j| Commentator voice\n","uploadtime":1697394123,"views":11,"p1id":"kugnifyolfy","p2id":"nduuiscool","formatid":"gen9nationaldexdoubles","rating":1000,"private":0,"password":""}