{"id":"gen9nationaldexdoubles-1960245423","p1":"SquilliamAft0n","p2":"wompaville","format":"[Gen 9] National Dex Doubles","log":"|j|\u2606SquilliamAft0n\n|j|\u2606wompaville\n|t:|1696510290\n|gametype|doubles\n|player|p1|SquilliamAft0n|2|\n|player|p2|wompaville|1|\n|teamsize|p1|6\n|teamsize|p2|6\n|gen|9\n|tier|[Gen 9] National Dex Doubles\n|rule|HP Percentage Mod: HP is shown in percentages\n|rule|Endless Battle Clause: Forcing endless battles is banned\n|rule|OHKO Clause: OHKO moves are banned\n|rule|Evasion Moves Clause: Evasion moves are banned\n|rule|Evasion Abilities Clause: Evasion abilities are banned\n|rule|Species Clause: Limit one of each Pok\u00e9mon\n|rule|Gravity Sleep Clause: The combination of sleep-inducing moves with imperfect accuracy and Gravity or Gigantamax Orbeetle are banned\n|clearpoke\n|poke|p1|Shiftry, F|\n|poke|p1|Tornadus, M|\n|poke|p1|Ting-Lu|\n|poke|p1|Goodra, M|\n|poke|p1|Ursaluna-Bloodmoon, M|\n|poke|p1|Vikavolt, M|\n|poke|p2|Tyranitar, M|\n|poke|p2|Ursaluna-Bloodmoon, M|\n|poke|p2|Flutter Mane|\n|poke|p2|Chandelure, M|\n|poke|p2|Kingambit, M|\n|poke|p2|Goodra-Hisui, F|\n|teampreview\n|\n|t:|1696510295\n|start\n|switch|p1a: Shiftry|Shiftry, F, shiny|100\/100\n|switch|p1b: Tornadus|Tornadus, M|100\/100\n|switch|p2a: Tyranitar|Tyranitar, M|100\/100\n|switch|p2b: Ursaluna|Ursaluna-Bloodmoon, M|100\/100\n|-weather|Sandstorm|[from] ability: Sand Stream|[of] p2a: Tyranitar\n|turn|1\n|\n|t:|1696510312\n|move|p1b: Tornadus|Tailwind|p1b: Tornadus\n|-sidestart|p1: SquilliamAft0n|move: Tailwind\n|-ability|p1a: Shiftry|Wind Rider|boost\n|-boost|p1a: Shiftry|atk|1\n|move|p1a: Shiftry|Brick Break|p2a: Tyranitar\n|-supereffective|p2a: Tyranitar\n|-damage|p2a: Tyranitar|0 fnt\n|faint|p2a: Tyranitar\n|-damage|p1a: Shiftry|91\/100|[from] item: Life Orb\n|move|p2b: Ursaluna|Calm Mind|p2b: Ursaluna\n|-boost|p2b: Ursaluna|spa|1\n|-boost|p2b: Ursaluna|spd|1\n|\n|-weather|Sandstorm|[upkeep]\n|-damage|p1a: Shiftry|84\/100|[from] Sandstorm\n|-damage|p1b: Tornadus|94\/100|[from] Sandstorm\n|upkeep\n|\n|t:|1696510319\n|switch|p2a: Chandelure|Chandelure, M|100\/100\n|turn|2\n|\n|t:|1696510340\n|move|p1a: Shiftry|Knock Off|p2a: Chandelure\n|-supereffective|p2a: Chandelure\n|-damage|p2a: Chandelure|0 fnt\n|-enditem|p2a: Chandelure|Leftovers|[from] move: Knock Off|[of] p1a: Shiftry\n|faint|p2a: Chandelure\n|-damage|p1a: Shiftry|74\/100|[from] item: Life Orb\n|move|p1b: Tornadus|Chilling Water|p2b: Ursaluna\n|-supereffective|p2b: Ursaluna\n|-damage|p2b: Ursaluna|71\/100\n|-unboost|p2b: Ursaluna|atk|1\n|move|p2b: Ursaluna|Blood Moon|p1b: Tornadus\n|-damage|p1b: Tornadus|0 fnt\n|faint|p1b: Tornadus\n|\n|-weather|Sandstorm|[upkeep]\n|-damage|p1a: Shiftry|68\/100|[from] Sandstorm\n|upkeep\n|\n|t:|1696510354\n|switch|p2a: Goodra|Goodra-Hisui, F|100\/100\n|switch|p1b: Ting-Lu|Ting-Lu|100\/100\n|-ability|p1b: Ting-Lu|Vessel of Ruin\n|turn|3\n|inactive|Battle timer is ON: inactive players will automatically lose when time's up. (requested by SquilliamAft0n)\n|\n|t:|1696510389\n|move|p1a: Shiftry|Brick Break|p2a: Goodra\n|-supereffective|p2a: Goodra\n|-damage|p2a: Goodra|8\/100\n|-damage|p1a: Shiftry|58\/100|[from] item: Life Orb\n|move|p2a: Goodra|Blizzard|p1a: Shiftry|[spread] p1b\n|-ability|p1a: Shiftry|Wind Rider|boost\n|-boost|p1a: Shiftry|atk|1\n|-supereffective|p1b: Ting-Lu\n|-damage|p1b: Ting-Lu|64\/100\n|move|p2b: Ursaluna|Earth Power|p1a: Shiftry\n|-resisted|p1a: Shiftry\n|-damage|p1a: Shiftry|14\/100\n|move|p1b: Ting-Lu|Whirlwind|p2b: Ursaluna\n|drag|p2b: Kingambit|Kingambit, M|100\/100\n|-activate|p2b: Kingambit|ability: Supreme Overlord\n|-start|p2b: Kingambit|fallen2|[silent]\n|\n|-weather|Sandstorm|[upkeep]\n|-damage|p1a: Shiftry|8\/100|[from] Sandstorm\n|-status|p2b: Kingambit|brn|[from] item: Flame Orb\n|upkeep\n|turn|4\n|inactive|SquilliamAft0n has 270 seconds left.\n|inactive|wompaville has 270 seconds left.\n|\n|t:|1696510426\n|-end|p2b: Kingambit|fallen2|[silent]\n|switch|p2b: Ursaluna|Ursaluna-Bloodmoon, M|71\/100\n|move|p1a: Shiftry|Brick Break|p2b: Ursaluna\n|-supereffective|p2b: Ursaluna\n|-damage|p2b: Ursaluna|0 fnt\n|faint|p2b: Ursaluna\n|-damage|p1a: Shiftry|0 fnt|[from] item: Life Orb\n|faint|p1a: Shiftry\n|move|p1b: Ting-Lu|Stone Edge|p2a: Goodra\n|-resisted|p2a: Goodra\n|-damage|p2a: Goodra|0 fnt\n|faint|p2a: Goodra\n|-damage|p1b: Ting-Lu|54\/100|[from] item: Life Orb\n|\n|-weather|Sandstorm|[upkeep]\n|-sideend|p1: SquilliamAft0n|move: Tailwind\n|upkeep\n|\n|t:|1696510442\n|switch|p1a: Ursaluna|Ursaluna-Bloodmoon, M|100\/100\n|switch|p2a: Flutter Mane|Flutter Mane|100\/100\n|switch|p2b: Kingambit|Kingambit, M|100\/100 brn\n|-activate|p2b: Kingambit|ability: Supreme Overlord\n|-start|p2b: Kingambit|fallen4|[silent]\n|turn|5\n|inactive|wompaville has 270 seconds left.\n|\n|t:|1696510482\n|move|p2a: Flutter Mane|Calm Mind|p2a: Flutter Mane\n|-boost|p2a: Flutter Mane|spa|1\n|-boost|p2a: Flutter Mane|spd|1\n|move|p1a: Ursaluna|Crunch|p2a: Flutter Mane\n|-damage|p2a: Flutter Mane|71\/100\n|move|p2b: Kingambit|Facade|p1a: Ursaluna\n|-damage|p1a: Ursaluna|51\/100\n|move|p1b: Ting-Lu|Body Press|p2b: Kingambit\n|-supereffective|p2b: Kingambit\n|-damage|p2b: Kingambit|4\/100 brn\n|-damage|p1b: Ting-Lu|44\/100|[from] item: Life Orb\n|\n|-weather|none\n|-heal|p1a: Ursaluna|57\/100|[from] item: Leftovers\n|-damage|p2b: Kingambit|0 fnt|[from] brn\n|faint|p2b: Kingambit\n|-end|p2b: Kingambit|fallen4|[silent]\n|upkeep\n|turn|6\n|inactive|SquilliamAft0n has 270 seconds left.\n|\n|t:|1696510517\n|move|p2a: Flutter Mane|Dazzling Gleam|p1a: Ursaluna|[spread] p1a,p1b\n|-supereffective|p1b: Ting-Lu\n|-damage|p1a: Ursaluna|18\/100\n|-damage|p1b: Ting-Lu|0 fnt\n|faint|p1b: Ting-Lu\n|move|p1a: Ursaluna|Earth Power|p2a: Flutter Mane\n|-damage|p2a: Flutter Mane|39\/100\n|-enditem|p2a: Flutter Mane|Sitrus Berry|[eat]\n|-heal|p2a: Flutter Mane|64\/100|[from] item: Sitrus Berry\n|\n|-heal|p1a: Ursaluna|24\/100|[from] item: Leftovers\n|upkeep\n|inactive|SquilliamAft0n has 270 seconds left.\n|\n|t:|1696510526\n|switch|p1b: Goodra|Goodra, M|100\/100\n|turn|7\n|inactive|SquilliamAft0n has 270 seconds left.\n|\n|t:|1696510559\n|move|p2a: Flutter Mane|Dazzling Gleam|p1b: Goodra|[spread] p1a,p1b\n|-crit|p1a: Ursaluna\n|-supereffective|p1b: Goodra\n|-damage|p1a: Ursaluna|0 fnt\n|-damage|p1b: Goodra|35\/100\n|faint|p1a: Ursaluna\n|move|p1b: Goodra|Scald|p2a: Flutter Mane\n|-damage|p2a: Flutter Mane|46\/100\n|\n|-heal|p1b: Goodra|41\/100|[from] item: Leftovers\n|upkeep\n|\n|t:|1696510568\n|switch|p1a: Vikavolt|Vikavolt, M|100\/100\n|turn|8\n|\n|t:|1696510586\n|-terastallize|p1a: Vikavolt|Bug\n|move|p2a: Flutter Mane|Dazzling Gleam|p1b: Goodra|[spread] p1a,p1b\n|-supereffective|p1b: Goodra\n|-damage|p1a: Vikavolt|43\/100\n|-damage|p1b: Goodra|0 fnt\n|faint|p1b: Goodra\n|move|p1a: Vikavolt|Flash Cannon|p2a: Flutter Mane\n|-supereffective|p2a: Flutter Mane\n|-damage|p2a: Flutter Mane|6\/100\n|\n|upkeep\n|turn|9\n|\n|t:|1696510593\n|move|p2a: Flutter Mane|Dazzling Gleam|p1a: Vikavolt\n|-damage|p1a: Vikavolt|0 fnt\n|faint|p1a: Vikavolt\n|\n|win|wompaville\n","uploadtime":1696510617,"views":6,"p1id":"squilliamaft0n","p2id":"wompaville","formatid":"gen9nationaldexdoubles","rating":0,"private":0,"password":""}