{"id":"gen9nationaldexdoubles-2000626753","p1":"lxvliiz","p2":"Gewth","format":"[Gen 9] National Dex Doubles","log":"|j|\u2606lxvliiz\n|j|\u2606Gewth\n|t:|1701211970\n|gametype|doubles\n|player|p1|lxvliiz|firebreather|1220\n|player|p2|Gewth|guitarist|1150\n|teamsize|p1|6\n|teamsize|p2|6\n|gen|9\n|tier|[Gen 9] National Dex Doubles\n|rated|\n|rule|HP Percentage Mod: HP is shown in percentages\n|rule|Endless Battle Clause: Forcing endless battles is banned\n|rule|OHKO Clause: OHKO moves are banned\n|rule|Evasion Moves Clause: Evasion moves are banned\n|rule|Evasion Abilities Clause: Evasion abilities are banned\n|rule|Species Clause: Limit one of each Pok\u00e9mon\n|rule|Gravity Sleep Clause: The combination of sleep-inducing moves with imperfect accuracy and Gravity or Gigantamax Orbeetle are banned\n|clearpoke\n|poke|p1|Ninetales-Alola, M|\n|poke|p1|Abomasnow, M|\n|poke|p1|Arctozolt|\n|poke|p1|Chien-Pao|\n|poke|p1|Iron Bundle|\n|poke|p1|Rotom-Frost|\n|poke|p2|Tatsugiri, M|\n|poke|p2|Golurk|\n|poke|p2|Magmortar, M|\n|poke|p2|Aegislash, F|\n|poke|p2|Cryogonal|\n|poke|p2|Leavanny, M|\n|teampreview\n|\n|t:|1701211983\n|start\n|switch|p1a: Ninetales|Ninetales-Alola, M|100\/100\n|switch|p1b: Arctozolt|Arctozolt|100\/100\n|switch|p2a: Krakatoa|Magmortar, M, shiny|100\/100\n|switch|p2b: Apollyon|Aegislash, F, shiny|100\/100\n|-weather|Snow|[from] ability: Snow Warning|[of] p1a: Ninetales\n|turn|1\n|\n|t:|1701211998\n|move|p1b: Arctozolt|Bolt Beak|p2a: Krakatoa\n|-damage|p2a: Krakatoa|0 fnt\n|faint|p2a: Krakatoa\n|move|p1a: Ninetales|Aurora Veil|p1a: Ninetales\n|-sidestart|p1: lxvliiz|move: Aurora Veil\n|-formechange|p2b: Apollyon|Aegislash-Blade||[from] ability: Stance Change\n|move|p2b: Apollyon|Iron Head|p1a: Ninetales\n|-supereffective|p1a: Ninetales\n|-damage|p1a: Ninetales|0 fnt\n|faint|p1a: Ninetales\n|\n|-weather|Snow|[upkeep]\n|upkeep\n|\n|t:|1701212014\n|switch|p1a: Rotom|Rotom-Frost|100\/100\n|switch|p2a: Titan|Golurk|100\/100\n|turn|2\n|\n|t:|1701212027\n|-formechange|p2b: Apollyon|Aegislash||[from] ability: Stance Change\n|move|p2b: Apollyon|King's Shield|p2b: Apollyon\n|-singleturn|p2b: Apollyon|Protect\n|move|p1b: Arctozolt|Blizzard|p2b: Apollyon|[spread] p2a\n|-activate|p2b: Apollyon|move: Protect\n|-supereffective|p2a: Titan\n|-damage|p2a: Titan|43\/100\n|-status|p2a: Titan|frz\n|move|p1a: Rotom|Blizzard|p2b: Apollyon|[spread] p2a\n|-activate|p2b: Apollyon|move: Protect\n|-supereffective|p2a: Titan\n|-damage|p2a: Titan|0 fnt\n|faint|p2a: Titan\n|\n|-weather|Snow|[upkeep]\n|upkeep\n|\n|t:|1701212041\n|switch|p2a: Slurpee|Cryogonal|100\/100\n|turn|3\n|\n|t:|1701212059\n|move|p1b: Arctozolt|Bolt Beak|p2b: Apollyon\n|-damage|p2b: Apollyon|46\/100\n|move|p2a: Slurpee|Chilling Water|p1b: Arctozolt\n|-damage|p1b: Arctozolt|86\/100\n|-unboost|p1b: Arctozolt|atk|1\n|move|p1a: Rotom|Volt Switch|p2a: Slurpee\n|-damage|p2a: Slurpee|71\/100\n|\n|t:|1701212074\n|switch|p1a: Iron Bundle|Iron Bundle|100\/100|[from] Volt Switch\n|-enditem|p1a: Iron Bundle|Booster Energy\n|-activate|p1a: Iron Bundle|ability: Quark Drive|[fromitem]\n|-start|p1a: Iron Bundle|quarkdrivespe\n|-formechange|p2b: Apollyon|Aegislash-Blade||[from] ability: Stance Change\n|move|p2b: Apollyon|Iron Head|p1a: Iron Bundle\n|-damage|p1a: Iron Bundle|73\/100\n|\n|-weather|Snow|[upkeep]\n|upkeep\n|turn|4\n|\n|t:|1701212102\n|switch|p1b: Rotom|Rotom-Frost|100\/100\n|-formechange|p2b: Apollyon|Aegislash||[from] ability: Stance Change\n|move|p2b: Apollyon|King's Shield|p2b: Apollyon\n|-singleturn|p2b: Apollyon|Protect\n|move|p1a: Iron Bundle|Hydro Pump|p2b: Apollyon\n|-activate|p2b: Apollyon|move: Protect\n|move|p2a: Slurpee|Rapid Spin|p1b: Rotom\n|-damage|p1b: Rotom|98\/100\n|-boost|p2a: Slurpee|spe|1\n|\n|-weather|Snow|[upkeep]\n|-heal|p1b: Rotom|100\/100|[from] item: Leftovers\n|upkeep\n|turn|5\n|\n|t:|1701212131\n|switch|p2a: Earl|Leavanny, M|100\/100\n|move|p1a: Iron Bundle|Hydro Pump|p2b: Apollyon\n|-damage|p2b: Apollyon|4\/100\n|move|p1b: Rotom|Will-O-Wisp|p2a: Earl\n|-status|p2a: Earl|brn\n|-formechange|p2b: Apollyon|Aegislash-Blade||[from] ability: Stance Change\n|move|p2b: Apollyon|Iron Head|p1b: Rotom\n|-damage|p1b: Rotom|77\/100\n|\n|-weather|none\n|-heal|p1b: Rotom|83\/100|[from] item: Leftovers\n|-damage|p2a: Earl|94\/100 brn|[from] brn\n|upkeep\n|turn|6\n|-message|Gewth forfeited.\n|\n|win|lxvliiz\n|raw|lxvliiz's rating: 1220 &rarr; <strong>1240<\/strong><br \/>(+20 for winning)\n|raw|Gewth's rating: 1150 &rarr; <strong>1130<\/strong><br \/>(-20 for losing)\n|l|\u2606Gewth\n","uploadtime":1701212147,"views":1,"p1id":"lxvliiz","p2id":"gewth","formatid":"gen9nationaldexdoubles","rating":1130,"private":0,"password":""}