{"id":"gen9nationaldexdoubles-1970523369","p1":"AdvancedDigit","p2":"Alexjames99","format":"[Gen 9] National Dex Doubles","log":"|j|\u2606AdvancedDigit\n|j|\u2606Alexjames99\n|t:|1697645585\n|gametype|doubles\n|player|p1|AdvancedDigit|hilbert|1113\n|player|p2|Alexjames99|265|1165\n|teamsize|p1|6\n|teamsize|p2|6\n|gen|9\n|tier|[Gen 9] National Dex Doubles\n|rated|\n|rule|HP Percentage Mod: HP is shown in percentages\n|rule|Endless Battle Clause: Forcing endless battles is banned\n|rule|OHKO Clause: OHKO moves are banned\n|rule|Evasion Moves Clause: Evasion moves are banned\n|rule|Evasion Abilities Clause: Evasion abilities are banned\n|rule|Species Clause: Limit one of each Pok\u00e9mon\n|rule|Gravity Sleep Clause: The combination of sleep-inducing moves with imperfect accuracy and Gravity or Gigantamax Orbeetle are banned\n|clearpoke\n|poke|p1|Malamar, M|\n|poke|p1|Tornadus, M|\n|poke|p1|Maushold|\n|poke|p1|Ambipom, F|\n|poke|p1|Mr. Mime, M|\n|poke|p1|Amoonguss, M|\n|poke|p2|Cobalion|\n|poke|p2|Weavile, M|\n|poke|p2|Iron Jugulis|\n|poke|p2|Maushold-Four|\n|poke|p2|Durant, F|\n|poke|p2|Beedrill, F|\n|teampreview\n|\n|t:|1697645592\n|start\n|switch|p1a: Ambipom|Ambipom, F|100\/100\n|switch|p1b: Mr. Mime|Mr. Mime, M|100\/100\n|switch|p2a: Weavile|Weavile, M, shiny|100\/100\n|switch|p2b: Cobalion|Cobalion, shiny|100\/100\n|turn|1\n|\n|t:|1697645612\n|-terastallize|p2b: Cobalion|Steel\n|move|p1b: Mr. Mime|Fake Out|p2a: Weavile\n|-damage|p2a: Weavile|92\/100\n|-enditem|p1b: Mr. Mime|Leftovers|[silent]|[from] ability: Pickpocket|[of] p1b: Mr. Mime\n|-item|p2a: Weavile|Leftovers|[from] ability: Pickpocket|[of] p1b: Mr. Mime\n|move|p1a: Ambipom|Hone Claws|p1a: Ambipom\n|-boost|p1a: Ambipom|atk|1\n|-boost|p1a: Ambipom|accuracy|1\n|cant|p2a: Weavile|flinch\n|move|p2b: Cobalion|Iron Head|p1b: Mr. Mime\n|-supereffective|p1b: Mr. Mime\n|-damage|p1b: Mr. Mime|0 fnt\n|faint|p1b: Mr. Mime\n|\n|-heal|p2a: Weavile|98\/100|[from] item: Leftovers\n|upkeep\n|\n|t:|1697645624\n|switch|p1b: Amoonguss|Amoonguss, M|100\/100\n|turn|2\n|\n|t:|1697645638\n|move|p1b: Amoonguss|Rage Powder|p1b: Amoonguss\n|-singleturn|p1b: Amoonguss|move: Rage Powder\n|move|p1a: Ambipom|Baton Pass|p1a: Ambipom\n|\n|t:|1697645643\n|switch|p1a: Maushold|Maushold|100\/100|[from] Baton Pass\n|move|p2a: Weavile|Beat Up|p1b: Amoonguss\n|-damage|p1b: Amoonguss|94\/100\n|-crit|p1b: Amoonguss\n|-damage|p1b: Amoonguss|87\/100\n|-damage|p1b: Amoonguss|82\/100\n|-damage|p1b: Amoonguss|78\/100\n|-damage|p1b: Amoonguss|72\/100\n|-damage|p1b: Amoonguss|67\/100\n|-hitcount|p1b: Amoonguss|6\n|move|p2b: Cobalion|Sacred Sword|p1b: Amoonguss\n|-resisted|p1b: Amoonguss\n|-damage|p1b: Amoonguss|54\/100\n|-damage|p2b: Cobalion|84\/100|[from] item: Rocky Helmet|[of] p1b: Amoonguss\n|\n|-heal|p2a: Weavile|100\/100|[from] item: Leftovers\n|upkeep\n|turn|3\n|l|\u2606Alexjames99\n|player|p2|\n|inactive|Battle timer is ON: inactive players will automatically lose when time's up. (requested by AdvancedDigit)\n|inactive|Alexjames99 has 30 seconds to reconnect!\n|inactive|Alexjames99 has 20 seconds to reconnect!\n|j|\u2606Alexjames99\n|inactive|Alexjames99 reconnected and has 110 seconds left.\n|player|p2|Alexjames99|265\n|inactive|Alexjames99 has 90 seconds left.\n|\n|t:|1697645746\n|move|p1b: Amoonguss|Rage Powder|p1b: Amoonguss\n|-singleturn|p1b: Amoonguss|move: Rage Powder\n|move|p1a: Maushold|Population Bomb|p2a: Weavile\n|-damage|p2a: Weavile|75\/100\n|-damage|p2a: Weavile|45\/100\n|-damage|p2a: Weavile|17\/100\n|-crit|p2a: Weavile\n|-damage|p2a: Weavile|0 fnt\n|faint|p2a: Weavile\n|-hitcount|p2: Weavile|4\n|move|p2b: Cobalion|Sacred Sword|p1b: Amoonguss\n|-resisted|p1b: Amoonguss\n|-damage|p1b: Amoonguss|41\/100\n|-damage|p2b: Cobalion|68\/100|[from] item: Rocky Helmet|[of] p1b: Amoonguss\n|\n|upkeep\n|inactive|Alexjames99 has 120 seconds left.\n|\n|t:|1697645778\n|switch|p2a: Durant|Durant, F|100\/100\n|turn|4\n|\n|t:|1697645796\n|move|p1b: Amoonguss|Rage Powder|p1b: Amoonguss\n|-singleturn|p1b: Amoonguss|move: Rage Powder\n|move|p1a: Maushold|Population Bomb|p2a: Durant\n|-resisted|p2a: Durant\n|-damage|p2a: Durant|93\/100\n|-resisted|p2a: Durant\n|-damage|p2a: Durant|86\/100\n|-resisted|p2a: Durant\n|-crit|p2a: Durant\n|-damage|p2a: Durant|74\/100\n|-resisted|p2a: Durant\n|-damage|p2a: Durant|66\/100\n|-resisted|p2a: Durant\n|-damage|p2a: Durant|57\/100\n|-resisted|p2a: Durant\n|-damage|p2a: Durant|48\/100\n|-resisted|p2a: Durant\n|-crit|p2a: Durant\n|-damage|p2a: Durant|35\/100\n|-resisted|p2a: Durant\n|-damage|p2a: Durant|27\/100\n|-resisted|p2a: Durant\n|-crit|p2a: Durant\n|-damage|p2a: Durant|16\/100\n|-resisted|p2a: Durant\n|-damage|p2a: Durant|7\/100\n|-hitcount|p2a: Durant|10\n|cant|p2a: Durant|flinch\n|move|p2b: Cobalion|Iron Head|p1b: Amoonguss\n|-damage|p1b: Amoonguss|10\/100\n|-damage|p2b: Cobalion|51\/100|[from] item: Rocky Helmet|[of] p1b: Amoonguss\n|\n|upkeep\n|turn|5\n|inactive|AdvancedDigit has 120 seconds left.\n|inactive|Alexjames99 has 120 seconds left.\n|inactive|Alexjames99 has 90 seconds left.\n|inactive|Alexjames99 has 60 seconds left.\n|\n|t:|1697645901\n|move|p1b: Amoonguss|Rage Powder|p1b: Amoonguss\n|-singleturn|p1b: Amoonguss|move: Rage Powder\n|move|p1a: Maushold|Population Bomb|p2a: Durant\n|-resisted|p2a: Durant\n|-damage|p2a: Durant|0 fnt\n|faint|p2a: Durant\n|-hitcount|p2: Durant|1\n|move|p2b: Cobalion|Iron Head|p1b: Amoonguss\n|-damage|p1b: Amoonguss|0 fnt\n|-damage|p2b: Cobalion|35\/100|[from] item: Rocky Helmet|[of] p1b: Amoonguss\n|-status|p2b: Cobalion|par|[from] ability: Effect Spore|[of] p1b: Amoonguss\n|-enditem|p2b: Cobalion|Sitrus Berry|[eat]\n|-heal|p2b: Cobalion|60\/100 par|[from] item: Sitrus Berry\n|faint|p1b: Amoonguss\n|\n|upkeep\n|inactive|Alexjames99 has 60 seconds left.\n|inactive|AdvancedDigit has 120 seconds left.\n|inactive|AdvancedDigit has 90 seconds left.\n|l|\u2606AdvancedDigit\n|inactive|AdvancedDigit disconnected and has a minute to reconnect!\n|player|p1|\n|j|\u2606AdvancedDigit\n|inactive|AdvancedDigit reconnected and has 65 seconds left.\n|player|p1|AdvancedDigit|hilbert\n|inactive|AdvancedDigit has 60 seconds left.\n|\n|t:|1697646002\n|switch|p2a: Maushold|Maushold-Four|100\/100\n|switch|p1b: Ambipom|Ambipom, F|100\/100\n|turn|6\n|inactive|Alexjames99 has 60 seconds left.\n|\n|t:|1697646020\n|move|p1b: Ambipom|Fake Out|p2b: Cobalion\n|-resisted|p2b: Cobalion\n|-crit|p2b: Cobalion\n|-damage|p2b: Cobalion|44\/100 par\n|-damage|p1b: Ambipom|91\/100|[from] item: Life Orb\n|move|p2a: Maushold|Beat Up|p2b: Cobalion\n|-damage|p2b: Cobalion|41\/100 par\n|-ability|p2b: Cobalion|Justified|boost\n|-boost|p2b: Cobalion|atk|1\n|-damage|p2b: Cobalion|38\/100 par\n|-ability|p2b: Cobalion|Justified|boost\n|-boost|p2b: Cobalion|atk|1\n|-damage|p2b: Cobalion|34\/100 par\n|-ability|p2b: Cobalion|Justified|boost\n|-boost|p2b: Cobalion|atk|1\n|-hitcount|p2b: Cobalion|3\n|move|p1a: Maushold|Population Bomb|p2a: Maushold\n|-damage|p2a: Maushold|75\/100\n|-damage|p2a: Maushold|48\/100\n|-damage|p2a: Maushold|21\/100\n|-damage|p2a: Maushold|0 fnt\n|faint|p2a: Maushold\n|-hitcount|p2: Maushold|4\n|cant|p2b: Cobalion|flinch\n|\n|upkeep\n|inactive|Alexjames99 has 60 seconds left.\n|l|\u2606Alexjames99\n|inactive|Alexjames99 disconnected and has a minute to reconnect!\n|player|p2|\n|inactive|Alexjames99 has 30 seconds left.\n|j|\u2606Alexjames99\n|inactive|Alexjames99 reconnected and has 30 seconds left.\n|player|p2|Alexjames99|265\n|inactive|Alexjames99 has 20 seconds left.\n|l|\u2606Alexjames99\n|inactive|Alexjames99 disconnected and has a minute to reconnect!\n|player|p2|\n|inactive|Alexjames99 has 15 seconds left.\n|j|\u2606Alexjames99\n|inactive|Alexjames99 reconnected and has 15 seconds left.\n|player|p2|Alexjames99|265\n|inactive|Alexjames99 has 10 seconds left.\n|\n|t:|1697646076\n|switch|p2a: Iron Jugulis|Iron Jugulis, shiny|100\/100\n|-enditem|p2a: Iron Jugulis|Booster Energy\n|-activate|p2a: Iron Jugulis|ability: Quark Drive|[fromitem]\n|-start|p2a: Iron Jugulis|quarkdrivespa\n|turn|7\n|inactive|AdvancedDigit has 90 seconds left.\n|inactive|Alexjames99 has 30 seconds left.\n|\n|t:|1697646095\n|switch|p1b: Tornadus|Tornadus, M|100\/100\n|move|p1a: Maushold|Population Bomb|p2a: Iron Jugulis\n|-damage|p2a: Iron Jugulis|82\/100\n|-damage|p2a: Iron Jugulis|63\/100\n|-damage|p2a: Iron Jugulis|44\/100\n|-damage|p2a: Iron Jugulis|25\/100\n|-damage|p2a: Iron Jugulis|4\/100\n|-damage|p2a: Iron Jugulis|0 fnt\n|faint|p2a: Iron Jugulis\n|-end|p2a: Iron Jugulis|Quark Drive|[silent]\n|-hitcount|p2: Iron Jugulis|6\n|cant|p2b: Cobalion|par\n|\n|upkeep\n|inactive|Alexjames99 has 30 seconds left this turn.\n|inactive|Alexjames99 has 20 seconds left.\n|inactive|Alexjames99 has 15 seconds left.\n|inactive|Alexjames99 has 10 seconds left.\n|\n|t:|1697646117\n|switch|p2a: Beedrill|Beedrill, F|100\/100\n|turn|8\n|inactive|Alexjames99 has 30 seconds left.\n|inactive|AdvancedDigit has 90 seconds left.\n|\n|t:|1697646140\n|detailschange|p2a: Beedrill|Beedrill-Mega, F\n|-mega|p2a: Beedrill|Beedrill|Beedrillite\n|move|p2a: Beedrill|Poison Jab|p1a: Maushold\n|-crit|p1a: Maushold\n|-damage|p1a: Maushold|0 fnt\n|faint|p1a: Maushold\n|move|p1b: Tornadus|Icy Wind|p2a: Beedrill|[spread] p2a\n|-miss|p1b: Tornadus|p2b: Cobalion\n|-damage|p2a: Beedrill|79\/100\n|-unboost|p2a: Beedrill|spe|1\n|cant|p2b: Cobalion|par\n|\n|upkeep\n|inactive|Alexjames99 has 30 seconds left this turn.\n|inactive|AdvancedDigit has 90 seconds left.\n|\n|t:|1697646148\n|switch|p1a: Ambipom|Ambipom, F|91\/100\n|turn|9\n|l|\u2606Alexjames99\n|inactive|Alexjames99 disconnected and has a minute to reconnect!\n|player|p2|\n|j|\u2606Alexjames99\n|inactive|Alexjames99 reconnected and has 40 seconds left.\n|player|p2|Alexjames99|265\n|inactive|Alexjames99 has 30 seconds left.\n|\n|t:|1697646181\n|move|p1a: Ambipom|Fake Out|p2a: Beedrill\n|-damage|p2a: Beedrill|0 fnt\n|faint|p2a: Beedrill\n|-damage|p1a: Ambipom|81\/100|[from] item: Life Orb\n|move|p1b: Tornadus|Tailwind|p1b: Tornadus\n|-sidestart|p1: AdvancedDigit|move: Tailwind\n|move|p2b: Cobalion|Stone Edge|p1b: Tornadus\n|-supereffective|p1b: Tornadus\n|-damage|p1b: Tornadus|0 fnt\n|faint|p1b: Tornadus\n|\n|upkeep\n|inactive|Alexjames99 has 30 seconds left this turn.\n|inactive|AdvancedDigit has 90 seconds left.\n|inactive|AdvancedDigit has 60 seconds left.\n|\n|t:|1697646239\n|switch|p1b: Malamar|Malamar, M|100\/100\n|turn|10\n|\n|t:|1697646251\n|move|p1a: Ambipom|Fake Out||[still]\n|-hint|Fake Out only works on your first turn out.\n|-fail|p1a: Ambipom\n|move|p1b: Malamar|Knock Off|p2b: Cobalion\n|-damage|p2b: Cobalion|17\/100 par\n|-ability|p2b: Cobalion|Justified|boost\n|-boost|p2b: Cobalion|atk|1\n|move|p2b: Cobalion|Sacred Sword|p1b: Malamar\n|-damage|p1b: Malamar|0 fnt\n|faint|p1b: Malamar\n|\n|upkeep\n|turn|11\n|inactive|Alexjames99 has 60 seconds left.\n|\n|t:|1697646264\n|move|p1a: Ambipom|Knock Off|p2b: Cobalion\n|-damage|p2b: Cobalion|0 fnt\n|faint|p2b: Cobalion\n|-damage|p1a: Ambipom|71\/100|[from] item: Life Orb\n|\n|win|AdvancedDigit\n|raw|AdvancedDigit's rating: 1137 &rarr; <strong>1164<\/strong><br \/>(+27 for winning)\n|raw|Alexjames99's rating: 1165 &rarr; <strong>1138<\/strong><br \/>(-27 for losing)\n|c|\u2606AdvancedDigit|gg\n","uploadtime":1697646270,"views":6,"p1id":"advanceddigit","p2id":"alexjames99","formatid":"gen9nationaldexdoubles","rating":1138,"private":0,"password":""}