{"id":"gen9nationaldexdoubles-1957427165","p1":"XiuKaiMeiLiZhi","p2":"Christheboss90","format":"[Gen 9] National Dex Doubles","log":"|j|\u2606XiuKaiMeiLiZhi\n|j|\u2606Christheboss90\n|t:|1696219685\n|gametype|doubles\n|player|p1|XiuKaiMeiLiZhi|emmet|1015\n|player|p2|Christheboss90|red|1124\n|teamsize|p1|6\n|teamsize|p2|6\n|gen|9\n|tier|[Gen 9] National Dex Doubles\n|rated|\n|rule|HP Percentage Mod: HP is shown in percentages\n|rule|Endless Battle Clause: Forcing endless battles is banned\n|rule|OHKO Clause: OHKO moves are banned\n|rule|Evasion Moves Clause: Evasion moves are banned\n|rule|Evasion Abilities Clause: Evasion abilities are banned\n|rule|Species Clause: Limit one of each Pok\u00e9mon\n|rule|Gravity Sleep Clause: The combination of sleep-inducing moves with imperfect accuracy and Gravity or Gigantamax Orbeetle are banned\n|clearpoke\n|poke|p1|Regigigas|\n|poke|p1|Medicham, M|\n|poke|p1|Pidgeot, M|\n|poke|p1|Indeedee-F, F|\n|poke|p1|Smeargle, M|\n|poke|p1|Ursaluna-Bloodmoon, M|\n|poke|p2|Regigigas|\n|poke|p2|Stakataka|\n|poke|p2|Rapidash-Galar, F|\n|poke|p2|Malamar, M|\n|poke|p2|Regieleki|\n|poke|p2|Zarude|\n|teampreview\n|\n|t:|1696219698\n|start\n|switch|p1a: \u5c0f\u5fc3\u6211mega\u79d2\u4f60\u5168\u961f|Medicham, M|100\/100\n|switch|p1b: \u6162\u542f\u52a8P\u7528\u6ca1\u6709\u5927\u9a6c\u6876|Regigigas|100\/100\n|switch|p2a: Trump Wall|Stakataka, shiny|100\/100\n|switch|p2b: Malamar|Malamar, M, shiny|100\/100\n|-start|p1b: \u6162\u542f\u52a8P\u7528\u6ca1\u6709\u5927\u9a6c\u6876|ability: Slow Start\n|-item|p2a: Trump Wall|Air Balloon\n|turn|1\n|\n|t:|1696219716\n|move|p1a: \u5c0f\u5fc3\u6211mega\u79d2\u4f60\u5168\u961f|Skill Swap|p1b: \u6162\u542f\u52a8P\u7528\u6ca1\u6709\u5927\u9a6c\u6876\n|-activate|p1a: \u5c0f\u5fc3\u6211mega\u79d2\u4f60\u5168\u961f|move: Skill Swap|||[of] p1b: \u6162\u542f\u52a8P\u7528\u6ca1\u6709\u5927\u9a6c\u6876\n|-end|p1b: \u6162\u542f\u52a8P\u7528\u6ca1\u6709\u5927\u9a6c\u6876|Slow Start|[silent]\n|-start|p1a: \u5c0f\u5fc3\u6211mega\u79d2\u4f60\u5168\u961f|ability: Slow Start\n|move|p1b: \u6162\u542f\u52a8P\u7528\u6ca1\u6709\u5927\u9a6c\u6876|Darkest Lariat|p2b: Malamar\n|-damage|p2b: Malamar|58\/100\n|move|p2b: Malamar|Hypnosis|p1b: \u6162\u542f\u52a8P\u7528\u6ca1\u6709\u5927\u9a6c\u6876|[miss]\n|-miss|p2b: Malamar|p1b: \u6162\u542f\u52a8P\u7528\u6ca1\u6709\u5927\u9a6c\u6876\n|move|p2a: Trump Wall|Skill Swap|p2b: Malamar\n|-activate|p2a: Trump Wall|move: Skill Swap|||[of] p2b: Malamar\n|\n|upkeep\n|turn|2\n|inactive|Battle timer is ON: inactive players will automatically lose when time's up. (requested by Christheboss90)\n|inactive|Christheboss90 has 120 seconds left.\n|\n|t:|1696219759\n|move|p1b: \u6162\u542f\u52a8P\u7528\u6ca1\u6709\u5927\u9a6c\u6876|Drain Punch|p2a: Trump Wall\n|-supereffective|p2a: Trump Wall\n|-damage|p2a: Trump Wall|0 fnt\n|-enditem|p2a: Trump Wall|Air Balloon\n|faint|p2a: Trump Wall\n|move|p1a: \u5c0f\u5fc3\u6211mega\u79d2\u4f60\u5168\u961f|Skill Swap|p2b: Malamar\n|-activate|p1a: \u5c0f\u5fc3\u6211mega\u79d2\u4f60\u5168\u961f|move: Skill Swap|Beast Boost|Slow Start|[of] p2b: Malamar\n|-end|p1a: \u5c0f\u5fc3\u6211mega\u79d2\u4f60\u5168\u961f|Slow Start|[silent]\n|-start|p2b: Malamar|ability: Slow Start\n|move|p2b: Malamar|Hypnosis|p1b: \u6162\u542f\u52a8P\u7528\u6ca1\u6709\u5927\u9a6c\u6876|[miss]\n|-miss|p2b: Malamar|p1b: \u6162\u542f\u52a8P\u7528\u6ca1\u6709\u5927\u9a6c\u6876\n|\n|upkeep\n|c|\u2606Christheboss90|i just messed up lol\n|c|\u2606Christheboss90|idk why my brain didnt function to switch\n|inactive|Christheboss90 has 120 seconds left.\n|\n|t:|1696219794\n|switch|p2a: Rapidash|Rapidash-Galar, F|100\/100\n|turn|3\n|\n|t:|1696219808\n|move|p1a: \u5c0f\u5fc3\u6211mega\u79d2\u4f60\u5168\u961f|Skill Swap|p2a: Rapidash\n|-activate|p1a: \u5c0f\u5fc3\u6211mega\u79d2\u4f60\u5168\u961f|move: Skill Swap|Pastel Veil|Beast Boost|[of] p2a: Rapidash\n|move|p2a: Rapidash|Psychic Terrain|p2a: Rapidash\n|-fieldstart|move: Psychic Terrain\n|move|p1b: \u6162\u542f\u52a8P\u7528\u6ca1\u6709\u5927\u9a6c\u6876|Frustration|p2b: Malamar\n|-damage|p2b: Malamar|0 fnt\n|faint|p2b: Malamar\n|-end|p2b: Malamar|Slow Start|[silent]\n|\n|upkeep\n|\n|t:|1696219826\n|switch|p2b: Regieleki|Regieleki, shiny|100\/100\n|-item|p2b: Regieleki|Air Balloon\n|turn|4\n|inactive|Christheboss90 has 120 seconds left.\n|\n|t:|1696219863\n|-terastallize|p2b: Regieleki|Electric\n|move|p2b: Regieleki|Wild Charge|p1b: \u6162\u542f\u52a8P\u7528\u6ca1\u6709\u5927\u9a6c\u6876\n|-damage|p1b: \u6162\u542f\u52a8P\u7528\u6ca1\u6709\u5927\u9a6c\u6876|48\/100\n|-damage|p2b: Regieleki|83\/100|[from] Recoil\n|move|p1a: \u5c0f\u5fc3\u6211mega\u79d2\u4f60\u5168\u961f|Skill Swap|p2b: Regieleki\n|-activate|p1a: \u5c0f\u5fc3\u6211mega\u79d2\u4f60\u5168\u961f|move: Skill Swap|Transistor|Pastel Veil|[of] p2b: Regieleki\n|move|p2a: Rapidash|Play Rough|p1b: \u6162\u542f\u52a8P\u7528\u6ca1\u6709\u5927\u9a6c\u6876\n|-damage|p1b: \u6162\u542f\u52a8P\u7528\u6ca1\u6709\u5927\u9a6c\u6876|25\/100\n|move|p1b: \u6162\u542f\u52a8P\u7528\u6ca1\u6709\u5927\u9a6c\u6876|Frustration|p2b: Regieleki\n|-damage|p2b: Regieleki|0 fnt\n|-enditem|p2b: Regieleki|Air Balloon\n|faint|p2b: Regieleki\n|\n|upkeep\n|\n|t:|1696219878\n|switch|p2b: Zarude|Zarude|100\/100\n|turn|5\n|inactive|Christheboss90 has 120 seconds left.\n|\n|t:|1696219890\n|move|p1a: \u5c0f\u5fc3\u6211mega\u79d2\u4f60\u5168\u961f|Skill Swap|p2b: Zarude\n|-activate|p1a: \u5c0f\u5fc3\u6211mega\u79d2\u4f60\u5168\u961f|move: Skill Swap|Leaf Guard|Transistor|[of] p2b: Zarude\n|move|p2a: Rapidash|Play Rough|p1b: \u6162\u542f\u52a8P\u7528\u6ca1\u6709\u5927\u9a6c\u6876\n|-damage|p1b: \u6162\u542f\u52a8P\u7528\u6ca1\u6709\u5927\u9a6c\u6876|4\/100\n|move|p1b: \u6162\u542f\u52a8P\u7528\u6ca1\u6709\u5927\u9a6c\u6876|Drain Punch|p2b: Zarude\n|-supereffective|p2b: Zarude\n|-damage|p2b: Zarude|0 fnt\n|-heal|p1b: \u6162\u542f\u52a8P\u7528\u6ca1\u6709\u5927\u9a6c\u6876|48\/100|[from] drain|[of] p2b: Zarude\n|faint|p2b: Zarude\n|\n|upkeep\n|inactive|Christheboss90 has 120 seconds left.\n|c|\u2606Christheboss90|gg\n|-message|Christheboss90 forfeited.\n|\n|win|XiuKaiMeiLiZhi\n|raw|XiuKaiMeiLiZhi's rating: 1015 &rarr; <strong>1064<\/strong><br \/>(+49 for winning)\n|raw|Christheboss90's rating: 1124 &rarr; <strong>1091<\/strong><br \/>(-33 for losing)\n|l|\u2606Christheboss90\n","uploadtime":1696219906,"views":7,"p1id":"xiukaimeilizhi","p2id":"christheboss90","formatid":"gen9nationaldexdoubles","rating":1064,"private":0,"password":""}