{"id":"gen9nationaldexdoubles-1968527008","p1":"lemonjohn","p2":"mint29","format":"[Gen 9] National Dex Doubles","log":"|j|\u2606lemonjohn\n|j|\u2606mint29\n|t:|1697428659\n|gametype|doubles\n|player|p1|lemonjohn|dawn|1361\n|player|p2|mint29|2|1150\n|teamsize|p1|6\n|teamsize|p2|6\n|gen|9\n|tier|[Gen 9] National Dex Doubles\n|rated|\n|rule|HP Percentage Mod: HP is shown in percentages\n|rule|Endless Battle Clause: Forcing endless battles is banned\n|rule|OHKO Clause: OHKO moves are banned\n|rule|Evasion Moves Clause: Evasion moves are banned\n|rule|Evasion Abilities Clause: Evasion abilities are banned\n|rule|Species Clause: Limit one of each Pok\u00e9mon\n|rule|Gravity Sleep Clause: The combination of sleep-inducing moves with imperfect accuracy and Gravity or Gigantamax Orbeetle are banned\n|clearpoke\n|poke|p1|Venusaur, F|\n|poke|p1|Hitmontop, M|\n|poke|p1|Torkoal, F|\n|poke|p1|Flygon, M|\n|poke|p1|Whimsicott, F|\n|poke|p1|Walking Wake|\n|poke|p2|Incineroar, M|\n|poke|p2|Ogerpon-Wellspring, F|\n|poke|p2|Ninetales-Alola, M|\n|poke|p2|Quaquaval, F|\n|poke|p2|Clodsire, M|\n|poke|p2|Sinistcha-Masterpiece|\n|teampreview\n|inactive|Battle timer is ON: inactive players will automatically lose when time's up. (requested by lemonjohn)\n|\n|t:|1697428679\n|start\n|switch|p1a: Hitmontop|Hitmontop, M|100\/100\n|switch|p1b: Torkoal|Torkoal, F|100\/100\n|switch|p2a: Ninetales|Ninetales-Alola, M|100\/100\n|switch|p2b: Quaquaval|Quaquaval, F|100\/100\n|-weather|Snow|[from] ability: Snow Warning|[of] p2a: Ninetales\n|-ability|p1a: Hitmontop|Intimidate|boost\n|-unboost|p2a: Ninetales|atk|1\n|-unboost|p2b: Quaquaval|atk|1\n|-weather|SunnyDay|[from] ability: Drought|[of] p1b: Torkoal\n|turn|1\n|inactive|mint29 has 120 seconds left.\n|\n|t:|1697428710\n|switch|p2a: Clodsire|Clodsire, M|100\/100\n|switch|p2b: Incineroar|Incineroar, M|100\/100\n|-ability|p2b: Incineroar|Intimidate|boost\n|-unboost|p1a: Hitmontop|atk|1\n|-unboost|p1b: Torkoal|atk|1\n|move|p1a: Hitmontop|Fake Out|p2b: Incineroar\n|-damage|p2b: Incineroar|95\/100\n|move|p1b: Torkoal|Eruption|p2a: Clodsire|[spread] p2a,p2b\n|-resisted|p2b: Incineroar\n|-damage|p2a: Clodsire|35\/100\n|-damage|p2b: Incineroar|53\/100\n|\n|-weather|SunnyDay|[upkeep]\n|-heal|p2a: Clodsire|41\/100|[from] item: Leftovers\n|upkeep\n|turn|2\n|\n|t:|1697428733\n|switch|p2b: Ninetales|Ninetales-Alola, M|100\/100\n|-weather|Snow|[from] ability: Snow Warning|[of] p2b: Ninetales\n|switch|p2a: Quaquaval|Quaquaval, F|100\/100\n|-terastallize|p1b: Torkoal|Fire\n|move|p1a: Hitmontop|Quick Guard|p1a: Hitmontop\n|-singleturn|p1a: Hitmontop|Quick Guard\n|move|p1b: Torkoal|Eruption|p2a: Quaquaval|[spread] p2a,p2b\n|-resisted|p2a: Quaquaval\n|-supereffective|p2b: Ninetales\n|-damage|p2a: Quaquaval|50\/100\n|-damage|p2b: Ninetales|0 fnt\n|faint|p2b: Ninetales\n|\n|-weather|Snow|[upkeep]\n|upkeep\n|inactive|mint29 has 120 seconds left.\n|\n|t:|1697428750\n|switch|p2b: Clodsire|Clodsire, M|41\/100\n|turn|3\n|\n|t:|1697428760\n|switch|p1b: Venusaur|Venusaur, F|100\/100\n|switch|p2b: Sinistcha|Sinistcha-Masterpiece|100\/100\n|-heal|p2a: Quaquaval|75\/100|[from] ability: Hospitality|[of] p2b: Sinistcha\n|move|p2a: Quaquaval|Aqua Step|p1b: Venusaur\n|-resisted|p1b: Venusaur\n|-damage|p1b: Venusaur|73\/100\n|-boost|p2a: Quaquaval|spe|1\n|move|p1a: Hitmontop|Close Combat|p2a: Quaquaval\n|-damage|p2a: Quaquaval|44\/100\n|-unboost|p1a: Hitmontop|def|1\n|-unboost|p1a: Hitmontop|spd|1\n|\n|-weather|Snow|[upkeep]\n|upkeep\n|turn|4\n|\n|t:|1697428784\n|move|p2a: Quaquaval|Aqua Step|p1a: Hitmontop\n|-damage|p1a: Hitmontop|31\/100\n|-boost|p2a: Quaquaval|spe|1\n|-enditem|p1a: Hitmontop|Sitrus Berry|[eat]\n|-heal|p1a: Hitmontop|56\/100|[from] item: Sitrus Berry\n|move|p1b: Venusaur|Weather Ball|p2b: Sinistcha\n|-supereffective|p2b: Sinistcha\n|-damage|p2b: Sinistcha|2\/100\n|-damage|p1b: Venusaur|63\/100|[from] item: Life Orb\n|move|p2b: Sinistcha|Matcha Gotcha|p1b: Venusaur|[spread] p1a,p1b\n|-resisted|p1b: Venusaur\n|-damage|p1a: Hitmontop|14\/100\n|-heal|p2b: Sinistcha|21\/100|[from] drain|[of] p1a: Hitmontop\n|-damage|p1b: Venusaur|54\/100\n|-heal|p2b: Sinistcha|25\/100|[from] drain|[of] p1b: Venusaur\n|move|p1a: Hitmontop|Close Combat|p2a: Quaquaval\n|-damage|p2a: Quaquaval|13\/100\n|-unboost|p1a: Hitmontop|def|1\n|-unboost|p1a: Hitmontop|spd|1\n|\n|-weather|Snow|[upkeep]\n|upkeep\n|turn|5\n|\n|t:|1697428809\n|switch|p1a: Whimsicott|Whimsicott, F|100\/100\n|switch|p2b: Incineroar|Incineroar, M|53\/100\n|-ability|p2b: Incineroar|Intimidate|boost\n|-unboost|p1a: Whimsicott|atk|1\n|-unboost|p1b: Venusaur|atk|1\n|move|p2a: Quaquaval|Aqua Step|p1a: Whimsicott\n|-resisted|p1a: Whimsicott\n|-damage|p1a: Whimsicott|84\/100\n|-boost|p2a: Quaquaval|spe|1\n|move|p1b: Venusaur|Weather Ball|p2b: Incineroar\n|-resisted|p2b: Incineroar\n|-damage|p2b: Incineroar|34\/100\n|-damage|p1b: Venusaur|44\/100|[from] item: Life Orb\n|\n|-weather|Snow|[upkeep]\n|upkeep\n|turn|6\n|inactive|mint29 has 120 seconds left.\n|\n|t:|1697428839\n|switch|p2b: Sinistcha|Sinistcha-Masterpiece|25\/100\n|-heal|p2a: Quaquaval|38\/100|[from] ability: Hospitality|[of] p2b: Sinistcha\n|move|p1a: Whimsicott|Sunny Day|p1a: Whimsicott\n|-weather|SunnyDay\n|move|p2a: Quaquaval|Close Combat|p1b: Venusaur\n|-resisted|p1b: Venusaur\n|-damage|p1b: Venusaur|0 fnt\n|-unboost|p2a: Quaquaval|def|1\n|-unboost|p2a: Quaquaval|spd|1\n|faint|p1b: Venusaur\n|-ability|p2a: Quaquaval|Moxie|boost\n|-boost|p2a: Quaquaval|atk|1\n|\n|-weather|SunnyDay|[upkeep]\n|upkeep\n|\n|t:|1697428843\n|switch|p1b: Hitmontop|Hitmontop, M|14\/100\n|-ability|p1b: Hitmontop|Intimidate|boost\n|-unboost|p2a: Quaquaval|atk|1\n|-unboost|p2b: Sinistcha|atk|1\n|turn|7\n|\n|t:|1697428860\n|switch|p1a: Flygon|Flygon, M|100\/100\n|switch|p2b: Incineroar|Incineroar, M|34\/100\n|-ability|p2b: Incineroar|Intimidate|boost\n|-fail|p1a: Flygon|unboost|[from] item: Clear Amulet|[of] p1a: Flygon\n|-unboost|p1b: Hitmontop|atk|1\n|move|p1b: Hitmontop|Fake Out|p2a: Quaquaval\n|-damage|p2a: Quaquaval|27\/100\n|cant|p2a: Quaquaval|flinch\n|\n|-weather|SunnyDay|[upkeep]\n|upkeep\n|turn|8\n|\n|t:|1697428878\n|move|p1b: Hitmontop|Quick Guard|p1b: Hitmontop\n|-singleturn|p1b: Hitmontop|Quick Guard\n|move|p2a: Quaquaval|Aqua Step|p1b: Hitmontop\n|-damage|p1b: Hitmontop|0 fnt\n|-boost|p2a: Quaquaval|spe|1\n|faint|p1b: Hitmontop\n|-ability|p2a: Quaquaval|Moxie|boost\n|-boost|p2a: Quaquaval|atk|1\n|move|p1a: Flygon|Earthquake|p2a: Quaquaval|[spread] p2a,p2b\n|-supereffective|p2b: Incineroar\n|-damage|p2a: Quaquaval|0 fnt\n|-damage|p2b: Incineroar|0 fnt\n|faint|p2a: Quaquaval\n|faint|p2b: Incineroar\n|\n|-weather|SunnyDay|[upkeep]\n|upkeep\n|\n|t:|1697428901\n|switch|p2a: Ogerpon|Ogerpon-Wellspring, F|100\/100\n|switch|p1b: Walking Wake|Walking Wake|100\/100\n|switch|p2b: Clodsire|Clodsire, M|41\/100\n|-activate|p1b: Walking Wake|ability: Protosynthesis\n|-start|p1b: Walking Wake|protosynthesisspa\n|turn|9\n|\n|t:|1697428919\n|-terastallize|p2a: Ogerpon|Water\n|detailschange|p2a: Ogerpon|Ogerpon-Wellspring-Tera, F, tera:Water\n|-ability|p2a: Ogerpon|Embody Aspect (Wellspring)|boost\n|-boost|p2a: Ogerpon|spd|1\n|move|p2b: Clodsire|Protect|p2b: Clodsire\n|-singleturn|p2b: Clodsire|Protect\n|move|p1b: Walking Wake|Draco Meteor|p2a: Ogerpon\n|-damage|p2a: Ogerpon|31\/100\n|-unboost|p1b: Walking Wake|spa|2\n|-enditem|p1b: Walking Wake|White Herb\n|-clearnegativeboost|p1b: Walking Wake|[silent]\n|move|p2a: Ogerpon|Ivy Cudgel|p1a: Flygon\n|-damage|p1a: Flygon|48\/100\n|move|p1a: Flygon|Breaking Swipe|p2b: Clodsire|[spread] p2a\n|-activate|p2b: Clodsire|move: Protect\n|-crit|p2a: Ogerpon\n|-damage|p2a: Ogerpon|0 fnt\n|faint|p2a: Ogerpon\n|\n|-weather|SunnyDay|[upkeep]\n|-heal|p2b: Clodsire|48\/100|[from] item: Leftovers\n|upkeep\n|\n|t:|1697428937\n|switch|p2a: Sinistcha|Sinistcha-Masterpiece|25\/100\n|-heal|p2b: Clodsire|73\/100|[from] ability: Hospitality|[of] p2a: Sinistcha\n|turn|10\n|\n|t:|1697428944\n|move|p1b: Walking Wake|Protect|p1b: Walking Wake\n|-singleturn|p1b: Walking Wake|Protect\n|move|p1a: Flygon|Earthquake|p2a: Sinistcha|[spread] p2a,p2b\n|-activate|p1b: Walking Wake|move: Protect\n|-resisted|p2a: Sinistcha\n|-supereffective|p2b: Clodsire\n|-damage|p2a: Sinistcha|8\/100\n|-damage|p2b: Clodsire|0 fnt\n|faint|p2b: Clodsire\n|move|p2a: Sinistcha|Matcha Gotcha|p1a: Flygon|[spread] p1a\n|-activate|p1b: Walking Wake|move: Protect\n|-damage|p1a: Flygon|0 fnt\n|-heal|p2a: Sinistcha|30\/100|[from] drain|[of] p1a: Flygon\n|faint|p1a: Flygon\n|\n|-weather|none\n|-end|p1b: Walking Wake|Protosynthesis\n|upkeep\n|\n|t:|1697428946\n|switch|p1a: Torkoal|Torkoal, F, tera:Fire|100\/100\n|-weather|SunnyDay|[from] ability: Drought|[of] p1a: Torkoal\n|-activate|p1b: Walking Wake|ability: Protosynthesis\n|-start|p1b: Walking Wake|protosynthesisspa\n|turn|11\n|\n|t:|1697428954\n|move|p1b: Walking Wake|Weather Ball|p2a: Sinistcha\n|-supereffective|p2a: Sinistcha\n|-damage|p2a: Sinistcha|0 fnt\n|faint|p2a: Sinistcha\n|\n|win|lemonjohn\n|raw|lemonjohn's rating: 1361 &rarr; <strong>1370<\/strong><br \/>(+9 for winning)\n|raw|mint29's rating: 1150 &rarr; <strong>1139<\/strong><br \/>(-11 for losing)\n","uploadtime":1697428958,"views":8,"p1id":"lemonjohn","p2id":"mint29","formatid":"gen9nationaldexdoubles","rating":1139,"private":0,"password":""}