{"id":"gen9nationaldexdoubles-1951027056","p1":"fumbari 24","p2":"kurono22","format":"[Gen 9] National Dex Doubles","log":"|j|\u2606fumbari 24\n|j|\u2606kurono22\n|t:|1695531754\n|gametype|doubles\n|player|p1|fumbari 24|102|1183\n|player|p2|kurono22|brawly|1303\n|teamsize|p1|6\n|teamsize|p2|6\n|gen|9\n|tier|[Gen 9] National Dex Doubles\n|rated|\n|rule|HP Percentage Mod: HP is shown in percentages\n|rule|Endless Battle Clause: Forcing endless battles is banned\n|rule|OHKO Clause: OHKO moves are banned\n|rule|Evasion Moves Clause: Evasion moves are banned\n|rule|Evasion Abilities Clause: Evasion abilities are banned\n|rule|Species Clause: Limit one of each Pok\u00e9mon\n|rule|Gravity Sleep Clause: The combination of sleep-inducing moves with imperfect accuracy and Gravity or Gigantamax Orbeetle are banned\n|clearpoke\n|poke|p1|Metagross|\n|poke|p1|Blaziken, M|\n|poke|p1|Armaldo, M|\n|poke|p1|Pelipper, M|\n|poke|p1|Cradily, M|\n|poke|p1|Machamp, F|\n|poke|p2|Tornadus, M|\n|poke|p2|Typhlosion-Hisui, F|\n|poke|p2|Indeedee-F, F|\n|poke|p2|Armarouge, M|\n|poke|p2|Lilligant-Hisui, F|\n|poke|p2|Walking Wake|\n|teampreview\n|inactive|Battle timer is ON: inactive players will automatically lose when time's up. (requested by fumbari 24)\n|inactive|kurono22 has 120 seconds left.\n|\n|t:|1695531793\n|start\n|switch|p1a: La bomba|Machamp, F|100\/100\n|switch|p1b: Cradily|Cradily, M|100\/100\n|switch|p2a: Fany|Indeedee-F, F, shiny|100\/100\n|switch|p2b: Red Pepper|Armarouge, M|100\/100\n|-fieldstart|move: Psychic Terrain|[from] ability: Psychic Surge|[of] p2a: Fany\n|turn|1\n|\n|t:|1695531817\n|-terastallize|p2b: Red Pepper|Psychic\n|-terastallize|p1b: Cradily|Rock\n|move|p1a: La bomba|Wide Guard|p1a: La bomba\n|-singleturn|p1a: La bomba|Wide Guard\n|move|p2a: Fany|Follow Me|p2a: Fany\n|-singleturn|p2a: Fany|move: Follow Me\n|move|p2b: Red Pepper|Expanding Force|p1b: Cradily|[spread] \n|-activate|p1a: La bomba|move: Wide Guard\n|-activate|p1b: Cradily|move: Wide Guard\n|move|p1b: Cradily|Meteor Beam||[still]\n|-prepare|p1b: Cradily|Meteor Beam\n|-boost|p1b: Cradily|spa|1\n|-enditem|p1b: Cradily|Power Herb\n|-anim|p1b: Cradily|Meteor Beam|p2a: Fany\n|-damage|p2a: Fany|2\/100\n|\n|upkeep\n|turn|2\n|\n|t:|1695531840\n|move|p2a: Fany|Helping Hand|p2b: Red Pepper\n|-singleturn|p2b: Red Pepper|Helping Hand|[of] p2a: Fany\n|move|p1a: La bomba|Wide Guard|p1a: La bomba\n|-singleturn|p1a: La bomba|Wide Guard\n|move|p2b: Red Pepper|Energy Ball|p1b: Cradily\n|-supereffective|p1b: Cradily\n|-damage|p1b: Cradily|0 fnt\n|faint|p1b: Cradily\n|-damage|p2b: Red Pepper|91\/100|[from] item: Life Orb\n|\n|upkeep\n|\n|t:|1695531851\n|switch|p1b: Inferno|Blaziken, M|100\/100\n|turn|3\n|\n|t:|1695531866\n|move|p1a: La bomba|Wide Guard|p1a: La bomba\n|-singleturn|p1a: La bomba|Wide Guard\n|move|p2a: Fany|Follow Me|p2a: Fany\n|-singleturn|p2a: Fany|move: Follow Me\n|move|p1b: Inferno|Rock Slide|p2a: Fany|[spread] p2a,p2b\n|-damage|p2a: Fany|0 fnt\n|-damage|p2b: Red Pepper|71\/100\n|faint|p2a: Fany\n|move|p2b: Red Pepper|Energy Ball|p1a: La bomba\n|-damage|p1a: La bomba|70\/100\n|-damage|p2b: Red Pepper|61\/100|[from] item: Life Orb\n|\n|-heal|p1a: La bomba|76\/100|[from] item: Leftovers\n|-ability|p1b: Inferno|Speed Boost|boost\n|-boost|p1b: Inferno|spe|1\n|upkeep\n|\n|t:|1695531883\n|switch|p2a: Helios|Tornadus, M|100\/100\n|turn|4\n|\n|t:|1695531907\n|move|p2a: Helios|Tailwind|p2a: Helios\n|-sidestart|p2: kurono22|move: Tailwind\n|move|p2b: Red Pepper|Energy Ball|p1a: La bomba\n|-damage|p1a: La bomba|43\/100\n|-damage|p2b: Red Pepper|51\/100|[from] item: Life Orb\n|move|p1b: Inferno|Rock Slide|p2b: Red Pepper|[spread] p2a,p2b\n|-supereffective|p2a: Helios\n|-damage|p2a: Helios|41\/100\n|-damage|p2b: Red Pepper|33\/100\n|move|p1a: La bomba|Ice Punch|p2a: Helios\n|-supereffective|p2a: Helios\n|-damage|p2a: Helios|0 fnt\n|faint|p2a: Helios\n|\n|-heal|p1a: La bomba|49\/100|[from] item: Leftovers\n|-ability|p1b: Inferno|Speed Boost|boost\n|-boost|p1b: Inferno|spe|1\n|upkeep\n|\n|t:|1695531928\n|switch|p2a: Raptor|Walking Wake|100\/100\n|turn|5\n|\n|t:|1695531944\n|move|p1b: Inferno|Protect|p1b: Inferno\n|-singleturn|p1b: Inferno|Protect\n|move|p1a: La bomba|Protect|p1a: La bomba\n|-singleturn|p1a: La bomba|Protect\n|move|p2a: Raptor|Hydro Steam|p1b: Inferno\n|-activate|p1b: Inferno|move: Protect\n|move|p2b: Red Pepper|Expanding Force|p1b: Inferno|[spread] \n|-activate|p1a: La bomba|move: Protect\n|-activate|p1b: Inferno|move: Protect\n|\n|-heal|p1a: La bomba|56\/100|[from] item: Leftovers\n|-fieldend|move: Psychic Terrain\n|-ability|p1b: Inferno|Speed Boost|boost\n|-boost|p1b: Inferno|spe|1\n|upkeep\n|turn|6\n|\n|t:|1695531965\n|move|p2a: Raptor|Hydro Steam|p1b: Inferno\n|-supereffective|p1b: Inferno\n|-damage|p1b: Inferno|0 fnt\n|faint|p1b: Inferno\n|-damage|p2a: Raptor|91\/100|[from] item: Life Orb\n|move|p2b: Red Pepper|Expanding Force|p1a: La bomba\n|-supereffective|p1a: La bomba\n|-damage|p1a: La bomba|0 fnt\n|faint|p1a: La bomba\n|-damage|p2b: Red Pepper|23\/100|[from] item: Life Orb\n|\n|upkeep\n|\n|t:|1695531976\n|switch|p1b: Mine mine|Pelipper, M|100\/100\n|switch|p1a: Armaldo|Armaldo, M|100\/100\n|-weather|RainDance|[from] ability: Drizzle|[of] p1b: Mine mine\n|turn|7\n|\n|t:|1695531992\n|move|p1a: Armaldo|Protect|p1a: Armaldo\n|-singleturn|p1a: Armaldo|Protect\n|move|p2a: Raptor|Hydro Steam|p1a: Armaldo\n|-activate|p1a: Armaldo|move: Protect\n|move|p2b: Red Pepper|Expanding Force|p1b: Mine mine\n|-damage|p1b: Mine mine|15\/100\n|-enditem|p1b: Mine mine|Sitrus Berry|[eat]\n|-heal|p1b: Mine mine|40\/100|[from] item: Sitrus Berry\n|-damage|p2b: Red Pepper|13\/100|[from] item: Life Orb\n|move|p1b: Mine mine|Tailwind|p1b: Mine mine\n|-sidestart|p1: fumbari 24|move: Tailwind\n|\n|-weather|RainDance|[upkeep]\n|-sideend|p2: kurono22|move: Tailwind\n|upkeep\n|turn|8\n|\n|t:|1695532010\n|move|p1a: Armaldo|Rock Slide|p2a: Raptor|[spread] p2a,p2b\n|-crit|p2a: Raptor\n|-damage|p2a: Raptor|43\/100\n|-damage|p2b: Red Pepper|0 fnt\n|faint|p2b: Red Pepper\n|move|p1b: Mine mine|Hurricane|p2a: Raptor\n|-damage|p2a: Raptor|0 fnt\n|faint|p2a: Raptor\n|-end|p2a: Raptor|Protosynthesis|[silent]\n|\n|-weather|RainDance|[upkeep]\n|upkeep\n|\n|t:|1695532022\n|switch|p2a: Rora|Lilligant-Hisui, F, shiny|100\/100\n|switch|p2b: Indra|Typhlosion-Hisui, F|100\/100\n|-item|p1a: Armaldo|Sitrus Berry|[from] ability: Frisk|[of] p2b: Indra|[identify]\n|turn|9\n|\n|t:|1695532049\n|move|p1a: Armaldo|Rock Slide|p2a: Rora|[spread] p2a,p2b\n|-resisted|p2a: Rora\n|-supereffective|p2b: Indra\n|-damage|p2a: Rora|77\/100\n|-damage|p2b: Indra|8\/100\n|move|p1b: Mine mine|Hurricane|p2a: Rora\n|-supereffective|p2a: Rora\n|-damage|p2a: Rora|0 fnt\n|faint|p2a: Rora\n|move|p2b: Indra|Eruption|p1b: Mine mine|[spread] p1a,p1b\n|-resisted|p1b: Mine mine\n|-damage|p1a: Armaldo|97\/100\n|-damage|p1b: Mine mine|38\/100\n|\n|-weather|RainDance|[upkeep]\n|upkeep\n|turn|10\n|\n|t:|1695532066\n|move|p1b: Mine mine|Protect|p1b: Mine mine\n|-singleturn|p1b: Mine mine|Protect\n|move|p1a: Armaldo|Swords Dance|p1a: Armaldo\n|-boost|p1a: Armaldo|atk|2\n|move|p2b: Indra|Eruption|p1b: Mine mine|[spread] p1a\n|-activate|p1b: Mine mine|move: Protect\n|-damage|p1a: Armaldo|93\/100\n|\n|-weather|RainDance|[upkeep]\n|-sideend|p1: fumbari 24|move: Tailwind\n|upkeep\n|turn|11\n|l|\u2606kurono22\n|inactive|kurono22 disconnected and has a minute to reconnect!\n|player|p2|\n|inactive|kurono22 has 30 seconds to reconnect!\n|n|\u2606fumbari 24|fumbari24\n|inactive|kurono22 has 20 seconds to reconnect!\n|c|\u2606fumbari 24|Gg\n|inactive|kurono22 has 15 seconds to reconnect!\n|inactive|kurono22 has 10 seconds to reconnect!\n|inactive|kurono22 has 5 seconds to reconnect!\n|-message|kurono22 lost due to inactivity.\n|\n|win|fumbari 24\n|raw|fumbari 24's rating: 1183 &rarr; <strong>1216<\/strong><br \/>(+33 for winning)\n|raw|kurono22's rating: 1303 &rarr; <strong>1276<\/strong><br \/>(-27 for losing)\n","uploadtime":1695532142,"views":9,"p1id":"fumbari24","p2id":"kurono22","formatid":"gen9nationaldexdoubles","rating":1216,"private":0,"password":""}