{"id":"gen9nationaldexdoubles-1957646740","p1":"Nickalip","p2":"Caio o78","format":"[Gen 9] National Dex Doubles","log":"|j|\u2606Nickalip\n|j|\u2606Caio o78\n|t:|1696249361\n|gametype|doubles\n|player|p1|Nickalip|steven|1098\n|player|p2|Caio o78|ltsurge|1159\n|teamsize|p1|6\n|teamsize|p2|6\n|gen|9\n|tier|[Gen 9] National Dex Doubles\n|rated|\n|rule|HP Percentage Mod: HP is shown in percentages\n|rule|Endless Battle Clause: Forcing endless battles is banned\n|rule|OHKO Clause: OHKO moves are banned\n|rule|Evasion Moves Clause: Evasion moves are banned\n|rule|Evasion Abilities Clause: Evasion abilities are banned\n|rule|Species Clause: Limit one of each Pok\u00e9mon\n|rule|Gravity Sleep Clause: The combination of sleep-inducing moves with imperfect accuracy and Gravity or Gigantamax Orbeetle are banned\n|clearpoke\n|poke|p1|Iron Valiant|\n|poke|p1|Scizor, M|\n|poke|p1|Serperior, F|\n|poke|p1|Ceruledge, M|\n|poke|p1|Swampert, M|\n|poke|p1|Gardevoir, F|\n|poke|p2|Chandelure, F|\n|poke|p2|Ampharos, M|\n|poke|p2|Gliscor, M|\n|poke|p2|Greninja-*, M|\n|poke|p2|Toxtricity-Low-Key, M|\n|poke|p2|Kommo-o, F|\n|teampreview\n|\n|t:|1696249382\n|start\n|switch|p1a: K\u0101v|Ceruledge, M|100\/100\n|switch|p1b: Snake|Serperior, F, shiny|100\/100\n|switch|p2a: Toxtricity|Toxtricity-Low-Key, M|100\/100\n|switch|p2b: Ampharos|Ampharos, M|100\/100\n|turn|1\n|inactive|Battle timer is ON: inactive players will automatically lose when time's up. (requested by Caio o78)\n|\n|t:|1696249398\n|move|p1b: Snake|Leaf Storm|p2b: Ampharos\n|-damage|p2b: Ampharos|47\/100\n|-boost|p1b: Snake|spa|2\n|move|p1a: K\u0101v|Bitter Blade|p2a: Toxtricity\n|-damage|p2a: Toxtricity|28\/100\n|move|p2a: Toxtricity|Magnetic Flux|p2a: Toxtricity\n|-boost|p2a: Toxtricity|def|1\n|-boost|p2a: Toxtricity|spd|1\n|-boost|p2b: Ampharos|def|1\n|-boost|p2b: Ampharos|spd|1\n|move|p2b: Ampharos|Magnetic Flux|p2b: Ampharos\n|-boost|p2a: Toxtricity|def|1\n|-boost|p2a: Toxtricity|spd|1\n|-boost|p2b: Ampharos|def|1\n|-boost|p2b: Ampharos|spd|1\n|\n|-heal|p2a: Toxtricity|34\/100|[from] item: Leftovers\n|upkeep\n|turn|2\n|inactive|Nickalip has 120 seconds left.\n|\n|t:|1696249430\n|move|p1b: Snake|Giga Drain|p2a: Toxtricity\n|-resisted|p2a: Toxtricity\n|-damage|p2a: Toxtricity|14\/100\n|move|p1a: K\u0101v|Bitter Blade|p2b: Ampharos\n|-damage|p2b: Ampharos|18\/100\n|-enditem|p2b: Ampharos|Aguav Berry|[eat]\n|-heal|p2b: Ampharos|51\/100|[from] item: Aguav Berry\n|move|p2a: Toxtricity|Sludge Bomb|p1b: Snake\n|-supereffective|p1b: Snake\n|-damage|p1b: Snake|0 fnt\n|faint|p1b: Snake\n|move|p2b: Ampharos|Dragon Tail|p1a: K\u0101v\n|-damage|p1a: K\u0101v|87\/100\n|-ability|p1a: K\u0101v|Weak Armor|boost\n|-unboost|p1a: K\u0101v|def|1\n|-boost|p1a: K\u0101v|spe|2\n|drag|p1a: Choro-Y|Scizor, M, shiny|100\/100\n|\n|-heal|p2a: Toxtricity|20\/100|[from] item: Leftovers\n|upkeep\n|inactive|Nickalip has 120 seconds left.\n|\n|t:|1696249457\n|switch|p1b: Rana Qliaa|Swampert, M|100\/100\n|turn|3\n|inactive|Nickalip has 120 seconds left.\n|\n|t:|1696249465\n|move|p1a: Choro-Y|Protect|p1a: Choro-Y\n|-singleturn|p1a: Choro-Y|Protect\n|move|p2a: Toxtricity|Magnetic Flux|p2a: Toxtricity\n|-boost|p2a: Toxtricity|def|1\n|-boost|p2a: Toxtricity|spd|1\n|-boost|p2b: Ampharos|def|1\n|-boost|p2b: Ampharos|spd|1\n|move|p1b: Rana Qliaa|Earthquake|p2b: Ampharos|[spread] p2a,p2b\n|-activate|p1a: Choro-Y|move: Protect\n|-supereffective|p2a: Toxtricity\n|-supereffective|p2b: Ampharos\n|-damage|p2a: Toxtricity|0 fnt\n|-damage|p2b: Ampharos|26\/100\n|faint|p2a: Toxtricity\n|move|p2b: Ampharos|Dragon Tail|p1b: Rana Qliaa\n|-damage|p1b: Rana Qliaa|91\/100\n|drag|p1b: K\u0101v|Ceruledge, M|87\/100\n|\n|upkeep\n|\n|t:|1696249487\n|switch|p2a: Greninja|Greninja, M|100\/100\n|turn|4\n|\n|t:|1696249510\n|move|p2a: Greninja|Surf|p1b: K\u0101v|[spread] p2b,p1a,p1b\n|-crit|p2b: Ampharos\n|-supereffective|p1b: K\u0101v\n|-damage|p2b: Ampharos|0 fnt\n|-damage|p1a: Choro-Y|67\/100\n|-damage|p1b: K\u0101v|21\/100\n|faint|p2b: Ampharos\n|-ability|p2a: Greninja|Battle Bond|boost\n|-boost|p2a: Greninja|atk|1\n|-boost|p2a: Greninja|spa|1\n|-boost|p2a: Greninja|spe|1\n|-activate|p2a: Greninja|ability: Battle Bond\n|move|p1b: K\u0101v|Bulk Up|p1b: K\u0101v\n|-boost|p1b: K\u0101v|atk|1\n|-boost|p1b: K\u0101v|def|1\n|move|p1a: Choro-Y|U-turn|p2a: Greninja\n|-supereffective|p2a: Greninja\n|-damage|p2a: Greninja|0 fnt\n|faint|p2a: Greninja\n|inactive|Nickalip has 120 seconds left.\n|\n|t:|1696249527\n|switch|p1a: Rana Qliaa|Swampert, M|91\/100|[from] U-turn\n|\n|upkeep\n|\n|t:|1696249534\n|switch|p2a: Chandelure|Chandelure, F, shiny|100\/100\n|switch|p2b: Gliscor|Gliscor, M, shiny|100\/100\n|turn|5\n|\n|t:|1696249549\n|-terastallize|p2a: Chandelure|Grass\n|move|p2b: Gliscor|Earthquake|p1a: Rana Qliaa|[spread] p2a,p1a,p1b\n|-resisted|p2a: Chandelure\n|-supereffective|p1b: K\u0101v\n|-damage|p2a: Chandelure|80\/100\n|-damage|p1a: Rana Qliaa|65\/100\n|-damage|p1b: K\u0101v|0 fnt\n|faint|p1b: K\u0101v\n|move|p2a: Chandelure|Tera Blast|p1a: Rana Qliaa|[anim] Tera Blast Grass\n|-supereffective|p1a: Rana Qliaa\n|-crit|p1a: Rana Qliaa\n|-damage|p1a: Rana Qliaa|0 fnt\n|faint|p1a: Rana Qliaa\n|\n|-heal|p2a: Chandelure|86\/100|[from] item: Leftovers\n|-status|p2b: Gliscor|tox|[from] item: Toxic Orb\n|upkeep\n|\n|t:|1696249566\n|switch|p1b: Himiko|Gardevoir, F|100\/100\n|switch|p1a: Iron Valiant|Iron Valiant, shiny|100\/100\n|-enditem|p1a: Iron Valiant|Booster Energy\n|-activate|p1a: Iron Valiant|ability: Quark Drive|[fromitem]\n|-start|p1a: Iron Valiant|quarkdriveatk\n|-ability|p1b: Himiko|Infiltrator|[from] ability: Trace|[of] p2a: Chandelure\n|turn|6\n|\n|t:|1696249590\n|detailschange|p1b: Himiko|Gardevoir-Mega, F\n|-mega|p1b: Himiko|Gardevoir|Gardevoirite\n|move|p1a: Iron Valiant|Ice Punch|p2a: Chandelure\n|-supereffective|p2a: Chandelure\n|-damage|p2a: Chandelure|0 fnt\n|faint|p2a: Chandelure\n|move|p1b: Himiko|Psychic|p2b: Gliscor\n|-damage|p2b: Gliscor|22\/100 tox\n|move|p2b: Gliscor|Facade|p1a: Iron Valiant\n|-damage|p1a: Iron Valiant|49\/100\n|\n|-heal|p2b: Gliscor|35\/100 tox|[from] ability: Poison Heal\n|upkeep\n|\n|t:|1696249605\n|switch|p2a: Kommo-o|Kommo-o, F, shiny|100\/100\n|turn|7\n|\n|t:|1696249616\n|move|p1a: Iron Valiant|Ice Punch|p2b: Gliscor\n|-supereffective|p2b: Gliscor\n|-damage|p2b: Gliscor|0 fnt\n|faint|p2b: Gliscor\n|move|p1b: Himiko|Moonblast|p2a: Kommo-o\n|-supereffective|p2a: Kommo-o\n|-damage|p2a: Kommo-o|0 fnt\n|faint|p2a: Kommo-o\n|\n|win|Nickalip\n|raw|Nickalip's rating: 1098 &rarr; <strong>1128<\/strong><br \/>(+30 for winning)\n|raw|Caio o78's rating: 1159 &rarr; <strong>1130<\/strong><br \/>(-29 for losing)\n|l|\u2606Caio o78\n","uploadtime":1696249629,"views":6,"p1id":"nickalip","p2id":"caioo78","formatid":"gen9nationaldexdoubles","rating":1128,"private":0,"password":""}