{"id":"gen9nationaldexdoubles-1956883876","p1":"Camdar","p2":"Play Tale of Wuxia","format":"[Gen 9] National Dex Doubles","log":"|j|\u2606Camdar\n|j|\u2606Play Tale of Wuxia\n|t:|1696165890\n|gametype|doubles\n|player|p1|Camdar|hilda|\n|player|p2|Play Tale of Wuxia|gentleman|\n|teamsize|p1|6\n|teamsize|p2|6\n|gen|9\n|tier|[Gen 9] National Dex Doubles\n|rule|HP Percentage Mod: HP is shown in percentages\n|rule|Endless Battle Clause: Forcing endless battles is banned\n|rule|OHKO Clause: OHKO moves are banned\n|rule|Evasion Moves Clause: Evasion moves are banned\n|rule|Evasion Abilities Clause: Evasion abilities are banned\n|rule|Species Clause: Limit one of each Pok\u00e9mon\n|rule|Gravity Sleep Clause: The combination of sleep-inducing moves with imperfect accuracy and Gravity or Gigantamax Orbeetle are banned\n|clearpoke\n|poke|p1|Zapdos|\n|poke|p1|Garchomp, F|\n|poke|p1|Kleavor, M|\n|poke|p1|Clefable, F|\n|poke|p1|Vivillon-Polar, F|\n|poke|p1|Gholdengo|\n|poke|p2|Dragonite, F|\n|poke|p2|Tornadus, M|\n|poke|p2|Arcanine-Hisui, F|\n|poke|p2|Iron Bundle|\n|poke|p2|Primarina, M|\n|poke|p2|Iron Treads|\n|teampreview\n|\n|t:|1696165903\n|start\n|switch|p1a: tera rock|Kleavor, M|100\/100\n|switch|p1b: budget clefairy|Vivillon-Polar, F|100\/100\n|switch|p2a: be nice to me|Tornadus, M|100\/100\n|switch|p2b: Iron Treads|Iron Treads|100\/100\n|turn|1\n|j| 2wb\n|\n|t:|1696165916\n|move|p1a: tera rock|Stone Axe|p2a: be nice to me\n|-supereffective|p2a: be nice to me\n|-enditem|p2a: be nice to me|Focus Sash\n|-damage|p2a: be nice to me|1\/100\n|-sidestart|p2: Play Tale of Wuxia|move: Stealth Rock\n|move|p2a: be nice to me|Bleakwind Storm|p1a: tera rock|[spread] p1b\n|-miss|p2a: be nice to me|p1a: tera rock\n|-supereffective|p1b: budget clefairy\n|-enditem|p1b: budget clefairy|Focus Sash\n|-damage|p1b: budget clefairy|1\/100\n|-unboost|p1b: budget clefairy|spe|1\n|move|p2b: Iron Treads|Rock Slide|p1b: budget clefairy|[spread] p1a,p1b\n|-supereffective|p1a: tera rock\n|-supereffective|p1b: budget clefairy\n|-damage|p1a: tera rock|70\/100\n|-damage|p1b: budget clefairy|0 fnt\n|faint|p1b: budget clefairy\n|\n|upkeep\n|\n|t:|1696165933\n|switch|p1b: still the best '06|Garchomp, F|100\/100\n|turn|2\n|\n|t:|1696165942\n|switch|p1a: the fire nation|Zapdos|100\/100\n|move|p2a: be nice to me|Tailwind|p2a: be nice to me\n|-sidestart|p2: Play Tale of Wuxia|move: Tailwind\n|move|p2b: Iron Treads|Rock Slide|p1b: still the best '06|[spread] p1a,p1b\n|-supereffective|p1a: the fire nation\n|-resisted|p1b: still the best '06\n|-damage|p1a: the fire nation|63\/100\n|-damage|p1b: still the best '06|91\/100\n|cant|p1b: still the best '06|flinch\n|\n|upkeep\n|turn|3\n|\n|t:|1696165954\n|move|p2a: be nice to me|Icy Wind|p1b: still the best '06|[spread] p1a,p1b\n|-supereffective|p1a: the fire nation\n|-enditem|p1a: the fire nation|Yache Berry|[eat]\n|-enditem|p1a: the fire nation|Yache Berry|[weaken]\n|-supereffective|p1b: still the best '06\n|-damage|p1a: the fire nation|50\/100\n|-damage|p1b: still the best '06|26\/100\n|-unboost|p1a: the fire nation|spe|1\n|-unboost|p1b: still the best '06|spe|1\n|move|p2b: Iron Treads|Rock Slide|p1a: the fire nation|[spread] p1a,p1b\n|-supereffective|p1a: the fire nation\n|-resisted|p1b: still the best '06\n|-damage|p1a: the fire nation|15\/100\n|-damage|p1b: still the best '06|17\/100\n|cant|p1b: still the best '06|flinch\n|move|p1a: the fire nation|Discharge|p2b: Iron Treads|[spread] p2a\n|-immune|p1b: still the best '06\n|-immune|p2b: Iron Treads\n|-supereffective|p2a: be nice to me\n|-damage|p2a: be nice to me|0 fnt\n|faint|p2a: be nice to me\n|\n|upkeep\n|\n|t:|1696165972\n|switch|p2a: Hatsune Seaku|Primarina, M|100\/100\n|-damage|p2a: Hatsune Seaku|88\/100|[from] Stealth Rock\n|turn|4\n|\n|t:|1696165981\n|move|p1a: the fire nation|Protect|p1a: the fire nation\n|-singleturn|p1a: the fire nation|Protect\n|move|p2b: Iron Treads|Rock Slide|p1b: still the best '06|[spread] p1b\n|-activate|p1a: the fire nation|move: Protect\n|-resisted|p1b: still the best '06\n|-damage|p1b: still the best '06|8\/100\n|move|p2a: Hatsune Seaku|Icy Wind|p1b: still the best '06|[spread] p1b\n|-activate|p1a: the fire nation|move: Protect\n|-supereffective|p1b: still the best '06\n|-damage|p1b: still the best '06|0 fnt\n|faint|p1b: still the best '06\n|\n|upkeep\n|\n|t:|1696165992\n|switch|p1b: namebrand clefairy|Clefable, F|100\/100\n|turn|5\n|\n|t:|1696165999\n|move|p2b: Iron Treads|Iron Head|p1b: namebrand clefairy\n|-supereffective|p1b: namebrand clefairy\n|-damage|p1b: namebrand clefairy|28\/100\n|move|p2a: Hatsune Seaku|Icy Wind|p1b: namebrand clefairy|[spread] p1a,p1b\n|-supereffective|p1a: the fire nation\n|-damage|p1a: the fire nation|0 fnt\n|-damage|p1b: namebrand clefairy|15\/100\n|-unboost|p1b: namebrand clefairy|spe|1\n|faint|p1a: the fire nation\n|move|p1b: namebrand clefairy|Chilling Water|p2b: Iron Treads\n|-supereffective|p2b: Iron Treads\n|-damage|p2b: Iron Treads|78\/100\n|-unboost|p2b: Iron Treads|atk|1\n|\n|-heal|p1b: namebrand clefairy|21\/100|[from] item: Leftovers\n|-sideend|p2: Play Tale of Wuxia|move: Tailwind\n|upkeep\n|\n|t:|1696166012\n|switch|p1a: i hate umbrellas|Gholdengo|100\/100\n|turn|6\n|\n|t:|1696166021\n|-terastallize|p1b: namebrand clefairy|Water\n|move|p2b: Iron Treads|Volt Switch|p1b: namebrand clefairy\n|-supereffective|p1b: namebrand clefairy\n|-damage|p1b: namebrand clefairy|3\/100\n|\n|t:|1696166026\n|-end|p2b: Iron Treads|Quark Drive|[silent]\n|switch|p2b: Fluffy|Arcanine-Hisui, F|100\/100|[from] Volt Switch\n|-damage|p2b: Fluffy|76\/100|[from] Stealth Rock\n|move|p1a: i hate umbrellas|Nasty Plot|p1a: i hate umbrellas\n|-boost|p1a: i hate umbrellas|spa|2\n|move|p2a: Hatsune Seaku|Hyper Voice|p1b: namebrand clefairy|[spread] p1a,p1b\n|-resisted|p1b: namebrand clefairy\n|-damage|p1a: i hate umbrellas|54\/100\n|-damage|p1b: namebrand clefairy|0 fnt\n|faint|p1b: namebrand clefairy\n|\n|upkeep\n|\n|t:|1696166036\n|switch|p1b: tera rock|Kleavor, M|70\/100\n|turn|7\n|\n|t:|1696166042\n|move|p1a: i hate umbrellas|Protect|p1a: i hate umbrellas\n|-singleturn|p1a: i hate umbrellas|Protect\n|move|p2b: Fluffy|Flare Blitz|p1a: i hate umbrellas\n|-activate|p1a: i hate umbrellas|move: Protect\n|move|p1b: tera rock|Stone Axe|p2b: Fluffy\n|-supereffective|p2b: Fluffy\n|-damage|p2b: Fluffy|0 fnt\n|faint|p2b: Fluffy\n|move|p2a: Hatsune Seaku|Hyper Voice|p1a: i hate umbrellas|[spread] p1b\n|-activate|p1a: i hate umbrellas|move: Protect\n|-supereffective|p1b: tera rock\n|-damage|p1b: tera rock|0 fnt\n|faint|p1b: tera rock\n|\n|upkeep\n|\n|t:|1696166055\n|switch|p2b: Cool Bird|Iron Bundle|100\/100\n|-damage|p2b: Cool Bird|76\/100|[from] Stealth Rock\n|-enditem|p2b: Cool Bird|Booster Energy\n|-activate|p2b: Cool Bird|ability: Quark Drive|[fromitem]\n|-start|p2b: Cool Bird|quarkdrivespe\n|turn|8\n|\n|t:|1696166080\n|move|p2b: Cool Bird|Freeze-Dry|p1a: i hate umbrellas\n|-resisted|p1a: i hate umbrellas\n|-damage|p1a: i hate umbrellas|35\/100\n|move|p1a: i hate umbrellas|Make It Rain|p2a: Hatsune Seaku|[spread] p2a,p2b\n|-damage|p2a: Hatsune Seaku|0 fnt\n|-damage|p2b: Cool Bird|0 fnt\n|-unboost|p1a: i hate umbrellas|spa|1\n|faint|p2a: Hatsune Seaku\n|faint|p2b: Cool Bird\n|-end|p2b: Cool Bird|Quark Drive|[silent]\n|-damage|p1a: i hate umbrellas|25\/100|[from] item: Life Orb\n|\n|upkeep\n|\n|t:|1696166091\n|switch|p2b: Big D|Dragonite, F|100\/100\n|switch|p2a: Iron Treads|Iron Treads|78\/100\n|-damage|p2a: Iron Treads|75\/100|[from] Stealth Rock\n|-damage|p2b: Big D|76\/100|[from] Stealth Rock\n|turn|9\n|\n|t:|1696166102\n|move|p2a: Iron Treads|High Horsepower|p1a: i hate umbrellas\n|-supereffective|p1a: i hate umbrellas\n|-damage|p1a: i hate umbrellas|0 fnt\n|faint|p1a: i hate umbrellas\n|\n|win|Play Tale of Wuxia\n","uploadtime":1696166107,"views":25,"p1id":"camdar","p2id":"playtaleofwuxia","formatid":"gen9nationaldexdoubles","rating":0,"private":0,"password":""}