{"id":"gen9nationaldexdoubles-1968493987","p1":"Zelphalopod","p2":"Camdar","format":"[Gen 9] National Dex Doubles","log":"|j|\u2606Zelphalopod\n|j|\u2606Camdar\n|t:|1697424679\n|gametype|doubles\n|player|p1|Zelphalopod|brendan-masters|\n|player|p2|Camdar|hilda|\n|teamsize|p1|6\n|teamsize|p2|6\n|gen|9\n|tier|[Gen 9] National Dex Doubles\n|rule|HP Percentage Mod: HP is shown in percentages\n|rule|Endless Battle Clause: Forcing endless battles is banned\n|rule|OHKO Clause: OHKO moves are banned\n|rule|Evasion Moves Clause: Evasion moves are banned\n|rule|Evasion Abilities Clause: Evasion abilities are banned\n|rule|Species Clause: Limit one of each Pok\u00e9mon\n|rule|Gravity Sleep Clause: The combination of sleep-inducing moves with imperfect accuracy and Gravity or Gigantamax Orbeetle are banned\n|clearpoke\n|poke|p1|Toxtricity, M|\n|poke|p1|Samurott-Hisui, M|\n|poke|p1|Volcanion|\n|poke|p1|Gyarados, M|\n|poke|p1|Glimmora, F|\n|poke|p1|Brute Bonnet|\n|poke|p2|Clefable, F|\n|poke|p2|Zapdos|\n|poke|p2|Baxcalibur, F|\n|poke|p2|Vivillon-Continental, M|\n|poke|p2|Garchomp, M|\n|poke|p2|Kleavor, F|\n|teampreview\n|\n|t:|1697424788\n|start\n|switch|p1a: Shui-Long|Gyarados, M|100\/100\n|switch|p1b: Among|Brute Bonnet|100\/100\n|switch|p2a: birb|Zapdos|100\/100\n|switch|p2b: i hate grass|Kleavor, F|100\/100\n|-ability|p1a: Shui-Long|Intimidate|boost\n|-unboost|p2a: birb|atk|1\n|-unboost|p2b: i hate grass|atk|1\n|-enditem|p1b: Among|Booster Energy\n|-activate|p1b: Among|ability: Protosynthesis|[fromitem]\n|-start|p1b: Among|protosynthesisdef\n|turn|1\n|\n|t:|1697424817\n|-terastallize|p1a: Shui-Long|Ground\n|move|p2b: i hate grass|U-turn|p1b: Among\n|-supereffective|p1b: Among\n|-damage|p1b: Among|48\/100\n|j| extremebidenblast\n|\n|t:|1697424824\n|switch|p2b: ou|Clefable, F|100\/100|[from] U-turn\n|move|p2a: birb|Hurricane|p1b: Among\n|-supereffective|p1b: Among\n|-damage|p1b: Among|0 fnt\n|faint|p1b: Among\n|-end|p1b: Among|Protosynthesis|[silent]\n|move|p1a: Shui-Long|Dragon Dance|p1a: Shui-Long\n|-boost|p1a: Shui-Long|atk|1\n|-boost|p1a: Shui-Long|spe|1\n|\n|upkeep\n|\n|t:|1697424835\n|switch|p1b: Shimmer|Glimmora, F|100\/100\n|turn|2\n|\n|t:|1697424845\n|move|p1a: Shui-Long|Ice Fang|p2a: birb\n|-supereffective|p2a: birb\n|-damage|p2a: birb|50\/100\n|-damage|p1a: Shui-Long|84\/100|[from] item: Rocky Helmet|[of] p2a: birb\n|-status|p1a: Shui-Long|par|[from] ability: Static|[of] p2a: birb\n|move|p1b: Shimmer|Stealth Rock|p2a: birb\n|-sidestart|p2: Camdar|move: Stealth Rock\n|move|p2a: birb|Volt Switch|p1b: Shimmer\n|-damage|p1b: Shimmer|60\/100\n|l| extremebidenblast\n|\n|t:|1697424859\n|switch|p2a: uu|Garchomp, M|100\/100|[from] Volt Switch\n|-damage|p2a: uu|94\/100|[from] Stealth Rock\n|move|p2b: ou|Safeguard|p2b: ou\n|-sidestart|p2: Camdar|Safeguard\n|\n|upkeep\n|turn|3\n|j| Relleth\n|\n|t:|1697424891\n|move|p2b: ou|Follow Me|p2b: ou\n|-singleturn|p2b: ou|move: Follow Me\n|move|p2a: uu|Scale Shot|p1b: Shimmer\n|-damage|p1b: Shimmer|44\/100\n|-activate|p1b: Shimmer|ability: Toxic Debris\n|-sidestart|p2: Camdar|move: Toxic Spikes\n|-damage|p1b: Shimmer|29\/100\n|-activate|p1b: Shimmer|ability: Toxic Debris\n|-sidestart|p2: Camdar|move: Toxic Spikes\n|-damage|p1b: Shimmer|14\/100\n|-damage|p1b: Shimmer|0 fnt\n|faint|p1b: Shimmer\n|-hitcount|p1: Shimmer|4\n|-unboost|p2a: uu|def|1\n|-boost|p2a: uu|spe|1\n|cant|p1a: Shui-Long|par\n|\n|upkeep\n|\n|t:|1697424918\n|switch|p1b: Storm|Volcanion|100\/100\n|turn|4\n|j| 2wb\n|\n|t:|1697424931\n|-terastallize|p2a: uu|Water\n|move|p2b: ou|Follow Me|p2b: ou\n|-singleturn|p2b: ou|move: Follow Me\n|move|p2a: uu|Swords Dance|p2a: uu\n|-boost|p2a: uu|atk|2\n|move|p1a: Shui-Long|Dragon Dance|p1a: Shui-Long\n|-boost|p1a: Shui-Long|atk|1\n|-boost|p1a: Shui-Long|spe|1\n|move|p1b: Storm|Roar|p2b: ou\n|drag|p2b: birb|Zapdos|50\/100\n|-damage|p2b: birb|25\/100|[from] Stealth Rock\n|\n|upkeep\n|turn|5\n|\n|t:|1697424959\n|move|p2a: uu|Earthquake|p1a: Shui-Long|[spread] p1a,p1b\n|-immune|p2b: birb\n|-supereffective|p1b: Storm\n|-damage|p1a: Shui-Long|0 fnt\n|-damage|p1b: Storm|0 fnt\n|faint|p1a: Shui-Long\n|faint|p1b: Storm\n|move|p2b: birb|Hurricane|p1: Shui-Long|[notarget]\n|-fail|p2b: birb\n|\n|upkeep\n|\n|t:|1697424967\n|switch|p1a: Lazarus|Toxtricity, M, shiny|100\/100\n|switch|p1b: Yin|Samurott-Hisui, M|100\/100\n|turn|6\n|\n|t:|1697424978\n|move|p2a: uu|Protect|p2a: uu\n|-singleturn|p2a: uu|Protect\n|move|p1b: Yin|Aqua Jet|p2b: birb\n|-damage|p2b: birb|10\/100\n|-damage|p1b: Yin|84\/100|[from] item: Rocky Helmet|[of] p2b: birb\n|move|p1a: Lazarus|Overdrive|p2b: birb|[spread] p2b\n|-activate|p2a: uu|move: Protect\n|-damage|p2b: birb|0 fnt\n|faint|p2b: birb\n|\n|-sideend|p2: Camdar|Safeguard\n|upkeep\n|\n|t:|1697424993\n|switch|p2b: orange|Vivillon-Continental, M|100\/100\n|-damage|p2b: orange|50\/100|[from] Stealth Rock\n|turn|7\n|\n|t:|1697425001\n|move|p2a: uu|Earthquake|p1a: Lazarus|[spread] p1a,p1b\n|-immune|p2b: orange\n|-supereffective|p1a: Lazarus\n|-damage|p1a: Lazarus|0 fnt\n|-damage|p1b: Yin|2\/100\n|faint|p1a: Lazarus\n|move|p2b: orange|Bug Buzz|p1b: Yin\n|-supereffective|p1b: Yin\n|-damage|p1b: Yin|0 fnt\n|faint|p1b: Yin\n|\n|win|Camdar\n|c|\u2606Zelphalopod|lol\n|l|\u2606Zelphalopod\n|l|\u2606Camdar\n|j|\u2606Camdar\n|player|p2|Camdar|hilda\n|l|\u2606Camdar\n|player|p2|\n|l| 2wb\n|j|\u2606Camdar\n|player|p2|Camdar|hilda\n","uploadtime":1697425053,"views":6,"p1id":"zelphalopod","p2id":"camdar","formatid":"gen9nationaldexdoubles","rating":0,"private":0,"password":""}