{"id":"gen9nationaldexdoubles-1994894020","p1":"El Ryuk456","p2":"Thatfunniguy","format":"[Gen 9] National Dex Doubles","log":"|j|\u2606El Ryuk456\n|j|\u2606Thatfunniguy\n|t:|1700502420\n|gametype|doubles\n|player|p1|El Ryuk456|ingo|1384\n|player|p2|Thatfunniguy|fisherman-gen4|1362\n|teamsize|p1|6\n|teamsize|p2|6\n|gen|9\n|tier|[Gen 9] National Dex Doubles\n|rated|\n|rule|HP Percentage Mod: HP is shown in percentages\n|rule|Endless Battle Clause: Forcing endless battles is banned\n|rule|OHKO Clause: OHKO moves are banned\n|rule|Evasion Moves Clause: Evasion moves are banned\n|rule|Evasion Abilities Clause: Evasion abilities are banned\n|rule|Species Clause: Limit one of each Pok\u00e9mon\n|rule|Gravity Sleep Clause: The combination of sleep-inducing moves with imperfect accuracy and Gravity or Gigantamax Orbeetle are banned\n|clearpoke\n|poke|p1|Audino, F|\n|poke|p1|Mimikyu, F|\n|poke|p1|Gholdengo|\n|poke|p1|Moltres-Galar|\n|poke|p1|Ogerpon-Cornerstone, F|\n|poke|p1|Zorua-Hisui, M|\n|poke|p2|Murkrow, M|\n|poke|p2|Eldegoss, F|\n|poke|p2|Serperior, F|\n|poke|p2|Victini|\n|poke|p2|Malamar, M|\n|poke|p2|Latias, F|\n|teampreview\n|inactive|Battle timer is ON: inactive players will automatically lose when time's up. (requested by Thatfunniguy)\n|\n|t:|1700502448\n|start\n|switch|p1a: Ogerpon|Ogerpon-Cornerstone, F|100\/100\n|switch|p1b: Mimikyu|Mimikyu, F|100\/100\n|switch|p2a: VICTORY|Victini|100\/100\n|switch|p2b: Le Guy|Malamar, M, shiny|100\/100\n|turn|1\n|\n|t:|1700502459\n|switch|p2a: Slow down|Eldegoss, F|100\/100\n|move|p1a: Ogerpon|Will-O-Wisp|p2b: Le Guy\n|-status|p2b: Le Guy|brn\n|move|p2b: Le Guy|Substitute|p2b: Le Guy\n|-start|p2b: Le Guy|Substitute\n|-damage|p2b: Le Guy|76\/100 brn\n|move|p1b: Mimikyu|Trick Room|p1b: Mimikyu\n|-fieldstart|move: Trick Room|[of] p1b: Mimikyu\n|\n|-heal|p2b: Le Guy|82\/100 brn|[from] item: Leftovers\n|-damage|p2b: Le Guy|76\/100 brn|[from] brn\n|upkeep\n|turn|2\n|\n|t:|1700502485\n|switch|p1a: Audino|Audino, F|100\/100\n|move|p2a: Slow down|Aromatherapy||[still]\n|-activate|p2a: Slow down|move: Aromatherapy\n|-fail|p2a: Slow down\n|move|p2b: Le Guy|Superpower|p1a: Audino\n|-supereffective|p1a: Audino\n|-damage|p1a: Audino|70\/100\n|-boost|p2b: Le Guy|atk|1\n|-boost|p2b: Le Guy|def|1\n|move|p1b: Mimikyu|Shadow Claw|p2b: Le Guy\n|-activate|p2b: Le Guy|move: Substitute|[damage]\n|\n|-heal|p2b: Le Guy|82\/100 brn|[from] item: Leftovers\n|-damage|p2b: Le Guy|76\/100 brn|[from] brn\n|upkeep\n|turn|3\n|\n|t:|1700502506\n|detailschange|p1a: Audino|Audino-Mega, F\n|-mega|p1a: Audino|Audino|Audinite\n|move|p1a: Audino|Dazzling Gleam|p2a: Slow down|[spread] p2a,p2b\n|-supereffective|p2b: Le Guy\n|-end|p2b: Le Guy|Substitute\n|-damage|p2a: Slow down|89\/100\n|-ability|p2a: Slow down|Cotton Down\n|-unboost|p1a: Audino|spe|1\n|-unboost|p1b: Mimikyu|spe|1\n|-boost|p2b: Le Guy|spe|1\n|move|p2a: Slow down|Pollen Puff|p1b: Mimikyu\n|-activate|p1b: Mimikyu|ability: Disguise\n|-damage|p1b: Mimikyu|100\/100\n|detailschange|p1b: Mimikyu|Mimikyu-Busted, F\n|-damage|p1b: Mimikyu|88\/100|[from] pokemon: Mimikyu-Busted\n|move|p1b: Mimikyu|Shadow Claw|p2b: Le Guy\n|-damage|p2b: Le Guy|55\/100 brn\n|move|p2b: Le Guy|Superpower|p1a: Audino\n|-damage|p1a: Audino|54\/100\n|-boost|p2b: Le Guy|atk|1\n|-boost|p2b: Le Guy|def|1\n|\n|-heal|p2b: Le Guy|61\/100 brn|[from] item: Leftovers\n|-damage|p2b: Le Guy|55\/100 brn|[from] brn\n|upkeep\n|turn|4\n|\n|t:|1700502529\n|move|p1a: Audino|Wish|p1a: Audino\n|move|p2a: Slow down|Aromatherapy|p2a: Slow down\n|-activate|p2a: Slow down|move: Aromatherapy\n|-curestatus|p2b: Le Guy|brn|[msg]\n|-zpower|p1b: Mimikyu\n|move|p1b: Mimikyu|Let's Snuggle Forever|p2b: Le Guy|[zeffect]\n|-supereffective|p2b: Le Guy\n|-damage|p2b: Le Guy|0 fnt\n|faint|p2b: Le Guy\n|\n|upkeep\n|\n|t:|1700502542\n|switch|p2b: VICTORY|Victini|100\/100\n|turn|5\n|\n|t:|1700502554\n|move|p1a: Audino|Ally Switch|p1a: Audino\n|swap|p1a: Audino|1|[from] move: Ally Switch\n|move|p1a: Mimikyu|Shadow Claw|p2b: VICTORY\n|-supereffective|p2b: VICTORY\n|-damage|p2b: VICTORY|47\/100\n|move|p2a: Slow down|Sleep Powder|p1b: Audino\n|-status|p1b: Audino|slp|[from] move: Sleep Powder\n|-zpower|p2b: VICTORY\n|move|p2b: VICTORY|Z-Celebrate|p2b: VICTORY|[anim]Celebrate\n|-boost|p2b: VICTORY|atk|1|[zeffect]\n|-boost|p2b: VICTORY|def|1|[zeffect]\n|-boost|p2b: VICTORY|spa|1|[zeffect]\n|-boost|p2b: VICTORY|spd|1|[zeffect]\n|-boost|p2b: VICTORY|spe|1|[zeffect]\n|-activate|p2b: VICTORY|move: Celebrate\n|\n|-heal|p1a: Mimikyu|100\/100|[from] move: Wish|[wisher] Audino\n|-fieldend|move: Trick Room\n|upkeep\n|turn|6\n|\n|t:|1700502570\n|move|p2b: VICTORY|Stored Power|p1a: Mimikyu\n|-damage|p1a: Mimikyu|42\/100\n|move|p2a: Slow down|Sleep Powder|p1a: Mimikyu|[miss]\n|-miss|p2a: Slow down|p1a: Mimikyu\n|cant|p1b: Audino|slp\n|move|p1a: Mimikyu|Trick Room|p1a: Mimikyu\n|-fieldstart|move: Trick Room|[of] p1a: Mimikyu\n|\n|upkeep\n|turn|7\n|inactive|Thatfunniguy has 120 seconds left.\n|c|\u2606Thatfunniguy|You've gotta be kidding me\n|\n|t:|1700502608\n|switch|p2b: Caesar|Murkrow, M|100\/100\n|cant|p1b: Audino|slp\n|move|p1a: Mimikyu|Shadow Claw|p2b: Caesar\n|-resisted|p2b: Caesar\n|-damage|p2b: Caesar|78\/100\n|move|p2a: Slow down|Pollen Puff|p2b: Caesar\n|-heal|p2b: Caesar|100\/100\n|\n|upkeep\n|turn|8\n|\n|t:|1700502618\n|move|p2b: Caesar|Quash|p1a: Mimikyu\n|-activate|p1a: Mimikyu|move: Quash\n|cant|p1b: Audino|slp\n|move|p2a: Slow down|Sleep Powder|p1a: Mimikyu\n|-status|p1a: Mimikyu|slp|[from] move: Sleep Powder\n|cant|p1a: Mimikyu|slp\n|\n|upkeep\n|turn|9\n|\n|t:|1700502631\n|switch|p2a: Snek|Serperior, F|100\/100\n|switch|p2b: VICTORY|Victini|47\/100\n|-curestatus|p1b: Audino|slp|[msg]\n|move|p1b: Audino|Wish|p1b: Audino\n|cant|p1a: Mimikyu|slp\n|\n|upkeep\n|turn|10\n|\n|t:|1700502646\n|move|p1b: Audino|Flamethrower|p2a: Snek\n|-supereffective|p2a: Snek\n|-damage|p2a: Snek|65\/100\n|-curestatus|p1a: Mimikyu|slp|[msg]\n|move|p1a: Mimikyu|Shadow Claw|p2b: VICTORY\n|-supereffective|p2b: VICTORY\n|-damage|p2b: VICTORY|0 fnt\n|faint|p2b: VICTORY\n|move|p2a: Snek|Leaf Storm|p1a: Mimikyu\n|-damage|p1a: Mimikyu|0 fnt\n|-boost|p2a: Snek|spa|2\n|faint|p1a: Mimikyu\n|\n|-heal|p1b: Audino|100\/100|[from] move: Wish|[wisher] Audino\n|-heal|p2a: Snek|71\/100|[from] item: Leftovers\n|-fieldend|move: Trick Room\n|upkeep\n|\n|t:|1700502660\n|switch|p2b: Playing Around|Latias, F, shiny|100\/100\n|switch|p1a: Moltres|Moltres-Galar|100\/100\n|turn|11\n|\n|t:|1700502672\n|detailschange|p2b: Playing Around|Latias-Mega, F, shiny\n|-mega|p2b: Playing Around|Latias|Latiasite\n|-terastallize|p2a: Snek|Steel\n|move|p2b: Playing Around|Role Play|p2a: Snek\n|-endability|p2b: Playing Around|Levitate|[from] move: Role Play\n|-ability|p2b: Playing Around|Contrary|[from] move: Role Play|[of] p2a: Snek\n|move|p2a: Snek|Leaf Storm|p1b: Audino\n|-damage|p1b: Audino|39\/100\n|-boost|p2a: Snek|spa|2\n|move|p1a: Moltres|Fiery Wrath|p2a: Snek|[spread] p2a,p2b\n|-supereffective|p2b: Playing Around\n|-damage|p2a: Snek|46\/100\n|-damage|p2b: Playing Around|55\/100\n|move|p1b: Audino|Flamethrower|p2a: Snek\n|-supereffective|p2a: Snek\n|-damage|p2a: Snek|10\/100\n|\n|-heal|p2a: Snek|16\/100|[from] item: Leftovers\n|upkeep\n|turn|12\n|\n|t:|1700502697\n|move|p1b: Audino|Ally Switch|p1b: Audino\n|swap|p1b: Audino|0|[from] move: Ally Switch\n|move|p2b: Playing Around|Draco Meteor|p1b: Moltres\n|-damage|p1b: Moltres|48\/100\n|-boost|p2b: Playing Around|spa|2\n|-ability|p1b: Moltres|Berserk|boost\n|-boost|p1b: Moltres|spa|1\n|-enditem|p1b: Moltres|Sitrus Berry|[eat]\n|-heal|p1b: Moltres|73\/100|[from] item: Sitrus Berry\n|move|p2a: Snek|Leaf Storm|p1b: Moltres\n|-resisted|p1b: Moltres\n|-damage|p1b: Moltres|17\/100\n|-boost|p2a: Snek|spa|2\n|-ability|p1b: Moltres|Berserk|boost\n|-boost|p1b: Moltres|spa|1\n|move|p1b: Moltres|Fiery Wrath|p2a: Snek|[spread] p2a,p2b\n|-supereffective|p2b: Playing Around\n|-damage|p2a: Snek|0 fnt\n|-damage|p2b: Playing Around|0 fnt\n|faint|p2a: Snek\n|faint|p2b: Playing Around\n|\n|upkeep\n|inactive|Thatfunniguy has 120 seconds left.\n|-message|Thatfunniguy forfeited.\n|\n|win|El Ryuk456\n|raw|El Ryuk456's rating: 1384 &rarr; <strong>1403<\/strong><br \/>(+19 for winning)\n|raw|Thatfunniguy's rating: 1362 &rarr; <strong>1343<\/strong><br \/>(-19 for losing)\n|l|\u2606Thatfunniguy\n","uploadtime":1700502758,"views":1,"p1id":"elryuk456","p2id":"thatfunniguy","formatid":"gen9nationaldexdoubles","rating":1343,"private":0,"password":""}