{"id":"gen9nationaldexdoubles-1952057521","p1":"XMarcosPr710","p2":"Morakun","format":"[Gen 9] National Dex Doubles","log":"|j|\u2606XMarcosPr710\n|j|\u2606Morakun\n|t:|1695653702\n|gametype|doubles\n|player|p1|XMarcosPr710|benga|\n|player|p2|Morakun|ghetsis|\n|teamsize|p1|6\n|teamsize|p2|6\n|gen|9\n|tier|[Gen 9] National Dex Doubles\n|rule|HP Percentage Mod: HP is shown in percentages\n|rule|Endless Battle Clause: Forcing endless battles is banned\n|rule|OHKO Clause: OHKO moves are banned\n|rule|Evasion Moves Clause: Evasion moves are banned\n|rule|Evasion Abilities Clause: Evasion abilities are banned\n|rule|Species Clause: Limit one of each Pok\u00e9mon\n|rule|Gravity Sleep Clause: The combination of sleep-inducing moves with imperfect accuracy and Gravity or Gigantamax Orbeetle are banned\n|clearpoke\n|poke|p1|Torkoal, F|\n|poke|p1|Camerupt, M|\n|poke|p1|Lilligant-Hisui, F|\n|poke|p1|Slowbro, F|\n|poke|p1|Malamar, M|\n|poke|p1|Vikavolt, M|\n|poke|p2|Vanilluxe, F|\n|poke|p2|Conkeldurr, M|\n|poke|p2|Barbaracle, F|\n|poke|p2|Hariyama, M|\n|poke|p2|Komala, F|\n|poke|p2|Armaldo, M|\n|teampreview\n|j| pannkeka\n|c| pannkeka|ea\n|\n|t:|1695653736\n|start\n|switch|p1a: Lilligant|Lilligant-Hisui, F|100\/100\n|switch|p1b: Torkoal|Torkoal, F|100\/100\n|switch|p2a: ronogro|Conkeldurr, M|100\/100\n|switch|p2b: kolina|Komala, F|100\/100\n|-ability|p2b: kolina|Comatose\n|-weather|SunnyDay|[from] ability: Drought|[of] p1b: Torkoal\n|turn|1\n|j| Spem53\n|\n|t:|1695653764\n|switch|p2b: mosumo|Hariyama, M|100\/100\n|-terastallize|p1a: Lilligant|Ghost\n|move|p2a: ronogro|Protect|p2a: ronogro\n|-singleturn|p2a: ronogro|Protect\n|move|p1a: Lilligant|After You|p1b: Torkoal\n|-activate|p1b: Torkoal|move: After You\n|move|p1b: Torkoal|Eruption|p2b: mosumo|[spread] p2b\n|-activate|p2a: ronogro|move: Protect\n|-damage|p2b: mosumo|73\/100\n|\n|-weather|SunnyDay|[upkeep]\n|-status|p2a: ronogro|brn|[from] item: Flame Orb\n|upkeep\n|turn|2\n|\n|t:|1695653784\n|move|p1a: Lilligant|Protect|p1a: Lilligant\n|-singleturn|p1a: Lilligant|Protect\n|move|p1b: Torkoal|Protect|p1b: Torkoal\n|-singleturn|p1b: Torkoal|Protect\n|move|p2a: ronogro|Rock Slide|p1a: Lilligant|[spread] \n|-activate|p1a: Lilligant|move: Protect\n|-activate|p1b: Torkoal|move: Protect\n|move|p2b: mosumo|Counter||[still]\n|-fail|p2b: mosumo\n|\n|-weather|SunnyDay|[upkeep]\n|-damage|p2a: ronogro|94\/100 brn|[from] brn\n|upkeep\n|turn|3\n|\n|t:|1695653802\n|move|p1a: Lilligant|After You|p1b: Torkoal\n|-activate|p1b: Torkoal|move: After You\n|move|p1b: Torkoal|Eruption|p2b: mosumo|[spread] p2a,p2b\n|-damage|p2a: ronogro|0 fnt\n|-damage|p2b: mosumo|45\/100\n|faint|p2a: ronogro\n|move|p2b: mosumo|Rock Slide|p1a: Lilligant|[spread] p1a,p1b\n|-supereffective|p1b: Torkoal\n|-damage|p1a: Lilligant|82\/100\n|-damage|p1b: Torkoal|78\/100\n|\n|-weather|SunnyDay|[upkeep]\n|upkeep\n|\n|t:|1695653813\n|switch|p2a: helid|Vanilluxe, F|100\/100\n|-weather|Snow|[from] ability: Snow Warning|[of] p2a: helid\n|turn|4\n|\n|t:|1695653830\n|move|p1a: Lilligant|Sleep Powder|p2b: mosumo|[miss]\n|-miss|p1a: Lilligant|p2b: mosumo\n|move|p2a: helid|Autotomize|p2a: helid\n|-boost|p2a: helid|spe|2\n|-start|p2a: helid|Autotomize\n|move|p2b: mosumo|Drain Punch|p1a: Lilligant\n|-immune|p1a: Lilligant\n|move|p1b: Torkoal|Flamethrower|p2a: helid\n|-supereffective|p2a: helid\n|-damage|p2a: helid|3\/100\n|\n|-weather|Snow|[upkeep]\n|upkeep\n|turn|5\n|c|\u2606Morakun|Miisclick\n|c|\u2606Morakun|fuck\n|c| pannkeka|pro\n|\n|t:|1695653868\n|move|p1a: Lilligant|Protect|p1a: Lilligant\n|-singleturn|p1a: Lilligant|Protect\n|move|p2a: helid|Blizzard|p1a: Lilligant|[spread] p1b\n|-activate|p1a: Lilligant|move: Protect\n|-resisted|p1b: Torkoal\n|-damage|p1b: Torkoal|49\/100\n|move|p2b: mosumo|Rock Slide|p1b: Torkoal|[spread] p1b\n|-activate|p1a: Lilligant|move: Protect\n|-supereffective|p1b: Torkoal\n|-damage|p1b: Torkoal|28\/100\n|move|p1b: Torkoal|Eruption|p2a: helid|[spread] p2a,p2b\n|-supereffective|p2a: helid\n|-damage|p2a: helid|0 fnt\n|-damage|p2b: mosumo|41\/100\n|faint|p2a: helid\n|\n|-weather|Snow|[upkeep]\n|upkeep\n|\n|t:|1695653885\n|switch|p2a: kolina|Komala, F|100\/100\n|-ability|p2a: kolina|Comatose\n|turn|6\n|\n|t:|1695653892\n|switch|p1b: Slowbro|Slowbro, F|100\/100\n|move|p1a: Lilligant|Close Combat|p2a: kolina\n|-supereffective|p2a: kolina\n|-damage|p2a: kolina|0 fnt\n|-unboost|p1a: Lilligant|def|1\n|-unboost|p1a: Lilligant|spd|1\n|faint|p2a: kolina\n|move|p2b: mosumo|Rock Slide|p1a: Lilligant|[spread] p1a,p1b\n|-damage|p1a: Lilligant|54\/100\n|-damage|p1b: Slowbro|92\/100\n|\n|-weather|Snow|[upkeep]\n|upkeep\n|\n|t:|1695653913\n|switch|p2a: percebin|Barbaracle, F|100\/100\n|turn|7\n|\n|t:|1695653924\n|move|p1a: Lilligant|Close Combat|p2a: percebin\n|-supereffective|p2a: percebin\n|-crit|p2a: percebin\n|-damage|p2a: percebin|0 fnt\n|-unboost|p1a: Lilligant|def|1\n|-unboost|p1a: Lilligant|spd|1\n|faint|p2a: percebin\n|move|p2b: mosumo|Rock Slide|p1b: Slowbro|[spread] p1a\n|-miss|p2b: mosumo|p1b: Slowbro\n|-damage|p1a: Lilligant|19\/100\n|move|p1b: Slowbro|Scald|p2b: mosumo\n|-damage|p2b: mosumo|22\/100\n|-enditem|p2b: mosumo|Ganlon Berry|[eat]\n|-boost|p2b: mosumo|def|1|[from] item: Ganlon Berry\n|\n|-weather|Snow|[upkeep]\n|upkeep\n|\n|t:|1695653939\n|switch|p2a: Armaldo|Armaldo, M|100\/100\n|turn|8\n|\n|t:|1695653949\n|-terastallize|p2a: Armaldo|Rock\n|move|p2b: mosumo|Detect|p2b: mosumo\n|-singleturn|p2b: mosumo|Protect\n|move|p1a: Lilligant|Sleep Powder|p2b: mosumo\n|-activate|p2b: mosumo|move: Protect\n|move|p2a: Armaldo|Rock Slide|p1a: Lilligant|[spread] p1a,p1b\n|-damage|p1a: Lilligant|0 fnt\n|-damage|p1b: Slowbro|69\/100\n|faint|p1a: Lilligant\n|move|p1b: Slowbro|Trick Room|p1b: Slowbro\n|-fieldstart|move: Trick Room|[of] p1b: Slowbro\n|\n|-weather|Snow|[upkeep]\n|upkeep\n|\n|t:|1695653962\n|switch|p1a: Camerupt|Camerupt, M|100\/100\n|turn|9\n|\n|t:|1695653981\n|detailschange|p1a: Camerupt|Camerupt-Mega, M\n|-mega|p1a: Camerupt|Camerupt|Cameruptite\n|move|p1a: Camerupt|Eruption|p2b: mosumo|[spread] p2a,p2b\n|-resisted|p2a: Armaldo\n|-crit|p2b: mosumo\n|-damage|p2a: Armaldo|58\/100\n|-damage|p2b: mosumo|0 fnt\n|faint|p2b: mosumo\n|move|p1b: Slowbro|Scald|p2a: Armaldo\n|-supereffective|p2a: Armaldo\n|-damage|p2a: Armaldo|0 fnt\n|faint|p2a: Armaldo\n|\n|win|XMarcosPr710\n|c|\u2606Morakun|GG\n|c|\u2606XMarcosPr710|Gg\n|l|\u2606Morakun\n|c| pannkeka|lel\n","uploadtime":1695654004,"views":12,"p1id":"xmarcospr710","p2id":"morakun","formatid":"gen9nationaldexdoubles","rating":0,"private":0,"password":""}