{"id":"gen9nationaldexdoubles-1990707879","p1":"lxvliiz","p2":"ExpungedHasYourIP","format":"[Gen 9] National Dex Doubles","log":"|j|\u2606lxvliiz\n|j|\u203dExpungedHasYourIP\n|t:|1699993584\n|gametype|doubles\n|player|p1|lxvliiz|guitarist|1152\n|player|p2|ExpungedHasYourIP|teamrocket|1000\n|teamsize|p1|6\n|teamsize|p2|6\n|gen|9\n|tier|[Gen 9] National Dex Doubles\n|rated|\n|rule|HP Percentage Mod: HP is shown in percentages\n|rule|Endless Battle Clause: Forcing endless battles is banned\n|rule|OHKO Clause: OHKO moves are banned\n|rule|Evasion Moves Clause: Evasion moves are banned\n|rule|Evasion Abilities Clause: Evasion abilities are banned\n|rule|Species Clause: Limit one of each Pok\u00e9mon\n|rule|Gravity Sleep Clause: The combination of sleep-inducing moves with imperfect accuracy and Gravity or Gigantamax Orbeetle are banned\n|clearpoke\n|poke|p1|Torkoal, F|\n|poke|p1|Charizard, M|\n|poke|p1|Rotom-Heat|\n|poke|p1|Heatran, M|\n|poke|p1|Iron Moth|\n|poke|p1|Flareon, M|\n|poke|p2|Regigigas|\n|poke|p2|Gallade, M|\n|poke|p2|Salazzle, F|\n|poke|p2|Zapdos|\n|poke|p2|Latias, F|\n|poke|p2|Latios, M|\n|teampreview\n|inactive|Battle timer is ON: inactive players will automatically lose when time's up. (requested by ExpungedHasYourIP)\n|c|\u2606lxvliiz|hi\n|\n|t:|1699993597\n|start\n|switch|p1a: Iron Moth|Iron Moth|100\/100\n|switch|p1b: Heatran|Heatran, M|100\/100\n|switch|p2a: Regigigas|Regigigas|100\/100\n|switch|p2b: Gallade|Gallade, M|100\/100\n|-start|p2a: Regigigas|ability: Slow Start\n|-enditem|p1a: Iron Moth|Booster Energy\n|-activate|p1a: Iron Moth|ability: Quark Drive|[fromitem]\n|-start|p1a: Iron Moth|quarkdrivespa\n|turn|1\n|c|\u2606lxvliiz|damn both latias and latios\n|\n|t:|1699993624\n|-terastallize|p1b: Heatran|Fire\n|move|p1b: Heatran|Eruption|p2a: Regigigas|[spread] p2a,p2b\n|-damage|p2a: Regigigas|37\/100\n|-damage|p2b: Gallade|19\/100\n|move|p1a: Iron Moth|Fiery Dance|p2a: Regigigas\n|-damage|p2a: Regigigas|0 fnt\n|faint|p2a: Regigigas\n|-end|p2a: Regigigas|Slow Start|[silent]\n|move|p2b: Gallade|Skill Swap|p2: Regigigas|[notarget]\n|-fail|p2b: Gallade\n|\n|upkeep\n|\n|t:|1699993638\n|switch|p2a: Zapdos|Zapdos|100\/100\n|-ability|p2a: Zapdos|Pressure\n|turn|2\n|\n|t:|1699993643\n|move|p1b: Heatran|Eruption|p2b: Gallade|[spread] p2a,p2b\n|-damage|p2a: Zapdos|11\/100\n|-damage|p2b: Gallade|0 fnt\n|faint|p2b: Gallade\n|move|p1a: Iron Moth|Fiery Dance|p2a: Zapdos\n|-damage|p2a: Zapdos|0 fnt\n|-boost|p1a: Iron Moth|spa|1\n|faint|p2a: Zapdos\n|\n|upkeep\n|\n|t:|1699993650\n|switch|p2a: Latias|Latias, F|100\/100\n|switch|p2b: Latios|Latios, M|100\/100\n|turn|3\n|inactive|ExpungedHasYourIP has 120 seconds left.\n|\n|t:|1699993689\n|move|p1b: Heatran|Eruption|p2b: Latios|[spread] p2a,p2b\n|-resisted|p2a: Latias\n|-resisted|p2b: Latios\n|-damage|p2a: Latias|67\/100\n|-damage|p2b: Latios|60\/100\n|move|p2b: Latios|Surf|p1b: Heatran|[spread] p2a,p1a,p1b\n|-resisted|p2a: Latias\n|-supereffective|p1a: Iron Moth\n|-supereffective|p1b: Heatran\n|-damage|p2a: Latias|57\/100\n|-damage|p1a: Iron Moth|51\/100\n|-damage|p1b: Heatran|55\/100\n|move|p2a: Latias|Psychic|p1a: Iron Moth\n|-supereffective|p1a: Iron Moth\n|-damage|p1a: Iron Moth|0 fnt\n|faint|p1a: Iron Moth\n|-end|p1a: Iron Moth|Quark Drive|[silent]\n|\n|-heal|p2a: Latias|63\/100|[from] item: Leftovers\n|-heal|p2b: Latios|66\/100|[from] item: Leftovers\n|upkeep\n|\n|t:|1699993712\n|switch|p1a: Torkoal|Torkoal, F|100\/100\n|-weather|SunnyDay|[from] ability: Drought|[of] p1a: Torkoal\n|turn|4\n|\n|t:|1699993726\n|move|p1b: Heatran|Eruption|p2b: Latios|[spread] p2a,p2b\n|-resisted|p2a: Latias\n|-resisted|p2b: Latios\n|-damage|p2a: Latias|32\/100\n|-damage|p2b: Latios|34\/100\n|move|p2a: Latias|Heal Pulse|p2b: Latios\n|-heal|p2b: Latios|84\/100\n|move|p2b: Latios|Heal Pulse|p2a: Latias\n|-heal|p2a: Latias|82\/100\n|move|p1a: Torkoal|Eruption|p2a: Latias|[spread] p2a,p2b\n|-resisted|p2a: Latias\n|-resisted|p2b: Latios\n|-damage|p2a: Latias|47\/100\n|-damage|p2b: Latios|49\/100\n|\n|-weather|SunnyDay|[upkeep]\n|-heal|p2b: Latios|55\/100|[from] item: Leftovers\n|-heal|p2a: Latias|53\/100|[from] item: Leftovers\n|upkeep\n|turn|5\n|\n|t:|1699993745\n|move|p1b: Heatran|Eruption|p2a: Latias|[spread] p2a,p2b\n|-resisted|p2a: Latias\n|-resisted|p2b: Latios\n|-damage|p2a: Latias|23\/100\n|-damage|p2b: Latios|20\/100\n|move|p2a: Latias|Psychic|p1b: Heatran\n|-damage|p1b: Heatran|9\/100\n|-unboost|p1b: Heatran|spd|1\n|move|p2b: Latios|Surf|p1a: Torkoal|[spread] p2a,p1a,p1b\n|-resisted|p2a: Latias\n|-supereffective|p1a: Torkoal\n|-supereffective|p1b: Heatran\n|-damage|p2a: Latias|18\/100\n|-damage|p1a: Torkoal|68\/100\n|-damage|p1b: Heatran|0 fnt\n|faint|p1b: Heatran\n|move|p1a: Torkoal|Eruption|p2a: Latias|[spread] p2a,p2b\n|-resisted|p2a: Latias\n|-resisted|p2b: Latios\n|-damage|p2a: Latias|0 fnt\n|-damage|p2b: Latios|0 fnt\n|faint|p2a: Latias\n|faint|p2b: Latios\n|\n|-weather|SunnyDay|[upkeep]\n|upkeep\n|-message|ExpungedHasYourIP forfeited.\n|\n|win|lxvliiz\n|raw|lxvliiz's rating: 1152 &rarr; <strong>1167<\/strong><br \/>(+15 for winning)\n|raw|ExpungedHasYourIP's rating: 1000 &rarr; <strong>1000<\/strong><br \/>(+0 for losing)\n|l|\u203dExpungedHasYourIP\n|c|\u2606lxvliiz|gg\n","uploadtime":1699993775,"views":4,"p1id":"lxvliiz","p2id":"expungedhasyourip","formatid":"gen9nationaldexdoubles","rating":1000,"private":0,"password":""}