{"id":"gen9nationaldexdoubles-1952592051","p1":"Mascara De Planta","p2":"wz132","format":"[Gen 9] National Dex Doubles","log":"|j|\u2606Mascara De Planta\n|j|\u2606wz132\n|t:|1695700883\n|gametype|doubles\n|player|p1|Mascara De Planta|170|1110\n|player|p2|wz132|1|1223\n|teamsize|p1|6\n|teamsize|p2|6\n|gen|9\n|tier|[Gen 9] National Dex Doubles\n|rated|\n|rule|HP Percentage Mod: HP is shown in percentages\n|rule|Endless Battle Clause: Forcing endless battles is banned\n|rule|OHKO Clause: OHKO moves are banned\n|rule|Evasion Moves Clause: Evasion moves are banned\n|rule|Evasion Abilities Clause: Evasion abilities are banned\n|rule|Species Clause: Limit one of each Pok\u00e9mon\n|rule|Gravity Sleep Clause: The combination of sleep-inducing moves with imperfect accuracy and Gravity or Gigantamax Orbeetle are banned\n|clearpoke\n|poke|p1|Torkoal, M|\n|poke|p1|Flutter Mane|\n|poke|p1|Walking Wake|\n|poke|p1|Volcanion|\n|poke|p1|Chien-Pao|\n|poke|p1|Kingambit, M|\n|poke|p2|Pincurchin, F|\n|poke|p2|Tapu Koko|\n|poke|p2|Manectric, M|\n|poke|p2|Iron Leaves|\n|poke|p2|Raichu-Alola, M|\n|poke|p2|Oranguru, F|\n|teampreview\n|\n|t:|1695700908\n|start\n|switch|p1a: Pana Zulia|Torkoal, M|100\/100\n|switch|p1b: PeloeQk|Flutter Mane|100\/100\n|switch|p2a: Tapu Koko|Tapu Koko|100\/100\n|switch|p2b: Raichu|Raichu-Alola, M|100\/100\n|-fieldstart|move: Electric Terrain|[from] ability: Electric Surge|[of] p2a: Tapu Koko\n|-weather|SunnyDay|[from] ability: Drought|[of] p1a: Pana Zulia\n|-activate|p1b: PeloeQk|ability: Protosynthesis\n|-start|p1b: PeloeQk|protosynthesisspe\n|turn|1\n|\n|t:|1695700927\n|move|p2b: Raichu|Rising Voltage|p1b: PeloeQk\n|-hint|Rising Voltage's BP doubled on grounded target.\n|-damage|p1b: PeloeQk|38\/100\n|move|p1b: PeloeQk|Shadow Ball|p2b: Raichu\n|-supereffective|p2b: Raichu\n|-crit|p2b: Raichu\n|-damage|p2b: Raichu|0 fnt\n|faint|p2b: Raichu\n|-damage|p1b: PeloeQk|28\/100|[from] item: Life Orb\n|move|p2a: Tapu Koko|Discharge|p1a: Pana Zulia|[spread] p1a,p1b\n|-damage|p1a: Pana Zulia|66\/100\n|-damage|p1b: PeloeQk|1\/100\n|move|p1a: Pana Zulia|Stealth Rock|p2a: Tapu Koko\n|-sidestart|p2: wz132|move: Stealth Rock\n|\n|-weather|SunnyDay|[upkeep]\n|upkeep\n|\n|t:|1695700942\n|switch|p2b: Manectric|Manectric, M|100\/100\n|-damage|p2b: Manectric|88\/100|[from] Stealth Rock\n|turn|2\n|\n|t:|1695700950\n|move|p2b: Manectric|Protect|p2b: Manectric\n|-singleturn|p2b: Manectric|Protect\n|move|p1b: PeloeQk|Dazzling Gleam|p2a: Tapu Koko|[spread] p2a\n|-activate|p2b: Manectric|move: Protect\n|-damage|p2a: Tapu Koko|45\/100\n|-damage|p1b: PeloeQk|0 fnt|[from] item: Life Orb\n|faint|p1b: PeloeQk\n|-end|p1b: PeloeQk|Protosynthesis|[silent]\n|move|p2a: Tapu Koko|Discharge|p1a: Pana Zulia|[spread] p1a\n|-activate|p2b: Manectric|move: Protect\n|-damage|p1a: Pana Zulia|30\/100\n|move|p1a: Pana Zulia|Lava Plume|p2b: Manectric|[spread] p2a\n|-activate|p2b: Manectric|move: Protect\n|-damage|p2a: Tapu Koko|2\/100\n|\n|-weather|SunnyDay|[upkeep]\n|upkeep\n|\n|t:|1695700970\n|switch|p1b: Agua Potable|Walking Wake|100\/100\n|-activate|p1b: Agua Potable|ability: Protosynthesis\n|-start|p1b: Agua Potable|protosynthesisspe\n|turn|3\n|\n|t:|1695700986\n|move|p1b: Agua Potable|Flip Turn|p2a: Tapu Koko\n|-damage|p2a: Tapu Koko|0 fnt\n|faint|p2a: Tapu Koko\n|\n|t:|1695700995\n|-end|p1b: Agua Potable|Protosynthesis|[silent]\n|switch|p1b: Volcanion|Volcanion|100\/100|[from] Flip Turn\n|move|p2b: Manectric|Snarl|p1a: Pana Zulia|[spread] p1a,p1b\n|-damage|p1a: Pana Zulia|17\/100\n|-damage|p1b: Volcanion|91\/100\n|-unboost|p1a: Pana Zulia|spa|1\n|-unboost|p1b: Volcanion|spa|1\n|move|p1a: Pana Zulia|Lava Plume|p2b: Manectric|[spread] p1b,p2b\n|-resisted|p1b: Volcanion\n|-damage|p1b: Volcanion|87\/100\n|-damage|p2b: Manectric|55\/100\n|\n|-weather|SunnyDay|[upkeep]\n|-heal|p1b: Volcanion|93\/100|[from] item: Leftovers\n|upkeep\n|\n|t:|1695701009\n|switch|p2a: Iron Leaves|Iron Leaves|100\/100\n|-damage|p2a: Iron Leaves|88\/100|[from] Stealth Rock\n|-activate|p2a: Iron Leaves|ability: Quark Drive\n|-start|p2a: Iron Leaves|quarkdriveatk\n|turn|4\n|\n|t:|1695701020\n|switch|p1a: Kingambit|Kingambit, M|100\/100\n|-activate|p1a: Kingambit|ability: Supreme Overlord\n|-start|p1a: Kingambit|fallen1|[silent]\n|detailschange|p2b: Manectric|Manectric-Mega, M\n|-mega|p2b: Manectric|Manectric|Manectite\n|-ability|p2b: Manectric|Intimidate|boost\n|-unboost|p1a: Kingambit|atk|1\n|-unboost|p1b: Volcanion|atk|1\n|-terastallize|p2a: Iron Leaves|Rock\n|move|p2b: Manectric|Rising Voltage|p1a: Kingambit\n|-hint|Rising Voltage's BP doubled on grounded target.\n|-damage|p1a: Kingambit|38\/100\n|move|p2a: Iron Leaves|Tera Blast|p1b: Volcanion|[anim] Tera Blast Rock\n|-supereffective|p1b: Volcanion\n|-damage|p1b: Volcanion|2\/100\n|move|p1b: Volcanion|Heat Wave|p2b: Manectric|[spread] p2a,p2b\n|-resisted|p2a: Iron Leaves\n|-damage|p2a: Iron Leaves|72\/100\n|-damage|p2b: Manectric|12\/100\n|\n|-weather|SunnyDay|[upkeep]\n|-heal|p1b: Volcanion|8\/100|[from] item: Leftovers\n|upkeep\n|turn|5\n|\n|t:|1695701058\n|move|p1b: Volcanion|Protect|p1b: Volcanion\n|-singleturn|p1b: Volcanion|Protect\n|move|p1a: Kingambit|Sucker Punch|p2b: Manectric\n|-damage|p2b: Manectric|0 fnt\n|faint|p2b: Manectric\n|move|p2a: Iron Leaves|X-Scissor|p1a: Kingambit\n|-damage|p1a: Kingambit|12\/100\n|\n|-weather|none\n|-heal|p1b: Volcanion|14\/100|[from] item: Leftovers\n|-fieldend|move: Electric Terrain\n|-end|p2a: Iron Leaves|Quark Drive\n|upkeep\n|-enditem|p2a: Iron Leaves|Booster Energy\n|-activate|p2a: Iron Leaves|ability: Quark Drive|[fromitem]\n|-start|p2a: Iron Leaves|quarkdriveatk\n|\n|t:|1695701072\n|switch|p2b: Oranguru|Oranguru, F|100\/100\n|-damage|p2b: Oranguru|88\/100|[from] Stealth Rock\n|turn|6\n|\n|t:|1695701101\n|move|p1a: Kingambit|Sucker Punch|p2a: Iron Leaves\n|-damage|p2a: Iron Leaves|39\/100\n|move|p2a: Iron Leaves|Leaf Blade|p1a: Kingambit\n|-resisted|p1a: Kingambit\n|-crit|p1a: Kingambit\n|-damage|p1a: Kingambit|0 fnt\n|faint|p1a: Kingambit\n|-end|p1a: Kingambit|fallen1|[silent]\n|move|p1b: Volcanion|Steam Eruption|p2a: Iron Leaves\n|-supereffective|p2a: Iron Leaves\n|-damage|p2a: Iron Leaves|0 fnt\n|faint|p2a: Iron Leaves\n|-end|p2a: Iron Leaves|Quark Drive|[silent]\n|move|p2b: Oranguru|Trick Room|p2b: Oranguru\n|-fieldstart|move: Trick Room|[of] p2b: Oranguru\n|\n|-heal|p1b: Volcanion|20\/100|[from] item: Leftovers\n|upkeep\n|\n|t:|1695701120\n|switch|p1a: Cheems-Pao|Chien-Pao|100\/100\n|switch|p2a: Pincurchin|Pincurchin, F|100\/100\n|-damage|p2a: Pincurchin|88\/100|[from] Stealth Rock\n|-fieldstart|move: Electric Terrain|[from] ability: Electric Surge|[of] p2a: Pincurchin\n|-enditem|p2a: Pincurchin|Electric Seed\n|-boost|p2a: Pincurchin|def|1|[from] item: Electric Seed\n|-activate|p2b: Oranguru|ability: Symbiosis|Focus Sash|[of] p2a: Pincurchin\n|-ability|p1a: Cheems-Pao|Sword of Ruin\n|turn|7\n|\n|t:|1695701137\n|move|p1b: Volcanion|Protect|p1b: Volcanion\n|-singleturn|p1b: Volcanion|Protect\n|move|p2a: Pincurchin|Rising Voltage|p1a: Cheems-Pao\n|-hint|Rising Voltage's BP doubled on grounded target.\n|-enditem|p1a: Cheems-Pao|Focus Sash\n|-damage|p1a: Cheems-Pao|1\/100\n|move|p2b: Oranguru|Instruct|p2a: Pincurchin\n|-singleturn|p2a: Pincurchin|move: Instruct|[of] p2b: Oranguru\n|move|p2a: Pincurchin|Rising Voltage|p1a: Cheems-Pao\n|-hint|Rising Voltage's BP doubled on grounded target.\n|-damage|p1a: Cheems-Pao|0 fnt\n|faint|p1a: Cheems-Pao\n|\n|-heal|p1b: Volcanion|26\/100|[from] item: Leftovers\n|upkeep\n|\n|t:|1695701153\n|switch|p1a: Pana Zulia|Torkoal, M|17\/100\n|-weather|SunnyDay|[from] ability: Drought|[of] p1a: Pana Zulia\n|turn|8\n|\n|t:|1695701166\n|-terastallize|p1b: Volcanion|Ground\n|move|p2a: Pincurchin|Rising Voltage|p1a: Pana Zulia\n|-hint|Rising Voltage's BP doubled on grounded target.\n|-damage|p1a: Pana Zulia|0 fnt\n|faint|p1a: Pana Zulia\n|move|p2b: Oranguru|Instruct|p2a: Pincurchin\n|-singleturn|p2a: Pincurchin|move: Instruct|[of] p2b: Oranguru\n|move|p2a: Pincurchin|Rising Voltage|p1b: Volcanion\n|-immune|p1b: Volcanion\n|move|p1b: Volcanion|Scorching Sands|p2a: Pincurchin\n|-supereffective|p2a: Pincurchin\n|-damage|p2a: Pincurchin|35\/100\n|-status|p2a: Pincurchin|brn\n|\n|-weather|SunnyDay|[upkeep]\n|-heal|p1b: Volcanion|32\/100|[from] item: Leftovers\n|-damage|p2a: Pincurchin|29\/100 brn|[from] brn\n|upkeep\n|\n|t:|1695701184\n|switch|p1a: Agua Potable|Walking Wake|100\/100\n|-activate|p1a: Agua Potable|ability: Protosynthesis\n|-start|p1a: Agua Potable|protosynthesisspe\n|turn|9\n|\n|t:|1695701197\n|move|p1b: Volcanion|Protect|p1b: Volcanion\n|-singleturn|p1b: Volcanion|Protect\n|move|p2a: Pincurchin|Rising Voltage|p1a: Agua Potable\n|-hint|Rising Voltage's BP doubled on grounded target.\n|-damage|p1a: Agua Potable|3\/100\n|move|p2b: Oranguru|Instruct|p2a: Pincurchin\n|-singleturn|p2a: Pincurchin|move: Instruct|[of] p2b: Oranguru\n|move|p2a: Pincurchin|Rising Voltage|p1a: Agua Potable\n|-hint|Rising Voltage's BP doubled on grounded target.\n|-damage|p1a: Agua Potable|0 fnt\n|faint|p1a: Agua Potable\n|-end|p1a: Agua Potable|Protosynthesis|[silent]\n|\n|-weather|SunnyDay|[upkeep]\n|-heal|p1b: Volcanion|38\/100|[from] item: Leftovers\n|-damage|p2a: Pincurchin|23\/100 brn|[from] brn\n|upkeep\n|turn|10\n|\n|t:|1695701216\n|move|p2a: Pincurchin|Scald|p1b: Volcanion\n|-heal|p1b: Volcanion|63\/100|[from] ability: Water Absorb|[of] p2a: Pincurchin\n|move|p2b: Oranguru|Instruct|p2a: Pincurchin\n|-singleturn|p2a: Pincurchin|move: Instruct|[of] p2b: Oranguru\n|move|p2a: Pincurchin|Scald|p1b: Volcanion\n|-heal|p1b: Volcanion|88\/100|[from] ability: Water Absorb|[of] p2a: Pincurchin\n|move|p1b: Volcanion|Heat Wave|p2b: Oranguru|[spread] p2b\n|-miss|p1b: Volcanion|p2a: Pincurchin\n|-damage|p2b: Oranguru|66\/100\n|\n|-weather|SunnyDay|[upkeep]\n|-heal|p1b: Volcanion|94\/100|[from] item: Leftovers\n|-damage|p2a: Pincurchin|17\/100 brn|[from] brn\n|-fieldend|move: Trick Room\n|upkeep\n|turn|11\n|\n|t:|1695701234\n|move|p1b: Volcanion|Heat Wave|p2a: Pincurchin|[spread] p2a,p2b\n|-damage|p2a: Pincurchin|0 fnt\n|-damage|p2b: Oranguru|42\/100\n|faint|p2a: Pincurchin\n|move|p2b: Oranguru|Foul Play|p1b: Volcanion\n|-damage|p1b: Volcanion|86\/100\n|\n|-weather|SunnyDay|[upkeep]\n|-heal|p1b: Volcanion|92\/100|[from] item: Leftovers\n|-fieldend|move: Electric Terrain\n|upkeep\n|turn|12\n|-message|wz132 forfeited.\n|\n|win|Mascara De Planta\n|raw|Mascara De Planta's rating: 1110 &rarr; <strong>1143<\/strong><br \/>(+33 for winning)\n|raw|wz132's rating: 1223 &rarr; <strong>1190<\/strong><br \/>(-33 for losing)\n|l|\u2606wz132\n","uploadtime":1695701254,"views":12,"p1id":"mascaradeplanta","p2id":"wz132","formatid":"gen9nationaldexdoubles","rating":1143,"private":0,"password":""}