{"id":"gen9nationaldexdoubles-1993915933","p1":"Inimicus2000","p2":"Chi3fRoss","format":"[Gen 9] National Dex Doubles","log":"|j|\u2606Inimicus2000\n|j|\u2606Chi3fRoss\n|t:|1700374861\n|gametype|doubles\n|player|p1|Inimicus2000|2|1349\n|player|p2|Chi3fRoss|wallace-gen6|1328\n|teamsize|p1|6\n|teamsize|p2|6\n|gen|9\n|tier|[Gen 9] National Dex Doubles\n|rated|\n|rule|HP Percentage Mod: HP is shown in percentages\n|rule|Endless Battle Clause: Forcing endless battles is banned\n|rule|OHKO Clause: OHKO moves are banned\n|rule|Evasion Moves Clause: Evasion moves are banned\n|rule|Evasion Abilities Clause: Evasion abilities are banned\n|rule|Species Clause: Limit one of each Pok\u00e9mon\n|rule|Gravity Sleep Clause: The combination of sleep-inducing moves with imperfect accuracy and Gravity or Gigantamax Orbeetle are banned\n|clearpoke\n|poke|p1|Flutter Mane|\n|poke|p1|Deoxys-Attack|\n|poke|p1|Charizard, F|\n|poke|p1|Shaymin-Sky|\n|poke|p1|Chi-Yu|\n|poke|p1|Walking Wake|\n|poke|p2|Whimsicott, F|\n|poke|p2|Raichu, F|\n|poke|p2|Metagross|\n|poke|p2|Blaziken, F|\n|poke|p2|Walking Wake|\n|poke|p2|Serperior, M|\n|teampreview\n|inactive|Battle timer is ON: inactive players will automatically lose when time's up. (requested by Inimicus2000)\n|inactive|Chi3fRoss has 120 seconds left.\n|\n|t:|1700374894\n|start\n|switch|p1a: Charizard|Charizard, F, shiny|100\/100\n|switch|p1b: Shaymin|Shaymin-Sky, shiny|100\/100\n|switch|p2a: Walking Wake|Walking Wake|100\/100\n|switch|p2b: Metagross|Metagross|100\/100\n|turn|1\n|\n|t:|1700374921\n|detailschange|p1a: Charizard|Charizard-Mega-Y, F, shiny\n|-mega|p1a: Charizard|Charizard|Charizardite Y\n|-weather|SunnyDay|[from] ability: Drought|[of] p1a: Charizard\n|-activate|p2a: Walking Wake|ability: Protosynthesis\n|-start|p2a: Walking Wake|protosynthesisspa\n|move|p2a: Walking Wake|Hydro Steam|p1a: Charizard\n|-supereffective|p1a: Charizard\n|-damage|p1a: Charizard|0 fnt\n|faint|p1a: Charizard\n|move|p1b: Shaymin|Air Slash|p2a: Walking Wake\n|-damage|p2a: Walking Wake|50\/100\n|-damage|p1b: Shaymin|91\/100|[from] item: Life Orb\n|move|p2b: Metagross|Meteor Mash|p1b: Shaymin\n|-damage|p1b: Shaymin|8\/100\n|\n|-weather|SunnyDay|[upkeep]\n|upkeep\n|inactive|Inimicus2000 has 120 seconds left.\n|inactive|Inimicus2000 has 90 seconds left.\n|\n|t:|1700374990\n|switch|p1a: Chi-Yu|Chi-Yu|100\/100\n|-ability|p1a: Chi-Yu|Beads of Ruin\n|turn|2\n|\n|t:|1700374998\n|-terastallize|p1a: Chi-Yu|Fire\n|move|p2b: Metagross|Bullet Punch|p1b: Shaymin\n|-damage|p1b: Shaymin|0 fnt\n|faint|p1b: Shaymin\n|move|p1a: Chi-Yu|Heat Wave|p2a: Walking Wake|[spread] p2a,p2b\n|-resisted|p2a: Walking Wake\n|-crit|p2a: Walking Wake\n|-supereffective|p2b: Metagross\n|-damage|p2a: Walking Wake|12\/100\n|-damage|p2b: Metagross|0 fnt\n|faint|p2b: Metagross\n|move|p2a: Walking Wake|Hydro Steam|p1a: Chi-Yu\n|-supereffective|p1a: Chi-Yu\n|-damage|p1a: Chi-Yu|0 fnt\n|faint|p1a: Chi-Yu\n|\n|-weather|SunnyDay|[upkeep]\n|upkeep\n|\n|t:|1700375017\n|switch|p1b: Deoxys|Deoxys-Attack, shiny|100\/100\n|switch|p1a: Walking Wake|Walking Wake|100\/100\n|switch|p2b: Raichu|Raichu, F|100\/100\n|-ability|p1b: Deoxys|Pressure\n|-activate|p1a: Walking Wake|ability: Protosynthesis\n|-start|p1a: Walking Wake|protosynthesisspe\n|turn|3\n|\n|t:|1700375030\n|move|p2b: Raichu|Fake Out|p1b: Deoxys\n|-damage|p1b: Deoxys|61\/100\n|cant|p1b: Deoxys|flinch\n|move|p1a: Walking Wake|Draco Meteor|p2b: Raichu\n|-damage|p2b: Raichu|39\/100\n|-unboost|p1a: Walking Wake|spa|2\n|-damage|p1a: Walking Wake|91\/100|[from] item: Life Orb\n|move|p2a: Walking Wake|Hydro Steam|p1b: Deoxys\n|-damage|p1b: Deoxys|0 fnt\n|faint|p1b: Deoxys\n|\n|-weather|SunnyDay|[upkeep]\n|upkeep\n|\n|t:|1700375041\n|switch|p1b: Flutter Mane|Flutter Mane|100\/100\n|-activate|p1b: Flutter Mane|ability: Protosynthesis\n|-start|p1b: Flutter Mane|protosynthesisspe\n|turn|4\n|inactive|Inimicus2000 has 120 seconds left.\n|\n|t:|1700375053\n|move|p1b: Flutter Mane|Dazzling Gleam|p2a: Walking Wake|[spread] p2a,p2b\n|-supereffective|p2a: Walking Wake\n|-damage|p2a: Walking Wake|0 fnt\n|-damage|p2b: Raichu|7\/100\n|faint|p2a: Walking Wake\n|-end|p2a: Walking Wake|Protosynthesis|[silent]\n|-damage|p1b: Flutter Mane|91\/100|[from] item: Life Orb\n|move|p1a: Walking Wake|Dragon Pulse|p2b: Raichu\n|-damage|p2b: Raichu|0 fnt\n|faint|p2b: Raichu\n|-damage|p1a: Walking Wake|81\/100|[from] item: Life Orb\n|\n|-weather|SunnyDay|[upkeep]\n|upkeep\n|\n|t:|1700375068\n|switch|p2a: Whimsicott|Whimsicott, F|100\/100\n|switch|p2b: Blaziken|Blaziken, F|100\/100\n|turn|5\n|\n|t:|1700375084\n|-terastallize|p2b: Blaziken|Water\n|move|p2a: Whimsicott|Tailwind|p2a: Whimsicott\n|-sidestart|p2: Chi3fRoss|move: Tailwind\n|move|p1b: Flutter Mane|Dazzling Gleam|p2a: Whimsicott|[spread] p2a,p2b\n|-crit|p2b: Blaziken\n|-damage|p2a: Whimsicott|35\/100\n|-damage|p2b: Blaziken|7\/100\n|-damage|p1b: Flutter Mane|81\/100|[from] item: Life Orb\n|move|p2b: Blaziken|Blaze Kick|p1b: Flutter Mane\n|-damage|p1b: Flutter Mane|0 fnt\n|faint|p1b: Flutter Mane\n|-end|p1b: Flutter Mane|Protosynthesis|[silent]\n|move|p1a: Walking Wake|Hydro Steam|p2b: Blaziken\n|-resisted|p2b: Blaziken\n|-damage|p2b: Blaziken|0 fnt\n|faint|p2b: Blaziken\n|-damage|p1a: Walking Wake|71\/100|[from] item: Life Orb\n|\n|-weather|none\n|-end|p1a: Walking Wake|Protosynthesis\n|upkeep\n|-message|Inimicus2000 forfeited.\n|\n|win|Chi3fRoss\n|raw|Inimicus2000's rating: 1349 &rarr; <strong>1328<\/strong><br \/>(-21 for losing)\n|raw|Chi3fRoss's rating: 1328 &rarr; <strong>1349<\/strong><br \/>(+21 for winning)\n|l|\u2606Inimicus2000\n","uploadtime":1700375105,"views":16,"p1id":"inimicus2000","p2id":"chi3fross","formatid":"gen9nationaldexdoubles","rating":1328,"private":0,"password":""}