{"id":"gen9nationaldexdoubles-1986876730","p1":"sgae","p2":"jin2jin","format":"[Gen 9] National Dex Doubles","log":"|j|\u2606sgae\n|j|\u2606jin2jin\n|t:|1699536883\n|gametype|doubles\n|player|p1|sgae|102|1116\n|player|p2|jin2jin|rosa|1000\n|teamsize|p1|6\n|teamsize|p2|6\n|gen|9\n|tier|[Gen 9] National Dex Doubles\n|rated|\n|rule|HP Percentage Mod: HP is shown in percentages\n|rule|Endless Battle Clause: Forcing endless battles is banned\n|rule|OHKO Clause: OHKO moves are banned\n|rule|Evasion Moves Clause: Evasion moves are banned\n|rule|Evasion Abilities Clause: Evasion abilities are banned\n|rule|Species Clause: Limit one of each Pok\u00e9mon\n|rule|Gravity Sleep Clause: The combination of sleep-inducing moves with imperfect accuracy and Gravity or Gigantamax Orbeetle are banned\n|clearpoke\n|poke|p1|Garganacl, M|\n|poke|p1|Glimmora, M|\n|poke|p1|Clodsire, M|\n|poke|p1|Alomomola, F|\n|poke|p1|Chansey, F|\n|poke|p1|Regieleki|\n|poke|p2|Hitmontop, M|\n|poke|p2|Whimsicott, F|\n|poke|p2|Venusaur, F|\n|poke|p2|Walking Wake|\n|poke|p2|Flygon, F|\n|poke|p2|Torkoal, F|\n|teampreview\n|inactive|Battle timer is ON: inactive players will automatically lose when time's up. (requested by sgae)\n|\n|t:|1699536905\n|start\n|switch|p1a: Clodsire|Clodsire, M, shiny|100\/100\n|switch|p1b: Garganacl|Garganacl, M, shiny|100\/100\n|switch|p2a: Torkoal|Torkoal, F|100\/100\n|switch|p2b: Venusaur|Venusaur, F, shiny|100\/100\n|-item|p1a: Clodsire|Air Balloon\n|-weather|SunnyDay|[from] ability: Drought|[of] p2a: Torkoal\n|turn|1\n|\n|t:|1699536917\n|move|p2b: Venusaur|Giga Drain|p1b: Garganacl\n|-supereffective|p1b: Garganacl\n|-damage|p1b: Garganacl|49\/100\n|-damage|p2b: Venusaur|91\/100|[from] item: Life Orb\n|move|p1b: Garganacl|Ice Punch|p2b: Venusaur\n|-supereffective|p2b: Venusaur\n|-damage|p2b: Venusaur|37\/100\n|move|p1a: Clodsire|Curse|p1a: Clodsire\n|-unboost|p1a: Clodsire|spe|1\n|-boost|p1a: Clodsire|atk|1\n|-boost|p1a: Clodsire|def|1\n|move|p2a: Torkoal|Heat Wave|p1b: Garganacl|[spread] p1a,p1b\n|-resisted|p1b: Garganacl\n|-damage|p1a: Clodsire|66\/100\n|-damage|p1b: Garganacl|37\/100\n|-enditem|p1a: Clodsire|Air Balloon\n|\n|-weather|SunnyDay|[upkeep]\n|upkeep\n|turn|2\n|\n|t:|1699536944\n|move|p2b: Venusaur|Giga Drain|p1b: Garganacl\n|-supereffective|p1b: Garganacl\n|-damage|p1b: Garganacl|0 fnt\n|-heal|p2b: Venusaur|59\/100|[from] drain|[of] p1b: Garganacl\n|faint|p1b: Garganacl\n|-damage|p2b: Venusaur|49\/100|[from] item: Life Orb\n|move|p1a: Clodsire|High Horsepower|p2a: Torkoal\n|-supereffective|p2a: Torkoal\n|-damage|p2a: Torkoal|30\/100\n|move|p2a: Torkoal|Eruption|p1a: Clodsire\n|-damage|p1a: Clodsire|46\/100\n|\n|-weather|SunnyDay|[upkeep]\n|upkeep\n|\n|t:|1699536953\n|switch|p1b: Alomomola|Alomomola, F|100\/100\n|turn|3\n|\n|t:|1699536962\n|move|p2a: Torkoal|Protect|p2a: Torkoal\n|-singleturn|p2a: Torkoal|Protect\n|move|p2b: Venusaur|Earth Power|p1a: Clodsire\n|-supereffective|p1a: Clodsire\n|-damage|p1a: Clodsire|0 fnt\n|faint|p1a: Clodsire\n|-damage|p2b: Venusaur|39\/100|[from] item: Life Orb\n|move|p1b: Alomomola|Flip Turn|p2a: Torkoal\n|-activate|p2a: Torkoal|move: Protect\n|\n|-weather|SunnyDay|[upkeep]\n|upkeep\n|\n|t:|1699536969\n|switch|p1a: Regieleki|Regieleki|100\/100\n|turn|4\n|\n|t:|1699536982\n|move|p1a: Regieleki|Thunderbolt|p2a: Torkoal\n|-damage|p2a: Torkoal|0 fnt\n|faint|p2a: Torkoal\n|move|p2b: Venusaur|Giga Drain|p1b: Alomomola\n|-supereffective|p1b: Alomomola\n|-damage|p1b: Alomomola|32\/100\n|-heal|p2b: Venusaur|95\/100|[from] drain|[of] p1b: Alomomola\n|-damage|p2b: Venusaur|85\/100|[from] item: Life Orb\n|move|p1b: Alomomola|Calm Mind|p1b: Alomomola\n|-boost|p1b: Alomomola|spa|1\n|-boost|p1b: Alomomola|spd|1\n|\n|-weather|SunnyDay|[upkeep]\n|-heal|p1b: Alomomola|38\/100|[from] item: Leftovers\n|upkeep\n|\n|t:|1699536990\n|switch|p2a: Whimsicott|Whimsicott, F, shiny|100\/100\n|turn|5\n|\n|t:|1699537005\n|move|p2a: Whimsicott|Encore|p1b: Alomomola\n|-start|p1b: Alomomola|Encore\n|move|p1a: Regieleki|Electroweb|p2b: Venusaur|[spread] p2a,p2b\n|-resisted|p2a: Whimsicott\n|-resisted|p2b: Venusaur\n|-damage|p2a: Whimsicott|82\/100\n|-damage|p2b: Venusaur|69\/100\n|-unboost|p2b: Venusaur|spe|1\n|move|p2b: Venusaur|Earth Power|p1a: Regieleki\n|-supereffective|p1a: Regieleki\n|-damage|p1a: Regieleki|0 fnt\n|faint|p1a: Regieleki\n|-damage|p2b: Venusaur|59\/100|[from] item: Life Orb\n|move|p1b: Alomomola|Calm Mind|p1b: Alomomola\n|-boost|p1b: Alomomola|spa|1\n|-boost|p1b: Alomomola|spd|1\n|\n|-weather|SunnyDay|[upkeep]\n|-heal|p1b: Alomomola|44\/100|[from] item: Leftovers\n|upkeep\n|\n|t:|1699537011\n|switch|p1a: Glimmora|Glimmora, M|100\/100\n|turn|6\n|\n|t:|1699537019\n|move|p2a: Whimsicott|Tailwind|p2a: Whimsicott\n|-sidestart|p2: jin2jin|move: Tailwind\n|move|p2b: Venusaur|Giga Drain|p1b: Alomomola\n|-supereffective|p1b: Alomomola\n|-damage|p1b: Alomomola|7\/100\n|-heal|p2b: Venusaur|90\/100|[from] drain|[of] p1b: Alomomola\n|-damage|p2b: Venusaur|80\/100|[from] item: Life Orb\n|move|p1a: Glimmora|Sludge Wave|p2b: Venusaur|[spread] p1b,p2a,p2b\n|-supereffective|p2a: Whimsicott\n|-crit|p2b: Venusaur\n|-damage|p1b: Alomomola|0 fnt\n|-damage|p2a: Whimsicott|0 fnt\n|-damage|p2b: Venusaur|14\/100\n|faint|p1b: Alomomola\n|faint|p2a: Whimsicott\n|\n|-weather|SunnyDay|[upkeep]\n|upkeep\n|\n|t:|1699537031\n|switch|p2a: Walking Wake|Walking Wake|100\/100\n|switch|p1b: Chansey|Chansey, F|100\/100\n|-activate|p2a: Walking Wake|ability: Protosynthesis\n|-start|p2a: Walking Wake|protosynthesisspa\n|turn|7\n|\n|t:|1699537039\n|move|p2a: Walking Wake|Hydro Steam|p1a: Glimmora\n|-supereffective|p1a: Glimmora\n|-enditem|p1a: Glimmora|Focus Sash\n|-damage|p1a: Glimmora|1\/100\n|move|p2b: Venusaur|Weather Ball|p1b: Chansey\n|-damage|p1b: Chansey|84\/100\n|-damage|p2b: Venusaur|4\/100|[from] item: Life Orb\n|move|p1a: Glimmora|Sludge Wave|p2b: Venusaur|[spread] p1b,p2a,p2b\n|-damage|p1b: Chansey|72\/100\n|-damage|p2a: Walking Wake|59\/100\n|-damage|p2b: Venusaur|0 fnt\n|faint|p2b: Venusaur\n|move|p1b: Chansey|Toxic|p2a: Walking Wake\n|-status|p2a: Walking Wake|tox\n|\n|-weather|SunnyDay|[upkeep]\n|-damage|p2a: Walking Wake|52\/100 tox|[from] psn\n|upkeep\n|\n|t:|1699537046\n|switch|p2b: Hitmontop|Hitmontop, M, shiny|100\/100\n|-ability|p2b: Hitmontop|Intimidate|boost\n|-unboost|p1a: Glimmora|atk|1\n|-unboost|p1b: Chansey|atk|1\n|turn|8\n|\n|t:|1699537065\n|-terastallize|p1b: Chansey|Ghost\n|move|p2a: Walking Wake|Hydro Steam|p1a: Glimmora\n|-supereffective|p1a: Glimmora\n|-damage|p1a: Glimmora|0 fnt\n|faint|p1a: Glimmora\n|move|p2b: Hitmontop|Close Combat|p1b: Chansey\n|-immune|p1b: Chansey\n|move|p1b: Chansey|Curse|p2a: Walking Wake\n|-start|p2a: Walking Wake|Curse|[of] p1b: Chansey\n|-damage|p1b: Chansey|22\/100\n|\n|-weather|none\n|-end|p2a: Walking Wake|Protosynthesis\n|-damage|p2a: Walking Wake|40\/100 tox|[from] psn\n|-damage|p2a: Walking Wake|15\/100 tox|[from] Curse\n|upkeep\n|turn|9\n|\n|t:|1699537088\n|-end|p2a: Walking Wake|Protosynthesis|[silent]\n|switch|p2a: Flygon|Flygon, F, shiny|100\/100\n|move|p2b: Hitmontop|Wide Guard|p2b: Hitmontop\n|-singleturn|p2b: Hitmontop|Wide Guard\n|move|p1b: Chansey|Chilling Water|p2b: Hitmontop\n|-damage|p2b: Hitmontop|96\/100\n|-unboost|p2b: Hitmontop|atk|1\n|\n|-sideend|p2: jin2jin|move: Tailwind\n|upkeep\n|turn|10\n|\n|t:|1699537101\n|move|p2b: Hitmontop|Wide Guard|p2b: Hitmontop\n|-singleturn|p2b: Hitmontop|Wide Guard\n|move|p2a: Flygon|Earthquake|p1b: Chansey|[spread] p1b\n|-activate|p2b: Hitmontop|move: Wide Guard\n|-damage|p1b: Chansey|0 fnt\n|faint|p1b: Chansey\n|\n|win|jin2jin\n|raw|sgae's rating: 1116 &rarr; <strong>1083<\/strong><br \/>(-33 for losing)\n|raw|jin2jin's rating: 1000 &rarr; <strong>1053<\/strong><br \/>(+53 for winning)\n|c|\u2606sgae|gg\n","uploadtime":1699537113,"views":10,"p1id":"sgae","p2id":"jin2jin","formatid":"gen9nationaldexdoubles","rating":1053,"private":0,"password":""}