{"id":"gen9nationaldexdoubles-1987143841","p1":"TheBosses27","p2":"Ch4mpionDiantha","format":"[Gen 9] National Dex Doubles","log":"|j|\u2606TheBosses27\n|j|\u2606Ch4mpionDiantha\n|t:|1699559699\n|gametype|doubles\n|player|p1|TheBosses27|bruno|1203\n|player|p2|Ch4mpionDiantha|diantha-masters2|1152\n|teamsize|p1|6\n|teamsize|p2|6\n|gen|9\n|tier|[Gen 9] National Dex Doubles\n|rated|\n|rule|HP Percentage Mod: HP is shown in percentages\n|rule|Endless Battle Clause: Forcing endless battles is banned\n|rule|OHKO Clause: OHKO moves are banned\n|rule|Evasion Moves Clause: Evasion moves are banned\n|rule|Evasion Abilities Clause: Evasion abilities are banned\n|rule|Species Clause: Limit one of each Pok\u00e9mon\n|rule|Gravity Sleep Clause: The combination of sleep-inducing moves with imperfect accuracy and Gravity or Gigantamax Orbeetle are banned\n|clearpoke\n|poke|p1|Sableye, M|\n|poke|p1|Muk-Alola, M|\n|poke|p1|Arcanine-Hisui, M|\n|poke|p1|Gliscor, F|\n|poke|p1|Orthworm, M|\n|poke|p1|Flutter Mane|\n|poke|p2|Hawlucha, M|\n|poke|p2|Tyrantrum, M|\n|poke|p2|Aurorus, F|\n|poke|p2|Gourgeist-*, M|\n|poke|p2|Goodra, M|\n|poke|p2|Gardevoir, M|\n|teampreview\n|inactive|Battle timer is ON: inactive players will automatically lose when time's up. (requested by TheBosses27)\n|\n|t:|1699559714\n|start\n|switch|p1a: Gliscor|Gliscor, F|100\/100\n|switch|p1b: Orthworm|Orthworm, M|100\/100\n|switch|p2a: Hawlucha|Hawlucha, M|100\/100\n|switch|p2b: Tyrantrum|Tyrantrum, M|100\/100\n|turn|1\n|\n|t:|1699559727\n|switch|p2b: Gourgeist|Gourgeist-Super, M|100\/100\n|-terastallize|p1b: Orthworm|Electric\n|move|p2a: Hawlucha|Entrainment|p1a: Gliscor\n|-endability|p1a: Gliscor|Poison Heal|[from] move: Entrainment\n|-ability|p1a: Gliscor|Unburden|[from] move: Entrainment\n|move|p1a: Gliscor|Earthquake|p2b: Gourgeist|[spread] p2b\n|-immune|p1b: Orthworm|[from] ability: Earth Eater\n|-immune|p2a: Hawlucha\n|-resisted|p2b: Gourgeist\n|-damage|p2b: Gourgeist|94\/100\n|move|p1b: Orthworm|Coil|p1b: Orthworm\n|-boost|p1b: Orthworm|atk|1\n|-boost|p1b: Orthworm|def|1\n|-boost|p1b: Orthworm|accuracy|1\n|\n|-status|p1a: Gliscor|tox|[from] item: Toxic Orb\n|upkeep\n|turn|2\n|\n|t:|1699559750\n|switch|p2a: Aurorus|Aurorus, F|100\/100\n|switch|p1a: Sableye|Sableye, M|100\/100\n|move|p1b: Orthworm|Iron Tail|p2b: Gourgeist\n|-damage|p2b: Gourgeist|67\/100\n|move|p2b: Gourgeist|Trick Room|p2b: Gourgeist\n|-fieldstart|move: Trick Room|[of] p2b: Gourgeist\n|-enditem|p2b: Gourgeist|Room Service\n|-unboost|p2b: Gourgeist|spe|1|[from] item: Room Service\n|\n|upkeep\n|turn|3\n|\n|t:|1699559759\n|move|p1a: Sableye|Protect|p1a: Sableye\n|-singleturn|p1a: Sableye|Protect\n|move|p2b: Gourgeist|Ally Switch|p2b: Gourgeist\n|swap|p2b: Gourgeist|0|[from] move: Ally Switch\n|move|p2b: Aurorus|Meteor Beam||[still]\n|-prepare|p2b: Aurorus|Meteor Beam\n|-boost|p2b: Aurorus|spa|1\n|-enditem|p2b: Aurorus|Power Herb\n|-anim|p2b: Aurorus|Meteor Beam|p1b: Orthworm\n|-damage|p1b: Orthworm|0 fnt\n|faint|p1b: Orthworm\n|\n|-item|p2a: Gourgeist|Power Herb|[from] ability: Pickup\n|upkeep\n|\n|t:|1699559770\n|switch|p1b: Muk|Muk-Alola, M|100\/100\n|turn|4\n|\n|t:|1699559782\n|-terastallize|p2b: Aurorus|Ice\n|move|p2a: Gourgeist|Trick|p2b: Aurorus\n|-activate|p2a: Gourgeist|move: Trick|[of] p2b: Aurorus\n|-item|p2b: Aurorus|Power Herb|[from] move: Trick\n|-enditem|p2a: Gourgeist|Power Herb|[silent]|[from] move: Trick\n|move|p2b: Aurorus|Meteor Beam||[still]\n|-prepare|p2b: Aurorus|Meteor Beam\n|-boost|p2b: Aurorus|spa|1\n|-enditem|p2b: Aurorus|Power Herb\n|-anim|p2b: Aurorus|Meteor Beam|p1b: Muk\n|-damage|p1b: Muk|45\/100\n|move|p1a: Sableye|Night Shade|p2a: Gourgeist\n|-damage|p2a: Gourgeist|40\/100\n|move|p1b: Muk|Knock Off|p2a: Gourgeist\n|-supereffective|p2a: Gourgeist\n|-damage|p2a: Gourgeist|4\/100\n|\n|-item|p2a: Gourgeist|Power Herb|[from] ability: Pickup\n|upkeep\n|turn|5\n|\n|t:|1699559802\n|move|p2a: Gourgeist|Trick|p2b: Aurorus\n|-activate|p2a: Gourgeist|move: Trick|[of] p2b: Aurorus\n|-item|p2b: Aurorus|Power Herb|[from] move: Trick\n|-enditem|p2a: Gourgeist|Power Herb|[silent]|[from] move: Trick\n|move|p2b: Aurorus|Meteor Beam||[still]\n|-prepare|p2b: Aurorus|Meteor Beam\n|-boost|p2b: Aurorus|spa|1\n|-enditem|p2b: Aurorus|Power Herb\n|-anim|p2b: Aurorus|Meteor Beam|p1b: Muk\n|-damage|p1b: Muk|0 fnt\n|faint|p1b: Muk\n|move|p1a: Sableye|Night Shade|p2b: Aurorus\n|-damage|p2b: Aurorus|78\/100\n|\n|-item|p2a: Gourgeist|Power Herb|[from] ability: Pickup\n|upkeep\n|\n|t:|1699559814\n|switch|p1b: Flutter Mane|Flutter Mane|100\/100\n|-enditem|p1b: Flutter Mane|Booster Energy\n|-activate|p1b: Flutter Mane|ability: Protosynthesis|[fromitem]\n|-start|p1b: Flutter Mane|protosynthesisspe\n|turn|6\n|\n|t:|1699559819\n|move|p1a: Sableye|Protect|p1a: Sableye\n|-singleturn|p1a: Sableye|Protect\n|move|p1b: Flutter Mane|Protect|p1b: Flutter Mane\n|-singleturn|p1b: Flutter Mane|Protect\n|move|p2a: Gourgeist|Ally Switch|p2a: Gourgeist\n|swap|p2a: Gourgeist|1|[from] move: Ally Switch\n|move|p2a: Aurorus|Hyper Voice|p1b: Flutter Mane|[spread] \n|-activate|p1a: Sableye|move: Protect\n|-activate|p1b: Flutter Mane|move: Protect\n|\n|-fieldend|move: Trick Room\n|upkeep\n|turn|7\n|\n|t:|1699559834\n|switch|p2b: Hawlucha|Hawlucha, M|100\/100\n|move|p2a: Aurorus|Protect|p2a: Aurorus\n|-singleturn|p2a: Aurorus|Protect\n|move|p1b: Flutter Mane|Dazzling Gleam|p2b: Hawlucha|[spread] p2b\n|-activate|p2a: Aurorus|move: Protect\n|-supereffective|p2b: Hawlucha\n|-damage|p2b: Hawlucha|2\/100\n|move|p1a: Sableye|Night Shade|p2a: Aurorus\n|-activate|p2a: Aurorus|move: Protect\n|\n|upkeep\n|turn|8\n|\n|t:|1699559860\n|move|p1b: Flutter Mane|Protect|p1b: Flutter Mane\n|-singleturn|p1b: Flutter Mane|Protect\n|move|p2b: Hawlucha|Tailwind|p2b: Hawlucha\n|-sidestart|p2: Ch4mpionDiantha|move: Tailwind\n|move|p2a: Aurorus|Hyper Voice|p1b: Flutter Mane|[spread] p1a\n|-activate|p1b: Flutter Mane|move: Protect\n|-damage|p1a: Sableye|0 fnt\n|faint|p1a: Sableye\n|\n|upkeep\n|\n|t:|1699559871\n|switch|p1a: Arcanine|Arcanine-Hisui, M|100\/100\n|turn|9\n|\n|t:|1699559877\n|move|p2a: Aurorus|Protect|p2a: Aurorus\n|-singleturn|p2a: Aurorus|Protect\n|move|p2b: Hawlucha|Endeavor|p1a: Arcanine\n|-damage|p1a: Arcanine|2\/100\n|move|p1b: Flutter Mane|Dazzling Gleam|p2a: Aurorus|[spread] p2b\n|-activate|p2a: Aurorus|move: Protect\n|-supereffective|p2b: Hawlucha\n|-damage|p2b: Hawlucha|0 fnt\n|faint|p2b: Hawlucha\n|move|p1a: Arcanine|Head Smash|p2a: Aurorus\n|-activate|p2a: Aurorus|move: Protect\n|\n|upkeep\n|\n|t:|1699559888\n|switch|p2b: Gardevoir|Gardevoir, M|100\/100\n|-ability|p2b: Gardevoir|Rock Head|[from] ability: Trace|[of] p1a: Arcanine\n|turn|10\n|inactive|TheBosses27 has 120 seconds left.\n|\n|t:|1699559933\n|switch|p1a: Gliscor|Gliscor, F|100\/100 tox\n|detailschange|p2b: Gardevoir|Gardevoir-Mega, M\n|-mega|p2b: Gardevoir|Gardevoir|Gardevoirite\n|move|p2b: Gardevoir|Round|p1a: Gliscor\n|-damage|p1a: Gliscor|63\/100 tox\n|move|p2a: Aurorus|Round|p1b: Flutter Mane|[from]move: Round\n|-damage|p1b: Flutter Mane|0 fnt\n|faint|p1b: Flutter Mane\n|-end|p1b: Flutter Mane|Protosynthesis|[silent]\n|\n|-heal|p1a: Gliscor|76\/100 tox|[from] ability: Poison Heal\n|upkeep\n|-message|TheBosses27 forfeited.\n|\n|win|Ch4mpionDiantha\n|raw|TheBosses27's rating: 1203 &rarr; <strong>1174<\/strong><br \/>(-29 for losing)\n|raw|Ch4mpionDiantha's rating: 1152 &rarr; <strong>1181<\/strong><br \/>(+29 for winning)\n|l|\u2606TheBosses27\n","uploadtime":1699559949,"views":23,"p1id":"thebosses27","p2id":"ch4mpiondiantha","formatid":"gen9nationaldexdoubles","rating":1174,"private":0,"password":""}