{"id":"gen9nationaldexdoubles-1956736643","p1":"MeWhenNovember","p2":"KingGodzila","format":"[Gen 9] National Dex Doubles","log":"|j|\u2606MeWhenNovember\n|j|\u2606KingGodzila\n|t:|1696143211\n|gametype|doubles\n|player|p1|MeWhenNovember|ghetsis|1043\n|player|p2|KingGodzila|bugsy|1085\n|teamsize|p1|6\n|teamsize|p2|6\n|gen|9\n|tier|[Gen 9] National Dex Doubles\n|rated|\n|rule|HP Percentage Mod: HP is shown in percentages\n|rule|Endless Battle Clause: Forcing endless battles is banned\n|rule|OHKO Clause: OHKO moves are banned\n|rule|Evasion Moves Clause: Evasion moves are banned\n|rule|Evasion Abilities Clause: Evasion abilities are banned\n|rule|Species Clause: Limit one of each Pok\u00e9mon\n|rule|Gravity Sleep Clause: The combination of sleep-inducing moves with imperfect accuracy and Gravity or Gigantamax Orbeetle are banned\n|clearpoke\n|poke|p1|Illumise, F|\n|poke|p1|Volbeat, M|\n|poke|p1|Whimsicott, F|\n|poke|p1|Grimmsnarl, M|\n|poke|p1|Grafaiai, M|\n|poke|p1|Kingambit, M|\n|poke|p2|Vikavolt, M|\n|poke|p2|Lokix, M|\n|poke|p2|Golisopod, M|\n|poke|p2|Cresselia, F|\n|poke|p2|Escavalier, M|\n|poke|p2|Whirlipede, M|\n|teampreview\n|inactive|Battle timer is ON: inactive players will automatically lose when time's up. (requested by MeWhenNovember)\n|\n|t:|1696143228\n|start\n|switch|p1a: Illumise|Illumise, F|100\/100\n|switch|p1b: Volbeat|Volbeat, M|100\/100\n|switch|p2a: \u7f8e\u68a6\u8001\u5988|Cresselia, F|100\/100\n|switch|p2b: \u4e38\u5b50\u9f99|Whirlipede, M, shiny|100\/100\n|turn|1\n|\n|t:|1696143241\n|move|p2b: \u4e38\u5b50\u9f99|Protect|p2b: \u4e38\u5b50\u9f99\n|-singleturn|p2b: \u4e38\u5b50\u9f99|Protect\n|move|p1a: Illumise|Attract|p2b: \u4e38\u5b50\u9f99\n|-activate|p2b: \u4e38\u5b50\u9f99|move: Protect\n|move|p1b: Volbeat|Attract|p2a: \u7f8e\u68a6\u8001\u5988\n|-start|p2a: \u7f8e\u68a6\u8001\u5988|Attract\n|-activate|p2a: \u7f8e\u68a6\u8001\u5988|move: Attract|[of] p1b: Volbeat\n|move|p2a: \u7f8e\u68a6\u8001\u5988|Dazzling Gleam|p1a: Illumise|[spread] p1a,p1b\n|-damage|p1a: Illumise|92\/100\n|-damage|p1b: Volbeat|91\/100\n|\n|upkeep\n|turn|2\n|\n|t:|1696143257\n|move|p1a: Illumise|Attract|p2b: \u4e38\u5b50\u9f99\n|-start|p2b: \u4e38\u5b50\u9f99|Attract\n|move|p1b: Volbeat|Confuse Ray|p2a: \u7f8e\u68a6\u8001\u5988\n|-start|p2a: \u7f8e\u68a6\u8001\u5988|confusion\n|-activate|p2b: \u4e38\u5b50\u9f99|move: Attract|[of] p1a: Illumise\n|cant|p2b: \u4e38\u5b50\u9f99|Attract\n|-activate|p2a: \u7f8e\u68a6\u8001\u5988|confusion\n|-damage|p2a: \u7f8e\u68a6\u8001\u5988|97\/100|[from] confusion\n|\n|-heal|p2a: \u7f8e\u68a6\u8001\u5988|100\/100|[from] item: Leftovers\n|upkeep\n|turn|3\n|\n|t:|1696143271\n|move|p1a: Illumise|Confuse Ray|p2b: \u4e38\u5b50\u9f99\n|-start|p2b: \u4e38\u5b50\u9f99|confusion\n|move|p1b: Volbeat|Toxic|p2a: \u7f8e\u68a6\u8001\u5988\n|-status|p2a: \u7f8e\u68a6\u8001\u5988|tox\n|-activate|p2b: \u4e38\u5b50\u9f99|confusion\n|-activate|p2b: \u4e38\u5b50\u9f99|move: Attract|[of] p1a: Illumise\n|cant|p2b: \u4e38\u5b50\u9f99|Attract\n|-activate|p2a: \u7f8e\u68a6\u8001\u5988|confusion\n|-activate|p2a: \u7f8e\u68a6\u8001\u5988|move: Attract|[of] p1b: Volbeat\n|move|p2a: \u7f8e\u68a6\u8001\u5988|Trick Room|p2a: \u7f8e\u68a6\u8001\u5988\n|-fieldstart|move: Trick Room|[of] p2a: \u7f8e\u68a6\u8001\u5988\n|\n|-damage|p2a: \u7f8e\u68a6\u8001\u5988|94\/100 tox|[from] psn\n|upkeep\n|turn|4\n|\n|t:|1696143297\n|switch|p2b: \u70c8\u817f\u8757\u4fa0|Lokix, M|100\/100\n|-end|p2a: \u7f8e\u68a6\u8001\u5988|confusion\n|-activate|p2a: \u7f8e\u68a6\u8001\u5988|move: Attract|[of] p1b: Volbeat\n|cant|p2a: \u7f8e\u68a6\u8001\u5988|Attract\n|move|p1a: Illumise|Bug Buzz|p2a: \u7f8e\u68a6\u8001\u5988\n|-supereffective|p2a: \u7f8e\u68a6\u8001\u5988\n|-damage|p2a: \u7f8e\u68a6\u8001\u5988|64\/100 tox\n|move|p1b: Volbeat|Bug Buzz|p2a: \u7f8e\u68a6\u8001\u5988\n|-supereffective|p2a: \u7f8e\u68a6\u8001\u5988\n|-damage|p2a: \u7f8e\u68a6\u8001\u5988|41\/100 tox\n|-unboost|p2a: \u7f8e\u68a6\u8001\u5988|spd|1\n|\n|-heal|p2a: \u7f8e\u68a6\u8001\u5988|47\/100 tox|[from] item: Leftovers\n|-damage|p2a: \u7f8e\u68a6\u8001\u5988|35\/100 tox|[from] psn\n|upkeep\n|turn|5\n|\n|t:|1696143319\n|switch|p2a: \u7535\u5149\u8f68\u9053\u70ae|Vikavolt, M|100\/100\n|move|p2b: \u70c8\u817f\u8757\u4fa0|First Impression|p1a: Illumise\n|-damage|p1a: Illumise|27\/100\n|-damage|p2b: \u70c8\u817f\u8757\u4fa0|91\/100|[from] item: Life Orb\n|move|p1a: Illumise|Confuse Ray|p2a: \u7535\u5149\u8f68\u9053\u70ae\n|-start|p2a: \u7535\u5149\u8f68\u9053\u70ae|confusion\n|move|p1b: Volbeat|Bug Buzz|p2b: \u70c8\u817f\u8757\u4fa0\n|-supereffective|p2b: \u70c8\u817f\u8757\u4fa0\n|-damage|p2b: \u70c8\u817f\u8757\u4fa0|28\/100\n|\n|upkeep\n|turn|6\n|inactive|KingGodzila has 120 seconds left.\n|\n|t:|1696143353\n|move|p1a: Illumise|Attract|p2a: \u7535\u5149\u8f68\u9053\u70ae\n|-start|p2a: \u7535\u5149\u8f68\u9053\u70ae|Attract\n|-activate|p2a: \u7535\u5149\u8f68\u9053\u70ae|confusion\n|-activate|p2a: \u7535\u5149\u8f68\u9053\u70ae|move: Attract|[of] p1a: Illumise\n|cant|p2a: \u7535\u5149\u8f68\u9053\u70ae|Attract\n|move|p1b: Volbeat|Bug Buzz|p2b: \u70c8\u817f\u8757\u4fa0\n|-supereffective|p2b: \u70c8\u817f\u8757\u4fa0\n|-damage|p2b: \u70c8\u817f\u8757\u4fa0|0 fnt\n|faint|p2b: \u70c8\u817f\u8757\u4fa0\n|\n|upkeep\n|inactive|KingGodzila has 120 seconds left.\n|\n|t:|1696143365\n|switch|p2b: \u7f8e\u68a6\u8001\u5988|Cresselia, F|35\/100 tox\n|turn|7\n|\n|t:|1696143377\n|switch|p2b: \u4e38\u5b50\u9f99|Whirlipede, M, shiny|100\/100\n|move|p1b: Volbeat|Attract|p2b: \u4e38\u5b50\u9f99\n|-immune|p2b: \u4e38\u5b50\u9f99\n|move|p1a: Illumise|Confuse Ray|p2b: \u4e38\u5b50\u9f99\n|-start|p2b: \u4e38\u5b50\u9f99|confusion\n|-activate|p2a: \u7535\u5149\u8f68\u9053\u70ae|confusion\n|-activate|p2a: \u7535\u5149\u8f68\u9053\u70ae|move: Attract|[of] p1a: Illumise\n|move|p2a: \u7535\u5149\u8f68\u9053\u70ae|Discharge|p1a: Illumise|[spread] p2b,p1a,p1b\n|-damage|p2b: \u4e38\u5b50\u9f99|63\/100\n|-damage|p1a: Illumise|0 fnt\n|-damage|p1b: Volbeat|53\/100\n|-status|p2b: \u4e38\u5b50\u9f99|par\n|-status|p1b: Volbeat|par\n|faint|p1a: Illumise\n|-end|p2a: \u7535\u5149\u8f68\u9053\u70ae|Attract|[silent]\n|-damage|p2a: \u7535\u5149\u8f68\u9053\u70ae|91\/100|[from] item: Life Orb\n|\n|-fieldend|move: Trick Room\n|upkeep\n|\n|t:|1696143403\n|switch|p1a: Grimmsnarl|Grimmsnarl, M|100\/100\n|turn|8\n|\n|t:|1696143413\n|move|p1a: Grimmsnarl|Fake Out|p2a: \u7535\u5149\u8f68\u9053\u70ae\n|-damage|p2a: \u7535\u5149\u8f68\u9053\u70ae|79\/100\n|move|p1b: Volbeat|Toxic|p2a: \u7535\u5149\u8f68\u9053\u70ae\n|-status|p2a: \u7535\u5149\u8f68\u9053\u70ae|tox\n|cant|p2a: \u7535\u5149\u8f68\u9053\u70ae|flinch\n|-activate|p2b: \u4e38\u5b50\u9f99|confusion\n|move|p2b: \u4e38\u5b50\u9f99|Toxic Spikes|p1a: Grimmsnarl\n|-sidestart|p1: MeWhenNovember|move: Toxic Spikes\n|\n|-damage|p2a: \u7535\u5149\u8f68\u9053\u70ae|73\/100 tox|[from] psn\n|upkeep\n|turn|9\n|\n|t:|1696143443\n|move|p1a: Grimmsnarl|Light Screen|p1a: Grimmsnarl\n|-sidestart|p1: MeWhenNovember|move: Light Screen\n|move|p1b: Volbeat|Bug Buzz|p2a: \u7535\u5149\u8f68\u9053\u70ae\n|-damage|p2a: \u7535\u5149\u8f68\u9053\u70ae|54\/100 tox\n|-activate|p2a: \u7535\u5149\u8f68\u9053\u70ae|confusion\n|-damage|p2a: \u7535\u5149\u8f68\u9053\u70ae|47\/100 tox|[from] confusion\n|-activate|p2b: \u4e38\u5b50\u9f99|confusion\n|cant|p2b: \u4e38\u5b50\u9f99|par\n|\n|-damage|p2a: \u7535\u5149\u8f68\u9053\u70ae|35\/100 tox|[from] psn\n|upkeep\n|turn|10\n|\n|t:|1696143456\n|move|p1a: Grimmsnarl|Reflect|p1a: Grimmsnarl\n|-sidestart|p1: MeWhenNovember|Reflect\n|cant|p1b: Volbeat|par\n|-activate|p2a: \u7535\u5149\u8f68\u9053\u70ae|confusion\n|move|p2a: \u7535\u5149\u8f68\u9053\u70ae|Volt Switch|p1b: Volbeat\n|-damage|p1b: Volbeat|22\/100 par\n|-damage|p2a: \u7535\u5149\u8f68\u9053\u70ae|25\/100 tox|[from] item: Life Orb\n|\n|t:|1696143469\n|switch|p2a: \u4e00\u592b\u5f53\u5173\u4e3a\u9a91\u58eb|Escavalier, M|100\/100|[from] Volt Switch\n|-activate|p2b: \u4e38\u5b50\u9f99|confusion\n|cant|p2b: \u4e38\u5b50\u9f99|par\n|\n|upkeep\n|turn|11\n|\n|t:|1696143491\n|switch|p2b: \u7f8e\u68a6\u8001\u5988|Cresselia, F|35\/100 tox\n|move|p1a: Grimmsnarl|Parting Shot|p2a: \u4e00\u592b\u5f53\u5173\u4e3a\u9a91\u58eb\n|-unboost|p2a: \u4e00\u592b\u5f53\u5173\u4e3a\u9a91\u58eb|atk|1\n|-unboost|p2a: \u4e00\u592b\u5f53\u5173\u4e3a\u9a91\u58eb|spa|1\n|c|\u2606KingGodzila|\u810f\u810f\u810f\n|\n|t:|1696143497\n|switch|p1a: Grafaiai|Grafaiai, M|100\/100|[from] Parting Shot\n|-sideend|p1: MeWhenNovember|move: Toxic Spikes|[of] p1a: Grafaiai\n|move|p1b: Volbeat|Confuse Ray|p2a: \u4e00\u592b\u5f53\u5173\u4e3a\u9a91\u58eb\n|-start|p2a: \u4e00\u592b\u5f53\u5173\u4e3a\u9a91\u58eb|confusion\n|-activate|p2a: \u4e00\u592b\u5f53\u5173\u4e3a\u9a91\u58eb|confusion\n|move|p2a: \u4e00\u592b\u5f53\u5173\u4e3a\u9a91\u58eb|Iron Head|p1a: Grafaiai\n|-damage|p1a: Grafaiai|64\/100\n|-damage|p2a: \u4e00\u592b\u5f53\u5173\u4e3a\u9a91\u58eb|91\/100|[from] item: Life Orb\n|\n|-heal|p2b: \u7f8e\u68a6\u8001\u5988|41\/100 tox|[from] item: Leftovers\n|-damage|p2b: \u7f8e\u68a6\u8001\u5988|35\/100 tox|[from] psn\n|upkeep\n|turn|12\n|inactive|KingGodzila has 120 seconds left.\n|\n|t:|1696143533\n|switch|p2a: \u80fd\u8fdb\u80fd\u9000\u65b9\u6b66\u8005|Golisopod, M, shiny|100\/100\n|move|p1a: Grafaiai|Taunt|p2b: \u7f8e\u68a6\u8001\u5988\n|-start|p2b: \u7f8e\u68a6\u8001\u5988|move: Taunt\n|move|p1b: Volbeat|Attract|p2b: \u7f8e\u68a6\u8001\u5988\n|-start|p2b: \u7f8e\u68a6\u8001\u5988|Attract\n|cant|p2b: \u7f8e\u68a6\u8001\u5988|move: Taunt|Trick Room\n|\n|-heal|p2b: \u7f8e\u68a6\u8001\u5988|41\/100 tox|[from] item: Leftovers\n|-damage|p2b: \u7f8e\u68a6\u8001\u5988|29\/100 tox|[from] psn\n|upkeep\n|turn|13\n|inactive|KingGodzila has 120 seconds left.\n|\n|t:|1696143562\n|switch|p2b: \u4e38\u5b50\u9f99|Whirlipede, M, shiny|63\/100 par\n|move|p2a: \u80fd\u8fdb\u80fd\u9000\u65b9\u6b66\u8005|First Impression|p1b: Volbeat\n|-damage|p1b: Volbeat|0 fnt\n|faint|p1b: Volbeat\n|move|p1a: Grafaiai|Toxic|p2a: \u80fd\u8fdb\u80fd\u9000\u65b9\u6b66\u8005\n|-status|p2a: \u80fd\u8fdb\u80fd\u9000\u65b9\u6b66\u8005|tox\n|\n|-damage|p2a: \u80fd\u8fdb\u80fd\u9000\u65b9\u6b66\u8005|94\/100 tox|[from] psn\n|upkeep\n|\n|t:|1696143575\n|switch|p1b: Whimsicott|Whimsicott, F|100\/100\n|turn|14\n|inactive|KingGodzila has 120 seconds left.\n|\n|t:|1696143613\n|switch|p2a: \u4e00\u592b\u5f53\u5173\u4e3a\u9a91\u58eb|Escavalier, M|91\/100\n|move|p2b: \u4e38\u5b50\u9f99|Protect|p2b: \u4e38\u5b50\u9f99\n|-singleturn|p2b: \u4e38\u5b50\u9f99|Protect\n|move|p1b: Whimsicott|Leech Seed|p2a: \u4e00\u592b\u5f53\u5173\u4e3a\u9a91\u58eb\n|-start|p2a: \u4e00\u592b\u5f53\u5173\u4e3a\u9a91\u58eb|move: Leech Seed\n|move|p1a: Grafaiai|Parting Shot|p2a: \u4e00\u592b\u5f53\u5173\u4e3a\u9a91\u58eb\n|-unboost|p2a: \u4e00\u592b\u5f53\u5173\u4e3a\u9a91\u58eb|atk|1\n|-unboost|p2a: \u4e00\u592b\u5f53\u5173\u4e3a\u9a91\u58eb|spa|1\n|\n|t:|1696143624\n|switch|p1a: Grimmsnarl|Grimmsnarl, M|100\/100|[from] Parting Shot\n|\n|-damage|p2a: \u4e00\u592b\u5f53\u5173\u4e3a\u9a91\u58eb|78\/100|[from] Leech Seed|[of] p1b: Whimsicott\n|upkeep\n|turn|15\n|\n|t:|1696143639\n|switch|p2b: \u80fd\u8fdb\u80fd\u9000\u65b9\u6b66\u8005|Golisopod, M, shiny|94\/100 tox\n|switch|p2a: \u7f8e\u68a6\u8001\u5988|Cresselia, F|29\/100 tox\n|move|p1a: Grimmsnarl|Fake Out|p2b: \u80fd\u8fdb\u80fd\u9000\u65b9\u6b66\u8005\n|-damage|p2b: \u80fd\u8fdb\u80fd\u9000\u65b9\u6b66\u8005|86\/100 tox\n|move|p1b: Whimsicott|Leech Seed|p2b: \u80fd\u8fdb\u80fd\u9000\u65b9\u6b66\u8005\n|-start|p2b: \u80fd\u8fdb\u80fd\u9000\u65b9\u6b66\u8005|move: Leech Seed\n|\n|-heal|p2a: \u7f8e\u68a6\u8001\u5988|35\/100 tox|[from] item: Leftovers\n|-damage|p2b: \u80fd\u8fdb\u80fd\u9000\u65b9\u6b66\u8005|74\/100 tox|[from] Leech Seed|[of] p1b: Whimsicott\n|-damage|p2a: \u7f8e\u68a6\u8001\u5988|29\/100 tox|[from] psn\n|-damage|p2b: \u80fd\u8fdb\u80fd\u9000\u65b9\u6b66\u8005|67\/100 tox|[from] psn\n|upkeep\n|turn|16\n|\n|t:|1696143658\n|move|p2b: \u80fd\u8fdb\u80fd\u9000\u65b9\u6b66\u8005|First Impression|p1b: Whimsicott\n|-crit|p1b: Whimsicott\n|-damage|p1b: Whimsicott|34\/100\n|move|p1b: Whimsicott|Nature Power|p2a: \u7f8e\u68a6\u8001\u5988\n|move|p1b: Whimsicott|Tri Attack|p2a: \u7f8e\u68a6\u8001\u5988|[from]move: Nature Power\n|-damage|p2a: \u7f8e\u68a6\u8001\u5988|19\/100 tox\n|move|p1a: Grimmsnarl|Parting Shot|p2b: \u80fd\u8fdb\u80fd\u9000\u65b9\u6b66\u8005\n|-unboost|p2b: \u80fd\u8fdb\u80fd\u9000\u65b9\u6b66\u8005|atk|1\n|-unboost|p2b: \u80fd\u8fdb\u80fd\u9000\u65b9\u6b66\u8005|spa|1\n|\n|t:|1696143669\n|switch|p1a: Grafaiai|Grafaiai, M|64\/100|[from] Parting Shot\n|move|p2a: \u7f8e\u68a6\u8001\u5988|Dazzling Gleam|p1b: Whimsicott|[spread] p1a,p1b\n|-resisted|p1a: Grafaiai\n|-damage|p1a: Grafaiai|60\/100\n|-damage|p1b: Whimsicott|25\/100\n|\n|-heal|p2a: \u7f8e\u68a6\u8001\u5988|25\/100 tox|[from] item: Leftovers\n|-damage|p2b: \u80fd\u8fdb\u80fd\u9000\u65b9\u6b66\u8005|55\/100 tox|[from] Leech Seed|[of] p1b: Whimsicott\n|-heal|p1b: Whimsicott|38\/100|[silent]\n|-damage|p2a: \u7f8e\u68a6\u8001\u5988|13\/100 tox|[from] psn\n|-damage|p2b: \u80fd\u8fdb\u80fd\u9000\u65b9\u6b66\u8005|43\/100 tox|[from] psn\n|-sideend|p1: MeWhenNovember|move: Light Screen\n|upkeep\n|-activate|p2b: \u80fd\u8fdb\u80fd\u9000\u65b9\u6b66\u8005|ability: Emergency Exit\n|\n|t:|1696143680\n|switch|p2b: \u4e00\u592b\u5f53\u5173\u4e3a\u9a91\u58eb|Escavalier, M|78\/100\n|turn|17\n|\n|t:|1696143694\n|move|p1b: Whimsicott|Leech Seed|p2b: \u4e00\u592b\u5f53\u5173\u4e3a\u9a91\u58eb\n|-start|p2b: \u4e00\u592b\u5f53\u5173\u4e3a\u9a91\u58eb|move: Leech Seed\n|move|p1a: Grafaiai|Taunt|p2a: \u7f8e\u68a6\u8001\u5988\n|-start|p2a: \u7f8e\u68a6\u8001\u5988|move: Taunt\n|cant|p2a: \u7f8e\u68a6\u8001\u5988|move: Taunt|Lunar Dance\n|move|p2b: \u4e00\u592b\u5f53\u5173\u4e3a\u9a91\u58eb|Iron Head|p1b: Whimsicott\n|-supereffective|p1b: Whimsicott\n|-damage|p1b: Whimsicott|0 fnt\n|faint|p1b: Whimsicott\n|-damage|p2b: \u4e00\u592b\u5f53\u5173\u4e3a\u9a91\u58eb|68\/100|[from] item: Life Orb\n|\n|-heal|p2a: \u7f8e\u68a6\u8001\u5988|19\/100 tox|[from] item: Leftovers\n|-damage|p2a: \u7f8e\u68a6\u8001\u5988|1\/100 tox|[from] psn\n|-sideend|p1: MeWhenNovember|Reflect\n|upkeep\n|l|\u2606MeWhenNovember\n|inactive|MeWhenNovember disconnected and has a minute to reconnect!\n|player|p1|\n|inactive|MeWhenNovember has 30 seconds to reconnect!\n|inactive|MeWhenNovember has 20 seconds to reconnect!\n|j|\u2606MeWhenNovember\n|inactive|MeWhenNovember reconnected and has 95 seconds left.\n|player|p1|MeWhenNovember|ghetsis\n|inactive|MeWhenNovember has 90 seconds left.\n|\n|t:|1696143753\n|switch|p1b: Grimmsnarl|Grimmsnarl, M|100\/100\n|turn|18\n|\n|t:|1696143769\n|switch|p2b: \u80fd\u8fdb\u80fd\u9000\u65b9\u6b66\u8005|Golisopod, M, shiny|43\/100 tox\n|move|p1b: Grimmsnarl|Fake Out|p2b: \u80fd\u8fdb\u80fd\u9000\u65b9\u6b66\u8005\n|-damage|p2b: \u80fd\u8fdb\u80fd\u9000\u65b9\u6b66\u8005|35\/100 tox\n|move|p1a: Grafaiai|Substitute|p1a: Grafaiai\n|-start|p1a: Grafaiai|Substitute\n|-damage|p1a: Grafaiai|35\/100\n|move|p2a: \u7f8e\u68a6\u8001\u5988|Dazzling Gleam|p1a: Grafaiai|[spread] p1a,p1b\n|-resisted|p1a: Grafaiai\n|-activate|p1a: Grafaiai|move: Substitute|[damage]\n|-supereffective|p1b: Grimmsnarl\n|-damage|p1b: Grimmsnarl|85\/100\n|\n|-heal|p2a: \u7f8e\u68a6\u8001\u5988|7\/100 tox|[from] item: Leftovers\n|-damage|p2a: \u7f8e\u68a6\u8001\u5988|0 fnt|[from] psn\n|faint|p2a: \u7f8e\u68a6\u8001\u5988\n|-damage|p2b: \u80fd\u8fdb\u80fd\u9000\u65b9\u6b66\u8005|29\/100 tox|[from] psn\n|upkeep\n|\n|t:|1696143781\n|switch|p2a: \u4e00\u592b\u5f53\u5173\u4e3a\u9a91\u58eb|Escavalier, M|68\/100\n|turn|19\n|inactive|MeWhenNovember has 120 seconds left.\n|\n|t:|1696143802\n|move|p2b: \u80fd\u8fdb\u80fd\u9000\u65b9\u6b66\u8005|First Impression|p1a: Grafaiai\n|-resisted|p1a: Grafaiai\n|-end|p1a: Grafaiai|Substitute\n|move|p1a: Grafaiai|Taunt|p2a: \u4e00\u592b\u5f53\u5173\u4e3a\u9a91\u58eb\n|-start|p2a: \u4e00\u592b\u5f53\u5173\u4e3a\u9a91\u58eb|move: Taunt\n|move|p1b: Grimmsnarl|Reflect|p1b: Grimmsnarl\n|-sidestart|p1: MeWhenNovember|Reflect\n|move|p2a: \u4e00\u592b\u5f53\u5173\u4e3a\u9a91\u58eb|Drill Run|p1a: Grafaiai\n|-supereffective|p1a: Grafaiai\n|-damage|p1a: Grafaiai|0 fnt\n|faint|p1a: Grafaiai\n|-damage|p2a: \u4e00\u592b\u5f53\u5173\u4e3a\u9a91\u58eb|59\/100|[from] item: Life Orb\n|\n|-damage|p2b: \u80fd\u8fdb\u80fd\u9000\u65b9\u6b66\u8005|17\/100 tox|[from] psn\n|upkeep\n|\n|t:|1696143816\n|switch|p1a: Kingambit|Kingambit, M|100\/100\n|-activate|p1a: Kingambit|ability: Supreme Overlord\n|-start|p1a: Kingambit|fallen4|[silent]\n|turn|20\n|inactive|MeWhenNovember has 120 seconds left.\n|\n|t:|1696143849\n|-terastallize|p1a: Kingambit|Dark\n|move|p1b: Grimmsnarl|Parting Shot|p2b: \u80fd\u8fdb\u80fd\u9000\u65b9\u6b66\u8005\n|-unboost|p2b: \u80fd\u8fdb\u80fd\u9000\u65b9\u6b66\u8005|atk|1\n|-unboost|p2b: \u80fd\u8fdb\u80fd\u9000\u65b9\u6b66\u8005|spa|1\n|move|p1a: Kingambit|Sucker Punch|p2a: \u4e00\u592b\u5f53\u5173\u4e3a\u9a91\u58eb\n|-damage|p2a: \u4e00\u592b\u5f53\u5173\u4e3a\u9a91\u58eb|0 fnt\n|faint|p2a: \u4e00\u592b\u5f53\u5173\u4e3a\u9a91\u58eb\n|move|p2b: \u80fd\u8fdb\u80fd\u9000\u65b9\u6b66\u8005|Liquidation|p1a: Kingambit\n|-damage|p1a: Kingambit|86\/100\n|\n|-damage|p2b: \u80fd\u8fdb\u80fd\u9000\u65b9\u6b66\u8005|0 fnt|[from] psn\n|faint|p2b: \u80fd\u8fdb\u80fd\u9000\u65b9\u6b66\u8005\n|upkeep\n|\n|t:|1696143872\n|switch|p2b: \u4e38\u5b50\u9f99|Whirlipede, M, shiny|63\/100 par\n|switch|p2a: \u7535\u5149\u8f68\u9053\u70ae|Vikavolt, M|25\/100 tox\n|turn|21\n|inactive|MeWhenNovember has 120 seconds left.\n|\n|t:|1696143891\n|-terastallize|p2a: \u7535\u5149\u8f68\u9053\u70ae|Electric\n|move|p1b: Grimmsnarl|Light Screen|p1b: Grimmsnarl\n|-sidestart|p1: MeWhenNovember|move: Light Screen\n|move|p1a: Kingambit|Sucker Punch|p2a: \u7535\u5149\u8f68\u9053\u70ae\n|-damage|p2a: \u7535\u5149\u8f68\u9053\u70ae|0 fnt\n|faint|p2a: \u7535\u5149\u8f68\u9053\u70ae\n|cant|p2b: \u4e38\u5b50\u9f99|par\n|\n|upkeep\n|turn|22\n|-message|KingGodzila forfeited.\n|\n|win|MeWhenNovember\n|raw|MeWhenNovember's rating: 1043 &rarr; <strong>1081<\/strong><br \/>(+38 for winning)\n|raw|KingGodzila's rating: 1085 &rarr; <strong>1060<\/strong><br \/>(-25 for losing)\n|l|\u2606KingGodzila\n|c|\u2606MeWhenNovember|Gg\n","uploadtime":1696143912,"views":10,"p1id":"mewhennovember","p2id":"kinggodzila","formatid":"gen9nationaldexdoubles","rating":1060,"private":0,"password":""}