{"id":"gen9nationaldexdoubles-1961775386","p1":"Hti kd do go to","p2":"thehan13","format":"[Gen 9] National Dex Doubles","log":"|j|\u2606Hti kd do go to\n|j|\u2606thehan13\n|t:|1696667815\n|gametype|doubles\n|player|p1|Hti kd do go to|camper|1000\n|player|p2|thehan13|lusamine-nihilego|1126\n|teamsize|p1|6\n|teamsize|p2|6\n|gen|9\n|tier|[Gen 9] National Dex Doubles\n|rated|\n|rule|HP Percentage Mod: HP is shown in percentages\n|rule|Endless Battle Clause: Forcing endless battles is banned\n|rule|OHKO Clause: OHKO moves are banned\n|rule|Evasion Moves Clause: Evasion moves are banned\n|rule|Evasion Abilities Clause: Evasion abilities are banned\n|rule|Species Clause: Limit one of each Pok\u00e9mon\n|rule|Gravity Sleep Clause: The combination of sleep-inducing moves with imperfect accuracy and Gravity or Gigantamax Orbeetle are banned\n|clearpoke\n|poke|p1|Indeedee, M|\n|poke|p1|Deoxys-Attack|\n|poke|p1|Typhlosion, M|\n|poke|p1|Kartana|\n|poke|p1|Murkrow, M|\n|poke|p1|Shuckle, F|\n|poke|p2|Porygon2|\n|poke|p2|Raichu-Alola, F|\n|poke|p2|Pincurchin, M|\n|poke|p2|Salazzle, F|\n|poke|p2|Toxapex, F|\n|poke|p2|Hoopa-Unbound|\n|teampreview\n|\n|t:|1696667822\n|start\n|switch|p1a: Murkrow|Murkrow, M|100\/100\n|switch|p1b: Shuckle|Shuckle, F|100\/100\n|switch|p2a: Raichu|Raichu-Alola, F|100\/100\n|switch|p2b: Pincurchin|Pincurchin, M|100\/100\n|-fieldstart|move: Electric Terrain|[from] ability: Electric Surge|[of] p2b: Pincurchin\n|turn|1\n|\n|t:|1696667861\n|move|p1a: Murkrow|Tailwind|p1a: Murkrow\n|-sidestart|p1: Hti kd do go to|move: Tailwind\n|move|p2a: Raichu|Rising Voltage|p1b: Shuckle\n|-hint|Rising Voltage's BP doubled on grounded target.\n|-damage|p1b: Shuckle|34\/100\n|move|p1b: Shuckle|Sticky Web|p2b: Pincurchin\n|-sidestart|p2: thehan13|move: Sticky Web\n|move|p2b: Pincurchin|Rising Voltage|p1b: Shuckle\n|-hint|Rising Voltage's BP doubled on grounded target.\n|-damage|p1b: Shuckle|1\/100\n|\n|upkeep\n|turn|2\n|\n|t:|1696667878\n|move|p1a: Murkrow|Perish Song|p1a: Murkrow\n|-start|p1a: Murkrow|perish3|[silent]\n|-start|p1b: Shuckle|perish3|[silent]\n|-start|p2a: Raichu|perish3|[silent]\n|-start|p2b: Pincurchin|perish3|[silent]\n|-fieldactivate|move: Perish Song\n|move|p2a: Raichu|Rising Voltage|p1a: Murkrow\n|-supereffective|p1a: Murkrow\n|-enditem|p1a: Murkrow|Focus Sash\n|-damage|p1a: Murkrow|1\/100\n|move|p1b: Shuckle|Stealth Rock|p2b: Pincurchin\n|-sidestart|p2: thehan13|move: Stealth Rock\n|move|p2b: Pincurchin|Rising Voltage|p1b: Shuckle\n|-hint|Rising Voltage's BP doubled on grounded target.\n|-damage|p1b: Shuckle|0 fnt\n|faint|p1b: Shuckle\n|\n|-start|p2a: Raichu|perish3\n|-start|p1a: Murkrow|perish3\n|-start|p2b: Pincurchin|perish3\n|upkeep\n|\n|t:|1696667931\n|switch|p1b: Indeedee|Indeedee, M|100\/100\n|-fieldstart|move: Psychic Terrain|[from] ability: Psychic Surge|[of] p1b: Indeedee\n|turn|3\n|\n|t:|1696667944\n|switch|p1a: Kartana|Kartana|100\/100\n|switch|p2a: Porygon2|Porygon2|100\/100\n|-activate|p2a: Porygon2|move: Sticky Web\n|-unboost|p2a: Porygon2|spe|1\n|-damage|p2a: Porygon2|88\/100|[from] Stealth Rock\n|-ability|p2a: Porygon2|Psychic Surge|[from] ability: Trace|[of] p1b: Indeedee\n|switch|p2b: Hoopa|Hoopa-Unbound|100\/100\n|-activate|p2b: Hoopa|move: Sticky Web\n|-unboost|p2b: Hoopa|spe|1\n|-damage|p2b: Hoopa|88\/100|[from] Stealth Rock\n|-terastallize|p1b: Indeedee|Psychic\n|move|p1b: Indeedee|Expanding Force|p2b: Hoopa|[spread] p2a\n|-immune|p2b: Hoopa\n|-damage|p2a: Porygon2|51\/100\n|\n|upkeep\n|turn|4\n|\n|t:|1696667972\n|switch|p1b: Murkrow|Murkrow, M|1\/100\n|move|p1a: Kartana|Sacred Sword|p2a: Porygon2\n|-supereffective|p2a: Porygon2\n|-damage|p2a: Porygon2|0 fnt\n|faint|p2a: Porygon2\n|-ability|p1a: Kartana|Beast Boost|boost\n|-boost|p1a: Kartana|atk|1\n|move|p2b: Hoopa|Fire Punch|p1a: Kartana\n|-supereffective|p1a: Kartana\n|-damage|p1a: Kartana|0 fnt\n|faint|p1a: Kartana\n|\n|-sideend|p1: Hti kd do go to|move: Tailwind\n|upkeep\n|\n|t:|1696668021\n|switch|p1a: Deoxys|Deoxys-Attack|100\/100\n|switch|p2a: Pincurchin|Pincurchin, M|100\/100\n|-ability|p1a: Deoxys|Pressure\n|-activate|p2a: Pincurchin|move: Sticky Web\n|-unboost|p2a: Pincurchin|spe|1\n|-damage|p2a: Pincurchin|88\/100|[from] Stealth Rock\n|-fieldstart|move: Electric Terrain|[from] ability: Electric Surge|[of] p2a: Pincurchin\n|turn|5\n|\n|t:|1696668045\n|switch|p2b: Raichu|Raichu-Alola, F|100\/100\n|-activate|p2b: Raichu|move: Sticky Web\n|-unboost|p2b: Raichu|spe|1\n|-damage|p2b: Raichu|88\/100|[from] Stealth Rock\n|move|p1b: Murkrow|Tailwind|p1b: Murkrow\n|-sidestart|p1: Hti kd do go to|move: Tailwind\n|move|p1a: Deoxys|Shadow Ball|p2b: Raichu\n|-supereffective|p2b: Raichu\n|-crit|p2b: Raichu\n|-damage|p2b: Raichu|0 fnt\n|faint|p2b: Raichu\n|move|p2a: Pincurchin|Rising Voltage|p1b: Murkrow\n|-supereffective|p1b: Murkrow\n|-damage|p1b: Murkrow|0 fnt\n|faint|p1b: Murkrow\n|\n|upkeep\n|\n|t:|1696668068\n|switch|p2b: Hoopa|Hoopa-Unbound|88\/100\n|switch|p1b: Typhlosion|Typhlosion, M|100\/100\n|-activate|p2b: Hoopa|move: Sticky Web\n|-unboost|p2b: Hoopa|spe|1\n|-damage|p2b: Hoopa|76\/100|[from] Stealth Rock\n|turn|6\n|\n|t:|1696668098\n|move|p1b: Typhlosion|Eruption|p2b: Hoopa|[spread] p2a,p2b\n|-damage|p2a: Pincurchin|22\/100\n|-damage|p2b: Hoopa|33\/100\n|move|p1a: Deoxys|Psyshock|p2a: Pincurchin\n|-damage|p2a: Pincurchin|0 fnt\n|faint|p2a: Pincurchin\n|move|p2b: Hoopa|Hyperspace Fury|p1a: Deoxys\n|-supereffective|p1a: Deoxys\n|-enditem|p1a: Deoxys|Focus Sash\n|-damage|p1a: Deoxys|1\/100\n|-unboost|p2b: Hoopa|def|1\n|\n|upkeep\n|\n|t:|1696668109\n|switch|p2a: Toxapex|Toxapex, F|100\/100\n|-activate|p2a: Toxapex|move: Sticky Web\n|-unboost|p2a: Toxapex|spe|1\n|-damage|p2a: Toxapex|88\/100|[from] Stealth Rock\n|turn|7\n|\n|t:|1696668117\n|switch|p2b: Salazzle|Salazzle, F|100\/100\n|-damage|p2b: Salazzle|76\/100|[from] Stealth Rock\n|-item|p2b: Salazzle|Air Balloon\n|move|p2a: Toxapex|Baneful Bunker|p2a: Toxapex\n|-singleturn|p2a: Toxapex|move: Protect\n|move|p1b: Typhlosion|Eruption|p2a: Toxapex|[spread] p2b\n|-activate|p2a: Toxapex|move: Protect\n|-resisted|p2b: Salazzle\n|-damage|p2b: Salazzle|27\/100\n|-enditem|p2b: Salazzle|Air Balloon\n|move|p1a: Deoxys|Psyshock|p2a: Toxapex\n|-activate|p2a: Toxapex|move: Protect\n|\n|upkeep\n|turn|8\n|inactive|Battle timer is ON: inactive players will automatically lose when time's up. (requested by Hti kd do go to)\n|\n|t:|1696668139\n|move|p1b: Typhlosion|Eruption|p2a: Toxapex|[spread] p2a,p2b\n|-resisted|p2a: Toxapex\n|-resisted|p2b: Salazzle\n|-damage|p2a: Toxapex|68\/100\n|-damage|p2b: Salazzle|0 fnt\n|faint|p2b: Salazzle\n|move|p1a: Deoxys|Psyshock|p2a: Toxapex\n|-supereffective|p2a: Toxapex\n|-damage|p2a: Toxapex|0 fnt\n|faint|p2a: Toxapex\n|\n|-sideend|p1: Hti kd do go to|move: Tailwind\n|upkeep\n|\n|t:|1696668144\n|switch|p2b: Hoopa|Hoopa-Unbound|33\/100\n|-activate|p2b: Hoopa|move: Sticky Web\n|-unboost|p2b: Hoopa|spe|1\n|-damage|p2b: Hoopa|20\/100|[from] Stealth Rock\n|turn|9\n|\n|t:|1696668155\n|-terastallize|p2b: Hoopa|Psychic\n|move|p1b: Typhlosion|Eruption|p2b: Hoopa\n|-damage|p2b: Hoopa|0 fnt\n|faint|p2b: Hoopa\n|\n|win|Hti kd do go to\n|raw|Hti kd do go to's rating: 1000 &rarr; <strong>1054<\/strong><br \/>(+54 for winning)\n|raw|thehan13's rating: 1126 &rarr; <strong>1092<\/strong><br \/>(-34 for losing)\n","uploadtime":1696668165,"views":12,"p1id":"htikddogoto","p2id":"thehan13","formatid":"gen9nationaldexdoubles","rating":1054,"private":0,"password":""}