{"id":"gen9nationaldexdoubles-1968530378","p1":"lemonjohn","p2":"im timi","format":"[Gen 9] National Dex Doubles","log":"|j|\u2606lemonjohn\n|j|\u2606im timi\n|t:|1697429103\n|gametype|doubles\n|player|p1|lemonjohn|dawn|1370\n|player|p2|im timi|dragontamer|1277\n|teamsize|p1|6\n|teamsize|p2|6\n|gen|9\n|tier|[Gen 9] National Dex Doubles\n|rated|\n|rule|HP Percentage Mod: HP is shown in percentages\n|rule|Endless Battle Clause: Forcing endless battles is banned\n|rule|OHKO Clause: OHKO moves are banned\n|rule|Evasion Moves Clause: Evasion moves are banned\n|rule|Evasion Abilities Clause: Evasion abilities are banned\n|rule|Species Clause: Limit one of each Pok\u00e9mon\n|rule|Gravity Sleep Clause: The combination of sleep-inducing moves with imperfect accuracy and Gravity or Gigantamax Orbeetle are banned\n|clearpoke\n|poke|p1|Venusaur, M|\n|poke|p1|Hitmontop, M|\n|poke|p1|Torkoal, F|\n|poke|p1|Flygon, F|\n|poke|p1|Whimsicott, F|\n|poke|p1|Walking Wake|\n|poke|p2|Charizard, M|\n|poke|p2|Sylveon, F|\n|poke|p2|Togekiss, F|\n|poke|p2|Gholdengo|\n|poke|p2|Great Tusk|\n|poke|p2|Hydreigon, M|\n|teampreview\n|inactive|Battle timer is ON: inactive players will automatically lose when time's up. (requested by lemonjohn)\n|inactive|im timi has 120 seconds left.\n|\n|t:|1697429145\n|start\n|switch|p1a: Whimsicott|Whimsicott, F|100\/100\n|switch|p1b: Venusaur|Venusaur, M|100\/100\n|switch|p2a: Togekiss|Togekiss, F|100\/100\n|switch|p2b: Charizard|Charizard, M, shiny|100\/100\n|turn|1\n|\n|t:|1697429159\n|detailschange|p2b: Charizard|Charizard-Mega-Y, M, shiny\n|-mega|p2b: Charizard|Charizard|Charizardite Y\n|-weather|SunnyDay|[from] ability: Drought|[of] p2b: Charizard\n|move|p2a: Togekiss|Follow Me|p2a: Togekiss\n|-singleturn|p2a: Togekiss|move: Follow Me\n|move|p1a: Whimsicott|Sunny Day||[still]\n|-fail|p1a: Whimsicott\n|move|p1b: Venusaur|Sleep Powder|p2a: Togekiss\n|-status|p2a: Togekiss|slp|[from] move: Sleep Powder\n|move|p2b: Charizard|Heat Wave|p1b: Venusaur|[spread] p1a,p1b\n|-supereffective|p1a: Whimsicott\n|-supereffective|p1b: Venusaur\n|-enditem|p1a: Whimsicott|Focus Sash\n|-damage|p1a: Whimsicott|1\/100\n|-damage|p1b: Venusaur|0 fnt\n|faint|p1b: Venusaur\n|\n|-weather|SunnyDay|[upkeep]\n|upkeep\n|\n|t:|1697429165\n|switch|p1b: Walking Wake|Walking Wake|100\/100\n|-activate|p1b: Walking Wake|ability: Protosynthesis\n|-start|p1b: Walking Wake|protosynthesisspa\n|turn|2\n|inactive|im timi has 120 seconds left.\n|\n|t:|1697429213\n|move|p1a: Whimsicott|Fake Tears|p2b: Charizard\n|-unboost|p2b: Charizard|spd|2\n|move|p1b: Walking Wake|Hydro Steam|p2b: Charizard\n|-supereffective|p2b: Charizard\n|-crit|p2b: Charizard\n|-damage|p2b: Charizard|0 fnt\n|faint|p2b: Charizard\n|cant|p2a: Togekiss|slp\n|\n|-weather|SunnyDay|[upkeep]\n|upkeep\n|\n|t:|1697429221\n|switch|p2b: Hydreigon|Hydreigon, M|100\/100\n|turn|3\n|\n|t:|1697429229\n|-terastallize|p2b: Hydreigon|Steel\n|cant|p2a: Togekiss|slp\n|move|p1a: Whimsicott|Tailwind|p1a: Whimsicott\n|-sidestart|p1: lemonjohn|move: Tailwind\n|move|p1b: Walking Wake|Draco Meteor|p2b: Hydreigon\n|-resisted|p2b: Hydreigon\n|-damage|p2b: Hydreigon|53\/100\n|-unboost|p1b: Walking Wake|spa|2\n|-enditem|p1b: Walking Wake|White Herb\n|-clearnegativeboost|p1b: Walking Wake|[silent]\n|move|p2b: Hydreigon|Draco Meteor|p1b: Walking Wake\n|-supereffective|p1b: Walking Wake\n|-damage|p1b: Walking Wake|0 fnt\n|-unboost|p2b: Hydreigon|spa|2\n|faint|p1b: Walking Wake\n|-end|p1b: Walking Wake|Protosynthesis|[silent]\n|\n|-weather|SunnyDay|[upkeep]\n|-heal|p2b: Hydreigon|59\/100|[from] item: Leftovers\n|upkeep\n|\n|t:|1697429236\n|switch|p1b: Torkoal|Torkoal, F|100\/100\n|turn|4\n|\n|t:|1697429251\n|switch|p2b: Great Tusk|Great Tusk|100\/100\n|-activate|p2b: Great Tusk|ability: Protosynthesis\n|-start|p2b: Great Tusk|protosynthesisatk\n|cant|p2a: Togekiss|slp\n|move|p1a: Whimsicott|Fake Tears|p2a: Togekiss\n|-unboost|p2a: Togekiss|spd|2\n|move|p1b: Torkoal|Heat Wave|p2b: Great Tusk|[spread] p2a,p2b\n|-damage|p2a: Togekiss|0 fnt\n|-damage|p2b: Great Tusk|10\/100\n|faint|p2a: Togekiss\n|\n|-weather|SunnyDay|[upkeep]\n|-heal|p2b: Great Tusk|16\/100|[from] item: Leftovers\n|upkeep\n|\n|t:|1697429265\n|switch|p2a: Hydreigon|Hydreigon, M, tera:Steel|59\/100\n|turn|5\n|\n|t:|1697429280\n|switch|p1a: Hitmontop|Hitmontop, M|100\/100\n|-ability|p1a: Hitmontop|Intimidate|boost\n|-unboost|p2a: Hydreigon|atk|1\n|-unboost|p2b: Great Tusk|atk|1\n|move|p1b: Torkoal|Protect|p1b: Torkoal\n|-singleturn|p1b: Torkoal|Protect\n|move|p2b: Great Tusk|Headlong Rush|p1b: Torkoal\n|-activate|p1b: Torkoal|move: Protect\n|move|p2a: Hydreigon|Draco Meteor|p1b: Torkoal\n|-activate|p1b: Torkoal|move: Protect\n|\n|-weather|none\n|-end|p2b: Great Tusk|Protosynthesis\n|-heal|p2b: Great Tusk|22\/100|[from] item: Leftovers\n|-heal|p2a: Hydreigon|65\/100|[from] item: Leftovers\n|upkeep\n|turn|6\n|\n|t:|1697429296\n|-end|p2b: Great Tusk|Protosynthesis|[silent]\n|switch|p2b: Sylveon|Sylveon, F|100\/100\n|switch|p2a: Gholdengo|Gholdengo|100\/100\n|-item|p2a: Gholdengo|Air Balloon\n|move|p1a: Hitmontop|Fake Out|p2b: Sylveon\n|-damage|p2b: Sylveon|89\/100\n|move|p1b: Torkoal|Heat Wave|p2b: Sylveon|[spread] p2a,p2b\n|-supereffective|p2a: Gholdengo\n|-damage|p2a: Gholdengo|17\/100\n|-damage|p2b: Sylveon|65\/100\n|-enditem|p2a: Gholdengo|Air Balloon\n|\n|-sideend|p1: lemonjohn|move: Tailwind\n|upkeep\n|turn|7\n|\n|t:|1697429317\n|move|p1a: Hitmontop|Wide Guard|p1a: Hitmontop\n|-singleturn|p1a: Hitmontop|Wide Guard\n|move|p2a: Gholdengo|Shadow Ball|p1b: Torkoal\n|-damage|p1b: Torkoal|45\/100\n|move|p2b: Sylveon|Hyper Voice|p1a: Hitmontop|[spread] \n|-activate|p1a: Hitmontop|move: Wide Guard\n|-activate|p1b: Torkoal|move: Wide Guard\n|move|p1b: Torkoal|Heat Wave|p2b: Sylveon|[spread] p2a,p2b\n|-supereffective|p2a: Gholdengo\n|-damage|p2a: Gholdengo|0 fnt\n|-damage|p2b: Sylveon|38\/100\n|faint|p2a: Gholdengo\n|\n|upkeep\n|\n|t:|1697429331\n|switch|p2a: Hydreigon|Hydreigon, M, tera:Steel|65\/100\n|turn|8\n|\n|t:|1697429352\n|move|p1b: Torkoal|Protect|p1b: Torkoal\n|-singleturn|p1b: Torkoal|Protect\n|move|p2a: Hydreigon|Draco Meteor|p1b: Torkoal\n|-activate|p1b: Torkoal|move: Protect\n|move|p1a: Hitmontop|Close Combat|p2a: Hydreigon\n|-supereffective|p2a: Hydreigon\n|-damage|p2a: Hydreigon|0 fnt\n|-unboost|p1a: Hitmontop|def|1\n|-unboost|p1a: Hitmontop|spd|1\n|faint|p2a: Hydreigon\n|move|p2b: Sylveon|Mystical Fire|p1b: Torkoal\n|-activate|p1b: Torkoal|move: Protect\n|\n|upkeep\n|\n|t:|1697429357\n|switch|p2a: Great Tusk|Great Tusk|22\/100\n|turn|9\n|\n|t:|1697429365\n|switch|p1a: Whimsicott|Whimsicott, F|1\/100\n|move|p2a: Great Tusk|Close Combat|p1a: Whimsicott\n|-resisted|p1a: Whimsicott\n|-damage|p1a: Whimsicott|0 fnt\n|-unboost|p2a: Great Tusk|def|1\n|-unboost|p2a: Great Tusk|spd|1\n|faint|p1a: Whimsicott\n|move|p2b: Sylveon|Hyper Voice|p1b: Torkoal\n|-resisted|p1b: Torkoal\n|-damage|p1b: Torkoal|6\/100\n|-enditem|p2b: Sylveon|Throat Spray\n|-boost|p2b: Sylveon|spa|1|[from] item: Throat Spray\n|move|p1b: Torkoal|Heat Wave|p2a: Great Tusk|[spread] p2a,p2b\n|-damage|p2a: Great Tusk|0 fnt\n|-damage|p2b: Sylveon|11\/100\n|faint|p2a: Great Tusk\n|-end|p2a: Great Tusk|Protosynthesis|[silent]\n|\n|upkeep\n|\n|t:|1697429368\n|switch|p1a: Hitmontop|Hitmontop, M|100\/100\n|-ability|p1a: Hitmontop|Intimidate|boost\n|-unboost|p2b: Sylveon|atk|1\n|turn|10\n|-message|im timi forfeited.\n|\n|win|lemonjohn\n|raw|lemonjohn's rating: 1370 &rarr; <strong>1385<\/strong><br \/>(+15 for winning)\n|raw|im timi's rating: 1277 &rarr; <strong>1259<\/strong><br \/>(-18 for losing)\n|l|\u2606im timi\n","uploadtime":1697429380,"views":10,"p1id":"lemonjohn","p2id":"imtimi","formatid":"gen9nationaldexdoubles","rating":1259,"private":0,"password":""}