{"id":"gen9nationaldexdoubles-1994481604","p1":"PanduxD","p2":"Roy Kasoy","format":"[Gen 9] National Dex Doubles","log":"|j|\u2606PanduxD\n|j|\u2606Roy Kasoy\n|t:|1700448976\n|gametype|doubles\n|player|p1|PanduxD|170|\n|player|p2|Roy Kasoy|hilbert|\n|teamsize|p1|6\n|teamsize|p2|6\n|gen|9\n|tier|[Gen 9] National Dex Doubles\n|rule|HP Percentage Mod: HP is shown in percentages\n|rule|Endless Battle Clause: Forcing endless battles is banned\n|rule|OHKO Clause: OHKO moves are banned\n|rule|Evasion Moves Clause: Evasion moves are banned\n|rule|Evasion Abilities Clause: Evasion abilities are banned\n|rule|Species Clause: Limit one of each Pok\u00e9mon\n|rule|Gravity Sleep Clause: The combination of sleep-inducing moves with imperfect accuracy and Gravity or Gigantamax Orbeetle are banned\n|clearpoke\n|poke|p1|Sprigatito, F|\n|poke|p1|Bulbasaur, M|\n|poke|p1|Totodile, F|\n|poke|p1|Riolu, F|\n|poke|p1|Scorbunny, F|\n|poke|p1|Larvitar, F|\n|poke|p2|Bulbasaur, M|\n|poke|p2|Litten, F|\n|poke|p2|Squirtle, F|\n|poke|p2|Larvitar, M|\n|poke|p2|Riolu, F|\n|poke|p2|Charmander, F|\n|teampreview\n|\n|t:|1700449040\n|start\n|switch|p1a: Scorbunny|Scorbunny, F|100\/100\n|switch|p1b: Riolu|Riolu, F|100\/100\n|switch|p2a: Squirtle|Squirtle, F|100\/100\n|switch|p2b: Riolu|Riolu, F, shiny|100\/100\n|turn|1\n|\n|t:|1700449079\n|switch|p2b: Litten|Litten, F|100\/100\n|-ability|p2b: Litten|Intimidate|boost\n|-unboost|p1a: Scorbunny|atk|1\n|-fail|p1b: Riolu|unboost|Attack|[from] ability: Inner Focus|[of] p1b: Riolu\n|move|p1b: Riolu|Swords Dance|p1b: Riolu\n|-boost|p1b: Riolu|atk|2\n|move|p1a: Scorbunny|U-turn|p2b: Litten\n|-start|p1a: Scorbunny|typechange|Bug|[from] ability: Libero\n|-resisted|p2b: Litten\n|-damage|p2b: Litten|65\/100\n|-damage|p1a: Scorbunny|91\/100|[from] item: Life Orb\n|\n|t:|1700449106\n|switch|p1a: Sprigatito|Sprigatito, F|100\/100|[from] U-turn\n|move|p2a: Squirtle|Scald|p1a: Sprigatito\n|-resisted|p1a: Sprigatito\n|-damage|p1a: Sprigatito|78\/100\n|\n|upkeep\n|turn|2\n|\n|t:|1700449160\n|switch|p2b: Bulbasaur|Bulbasaur, M, shiny|100\/100\n|switch|p1a: Totodile|Totodile, F|100\/100\n|-terastallize|p2a: Squirtle|Grass\n|move|p1b: Riolu|Rock Slide|p2b: Bulbasaur|[spread] p2a,p2b\n|-damage|p2a: Squirtle|80\/100\n|-damage|p2b: Bulbasaur|72\/100\n|cant|p2a: Squirtle|flinch\n|\n|upkeep\n|turn|3\n|\n|t:|1700449210\n|switch|p1a: Scorbunny|Scorbunny, F|91\/100\n|move|p1b: Riolu|Swords Dance|p1b: Riolu\n|-boost|p1b: Riolu|atk|2\n|move|p2b: Bulbasaur|Leech Seed|p1b: Riolu\n|-start|p1b: Riolu|move: Leech Seed\n|move|p2a: Squirtle|Scald|p1b: Riolu\n|-damage|p1b: Riolu|61\/100\n|\n|-damage|p1b: Riolu|49\/100|[from] Leech Seed|[of] p2b: Bulbasaur\n|-heal|p2b: Bulbasaur|83\/100|[silent]\n|upkeep\n|turn|4\n|\n|t:|1700449239\n|switch|p2b: Litten|Litten, F|65\/100\n|-ability|p2b: Litten|Intimidate|boost\n|-unboost|p1a: Scorbunny|atk|1\n|-fail|p1b: Riolu|unboost|Attack|[from] ability: Inner Focus|[of] p1b: Riolu\n|move|p2a: Squirtle|Protect|p2a: Squirtle\n|-singleturn|p2a: Squirtle|Protect\n|move|p1b: Riolu|Drain Punch|p2a: Squirtle\n|-activate|p2a: Squirtle|move: Protect\n|move|p1a: Scorbunny|Flare Blitz|p2a: Squirtle\n|-activate|p2a: Squirtle|move: Protect\n|\n|-damage|p1b: Riolu|36\/100|[from] Leech Seed|[of] p2b: Litten\n|-heal|p2b: Litten|77\/100|[silent]\n|upkeep\n|turn|5\n|\n|t:|1700449272\n|move|p2b: Litten|Flare Blitz|p1b: Riolu\n|-damage|p1b: Riolu|0 fnt\n|faint|p1b: Riolu\n|-damage|p2b: Litten|65\/100|[from] Recoil\n|move|p1a: Scorbunny|U-turn|p2a: Squirtle\n|-start|p1a: Scorbunny|typechange|Bug|[from] ability: Libero\n|-supereffective|p2a: Squirtle\n|-damage|p2a: Squirtle|37\/100\n|-damage|p1a: Scorbunny|81\/100|[from] item: Life Orb\n|\n|t:|1700449282\n|switch|p1a: Larvitar|Larvitar, F|100\/100|[from] U-turn\n|move|p2a: Squirtle|Scald|p1a: Larvitar\n|-supereffective|p1a: Larvitar\n|-damage|p1a: Larvitar|0 fnt\n|faint|p1a: Larvitar\n|\n|upkeep\n|c|\u2606PanduxD|olvide eso xdddd\n|\n|t:|1700449294\n|switch|p1b: Bulbasaur|Bulbasaur, M|100\/100\n|switch|p1a: Scorbunny|Scorbunny, F|81\/100\n|turn|6\n|\n|t:|1700449318\n|move|p2b: Litten|Flare Blitz|p1b: Bulbasaur\n|-supereffective|p1b: Bulbasaur\n|-damage|p1b: Bulbasaur|0 fnt\n|faint|p1b: Bulbasaur\n|-damage|p2b: Litten|29\/100|[from] Recoil\n|move|p1a: Scorbunny|U-turn|p2a: Squirtle\n|-start|p1a: Scorbunny|typechange|Bug|[from] ability: Libero\n|-supereffective|p2a: Squirtle\n|-crit|p2a: Squirtle\n|-damage|p2a: Squirtle|0 fnt\n|faint|p2a: Squirtle\n|-damage|p1a: Scorbunny|71\/100|[from] item: Life Orb\n|\n|t:|1700449329\n|switch|p1a: Sprigatito|Sprigatito, F|78\/100|[from] U-turn\n|\n|upkeep\n|\n|t:|1700449345\n|switch|p1b: Totodile|Totodile, F|100\/100\n|switch|p2a: Bulbasaur|Bulbasaur, M, shiny|83\/100\n|turn|7\n|\n|t:|1700449363\n|move|p2b: Litten|Crunch|p1b: Totodile\n|-damage|p1b: Totodile|82\/100\n|move|p1a: Sprigatito|Acrobatics|p2a: Bulbasaur\n|-start|p1a: Sprigatito|typechange|Flying|[from] ability: Protean\n|-supereffective|p2a: Bulbasaur\n|-damage|p2a: Bulbasaur|16\/100\n|-damage|p1a: Sprigatito|68\/100|[from] item: Life Orb\n|move|p2a: Bulbasaur|Sludge Bomb|p1a: Sprigatito\n|-damage|p1a: Sprigatito|0 fnt\n|faint|p1a: Sprigatito\n|move|p1b: Totodile|Waterfall|p2b: Litten\n|-supereffective|p2b: Litten\n|-damage|p2b: Litten|0 fnt\n|faint|p2b: Litten\n|\n|upkeep\n|\n|t:|1700449381\n|switch|p2b: Riolu|Riolu, F, shiny|100\/100\n|switch|p1a: Scorbunny|Scorbunny, F|71\/100\n|turn|8\n|\n|t:|1700449406\n|-terastallize|p1b: Totodile|Dragon\n|move|p2b: Riolu|Sunny Day|p2b: Riolu\n|-weather|SunnyDay\n|move|p2a: Bulbasaur|Giga Drain|p1b: Totodile\n|-resisted|p1b: Totodile\n|-damage|p1b: Totodile|70\/100\n|-heal|p2a: Bulbasaur|22\/100|[from] drain|[of] p1b: Totodile\n|move|p1a: Scorbunny|Flare Blitz|p2b: Riolu\n|-damage|p2b: Riolu|0 fnt\n|faint|p2b: Riolu\n|-damage|p1a: Scorbunny|41\/100|[from] Recoil\n|-damage|p1a: Scorbunny|31\/100|[from] item: Life Orb\n|move|p1b: Totodile|Ice Punch|p2a: Bulbasaur\n|-supereffective|p2a: Bulbasaur\n|-damage|p2a: Bulbasaur|0 fnt\n|faint|p2a: Bulbasaur\n|\n|-weather|SunnyDay|[upkeep]\n|upkeep\n|\n|t:|1700449426\n|switch|p2b: Larvitar|Larvitar, M, shiny|100\/100\n|switch|p2a: Charmander|Charmander, F, shiny|100\/100\n|turn|9\n|j| buenocomoeloro\n|\n|t:|1700449499\n|move|p2a: Charmander|Dragon Pulse|p1a: Scorbunny\n|-damage|p1a: Scorbunny|0 fnt\n|faint|p1a: Scorbunny\n|move|p2b: Larvitar|Dragon Dance|p2b: Larvitar\n|-boost|p2b: Larvitar|atk|1\n|-boost|p2b: Larvitar|spe|1\n|move|p1b: Totodile|Waterfall|p2b: Larvitar\n|-supereffective|p2b: Larvitar\n|-damage|p2b: Larvitar|0 fnt\n|faint|p2b: Larvitar\n|\n|-weather|SunnyDay|[upkeep]\n|upkeep\n|turn|10\n|\n|t:|1700449512\n|move|p2a: Charmander|Dragon Pulse|p1b: Totodile\n|-supereffective|p1b: Totodile\n|-damage|p1b: Totodile|13\/100\n|move|p1b: Totodile|Waterfall|p2a: Charmander\n|-supereffective|p2a: Charmander\n|-damage|p2a: Charmander|12\/100\n|\n|-weather|SunnyDay|[upkeep]\n|upkeep\n|turn|11\n|c|\u2606PanduxD|gg xd\n|\n|t:|1700449533\n|move|p2a: Charmander|Dragon Pulse|p1b: Totodile\n|-supereffective|p1b: Totodile\n|-damage|p1b: Totodile|0 fnt\n|faint|p1b: Totodile\n|\n|win|Roy Kasoy\n","uploadtime":1700449539,"views":1,"p1id":"panduxd","p2id":"roykasoy","formatid":"gen9nationaldexdoubles","rating":0,"private":0,"password":""}