{"id":"gen9nationaldexdoubles-1959404134","p1":"dippdamacy","p2":"kpoc12","format":"[Gen 9] National Dex Doubles","log":"|j|\u2606dippdamacy\n|j|\u2606kpoc12\n|t:|1696425438\n|gametype|doubles\n|player|p1|dippdamacy|265|\n|player|p2|kpoc12|raihan|\n|teamsize|p1|6\n|teamsize|p2|6\n|gen|9\n|tier|[Gen 9] National Dex Doubles\n|rule|HP Percentage Mod: HP is shown in percentages\n|rule|Endless Battle Clause: Forcing endless battles is banned\n|rule|OHKO Clause: OHKO moves are banned\n|rule|Evasion Moves Clause: Evasion moves are banned\n|rule|Evasion Abilities Clause: Evasion abilities are banned\n|rule|Species Clause: Limit one of each Pok\u00e9mon\n|rule|Gravity Sleep Clause: The combination of sleep-inducing moves with imperfect accuracy and Gravity or Gigantamax Orbeetle are banned\n|clearpoke\n|poke|p1|Magneton|\n|poke|p1|Rotom-Wash|\n|poke|p1|Metagross|\n|poke|p1|Beheeyem, M|\n|poke|p1|Magnezone|\n|poke|p1|Klinklang|\n|poke|p2|Cofagrigus, M|\n|poke|p2|Bouffalant, F|\n|poke|p2|Seismitoad, F|\n|poke|p2|Bisharp, M|\n|poke|p2|Eelektross, M|\n|poke|p2|Hydreigon, M|\n|teampreview\n|j| cassinidivision\n|c| cassinidivision|raihan again............\n|c|\u2606kpoc12|rahag\n|c|\u2606kpoc12|:>\n|\n|t:|1696425507\n|start\n|switch|p1a: Magneton|Magneton, shiny|100\/100\n|switch|p1b: Beheeyem|Beheeyem, M|100\/100\n|switch|p2a: Seismitoad|Seismitoad, F|100\/100\n|switch|p2b: Eelektross|Eelektross, M|100\/100\n|turn|1\n|\n|t:|1696425549\n|move|p2a: Seismitoad|Rain Dance|p2a: Seismitoad\n|-weather|RainDance\n|move|p1a: Magneton|Volt Switch|p2b: Eelektross\n|-resisted|p2b: Eelektross\n|-damage|p2b: Eelektross|78\/100\n|\n|t:|1696425557\n|switch|p1a: Metagross|Metagross|100\/100|[from] Volt Switch\n|move|p2b: Eelektross|Wild Charge|p1b: Beheeyem\n|-damage|p1b: Beheeyem|62\/100\n|-damage|p2b: Eelektross|69\/100|[from] Recoil\n|move|p1b: Beheeyem|Calm Mind|p1b: Beheeyem\n|-boost|p1b: Beheeyem|spa|1\n|-boost|p1b: Beheeyem|spd|1\n|\n|-weather|RainDance|[upkeep]\n|-heal|p1b: Beheeyem|68\/100|[from] item: Leftovers\n|upkeep\n|turn|2\n|\n|t:|1696425598\n|move|p2a: Seismitoad|Earthquake|p1b: Beheeyem|[spread] p1a,p1b\n|-immune|p2b: Eelektross|[from] ability: Levitate\n|-supereffective|p1a: Metagross\n|-damage|p1a: Metagross|60\/100\n|-damage|p1b: Beheeyem|49\/100\n|move|p1a: Metagross|Zen Headbutt|p2b: Eelektross\n|-damage|p2b: Eelektross|8\/100\n|move|p2b: Eelektross|Flamethrower|p1b: Beheeyem\n|-damage|p1b: Beheeyem|42\/100\n|move|p1b: Beheeyem|Energy Ball|p2a: Seismitoad\n|-supereffective|p2a: Seismitoad\n|-damage|p2a: Seismitoad|0 fnt\n|faint|p2a: Seismitoad\n|\n|-weather|RainDance|[upkeep]\n|-heal|p1b: Beheeyem|48\/100|[from] item: Leftovers\n|upkeep\n|c|\u2606kpoc12|no burn cringe\n|\n|t:|1696425615\n|switch|p2a: Bisharp|Bisharp, M|100\/100\n|turn|3\n|\n|t:|1696425643\n|move|p2a: Bisharp|Knock Off|p1b: Beheeyem\n|-supereffective|p1b: Beheeyem\n|-damage|p1b: Beheeyem|0 fnt\n|-enditem|p1b: Beheeyem|Leftovers|[from] move: Knock Off|[of] p2a: Bisharp\n|faint|p1b: Beheeyem\n|move|p1a: Metagross|Rock Slide|p2b: Eelektross|[spread] p2a,p2b\n|-resisted|p2a: Bisharp\n|-damage|p2a: Bisharp|85\/100\n|-damage|p2b: Eelektross|0 fnt\n|faint|p2b: Eelektross\n|\n|-weather|RainDance|[upkeep]\n|upkeep\n|\n|t:|1696425692\n|switch|p2b: Hydreigon|Hydreigon, M|100\/100\n|switch|p1b: Rotom|Rotom-Wash|100\/100\n|turn|4\n|c|\u2606dippdamacy|ITS LETTING ME TYPE NOW\n|c|\u2606dippdamacy|HIII\n|c| cassinidivision|WAHOOOOOOOOO\n|c|\u2606kpoc12|HIII\n|c|\u2606kpoc12|:)\n|\n|t:|1696425752\n|move|p2b: Hydreigon|Dragon Pulse|p1b: Rotom\n|-damage|p1b: Rotom|36\/100\n|-damage|p2b: Hydreigon|91\/100|[from] item: Life Orb\n|move|p1b: Rotom|Will-O-Wisp|p2a: Bisharp\n|-status|p2a: Bisharp|brn\n|move|p2a: Bisharp|Knock Off|p1a: Metagross\n|-supereffective|p1a: Metagross\n|-damage|p1a: Metagross|12\/100\n|-enditem|p1a: Metagross|Muscle Band|[from] move: Knock Off|[of] p2a: Bisharp\n|move|p1a: Metagross|Rock Slide|p2b: Hydreigon|[spread] p2b\n|-miss|p1a: Metagross|p2a: Bisharp\n|-damage|p2b: Hydreigon|60\/100\n|\n|-weather|RainDance|[upkeep]\n|-damage|p2a: Bisharp|79\/100 brn|[from] brn\n|upkeep\n|turn|5\n|c|\u2606dippdamacy|YEAH IT SENT OUT METAGROSS INSTEAD OF ROTOM- ITS SO SCUFFED ON MY IPAD\n|c|\u2606kpoc12|LORD\n|\n|t:|1696425783\n|move|p2b: Hydreigon|Dragon Pulse|p1b: Rotom\n|-damage|p1b: Rotom|0 fnt\n|faint|p1b: Rotom\n|-damage|p2b: Hydreigon|50\/100|[from] item: Life Orb\n|move|p2a: Bisharp|Knock Off|p1a: Metagross\n|-supereffective|p1a: Metagross\n|-damage|p1a: Metagross|0 fnt\n|faint|p1a: Metagross\n|\n|-weather|none\n|-damage|p2a: Bisharp|73\/100 brn|[from] brn\n|upkeep\n|c|\u2606dippdamacy|not counting this battle \/silly\n|c|\u2606kpoc12|HHFHG\n|\n|t:|1696425799\n|switch|p1b: Magnezone|Magnezone|100\/100\n|switch|p1a: Magneton|Magneton, shiny|100\/100\n|turn|6\n|\n|t:|1696425845\n|move|p2b: Hydreigon|Fire Blast|p1b: Magnezone\n|-supereffective|p1b: Magnezone\n|-ability|p1b: Magnezone|Sturdy\n|-damage|p1b: Magnezone|1\/100\n|-damage|p2b: Hydreigon|40\/100|[from] item: Life Orb\n|move|p2a: Bisharp|Knock Off|p1a: Magneton\n|-damage|p1a: Magneton|81\/100\n|-enditem|p1a: Magneton|Eviolite|[from] move: Knock Off|[of] p2a: Bisharp\n|move|p1a: Magneton|Volt Switch|p2a: Bisharp\n|-damage|p2a: Bisharp|13\/100 brn\n|\n|t:|1696425858\n|switch|p1a: Klinklang|Klinklang|100\/100|[from] Volt Switch\n|-item|p1a: Klinklang|Air Balloon\n|move|p1b: Magnezone|Flash Cannon|p2b: Hydreigon\n|-damage|p2b: Hydreigon|0 fnt\n|faint|p2b: Hydreigon\n|\n|-damage|p2a: Bisharp|7\/100 brn|[from] brn\n|upkeep\n|\n|t:|1696425869\n|switch|p2b: Bouffalant|Bouffalant, F|100\/100\n|turn|7\n|\n|t:|1696425917\n|move|p1a: Klinklang|Shift Gear|p1a: Klinklang\n|-boost|p1a: Klinklang|spe|2\n|-boost|p1a: Klinklang|atk|1\n|move|p2a: Bisharp|Knock Off|p1a: Klinklang\n|-damage|p1a: Klinklang|71\/100\n|-enditem|p1a: Klinklang|Air Balloon\n|move|p1b: Magnezone|Flash Cannon|p2a: Bisharp\n|-resisted|p2a: Bisharp\n|-damage|p2a: Bisharp|0 fnt\n|faint|p2a: Bisharp\n|move|p2b: Bouffalant|Earthquake|p1b: Magnezone|[spread] p1a,p1b\n|-supereffective|p1a: Klinklang\n|-supereffective|p1b: Magnezone\n|-damage|p1a: Klinklang|8\/100\n|-damage|p1b: Magnezone|0 fnt\n|faint|p1b: Magnezone\n|\n|upkeep\n|c|\u2606dippdamacy|ohhh deary me\n|\n|t:|1696425937\n|switch|p2a: Cofagrigus|Cofagrigus, M|100\/100\n|switch|p1b: Magneton|Magneton, shiny|81\/100\n|turn|8\n|\n|t:|1696425989\n|-terastallize|p1a: Klinklang|Steel\n|move|p1a: Klinklang|Gear Grind|p2b: Bouffalant\n|-damage|p2b: Bouffalant|60\/100\n|-damage|p2b: Bouffalant|20\/100\n|-hitcount|p2b: Bouffalant|2\n|move|p1b: Magneton|Flash Cannon|p2b: Bouffalant\n|-damage|p2b: Bouffalant|0 fnt\n|faint|p2b: Bouffalant\n|move|p2a: Cofagrigus|Shadow Ball|p1b: Magneton\n|-damage|p1b: Magneton|21\/100\n|-unboost|p1b: Magneton|spd|1\n|\n|upkeep\n|turn|9\n|\n|t:|1696426007\n|move|p1a: Klinklang|Gear Grind|p2a: Cofagrigus\n|-damage|p2a: Cofagrigus|61\/100\n|-activate|p2a: Cofagrigus|ability: Mummy|Plus|[of] p1a: Klinklang\n|-damage|p2a: Cofagrigus|26\/100\n|-hitcount|p2a: Cofagrigus|2\n|move|p1b: Magneton|Flash Cannon|p2a: Cofagrigus\n|-damage|p2a: Cofagrigus|0 fnt\n|faint|p2a: Cofagrigus\n|\n|win|dippdamacy\n|c|\u2606dippdamacy|gg\n|c|\u2606kpoc12|gg\n|c|\u2606kpoc12|need to get my characters tera orbs\n|c| cassinidivision|ooo\n|c| cassinidivision|i need to get lottie one bad\n|c|\u2606dippdamacy|ghetsis terror orb [horrified face]\n|c|\u2606kpoc12|TERROR ORB SHFH\n|c|\u2606dippdamacy|can you put the battle replay in coz it\u2019ll take me ages with my 1 bar of 4g\n|c| cassinidivision|i can\n|c| cassinidivision|if neede\n|c| cassinidivision|d\n","uploadtime":1696426088,"views":11,"p1id":"dippdamacy","p2id":"kpoc12","formatid":"gen9nationaldexdoubles","rating":0,"private":0,"password":""}