{"id":"gen9nationaldexdoubles-1951691210","p1":"Thrshthrsh","p2":"El Ryuk456","format":"[Gen 9] National Dex Doubles","log":"|j|\u2606Thrshthrsh\n|j|\u2606El Ryuk456\n|t:|1695607153\n|gametype|doubles\n|player|p1|Thrshthrsh|bellelba|1207\n|player|p2|El Ryuk456|blaine|1301\n|teamsize|p1|6\n|teamsize|p2|6\n|gen|9\n|tier|[Gen 9] National Dex Doubles\n|rated|\n|rule|HP Percentage Mod: HP is shown in percentages\n|rule|Endless Battle Clause: Forcing endless battles is banned\n|rule|OHKO Clause: OHKO moves are banned\n|rule|Evasion Moves Clause: Evasion moves are banned\n|rule|Evasion Abilities Clause: Evasion abilities are banned\n|rule|Species Clause: Limit one of each Pok\u00e9mon\n|rule|Gravity Sleep Clause: The combination of sleep-inducing moves with imperfect accuracy and Gravity or Gigantamax Orbeetle are banned\n|clearpoke\n|poke|p1|Golem-Alola, F|\n|poke|p1|Ribombee, M|\n|poke|p1|Regidrago|\n|poke|p1|Tornadus, M|\n|poke|p1|Sneasler, F|\n|poke|p1|Kingambit, F|\n|poke|p2|Lucario, M|\n|poke|p2|Whimsicott, F|\n|poke|p2|Ninetales, F|\n|poke|p2|Blastoise, M|\n|poke|p2|Excadrill, M|\n|poke|p2|Roserade, F|\n|teampreview\n|\n|t:|1695607164\n|start\n|switch|p1a: Friendly Pitbull|Regidrago, shiny|100\/100\n|switch|p1b: Tornadus|Tornadus, M, shiny|100\/100\n|switch|p2a: Harbor|Blastoise, M|100\/100\n|switch|p2b: Corruption|Ninetales, F, shiny|100\/100\n|-weather|SunnyDay|[from] ability: Drought|[of] p2b: Corruption\n|turn|1\n|\n|t:|1695607172\n|move|p2a: Harbor|Fake Out|p1a: Friendly Pitbull\n|-damage|p1a: Friendly Pitbull|93\/100\n|move|p1b: Tornadus|Tailwind|p1b: Tornadus\n|-sidestart|p1: Thrshthrsh|move: Tailwind\n|cant|p1a: Friendly Pitbull|flinch\n|move|p2b: Corruption|Heat Wave|p1b: Tornadus|[spread] p1a,p1b\n|-resisted|p1a: Friendly Pitbull\n|-damage|p1a: Friendly Pitbull|75\/100\n|-damage|p1b: Tornadus|64\/100\n|\n|-weather|SunnyDay|[upkeep]\n|upkeep\n|turn|2\n|inactive|Battle timer is ON: inactive players will automatically lose when time's up. (requested by El Ryuk456)\n|\n|t:|1695607200\n|move|p2b: Corruption|Protect|p2b: Corruption\n|-singleturn|p2b: Corruption|Protect\n|move|p1b: Tornadus|Substitute|p1b: Tornadus\n|-start|p1b: Tornadus|Substitute\n|-damage|p1b: Tornadus|39\/100\n|move|p1a: Friendly Pitbull|Dragon Energy|p2b: Corruption|[spread] p2a\n|-activate|p2b: Corruption|move: Protect\n|-damage|p2a: Harbor|56\/100\n|move|p2a: Harbor|Icy Wind|p1b: Tornadus|[spread] p1a,p1b\n|-supereffective|p1b: Tornadus\n|-activate|p1b: Tornadus|move: Substitute|[damage]\n|-supereffective|p1a: Friendly Pitbull\n|-damage|p1a: Friendly Pitbull|58\/100\n|-unboost|p1a: Friendly Pitbull|spe|1\n|\n|-weather|SunnyDay|[upkeep]\n|-heal|p2a: Harbor|62\/100|[from] item: Leftovers\n|upkeep\n|turn|3\n|\n|t:|1695607218\n|move|p2a: Harbor|Protect|p2a: Harbor\n|-singleturn|p2a: Harbor|Protect\n|move|p1b: Tornadus|Sludge Wave|p2a: Harbor|[spread] p1a,p2b\n|-activate|p2a: Harbor|move: Protect\n|-damage|p1a: Friendly Pitbull|21\/100\n|-damage|p2b: Corruption|73\/100\n|-damage|p1b: Tornadus|29\/100|[from] item: Life Orb\n|move|p1a: Friendly Pitbull|Draco Meteor|p2b: Corruption\n|-damage|p2b: Corruption|0 fnt\n|-unboost|p1a: Friendly Pitbull|spa|2\n|faint|p2b: Corruption\n|\n|-weather|SunnyDay|[upkeep]\n|-heal|p2a: Harbor|68\/100|[from] item: Leftovers\n|upkeep\n|inactive|El Ryuk456 has 120 seconds left.\n|\n|t:|1695607238\n|switch|p2b: Speckles|Excadrill, M|100\/100\n|-ability|p2b: Speckles|Mold Breaker\n|turn|4\n|\n|t:|1695607256\n|move|p2b: Speckles|Protect|p2b: Speckles\n|-singleturn|p2b: Speckles|Protect\n|move|p1b: Tornadus|Bleakwind Storm|p2b: Speckles|[spread] p2a\n|-activate|p2b: Speckles|move: Protect\n|-damage|p2a: Harbor|30\/100\n|-damage|p1b: Tornadus|19\/100|[from] item: Life Orb\n|move|p1a: Friendly Pitbull|Explosion|p2a: Harbor|[spread] p1b,p2a\n|-activate|p2b: Speckles|move: Protect\n|-end|p1b: Tornadus|Substitute\n|-damage|p2a: Harbor|0 fnt\n|faint|p1a: Friendly Pitbull\n|faint|p2a: Harbor\n|\n|-weather|SunnyDay|[upkeep]\n|-sideend|p1: Thrshthrsh|move: Tailwind\n|upkeep\n|\n|t:|1695607276\n|switch|p1a: Feed and Sneas|Sneasler, F|100\/100\n|switch|p2a: Beso de Mosa|Whimsicott, F, shiny|100\/100\n|turn|5\n|j| S1r.sweepsaLot\n|l| S1r.sweepsaLot\n|\n|t:|1695607298\n|move|p1a: Feed and Sneas|Fake Out|p2b: Speckles\n|-resisted|p2b: Speckles\n|-damage|p2b: Speckles|91\/100\n|move|p2a: Beso de Mosa|Tailwind|p2a: Beso de Mosa\n|-sidestart|p2: El Ryuk456|move: Tailwind\n|move|p1b: Tornadus|Tailwind|p1b: Tornadus\n|-sidestart|p1: Thrshthrsh|move: Tailwind\n|cant|p2b: Speckles|flinch\n|\n|-weather|none\n|upkeep\n|turn|6\n|j| S1r.sweepsaLot\n|\n|t:|1695607332\n|move|p2b: Speckles|Protect|p2b: Speckles\n|-singleturn|p2b: Speckles|Protect\n|move|p1a: Feed and Sneas|Close Combat|p2b: Speckles\n|-activate|p2b: Speckles|move: Protect\n|move|p2a: Beso de Mosa|Moonblast|p1a: Feed and Sneas\n|-damage|p1a: Feed and Sneas|48\/100\n|move|p1b: Tornadus|Sludge Wave|p2b: Speckles|[spread] p1a,p2a\n|-activate|p2b: Speckles|move: Protect\n|-resisted|p1a: Feed and Sneas\n|-supereffective|p2a: Beso de Mosa\n|-damage|p1a: Feed and Sneas|28\/100\n|-enditem|p2a: Beso de Mosa|Focus Sash\n|-damage|p2a: Beso de Mosa|1\/100\n|-damage|p1b: Tornadus|10\/100|[from] item: Life Orb\n|\n|upkeep\n|turn|7\n|c|\u2606Thrshthrsh|You really like this move huh\n|\n|t:|1695607351\n|switch|p2b: Rosetta|Roserade, F|100\/100\n|move|p1a: Feed and Sneas|Close Combat|p2b: Rosetta\n|-resisted|p2b: Rosetta\n|-damage|p2b: Rosetta|47\/100\n|-unboost|p1a: Feed and Sneas|def|1\n|-unboost|p1a: Feed and Sneas|spd|1\n|move|p2a: Beso de Mosa|Moonblast|p1b: Tornadus\n|-damage|p1b: Tornadus|0 fnt\n|faint|p1b: Tornadus\n|\n|upkeep\n|\n|t:|1695607360\n|switch|p1b: Mightiest Fly|Ribombee, M, shiny|100\/100\n|turn|8\n|inactive|Thrshthrsh has 120 seconds left.\n|\n|t:|1695607407\n|move|p1b: Mightiest Fly|Reflect|p1b: Mightiest Fly\n|-sidestart|p1: Thrshthrsh|Reflect\n|move|p1a: Feed and Sneas|Dire Claw|p2b: Rosetta\n|-damage|p2b: Rosetta|0 fnt\n|faint|p2b: Rosetta\n|move|p2a: Beso de Mosa|Moonblast|p1a: Feed and Sneas\n|-damage|p1a: Feed and Sneas|0 fnt\n|faint|p1a: Feed and Sneas\n|\n|-sideend|p2: El Ryuk456|move: Tailwind\n|-sideend|p1: Thrshthrsh|move: Tailwind\n|upkeep\n|\n|t:|1695607423\n|switch|p1a: Friend :)|Golem-Alola, F|100\/100\n|switch|p2b: Speckles|Excadrill, M|91\/100\n|-ability|p2b: Speckles|Mold Breaker\n|turn|9\n|\n|t:|1695607433\n|switch|p1b: Le Final Boss|Kingambit, F|100\/100\n|-activate|p1b: Le Final Boss|ability: Supreme Overlord\n|-start|p1b: Le Final Boss|fallen3|[silent]\n|move|p2a: Beso de Mosa|Tailwind|p2a: Beso de Mosa\n|-sidestart|p2: El Ryuk456|move: Tailwind\n|-zpower|p2b: Speckles\n|move|p2b: Speckles|Tectonic Rage|p1a: Friend :)|[zeffect]\n|-supereffective|p1a: Friend :)\n|-damage|p1a: Friend :)|0 fnt\n|faint|p1a: Friend :)\n|\n|upkeep\n|\n|t:|1695607440\n|switch|p1a: Mightiest Fly|Ribombee, M, shiny|100\/100\n|turn|10\n|\n|t:|1695607469\n|-terastallize|p1b: Le Final Boss|Fairy\n|move|p2b: Speckles|Protect|p2b: Speckles\n|-singleturn|p2b: Speckles|Protect\n|move|p2a: Beso de Mosa|Moonblast|p1a: Mightiest Fly\n|-damage|p1a: Mightiest Fly|55\/100\n|move|p1a: Mightiest Fly|Light Screen|p1a: Mightiest Fly\n|-sidestart|p1: Thrshthrsh|move: Light Screen\n|move|p1b: Le Final Boss|Knock Off|p2a: Beso de Mosa\n|-resisted|p2a: Beso de Mosa\n|-damage|p2a: Beso de Mosa|0 fnt\n|faint|p2a: Beso de Mosa\n|\n|upkeep\n|\n|t:|1695607480\n|switch|p2a: Champ|Lucario, M|100\/100\n|turn|11\n|\n|t:|1695607507\n|detailschange|p2a: Champ|Lucario-Mega, M\n|-mega|p2a: Champ|Lucario|Lucarionite\n|move|p2a: Champ|Bullet Punch|p1a: Mightiest Fly\n|-supereffective|p1a: Mightiest Fly\n|-damage|p1a: Mightiest Fly|0 fnt\n|faint|p1a: Mightiest Fly\n|move|p2b: Speckles|Iron Head|p1b: Le Final Boss\n|-supereffective|p1b: Le Final Boss\n|-damage|p1b: Le Final Boss|58\/100\n|move|p1b: Le Final Boss|Knock Off|p2b: Speckles\n|-damage|p2b: Speckles|27\/100\n|\n|upkeep\n|turn|12\n|\n|t:|1695607523\n|move|p2a: Champ|Bullet Punch|p1b: Le Final Boss\n|-supereffective|p1b: Le Final Boss\n|-damage|p1b: Le Final Boss|27\/100\n|move|p1b: Le Final Boss|Sucker Punch||[still]\n|-fail|p1b: Le Final Boss\n|move|p2b: Speckles|Iron Head|p1b: Le Final Boss\n|-supereffective|p1b: Le Final Boss\n|-damage|p1b: Le Final Boss|0 fnt\n|faint|p1b: Le Final Boss\n|-end|p1b: Le Final Boss|fallen3|[silent]\n|\n|win|El Ryuk456\n|raw|Thrshthrsh's rating: 1207 &rarr; <strong>1189<\/strong><br \/>(-18 for losing)\n|raw|El Ryuk456's rating: 1301 &rarr; <strong>1316<\/strong><br \/>(+15 for winning)\n|c|\u2606Thrshthrsh|high up in the sky\n|l|\u2606Thrshthrsh\n|l| S1r.sweepsaLot\n","uploadtime":1695607553,"views":13,"p1id":"thrshthrsh","p2id":"elryuk456","formatid":"gen9nationaldexdoubles","rating":1189,"private":0,"password":""}