{"id":"gen9nationaldexdoubles-1977681012","p1":"zdgdfg dg","p2":"Akbar12","format":"[Gen 9] National Dex Doubles","log":"|j|\u2606zdgdfg dg\n|j|\u2606Akbar12\n|t:|1698438129\n|gametype|doubles\n|player|p1|zdgdfg dg|lucas|1000\n|player|p2|Akbar12|101|1076\n|teamsize|p1|6\n|teamsize|p2|6\n|gen|9\n|tier|[Gen 9] National Dex Doubles\n|rated|\n|rule|HP Percentage Mod: HP is shown in percentages\n|rule|Endless Battle Clause: Forcing endless battles is banned\n|rule|OHKO Clause: OHKO moves are banned\n|rule|Evasion Moves Clause: Evasion moves are banned\n|rule|Evasion Abilities Clause: Evasion abilities are banned\n|rule|Species Clause: Limit one of each Pok\u00e9mon\n|rule|Gravity Sleep Clause: The combination of sleep-inducing moves with imperfect accuracy and Gravity or Gigantamax Orbeetle are banned\n|clearpoke\n|poke|p1|Indeedee-F, F|\n|poke|p1|Oranguru, M|\n|poke|p1|Glastrier|\n|poke|p1|Hoopa-Unbound|\n|poke|p1|Ursaluna, F|\n|poke|p1|Zygarde|\n|poke|p2|Weezing-Galar, M|\n|poke|p2|Sinistcha|\n|poke|p2|Rabsca, M|\n|poke|p2|Torkoal, F|\n|poke|p2|Hatterene, F|\n|poke|p2|Exeggutor-Alola, F|\n|teampreview\n|\n|t:|1698438142\n|start\n|switch|p1a: Hoopa|Hoopa-Unbound|100\/100\n|switch|p1b: Zygarde|Zygarde|100\/100\n|switch|p2a: Rabsca|Rabsca, M|100\/100\n|switch|p2b: Hatterene|Hatterene, F|100\/100\n|-ability|p1b: Zygarde|Aura Break\n|turn|1\n|\n|t:|1698438175\n|move|p1b: Zygarde|Thousand Arrows|p2b: Hatterene|[spread] p2a,p2b\n|-resisted|p2a: Rabsca\n|-damage|p2a: Rabsca|91\/100\n|-damage|p2b: Hatterene|75\/100\n|move|p1a: Hoopa|Shadow Ball|p2b: Hatterene\n|-supereffective|p2b: Hatterene\n|-damage|p2b: Hatterene|0 fnt\n|faint|p2b: Hatterene\n|move|p2a: Rabsca|Cosmic Power|p2a: Rabsca\n|-boost|p2a: Rabsca|def|1\n|-boost|p2a: Rabsca|spd|1\n|\n|upkeep\n|inactive|Battle timer is ON: inactive players will automatically lose when time's up. (requested by zdgdfg dg)\n|\n|t:|1698438198\n|switch|p2b: Sinistcha|Sinistcha|100\/100\n|-heal|p2a: Rabsca|100\/100|[from] ability: Hospitality|[of] p2b: Sinistcha\n|turn|2\n|inactive|zdgdfg dg has 120 seconds left.\n|\n|t:|1698438243\n|move|p2b: Sinistcha|Rage Powder|p2b: Sinistcha\n|-singleturn|p2b: Sinistcha|move: Rage Powder\n|move|p1b: Zygarde|Crunch|p2b: Sinistcha\n|-supereffective|p2b: Sinistcha\n|-damage|p2b: Sinistcha|77\/100\n|-damage|p1b: Zygarde|84\/100|[from] item: Rocky Helmet|[of] p2b: Sinistcha\n|move|p1a: Hoopa|Dark Pulse|p2b: Sinistcha\n|-supereffective|p2b: Sinistcha\n|-damage|p2b: Sinistcha|0 fnt\n|faint|p2b: Sinistcha\n|move|p2a: Rabsca|Trick Room|p2a: Rabsca\n|-fieldstart|move: Trick Room|[of] p2a: Rabsca\n|-enditem|p1b: Zygarde|Room Service\n|-unboost|p1b: Zygarde|spe|1|[from] item: Room Service\n|-enditem|p1a: Hoopa|Room Service\n|-unboost|p1a: Hoopa|spe|1|[from] item: Room Service\n|\n|upkeep\n|inactive|Akbar12 has 120 seconds left.\n|\n|t:|1698438282\n|switch|p2b: Weezing|Weezing-Galar, M|100\/100\n|-fieldstart|move: Misty Terrain|[from] ability: Misty Surge|[of] p2b: Weezing\n|turn|3\n|\n|t:|1698438299\n|move|p2a: Rabsca|Cosmic Power|p2a: Rabsca\n|-boost|p2a: Rabsca|def|1\n|-boost|p2a: Rabsca|spd|1\n|move|p1a: Hoopa|Psyshock|p2b: Weezing\n|-supereffective|p2b: Weezing\n|-damage|p2b: Weezing|0 fnt\n|faint|p2b: Weezing\n|move|p1b: Zygarde|Thousand Arrows|p2a: Rabsca\n|-resisted|p2a: Rabsca\n|-damage|p2a: Rabsca|94\/100\n|\n|upkeep\n|inactive|Akbar12 has 120 seconds left.\n|\n|t:|1698438316\n|switch|p2b: Torkoal|Torkoal, F|100\/100\n|-weather|SunnyDay|[from] ability: Drought|[of] p2b: Torkoal\n|turn|4\n|\n|t:|1698438323\n|move|p2b: Torkoal|Flare Blitz|p1a: Hoopa\n|-damage|p1a: Hoopa|0 fnt\n|faint|p1a: Hoopa\n|-damage|p2b: Torkoal|66\/100|[from] Recoil\n|move|p2a: Rabsca|Cosmic Power|p2a: Rabsca\n|-boost|p2a: Rabsca|def|1\n|-boost|p2a: Rabsca|spd|1\n|move|p1b: Zygarde|Thousand Arrows|p2b: Torkoal|[spread] p2a,p2b\n|-resisted|p2a: Rabsca\n|-supereffective|p2b: Torkoal\n|-damage|p2a: Rabsca|91\/100\n|-damage|p2b: Torkoal|32\/100\n|\n|-weather|SunnyDay|[upkeep]\n|upkeep\n|\n|t:|1698438339\n|switch|p1a: Indeedee|Indeedee-F, F|100\/100\n|-fieldstart|move: Psychic Terrain|[from] ability: Psychic Surge|[of] p1a: Indeedee\n|turn|5\n|\n|t:|1698438359\n|move|p1a: Indeedee|Follow Me|p1a: Indeedee\n|-singleturn|p1a: Indeedee|move: Follow Me\n|move|p2b: Torkoal|Explosion|p1a: Indeedee|[spread] p1a,p1b\n|-activate|p2a: Rabsca|ability: Telepathy\n|-damage|p1a: Indeedee|50\/100\n|-damage|p1b: Zygarde|46\/100\n|faint|p2b: Torkoal\n|move|p2a: Rabsca|Revival Blessing|p2a: Rabsca\n|-enditem|p2a: Rabsca|Leppa Berry|[eat]\n|-activate|p2a: Rabsca|item: Leppa Berry|Revival Blessing|[consumed]\n|\n|t:|1698438377\n|-heal|p2: Hatterene|50\/100|[from] move: Revival Blessing\n|move|p1b: Zygarde|Coil|p1b: Zygarde\n|-boost|p1b: Zygarde|atk|1\n|-boost|p1b: Zygarde|def|1\n|-boost|p1b: Zygarde|accuracy|1\n|\n|-weather|SunnyDay|[upkeep]\n|upkeep\n|inactive|Akbar12 has 120 seconds left.\n|\n|t:|1698438387\n|switch|p2b: Hatterene|Hatterene, F|50\/100\n|turn|6\n|\n|t:|1698438407\n|-terastallize|p1b: Zygarde|Steel\n|move|p1a: Indeedee|Follow Me|p1a: Indeedee\n|-singleturn|p1a: Indeedee|move: Follow Me\n|move|p2b: Hatterene|Aromatic Mist|p2a: Rabsca\n|-boost|p2a: Rabsca|spd|1\n|move|p2a: Rabsca|Cosmic Power|p2a: Rabsca\n|-boost|p2a: Rabsca|def|1\n|-boost|p2a: Rabsca|spd|1\n|move|p1b: Zygarde|Thousand Arrows|p2b: Hatterene|[spread] p2a,p2b\n|-resisted|p2a: Rabsca\n|-damage|p2a: Rabsca|86\/100\n|-damage|p2b: Hatterene|10\/100\n|\n|-weather|SunnyDay|[upkeep]\n|-fieldend|move: Trick Room\n|upkeep\n|turn|7\n|inactive|Akbar12 has 120 seconds left.\n|\n|t:|1698438461\n|move|p1a: Indeedee|Heal Pulse|p1b: Zygarde\n|-heal|p1b: Zygarde|96\/100\n|move|p1b: Zygarde|Thousand Arrows|p2b: Hatterene|[spread] p2a,p2b\n|-resisted|p2a: Rabsca\n|-damage|p2a: Rabsca|81\/100\n|-damage|p2b: Hatterene|0 fnt\n|faint|p2b: Hatterene\n|move|p2a: Rabsca|Trick Room|p2a: Rabsca\n|-fieldstart|move: Trick Room|[of] p2a: Rabsca\n|\n|-weather|SunnyDay|[upkeep]\n|upkeep\n|\n|t:|1698438471\n|switch|p2b: Exeggutor|Exeggutor-Alola, F|100\/100\n|turn|8\n|\n|t:|1698438492\n|move|p1a: Indeedee|Follow Me|p1a: Indeedee\n|-singleturn|p1a: Indeedee|move: Follow Me\n|move|p2b: Exeggutor|Skill Swap|p1a: Indeedee\n|-activate|p2b: Exeggutor|move: Skill Swap|Psychic Surge|Harvest|[of] p1a: Indeedee\n|move|p2a: Rabsca|Cosmic Power|p2a: Rabsca\n|-boost|p2a: Rabsca|def|1\n|-boost|p2a: Rabsca|spd|1\n|move|p1b: Zygarde|Coil|p1b: Zygarde\n|-boost|p1b: Zygarde|atk|1\n|-boost|p1b: Zygarde|def|1\n|-boost|p1b: Zygarde|accuracy|1\n|\n|-weather|SunnyDay|[upkeep]\n|upkeep\n|turn|9\n|inactive|Akbar12 has 120 seconds left.\n|inactive|zdgdfg dg has 120 seconds left.\n|\n|t:|1698438535\n|move|p1a: Indeedee|Follow Me|p1a: Indeedee\n|-singleturn|p1a: Indeedee|move: Follow Me\n|move|p2a: Rabsca|Cosmic Power|p2a: Rabsca\n|-boost|p2a: Rabsca|def|1\n|-boost|p2a: Rabsca|spd|0\n|move|p2b: Exeggutor|Skill Swap|p1a: Indeedee\n|-activate|p2b: Exeggutor|move: Skill Swap|Harvest|Psychic Surge|[of] p1a: Indeedee\n|move|p1b: Zygarde|Coil|p1b: Zygarde\n|-boost|p1b: Zygarde|atk|1\n|-boost|p1b: Zygarde|def|1\n|-boost|p1b: Zygarde|accuracy|1\n|\n|-weather|SunnyDay|[upkeep]\n|-fieldend|move: Psychic Terrain\n|upkeep\n|turn|10\n|inactive|zdgdfg dg has 120 seconds left.\n|inactive|Akbar12 has 120 seconds left.\n|\n|t:|1698438567\n|move|p1a: Indeedee|Follow Me|p1a: Indeedee\n|-singleturn|p1a: Indeedee|move: Follow Me\n|move|p2a: Rabsca|Recover|p2a: Rabsca\n|-heal|p2a: Rabsca|100\/100\n|move|p2b: Exeggutor|Light Screen|p2b: Exeggutor\n|-sidestart|p2: Akbar12|move: Light Screen\n|move|p1b: Zygarde|Coil|p1b: Zygarde\n|-boost|p1b: Zygarde|atk|1\n|-boost|p1b: Zygarde|def|1\n|-boost|p1b: Zygarde|accuracy|1\n|\n|-weather|SunnyDay|[upkeep]\n|upkeep\n|turn|11\n|inactive|Akbar12 has 120 seconds left.\n|\n|t:|1698438596\n|move|p1a: Indeedee|Follow Me|p1a: Indeedee\n|-singleturn|p1a: Indeedee|move: Follow Me\n|move|p2a: Rabsca|Cosmic Power|p2a: Rabsca\n|-boost|p2a: Rabsca|def|0\n|-boost|p2a: Rabsca|spd|0\n|move|p2b: Exeggutor|Light Screen||[still]\n|-fail|p2b: Exeggutor\n|move|p1b: Zygarde|Coil|p1b: Zygarde\n|-boost|p1b: Zygarde|atk|1\n|-boost|p1b: Zygarde|def|1\n|-boost|p1b: Zygarde|accuracy|1\n|\n|-weather|none\n|-fieldend|move: Trick Room\n|upkeep\n|turn|12\n|inactive|Akbar12 has 120 seconds left.\n|\n|t:|1698438612\n|move|p1a: Indeedee|Follow Me|p1a: Indeedee\n|-singleturn|p1a: Indeedee|move: Follow Me\n|move|p1b: Zygarde|Coil|p1b: Zygarde\n|-boost|p1b: Zygarde|atk|1\n|-boost|p1b: Zygarde|def|1\n|-boost|p1b: Zygarde|accuracy|1\n|move|p2b: Exeggutor|Reflect|p2b: Exeggutor\n|-sidestart|p2: Akbar12|Reflect\n|move|p2a: Rabsca|Trick Room|p2a: Rabsca\n|-fieldstart|move: Trick Room|[of] p2a: Rabsca\n|\n|upkeep\n|turn|13\n|inactive|Akbar12 has 120 seconds left.\n|\n|t:|1698438640\n|move|p1a: Indeedee|Follow Me|p1a: Indeedee\n|-singleturn|p1a: Indeedee|move: Follow Me\n|move|p2b: Exeggutor|Reflect||[still]\n|-fail|p2b: Exeggutor\n|move|p2a: Rabsca|Revival Blessing|p2a: Rabsca\n|\n|t:|1698438665\n|-heal|p2: Torkoal|50\/100|[from] move: Revival Blessing\n|move|p1b: Zygarde|Crunch|p2a: Rabsca\n|-supereffective|p2a: Rabsca\n|-damage|p2a: Rabsca|82\/100\n|\n|upkeep\n|turn|14\n|inactive|Akbar12 has 120 seconds left.\n|inactive|Akbar12 has 90 seconds left.\n|\n|t:|1698438708\n|switch|p2b: Torkoal|Torkoal, F|50\/100\n|-weather|SunnyDay|[from] ability: Drought|[of] p2b: Torkoal\n|move|p1a: Indeedee|Follow Me|p1a: Indeedee\n|-singleturn|p1a: Indeedee|move: Follow Me\n|move|p2a: Rabsca|Cosmic Power|p2a: Rabsca\n|-boost|p2a: Rabsca|def|0\n|-boost|p2a: Rabsca|spd|0\n|move|p1b: Zygarde|Thousand Arrows|p2b: Torkoal|[spread] p2a,p2b\n|-resisted|p2a: Rabsca\n|-supereffective|p2b: Torkoal\n|-damage|p2a: Rabsca|76\/100\n|-damage|p2b: Torkoal|0 fnt\n|faint|p2b: Torkoal\n|\n|-weather|SunnyDay|[upkeep]\n|upkeep\n|\n|t:|1698438724\n|switch|p2b: Exeggutor|Exeggutor-Alola, F|100\/100\n|turn|15\n|inactive|Akbar12 has 90 seconds left.\n|\n|t:|1698438736\n|move|p1a: Indeedee|Follow Me|p1a: Indeedee\n|-singleturn|p1a: Indeedee|move: Follow Me\n|move|p2b: Exeggutor|Light Screen||[still]\n|-fail|p2b: Exeggutor\n|move|p2a: Rabsca|Cosmic Power|p2a: Rabsca\n|-boost|p2a: Rabsca|def|0\n|-boost|p2a: Rabsca|spd|0\n|move|p1b: Zygarde|Crunch|p2a: Rabsca\n|-supereffective|p2a: Rabsca\n|-damage|p2a: Rabsca|56\/100\n|-unboost|p2a: Rabsca|def|1\n|\n|-weather|SunnyDay|[upkeep]\n|upkeep\n|turn|16\n|\n|t:|1698438757\n|move|p1a: Indeedee|Follow Me|p1a: Indeedee\n|-singleturn|p1a: Indeedee|move: Follow Me\n|move|p2b: Exeggutor|Reflect||[still]\n|-fail|p2b: Exeggutor\n|move|p2a: Rabsca|Cosmic Power|p2a: Rabsca\n|-boost|p2a: Rabsca|def|1\n|-boost|p2a: Rabsca|spd|0\n|move|p1b: Zygarde|Crunch|p2b: Exeggutor\n|-damage|p2b: Exeggutor|48\/100\n|-unboost|p2b: Exeggutor|def|1\n|\n|-weather|SunnyDay|[upkeep]\n|-fieldend|move: Trick Room\n|upkeep\n|turn|17\n|inactive|Akbar12 has 120 seconds left.\n|\n|t:|1698438781\n|move|p1a: Indeedee|Follow Me|p1a: Indeedee\n|-singleturn|p1a: Indeedee|move: Follow Me\n|move|p1b: Zygarde|Crunch|p2b: Exeggutor\n|-damage|p2b: Exeggutor|0 fnt\n|faint|p2b: Exeggutor\n|move|p2a: Rabsca|Recover|p2a: Rabsca\n|-heal|p2a: Rabsca|100\/100\n|\n|-weather|SunnyDay|[upkeep]\n|-sideend|p2: Akbar12|move: Light Screen\n|upkeep\n|turn|18\n|-message|Akbar12 forfeited.\n|\n|win|zdgdfg dg\n|raw|zdgdfg dg's rating: 1000 &rarr; <strong>1049<\/strong><br \/>(+49 for winning)\n|raw|Akbar12's rating: 1076 &rarr; <strong>1050<\/strong><br \/>(-26 for losing)\n|l|\u2606Akbar12\n","uploadtime":1698438789,"views":9,"p1id":"zdgdfgdg","p2id":"akbar12","formatid":"gen9nationaldexdoubles","rating":1049,"private":0,"password":""}