{"id":"gen9nationaldexdoubles-1978882383","p1":"Empress_Anna","p2":"VivaLaResistance","format":"[Gen 9] National Dex Doubles","log":"|j|\u2606Empress_Anna\n|j|\u2606VivaLaResistance\n|t:|1698606117\n|gametype|doubles\n|player|p1|Empress_Anna|cheryl|1282\n|player|p2|VivaLaResistance|carmine-festival|1212\n|teamsize|p1|6\n|teamsize|p2|6\n|gen|9\n|tier|[Gen 9] National Dex Doubles\n|rated|\n|rule|HP Percentage Mod: HP is shown in percentages\n|rule|Endless Battle Clause: Forcing endless battles is banned\n|rule|OHKO Clause: OHKO moves are banned\n|rule|Evasion Moves Clause: Evasion moves are banned\n|rule|Evasion Abilities Clause: Evasion abilities are banned\n|rule|Species Clause: Limit one of each Pok\u00e9mon\n|rule|Gravity Sleep Clause: The combination of sleep-inducing moves with imperfect accuracy and Gravity or Gigantamax Orbeetle are banned\n|clearpoke\n|poke|p1|Eelektross, M|\n|poke|p1|Rotom-Wash|\n|poke|p1|Thundurus-Therian, M|\n|poke|p1|Pincurchin, M|\n|poke|p1|Raichu-Alola, M|\n|poke|p1|Electivire, M|\n|poke|p2|Indeedee-F, F|\n|poke|p2|Shuckle, M|\n|poke|p2|Mawile, F|\n|poke|p2|Jirachi|\n|poke|p2|Flamigo, M|\n|poke|p2|Urshifu-*, F|\n|teampreview\n|\n|t:|1698606122\n|start\n|switch|p1a: Rotom|Rotom-Wash|100\/100\n|switch|p1b: Thundurus|Thundurus-Therian, M, shiny|100\/100\n|switch|p2a: Nepeta|Indeedee-F, F|100\/100\n|switch|p2b: Tavros|Shuckle, M|100\/100\n|-fieldstart|move: Psychic Terrain|[from] ability: Psychic Surge|[of] p2a: Nepeta\n|turn|1\n|\n|t:|1698606156\n|move|p1b: Thundurus|Wildbolt Storm|p2b: Tavros|[spread] p2a\n|-miss|p1b: Thundurus|p2b: Tavros\n|-damage|p2a: Nepeta|72\/100\n|move|p1a: Rotom|Will-O-Wisp|p2b: Tavros\n|-status|p2b: Tavros|brn\n|move|p2a: Nepeta|Guard Swap|p2b: Tavros\n|-swapboost|p2a: Nepeta|p2b: Tavros|def, spd|[from] move: Guard Swap\n|move|p2b: Tavros|Stealth Rock|p1a: Rotom\n|-sidestart|p1: Empress_Anna|move: Stealth Rock\n|\n|-damage|p2b: Tavros|94\/100 brn|[from] brn\n|upkeep\n|turn|2\n|\n|t:|1698606195\n|move|p1b: Thundurus|Wildbolt Storm|p2a: Nepeta|[spread] p2a,p2b\n|-damage|p2a: Nepeta|45\/100\n|-damage|p2b: Tavros|66\/100 brn\n|move|p1a: Rotom|Reflect|p1a: Rotom\n|-sidestart|p1: Empress_Anna|Reflect\n|move|p2b: Tavros|Encore|p1a: Rotom\n|-start|p1a: Rotom|Encore\n|move|p2a: Nepeta|Trick Room|p2a: Nepeta\n|-fieldstart|move: Trick Room|[of] p2a: Nepeta\n|\n|-damage|p2b: Tavros|59\/100 brn|[from] brn\n|upkeep\n|turn|3\n|\n|t:|1698606221\n|switch|p2b: Ferrefi|Mawile, F, shiny|100\/100\n|-ability|p2b: Ferrefi|Intimidate|boost\n|-unboost|p1a: Rotom|atk|1\n|-unboost|p1b: Thundurus|atk|1\n|switch|p1a: Pincurchin|Pincurchin, M|100\/100\n|-damage|p1a: Pincurchin|88\/100|[from] Stealth Rock\n|-fieldstart|move: Electric Terrain|[from] ability: Electric Surge|[of] p1a: Pincurchin\n|move|p2a: Nepeta|Expanding Force|p1b: Thundurus\n|-damage|p1b: Thundurus|77\/100\n|move|p1b: Thundurus|Volt Switch|p2a: Nepeta\n|-damage|p2a: Nepeta|17\/100\n|-enditem|p2a: Nepeta|Aguav Berry|[eat]\n|-heal|p2a: Nepeta|51\/100|[from] item: Aguav Berry\n|\n|t:|1698606236\n|switch|p1b: Eelektross|Eelektross, M|100\/100|[from] Volt Switch\n|-damage|p1b: Eelektross|88\/100|[from] Stealth Rock\n|\n|upkeep\n|turn|4\n|\n|t:|1698606253\n|detailschange|p2b: Ferrefi|Mawile-Mega, F, shiny\n|-mega|p2b: Ferrefi|Mawile|Mawilite\n|move|p2a: Nepeta|Follow Me|p2a: Nepeta\n|-singleturn|p2a: Nepeta|move: Follow Me\n|move|p1a: Pincurchin|Discharge|p2b: Ferrefi|[spread] p1b,p2a,p2b\n|-resisted|p1b: Eelektross\n|-crit|p2a: Nepeta\n|-damage|p1b: Eelektross|74\/100\n|-damage|p2a: Nepeta|24\/100\n|-damage|p2b: Ferrefi|74\/100\n|move|p1b: Eelektross|Drain Punch|p2a: Nepeta\n|-damage|p2a: Nepeta|0 fnt\n|-heal|p1b: Eelektross|87\/100|[from] drain|[of] p2a: Nepeta\n|faint|p2a: Nepeta\n|-damage|p1b: Eelektross|77\/100|[from] item: Life Orb\n|move|p2b: Ferrefi|Play Rough|p1a: Pincurchin\n|-damage|p1a: Pincurchin|24\/100\n|\n|upkeep\n|\n|t:|1698606269\n|switch|p2a: Equius|Urshifu-Rapid-Strike, F|100\/100\n|turn|5\n|\n|t:|1698606282\n|move|p2a: Equius|Aqua Jet|p1a: Pincurchin\n|-damage|p1a: Pincurchin|3\/100\n|-damage|p2a: Equius|91\/100|[from] item: Life Orb\n|move|p1a: Pincurchin|Discharge|p2b: Ferrefi|[spread] p1b,p2a,p2b\n|-resisted|p1b: Eelektross\n|-supereffective|p2a: Equius\n|-damage|p1b: Eelektross|63\/100\n|-damage|p2a: Equius|13\/100\n|-damage|p2b: Ferrefi|44\/100\n|-status|p2a: Equius|par\n|-status|p2b: Ferrefi|par\n|cant|p2b: Ferrefi|par\n|move|p1b: Eelektross|Thunderbolt|p2a: Equius\n|-supereffective|p2a: Equius\n|-damage|p2a: Equius|0 fnt\n|faint|p2a: Equius\n|-damage|p1b: Eelektross|53\/100|[from] item: Life Orb\n|\n|upkeep\n|\n|t:|1698606291\n|switch|p2a: Tavros|Shuckle, M|59\/100 brn\n|turn|6\n|\n|t:|1698606322\n|switch|p1a: Rotom|Rotom-Wash|100\/100\n|move|p2a: Tavros|Toxic|p1b: Eelektross\n|-status|p1b: Eelektross|tox\n|move|p2b: Ferrefi|Play Rough|p1a: Rotom|[miss]\n|-miss|p2b: Ferrefi|p1a: Rotom\n|move|p1b: Eelektross|Thunderbolt|p2b: Ferrefi\n|-damage|p2b: Ferrefi|0 fnt\n|faint|p2b: Ferrefi\n|-damage|p1b: Eelektross|43\/100 tox|[from] item: Life Orb\n|\n|-damage|p1b: Eelektross|37\/100 tox|[from] psn\n|-damage|p2a: Tavros|53\/100 brn|[from] brn\n|-sideend|p1: Empress_Anna|Reflect\n|-fieldend|move: Trick Room\n|upkeep\n|\n|t:|1698606335\n|switch|p2b: Aradia|Jirachi, shiny|100\/100\n|turn|7\n|\n|t:|1698606347\n|-zpower|p2b: Aradia\n|move|p2b: Aradia|Z-Happy Hour|p2b: Aradia|[anim]Happy Hour\n|-boost|p2b: Aradia|atk|1|[zeffect]\n|-boost|p2b: Aradia|def|1|[zeffect]\n|-boost|p2b: Aradia|spa|1|[zeffect]\n|-boost|p2b: Aradia|spd|1|[zeffect]\n|-boost|p2b: Aradia|spe|1|[zeffect]\n|move|p1a: Rotom|Will-O-Wisp|p2b: Aradia\n|-status|p2b: Aradia|brn\n|move|p1b: Eelektross|Liquidation|p2a: Tavros\n|-supereffective|p2a: Tavros\n|-damage|p2a: Tavros|20\/100 brn\n|-damage|p1b: Eelektross|27\/100 tox|[from] item: Life Orb\n|move|p2a: Tavros|Toxic|p1a: Rotom\n|-status|p1a: Rotom|tox\n|\n|-damage|p1a: Rotom|94\/100 tox|[from] psn\n|-damage|p1b: Eelektross|15\/100 tox|[from] psn\n|-damage|p2b: Aradia|94\/100 brn|[from] brn\n|-damage|p2a: Tavros|14\/100 brn|[from] brn\n|upkeep\n|turn|8\n|\n|t:|1698606376\n|switch|p2a: Karkat|Flamigo, M|100\/100\n|-copyboost|p2a: Karkat|p2b: Aradia|[from] ability: Costar\n|move|p2b: Aradia|Iron Head|p1a: Rotom\n|-resisted|p1a: Rotom\n|-damage|p1a: Rotom|88\/100 tox\n|cant|p1a: Rotom|flinch\n|move|p1b: Eelektross|Thunderbolt|p2b: Aradia\n|-damage|p2b: Aradia|62\/100 brn\n|-damage|p1b: Eelektross|5\/100 tox|[from] item: Life Orb\n|\n|-damage|p1a: Rotom|75\/100 tox|[from] psn\n|-damage|p1b: Eelektross|0 fnt|[from] psn\n|faint|p1b: Eelektross\n|-damage|p2b: Aradia|56\/100 brn|[from] brn\n|upkeep\n|\n|t:|1698606396\n|switch|p1b: Electivire|Electivire, M|100\/100\n|-damage|p1b: Electivire|88\/100|[from] Stealth Rock\n|turn|9\n|\n|t:|1698606430\n|move|p2b: Aradia|Zen Headbutt|p1b: Electivire\n|-damage|p1b: Electivire|44\/100\n|move|p2a: Karkat|Close Combat|p1b: Electivire\n|-damage|p1b: Electivire|0 fnt\n|-unboost|p2a: Karkat|def|1\n|-unboost|p2a: Karkat|spd|1\n|faint|p1b: Electivire\n|move|p1a: Rotom|Will-O-Wisp|p2a: Karkat\n|-status|p2a: Karkat|brn\n|\n|-damage|p1a: Rotom|56\/100 tox|[from] psn\n|-damage|p2b: Aradia|50\/100 brn|[from] brn\n|-damage|p2a: Karkat|94\/100 brn|[from] brn\n|upkeep\n|\n|t:|1698606462\n|switch|p1b: Thundurus|Thundurus-Therian, M, shiny|77\/100\n|-damage|p1b: Thundurus|53\/100|[from] Stealth Rock\n|turn|10\n|\n|t:|1698606478\n|move|p2a: Karkat|Detect|p2a: Karkat\n|-singleturn|p2a: Karkat|Protect\n|move|p2b: Aradia|Zen Headbutt|p1b: Thundurus\n|-damage|p1b: Thundurus|15\/100\n|move|p1b: Thundurus|Wildbolt Storm|p2a: Karkat|[spread] p2b\n|-activate|p2a: Karkat|move: Protect\n|-damage|p2b: Aradia|22\/100 brn\n|move|p1a: Rotom|Reflect|p1a: Rotom\n|-sidestart|p1: Empress_Anna|Reflect\n|\n|-damage|p1a: Rotom|31\/100 tox|[from] psn\n|-damage|p2b: Aradia|15\/100 brn|[from] brn\n|-damage|p2a: Karkat|88\/100 brn|[from] brn\n|-fieldend|move: Electric Terrain\n|upkeep\n|turn|11\n|\n|t:|1698606498\n|move|p2b: Aradia|Iron Head|p1b: Thundurus\n|-resisted|p1b: Thundurus\n|-damage|p1b: Thundurus|2\/100\n|move|p2a: Karkat|Close Combat|p1a: Rotom\n|-damage|p1a: Rotom|3\/100 tox\n|-unboost|p2a: Karkat|def|1\n|-unboost|p2a: Karkat|spd|1\n|move|p1b: Thundurus|Wildbolt Storm|p2b: Aradia|[spread] p2a,p2b\n|-supereffective|p2a: Karkat\n|-damage|p2a: Karkat|0 fnt\n|-damage|p2b: Aradia|0 fnt\n|faint|p2a: Karkat\n|faint|p2b: Aradia\n|move|p1a: Rotom|Discharge|p1b: Thundurus\n|-heal|p1b: Thundurus|27\/100|[from] ability: Volt Absorb|[of] p1a: Rotom\n|\n|-damage|p1a: Rotom|0 fnt|[from] psn\n|faint|p1a: Rotom\n|upkeep\n|-message|VivaLaResistance forfeited.\n|\n|win|Empress_Anna\n|raw|Empress_Anna's rating: 1282 &rarr; <strong>1302<\/strong><br \/>(+20 for winning)\n|raw|VivaLaResistance's rating: 1212 &rarr; <strong>1192<\/strong><br \/>(-20 for losing)\n|l|\u2606VivaLaResistance\n|c|\u2606Empress_Anna|ggs\n","uploadtime":1698606519,"views":10,"p1id":"empressanna","p2id":"vivalaresistance","formatid":"gen9nationaldexdoubles","rating":1192,"private":0,"password":""}