{"id":"gen9nationaldexdoubles-1973678942","p1":"Ric3o","p2":"Davichu7","format":"[Gen 9] National Dex Doubles","log":"|j|\u2606Ric3o\n|j|\u2606Davichu7\n|t:|1698002601\n|gametype|doubles\n|player|p1|Ric3o|170|\n|player|p2|Davichu7|pokemaniac|\n|teamsize|p1|6\n|teamsize|p2|6\n|gen|9\n|tier|[Gen 9] National Dex Doubles\n|rule|HP Percentage Mod: HP is shown in percentages\n|rule|Endless Battle Clause: Forcing endless battles is banned\n|rule|OHKO Clause: OHKO moves are banned\n|rule|Evasion Moves Clause: Evasion moves are banned\n|rule|Evasion Abilities Clause: Evasion abilities are banned\n|rule|Species Clause: Limit one of each Pok\u00e9mon\n|rule|Gravity Sleep Clause: The combination of sleep-inducing moves with imperfect accuracy and Gravity or Gigantamax Orbeetle are banned\n|clearpoke\n|poke|p1|Aegislash, M|\n|poke|p1|Excadrill, F|\n|poke|p1|Corviknight, F|\n|poke|p1|Ferrothorn, F|\n|poke|p1|Duraludon, F|\n|poke|p1|Lucario, F|\n|poke|p2|Flutter Mane|\n|poke|p2|Gholdengo|\n|poke|p2|Sableye, F|\n|poke|p2|Dragapult, F|\n|poke|p2|Typhlosion-Hisui, M|\n|poke|p2|Palossand, F|\n|teampreview\n|\n|t:|1698002636\n|start\n|switch|p1a: Aegislash|Aegislash, M, shiny|100\/100\n|switch|p1b: Corviknight|Corviknight, F, shiny|100\/100\n|switch|p2a: Dragapult|Dragapult, F, shiny|100\/100\n|switch|p2b: Sableye|Sableye, F, shiny|100\/100\n|turn|1\n|\n|t:|1698002680\n|detailschange|p2b: Sableye|Sableye-Mega, F, shiny\n|-mega|p2b: Sableye|Sableye|Sablenite\n|move|p2a: Dragapult|Reflect|p2a: Dragapult\n|-sidestart|p2: Davichu7|Reflect\n|move|p1b: Corviknight|Taunt|p2b: Sableye\n|move|p2b: Sableye|Taunt|p1b: Corviknight|[from]ability: Magic Bounce\n|-start|p1b: Corviknight|move: Taunt\n|-formechange|p1a: Aegislash|Aegislash-Blade||[from] ability: Stance Change\n|move|p1a: Aegislash|Shadow Ball|p2a: Dragapult\n|-supereffective|p2a: Dragapult\n|-damage|p2a: Dragapult|26\/100\n|move|p2b: Sableye|Will-O-Wisp|p1b: Corviknight\n|-status|p1b: Corviknight|brn\n|\n|-damage|p1b: Corviknight|94\/100 brn|[from] brn\n|upkeep\n|turn|2\n|\n|t:|1698002717\n|switch|p1b: Duraludon|Duraludon, F|100\/100\n|move|p2a: Dragapult|U-turn|p1a: Aegislash\n|-resisted|p1a: Aegislash\n|-damage|p1a: Aegislash|92\/100\n|\n|t:|1698002732\n|switch|p2a: Palossand|Palossand, F, shiny|100\/100|[from] U-turn\n|move|p1a: Aegislash|Shadow Ball|p2a: Palossand\n|-supereffective|p2a: Palossand\n|-damage|p2a: Palossand|19\/100\n|move|p2b: Sableye|Knock Off|p1a: Aegislash\n|-supereffective|p1a: Aegislash\n|-damage|p1a: Aegislash|0 fnt\n|-enditem|p1a: Aegislash|Leftovers|[from] move: Knock Off|[of] p2b: Sableye\n|faint|p1a: Aegislash\n|\n|-heal|p2a: Palossand|25\/100|[from] item: Leftovers\n|upkeep\n|\n|t:|1698002745\n|switch|p1a: Ferrothorn|Ferrothorn, F|100\/100\n|turn|3\n|\n|t:|1698002763\n|move|p1b: Duraludon|Draco Meteor|p2b: Sableye\n|-damage|p2b: Sableye|56\/100\n|-unboost|p1b: Duraludon|spa|2\n|move|p2a: Palossand|Stealth Rock|p1a: Ferrothorn\n|-sidestart|p1: Ric3o|move: Stealth Rock\n|move|p1a: Ferrothorn|Power Whip|p2a: Palossand\n|-supereffective|p2a: Palossand\n|-damage|p2a: Palossand|0 fnt\n|faint|p2a: Palossand\n|move|p2b: Sableye|Knock Off|p1a: Ferrothorn\n|-damage|p1a: Ferrothorn|82\/100\n|-damage|p2b: Sableye|44\/100|[from] ability: Iron Barbs|[of] p1a: Ferrothorn\n|-enditem|p1a: Ferrothorn|Leftovers|[from] move: Knock Off|[of] p2b: Sableye\n|\n|upkeep\n|\n|t:|1698002780\n|switch|p2a: Typhlosion|Typhlosion-Hisui, M, shiny|100\/100\n|-item|p1b: Duraludon|Choice Scarf|[from] ability: Frisk|[of] p2a: Typhlosion|[identify]\n|turn|4\n|\n|t:|1698002801\n|switch|p1b: Excadrill|Excadrill, F|100\/100\n|-damage|p1b: Excadrill|97\/100|[from] Stealth Rock\n|-ability|p1b: Excadrill|Mold Breaker\n|switch|p1a: Corviknight|Corviknight, F, shiny|94\/100 brn\n|-damage|p1a: Corviknight|82\/100 brn|[from] Stealth Rock\n|move|p2b: Sableye|Protect|p2b: Sableye\n|-singleturn|p2b: Sableye|Protect\n|move|p2a: Typhlosion|Eruption|p1b: Excadrill|[spread] p1a,p1b\n|-supereffective|p1a: Corviknight\n|-supereffective|p1b: Excadrill\n|-damage|p1a: Corviknight|2\/100 brn\n|-damage|p1b: Excadrill|0 fnt\n|faint|p1b: Excadrill\n|\n|-heal|p1a: Corviknight|8\/100 brn|[from] item: Leftovers\n|-damage|p1a: Corviknight|2\/100 brn|[from] brn\n|upkeep\n|\n|t:|1698002816\n|switch|p1b: Duraludon|Duraludon, F|100\/100\n|-damage|p1b: Duraludon|94\/100|[from] Stealth Rock\n|turn|5\n|\n|t:|1698002833\n|move|p2a: Typhlosion|Eruption|p1a: Corviknight|[spread] p1a,p1b\n|-supereffective|p1a: Corviknight\n|-damage|p1a: Corviknight|0 fnt\n|-damage|p1b: Duraludon|0 fnt\n|faint|p1a: Corviknight\n|faint|p1b: Duraludon\n|move|p2b: Sableye|Recover|p2b: Sableye\n|-heal|p2b: Sableye|94\/100\n|\n|upkeep\n|\n|t:|1698002843\n|switch|p1b: Ferrothorn|Ferrothorn, F|82\/100\n|switch|p1a: Lucario|Lucario, F|100\/100\n|-damage|p1a: Lucario|98\/100|[from] Stealth Rock\n|-damage|p1b: Ferrothorn|75\/100|[from] Stealth Rock\n|turn|6\n|\n|t:|1698002858\n|move|p1b: Ferrothorn|Protect|p1b: Ferrothorn\n|-singleturn|p1b: Ferrothorn|Protect\n|move|p2b: Sableye|Protect|p2b: Sableye\n|-singleturn|p2b: Sableye|Protect\n|move|p2a: Typhlosion|Eruption|p1b: Ferrothorn|[spread] p1a\n|-activate|p1b: Ferrothorn|move: Protect\n|-supereffective|p1a: Lucario\n|-damage|p1a: Lucario|0 fnt\n|faint|p1a: Lucario\n|\n|upkeep\n|turn|7\n|\n|t:|1698002874\n|move|p2a: Typhlosion|Eruption|p1b: Ferrothorn\n|-supereffective|p1b: Ferrothorn\n|-damage|p1b: Ferrothorn|0 fnt\n|faint|p1b: Ferrothorn\n|\n|win|Davichu7\n|l|\u2606Ric3o\n","uploadtime":1698002886,"views":6,"p1id":"ric3o","p2id":"davichu7","formatid":"gen9nationaldexdoubles","rating":0,"private":0,"password":""}