{"id":"gen9nationaldexdoubles-1970476212","p1":"TheRarWolf","p2":"noumiore","format":"[Gen 9] National Dex Doubles","log":"|j|\u2606TheRarWolf\n|j|\u2606noumiore\n|t:|1697641967\n|gametype|doubles\n|player|p1|TheRarWolf|roxie|1091\n|player|p2|noumiore|waiter-gen4dp|1000\n|teamsize|p1|6\n|teamsize|p2|6\n|gen|9\n|tier|[Gen 9] National Dex Doubles\n|rated|\n|rule|HP Percentage Mod: HP is shown in percentages\n|rule|Endless Battle Clause: Forcing endless battles is banned\n|rule|OHKO Clause: OHKO moves are banned\n|rule|Evasion Moves Clause: Evasion moves are banned\n|rule|Evasion Abilities Clause: Evasion abilities are banned\n|rule|Species Clause: Limit one of each Pok\u00e9mon\n|rule|Gravity Sleep Clause: The combination of sleep-inducing moves with imperfect accuracy and Gravity or Gigantamax Orbeetle are banned\n|clearpoke\n|poke|p1|Ribombee, F|\n|poke|p1|Scizor, F|\n|poke|p1|Kricketune, M|\n|poke|p1|Heracross, F|\n|poke|p1|Masquerain, F|\n|poke|p1|Kleavor, M|\n|poke|p2|Hoopa-Unbound|\n|poke|p2|Breloom, F|\n|poke|p2|Brute Bonnet|\n|poke|p2|Iron Moth|\n|poke|p2|Cetitan, M|\n|poke|p2|Articuno-Galar|\n|teampreview\n|\n|t:|1697641995\n|start\n|switch|p1a: Masquerain|Masquerain, F|100\/100\n|switch|p1b: Ribombee|Ribombee, F|100\/100\n|switch|p2a: Cetitan|Cetitan, M|100\/100\n|switch|p2b: Hoopa|Hoopa-Unbound|100\/100\n|-ability|p1a: Masquerain|Intimidate|boost\n|-unboost|p2a: Cetitan|atk|1\n|-unboost|p2b: Hoopa|atk|1\n|turn|1\n|\n|t:|1697642028\n|switch|p2a: Brute Bonnet|Brute Bonnet|100\/100\n|move|p2b: Hoopa|Shadow Ball|p1b: Ribombee\n|-damage|p1b: Ribombee|39\/100\n|move|p1b: Ribombee|Stun Spore|p2a: Brute Bonnet\n|-immune|p2a: Brute Bonnet\n|move|p1a: Masquerain|Bug Buzz|p2b: Hoopa\n|-supereffective|p2b: Hoopa\n|-damage|p2b: Hoopa|0 fnt\n|faint|p2b: Hoopa\n|\n|upkeep\n|\n|t:|1697642043\n|switch|p2b: Articuno|Articuno-Galar|100\/100\n|turn|2\n|\n|t:|1697642064\n|move|p1a: Masquerain|Protect|p1a: Masquerain\n|-singleturn|p1a: Masquerain|Protect\n|move|p1b: Ribombee|Sticky Web|p2b: Articuno\n|-sidestart|p2: noumiore|move: Sticky Web\n|move|p2b: Articuno|Air Slash|p1b: Ribombee\n|-supereffective|p1b: Ribombee\n|-damage|p1b: Ribombee|0 fnt\n|faint|p1b: Ribombee\n|move|p2a: Brute Bonnet|Spore|p1a: Masquerain\n|-activate|p1a: Masquerain|move: Protect\n|\n|upkeep\n|\n|t:|1697642084\n|switch|p1b: Kleavor|Kleavor, M|100\/100\n|turn|3\n|\n|t:|1697642092\n|move|p1b: Kleavor|Stone Axe|p2b: Articuno\n|-supereffective|p2b: Articuno\n|-damage|p2b: Articuno|0 fnt\n|-sidestart|p2: noumiore|move: Stealth Rock\n|faint|p2b: Articuno\n|-damage|p1b: Kleavor|91\/100|[from] item: Life Orb\n|move|p1a: Masquerain|Tailwind|p1a: Masquerain\n|-sidestart|p1: TheRarWolf|move: Tailwind\n|move|p2a: Brute Bonnet|Spore|p1b: Kleavor\n|-status|p1b: Kleavor|slp|[from] move: Spore\n|\n|upkeep\n|\n|t:|1697642098\n|switch|p2b: Breloom|Breloom, F|100\/100\n|-activate|p2b: Breloom|move: Sticky Web\n|-unboost|p2b: Breloom|spe|1\n|-damage|p2b: Breloom|94\/100|[from] Stealth Rock\n|turn|4\n|\n|t:|1697642116\n|cant|p1b: Kleavor|slp\n|move|p1a: Masquerain|Bug Buzz|p2a: Brute Bonnet\n|-supereffective|p2a: Brute Bonnet\n|-damage|p2a: Brute Bonnet|7\/100\n|move|p2b: Breloom|Power-Up Punch|p1a: Masquerain\n|-resisted|p1a: Masquerain\n|-damage|p1a: Masquerain|87\/100\n|-boost|p2b: Breloom|atk|1\n|move|p2a: Brute Bonnet|Spore|p1a: Masquerain\n|-status|p1a: Masquerain|slp|[from] move: Spore\n|\n|-heal|p2a: Brute Bonnet|13\/100|[from] item: Leftovers\n|upkeep\n|turn|5\n|\n|t:|1697642144\n|-curestatus|p1b: Kleavor|slp|[msg]\n|move|p1b: Kleavor|Psycho Cut|p2b: Breloom\n|-supereffective|p2b: Breloom\n|-damage|p2b: Breloom|0 fnt\n|faint|p2b: Breloom\n|-damage|p1b: Kleavor|81\/100|[from] item: Life Orb\n|cant|p1a: Masquerain|slp\n|move|p2a: Brute Bonnet|Pollen Puff|p2: Breloom|[notarget]\n|-fail|p2a: Brute Bonnet\n|\n|-heal|p2a: Brute Bonnet|19\/100|[from] item: Leftovers\n|upkeep\n|\n|t:|1697642150\n|switch|p2b: Cetitan|Cetitan, M|100\/100\n|-activate|p2b: Cetitan|move: Sticky Web\n|-unboost|p2b: Cetitan|spe|1\n|-damage|p2b: Cetitan|75\/100|[from] Stealth Rock\n|turn|6\n|\n|t:|1697642158\n|move|p2a: Brute Bonnet|Sucker Punch|p1b: Kleavor\n|-damage|p1b: Kleavor|41\/100\n|move|p1b: Kleavor|Stone Axe|p2b: Cetitan|[miss]\n|-miss|p1b: Kleavor|p2b: Cetitan\n|cant|p1a: Masquerain|slp\n|move|p2b: Cetitan|Ice Spinner|p1b: Kleavor\n|-damage|p1b: Kleavor|0 fnt\n|faint|p1b: Kleavor\n|\n|-heal|p2a: Brute Bonnet|25\/100|[from] item: Leftovers\n|-heal|p2b: Cetitan|82\/100|[from] item: Leftovers\n|-sideend|p1: TheRarWolf|move: Tailwind\n|upkeep\n|\n|t:|1697642169\n|switch|p1b: Kricketune|Kricketune, M|100\/100\n|turn|7\n|\n|t:|1697642179\n|cant|p1a: Masquerain|slp\n|move|p1b: Kricketune|Fell Stinger|p2a: Brute Bonnet\n|-supereffective|p2a: Brute Bonnet\n|-damage|p2a: Brute Bonnet|0 fnt\n|faint|p2a: Brute Bonnet\n|-end|p2a: Brute Bonnet|Protosynthesis|[silent]\n|-boost|p1b: Kricketune|atk|3\n|move|p2b: Cetitan|Ice Spinner|p1a: Masquerain\n|-supereffective|p1a: Masquerain\n|-damage|p1a: Masquerain|0 fnt\n|faint|p1a: Masquerain\n|\n|-heal|p2b: Cetitan|88\/100|[from] item: Leftovers\n|upkeep\n|\n|t:|1697642189\n|switch|p1a: Heracross|Heracross, F|100\/100\n|switch|p2a: Iron Moth|Iron Moth|100\/100\n|-activate|p2a: Iron Moth|move: Sticky Web\n|-unboost|p2a: Iron Moth|spe|1\n|-damage|p2a: Iron Moth|76\/100|[from] Stealth Rock\n|turn|8\n|\n|t:|1697642214\n|move|p1a: Heracross|Rock Slide|p2b: Cetitan|[spread] p2a\n|-miss|p1a: Heracross|p2b: Cetitan\n|-supereffective|p2a: Iron Moth\n|-damage|p2a: Iron Moth|13\/100\n|move|p2a: Iron Moth|Sludge Wave|p1a: Heracross|[spread] p2b,p1a,p1b\n|-damage|p2b: Cetitan|56\/100\n|-damage|p1a: Heracross|55\/100\n|-damage|p1b: Kricketune|42\/100\n|move|p1b: Kricketune|Baton Pass|p1b: Kricketune\n|\n|t:|1697642226\n|switch|p1b: Scizor|Scizor, F|100\/100|[from] Baton Pass\n|move|p2b: Cetitan|Ice Spinner|p1b: Scizor\n|-resisted|p1b: Scizor\n|-damage|p1b: Scizor|83\/100\n|\n|-heal|p2a: Iron Moth|19\/100|[from] item: Leftovers\n|-heal|p2b: Cetitan|62\/100|[from] item: Leftovers\n|-status|p1a: Heracross|brn|[from] item: Flame Orb\n|upkeep\n|turn|9\n|\n|t:|1697642240\n|detailschange|p1b: Scizor|Scizor-Mega, F\n|-mega|p1b: Scizor|Scizor|Scizorite\n|-terastallize|p2b: Cetitan|Electric\n|move|p2a: Iron Moth|Protect|p2a: Iron Moth\n|-singleturn|p2a: Iron Moth|Protect\n|move|p1a: Heracross|Rock Slide|p2b: Cetitan|[spread] p2b\n|-activate|p2a: Iron Moth|move: Protect\n|-damage|p2b: Cetitan|35\/100\n|move|p1b: Scizor|Dual Wingbeat|p2a: Iron Moth\n|-activate|p2a: Iron Moth|move: Protect\n|move|p2b: Cetitan|Tera Blast|p1b: Scizor|[anim] Tera Blast Electric\n|-damage|p1b: Scizor|53\/100\n|\n|-heal|p2a: Iron Moth|25\/100|[from] item: Leftovers\n|-heal|p2b: Cetitan|41\/100|[from] item: Leftovers\n|-damage|p1a: Heracross|49\/100 brn|[from] brn\n|upkeep\n|turn|10\n|\n|t:|1697642259\n|move|p2b: Cetitan|Protect|p2b: Cetitan\n|-singleturn|p2b: Cetitan|Protect\n|move|p1a: Heracross|Close Combat|p2b: Cetitan\n|-activate|p2b: Cetitan|move: Protect\n|move|p2a: Iron Moth|Fiery Dance|p1b: Scizor\n|-supereffective|p1b: Scizor\n|-damage|p1b: Scizor|0 fnt\n|faint|p1b: Scizor\n|\n|-heal|p2a: Iron Moth|31\/100|[from] item: Leftovers\n|-heal|p2b: Cetitan|48\/100|[from] item: Leftovers\n|-damage|p1a: Heracross|43\/100 brn|[from] brn\n|upkeep\n|\n|t:|1697642263\n|switch|p1b: Kricketune|Kricketune, M|42\/100\n|turn|11\n|\n|t:|1697642275\n|move|p1a: Heracross|Rock Slide|p2a: Iron Moth|[spread] p2a,p2b\n|-supereffective|p2a: Iron Moth\n|-damage|p2a: Iron Moth|0 fnt\n|-damage|p2b: Cetitan|23\/100\n|faint|p2a: Iron Moth\n|-end|p2a: Iron Moth|Quark Drive|[silent]\n|move|p1b: Kricketune|Aerial Ace|p2b: Cetitan\n|-resisted|p2b: Cetitan\n|-damage|p2b: Cetitan|11\/100\n|move|p2b: Cetitan|Ice Spinner|p1a: Heracross\n|-damage|p1a: Heracross|0 fnt\n|faint|p1a: Heracross\n|\n|-heal|p2b: Cetitan|17\/100|[from] item: Leftovers\n|upkeep\n|turn|12\n|\n|t:|1697642285\n|-terastallize|p1b: Kricketune|Bug\n|move|p1b: Kricketune|Fell Stinger|p2b: Cetitan\n|-damage|p2b: Cetitan|0 fnt\n|faint|p2b: Cetitan\n|\n|win|TheRarWolf\n|raw|TheRarWolf's rating: 1091 &rarr; <strong>1111<\/strong><br \/>(+20 for winning)\n|raw|noumiore's rating: 1000 &rarr; <strong>1000<\/strong><br \/>(+0 for losing)\n|l|\u2606noumiore\n","uploadtime":1697642291,"views":7,"p1id":"therarwolf","p2id":"noumiore","formatid":"gen9nationaldexdoubles","rating":1000,"private":0,"password":""}