{"id":"gen9nationaldexdoubles-1959938998","p1":"Marlene 420","p2":"Clutch_lag","format":"[Gen 9] National Dex Doubles","log":"|j|\u2606Marlene 420\n|j|\u2606Clutch_lag\n|t:|1696470660\n|gametype|doubles\n|player|p1|Marlene 420|cheryl|1269\n|player|p2|Clutch_lag|1|1105\n|teamsize|p1|6\n|teamsize|p2|6\n|gen|9\n|tier|[Gen 9] National Dex Doubles\n|rated|\n|rule|HP Percentage Mod: HP is shown in percentages\n|rule|Endless Battle Clause: Forcing endless battles is banned\n|rule|OHKO Clause: OHKO moves are banned\n|rule|Evasion Moves Clause: Evasion moves are banned\n|rule|Evasion Abilities Clause: Evasion abilities are banned\n|rule|Species Clause: Limit one of each Pok\u00e9mon\n|rule|Gravity Sleep Clause: The combination of sleep-inducing moves with imperfect accuracy and Gravity or Gigantamax Orbeetle are banned\n|clearpoke\n|poke|p1|Gardevoir, F|\n|poke|p1|Pheromosa|\n|poke|p1|Lopunny, F|\n|poke|p1|Hatterene, F|\n|poke|p1|Meloetta|\n|poke|p1|Diancie|\n|poke|p2|Garchomp, F|\n|poke|p2|Charizard, M|\n|poke|p2|Greninja-*, M|\n|poke|p2|Raichu, F|\n|poke|p2|Gliscor, F|\n|poke|p2|Goodra, F|\n|teampreview\n|inactive|Battle timer is ON: inactive players will automatically lose when time's up. (requested by Marlene 420)\n|\n|t:|1696470676\n|start\n|switch|p1a: Lola|Lopunny, F, shiny|100\/100\n|switch|p1b: Melody|Meloetta|100\/100\n|switch|p2a: Charizard|Charizard, M|100\/100\n|switch|p2b: Raichu|Raichu, F|100\/100\n|turn|1\n|\n|t:|1696470703\n|detailschange|p1a: Lola|Lopunny-Mega, F, shiny\n|-mega|p1a: Lola|Lopunny|Lopunnite\n|detailschange|p2a: Charizard|Charizard-Mega-Y, M\n|-mega|p2a: Charizard|Charizard|Charizardite Y\n|-weather|SunnyDay|[from] ability: Drought|[of] p2a: Charizard\n|move|p1a: Lola|Fake Out|p2b: Raichu\n|-damage|p2b: Raichu|54\/100\n|cant|p2b: Raichu|flinch\n|move|p2a: Charizard|Heat Wave|p1a: Lola|[spread] p1a,p1b\n|-damage|p1a: Lola|15\/100\n|-damage|p1b: Melody|50\/100\n|move|p1b: Melody|Relic Song|p2b: Raichu|[spread] p2a,p2b\n|-damage|p2a: Charizard|79\/100\n|-damage|p2b: Raichu|18\/100\n|-formechange|p1b: Melody|Meloetta-Pirouette|[msg]\n|\n|-weather|SunnyDay|[upkeep]\n|upkeep\n|turn|2\n|\n|t:|1696470733\n|switch|p1a: Dianita|Diancie|100\/100\n|move|p2b: Raichu|Quick Attack|p1a: Dianita\n|-resisted|p1a: Dianita\n|-damage|p1a: Dianita|98\/100\n|-zpower|p1b: Melody\n|move|p1b: Melody|Subzero Slammer|p2a: Charizard|[zeffect]\n|-damage|p2a: Charizard|11\/100\n|move|p2a: Charizard|Heat Wave|p1a: Dianita|[spread] p1a,p1b\n|-resisted|p1a: Dianita\n|-damage|p1a: Dianita|72\/100\n|-damage|p1b: Melody|0 fnt\n|faint|p1b: Melody\n|\n|-weather|SunnyDay|[upkeep]\n|-heal|p1a: Dianita|78\/100|[from] item: Leftovers\n|upkeep\n|inactive|Marlene 420 has 120 seconds left.\n|\n|t:|1696470762\n|switch|p1b: Gardenia|Gardevoir, F|100\/100\n|-ability|p1b: Gardenia|Lightning Rod|[from] ability: Trace|[of] p2b: Raichu\n|turn|3\n|inactive|Marlene 420 has 120 seconds left.\n|\n|t:|1696470780\n|switch|p2b: Gliscor|Gliscor, F|100\/100\n|switch|p2a: Goodra|Goodra, F|100\/100\n|move|p1b: Gardenia|Moonblast|p2a: Goodra\n|-supereffective|p2a: Goodra\n|-damage|p2a: Goodra|61\/100\n|move|p1a: Dianita|Diamond Storm|p2a: Goodra|[spread] p2a,p2b\n|-damage|p2a: Goodra|29\/100\n|-damage|p2b: Gliscor|80\/100\n|-boost|p1a: Dianita|def|2\n|\n|-weather|SunnyDay|[upkeep]\n|-heal|p1a: Dianita|84\/100|[from] item: Leftovers\n|-status|p2b: Gliscor|tox|[from] item: Toxic Orb\n|upkeep\n|turn|4\n|inactive|Marlene 420 has 120 seconds left.\n|\n|t:|1696470810\n|move|p1b: Gardenia|Moonblast|p2a: Goodra\n|-supereffective|p2a: Goodra\n|-damage|p2a: Goodra|0 fnt\n|faint|p2a: Goodra\n|move|p2b: Gliscor|Fling|p1a: Dianita\n|-resisted|p1a: Dianita\n|-damage|p1a: Dianita|83\/100\n|-status|p1a: Dianita|tox\n|-enditem|p2b: Gliscor|Toxic Orb|[from] move: Fling\n|move|p1a: Dianita|Stealth Rock|p2b: Gliscor\n|-sidestart|p2: Clutch_lag|move: Stealth Rock\n|\n|-weather|SunnyDay|[upkeep]\n|-heal|p1a: Dianita|89\/100 tox|[from] item: Leftovers\n|-heal|p2b: Gliscor|92\/100 tox|[from] ability: Poison Heal\n|-damage|p1a: Dianita|83\/100 tox|[from] psn\n|upkeep\n|inactive|Clutch_lag has 120 seconds left.\n|\n|t:|1696470827\n|switch|p2a: Raichu|Raichu, F|18\/100\n|-damage|p2a: Raichu|6\/100|[from] Stealth Rock\n|turn|5\n|inactive|Clutch_lag has 120 seconds left.\n|\n|t:|1696470850\n|move|p2a: Raichu|Fake Out|p1a: Dianita\n|-resisted|p1a: Dianita\n|-damage|p1a: Dianita|81\/100 tox\n|move|p1b: Gardenia|Moonblast|p2b: Gliscor\n|-damage|p2b: Gliscor|16\/100 tox\n|move|p2b: Gliscor|Facade|p1b: Gardenia\n|-damage|p1b: Gardenia|31\/100\n|cant|p1a: Dianita|flinch\n|\n|-weather|none\n|-heal|p1a: Dianita|87\/100 tox|[from] item: Leftovers\n|-heal|p2b: Gliscor|28\/100 tox|[from] ability: Poison Heal\n|-damage|p1a: Dianita|75\/100 tox|[from] psn\n|upkeep\n|turn|6\n|inactive|Clutch_lag has 120 seconds left.\n|\n|t:|1696470882\n|move|p2a: Raichu|Quick Attack|p1b: Gardenia\n|-damage|p1b: Gardenia|13\/100\n|move|p1b: Gardenia|Moonblast|p2b: Gliscor\n|-damage|p2b: Gliscor|0 fnt\n|faint|p2b: Gliscor\n|move|p1a: Dianita|Diamond Storm|p2a: Raichu\n|-crit|p2a: Raichu\n|-damage|p2a: Raichu|0 fnt\n|-boost|p1a: Dianita|def|2\n|faint|p2a: Raichu\n|\n|-heal|p1a: Dianita|81\/100 tox|[from] item: Leftovers\n|-damage|p1a: Dianita|63\/100 tox|[from] psn\n|upkeep\n|\n|t:|1696470897\n|switch|p2a: Garchomp|Garchomp, F, shiny|100\/100\n|switch|p2b: Greninja|Greninja, M|100\/100\n|-damage|p2a: Garchomp|94\/100|[from] Stealth Rock\n|turn|7\n|inactive|Clutch_lag has 120 seconds left.\n|\n|t:|1696470928\n|-terastallize|p2a: Garchomp|Steel\n|move|p1b: Gardenia|Moonblast|p2a: Garchomp\n|-resisted|p2a: Garchomp\n|-damage|p2a: Garchomp|66\/100\n|move|p2b: Greninja|Hydro Pump|p1a: Dianita\n|-start|p2b: Greninja|typechange|Water|[from] ability: Protean\n|-supereffective|p1a: Dianita\n|-damage|p1a: Dianita|0 fnt\n|faint|p1a: Dianita\n|move|p2a: Garchomp|Brick Break|p1b: Gardenia\n|-resisted|p1b: Gardenia\n|-damage|p1b: Gardenia|1\/100\n|\n|upkeep\n|inactive|Marlene 420 has 120 seconds left.\n|\n|t:|1696470947\n|switch|p1a: Lola|Lopunny-Mega, F, shiny|15\/100\n|turn|8\n|inactive|Clutch_lag has 120 seconds left.\n|\n|t:|1696470983\n|switch|p2b: Charizard|Charizard-Mega-Y, M|11\/100\n|-damage|p2b: Charizard|0 fnt|[from] Stealth Rock\n|faint|p2b: Charizard\n|move|p1a: Lola|High Jump Kick|p2a: Garchomp\n|-supereffective|p2a: Garchomp\n|-damage|p2a: Garchomp|0 fnt\n|-damage|p1a: Lola|3\/100|[from] ability: Rough Skin|[of] p2a: Garchomp\n|-damage|p1a: Lola|0 fnt|[from] item: Rocky Helmet|[of] p2a: Garchomp\n|faint|p2a: Garchomp\n|faint|p1a: Lola\n|move|p1b: Gardenia|Moonblast|p2: Garchomp|[notarget]\n|-fail|p1b: Gardenia\n|\n|upkeep\n|inactive|Clutch_lag has 120 seconds left.\n|inactive|Clutch_lag has 90 seconds left.\n|\n|t:|1696471048\n|switch|p1a: Katherine|Hatterene, F|100\/100\n|switch|p2b: Greninja|Greninja, M|100\/100\n|turn|9\n|inactive|Clutch_lag has 60 seconds left.\n|\n|t:|1696471078\n|move|p1b: Gardenia|Moonblast|p2b: Greninja\n|-supereffective|p2b: Greninja\n|-damage|p2b: Greninja|0 fnt\n|faint|p2b: Greninja\n|\n|win|Marlene 420\n|raw|Marlene 420's rating: 1269 &rarr; <strong>1283<\/strong><br \/>(+14 for winning)\n|raw|Clutch_lag's rating: 1105 &rarr; <strong>1091<\/strong><br \/>(-14 for losing)\n|c|\u2606Marlene 420|Gg\n|l|\u2606Clutch_lag\n","uploadtime":1696471102,"views":8,"p1id":"marlene420","p2id":"clutchlag","formatid":"gen9nationaldexdoubles","rating":1091,"private":0,"password":""}