{"id":"gen9nationaldexdoubles-1969683111","p1":"Nkti hf","p2":"preY3RK","format":"[Gen 9] National Dex Doubles","log":"|j|\u2606Nkti hf\n|j|\u203dpreY3RK\n|t:|1697557399\n|gametype|doubles\n|player|p1|Nkti hf|lucas|1122\n|player|p2|preY3RK|clay|1316\n|teamsize|p1|6\n|teamsize|p2|6\n|gen|9\n|tier|[Gen 9] National Dex Doubles\n|rated|\n|rule|HP Percentage Mod: HP is shown in percentages\n|rule|Endless Battle Clause: Forcing endless battles is banned\n|rule|OHKO Clause: OHKO moves are banned\n|rule|Evasion Moves Clause: Evasion moves are banned\n|rule|Evasion Abilities Clause: Evasion abilities are banned\n|rule|Species Clause: Limit one of each Pok\u00e9mon\n|rule|Gravity Sleep Clause: The combination of sleep-inducing moves with imperfect accuracy and Gravity or Gigantamax Orbeetle are banned\n|clearpoke\n|poke|p1|Blastoise, M|\n|poke|p1|Clefable, F|\n|poke|p1|Indeedee-F, F|\n|poke|p1|Mr. Mime, F|\n|poke|p1|Glastrier|\n|poke|p1|Oranguru, F|\n|poke|p2|Ninetales-Alola, F|\n|poke|p2|Iron Bundle|\n|poke|p2|Murkrow, F|\n|poke|p2|Heatran, M|\n|poke|p2|Flutter Mane|\n|poke|p2|Rillaboom, M|\n|teampreview\n|\n|t:|1697557430\n|start\n|switch|p1a: Glastrier|Glastrier|100\/100\n|switch|p1b: Blastoise|Blastoise, M|100\/100\n|switch|p2a: Ninetales|Ninetales-Alola, F|100\/100\n|switch|p2b: Iron Bundle|Iron Bundle|100\/100\n|-weather|Snow|[from] ability: Snow Warning|[of] p2a: Ninetales\n|-enditem|p2b: Iron Bundle|Booster Energy\n|-activate|p2b: Iron Bundle|ability: Quark Drive|[fromitem]\n|-start|p2b: Iron Bundle|quarkdrivespe\n|turn|1\n|j| 01272238w\n|inactive|Battle timer is ON: inactive players will automatically lose when time's up. (requested by Nkti hf)\n|\n|t:|1697557469\n|move|p1b: Blastoise|Follow Me|p1b: Blastoise\n|-singleturn|p1b: Blastoise|move: Follow Me\n|move|p2b: Iron Bundle|Freeze-Dry|p1b: Blastoise\n|-supereffective|p1b: Blastoise\n|-damage|p1b: Blastoise|39\/100\n|move|p2a: Ninetales|Aurora Veil|p2a: Ninetales\n|-sidestart|p2: preY3RK|move: Aurora Veil\n|move|p1a: Glastrier|Smart Strike|p2a: Ninetales\n|-supereffective|p2a: Ninetales\n|-damage|p2a: Ninetales|38\/100\n|\n|-weather|Snow|[upkeep]\n|upkeep\n|turn|2\n|\n|t:|1697557485\n|move|p2a: Ninetales|Protect|p2a: Ninetales\n|-singleturn|p2a: Ninetales|Protect\n|move|p1b: Blastoise|Follow Me|p1b: Blastoise\n|-singleturn|p1b: Blastoise|move: Follow Me\n|move|p2b: Iron Bundle|Freeze-Dry|p1b: Blastoise\n|-supereffective|p1b: Blastoise\n|-damage|p1b: Blastoise|0 fnt\n|faint|p1b: Blastoise\n|move|p1a: Glastrier|Smart Strike|p2a: Ninetales\n|-activate|p2a: Ninetales|move: Protect\n|\n|-weather|Snow|[upkeep]\n|upkeep\n|\n|t:|1697557496\n|switch|p1b: Clefable|Clefable, F|100\/100\n|turn|3\n|\n|t:|1697557510\n|switch|p2a: Heatran|Heatran, M|100\/100\n|move|p1b: Clefable|Follow Me|p1b: Clefable\n|-singleturn|p1b: Clefable|move: Follow Me\n|move|p2b: Iron Bundle|Hydro Pump|p1b: Clefable|[miss]\n|-miss|p2b: Iron Bundle|p1b: Clefable\n|move|p1a: Glastrier|Smart Strike|p2a: Heatran\n|-resisted|p2a: Heatran\n|-damage|p2a: Heatran|96\/100\n|\n|-weather|Snow|[upkeep]\n|upkeep\n|turn|4\n|inactive|Nkti hf has 120 seconds left.\n|inactive|Nkti hf has 90 seconds left.\n|\n|t:|1697557579\n|switch|p1b: Mr. Mime|Mr. Mime, F|100\/100\n|move|p1a: Glastrier|Protect|p1a: Glastrier\n|-singleturn|p1a: Glastrier|Protect\n|move|p2b: Iron Bundle|Hydro Pump|p1b: Mr. Mime|[miss]\n|-miss|p2b: Iron Bundle|p1b: Mr. Mime\n|move|p2a: Heatran|Eruption|p1a: Glastrier|[spread] p1b\n|-activate|p1a: Glastrier|move: Protect\n|-damage|p1b: Mr. Mime|49\/100\n|\n|-weather|Snow|[upkeep]\n|upkeep\n|turn|5\n|\n|t:|1697557595\n|move|p1b: Mr. Mime|Wide Guard|p1b: Mr. Mime\n|-singleturn|p1b: Mr. Mime|Wide Guard\n|move|p2b: Iron Bundle|Hydro Pump|p1b: Mr. Mime\n|-damage|p1b: Mr. Mime|0 fnt\n|faint|p1b: Mr. Mime\n|move|p2a: Heatran|Eruption|p1a: Glastrier\n|-activate|p1a: Glastrier|move: Wide Guard\n|move|p1a: Glastrier|Stomping Tantrum|p2a: Heatran\n|-supereffective|p2a: Heatran\n|-damage|p2a: Heatran|25\/100\n|-enditem|p2a: Heatran|Sitrus Berry|[eat]\n|-heal|p2a: Heatran|50\/100|[from] item: Sitrus Berry\n|\n|-weather|none\n|upkeep\n|inactive|Nkti hf has 90 seconds left.\n|\n|t:|1697557619\n|switch|p1b: Clefable|Clefable, F|100\/100\n|turn|6\n|\n|t:|1697557634\n|move|p1b: Clefable|Follow Me|p1b: Clefable\n|-singleturn|p1b: Clefable|move: Follow Me\n|move|p2b: Iron Bundle|Hydro Pump|p1b: Clefable\n|-damage|p1b: Clefable|53\/100\n|move|p2a: Heatran|Eruption|p1a: Glastrier|[spread] p1a,p1b\n|-supereffective|p1a: Glastrier\n|-damage|p1a: Glastrier|62\/100\n|-damage|p1b: Clefable|33\/100\n|move|p1a: Glastrier|Stomping Tantrum|p2a: Heatran\n|-supereffective|p2a: Heatran\n|-damage|p2a: Heatran|0 fnt\n|faint|p2a: Heatran\n|-ability|p1a: Glastrier|Chilling Neigh|boost\n|-boost|p1a: Glastrier|atk|1\n|\n|upkeep\n|\n|t:|1697557657\n|switch|p2a: Murkrow|Murkrow, F|100\/100\n|turn|7\n|\n|t:|1697557664\n|move|p1b: Clefable|Follow Me|p1b: Clefable\n|-singleturn|p1b: Clefable|move: Follow Me\n|move|p2a: Murkrow|Tailwind|p2a: Murkrow\n|-sidestart|p2: preY3RK|move: Tailwind\n|move|p2b: Iron Bundle|Hydro Pump|p1b: Clefable\n|-damage|p1b: Clefable|0 fnt\n|faint|p1b: Clefable\n|move|p1a: Glastrier|Icicle Spear|p2a: Murkrow\n|-supereffective|p2a: Murkrow\n|-damage|p2a: Murkrow|55\/100\n|-supereffective|p2a: Murkrow\n|-damage|p2a: Murkrow|15\/100\n|-supereffective|p2a: Murkrow\n|-damage|p2a: Murkrow|0 fnt\n|faint|p2a: Murkrow\n|-ability|p1a: Glastrier|Chilling Neigh|boost\n|-boost|p1a: Glastrier|atk|1\n|-hitcount|p2: Murkrow|3\n|\n|upkeep\n|\n|t:|1697557682\n|switch|p2a: Ninetales|Ninetales-Alola, F|38\/100\n|switch|p1b: Indeedee|Indeedee-F, F|100\/100\n|-weather|Snow|[from] ability: Snow Warning|[of] p2a: Ninetales\n|-fieldstart|move: Psychic Terrain|[from] ability: Psychic Surge|[of] p1b: Indeedee\n|turn|8\n|\n|t:|1697557703\n|move|p2a: Ninetales|Protect|p2a: Ninetales\n|-singleturn|p2a: Ninetales|Protect\n|move|p1a: Glastrier|Protect|p1a: Glastrier\n|-singleturn|p1a: Glastrier|Protect\n|move|p2b: Iron Bundle|Hydro Pump|p1a: Glastrier\n|-activate|p1a: Glastrier|move: Protect\n|move|p1b: Indeedee|Trick Room|p1b: Indeedee\n|-fieldstart|move: Trick Room|[of] p1b: Indeedee\n|\n|-weather|Snow|[upkeep]\n|-sideend|p2: preY3RK|move: Aurora Veil\n|upkeep\n|turn|9\n|\n|t:|1697557725\n|move|p1b: Indeedee|Follow Me|p1b: Indeedee\n|-singleturn|p1b: Indeedee|move: Follow Me\n|move|p1a: Glastrier|Smart Strike|p2a: Ninetales\n|-supereffective|p2a: Ninetales\n|-damage|p2a: Ninetales|0 fnt\n|faint|p2a: Ninetales\n|-ability|p1a: Glastrier|Chilling Neigh|boost\n|-boost|p1a: Glastrier|atk|1\n|move|p2b: Iron Bundle|Hydro Pump|p1b: Indeedee|[miss]\n|-miss|p2b: Iron Bundle|p1b: Indeedee\n|\n|-weather|Snow|[upkeep]\n|upkeep\n|\n|t:|1697557731\n|switch|p2a: Flutter Mane|Flutter Mane|100\/100\n|-enditem|p2a: Flutter Mane|Booster Energy\n|-activate|p2a: Flutter Mane|ability: Protosynthesis|[fromitem]\n|-start|p2a: Flutter Mane|protosynthesisspa\n|turn|10\n|\n|t:|1697557757\n|-end|p2a: Flutter Mane|Protosynthesis|[silent]\n|switch|p2a: Rillaboom|Rillaboom, M|100\/100\n|-fieldstart|move: Grassy Terrain|[from] ability: Grassy Surge|[of] p2a: Rillaboom\n|-enditem|p2a: Rillaboom|Grassy Seed\n|-boost|p2a: Rillaboom|def|1|[from] item: Grassy Seed\n|-terastallize|p1a: Glastrier|Ice\n|move|p1b: Indeedee|Follow Me|p1b: Indeedee\n|-singleturn|p1b: Indeedee|move: Follow Me\n|move|p1a: Glastrier|Icicle Spear|p2a: Rillaboom\n|-supereffective|p2a: Rillaboom\n|-damage|p2a: Rillaboom|23\/100\n|-supereffective|p2a: Rillaboom\n|-damage|p2a: Rillaboom|0 fnt\n|faint|p2a: Rillaboom\n|-ability|p1a: Glastrier|Chilling Neigh|boost\n|-boost|p1a: Glastrier|atk|1\n|-hitcount|p2: Rillaboom|2\n|move|p2b: Iron Bundle|Hydro Pump|p1b: Indeedee\n|-damage|p1b: Indeedee|46\/100\n|\n|-weather|Snow|[upkeep]\n|-heal|p1a: Glastrier|68\/100|[from] Grassy Terrain\n|-heal|p1b: Indeedee|52\/100|[from] Grassy Terrain\n|-sideend|p2: preY3RK|move: Tailwind\n|upkeep\n|-message|preY3RK forfeited.\n|\n|win|Nkti hf\n|raw|Nkti hf's rating: 1122 &rarr; <strong>1160<\/strong><br \/>(+38 for winning)\n|raw|preY3RK's rating: 1316 &rarr; <strong>1286<\/strong><br \/>(-30 for losing)\n|l|\u203dpreY3RK\n|c|\u2606Nkti hf|Hahaha\n|c|\u2606Nkti hf|Eezy\n","uploadtime":1697557798,"views":8,"p1id":"nktihf","p2id":"prey3rk","formatid":"gen9nationaldexdoubles","rating":1160,"private":0,"password":""}