{"id":"gen9nationaldexdoubles-1981682795","p1":"AnonymousThe1","p2":"UltraVapor","format":"[Gen 9] National Dex Doubles","log":"|j|\u2606AnonymousThe1\n|j|\u2606UltraVapor\n|t:|1698933315\n|gametype|doubles\n|player|p1|AnonymousThe1|unknown|1198\n|player|p2|UltraVapor|shelly|1076\n|teamsize|p1|6\n|teamsize|p2|6\n|gen|9\n|tier|[Gen 9] National Dex Doubles\n|rated|\n|rule|HP Percentage Mod: HP is shown in percentages\n|rule|Endless Battle Clause: Forcing endless battles is banned\n|rule|OHKO Clause: OHKO moves are banned\n|rule|Evasion Moves Clause: Evasion moves are banned\n|rule|Evasion Abilities Clause: Evasion abilities are banned\n|rule|Species Clause: Limit one of each Pok\u00e9mon\n|rule|Gravity Sleep Clause: The combination of sleep-inducing moves with imperfect accuracy and Gravity or Gigantamax Orbeetle are banned\n|clearpoke\n|poke|p1|Conkeldurr, F|\n|poke|p1|Toxapex, M|\n|poke|p1|Lurantis, M|\n|poke|p1|Cresselia, F|\n|poke|p1|Gliscor, M|\n|poke|p1|Tapu Koko|\n|poke|p2|Pelipper, M|\n|poke|p2|Vaporeon, M|\n|poke|p2|Walking Wake|\n|poke|p2|Basculegion-F, F|\n|poke|p2|Ogerpon-Wellspring, F|\n|poke|p2|Urshifu-*, M|\n|teampreview\n|\n|t:|1698933334\n|start\n|switch|p1a: Cresselia|Cresselia, F|100\/100\n|switch|p1b: Tapu Koko|Tapu Koko, shiny|100\/100\n|switch|p2a: Pelipper|Pelipper, M|100\/100\n|switch|p2b: Ogerpon|Ogerpon-Wellspring, F|100\/100\n|-fieldstart|move: Electric Terrain|[from] ability: Electric Surge|[of] p1b: Tapu Koko\n|-weather|RainDance|[from] ability: Drizzle|[of] p2a: Pelipper\n|turn|1\n|\n|t:|1698933355\n|move|p1b: Tapu Koko|Wild Charge|p2a: Pelipper\n|-supereffective|p2a: Pelipper\n|-damage|p2a: Pelipper|0 fnt\n|faint|p2a: Pelipper\n|-damage|p1b: Tapu Koko|77\/100|[from] Recoil\n|move|p2b: Ogerpon|U-turn|p1a: Cresselia\n|-supereffective|p1a: Cresselia\n|-damage|p1a: Cresselia|66\/100\n|\n|t:|1698933365\n|switch|p2b: Basculegion|Basculegion-F, F|100\/100|[from] U-turn\n|move|p1a: Cresselia|Light Screen|p1a: Cresselia\n|-sidestart|p1: AnonymousThe1|move: Light Screen\n|\n|-weather|RainDance|[upkeep]\n|-heal|p1a: Cresselia|72\/100|[from] item: Leftovers\n|upkeep\n|\n|t:|1698933376\n|switch|p2a: Urshifu|Urshifu-Rapid-Strike, M|100\/100\n|turn|2\n|\n|t:|1698933403\n|switch|p1a: Lurantis|Lurantis, M|100\/100\n|move|p2b: Basculegion|Shadow Ball|p1a: Lurantis\n|-damage|p1a: Lurantis|57\/100\n|-damage|p2b: Basculegion|91\/100|[from] item: Life Orb\n|-zpower|p1b: Tapu Koko\n|move|p1b: Tapu Koko|Gigavolt Havoc|p2a: Urshifu|[zeffect]\n|-supereffective|p2a: Urshifu\n|-damage|p2a: Urshifu|0 fnt\n|faint|p2a: Urshifu\n|\n|-weather|RainDance|[upkeep]\n|upkeep\n|\n|t:|1698933424\n|switch|p2a: Ogerpon|Ogerpon-Wellspring, F|100\/100\n|turn|3\n|\n|t:|1698933447\n|-terastallize|p2b: Basculegion|Water\n|-terastallize|p1a: Lurantis|Grass\n|move|p2b: Basculegion|Surf|p1a: Lurantis|[spread] p1a,p1b\n|-immune|p2a: Ogerpon|[from] ability: Water Absorb\n|-resisted|p1a: Lurantis\n|-damage|p1a: Lurantis|20\/100\n|-damage|p1b: Tapu Koko|0 fnt\n|faint|p1b: Tapu Koko\n|-damage|p2b: Basculegion|81\/100|[from] item: Life Orb\n|move|p2a: Ogerpon|U-turn|p1a: Lurantis\n|-supereffective|p1a: Lurantis\n|-damage|p1a: Lurantis|0 fnt\n|faint|p1a: Lurantis\n|\n|t:|1698933462\n|switch|p2a: Walking Wake|Walking Wake|100\/100|[from] U-turn\n|-enditem|p2a: Walking Wake|Booster Energy\n|-activate|p2a: Walking Wake|ability: Protosynthesis|[fromitem]\n|-start|p2a: Walking Wake|protosynthesisspa\n|\n|-weather|RainDance|[upkeep]\n|upkeep\n|\n|t:|1698933476\n|switch|p1b: Conkeldurr|Conkeldurr, F|100\/100\n|switch|p1a: Cresselia|Cresselia, F|72\/100\n|turn|4\n|\n|t:|1698933497\n|move|p1b: Conkeldurr|Protect|p1b: Conkeldurr\n|-singleturn|p1b: Conkeldurr|Protect\n|move|p2b: Basculegion|Shadow Ball|p1a: Cresselia\n|-supereffective|p1a: Cresselia\n|-crit|p1a: Cresselia\n|-damage|p1a: Cresselia|0 fnt\n|faint|p1a: Cresselia\n|-damage|p2b: Basculegion|71\/100|[from] item: Life Orb\n|move|p2a: Walking Wake|Hydro Steam|p1b: Conkeldurr\n|-activate|p1b: Conkeldurr|move: Protect\n|\n|-weather|RainDance|[upkeep]\n|-status|p1b: Conkeldurr|brn|[from] item: Flame Orb\n|upkeep\n|\n|t:|1698933512\n|switch|p1a: Toxapex|Toxapex, M, shiny|100\/100\n|turn|5\n|\n|t:|1698933527\n|move|p2b: Basculegion|Surf|p1a: Toxapex|[spread] p2a,p1a,p1b\n|-resisted|p2a: Walking Wake\n|-resisted|p1a: Toxapex\n|-damage|p2a: Walking Wake|76\/100\n|-damage|p1a: Toxapex|80\/100\n|-damage|p1b: Conkeldurr|45\/100 brn\n|-damage|p2b: Basculegion|61\/100|[from] item: Life Orb\n|move|p2a: Walking Wake|Hydro Steam|p1b: Conkeldurr\n|-damage|p1b: Conkeldurr|0 fnt\n|faint|p1b: Conkeldurr\n|move|p1a: Toxapex|Toxic|p2a: Walking Wake\n|-status|p2a: Walking Wake|tox\n|\n|-weather|RainDance|[upkeep]\n|-heal|p1a: Toxapex|86\/100|[from] item: Black Sludge\n|-damage|p2a: Walking Wake|70\/100 tox|[from] psn\n|-sideend|p1: AnonymousThe1|move: Light Screen\n|-fieldend|move: Electric Terrain\n|upkeep\n|-message|AnonymousThe1 forfeited.\n|\n|win|UltraVapor\n|raw|AnonymousThe1's rating: 1198 &rarr; <strong>1165<\/strong><br \/>(-33 for losing)\n|raw|UltraVapor's rating: 1076 &rarr; <strong>1114<\/strong><br \/>(+38 for winning)\n|l|\u2606AnonymousThe1\n|c|\u2606UltraVapor|gg\n","uploadtime":1698933548,"views":8,"p1id":"anonymousthe1","p2id":"ultravapor","formatid":"gen9nationaldexdoubles","rating":1114,"private":0,"password":""}