{"id":"gen9nationaldexdoubles-1999304043","p1":"luijoroma","p2":"justafrog123","format":"[Gen 9] National Dex Doubles","log":"|j|\u2606luijoroma\n|j|\u2606justafrog123\n|t:|1701057517\n|gametype|doubles\n|player|p1|luijoroma|lucas-gen4pt|1136\n|player|p2|justafrog123|swimmerf|1205\n|teamsize|p1|6\n|teamsize|p2|6\n|gen|9\n|tier|[Gen 9] National Dex Doubles\n|rated|\n|rule|HP Percentage Mod: HP is shown in percentages\n|rule|Endless Battle Clause: Forcing endless battles is banned\n|rule|OHKO Clause: OHKO moves are banned\n|rule|Evasion Moves Clause: Evasion moves are banned\n|rule|Evasion Abilities Clause: Evasion abilities are banned\n|rule|Species Clause: Limit one of each Pok\u00e9mon\n|rule|Gravity Sleep Clause: The combination of sleep-inducing moves with imperfect accuracy and Gravity or Gigantamax Orbeetle are banned\n|clearpoke\n|poke|p1|Skeledirge, M|\n|poke|p1|Tinkaton, F|\n|poke|p1|Milotic, F|\n|poke|p1|Baxcalibur, M|\n|poke|p1|Garchomp, M|\n|poke|p1|Iron Valiant|\n|poke|p2|Rillaboom, F|\n|poke|p2|Abomasnow, F|\n|poke|p2|Dedenne, M|\n|poke|p2|Ceruledge, M|\n|poke|p2|Hawlucha, F|\n|poke|p2|Wooper-Paldea, M|\n|teampreview\n|inactive|Battle timer is ON: inactive players will automatically lose when time's up. (requested by justafrog123)\n|inactive|justafrog123 has 120 seconds left.\n|\n|t:|1701057570\n|start\n|switch|p1a: Skeledirge|Skeledirge, M|100\/100\n|switch|p1b: Baxcalibur|Baxcalibur, M|100\/100\n|switch|p2a: Ceruledge|Ceruledge, M|100\/100\n|switch|p2b: Abomasnow|Abomasnow, F|100\/100\n|-weather|Snow|[from] ability: Snow Warning|[of] p2b: Abomasnow\n|turn|1\n|\n|t:|1701057590\n|detailschange|p2b: Abomasnow|Abomasnow-Mega, F\n|-mega|p2b: Abomasnow|Abomasnow|Abomasite\n|move|p2a: Ceruledge|Ally Switch|p2a: Ceruledge\n|swap|p2a: Ceruledge|1|[from] move: Ally Switch\n|move|p1b: Baxcalibur|Dragon Dance|p1b: Baxcalibur\n|-boost|p1b: Baxcalibur|atk|1\n|-boost|p1b: Baxcalibur|spe|1\n|move|p1a: Skeledirge|Torch Song|p2b: Ceruledge\n|-start|p2b: Ceruledge|ability: Flash Fire\n|move|p2a: Abomasnow|Chilling Water|p1a: Skeledirge\n|-supereffective|p1a: Skeledirge\n|-damage|p1a: Skeledirge|61\/100\n|-unboost|p1a: Skeledirge|atk|1\n|\n|-weather|Snow|[upkeep]\n|-heal|p1a: Skeledirge|67\/100|[from] item: Leftovers\n|upkeep\n|turn|2\n|\n|t:|1701057615\n|move|p1b: Baxcalibur|Protect|p1b: Baxcalibur\n|-singleturn|p1b: Baxcalibur|Protect\n|move|p2b: Ceruledge|Shadow Sneak|p1a: Skeledirge\n|-supereffective|p1a: Skeledirge\n|-damage|p1a: Skeledirge|39\/100\n|move|p1a: Skeledirge|Slack Off|p1a: Skeledirge\n|-heal|p1a: Skeledirge|89\/100\n|move|p2a: Abomasnow|Aurora Veil|p2a: Abomasnow\n|-sidestart|p2: justafrog123|move: Aurora Veil\n|\n|-weather|Snow|[upkeep]\n|-heal|p1a: Skeledirge|95\/100|[from] item: Leftovers\n|upkeep\n|turn|3\n|\n|t:|1701057635\n|-terastallize|p1a: Skeledirge|Water\n|move|p1b: Baxcalibur|Dragon Dance|p1b: Baxcalibur\n|-boost|p1b: Baxcalibur|atk|1\n|-boost|p1b: Baxcalibur|spe|1\n|move|p2b: Ceruledge|Swords Dance|p2b: Ceruledge\n|-boost|p2b: Ceruledge|atk|2\n|move|p1a: Skeledirge|Earth Power|p2b: Ceruledge\n|-supereffective|p2b: Ceruledge\n|-damage|p2b: Ceruledge|59\/100\n|move|p2a: Abomasnow|Chilling Water|p1a: Skeledirge\n|-resisted|p1a: Skeledirge\n|-damage|p1a: Skeledirge|86\/100\n|-unboost|p1a: Skeledirge|atk|1\n|\n|-weather|Snow|[upkeep]\n|-heal|p1a: Skeledirge|92\/100|[from] item: Leftovers\n|upkeep\n|turn|4\n|\n|t:|1701057657\n|move|p1b: Baxcalibur|Glaive Rush|p2b: Ceruledge\n|-damage|p2b: Ceruledge|0 fnt\n|-singlemove|p1b: Baxcalibur|Glaive Rush|[silent]\n|faint|p2b: Ceruledge\n|move|p1a: Skeledirge|Torch Song|p2a: Abomasnow\n|-supereffective|p2a: Abomasnow\n|-damage|p2a: Abomasnow|10\/100\n|-boost|p1a: Skeledirge|spa|1\n|move|p2a: Abomasnow|Giga Drain|p1a: Skeledirge\n|-supereffective|p1a: Skeledirge\n|-damage|p1a: Skeledirge|0 fnt\n|-heal|p2a: Abomasnow|65\/100|[from] drain|[of] p1a: Skeledirge\n|faint|p1a: Skeledirge\n|\n|-weather|Snow|[upkeep]\n|upkeep\n|\n|t:|1701057677\n|switch|p2b: Hawlucha|Hawlucha, F|100\/100\n|switch|p1a: Iron Valiant|Iron Valiant|100\/100\n|-enditem|p1a: Iron Valiant|Booster Energy\n|-activate|p1a: Iron Valiant|ability: Quark Drive|[fromitem]\n|-start|p1a: Iron Valiant|quarkdrivespe\n|turn|5\n|\n|t:|1701057687\n|move|p1b: Baxcalibur|Protect|p1b: Baxcalibur\n|-singleturn|p1b: Baxcalibur|Protect\n|move|p1a: Iron Valiant|Moonblast|p2b: Hawlucha\n|-supereffective|p2b: Hawlucha\n|-enditem|p2b: Hawlucha|Focus Sash\n|-damage|p2b: Hawlucha|1\/100\n|move|p2b: Hawlucha|Close Combat|p1b: Baxcalibur\n|-activate|p1b: Baxcalibur|move: Protect\n|move|p2a: Abomasnow|Blizzard|p1a: Iron Valiant|[spread] p1a\n|-activate|p1b: Baxcalibur|move: Protect\n|-damage|p1a: Iron Valiant|20\/100\n|\n|-weather|none\n|upkeep\n|turn|6\n|\n|t:|1701057711\n|move|p2b: Hawlucha|Close Combat|p1b: Baxcalibur\n|-supereffective|p1b: Baxcalibur\n|-damage|p1b: Baxcalibur|0 fnt\n|-unboost|p2b: Hawlucha|def|1\n|-unboost|p2b: Hawlucha|spd|1\n|faint|p1b: Baxcalibur\n|move|p1a: Iron Valiant|Psycho Cut|p2b: Hawlucha\n|-supereffective|p2b: Hawlucha\n|-damage|p2b: Hawlucha|0 fnt\n|faint|p2b: Hawlucha\n|move|p2a: Abomasnow|Blizzard|p1a: Iron Valiant|[miss]\n|-miss|p2a: Abomasnow|p1a: Iron Valiant\n|\n|-sideend|p2: justafrog123|move: Aurora Veil\n|upkeep\n|\n|t:|1701057728\n|switch|p2b: Rillaboom|Rillaboom, F|100\/100\n|switch|p1b: Tinkaton|Tinkaton, F|100\/100\n|-ability|p1b: Tinkaton|Mold Breaker\n|-fieldstart|move: Grassy Terrain|[from] ability: Grassy Surge|[of] p2b: Rillaboom\n|turn|7\n|\n|t:|1701057738\n|move|p1b: Tinkaton|Protect|p1b: Tinkaton\n|-singleturn|p1b: Tinkaton|Protect\n|move|p2b: Rillaboom|Grassy Glide|p1a: Iron Valiant\n|-damage|p1a: Iron Valiant|0 fnt\n|faint|p1a: Iron Valiant\n|-end|p1a: Iron Valiant|Quark Drive|[silent]\n|move|p2a: Abomasnow|Chilling Water|p1b: Tinkaton\n|-activate|p1b: Tinkaton|move: Protect\n|\n|-heal|p2a: Abomasnow|71\/100|[from] Grassy Terrain\n|upkeep\n|\n|t:|1701057750\n|switch|p1a: Milotic|Milotic, F, shiny|100\/100\n|turn|8\n|\n|t:|1701057761\n|move|p1b: Tinkaton|Gigaton Hammer|p2a: Abomasnow\n|-supereffective|p2a: Abomasnow\n|-damage|p2a: Abomasnow|0 fnt\n|faint|p2a: Abomasnow\n|move|p1a: Milotic|Ice Beam|p2b: Rillaboom\n|-supereffective|p2b: Rillaboom\n|-damage|p2b: Rillaboom|49\/100\n|move|p2b: Rillaboom|Knock Off|p1a: Milotic\n|-damage|p1a: Milotic|63\/100\n|-enditem|p1a: Milotic|Flame Orb|[from] move: Knock Off|[of] p2b: Rillaboom\n|\n|-heal|p1a: Milotic|69\/100|[from] Grassy Terrain\n|-heal|p2b: Rillaboom|55\/100|[from] Grassy Terrain\n|-heal|p2b: Rillaboom|62\/100|[from] item: Leftovers\n|upkeep\n|inactive|justafrog123 has 120 seconds left.\n|\n|t:|1701057787\n|switch|p2a: Wooper|Wooper-Paldea, M|100\/100\n|turn|9\n|\n|t:|1701057805\n|move|p1b: Tinkaton|Swords Dance|p1b: Tinkaton\n|-boost|p1b: Tinkaton|atk|2\n|move|p1a: Milotic|Recover|p1a: Milotic\n|-heal|p1a: Milotic|100\/100\n|move|p2b: Rillaboom|Swords Dance|p2b: Rillaboom\n|-boost|p2b: Rillaboom|atk|2\n|move|p2a: Wooper|Chilling Water|p1b: Tinkaton\n|-damage|p1b: Tinkaton|96\/100\n|-unboost|p1b: Tinkaton|atk|1\n|\n|-heal|p1b: Tinkaton|100\/100|[from] Grassy Terrain\n|-heal|p2b: Rillaboom|68\/100|[from] Grassy Terrain\n|-heal|p2b: Rillaboom|74\/100|[from] item: Leftovers\n|upkeep\n|turn|10\n|\n|t:|1701057831\n|move|p2b: Rillaboom|Grassy Glide|p1b: Tinkaton\n|-resisted|p1b: Tinkaton\n|-damage|p1b: Tinkaton|51\/100\n|move|p1b: Tinkaton|Gigaton Hammer|p2b: Rillaboom\n|-damage|p2b: Rillaboom|0 fnt\n|faint|p2b: Rillaboom\n|move|p1a: Milotic|Scald|p2a: Wooper\n|-supereffective|p2a: Wooper\n|-enditem|p2a: Wooper|Focus Sash\n|-damage|p2a: Wooper|1\/100\n|move|p2a: Wooper|Chilling Water|p1b: Tinkaton\n|-damage|p1b: Tinkaton|47\/100\n|-unboost|p1b: Tinkaton|atk|1\n|\n|-heal|p1b: Tinkaton|53\/100|[from] Grassy Terrain\n|-heal|p2a: Wooper|7\/100|[from] Grassy Terrain\n|upkeep\n|\n|t:|1701057844\n|switch|p2b: Dedenne|Dedenne, M|100\/100\n|turn|11\n|-message|justafrog123 forfeited.\n|\n|win|luijoroma\n|raw|luijoroma's rating: 1136 &rarr; <strong>1166<\/strong><br \/>(+30 for winning)\n|raw|justafrog123's rating: 1205 &rarr; <strong>1175<\/strong><br \/>(-30 for losing)\n|l|\u2606justafrog123\n","uploadtime":1701057855,"views":0,"p1id":"luijoroma","p2id":"justafrog123","formatid":"gen9nationaldexdoubles","rating":1166,"private":0,"password":""}