{"id":"gen9nationaldexdoubles-1994443093","p1":"Shiny_Hero64","p2":"TheMoistFetus","format":"[Gen 9] National Dex Doubles","log":"|j|\u2606Shiny_Hero64\n|j|\u2606TheMoistFetus\n|t:|1700444503\n|gametype|doubles\n|player|p1|Shiny_Hero64|n-masters3|\n|player|p2|TheMoistFetus|bianca-pwt|\n|teamsize|p1|6\n|teamsize|p2|6\n|gen|9\n|tier|[Gen 9] National Dex Doubles\n|rule|HP Percentage Mod: HP is shown in percentages\n|rule|Endless Battle Clause: Forcing endless battles is banned\n|rule|OHKO Clause: OHKO moves are banned\n|rule|Evasion Moves Clause: Evasion moves are banned\n|rule|Evasion Abilities Clause: Evasion abilities are banned\n|rule|Species Clause: Limit one of each Pok\u00e9mon\n|rule|Gravity Sleep Clause: The combination of sleep-inducing moves with imperfect accuracy and Gravity or Gigantamax Orbeetle are banned\n|clearpoke\n|poke|p1|Indeedee-F, F|\n|poke|p1|Chien-Pao|\n|poke|p1|Alakazam, F|\n|poke|p1|Sneasler, F|\n|poke|p1|Ursaluna-Bloodmoon, M|\n|poke|p1|Deoxys-Attack|\n|poke|p2|Chien-Pao|\n|poke|p2|Iron Bundle|\n|poke|p2|Ninetales-Alola, F|\n|poke|p2|Ogerpon-Cornerstone, F|\n|poke|p2|Tornadus, M|\n|poke|p2|Chi-Yu|\n|teampreview\n|j| TestudoJK\n|c|\u2606Shiny_Hero64|Showdown broke for me\n|c|\u2606TheMoistFetus|ah\n|j| Ryan1Baek\n|c|\u2606Shiny_Hero64|Btw Delta\n|\n|t:|1700444554\n|start\n|switch|p1a: Indeedee|Indeedee-F, F|100\/100\n|switch|p1b: Fred bear|Ursaluna-Bloodmoon, M|100\/100\n|switch|p2a: Mr Small|Tornadus, M, shiny|100\/100\n|switch|p2b: Gumball|Ninetales-Alola, F|100\/100\n|-weather|Snow|[from] ability: Snow Warning|[of] p2b: Gumball\n|-fieldstart|move: Psychic Terrain|[from] ability: Psychic Surge|[of] p1a: Indeedee\n|turn|1\n|c|\u2606Shiny_Hero64|you had a 6% chance to OHKO\n|c|\u2606Shiny_Hero64|With Chi-yu\n|\n|t:|1700444584\n|move|p1b: Fred bear|Protect|p1b: Fred bear\n|-singleturn|p1b: Fred bear|Protect\n|move|p2b: Gumball|Aurora Veil|p2b: Gumball\n|-sidestart|p2: TheMoistFetus|move: Aurora Veil\n|move|p2a: Mr Small|Bleakwind Storm|p1b: Fred bear|[spread] \n|-activate|p1b: Fred bear|move: Protect\n|-miss|p2a: Mr Small|p1a: Indeedee\n|move|p1a: Indeedee|Trick Room|p1a: Indeedee\n|-fieldstart|move: Trick Room|[of] p1a: Indeedee\n|\n|-weather|Snow|[upkeep]\n|upkeep\n|turn|2\n|\n|t:|1700444611\n|move|p2a: Mr Small|Taunt|p1a: Indeedee\n|-activate|p1a: Indeedee|move: Psychic Terrain\n|move|p1b: Fred bear|Calm Mind|p1b: Fred bear\n|-boost|p1b: Fred bear|spa|1\n|-boost|p1b: Fred bear|spd|1\n|move|p1a: Indeedee|Expanding Force|p2a: Mr Small|[spread] p2a,p2b\n|-damage|p2a: Mr Small|82\/100\n|-damage|p2b: Gumball|76\/100\n|move|p2b: Gumball|Blizzard|p1b: Fred bear|[spread] p1a,p1b\n|-supereffective|p1b: Fred bear\n|-damage|p1a: Indeedee|77\/100\n|-damage|p1b: Fred bear|65\/100\n|\n|-weather|Snow|[upkeep]\n|-heal|p1b: Fred bear|71\/100|[from] item: Leftovers\n|upkeep\n|turn|3\n|\n|t:|1700444672\n|switch|p2a: Nicole|Chien-Pao|100\/100\n|-ability|p2a: Nicole|Sword of Ruin\n|move|p1a: Indeedee|Helping Hand|p1b: Fred bear\n|-singleturn|p1b: Fred bear|Helping Hand|[of] p1a: Indeedee\n|move|p1b: Fred bear|Blood Moon|p2b: Gumball\n|-damage|p2b: Gumball|0 fnt\n|faint|p2b: Gumball\n|\n|-weather|Snow|[upkeep]\n|-heal|p1b: Fred bear|77\/100|[from] item: Leftovers\n|upkeep\n|\n|t:|1700444689\n|switch|p2b: Penny|Ogerpon-Cornerstone, F|100\/100\n|turn|4\n|\n|t:|1700444710\n|move|p2b: Penny|Spiky Shield|p2b: Penny\n|-singleturn|p2b: Penny|move: Protect\n|move|p1a: Indeedee|Follow Me|p1a: Indeedee\n|-singleturn|p1a: Indeedee|move: Follow Me\n|move|p1b: Fred bear|Earth Power|p2a: Nicole\n|-damage|p2a: Nicole|19\/100\n|move|p2a: Nicole|Icicle Crash|p1a: Indeedee\n|-damage|p1a: Indeedee|29\/100\n|\n|-weather|Snow|[upkeep]\n|-heal|p1b: Fred bear|83\/100|[from] item: Leftovers\n|upkeep\n|turn|5\n|\n|t:|1700444770\n|move|p2a: Nicole|Protect|p2a: Nicole\n|-singleturn|p2a: Nicole|Protect\n|move|p1a: Indeedee|Follow Me|p1a: Indeedee\n|-singleturn|p1a: Indeedee|move: Follow Me\n|move|p1b: Fred bear|Earth Power|p2b: Penny\n|-damage|p2b: Penny|40\/100\n|move|p2b: Penny|Horn Leech|p1a: Indeedee\n|-damage|p1a: Indeedee|0 fnt\n|-heal|p2b: Penny|57\/100|[from] drain|[of] p1a: Indeedee\n|faint|p1a: Indeedee\n|\n|-weather|none\n|-heal|p1b: Fred bear|89\/100|[from] item: Leftovers\n|-fieldend|move: Trick Room\n|upkeep\n|\n|t:|1700444782\n|switch|p1a: Sneasler|Sneasler, F|100\/100\n|-enditem|p1a: Sneasler|Psychic Seed\n|-boost|p1a: Sneasler|spd|1|[from] item: Psychic Seed\n|turn|6\n|\n|t:|1700444800\n|switch|p2a: Mr Small|Tornadus, M, shiny|82\/100\n|move|p2b: Penny|Spiky Shield|p2b: Penny\n|-singleturn|p2b: Penny|move: Protect\n|move|p1a: Sneasler|Dire Claw|p2a: Mr Small\n|-damage|p2a: Mr Small|44\/100\n|move|p1b: Fred bear|Earth Power|p2b: Penny\n|-activate|p2b: Penny|move: Protect\n|\n|-heal|p1b: Fred bear|95\/100|[from] item: Leftovers\n|upkeep\n|turn|7\n|\n|t:|1700444825\n|move|p2a: Mr Small|Tailwind|p2a: Mr Small\n|-sidestart|p2: TheMoistFetus|move: Tailwind\n|move|p2b: Penny|Ivy Cudgel|p1a: Sneasler|[anim] Ivy Cudgel Rock\n|-resisted|p1a: Sneasler\n|-crit|p1a: Sneasler\n|-damage|p1a: Sneasler|22\/100\n|move|p1a: Sneasler|Dire Claw|p2a: Mr Small\n|-damage|p2a: Mr Small|7\/100\n|move|p1b: Fred bear|Earth Power|p2b: Penny\n|-damage|p2b: Penny|0 fnt\n|faint|p2b: Penny\n|\n|-heal|p1b: Fred bear|100\/100|[from] item: Leftovers\n|upkeep\n|\n|t:|1700444840\n|switch|p2b: Nicole|Chien-Pao|19\/100\n|-ability|p2b: Nicole|Sword of Ruin\n|turn|8\n|\n|t:|1700444864\n|-terastallize|p1b: Fred bear|Fairy\n|move|p1a: Sneasler|Protect|p1a: Sneasler\n|-singleturn|p1a: Sneasler|Protect\n|move|p2b: Nicole|Sacred Sword|p1b: Fred bear\n|-resisted|p1b: Fred bear\n|-damage|p1b: Fred bear|88\/100\n|move|p2a: Mr Small|Bleakwind Storm|p1a: Sneasler|[spread] p1b\n|-activate|p1a: Sneasler|move: Protect\n|-damage|p1b: Fred bear|66\/100\n|move|p1b: Fred bear|Blood Moon|p2a: Mr Small\n|-damage|p2a: Mr Small|0 fnt\n|faint|p2a: Mr Small\n|\n|-heal|p1b: Fred bear|72\/100|[from] item: Leftovers\n|-sideend|p2: TheMoistFetus|move: Aurora Veil\n|-fieldend|move: Psychic Terrain\n|upkeep\n|\n|t:|1700444907\n|switch|p2a: Darwin|Chi-Yu|100\/100\n|-ability|p2a: Darwin|Beads of Ruin\n|turn|9\n|\n|t:|1700444921\n|-terastallize|p2a: Darwin|Fire\n|move|p1b: Fred bear|Protect|p1b: Fred bear\n|-singleturn|p1b: Fred bear|Protect\n|move|p2a: Darwin|Overheat|p1b: Fred bear\n|-activate|p1b: Fred bear|move: Protect\n|move|p2b: Nicole|Sacred Sword|p1a: Sneasler\n|-resisted|p1a: Sneasler\n|-damage|p1a: Sneasler|0 fnt\n|faint|p1a: Sneasler\n|\n|-heal|p1b: Fred bear|78\/100|[from] item: Leftovers\n|upkeep\n|\n|t:|1700444934\n|switch|p1a: Chien-Pao|Chien-Pao|100\/100\n|-ability|p1a: Chien-Pao|Sword of Ruin\n|turn|10\n|\n|t:|1700444955\n|move|p2b: Nicole|Protect|p2b: Nicole\n|-singleturn|p2b: Nicole|Protect\n|move|p1a: Chien-Pao|Protect|p1a: Chien-Pao\n|-singleturn|p1a: Chien-Pao|Protect\n|move|p2a: Darwin|Overheat|p1b: Fred bear|[miss]\n|-miss|p2a: Darwin|p1b: Fred bear\n|move|p1b: Fred bear|Earth Power|p2a: Darwin\n|-supereffective|p2a: Darwin\n|-damage|p2a: Darwin|0 fnt\n|faint|p2a: Darwin\n|\n|-heal|p1b: Fred bear|84\/100|[from] item: Leftovers\n|-sideend|p2: TheMoistFetus|move: Tailwind\n|upkeep\n|c|\u2606TheMoistFetus|FUCJK\\\n|c| Ryan1Baek|NOOOOOO\n|c|\u2606TheMoistFetus|FUCK\n|c|\u2606TheMoistFetus|FUCKI\n|c|\u2606Shiny_Hero64|wtf is that!?\n|c|\u2606TheMoistFetus|THAT OHKOED\n|c|\u2606TheMoistFetus|THAT FUCKING OHKOED\n|\n|t:|1700444984\n|switch|p2a: Bobert|Iron Bundle, shiny|100\/100\n|-enditem|p2a: Bobert|Booster Energy\n|-activate|p2a: Bobert|ability: Quark Drive|[fromitem]\n|-start|p2a: Bobert|quarkdrivespe\n|turn|11\n|c|\u2606Shiny_Hero64|Maybe I should\u2019ve name this nightmare Fred bear\n|c|\u2606TheMoistFetus|ITS SO OVER\n|c| TestudoJK|banned\n|c| TestudoJK|lowkey\n|c|\u2606TheMoistFetus|jordan brought me bad luck confirmede\n|\n|t:|1700445027\n|switch|p1a: Alakazam|Alakazam, F|100\/100\n|move|p2b: Nicole|Sucker Punch||[still]\n|-fail|p2b: Nicole\n|move|p2a: Bobert|Blizzard|p1b: Fred bear|[spread] p1a,p1b\n|-damage|p1a: Alakazam|42\/100\n|-damage|p1b: Fred bear|50\/100\n|move|p1b: Fred bear|Blood Moon|p2a: Bobert\n|-damage|p2a: Bobert|0 fnt\n|faint|p2a: Bobert\n|-end|p2a: Bobert|Quark Drive|[silent]\n|\n|-heal|p1b: Fred bear|57\/100|[from] item: Leftovers\n|upkeep\n|turn|12\n|c|\u2606TheMoistFetus|ggs\n|\n|t:|1700445046\n|detailschange|p1a: Alakazam|Alakazam-Mega, F\n|-mega|p1a: Alakazam|Alakazam|Alakazite\n|-ability|p1a: Alakazam|Sword of Ruin\n|-ability|p1a: Alakazam|Sword of Ruin|[from] ability: Trace|[of] p2b: Nicole\n|move|p2b: Nicole|Sucker Punch||[still]\n|-fail|p2b: Nicole\n|move|p1a: Alakazam|Substitute|p1a: Alakazam\n|-start|p1a: Alakazam|Substitute\n|-damage|p1a: Alakazam|17\/100\n|move|p1b: Fred bear|Earth Power|p2b: Nicole\n|-damage|p2b: Nicole|0 fnt\n|faint|p2b: Nicole\n|\n|win|Shiny_Hero64\n|c|\u2606Shiny_Hero64|Ggs\n","uploadtime":1700445061,"views":9,"p1id":"shinyhero64","p2id":"themoistfetus","formatid":"gen9nationaldexdoubles","rating":0,"private":0,"password":""}