{"id":"gen9nationaldexdoubles-1948399653","p1":"MisuOtt","p2":"Vyxie_Foxy","format":"[Gen 9] National Dex Doubles","log":"|j|\u2606MisuOtt\n|j|\u2606Vyxie_Foxy\n|t:|1695256122\n|gametype|doubles\n|player|p1|MisuOtt|170|\n|player|p2|Vyxie_Foxy|fantina|\n|teamsize|p1|4\n|teamsize|p2|4\n|gen|9\n|tier|[Gen 9] National Dex Doubles\n|rule|HP Percentage Mod: HP is shown in percentages\n|rule|Endless Battle Clause: Forcing endless battles is banned\n|rule|OHKO Clause: OHKO moves are banned\n|rule|Evasion Moves Clause: Evasion moves are banned\n|rule|Evasion Abilities Clause: Evasion abilities are banned\n|rule|Species Clause: Limit one of each Pok\u00e9mon\n|rule|Gravity Sleep Clause: The combination of sleep-inducing moves with imperfect accuracy and Gravity or Gigantamax Orbeetle are banned\n|clearpoke\n|poke|p1|Lycanroc-Midnight, M|\n|poke|p1|Typhlosion-Hisui, M|\n|poke|p1|Lickitung, F|\n|poke|p1|Garchomp, F|\n|poke|p2|Oricorio-Sensu, F|\n|poke|p2|Quaquaval, F|\n|poke|p2|Kleavor, F|\n|poke|p2|Spiritomb, F|\n|teampreview\n|\n|t:|1695256133\n|start\n|switch|p1a: Daddy|Garchomp, F|100\/100\n|switch|p1b: Edgei-boi|Lycanroc-Midnight, M|100\/100\n|switch|p2a: MooSoosh|Kleavor, F|100\/100\n|switch|p2b: CovidSphere|Spiritomb, F|100\/100\n|-ability|p2b: CovidSphere|Pressure\n|turn|1\n|\n|t:|1695256152\n|move|p1a: Daddy|Spikes|p2a: MooSoosh\n|-sidestart|p2: Vyxie_Foxy|Spikes\n|move|p2a: MooSoosh|Stone Axe|p1a: Daddy\n|-resisted|p1a: Daddy\n|-damage|p1a: Daddy|59\/100\n|-damage|p2a: MooSoosh|88\/100|[from] ability: Rough Skin|[of] p1a: Daddy\n|-sidestart|p1: MisuOtt|move: Stealth Rock\n|move|p1b: Edgei-boi|Rock Blast|p2a: MooSoosh\n|-supereffective|p2a: MooSoosh\n|-damage|p2a: MooSoosh|57\/100\n|-supereffective|p2a: MooSoosh\n|-damage|p2a: MooSoosh|29\/100\n|-supereffective|p2a: MooSoosh\n|-damage|p2a: MooSoosh|0 fnt\n|faint|p2a: MooSoosh\n|-hitcount|p2: MooSoosh|3\n|move|p2b: CovidSphere|Dark Pulse|p1b: Edgei-boi\n|-damage|p1b: Edgei-boi|47\/100\n|\n|upkeep\n|\n|t:|1695256168\n|switch|p2a: VyxieBirb|Oricorio-Sensu, F|100\/100\n|turn|2\n|c|\u2606Vyxie_Foxy|<3 bwah\n|\n|t:|1695256189\n|detailschange|p1a: Daddy|Garchomp-Mega, F\n|-mega|p1a: Daddy|Garchomp|Garchompite\n|move|p2a: VyxieBirb|Protect|p2a: VyxieBirb\n|-singleturn|p2a: VyxieBirb|Protect\n|move|p1a: Daddy|Scorching Sands|p2b: CovidSphere\n|-crit|p2b: CovidSphere\n|-damage|p2b: CovidSphere|59\/100\n|move|p2b: CovidSphere|Rest|p2b: CovidSphere\n|-status|p2b: CovidSphere|slp|[from] move: Rest\n|-heal|p2b: CovidSphere|100\/100 slp|[silent]\n|move|p1b: Edgei-boi|Counter||[still]\n|-fail|p1b: Edgei-boi\n|\n|upkeep\n|turn|3\n|\n|t:|1695256213\n|-terastallize|p2b: CovidSphere|Dark\n|move|p2a: VyxieBirb|Revelation Dance|p1b: Edgei-boi\n|-damage|p1b: Edgei-boi|0 fnt\n|faint|p1b: Edgei-boi\n|-damage|p2a: VyxieBirb|91\/100|[from] item: Life Orb\n|cant|p2b: CovidSphere|slp\n|move|p2b: CovidSphere|Sleep Talk|p2b: CovidSphere\n|move|p2b: CovidSphere|Calm Mind|p2b: CovidSphere|[from]move: Sleep Talk\n|-boost|p2b: CovidSphere|spa|1\n|-boost|p2b: CovidSphere|spd|1\n|move|p1a: Daddy|Dragon Tail|p2b: CovidSphere|[miss]\n|-miss|p1a: Daddy|p2b: CovidSphere\n|\n|upkeep\n|\n|t:|1695256227\n|switch|p1b: Protect yo self|Lickitung, F|100\/100\n|-damage|p1b: Protect yo self|88\/100|[from] Stealth Rock\n|turn|4\n|\n|t:|1695256243\n|move|p2a: VyxieBirb|Revelation Dance|p1b: Protect yo self\n|-immune|p1b: Protect yo self\n|move|p1a: Daddy|Poison Jab|p2a: VyxieBirb\n|-resisted|p2a: VyxieBirb\n|-damage|p2a: VyxieBirb|68\/100\n|cant|p2b: CovidSphere|slp\n|move|p1b: Protect yo self|Disable|p2b: CovidSphere\n|-start|p2b: CovidSphere|Disable|Sleep Talk\n|\n|-heal|p1b: Protect yo self|94\/100|[from] item: Leftovers\n|upkeep\n|turn|5\n|\n|t:|1695256268\n|-terastallize|p1b: Protect yo self|Normal\n|move|p2a: VyxieBirb|Protect|p2a: VyxieBirb\n|-singleturn|p2a: VyxieBirb|Protect\n|move|p1a: Daddy|Scorching Sands|p2a: VyxieBirb\n|-activate|p2a: VyxieBirb|move: Protect\n|-curestatus|p2b: CovidSphere|slp|[msg]\n|move|p2b: CovidSphere|Calm Mind|p2b: CovidSphere\n|-boost|p2b: CovidSphere|spa|1\n|-boost|p2b: CovidSphere|spd|1\n|move|p1b: Protect yo self|Disable|p2a: VyxieBirb\n|-activate|p2a: VyxieBirb|move: Protect\n|\n|-heal|p1b: Protect yo self|100\/100|[from] item: Leftovers\n|upkeep\n|turn|6\n|\n|t:|1695256293\n|move|p2a: VyxieBirb|Revelation Dance|p1b: Protect yo self\n|-immune|p1b: Protect yo self\n|move|p2b: CovidSphere|Dark Pulse|p1a: Daddy\n|-damage|p1a: Daddy|0 fnt\n|faint|p1a: Daddy\n|move|p1b: Protect yo self|Disable|p2a: VyxieBirb\n|-start|p2a: VyxieBirb|Disable|Revelation Dance\n|\n|upkeep\n|\n|t:|1695256302\n|switch|p1a: HAHA HE BOOM|Typhlosion-Hisui, M|100\/100\n|-item|p2a: VyxieBirb|Life Orb|[from] ability: Frisk|[of] p1a: HAHA HE BOOM|[identify]\n|-item|p2b: CovidSphere|Leftovers|[from] ability: Frisk|[of] p1a: HAHA HE BOOM|[identify]\n|turn|7\n|\n|t:|1695256320\n|move|p1a: HAHA HE BOOM|Flamethrower|p2b: CovidSphere\n|-damage|p2b: CovidSphere|82\/100\n|move|p2a: VyxieBirb|Roost|p2a: VyxieBirb\n|-heal|p2a: VyxieBirb|100\/100\n|-singleturn|p2a: VyxieBirb|move: Roost\n|move|p2b: CovidSphere|Dark Pulse|p1b: Protect yo self\n|-damage|p1b: Protect yo self|23\/100\n|move|p1b: Protect yo self|Iron Tail|p2a: VyxieBirb\n|-damage|p2a: VyxieBirb|80\/100\n|\n|-heal|p2b: CovidSphere|88\/100|[from] item: Leftovers\n|-heal|p1b: Protect yo self|30\/100|[from] item: Leftovers\n|upkeep\n|turn|8\n|\n|t:|1695256355\n|move|p2a: VyxieBirb|Protect|p2a: VyxieBirb\n|-singleturn|p2a: VyxieBirb|Protect\n|move|p1b: Protect yo self|Protect|p1b: Protect yo self\n|-singleturn|p1b: Protect yo self|Protect\n|move|p1a: HAHA HE BOOM|Will-O-Wisp|p2a: VyxieBirb\n|-activate|p2a: VyxieBirb|move: Protect\n|move|p2b: CovidSphere|Dark Pulse|p1b: Protect yo self\n|-activate|p1b: Protect yo self|move: Protect\n|\n|-heal|p2b: CovidSphere|94\/100|[from] item: Leftovers\n|-heal|p1b: Protect yo self|36\/100|[from] item: Leftovers\n|-end|p2b: CovidSphere|Disable\n|upkeep\n|turn|9\n|\n|t:|1695256377\n|move|p1a: HAHA HE BOOM|Thunder Punch|p2a: VyxieBirb\n|-supereffective|p2a: VyxieBirb\n|-damage|p2a: VyxieBirb|29\/100\n|move|p2a: VyxieBirb|U-turn|p1a: HAHA HE BOOM\n|-resisted|p1a: HAHA HE BOOM\n|-damage|p1a: HAHA HE BOOM|95\/100\n|-damage|p2a: VyxieBirb|19\/100|[from] item: Life Orb\n|\n|t:|1695256385\n|switch|p2a: TallBirb|Quaquaval, F|100\/100|[from] U-turn\n|-damage|p2a: TallBirb|88\/100|[from] Spikes\n|move|p2b: CovidSphere|Dark Pulse|p1a: HAHA HE BOOM\n|-supereffective|p1a: HAHA HE BOOM\n|-crit|p1a: HAHA HE BOOM\n|-damage|p1a: HAHA HE BOOM|0 fnt\n|faint|p1a: HAHA HE BOOM\n|move|p1b: Protect yo self|Disable|p2b: CovidSphere\n|-start|p2b: CovidSphere|Disable|Dark Pulse\n|\n|-heal|p2a: TallBirb|94\/100|[from] item: Leftovers\n|-heal|p2b: CovidSphere|100\/100|[from] item: Leftovers\n|-heal|p1b: Protect yo self|42\/100|[from] item: Leftovers\n|upkeep\n|turn|10\n|\n|t:|1695256408\n|move|p1b: Protect yo self|Protect|p1b: Protect yo self\n|-singleturn|p1b: Protect yo self|Protect\n|move|p2a: TallBirb|Aqua Step|p1b: Protect yo self\n|-activate|p1b: Protect yo self|move: Protect\n|move|p2b: CovidSphere|Calm Mind|p2b: CovidSphere\n|-boost|p2b: CovidSphere|spa|1\n|-boost|p2b: CovidSphere|spd|1\n|\n|-heal|p2a: TallBirb|100\/100|[from] item: Leftovers\n|-heal|p1b: Protect yo self|48\/100|[from] item: Leftovers\n|upkeep\n|turn|11\n|\n|t:|1695256422\n|move|p2a: TallBirb|Close Combat|p1b: Protect yo self\n|-supereffective|p1b: Protect yo self\n|-damage|p1b: Protect yo self|0 fnt\n|-unboost|p2a: TallBirb|def|1\n|-unboost|p2a: TallBirb|spd|1\n|faint|p1b: Protect yo self\n|\n|win|Vyxie_Foxy\n","uploadtime":1695256431,"views":8,"p1id":"misuott","p2id":"vyxiefoxy","formatid":"gen9nationaldexdoubles","rating":0,"private":0,"password":""}