{"id":"gen9nationaldexdoubles-1965567389","p1":"Old McBruh","p2":"Denvah_17","format":"[Gen 9] National Dex Doubles","log":"|j|\u2606Old McBruh\n|j|\u2606Denvah_17\n|t:|1697089258\n|gametype|doubles\n|player|p1|Old McBruh|colress|1328\n|player|p2|Denvah_17|alder|1410\n|teamsize|p1|6\n|teamsize|p2|6\n|gen|9\n|tier|[Gen 9] National Dex Doubles\n|rated|\n|rule|HP Percentage Mod: HP is shown in percentages\n|rule|Endless Battle Clause: Forcing endless battles is banned\n|rule|OHKO Clause: OHKO moves are banned\n|rule|Evasion Moves Clause: Evasion moves are banned\n|rule|Evasion Abilities Clause: Evasion abilities are banned\n|rule|Species Clause: Limit one of each Pok\u00e9mon\n|rule|Gravity Sleep Clause: The combination of sleep-inducing moves with imperfect accuracy and Gravity or Gigantamax Orbeetle are banned\n|clearpoke\n|poke|p1|Deoxys-Defense|\n|poke|p1|Amoonguss, F|\n|poke|p1|Maushold-Four|\n|poke|p1|Slowbro, M|\n|poke|p1|Cresselia, F|\n|poke|p1|Kingambit, F|\n|poke|p2|Sinistcha-Masterpiece|\n|poke|p2|Enamorus, F|\n|poke|p2|Diancie|\n|poke|p2|Okidogi, M|\n|poke|p2|Ursaluna-Bloodmoon, M|\n|poke|p2|Volcanion|\n|teampreview\n|inactive|Battle timer is ON: inactive players will automatically lose when time's up. (requested by Denvah_17)\n|c|\u2606Old McBruh|glhf\n|\n|t:|1697089276\n|start\n|switch|p1a: Slowbro|Slowbro, M|100\/100\n|switch|p1b: Cresselia|Cresselia, F|100\/100\n|switch|p2a: Rihanna|Diancie, shiny|100\/100\n|switch|p2b: Freddy Fazbear|Ursaluna-Bloodmoon, M|100\/100\n|turn|1\n|c|\u2606Denvah_17|u2\n|c|\u2606Denvah_17|!\n|\n|t:|1697089293\n|detailschange|p1a: Slowbro|Slowbro-Mega, M\n|-mega|p1a: Slowbro|Slowbro|Slowbronite\n|move|p2b: Freddy Fazbear|Calm Mind|p2b: Freddy Fazbear\n|-boost|p2b: Freddy Fazbear|spa|1\n|-boost|p2b: Freddy Fazbear|spd|1\n|move|p1a: Slowbro|Calm Mind|p1a: Slowbro\n|-boost|p1a: Slowbro|spa|1\n|-boost|p1a: Slowbro|spd|1\n|move|p2a: Rihanna|Diamond Storm|p1b: Cresselia|[spread] p1a,p1b\n|-damage|p1a: Slowbro|87\/100\n|-damage|p1b: Cresselia|84\/100\n|-boost|p2a: Rihanna|def|2\n|move|p1b: Cresselia|Trick Room|p1b: Cresselia\n|-fieldstart|move: Trick Room|[of] p1b: Cresselia\n|\n|upkeep\n|turn|2\n|\n|t:|1697089308\n|move|p1b: Cresselia|Protect|p1b: Cresselia\n|-singleturn|p1b: Cresselia|Protect\n|move|p1a: Slowbro|Calm Mind|p1a: Slowbro\n|-boost|p1a: Slowbro|spa|1\n|-boost|p1a: Slowbro|spd|1\n|move|p2b: Freddy Fazbear|Hyper Voice|p1a: Slowbro|[spread] p1a\n|-activate|p1b: Cresselia|move: Protect\n|-damage|p1a: Slowbro|64\/100\n|move|p2a: Rihanna|Trick Room|p2a: Rihanna\n|-fieldend|move: Trick Room\n|\n|upkeep\n|turn|3\n|\n|t:|1697089324\n|move|p2b: Freddy Fazbear|Hyper Voice|p1b: Cresselia|[spread] p1a,p1b\n|-damage|p1a: Slowbro|43\/100\n|-damage|p1b: Cresselia|47\/100\n|move|p1a: Slowbro|Slack Off|p1a: Slowbro\n|-heal|p1a: Slowbro|93\/100\n|move|p2a: Rihanna|Diamond Storm|p1a: Slowbro|[spread] p1a,p1b\n|-damage|p1a: Slowbro|79\/100\n|-damage|p1b: Cresselia|32\/100\n|move|p1b: Cresselia|Trick Room|p1b: Cresselia\n|-fieldstart|move: Trick Room|[of] p1b: Cresselia\n|\n|upkeep\n|turn|4\n|\n|t:|1697089337\n|move|p2a: Rihanna|Diamond Storm|p1a: Slowbro|[spread] p1a,p1b\n|-damage|p1a: Slowbro|63\/100\n|-damage|p1b: Cresselia|17\/100\n|move|p1a: Slowbro|Calm Mind|p1a: Slowbro\n|-boost|p1a: Slowbro|spa|1\n|-boost|p1a: Slowbro|spd|1\n|move|p2b: Freddy Fazbear|Hyper Voice|p1b: Cresselia|[spread] p1a,p1b\n|-damage|p1a: Slowbro|44\/100\n|-damage|p1b: Cresselia|0 fnt\n|faint|p1b: Cresselia\n|\n|upkeep\n|\n|t:|1697089346\n|switch|p1b: Maushold|Maushold-Four|100\/100\n|turn|5\n|\n|t:|1697089355\n|move|p2a: Rihanna|Diamond Storm|p1b: Maushold|[spread] p1a,p1b\n|-damage|p1a: Slowbro|33\/100\n|-damage|p1b: Maushold|74\/100\n|move|p1a: Slowbro|Scald|p2b: Freddy Fazbear\n|-supereffective|p2b: Freddy Fazbear\n|-damage|p2b: Freddy Fazbear|0 fnt\n|faint|p2b: Freddy Fazbear\n|move|p1b: Maushold|Taunt|p2a: Rihanna\n|-start|p2a: Rihanna|move: Taunt\n|\n|upkeep\n|\n|t:|1697089366\n|switch|p2b: Okidogi|Okidogi, M|100\/100\n|turn|6\n|\n|t:|1697089372\n|move|p1b: Maushold|Follow Me|p1b: Maushold\n|-singleturn|p1b: Maushold|move: Follow Me\n|move|p2a: Rihanna|Diamond Storm|p1b: Maushold|[spread] p1a,p1b\n|-damage|p1a: Slowbro|22\/100\n|-damage|p1b: Maushold|45\/100\n|move|p1a: Slowbro|Slack Off|p1a: Slowbro\n|-heal|p1a: Slowbro|72\/100\n|move|p2b: Okidogi|Drain Punch|p1b: Maushold\n|-supereffective|p1b: Maushold\n|-damage|p1b: Maushold|0 fnt\n|faint|p1b: Maushold\n|\n|upkeep\n|\n|t:|1697089392\n|switch|p1b: Deoxys|Deoxys-Defense|100\/100\n|-ability|p1b: Deoxys|Pressure\n|turn|7\n|\n|t:|1697089404\n|move|p2a: Rihanna|Diamond Storm|p1b: Deoxys|[spread] p1a,p1b\n|-damage|p1a: Slowbro|58\/100\n|-damage|p1b: Deoxys|77\/100\n|move|p1a: Slowbro|Iron Defense|p1a: Slowbro\n|-boost|p1a: Slowbro|def|2\n|move|p1b: Deoxys|Psyshock|p2b: Okidogi\n|-supereffective|p2b: Okidogi\n|-crit|p2b: Okidogi\n|-damage|p2b: Okidogi|0 fnt\n|faint|p2b: Okidogi\n|\n|-heal|p1b: Deoxys|84\/100|[from] item: Leftovers\n|-fieldend|move: Trick Room\n|upkeep\n|\n|t:|1697089410\n|switch|p2b: Grass Latte|Sinistcha-Masterpiece|100\/100\n|turn|8\n|\n|t:|1697089423\n|-terastallize|p2b: Grass Latte|Grass\n|move|p1b: Deoxys|Cosmic Power|p1b: Deoxys\n|-boost|p1b: Deoxys|def|1\n|-boost|p1b: Deoxys|spd|1\n|move|p2b: Grass Latte|Matcha Gotcha|p1a: Slowbro|[spread] p1a,p1b\n|-supereffective|p1a: Slowbro\n|-crit|p1b: Deoxys\n|-damage|p1a: Slowbro|37\/100\n|-damage|p1b: Deoxys|42\/100\n|move|p1a: Slowbro|Calm Mind|p1a: Slowbro\n|-boost|p1a: Slowbro|spa|1\n|-boost|p1a: Slowbro|spd|1\n|move|p2a: Rihanna|Diamond Storm|p1b: Deoxys|[spread] p1a,p1b\n|-damage|p1a: Slowbro|29\/100\n|-damage|p1b: Deoxys|29\/100\n|-boost|p2a: Rihanna|def|2\n|\n|-heal|p1b: Deoxys|35\/100|[from] item: Leftovers\n|-end|p2a: Rihanna|move: Taunt\n|upkeep\n|turn|9\n|inactive|Old McBruh has 120 seconds left.\n|\n|t:|1697089454\n|move|p1b: Deoxys|Recover|p1b: Deoxys\n|-heal|p1b: Deoxys|85\/100\n|move|p2b: Grass Latte|Calm Mind|p2b: Grass Latte\n|-boost|p2b: Grass Latte|spa|1\n|-boost|p2b: Grass Latte|spd|1\n|move|p1a: Slowbro|Slack Off|p1a: Slowbro\n|-heal|p1a: Slowbro|79\/100\n|move|p2a: Rihanna|Dazzling Gleam|p1b: Deoxys|[spread] p1a,p1b\n|-damage|p1a: Slowbro|74\/100\n|-damage|p1b: Deoxys|74\/100\n|\n|-heal|p1b: Deoxys|80\/100|[from] item: Leftovers\n|upkeep\n|turn|10\n|\n|t:|1697089468\n|move|p1b: Deoxys|Cosmic Power|p1b: Deoxys\n|-boost|p1b: Deoxys|def|1\n|-boost|p1b: Deoxys|spd|1\n|move|p2b: Grass Latte|Calm Mind|p2b: Grass Latte\n|-boost|p2b: Grass Latte|spa|1\n|-boost|p2b: Grass Latte|spd|1\n|move|p1a: Slowbro|Calm Mind|p1a: Slowbro\n|-boost|p1a: Slowbro|spa|1\n|-boost|p1a: Slowbro|spd|1\n|move|p2a: Rihanna|Dazzling Gleam|p1b: Deoxys|[spread] p1a,p1b\n|-damage|p1a: Slowbro|70\/100\n|-damage|p1b: Deoxys|73\/100\n|\n|-heal|p1b: Deoxys|79\/100|[from] item: Leftovers\n|upkeep\n|turn|11\n|\n|t:|1697089491\n|move|p1b: Deoxys|Cosmic Power|p1b: Deoxys\n|-boost|p1b: Deoxys|def|1\n|-boost|p1b: Deoxys|spd|1\n|move|p2b: Grass Latte|Calm Mind|p2b: Grass Latte\n|-boost|p2b: Grass Latte|spa|1\n|-boost|p2b: Grass Latte|spd|1\n|move|p1a: Slowbro|Calm Mind|p1a: Slowbro\n|-boost|p1a: Slowbro|spa|1\n|-boost|p1a: Slowbro|spd|1\n|move|p2a: Rihanna|Dazzling Gleam|p1a: Slowbro|[spread] p1a,p1b\n|-damage|p1a: Slowbro|66\/100\n|-damage|p1b: Deoxys|73\/100\n|\n|-heal|p1b: Deoxys|79\/100|[from] item: Leftovers\n|upkeep\n|turn|12\n|\n|t:|1697089510\n|move|p1b: Deoxys|Charge Beam|p2b: Grass Latte\n|-resisted|p2b: Grass Latte\n|-damage|p2b: Grass Latte|98\/100\n|-boost|p1b: Deoxys|spa|1\n|move|p2b: Grass Latte|Matcha Gotcha|p1b: Deoxys|[spread] p1a,p1b\n|-supereffective|p1a: Slowbro\n|-damage|p1a: Slowbro|34\/100\n|-heal|p2b: Grass Latte|100\/100|[from] drain|[of] p1a: Slowbro\n|-damage|p1b: Deoxys|55\/100\n|move|p1a: Slowbro|Scald|p2a: Rihanna\n|-supereffective|p2a: Rihanna\n|-crit|p2a: Rihanna\n|-damage|p2a: Rihanna|0 fnt\n|faint|p2a: Rihanna\n|\n|-heal|p1b: Deoxys|61\/100|[from] item: Leftovers\n|upkeep\n|\n|t:|1697089523\n|switch|p2a: Saxophone|Volcanion|100\/100\n|turn|13\n|\n|t:|1697089535\n|-terastallize|p1b: Deoxys|Steel\n|move|p1b: Deoxys|Charge Beam|p2a: Saxophone\n|-supereffective|p2a: Saxophone\n|-damage|p2a: Saxophone|58\/100\n|-boost|p1b: Deoxys|spa|1\n|move|p2b: Grass Latte|Matcha Gotcha|p1b: Deoxys|[spread] p1a,p1b\n|-supereffective|p1a: Slowbro\n|-resisted|p1b: Deoxys\n|-damage|p1a: Slowbro|4\/100\n|-damage|p1b: Deoxys|48\/100\n|-status|p1a: Slowbro|brn\n|move|p2a: Saxophone|Steam Eruption|p1b: Deoxys\n|-damage|p1b: Deoxys|29\/100\n|move|p1a: Slowbro|Slack Off|p1a: Slowbro\n|-heal|p1a: Slowbro|54\/100 brn\n|\n|-heal|p1b: Deoxys|36\/100|[from] item: Leftovers\n|-heal|p2a: Saxophone|64\/100|[from] item: Leftovers\n|-damage|p1a: Slowbro|47\/100 brn|[from] brn\n|upkeep\n|turn|14\n|\n|t:|1697089557\n|move|p1b: Deoxys|Recover|p1b: Deoxys\n|-heal|p1b: Deoxys|86\/100\n|move|p2b: Grass Latte|Matcha Gotcha|p1b: Deoxys|[spread] p1a,p1b\n|-supereffective|p1a: Slowbro\n|-resisted|p1b: Deoxys\n|-damage|p1a: Slowbro|16\/100 brn\n|-damage|p1b: Deoxys|72\/100\n|move|p2a: Saxophone|Heat Wave|p1b: Deoxys|[spread] p1b\n|-miss|p2a: Saxophone|p1a: Slowbro\n|-supereffective|p1b: Deoxys\n|-damage|p1b: Deoxys|47\/100\n|-status|p1b: Deoxys|brn\n|move|p1a: Slowbro|Slack Off|p1a: Slowbro\n|-heal|p1a: Slowbro|66\/100 brn\n|\n|-heal|p1b: Deoxys|53\/100 brn|[from] item: Leftovers\n|-heal|p2a: Saxophone|70\/100|[from] item: Leftovers\n|-damage|p1b: Deoxys|47\/100 brn|[from] brn\n|-damage|p1a: Slowbro|60\/100 brn|[from] brn\n|upkeep\n|turn|15\n|inactive|Old McBruh has 120 seconds left.\n|\n|t:|1697089589\n|switch|p1a: Amoonguss|Amoonguss, F|100\/100\n|move|p1b: Deoxys|Charge Beam|p2a: Saxophone\n|-supereffective|p2a: Saxophone\n|-damage|p2a: Saxophone|18\/100\n|move|p2b: Grass Latte|Matcha Gotcha|p1a: Amoonguss|[spread] p1a,p1b\n|-resisted|p1a: Amoonguss\n|-crit|p1a: Amoonguss\n|-resisted|p1b: Deoxys\n|-damage|p1a: Amoonguss|72\/100\n|-damage|p1b: Deoxys|35\/100 brn\n|-status|p1a: Amoonguss|brn\n|move|p2a: Saxophone|Heat Wave|p1b: Deoxys|[spread] p1a,p1b\n|-supereffective|p1a: Amoonguss\n|-supereffective|p1b: Deoxys\n|-damage|p1a: Amoonguss|2\/100 brn\n|-damage|p1b: Deoxys|10\/100 brn\n|\n|-heal|p1b: Deoxys|17\/100 brn|[from] item: Leftovers\n|-heal|p2a: Saxophone|24\/100|[from] item: Leftovers\n|-damage|p1b: Deoxys|10\/100 brn|[from] brn\n|-damage|p1a: Amoonguss|0 fnt|[from] brn\n|faint|p1a: Amoonguss\n|upkeep\n|inactive|Old McBruh has 120 seconds left.\n|\n|t:|1697089603\n|switch|p1a: Kingambit|Kingambit, F|100\/100\n|turn|16\n|\n|t:|1697089615\n|move|p1a: Kingambit|Sucker Punch|p2a: Saxophone\n|-damage|p2a: Saxophone|0 fnt\n|faint|p2a: Saxophone\n|move|p1b: Deoxys|Recover|p1b: Deoxys\n|-heal|p1b: Deoxys|60\/100 brn\n|move|p2b: Grass Latte|Scald|p1a: Kingambit\n|-damage|p1a: Kingambit|47\/100\n|-status|p1a: Kingambit|brn\n|\n|-heal|p1b: Deoxys|67\/100 brn|[from] item: Leftovers\n|-damage|p1b: Deoxys|60\/100 brn|[from] brn\n|-damage|p1a: Kingambit|41\/100 brn|[from] brn\n|upkeep\n|\n|t:|1697089625\n|switch|p2a: Sonria|Enamorus, F|100\/100\n|turn|17\n|\n|t:|1697089630\n|move|p2a: Sonria|Superpower|p1a: Kingambit\n|-supereffective|p1a: Kingambit\n|-damage|p1a: Kingambit|0 fnt\n|-boost|p2a: Sonria|atk|1\n|-boost|p2a: Sonria|def|1\n|faint|p1a: Kingambit\n|move|p1b: Deoxys|Recover|p1b: Deoxys\n|-heal|p1b: Deoxys|100\/100 brn\n|move|p2b: Grass Latte|Matcha Gotcha|p1b: Deoxys\n|-resisted|p1b: Deoxys\n|-damage|p1b: Deoxys|82\/100 brn\n|\n|-heal|p1b: Deoxys|88\/100 brn|[from] item: Leftovers\n|-damage|p1b: Deoxys|82\/100 brn|[from] brn\n|upkeep\n|\n|t:|1697089633\n|switch|p1a: Slowbro|Slowbro-Mega, M|60\/100 brn\n|turn|18\n|\n|t:|1697089644\n|move|p2a: Sonria|Superpower|p1b: Deoxys\n|-supereffective|p1b: Deoxys\n|-damage|p1b: Deoxys|45\/100 brn\n|-boost|p2a: Sonria|atk|1\n|-boost|p2a: Sonria|def|1\n|move|p1b: Deoxys|Psyshock|p2b: Grass Latte\n|-damage|p2b: Grass Latte|44\/100\n|move|p2b: Grass Latte|Matcha Gotcha|p1b: Deoxys|[spread] p1a,p1b\n|-supereffective|p1a: Slowbro\n|-resisted|p1b: Deoxys\n|-crit|p1b: Deoxys\n|-damage|p1a: Slowbro|0 fnt\n|-heal|p2b: Grass Latte|86\/100|[from] drain|[of] p1a: Slowbro\n|-damage|p1b: Deoxys|0 fnt\n|-heal|p2b: Grass Latte|100\/100|[from] drain|[of] p1b: Deoxys\n|faint|p1a: Slowbro\n|faint|p1b: Deoxys\n|\n|win|Denvah_17\n|raw|Old McBruh's rating: 1328 &rarr; <strong>1313<\/strong><br \/>(-15 for losing)\n|raw|Denvah_17's rating: 1410 &rarr; <strong>1425<\/strong><br \/>(+15 for winning)\n|l|\u2606Old McBruh\n|c|\u2606Denvah_17|ggwp\n","uploadtime":1697089673,"views":5,"p1id":"oldmcbruh","p2id":"denvah17","formatid":"gen9nationaldexdoubles","rating":1313,"private":0,"password":""}