{"id":"gen9nationaldexdoubles-1973902626","p1":"LDP333","p2":"Bean.god","format":"[Gen 9] National Dex Doubles","log":"|j|\u2606LDP333\n|j|\u2606Bean.god\n|t:|1698026206\n|gametype|doubles\n|player|p1|LDP333|riley|1565\n|player|p2|Bean.god|striker|1447\n|teamsize|p1|6\n|teamsize|p2|6\n|gen|9\n|tier|[Gen 9] National Dex Doubles\n|rated|\n|rule|HP Percentage Mod: HP is shown in percentages\n|rule|Endless Battle Clause: Forcing endless battles is banned\n|rule|OHKO Clause: OHKO moves are banned\n|rule|Evasion Moves Clause: Evasion moves are banned\n|rule|Evasion Abilities Clause: Evasion abilities are banned\n|rule|Species Clause: Limit one of each Pok\u00e9mon\n|rule|Gravity Sleep Clause: The combination of sleep-inducing moves with imperfect accuracy and Gravity or Gigantamax Orbeetle are banned\n|clearpoke\n|poke|p1|Kommo-o, M|\n|poke|p1|Iron Bundle|\n|poke|p1|Manectric, F|\n|poke|p1|Flutter Mane|\n|poke|p1|Incineroar, M|\n|poke|p1|Rillaboom, M|\n|poke|p2|Brute Bonnet|\n|poke|p2|Ogerpon-Hearthflame, F|\n|poke|p2|Great Tusk|\n|poke|p2|Charizard, F|\n|poke|p2|Venusaur, F|\n|poke|p2|Walking Wake|\n|teampreview\n|l|\u2606LDP333\n|player|p1|\n|j|\u2606LDP333\n|player|p1|LDP333|riley\n|n|\u2606LDP333|ldp333\n|\n|t:|1698026270\n|start\n|switch|p1a: EleDog|Manectric, F|100\/100\n|switch|p1b: NO.1|Incineroar, M|100\/100\n|switch|p2a: Quasar \u2600\ufe0f|Charizard, F, shiny|100\/100\n|switch|p2b: Hale \u2604\ufe0f|Walking Wake|100\/100\n|-ability|p1b: NO.1|Intimidate|boost\n|-unboost|p2a: Quasar \u2600\ufe0f|atk|1\n|-unboost|p2b: Hale \u2604\ufe0f|atk|1\n|turn|1\n|\n|t:|1698026337\n|detailschange|p1a: EleDog|Manectric-Mega, F\n|-mega|p1a: EleDog|Manectric|Manectite\n|-ability|p1a: EleDog|Intimidate|boost\n|-unboost|p2a: Quasar \u2600\ufe0f|atk|1\n|-unboost|p2b: Hale \u2604\ufe0f|atk|1\n|detailschange|p2a: Quasar \u2600\ufe0f|Charizard-Mega-Y, F, shiny\n|-mega|p2a: Quasar \u2600\ufe0f|Charizard|Charizardite Y\n|-weather|SunnyDay|[from] ability: Drought|[of] p2a: Quasar \u2600\ufe0f\n|-activate|p2b: Hale \u2604\ufe0f|ability: Protosynthesis\n|-start|p2b: Hale \u2604\ufe0f|protosynthesisspe\n|move|p2a: Quasar \u2600\ufe0f|Protect|p2a: Quasar \u2600\ufe0f\n|-singleturn|p2a: Quasar \u2600\ufe0f|Protect\n|move|p1b: NO.1|Fake Out|p2b: Hale \u2604\ufe0f\n|-damage|p2b: Hale \u2604\ufe0f|89\/100\n|cant|p2b: Hale \u2604\ufe0f|flinch\n|move|p1a: EleDog|Thunderbolt|p2a: Quasar \u2600\ufe0f\n|-activate|p2a: Quasar \u2600\ufe0f|move: Protect\n|\n|-weather|SunnyDay|[upkeep]\n|upkeep\n|turn|2\n|\n|t:|1698026386\n|switch|p1b: Yuanshen|Rillaboom, M|100\/100\n|-fieldstart|move: Grassy Terrain|[from] ability: Grassy Surge|[of] p1b: Yuanshen\n|-terastallize|p2b: Hale \u2604\ufe0f|Water\n|move|p2b: Hale \u2604\ufe0f|Hydro Steam|p1a: EleDog\n|-damage|p1a: EleDog|0 fnt\n|faint|p1a: EleDog\n|-damage|p2b: Hale \u2604\ufe0f|79\/100|[from] item: Life Orb\n|move|p2a: Quasar \u2600\ufe0f|Weather Ball|p1b: Yuanshen\n|-supereffective|p1b: Yuanshen\n|-damage|p1b: Yuanshen|0 fnt\n|faint|p1b: Yuanshen\n|\n|-weather|SunnyDay|[upkeep]\n|-heal|p2b: Hale \u2604\ufe0f|86\/100|[from] Grassy Terrain\n|upkeep\n|\n|t:|1698026407\n|switch|p1a: Komm-susser-Tod|Kommo-o, M, shiny|100\/100\n|switch|p1b: Good morning|Iron Bundle|100\/100\n|-enditem|p1b: Good morning|Booster Energy\n|-activate|p1b: Good morning|ability: Quark Drive|[fromitem]\n|-start|p1b: Good morning|quarkdrivespe\n|turn|3\n|\n|t:|1698026444\n|switch|p2a: Gravitas \u269b\ufe0f|Brute Bonnet|100\/100\n|-activate|p2a: Gravitas \u269b\ufe0f|ability: Protosynthesis\n|-start|p2a: Gravitas \u269b\ufe0f|protosynthesisatk\n|move|p2b: Hale \u2604\ufe0f|Protect|p2b: Hale \u2604\ufe0f\n|-singleturn|p2b: Hale \u2604\ufe0f|Protect\n|move|p1a: Komm-susser-Tod|Protect|p1a: Komm-susser-Tod\n|-singleturn|p1a: Komm-susser-Tod|Protect\n|move|p1b: Good morning|Freeze-Dry|p2b: Hale \u2604\ufe0f\n|-activate|p2b: Hale \u2604\ufe0f|move: Protect\n|\n|-weather|SunnyDay|[upkeep]\n|-heal|p2b: Hale \u2604\ufe0f|92\/100|[from] Grassy Terrain\n|upkeep\n|turn|4\n|\n|t:|1698026480\n|move|p2a: Gravitas \u269b\ufe0f|Sucker Punch||[still]\n|-fail|p2a: Gravitas \u269b\ufe0f\n|move|p1b: Good morning|Encore|p2b: Hale \u2604\ufe0f\n|-start|p2b: Hale \u2604\ufe0f|Encore\n|move|p2b: Hale \u2604\ufe0f|Protect|p2b: Hale \u2604\ufe0f\n|-singleturn|p2b: Hale \u2604\ufe0f|Protect\n|-zpower|p1a: Komm-susser-Tod\n|move|p1a: Komm-susser-Tod|Clangorous Soulblaze|p2a: Gravitas \u269b\ufe0f|[zeffect]|[spread] p2a,p2b\n|-zbroken|p2b: Hale \u2604\ufe0f\n|-damage|p2a: Gravitas \u269b\ufe0f|54\/100\n|-damage|p2b: Hale \u2604\ufe0f|75\/100\n|-boost|p1a: Komm-susser-Tod|atk|1\n|-boost|p1a: Komm-susser-Tod|def|1\n|-boost|p1a: Komm-susser-Tod|spa|1\n|-boost|p1a: Komm-susser-Tod|spd|1\n|-boost|p1a: Komm-susser-Tod|spe|1\n|\n|-weather|SunnyDay|[upkeep]\n|-heal|p2b: Hale \u2604\ufe0f|81\/100|[from] Grassy Terrain\n|-heal|p2a: Gravitas \u269b\ufe0f|60\/100|[from] Grassy Terrain\n|-heal|p2a: Gravitas \u269b\ufe0f|66\/100|[from] item: Leftovers\n|upkeep\n|turn|5\n|\n|t:|1698026499\n|-end|p2b: Hale \u2604\ufe0f|Protosynthesis|[silent]\n|switch|p2b: Entropy \ud83d\udc80|Great Tusk|100\/100\n|-activate|p2b: Entropy \ud83d\udc80|ability: Protosynthesis\n|-start|p2b: Entropy \ud83d\udc80|protosynthesisatk\n|move|p1b: Good morning|Freeze-Dry|p2b: Entropy \ud83d\udc80\n|-supereffective|p2b: Entropy \ud83d\udc80\n|-damage|p2b: Entropy \ud83d\udc80|0 fnt\n|faint|p2b: Entropy \ud83d\udc80\n|-end|p2b: Entropy \ud83d\udc80|Protosynthesis|[silent]\n|move|p1a: Komm-susser-Tod|Flamethrower|p2a: Gravitas \u269b\ufe0f\n|-supereffective|p2a: Gravitas \u269b\ufe0f\n|-crit|p2a: Gravitas \u269b\ufe0f\n|-damage|p2a: Gravitas \u269b\ufe0f|0 fnt\n|faint|p2a: Gravitas \u269b\ufe0f\n|-end|p2a: Gravitas \u269b\ufe0f|Protosynthesis|[silent]\n|\n|-weather|none\n|upkeep\n|\n|t:|1698026513\n|switch|p2b: Hale \u2604\ufe0f|Walking Wake, tera:Water|81\/100\n|switch|p2a: Quasar \u2600\ufe0f|Charizard-Mega-Y, F, shiny|100\/100\n|-weather|SunnyDay|[from] ability: Drought|[of] p2a: Quasar \u2600\ufe0f\n|-activate|p2b: Hale \u2604\ufe0f|ability: Protosynthesis\n|-start|p2b: Hale \u2604\ufe0f|protosynthesisspe\n|turn|6\n|\n|t:|1698026528\n|move|p1b: Good morning|Icy Wind|p2a: Quasar \u2600\ufe0f|[spread] p2a,p2b\n|-resisted|p2b: Hale \u2604\ufe0f\n|-damage|p2a: Quasar \u2600\ufe0f|78\/100\n|-damage|p2b: Hale \u2604\ufe0f|70\/100\n|-unboost|p2a: Quasar \u2600\ufe0f|spe|1\n|-unboost|p2b: Hale \u2604\ufe0f|spe|1\n|move|p1a: Komm-susser-Tod|Clanging Scales|p2a: Quasar \u2600\ufe0f|[spread] p2a,p2b\n|-damage|p2a: Quasar \u2600\ufe0f|20\/100\n|-damage|p2b: Hale \u2604\ufe0f|6\/100\n|-unboost|p1a: Komm-susser-Tod|def|1\n|move|p2b: Hale \u2604\ufe0f|Dragon Pulse|p1a: Komm-susser-Tod\n|-supereffective|p1a: Komm-susser-Tod\n|-damage|p1a: Komm-susser-Tod|14\/100\n|-damage|p2b: Hale \u2604\ufe0f|0 fnt|[from] item: Life Orb\n|faint|p2b: Hale \u2604\ufe0f\n|-end|p2b: Hale \u2604\ufe0f|Protosynthesis|[silent]\n|move|p2a: Quasar \u2600\ufe0f|Weather Ball|p1b: Good morning\n|-damage|p1b: Good morning|0 fnt\n|faint|p1b: Good morning\n|-end|p1b: Good morning|Quark Drive|[silent]\n|\n|-weather|SunnyDay|[upkeep]\n|-heal|p1a: Komm-susser-Tod|20\/100|[from] Grassy Terrain\n|-fieldend|move: Grassy Terrain\n|upkeep\n|\n|t:|1698026550\n|switch|p1b: NO.1|Incineroar, M|100\/100\n|switch|p2b: Venusaur|Venusaur, F|100\/100\n|-ability|p1b: NO.1|Intimidate|boost\n|-unboost|p2a: Quasar \u2600\ufe0f|atk|1\n|-unboost|p2b: Venusaur|atk|1\n|turn|7\n|\n|t:|1698026558\n|move|p2b: Venusaur|Protect|p2b: Venusaur\n|-singleturn|p2b: Venusaur|Protect\n|move|p2a: Quasar \u2600\ufe0f|Protect|p2a: Quasar \u2600\ufe0f\n|-singleturn|p2a: Quasar \u2600\ufe0f|Protect\n|move|p1b: NO.1|Fake Out|p2b: Venusaur\n|-activate|p2b: Venusaur|move: Protect\n|move|p1a: Komm-susser-Tod|Clanging Scales|p2b: Venusaur|[spread] \n|-activate|p2a: Quasar \u2600\ufe0f|move: Protect\n|-activate|p2b: Venusaur|move: Protect\n|\n|-weather|SunnyDay|[upkeep]\n|upkeep\n|turn|8\n|\n|t:|1698026568\n|switch|p2a: Ozone \ud83d\udd73\ufe0f|Ogerpon-Hearthflame, F|100\/100\n|-ability|p2a: Ozone \ud83d\udd73\ufe0f|Mold Breaker\n|move|p1a: Komm-susser-Tod|Protect|p1a: Komm-susser-Tod\n|-singleturn|p1a: Komm-susser-Tod|Protect\n|move|p2b: Venusaur|Earth Power|p1a: Komm-susser-Tod\n|-activate|p1a: Komm-susser-Tod|move: Protect\n|move|p1b: NO.1|Flare Blitz|p2b: Venusaur\n|-supereffective|p2b: Venusaur\n|-damage|p2b: Venusaur|0 fnt\n|faint|p2b: Venusaur\n|-damage|p1b: NO.1|75\/100|[from] Recoil\n|\n|-weather|SunnyDay|[upkeep]\n|upkeep\n|\n|t:|1698026579\n|switch|p2b: Quasar \u2600\ufe0f|Charizard-Mega-Y, F, shiny|20\/100\n|turn|9\n|\n|t:|1698026588\n|move|p2a: Ozone \ud83d\udd73\ufe0f|Follow Me|p2a: Ozone \ud83d\udd73\ufe0f\n|-singleturn|p2a: Ozone \ud83d\udd73\ufe0f|move: Follow Me\n|move|p1a: Komm-susser-Tod|Clanging Scales|p2b: Quasar \u2600\ufe0f|[spread] p2a,p2b\n|-damage|p2a: Ozone \ud83d\udd73\ufe0f|37\/100\n|-damage|p2b: Quasar \u2600\ufe0f|0 fnt\n|faint|p2b: Quasar \u2600\ufe0f\n|-unboost|p1a: Komm-susser-Tod|def|1\n|move|p1b: NO.1|Flare Blitz|p2a: Ozone \ud83d\udd73\ufe0f\n|-damage|p2a: Ozone \ud83d\udd73\ufe0f|0 fnt\n|faint|p2a: Ozone \ud83d\udd73\ufe0f\n|-damage|p1b: NO.1|65\/100|[from] Recoil\n|\n|win|LDP333\n|raw|LDP333's rating: 1565 &rarr; <strong>1578<\/strong><br \/>(+13 for winning)\n|raw|Bean.god's rating: 1447 &rarr; <strong>1434<\/strong><br \/>(-13 for losing)\n|l|\u2606Bean.god\n","uploadtime":1698026608,"views":5,"p1id":"ldp333","p2id":"beangod","formatid":"gen9nationaldexdoubles","rating":1434,"private":0,"password":""}