{"id":"gen9nationaldexdoubles-1963858624","p1":"Old McBruh","p2":"Smudge","format":"[Gen 9] National Dex Doubles","log":"|j|\u2606Old McBruh\n|j|\u2606Smudge\n|t:|1696907586\n|gametype|doubles\n|player|p1|Old McBruh|colress|\n|player|p2|Smudge|#dwcopiii|\n|teamsize|p1|6\n|teamsize|p2|6\n|gen|9\n|tier|[Gen 9] National Dex Doubles\n|rated|Tournament battle\n|rule|HP Percentage Mod: HP is shown in percentages\n|rule|Endless Battle Clause: Forcing endless battles is banned\n|rule|OHKO Clause: OHKO moves are banned\n|rule|Evasion Moves Clause: Evasion moves are banned\n|rule|Evasion Abilities Clause: Evasion abilities are banned\n|rule|Species Clause: Limit one of each Pok\u00e9mon\n|rule|Gravity Sleep Clause: The combination of sleep-inducing moves with imperfect accuracy and Gravity or Gigantamax Orbeetle are banned\n|clearpoke\n|poke|p1|Zygarde|\n|poke|p1|Ninetales-Alola, M|\n|poke|p1|Cresselia, F|\n|poke|p1|Whimsicott, F|\n|poke|p1|Chien-Pao|\n|poke|p1|Rillaboom, M|\n|poke|p2|Tornadus, M|\n|poke|p2|Ogerpon-Hearthflame, F|\n|poke|p2|Rillaboom, M|\n|poke|p2|Chi-Yu|\n|poke|p2|Zamazenta-*|\n|poke|p2|Flutter Mane|\n|teampreview\n|inactive|Battle timer is ON: inactive players will automatically lose when time's up. (requested by Smudge)\n|c|\u2606Smudge|hf\n|j| Concept Everything\n|c|\u2606Old McBruh|u2\n|\n|t:|1696907611\n|start\n|switch|p1a: The Immortal|Zygarde|100\/100\n|switch|p1b: Whimsicott|Whimsicott, F|100\/100\n|switch|p2a: Tornadus|Tornadus, M|100\/100\n|switch|p2b: Chi-Yu|Chi-Yu|100\/100\n|-ability|p2b: Chi-Yu|Beads of Ruin\n|-ability|p1a: The Immortal|Aura Break\n|turn|1\n|\n|t:|1696907636\n|switch|p2a: Zamazenta|Zamazenta|100\/100\n|-ability|p2a: Zamazenta|Dauntless Shield|boost\n|-boost|p2a: Zamazenta|def|1\n|-terastallize|p2b: Chi-Yu|Grass\n|move|p1b: Whimsicott|Taunt|p2a: Zamazenta\n|-start|p2a: Zamazenta|move: Taunt\n|move|p2b: Chi-Yu|Nasty Plot|p2b: Chi-Yu\n|-boost|p2b: Chi-Yu|spa|2\n|move|p1a: The Immortal|Coil|p1a: The Immortal\n|-boost|p1a: The Immortal|atk|1\n|-boost|p1a: The Immortal|def|1\n|-boost|p1a: The Immortal|accuracy|1\n|\n|upkeep\n|turn|2\n|\n|t:|1696907656\n|move|p1b: Whimsicott|Encore|p2b: Chi-Yu\n|-start|p2b: Chi-Yu|Encore\n|move|p2a: Zamazenta|Heavy Slam|p1b: Whimsicott\n|-supereffective|p1b: Whimsicott\n|-damage|p1b: Whimsicott|9\/100\n|move|p2b: Chi-Yu|Nasty Plot|p2b: Chi-Yu\n|-boost|p2b: Chi-Yu|spa|2\n|move|p1a: The Immortal|Coil|p1a: The Immortal\n|-boost|p1a: The Immortal|atk|1\n|-boost|p1a: The Immortal|def|1\n|-boost|p1a: The Immortal|accuracy|1\n|\n|upkeep\n|turn|3\n|\n|t:|1696907677\n|switch|p1b: Cresselia|Cresselia, F|100\/100\n|move|p2a: Zamazenta|Heavy Slam|p1b: Cresselia\n|-crit|p1b: Cresselia\n|-damage|p1b: Cresselia|86\/100\n|move|p2b: Chi-Yu|Nasty Plot|p2b: Chi-Yu\n|-boost|p2b: Chi-Yu|spa|2\n|move|p1a: The Immortal|Coil|p1a: The Immortal\n|-boost|p1a: The Immortal|atk|1\n|-boost|p1a: The Immortal|def|1\n|-boost|p1a: The Immortal|accuracy|1\n|\n|-end|p2a: Zamazenta|move: Taunt\n|upkeep\n|turn|4\n|\n|t:|1696907694\n|move|p1a: The Immortal|Extreme Speed|p2b: Chi-Yu\n|-damage|p2b: Chi-Yu|43\/100\n|move|p2a: Zamazenta|Coaching|p2b: Chi-Yu\n|-boost|p2b: Chi-Yu|atk|1\n|-boost|p2b: Chi-Yu|def|1\n|move|p2b: Chi-Yu|Nasty Plot|p2b: Chi-Yu\n|-boost|p2b: Chi-Yu|spa|0\n|move|p1b: Cresselia|Lunar Blessing|p1b: Cresselia|[spread] p1a,p1b\n|-heal|p1b: Cresselia|100\/100\n|\n|-end|p2b: Chi-Yu|Encore\n|upkeep\n|turn|5\n|\n|t:|1696907718\n|switch|p1b: Chien-Pao|Chien-Pao|100\/100\n|-ability|p1b: Chien-Pao|Sword of Ruin\n|move|p2b: Chi-Yu|Protect|p2b: Chi-Yu\n|-singleturn|p2b: Chi-Yu|Protect\n|move|p1a: The Immortal|Extreme Speed|p2b: Chi-Yu\n|-activate|p2b: Chi-Yu|move: Protect\n|move|p2a: Zamazenta|Coaching|p2b: Chi-Yu\n|-boost|p2b: Chi-Yu|atk|1\n|-boost|p2b: Chi-Yu|def|1\n|\n|upkeep\n|turn|6\n|\n|t:|1696907732\n|move|p1a: The Immortal|Extreme Speed|p2b: Chi-Yu\n|-damage|p2b: Chi-Yu|1\/100\n|move|p1b: Chien-Pao|Sucker Punch|p2b: Chi-Yu\n|-damage|p2b: Chi-Yu|0 fnt\n|faint|p2b: Chi-Yu\n|move|p2a: Zamazenta|Body Press|p1b: Chien-Pao\n|-supereffective|p1b: Chien-Pao\n|-enditem|p1b: Chien-Pao|Focus Sash\n|-damage|p1b: Chien-Pao|1\/100\n|\n|upkeep\n|\n|t:|1696907745\n|switch|p2b: Tornadus|Tornadus, M|100\/100\n|turn|7\n|\n|t:|1696907761\n|switch|p1b: Ninetales|Ninetales-Alola, M|100\/100\n|-weather|Snow|[from] ability: Snow Warning|[of] p1b: Ninetales\n|move|p2a: Zamazenta|Wide Guard|p2a: Zamazenta\n|-singleturn|p2a: Zamazenta|Wide Guard\n|move|p2b: Tornadus|Tailwind|p2b: Tornadus\n|-sidestart|p2: Smudge|move: Tailwind\n|move|p1a: The Immortal|Coil|p1a: The Immortal\n|-boost|p1a: The Immortal|atk|1\n|-boost|p1a: The Immortal|def|1\n|-boost|p1a: The Immortal|accuracy|1\n|\n|-weather|Snow|[upkeep]\n|upkeep\n|turn|8\n|\n|t:|1696907777\n|move|p2b: Tornadus|Sunny Day|p2b: Tornadus\n|-weather|SunnyDay\n|move|p2a: Zamazenta|Heavy Slam|p1b: Ninetales\n|-supereffective|p1b: Ninetales\n|-damage|p1b: Ninetales|0 fnt\n|faint|p1b: Ninetales\n|move|p1a: The Immortal|Coil|p1a: The Immortal\n|-boost|p1a: The Immortal|atk|1\n|-boost|p1a: The Immortal|def|1\n|-boost|p1a: The Immortal|accuracy|1\n|\n|-weather|SunnyDay|[upkeep]\n|upkeep\n|\n|t:|1696907789\n|switch|p1b: Cresselia|Cresselia, F|100\/100\n|turn|9\n|\n|t:|1696907796\n|switch|p2b: Flutter Mane|Flutter Mane|100\/100\n|-activate|p2b: Flutter Mane|ability: Protosynthesis\n|-start|p2b: Flutter Mane|protosynthesisspe\n|move|p2a: Zamazenta|Wide Guard|p2a: Zamazenta\n|-singleturn|p2a: Zamazenta|Wide Guard\n|move|p1a: The Immortal|Coil|p1a: The Immortal\n|-boost|p1a: The Immortal|atk|1\n|-boost|p1a: The Immortal|def|1\n|-boost|p1a: The Immortal|accuracy|1\n|move|p1b: Cresselia|Lunar Blessing||[still]|[spread] \n|-fail|p1b: Cresselia\n|\n|-weather|SunnyDay|[upkeep]\n|upkeep\n|turn|10\n|\n|t:|1696907817\n|-terastallize|p1a: The Immortal|Fairy\n|move|p1a: The Immortal|Extreme Speed|p2a: Zamazenta\n|-damage|p2a: Zamazenta|56\/100\n|move|p2b: Flutter Mane|Moonblast|p1a: The Immortal\n|-damage|p1a: The Immortal|50\/100\n|move|p2a: Zamazenta|Body Press|p1a: The Immortal\n|-resisted|p1a: The Immortal\n|-damage|p1a: The Immortal|46\/100\n|move|p1b: Cresselia|Moonblast|p2a: Zamazenta\n|-supereffective|p2a: Zamazenta\n|-damage|p2a: Zamazenta|29\/100\n|\n|-weather|SunnyDay|[upkeep]\n|-heal|p2a: Zamazenta|35\/100|[from] item: Leftovers\n|-sideend|p2: Smudge|move: Tailwind\n|upkeep\n|turn|11\n|\n|t:|1696907833\n|move|p1a: The Immortal|Protect|p1a: The Immortal\n|-singleturn|p1a: The Immortal|Protect\n|move|p2a: Zamazenta|Wide Guard|p2a: Zamazenta\n|-singleturn|p2a: Zamazenta|Wide Guard\n|move|p2b: Flutter Mane|Moonblast|p1a: The Immortal\n|-activate|p1a: The Immortal|move: Protect\n|move|p1b: Cresselia|Lunar Blessing|p1b: Cresselia|[spread] p1a,p1b\n|-heal|p1a: The Immortal|71\/100\n|\n|-weather|SunnyDay|[upkeep]\n|-heal|p2a: Zamazenta|41\/100|[from] item: Leftovers\n|upkeep\n|turn|12\n|\n|t:|1696907844\n|move|p1a: The Immortal|Extreme Speed|p2a: Zamazenta\n|-damage|p2a: Zamazenta|3\/100\n|move|p1b: Cresselia|Ally Switch|p1b: Cresselia\n|swap|p1b: Cresselia|0|[from] move: Ally Switch\n|move|p2b: Flutter Mane|Moonblast|p1a: Cresselia\n|-damage|p1a: Cresselia|64\/100\n|-unboost|p1a: Cresselia|spa|1\n|move|p2a: Zamazenta|Heavy Slam|p1a: Cresselia\n|-damage|p1a: Cresselia|54\/100\n|\n|-weather|none\n|-end|p2b: Flutter Mane|Protosynthesis\n|-heal|p2a: Zamazenta|9\/100|[from] item: Leftovers\n|upkeep\n|turn|13\n|\n|t:|1696907858\n|move|p2a: Zamazenta|Wide Guard|p2a: Zamazenta\n|-singleturn|p2a: Zamazenta|Wide Guard\n|move|p1b: The Immortal|Extreme Speed|p2a: Zamazenta\n|-damage|p2a: Zamazenta|0 fnt\n|faint|p2a: Zamazenta\n|move|p2b: Flutter Mane|Moonblast|p1b: The Immortal\n|-damage|p1b: The Immortal|28\/100\n|move|p1a: Cresselia|Lunar Blessing|p1a: Cresselia|[spread] p1a,p1b\n|-heal|p1a: Cresselia|79\/100\n|-heal|p1b: The Immortal|53\/100\n|\n|upkeep\n|\n|t:|1696907867\n|switch|p2a: Tornadus|Tornadus, M|100\/100\n|turn|14\n|\n|t:|1696907874\n|move|p1b: The Immortal|Protect|p1b: The Immortal\n|-singleturn|p1b: The Immortal|Protect\n|move|p2a: Tornadus|Sunny Day|p2a: Tornadus\n|-weather|SunnyDay\n|-activate|p2b: Flutter Mane|ability: Protosynthesis\n|-start|p2b: Flutter Mane|protosynthesisspe\n|move|p2b: Flutter Mane|Moonblast|p1a: Cresselia\n|-damage|p1a: Cresselia|41\/100\n|-unboost|p1a: Cresselia|spa|1\n|move|p1a: Cresselia|Lunar Blessing|p1a: Cresselia|[spread] p1a,p1b\n|-heal|p1a: Cresselia|66\/100\n|-heal|p1b: The Immortal|78\/100\n|\n|-weather|SunnyDay|[upkeep]\n|upkeep\n|turn|15\n|inactive|Smudge has 120 seconds left.\n|\n|t:|1696907905\n|move|p1a: Cresselia|Ally Switch|p1a: Cresselia\n|swap|p1a: Cresselia|1|[from] move: Ally Switch\n|move|p2b: Flutter Mane|Moonblast|p1a: The Immortal\n|-crit|p1a: The Immortal\n|-damage|p1a: The Immortal|2\/100\n|move|p2a: Tornadus|Bleakwind Storm|p1a: The Immortal|[spread] p1a,p1b\n|-damage|p1a: The Immortal|0 fnt\n|-damage|p1b: Cresselia|51\/100\n|faint|p1a: The Immortal\n|\n|-weather|SunnyDay|[upkeep]\n|upkeep\n|c|\u2606Smudge|ah\n|\n|t:|1696907922\n|switch|p1a: Chien-Pao|Chien-Pao|1\/100\n|-ability|p1a: Chien-Pao|Sword of Ruin\n|turn|16\n|\n|t:|1696907927\n|-end|p2b: Flutter Mane|Protosynthesis|[silent]\n|switch|p2b: Rillaboom|Rillaboom, M|100\/100\n|-fieldstart|move: Grassy Terrain|[from] ability: Grassy Surge|[of] p2b: Rillaboom\n|move|p1a: Chien-Pao|Protect|p1a: Chien-Pao\n|-singleturn|p1a: Chien-Pao|Protect\n|move|p2a: Tornadus|Bleakwind Storm|p1b: Cresselia|[spread] p1b\n|-activate|p1a: Chien-Pao|move: Protect\n|-damage|p1b: Cresselia|34\/100\n|move|p1b: Cresselia|Lunar Blessing|p1b: Cresselia|[spread] p1a,p1b\n|-heal|p1a: Chien-Pao|26\/100\n|-heal|p1b: Cresselia|59\/100\n|\n|-weather|SunnyDay|[upkeep]\n|-heal|p1a: Chien-Pao|32\/100|[from] Grassy Terrain\n|upkeep\n|turn|17\n|c|\u2606Old McBruh|oof\n|j| GuitarheroVGC\n|\n|t:|1696907948\n|switch|p1a: Whimsicott|Whimsicott, F|9\/100\n|move|p1b: Cresselia|Protect|p1b: Cresselia\n|-singleturn|p1b: Cresselia|Protect\n|move|p2b: Rillaboom|Fake Out|p1a: Whimsicott\n|-damage|p1a: Whimsicott|0 fnt\n|faint|p1a: Whimsicott\n|move|p2a: Tornadus|Bleakwind Storm|p1b: Cresselia\n|-activate|p1b: Cresselia|move: Protect\n|\n|-weather|SunnyDay|[upkeep]\n|upkeep\n|c|\u2606Old McBruh|that probably cost me the game\n|\n|t:|1696907966\n|switch|p1a: Rillaboom|Rillaboom, M|100\/100\n|turn|18\n|c|\u2606Old McBruh|that was unlucky\n|c|\u2606Smudge|I'd have to calc if the crit mattered but it was probably close\n|inactive|Smudge has 120 seconds left.\n|c|\u2606Old McBruh|yea\n|\n|t:|1696908002\n|move|p1a: Rillaboom|Fake Out|p2a: Tornadus\n|-damage|p2a: Tornadus|88\/100\n|move|p2a: Tornadus|Bleakwind Storm|p1b: Cresselia|[spread] p1b\n|-miss|p2a: Tornadus|p1a: Rillaboom\n|-damage|p1b: Cresselia|43\/100\n|-unboost|p1b: Cresselia|spe|1\n|move|p2b: Rillaboom|U-turn|p1b: Cresselia\n|-supereffective|p1b: Cresselia\n|-damage|p1b: Cresselia|10\/100\n|\n|t:|1696908012\n|switch|p2b: Ogerpon|Ogerpon-Hearthflame, F|100\/100|[from] U-turn\n|-ability|p2b: Ogerpon|Mold Breaker\n|move|p1b: Cresselia|Lunar Blessing|p1b: Cresselia|[spread] p1a,p1b\n|-heal|p1b: Cresselia|35\/100\n|\n|-weather|none\n|upkeep\n|turn|19\n|j| cornpopbad\n|\n|t:|1696908028\n|move|p1b: Cresselia|Ally Switch|p1b: Cresselia\n|swap|p1b: Cresselia|0|[from] move: Ally Switch\n|move|p2a: Tornadus|Sunny Day|p2a: Tornadus\n|-weather|SunnyDay\n|move|p2b: Ogerpon|Ivy Cudgel|p1b: Rillaboom\n|-supereffective|p1b: Rillaboom\n|-crit|p1b: Rillaboom\n|-damage|p1b: Rillaboom|0 fnt\n|faint|p1b: Rillaboom\n|\n|-weather|SunnyDay|[upkeep]\n|upkeep\n|-message|Old McBruh forfeited.\n|\n|win|Smudge\n|n|\u2606Old McBruh|oldmcbruh\n|n|\u2606Smudge|smudge\n|n| Concept Everything|concepteverything\n|n| GuitarheroVGC|guitarherovgc\n|n| cornpopbad|cornpopbad\n|c|\u2606Old McBruh|gg\n|c|\u2606Smudge|gg sry\n|l| cornpopbad\n|l| GuitarheroVGC\n|l|\u2606Old McBruh\n|j|\u2606Old McBruh\n|player|p1|Old McBruh|colress\n","uploadtime":1696908042,"views":14,"p1id":"oldmcbruh","p2id":"smudge","formatid":"gen9nationaldexdoubles","rating":0,"private":0,"password":""}