{"id":"gen9nationaldexdoubles-1952504532","p1":"jamez10","p2":"CluelessGamer18","format":"[Gen 9] National Dex Doubles","log":"|j|\u2606jamez10\n|j|\u2606CluelessGamer18\n|t:|1695691347\n|gametype|doubles\n|player|p1|jamez10|265|\n|player|p2|CluelessGamer18|102|\n|teamsize|p1|6\n|teamsize|p2|6\n|gen|9\n|tier|[Gen 9] National Dex Doubles\n|rule|HP Percentage Mod: HP is shown in percentages\n|rule|Endless Battle Clause: Forcing endless battles is banned\n|rule|OHKO Clause: OHKO moves are banned\n|rule|Evasion Moves Clause: Evasion moves are banned\n|rule|Evasion Abilities Clause: Evasion abilities are banned\n|rule|Species Clause: Limit one of each Pok\u00e9mon\n|rule|Gravity Sleep Clause: The combination of sleep-inducing moves with imperfect accuracy and Gravity or Gigantamax Orbeetle are banned\n|clearpoke\n|poke|p1|Weezing-Galar, F|\n|poke|p1|Regigigas|\n|poke|p1|Octillery, F|\n|poke|p1|Archeops, F|\n|poke|p1|Hippowdon, M|\n|poke|p1|Garchomp, M|\n|poke|p2|Drapion, F|\n|poke|p2|Mamoswine, F|\n|poke|p2|Zoroark, M|\n|poke|p2|Nidoking, M|\n|poke|p2|Serperior, F|\n|poke|p2|Metagross|\n|teampreview\n|\n|t:|1695691403\n|start\n|switch|p1a: Octillery|Octillery, F|100\/100\n|switch|p1b: Archeops|Archeops, F|100\/100\n|switch|p2a: Drapion|Drapion, F, shiny|100\/100\n|switch|p2b: Metagross|Metagross, shiny|100\/100\n|turn|1\n|j| tomciv20\n|\n|t:|1695691435\n|replace|p2b: Zoroark|Zoroark, M, shiny\n|-end|p2b: Zoroark|Illusion\n|-zpower|p2b: Zoroark\n|move|p2b: Zoroark|All-Out Pummeling|p1a: Octillery|[zeffect]\n|-crit|p1a: Octillery\n|-damage|p1a: Octillery|0 fnt\n|faint|p1a: Octillery\n|move|p2a: Drapion|Aqua Tail|p1b: Archeops\n|-supereffective|p1b: Archeops\n|-damage|p1b: Archeops|7\/100\n|-enditem|p1b: Archeops|Sitrus Berry|[eat]\n|-heal|p1b: Archeops|32\/100|[from] item: Sitrus Berry\n|move|p1b: Archeops|Substitute|p1b: Archeops\n|-start|p1b: Archeops|Substitute\n|-damage|p1b: Archeops|7\/100\n|\n|upkeep\n|j| lethalpilot\n|\n|t:|1695691455\n|switch|p1a: Weezing|Weezing-Galar, F|100\/100\n|-ability|p1a: Weezing|Neutralizing Gas\n|turn|2\n|\n|t:|1695691474\n|move|p2b: Zoroark|Sludge Bomb|p1a: Weezing\n|-damage|p1a: Weezing|72\/100\n|move|p2a: Drapion|Aqua Tail|p1b: Archeops\n|-supereffective|p1b: Archeops\n|-end|p1b: Archeops|Substitute\n|move|p1b: Archeops|Rock Slide|p2b: Zoroark|[spread] p2a,p2b\n|-damage|p2a: Drapion|67\/100\n|-damage|p2b: Zoroark|43\/100\n|move|p1a: Weezing|Will-O-Wisp|p2a: Drapion\n|-status|p2a: Drapion|brn\n|\n|-damage|p2a: Drapion|61\/100 brn|[from] brn\n|upkeep\n|turn|3\n|\n|t:|1695691509\n|move|p2b: Zoroark|Sludge Bomb|p1a: Weezing\n|-damage|p1a: Weezing|42\/100\n|-enditem|p1a: Weezing|Sitrus Berry|[eat]\n|-heal|p1a: Weezing|66\/100|[from] item: Sitrus Berry\n|move|p2a: Drapion|Aqua Tail|p1b: Archeops\n|-supereffective|p1b: Archeops\n|-damage|p1b: Archeops|0 fnt\n|faint|p1b: Archeops\n|move|p1a: Weezing|Strange Steam|p2b: Zoroark\n|-supereffective|p2b: Zoroark\n|-damage|p2b: Zoroark|0 fnt\n|faint|p2b: Zoroark\n|\n|-damage|p2a: Drapion|55\/100 brn|[from] brn\n|upkeep\n|\n|t:|1695691532\n|switch|p2b: Nidoking|Nidoking, M, shiny|100\/100\n|switch|p1b: Regigigas|Regigigas|100\/100\n|turn|4\n|\n|t:|1695691576\n|move|p1a: Weezing|Protect|p1a: Weezing\n|-singleturn|p1a: Weezing|Protect\n|move|p2a: Drapion|Aqua Tail|p1a: Weezing\n|-activate|p1a: Weezing|move: Protect\n|move|p2b: Nidoking|Substitute|p2b: Nidoking\n|-start|p2b: Nidoking|Substitute\n|-damage|p2b: Nidoking|76\/100\n|move|p1b: Regigigas|High Horsepower|p2b: Nidoking\n|-supereffective|p2b: Nidoking\n|-end|p2b: Nidoking|Substitute\n|-damage|p1b: Regigigas|91\/100|[from] item: Life Orb\n|\n|-damage|p2a: Drapion|49\/100 brn|[from] brn\n|upkeep\n|turn|5\n|\n|t:|1695691609\n|-terastallize|p2b: Nidoking|Flying\n|move|p2a: Drapion|Aqua Tail|p1b: Regigigas\n|-damage|p1b: Regigigas|78\/100\n|move|p2b: Nidoking|Earth Power|p1b: Regigigas\n|-damage|p1b: Regigigas|46\/100\n|-damage|p2b: Nidoking|66\/100|[from] item: Life Orb\n|move|p1b: Regigigas|High Horsepower|p2b: Nidoking\n|-immune|p2b: Nidoking\n|move|p1a: Weezing|Strange Steam|p2a: Drapion\n|-damage|p2a: Drapion|8\/100 brn\n|\n|-damage|p2a: Drapion|2\/100 brn|[from] brn\n|upkeep\n|turn|6\n|\n|t:|1695691635\n|move|p1b: Regigigas|Protect|p1b: Regigigas\n|-singleturn|p1b: Regigigas|Protect\n|move|p1a: Weezing|Protect|p1a: Weezing\n|-singleturn|p1a: Weezing|Protect\n|move|p2a: Drapion|Aqua Tail|p1b: Regigigas\n|-activate|p1b: Regigigas|move: Protect\n|move|p2b: Nidoking|Sludge Wave|p1a: Weezing|[spread] p2a\n|-activate|p1a: Weezing|move: Protect\n|-activate|p1b: Regigigas|move: Protect\n|-resisted|p2a: Drapion\n|-damage|p2a: Drapion|0 fnt\n|faint|p2a: Drapion\n|-damage|p2b: Nidoking|56\/100|[from] item: Life Orb\n|\n|upkeep\n|j| SuperToad916\n|\n|t:|1695691665\n|switch|p2a: Serperior|Serperior, F, shiny|100\/100\n|turn|7\n|\n|t:|1695691676\n|move|p2a: Serperior|Protect|p2a: Serperior\n|-singleturn|p2a: Serperior|Protect\n|move|p2b: Nidoking|Earth Power|p1a: Weezing\n|-supereffective|p1a: Weezing\n|-damage|p1a: Weezing|0 fnt\n|faint|p1a: Weezing\n|-end|p1a: Weezing|ability: Neutralizing Gas\n|-start|p1b: Regigigas|ability: Slow Start\n|-damage|p2b: Nidoking|46\/100|[from] item: Life Orb\n|move|p1b: Regigigas|Return|p2b: Nidoking\n|-damage|p2b: Nidoking|0 fnt\n|faint|p2b: Nidoking\n|-damage|p1b: Regigigas|36\/100|[from] item: Life Orb\n|\n|upkeep\n|\n|t:|1695691693\n|switch|p2b: Mamoswine|Mamoswine, F, shiny|100\/100\n|switch|p1a: Hippowdon|Hippowdon, M|100\/100\n|-weather|Sandstorm|[from] ability: Sand Stream|[of] p1a: Hippowdon\n|turn|8\n|\n|t:|1695691724\n|move|p2b: Mamoswine|Protect|p2b: Mamoswine\n|-singleturn|p2b: Mamoswine|Protect\n|move|p1a: Hippowdon|Protect|p1a: Hippowdon\n|-singleturn|p1a: Hippowdon|Protect\n|move|p2a: Serperior|Leaf Storm|p1b: Regigigas\n|-damage|p1b: Regigigas|3\/100\n|-boost|p2a: Serperior|spa|2\n|move|p1b: Regigigas|Fire Punch|p2a: Serperior\n|-supereffective|p2a: Serperior\n|-damage|p2a: Serperior|51\/100\n|-damage|p1b: Regigigas|0 fnt|[from] item: Life Orb\n|faint|p1b: Regigigas\n|-end|p1b: Regigigas|Slow Start|[silent]\n|\n|-weather|Sandstorm|[upkeep]\n|-damage|p2a: Serperior|45\/100|[from] Sandstorm\n|-heal|p2a: Serperior|51\/100|[from] item: Leftovers\n|upkeep\n|\n|t:|1695691738\n|switch|p1b: Garchomp|Garchomp, M|100\/100\n|turn|9\n|\n|t:|1695691778\n|detailschange|p1b: Garchomp|Garchomp-Mega, M\n|-mega|p1b: Garchomp|Garchomp|Garchompite\n|move|p2b: Mamoswine|Ice Shard|p1b: Garchomp\n|-supereffective|p1b: Garchomp\n|-damage|p1b: Garchomp|19\/100\n|-damage|p2b: Mamoswine|91\/100|[from] item: Life Orb\n|move|p2a: Serperior|Leaf Storm|p1a: Hippowdon|[miss]\n|-miss|p2a: Serperior|p1a: Hippowdon\n|move|p1b: Garchomp|Draco Meteor|p2a: Serperior\n|-damage|p2a: Serperior|0 fnt\n|-unboost|p1b: Garchomp|spa|2\n|faint|p2a: Serperior\n|move|p1a: Hippowdon|Yawn|p2b: Mamoswine\n|-start|p2b: Mamoswine|move: Yawn|[of] p1a: Hippowdon\n|\n|-weather|Sandstorm|[upkeep]\n|upkeep\n|\n|t:|1695691792\n|switch|p2a: Metagross|Metagross, shiny|100\/100\n|turn|10\n|\n|t:|1695691816\n|detailschange|p2a: Metagross|Metagross-Mega, shiny\n|-mega|p2a: Metagross|Metagross|Metagrossite\n|move|p2b: Mamoswine|Ice Shard|p1b: Garchomp\n|-supereffective|p1b: Garchomp\n|-damage|p1b: Garchomp|0 fnt\n|faint|p1b: Garchomp\n|-damage|p2b: Mamoswine|81\/100|[from] item: Life Orb\n|move|p2a: Metagross|Ice Punch|p1a: Hippowdon\n|-supereffective|p1a: Hippowdon\n|-damage|p1a: Hippowdon|59\/100\n|move|p1a: Hippowdon|High Horsepower|p2a: Metagross\n|-supereffective|p2a: Metagross\n|-damage|p2a: Metagross|50\/100\n|\n|-weather|Sandstorm|[upkeep]\n|-end|p2b: Mamoswine|move: Yawn|[silent]\n|-status|p2b: Mamoswine|slp\n|upkeep\n|turn|11\n|\n|t:|1695691852\n|cant|p2b: Mamoswine|slp\n|move|p2a: Metagross|Ice Punch|p1a: Hippowdon\n|-supereffective|p1a: Hippowdon\n|-damage|p1a: Hippowdon|17\/100\n|-enditem|p1a: Hippowdon|Sitrus Berry|[eat]\n|-heal|p1a: Hippowdon|42\/100|[from] item: Sitrus Berry\n|move|p1a: Hippowdon|High Horsepower|p2a: Metagross\n|-supereffective|p2a: Metagross\n|-damage|p2a: Metagross|5\/100\n|\n|-weather|Sandstorm|[upkeep]\n|upkeep\n|turn|12\n|\n|t:|1695691882\n|-curestatus|p2b: Mamoswine|slp|[msg]\n|move|p2b: Mamoswine|Ice Shard|p1a: Hippowdon\n|-supereffective|p1a: Hippowdon\n|-crit|p1a: Hippowdon\n|-damage|p1a: Hippowdon|0 fnt\n|faint|p1a: Hippowdon\n|-damage|p2b: Mamoswine|71\/100|[from] item: Life Orb\n|\n|win|CluelessGamer18\n|l|\u2606jamez10\n|l| lethalpilot\n|j|\u2606jamez10\n|player|p1|jamez10|265\n","uploadtime":1695691893,"views":13,"p1id":"jamez10","p2id":"cluelessgamer18","formatid":"gen9nationaldexdoubles","rating":0,"private":0,"password":""}