{"id":"gen9nationaldexdoubles-1951995539","p1":"Piriko.","p2":"Morakun","format":"[Gen 9] National Dex Doubles","log":"|j|\u2606Piriko.\n|j|\u2606Morakun\n|t:|1695648534\n|gametype|doubles\n|player|p1|Piriko.|alder|\n|player|p2|Morakun|ghetsis|\n|teamsize|p1|6\n|teamsize|p2|6\n|gen|9\n|tier|[Gen 9] National Dex Doubles\n|rule|HP Percentage Mod: HP is shown in percentages\n|rule|Endless Battle Clause: Forcing endless battles is banned\n|rule|OHKO Clause: OHKO moves are banned\n|rule|Evasion Moves Clause: Evasion moves are banned\n|rule|Evasion Abilities Clause: Evasion abilities are banned\n|rule|Species Clause: Limit one of each Pok\u00e9mon\n|rule|Gravity Sleep Clause: The combination of sleep-inducing moves with imperfect accuracy and Gravity or Gigantamax Orbeetle are banned\n|clearpoke\n|poke|p1|Oricorio-Pom-Pom, F|\n|poke|p1|Ribombee, F|\n|poke|p1|Torkoal, M|\n|poke|p1|Typhlosion, F|\n|poke|p1|Sunflora, M|\n|poke|p1|Lilligant-Hisui, F|\n|poke|p2|Vanilluxe, F|\n|poke|p2|Conkeldurr, M|\n|poke|p2|Barbaracle, M|\n|poke|p2|Hariyama, M|\n|poke|p2|Komala, F|\n|poke|p2|Armaldo, M|\n|teampreview\n|j| Oghmagod\n|c|\u2606Piriko.|\u00a1Buena suerte!\n|c|\u2606Piriko.|No me humille tanto, soy Piriko, usuario del equipo Magma y vengo a luchar con todo contra usted.\n|\n|t:|1695648571\n|start\n|switch|p1a: Bromita|Oricorio-Pom-Pom, F|100\/100\n|switch|p1b: Unbound|Ribombee, F|100\/100\n|switch|p2a: ronogro|Conkeldurr, M|100\/100\n|switch|p2b: helid|Vanilluxe, F|100\/100\n|-weather|Snow|[from] ability: Snow Warning|[of] p2b: helid\n|turn|1\n|\n|t:|1695648598\n|move|p2a: ronogro|Protect|p2a: ronogro\n|-singleturn|p2a: ronogro|Protect\n|move|p1b: Unbound|Quiver Dance|p1b: Unbound\n|-boost|p1b: Unbound|spa|1\n|-boost|p1b: Unbound|spd|1\n|-boost|p1b: Unbound|spe|1\n|-activate|p1a: Bromita|ability: Dancer\n|move|p1a: Bromita|Quiver Dance|p1a: Bromita|[from]ability: Dancer\n|-boost|p1a: Bromita|spa|1\n|-boost|p1a: Bromita|spd|1\n|-boost|p1a: Bromita|spe|1\n|move|p1a: Bromita|Air Slash|p2a: ronogro\n|-activate|p2a: ronogro|move: Protect\n|move|p2b: helid|Autotomize|p2b: helid\n|-boost|p2b: helid|spe|2\n|-start|p2b: helid|Autotomize\n|\n|-weather|Snow|[upkeep]\n|-status|p2a: ronogro|brn|[from] item: Flame Orb\n|upkeep\n|turn|2\n|\n|t:|1695648623\n|move|p1b: Unbound|Quiver Dance|p1b: Unbound\n|-boost|p1b: Unbound|spa|1\n|-boost|p1b: Unbound|spd|1\n|-boost|p1b: Unbound|spe|1\n|-activate|p1a: Bromita|ability: Dancer\n|move|p1a: Bromita|Quiver Dance|p1a: Bromita|[from]ability: Dancer\n|-boost|p1a: Bromita|spa|1\n|-boost|p1a: Bromita|spd|1\n|-boost|p1a: Bromita|spe|1\n|move|p1a: Bromita|Air Slash|p2a: ronogro\n|-supereffective|p2a: ronogro\n|-damage|p2a: ronogro|0 fnt\n|faint|p2a: ronogro\n|move|p2b: helid|Blizzard|p1b: Unbound|[spread] p1a,p1b\n|-supereffective|p1a: Bromita\n|-crit|p1a: Bromita\n|-damage|p1a: Bromita|0 fnt\n|-damage|p1b: Unbound|65\/100\n|faint|p1a: Bromita\n|\n|-weather|Snow|[upkeep]\n|upkeep\n|j| elmaptiv\n|c| elmaptiv|ola\n|\n|t:|1695648650\n|switch|p1a: ALABADO SOL|Torkoal, M|100\/100\n|switch|p2a: Armaldo|Armaldo, M|100\/100\n|-weather|SunnyDay|[from] ability: Drought|[of] p1a: ALABADO SOL\n|turn|3\n|\n|t:|1695648667\n|switch|p2b: kolina|Komala, F|100\/100\n|-ability|p2b: kolina|Comatose\n|move|p2a: Armaldo|Protect|p2a: Armaldo\n|-singleturn|p2a: Armaldo|Protect\n|move|p1b: Unbound|Moonblast|p2a: Armaldo\n|-activate|p2a: Armaldo|move: Protect\n|move|p1a: ALABADO SOL|Eruption|p2b: kolina|[spread] p2b\n|-activate|p2a: Armaldo|move: Protect\n|-damage|p2b: kolina|48\/100\n|\n|-weather|SunnyDay|[upkeep]\n|upkeep\n|turn|4\n|\n|t:|1695648691\n|switch|p2b: helid|Vanilluxe, F|100\/100\n|-weather|Snow|[from] ability: Snow Warning|[of] p2b: helid\n|move|p1b: Unbound|Moonblast|p2a: Armaldo\n|-damage|p2a: Armaldo|4\/100\n|move|p2a: Armaldo|Rock Slide|p1a: ALABADO SOL|[spread] p1a,p1b\n|-supereffective|p1a: ALABADO SOL\n|-supereffective|p1b: Unbound\n|-damage|p1a: ALABADO SOL|56\/100\n|-damage|p1b: Unbound|0 fnt\n|faint|p1b: Unbound\n|move|p1a: ALABADO SOL|Eruption|p2a: Armaldo|[spread] p2a,p2b\n|-supereffective|p2b: helid\n|-damage|p2a: Armaldo|0 fnt\n|-damage|p2b: helid|43\/100\n|faint|p2a: Armaldo\n|\n|-weather|Snow|[upkeep]\n|upkeep\n|\n|t:|1695648712\n|switch|p1b: Piriko|Typhlosion, F|100\/100\n|switch|p2a: percebin|Barbaracle, M|100\/100\n|turn|5\n|\n|t:|1695648724\n|switch|p1b: Tyler dos|Lilligant-Hisui, F|100\/100\n|switch|p1a: Solaire|Sunflora, M|100\/100\n|move|p2b: helid|Blizzard|p1a: Solaire|[spread] p1a,p1b\n|-supereffective|p1a: Solaire\n|-supereffective|p1b: Tyler dos\n|-damage|p1a: Solaire|0 fnt\n|-damage|p1b: Tyler dos|0 fnt\n|faint|p1a: Solaire\n|faint|p1b: Tyler dos\n|move|p2a: percebin|Rock Slide|p1: Solaire|[notarget]\n|-fail|p2a: percebin\n|\n|-weather|Snow|[upkeep]\n|upkeep\n|\n|t:|1695648727\n|switch|p1b: Piriko|Typhlosion, F|100\/100\n|switch|p1a: ALABADO SOL|Torkoal, M|56\/100\n|-weather|SunnyDay|[from] ability: Drought|[of] p1a: ALABADO SOL\n|turn|6\n|c|\u2606Piriko.|\u00a1Aqu\u00ed vamos!\n|\n|t:|1695648749\n|switch|p2b: mosumo|Hariyama, M|100\/100\n|-terastallize|p1b: Piriko|Fire\n|move|p1b: Piriko|Eruption|p2b: mosumo|[spread] p2a,p2b\n|-resisted|p2a: percebin\n|-damage|p2a: percebin|72\/100\n|-damage|p2b: mosumo|64\/100\n|move|p2a: percebin|Rock Slide|p1a: ALABADO SOL|[spread] p1a,p1b\n|-supereffective|p1a: ALABADO SOL\n|-supereffective|p1b: Piriko\n|-damage|p1a: ALABADO SOL|11\/100\n|-damage|p1b: Piriko|27\/100\n|move|p1a: ALABADO SOL|Lava Plume|p2b: mosumo|[spread] p2a,p2b\n|-start|p1b: Piriko|ability: Flash Fire\n|-resisted|p2a: percebin\n|-damage|p2a: percebin|62\/100\n|-damage|p2b: mosumo|51\/100\n|\n|-weather|SunnyDay|[upkeep]\n|upkeep\n|turn|7\n|c|\u2606Piriko.|\u00a1Har\u00e9 arder mi coraz\u00f3n hasta al final!\n|c| elmaptiv|auch\n|c|\u2606Piriko.|GG.\n|\n|t:|1695648771\n|move|p1b: Piriko|Eruption|p2a: percebin|[spread] p2a,p2b\n|-resisted|p2a: percebin\n|-damage|p2a: percebin|51\/100\n|-damage|p2b: mosumo|37\/100\n|move|p2a: percebin|Rock Slide|p1b: Piriko|[spread] p1a,p1b\n|-supereffective|p1a: ALABADO SOL\n|-supereffective|p1b: Piriko\n|-damage|p1a: ALABADO SOL|0 fnt\n|-damage|p1b: Piriko|0 fnt\n|faint|p1a: ALABADO SOL\n|faint|p1b: Piriko\n|\n|win|Morakun\n|c|\u2606Piriko.|\u00bfOtro?\n|c|\u2606Morakun|GG\n","uploadtime":1695648785,"views":7,"p1id":"piriko","p2id":"morakun","formatid":"gen9nationaldexdoubles","rating":0,"private":0,"password":""}