{"id":"gen9nationaldexdoubles-1987435029","p1":"Tritus ELITE 4","p2":"Junky Dummy","format":"[Gen 9] National Dex Doubles","log":"|j|\u2606Tritus ELITE 4\n|j|\u2606Junky Dummy\n|t:|1699591092\n|gametype|doubles\n|player|p1|Tritus ELITE 4|wulfric|1161\n|player|p2|Junky Dummy|2|1312\n|teamsize|p1|6\n|teamsize|p2|6\n|gen|9\n|tier|[Gen 9] National Dex Doubles\n|rated|\n|rule|HP Percentage Mod: HP is shown in percentages\n|rule|Endless Battle Clause: Forcing endless battles is banned\n|rule|OHKO Clause: OHKO moves are banned\n|rule|Evasion Moves Clause: Evasion moves are banned\n|rule|Evasion Abilities Clause: Evasion abilities are banned\n|rule|Species Clause: Limit one of each Pok\u00e9mon\n|rule|Gravity Sleep Clause: The combination of sleep-inducing moves with imperfect accuracy and Gravity or Gigantamax Orbeetle are banned\n|clearpoke\n|poke|p1|Basculegion-F, F|\n|poke|p1|Swampert, M|\n|poke|p1|Pelipper, F|\n|poke|p1|Araquanid, M|\n|poke|p1|Milotic, F|\n|poke|p1|Ludicolo, M|\n|poke|p2|Gothitelle, F|\n|poke|p2|Salamence, F|\n|poke|p2|Amoonguss, F|\n|poke|p2|Diancie|\n|poke|p2|Incineroar, F|\n|poke|p2|Ursaluna-Bloodmoon, M|\n|teampreview\n|\n|t:|1699591098\n|start\n|switch|p1a: Milotic|Milotic, F|100\/100\n|switch|p1b: Pelipper|Pelipper, F|100\/100\n|switch|p2a: Diancie|Diancie, shiny|100\/100\n|switch|p2b: Incineroar|Incineroar, F|100\/100\n|-ability|p2b: Incineroar|Intimidate|boost\n|-unboost|p1a: Milotic|atk|1\n|-ability|p1a: Milotic|Competitive|boost\n|-boost|p1a: Milotic|spa|2\n|-unboost|p1b: Pelipper|atk|1\n|-weather|RainDance|[from] ability: Drizzle|[of] p1b: Pelipper\n|turn|1\n|\n|t:|1699591116\n|move|p2b: Incineroar|Fake Out|p1a: Milotic\n|-damage|p1a: Milotic|86\/100\n|cant|p1a: Milotic|flinch\n|move|p1b: Pelipper|Tailwind|p1b: Pelipper\n|-sidestart|p1: Tritus ELITE 4|move: Tailwind\n|move|p2a: Diancie|Trick Room|p2a: Diancie\n|-fieldstart|move: Trick Room|[of] p2a: Diancie\n|\n|-weather|RainDance|[upkeep]\n|-heal|p1a: Milotic|92\/100|[from] item: Leftovers\n|upkeep\n|turn|2\n|\n|t:|1699591133\n|move|p2a: Diancie|Diamond Storm|p1a: Milotic|[spread] p1a,p1b\n|-supereffective|p1b: Pelipper\n|-damage|p1a: Milotic|51\/100\n|-damage|p1b: Pelipper|8\/100\n|move|p2b: Incineroar|Knock Off|p1a: Milotic\n|-damage|p1a: Milotic|4\/100\n|-enditem|p1a: Milotic|Leftovers|[from] move: Knock Off|[of] p2b: Incineroar\n|move|p1b: Pelipper|Scald|p2b: Incineroar\n|-supereffective|p2b: Incineroar\n|-damage|p2b: Incineroar|40\/100\n|move|p1a: Milotic|Chilling Water|p2a: Diancie\n|-supereffective|p2a: Diancie\n|-damage|p2a: Diancie|20\/100\n|\n|-weather|RainDance|[upkeep]\n|-heal|p1b: Pelipper|14\/100|[from] item: Leftovers\n|upkeep\n|turn|3\n|\n|t:|1699591164\n|switch|p1b: Ludicolo|Ludicolo, M|100\/100\n|move|p2a: Diancie|Diamond Storm|p1b: Ludicolo|[spread] p1b\n|-miss|p2a: Diancie|p1a: Milotic\n|-damage|p1b: Ludicolo|42\/100\n|move|p2b: Incineroar|Parting Shot|p1a: Milotic\n|-unboost|p1a: Milotic|atk|1\n|-ability|p1a: Milotic|Competitive|boost\n|-boost|p1a: Milotic|spa|2\n|-unboost|p1a: Milotic|spa|1\n|-ability|p1a: Milotic|Competitive|boost\n|-boost|p1a: Milotic|spa|2\n|\n|t:|1699591178\n|switch|p2b: Amoonguss|Amoonguss, F|100\/100|[from] Parting Shot\n|move|p1a: Milotic|Chilling Water|p2a: Diancie\n|-supereffective|p2a: Diancie\n|-damage|p2a: Diancie|0 fnt\n|faint|p2a: Diancie\n|\n|-weather|RainDance|[upkeep]\n|upkeep\n|\n|t:|1699591189\n|switch|p2a: Ursaluna|Ursaluna-Bloodmoon, M|100\/100\n|turn|4\n|\n|t:|1699591234\n|move|p2b: Amoonguss|Rage Powder|p2b: Amoonguss\n|-singleturn|p2b: Amoonguss|move: Rage Powder\n|move|p2a: Ursaluna|Vacuum Wave|p1a: Milotic\n|-damage|p1a: Milotic|0 fnt\n|faint|p1a: Milotic\n|move|p1b: Ludicolo|Waterfall|p2a: Ursaluna\n|-supereffective|p2a: Ursaluna\n|-damage|p2a: Ursaluna|18\/100\n|-damage|p1b: Ludicolo|32\/100|[from] item: Life Orb\n|\n|-weather|RainDance|[upkeep]\n|-sideend|p1: Tritus ELITE 4|move: Tailwind\n|upkeep\n|\n|t:|1699591247\n|switch|p1a: Swampert|Swampert, M|100\/100\n|turn|5\n|\n|t:|1699591265\n|detailschange|p1a: Swampert|Swampert-Mega, M\n|-mega|p1a: Swampert|Swampert|Swampertite\n|move|p2b: Amoonguss|Pollen Puff|p2a: Ursaluna\n|-heal|p2a: Ursaluna|68\/100\n|move|p2a: Ursaluna|Blood Moon|p1a: Swampert\n|-damage|p1a: Swampert|12\/100\n|move|p1a: Swampert|Bulk Up|p1a: Swampert\n|-boost|p1a: Swampert|atk|1\n|-boost|p1a: Swampert|def|1\n|move|p1b: Ludicolo|Waterfall|p2a: Ursaluna\n|-supereffective|p2a: Ursaluna\n|-damage|p2a: Ursaluna|0 fnt\n|faint|p2a: Ursaluna\n|-damage|p1b: Ludicolo|22\/100|[from] item: Life Orb\n|\n|-weather|none\n|-fieldend|move: Trick Room\n|upkeep\n|\n|t:|1699591281\n|switch|p2a: Salamence|Salamence, F|100\/100\n|-ability|p2a: Salamence|Intimidate|boost\n|-unboost|p1a: Swampert|atk|1\n|-unboost|p1b: Ludicolo|atk|1\n|turn|6\n|\n|t:|1699591306\n|switch|p1a: Pelipper|Pelipper, F|14\/100\n|-weather|RainDance|[from] ability: Drizzle|[of] p1a: Pelipper\n|detailschange|p2a: Salamence|Salamence-Mega, F\n|-mega|p2a: Salamence|Salamence|Salamencite\n|move|p2b: Amoonguss|Rage Powder|p2b: Amoonguss\n|-singleturn|p2b: Amoonguss|move: Rage Powder\n|move|p2a: Salamence|Hyper Voice|p1a: Pelipper|[spread] p1a,p1b\n|-supereffective|p1b: Ludicolo\n|-damage|p1a: Pelipper|0 fnt\n|-damage|p1b: Ludicolo|0 fnt\n|faint|p1a: Pelipper\n|faint|p1b: Ludicolo\n|\n|-weather|RainDance|[upkeep]\n|upkeep\n|\n|t:|1699591317\n|switch|p1b: Basculegion|Basculegion-F, F|100\/100\n|switch|p1a: Swampert|Swampert-Mega, M|12\/100\n|turn|7\n|\n|t:|1699591344\n|-terastallize|p1b: Basculegion|Ghost\n|move|p2a: Salamence|Protect|p2a: Salamence\n|-singleturn|p2a: Salamence|Protect\n|move|p1b: Basculegion|Last Respects|p2a: Salamence\n|-activate|p2a: Salamence|move: Protect\n|move|p1a: Swampert|Waterfall|p2b: Amoonguss\n|-resisted|p2b: Amoonguss\n|-damage|p2b: Amoonguss|72\/100\n|-damage|p1a: Swampert|0 fnt|[from] item: Rocky Helmet|[of] p2b: Amoonguss\n|faint|p1a: Swampert\n|move|p2b: Amoonguss|Spore|p1b: Basculegion\n|-status|p1b: Basculegion|slp|[from] move: Spore\n|\n|-weather|RainDance|[upkeep]\n|upkeep\n|\n|t:|1699591349\n|switch|p1a: Araquanid|Araquanid, M|100\/100\n|turn|8\n|\n|t:|1699591391\n|switch|p2b: Gothitelle|Gothitelle, F|100\/100\n|cant|p1b: Basculegion|slp\n|move|p2a: Salamence|Double-Edge|p1a: Araquanid\n|-supereffective|p1a: Araquanid\n|-damage|p1a: Araquanid|0 fnt\n|faint|p1a: Araquanid\n|-damage|p2a: Salamence|73\/100|[from] Recoil\n|\n|-weather|RainDance|[upkeep]\n|upkeep\n|turn|9\n|\n|t:|1699591413\n|cant|p1b: Basculegion|slp\n|move|p2a: Salamence|Double-Edge|p1b: Basculegion\n|-damage|p1b: Basculegion|13\/100 slp\n|-damage|p2a: Salamence|39\/100|[from] Recoil\n|move|p2b: Gothitelle|Psychic|p1b: Basculegion\n|-damage|p1b: Basculegion|0 fnt\n|faint|p1b: Basculegion\n|\n|win|Junky Dummy\n|raw|Tritus ELITE 4's rating: 1161 &rarr; <strong>1146<\/strong><br \/>(-15 for losing)\n|raw|Junky Dummy's rating: 1312 &rarr; <strong>1324<\/strong><br \/>(+12 for winning)\n|l|\u2606Tritus ELITE 4\n","uploadtime":1699591420,"views":6,"p1id":"trituselite4","p2id":"junkydummy","formatid":"gen9nationaldexdoubles","rating":1146,"private":0,"password":""}