{"id":"gen9nationaldexdoubles-1949854997","p1":"Huggettebu","p2":"MaxxEccentric","format":"[Gen 9] National Dex Doubles","log":"|j|\u2606Huggettebu\n|j|\u2606MaxxEccentric\n|t:|1695404208\n|gametype|doubles\n|player|p1|Huggettebu|n|1042\n|player|p2|MaxxEccentric|mars|1029\n|teamsize|p1|6\n|teamsize|p2|6\n|gen|9\n|tier|[Gen 9] National Dex Doubles\n|rated|\n|rule|HP Percentage Mod: HP is shown in percentages\n|rule|Endless Battle Clause: Forcing endless battles is banned\n|rule|OHKO Clause: OHKO moves are banned\n|rule|Evasion Moves Clause: Evasion moves are banned\n|rule|Evasion Abilities Clause: Evasion abilities are banned\n|rule|Species Clause: Limit one of each Pok\u00e9mon\n|rule|Gravity Sleep Clause: The combination of sleep-inducing moves with imperfect accuracy and Gravity or Gigantamax Orbeetle are banned\n|clearpoke\n|poke|p1|Oricorio-Pom-Pom, M|\n|poke|p1|Volcarona, F|\n|poke|p1|Iron Moth|\n|poke|p1|Vivillon-Polar, F|\n|poke|p1|Dragapult, M|\n|poke|p1|Lilligant-Hisui, F|\n|poke|p2|Chimecho, F|\n|poke|p2|Ampharos, M|\n|poke|p2|Sableye, M|\n|poke|p2|Drednaw, M|\n|poke|p2|Oricorio-Pom-Pom, F|\n|poke|p2|Flamigo, M|\n|teampreview\n|inactive|Battle timer is ON: inactive players will automatically lose when time's up. (requested by Huggettebu)\n|c|\u2606Huggettebu|:0\n|c|\u2606Huggettebu|wanna dance?\n|c|\u2606MaxxEccentric|yee\n|\n|t:|1695404229\n|start\n|switch|p1a: static dancer|Oricorio-Pom-Pom, M, shiny|100\/100\n|switch|p1b: petal dancer|Lilligant-Hisui, F, shiny|100\/100\n|switch|p2a: Chimecho|Chimecho, F|100\/100\n|switch|p2b: Ampharos|Ampharos, M|100\/100\n|turn|1\n|\n|t:|1695404253\n|move|p2a: Chimecho|Snatch|p2a: Chimecho\n|-singleturn|p2a: Chimecho|Snatch\n|move|p1b: petal dancer|Victory Dance|p1b: petal dancer\n|-activate|p2a: Chimecho|move: Snatch|[of] p1b: petal dancer\n|move|p2a: Chimecho|Victory Dance|p2a: Chimecho|[from]Snatch\n|-boost|p2a: Chimecho|atk|1\n|-boost|p2a: Chimecho|def|1\n|-boost|p2a: Chimecho|spe|1\n|move|p1a: static dancer|Tailwind|p1a: static dancer\n|-sidestart|p1: Huggettebu|move: Tailwind\n|move|p2b: Ampharos|Agility|p2b: Ampharos\n|-boost|p2b: Ampharos|spe|2\n|\n|upkeep\n|turn|2\n|c|\u2606Huggettebu|>:)\n|inactive|Huggettebu has 120 seconds left.\n|\n|t:|1695404289\n|move|p1b: petal dancer|Leaf Blade|p2b: Ampharos\n|-damage|p2b: Ampharos|50\/100\n|move|p1a: static dancer|Revelation Dance|p2a: Chimecho\n|-damage|p2a: Chimecho|66\/100\n|move|p2b: Ampharos|Confuse Ray|p1b: petal dancer\n|-start|p1b: petal dancer|confusion\n|move|p2a: Chimecho|Entrainment|p2b: Ampharos\n|-endability|p2b: Ampharos|Static|[from] move: Entrainment\n|-ability|p2b: Ampharos|Levitate|[from] move: Entrainment\n|\n|upkeep\n|turn|3\n|c|\u2606MaxxEccentric|gotta prepare for the unexpected\n|inactive|Huggettebu has 120 seconds left.\n|\n|t:|1695404315\n|-activate|p1b: petal dancer|confusion\n|move|p1b: petal dancer|Axe Kick|p2b: Ampharos|[miss]\n|-miss|p1b: petal dancer|p2b: Ampharos\n|-damage|p1b: petal dancer|51\/100|[from] highjumpkick\n|move|p1a: static dancer|Quiver Dance|p1a: static dancer\n|-boost|p1a: static dancer|spa|1\n|-boost|p1a: static dancer|spd|1\n|-boost|p1a: static dancer|spe|1\n|move|p2b: Ampharos|Confuse Ray|p1a: static dancer\n|-start|p1a: static dancer|confusion\n|move|p2a: Chimecho|Thunder Wave|p1b: petal dancer\n|-status|p1b: petal dancer|par\n|\n|upkeep\n|turn|4\n|c|\u2606Huggettebu|damm\n|inactive|Huggettebu has 120 seconds left.\n|c|\u2606Huggettebu|lol my hit success chance is like 1 in 40 rn\n|\n|t:|1695404356\n|move|p2a: Chimecho|Snatch|p2a: Chimecho\n|-singleturn|p2a: Chimecho|Snatch\n|-activate|p1a: static dancer|confusion\n|move|p1a: static dancer|Revelation Dance|p2a: Chimecho\n|-damage|p2a: Chimecho|19\/100\n|move|p2b: Ampharos|Seismic Toss|p1a: static dancer\n|-damage|p1a: static dancer|66\/100\n|-activate|p1b: petal dancer|confusion\n|move|p1b: petal dancer|Axe Kick|p2b: Ampharos\n|-damage|p2b: Ampharos|0 fnt\n|faint|p2b: Ampharos\n|\n|-sideend|p1: Huggettebu|move: Tailwind\n|upkeep\n|inactive|MaxxEccentric has 120 seconds left.\n|\n|t:|1695404375\n|switch|p2b: Flamigo|Flamigo, M|100\/100\n|-copyboost|p2b: Flamigo|p2a: Chimecho|[from] ability: Costar\n|turn|5\n|c|\u2606Huggettebu|les gooo\n|inactive|Huggettebu has 120 seconds left.\n|-activate|p2a: Chimecho|item: Quick Claw\n|\n|t:|1695404408\n|move|p2a: Chimecho|Snatch|p2a: Chimecho\n|-singleturn|p2a: Chimecho|Snatch\n|move|p2b: Flamigo|Dual Wingbeat|p1a: static dancer\n|-resisted|p1a: static dancer\n|-damage|p1a: static dancer|43\/100\n|-resisted|p1a: static dancer\n|-damage|p1a: static dancer|20\/100\n|-hitcount|p1a: static dancer|2\n|-activate|p1a: static dancer|confusion\n|-damage|p1a: static dancer|12\/100|[from] confusion\n|-end|p1b: petal dancer|confusion\n|move|p1b: petal dancer|Leaf Blade|p2a: Chimecho\n|-damage|p2a: Chimecho|0 fnt\n|faint|p2a: Chimecho\n|\n|upkeep\n|inactive|MaxxEccentric has 120 seconds left.\n|\n|t:|1695404426\n|switch|p2a: Sableye|Sableye, M|100\/100\n|turn|6\n|inactive|Huggettebu has 120 seconds left.\n|\n|t:|1695404446\n|switch|p1b: gale dancer|Vivillon-Polar, F|100\/100\n|move|p2a: Sableye|Quash|p1a: static dancer\n|-activate|p1a: static dancer|move: Quash\n|move|p2b: Flamigo|Liquidation|p1a: static dancer\n|-damage|p1a: static dancer|0 fnt\n|faint|p1a: static dancer\n|\n|upkeep\n|\n|t:|1695404466\n|switch|p1a: dragon dancer|Dragapult, M|100\/100\n|turn|7\n|\n|t:|1695404480\n|move|p2a: Sableye|Toxic|p1a: dragon dancer\n|-status|p1a: dragon dancer|tox\n|move|p2b: Flamigo|Swords Dance|p2b: Flamigo\n|-boost|p2b: Flamigo|atk|2\n|move|p1a: dragon dancer|Phantom Force||[still]\n|-prepare|p1a: dragon dancer|Phantom Force\n|move|p1b: gale dancer|Hurricane|p2b: Flamigo\n|-supereffective|p2b: Flamigo\n|-damage|p2b: Flamigo|0 fnt\n|faint|p2b: Flamigo\n|\n|-damage|p1a: dragon dancer|95\/100 tox|[from] psn\n|upkeep\n|\n|t:|1695404493\n|switch|p2b: Drednaw|Drednaw, M|100\/100\n|turn|8\n|\n|t:|1695404503\n|move|p2a: Sableye|Quash|p1a: dragon dancer|[miss]\n|-miss|p2a: Sableye|p1a: dragon dancer\n|move|p1a: dragon dancer|Phantom Force|p2a: Sableye|[from]lockedmove\n|-damage|p2a: Sableye|55\/100\n|move|p1b: gale dancer|Quiver Dance|p1b: gale dancer\n|-boost|p1b: gale dancer|spa|1\n|-boost|p1b: gale dancer|spd|1\n|-boost|p1b: gale dancer|spe|1\n|move|p2b: Drednaw|Shell Smash|p2b: Drednaw\n|-unboost|p2b: Drednaw|def|1\n|-unboost|p2b: Drednaw|spd|1\n|-boost|p2b: Drednaw|atk|2\n|-boost|p2b: Drednaw|spa|2\n|-boost|p2b: Drednaw|spe|2\n|\n|-heal|p2a: Sableye|61\/100|[from] item: Leftovers\n|-damage|p1a: dragon dancer|83\/100 tox|[from] psn\n|upkeep\n|turn|9\n|c|\u2606Huggettebu|uh oh\n|c|\u2606Huggettebu|bout to be swept\n|\n|t:|1695404532\n|move|p2a: Sableye|Toxic|p1b: gale dancer\n|-status|p1b: gale dancer|tox\n|move|p2b: Drednaw|Liquidation|p1a: dragon dancer\n|-resisted|p1a: dragon dancer\n|-damage|p1a: dragon dancer|15\/100 tox\n|move|p1b: gale dancer|Hurricane|p2a: Sableye\n|-damage|p2a: Sableye|0 fnt\n|faint|p2a: Sableye\n|move|p1a: dragon dancer|Draco Meteor|p2b: Drednaw\n|-damage|p2b: Drednaw|11\/100\n|-unboost|p1a: dragon dancer|spa|2\n|\n|-damage|p1b: gale dancer|95\/100 tox|[from] psn\n|-damage|p1a: dragon dancer|0 fnt|[from] psn\n|faint|p1a: dragon dancer\n|upkeep\n|c|\u2606MaxxEccentric|nah\n|c|\u2606MaxxEccentric|Quash op\n|inactive|Huggettebu has 120 seconds left.\n|c|\u2606Huggettebu|quash got squashed\n|\n|t:|1695404573\n|switch|p1a: petal dancer|Lilligant-Hisui, F, shiny|51\/100 par\n|switch|p2a: Oricorio|Oricorio-Pom-Pom, F, shiny|100\/100\n|turn|10\n|inactive|Huggettebu has 120 seconds left.\n|\n|t:|1695404595\n|move|p2b: Drednaw|Rock Slide|p1b: gale dancer|[spread] p1a,p1b\n|-resisted|p1a: petal dancer\n|-supereffective|p1b: gale dancer\n|-damage|p1a: petal dancer|2\/100 par\n|-damage|p1b: gale dancer|0 fnt\n|-enditem|p1a: petal dancer|Aguav Berry|[eat]\n|-heal|p1a: petal dancer|35\/100 par|[from] item: Aguav Berry\n|faint|p1b: gale dancer\n|move|p2a: Oricorio|Quiver Dance|p2a: Oricorio\n|-boost|p2a: Oricorio|spa|1\n|-boost|p2a: Oricorio|spd|1\n|-boost|p2a: Oricorio|spe|1\n|cant|p1a: petal dancer|flinch\n|\n|upkeep\n|c|\u2606Huggettebu|all for nothing....\n|\n|t:|1695404615\n|switch|p1b: fiery dancer|Volcarona, F|100\/100\n|turn|11\n|inactive|Huggettebu has 120 seconds left.\n|\n|t:|1695404630\n|move|p2b: Drednaw|Rock Slide|p1a: petal dancer|[spread] p1a,p1b\n|-resisted|p1a: petal dancer\n|-supereffective|p1b: fiery dancer\n|-damage|p1a: petal dancer|0 fnt\n|-damage|p1b: fiery dancer|0 fnt\n|faint|p1a: petal dancer\n|faint|p1b: fiery dancer\n|move|p2a: Oricorio|Teeter Dance|p2b: Drednaw\n|-start|p2b: Drednaw|confusion\n|\n|upkeep\n|c|\u2606MaxxEccentric|this is actually my first time making a decent doubles team\n|c|\u2606Huggettebu|welp gg, quite the creative and op team\n|\n|t:|1695404655\n|switch|p1b: flaming dancer|Iron Moth|100\/100\n|-enditem|p1b: flaming dancer|Booster Energy\n|-activate|p1b: flaming dancer|ability: Quark Drive|[fromitem]\n|-start|p1b: flaming dancer|quarkdrivespa\n|turn|12\n|c|\u2606MaxxEccentric|gg thx\n|inactive|Huggettebu has 120 seconds left.\n|\n|t:|1695404666\n|-activate|p2b: Drednaw|confusion\n|move|p2b: Drednaw|Liquidation|p1b: flaming dancer\n|-supereffective|p1b: flaming dancer\n|-damage|p1b: flaming dancer|0 fnt\n|faint|p1b: flaming dancer\n|-end|p1b: flaming dancer|Quark Drive|[silent]\n|\n|win|MaxxEccentric\n|raw|Huggettebu's rating: 1042 &rarr; <strong>1025<\/strong><br \/>(-17 for losing)\n|raw|MaxxEccentric's rating: 1029 &rarr; <strong>1066<\/strong><br \/>(+37 for winning)\n","uploadtime":1695404675,"views":4,"p1id":"huggettebu","p2id":"maxxeccentric","formatid":"gen9nationaldexdoubles","rating":1025,"private":0,"password":""}