{"id":"gen9nationaldexdoubles-1977862984","p1":"dfxyx","p2":"zzxxxz11231","format":"[Gen 9] National Dex Doubles","log":"|j|\u2606dfxyx\n|j|\u2606zzxxxz11231\n|t:|1698458873\n|gametype|doubles\n|player|p1|dfxyx|steven|1000\n|player|p2|zzxxxz11231|102|1161\n|teamsize|p1|6\n|teamsize|p2|6\n|gen|9\n|tier|[Gen 9] National Dex Doubles\n|rated|\n|rule|HP Percentage Mod: HP is shown in percentages\n|rule|Endless Battle Clause: Forcing endless battles is banned\n|rule|OHKO Clause: OHKO moves are banned\n|rule|Evasion Moves Clause: Evasion moves are banned\n|rule|Evasion Abilities Clause: Evasion abilities are banned\n|rule|Species Clause: Limit one of each Pok\u00e9mon\n|rule|Gravity Sleep Clause: The combination of sleep-inducing moves with imperfect accuracy and Gravity or Gigantamax Orbeetle are banned\n|clearpoke\n|poke|p1|Chien-Pao|\n|poke|p1|Incineroar, F|\n|poke|p1|Palafin, F|\n|poke|p1|Hariyama, F|\n|poke|p1|Spectrier|\n|poke|p1|Serperior, F|\n|poke|p2|Tapu Lele|\n|poke|p2|Alakazam, M|\n|poke|p2|Indeedee-F, F|\n|poke|p2|Hatterene, F|\n|poke|p2|Landorus-Therian, M|\n|poke|p2|Chien-Pao|\n|teampreview\n|\n|t:|1698458892\n|start\n|switch|p1a: Incineroar|Incineroar, F, shiny|100\/100\n|switch|p1b: Palafin|Palafin, F|100\/100\n|switch|p2a: Landorus|Landorus-Therian, M|100\/100\n|switch|p2b: Indeedee|Indeedee-F, F|100\/100\n|-ability|p2a: Landorus|Intimidate|boost\n|-unboost|p1a: Incineroar|atk|1\n|-unboost|p1b: Palafin|atk|1\n|-fieldstart|move: Psychic Terrain|[from] ability: Psychic Surge|[of] p2b: Indeedee\n|-enditem|p2b: Indeedee|Psychic Seed\n|-boost|p2b: Indeedee|spd|1|[from] item: Psychic Seed\n|-ability|p1a: Incineroar|Intimidate|boost\n|-unboost|p2a: Landorus|atk|1\n|-unboost|p2b: Indeedee|atk|1\n|turn|1\n|inactive|Battle timer is ON: inactive players will automatically lose when time's up. (requested by zzxxxz11231)\n|\n|t:|1698458916\n|move|p2b: Indeedee|Helping Hand|p2a: Landorus\n|-singleturn|p2a: Landorus|Helping Hand|[of] p2b: Indeedee\n|move|p1a: Incineroar|Fake Out|p2a: Landorus\n|-hint|Psychic Terrain doesn't affect Pok\u00e9mon immune to Ground.\n|-damage|p2a: Landorus|93\/100\n|move|p1b: Palafin|Flip Turn|p2a: Landorus\n|-supereffective|p2a: Landorus\n|-damage|p2a: Landorus|63\/100\n|\n|t:|1698458927\n|detailschange|p1b: Palafin|Palafin-Hero, F\n|switch|p1b: Hariyama|Hariyama, F, shiny|100\/100|[from] Flip Turn\n|cant|p2a: Landorus|flinch\n|\n|upkeep\n|turn|2\n|\n|t:|1698458948\n|move|p2b: Indeedee|Helping Hand|p2a: Landorus\n|-singleturn|p2a: Landorus|Helping Hand|[of] p2b: Indeedee\n|move|p2a: Landorus|Stomping Tantrum|p1a: Incineroar\n|-supereffective|p1a: Incineroar\n|-damage|p1a: Incineroar|0 fnt\n|faint|p1a: Incineroar\n|move|p1b: Hariyama|Poison Jab|p2b: Indeedee\n|-damage|p2b: Indeedee|41\/100\n|\n|upkeep\n|\n|t:|1698458960\n|switch|p1a: Chien-Pao|Chien-Pao|100\/100\n|-ability|p1a: Chien-Pao|Sword of Ruin\n|turn|3\n|\n|t:|1698458978\n|move|p2b: Indeedee|Follow Me|p2b: Indeedee\n|-singleturn|p2b: Indeedee|move: Follow Me\n|move|p1a: Chien-Pao|Ice Spinner|p2b: Indeedee\n|-damage|p2b: Indeedee|0 fnt\n|-fieldend|move: Psychic Terrain\n|faint|p2b: Indeedee\n|move|p2a: Landorus|U-turn|p1a: Chien-Pao\n|-supereffective|p1a: Chien-Pao\n|-damage|p1a: Chien-Pao|54\/100\n|\n|t:|1698458989\n|switch|p2a: Chien-Pao|Chien-Pao|100\/100|[from] U-turn\n|-ability|p2a: Chien-Pao|Sword of Ruin\n|move|p1b: Hariyama|Poison Jab|p2a: Chien-Pao\n|-damage|p2a: Chien-Pao|38\/100\n|\n|upkeep\n|\n|t:|1698459000\n|switch|p2b: Tapu Lele|Tapu Lele|100\/100\n|-fieldstart|move: Psychic Terrain|[from] ability: Psychic Surge|[of] p2b: Tapu Lele\n|turn|4\n|\n|t:|1698459016\n|move|p2b: Tapu Lele|Moonblast|p1a: Chien-Pao\n|-supereffective|p1a: Chien-Pao\n|-damage|p1a: Chien-Pao|0 fnt\n|faint|p1a: Chien-Pao\n|move|p2a: Chien-Pao|Ice Spinner|p1b: Hariyama\n|-damage|p1b: Hariyama|48\/100\n|-fieldend|move: Psychic Terrain\n|move|p1b: Hariyama|Poison Jab|p2b: Tapu Lele\n|-supereffective|p2b: Tapu Lele\n|-damage|p2b: Tapu Lele|0 fnt\n|faint|p2b: Tapu Lele\n|\n|upkeep\n|\n|t:|1698459032\n|switch|p1a: Spectrier|Spectrier|100\/100\n|switch|p2b: Landorus|Landorus-Therian, M|63\/100\n|-ability|p2b: Landorus|Intimidate|boost\n|-unboost|p1a: Spectrier|atk|1\n|-unboost|p1b: Hariyama|atk|1\n|turn|5\n|\n|t:|1698459051\n|move|p1b: Hariyama|Bullet Punch|p2a: Chien-Pao\n|-supereffective|p2a: Chien-Pao\n|-crit|p2a: Chien-Pao\n|-damage|p2a: Chien-Pao|0 fnt\n|faint|p2a: Chien-Pao\n|-damage|p1b: Hariyama|38\/100|[from] item: Life Orb\n|move|p1a: Spectrier|Shadow Ball|p2b: Landorus\n|-damage|p2b: Landorus|0 fnt\n|faint|p2b: Landorus\n|-ability|p1a: Spectrier|Grim Neigh|boost\n|-boost|p1a: Spectrier|spa|1\n|\n|upkeep\n|-message|zzxxxz11231 forfeited.\n|\n|win|dfxyx\n|raw|dfxyx's rating: 1000 &rarr; <strong>1057<\/strong><br \/>(+57 for winning)\n|raw|zzxxxz11231's rating: 1161 &rarr; <strong>1125<\/strong><br \/>(-36 for losing)\n|l|\u2606zzxxxz11231\n","uploadtime":1698459101,"views":12,"p1id":"dfxyx","p2id":"zzxxxz11231","formatid":"gen9nationaldexdoubles","rating":1057,"private":0,"password":""}