{"id":"gen9nationaldexdoubles-1999296523","p1":"prophetofsnacc","p2":"Whaleu","format":"[Gen 9] National Dex Doubles","log":"|j|\u2606prophetofsnacc\n|j|\u2606Whaleu\n|t:|1701056527\n|gametype|doubles\n|player|p1|prophetofsnacc|swimmer-gen4dp|\n|player|p2|Whaleu|266|\n|teamsize|p1|6\n|teamsize|p2|6\n|gen|9\n|tier|[Gen 9] National Dex Doubles\n|rule|HP Percentage Mod: HP is shown in percentages\n|rule|Endless Battle Clause: Forcing endless battles is banned\n|rule|OHKO Clause: OHKO moves are banned\n|rule|Evasion Moves Clause: Evasion moves are banned\n|rule|Evasion Abilities Clause: Evasion abilities are banned\n|rule|Species Clause: Limit one of each Pok\u00e9mon\n|rule|Gravity Sleep Clause: The combination of sleep-inducing moves with imperfect accuracy and Gravity or Gigantamax Orbeetle are banned\n|rule|Item Clause: Limit one of each item\n|clearpoke\n|poke|p1|Vanilluxe, F|\n|poke|p1|Walrein, F|\n|poke|p1|Bellibolt, M|\n|poke|p1|Torterra, M|\n|poke|p1|Blacephalon|\n|poke|p1|Infernape, F|\n|poke|p2|Clefable, F|\n|poke|p2|Nidoking, M|\n|poke|p2|Magcargo, M|\n|poke|p2|Serperior, M|\n|poke|p2|Quaquaval, F|\n|poke|p2|Umbreon, M|\n|teampreview|4\n|j| normie jean\n|j| Felis Regalis\n|j| BROCKISAROCK\n|j| specner4\n|\n|t:|1701056608\n|start\n|switch|p1a: Milli Vanilli|Vanilluxe, F, shiny|100\/100\n|switch|p1b: Despair|Blacephalon, shiny|100\/100\n|switch|p2a: Clefable|Clefable, F|100\/100\n|switch|p2b: Quaquaval|Quaquaval, F|100\/100\n|-weather|Snow|[from] ability: Snow Warning|[of] p1a: Milli Vanilli\n|turn|1\n|\n|t:|1701056678\n|move|p2a: Clefable|Follow Me|p2a: Clefable\n|-singleturn|p2a: Clefable|move: Follow Me\n|move|p1b: Despair|Psychic|p2a: Clefable\n|-damage|p2a: Clefable|50\/100\n|-unboost|p2a: Clefable|spd|1\n|move|p2b: Quaquaval|Close Combat|p1a: Milli Vanilli\n|-supereffective|p1a: Milli Vanilli\n|-damage|p1a: Milli Vanilli|0 fnt\n|-unboost|p2b: Quaquaval|def|1\n|-unboost|p2b: Quaquaval|spd|1\n|faint|p1a: Milli Vanilli\n|\n|-weather|Snow|[upkeep]\n|upkeep\n|j| cubzz\n|\n|t:|1701056694\n|switch|p1a: Mr. Belli|Bellibolt, M, shiny|100\/100\n|-item|p1a: Mr. Belli|Air Balloon\n|turn|2\n|\n|t:|1701056745\n|switch|p2b: Nidoking|Nidoking, M|100\/100\n|move|p1b: Despair|Psychic|p2a: Clefable\n|-damage|p2a: Clefable|0 fnt\n|faint|p2a: Clefable\n|-ability|p1b: Despair|Beast Boost|boost\n|-boost|p1b: Despair|spa|1\n|move|p1a: Mr. Belli|Thunderbolt|p2b: Nidoking\n|-immune|p2b: Nidoking\n|\n|-weather|Snow|[upkeep]\n|upkeep\n|\n|t:|1701056761\n|switch|p2a: Quaquaval|Quaquaval, F|100\/100\n|turn|3\n|\n|t:|1701056801\n|move|p1b: Despair|Psychic|p2b: Nidoking\n|-supereffective|p2b: Nidoking\n|-damage|p2b: Nidoking|0 fnt\n|faint|p2b: Nidoking\n|-ability|p1b: Despair|Beast Boost|boost\n|-boost|p1b: Despair|spa|1\n|move|p2a: Quaquaval|Aqua Step|p1b: Despair\n|-supereffective|p1b: Despair\n|-damage|p1b: Despair|0 fnt\n|-boost|p2a: Quaquaval|spe|1\n|faint|p1b: Despair\n|move|p1a: Mr. Belli|Thunderbolt|p2a: Quaquaval\n|-supereffective|p2a: Quaquaval\n|-damage|p2a: Quaquaval|32\/100\n|-status|p2a: Quaquaval|par\n|\n|-weather|Snow|[upkeep]\n|upkeep\n|\n|t:|1701056815\n|switch|p1b: Wally|Walrein, F, shiny|100\/100\n|switch|p2b: Serperior|Serperior, M|100\/100\n|turn|4\n|\n|t:|1701056860\n|move|p2b: Serperior|Leaf Storm|p1a: Mr. Belli\n|-damage|p1a: Mr. Belli|53\/100\n|-boost|p2b: Serperior|spa|2\n|-start|p1a: Mr. Belli|Charge|Leaf Storm|[from] ability: Electromorphosis\n|-enditem|p1a: Mr. Belli|Air Balloon\n|move|p1b: Wally|Blizzard|p2b: Serperior|[spread] p2a,p2b\n|-resisted|p2a: Quaquaval\n|-supereffective|p2b: Serperior\n|-damage|p2a: Quaquaval|13\/100 par\n|-damage|p2b: Serperior|19\/100\n|move|p2a: Quaquaval|Close Combat|p1b: Wally\n|-supereffective|p1b: Wally\n|-damage|p1b: Wally|22\/100\n|-unboost|p2a: Quaquaval|def|1\n|-unboost|p2a: Quaquaval|spd|1\n|move|p1a: Mr. Belli|Thunderbolt|p2a: Quaquaval\n|-supereffective|p2a: Quaquaval\n|-damage|p2a: Quaquaval|0 fnt\n|faint|p2a: Quaquaval\n|-end|p1a: Mr. Belli|Charge|[silent]\n|\n|-weather|Snow|[upkeep]\n|-heal|p1b: Wally|28\/100|[from] ability: Ice Body\n|-heal|p1b: Wally|35\/100|[from] item: Leftovers\n|upkeep\n|turn|5\n|\n|t:|1701056935\n|move|p1b: Wally|Protect|p1b: Wally\n|-singleturn|p1b: Wally|Protect\n|move|p2b: Serperior|Leech Seed|p1b: Wally\n|-activate|p1b: Wally|move: Protect\n|move|p1a: Mr. Belli|Thunderbolt|p2b: Serperior\n|-resisted|p2b: Serperior\n|-damage|p2b: Serperior|1\/100\n|\n|-weather|none\n|-heal|p1b: Wally|41\/100|[from] item: Leftovers\n|upkeep\n|turn|6\n|\n|t:|1701056974\n|move|p2b: Serperior|Leech Seed|p1b: Wally\n|-start|p1b: Wally|move: Leech Seed\n|move|p1b: Wally|Hydro Pump|p2b: Serperior\n|-resisted|p2b: Serperior\n|-damage|p2b: Serperior|0 fnt\n|faint|p2b: Serperior\n|\n|win|prophetofsnacc\n|l|\u2606prophetofsnacc\n|l|\u2606Whaleu\n|l| normie jean\n|l| BROCKISAROCK\n","uploadtime":1701057029,"views":2,"p1id":"prophetofsnacc","p2id":"whaleu","formatid":"gen9nationaldexdoubles","rating":0,"private":0,"password":""}