{"id":"gen9nationaldexdoubles-1990945964","p1":"That Octo Dragon","p2":"Brick_Enjoyer_144","format":"[Gen 9] National Dex Doubles","log":"|j|\u2606That Octo Dragon\n|j|\u2606Brick_Enjoyer_144\n|t:|1700018238\n|gametype|doubles\n|player|p1|That Octo Dragon|benga|1210\n|player|p2|Brick_Enjoyer_144|shauntal|1193\n|teamsize|p1|6\n|teamsize|p2|6\n|gen|9\n|tier|[Gen 9] National Dex Doubles\n|rated|\n|rule|HP Percentage Mod: HP is shown in percentages\n|rule|Endless Battle Clause: Forcing endless battles is banned\n|rule|OHKO Clause: OHKO moves are banned\n|rule|Evasion Moves Clause: Evasion moves are banned\n|rule|Evasion Abilities Clause: Evasion abilities are banned\n|rule|Species Clause: Limit one of each Pok\u00e9mon\n|rule|Gravity Sleep Clause: The combination of sleep-inducing moves with imperfect accuracy and Gravity or Gigantamax Orbeetle are banned\n|clearpoke\n|poke|p1|Ninetales-Alola, F|\n|poke|p1|Chien-Pao|\n|poke|p1|Baxcalibur, M|\n|poke|p1|Inteleon, M|\n|poke|p1|Enamorus, F|\n|poke|p1|Pawmot, F|\n|poke|p2|Cyclizar, M|\n|poke|p2|Linoone, M|\n|poke|p2|Clefairy, M|\n|poke|p2|Gholdengo|\n|poke|p2|Iron Bundle|\n|poke|p2|Ogerpon-Hearthflame, F|\n|teampreview\n|inactive|Battle timer is ON: inactive players will automatically lose when time's up. (requested by Brick_Enjoyer_144)\n|\n|t:|1700018251\n|start\n|switch|p1a: Eli|Inteleon, M|100\/100\n|switch|p1b: Baran|Chien-Pao|100\/100\n|switch|p2a: Cyclizar|Cyclizar, M|100\/100\n|switch|p2b: Clefairy|Clefairy, M|100\/100\n|-ability|p1b: Baran|Sword of Ruin\n|turn|1\n|\n|t:|1700018267\n|move|p2b: Clefairy|Follow Me|p2b: Clefairy\n|-singleturn|p2b: Clefairy|move: Follow Me\n|move|p1b: Baran|Ice Shard|p2b: Clefairy\n|-damage|p2b: Clefairy|70\/100\n|move|p2a: Cyclizar|Shed Tail|p2a: Cyclizar\n|-start|p2a: Cyclizar|Substitute|[from] move: Shed Tail\n|-damage|p2a: Cyclizar|50\/100\n|-enditem|p2a: Cyclizar|Sitrus Berry|[eat]\n|-heal|p2a: Cyclizar|75\/100|[from] item: Sitrus Berry\n|\n|t:|1700018277\n|switch|p2a: Linoone|Linoone, M|100\/100|[from] Shed Tail\n|move|p1a: Eli|Snipe Shot|p2a: Linoone\n|-crit|p2a: Linoone\n|-end|p2a: Linoone|Substitute\n|\n|upkeep\n|turn|2\n|\n|t:|1700018297\n|move|p2b: Clefairy|Follow Me|p2b: Clefairy\n|-singleturn|p2b: Clefairy|move: Follow Me\n|move|p1b: Baran|Sacred Sword|p2b: Clefairy\n|-resisted|p2b: Clefairy\n|-damage|p2b: Clefairy|46\/100\n|move|p1a: Eli|Snipe Shot|p2a: Linoone\n|-damage|p2a: Linoone|40\/100\n|-enditem|p2a: Linoone|Salac Berry|[eat]\n|-boost|p2a: Linoone|spe|1|[from] item: Salac Berry\n|move|p2a: Linoone|Belly Drum||[still]\n|-fail|p2a: Linoone\n|\n|upkeep\n|turn|3\n|\n|t:|1700018319\n|move|p2a: Linoone|Extreme Speed|p1a: Eli\n|-damage|p1a: Eli|30\/100\n|move|p2b: Clefairy|Follow Me|p2b: Clefairy\n|-singleturn|p2b: Clefairy|move: Follow Me\n|move|p1b: Baran|Icicle Crash|p2b: Clefairy|[miss]\n|-miss|p1b: Baran|p2b: Clefairy\n|move|p1a: Eli|Snipe Shot|p2a: Linoone\n|-crit|p2a: Linoone\n|-damage|p2a: Linoone|0 fnt\n|faint|p2a: Linoone\n|\n|upkeep\n|\n|t:|1700018337\n|switch|p2a: Cyclizar|Cyclizar, M|100\/100\n|turn|4\n|\n|t:|1700018349\n|move|p1b: Baran|Icicle Crash|p2b: Clefairy\n|-damage|p2b: Clefairy|0 fnt\n|faint|p2b: Clefairy\n|move|p2a: Cyclizar|U-turn|p1b: Baran\n|-supereffective|p1b: Baran\n|-damage|p1b: Baran|59\/100\n|\n|t:|1700018360\n|switch|p2a: Iron Bundle|Iron Bundle|100\/100|[from] U-turn\n|-enditem|p2a: Iron Bundle|Booster Energy\n|-activate|p2a: Iron Bundle|ability: Quark Drive|[fromitem]\n|-start|p2a: Iron Bundle|quarkdrivespe\n|move|p1a: Eli|Snipe Shot|p2a: Iron Bundle\n|-resisted|p2a: Iron Bundle\n|-damage|p2a: Iron Bundle|57\/100\n|\n|upkeep\n|\n|t:|1700018371\n|switch|p2b: Cyclizar|Cyclizar, M|100\/100\n|turn|5\n|\n|t:|1700018387\n|switch|p1a: Spike|Baxcalibur, M|100\/100\n|move|p2a: Iron Bundle|Freeze-Dry|p1a: Spike\n|-damage|p1a: Spike|63\/100\n|move|p1b: Baran|Sacred Sword|p2a: Iron Bundle\n|-supereffective|p2a: Iron Bundle\n|-damage|p2a: Iron Bundle|0 fnt\n|faint|p2a: Iron Bundle\n|-end|p2a: Iron Bundle|Quark Drive|[silent]\n|move|p2b: Cyclizar|U-turn|p1b: Baran\n|-supereffective|p1b: Baran\n|-damage|p1b: Baran|21\/100\n|\n|t:|1700018404\n|switch|p2b: Ogerpon|Ogerpon-Hearthflame, F|100\/100|[from] U-turn\n|-ability|p2b: Ogerpon|Mold Breaker\n|\n|upkeep\n|\n|t:|1700018410\n|switch|p2a: Gholdengo|Gholdengo|100\/100\n|turn|6\n|\n|t:|1700018425\n|switch|p1b: Cuba|Ninetales-Alola, F|100\/100\n|-weather|Snow|[from] ability: Snow Warning|[of] p1b: Cuba\n|-terastallize|p2b: Ogerpon|Fire\n|detailschange|p2b: Ogerpon|Ogerpon-Hearthflame-Tera, F, tera:Fire\n|-ability|p2b: Ogerpon|Embody Aspect (Hearthflame)|boost\n|-boost|p2b: Ogerpon|atk|1\n|move|p2b: Ogerpon|Play Rough|p1a: Spike\n|-supereffective|p1a: Spike\n|-damage|p1a: Spike|0 fnt\n|faint|p1a: Spike\n|move|p2a: Gholdengo|Dazzling Gleam|p1b: Cuba\n|-damage|p1b: Cuba|73\/100\n|\n|-weather|Snow|[upkeep]\n|upkeep\n|\n|t:|1700018447\n|switch|p1a: Lilliana|Enamorus, F|100\/100\n|turn|7\n|\n|t:|1700018460\n|move|p2b: Ogerpon|Ivy Cudgel|p1b: Cuba|[anim] Ivy Cudgel Fire\n|-supereffective|p1b: Cuba\n|-damage|p1b: Cuba|0 fnt\n|faint|p1b: Cuba\n|move|p1a: Lilliana|Mystical Fire|p2a: Gholdengo\n|-supereffective|p2a: Gholdengo\n|-damage|p2a: Gholdengo|36\/100\n|-unboost|p2a: Gholdengo|spa|1\n|move|p2a: Gholdengo|Make It Rain|p1a: Lilliana\n|-supereffective|p1a: Lilliana\n|-damage|p1a: Lilliana|0 fnt\n|-unboost|p2a: Gholdengo|spa|1\n|faint|p1a: Lilliana\n|\n|-weather|Snow|[upkeep]\n|-heal|p2a: Gholdengo|42\/100|[from] item: Leftovers\n|upkeep\n|\n|t:|1700018480\n|switch|p1b: Pale|Pawmot, F|100\/100\n|switch|p1a: Eli|Inteleon, M|30\/100\n|turn|8\n|\n|t:|1700018499\n|move|p1b: Pale|Fake Out|p2b: Ogerpon\n|-damage|p2b: Ogerpon|86\/100\n|cant|p2b: Ogerpon|flinch\n|move|p1a: Eli|Snipe Shot|p2b: Ogerpon\n|-supereffective|p2b: Ogerpon\n|-crit|p2b: Ogerpon\n|-damage|p2b: Ogerpon|0 fnt\n|faint|p2b: Ogerpon\n|move|p2a: Gholdengo|Dazzling Gleam|p1a: Eli|[spread] p1a,p1b\n|-crit|p1a: Eli\n|-supereffective|p1b: Pale\n|-damage|p1a: Eli|0 fnt\n|-damage|p1b: Pale|67\/100\n|faint|p1a: Eli\n|\n|-weather|Snow|[upkeep]\n|-heal|p2a: Gholdengo|48\/100|[from] item: Leftovers\n|-heal|p1b: Pale|73\/100|[from] item: Leftovers\n|upkeep\n|\n|t:|1700018517\n|switch|p2b: Cyclizar|Cyclizar, M|100\/100\n|switch|p1a: Baran|Chien-Pao|21\/100\n|-ability|p1a: Baran|Sword of Ruin\n|turn|9\n|\n|t:|1700018536\n|move|p1a: Baran|Sacred Sword|p2b: Cyclizar\n|-supereffective|p2b: Cyclizar\n|-damage|p2b: Cyclizar|0 fnt\n|faint|p2b: Cyclizar\n|move|p2a: Gholdengo|Dazzling Gleam|p1b: Pale|[spread] p1a,p1b\n|-supereffective|p1a: Baran\n|-supereffective|p1b: Pale\n|-damage|p1a: Baran|0 fnt\n|-damage|p1b: Pale|41\/100\n|faint|p1a: Baran\n|move|p1b: Pale|Revival Blessing|p1b: Pale\n|\n|t:|1700018553\n|-heal|p1: Lilliana|50\/100|[from] move: Revival Blessing\n|\n|-weather|Snow|[upkeep]\n|-heal|p2a: Gholdengo|54\/100|[from] item: Leftovers\n|-heal|p1b: Pale|48\/100|[from] item: Leftovers\n|upkeep\n|\n|t:|1700018557\n|switch|p1a: Lilliana|Enamorus, F|50\/100\n|turn|10\n|\n|t:|1700018565\n|move|p1a: Lilliana|Mystical Fire|p2a: Gholdengo\n|-supereffective|p2a: Gholdengo\n|-damage|p2a: Gholdengo|0 fnt\n|faint|p2a: Gholdengo\n|\n|win|That Octo Dragon\n|raw|That Octo Dragon's rating: 1201 &rarr; <strong>1225<\/strong><br \/>(+24 for winning)\n|raw|Brick_Enjoyer_144's rating: 1193 &rarr; <strong>1169<\/strong><br \/>(-24 for losing)\n","uploadtime":1700018572,"views":6,"p1id":"thatoctodragon","p2id":"brickenjoyer144","formatid":"gen9nationaldexdoubles","rating":1169,"private":0,"password":""}