{"id":"gen9nationaldexdoubles-1958290105","p1":"peopleselfMC","p2":"bellyue","format":"[Gen 9] National Dex Doubles","log":"|j|\u2606peopleselfMC\n|j|\u2606bellyue\n|t:|1696307295\n|gametype|doubles\n|player|p1|peopleselfMC|1|\n|player|p2|bellyue|102|\n|teamsize|p1|6\n|teamsize|p2|6\n|gen|9\n|tier|[Gen 9] National Dex Doubles\n|rule|HP Percentage Mod: HP is shown in percentages\n|rule|Endless Battle Clause: Forcing endless battles is banned\n|rule|OHKO Clause: OHKO moves are banned\n|rule|Evasion Moves Clause: Evasion moves are banned\n|rule|Evasion Abilities Clause: Evasion abilities are banned\n|rule|Species Clause: Limit one of each Pok\u00e9mon\n|rule|Gravity Sleep Clause: The combination of sleep-inducing moves with imperfect accuracy and Gravity or Gigantamax Orbeetle are banned\n|clearpoke\n|poke|p1|Cresselia, F|\n|poke|p1|Oranguru, F|\n|poke|p1|Indeedee-F, F|\n|poke|p1|Hoopa-Unbound|\n|poke|p1|Hatenna, F|\n|poke|p1|Sylveon, M|\n|poke|p2|Mr. Mime, M|\n|poke|p2|Mawile, F|\n|poke|p2|Wigglytuff, F|\n|poke|p2|Ninetales-Alola, F|\n|poke|p2|Heatran, M|\n|poke|p2|Ribombee, F|\n|teampreview\n|inactive|Battle timer is ON: inactive players will automatically lose when time's up. (requested by peopleselfMC)\n|inactive|bellyue has 270 seconds left.\n|\n|t:|1696307333\n|start\n|switch|p1a: Oranguru|Oranguru, F, shiny|100\/100\n|switch|p1b: Sylveon|Sylveon, M, shiny|100\/100\n|switch|p2a: Mr. Mime|Mr. Mime, M|100\/100\n|switch|p2b: Mawile|Mawile, F, shiny|100\/100\n|-ability|p2b: Mawile|Intimidate|boost\n|-fail|p1a: Oranguru|unboost|Attack|[from] ability: Inner Focus|[of] p1a: Oranguru\n|-unboost|p1b: Sylveon|atk|1\n|turn|1\n|\n|t:|1696307356\n|move|p2a: Mr. Mime|Fake Out|p1b: Sylveon\n|-damage|p1b: Sylveon|95\/100\n|move|p1a: Oranguru|Yawn|p2b: Mawile\n|-start|p2b: Mawile|move: Yawn|[of] p1a: Oranguru\n|cant|p1b: Sylveon|flinch\n|move|p2b: Mawile|Knock Off|p1a: Oranguru\n|-supereffective|p1a: Oranguru\n|-damage|p1a: Oranguru|45\/100\n|-enditem|p1a: Oranguru|Leftovers|[from] move: Knock Off|[of] p2b: Mawile\n|\n|-heal|p1b: Sylveon|100\/100|[from] item: Leftovers\n|upkeep\n|turn|2\n|\n|t:|1696307377\n|switch|p2b: Wigglytuff|Wigglytuff, F|100\/100\n|move|p1b: Sylveon|Calm Mind|p1b: Sylveon\n|-boost|p1b: Sylveon|spa|1\n|-boost|p1b: Sylveon|spd|1\n|move|p2a: Mr. Mime|Trick Room|p2a: Mr. Mime\n|-fieldstart|move: Trick Room|[of] p2a: Mr. Mime\n|move|p1a: Oranguru|Trick Room|p1a: Oranguru\n|-fieldend|move: Trick Room\n|\n|upkeep\n|turn|3\n|\n|t:|1696307400\n|switch|p1a: Hatenna|Hatenna, F, shiny|100\/100\n|move|p2a: Mr. Mime|Seismic Toss|p1b: Sylveon\n|-damage|p1b: Sylveon|75\/100\n|move|p1b: Sylveon|Hyper Voice|p2b: Wigglytuff|[spread] p2a,p2b\n|-damage|p2a: Mr. Mime|46\/100\n|-damage|p2b: Wigglytuff|46\/100\n|move|p2b: Wigglytuff|Stealth Rock|p1b: Sylveon\n|move|p1a: Hatenna|Stealth Rock|p2b: Wigglytuff|[from]ability: Magic Bounce\n|-sidestart|p2: bellyue|move: Stealth Rock\n|\n|-heal|p2a: Mr. Mime|52\/100|[from] item: Leftovers\n|-heal|p1b: Sylveon|81\/100|[from] item: Leftovers\n|upkeep\n|turn|4\n|inactive|bellyue has 270 seconds left.\n|\n|t:|1696307433\n|move|p2b: Wigglytuff|Ally Switch|p2b: Wigglytuff\n|swap|p2b: Wigglytuff|0|[from] move: Ally Switch\n|move|p2b: Mr. Mime|Dazzling Gleam|p1b: Sylveon|[spread] p1a,p1b\n|-damage|p1a: Hatenna|73\/100\n|-damage|p1b: Sylveon|72\/100\n|move|p1b: Sylveon|Hyper Voice|p2a: Wigglytuff|[spread] p2a,p2b\n|-damage|p2a: Wigglytuff|0 fnt\n|-damage|p2b: Mr. Mime|0 fnt\n|faint|p2a: Wigglytuff\n|faint|p2b: Mr. Mime\n|move|p1a: Hatenna|Dazzling Gleam|p2: Wigglytuff|[notarget]\n|-fail|p1a: Hatenna\n|\n|-heal|p1b: Sylveon|78\/100|[from] item: Leftovers\n|upkeep\n|inactive|bellyue has 270 seconds left.\n|\n|t:|1696307463\n|switch|p2b: Heatran|Heatran, M|100\/100\n|switch|p2a: Mawile|Mawile, F, shiny|100\/100\n|-damage|p2b: Heatran|88\/100|[from] Stealth Rock\n|-damage|p2a: Mawile|94\/100|[from] Stealth Rock\n|-ability|p2a: Mawile|Intimidate|boost\n|-unboost|p1a: Hatenna|atk|1\n|-unboost|p1b: Sylveon|atk|1\n|turn|5\n|inactive|bellyue has 270 seconds left.\n|\n|t:|1696307485\n|detailschange|p2a: Mawile|Mawile-Mega, F, shiny\n|-mega|p2a: Mawile|Mawile|Mawilite\n|-terastallize|p2b: Heatran|Fairy\n|move|p2b: Heatran|Lava Plume|p1b: Sylveon|[spread] p2a,p1a,p1b\n|-supereffective|p2a: Mawile\n|-damage|p2a: Mawile|11\/100\n|-damage|p1a: Hatenna|28\/100\n|-damage|p1b: Sylveon|61\/100\n|-status|p2a: Mawile|brn\n|-status|p1b: Sylveon|brn\n|move|p1b: Sylveon|Mystical Fire|p2a: Mawile\n|-supereffective|p2a: Mawile\n|-damage|p2a: Mawile|0 fnt\n|faint|p2a: Mawile\n|move|p1a: Hatenna|Trick Room|p1a: Hatenna\n|-fieldstart|move: Trick Room|[of] p1a: Hatenna\n|\n|-heal|p1b: Sylveon|67\/100 brn|[from] item: Leftovers\n|-damage|p1b: Sylveon|61\/100 brn|[from] brn\n|upkeep\n|c|\u2606peopleselfMC|\u554a\uff1f\n|\n|t:|1696307506\n|switch|p2a: Ninetales|Ninetales-Alola, F|100\/100\n|-damage|p2a: Ninetales|75\/100|[from] Stealth Rock\n|-weather|Snow|[from] ability: Snow Warning|[of] p2a: Ninetales\n|turn|6\n|\n|t:|1696307521\n|move|p1a: Hatenna|Dazzling Gleam|p2a: Ninetales|[spread] p2a,p2b\n|-damage|p2a: Ninetales|58\/100\n|-damage|p2b: Heatran|77\/100\n|move|p1b: Sylveon|Hyper Voice|p2b: Heatran|[spread] p2a,p2b\n|-damage|p2a: Ninetales|0 fnt\n|-damage|p2b: Heatran|27\/100\n|faint|p2a: Ninetales\n|move|p2b: Heatran|Heat Wave|p1a: Hatenna|[spread] p1b\n|-miss|p2b: Heatran|p1a: Hatenna\n|-damage|p1b: Sylveon|43\/100 brn\n|\n|-weather|Snow|[upkeep]\n|-heal|p1b: Sylveon|49\/100 brn|[from] item: Leftovers\n|-damage|p1b: Sylveon|43\/100 brn|[from] brn\n|upkeep\n|\n|t:|1696307536\n|switch|p2a: Ribombee|Ribombee, F|100\/100\n|-damage|p2a: Ribombee|76\/100|[from] Stealth Rock\n|turn|7\n|\n|t:|1696307547\n|move|p2a: Ribombee|Protect|p2a: Ribombee\n|-singleturn|p2a: Ribombee|Protect\n|move|p1a: Hatenna|Dazzling Gleam|p2a: Ribombee|[spread] p2b\n|-activate|p2a: Ribombee|move: Protect\n|-damage|p2b: Heatran|17\/100\n|move|p1b: Sylveon|Hyper Voice|p2b: Heatran|[spread] p2b\n|-activate|p2a: Ribombee|move: Protect\n|-damage|p2b: Heatran|0 fnt\n|faint|p2b: Heatran\n|\n|-weather|Snow|[upkeep]\n|-heal|p1b: Sylveon|49\/100 brn|[from] item: Leftovers\n|-damage|p1b: Sylveon|43\/100 brn|[from] brn\n|upkeep\n|turn|8\n|inactive|bellyue has 270 seconds left.\n|\n|t:|1696307563\n|move|p2a: Ribombee|Protect||[still]\n|-fail|p2a: Ribombee\n|move|p1a: Hatenna|Psyshock|p2a: Ribombee\n|-damage|p2a: Ribombee|18\/100\n|move|p1b: Sylveon|Hyper Voice|p2a: Ribombee\n|-damage|p2a: Ribombee|0 fnt\n|faint|p2a: Ribombee\n|\n|win|peopleselfMC\n","uploadtime":1696307566,"views":12,"p1id":"peopleselfmc","p2id":"bellyue","formatid":"gen9nationaldexdoubles","rating":0,"private":0,"password":""}