{"id":"gen9nationaldexdoubles-1980583592","p1":"FearlessFluf1","p2":"bigbroj","format":"[Gen 9] National Dex Doubles","log":"|j|\u2606FearlessFluf1\n|j|\u2606bigbroj\n|t:|1698800001\n|gametype|doubles\n|player|p1|FearlessFluf1|pokemaniac|1000\n|player|p2|bigbroj|cynthia|1193\n|teamsize|p1|6\n|teamsize|p2|6\n|gen|9\n|tier|[Gen 9] National Dex Doubles\n|rated|\n|rule|HP Percentage Mod: HP is shown in percentages\n|rule|Endless Battle Clause: Forcing endless battles is banned\n|rule|OHKO Clause: OHKO moves are banned\n|rule|Evasion Moves Clause: Evasion moves are banned\n|rule|Evasion Abilities Clause: Evasion abilities are banned\n|rule|Species Clause: Limit one of each Pok\u00e9mon\n|rule|Gravity Sleep Clause: The combination of sleep-inducing moves with imperfect accuracy and Gravity or Gigantamax Orbeetle are banned\n|clearpoke\n|poke|p1|Kingambit, F|\n|poke|p1|Tatsugiri-Droopy, F|\n|poke|p1|Iron Valiant|\n|poke|p1|Skeledirge, F|\n|poke|p1|Cramorant, M|\n|poke|p1|Dragonite, F|\n|poke|p2|Amoonguss, F|\n|poke|p2|Armarouge, F|\n|poke|p2|Indeedee-F, F|\n|poke|p2|Torkoal, M|\n|poke|p2|Sinistcha-Masterpiece|\n|poke|p2|Clefairy, M|\n|teampreview\n|inactive|Battle timer is ON: inactive players will automatically lose when time's up. (requested by bigbroj)\n|\n|t:|1698800018\n|start\n|switch|p1a: Kingambit|Kingambit, F|100\/100\n|switch|p1b: Cramorant|Cramorant, M|100\/100\n|switch|p2a: Clefairy|Clefairy, M|100\/100\n|switch|p2b: Sinistcha|Sinistcha-Masterpiece|100\/100\n|turn|1\n|\n|t:|1698800036\n|move|p2a: Clefairy|Follow Me|p2a: Clefairy\n|-singleturn|p2a: Clefairy|move: Follow Me\n|move|p1b: Cramorant|Surf|p2a: Clefairy|[spread] p1a,p2a,p2b\n|-formechange|p1b: Cramorant|Cramorant-Gulping|\n|-resisted|p2b: Sinistcha\n|-damage|p1a: Kingambit|79\/100\n|-damage|p2a: Clefairy|83\/100\n|-damage|p2b: Sinistcha|90\/100\n|move|p1a: Kingambit|Kowtow Cleave|p2a: Clefairy\n|-resisted|p2a: Clefairy\n|-damage|p2a: Clefairy|63\/100\n|move|p2b: Sinistcha|Trick Room|p2b: Sinistcha\n|-fieldstart|move: Trick Room|[of] p2b: Sinistcha\n|\n|upkeep\n|turn|2\n|\n|t:|1698800057\n|switch|p2b: Amoonguss|Amoonguss, F|100\/100\n|move|p1a: Kingambit|Sucker Punch||[still]\n|-fail|p1a: Kingambit\n|move|p2a: Clefairy|Icy Wind|p1b: Cramorant|[spread] p1a,p1b\n|-resisted|p1a: Kingambit\n|-damage|p1a: Kingambit|77\/100\n|-damage|p1b: Cramorant|95\/100\n|-unboost|p1a: Kingambit|spe|1\n|-unboost|p1b: Cramorant|spe|1\n|-damage|p2a: Clefairy|38\/100|[from] ability: Gulp Missile|[of] p1b: Cramorant\n|-unboost|p2a: Clefairy|def|1\n|-formechange|p1b: Cramorant|Cramorant|\n|move|p1b: Cramorant|Ice Beam|p2b: Amoonguss\n|-supereffective|p2b: Amoonguss\n|-damage|p2b: Amoonguss|81\/100\n|\n|upkeep\n|turn|3\n|\n|t:|1698800083\n|move|p2a: Clefairy|Protect|p2a: Clefairy\n|-singleturn|p2a: Clefairy|Protect\n|move|p2b: Amoonguss|Spore|p1b: Cramorant\n|-status|p1b: Cramorant|slp|[from] move: Spore\n|move|p1a: Kingambit|Kowtow Cleave|p2a: Clefairy\n|-activate|p2a: Clefairy|move: Protect\n|cant|p1b: Cramorant|slp\n|\n|upkeep\n|turn|4\n|\n|t:|1698800098\n|move|p1a: Kingambit|Protect|p1a: Kingambit\n|-singleturn|p1a: Kingambit|Protect\n|move|p2a: Clefairy|Icy Wind|p1b: Cramorant|[spread] p1b\n|-activate|p1a: Kingambit|move: Protect\n|-damage|p1b: Cramorant|91\/100 slp\n|-unboost|p1b: Cramorant|spe|1\n|move|p2b: Amoonguss|Spore|p1a: Kingambit\n|-activate|p1a: Kingambit|move: Protect\n|cant|p1b: Cramorant|slp\n|\n|upkeep\n|turn|5\n|\n|t:|1698800120\n|switch|p2a: Indeedee|Indeedee-F, F|100\/100\n|-fieldstart|move: Psychic Terrain|[from] ability: Psychic Surge|[of] p2a: Indeedee\n|move|p2b: Amoonguss|Pollen Puff|p1a: Kingambit\n|-damage|p1a: Kingambit|59\/100\n|move|p1a: Kingambit|Kowtow Cleave|p2b: Amoonguss\n|-damage|p2b: Amoonguss|38\/100\n|-enditem|p2b: Amoonguss|Sitrus Berry|[eat]\n|-heal|p2b: Amoonguss|62\/100|[from] item: Sitrus Berry\n|cant|p1b: Cramorant|slp\n|\n|-fieldend|move: Trick Room\n|upkeep\n|turn|6\n|\n|t:|1698800148\n|move|p2b: Amoonguss|Rage Powder|p2b: Amoonguss\n|-singleturn|p2b: Amoonguss|move: Rage Powder\n|move|p2a: Indeedee|Expanding Force|p1b: Cramorant|[spread] p1b\n|-immune|p1a: Kingambit\n|-damage|p1b: Cramorant|65\/100 slp\n|-curestatus|p1b: Cramorant|slp|[msg]\n|move|p1b: Cramorant|Surf|p2a: Indeedee|[spread] p1a,p2a,p2b\n|-formechange|p1b: Cramorant|Cramorant-Gulping|\n|-resisted|p2b: Amoonguss\n|-damage|p1a: Kingambit|38\/100\n|-damage|p2a: Indeedee|78\/100\n|-damage|p2b: Amoonguss|55\/100\n|-enditem|p2a: Indeedee|Eject Button\n|\n|t:|1698800159\n|switch|p2a: Clefairy|Clefairy, M|38\/100\n|move|p1a: Kingambit|Kowtow Cleave|p2b: Amoonguss\n|-damage|p2b: Amoonguss|19\/100\n|\n|upkeep\n|turn|7\n|\n|t:|1698800173\n|move|p1a: Kingambit|Protect|p1a: Kingambit\n|-singleturn|p1a: Kingambit|Protect\n|move|p2b: Amoonguss|Protect|p2b: Amoonguss\n|-singleturn|p2b: Amoonguss|Protect\n|move|p1b: Cramorant|Ice Beam|p2b: Amoonguss\n|-activate|p2b: Amoonguss|move: Protect\n|move|p2a: Clefairy|Heal Pulse|p2b: Amoonguss\n|-activate|p2b: Amoonguss|move: Protect\n|\n|upkeep\n|turn|8\n|\n|t:|1698800189\n|move|p1b: Cramorant|Surf|p2a: Clefairy|[spread] p1a,p2a,p2b\n|-resisted|p2b: Amoonguss\n|-damage|p1a: Kingambit|17\/100\n|-damage|p2a: Clefairy|21\/100\n|-damage|p2b: Amoonguss|14\/100\n|-enditem|p1a: Kingambit|Iapapa Berry|[eat]\n|-heal|p1a: Kingambit|50\/100|[from] item: Iapapa Berry\n|move|p1a: Kingambit|Kowtow Cleave|p2b: Amoonguss\n|-damage|p2b: Amoonguss|0 fnt\n|faint|p2b: Amoonguss\n|move|p2a: Clefairy|Heal Pulse|p2: Amoonguss|[notarget]\n|-fail|p2a: Clefairy\n|\n|upkeep\n|-message|bigbroj forfeited.\n|\n|win|FearlessFluf1\n|raw|FearlessFluf1's rating: 1000 &rarr; <strong>1060<\/strong><br \/>(+60 for winning)\n|raw|bigbroj's rating: 1193 &rarr; <strong>1155<\/strong><br \/>(-38 for losing)\n|l|\u2606bigbroj\n","uploadtime":1698800205,"views":10,"p1id":"fearlessfluf1","p2id":"bigbroj","formatid":"gen9nationaldexdoubles","rating":1060,"private":0,"password":""}