{"id":"gen9nationaldexdoubles-1987944404","p1":"road0","p2":"Solarbutnotbeaming","format":"[Gen 9] National Dex Doubles","log":"|j|\u2606road0\n|j|\u2606Solarbutnotbeaming\n|t:|1699651703\n|gametype|doubles\n|player|p1|road0|266|1046\n|player|p2|Solarbutnotbeaming|rocketgrunt|1097\n|teamsize|p1|6\n|teamsize|p2|6\n|gen|9\n|tier|[Gen 9] National Dex Doubles\n|rated|\n|rule|HP Percentage Mod: HP is shown in percentages\n|rule|Endless Battle Clause: Forcing endless battles is banned\n|rule|OHKO Clause: OHKO moves are banned\n|rule|Evasion Moves Clause: Evasion moves are banned\n|rule|Evasion Abilities Clause: Evasion abilities are banned\n|rule|Species Clause: Limit one of each Pok\u00e9mon\n|rule|Gravity Sleep Clause: The combination of sleep-inducing moves with imperfect accuracy and Gravity or Gigantamax Orbeetle are banned\n|clearpoke\n|poke|p1|Regieleki|\n|poke|p1|Shuckle, M|\n|poke|p1|Absol, F|\n|poke|p1|Garchomp, M|\n|poke|p1|Celesteela|\n|poke|p1|Flutter Mane|\n|poke|p2|Venusaur, F|\n|poke|p2|Slowbro, M|\n|poke|p2|Dragonite, F|\n|poke|p2|Graveler, M|\n|poke|p2|Magneton|\n|poke|p2|Wigglytuff, M|\n|teampreview\n|\n|t:|1699651713\n|start\n|switch|p1a: goofy2|Shuckle, M|100\/100\n|switch|p1b: goofy1|Regieleki|100\/100\n|switch|p2a: Wigglytuff|Wigglytuff, M, shiny|100\/100\n|switch|p2b: Dragonite|Dragonite, F|100\/100\n|turn|1\n|\n|t:|1699651726\n|move|p1b: goofy1|Reflect|p1b: goofy1\n|-sidestart|p1: road0|Reflect\n|move|p2b: Dragonite|Sunny Day|p2b: Dragonite\n|-weather|SunnyDay\n|move|p2a: Wigglytuff|Hyper Voice|p1a: goofy2|[spread] p1a,p1b\n|-resisted|p1a: goofy2\n|-damage|p1a: goofy2|93\/100\n|-damage|p1b: goofy1|51\/100\n|-enditem|p1a: goofy2|Red Card|[of] p2a: Wigglytuff\n|-enditem|p2a: Wigglytuff|Throat Spray\n|-boost|p2a: Wigglytuff|spa|1|[from] item: Throat Spray\n|drag|p2a: Graveler|Graveler, M|100\/100\n|move|p1a: goofy2|Sticky Web|p2a: Graveler\n|-sidestart|p2: Solarbutnotbeaming|move: Sticky Web\n|\n|-weather|SunnyDay|[upkeep]\n|upkeep\n|turn|2\n|\n|t:|1699651743\n|move|p1b: goofy1|Reflect||[still]\n|-fail|p1b: goofy1\n|move|p2b: Dragonite|Breaking Swipe|p1a: goofy2|[spread] p1a,p1b\n|-damage|p1a: goofy2|83\/100\n|-damage|p1b: goofy1|20\/100\n|-unboost|p1a: goofy2|atk|1\n|-unboost|p1b: goofy1|atk|1\n|move|p2a: Graveler|Power-Up Punch|p1b: goofy1\n|-damage|p1b: goofy1|8\/100\n|-boost|p2a: Graveler|atk|1\n|move|p1a: goofy2|Stealth Rock|p2b: Dragonite\n|-sidestart|p2: Solarbutnotbeaming|move: Stealth Rock\n|\n|-weather|SunnyDay|[upkeep]\n|upkeep\n|turn|3\n|\n|t:|1699651761\n|move|p1b: goofy1|Light Screen|p1b: goofy1\n|-sidestart|p1: road0|move: Light Screen\n|move|p2b: Dragonite|Breaking Swipe|p1b: goofy1|[spread] p1a,p1b\n|-damage|p1a: goofy2|73\/100\n|-damage|p1b: goofy1|0 fnt\n|-unboost|p1a: goofy2|atk|1\n|faint|p1b: goofy1\n|move|p2a: Graveler|Rock Polish|p2a: Graveler\n|-boost|p2a: Graveler|spe|2\n|move|p1a: goofy2|Final Gambit|p2a: Graveler\n|-damage|p2a: Graveler|30\/100\n|faint|p1a: goofy2\n|\n|-weather|SunnyDay|[upkeep]\n|upkeep\n|\n|t:|1699651776\n|switch|p1b: goofy5|Celesteela|100\/100\n|switch|p1a: goofy4|Garchomp, M|100\/100\n|turn|4\n|\n|t:|1699651819\n|move|p2a: Graveler|Earthquake|p1b: goofy5|[spread] p1a\n|-immune|p2b: Dragonite\n|-immune|p1b: goofy5\n|-damage|p1a: goofy4|72\/100\n|move|p1a: goofy4|Scale Shot|p2a: Graveler\n|-damage|p2a: Graveler|9\/100\n|-damage|p2a: Graveler|0 fnt\n|faint|p2a: Graveler\n|-hitcount|p2: Graveler|2\n|-unboost|p1a: goofy4|def|1\n|-boost|p1a: goofy4|spe|1\n|-damage|p1a: goofy4|62\/100|[from] item: Life Orb\n|move|p2b: Dragonite|Sunny Day||[still]\n|-fail|p2b: Dragonite\n|move|p1b: goofy5|Meteor Beam||[still]\n|-prepare|p1b: goofy5|Meteor Beam\n|-boost|p1b: goofy5|spa|1\n|\n|-weather|SunnyDay|[upkeep]\n|upkeep\n|\n|t:|1699651837\n|switch|p2a: Venusaur|Venusaur, F|100\/100\n|-activate|p2a: Venusaur|move: Sticky Web\n|-unboost|p2a: Venusaur|spe|1\n|-damage|p2a: Venusaur|88\/100|[from] Stealth Rock\n|turn|5\n|\n|t:|1699651856\n|move|p1a: goofy4|Outrage|p2a: Venusaur\n|-damage|p2a: Venusaur|0 fnt\n|faint|p2a: Venusaur\n|-damage|p1a: goofy4|52\/100|[from] item: Life Orb\n|move|p2b: Dragonite|Breaking Swipe|p1a: goofy4|[spread] p1a,p1b\n|-supereffective|p1a: goofy4\n|-crit|p1a: goofy4\n|-resisted|p1b: goofy5\n|-damage|p1a: goofy4|0 fnt\n|-damage|p1b: goofy5|93\/100\n|-unboost|p1b: goofy5|atk|1\n|-damage|p2b: Dragonite|88\/100|[from] ability: Rough Skin|[of] p1a: goofy4\n|-enditem|p1b: goofy5|White Herb\n|-clearnegativeboost|p1b: goofy5|[silent]\n|faint|p1a: goofy4\n|move|p1b: goofy5|Meteor Beam|p2b: Dragonite|[from]lockedmove\n|-supereffective|p2b: Dragonite\n|-damage|p2b: Dragonite|0 fnt\n|faint|p2b: Dragonite\n|-ability|p1b: goofy5|Beast Boost|boost\n|-boost|p1b: goofy5|spa|1\n|\n|-weather|none\n|upkeep\n|\n|t:|1699651880\n|switch|p1a: goofy3|Absol, F|100\/100\n|switch|p2a: Magneton|Magneton|100\/100\n|switch|p2b: Wigglytuff|Wigglytuff, M, shiny|100\/100\n|-ability|p1a: goofy3|Pressure\n|-activate|p2a: Magneton|move: Sticky Web\n|-unboost|p2a: Magneton|spe|1\n|-damage|p2a: Magneton|94\/100|[from] Stealth Rock\n|-activate|p2b: Wigglytuff|move: Sticky Web\n|-unboost|p2b: Wigglytuff|spe|1\n|-ability|p2b: Wigglytuff|Competitive|boost\n|-boost|p2b: Wigglytuff|spa|2\n|-damage|p2b: Wigglytuff|88\/100|[from] Stealth Rock\n|turn|6\n|\n|t:|1699651900\n|detailschange|p1a: goofy3|Absol-Mega, F\n|-mega|p1a: goofy3|Absol|Absolite\n|-terastallize|p2b: Wigglytuff|Fire\n|move|p1a: goofy3|Close Combat|p2a: Magneton\n|-supereffective|p2a: Magneton\n|-damage|p2a: Magneton|33\/100\n|-unboost|p1a: goofy3|def|1\n|-unboost|p1a: goofy3|spd|1\n|move|p1b: goofy5|Flash Cannon|p2b: Wigglytuff\n|-resisted|p2b: Wigglytuff\n|-crit|p2b: Wigglytuff\n|-damage|p2b: Wigglytuff|32\/100\n|move|p2a: Magneton|Electroweb|p1b: goofy5|[spread] p1a,p1b\n|-supereffective|p1b: goofy5\n|-damage|p1a: goofy3|70\/100\n|-damage|p1b: goofy5|74\/100\n|-unboost|p1a: goofy3|spe|1\n|-unboost|p1b: goofy5|spe|1\n|move|p2b: Wigglytuff|Dazzling Gleam|p1b: goofy5|[spread] p1a,p1b\n|-supereffective|p1a: goofy3\n|-resisted|p1b: goofy5\n|-damage|p1a: goofy3|0 fnt\n|-damage|p1b: goofy5|60\/100\n|faint|p1a: goofy3\n|\n|upkeep\n|\n|t:|1699651919\n|switch|p1a: goofy6|Flutter Mane|100\/100\n|turn|7\n|\n|t:|1699651938\n|move|p1a: goofy6|Mystical Fire|p2a: Magneton\n|-supereffective|p2a: Magneton\n|-damage|p2a: Magneton|0 fnt\n|faint|p2a: Magneton\n|-damage|p1a: goofy6|91\/100|[from] item: Life Orb\n|move|p1b: goofy5|Air Slash|p2b: Wigglytuff\n|-damage|p2b: Wigglytuff|0 fnt\n|faint|p2b: Wigglytuff\n|-ability|p1b: goofy5|Beast Boost|boost\n|-boost|p1b: goofy5|spa|1\n|\n|upkeep\n|\n|t:|1699651952\n|switch|p2a: Slowbro|Slowbro, M|100\/100\n|-activate|p2a: Slowbro|move: Sticky Web\n|-unboost|p2a: Slowbro|spe|1\n|-damage|p2a: Slowbro|88\/100|[from] Stealth Rock\n|turn|8\n|\n|t:|1699651964\n|move|p1a: goofy6|Shadow Ball|p2a: Slowbro\n|-supereffective|p2a: Slowbro\n|-damage|p2a: Slowbro|0 fnt\n|faint|p2a: Slowbro\n|-damage|p1a: goofy6|81\/100|[from] item: Life Orb\n|\n|win|road0\n|raw|road0's rating: 1046 &rarr; <strong>1084<\/strong><br \/>(+38 for winning)\n|raw|Solarbutnotbeaming's rating: 1097 &rarr; <strong>1069<\/strong><br \/>(-28 for losing)\n|l|\u2606Solarbutnotbeaming\n","uploadtime":1699651977,"views":13,"p1id":"road0","p2id":"solarbutnotbeaming","formatid":"gen9nationaldexdoubles","rating":1069,"private":0,"password":""}