{"id":"gen9nationaldexdoubles-1994561174","p1":"13KStephen","p2":"MathHacker","format":"[Gen 9] National Dex Doubles","log":"|j|\u260613KStephen\n|j|\u2606MathHacker\n|t:|1700460108\n|gametype|doubles\n|player|p1|13KStephen|lucas|1278\n|player|p2|MathHacker|picnicker|1392\n|teamsize|p1|6\n|teamsize|p2|6\n|gen|9\n|tier|[Gen 9] National Dex Doubles\n|rated|\n|rule|HP Percentage Mod: HP is shown in percentages\n|rule|Endless Battle Clause: Forcing endless battles is banned\n|rule|OHKO Clause: OHKO moves are banned\n|rule|Evasion Moves Clause: Evasion moves are banned\n|rule|Evasion Abilities Clause: Evasion abilities are banned\n|rule|Species Clause: Limit one of each Pok\u00e9mon\n|rule|Gravity Sleep Clause: The combination of sleep-inducing moves with imperfect accuracy and Gravity or Gigantamax Orbeetle are banned\n|clearpoke\n|poke|p1|Absol, F|\n|poke|p1|Flutter Mane|\n|poke|p1|Conkeldurr, F|\n|poke|p1|Torkoal, M|\n|poke|p1|Leafeon, M|\n|poke|p1|Slowbro, M|\n|poke|p2|Shuckle, M|\n|poke|p2|Pelipper, M|\n|poke|p2|Cresselia, F|\n|poke|p2|Torkoal, M|\n|poke|p2|Oranguru, F|\n|poke|p2|Ursaluna, M|\n|teampreview\n|\n|t:|1700460123\n|start\n|switch|p1a: Chloe|Absol, F|100\/100\n|switch|p1b: Dorian|Leafeon, M|100\/100\n|switch|p2a: Shucky|Shuckle, M, shiny|100\/100\n|switch|p2b: munke|Oranguru, F|100\/100\n|turn|1\n|\n|t:|1700460146\n|switch|p1b: Odie|Slowbro, M|100\/100\n|detailschange|p1a: Chloe|Absol-Mega, F\n|-mega|p1a: Chloe|Absol|Absolite\n|-terastallize|p2b: munke|Grass\n|move|p1a: Chloe|Night Slash|p2b: munke\n|-damage|p2b: munke|69\/100\n|move|p2a: Shucky|Power Trick|p2a: Shucky\n|-start|p2a: Shucky|Power Trick\n|move|p2b: munke|Trick Room|p2b: munke\n|-fieldstart|move: Trick Room|[of] p2b: munke\n|\n|upkeep\n|turn|2\n|\n|t:|1700460178\n|move|p1a: Chloe|Protect|p1a: Chloe\n|-singleturn|p1a: Chloe|Protect\n|move|p2a: Shucky|Rock Slide|p1b: Odie|[spread] p1b\n|-activate|p1a: Chloe|move: Protect\n|-damage|p1b: Odie|59\/100\n|move|p1b: Odie|Psychic|p2a: Shucky\n|-damage|p2a: Shucky|76\/100\n|-unboost|p2a: Shucky|spd|1\n|move|p2b: munke|Instruct|p2a: Shucky\n|-singleturn|p2a: Shucky|move: Instruct|[of] p2b: munke\n|move|p2a: Shucky|Rock Slide|p1a: Chloe|[spread] p1b\n|-activate|p1a: Chloe|move: Protect\n|-damage|p1b: Odie|17\/100\n|\n|-heal|p1b: Odie|23\/100|[from] item: Leftovers\n|upkeep\n|turn|3\n|\n|t:|1700460225\n|switch|p1b: The Violence|Conkeldurr, F|100\/100\n|move|p1a: Chloe|Sucker Punch|p2a: Shucky\n|-damage|p2a: Shucky|0 fnt\n|faint|p2a: Shucky\n|move|p2b: munke|Instruct|p2: Shucky|[notarget]\n|-fail|p2b: munke\n|\n|-status|p1b: The Violence|brn|[from] item: Flame Orb\n|upkeep\n|\n|t:|1700460262\n|switch|p2a: Bird|Pelipper, M|100\/100\n|-weather|RainDance|[from] ability: Drizzle|[of] p2a: Bird\n|turn|4\n|\n|t:|1700460297\n|-terastallize|p1b: The Violence|Steel\n|move|p1b: The Violence|Drain Punch|p2b: munke\n|-damage|p2b: munke|14\/100\n|move|p2b: munke|Instruct||[still]\n|-fail|p2b: munke\n|move|p2a: Bird|Surf|p1a: Chloe|[spread] p1a,p1b\n|-activate|p2b: munke|ability: Telepathy\n|-damage|p1a: Chloe|16\/100\n|-damage|p1b: The Violence|48\/100 brn\n|move|p1a: Chloe|Night Slash|p2b: munke\n|-crit|p2b: munke\n|-damage|p2b: munke|0 fnt\n|faint|p2b: munke\n|\n|-weather|RainDance|[upkeep]\n|-damage|p1b: The Violence|42\/100 brn|[from] brn\n|upkeep\n|\n|t:|1700460338\n|switch|p2b: ber|Ursaluna, M|100\/100\n|turn|5\n|\n|t:|1700460348\n|switch|p1a: Mr. Brightside|Torkoal, M|100\/100\n|-weather|SunnyDay|[from] ability: Drought|[of] p1a: Mr. Brightside\n|move|p2b: ber|Protect|p2b: ber\n|-singleturn|p2b: ber|Protect\n|move|p1b: The Violence|Drain Punch|p2b: ber\n|-activate|p2b: ber|move: Protect\n|move|p2a: Bird|Surf|p1b: The Violence|[spread] p1a,p1b\n|-activate|p2b: ber|move: Protect\n|-supereffective|p1a: Mr. Brightside\n|-damage|p1a: Mr. Brightside|64\/100\n|-damage|p1b: The Violence|24\/100 brn\n|\n|-weather|SunnyDay|[upkeep]\n|-damage|p1b: The Violence|18\/100 brn|[from] brn\n|-fieldend|move: Trick Room\n|-status|p2b: ber|brn|[from] item: Flame Orb\n|upkeep\n|turn|6\n|\n|t:|1700460375\n|switch|p1b: Dorian|Leafeon, M|100\/100\n|move|p2a: Bird|Wide Guard|p2a: Bird\n|-singleturn|p2a: Bird|Wide Guard\n|move|p2b: ber|Earthquake|p1b: Dorian|[spread] p1a,p1b\n|-activate|p2a: Bird|move: Wide Guard\n|-supereffective|p1a: Mr. Brightside\n|-resisted|p1b: Dorian\n|-damage|p1a: Mr. Brightside|0 fnt\n|-damage|p1b: Dorian|74\/100\n|faint|p1a: Mr. Brightside\n|\n|-weather|SunnyDay|[upkeep]\n|-damage|p2b: ber|94\/100 brn|[from] brn\n|upkeep\n|\n|t:|1700460393\n|switch|p1a: Flutter Mane|Flutter Mane|100\/100\n|-activate|p1a: Flutter Mane|ability: Protosynthesis\n|-start|p1a: Flutter Mane|protosynthesisspe\n|turn|7\n|\n|t:|1700460433\n|move|p2a: Bird|Wide Guard|p2a: Bird\n|-singleturn|p2a: Bird|Wide Guard\n|move|p1a: Flutter Mane|Moonblast|p2b: ber\n|-damage|p2b: ber|35\/100 brn\n|-unboost|p2b: ber|spa|1\n|move|p1b: Dorian|Leaf Blade|p2b: ber\n|-supereffective|p2b: ber\n|-damage|p2b: ber|0 fnt\n|faint|p2b: ber\n|\n|-weather|SunnyDay|[upkeep]\n|upkeep\n|\n|t:|1700460451\n|switch|p2b: Cresselia|Cresselia, F, shiny|100\/100\n|turn|8\n|\n|t:|1700460465\n|switch|p2a: Yertle|Torkoal, M|100\/100\n|move|p1a: Flutter Mane|Moonblast|p2a: Yertle\n|-resisted|p2a: Yertle\n|-damage|p2a: Yertle|54\/100\n|move|p1b: Dorian|Knock Off|p2b: Cresselia\n|-supereffective|p2b: Cresselia\n|-crit|p2b: Cresselia\n|-damage|p2b: Cresselia|41\/100\n|-enditem|p2b: Cresselia|Leftovers|[from] move: Knock Off|[of] p1b: Dorian\n|move|p2b: Cresselia|Trick Room|p2b: Cresselia\n|-fieldstart|move: Trick Room|[of] p2b: Cresselia\n|\n|-weather|SunnyDay|[upkeep]\n|upkeep\n|turn|9\n|\n|t:|1700460495\n|move|p2a: Yertle|Eruption|p1a: Flutter Mane|[spread] p1a,p1b\n|-supereffective|p1b: Dorian\n|-damage|p1a: Flutter Mane|55\/100\n|-damage|p1b: Dorian|0 fnt\n|faint|p1b: Dorian\n|move|p2b: Cresselia|Lunar Blessing|p2b: Cresselia|[spread] p2a,p2b\n|-heal|p2a: Yertle|79\/100\n|-heal|p2b: Cresselia|66\/100\n|move|p1a: Flutter Mane|Moonblast|p2a: Yertle\n|-resisted|p2a: Yertle\n|-damage|p2a: Yertle|30\/100\n|\n|-weather|none\n|-end|p1a: Flutter Mane|Protosynthesis\n|upkeep\n|\n|t:|1700460518\n|switch|p1b: Odie|Slowbro, M|57\/100\n|turn|10\n|\n|t:|1700460556\n|move|p2b: Cresselia|Ally Switch|p2b: Cresselia\n|swap|p2b: Cresselia|0|[from] move: Ally Switch\n|move|p2b: Yertle|Solar Beam||[still]\n|-prepare|p2b: Yertle|Solar Beam\n|move|p1b: Odie|Scald|p2a: Cresselia\n|-damage|p2a: Cresselia|48\/100\n|move|p1a: Flutter Mane|Moonblast|p2b: Yertle\n|-resisted|p2b: Yertle\n|-damage|p2b: Yertle|0 fnt\n|faint|p2b: Yertle\n|\n|-heal|p1b: Odie|63\/100|[from] item: Leftovers\n|upkeep\n|c|\u260613KStephen|No <3\n|c|\u2606MathHacker|oh whoops lmao\n|\n|t:|1700460579\n|switch|p2b: Bird|Pelipper, M|100\/100\n|-weather|RainDance|[from] ability: Drizzle|[of] p2b: Bird\n|turn|11\n|c|\u2606MathHacker|I was kind of screwed anyway\n|\n|t:|1700460614\n|-end|p1a: Flutter Mane|Protosynthesis|[silent]\n|switch|p1a: The Violence|Conkeldurr, F, tera:Steel|18\/100 brn\n|move|p1b: Odie|Slack Off|p1b: Odie\n|-heal|p1b: Odie|100\/100\n|move|p2b: Bird|Hurricane|p1b: Odie\n|-damage|p1b: Odie|59\/100\n|move|p2a: Cresselia|Lunar Blessing|p2a: Cresselia|[spread] p2a,p2b\n|-heal|p2a: Cresselia|73\/100\n|\n|-weather|RainDance|[upkeep]\n|-heal|p1b: Odie|65\/100|[from] item: Leftovers\n|-damage|p1a: The Violence|12\/100 brn|[from] brn\n|upkeep\n|turn|12\n|\n|t:|1700460678\n|move|p2a: Cresselia|Helping Hand|p2b: Bird\n|-singleturn|p2b: Bird|Helping Hand|[of] p2a: Cresselia\n|move|p1a: The Violence|Fling|p2a: Cresselia\n|-supereffective|p2a: Cresselia\n|-damage|p2a: Cresselia|53\/100\n|-status|p2a: Cresselia|brn\n|-enditem|p1a: The Violence|Flame Orb|[from] move: Fling\n|move|p1b: Odie|Scald|p2a: Cresselia\n|-damage|p2a: Cresselia|25\/100 brn\n|move|p2b: Bird|Hurricane|p1b: Odie\n|-damage|p1b: Odie|4\/100\n|\n|-weather|RainDance|[upkeep]\n|-heal|p1b: Odie|10\/100|[from] item: Leftovers\n|-damage|p1a: The Violence|6\/100 brn|[from] brn\n|-damage|p2a: Cresselia|19\/100 brn|[from] brn\n|-fieldend|move: Trick Room\n|upkeep\n|turn|13\n|\n|t:|1700460715\n|move|p2a: Cresselia|Lunar Blessing|p2a: Cresselia|[spread] p2a,p2b\n|-heal|p2a: Cresselia|44\/100 brn\n|-curestatus|p2a: Cresselia|brn|[msg]\n|move|p2b: Bird|Hurricane|p1a: The Violence\n|-resisted|p1a: The Violence\n|-damage|p1a: The Violence|0 fnt\n|faint|p1a: The Violence\n|move|p1b: Odie|Scald|p2a: Cresselia\n|-damage|p2a: Cresselia|15\/100\n|\n|-weather|RainDance|[upkeep]\n|-heal|p1b: Odie|16\/100|[from] item: Leftovers\n|upkeep\n|\n|t:|1700460731\n|switch|p1a: Chloe|Absol-Mega, F|16\/100\n|turn|14\n|\n|t:|1700460757\n|move|p2a: Cresselia|Ally Switch|p2a: Cresselia\n|swap|p2a: Cresselia|1|[from] move: Ally Switch\n|move|p1a: Chloe|Night Slash|p2a: Bird\n|-damage|p2a: Bird|61\/100\n|move|p2a: Bird|Surf|p1b: Odie|[spread] p2b,p1a,p1b\n|-crit|p2b: Cresselia\n|-resisted|p1b: Odie\n|-damage|p2b: Cresselia|0 fnt\n|-damage|p1a: Chloe|0 fnt\n|-damage|p1b: Odie|0 fnt\n|faint|p2b: Cresselia\n|faint|p1a: Chloe\n|faint|p1b: Odie\n|\n|-weather|RainDance|[upkeep]\n|upkeep\n|\n|t:|1700460767\n|switch|p1a: Flutter Mane|Flutter Mane|55\/100\n|turn|15\n|\n|t:|1700460775\n|move|p1a: Flutter Mane|Power Gem|p2a: Bird\n|-supereffective|p2a: Bird\n|-damage|p2a: Bird|0 fnt\n|faint|p2a: Bird\n|\n|win|13KStephen\n|raw|13KStephen's rating: 1278 &rarr; <strong>1311<\/strong><br \/>(+33 for winning)\n|raw|MathHacker's rating: 1392 &rarr; <strong>1366<\/strong><br \/>(-26 for losing)\n|l|\u260613KStephen\n","uploadtime":1700460791,"views":2,"p1id":"13kstephen","p2id":"mathhacker","formatid":"gen9nationaldexdoubles","rating":1311,"private":0,"password":""}