{"id":"gen9nationaldexdoubles-1990112375","p1":"dean44","p2":"thefirstsereth","format":"[Gen 9] National Dex Doubles","log":"|j|\u2606dean44\n|j|\u2606thefirstsereth\n|t:|1699925861\n|gametype|doubles\n|player|p1|dean44|265|1102\n|player|p2|thefirstsereth|170|1081\n|teamsize|p1|6\n|teamsize|p2|6\n|gen|9\n|tier|[Gen 9] National Dex Doubles\n|rated|\n|rule|HP Percentage Mod: HP is shown in percentages\n|rule|Endless Battle Clause: Forcing endless battles is banned\n|rule|OHKO Clause: OHKO moves are banned\n|rule|Evasion Moves Clause: Evasion moves are banned\n|rule|Evasion Abilities Clause: Evasion abilities are banned\n|rule|Species Clause: Limit one of each Pok\u00e9mon\n|rule|Gravity Sleep Clause: The combination of sleep-inducing moves with imperfect accuracy and Gravity or Gigantamax Orbeetle are banned\n|clearpoke\n|poke|p1|Malamar, F|\n|poke|p1|Klefki, F|\n|poke|p1|Grapploct, F|\n|poke|p1|Hatterene, F|\n|poke|p1|Garganacl, M|\n|poke|p1|Tsareena, F|\n|poke|p2|Serperior, F|\n|poke|p2|Kommo-o, M|\n|poke|p2|Rotom-Heat|\n|poke|p2|Diancie|\n|poke|p2|Samurott-Hisui, M|\n|poke|p2|Ribombee, F|\n|teampreview\n|inactive|Battle timer is ON: inactive players will automatically lose when time's up. (requested by dean44)\n|\n|t:|1699925889\n|start\n|switch|p1a: Malamar|Malamar, F|100\/100\n|switch|p1b: Klefki|Klefki, F|100\/100\n|switch|p2a: Rotom|Rotom-Heat|100\/100\n|switch|p2b: Samurott|Samurott-Hisui, M|100\/100\n|turn|1\n|\n|t:|1699925918\n|move|p2b: Samurott|Ceaseless Edge|p1a: Malamar\n|-damage|p1a: Malamar|69\/100\n|-sidestart|p1: dean44|Spikes\n|-zpower|p2a: Rotom\n|move|p2a: Rotom|Inferno Overdrive|p1b: Klefki|[zeffect]\n|-supereffective|p1b: Klefki\n|-damage|p1b: Klefki|0 fnt\n|faint|p1b: Klefki\n|move|p1a: Malamar|Superpower|p2b: Samurott\n|-supereffective|p2b: Samurott\n|-damage|p2b: Samurott|34\/100\n|-boost|p1a: Malamar|atk|1\n|-boost|p1a: Malamar|def|1\n|\n|-heal|p1a: Malamar|75\/100|[from] item: Leftovers\n|upkeep\n|\n|t:|1699925923\n|switch|p1b: Hatterene|Hatterene, F|100\/100\n|-damage|p1b: Hatterene|88\/100|[from] Spikes\n|turn|2\n|inactive|thefirstsereth has 120 seconds left.\n|\n|t:|1699925972\n|switch|p2b: Ribombee|Ribombee, F|100\/100\n|move|p2a: Rotom|Overheat|p1a: Malamar\n|-damage|p1a: Malamar|7\/100\n|-unboost|p2a: Rotom|spa|2\n|move|p1a: Malamar|Superpower|p2b: Ribombee\n|-resisted|p2b: Ribombee\n|-damage|p2b: Ribombee|85\/100\n|-boost|p1a: Malamar|atk|1\n|-boost|p1a: Malamar|def|1\n|move|p1b: Hatterene|Trick Room|p1b: Hatterene\n|-fieldstart|move: Trick Room|[of] p1b: Hatterene\n|\n|-heal|p1b: Hatterene|94\/100|[from] item: Leftovers\n|-heal|p1a: Malamar|13\/100|[from] item: Leftovers\n|upkeep\n|turn|3\n|inactive|thefirstsereth has 120 seconds left.\n|inactive|dean44 has 120 seconds left.\n|\n|t:|1699926007\n|move|p1b: Hatterene|Expanding Force|p2b: Ribombee\n|-damage|p2b: Ribombee|21\/100\n|move|p1a: Malamar|Knock Off|p2a: Rotom\n|-damage|p2a: Rotom|43\/100\n|move|p2a: Rotom|Volt Switch|p1a: Malamar\n|-damage|p1a: Malamar|0 fnt\n|faint|p1a: Malamar\n|\n|t:|1699926025\n|switch|p2a: Kommo-o|Kommo-o, M|100\/100|[from] Volt Switch\n|move|p2b: Ribombee|Light Screen|p2b: Ribombee\n|-sidestart|p2: thefirstsereth|move: Light Screen\n|\n|-heal|p1b: Hatterene|99\/100|[from] item: Leftovers\n|upkeep\n|inactive|dean44 has 120 seconds left.\n|\n|t:|1699926035\n|switch|p1a: Tsareena|Tsareena, F|100\/100\n|-damage|p1a: Tsareena|88\/100|[from] Spikes\n|-enditem|p1a: Tsareena|Room Service\n|-unboost|p1a: Tsareena|spe|1|[from] item: Room Service\n|turn|4\n|inactive|thefirstsereth has 120 seconds left.\n|\n|t:|1699926061\n|-terastallize|p2a: Kommo-o|Ghost\n|move|p1b: Hatterene|Dazzling Gleam|p2a: Kommo-o|[spread] p2a,p2b\n|-damage|p2a: Kommo-o|75\/100\n|-damage|p2b: Ribombee|0 fnt\n|faint|p2b: Ribombee\n|move|p1a: Tsareena|Triple Axel|p2a: Kommo-o\n|-damage|p2a: Kommo-o|68\/100\n|-damage|p2a: Kommo-o|56\/100\n|-damage|p2a: Kommo-o|37\/100\n|-enditem|p2a: Kommo-o|Sitrus Berry|[eat]\n|-heal|p2a: Kommo-o|62\/100|[from] item: Sitrus Berry\n|-hitcount|p2a: Kommo-o|3\n|move|p2a: Kommo-o|Clangorous Soul|p2a: Kommo-o\n|-boost|p2a: Kommo-o|atk|1\n|-boost|p2a: Kommo-o|def|1\n|-boost|p2a: Kommo-o|spa|1\n|-boost|p2a: Kommo-o|spd|1\n|-boost|p2a: Kommo-o|spe|1\n|-damage|p2a: Kommo-o|29\/100\n|\n|-heal|p1b: Hatterene|100\/100|[from] item: Leftovers\n|upkeep\n|inactive|thefirstsereth has 90 seconds left.\n|\n|t:|1699926095\n|switch|p2b: Rotom|Rotom-Heat|43\/100\n|turn|5\n|inactive|thefirstsereth has 90 seconds left.\n|\n|t:|1699926112\n|-terastallize|p1a: Tsareena|Water\n|move|p1b: Hatterene|Dazzling Gleam|p2b: Rotom|[spread] p2a,p2b\n|-resisted|p2b: Rotom\n|-damage|p2a: Kommo-o|12\/100\n|-damage|p2b: Rotom|29\/100\n|move|p1a: Tsareena|Tera Blast|p2b: Rotom|[anim] Tera Blast Water\n|-supereffective|p2b: Rotom\n|-damage|p2b: Rotom|0 fnt\n|faint|p2b: Rotom\n|move|p2a: Kommo-o|Shadow Claw|p1b: Hatterene\n|-supereffective|p1b: Hatterene\n|-crit|p1b: Hatterene\n|-damage|p1b: Hatterene|0 fnt\n|faint|p1b: Hatterene\n|\n|upkeep\n|\n|t:|1699926127\n|switch|p1b: Garganacl|Garganacl, M|100\/100\n|switch|p2b: Serperior|Serperior, F|100\/100\n|-damage|p1b: Garganacl|88\/100|[from] Spikes\n|turn|6\n|inactive|thefirstsereth has 90 seconds left.\n|\n|t:|1699926168\n|move|p1b: Garganacl|Salt Cure|p2a: Kommo-o\n|-damage|p2a: Kommo-o|0 fnt\n|faint|p2a: Kommo-o\n|move|p1a: Tsareena|Triple Axel|p2b: Serperior\n|-supereffective|p2b: Serperior\n|-damage|p2b: Serperior|82\/100\n|-supereffective|p2b: Serperior\n|-damage|p2b: Serperior|45\/100\n|-supereffective|p2b: Serperior\n|-damage|p2b: Serperior|0 fnt\n|faint|p2b: Serperior\n|-hitcount|p2: Serperior|3\n|\n|-heal|p1b: Garganacl|94\/100|[from] item: Leftovers\n|-fieldend|move: Trick Room\n|upkeep\n|\n|t:|1699926183\n|switch|p2b: Samurott|Samurott-Hisui, M|34\/100\n|switch|p2a: Diancie|Diancie|100\/100\n|turn|7\n|inactive|thefirstsereth has 90 seconds left.\n|\n|t:|1699926205\n|detailschange|p2a: Diancie|Diancie-Mega\n|-mega|p2a: Diancie|Diancie|Diancite\n|move|p2b: Samurott|Aqua Cutter|p1b: Garganacl\n|-supereffective|p1b: Garganacl\n|-damage|p1b: Garganacl|25\/100\n|move|p2a: Diancie|Moonblast|p1a: Tsareena\n|-damage|p1a: Tsareena|33\/100\n|-unboost|p1a: Tsareena|spa|1\n|move|p1a: Tsareena|Tera Blast|p2a: Diancie|[anim] Tera Blast Water\n|-supereffective|p2a: Diancie\n|-damage|p2a: Diancie|0 fnt\n|faint|p2a: Diancie\n|move|p1b: Garganacl|Salt Cure|p2b: Samurott\n|-damage|p2b: Samurott|9\/100\n|-start|p2b: Samurott|Salt Cure\n|\n|-heal|p1b: Garganacl|31\/100|[from] item: Leftovers\n|-damage|p2b: Samurott|0 fnt|[from] Salt Cure\n|faint|p2b: Samurott\n|\n|win|dean44\n|upkeep\n|raw|dean44's rating: 1102 &rarr; <strong>1125<\/strong><br \/>(+23 for winning)\n|raw|thefirstsereth's rating: 1081 &rarr; <strong>1060<\/strong><br \/>(-21 for losing)\n|c|\u2606thefirstsereth|gg\n|c|\u2606dean44|gg\n|l|\u2606thefirstsereth\n","uploadtime":1699926235,"views":5,"p1id":"dean44","p2id":"thefirstsereth","formatid":"gen9nationaldexdoubles","rating":1060,"private":0,"password":""}