{"id":"gen9nationaldexdoubles-1953366687","p1":"Astapasta37","p2":"the maraculous","format":"[Gen 9] National Dex Doubles","log":"|j|\u2606Astapasta37\n|j|\u2606the maraculous\n|t:|1695778871\n|gametype|doubles\n|player|p1|Astapasta37|170|1165\n|player|p2|the maraculous|dragontamer|1457\n|teamsize|p1|6\n|teamsize|p2|6\n|gen|9\n|tier|[Gen 9] National Dex Doubles\n|rated|\n|rule|HP Percentage Mod: HP is shown in percentages\n|rule|Endless Battle Clause: Forcing endless battles is banned\n|rule|OHKO Clause: OHKO moves are banned\n|rule|Evasion Moves Clause: Evasion moves are banned\n|rule|Evasion Abilities Clause: Evasion abilities are banned\n|rule|Species Clause: Limit one of each Pok\u00e9mon\n|rule|Gravity Sleep Clause: The combination of sleep-inducing moves with imperfect accuracy and Gravity or Gigantamax Orbeetle are banned\n|clearpoke\n|poke|p1|Scolipede, M|\n|poke|p1|Torterra, F|\n|poke|p1|Morpeko, M|\n|poke|p1|Mawile, F|\n|poke|p1|Zoroark-Hisui, F|\n|poke|p1|Smeargle, M|\n|poke|p2|Xurkitree|\n|poke|p2|Iron Valiant|\n|poke|p2|Chandelure, M|\n|poke|p2|Landorus-Therian, M|\n|poke|p2|Kartana|\n|poke|p2|Farigiraf, F|\n|teampreview\n|\n|t:|1695778900\n|start\n|switch|p1a: Spade|Scolipede, M, shiny|100\/100\n|switch|p1b: Basquiat|Smeargle, M|100\/100\n|switch|p2a: Chandelure|Chandelure, M|100\/100\n|switch|p2b: Xurkitree|Xurkitree|100\/100\n|-item|p2a: Chandelure|Air Balloon\n|turn|1\n|\n|t:|1695778919\n|move|p1a: Spade|Nasty Plot|p1a: Spade\n|-boost|p1a: Spade|spa|2\n|move|p1b: Basquiat|Switcheroo|p2a: Chandelure\n|-activate|p1b: Basquiat|move: Trick|[of] p2a: Chandelure\n|-item|p2a: Chandelure|Choice Scarf|[from] move: Switcheroo\n|-item|p1b: Basquiat|Air Balloon\n|-item|p1b: Basquiat|Air Balloon|[from] move: Switcheroo\n|move|p2b: Xurkitree|Electric Terrain|p2b: Xurkitree\n|-fieldstart|move: Electric Terrain\n|move|p2a: Chandelure|Trick Room|p2a: Chandelure\n|-fieldstart|move: Trick Room|[of] p2a: Chandelure\n|\n|-ability|p1b: Basquiat|Moody|boost\n|-boost|p1b: Basquiat|def|2\n|-unboost|p1b: Basquiat|spa|1\n|upkeep\n|turn|2\n|\n|t:|1695778950\n|switch|p2a: Landorus|Landorus-Therian, M|100\/100\n|-ability|p2a: Landorus|Intimidate|boost\n|-unboost|p1a: Spade|atk|1\n|-unboost|p1b: Basquiat|atk|1\n|move|p1b: Basquiat|Instruct|p1a: Spade\n|-singleturn|p1a: Spade|move: Instruct|[of] p1b: Basquiat\n|move|p1a: Spade|Nasty Plot|p1a: Spade\n|-boost|p1a: Spade|spa|2\n|move|p2b: Xurkitree|Rising Voltage|p1b: Basquiat\n|-damage|p1b: Basquiat|0 fnt\n|-enditem|p1b: Basquiat|Air Balloon\n|faint|p1b: Basquiat\n|-ability|p2b: Xurkitree|Beast Boost|boost\n|-boost|p2b: Xurkitree|spa|1\n|move|p1a: Spade|Hyper Voice|p2b: Xurkitree|[spread] p2a,p2b\n|-damage|p2a: Landorus|37\/100\n|-damage|p2b: Xurkitree|0 fnt\n|faint|p2b: Xurkitree\n|\n|upkeep\n|\n|t:|1695778980\n|switch|p1b: Dyana|Mawile, F|100\/100\n|switch|p2b: Iron Valiant|Iron Valiant|100\/100\n|-ability|p1b: Dyana|Intimidate|boost\n|-unboost|p2a: Landorus|atk|1\n|-unboost|p2b: Iron Valiant|atk|1\n|-activate|p2b: Iron Valiant|ability: Quark Drive\n|-start|p2b: Iron Valiant|quarkdrivespe\n|turn|3\n|\n|t:|1695778991\n|detailschange|p1b: Dyana|Mawile-Mega, F\n|-mega|p1b: Dyana|Mawile|Mawilite\n|move|p2b: Iron Valiant|Wide Guard|p2b: Iron Valiant\n|-singleturn|p2b: Iron Valiant|Wide Guard\n|move|p1b: Dyana|Iron Head|p2b: Iron Valiant\n|-supereffective|p2b: Iron Valiant\n|-damage|p2b: Iron Valiant|0 fnt\n|faint|p2b: Iron Valiant\n|-end|p2b: Iron Valiant|Quark Drive|[silent]\n|move|p2a: Landorus|Knock Off|p1a: Spade\n|-supereffective|p1a: Spade\n|-enditem|p1a: Spade|Focus Sash\n|-damage|p1a: Spade|1\/100\n|replace|p1a: Hehee|Zoroark-Hisui, F, shiny\n|-end|p1a: Hehee|Illusion\n|move|p1a: Hehee|Hyper Voice|p2a: Landorus\n|-activate|p2a: Landorus|move: Wide Guard\n|\n|upkeep\n|\n|t:|1695779004\n|switch|p2b: Farigiraf|Farigiraf, F|100\/100\n|turn|4\n|inactive|Battle timer is ON: inactive players will automatically lose when time's up. (requested by Astapasta37)\n|\n|t:|1695779014\n|move|p1b: Dyana|Crunch|p2b: Farigiraf\n|-supereffective|p2b: Farigiraf\n|-damage|p2b: Farigiraf|0 fnt\n|faint|p2b: Farigiraf\n|move|p2a: Landorus|Stomping Tantrum|p1b: Dyana\n|-supereffective|p1b: Dyana\n|-damage|p1b: Dyana|45\/100\n|move|p1a: Hehee|Hyper Voice|p2a: Landorus\n|-damage|p2a: Landorus|0 fnt\n|faint|p2a: Landorus\n|\n|upkeep\n|\n|t:|1695779035\n|switch|p2b: Kartana|Kartana|100\/100\n|switch|p2a: Chandelure|Chandelure, M|100\/100\n|turn|5\n|\n|t:|1695779048\n|move|p1b: Dyana|Crunch|p2a: Chandelure\n|-supereffective|p2a: Chandelure\n|-damage|p2a: Chandelure|0 fnt\n|faint|p2a: Chandelure\n|move|p2b: Kartana|Smart Strike|p1a: Hehee\n|-damage|p1a: Hehee|0 fnt\n|faint|p1a: Hehee\n|-ability|p2b: Kartana|Beast Boost|boost\n|-boost|p2b: Kartana|atk|1\n|\n|-fieldend|move: Trick Room\n|-fieldend|move: Electric Terrain\n|upkeep\n|-message|the maraculous forfeited.\n|\n|win|Astapasta37\n|raw|Astapasta37's rating: 1165 &rarr; <strong>1207<\/strong><br \/>(+42 for winning)\n|raw|the maraculous's rating: 1457 &rarr; <strong>1423<\/strong><br \/>(-34 for losing)\n|l|\u2606Astapasta37\n","uploadtime":1695779060,"views":9,"p1id":"astapasta37","p2id":"themaraculous","formatid":"gen9nationaldexdoubles","rating":1207,"private":0,"password":""}