{"id":"gen9nationaldexdoubles-1998488420","p1":"El Ryuk456","p2":"Inimicus2000","format":"[Gen 9] National Dex Doubles","log":"|j|\u2606El Ryuk456\n|j|\u2606Inimicus2000\n|t:|1700948008\n|gametype|doubles\n|player|p1|El Ryuk456|ingo|1336\n|player|p2|Inimicus2000|1|1379\n|teamsize|p1|6\n|teamsize|p2|6\n|gen|9\n|tier|[Gen 9] National Dex Doubles\n|rated|\n|rule|HP Percentage Mod: HP is shown in percentages\n|rule|Endless Battle Clause: Forcing endless battles is banned\n|rule|OHKO Clause: OHKO moves are banned\n|rule|Evasion Moves Clause: Evasion moves are banned\n|rule|Evasion Abilities Clause: Evasion abilities are banned\n|rule|Species Clause: Limit one of each Pok\u00e9mon\n|rule|Gravity Sleep Clause: The combination of sleep-inducing moves with imperfect accuracy and Gravity or Gigantamax Orbeetle are banned\n|clearpoke\n|poke|p1|Altaria, F|\n|poke|p1|Togekiss, F|\n|poke|p1|Celebi|\n|poke|p1|Medicham, F|\n|poke|p1|Iron Bundle|\n|poke|p1|Indeedee-F, F|\n|poke|p2|Flutter Mane|\n|poke|p2|Deoxys-Attack|\n|poke|p2|Charizard, F|\n|poke|p2|Chi-Yu|\n|poke|p2|Walking Wake|\n|poke|p2|Roaring Moon|\n|teampreview\n|inactive|Battle timer is ON: inactive players will automatically lose when time's up. (requested by Inimicus2000)\n|\n|t:|1700948032\n|start\n|switch|p1a: Indeedee|Indeedee-F, F|100\/100\n|switch|p1b: Medicham|Medicham, F, shiny|100\/100\n|switch|p2a: Charizard|Charizard, F, shiny|100\/100\n|switch|p2b: Chi-Yu|Chi-Yu|100\/100\n|-ability|p2b: Chi-Yu|Beads of Ruin\n|-fieldstart|move: Psychic Terrain|[from] ability: Psychic Surge|[of] p1a: Indeedee\n|-enditem|p1a: Indeedee|Psychic Seed\n|-boost|p1a: Indeedee|spd|1|[from] item: Psychic Seed\n|turn|1\n|\n|t:|1700948043\n|detailschange|p2a: Charizard|Charizard-Mega-Y, F, shiny\n|-mega|p2a: Charizard|Charizard|Charizardite Y\n|-weather|SunnyDay|[from] ability: Drought|[of] p2a: Charizard\n|-terastallize|p2b: Chi-Yu|Fire\n|move|p1b: Medicham|Fake Out|p2a: Charizard\n|-hint|Psychic Terrain doesn't affect Pok\u00e9mon immune to Ground.\n|-damage|p2a: Charizard|83\/100\n|move|p2b: Chi-Yu|Heat Wave|p1a: Indeedee|[spread] p1a,p1b\n|-damage|p1a: Indeedee|39\/100\n|-damage|p1b: Medicham|6\/100\n|-enditem|p1b: Medicham|Sitrus Berry|[eat]\n|-heal|p1b: Medicham|31\/100|[from] item: Sitrus Berry\n|cant|p2a: Charizard|flinch\n|move|p1a: Indeedee|Trick Room|p1a: Indeedee\n|-fieldstart|move: Trick Room|[of] p1a: Indeedee\n|\n|-weather|SunnyDay|[upkeep]\n|upkeep\n|turn|2\n|\n|t:|1700948067\n|move|p1b: Medicham|Drain Punch|p2b: Chi-Yu\n|-damage|p2b: Chi-Yu|42\/100\n|-heal|p1b: Medicham|54\/100|[from] drain|[of] p2b: Chi-Yu\n|move|p1a: Indeedee|Expanding Force|p2a: Charizard|[spread] p2a,p2b\n|-damage|p2a: Charizard|32\/100\n|-damage|p2b: Chi-Yu|0 fnt\n|faint|p2b: Chi-Yu\n|move|p2a: Charizard|Heat Wave|p1a: Indeedee|[spread] p1a\n|-miss|p2a: Charizard|p1b: Medicham\n|-damage|p1a: Indeedee|0 fnt\n|faint|p1a: Indeedee\n|\n|-weather|SunnyDay|[upkeep]\n|upkeep\n|\n|t:|1700948090\n|switch|p1a: Altaria|Altaria, F|100\/100\n|switch|p2b: Walking Wake|Walking Wake|100\/100\n|-ability|p1a: Altaria|Cloud Nine\n|turn|3\n|\n|t:|1700948103\n|detailschange|p1a: Altaria|Altaria-Mega, F\n|-mega|p1a: Altaria|Altaria|Altarianite\n|move|p2a: Charizard|Protect|p2a: Charizard\n|-singleturn|p2a: Charizard|Protect\n|move|p2b: Walking Wake|Protect|p2b: Walking Wake\n|-singleturn|p2b: Walking Wake|Protect\n|move|p1b: Medicham|Drain Punch|p2a: Charizard\n|-activate|p2a: Charizard|move: Protect\n|move|p1a: Altaria|Hyper Voice|p2a: Charizard|[spread] \n|-activate|p2a: Charizard|move: Protect\n|-activate|p2b: Walking Wake|move: Protect\n|\n|-weather|SunnyDay|[upkeep]\n|upkeep\n|turn|4\n|\n|t:|1700948122\n|switch|p2a: Flutter Mane|Flutter Mane|100\/100\n|-activate|p2a: Flutter Mane|ability: Protosynthesis\n|-start|p2a: Flutter Mane|protosynthesisspe\n|-end|p2b: Walking Wake|Protosynthesis|[silent]\n|switch|p2b: Deoxys|Deoxys-Attack, shiny|100\/100\n|-ability|p2b: Deoxys|Pressure\n|move|p1b: Medicham|Drain Punch|p2b: Deoxys\n|-resisted|p2b: Deoxys\n|-damage|p2b: Deoxys|12\/100\n|-heal|p1b: Medicham|87\/100|[from] drain|[of] p2b: Deoxys\n|move|p1a: Altaria|Hyper Voice|p2b: Deoxys|[spread] p2a,p2b\n|-damage|p2a: Flutter Mane|66\/100\n|-damage|p2b: Deoxys|0 fnt\n|faint|p2b: Deoxys\n|\n|-weather|SunnyDay|[upkeep]\n|upkeep\n|inactive|Inimicus2000 has 120 seconds left.\n|\n|t:|1700948152\n|switch|p2b: Walking Wake|Walking Wake|100\/100\n|-activate|p2b: Walking Wake|ability: Protosynthesis\n|-start|p2b: Walking Wake|protosynthesisspe\n|turn|5\n|\n|t:|1700948168\n|switch|p1b: Iron Bundle|Iron Bundle|100\/100\n|-enditem|p1b: Iron Bundle|Booster Energy\n|-activate|p1b: Iron Bundle|ability: Quark Drive|[fromitem]\n|-start|p1b: Iron Bundle|quarkdrivespe\n|switch|p1a: Celebi|Celebi|100\/100\n|move|p2b: Walking Wake|Protect|p2b: Walking Wake\n|-singleturn|p2b: Walking Wake|Protect\n|move|p2a: Flutter Mane|Protect||[still]\n|-fail|p2a: Flutter Mane\n|\n|-weather|none\n|-end|p2b: Walking Wake|Protosynthesis\n|-end|p2a: Flutter Mane|Protosynthesis\n|-fieldend|move: Trick Room\n|-fieldend|move: Psychic Terrain\n|upkeep\n|turn|6\n|\n|t:|1700948190\n|-end|p2a: Flutter Mane|Protosynthesis|[silent]\n|switch|p2a: Charizard|Charizard-Mega-Y, F, shiny|32\/100\n|-weather|SunnyDay|[from] ability: Drought|[of] p2a: Charizard\n|-activate|p2b: Walking Wake|ability: Protosynthesis\n|-start|p2b: Walking Wake|protosynthesisspe\n|move|p2b: Walking Wake|Draco Meteor|p1b: Iron Bundle\n|-damage|p1b: Iron Bundle|0 fnt\n|-unboost|p2b: Walking Wake|spa|2\n|faint|p1b: Iron Bundle\n|-end|p1b: Iron Bundle|Quark Drive|[silent]\n|-damage|p2b: Walking Wake|91\/100|[from] item: Life Orb\n|move|p1a: Celebi|Light Screen|p1a: Celebi\n|-sidestart|p1: El Ryuk456|move: Light Screen\n|\n|-weather|SunnyDay|[upkeep]\n|upkeep\n|\n|t:|1700948203\n|switch|p1b: Medicham|Medicham, F, shiny|87\/100\n|turn|7\n|\n|t:|1700948221\n|-end|p2b: Walking Wake|Protosynthesis|[silent]\n|switch|p2b: Flutter Mane|Flutter Mane|66\/100\n|-activate|p2b: Flutter Mane|ability: Protosynthesis\n|-start|p2b: Flutter Mane|protosynthesisspe\n|move|p2a: Charizard|Heat Wave|p1b: Medicham|[spread] p1a,p1b\n|-supereffective|p1a: Celebi\n|-damage|p1a: Celebi|29\/100\n|-damage|p1b: Medicham|42\/100\n|move|p1a: Celebi|Reflect|p1a: Celebi\n|-sidestart|p1: El Ryuk456|Reflect\n|move|p1b: Medicham|Trick Room|p1b: Medicham\n|-fieldstart|move: Trick Room|[of] p1b: Medicham\n|\n|-weather|SunnyDay|[upkeep]\n|upkeep\n|turn|8\n|\n|t:|1700948237\n|move|p2a: Charizard|Protect|p2a: Charizard\n|-singleturn|p2a: Charizard|Protect\n|move|p2b: Flutter Mane|Protect|p2b: Flutter Mane\n|-singleturn|p2b: Flutter Mane|Protect\n|move|p1b: Medicham|Drain Punch|p2a: Charizard\n|-activate|p2a: Charizard|move: Protect\n|move|p1a: Celebi|Expanding Force|p2b: Flutter Mane\n|-activate|p2b: Flutter Mane|move: Protect\n|\n|-weather|SunnyDay|[upkeep]\n|upkeep\n|turn|9\n|\n|t:|1700948251\n|move|p1b: Medicham|Drain Punch|p2a: Charizard\n|-resisted|p2a: Charizard\n|-damage|p2a: Charizard|8\/100\n|-heal|p1b: Medicham|53\/100|[from] drain|[of] p2a: Charizard\n|move|p1a: Celebi|Expanding Force|p2a: Charizard\n|-damage|p2a: Charizard|0 fnt\n|faint|p2a: Charizard\n|move|p2b: Flutter Mane|Dazzling Gleam|p1b: Medicham|[spread] p1a,p1b\n|-supereffective|p1b: Medicham\n|-damage|p1a: Celebi|8\/100\n|-damage|p1b: Medicham|0 fnt\n|-enditem|p1a: Celebi|Aguav Berry|[eat]\n|-heal|p1a: Celebi|42\/100|[from] item: Aguav Berry\n|faint|p1b: Medicham\n|-damage|p2b: Flutter Mane|56\/100|[from] item: Life Orb\n|\n|-weather|SunnyDay|[upkeep]\n|upkeep\n|\n|t:|1700948270\n|switch|p1b: Altaria|Altaria-Mega, F|100\/100\n|switch|p2a: Walking Wake|Walking Wake|91\/100\n|-activate|p2a: Walking Wake|ability: Protosynthesis\n|-start|p2a: Walking Wake|protosynthesisspe\n|turn|10\n|\n|t:|1700948284\n|move|p2a: Walking Wake|Protect|p2a: Walking Wake\n|-singleturn|p2a: Walking Wake|Protect\n|move|p2b: Flutter Mane|Protect|p2b: Flutter Mane\n|-singleturn|p2b: Flutter Mane|Protect\n|move|p1b: Altaria|Hyper Voice|p2a: Walking Wake|[spread] \n|-activate|p2a: Walking Wake|move: Protect\n|-activate|p2b: Flutter Mane|move: Protect\n|move|p1a: Celebi|Expanding Force|p2b: Flutter Mane\n|-activate|p2b: Flutter Mane|move: Protect\n|\n|-weather|none\n|-end|p2a: Walking Wake|Protosynthesis\n|-end|p2b: Flutter Mane|Protosynthesis\n|-sideend|p1: El Ryuk456|move: Light Screen\n|upkeep\n|turn|11\n|\n|t:|1700948308\n|move|p1b: Altaria|Hyper Voice|p2b: Flutter Mane|[spread] p2a,p2b\n|-supereffective|p2a: Walking Wake\n|-damage|p2a: Walking Wake|16\/100\n|-damage|p2b: Flutter Mane|26\/100\n|move|p1a: Celebi|Giga Drain|p2b: Flutter Mane\n|-damage|p2b: Flutter Mane|0 fnt\n|-heal|p1a: Celebi|50\/100|[from] drain|[of] p2b: Flutter Mane\n|faint|p2b: Flutter Mane\n|-end|p2b: Flutter Mane|Protosynthesis|[silent]\n|move|p2a: Walking Wake|Draco Meteor|p1a: Celebi\n|-crit|p1a: Celebi\n|-damage|p1a: Celebi|0 fnt\n|-unboost|p2a: Walking Wake|spa|2\n|faint|p1a: Celebi\n|-damage|p2a: Walking Wake|6\/100|[from] item: Life Orb\n|\n|-sideend|p1: El Ryuk456|Reflect\n|-fieldend|move: Trick Room\n|upkeep\n|-message|Inimicus2000 forfeited.\n|\n|win|El Ryuk456\n|raw|El Ryuk456's rating: 1336 &rarr; <strong>1358<\/strong><br \/>(+22 for winning)\n|raw|Inimicus2000's rating: 1379 &rarr; <strong>1357<\/strong><br \/>(-22 for losing)\n|l|\u2606Inimicus2000\n","uploadtime":1700948326,"views":10,"p1id":"elryuk456","p2id":"inimicus2000","formatid":"gen9nationaldexdoubles","rating":1357,"private":0,"password":""}