{"id":"gen9nationaldexdoubles-1950226876","p1":"thundervoltss","p2":"MathHacker","format":"[Gen 9] National Dex Doubles","log":"|j|\u2606thundervoltss\n|j|\u2606MathHacker\n|t:|1695441195\n|gametype|doubles\n|player|p1|thundervoltss|volkner|1423\n|player|p2|MathHacker|richboy-gen4|1439\n|teamsize|p1|6\n|teamsize|p2|6\n|gen|9\n|tier|[Gen 9] National Dex Doubles\n|rated|\n|rule|HP Percentage Mod: HP is shown in percentages\n|rule|Endless Battle Clause: Forcing endless battles is banned\n|rule|OHKO Clause: OHKO moves are banned\n|rule|Evasion Moves Clause: Evasion moves are banned\n|rule|Evasion Abilities Clause: Evasion abilities are banned\n|rule|Species Clause: Limit one of each Pok\u00e9mon\n|rule|Gravity Sleep Clause: The combination of sleep-inducing moves with imperfect accuracy and Gravity or Gigantamax Orbeetle are banned\n|clearpoke\n|poke|p1|Stakataka|\n|poke|p1|Whimsicott, M|\n|poke|p1|Lurantis, F|\n|poke|p1|Iron Hands|\n|poke|p1|Flutter Mane|\n|poke|p1|Basculegion, M|\n|poke|p2|Shuckle, M|\n|poke|p2|Pelipper, M|\n|poke|p2|Cresselia, F|\n|poke|p2|Torkoal, M|\n|poke|p2|Oranguru, M|\n|poke|p2|Ursaluna, F|\n|teampreview\n|\n|t:|1695441225\n|start\n|switch|p1a: Whimsicott|Whimsicott, M|100\/100\n|switch|p1b: Lurantis|Lurantis, F|100\/100\n|switch|p2a: Shucky|Shuckle, M, shiny|100\/100\n|switch|p2b: munke|Oranguru, M|100\/100\n|turn|1\n|\n|t:|1695441242\n|move|p1a: Whimsicott|Taunt|p2b: munke\n|-start|p2b: munke|move: Taunt\n|-enditem|p2b: munke|Mental Herb\n|-end|p2b: munke|move: Taunt\n|move|p1b: Lurantis|Superpower|p2a: Shucky\n|-damage|p2a: Shucky|75\/100\n|-boost|p1b: Lurantis|atk|1\n|-boost|p1b: Lurantis|def|1\n|move|p2a: Shucky|Power Trick|p2a: Shucky\n|-start|p2a: Shucky|Power Trick\n|move|p2b: munke|Trick Room|p2b: munke\n|-fieldstart|move: Trick Room|[of] p2b: munke\n|\n|upkeep\n|turn|2\n|j| breadban\n|\n|t:|1695441268\n|-terastallize|p1b: Lurantis|Rock\n|move|p1a: Whimsicott|Charm|p1b: Lurantis\n|-boost|p1b: Lurantis|atk|2\n|move|p2a: Shucky|Gyro Ball|p1a: Whimsicott\n|-supereffective|p1a: Whimsicott\n|-damage|p1a: Whimsicott|0 fnt\n|faint|p1a: Whimsicott\n|-heal|p2a: Shucky|91\/100|[from] item: Shell Bell|[of] p1: Whimsicott\n|move|p2b: munke|Instruct|p2a: Shucky\n|-singleturn|p2a: Shucky|move: Instruct|[of] p2b: munke\n|move|p2a: Shucky|Gyro Ball|p1b: Lurantis\n|-supereffective|p1b: Lurantis\n|-damage|p1b: Lurantis|0 fnt\n|faint|p1b: Lurantis\n|-heal|p2a: Shucky|100\/100|[from] item: Shell Bell|[of] p1: Lurantis\n|\n|upkeep\n|\n|t:|1695441281\n|switch|p1b: Iron Hands|Iron Hands|100\/100\n|switch|p1a: Stakataka|Stakataka|100\/100\n|turn|3\n|l| breadban\n|\n|t:|1695441311\n|-terastallize|p2a: Shucky|Ghost\n|move|p1b: Iron Hands|Fake Out|p2a: Shucky\n|-immune|p2a: Shucky\n|move|p2a: Shucky|Rock Slide|p1a: Stakataka|[spread] p1a,p1b\n|-resisted|p1a: Stakataka\n|-resisted|p1b: Iron Hands\n|-damage|p1a: Stakataka|86\/100\n|-damage|p1b: Iron Hands|88\/100\n|cant|p1a: Stakataka|flinch\n|move|p2b: munke|Instruct|p2a: Shucky\n|-singleturn|p2a: Shucky|move: Instruct|[of] p2b: munke\n|move|p2a: Shucky|Rock Slide|p1b: Iron Hands|[spread] p1b\n|-miss|p2a: Shucky|p1a: Stakataka\n|-resisted|p1b: Iron Hands\n|-damage|p1b: Iron Hands|75\/100\n|\n|upkeep\n|turn|4\n|\n|t:|1695441388\n|switch|p2a: ber|Ursaluna, F|100\/100\n|move|p1a: Stakataka|Gyro Ball|p2a: ber\n|-damage|p2a: ber|71\/100\n|move|p2b: munke|Knock Off|p1a: Stakataka\n|-damage|p1a: Stakataka|78\/100\n|-enditem|p1a: Stakataka|Mental Herb|[from] move: Knock Off|[of] p2b: munke\n|move|p1b: Iron Hands|Wild Charge|p2a: ber\n|-immune|p2a: ber\n|\n|-status|p2a: ber|brn|[from] item: Flame Orb\n|upkeep\n|turn|5\n|\n|t:|1695441410\n|move|p1a: Stakataka|Body Press|p2a: ber\n|-supereffective|p2a: ber\n|-damage|p2a: ber|12\/100 brn\n|move|p2a: ber|Earthquake|p1b: Iron Hands|[spread] p1a,p1b\n|-activate|p2b: munke|ability: Telepathy\n|-supereffective|p1a: Stakataka\n|-supereffective|p1b: Iron Hands\n|-damage|p1a: Stakataka|0 fnt\n|-damage|p1b: Iron Hands|7\/100\n|faint|p1a: Stakataka\n|move|p2b: munke|Instruct|p2a: ber\n|-singleturn|p2a: ber|move: Instruct|[of] p2b: munke\n|move|p2a: ber|Earthquake|p1b: Iron Hands|[spread] p1b\n|-activate|p2b: munke|ability: Telepathy\n|-supereffective|p1b: Iron Hands\n|-damage|p1b: Iron Hands|0 fnt\n|faint|p1b: Iron Hands\n|-end|p1b: Iron Hands|Quark Drive|[silent]\n|\n|-damage|p2a: ber|5\/100 brn|[from] brn\n|-fieldend|move: Trick Room\n|upkeep\n|\n|t:|1695441417\n|switch|p1b: Basculegion|Basculegion, M|100\/100\n|switch|p1a: Flutter Mane|Flutter Mane|100\/100\n|-enditem|p1a: Flutter Mane|Booster Energy\n|-activate|p1a: Flutter Mane|ability: Protosynthesis|[fromitem]\n|-start|p1a: Flutter Mane|protosynthesisspa\n|turn|6\n|\n|t:|1695441450\n|move|p1a: Flutter Mane|Dazzling Gleam|p2a: ber|[spread] p2a,p2b\n|-damage|p2a: ber|0 fnt\n|-damage|p2b: munke|69\/100\n|faint|p2a: ber\n|move|p1b: Basculegion|Wave Crash|p2b: munke\n|-damage|p2b: munke|9\/100\n|-damage|p1b: Basculegion|82\/100|[from] Recoil\n|move|p2b: munke|Trick Room|p2b: munke\n|-fieldstart|move: Trick Room|[of] p2b: munke\n|\n|upkeep\n|\n|t:|1695441468\n|switch|p2a: Yertle|Torkoal, M|100\/100\n|-weather|SunnyDay|[from] ability: Drought|[of] p2a: Yertle\n|turn|7\n|\n|t:|1695441492\n|move|p1b: Basculegion|Aqua Jet|p2a: Yertle\n|-supereffective|p2a: Yertle\n|-damage|p2a: Yertle|75\/100\n|move|p2a: Yertle|Eruption|p1b: Basculegion|[spread] p1a,p1b\n|-resisted|p1b: Basculegion\n|-damage|p1a: Flutter Mane|49\/100\n|-damage|p1b: Basculegion|63\/100\n|move|p2b: munke|Instruct|p2a: Yertle\n|-singleturn|p2a: Yertle|move: Instruct|[of] p2b: munke\n|move|p2a: Yertle|Eruption|p1b: Basculegion|[spread] p1a,p1b\n|-resisted|p1b: Basculegion\n|-damage|p1a: Flutter Mane|4\/100\n|-damage|p1b: Basculegion|44\/100\n|move|p1a: Flutter Mane|Trick Room|p1a: Flutter Mane\n|-fieldend|move: Trick Room\n|\n|-weather|SunnyDay|[upkeep]\n|upkeep\n|turn|8\n|\n|t:|1695441523\n|move|p1a: Flutter Mane|Dazzling Gleam|p2b: munke|[spread] p2a,p2b\n|-resisted|p2a: Yertle\n|-damage|p2a: Yertle|59\/100\n|-damage|p2b: munke|0 fnt\n|faint|p2b: munke\n|move|p1b: Basculegion|Last Respects|p2a: Yertle\n|-damage|p2a: Yertle|0 fnt\n|faint|p2a: Yertle\n|\n|-weather|SunnyDay|[upkeep]\n|upkeep\n|inactive|Battle timer is ON: inactive players will automatically lose when time's up. (requested by thundervoltss)\n|\n|t:|1695441558\n|switch|p2b: Cresselia|Cresselia, F|100\/100\n|switch|p2a: Shucky|Shuckle, M, shiny, tera:Ghost|100\/100\n|turn|9\n|\n|t:|1695441569\n|move|p1b: Basculegion|Last Respects|p2a: Shucky\n|-supereffective|p2a: Shucky\n|-ability|p2a: Shucky|Sturdy\n|-damage|p2a: Shucky|1\/100\n|move|p2a: Shucky|Power Trick|p2a: Shucky\n|-start|p2a: Shucky|Power Trick\n|move|p1a: Flutter Mane|Trick Room|p1a: Flutter Mane\n|-fieldstart|move: Trick Room|[of] p1a: Flutter Mane\n|move|p2b: Cresselia|Trick Room|p2b: Cresselia\n|-fieldend|move: Trick Room\n|\n|-weather|SunnyDay|[upkeep]\n|upkeep\n|turn|10\n|inactive|MathHacker has 120 seconds left.\n|j| breadban\n|inactive|MathHacker has 90 seconds left.\n|l| breadban\n|\n|t:|1695441659\n|move|p2a: Shucky|Protect|p2a: Shucky\n|-singleturn|p2a: Shucky|Protect\n|move|p1a: Flutter Mane|Dazzling Gleam|p2a: Shucky|[spread] p2b\n|-activate|p2a: Shucky|move: Protect\n|-damage|p2b: Cresselia|77\/100\n|move|p1b: Basculegion|Last Respects|p2b: Cresselia\n|-supereffective|p2b: Cresselia\n|-damage|p2b: Cresselia|0 fnt\n|faint|p2b: Cresselia\n|\n|-weather|SunnyDay|[upkeep]\n|upkeep\n|c|\u2606thundervoltss|gg\n|inactive|MathHacker has 60 seconds left.\n|\n|t:|1695441670\n|switch|p2b: Pelipper|Pelipper, M|100\/100\n|-weather|RainDance|[from] ability: Drizzle|[of] p2b: Pelipper\n|turn|11\n|\n|t:|1695441691\n|move|p2b: Pelipper|Wide Guard|p2b: Pelipper\n|-singleturn|p2b: Pelipper|Wide Guard\n|move|p1a: Flutter Mane|Dazzling Gleam|p2b: Pelipper|[spread] \n|-activate|p2a: Shucky|move: Wide Guard\n|-activate|p2b: Pelipper|move: Wide Guard\n|move|p1b: Basculegion|Last Respects|p2b: Pelipper\n|-enditem|p2b: Pelipper|Focus Sash\n|-damage|p2b: Pelipper|1\/100\n|move|p2a: Shucky|Rock Slide|p1a: Flutter Mane|[spread] p1a,p1b\n|-damage|p1a: Flutter Mane|0 fnt\n|-damage|p1b: Basculegion|0 fnt\n|faint|p1a: Flutter Mane\n|-end|p1a: Flutter Mane|Protosynthesis|[silent]\n|faint|p1b: Basculegion\n|-heal|p2a: Shucky|10\/100|[from] item: Shell Bell|[of] p1: Basculegion\n|\n|win|MathHacker\n|raw|thundervoltss's rating: 1423 &rarr; <strong>1404<\/strong><br \/>(-19 for losing)\n|raw|MathHacker's rating: 1439 &rarr; <strong>1458<\/strong><br \/>(+19 for winning)\n|l|\u2606thundervoltss\n|c|\u2606MathHacker|gg\n","uploadtime":1695441723,"views":16,"p1id":"thundervoltss","p2id":"mathhacker","formatid":"gen9nationaldexdoubles","rating":1404,"private":0,"password":""}