{"id":"gen9nationaldexdoubles-1974745659","p1":"Marlene 420","p2":"TornSux","format":"[Gen 9] National Dex Doubles","log":"|j|\u2606Marlene 420\n|j|\u2606TornSux\n|t:|1698116950\n|gametype|doubles\n|player|p1|Marlene 420|cheryl|1173\n|player|p2|TornSux|artist-gen4|1489\n|teamsize|p1|6\n|teamsize|p2|6\n|gen|9\n|tier|[Gen 9] National Dex Doubles\n|rated|\n|rule|HP Percentage Mod: HP is shown in percentages\n|rule|Endless Battle Clause: Forcing endless battles is banned\n|rule|OHKO Clause: OHKO moves are banned\n|rule|Evasion Moves Clause: Evasion moves are banned\n|rule|Evasion Abilities Clause: Evasion abilities are banned\n|rule|Species Clause: Limit one of each Pok\u00e9mon\n|rule|Gravity Sleep Clause: The combination of sleep-inducing moves with imperfect accuracy and Gravity or Gigantamax Orbeetle are banned\n|clearpoke\n|poke|p1|Pheromosa|\n|poke|p1|Diancie|\n|poke|p1|Lopunny, F|\n|poke|p1|Gardevoir, F|\n|poke|p1|Meloetta|\n|poke|p1|Hatterene, F|\n|poke|p2|Urshifu-*, F|\n|poke|p2|Smeargle, M|\n|poke|p2|Incineroar, M|\n|poke|p2|Zygarde|\n|poke|p2|Tornadus, M|\n|poke|p2|Chien-Pao|\n|teampreview\n|inactive|Battle timer is ON: inactive players will automatically lose when time's up. (requested by TornSux)\n|inactive|TornSux has 120 seconds left.\n|\n|t:|1698117001\n|start\n|switch|p1a: Katherine|Hatterene, F|100\/100\n|switch|p1b: Lola|Lopunny, F, shiny|100\/100\n|switch|p2a: SUBSCRIBE!|Smeargle, M, shiny|100\/100\n|switch|p2b: SHITMON|Tornadus, M|100\/100\n|turn|1\n|\n|t:|1698117026\n|detailschange|p1b: Lola|Lopunny-Mega, F, shiny\n|-mega|p1b: Lola|Lopunny|Lopunnite\n|move|p1b: Lola|Fake Out|p2a: SUBSCRIBE!\n|-damage|p2a: SUBSCRIBE!|60\/100\n|move|p2b: SHITMON|Tailwind|p2b: SHITMON\n|-sidestart|p2: TornSux|move: Tailwind\n|cant|p2a: SUBSCRIBE!|flinch\n|move|p1a: Katherine|Calm Mind|p1a: Katherine\n|-boost|p1a: Katherine|spa|1\n|-boost|p1a: Katherine|spd|1\n|\n|-ability|p2a: SUBSCRIBE!|Moody|boost\n|-boost|p2a: SUBSCRIBE!|spa|2\n|-unboost|p2a: SUBSCRIBE!|spe|1\n|upkeep\n|turn|2\n|\n|t:|1698117054\n|switch|p2b: Urshifu-Single|Urshifu-Rapid-Strike, F|100\/100\n|move|p1b: Lola|High Jump Kick|p2a: SUBSCRIBE!\n|-supereffective|p2a: SUBSCRIBE!\n|-damage|p2a: SUBSCRIBE!|0 fnt\n|faint|p2a: SUBSCRIBE!\n|move|p1a: Katherine|Draining Kiss|p2b: Urshifu-Single\n|-supereffective|p2b: Urshifu-Single\n|-damage|p2b: Urshifu-Single|5\/100\n|\n|upkeep\n|inactive|TornSux has 120 seconds left.\n|\n|t:|1698117076\n|switch|p2a: BING CHILLING|Chien-Pao|100\/100\n|-ability|p2a: BING CHILLING|Sword of Ruin\n|turn|3\n|\n|t:|1698117087\n|-terastallize|p2b: Urshifu-Single|Water\n|move|p2a: BING CHILLING|Sacred Sword|p1b: Lola\n|-supereffective|p1b: Lola\n|-damage|p1b: Lola|5\/100\n|move|p2b: Urshifu-Single|Surging Strikes|p1a: Katherine\n|-crit|p1a: Katherine\n|-damage|p1a: Katherine|55\/100\n|-crit|p1a: Katherine\n|-damage|p1a: Katherine|5\/100\n|-crit|p1a: Katherine\n|-damage|p1a: Katherine|0 fnt\n|faint|p1a: Katherine\n|-hitcount|p1: Katherine|3\n|move|p1b: Lola|Thunder Punch|p2b: Urshifu-Single\n|-supereffective|p2b: Urshifu-Single\n|-damage|p2b: Urshifu-Single|0 fnt\n|faint|p2b: Urshifu-Single\n|\n|upkeep\n|\n|t:|1698117108\n|switch|p2b: SMASH OR PASS?|Incineroar, M|100\/100\n|switch|p1a: Phersefone|Pheromosa, shiny|100\/100\n|-ability|p2b: SMASH OR PASS?|Intimidate|boost\n|-unboost|p1a: Phersefone|atk|1\n|-fail|p1b: Lola|unboost|Attack|[from] ability: Scrappy|[of] p1b: Lola\n|turn|4\n|\n|t:|1698117124\n|switch|p1a: Gardenia|Gardevoir, F|100\/100\n|-ability|p1a: Gardenia|Intimidate|boost\n|-unboost|p2a: BING CHILLING|atk|1\n|-unboost|p2b: SMASH OR PASS?|atk|1\n|-ability|p1a: Gardenia|Intimidate|[from] ability: Trace|[of] p2b: SMASH OR PASS?\n|move|p2b: SMASH OR PASS?|Fake Out|p1a: Gardenia\n|-damage|p1a: Gardenia|77\/100\n|move|p2a: BING CHILLING|Sacred Sword|p1b: Lola\n|-supereffective|p1b: Lola\n|-damage|p1b: Lola|0 fnt\n|faint|p1b: Lola\n|\n|-sideend|p2: TornSux|move: Tailwind\n|upkeep\n|inactive|Marlene 420 has 120 seconds left.\n|\n|t:|1698117145\n|switch|p1b: Dianita|Diancie|100\/100\n|turn|5\n|\n|t:|1698117156\n|move|p2a: BING CHILLING|Throat Chop|p1a: Gardenia\n|-damage|p1a: Gardenia|13\/100\n|-start|p1a: Gardenia|Throat Chop|[silent]\n|move|p1a: Gardenia|Moonblast|p2b: SMASH OR PASS?\n|-damage|p2b: SMASH OR PASS?|55\/100\n|move|p2b: SMASH OR PASS?|Flare Blitz|p1a: Gardenia\n|-damage|p1a: Gardenia|0 fnt\n|faint|p1a: Gardenia\n|-damage|p2b: SMASH OR PASS?|52\/100|[from] Recoil\n|move|p1b: Dianita|Diamond Storm|p2b: SMASH OR PASS?|[spread] p2a,p2b\n|-supereffective|p2a: BING CHILLING\n|-supereffective|p2b: SMASH OR PASS?\n|-damage|p2a: BING CHILLING|35\/100\n|-damage|p2b: SMASH OR PASS?|0 fnt\n|faint|p2b: SMASH OR PASS?\n|\n|upkeep\n|\n|t:|1698117173\n|switch|p1a: Phersefone|Pheromosa, shiny|100\/100\n|switch|p2b: SQUISHY|Zygarde, shiny|100\/100\n|-ability|p2b: SQUISHY|Aura Break\n|turn|6\n|\n|t:|1698117201\n|-terastallize|p1a: Phersefone|Ice\n|move|p1a: Phersefone|Ice Beam|p2b: SQUISHY\n|-supereffective|p2b: SQUISHY\n|-damage|p2b: SQUISHY|0 fnt\n|faint|p2b: SQUISHY\n|-ability|p1a: Phersefone|Beast Boost|boost\n|-boost|p1a: Phersefone|spe|1\n|-damage|p1a: Phersefone|91\/100|[from] item: Life Orb\n|move|p2a: BING CHILLING|Ice Spinner|p1a: Phersefone\n|-resisted|p1a: Phersefone\n|-damage|p1a: Phersefone|44\/100\n|move|p1b: Dianita|Diamond Storm|p2a: BING CHILLING\n|-supereffective|p2a: BING CHILLING\n|-damage|p2a: BING CHILLING|0 fnt\n|-boost|p1b: Dianita|def|2\n|faint|p2a: BING CHILLING\n|\n|upkeep\n|\n|t:|1698117210\n|switch|p2a: SHITMON|Tornadus, M|100\/100\n|turn|7\n|\n|t:|1698117223\n|move|p1a: Phersefone|Ice Beam|p2a: SHITMON\n|-supereffective|p2a: SHITMON\n|-crit|p2a: SHITMON\n|-damage|p2a: SHITMON|0 fnt\n|faint|p2a: SHITMON\n|-damage|p1a: Phersefone|34\/100|[from] item: Life Orb\n|\n|win|Marlene 420\n|raw|Marlene 420's rating: 1173 &rarr; <strong>1216<\/strong><br \/>(+43 for winning)\n|raw|TornSux's rating: 1502 &rarr; <strong>1467<\/strong><br \/>(-35 for losing)\n|c|\u2606Marlene 420|Gg\n|c|\u2606TornSux|gg\n|l|\u2606TornSux\n","uploadtime":1698117273,"views":14,"p1id":"marlene420","p2id":"tornsux","formatid":"gen9nationaldexdoubles","rating":1216,"private":0,"password":""}