{"id":"gen9nationaldexdoubles-1994329621","p1":"xephos223","p2":"DoomedTaurus","format":"[Gen 9] National Dex Doubles","log":"|j|\u2606xephos223\n|j|\u2606DoomedTaurus\n|t:|1700431745\n|gametype|doubles\n|player|p1|xephos223|gambler|\n|player|p2|DoomedTaurus|bruno|\n|teamsize|p1|6\n|teamsize|p2|6\n|gen|9\n|tier|[Gen 9] National Dex Doubles\n|rule|HP Percentage Mod: HP is shown in percentages\n|rule|Endless Battle Clause: Forcing endless battles is banned\n|rule|OHKO Clause: OHKO moves are banned\n|rule|Evasion Moves Clause: Evasion moves are banned\n|rule|Evasion Abilities Clause: Evasion abilities are banned\n|rule|Species Clause: Limit one of each Pok\u00e9mon\n|rule|Gravity Sleep Clause: The combination of sleep-inducing moves with imperfect accuracy and Gravity or Gigantamax Orbeetle are banned\n|clearpoke\n|poke|p1|Gallade, M|\n|poke|p1|Garchomp, M|\n|poke|p1|Magnezone|\n|poke|p1|Gastrodon, M|\n|poke|p1|Togekiss, M|\n|poke|p1|Lucario, M|\n|poke|p2|Florges-Blue, F|\n|poke|p2|Chesnaught, M|\n|poke|p2|Aegislash, M|\n|poke|p2|Klefki, M|\n|poke|p2|Trevenant, M|\n|poke|p2|Dragalge, F|\n|teampreview\n|\n|t:|1700431762\n|start\n|switch|p1a: :)|Togekiss, M|100\/100\n|switch|p1b: OU|Garchomp, M|100\/100\n|switch|p2a: Merlin|Klefki, M|100\/100\n|switch|p2b: Arthur|Aegislash, M|100\/100\n|turn|1\n|\n|t:|1700431780\n|move|p2a: Merlin|Thunder Wave|p1a: :)\n|-status|p1a: :)|par\n|move|p1b: OU|Earthquake|p2b: Arthur|[spread] p2a,p2b\n|-immune|p1a: :)\n|-supereffective|p2a: Merlin\n|-supereffective|p2b: Arthur\n|-damage|p2a: Merlin|39\/100\n|-damage|p2b: Arthur|41\/100\n|move|p2b: Arthur|Substitute|p2b: Arthur\n|-start|p2b: Arthur|Substitute\n|-damage|p2b: Arthur|16\/100\n|move|p1a: :)|Flamethrower|p2a: Merlin\n|-supereffective|p2a: Merlin\n|-damage|p2a: Merlin|0 fnt\n|faint|p2a: Merlin\n|\n|-heal|p2b: Arthur|22\/100|[from] item: Leftovers\n|upkeep\n|\n|t:|1700431797\n|switch|p2a: Morgana|Florges-Blue, F|100\/100\n|turn|2\n|\n|t:|1700431814\n|switch|p1a: Beep Boop|Magnezone|100\/100\n|-terastallize|p1b: OU|Steel\n|move|p2b: Arthur|King's Shield|p2b: Arthur\n|-singleturn|p2b: Arthur|Protect\n|move|p1b: OU|Iron Head|p2a: Morgana\n|-supereffective|p2a: Morgana\n|-damage|p2a: Morgana|22\/100\n|move|p2a: Morgana|Moonblast|p1b: OU\n|-resisted|p1b: OU\n|-damage|p1b: OU|81\/100\n|-unboost|p1b: OU|spa|1\n|\n|-heal|p2b: Arthur|29\/100|[from] item: Leftovers\n|upkeep\n|turn|3\n|\n|t:|1700431841\n|switch|p2a: Percival|Chesnaught, M|100\/100\n|move|p1b: OU|Swords Dance|p1b: OU\n|-boost|p1b: OU|atk|2\n|move|p2b: Arthur|Toxic|p1b: OU\n|-immune|p1b: OU\n|move|p1a: Beep Boop|Reflect|p1a: Beep Boop\n|-sidestart|p1: xephos223|Reflect\n|\n|-heal|p2b: Arthur|35\/100|[from] item: Leftovers\n|upkeep\n|turn|4\n|\n|t:|1700431867\n|move|p2b: Arthur|King's Shield|p2b: Arthur\n|-singleturn|p2b: Arthur|Protect\n|move|p1b: OU|Outrage|p2a: Percival\n|-damage|p2a: Percival|34\/100\n|-damage|p1b: OU|64\/100|[from] item: Rocky Helmet|[of] p2a: Percival\n|move|p2a: Percival|Body Press|p1b: OU\n|-supereffective|p1b: OU\n|-damage|p1b: OU|1\/100\n|-damage|p2a: Percival|21\/100|[from] ability: Rough Skin|[of] p1b: OU\n|move|p1a: Beep Boop|Flash Cannon|p2b: Arthur\n|-activate|p2b: Arthur|move: Protect\n|\n|-heal|p2b: Arthur|41\/100|[from] item: Leftovers\n|upkeep\n|turn|5\n|\n|t:|1700431890\n|move|p2a: Percival|Spiky Shield|p2a: Percival\n|-singleturn|p2a: Percival|move: Protect\n|move|p1b: OU|Outrage|p2b: Arthur|[from]lockedmove\n|-resisted|p2b: Arthur\n|-end|p2b: Arthur|Substitute\n|-formechange|p2b: Arthur|Aegislash-Blade||[from] ability: Stance Change\n|move|p2b: Arthur|Shadow Ball|p1a: Beep Boop\n|-damage|p1a: Beep Boop|47\/100\n|move|p1a: Beep Boop|Flash Cannon|p2b: Arthur\n|-resisted|p2b: Arthur\n|-damage|p2b: Arthur|0 fnt\n|faint|p2b: Arthur\n|\n|upkeep\n|\n|t:|1700431918\n|switch|p2b: Lancelot|Trevenant, M|100\/100\n|turn|6\n|\n|t:|1700431931\n|move|p1b: OU|Outrage|p2a: Percival|[from]lockedmove\n|-damage|p2a: Percival|0 fnt\n|-damage|p1b: OU|0 fnt|[from] item: Rocky Helmet|[of] p2a: Percival\n|faint|p2a: Percival\n|faint|p1b: OU\n|move|p2b: Lancelot|Rock Slide|p1a: Beep Boop\n|-resisted|p1a: Beep Boop\n|-damage|p1a: Beep Boop|34\/100\n|move|p1a: Beep Boop|Flash Cannon|p2b: Lancelot\n|-damage|p2b: Lancelot|44\/100\n|\n|upkeep\n|j| Jam35_Name\n|c| Jam35_Name|wassup\n|l| Jam35_Name\n|\n|t:|1700431948\n|switch|p1b: My Boy|Gallade, M|100\/100\n|switch|p2a: Viviane|Dragalge, F|100\/100\n|turn|7\n|\n|t:|1700431970\n|move|p1b: My Boy|X-Scissor|p2b: Lancelot\n|-damage|p2b: Lancelot|0 fnt\n|faint|p2b: Lancelot\n|move|p1a: Beep Boop|Flash Cannon|p2a: Viviane\n|-damage|p2a: Viviane|58\/100\n|move|p2a: Viviane|Focus Blast|p1a: Beep Boop\n|-supereffective|p1a: Beep Boop\n|-damage|p1a: Beep Boop|0 fnt\n|faint|p1a: Beep Boop\n|\n|-sideend|p1: xephos223|Reflect\n|upkeep\n|\n|t:|1700431981\n|switch|p2b: Morgana|Florges-Blue, F|22\/100\n|switch|p1a: Budget Swampert|Gastrodon, M|100\/100\n|turn|8\n|\n|t:|1700431991\n|move|p1b: My Boy|X-Scissor|p2b: Morgana\n|-resisted|p2b: Morgana\n|-damage|p2b: Morgana|5\/100\n|move|p2b: Morgana|Synthesis|p2b: Morgana\n|-heal|p2b: Morgana|55\/100\n|move|p2a: Viviane|Focus Blast|p1a: Budget Swampert\n|-damage|p1a: Budget Swampert|48\/100\n|move|p1a: Budget Swampert|Ice Beam|p2a: Viviane\n|-supereffective|p2a: Viviane\n|-damage|p2a: Viviane|7\/100\n|-status|p2a: Viviane|frz\n|\n|-heal|p1a: Budget Swampert|54\/100|[from] item: Leftovers\n|upkeep\n|turn|9\n|\n|t:|1700432011\n|move|p1b: My Boy|X-Scissor|p2a: Viviane\n|-resisted|p2a: Viviane\n|-damage|p2a: Viviane|0 fnt\n|faint|p2a: Viviane\n|move|p2b: Morgana|Moonblast|p1b: My Boy\n|-supereffective|p1b: My Boy\n|-crit|p1b: My Boy\n|-damage|p1b: My Boy|0 fnt\n|faint|p1b: My Boy\n|move|p1a: Budget Swampert|Ice Beam|p2b: Morgana\n|-damage|p2b: Morgana|37\/100\n|\n|-heal|p1a: Budget Swampert|61\/100|[from] item: Leftovers\n|upkeep\n|\n|t:|1700432022\n|switch|p1b: Not a Mega|Lucario, M|100\/100\n|turn|10\n|\n|t:|1700432030\n|detailschange|p1b: Not a Mega|Lucario-Mega, M\n|-mega|p1b: Not a Mega|Lucario|Lucarionite\n|move|p1b: Not a Mega|Bullet Punch|p2b: Morgana\n|-supereffective|p2b: Morgana\n|-damage|p2b: Morgana|0 fnt\n|faint|p2b: Morgana\n|\n|win|xephos223\n","uploadtime":1700432037,"views":4,"p1id":"xephos223","p2id":"doomedtaurus","formatid":"gen9nationaldexdoubles","rating":0,"private":0,"password":""}