{"id":"gen9nationaldexdoubles-1982653717","p1":"Trainer Pyrus","p2":"lamebagels","format":"[Gen 9] National Dex Doubles","log":"|j|\u2606Trainer Pyrus\n|j|\u2606lamebagels\n|t:|1699033085\n|gametype|doubles\n|player|p1|Trainer Pyrus|n-masters|1244\n|player|p2|lamebagels|rei-isekai|1110\n|teamsize|p1|6\n|teamsize|p2|6\n|gen|9\n|tier|[Gen 9] National Dex Doubles\n|rated|\n|rule|HP Percentage Mod: HP is shown in percentages\n|rule|Endless Battle Clause: Forcing endless battles is banned\n|rule|OHKO Clause: OHKO moves are banned\n|rule|Evasion Moves Clause: Evasion moves are banned\n|rule|Evasion Abilities Clause: Evasion abilities are banned\n|rule|Species Clause: Limit one of each Pok\u00e9mon\n|rule|Gravity Sleep Clause: The combination of sleep-inducing moves with imperfect accuracy and Gravity or Gigantamax Orbeetle are banned\n|clearpoke\n|poke|p1|Infernape, M|\n|poke|p1|Golurk|\n|poke|p1|Scizor, F|\n|poke|p1|Lapras, F|\n|poke|p1|Salamence, M|\n|poke|p1|Farigiraf, F|\n|poke|p2|Vivillon-Pokeball, M|\n|poke|p2|Torracat, F|\n|poke|p2|Tyranitar, F|\n|poke|p2|Zapdos-Galar|\n|poke|p2|Latios, M|\n|poke|p2|Cresselia, F|\n|teampreview\n|c|\u2606Trainer Pyrus|glhf\n|\n|t:|1699033104\n|start\n|switch|p1a: Wukong|Infernape, M|100\/100\n|switch|p1b: Eve|Farigiraf, F, shiny|100\/100\n|switch|p2a: polisexual|Vivillon-Pokeball, M|100\/100\n|switch|p2b: Latios|Latios, M, shiny|100\/100\n|turn|1\n|\n|t:|1699033116\n|move|p1a: Wukong|Fake Out|p2b: Latios\n|-crit|p2b: Latios\n|-damage|p2b: Latios|84\/100\n|move|p2a: polisexual|Sleep Powder|p1b: Eve\n|-status|p1b: Eve|slp|[from] move: Sleep Powder\n|cant|p2b: Latios|flinch\n|cant|p1b: Eve|slp\n|\n|upkeep\n|turn|2\n|\n|t:|1699033140\n|switch|p2a: Torracat|Torracat, F|100\/100\n|-ability|p2a: Torracat|Intimidate|boost\n|-unboost|p1a: Wukong|atk|1\n|-unboost|p1b: Eve|atk|1\n|move|p1a: Wukong|Heat Wave|p2a: Torracat|[spread] p2a,p2b\n|-resisted|p2a: Torracat\n|-resisted|p2b: Latios\n|-damage|p2a: Torracat|82\/100\n|-damage|p2b: Latios|68\/100\n|move|p2b: Latios|Psyshock|p1a: Wukong\n|-supereffective|p1a: Wukong\n|-enditem|p1a: Wukong|Focus Sash\n|-damage|p1a: Wukong|1\/100\n|cant|p1b: Eve|slp\n|\n|upkeep\n|turn|3\n|\n|t:|1699033167\n|switch|p1a: Typhon|Salamence, M|100\/100\n|-ability|p1a: Typhon|Intimidate|boost\n|-unboost|p2a: Torracat|atk|1\n|-unboost|p2b: Latios|atk|1\n|switch|p2a: shyranitar|Tyranitar, F, shiny|100\/100\n|-weather|Sandstorm|[from] ability: Sand Stream|[of] p2a: shyranitar\n|switch|p2b: mon 5-25|Cresselia, F, shiny|100\/100\n|-curestatus|p1b: Eve|slp|[msg]\n|move|p1b: Eve|Hyper Voice|p2a: shyranitar|[spread] p2a,p2b\n|-resisted|p2a: shyranitar\n|-damage|p2a: shyranitar|93\/100\n|-damage|p2b: mon 5-25|82\/100\n|\n|-weather|Sandstorm|[upkeep]\n|-damage|p1a: Typhon|94\/100|[from] Sandstorm\n|-damage|p2b: mon 5-25|75\/100|[from] Sandstorm\n|-damage|p1b: Eve|94\/100|[from] Sandstorm\n|-heal|p2b: mon 5-25|82\/100|[from] item: Leftovers\n|upkeep\n|turn|4\n|\n|t:|1699033190\n|switch|p1a: Brandy|Lapras, F|100\/100\n|move|p2b: mon 5-25|Lunar Blessing|p2b: mon 5-25|[spread] p2a,p2b\n|-heal|p2a: shyranitar|100\/100\n|-heal|p2b: mon 5-25|100\/100\n|move|p2a: shyranitar|Rock Slide|p1a: Brandy|[spread] p1a,p1b\n|-supereffective|p1a: Brandy\n|-damage|p1a: Brandy|45\/100\n|-damage|p1b: Eve|60\/100\n|move|p1b: Eve|Trick Room|p1b: Eve\n|-fieldstart|move: Trick Room|[of] p1b: Eve\n|\n|-weather|Sandstorm|[upkeep]\n|-damage|p1b: Eve|54\/100|[from] Sandstorm\n|-damage|p1a: Brandy|39\/100|[from] Sandstorm\n|-damage|p2b: mon 5-25|94\/100|[from] Sandstorm\n|-heal|p1a: Brandy|45\/100|[from] item: Leftovers\n|-heal|p2b: mon 5-25|100\/100|[from] item: Leftovers\n|upkeep\n|turn|5\n|\n|t:|1699033206\n|-terastallize|p1b: Eve|Dark\n|move|p1b: Eve|Nasty Plot|p1b: Eve\n|-boost|p1b: Eve|spa|2\n|move|p2a: shyranitar|Rock Slide|p1b: Eve|[spread] p1a\n|-miss|p2a: shyranitar|p1b: Eve\n|-supereffective|p1a: Brandy\n|-damage|p1a: Brandy|0 fnt\n|faint|p1a: Brandy\n|move|p2b: mon 5-25|Trick Room|p2b: mon 5-25\n|-fieldend|move: Trick Room\n|\n|-weather|Sandstorm|[upkeep]\n|-damage|p2b: mon 5-25|94\/100|[from] Sandstorm\n|-damage|p1b: Eve|48\/100|[from] Sandstorm\n|-heal|p2b: mon 5-25|100\/100|[from] item: Leftovers\n|upkeep\n|\n|t:|1699033220\n|switch|p1a: Hippolyta|Scizor, F|100\/100\n|turn|6\n|\n|t:|1699033231\n|move|p2b: mon 5-25|Ally Switch|p2b: mon 5-25\n|swap|p2b: mon 5-25|0|[from] move: Ally Switch\n|move|p1a: Hippolyta|Bug Bite|p2b: shyranitar\n|-supereffective|p2b: shyranitar\n|-damage|p2b: shyranitar|20\/100\n|move|p2b: shyranitar|Body Press|p1b: Eve\n|-supereffective|p1b: Eve\n|-damage|p1b: Eve|0 fnt\n|faint|p1b: Eve\n|\n|-weather|Sandstorm|[upkeep]\n|-damage|p2a: mon 5-25|94\/100|[from] Sandstorm\n|-heal|p2a: mon 5-25|100\/100|[from] item: Leftovers\n|upkeep\n|\n|t:|1699033239\n|switch|p1b: Elric|Golurk, shiny|100\/100\n|turn|7\n|\n|t:|1699033253\n|move|p2a: mon 5-25|Lunar Blessing|p2a: mon 5-25|[spread] p2a,p2b\n|-heal|p2b: shyranitar|44\/100\n|move|p1a: Hippolyta|Bug Bite|p2b: shyranitar\n|-supereffective|p2b: shyranitar\n|-damage|p2b: shyranitar|0 fnt\n|faint|p2b: shyranitar\n|move|p1b: Elric|Rock Slide|p2a: mon 5-25\n|-damage|p2a: mon 5-25|73\/100\n|\n|-weather|none\n|-heal|p2a: mon 5-25|80\/100|[from] item: Leftovers\n|upkeep\n|\n|t:|1699033262\n|switch|p2b: Latios|Latios, M, shiny|68\/100\n|turn|8\n|\n|t:|1699033274\n|switch|p2a: Torracat|Torracat, F|82\/100\n|-ability|p2a: Torracat|Intimidate|boost\n|-fail|p1a: Hippolyta|unboost|[from] item: Clear Amulet|[of] p1a: Hippolyta\n|-unboost|p1b: Elric|atk|1\n|switch|p1b: Wukong|Infernape, M|1\/100\n|-terastallize|p2b: Latios|Dragon\n|move|p1a: Hippolyta|Bug Bite|p2b: Latios\n|-crit|p2b: Latios\n|-damage|p2b: Latios|0 fnt\n|faint|p2b: Latios\n|\n|upkeep\n|\n|t:|1699033288\n|switch|p2b: polisexual|Vivillon-Pokeball, M|100\/100\n|turn|9\n|\n|t:|1699033296\n|move|p2b: polisexual|Protect|p2b: polisexual\n|-singleturn|p2b: polisexual|Protect\n|move|p1b: Wukong|Fake Out|p2b: polisexual\n|-activate|p2b: polisexual|move: Protect\n|move|p2a: Torracat|Fake Out|p1b: Wukong\n|-damage|p1b: Wukong|0 fnt\n|faint|p1b: Wukong\n|move|p1a: Hippolyta|Dual Wingbeat|p2b: polisexual\n|-activate|p2b: polisexual|move: Protect\n|\n|upkeep\n|\n|t:|1699033301\n|switch|p1b: Typhon|Salamence, M|94\/100\n|-ability|p1b: Typhon|Intimidate|boost\n|-unboost|p2a: Torracat|atk|1\n|-unboost|p2b: polisexual|atk|1\n|turn|10\n|\n|t:|1699033308\n|detailschange|p1b: Typhon|Salamence-Mega, M\n|-mega|p1b: Typhon|Salamence|Salamencite\n|move|p1b: Typhon|Return|p2b: polisexual\n|-supereffective|p2b: polisexual\n|-enditem|p2b: polisexual|Focus Sash\n|-damage|p2b: polisexual|1\/100\n|move|p2a: Torracat|Will-O-Wisp|p1b: Typhon\n|-status|p1b: Typhon|brn\n|move|p2b: polisexual|Tailwind|p2b: polisexual\n|-sidestart|p2: lamebagels|move: Tailwind\n|move|p1a: Hippolyta|Tailwind|p1a: Hippolyta\n|-sidestart|p1: Trainer Pyrus|move: Tailwind\n|\n|-damage|p1b: Typhon|88\/100 brn|[from] brn\n|upkeep\n|turn|11\n|\n|t:|1699033330\n|move|p2b: polisexual|Protect|p2b: polisexual\n|-singleturn|p2b: polisexual|Protect\n|move|p1a: Hippolyta|Bullet Punch|p2b: polisexual\n|-activate|p2b: polisexual|move: Protect\n|move|p1b: Typhon|Dragon Dance|p1b: Typhon\n|-boost|p1b: Typhon|atk|1\n|-boost|p1b: Typhon|spe|1\n|move|p2a: Torracat|Flare Blitz|p1a: Hippolyta\n|-supereffective|p1a: Hippolyta\n|-damage|p1a: Hippolyta|12\/100\n|-damage|p2a: Torracat|52\/100|[from] Recoil\n|\n|-damage|p1b: Typhon|82\/100 brn|[from] brn\n|upkeep\n|turn|12\n|\n|t:|1699033353\n|switch|p2b: mon 5-25|Cresselia, F, shiny|80\/100\n|move|p1a: Hippolyta|Bullet Punch|p2b: mon 5-25\n|-damage|p2b: mon 5-25|58\/100\n|move|p1b: Typhon|Dragon Claw|p2a: Torracat\n|-damage|p2a: Torracat|9\/100\n|move|p2a: Torracat|Parting Shot|p1b: Typhon\n|-unboost|p1b: Typhon|atk|1\n|-unboost|p1b: Typhon|spa|1\n|\n|t:|1699033358\n|switch|p2a: polisexual|Vivillon-Pokeball, M|1\/100|[from] Parting Shot\n|\n|-heal|p2b: mon 5-25|64\/100|[from] item: Leftovers\n|-damage|p1b: Typhon|76\/100 brn|[from] brn\n|upkeep\n|turn|13\n|\n|t:|1699033369\n|switch|p2a: Torracat|Torracat, F|9\/100\n|-ability|p2a: Torracat|Intimidate|boost\n|-fail|p1a: Hippolyta|unboost|[from] item: Clear Amulet|[of] p1a: Hippolyta\n|-unboost|p1b: Typhon|atk|1\n|move|p2b: mon 5-25|Ally Switch|p2b: mon 5-25\n|swap|p2b: mon 5-25|0|[from] move: Ally Switch\n|move|p1b: Typhon|Dragon Dance|p1b: Typhon\n|-boost|p1b: Typhon|atk|1\n|-boost|p1b: Typhon|spe|1\n|move|p1a: Hippolyta|Bug Bite|p2b: Torracat\n|-resisted|p2b: Torracat\n|-damage|p2b: Torracat|0 fnt\n|faint|p2b: Torracat\n|\n|-heal|p2a: mon 5-25|70\/100|[from] item: Leftovers\n|-damage|p1b: Typhon|70\/100 brn|[from] brn\n|-sideend|p2: lamebagels|move: Tailwind\n|-sideend|p1: Trainer Pyrus|move: Tailwind\n|upkeep\n|\n|t:|1699033387\n|switch|p2b: polisexual|Vivillon-Pokeball, M|1\/100\n|turn|14\n|\n|t:|1699033398\n|move|p2b: polisexual|Protect|p2b: polisexual\n|-singleturn|p2b: polisexual|Protect\n|move|p1b: Typhon|Return|p2b: polisexual\n|-activate|p2b: polisexual|move: Protect\n|move|p1a: Hippolyta|Bug Bite|p2a: mon 5-25\n|-supereffective|p2a: mon 5-25\n|-crit|p2a: mon 5-25\n|-damage|p2a: mon 5-25|0 fnt\n|faint|p2a: mon 5-25\n|\n|-damage|p1b: Typhon|64\/100 brn|[from] brn\n|upkeep\n|\n|t:|1699033400\n|switch|p2a: daffodil|Zapdos-Galar, shiny|100\/100\n|turn|15\n|\n|t:|1699033408\n|move|p1a: Hippolyta|Bullet Punch|p2b: polisexual\n|-damage|p2b: polisexual|0 fnt\n|faint|p2b: polisexual\n|move|p1b: Typhon|Return|p2a: daffodil\n|-supereffective|p2a: daffodil\n|-damage|p2a: daffodil|24\/100\n|move|p2a: daffodil|Close Combat|p1b: Typhon\n|-resisted|p1b: Typhon\n|-damage|p1b: Typhon|23\/100 brn\n|-unboost|p2a: daffodil|def|1\n|-unboost|p2a: daffodil|spd|1\n|\n|-damage|p1b: Typhon|17\/100 brn|[from] brn\n|upkeep\n|turn|16\n|-message|lamebagels forfeited.\n|\n|win|Trainer Pyrus\n|raw|Trainer Pyrus's rating: 1244 &rarr; <strong>1260<\/strong><br \/>(+16 for winning)\n|raw|lamebagels's rating: 1110 &rarr; <strong>1094<\/strong><br \/>(-16 for losing)\n|l|\u2606lamebagels\n","uploadtime":1699033484,"views":6,"p1id":"trainerpyrus","p2id":"lamebagels","formatid":"gen9nationaldexdoubles","rating":1094,"private":0,"password":""}