{"id":"gen9nationaldexdoubles-1956071195","p1":"jhdreamer","p2":"wu liao de lan gou","format":"[Gen 9] National Dex Doubles","log":"|j|\u2606jhdreamer\n|j|\u2606wu liao de lan gou\n|t:|1696067301\n|gametype|doubles\n|player|p1|jhdreamer|2|1626\n|player|p2|wu liao de lan gou|marnie|1481\n|teamsize|p1|6\n|teamsize|p2|6\n|gen|9\n|tier|[Gen 9] National Dex Doubles\n|rated|\n|rule|HP Percentage Mod: HP is shown in percentages\n|rule|Endless Battle Clause: Forcing endless battles is banned\n|rule|OHKO Clause: OHKO moves are banned\n|rule|Evasion Moves Clause: Evasion moves are banned\n|rule|Evasion Abilities Clause: Evasion abilities are banned\n|rule|Species Clause: Limit one of each Pok\u00e9mon\n|rule|Gravity Sleep Clause: The combination of sleep-inducing moves with imperfect accuracy and Gravity or Gigantamax Orbeetle are banned\n|clearpoke\n|poke|p1|Gardevoir, F|\n|poke|p1|Gallade, M|\n|poke|p1|Landorus-Therian, M|\n|poke|p1|Whimsicott, F|\n|poke|p1|Volcanion|\n|poke|p1|Indeedee-F, F|\n|poke|p2|Salamence, F|\n|poke|p2|Volcanion|\n|poke|p2|Sinistcha|\n|poke|p2|Cresselia, F|\n|poke|p2|Tornadus, M|\n|poke|p2|Gallade, M|\n|teampreview\n|\n|t:|1696067331\n|start\n|switch|p1a: Whimsicott|Whimsicott, F, shiny|100\/100\n|switch|p1b: Gardevoir|Gardevoir, F, shiny|100\/100\n|switch|p2a: Volcanion|Volcanion|100\/100\n|switch|p2b: Cresselia|Cresselia, F|100\/100\n|turn|1\n|\n|t:|1696067362\n|detailschange|p1b: Gardevoir|Gardevoir-Mega, F, shiny\n|-mega|p1b: Gardevoir|Gardevoir|Gardevoirite\n|move|p1a: Whimsicott|Taunt|p2b: Cresselia\n|-start|p2b: Cresselia|move: Taunt\n|move|p1b: Gardevoir|Expanding Force|p2a: Volcanion\n|-damage|p2a: Volcanion|62\/100\n|move|p2a: Volcanion|Steam Eruption|p1b: Gardevoir\n|-damage|p1b: Gardevoir|51\/100\n|-status|p1b: Gardevoir|brn\n|cant|p2b: Cresselia|move: Taunt|Trick Room\n|\n|-damage|p1b: Gardevoir|45\/100 brn|[from] brn\n|upkeep\n|turn|2\n|\n|t:|1696067382\n|switch|p1b: Volcanion|Volcanion|100\/100\n|switch|p2b: Sinistcha|Sinistcha|100\/100\n|-heal|p2a: Volcanion|87\/100|[from] ability: Hospitality|[of] p2b: Sinistcha\n|move|p1a: Whimsicott|Energy Ball|p2a: Volcanion\n|-damage|p2a: Volcanion|70\/100\n|move|p2a: Volcanion|Heat Wave|p1a: Whimsicott|[spread] p1a\n|-miss|p2a: Volcanion|p1b: Volcanion\n|-supereffective|p1a: Whimsicott\n|-enditem|p1a: Whimsicott|Focus Sash\n|-damage|p1a: Whimsicott|1\/100\n|\n|upkeep\n|turn|3\n|\n|t:|1696067413\n|move|p2b: Sinistcha|Protect|p2b: Sinistcha\n|-singleturn|p2b: Sinistcha|Protect\n|move|p1a: Whimsicott|Taunt|p2b: Sinistcha\n|-activate|p2b: Sinistcha|move: Protect\n|move|p1b: Volcanion|Heat Wave|p2a: Volcanion|[spread] p2a\n|-activate|p2b: Sinistcha|move: Protect\n|-resisted|p2a: Volcanion\n|-damage|p2a: Volcanion|63\/100\n|move|p2a: Volcanion|Heat Wave|p1a: Whimsicott|[spread] p1a,p1b\n|-supereffective|p1a: Whimsicott\n|-resisted|p1b: Volcanion\n|-damage|p1a: Whimsicott|0 fnt\n|-damage|p1b: Volcanion|89\/100\n|faint|p1a: Whimsicott\n|\n|upkeep\n|\n|t:|1696067431\n|switch|p1a: Landorus|Landorus-Therian, M|100\/100\n|-ability|p1a: Landorus|Intimidate|boost\n|-unboost|p2a: Volcanion|atk|1\n|-unboost|p2b: Sinistcha|atk|1\n|turn|4\n|\n|t:|1696067450\n|switch|p2b: Salamence|Salamence, F|100\/100\n|-ability|p2b: Salamence|Intimidate|boost\n|-unboost|p1a: Landorus|atk|1\n|-unboost|p1b: Volcanion|atk|1\n|move|p1a: Landorus|Knock Off|p2b: Salamence\n|-damage|p2b: Salamence|78\/100\n|move|p1b: Volcanion|Heat Wave|p2b: Salamence|[spread] p2a,p2b\n|-resisted|p2a: Volcanion\n|-resisted|p2b: Salamence\n|-damage|p2a: Volcanion|55\/100\n|-damage|p2b: Salamence|54\/100\n|move|p2a: Volcanion|Steam Eruption|p1a: Landorus\n|-supereffective|p1a: Landorus\n|-damage|p1a: Landorus|17\/100\n|\n|upkeep\n|turn|5\n|\n|t:|1696067473\n|switch|p1a: Indeedee|Indeedee-F, F|100\/100\n|-fieldstart|move: Psychic Terrain|[from] ability: Psychic Surge|[of] p1a: Indeedee\n|-enditem|p1a: Indeedee|Psychic Seed\n|-boost|p1a: Indeedee|spd|1|[from] item: Psychic Seed\n|switch|p2a: Cresselia|Cresselia, F|100\/100\n|move|p2b: Salamence|Earthquake|p1b: Volcanion|[spread] p1a,p1b\n|-immune|p2a: Cresselia|[from] ability: Levitate\n|-supereffective|p1b: Volcanion\n|-damage|p1a: Indeedee|76\/100\n|-damage|p1b: Volcanion|41\/100\n|move|p1b: Volcanion|Earth Power|p2a: Cresselia\n|-immune|p2a: Cresselia|[from] ability: Levitate\n|\n|upkeep\n|turn|6\n|\n|t:|1696067494\n|move|p2b: Salamence|Protect|p2b: Salamence\n|-singleturn|p2b: Salamence|Protect\n|move|p2a: Cresselia|Lunar Blessing|p2a: Cresselia|[spread] p2a,p2b\n|-heal|p2b: Salamence|79\/100\n|move|p1a: Indeedee|Expanding Force|p2b: Salamence|[spread] p2a\n|-activate|p2b: Salamence|move: Protect\n|-resisted|p2a: Cresselia\n|-damage|p2a: Cresselia|89\/100\n|move|p1b: Volcanion|Heat Wave|p2a: Cresselia|[spread] p2a\n|-activate|p2b: Salamence|move: Protect\n|-damage|p2a: Cresselia|63\/100\n|\n|upkeep\n|turn|7\n|\n|t:|1696067541\n|switch|p1b: Landorus|Landorus-Therian, M|17\/100\n|-ability|p1b: Landorus|Intimidate|boost\n|-unboost|p2a: Cresselia|atk|1\n|-unboost|p2b: Salamence|atk|1\n|detailschange|p2b: Salamence|Salamence-Mega, F\n|-mega|p2b: Salamence|Salamence|Salamencite\n|move|p2b: Salamence|Double-Edge|p1a: Indeedee\n|-damage|p1a: Indeedee|27\/100\n|-damage|p2b: Salamence|64\/100|[from] Recoil\n|move|p2a: Cresselia|Lunar Blessing|p2a: Cresselia|[spread] p2a,p2b\n|-heal|p2a: Cresselia|88\/100\n|-heal|p2b: Salamence|89\/100\n|move|p1a: Indeedee|Reflect|p1a: Indeedee\n|-sidestart|p1: jhdreamer|Reflect\n|\n|upkeep\n|turn|8\n|\n|t:|1696067568\n|switch|p2a: Tornadus|Tornadus, M|100\/100\n|move|p1a: Indeedee|Follow Me|p1a: Indeedee\n|-singleturn|p1a: Indeedee|move: Follow Me\n|move|p2b: Salamence|Double-Edge|p1a: Indeedee\n|-damage|p1a: Indeedee|0 fnt\n|faint|p1a: Indeedee\n|-damage|p2b: Salamence|80\/100|[from] Recoil\n|move|p1b: Landorus|Knock Off|p2a: Tornadus\n|-damage|p2a: Tornadus|59\/100\n|-enditem|p2a: Tornadus|Covert Cloak|[from] move: Knock Off|[of] p1b: Landorus\n|\n|upkeep\n|\n|t:|1696067577\n|switch|p1a: Gallade|Gallade, M|100\/100\n|turn|9\n|\n|t:|1696067595\n|switch|p2b: Cresselia|Cresselia, F|88\/100\n|move|p2a: Tornadus|Protect|p2a: Tornadus\n|-singleturn|p2a: Tornadus|Protect\n|move|p1b: Landorus|Rock Slide|p2b: Cresselia|[spread] p2b\n|-activate|p2a: Tornadus|move: Protect\n|-damage|p2b: Cresselia|74\/100\n|move|p1a: Gallade|Trick Room|p1a: Gallade\n|-fieldstart|move: Trick Room|[of] p1a: Gallade\n|\n|-fieldend|move: Psychic Terrain\n|upkeep\n|turn|10\n|\n|t:|1696067610\n|move|p2b: Cresselia|Moonblast|p1a: Gallade\n|-supereffective|p1a: Gallade\n|-damage|p1a: Gallade|72\/100\n|-unboost|p1a: Gallade|spa|1\n|move|p1a: Gallade|Night Slash|p2b: Cresselia\n|-supereffective|p2b: Cresselia\n|-damage|p2b: Cresselia|37\/100\n|-damage|p1a: Gallade|55\/100|[from] item: Rocky Helmet|[of] p2b: Cresselia\n|move|p1b: Landorus|Rock Slide|p2a: Tornadus|[spread] p2a,p2b\n|-supereffective|p2a: Tornadus\n|-damage|p2a: Tornadus|10\/100\n|-damage|p2b: Cresselia|24\/100\n|move|p2a: Tornadus|Bleakwind Storm|p1b: Landorus|[spread] p1a\n|-miss|p2a: Tornadus|p1b: Landorus\n|-supereffective|p1a: Gallade\n|-damage|p1a: Gallade|0 fnt\n|faint|p1a: Gallade\n|\n|upkeep\n|\n|t:|1696067626\n|switch|p1a: Volcanion|Volcanion|41\/100\n|turn|11\n|\n|t:|1696067639\n|move|p2a: Tornadus|Protect|p2a: Tornadus\n|-singleturn|p2a: Tornadus|Protect\n|move|p1a: Volcanion|Heat Wave|p2b: Cresselia|[spread] p2b\n|-activate|p2a: Tornadus|move: Protect\n|-crit|p2b: Cresselia\n|-damage|p2b: Cresselia|0 fnt\n|faint|p2b: Cresselia\n|move|p1b: Landorus|Rock Slide|p2a: Tornadus\n|-activate|p2a: Tornadus|move: Protect\n|\n|-sideend|p1: jhdreamer|Reflect\n|upkeep\n|\n|t:|1696067657\n|switch|p2b: Volcanion|Volcanion|55\/100\n|turn|12\n|\n|t:|1696067681\n|switch|p2a: Sinistcha|Sinistcha|100\/100\n|-heal|p2b: Volcanion|80\/100|[from] ability: Hospitality|[of] p2a: Sinistcha\n|move|p2b: Volcanion|Earth Power|p1a: Volcanion\n|-supereffective|p1a: Volcanion\n|-damage|p1a: Volcanion|0 fnt\n|faint|p1a: Volcanion\n|move|p1b: Landorus|Rock Slide|p2b: Volcanion|[spread] p2a,p2b\n|-supereffective|p2b: Volcanion\n|-damage|p2a: Sinistcha|81\/100\n|-damage|p2b: Volcanion|40\/100\n|\n|-heal|p2a: Sinistcha|87\/100|[from] item: Leftovers\n|upkeep\n|\n|t:|1696067689\n|switch|p1a: Gardevoir|Gardevoir-Mega, F, shiny|45\/100 brn\n|turn|13\n|\n|t:|1696067697\n|move|p1a: Gardevoir|Protect|p1a: Gardevoir\n|-singleturn|p1a: Gardevoir|Protect\n|move|p2a: Sinistcha|Matcha Gotcha|p1a: Gardevoir|[spread] p1b\n|-activate|p1a: Gardevoir|move: Protect\n|-damage|p1b: Landorus|0 fnt\n|-heal|p2a: Sinistcha|96\/100|[from] drain|[of] p1b: Landorus\n|faint|p1b: Landorus\n|move|p2b: Volcanion|Heat Wave|p1a: Gardevoir\n|-activate|p1a: Gardevoir|move: Protect\n|\n|-heal|p2a: Sinistcha|100\/100|[from] item: Leftovers\n|-damage|p1a: Gardevoir|39\/100 brn|[from] brn\n|-fieldend|move: Trick Room\n|upkeep\n|turn|14\n|-message|jhdreamer forfeited.\n|\n|win|wu liao de lan gou\n|raw|jhdreamer's rating: 1626 &rarr; <strong>1598<\/strong><br \/>(-28 for losing)\n|raw|wu liao de lan gou's rating: 1481 &rarr; <strong>1509<\/strong><br \/>(+28 for winning)\n|l|\u2606jhdreamer\n","uploadtime":1696067719,"views":9,"p1id":"jhdreamer","p2id":"wuliaodelangou","formatid":"gen9nationaldexdoubles","rating":1509,"private":0,"password":""}