{"id":"gen9nationaldexdoubles-1993405786","p1":"fumbari 24","p2":"xiaozhaolaogong","format":"[Gen 9] National Dex Doubles","log":"|j|\u2606fumbari 24\n|j|\u2606xiaozhaolaogong\n|t:|1700313447\n|gametype|doubles\n|player|p1|fumbari 24|hilbert|1166\n|player|p2|xiaozhaolaogong|dawn|1278\n|teamsize|p1|6\n|teamsize|p2|6\n|gen|9\n|tier|[Gen 9] National Dex Doubles\n|rated|\n|rule|HP Percentage Mod: HP is shown in percentages\n|rule|Endless Battle Clause: Forcing endless battles is banned\n|rule|OHKO Clause: OHKO moves are banned\n|rule|Evasion Moves Clause: Evasion moves are banned\n|rule|Evasion Abilities Clause: Evasion abilities are banned\n|rule|Species Clause: Limit one of each Pok\u00e9mon\n|rule|Gravity Sleep Clause: The combination of sleep-inducing moves with imperfect accuracy and Gravity or Gigantamax Orbeetle are banned\n|clearpoke\n|poke|p1|Corviknight, M|\n|poke|p1|Murkrow, M|\n|poke|p1|Kartana|\n|poke|p1|Absol, M|\n|poke|p1|Magmortar, M|\n|poke|p1|Sylveon, F|\n|poke|p2|Landorus-Therian, M|\n|poke|p2|Greninja-*, F|\n|poke|p2|Weezing, F|\n|poke|p2|Ursaluna, M|\n|poke|p2|Iron Hands|\n|poke|p2|Arcanine-Hisui, M|\n|teampreview\n|inactive|Battle timer is ON: inactive players will automatically lose when time's up. (requested by xiaozhaolaogong)\n|\n|t:|1700313461\n|start\n|switch|p1a: Corviknight|Corviknight, M|100\/100\n|switch|p1b: Murkrow|Murkrow, M|100\/100\n|switch|p2a: Arcanine|Arcanine-Hisui, M|100\/100\n|switch|p2b: Landorus|Landorus-Therian, M|100\/100\n|-ability|p2a: Arcanine|Intimidate|boost\n|-ability|p1a: Corviknight|Mirror Armor\n|-unboost|p2a: Arcanine|atk|1\n|-unboost|p1b: Murkrow|atk|1\n|-ability|p2b: Landorus|Intimidate|boost\n|-ability|p1a: Corviknight|Mirror Armor\n|-unboost|p2b: Landorus|atk|1\n|-unboost|p1b: Murkrow|atk|1\n|turn|1\n|\n|t:|1700313480\n|move|p1b: Murkrow|Tailwind|p1b: Murkrow\n|-sidestart|p1: fumbari 24|move: Tailwind\n|move|p1a: Corviknight|U-turn|p2b: Landorus\n|-resisted|p2b: Landorus\n|-damage|p2b: Landorus|86\/100\n|\n|t:|1700313491\n|switch|p1a: Magmortar|Magmortar, M|100\/100|[from] U-turn\n|move|p2a: Arcanine|Flare Blitz|p1a: Magmortar\n|-resisted|p1a: Magmortar\n|-damage|p1a: Magmortar|71\/100\n|-damage|p2a: Arcanine|91\/100|[from] Recoil\n|-damage|p2a: Arcanine|81\/100|[from] item: Life Orb\n|move|p2b: Landorus|Rock Slide|p1a: Magmortar|[spread] p1a,p1b\n|-supereffective|p1a: Magmortar\n|-supereffective|p1b: Murkrow\n|-damage|p1a: Magmortar|40\/100\n|-damage|p1b: Murkrow|74\/100\n|-enditem|p1a: Magmortar|Sitrus Berry|[eat]\n|-heal|p1a: Magmortar|65\/100|[from] item: Sitrus Berry\n|\n|-heal|p2b: Landorus|92\/100|[from] item: Leftovers\n|upkeep\n|turn|2\n|\n|t:|1700313511\n|move|p2a: Arcanine|Protect|p2a: Arcanine\n|-singleturn|p2a: Arcanine|Protect\n|move|p2b: Landorus|Protect|p2b: Landorus\n|-singleturn|p2b: Landorus|Protect\n|move|p1b: Murkrow|Quash|p2b: Landorus\n|-activate|p2b: Landorus|move: Protect\n|move|p1a: Magmortar|Scorching Sands|p2a: Arcanine\n|-activate|p2a: Arcanine|move: Protect\n|\n|-heal|p2b: Landorus|98\/100|[from] item: Leftovers\n|upkeep\n|turn|3\n|\n|t:|1700313536\n|switch|p2a: Weezing|Weezing, F|100\/100\n|-ability|p2a: Weezing|Neutralizing Gas\n|move|p1a: Magmortar|Scorching Sands|p2a: Weezing\n|-supereffective|p2a: Weezing\n|-damage|p2a: Weezing|41\/100\n|move|p1b: Murkrow|Quash|p2b: Landorus\n|-activate|p2b: Landorus|move: Quash\n|move|p2b: Landorus|Stomping Tantrum|p1a: Magmortar\n|-supereffective|p1a: Magmortar\n|-damage|p1a: Magmortar|2\/100\n|\n|-heal|p2b: Landorus|100\/100|[from] item: Leftovers\n|-heal|p2a: Weezing|47\/100|[from] item: Black Sludge\n|upkeep\n|turn|4\n|\n|t:|1700313551\n|move|p2a: Weezing|Protect|p2a: Weezing\n|-singleturn|p2a: Weezing|Protect\n|move|p1a: Magmortar|Heat Wave|p2b: Landorus|[spread] p2b\n|-activate|p2a: Weezing|move: Protect\n|-damage|p2b: Landorus|63\/100\n|-status|p2b: Landorus|brn\n|move|p1b: Murkrow|Foul Play|p2b: Landorus\n|-damage|p2b: Landorus|29\/100 brn\n|move|p2b: Landorus|Rock Slide|p1b: Murkrow|[spread] p1a,p1b\n|-supereffective|p1a: Magmortar\n|-supereffective|p1b: Murkrow\n|-damage|p1a: Magmortar|0 fnt\n|-damage|p1b: Murkrow|61\/100\n|faint|p1a: Magmortar\n|\n|-heal|p2b: Landorus|35\/100 brn|[from] item: Leftovers\n|-heal|p2a: Weezing|53\/100|[from] item: Black Sludge\n|-damage|p2b: Landorus|29\/100 brn|[from] brn\n|-sideend|p1: fumbari 24|move: Tailwind\n|upkeep\n|\n|t:|1700313569\n|switch|p1a: Sylveon|Sylveon, F|100\/100\n|turn|5\n|\n|t:|1700313583\n|-terastallize|p1a: Sylveon|Ground\n|move|p2b: Landorus|Rock Slide|p1b: Murkrow|[spread] p1a,p1b\n|-resisted|p1a: Sylveon\n|-supereffective|p1b: Murkrow\n|-damage|p1a: Sylveon|97\/100\n|-damage|p1b: Murkrow|47\/100\n|move|p1b: Murkrow|Tailwind|p1b: Murkrow\n|-sidestart|p1: fumbari 24|move: Tailwind\n|move|p1a: Sylveon|Tera Blast|p2a: Weezing|[anim] Tera Blast Ground\n|-supereffective|p2a: Weezing\n|-damage|p2a: Weezing|0 fnt\n|faint|p2a: Weezing\n|-end|p2a: Weezing|ability: Neutralizing Gas\n|-ability|p2b: Landorus|Intimidate|boost\n|-unboost|p1a: Sylveon|atk|1\n|-unboost|p1b: Murkrow|atk|1\n|\n|-heal|p2b: Landorus|35\/100 brn|[from] item: Leftovers\n|-damage|p2b: Landorus|29\/100 brn|[from] brn\n|upkeep\n|\n|t:|1700313604\n|switch|p2a: Greninja|Greninja, F|100\/100\n|turn|6\n|\n|t:|1700313625\n|switch|p1b: Absol|Absol, M|100\/100\n|-ability|p1b: Absol|Pressure\n|move|p2a: Greninja|Rock Slide|p1a: Sylveon|[spread] p1a\n|-start|p2a: Greninja|typechange|Rock|[from] ability: Protean\n|-miss|p2a: Greninja|p1b: Absol\n|-resisted|p1a: Sylveon\n|-damage|p1a: Sylveon|82\/100\n|cant|p1a: Sylveon|flinch\n|move|p2b: Landorus|Rock Slide|p1b: Absol|[spread] p1a\n|-miss|p2b: Landorus|p1b: Absol\n|-resisted|p1a: Sylveon\n|-damage|p1a: Sylveon|78\/100\n|\n|-heal|p2b: Landorus|35\/100 brn|[from] item: Leftovers\n|-damage|p2b: Landorus|29\/100 brn|[from] brn\n|upkeep\n|turn|7\n|inactive|xiaozhaolaogong has 120 seconds left.\n|\n|t:|1700313659\n|detailschange|p1b: Absol|Absol-Mega, M\n|-mega|p1b: Absol|Absol|Absolite\n|move|p1b: Absol|Dark Pulse|p2a: Greninja\n|-damage|p2a: Greninja|32\/100\n|move|p2a: Greninja|Icy Wind|p1a: Sylveon|[spread] p1a,p1b\n|-supereffective|p1a: Sylveon\n|-damage|p1a: Sylveon|65\/100\n|-damage|p1b: Absol|83\/100\n|-unboost|p1a: Sylveon|spe|1\n|-unboost|p1b: Absol|spe|1\n|move|p2b: Landorus|Stomping Tantrum|p1b: Absol\n|-damage|p1b: Absol|56\/100\n|move|p1a: Sylveon|Hyper Voice|p2a: Greninja|[spread] p2a,p2b\n|-crit|p2b: Landorus\n|-damage|p2a: Greninja|0 fnt\n|-damage|p2b: Landorus|0 fnt\n|faint|p2a: Greninja\n|faint|p2b: Landorus\n|\n|upkeep\n|inactive|xiaozhaolaogong has 120 seconds left.\n|\n|t:|1700313680\n|switch|p2a: Iron Hands|Iron Hands|100\/100\n|switch|p2b: Ursaluna|Ursaluna, M|100\/100\n|turn|8\n|\n|t:|1700313691\n|move|p2b: Ursaluna|Protect|p2b: Ursaluna\n|-singleturn|p2b: Ursaluna|Protect\n|move|p1b: Absol|Ice Beam|p2b: Ursaluna\n|-activate|p2b: Ursaluna|move: Protect\n|move|p1a: Sylveon|Hyper Voice|p2b: Ursaluna|[spread] p2a\n|-activate|p2b: Ursaluna|move: Protect\n|-supereffective|p2a: Iron Hands\n|-damage|p2a: Iron Hands|47\/100\n|move|p2a: Iron Hands|Drain Punch|p1b: Absol\n|-supereffective|p1b: Absol\n|-damage|p1b: Absol|0 fnt\n|-heal|p2a: Iron Hands|63\/100|[from] drain|[of] p1b: Absol\n|faint|p1b: Absol\n|\n|-sideend|p1: fumbari 24|move: Tailwind\n|-status|p2b: Ursaluna|brn|[from] item: Flame Orb\n|upkeep\n|\n|t:|1700313703\n|switch|p1b: Murkrow|Murkrow, M|47\/100\n|turn|9\n|\n|t:|1700313723\n|move|p1b: Murkrow|Tailwind|p1b: Murkrow\n|-sidestart|p1: fumbari 24|move: Tailwind\n|move|p1a: Sylveon|Hyper Voice|p2b: Ursaluna|[spread] p2a,p2b\n|-supereffective|p2a: Iron Hands\n|-damage|p2a: Iron Hands|8\/100\n|-damage|p2b: Ursaluna|51\/100 brn\n|move|p2b: Ursaluna|Facade|p1b: Murkrow\n|-damage|p1b: Murkrow|0 fnt\n|faint|p1b: Murkrow\n|move|p2a: Iron Hands|Drain Punch|p1a: Sylveon\n|-damage|p1a: Sylveon|15\/100\n|-heal|p2a: Iron Hands|28\/100|[from] drain|[of] p1a: Sylveon\n|\n|-damage|p2b: Ursaluna|45\/100 brn|[from] brn\n|upkeep\n|\n|t:|1700313737\n|switch|p1b: Kartana|Kartana, shiny|100\/100\n|turn|10\n|\n|t:|1700313747\n|-end|p2a: Iron Hands|Quark Drive|[silent]\n|switch|p2a: Arcanine|Arcanine-Hisui, M|81\/100\n|-ability|p2a: Arcanine|Intimidate|boost\n|-unboost|p1a: Sylveon|atk|1\n|-unboost|p1b: Kartana|atk|1\n|move|p2b: Ursaluna|Protect|p2b: Ursaluna\n|-singleturn|p2b: Ursaluna|Protect\n|move|p1b: Kartana|Leaf Blade|p2b: Ursaluna\n|-activate|p2b: Ursaluna|move: Protect\n|move|p1a: Sylveon|Hyper Voice|p2b: Ursaluna|[spread] p2a\n|-activate|p2b: Ursaluna|move: Protect\n|-resisted|p2a: Arcanine\n|-damage|p2a: Arcanine|52\/100\n|\n|-damage|p2b: Ursaluna|39\/100 brn|[from] brn\n|upkeep\n|turn|11\n|inactive|xiaozhaolaogong has 120 seconds left.\n|\n|t:|1700313778\n|switch|p2b: Iron Hands|Iron Hands|28\/100\n|move|p2a: Arcanine|Protect|p2a: Arcanine\n|-singleturn|p2a: Arcanine|Protect\n|move|p1b: Kartana|Leaf Blade|p2b: Iron Hands\n|-damage|p2b: Iron Hands|6\/100\n|move|p1a: Sylveon|Tera Blast|p2a: Arcanine|[anim] Tera Blast Ground\n|-activate|p2a: Arcanine|move: Protect\n|\n|upkeep\n|turn|12\n|inactive|xiaozhaolaogong has 120 seconds left.\n|\n|t:|1700313811\n|move|p1b: Kartana|Protect|p1b: Kartana\n|-singleturn|p1b: Kartana|Protect\n|move|p1a: Sylveon|Protect|p1a: Sylveon\n|-singleturn|p1a: Sylveon|Protect\n|move|p2b: Iron Hands|Fake Out|p1a: Sylveon\n|-activate|p1a: Sylveon|move: Protect\n|move|p2a: Arcanine|Flare Blitz|p1b: Kartana\n|-activate|p1b: Kartana|move: Protect\n|\n|-sideend|p1: fumbari 24|move: Tailwind\n|upkeep\n|turn|13\n|inactive|xiaozhaolaogong has 120 seconds left.\n|\n|t:|1700313836\n|-terastallize|p2a: Arcanine|Fairy\n|move|p1b: Kartana|Leaf Blade|p2b: Iron Hands\n|-damage|p2b: Iron Hands|0 fnt\n|faint|p2b: Iron Hands\n|-end|p2b: Iron Hands|Quark Drive|[silent]\n|-ability|p1b: Kartana|Beast Boost|boost\n|-boost|p1b: Kartana|atk|1\n|move|p2a: Arcanine|Flare Blitz|p1b: Kartana\n|-supereffective|p1b: Kartana\n|-crit|p1b: Kartana\n|-damage|p1b: Kartana|0 fnt\n|faint|p1b: Kartana\n|-damage|p2a: Arcanine|26\/100|[from] Recoil\n|-damage|p2a: Arcanine|16\/100|[from] item: Life Orb\n|move|p1a: Sylveon|Tera Blast|p2a: Arcanine|[anim] Tera Blast Ground\n|-damage|p2a: Arcanine|0 fnt\n|faint|p2a: Arcanine\n|\n|upkeep\n|\n|t:|1700313853\n|switch|p1b: Corviknight|Corviknight, M|100\/100\n|switch|p2b: Ursaluna|Ursaluna, M|39\/100 brn\n|turn|14\n|\n|t:|1700313857\n|move|p1b: Corviknight|Brave Bird|p2b: Ursaluna\n|-damage|p2b: Ursaluna|0 fnt\n|faint|p2b: Ursaluna\n|-damage|p1b: Corviknight|85\/100|[from] Recoil\n|\n|win|fumbari 24\n|raw|fumbari 24's rating: 1166 &rarr; <strong>1199<\/strong><br \/>(+33 for winning)\n|raw|xiaozhaolaogong's rating: 1278 &rarr; <strong>1245<\/strong><br \/>(-33 for losing)\n","uploadtime":1700313862,"views":12,"p1id":"fumbari24","p2id":"xiaozhaolaogong","formatid":"gen9nationaldexdoubles","rating":1199,"private":0,"password":""}