{"id":"gen9nationaldexdoubles-1964780467","p1":"YoBuddyTheBaker","p2":"astro nation shoe","format":"[Gen 9] National Dex Doubles","log":"|j|\u2606YoBuddyTheBaker\n|j|\u2606astro nation shoe\n|inactive|Battle timer is ON: inactive players will automatically lose when time's up.\n|t:|1697007782\n|gametype|doubles\n|player|p1|YoBuddyTheBaker|baker|\n|player|p2|astro nation shoe|allister|\n|teamsize|p1|6\n|teamsize|p2|6\n|gen|9\n|tier|[Gen 9] National Dex Doubles\n|rated|Tournament battle\n|rule|HP Percentage Mod: HP is shown in percentages\n|rule|Endless Battle Clause: Forcing endless battles is banned\n|rule|OHKO Clause: OHKO moves are banned\n|rule|Evasion Moves Clause: Evasion moves are banned\n|rule|Evasion Abilities Clause: Evasion abilities are banned\n|rule|Species Clause: Limit one of each Pok\u00e9mon\n|rule|Gravity Sleep Clause: The combination of sleep-inducing moves with imperfect accuracy and Gravity or Gigantamax Orbeetle are banned\n|clearpoke\n|poke|p1|Ogerpon-Hearthflame, F|\n|poke|p1|Tyranitar, M|\n|poke|p1|Zamazenta-*|\n|poke|p1|Zygarde|\n|poke|p1|Chien-Pao|\n|poke|p1|Kartana|\n|poke|p2|Kingambit, F|\n|poke|p2|Marshadow|\n|poke|p2|Rillaboom, F|\n|poke|p2|Volcanion|\n|poke|p2|Metagross|\n|poke|p2|Whimsicott, M|\n|teampreview\n|j| The TPN\n|j| Slash Death\n|c|\u2606astro nation shoe|worst possible MU\n|inactive|YoBuddyTheBaker has 120 seconds left.\n|inactive|astro nation shoe has 120 seconds left.\n|j| cornpopbad\n|inactive|YoBuddyTheBaker has 90 seconds left.\n|\n|t:|1697007863\n|start\n|switch|p1a: Chien-Pao|Chien-Pao|100\/100\n|switch|p1b: Kartana|Kartana|100\/100\n|switch|p2a: Marshadow|Marshadow|100\/100\n|switch|p2b: Rillaboom|Rillaboom, F|100\/100\n|-ability|p1a: Chien-Pao|Sword of Ruin\n|-fieldstart|move: Grassy Terrain|[from] ability: Grassy Surge|[of] p2b: Rillaboom\n|turn|1\n|l| The TPN\n|\n|t:|1697007887\n|move|p1a: Chien-Pao|Protect|p1a: Chien-Pao\n|-singleturn|p1a: Chien-Pao|Protect\n|move|p1b: Kartana|Protect|p1b: Kartana\n|-singleturn|p1b: Kartana|Protect\n|move|p2b: Rillaboom|Fake Out|p1a: Chien-Pao\n|-activate|p1a: Chien-Pao|move: Protect\n|-zpower|p2a: Marshadow\n|move|p2a: Marshadow|Soul-Stealing 7-Star Strike|p1b: Kartana|[zeffect]\n|-crit|p1b: Kartana\n|-zbroken|p1b: Kartana\n|-damage|p1b: Kartana|49\/100\n|\n|-heal|p1b: Kartana|56\/100|[from] Grassy Terrain\n|upkeep\n|turn|2\n|inactive|YoBuddyTheBaker has 120 seconds left.\n|inactive|YoBuddyTheBaker has 90 seconds left.\n|\n|t:|1697007975\n|move|p1a: Chien-Pao|Ice Spinner|p2a: Marshadow\n|-damage|p2a: Marshadow|17\/100\n|-fieldend|move: Grassy Terrain\n|-damage|p1a: Chien-Pao|91\/100|[from] item: Life Orb\n|move|p2a: Marshadow|Close Combat|p1b: Kartana\n|-supereffective|p1b: Kartana\n|-damage|p1b: Kartana|0 fnt\n|-unboost|p2a: Marshadow|def|1\n|-unboost|p2a: Marshadow|spd|1\n|faint|p1b: Kartana\n|move|p2b: Rillaboom|Wood Hammer|p1a: Chien-Pao\n|-damage|p1a: Chien-Pao|14\/100\n|-damage|p2b: Rillaboom|81\/100|[from] Recoil\n|\n|upkeep\n|inactive|YoBuddyTheBaker has 60 seconds left.\n|\n|t:|1697007991\n|switch|p1b: Zamazenta|Zamazenta|100\/100\n|-ability|p1b: Zamazenta|Dauntless Shield|boost\n|-boost|p1b: Zamazenta|def|1\n|turn|3\n|\n|t:|1697007998\n|switch|p2b: Whimsicott|Whimsicott, M|100\/100\n|move|p2a: Marshadow|Shadow Sneak|p1a: Chien-Pao\n|-resisted|p1a: Chien-Pao\n|-damage|p1a: Chien-Pao|0 fnt\n|faint|p1a: Chien-Pao\n|move|p1b: Zamazenta|Heavy Slam|p2a: Marshadow\n|-crit|p2a: Marshadow\n|-damage|p2a: Marshadow|0 fnt\n|faint|p2a: Marshadow\n|\n|upkeep\n|inactive|YoBuddyTheBaker has 90 seconds left.\n|\n|t:|1697008022\n|switch|p1a: Zygarde|Zygarde|100\/100\n|switch|p2a: Volcanion|Volcanion|100\/100\n|-ability|p1a: Zygarde|Aura Break\n|turn|4\n|inactive|YoBuddyTheBaker has 90 seconds left.\n|\n|t:|1697008048\n|move|p2b: Whimsicott|Tailwind|p2b: Whimsicott\n|-sidestart|p2: astro nation shoe|move: Tailwind\n|move|p1b: Zamazenta|Coaching|p1a: Zygarde\n|-boost|p1a: Zygarde|atk|1\n|-boost|p1a: Zygarde|def|1\n|move|p2a: Volcanion|Steam Eruption|p1b: Zamazenta\n|-damage|p1b: Zamazenta|50\/100\n|-status|p1b: Zamazenta|brn\n|-enditem|p1b: Zamazenta|Sitrus Berry|[eat]\n|-heal|p1b: Zamazenta|75\/100 brn|[from] item: Sitrus Berry\n|move|p1a: Zygarde|Thousand Arrows|p2a: Volcanion|[spread] p2a,p2b\n|-supereffective|p2a: Volcanion\n|-resisted|p2b: Whimsicott\n|-damage|p2a: Volcanion|21\/100\n|-damage|p2b: Whimsicott|67\/100\n|\n|-damage|p1b: Zamazenta|69\/100 brn|[from] brn\n|upkeep\n|turn|5\n|inactive|YoBuddyTheBaker has 90 seconds left.\n|inactive|astro nation shoe has 120 seconds left.\n|inactive|YoBuddyTheBaker has 60 seconds left.\n|\n|t:|1697008104\n|-terastallize|p2b: Whimsicott|Ghost\n|move|p1a: Zygarde|Extreme Speed|p2a: Volcanion\n|-damage|p2a: Volcanion|0 fnt\n|faint|p2a: Volcanion\n|move|p2b: Whimsicott|Moonblast|p1a: Zygarde\n|-supereffective|p1a: Zygarde\n|-damage|p1a: Zygarde|32\/100\n|move|p1b: Zamazenta|Coaching|p1a: Zygarde\n|-boost|p1a: Zygarde|atk|1\n|-boost|p1a: Zygarde|def|1\n|\n|-damage|p1b: Zamazenta|63\/100 brn|[from] brn\n|upkeep\n|\n|t:|1697008112\n|switch|p2a: Kingambit|Kingambit, F|100\/100\n|turn|6\n|inactive|YoBuddyTheBaker has 60 seconds left.\n|\n|t:|1697008165\n|-terastallize|p1b: Zamazenta|Steel\n|move|p2a: Kingambit|Protect|p2a: Kingambit\n|-singleturn|p2a: Kingambit|Protect\n|move|p2b: Whimsicott|Encore|p1a: Zygarde\n|-start|p1a: Zygarde|Encore\n|move|p1b: Zamazenta|Body Press|p2a: Kingambit\n|-activate|p2a: Kingambit|move: Protect\n|move|p1a: Zygarde|Extreme Speed|p2a: Kingambit\n|-activate|p2a: Kingambit|move: Protect\n|\n|-damage|p1b: Zamazenta|57\/100 brn|[from] brn\n|upkeep\n|turn|7\n|inactive|astro nation shoe has 120 seconds left.\n|inactive|YoBuddyTheBaker has 30 seconds left.\n|\n|t:|1697008205\n|switch|p2a: Metagross|Metagross|100\/100\n|move|p1a: Zygarde|Extreme Speed|p2a: Metagross\n|-resisted|p2a: Metagross\n|-damage|p2a: Metagross|78\/100\n|move|p2b: Whimsicott|Moonblast|p1a: Zygarde\n|-supereffective|p1a: Zygarde\n|-damage|p1a: Zygarde|0 fnt\n|faint|p1a: Zygarde\n|move|p1b: Zamazenta|Body Press|p2a: Metagross\n|-damage|p2a: Metagross|56\/100\n|\n|-damage|p1b: Zamazenta|50\/100 brn|[from] brn\n|-sideend|p2: astro nation shoe|move: Tailwind\n|upkeep\n|inactive|YoBuddyTheBaker has 30 seconds left.\n|\n|t:|1697008215\n|switch|p1a: Ogerpon|Ogerpon-Hearthflame, F|100\/100\n|-ability|p1a: Ogerpon|Mold Breaker\n|turn|8\n|\n|t:|1697008236\n|detailschange|p2a: Metagross|Metagross-Mega\n|-mega|p2a: Metagross|Metagross|Metagrossite\n|move|p2a: Metagross|Protect|p2a: Metagross\n|-singleturn|p2a: Metagross|Protect\n|move|p2b: Whimsicott|Tailwind|p2b: Whimsicott\n|-sidestart|p2: astro nation shoe|move: Tailwind\n|move|p1b: Zamazenta|Coaching|p1a: Ogerpon\n|-boost|p1a: Ogerpon|atk|1\n|-boost|p1a: Ogerpon|def|1\n|move|p1a: Ogerpon|Ivy Cudgel|p2a: Metagross\n|-activate|p2a: Metagross|move: Protect\n|\n|-damage|p1b: Zamazenta|44\/100 brn|[from] brn\n|upkeep\n|turn|9\n|\n|t:|1697008259\n|move|p2b: Whimsicott|Moonblast|p1a: Ogerpon\n|-resisted|p1a: Ogerpon\n|-damage|p1a: Ogerpon|78\/100\n|-unboost|p1a: Ogerpon|spa|1\n|move|p2a: Metagross|Stomping Tantrum|p1b: Zamazenta\n|-supereffective|p1b: Zamazenta\n|-damage|p1b: Zamazenta|7\/100 brn\n|move|p1b: Zamazenta|Coaching|p1a: Ogerpon\n|-boost|p1a: Ogerpon|atk|1\n|-boost|p1a: Ogerpon|def|1\n|move|p1a: Ogerpon|Ivy Cudgel|p2a: Metagross\n|-supereffective|p2a: Metagross\n|-damage|p2a: Metagross|0 fnt\n|faint|p2a: Metagross\n|\n|-damage|p1b: Zamazenta|1\/100 brn|[from] brn\n|upkeep\n|\n|t:|1697008267\n|switch|p2a: Rillaboom|Rillaboom, F|81\/100\n|-fieldstart|move: Grassy Terrain|[from] ability: Grassy Surge|[of] p2a: Rillaboom\n|turn|10\n|inactive|YoBuddyTheBaker has 60 seconds left.\n|c|\u2606astro nation shoe|this zama is a problem\n|c|\u2606astro nation shoe|or well\n|c|\u2606astro nation shoe|this entire team is a problem\n|\n|t:|1697008313\n|move|p2a: Rillaboom|Fake Out|p1a: Ogerpon\n|-damage|p1a: Ogerpon|69\/100\n|move|p2b: Whimsicott|Moonblast|p1a: Ogerpon\n|-resisted|p1a: Ogerpon\n|-damage|p1a: Ogerpon|49\/100\n|move|p1b: Zamazenta|Coaching|p1a: Ogerpon\n|-boost|p1a: Ogerpon|atk|1\n|-boost|p1a: Ogerpon|def|1\n|cant|p1a: Ogerpon|flinch\n|\n|-heal|p2b: Whimsicott|73\/100|[from] Grassy Terrain\n|-heal|p2a: Rillaboom|87\/100|[from] Grassy Terrain\n|-heal|p1b: Zamazenta|7\/100 brn|[from] Grassy Terrain\n|-heal|p1a: Ogerpon|55\/100|[from] Grassy Terrain\n|-damage|p1b: Zamazenta|1\/100 brn|[from] brn\n|upkeep\n|turn|11\n|\n|t:|1697008337\n|move|p2b: Whimsicott|Protect|p2b: Whimsicott\n|-singleturn|p2b: Whimsicott|Protect\n|move|p2a: Rillaboom|Wood Hammer|p1a: Ogerpon\n|-resisted|p1a: Ogerpon\n|-damage|p1a: Ogerpon|45\/100\n|-damage|p2a: Rillaboom|85\/100|[from] Recoil\n|move|p1b: Zamazenta|Coaching|p1a: Ogerpon\n|-boost|p1a: Ogerpon|atk|1\n|-boost|p1a: Ogerpon|def|1\n|move|p1a: Ogerpon|Ivy Cudgel|p2b: Whimsicott\n|-activate|p2b: Whimsicott|move: Protect\n|\n|-heal|p2b: Whimsicott|79\/100|[from] Grassy Terrain\n|-heal|p2a: Rillaboom|91\/100|[from] Grassy Terrain\n|-heal|p1b: Zamazenta|7\/100 brn|[from] Grassy Terrain\n|-heal|p1a: Ogerpon|51\/100|[from] Grassy Terrain\n|-damage|p1b: Zamazenta|1\/100 brn|[from] brn\n|-sideend|p2: astro nation shoe|move: Tailwind\n|upkeep\n|turn|12\n|inactive|YoBuddyTheBaker has 60 seconds left.\n|\n|t:|1697008362\n|move|p2a: Rillaboom|Grassy Glide|p1b: Zamazenta\n|-resisted|p1b: Zamazenta\n|-damage|p1b: Zamazenta|0 fnt\n|faint|p1b: Zamazenta\n|move|p2b: Whimsicott|Moonblast|p1a: Ogerpon\n|-resisted|p1a: Ogerpon\n|-damage|p1a: Ogerpon|32\/100\n|move|p1a: Ogerpon|Ivy Cudgel|p2b: Whimsicott\n|-damage|p2b: Whimsicott|0 fnt\n|faint|p2b: Whimsicott\n|\n|-heal|p1a: Ogerpon|38\/100|[from] Grassy Terrain\n|-heal|p2a: Rillaboom|97\/100|[from] Grassy Terrain\n|upkeep\n|\n|t:|1697008370\n|switch|p1b: Tyranitar|Tyranitar, M|100\/100\n|switch|p2b: Kingambit|Kingambit, F|100\/100\n|-weather|Sandstorm|[from] ability: Sand Stream|[of] p1b: Tyranitar\n|turn|13\n|\n|t:|1697008384\n|detailschange|p1b: Tyranitar|Tyranitar-Mega, M\n|-mega|p1b: Tyranitar|Tyranitar|Tyranitarite\n|move|p2b: Kingambit|Sucker Punch|p1a: Ogerpon\n|-damage|p1a: Ogerpon|15\/100\n|move|p1a: Ogerpon|Ivy Cudgel|p2a: Rillaboom\n|-supereffective|p2a: Rillaboom\n|-damage|p2a: Rillaboom|0 fnt\n|faint|p2a: Rillaboom\n|move|p1b: Tyranitar|Knock Off|p2b: Kingambit\n|-resisted|p2b: Kingambit\n|-damage|p2b: Kingambit|79\/100\n|-enditem|p2b: Kingambit|Black Glasses|[from] move: Knock Off|[of] p1b: Tyranitar\n|\n|-weather|Sandstorm|[upkeep]\n|-damage|p1a: Ogerpon|9\/100|[from] Sandstorm\n|-heal|p1a: Ogerpon|15\/100|[from] Grassy Terrain\n|-heal|p2b: Kingambit|85\/100|[from] Grassy Terrain\n|upkeep\n|turn|14\n|c|\u2606astro nation shoe|does your ttar have lowkick\n|c|\u2606astro nation shoe|?\n|c|\u2606astro nation shoe|if so gg\n|inactive|YoBuddyTheBaker has 90 seconds left.\n|\n|t:|1697008419\n|move|p1a: Ogerpon|Spiky Shield|p1a: Ogerpon\n|-singleturn|p1a: Ogerpon|move: Protect\n|move|p2b: Kingambit|Sucker Punch||[still]\n|-fail|p2b: Kingambit\n|move|p1b: Tyranitar|Stone Edge|p2b: Kingambit\n|-resisted|p2b: Kingambit\n|-damage|p2b: Kingambit|62\/100\n|\n|-weather|Sandstorm|[upkeep]\n|-damage|p1a: Ogerpon|9\/100|[from] Sandstorm\n|-heal|p1a: Ogerpon|15\/100|[from] Grassy Terrain\n|-heal|p2b: Kingambit|68\/100|[from] Grassy Terrain\n|-fieldend|move: Grassy Terrain\n|upkeep\n|turn|15\n|\n|t:|1697008442\n|move|p1a: Ogerpon|Taunt|p2b: Kingambit\n|-start|p2b: Kingambit|move: Taunt\n|move|p1b: Tyranitar|Stone Edge|p2b: Kingambit\n|-resisted|p2b: Kingambit\n|-damage|p2b: Kingambit|46\/100\n|move|p2b: Kingambit|Knock Off|p1a: Ogerpon\n|-damage|p1a: Ogerpon|0 fnt\n|faint|p1a: Ogerpon\n|\n|-weather|Sandstorm|[upkeep]\n|upkeep\n|turn|16\n|\n|t:|1697008451\n|move|p1b: Tyranitar|Stone Edge|p2b: Kingambit\n|-resisted|p2b: Kingambit\n|-damage|p2b: Kingambit|25\/100\n|move|p2b: Kingambit|Knock Off|p1b: Tyranitar\n|-resisted|p1b: Tyranitar\n|-damage|p1b: Tyranitar|90\/100\n|\n|-weather|Sandstorm|[upkeep]\n|upkeep\n|turn|17\n|c|\u2606astro nation shoe|gg\n|\n|t:|1697008461\n|move|p1b: Tyranitar|Stone Edge|p2b: Kingambit|[miss]\n|-miss|p1b: Tyranitar|p2b: Kingambit\n|move|p2b: Kingambit|Knock Off|p1b: Tyranitar\n|-resisted|p1b: Tyranitar\n|-damage|p1b: Tyranitar|79\/100\n|\n|-weather|none\n|-end|p2b: Kingambit|move: Taunt\n|upkeep\n|turn|18\n|c|\u2606astro nation shoe|should have gone for\n|c|\u2606astro nation shoe|gglide chip\n|\n|t:|1697008475\n|move|p2b: Kingambit|Protect|p2b: Kingambit\n|-singleturn|p2b: Kingambit|Protect\n|move|p1b: Tyranitar|Stone Edge|p2b: Kingambit\n|-activate|p2b: Kingambit|move: Protect\n|\n|upkeep\n|turn|19\n|\n|t:|1697008479\n|move|p1b: Tyranitar|Stone Edge|p2b: Kingambit\n|-resisted|p2b: Kingambit\n|-damage|p2b: Kingambit|2\/100\n|move|p2b: Kingambit|Swords Dance|p2b: Kingambit\n|-boost|p2b: Kingambit|atk|2\n|\n|upkeep\n|turn|20\n|\n|t:|1697008486\n|move|p2b: Kingambit|Sucker Punch|p1b: Tyranitar\n|-resisted|p1b: Tyranitar\n|-damage|p1b: Tyranitar|52\/100\n|move|p1b: Tyranitar|Knock Off|p2b: Kingambit\n|-resisted|p2b: Kingambit\n|-damage|p2b: Kingambit|0 fnt\n|faint|p2b: Kingambit\n|\n|win|YoBuddyTheBaker\n|n|\u2606YoBuddyTheBaker|yobuddythebaker\n|n|\u2606astro nation shoe|astronationshoe\n|n| Slash Death|slashdeath\n|n| cornpopbad|cornpopbad\n|c|\u2606YoBuddyTheBaker|gg\n|c|\u2606astro nation shoe|gg\n|l| Slash Death\n|l|\u2606YoBuddyTheBaker\n|c|\u2606astro nation shoe|close\n","uploadtime":1697008498,"views":19,"p1id":"yobuddythebaker","p2id":"astronationshoe","formatid":"gen9nationaldexdoubles","rating":0,"private":0,"password":""}