{"id":"gen9nationaldexdoubles-1972364924","p1":"BrunoZiggy","p2":"Prankbox454","format":"[Gen 9] National Dex Doubles","log":"|j|\u2606BrunoZiggy\n|j|\u2606Prankbox454\n|t:|1697835206\n|gametype|doubles\n|player|p1|BrunoZiggy|hugh|1038\n|player|p2|Prankbox454|burgh|1053\n|teamsize|p1|6\n|teamsize|p2|6\n|gen|9\n|tier|[Gen 9] National Dex Doubles\n|rated|\n|rule|HP Percentage Mod: HP is shown in percentages\n|rule|Endless Battle Clause: Forcing endless battles is banned\n|rule|OHKO Clause: OHKO moves are banned\n|rule|Evasion Moves Clause: Evasion moves are banned\n|rule|Evasion Abilities Clause: Evasion abilities are banned\n|rule|Species Clause: Limit one of each Pok\u00e9mon\n|rule|Gravity Sleep Clause: The combination of sleep-inducing moves with imperfect accuracy and Gravity or Gigantamax Orbeetle are banned\n|clearpoke\n|poke|p1|Snorlax, M|\n|poke|p1|Glimmora, M|\n|poke|p1|Iron Hands|\n|poke|p1|Ninetales-Alola, F|\n|poke|p1|Serperior, F|\n|poke|p1|Great Tusk|\n|poke|p2|Staraptor, M|\n|poke|p2|Ursaluna, M|\n|poke|p2|Pidgeot, F|\n|poke|p2|Silvally-*|\n|poke|p2|Obstagoon, F|\n|poke|p2|Zoroark-Hisui, M|\n|teampreview\n|\n|t:|1697835276\n|start\n|switch|p1a: Glimmora|Glimmora, M|100\/100\n|switch|p1b: Serperior|Serperior, F|100\/100\n|switch|p2a: Pidgeot|Pidgeot, F|100\/100\n|switch|p2b: SeuUrsoBebeCerveja|Ursaluna, M|100\/100\n|turn|1\n|inactive|Battle timer is ON: inactive players will automatically lose when time's up. (requested by BrunoZiggy)\n|\n|t:|1697835292\n|detailschange|p2a: Pidgeot|Pidgeot-Mega, F\n|-mega|p2a: Pidgeot|Pidgeot|Pidgeotite\n|move|p2b: SeuUrsoBebeCerveja|Protect|p2b: SeuUrsoBebeCerveja\n|-singleturn|p2b: SeuUrsoBebeCerveja|Protect\n|move|p2a: Pidgeot|Tailwind|p2a: Pidgeot\n|-sidestart|p2: Prankbox454|move: Tailwind\n|move|p1a: Glimmora|Stealth Rock|p2a: Pidgeot\n|-sidestart|p2: Prankbox454|move: Stealth Rock\n|move|p1b: Serperior|Dragon Tail|p2b: SeuUrsoBebeCerveja\n|-activate|p2b: SeuUrsoBebeCerveja|move: Protect\n|\n|-status|p2b: SeuUrsoBebeCerveja|brn|[from] item: Flame Orb\n|upkeep\n|turn|2\n|\n|t:|1697835306\n|move|p2a: Pidgeot|Hurricane|p1b: Serperior\n|-supereffective|p1b: Serperior\n|-enditem|p1b: Serperior|Focus Sash\n|-damage|p1b: Serperior|1\/100\n|-start|p1b: Serperior|confusion\n|move|p2b: SeuUrsoBebeCerveja|Earthquake|p1b: Serperior|[spread] p1a,p1b\n|-immune|p2a: Pidgeot\n|-supereffective|p1a: Glimmora\n|-resisted|p1b: Serperior\n|-enditem|p1a: Glimmora|Focus Sash\n|-damage|p1a: Glimmora|1\/100\n|-damage|p1b: Serperior|0 fnt\n|-activate|p1a: Glimmora|ability: Toxic Debris\n|-sidestart|p2: Prankbox454|move: Toxic Spikes\n|faint|p1b: Serperior\n|move|p1a: Glimmora|Spikes|p2b: SeuUrsoBebeCerveja\n|-sidestart|p2: Prankbox454|Spikes\n|\n|-damage|p2b: SeuUrsoBebeCerveja|94\/100 brn|[from] brn\n|upkeep\n|\n|t:|1697835324\n|switch|p1b: Snorlax|Snorlax, M|100\/100\n|turn|3\n|inactive|BrunoZiggy has 120 seconds left.\n|\n|t:|1697835360\n|move|p1b: Snorlax|Protect|p1b: Snorlax\n|-singleturn|p1b: Snorlax|Protect\n|move|p2a: Pidgeot|Heat Wave|p1b: Snorlax|[spread] p1a\n|-activate|p1b: Snorlax|move: Protect\n|-resisted|p1a: Glimmora\n|-damage|p1a: Glimmora|0 fnt\n|faint|p1a: Glimmora\n|move|p2b: SeuUrsoBebeCerveja|Facade|p1b: Snorlax\n|-activate|p1b: Snorlax|move: Protect\n|\n|-damage|p2b: SeuUrsoBebeCerveja|88\/100 brn|[from] brn\n|upkeep\n|\n|t:|1697835382\n|switch|p1a: Great Tusk|Great Tusk|100\/100\n|-enditem|p1a: Great Tusk|Booster Energy\n|-activate|p1a: Great Tusk|ability: Protosynthesis|[fromitem]\n|-start|p1a: Great Tusk|protosynthesisspe\n|turn|4\n|inactive|BrunoZiggy has 120 seconds left.\n|inactive|Prankbox454 has 120 seconds left.\n|\n|t:|1697835416\n|move|p2a: Pidgeot|Hurricane|p1a: Great Tusk\n|-supereffective|p1a: Great Tusk\n|-damage|p1a: Great Tusk|0 fnt\n|faint|p1a: Great Tusk\n|-end|p1a: Great Tusk|Protosynthesis|[silent]\n|move|p2b: SeuUrsoBebeCerveja|Earthquake|p1b: Snorlax|[spread] p1b\n|-immune|p2a: Pidgeot\n|-damage|p1b: Snorlax|53\/100\n|-enditem|p1b: Snorlax|Red Card|[of] p2b: SeuUrsoBebeCerveja\n|drag|p2b: Staraptor|Staraptor, M|100\/100\n|-damage|p2b: Staraptor|76\/100|[from] Stealth Rock\n|-ability|p2b: Staraptor|Intimidate|boost\n|-unboost|p1b: Snorlax|atk|1\n|move|p1b: Snorlax|Yawn|p2a: Pidgeot\n|-start|p2a: Pidgeot|move: Yawn|[of] p1b: Snorlax\n|\n|-sideend|p2: Prankbox454|move: Tailwind\n|upkeep\n|inactive|BrunoZiggy has 90 seconds left.\n|\n|t:|1697835438\n|switch|p1a: Ninetales|Ninetales-Alola, F|100\/100\n|-weather|Snow|[from] ability: Snow Warning|[of] p1a: Ninetales\n|turn|5\n|inactive|Prankbox454 has 120 seconds left.\n|\n|t:|1697835484\n|switch|p2b: Silvally|Silvally|100\/100\n|-damage|p2b: Silvally|88\/100|[from] Stealth Rock\n|-status|p2b: Silvally|psn\n|-damage|p2b: Silvally|76\/100 psn|[from] Spikes\n|move|p2a: Pidgeot|Tailwind|p2a: Pidgeot\n|-sidestart|p2: Prankbox454|move: Tailwind\n|move|p1a: Ninetales|Aurora Veil|p1a: Ninetales\n|-sidestart|p1: BrunoZiggy|move: Aurora Veil\n|move|p1b: Snorlax|Encore||[still]\n|-fail|p1b: Snorlax\n|\n|-weather|Snow|[upkeep]\n|-damage|p2b: Silvally|63\/100 psn|[from] psn\n|-end|p2a: Pidgeot|move: Yawn|[silent]\n|-status|p2a: Pidgeot|slp\n|upkeep\n|turn|6\n|inactive|Prankbox454 has 120 seconds left.\n|\n|t:|1697835516\n|switch|p2a: Obstagoon|Obstagoon, F|100\/100\n|-damage|p2a: Obstagoon|88\/100|[from] Stealth Rock\n|-status|p2a: Obstagoon|psn\n|-damage|p2a: Obstagoon|76\/100 psn|[from] Spikes\n|-terastallize|p2b: Silvally|Normal\n|move|p1b: Snorlax|Protect|p1b: Snorlax\n|-singleturn|p1b: Snorlax|Protect\n|move|p2b: Silvally|Explosion|p1b: Snorlax|[spread] p1a\n|-activate|p1b: Snorlax|move: Protect\n|-immune|p2a: Obstagoon\n|-enditem|p2b: Silvally|Normal Gem|[from] gem\n|-damage|p1a: Ninetales|0 fnt\n|faint|p2b: Silvally\n|faint|p1a: Ninetales\n|\n|-weather|Snow|[upkeep]\n|-damage|p2a: Obstagoon|63\/100 psn|[from] psn\n|upkeep\n|inactive|Prankbox454 has 120 seconds left.\n|\n|t:|1697835539\n|switch|p1a: Iron Hands|Iron Hands|100\/100\n|switch|p2b: SeuUrsoBebeCerveja|Ursaluna, M|88\/100 brn\n|-damage|p2b: SeuUrsoBebeCerveja|82\/100 brn|[from] Stealth Rock\n|-damage|p2b: SeuUrsoBebeCerveja|70\/100 brn|[from] Spikes\n|turn|7\n|inactive|BrunoZiggy has 120 seconds left.\n|inactive|Prankbox454 has 120 seconds left.\n|\n|t:|1697835574\n|move|p2b: SeuUrsoBebeCerveja|Protect|p2b: SeuUrsoBebeCerveja\n|-singleturn|p2b: SeuUrsoBebeCerveja|Protect\n|move|p1a: Iron Hands|Fake Out|p2a: Obstagoon\n|-immune|p2a: Obstagoon\n|move|p2a: Obstagoon|Psychic|p1a: Iron Hands\n|-supereffective|p1a: Iron Hands\n|-damage|p1a: Iron Hands|62\/100\n|-damage|p2a: Obstagoon|53\/100 psn|[from] item: Life Orb\n|move|p1b: Snorlax|Encore|p2b: SeuUrsoBebeCerveja\n|-activate|p2b: SeuUrsoBebeCerveja|move: Protect\n|\n|-weather|Snow|[upkeep]\n|-damage|p2a: Obstagoon|41\/100 psn|[from] psn\n|-damage|p2b: SeuUrsoBebeCerveja|64\/100 brn|[from] brn\n|upkeep\n|turn|8\n|c|\u2606Prankbox454|gottem\n|inactive|BrunoZiggy has 120 seconds left.\n|inactive|Prankbox454 has 90 seconds left.\n|\n|t:|1697835613\n|move|p2a: Obstagoon|Psychic|p1a: Iron Hands\n|-supereffective|p1a: Iron Hands\n|-damage|p1a: Iron Hands|25\/100\n|-damage|p2a: Obstagoon|31\/100 psn|[from] item: Life Orb\n|move|p2b: SeuUrsoBebeCerveja|Earthquake|p1b: Snorlax|[spread] p2a,p1a,p1b\n|-supereffective|p1a: Iron Hands\n|-damage|p2a: Obstagoon|0 fnt\n|-damage|p1a: Iron Hands|0 fnt\n|-damage|p1b: Snorlax|19\/100\n|replace|p2a: Zoroark|Zoroark-Hisui, M\n|-end|p2a: Zoroark|Illusion\n|faint|p2a: Zoroark\n|faint|p1a: Iron Hands\n|-end|p1a: Iron Hands|Quark Drive|[silent]\n|move|p1b: Snorlax|Yawn||[still]\n|-fail|p1b: Snorlax\n|\n|-weather|Snow|[upkeep]\n|-damage|p2b: SeuUrsoBebeCerveja|58\/100 brn|[from] brn\n|-sideend|p2: Prankbox454|move: Tailwind\n|upkeep\n|\n|t:|1697835632\n|switch|p2a: Obstagoon|Obstagoon, F|100\/100\n|-damage|p2a: Obstagoon|88\/100|[from] Stealth Rock\n|-status|p2a: Obstagoon|psn\n|-damage|p2a: Obstagoon|76\/100 psn|[from] Spikes\n|turn|9\n|inactive|Prankbox454 has 90 seconds left.\n|inactive|BrunoZiggy has 120 seconds left.\n|\n|t:|1697835655\n|move|p1b: Snorlax|Protect|p1b: Snorlax\n|-singleturn|p1b: Snorlax|Protect\n|move|p2a: Obstagoon|Knock Off|p1b: Snorlax\n|-activate|p1b: Snorlax|move: Protect\n|move|p2b: SeuUrsoBebeCerveja|Facade|p1b: Snorlax\n|-activate|p1b: Snorlax|move: Protect\n|\n|-weather|none\n|-damage|p2a: Obstagoon|64\/100 psn|[from] psn\n|-damage|p2b: SeuUrsoBebeCerveja|51\/100 brn|[from] brn\n|upkeep\n|turn|10\n|\n|t:|1697835679\n|move|p2a: Obstagoon|Taunt|p1b: Snorlax\n|-start|p1b: Snorlax|move: Taunt\n|move|p2b: SeuUrsoBebeCerveja|Facade|p1b: Snorlax\n|-damage|p1b: Snorlax|0 fnt\n|faint|p1b: Snorlax\n|\n|win|Prankbox454\n|raw|BrunoZiggy's rating: 1038 &rarr; <strong>1023<\/strong><br \/>(-15 for losing)\n|raw|Prankbox454's rating: 1053 &rarr; <strong>1084<\/strong><br \/>(+31 for winning)\n","uploadtime":1697835687,"views":12,"p1id":"brunoziggy","p2id":"prankbox454","formatid":"gen9nationaldexdoubles","rating":1023,"private":0,"password":""}