{"id":"gen9nationaldexdoubles-1960695929","p1":"caeden0330","p2":"seta0052","format":"[Gen 9] National Dex Doubles","log":"|j|\u2606caeden0330\n|j|\u2606seta0052\n|t:|1696546951\n|gametype|doubles\n|player|p1|caeden0330|n|\n|player|p2|seta0052|pokemaniac|\n|teamsize|p1|6\n|teamsize|p2|6\n|gen|9\n|tier|[Gen 9] National Dex Doubles\n|rule|HP Percentage Mod: HP is shown in percentages\n|rule|Endless Battle Clause: Forcing endless battles is banned\n|rule|OHKO Clause: OHKO moves are banned\n|rule|Evasion Moves Clause: Evasion moves are banned\n|rule|Evasion Abilities Clause: Evasion abilities are banned\n|rule|Species Clause: Limit one of each Pok\u00e9mon\n|rule|Gravity Sleep Clause: The combination of sleep-inducing moves with imperfect accuracy and Gravity or Gigantamax Orbeetle are banned\n|clearpoke\n|poke|p1|Charizard, M|\n|poke|p1|Whimsicott, M|\n|poke|p1|Zapdos|\n|poke|p1|Great Tusk|\n|poke|p1|Volcanion|\n|poke|p1|Kingambit, M|\n|poke|p2|Salamence, F|\n|poke|p2|Rillaboom, F|\n|poke|p2|Volcanion|\n|poke|p2|Flutter Mane|\n|poke|p2|Chien-Pao|\n|poke|p2|Ogerpon-Cornerstone, F|\n|teampreview\n|j| cr46290\n|\n|t:|1696547046\n|start\n|switch|p1a: Nuparu|Great Tusk|100\/100\n|switch|p1b: Voriki|Zapdos|100\/100\n|switch|p2a: Rillaboom|Rillaboom, F|100\/100\n|switch|p2b: Ogerpon|Ogerpon-Cornerstone, F|100\/100\n|-fieldstart|move: Grassy Terrain|[from] ability: Grassy Surge|[of] p2a: Rillaboom\n|turn|1\n|\n|t:|1696547104\n|-terastallize|p1a: Nuparu|Steel\n|move|p2b: Ogerpon|Ivy Cudgel|p1b: Voriki\n|-supereffective|p1b: Voriki\n|-damage|p1b: Voriki|0 fnt\n|faint|p1b: Voriki\n|move|p1a: Nuparu|Ice Spinner|p2b: Ogerpon\n|-supereffective|p2b: Ogerpon\n|-damage|p2b: Ogerpon|26\/100\n|-fieldend|move: Grassy Terrain\n|move|p2a: Rillaboom|Wood Hammer|p1a: Nuparu\n|-resisted|p1a: Nuparu\n|-damage|p1a: Nuparu|78\/100\n|-damage|p2a: Rillaboom|93\/100|[from] Recoil\n|\n|upkeep\n|\n|t:|1696547118\n|switch|p1b: Tahu|Charizard, M|100\/100\n|turn|2\n|\n|t:|1696547158\n|switch|p2b: Volcanion|Volcanion|100\/100\n|switch|p2a: Salamence|Salamence, F|100\/100\n|-ability|p2a: Salamence|Intimidate|boost\n|-unboost|p1a: Nuparu|atk|1\n|-unboost|p1b: Tahu|atk|1\n|detailschange|p1b: Tahu|Charizard-Mega-Y, M\n|-mega|p1b: Tahu|Charizard|Charizardite Y\n|-weather|SunnyDay|[from] ability: Drought|[of] p1b: Tahu\n|-activate|p1a: Nuparu|ability: Protosynthesis\n|-start|p1a: Nuparu|protosynthesisspe\n|move|p1b: Tahu|Protect|p1b: Tahu\n|-singleturn|p1b: Tahu|Protect\n|move|p1a: Nuparu|Ice Spinner|p2a: Salamence\n|-supereffective|p2a: Salamence\n|-damage|p2a: Salamence|24\/100\n|\n|-weather|SunnyDay|[upkeep]\n|upkeep\n|turn|3\n|\n|t:|1696547205\n|move|p2a: Salamence|Protect|p2a: Salamence\n|-singleturn|p2a: Salamence|Protect\n|move|p1a: Nuparu|Ice Spinner|p2a: Salamence\n|-activate|p2a: Salamence|move: Protect\n|move|p1b: Tahu|Solar Beam||[still]\n|-prepare|p1b: Tahu|Solar Beam\n|-anim|p1b: Tahu|Solar Beam|p2b: Volcanion\n|-damage|p2b: Volcanion|72\/100\n|move|p2b: Volcanion|Heat Wave|p1b: Tahu|[spread] p1a\n|-miss|p2b: Volcanion|p1b: Tahu\n|-supereffective|p1a: Nuparu\n|-damage|p1a: Nuparu|0 fnt\n|faint|p1a: Nuparu\n|-end|p1a: Nuparu|Protosynthesis|[silent]\n|\n|-weather|SunnyDay|[upkeep]\n|upkeep\n|\n|t:|1696547228\n|switch|p1a: Hydraxon|Volcanion|100\/100\n|turn|4\n|\n|t:|1696547252\n|detailschange|p2a: Salamence|Salamence-Mega, F\n|-mega|p2a: Salamence|Salamence|Salamencite\n|move|p2a: Salamence|Frustration|p1a: Hydraxon\n|-damage|p1a: Hydraxon|53\/100\n|move|p1b: Tahu|Hidden Power|p2a: Salamence\n|-supereffective|p2a: Salamence\n|-damage|p2a: Salamence|0 fnt\n|faint|p2a: Salamence\n|move|p2b: Volcanion|Earth Power|p1a: Hydraxon\n|-supereffective|p1a: Hydraxon\n|-damage|p1a: Hydraxon|4\/100\n|move|p1a: Hydraxon|Earth Power|p2b: Volcanion\n|-supereffective|p2b: Volcanion\n|-damage|p2b: Volcanion|28\/100\n|-unboost|p2b: Volcanion|spd|1\n|\n|-weather|SunnyDay|[upkeep]\n|upkeep\n|\n|t:|1696547275\n|switch|p2a: Ogerpon|Ogerpon-Cornerstone, F|26\/100\n|turn|5\n|\n|t:|1696547299\n|move|p1b: Tahu|Protect|p1b: Tahu\n|-singleturn|p1b: Tahu|Protect\n|move|p2a: Ogerpon|Ivy Cudgel|p1b: Tahu\n|-activate|p1b: Tahu|move: Protect\n|move|p2b: Volcanion|Heat Wave|p1b: Tahu|[spread] p1a\n|-activate|p1b: Tahu|move: Protect\n|-resisted|p1a: Hydraxon\n|-damage|p1a: Hydraxon|0 fnt\n|faint|p1a: Hydraxon\n|\n|-weather|SunnyDay|[upkeep]\n|upkeep\n|\n|t:|1696547323\n|switch|p1a: Lewa|Whimsicott, M|100\/100\n|turn|6\n|\n|t:|1696547371\n|move|p1a: Lewa|Tailwind|p1a: Lewa\n|-sidestart|p1: caeden0330|move: Tailwind\n|move|p1b: Tahu|Hidden Power|p2a: Ogerpon\n|-supereffective|p2a: Ogerpon\n|-damage|p2a: Ogerpon|0 fnt\n|faint|p2a: Ogerpon\n|move|p2b: Volcanion|Steam Eruption|p1b: Tahu\n|-supereffective|p1b: Tahu\n|-damage|p1b: Tahu|49\/100\n|\n|-weather|none\n|upkeep\n|\n|t:|1696547387\n|switch|p2a: Chien-Pao|Chien-Pao|100\/100\n|-ability|p2a: Chien-Pao|Sword of Ruin\n|turn|7\n|\n|t:|1696547448\n|move|p2a: Chien-Pao|Sucker Punch|p1b: Tahu\n|-damage|p1b: Tahu|0 fnt\n|faint|p1b: Tahu\n|move|p1a: Lewa|Moonblast|p2b: Volcanion\n|-resisted|p2b: Volcanion\n|-damage|p2b: Volcanion|16\/100\n|move|p2b: Volcanion|Heat Wave|p1a: Lewa\n|-supereffective|p1a: Lewa\n|-damage|p1a: Lewa|0 fnt\n|faint|p1a: Lewa\n|\n|upkeep\n|\n|t:|1696547459\n|switch|p1b: Teridax|Kingambit, M|100\/100\n|turn|8\n|\n|t:|1696547481\n|move|p1b: Teridax|Sucker Punch|p2b: Volcanion\n|-damage|p2b: Volcanion|0 fnt\n|faint|p2b: Volcanion\n|move|p2a: Chien-Pao|Sacred Sword|p1b: Teridax\n|-supereffective|p1b: Teridax\n|-damage|p1b: Teridax|0 fnt\n|faint|p1b: Teridax\n|\n|win|seta0052\n","uploadtime":1696547525,"views":33,"p1id":"caeden0330","p2id":"seta0052","formatid":"gen9nationaldexdoubles","rating":0,"private":0,"password":""}