{"id":"gen9nationaldexdoubles-1985812761","p1":"Octchanlyph279","p2":"Ch4mpionDiantha","format":"[Gen 9] National Dex Doubles","log":"|j|\u2606Octchanlyph279\n|j|\u2606Ch4mpionDiantha\n|t:|1699408853\n|gametype|doubles\n|player|p1|Octchanlyph279|crasherwake|1000\n|player|p2|Ch4mpionDiantha|diantha-masters2|1087\n|teamsize|p1|6\n|teamsize|p2|6\n|gen|9\n|tier|[Gen 9] National Dex Doubles\n|rated|\n|rule|HP Percentage Mod: HP is shown in percentages\n|rule|Endless Battle Clause: Forcing endless battles is banned\n|rule|OHKO Clause: OHKO moves are banned\n|rule|Evasion Moves Clause: Evasion moves are banned\n|rule|Evasion Abilities Clause: Evasion abilities are banned\n|rule|Species Clause: Limit one of each Pok\u00e9mon\n|rule|Gravity Sleep Clause: The combination of sleep-inducing moves with imperfect accuracy and Gravity or Gigantamax Orbeetle are banned\n|clearpoke\n|poke|p1|Octillery, M|\n|poke|p1|Grapploct, F|\n|poke|p1|Amoonguss, M|\n|poke|p1|Chandelure, F|\n|poke|p1|Sigilyph, M|\n|poke|p1|Excadrill, M|\n|poke|p2|Hawlucha, F|\n|poke|p2|Tyrantrum, M|\n|poke|p2|Aurorus, F|\n|poke|p2|Gourgeist-*, F|\n|poke|p2|Goodra, M|\n|poke|p2|Gardevoir, F|\n|teampreview\n|\n|t:|1699408864\n|start\n|switch|p1a: Sigilyph|Sigilyph, M|100\/100\n|switch|p1b: Octillery|Octillery, M|100\/100\n|switch|p2a: Hawlucha|Hawlucha, F|100\/100\n|switch|p2b: Tyrantrum|Tyrantrum, M|100\/100\n|turn|1\n|\n|t:|1699408889\n|move|p2a: Hawlucha|Tailwind|p2a: Hawlucha\n|-sidestart|p2: Ch4mpionDiantha|move: Tailwind\n|move|p2b: Tyrantrum|Rock Slide|p1b: Octillery|[spread] p1b\n|-miss|p2b: Tyrantrum|p1a: Sigilyph\n|-damage|p1b: Octillery|60\/100\n|cant|p1b: Octillery|flinch\n|move|p1a: Sigilyph|Trick Room|p1a: Sigilyph\n|-fieldstart|move: Trick Room|[of] p1a: Sigilyph\n|\n|upkeep\n|turn|2\n|\n|t:|1699408915\n|switch|p2b: Goodra|Goodra, M|100\/100\n|switch|p2a: Gardevoir|Gardevoir, F|100\/100\n|-ability|p2a: Gardevoir|Wonder Skin|[from] ability: Trace|[of] p1a: Sigilyph\n|move|p1b: Octillery|Scald|p2a: Gardevoir\n|-damage|p2a: Gardevoir|54\/100\n|move|p1a: Sigilyph|Dazzling Gleam|p2b: Goodra|[spread] p2a,p2b\n|-supereffective|p2b: Goodra\n|-damage|p2a: Gardevoir|36\/100\n|-damage|p2b: Goodra|82\/100\n|\n|-heal|p2b: Goodra|88\/100|[from] item: Leftovers\n|upkeep\n|turn|3\n|\n|t:|1699408941\n|switch|p1b: Grapploct|Grapploct, F|100\/100\n|-terastallize|p1a: Sigilyph|Psychic\n|move|p2a: Gardevoir|Protect|p2a: Gardevoir\n|-singleturn|p2a: Gardevoir|Protect\n|move|p1a: Sigilyph|Psychic|p2b: Goodra\n|-damage|p2b: Goodra|64\/100\n|move|p2b: Goodra|Life Dew|p2b: Goodra|[spread] p2a,p2b\n|-heal|p2a: Gardevoir|60\/100\n|-heal|p2b: Goodra|89\/100\n|\n|-heal|p2b: Goodra|95\/100|[from] item: Leftovers\n|upkeep\n|turn|4\n|\n|t:|1699408967\n|detailschange|p2a: Gardevoir|Gardevoir-Mega, F\n|-mega|p2a: Gardevoir|Gardevoir|Gardevoirite\n|move|p1b: Grapploct|Ice Punch|p2b: Goodra\n|-supereffective|p2b: Goodra\n|-damage|p2b: Goodra|24\/100\n|move|p1a: Sigilyph|Dazzling Gleam|p2a: Gardevoir|[spread] p2a,p2b\n|-supereffective|p2b: Goodra\n|-damage|p2a: Gardevoir|44\/100\n|-damage|p2b: Goodra|7\/100\n|move|p2b: Goodra|Breaking Swipe|p1b: Grapploct|[spread] p1a,p1b\n|-damage|p1a: Sigilyph|78\/100\n|-damage|p1b: Grapploct|85\/100\n|-unboost|p1a: Sigilyph|atk|1\n|-unboost|p1b: Grapploct|atk|1\n|move|p2a: Gardevoir|Hyper Voice|p1b: Grapploct|[spread] p1a,p1b\n|-supereffective|p1b: Grapploct\n|-damage|p1a: Sigilyph|2\/100\n|-damage|p1b: Grapploct|0 fnt\n|faint|p1b: Grapploct\n|\n|-heal|p2b: Goodra|13\/100|[from] item: Leftovers\n|-sideend|p2: Ch4mpionDiantha|move: Tailwind\n|upkeep\n|\n|t:|1699408986\n|switch|p1b: Amoonguss|Amoonguss, M|100\/100\n|turn|5\n|\n|t:|1699409014\n|move|p2a: Gardevoir|Protect|p2a: Gardevoir\n|-singleturn|p2a: Gardevoir|Protect\n|move|p1b: Amoonguss|Spore|p2a: Gardevoir\n|-activate|p2a: Gardevoir|move: Protect\n|move|p2b: Goodra|Life Dew|p2b: Goodra|[spread] p2a,p2b\n|-heal|p2a: Gardevoir|69\/100\n|-heal|p2b: Goodra|38\/100\n|move|p1a: Sigilyph|Dazzling Gleam|p2b: Goodra|[spread] p2b\n|-activate|p2a: Gardevoir|move: Protect\n|-supereffective|p2b: Goodra\n|-damage|p2b: Goodra|20\/100\n|\n|-heal|p2b: Goodra|26\/100|[from] item: Leftovers\n|-fieldend|move: Trick Room\n|upkeep\n|turn|6\n|\n|t:|1699409054\n|switch|p2b: Aurorus|Aurorus, F|100\/100\n|move|p2a: Gardevoir|Hyper Voice|p1b: Amoonguss|[spread] p1a,p1b\n|-resisted|p1b: Amoonguss\n|-damage|p1a: Sigilyph|0 fnt\n|-damage|p1b: Amoonguss|79\/100\n|faint|p1a: Sigilyph\n|move|p1b: Amoonguss|Pollen Puff|p1: Sigilyph|[notarget]\n|-fail|p1b: Amoonguss\n|\n|-heal|p1b: Amoonguss|85\/100|[from] item: Black Sludge\n|upkeep\n|\n|t:|1699409066\n|switch|p1a: Octillery|Octillery, M|60\/100\n|turn|7\n|\n|t:|1699409078\n|switch|p2b: Goodra|Goodra, M|26\/100\n|move|p2a: Gardevoir|Destiny Bond|p2a: Gardevoir\n|-singlemove|p2a: Gardevoir|Destiny Bond\n|move|p1a: Octillery|Scald|p2b: Goodra\n|-resisted|p2b: Goodra\n|-damage|p2b: Goodra|16\/100\n|move|p1b: Amoonguss|Pollen Puff|p1a: Octillery\n|-heal|p1a: Octillery|100\/100\n|\n|-heal|p2b: Goodra|22\/100|[from] item: Leftovers\n|-heal|p1b: Amoonguss|91\/100|[from] item: Black Sludge\n|upkeep\n|turn|8\n|\n|t:|1699409110\n|move|p1b: Amoonguss|Protect|p1b: Amoonguss\n|-singleturn|p1b: Amoonguss|Protect\n|move|p2a: Gardevoir|Hyper Voice|p1b: Amoonguss|[spread] p1a\n|-activate|p1b: Amoonguss|move: Protect\n|-damage|p1a: Octillery|47\/100\n|move|p2b: Goodra|Breaking Swipe|p1a: Octillery|[spread] p1a\n|-activate|p1b: Amoonguss|move: Protect\n|-damage|p1a: Octillery|28\/100\n|-unboost|p1a: Octillery|atk|1\n|move|p1a: Octillery|Ice Beam|p2b: Goodra\n|-supereffective|p2b: Goodra\n|-damage|p2b: Goodra|0 fnt\n|faint|p2b: Goodra\n|\n|-heal|p1b: Amoonguss|97\/100|[from] item: Black Sludge\n|upkeep\n|\n|t:|1699409113\n|switch|p2b: Aurorus|Aurorus, F|100\/100\n|turn|9\n|\n|t:|1699409135\n|-terastallize|p2b: Aurorus|Ice\n|move|p2a: Gardevoir|Hyper Voice|p1b: Amoonguss|[spread] p1a,p1b\n|-resisted|p1b: Amoonguss\n|-damage|p1a: Octillery|0 fnt\n|-damage|p1b: Amoonguss|75\/100\n|faint|p1a: Octillery\n|move|p2b: Aurorus|Hyper Voice|p1b: Amoonguss\n|-supereffective|p1b: Amoonguss\n|-damage|p1b: Amoonguss|0 fnt\n|faint|p1b: Amoonguss\n|\n|upkeep\n|\n|t:|1699409146\n|switch|p1a: Chandelure|Chandelure, F|100\/100\n|switch|p1b: Excadrill|Excadrill, M|100\/100\n|turn|10\n|\n|t:|1699409155\n|switch|p2b: Tyrantrum|Tyrantrum, M|100\/100\n|move|p1a: Chandelure|Protect|p1a: Chandelure\n|-singleturn|p1a: Chandelure|Protect\n|move|p1b: Excadrill|Protect|p1b: Excadrill\n|-singleturn|p1b: Excadrill|Protect\n|move|p2a: Gardevoir|Destiny Bond|p2a: Gardevoir\n|-singlemove|p2a: Gardevoir|Destiny Bond\n|\n|upkeep\n|turn|11\n|\n|t:|1699409199\n|switch|p2a: Hawlucha|Hawlucha, F|100\/100\n|move|p2b: Tyrantrum|Endure|p2b: Tyrantrum\n|-singleturn|p2b: Tyrantrum|move: Endure\n|move|p1a: Chandelure|Shadow Ball|p2a: Hawlucha\n|-damage|p2a: Hawlucha|5\/100\n|-damage|p1a: Chandelure|91\/100|[from] item: Life Orb\n|move|p1b: Excadrill|Earthquake|p2a: Hawlucha|[spread] p1a,p2b\n|-immune|p2a: Hawlucha\n|-supereffective|p1a: Chandelure\n|-supereffective|p2b: Tyrantrum\n|-crit|p2b: Tyrantrum\n|-damage|p1a: Chandelure|0 fnt\n|-activate|p2b: Tyrantrum|move: Endure\n|-damage|p2b: Tyrantrum|1\/100\n|-enditem|p2b: Tyrantrum|Weakness Policy\n|-boost|p2b: Tyrantrum|atk|2|[from] item: Weakness Policy\n|-boost|p2b: Tyrantrum|spa|2|[from] item: Weakness Policy\n|faint|p1a: Chandelure\n|\n|upkeep\n|turn|12\n|\n|t:|1699409228\n|move|p1b: Excadrill|Protect|p1b: Excadrill\n|-singleturn|p1b: Excadrill|Protect\n|move|p2a: Hawlucha|Endeavor|p1b: Excadrill\n|-activate|p1b: Excadrill|move: Protect\n|move|p2b: Tyrantrum|Scale Shot|p1b: Excadrill\n|-activate|p1b: Excadrill|move: Protect\n|\n|upkeep\n|turn|13\n|\n|t:|1699409240\n|move|p2a: Hawlucha|Endeavor|p1b: Excadrill\n|-damage|p1b: Excadrill|4\/100\n|move|p2b: Tyrantrum|Scale Shot|p1b: Excadrill|[miss]\n|-miss|p2b: Tyrantrum|p1b: Excadrill\n|move|p1b: Excadrill|Earthquake|p2a: Hawlucha|[spread] p2b\n|-immune|p2a: Hawlucha\n|-supereffective|p2b: Tyrantrum\n|-damage|p2b: Tyrantrum|0 fnt\n|faint|p2b: Tyrantrum\n|\n|upkeep\n|\n|t:|1699409245\n|switch|p2b: Gardevoir|Gardevoir-Mega, F|69\/100\n|turn|14\n|\n|t:|1699409258\n|move|p1b: Excadrill|Protect|p1b: Excadrill\n|-singleturn|p1b: Excadrill|Protect\n|move|p2a: Hawlucha|Round|p1b: Excadrill\n|-activate|p1b: Excadrill|move: Protect\n|move|p2b: Gardevoir|Round|p1b: Excadrill|[from]move: Round\n|-activate|p1b: Excadrill|move: Protect\n|\n|upkeep\n|turn|15\n|inactive|Battle timer is ON: inactive players will automatically lose when time's up. (requested by Ch4mpionDiantha)\n|c|\u2606Ch4mpionDiantha|stop stalling lol\n|\n|t:|1699409308\n|move|p2a: Hawlucha|Round|p1b: Excadrill\n|-resisted|p1b: Excadrill\n|-damage|p1b: Excadrill|0 fnt\n|faint|p1b: Excadrill\n|\n|win|Ch4mpionDiantha\n|raw|Octchanlyph279's rating: 1000 &rarr; <strong>1000<\/strong><br \/>(+0 for losing)\n|raw|Ch4mpionDiantha's rating: 1087 &rarr; <strong>1107<\/strong><br \/>(+20 for winning)\n","uploadtime":1699409310,"views":5,"p1id":"octchanlyph279","p2id":"ch4mpiondiantha","formatid":"gen9nationaldexdoubles","rating":1000,"private":0,"password":""}