{"id":"gen9nationaldexdoubles-1951283671","p1":"DaBoi511","p2":"fumbari 24","format":"[Gen 9] National Dex Doubles","log":"|j|\u2606DaBoi511\n|j|\u2606fumbari 24\n|t:|1695568289\n|gametype|doubles\n|player|p1|DaBoi511|wallace|1308\n|player|p2|fumbari 24|265|1298\n|teamsize|p1|6\n|teamsize|p2|6\n|gen|9\n|tier|[Gen 9] National Dex Doubles\n|rated|\n|rule|HP Percentage Mod: HP is shown in percentages\n|rule|Endless Battle Clause: Forcing endless battles is banned\n|rule|OHKO Clause: OHKO moves are banned\n|rule|Evasion Moves Clause: Evasion moves are banned\n|rule|Evasion Abilities Clause: Evasion abilities are banned\n|rule|Species Clause: Limit one of each Pok\u00e9mon\n|rule|Gravity Sleep Clause: The combination of sleep-inducing moves with imperfect accuracy and Gravity or Gigantamax Orbeetle are banned\n|clearpoke\n|poke|p1|Tinkaton, F|\n|poke|p1|Medicham, M|\n|poke|p1|Slaking, M|\n|poke|p1|Hoopa-Unbound|\n|poke|p1|Weezing-Galar, M|\n|poke|p1|Cresselia, F|\n|poke|p2|Haxorus, M|\n|poke|p2|Krookodile, M|\n|poke|p2|Druddigon, M|\n|poke|p2|Salamence, M|\n|poke|p2|Aggron, M|\n|poke|p2|Cofagrigus, M|\n|teampreview\n|\n|t:|1695568311\n|start\n|switch|p1a: Tinkaton|Tinkaton, F|100\/100\n|switch|p1b: Medicham|Medicham, M|100\/100\n|switch|p2a: Atraco|Krookodile, M|100\/100\n|switch|p2b: Haxorus|Haxorus, M|100\/100\n|-ability|p2b: Haxorus|Mold Breaker\n|-ability|p1a: Tinkaton|Mold Breaker\n|-item|p1a: Tinkaton|Air Balloon\n|-ability|p2a: Atraco|Intimidate|boost\n|-unboost|p1a: Tinkaton|atk|1\n|-unboost|p1b: Medicham|atk|1\n|turn|1\n|inactive|Battle timer is ON: inactive players will automatically lose when time's up. (requested by fumbari 24)\n|\n|t:|1695568328\n|switch|p2a: Blue Flame|Salamence, M|100\/100\n|-ability|p2a: Blue Flame|Intimidate|boost\n|-unboost|p1a: Tinkaton|atk|1\n|-unboost|p1b: Medicham|atk|1\n|move|p1a: Tinkaton|Fake Out|p2b: Haxorus\n|-damage|p2b: Haxorus|95\/100\n|cant|p2b: Haxorus|flinch\n|move|p1b: Medicham|Skill Swap|p1a: Tinkaton\n|-activate|p1b: Medicham|move: Skill Swap|||[of] p1a: Tinkaton\n|-ability|p1b: Medicham|Mold Breaker\n|\n|upkeep\n|turn|2\n|\n|t:|1695568350\n|switch|p2a: Atraco|Krookodile, M|100\/100\n|-ability|p2a: Atraco|Intimidate|boost\n|-unboost|p1a: Tinkaton|atk|1\n|-unboost|p1b: Medicham|atk|1\n|move|p1b: Medicham|Helping Hand|p1a: Tinkaton\n|-singleturn|p1a: Tinkaton|Helping Hand|[of] p1b: Medicham\n|move|p2b: Haxorus|Dragon Dance|p2b: Haxorus\n|-boost|p2b: Haxorus|atk|1\n|-boost|p2b: Haxorus|spe|1\n|move|p1a: Tinkaton|Play Rough|p2b: Haxorus\n|-supereffective|p2b: Haxorus\n|-damage|p2b: Haxorus|1\/100\n|\n|upkeep\n|turn|3\n|\n|t:|1695568370\n|move|p2b: Haxorus|Iron Head|p1a: Tinkaton\n|-damage|p1a: Tinkaton|49\/100\n|-enditem|p1a: Tinkaton|Air Balloon\n|move|p1a: Tinkaton|Play Rough|p2b: Haxorus\n|-supereffective|p2b: Haxorus\n|-damage|p2b: Haxorus|0 fnt\n|faint|p2b: Haxorus\n|move|p2a: Atraco|Rock Slide|p1a: Tinkaton|[spread] p1a,p1b\n|-resisted|p1a: Tinkaton\n|-crit|p1a: Tinkaton\n|-resisted|p1b: Medicham\n|-damage|p1a: Tinkaton|37\/100\n|-damage|p1b: Medicham|92\/100\n|cant|p1b: Medicham|flinch\n|\n|-heal|p1b: Medicham|98\/100|[from] item: Leftovers\n|upkeep\n|\n|t:|1695568383\n|switch|p2b: Blue Flame|Salamence, M|100\/100\n|-ability|p2b: Blue Flame|Intimidate|boost\n|-unboost|p1a: Tinkaton|atk|1\n|-unboost|p1b: Medicham|atk|1\n|turn|4\n|\n|t:|1695568399\n|move|p2b: Blue Flame|Protect|p2b: Blue Flame\n|-singleturn|p2b: Blue Flame|Protect\n|move|p1a: Tinkaton|Play Rough|p2b: Blue Flame\n|-activate|p2b: Blue Flame|move: Protect\n|move|p2a: Atraco|Stomping Tantrum|p1a: Tinkaton\n|-supereffective|p1a: Tinkaton\n|-damage|p1a: Tinkaton|0 fnt\n|faint|p1a: Tinkaton\n|move|p1b: Medicham|Trick Room|p1b: Medicham\n|-fieldstart|move: Trick Room|[of] p1b: Medicham\n|\n|-heal|p1b: Medicham|100\/100|[from] item: Leftovers\n|upkeep\n|\n|t:|1695568411\n|switch|p1a: Weezing|Weezing-Galar, M|100\/100\n|-ability|p1a: Weezing|Neutralizing Gas\n|turn|5\n|\n|t:|1695568424\n|switch|p1b: Cresselia|Cresselia, F|100\/100\n|switch|p2a: Cofagrigus|Cofagrigus, M|100\/100\n|switch|p2b: Druddigon|Druddigon, M|100\/100\n|move|p1a: Weezing|Will-O-Wisp|p2b: Druddigon\n|-status|p2b: Druddigon|brn\n|\n|-damage|p2b: Druddigon|94\/100 brn|[from] brn\n|upkeep\n|turn|6\n|\n|t:|1695568439\n|move|p2a: Cofagrigus|Will-O-Wisp|p1b: Cresselia\n|-status|p1b: Cresselia|brn\n|move|p2b: Druddigon|Glare|p1a: Weezing\n|-status|p1a: Weezing|par\n|move|p1a: Weezing|Dazzling Gleam|p2b: Druddigon|[spread] p2a,p2b\n|-supereffective|p2b: Druddigon\n|-damage|p2a: Cofagrigus|86\/100\n|-damage|p2b: Druddigon|60\/100 brn\n|move|p1b: Cresselia|Reflect|p1b: Cresselia\n|-sidestart|p1: DaBoi511|Reflect\n|\n|-damage|p2b: Druddigon|53\/100 brn|[from] brn\n|-damage|p1b: Cresselia|94\/100 brn|[from] brn\n|upkeep\n|turn|7\n|\n|t:|1695568453\n|move|p2a: Cofagrigus|Shadow Ball|p1b: Cresselia\n|-supereffective|p1b: Cresselia\n|-damage|p1b: Cresselia|62\/100 brn\n|move|p1a: Weezing|Dazzling Gleam|p2b: Druddigon|[spread] p2a,p2b\n|-supereffective|p2b: Druddigon\n|-damage|p2a: Cofagrigus|70\/100\n|-damage|p2b: Druddigon|19\/100 brn\n|move|p2b: Druddigon|Rock Slide|p1b: Cresselia|[spread] p1a,p1b\n|-damage|p1a: Weezing|96\/100 par\n|-damage|p1b: Cresselia|59\/100 brn\n|move|p1b: Cresselia|Light Screen|p1b: Cresselia\n|-sidestart|p1: DaBoi511|move: Light Screen\n|\n|-heal|p1a: Weezing|100\/100 par|[from] item: Leftovers\n|-damage|p2b: Druddigon|13\/100 brn|[from] brn\n|-damage|p1b: Cresselia|53\/100 brn|[from] brn\n|upkeep\n|turn|8\n|\n|t:|1695568470\n|switch|p1b: Medicham|Medicham, M|100\/100\n|move|p2a: Cofagrigus|Shadow Ball|p1b: Medicham\n|-supereffective|p1b: Medicham\n|-damage|p1b: Medicham|59\/100\n|move|p1a: Weezing|Dazzling Gleam|p2b: Druddigon|[spread] p2a,p2b\n|-supereffective|p2b: Druddigon\n|-damage|p2a: Cofagrigus|53\/100\n|-damage|p2b: Druddigon|0 fnt\n|faint|p2b: Druddigon\n|\n|-heal|p1b: Medicham|65\/100|[from] item: Leftovers\n|-fieldend|move: Trick Room\n|upkeep\n|\n|t:|1695568485\n|switch|p2b: Atraco|Krookodile, M|100\/100\n|turn|9\n|\n|t:|1695568500\n|move|p2b: Atraco|Snatch|p2b: Atraco\n|-singleturn|p2b: Atraco|Snatch\n|move|p1b: Medicham|Fake Out|p2b: Atraco\n|-damage|p2b: Atraco|94\/100\n|move|p1a: Weezing|Will-O-Wisp|p2b: Atraco\n|-status|p2b: Atraco|brn\n|move|p2a: Cofagrigus|Will-O-Wisp|p1b: Medicham\n|-status|p1b: Medicham|brn\n|\n|-heal|p1b: Medicham|71\/100 brn|[from] item: Leftovers\n|-damage|p2b: Atraco|88\/100 brn|[from] brn\n|-damage|p1b: Medicham|65\/100 brn|[from] brn\n|upkeep\n|turn|10\n|\n|t:|1695568521\n|switch|p1b: Slaking|Slaking, M|100\/100\n|move|p2b: Atraco|Snarl|p1a: Weezing|[spread] p1b\n|-miss|p2b: Atraco|p1a: Weezing\n|-damage|p1b: Slaking|95\/100\n|-unboost|p1b: Slaking|spa|1\n|cant|p1a: Weezing|par\n|move|p2a: Cofagrigus|Trick Room|p2a: Cofagrigus\n|-fieldstart|move: Trick Room|[of] p2a: Cofagrigus\n|\n|-heal|p1b: Slaking|100\/100|[from] item: Leftovers\n|-damage|p2b: Atraco|82\/100 brn|[from] brn\n|-sideend|p1: DaBoi511|Reflect\n|upkeep\n|turn|11\n|\n|t:|1695568545\n|move|p2a: Cofagrigus|Will-O-Wisp|p1b: Slaking\n|-status|p1b: Slaking|brn\n|cant|p1a: Weezing|par\n|move|p2b: Atraco|Stomping Tantrum|p1a: Weezing\n|-supereffective|p1a: Weezing\n|-damage|p1a: Weezing|71\/100 par\n|move|p1b: Slaking|Body Slam|p2b: Atraco\n|-damage|p2b: Atraco|54\/100 brn\n|\n|-heal|p1a: Weezing|77\/100 par|[from] item: Leftovers\n|-damage|p2b: Atraco|48\/100 brn|[from] brn\n|-damage|p1b: Slaking|94\/100 brn|[from] brn\n|-sideend|p1: DaBoi511|move: Light Screen\n|upkeep\n|turn|12\n|\n|t:|1695568565\n|move|p2a: Cofagrigus|Pain Split|p1b: Slaking\n|-sethp|p1b: Slaking|63\/100 brn|[from] move: Pain Split|[silent]\n|-sethp|p2a: Cofagrigus|100\/100|[from] move: Pain Split\n|move|p1a: Weezing|Will-O-Wisp|p2a: Cofagrigus\n|-status|p2a: Cofagrigus|brn\n|move|p2b: Atraco|Stomping Tantrum|p1a: Weezing\n|-supereffective|p1a: Weezing\n|-damage|p1a: Weezing|51\/100 par\n|move|p1b: Slaking|Body Slam|p2b: Atraco\n|-damage|p2b: Atraco|24\/100 brn\n|-enditem|p2b: Atraco|Figy Berry|[eat]\n|-heal|p2b: Atraco|57\/100 brn|[from] item: Figy Berry\n|\n|-heal|p1a: Weezing|57\/100 par|[from] item: Leftovers\n|-heal|p1b: Slaking|70\/100 brn|[from] item: Leftovers\n|-damage|p2a: Cofagrigus|94\/100 brn|[from] brn\n|-damage|p2b: Atraco|51\/100 brn|[from] brn\n|-damage|p1b: Slaking|63\/100 brn|[from] brn\n|upkeep\n|turn|13\n|\n|t:|1695568586\n|cant|p1a: Weezing|par\n|move|p2a: Cofagrigus|Shadow Ball|p1a: Weezing\n|-damage|p1a: Weezing|32\/100 par\n|move|p2b: Atraco|Stomping Tantrum|p1a: Weezing\n|-supereffective|p1a: Weezing\n|-damage|p1a: Weezing|5\/100 par\n|move|p1b: Slaking|Slack Off|p1b: Slaking\n|-heal|p1b: Slaking|100\/100 brn\n|\n|-heal|p1a: Weezing|11\/100 par|[from] item: Leftovers\n|-damage|p2a: Cofagrigus|88\/100 brn|[from] brn\n|-damage|p2b: Atraco|45\/100 brn|[from] brn\n|-damage|p1b: Slaking|94\/100 brn|[from] brn\n|upkeep\n|turn|14\n|\n|t:|1695568610\n|move|p1a: Weezing|Protect|p1a: Weezing\n|-singleturn|p1a: Weezing|Protect\n|move|p2a: Cofagrigus|Shadow Ball|p1a: Weezing\n|-activate|p1a: Weezing|move: Protect\n|move|p2b: Atraco|Rock Slide|p1a: Weezing|[spread] p1b\n|-activate|p1a: Weezing|move: Protect\n|-damage|p1b: Slaking|89\/100 brn\n|move|p1b: Slaking|Body Slam|p2b: Atraco\n|-damage|p2b: Atraco|19\/100 brn\n|\n|-heal|p1a: Weezing|17\/100 par|[from] item: Leftovers\n|-heal|p1b: Slaking|95\/100 brn|[from] item: Leftovers\n|-damage|p2a: Cofagrigus|82\/100 brn|[from] brn\n|-damage|p2b: Atraco|13\/100 brn|[from] brn\n|-damage|p1b: Slaking|89\/100 brn|[from] brn\n|-fieldend|move: Trick Room\n|upkeep\n|turn|15\n|\n|t:|1695568631\n|move|p1b: Slaking|Body Slam|p2b: Atraco\n|-damage|p2b: Atraco|0 fnt\n|faint|p2b: Atraco\n|move|p1a: Weezing|Will-O-Wisp|p2a: Cofagrigus|[miss]\n|-miss|p1a: Weezing|p2a: Cofagrigus\n|move|p2a: Cofagrigus|Trick Room|p2a: Cofagrigus\n|-fieldstart|move: Trick Room|[of] p2a: Cofagrigus\n|\n|-heal|p1a: Weezing|23\/100 par|[from] item: Leftovers\n|-heal|p1b: Slaking|95\/100 brn|[from] item: Leftovers\n|-damage|p2a: Cofagrigus|76\/100 brn|[from] brn\n|-damage|p1b: Slaking|89\/100 brn|[from] brn\n|upkeep\n|\n|t:|1695568637\n|switch|p2b: Aggron|Aggron, M|100\/100\n|turn|16\n|\n|t:|1695568646\n|cant|p1a: Weezing|par\n|move|p2b: Aggron|Protect|p2b: Aggron\n|-singleturn|p2b: Aggron|Protect\n|move|p2a: Cofagrigus|Shadow Ball|p1a: Weezing\n|-damage|p1a: Weezing|0 fnt\n|faint|p1a: Weezing\n|-end|p1a: Weezing|ability: Neutralizing Gas\n|move|p1b: Slaking|Earthquake|p2b: Aggron|[spread] p2a\n|-activate|p2b: Aggron|move: Protect\n|-damage|p2a: Cofagrigus|65\/100 brn\n|\n|-heal|p1b: Slaking|95\/100 brn|[from] item: Leftovers\n|-damage|p2a: Cofagrigus|59\/100 brn|[from] brn\n|-damage|p1b: Slaking|89\/100 brn|[from] brn\n|upkeep\n|\n|t:|1695568660\n|switch|p1a: Medicham|Medicham, M|65\/100 brn\n|turn|17\n|\n|t:|1695568669\n|switch|p2b: Blue Flame|Salamence, M|100\/100\n|-ability|p2b: Blue Flame|Intimidate|boost\n|-unboost|p1a: Medicham|atk|1\n|-unboost|p1b: Slaking|atk|1\n|move|p2a: Cofagrigus|Pain Split|p1b: Slaking\n|-sethp|p1b: Slaking|62\/100 brn|[from] move: Pain Split|[silent]\n|-sethp|p2a: Cofagrigus|100\/100 brn|[from] move: Pain Split\n|move|p1a: Medicham|Skill Swap|p1b: Slaking\n|-activate|p1a: Medicham|move: Skill Swap|||[of] p1b: Slaking\n|move|p1b: Slaking|Earthquake|p2b: Blue Flame|[spread] p1a,p2a\n|-immune|p2b: Blue Flame\n|-damage|p1a: Medicham|40\/100 brn\n|-damage|p2a: Cofagrigus|85\/100 brn\n|\n|-heal|p1a: Medicham|46\/100 brn|[from] item: Leftovers\n|-heal|p1b: Slaking|69\/100 brn|[from] item: Leftovers\n|-damage|p2a: Cofagrigus|79\/100 brn|[from] brn\n|-damage|p1a: Medicham|40\/100 brn|[from] brn\n|-damage|p1b: Slaking|62\/100 brn|[from] brn\n|upkeep\n|turn|18\n|\n|t:|1695568689\n|detailschange|p2b: Blue Flame|Salamence-Mega, M\n|-mega|p2b: Blue Flame|Salamence|Salamencite\n|move|p2a: Cofagrigus|Shadow Ball|p1a: Medicham\n|-supereffective|p1a: Medicham\n|-damage|p1a: Medicham|0 fnt\n|faint|p1a: Medicham\n|move|p1b: Slaking|Slack Off|p1b: Slaking\n|-heal|p1b: Slaking|100\/100 brn\n|move|p2b: Blue Flame|Double-Edge|p1b: Slaking\n|-damage|p1b: Slaking|44\/100 brn\n|-damage|p2b: Blue Flame|74\/100|[from] Recoil\n|\n|-heal|p1b: Slaking|50\/100 brn|[from] item: Leftovers\n|-damage|p2a: Cofagrigus|73\/100 brn|[from] brn\n|-damage|p1b: Slaking|44\/100 brn|[from] brn\n|upkeep\n|\n|t:|1695568706\n|switch|p1a: Cresselia|Cresselia, F|53\/100 brn\n|turn|19\n|\n|t:|1695568711\n|move|p2b: Blue Flame|Protect|p2b: Blue Flame\n|-singleturn|p2b: Blue Flame|Protect\n|move|p2a: Cofagrigus|Shadow Ball|p1a: Cresselia\n|-supereffective|p1a: Cresselia\n|-damage|p1a: Cresselia|18\/100 brn\n|move|p1a: Cresselia|Reflect|p1a: Cresselia\n|-sidestart|p1: DaBoi511|Reflect\n|move|p1b: Slaking|Slack Off|p1b: Slaking\n|-heal|p1b: Slaking|94\/100 brn\n|\n|-heal|p1b: Slaking|100\/100 brn|[from] item: Leftovers\n|-damage|p2a: Cofagrigus|67\/100 brn|[from] brn\n|-damage|p1a: Cresselia|12\/100 brn|[from] brn\n|-damage|p1b: Slaking|94\/100 brn|[from] brn\n|-fieldend|move: Trick Room\n|upkeep\n|turn|20\n|inactive|fumbari 24 has 120 seconds left.\n|\n|t:|1695568742\n|move|p2b: Blue Flame|Double-Edge|p1a: Cresselia\n|-damage|p1a: Cresselia|0 fnt\n|faint|p1a: Cresselia\n|-damage|p2b: Blue Flame|69\/100|[from] Recoil\n|move|p1b: Slaking|Rock Slide|p2a: Cofagrigus|[spread] p2a,p2b\n|-supereffective|p2b: Blue Flame\n|-damage|p2a: Cofagrigus|56\/100 brn\n|-damage|p2b: Blue Flame|44\/100\n|move|p2a: Cofagrigus|Trick Room|p2a: Cofagrigus\n|-fieldstart|move: Trick Room|[of] p2a: Cofagrigus\n|\n|-heal|p1b: Slaking|100\/100 brn|[from] item: Leftovers\n|-damage|p2a: Cofagrigus|50\/100 brn|[from] brn\n|-damage|p1b: Slaking|94\/100 brn|[from] brn\n|upkeep\n|\n|t:|1695568754\n|switch|p1a: Hoopa|Hoopa-Unbound|100\/100\n|turn|21\n|\n|t:|1695568763\n|-terastallize|p2a: Cofagrigus|Fairy\n|move|p2a: Cofagrigus|Will-O-Wisp|p1a: Hoopa|[miss]\n|-miss|p2a: Cofagrigus|p1a: Hoopa\n|move|p1b: Slaking|Rock Slide|p2b: Blue Flame|[spread] p2a,p2b\n|-supereffective|p2b: Blue Flame\n|-damage|p2a: Cofagrigus|37\/100 brn\n|-damage|p2b: Blue Flame|18\/100\n|move|p1a: Hoopa|Zen Headbutt|p2b: Blue Flame\n|-damage|p2b: Blue Flame|0 fnt\n|faint|p2b: Blue Flame\n|\n|-heal|p1b: Slaking|100\/100 brn|[from] item: Leftovers\n|-damage|p2a: Cofagrigus|31\/100 brn|[from] brn\n|-damage|p1b: Slaking|94\/100 brn|[from] brn\n|upkeep\n|\n|t:|1695568773\n|switch|p2b: Aggron|Aggron, M|100\/100\n|turn|22\n|\n|t:|1695568787\n|move|p2a: Cofagrigus|Pain Split|p1b: Slaking\n|-sethp|p1b: Slaking|57\/100 brn|[from] move: Pain Split|[silent]\n|-sethp|p2a: Cofagrigus|93\/100 brn|[from] move: Pain Split\n|-zpower|p2b: Aggron\n|move|p2b: Aggron|Continental Crush|p1a: Hoopa|[zeffect]\n|-damage|p1a: Hoopa|0 fnt\n|faint|p1a: Hoopa\n|move|p1b: Slaking|Rock Slide|p2b: Aggron|[spread] p2a,p2b\n|-resisted|p2b: Aggron\n|-damage|p2a: Cofagrigus|81\/100 brn\n|-damage|p2b: Aggron|96\/100\n|\n|-heal|p1b: Slaking|63\/100 brn|[from] item: Leftovers\n|-damage|p2a: Cofagrigus|75\/100 brn|[from] brn\n|-damage|p1b: Slaking|57\/100 brn|[from] brn\n|upkeep\n|turn|23\n|\n|t:|1695568804\n|move|p2a: Cofagrigus|Shadow Ball|p1b: Slaking\n|-immune|p1b: Slaking\n|move|p2b: Aggron|Hone Claws|p2b: Aggron\n|-boost|p2b: Aggron|atk|1\n|-boost|p2b: Aggron|accuracy|1\n|move|p1b: Slaking|Slack Off|p1b: Slaking\n|-heal|p1b: Slaking|100\/100 brn\n|\n|-damage|p2a: Cofagrigus|69\/100 brn|[from] brn\n|-damage|p1b: Slaking|94\/100 brn|[from] brn\n|-sideend|p1: DaBoi511|Reflect\n|upkeep\n|turn|24\n|\n|t:|1695568817\n|move|p2a: Cofagrigus|Pain Split|p1b: Slaking\n|-sethp|p1b: Slaking|68\/100 brn|[from] move: Pain Split|[silent]\n|-sethp|p2a: Cofagrigus|100\/100 brn|[from] move: Pain Split\n|move|p2b: Aggron|Head Smash|p1b: Slaking\n|-damage|p1b: Slaking|0 fnt\n|faint|p1b: Slaking\n|\n|win|fumbari 24\n|raw|DaBoi511's rating: 1308 &rarr; <strong>1287<\/strong><br \/>(-21 for losing)\n|raw|fumbari 24's rating: 1298 &rarr; <strong>1324<\/strong><br \/>(+26 for winning)\n|l|\u2606DaBoi511\n","uploadtime":1695568825,"views":9,"p1id":"daboi511","p2id":"fumbari24","formatid":"gen9nationaldexdoubles","rating":1287,"private":0,"password":""}