{"id":"gen9nationaldexdoubles-2000664838","p1":"DazzlingBrilliance","p2":"SlipqyVGC","format":"[Gen 9] National Dex Doubles","log":"|j|\u2606DazzlingBrilliance\n|j|\u2606SlipqyVGC\n|t:|1701216235\n|gametype|doubles\n|player|p1|DazzlingBrilliance|striker|1117\n|player|p2|SlipqyVGC|guzma|1287\n|teamsize|p1|6\n|teamsize|p2|6\n|gen|9\n|tier|[Gen 9] National Dex Doubles\n|rated|\n|rule|HP Percentage Mod: HP is shown in percentages\n|rule|Endless Battle Clause: Forcing endless battles is banned\n|rule|OHKO Clause: OHKO moves are banned\n|rule|Evasion Moves Clause: Evasion moves are banned\n|rule|Evasion Abilities Clause: Evasion abilities are banned\n|rule|Species Clause: Limit one of each Pok\u00e9mon\n|rule|Gravity Sleep Clause: The combination of sleep-inducing moves with imperfect accuracy and Gravity or Gigantamax Orbeetle are banned\n|clearpoke\n|poke|p1|Jumpluff, M|\n|poke|p1|Qwilfish, M|\n|poke|p1|Chandelure, M|\n|poke|p1|Muk-Alola, M|\n|poke|p1|Blissey, F|\n|poke|p1|Altaria, M|\n|poke|p2|Smeargle, M|\n|poke|p2|Kangaskhan, F|\n|poke|p2|Salamence, F|\n|poke|p2|Talonflame, F|\n|poke|p2|Torkoal, F|\n|poke|p2|Flutter Mane|\n|teampreview\n|inactive|Battle timer is ON: inactive players will automatically lose when time's up. (requested by SlipqyVGC)\n|inactive|SlipqyVGC has 120 seconds left.\n|\n|t:|1701216270\n|start\n|switch|p1a: Altaria|Altaria, M, shiny|100\/100\n|switch|p1b: Jumpluff|Jumpluff, M, shiny|100\/100\n|switch|p2a: Smeargle|Smeargle, M, shiny|100\/100\n|switch|p2b: Kangaskhan|Kangaskhan, F|100\/100\n|-ability|p1a: Altaria|Cloud Nine\n|turn|1\n|inactive|DazzlingBrilliance has 120 seconds left.\n|\n|t:|1701216316\n|move|p2b: Kangaskhan|Fake Out|p1b: Jumpluff\n|-damage|p1b: Jumpluff|84\/100\n|move|p1a: Altaria|Tailwind|p1a: Altaria\n|-sidestart|p1: DazzlingBrilliance|move: Tailwind\n|cant|p1b: Jumpluff|flinch\n|move|p2a: Smeargle|Spore|p1a: Altaria\n|-status|p1a: Altaria|slp|[from] move: Spore\n|\n|-ability|p2a: Smeargle|Moody|boost\n|-boost|p2a: Smeargle|atk|2\n|-unboost|p2a: Smeargle|def|1\n|upkeep\n|turn|2\n|inactive|DazzlingBrilliance has 120 seconds left.\n|\n|t:|1701216344\n|switch|p1a: Qweefish|Qwilfish, M, shiny|100\/100\n|-ability|p1a: Qweefish|Intimidate|boost\n|-unboost|p2a: Smeargle|atk|1\n|-fail|p2b: Kangaskhan|unboost|Attack|[from] ability: Scrappy|[of] p2b: Kangaskhan\n|move|p2a: Smeargle|Follow Me|p2a: Smeargle\n|-singleturn|p2a: Smeargle|move: Follow Me\n|move|p1b: Jumpluff|Leech Seed|p2a: Smeargle\n|-start|p2a: Smeargle|move: Leech Seed\n|move|p2b: Kangaskhan|Seismic Toss|p1a: Qweefish\n|-damage|p1a: Qweefish|65\/100\n|\n|-heal|p1a: Qweefish|71\/100|[from] item: Leftovers\n|-damage|p2a: Smeargle|88\/100|[from] Leech Seed|[of] p1b: Jumpluff\n|-heal|p1b: Jumpluff|96\/100|[silent]\n|-ability|p2a: Smeargle|Moody|boost\n|-boost|p2a: Smeargle|spa|2\n|-unboost|p2a: Smeargle|spd|1\n|upkeep\n|turn|3\n|inactive|DazzlingBrilliance has 120 seconds left.\n|\n|t:|1701216366\n|switch|p2a: Talonflame|Talonflame, F|100\/100\n|move|p1a: Qweefish|Acupressure|p1b: Jumpluff\n|-boost|p1b: Jumpluff|spd|2\n|move|p1b: Jumpluff|Sleep Powder|p2a: Talonflame\n|-status|p2a: Talonflame|slp|[from] move: Sleep Powder\n|move|p2b: Kangaskhan|Seismic Toss|p1a: Qweefish\n|-damage|p1a: Qweefish|35\/100\n|\n|-heal|p1a: Qweefish|41\/100|[from] item: Leftovers\n|upkeep\n|turn|4\n|inactive|DazzlingBrilliance has 120 seconds left.\n|inactive|SlipqyVGC has 120 seconds left.\n|\n|t:|1701216397\n|switch|p2a: Smeargle|Smeargle, M, shiny|88\/100\n|move|p1a: Qweefish|Thunder Wave|p2b: Kangaskhan\n|-status|p2b: Kangaskhan|par\n|move|p1b: Jumpluff|Pollen Puff|p1a: Qweefish\n|-heal|p1a: Qweefish|91\/100\n|move|p2b: Kangaskhan|Seismic Toss|p1a: Qweefish\n|-damage|p1a: Qweefish|55\/100\n|\n|-heal|p1a: Qweefish|61\/100|[from] item: Leftovers\n|-sideend|p1: DazzlingBrilliance|move: Tailwind\n|-ability|p2a: Smeargle|Moody|boost\n|-boost|p2a: Smeargle|atk|2\n|-unboost|p2a: Smeargle|spe|1\n|upkeep\n|turn|5\n|inactive|DazzlingBrilliance has 120 seconds left.\n|\n|t:|1701216436\n|move|p2a: Smeargle|Spiky Shield|p2a: Smeargle\n|-singleturn|p2a: Smeargle|move: Protect\n|move|p1a: Qweefish|Acupressure|p1b: Jumpluff\n|-boost|p1b: Jumpluff|spa|2\n|move|p1b: Jumpluff|Leech Seed|p2b: Kangaskhan\n|-start|p2b: Kangaskhan|move: Leech Seed\n|move|p2b: Kangaskhan|Seismic Toss|p1a: Qweefish\n|-damage|p1a: Qweefish|25\/100\n|\n|-heal|p1a: Qweefish|31\/100|[from] item: Leftovers\n|-damage|p2b: Kangaskhan|88\/100 par|[from] Leech Seed|[of] p1b: Jumpluff\n|-heal|p1b: Jumpluff|100\/100|[silent]\n|-ability|p2a: Smeargle|Moody|boost\n|-boost|p2a: Smeargle|def|2\n|-unboost|p2a: Smeargle|spe|1\n|upkeep\n|turn|6\n|inactive|DazzlingBrilliance has 120 seconds left.\n|\n|t:|1701216463\n|switch|p2a: Talonflame|Talonflame, F|100\/100 slp\n|move|p1a: Qweefish|Thunder Wave||[still]\n|-fail|p1a: Qweefish\n|move|p1b: Jumpluff|Pollen Puff|p1a: Qweefish\n|-heal|p1a: Qweefish|81\/100\n|move|p2b: Kangaskhan|Seismic Toss|p1a: Qweefish\n|-damage|p1a: Qweefish|45\/100\n|\n|-heal|p1a: Qweefish|51\/100|[from] item: Leftovers\n|-damage|p2b: Kangaskhan|76\/100 par|[from] Leech Seed|[of] p1b: Jumpluff\n|upkeep\n|turn|7\n|inactive|DazzlingBrilliance has 120 seconds left.\n|inactive|DazzlingBrilliance has 90 seconds left.\n|\n|t:|1701216543\n|cant|p2a: Talonflame|slp\n|move|p1a: Qweefish|Liquidation|p2a: Talonflame\n|-supereffective|p2a: Talonflame\n|-damage|p2a: Talonflame|19\/100 slp\n|-unboost|p2a: Talonflame|def|1\n|move|p1b: Jumpluff|Leech Seed|p2a: Talonflame\n|-start|p2a: Talonflame|move: Leech Seed\n|move|p2b: Kangaskhan|Seismic Toss|p1a: Qweefish\n|-damage|p1a: Qweefish|16\/100\n|\n|-heal|p1a: Qweefish|22\/100|[from] item: Leftovers\n|-damage|p2a: Talonflame|7\/100 slp|[from] Leech Seed|[of] p1b: Jumpluff\n|-damage|p2b: Kangaskhan|63\/100 par|[from] Leech Seed|[of] p1b: Jumpluff\n|upkeep\n|turn|8\n|inactive|DazzlingBrilliance has 90 seconds left.\n|inactive|DazzlingBrilliance has 60 seconds left.\n|\n|t:|1701216589\n|cant|p2a: Talonflame|slp\n|move|p1a: Qweefish|Acupressure|p1b: Jumpluff\n|-boost|p1b: Jumpluff|def|2\n|move|p1b: Jumpluff|Pollen Puff|p1a: Qweefish\n|-heal|p1a: Qweefish|71\/100\n|move|p2b: Kangaskhan|Seismic Toss|p1a: Qweefish\n|-damage|p1a: Qweefish|36\/100\n|\n|-heal|p1a: Qweefish|42\/100|[from] item: Leftovers\n|-damage|p2a: Talonflame|0 fnt|[from] Leech Seed|[of] p1b: Jumpluff\n|faint|p2a: Talonflame\n|-damage|p2b: Kangaskhan|51\/100 par|[from] Leech Seed|[of] p1b: Jumpluff\n|upkeep\n|\n|t:|1701216603\n|switch|p2a: Salamence|Salamence, F|100\/100\n|-ability|p2a: Salamence|Intimidate|boost\n|-unboost|p1a: Qweefish|atk|1\n|-unboost|p1b: Jumpluff|atk|1\n|turn|9\n|inactive|DazzlingBrilliance has 60 seconds left.\n|inactive|DazzlingBrilliance has 30 seconds left.\n|inactive|DazzlingBrilliance has 20 seconds left.\n|inactive|DazzlingBrilliance has 15 seconds left.\n|inactive|DazzlingBrilliance has 10 seconds left.\n|\n|t:|1701216675\n|detailschange|p2a: Salamence|Salamence-Mega, F\n|-mega|p2a: Salamence|Salamence|Salamencite\n|move|p2a: Salamence|Hyper Voice|p1b: Jumpluff|[spread] p1a,p1b\n|-supereffective|p1b: Jumpluff\n|-damage|p1a: Qweefish|0 fnt\n|-damage|p1b: Jumpluff|60\/100\n|-enditem|p1b: Jumpluff|Weakness Policy\n|-boost|p1b: Jumpluff|atk|2|[from] item: Weakness Policy\n|-boost|p1b: Jumpluff|spa|2|[from] item: Weakness Policy\n|faint|p1a: Qweefish\n|move|p1b: Jumpluff|Pollen Puff|p1: Qweefish|[notarget]\n|-fail|p1b: Jumpluff\n|move|p2b: Kangaskhan|Seismic Toss|p1b: Jumpluff\n|-damage|p1b: Jumpluff|27\/100\n|\n|-damage|p2b: Kangaskhan|38\/100 par|[from] Leech Seed|[of] p1b: Jumpluff\n|-heal|p1b: Jumpluff|43\/100|[silent]\n|upkeep\n|inactive|DazzlingBrilliance has 15 seconds left this turn.\n|inactive|DazzlingBrilliance has 10 seconds left.\n|\n|t:|1701216683\n|switch|p1a: Blissey|Blissey, F, shiny|100\/100\n|turn|10\n|inactive|DazzlingBrilliance has 30 seconds left.\n|inactive|DazzlingBrilliance has 20 seconds left.\n|inactive|DazzlingBrilliance has 15 seconds left.\n|\n|t:|1701216703\n|switch|p2b: Smeargle|Smeargle, M, shiny|88\/100\n|move|p2a: Salamence|Hyper Voice|p1a: Blissey|[spread] p1a,p1b\n|-supereffective|p1b: Jumpluff\n|-damage|p1a: Blissey|85\/100\n|-damage|p1b: Jumpluff|5\/100\n|move|p1b: Jumpluff|Sleep Powder|p2a: Salamence\n|-status|p2a: Salamence|slp|[from] move: Sleep Powder\n|move|p1a: Blissey|Charge Beam|p2a: Salamence\n|-damage|p2a: Salamence|89\/100 slp\n|-boost|p1a: Blissey|spa|1\n|\n|-heal|p1a: Blissey|91\/100|[from] item: Leftovers\n|-ability|p2b: Smeargle|Moody|boost\n|-boost|p2b: Smeargle|def|2\n|-unboost|p2b: Smeargle|atk|1\n|upkeep\n|turn|11\n|inactive|DazzlingBrilliance has 30 seconds left.\n|inactive|DazzlingBrilliance has 20 seconds left.\n|inactive|DazzlingBrilliance has 15 seconds left.\n|inactive|DazzlingBrilliance has 10 seconds left.\n|\n|t:|1701216737\n|switch|p2a: Torkoal|Torkoal, F|100\/100\n|-weather|SunnyDay|[from] ability: Drought|[of] p2a: Torkoal\n|move|p2b: Smeargle|Spiky Shield|p2b: Smeargle\n|-singleturn|p2b: Smeargle|move: Protect\n|move|p1b: Jumpluff|Sleep Powder|p2b: Smeargle\n|-activate|p2b: Smeargle|move: Protect\n|move|p1a: Blissey|Mud-Slap|p2b: Smeargle\n|-activate|p2b: Smeargle|move: Protect\n|\n|-weather|SunnyDay|[upkeep]\n|-heal|p1a: Blissey|97\/100|[from] item: Leftovers\n|-ability|p2b: Smeargle|Moody|boost\n|-boost|p2b: Smeargle|spd|2\n|-unboost|p2b: Smeargle|spa|1\n|upkeep\n|turn|12\n|inactive|DazzlingBrilliance has 30 seconds left.\n|inactive|DazzlingBrilliance has 20 seconds left.\n|\n|t:|1701216754\n|-terastallize|p2a: Torkoal|Fire\n|move|p2b: Smeargle|Follow Me|p2b: Smeargle\n|-singleturn|p2b: Smeargle|move: Follow Me\n|move|p1b: Jumpluff|Sleep Powder|p2b: Smeargle\n|-status|p2b: Smeargle|slp|[from] move: Sleep Powder\n|move|p1a: Blissey|Mud-Slap|p2b: Smeargle\n|-damage|p2b: Smeargle|83\/100 slp\n|-unboost|p2b: Smeargle|accuracy|1\n|move|p2a: Torkoal|Eruption|p1b: Jumpluff|[spread] p1a,p1b\n|-supereffective|p1b: Jumpluff\n|-damage|p1a: Blissey|53\/100\n|-damage|p1b: Jumpluff|0 fnt\n|faint|p1b: Jumpluff\n|\n|-weather|SunnyDay|[upkeep]\n|-heal|p1a: Blissey|59\/100|[from] item: Leftovers\n|-ability|p2b: Smeargle|Moody|boost\n|-boost|p2b: Smeargle|atk|2\n|-unboost|p2b: Smeargle|spa|1\n|upkeep\n|inactive|DazzlingBrilliance has 25 seconds left this turn.\n|inactive|DazzlingBrilliance has 20 seconds left.\n|inactive|DazzlingBrilliance has 15 seconds left.\n|inactive|DazzlingBrilliance has 10 seconds left.\n|\n|t:|1701216772\n|switch|p1b: Altaria|Altaria, M, shiny|100\/100 slp\n|-ability|p1b: Altaria|Cloud Nine\n|turn|13\n|inactive|DazzlingBrilliance has 30 seconds left.\n|\n|t:|1701216790\n|switch|p2a: Flutter Mane|Flutter Mane|100\/100\n|cant|p1b: Altaria|slp\n|cant|p2b: Smeargle|slp\n|move|p1a: Blissey|Heal Bell|p1a: Blissey\n|-activate|p1a: Blissey|move: Heal Bell\n|-curestatus|p1b: Altaria|slp|[msg]\n|\n|-weather|SunnyDay|[upkeep]\n|-heal|p1a: Blissey|66\/100|[from] item: Leftovers\n|-ability|p2b: Smeargle|Moody|boost\n|-boost|p2b: Smeargle|spd|2\n|-unboost|p2b: Smeargle|def|1\n|upkeep\n|turn|14\n|inactive|DazzlingBrilliance has 30 seconds left.\n|inactive|DazzlingBrilliance has 20 seconds left.\n|inactive|DazzlingBrilliance has 15 seconds left.\n|\n|t:|1701216830\n|switch|p1b: Muk|Muk-Alola, M, shiny|100\/100\n|switch|p2b: Kangaskhan|Kangaskhan, F|38\/100 par\n|move|p2a: Flutter Mane|Calm Mind|p2a: Flutter Mane\n|-boost|p2a: Flutter Mane|spa|1\n|-boost|p2a: Flutter Mane|spd|1\n|move|p1a: Blissey|Mud-Slap|p2a: Flutter Mane\n|-damage|p2a: Flutter Mane|97\/100\n|-unboost|p2a: Flutter Mane|accuracy|1\n|\n|-weather|SunnyDay|[upkeep]\n|-heal|p2a: Flutter Mane|100\/100|[from] item: Leftovers\n|-heal|p1a: Blissey|72\/100|[from] item: Leftovers\n|upkeep\n|turn|15\n|inactive|DazzlingBrilliance has 30 seconds left.\n|inactive|DazzlingBrilliance has 20 seconds left.\n|\n|t:|1701216854\n|-end|p2a: Flutter Mane|Protosynthesis|[silent]\n|switch|p2a: Salamence|Salamence-Mega, F|89\/100 slp\n|move|p1a: Blissey|Mud-Slap|p2b: Kangaskhan\n|-damage|p2b: Kangaskhan|32\/100 par\n|-unboost|p2b: Kangaskhan|accuracy|1\n|move|p2b: Kangaskhan|Drain Punch|p1a: Blissey\n|-supereffective|p1a: Blissey\n|-damage|p1a: Blissey|40\/100\n|-heal|p2b: Kangaskhan|60\/100 par|[from] drain|[of] p1a: Blissey\n|move|p1b: Muk|Power-Up Punch|p2b: Kangaskhan\n|-supereffective|p2b: Kangaskhan\n|-damage|p2b: Kangaskhan|40\/100 par\n|-boost|p1b: Muk|atk|1\n|\n|-weather|none\n|-heal|p1a: Blissey|46\/100|[from] item: Leftovers\n|upkeep\n|turn|16\n|inactive|DazzlingBrilliance has 30 seconds left.\n|inactive|DazzlingBrilliance has 20 seconds left.\n|inactive|DazzlingBrilliance has 15 seconds left.\n|inactive|DazzlingBrilliance has 10 seconds left.\n|\n|t:|1701216890\n|cant|p2a: Salamence|slp\n|move|p1a: Blissey|Charge Beam|p2a: Salamence\n|-damage|p2a: Salamence|70\/100 slp\n|-boost|p1a: Blissey|spa|1\n|cant|p2b: Kangaskhan|par\n|move|p1b: Muk|Power-Up Punch|p2b: Kangaskhan\n|-supereffective|p2b: Kangaskhan\n|-damage|p2b: Kangaskhan|12\/100 par\n|-boost|p1b: Muk|atk|1\n|\n|-heal|p1a: Blissey|52\/100|[from] item: Leftovers\n|upkeep\n|turn|17\n|c|\u2606SlipqyVGC|hope youre having fun\n|inactive|DazzlingBrilliance has 30 seconds left.\n|inactive|DazzlingBrilliance has 20 seconds left.\n|inactive|DazzlingBrilliance has 15 seconds left.\n|inactive|DazzlingBrilliance has 10 seconds left.\n|inactive|DazzlingBrilliance has 5 seconds left.\n|\n|t:|1701216920\n|switch|p2b: Flutter Mane|Flutter Mane|100\/100\n|-curestatus|p2a: Salamence|slp|[msg]\n|move|p2a: Salamence|Tailwind|p2a: Salamence\n|-sidestart|p2: SlipqyVGC|move: Tailwind\n|move|p1a: Blissey|Charge Beam|p2b: Flutter Mane|[miss]\n|-miss|p1a: Blissey|p2b: Flutter Mane\n|move|p1b: Muk|Rock Slide|p2b: Flutter Mane|[spread] p2a\n|-miss|p1b: Muk|p2b: Flutter Mane\n|-supereffective|p2a: Salamence\n|-damage|p2a: Salamence|24\/100\n|\n|-heal|p1a: Blissey|58\/100|[from] item: Leftovers\n|upkeep\n|turn|18\n|inactive|DazzlingBrilliance has 30 seconds left this turn.\n|inactive|DazzlingBrilliance has 20 seconds left.\n|inactive|DazzlingBrilliance has 15 seconds left.\n|inactive|DazzlingBrilliance has 10 seconds left.\n|\n|t:|1701216943\n|switch|p2a: Kangaskhan|Kangaskhan, F|12\/100 par\n|move|p2b: Flutter Mane|Protect|p2b: Flutter Mane\n|-singleturn|p2b: Flutter Mane|Protect\n|move|p1b: Muk|Shadow Sneak|p2a: Kangaskhan\n|-immune|p2a: Kangaskhan\n|move|p1a: Blissey|Mud-Slap|p2b: Flutter Mane\n|-activate|p2b: Flutter Mane|move: Protect\n|\n|-heal|p1a: Blissey|64\/100|[from] item: Leftovers\n|upkeep\n|turn|19\n|inactive|DazzlingBrilliance has 30 seconds left.\n|\n|t:|1701216962\n|move|p2a: Kangaskhan|Fake Out|p1b: Muk\n|-damage|p1b: Muk|89\/100\n|move|p2b: Flutter Mane|Substitute|p2b: Flutter Mane\n|-start|p2b: Flutter Mane|Substitute\n|-damage|p2b: Flutter Mane|76\/100\n|move|p1a: Blissey|Mud-Slap|p2b: Flutter Mane\n|-activate|p2b: Flutter Mane|move: Substitute|[damage]\n|cant|p1b: Muk|flinch\n|\n|-heal|p2b: Flutter Mane|82\/100|[from] item: Leftovers\n|-heal|p1a: Blissey|71\/100|[from] item: Leftovers\n|-heal|p1b: Muk|95\/100|[from] item: Leftovers\n|upkeep\n|turn|20\n|inactive|DazzlingBrilliance has 30 seconds left.\n|inactive|DazzlingBrilliance has 20 seconds left.\n|\n|t:|1701216996\n|move|p2b: Flutter Mane|Protect|p2b: Flutter Mane\n|-singleturn|p2b: Flutter Mane|Protect\n|move|p1b: Muk|Shadow Sneak|p2b: Flutter Mane\n|-activate|p2b: Flutter Mane|move: Protect\n|move|p2a: Kangaskhan|Drain Punch|p1a: Blissey\n|-supereffective|p1a: Blissey\n|-damage|p1a: Blissey|35\/100\n|-heal|p2a: Kangaskhan|43\/100 par|[from] drain|[of] p1a: Blissey\n|move|p1a: Blissey|Charge Beam|p2a: Kangaskhan\n|-damage|p2a: Kangaskhan|22\/100 par\n|-boost|p1a: Blissey|spa|1\n|\n|-heal|p2b: Flutter Mane|88\/100|[from] item: Leftovers\n|-heal|p1a: Blissey|41\/100|[from] item: Leftovers\n|-heal|p1b: Muk|100\/100|[from] item: Leftovers\n|-sideend|p2: SlipqyVGC|move: Tailwind\n|upkeep\n|turn|21\n|inactive|DazzlingBrilliance has 30 seconds left.\n|inactive|DazzlingBrilliance has 20 seconds left.\n|inactive|DazzlingBrilliance has 15 seconds left.\n|inactive|DazzlingBrilliance has 10 seconds left.\n|inactive|DazzlingBrilliance has 5 seconds left.\n|\n|t:|1701217038\n|move|p2b: Flutter Mane|Calm Mind|p2b: Flutter Mane\n|-boost|p2b: Flutter Mane|spa|1\n|-boost|p2b: Flutter Mane|spd|1\n|move|p1a: Blissey|Psychic|p2a: Kangaskhan\n|-damage|p2a: Kangaskhan|0 fnt\n|faint|p2a: Kangaskhan\n|move|p1b: Muk|Knock Off|p2b: Flutter Mane\n|-end|p2b: Flutter Mane|Substitute\n|\n|-heal|p2b: Flutter Mane|94\/100|[from] item: Leftovers\n|-heal|p1a: Blissey|47\/100|[from] item: Leftovers\n|upkeep\n|inactive|DazzlingBrilliance has 10 seconds left this turn.\n|\n|t:|1701217053\n|switch|p2a: Smeargle|Smeargle, M, shiny|83\/100 slp\n|turn|22\n|inactive|DazzlingBrilliance has 30 seconds left.\n|inactive|DazzlingBrilliance has 20 seconds left.\n|inactive|DazzlingBrilliance has 15 seconds left.\n|\n|t:|1701217075\n|move|p2b: Flutter Mane|Protect|p2b: Flutter Mane\n|-singleturn|p2b: Flutter Mane|Protect\n|cant|p2a: Smeargle|slp\n|move|p1a: Blissey|Charge Beam|p2a: Smeargle\n|-damage|p2a: Smeargle|50\/100 slp\n|-boost|p1a: Blissey|spa|1\n|move|p1b: Muk|Rock Slide|p2a: Smeargle|[spread] p2a\n|-activate|p2b: Flutter Mane|move: Protect\n|-crit|p2a: Smeargle\n|-damage|p2a: Smeargle|0 fnt\n|faint|p2a: Smeargle\n|\n|-heal|p2b: Flutter Mane|99\/100|[from] item: Leftovers\n|-heal|p1a: Blissey|53\/100|[from] item: Leftovers\n|upkeep\n|inactive|DazzlingBrilliance has 20 seconds left this turn.\n|\n|t:|1701217089\n|switch|p2a: Torkoal|Torkoal, F, tera:Fire|100\/100\n|-weather|SunnyDay|[from] ability: Drought|[of] p2a: Torkoal\n|-activate|p2b: Flutter Mane|ability: Protosynthesis\n|-start|p2b: Flutter Mane|protosynthesisspa\n|turn|23\n|inactive|DazzlingBrilliance has 30 seconds left.\n|\n|t:|1701217106\n|move|p1b: Muk|Shadow Sneak|p2b: Flutter Mane\n|-supereffective|p2b: Flutter Mane\n|-damage|p2b: Flutter Mane|41\/100\n|-status|p2b: Flutter Mane|psn|[from] ability: Poison Touch|[of] p1b: Muk\n|move|p2b: Flutter Mane|Moonblast|p1b: Muk\n|-damage|p1b: Muk|7\/100\n|move|p1a: Blissey|Mud-Slap|p2a: Torkoal\n|-supereffective|p2a: Torkoal\n|-damage|p2a: Torkoal|70\/100\n|-unboost|p2a: Torkoal|accuracy|1\n|move|p2a: Torkoal|Heat Wave|p1a: Blissey|[spread] \n|-miss|p2a: Torkoal|p1a: Blissey\n|-miss|p2a: Torkoal|p1b: Muk\n|\n|-weather|SunnyDay|[upkeep]\n|-heal|p2b: Flutter Mane|47\/100 psn|[from] item: Leftovers\n|-heal|p1a: Blissey|60\/100|[from] item: Leftovers\n|-heal|p1b: Muk|13\/100|[from] item: Leftovers\n|-damage|p2b: Flutter Mane|35\/100 psn|[from] psn\n|upkeep\n|turn|24\n|inactive|DazzlingBrilliance has 30 seconds left.\n|inactive|DazzlingBrilliance has 20 seconds left.\n|inactive|DazzlingBrilliance has 15 seconds left.\n|\n|t:|1701217146\n|move|p1b: Muk|Shadow Sneak|p2b: Flutter Mane\n|-supereffective|p2b: Flutter Mane\n|-damage|p2b: Flutter Mane|0 fnt\n|faint|p2b: Flutter Mane\n|-end|p2b: Flutter Mane|Protosynthesis|[silent]\n|move|p1a: Blissey|Psychic|p2a: Torkoal\n|-damage|p2a: Torkoal|0 fnt\n|faint|p2a: Torkoal\n|\n|-weather|SunnyDay|[upkeep]\n|-heal|p1a: Blissey|66\/100|[from] item: Leftovers\n|-heal|p1b: Muk|19\/100|[from] item: Leftovers\n|upkeep\n|inactive|DazzlingBrilliance has 20 seconds left this turn.\n|\n|t:|1701217154\n|switch|p2b: Salamence|Salamence-Mega, F|24\/100\n|turn|25\n|inactive|DazzlingBrilliance has 30 seconds left.\n|\n|t:|1701217173\n|-terastallize|p1b: Muk|Grass\n|move|p1b: Muk|Shadow Sneak|p2b: Salamence\n|-damage|p2b: Salamence|6\/100\n|-status|p2b: Salamence|psn|[from] ability: Poison Touch|[of] p1b: Muk\n|move|p2b: Salamence|Hyper Voice|p1a: Blissey|[spread] p1a,p1b\n|-supereffective|p1b: Muk\n|-damage|p1a: Blissey|50\/100\n|-damage|p1b: Muk|0 fnt\n|faint|p1b: Muk\n|move|p1a: Blissey|Charge Beam|p2b: Salamence|[miss]\n|-miss|p1a: Blissey|p2b: Salamence\n|\n|-weather|SunnyDay|[upkeep]\n|-heal|p1a: Blissey|56\/100|[from] item: Leftovers\n|-damage|p2b: Salamence|0 fnt|[from] psn\n|faint|p2b: Salamence\n|\n|win|DazzlingBrilliance\n|upkeep\n|raw|DazzlingBrilliance's rating: 1117 &rarr; <strong>1153<\/strong><br \/>(+36 for winning)\n|raw|SlipqyVGC's rating: 1287 &rarr; <strong>1251<\/strong><br \/>(-36 for losing)\n|l|\u2606SlipqyVGC\n|l|\u2606DazzlingBrilliance\n|j|\u2606DazzlingBrilliance\n|player|p1|DazzlingBrilliance|striker\n","uploadtime":1701217210,"views":1,"p1id":"dazzlingbrilliance","p2id":"slipqyvgc","formatid":"gen9nationaldexdoubles","rating":1153,"private":0,"password":""}