{"id":"gen9nationaldexdoubles-1994504819","p1":"NoseHairs420","p2":"sans525262","format":"[Gen 9] National Dex Doubles","log":"|j|\u2606NoseHairs420\n|j|\u2606sans525262\n|t:|1700451838\n|gametype|doubles\n|player|p1|NoseHairs420|drayden|\n|player|p2|sans525262|preschooler|\n|teamsize|p1|6\n|teamsize|p2|6\n|gen|9\n|tier|[Gen 9] National Dex Doubles\n|rule|HP Percentage Mod: HP is shown in percentages\n|rule|Endless Battle Clause: Forcing endless battles is banned\n|rule|OHKO Clause: OHKO moves are banned\n|rule|Evasion Moves Clause: Evasion moves are banned\n|rule|Evasion Abilities Clause: Evasion abilities are banned\n|rule|Species Clause: Limit one of each Pok\u00e9mon\n|rule|Gravity Sleep Clause: The combination of sleep-inducing moves with imperfect accuracy and Gravity or Gigantamax Orbeetle are banned\n|clearpoke\n|poke|p1|Kartana|\n|poke|p1|Kommo-o, F|\n|poke|p1|Gardevoir, F|\n|poke|p1|Ogerpon-Hearthflame, F|\n|poke|p1|Ursaluna-Bloodmoon, M|\n|poke|p1|Landorus-Therian, M|\n|poke|p2|Amoonguss, M|\n|poke|p2|Charizard, F|\n|poke|p2|Victini|\n|poke|p2|Armarouge, F|\n|poke|p2|Indeedee-F, F|\n|poke|p2|Ogerpon-Hearthflame, F|\n|teampreview\n|j| TestudoJK\n|j| Ryan1Baek\n|inactive|Battle timer is ON: inactive players will automatically lose when time's up. (requested by NoseHairs420)\n|j| wammer18\n|c|\u2606sans525262|this is me when landorus-t\n|c| Ryan1Baek|what up josh\n|inactive|sans525262 has 270 seconds left.\n|c|\u2606sans525262|\ud83d\ude41\ud83d\ude41\ud83d\ude41\ud83d\ude41\ud83d\ude41\ud83d\ude41\ud83d\ude41\ud83d\ude41\ud83d\ude41\ud83d\ude41\ud83d\ude41\ud83d\ude41\ud83d\ude41\ud83d\ude41\ud83d\ude41\ud83d\ude41\ud83d\ude41\ud83d\ude41\ud83d\ude41\ud83d\ude41\ud83d\ude41\ud83d\ude41\ud83d\ude41\ud83d\ude41\ud83d\ude41\ud83d\ude41\ud83d\ude41\ud83d\ude41\ud83d\ude41\ud83d\ude41\ud83d\ude41\ud83d\ude41\ud83d\ude41\ud83d\ude41\ud83d\ude41\ud83d\ude41\ud83d\ude41\ud83d\ude41\ud83d\ude41\ud83d\ude41\ud83d\ude41\ud83d\ude41\ud83d\ude41\ud83d\ude41\ud83d\ude41\ud83d\ude41\ud83d\ude41\ud83d\ude41\ud83d\ude41\ud83d\ude41\ud83d\ude41\ud83d\ude41\ud83d\ude41\ud83d\ude41\ud83d\ude41\ud83d\ude41\ud83d\ude41\ud83d\ude41\ud83d\ude41\ud83d\ude41\ud83d\ude41\ud83d\ude41\ud83d\ude41\ud83d\ude41\ud83d\ude41\ud83d\ude41\ud83d\ude41\ud83d\ude41\ud83d\ude41\ud83d\ude41\ud83d\ude41\ud83d\ude41\ud83d\ude41\ud83d\ude41\ud83d\ude41\ud83d\ude41\ud83d\ude41\n|\n|t:|1700451894\n|start\n|switch|p1a: Hikari|Kartana, shiny|100\/100\n|switch|p1b: Therion|Landorus-Therian, M|100\/100\n|switch|p2a: Indeedee|Indeedee-F, F|100\/100\n|switch|p2b: Armarouge|Armarouge, F|100\/100\n|-fieldstart|move: Psychic Terrain|[from] ability: Psychic Surge|[of] p2a: Indeedee\n|-ability|p1b: Therion|Intimidate|boost\n|-unboost|p2a: Indeedee|atk|1\n|-unboost|p2b: Armarouge|atk|1\n|-enditem|p2b: Armarouge|White Herb\n|-clearnegativeboost|p2b: Armarouge|[silent]\n|turn|1\n|\n|t:|1700451912\n|move|p1a: Hikari|Tailwind|p1a: Hikari\n|-sidestart|p1: NoseHairs420|move: Tailwind\n|move|p1b: Therion|Rock Slide|p2b: Armarouge|[spread] p2a,p2b\n|-crit|p2a: Indeedee\n|-supereffective|p2b: Armarouge\n|-damage|p2a: Indeedee|50\/100\n|-damage|p2b: Armarouge|61\/100\n|move|p2a: Indeedee|Reflect|p2a: Indeedee\n|-sidestart|p2: sans525262|Reflect\n|move|p2b: Armarouge|Armor Cannon|p1a: Hikari\n|-supereffective|p1a: Hikari\n|-crit|p1a: Hikari\n|-enditem|p1a: Hikari|Focus Sash\n|-damage|p1a: Hikari|1\/100\n|-unboost|p2b: Armarouge|def|1\n|-unboost|p2b: Armarouge|spd|1\n|\n|upkeep\n|turn|2\n|j| Eliminathan\n|j| Shiny_Hero64\n|\n|t:|1700451941\n|move|p1a: Hikari|Smart Strike|p2b: Armarouge\n|-resisted|p2b: Armarouge\n|-damage|p2b: Armarouge|41\/100\n|move|p1b: Therion|Rock Slide|p2a: Indeedee|[spread] p2a,p2b\n|-supereffective|p2b: Armarouge\n|-damage|p2a: Indeedee|31\/100\n|-damage|p2b: Armarouge|0 fnt\n|faint|p2b: Armarouge\n|move|p2a: Indeedee|Expanding Force|p1a: Hikari|[spread] p1a,p1b\n|-resisted|p1a: Hikari\n|-damage|p1a: Hikari|0 fnt\n|-damage|p1b: Therion|52\/100\n|faint|p1a: Hikari\n|\n|upkeep\n|\n|t:|1700451962\n|switch|p1a: Point of the Mask|Ogerpon-Hearthflame, F|100\/100\n|switch|p2b: Victini|Victini|100\/100\n|-ability|p1a: Point of the Mask|Mold Breaker\n|turn|3\n|\n|t:|1700451983\n|move|p1a: Point of the Mask|Ivy Cudgel|p2a: Indeedee|[anim] Ivy Cudgel Fire\n|-crit|p2a: Indeedee\n|-damage|p2a: Indeedee|0 fnt\n|faint|p2a: Indeedee\n|move|p1b: Therion|Knock Off|p2b: Victini\n|-supereffective|p2b: Victini\n|-damage|p2b: Victini|50\/100\n|-enditem|p2b: Victini|Choice Specs|[from] move: Knock Off|[of] p1b: Therion\n|move|p2b: Victini|Expanding Force|p1b: Therion|[spread] p1a,p1b\n|-damage|p1a: Point of the Mask|40\/100\n|-damage|p1b: Therion|0 fnt\n|faint|p1b: Therion\n|\n|upkeep\n|\n|t:|1700452001\n|switch|p2a: Charizard|Charizard, F|100\/100\n|switch|p1b: Kuna|Kommo-o, F|100\/100\n|turn|4\n|\n|t:|1700452012\n|detailschange|p2a: Charizard|Charizard-Mega-Y, F\n|-mega|p2a: Charizard|Charizard|Charizardite Y\n|-weather|SunnyDay|[from] ability: Drought|[of] p2a: Charizard\n|move|p1a: Point of the Mask|Follow Me|p1a: Point of the Mask\n|-singleturn|p1a: Point of the Mask|move: Follow Me\n|-zpower|p1b: Kuna\n|move|p1b: Kuna|Clangorous Soulblaze|p2a: Charizard|[zeffect]|[spread] p2a,p2b\n|-damage|p2a: Charizard|47\/100\n|-damage|p2b: Victini|0 fnt\n|faint|p2b: Victini\n|-boost|p1b: Kuna|atk|1\n|-boost|p1b: Kuna|def|1\n|-boost|p1b: Kuna|spa|1\n|-boost|p1b: Kuna|spd|1\n|-boost|p1b: Kuna|spe|1\n|move|p2a: Charizard|Air Slash|p1a: Point of the Mask\n|-supereffective|p1a: Point of the Mask\n|-damage|p1a: Point of the Mask|0 fnt\n|faint|p1a: Point of the Mask\n|\n|-weather|SunnyDay|[upkeep]\n|-sideend|p1: NoseHairs420|move: Tailwind\n|upkeep\n|\n|t:|1700452032\n|switch|p1a: Timerra|Gardevoir, F, shiny|100\/100\n|switch|p2b: Ogerpon|Ogerpon-Hearthflame, F|100\/100\n|-ability|p2b: Ogerpon|Mold Breaker\n|turn|5\n|\n|t:|1700452050\n|detailschange|p1a: Timerra|Gardevoir-Mega, F, shiny\n|-mega|p1a: Timerra|Gardevoir|Gardevoirite\n|move|p1b: Kuna|Clanging Scales|p2a: Charizard|[spread] p2a,p2b\n|-damage|p2a: Charizard|0 fnt\n|-damage|p2b: Ogerpon|36\/100\n|faint|p2a: Charizard\n|-unboost|p1b: Kuna|def|1\n|move|p2b: Ogerpon|Swords Dance|p2b: Ogerpon\n|-boost|p2b: Ogerpon|atk|2\n|move|p1a: Timerra|Hyper Voice|p2b: Ogerpon\n|-resisted|p2b: Ogerpon\n|-damage|p2b: Ogerpon|0 fnt\n|faint|p2b: Ogerpon\n|\n|-weather|SunnyDay|[upkeep]\n|-fieldend|move: Psychic Terrain\n|upkeep\n|\n|t:|1700452056\n|switch|p2b: Amoonguss|Amoonguss, M|100\/100\n|turn|6\n|\n|t:|1700452067\n|-terastallize|p2b: Amoonguss|Grass\n|move|p1b: Kuna|Flamethrower|p2b: Amoonguss\n|-supereffective|p2b: Amoonguss\n|-damage|p2b: Amoonguss|0 fnt\n|faint|p2b: Amoonguss\n|\n|win|NoseHairs420\n|l| Ryan1Baek\n","uploadtime":1700452075,"views":3,"p1id":"nosehairs420","p2id":"sans525262","formatid":"gen9nationaldexdoubles","rating":0,"private":0,"password":""}