{"id":"gen9nationaldexdoubles-1949147721","p1":"Theadonia","p2":"0HappyDays0","format":"[Gen 9] National Dex Doubles","log":"|j|\u2606Theadonia\n|j|\u26060HappyDays0\n|t:|1695329855\n|gametype|doubles\n|player|p1|Theadonia|caitlin|1125\n|player|p2|0HappyDays0|hilbert|1028\n|teamsize|p1|6\n|teamsize|p2|6\n|gen|9\n|tier|[Gen 9] National Dex Doubles\n|rated|\n|rule|HP Percentage Mod: HP is shown in percentages\n|rule|Endless Battle Clause: Forcing endless battles is banned\n|rule|OHKO Clause: OHKO moves are banned\n|rule|Evasion Moves Clause: Evasion moves are banned\n|rule|Evasion Abilities Clause: Evasion abilities are banned\n|rule|Species Clause: Limit one of each Pok\u00e9mon\n|rule|Gravity Sleep Clause: The combination of sleep-inducing moves with imperfect accuracy and Gravity or Gigantamax Orbeetle are banned\n|clearpoke\n|poke|p1|Banette, F|\n|poke|p1|Oricorio-Pom-Pom, F|\n|poke|p1|Kommo-o, F|\n|poke|p1|Liepard, F|\n|poke|p1|Stakataka|\n|poke|p1|Sneasler, M|\n|poke|p2|Gliscor, M|\n|poke|p2|Maushold|\n|poke|p2|Blissey, F|\n|poke|p2|Toxapex, F|\n|poke|p2|Eevee, M|\n|poke|p2|Bellibolt, M|\n|teampreview\n|\n|t:|1695329878\n|start\n|switch|p1a: uwontbreakmy|Kommo-o, F, shiny|100\/100\n|switch|p1b: I\u2019m sorry in adv|Oricorio-Pom-Pom, F, shiny|100\/100\n|switch|p2a: hehe|Eevee, M|100\/100\n|switch|p2b: BearTrap|Toxapex, F|100\/100\n|-ability|p2a: hehe|Anticipation\n|turn|1\n|\n|t:|1695329899\n|move|p1a: uwontbreakmy|Drain Punch|p2a: hehe\n|-supereffective|p2a: hehe\n|-damage|p2a: hehe|12\/100\n|-damage|p1a: uwontbreakmy|84\/100|[from] item: Rocky Helmet|[of] p2a: hehe\n|move|p1b: I\u2019m sorry in adv|Revelation Dance|p2a: hehe\n|-damage|p2a: hehe|0 fnt\n|faint|p2a: hehe\n|move|p2b: BearTrap|Toxic Spikes|p1a: uwontbreakmy\n|-sidestart|p1: Theadonia|move: Toxic Spikes\n|\n|upkeep\n|\n|t:|1695329924\n|switch|p2a: Household|Maushold|100\/100\n|turn|2\n|\n|t:|1695329934\n|move|p2b: BearTrap|Baneful Bunker|p2b: BearTrap\n|-singleturn|p2b: BearTrap|move: Protect\n|move|p2a: Household|Population Bomb|p1b: I\u2019m sorry in adv\n|-damage|p1b: I\u2019m sorry in adv|94\/100\n|-damage|p1b: I\u2019m sorry in adv|88\/100\n|-damage|p1b: I\u2019m sorry in adv|82\/100\n|-damage|p1b: I\u2019m sorry in adv|76\/100\n|-damage|p1b: I\u2019m sorry in adv|69\/100\n|-hitcount|p1b: I\u2019m sorry in adv|5\n|move|p1a: uwontbreakmy|Clangorous Soul|p1a: uwontbreakmy\n|-boost|p1a: uwontbreakmy|atk|1\n|-boost|p1a: uwontbreakmy|def|1\n|-boost|p1a: uwontbreakmy|spa|1\n|-boost|p1a: uwontbreakmy|spd|1\n|-boost|p1a: uwontbreakmy|spe|1\n|-damage|p1a: uwontbreakmy|51\/100\n|-activate|p1b: I\u2019m sorry in adv|ability: Dancer\n|move|p1b: I\u2019m sorry in adv|Clangorous Soul|p1b: I\u2019m sorry in adv|[from]ability: Dancer\n|-boost|p1b: I\u2019m sorry in adv|atk|1\n|-boost|p1b: I\u2019m sorry in adv|def|1\n|-boost|p1b: I\u2019m sorry in adv|spa|1\n|-boost|p1b: I\u2019m sorry in adv|spd|1\n|-boost|p1b: I\u2019m sorry in adv|spe|1\n|-damage|p1b: I\u2019m sorry in adv|36\/100\n|-enditem|p1b: I\u2019m sorry in adv|Sitrus Berry|[eat]\n|-heal|p1b: I\u2019m sorry in adv|61\/100|[from] item: Sitrus Berry\n|move|p1b: I\u2019m sorry in adv|Quiver Dance|p1b: I\u2019m sorry in adv\n|-boost|p1b: I\u2019m sorry in adv|spa|1\n|-boost|p1b: I\u2019m sorry in adv|spd|1\n|-boost|p1b: I\u2019m sorry in adv|spe|1\n|\n|upkeep\n|turn|3\n|\n|t:|1695329978\n|move|p1b: I\u2019m sorry in adv|Revelation Dance|p2b: BearTrap\n|-supereffective|p2b: BearTrap\n|-damage|p2b: BearTrap|26\/100\n|move|p1a: uwontbreakmy|Drain Punch|p2a: Household\n|-supereffective|p2a: Household\n|-damage|p2a: Household|0 fnt\n|-heal|p1a: uwontbreakmy|100\/100|[from] drain|[of] p2a: Household\n|faint|p2a: Household\n|move|p2b: BearTrap|Toxic Spikes|p1a: uwontbreakmy\n|-sidestart|p1: Theadonia|move: Toxic Spikes\n|\n|upkeep\n|inactive|Battle timer is ON: inactive players will automatically lose when time's up. (requested by Theadonia)\n|l|\u2606Theadonia\n|inactive|Theadonia disconnected and has a minute to reconnect!\n|player|p1|\n|\n|t:|1695329996\n|switch|p2a: eugh.|Bellibolt, M|100\/100\n|turn|4\n|j|\u2606Theadonia\n|inactive|Theadonia reconnected and has 150 seconds left.\n|player|p1|Theadonia|caitlin\n|l|\u26060HappyDays0\n|inactive|0HappyDays0 disconnected and has a minute to reconnect!\n|player|p2|\n|j|\u26060HappyDays0\n|inactive|0HappyDays0 reconnected and has 140 seconds left.\n|player|p2|0HappyDays0|hilbert\n|\n|t:|1695330015\n|move|p2b: BearTrap|Baneful Bunker|p2b: BearTrap\n|-singleturn|p2b: BearTrap|move: Protect\n|move|p1b: I\u2019m sorry in adv|Quiver Dance|p1b: I\u2019m sorry in adv\n|-boost|p1b: I\u2019m sorry in adv|spa|1\n|-boost|p1b: I\u2019m sorry in adv|spd|1\n|-boost|p1b: I\u2019m sorry in adv|spe|1\n|move|p1a: uwontbreakmy|Clangorous Soul|p1a: uwontbreakmy\n|-boost|p1a: uwontbreakmy|atk|1\n|-boost|p1a: uwontbreakmy|def|1\n|-boost|p1a: uwontbreakmy|spa|1\n|-boost|p1a: uwontbreakmy|spd|1\n|-boost|p1a: uwontbreakmy|spe|1\n|-damage|p1a: uwontbreakmy|68\/100\n|-activate|p1b: I\u2019m sorry in adv|ability: Dancer\n|move|p1b: I\u2019m sorry in adv|Clangorous Soul|p1b: I\u2019m sorry in adv|[from]ability: Dancer\n|-boost|p1b: I\u2019m sorry in adv|atk|1\n|-boost|p1b: I\u2019m sorry in adv|def|1\n|-boost|p1b: I\u2019m sorry in adv|spa|1\n|-boost|p1b: I\u2019m sorry in adv|spd|1\n|-boost|p1b: I\u2019m sorry in adv|spe|1\n|-damage|p1b: I\u2019m sorry in adv|28\/100\n|move|p2a: eugh.|Muddy Water|p1a: uwontbreakmy|[spread] p1a,p1b\n|-resisted|p1a: uwontbreakmy\n|-damage|p1a: uwontbreakmy|63\/100\n|-damage|p1b: I\u2019m sorry in adv|21\/100\n|-unboost|p1b: I\u2019m sorry in adv|accuracy|1\n|\n|upkeep\n|turn|5\n|inactive|0HappyDays0 has 120 seconds left.\n|\n|t:|1695330053\n|move|p1b: I\u2019m sorry in adv|Baton Pass|p1b: I\u2019m sorry in adv\n|\n|t:|1695330068\n|switch|p1b: Millennium Puzzle|Stakataka, shiny|100\/100|[from] Baton Pass\n|move|p1a: uwontbreakmy|Drain Punch|p2a: eugh.\n|-damage|p2a: eugh.|60\/100\n|-heal|p1a: uwontbreakmy|92\/100|[from] drain|[of] p2a: eugh.\n|-start|p2a: eugh.|Charge|Drain Punch|[from] ability: Electromorphosis\n|move|p2a: eugh.|Thunder|p1a: uwontbreakmy\n|-resisted|p1a: uwontbreakmy\n|-damage|p1a: uwontbreakmy|69\/100\n|-end|p2a: eugh.|Charge|[silent]\n|move|p2b: BearTrap|Hex|p1b: Millennium Puzzle\n|-damage|p1b: Millennium Puzzle|97\/100\n|\n|-heal|p1b: Millennium Puzzle|100\/100|[from] item: Leftovers\n|upkeep\n|turn|6\n|inactive|0HappyDays0 has 120 seconds left.\n|\n|t:|1695330097\n|move|p2b: BearTrap|Baneful Bunker|p2b: BearTrap\n|-singleturn|p2b: BearTrap|move: Protect\n|move|p1a: uwontbreakmy|Scale Shot|p2b: BearTrap\n|-activate|p2b: BearTrap|move: Protect\n|move|p1b: Millennium Puzzle|Body Press|p2a: eugh.\n|-crit|p2a: eugh.\n|-damage|p2a: eugh.|0 fnt\n|faint|p2a: eugh.\n|-ability|p1b: Millennium Puzzle|Beast Boost|boost\n|-boost|p1b: Millennium Puzzle|def|1\n|\n|upkeep\n|inactive|0HappyDays0 has 120 seconds left.\n|\n|t:|1695330110\n|switch|p2a: egg|Blissey, F|100\/100\n|turn|7\n|c|\u26060HappyDays0|holy fuck\n|inactive|0HappyDays0 has 120 seconds left.\n|\n|t:|1695330134\n|move|p1a: uwontbreakmy|Drain Punch|p2a: egg\n|-supereffective|p2a: egg\n|-damage|p2a: egg|0 fnt\n|-heal|p1a: uwontbreakmy|100\/100|[from] drain|[of] p2a: egg\n|faint|p2a: egg\n|move|p1b: Millennium Puzzle|Rock Slide|p2b: BearTrap|[miss]\n|-miss|p1b: Millennium Puzzle|p2b: BearTrap\n|move|p2b: BearTrap|Hex|p1b: Millennium Puzzle\n|-damage|p1b: Millennium Puzzle|97\/100\n|\n|-heal|p1b: Millennium Puzzle|100\/100|[from] item: Leftovers\n|upkeep\n|inactive|0HappyDays0 has 120 seconds left.\n|\n|t:|1695330146\n|switch|p2a: little crab man|Gliscor, M|100\/100\n|turn|8\n|\n|t:|1695330161\n|-terastallize|p1b: Millennium Puzzle|Ghost\n|move|p2b: BearTrap|Baneful Bunker|p2b: BearTrap\n|-singleturn|p2b: BearTrap|move: Protect\n|move|p1a: uwontbreakmy|Scale Shot|p2b: BearTrap\n|-activate|p2b: BearTrap|move: Protect\n|move|p2a: little crab man|Brick Break|p1b: Millennium Puzzle\n|-immune|p1b: Millennium Puzzle\n|move|p1b: Millennium Puzzle|Heavy Slam|p2a: little crab man\n|-damage|p2a: little crab man|2\/100\n|\n|-status|p2a: little crab man|tox|[from] item: Toxic Orb\n|upkeep\n|turn|9\n|\n|t:|1695330183\n|move|p1a: uwontbreakmy|Scale Shot|p2b: BearTrap\n|-damage|p2b: BearTrap|10\/100\n|-damage|p2b: BearTrap|0 fnt\n|faint|p2b: BearTrap\n|-hitcount|p2: BearTrap|2\n|-unboost|p1a: uwontbreakmy|def|1\n|-boost|p1a: uwontbreakmy|spe|1\n|move|p2a: little crab man|Facade|p1a: uwontbreakmy\n|-crit|p1a: uwontbreakmy\n|-damage|p1a: uwontbreakmy|41\/100\n|move|p1b: Millennium Puzzle|Rock Slide|p2a: little crab man\n|-damage|p2a: little crab man|0 fnt\n|faint|p2a: little crab man\n|\n|win|Theadonia\n|raw|Theadonia's rating: 1125 &rarr; <strong>1143<\/strong><br \/>(+18 for winning)\n|raw|0HappyDays0's rating: 1028 &rarr; <strong>1018<\/strong><br \/>(-10 for losing)\n|l|\u26060HappyDays0\n|c|\u2606Theadonia|Gg\n","uploadtime":1695330204,"views":5,"p1id":"theadonia","p2id":"0happydays0","formatid":"gen9nationaldexdoubles","rating":1018,"private":0,"password":""}