{"id":"gen9nationaldexdoubles-2000524398","p1":"guerilladilemma","p2":"fumbari 24","format":"[Gen 9] National Dex Doubles","log":"|j|\u2606guerilladilemma\n|j|\u2606fumbari 24\n|t:|1701202116\n|gametype|doubles\n|player|p1|guerilladilemma|266|1195\n|player|p2|fumbari 24|hilbert|1352\n|teamsize|p1|6\n|teamsize|p2|6\n|gen|9\n|tier|[Gen 9] National Dex Doubles\n|rated|\n|rule|HP Percentage Mod: HP is shown in percentages\n|rule|Endless Battle Clause: Forcing endless battles is banned\n|rule|OHKO Clause: OHKO moves are banned\n|rule|Evasion Moves Clause: Evasion moves are banned\n|rule|Evasion Abilities Clause: Evasion abilities are banned\n|rule|Species Clause: Limit one of each Pok\u00e9mon\n|rule|Gravity Sleep Clause: The combination of sleep-inducing moves with imperfect accuracy and Gravity or Gigantamax Orbeetle are banned\n|clearpoke\n|poke|p1|Enamorus, F|\n|poke|p1|Thundurus, M|\n|poke|p1|Keldeo|\n|poke|p1|Iron Treads|\n|poke|p1|Garganacl, F|\n|poke|p1|Toxapex, M|\n|poke|p2|Murkrow, M|\n|poke|p2|Necrozma|\n|poke|p2|Gothitelle, F|\n|poke|p2|Brute Bonnet|\n|poke|p2|Charizard, M|\n|poke|p2|Dragapult, M|\n|teampreview\n|inactive|Battle timer is ON: inactive players will automatically lose when time's up. (requested by guerilladilemma)\n|\n|t:|1701202125\n|start\n|switch|p1a: Garganacl|Garganacl, F|100\/100\n|switch|p1b: Toxapex|Toxapex, M|100\/100\n|switch|p2a: Necrozma|Necrozma|100\/100\n|switch|p2b: Gothitelle|Gothitelle, F|100\/100\n|turn|1\n|\n|t:|1701202146\n|-terastallize|p2a: Necrozma|Poison\n|-terastallize|p1a: Garganacl|Dragon\n|move|p2b: Gothitelle|Fake Out|p1a: Garganacl\n|-damage|p1a: Garganacl|97\/100\n|move|p2a: Necrozma|Calm Mind|p2a: Necrozma\n|-boost|p2a: Necrozma|spa|1\n|-boost|p2a: Necrozma|spd|1\n|cant|p1a: Garganacl|flinch\n|move|p1b: Toxapex|Toxic|p2b: Gothitelle\n|-status|p2b: Gothitelle|tox\n|\n|-heal|p1a: Garganacl|100\/100|[from] item: Leftovers\n|-damage|p2b: Gothitelle|94\/100 tox|[from] psn\n|upkeep\n|turn|2\n|\n|t:|1701202175\n|move|p2b: Gothitelle|Helping Hand|p2a: Necrozma\n|-singleturn|p2a: Necrozma|Helping Hand|[of] p2b: Gothitelle\n|move|p2a: Necrozma|Photon Geyser|p1b: Toxapex\n|-supereffective|p1b: Toxapex\n|-damage|p1b: Toxapex|0 fnt\n|faint|p1b: Toxapex\n|move|p1a: Garganacl|Substitute|p1a: Garganacl\n|-start|p1a: Garganacl|Substitute\n|-damage|p1a: Garganacl|75\/100\n|\n|-heal|p1a: Garganacl|82\/100|[from] item: Leftovers\n|-damage|p2b: Gothitelle|82\/100 tox|[from] psn\n|upkeep\n|inactive|guerilladilemma has 120 seconds left.\n|\n|t:|1701202190\n|switch|p1b: Iron Treads|Iron Treads|100\/100\n|turn|3\n|\n|t:|1701202195\n|move|p2a: Necrozma|Protect|p2a: Necrozma\n|-singleturn|p2a: Necrozma|Protect\n|move|p1a: Garganacl|Protect|p1a: Garganacl\n|-singleturn|p1a: Garganacl|Protect\n|move|p1b: Iron Treads|Earthquake|p2b: Gothitelle|[spread] p2b\n|-activate|p1a: Garganacl|move: Protect\n|-activate|p2a: Necrozma|move: Protect\n|-damage|p2b: Gothitelle|59\/100 tox\n|move|p2b: Gothitelle|Psychic|p1a: Garganacl\n|-activate|p1a: Garganacl|move: Protect\n|\n|-heal|p1a: Garganacl|88\/100|[from] item: Leftovers\n|-damage|p2b: Gothitelle|41\/100 tox|[from] psn\n|upkeep\n|-enditem|p2b: Gothitelle|Sitrus Berry|[eat]\n|-heal|p2b: Gothitelle|66\/100 tox|[from] item: Sitrus Berry\n|turn|4\n|\n|t:|1701202215\n|move|p1b: Iron Treads|Earthquake|p2a: Necrozma|[spread] p1a,p2a,p2b\n|-activate|p1a: Garganacl|move: Substitute|[damage]\n|-supereffective|p2a: Necrozma\n|-damage|p2a: Necrozma|66\/100\n|-damage|p2b: Gothitelle|42\/100 tox\n|move|p2a: Necrozma|Photon Geyser|p1a: Garganacl\n|-end|p1a: Garganacl|Substitute\n|move|p2b: Gothitelle|Psychic|p1a: Garganacl\n|-damage|p1a: Garganacl|67\/100\n|-unboost|p1a: Garganacl|spd|1\n|move|p1a: Garganacl|Salt Cure|p2a: Necrozma\n|-damage|p2a: Necrozma|53\/100\n|-start|p2a: Necrozma|Salt Cure\n|\n|-heal|p1a: Garganacl|73\/100|[from] item: Leftovers\n|-damage|p2b: Gothitelle|17\/100 tox|[from] psn\n|-damage|p2a: Necrozma|41\/100|[from] Salt Cure\n|upkeep\n|turn|5\n|inactive|guerilladilemma has 120 seconds left.\n|\n|t:|1701202249\n|move|p2b: Gothitelle|Helping Hand|p2a: Necrozma\n|-singleturn|p2a: Necrozma|Helping Hand|[of] p2b: Gothitelle\n|move|p1a: Garganacl|Protect|p1a: Garganacl\n|-singleturn|p1a: Garganacl|Protect\n|move|p1b: Iron Treads|Rapid Spin|p2a: Necrozma\n|-crit|p2a: Necrozma\n|-damage|p2a: Necrozma|23\/100\n|-boost|p1b: Iron Treads|spe|1\n|-enditem|p2a: Necrozma|Wiki Berry|[eat]\n|-heal|p2a: Necrozma|56\/100|[from] item: Wiki Berry\n|move|p2a: Necrozma|Earth Power|p1b: Iron Treads\n|-supereffective|p1b: Iron Treads\n|-damage|p1b: Iron Treads|0 fnt\n|faint|p1b: Iron Treads\n|-end|p1b: Iron Treads|Quark Drive|[silent]\n|\n|-heal|p1a: Garganacl|79\/100|[from] item: Leftovers\n|-damage|p2b: Gothitelle|0 fnt|[from] psn\n|faint|p2b: Gothitelle\n|-damage|p2a: Necrozma|44\/100|[from] Salt Cure\n|upkeep\n|\n|t:|1701202276\n|switch|p1b: Keldeo|Keldeo|100\/100\n|switch|p2b: Charizard|Charizard, M, shiny|100\/100\n|turn|6\n|\n|t:|1701202285\n|detailschange|p2b: Charizard|Charizard-Mega-Y, M, shiny\n|-mega|p2b: Charizard|Charizard|Charizardite Y\n|-weather|SunnyDay|[from] ability: Drought|[of] p2b: Charizard\n|move|p1b: Keldeo|Icy Wind|p2b: Charizard|[spread] p2a,p2b\n|-crit|p2a: Necrozma\n|-damage|p2a: Necrozma|26\/100\n|-damage|p2b: Charizard|89\/100\n|-unboost|p2a: Necrozma|spe|1\n|-unboost|p2b: Charizard|spe|1\n|move|p2b: Charizard|Heat Wave|p1a: Garganacl|[spread] p1a,p1b\n|-resisted|p1a: Garganacl\n|-resisted|p1b: Keldeo\n|-damage|p1a: Garganacl|47\/100\n|-damage|p1b: Keldeo|69\/100\n|move|p2a: Necrozma|Photon Geyser|p1a: Garganacl\n|-damage|p1a: Garganacl|0 fnt\n|faint|p1a: Garganacl\n|\n|-weather|SunnyDay|[upkeep]\n|-heal|p1b: Keldeo|76\/100|[from] item: Leftovers\n|-damage|p2a: Necrozma|14\/100|[from] Salt Cure\n|upkeep\n|\n|t:|1701202315\n|switch|p1a: Thundurus|Thundurus, M|100\/100\n|turn|7\n|\n|t:|1701202345\n|move|p1a: Thundurus|Thunder Wave|p2a: Necrozma\n|-status|p2a: Necrozma|par\n|move|p1b: Keldeo|Scald|p2b: Charizard\n|-supereffective|p2b: Charizard\n|-damage|p2b: Charizard|57\/100\n|move|p2b: Charizard|Heat Wave|p1a: Thundurus|[spread] p1a,p1b\n|-resisted|p1b: Keldeo\n|-damage|p1a: Thundurus|47\/100\n|-damage|p1b: Keldeo|45\/100\n|move|p2a: Necrozma|Photon Geyser|p1b: Keldeo\n|-supereffective|p1b: Keldeo\n|-damage|p1b: Keldeo|0 fnt\n|faint|p1b: Keldeo\n|\n|-weather|SunnyDay|[upkeep]\n|-heal|p1a: Thundurus|53\/100|[from] item: Leftovers\n|-damage|p2a: Necrozma|2\/100 par|[from] Salt Cure\n|upkeep\n|\n|t:|1701202362\n|switch|p1b: Enamorus|Enamorus, F|100\/100\n|turn|8\n|\n|t:|1701202370\n|move|p1a: Thundurus|Eerie Impulse|p1b: Enamorus\n|-boost|p1b: Enamorus|spa|2\n|move|p1b: Enamorus|Dazzling Gleam|p2a: Necrozma|[spread] p2a,p2b\n|-resisted|p2a: Necrozma\n|-resisted|p2b: Charizard\n|-damage|p2a: Necrozma|0 fnt\n|-damage|p2b: Charizard|3\/100\n|faint|p2a: Necrozma\n|move|p2b: Charizard|Heat Wave|p1b: Enamorus|[spread] p1b\n|-miss|p2b: Charizard|p1a: Thundurus\n|-damage|p1b: Enamorus|9\/100\n|\n|-weather|SunnyDay|[upkeep]\n|-heal|p1a: Thundurus|59\/100|[from] item: Leftovers\n|upkeep\n|\n|t:|1701202382\n|switch|p2a: Brute Bonnet|Brute Bonnet|100\/100\n|-activate|p2a: Brute Bonnet|ability: Protosynthesis\n|-start|p2a: Brute Bonnet|protosynthesisatk\n|turn|9\n|\n|t:|1701202391\n|move|p1a: Thundurus|Eerie Impulse|p1b: Enamorus\n|-boost|p1b: Enamorus|spa|2\n|move|p2a: Brute Bonnet|Sucker Punch|p1b: Enamorus\n|-resisted|p1b: Enamorus\n|-crit|p1b: Enamorus\n|-damage|p1b: Enamorus|0 fnt\n|faint|p1b: Enamorus\n|move|p2b: Charizard|Heat Wave|p1a: Thundurus\n|-damage|p1a: Thundurus|0 fnt\n|faint|p1a: Thundurus\n|\n|win|fumbari 24\n|raw|guerilladilemma's rating: 1195 &rarr; <strong>1181<\/strong><br \/>(-14 for losing)\n|raw|fumbari 24's rating: 1352 &rarr; <strong>1364<\/strong><br \/>(+12 for winning)\n|l|\u2606guerilladilemma\n","uploadtime":1701202403,"views":19,"p1id":"guerilladilemma","p2id":"fumbari24","formatid":"gen9nationaldexdoubles","rating":1181,"private":0,"password":""}