{"id":"gen9nationaldexdoubles-1955215226","p1":"OrangeLord","p2":"zhangjiayi","format":"[Gen 9] National Dex Doubles","log":"|j|\u2606OrangeLord\n|j|\u2606zhangjiayi\n|t:|1695972707\n|gametype|doubles\n|player|p1|OrangeLord|will|1299\n|player|p2|zhangjiayi|1|1077\n|teamsize|p1|6\n|teamsize|p2|6\n|gen|9\n|tier|[Gen 9] National Dex Doubles\n|rated|\n|rule|HP Percentage Mod: HP is shown in percentages\n|rule|Endless Battle Clause: Forcing endless battles is banned\n|rule|OHKO Clause: OHKO moves are banned\n|rule|Evasion Moves Clause: Evasion moves are banned\n|rule|Evasion Abilities Clause: Evasion abilities are banned\n|rule|Species Clause: Limit one of each Pok\u00e9mon\n|rule|Gravity Sleep Clause: The combination of sleep-inducing moves with imperfect accuracy and Gravity or Gigantamax Orbeetle are banned\n|clearpoke\n|poke|p1|Audino, F|\n|poke|p1|Ursaluna, M|\n|poke|p1|Indeedee-F, F|\n|poke|p1|Wyrdeer, M|\n|poke|p1|Drampa, M|\n|poke|p1|Porygon2|\n|poke|p2|Crawdaunt, M|\n|poke|p2|Politoed, M|\n|poke|p2|Toxicroak, F|\n|poke|p2|Ogerpon-Wellspring, F|\n|poke|p2|Volcanion|\n|poke|p2|Swampert, F|\n|teampreview\n|\n|t:|1695972732\n|start\n|switch|p1a: Porygon2|Porygon2, shiny|100\/100\n|switch|p1b: Wyrdeer|Wyrdeer, M, shiny|100\/100\n|switch|p2a: Politoed|Politoed, M|100\/100\n|switch|p2b: Volcanion|Volcanion|100\/100\n|-weather|RainDance|[from] ability: Drizzle|[of] p2a: Politoed\n|-ability|p1b: Wyrdeer|Intimidate|boost\n|-unboost|p2a: Politoed|atk|1\n|-unboost|p2b: Volcanion|atk|1\n|-ability|p1a: Porygon2|Water Absorb|[from] ability: Trace|[of] p2b: Volcanion\n|turn|1\n|\n|t:|1695972750\n|move|p2a: Politoed|Surf|p1b: Wyrdeer|[spread] p1b\n|-immune|p2b: Volcanion|[from] ability: Water Absorb\n|-immune|p1a: Porygon2|[from] ability: Water Absorb\n|-damage|p1b: Wyrdeer|65\/100\n|move|p2b: Volcanion|Steam Eruption|p1b: Wyrdeer\n|-damage|p1b: Wyrdeer|0 fnt\n|faint|p1b: Wyrdeer\n|move|p1a: Porygon2|Thunderbolt|p2a: Politoed\n|-supereffective|p2a: Politoed\n|-damage|p2a: Politoed|54\/100\n|-status|p2a: Politoed|par\n|\n|-weather|RainDance|[upkeep]\n|upkeep\n|\n|t:|1695972770\n|switch|p1b: Ursaluna|Ursaluna, M|100\/100\n|turn|2\n|\n|t:|1695972784\n|move|p1b: Ursaluna|Protect|p1b: Ursaluna\n|-singleturn|p1b: Ursaluna|Protect\n|move|p2b: Volcanion|Steam Eruption|p1b: Ursaluna\n|-activate|p1b: Ursaluna|move: Protect\n|cant|p2a: Politoed|par\n|move|p1a: Porygon2|Trick Room|p1a: Porygon2\n|-fieldstart|move: Trick Room|[of] p1a: Porygon2\n|\n|-weather|RainDance|[upkeep]\n|-status|p1b: Ursaluna|brn|[from] item: Flame Orb\n|upkeep\n|turn|3\n|\n|t:|1695972805\n|move|p2a: Politoed|Hidden Power|p1a: Porygon2\n|-damage|p1a: Porygon2|88\/100\n|move|p1b: Ursaluna|Facade|p2b: Volcanion\n|-damage|p2b: Volcanion|0 fnt\n|faint|p2b: Volcanion\n|move|p1a: Porygon2|Thunderbolt|p2a: Politoed\n|-supereffective|p2a: Politoed\n|-damage|p2a: Politoed|4\/100 par\n|\n|-weather|RainDance|[upkeep]\n|-damage|p1b: Ursaluna|94\/100 brn|[from] brn\n|upkeep\n|\n|t:|1695972826\n|switch|p2b: Crawdaunt|Crawdaunt, M|100\/100\n|turn|4\n|\n|t:|1695972839\n|switch|p1b: Indeedee|Indeedee-F, F, shiny|100\/100\n|-fieldstart|move: Psychic Terrain|[from] ability: Psychic Surge|[of] p1b: Indeedee\n|-terastallize|p2b: Crawdaunt|Water\n|move|p2b: Crawdaunt|Aqua Jet|p1b: Indeedee\n|-activate|p1b: Indeedee|move: Psychic Terrain\n|move|p2a: Politoed|Earth Power|p1a: Porygon2\n|-damage|p1a: Porygon2|68\/100\n|move|p1a: Porygon2|Thunderbolt|p2a: Politoed\n|-supereffective|p2a: Politoed\n|-damage|p2a: Politoed|0 fnt\n|faint|p2a: Politoed\n|\n|-weather|RainDance|[upkeep]\n|upkeep\n|\n|t:|1695972857\n|switch|p2a: Toxicroak|Toxicroak, F|100\/100\n|turn|5\n|\n|t:|1695972870\n|move|p1b: Indeedee|Helping Hand|p1a: Porygon2\n|-singleturn|p1a: Porygon2|Helping Hand|[of] p1b: Indeedee\n|move|p1a: Porygon2|Thunderbolt|p2b: Crawdaunt\n|-supereffective|p2b: Crawdaunt\n|-damage|p2b: Crawdaunt|0 fnt\n|faint|p2b: Crawdaunt\n|move|p2a: Toxicroak|Drain Punch|p1a: Porygon2\n|-supereffective|p1a: Porygon2\n|-damage|p1a: Porygon2|23\/100\n|-damage|p2a: Toxicroak|91\/100|[from] item: Life Orb\n|\n|-weather|RainDance|[upkeep]\n|-heal|p2a: Toxicroak|100\/100|[from] ability: Dry Skin\n|upkeep\n|\n|t:|1695972894\n|switch|p2b: Ogerpon|Ogerpon-Wellspring, F|100\/100\n|turn|6\n|\n|t:|1695972914\n|move|p1a: Porygon2|Recover|p1a: Porygon2\n|-heal|p1a: Porygon2|73\/100\n|move|p1b: Indeedee|Expanding Force|p2a: Toxicroak|[spread] p2a,p2b\n|-supereffective|p2a: Toxicroak\n|-crit|p2a: Toxicroak\n|-damage|p2a: Toxicroak|0 fnt\n|-damage|p2b: Ogerpon|56\/100\n|faint|p2a: Toxicroak\n|move|p2b: Ogerpon|Ivy Cudgel|p1b: Indeedee\n|-damage|p1b: Indeedee|9\/100\n|-enditem|p1b: Indeedee|Iapapa Berry|[eat]\n|-heal|p1b: Indeedee|42\/100|[from] item: Iapapa Berry\n|\n|-weather|RainDance|[upkeep]\n|-fieldend|move: Trick Room\n|upkeep\n|\n|t:|1695972924\n|switch|p2a: Swampert|Swampert, F|100\/100\n|turn|7\n|\n|t:|1695972951\n|detailschange|p2a: Swampert|Swampert-Mega, F\n|-mega|p2a: Swampert|Swampert|Swampertite\n|move|p2a: Swampert|Rock Slide|p1b: Indeedee|[spread] p1b\n|-miss|p2a: Swampert|p1a: Porygon2\n|-damage|p1b: Indeedee|17\/100\n|move|p2b: Ogerpon|Horn Leech|p1a: Porygon2\n|-damage|p1a: Porygon2|51\/100\n|-heal|p2b: Ogerpon|68\/100|[from] drain|[of] p1a: Porygon2\n|move|p1b: Indeedee|Expanding Force|p2b: Ogerpon|[spread] p2a,p2b\n|-damage|p2a: Swampert|71\/100\n|-damage|p2b: Ogerpon|20\/100\n|move|p1a: Porygon2|Trick Room|p1a: Porygon2\n|-fieldstart|move: Trick Room|[of] p1a: Porygon2\n|\n|-weather|RainDance|[upkeep]\n|upkeep\n|turn|8\n|-message|zhangjiayi forfeited.\n|\n|win|OrangeLord\n|raw|OrangeLord's rating: 1299 &rarr; <strong>1312<\/strong><br \/>(+13 for winning)\n|raw|zhangjiayi's rating: 1123 &rarr; <strong>1110<\/strong><br \/>(-13 for losing)\n|l|\u2606zhangjiayi\n","uploadtime":1695972973,"views":14,"p1id":"orangelord","p2id":"zhangjiayi","formatid":"gen9nationaldexdoubles","rating":1110,"private":0,"password":""}