{"id":"gen9nationaldexdoubles-1993770081","p1":"goffu-trainer","p2":"toobionest","format":"[Gen 9] National Dex Doubles","log":"|j|\u2606goffu-trainer\n|j|\u2606toobionest\n|t:|1700355172\n|gametype|doubles\n|player|p1|goffu-trainer|rocketgrunt|1148\n|player|p2|toobionest|ghetsis|1054\n|teamsize|p1|6\n|teamsize|p2|6\n|gen|9\n|tier|[Gen 9] National Dex Doubles\n|rated|\n|rule|HP Percentage Mod: HP is shown in percentages\n|rule|Endless Battle Clause: Forcing endless battles is banned\n|rule|OHKO Clause: OHKO moves are banned\n|rule|Evasion Moves Clause: Evasion moves are banned\n|rule|Evasion Abilities Clause: Evasion abilities are banned\n|rule|Species Clause: Limit one of each Pok\u00e9mon\n|rule|Gravity Sleep Clause: The combination of sleep-inducing moves with imperfect accuracy and Gravity or Gigantamax Orbeetle are banned\n|clearpoke\n|poke|p1|Snorlax, F|\n|poke|p1|Mimikyu, M|\n|poke|p1|Cresselia, F|\n|poke|p1|Amoonguss, F|\n|poke|p1|Ursaluna, F|\n|poke|p1|Iron Hands|\n|poke|p2|Blacephalon|\n|poke|p2|Arcanine, F|\n|poke|p2|Excadrill, M|\n|poke|p2|Chi-Yu|\n|poke|p2|Chandelure, M|\n|poke|p2|Armarouge, M|\n|teampreview\n|inactive|Battle timer is ON: inactive players will automatically lose when time's up. (requested by toobionest)\n|\n|t:|1700355190\n|start\n|switch|p1a: Mimikyu|Mimikyu, M|100\/100\n|switch|p1b: Snorlax|Snorlax, F|100\/100\n|switch|p2a: Chi-Yu|Chi-Yu|100\/100\n|switch|p2b: Armarouge|Armarouge, M|100\/100\n|-ability|p2a: Chi-Yu|Beads of Ruin\n|turn|1\n|\n|t:|1700355205\n|move|p2a: Chi-Yu|Lava Plume|p1b: Snorlax|[spread] p1a,p1b\n|-start|p2b: Armarouge|ability: Flash Fire\n|-activate|p1a: Mimikyu|ability: Disguise\n|-damage|p1a: Mimikyu|100\/100\n|-damage|p1b: Snorlax|74\/100\n|-status|p1b: Snorlax|brn\n|detailschange|p1a: Mimikyu|Mimikyu-Busted, M\n|-damage|p1a: Mimikyu|88\/100|[from] pokemon: Mimikyu-Busted\n|move|p2b: Armarouge|Lava Plume|p1b: Snorlax|[spread] p2a,p1a,p1b\n|-resisted|p2a: Chi-Yu\n|-damage|p2a: Chi-Yu|75\/100\n|-damage|p1a: Mimikyu|21\/100\n|-damage|p1b: Snorlax|40\/100 brn\n|-status|p1a: Mimikyu|brn\n|-enditem|p1b: Snorlax|Sitrus Berry|[eat]\n|-heal|p1b: Snorlax|65\/100 brn|[from] item: Sitrus Berry\n|move|p1b: Snorlax|Belly Drum|p1b: Snorlax\n|-damage|p1b: Snorlax|15\/100 brn\n|-setboost|p1b: Snorlax|atk|6|[from] move: Belly Drum\n|move|p1a: Mimikyu|Trick Room|p1a: Mimikyu\n|-fieldstart|move: Trick Room|[of] p1a: Mimikyu\n|\n|-damage|p1b: Snorlax|9\/100 brn|[from] brn\n|-damage|p1a: Mimikyu|15\/100 brn|[from] brn\n|upkeep\n|turn|2\n|c|\u2606toobionest|yipeee\n|inactive|toobionest has 120 seconds left.\n|\n|t:|1700355243\n|switch|p2a: Blacephalon|Blacephalon|100\/100\n|move|p1a: Mimikyu|Shadow Sneak|p2b: Armarouge\n|-supereffective|p2b: Armarouge\n|-damage|p2b: Armarouge|81\/100\n|move|p1b: Snorlax|Hammer Arm|p2a: Blacephalon\n|-immune|p2a: Blacephalon\n|move|p2b: Armarouge|Lava Plume|p1b: Snorlax|[spread] p2a,p1a,p1b\n|-resisted|p2a: Blacephalon\n|-crit|p2a: Blacephalon\n|-damage|p2a: Blacephalon|43\/100\n|-damage|p1a: Mimikyu|0 fnt\n|-damage|p1b: Snorlax|0 fnt\n|faint|p1a: Mimikyu\n|faint|p1b: Snorlax\n|\n|upkeep\n|inactive|goffu-trainer has 120 seconds left.\n|\n|t:|1700355259\n|switch|p1b: Ursaluna|Ursaluna, F|100\/100\n|switch|p1a: Iron Hands|Iron Hands|100\/100\n|turn|3\n|\n|t:|1700355276\n|move|p1a: Iron Hands|Fake Out|p2b: Armarouge\n|-damage|p2b: Armarouge|62\/100\n|move|p1b: Ursaluna|Headlong Rush|p2a: Blacephalon\n|-supereffective|p2a: Blacephalon\n|-damage|p2a: Blacephalon|0 fnt\n|-unboost|p1b: Ursaluna|def|1\n|-unboost|p1b: Ursaluna|spd|1\n|faint|p2a: Blacephalon\n|cant|p2b: Armarouge|flinch\n|\n|-status|p1b: Ursaluna|brn|[from] item: Flame Orb\n|upkeep\n|\n|t:|1700355291\n|switch|p2a: Arcanine|Arcanine, F|100\/100\n|-ability|p2a: Arcanine|Intimidate|boost\n|-unboost|p1a: Iron Hands|atk|1\n|-unboost|p1b: Ursaluna|atk|1\n|turn|4\n|\n|t:|1700355301\n|-terastallize|p2a: Arcanine|Fairy\n|move|p1b: Ursaluna|Headlong Rush|p2b: Armarouge\n|-supereffective|p2b: Armarouge\n|-damage|p2b: Armarouge|0 fnt\n|-unboost|p1b: Ursaluna|def|1\n|-unboost|p1b: Ursaluna|spd|1\n|faint|p2b: Armarouge\n|move|p1a: Iron Hands|Wild Charge|p2a: Arcanine\n|-damage|p2a: Arcanine|54\/100\n|-damage|p1a: Iron Hands|92\/100|[from] Recoil\n|move|p2a: Arcanine|Close Combat|p1b: Ursaluna\n|-supereffective|p1b: Ursaluna\n|-damage|p1b: Ursaluna|0 fnt\n|-unboost|p2a: Arcanine|def|1\n|-unboost|p2a: Arcanine|spd|1\n|faint|p1b: Ursaluna\n|\n|upkeep\n|\n|t:|1700355322\n|switch|p1b: Amoonguss|Amoonguss, F|100\/100\n|switch|p2b: Chi-Yu|Chi-Yu|75\/100\n|-ability|p2b: Chi-Yu|Beads of Ruin\n|turn|5\n|\n|t:|1700355332\n|switch|p2b: Excadrill|Excadrill, M|100\/100\n|move|p1b: Amoonguss|Spore|p2b: Excadrill\n|-status|p2b: Excadrill|slp|[from] move: Spore\n|move|p1a: Iron Hands|Heavy Slam|p2a: Arcanine\n|-supereffective|p2a: Arcanine\n|-damage|p2a: Arcanine|0 fnt\n|faint|p2a: Arcanine\n|\n|-fieldend|move: Trick Room\n|upkeep\n|\n|t:|1700355346\n|switch|p2a: Chi-Yu|Chi-Yu|75\/100\n|-ability|p2a: Chi-Yu|Beads of Ruin\n|turn|6\n|\n|t:|1700355359\n|switch|p2b: Chandelure|Chandelure, M|100\/100\n|move|p1b: Amoonguss|Protect|p1b: Amoonguss\n|-singleturn|p1b: Amoonguss|Protect\n|move|p2a: Chi-Yu|Lava Plume|p1a: Iron Hands|[spread] p1a\n|-activate|p1b: Amoonguss|move: Protect\n|-start|p2b: Chandelure|ability: Flash Fire\n|-damage|p1a: Iron Hands|57\/100\n|move|p1a: Iron Hands|Drain Punch|p2b: Chandelure\n|-immune|p2b: Chandelure\n|\n|upkeep\n|turn|7\n|c|\u2606toobionest|teehee\n|\n|t:|1700355380\n|move|p2a: Chi-Yu|Lava Plume|p1a: Iron Hands|[spread] p1a,p1b\n|-immune|p2b: Chandelure|[from] ability: Flash Fire\n|-supereffective|p1b: Amoonguss\n|-damage|p1a: Iron Hands|27\/100\n|-damage|p1b: Amoonguss|15\/100\n|-status|p1a: Iron Hands|brn\n|move|p2b: Chandelure|Heat Wave|p1a: Iron Hands|[spread] p1a,p1b\n|-supereffective|p1b: Amoonguss\n|-damage|p1a: Iron Hands|0 fnt\n|-damage|p1b: Amoonguss|0 fnt\n|faint|p1a: Iron Hands\n|-end|p1a: Iron Hands|Quark Drive|[silent]\n|faint|p1b: Amoonguss\n|\n|upkeep\n|inactive|goffu-trainer has 120 seconds left.\n|\n|t:|1700355404\n|switch|p1b: Cresselia|Cresselia, F|100\/100\n|turn|8\n|\n|t:|1700355412\n|move|p2a: Chi-Yu|Lava Plume|p1b: Cresselia|[spread] p1b\n|-immune|p2b: Chandelure|[from] ability: Flash Fire\n|-damage|p1b: Cresselia|72\/100\n|-status|p1b: Cresselia|brn\n|move|p2b: Chandelure|Heat Wave|p1b: Cresselia\n|-crit|p1b: Cresselia\n|-damage|p1b: Cresselia|0 fnt\n|faint|p1b: Cresselia\n|\n|win|toobionest\n|raw|goffu-trainer's rating: 1148 &rarr; <strong>1116<\/strong><br \/>(-32 for losing)\n|raw|toobionest's rating: 1054 &rarr; <strong>1094<\/strong><br \/>(+40 for winning)\n","uploadtime":1700355431,"views":11,"p1id":"goffutrainer","p2id":"toobionest","formatid":"gen9nationaldexdoubles","rating":1094,"private":0,"password":""}