{"id":"gen9nationaldexdoubles-1993181284","p1":"BosxG","p2":"El Ryuk456","format":"[Gen 9] National Dex Doubles","log":"|j|\u2606BosxG\n|j|\u2606El Ryuk456\n|t:|1700274746\n|gametype|doubles\n|player|p1|BosxG|riley|1192\n|player|p2|El Ryuk456|ingo|1363\n|teamsize|p1|6\n|teamsize|p2|6\n|gen|9\n|tier|[Gen 9] National Dex Doubles\n|rated|\n|rule|HP Percentage Mod: HP is shown in percentages\n|rule|Endless Battle Clause: Forcing endless battles is banned\n|rule|OHKO Clause: OHKO moves are banned\n|rule|Evasion Moves Clause: Evasion moves are banned\n|rule|Evasion Abilities Clause: Evasion abilities are banned\n|rule|Species Clause: Limit one of each Pok\u00e9mon\n|rule|Gravity Sleep Clause: The combination of sleep-inducing moves with imperfect accuracy and Gravity or Gigantamax Orbeetle are banned\n|clearpoke\n|poke|p1|Torkoal, M|\n|poke|p1|Tornadus, M|\n|poke|p1|Ogerpon-Hearthflame, F|\n|poke|p1|Charizard, M|\n|poke|p1|Flutter Mane|\n|poke|p1|Venusaur, F|\n|poke|p2|Corviknight, M|\n|poke|p2|Murkrow, M|\n|poke|p2|Kartana|\n|poke|p2|Absol, M|\n|poke|p2|Magmortar, M|\n|poke|p2|Espeon, F|\n|teampreview\n|inactive|Battle timer is ON: inactive players will automatically lose when time's up. (requested by BosxG)\n|\n|t:|1700274765\n|start\n|switch|p1a: Tornadus|Tornadus, M|100\/100\n|switch|p1b: Flutter Mane|Flutter Mane|100\/100\n|switch|p2a: Murkrow|Murkrow, M|100\/100\n|switch|p2b: Corviknight|Corviknight, M|100\/100\n|-enditem|p1b: Flutter Mane|Booster Energy\n|-activate|p1b: Flutter Mane|ability: Protosynthesis|[fromitem]\n|-start|p1b: Flutter Mane|protosynthesisspa\n|turn|1\n|\n|t:|1700274783\n|move|p1a: Tornadus|Tailwind|p1a: Tornadus\n|-sidestart|p1: BosxG|move: Tailwind\n|move|p2a: Murkrow|Quash|p1b: Flutter Mane\n|-activate|p1b: Flutter Mane|move: Quash\n|move|p2b: Corviknight|Iron Head|p1b: Flutter Mane\n|-supereffective|p1b: Flutter Mane\n|-damage|p1b: Flutter Mane|0 fnt\n|faint|p1b: Flutter Mane\n|-end|p1b: Flutter Mane|Protosynthesis|[silent]\n|\n|upkeep\n|j| 13KStephen\n|inactive|BosxG has 120 seconds left.\n|\n|t:|1700274805\n|switch|p1b: Torkoal|Torkoal, M|100\/100\n|-weather|SunnyDay|[from] ability: Drought|[of] p1b: Torkoal\n|turn|2\n|\n|t:|1700274815\n|switch|p2b: Magmortar|Magmortar, M|100\/100\n|move|p2a: Murkrow|Tailwind|p2a: Murkrow\n|-sidestart|p2: El Ryuk456|move: Tailwind\n|move|p1a: Tornadus|Heat Wave|p2b: Magmortar|[spread] p2a,p2b\n|-resisted|p2b: Magmortar\n|-damage|p2a: Murkrow|60\/100\n|-damage|p2b: Magmortar|80\/100\n|move|p1b: Torkoal|Lava Plume|p2a: Murkrow|[spread] p1a,p2a,p2b\n|-resisted|p2b: Magmortar\n|-damage|p1a: Tornadus|53\/100\n|-damage|p2a: Murkrow|19\/100\n|-damage|p2b: Magmortar|60\/100\n|-status|p2a: Murkrow|brn\n|\n|-weather|SunnyDay|[upkeep]\n|-damage|p2a: Murkrow|13\/100 brn|[from] brn\n|upkeep\n|turn|3\n|\n|t:|1700274835\n|switch|p1a: Ogerpon|Ogerpon-Hearthflame, F|100\/100\n|-ability|p1a: Ogerpon|Mold Breaker\n|move|p2a: Murkrow|Quash||[still]\n|-fail|p2a: Murkrow\n|move|p2b: Magmortar|Heat Wave|p1b: Torkoal|[spread] p1a,p1b\n|-resisted|p1b: Torkoal\n|-damage|p1a: Ogerpon|44\/100\n|-damage|p1b: Torkoal|57\/100\n|move|p1b: Torkoal|Stealth Rock|p2a: Murkrow\n|-sidestart|p2: El Ryuk456|move: Stealth Rock\n|\n|-weather|SunnyDay|[upkeep]\n|-damage|p2a: Murkrow|7\/100 brn|[from] brn\n|upkeep\n|turn|4\n|\n|t:|1700274855\n|move|p2a: Murkrow|Quash|p1a: Ogerpon\n|-activate|p1a: Ogerpon|move: Quash\n|move|p2b: Magmortar|Heat Wave|p1a: Ogerpon|[spread] p1a,p1b\n|-resisted|p1b: Torkoal\n|-damage|p1a: Ogerpon|0 fnt\n|-damage|p1b: Torkoal|19\/100\n|faint|p1a: Ogerpon\n|move|p1b: Torkoal|Lava Plume|p2a: Murkrow|[spread] p2a,p2b\n|-resisted|p2b: Magmortar\n|-damage|p2a: Murkrow|0 fnt\n|-damage|p2b: Magmortar|41\/100\n|faint|p2a: Murkrow\n|\n|-weather|SunnyDay|[upkeep]\n|-sideend|p1: BosxG|move: Tailwind\n|upkeep\n|\n|t:|1700274872\n|switch|p1a: Charizard|Charizard, M|100\/100\n|switch|p2a: Kartana|Kartana, shiny|100\/100\n|-damage|p2a: Kartana|94\/100|[from] Stealth Rock\n|turn|5\n|\n|t:|1700274892\n|detailschange|p1a: Charizard|Charizard-Mega-Y, M\n|-mega|p1a: Charizard|Charizard|Charizardite Y\n|-zpower|p2a: Kartana\n|move|p2a: Kartana|All-Out Pummeling|p1a: Charizard|[zeffect]\n|-resisted|p1a: Charizard\n|-damage|p1a: Charizard|53\/100\n|move|p2b: Magmortar|Heat Wave|p1b: Torkoal|[spread] p1a,p1b\n|-resisted|p1a: Charizard\n|-resisted|p1b: Torkoal\n|-damage|p1a: Charizard|27\/100\n|-damage|p1b: Torkoal|0 fnt\n|faint|p1b: Torkoal\n|move|p1a: Charizard|Flamethrower|p2a: Kartana\n|-supereffective|p2a: Kartana\n|-damage|p2a: Kartana|0 fnt\n|faint|p2a: Kartana\n|\n|-weather|SunnyDay|[upkeep]\n|-sideend|p2: El Ryuk456|move: Tailwind\n|upkeep\n|\n|t:|1700274910\n|switch|p2a: Absol|Absol, M|100\/100\n|switch|p1b: Tornadus|Tornadus, M|53\/100\n|-damage|p2a: Absol|88\/100|[from] Stealth Rock\n|-ability|p2a: Absol|Pressure\n|turn|6\n|\n|t:|1700274924\n|detailschange|p2a: Absol|Absol-Mega, M\n|-mega|p2a: Absol|Absol|Absolite\n|move|p2b: Magmortar|Follow Me|p2b: Magmortar\n|-singleturn|p2b: Magmortar|move: Follow Me\n|move|p1b: Tornadus|Tailwind|p1b: Tornadus\n|-sidestart|p1: BosxG|move: Tailwind\n|move|p1a: Charizard|Flamethrower|p2b: Magmortar\n|-resisted|p2b: Magmortar\n|-damage|p2b: Magmortar|0 fnt\n|faint|p2b: Magmortar\n|move|p2a: Absol|Dark Pulse|p1a: Charizard\n|-damage|p1a: Charizard|0 fnt\n|faint|p1a: Charizard\n|\n|-weather|SunnyDay|[upkeep]\n|upkeep\n|\n|t:|1700274936\n|switch|p1a: Venusaur|Venusaur, F|100\/100\n|switch|p2b: Espeon|Espeon, F|100\/100\n|-damage|p2b: Espeon|88\/100|[from] Stealth Rock\n|turn|7\n|\n|t:|1700274953\n|move|p1a: Venusaur|Giga Drain|p2b: Espeon\n|-damage|p2b: Espeon|38\/100\n|-enditem|p2b: Espeon|Sitrus Berry|[eat]\n|-heal|p2b: Espeon|63\/100|[from] item: Sitrus Berry\n|-damage|p1a: Venusaur|91\/100|[from] item: Life Orb\n|move|p1b: Tornadus|Heat Wave|p2a: Absol|[spread] p2a,p2b\n|-crit|p2a: Absol\n|-crit|p2b: Espeon\n|-damage|p2a: Absol|0 fnt\n|-damage|p2b: Espeon|0 fnt\n|faint|p2a: Absol\n|faint|p2b: Espeon\n|\n|-weather|SunnyDay|[upkeep]\n|upkeep\n|\n|t:|1700274961\n|switch|p2b: Corviknight|Corviknight, M|100\/100\n|-damage|p2b: Corviknight|88\/100|[from] Stealth Rock\n|turn|8\n|\n|t:|1700274966\n|-terastallize|p2b: Corviknight|Fire\n|move|p1a: Venusaur|Weather Ball|p2b: Corviknight\n|-resisted|p2b: Corviknight\n|-damage|p2b: Corviknight|55\/100\n|-damage|p1a: Venusaur|81\/100|[from] item: Life Orb\n|move|p1b: Tornadus|Heat Wave|p2b: Corviknight\n|-resisted|p2b: Corviknight\n|-damage|p2b: Corviknight|31\/100\n|move|p2b: Corviknight|Tera Blast|p1a: Venusaur|[anim] Tera Blast Fire\n|-supereffective|p1a: Venusaur\n|-damage|p1a: Venusaur|0 fnt\n|faint|p1a: Venusaur\n|\n|-weather|SunnyDay|[upkeep]\n|upkeep\n|turn|9\n|\n|t:|1700274983\n|move|p1b: Tornadus|Heat Wave|p2b: Corviknight\n|-resisted|p2b: Corviknight\n|-damage|p2b: Corviknight|4\/100\n|move|p2b: Corviknight|Tera Blast|p1b: Tornadus|[anim] Tera Blast Fire\n|-damage|p1b: Tornadus|0 fnt\n|faint|p1b: Tornadus\n|\n|win|El Ryuk456\n|raw|BosxG's rating: 1192 &rarr; <strong>1178<\/strong><br \/>(-14 for losing)\n|raw|El Ryuk456's rating: 1363 &rarr; <strong>1374<\/strong><br \/>(+11 for winning)\n|l|\u2606BosxG\n","uploadtime":1700274989,"views":13,"p1id":"bosxg","p2id":"elryuk456","formatid":"gen9nationaldexdoubles","rating":1178,"private":0,"password":""}