{"id":"gen9nationaldexdoubles-1991442014","p1":"Leuco9","p2":"hushai","format":"[Gen 9] National Dex Doubles","log":"|j|\u2606Leuco9\n|j|\u2606hushai\n|t:|1700077426\n|gametype|doubles\n|player|p1|Leuco9|acetrainer|1329\n|player|p2|hushai|valerie|1451\n|teamsize|p1|6\n|teamsize|p2|6\n|gen|9\n|tier|[Gen 9] National Dex Doubles\n|rated|\n|rule|HP Percentage Mod: HP is shown in percentages\n|rule|Endless Battle Clause: Forcing endless battles is banned\n|rule|OHKO Clause: OHKO moves are banned\n|rule|Evasion Moves Clause: Evasion moves are banned\n|rule|Evasion Abilities Clause: Evasion abilities are banned\n|rule|Species Clause: Limit one of each Pok\u00e9mon\n|rule|Gravity Sleep Clause: The combination of sleep-inducing moves with imperfect accuracy and Gravity or Gigantamax Orbeetle are banned\n|clearpoke\n|poke|p1|Oricorio-Pom-Pom, F|\n|poke|p1|Volcarona, F|\n|poke|p1|Cresselia, F|\n|poke|p1|Ursaluna, F|\n|poke|p1|Chien-Pao|\n|poke|p1|Dragonite, F|\n|poke|p2|Hatterene, F|\n|poke|p2|Indeedee-F, F|\n|poke|p2|Brute Bonnet|\n|poke|p2|Porygon2|\n|poke|p2|Ursaluna, M|\n|poke|p2|Gardevoir, F|\n|teampreview\n|inactive|Battle timer is ON: inactive players will automatically lose when time's up. (requested by Leuco9)\n|\n|t:|1700077436\n|start\n|switch|p1a: Zhang Weili|Chien-Pao|100\/100\n|switch|p1b: Valentina|Dragonite, F|100\/100\n|switch|p2a: Indeedee|Indeedee-F, F|100\/100\n|switch|p2b: Hatterene|Hatterene, F|100\/100\n|-ability|p1a: Zhang Weili|Sword of Ruin\n|-fieldstart|move: Psychic Terrain|[from] ability: Psychic Surge|[of] p2a: Indeedee\n|-enditem|p2b: Hatterene|Psychic Seed\n|-boost|p2b: Hatterene|spd|1|[from] item: Psychic Seed\n|turn|1\n|\n|t:|1700077443\n|move|p1a: Zhang Weili|Ice Spinner|p2b: Hatterene\n|-damage|p2b: Hatterene|45\/100\n|-fieldend|move: Psychic Terrain\n|move|p1b: Valentina|Dual Wingbeat|p2b: Hatterene\n|-damage|p2b: Hatterene|15\/100\n|-damage|p2b: Hatterene|0 fnt\n|faint|p2b: Hatterene\n|-hitcount|p2: Hatterene|2\n|move|p2a: Indeedee|Expanding Force|p1b: Valentina\n|-damage|p1b: Valentina|82\/100\n|\n|upkeep\n|\n|t:|1700077454\n|switch|p2b: Porygon2|Porygon2, shiny|100\/100\n|-ability|p2b: Porygon2|Sword of Ruin\n|-ability|p2b: Porygon2|Sword of Ruin|[from] ability: Trace|[of] p1a: Zhang Weili\n|turn|2\n|\n|t:|1700077468\n|move|p1a: Zhang Weili|Swords Dance|p1a: Zhang Weili\n|-boost|p1a: Zhang Weili|atk|2\n|move|p1b: Valentina|Dragon Dance|p1b: Valentina\n|-boost|p1b: Valentina|atk|1\n|-boost|p1b: Valentina|spe|1\n|move|p2a: Indeedee|Mystical Fire|p1a: Zhang Weili\n|-supereffective|p1a: Zhang Weili\n|-damage|p1a: Zhang Weili|33\/100\n|-unboost|p1a: Zhang Weili|spa|1\n|move|p2b: Porygon2|Ice Beam|p1b: Valentina\n|-supereffective|p1b: Valentina\n|-crit|p1b: Valentina\n|-damage|p1b: Valentina|0 fnt\n|faint|p1b: Valentina\n|\n|upkeep\n|\n|t:|1700077480\n|switch|p1b: Kim PomPomsible|Oricorio-Pom-Pom, F|100\/100\n|turn|3\n|\n|t:|1700077487\n|move|p1a: Zhang Weili|Ice Spinner|p2b: Porygon2\n|-damage|p2b: Porygon2|52\/100\n|move|p1b: Kim PomPomsible|Revelation Dance|p2b: Porygon2\n|-damage|p2b: Porygon2|20\/100\n|-damage|p1b: Kim PomPomsible|91\/100|[from] item: Life Orb\n|move|p2a: Indeedee|Mystical Fire|p1a: Zhang Weili\n|-supereffective|p1a: Zhang Weili\n|-damage|p1a: Zhang Weili|0 fnt\n|faint|p1a: Zhang Weili\n|move|p2b: Porygon2|Trick Room|p2b: Porygon2\n|-fieldstart|move: Trick Room|[of] p2b: Porygon2\n|\n|upkeep\n|\n|t:|1700077494\n|switch|p1a: Selene|Ursaluna, F|100\/100\n|turn|4\n|\n|t:|1700077515\n|switch|p2a: Ursaluna|Ursaluna, M|100\/100\n|switch|p1b: Mussa|Cresselia, F|100\/100\n|move|p1a: Selene|Earthquake|p2a: Ursaluna|[spread] p2a,p2b\n|-immune|p1b: Mussa|[from] ability: Levitate\n|-damage|p2a: Ursaluna|56\/100\n|-damage|p2b: Porygon2|0 fnt\n|faint|p2b: Porygon2\n|\n|-status|p1a: Selene|brn|[from] item: Flame Orb\n|-status|p2a: Ursaluna|brn|[from] item: Flame Orb\n|upkeep\n|\n|t:|1700077526\n|switch|p2b: Brute Bonnet|Brute Bonnet|100\/100\n|-enditem|p2b: Brute Bonnet|Booster Energy\n|-activate|p2b: Brute Bonnet|ability: Protosynthesis|[fromitem]\n|-start|p2b: Brute Bonnet|protosynthesisatk\n|turn|5\n|\n|t:|1700077548\n|-terastallize|p1a: Selene|Ghost\n|move|p1a: Selene|Facade|p2b: Brute Bonnet\n|-damage|p2b: Brute Bonnet|0 fnt\n|faint|p2b: Brute Bonnet\n|-end|p2b: Brute Bonnet|Protosynthesis|[silent]\n|move|p2a: Ursaluna|Facade|p1a: Selene\n|-immune|p1a: Selene\n|move|p1b: Mussa|Moonblast|p2a: Ursaluna\n|-damage|p2a: Ursaluna|40\/100 brn\n|-unboost|p2a: Ursaluna|spa|1\n|\n|-damage|p1a: Selene|94\/100 brn|[from] brn\n|-damage|p2a: Ursaluna|34\/100 brn|[from] brn\n|upkeep\n|\n|t:|1700077558\n|switch|p2b: Indeedee|Indeedee-F, F|100\/100\n|-fieldstart|move: Psychic Terrain|[from] ability: Psychic Surge|[of] p2b: Indeedee\n|turn|6\n|\n|t:|1700077565\n|move|p1a: Selene|Earthquake|p2b: Indeedee|[spread] p2a,p2b\n|-immune|p1b: Mussa|[from] ability: Levitate\n|-damage|p2a: Ursaluna|0 fnt\n|-damage|p2b: Indeedee|7\/100\n|faint|p2a: Ursaluna\n|move|p1b: Mussa|Moonblast|p2b: Indeedee\n|-damage|p2b: Indeedee|0 fnt\n|faint|p2b: Indeedee\n|\n|-damage|p1a: Selene|88\/100 brn|[from] brn\n|upkeep\n|\n|t:|1700077574\n|switch|p2b: Gardevoir|Gardevoir, F, shiny|100\/100\n|-ability|p2b: Gardevoir|Guts|[from] ability: Trace|[of] p1a: Selene\n|turn|7\n|\n|t:|1700077582\n|detailschange|p2b: Gardevoir|Gardevoir-Mega, F, shiny\n|-mega|p2b: Gardevoir|Gardevoir|Gardevoirite\n|move|p1a: Selene|Facade|p2b: Gardevoir\n|-damage|p2b: Gardevoir|0 fnt\n|faint|p2b: Gardevoir\n|\n|win|Leuco9\n|raw|Leuco9's rating: 1329 &rarr; <strong>1356<\/strong><br \/>(+27 for winning)\n|raw|hushai's rating: 1451 &rarr; <strong>1424<\/strong><br \/>(-27 for losing)\n|l|\u2606hushai\n|c|\u2606Leuco9|gg\n","uploadtime":1700077593,"views":5,"p1id":"leuco9","p2id":"hushai","formatid":"gen9nationaldexdoubles","rating":1356,"private":0,"password":""}