{"id":"gen9nationaldexdoubles-1981950067","p1":"not real bri'ish","p2":"Naia_05","format":"[Gen 9] National Dex Doubles","log":"|j|\u2606not real bri'ish\n|j|\u2606Naia_05\n|t:|1698954231\n|gametype|doubles\n|player|p1|not real bri'ish|drayden|1000\n|player|p2|Naia_05|cynthia-gen4|1261\n|teamsize|p1|6\n|teamsize|p2|6\n|gen|9\n|tier|[Gen 9] National Dex Doubles\n|rated|\n|rule|HP Percentage Mod: HP is shown in percentages\n|rule|Endless Battle Clause: Forcing endless battles is banned\n|rule|OHKO Clause: OHKO moves are banned\n|rule|Evasion Moves Clause: Evasion moves are banned\n|rule|Evasion Abilities Clause: Evasion abilities are banned\n|rule|Species Clause: Limit one of each Pok\u00e9mon\n|rule|Gravity Sleep Clause: The combination of sleep-inducing moves with imperfect accuracy and Gravity or Gigantamax Orbeetle are banned\n|clearpoke\n|poke|p1|Charizard, M|\n|poke|p1|Greninja-*, M|\n|poke|p1|Venusaur, M|\n|poke|p1|Typhlosion-Hisui, F|\n|poke|p1|Inteleon, M|\n|poke|p1|Decidueye-Hisui, F|\n|poke|p2|Shiinotic, F|\n|poke|p2|Sableye, F|\n|poke|p2|Avalugg-Hisui, F|\n|poke|p2|Camerupt, M|\n|poke|p2|Buzzwole|\n|poke|p2|Flutter Mane|\n|teampreview\n|c|\u2606not real bri'ish|glhf\n|\n|t:|1698954243\n|start\n|switch|p1a: Demon Flame|Typhlosion-Hisui, F|100\/100\n|switch|p1b: James Bond|Inteleon, M|100\/100\n|switch|p2a: Shiinotic|Shiinotic, F|100\/100\n|switch|p2b: Sableye|Sableye, F|100\/100\n|turn|1\n|c|\u2606not real bri'ish|weak sableye\n|inactive|Battle timer is ON: inactive players will automatically lose when time's up. (requested by Naia_05)\n|\n|t:|1698954285\n|-terastallize|p2a: Shiinotic|Dark\n|move|p2b: Sableye|Skill Swap|p2a: Shiinotic\n|-activate|p2b: Sableye|move: Skill Swap|||[of] p2a: Shiinotic\n|move|p2a: Shiinotic|Spore|p1b: James Bond\n|-status|p1b: James Bond|slp|[from] move: Spore\n|cant|p1b: James Bond|slp\n|move|p1a: Demon Flame|Eruption|p2b: Sableye|[spread] p2a,p2b\n|-damage|p2a: Shiinotic|58\/100\n|-damage|p2b: Sableye|20\/100\n|\n|upkeep\n|turn|2\n|inactive|Naia_05 has 120 seconds left.\n|\n|t:|1698954323\n|move|p2a: Shiinotic|After You|p2b: Sableye\n|-activate|p2b: Sableye|move: After You\n|move|p2b: Sableye|Disable|p1a: Demon Flame\n|-start|p1a: Demon Flame|Disable|Eruption\n|cant|p1b: James Bond|slp\n|cant|p1a: Demon Flame|Disable|Eruption\n|\n|upkeep\n|turn|3\n|\n|t:|1698954334\n|move|p2a: Shiinotic|Substitute|p2a: Shiinotic\n|-start|p2a: Shiinotic|Substitute\n|-damage|p2a: Shiinotic|33\/100\n|-curestatus|p1b: James Bond|slp|[msg]\n|move|p1b: James Bond|Water Pledge|p2b: Sableye\n|-waiting|p1b: James Bond|p1a: Demon Flame\n|move|p1a: Demon Flame|Fire Pledge|p2a: Shiinotic|[from]move: Water Pledge\n|-combine\n|-end|p2a: Shiinotic|Substitute\n|-sidestart|p1: not real bri'ish|Water Pledge\n|move|p2b: Sableye|Encore|p1a: Demon Flame\n|-start|p1a: Demon Flame|Encore\n|\n|upkeep\n|turn|4\n|inactive|Naia_05 has 120 seconds left.\n|inactive|not real bri'ish has 120 seconds left.\n|\n|t:|1698954384\n|move|p2a: Shiinotic|Substitute|p2a: Shiinotic\n|-start|p2a: Shiinotic|Substitute\n|-damage|p2a: Shiinotic|8\/100\n|move|p1b: James Bond|Snipe Shot|p2a: Shiinotic\n|-end|p2a: Shiinotic|Substitute\n|move|p1a: Demon Flame|Fire Pledge|p2b: Sableye\n|-damage|p2b: Sableye|0 fnt\n|faint|p2b: Sableye\n|\n|upkeep\n|\n|t:|1698954392\n|switch|p2b: Avalugg|Avalugg-Hisui, F|100\/100\n|turn|5\n|\n|t:|1698954413\n|move|p2a: Shiinotic|After You|p2b: Avalugg\n|-activate|p2b: Avalugg|move: After You\n|move|p2b: Avalugg|Rock Slide|p1a: Demon Flame|[spread] p1a,p1b\n|-supereffective|p1a: Demon Flame\n|-damage|p1a: Demon Flame|2\/100\n|-damage|p1b: James Bond|50\/100\n|move|p1b: James Bond|Air Slash|p2a: Shiinotic\n|-damage|p2a: Shiinotic|0 fnt\n|faint|p2a: Shiinotic\n|move|p1a: Demon Flame|Fire Pledge|p2b: Avalugg\n|-ability|p2b: Avalugg|Sturdy\n|-damage|p2b: Avalugg|1\/100\n|-enditem|p2b: Avalugg|Sitrus Berry|[eat]\n|-heal|p2b: Avalugg|26\/100|[from] item: Sitrus Berry\n|\n|-end|p1a: Demon Flame|Disable\n|upkeep\n|\n|t:|1698954425\n|switch|p2a: Flutter Mane|Flutter Mane|100\/100\n|-enditem|p2a: Flutter Mane|Booster Energy\n|-activate|p2a: Flutter Mane|ability: Protosynthesis|[fromitem]\n|-start|p2a: Flutter Mane|protosynthesisspa\n|turn|6\n|\n|t:|1698954438\n|move|p1b: James Bond|Snipe Shot|p2a: Flutter Mane\n|-damage|p2a: Flutter Mane|61\/100\n|move|p2a: Flutter Mane|Dazzling Gleam|p1b: James Bond|[spread] p1a,p1b\n|-resisted|p1a: Demon Flame\n|-crit|p1a: Demon Flame\n|-damage|p1a: Demon Flame|0 fnt\n|-damage|p1b: James Bond|0 fnt\n|faint|p1a: Demon Flame\n|faint|p1b: James Bond\n|move|p2b: Avalugg|Curse|p2b: Avalugg\n|-unboost|p2b: Avalugg|spe|1\n|-boost|p2b: Avalugg|atk|1\n|-boost|p2b: Avalugg|def|1\n|\n|-sideend|p1: not real bri'ish|Water Pledge\n|upkeep\n|\n|t:|1698954457\n|switch|p1b: Burn Baby|Charizard, M|100\/100\n|switch|p1a: Don't Touch|Venusaur, M|100\/100\n|turn|7\n|\n|t:|1698954470\n|detailschange|p1b: Burn Baby|Charizard-Mega-Y, M\n|-mega|p1b: Burn Baby|Charizard|Charizardite Y\n|-weather|SunnyDay|[from] ability: Drought|[of] p1b: Burn Baby\n|move|p1a: Don't Touch|Sleep Powder|p2a: Flutter Mane\n|-status|p2a: Flutter Mane|slp|[from] move: Sleep Powder\n|cant|p2a: Flutter Mane|slp\n|move|p1b: Burn Baby|Heat Wave|p2b: Avalugg|[spread] p2a,p2b\n|-damage|p2a: Flutter Mane|0 fnt\n|-damage|p2b: Avalugg|0 fnt\n|faint|p2a: Flutter Mane\n|-end|p2a: Flutter Mane|Protosynthesis|[silent]\n|faint|p2b: Avalugg\n|\n|-weather|SunnyDay|[upkeep]\n|upkeep\n|\n|t:|1698954481\n|switch|p2a: Buzzwole|Buzzwole|100\/100\n|switch|p2b: Camerupt|Camerupt, M|100\/100\n|turn|8\n|\n|t:|1698954490\n|detailschange|p2b: Camerupt|Camerupt-Mega, M\n|-mega|p2b: Camerupt|Camerupt|Cameruptite\n|move|p1a: Don't Touch|Sleep Powder|p2b: Camerupt\n|-status|p2b: Camerupt|slp|[from] move: Sleep Powder\n|move|p1b: Burn Baby|Heat Wave|p2a: Buzzwole|[spread] p2b\n|-miss|p1b: Burn Baby|p2a: Buzzwole\n|-resisted|p2b: Camerupt\n|-damage|p2b: Camerupt|66\/100 slp\n|move|p2a: Buzzwole|Leech Life|p1a: Don't Touch\n|-damage|p1a: Don't Touch|34\/100\n|cant|p2b: Camerupt|slp\n|\n|-weather|SunnyDay|[upkeep]\n|upkeep\n|turn|9\n|\n|t:|1698954506\n|move|p1a: Don't Touch|Sleep Powder|p2a: Buzzwole\n|-status|p2a: Buzzwole|slp|[from] move: Sleep Powder\n|move|p1b: Burn Baby|Heat Wave|p2a: Buzzwole|[spread] p2a,p2b\n|-supereffective|p2a: Buzzwole\n|-crit|p2a: Buzzwole\n|-resisted|p2b: Camerupt\n|-damage|p2a: Buzzwole|0 fnt\n|-damage|p2b: Camerupt|31\/100 slp\n|faint|p2a: Buzzwole\n|cant|p2b: Camerupt|slp\n|\n|-weather|SunnyDay|[upkeep]\n|upkeep\n|turn|10\n|-message|Naia_05 forfeited.\n|\n|win|not real bri'ish\n|raw|not real bri&apos;ish's rating: 1000 &rarr; <strong>1065<\/strong><br \/>(+65 for winning)\n|raw|Naia_05's rating: 1261 &rarr; <strong>1220<\/strong><br \/>(-41 for losing)\n|l|\u2606Naia_05\n","uploadtime":1698954529,"views":4,"p1id":"notrealbriish","p2id":"naia05","formatid":"gen9nationaldexdoubles","rating":1065,"private":0,"password":""}