{"id":"gen9nationaldexdoubles-1948565894","p1":"CluelessGamer18","p2":"NautilusReign","format":"[Gen 9] National Dex Doubles","log":"|j|\u2606CluelessGamer18\n|j|\u2606NautilusReign\n|t:|1695275077\n|gametype|doubles\n|player|p1|CluelessGamer18|2|\n|player|p2|NautilusReign|101|\n|teamsize|p1|6\n|teamsize|p2|6\n|gen|9\n|tier|[Gen 9] National Dex Doubles\n|rule|HP Percentage Mod: HP is shown in percentages\n|rule|Endless Battle Clause: Forcing endless battles is banned\n|rule|OHKO Clause: OHKO moves are banned\n|rule|Evasion Moves Clause: Evasion moves are banned\n|rule|Evasion Abilities Clause: Evasion abilities are banned\n|rule|Species Clause: Limit one of each Pok\u00e9mon\n|rule|Gravity Sleep Clause: The combination of sleep-inducing moves with imperfect accuracy and Gravity or Gigantamax Orbeetle are banned\n|clearpoke\n|poke|p1|Zeraora|\n|poke|p1|Metagross|\n|poke|p1|Mimikyu, F|\n|poke|p1|Mamoswine, M|\n|poke|p1|Zoroark, F|\n|poke|p1|Serperior, F|\n|poke|p2|Salamence, M|\n|poke|p2|Chien-Pao|\n|poke|p2|Snorlax, M|\n|poke|p2|Landorus-Therian, M|\n|poke|p2|Gigalith, M|\n|poke|p2|Alakazam, M|\n|teampreview\n|j| JJ22FTW\n|j| ddddddabai\n|\n|t:|1695275100\n|start\n|switch|p1a: Serperior|Serperior, F, shiny|100\/100\n|switch|p1b: Zeraora|Zeraora|100\/100\n|switch|p2a: lank|Landorus-Therian, M|100\/100\n|switch|p2b: akky|Alakazam, M|100\/100\n|-ability|p2a: lank|Intimidate|boost\n|-boost|p1a: Serperior|atk|1\n|-unboost|p1b: Zeraora|atk|1\n|turn|1\n|\n|t:|1695275135\n|move|p2b: akky|Calm Mind|p2b: akky\n|-boost|p2b: akky|spa|1\n|-boost|p2b: akky|spd|1\n|move|p1a: Serperior|Leaf Storm|p2b: akky\n|-crit|p2b: akky\n|-damage|p2b: akky|10\/100\n|-boost|p1a: Serperior|spa|2\n|move|p1b: Zeraora|Dark Pulse|p2b: akky\n|-supereffective|p2b: akky\n|-damage|p2b: akky|0 fnt\n|faint|p2b: akky\n|move|p2a: lank|Earthquake|p1b: Zeraora|[spread] p1a,p1b\n|-resisted|p1a: Serperior\n|-damage|p1a: Serperior|74\/100\n|-damage|p1b: Zeraora|23\/100\n|replace|p1b: Zoroark|Zoroark, F, shiny\n|-end|p1b: Zoroark|Illusion\n|\n|-heal|p1a: Serperior|80\/100|[from] item: Leftovers\n|upkeep\n|\n|t:|1695275155\n|switch|p2b: gag|Gigalith, M|100\/100\n|turn|2\n|\n|t:|1695275182\n|move|p1a: Serperior|Leaf Storm|p2b: gag\n|-supereffective|p2b: gag\n|-ability|p2b: gag|Sturdy\n|-damage|p2b: gag|1\/100\n|-boost|p1a: Serperior|spa|2\n|-zpower|p1b: Zoroark\n|move|p1b: Zoroark|All-Out Pummeling|p2a: lank|[zeffect]\n|-resisted|p2a: lank\n|-damage|p2a: lank|60\/100\n|move|p2a: lank|Outrage|p1b: Zoroark\n|-damage|p1b: Zoroark|0 fnt\n|faint|p1b: Zoroark\n|move|p2b: gag|Toxic|p1a: Serperior\n|-status|p1a: Serperior|tox\n|\n|-heal|p1a: Serperior|87\/100 tox|[from] item: Leftovers\n|-damage|p1a: Serperior|80\/100 tox|[from] psn\n|upkeep\n|\n|t:|1695275202\n|switch|p1b: Metagross|Metagross, shiny|100\/100\n|turn|3\n|\n|t:|1695275232\n|detailschange|p1b: Metagross|Metagross-Mega, shiny\n|-mega|p1b: Metagross|Metagross|Metagrossite\n|move|p1b: Metagross|Bullet Punch|p2b: gag\n|-supereffective|p2b: gag\n|-damage|p2b: gag|0 fnt\n|faint|p2b: gag\n|move|p1a: Serperior|Leaf Storm|p2a: lank\n|-damage|p2a: lank|0 fnt\n|-boost|p1a: Serperior|spa|2\n|faint|p2a: lank\n|\n|-heal|p1a: Serperior|87\/100 tox|[from] item: Leftovers\n|-damage|p1a: Serperior|74\/100 tox|[from] psn\n|upkeep\n|\n|t:|1695275247\n|switch|p2a: sagamans|Salamence, M|100\/100\n|switch|p2b: snorp|Snorlax, M|100\/100\n|turn|4\n|\n|t:|1695275267\n|detailschange|p2a: sagamans|Salamence-Mega, M\n|-mega|p2a: sagamans|Salamence|Salamencite\n|move|p2a: sagamans|Dual Wingbeat|p1a: Serperior\n|-supereffective|p1a: Serperior\n|-damage|p1a: Serperior|17\/100 tox\n|-supereffective|p1a: Serperior\n|-damage|p1a: Serperior|0 fnt\n|faint|p1a: Serperior\n|-hitcount|p1: Serperior|2\n|move|p1b: Metagross|Ice Punch|p2a: sagamans\n|-supereffective|p2a: sagamans\n|-damage|p2a: sagamans|0 fnt\n|faint|p2a: sagamans\n|move|p2b: snorp|Heat Crash|p1b: Metagross\n|-supereffective|p1b: Metagross\n|-damage|p1b: Metagross|83\/100\n|\n|upkeep\n|\n|t:|1695275284\n|switch|p2a: cheepo|Chien-Pao|100\/100\n|switch|p1a: Mimikyu|Mimikyu, F, shiny|100\/100\n|-ability|p2a: cheepo|Sword of Ruin\n|turn|5\n|\n|t:|1695275311\n|-terastallize|p2a: cheepo|Dark\n|-terastallize|p1a: Mimikyu|Fairy\n|move|p2a: cheepo|Sacred Sword|p1b: Metagross\n|-damage|p1b: Metagross|57\/100\n|move|p1b: Metagross|Meteor Mash|p2b: snorp\n|-damage|p2b: snorp|31\/100\n|move|p1a: Mimikyu|Play Rough|p2a: cheepo\n|-supereffective|p2a: cheepo\n|-damage|p2a: cheepo|0 fnt\n|faint|p2a: cheepo\n|-damage|p1a: Mimikyu|91\/100|[from] item: Life Orb\n|move|p2b: snorp|Heat Crash|p1b: Metagross\n|-supereffective|p1b: Metagross\n|-damage|p1b: Metagross|37\/100\n|\n|upkeep\n|turn|6\n|\n|t:|1695275339\n|move|p1b: Metagross|Meteor Mash|p2b: snorp|[miss]\n|-miss|p1b: Metagross|p2b: snorp\n|move|p1a: Mimikyu|Play Rough|p2b: snorp|[miss]\n|-miss|p1a: Mimikyu|p2b: snorp\n|move|p2b: snorp|Heat Crash|p1b: Metagross\n|-supereffective|p1b: Metagross\n|-damage|p1b: Metagross|17\/100\n|\n|upkeep\n|turn|7\n|\n|t:|1695275351\n|move|p1b: Metagross|Meteor Mash|p2b: snorp\n|-damage|p2b: snorp|0 fnt\n|faint|p2b: snorp\n|\n|win|CluelessGamer18\n","uploadtime":1695275358,"views":13,"p1id":"cluelessgamer18","p2id":"nautilusreign","formatid":"gen9nationaldexdoubles","rating":0,"private":0,"password":""}