{"id":"gen9nationaldexdoubles-1979417284","p1":"preeeee","p2":"Delphox23102008","format":"[Gen 9] National Dex Doubles","log":"|j|\u2606preeeee\n|j|\u2606Delphox23102008\n|t:|1698680998\n|gametype|doubles\n|player|p1|preeeee|wallace|1000\n|player|p2|Delphox23102008|az|1105\n|teamsize|p1|6\n|teamsize|p2|6\n|gen|9\n|tier|[Gen 9] National Dex Doubles\n|rated|\n|rule|HP Percentage Mod: HP is shown in percentages\n|rule|Endless Battle Clause: Forcing endless battles is banned\n|rule|OHKO Clause: OHKO moves are banned\n|rule|Evasion Moves Clause: Evasion moves are banned\n|rule|Evasion Abilities Clause: Evasion abilities are banned\n|rule|Species Clause: Limit one of each Pok\u00e9mon\n|rule|Gravity Sleep Clause: The combination of sleep-inducing moves with imperfect accuracy and Gravity or Gigantamax Orbeetle are banned\n|clearpoke\n|poke|p1|Palafin, M|\n|poke|p1|Gyarados, M|\n|poke|p1|Pelipper, F|\n|poke|p1|Azumarill, M|\n|poke|p1|Poliwrath, M|\n|poke|p1|Walking Wake|\n|poke|p2|Shuckle, M|\n|poke|p2|Dugtrio, F|\n|poke|p2|Pyroar, F|\n|poke|p2|Regigigas|\n|poke|p2|Sableye, M|\n|poke|p2|Dragonite, F|\n|teampreview\n|inactive|Battle timer is ON: inactive players will automatically lose when time's up. (requested by preeeee)\n|inactive|Delphox23102008 also wants the timer to be on.\n|\n|t:|1698681013\n|start\n|switch|p1a: Palafin|Palafin, M|100\/100\n|switch|p1b: Pelipper|Pelipper, F, shiny|100\/100\n|switch|p2a: Shuckle|Shuckle, M|100\/100\n|switch|p2b: Dugtrio|Dugtrio, F|100\/100\n|-weather|RainDance|[from] ability: Drizzle|[of] p1b: Pelipper\n|turn|1\n|\n|t:|1698681032\n|move|p2b: Dugtrio|Protect|p2b: Dugtrio\n|-singleturn|p2b: Dugtrio|Protect\n|move|p1a: Palafin|Flip Turn|p2a: Shuckle\n|-supereffective|p2a: Shuckle\n|-damage|p2a: Shuckle|51\/100\n|\n|t:|1698681041\n|detailschange|p1a: Palafin|Palafin-Hero, M\n|switch|p1a: Azumarill|Azumarill, M, shiny|100\/100|[from] Flip Turn\n|move|p1b: Pelipper|U-turn|p2b: Dugtrio\n|-activate|p2b: Dugtrio|move: Protect\n|move|p2a: Shuckle|Sticky Web|p1a: Azumarill\n|-sidestart|p1: preeeee|move: Sticky Web\n|\n|-weather|RainDance|[upkeep]\n|-heal|p2a: Shuckle|57\/100|[from] item: Leftovers\n|upkeep\n|turn|2\n|j| f1r35t0rm_96\n|\n|t:|1698681053\n|move|p2b: Dugtrio|Final Gambit|p1a: Azumarill\n|-damage|p1a: Azumarill|33\/100\n|faint|p2b: Dugtrio\n|move|p1b: Pelipper|Blizzard|p2a: Shuckle|[miss]\n|-miss|p1b: Pelipper|p2a: Shuckle\n|move|p1a: Azumarill|Belly Drum||[still]\n|-fail|p1a: Azumarill\n|move|p2a: Shuckle|Final Gambit|p1a: Azumarill\n|-damage|p1a: Azumarill|0 fnt\n|faint|p2a: Shuckle\n|faint|p1a: Azumarill\n|\n|-weather|RainDance|[upkeep]\n|upkeep\n|\n|t:|1698681064\n|switch|p2b: Pyroar|Pyroar, F|100\/100\n|switch|p1a: Poliwrath|Poliwrath, M|100\/100\n|switch|p2a: Regigigas|Regigigas|100\/100\n|-activate|p1a: Poliwrath|move: Sticky Web\n|-unboost|p1a: Poliwrath|spe|1\n|-start|p2a: Regigigas|ability: Slow Start\n|turn|3\n|\n|t:|1698681083\n|-terastallize|p2a: Regigigas|Ground\n|move|p2b: Pyroar|Entrainment|p2a: Regigigas\n|-end|p2a: Regigigas|Slow Start|[silent]\n|-endability|p2a: Regigigas|Slow Start|[from] move: Entrainment\n|-ability|p2a: Regigigas|Moxie|[from] move: Entrainment\n|move|p2a: Regigigas|Earthquake|p1b: Pelipper|[spread] p2b,p1a\n|-immune|p1b: Pelipper\n|-supereffective|p2b: Pyroar\n|-damage|p2b: Pyroar|0 fnt\n|-damage|p1a: Poliwrath|27\/100\n|faint|p2b: Pyroar\n|-ability|p2a: Regigigas|Moxie|boost\n|-boost|p2a: Regigigas|atk|1\n|move|p1a: Poliwrath|Belly Drum||[still]\n|-fail|p1a: Poliwrath\n|move|p1b: Pelipper|Hydro Pump|p2a: Regigigas|[miss]\n|-miss|p1b: Pelipper|p2a: Regigigas\n|\n|-weather|RainDance|[upkeep]\n|upkeep\n|\n|t:|1698681091\n|switch|p2b: Sableye|Sableye, M|100\/100\n|turn|4\n|\n|t:|1698681105\n|move|p2b: Sableye|Gravity|p2b: Sableye\n|-fieldstart|move: Gravity\n|move|p2a: Regigigas|Earthquake|p1b: Pelipper|[spread] p2b,p1a,p1b\n|-crit|p1a: Poliwrath\n|-crit|p1b: Pelipper\n|-damage|p2b: Sableye|1\/100\n|-damage|p1a: Poliwrath|0 fnt\n|-damage|p1b: Pelipper|0 fnt\n|faint|p1a: Poliwrath\n|faint|p1b: Pelipper\n|-ability|p2a: Regigigas|Moxie|boost\n|-boost|p2a: Regigigas|atk|2\n|\n|-weather|RainDance|[upkeep]\n|upkeep\n|\n|t:|1698681115\n|switch|p1a: Gyarados|Gyarados, M, shiny|100\/100\n|switch|p1b: Palafin|Palafin-Hero, M|100\/100\n|-activate|p1a: Gyarados|move: Sticky Web\n|-unboost|p1a: Gyarados|spe|1\n|-activate|p1b: Palafin|move: Sticky Web\n|-unboost|p1b: Palafin|spe|1\n|-activate|p1b: Palafin|ability: Zero to Hero\n|turn|5\n|c|\u2606Delphox23102008|Sableye lived?\n|c|\u2606Delphox23102008|Huh\n|inactive|preeeee has 120 seconds left.\n|\n|t:|1698681147\n|move|p2b: Sableye|Helping Hand|p2a: Regigigas\n|-singleturn|p2a: Regigigas|Helping Hand|[of] p2b: Sableye\n|move|p2a: Regigigas|Earthquake|p1b: Palafin|[spread] p2b,p1a,p1b\n|-damage|p2b: Sableye|0 fnt\n|-damage|p1a: Gyarados|0 fnt\n|-damage|p1b: Palafin|0 fnt\n|faint|p2b: Sableye\n|faint|p1a: Gyarados\n|faint|p1b: Palafin\n|-ability|p2a: Regigigas|Moxie|boost\n|-boost|p2a: Regigigas|atk|3\n|\n|-weather|none\n|upkeep\n|\n|t:|1698681159\n|switch|p1b: Walking Wake|Walking Wake|100\/100\n|switch|p2b: Dragonite|Dragonite, F|100\/100\n|-activate|p1b: Walking Wake|move: Sticky Web\n|-unboost|p1b: Walking Wake|spe|1\n|-enditem|p1b: Walking Wake|White Herb\n|-clearnegativeboost|p1b: Walking Wake|[silent]\n|turn|6\n|\n|t:|1698681167\n|move|p2b: Dragonite|Helping Hand|p2a: Regigigas\n|-singleturn|p2a: Regigigas|Helping Hand|[of] p2b: Dragonite\n|move|p1b: Walking Wake|Scald|p2a: Regigigas\n|-supereffective|p2a: Regigigas\n|-damage|p2a: Regigigas|34\/100\n|move|p2a: Regigigas|Earthquake|p1b: Walking Wake|[spread] p2b,p1b\n|-damage|p2b: Dragonite|0 fnt\n|-damage|p1b: Walking Wake|0 fnt\n|faint|p2b: Dragonite\n|faint|p1b: Walking Wake\n|-end|p1b: Walking Wake|Protosynthesis|[silent]\n|\n|win|Delphox23102008\n|raw|preeeee's rating: 1000 &rarr; <strong>1000<\/strong><br \/>(+0 for losing)\n|raw|Delphox23102008's rating: 1105 &rarr; <strong>1123<\/strong><br \/>(+18 for winning)\n|l|\u2606preeeee\n","uploadtime":1698681181,"views":11,"p1id":"preeeee","p2id":"delphox23102008","formatid":"gen9nationaldexdoubles","rating":1000,"private":0,"password":""}