{"id":"gen9nationaldexdoubles-1978052975","p1":"PyraFox","p2":"dfgs fhsfh","format":"[Gen 9] National Dex Doubles","log":"|j|\u2606PyraFox\n|j|\u2606dfgs fhsfh\n|t:|1698491862\n|gametype|doubles\n|player|p1|PyraFox|veteran|1052\n|player|p2|dfgs fhsfh|lucas|1048\n|teamsize|p1|6\n|teamsize|p2|6\n|gen|9\n|tier|[Gen 9] National Dex Doubles\n|rated|\n|rule|HP Percentage Mod: HP is shown in percentages\n|rule|Endless Battle Clause: Forcing endless battles is banned\n|rule|OHKO Clause: OHKO moves are banned\n|rule|Evasion Moves Clause: Evasion moves are banned\n|rule|Evasion Abilities Clause: Evasion abilities are banned\n|rule|Species Clause: Limit one of each Pok\u00e9mon\n|rule|Gravity Sleep Clause: The combination of sleep-inducing moves with imperfect accuracy and Gravity or Gigantamax Orbeetle are banned\n|clearpoke\n|poke|p1|Arboliva, F|\n|poke|p1|Trevenant, M|\n|poke|p1|Heatran, M|\n|poke|p1|Iron Bundle|\n|poke|p1|Grimmsnarl, M|\n|poke|p1|Gholdengo|\n|poke|p2|Indeedee-F, F|\n|poke|p2|Oranguru, F|\n|poke|p2|Glastrier|\n|poke|p2|Hoopa-Unbound|\n|poke|p2|Ursaluna, F|\n|poke|p2|Zygarde|\n|teampreview\n|inactive|Battle timer is ON: inactive players will automatically lose when time's up. (requested by PyraFox)\n|\n|t:|1698491880\n|start\n|switch|p1a: Arboliva|Arboliva, F|100\/100\n|switch|p1b: Trevenant|Trevenant, M|100\/100\n|switch|p2a: Hoopa|Hoopa-Unbound|100\/100\n|switch|p2b: Zygarde|Zygarde|100\/100\n|-ability|p2b: Zygarde|Aura Break\n|turn|1\n|\n|t:|1698491897\n|move|p2b: Zygarde|Coil|p2b: Zygarde\n|-boost|p2b: Zygarde|atk|1\n|-boost|p2b: Zygarde|def|1\n|-boost|p2b: Zygarde|accuracy|1\n|move|p2a: Hoopa|Dark Pulse|p1b: Trevenant\n|-supereffective|p1b: Trevenant\n|-damage|p1b: Trevenant|23\/100\n|-enditem|p1b: Trevenant|Sitrus Berry|[eat]\n|-heal|p1b: Trevenant|48\/100|[from] item: Sitrus Berry\n|move|p1b: Trevenant|Leech Seed|p2a: Hoopa\n|-start|p2a: Hoopa|move: Leech Seed\n|move|p1a: Arboliva|Leech Seed|p2b: Zygarde|[miss]\n|-miss|p1a: Arboliva|p2b: Zygarde\n|\n|-damage|p2a: Hoopa|88\/100|[from] Leech Seed|[of] p1b: Trevenant\n|-heal|p1b: Trevenant|60\/100|[silent]\n|-item|p1b: Trevenant|Sitrus Berry|[from] ability: Harvest\n|upkeep\n|turn|2\n|inactive|PyraFox has 120 seconds left.\n|\n|t:|1698491940\n|move|p1b: Trevenant|Protect|p1b: Trevenant\n|-singleturn|p1b: Trevenant|Protect\n|move|p2b: Zygarde|Crunch|p1b: Trevenant\n|-activate|p1b: Trevenant|move: Protect\n|move|p2a: Hoopa|Dark Pulse|p1a: Arboliva\n|-damage|p1a: Arboliva|66\/100\n|cant|p1a: Arboliva|flinch\n|\n|-damage|p2a: Hoopa|76\/100|[from] Leech Seed|[of] p1b: Trevenant\n|-heal|p1b: Trevenant|72\/100|[silent]\n|upkeep\n|turn|3\n|inactive|PyraFox has 120 seconds left.\n|\n|t:|1698491966\n|switch|p1b: Grimmsnarl|Grimmsnarl, M|100\/100\n|move|p2b: Zygarde|Crunch|p1b: Grimmsnarl\n|-resisted|p1b: Grimmsnarl\n|-damage|p1b: Grimmsnarl|92\/100\n|move|p2a: Hoopa|Dark Pulse|p1b: Grimmsnarl\n|-resisted|p1b: Grimmsnarl\n|-damage|p1b: Grimmsnarl|81\/100\n|move|p1a: Arboliva|Leech Seed|p2b: Zygarde\n|-start|p2b: Zygarde|move: Leech Seed\n|\n|-heal|p1b: Grimmsnarl|88\/100|[from] item: Leftovers\n|-damage|p2b: Zygarde|88\/100|[from] Leech Seed|[of] p1a: Arboliva\n|-heal|p1a: Arboliva|80\/100|[silent]\n|-damage|p2a: Hoopa|63\/100|[from] Leech Seed|[of] p1b: Grimmsnarl\n|-heal|p1b: Grimmsnarl|99\/100|[silent]\n|upkeep\n|turn|4\n|inactive|PyraFox has 120 seconds left.\n|\n|t:|1698491988\n|move|p1a: Arboliva|Protect|p1a: Arboliva\n|-singleturn|p1a: Arboliva|Protect\n|move|p1b: Grimmsnarl|Substitute|p1b: Grimmsnarl\n|-start|p1b: Grimmsnarl|Substitute\n|-damage|p1b: Grimmsnarl|74\/100\n|move|p2b: Zygarde|Thousand Arrows|p1a: Arboliva|[spread] p1b\n|-activate|p1a: Arboliva|move: Protect\n|-end|p1b: Grimmsnarl|Substitute\n|move|p2a: Hoopa|Dark Pulse|p1a: Arboliva\n|-activate|p1a: Arboliva|move: Protect\n|\n|-heal|p1b: Grimmsnarl|80\/100|[from] item: Leftovers\n|-damage|p2b: Zygarde|76\/100|[from] Leech Seed|[of] p1a: Arboliva\n|-heal|p1a: Arboliva|95\/100|[silent]\n|-damage|p2a: Hoopa|51\/100|[from] Leech Seed|[of] p1b: Grimmsnarl\n|-heal|p1b: Grimmsnarl|92\/100|[silent]\n|upkeep\n|turn|5\n|inactive|PyraFox has 120 seconds left.\n|inactive|dfgs fhsfh has 120 seconds left.\n|\n|t:|1698492033\n|switch|p2a: Indeedee|Indeedee-F, F|100\/100\n|-fieldstart|move: Psychic Terrain|[from] ability: Psychic Surge|[of] p2a: Indeedee\n|move|p1b: Grimmsnarl|Substitute|p1b: Grimmsnarl\n|-start|p1b: Grimmsnarl|Substitute\n|-damage|p1b: Grimmsnarl|67\/100\n|move|p2b: Zygarde|Thousand Arrows|p1a: Arboliva|[spread] p1a,p1b\n|-end|p1b: Grimmsnarl|Substitute\n|-resisted|p1a: Arboliva\n|-damage|p1a: Arboliva|77\/100\n|move|p1a: Arboliva|Substitute|p1a: Arboliva\n|-start|p1a: Arboliva|Substitute\n|-damage|p1a: Arboliva|52\/100\n|\n|-heal|p1b: Grimmsnarl|73\/100|[from] item: Leftovers\n|-damage|p2b: Zygarde|63\/100|[from] Leech Seed|[of] p1a: Arboliva\n|-heal|p1a: Arboliva|66\/100|[silent]\n|upkeep\n|turn|6\n|inactive|dfgs fhsfh has 120 seconds left.\n|inactive|PyraFox has 120 seconds left.\n|\n|t:|1698492062\n|switch|p2b: Glastrier|Glastrier|100\/100\n|move|p1b: Grimmsnarl|Bulk Up|p1b: Grimmsnarl\n|-boost|p1b: Grimmsnarl|atk|1\n|-boost|p1b: Grimmsnarl|def|1\n|move|p1a: Arboliva|Leech Seed|p2a: Indeedee\n|-start|p2a: Indeedee|move: Leech Seed\n|move|p2a: Indeedee|Trick Room|p2a: Indeedee\n|-fieldstart|move: Trick Room|[of] p2a: Indeedee\n|\n|-heal|p1b: Grimmsnarl|79\/100|[from] item: Leftovers\n|-damage|p2a: Indeedee|88\/100|[from] Leech Seed|[of] p1a: Arboliva\n|-heal|p1a: Arboliva|78\/100|[silent]\n|upkeep\n|turn|7\n|inactive|dfgs fhsfh has 120 seconds left.\n|\n|t:|1698492089\n|-terastallize|p2b: Glastrier|Ice\n|move|p2a: Indeedee|Follow Me|p2a: Indeedee\n|-singleturn|p2a: Indeedee|move: Follow Me\n|move|p1b: Grimmsnarl|Bulk Up|p1b: Grimmsnarl\n|-boost|p1b: Grimmsnarl|atk|1\n|-boost|p1b: Grimmsnarl|def|1\n|move|p2b: Glastrier|Icicle Spear|p1b: Grimmsnarl\n|-damage|p1b: Grimmsnarl|65\/100\n|-damage|p1b: Grimmsnarl|52\/100\n|-damage|p1b: Grimmsnarl|39\/100\n|-damage|p1b: Grimmsnarl|25\/100\n|-damage|p1b: Grimmsnarl|12\/100\n|-hitcount|p1b: Grimmsnarl|5\n|move|p1a: Arboliva|Leech Seed||[still]\n|-fail|p1a: Arboliva\n|\n|-heal|p1b: Grimmsnarl|18\/100|[from] item: Leftovers\n|-damage|p2a: Indeedee|75\/100|[from] Leech Seed|[of] p1a: Arboliva\n|-heal|p1a: Arboliva|90\/100|[silent]\n|upkeep\n|turn|8\n|inactive|dfgs fhsfh has 120 seconds left.\n|\n|t:|1698492114\n|move|p2a: Indeedee|Follow Me|p2a: Indeedee\n|-singleturn|p2a: Indeedee|move: Follow Me\n|move|p2b: Glastrier|Icicle Spear|p1a: Arboliva\n|-supereffective|p1a: Arboliva\n|-end|p1a: Arboliva|Substitute\n|-supereffective|p1a: Arboliva\n|-damage|p1a: Arboliva|43\/100\n|-enditem|p1a: Arboliva|Sitrus Berry|[eat]\n|-heal|p1a: Arboliva|68\/100|[from] item: Sitrus Berry\n|-supereffective|p1a: Arboliva\n|-damage|p1a: Arboliva|25\/100\n|-supereffective|p1a: Arboliva\n|-damage|p1a: Arboliva|0 fnt\n|faint|p1a: Arboliva\n|-ability|p2b: Glastrier|Chilling Neigh|boost\n|-boost|p2b: Glastrier|atk|1\n|-hitcount|p1: Arboliva|4\n|move|p1b: Grimmsnarl|False Surrender|p2a: Indeedee\n|-supereffective|p2a: Indeedee\n|-damage|p2a: Indeedee|0 fnt\n|faint|p2a: Indeedee\n|\n|-heal|p1b: Grimmsnarl|24\/100|[from] item: Leftovers\n|upkeep\n|inactive|dfgs fhsfh has 120 seconds left.\n|\n|t:|1698492148\n|switch|p1a: Trevenant|Trevenant, M|72\/100\n|switch|p2a: Ursaluna|Ursaluna, F|100\/100\n|turn|9\n|\n|t:|1698492175\n|move|p2b: Glastrier|Icicle Spear|p1a: Trevenant\n|-supereffective|p1a: Trevenant\n|-damage|p1a: Trevenant|0 fnt\n|faint|p1a: Trevenant\n|-ability|p2b: Glastrier|Chilling Neigh|boost\n|-boost|p2b: Glastrier|atk|1\n|-hitcount|p1: Trevenant|1\n|move|p2a: Ursaluna|Facade|p1b: Grimmsnarl\n|-damage|p1b: Grimmsnarl|0 fnt\n|faint|p1b: Grimmsnarl\n|\n|-fieldend|move: Psychic Terrain\n|-status|p2a: Ursaluna|brn|[from] item: Flame Orb\n|upkeep\n|\n|t:|1698492183\n|switch|p1a: Iron Bundle|Iron Bundle|100\/100\n|switch|p1b: Heatran|Heatran, M|100\/100\n|-enditem|p1a: Iron Bundle|Booster Energy\n|-activate|p1a: Iron Bundle|ability: Quark Drive|[fromitem]\n|-start|p1a: Iron Bundle|quarkdrivespe\n|turn|10\n|inactive|dfgs fhsfh has 120 seconds left.\n|\n|t:|1698492224\n|move|p2b: Glastrier|Stomping Tantrum|p1b: Heatran\n|-supereffective|p1b: Heatran\n|-damage|p1b: Heatran|0 fnt\n|faint|p1b: Heatran\n|-ability|p2b: Glastrier|Chilling Neigh|boost\n|-boost|p2b: Glastrier|atk|1\n|move|p2a: Ursaluna|Close Combat|p1a: Iron Bundle\n|-supereffective|p1a: Iron Bundle\n|-damage|p1a: Iron Bundle|0 fnt\n|-unboost|p2a: Ursaluna|def|1\n|-unboost|p2a: Ursaluna|spd|1\n|faint|p1a: Iron Bundle\n|-end|p1a: Iron Bundle|Quark Drive|[silent]\n|\n|-damage|p2a: Ursaluna|94\/100 brn|[from] brn\n|-fieldend|move: Trick Room\n|upkeep\n|\n|t:|1698492230\n|switch|p1a: Gholdengo|Gholdengo|100\/100\n|turn|11\n|\n|t:|1698492241\n|move|p1a: Gholdengo|Iron Head|p2b: Glastrier\n|-supereffective|p2b: Glastrier\n|-damage|p2b: Glastrier|77\/100\n|move|p2a: Ursaluna|Headlong Rush|p1a: Gholdengo\n|-supereffective|p1a: Gholdengo\n|-damage|p1a: Gholdengo|0 fnt\n|-unboost|p2a: Ursaluna|def|1\n|-unboost|p2a: Ursaluna|spd|1\n|faint|p1a: Gholdengo\n|\n|win|dfgs fhsfh\n|raw|PyraFox's rating: 1052 &rarr; <strong>1034<\/strong><br \/>(-18 for losing)\n|raw|dfgs fhsfh's rating: 1048 &rarr; <strong>1081<\/strong><br \/>(+33 for winning)\n|l|\u2606PyraFox\n","uploadtime":1698492252,"views":7,"p1id":"pyrafox","p2id":"dfgsfhsfh","formatid":"gen9nationaldexdoubles","rating":1034,"private":0,"password":""}