{"id":"gen9nationaldexdoubles-1968611103","p1":"GoldGrifter","p2":"Rikard & Frida","format":"[Gen 9] National Dex Doubles","log":"|j|\u2606GoldGrifter\n|j|\u2606Rikard & Frida\n|t:|1697442026\n|gametype|doubles\n|player|p1|GoldGrifter|clair|1340\n|player|p2|Rikard & Frida|youngcouple-gen4dp|1247\n|teamsize|p1|6\n|teamsize|p2|6\n|gen|9\n|tier|[Gen 9] National Dex Doubles\n|rated|\n|rule|HP Percentage Mod: HP is shown in percentages\n|rule|Endless Battle Clause: Forcing endless battles is banned\n|rule|OHKO Clause: OHKO moves are banned\n|rule|Evasion Moves Clause: Evasion moves are banned\n|rule|Evasion Abilities Clause: Evasion abilities are banned\n|rule|Species Clause: Limit one of each Pok\u00e9mon\n|rule|Gravity Sleep Clause: The combination of sleep-inducing moves with imperfect accuracy and Gravity or Gigantamax Orbeetle are banned\n|clearpoke\n|poke|p1|Diancie|\n|poke|p1|Celesteela|\n|poke|p1|Landorus, M|\n|poke|p1|Dracovish|\n|poke|p1|Tyranitar, F|\n|poke|p1|Hippowdon, M|\n|poke|p2|Electivire, M|\n|poke|p2|Porygon-Z|\n|poke|p2|Sceptile, M|\n|poke|p2|Infernape, M|\n|poke|p2|Greninja-*, M|\n|poke|p2|Salamence, M|\n|teampreview\n|inactive|Battle timer is ON: inactive players will automatically lose when time's up. (requested by Rikard & Frida)\n|inactive|GoldGrifter also wants the timer to be on.\n|\n|t:|1697442034\n|start\n|switch|p1a: Darude|Hippowdon, M|100\/100\n|switch|p1b: Robin|Landorus, M|100\/100\n|switch|p2a: Infernape|Infernape, M|100\/100\n|switch|p2b: Salamence|Salamence, M|100\/100\n|-ability|p2b: Salamence|Intimidate|boost\n|-unboost|p1a: Darude|atk|1\n|-unboost|p1b: Robin|atk|1\n|-weather|Sandstorm|[from] ability: Sand Stream|[of] p1a: Darude\n|turn|1\n|\n|t:|1697442042\n|detailschange|p2b: Salamence|Salamence-Mega, M\n|-mega|p2b: Salamence|Salamence|Salamencite\n|move|p2a: Infernape|Fake Out|p1b: Robin\n|-crit|p1b: Robin\n|-damage|p1b: Robin|69\/100\n|-damage|p2a: Infernape|91\/100|[from] item: Life Orb\n|move|p2b: Salamence|Dragon Dance|p2b: Salamence\n|-boost|p2b: Salamence|atk|1\n|-boost|p2b: Salamence|spe|1\n|cant|p1b: Robin|flinch\n|move|p1a: Darude|Yawn|p2a: Infernape\n|-start|p2a: Infernape|move: Yawn|[of] p1a: Darude\n|\n|-weather|Sandstorm|[upkeep]\n|-damage|p2b: Salamence|94\/100|[from] Sandstorm\n|-damage|p2a: Infernape|85\/100|[from] Sandstorm\n|upkeep\n|turn|2\n|\n|t:|1697442062\n|move|p1b: Robin|Protect|p1b: Robin\n|-singleturn|p1b: Robin|Protect\n|move|p2b: Salamence|Double-Edge|p1a: Darude\n|-damage|p1a: Darude|32\/100\n|-damage|p2b: Salamence|66\/100|[from] Recoil\n|move|p2a: Infernape|Flare Blitz|p1b: Robin\n|-activate|p1b: Robin|move: Protect\n|move|p1a: Darude|Yawn|p2b: Salamence\n|-start|p2b: Salamence|move: Yawn|[of] p1a: Darude\n|\n|-weather|Sandstorm|[upkeep]\n|-damage|p2b: Salamence|60\/100|[from] Sandstorm\n|-damage|p2a: Infernape|78\/100|[from] Sandstorm\n|-end|p2a: Infernape|move: Yawn|[silent]\n|-status|p2a: Infernape|slp\n|upkeep\n|turn|3\n|\n|t:|1697442081\n|move|p2b: Salamence|Double-Edge|p1a: Darude\n|-damage|p1a: Darude|0 fnt\n|faint|p1a: Darude\n|-damage|p2b: Salamence|47\/100|[from] Recoil\n|move|p1b: Robin|Weather Ball|p2b: Salamence\n|-supereffective|p2b: Salamence\n|-damage|p2b: Salamence|0 fnt\n|faint|p2b: Salamence\n|cant|p2a: Infernape|slp\n|\n|-weather|Sandstorm|[upkeep]\n|-damage|p2a: Infernape|72\/100 slp|[from] Sandstorm\n|upkeep\n|\n|t:|1697442086\n|switch|p2b: Greninja|Greninja, M|100\/100\n|switch|p1a: Lightweight|Celesteela|100\/100\n|turn|4\n|\n|t:|1697442095\n|move|p2b: Greninja|Ice Beam|p1b: Robin\n|-supereffective|p1b: Robin\n|-damage|p1b: Robin|0 fnt\n|faint|p1b: Robin\n|-ability|p2b: Greninja|Battle Bond|boost\n|-boost|p2b: Greninja|atk|1\n|-boost|p2b: Greninja|spa|1\n|-boost|p2b: Greninja|spe|1\n|-activate|p2b: Greninja|ability: Battle Bond\n|-curestatus|p2a: Infernape|slp|[msg]\n|move|p2a: Infernape|Flare Blitz|p1a: Lightweight\n|-supereffective|p1a: Lightweight\n|-damage|p1a: Lightweight|0 fnt\n|faint|p1a: Lightweight\n|-damage|p2a: Infernape|31\/100|[from] Recoil\n|-damage|p2a: Infernape|21\/100|[from] item: Life Orb\n|\n|-weather|Sandstorm|[upkeep]\n|-damage|p2b: Greninja|95\/100|[from] Sandstorm\n|-damage|p2a: Infernape|15\/100|[from] Sandstorm\n|upkeep\n|\n|t:|1697442099\n|switch|p1b: Sandy Cheeks|Tyranitar, F|100\/100\n|switch|p1a: Diamond Tank|Diancie|100\/100\n|turn|5\n|\n|t:|1697442115\n|-terastallize|p2b: Greninja|Water\n|move|p1b: Sandy Cheeks|Protect|p1b: Sandy Cheeks\n|-singleturn|p1b: Sandy Cheeks|Protect\n|move|p2b: Greninja|Water Shuriken|p1a: Diamond Tank\n|-supereffective|p1a: Diamond Tank\n|-damage|p1a: Diamond Tank|87\/100\n|-supereffective|p1a: Diamond Tank\n|-damage|p1a: Diamond Tank|71\/100\n|-supereffective|p1a: Diamond Tank\n|-damage|p1a: Diamond Tank|56\/100\n|-supereffective|p1a: Diamond Tank\n|-crit|p1a: Diamond Tank\n|-damage|p1a: Diamond Tank|34\/100\n|-hitcount|p1a: Diamond Tank|4\n|move|p2a: Infernape|Close Combat|p1b: Sandy Cheeks\n|-activate|p1b: Sandy Cheeks|move: Protect\n|move|p1a: Diamond Tank|Dazzling Gleam|p2b: Greninja|[spread] p2a,p2b\n|-crit|p2b: Greninja\n|-damage|p2a: Infernape|0 fnt\n|-damage|p2b: Greninja|25\/100\n|faint|p2a: Infernape\n|\n|-weather|Sandstorm|[upkeep]\n|-damage|p2b: Greninja|19\/100|[from] Sandstorm\n|upkeep\n|inactive|Rikard & Frida has 120 seconds left.\n|\n|t:|1697442135\n|switch|p2a: Porygon-Z|Porygon-Z|100\/100\n|turn|6\n|\n|t:|1697442147\n|detailschange|p1b: Sandy Cheeks|Tyranitar-Mega, F\n|-mega|p1b: Sandy Cheeks|Tyranitar|Tyranitarite\n|move|p2b: Greninja|Water Shuriken|p1a: Diamond Tank\n|-supereffective|p1a: Diamond Tank\n|-crit|p1a: Diamond Tank\n|-damage|p1a: Diamond Tank|13\/100\n|-supereffective|p1a: Diamond Tank\n|-damage|p1a: Diamond Tank|0 fnt\n|faint|p1a: Diamond Tank\n|-hitcount|p1: Diamond Tank|2\n|-zpower|p2a: Porygon-Z\n|move|p2a: Porygon-Z|Z-Conversion||[anim]Conversion|[still]\n|-boost|p2a: Porygon-Z|atk|1|[zeffect]\n|-boost|p2a: Porygon-Z|def|1|[zeffect]\n|-boost|p2a: Porygon-Z|spa|1|[zeffect]\n|-boost|p2a: Porygon-Z|spd|1|[zeffect]\n|-boost|p2a: Porygon-Z|spe|1|[zeffect]\n|-fail|p2a: Porygon-Z\n|move|p1b: Sandy Cheeks|Rock Slide|p2a: Porygon-Z|[spread] p2a,p2b\n|-damage|p2a: Porygon-Z|72\/100\n|-damage|p2b: Greninja|0 fnt\n|faint|p2b: Greninja\n|\n|-weather|Sandstorm|[upkeep]\n|-damage|p2a: Porygon-Z|66\/100|[from] Sandstorm\n|upkeep\n|inactive|Rikard & Frida has 120 seconds left.\n|\n|t:|1697442186\n|switch|p2b: Electivire|Electivire, M|100\/100\n|switch|p1a: Bite|Dracovish|100\/100\n|turn|7\n|\n|t:|1697442193\n|move|p1a: Bite|Fishious Rend|p2b: Electivire\n|-damage|p2b: Electivire|0 fnt\n|faint|p2b: Electivire\n|move|p2a: Porygon-Z|Tri Attack|p1a: Bite\n|-damage|p1a: Bite|7\/100\n|move|p1b: Sandy Cheeks|Dragon Dance|p1b: Sandy Cheeks\n|-boost|p1b: Sandy Cheeks|atk|1\n|-boost|p1b: Sandy Cheeks|spe|1\n|\n|-weather|Sandstorm|[upkeep]\n|-damage|p2a: Porygon-Z|59\/100|[from] Sandstorm\n|upkeep\n|\n|t:|1697442200\n|switch|p2b: Sceptile|Sceptile, M|100\/100\n|turn|8\n|\n|t:|1697442206\n|move|p1a: Bite|Protect|p1a: Bite\n|-singleturn|p1a: Bite|Protect\n|move|p2a: Porygon-Z|Tri Attack|p1a: Bite\n|-activate|p1a: Bite|move: Protect\n|move|p1b: Sandy Cheeks|Rock Slide|p2a: Porygon-Z|[spread] p2a,p2b\n|-damage|p2a: Porygon-Z|14\/100\n|-damage|p2b: Sceptile|20\/100\n|-enditem|p2b: Sceptile|Petaya Berry|[eat]\n|-boost|p2b: Sceptile|spa|1|[from] item: Petaya Berry\n|move|p2b: Sceptile|Energy Ball|p1b: Sandy Cheeks\n|-supereffective|p1b: Sandy Cheeks\n|-damage|p1b: Sandy Cheeks|33\/100\n|\n|-weather|none\n|upkeep\n|turn|9\n|\n|t:|1697442224\n|move|p2b: Sceptile|Energy Ball|p1b: Sandy Cheeks\n|-supereffective|p1b: Sandy Cheeks\n|-crit|p1b: Sandy Cheeks\n|-damage|p1b: Sandy Cheeks|0 fnt\n|faint|p1b: Sandy Cheeks\n|move|p2a: Porygon-Z|Tri Attack|p1a: Bite\n|-damage|p1a: Bite|0 fnt\n|faint|p1a: Bite\n|\n|win|Rikard & Frida\n|raw|GoldGrifter's rating: 1340 &rarr; <strong>1315<\/strong><br \/>(-25 for losing)\n|raw|Rikard &amp; Frida's rating: 1247 &rarr; <strong>1279<\/strong><br \/>(+32 for winning)\n|l|\u2606GoldGrifter\n|c|\u2606Rikard & Frida|The\n|c|\u2606Rikard & Frida|Gg\n","uploadtime":1697442245,"views":11,"p1id":"goldgrifter","p2id":"rikardfrida","formatid":"gen9nationaldexdoubles","rating":1279,"private":0,"password":""}