{"id":"gen9nationaldexdoubles-1958755839","p1":"Koge Takashii","p2":"Indominus T-Rex","format":"[Gen 9] National Dex Doubles","log":"|j|\u2606Koge Takashii\n|j|\u2606Indominus T-Rex\n|t:|1696355549\n|gametype|doubles\n|player|p1|Koge Takashii|brawly|1100\n|player|p2|Indominus T-Rex|lusamine-nihilego|1108\n|teamsize|p1|6\n|teamsize|p2|6\n|gen|9\n|tier|[Gen 9] National Dex Doubles\n|rated|\n|rule|HP Percentage Mod: HP is shown in percentages\n|rule|Endless Battle Clause: Forcing endless battles is banned\n|rule|OHKO Clause: OHKO moves are banned\n|rule|Evasion Moves Clause: Evasion moves are banned\n|rule|Evasion Abilities Clause: Evasion abilities are banned\n|rule|Species Clause: Limit one of each Pok\u00e9mon\n|rule|Gravity Sleep Clause: The combination of sleep-inducing moves with imperfect accuracy and Gravity or Gigantamax Orbeetle are banned\n|clearpoke\n|poke|p1|Gholdengo|\n|poke|p1|Volbeat, M|\n|poke|p1|Tropius, M|\n|poke|p1|Illumise, F|\n|poke|p1|Charizard, M|\n|poke|p1|Tyranitar, M|\n|poke|p2|Dragonite, F|\n|poke|p2|Tyranitar, F|\n|poke|p2|Salamence, F|\n|poke|p2|Garchomp, F|\n|poke|p2|Hydreigon, F|\n|poke|p2|Kommo-o, M|\n|teampreview\n|\n|t:|1696355566\n|start\n|switch|p1a: Gholdengo|Gholdengo, shiny|100\/100\n|switch|p1b: Tyranitar|Tyranitar, M, shiny|100\/100\n|switch|p2a: Tyranitar|Tyranitar, F|100\/100\n|switch|p2b: Dragonite|Dragonite, F|100\/100\n|-weather|Sandstorm|[from] ability: Sand Stream|[of] p2a: Tyranitar\n|turn|1\n|\n|t:|1696355598\n|detailschange|p1b: Tyranitar|Tyranitar-Mega, M, shiny\n|-mega|p1b: Tyranitar|Tyranitar|Tyranitarite\n|move|p2b: Dragonite|Dragon Claw|p1b: Tyranitar\n|-crit|p1b: Tyranitar\n|-damage|p1b: Tyranitar|40\/100\n|move|p1a: Gholdengo|Make It Rain|p2a: Tyranitar|[spread] p2a,p2b\n|-supereffective|p2a: Tyranitar\n|-crit|p2b: Dragonite\n|-damage|p2a: Tyranitar|35\/100\n|-damage|p2b: Dragonite|18\/100\n|-unboost|p1a: Gholdengo|spa|1\n|move|p1b: Tyranitar|Rock Slide|p2a: Tyranitar|[spread] p2a,p2b\n|-supereffective|p2b: Dragonite\n|-damage|p2a: Tyranitar|1\/100\n|-damage|p2b: Dragonite|0 fnt\n|faint|p2b: Dragonite\n|move|p2a: Tyranitar|Knock Off|p1a: Gholdengo\n|-supereffective|p1a: Gholdengo\n|-enditem|p1a: Gholdengo|Focus Sash\n|-damage|p1a: Gholdengo|1\/100\n|\n|-weather|Sandstorm|[upkeep]\n|upkeep\n|\n|t:|1696355611\n|switch|p2b: Garchomp|Garchomp, F|100\/100\n|turn|2\n|\n|t:|1696355629\n|switch|p1a: Volbeat|Volbeat, M, shiny|100\/100\n|move|p2b: Garchomp|Earthquake|p1b: Tyranitar|[spread] p2a,p1a,p1b\n|-supereffective|p2a: Tyranitar\n|-resisted|p1a: Volbeat\n|-supereffective|p1b: Tyranitar\n|-damage|p2a: Tyranitar|0 fnt\n|-damage|p1a: Volbeat|79\/100\n|-damage|p1b: Tyranitar|0 fnt\n|faint|p2a: Tyranitar\n|faint|p1b: Tyranitar\n|-enditem|p1a: Volbeat|Red Card|[of] p2b: Garchomp\n|drag|p2b: Hydreigon|Hydreigon, F|100\/100\n|\n|-weather|Sandstorm|[upkeep]\n|-damage|p2b: Hydreigon|94\/100|[from] Sandstorm\n|-damage|p1a: Volbeat|73\/100|[from] Sandstorm\n|upkeep\n|\n|t:|1696355645\n|switch|p1b: Gholdengo|Gholdengo, shiny|1\/100\n|switch|p2a: Salamence|Salamence, F|100\/100\n|turn|3\n|\n|t:|1696355660\n|-terastallize|p1a: Volbeat|Rock\n|move|p1a: Volbeat|Tailwind|p1a: Volbeat\n|-sidestart|p1: Koge Takashii|move: Tailwind\n|move|p1b: Gholdengo|Make It Rain|p2b: Hydreigon|[spread] p2a,p2b\n|-damage|p2a: Salamence|41\/100\n|-damage|p2b: Hydreigon|40\/100\n|-unboost|p1b: Gholdengo|spa|1\n|move|p2a: Salamence|Fire Fang|p1b: Gholdengo\n|-supereffective|p1b: Gholdengo\n|-damage|p1b: Gholdengo|0 fnt\n|faint|p1b: Gholdengo\n|-ability|p2a: Salamence|Moxie|boost\n|-boost|p2a: Salamence|atk|1\n|move|p2b: Hydreigon|Flamethrower|p1a: Volbeat\n|-resisted|p1a: Volbeat\n|-damage|p1a: Volbeat|62\/100\n|\n|-weather|Sandstorm|[upkeep]\n|-damage|p2a: Salamence|35\/100|[from] Sandstorm\n|-damage|p2b: Hydreigon|34\/100|[from] Sandstorm\n|upkeep\n|\n|t:|1696355691\n|switch|p1b: Charizard|Charizard, M, shiny|100\/100\n|turn|4\n|\n|t:|1696355721\n|move|p1b: Charizard|Dragon Breath|p2a: Salamence\n|-supereffective|p2a: Salamence\n|-damage|p2a: Salamence|0 fnt\n|faint|p2a: Salamence\n|move|p1a: Volbeat|U-turn|p2b: Hydreigon\n|-supereffective|p2b: Hydreigon\n|-damage|p2b: Hydreigon|0 fnt\n|faint|p2b: Hydreigon\n|\n|t:|1696355733\n|switch|p1a: Illumise|Illumise, F|100\/100|[from] U-turn\n|\n|-weather|Sandstorm|[upkeep]\n|-damage|p1b: Charizard|94\/100|[from] Sandstorm\n|-damage|p1a: Illumise|94\/100|[from] Sandstorm\n|upkeep\n|inactive|Battle timer is ON: inactive players will automatically lose when time's up. (requested by Koge Takashii)\n|\n|t:|1696355739\n|switch|p2a: Kommo-o|Kommo-o, M|100\/100\n|switch|p2b: Garchomp|Garchomp, F|100\/100\n|turn|5\n|\n|t:|1696355761\n|detailschange|p2b: Garchomp|Garchomp-Mega, F\n|-mega|p2b: Garchomp|Garchomp|Garchompite\n|move|p1a: Illumise|Sunny Day|p1a: Illumise\n|-weather|SunnyDay\n|move|p1b: Charizard|Dragon Breath|p2a: Kommo-o\n|-supereffective|p2a: Kommo-o\n|-damage|p2a: Kommo-o|43\/100\n|move|p2b: Garchomp|Dragon Claw|p1a: Illumise\n|-damage|p1a: Illumise|43\/100\n|move|p2a: Kommo-o|Dragon Claw|p1b: Charizard\n|-damage|p1b: Charizard|39\/100\n|\n|-weather|SunnyDay|[upkeep]\n|-damage|p1b: Charizard|26\/100|[from] ability: Solar Power|[of] p1b: Charizard\n|upkeep\n|turn|6\n|inactive|Koge Takashii has 120 seconds left.\n|\n|t:|1696355791\n|move|p1a: Illumise|Thunder Wave|p2a: Kommo-o\n|-status|p2a: Kommo-o|par\n|move|p1b: Charizard|Dragon Breath|p2b: Garchomp\n|-supereffective|p2b: Garchomp\n|-damage|p2b: Garchomp|31\/100\n|-status|p2b: Garchomp|par\n|move|p2b: Garchomp|Dragon Claw|p1a: Illumise\n|-damage|p1a: Illumise|0 fnt\n|faint|p1a: Illumise\n|cant|p2a: Kommo-o|par\n|\n|-weather|SunnyDay|[upkeep]\n|-damage|p1b: Charizard|14\/100|[from] ability: Solar Power|[of] p1b: Charizard\n|-sideend|p1: Koge Takashii|move: Tailwind\n|upkeep\n|inactive|Koge Takashii has 120 seconds left.\n|\n|t:|1696355805\n|switch|p1a: Tropius|Tropius, M|100\/100\n|turn|7\n|\n|t:|1696355821\n|move|p1b: Charizard|Dragon Breath|p2b: Garchomp\n|-supereffective|p2b: Garchomp\n|-damage|p2b: Garchomp|0 fnt\n|faint|p2b: Garchomp\n|move|p1a: Tropius|Dragon Pulse|p2a: Kommo-o\n|-supereffective|p2a: Kommo-o\n|-damage|p2a: Kommo-o|0 fnt\n|faint|p2a: Kommo-o\n|\n|win|Koge Takashii\n|raw|Koge Takashii's rating: 1100 &rarr; <strong>1126<\/strong><br \/>(+26 for winning)\n|raw|Indominus T-Rex's rating: 1108 &rarr; <strong>1082<\/strong><br \/>(-26 for losing)\n|c|\u2606Indominus T-Rex|GG\n|l|\u2606Indominus T-Rex\n","uploadtime":1696356011,"views":5,"p1id":"kogetakashii","p2id":"indominustrex","formatid":"gen9nationaldexdoubles","rating":1082,"private":0,"password":""}