{"id":"gen9nationaldexdoubles-1951403583","p1":"zautumn","p2":"ManManMan8","format":"[Gen 9] National Dex Doubles","log":"|j|\u2606zautumn\n|j|\u2606ManManMan8\n|t:|1695579351\n|gametype|doubles\n|player|p1|zautumn|lusamine-nihilego|1136\n|player|p2|ManManMan8|pokemaniac|1169\n|teamsize|p1|6\n|teamsize|p2|6\n|gen|9\n|tier|[Gen 9] National Dex Doubles\n|rated|\n|rule|HP Percentage Mod: HP is shown in percentages\n|rule|Endless Battle Clause: Forcing endless battles is banned\n|rule|OHKO Clause: OHKO moves are banned\n|rule|Evasion Moves Clause: Evasion moves are banned\n|rule|Evasion Abilities Clause: Evasion abilities are banned\n|rule|Species Clause: Limit one of each Pok\u00e9mon\n|rule|Gravity Sleep Clause: The combination of sleep-inducing moves with imperfect accuracy and Gravity or Gigantamax Orbeetle are banned\n|clearpoke\n|poke|p1|Zoroark, M|\n|poke|p1|Kangaskhan, F|\n|poke|p1|Rotom-Wash|\n|poke|p1|Cloyster, F|\n|poke|p1|Metagross|\n|poke|p1|Dragapult, M|\n|poke|p2|Metagross|\n|poke|p2|Dipplin, F|\n|poke|p2|Iron Valiant|\n|poke|p2|Empoleon, M|\n|poke|p2|Tornadus, M|\n|poke|p2|Brambleghast, F|\n|teampreview\n|inactive|Battle timer is ON: inactive players will automatically lose when time's up. (requested by zautumn)\n|inactive|ManManMan8 also wants the timer to be on.\n|\n|t:|1695579373\n|start\n|switch|p1a: Kangaskhan|Kangaskhan, F|100\/100\n|switch|p1b: Cloyster|Cloyster, F|100\/100\n|switch|p2a: Dipplin|Dipplin, F|100\/100\n|switch|p2b: Iron Valiant|Iron Valiant|100\/100\n|-ability|p2a: Dipplin|Supersweet Syrup\n|-ability|p2a: Dipplin|Supersweet Syrup|boost\n|-unboost|p1a: Kangaskhan|evasion|1\n|-unboost|p1b: Cloyster|evasion|1\n|-enditem|p2b: Iron Valiant|Booster Energy\n|-activate|p2b: Iron Valiant|ability: Quark Drive|[fromitem]\n|-start|p2b: Iron Valiant|quarkdrivespe\n|turn|1\n|\n|t:|1695579385\n|switch|p2a: Metagross|Metagross|100\/100\n|detailschange|p1a: Kangaskhan|Kangaskhan-Mega, F\n|-mega|p1a: Kangaskhan|Kangaskhan|Kangaskhanite\n|move|p1a: Kangaskhan|Fake Out|p2b: Iron Valiant\n|-damage|p2b: Iron Valiant|76\/100\n|-damage|p2b: Iron Valiant|70\/100\n|-hitcount|p2b: Iron Valiant|2\n|cant|p2b: Iron Valiant|flinch\n|move|p1b: Cloyster|Shell Smash|p1b: Cloyster\n|-unboost|p1b: Cloyster|def|1\n|-unboost|p1b: Cloyster|spd|1\n|-boost|p1b: Cloyster|atk|2\n|-boost|p1b: Cloyster|spa|2\n|-boost|p1b: Cloyster|spe|2\n|\n|upkeep\n|turn|2\n|\n|t:|1695579411\n|move|p2b: Iron Valiant|Hypnosis|p1b: Cloyster\n|-status|p1b: Cloyster|slp|[from] move: Hypnosis\n|cant|p1b: Cloyster|slp\n|move|p1a: Kangaskhan|Double-Edge|p2b: Iron Valiant\n|-damage|p2b: Iron Valiant|0 fnt\n|faint|p2b: Iron Valiant\n|-end|p2b: Iron Valiant|Quark Drive|[silent]\n|-hitcount|p2: Iron Valiant|1\n|-damage|p1a: Kangaskhan|82\/100|[from] Recoil\n|move|p2a: Metagross|Cosmic Power|p2a: Metagross\n|-boost|p2a: Metagross|def|1\n|-boost|p2a: Metagross|spd|1\n|\n|upkeep\n|\n|t:|1695579425\n|switch|p2b: Tornadus|Tornadus, M|100\/100\n|turn|3\n|\n|t:|1695579435\n|move|p2b: Tornadus|Tailwind|p2b: Tornadus\n|-sidestart|p2: ManManMan8|move: Tailwind\n|move|p2a: Metagross|Cosmic Power|p2a: Metagross\n|-boost|p2a: Metagross|def|1\n|-boost|p2a: Metagross|spd|1\n|-curestatus|p1b: Cloyster|slp|[msg]\n|move|p1b: Cloyster|Liquidation|p2a: Metagross\n|-damage|p2a: Metagross|57\/100\n|-damage|p1b: Cloyster|91\/100|[from] item: Life Orb\n|move|p1a: Kangaskhan|Double-Edge|p2b: Tornadus\n|-damage|p2b: Tornadus|14\/100\n|-damage|p2b: Tornadus|0 fnt\n|faint|p2b: Tornadus\n|-hitcount|p2: Tornadus|2\n|-damage|p1a: Kangaskhan|53\/100|[from] Recoil\n|\n|upkeep\n|\n|t:|1695579454\n|switch|p2b: Brambleghast|Brambleghast, F|100\/100\n|-ability|p2b: Brambleghast|Wind Rider|boost\n|-boost|p2b: Brambleghast|atk|1\n|turn|4\n|\n|t:|1695579473\n|move|p2a: Metagross|Bullet Punch|p1b: Cloyster\n|-damage|p1b: Cloyster|63\/100\n|move|p2b: Brambleghast|Power Whip|p1a: Kangaskhan\n|-damage|p1a: Kangaskhan|0 fnt\n|faint|p1a: Kangaskhan\n|move|p1b: Cloyster|Icicle Spear|p2b: Brambleghast\n|-supereffective|p2b: Brambleghast\n|-crit|p2b: Brambleghast\n|-damage|p2b: Brambleghast|0 fnt\n|faint|p2b: Brambleghast\n|-hitcount|p2: Brambleghast|1\n|-damage|p1b: Cloyster|53\/100|[from] item: Life Orb\n|\n|upkeep\n|\n|t:|1695579491\n|switch|p1a: Dragapult|Dragapult, M|100\/100\n|switch|p2b: Empoleon|Empoleon, M|100\/100\n|turn|5\n|\n|t:|1695579515\n|move|p2a: Metagross|Meteor Mash|p1b: Cloyster\n|-damage|p1b: Cloyster|0 fnt\n|-boost|p2a: Metagross|atk|1\n|faint|p1b: Cloyster\n|move|p2b: Empoleon|Agility|p2b: Empoleon\n|-boost|p2b: Empoleon|spe|2\n|move|p1a: Dragapult|Taunt|p2a: Metagross\n|-start|p2a: Metagross|move: Taunt\n|\n|upkeep\n|\n|t:|1695579528\n|switch|p1b: Rotom|Rotom-Wash|100\/100\n|turn|6\n|\n|t:|1695579541\n|move|p2b: Empoleon|Flash Cannon|p1b: Rotom\n|-resisted|p1b: Rotom\n|-damage|p1b: Rotom|87\/100\n|move|p2a: Metagross|Meteor Mash|p1a: Dragapult\n|-enditem|p1a: Dragapult|Focus Sash\n|-damage|p1a: Dragapult|1\/100\n|-boost|p2a: Metagross|atk|1\n|replace|p1a: Zoroark|Zoroark, M\n|-end|p1a: Zoroark|Illusion\n|move|p1b: Rotom|Thunderbolt|p2b: Empoleon\n|-supereffective|p2b: Empoleon\n|-damage|p2b: Empoleon|11\/100\n|move|p1a: Zoroark|Dark Pulse|p2a: Metagross\n|-supereffective|p2a: Metagross\n|-damage|p2a: Metagross|9\/100\n|-enditem|p2a: Metagross|Weakness Policy\n|-boost|p2a: Metagross|atk|2|[from] item: Weakness Policy\n|-boost|p2a: Metagross|spa|2|[from] item: Weakness Policy\n|\n|-sideend|p2: ManManMan8|move: Tailwind\n|upkeep\n|turn|7\n|j| kitty teve\n|l| kitty teve\n|inactive|ManManMan8 has 120 seconds left.\n|\n|t:|1695579572\n|switch|p2b: Dipplin|Dipplin, F|100\/100\n|move|p2a: Metagross|Bullet Punch|p1a: Zoroark\n|-damage|p1a: Zoroark|0 fnt\n|faint|p1a: Zoroark\n|move|p1b: Rotom|Thunderbolt|p2a: Metagross\n|-damage|p2a: Metagross|0 fnt\n|faint|p2a: Metagross\n|\n|upkeep\n|\n|t:|1695579580\n|switch|p1a: Dragapult|Dragapult, M|100\/100\n|switch|p2a: Empoleon|Empoleon, M|11\/100\n|turn|8\n|\n|t:|1695579602\n|move|p1a: Dragapult|Dragon Darts|p2b: Dipplin\n|-supereffective|p2b: Dipplin\n|-damage|p2b: Dipplin|66\/100\n|-anim|p1a: Dragapult|Dragon Darts|p2a: Empoleon\n|-resisted|p2a: Empoleon\n|-damage|p2a: Empoleon|0 fnt\n|faint|p2a: Empoleon\n|-damage|p1a: Dragapult|91\/100|[from] item: Life Orb\n|move|p1b: Rotom|Thunderbolt|p2b: Dipplin\n|-resisted|p2b: Dipplin\n|-damage|p2b: Dipplin|60\/100\n|move|p2b: Dipplin|Giga Drain|p1b: Rotom\n|-supereffective|p1b: Rotom\n|-damage|p1b: Rotom|24\/100\n|-heal|p2b: Dipplin|80\/100|[from] drain|[of] p1b: Rotom\n|\n|upkeep\n|turn|9\n|\n|t:|1695579619\n|switch|p1b: Metagross|Metagross|100\/100\n|move|p1a: Dragapult|Dragon Darts|p2b: Dipplin\n|-supereffective|p2b: Dipplin\n|-damage|p2b: Dipplin|50\/100\n|-anim|p1a: Dragapult|Dragon Darts|p2b: Dipplin\n|-supereffective|p2b: Dipplin\n|-damage|p2b: Dipplin|15\/100\n|-damage|p1a: Dragapult|81\/100|[from] item: Life Orb\n|move|p2b: Dipplin|Giga Drain|p1b: Metagross\n|-resisted|p1b: Metagross\n|-damage|p1b: Metagross|85\/100\n|-heal|p2b: Dipplin|21\/100|[from] drain|[of] p1b: Metagross\n|\n|-heal|p1b: Metagross|91\/100|[from] item: Leftovers\n|upkeep\n|turn|10\n|-message|ManManMan8 forfeited.\n|\n|win|zautumn\n|raw|zautumn's rating: 1136 &rarr; <strong>1163<\/strong><br \/>(+27 for winning)\n|raw|ManManMan8's rating: 1169 &rarr; <strong>1142<\/strong><br \/>(-27 for losing)\n|l|\u2606ManManMan8\n","uploadtime":1695579629,"views":12,"p1id":"zautumn","p2id":"manmanman8","formatid":"gen9nationaldexdoubles","rating":1142,"private":0,"password":""}