{"id":"gen9nationaldexdoubles-1950723415","p1":"Starving_Venom_459","p2":"qasxcfdcvbjhygtf","format":"[Gen 9] National Dex Doubles","log":"|j|\u2606Starving_Venom_459\n|j|\u2606qasxcfdcvbjhygtf\n|t:|1695499925\n|gametype|doubles\n|player|p1|Starving_Venom_459|ingo|1309\n|player|p2|qasxcfdcvbjhygtf|guzma|1045\n|teamsize|p1|6\n|teamsize|p2|6\n|gen|9\n|tier|[Gen 9] National Dex Doubles\n|rated|\n|rule|HP Percentage Mod: HP is shown in percentages\n|rule|Endless Battle Clause: Forcing endless battles is banned\n|rule|OHKO Clause: OHKO moves are banned\n|rule|Evasion Moves Clause: Evasion moves are banned\n|rule|Evasion Abilities Clause: Evasion abilities are banned\n|rule|Species Clause: Limit one of each Pok\u00e9mon\n|rule|Gravity Sleep Clause: The combination of sleep-inducing moves with imperfect accuracy and Gravity or Gigantamax Orbeetle are banned\n|clearpoke\n|poke|p1|Charizard, F|\n|poke|p1|Venusaur, F|\n|poke|p1|Incineroar, F|\n|poke|p1|Landorus-Therian, M|\n|poke|p1|Flutter Mane|\n|poke|p1|Empoleon, F|\n|poke|p2|Kommo-o, F|\n|poke|p2|Clefairy, M|\n|poke|p2|Pheromosa|\n|poke|p2|Snorlax, F|\n|poke|p2|Sinistcha|\n|poke|p2|Arcanine-Hisui, F|\n|teampreview\n|inactive|Battle timer is ON: inactive players will automatically lose when time's up. (requested by Starving_Venom_459)\n|\n|t:|1695499954\n|start\n|switch|p1a: Charizard|Charizard, F, shiny|100\/100\n|switch|p1b: Flutter Mane|Flutter Mane, shiny|100\/100\n|switch|p2a: Arcanine|Arcanine-Hisui, F|100\/100\n|switch|p2b: Mmm Tasty|Sinistcha|100\/100\n|-ability|p2a: Arcanine|Intimidate|boost\n|-unboost|p1a: Charizard|atk|1\n|-unboost|p1b: Flutter Mane|atk|1\n|turn|1\n|\n|t:|1695499981\n|switch|p1a: Empoleon|Empoleon, F, shiny|100\/100\n|-terastallize|p2b: Mmm Tasty|Water\n|move|p1b: Flutter Mane|Shadow Ball|p2b: Mmm Tasty\n|-damage|p2b: Mmm Tasty|55\/100\n|-unboost|p2b: Mmm Tasty|spd|1\n|move|p2a: Arcanine|Rock Slide|p1a: Empoleon|[spread] p1a,p1b\n|-resisted|p1a: Empoleon\n|-damage|p1a: Empoleon|77\/100\n|-damage|p1b: Flutter Mane|5\/100\n|move|p2b: Mmm Tasty|Trick Room|p2b: Mmm Tasty\n|-fieldstart|move: Trick Room|[of] p2b: Mmm Tasty\n|\n|-heal|p1a: Empoleon|83\/100|[from] item: Leftovers\n|upkeep\n|turn|2\n|\n|t:|1695500001\n|switch|p2a: Snorlax|Snorlax, F|100\/100\n|move|p1b: Flutter Mane|Protect|p1b: Flutter Mane\n|-singleturn|p1b: Flutter Mane|Protect\n|move|p2b: Mmm Tasty|Matcha Gotcha|p1b: Flutter Mane|[spread] p1a\n|-activate|p1b: Flutter Mane|move: Protect\n|-damage|p1a: Empoleon|60\/100\n|-heal|p2b: Mmm Tasty|67\/100|[from] drain|[of] p1a: Empoleon\n|move|p1a: Empoleon|Scald|p2a: Snorlax\n|-damage|p2a: Snorlax|82\/100\n|\n|-heal|p1a: Empoleon|66\/100|[from] item: Leftovers\n|upkeep\n|turn|3\n|\n|t:|1695500024\n|move|p2b: Mmm Tasty|Rage Powder|p2b: Mmm Tasty\n|-singleturn|p2b: Mmm Tasty|move: Rage Powder\n|move|p2a: Snorlax|Belly Drum|p2a: Snorlax\n|-damage|p2a: Snorlax|32\/100\n|-setboost|p2a: Snorlax|atk|6|[from] move: Belly Drum\n|-enditem|p2a: Snorlax|Sitrus Berry|[eat]\n|-heal|p2a: Snorlax|57\/100|[from] item: Sitrus Berry\n|move|p1a: Empoleon|Flash Cannon|p2b: Mmm Tasty\n|-resisted|p2b: Mmm Tasty\n|-damage|p2b: Mmm Tasty|49\/100\n|move|p1b: Flutter Mane|Moonblast|p2b: Mmm Tasty\n|-damage|p2b: Mmm Tasty|0 fnt\n|faint|p2b: Mmm Tasty\n|\n|-heal|p1a: Empoleon|73\/100|[from] item: Leftovers\n|upkeep\n|inactive|qasxcfdcvbjhygtf has 120 seconds left.\n|\n|t:|1695500051\n|switch|p2b: Clefairy|Clefairy, M|100\/100\n|turn|4\n|\n|t:|1695500063\n|switch|p1a: Incineroar|Incineroar, F, shiny|100\/100\n|-ability|p1a: Incineroar|Intimidate|boost\n|-unboost|p2a: Snorlax|atk|1\n|-unboost|p2b: Clefairy|atk|1\n|move|p1b: Flutter Mane|Protect|p1b: Flutter Mane\n|-singleturn|p1b: Flutter Mane|Protect\n|move|p2a: Snorlax|High Horsepower|p1a: Incineroar\n|-supereffective|p1a: Incineroar\n|-damage|p1a: Incineroar|0 fnt\n|faint|p1a: Incineroar\n|move|p2b: Clefairy|Heal Pulse|p2a: Snorlax\n|-heal|p2a: Snorlax|100\/100\n|\n|upkeep\n|\n|t:|1695500087\n|switch|p1a: Charizard|Charizard, F, shiny|100\/100\n|turn|5\n|\n|t:|1695500099\n|switch|p2b: Pheromosa|Pheromosa|100\/100\n|detailschange|p1a: Charizard|Charizard-Mega-Y, F, shiny\n|-mega|p1a: Charizard|Charizard|Charizardite Y\n|-weather|SunnyDay|[from] ability: Drought|[of] p1a: Charizard\n|-activate|p1b: Flutter Mane|ability: Protosynthesis\n|-start|p1b: Flutter Mane|protosynthesisspa\n|move|p2a: Snorlax|Protect|p2a: Snorlax\n|-singleturn|p2a: Snorlax|Protect\n|move|p1a: Charizard|Protect|p1a: Charizard\n|-singleturn|p1a: Charizard|Protect\n|move|p1b: Flutter Mane|Moonblast|p2a: Snorlax\n|-activate|p2a: Snorlax|move: Protect\n|\n|-weather|SunnyDay|[upkeep]\n|-fieldend|move: Trick Room\n|upkeep\n|turn|6\n|\n|t:|1695500123\n|move|p2b: Pheromosa|Speed Swap|p2a: Snorlax\n|-activate|p2b: Pheromosa|move: Speed Swap|[of] p2a: Snorlax\n|move|p2a: Snorlax|Return|p1a: Charizard\n|-crit|p1a: Charizard\n|-damage|p1a: Charizard|0 fnt\n|faint|p1a: Charizard\n|move|p1b: Flutter Mane|Dazzling Gleam|p2a: Snorlax|[spread] p2a,p2b\n|-supereffective|p2b: Pheromosa\n|-damage|p2a: Snorlax|72\/100\n|-damage|p2b: Pheromosa|0 fnt\n|faint|p2b: Pheromosa\n|\n|-weather|SunnyDay|[upkeep]\n|upkeep\n|\n|t:|1695500136\n|switch|p2b: Clefairy|Clefairy, M|100\/100\n|switch|p1a: Venusaur|Venusaur, F, shiny|100\/100\n|turn|7\n|\n|t:|1695500153\n|move|p2b: Clefairy|Follow Me|p2b: Clefairy\n|-singleturn|p2b: Clefairy|move: Follow Me\n|move|p1a: Venusaur|Sleep Powder|p2b: Clefairy\n|-status|p2b: Clefairy|slp|[from] move: Sleep Powder\n|move|p2a: Snorlax|Return|p1a: Venusaur\n|-damage|p1a: Venusaur|0 fnt\n|faint|p1a: Venusaur\n|move|p1b: Flutter Mane|Moonblast|p2b: Clefairy\n|-damage|p2b: Clefairy|38\/100 slp\n|\n|-weather|SunnyDay|[upkeep]\n|upkeep\n|\n|t:|1695500165\n|switch|p1a: Landorus|Landorus-Therian, M, shiny|100\/100\n|-ability|p1a: Landorus|Intimidate|boost\n|-unboost|p2a: Snorlax|atk|1\n|-unboost|p2b: Clefairy|atk|1\n|turn|8\n|\n|t:|1695500186\n|switch|p2b: Arcanine|Arcanine-Hisui, F|100\/100\n|-ability|p2b: Arcanine|Intimidate|boost\n|-unboost|p1a: Landorus|atk|1\n|-unboost|p1b: Flutter Mane|atk|1\n|move|p2a: Snorlax|Return|p1a: Landorus\n|-damage|p1a: Landorus|0 fnt\n|faint|p1a: Landorus\n|move|p1b: Flutter Mane|Moonblast|p2a: Snorlax\n|-damage|p2a: Snorlax|28\/100\n|-unboost|p2a: Snorlax|spa|1\n|\n|-weather|SunnyDay|[upkeep]\n|upkeep\n|\n|t:|1695500199\n|switch|p1a: Empoleon|Empoleon, F, shiny|73\/100\n|turn|9\n|\n|t:|1695500213\n|-terastallize|p1a: Empoleon|Water\n|move|p2a: Snorlax|High Horsepower|p1a: Empoleon\n|-damage|p1a: Empoleon|0 fnt\n|faint|p1a: Empoleon\n|move|p1b: Flutter Mane|Moonblast|p2a: Snorlax\n|-damage|p2a: Snorlax|0 fnt\n|faint|p2a: Snorlax\n|move|p2b: Arcanine|Rock Slide|p1b: Flutter Mane\n|-damage|p1b: Flutter Mane|0 fnt\n|faint|p1b: Flutter Mane\n|-end|p1b: Flutter Mane|Protosynthesis|[silent]\n|\n|win|qasxcfdcvbjhygtf\n|raw|Starving_Venom_459's rating: 1309 &rarr; <strong>1276<\/strong><br \/>(-33 for losing)\n|raw|qasxcfdcvbjhygtf's rating: 1045 &rarr; <strong>1100<\/strong><br \/>(+55 for winning)\n|l|\u2606Starving_Venom_459\n","uploadtime":1695500224,"views":6,"p1id":"starvingvenom459","p2id":"qasxcfdcvbjhygtf","formatid":"gen9nationaldexdoubles","rating":1100,"private":0,"password":""}