{"id":"gen9nationaldexdoubles-1977025395","p1":"BlueSirknight","p2":"loafycomputations","format":"[Gen 9] National Dex Doubles","log":"|j|\u2606BlueSirknight\n|j|\u2606loafycomputations\n|t:|1698363138\n|gametype|doubles\n|player|p1|BlueSirknight|lady-gen4|1033\n|player|p2|loafycomputations|2|1051\n|teamsize|p1|6\n|teamsize|p2|6\n|gen|9\n|tier|[Gen 9] National Dex Doubles\n|rated|\n|rule|HP Percentage Mod: HP is shown in percentages\n|rule|Endless Battle Clause: Forcing endless battles is banned\n|rule|OHKO Clause: OHKO moves are banned\n|rule|Evasion Moves Clause: Evasion moves are banned\n|rule|Evasion Abilities Clause: Evasion abilities are banned\n|rule|Species Clause: Limit one of each Pok\u00e9mon\n|rule|Gravity Sleep Clause: The combination of sleep-inducing moves with imperfect accuracy and Gravity or Gigantamax Orbeetle are banned\n|clearpoke\n|poke|p1|Malamar, M|\n|poke|p1|Tinkaton, F|\n|poke|p1|Wishiwashi, M|\n|poke|p1|Espeon, F|\n|poke|p1|Blissey, F|\n|poke|p1|Aggron, M|\n|poke|p2|Tsareena, F|\n|poke|p2|Celesteela|\n|poke|p2|Diancie|\n|poke|p2|Chien-Pao|\n|poke|p2|Tapu Fini|\n|poke|p2|Kangaskhan, F|\n|teampreview\n|c|\u2606BlueSirknight|It's rare as hell to see a Celesteela\n|\n|t:|1698363190\n|start\n|switch|p1a: Aggron|Aggron, M|100\/100\n|switch|p1b: Blissey|Blissey, F|100\/100\n|switch|p2a: Tsareena|Tsareena, F|100\/100\n|switch|p2b: Chien-Pao|Chien-Pao|100\/100\n|-ability|p2b: Chien-Pao|Sword of Ruin\n|turn|1\n|\n|t:|1698363218\n|detailschange|p1a: Aggron|Aggron-Mega, M\n|-mega|p1a: Aggron|Aggron|Aggronite\n|move|p2b: Chien-Pao|Protect|p2b: Chien-Pao\n|-singleturn|p2b: Chien-Pao|Protect\n|move|p2a: Tsareena|Low Sweep|p1b: Blissey\n|-supereffective|p1b: Blissey\n|-damage|p1b: Blissey|11\/100\n|-unboost|p1b: Blissey|spe|1\n|move|p1a: Aggron|Iron Defense|p1a: Aggron\n|-boost|p1a: Aggron|def|2\n|move|p1b: Blissey|Counter|p2a: Tsareena\n|-damage|p2a: Tsareena|0 fnt\n|faint|p2a: Tsareena\n|\n|upkeep\n|\n|t:|1698363232\n|switch|p2a: Celesteela|Celesteela|100\/100\n|turn|2\n|\n|t:|1698363245\n|move|p2b: Chien-Pao|Sacred Sword|p1a: Aggron\n|-supereffective|p1a: Aggron\n|-damage|p1a: Aggron|72\/100\n|-damage|p2b: Chien-Pao|91\/100|[from] item: Life Orb\n|move|p2a: Celesteela|Heavy Slam|p1b: Blissey\n|-damage|p1b: Blissey|0 fnt\n|faint|p1b: Blissey\n|-ability|p2a: Celesteela|Beast Boost|boost\n|-boost|p2a: Celesteela|spa|1\n|move|p1a: Aggron|Iron Defense|p1a: Aggron\n|-boost|p1a: Aggron|def|2\n|\n|upkeep\n|\n|t:|1698363257\n|switch|p1b: Malamar|Malamar, M|100\/100\n|turn|3\n|\n|t:|1698363279\n|-terastallize|p2b: Chien-Pao|Ghost\n|move|p2b: Chien-Pao|Ice Spinner|p1b: Malamar\n|-damage|p1b: Malamar|37\/100\n|-damage|p2b: Chien-Pao|81\/100|[from] item: Life Orb\n|move|p2a: Celesteela|Leech Seed|p1a: Aggron\n|-start|p1a: Aggron|move: Leech Seed\n|move|p1b: Malamar|Topsy-Turvy|p2a: Celesteela\n|-invertboost|p2a: Celesteela|[from] move: Topsy-Turvy\n|move|p1a: Aggron|Iron Defense|p1a: Aggron\n|-boost|p1a: Aggron|def|2\n|\n|-damage|p1a: Aggron|60\/100|[from] Leech Seed|[of] p2a: Celesteela\n|upkeep\n|turn|4\n|\n|t:|1698363300\n|move|p2a: Celesteela|Protect|p2a: Celesteela\n|-singleturn|p2a: Celesteela|Protect\n|move|p2b: Chien-Pao|Ice Spinner|p1b: Malamar\n|-damage|p1b: Malamar|0 fnt\n|faint|p1b: Malamar\n|-damage|p2b: Chien-Pao|71\/100|[from] item: Life Orb\n|move|p1a: Aggron|Body Press|p2a: Celesteela\n|-activate|p2a: Celesteela|move: Protect\n|\n|-damage|p1a: Aggron|48\/100|[from] Leech Seed|[of] p2a: Celesteela\n|upkeep\n|\n|t:|1698363309\n|switch|p1b: Espeon|Espeon, F|100\/100\n|turn|5\n|\n|t:|1698363343\n|switch|p2a: Diancie|Diancie|100\/100\n|move|p2b: Chien-Pao|Ice Spinner|p1b: Espeon\n|-damage|p1b: Espeon|0 fnt\n|faint|p1b: Espeon\n|-damage|p2b: Chien-Pao|61\/100|[from] item: Life Orb\n|move|p1a: Aggron|Rest|p1a: Aggron\n|-status|p1a: Aggron|slp|[from] move: Rest\n|-heal|p1a: Aggron|100\/100 slp|[silent]\n|\n|-damage|p1a: Aggron|88\/100 slp|[from] Leech Seed|[of] p2a: Diancie\n|upkeep\n|\n|t:|1698363353\n|switch|p1b: Wishiwashi|Wishiwashi, M|100\/100\n|-formechange|p1b: Wishiwashi|Wishiwashi-School||[from] ability: Schooling\n|turn|6\n|\n|t:|1698363366\n|switch|p2b: Celesteela|Celesteela|100\/100\n|switch|p2a: Tapu Fini|Tapu Fini|100\/100\n|-fieldstart|move: Misty Terrain|[from] ability: Misty Surge|[of] p2a: Tapu Fini\n|cant|p1a: Aggron|slp\n|move|p1a: Aggron|Sleep Talk|p1a: Aggron\n|move|p1a: Aggron|Body Press|p2a: Tapu Fini|[from]move: Sleep Talk\n|-resisted|p2a: Tapu Fini\n|-damage|p2a: Tapu Fini|37\/100\n|move|p1b: Wishiwashi|Hydro Pump|p2b: Celesteela\n|-damage|p2b: Celesteela|3\/100\n|\n|-damage|p1a: Aggron|76\/100 slp|[from] Leech Seed|[of] p2a: Tapu Fini\n|-heal|p2a: Tapu Fini|50\/100|[silent]\n|upkeep\n|turn|7\n|\n|t:|1698363393\n|move|p2a: Tapu Fini|Haze|p2a: Tapu Fini\n|-clearallboost\n|-zpower|p2b: Celesteela\n|move|p2b: Celesteela|Supersonic Skystrike|p1b: Wishiwashi|[zeffect]\n|-damage|p1b: Wishiwashi|36\/100\n|cant|p1a: Aggron|slp\n|move|p1b: Wishiwashi|Hydro Pump|p2b: Celesteela\n|-damage|p2b: Celesteela|0 fnt\n|faint|p2b: Celesteela\n|\n|-damage|p1a: Aggron|64\/100 slp|[from] Leech Seed|[of] p2a: Tapu Fini\n|-heal|p2a: Tapu Fini|62\/100|[silent]\n|upkeep\n|\n|t:|1698363409\n|switch|p2b: Kangaskhan|Kangaskhan, F|100\/100\n|turn|8\n|\n|t:|1698363423\n|switch|p1b: Tinkaton|Tinkaton, F|100\/100\n|detailschange|p2b: Kangaskhan|Kangaskhan-Mega, F\n|-mega|p2b: Kangaskhan|Kangaskhan|Kangaskhanite\n|move|p2b: Kangaskhan|Seismic Toss|p1a: Aggron\n|-damage|p1a: Aggron|35\/100 slp\n|-damage|p1a: Aggron|5\/100 slp\n|-hitcount|p1a: Aggron|2\n|move|p2a: Tapu Fini|Moonblast|p1b: Tinkaton\n|-resisted|p1b: Tinkaton\n|-damage|p1b: Tinkaton|79\/100\n|-unboost|p1b: Tinkaton|spa|1\n|-curestatus|p1a: Aggron|slp|[msg]\n|move|p1a: Aggron|Iron Defense|p1a: Aggron\n|-boost|p1a: Aggron|def|2\n|\n|-damage|p1a: Aggron|0 fnt|[from] Leech Seed|[of] p2a: Tapu Fini\n|-heal|p2a: Tapu Fini|67\/100|[silent]\n|faint|p1a: Aggron\n|upkeep\n|\n|t:|1698363434\n|switch|p1a: Wishiwashi|Wishiwashi, M|36\/100\n|-formechange|p1a: Wishiwashi|Wishiwashi-School||[from] ability: Schooling\n|turn|9\n|\n|t:|1698363451\n|switch|p2b: Diancie|Diancie|100\/100\n|move|p1b: Tinkaton|Fake Out|p2a: Tapu Fini\n|-damage|p2a: Tapu Fini|55\/100\n|cant|p2a: Tapu Fini|flinch\n|move|p1a: Wishiwashi|Hidden Power|p2a: Tapu Fini\n|-supereffective|p2a: Tapu Fini\n|-damage|p2a: Tapu Fini|2\/100\n|-enditem|p2a: Tapu Fini|Mago Berry|[eat]\n|-heal|p2a: Tapu Fini|35\/100|[from] item: Mago Berry\n|\n|upkeep\n|turn|10\n|\n|t:|1698363469\n|move|p1b: Tinkaton|Fake Out||[still]\n|-hint|Fake Out only works on your first turn out.\n|-fail|p1b: Tinkaton\n|move|p2a: Tapu Fini|Moonblast|p1a: Wishiwashi\n|-damage|p1a: Wishiwashi|6\/100\n|move|p2b: Diancie|Diamond Storm|p1a: Wishiwashi|[spread] p1a,p1b\n|-crit|p1a: Wishiwashi\n|-resisted|p1b: Tinkaton\n|-damage|p1a: Wishiwashi|0 fnt\n|-damage|p1b: Tinkaton|55\/100\n|faint|p1a: Wishiwashi\n|\n|-fieldend|Misty Terrain\n|upkeep\n|turn|11\n|-message|BlueSirknight forfeited.\n|\n|win|loafycomputations\n|raw|BlueSirknight's rating: 1033 &rarr; <strong>1019<\/strong><br \/>(-14 for losing)\n|raw|loafycomputations's rating: 1051 &rarr; <strong>1082<\/strong><br \/>(+31 for winning)\n|l|\u2606BlueSirknight\n","uploadtime":1698363498,"views":16,"p1id":"bluesirknight","p2id":"loafycomputations","formatid":"gen9nationaldexdoubles","rating":1019,"private":0,"password":""}