{"id":"gen9nationaldexdoubles-1952305488","p1":"german_mg53","p2":"AceofJades39","format":"[Gen 9] National Dex Doubles","log":"|j|\u2606german_mg53\n|j|\u2606AceofJades39\n|t:|1695672577\n|gametype|doubles\n|player|p1|german_mg53|saturn|1175\n|player|p2|AceofJades39|cheryl|1320\n|teamsize|p1|6\n|teamsize|p2|6\n|gen|9\n|tier|[Gen 9] National Dex Doubles\n|rated|\n|rule|HP Percentage Mod: HP is shown in percentages\n|rule|Endless Battle Clause: Forcing endless battles is banned\n|rule|OHKO Clause: OHKO moves are banned\n|rule|Evasion Moves Clause: Evasion moves are banned\n|rule|Evasion Abilities Clause: Evasion abilities are banned\n|rule|Species Clause: Limit one of each Pok\u00e9mon\n|rule|Gravity Sleep Clause: The combination of sleep-inducing moves with imperfect accuracy and Gravity or Gigantamax Orbeetle are banned\n|clearpoke\n|poke|p1|Lilligant, F|\n|poke|p1|Heliolisk, F|\n|poke|p1|Torkoal, F|\n|poke|p1|Indeedee, M|\n|poke|p1|Greninja-*, M|\n|poke|p1|Polteageist|\n|poke|p2|Weezing-Galar, M|\n|poke|p2|Regigigas|\n|poke|p2|Iron Hands|\n|poke|p2|Sinistcha-Masterpiece|\n|poke|p2|Ninetales-Alola, M|\n|poke|p2|Landorus-Therian, M|\n|teampreview\n|\n|t:|1695672585\n|start\n|switch|p1a: spill the tee|Polteageist|100\/100\n|switch|p1b: bizcochito|Greninja, M|100\/100\n|switch|p2a: Hugo|Iron Hands|100\/100\n|switch|p2b: Harm|Landorus-Therian, M|100\/100\n|-ability|p2b: Harm|Intimidate|boost\n|-unboost|p1a: spill the tee|atk|1\n|-unboost|p1b: bizcochito|atk|1\n|turn|1\n|\n|t:|1695672598\n|move|p2a: Hugo|Fake Out|p1b: bizcochito\n|-damage|p1b: bizcochito|78\/100\n|move|p2b: Harm|U-turn|p1b: bizcochito\n|-supereffective|p1b: bizcochito\n|-damage|p1b: bizcochito|0 fnt\n|faint|p1b: bizcochito\n|\n|t:|1695672603\n|switch|p2b: Doug|Weezing-Galar, M|100\/100|[from] U-turn\n|-ability|p2b: Doug|Neutralizing Gas\n|move|p1a: spill the tee|Shell Smash|p1a: spill the tee\n|-unboost|p1a: spill the tee|def|1\n|-unboost|p1a: spill the tee|spd|1\n|-boost|p1a: spill the tee|atk|2\n|-boost|p1a: spill the tee|spa|2\n|-boost|p1a: spill the tee|spe|2\n|\n|upkeep\n|\n|t:|1695672615\n|switch|p1b: indeed|Indeedee, M|100\/100\n|turn|2\n|\n|t:|1695672624\n|-end|p2a: Hugo|Quark Drive|[silent]\n|switch|p2a: The Woah|Regigigas, shiny|100\/100\n|-terastallize|p2b: Doug|Dark\n|move|p1a: spill the tee|Stored Power|p2b: Doug\n|-immune|p2b: Doug\n|move|p1b: indeed|Expanding Force|p2a: The Woah\n|-damage|p2a: The Woah|74\/100\n|move|p2b: Doug|Haze|p2b: Doug\n|-clearallboost\n|\n|-heal|p2a: The Woah|80\/100|[from] item: Leftovers\n|upkeep\n|turn|3\n|\n|t:|1695672654\n|switch|p1b: Heliolisk|Heliolisk, F|100\/100\n|switch|p1a: Torkoal|Torkoal, F|100\/100\n|move|p2b: Doug|Protect|p2b: Doug\n|-singleturn|p2b: Doug|Protect\n|move|p2a: The Woah|Knock Off|p1a: Torkoal\n|-damage|p1a: Torkoal|76\/100\n|-enditem|p1a: Torkoal|Assault Vest|[from] move: Knock Off|[of] p2a: The Woah\n|\n|-heal|p2a: The Woah|86\/100|[from] item: Leftovers\n|upkeep\n|turn|4\n|\n|t:|1695672674\n|move|p1b: Heliolisk|Glare|p2a: The Woah\n|-status|p2a: The Woah|par\n|move|p2b: Doug|Will-O-Wisp|p1b: Heliolisk|[miss]\n|-miss|p2b: Doug|p1b: Heliolisk\n|cant|p2a: The Woah|par\n|move|p1a: Torkoal|Body Press|p2b: Doug\n|-supereffective|p2b: Doug\n|-damage|p2b: Doug|56\/100\n|-damage|p1a: Torkoal|60\/100|[from] item: Rocky Helmet|[of] p2b: Doug\n|\n|-heal|p2a: The Woah|92\/100 par|[from] item: Leftovers\n|upkeep\n|turn|5\n|\n|t:|1695672694\n|move|p1b: Heliolisk|Hyper Voice|p2b: Doug|[spread] p2a,p2b\n|-damage|p2a: The Woah|69\/100 par\n|-damage|p2b: Doug|23\/100\n|move|p2b: Doug|Pain Split|p1a: Torkoal\n|-sethp|p1a: Torkoal|42\/100|[from] move: Pain Split|[silent]\n|-sethp|p2b: Doug|39\/100|[from] move: Pain Split\n|move|p2a: The Woah|Drain Punch|p1b: Heliolisk\n|-supereffective|p1b: Heliolisk\n|-damage|p1b: Heliolisk|0 fnt\n|-heal|p2a: The Woah|99\/100 par|[from] drain|[of] p1b: Heliolisk\n|faint|p1b: Heliolisk\n|move|p1a: Torkoal|Body Press|p2a: The Woah\n|-supereffective|p2a: The Woah\n|-damage|p2a: The Woah|58\/100 par\n|\n|-heal|p2a: The Woah|65\/100 par|[from] item: Leftovers\n|upkeep\n|\n|t:|1695672712\n|switch|p1b: Lilligant|Lilligant, F|100\/100\n|turn|6\n|\n|t:|1695672727\n|move|p1b: Lilligant|Weather Ball|p2b: Doug\n|-crit|p2b: Doug\n|-damage|p2b: Doug|16\/100\n|move|p2b: Doug|Pain Split|p1b: Lilligant\n|-sethp|p1b: Lilligant|60\/100|[from] move: Pain Split|[silent]\n|-sethp|p2b: Doug|50\/100|[from] move: Pain Split\n|cant|p2a: The Woah|par\n|move|p1a: Torkoal|Eruption|p2a: The Woah|[spread] p2a,p2b\n|-damage|p2a: The Woah|56\/100 par\n|-damage|p2b: Doug|36\/100\n|\n|-heal|p1b: Lilligant|66\/100|[from] item: Leftovers\n|-heal|p2a: The Woah|62\/100 par|[from] item: Leftovers\n|upkeep\n|turn|7\n|\n|t:|1695672747\n|move|p1b: Lilligant|Quiver Dance|p1b: Lilligant\n|-boost|p1b: Lilligant|spa|1\n|-boost|p1b: Lilligant|spd|1\n|-boost|p1b: Lilligant|spe|1\n|move|p2b: Doug|Pain Split|p1b: Lilligant\n|-sethp|p1b: Lilligant|54\/100|[from] move: Pain Split|[silent]\n|-sethp|p2b: Doug|45\/100|[from] move: Pain Split\n|cant|p2a: The Woah|par\n|move|p1a: Torkoal|Body Press|p2a: The Woah\n|-supereffective|p2a: The Woah\n|-damage|p2a: The Woah|18\/100 par\n|\n|-heal|p1b: Lilligant|60\/100|[from] item: Leftovers\n|-heal|p2a: The Woah|24\/100 par|[from] item: Leftovers\n|upkeep\n|turn|8\n|\n|t:|1695672770\n|move|p2a: The Woah|Protect|p2a: The Woah\n|-singleturn|p2a: The Woah|Protect\n|move|p1b: Lilligant|Pollen Puff|p2b: Doug\n|-supereffective|p2b: Doug\n|-damage|p2b: Doug|0 fnt\n|faint|p2b: Doug\n|-end|p2b: Doug|ability: Neutralizing Gas\n|-start|p2a: The Woah|ability: Slow Start\n|-weather|SunnyDay|[from] ability: Drought|[of] p1a: Torkoal\n|move|p1a: Torkoal|Body Press|p2a: The Woah\n|-activate|p2a: The Woah|move: Protect\n|\n|-weather|SunnyDay|[upkeep]\n|-heal|p1b: Lilligant|66\/100|[from] item: Leftovers\n|-heal|p2a: The Woah|30\/100 par|[from] item: Leftovers\n|upkeep\n|\n|t:|1695672784\n|switch|p2b: Blizz|Ninetales-Alola, M|100\/100\n|-weather|Snow|[from] ability: Snow Warning|[of] p2b: Blizz\n|turn|9\n|\n|t:|1695672801\n|move|p1b: Lilligant|Weather Ball|p2a: The Woah\n|-damage|p2a: The Woah|1\/100 par\n|move|p2b: Blizz|Aurora Veil|p2b: Blizz\n|-sidestart|p2: AceofJades39|move: Aurora Veil\n|move|p1a: Torkoal|Eruption|p2a: The Woah|[spread] p2a,p2b\n|-supereffective|p2b: Blizz\n|-damage|p2a: The Woah|0 fnt\n|-damage|p2b: Blizz|81\/100\n|faint|p2a: The Woah\n|-end|p2a: The Woah|Slow Start|[silent]\n|\n|-weather|Snow|[upkeep]\n|-heal|p1b: Lilligant|72\/100|[from] item: Leftovers\n|upkeep\n|\n|t:|1695672811\n|switch|p2a: Hugo|Iron Hands|100\/100\n|turn|10\n|\n|t:|1695672835\n|move|p2a: Hugo|Fake Out|p1b: Lilligant\n|-damage|p1b: Lilligant|51\/100\n|cant|p1b: Lilligant|flinch\n|move|p2b: Blizz|Freeze-Dry|p1b: Lilligant\n|-supereffective|p1b: Lilligant\n|-damage|p1b: Lilligant|0 fnt\n|faint|p1b: Lilligant\n|move|p1a: Torkoal|Body Press|p2b: Blizz\n|-damage|p2b: Blizz|59\/100\n|\n|-weather|Snow|[upkeep]\n|upkeep\n|\n|t:|1695672847\n|switch|p1b: spill the tee|Polteageist|100\/100\n|turn|11\n|\n|t:|1695672857\n|move|p2b: Blizz|Freeze-Dry|p1b: spill the tee\n|-damage|p1b: spill the tee|69\/100\n|move|p1b: spill the tee|Shell Smash|p1b: spill the tee\n|-unboost|p1b: spill the tee|def|1\n|-unboost|p1b: spill the tee|spd|1\n|-boost|p1b: spill the tee|atk|2\n|-boost|p1b: spill the tee|spa|2\n|-boost|p1b: spill the tee|spe|2\n|move|p2a: Hugo|Heavy Slam|p1b: spill the tee\n|-damage|p1b: spill the tee|0 fnt\n|faint|p1b: spill the tee\n|move|p1a: Torkoal|Eruption|p2b: Blizz|[spread] p2a,p2b\n|-supereffective|p2b: Blizz\n|-damage|p2a: Hugo|96\/100\n|-damage|p2b: Blizz|36\/100\n|\n|-weather|Snow|[upkeep]\n|upkeep\n|\n|t:|1695672871\n|switch|p1b: indeed|Indeedee, M|100\/100\n|-fieldstart|move: Psychic Terrain|[from] ability: Psychic Surge|[of] p1b: indeed\n|turn|12\n|\n|t:|1695672883\n|move|p1b: indeed|Expanding Force|p2a: Hugo|[spread] p2a,p2b\n|-supereffective|p2a: Hugo\n|-damage|p2a: Hugo|64\/100\n|-damage|p2b: Blizz|0 fnt\n|faint|p2b: Blizz\n|move|p2a: Hugo|Heavy Slam|p1b: indeed\n|-damage|p1b: indeed|20\/100\n|move|p1a: Torkoal|Body Press|p2a: Hugo\n|-damage|p2a: Hugo|51\/100\n|\n|-weather|Snow|[upkeep]\n|upkeep\n|\n|t:|1695672889\n|switch|p2b: Chug Jug|Sinistcha-Masterpiece|100\/100\n|-heal|p2a: Hugo|76\/100|[from] ability: Hospitality|[of] p2b: Chug Jug\n|turn|13\n|\n|t:|1695672901\n|move|p1b: indeed|Expanding Force|p2a: Hugo|[spread] p2a,p2b\n|-supereffective|p2a: Hugo\n|-damage|p2a: Hugo|41\/100\n|-damage|p2b: Chug Jug|68\/100\n|move|p2b: Chug Jug|Scald|p1a: Torkoal\n|-supereffective|p1a: Torkoal\n|-damage|p1a: Torkoal|0 fnt\n|faint|p1a: Torkoal\n|move|p2a: Hugo|Wild Charge|p1b: indeed\n|-damage|p1b: indeed|0 fnt\n|faint|p1b: indeed\n|-damage|p2a: Hugo|39\/100|[from] Recoil\n|\n|win|AceofJades39\n|raw|german_mg53's rating: 1175 &rarr; <strong>1160<\/strong><br \/>(-15 for losing)\n|raw|AceofJades39's rating: 1320 &rarr; <strong>1332<\/strong><br \/>(+12 for winning)\n","uploadtime":1695672908,"views":9,"p1id":"germanmg53","p2id":"aceofjades39","formatid":"gen9nationaldexdoubles","rating":1160,"private":0,"password":""}