{"id":"gen9nationaldexdoubles-1954152682","p1":"TMFLEVI","p2":"Critian Caceorte","format":"[Gen 9] National Dex Doubles","log":"|j|\u2606TMFLEVI\n|j|\u2606Critian Caceorte\n|t:|1695859248\n|gametype|doubles\n|player|p1|TMFLEVI|cynthia|\n|player|p2|Critian Caceorte|2|\n|teamsize|p1|6\n|teamsize|p2|6\n|gen|9\n|tier|[Gen 9] National Dex Doubles\n|rule|HP Percentage Mod: HP is shown in percentages\n|rule|Endless Battle Clause: Forcing endless battles is banned\n|rule|OHKO Clause: OHKO moves are banned\n|rule|Evasion Moves Clause: Evasion moves are banned\n|rule|Evasion Abilities Clause: Evasion abilities are banned\n|rule|Species Clause: Limit one of each Pok\u00e9mon\n|rule|Gravity Sleep Clause: The combination of sleep-inducing moves with imperfect accuracy and Gravity or Gigantamax Orbeetle are banned\n|clearpoke\n|poke|p1|Ninetales-Alola, M|\n|poke|p1|Baxcalibur, M|\n|poke|p1|Froslass, F|\n|poke|p1|Mamoswine, M|\n|poke|p1|Arctozolt|\n|poke|p1|Rotom-Frost|\n|poke|p2|Marowak-Alola, F|\n|poke|p2|Conkeldurr, M|\n|poke|p2|Druddigon, F|\n|poke|p2|Rabsca, M|\n|poke|p2|Bronzong|\n|poke|p2|Ursaluna-Bloodmoon, M|\n|teampreview\n|c|\u2606TMFLEVI|Glhf\n|\n|t:|1695859264\n|start\n|switch|p1a: Froslass|Froslass, F|100\/100\n|switch|p1b: Ninetales|Ninetales-Alola, M|100\/100\n|switch|p2a: Bronzong|Bronzong|100\/100\n|switch|p2b: Marowak|Marowak-Alola, F|100\/100\n|-weather|Snow|[from] ability: Snow Warning|[of] p1b: Ninetales\n|turn|1\n|c|\u2606Critian Caceorte|glhf\n|\n|t:|1695859295\n|switch|p1b: Mamoswine|Mamoswine, M|100\/100\n|move|p1a: Froslass|Shadow Ball|p2b: Marowak\n|-supereffective|p2b: Marowak\n|-damage|p2b: Marowak|25\/100\n|move|p2b: Marowak|Knock Off|p1a: Froslass\n|-supereffective|p1a: Froslass\n|-damage|p1a: Froslass|4\/100\n|-enditem|p1a: Froslass|Focus Sash|[from] move: Knock Off|[of] p2b: Marowak\n|move|p2a: Bronzong|Trick Room|p2a: Bronzong\n|-fieldstart|move: Trick Room|[of] p2a: Bronzong\n|\n|-weather|Snow|[upkeep]\n|upkeep\n|turn|2\n|\n|t:|1695859323\n|move|p2a: Bronzong|Flash Cannon|p1b: Mamoswine\n|-supereffective|p1b: Mamoswine\n|-damage|p1b: Mamoswine|32\/100\n|move|p2b: Marowak|Flare Blitz|p1a: Froslass\n|-supereffective|p1a: Froslass\n|-damage|p1a: Froslass|0 fnt\n|faint|p1a: Froslass\n|move|p1b: Mamoswine|Icicle Crash|p2a: Bronzong\n|-resisted|p2a: Bronzong\n|-damage|p2a: Bronzong|73\/100\n|\n|-weather|Snow|[upkeep]\n|upkeep\n|\n|t:|1695859336\n|switch|p1a: Arctozolt|Arctozolt|100\/100\n|turn|3\n|\n|t:|1695859349\n|switch|p1a: Rotom|Rotom-Frost|100\/100\n|move|p2a: Bronzong|Flash Cannon|p1a: Rotom\n|-damage|p1a: Rotom|69\/100\n|move|p2b: Marowak|Flare Blitz|p1b: Mamoswine\n|-supereffective|p1b: Mamoswine\n|-damage|p1b: Mamoswine|0 fnt\n|faint|p1b: Mamoswine\n|\n|-weather|Snow|[upkeep]\n|upkeep\n|\n|t:|1695859367\n|switch|p1b: Baxcalibur|Baxcalibur, M|100\/100\n|turn|4\n|\n|t:|1695859393\n|move|p2a: Bronzong|Steel Beam|p1b: Baxcalibur\n|-supereffective|p1b: Baxcalibur\n|-damage|p1b: Baxcalibur|15\/100\n|-damage|p2a: Bronzong|23\/100|[from] steelbeam\n|-enditem|p2a: Bronzong|Figy Berry|[eat]\n|-heal|p2a: Bronzong|56\/100|[from] item: Figy Berry\n|move|p2b: Marowak|Flare Blitz|p1a: Rotom\n|-supereffective|p1a: Rotom\n|-damage|p1a: Rotom|0 fnt\n|faint|p1a: Rotom\n|move|p1b: Baxcalibur|Icicle Spear|p2a: Bronzong\n|-resisted|p2a: Bronzong\n|-damage|p2a: Bronzong|48\/100\n|-resisted|p2a: Bronzong\n|-damage|p2a: Bronzong|42\/100\n|-resisted|p2a: Bronzong\n|-damage|p2a: Bronzong|35\/100\n|-resisted|p2a: Bronzong\n|-damage|p2a: Bronzong|27\/100\n|-hitcount|p2a: Bronzong|4\n|\n|-weather|Snow|[upkeep]\n|upkeep\n|c|\u2606TMFLEVI|Kinda switches out badly\n|\n|t:|1695859413\n|switch|p1a: Ninetales|Ninetales-Alola, M|100\/100\n|turn|5\n|\n|t:|1695859434\n|-terastallize|p2b: Marowak|Fire\n|move|p2a: Bronzong|Flash Cannon|p1a: Ninetales\n|-supereffective|p1a: Ninetales\n|-damage|p1a: Ninetales|0 fnt\n|faint|p1a: Ninetales\n|move|p2b: Marowak|Flare Blitz|p1b: Baxcalibur\n|-damage|p1b: Baxcalibur|0 fnt\n|faint|p1b: Baxcalibur\n|\n|-weather|none\n|-fieldend|move: Trick Room\n|upkeep\n|\n|t:|1695859447\n|switch|p1b: Arctozolt|Arctozolt|100\/100\n|turn|6\n|\n|t:|1695859469\n|-terastallize|p1b: Arctozolt|Fire\n|move|p1b: Arctozolt|Icicle Crash|p2b: Marowak\n|-resisted|p2b: Marowak\n|-damage|p2b: Marowak|7\/100\n|move|p2b: Marowak|Flare Blitz|p1b: Arctozolt\n|-resisted|p1b: Arctozolt\n|-damage|p1b: Arctozolt|26\/100\n|move|p2a: Bronzong|Flash Cannon|p1b: Arctozolt\n|-resisted|p1b: Arctozolt\n|-damage|p1b: Arctozolt|7\/100\n|\n|upkeep\n|turn|7\n|c|\u2606TMFLEVI|Ggwp\n|\n|t:|1695859484\n|move|p1b: Arctozolt|Icicle Crash|p2b: Marowak\n|-resisted|p2b: Marowak\n|-damage|p2b: Marowak|0 fnt\n|faint|p2b: Marowak\n|move|p2a: Bronzong|Psychic|p1b: Arctozolt\n|-damage|p1b: Arctozolt|0 fnt\n|faint|p1b: Arctozolt\n|\n|win|Critian Caceorte\n|c|\u2606Critian Caceorte|gg\n","uploadtime":1695859512,"views":12,"p1id":"tmflevi","p2id":"critiancaceorte","formatid":"gen9nationaldexdoubles","rating":0,"private":0,"password":""}