{"id":"gen9nationaldexdoubles-1949874250","p1":"MaxxEccentric","p2":"PAXR TON","format":"[Gen 9] National Dex Doubles","log":"|j|\u2606MaxxEccentric\n|j|\u2606PAXR TON\n|t:|1695405679\n|gametype|doubles\n|player|p1|MaxxEccentric|mars|1107\n|player|p2|PAXR TON|cyclist-gen4|1027\n|teamsize|p1|6\n|teamsize|p2|6\n|gen|9\n|tier|[Gen 9] National Dex Doubles\n|rated|\n|rule|HP Percentage Mod: HP is shown in percentages\n|rule|Endless Battle Clause: Forcing endless battles is banned\n|rule|OHKO Clause: OHKO moves are banned\n|rule|Evasion Moves Clause: Evasion moves are banned\n|rule|Evasion Abilities Clause: Evasion abilities are banned\n|rule|Species Clause: Limit one of each Pok\u00e9mon\n|rule|Gravity Sleep Clause: The combination of sleep-inducing moves with imperfect accuracy and Gravity or Gigantamax Orbeetle are banned\n|clearpoke\n|poke|p1|Chimecho, F|\n|poke|p1|Ampharos, M|\n|poke|p1|Sableye, F|\n|poke|p1|Drednaw, F|\n|poke|p1|Oricorio-Pom-Pom, F|\n|poke|p1|Flamigo, M|\n|poke|p2|Ogerpon-Cornerstone, F|\n|poke|p2|Dipplin, M|\n|poke|p2|Ursaluna-Bloodmoon, M|\n|poke|p2|Weezing-Galar, M|\n|poke|p2|Kommo-o, F|\n|poke|p2|Regigigas|\n|teampreview\n|\n|t:|1695405706\n|start\n|switch|p1a: Chimecho|Chimecho, F|100\/100\n|switch|p1b: Ampharos|Ampharos, M|100\/100\n|switch|p2a: Kommo-o|Kommo-o, F, shiny|100\/100\n|switch|p2b: Ursaluna|Ursaluna-Bloodmoon, M, shiny|100\/100\n|turn|1\n|c|\u2606MaxxEccentric|Gravity is banned?\n|c|\u2606MaxxEccentric|Never thought I'd hear such things\n|\n|t:|1695405723\n|move|p1b: Ampharos|Agility|p1b: Ampharos\n|-boost|p1b: Ampharos|spe|2\n|move|p2a: Kommo-o|Clangorous Soul|p2a: Kommo-o\n|-boost|p2a: Kommo-o|atk|1\n|-boost|p2a: Kommo-o|def|1\n|-boost|p2a: Kommo-o|spa|1\n|-boost|p2a: Kommo-o|spd|1\n|-boost|p2a: Kommo-o|spe|1\n|-damage|p2a: Kommo-o|68\/100\n|-enditem|p2a: Kommo-o|Throat Spray\n|-boost|p2a: Kommo-o|spa|1|[from] item: Throat Spray\n|move|p1a: Chimecho|Entrainment|p1b: Ampharos\n|-endability|p1b: Ampharos|Static|[from] move: Entrainment\n|-ability|p1b: Ampharos|Levitate|[from] move: Entrainment\n|move|p2b: Ursaluna|Earth Power|p1b: Ampharos\n|-immune|p1b: Ampharos|[from] ability: Levitate\n|\n|upkeep\n|turn|2\n|-activate|p1a: Chimecho|item: Quick Claw\n|\n|t:|1695405759\n|move|p1a: Chimecho|Thunder Wave|p2a: Kommo-o\n|-status|p2a: Kommo-o|par\n|move|p1b: Ampharos|Confuse Ray|p2a: Kommo-o\n|-start|p2a: Kommo-o|confusion\n|-activate|p2a: Kommo-o|confusion\n|-damage|p2a: Kommo-o|58\/100 par|[from] confusion\n|move|p2b: Ursaluna|Blood Moon|p1a: Chimecho\n|-damage|p1a: Chimecho|44\/100\n|-damage|p2b: Ursaluna|91\/100|[from] item: Life Orb\n|\n|upkeep\n|turn|3\n|\n|t:|1695405782\n|move|p1a: Chimecho|Helping Hand|p1b: Ampharos\n|-singleturn|p1b: Ampharos|Helping Hand|[of] p1a: Chimecho\n|move|p1b: Ampharos|Confuse Ray|p2b: Ursaluna\n|-start|p2b: Ursaluna|confusion\n|-activate|p2a: Kommo-o|confusion\n|move|p2a: Kommo-o|Boomburst|p1a: Chimecho|[spread] p2b,p1a,p1b\n|-damage|p2b: Ursaluna|35\/100\n|-damage|p1a: Chimecho|0 fnt\n|-damage|p1b: Ampharos|21\/100\n|faint|p1a: Chimecho\n|-activate|p2b: Ursaluna|confusion\n|move|p2b: Ursaluna|Calm Mind|p2b: Ursaluna\n|-boost|p2b: Ursaluna|spa|1\n|-boost|p2b: Ursaluna|spd|1\n|\n|upkeep\n|\n|t:|1695405790\n|switch|p1a: Sableye|Sableye, F|100\/100\n|turn|4\n|\n|t:|1695405808\n|move|p1a: Sableye|Toxic|p2b: Ursaluna\n|-status|p2b: Ursaluna|tox\n|move|p1b: Ampharos|Seismic Toss|p2a: Kommo-o\n|-damage|p2a: Kommo-o|24\/100 par\n|-end|p2a: Kommo-o|confusion\n|cant|p2a: Kommo-o|par\n|-activate|p2b: Ursaluna|confusion\n|-damage|p2b: Ursaluna|30\/100 tox|[from] confusion\n|\n|-damage|p2b: Ursaluna|24\/100 tox|[from] psn\n|upkeep\n|turn|5\n|\n|t:|1695405832\n|move|p1a: Sableye|Quash|p2a: Kommo-o\n|-activate|p2a: Kommo-o|move: Quash\n|move|p1b: Ampharos|Seismic Toss|p2a: Kommo-o\n|-damage|p2a: Kommo-o|0 fnt\n|faint|p2a: Kommo-o\n|-activate|p2b: Ursaluna|confusion\n|move|p2b: Ursaluna|Moonblast|p1a: Sableye\n|-supereffective|p1a: Sableye\n|-crit|p1a: Sableye\n|-damage|p1a: Sableye|0 fnt\n|faint|p1a: Sableye\n|-damage|p2b: Ursaluna|15\/100 tox|[from] item: Life Orb\n|\n|-damage|p2b: Ursaluna|3\/100 tox|[from] psn\n|upkeep\n|\n|t:|1695405847\n|switch|p2a: Ogerpon|Ogerpon-Cornerstone, F, shiny|100\/100\n|switch|p1a: Drednaw|Drednaw, F|100\/100\n|turn|6\n|\n|t:|1695405860\n|move|p1b: Ampharos|Confuse Ray|p2a: Ogerpon\n|-start|p2a: Ogerpon|confusion\n|-activate|p2a: Ogerpon|confusion\n|move|p2a: Ogerpon|Horn Leech|p1a: Drednaw\n|-supereffective|p1a: Drednaw\n|-enditem|p1a: Drednaw|Rindo Berry|[eat]\n|-enditem|p1a: Drednaw|Rindo Berry|[weaken]\n|-damage|p1a: Drednaw|5\/100\n|move|p1a: Drednaw|Shell Smash|p1a: Drednaw\n|-unboost|p1a: Drednaw|def|1\n|-unboost|p1a: Drednaw|spd|1\n|-boost|p1a: Drednaw|atk|2\n|-boost|p1a: Drednaw|spa|2\n|-boost|p1a: Drednaw|spe|2\n|-end|p2b: Ursaluna|confusion\n|move|p2b: Ursaluna|Moonblast|p1b: Ampharos\n|-damage|p1b: Ampharos|0 fnt\n|faint|p1b: Ampharos\n|-damage|p2b: Ursaluna|0 fnt|[from] item: Life Orb\n|faint|p2b: Ursaluna\n|\n|upkeep\n|\n|t:|1695405881\n|switch|p1b: Flamigo|Flamigo, M|100\/100\n|switch|p2b: Dipplin|Dipplin, M, shiny|100\/100\n|-copyboost|p1b: Flamigo|p1a: Drednaw|[from] ability: Costar\n|-ability|p2b: Dipplin|Supersweet Syrup\n|-ability|p2b: Dipplin|Supersweet Syrup|boost\n|-unboost|p1a: Drednaw|evasion|1\n|-unboost|p1b: Flamigo|evasion|1\n|turn|7\n|\n|t:|1695405912\n|move|p1b: Flamigo|Dual Wingbeat|p2b: Dipplin\n|-supereffective|p2b: Dipplin\n|-damage|p2b: Dipplin|38\/100\n|-supereffective|p2b: Dipplin\n|-damage|p2b: Dipplin|0 fnt\n|faint|p2b: Dipplin\n|-hitcount|p2: Dipplin|2\n|move|p1a: Drednaw|Rock Slide|p2a: Ogerpon\n|-damage|p2a: Ogerpon|13\/100\n|-end|p2a: Ogerpon|confusion\n|move|p2a: Ogerpon|Play Rough|p1b: Flamigo\n|-supereffective|p1b: Flamigo\n|-damage|p1b: Flamigo|0 fnt\n|-damage|p2a: Ogerpon|0 fnt|[from] item: Rocky Helmet|[of] p1b: Flamigo\n|faint|p1b: Flamigo\n|faint|p2a: Ogerpon\n|\n|upkeep\n|\n|t:|1695405932\n|switch|p1b: Oricorio|Oricorio-Pom-Pom, F, shiny|100\/100\n|switch|p2a: Weezing|Weezing-Galar, M, shiny|100\/100\n|switch|p2b: Regigigas|Regigigas, shiny|100\/100\n|-ability|p2a: Weezing|Neutralizing Gas\n|turn|8\n|\n|t:|1695405959\n|move|p1a: Drednaw|Earthquake|p2b: Regigigas|[spread] p2a,p2b\n|-immune|p1b: Oricorio\n|-supereffective|p2a: Weezing\n|-crit|p2a: Weezing\n|-crit|p2b: Regigigas\n|-damage|p2a: Weezing|0 fnt\n|-damage|p2b: Regigigas|39\/100\n|faint|p2a: Weezing\n|-end|p2a: Weezing|ability: Neutralizing Gas\n|-start|p2b: Regigigas|ability: Slow Start\n|move|p1b: Oricorio|Teeter Dance|p2b: Regigigas|[spread] p1a,p2b\n|-start|p1a: Drednaw|confusion\n|-start|p2b: Regigigas|confusion\n|-activate|p2b: Regigigas|confusion\n|-damage|p2b: Regigigas|26\/100|[from] confusion\n|\n|-heal|p2b: Regigigas|32\/100|[from] item: Leftovers\n|upkeep\n|turn|9\n|\n|t:|1695405985\n|-activate|p1a: Drednaw|confusion\n|move|p1a: Drednaw|Liquidation|p2b: Regigigas\n|-damage|p2b: Regigigas|0 fnt\n|faint|p2b: Regigigas\n|-end|p2b: Regigigas|Slow Start|[silent]\n|\n|win|MaxxEccentric\n|raw|MaxxEccentric's rating: 1107 &rarr; <strong>1126<\/strong><br \/>(+19 for winning)\n|raw|PAXR TON's rating: 1027 &rarr; <strong>1016<\/strong><br \/>(-11 for losing)\n|c|\u2606MaxxEccentric|gg\n|l|\u2606PAXR TON\n","uploadtime":1695405994,"views":7,"p1id":"maxxeccentric","p2id":"paxrton","formatid":"gen9nationaldexdoubles","rating":1016,"private":0,"password":""}