{"id":"gen9nationaldexdoubles-1978818479","p1":"Etrick1","p2":"fumbari 24","format":"[Gen 9] National Dex Doubles","log":"|j|\u2606Etrick1\n|j|\u2606fumbari 24\n|t:|1698598887\n|gametype|doubles\n|player|p1|Etrick1|youngster-gen4dp|1465\n|player|p2|fumbari 24|hilbert|1478\n|teamsize|p1|6\n|teamsize|p2|6\n|gen|9\n|tier|[Gen 9] National Dex Doubles\n|rated|\n|rule|HP Percentage Mod: HP is shown in percentages\n|rule|Endless Battle Clause: Forcing endless battles is banned\n|rule|OHKO Clause: OHKO moves are banned\n|rule|Evasion Moves Clause: Evasion moves are banned\n|rule|Evasion Abilities Clause: Evasion abilities are banned\n|rule|Species Clause: Limit one of each Pok\u00e9mon\n|rule|Gravity Sleep Clause: The combination of sleep-inducing moves with imperfect accuracy and Gravity or Gigantamax Orbeetle are banned\n|clearpoke\n|poke|p1|Mawile, F|\n|poke|p1|Ursaluna, M|\n|poke|p1|Volcanion|\n|poke|p1|Deoxys-Attack|\n|poke|p1|Sinistcha-Masterpiece|\n|poke|p1|Chien-Pao|\n|poke|p2|Thundurus-Therian, M|\n|poke|p2|Latias, F|\n|poke|p2|Pelipper, M|\n|poke|p2|Blastoise, M|\n|poke|p2|Gardevoir, F|\n|poke|p2|Meowscarada, M|\n|teampreview\n|inactive|Battle timer is ON: inactive players will automatically lose when time's up. (requested by Etrick1)\n|\n|t:|1698598905\n|start\n|switch|p1a: Chien-Pao|Chien-Pao|100\/100\n|switch|p1b: Deoxys|Deoxys-Attack|100\/100\n|switch|p2a: Mine Mine|Pelipper, M|100\/100\n|switch|p2b: Strike|Thundurus-Therian, M|100\/100\n|-ability|p1a: Chien-Pao|Sword of Ruin\n|-ability|p1b: Deoxys|Pressure\n|-weather|RainDance|[from] ability: Drizzle|[of] p2a: Mine Mine\n|turn|1\n|inactive|Etrick1 has 120 seconds left.\n|\n|t:|1698598941\n|switch|p2b: Harbor|Blastoise, M|100\/100\n|move|p1a: Chien-Pao|Ice Spinner|p2b: Harbor\n|-resisted|p2b: Harbor\n|-damage|p2b: Harbor|83\/100\n|move|p1b: Deoxys|Rock Slide|p2a: Mine Mine|[spread] p2a,p2b\n|-supereffective|p2a: Mine Mine\n|-damage|p2a: Mine Mine|28\/100\n|-damage|p2b: Harbor|55\/100\n|move|p2a: Mine Mine|Tailwind|p2a: Mine Mine\n|-sidestart|p2: fumbari 24|move: Tailwind\n|\n|-weather|RainDance|[upkeep]\n|-heal|p2b: Harbor|62\/100|[from] ability: Rain Dish\n|-heal|p2b: Harbor|68\/100|[from] item: Leftovers\n|upkeep\n|turn|2\n|inactive|Etrick1 has 120 seconds left.\n|\n|t:|1698598963\n|move|p1b: Deoxys|Extreme Speed|p2a: Mine Mine\n|-damage|p2a: Mine Mine|0 fnt\n|faint|p2a: Mine Mine\n|move|p1a: Chien-Pao|Sucker Punch|p2b: Harbor\n|-damage|p2b: Harbor|34\/100\n|move|p2b: Harbor|Scald|p1a: Chien-Pao\n|-damage|p1a: Chien-Pao|38\/100\n|\n|-weather|RainDance|[upkeep]\n|-heal|p2b: Harbor|40\/100|[from] ability: Rain Dish\n|-heal|p2b: Harbor|46\/100|[from] item: Leftovers\n|upkeep\n|\n|t:|1698598973\n|switch|p2a: Strike|Thundurus-Therian, M|100\/100\n|turn|3\n|\n|t:|1698598991\n|-terastallize|p1b: Deoxys|Normal\n|move|p1b: Deoxys|Extreme Speed|p2b: Harbor\n|-damage|p2b: Harbor|0 fnt\n|faint|p2b: Harbor\n|move|p2a: Strike|Wildbolt Storm|p1b: Deoxys|[spread] p1a,p1b\n|-damage|p1a: Chien-Pao|0 fnt\n|-enditem|p1b: Deoxys|Focus Sash\n|-damage|p1b: Deoxys|1\/100\n|-status|p1b: Deoxys|par\n|faint|p1a: Chien-Pao\n|\n|-weather|RainDance|[upkeep]\n|upkeep\n|inactive|fumbari 24 has 120 seconds left.\n|\n|t:|1698599036\n|switch|p1a: Sinistcha|Sinistcha-Masterpiece|100\/100\n|switch|p2b: Mirage|Latias, F|100\/100\n|-heal|p1b: Deoxys|26\/100 par|[from] ability: Hospitality|[of] p1a: Sinistcha\n|turn|4\n|\n|t:|1698599064\n|move|p1b: Deoxys|Extreme Speed|p2b: Mirage\n|-crit|p2b: Mirage\n|-damage|p2b: Mirage|1\/100\n|move|p2a: Strike|Wildbolt Storm|p1a: Sinistcha|[spread] p1a,p1b\n|-resisted|p1a: Sinistcha\n|-damage|p1a: Sinistcha|68\/100\n|-damage|p1b: Deoxys|0 fnt\n|faint|p1b: Deoxys\n|-zpower|p2b: Mirage\n|move|p2b: Mirage|Shattered Psyche|p1a: Sinistcha|[zeffect]\n|-damage|p1a: Sinistcha|0 fnt\n|faint|p1a: Sinistcha\n|\n|-weather|RainDance|[upkeep]\n|-sideend|p2: fumbari 24|move: Tailwind\n|upkeep\n|inactive|Etrick1 has 120 seconds left.\n|\n|t:|1698599083\n|switch|p1b: Ursaluna|Ursaluna, M|100\/100\n|switch|p1a: Volcanion|Volcanion|100\/100\n|turn|5\n|\n|t:|1698599095\n|move|p1a: Volcanion|Protect|p1a: Volcanion\n|-singleturn|p1a: Volcanion|Protect\n|move|p2a: Strike|Wildbolt Storm|p1a: Volcanion|[spread] \n|-activate|p1a: Volcanion|move: Protect\n|-immune|p1b: Ursaluna\n|move|p2b: Mirage|Psychic|p1b: Ursaluna\n|-damage|p1b: Ursaluna|62\/100\n|move|p1b: Ursaluna|Drain Punch|p2b: Mirage\n|-resisted|p2b: Mirage\n|-damage|p2b: Mirage|0 fnt\n|-heal|p1b: Ursaluna|62\/100|[from] drain|[of] p2b: Mirage\n|faint|p2b: Mirage\n|\n|-weather|RainDance|[upkeep]\n|-status|p1b: Ursaluna|brn|[from] item: Flame Orb\n|upkeep\n|\n|t:|1698599108\n|switch|p2b: Meowscarada|Meowscarada, M|100\/100\n|turn|6\n|\n|t:|1698599117\n|-terastallize|p2b: Meowscarada|Grass\n|move|p2b: Meowscarada|Flower Trick|p1b: Ursaluna\n|-supereffective|p1b: Ursaluna\n|-crit|p1b: Ursaluna\n|-damage|p1b: Ursaluna|0 fnt\n|faint|p1b: Ursaluna\n|move|p2a: Strike|Wildbolt Storm|p1a: Volcanion\n|-supereffective|p1a: Volcanion\n|-damage|p1a: Volcanion|0 fnt\n|faint|p1a: Volcanion\n|\n|-weather|RainDance|[upkeep]\n|upkeep\n|\n|t:|1698599130\n|switch|p1b: Mawile|Mawile, F|100\/100\n|-ability|p1b: Mawile|Intimidate|boost\n|-unboost|p2a: Strike|atk|1\n|-unboost|p2b: Meowscarada|atk|1\n|turn|7\n|\n|t:|1698599148\n|detailschange|p1b: Mawile|Mawile-Mega, F\n|-mega|p1b: Mawile|Mawile|Mawilite\n|move|p2b: Meowscarada|Flower Trick|p1b: Mawile\n|-resisted|p1b: Mawile\n|-crit|p1b: Mawile\n|-damage|p1b: Mawile|67\/100\n|move|p2a: Strike|Wildbolt Storm|p1b: Mawile\n|-damage|p1b: Mawile|0 fnt\n|faint|p1b: Mawile\n|\n|win|fumbari 24\n|raw|Etrick1's rating: 1465 &rarr; <strong>1446<\/strong><br \/>(-19 for losing)\n|raw|fumbari 24's rating: 1478 &rarr; <strong>1497<\/strong><br \/>(+19 for winning)\n|l|\u2606Etrick1\n","uploadtime":1698599158,"views":11,"p1id":"etrick1","p2id":"fumbari24","formatid":"gen9nationaldexdoubles","rating":1446,"private":0,"password":""}