{"id":"gen9nationaldexdoubles-1959570034","p1":"caeden0330","p2":"ElonMusksSon","format":"[Gen 9] National Dex Doubles","log":"|j|\u2606caeden0330\n|j|\u2606ElonMusksSon\n|t:|1696438168\n|gametype|doubles\n|player|p1|caeden0330|n|1173\n|player|p2|ElonMusksSon|2|1048\n|teamsize|p1|6\n|teamsize|p2|6\n|gen|9\n|tier|[Gen 9] National Dex Doubles\n|rated|\n|rule|HP Percentage Mod: HP is shown in percentages\n|rule|Endless Battle Clause: Forcing endless battles is banned\n|rule|OHKO Clause: OHKO moves are banned\n|rule|Evasion Moves Clause: Evasion moves are banned\n|rule|Evasion Abilities Clause: Evasion abilities are banned\n|rule|Species Clause: Limit one of each Pok\u00e9mon\n|rule|Gravity Sleep Clause: The combination of sleep-inducing moves with imperfect accuracy and Gravity or Gigantamax Orbeetle are banned\n|clearpoke\n|poke|p1|Charizard, F|\n|poke|p1|Whimsicott, M|\n|poke|p1|Zapdos|\n|poke|p1|Great Tusk|\n|poke|p1|Volcanion|\n|poke|p1|Kingambit, M|\n|poke|p2|Rotom-Wash|\n|poke|p2|Garchomp, F|\n|poke|p2|Zoroark-Hisui, F|\n|poke|p2|Vikavolt, F|\n|poke|p2|Cresselia, F|\n|poke|p2|Ting-Lu|\n|teampreview\n|\n|t:|1696438203\n|start\n|switch|p1a: Tahu|Charizard, F|100\/100\n|switch|p1b: Lewa|Whimsicott, M|100\/100\n|switch|p2a: Garchomp|Garchomp, F|100\/100\n|switch|p2b: Vikavolt|Vikavolt, F|100\/100\n|turn|1\n|inactive|Battle timer is ON: inactive players will automatically lose when time's up. (requested by caeden0330)\n|\n|t:|1696438225\n|detailschange|p1a: Tahu|Charizard-Mega-Y, F\n|-mega|p1a: Tahu|Charizard|Charizardite Y\n|-weather|SunnyDay|[from] ability: Drought|[of] p1a: Tahu\n|move|p1a: Tahu|Protect|p1a: Tahu\n|-singleturn|p1a: Tahu|Protect\n|move|p1b: Lewa|Tailwind|p1b: Lewa\n|-sidestart|p1: caeden0330|move: Tailwind\n|move|p2a: Garchomp|Stone Edge|p1a: Tahu\n|-activate|p1a: Tahu|move: Protect\n|move|p2b: Vikavolt|Light Screen|p2b: Vikavolt\n|-sidestart|p2: ElonMusksSon|move: Light Screen\n|\n|-weather|SunnyDay|[upkeep]\n|upkeep\n|turn|2\n|\n|t:|1696438249\n|switch|p1a: Nuparu|Great Tusk|100\/100\n|-activate|p1a: Nuparu|ability: Protosynthesis\n|-start|p1a: Nuparu|protosynthesisatk\n|move|p2a: Garchomp|Protect|p2a: Garchomp\n|-singleturn|p2a: Garchomp|Protect\n|move|p1b: Lewa|Encore|p2b: Vikavolt\n|-start|p2b: Vikavolt|Encore\n|move|p2b: Vikavolt|Light Screen||[still]\n|-fail|p2b: Vikavolt\n|\n|-weather|SunnyDay|[upkeep]\n|upkeep\n|turn|3\n|\n|t:|1696438278\n|switch|p2b: Rotom|Rotom-Wash|100\/100\n|move|p1b: Lewa|Moonblast|p2b: Rotom\n|-damage|p2b: Rotom|77\/100\n|move|p1a: Nuparu|Headlong Rush|p2a: Garchomp\n|-damage|p2a: Garchomp|30\/100\n|-unboost|p1a: Nuparu|def|1\n|-unboost|p1a: Nuparu|spd|1\n|-damage|p1a: Nuparu|88\/100|[from] ability: Rough Skin|[of] p2a: Garchomp\n|move|p2a: Garchomp|Earthquake|p1a: Nuparu|[spread] p1a,p1b\n|-immune|p2b: Rotom|[from] ability: Levitate\n|-resisted|p1b: Lewa\n|-damage|p1a: Nuparu|37\/100\n|-damage|p1b: Lewa|69\/100\n|-enditem|p1b: Lewa|Eject Button\n|-damage|p2a: Garchomp|20\/100|[from] item: Life Orb\n|inactive|caeden0330 has 120 seconds left.\n|\n|t:|1696438294\n|switch|p1b: Voriki|Zapdos|100\/100\n|\n|-weather|SunnyDay|[upkeep]\n|upkeep\n|turn|4\n|inactive|caeden0330 has 120 seconds left.\n|\n|t:|1696438318\n|move|p1b: Voriki|Thunderbolt|p2b: Rotom\n|-damage|p2b: Rotom|39\/100\n|move|p1a: Nuparu|Ice Spinner|p2a: Garchomp\n|-supereffective|p2a: Garchomp\n|-damage|p2a: Garchomp|0 fnt\n|-damage|p1a: Nuparu|24\/100|[from] ability: Rough Skin|[of] p2a: Garchomp\n|faint|p2a: Garchomp\n|move|p2b: Rotom|Will-O-Wisp|p1a: Nuparu\n|-status|p1a: Nuparu|brn\n|\n|-weather|SunnyDay|[upkeep]\n|-damage|p1a: Nuparu|18\/100 brn|[from] brn\n|-sideend|p1: caeden0330|move: Tailwind\n|upkeep\n|\n|t:|1696438332\n|switch|p2a: Ting-Lu|Ting-Lu|100\/100\n|-ability|p2a: Ting-Lu|Vessel of Ruin\n|turn|5\n|\n|t:|1696438350\n|switch|p2b: Cresselia|Cresselia, F|100\/100\n|move|p1b: Voriki|Volt Switch|p2b: Cresselia\n|-damage|p2b: Cresselia|88\/100\n|\n|t:|1696438358\n|switch|p1b: Lewa|Whimsicott, M|69\/100|[from] Volt Switch\n|move|p1a: Nuparu|Headlong Rush|p2a: Ting-Lu\n|-damage|p2a: Ting-Lu|75\/100\n|-unboost|p1a: Nuparu|def|1\n|-unboost|p1a: Nuparu|spd|1\n|move|p2a: Ting-Lu|Rock Slide|p1b: Lewa|[spread] p1a,p1b\n|-resisted|p1a: Nuparu\n|-damage|p1a: Nuparu|11\/100 brn\n|-damage|p1b: Lewa|48\/100\n|\n|-weather|none\n|-end|p1a: Nuparu|Protosynthesis\n|-heal|p2b: Cresselia|94\/100|[from] item: Leftovers\n|-heal|p2a: Ting-Lu|81\/100|[from] item: Leftovers\n|-damage|p1a: Nuparu|5\/100 brn|[from] brn\n|upkeep\n|turn|6\n|\n|t:|1696438377\n|move|p1b: Lewa|Tailwind|p1b: Lewa\n|-sidestart|p1: caeden0330|move: Tailwind\n|move|p1a: Nuparu|Headlong Rush|p2a: Ting-Lu\n|-damage|p2a: Ting-Lu|62\/100\n|-unboost|p1a: Nuparu|def|1\n|-unboost|p1a: Nuparu|spd|1\n|move|p2b: Cresselia|Moonlight|p2b: Cresselia\n|-heal|p2b: Cresselia|100\/100\n|move|p2a: Ting-Lu|Earthquake|p1b: Lewa|[spread] p1a,p1b\n|-immune|p2b: Cresselia|[from] ability: Levitate\n|-resisted|p1b: Lewa\n|-damage|p1a: Nuparu|0 fnt\n|-damage|p1b: Lewa|26\/100\n|faint|p1a: Nuparu\n|-end|p1a: Nuparu|Protosynthesis|[silent]\n|\n|-heal|p2a: Ting-Lu|69\/100|[from] item: Leftovers\n|upkeep\n|c|\u2606ElonMusksSon|misclik\n|\n|t:|1696438389\n|switch|p1a: Tahu|Charizard-Mega-Y, F|100\/100\n|-weather|SunnyDay|[from] ability: Drought|[of] p1a: Tahu\n|turn|7\n|\n|t:|1696438419\n|switch|p2b: Vikavolt|Vikavolt, F|100\/100\n|move|p1b: Lewa|Encore|p2a: Ting-Lu\n|-hint|Since gen 7, Dark is immune to Prankster moves.\n|-immune|p2a: Ting-Lu\n|move|p1a: Tahu|Heat Wave|p2a: Ting-Lu|[spread] p2a,p2b\n|-supereffective|p2b: Vikavolt\n|-damage|p2a: Ting-Lu|47\/100\n|-damage|p2b: Vikavolt|18\/100\n|move|p2a: Ting-Lu|Rock Slide|p1a: Tahu|[spread] p1a,p1b\n|-supereffective|p1a: Tahu\n|-damage|p1a: Tahu|15\/100\n|-damage|p1b: Lewa|6\/100\n|\n|-weather|SunnyDay|[upkeep]\n|-heal|p2a: Ting-Lu|54\/100|[from] item: Leftovers\n|upkeep\n|turn|8\n|inactive|caeden0330 has 120 seconds left.\n|\n|t:|1696438450\n|move|p1b: Lewa|Moonblast|p2a: Ting-Lu\n|-supereffective|p2a: Ting-Lu\n|-damage|p2a: Ting-Lu|36\/100\n|move|p1a: Tahu|Hidden Power|p2a: Ting-Lu\n|-supereffective|p2a: Ting-Lu\n|-damage|p2a: Ting-Lu|20\/100\n|move|p2b: Vikavolt|Discharge|p1a: Tahu|[spread] p1a,p1b\n|-immune|p2a: Ting-Lu\n|-supereffective|p1a: Tahu\n|-resisted|p1b: Lewa\n|-damage|p1a: Tahu|0 fnt\n|-damage|p1b: Lewa|0 fnt\n|faint|p1a: Tahu\n|faint|p1b: Lewa\n|move|p2a: Ting-Lu|Rock Slide|p1: Tahu|[notarget]\n|-fail|p2a: Ting-Lu\n|\n|-weather|SunnyDay|[upkeep]\n|-heal|p2a: Ting-Lu|27\/100|[from] item: Leftovers\n|-sideend|p2: ElonMusksSon|move: Light Screen\n|upkeep\n|inactive|caeden0330 has 120 seconds left.\n|\n|t:|1696438461\n|switch|p1b: Teridax|Kingambit, M|100\/100\n|switch|p1a: Hydraxon|Volcanion|100\/100\n|turn|9\n|\n|t:|1696438480\n|-terastallize|p1a: Hydraxon|Ground\n|move|p1b: Teridax|Sucker Punch||[still]\n|-fail|p1b: Teridax\n|move|p1a: Hydraxon|Earth Power|p2a: Ting-Lu\n|-damage|p2a: Ting-Lu|1\/100\n|move|p2b: Vikavolt|Light Screen|p2b: Vikavolt\n|-sidestart|p2: ElonMusksSon|move: Light Screen\n|move|p2a: Ting-Lu|Earthquake|p1a: Hydraxon|[spread] p1a,p1b\n|-immune|p2b: Vikavolt|[from] ability: Levitate\n|-supereffective|p1b: Teridax\n|-damage|p1a: Hydraxon|71\/100\n|-damage|p1b: Teridax|57\/100\n|\n|-weather|SunnyDay|[upkeep]\n|-heal|p1b: Teridax|63\/100|[from] item: Leftovers\n|-heal|p2a: Ting-Lu|8\/100|[from] item: Leftovers\n|-sideend|p1: caeden0330|move: Tailwind\n|upkeep\n|turn|10\n|\n|t:|1696438500\n|move|p2b: Vikavolt|Discharge|p1b: Teridax|[spread] p1b\n|-immune|p2a: Ting-Lu\n|-immune|p1a: Hydraxon\n|-damage|p1b: Teridax|39\/100\n|move|p1a: Hydraxon|Earth Power|p2a: Ting-Lu\n|-damage|p2a: Ting-Lu|0 fnt\n|faint|p2a: Ting-Lu\n|move|p1b: Teridax|Iron Head|p2b: Vikavolt\n|-resisted|p2b: Vikavolt\n|-damage|p2b: Vikavolt|0 fnt\n|faint|p2b: Vikavolt\n|\n|-weather|SunnyDay|[upkeep]\n|-heal|p1b: Teridax|46\/100|[from] item: Leftovers\n|upkeep\n|\n|t:|1696438513\n|switch|p2b: Rotom|Rotom-Wash|39\/100\n|switch|p2a: Cresselia|Cresselia, F|100\/100\n|turn|11\n|inactive|ElonMusksSon has 120 seconds left.\n|\n|t:|1696438547\n|move|p2a: Cresselia|Bitter Malice|p1b: Teridax\n|-resisted|p1b: Teridax\n|-damage|p1b: Teridax|28\/100\n|-unboost|p1b: Teridax|atk|1\n|-ability|p1b: Teridax|Defiant|boost\n|-boost|p1b: Teridax|atk|2\n|move|p2b: Rotom|Will-O-Wisp|p1b: Teridax\n|-status|p1b: Teridax|brn\n|move|p1a: Hydraxon|Solar Beam||[still]\n|-prepare|p1a: Hydraxon|Solar Beam\n|-anim|p1a: Hydraxon|Solar Beam|p2b: Rotom\n|-supereffective|p2b: Rotom\n|-damage|p2b: Rotom|0 fnt\n|faint|p2b: Rotom\n|move|p1b: Teridax|Knock Off|p2a: Cresselia\n|-supereffective|p2a: Cresselia\n|-enditem|p2a: Cresselia|Focus Sash\n|-damage|p2a: Cresselia|1\/100\n|replace|p2a: Zoroark|Zoroark-Hisui, F\n|-end|p2a: Zoroark|Illusion\n|\n|-weather|none\n|-heal|p1b: Teridax|35\/100 brn|[from] item: Leftovers\n|-damage|p1b: Teridax|28\/100 brn|[from] brn\n|upkeep\n|inactive|ElonMusksSon has 120 seconds left.\n|c|\u2606ElonMusksSon|forgot defiant\n|c|\u2606ElonMusksSon|ouch\n|\n|t:|1696438562\n|switch|p2b: Cresselia|Cresselia, F|100\/100\n|turn|12\n|inactive|ElonMusksSon has 120 seconds left.\n|\n|t:|1696438591\n|move|p1b: Teridax|Sucker Punch|p2a: Zoroark\n|-supereffective|p2a: Zoroark\n|-damage|p2a: Zoroark|0 fnt\n|faint|p2a: Zoroark\n|move|p2b: Cresselia|Moonblast|p1b: Teridax\n|-damage|p1b: Teridax|10\/100 brn\n|-unboost|p1b: Teridax|spa|1\n|-ability|p1b: Teridax|Defiant|boost\n|-boost|p1b: Teridax|atk|2\n|move|p1a: Hydraxon|Fire Blast|p2b: Cresselia|[miss]\n|-miss|p1a: Hydraxon|p2b: Cresselia\n|\n|-heal|p1b: Teridax|16\/100 brn|[from] item: Leftovers\n|-damage|p1b: Teridax|10\/100 brn|[from] brn\n|upkeep\n|turn|13\n|inactive|ElonMusksSon has 120 seconds left.\n|c|\u2606caeden0330|kingambit's high on bath salts rn\n|c|\u2606ElonMusksSon|fr\n|inactive|caeden0330 has 120 seconds left.\n|\n|t:|1696438625\n|move|p1b: Teridax|Sucker Punch||[still]\n|-fail|p1b: Teridax\n|move|p2b: Cresselia|Calm Mind|p2b: Cresselia\n|-boost|p2b: Cresselia|spa|1\n|-boost|p2b: Cresselia|spd|1\n|move|p1a: Hydraxon|Steam Eruption|p2b: Cresselia\n|-damage|p2b: Cresselia|82\/100\n|-status|p2b: Cresselia|brn\n|\n|-heal|p2b: Cresselia|88\/100 brn|[from] item: Leftovers\n|-heal|p1b: Teridax|16\/100 brn|[from] item: Leftovers\n|-damage|p2b: Cresselia|82\/100 brn|[from] brn\n|-damage|p1b: Teridax|10\/100 brn|[from] brn\n|upkeep\n|turn|14\n|\n|t:|1696438639\n|-terastallize|p2b: Cresselia|Psychic\n|move|p1b: Teridax|Sucker Punch|p2b: Cresselia\n|-supereffective|p2b: Cresselia\n|-damage|p2b: Cresselia|7\/100 brn\n|move|p2b: Cresselia|Moonblast|p1b: Teridax\n|-damage|p1b: Teridax|0 fnt\n|faint|p1b: Teridax\n|move|p1a: Hydraxon|Steam Eruption|p2b: Cresselia\n|-damage|p2b: Cresselia|0 fnt\n|faint|p2b: Cresselia\n|\n|win|caeden0330\n|raw|caeden0330's rating: 1173 &rarr; <strong>1189<\/strong><br \/>(+16 for winning)\n|raw|ElonMusksSon's rating: 1048 &rarr; <strong>1037<\/strong><br \/>(-11 for losing)\n|c|\u2606caeden0330|gg\n|c|\u2606ElonMusksSon|gg\n|l|\u2606ElonMusksSon\n","uploadtime":1696438699,"views":14,"p1id":"caeden0330","p2id":"elonmusksson","formatid":"gen9nationaldexdoubles","rating":1037,"private":0,"password":""}