{"id":"gen9nationaldexdoubles-1986955178","p1":"omegashenronone","p2":"Skye32","format":"[Gen 9] National Dex Doubles","log":"|j|\u2606omegashenronone\n|j|\u2606Skye32\n|t:|1699544179\n|gametype|doubles\n|player|p1|omegashenronone|hugh|\n|player|p2|Skye32|169|\n|teamsize|p1|6\n|teamsize|p2|6\n|gen|9\n|tier|[Gen 9] National Dex Doubles\n|rule|HP Percentage Mod: HP is shown in percentages\n|rule|Endless Battle Clause: Forcing endless battles is banned\n|rule|OHKO Clause: OHKO moves are banned\n|rule|Evasion Moves Clause: Evasion moves are banned\n|rule|Evasion Abilities Clause: Evasion abilities are banned\n|rule|Species Clause: Limit one of each Pok\u00e9mon\n|rule|Gravity Sleep Clause: The combination of sleep-inducing moves with imperfect accuracy and Gravity or Gigantamax Orbeetle are banned\n|clearpoke\n|poke|p1|Urshifu-*, F|\n|poke|p1|Greninja-*, M|\n|poke|p1|Pelipper, F|\n|poke|p1|Swampert, F|\n|poke|p1|Kingdra, F|\n|poke|p1|Rotom-Wash|\n|poke|p2|Pinsir, M|\n|poke|p2|Volcarona, F|\n|poke|p2|Ribombee, F|\n|poke|p2|Galvantula, M|\n|poke|p2|Kleavor, F|\n|poke|p2|Scizor, M|\n|teampreview\n|inactive|Battle timer is ON: inactive players will automatically lose when time's up. (requested by omegashenronone)\n|j| YaBoiCrim\n|j| AhiruChan\n|c|\u2606omegashenronone|Yay!\n|inactive|Skye32 has 270 seconds left.\n|\n|t:|1699544218\n|start\n|switch|p1a: Happy|Pelipper, F|100\/100\n|switch|p1b: Hur-Hur-Hur|Kingdra, F|100\/100\n|switch|p2a: Galvantula|Galvantula, M|100\/100\n|switch|p2b: Ribombee|Ribombee, F|100\/100\n|-weather|RainDance|[from] ability: Drizzle|[of] p1a: Happy\n|turn|1\n|c| YaBoiCrim|bug mono goes crazy\n|c|\u2606omegashenronone|Heu whats 19X4?\n|inactive|Skye32 has 270 seconds left.\n|\n|t:|1699544251\n|move|p1b: Hur-Hur-Hur|Hurricane|p2a: Galvantula\n|-damage|p2a: Galvantula|14\/100\n|move|p2b: Ribombee|Sticky Web|p1a: Happy\n|-sidestart|p1: omegashenronone|move: Sticky Web\n|move|p2a: Galvantula|Agility|p2a: Galvantula\n|-boost|p2a: Galvantula|spe|2\n|move|p1a: Happy|Tailwind|p1a: Happy\n|-sidestart|p1: omegashenronone|move: Tailwind\n|\n|-weather|RainDance|[upkeep]\n|upkeep\n|turn|2\n|c|\u2606omegashenronone|I know i want to add 19evs to a stat so i want to know how many evs that is\n|inactive|Skye32 has 270 seconds left.\n|\n|t:|1699544292\n|move|p1b: Hur-Hur-Hur|Hurricane|p2a: Galvantula\n|-damage|p2a: Galvantula|0 fnt\n|faint|p2a: Galvantula\n|move|p2b: Ribombee|Moonblast|p1b: Hur-Hur-Hur\n|-supereffective|p1b: Hur-Hur-Hur\n|-damage|p1b: Hur-Hur-Hur|0 fnt\n|faint|p1b: Hur-Hur-Hur\n|move|p1a: Happy|Icy Wind|p2b: Ribombee\n|-damage|p2b: Ribombee|77\/100\n|\n|-weather|RainDance|[upkeep]\n|upkeep\n|inactive|Skye32 has 270 seconds left.\n|\n|t:|1699544313\n|switch|p2a: Scizor|Scizor, M|100\/100\n|switch|p1b: Gym bro|Swampert, F|100\/100\n|-activate|p1b: Gym bro|move: Sticky Web\n|-unboost|p1b: Gym bro|spe|1\n|turn|3\n|j| PeanutChewer\n|inactive|Skye32 has 270 seconds left.\n|l| PeanutChewer\n|inactive|omegashenronone has 270 seconds left.\n|c|\u2606omegashenronone|Bruh i keep on forgetting ice isnt SE against bug\n|c| AhiruChan|ya silly\n|c| YaBoiCrim|bro when was it lol\n|c|\u2606omegashenronone|I was just calculating wheyher the stab or Se Mive would do more damage but then i remembered ice wasnt SE against bug\n|inactive|omegashenronone has 240 seconds left.\n|\n|t:|1699544381\n|detailschange|p1b: Gym bro|Swampert-Mega, F\n|-mega|p1b: Gym bro|Swampert|Swampertite\n|move|p1b: Gym bro|Liquidation|p2b: Ribombee\n|-damage|p2b: Ribombee|0 fnt\n|faint|p2b: Ribombee\n|move|p1a: Happy|Hurricane|p2a: Scizor\n|-damage|p2a: Scizor|51\/100\n|move|p2a: Scizor|Swords Dance|p2a: Scizor\n|-boost|p2a: Scizor|atk|2\n|\n|-weather|RainDance|[upkeep]\n|upkeep\n|inactive|Skye32 has 270 seconds left.\n|c|\u2606omegashenronone|Swift swim lol\n|c|\u2606omegashenronone|No tailwind for you\n|\n|t:|1699544402\n|switch|p2b: Kleavor|Kleavor, F|100\/100\n|turn|4\n|inactive|Skye32 has 270 seconds left.\n|j| PeanutChewer\n|\n|t:|1699544416\n|move|p2a: Scizor|Bullet Punch|p1a: Happy\n|-resisted|p1a: Happy\n|-damage|p1a: Happy|56\/100\n|-damage|p2a: Scizor|41\/100|[from] item: Life Orb\n|move|p1b: Gym bro|Earthquake|p2a: Scizor|[spread] p2a,p2b\n|-immune|p1a: Happy\n|-damage|p2a: Scizor|0 fnt\n|-damage|p2b: Kleavor|45\/100\n|faint|p2a: Scizor\n|move|p2b: Kleavor|Stone Axe|p1a: Happy\n|-supereffective|p1a: Happy\n|-damage|p1a: Happy|0 fnt\n|-sidestart|p1: omegashenronone|move: Stealth Rock\n|faint|p1a: Happy\n|\n|-weather|RainDance|[upkeep]\n|-sideend|p1: omegashenronone|move: Tailwind\n|upkeep\n|c| AhiruChan|tera steel bullet punch when\n|inactive|omegashenronone has 270 seconds left.\n|c| AhiruChan|damn\n|\n|t:|1699544435\n|switch|p1a: Genji|Greninja, M, shiny|100\/100\n|switch|p2a: Pinsir|Pinsir, M|100\/100\n|-activate|p1a: Genji|move: Sticky Web\n|-unboost|p1a: Genji|spe|1\n|-damage|p1a: Genji|88\/100|[from] Stealth Rock\n|turn|5\n|inactive|omegashenronone has 270 seconds left.\n|\n|t:|1699544461\n|detailschange|p2a: Pinsir|Pinsir-Mega, M\n|-mega|p2a: Pinsir|Pinsir|Pinsirite\n|move|p2b: Kleavor|Stone Axe|p1a: Genji\n|-damage|p1a: Genji|0 fnt\n|faint|p1a: Genji\n|move|p2a: Pinsir|Frustration|p1b: Gym bro\n|-damage|p1b: Gym bro|36\/100\n|move|p1b: Gym bro|Liquidation|p2b: Kleavor\n|-supereffective|p2b: Kleavor\n|-damage|p2b: Kleavor|0 fnt\n|faint|p2b: Kleavor\n|\n|-weather|RainDance|[upkeep]\n|upkeep\n|\n|t:|1699544474\n|switch|p1a: Master Shi-Fu!|Urshifu-Rapid-Strike, F|100\/100\n|switch|p2b: Volcarona|Volcarona, F|100\/100\n|-activate|p1a: Master Shi-Fu!|move: Sticky Web\n|-unboost|p1a: Master Shi-Fu!|spe|1\n|-damage|p1a: Master Shi-Fu!|94\/100|[from] Stealth Rock\n|turn|6\n|inactive|Skye32 has 270 seconds left.\n|inactive|Skye32 has 240 seconds left.\n|\n|t:|1699544536\n|-terastallize|p1a: Master Shi-Fu!|Ground\n|move|p2a: Pinsir|Frustration|p1a: Master Shi-Fu!\n|-damage|p1a: Master Shi-Fu!|23\/100\n|move|p2b: Volcarona|Psychic|p1b: Gym bro\n|-damage|p1b: Gym bro|12\/100\n|move|p1b: Gym bro|Liquidation|p2a: Pinsir\n|-damage|p2a: Pinsir|8\/100\n|-unboost|p2a: Pinsir|def|1\n|move|p1a: Master Shi-Fu!|Surging Strikes|p2a: Pinsir\n|-crit|p2a: Pinsir\n|-damage|p2a: Pinsir|0 fnt\n|faint|p2a: Pinsir\n|-hitcount|p2: Pinsir|1\n|-damage|p1a: Master Shi-Fu!|13\/100|[from] item: Life Orb\n|\n|-weather|RainDance|[upkeep]\n|upkeep\n|turn|7\n|l| PeanutChewer\n|c| AhiruChan|gg\n|c|\u2606omegashenronone|Good game\n|inactive|Skye32 has 240 seconds left.\n|c|\u2606omegashenronone|Though\n|\n|t:|1699544574\n|move|p2b: Volcarona|Psychic|p1a: Master Shi-Fu!\n|-damage|p1a: Master Shi-Fu!|0 fnt\n|faint|p1a: Master Shi-Fu!\n|move|p1b: Gym bro|Liquidation|p2b: Volcarona\n|-supereffective|p2b: Volcarona\n|-damage|p2b: Volcarona|0 fnt\n|faint|p2b: Volcarona\n|\n|win|omegashenronone\n|c|\u2606omegashenronone|Sticky web really screwed me over lol\n|c|\u2606Skye32|Gg\n|l| YaBoiCrim\n|c|\u2606omegashenronone|Luckily swift swim carried me\n|l| AhiruChan\n|l|\u2606Skye32\n|l|\u2606omegashenronone\n|j|\u2606omegashenronone\n|player|p1|omegashenronone|hugh\n","uploadtime":1699544631,"views":12,"p1id":"omegashenronone","p2id":"skye32","formatid":"gen9nationaldexdoubles","rating":0,"private":0,"password":""}