{"id":"gen9nationaldexdoubles-1973394465","p1":"Rff123","p2":"TheNeatPerson","format":"[Gen 9] National Dex Doubles","log":"|j|\u2606Rff123\n|j|\u2606TheNeatPerson\n|t:|1697967894\n|gametype|doubles\n|player|p1|Rff123|nate|1177\n|player|p2|TheNeatPerson|266|1054\n|teamsize|p1|6\n|teamsize|p2|6\n|gen|9\n|tier|[Gen 9] National Dex Doubles\n|rated|\n|rule|HP Percentage Mod: HP is shown in percentages\n|rule|Endless Battle Clause: Forcing endless battles is banned\n|rule|OHKO Clause: OHKO moves are banned\n|rule|Evasion Moves Clause: Evasion moves are banned\n|rule|Evasion Abilities Clause: Evasion abilities are banned\n|rule|Species Clause: Limit one of each Pok\u00e9mon\n|rule|Gravity Sleep Clause: The combination of sleep-inducing moves with imperfect accuracy and Gravity or Gigantamax Orbeetle are banned\n|clearpoke\n|poke|p1|Eevee, M|\n|poke|p1|Golduck, M|\n|poke|p1|Jirachi|\n|poke|p1|Amoonguss, F|\n|poke|p1|Chi-Yu|\n|poke|p1|Flamigo, F|\n|poke|p2|Reuniclus, M|\n|poke|p2|Aggron, F|\n|poke|p2|Alcremie, F|\n|poke|p2|Tapu Koko|\n|poke|p2|Raichu-Alola, M|\n|poke|p2|Moltres-Galar|\n|teampreview\n|\n|t:|1697967923\n|start\n|switch|p1a: Eevee|Eevee, M|100\/100\n|switch|p1b: Golduck|Golduck, M|100\/100\n|switch|p2a: Reuniclus|Reuniclus, M|100\/100\n|switch|p2b: Alcremie|Alcremie, F|100\/100\n|-ability|p1b: Golduck|Cloud Nine\n|turn|1\n|\n|t:|1697967936\n|move|p1b: Golduck|Simple Beam|p1a: Eevee\n|-endability|p1a: Eevee|Adaptability|[from] move: Simple Beam\n|-ability|p1a: Eevee|Simple|[from] move: Simple Beam\n|-zpower|p1a: Eevee\n|move|p1a: Eevee|Extreme Evoboost|p1a: Eevee\n|-boost|p1a: Eevee|atk|4\n|-boost|p1a: Eevee|def|4\n|-boost|p1a: Eevee|spa|4\n|-boost|p1a: Eevee|spd|4\n|-boost|p1a: Eevee|spe|4\n|move|p2b: Alcremie|Decorate|p2a: Reuniclus\n|-boost|p2a: Reuniclus|atk|2\n|-boost|p2a: Reuniclus|spa|2\n|move|p2a: Reuniclus|Trick Room|p2a: Reuniclus\n|-fieldstart|move: Trick Room|[of] p2a: Reuniclus\n|\n|upkeep\n|turn|2\n|\n|t:|1697967964\n|-terastallize|p2a: Reuniclus|Psychic\n|move|p2a: Reuniclus|Psyshock|p1b: Golduck\n|-damage|p1b: Golduck|0 fnt\n|faint|p1b: Golduck\n|move|p2b: Alcremie|Encore||[still]\n|-fail|p2b: Alcremie\n|move|p1a: Eevee|Baton Pass|p1a: Eevee\n|\n|t:|1697967975\n|switch|p1a: Jirachi|Jirachi|100\/100|[from] Baton Pass\n|\n|upkeep\n|\n|t:|1697967987\n|switch|p1b: Amoonguss|Amoonguss, F|100\/100\n|turn|3\n|\n|t:|1697968029\n|switch|p1b: Eevee|Eevee, M|100\/100\n|switch|p2b: Tapu Koko|Tapu Koko|100\/100\n|-fieldstart|move: Electric Terrain|[from] ability: Electric Surge|[of] p2b: Tapu Koko\n|-terastallize|p1a: Jirachi|Psychic\n|move|p2a: Reuniclus|Psyshock|p1b: Eevee\n|-damage|p1b: Eevee|0 fnt\n|faint|p1b: Eevee\n|move|p1a: Jirachi|Stored Power|p2a: Reuniclus\n|-resisted|p2a: Reuniclus\n|-damage|p2a: Reuniclus|0 fnt\n|faint|p2a: Reuniclus\n|\n|upkeep\n|\n|t:|1697968054\n|switch|p2a: Moltres|Moltres-Galar|100\/100\n|switch|p1b: Flamigo|Flamigo, F|100\/100\n|-copyboost|p1b: Flamigo|p1a: Jirachi|[from] ability: Costar\n|turn|4\n|\n|t:|1697968073\n|move|p2a: Moltres|Thief|p1a: Jirachi\n|-supereffective|p1a: Jirachi\n|-damage|p1a: Jirachi|90\/100\n|-enditem|p1a: Jirachi|Leftovers|[silent]|[from] move: Thief|[of] p2a: Moltres\n|-item|p2a: Moltres|Leftovers|[from] move: Thief|[of] p1a: Jirachi\n|move|p2b: Tapu Koko|Thunder Wave|p1a: Jirachi\n|-status|p1a: Jirachi|par\n|move|p1a: Jirachi|Dazzling Gleam|p2a: Moltres|[spread] p2a,p2b\n|-supereffective|p2a: Moltres\n|-damage|p2a: Moltres|53\/100\n|-damage|p2b: Tapu Koko|48\/100\n|move|p1b: Flamigo|Liquidation|p2b: Tapu Koko\n|-damage|p2b: Tapu Koko|0 fnt\n|faint|p2b: Tapu Koko\n|-damage|p1b: Flamigo|91\/100|[from] item: Life Orb\n|\n|-heal|p2a: Moltres|59\/100|[from] item: Leftovers\n|upkeep\n|\n|t:|1697968087\n|switch|p2b: Raichu|Raichu-Alola, M|100\/100\n|turn|5\n|\n|t:|1697968108\n|move|p2a: Moltres|Fiery Wrath|p1b: Flamigo|[spread] p1a,p1b\n|-supereffective|p1a: Jirachi\n|-crit|p1a: Jirachi\n|-resisted|p1b: Flamigo\n|-damage|p1a: Jirachi|25\/100 par\n|-damage|p1b: Flamigo|85\/100\n|move|p1a: Jirachi|Stored Power|p2b: Raichu\n|-resisted|p2b: Raichu\n|-damage|p2b: Raichu|0 fnt\n|faint|p2b: Raichu\n|move|p1b: Flamigo|Low Kick|p2a: Moltres\n|-damage|p2a: Moltres|0 fnt\n|faint|p2a: Moltres\n|-damage|p1b: Flamigo|75\/100|[from] item: Life Orb\n|\n|-fieldend|move: Trick Room\n|upkeep\n|\n|t:|1697968118\n|switch|p2b: Alcremie|Alcremie, F|100\/100\n|switch|p2a: Aggron|Aggron, F|100\/100\n|turn|6\n|\n|t:|1697968135\n|move|p1b: Flamigo|Low Kick|p2a: Aggron\n|-supereffective|p2a: Aggron\n|-damage|p2a: Aggron|0 fnt\n|faint|p2a: Aggron\n|-damage|p1b: Flamigo|65\/100|[from] item: Life Orb\n|move|p1a: Jirachi|Stored Power|p2b: Alcremie\n|-damage|p2b: Alcremie|0 fnt\n|faint|p2b: Alcremie\n|\n|win|Rff123\n|raw|Rff123's rating: 1177 &rarr; <strong>1194<\/strong><br \/>(+17 for winning)\n|raw|TheNeatPerson's rating: 1054 &rarr; <strong>1042<\/strong><br \/>(-12 for losing)\n|l|\u2606TheNeatPerson\n","uploadtime":1697968172,"views":17,"p1id":"rff123","p2id":"theneatperson","formatid":"gen9nationaldexdoubles","rating":1042,"private":0,"password":""}