{"id":"gen9nationaldexdoubles-1954607791","p1":"emithefurry","p2":"PunkRockObstagoon","format":"[Gen 9] National Dex Doubles","log":"|j|\u2606emithefurry\n|j|\u2606PunkRockObstagoon\n|t:|1695912450\n|gametype|doubles\n|player|p1|emithefurry|skierf-gen4dp|1041\n|player|p2|PunkRockObstagoon|hilbert|1095\n|teamsize|p1|6\n|teamsize|p2|6\n|gen|9\n|tier|[Gen 9] National Dex Doubles\n|rated|\n|rule|HP Percentage Mod: HP is shown in percentages\n|rule|Endless Battle Clause: Forcing endless battles is banned\n|rule|OHKO Clause: OHKO moves are banned\n|rule|Evasion Moves Clause: Evasion moves are banned\n|rule|Evasion Abilities Clause: Evasion abilities are banned\n|rule|Species Clause: Limit one of each Pok\u00e9mon\n|rule|Gravity Sleep Clause: The combination of sleep-inducing moves with imperfect accuracy and Gravity or Gigantamax Orbeetle are banned\n|clearpoke\n|poke|p1|Seaking, M|\n|poke|p1|Pelipper, M|\n|poke|p1|Beartic, M|\n|poke|p1|Falinks|\n|poke|p1|Manaphy|\n|poke|p1|Maractus, F|\n|poke|p2|Charizard, M|\n|poke|p2|Metagross|\n|poke|p2|Grimmsnarl, M|\n|poke|p2|Tatsugiri-Stretchy, F|\n|poke|p2|Serperior, F|\n|poke|p2|Blaziken, M|\n|teampreview\n|inactive|Battle timer is ON: inactive players will automatically lose when time's up. (requested by PunkRockObstagoon)\n|\n|t:|1695912474\n|start\n|switch|p1a: Falinks|Falinks|100\/100\n|switch|p1b: Pelipper|Pelipper, M|100\/100\n|switch|p2a: Tatsugiri|Tatsugiri-Stretchy, F, shiny|100\/100\n|switch|p2b: Blaziken|Blaziken, M|100\/100\n|-weather|RainDance|[from] ability: Drizzle|[of] p1b: Pelipper\n|turn|1\n|\n|t:|1695912487\n|switch|p1b: Manaphy|Manaphy|100\/100\n|move|p2b: Blaziken|Low Kick|p1a: Falinks\n|-damage|p1a: Falinks|55\/100\n|move|p2a: Tatsugiri|Muddy Water|p1a: Falinks|[spread] p1b\n|-miss|p2a: Tatsugiri|p1a: Falinks\n|-resisted|p1b: Manaphy\n|-damage|p1b: Manaphy|74\/100\n|move|p1a: Falinks|No Retreat|p1a: Falinks\n|-boost|p1a: Falinks|atk|1\n|-boost|p1a: Falinks|def|1\n|-boost|p1a: Falinks|spa|1\n|-boost|p1a: Falinks|spd|1\n|-boost|p1a: Falinks|spe|1\n|-start|p1a: Falinks|move: No Retreat\n|\n|-weather|RainDance|[upkeep]\n|-heal|p1b: Manaphy|80\/100|[from] item: Leftovers\n|-ability|p2b: Blaziken|Speed Boost|boost\n|-boost|p2b: Blaziken|spe|1\n|upkeep\n|turn|2\n|\n|t:|1695912509\n|detailschange|p2b: Blaziken|Blaziken-Mega, M\n|-mega|p2b: Blaziken|Blaziken|Blazikenite\n|move|p2b: Blaziken|Low Kick|p1a: Falinks\n|-damage|p1a: Falinks|21\/100\n|move|p1b: Manaphy|Heart Swap|p1a: Falinks\n|-swapboost|p1b: Manaphy|p1a: Falinks|[from] move: Heart Swap\n|move|p2a: Tatsugiri|Substitute|p2a: Tatsugiri\n|-start|p2a: Tatsugiri|Substitute\n|-damage|p2a: Tatsugiri|75\/100\n|move|p1a: Falinks|Knock Off|p2a: Tatsugiri\n|-end|p2a: Tatsugiri|Substitute\n|\n|-weather|RainDance|[upkeep]\n|-heal|p1b: Manaphy|86\/100|[from] item: Leftovers\n|-heal|p2a: Tatsugiri|82\/100|[from] item: Leftovers\n|-ability|p2b: Blaziken|Speed Boost|boost\n|-boost|p2b: Blaziken|spe|1\n|upkeep\n|turn|3\n|\n|t:|1695912530\n|move|p2b: Blaziken|Low Kick|p1b: Manaphy\n|-damage|p1b: Manaphy|78\/100\n|move|p1b: Manaphy|Tail Glow|p1b: Manaphy\n|-boost|p1b: Manaphy|spa|3\n|move|p2a: Tatsugiri|Muddy Water|p1a: Falinks|[spread] p1a\n|-miss|p2a: Tatsugiri|p1b: Manaphy\n|-damage|p1a: Falinks|0 fnt\n|faint|p1a: Falinks\n|\n|-weather|RainDance|[upkeep]\n|-heal|p1b: Manaphy|84\/100|[from] item: Leftovers\n|-heal|p2a: Tatsugiri|88\/100|[from] item: Leftovers\n|-ability|p2b: Blaziken|Speed Boost|boost\n|-boost|p2b: Blaziken|spe|1\n|upkeep\n|\n|t:|1695912541\n|switch|p1a: Seaking|Seaking, M|100\/100\n|turn|4\n|\n|t:|1695912549\n|move|p2b: Blaziken|Low Kick|p1a: Seaking\n|-damage|p1a: Seaking|48\/100\n|move|p1b: Manaphy|Tail Glow|p1b: Manaphy\n|-boost|p1b: Manaphy|spa|2\n|move|p2a: Tatsugiri|Substitute|p2a: Tatsugiri\n|-start|p2a: Tatsugiri|Substitute\n|-damage|p2a: Tatsugiri|63\/100\n|move|p1a: Seaking|Toxic|p2b: Blaziken\n|-status|p2b: Blaziken|tox\n|\n|-weather|RainDance|[upkeep]\n|-heal|p1b: Manaphy|90\/100|[from] item: Leftovers\n|-heal|p2a: Tatsugiri|69\/100|[from] item: Leftovers\n|-heal|p1a: Seaking|54\/100|[from] item: Leftovers\n|-damage|p2b: Blaziken|95\/100 tox|[from] psn\n|-ability|p2b: Blaziken|Speed Boost|boost\n|-boost|p2b: Blaziken|spe|1\n|upkeep\n|turn|5\n|\n|t:|1695912567\n|move|p2a: Tatsugiri|Protect|p2a: Tatsugiri\n|-singleturn|p2a: Tatsugiri|Protect\n|move|p2b: Blaziken|Low Kick|p1a: Seaking\n|-damage|p1a: Seaking|0 fnt\n|faint|p1a: Seaking\n|move|p1b: Manaphy|Ancient Power|p2a: Tatsugiri\n|-activate|p2a: Tatsugiri|move: Protect\n|\n|-weather|none\n|-heal|p1b: Manaphy|96\/100|[from] item: Leftovers\n|-heal|p2a: Tatsugiri|75\/100|[from] item: Leftovers\n|-damage|p2b: Blaziken|83\/100 tox|[from] psn\n|-ability|p2b: Blaziken|Speed Boost|boost\n|-boost|p2b: Blaziken|spe|1\n|upkeep\n|\n|t:|1695912582\n|switch|p1a: Beartic|Beartic, M|100\/100\n|turn|6\n|\n|t:|1695912589\n|move|p2b: Blaziken|Flare Blitz|p1a: Beartic\n|-supereffective|p1a: Beartic\n|-damage|p1a: Beartic|0 fnt\n|faint|p1a: Beartic\n|-damage|p2b: Blaziken|47\/100 tox|[from] Recoil\n|move|p1b: Manaphy|Hydro Pump|p2a: Tatsugiri\n|-activate|p2a: Tatsugiri|ability: Storm Drain\n|-ability|p2a: Tatsugiri|Storm Drain|boost\n|-boost|p2a: Tatsugiri|spa|1\n|move|p2a: Tatsugiri|Substitute|p2a: Tatsugiri\n|-fail|p2a: Tatsugiri|move: Substitute\n|\n|-heal|p1b: Manaphy|100\/100|[from] item: Leftovers\n|-heal|p2a: Tatsugiri|81\/100|[from] item: Leftovers\n|-damage|p2b: Blaziken|29\/100 tox|[from] psn\n|-ability|p2b: Blaziken|Speed Boost|boost\n|-boost|p2b: Blaziken|spe|1\n|upkeep\n|\n|t:|1695912602\n|switch|p1a: Maractus|Maractus, F|100\/100\n|turn|7\n|\n|t:|1695912614\n|move|p2b: Blaziken|Flare Blitz|p1a: Maractus\n|-supereffective|p1a: Maractus\n|-damage|p1a: Maractus|0 fnt\n|faint|p1a: Maractus\n|-damage|p2b: Blaziken|0 fnt|[from] Recoil\n|faint|p2b: Blaziken\n|move|p1b: Manaphy|Ancient Power|p2a: Tatsugiri\n|-end|p2a: Tatsugiri|Substitute\n|move|p2a: Tatsugiri|Dragon Pulse|p1b: Manaphy\n|-damage|p1b: Manaphy|57\/100\n|\n|-heal|p1b: Manaphy|63\/100|[from] item: Leftovers\n|-heal|p2a: Tatsugiri|88\/100|[from] item: Leftovers\n|upkeep\n|\n|t:|1695912621\n|switch|p2b: Grimmsnarl|Grimmsnarl, M|100\/100\n|switch|p1a: Pelipper|Pelipper, M|100\/100\n|-item|p1a: Pelipper|Expert Belt|[from] ability: Frisk|[of] p2b: Grimmsnarl|[identify]\n|-item|p1b: Manaphy|Leftovers|[from] ability: Frisk|[of] p2b: Grimmsnarl|[identify]\n|-weather|RainDance|[from] ability: Drizzle|[of] p1a: Pelipper\n|turn|8\n|\n|t:|1695912633\n|move|p2b: Grimmsnarl|Fake Out|p1b: Manaphy\n|-crit|p1b: Manaphy\n|-damage|p1b: Manaphy|40\/100\n|cant|p1b: Manaphy|flinch\n|move|p2a: Tatsugiri|Substitute|p2a: Tatsugiri\n|-start|p2a: Tatsugiri|Substitute\n|-damage|p2a: Tatsugiri|63\/100\n|move|p1a: Pelipper|Gunk Shot|p2b: Grimmsnarl\n|-supereffective|p2b: Grimmsnarl\n|-damage|p2b: Grimmsnarl|46\/100\n|-status|p2b: Grimmsnarl|psn\n|\n|-weather|RainDance|[upkeep]\n|-heal|p1b: Manaphy|47\/100|[from] item: Leftovers\n|-heal|p2a: Tatsugiri|69\/100|[from] item: Leftovers\n|-damage|p2b: Grimmsnarl|34\/100 psn|[from] psn\n|upkeep\n|turn|9\n|\n|t:|1695912647\n|move|p2a: Tatsugiri|Protect|p2a: Tatsugiri\n|-singleturn|p2a: Tatsugiri|Protect\n|move|p2b: Grimmsnarl|Sucker Punch|p1b: Manaphy\n|-damage|p1b: Manaphy|21\/100\n|move|p1b: Manaphy|Ancient Power|p2a: Tatsugiri\n|-activate|p2a: Tatsugiri|move: Protect\n|move|p1a: Pelipper|Gunk Shot|p2b: Grimmsnarl\n|-supereffective|p2b: Grimmsnarl\n|-crit|p2b: Grimmsnarl\n|-damage|p2b: Grimmsnarl|0 fnt\n|faint|p2b: Grimmsnarl\n|\n|-weather|RainDance|[upkeep]\n|-heal|p1b: Manaphy|27\/100|[from] item: Leftovers\n|-heal|p2a: Tatsugiri|75\/100|[from] item: Leftovers\n|upkeep\n|\n|t:|1695912650\n|switch|p2b: Serperior|Serperior, F|100\/100\n|turn|10\n|\n|t:|1695912668\n|move|p1b: Manaphy|Heart Swap|p1a: Pelipper\n|-swapboost|p1b: Manaphy|p1a: Pelipper|[from] move: Heart Swap\n|move|p2b: Serperior|Leaf Storm|p1b: Manaphy\n|-supereffective|p1b: Manaphy\n|-crit|p1b: Manaphy\n|-damage|p1b: Manaphy|0 fnt\n|-boost|p2b: Serperior|spa|2\n|faint|p1b: Manaphy\n|move|p1a: Pelipper|Blizzard|p2b: Serperior|[spread] \n|-miss|p1a: Pelipper|p2a: Tatsugiri\n|-miss|p1a: Pelipper|p2b: Serperior\n|move|p2a: Tatsugiri|Dragon Pulse|p1a: Pelipper\n|-damage|p1a: Pelipper|39\/100\n|\n|-weather|RainDance|[upkeep]\n|-heal|p2a: Tatsugiri|81\/100|[from] item: Leftovers\n|upkeep\n|turn|11\n|c|\u2606emithefurry|gg\n|\n|t:|1695912691\n|move|p2b: Serperior|Giga Drain|p1a: Pelipper\n|-damage|p1a: Pelipper|0 fnt\n|faint|p1a: Pelipper\n|\n|win|PunkRockObstagoon\n|raw|emithefurry's rating: 1041 &rarr; <strong>1027<\/strong><br \/>(-14 for losing)\n|raw|PunkRockObstagoon's rating: 1095 &rarr; <strong>1117<\/strong><br \/>(+22 for winning)\n","uploadtime":1695912694,"views":14,"p1id":"emithefurry","p2id":"punkrockobstagoon","formatid":"gen9nationaldexdoubles","rating":1027,"private":0,"password":""}