{"id":"gen9nationaldexdoubles-1973925658","p1":"Dante vail","p2":"repolnareff","format":"[Gen 9] National Dex Doubles","log":"|j|\u2606Dante vail\n|j|\u2606repolnareff\n|t:|1698028850\n|gametype|doubles\n|player|p1|Dante vail|169|1123\n|player|p2|repolnareff|gambler|1042\n|teamsize|p1|6\n|teamsize|p2|6\n|gen|9\n|tier|[Gen 9] National Dex Doubles\n|rated|\n|rule|HP Percentage Mod: HP is shown in percentages\n|rule|Endless Battle Clause: Forcing endless battles is banned\n|rule|OHKO Clause: OHKO moves are banned\n|rule|Evasion Moves Clause: Evasion moves are banned\n|rule|Evasion Abilities Clause: Evasion abilities are banned\n|rule|Species Clause: Limit one of each Pok\u00e9mon\n|rule|Gravity Sleep Clause: The combination of sleep-inducing moves with imperfect accuracy and Gravity or Gigantamax Orbeetle are banned\n|clearpoke\n|poke|p1|Farigiraf, M|\n|poke|p1|Talonflame, F|\n|poke|p1|Brambleghast, F|\n|poke|p1|Regigigas|\n|poke|p1|Conkeldurr, M|\n|poke|p1|Weezing-Galar, F|\n|poke|p2|Zapdos|\n|poke|p2|Breloom, M|\n|poke|p2|Tyranitar, M|\n|poke|p2|Forretress, M|\n|poke|p2|Swampert, F|\n|poke|p2|Blissey, F|\n|teampreview\n|\n|t:|1698028881\n|start\n|switch|p1a: Conkeldurr|Conkeldurr, M|100\/100\n|switch|p1b: Talonflame|Talonflame, F|100\/100\n|switch|p2a: Breloom|Breloom, M|100\/100\n|switch|p2b: Forretress|Forretress, M|100\/100\n|turn|1\n|\n|t:|1698028901\n|switch|p2a: Swampert|Swampert, F|100\/100\n|move|p1a: Conkeldurr|Protect|p1a: Conkeldurr\n|-singleturn|p1a: Conkeldurr|Protect\n|move|p1b: Talonflame|Dual Wingbeat|p2a: Swampert\n|-damage|p2a: Swampert|91\/100\n|-damage|p2a: Swampert|80\/100\n|-hitcount|p2a: Swampert|2\n|move|p2b: Forretress|Toxic Spikes|p1a: Conkeldurr\n|-sidestart|p1: Dante vail|move: Toxic Spikes\n|\n|-status|p1a: Conkeldurr|brn|[from] item: Flame Orb\n|upkeep\n|turn|2\n|\n|t:|1698028926\n|detailschange|p2a: Swampert|Swampert-Mega, F\n|-mega|p2a: Swampert|Swampert|Swampertite\n|move|p1b: Talonflame|Taunt|p2b: Forretress\n|-start|p2b: Forretress|move: Taunt\n|move|p2a: Swampert|Ice Beam|p1a: Conkeldurr\n|-damage|p1a: Conkeldurr|79\/100 brn\n|cant|p2b: Forretress|move: Taunt|Toxic Spikes\n|move|p1a: Conkeldurr|Drain Punch|p2a: Swampert\n|-damage|p2a: Swampert|38\/100\n|-heal|p1a: Conkeldurr|99\/100 brn|[from] drain|[of] p2a: Swampert\n|\n|-damage|p1a: Conkeldurr|94\/100 brn|[from] brn\n|upkeep\n|turn|3\n|\n|t:|1698028950\n|move|p1b: Talonflame|Tailwind|p1b: Talonflame\n|-sidestart|p1: Dante vail|move: Tailwind\n|move|p1a: Conkeldurr|Drain Punch|p2a: Swampert\n|-damage|p2a: Swampert|0 fnt\n|-heal|p1a: Conkeldurr|100\/100 brn|[from] drain|[of] p2a: Swampert\n|faint|p2a: Swampert\n|move|p2b: Forretress|Rapid Spin|p1b: Talonflame\n|-damage|p1b: Talonflame|84\/100\n|-boost|p2b: Forretress|spe|1\n|\n|-damage|p1a: Conkeldurr|94\/100 brn|[from] brn\n|upkeep\n|\n|t:|1698028964\n|switch|p2a: Tyranitar|Tyranitar, M|100\/100\n|-weather|Sandstorm|[from] ability: Sand Stream|[of] p2a: Tyranitar\n|turn|4\n|\n|t:|1698028980\n|switch|p1b: Farigiraf|Farigiraf, M|100\/100\n|-status|p1b: Farigiraf|psn\n|-enditem|p1b: Farigiraf|Lum Berry|[eat]\n|-curestatus|p1b: Farigiraf|psn|[msg]\n|move|p1a: Conkeldurr|Mach Punch|p2a: Tyranitar\n|-supereffective|p2a: Tyranitar\n|-damage|p2a: Tyranitar|0 fnt\n|faint|p2a: Tyranitar\n|move|p2b: Forretress|Rapid Spin|p1a: Conkeldurr\n|-damage|p1a: Conkeldurr|85\/100 brn\n|-boost|p2b: Forretress|spe|1\n|\n|-weather|Sandstorm|[upkeep]\n|-damage|p1b: Farigiraf|94\/100|[from] Sandstorm\n|-damage|p1a: Conkeldurr|79\/100 brn|[from] Sandstorm\n|-damage|p1a: Conkeldurr|73\/100 brn|[from] brn\n|-end|p2b: Forretress|move: Taunt\n|upkeep\n|\n|t:|1698028998\n|switch|p2a: Zapdos|Zapdos|100\/100\n|-ability|p2a: Zapdos|Pressure\n|turn|5\n|\n|t:|1698029021\n|move|p1a: Conkeldurr|Protect|p1a: Conkeldurr\n|-singleturn|p1a: Conkeldurr|Protect\n|move|p2a: Zapdos|Drill Peck|p1a: Conkeldurr\n|-activate|p1a: Conkeldurr|move: Protect\n|move|p2b: Forretress|Toxic Spikes|p1a: Conkeldurr\n|-sidestart|p1: Dante vail|move: Toxic Spikes\n|move|p1b: Farigiraf|Trick Room|p1b: Farigiraf\n|-fieldstart|move: Trick Room|[of] p1b: Farigiraf\n|\n|-weather|Sandstorm|[upkeep]\n|-damage|p1a: Conkeldurr|67\/100 brn|[from] Sandstorm\n|-damage|p1b: Farigiraf|88\/100|[from] Sandstorm\n|-damage|p2a: Zapdos|94\/100|[from] Sandstorm\n|-heal|p2a: Zapdos|100\/100|[from] item: Leftovers\n|-damage|p1a: Conkeldurr|61\/100 brn|[from] brn\n|upkeep\n|turn|6\n|\n|t:|1698029043\n|move|p1a: Conkeldurr|Knock Off|p2a: Zapdos\n|-damage|p2a: Zapdos|34\/100\n|-enditem|p2a: Zapdos|Leftovers|[from] move: Knock Off|[of] p1a: Conkeldurr\n|move|p1b: Farigiraf|Dazzling Gleam|p2b: Forretress|[spread] p2a,p2b\n|-resisted|p2b: Forretress\n|-damage|p2a: Zapdos|9\/100\n|-damage|p2b: Forretress|90\/100\n|move|p2b: Forretress|Spikes|p1b: Farigiraf\n|-sidestart|p1: Dante vail|Spikes\n|move|p2a: Zapdos|Drill Peck|p1a: Conkeldurr\n|-supereffective|p1a: Conkeldurr\n|-damage|p1a: Conkeldurr|10\/100 brn\n|\n|-weather|Sandstorm|[upkeep]\n|-damage|p1a: Conkeldurr|4\/100 brn|[from] Sandstorm\n|-damage|p1b: Farigiraf|82\/100|[from] Sandstorm\n|-damage|p2a: Zapdos|3\/100|[from] Sandstorm\n|-heal|p2b: Forretress|96\/100|[from] item: Leftovers\n|-damage|p1a: Conkeldurr|0 fnt|[from] brn\n|faint|p1a: Conkeldurr\n|-sideend|p1: Dante vail|move: Tailwind\n|upkeep\n|\n|t:|1698029072\n|switch|p1a: Brambleghast|Brambleghast, F|100\/100\n|-status|p1a: Brambleghast|tox\n|-damage|p1a: Brambleghast|88\/100 tox|[from] Spikes\n|turn|7\n|\n|t:|1698029081\n|move|p1b: Farigiraf|Dazzling Gleam|p2a: Zapdos|[spread] p2a,p2b\n|-resisted|p2b: Forretress\n|-damage|p2a: Zapdos|0 fnt\n|-damage|p2b: Forretress|86\/100\n|faint|p2a: Zapdos\n|move|p2b: Forretress|Spikes|p1b: Farigiraf\n|-sidestart|p1: Dante vail|Spikes\n|move|p1a: Brambleghast|Poltergeist|p2b: Forretress\n|-activate|p2b: Forretress|move: Poltergeist|Leftovers\n|-damage|p2b: Forretress|47\/100\n|\n|-weather|Sandstorm|[upkeep]\n|-damage|p1b: Farigiraf|76\/100|[from] Sandstorm\n|-damage|p1a: Brambleghast|82\/100 tox|[from] Sandstorm\n|-heal|p2b: Forretress|54\/100|[from] item: Leftovers\n|-damage|p1a: Brambleghast|76\/100 tox|[from] psn\n|upkeep\n|\n|t:|1698029098\n|switch|p2a: Breloom|Breloom, M|100\/100\n|turn|8\n|\n|t:|1698029105\n|move|p1a: Brambleghast|Protect|p1a: Brambleghast\n|-singleturn|p1a: Brambleghast|Protect\n|move|p1b: Farigiraf|Dazzling Gleam|p2a: Breloom|[spread] p2a,p2b\n|-supereffective|p2a: Breloom\n|-resisted|p2b: Forretress\n|-damage|p2a: Breloom|16\/100\n|-damage|p2b: Forretress|45\/100\n|move|p2b: Forretress|Spikes|p1a: Brambleghast\n|-sidestart|p1: Dante vail|Spikes\n|move|p2a: Breloom|Spore|p1b: Farigiraf\n|-status|p1b: Farigiraf|slp|[from] move: Spore\n|\n|-weather|none\n|-heal|p2b: Forretress|51\/100|[from] item: Leftovers\n|-heal|p2a: Breloom|22\/100|[from] item: Leftovers\n|-damage|p1a: Brambleghast|64\/100 tox|[from] psn\n|upkeep\n|turn|9\n|\n|t:|1698029135\n|move|p1a: Brambleghast|Shadow Sneak|p2a: Breloom\n|-damage|p2a: Breloom|0 fnt\n|faint|p2a: Breloom\n|cant|p1b: Farigiraf|slp\n|move|p2b: Forretress|Explosion|p1a: Brambleghast|[spread] p1b\n|-immune|p1a: Brambleghast\n|-damage|p1b: Farigiraf|33\/100 slp\n|faint|p2b: Forretress\n|\n|-damage|p1a: Brambleghast|46\/100 tox|[from] psn\n|-fieldend|move: Trick Room\n|upkeep\n|-message|repolnareff forfeited.\n|\n|win|Dante vail\n|raw|Dante vail's rating: 1123 &rarr; <strong>1142<\/strong><br \/>(+19 for winning)\n|raw|repolnareff's rating: 1042 &rarr; <strong>1029<\/strong><br \/>(-13 for losing)\n|l|\u2606repolnareff\n","uploadtime":1698029161,"views":9,"p1id":"dantevail","p2id":"repolnareff","formatid":"gen9nationaldexdoubles","rating":1029,"private":0,"password":""}