{"id":"gen9nationaldexdoubles-1964256156","p1":"Aquiley","p2":"EvanSAGAming","format":"[Gen 9] National Dex Doubles","log":"|j|\u2606Aquiley\n|j|\u2606EvanSAGAming\n|t:|1696954503\n|gametype|doubles\n|player|p1|Aquiley|hilbert|1229\n|player|p2|EvanSAGAming|candice|1126\n|teamsize|p1|6\n|teamsize|p2|6\n|gen|9\n|tier|[Gen 9] National Dex Doubles\n|rated|\n|rule|HP Percentage Mod: HP is shown in percentages\n|rule|Endless Battle Clause: Forcing endless battles is banned\n|rule|OHKO Clause: OHKO moves are banned\n|rule|Evasion Moves Clause: Evasion moves are banned\n|rule|Evasion Abilities Clause: Evasion abilities are banned\n|rule|Species Clause: Limit one of each Pok\u00e9mon\n|rule|Gravity Sleep Clause: The combination of sleep-inducing moves with imperfect accuracy and Gravity or Gigantamax Orbeetle are banned\n|clearpoke\n|poke|p1|Kingambit, F|\n|poke|p1|Amoonguss, F|\n|poke|p1|Tyranitar, M|\n|poke|p1|Gliscor, F|\n|poke|p1|Murkrow, F|\n|poke|p1|Corviknight, F|\n|poke|p2|Lucario, M|\n|poke|p2|Reuniclus, M|\n|poke|p2|Kingambit, F|\n|poke|p2|Empoleon, F|\n|poke|p2|Krookodile, F|\n|poke|p2|Sharpedo, F|\n|teampreview\n|c|\u2606EvanSAGAming|glhf\n|\n|t:|1696954534\n|start\n|switch|p1a: Tyranitar|Tyranitar, M|100\/100\n|switch|p1b: Murkrow|Murkrow, F|100\/100\n|switch|p2a: Kingambit|Kingambit, F|100\/100\n|switch|p2b: Lucario|Lucario, M|100\/100\n|-weather|Sandstorm|[from] ability: Sand Stream|[of] p1a: Tyranitar\n|turn|1\n|c|\u2606Aquiley|?\n|c|\u2606EvanSAGAming|good luck, have fun?\n|\n|t:|1696954552\n|move|p1a: Tyranitar|Protect|p1a: Tyranitar\n|-singleturn|p1a: Tyranitar|Protect\n|move|p2b: Lucario|Extreme Speed|p1b: Murkrow\n|-damage|p1b: Murkrow|62\/100\n|move|p1b: Murkrow|Tailwind|p1b: Murkrow\n|-sidestart|p1: Aquiley|move: Tailwind\n|move|p2a: Kingambit|Beat Up|p2b: Lucario\n|-resisted|p2b: Lucario\n|-damage|p2b: Lucario|92\/100\n|-ability|p2b: Lucario|Justified|boost\n|-boost|p2b: Lucario|atk|1\n|-resisted|p2b: Lucario\n|-damage|p2b: Lucario|84\/100\n|-ability|p2b: Lucario|Justified|boost\n|-boost|p2b: Lucario|atk|1\n|-resisted|p2b: Lucario\n|-damage|p2b: Lucario|79\/100\n|-ability|p2b: Lucario|Justified|boost\n|-boost|p2b: Lucario|atk|1\n|-resisted|p2b: Lucario\n|-crit|p2b: Lucario\n|-damage|p2b: Lucario|68\/100\n|-ability|p2b: Lucario|Justified|boost\n|-boost|p2b: Lucario|atk|1\n|-resisted|p2b: Lucario\n|-crit|p2b: Lucario\n|-damage|p2b: Lucario|57\/100\n|-ability|p2b: Lucario|Justified|boost\n|-boost|p2b: Lucario|atk|1\n|-resisted|p2b: Lucario\n|-damage|p2b: Lucario|48\/100\n|-ability|p2b: Lucario|Justified|boost\n|-boost|p2b: Lucario|atk|1\n|-hitcount|p2b: Lucario|6\n|\n|-weather|Sandstorm|[upkeep]\n|-damage|p1b: Murkrow|56\/100|[from] Sandstorm\n|upkeep\n|turn|2\n|c|\u2606Aquiley|a okok\n|\n|t:|1696954597\n|move|p2b: Lucario|Extreme Speed|p1b: Murkrow\n|-damage|p1b: Murkrow|0 fnt\n|faint|p1b: Murkrow\n|move|p1a: Tyranitar|Body Press|p2a: Kingambit\n|-supereffective|p2a: Kingambit\n|-damage|p2a: Kingambit|42\/100\n|move|p2a: Kingambit|Iron Head|p1a: Tyranitar\n|-supereffective|p1a: Tyranitar\n|-damage|p1a: Tyranitar|29\/100\n|\n|-weather|Sandstorm|[upkeep]\n|upkeep\n|\n|t:|1696954607\n|switch|p1b: Kingambit|Kingambit, F|100\/100\n|turn|3\n|\n|t:|1696954619\n|-terastallize|p1b: Kingambit|Flying\n|move|p1a: Tyranitar|Earthquake|p2b: Lucario|[spread] p2a,p2b\n|-immune|p1b: Kingambit\n|-supereffective|p2a: Kingambit\n|-supereffective|p2b: Lucario\n|-damage|p2a: Kingambit|10\/100\n|-damage|p2b: Lucario|0 fnt\n|faint|p2b: Lucario\n|move|p1b: Kingambit|Power-Up Punch|p2a: Kingambit\n|-supereffective|p2a: Kingambit\n|-crit|p2a: Kingambit\n|-damage|p2a: Kingambit|0 fnt\n|-boost|p1b: Kingambit|atk|1\n|faint|p2a: Kingambit\n|-end|p2a: Kingambit|fallenundefined|[silent]\n|\n|-weather|Sandstorm|[upkeep]\n|-damage|p1b: Kingambit|94\/100|[from] Sandstorm\n|-heal|p1b: Kingambit|100\/100|[from] item: Leftovers\n|upkeep\n|\n|t:|1696954633\n|switch|p2b: Reuniclus|Reuniclus, M|100\/100\n|switch|p2a: Krookodile|Krookodile, F|100\/100\n|turn|4\n|\n|t:|1696954655\n|detailschange|p1a: Tyranitar|Tyranitar-Mega, M\n|-mega|p1a: Tyranitar|Tyranitar|Tyranitarite\n|move|p1a: Tyranitar|Protect|p1a: Tyranitar\n|-singleturn|p1a: Tyranitar|Protect\n|move|p1b: Kingambit|Sucker Punch||[still]\n|-fail|p1b: Kingambit\n|move|p2a: Krookodile|High Horsepower|p1a: Tyranitar\n|-activate|p1a: Tyranitar|move: Protect\n|move|p2b: Reuniclus|Calm Mind|p2b: Reuniclus\n|-boost|p2b: Reuniclus|spa|1\n|-boost|p2b: Reuniclus|spd|1\n|\n|-weather|Sandstorm|[upkeep]\n|-damage|p1b: Kingambit|94\/100|[from] Sandstorm\n|-heal|p1b: Kingambit|100\/100|[from] item: Leftovers\n|-sideend|p1: Aquiley|move: Tailwind\n|upkeep\n|turn|5\n|inactive|Battle timer is ON: inactive players will automatically lose when time's up. (requested by Aquiley)\n|\n|t:|1696954670\n|move|p2a: Krookodile|High Horsepower|p1a: Tyranitar\n|-supereffective|p1a: Tyranitar\n|-damage|p1a: Tyranitar|0 fnt\n|faint|p1a: Tyranitar\n|-ability|p2a: Krookodile|Moxie|boost\n|-boost|p2a: Krookodile|atk|1\n|move|p1b: Kingambit|Poison Jab|p2b: Reuniclus\n|-damage|p2b: Reuniclus|56\/100\n|move|p2b: Reuniclus|Calm Mind|p2b: Reuniclus\n|-boost|p2b: Reuniclus|spa|1\n|-boost|p2b: Reuniclus|spd|1\n|\n|-weather|none\n|upkeep\n|\n|t:|1696954680\n|switch|p1a: Gliscor|Gliscor, F|100\/100\n|turn|6\n|\n|t:|1696954694\n|switch|p2a: Empoleon|Empoleon, F|100\/100\n|switch|p1b: Corviknight|Corviknight, F|100\/100\n|-ability|p1b: Corviknight|Unnerve\n|move|p1a: Gliscor|Earthquake|p2a: Empoleon|[spread] p2a,p2b\n|-immune|p1b: Corviknight\n|-supereffective|p2a: Empoleon\n|-crit|p2a: Empoleon\n|-damage|p2a: Empoleon|26\/100\n|-damage|p2b: Reuniclus|30\/100\n|move|p2b: Reuniclus|Stored Power|p1b: Corviknight\n|-resisted|p1b: Corviknight\n|-damage|p1b: Corviknight|33\/100\n|\n|-heal|p1b: Corviknight|39\/100|[from] item: Leftovers\n|-status|p1a: Gliscor|tox|[from] item: Toxic Orb\n|upkeep\n|turn|7\n|inactive|Aquiley has 120 seconds left.\n|\n|t:|1696954734\n|move|p1a: Gliscor|Earthquake|p2b: Reuniclus|[spread] p2a,p2b\n|-immune|p1b: Corviknight\n|-supereffective|p2a: Empoleon\n|-damage|p2a: Empoleon|0 fnt\n|-damage|p2b: Reuniclus|5\/100\n|faint|p2a: Empoleon\n|move|p1b: Corviknight|Iron Defense|p1b: Corviknight\n|-boost|p1b: Corviknight|def|2\n|move|p2b: Reuniclus|Stored Power|p1b: Corviknight\n|-resisted|p1b: Corviknight\n|-damage|p1b: Corviknight|0 fnt\n|faint|p1b: Corviknight\n|\n|upkeep\n|\n|t:|1696954745\n|switch|p1b: Kingambit|Kingambit, F, tera:Flying|100\/100\n|switch|p2a: Krookodile|Krookodile, F|100\/100\n|turn|8\n|inactive|EvanSAGAming has 120 seconds left.\n|\n|t:|1696954775\n|move|p1b: Kingambit|Sucker Punch|p2b: Reuniclus\n|-supereffective|p2b: Reuniclus\n|-damage|p2b: Reuniclus|0 fnt\n|faint|p2b: Reuniclus\n|move|p2a: Krookodile|Crunch|p1a: Gliscor\n|-damage|p1a: Gliscor|76\/100 tox\n|move|p1a: Gliscor|Earthquake|p2a: Krookodile|[spread] p2a\n|-immune|p1b: Kingambit\n|-damage|p2a: Krookodile|71\/100\n|\n|-heal|p1a: Gliscor|88\/100 tox|[from] ability: Poison Heal\n|upkeep\n|inactive|EvanSAGAming has 120 seconds left.\n|\n|t:|1696954781\n|switch|p2b: Sharpedo|Sharpedo, F|100\/100\n|turn|9\n|\n|t:|1696954800\n|detailschange|p2b: Sharpedo|Sharpedo-Mega, F\n|-mega|p2b: Sharpedo|Sharpedo|Sharpedonite\n|move|p2a: Krookodile|Crunch|p1b: Kingambit\n|-damage|p1b: Kingambit|72\/100\n|move|p2b: Sharpedo|Ice Fang|p1a: Gliscor\n|-supereffective|p1a: Gliscor\n|-damage|p1a: Gliscor|0 fnt\n|faint|p1a: Gliscor\n|move|p1b: Kingambit|Power-Up Punch|p2a: Krookodile\n|-supereffective|p2a: Krookodile\n|-damage|p2a: Krookodile|29\/100\n|-boost|p1b: Kingambit|atk|1\n|\n|-heal|p1b: Kingambit|78\/100|[from] item: Leftovers\n|upkeep\n|\n|t:|1696954811\n|switch|p1a: Amoonguss|Amoonguss, F|100\/100\n|turn|10\n|\n|t:|1696954819\n|move|p2a: Krookodile|Crunch|p1a: Amoonguss\n|-damage|p1a: Amoonguss|52\/100\n|move|p2b: Sharpedo|Ice Fang|p1a: Amoonguss\n|-supereffective|p1a: Amoonguss\n|-damage|p1a: Amoonguss|0 fnt\n|-status|p2b: Sharpedo|psn|[from] ability: Effect Spore|[of] p1a: Amoonguss\n|faint|p1a: Amoonguss\n|move|p1b: Kingambit|Power-Up Punch|p2a: Krookodile\n|-supereffective|p2a: Krookodile\n|-damage|p2a: Krookodile|0 fnt\n|-boost|p1b: Kingambit|atk|1\n|faint|p2a: Krookodile\n|\n|-heal|p1b: Kingambit|84\/100|[from] item: Leftovers\n|-damage|p2b: Sharpedo|88\/100 psn|[from] psn\n|upkeep\n|turn|11\n|\n|t:|1696954834\n|move|p1b: Kingambit|Sucker Punch|p2b: Sharpedo\n|-resisted|p2b: Sharpedo\n|-damage|p2b: Sharpedo|17\/100 psn\n|move|p2b: Sharpedo|Ice Fang|p1b: Kingambit\n|-supereffective|p1b: Kingambit\n|-damage|p1b: Kingambit|28\/100\n|\n|-heal|p1b: Kingambit|34\/100|[from] item: Leftovers\n|-damage|p2b: Sharpedo|4\/100 psn|[from] psn\n|upkeep\n|turn|12\n|c|\u2606EvanSAGAming|gg\n|\n|t:|1696954848\n|move|p1b: Kingambit|Sucker Punch|p2b: Sharpedo\n|-resisted|p2b: Sharpedo\n|-crit|p2b: Sharpedo\n|-damage|p2b: Sharpedo|0 fnt\n|faint|p2b: Sharpedo\n|\n|win|Aquiley\n|raw|Aquiley's rating: 1229 &rarr; <strong>1247<\/strong><br \/>(+18 for winning)\n|raw|EvanSAGAming's rating: 1126 &rarr; <strong>1108<\/strong><br \/>(-18 for losing)\n","uploadtime":1696954860,"views":6,"p1id":"aquiley","p2id":"evansagaming","formatid":"gen9nationaldexdoubles","rating":1108,"private":0,"password":""}