{"id":"gen9nationaldexdoubles-1954138655","p1":"Specific360","p2":"BugCatcherJameson","format":"[Gen 9] National Dex Doubles","log":"|j|\u2606Specific360\n|j|\u2606BugCatcherJameson\n|t:|1695857728\n|gametype|doubles\n|player|p1|Specific360|veteran|\n|player|p2|BugCatcherJameson|bugsy|\n|teamsize|p1|6\n|teamsize|p2|6\n|gen|9\n|tier|[Gen 9] National Dex Doubles\n|rule|HP Percentage Mod: HP is shown in percentages\n|rule|Endless Battle Clause: Forcing endless battles is banned\n|rule|OHKO Clause: OHKO moves are banned\n|rule|Evasion Moves Clause: Evasion moves are banned\n|rule|Evasion Abilities Clause: Evasion abilities are banned\n|rule|Species Clause: Limit one of each Pok\u00e9mon\n|rule|Gravity Sleep Clause: The combination of sleep-inducing moves with imperfect accuracy and Gravity or Gigantamax Orbeetle are banned\n|clearpoke\n|poke|p1|Nihilego|\n|poke|p1|Corviknight, M|\n|poke|p1|Vikavolt, M|\n|poke|p1|Gliscor, M|\n|poke|p1|Chandelure, F|\n|poke|p1|Hatterene, F|\n|poke|p2|Volcarona, M|\n|poke|p2|Oricorio-Pom-Pom, M|\n|poke|p2|Bellossom, F|\n|poke|p2|Quaquaval, M|\n|poke|p2|Maushold-Four|\n|poke|p2|Kommo-o, M|\n|teampreview\n|j| JKogut\n|j| ChronoTrigonometry\n|\n|t:|1695857795\n|start\n|switch|p1a: Vlad|Chandelure, F, shiny|100\/100\n|switch|p1b: Yaga|Hatterene, F, shiny|100\/100\n|switch|p2a: Carnival|Quaquaval, M|100\/100\n|switch|p2b: Takes 2 to Tango|Maushold-Four|100\/100\n|turn|1\n|j| AustralianJesus\n|\n|t:|1695857834\n|-terastallize|p2b: Takes 2 to Tango|Normal\n|-terastallize|p1a: Vlad|Grass\n|move|p2b: Takes 2 to Tango|Population Bomb|p1b: Yaga\n|-damage|p1b: Yaga|89\/100\n|-damage|p1b: Yaga|78\/100\n|-damage|p1b: Yaga|67\/100\n|-hitcount|p1b: Yaga|3\n|move|p2a: Carnival|Aqua Step|p1b: Yaga\n|-crit|p1b: Yaga\n|-damage|p1b: Yaga|0 fnt\n|-boost|p2a: Carnival|spe|1\n|faint|p1b: Yaga\n|-ability|p2a: Carnival|Moxie|boost\n|-boost|p2a: Carnival|atk|1\n|move|p1a: Vlad|Trick Room|p1a: Vlad\n|-fieldstart|move: Trick Room|[of] p1a: Vlad\n|\n|upkeep\n|\n|t:|1695857863\n|switch|p1b: Lucas|Vikavolt, M|100\/100\n|turn|2\n|\n|t:|1695857898\n|move|p1a: Vlad|Protect|p1a: Vlad\n|-singleturn|p1a: Vlad|Protect\n|move|p1b: Lucas|Thunderbolt|p2a: Carnival\n|-supereffective|p2a: Carnival\n|-damage|p2a: Carnival|16\/100\n|move|p2b: Takes 2 to Tango|Population Bomb|p1b: Lucas\n|-damage|p1b: Lucas|93\/100\n|-damage|p1b: Lucas|84\/100\n|-damage|p1b: Lucas|77\/100\n|-damage|p1b: Lucas|70\/100\n|-damage|p1b: Lucas|63\/100\n|-damage|p1b: Lucas|56\/100\n|-damage|p1b: Lucas|49\/100\n|-damage|p1b: Lucas|41\/100\n|-damage|p1b: Lucas|33\/100\n|-damage|p1b: Lucas|26\/100\n|-hitcount|p1b: Lucas|10\n|move|p2a: Carnival|Ice Spinner|p1a: Vlad\n|-activate|p1a: Vlad|move: Protect\n|\n|upkeep\n|turn|3\n|\n|t:|1695857938\n|move|p1b: Lucas|Volt Switch|p2a: Carnival\n|-supereffective|p2a: Carnival\n|-damage|p2a: Carnival|0 fnt\n|faint|p2a: Carnival\n|\n|t:|1695857944\n|switch|p1b: Rook II|Corviknight, M, shiny|100\/100|[from] Volt Switch\n|move|p1a: Vlad|Flamethrower|p2b: Takes 2 to Tango\n|-crit|p2b: Takes 2 to Tango\n|-damage|p2b: Takes 2 to Tango|0 fnt\n|faint|p2b: Takes 2 to Tango\n|\n|upkeep\n|\n|t:|1695857970\n|switch|p2a: L\u016b\u02bbau|Kommo-o, M, shiny|100\/100\n|switch|p2b: \u30c1\u30a2\u30ea\u30fc\u30c0\u30fc|Oricorio-Pom-Pom, M|100\/100\n|turn|4\n|\n|t:|1695858057\n|move|p2b: \u30c1\u30a2\u30ea\u30fc\u30c0\u30fc|Protect|p2b: \u30c1\u30a2\u30ea\u30fc\u30c0\u30fc\n|-singleturn|p2b: \u30c1\u30a2\u30ea\u30fc\u30c0\u30fc|Protect\n|move|p1a: Vlad|Shadow Ball|p2a: L\u016b\u02bbau\n|-damage|p2a: L\u016b\u02bbau|58\/100\n|move|p1b: Rook II|Light Screen|p1b: Rook II\n|-sidestart|p1: Specific360|move: Light Screen\n|move|p2a: L\u016b\u02bbau|Clangorous Soul|p2a: L\u016b\u02bbau\n|-boost|p2a: L\u016b\u02bbau|atk|1\n|-boost|p2a: L\u016b\u02bbau|def|1\n|-boost|p2a: L\u016b\u02bbau|spa|1\n|-boost|p2a: L\u016b\u02bbau|spd|1\n|-boost|p2a: L\u016b\u02bbau|spe|1\n|-damage|p2a: L\u016b\u02bbau|25\/100\n|-activate|p2b: \u30c1\u30a2\u30ea\u30fc\u30c0\u30fc|ability: Dancer\n|move|p2b: \u30c1\u30a2\u30ea\u30fc\u30c0\u30fc|Clangorous Soul|p2b: \u30c1\u30a2\u30ea\u30fc\u30c0\u30fc|[from]ability: Dancer\n|-boost|p2b: \u30c1\u30a2\u30ea\u30fc\u30c0\u30fc|atk|1\n|-boost|p2b: \u30c1\u30a2\u30ea\u30fc\u30c0\u30fc|def|1\n|-boost|p2b: \u30c1\u30a2\u30ea\u30fc\u30c0\u30fc|spa|1\n|-boost|p2b: \u30c1\u30a2\u30ea\u30fc\u30c0\u30fc|spd|1\n|-boost|p2b: \u30c1\u30a2\u30ea\u30fc\u30c0\u30fc|spe|1\n|-damage|p2b: \u30c1\u30a2\u30ea\u30fc\u30c0\u30fc|68\/100\n|\n|-heal|p2a: L\u016b\u02bbau|31\/100|[from] item: Leftovers\n|upkeep\n|turn|5\n|\n|t:|1695858110\n|move|p1a: Vlad|Flamethrower|p2b: \u30c1\u30a2\u30ea\u30fc\u30c0\u30fc\n|-damage|p2b: \u30c1\u30a2\u30ea\u30fc\u30c0\u30fc|8\/100\n|move|p1b: Rook II|Body Press|p2b: \u30c1\u30a2\u30ea\u30fc\u30c0\u30fc\n|-resisted|p2b: \u30c1\u30a2\u30ea\u30fc\u30c0\u30fc\n|-damage|p2b: \u30c1\u30a2\u30ea\u30fc\u30c0\u30fc|0 fnt\n|faint|p2b: \u30c1\u30a2\u30ea\u30fc\u30c0\u30fc\n|move|p2a: L\u016b\u02bbau|Rock Slide|p1a: Vlad|[spread] p1a\n|-miss|p2a: L\u016b\u02bbau|p1b: Rook II\n|-damage|p1a: Vlad|69\/100\n|\n|-heal|p2a: L\u016b\u02bbau|38\/100|[from] item: Leftovers\n|-fieldend|move: Trick Room\n|upkeep\n|\n|t:|1695858133\n|switch|p2b: My Bologna|Volcarona, M|100\/100\n|turn|6\n|\n|t:|1695858148\n|move|p2a: L\u016b\u02bbau|Drain Punch|p1a: Vlad\n|-damage|p1a: Vlad|8\/100\n|-heal|p2a: L\u016b\u02bbau|65\/100|[from] drain|[of] p1a: Vlad\n|move|p2b: My Bologna|Fiery Dance|p1b: Rook II\n|-supereffective|p1b: Rook II\n|-damage|p1b: Rook II|43\/100\n|move|p1b: Rook II|Iron Defense|p1b: Rook II\n|-boost|p1b: Rook II|def|2\n|move|p1a: Vlad|Trick Room|p1a: Vlad\n|-fieldstart|move: Trick Room|[of] p1a: Vlad\n|\n|-heal|p2a: L\u016b\u02bbau|71\/100|[from] item: Leftovers\n|upkeep\n|turn|7\n|\n|t:|1695858241\n|move|p1a: Vlad|Protect|p1a: Vlad\n|-singleturn|p1a: Vlad|Protect\n|move|p1b: Rook II|Body Press|p2b: My Bologna\n|-resisted|p2b: My Bologna\n|-damage|p2b: My Bologna|62\/100\n|move|p2b: My Bologna|Fiery Dance|p1b: Rook II\n|-supereffective|p1b: Rook II\n|-damage|p1b: Rook II|0 fnt\n|-boost|p2b: My Bologna|spa|1\n|faint|p1b: Rook II\n|move|p2a: L\u016b\u02bbau|Drain Punch|p1a: Vlad\n|-activate|p1a: Vlad|move: Protect\n|\n|-heal|p2b: My Bologna|68\/100|[from] item: Leftovers\n|-heal|p2a: L\u016b\u02bbau|77\/100|[from] item: Leftovers\n|upkeep\n|\n|t:|1695858275\n|switch|p1b: Not-Lillie|Nihilego|100\/100\n|-item|p1b: Not-Lillie|Air Balloon\n|turn|8\n|\n|t:|1695858311\n|move|p1a: Vlad|Shadow Ball|p2a: L\u016b\u02bbau\n|-damage|p2a: L\u016b\u02bbau|50\/100\n|-unboost|p2a: L\u016b\u02bbau|spd|1\n|move|p1b: Not-Lillie|Power Gem|p2b: My Bologna\n|-supereffective|p2b: My Bologna\n|-damage|p2b: My Bologna|0 fnt\n|faint|p2b: My Bologna\n|-ability|p1b: Not-Lillie|Beast Boost|boost\n|-boost|p1b: Not-Lillie|spa|1\n|move|p2a: L\u016b\u02bbau|Rock Slide|p1a: Vlad|[spread] p1a,p1b\n|-damage|p1a: Vlad|0 fnt\n|-damage|p1b: Not-Lillie|65\/100\n|-enditem|p1b: Not-Lillie|Air Balloon\n|faint|p1a: Vlad\n|\n|-heal|p2a: L\u016b\u02bbau|57\/100|[from] item: Leftovers\n|-sideend|p1: Specific360|move: Light Screen\n|upkeep\n|\n|t:|1695858330\n|switch|p1a: Drack|Gliscor, M|100\/100\n|switch|p2b: Hula|Bellossom, F, shiny|100\/100\n|turn|9\n|j| Green133\n|\n|t:|1695858374\n|move|p2b: Hula|Quiver Dance|p2b: Hula\n|-boost|p2b: Hula|spa|1\n|-boost|p2b: Hula|spd|1\n|-boost|p2b: Hula|spe|1\n|move|p1b: Not-Lillie|Sludge Bomb|p2a: L\u016b\u02bbau\n|-damage|p2a: L\u016b\u02bbau|0 fnt\n|faint|p2a: L\u016b\u02bbau\n|-ability|p1b: Not-Lillie|Beast Boost|boost\n|-boost|p1b: Not-Lillie|spa|1\n|move|p1a: Drack|Ice Fang|p2b: Hula\n|-supereffective|p2b: Hula\n|-crit|p2b: Hula\n|-damage|p2b: Hula|47\/100\n|\n|-status|p1a: Drack|tox|[from] item: Toxic Orb\n|upkeep\n|turn|10\n|\n|t:|1695858391\n|move|p1b: Not-Lillie|Sludge Bomb|p2b: Hula\n|-supereffective|p2b: Hula\n|-damage|p2b: Hula|0 fnt\n|faint|p2b: Hula\n|\n|win|Specific360\n|c|\u2606BugCatcherJameson|gg\n|c|\u2606Specific360|Gg!\n","uploadtime":1695858397,"views":13,"p1id":"specific360","p2id":"bugcatcherjameson","formatid":"gen9nationaldexdoubles","rating":0,"private":0,"password":""}