{"id":"gen9nationaldexdoubles-1988641260","p1":"Tubaguia_Ofc","p2":"RandomSkillSwapp","format":"[Gen 9] National Dex Doubles","log":"|j|\u2606Tubaguia_Ofc\n|j|\u2606RandomSkillSwapp\n|t:|1699745200\n|gametype|doubles\n|player|p1|Tubaguia_Ofc|iris-gen5bw2|1293\n|player|p2|RandomSkillSwapp|lucian|1256\n|teamsize|p1|6\n|teamsize|p2|6\n|gen|9\n|tier|[Gen 9] National Dex Doubles\n|rated|\n|rule|HP Percentage Mod: HP is shown in percentages\n|rule|Endless Battle Clause: Forcing endless battles is banned\n|rule|OHKO Clause: OHKO moves are banned\n|rule|Evasion Moves Clause: Evasion moves are banned\n|rule|Evasion Abilities Clause: Evasion abilities are banned\n|rule|Species Clause: Limit one of each Pok\u00e9mon\n|rule|Gravity Sleep Clause: The combination of sleep-inducing moves with imperfect accuracy and Gravity or Gigantamax Orbeetle are banned\n|clearpoke\n|poke|p1|Chien-Pao|\n|poke|p1|Ninetales-Alola, F|\n|poke|p1|Iron Bundle|\n|poke|p1|Baxcalibur, M|\n|poke|p1|Darmanitan-Galar, F|\n|poke|p1|Rotom-Frost|\n|poke|p2|Banette, M|\n|poke|p2|Charizard, M|\n|poke|p2|Lilligant-Hisui, F|\n|poke|p2|Great Tusk|\n|poke|p2|Cherrim, F|\n|poke|p2|Kingambit, M|\n|teampreview\n|inactive|Battle timer is ON: inactive players will automatically lose when time's up. (requested by RandomSkillSwapp)\n|\n|t:|1699745226\n|start\n|switch|p1a: Icy|Ninetales-Alola, F, shiny|100\/100\n|switch|p1b: Avalanche ferret|Chien-Pao|100\/100\n|switch|p2a: Overrated|Charizard, M|100\/100\n|switch|p2b: Slay|Cherrim, F|100\/100\n|-ability|p1b: Avalanche ferret|Sword of Ruin\n|-weather|Snow|[from] ability: Snow Warning|[of] p1a: Icy\n|turn|1\n|\n|t:|1699745258\n|switch|p1a: UU to Uber|Baxcalibur, M, shiny|100\/100\n|detailschange|p2a: Overrated|Charizard-Mega-Y, M\n|-mega|p2a: Overrated|Charizard|Charizardite Y\n|-weather|SunnyDay|[from] ability: Drought|[of] p2a: Overrated\n|-formechange|p2b: Slay|Cherrim-Sunshine|[msg]|[from] ability: Flower Gift\n|move|p2b: Slay|Helping Hand|p2a: Overrated\n|-singleturn|p2a: Overrated|Helping Hand|[of] p2b: Slay\n|move|p1b: Avalanche ferret|Icicle Crash|p2a: Overrated\n|-damage|p2a: Overrated|17\/100\n|move|p2a: Overrated|Heat Wave|p1a: UU to Uber|[spread] p1a,p1b\n|-supereffective|p1b: Avalanche ferret\n|-damage|p1a: UU to Uber|14\/100\n|-enditem|p1b: Avalanche ferret|Focus Sash\n|-damage|p1b: Avalanche ferret|1\/100\n|-ability|p1a: UU to Uber|Thermal Exchange|boost\n|-boost|p1a: UU to Uber|atk|1\n|\n|-weather|SunnyDay|[upkeep]\n|upkeep\n|turn|2\n|\n|t:|1699745282\n|move|p1b: Avalanche ferret|Sucker Punch|p2a: Overrated\n|-damage|p2a: Overrated|0 fnt\n|faint|p2a: Overrated\n|move|p2b: Slay|Play Rough|p1a: UU to Uber\n|-supereffective|p1a: UU to Uber\n|-damage|p1a: UU to Uber|0 fnt\n|faint|p1a: UU to Uber\n|\n|-weather|SunnyDay|[upkeep]\n|upkeep\n|\n|t:|1699745296\n|switch|p2a: Worst Tusk|Great Tusk|100\/100\n|switch|p1a: Icy|Ninetales-Alola, F, shiny|100\/100\n|-weather|Snow|[from] ability: Snow Warning|[of] p1a: Icy\n|-formechange|p2b: Slay|Cherrim|[msg]|[from] ability: Flower Gift\n|turn|3\n|\n|t:|1699745312\n|-end|p2a: Worst Tusk|Protosynthesis|[silent]\n|switch|p2a: Rag|Banette, M|100\/100\n|move|p1b: Avalanche ferret|Icicle Crash|p2a: Rag\n|-damage|p2a: Rag|12\/100\n|move|p1a: Icy|Aurora Veil|p1a: Icy\n|-sidestart|p1: Tubaguia_Ofc|move: Aurora Veil\n|move|p2b: Slay|Play Rough|p1b: Avalanche ferret\n|-supereffective|p1b: Avalanche ferret\n|-damage|p1b: Avalanche ferret|0 fnt\n|faint|p1b: Avalanche ferret\n|\n|-weather|Snow|[upkeep]\n|upkeep\n|\n|t:|1699745329\n|switch|p1b: Freezer|Rotom-Frost, shiny|100\/100\n|turn|4\n|\n|t:|1699745343\n|move|p1a: Icy|Dazzling Gleam|p2b: Slay|[spread] p2a,p2b\n|-damage|p2a: Rag|0 fnt\n|-damage|p2b: Slay|66\/100\n|faint|p2a: Rag\n|move|p2b: Slay|Heal Pulse|p2: Rag|[notarget]\n|-fail|p2b: Slay\n|move|p1b: Freezer|Blizzard|p2b: Slay\n|-supereffective|p2b: Slay\n|-damage|p2b: Slay|0 fnt\n|faint|p2b: Slay\n|\n|-weather|Snow|[upkeep]\n|upkeep\n|\n|t:|1699745350\n|switch|p2b: Modern Casualty|Kingambit, M|100\/100\n|switch|p2a: The Rift|Lilligant-Hisui, F|100\/100\n|-activate|p2b: Modern Casualty|ability: Supreme Overlord\n|-start|p2b: Modern Casualty|fallen3|[silent]\n|turn|5\n|\n|t:|1699745365\n|move|p1a: Icy|Chilling Water|p2b: Modern Casualty\n|-damage|p2b: Modern Casualty|91\/100\n|-unboost|p2b: Modern Casualty|atk|1\n|move|p2a: The Rift|Close Combat|p1b: Freezer\n|-supereffective|p1b: Freezer\n|-damage|p1b: Freezer|18\/100\n|-unboost|p2a: The Rift|def|1\n|-unboost|p2a: The Rift|spd|1\n|-enditem|p1b: Freezer|Iapapa Berry|[eat]\n|-heal|p1b: Freezer|51\/100|[from] item: Iapapa Berry\n|-damage|p2a: The Rift|91\/100|[from] item: Life Orb\n|move|p1b: Freezer|Blizzard|p2b: Modern Casualty|[spread] p2a,p2b\n|-supereffective|p2a: The Rift\n|-resisted|p2b: Modern Casualty\n|-damage|p2a: The Rift|0 fnt\n|-damage|p2b: Modern Casualty|79\/100\n|faint|p2a: The Rift\n|move|p2b: Modern Casualty|Iron Head|p1b: Freezer\n|-damage|p1b: Freezer|27\/100\n|\n|-weather|Snow|[upkeep]\n|upkeep\n|inactive|RandomSkillSwapp has 120 seconds left.\n|\n|t:|1699745415\n|switch|p2a: Worst Tusk|Great Tusk|100\/100\n|turn|6\n|inactive|RandomSkillSwapp has 120 seconds left.\n|\n|t:|1699745442\n|move|p2b: Modern Casualty|Sucker Punch||[still]\n|-fail|p2b: Modern Casualty\n|move|p1a: Icy|Dazzling Gleam|p2a: Worst Tusk|[spread] p2a,p2b\n|-supereffective|p2a: Worst Tusk\n|-damage|p2a: Worst Tusk|22\/100\n|-damage|p2b: Modern Casualty|62\/100\n|move|p2a: Worst Tusk|Close Combat|p1a: Icy\n|-damage|p1a: Icy|59\/100\n|-unboost|p2a: Worst Tusk|def|1\n|-unboost|p2a: Worst Tusk|spd|1\n|move|p1b: Freezer|Will-O-Wisp|p2b: Modern Casualty\n|-status|p2b: Modern Casualty|brn\n|\n|-weather|Snow|[upkeep]\n|-damage|p2b: Modern Casualty|56\/100 brn|[from] brn\n|upkeep\n|turn|7\n|\n|t:|1699745464\n|switch|p1a: Puddles cuddles|Iron Bundle, shiny|100\/100\n|move|p2a: Worst Tusk|Close Combat|p1b: Freezer\n|-supereffective|p1b: Freezer\n|-damage|p1b: Freezer|0 fnt\n|-unboost|p2a: Worst Tusk|def|1\n|-unboost|p2a: Worst Tusk|spd|1\n|faint|p1b: Freezer\n|move|p2b: Modern Casualty|Iron Head|p1a: Puddles cuddles\n|-damage|p1a: Puddles cuddles|90\/100\n|\n|-weather|none\n|-damage|p2b: Modern Casualty|50\/100 brn|[from] brn\n|-sideend|p1: Tubaguia_Ofc|move: Aurora Veil\n|upkeep\n|\n|t:|1699745470\n|switch|p1b: Icy|Ninetales-Alola, F, shiny|59\/100\n|-weather|Snow|[from] ability: Snow Warning|[of] p1b: Icy\n|turn|8\n|\n|t:|1699745487\n|move|p1a: Puddles cuddles|Hydro Pump|p2b: Modern Casualty\n|-damage|p2b: Modern Casualty|18\/100 brn\n|move|p1b: Icy|Freeze-Dry|p2a: Worst Tusk\n|-supereffective|p2a: Worst Tusk\n|-damage|p2a: Worst Tusk|0 fnt\n|faint|p2a: Worst Tusk\n|-end|p2a: Worst Tusk|Protosynthesis|[silent]\n|move|p2b: Modern Casualty|Iron Head|p1b: Icy\n|-supereffective|p1b: Icy\n|-damage|p1b: Icy|0 fnt\n|faint|p1b: Icy\n|\n|-weather|Snow|[upkeep]\n|-damage|p2b: Modern Casualty|12\/100 brn|[from] brn\n|upkeep\n|\n|t:|1699745490\n|switch|p1b: Snowman|Darmanitan-Galar, F, shiny|100\/100\n|turn|9\n|\n|t:|1699745507\n|-terastallize|p2b: Modern Casualty|Dark\n|move|p2b: Modern Casualty|Sucker Punch|p1b: Snowman\n|-damage|p1b: Snowman|76\/100\n|move|p1a: Puddles cuddles|Flip Turn|p2b: Modern Casualty\n|-damage|p2b: Modern Casualty|1\/100 brn\n|move|p1b: Snowman|Flare Blitz|p2b: Modern Casualty\n|-damage|p2b: Modern Casualty|0 fnt\n|faint|p2b: Modern Casualty\n|-end|p2b: Modern Casualty|fallen3|[silent]\n|-damage|p1b: Snowman|76\/100|[from] Recoil\n|\n|win|Tubaguia_Ofc\n|raw|Tubaguia_Ofc's rating: 1293 &rarr; <strong>1315<\/strong><br \/>(+22 for winning)\n|raw|RandomSkillSwapp's rating: 1256 &rarr; <strong>1234<\/strong><br \/>(-22 for losing)\n|c|\u2606RandomSkillSwapp|gg\n","uploadtime":1699745519,"views":7,"p1id":"tubaguiaofc","p2id":"randomskillswapp","formatid":"gen9nationaldexdoubles","rating":1234,"private":0,"password":""}