{"id":"gen9nationaldexdoubles-1949964205","p1":"FilVet","p2":"Joob03","format":"[Gen 9] National Dex Doubles","log":"|j|\u2606FilVet\n|j|\u2606Joob03\n|t:|1695413013\n|gametype|doubles\n|player|p1|FilVet|doctor|1037\n|player|p2|Joob03|pokefan-gen4|1122\n|teamsize|p1|6\n|teamsize|p2|6\n|gen|9\n|tier|[Gen 9] National Dex Doubles\n|rated|\n|rule|HP Percentage Mod: HP is shown in percentages\n|rule|Endless Battle Clause: Forcing endless battles is banned\n|rule|OHKO Clause: OHKO moves are banned\n|rule|Evasion Moves Clause: Evasion moves are banned\n|rule|Evasion Abilities Clause: Evasion abilities are banned\n|rule|Species Clause: Limit one of each Pok\u00e9mon\n|rule|Gravity Sleep Clause: The combination of sleep-inducing moves with imperfect accuracy and Gravity or Gigantamax Orbeetle are banned\n|clearpoke\n|poke|p1|Claydol|\n|poke|p1|Ursaluna, F|\n|poke|p1|Espeon, F|\n|poke|p1|Indeedee-F, F|\n|poke|p1|Slowbro, F|\n|poke|p1|Volcarona, F|\n|poke|p2|Hydreigon, M|\n|poke|p2|Absol, F|\n|poke|p2|Umbreon, M|\n|poke|p2|Weavile, M|\n|poke|p2|Obstagoon, M|\n|poke|p2|Kingambit, F|\n|teampreview\n|inactive|Battle timer is ON: inactive players will automatically lose when time's up. (requested by FilVet)\n|c|\u2606FilVet|GLHF :D\n|\n|t:|1695413024\n|start\n|switch|p1a: Espeon|Espeon, F|100\/100\n|switch|p1b: Indeedee|Indeedee-F, F|100\/100\n|switch|p2a: Umbreon|Umbreon, M, shiny|100\/100\n|switch|p2b: Obstagoon|Obstagoon, M|100\/100\n|-fieldstart|move: Psychic Terrain|[from] ability: Psychic Surge|[of] p1b: Indeedee\n|-enditem|p1b: Indeedee|Psychic Seed\n|-boost|p1b: Indeedee|spd|1|[from] item: Psychic Seed\n|turn|1\n|\n|t:|1695413046\n|move|p1b: Indeedee|Follow Me|p1b: Indeedee\n|-singleturn|p1b: Indeedee|move: Follow Me\n|move|p1a: Espeon|Dazzling Gleam|p2b: Obstagoon|[spread] p2a,p2b\n|-supereffective|p2a: Umbreon\n|-supereffective|p2b: Obstagoon\n|-damage|p2a: Umbreon|72\/100\n|-damage|p2b: Obstagoon|52\/100\n|move|p2b: Obstagoon|Thunder Punch|p1b: Indeedee\n|-damage|p1b: Indeedee|73\/100\n|move|p2a: Umbreon|Light Screen|p2a: Umbreon\n|-sidestart|p2: Joob03|move: Light Screen\n|\n|-heal|p2a: Umbreon|78\/100|[from] item: Leftovers\n|-status|p2b: Obstagoon|brn|[from] item: Flame Orb\n|upkeep\n|turn|2\n|\n|t:|1695413075\n|move|p1b: Indeedee|Helping Hand|p1a: Espeon\n|-singleturn|p1a: Espeon|Helping Hand|[of] p1b: Indeedee\n|move|p2b: Obstagoon|Obstruct|p2b: Obstagoon\n|-singleturn|p2b: Obstagoon|Protect\n|move|p1a: Espeon|Dazzling Gleam|p2b: Obstagoon|[spread] p2a\n|-activate|p2b: Obstagoon|move: Protect\n|-supereffective|p2a: Umbreon\n|-damage|p2a: Umbreon|47\/100\n|move|p2a: Umbreon|Roar|p1a: Espeon\n|move|p1a: Espeon|Roar|p2a: Umbreon|[from]ability: Magic Bounce\n|drag|p2a: Absol|Absol, F, shiny|100\/100\n|\n|-damage|p2b: Obstagoon|46\/100 brn|[from] brn\n|upkeep\n|turn|3\n|\n|t:|1695413102\n|detailschange|p2a: Absol|Absol-Mega, F, shiny\n|-mega|p2a: Absol|Absol|Absolite\n|move|p1b: Indeedee|Helping Hand|p1a: Espeon\n|-singleturn|p1a: Espeon|Helping Hand|[of] p1b: Indeedee\n|move|p1a: Espeon|Dazzling Gleam|p2a: Absol|[spread] p2a,p2b\n|-supereffective|p2a: Absol\n|-supereffective|p2b: Obstagoon\n|-damage|p2a: Absol|39\/100\n|-damage|p2b: Obstagoon|0 fnt\n|faint|p2b: Obstagoon\n|move|p2a: Absol|Knock Off|p1a: Espeon\n|-supereffective|p1a: Espeon\n|-damage|p1a: Espeon|0 fnt\n|-enditem|p1a: Espeon|Choice Scarf|[from] move: Knock Off|[of] p2a: Absol\n|faint|p1a: Espeon\n|\n|upkeep\n|\n|t:|1695413118\n|switch|p1a: Volcarona|Volcarona, F, shiny|100\/100\n|switch|p2b: Umbreon|Umbreon, M, shiny|47\/100\n|turn|4\n|\n|t:|1695413139\n|move|p1b: Indeedee|Follow Me|p1b: Indeedee\n|-singleturn|p1b: Indeedee|move: Follow Me\n|move|p1a: Volcarona|Quiver Dance|p1a: Volcarona\n|-boost|p1a: Volcarona|spa|1\n|-boost|p1a: Volcarona|spd|1\n|-boost|p1a: Volcarona|spe|1\n|move|p2a: Absol|Knock Off|p1b: Indeedee\n|-supereffective|p1b: Indeedee\n|-damage|p1b: Indeedee|0 fnt\n|faint|p1b: Indeedee\n|move|p2b: Umbreon|Toxic|p1a: Volcarona\n|-status|p1a: Volcarona|tox\n|\n|-heal|p2b: Umbreon|53\/100|[from] item: Leftovers\n|-damage|p1a: Volcarona|94\/100 tox|[from] psn\n|upkeep\n|\n|t:|1695413152\n|switch|p1b: Slowbro|Slowbro, F|100\/100\n|turn|5\n|\n|t:|1695413170\n|move|p2a: Absol|Sucker Punch|p1a: Volcarona\n|-activate|p1a: Volcarona|move: Psychic Terrain\n|move|p1a: Volcarona|Bug Buzz|p2a: Absol\n|-supereffective|p2a: Absol\n|-damage|p2a: Absol|0 fnt\n|faint|p2a: Absol\n|move|p2b: Umbreon|Reflect|p2b: Umbreon\n|-sidestart|p2: Joob03|Reflect\n|move|p1b: Slowbro|Reflect|p1b: Slowbro\n|-sidestart|p1: FilVet|Reflect\n|\n|-heal|p2b: Umbreon|59\/100|[from] item: Leftovers\n|-damage|p1a: Volcarona|82\/100 tox|[from] psn\n|-sideend|p2: Joob03|move: Light Screen\n|-fieldend|move: Psychic Terrain\n|upkeep\n|\n|t:|1695413189\n|switch|p2a: Hydreigon|Hydreigon, M, shiny|100\/100\n|turn|6\n|\n|t:|1695413204\n|move|p1a: Volcarona|Bug Buzz|p2a: Hydreigon\n|-supereffective|p2a: Hydreigon\n|-damage|p2a: Hydreigon|0 fnt\n|faint|p2a: Hydreigon\n|move|p2b: Umbreon|Toxic|p1b: Slowbro\n|-status|p1b: Slowbro|tox\n|move|p1b: Slowbro|Thunder Wave||[still]\n|-status|p2b: Umbreon|par\n|-activate|p2b: Umbreon|ability: Synchronize\n|-fail|p2b: Umbreon\n|\n|-heal|p2b: Umbreon|65\/100 par|[from] item: Leftovers\n|-damage|p1a: Volcarona|64\/100 tox|[from] psn\n|-damage|p1b: Slowbro|94\/100 tox|[from] psn\n|upkeep\n|inactive|Joob03 has 120 seconds left.\n|\n|t:|1695413231\n|switch|p2a: Weavile|Weavile, M|100\/100\n|turn|7\n|\n|t:|1695413248\n|-terastallize|p2a: Weavile|Poison\n|move|p1a: Volcarona|Heat Wave|p2a: Weavile|[spread] p2a,p2b\n|-damage|p2a: Weavile|19\/100\n|-damage|p2b: Umbreon|15\/100 par\n|move|p2a: Weavile|Poison Jab|p1a: Volcarona\n|-damage|p1a: Volcarona|0 fnt\n|faint|p1a: Volcarona\n|move|p1b: Slowbro|Thunder Wave|p2a: Weavile\n|-status|p2a: Weavile|par\n|move|p2b: Umbreon|Roar|p1b: Slowbro\n|drag|p1b: Ursaluna|Ursaluna, F, shiny|100\/100\n|\n|-heal|p2b: Umbreon|21\/100 par|[from] item: Leftovers\n|-status|p1b: Ursaluna|brn|[from] item: Flame Orb\n|upkeep\n|\n|t:|1695413263\n|switch|p1a: Claydol|Claydol|100\/100\n|turn|8\n|\n|t:|1695413273\n|-terastallize|p1b: Ursaluna|Normal\n|move|p2a: Weavile|Poison Jab|p1b: Ursaluna\n|-damage|p1b: Ursaluna|70\/100 brn\n|move|p1b: Ursaluna|Earthquake|p2b: Umbreon|[spread] p2a,p2b\n|-immune|p1a: Claydol|[from] ability: Levitate\n|-supereffective|p2a: Weavile\n|-damage|p2a: Weavile|0 fnt\n|-damage|p2b: Umbreon|0 fnt\n|faint|p2a: Weavile\n|faint|p2b: Umbreon\n|move|p1a: Claydol|Trick Room|p1a: Claydol\n|-fieldstart|move: Trick Room|[of] p1a: Claydol\n|\n|-damage|p1b: Ursaluna|64\/100 brn|[from] brn\n|upkeep\n|\n|t:|1695413288\n|switch|p2b: Kingambit|Kingambit, F|100\/100\n|-activate|p2b: Kingambit|ability: Supreme Overlord\n|-start|p2b: Kingambit|fallen5|[silent]\n|turn|9\n|\n|t:|1695413307\n|move|p1b: Ursaluna|Earthquake|p2b: Kingambit|[spread] p2b\n|-immune|p1a: Claydol|[from] ability: Levitate\n|-supereffective|p2b: Kingambit\n|-crit|p2b: Kingambit\n|-damage|p2b: Kingambit|0 fnt\n|faint|p2b: Kingambit\n|-end|p2b: Kingambit|fallen5|[silent]\n|\n|win|FilVet\n|raw|FilVet's rating: 1037 &rarr; <strong>1080<\/strong><br \/>(+43 for winning)\n|raw|Joob03's rating: 1122 &rarr; <strong>1091<\/strong><br \/>(-31 for losing)\n|c|\u2606FilVet|GG\n|l|\u2606Joob03\n","uploadtime":1695413324,"views":11,"p1id":"filvet","p2id":"joob03","formatid":"gen9nationaldexdoubles","rating":1080,"private":0,"password":""}