{"id":"gen9nationaldexdoubles-1996227085","p1":"jky666","p2":"Old McBruh","format":"[Gen 9] National Dex Doubles","log":"|j|\u2606jky666\n|j|\u203dOld McBruh\n|t:|1700661488\n|gametype|doubles\n|player|p1|jky666|170|1358\n|player|p2|Old McBruh|colress|1586\n|teamsize|p1|6\n|teamsize|p2|6\n|gen|9\n|tier|[Gen 9] National Dex Doubles\n|rated|\n|rule|HP Percentage Mod: HP is shown in percentages\n|rule|Endless Battle Clause: Forcing endless battles is banned\n|rule|OHKO Clause: OHKO moves are banned\n|rule|Evasion Moves Clause: Evasion moves are banned\n|rule|Evasion Abilities Clause: Evasion abilities are banned\n|rule|Species Clause: Limit one of each Pok\u00e9mon\n|rule|Gravity Sleep Clause: The combination of sleep-inducing moves with imperfect accuracy and Gravity or Gigantamax Orbeetle are banned\n|clearpoke\n|poke|p1|Cresselia, F|\n|poke|p1|Mawile, F|\n|poke|p1|Ursaluna, M|\n|poke|p1|Regidrago|\n|poke|p1|Hatterene, F|\n|poke|p1|Porygon2|\n|poke|p2|Flutter Mane|\n|poke|p2|Whimsicott, F|\n|poke|p2|Chi-Yu|\n|poke|p2|Charizard, M|\n|poke|p2|Iron Hands|\n|poke|p2|Marshadow|\n|teampreview\n|inactive|Battle timer is ON: inactive players will automatically lose when time's up. (requested by jky666)\n|\n|t:|1700661504\n|start\n|switch|p1a: Porygon2|Porygon2|100\/100\n|switch|p1b: Regidrago|Regidrago|100\/100\n|switch|p2a: Flutter Mane|Flutter Mane|100\/100\n|switch|p2b: Chi-Yu|Chi-Yu|100\/100\n|-ability|p2b: Chi-Yu|Beads of Ruin\n|-ability|p1a: Porygon2|Download|boost\n|-boost|p1a: Porygon2|atk|1\n|turn|1\n|inactive|jky666 has 120 seconds left.\n|\n|t:|1700661538\n|-terastallize|p2a: Flutter Mane|Fairy\n|-terastallize|p1b: Regidrago|Steel\n|move|p2a: Flutter Mane|Dazzling Gleam|p1b: Regidrago|[spread] p1a,p1b\n|-resisted|p1b: Regidrago\n|-damage|p1a: Porygon2|65\/100\n|-damage|p1b: Regidrago|64\/100\n|-damage|p2a: Flutter Mane|91\/100|[from] item: Life Orb\n|move|p2b: Chi-Yu|Overheat|p1a: Porygon2\n|-crit|p1a: Porygon2\n|-damage|p1a: Porygon2|7\/100\n|-unboost|p2b: Chi-Yu|spa|2\n|move|p1b: Regidrago|Tera Blast|p2a: Flutter Mane|[anim] Tera Blast Steel\n|-supereffective|p2a: Flutter Mane\n|-damage|p2a: Flutter Mane|0 fnt\n|faint|p2a: Flutter Mane\n|-end|p2a: Flutter Mane|Protosynthesis|[silent]\n|-damage|p1b: Regidrago|54\/100|[from] item: Life Orb\n|move|p1a: Porygon2|Trick Room|p1a: Porygon2\n|-fieldstart|move: Trick Room|[of] p1a: Porygon2\n|\n|upkeep\n|\n|t:|1700661554\n|switch|p2a: Marshadow|Marshadow|100\/100\n|turn|2\n|\n|t:|1700661567\n|switch|p2b: Whimsicott|Whimsicott, F|100\/100\n|move|p2a: Marshadow|Protect|p2a: Marshadow\n|-singleturn|p2a: Marshadow|Protect\n|move|p1a: Porygon2|Thunderbolt|p2b: Whimsicott\n|-resisted|p2b: Whimsicott\n|-crit|p2b: Whimsicott\n|-damage|p2b: Whimsicott|78\/100\n|move|p1b: Regidrago|Dragon Energy|p2b: Whimsicott|[spread] \n|-activate|p2a: Marshadow|move: Protect\n|-immune|p2b: Whimsicott\n|\n|upkeep\n|turn|3\n|\n|t:|1700661586\n|move|p2b: Whimsicott|Encore|p1b: Regidrago\n|-start|p1b: Regidrago|Encore\n|move|p2a: Marshadow|Shadow Sneak|p1b: Regidrago\n|-damage|p1b: Regidrago|24\/100\n|move|p1a: Porygon2|Ice Beam|p2b: Whimsicott\n|-supereffective|p2b: Whimsicott\n|-damage|p2b: Whimsicott|22\/100\n|move|p1b: Regidrago|Dragon Energy|p2a: Marshadow|[spread] p2a\n|-immune|p2b: Whimsicott\n|-damage|p2a: Marshadow|74\/100\n|-damage|p1b: Regidrago|14\/100|[from] item: Life Orb\n|\n|upkeep\n|turn|4\n|\n|t:|1700661609\n|move|p2a: Marshadow|Protect|p2a: Marshadow\n|-singleturn|p2a: Marshadow|Protect\n|move|p2b: Whimsicott|Encore|p1a: Porygon2\n|-start|p1a: Porygon2|Encore\n|move|p1a: Porygon2|Ice Beam|p2b: Whimsicott\n|-supereffective|p2b: Whimsicott\n|-damage|p2b: Whimsicott|0 fnt\n|faint|p2b: Whimsicott\n|move|p1b: Regidrago|Dragon Energy|p2a: Marshadow\n|-activate|p2a: Marshadow|move: Protect\n|\n|upkeep\n|\n|t:|1700661613\n|switch|p2b: Charizard|Charizard, M|100\/100\n|turn|5\n|\n|t:|1700661624\n|switch|p1a: Cresselia|Cresselia, F|100\/100\n|switch|p2a: Chi-Yu|Chi-Yu|100\/100\n|-ability|p2a: Chi-Yu|Beads of Ruin\n|move|p2b: Charizard|Protect|p2b: Charizard\n|-singleturn|p2b: Charizard|Protect\n|move|p1b: Regidrago|Dragon Energy|p2a: Chi-Yu|[spread] p2a\n|-activate|p2b: Charizard|move: Protect\n|-damage|p2a: Chi-Yu|85\/100\n|-damage|p1b: Regidrago|4\/100|[from] item: Life Orb\n|\n|-end|p1b: Regidrago|Encore\n|-fieldend|move: Trick Room\n|upkeep\n|turn|6\n|\n|t:|1700661645\n|detailschange|p2b: Charizard|Charizard-Mega-Y, M\n|-mega|p2b: Charizard|Charizard|Charizardite Y\n|-weather|SunnyDay|[from] ability: Drought|[of] p2b: Charizard\n|move|p2b: Charizard|Heat Wave|p1b: Regidrago|[spread] p1a,p1b\n|-supereffective|p1b: Regidrago\n|-damage|p1a: Cresselia|44\/100\n|-damage|p1b: Regidrago|0 fnt\n|faint|p1b: Regidrago\n|move|p2a: Chi-Yu|Dark Pulse|p1a: Cresselia\n|-supereffective|p1a: Cresselia\n|-damage|p1a: Cresselia|0 fnt\n|faint|p1a: Cresselia\n|\n|-weather|SunnyDay|[upkeep]\n|upkeep\n|\n|t:|1700661659\n|switch|p1b: Ursaluna|Ursaluna, M|100\/100\n|switch|p1a: Hatterene|Hatterene, F|100\/100\n|turn|7\n|\n|t:|1700661670\n|move|p2a: Chi-Yu|Heat Wave|p1a: Hatterene|[spread] p1b\n|-miss|p2a: Chi-Yu|p1a: Hatterene\n|-damage|p1b: Ursaluna|32\/100\n|move|p2b: Charizard|Heat Wave|p1b: Ursaluna|[spread] p1b\n|-miss|p2b: Charizard|p1a: Hatterene\n|-damage|p1b: Ursaluna|0 fnt\n|faint|p1b: Ursaluna\n|move|p1a: Hatterene|Trick Room|p1a: Hatterene\n|-fieldstart|move: Trick Room|[of] p1a: Hatterene\n|\n|-weather|SunnyDay|[upkeep]\n|upkeep\n|\n|t:|1700661680\n|switch|p1b: Mawile|Mawile, F|100\/100\n|-ability|p1b: Mawile|Intimidate|boost\n|-unboost|p2a: Chi-Yu|atk|1\n|-unboost|p2b: Charizard|atk|1\n|turn|8\n|\n|t:|1700661688\n|detailschange|p1b: Mawile|Mawile-Mega, F\n|-mega|p1b: Mawile|Mawile|Mawilite\n|move|p2a: Chi-Yu|Protect|p2a: Chi-Yu\n|-singleturn|p2a: Chi-Yu|Protect\n|move|p1a: Hatterene|Misty Explosion|p2b: Charizard|[spread] p1b,p2b\n|-activate|p2a: Chi-Yu|move: Protect\n|-resisted|p1b: Mawile\n|-resisted|p2b: Charizard\n|-damage|p1b: Mawile|69\/100\n|-damage|p2b: Charizard|74\/100\n|faint|p1a: Hatterene\n|move|p1b: Mawile|Play Rough|p2b: Charizard\n|-resisted|p2b: Charizard\n|-damage|p2b: Charizard|15\/100\n|move|p2b: Charizard|Heat Wave|p1b: Mawile\n|-supereffective|p1b: Mawile\n|-damage|p1b: Mawile|0 fnt\n|faint|p1b: Mawile\n|\n|-weather|SunnyDay|[upkeep]\n|upkeep\n|-message|jky666 forfeited.\n|\n|win|Old McBruh\n|raw|jky666's rating: 1358 &rarr; <strong>1350<\/strong><br \/>(-8 for losing)\n|raw|Old McBruh's rating: 1586 &rarr; <strong>1594<\/strong><br \/>(+8 for winning)\n|l|\u2606jky666\n","uploadtime":1700661710,"views":1,"p1id":"jky666","p2id":"oldmcbruh","formatid":"gen9nationaldexdoubles","rating":1350,"private":0,"password":""}