{"id":"gen9nationaldexdoubles-1970704378","p1":"Cinderace ronaldo","p2":"HEYY why u suck?","format":"[Gen 9] National Dex Doubles","log":"|j|\u2606Cinderace ronaldo\n|j|\u2606HEYY why u suck?\n|t:|1697659674\n|gametype|doubles\n|player|p1|Cinderace ronaldo|cynthia-gen4|1000\n|player|p2|HEYY why u suck?|youngster-gen4dp|1000\n|teamsize|p1|6\n|teamsize|p2|6\n|gen|9\n|tier|[Gen 9] National Dex Doubles\n|rated|\n|rule|HP Percentage Mod: HP is shown in percentages\n|rule|Endless Battle Clause: Forcing endless battles is banned\n|rule|OHKO Clause: OHKO moves are banned\n|rule|Evasion Moves Clause: Evasion moves are banned\n|rule|Evasion Abilities Clause: Evasion abilities are banned\n|rule|Species Clause: Limit one of each Pok\u00e9mon\n|rule|Gravity Sleep Clause: The combination of sleep-inducing moves with imperfect accuracy and Gravity or Gigantamax Orbeetle are banned\n|clearpoke\n|poke|p1|Oricorio-Pom-Pom, F|\n|poke|p1|Delphox, F|\n|poke|p1|Venomoth, F|\n|poke|p1|Indeedee-F, F|\n|poke|p1|Sylveon, M|\n|poke|p1|Uxie|\n|poke|p2|Indeedee, M|\n|poke|p2|Regieleki|\n|poke|p2|Meowscarada, F|\n|poke|p2|Spectrier|\n|poke|p2|Murkrow, F|\n|poke|p2|Shuckle, M|\n|teampreview\n|inactive|Battle timer is ON: inactive players will automatically lose when time's up. (requested by Cinderace ronaldo)\n|\n|t:|1697659694\n|start\n|switch|p1a: Oricorio|Oricorio-Pom-Pom, F|100\/100\n|switch|p1b: Uxie|Uxie|100\/100\n|switch|p2a: Murkrow|Murkrow, F|100\/100\n|switch|p2b: Shuckle|Shuckle, M|100\/100\n|turn|1\n|\n|t:|1697659707\n|move|p2a: Murkrow|Taunt|p1b: Uxie\n|-start|p1b: Uxie|move: Taunt\n|cant|p1b: Uxie|move: Taunt|Skill Swap\n|move|p1a: Oricorio|Quiver Dance|p1a: Oricorio\n|-boost|p1a: Oricorio|spa|1\n|-boost|p1a: Oricorio|spd|1\n|-boost|p1a: Oricorio|spe|1\n|move|p2b: Shuckle|Stealth Rock|p1b: Uxie\n|-sidestart|p1: Cinderace ronaldo|move: Stealth Rock\n|\n|upkeep\n|turn|2\n|\n|t:|1697659732\n|move|p2a: Murkrow|Tailwind|p2a: Murkrow\n|-sidestart|p2: HEYY why u suck?|move: Tailwind\n|move|p1a: Oricorio|Revelation Dance|p2a: Murkrow\n|-supereffective|p2a: Murkrow\n|-enditem|p2a: Murkrow|Focus Sash\n|-damage|p2a: Murkrow|1\/100\n|move|p1b: Uxie|Draining Kiss|p2a: Murkrow\n|-supereffective|p2a: Murkrow\n|-damage|p2a: Murkrow|0 fnt\n|faint|p2a: Murkrow\n|move|p2b: Shuckle|Sticky Web|p1b: Uxie\n|-sidestart|p1: Cinderace ronaldo|move: Sticky Web\n|\n|upkeep\n|inactive|HEYY why u suck? has 120 seconds left.\n|\n|t:|1697659768\n|switch|p2a: Regieleki|Regieleki|100\/100\n|turn|3\n|inactive|HEYY why u suck? has 120 seconds left.\n|\n|t:|1697659797\n|switch|p2b: Meowscarada|Meowscarada, F|100\/100\n|move|p2a: Regieleki|Volt Switch|p1a: Oricorio\n|-damage|p1a: Oricorio|61\/100\n|\n|t:|1697659812\n|switch|p2a: Shuckle|Shuckle, M|100\/100|[from] Volt Switch\n|move|p1a: Oricorio|Substitute|p1a: Oricorio\n|-start|p1a: Oricorio|Substitute\n|-damage|p1a: Oricorio|36\/100\n|move|p1b: Uxie|Draining Kiss|p2a: Shuckle\n|-damage|p2a: Shuckle|94\/100\n|\n|-end|p1b: Uxie|move: Taunt\n|upkeep\n|turn|4\n|inactive|Cinderace ronaldo has 120 seconds left.\n|\n|t:|1697659855\n|-terastallize|p1b: Uxie|Dark\n|move|p2b: Meowscarada|Shadow Claw|p1a: Oricorio\n|-start|p2b: Meowscarada|typechange|Ghost|[from] ability: Protean\n|-end|p1a: Oricorio|Substitute\n|move|p1a: Oricorio|Revelation Dance|p2a: Shuckle\n|-damage|p2a: Shuckle|70\/100\n|move|p1b: Uxie|Skill Swap|p1a: Oricorio\n|-activate|p1b: Uxie|move: Skill Swap|||[of] p1a: Oricorio\n|move|p2a: Shuckle|Toxic|p1b: Uxie\n|-status|p1b: Uxie|tox\n|\n|-damage|p1b: Uxie|94\/100 tox|[from] psn\n|upkeep\n|turn|5\n|inactive|Cinderace ronaldo has 120 seconds left.\n|inactive|HEYY why u suck? has 120 seconds left.\n|\n|t:|1697659884\n|move|p2b: Meowscarada|Shadow Claw|p1a: Oricorio\n|-crit|p1a: Oricorio\n|-damage|p1a: Oricorio|0 fnt\n|faint|p1a: Oricorio\n|move|p1b: Uxie|Draining Kiss|p2b: Meowscarada\n|-damage|p2b: Meowscarada|87\/100\n|-heal|p1b: Uxie|100\/100 tox|[from] drain|[of] p2b: Meowscarada\n|move|p2a: Shuckle|Power Split|p1b: Uxie\n|-activate|p2a: Shuckle|move: Power Split|[of] p1b: Uxie\n|\n|-damage|p1b: Uxie|88\/100 tox|[from] psn\n|-sideend|p2: HEYY why u suck?|move: Tailwind\n|upkeep\n|\n|t:|1697659901\n|switch|p1a: Venomoth|Venomoth, F|100\/100\n|-damage|p1a: Venomoth|76\/100|[from] Stealth Rock\n|-activate|p1a: Venomoth|move: Sticky Web\n|-unboost|p1a: Venomoth|spe|1\n|turn|6\n|inactive|Cinderace ronaldo has 120 seconds left.\n|inactive|HEYY why u suck? has 120 seconds left.\n|\n|t:|1697659949\n|switch|p2a: Regieleki|Regieleki|100\/100\n|move|p2b: Meowscarada|Shadow Claw|p1a: Venomoth\n|-damage|p1a: Venomoth|19\/100\n|move|p1b: Uxie|Draining Kiss|p2b: Meowscarada\n|-damage|p2b: Meowscarada|79\/100\n|-heal|p1b: Uxie|93\/100 tox|[from] drain|[of] p2b: Meowscarada\n|move|p1a: Venomoth|Quiver Dance|p1a: Venomoth\n|-boost|p1a: Venomoth|spa|1\n|-boost|p1a: Venomoth|spd|1\n|-boost|p1a: Venomoth|spe|1\n|-activate|p1b: Uxie|ability: Dancer\n|move|p1b: Uxie|Quiver Dance|p1b: Uxie|[from]ability: Dancer\n|-boost|p1b: Uxie|spa|1\n|-boost|p1b: Uxie|spd|1\n|-boost|p1b: Uxie|spe|1\n|\n|-heal|p1b: Uxie|99\/100 tox|[from] item: Leftovers\n|-damage|p1b: Uxie|80\/100 tox|[from] psn\n|upkeep\n|turn|7\n|inactive|Cinderace ronaldo has 120 seconds left.\n|\n|t:|1697659994\n|move|p2b: Meowscarada|Shadow Claw|p1a: Venomoth\n|-damage|p1a: Venomoth|0 fnt\n|faint|p1a: Venomoth\n|move|p2a: Regieleki|Thunderbolt|p1b: Uxie\n|-damage|p1b: Uxie|52\/100 tox\n|move|p1b: Uxie|Stored Power|p2a: Regieleki\n|-damage|p2a: Regieleki|66\/100\n|\n|-heal|p1b: Uxie|58\/100 tox|[from] item: Leftovers\n|-damage|p1b: Uxie|33\/100 tox|[from] psn\n|upkeep\n|inactive|Cinderace ronaldo has 90 seconds left.\n|\n|t:|1697660019\n|switch|p1a: Indeedee|Indeedee-F, F|100\/100\n|-damage|p1a: Indeedee|88\/100|[from] Stealth Rock\n|-activate|p1a: Indeedee|move: Sticky Web\n|-unboost|p1a: Indeedee|spe|1\n|-fieldstart|move: Psychic Terrain|[from] ability: Psychic Surge|[of] p1a: Indeedee\n|-enditem|p1a: Indeedee|Psychic Seed\n|-boost|p1a: Indeedee|spd|1|[from] item: Psychic Seed\n|turn|8\n|inactive|HEYY why u suck? has 120 seconds left.\n|inactive|Cinderace ronaldo has 90 seconds left.\n|inactive|HEYY why u suck? has 90 seconds left.\n|inactive|HEYY why u suck? has 60 seconds left.\n|\n|t:|1697660112\n|switch|p2b: Shuckle|Shuckle, M|70\/100\n|move|p2a: Regieleki|Electro Ball|p1a: Indeedee\n|-damage|p1a: Indeedee|40\/100\n|move|p1b: Uxie|Draining Kiss|p2a: Regieleki\n|-damage|p2a: Regieleki|51\/100\n|-heal|p1b: Uxie|43\/100 tox|[from] drain|[of] p2a: Regieleki\n|move|p1a: Indeedee|Heal Pulse|p1b: Uxie\n|-heal|p1b: Uxie|93\/100 tox\n|\n|-heal|p1b: Uxie|99\/100 tox|[from] item: Leftovers\n|-damage|p1b: Uxie|68\/100 tox|[from] psn\n|upkeep\n|turn|9\n|inactive|HEYY why u suck? has 60 seconds left.\n|inactive|HEYY why u suck? has 30 seconds left.\n|inactive|HEYY why u suck? has 20 seconds left.\n|inactive|HEYY why u suck? has 15 seconds left.\n|inactive|HEYY why u suck? has 10 seconds left.\n|\n|t:|1697660169\n|switch|p2b: Meowscarada|Meowscarada, F|79\/100\n|move|p1a: Indeedee|Helping Hand|p1b: Uxie\n|-singleturn|p1b: Uxie|Helping Hand|[of] p1a: Indeedee\n|move|p2a: Regieleki|Electro Ball|p1a: Indeedee\n|-damage|p1a: Indeedee|0 fnt\n|faint|p1a: Indeedee\n|move|p1b: Uxie|Stored Power|p2a: Regieleki\n|-damage|p2a: Regieleki|0 fnt\n|faint|p2a: Regieleki\n|\n|-heal|p1b: Uxie|74\/100 tox|[from] item: Leftovers\n|-damage|p1b: Uxie|37\/100 tox|[from] psn\n|upkeep\n|\n|t:|1697660186\n|switch|p2a: Spectrier|Spectrier|100\/100\n|switch|p1a: Sylveon|Sylveon, M|100\/100\n|-damage|p1a: Sylveon|88\/100|[from] Stealth Rock\n|-activate|p1a: Sylveon|move: Sticky Web\n|-unboost|p1a: Sylveon|spe|1\n|turn|10\n|inactive|Cinderace ronaldo has 120 seconds left.\n|\n|t:|1697660211\n|move|p1b: Uxie|Protect|p1b: Uxie\n|-singleturn|p1b: Uxie|Protect\n|move|p2b: Meowscarada|Shadow Claw|p1a: Sylveon\n|-start|p2b: Meowscarada|typechange|Ghost|[from] ability: Protean\n|-damage|p1a: Sylveon|58\/100\n|move|p2a: Spectrier|Psychic|p1a: Sylveon\n|-damage|p1a: Sylveon|23\/100\n|move|p1a: Sylveon|Psych Up|p1b: Uxie\n|-copyboost|p1a: Sylveon|p1b: Uxie|[from] move: Psych Up\n|\n|-heal|p1b: Uxie|43\/100 tox|[from] item: Leftovers\n|-damage|p1b: Uxie|0 fnt|[from] psn\n|faint|p1b: Uxie\n|upkeep\n|inactive|Cinderace ronaldo has 120 seconds left.\n|\n|t:|1697660228\n|switch|p1b: Delphox|Delphox, F|100\/100\n|-damage|p1b: Delphox|75\/100|[from] Stealth Rock\n|-activate|p1b: Delphox|move: Sticky Web\n|-unboost|p1b: Delphox|spe|1\n|turn|11\n|inactive|HEYY why u suck? has 60 seconds left.\n|inactive|Cinderace ronaldo has 120 seconds left.\n|\n|t:|1697660258\n|move|p2b: Meowscarada|Shadow Claw|p1a: Sylveon\n|-damage|p1a: Sylveon|0 fnt\n|faint|p1a: Sylveon\n|move|p2a: Spectrier|Shadow Ball|p1b: Delphox\n|-supereffective|p1b: Delphox\n|-damage|p1b: Delphox|0 fnt\n|faint|p1b: Delphox\n|\n|win|HEYY why u suck?\n|raw|Cinderace ronaldo's rating: 1000 &rarr; <strong>1000<\/strong><br \/>(+0 for losing)\n|raw|HEYY why u suck?'s rating: 1083 &rarr; <strong>1104<\/strong><br \/>(+21 for winning)\n|l|\u2606Cinderace ronaldo\n","uploadtime":1697660265,"views":6,"p1id":"cinderaceronaldo","p2id":"heyywhyusuck","formatid":"gen9nationaldexdoubles","rating":1000,"private":0,"password":""}