{"id":"gen9nationaldexdoubles-1988046634","p1":"fumbari 24","p2":"Pancake Tuesday","format":"[Gen 9] National Dex Doubles","log":"|j|\u2606fumbari 24\n|j|\u2606Pancake Tuesday\n|t:|1699663008\n|gametype|doubles\n|player|p1|fumbari 24|hilbert|1298\n|player|p2|Pancake Tuesday|pokemaniac|1488\n|teamsize|p1|6\n|teamsize|p2|6\n|gen|9\n|tier|[Gen 9] National Dex Doubles\n|rated|\n|rule|HP Percentage Mod: HP is shown in percentages\n|rule|Endless Battle Clause: Forcing endless battles is banned\n|rule|OHKO Clause: OHKO moves are banned\n|rule|Evasion Moves Clause: Evasion moves are banned\n|rule|Evasion Abilities Clause: Evasion abilities are banned\n|rule|Species Clause: Limit one of each Pok\u00e9mon\n|rule|Gravity Sleep Clause: The combination of sleep-inducing moves with imperfect accuracy and Gravity or Gigantamax Orbeetle are banned\n|clearpoke\n|poke|p1|Enamorus, F|\n|poke|p1|Tapu Koko|\n|poke|p1|Sableye, M|\n|poke|p1|Heracross, M|\n|poke|p1|Wyrdeer, M|\n|poke|p1|Gastrodon, M|\n|poke|p2|Ninetales-Alola, M|\n|poke|p2|Arctozolt|\n|poke|p2|Zapdos-Galar|\n|poke|p2|Volcanion|\n|poke|p2|Zygarde|\n|poke|p2|Salamence, M|\n|teampreview\n|\n|t:|1699663023\n|start\n|switch|p1a: Raijin|Tapu Koko, shiny|100\/100\n|switch|p1b: Genbu|Enamorus, F|100\/100\n|switch|p2a: Ninetales|Ninetales-Alola, M|100\/100\n|switch|p2b: Zygarde|Zygarde|100\/100\n|-fieldstart|move: Electric Terrain|[from] ability: Electric Surge|[of] p1a: Raijin\n|-weather|Snow|[from] ability: Snow Warning|[of] p2a: Ninetales\n|-ability|p2b: Zygarde|Aura Break\n|turn|1\n|\n|t:|1699663036\n|move|p2b: Zygarde|Protect|p2b: Zygarde\n|-singleturn|p2b: Zygarde|Protect\n|move|p1a: Raijin|Eerie Impulse|p1b: Genbu\n|-boost|p1b: Genbu|spa|2\n|move|p2a: Ninetales|Aurora Veil|p2a: Ninetales\n|-sidestart|p2: Pancake Tuesday|move: Aurora Veil\n|move|p1b: Genbu|Dazzling Gleam|p2b: Zygarde|[spread] p2a\n|-activate|p2b: Zygarde|move: Protect\n|-damage|p2a: Ninetales|55\/100\n|\n|-weather|Snow|[upkeep]\n|upkeep\n|turn|2\n|\n|t:|1699663057\n|-terastallize|p2b: Zygarde|Fire\n|move|p1b: Genbu|Protect|p1b: Genbu\n|-singleturn|p1b: Genbu|Protect\n|move|p1a: Raijin|Eerie Impulse|p2a: Ninetales\n|-unboost|p2a: Ninetales|spa|2\n|move|p2a: Ninetales|Blizzard|p1a: Raijin|[spread] p1a\n|-activate|p1b: Genbu|move: Protect\n|-damage|p1a: Raijin|81\/100\n|move|p2b: Zygarde|Coil|p2b: Zygarde\n|-boost|p2b: Zygarde|atk|1\n|-boost|p2b: Zygarde|def|1\n|-boost|p2b: Zygarde|accuracy|1\n|\n|-weather|Snow|[upkeep]\n|upkeep\n|turn|3\n|\n|t:|1699663075\n|-terastallize|p1b: Genbu|Ground\n|move|p2b: Zygarde|Protect|p2b: Zygarde\n|-singleturn|p2b: Zygarde|Protect\n|move|p1a: Raijin|Eerie Impulse|p1b: Genbu\n|-boost|p1b: Genbu|spa|2\n|move|p2a: Ninetales|Blizzard|p1b: Genbu|[spread] p1a,p1b\n|-supereffective|p1b: Genbu\n|-damage|p1a: Raijin|61\/100\n|-damage|p1b: Genbu|62\/100\n|move|p1b: Genbu|Earth Power|p2b: Zygarde\n|-activate|p2b: Zygarde|move: Protect\n|\n|-weather|Snow|[upkeep]\n|-heal|p1b: Genbu|68\/100|[from] item: Leftovers\n|upkeep\n|turn|4\n|\n|t:|1699663097\n|switch|p2b: Zapdos|Zapdos-Galar|100\/100\n|move|p1b: Genbu|Protect|p1b: Genbu\n|-singleturn|p1b: Genbu|Protect\n|move|p1a: Raijin|Electroweb|p2a: Ninetales|[spread] p2a,p2b\n|-supereffective|p2b: Zapdos\n|-damage|p2a: Ninetales|37\/100\n|-damage|p2b: Zapdos|68\/100\n|-unboost|p2a: Ninetales|spe|1\n|-unboost|p2b: Zapdos|spe|1\n|-ability|p2b: Zapdos|Defiant|boost\n|-boost|p2b: Zapdos|atk|2\n|move|p2a: Ninetales|Blizzard|p1b: Genbu|[spread] p1a\n|-activate|p1b: Genbu|move: Protect\n|-damage|p1a: Raijin|43\/100\n|\n|-weather|Snow|[upkeep]\n|-heal|p1b: Genbu|74\/100|[from] item: Leftovers\n|upkeep\n|turn|5\n|inactive|Battle timer is ON: inactive players will automatically lose when time's up. (requested by fumbari 24)\n|\n|t:|1699663121\n|move|p1a: Raijin|Electroweb|p2b: Zapdos|[spread] p2a,p2b\n|-supereffective|p2b: Zapdos\n|-damage|p2a: Ninetales|20\/100\n|-damage|p2b: Zapdos|35\/100\n|-unboost|p2a: Ninetales|spe|1\n|-unboost|p2b: Zapdos|spe|1\n|-ability|p2b: Zapdos|Defiant|boost\n|-boost|p2b: Zapdos|atk|2\n|move|p1b: Genbu|Dazzling Gleam|p2a: Ninetales|[spread] p2a,p2b\n|-supereffective|p2b: Zapdos\n|-crit|p2b: Zapdos\n|-damage|p2a: Ninetales|0 fnt\n|-damage|p2b: Zapdos|0 fnt\n|faint|p2a: Ninetales\n|faint|p2b: Zapdos\n|\n|-weather|none\n|-heal|p1b: Genbu|80\/100|[from] item: Leftovers\n|-fieldend|move: Electric Terrain\n|upkeep\n|\n|t:|1699663144\n|switch|p2a: Volcanion|Volcanion|100\/100\n|switch|p2b: Arctozolt|Arctozolt, shiny|100\/100\n|turn|6\n|\n|t:|1699663159\n|move|p1b: Genbu|Protect|p1b: Genbu\n|-singleturn|p1b: Genbu|Protect\n|move|p1a: Raijin|Electroweb|p2b: Arctozolt|[spread] p2a,p2b\n|-supereffective|p2a: Volcanion\n|-resisted|p2b: Arctozolt\n|-damage|p2a: Volcanion|88\/100\n|-damage|p2b: Arctozolt|93\/100\n|-unboost|p2a: Volcanion|spe|1\n|-unboost|p2b: Arctozolt|spe|1\n|move|p2b: Arctozolt|Blizzard|p1a: Raijin|[spread] p1a\n|-activate|p1b: Genbu|move: Protect\n|-damage|p1a: Raijin|0 fnt\n|faint|p1a: Raijin\n|-damage|p2b: Arctozolt|83\/100|[from] item: Life Orb\n|move|p2a: Volcanion|Steam Eruption|p1b: Genbu\n|-activate|p1b: Genbu|move: Protect\n|\n|-heal|p1b: Genbu|86\/100|[from] item: Leftovers\n|upkeep\n|\n|t:|1699663180\n|switch|p1a: Yami|Sableye, M|100\/100\n|turn|7\n|\n|t:|1699663187\n|move|p1a: Yami|Fake Out|p2a: Volcanion\n|-damage|p2a: Volcanion|85\/100\n|move|p1b: Genbu|Earth Power|p2b: Arctozolt\n|-supereffective|p2b: Arctozolt\n|-damage|p2b: Arctozolt|0 fnt\n|faint|p2b: Arctozolt\n|cant|p2a: Volcanion|flinch\n|\n|-heal|p1b: Genbu|92\/100|[from] item: Leftovers\n|upkeep\n|\n|t:|1699663198\n|switch|p2b: Salamence|Salamence, M|100\/100\n|-ability|p2b: Salamence|Intimidate|boost\n|-unboost|p1a: Yami|atk|1\n|-boost|p1b: Genbu|atk|1\n|turn|8\n|\n|t:|1699663218\n|detailschange|p2b: Salamence|Salamence-Mega, M\n|-mega|p2b: Salamence|Salamence|Salamencite\n|move|p1b: Genbu|Protect|p1b: Genbu\n|-singleturn|p1b: Genbu|Protect\n|move|p1a: Yami|Will-O-Wisp|p2b: Salamence\n|-status|p2b: Salamence|brn\n|move|p2b: Salamence|Tailwind|p2b: Salamence\n|-sidestart|p2: Pancake Tuesday|move: Tailwind\n|move|p2a: Volcanion|Steam Eruption|p1b: Genbu\n|-activate|p1b: Genbu|move: Protect\n|\n|-heal|p1b: Genbu|98\/100|[from] item: Leftovers\n|-damage|p2b: Salamence|94\/100 brn|[from] brn\n|-sideend|p2: Pancake Tuesday|move: Aurora Veil\n|upkeep\n|turn|9\n|\n|t:|1699663238\n|switch|p1a: Shelldon|Gastrodon, M|100\/100\n|move|p2b: Salamence|Hyper Voice|p1b: Genbu|[spread] p1a,p1b\n|-damage|p1a: Shelldon|70\/100\n|-damage|p1b: Genbu|61\/100\n|move|p1b: Genbu|Earth Power|p2a: Volcanion\n|-supereffective|p2a: Volcanion\n|-damage|p2a: Volcanion|0 fnt\n|faint|p2a: Volcanion\n|\n|-heal|p1b: Genbu|67\/100|[from] item: Leftovers\n|-damage|p2b: Salamence|88\/100 brn|[from] brn\n|upkeep\n|\n|t:|1699663249\n|switch|p2a: Zygarde|Zygarde, tera:Fire|100\/100\n|-ability|p2a: Zygarde|Aura Break\n|turn|10\n|\n|t:|1699663257\n|move|p1b: Genbu|Protect|p1b: Genbu\n|-singleturn|p1b: Genbu|Protect\n|move|p2a: Zygarde|Extreme Speed|p1b: Genbu\n|-activate|p1b: Genbu|move: Protect\n|move|p2b: Salamence|Hyper Voice|p1a: Shelldon|[spread] p1a\n|-activate|p1b: Genbu|move: Protect\n|-damage|p1a: Shelldon|38\/100\n|move|p1a: Shelldon|Earth Power|p2a: Zygarde\n|-supereffective|p2a: Zygarde\n|-damage|p2a: Zygarde|41\/100\n|\n|-heal|p1b: Genbu|73\/100|[from] item: Leftovers\n|-damage|p2b: Salamence|82\/100 brn|[from] brn\n|upkeep\n|turn|11\n|\n|t:|1699663273\n|move|p2a: Zygarde|Extreme Speed|p1b: Genbu\n|-damage|p1b: Genbu|50\/100\n|move|p2b: Salamence|Hyper Voice|p1a: Shelldon|[spread] p1a,p1b\n|-damage|p1a: Shelldon|6\/100\n|-damage|p1b: Genbu|12\/100\n|move|p1b: Genbu|Dazzling Gleam|p2a: Zygarde|[spread] p2a,p2b\n|-resisted|p2a: Zygarde\n|-supereffective|p2b: Salamence\n|-damage|p2a: Zygarde|2\/100\n|-damage|p2b: Salamence|0 fnt\n|faint|p2b: Salamence\n|move|p1a: Shelldon|Earth Power|p2a: Zygarde\n|-supereffective|p2a: Zygarde\n|-damage|p2a: Zygarde|0 fnt\n|faint|p2a: Zygarde\n|\n|win|fumbari 24\n|raw|fumbari 24's rating: 1298 &rarr; <strong>1335<\/strong><br \/>(+37 for winning)\n|raw|Pancake Tuesday's rating: 1488 &rarr; <strong>1458<\/strong><br \/>(-30 for losing)\n","uploadtime":1699663284,"views":12,"p1id":"fumbari24","p2id":"pancaketuesday","formatid":"gen9nationaldexdoubles","rating":1335,"private":0,"password":""}