{"id":"gen9nationaldexdoubles-1963692956","p1":"toffee1497","p2":"Denvah_17","format":"[Gen 9] National Dex Doubles","log":"|j|\u2606toffee1497\n|j|\u203dDenvah_17\n|t:|1696890488\n|gametype|doubles\n|player|p1|toffee1497|elio|1328\n|player|p2|Denvah_17|alder|1366\n|teamsize|p1|6\n|teamsize|p2|6\n|gen|9\n|tier|[Gen 9] National Dex Doubles\n|rated|\n|rule|HP Percentage Mod: HP is shown in percentages\n|rule|Endless Battle Clause: Forcing endless battles is banned\n|rule|OHKO Clause: OHKO moves are banned\n|rule|Evasion Moves Clause: Evasion moves are banned\n|rule|Evasion Abilities Clause: Evasion abilities are banned\n|rule|Species Clause: Limit one of each Pok\u00e9mon\n|rule|Gravity Sleep Clause: The combination of sleep-inducing moves with imperfect accuracy and Gravity or Gigantamax Orbeetle are banned\n|clearpoke\n|poke|p1|Ribombee, M|\n|poke|p1|Lycanroc-Dusk, M|\n|poke|p1|Feraligatr, M|\n|poke|p1|Primarina, F|\n|poke|p1|Goodra, F|\n|poke|p1|Kommo-o, F|\n|poke|p2|Sinistcha-Masterpiece|\n|poke|p2|Enamorus, F|\n|poke|p2|Volcanion|\n|poke|p2|Scizor, M|\n|poke|p2|Okidogi, M|\n|poke|p2|Ursaluna-Bloodmoon, M|\n|teampreview\n|inactive|Battle timer is ON: inactive players will automatically lose when time's up. (requested by Denvah_17)\n|\n|t:|1696890500\n|start\n|switch|p1a: Ribombee|Ribombee, M|100\/100\n|switch|p1b: Primarina|Primarina, F|100\/100\n|switch|p2a: Enamorus|Enamorus, F|100\/100\n|switch|p2b: Sinistcha|Sinistcha-Masterpiece|100\/100\n|turn|1\n|n|\u2606Denvah_17|denvah17\n|c|\u2606Denvah_17|Dope team! Glhf\n|c|\u2606toffee1497|you too!!\n|inactive|Denvah_17 has 120 seconds left.\n|\n|t:|1696890540\n|switch|p2a: Scizor|Scizor, M|100\/100\n|-terastallize|p1b: Primarina|Fairy\n|move|p1a: Ribombee|Light Screen|p1a: Ribombee\n|-sidestart|p1: toffee1497|move: Light Screen\n|move|p2b: Sinistcha|Calm Mind|p2b: Sinistcha\n|-boost|p2b: Sinistcha|spa|1\n|-boost|p2b: Sinistcha|spd|1\n|move|p1b: Primarina|Calm Mind|p1b: Primarina\n|-boost|p1b: Primarina|spa|1\n|-boost|p1b: Primarina|spd|1\n|\n|upkeep\n|turn|2\n|inactive|Denvah_17 has 120 seconds left.\n|\n|t:|1696890558\n|detailschange|p2a: Scizor|Scizor-Mega, M\n|-mega|p2a: Scizor|Scizor|Scizorite\n|move|p2a: Scizor|Bullet Punch|p1b: Primarina\n|-supereffective|p1b: Primarina\n|-damage|p1b: Primarina|13\/100\n|move|p1a: Ribombee|Reflect|p1a: Ribombee\n|-sidestart|p1: toffee1497|Reflect\n|move|p2b: Sinistcha|Calm Mind|p2b: Sinistcha\n|-boost|p2b: Sinistcha|spa|1\n|-boost|p2b: Sinistcha|spd|1\n|move|p1b: Primarina|Hyper Voice|p2b: Sinistcha|[spread] p2a,p2b\n|-resisted|p2b: Sinistcha\n|-damage|p2a: Scizor|49\/100\n|-damage|p2b: Sinistcha|85\/100\n|\n|upkeep\n|turn|3\n|\n|t:|1696890577\n|move|p2a: Scizor|Bullet Punch|p1b: Primarina\n|-supereffective|p1b: Primarina\n|-damage|p1b: Primarina|0 fnt\n|faint|p1b: Primarina\n|move|p1a: Ribombee|Sticky Web|p2b: Sinistcha\n|-sidestart|p2: Denvah_17|move: Sticky Web\n|move|p2b: Sinistcha|Calm Mind|p2b: Sinistcha\n|-boost|p2b: Sinistcha|spa|1\n|-boost|p2b: Sinistcha|spd|1\n|\n|upkeep\n|\n|t:|1696890585\n|switch|p1b: Feraligatr|Feraligatr, M|100\/100\n|turn|4\n|\n|t:|1696890597\n|move|p2a: Scizor|Bullet Punch|p1a: Ribombee\n|-supereffective|p1a: Ribombee\n|-damage|p1a: Ribombee|14\/100\n|move|p1a: Ribombee|Pollen Puff|p2b: Sinistcha\n|-damage|p2b: Sinistcha|72\/100\n|move|p1b: Feraligatr|Dragon Dance|p1b: Feraligatr\n|-boost|p1b: Feraligatr|atk|1\n|-boost|p1b: Feraligatr|spe|1\n|move|p2b: Sinistcha|Strength Sap|p1b: Feraligatr\n|-unboost|p1b: Feraligatr|atk|1\n|-heal|p2b: Sinistcha|100\/100\n|\n|upkeep\n|turn|5\n|\n|t:|1696890617\n|-terastallize|p2b: Sinistcha|Grass\n|move|p2a: Scizor|Bullet Punch|p1a: Ribombee\n|-supereffective|p1a: Ribombee\n|-damage|p1a: Ribombee|0 fnt\n|faint|p1a: Ribombee\n|move|p1b: Feraligatr|Crunch|p2b: Sinistcha\n|-damage|p2b: Sinistcha|60\/100\n|move|p2b: Sinistcha|Matcha Gotcha|p1b: Feraligatr\n|-supereffective|p1b: Feraligatr\n|-damage|p1b: Feraligatr|0 fnt\n|-heal|p2b: Sinistcha|100\/100|[from] drain|[of] p1b: Feraligatr\n|faint|p1b: Feraligatr\n|\n|-sideend|p1: toffee1497|move: Light Screen\n|upkeep\n|\n|t:|1696890628\n|switch|p1a: Lycanroc|Lycanroc-Dusk, M|100\/100\n|switch|p1b: Kommo-o|Kommo-o, F|100\/100\n|turn|6\n|\n|t:|1696890641\n|switch|p1b: Goodra|Goodra, F|100\/100\n|move|p1a: Lycanroc|Close Combat|p2a: Scizor\n|-damage|p2a: Scizor|14\/100\n|-unboost|p1a: Lycanroc|def|1\n|-unboost|p1a: Lycanroc|spd|1\n|move|p2a: Scizor|Roost|p2a: Scizor\n|-heal|p2a: Scizor|64\/100\n|-singleturn|p2a: Scizor|move: Roost\n|move|p2b: Sinistcha|Matcha Gotcha|p1a: Lycanroc|[spread] p1a\n|-ability|p1b: Goodra|Sap Sipper|boost\n|-boost|p1b: Goodra|atk|1\n|-supereffective|p1a: Lycanroc\n|-crit|p1a: Lycanroc\n|-enditem|p1a: Lycanroc|Focus Sash\n|-damage|p1a: Lycanroc|1\/100\n|-status|p1a: Lycanroc|brn\n|\n|-damage|p1a: Lycanroc|0 fnt|[from] brn\n|faint|p1a: Lycanroc\n|-sideend|p1: toffee1497|Reflect\n|upkeep\n|\n|t:|1696890643\n|switch|p1a: Kommo-o|Kommo-o, F|100\/100\n|turn|7\n|inactive|Denvah_17 has 120 seconds left.\n|\n|t:|1696890673\n|move|p1a: Kommo-o|Flamethrower|p2a: Scizor\n|-supereffective|p2a: Scizor\n|-damage|p2a: Scizor|0 fnt\n|faint|p2a: Scizor\n|move|p2b: Sinistcha|Hex|p1a: Kommo-o\n|-damage|p1a: Kommo-o|20\/100\n|move|p1b: Goodra|Dragon Tail|p2b: Sinistcha\n|-damage|p2b: Sinistcha|72\/100\n|drag|p2b: Ursaluna|Ursaluna-Bloodmoon, M|100\/100\n|-activate|p2b: Ursaluna|move: Sticky Web\n|-unboost|p2b: Ursaluna|spe|1\n|\n|upkeep\n|inactive|Denvah_17 has 120 seconds left.\n|\n|t:|1696890691\n|switch|p2a: Sinistcha|Sinistcha-Masterpiece, tera:Grass|72\/100\n|-activate|p2a: Sinistcha|move: Sticky Web\n|-unboost|p2a: Sinistcha|spe|1\n|turn|8\n|\n|t:|1696890704\n|switch|p2b: Enamorus|Enamorus, F|100\/100\n|-zpower|p1a: Kommo-o\n|move|p1a: Kommo-o|Clangorous Soulblaze|p2a: Sinistcha|[zeffect]|[spread] p2a\n|-immune|p2b: Enamorus\n|-damage|p2a: Sinistcha|0 fnt\n|faint|p2a: Sinistcha\n|-boost|p1a: Kommo-o|atk|1\n|-boost|p1a: Kommo-o|def|1\n|-boost|p1a: Kommo-o|spa|1\n|-boost|p1a: Kommo-o|spd|1\n|-boost|p1a: Kommo-o|spe|1\n|move|p1b: Goodra|Sludge Bomb|p2b: Enamorus\n|-supereffective|p2b: Enamorus\n|-damage|p2b: Enamorus|46\/100\n|-status|p2b: Enamorus|psn\n|\n|-damage|p2b: Enamorus|33\/100 psn|[from] psn\n|upkeep\n|inactive|Denvah_17 has 120 seconds left.\n|\n|t:|1696890722\n|switch|p2a: Okidogi|Okidogi, M|100\/100\n|-activate|p2a: Okidogi|move: Sticky Web\n|-unboost|p2a: Okidogi|spe|1\n|turn|9\n|\n|t:|1696890732\n|move|p1a: Kommo-o|Clanging Scales|p2a: Okidogi|[spread] p2a\n|-immune|p2b: Enamorus\n|-damage|p2a: Okidogi|56\/100\n|-unboost|p1a: Kommo-o|def|1\n|move|p2b: Enamorus|Play Rough|p1b: Goodra|[miss]\n|-miss|p2b: Enamorus|p1b: Goodra\n|move|p1b: Goodra|Sludge Bomb|p2b: Enamorus\n|-supereffective|p2b: Enamorus\n|-damage|p2b: Enamorus|0 fnt\n|faint|p2b: Enamorus\n|move|p2a: Okidogi|Ice Punch|p1a: Kommo-o\n|-supereffective|p1a: Kommo-o\n|-damage|p1a: Kommo-o|0 fnt\n|faint|p1a: Kommo-o\n|\n|upkeep\n|\n|t:|1696890748\n|switch|p2b: Volcanion|Volcanion|100\/100\n|-activate|p2b: Volcanion|move: Sticky Web\n|-unboost|p2b: Volcanion|spe|1\n|turn|10\n|\n|t:|1696890763\n|move|p1b: Goodra|Thunderbolt|p2b: Volcanion\n|-supereffective|p2b: Volcanion\n|-damage|p2b: Volcanion|37\/100\n|-enditem|p2b: Volcanion|Weakness Policy\n|-boost|p2b: Volcanion|atk|2|[from] item: Weakness Policy\n|-boost|p2b: Volcanion|spa|2|[from] item: Weakness Policy\n|move|p2a: Okidogi|Gunk Shot|p1b: Goodra\n|-damage|p1b: Goodra|17\/100\n|-status|p1b: Goodra|psn\n|move|p2b: Volcanion|Steam Eruption|p1b: Goodra\n|-resisted|p1b: Goodra\n|-damage|p1b: Goodra|0 fnt\n|faint|p1b: Goodra\n|\n|win|Denvah_17\n|raw|toffee1497's rating: 1328 &rarr; <strong>1310<\/strong><br \/>(-18 for losing)\n|raw|Denvah_17's rating: 1366 &rarr; <strong>1384<\/strong><br \/>(+18 for winning)\n|c|\u2606toffee1497|gg\n|c|\u2606Denvah_17|gg\n","uploadtime":1696890783,"views":12,"p1id":"toffee1497","p2id":"denvah17","formatid":"gen9nationaldexdoubles","rating":1310,"private":0,"password":""}