{"id":"gen9nationaldexdoubles-1982982401","p1":"Sano the Hareghig","p2":"Theadonia","format":"[Gen 9] National Dex Doubles","log":"|j|\u2606Sano the Hareghig\n|j|\u2606Theadonia\n|t:|1699066048\n|gametype|doubles\n|player|p1|Sano the Hareghig|byron|1159\n|player|p2|Theadonia|roxie|1100\n|teamsize|p1|6\n|teamsize|p2|6\n|gen|9\n|tier|[Gen 9] National Dex Doubles\n|rated|\n|rule|HP Percentage Mod: HP is shown in percentages\n|rule|Endless Battle Clause: Forcing endless battles is banned\n|rule|OHKO Clause: OHKO moves are banned\n|rule|Evasion Moves Clause: Evasion moves are banned\n|rule|Evasion Abilities Clause: Evasion abilities are banned\n|rule|Species Clause: Limit one of each Pok\u00e9mon\n|rule|Gravity Sleep Clause: The combination of sleep-inducing moves with imperfect accuracy and Gravity or Gigantamax Orbeetle are banned\n|clearpoke\n|poke|p1|Yanmega, M|\n|poke|p1|Raikou|\n|poke|p1|Flygon, M|\n|poke|p1|Suicune|\n|poke|p1|Entei|\n|poke|p1|Basculegion, M|\n|poke|p2|Delphox, F|\n|poke|p2|Oricorio-Sensu, F|\n|poke|p2|Kommo-o, M|\n|poke|p2|Wailord, M|\n|poke|p2|Cresselia, F|\n|poke|p2|Ribombee, F|\n|teampreview\n|\n|t:|1699066053\n|start\n|switch|p1a: Yanmega|Yanmega, M|100\/100\n|switch|p1b: Flygon|Flygon, M|100\/100\n|switch|p2a: Oricorio|Oricorio-Sensu, F, shiny|100\/100\n|switch|p2b: Ribombee|Ribombee, F|100\/100\n|turn|1\n|\n|t:|1699066068\n|move|p1a: Yanmega|Protect|p1a: Yanmega\n|-singleturn|p1a: Yanmega|Protect\n|move|p2b: Ribombee|Quiver Dance|p2b: Ribombee\n|-boost|p2b: Ribombee|spa|1\n|-boost|p2b: Ribombee|spd|1\n|-boost|p2b: Ribombee|spe|1\n|-activate|p2a: Oricorio|ability: Dancer\n|move|p2a: Oricorio|Quiver Dance|p2a: Oricorio|[from]ability: Dancer\n|-boost|p2a: Oricorio|spa|1\n|-boost|p2a: Oricorio|spd|1\n|-boost|p2a: Oricorio|spe|1\n|move|p2a: Oricorio|Quiver Dance|p2a: Oricorio\n|-boost|p2a: Oricorio|spa|1\n|-boost|p2a: Oricorio|spd|1\n|-boost|p2a: Oricorio|spe|1\n|move|p1b: Flygon|Dragon Dance|p1b: Flygon\n|-boost|p1b: Flygon|atk|1\n|-boost|p1b: Flygon|spe|1\n|-activate|p2a: Oricorio|ability: Dancer\n|move|p2a: Oricorio|Dragon Dance|p2a: Oricorio|[from]ability: Dancer\n|-boost|p2a: Oricorio|atk|1\n|-boost|p2a: Oricorio|spe|1\n|\n|-ability|p1a: Yanmega|Speed Boost|boost\n|-boost|p1a: Yanmega|spe|1\n|upkeep\n|turn|2\n|c|\u2606Sano the Hareghig|gg\n|\n|t:|1699066102\n|move|p2a: Oricorio|Revelation Dance|p1b: Flygon\n|-damage|p1b: Flygon|10\/100\n|move|p2b: Ribombee|Dazzling Gleam|p1a: Yanmega|[spread] p1a,p1b\n|-supereffective|p1b: Flygon\n|-damage|p1a: Yanmega|25\/100\n|-damage|p1b: Flygon|0 fnt\n|faint|p1b: Flygon\n|move|p1a: Yanmega|Air Slash|p2b: Ribombee\n|-supereffective|p2b: Ribombee\n|-damage|p2b: Ribombee|5\/100\n|\n|-heal|p1a: Yanmega|31\/100|[from] item: Leftovers\n|-ability|p1a: Yanmega|Speed Boost|boost\n|-boost|p1a: Yanmega|spe|1\n|upkeep\n|\n|t:|1699066115\n|switch|p1b: Entei|Entei|100\/100\n|-ability|p1b: Entei|Pressure\n|turn|3\n|\n|t:|1699066126\n|move|p1a: Yanmega|Protect|p1a: Yanmega\n|-singleturn|p1a: Yanmega|Protect\n|move|p1b: Entei|Extreme Speed|p2b: Ribombee\n|-damage|p2b: Ribombee|0 fnt\n|faint|p2b: Ribombee\n|move|p2a: Oricorio|Revelation Dance|p1b: Entei\n|-damage|p1b: Entei|33\/100\n|\n|-heal|p1a: Yanmega|37\/100|[from] item: Leftovers\n|-ability|p1a: Yanmega|Speed Boost|boost\n|-boost|p1a: Yanmega|spe|1\n|upkeep\n|\n|t:|1699066143\n|switch|p2b: Kommo-o|Kommo-o, M, shiny|100\/100\n|turn|4\n|\n|t:|1699066158\n|-terastallize|p1b: Entei|Steel\n|move|p1b: Entei|Extreme Speed|p2b: Kommo-o\n|-damage|p2b: Kommo-o|57\/100\n|move|p1a: Yanmega|Roost|p1a: Yanmega\n|-heal|p1a: Yanmega|87\/100\n|-singleturn|p1a: Yanmega|move: Roost\n|move|p2a: Oricorio|Substitute|p2a: Oricorio\n|-start|p2a: Oricorio|Substitute\n|-damage|p2a: Oricorio|75\/100\n|-zpower|p2b: Kommo-o\n|move|p2b: Kommo-o|Clangorous Soulblaze|p1a: Yanmega|[zeffect]|[spread] p1a,p1b\n|-resisted|p1b: Entei\n|-damage|p1a: Yanmega|2\/100\n|-damage|p1b: Entei|4\/100\n|-boost|p2b: Kommo-o|atk|1\n|-boost|p2b: Kommo-o|def|1\n|-boost|p2b: Kommo-o|spa|1\n|-boost|p2b: Kommo-o|spd|1\n|-boost|p2b: Kommo-o|spe|1\n|\n|-heal|p1a: Yanmega|8\/100|[from] item: Leftovers\n|-ability|p1a: Yanmega|Speed Boost|boost\n|-boost|p1a: Yanmega|spe|1\n|upkeep\n|turn|5\n|\n|t:|1699066185\n|move|p1b: Entei|Extreme Speed|p2b: Kommo-o\n|-damage|p2b: Kommo-o|28\/100\n|move|p1a: Yanmega|Air Slash|p2b: Kommo-o\n|-supereffective|p2b: Kommo-o\n|-damage|p2b: Kommo-o|0 fnt\n|faint|p2b: Kommo-o\n|move|p2a: Oricorio|Revelation Dance|p1a: Yanmega\n|-damage|p1a: Yanmega|0 fnt\n|faint|p1a: Yanmega\n|\n|upkeep\n|\n|t:|1699066203\n|switch|p2b: Cresselia|Cresselia, F|100\/100\n|switch|p1a: Raikou|Raikou|100\/100\n|-ability|p1a: Raikou|Pressure\n|turn|6\n|\n|t:|1699066219\n|move|p1b: Entei|Extreme Speed|p2b: Cresselia\n|-damage|p2b: Cresselia|71\/100\n|move|p2a: Oricorio|Quiver Dance|p2a: Oricorio\n|-boost|p2a: Oricorio|spa|1\n|-boost|p2a: Oricorio|spd|1\n|-boost|p2a: Oricorio|spe|1\n|move|p2b: Cresselia|Psych Up|p2a: Oricorio\n|-copyboost|p2b: Cresselia|p2a: Oricorio|[from] move: Psych Up\n|move|p1a: Raikou|Roar|p2a: Oricorio\n|drag|p2a: Delphox|Delphox, F, shiny|100\/100\n|\n|-heal|p2b: Cresselia|77\/100|[from] item: Leftovers\n|upkeep\n|turn|7\n|\n|t:|1699066237\n|move|p1b: Entei|Extreme Speed|p2a: Delphox\n|-damage|p2a: Delphox|33\/100\n|move|p2b: Cresselia|Stored Power|p1a: Raikou\n|-crit|p1a: Raikou\n|-damage|p1a: Raikou|0 fnt\n|faint|p1a: Raikou\n|move|p2a: Delphox|Heat Wave|p1b: Entei\n|-supereffective|p1b: Entei\n|-crit|p1b: Entei\n|-damage|p1b: Entei|0 fnt\n|faint|p1b: Entei\n|\n|-heal|p2b: Cresselia|83\/100|[from] item: Leftovers\n|upkeep\n|\n|t:|1699066249\n|switch|p1a: Basculegion|Basculegion, M|100\/100\n|switch|p1b: Suicune|Suicune|100\/100\n|-ability|p1b: Suicune|Pressure\n|turn|8\n|\n|t:|1699066265\n|move|p2b: Cresselia|Stored Power|p1a: Basculegion\n|-damage|p1a: Basculegion|0 fnt\n|faint|p1a: Basculegion\n|move|p2a: Delphox|Heat Wave|p1b: Suicune\n|-resisted|p1b: Suicune\n|-damage|p1b: Suicune|82\/100\n|-status|p1b: Suicune|brn\n|move|p1b: Suicune|Toxic|p2b: Cresselia\n|-status|p2b: Cresselia|tox\n|\n|-heal|p2b: Cresselia|89\/100 tox|[from] item: Leftovers\n|-heal|p1b: Suicune|89\/100 brn|[from] item: Leftovers\n|-damage|p2b: Cresselia|83\/100 tox|[from] psn\n|-damage|p1b: Suicune|82\/100 brn|[from] brn\n|upkeep\n|turn|9\n|-message|Sano the Hareghig forfeited.\n|\n|win|Theadonia\n|raw|Sano the Hareghig's rating: 1159 &rarr; <strong>1130<\/strong><br \/>(-29 for losing)\n|raw|Theadonia's rating: 1100 &rarr; <strong>1129<\/strong><br \/>(+29 for winning)\n|l|\u2606Sano the Hareghig\n","uploadtime":1699066282,"views":8,"p1id":"sanothehareghig","p2id":"theadonia","formatid":"gen9nationaldexdoubles","rating":1129,"private":0,"password":""}