{"id":"gen9nationaldexdoubles-1986852990","p1":"xyyyyyz","p2":"Mirrrza","format":"[Gen 9] National Dex Doubles","log":"|j|\u203dxyyyyyz\n|j|\u2606Mirrrza\n|t:|1699534250\n|gametype|doubles\n|player|p1|xyyyyyz|darach-caitlin|1423\n|player|p2|Mirrrza|saturn|1482\n|teamsize|p1|6\n|teamsize|p2|6\n|gen|9\n|tier|[Gen 9] National Dex Doubles\n|rated|\n|rule|HP Percentage Mod: HP is shown in percentages\n|rule|Endless Battle Clause: Forcing endless battles is banned\n|rule|OHKO Clause: OHKO moves are banned\n|rule|Evasion Moves Clause: Evasion moves are banned\n|rule|Evasion Abilities Clause: Evasion abilities are banned\n|rule|Species Clause: Limit one of each Pok\u00e9mon\n|rule|Gravity Sleep Clause: The combination of sleep-inducing moves with imperfect accuracy and Gravity or Gigantamax Orbeetle are banned\n|clearpoke\n|poke|p1|Urshifu-*, F|\n|poke|p1|Kommo-o, M|\n|poke|p1|Volcanion|\n|poke|p1|Tornadus, M|\n|poke|p1|Indeedee-F, F|\n|poke|p1|Salamence, M|\n|poke|p2|Volcarona, M|\n|poke|p2|Smeargle, F|\n|poke|p2|Tapu Lele|\n|poke|p2|Tapu Fini|\n|poke|p2|Suicune|\n|poke|p2|Chien-Pao|\n|teampreview\n|inactive|Battle timer is ON: inactive players will automatically lose when time's up. (requested by Mirrrza)\n|inactive|xyyyyyz also wants the timer to be on.\n|\n|t:|1699534266\n|start\n|switch|p1a: Kommo-o|Kommo-o, M|100\/100\n|switch|p1b: Indeedee|Indeedee-F, F|100\/100\n|switch|p2a: Miami Terror|Volcarona, M|100\/100\n|switch|p2b: Bobby Lee|Smeargle, F|100\/100\n|-fieldstart|move: Psychic Terrain|[from] ability: Psychic Surge|[of] p1b: Indeedee\n|turn|1\n|\n|t:|1699534279\n|move|p2b: Bobby Lee|Wide Guard|p2b: Bobby Lee\n|-singleturn|p2b: Bobby Lee|Wide Guard\n|move|p1b: Indeedee|Follow Me|p1b: Indeedee\n|-singleturn|p1b: Indeedee|move: Follow Me\n|move|p1a: Kommo-o|Belly Drum|p1a: Kommo-o\n|-damage|p1a: Kommo-o|50\/100\n|-setboost|p1a: Kommo-o|atk|6|[from] move: Belly Drum\n|move|p2a: Miami Terror|Quiver Dance|p2a: Miami Terror\n|-boost|p2a: Miami Terror|spa|1\n|-boost|p2a: Miami Terror|spd|1\n|-boost|p2a: Miami Terror|spe|1\n|\n|-ability|p2b: Bobby Lee|Moody|boost\n|-boost|p2b: Bobby Lee|spa|2\n|-unboost|p2b: Bobby Lee|def|1\n|upkeep\n|turn|2\n|\n|t:|1699534298\n|move|p2a: Miami Terror|Protect|p2a: Miami Terror\n|-singleturn|p2a: Miami Terror|Protect\n|move|p1a: Kommo-o|Protect|p1a: Kommo-o\n|-singleturn|p1a: Kommo-o|Protect\n|move|p2b: Bobby Lee|Spore|p1a: Kommo-o\n|-activate|p1a: Kommo-o|move: Protect\n|move|p1b: Indeedee|Trick Room|p1b: Indeedee\n|-fieldstart|move: Trick Room|[of] p1b: Indeedee\n|\n|-ability|p2b: Bobby Lee|Moody|boost\n|-boost|p2b: Bobby Lee|spd|2\n|-unboost|p2b: Bobby Lee|spe|1\n|upkeep\n|turn|3\n|\n|t:|1699534311\n|move|p1b: Indeedee|Follow Me|p1b: Indeedee\n|-singleturn|p1b: Indeedee|move: Follow Me\n|move|p2b: Bobby Lee|Spore|p1b: Indeedee\n|-activate|p1b: Indeedee|item: Safety Goggles|Spore\n|move|p1a: Kommo-o|Breaking Swipe|p2b: Bobby Lee|[spread] p2a,p2b\n|-damage|p2a: Miami Terror|0 fnt\n|-enditem|p2b: Bobby Lee|Focus Sash\n|-damage|p2b: Bobby Lee|1\/100\n|-unboost|p2b: Bobby Lee|atk|1\n|-status|p1a: Kommo-o|brn|[from] ability: Flame Body|[of] p2a: Miami Terror\n|faint|p2a: Miami Terror\n|-damage|p1a: Kommo-o|41\/100 brn|[from] item: Life Orb\n|\n|-damage|p1a: Kommo-o|34\/100 brn|[from] brn\n|-ability|p2b: Bobby Lee|Moody|boost\n|-boost|p2b: Bobby Lee|atk|2\n|-unboost|p2b: Bobby Lee|def|1\n|upkeep\n|\n|t:|1699534327\n|switch|p2a: Mi-Aow|Chien-Pao|100\/100\n|-ability|p2a: Mi-Aow|Sword of Ruin\n|turn|4\n|\n|t:|1699534335\n|move|p2b: Bobby Lee|Wide Guard|p2b: Bobby Lee\n|-singleturn|p2b: Bobby Lee|Wide Guard\n|move|p1b: Indeedee|Follow Me|p1b: Indeedee\n|-singleturn|p1b: Indeedee|move: Follow Me\n|move|p1a: Kommo-o|Breaking Swipe|p2b: Bobby Lee|[spread] \n|-activate|p2a: Mi-Aow|move: Wide Guard\n|-activate|p2b: Bobby Lee|move: Wide Guard\n|move|p2a: Mi-Aow|Crunch|p1b: Indeedee\n|-supereffective|p1b: Indeedee\n|-damage|p1b: Indeedee|0 fnt\n|faint|p1b: Indeedee\n|\n|-damage|p1a: Kommo-o|28\/100 brn|[from] brn\n|-ability|p2b: Bobby Lee|Moody|boost\n|-boost|p2b: Bobby Lee|spa|2\n|-unboost|p2b: Bobby Lee|spd|1\n|upkeep\n|\n|t:|1699534351\n|switch|p1b: Volcanion|Volcanion|100\/100\n|turn|5\n|\n|t:|1699534358\n|switch|p2a: Lana|Tapu Fini|100\/100\n|-fieldstart|move: Misty Terrain|[from] ability: Misty Surge|[of] p2a: Lana\n|move|p1a: Kommo-o|Protect|p1a: Kommo-o\n|-singleturn|p1a: Kommo-o|Protect\n|move|p2b: Bobby Lee|Wide Guard|p2b: Bobby Lee\n|-singleturn|p2b: Bobby Lee|Wide Guard\n|move|p1b: Volcanion|Steam Eruption|p2b: Bobby Lee|[miss]\n|-miss|p1b: Volcanion|p2b: Bobby Lee\n|\n|-damage|p1a: Kommo-o|22\/100 brn|[from] brn\n|-ability|p2b: Bobby Lee|Moody|boost\n|-boost|p2b: Bobby Lee|atk|2\n|-unboost|p2b: Bobby Lee|spd|1\n|upkeep\n|turn|6\n|\n|t:|1699534373\n|switch|p2b: Azura|Suicune|100\/100\n|move|p1a: Kommo-o|Protect||[still]\n|-fail|p1a: Kommo-o\n|move|p1b: Volcanion|Steam Eruption|p2b: Azura\n|-resisted|p2b: Azura\n|-damage|p2b: Azura|75\/100\n|move|p2a: Lana|Dazzling Gleam|p1b: Volcanion|[spread] p1a,p1b\n|-supereffective|p1a: Kommo-o\n|-resisted|p1b: Volcanion\n|-damage|p1a: Kommo-o|0 fnt\n|-damage|p1b: Volcanion|93\/100\n|faint|p1a: Kommo-o\n|\n|-fieldend|move: Trick Room\n|upkeep\n|\n|t:|1699534382\n|switch|p1a: Salamence|Salamence, M|100\/100\n|-ability|p1a: Salamence|Intimidate|boost\n|-unboost|p2a: Lana|atk|1\n|-fail|p2b: Azura|unboost|Attack|[from] ability: Inner Focus|[of] p2b: Azura\n|turn|7\n|\n|t:|1699534394\n|detailschange|p1a: Salamence|Salamence-Mega, M\n|-mega|p1a: Salamence|Salamence|Salamencite\n|move|p1a: Salamence|Draco Meteor|p2b: Azura\n|-damage|p2b: Azura|50\/100\n|-unboost|p1a: Salamence|spa|2\n|move|p2b: Azura|Ice Beam|p1a: Salamence\n|-supereffective|p1a: Salamence\n|-damage|p1a: Salamence|0 fnt\n|faint|p1a: Salamence\n|move|p2a: Lana|Dazzling Gleam|p1b: Volcanion\n|-resisted|p1b: Volcanion\n|-damage|p1b: Volcanion|83\/100\n|move|p1b: Volcanion|Steam Eruption|p2a: Lana\n|-resisted|p2a: Lana\n|-damage|p2a: Lana|75\/100\n|\n|upkeep\n|\n|t:|1699534407\n|switch|p1a: Urshifu|Urshifu-Rapid-Strike, F|100\/100\n|turn|8\n|\n|t:|1699534415\n|switch|p2b: Phoebe|Tapu Lele|100\/100\n|-fieldstart|move: Psychic Terrain|[from] ability: Psychic Surge|[of] p2b: Phoebe\n|move|p1a: Urshifu|Protect|p1a: Urshifu\n|-singleturn|p1a: Urshifu|Protect\n|move|p2a: Lana|Dazzling Gleam|p1a: Urshifu|[spread] p1b\n|-activate|p1a: Urshifu|move: Protect\n|-resisted|p1b: Volcanion\n|-damage|p1b: Volcanion|75\/100\n|move|p1b: Volcanion|Earth Power|p2a: Lana\n|-damage|p2a: Lana|48\/100\n|\n|upkeep\n|turn|9\n|\n|t:|1699534432\n|switch|p2b: Azura|Suicune|50\/100\n|-terastallize|p1a: Urshifu|Water\n|move|p1a: Urshifu|Surging Strikes|p2b: Azura\n|-resisted|p2b: Azura\n|-crit|p2b: Azura\n|-damage|p2b: Azura|38\/100\n|-resisted|p2b: Azura\n|-crit|p2b: Azura\n|-damage|p2b: Azura|25\/100\n|-enditem|p2b: Azura|Aguav Berry|[eat]\n|-heal|p2b: Azura|59\/100|[from] item: Aguav Berry\n|-resisted|p2b: Azura\n|-crit|p2b: Azura\n|-damage|p2b: Azura|47\/100\n|-hitcount|p2b: Azura|3\n|move|p2a: Lana|Dazzling Gleam|p1a: Urshifu|[spread] p1a,p1b\n|-resisted|p1b: Volcanion\n|-damage|p1a: Urshifu|66\/100\n|-damage|p1b: Volcanion|67\/100\n|move|p1b: Volcanion|Earth Power|p2a: Lana\n|-damage|p2a: Lana|21\/100\n|-enditem|p2a: Lana|Mago Berry|[eat]\n|-heal|p2a: Lana|54\/100|[from] item: Mago Berry\n|\n|upkeep\n|turn|10\n|inactive|xyyyyyz has 120 seconds left.\n|\n|t:|1699534478\n|move|p1a: Urshifu|Protect|p1a: Urshifu\n|-singleturn|p1a: Urshifu|Protect\n|move|p2b: Azura|Scald|p1a: Urshifu\n|-activate|p1a: Urshifu|move: Protect\n|move|p2a: Lana|Dazzling Gleam|p1b: Volcanion|[spread] p1b\n|-activate|p1a: Urshifu|move: Protect\n|-resisted|p1b: Volcanion\n|-damage|p1b: Volcanion|59\/100\n|move|p1b: Volcanion|Earth Power|p2a: Lana\n|-damage|p2a: Lana|28\/100\n|\n|upkeep\n|turn|11\n|inactive|xyyyyyz has 120 seconds left.\n|\n|t:|1699534494\n|move|p1a: Urshifu|Close Combat|p2b: Azura\n|-damage|p2b: Azura|1\/100\n|-unboost|p1a: Urshifu|def|1\n|-unboost|p1a: Urshifu|spd|1\n|move|p2b: Azura|Scald|p1a: Urshifu\n|-resisted|p1a: Urshifu\n|-damage|p1a: Urshifu|27\/100\n|move|p2a: Lana|Dazzling Gleam|p1b: Volcanion|[spread] p1a,p1b\n|-resisted|p1b: Volcanion\n|-damage|p1a: Urshifu|0 fnt\n|-damage|p1b: Volcanion|51\/100\n|faint|p1a: Urshifu\n|move|p1b: Volcanion|Earth Power|p2a: Lana\n|-damage|p2a: Lana|2\/100\n|\n|upkeep\n|\n|t:|1699534499\n|switch|p1a: Tornadus|Tornadus, M|100\/100\n|turn|12\n|\n|t:|1699534511\n|move|p1a: Tornadus|Tailwind|p1a: Tornadus\n|-sidestart|p1: xyyyyyz|move: Tailwind\n|move|p1b: Volcanion|Heat Wave|p2a: Lana|[spread] p2a\n|-miss|p1b: Volcanion|p2b: Azura\n|-resisted|p2a: Lana\n|-damage|p2a: Lana|0 fnt\n|faint|p2a: Lana\n|move|p2b: Azura|Ice Beam|p1a: Tornadus\n|-supereffective|p1a: Tornadus\n|-damage|p1a: Tornadus|50\/100\n|\n|-fieldend|move: Psychic Terrain\n|upkeep\n|\n|t:|1699534525\n|switch|p2a: Bobby Lee|Smeargle, F|1\/100\n|turn|13\n|\n|t:|1699534535\n|move|p2a: Bobby Lee|King's Shield|p2a: Bobby Lee\n|-singleturn|p2a: Bobby Lee|Protect\n|move|p1a: Tornadus|Taunt|p2a: Bobby Lee\n|-start|p2a: Bobby Lee|move: Taunt\n|move|p1b: Volcanion|Heat Wave|p2b: Azura|[spread] p2b\n|-activate|p2a: Bobby Lee|move: Protect\n|-resisted|p2b: Azura\n|-damage|p2b: Azura|0 fnt\n|faint|p2b: Azura\n|\n|-ability|p2a: Bobby Lee|Moody|boost\n|-boost|p2a: Bobby Lee|spa|2\n|-unboost|p2a: Bobby Lee|spe|1\n|upkeep\n|\n|t:|1699534548\n|switch|p2b: Mi-Aow|Chien-Pao|100\/100\n|-ability|p2b: Mi-Aow|Sword of Ruin\n|turn|14\n|\n|t:|1699534554\n|switch|p2a: Phoebe|Tapu Lele|100\/100\n|-fieldstart|move: Psychic Terrain|[from] ability: Psychic Surge|[of] p2a: Phoebe\n|move|p2b: Mi-Aow|Protect|p2b: Mi-Aow\n|-singleturn|p2b: Mi-Aow|Protect\n|move|p1a: Tornadus|Bleakwind Storm|p2b: Mi-Aow|[spread] p2a\n|-activate|p2b: Mi-Aow|move: Protect\n|-damage|p2a: Phoebe|71\/100\n|move|p1b: Volcanion|Heat Wave|p2a: Phoebe|[spread] p2a\n|-activate|p2b: Mi-Aow|move: Protect\n|-damage|p2a: Phoebe|36\/100\n|\n|upkeep\n|turn|15\n|\n|t:|1699534573\n|move|p2a: Phoebe|Protect|p2a: Phoebe\n|-singleturn|p2a: Phoebe|Protect\n|move|p1a: Tornadus|Bleakwind Storm|p2a: Phoebe|[spread] p2b\n|-activate|p2a: Phoebe|move: Protect\n|-damage|p2b: Mi-Aow|51\/100\n|move|p2b: Mi-Aow|Crunch|p1a: Tornadus\n|-damage|p1a: Tornadus|0 fnt\n|faint|p1a: Tornadus\n|move|p1b: Volcanion|Heat Wave|p2b: Mi-Aow|[spread] \n|-activate|p2a: Phoebe|move: Protect\n|-miss|p1b: Volcanion|p2b: Mi-Aow\n|\n|-sideend|p1: xyyyyyz|move: Tailwind\n|upkeep\n|turn|16\n|\n|t:|1699534597\n|switch|p2a: Bobby Lee|Smeargle, F|1\/100\n|move|p2b: Mi-Aow|Crunch|p1b: Volcanion\n|-damage|p1b: Volcanion|6\/100\n|-unboost|p1b: Volcanion|def|1\n|move|p1b: Volcanion|Heat Wave|p2a: Bobby Lee|[spread] p2b\n|-miss|p1b: Volcanion|p2a: Bobby Lee\n|-supereffective|p2b: Mi-Aow\n|-damage|p2b: Mi-Aow|0 fnt\n|faint|p2b: Mi-Aow\n|\n|-ability|p2a: Bobby Lee|Moody|boost\n|-boost|p2a: Bobby Lee|def|2\n|-unboost|p2a: Bobby Lee|spd|1\n|upkeep\n|-message|xyyyyyz forfeited.\n|\n|win|Mirrrza\n|raw|xyyyyyz's rating: 1423 &rarr; <strong>1406<\/strong><br \/>(-17 for losing)\n|raw|Mirrrza's rating: 1482 &rarr; <strong>1499<\/strong><br \/>(+17 for winning)\n","uploadtime":1699534615,"views":5,"p1id":"xyyyyyz","p2id":"mirrrza","formatid":"gen9nationaldexdoubles","rating":1406,"private":0,"password":""}