{"id":"gen9nationaldexdoubles-1976969645","p1":"knaylor","p2":"fumbari 24","format":"[Gen 9] National Dex Doubles","log":"|j|\u2606knaylor\n|j|\u2606fumbari 24\n|t:|1698357251\n|gametype|doubles\n|player|p1|knaylor|lucas|1302\n|player|p2|fumbari 24|hilbert|1480\n|teamsize|p1|6\n|teamsize|p2|6\n|gen|9\n|tier|[Gen 9] National Dex Doubles\n|rated|\n|rule|HP Percentage Mod: HP is shown in percentages\n|rule|Endless Battle Clause: Forcing endless battles is banned\n|rule|OHKO Clause: OHKO moves are banned\n|rule|Evasion Moves Clause: Evasion moves are banned\n|rule|Evasion Abilities Clause: Evasion abilities are banned\n|rule|Species Clause: Limit one of each Pok\u00e9mon\n|rule|Gravity Sleep Clause: The combination of sleep-inducing moves with imperfect accuracy and Gravity or Gigantamax Orbeetle are banned\n|clearpoke\n|poke|p1|Landorus-Therian, M|\n|poke|p1|Serperior, M|\n|poke|p1|Rotom-Wash|\n|poke|p1|Tapu Koko|\n|poke|p1|Volcarona, M|\n|poke|p1|Audino, F|\n|poke|p2|Blastoise, M|\n|poke|p2|Braviary, M|\n|poke|p2|Chien-Pao|\n|poke|p2|Landorus-Therian, M|\n|poke|p2|Armarouge, M|\n|poke|p2|Arboliva, F|\n|teampreview\n|inactive|Battle timer is ON: inactive players will automatically lose when time's up. (requested by fumbari 24)\n|\n|t:|1698357285\n|start\n|switch|p1a: Tapu Koko|Tapu Koko|100\/100\n|switch|p1b: Rotom|Rotom-Wash|100\/100\n|switch|p2a: D.K|Braviary, M|100\/100\n|switch|p2b: Wildfire|Armarouge, M|100\/100\n|-fieldstart|move: Electric Terrain|[from] ability: Electric Surge|[of] p1a: Tapu Koko\n|turn|1\n|\n|t:|1698357296\n|switch|p2a: Olivia|Arboliva, F|100\/100\n|-terastallize|p2b: Wildfire|Grass\n|move|p1a: Tapu Koko|Calm Mind|p1a: Tapu Koko\n|-boost|p1a: Tapu Koko|spa|1\n|-boost|p1a: Tapu Koko|spd|1\n|move|p1b: Rotom|Hydro Pump|p2b: Wildfire\n|-resisted|p2b: Wildfire\n|-damage|p2b: Wildfire|77\/100\n|move|p2b: Wildfire|Trick Room|p2b: Wildfire\n|-fieldstart|move: Trick Room|[of] p2b: Wildfire\n|\n|upkeep\n|turn|2\n|\n|t:|1698357318\n|move|p2a: Olivia|Hyper Voice|p1a: Tapu Koko|[spread] p1a,p1b\n|-damage|p1a: Tapu Koko|76\/100\n|-damage|p1b: Rotom|65\/100\n|move|p2b: Wildfire|Psyshock|p1a: Tapu Koko\n|-damage|p1a: Tapu Koko|37\/100\n|move|p1b: Rotom|Psych Up|p1a: Tapu Koko\n|-copyboost|p1b: Rotom|p1a: Tapu Koko|[from] move: Psych Up\n|move|p1a: Tapu Koko|Calm Mind|p1a: Tapu Koko\n|-boost|p1a: Tapu Koko|spa|1\n|-boost|p1a: Tapu Koko|spd|1\n|\n|-heal|p1b: Rotom|71\/100|[from] item: Leftovers\n|upkeep\n|turn|3\n|\n|t:|1698357334\n|move|p1a: Tapu Koko|Protect|p1a: Tapu Koko\n|-singleturn|p1a: Tapu Koko|Protect\n|move|p2a: Olivia|Hyper Voice|p1b: Rotom|[spread] p1b\n|-activate|p1a: Tapu Koko|move: Protect\n|-crit|p1b: Rotom\n|-damage|p1b: Rotom|16\/100\n|move|p2b: Wildfire|Psyshock|p1a: Tapu Koko\n|-activate|p1a: Tapu Koko|move: Protect\n|move|p1b: Rotom|Rising Voltage|p2b: Wildfire\n|-hint|Rising Voltage's BP doubled on grounded target.\n|-resisted|p2b: Wildfire\n|-damage|p2b: Wildfire|27\/100\n|\n|-heal|p1b: Rotom|22\/100|[from] item: Leftovers\n|upkeep\n|turn|4\n|inactive|knaylor has 120 seconds left.\n|\n|t:|1698357370\n|switch|p1b: Landorus|Landorus-Therian, M|100\/100\n|-ability|p1b: Landorus|Intimidate|boost\n|-unboost|p2a: Olivia|atk|1\n|-unboost|p2b: Wildfire|atk|1\n|move|p1a: Tapu Koko|Protect||[still]\n|-fail|p1a: Tapu Koko\n|move|p2a: Olivia|Hyper Voice|p1b: Landorus|[spread] p1a,p1b\n|-damage|p1a: Tapu Koko|15\/100\n|-damage|p1b: Landorus|76\/100\n|move|p2b: Wildfire|Psyshock|p1a: Tapu Koko\n|-damage|p1a: Tapu Koko|0 fnt\n|faint|p1a: Tapu Koko\n|\n|upkeep\n|\n|t:|1698357379\n|switch|p1a: Serperior|Serperior, M|100\/100\n|turn|5\n|\n|t:|1698357391\n|move|p2a: Olivia|Pollen Puff|p2b: Wildfire\n|-heal|p2b: Wildfire|77\/100\n|move|p2b: Wildfire|Heat Wave|p1a: Serperior|[spread] p1a,p1b\n|-supereffective|p1a: Serperior\n|-damage|p1a: Serperior|29\/100\n|-damage|p1b: Landorus|51\/100\n|move|p1b: Landorus|Bulldoze|p2a: Olivia|[spread] p1a,p2a,p2b\n|-resisted|p1a: Serperior\n|-resisted|p2a: Olivia\n|-resisted|p2b: Wildfire\n|-damage|p1a: Serperior|17\/100\n|-damage|p2a: Olivia|90\/100\n|-damage|p2b: Wildfire|65\/100\n|-boost|p1a: Serperior|spe|1\n|-unboost|p2a: Olivia|spe|1\n|-fieldstart|move: Grassy Terrain|[from] ability: Seed Sower|[of] p2a: Olivia\n|move|p1a: Serperior|Leaf Storm|p2b: Wildfire\n|-resisted|p2b: Wildfire\n|-damage|p2b: Wildfire|46\/100\n|-boost|p1a: Serperior|spa|2\n|\n|-heal|p2a: Olivia|96\/100|[from] Grassy Terrain\n|-heal|p2a: Olivia|100\/100|[from] item: Leftovers\n|-heal|p2b: Wildfire|52\/100|[from] Grassy Terrain\n|-heal|p1a: Serperior|23\/100|[from] Grassy Terrain\n|-heal|p1a: Serperior|30\/100|[from] item: Leftovers\n|-fieldend|move: Trick Room\n|upkeep\n|turn|6\n|inactive|knaylor has 120 seconds left.\n|\n|t:|1698357428\n|move|p1a: Serperior|Leaf Storm|p2b: Wildfire|[miss]\n|-miss|p1a: Serperior|p2b: Wildfire\n|move|p1b: Landorus|U-turn|p2b: Wildfire\n|-supereffective|p2b: Wildfire\n|-damage|p2b: Wildfire|1\/100\n|\n|t:|1698357434\n|switch|p1b: Volcarona|Volcarona, M|100\/100|[from] U-turn\n|move|p2a: Olivia|Pollen Puff|p1a: Serperior\n|-supereffective|p1a: Serperior\n|-damage|p1a: Serperior|0 fnt\n|faint|p1a: Serperior\n|move|p2b: Wildfire|Trick Room|p2b: Wildfire\n|-fieldstart|move: Trick Room|[of] p2b: Wildfire\n|\n|-heal|p2b: Wildfire|7\/100|[from] Grassy Terrain\n|upkeep\n|\n|t:|1698357444\n|switch|p1a: Audino|Audino, F|100\/100\n|turn|7\n|\n|t:|1698357462\n|detailschange|p1a: Audino|Audino-Mega, F\n|-mega|p1a: Audino|Audino|Audinite\n|move|p2a: Olivia|Pollen Puff|p2b: Wildfire\n|-heal|p2b: Wildfire|57\/100\n|move|p1a: Audino|Wish|p1a: Audino\n|move|p2b: Wildfire|Heat Wave|p1b: Volcarona|[spread] p1a,p1b\n|-damage|p1a: Audino|77\/100\n|-damage|p1b: Volcarona|69\/100\n|move|p1b: Volcarona|Heat Wave|p2a: Olivia|[spread] p2a\n|-start|p2b: Wildfire|ability: Flash Fire\n|-supereffective|p2a: Olivia\n|-damage|p2a: Olivia|42\/100\n|\n|-heal|p2a: Olivia|48\/100|[from] Grassy Terrain\n|-heal|p2a: Olivia|54\/100|[from] item: Leftovers\n|-heal|p1a: Audino|83\/100|[from] Grassy Terrain\n|-heal|p2b: Wildfire|63\/100|[from] Grassy Terrain\n|-heal|p1b: Volcarona|75\/100|[from] Grassy Terrain\n|upkeep\n|turn|8\n|\n|t:|1698357480\n|move|p1a: Audino|Ally Switch|p1a: Audino\n|swap|p1a: Audino|1|[from] move: Ally Switch\n|move|p2a: Olivia|Hyper Voice|p1a: Volcarona|[spread] p1a,p1b\n|-damage|p1a: Volcarona|47\/100\n|-damage|p1b: Audino|60\/100\n|move|p2b: Wildfire|Heat Wave|p1a: Volcarona|[spread] p1a,p1b\n|-damage|p1a: Volcarona|2\/100\n|-damage|p1b: Audino|23\/100\n|move|p1a: Volcarona|Bug Buzz|p2b: Wildfire\n|-supereffective|p2b: Wildfire\n|-damage|p2b: Wildfire|0 fnt\n|faint|p2b: Wildfire\n|\n|-heal|p1a: Volcarona|57\/100|[from] move: Wish|[wisher] Audino\n|-heal|p2a: Olivia|60\/100|[from] Grassy Terrain\n|-heal|p2a: Olivia|67\/100|[from] item: Leftovers\n|-heal|p1b: Audino|29\/100|[from] Grassy Terrain\n|-heal|p1a: Volcarona|63\/100|[from] Grassy Terrain\n|upkeep\n|\n|t:|1698357494\n|switch|p2b: Bastion|Blastoise, M|100\/100\n|turn|9\n|\n|t:|1698357505\n|switch|p1a: Rotom|Rotom-Wash|22\/100\n|detailschange|p2b: Bastion|Blastoise-Mega, M\n|-mega|p2b: Bastion|Blastoise|Blastoisinite\n|move|p2a: Olivia|Hyper Voice|p1b: Audino|[spread] p1a,p1b\n|-damage|p1a: Rotom|0 fnt\n|-damage|p1b: Audino|6\/100\n|faint|p1a: Rotom\n|move|p1b: Audino|Wish|p1b: Audino\n|move|p2b: Bastion|Water Spout|p1b: Audino\n|-damage|p1b: Audino|0 fnt\n|faint|p1b: Audino\n|\n|-heal|p2a: Olivia|73\/100|[from] Grassy Terrain\n|-heal|p2a: Olivia|79\/100|[from] item: Leftovers\n|-fieldend|move: Grassy Terrain\n|upkeep\n|\n|t:|1698357515\n|switch|p1b: Volcarona|Volcarona, M|63\/100\n|switch|p1a: Landorus|Landorus-Therian, M|51\/100\n|-ability|p1a: Landorus|Intimidate|boost\n|-unboost|p2a: Olivia|atk|1\n|-unboost|p2b: Bastion|atk|1\n|turn|10\n|\n|t:|1698357528\n|-terastallize|p1b: Volcarona|Bug\n|move|p2a: Olivia|Hyper Voice|p1b: Volcarona|[spread] p1a,p1b\n|-damage|p1a: Landorus|29\/100\n|-damage|p1b: Volcarona|34\/100\n|move|p2b: Bastion|Shell Smash|p2b: Bastion\n|-unboost|p2b: Bastion|def|1\n|-unboost|p2b: Bastion|spd|1\n|-boost|p2b: Bastion|atk|2\n|-boost|p2b: Bastion|spa|2\n|-boost|p2b: Bastion|spe|2\n|move|p1b: Volcarona|Quiver Dance|p1b: Volcarona\n|-boost|p1b: Volcarona|spa|1\n|-boost|p1b: Volcarona|spd|1\n|-boost|p1b: Volcarona|spe|1\n|move|p1a: Landorus|Rock Slide|p2b: Bastion|[spread] p2a,p2b\n|-damage|p2a: Olivia|59\/100\n|-damage|p2b: Bastion|73\/100\n|-fieldstart|move: Grassy Terrain|[from] ability: Seed Sower|[of] p2a: Olivia\n|\n|-heal|p1b: Volcarona|89\/100|[from] move: Wish|[wisher] Audino\n|-heal|p2a: Olivia|65\/100|[from] Grassy Terrain\n|-heal|p2a: Olivia|71\/100|[from] item: Leftovers\n|-heal|p1b: Volcarona|95\/100|[from] Grassy Terrain\n|-heal|p2b: Bastion|79\/100|[from] Grassy Terrain\n|-fieldend|move: Trick Room\n|upkeep\n|turn|11\n|\n|t:|1698357540\n|move|p2b: Bastion|Water Spout|p1a: Landorus|[spread] p1a,p1b\n|-supereffective|p1a: Landorus\n|-damage|p1a: Landorus|0 fnt\n|-damage|p1b: Volcarona|31\/100\n|faint|p1a: Landorus\n|move|p1b: Volcarona|Quiver Dance|p1b: Volcarona\n|-boost|p1b: Volcarona|spa|1\n|-boost|p1b: Volcarona|spd|1\n|-boost|p1b: Volcarona|spe|1\n|move|p2a: Olivia|Hyper Voice|p1b: Volcarona\n|-damage|p1b: Volcarona|11\/100\n|\n|-heal|p1b: Volcarona|18\/100|[from] Grassy Terrain\n|-heal|p2b: Bastion|85\/100|[from] Grassy Terrain\n|-heal|p2a: Olivia|77\/100|[from] Grassy Terrain\n|-heal|p2a: Olivia|83\/100|[from] item: Leftovers\n|upkeep\n|turn|12\n|\n|t:|1698357551\n|move|p2b: Bastion|Protect|p2b: Bastion\n|-singleturn|p2b: Bastion|Protect\n|move|p1b: Volcarona|Bug Buzz|p2b: Bastion\n|-activate|p2b: Bastion|move: Protect\n|move|p2a: Olivia|Hyper Voice|p1b: Volcarona\n|-damage|p1b: Volcarona|0 fnt\n|faint|p1b: Volcarona\n|\n|win|fumbari 24\n|raw|knaylor's rating: 1302 &rarr; <strong>1292<\/strong><br \/>(-10 for losing)\n|raw|fumbari 24's rating: 1488 &rarr; <strong>1498<\/strong><br \/>(+10 for winning)\n|l|\u2606knaylor\n","uploadtime":1698357563,"views":8,"p1id":"knaylor","p2id":"fumbari24","formatid":"gen9nationaldexdoubles","rating":1292,"private":0,"password":""}