{"id":"gen9nationaldexdoubles-1978252498","p1":"andylatvia673","p2":"conifirous","format":"[Gen 9] National Dex Doubles","log":"|j|\u2606andylatvia673\n|j|\u2606conifirous\n|t:|1698517342\n|gametype|doubles\n|player|p1|andylatvia673|red|1037\n|player|p2|conifirous|cheren-gen5bw2|1091\n|teamsize|p1|6\n|teamsize|p2|6\n|gen|9\n|tier|[Gen 9] National Dex Doubles\n|rated|\n|rule|HP Percentage Mod: HP is shown in percentages\n|rule|Endless Battle Clause: Forcing endless battles is banned\n|rule|OHKO Clause: OHKO moves are banned\n|rule|Evasion Moves Clause: Evasion moves are banned\n|rule|Evasion Abilities Clause: Evasion abilities are banned\n|rule|Species Clause: Limit one of each Pok\u00e9mon\n|rule|Gravity Sleep Clause: The combination of sleep-inducing moves with imperfect accuracy and Gravity or Gigantamax Orbeetle are banned\n|clearpoke\n|poke|p1|Mimikyu, F|\n|poke|p1|Raboot, M|\n|poke|p1|Lucario, M|\n|poke|p1|Quaxly, M|\n|poke|p1|Umbreon, M|\n|poke|p1|Darkrai|\n|poke|p2|Jirachi|\n|poke|p2|Mismagius, F|\n|poke|p2|Audino, F|\n|poke|p2|Delphox, F|\n|poke|p2|Mienshao, M|\n|poke|p2|Altaria, F|\n|teampreview\n|c|\u2606conifirous|i must not underestimate\n|\n|t:|1698517360\n|start\n|switch|p1a: Mortimer|Umbreon, M|100\/100\n|switch|p1b: Acephalous|Lucario, M|100\/100\n|switch|p2a: Machiavellian Bach|Jirachi|100\/100\n|switch|p2b: Get mad !!!|Mienshao, M|100\/100\n|turn|1\n|\n|t:|1698517388\n|detailschange|p1b: Acephalous|Lucario-Mega, M\n|-mega|p1b: Acephalous|Lucario|Lucarionite\n|-terastallize|p1a: Mortimer|Dark\n|move|p2b: Get mad !!!|Fake Out|p1a: Mortimer\n|-damage|p1a: Mortimer|85\/100\n|-damage|p2b: Get mad !!!|91\/100|[from] item: Life Orb\n|move|p1b: Acephalous|Drain Punch|p2b: Get mad !!!\n|-damage|p2b: Get mad !!!|0 fnt\n|faint|p2b: Get mad !!!\n|move|p2a: Machiavellian Bach|Cosmic Power|p2a: Machiavellian Bach\n|-boost|p2a: Machiavellian Bach|def|1\n|-boost|p2a: Machiavellian Bach|spd|1\n|cant|p1a: Mortimer|flinch\n|\n|upkeep\n|\n|t:|1698517436\n|switch|p2b: Yes !|Audino, F|100\/100\n|turn|2\n|\n|t:|1698517453\n|move|p1b: Acephalous|Close Combat|p2b: Yes !\n|-supereffective|p2b: Yes !\n|-damage|p2b: Yes !|0 fnt\n|-unboost|p1b: Acephalous|def|1\n|-unboost|p1b: Acephalous|spd|1\n|-damage|p1b: Acephalous|84\/100|[from] item: Rocky Helmet|[of] p2b: Yes !\n|faint|p2b: Yes !\n|move|p2a: Machiavellian Bach|Cosmic Power|p2a: Machiavellian Bach\n|-boost|p2a: Machiavellian Bach|def|1\n|-boost|p2a: Machiavellian Bach|spd|1\n|move|p1a: Mortimer|Scary Face|p2a: Machiavellian Bach\n|-unboost|p2a: Machiavellian Bach|spe|2\n|\n|upkeep\n|\n|t:|1698517470\n|switch|p2b: Lemonade|Delphox, F|100\/100\n|turn|3\n|\n|t:|1698517491\n|switch|p1b: negative mickey|Mimikyu, F, shiny|100\/100\n|switch|p1a: Undying|Darkrai|100\/100\n|-terastallize|p2b: Lemonade|Fire\n|move|p2b: Lemonade|Heat Wave|p1a: Undying|[spread] p1a\n|-miss|p2b: Lemonade|p1b: negative mickey\n|-damage|p1a: Undying|35\/100\n|-damage|p2b: Lemonade|91\/100|[from] item: Life Orb\n|move|p2a: Machiavellian Bach|Charge Beam|p1a: Undying\n|-damage|p1a: Undying|21\/100\n|-boost|p2a: Machiavellian Bach|spa|1\n|\n|upkeep\n|turn|4\n|\n|t:|1698517532\n|move|p2b: Lemonade|Heat Wave|p1a: Undying|[spread] p1b\n|-miss|p2b: Lemonade|p1a: Undying\n|-activate|p1b: negative mickey|ability: Disguise\n|-damage|p1b: negative mickey|100\/100\n|detailschange|p1b: negative mickey|Mimikyu-Busted, F, shiny\n|-damage|p1b: negative mickey|88\/100|[from] pokemon: Mimikyu-Busted\n|-damage|p2b: Lemonade|81\/100|[from] item: Life Orb\n|move|p1a: Undying|Scary Face|p2b: Lemonade\n|-unboost|p2b: Lemonade|spe|2\n|move|p1b: negative mickey|Shadow Ball|p2a: Machiavellian Bach\n|-supereffective|p2a: Machiavellian Bach\n|-damage|p2a: Machiavellian Bach|88\/100\n|move|p2a: Machiavellian Bach|Baton Pass|p2a: Machiavellian Bach\n|\n|t:|1698517572\n|switch|p2a: Fluffy|Altaria, F|100\/100|[from] Baton Pass\n|\n|upkeep\n|turn|5\n|\n|t:|1698517588\n|switch|p1a: Acephalous|Lucario-Mega, M|84\/100\n|switch|p1b: Mortimer|Umbreon, M, tera:Dark|85\/100\n|detailschange|p2a: Fluffy|Altaria-Mega, F\n|-mega|p2a: Fluffy|Altaria|Altarianite\n|move|p2b: Lemonade|Heat Wave|p1a: Acephalous|[spread] p1a,p1b\n|-supereffective|p1a: Acephalous\n|-damage|p1a: Acephalous|0 fnt\n|-damage|p1b: Mortimer|42\/100\n|faint|p1a: Acephalous\n|-damage|p2b: Lemonade|71\/100|[from] item: Life Orb\n|move|p2a: Fluffy|Hyper Voice|p1b: Mortimer\n|-supereffective|p1b: Mortimer\n|-damage|p1b: Mortimer|0 fnt\n|faint|p1b: Mortimer\n|\n|upkeep\n|\n|t:|1698517608\n|switch|p1a: Disembodied|Quaxly, M|100\/100\n|switch|p1b: Oswald|Raboot, M|100\/100\n|turn|6\n|\n|t:|1698517628\n|switch|p2b: Machiavellian Bach|Jirachi|88\/100\n|-zpower|p1b: Oswald\n|move|p1b: Oswald|Inferno Overdrive|p2a: Fluffy|[zeffect]\n|-resisted|p2a: Fluffy\n|-damage|p2a: Fluffy|85\/100\n|move|p1a: Disembodied|Hydro Pump|p2b: Machiavellian Bach\n|-damage|p2b: Machiavellian Bach|72\/100\n|move|p2a: Fluffy|Hyper Voice|p1b: Oswald|[spread] p1a,p1b\n|-resisted|p1b: Oswald\n|-damage|p1a: Disembodied|6\/100\n|-damage|p1b: Oswald|61\/100\n|-enditem|p1a: Disembodied|Aguav Berry|[eat]\n|-heal|p1a: Disembodied|39\/100|[from] item: Aguav Berry\n|\n|-heal|p2b: Machiavellian Bach|78\/100|[from] item: Leftovers\n|upkeep\n|turn|7\n|\n|t:|1698517655\n|move|p1b: Oswald|High Jump Kick|p2b: Machiavellian Bach\n|-damage|p2b: Machiavellian Bach|55\/100\n|move|p2b: Machiavellian Bach|Cosmic Power|p2b: Machiavellian Bach\n|-boost|p2b: Machiavellian Bach|def|1\n|-boost|p2b: Machiavellian Bach|spd|1\n|move|p1a: Disembodied|Last Resort||[still]\n|-fail|p1a: Disembodied\n|move|p2a: Fluffy|Hyper Voice|p1a: Disembodied|[spread] p1a,p1b\n|-resisted|p1b: Oswald\n|-damage|p1a: Disembodied|0 fnt\n|-damage|p1b: Oswald|20\/100\n|faint|p1a: Disembodied\n|\n|-heal|p2b: Machiavellian Bach|61\/100|[from] item: Leftovers\n|upkeep\n|\n|t:|1698517672\n|switch|p1a: negative mickey|Mimikyu-Busted, F, shiny|88\/100\n|turn|8\n|\n|t:|1698517690\n|move|p1b: Oswald|High Jump Kick|p2a: Fluffy\n|-resisted|p2a: Fluffy\n|-damage|p2a: Fluffy|79\/100\n|move|p1a: negative mickey|Toxic|p2b: Machiavellian Bach\n|-immune|p2b: Machiavellian Bach\n|move|p2b: Machiavellian Bach|Charge Beam|p1a: negative mickey\n|-damage|p1a: negative mickey|75\/100\n|-boost|p2b: Machiavellian Bach|spa|1\n|move|p2a: Fluffy|Hyper Voice|p1b: Oswald|[spread] p1a,p1b\n|-resisted|p1b: Oswald\n|-damage|p1a: negative mickey|22\/100\n|-damage|p1b: Oswald|0 fnt\n|faint|p1b: Oswald\n|\n|-heal|p2b: Machiavellian Bach|67\/100|[from] item: Leftovers\n|upkeep\n|\n|t:|1698517707\n|switch|p1b: Undying|Darkrai|21\/100\n|turn|9\n|\n|t:|1698517724\n|move|p1b: Undying|Hidden Power|p2b: Machiavellian Bach\n|-supereffective|p2b: Machiavellian Bach\n|-damage|p2b: Machiavellian Bach|48\/100\n|move|p1a: negative mickey|Shadow Ball|p2a: Fluffy\n|-damage|p2a: Fluffy|71\/100\n|move|p2b: Machiavellian Bach|Charge Beam|p1a: negative mickey\n|-damage|p1a: negative mickey|4\/100\n|-boost|p2b: Machiavellian Bach|spa|1\n|move|p2a: Fluffy|Hyper Voice|p1b: Undying|[spread] p1a,p1b\n|-supereffective|p1b: Undying\n|-damage|p1a: negative mickey|0 fnt\n|-damage|p1b: Undying|0 fnt\n|faint|p1a: negative mickey\n|faint|p1b: Undying\n|\n|win|conifirous\n|raw|andylatvia673's rating: 1037 &rarr; <strong>1024<\/strong><br \/>(-13 for losing)\n|raw|conifirous's rating: 1091 &rarr; <strong>1113<\/strong><br \/>(+22 for winning)\n|l|\u2606andylatvia673\n","uploadtime":1698517742,"views":23,"p1id":"andylatvia673","p2id":"conifirous","formatid":"gen9nationaldexdoubles","rating":1024,"private":0,"password":""}