{"id":"gen9nationaldexdoubles-1994344112","p1":"DazzlingBrilliance","p2":"CR4SHC0URS3","format":"[Gen 9] National Dex Doubles","log":"|j|\u2606DazzlingBrilliance\n|j|\u2606CR4SHC0URS3\n|t:|1700433303\n|gametype|doubles\n|player|p1|DazzlingBrilliance|striker|1177\n|player|p2|CR4SHC0URS3|alec-anime|1116\n|teamsize|p1|6\n|teamsize|p2|6\n|gen|9\n|tier|[Gen 9] National Dex Doubles\n|rated|\n|rule|HP Percentage Mod: HP is shown in percentages\n|rule|Endless Battle Clause: Forcing endless battles is banned\n|rule|OHKO Clause: OHKO moves are banned\n|rule|Evasion Moves Clause: Evasion moves are banned\n|rule|Evasion Abilities Clause: Evasion abilities are banned\n|rule|Species Clause: Limit one of each Pok\u00e9mon\n|rule|Gravity Sleep Clause: The combination of sleep-inducing moves with imperfect accuracy and Gravity or Gigantamax Orbeetle are banned\n|clearpoke\n|poke|p1|Blissey, F|\n|poke|p1|Eldegoss, F|\n|poke|p1|Golduck, M|\n|poke|p1|Dodrio, M|\n|poke|p1|Hitmonchan, M|\n|poke|p1|Chandelure, M|\n|poke|p2|Scyther, M|\n|poke|p2|Heracross, M|\n|poke|p2|Ribombee, F|\n|poke|p2|Accelgor, M|\n|poke|p2|Escavalier, M|\n|poke|p2|Armaldo, M|\n|teampreview\n|inactive|Battle timer is ON: inactive players will automatically lose when time's up. (requested by CR4SHC0URS3)\n|\n|t:|1700433324\n|start\n|switch|p1a: Blissey|Blissey, F, shiny|100\/100\n|switch|p1b: Dodrio|Dodrio, M, shiny|100\/100\n|switch|p2a: Ferngully|Ribombee, F, shiny|100\/100\n|switch|p2b: Elcove|Scyther, M, shiny|100\/100\n|turn|1\n|\n|t:|1700433353\n|-terastallize|p2b: Elcove|Normal\n|move|p2a: Ferngully|Quiver Dance|p2a: Ferngully\n|-boost|p2a: Ferngully|spa|1\n|-boost|p2a: Ferngully|spd|1\n|-boost|p2a: Ferngully|spe|1\n|move|p2b: Elcove|Swords Dance|p2b: Elcove\n|-boost|p2b: Elcove|atk|2\n|move|p1b: Dodrio|Acupressure|p1a: Blissey\n|-boost|p1a: Blissey|spd|2\n|move|p1a: Blissey|Charge Beam|p2b: Elcove\n|-damage|p2b: Elcove|92\/100\n|-boost|p1a: Blissey|spa|1\n|\n|upkeep\n|turn|2\n|\n|t:|1700433376\n|switch|p1b: Eldegoss|Eldegoss, F, shiny|100\/100\n|move|p2a: Ferngully|Moonblast|p1b: Eldegoss\n|-damage|p1b: Eldegoss|42\/100\n|-unboost|p1b: Eldegoss|spa|1\n|move|p2b: Elcove|Swords Dance|p2b: Elcove\n|-boost|p2b: Elcove|atk|2\n|move|p1a: Blissey|Mud-Slap|p2b: Elcove\n|-damage|p2b: Elcove|86\/100\n|-unboost|p2b: Elcove|accuracy|1\n|\n|-heal|p1b: Eldegoss|48\/100|[from] item: Leftovers\n|upkeep\n|turn|3\n|inactive|DazzlingBrilliance has 120 seconds left.\n|\n|t:|1700433407\n|move|p2b: Elcove|Quick Attack|p1a: Blissey\n|-damage|p1a: Blissey|20\/100\n|move|p2a: Ferngully|Moonblast|p1b: Eldegoss\n|-damage|p1b: Eldegoss|0 fnt\n|faint|p1b: Eldegoss\n|move|p1a: Blissey|Mud-Slap|p2a: Ferngully\n|-resisted|p2a: Ferngully\n|-damage|p2a: Ferngully|97\/100\n|\n|-heal|p1a: Blissey|26\/100|[from] item: Leftovers\n|upkeep\n|inactive|DazzlingBrilliance has 120 seconds left.\n|\n|t:|1700433428\n|switch|p1b: Get Fisted|Hitmonchan, M, shiny|100\/100\n|turn|4\n|inactive|DazzlingBrilliance has 120 seconds left.\n|\n|t:|1700433458\n|switch|p2b: Rockoe|Armaldo, M|100\/100\n|-terastallize|p1a: Blissey|Ghost\n|move|p2a: Ferngully|Moonblast|p1b: Get Fisted\n|-supereffective|p1b: Get Fisted\n|-damage|p1b: Get Fisted|0 fnt\n|faint|p1b: Get Fisted\n|move|p1a: Blissey|Mud-Slap|p2b: Rockoe\n|-damage|p2b: Rockoe|94\/100\n|-unboost|p2b: Rockoe|accuracy|1\n|\n|-heal|p1a: Blissey|32\/100|[from] item: Leftovers\n|upkeep\n|inactive|DazzlingBrilliance has 90 seconds left.\n|\n|t:|1700433482\n|switch|p1b: Golduck|Golduck, M, shiny|100\/100\n|-ability|p1b: Golduck|Cloud Nine\n|turn|5\n|\n|t:|1700433511\n|move|p2a: Ferngully|Moonblast|p1a: Blissey\n|-damage|p1a: Blissey|20\/100\n|move|p1b: Golduck|Clear Smog|p2a: Ferngully\n|-supereffective|p2a: Ferngully\n|-damage|p2a: Ferngully|70\/100\n|-clearboost|p2a: Ferngully\n|move|p1a: Blissey|Charge Beam|p2b: Rockoe\n|-damage|p2b: Rockoe|79\/100\n|-boost|p1a: Blissey|spa|1\n|move|p2b: Rockoe|X-Scissor|p1b: Golduck\n|-crit|p1b: Golduck\n|-damage|p1b: Golduck|27\/100\n|\n|-heal|p1b: Golduck|33\/100|[from] item: Leftovers\n|-heal|p1a: Blissey|26\/100|[from] item: Leftovers\n|upkeep\n|turn|6\n|inactive|DazzlingBrilliance has 90 seconds left.\n|\n|t:|1700433547\n|switch|p2a: Elcove|Scyther, M, shiny, tera:Normal|86\/100\n|switch|p2b: Beetlejuice|Heracross, M|100\/100\n|move|p1b: Golduck|Nasty Plot|p1b: Golduck\n|-boost|p1b: Golduck|spa|2\n|move|p1a: Blissey|Mud-Slap|p2b: Beetlejuice\n|-resisted|p2b: Beetlejuice\n|-damage|p2b: Beetlejuice|97\/100\n|-unboost|p2b: Beetlejuice|accuracy|1\n|\n|-heal|p1b: Golduck|39\/100|[from] item: Leftovers\n|-heal|p1a: Blissey|32\/100|[from] item: Leftovers\n|upkeep\n|turn|7\n|inactive|DazzlingBrilliance has 90 seconds left.\n|inactive|DazzlingBrilliance has 60 seconds left.\n|inactive|DazzlingBrilliance has 30 seconds left.\n|\n|t:|1700433631\n|move|p2b: Beetlejuice|Protect|p2b: Beetlejuice\n|-singleturn|p2b: Beetlejuice|Protect\n|move|p2a: Elcove|Dual Wingbeat|p1a: Blissey\n|-damage|p1a: Blissey|6\/100\n|-damage|p1a: Blissey|0 fnt\n|faint|p1a: Blissey\n|-hitcount|p1: Blissey|2\n|move|p1b: Golduck|Power Gem|p2b: Beetlejuice\n|-activate|p2b: Beetlejuice|move: Protect\n|\n|-heal|p1b: Golduck|45\/100|[from] item: Leftovers\n|upkeep\n|inactive|DazzlingBrilliance has 30 seconds left.\n|\n|t:|1700433640\n|switch|p1a: Dodrio|Dodrio, M, shiny|100\/100\n|turn|8\n|\n|t:|1700433670\n|switch|p2b: Sir Lancelot|Escavalier, M|100\/100\n|move|p2a: Elcove|Swords Dance|p2a: Elcove\n|-boost|p2a: Elcove|atk|2\n|-zpower|p1a: Dodrio\n|move|p1a: Dodrio|Z-Acupressure|p1b: Golduck|[anim]Acupressure\n|-start|p1a: Dodrio|move: Focus Energy|[zeffect]\n|-boost|p1b: Golduck|def|2\n|move|p1b: Golduck|Muddy Water|p2b: Sir Lancelot|[spread] p2a,p2b\n|-damage|p2a: Elcove|41\/100\n|-damage|p2b: Sir Lancelot|68\/100\n|-unboost|p2b: Sir Lancelot|accuracy|1\n|\n|-heal|p1b: Golduck|51\/100|[from] item: Leftovers\n|upkeep\n|turn|9\n|inactive|DazzlingBrilliance has 60 seconds left.\n|\n|t:|1700433696\n|move|p2a: Elcove|Quick Attack|p1a: Dodrio\n|-damage|p1a: Dodrio|22\/100\n|move|p1a: Dodrio|Air Cutter|p2a: Elcove|[spread] p2a,p2b\n|-crit|p2a: Elcove\n|-crit|p2b: Sir Lancelot\n|-damage|p2a: Elcove|23\/100\n|-damage|p2b: Sir Lancelot|56\/100\n|move|p1b: Golduck|Muddy Water|p2a: Elcove|[spread] p2a,p2b\n|-damage|p2a: Elcove|0 fnt\n|-damage|p2b: Sir Lancelot|26\/100\n|faint|p2a: Elcove\n|move|p2b: Sir Lancelot|Knock Off|p1b: Golduck\n|-damage|p1b: Golduck|31\/100\n|-enditem|p1b: Golduck|Leftovers|[from] move: Knock Off|[of] p2b: Sir Lancelot\n|\n|upkeep\n|inactive|CR4SHC0URS3 has 120 seconds left.\n|\n|t:|1700433712\n|switch|p2a: Hoodie Ninja|Accelgor, M|100\/100\n|turn|10\n|inactive|DazzlingBrilliance has 60 seconds left.\n|\n|t:|1700433723\n|switch|p2b: Beetlejuice|Heracross, M|97\/100\n|move|p2a: Hoodie Ninja|Energy Ball|p1b: Golduck\n|-supereffective|p1b: Golduck\n|-damage|p1b: Golduck|0 fnt\n|faint|p1b: Golduck\n|move|p1a: Dodrio|Rest|p1a: Dodrio\n|-status|p1a: Dodrio|slp|[from] move: Rest\n|-heal|p1a: Dodrio|100\/100 slp|[silent]\n|\n|upkeep\n|inactive|DazzlingBrilliance has 60 seconds left.\n|\n|t:|1700433731\n|switch|p1b: Chandelure|Chandelure, M, shiny|100\/100\n|turn|11\n|\n|t:|1700433744\n|detailschange|p2b: Beetlejuice|Heracross-Mega, M\n|-mega|p2b: Beetlejuice|Heracross|Heracronite\n|move|p2a: Hoodie Ninja|Energy Ball|p1a: Dodrio\n|-resisted|p1a: Dodrio\n|-damage|p1a: Dodrio|69\/100 slp\n|cant|p1a: Dodrio|slp\n|move|p1b: Chandelure|Calm Mind|p1b: Chandelure\n|-boost|p1b: Chandelure|spa|1\n|-boost|p1b: Chandelure|spd|1\n|move|p2b: Beetlejuice|Arm Thrust|p1a: Dodrio\n|-damage|p1a: Dodrio|53\/100 slp\n|-damage|p1a: Dodrio|36\/100 slp\n|-damage|p1a: Dodrio|17\/100 slp\n|-damage|p1a: Dodrio|0 fnt\n|faint|p1a: Dodrio\n|-hitcount|p1: Dodrio|4\n|\n|upkeep\n|turn|12\n|inactive|DazzlingBrilliance has 90 seconds left.\n|\n|t:|1700433768\n|switch|p2a: Rockoe|Armaldo, M|79\/100\n|move|p1b: Chandelure|Will-O-Wisp|p2b: Beetlejuice\n|-status|p2b: Beetlejuice|brn\n|move|p2b: Beetlejuice|Pin Missile|p1b: Chandelure|[miss]\n|-miss|p2b: Beetlejuice|p1b: Chandelure\n|\n|-damage|p2b: Beetlejuice|91\/100 brn|[from] brn\n|upkeep\n|turn|13\n|\n|t:|1700433783\n|move|p1b: Chandelure|Will-O-Wisp|p2a: Rockoe\n|-status|p2a: Rockoe|brn\n|move|p2b: Beetlejuice|Swords Dance|p2b: Beetlejuice\n|-boost|p2b: Beetlejuice|atk|2\n|move|p2a: Rockoe|Stone Edge|p1b: Chandelure|[miss]\n|-miss|p2a: Rockoe|p1b: Chandelure\n|\n|-damage|p2b: Beetlejuice|85\/100 brn|[from] brn\n|-damage|p2a: Rockoe|73\/100 brn|[from] brn\n|upkeep\n|turn|14\n|\n|t:|1700433800\n|move|p1b: Chandelure|Heat Wave|p2b: Beetlejuice|[spread] p2a,p2b\n|-supereffective|p2b: Beetlejuice\n|-damage|p2a: Rockoe|10\/100 brn\n|-damage|p2b: Beetlejuice|0 fnt\n|faint|p2b: Beetlejuice\n|move|p2a: Rockoe|Stone Edge|p1b: Chandelure|[miss]\n|-miss|p2a: Rockoe|p1b: Chandelure\n|\n|-damage|p2a: Rockoe|4\/100 brn|[from] brn\n|upkeep\n|\n|t:|1700433813\n|switch|p2b: Sir Lancelot|Escavalier, M|26\/100\n|turn|15\n|\n|t:|1700433820\n|move|p1b: Chandelure|Heat Wave|p2b: Sir Lancelot|[spread] p2a,p2b\n|-supereffective|p2b: Sir Lancelot\n|-damage|p2a: Rockoe|0 fnt\n|-damage|p2b: Sir Lancelot|0 fnt\n|faint|p2a: Rockoe\n|faint|p2b: Sir Lancelot\n|\n|upkeep\n|\n|t:|1700433826\n|switch|p2a: Hoodie Ninja|Accelgor, M|100\/100\n|switch|p2b: Ferngully|Ribombee, F, shiny|70\/100\n|turn|16\n|\n|t:|1700433836\n|move|p2a: Hoodie Ninja|Water Shuriken|p1b: Chandelure\n|-supereffective|p1b: Chandelure\n|-damage|p1b: Chandelure|89\/100\n|-supereffective|p1b: Chandelure\n|-damage|p1b: Chandelure|78\/100\n|-supereffective|p1b: Chandelure\n|-crit|p1b: Chandelure\n|-damage|p1b: Chandelure|54\/100\n|-hitcount|p1b: Chandelure|3\n|move|p2b: Ferngully|Moonblast|p1b: Chandelure\n|-resisted|p1b: Chandelure\n|-damage|p1b: Chandelure|36\/100\n|move|p1b: Chandelure|Heat Wave|p2a: Hoodie Ninja|[spread] p2a,p2b\n|-supereffective|p2a: Hoodie Ninja\n|-supereffective|p2b: Ferngully\n|-damage|p2a: Hoodie Ninja|0 fnt\n|-damage|p2b: Ferngully|0 fnt\n|faint|p2a: Hoodie Ninja\n|faint|p2b: Ferngully\n|\n|win|DazzlingBrilliance\n|raw|DazzlingBrilliance's rating: 1177 &rarr; <strong>1198<\/strong><br \/>(+21 for winning)\n|raw|CR4SHC0URS3's rating: 1116 &rarr; <strong>1095<\/strong><br \/>(-21 for losing)\n|l|\u2606CR4SHC0URS3\n","uploadtime":1700433861,"views":2,"p1id":"dazzlingbrilliance","p2id":"cr4shc0urs3","formatid":"gen9nationaldexdoubles","rating":1095,"private":0,"password":""}