{"id":"gen9nationaldexdoubles-1994565495","p1":"Red_Ice_Games","p2":"MathHacker","format":"[Gen 9] National Dex Doubles","log":"|j|\u2606Red_Ice_Games\n|j|\u2606MathHacker\n|t:|1700460846\n|gametype|doubles\n|player|p1|Red_Ice_Games|psychic|1209\n|player|p2|MathHacker|picnicker|1366\n|teamsize|p1|6\n|teamsize|p2|6\n|gen|9\n|tier|[Gen 9] National Dex Doubles\n|rated|\n|rule|HP Percentage Mod: HP is shown in percentages\n|rule|Endless Battle Clause: Forcing endless battles is banned\n|rule|OHKO Clause: OHKO moves are banned\n|rule|Evasion Moves Clause: Evasion moves are banned\n|rule|Evasion Abilities Clause: Evasion abilities are banned\n|rule|Species Clause: Limit one of each Pok\u00e9mon\n|rule|Gravity Sleep Clause: The combination of sleep-inducing moves with imperfect accuracy and Gravity or Gigantamax Orbeetle are banned\n|clearpoke\n|poke|p1|Golisopod, F|\n|poke|p1|Iron Valiant|\n|poke|p1|Scizor, M|\n|poke|p1|Ninjask, M|\n|poke|p1|Shiftry, M|\n|poke|p1|Espeon, F|\n|poke|p2|Shuckle, M|\n|poke|p2|Pelipper, F|\n|poke|p2|Cresselia, F|\n|poke|p2|Torkoal, F|\n|poke|p2|Oranguru, M|\n|poke|p2|Ursaluna, F|\n|teampreview\n|\n|t:|1700460855\n|start\n|switch|p1a: Shiftry|Shiftry, M|100\/100\n|switch|p1b: Ninjask|Ninjask, M|100\/100\n|switch|p2a: Shucky|Shuckle, M, shiny|100\/100\n|switch|p2b: munke|Oranguru, M|100\/100\n|turn|1\n|inactive|Battle timer is ON: inactive players will automatically lose when time's up. (requested by Red_Ice_Games)\n|inactive|MathHacker has 120 seconds left.\n|inactive|MathHacker has 90 seconds left.\n|\n|t:|1700460917\n|-terastallize|p2b: munke|Grass\n|move|p1b: Ninjask|Baton Pass|p1b: Ninjask\n|\n|t:|1700460920\n|switch|p1b: Espeon|Espeon, F|100\/100|[from] Baton Pass\n|move|p1a: Shiftry|Tailwind|p1a: Shiftry\n|-sidestart|p1: Red_Ice_Games|move: Tailwind\n|-ability|p1a: Shiftry|Wind Rider|boost\n|-boost|p1a: Shiftry|atk|1\n|move|p2a: Shucky|Power Trick|p2a: Shucky\n|-start|p2a: Shucky|Power Trick\n|move|p2b: munke|Trick Room|p2b: munke\n|-fieldstart|move: Trick Room|[of] p2b: munke\n|\n|upkeep\n|turn|2\n|\n|t:|1700460948\n|move|p1a: Shiftry|Sucker Punch|p2a: Shucky\n|-ability|p2a: Shucky|Sturdy\n|-damage|p2a: Shucky|1\/100\n|move|p2a: Shucky|Rock Slide|p1a: Shiftry|[spread] p1a,p1b\n|-damage|p1a: Shiftry|14\/100\n|-damage|p1b: Espeon|9\/100\n|move|p2b: munke|Instruct|p2a: Shucky\n|-singleturn|p2a: Shucky|move: Instruct|[of] p2b: munke\n|move|p2a: Shucky|Rock Slide|p1b: Espeon|[spread] p1a,p1b\n|-damage|p1a: Shiftry|0 fnt\n|-damage|p1b: Espeon|0 fnt\n|faint|p1a: Shiftry\n|faint|p1b: Espeon\n|\n|upkeep\n|\n|t:|1700460957\n|switch|p1a: Iron Valiant|Iron Valiant|100\/100\n|switch|p1b: Scizor|Scizor, M, shiny|100\/100\n|turn|3\n|inactive|MathHacker has 120 seconds left.\n|inactive|MathHacker has 90 seconds left.\n|inactive|MathHacker has 60 seconds left.\n|\n|t:|1700461066\n|switch|p2b: Cresselia|Cresselia, F, shiny|100\/100\n|move|p1a: Iron Valiant|Wide Guard|p1a: Iron Valiant\n|-singleturn|p1a: Iron Valiant|Wide Guard\n|move|p2a: Shucky|Gyro Ball|p1a: Iron Valiant\n|-supereffective|p1a: Iron Valiant\n|-crit|p1a: Iron Valiant\n|-enditem|p1a: Iron Valiant|Focus Sash\n|-damage|p1a: Iron Valiant|1\/100\n|move|p1b: Scizor|Fury Cutter|p2a: Shucky\n|-damage|p2a: Shucky|0 fnt\n|faint|p2a: Shucky\n|\n|upkeep\n|\n|t:|1700461079\n|switch|p2a: Yertle|Torkoal, F|100\/100\n|-weather|SunnyDay|[from] ability: Drought|[of] p2a: Yertle\n|turn|4\n|inactive|MathHacker has 60 seconds left.\n|\n|t:|1700461106\n|move|p2b: Cresselia|Helping Hand|p2a: Yertle\n|-singleturn|p2a: Yertle|Helping Hand|[of] p2b: Cresselia\n|move|p1a: Iron Valiant|Wide Guard|p1a: Iron Valiant\n|-singleturn|p1a: Iron Valiant|Wide Guard\n|move|p2a: Yertle|Eruption|p1b: Scizor|[spread] \n|-activate|p1a: Iron Valiant|move: Wide Guard\n|-activate|p1b: Scizor|move: Wide Guard\n|move|p1b: Scizor|Fury Cutter|p2b: Cresselia\n|-supereffective|p2b: Cresselia\n|-damage|p2b: Cresselia|42\/100\n|\n|-weather|SunnyDay|[upkeep]\n|-heal|p2b: Cresselia|48\/100|[from] item: Leftovers\n|-sideend|p1: Red_Ice_Games|move: Tailwind\n|upkeep\n|turn|5\n|inactive|MathHacker has 60 seconds left.\n|\n|t:|1700461129\n|move|p1a: Iron Valiant|Wide Guard|p1a: Iron Valiant\n|-singleturn|p1a: Iron Valiant|Wide Guard\n|move|p2a: Yertle|Overheat|p1b: Scizor\n|-supereffective|p1b: Scizor\n|-damage|p1b: Scizor|0 fnt\n|-unboost|p2a: Yertle|spa|2\n|faint|p1b: Scizor\n|move|p2b: Cresselia|Lunar Blessing|p2b: Cresselia|[spread] p2a,p2b\n|-heal|p2b: Cresselia|73\/100\n|\n|-weather|SunnyDay|[upkeep]\n|-heal|p2b: Cresselia|79\/100|[from] item: Leftovers\n|-fieldend|move: Trick Room\n|upkeep\n|\n|t:|1700461138\n|switch|p1b: Golisopod|Golisopod, F|100\/100\n|turn|6\n|\n|t:|1700461152\n|move|p2b: Cresselia|Helping Hand|p2a: Yertle\n|-singleturn|p2a: Yertle|Helping Hand|[of] p2b: Cresselia\n|move|p1b: Golisopod|First Impression|p2b: Cresselia\n|-supereffective|p2b: Cresselia\n|-damage|p2b: Cresselia|17\/100\n|move|p1a: Iron Valiant|Spirit Break|p2a: Yertle\n|-resisted|p2a: Yertle\n|-damage|p2a: Yertle|83\/100\n|-unboost|p2a: Yertle|spa|1\n|move|p2a: Yertle|Solar Beam||[still]\n|-prepare|p2a: Yertle|Solar Beam\n|-anim|p2a: Yertle|Solar Beam|p1b: Golisopod\n|-damage|p1b: Golisopod|80\/100\n|\n|-weather|SunnyDay|[upkeep]\n|-heal|p2b: Cresselia|23\/100|[from] item: Leftovers\n|-heal|p1b: Golisopod|86\/100|[from] item: Leftovers\n|upkeep\n|turn|7\n|\n|t:|1700461180\n|move|p1a: Iron Valiant|Spirit Break|p2b: Cresselia\n|-damage|p2b: Cresselia|1\/100\n|-unboost|p2b: Cresselia|spa|1\n|move|p2b: Cresselia|Lunar Blessing|p2b: Cresselia|[spread] p2a,p2b\n|-heal|p2a: Yertle|100\/100\n|-heal|p2b: Cresselia|26\/100\n|move|p1b: Golisopod|Swords Dance|p1b: Golisopod\n|-boost|p1b: Golisopod|atk|2\n|move|p2a: Yertle|Eruption|p1a: Iron Valiant|[spread] p1a,p1b\n|-crit|p1a: Iron Valiant\n|-damage|p1a: Iron Valiant|0 fnt\n|-damage|p1b: Golisopod|52\/100\n|faint|p1a: Iron Valiant\n|-end|p1a: Iron Valiant|Quark Drive|[silent]\n|\n|-weather|SunnyDay|[upkeep]\n|-heal|p2b: Cresselia|32\/100|[from] item: Leftovers\n|-heal|p1b: Golisopod|58\/100|[from] item: Leftovers\n|upkeep\n|\n|t:|1700461185\n|switch|p1a: Ninjask|Ninjask, M|100\/100\n|turn|8\n|inactive|MathHacker has 90 seconds left.\n|\n|t:|1700461213\n|-terastallize|p1b: Golisopod|Water\n|move|p2b: Cresselia|Helping Hand|p2a: Yertle\n|-singleturn|p2a: Yertle|Helping Hand|[of] p2b: Cresselia\n|move|p1a: Ninjask|Substitute|p1a: Ninjask\n|-start|p1a: Ninjask|Substitute\n|-damage|p1a: Ninjask|75\/100\n|move|p1b: Golisopod|Liquidation|p2a: Yertle\n|-supereffective|p2a: Yertle\n|-damage|p2a: Yertle|0 fnt\n|faint|p2a: Yertle\n|\n|-weather|none\n|-heal|p2b: Cresselia|38\/100|[from] item: Leftovers\n|-heal|p1b: Golisopod|64\/100|[from] item: Leftovers\n|-ability|p1a: Ninjask|Speed Boost|boost\n|-boost|p1a: Ninjask|spe|1\n|upkeep\n|inactive|MathHacker has 60 seconds left.\n|\n|t:|1700461234\n|switch|p2a: ber|Ursaluna, F|100\/100\n|turn|9\n|\n|t:|1700461252\n|move|p2a: ber|Protect|p2a: ber\n|-singleturn|p2a: ber|Protect\n|move|p1a: Ninjask|Hone Claws|p1a: Ninjask\n|-boost|p1a: Ninjask|atk|1\n|-boost|p1a: Ninjask|accuracy|1\n|move|p1b: Golisopod|Liquidation|p2a: ber\n|-activate|p2a: ber|move: Protect\n|move|p2b: Cresselia|Trick Room|p2b: Cresselia\n|-fieldstart|move: Trick Room|[of] p2b: Cresselia\n|\n|-heal|p1b: Golisopod|70\/100|[from] item: Leftovers\n|-heal|p2b: Cresselia|44\/100|[from] item: Leftovers\n|-status|p2a: ber|brn|[from] item: Flame Orb\n|-ability|p1a: Ninjask|Speed Boost|boost\n|-boost|p1a: Ninjask|spe|1\n|upkeep\n|turn|10\n|\n|t:|1700461276\n|move|p2a: ber|Facade|p1b: Golisopod\n|-damage|p1b: Golisopod|0 fnt\n|faint|p1b: Golisopod\n|move|p2b: Cresselia|Lunar Blessing|p2b: Cresselia|[spread] p2a,p2b\n|-curestatus|p2a: ber|brn|[msg]\n|-heal|p2b: Cresselia|69\/100\n|move|p1a: Ninjask|Leech Life|p2b: Cresselia\n|-supereffective|p2b: Cresselia\n|-damage|p2b: Cresselia|7\/100\n|-heal|p1a: Ninjask|100\/100|[from] drain|[of] p2b: Cresselia\n|\n|-heal|p2b: Cresselia|13\/100|[from] item: Leftovers\n|-status|p2a: ber|brn|[from] item: Flame Orb\n|-ability|p1a: Ninjask|Speed Boost|boost\n|-boost|p1a: Ninjask|spe|1\n|upkeep\n|turn|11\n|inactive|MathHacker has 90 seconds left.\n|\n|t:|1700461298\n|move|p2b: Cresselia|Ally Switch|p2b: Cresselia\n|swap|p2b: Cresselia|0|[from] move: Ally Switch\n|move|p2b: ber|Facade|p1a: Ninjask\n|-end|p1a: Ninjask|Substitute\n|move|p1a: Ninjask|Leech Life|p2a: Cresselia\n|-supereffective|p2a: Cresselia\n|-crit|p2a: Cresselia\n|-damage|p2a: Cresselia|0 fnt\n|faint|p2a: Cresselia\n|\n|-damage|p2b: ber|94\/100 brn|[from] brn\n|-ability|p1a: Ninjask|Speed Boost|boost\n|-boost|p1a: Ninjask|spe|1\n|upkeep\n|\n|t:|1700461311\n|switch|p2a: Bird|Pelipper, F|100\/100\n|-weather|RainDance|[from] ability: Drizzle|[of] p2a: Bird\n|turn|12\n|inactive|MathHacker has 90 seconds left.\n|\n|t:|1700461318\n|move|p2b: ber|Facade|p1a: Ninjask\n|-damage|p1a: Ninjask|0 fnt\n|faint|p1a: Ninjask\n|\n|win|MathHacker\n|raw|Red_Ice_Games's rating: 1209 &rarr; <strong>1195<\/strong><br \/>(-14 for losing)\n|raw|MathHacker's rating: 1366 &rarr; <strong>1378<\/strong><br \/>(+12 for winning)\n|l|\u2606Red_Ice_Games\n","uploadtime":1700461331,"views":2,"p1id":"redicegames","p2id":"mathhacker","formatid":"gen9nationaldexdoubles","rating":1195,"private":0,"password":""}