{"id":"gen9nationaldexdoubles-1989881123","p1":"Chef Nando","p2":"Kakurega","format":"[Gen 9] National Dex Doubles","log":"|j|\u2606Chef Nando\n|j|\u2606Kakurega\n|t:|1699903495\n|gametype|doubles\n|player|p1|Chef Nando|hilda|\n|player|p2|Kakurega|psychic|\n|teamsize|p1|6\n|teamsize|p2|6\n|gen|9\n|tier|[Gen 9] National Dex Doubles\n|rule|HP Percentage Mod: HP is shown in percentages\n|rule|Endless Battle Clause: Forcing endless battles is banned\n|rule|OHKO Clause: OHKO moves are banned\n|rule|Evasion Moves Clause: Evasion moves are banned\n|rule|Evasion Abilities Clause: Evasion abilities are banned\n|rule|Species Clause: Limit one of each Pok\u00e9mon\n|rule|Gravity Sleep Clause: The combination of sleep-inducing moves with imperfect accuracy and Gravity or Gigantamax Orbeetle are banned\n|clearpoke\n|poke|p1|Mr. Mime-Galar, M|\n|poke|p1|Tauros-Paldea-Combat, M|\n|poke|p1|Nidoqueen, F|\n|poke|p1|Gyarados, M|\n|poke|p1|Dragonite, M|\n|poke|p1|Zapdos-Galar|\n|poke|p2|Articuno-Galar|\n|poke|p2|Charizard, F|\n|poke|p2|Weezing-Galar, M|\n|poke|p2|Primeape, F|\n|poke|p2|Flareon, M|\n|poke|p2|Blastoise, F|\n|teampreview\n|inactive|Battle timer is ON: inactive players will automatically lose when time's up. (requested by Kakurega)\n|j| PorygonTheBot\n|c| PorygonTheBot|You got this!\n|inactive|Chef Nando has 270 seconds left.\n|\n|t:|1699903688\n|start\n|switch|p1a: Ash's Step Dad|Mr. Mime-Galar, M|100\/100\n|switch|p1b: Da Queen|Nidoqueen, F|100\/100\n|switch|p2a: Articuno|Articuno-Galar|100\/100\n|switch|p2b: Blastoise|Blastoise, F|100\/100\n|turn|1\n|inactive|Kakurega has 270 seconds left.\n|\n|t:|1699903723\n|move|p2b: Blastoise|Fake Out|p1b: Da Queen\n|-damage|p1b: Da Queen|95\/100\n|-damage|p2b: Blastoise|84\/100|[from] item: Rocky Helmet|[of] p1b: Da Queen\n|move|p1a: Ash's Step Dad|Skill Swap|p1b: Da Queen\n|-activate|p1a: Ash's Step Dad|move: Skill Swap|||[of] p1b: Da Queen\n|move|p2a: Articuno|Tailwind|p2a: Articuno\n|-sidestart|p2: Kakurega|move: Tailwind\n|cant|p1b: Da Queen|flinch\n|\n|upkeep\n|turn|2\n|inactive|Kakurega has 270 seconds left.\n|\n|t:|1699903761\n|move|p2a: Articuno|Freezing Glare|p1b: Da Queen\n|-supereffective|p1b: Da Queen\n|-damage|p1b: Da Queen|9\/100\n|move|p2b: Blastoise|Scald|p1a: Ash's Step Dad\n|-damage|p1a: Ash's Step Dad|45\/100\n|move|p1a: Ash's Step Dad|Freeze-Dry|p2a: Articuno\n|-supereffective|p2a: Articuno\n|-damage|p2a: Articuno|0 fnt\n|faint|p2a: Articuno\n|move|p1b: Da Queen|Stealth Rock|p2b: Blastoise\n|-sidestart|p2: Kakurega|move: Stealth Rock\n|\n|upkeep\n|\n|t:|1699903780\n|switch|p2a: Primeape|Primeape, F|100\/100\n|-damage|p2a: Primeape|94\/100|[from] Stealth Rock\n|turn|3\n|inactive|Kakurega has 270 seconds left.\n|\n|t:|1699903794\n|move|p2a: Primeape|Rage Fist|p1b: Da Queen\n|-damage|p1b: Da Queen|0 fnt\n|-damage|p2a: Primeape|78\/100|[from] item: Rocky Helmet|[of] p1b: Da Queen\n|faint|p1b: Da Queen\n|move|p2b: Blastoise|Rapid Spin|p1a: Ash's Step Dad\n|-damage|p1a: Ash's Step Dad|26\/100\n|-boost|p2b: Blastoise|spe|1\n|-sideend|p2: Kakurega|Stealth Rock|[from] move: Rapid Spin|[of] p2b: Blastoise\n|move|p1a: Ash's Step Dad|Freeze-Dry|p2b: Blastoise\n|-supereffective|p2b: Blastoise\n|-damage|p2b: Blastoise|0 fnt\n|faint|p2b: Blastoise\n|\n|upkeep\n|inactive|Kakurega has 270 seconds left.\n|\n|t:|1699903819\n|switch|p2b: Weezing|Weezing-Galar, M|100\/100\n|switch|p1b: Matador|Tauros-Paldea-Combat, M|100\/100\n|-ability|p1b: Matador|Intimidate|boost\n|-unboost|p2a: Primeape|atk|1\n|-ability|p2a: Primeape|Defiant|boost\n|-boost|p2a: Primeape|atk|2\n|-unboost|p2b: Weezing|atk|1\n|turn|4\n|inactive|Kakurega has 270 seconds left.\n|\n|t:|1699903851\n|move|p2a: Primeape|Frustration|p1a: Ash's Step Dad\n|-crit|p1a: Ash's Step Dad\n|-damage|p1a: Ash's Step Dad|0 fnt\n|faint|p1a: Ash's Step Dad\n|move|p2b: Weezing|Strange Steam|p1b: Matador\n|-supereffective|p1b: Matador\n|-damage|p1b: Matador|24\/100\n|-damage|p2b: Weezing|91\/100|[from] item: Life Orb\n|move|p1b: Matador|Raging Bull|p2a: Primeape\n|-damage|p2a: Primeape|33\/100\n|\n|-sideend|p2: Kakurega|move: Tailwind\n|upkeep\n|\n|t:|1699903864\n|switch|p1a: Baby Dragon|Dragonite, M|100\/100\n|turn|5\n|\n|t:|1699903887\n|move|p1b: Matador|Raging Bull|p2a: Primeape\n|-damage|p2a: Primeape|0 fnt\n|faint|p2a: Primeape\n|move|p1a: Baby Dragon|Hone Claws|p1a: Baby Dragon\n|-boost|p1a: Baby Dragon|atk|1\n|-boost|p1a: Baby Dragon|accuracy|1\n|move|p2b: Weezing|Strange Steam|p1a: Baby Dragon\n|-supereffective|p1a: Baby Dragon\n|-damage|p1a: Baby Dragon|56\/100\n|-damage|p2b: Weezing|81\/100|[from] item: Life Orb\n|\n|-heal|p1a: Baby Dragon|62\/100|[from] item: Leftovers\n|upkeep\n|inactive|Kakurega has 270 seconds left.\n|\n|t:|1699903909\n|switch|p2a: Flareon|Flareon, M|100\/100\n|turn|6\n|\n|t:|1699903922\n|-terastallize|p2a: Flareon|Normal\n|move|p2a: Flareon|Protect|p2a: Flareon\n|-singleturn|p2a: Flareon|Protect\n|move|p1b: Matador|Raging Bull|p2a: Flareon\n|-activate|p2a: Flareon|move: Protect\n|move|p1a: Baby Dragon|Dual Wingbeat|p2b: Weezing\n|-damage|p2b: Weezing|48\/100\n|-damage|p2b: Weezing|17\/100\n|-hitcount|p2b: Weezing|2\n|move|p2b: Weezing|Strange Steam|p1a: Baby Dragon\n|-supereffective|p1a: Baby Dragon\n|-damage|p1a: Baby Dragon|0 fnt\n|faint|p1a: Baby Dragon\n|-damage|p2b: Weezing|7\/100|[from] item: Life Orb\n|\n|-status|p2a: Flareon|brn|[from] item: Flame Orb\n|upkeep\n|\n|t:|1699903939\n|switch|p1a: Handstwo|Zapdos-Galar, shiny|100\/100\n|turn|7\n|\n|t:|1699903957\n|switch|p2a: Charizard|Charizard, F|100\/100\n|move|p1a: Handstwo|U-turn|p2b: Weezing\n|-resisted|p2b: Weezing\n|-damage|p2b: Weezing|1\/100\n|\n|t:|1699903963\n|switch|p1a: Monstar|Gyarados, M|100\/100|[from] U-turn\n|-ability|p1a: Monstar|Intimidate|boost\n|-unboost|p2a: Charizard|atk|1\n|-unboost|p2b: Weezing|atk|1\n|move|p1b: Matador|Earthquake|p2b: Weezing|[spread] \n|-immune|p1a: Monstar\n|-immune|p2a: Charizard\n|-immune|p2b: Weezing|[from] ability: Levitate\n|move|p2b: Weezing|Strange Steam|p1a: Monstar\n|-damage|p1a: Monstar|61\/100\n|-start|p1a: Monstar|confusion\n|-damage|p2b: Weezing|0 fnt|[from] item: Life Orb\n|faint|p2b: Weezing\n|\n|upkeep\n|\n|t:|1699903979\n|switch|p2b: Flareon|Flareon, M, tera:Normal|100\/100 brn\n|turn|8\n|c|\u2606Chef Nando|dam i think you got me\n|inactive|Chef Nando has 270 seconds left.\n|\n|t:|1699904011\n|detailschange|p1a: Monstar|Gyarados-Mega, M\n|-mega|p1a: Monstar|Gyarados|Gyaradosite\n|-ability|p1a: Monstar|Mold Breaker\n|move|p2b: Flareon|Protect|p2b: Flareon\n|-singleturn|p2b: Flareon|Protect\n|move|p2a: Charizard|Dual Wingbeat|p1b: Matador|[miss]\n|-miss|p2a: Charizard|p1b: Matador\n|move|p1b: Matador|Raging Bull|p2b: Flareon\n|-activate|p2b: Flareon|move: Protect\n|-activate|p1a: Monstar|confusion\n|move|p1a: Monstar|Waterfall|p2a: Charizard\n|-supereffective|p2a: Charizard\n|-crit|p2a: Charizard\n|-damage|p2a: Charizard|0 fnt\n|faint|p2a: Charizard\n|\n|-damage|p2b: Flareon|94\/100 brn|[from] brn\n|upkeep\n|turn|9\n|\n|t:|1699904033\n|move|p2b: Flareon|Quick Attack|p1b: Matador\n|-damage|p1b: Matador|0 fnt\n|faint|p1b: Matador\n|-activate|p1a: Monstar|confusion\n|-damage|p1a: Monstar|51\/100|[from] confusion\n|\n|-damage|p2b: Flareon|88\/100 brn|[from] brn\n|upkeep\n|\n|t:|1699904040\n|switch|p1b: Handstwo|Zapdos-Galar, shiny|100\/100\n|turn|10\n|\n|t:|1699904052\n|move|p1b: Handstwo|Thunderous Kick|p2b: Flareon\n|-supereffective|p2b: Flareon\n|-damage|p2b: Flareon|0 fnt\n|faint|p2b: Flareon\n|\n|win|Chef Nando\n|l| PorygonTheBot\n|c|\u2606Chef Nando|gg\n|c|\u2606Kakurega|Gg\n|l|\u2606Kakurega\n","uploadtime":1699904053,"views":42,"p1id":"chefnando","p2id":"kakurega","formatid":"gen9nationaldexdoubles","rating":0,"private":0,"password":""}