{"id":"gen9nationaldexdoubles-1959107808","p1":"Synergenesis","p2":"mbumbee","format":"[Gen 9] National Dex Doubles","log":"|j|\u2606Synergenesis\n|j|\u2606mbumbee\n|t:|1696387502\n|gametype|doubles\n|player|p1|Synergenesis|scientistf|\n|player|p2|mbumbee|maid|\n|teamsize|p1|4\n|teamsize|p2|6\n|gen|9\n|tier|[Gen 9] National Dex Doubles\n|rule|HP Percentage Mod: HP is shown in percentages\n|rule|Endless Battle Clause: Forcing endless battles is banned\n|rule|OHKO Clause: OHKO moves are banned\n|rule|Evasion Moves Clause: Evasion moves are banned\n|rule|Evasion Abilities Clause: Evasion abilities are banned\n|rule|Species Clause: Limit one of each Pok\u00e9mon\n|rule|Gravity Sleep Clause: The combination of sleep-inducing moves with imperfect accuracy and Gravity or Gigantamax Orbeetle are banned\n|clearpoke\n|poke|p1|Maushold-Four|\n|poke|p1|Sableye, F|\n|poke|p1|Cramorant, F|\n|poke|p1|Bellibolt, M|\n|poke|p2|Garganacl, F|\n|poke|p2|Magikarp, F|\n|poke|p2|Combee, F|\n|poke|p2|Orthworm, F|\n|poke|p2|Steelix, M|\n|poke|p2|Chien-Pao|\n|teampreview\n|\n|t:|1696387506\n|start\n|switch|p1a: Maushold|Maushold-Four|100\/100\n|switch|p1b: Sableye|Sableye, F|100\/100\n|switch|p2a: Dead3|Steelix, M|100\/100\n|switch|p2b: Chien-Pao|Chien-Pao|100\/100\n|-ability|p2b: Chien-Pao|Sword of Ruin\n|turn|1\n|\n|t:|1696387516\n|move|p2b: Chien-Pao|Protect|p2b: Chien-Pao\n|-singleturn|p2b: Chien-Pao|Protect\n|move|p2a: Dead3|Protect|p2a: Dead3\n|-singleturn|p2a: Dead3|Protect\n|move|p1b: Sableye|Gravity|p1b: Sableye\n|-fieldstart|move: Gravity\n|move|p1a: Maushold|Tidy Up|p1a: Maushold\n|-boost|p1a: Maushold|atk|1\n|-boost|p1a: Maushold|spe|1\n|\n|upkeep\n|turn|2\n|\n|t:|1696387532\n|-terastallize|p1a: Maushold|Normal\n|move|p1b: Sableye|Helping Hand|p1a: Maushold\n|-singleturn|p1a: Maushold|Helping Hand|[of] p1b: Sableye\n|move|p2b: Chien-Pao|Protect||[still]\n|-fail|p2b: Chien-Pao\n|move|p2a: Dead3|Protect||[still]\n|-fail|p2a: Dead3\n|move|p1a: Maushold|Population Bomb|p2a: Dead3\n|-resisted|p2a: Dead3\n|-damage|p2a: Dead3|88\/100\n|-resisted|p2a: Dead3\n|-damage|p2a: Dead3|75\/100\n|-resisted|p2a: Dead3\n|-damage|p2a: Dead3|60\/100\n|-resisted|p2a: Dead3\n|-damage|p2a: Dead3|47\/100\n|-resisted|p2a: Dead3\n|-damage|p2a: Dead3|35\/100\n|-resisted|p2a: Dead3\n|-damage|p2a: Dead3|21\/100\n|-resisted|p2a: Dead3\n|-crit|p2a: Dead3\n|-damage|p2a: Dead3|1\/100\n|-resisted|p2a: Dead3\n|-damage|p2a: Dead3|0 fnt\n|faint|p2a: Dead3\n|-hitcount|p2: Dead3|8\n|-damage|p1a: Maushold|91\/100|[from] item: Life Orb\n|\n|upkeep\n|\n|t:|1696387560\n|switch|p2a: Combee|Combee, F|100\/100\n|turn|3\n|\n|t:|1696387570\n|move|p1b: Sableye|Helping Hand|p1a: Maushold\n|-singleturn|p1a: Maushold|Helping Hand|[of] p1b: Sableye\n|move|p2b: Chien-Pao|Protect|p2b: Chien-Pao\n|-singleturn|p2b: Chien-Pao|Protect\n|move|p1a: Maushold|Population Bomb|p2a: Combee\n|-damage|p2a: Combee|0 fnt\n|faint|p2a: Combee\n|-hitcount|p2: Combee|1\n|-damage|p1a: Maushold|81\/100|[from] item: Life Orb\n|\n|upkeep\n|\n|t:|1696387580\n|switch|p2a: Dead2|Orthworm, F|100\/100\n|turn|4\n|\n|t:|1696387585\n|move|p1b: Sableye|Helping Hand|p1a: Maushold\n|-singleturn|p1a: Maushold|Helping Hand|[of] p1b: Sableye\n|move|p2b: Chien-Pao|Protect||[still]\n|-fail|p2b: Chien-Pao\n|move|p1a: Maushold|Population Bomb|p2b: Chien-Pao\n|-damage|p2b: Chien-Pao|38\/100\n|-crit|p2b: Chien-Pao\n|-damage|p2b: Chien-Pao|0 fnt\n|faint|p2b: Chien-Pao\n|-hitcount|p2: Chien-Pao|2\n|-damage|p1a: Maushold|71\/100|[from] item: Life Orb\n|move|p2a: Dead2|Rest|p2a: Dead2\n|-fail|p2a: Dead2|heal\n|\n|upkeep\n|\n|t:|1696387600\n|switch|p2b: Dead|Garganacl, F|100\/100\n|turn|5\n|\n|t:|1696387615\n|move|p1b: Sableye|Helping Hand|p1a: Maushold\n|-singleturn|p1a: Maushold|Helping Hand|[of] p1b: Sableye\n|move|p1a: Maushold|Population Bomb|p2a: Dead2\n|-resisted|p2a: Dead2\n|-damage|p2a: Dead2|88\/100\n|-resisted|p2a: Dead2\n|-damage|p2a: Dead2|75\/100\n|-resisted|p2a: Dead2\n|-damage|p2a: Dead2|62\/100\n|-resisted|p2a: Dead2\n|-damage|p2a: Dead2|48\/100\n|-resisted|p2a: Dead2\n|-damage|p2a: Dead2|34\/100\n|-resisted|p2a: Dead2\n|-damage|p2a: Dead2|21\/100\n|-resisted|p2a: Dead2\n|-damage|p2a: Dead2|8\/100\n|-resisted|p2a: Dead2\n|-damage|p2a: Dead2|0 fnt\n|faint|p2a: Dead2\n|-hitcount|p2: Dead2|8\n|-damage|p1a: Maushold|62\/100|[from] item: Life Orb\n|move|p2b: Dead|Fling||[still]\n|-fail|p2b: Dead\n|\n|-fieldend|move: Gravity\n|upkeep\n|\n|t:|1696387636\n|switch|p2a: Magikarp|Magikarp, F|100\/100\n|turn|6\n|\n|t:|1696387641\n|move|p1b: Sableye|Gravity|p1b: Sableye\n|-fieldstart|move: Gravity\n|move|p1a: Maushold|Population Bomb|p2a: Magikarp\n|-damage|p2a: Magikarp|12\/100\n|-damage|p2a: Magikarp|0 fnt\n|faint|p2a: Magikarp\n|-hitcount|p2: Magikarp|2\n|-damage|p1a: Maushold|52\/100|[from] item: Life Orb\n|move|p2b: Dead|Fling||[still]\n|-fail|p2b: Dead\n|\n|upkeep\n|turn|7\n|\n|t:|1696387653\n|move|p1b: Sableye|Helping Hand|p1a: Maushold\n|-singleturn|p1a: Maushold|Helping Hand|[of] p1b: Sableye\n|move|p1a: Maushold|Population Bomb|p2b: Dead\n|-resisted|p2b: Dead\n|-damage|p2b: Dead|88\/100\n|-resisted|p2b: Dead\n|-damage|p2b: Dead|76\/100\n|-resisted|p2b: Dead\n|-damage|p2b: Dead|65\/100\n|-resisted|p2b: Dead\n|-damage|p2b: Dead|54\/100\n|-resisted|p2b: Dead\n|-damage|p2b: Dead|42\/100\n|-resisted|p2b: Dead\n|-damage|p2b: Dead|30\/100\n|-resisted|p2b: Dead\n|-damage|p2b: Dead|18\/100\n|-resisted|p2b: Dead\n|-damage|p2b: Dead|7\/100\n|-resisted|p2b: Dead\n|-damage|p2b: Dead|0 fnt\n|faint|p2b: Dead\n|-hitcount|p2: Dead|9\n|-damage|p1a: Maushold|42\/100|[from] item: Life Orb\n|\n|win|Synergenesis\n","uploadtime":1696387676,"views":7,"p1id":"synergenesis","p2id":"mbumbee","formatid":"gen9nationaldexdoubles","rating":0,"private":0,"password":""}