{"id":"gen9nationaldexdoubles-1977502413","p1":"Akiray420","p2":"Vikingman20","format":"[Gen 9] National Dex Doubles","log":"|j|\u2606Akiray420\n|j|\u2606Vikingman20\n|t:|1698422537\n|gametype|doubles\n|player|p1|Akiray420|benga|1040\n|player|p2|Vikingman20|101|1159\n|teamsize|p1|6\n|teamsize|p2|6\n|gen|9\n|tier|[Gen 9] National Dex Doubles\n|rated|\n|rule|HP Percentage Mod: HP is shown in percentages\n|rule|Endless Battle Clause: Forcing endless battles is banned\n|rule|OHKO Clause: OHKO moves are banned\n|rule|Evasion Moves Clause: Evasion moves are banned\n|rule|Evasion Abilities Clause: Evasion abilities are banned\n|rule|Species Clause: Limit one of each Pok\u00e9mon\n|rule|Gravity Sleep Clause: The combination of sleep-inducing moves with imperfect accuracy and Gravity or Gigantamax Orbeetle are banned\n|clearpoke\n|poke|p1|Snorlax, F|\n|poke|p1|Avalugg, M|\n|poke|p1|Typhlosion-Hisui, M|\n|poke|p1|Mew|\n|poke|p1|Inteleon, F|\n|poke|p1|Ursaluna-Bloodmoon, M|\n|poke|p2|Dracovish|\n|poke|p2|Tapu Koko|\n|poke|p2|Dracozolt|\n|poke|p2|Bellibolt, F|\n|poke|p2|Bronzong|\n|poke|p2|Landorus-Therian, M|\n|teampreview\n|\n|t:|1698422550\n|start\n|switch|p1a: Mew|Mew, shiny|100\/100\n|switch|p1b: Inteleon|Inteleon, F, shiny|100\/100\n|switch|p2a: Bellibolt|Bellibolt, F|100\/100\n|switch|p2b: Bronzong|Bronzong|100\/100\n|turn|1\n|\n|t:|1698422591\n|move|p2a: Bellibolt|Protect|p2a: Bellibolt\n|-singleturn|p2a: Bellibolt|Protect\n|move|p1b: Inteleon|Water Pledge|p2b: Bronzong\n|-damage|p2b: Bronzong|61\/100\n|move|p1a: Mew|Water Pledge|p2b: Bronzong\n|-damage|p2b: Bronzong|41\/100\n|move|p2b: Bronzong|Trick Room|p2b: Bronzong\n|-fieldstart|move: Trick Room|[of] p2b: Bronzong\n|\n|upkeep\n|turn|2\n|\n|t:|1698422620\n|-terastallize|p2a: Bellibolt|Electric\n|-terastallize|p1b: Inteleon|Water\n|move|p2b: Bronzong|Bulldoze|p1b: Inteleon|[spread] p2a,p1a,p1b\n|-supereffective|p2a: Bellibolt\n|-damage|p2a: Bellibolt|83\/100\n|-damage|p1a: Mew|92\/100\n|-damage|p1b: Inteleon|88\/100\n|-unboost|p2a: Bellibolt|spe|1\n|-unboost|p1a: Mew|spe|1\n|-unboost|p1b: Inteleon|spe|1\n|-start|p2a: Bellibolt|Charge|Bulldoze|[from] ability: Electromorphosis\n|-enditem|p2a: Bellibolt|Weakness Policy\n|-boost|p2a: Bellibolt|atk|2|[from] item: Weakness Policy\n|-boost|p2a: Bellibolt|spa|2|[from] item: Weakness Policy\n|move|p2a: Bellibolt|Discharge|p1a: Mew|[spread] p2b,p1a,p1b\n|-supereffective|p1b: Inteleon\n|-damage|p2b: Bronzong|0 fnt\n|-damage|p1a: Mew|0 fnt\n|-damage|p1b: Inteleon|0 fnt\n|faint|p2b: Bronzong\n|faint|p1a: Mew\n|faint|p1b: Inteleon\n|-end|p2a: Bellibolt|Charge|[silent]\n|\n|upkeep\n|\n|t:|1698422644\n|switch|p2b: Tapu Koko|Tapu Koko|100\/100\n|switch|p1a: Ursaluna|Ursaluna-Bloodmoon, M|100\/100\n|switch|p1b: Snorlax|Snorlax, F, shiny|100\/100\n|-fieldstart|move: Electric Terrain|[from] ability: Electric Surge|[of] p2b: Tapu Koko\n|turn|3\n|\n|t:|1698422676\n|move|p2a: Bellibolt|Discharge|p1a: Ursaluna|[spread] p2b,p1b\n|-immune|p1a: Ursaluna\n|-resisted|p2b: Tapu Koko\n|-damage|p2b: Tapu Koko|24\/100\n|-damage|p1b: Snorlax|36\/100\n|move|p1b: Snorlax|Heat Crash|p2a: Bellibolt\n|-damage|p2a: Bellibolt|58\/100\n|-start|p2a: Bellibolt|Charge|Heat Crash|[from] ability: Electromorphosis\n|move|p1a: Ursaluna|Blood Moon|p2a: Bellibolt\n|-damage|p2a: Bellibolt|0 fnt\n|faint|p2a: Bellibolt\n|move|p2b: Tapu Koko|Dazzling Gleam|p1b: Snorlax|[spread] p1a,p1b\n|-damage|p1a: Ursaluna|75\/100\n|-damage|p1b: Snorlax|20\/100\n|\n|-heal|p1b: Snorlax|26\/100|[from] item: Leftovers\n|upkeep\n|\n|t:|1698422696\n|switch|p2a: Dracovish|Dracovish|100\/100\n|turn|4\n|\n|t:|1698422727\n|move|p1b: Snorlax|Thunder Punch|p2a: Dracovish\n|-damage|p2a: Dracovish|67\/100\n|move|p1a: Ursaluna|Hyper Voice|p2a: Dracovish|[spread] p2a,p2b\n|-damage|p2a: Dracovish|25\/100\n|-damage|p2b: Tapu Koko|0 fnt\n|faint|p2b: Tapu Koko\n|move|p2a: Dracovish|Fishious Rend|p1a: Ursaluna\n|-supereffective|p1a: Ursaluna\n|-damage|p1a: Ursaluna|0 fnt\n|faint|p1a: Ursaluna\n|\n|-heal|p1b: Snorlax|32\/100|[from] item: Leftovers\n|upkeep\n|\n|t:|1698422747\n|switch|p1a: Avalugg|Avalugg, M, shiny|100\/100\n|switch|p2b: Dracozolt|Dracozolt|100\/100\n|turn|5\n|\n|t:|1698422779\n|move|p1a: Avalugg|Ice Ball|p2a: Dracovish\n|-damage|p2a: Dracovish|11\/100\n|move|p1b: Snorlax|Heat Crash|p2b: Dracozolt\n|-resisted|p2b: Dracozolt\n|-damage|p2b: Dracozolt|90\/100\n|move|p2b: Dracozolt|Ancient Power|p1b: Snorlax\n|-damage|p1b: Snorlax|26\/100\n|move|p2a: Dracovish|Fishious Rend|p1a: Avalugg\n|-damage|p1a: Avalugg|58\/100\n|\n|-heal|p1a: Avalugg|64\/100|[from] item: Leftovers\n|-heal|p1b: Snorlax|32\/100|[from] item: Leftovers\n|-fieldend|move: Trick Room\n|upkeep\n|turn|6\n|\n|t:|1698422812\n|move|p2b: Dracozolt|Ancient Power|p1a: Avalugg\n|-supereffective|p1a: Avalugg\n|-damage|p1a: Avalugg|40\/100\n|move|p2a: Dracovish|Fishious Rend|p1b: Snorlax\n|-damage|p1b: Snorlax|0 fnt\n|faint|p1b: Snorlax\n|move|p1a: Avalugg|Ice Ball|p2a: Dracovish|[from]lockedmove\n|-damage|p2a: Dracovish|0 fnt\n|faint|p2a: Dracovish\n|\n|-heal|p1a: Avalugg|46\/100|[from] item: Leftovers\n|upkeep\n|\n|t:|1698422826\n|switch|p2a: Landorus|Landorus-Therian, M|100\/100\n|switch|p1b: Typhlosion|Typhlosion-Hisui, M, shiny|100\/100\n|-ability|p2a: Landorus|Intimidate|boost\n|-fail|p1a: Avalugg|unboost|Attack|[from] ability: Own Tempo|[of] p1a: Avalugg\n|-unboost|p1b: Typhlosion|atk|1\n|turn|7\n|\n|t:|1698422859\n|move|p1b: Typhlosion|Eruption|p2a: Landorus|[spread] p2a,p2b\n|-resisted|p2b: Dracozolt\n|-damage|p2a: Landorus|33\/100\n|-damage|p2b: Dracozolt|48\/100\n|move|p2b: Dracozolt|Ancient Power|p1a: Avalugg\n|-supereffective|p1a: Avalugg\n|-damage|p1a: Avalugg|24\/100\n|move|p2a: Landorus|Earthquake|p1b: Typhlosion|[spread] p2b,p1a,p1b\n|-supereffective|p2b: Dracozolt\n|-supereffective|p1b: Typhlosion\n|-damage|p2b: Dracozolt|0 fnt\n|-damage|p1a: Avalugg|2\/100\n|-damage|p1b: Typhlosion|0 fnt\n|faint|p2b: Dracozolt\n|faint|p1b: Typhlosion\n|move|p1a: Avalugg|Ice Ball|p2a: Landorus|[from]lockedmove\n|-supereffective|p2a: Landorus\n|-damage|p2a: Landorus|0 fnt\n|-damage|p1a: Avalugg|0 fnt|[from] item: Rocky Helmet|[of] p2a: Landorus\n|faint|p2a: Landorus\n|faint|p1a: Avalugg\n|\n|win|Akiray420\n|raw|Akiray420's rating: 1040 &rarr; <strong>1085<\/strong><br \/>(+45 for winning)\n|raw|Vikingman20's rating: 1159 &rarr; <strong>1126<\/strong><br \/>(-33 for losing)\n","uploadtime":1698422890,"views":8,"p1id":"akiray420","p2id":"vikingman20","formatid":"gen9nationaldexdoubles","rating":1085,"private":0,"password":""}