{"id":"gen9nationaldexdoubles-1983251655","p1":"Ancientguirus","p2":"kg oiyvou","format":"[Gen 9] National Dex Doubles","log":"|j|\u2606Ancientguirus\n|j|\u2606kg oiyvou\n|t:|1699110578\n|gametype|doubles\n|player|p1|Ancientguirus|raihan|1125\n|player|p2|kg oiyvou|pokekid|1000\n|teamsize|p1|6\n|teamsize|p2|6\n|gen|9\n|tier|[Gen 9] National Dex Doubles\n|rated|\n|rule|HP Percentage Mod: HP is shown in percentages\n|rule|Endless Battle Clause: Forcing endless battles is banned\n|rule|OHKO Clause: OHKO moves are banned\n|rule|Evasion Moves Clause: Evasion moves are banned\n|rule|Evasion Abilities Clause: Evasion abilities are banned\n|rule|Species Clause: Limit one of each Pok\u00e9mon\n|rule|Gravity Sleep Clause: The combination of sleep-inducing moves with imperfect accuracy and Gravity or Gigantamax Orbeetle are banned\n|clearpoke\n|poke|p1|Glastrier|\n|poke|p1|Mudsdale, M|\n|poke|p1|Rapidash-Galar, M|\n|poke|p1|Spectrier|\n|poke|p1|Zebstrika, F|\n|poke|p1|Keldeo-Resolute|\n|poke|p2|Indeedee-F, F|\n|poke|p2|Oranguru, F|\n|poke|p2|Glastrier|\n|poke|p2|Hoopa-Unbound|\n|poke|p2|Ursaluna, F|\n|poke|p2|Zygarde|\n|teampreview\n|inactive|Battle timer is ON: inactive players will automatically lose when time's up. (requested by kg oiyvou)\n|\n|t:|1699110602\n|start\n|switch|p1a: my little pony|Rapidash-Galar, M|100\/100\n|switch|p1b: zappity zap|Zebstrika, F|100\/100\n|switch|p2a: Hoopa|Hoopa-Unbound|100\/100\n|switch|p2b: Zygarde|Zygarde|100\/100\n|-ability|p2b: Zygarde|Aura Break\n|turn|1\n|\n|t:|1699110617\n|move|p1b: zappity zap|Signal Beam|p2a: Hoopa\n|-supereffective|p2a: Hoopa\n|-damage|p2a: Hoopa|44\/100\n|move|p1a: my little pony|Play Rough|p2b: Zygarde\n|-supereffective|p2b: Zygarde\n|-damage|p2b: Zygarde|46\/100\n|-unboost|p2b: Zygarde|atk|1\n|move|p2b: Zygarde|Coil|p2b: Zygarde\n|-boost|p2b: Zygarde|atk|1\n|-boost|p2b: Zygarde|def|1\n|-boost|p2b: Zygarde|accuracy|1\n|move|p2a: Hoopa|Trick Room|p2a: Hoopa\n|-fieldstart|move: Trick Room|[of] p2a: Hoopa\n|-enditem|p2b: Zygarde|Room Service\n|-unboost|p2b: Zygarde|spe|1|[from] item: Room Service\n|-enditem|p2a: Hoopa|Room Service\n|-unboost|p2a: Hoopa|spe|1|[from] item: Room Service\n|\n|upkeep\n|turn|2\n|\n|t:|1699110641\n|switch|p1a: tucker|Mudsdale, M, shiny|100\/100\n|switch|p1b: horseytwinkletoes|Glastrier|100\/100\n|move|p2a: Hoopa|Dark Pulse|p1b: horseytwinkletoes\n|-damage|p1b: horseytwinkletoes|57\/100\n|-item|p2a: Hoopa|Leftovers|[from] ability: Magician|[of] p1b: horseytwinkletoes\n|move|p2b: Zygarde|Thousand Arrows|p1a: tucker|[spread] p1a,p1b\n|-damage|p1a: tucker|79\/100\n|-damage|p1b: horseytwinkletoes|41\/100\n|-ability|p1a: tucker|Stamina|boost\n|-boost|p1a: tucker|def|1\n|\n|-heal|p2a: Hoopa|50\/100|[from] item: Leftovers\n|upkeep\n|turn|3\n|inactive|Ancientguirus has 120 seconds left.\n|\n|t:|1699110674\n|move|p1b: horseytwinkletoes|Icicle Crash|p2b: Zygarde\n|-supereffective|p2b: Zygarde\n|-damage|p2b: Zygarde|0 fnt\n|faint|p2b: Zygarde\n|-ability|p1b: horseytwinkletoes|Chilling Neigh|boost\n|-boost|p1b: horseytwinkletoes|atk|1\n|move|p2a: Hoopa|Dark Pulse|p1a: tucker\n|-crit|p1a: tucker\n|-damage|p1a: tucker|1\/100\n|-ability|p1a: tucker|Stamina|boost\n|-boost|p1a: tucker|def|1\n|cant|p1a: tucker|flinch\n|\n|-heal|p2a: Hoopa|57\/100|[from] item: Leftovers\n|upkeep\n|\n|t:|1699110694\n|switch|p2b: Glastrier|Glastrier|100\/100\n|turn|4\n|\n|t:|1699110704\n|move|p2b: Glastrier|Double Kick|p1b: horseytwinkletoes\n|-supereffective|p1b: horseytwinkletoes\n|-damage|p1b: horseytwinkletoes|23\/100\n|-supereffective|p1b: horseytwinkletoes\n|-damage|p1b: horseytwinkletoes|6\/100\n|-hitcount|p1b: horseytwinkletoes|2\n|move|p1b: horseytwinkletoes|Body Press|p2b: Glastrier\n|-supereffective|p2b: Glastrier\n|-damage|p2b: Glastrier|71\/100\n|move|p2a: Hoopa|Dark Pulse|p1a: tucker\n|-damage|p1a: tucker|0 fnt\n|faint|p1a: tucker\n|\n|-heal|p2a: Hoopa|63\/100|[from] item: Leftovers\n|upkeep\n|\n|t:|1699110721\n|switch|p1a: zappity zap|Zebstrika, F|100\/100\n|turn|5\n|\n|t:|1699110741\n|move|p2b: Glastrier|Icicle Spear|p1b: horseytwinkletoes\n|-resisted|p1b: horseytwinkletoes\n|-damage|p1b: horseytwinkletoes|1\/100\n|-resisted|p1b: horseytwinkletoes\n|-damage|p1b: horseytwinkletoes|0 fnt\n|faint|p1b: horseytwinkletoes\n|-ability|p2b: Glastrier|Chilling Neigh|boost\n|-boost|p2b: Glastrier|atk|1\n|-hitcount|p1: horseytwinkletoes|2\n|move|p2a: Hoopa|Dark Pulse|p1a: zappity zap\n|-damage|p1a: zappity zap|5\/100\n|move|p1a: zappity zap|Overheat|p2b: Glastrier\n|-supereffective|p2b: Glastrier\n|-damage|p2b: Glastrier|22\/100\n|-unboost|p1a: zappity zap|spa|2\n|\n|-heal|p2a: Hoopa|69\/100|[from] item: Leftovers\n|-fieldend|move: Trick Room\n|upkeep\n|inactive|Ancientguirus has 120 seconds left.\n|\n|t:|1699110783\n|switch|p1b: g-ghost?!?|Spectrier|100\/100\n|turn|6\n|\n|t:|1699110791\n|move|p2b: Glastrier|Protect|p2b: Glastrier\n|-singleturn|p2b: Glastrier|Protect\n|move|p1b: g-ghost?!?|Draining Kiss|p2a: Hoopa\n|-supereffective|p2a: Hoopa\n|-damage|p2a: Hoopa|30\/100\n|-damage|p1b: g-ghost?!?|91\/100|[from] item: Life Orb\n|move|p1a: zappity zap|Signal Beam|p2a: Hoopa\n|-supereffective|p2a: Hoopa\n|-damage|p2a: Hoopa|4\/100\n|move|p2a: Hoopa|Trick Room|p2a: Hoopa\n|-fieldstart|move: Trick Room|[of] p2a: Hoopa\n|\n|-heal|p2a: Hoopa|10\/100|[from] item: Leftovers\n|upkeep\n|turn|7\n|\n|t:|1699110807\n|move|p2b: Glastrier|Icicle Spear|p1a: zappity zap\n|-damage|p1a: zappity zap|0 fnt\n|faint|p1a: zappity zap\n|-ability|p2b: Glastrier|Chilling Neigh|boost\n|-boost|p2b: Glastrier|atk|1\n|-hitcount|p1: zappity zap|1\n|move|p2a: Hoopa|Dark Pulse|p1b: g-ghost?!?\n|-supereffective|p1b: g-ghost?!?\n|-damage|p1b: g-ghost?!?|0 fnt\n|faint|p1b: g-ghost?!?\n|\n|-heal|p2a: Hoopa|16\/100|[from] item: Leftovers\n|upkeep\n|\n|t:|1699110818\n|switch|p1a: newbie|Keldeo-Resolute|100\/100\n|switch|p1b: my little pony|Rapidash-Galar, M|100\/100\n|turn|8\n|\n|t:|1699110837\n|-terastallize|p2b: Glastrier|Ice\n|move|p2b: Glastrier|Icicle Spear|p1b: my little pony\n|-damage|p1b: my little pony|35\/100\n|-damage|p1b: my little pony|0 fnt\n|faint|p1b: my little pony\n|-ability|p2b: Glastrier|Chilling Neigh|boost\n|-boost|p2b: Glastrier|atk|1\n|-hitcount|p1: my little pony|2\n|move|p2a: Hoopa|Psyshock|p1a: newbie\n|-supereffective|p1a: newbie\n|-crit|p1a: newbie\n|-damage|p1a: newbie|0 fnt\n|faint|p1a: newbie\n|\n|win|kg oiyvou\n|raw|Ancientguirus's rating: 1125 &rarr; <strong>1091<\/strong><br \/>(-34 for losing)\n|raw|kg oiyvou's rating: 1000 &rarr; <strong>1054<\/strong><br \/>(+54 for winning)\n","uploadtime":1699110850,"views":7,"p1id":"ancientguirus","p2id":"kgoiyvou","formatid":"gen9nationaldexdoubles","rating":1054,"private":0,"password":""}