{"id":"gen9nationaldexdoubles-1982862859","p1":"LilyLopears","p2":"TomoDako","format":"[Gen 9] National Dex Doubles","log":"|j|\u2606LilyLopears\n|j|\u2606TomoDako\n|t:|1699052459\n|gametype|doubles\n|player|p1|LilyLopears|acetrainersnowf|1000\n|player|p2|TomoDako|veteran|1097\n|teamsize|p1|6\n|teamsize|p2|6\n|gen|9\n|tier|[Gen 9] National Dex Doubles\n|rated|\n|rule|HP Percentage Mod: HP is shown in percentages\n|rule|Endless Battle Clause: Forcing endless battles is banned\n|rule|OHKO Clause: OHKO moves are banned\n|rule|Evasion Moves Clause: Evasion moves are banned\n|rule|Evasion Abilities Clause: Evasion abilities are banned\n|rule|Species Clause: Limit one of each Pok\u00e9mon\n|rule|Gravity Sleep Clause: The combination of sleep-inducing moves with imperfect accuracy and Gravity or Gigantamax Orbeetle are banned\n|clearpoke\n|poke|p1|Latios, M|\n|poke|p1|Kommo-o, F|\n|poke|p1|Volcarona, F|\n|poke|p1|Ursaluna-Bloodmoon, M|\n|poke|p1|Sandslash-Alola, F|\n|poke|p1|Moltres-Galar|\n|poke|p2|Sableye, M|\n|poke|p2|Dracovish|\n|poke|p2|Sinistcha-Masterpiece|\n|poke|p2|Golem-Alola, F|\n|poke|p2|Gliscor, M|\n|poke|p2|Gastrodon, M|\n|teampreview\n|\n|t:|1699052479\n|start\n|switch|p1a: Latios|Latios, M|100\/100\n|switch|p1b: Kommo-o|Kommo-o, F|100\/100\n|switch|p2a: Sableye|Sableye, M|100\/100\n|switch|p2b: Dracovish|Dracovish|100\/100\n|turn|1\n|\n|t:|1699052517\n|detailschange|p1a: Latios|Latios-Mega, M\n|-mega|p1a: Latios|Latios|Latiosite\n|-terastallize|p2b: Dracovish|Water\n|move|p1a: Latios|Protect|p1a: Latios\n|-singleturn|p1a: Latios|Protect\n|move|p2a: Sableye|Fake Out|p1a: Latios\n|-activate|p1a: Latios|move: Protect\n|move|p1b: Kommo-o|Clanging Scales|p2a: Sableye|[spread] p2a,p2b\n|-damage|p2a: Sableye|47\/100\n|-damage|p2b: Dracovish|60\/100\n|-unboost|p1b: Kommo-o|def|1\n|move|p2b: Dracovish|Fishious Rend|p1a: Latios\n|-activate|p1a: Latios|move: Protect\n|\n|upkeep\n|turn|2\n|\n|t:|1699052541\n|move|p2a: Sableye|Quash|p1a: Latios\n|-activate|p1a: Latios|move: Quash\n|-zpower|p1b: Kommo-o\n|move|p1b: Kommo-o|Clangorous Soulblaze|p2a: Sableye|[zeffect]|[spread] p2a,p2b\n|-damage|p2a: Sableye|0 fnt\n|-damage|p2b: Dracovish|0 fnt\n|faint|p2a: Sableye\n|faint|p2b: Dracovish\n|-boost|p1b: Kommo-o|atk|1\n|-boost|p1b: Kommo-o|def|1\n|-boost|p1b: Kommo-o|spa|1\n|-boost|p1b: Kommo-o|spd|1\n|-boost|p1b: Kommo-o|spe|1\n|move|p1a: Latios|Simple Beam|p1b: Kommo-o\n|-endability|p1b: Kommo-o|Bulletproof|[from] move: Simple Beam\n|-ability|p1b: Kommo-o|Simple|[from] move: Simple Beam\n|\n|upkeep\n|\n|t:|1699052559\n|switch|p2b: Gastrodon|Gastrodon, M|100\/100\n|switch|p2a: Golem|Golem-Alola, F|100\/100\n|turn|3\n|\n|t:|1699052588\n|move|p1b: Kommo-o|Boomburst|p2b: Gastrodon|[spread] p1a,p2a,p2b\n|-resisted|p2a: Golem\n|-damage|p1a: Latios|58\/100\n|-damage|p2a: Golem|69\/100\n|-damage|p2b: Gastrodon|72\/100\n|move|p1a: Latios|Draco Meteor|p2a: Golem|[miss]\n|-miss|p1a: Latios|p2a: Golem\n|move|p2a: Golem|Explosion|p1b: Kommo-o|[spread] p1a,p1b\n|-immune|p2b: Gastrodon\n|-resisted|p1a: Latios\n|-resisted|p1b: Kommo-o\n|-damage|p1a: Latios|0 fnt\n|-damage|p1b: Kommo-o|33\/100\n|faint|p2a: Golem\n|faint|p1a: Latios\n|move|p2b: Gastrodon|Clear Smog|p1b: Kommo-o\n|-damage|p1b: Kommo-o|21\/100\n|-clearboost|p1b: Kommo-o\n|\n|upkeep\n|c|\u2606LilyLopears|..ok\n|\n|t:|1699052628\n|switch|p1a: Sandslash|Sandslash-Alola, F|100\/100\n|switch|p2a: Gliscor|Gliscor, M|100\/100\n|turn|4\n|\n|t:|1699052641\n|-terastallize|p1a: Sandslash|Ice\n|move|p1a: Sandslash|Ice Shard|p2a: Gliscor\n|-supereffective|p2a: Gliscor\n|-damage|p2a: Gliscor|0 fnt\n|faint|p2a: Gliscor\n|move|p1b: Kommo-o|Clanging Scales|p2b: Gastrodon\n|-damage|p2b: Gastrodon|43\/100\n|-unboost|p1b: Kommo-o|def|2\n|move|p2b: Gastrodon|Blizzard|p1a: Sandslash|[spread] p1a\n|-miss|p2b: Gastrodon|p1b: Kommo-o\n|-resisted|p1a: Sandslash\n|-damage|p1a: Sandslash|83\/100\n|\n|upkeep\n|\n|t:|1699052653\n|switch|p2a: Sinistcha|Sinistcha-Masterpiece|100\/100\n|-heal|p2b: Gastrodon|68\/100|[from] ability: Hospitality|[of] p2a: Sinistcha\n|turn|5\n|\n|t:|1699052664\n|move|p1b: Kommo-o|Draco Meteor|p2a: Sinistcha\n|-damage|p2a: Sinistcha|28\/100\n|-unboost|p1b: Kommo-o|spa|4\n|move|p2a: Sinistcha|Matcha Gotcha|p1b: Kommo-o|[spread] p1a,p1b\n|-resisted|p1b: Kommo-o\n|-damage|p1a: Sandslash|42\/100\n|-heal|p2a: Sinistcha|49\/100|[from] drain|[of] p1a: Sandslash\n|-damage|p1b: Kommo-o|2\/100\n|-heal|p2a: Sinistcha|57\/100|[from] drain|[of] p1b: Kommo-o\n|move|p1a: Sandslash|Swords Dance|p1a: Sandslash\n|-boost|p1a: Sandslash|atk|2\n|move|p2b: Gastrodon|Earth Power|p1a: Sandslash\n|-damage|p1a: Sandslash|0 fnt\n|faint|p1a: Sandslash\n|\n|-heal|p2a: Sinistcha|63\/100|[from] item: Leftovers\n|upkeep\n|\n|t:|1699052687\n|switch|p1a: Moltres|Moltres-Galar|100\/100\n|turn|6\n|\n|t:|1699052700\n|move|p1a: Moltres|Hurricane|p2a: Sinistcha\n|-supereffective|p2a: Sinistcha\n|-damage|p2a: Sinistcha|0 fnt\n|faint|p2a: Sinistcha\n|-damage|p1a: Moltres|91\/100|[from] item: Life Orb\n|move|p1b: Kommo-o|Clanging Scales|p2b: Gastrodon\n|-damage|p2b: Gastrodon|57\/100\n|-unboost|p1b: Kommo-o|def|2\n|move|p2b: Gastrodon|Blizzard|p1b: Kommo-o|[spread] p1b\n|-miss|p2b: Gastrodon|p1a: Moltres\n|-supereffective|p1b: Kommo-o\n|-damage|p1b: Kommo-o|0 fnt\n|faint|p1b: Kommo-o\n|\n|upkeep\n|\n|t:|1699052715\n|switch|p1b: Ursaluna|Ursaluna-Bloodmoon, M|100\/100\n|turn|7\n|\n|t:|1699052731\n|move|p1a: Moltres|Hurricane|p2b: Gastrodon\n|-damage|p2b: Gastrodon|15\/100\n|-damage|p1a: Moltres|81\/100|[from] item: Life Orb\n|move|p1b: Ursaluna|Blood Moon|p2b: Gastrodon\n|-damage|p2b: Gastrodon|0 fnt\n|faint|p2b: Gastrodon\n|\n|win|LilyLopears\n|raw|LilyLopears's rating: 1000 &rarr; <strong>1051<\/strong><br \/>(+51 for winning)\n|raw|TomoDako's rating: 1097 &rarr; <strong>1066<\/strong><br \/>(-31 for losing)\n|c|\u2606TomoDako|Gg\n|c|\u2606LilyLopears|gg\n","uploadtime":1699052741,"views":16,"p1id":"lilylopears","p2id":"tomodako","formatid":"gen9nationaldexdoubles","rating":1051,"private":0,"password":""}