{"id":"gen9nationaldexdoubles-1970674998","p1":"tankaider","p2":"Zares08","format":"[Gen 9] National Dex Doubles","log":"|j|\u2606tankaider\n|j|\u2606Zares08\n|t:|1697657278\n|gametype|doubles\n|player|p1|tankaider|workerice|1365\n|player|p2|Zares08|hilbert-wonderlauncher|1188\n|teamsize|p1|6\n|teamsize|p2|6\n|gen|9\n|tier|[Gen 9] National Dex Doubles\n|rated|\n|rule|HP Percentage Mod: HP is shown in percentages\n|rule|Endless Battle Clause: Forcing endless battles is banned\n|rule|OHKO Clause: OHKO moves are banned\n|rule|Evasion Moves Clause: Evasion moves are banned\n|rule|Evasion Abilities Clause: Evasion abilities are banned\n|rule|Species Clause: Limit one of each Pok\u00e9mon\n|rule|Gravity Sleep Clause: The combination of sleep-inducing moves with imperfect accuracy and Gravity or Gigantamax Orbeetle are banned\n|clearpoke\n|poke|p1|Grimmsnarl, M|\n|poke|p1|Flutter Mane|\n|poke|p1|Brute Bonnet|\n|poke|p1|Rillaboom, F|\n|poke|p1|Iron Bundle|\n|poke|p1|Iron Hands|\n|poke|p2|Ceruledge, M|\n|poke|p2|Sneasler, M|\n|poke|p2|Diancie|\n|poke|p2|Ambipom, F|\n|poke|p2|Cloyster, M|\n|poke|p2|Bisharp, F|\n|teampreview\n|inactive|Battle timer is ON: inactive players will automatically lose when time's up. (requested by tankaider)\n|\n|t:|1697657295\n|start\n|switch|p1a: Grimmsnarl|Grimmsnarl, M, shiny|100\/100\n|switch|p1b: Rillaboom|Rillaboom, F, shiny|100\/100\n|switch|p2a: Ambipom|Ambipom, F, shiny|100\/100\n|switch|p2b: Diancie|Diancie, shiny|100\/100\n|-fieldstart|move: Grassy Terrain|[from] ability: Grassy Surge|[of] p1b: Rillaboom\n|turn|1\n|\n|t:|1697657312\n|detailschange|p2b: Diancie|Diancie-Mega, shiny\n|-mega|p2b: Diancie|Diancie|Diancite\n|move|p2a: Ambipom|Fake Out|p1b: Rillaboom\n|-enditem|p2a: Ambipom|Normal Gem|[from] gem\n|-damage|p1b: Rillaboom|62\/100\n|cant|p1b: Rillaboom|flinch\n|move|p1a: Grimmsnarl|Fake Out|p2a: Ambipom\n|-damage|p2a: Ambipom|82\/100\n|move|p2b: Diancie|Diamond Storm|p1b: Rillaboom|[spread] p1a,p1b\n|-damage|p1a: Grimmsnarl|54\/100\n|-damage|p1b: Rillaboom|22\/100\n|-boost|p2b: Diancie|def|2\n|-enditem|p1b: Rillaboom|Sitrus Berry|[eat]\n|-heal|p1b: Rillaboom|47\/100|[from] item: Sitrus Berry\n|\n|-heal|p2a: Ambipom|88\/100|[from] Grassy Terrain\n|-heal|p1b: Rillaboom|53\/100|[from] Grassy Terrain\n|-heal|p1a: Grimmsnarl|60\/100|[from] Grassy Terrain\n|upkeep\n|turn|2\n|\n|t:|1697657337\n|move|p2b: Diancie|Ally Switch|p2b: Diancie\n|swap|p2b: Diancie|0|[from] move: Ally Switch\n|move|p1b: Rillaboom|Grassy Glide|p2b: Ambipom\n|-damage|p2b: Ambipom|24\/100\n|move|p1a: Grimmsnarl|Thunder Wave|p2a: Diancie\n|move|p2a: Diancie|Thunder Wave|p1a: Grimmsnarl|[from]ability: Magic Bounce\n|-status|p1a: Grimmsnarl|par\n|move|p2b: Ambipom|U-turn|p1a: Grimmsnarl\n|-damage|p1a: Grimmsnarl|35\/100 par\n|\n|t:|1697657349\n|switch|p2b: Sneasler|Sneasler, M, shiny|100\/100|[from] U-turn\n|\n|-heal|p1b: Rillaboom|59\/100|[from] Grassy Terrain\n|-heal|p1a: Grimmsnarl|41\/100 par|[from] Grassy Terrain\n|upkeep\n|turn|3\n|\n|t:|1697657360\n|move|p2b: Sneasler|Fake Out|p1b: Rillaboom\n|-enditem|p2b: Sneasler|Normal Gem|[from] gem\n|-damage|p1b: Rillaboom|41\/100\n|cant|p1a: Grimmsnarl|par\n|cant|p1b: Rillaboom|flinch\n|move|p2a: Diancie|Diamond Storm|p1b: Rillaboom|[spread] p1a,p1b\n|-damage|p1a: Grimmsnarl|0 fnt\n|-damage|p1b: Rillaboom|5\/100\n|-boost|p2a: Diancie|def|2\n|faint|p1a: Grimmsnarl\n|\n|-heal|p1b: Rillaboom|11\/100|[from] Grassy Terrain\n|upkeep\n|\n|t:|1697657378\n|switch|p1a: Iron Bundle|Iron Bundle, shiny|100\/100\n|turn|4\n|\n|t:|1697657387\n|move|p2a: Diancie|Ally Switch|p2a: Diancie\n|swap|p2a: Diancie|1|[from] move: Ally Switch\n|move|p2a: Sneasler|Acrobatics|p1b: Rillaboom\n|-supereffective|p1b: Rillaboom\n|-damage|p1b: Rillaboom|0 fnt\n|faint|p1b: Rillaboom\n|move|p1a: Iron Bundle|Hydro Pump|p2a: Sneasler\n|-damage|p2a: Sneasler|10\/100\n|\n|-heal|p2a: Sneasler|16\/100|[from] Grassy Terrain\n|upkeep\n|\n|t:|1697657395\n|switch|p1b: Flutter Mane|Flutter Mane|100\/100\n|-enditem|p1b: Flutter Mane|Booster Energy\n|-activate|p1b: Flutter Mane|ability: Protosynthesis|[fromitem]\n|-start|p1b: Flutter Mane|protosynthesisspe\n|turn|5\n|\n|t:|1697657406\n|move|p1b: Flutter Mane|Thunderbolt|p2a: Sneasler\n|-damage|p2a: Sneasler|0 fnt\n|faint|p2a: Sneasler\n|move|p1a: Iron Bundle|Hydro Pump|p2b: Diancie\n|-supereffective|p2b: Diancie\n|-damage|p2b: Diancie|0 fnt\n|faint|p2b: Diancie\n|\n|-fieldend|move: Grassy Terrain\n|upkeep\n|\n|t:|1697657420\n|switch|p2a: Bisharp|Bisharp, F|100\/100\n|switch|p2b: Ambipom|Ambipom, F, shiny|24\/100\n|turn|6\n|\n|t:|1697657428\n|move|p2b: Ambipom|Fake Out|p1a: Iron Bundle\n|-damage|p1a: Iron Bundle|67\/100\n|move|p1b: Flutter Mane|Dazzling Gleam|p2a: Bisharp|[spread] p2a,p2b\n|-damage|p2a: Bisharp|65\/100\n|-damage|p2b: Ambipom|0 fnt\n|faint|p2b: Ambipom\n|cant|p1a: Iron Bundle|flinch\n|move|p2a: Bisharp|Iron Head|p1b: Flutter Mane\n|-supereffective|p1b: Flutter Mane\n|-damage|p1b: Flutter Mane|0 fnt\n|faint|p1b: Flutter Mane\n|-end|p1b: Flutter Mane|Protosynthesis|[silent]\n|\n|upkeep\n|inactive|Zares08 has 120 seconds left.\n|inactive|Zares08 has 90 seconds left.\n|inactive|Zares08 has 60 seconds left.\n|\n|t:|1697657520\n|switch|p1b: Iron Hands|Iron Hands, shiny|100\/100\n|switch|p2b: Cloyster|Cloyster, M, shiny|100\/100\n|turn|7\n|\n|t:|1697657540\n|-end|p1a: Iron Bundle|Quark Drive|[silent]\n|switch|p1a: Brute Bonnet|Brute Bonnet|100\/100\n|move|p2b: Cloyster|Protect|p2b: Cloyster\n|-singleturn|p2b: Cloyster|Protect\n|move|p1b: Iron Hands|Fake Out|p2a: Bisharp\n|-resisted|p2a: Bisharp\n|-damage|p2a: Bisharp|60\/100\n|cant|p2a: Bisharp|flinch\n|\n|upkeep\n|turn|8\n|\n|t:|1697657556\n|-terastallize|p2a: Bisharp|Ghost\n|move|p2a: Bisharp|Power-Up Punch|p1a: Brute Bonnet\n|-supereffective|p1a: Brute Bonnet\n|-damage|p1a: Brute Bonnet|76\/100\n|-boost|p2a: Bisharp|atk|1\n|move|p2b: Cloyster|Icicle Spear|p1a: Brute Bonnet\n|-supereffective|p1a: Brute Bonnet\n|-damage|p1a: Brute Bonnet|57\/100\n|-supereffective|p1a: Brute Bonnet\n|-damage|p1a: Brute Bonnet|38\/100\n|-supereffective|p1a: Brute Bonnet\n|-damage|p1a: Brute Bonnet|20\/100\n|-supereffective|p1a: Brute Bonnet\n|-damage|p1a: Brute Bonnet|0 fnt\n|faint|p1a: Brute Bonnet\n|-end|p1a: Brute Bonnet|Protosynthesis|[silent]\n|-hitcount|p1: Brute Bonnet|4\n|move|p1b: Iron Hands|Drain Punch|p2a: Bisharp\n|-immune|p2a: Bisharp\n|\n|upkeep\n|\n|t:|1697657563\n|switch|p1a: Iron Bundle|Iron Bundle, shiny|67\/100\n|turn|9\n|inactive|Zares08 has 120 seconds left.\n|\n|t:|1697657593\n|move|p2b: Cloyster|Protect|p2b: Cloyster\n|-singleturn|p2b: Cloyster|Protect\n|move|p1a: Iron Bundle|Hydro Pump|p2a: Bisharp\n|-damage|p2a: Bisharp|0 fnt\n|faint|p2a: Bisharp\n|move|p1b: Iron Hands|Wild Charge|p2b: Cloyster\n|-activate|p2b: Cloyster|move: Protect\n|\n|upkeep\n|\n|t:|1697657600\n|switch|p2a: Ceruledge|Ceruledge, M|100\/100\n|turn|10\n|inactive|Zares08 has 120 seconds left.\n|\n|t:|1697657609\n|move|p1a: Iron Bundle|Hydro Pump|p2a: Ceruledge\n|-supereffective|p2a: Ceruledge\n|-damage|p2a: Ceruledge|0 fnt\n|faint|p2a: Ceruledge\n|move|p2b: Cloyster|Shell Smash|p2b: Cloyster\n|-unboost|p2b: Cloyster|def|1\n|-unboost|p2b: Cloyster|spd|1\n|-boost|p2b: Cloyster|atk|2\n|-boost|p2b: Cloyster|spa|2\n|-boost|p2b: Cloyster|spe|2\n|-enditem|p2b: Cloyster|White Herb\n|-clearnegativeboost|p2b: Cloyster|[silent]\n|move|p1b: Iron Hands|Wild Charge|p2b: Cloyster\n|-supereffective|p2b: Cloyster\n|-damage|p2b: Cloyster|25\/100\n|-damage|p1b: Iron Hands|89\/100|[from] Recoil\n|\n|upkeep\n|turn|11\n|\n|t:|1697657627\n|move|p1a: Iron Bundle|Hydro Pump|p2b: Cloyster|[miss]\n|-miss|p1a: Iron Bundle|p2b: Cloyster\n|move|p2b: Cloyster|Icicle Spear|p1b: Iron Hands\n|-damage|p1b: Iron Hands|76\/100\n|-damage|p1b: Iron Hands|63\/100\n|-damage|p1b: Iron Hands|49\/100\n|-damage|p1b: Iron Hands|35\/100\n|-damage|p1b: Iron Hands|21\/100\n|-hitcount|p1b: Iron Hands|5\n|move|p1b: Iron Hands|Drain Punch|p2b: Cloyster\n|-supereffective|p2b: Cloyster\n|-damage|p2b: Cloyster|0 fnt\n|-heal|p1b: Iron Hands|29\/100|[from] drain|[of] p2b: Cloyster\n|faint|p2b: Cloyster\n|\n|win|tankaider\n|raw|tankaider's rating: 1365 &rarr; <strong>1376<\/strong><br \/>(+11 for winning)\n|raw|Zares08's rating: 1188 &rarr; <strong>1175<\/strong><br \/>(-13 for losing)\n","uploadtime":1697657634,"views":4,"p1id":"tankaider","p2id":"zares08","formatid":"gen9nationaldexdoubles","rating":1175,"private":0,"password":""}