{"id":"gen9nationaldexdoubles-1993836140","p1":"sans525262","p2":"wammer18","format":"[Gen 9] National Dex Doubles","log":"|j|\u2606sans525262\n|j|\u2606wammer18\n|t:|1700363292\n|gametype|doubles\n|player|p1|sans525262|preschooler|\n|player|p2|wammer18|266|\n|teamsize|p1|6\n|teamsize|p2|6\n|gen|9\n|tier|[Gen 9] National Dex Doubles\n|rule|HP Percentage Mod: HP is shown in percentages\n|rule|Endless Battle Clause: Forcing endless battles is banned\n|rule|OHKO Clause: OHKO moves are banned\n|rule|Evasion Moves Clause: Evasion moves are banned\n|rule|Evasion Abilities Clause: Evasion abilities are banned\n|rule|Species Clause: Limit one of each Pok\u00e9mon\n|rule|Gravity Sleep Clause: The combination of sleep-inducing moves with imperfect accuracy and Gravity or Gigantamax Orbeetle are banned\n|clearpoke\n|poke|p1|Amoonguss, M|\n|poke|p1|Charizard, M|\n|poke|p1|Victini|\n|poke|p1|Armarouge, M|\n|poke|p1|Indeedee-F, F|\n|poke|p1|Ogerpon-Hearthflame, F|\n|poke|p2|Charizard, F|\n|poke|p2|Chi-Yu|\n|poke|p2|Tornadus, M|\n|poke|p2|Tapu Fini|\n|poke|p2|Kingambit, M|\n|poke|p2|Ogerpon-Wellspring, F|\n|teampreview\n|inactive|Battle timer is ON: inactive players will automatically lose when time's up. (requested by wammer18)\n|j| Eliminathan\n|inactive|sans525262 has 270 seconds left.\n|j| 0spr3y\n|\n|t:|1700363386\n|start\n|switch|p1a: Ogerpon|Ogerpon-Hearthflame, F|100\/100\n|switch|p1b: Indeedee|Indeedee-F, F|100\/100\n|switch|p2a: Chi-Yu|Chi-Yu|100\/100\n|switch|p2b: Tornadus|Tornadus, M|100\/100\n|-ability|p1a: Ogerpon|Mold Breaker\n|-ability|p2a: Chi-Yu|Beads of Ruin\n|-fieldstart|move: Psychic Terrain|[from] ability: Psychic Surge|[of] p1b: Indeedee\n|turn|1\n|\n|t:|1700363413\n|switch|p2a: Tapu Fini|Tapu Fini|100\/100\n|-fieldstart|move: Misty Terrain|[from] ability: Misty Surge|[of] p2a: Tapu Fini\n|move|p1a: Ogerpon|Ivy Cudgel|p2b: Tornadus|[anim] Ivy Cudgel Fire\n|-damage|p2b: Tornadus|17\/100\n|move|p2b: Tornadus|Bleakwind Storm|p1a: Ogerpon|[spread] p1a,p1b\n|-supereffective|p1a: Ogerpon\n|-damage|p1a: Ogerpon|19\/100\n|-damage|p1b: Indeedee|61\/100\n|-unboost|p1b: Indeedee|spe|1\n|move|p1b: Indeedee|Light Screen|p1b: Indeedee\n|-sidestart|p1: sans525262|move: Light Screen\n|\n|upkeep\n|turn|2\n|\n|t:|1700363431\n|move|p2b: Tornadus|Tailwind|p2b: Tornadus\n|-sidestart|p2: wammer18|move: Tailwind\n|move|p2a: Tapu Fini|Muddy Water|p1a: Ogerpon|[spread] p1a,p1b\n|-damage|p1a: Ogerpon|0 fnt\n|-damage|p1b: Indeedee|44\/100\n|faint|p1a: Ogerpon\n|move|p1b: Indeedee|Reflect|p1b: Indeedee\n|-sidestart|p1: sans525262|Reflect\n|\n|upkeep\n|\n|t:|1700363443\n|switch|p1a: Amoonguss|Amoonguss, M|100\/100\n|turn|3\n|\n|t:|1700363470\n|switch|p2b: Chi-Yu|Chi-Yu|100\/100\n|-ability|p2b: Chi-Yu|Beads of Ruin\n|switch|p1b: Victini|Victini|100\/100\n|move|p2a: Tapu Fini|Icy Wind|p1b: Victini|[spread] p1a,p1b\n|-supereffective|p1a: Amoonguss\n|-crit|p1a: Amoonguss\n|-resisted|p1b: Victini\n|-damage|p1a: Amoonguss|55\/100\n|-damage|p1b: Victini|95\/100\n|-unboost|p1a: Amoonguss|spe|1\n|-unboost|p1b: Victini|spe|1\n|move|p1a: Amoonguss|Sludge Bomb|p2b: Chi-Yu\n|-crit|p2b: Chi-Yu\n|-damage|p2b: Chi-Yu|33\/100\n|\n|upkeep\n|turn|4\n|\n|t:|1700363494\n|switch|p1a: Armarouge|Armarouge, M|100\/100\n|-terastallize|p2b: Chi-Yu|Dark\n|move|p2b: Chi-Yu|Dark Pulse|p1b: Victini\n|-supereffective|p1b: Victini\n|-damage|p1b: Victini|0 fnt\n|faint|p1b: Victini\n|move|p2a: Tapu Fini|Muddy Water|p1a: Armarouge|[miss]\n|-miss|p2a: Tapu Fini|p1a: Armarouge\n|\n|upkeep\n|\n|t:|1700363501\n|switch|p1b: Charizard|Charizard, M|100\/100\n|turn|5\n|\n|t:|1700363529\n|switch|p1a: Indeedee|Indeedee-F, F|44\/100\n|-fieldstart|move: Psychic Terrain|[from] ability: Psychic Surge|[of] p1a: Indeedee\n|detailschange|p1b: Charizard|Charizard-Mega-Y, M\n|-mega|p1b: Charizard|Charizard|Charizardite Y\n|-weather|SunnyDay|[from] ability: Drought|[of] p1b: Charizard\n|move|p2b: Chi-Yu|Dark Pulse|p1a: Indeedee\n|-supereffective|p1a: Indeedee\n|-damage|p1a: Indeedee|0 fnt\n|faint|p1a: Indeedee\n|move|p2a: Tapu Fini|Muddy Water|p1b: Charizard\n|-supereffective|p1b: Charizard\n|-damage|p1b: Charizard|68\/100\n|move|p1b: Charizard|Solar Beam||[still]\n|-prepare|p1b: Charizard|Solar Beam\n|-anim|p1b: Charizard|Solar Beam|p2a: Tapu Fini\n|-supereffective|p2a: Tapu Fini\n|-damage|p2a: Tapu Fini|22\/100\n|\n|-weather|SunnyDay|[upkeep]\n|-sideend|p2: wammer18|move: Tailwind\n|upkeep\n|\n|t:|1700363536\n|switch|p1a: Armarouge|Armarouge, M|100\/100\n|turn|6\n|inactive|wammer18 has 270 seconds left.\n|inactive|sans525262 has 270 seconds left.\n|\n|t:|1700363574\n|switch|p2a: Ogerpon|Ogerpon-Wellspring, F|100\/100\n|move|p1b: Charizard|Flamethrower|p2a: Ogerpon\n|-damage|p2a: Ogerpon|0 fnt\n|faint|p2a: Ogerpon\n|move|p2b: Chi-Yu|Dark Pulse|p1a: Armarouge\n|-supereffective|p1a: Armarouge\n|-damage|p1a: Armarouge|0 fnt\n|faint|p1a: Armarouge\n|\n|-weather|SunnyDay|[upkeep]\n|upkeep\n|\n|t:|1700363597\n|switch|p2a: Kingambit|Kingambit, M|100\/100\n|switch|p1a: Amoonguss|Amoonguss, M|88\/100\n|turn|7\n|inactive|sans525262 has 270 seconds left.\n|\n|t:|1700363651\n|switch|p2b: Tapu Fini|Tapu Fini|22\/100\n|-fieldstart|move: Misty Terrain|[from] ability: Misty Surge|[of] p2b: Tapu Fini\n|move|p2a: Kingambit|Protect|p2a: Kingambit\n|-singleturn|p2a: Kingambit|Protect\n|move|p1b: Charizard|Flamethrower|p2a: Kingambit\n|-activate|p2a: Kingambit|move: Protect\n|move|p1a: Amoonguss|Sludge Bomb|p2b: Tapu Fini\n|-supereffective|p2b: Tapu Fini\n|-damage|p2b: Tapu Fini|0 fnt\n|faint|p2b: Tapu Fini\n|\n|-weather|SunnyDay|[upkeep]\n|upkeep\n|inactive|wammer18 has 270 seconds left.\n|\n|t:|1700363675\n|switch|p2b: Charizard|Charizard, F|100\/100\n|turn|8\n|\n|t:|1700363689\n|detailschange|p2b: Charizard|Charizard-Mega-Y, F\n|-mega|p2b: Charizard|Charizard|Charizardite Y\n|move|p2b: Charizard|Helping Hand|p2a: Kingambit\n|-singleturn|p2a: Kingambit|Helping Hand|[of] p2b: Charizard\n|move|p2a: Kingambit|Sucker Punch|p1b: Charizard\n|-damage|p1b: Charizard|0 fnt\n|faint|p1b: Charizard\n|move|p1a: Amoonguss|Spore|p2b: Charizard\n|-status|p2b: Charizard|slp|[from] move: Spore\n|\n|-weather|SunnyDay|[upkeep]\n|-sideend|p1: sans525262|move: Light Screen\n|upkeep\n|turn|9\n|\n|t:|1700363716\n|switch|p2b: Tornadus|Tornadus, M|17\/100\n|move|p2a: Kingambit|Kowtow Cleave|p1a: Amoonguss\n|-damage|p1a: Amoonguss|46\/100\n|move|p1a: Amoonguss|Pollen Puff|p2a: Kingambit\n|-damage|p2a: Kingambit|76\/100\n|\n|-weather|none\n|-sideend|p1: sans525262|Reflect\n|upkeep\n|turn|10\n|\n|t:|1700363729\n|move|p2b: Tornadus|Bleakwind Storm|p1a: Amoonguss|[miss]\n|-miss|p2b: Tornadus|p1a: Amoonguss\n|move|p2a: Kingambit|Kowtow Cleave|p1a: Amoonguss\n|-damage|p1a: Amoonguss|0 fnt\n|faint|p1a: Amoonguss\n|\n|win|wammer18\n|c|\u2606wammer18|u got replay?\n|c|\u2606sans525262|ye\n|c|\u2606sans525262|ill put em after\n|l|\u2606wammer18\n|l| 0spr3y\n|j|\u2606wammer18\n|player|p2|wammer18|266\n|l| Eliminathan\n|l|\u2606wammer18\n|player|p2|\n","uploadtime":1700364153,"views":5,"p1id":"sans525262","p2id":"wammer18","formatid":"gen9nationaldexdoubles","rating":0,"private":0,"password":""}