{"id":"gen9nationaldexdoubles-1997493317","p1":"SakuramajiMaya","p2":"Carcinogens Suck","format":"[Gen 9] National Dex Doubles","log":"|j|\u2606SakuramajiMaya\n|j|\u2606Carcinogens Suck\n|t:|1700814939\n|gametype|doubles\n|player|p1|SakuramajiMaya|266|1053\n|player|p2|Carcinogens Suck|harlequin|1067\n|teamsize|p1|6\n|teamsize|p2|6\n|gen|9\n|tier|[Gen 9] National Dex Doubles\n|rated|\n|rule|HP Percentage Mod: HP is shown in percentages\n|rule|Endless Battle Clause: Forcing endless battles is banned\n|rule|OHKO Clause: OHKO moves are banned\n|rule|Evasion Moves Clause: Evasion moves are banned\n|rule|Evasion Abilities Clause: Evasion abilities are banned\n|rule|Species Clause: Limit one of each Pok\u00e9mon\n|rule|Gravity Sleep Clause: The combination of sleep-inducing moves with imperfect accuracy and Gravity or Gigantamax Orbeetle are banned\n|clearpoke\n|poke|p1|Torkoal, F|\n|poke|p1|Chi-Yu|\n|poke|p1|Flutter Mane|\n|poke|p1|Great Tusk|\n|poke|p1|Jumpluff, F|\n|poke|p1|Gyarados, F|\n|poke|p2|Ninetales-Alola, F|\n|poke|p2|Arctozolt|\n|poke|p2|Avalugg, F|\n|poke|p2|Mr. Rime, M|\n|poke|p2|Crabominable, M|\n|poke|p2|Regice|\n|teampreview\n|\n|t:|1700814960\n|start\n|switch|p1a: Torkoal|Torkoal, F|100\/100\n|switch|p1b: Jumpluff|Jumpluff, F|100\/100\n|switch|p2a: Cutie :3|Ninetales-Alola, F|100\/100\n|switch|p2b: Meow|Avalugg, F|100\/100\n|-weather|Snow|[from] ability: Snow Warning|[of] p2a: Cutie :3\n|-weather|SunnyDay|[from] ability: Drought|[of] p1a: Torkoal\n|turn|1\n|\n|t:|1700814980\n|move|p1b: Jumpluff|Sleep Powder|p2a: Cutie :3\n|-status|p2a: Cutie :3|slp|[from] move: Sleep Powder\n|cant|p2a: Cutie :3|slp\n|move|p2b: Meow|Body Press|p1a: Torkoal\n|-damage|p1a: Torkoal|72\/100\n|move|p1a: Torkoal|Overheat|p2b: Meow\n|-supereffective|p2b: Meow\n|-damage|p2b: Meow|0 fnt\n|-unboost|p1a: Torkoal|spa|2\n|-enditem|p1a: Torkoal|Eject Pack\n|faint|p2b: Meow\n|\n|t:|1700814997\n|switch|p1a: Chi-Yu|Chi-Yu|100\/100\n|-ability|p1a: Chi-Yu|Beads of Ruin\n|\n|-weather|SunnyDay|[upkeep]\n|upkeep\n|\n|t:|1700815005\n|switch|p2b: AMELIA AIRHEART|Crabominable, M|100\/100\n|turn|2\n|\n|t:|1700815029\n|switch|p2a: Eepy|Arctozolt, shiny|100\/100\n|-terastallize|p2b: AMELIA AIRHEART|Water\n|move|p1b: Jumpluff|Sleep Powder|p2b: AMELIA AIRHEART\n|-status|p2b: AMELIA AIRHEART|slp|[from] move: Sleep Powder\n|move|p1a: Chi-Yu|Heat Wave|p2a: Eepy|[spread] p2a\n|-miss|p1a: Chi-Yu|p2b: AMELIA AIRHEART\n|-supereffective|p2a: Eepy\n|-enditem|p2a: Eepy|Focus Sash\n|-damage|p2a: Eepy|1\/100\n|cant|p2b: AMELIA AIRHEART|slp\n|\n|-weather|SunnyDay|[upkeep]\n|upkeep\n|turn|3\n|\n|t:|1700815067\n|move|p1b: Jumpluff|Leaf Storm|p2b: AMELIA AIRHEART\n|-supereffective|p2b: AMELIA AIRHEART\n|-damage|p2b: AMELIA AIRHEART|19\/100 slp\n|-unboost|p1b: Jumpluff|spa|2\n|move|p1a: Chi-Yu|Dark Pulse|p2b: AMELIA AIRHEART\n|-damage|p2b: AMELIA AIRHEART|0 fnt\n|faint|p2b: AMELIA AIRHEART\n|move|p2a: Eepy|Icicle Crash|p1b: Jumpluff\n|-supereffective|p1b: Jumpluff\n|-damage|p1b: Jumpluff|0 fnt\n|faint|p1b: Jumpluff\n|\n|-weather|SunnyDay|[upkeep]\n|upkeep\n|\n|t:|1700815076\n|switch|p1b: Great Tusk|Great Tusk|100\/100\n|switch|p2b: Cutie :3|Ninetales-Alola, F|100\/100 slp\n|-activate|p1b: Great Tusk|ability: Protosynthesis\n|-start|p1b: Great Tusk|protosynthesisatk\n|-weather|Snow|[from] ability: Snow Warning|[of] p2b: Cutie :3\n|-end|p1b: Great Tusk|Protosynthesis\n|turn|4\n|\n|t:|1700815110\n|-end|p1b: Great Tusk|Protosynthesis|[silent]\n|switch|p1b: Gyarados|Gyarados, F|100\/100\n|-ability|p1b: Gyarados|Intimidate|boost\n|-unboost|p2a: Eepy|atk|1\n|-unboost|p2b: Cutie :3|atk|1\n|move|p1a: Chi-Yu|Heat Wave|p2a: Eepy|[spread] p2a,p2b\n|-supereffective|p2a: Eepy\n|-supereffective|p2b: Cutie :3\n|-damage|p2a: Eepy|0 fnt\n|-damage|p2b: Cutie :3|0 fnt\n|faint|p2a: Eepy\n|faint|p2b: Cutie :3\n|\n|-weather|Snow|[upkeep]\n|upkeep\n|\n|t:|1700815119\n|switch|p2b: 9\/12|Mr. Rime, M|100\/100\n|switch|p2a: So Silly ;3|Regice|100\/100\n|turn|5\n|\n|t:|1700815141\n|switch|p1b: Torkoal|Torkoal, F|72\/100\n|-weather|SunnyDay|[from] ability: Drought|[of] p1b: Torkoal\n|move|p1a: Chi-Yu|Heat Wave|p2a: So Silly ;3|[spread] p2a,p2b\n|-supereffective|p2a: So Silly ;3\n|-supereffective|p2b: 9\/12\n|-damage|p2a: So Silly ;3|24\/100\n|-damage|p2b: 9\/12|0 fnt\n|faint|p2b: 9\/12\n|move|p2a: So Silly ;3|Focus Blast|p1a: Chi-Yu\n|-supereffective|p1a: Chi-Yu\n|-damage|p1a: Chi-Yu|18\/100\n|\n|-weather|SunnyDay|[upkeep]\n|-heal|p2a: So Silly ;3|30\/100|[from] item: Leftovers\n|upkeep\n|turn|6\n|\n|t:|1700815159\n|move|p1a: Chi-Yu|Heat Wave|p2a: So Silly ;3\n|-supereffective|p2a: So Silly ;3\n|-damage|p2a: So Silly ;3|0 fnt\n|faint|p2a: So Silly ;3\n|\n|win|SakuramajiMaya\n|raw|SakuramajiMaya's rating: 1053 &rarr; <strong>1086<\/strong><br \/>(+33 for winning)\n|raw|Carcinogens Suck's rating: 1067 &rarr; <strong>1046<\/strong><br \/>(-21 for losing)\n|l|\u2606Carcinogens Suck\n","uploadtime":1700815169,"views":4,"p1id":"sakuramajimaya","p2id":"carcinogenssuck","formatid":"gen9nationaldexdoubles","rating":1046,"private":0,"password":""}