{"id":"gen9nationaldexdoubles-1969829363","p1":"Yogic chic","p2":"Sonic42069","format":"[Gen 9] National Dex Doubles","log":"|j|\u2606Yogic chic\n|j|\u2606Sonic42069\n|t:|1697568555\n|gametype|doubles\n|player|p1|Yogic chic|n|1075\n|player|p2|Sonic42069|brycenman|1074\n|teamsize|p1|6\n|teamsize|p2|6\n|gen|9\n|tier|[Gen 9] National Dex Doubles\n|rated|\n|rule|HP Percentage Mod: HP is shown in percentages\n|rule|Endless Battle Clause: Forcing endless battles is banned\n|rule|OHKO Clause: OHKO moves are banned\n|rule|Evasion Moves Clause: Evasion moves are banned\n|rule|Evasion Abilities Clause: Evasion abilities are banned\n|rule|Species Clause: Limit one of each Pok\u00e9mon\n|rule|Gravity Sleep Clause: The combination of sleep-inducing moves with imperfect accuracy and Gravity or Gigantamax Orbeetle are banned\n|clearpoke\n|poke|p1|Cresselia, F|\n|poke|p1|Tyranitar, M|\n|poke|p1|Scizor, M|\n|poke|p1|Corviknight, M|\n|poke|p1|Heatran, M|\n|poke|p1|Sinistcha-Masterpiece|\n|poke|p2|Incineroar, M|\n|poke|p2|Charizard, F|\n|poke|p2|Venusaur, F|\n|poke|p2|Greninja-*, F|\n|poke|p2|Torterra, F|\n|poke|p2|Quaquaval, M|\n|teampreview\n|inactive|Battle timer is ON: inactive players will automatically lose when time's up. (requested by Sonic42069)\n|\n|t:|1697568582\n|start\n|switch|p1a: Tyranitar|Tyranitar, M, shiny|100\/100\n|switch|p1b: Cresselia|Cresselia, F, shiny|100\/100\n|switch|p2a: Torterra|Torterra, F|100\/100\n|switch|p2b: Incineroar|Incineroar, M|100\/100\n|-weather|Sandstorm|[from] ability: Sand Stream|[of] p1a: Tyranitar\n|-ability|p2b: Incineroar|Intimidate|boost\n|-unboost|p1a: Tyranitar|atk|1\n|-unboost|p1b: Cresselia|atk|1\n|turn|1\n|\n|t:|1697568597\n|move|p2b: Incineroar|Fake Out|p1b: Cresselia\n|-damage|p1b: Cresselia|90\/100\n|move|p1a: Tyranitar|Hone Claws|p1a: Tyranitar\n|-boost|p1a: Tyranitar|atk|1\n|-boost|p1a: Tyranitar|accuracy|1\n|cant|p1b: Cresselia|flinch\n|move|p2a: Torterra|Bullet Seed|p1a: Tyranitar\n|-supereffective|p1a: Tyranitar\n|-damage|p1a: Tyranitar|75\/100\n|-supereffective|p1a: Tyranitar\n|-damage|p1a: Tyranitar|52\/100\n|-supereffective|p1a: Tyranitar\n|-damage|p1a: Tyranitar|27\/100\n|-supereffective|p1a: Tyranitar\n|-damage|p1a: Tyranitar|2\/100\n|-hitcount|p1a: Tyranitar|4\n|\n|-weather|Sandstorm|[upkeep]\n|-damage|p1b: Cresselia|84\/100|[from] Sandstorm\n|-damage|p2b: Incineroar|94\/100|[from] Sandstorm\n|-heal|p1b: Cresselia|90\/100|[from] item: Leftovers\n|upkeep\n|turn|2\n|\n|t:|1697568623\n|move|p1a: Tyranitar|Earthquake|p2a: Torterra|[spread] p2a,p2b\n|-immune|p1b: Cresselia|[from] ability: Levitate\n|-resisted|p2a: Torterra\n|-supereffective|p2b: Incineroar\n|-damage|p2a: Torterra|89\/100\n|-damage|p2b: Incineroar|42\/100\n|-enditem|p2b: Incineroar|Sitrus Berry|[eat]\n|-heal|p2b: Incineroar|66\/100|[from] item: Sitrus Berry\n|move|p1b: Cresselia|Lunar Blessing|p1b: Cresselia|[spread] p1a,p1b\n|-heal|p1a: Tyranitar|27\/100\n|-heal|p1b: Cresselia|100\/100\n|move|p2b: Incineroar|Darkest Lariat|p1b: Cresselia\n|-supereffective|p1b: Cresselia\n|-damage|p1b: Cresselia|41\/100\n|move|p2a: Torterra|Bullet Seed|p1b: Cresselia\n|-damage|p1b: Cresselia|31\/100\n|-damage|p1b: Cresselia|22\/100\n|-damage|p1b: Cresselia|13\/100\n|-damage|p1b: Cresselia|4\/100\n|-hitcount|p1b: Cresselia|4\n|\n|-weather|Sandstorm|[upkeep]\n|-damage|p1b: Cresselia|0 fnt|[from] Sandstorm\n|-damage|p2b: Incineroar|60\/100|[from] Sandstorm\n|faint|p1b: Cresselia\n|upkeep\n|inactive|Yogic chic has 120 seconds left.\n|\n|t:|1697568648\n|switch|p1b: Sinistcha|Sinistcha-Masterpiece|100\/100\n|-heal|p1a: Tyranitar|52\/100|[from] ability: Hospitality|[of] p1b: Sinistcha\n|turn|3\n|inactive|Yogic chic has 120 seconds left.\n|\n|t:|1697568669\n|switch|p2a: Charizard|Charizard, F|100\/100\n|move|p1a: Tyranitar|Stone Edge|p2b: Incineroar\n|-supereffective|p2b: Incineroar\n|-damage|p2b: Incineroar|0 fnt\n|faint|p2b: Incineroar\n|move|p1b: Sinistcha|Matcha Gotcha|p2a: Charizard\n|-resisted|p2a: Charizard\n|-damage|p2a: Charizard|88\/100\n|\n|-weather|Sandstorm|[upkeep]\n|-damage|p2a: Charizard|82\/100|[from] Sandstorm\n|-damage|p1b: Sinistcha|94\/100|[from] Sandstorm\n|upkeep\n|\n|t:|1697568676\n|switch|p2b: Quaquaval|Quaquaval, M|100\/100\n|turn|4\n|\n|t:|1697568687\n|detailschange|p2a: Charizard|Charizard-Mega-Y, F\n|-mega|p2a: Charizard|Charizard|Charizardite Y\n|-weather|SunnyDay|[from] ability: Drought|[of] p2a: Charizard\n|-terastallize|p2b: Quaquaval|Flying\n|move|p2a: Charizard|Tailwind|p2a: Charizard\n|-sidestart|p2: Sonic42069|move: Tailwind\n|move|p2b: Quaquaval|Aqua Step|p1a: Tyranitar\n|-supereffective|p1a: Tyranitar\n|-damage|p1a: Tyranitar|8\/100\n|-boost|p2b: Quaquaval|spe|1\n|-damage|p2b: Quaquaval|91\/100|[from] item: Life Orb\n|move|p1a: Tyranitar|Stone Edge|p1b: Sinistcha\n|-damage|p1b: Sinistcha|42\/100\n|move|p1b: Sinistcha|Matcha Gotcha|p2b: Quaquaval|[spread] p2b\n|-miss|p1b: Sinistcha|p2a: Charizard\n|-resisted|p2b: Quaquaval\n|-damage|p2b: Quaquaval|71\/100\n|-heal|p1b: Sinistcha|50\/100|[from] drain|[of] p2b: Quaquaval\n|\n|-weather|SunnyDay|[upkeep]\n|upkeep\n|turn|5\n|inactive|Yogic chic has 120 seconds left.\n|\n|t:|1697568719\n|move|p2b: Quaquaval|Aqua Step|p1a: Tyranitar\n|-supereffective|p1a: Tyranitar\n|-damage|p1a: Tyranitar|0 fnt\n|-boost|p2b: Quaquaval|spe|1\n|faint|p1a: Tyranitar\n|-ability|p2b: Quaquaval|Moxie|boost\n|-boost|p2b: Quaquaval|atk|1\n|-damage|p2b: Quaquaval|61\/100|[from] item: Life Orb\n|move|p2a: Charizard|Scorching Sands|p1b: Sinistcha\n|-resisted|p1b: Sinistcha\n|-damage|p1b: Sinistcha|39\/100\n|-status|p1b: Sinistcha|brn\n|move|p1b: Sinistcha|Matcha Gotcha|p2a: Charizard|[spread] p2a,p2b\n|-resisted|p2a: Charizard\n|-resisted|p2b: Quaquaval\n|-damage|p2a: Charizard|75\/100\n|-heal|p1b: Sinistcha|42\/100 brn|[from] drain|[of] p2a: Charizard\n|-damage|p2b: Quaquaval|41\/100\n|-heal|p1b: Sinistcha|51\/100 brn|[from] drain|[of] p2b: Quaquaval\n|-status|p2b: Quaquaval|brn\n|\n|-weather|SunnyDay|[upkeep]\n|-damage|p2b: Quaquaval|35\/100 brn|[from] brn\n|-damage|p1b: Sinistcha|45\/100 brn|[from] brn\n|upkeep\n|inactive|Yogic chic has 120 seconds left.\n|\n|t:|1697568726\n|switch|p1a: Scizor|Scizor, M, shiny|100\/100\n|turn|6\n|\n|t:|1697568741\n|switch|p2b: Venusaur|Venusaur, F|100\/100\n|move|p1a: Scizor|Bullet Punch|p2b: Venusaur\n|-damage|p2b: Venusaur|49\/100\n|-damage|p1a: Scizor|91\/100|[from] item: Life Orb\n|move|p2a: Charizard|Overheat|p1a: Scizor\n|-supereffective|p1a: Scizor\n|-damage|p1a: Scizor|0 fnt\n|-unboost|p2a: Charizard|spa|2\n|faint|p1a: Scizor\n|move|p1b: Sinistcha|Scald|p2a: Charizard\n|-supereffective|p2a: Charizard\n|-damage|p2a: Charizard|47\/100\n|\n|-weather|SunnyDay|[upkeep]\n|-damage|p1b: Sinistcha|39\/100 brn|[from] brn\n|upkeep\n|\n|t:|1697568757\n|switch|p1a: Heatran|Heatran, M, shiny|100\/100\n|turn|7\n|\n|t:|1697568771\n|switch|p2a: Torterra|Torterra, F|89\/100\n|move|p2b: Venusaur|Earth Power|p1a: Heatran\n|-supereffective|p1a: Heatran\n|-crit|p1a: Heatran\n|-damage|p1a: Heatran|0 fnt\n|faint|p1a: Heatran\n|move|p1b: Sinistcha|Scald|p2a: Torterra\n|-damage|p2a: Torterra|76\/100\n|\n|-weather|SunnyDay|[upkeep]\n|-damage|p1b: Sinistcha|33\/100 brn|[from] brn\n|-sideend|p2: Sonic42069|move: Tailwind\n|upkeep\n|\n|t:|1697568783\n|switch|p1a: Corviknight|Corviknight, M, shiny|100\/100\n|turn|8\n|\n|t:|1697568792\n|move|p2b: Venusaur|Sleep Powder|p1a: Corviknight\n|-status|p1a: Corviknight|slp|[from] move: Sleep Powder\n|move|p1b: Sinistcha|Matcha Gotcha|p2a: Torterra|[spread] p2a,p2b\n|-resisted|p2b: Venusaur\n|-damage|p2a: Torterra|46\/100\n|-heal|p1b: Sinistcha|50\/100 brn|[from] drain|[of] p2a: Torterra\n|-damage|p2b: Venusaur|40\/100\n|-heal|p1b: Sinistcha|54\/100 brn|[from] drain|[of] p2b: Venusaur\n|cant|p1a: Corviknight|slp\n|move|p2a: Torterra|Bullet Seed|p1b: Sinistcha\n|-resisted|p1b: Sinistcha\n|-damage|p1b: Sinistcha|49\/100 brn\n|-resisted|p1b: Sinistcha\n|-damage|p1b: Sinistcha|42\/100 brn\n|-resisted|p1b: Sinistcha\n|-damage|p1b: Sinistcha|37\/100 brn\n|-resisted|p1b: Sinistcha\n|-damage|p1b: Sinistcha|31\/100 brn\n|-resisted|p1b: Sinistcha\n|-damage|p1b: Sinistcha|24\/100 brn\n|-hitcount|p1b: Sinistcha|5\n|\n|-weather|none\n|-damage|p1b: Sinistcha|18\/100 brn|[from] brn\n|upkeep\n|turn|9\n|\n|t:|1697568823\n|switch|p2b: Greninja|Greninja, F|100\/100\n|move|p1b: Sinistcha|Matcha Gotcha|p2b: Greninja|[spread] p2a,p2b\n|-supereffective|p2b: Greninja\n|-damage|p2a: Torterra|15\/100\n|-heal|p1b: Sinistcha|36\/100 brn|[from] drain|[of] p2a: Torterra\n|-damage|p2b: Greninja|4\/100\n|-heal|p1b: Sinistcha|76\/100 brn|[from] drain|[of] p2b: Greninja\n|cant|p1a: Corviknight|slp\n|move|p2a: Torterra|Headlong Rush|p1b: Sinistcha\n|-resisted|p1b: Sinistcha\n|-damage|p1b: Sinistcha|49\/100 brn\n|-unboost|p2a: Torterra|def|1\n|-unboost|p2a: Torterra|spd|1\n|\n|-damage|p1b: Sinistcha|43\/100 brn|[from] brn\n|upkeep\n|turn|10\n|\n|t:|1697568844\n|move|p2b: Greninja|Dark Pulse|p1a: Corviknight\n|-start|p2b: Greninja|typechange|Dark|[from] ability: Protean\n|-damage|p1a: Corviknight|64\/100 slp\n|move|p1b: Sinistcha|Matcha Gotcha|p2b: Greninja|[spread] p2b\n|-miss|p1b: Sinistcha|p2a: Torterra\n|-damage|p2b: Greninja|0 fnt\n|-heal|p1b: Sinistcha|44\/100 brn|[from] drain|[of] p2b: Greninja\n|faint|p2b: Greninja\n|cant|p1a: Corviknight|slp\n|move|p2a: Torterra|Bullet Seed|p1b: Sinistcha\n|-resisted|p1b: Sinistcha\n|-damage|p1b: Sinistcha|38\/100 brn\n|-resisted|p1b: Sinistcha\n|-damage|p1b: Sinistcha|32\/100 brn\n|-resisted|p1b: Sinistcha\n|-damage|p1b: Sinistcha|25\/100 brn\n|-resisted|p1b: Sinistcha\n|-damage|p1b: Sinistcha|19\/100 brn\n|-resisted|p1b: Sinistcha\n|-damage|p1b: Sinistcha|14\/100 brn\n|-hitcount|p1b: Sinistcha|5\n|\n|-damage|p1b: Sinistcha|8\/100 brn|[from] brn\n|upkeep\n|\n|t:|1697568853\n|switch|p2b: Charizard|Charizard-Mega-Y, F|47\/100\n|-weather|SunnyDay|[from] ability: Drought|[of] p2b: Charizard\n|turn|11\n|\n|t:|1697568877\n|move|p2b: Charizard|Overheat|p1a: Corviknight\n|-supereffective|p1a: Corviknight\n|-damage|p1a: Corviknight|0 fnt\n|-unboost|p2b: Charizard|spa|2\n|faint|p1a: Corviknight\n|move|p1b: Sinistcha|Matcha Gotcha|p2b: Charizard|[spread] p2a,p2b\n|-resisted|p2b: Charizard\n|-damage|p2a: Torterra|0 fnt\n|-heal|p1b: Sinistcha|16\/100 brn|[from] drain|[of] p2a: Torterra\n|-damage|p2b: Charizard|40\/100\n|-heal|p1b: Sinistcha|19\/100 brn|[from] drain|[of] p2b: Charizard\n|faint|p2a: Torterra\n|\n|-weather|SunnyDay|[upkeep]\n|-damage|p1b: Sinistcha|13\/100 brn|[from] brn\n|upkeep\n|\n|t:|1697568882\n|switch|p2a: Venusaur|Venusaur, F|40\/100\n|turn|12\n|\n|t:|1697568891\n|switch|p2b: Quaquaval|Quaquaval, M, tera:Flying|35\/100 brn\n|move|p2a: Venusaur|Sludge Bomb|p1b: Sinistcha\n|-damage|p1b: Sinistcha|0 fnt\n|faint|p1b: Sinistcha\n|\n|win|Sonic42069\n|raw|Yogic chic's rating: 1075 &rarr; <strong>1054<\/strong><br \/>(-21 for losing)\n|raw|Sonic42069's rating: 1074 &rarr; <strong>1103<\/strong><br \/>(+29 for winning)\n|l|\u2606Yogic chic\n","uploadtime":1697568898,"views":12,"p1id":"yogicchic","p2id":"sonic42069","formatid":"gen9nationaldexdoubles","rating":1054,"private":0,"password":""}