{"id":"gen9nationaldexdoubles-1962220250","p1":"repolnareff","p2":"sirseraphim","format":"[Gen 9] National Dex Doubles","log":"|j|\u2606repolnareff\n|j|\u2606sirseraphim\n|t:|1696719425\n|gametype|doubles\n|player|p1|repolnareff|drayden|1103\n|player|p2|sirseraphim|ingo|1193\n|teamsize|p1|6\n|teamsize|p2|6\n|gen|9\n|tier|[Gen 9] National Dex Doubles\n|rated|\n|rule|HP Percentage Mod: HP is shown in percentages\n|rule|Endless Battle Clause: Forcing endless battles is banned\n|rule|OHKO Clause: OHKO moves are banned\n|rule|Evasion Moves Clause: Evasion moves are banned\n|rule|Evasion Abilities Clause: Evasion abilities are banned\n|rule|Species Clause: Limit one of each Pok\u00e9mon\n|rule|Gravity Sleep Clause: The combination of sleep-inducing moves with imperfect accuracy and Gravity or Gigantamax Orbeetle are banned\n|clearpoke\n|poke|p1|Weezing-Galar, M|\n|poke|p1|Regigigas|\n|poke|p1|Slaking, M|\n|poke|p1|Blacephalon|\n|poke|p1|Coalossal, M|\n|poke|p1|Tapu Fini|\n|poke|p2|Ogerpon-Hearthflame, F|\n|poke|p2|Urshifu-*, M|\n|poke|p2|Togekiss, F|\n|poke|p2|Eevee, M|\n|poke|p2|Garchomp, F|\n|poke|p2|Smeargle, F|\n|teampreview\n|\n|t:|1696719432\n|start\n|switch|p1a: Weezing|Weezing-Galar, M|100\/100\n|switch|p1b: Regigigas|Regigigas|100\/100\n|switch|p2a: Smeargle|Smeargle, F|100\/100\n|switch|p2b: Togekiss|Togekiss, F|100\/100\n|-ability|p1a: Weezing|Neutralizing Gas\n|turn|1\n|\n|t:|1696719453\n|move|p1b: Regigigas|Darkest Lariat|p2a: Smeargle\n|-damage|p2a: Smeargle|0 fnt\n|faint|p2a: Smeargle\n|-damage|p1b: Regigigas|91\/100|[from] item: Life Orb\n|move|p1a: Weezing|Sludge Bomb|p2b: Togekiss\n|-supereffective|p2b: Togekiss\n|-crit|p2b: Togekiss\n|-damage|p2b: Togekiss|40\/100\n|move|p2b: Togekiss|Yawn|p1a: Weezing\n|-start|p1a: Weezing|move: Yawn|[of] p2b: Togekiss\n|\n|upkeep\n|\n|t:|1696719463\n|switch|p2a: Eevee|Eevee, M|100\/100\n|turn|2\n|\n|t:|1696719474\n|move|p1b: Regigigas|High Horsepower|p2a: Eevee\n|-damage|p2a: Eevee|8\/100\n|-damage|p1b: Regigigas|81\/100|[from] item: Life Orb\n|move|p1a: Weezing|Sludge Bomb|p2b: Togekiss\n|-supereffective|p2b: Togekiss\n|-damage|p2b: Togekiss|0 fnt\n|faint|p2b: Togekiss\n|-zpower|p2a: Eevee\n|move|p2a: Eevee|Extreme Evoboost|p2a: Eevee\n|-boost|p2a: Eevee|atk|2\n|-boost|p2a: Eevee|def|2\n|-boost|p2a: Eevee|spa|2\n|-boost|p2a: Eevee|spd|2\n|-boost|p2a: Eevee|spe|2\n|\n|-end|p1a: Weezing|move: Yawn|[silent]\n|-status|p1a: Weezing|slp\n|upkeep\n|\n|t:|1696719490\n|switch|p2b: Ogerpon|Ogerpon-Hearthflame, F|100\/100\n|turn|3\n|\n|t:|1696719504\n|cant|p1a: Weezing|slp\n|move|p2b: Ogerpon|Knock Off|p1b: Regigigas\n|-damage|p1b: Regigigas|50\/100\n|-enditem|p1b: Regigigas|Life Orb|[from] move: Knock Off|[of] p2b: Ogerpon\n|move|p1b: Regigigas|Giga Impact|p2b: Ogerpon\n|-damage|p2b: Ogerpon|0 fnt\n|-mustrecharge|p1b: Regigigas\n|faint|p2b: Ogerpon\n|move|p2a: Eevee|Baton Pass|p2a: Eevee\n|\n|t:|1696719513\n|switch|p2a: Garchomp|Garchomp, F|100\/100|[from] Baton Pass\n|\n|upkeep\n|\n|t:|1696719518\n|switch|p2b: Urshifu|Urshifu-Rapid-Strike, M|100\/100\n|turn|4\n|\n|t:|1696719528\n|detailschange|p2a: Garchomp|Garchomp-Mega, F\n|-mega|p2a: Garchomp|Garchomp|Garchompite\n|cant|p1a: Weezing|slp\n|move|p2a: Garchomp|Swords Dance|p2a: Garchomp\n|-boost|p2a: Garchomp|atk|2\n|cant|p1b: Regigigas|recharge\n|move|p2b: Urshifu|Bulk Up|p2b: Urshifu\n|-boost|p2b: Urshifu|atk|1\n|-boost|p2b: Urshifu|def|1\n|\n|upkeep\n|turn|5\n|\n|t:|1696719550\n|-curestatus|p1a: Weezing|slp|[msg]\n|move|p1a: Weezing|Protect|p1a: Weezing\n|-singleturn|p1a: Weezing|Protect\n|move|p2a: Garchomp|Rock Slide|p1a: Weezing|[spread] p1b\n|-activate|p1a: Weezing|move: Protect\n|-damage|p1b: Regigigas|0 fnt\n|faint|p1b: Regigigas\n|-end|p1b: Regigigas|Slow Start|[silent]\n|move|p2b: Urshifu|Fire Punch|p1a: Weezing\n|-activate|p1a: Weezing|move: Protect\n|\n|upkeep\n|\n|t:|1696719564\n|switch|p1b: Slaking|Slaking, M|100\/100\n|turn|6\n|\n|t:|1696719585\n|move|p1a: Weezing|Protect||[still]\n|-fail|p1a: Weezing\n|move|p2a: Garchomp|Rock Slide|p1a: Weezing|[spread] p1a,p1b\n|-damage|p1a: Weezing|35\/100\n|-damage|p1b: Slaking|46\/100\n|cant|p1b: Slaking|flinch\n|move|p2b: Urshifu|Fire Punch|p1a: Weezing\n|-damage|p1a: Weezing|0 fnt\n|faint|p1a: Weezing\n|-end|p1a: Weezing|ability: Neutralizing Gas\n|\n|upkeep\n|\n|t:|1696719600\n|switch|p1a: Tapu Fini|Tapu Fini|100\/100\n|-fieldstart|move: Misty Terrain|[from] ability: Misty Surge|[of] p1a: Tapu Fini\n|turn|7\n|\n|t:|1696719611\n|move|p2a: Garchomp|Rock Slide|p1a: Tapu Fini|[spread] p1a,p1b\n|-damage|p1a: Tapu Fini|38\/100\n|-damage|p1b: Slaking|0 fnt\n|faint|p1b: Slaking\n|move|p2b: Urshifu|Drain Punch|p1a: Tapu Fini\n|-resisted|p1a: Tapu Fini\n|-crit|p1a: Tapu Fini\n|-damage|p1a: Tapu Fini|0 fnt\n|faint|p1a: Tapu Fini\n|\n|upkeep\n|\n|t:|1696719622\n|switch|p1b: Coalossal|Coalossal, M|100\/100\n|switch|p1a: Blacephalon|Blacephalon|100\/100\n|turn|8\n|\n|t:|1696719636\n|move|p2a: Garchomp|Rock Slide|p1b: Coalossal|[spread] p1a,p1b\n|-supereffective|p1a: Blacephalon\n|-supereffective|p1b: Coalossal\n|-damage|p1a: Blacephalon|0 fnt\n|-damage|p1b: Coalossal|0 fnt\n|faint|p1a: Blacephalon\n|faint|p1b: Coalossal\n|\n|win|sirseraphim\n|raw|repolnareff's rating: 1103 &rarr; <strong>1084<\/strong><br \/>(-19 for losing)\n|raw|sirseraphim's rating: 1193 &rarr; <strong>1212<\/strong><br \/>(+19 for winning)\n|l|\u2606repolnareff\n|c|\u2606sirseraphim|gg\n","uploadtime":1696719646,"views":13,"p1id":"repolnareff","p2id":"sirseraphim","formatid":"gen9nationaldexdoubles","rating":1084,"private":0,"password":""}