{"id":"gen9nationaldexdoubles-1960400254","p1":"AerixThorn","p2":"KolAkar","format":"[Gen 9] National Dex Doubles","log":"|j|\u2606AerixThorn\n|j|\u2606KolAkar\n|t:|1696522637\n|gametype|doubles\n|player|p1|AerixThorn|volkner|1019\n|player|p2|KolAkar|170|1000\n|teamsize|p1|6\n|teamsize|p2|6\n|gen|9\n|tier|[Gen 9] National Dex Doubles\n|rated|\n|rule|HP Percentage Mod: HP is shown in percentages\n|rule|Endless Battle Clause: Forcing endless battles is banned\n|rule|OHKO Clause: OHKO moves are banned\n|rule|Evasion Moves Clause: Evasion moves are banned\n|rule|Evasion Abilities Clause: Evasion abilities are banned\n|rule|Species Clause: Limit one of each Pok\u00e9mon\n|rule|Gravity Sleep Clause: The combination of sleep-inducing moves with imperfect accuracy and Gravity or Gigantamax Orbeetle are banned\n|clearpoke\n|poke|p1|Kommo-o, F|\n|poke|p1|Meowscarada, F|\n|poke|p1|Quaquaval, F|\n|poke|p1|Ribombee, M|\n|poke|p1|Vivillon-Marine, M|\n|poke|p1|Oricorio-Pom-Pom, M|\n|poke|p2|Altaria, F|\n|poke|p2|Hoopa|\n|poke|p2|Conkeldurr, M|\n|poke|p2|Eelektross, M|\n|poke|p2|Wigglytuff, F|\n|poke|p2|Amoonguss, M|\n|teampreview\n|inactive|Battle timer is ON: inactive players will automatically lose when time's up. (requested by AerixThorn)\n|\n|t:|1696522645\n|start\n|switch|p1a: Ribombee|Ribombee, M|100\/100\n|switch|p1b: Oricorio|Oricorio-Pom-Pom, M|100\/100\n|switch|p2a: Mushroom|Amoonguss, M|100\/100\n|switch|p2b: Gurt|Conkeldurr, M|100\/100\n|turn|1\n|\n|t:|1696522667\n|move|p1a: Ribombee|Quiver Dance|p1a: Ribombee\n|-boost|p1a: Ribombee|spa|1\n|-boost|p1a: Ribombee|spd|1\n|-boost|p1a: Ribombee|spe|1\n|-activate|p1b: Oricorio|ability: Dancer\n|move|p1b: Oricorio|Quiver Dance|p1b: Oricorio|[from]ability: Dancer\n|-boost|p1b: Oricorio|spa|1\n|-boost|p1b: Oricorio|spd|1\n|-boost|p1b: Oricorio|spe|1\n|move|p1b: Oricorio|Quiver Dance|p1b: Oricorio\n|-boost|p1b: Oricorio|spa|1\n|-boost|p1b: Oricorio|spd|1\n|-boost|p1b: Oricorio|spe|1\n|move|p2b: Gurt|Bulk Up|p2b: Gurt\n|-boost|p2b: Gurt|atk|1\n|-boost|p2b: Gurt|def|1\n|move|p2a: Mushroom|Spore|p1b: Oricorio\n|-block|p1b: Oricorio|ability: Sweet Veil|[of] p1a: Ribombee\n|\n|upkeep\n|turn|2\n|\n|t:|1696522691\n|move|p1b: Oricorio|Air Slash|p2a: Mushroom\n|-supereffective|p2a: Mushroom\n|-damage|p2a: Mushroom|0 fnt\n|faint|p2a: Mushroom\n|move|p1a: Ribombee|Draining Kiss|p2b: Gurt\n|-supereffective|p2b: Gurt\n|-damage|p2b: Gurt|13\/100\n|move|p2b: Gurt|Poison Jab|p1a: Ribombee\n|-supereffective|p1a: Ribombee\n|-damage|p1a: Ribombee|0 fnt\n|faint|p1a: Ribombee\n|\n|upkeep\n|\n|t:|1696522707\n|switch|p1a: Quaquaval|Quaquaval, F|100\/100\n|switch|p2a: Cloud|Altaria, F|100\/100\n|-ability|p2a: Cloud|Cloud Nine\n|turn|3\n|\n|t:|1696522728\n|move|p1b: Oricorio|Air Slash|p2a: Cloud\n|-damage|p2a: Cloud|9\/100\n|move|p1a: Quaquaval|Aqua Step|p2b: Gurt\n|-damage|p2b: Gurt|0 fnt\n|-boost|p1a: Quaquaval|spe|1\n|faint|p2b: Gurt\n|-ability|p1a: Quaquaval|Moxie|boost\n|-boost|p1a: Quaquaval|atk|1\n|-activate|p1b: Oricorio|ability: Dancer\n|move|p1b: Oricorio|Aqua Step|p2a: Cloud|[from]ability: Dancer\n|-resisted|p2a: Cloud\n|-damage|p2a: Cloud|2\/100\n|-boost|p1b: Oricorio|spe|1\n|move|p2a: Cloud|Fire Blast|p1b: Oricorio\n|-damage|p1b: Oricorio|79\/100\n|\n|upkeep\n|inactive|KolAkar has 120 seconds left.\n|\n|t:|1696522747\n|switch|p2b: Puff|Wigglytuff, F|100\/100\n|-item|p1a: Quaquaval|Leftovers|[from] ability: Frisk|[of] p2b: Puff|[identify]\n|-item|p1b: Oricorio|Magnet|[from] ability: Frisk|[of] p2b: Puff|[identify]\n|turn|4\n|\n|t:|1696522768\n|move|p1b: Oricorio|Revelation Dance|p2b: Puff\n|-damage|p2b: Puff|0 fnt\n|faint|p2b: Puff\n|move|p1a: Quaquaval|Aqua Step|p2a: Cloud\n|-resisted|p2a: Cloud\n|-damage|p2a: Cloud|0 fnt\n|-boost|p1a: Quaquaval|spe|1\n|faint|p2a: Cloud\n|-ability|p1a: Quaquaval|Moxie|boost\n|-boost|p1a: Quaquaval|atk|1\n|-activate|p1b: Oricorio|ability: Dancer\n|move|p1b: Oricorio|Aqua Step|p2: Cloud|[from]ability: Dancer|[notarget]\n|-fail|p1b: Oricorio\n|\n|upkeep\n|inactive|KolAkar has 120 seconds left.\n|\n|t:|1696522784\n|switch|p2a: Eel|Eelektross, M, shiny|100\/100\n|switch|p2b: Hop|Hoopa|100\/100\n|-item|p2a: Eel|Air Balloon\n|turn|5\n|\n|t:|1696522805\n|move|p1b: Oricorio|Air Slash|p2a: Eel\n|-resisted|p2a: Eel\n|-crit|p2a: Eel\n|-damage|p2a: Eel|40\/100\n|-enditem|p2a: Eel|Air Balloon\n|move|p1a: Quaquaval|Aqua Step|p2b: Hop\n|-crit|p2b: Hop\n|-damage|p2b: Hop|0 fnt\n|-boost|p1a: Quaquaval|spe|1\n|faint|p2b: Hop\n|-ability|p1a: Quaquaval|Moxie|boost\n|-boost|p1a: Quaquaval|atk|1\n|-activate|p1b: Oricorio|ability: Dancer\n|move|p1b: Oricorio|Aqua Step|p2a: Eel|[from]ability: Dancer\n|-damage|p2a: Eel|28\/100\n|-boost|p1b: Oricorio|spe|1\n|cant|p2a: Eel|flinch\n|\n|upkeep\n|turn|6\n|\n|t:|1696522829\n|move|p1b: Oricorio|Revelation Dance|p2a: Eel\n|-resisted|p2a: Eel\n|-damage|p2a: Eel|0 fnt\n|faint|p2a: Eel\n|\n|win|AerixThorn\n|raw|AerixThorn's rating: 1019 &rarr; <strong>1054<\/strong><br \/>(+35 for winning)\n|raw|KolAkar's rating: 1000 &rarr; <strong>1000<\/strong><br \/>(+0 for losing)\n|c|\u2606AerixThorn|Gg\n|l|\u2606KolAkar\n","uploadtime":1696522843,"views":10,"p1id":"aerixthorn","p2id":"kolakar","formatid":"gen9nationaldexdoubles","rating":1000,"private":0,"password":""}