{"id":"gen9nationaldexdoubles-1983721215","p1":"Mamiewithashotgun","p2":"Starjerem","format":"[Gen 9] National Dex Doubles","log":"|j|\u2606Mamiewithashotgun\n|j|\u2606Starjerem\n|t:|1699167168\n|gametype|doubles\n|player|p1|Mamiewithashotgun|266|\n|player|p2|Starjerem|ash-kalos|\n|teamsize|p1|6\n|teamsize|p2|6\n|gen|9\n|tier|[Gen 9] National Dex Doubles\n|rule|HP Percentage Mod: HP is shown in percentages\n|rule|Endless Battle Clause: Forcing endless battles is banned\n|rule|OHKO Clause: OHKO moves are banned\n|rule|Evasion Moves Clause: Evasion moves are banned\n|rule|Evasion Abilities Clause: Evasion abilities are banned\n|rule|Species Clause: Limit one of each Pok\u00e9mon\n|rule|Gravity Sleep Clause: The combination of sleep-inducing moves with imperfect accuracy and Gravity or Gigantamax Orbeetle are banned\n|clearpoke\n|poke|p1|Jirachi|\n|poke|p1|Slowking-Galar, M|\n|poke|p1|Baxcalibur, M|\n|poke|p1|Glastrier|\n|poke|p1|Greninja-*, M|\n|poke|p1|Kyurem|\n|poke|p2|Delphox, F|\n|poke|p2|Meowscarada, F|\n|poke|p2|Sneasler, F|\n|poke|p2|Dragonite, F|\n|poke|p2|Dragapult, M|\n|poke|p2|Iron Valiant|\n|teampreview\n|\n|t:|1699167185\n|start\n|switch|p1a: Slowking|Slowking-Galar, M|100\/100\n|switch|p1b: Jirachi|Jirachi|100\/100\n|switch|p2a: Delphox|Delphox, F|100\/100\n|switch|p2b: Meowscarada|Meowscarada, F|100\/100\n|turn|1\n|\n|t:|1699167228\n|move|p1b: Jirachi|Follow Me|p1b: Jirachi\n|-singleturn|p1b: Jirachi|move: Follow Me\n|move|p2b: Meowscarada|Nasty Plot|p2b: Meowscarada\n|-boost|p2b: Meowscarada|spa|2\n|move|p2a: Delphox|Agility|p2a: Delphox\n|-boost|p2a: Delphox|spe|2\n|move|p1a: Slowking|Trick Room|p1a: Slowking\n|-fieldstart|move: Trick Room|[of] p1a: Slowking\n|\n|upkeep\n|turn|2\n|\n|t:|1699167264\n|switch|p2a: Dragonite|Dragonite, F|100\/100\n|move|p1a: Slowking|Chilly Reception|p1a: Slowking\n|-weather|Snow\n|\n|t:|1699167270\n|switch|p1a: Glastrier|Glastrier|100\/100|[from] Chilly Reception\n|move|p1b: Jirachi|Cosmic Power|p1b: Jirachi\n|-boost|p1b: Jirachi|def|1\n|-boost|p1b: Jirachi|spd|1\n|move|p2b: Meowscarada|Dark Pulse|p1a: Glastrier\n|-damage|p1a: Glastrier|62\/100\n|\n|-weather|Snow|[upkeep]\n|upkeep\n|turn|3\n|\n|t:|1699167337\n|move|p1b: Jirachi|Follow Me|p1b: Jirachi\n|-singleturn|p1b: Jirachi|move: Follow Me\n|move|p1a: Glastrier|Close Combat|p2b: Meowscarada\n|-supereffective|p2b: Meowscarada\n|-enditem|p2b: Meowscarada|Focus Sash\n|-damage|p2b: Meowscarada|1\/100\n|-unboost|p1a: Glastrier|def|1\n|-unboost|p1a: Glastrier|spd|1\n|move|p2a: Dragonite|Earthquake|p1b: Jirachi|[spread] p2b,p1a,p1b\n|-resisted|p2b: Meowscarada\n|-supereffective|p1b: Jirachi\n|-damage|p2b: Meowscarada|0 fnt\n|-damage|p1a: Glastrier|43\/100\n|-damage|p1b: Jirachi|70\/100\n|faint|p2b: Meowscarada\n|\n|-weather|Snow|[upkeep]\n|-heal|p1b: Jirachi|76\/100|[from] item: Leftovers\n|upkeep\n|\n|t:|1699167362\n|switch|p2b: Delphox|Delphox, F|100\/100\n|turn|4\n|\n|t:|1699167443\n|move|p2a: Dragonite|Extreme Speed|p1a: Glastrier\n|-damage|p1a: Glastrier|17\/100\n|move|p1a: Glastrier|Stomping Tantrum|p2b: Delphox\n|-supereffective|p2b: Delphox\n|-damage|p2b: Delphox|2\/100\n|move|p1b: Jirachi|Cosmic Power|p1b: Jirachi\n|-boost|p1b: Jirachi|def|1\n|-boost|p1b: Jirachi|spd|1\n|move|p2b: Delphox|Fire Blast|p1b: Jirachi\n|-supereffective|p1b: Jirachi\n|-damage|p1b: Jirachi|0 fnt\n|faint|p1b: Jirachi\n|\n|-weather|Snow|[upkeep]\n|upkeep\n|\n|t:|1699167462\n|switch|p1b: Slowking|Slowking-Galar, M|100\/100\n|turn|5\n|\n|t:|1699167476\n|move|p2b: Delphox|Endure|p2b: Delphox\n|-singleturn|p2b: Delphox|move: Endure\n|move|p2a: Dragonite|Extreme Speed|p1a: Glastrier\n|-damage|p1a: Glastrier|0 fnt\n|faint|p1a: Glastrier\n|move|p1b: Slowking|Sludge Bomb|p2b: Delphox\n|-activate|p2b: Delphox|move: Endure\n|-damage|p2b: Delphox|1\/100\n|\n|-weather|Snow|[upkeep]\n|-fieldend|move: Trick Room\n|upkeep\n|\n|t:|1699167498\n|switch|p1a: Baxcalibur|Baxcalibur, M|100\/100\n|turn|6\n|\n|t:|1699167524\n|-terastallize|p2b: Delphox|Fire\n|move|p2b: Delphox|Fire Blast|p1b: Slowking|[miss]\n|-miss|p2b: Delphox|p1b: Slowking\n|move|p1a: Baxcalibur|Glaive Rush|p2a: Dragonite\n|-supereffective|p2a: Dragonite\n|-damage|p2a: Dragonite|31\/100\n|-singlemove|p1a: Baxcalibur|Glaive Rush|[silent]\n|move|p2a: Dragonite|Dragon Dance|p2a: Dragonite\n|-boost|p2a: Dragonite|atk|1\n|-boost|p2a: Dragonite|spe|1\n|move|p1b: Slowking|Trick Room|p1b: Slowking\n|-fieldstart|move: Trick Room|[of] p1b: Slowking\n|\n|-weather|Snow|[upkeep]\n|upkeep\n|turn|7\n|\n|t:|1699167567\n|switch|p1a: Kyurem|Kyurem|100\/100\n|-ability|p1a: Kyurem|Pressure\n|move|p2b: Delphox|Endure|p2b: Delphox\n|-singleturn|p2b: Delphox|move: Endure\n|move|p2a: Dragonite|Extreme Speed|p1b: Slowking\n|-damage|p1b: Slowking|44\/100\n|move|p1b: Slowking|Sludge Bomb|p2b: Delphox\n|-activate|p2b: Delphox|move: Endure\n|-damage|p2b: Delphox|1\/100\n|\n|-weather|Snow|[upkeep]\n|upkeep\n|turn|8\n|\n|t:|1699167625\n|switch|p1b: Baxcalibur|Baxcalibur, M|100\/100\n|switch|p2b: Dragapult|Dragapult, M|100\/100\n|move|p2a: Dragonite|Extreme Speed|p1b: Baxcalibur\n|-damage|p1b: Baxcalibur|67\/100\n|move|p1a: Kyurem|Freeze-Dry|p2a: Dragonite\n|-supereffective|p2a: Dragonite\n|-damage|p2a: Dragonite|0 fnt\n|faint|p2a: Dragonite\n|\n|-weather|Snow|[upkeep]\n|-heal|p1b: Baxcalibur|73\/100|[from] item: Leftovers\n|upkeep\n|\n|t:|1699167639\n|switch|p2a: Delphox|Delphox, F, tera:Fire|1\/100\n|turn|9\n|\n|t:|1699167651\n|move|p2a: Delphox|Endure|p2a: Delphox\n|-singleturn|p2a: Delphox|move: Endure\n|move|p1a: Kyurem|Ice Beam|p2b: Dragapult\n|-supereffective|p2b: Dragapult\n|-damage|p2b: Dragapult|0 fnt\n|faint|p2b: Dragapult\n|move|p1b: Baxcalibur|Substitute|p1b: Baxcalibur\n|-start|p1b: Baxcalibur|Substitute\n|-damage|p1b: Baxcalibur|48\/100\n|\n|-weather|none\n|-heal|p1b: Baxcalibur|54\/100|[from] item: Leftovers\n|upkeep\n|\n|t:|1699167678\n|switch|p2b: Sneasler|Sneasler, F|100\/100\n|turn|10\n|\n|t:|1699167715\n|switch|p2a: Iron Valiant|Iron Valiant|100\/100\n|-enditem|p2a: Iron Valiant|Booster Energy\n|-activate|p2a: Iron Valiant|ability: Quark Drive|[fromitem]\n|-start|p2a: Iron Valiant|quarkdrivespe\n|move|p1a: Kyurem|Earth Power|p2b: Sneasler\n|-supereffective|p2b: Sneasler\n|-damage|p2b: Sneasler|14\/100\n|move|p1b: Baxcalibur|Earthquake|p2b: Sneasler|[spread] p1a,p2a,p2b\n|-supereffective|p2b: Sneasler\n|-damage|p1a: Kyurem|73\/100\n|-damage|p2a: Iron Valiant|63\/100\n|-damage|p2b: Sneasler|0 fnt\n|faint|p2b: Sneasler\n|\n|-heal|p1b: Baxcalibur|60\/100|[from] item: Leftovers\n|-fieldend|move: Trick Room\n|upkeep\n|\n|t:|1699167729\n|switch|p2b: Delphox|Delphox, F, tera:Fire|1\/100\n|turn|11\n|\n|t:|1699167787\n|-terastallize|p1a: Kyurem|Ground\n|move|p2b: Delphox|Endure|p2b: Delphox\n|-singleturn|p2b: Delphox|move: Endure\n|move|p2a: Iron Valiant|Moonblast|p1a: Kyurem\n|-crit|p1a: Kyurem\n|-damage|p1a: Kyurem|4\/100\n|move|p1b: Baxcalibur|Earthquake|p2b: Delphox|[spread] p1a,p2a,p2b\n|-supereffective|p2b: Delphox\n|-damage|p1a: Kyurem|0 fnt\n|-damage|p2a: Iron Valiant|28\/100\n|-activate|p2b: Delphox|move: Endure\n|-damage|p2b: Delphox|1\/100\n|faint|p1a: Kyurem\n|\n|-heal|p1b: Baxcalibur|67\/100|[from] item: Leftovers\n|upkeep\n|\n|t:|1699167805\n|switch|p1a: Greninja|Greninja, M|100\/100\n|turn|12\n|c|\u2606Mamiewithashotgun|Ni\n|\n|t:|1699167901\n|move|p2a: Iron Valiant|Moonblast|p1b: Baxcalibur\n|-supereffective|p1b: Baxcalibur\n|-end|p1b: Baxcalibur|Substitute\n|move|p1a: Greninja|Hydro Pump|p2a: Iron Valiant|[miss]\n|-start|p1a: Greninja|typechange|Water|[from] ability: Protean\n|-miss|p1a: Greninja|p2a: Iron Valiant\n|move|p2b: Delphox|Fire Blast|p1a: Greninja|[miss]\n|-miss|p2b: Delphox|p1a: Greninja\n|move|p1b: Baxcalibur|Earthquake|p2b: Delphox|[spread] p1a,p2a,p2b\n|-supereffective|p2b: Delphox\n|-damage|p1a: Greninja|53\/100\n|-damage|p2a: Iron Valiant|0 fnt\n|-damage|p2b: Delphox|0 fnt\n|faint|p2a: Iron Valiant\n|-end|p2a: Iron Valiant|Quark Drive|[silent]\n|faint|p2b: Delphox\n|\n|win|Mamiewithashotgun\n","uploadtime":1699167921,"views":4,"p1id":"mamiewithashotgun","p2id":"starjerem","formatid":"gen9nationaldexdoubles","rating":0,"private":0,"password":""}