{"id":"gen9nationaldexdoubles-1982317000","p1":"Gumbus wumbus","p2":"cediedesu","format":"[Gen 9] National Dex Doubles","log":"|j|\u2606Gumbus wumbus\n|j|\u2606cediedesu\n|t:|1698996150\n|gametype|doubles\n|player|p1|Gumbus wumbus|clown|\n|player|p2|cediedesu|acetrainer-gen4dp|\n|teamsize|p1|6\n|teamsize|p2|6\n|gen|9\n|tier|[Gen 9] National Dex Doubles\n|rule|HP Percentage Mod: HP is shown in percentages\n|rule|Endless Battle Clause: Forcing endless battles is banned\n|rule|OHKO Clause: OHKO moves are banned\n|rule|Evasion Moves Clause: Evasion moves are banned\n|rule|Evasion Abilities Clause: Evasion abilities are banned\n|rule|Species Clause: Limit one of each Pok\u00e9mon\n|rule|Gravity Sleep Clause: The combination of sleep-inducing moves with imperfect accuracy and Gravity or Gigantamax Orbeetle are banned\n|clearpoke\n|poke|p1|Primarina, F|\n|poke|p1|Comfey, M|\n|poke|p1|Raichu-Alola, F|\n|poke|p1|Eelektross, F|\n|poke|p1|Togedemaru, F|\n|poke|p1|Togekiss, M|\n|poke|p2|Amoonguss, M|\n|poke|p2|Ferrothorn, M|\n|poke|p2|Haxorus, M|\n|poke|p2|Seismitoad, F|\n|poke|p2|Archeops, M|\n|poke|p2|Hydreigon, M|\n|teampreview\n|inactive|Battle timer is ON: inactive players will automatically lose when time's up. (requested by cediedesu)\n|\n|t:|1698996176\n|start\n|switch|p1a: *ollies*|Eelektross, F|100\/100\n|switch|p1b: Howdy|Comfey, M|100\/100\n|switch|p2a: Hydreigon|Hydreigon, M|100\/100\n|switch|p2b: Amoonguss|Amoonguss, M|100\/100\n|turn|1\n|\n|t:|1698996196\n|move|p2b: Amoonguss|Rage Powder|p2b: Amoonguss\n|-singleturn|p2b: Amoonguss|move: Rage Powder\n|move|p2a: Hydreigon|Tailwind|p2a: Hydreigon\n|-sidestart|p2: cediedesu|move: Tailwind\n|-zpower|p1b: Howdy\n|move|p1b: Howdy|Z-Celebrate|p1b: Howdy|[anim]Celebrate\n|-boost|p1b: Howdy|atk|1|[zeffect]\n|-boost|p1b: Howdy|def|1|[zeffect]\n|-boost|p1b: Howdy|spa|1|[zeffect]\n|-boost|p1b: Howdy|spd|1|[zeffect]\n|-boost|p1b: Howdy|spe|1|[zeffect]\n|-activate|p1b: Howdy|move: Celebrate\n|move|p1a: *ollies*|Flamethrower|p2b: Amoonguss\n|-supereffective|p2b: Amoonguss\n|-damage|p2b: Amoonguss|50\/100\n|\n|upkeep\n|turn|2\n|\n|t:|1698996223\n|switch|p2a: Ferrothorn|Ferrothorn, M|100\/100\n|move|p1b: Howdy|Draining Kiss|p2a: Ferrothorn\n|-resisted|p2a: Ferrothorn\n|-damage|p2a: Ferrothorn|91\/100\n|-damage|p1b: Howdy|88\/100|[from] ability: Iron Barbs|[of] p2a: Ferrothorn\n|move|p2b: Amoonguss|Spore|p1b: Howdy\n|-status|p1b: Howdy|slp|[from] move: Spore\n|move|p1a: *ollies*|Flamethrower|p2b: Amoonguss\n|-supereffective|p2b: Amoonguss\n|-crit|p2b: Amoonguss\n|-damage|p2b: Amoonguss|0 fnt\n|faint|p2b: Amoonguss\n|\n|-heal|p2a: Ferrothorn|97\/100|[from] item: Leftovers\n|upkeep\n|inactive|cediedesu has 270 seconds left.\n|\n|t:|1698996243\n|switch|p2b: Archeops|Archeops, M|100\/100\n|turn|3\n|\n|t:|1698996264\n|move|p2b: Archeops|Acrobatics|p1b: Howdy\n|-damage|p1b: Howdy|51\/100 slp\n|cant|p1b: Howdy|slp\n|move|p2a: Ferrothorn|Stealth Rock|p1a: *ollies*\n|-sidestart|p1: Gumbus wumbus|move: Stealth Rock\n|move|p1a: *ollies*|Discharge|p2a: Ferrothorn|[spread] p1b,p2a,p2b\n|-resisted|p2a: Ferrothorn\n|-supereffective|p2b: Archeops\n|-damage|p1b: Howdy|32\/100 slp\n|-damage|p2a: Ferrothorn|83\/100\n|-damage|p2b: Archeops|0 fnt\n|-status|p2a: Ferrothorn|par\n|faint|p2b: Archeops\n|\n|-heal|p2a: Ferrothorn|89\/100 par|[from] item: Leftovers\n|upkeep\n|inactive|cediedesu has 270 seconds left.\n|\n|t:|1698996281\n|switch|p2b: Seismitoad|Seismitoad, F|100\/100\n|turn|4\n|inactive|cediedesu has 270 seconds left.\n|\n|t:|1698996308\n|-terastallize|p1a: *ollies*|Grass\n|move|p2b: Seismitoad|Liquidation|p1a: *ollies*\n|-resisted|p1a: *ollies*\n|-damage|p1a: *ollies*|80\/100\n|cant|p1b: Howdy|slp\n|move|p1a: *ollies*|Giga Drain|p2b: Seismitoad\n|-supereffective|p2b: Seismitoad\n|-damage|p2b: Seismitoad|0 fnt\n|-heal|p1a: *ollies*|100\/100|[from] drain|[of] p2b: Seismitoad\n|faint|p2b: Seismitoad\n|move|p2a: Ferrothorn|Body Press|p1b: Howdy\n|-resisted|p1b: Howdy\n|-crit|p1b: Howdy\n|-damage|p1b: Howdy|12\/100 slp\n|\n|-heal|p2a: Ferrothorn|95\/100 par|[from] item: Leftovers\n|-sideend|p2: cediedesu|move: Tailwind\n|upkeep\n|\n|t:|1698996334\n|switch|p2b: Hydreigon|Hydreigon, M|100\/100\n|turn|5\n|\n|t:|1698996346\n|-terastallize|p2b: Hydreigon|Fire\n|cant|p1b: Howdy|slp\n|move|p2b: Hydreigon|Dark Pulse|p1a: *ollies*\n|-damage|p1a: *ollies*|58\/100\n|move|p1a: *ollies*|Flamethrower|p2a: Ferrothorn\n|-supereffective|p2a: Ferrothorn\n|-damage|p2a: Ferrothorn|0 fnt\n|faint|p2a: Ferrothorn\n|\n|upkeep\n|\n|t:|1698996356\n|switch|p2a: Haxorus|Haxorus, M|100\/100\n|-ability|p2a: Haxorus|Mold Breaker\n|turn|6\n|inactive|cediedesu has 270 seconds left.\n|\n|t:|1698996376\n|move|p1a: *ollies*|Protect|p1a: *ollies*\n|-singleturn|p1a: *ollies*|Protect\n|-curestatus|p1b: Howdy|slp|[msg]\n|move|p1b: Howdy|Hidden Power|p2b: Hydreigon\n|-immune|p2b: Hydreigon|[from] ability: Levitate\n|move|p2b: Hydreigon|Dark Pulse|p1b: Howdy\n|-resisted|p1b: Howdy\n|-damage|p1b: Howdy|0 fnt\n|faint|p1b: Howdy\n|move|p2a: Haxorus|Dragon Dance|p2a: Haxorus\n|-boost|p2a: Haxorus|atk|1\n|-boost|p2a: Haxorus|spe|1\n|\n|upkeep\n|\n|t:|1698996397\n|switch|p1b: Hoi :>|Togedemaru, F|100\/100\n|-damage|p1b: Hoi :>|95\/100|[from] Stealth Rock\n|turn|7\n|\n|t:|1698996412\n|move|p1b: Hoi :>|Fake Out|p2b: Hydreigon\n|-damage|p2b: Hydreigon|88\/100\n|move|p2a: Haxorus|Close Combat|p1b: Hoi :>\n|-supereffective|p1b: Hoi :>\n|-crit|p1b: Hoi :>\n|-damage|p1b: Hoi :>|0 fnt\n|-unboost|p2a: Haxorus|def|1\n|-unboost|p2a: Haxorus|spd|1\n|faint|p1b: Hoi :>\n|-damage|p2a: Haxorus|91\/100|[from] item: Life Orb\n|cant|p2b: Hydreigon|flinch\n|move|p1a: *ollies*|Discharge|p2b: Hydreigon|[spread] p2a,p2b\n|-resisted|p2a: Haxorus\n|-damage|p2a: Haxorus|54\/100\n|-damage|p2b: Hydreigon|59\/100\n|\n|upkeep\n|\n|t:|1698996430\n|switch|p1b: So sorry|Raichu-Alola, F|100\/100\n|-damage|p1b: So sorry|88\/100|[from] Stealth Rock\n|turn|8\n|\n|t:|1698996451\n|move|p2a: Haxorus|Outrage|p1b: So sorry\n|-damage|p1b: So sorry|0 fnt\n|faint|p1b: So sorry\n|-damage|p2a: Haxorus|44\/100|[from] item: Life Orb\n|move|p2b: Hydreigon|Tailwind|p2b: Hydreigon\n|-sidestart|p2: cediedesu|move: Tailwind\n|move|p1a: *ollies*|Discharge|p2a: Haxorus|[spread] p2a,p2b\n|-resisted|p2a: Haxorus\n|-damage|p2a: Haxorus|9\/100\n|-damage|p2b: Hydreigon|25\/100\n|-enditem|p2b: Hydreigon|Sitrus Berry|[eat]\n|-heal|p2b: Hydreigon|50\/100|[from] item: Sitrus Berry\n|\n|upkeep\n|\n|t:|1698996465\n|switch|p1b: Oh yes|Primarina, F|100\/100\n|-damage|p1b: Oh yes|88\/100|[from] Stealth Rock\n|turn|9\n|\n|t:|1698996476\n|move|p2a: Haxorus|Outrage|p1b: Oh yes|[from]lockedmove\n|-immune|p1b: Oh yes\n|-start|p2a: Haxorus|confusion|[fatigue]\n|move|p2b: Hydreigon|Dark Pulse|p1b: Oh yes\n|-resisted|p1b: Oh yes\n|-damage|p1b: Oh yes|76\/100\n|move|p1b: Oh yes|Dazzling Gleam|p2b: Hydreigon|[spread] p2a,p2b\n|-supereffective|p2a: Haxorus\n|-resisted|p2b: Hydreigon\n|-damage|p2a: Haxorus|0 fnt\n|-damage|p2b: Hydreigon|35\/100\n|faint|p2a: Haxorus\n|move|p1a: *ollies*|Flamethrower|p2b: Hydreigon\n|-resisted|p2b: Hydreigon\n|-damage|p2b: Hydreigon|19\/100\n|\n|upkeep\n|turn|10\n|\n|t:|1698996495\n|move|p2b: Hydreigon|Dark Pulse|p1a: *ollies*\n|-damage|p1a: *ollies*|17\/100\n|move|p1b: Oh yes|Flip Turn|p2b: Hydreigon\n|-supereffective|p2b: Hydreigon\n|-damage|p2b: Hydreigon|0 fnt\n|faint|p2b: Hydreigon\n|\n|win|Gumbus wumbus\n","uploadtime":1698996505,"views":10,"p1id":"gumbuswumbus","p2id":"cediedesu","formatid":"gen9nationaldexdoubles","rating":0,"private":0,"password":""}