{"id":"gen9nationaldexdoubles-1958801351","p1":"Zares08","p2":"LightOfTheRuin","format":"[Gen 9] National Dex Doubles","log":"|j|\u2606Zares08\n|j|\u2606LightOfTheRuin\n|t:|1696358908\n|gametype|doubles\n|player|p1|Zares08|hilbert-wonderlauncher|1124\n|player|p2|LightOfTheRuin|wallace|1115\n|teamsize|p1|6\n|teamsize|p2|6\n|gen|9\n|tier|[Gen 9] National Dex Doubles\n|rated|\n|rule|HP Percentage Mod: HP is shown in percentages\n|rule|Endless Battle Clause: Forcing endless battles is banned\n|rule|OHKO Clause: OHKO moves are banned\n|rule|Evasion Moves Clause: Evasion moves are banned\n|rule|Evasion Abilities Clause: Evasion abilities are banned\n|rule|Species Clause: Limit one of each Pok\u00e9mon\n|rule|Gravity Sleep Clause: The combination of sleep-inducing moves with imperfect accuracy and Gravity or Gigantamax Orbeetle are banned\n|clearpoke\n|poke|p1|Ceruledge, M|\n|poke|p1|Sneasler, M|\n|poke|p1|Urshifu-*, M|\n|poke|p1|Cloyster, M|\n|poke|p1|Diancie|\n|poke|p1|Lapras, F|\n|poke|p2|Electivire, F|\n|poke|p2|Electabuzz, F|\n|poke|p2|Ursaluna-Bloodmoon, M|\n|poke|p2|Basculegion-F, F|\n|poke|p2|Fezandipiti, M|\n|poke|p2|Ribombee, F|\n|teampreview\n|\n|t:|1696358928\n|start\n|switch|p1a: Diancie|Diancie, shiny|100\/100\n|switch|p1b: Lapras|Lapras, F, shiny|100\/100\n|switch|p2a: sleeper build|Electabuzz, F|100\/100\n|switch|p2b: fatty|Electivire, F|100\/100\n|turn|1\n|inactive|Battle timer is ON: inactive players will automatically lose when time's up. (requested by Zares08)\n|inactive|LightOfTheRuin has 120 seconds left.\n|\n|t:|1696358979\n|-terastallize|p1a: Diancie|Poison\n|move|p2a: sleeper build|Discharge|p1a: Diancie|[spread] p1a,p1b\n|-ability|p2b: fatty|Motor Drive|boost\n|-boost|p2b: fatty|spe|1\n|-supereffective|p1b: Lapras\n|-damage|p1a: Diancie|88\/100\n|-damage|p1b: Lapras|84\/100\n|move|p2b: fatty|Power-Up Punch|p1b: Lapras\n|-supereffective|p1b: Lapras\n|-damage|p1b: Lapras|53\/100\n|-boost|p2b: fatty|atk|1\n|move|p1b: Lapras|Freeze-Dry|p2b: fatty\n|-damage|p2b: fatty|61\/100\n|move|p1a: Diancie|Trick Room|p1a: Diancie\n|-fieldstart|move: Trick Room|[of] p1a: Diancie\n|\n|-heal|p1a: Diancie|94\/100|[from] item: Leftovers\n|upkeep\n|turn|2\n|inactive|Zares08 has 120 seconds left.\n|\n|t:|1696359012\n|move|p2a: sleeper build|Follow Me|p2a: sleeper build\n|-singleturn|p2a: sleeper build|move: Follow Me\n|move|p1a: Diancie|Diamond Storm|p2b: fatty|[spread] p2a,p2b\n|-damage|p2a: sleeper build|71\/100\n|-damage|p2b: fatty|18\/100\n|-boost|p1a: Diancie|def|2\n|move|p1b: Lapras|Freeze-Dry|p2a: sleeper build\n|-damage|p2a: sleeper build|50\/100\n|move|p2b: fatty|Power-Up Punch|p1b: Lapras\n|-supereffective|p1b: Lapras\n|-damage|p1b: Lapras|10\/100\n|-boost|p2b: fatty|atk|1\n|\n|-heal|p1a: Diancie|99\/100|[from] item: Leftovers\n|upkeep\n|turn|3\n|inactive|LightOfTheRuin has 120 seconds left.\n|\n|t:|1696359050\n|move|p2b: fatty|Protect|p2b: fatty\n|-singleturn|p2b: fatty|Protect\n|move|p1a: Diancie|Diamond Storm|p2b: fatty|[spread] p2a\n|-activate|p2b: fatty|move: Protect\n|-crit|p2a: sleeper build\n|-damage|p2a: sleeper build|9\/100\n|-boost|p1a: Diancie|def|2\n|move|p1b: Lapras|Ancient Power|p2b: fatty\n|-activate|p2b: fatty|move: Protect\n|move|p2a: sleeper build|Magnet Rise|p2a: sleeper build\n|-start|p2a: sleeper build|Magnet Rise\n|\n|-heal|p1a: Diancie|100\/100|[from] item: Leftovers\n|upkeep\n|turn|4\n|inactive|LightOfTheRuin has 120 seconds left.\n|\n|t:|1696359085\n|-terastallize|p2b: fatty|Fighting\n|move|p1a: Diancie|Ally Switch|p1a: Diancie\n|swap|p1a: Diancie|1|[from] move: Ally Switch\n|move|p2a: sleeper build|Follow Me|p2a: sleeper build\n|-singleturn|p2a: sleeper build|move: Follow Me\n|move|p1a: Lapras|Ancient Power|p2a: sleeper build\n|-damage|p2a: sleeper build|0 fnt\n|faint|p2a: sleeper build\n|move|p2b: fatty|Earthquake|p1b: Diancie|[spread] p1a,p1b\n|-supereffective|p1b: Diancie\n|-damage|p1a: Lapras|0 fnt\n|-damage|p1b: Diancie|71\/100\n|faint|p1a: Lapras\n|\n|-heal|p1b: Diancie|77\/100|[from] item: Leftovers\n|upkeep\n|inactive|LightOfTheRuin has 120 seconds left.\n|\n|t:|1696359102\n|switch|p1a: Ceruledge|Ceruledge, M|100\/100\n|switch|p2a: fatter|Ursaluna-Bloodmoon, M|100\/100\n|turn|5\n|\n|t:|1696359124\n|move|p1b: Diancie|Body Press|p2a: fatter\n|-supereffective|p2a: fatter\n|-damage|p2a: fatter|0 fnt\n|faint|p2a: fatter\n|move|p1a: Ceruledge|Swords Dance|p1a: Ceruledge\n|-boost|p1a: Ceruledge|atk|2\n|move|p2b: fatty|Earthquake|p1a: Ceruledge|[spread] p1a,p1b\n|-supereffective|p1a: Ceruledge\n|-supereffective|p1b: Diancie\n|-damage|p1a: Ceruledge|0 fnt\n|-damage|p1b: Diancie|50\/100\n|faint|p1a: Ceruledge\n|\n|-heal|p1b: Diancie|57\/100|[from] item: Leftovers\n|-fieldend|move: Trick Room\n|upkeep\n|\n|t:|1696359146\n|switch|p1a: Sneasler|Sneasler, M, shiny|100\/100\n|switch|p2a: twink|Ribombee, F|100\/100\n|turn|6\n|\n|t:|1696359159\n|move|p1a: Sneasler|Fake Out|p2a: twink\n|-enditem|p1a: Sneasler|Normal Gem|[from] gem\n|-damage|p2a: twink|66\/100\n|move|p2b: fatty|Earthquake|p1b: Diancie|[spread] p2a,p1a,p1b\n|-resisted|p2a: twink\n|-supereffective|p1a: Sneasler\n|-crit|p1a: Sneasler\n|-supereffective|p1b: Diancie\n|-damage|p2a: twink|15\/100\n|-damage|p1a: Sneasler|0 fnt\n|-damage|p1b: Diancie|28\/100\n|faint|p1a: Sneasler\n|move|p2a: twink|Stun Spore|p1b: Diancie\n|-status|p1b: Diancie|par\n|cant|p1b: Diancie|par\n|\n|-heal|p1b: Diancie|35\/100 par|[from] item: Leftovers\n|upkeep\n|\n|t:|1696359172\n|switch|p1a: Urshifu|Urshifu-Rapid-Strike, M|100\/100\n|turn|7\n|\n|t:|1696359191\n|move|p2b: fatty|Thunder Punch|p1a: Urshifu\n|-supereffective|p1a: Urshifu\n|-damage|p1a: Urshifu|0 fnt\n|faint|p1a: Urshifu\n|move|p2a: twink|Pollen Puff|p2b: fatty\n|-heal|p2b: fatty|68\/100\n|move|p1b: Diancie|Trick Room|p1b: Diancie\n|-fieldstart|move: Trick Room|[of] p1b: Diancie\n|\n|-heal|p1b: Diancie|41\/100 par|[from] item: Leftovers\n|upkeep\n|\n|t:|1696359199\n|switch|p1a: Cloyster|Cloyster, M, shiny|100\/100\n|turn|8\n|\n|t:|1696359214\n|move|p1b: Diancie|Body Press|p2b: fatty\n|-damage|p2b: fatty|0 fnt\n|faint|p2b: fatty\n|move|p1a: Cloyster|Icicle Spear|p2a: twink\n|-damage|p2a: twink|0 fnt\n|faint|p2a: twink\n|-hitcount|p2: twink|1\n|\n|-heal|p1b: Diancie|47\/100 par|[from] item: Leftovers\n|upkeep\n|\n|t:|1696359220\n|switch|p2b: flamINGO|Fezandipiti, M|100\/100\n|switch|p2a: phish|Basculegion-F, F|100\/100\n|turn|9\n|\n|t:|1696359232\n|move|p1b: Diancie|Body Press|p2b: flamINGO\n|-resisted|p2b: flamINGO\n|-damage|p2b: flamINGO|73\/100\n|move|p2a: phish|Hex|p1b: Diancie\n|-damage|p1b: Diancie|0 fnt\n|faint|p1b: Diancie\n|move|p1a: Cloyster|Icicle Spear|p2a: phish\n|-resisted|p2a: phish\n|-damage|p2a: phish|95\/100\n|-resisted|p2a: phish\n|-damage|p2a: phish|89\/100\n|-resisted|p2a: phish\n|-damage|p2a: phish|84\/100\n|-resisted|p2a: phish\n|-damage|p2a: phish|79\/100\n|-resisted|p2a: phish\n|-damage|p2a: phish|73\/100\n|-hitcount|p2a: phish|5\n|move|p2b: flamINGO|Heat Wave|p1a: Cloyster\n|-crit|p1a: Cloyster\n|-damage|p1a: Cloyster|30\/100\n|\n|-heal|p2b: flamINGO|79\/100|[from] item: Black Sludge\n|upkeep\n|turn|10\n|-message|Zares08 forfeited.\n|\n|win|LightOfTheRuin\n|raw|Zares08's rating: 1124 &rarr; <strong>1098<\/strong><br \/>(-26 for losing)\n|raw|LightOfTheRuin's rating: 1115 &rarr; <strong>1141<\/strong><br \/>(+26 for winning)\n","uploadtime":1696359247,"views":8,"p1id":"zares08","p2id":"lightoftheruin","formatid":"gen9nationaldexdoubles","rating":1098,"private":0,"password":""}