{"id":"gen9nationaldexdoubles-1979519195","p1":"dfxyx","p2":"Battlebot998","format":"[Gen 9] National Dex Doubles","log":"|j|\u2606dfxyx\n|j|\u2606Battlebot998\n|t:|1698689075\n|gametype|doubles\n|player|p1|dfxyx|steven|1094\n|player|p2|Battlebot998|kabu|1085\n|teamsize|p1|6\n|teamsize|p2|6\n|gen|9\n|tier|[Gen 9] National Dex Doubles\n|rated|\n|rule|HP Percentage Mod: HP is shown in percentages\n|rule|Endless Battle Clause: Forcing endless battles is banned\n|rule|OHKO Clause: OHKO moves are banned\n|rule|Evasion Moves Clause: Evasion moves are banned\n|rule|Evasion Abilities Clause: Evasion abilities are banned\n|rule|Species Clause: Limit one of each Pok\u00e9mon\n|rule|Gravity Sleep Clause: The combination of sleep-inducing moves with imperfect accuracy and Gravity or Gigantamax Orbeetle are banned\n|clearpoke\n|poke|p1|Mawile, F|\n|poke|p1|Palafin, F|\n|poke|p1|Gholdengo|\n|poke|p1|Glimmora, M|\n|poke|p1|Regieleki|\n|poke|p1|Decidueye-Hisui, M|\n|poke|p2|Hatterene, F|\n|poke|p2|Sigilyph, M|\n|poke|p2|Moltres-Galar|\n|poke|p2|Gourgeist-*, F|\n|poke|p2|Oranguru, M|\n|poke|p2|Basculegion, M|\n|teampreview\n|\n|t:|1698689081\n|start\n|switch|p1a: Glimmora|Glimmora, M|100\/100\n|switch|p1b: Palafin|Palafin, F|100\/100\n|switch|p2a: Hatterene|Hatterene, F, shiny|100\/100\n|switch|p2b: Sigilyph|Sigilyph, M, shiny|100\/100\n|turn|1\n|\n|t:|1698689104\n|move|p1b: Palafin|Flip Turn|p2a: Hatterene\n|-damage|p2a: Hatterene|74\/100\n|\n|t:|1698689109\n|detailschange|p1b: Palafin|Palafin-Hero, F\n|switch|p1b: Gholdengo|Gholdengo, shiny|100\/100|[from] Flip Turn\n|move|p1a: Glimmora|Mortal Spin|p2a: Hatterene|[spread] p2a,p2b\n|-supereffective|p2a: Hatterene\n|-damage|p2a: Hatterene|58\/100\n|-damage|p2b: Sigilyph|92\/100\n|-status|p2a: Hatterene|psn\n|-status|p2b: Sigilyph|psn\n|move|p2b: Sigilyph|Calm Mind|p2b: Sigilyph\n|-boost|p2b: Sigilyph|spa|1\n|-boost|p2b: Sigilyph|spd|1\n|move|p2a: Hatterene|Trick Room|p2a: Hatterene\n|-fieldstart|move: Trick Room|[of] p2a: Hatterene\n|\n|-damage|p2a: Hatterene|46\/100 psn|[from] psn\n|-damage|p2b: Sigilyph|80\/100 psn|[from] psn\n|upkeep\n|-enditem|p2a: Hatterene|Sitrus Berry|[eat]\n|-heal|p2a: Hatterene|71\/100 psn|[from] item: Sitrus Berry\n|turn|2\n|\n|t:|1698689135\n|move|p2a: Hatterene|Magic Powder|p1a: Glimmora\n|-start|p1a: Glimmora|typechange|Psychic\n|move|p2b: Sigilyph|Synchronoise|p1a: Glimmora|[spread] p2a,p1a\n|-immune|p1b: Gholdengo\n|-resisted|p2a: Hatterene\n|-resisted|p1a: Glimmora\n|-damage|p2a: Hatterene|9\/100 psn\n|-damage|p1a: Glimmora|0 fnt\n|faint|p1a: Glimmora\n|-damage|p2b: Sigilyph|70\/100 psn|[from] item: Life Orb\n|move|p1b: Gholdengo|Make It Rain|p2b: Sigilyph|[spread] p2a,p2b\n|-supereffective|p2a: Hatterene\n|-crit|p2b: Sigilyph\n|-damage|p2a: Hatterene|0 fnt\n|-damage|p2b: Sigilyph|0 fnt\n|-unboost|p1b: Gholdengo|spa|1\n|faint|p2a: Hatterene\n|faint|p2b: Sigilyph\n|-damage|p1b: Gholdengo|91\/100|[from] item: Life Orb\n|\n|upkeep\n|\n|t:|1698689158\n|switch|p2a: Gourgeist|Gourgeist, F|100\/100\n|switch|p2b: Moltres|Moltres-Galar|100\/100\n|switch|p1a: Regieleki|Regieleki|100\/100\n|-item|p1a: Regieleki|Assault Vest|[from] ability: Frisk|[of] p2a: Gourgeist|[identify]\n|-item|p1b: Gholdengo|Life Orb|[from] ability: Frisk|[of] p2a: Gourgeist|[identify]\n|turn|3\n|\n|t:|1698689178\n|move|p2a: Gourgeist|Poltergeist|p1a: Regieleki\n|-activate|p1a: Regieleki|move: Poltergeist|Assault Vest\n|-damage|p1a: Regieleki|6\/100\n|move|p2b: Moltres|Fiery Wrath|p1b: Gholdengo|[spread] p1a,p1b\n|-supereffective|p1b: Gholdengo\n|-damage|p1a: Regieleki|0 fnt\n|-damage|p1b: Gholdengo|0 fnt\n|faint|p1a: Regieleki\n|faint|p1b: Gholdengo\n|\n|upkeep\n|\n|t:|1698689191\n|switch|p1b: Decidueye|Decidueye-Hisui, M|100\/100\n|switch|p1a: Mawile|Mawile, F, shiny|100\/100\n|turn|4\n|\n|t:|1698689211\n|detailschange|p1a: Mawile|Mawile-Mega, F, shiny\n|-mega|p1a: Mawile|Mawile|Mawilite\n|move|p1a: Mawile|Play Rough|p2b: Moltres\n|-supereffective|p2b: Moltres\n|-damage|p2b: Moltres|0 fnt\n|faint|p2b: Moltres\n|move|p2a: Gourgeist|Trick-or-Treat|p1a: Mawile\n|-start|p1a: Mawile|typeadd|Ghost|[from] move: Trick-or-Treat\n|move|p1b: Decidueye|Dual Wingbeat|p2a: Gourgeist\n|-supereffective|p2a: Gourgeist\n|-damage|p2a: Gourgeist|68\/100\n|-supereffective|p2a: Gourgeist\n|-damage|p2a: Gourgeist|35\/100\n|-hitcount|p2a: Gourgeist|2\n|-damage|p1b: Decidueye|90\/100|[from] item: Life Orb\n|\n|upkeep\n|\n|t:|1698689222\n|switch|p2b: Oranguru|Oranguru, M, shiny|100\/100\n|turn|5\n|\n|t:|1698689234\n|move|p2b: Oranguru|Ally Switch|p2b: Oranguru\n|swap|p2b: Oranguru|0|[from] move: Ally Switch\n|move|p1a: Mawile|Ice Punch|p2a: Oranguru\n|-damage|p2a: Oranguru|44\/100\n|-status|p2a: Oranguru|frz\n|move|p2b: Gourgeist|Poltergeist|p1a: Mawile\n|-activate|p1a: Mawile|move: Poltergeist|Mawilite\n|-supereffective|p1a: Mawile\n|-damage|p1a: Mawile|13\/100\n|move|p1b: Decidueye|Triple Arrows|p2b: Gourgeist\n|-damage|p2b: Gourgeist|0 fnt\n|faint|p2b: Gourgeist\n|-damage|p1b: Decidueye|80\/100|[from] item: Life Orb\n|\n|-heal|p2a: Oranguru|50\/100 frz|[from] item: Leftovers\n|-fieldend|move: Trick Room\n|upkeep\n|\n|t:|1698689245\n|switch|p2b: Basculegion|Basculegion, M|100\/100\n|turn|6\n|\n|t:|1698689276\n|-terastallize|p2b: Basculegion|Water\n|move|p2b: Basculegion|Last Respects|p1a: Mawile\n|-supereffective|p1a: Mawile\n|-damage|p1a: Mawile|0 fnt\n|faint|p1a: Mawile\n|move|p1b: Decidueye|Seed Bomb|p2b: Basculegion\n|-supereffective|p2b: Basculegion\n|-damage|p2b: Basculegion|0 fnt\n|faint|p2b: Basculegion\n|-damage|p1b: Decidueye|70\/100|[from] item: Life Orb\n|cant|p2a: Oranguru|frz\n|\n|-heal|p2a: Oranguru|57\/100 frz|[from] item: Leftovers\n|upkeep\n|-message|Battlebot998 forfeited.\n|\n|win|dfxyx\n|raw|dfxyx's rating: 1094 &rarr; <strong>1119<\/strong><br \/>(+25 for winning)\n|raw|Battlebot998's rating: 1085 &rarr; <strong>1063<\/strong><br \/>(-22 for losing)\n|l|\u2606Battlebot998\n","uploadtime":1698689303,"views":7,"p1id":"dfxyx","p2id":"battlebot998","formatid":"gen9nationaldexdoubles","rating":1063,"private":0,"password":""}