{"id":"gen9nationaldexdoubles-1987720480","p1":"TheCoolestPC","p2":"LilyLopears","format":"[Gen 9] National Dex Doubles","log":"|j|\u2606TheCoolestPC\n|j|\u2606LilyLopears\n|t:|1699630783\n|gametype|doubles\n|player|p1|TheCoolestPC|linebacker|1046\n|player|p2|LilyLopears|acetrainersnowf|1111\n|teamsize|p1|6\n|teamsize|p2|6\n|gen|9\n|tier|[Gen 9] National Dex Doubles\n|rated|\n|rule|HP Percentage Mod: HP is shown in percentages\n|rule|Endless Battle Clause: Forcing endless battles is banned\n|rule|OHKO Clause: OHKO moves are banned\n|rule|Evasion Moves Clause: Evasion moves are banned\n|rule|Evasion Abilities Clause: Evasion abilities are banned\n|rule|Species Clause: Limit one of each Pok\u00e9mon\n|rule|Gravity Sleep Clause: The combination of sleep-inducing moves with imperfect accuracy and Gravity or Gigantamax Orbeetle are banned\n|clearpoke\n|poke|p1|Ambipom, F|\n|poke|p1|Blissey, F|\n|poke|p1|Dragonite, F|\n|poke|p1|Maushold-Four|\n|poke|p1|Slaking, F|\n|poke|p1|Cyclizar, F|\n|poke|p2|Garchomp, M|\n|poke|p2|Slowbro, F|\n|poke|p2|Hydreigon, M|\n|poke|p2|Magnezone|\n|poke|p2|Flygon, M|\n|poke|p2|Landorus-Therian, M|\n|teampreview\n|\n|t:|1699630797\n|start\n|switch|p1a: Maushold|Maushold-Four|100\/100\n|switch|p1b: Slaking|Slaking, F|100\/100\n|switch|p2a: Garchomp|Garchomp, M|100\/100\n|switch|p2b: Slowbro|Slowbro, F|100\/100\n|-item|p2a: Garchomp|Air Balloon\n|turn|1\n|inactive|Battle timer is ON: inactive players will automatically lose when time's up. (requested by TheCoolestPC)\n|\n|t:|1699630835\n|switch|p2a: Landorus|Landorus-Therian, M|100\/100\n|-ability|p2a: Landorus|Intimidate|boost\n|-unboost|p1a: Maushold|atk|1\n|-unboost|p1b: Slaking|atk|1\n|detailschange|p2b: Slowbro|Slowbro-Mega, F\n|-mega|p2b: Slowbro|Slowbro|Slowbronite\n|move|p1a: Maushold|Encore||[still]\n|-fail|p1a: Maushold\n|move|p1b: Slaking|Knock Off|p2b: Slowbro\n|-supereffective|p2b: Slowbro\n|-damage|p2b: Slowbro|83\/100\n|move|p2b: Slowbro|Curse|p2b: Slowbro\n|-unboost|p2b: Slowbro|spe|1\n|-boost|p2b: Slowbro|atk|1\n|-boost|p2b: Slowbro|def|1\n|\n|upkeep\n|turn|2\n|inactive|LilyLopears has 120 seconds left.\n|\n|t:|1699630868\n|move|p1a: Maushold|Thunder Wave|p2b: Slowbro\n|-status|p2b: Slowbro|par\n|move|p2a: Landorus|Brick Break|p1a: Maushold\n|-supereffective|p1a: Maushold\n|-damage|p1a: Maushold|30\/100\n|cant|p1b: Slaking|ability: Truant\n|move|p2b: Slowbro|Earthquake|p1a: Maushold|[spread] p1a,p1b\n|-immune|p2a: Landorus\n|-damage|p1a: Maushold|3\/100\n|-damage|p1b: Slaking|91\/100\n|\n|upkeep\n|turn|3\n|\n|t:|1699630897\n|move|p1a: Maushold|Population Bomb|p2a: Landorus\n|-damage|p2a: Landorus|96\/100\n|-damage|p2a: Landorus|92\/100\n|-damage|p2a: Landorus|87\/100\n|-damage|p2a: Landorus|83\/100\n|-damage|p2a: Landorus|79\/100\n|-damage|p2a: Landorus|74\/100\n|-damage|p2a: Landorus|69\/100\n|-hitcount|p2a: Landorus|7\n|move|p2a: Landorus|Brick Break|p1b: Slaking\n|-supereffective|p1b: Slaking\n|-damage|p1b: Slaking|62\/100\n|move|p1b: Slaking|Body Slam|p2a: Landorus\n|-damage|p2a: Landorus|22\/100\n|move|p2b: Slowbro|Earthquake|p1a: Maushold|[spread] p1a,p1b\n|-immune|p2a: Landorus\n|-damage|p1a: Maushold|0 fnt\n|-damage|p1b: Slaking|52\/100\n|faint|p1a: Maushold\n|\n|upkeep\n|inactive|TheCoolestPC has 120 seconds left.\n|\n|t:|1699630924\n|switch|p1a: Dragonite|Dragonite, F|100\/100\n|turn|4\n|inactive|TheCoolestPC has 120 seconds left.\n|inactive|LilyLopears has 120 seconds left.\n|\n|t:|1699630975\n|switch|p2a: Hydreigon|Hydreigon, M|100\/100\n|move|p1a: Dragonite|Dragon Dance|p1a: Dragonite\n|-boost|p1a: Dragonite|atk|1\n|-boost|p1a: Dragonite|spe|1\n|cant|p1b: Slaking|ability: Truant\n|move|p2b: Slowbro|Seismic Toss|p1b: Slaking\n|-damage|p1b: Slaking|32\/100\n|\n|upkeep\n|turn|5\n|inactive|LilyLopears has 120 seconds left.\n|inactive|TheCoolestPC has 120 seconds left.\n|\n|t:|1699631001\n|-terastallize|p1a: Dragonite|Normal\n|move|p1a: Dragonite|Extreme Speed|p2a: Hydreigon\n|-damage|p2a: Hydreigon|25\/100\n|move|p2a: Hydreigon|Outrage|p1b: Slaking\n|-damage|p1b: Slaking|0 fnt\n|faint|p1b: Slaking\n|-damage|p2a: Hydreigon|15\/100|[from] item: Life Orb\n|cant|p2b: Slowbro|par\n|\n|upkeep\n|\n|t:|1699631014\n|switch|p1b: Blissey|Blissey, F|100\/100\n|turn|6\n|inactive|TheCoolestPC has 120 seconds left.\n|inactive|LilyLopears has 120 seconds left.\n|\n|t:|1699631042\n|move|p1a: Dragonite|Earthquake|p2b: Slowbro|[spread] p1b,p2b\n|-immune|p2a: Hydreigon|[from] ability: Levitate\n|-damage|p1b: Blissey|12\/100\n|-damage|p2b: Slowbro|71\/100 par\n|move|p2a: Hydreigon|Outrage|p1a: Dragonite|[from]lockedmove\n|-damage|p1a: Dragonite|24\/100\n|-damage|p2a: Hydreigon|5\/100|[from] item: Life Orb\n|move|p1b: Blissey|Hyper Voice|p2b: Slowbro|[spread] p2a,p2b\n|-damage|p2a: Hydreigon|0 fnt\n|-damage|p2b: Slowbro|44\/100 par\n|faint|p2a: Hydreigon\n|move|p2b: Slowbro|Seismic Toss|p1b: Blissey\n|-damage|p1b: Blissey|0 fnt\n|faint|p1b: Blissey\n|\n|upkeep\n|inactive|TheCoolestPC has 120 seconds left.\n|\n|t:|1699631060\n|switch|p2a: Flygon|Flygon, M|100\/100\n|switch|p1b: Ambipom|Ambipom, F|100\/100\n|turn|7\n|\n|t:|1699631079\n|move|p1a: Dragonite|Extreme Speed|p2a: Flygon\n|-damage|p2a: Flygon|0 fnt\n|faint|p2a: Flygon\n|move|p1b: Ambipom|Astonish|p2b: Slowbro\n|-supereffective|p2b: Slowbro\n|-damage|p2b: Slowbro|37\/100 par\n|cant|p2b: Slowbro|flinch\n|\n|upkeep\n|\n|t:|1699631089\n|switch|p2a: Garchomp|Garchomp, M|100\/100\n|-item|p2a: Garchomp|Air Balloon\n|turn|8\n|inactive|LilyLopears has 120 seconds left.\n|\n|t:|1699631124\n|move|p1b: Ambipom|Fake Out||[still]\n|-hint|Fake Out only works on your first turn out.\n|-fail|p1b: Ambipom\n|move|p1a: Dragonite|Extreme Speed|p2a: Garchomp\n|-damage|p2a: Garchomp|33\/100\n|-damage|p1a: Dragonite|12\/100|[from] ability: Rough Skin|[of] p2a: Garchomp\n|-enditem|p2a: Garchomp|Air Balloon\n|move|p2a: Garchomp|Crunch|p1a: Dragonite\n|-damage|p1a: Dragonite|0 fnt\n|faint|p1a: Dragonite\n|move|p2b: Slowbro|Counter||[still]\n|-fail|p2b: Slowbro\n|\n|upkeep\n|\n|t:|1699631137\n|switch|p1a: Cyclizar|Cyclizar, F|100\/100\n|turn|9\n|\n|t:|1699631145\n|switch|p2b: Landorus|Landorus-Therian, M|22\/100\n|-ability|p2b: Landorus|Intimidate|boost\n|-unboost|p1a: Cyclizar|atk|1\n|-unboost|p1b: Ambipom|atk|1\n|move|p1b: Ambipom|Fake Out||[still]\n|-hint|Fake Out only works on your first turn out.\n|-fail|p1b: Ambipom\n|move|p1a: Cyclizar|Draco Meteor|p2a: Garchomp\n|-supereffective|p2a: Garchomp\n|-damage|p2a: Garchomp|0 fnt\n|-unboost|p1a: Cyclizar|spa|2\n|faint|p2a: Garchomp\n|\n|upkeep\n|\n|t:|1699631159\n|switch|p2a: Magnezone|Magnezone|100\/100\n|turn|10\n|\n|t:|1699631175\n|move|p2a: Magnezone|Protect|p2a: Magnezone\n|-singleturn|p2a: Magnezone|Protect\n|move|p1b: Ambipom|Fake Out||[still]\n|-hint|Fake Out only works on your first turn out.\n|-fail|p1b: Ambipom\n|move|p1a: Cyclizar|Hyper Voice|p2a: Magnezone|[spread] p2b\n|-activate|p2a: Magnezone|move: Protect\n|-damage|p2b: Landorus|11\/100\n|move|p2b: Landorus|Earthquake|p1a: Cyclizar|[spread] p1a,p1b\n|-activate|p2a: Magnezone|move: Protect\n|-damage|p1a: Cyclizar|26\/100\n|-damage|p1b: Ambipom|26\/100\n|\n|upkeep\n|turn|11\n|inactive|TheCoolestPC has 120 seconds left.\n|inactive|LilyLopears has 120 seconds left.\n|\n|t:|1699631221\n|switch|p2b: Slowbro|Slowbro-Mega, F|37\/100 par\n|-terastallize|p2a: Magnezone|Fire\n|move|p1a: Cyclizar|Draco Meteor|p2b: Slowbro\n|-damage|p2b: Slowbro|9\/100 par\n|-unboost|p1a: Cyclizar|spa|2\n|move|p1b: Ambipom|Tail Slap|p2a: Magnezone\n|-crit|p2a: Magnezone\n|-damage|p2a: Magnezone|85\/100\n|-damage|p2a: Magnezone|78\/100\n|-damage|p2a: Magnezone|71\/100\n|-damage|p2a: Magnezone|64\/100\n|-hitcount|p2a: Magnezone|4\n|move|p2a: Magnezone|Tera Blast|p1b: Ambipom|[anim] Tera Blast Fire\n|-damage|p1b: Ambipom|0 fnt\n|faint|p1b: Ambipom\n|\n|upkeep\n|turn|12\n|inactive|TheCoolestPC has 120 seconds left.\n|inactive|LilyLopears has 120 seconds left.\n|\n|t:|1699631242\n|move|p2a: Magnezone|Protect|p2a: Magnezone\n|-singleturn|p2a: Magnezone|Protect\n|move|p1a: Cyclizar|Draco Meteor|p2b: Slowbro\n|-damage|p2b: Slowbro|0 fnt\n|-unboost|p1a: Cyclizar|spa|2\n|faint|p2b: Slowbro\n|\n|upkeep\n|\n|t:|1699631249\n|switch|p2b: Landorus|Landorus-Therian, M|11\/100\n|-ability|p2b: Landorus|Intimidate|boost\n|-unboost|p1a: Cyclizar|atk|1\n|turn|13\n|\n|t:|1699631262\n|move|p2a: Magnezone|Protect||[still]\n|-fail|p2a: Magnezone\n|move|p1a: Cyclizar|Draco Meteor|p2b: Landorus\n|-damage|p2b: Landorus|0 fnt\n|faint|p2b: Landorus\n|\n|upkeep\n|turn|14\n|\n|t:|1699631284\n|move|p1a: Cyclizar|Dragon Pulse|p2a: Magnezone\n|-damage|p2a: Magnezone|55\/100\n|move|p2a: Magnezone|Tera Blast|p1a: Cyclizar|[anim] Tera Blast Fire\n|-resisted|p1a: Cyclizar\n|-damage|p1a: Cyclizar|0 fnt\n|faint|p1a: Cyclizar\n|\n|win|LilyLopears\n|raw|TheCoolestPC's rating: 1046 &rarr; <strong>1032<\/strong><br \/>(-14 for losing)\n|raw|LilyLopears's rating: 1111 &rarr; <strong>1131<\/strong><br \/>(+20 for winning)\n|c|\u2606TheCoolestPC|gg\n|c|\u2606LilyLopears|gg\n","uploadtime":1699631292,"views":6,"p1id":"thecoolestpc","p2id":"lilylopears","formatid":"gen9nationaldexdoubles","rating":1032,"private":0,"password":""}