{"id":"gen9nationaldexdoubles-1951641486","p1":"B_Megamaths","p2":"pcmeesit","format":"[Gen 9] National Dex Doubles","log":"|j|\u2606B_Megamaths\n|j|\u2606pcmeesit\n|t:|1695602114\n|gametype|doubles\n|player|p1|B_Megamaths|colress|\n|player|p2|pcmeesit|101|\n|teamsize|p1|6\n|teamsize|p2|6\n|gen|9\n|tier|[Gen 9] National Dex Doubles\n|rule|HP Percentage Mod: HP is shown in percentages\n|rule|Endless Battle Clause: Forcing endless battles is banned\n|rule|OHKO Clause: OHKO moves are banned\n|rule|Evasion Moves Clause: Evasion moves are banned\n|rule|Evasion Abilities Clause: Evasion abilities are banned\n|rule|Species Clause: Limit one of each Pok\u00e9mon\n|rule|Gravity Sleep Clause: The combination of sleep-inducing moves with imperfect accuracy and Gravity or Gigantamax Orbeetle are banned\n|clearpoke\n|poke|p1|Porygon-Z|\n|poke|p1|Seaking, M|\n|poke|p1|Veluza, F|\n|poke|p1|Dracovish|\n|poke|p1|Inteleon, M|\n|poke|p1|Volcanion|\n|poke|p2|Arcanine, M|\n|poke|p2|Lanturn, F|\n|poke|p2|Feraligatr, F|\n|poke|p2|Togekiss, F|\n|poke|p2|Tinkaton, F|\n|poke|p2|Torterra, M|\n|teampreview\n|\n|t:|1695602120\n|start\n|switch|p1a: Bopper|Porygon-Z|100\/100\n|switch|p1b: Copper|Seaking, M|100\/100\n|switch|p2a: Nightlight|Lanturn, F|100\/100\n|switch|p2b: Terry|Feraligatr, F|100\/100\n|-ability|p1a: Bopper|Download|boost\n|-boost|p1a: Bopper|atk|1\n|turn|1\n|\n|t:|1695602171\n|-terastallize|p1a: Bopper|Water\n|move|p1a: Bopper|Discharge|p2b: Terry|[spread] p2a,p2b\n|-ability|p1b: Copper|Lightning Rod|boost\n|-boost|p1b: Copper|spa|1\n|-supereffective|p2b: Terry\n|-crit|p2b: Terry\n|-damage|p2a: Nightlight|68\/100\n|-damage|p2b: Terry|32\/100\n|move|p2b: Terry|Hydro Pump|p1a: Bopper\n|-resisted|p1a: Bopper\n|-damage|p1a: Bopper|55\/100\n|move|p1b: Copper|Blizzard|p2b: Terry|[spread] p2a\n|-miss|p1b: Copper|p2b: Terry\n|-resisted|p2a: Nightlight\n|-damage|p2a: Nightlight|54\/100\n|move|p2a: Nightlight|Rain Dance|p2a: Nightlight\n|-weather|RainDance\n|\n|-weather|RainDance|[upkeep]\n|upkeep\n|turn|2\n|j| TgirlInDaVoid\n|j| Bved\n|\n|t:|1695602194\n|move|p1a: Bopper|Discharge|p2b: Terry|[spread] p2a,p2b\n|-ability|p1b: Copper|Lightning Rod|boost\n|-boost|p1b: Copper|spa|1\n|-supereffective|p2b: Terry\n|-damage|p2a: Nightlight|24\/100\n|-damage|p2b: Terry|0 fnt\n|faint|p2b: Terry\n|move|p1b: Copper|Mud Shot|p2a: Nightlight\n|-supereffective|p2a: Nightlight\n|-damage|p2a: Nightlight|0 fnt\n|faint|p2a: Nightlight\n|\n|-weather|RainDance|[upkeep]\n|upkeep\n|\n|t:|1695602216\n|switch|p2b: Tinkaton|Tinkaton, F|100\/100\n|switch|p2a: Torterra|Torterra, M, shiny|100\/100\n|-ability|p2b: Tinkaton|Mold Breaker\n|turn|3\n|\n|t:|1695602248\n|move|p1a: Bopper|Discharge|p2a: Torterra|[spread] p2b\n|-ability|p1b: Copper|Lightning Rod|boost\n|-boost|p1b: Copper|spa|1\n|-immune|p2a: Torterra\n|-damage|p2b: Tinkaton|68\/100\n|-status|p2b: Tinkaton|par\n|move|p1b: Copper|Mud Shot|p2b: Tinkaton\n|-supereffective|p2b: Tinkaton\n|-damage|p2b: Tinkaton|3\/100 par\n|-unboost|p2b: Tinkaton|spe|1\n|move|p2a: Torterra|Rock Blast|p1b: Copper\n|-damage|p1b: Copper|89\/100\n|-damage|p1b: Copper|78\/100\n|-hitcount|p1b: Copper|2\n|move|p2b: Tinkaton|Gigaton Hammer|p1a: Bopper\n|-resisted|p1a: Bopper\n|-damage|p1a: Bopper|13\/100\n|\n|-weather|RainDance|[upkeep]\n|upkeep\n|turn|4\n|\n|t:|1695602282\n|move|p1a: Bopper|Discharge|p2a: Torterra|[spread] p2b\n|-ability|p1b: Copper|Lightning Rod|boost\n|-boost|p1b: Copper|spa|1\n|-immune|p2a: Torterra\n|-crit|p2b: Tinkaton\n|-damage|p2b: Tinkaton|0 fnt\n|faint|p2b: Tinkaton\n|move|p1b: Copper|Blizzard|p2a: Torterra\n|-supereffective|p2a: Torterra\n|-damage|p2a: Torterra|0 fnt\n|faint|p2a: Torterra\n|\n|-weather|RainDance|[upkeep]\n|upkeep\n|\n|t:|1695602294\n|switch|p2b: Barry|Togekiss, F, shiny|100\/100\n|switch|p2a: Rex|Arcanine, M|100\/100\n|turn|5\n|\n|t:|1695602324\n|move|p2a: Rex|Extreme Speed|p1a: Bopper\n|-damage|p1a: Bopper|0 fnt\n|faint|p1a: Bopper\n|move|p2b: Barry|Ancient Power|p1b: Copper\n|-damage|p1b: Copper|63\/100\n|move|p1b: Copper|Hydro Pump|p2a: Rex\n|-supereffective|p2a: Rex\n|-crit|p2a: Rex\n|-damage|p2a: Rex|0 fnt\n|faint|p2a: Rex\n|\n|-weather|RainDance|[upkeep]\n|upkeep\n|\n|t:|1695602335\n|switch|p1a: Popper|Inteleon, M|100\/100\n|turn|6\n|\n|t:|1695602355\n|move|p1a: Popper|Ice Beam|p2b: Barry\n|-supereffective|p2b: Barry\n|-damage|p2b: Barry|29\/100\n|-damage|p1a: Popper|91\/100|[from] item: Life Orb\n|move|p2b: Barry|Ancient Power|p1b: Copper\n|-damage|p1b: Copper|47\/100\n|move|p1b: Copper|Blizzard|p2b: Barry\n|-supereffective|p2b: Barry\n|-damage|p2b: Barry|0 fnt\n|faint|p2b: Barry\n|\n|win|B_Megamaths\n","uploadtime":1695602368,"views":17,"p1id":"bmegamaths","p2id":"pcmeesit","formatid":"gen9nationaldexdoubles","rating":0,"private":0,"password":""}