{"id":"gen9nationaldexdoubles-1965009979","p1":"Clabeh","p2":"massarojpr","format":"[Gen 9] National Dex Doubles","log":"|j|\u2606Clabeh\n|j|\u2606massarojpr\n|t:|1697035328\n|gametype|doubles\n|player|p1|Clabeh|2|\n|player|p2|massarojpr|266|\n|teamsize|p1|6\n|teamsize|p2|6\n|gen|9\n|tier|[Gen 9] National Dex Doubles\n|rule|HP Percentage Mod: HP is shown in percentages\n|rule|Endless Battle Clause: Forcing endless battles is banned\n|rule|OHKO Clause: OHKO moves are banned\n|rule|Evasion Moves Clause: Evasion moves are banned\n|rule|Evasion Abilities Clause: Evasion abilities are banned\n|rule|Species Clause: Limit one of each Pok\u00e9mon\n|rule|Gravity Sleep Clause: The combination of sleep-inducing moves with imperfect accuracy and Gravity or Gigantamax Orbeetle are banned\n|clearpoke\n|poke|p1|Claydol|\n|poke|p1|Seismitoad, M|\n|poke|p1|Ninetales, M|\n|poke|p1|Tyranitar, M|\n|poke|p1|Venusaur, F|\n|poke|p1|Cinderace, F|\n|poke|p2|Gastrodon, F|\n|poke|p2|Tyranitar, M|\n|poke|p2|Togekiss, M|\n|poke|p2|Cinderace, M|\n|poke|p2|Volcarona, M|\n|poke|p2|Ninetales, M|\n|teampreview\n|j| Chumpette\n|\n|t:|1697035356\n|start\n|switch|p1a: Tyranitar|Tyranitar, M|100\/100\n|switch|p1b: Claydol|Claydol|100\/100\n|switch|p2a: Togekiss|Togekiss, M|100\/100\n|switch|p2b: Volcarona|Volcarona, M|100\/100\n|-weather|Sandstorm|[from] ability: Sand Stream|[of] p1a: Tyranitar\n|turn|1\n|c|\u2606massarojpr|rip\n|\n|t:|1697035397\n|move|p2b: Volcarona|Giga Drain|p1a: Tyranitar\n|-supereffective|p1a: Tyranitar\n|-damage|p1a: Tyranitar|76\/100\n|move|p2a: Togekiss|Hidden Power|p1a: Tyranitar\n|-damage|p1a: Tyranitar|69\/100\n|move|p1b: Claydol|Iron Defense|p1b: Claydol\n|-boost|p1b: Claydol|def|2\n|move|p1a: Tyranitar|Rock Slide|p2b: Volcarona|[spread] p2a,p2b\n|-supereffective|p2a: Togekiss\n|-supereffective|p2b: Volcarona\n|-damage|p2a: Togekiss|51\/100\n|-enditem|p2b: Volcarona|Focus Sash\n|-damage|p2b: Volcarona|1\/100\n|\n|-weather|Sandstorm|[upkeep]\n|-damage|p2b: Volcarona|0 fnt|[from] Sandstorm\n|-damage|p2a: Togekiss|45\/100|[from] Sandstorm\n|-enditem|p2a: Togekiss|Sitrus Berry|[eat]\n|-heal|p2a: Togekiss|69\/100|[from] item: Sitrus Berry\n|faint|p2b: Volcarona\n|upkeep\n|\n|t:|1697035414\n|switch|p2b: Cinderace|Cinderace, M|100\/100\n|turn|2\n|\n|t:|1697035424\n|switch|p1a: Seismitoad|Seismitoad, M|100\/100\n|move|p2a: Togekiss|Protect|p2a: Togekiss\n|-singleturn|p2a: Togekiss|Protect\n|move|p2b: Cinderace|High Jump Kick|p1a: Seismitoad\n|-start|p2b: Cinderace|typechange|Fighting|[from] ability: Libero\n|-damage|p1a: Seismitoad|22\/100\n|move|p1b: Claydol|Iron Defense|p1b: Claydol\n|-boost|p1b: Claydol|def|2\n|\n|-weather|Sandstorm|[upkeep]\n|-damage|p2b: Cinderace|95\/100|[from] Sandstorm\n|-damage|p2a: Togekiss|63\/100|[from] Sandstorm\n|upkeep\n|turn|3\n|\n|t:|1697035450\n|move|p2b: Cinderace|High Jump Kick|p1a: Seismitoad\n|-damage|p1a: Seismitoad|0 fnt\n|faint|p1a: Seismitoad\n|move|p2a: Togekiss|Hidden Power|p1b: Claydol\n|-supereffective|p1b: Claydol\n|-damage|p1b: Claydol|72\/100\n|move|p1b: Claydol|Reflect|p1b: Claydol\n|-sidestart|p1: Clabeh|Reflect\n|\n|-weather|Sandstorm|[upkeep]\n|-damage|p2b: Cinderace|89\/100|[from] Sandstorm\n|-damage|p2a: Togekiss|57\/100|[from] Sandstorm\n|-heal|p1b: Claydol|78\/100|[from] item: Leftovers\n|upkeep\n|\n|t:|1697035462\n|switch|p1a: Tyranitar|Tyranitar, M|69\/100\n|turn|4\n|\n|t:|1697035470\n|move|p2b: Cinderace|High Jump Kick|p1a: Tyranitar\n|-supereffective|p1a: Tyranitar\n|-damage|p1a: Tyranitar|0 fnt\n|faint|p1a: Tyranitar\n|move|p2a: Togekiss|Life Dew|p2a: Togekiss|[spread] p2a,p2b\n|-heal|p2a: Togekiss|82\/100\n|-heal|p2b: Cinderace|100\/100\n|move|p1b: Claydol|Body Press|p2b: Cinderace\n|-crit|p2b: Cinderace\n|-damage|p2b: Cinderace|0 fnt\n|faint|p2b: Cinderace\n|\n|-weather|Sandstorm|[upkeep]\n|-damage|p2a: Togekiss|76\/100|[from] Sandstorm\n|-heal|p1b: Claydol|84\/100|[from] item: Leftovers\n|upkeep\n|\n|t:|1697035489\n|switch|p2b: Gastrodon|Gastrodon, F|100\/100\n|switch|p1a: Ninetales|Ninetales, M|100\/100\n|-weather|SunnyDay|[from] ability: Drought|[of] p1a: Ninetales\n|turn|5\n|\n|t:|1697035501\n|move|p2b: Gastrodon|Protect|p2b: Gastrodon\n|-singleturn|p2b: Gastrodon|Protect\n|move|p1a: Ninetales|Solar Beam||[still]\n|-prepare|p1a: Ninetales|Solar Beam\n|-anim|p1a: Ninetales|Solar Beam|p2b: Gastrodon\n|-activate|p2b: Gastrodon|move: Protect\n|move|p2a: Togekiss|Life Dew|p2a: Togekiss|[spread] p2a\n|-ability|p2b: Gastrodon|Storm Drain|boost\n|-boost|p2b: Gastrodon|spa|1\n|-heal|p2a: Togekiss|100\/100\n|move|p1b: Claydol|Smack Down|p2a: Togekiss\n|-supereffective|p2a: Togekiss\n|-crit|p2a: Togekiss\n|-damage|p2a: Togekiss|79\/100\n|-start|p2a: Togekiss|Smack Down\n|\n|-weather|SunnyDay|[upkeep]\n|-heal|p1b: Claydol|91\/100|[from] item: Leftovers\n|upkeep\n|turn|6\n|\n|t:|1697035523\n|move|p2a: Togekiss|Follow Me|p2a: Togekiss\n|-singleturn|p2a: Togekiss|move: Follow Me\n|move|p1a: Ninetales|Solar Beam||[still]\n|-prepare|p1a: Ninetales|Solar Beam\n|-anim|p1a: Ninetales|Solar Beam|p2a: Togekiss\n|-resisted|p2a: Togekiss\n|-damage|p2a: Togekiss|69\/100\n|move|p1b: Claydol|Body Press|p2a: Togekiss\n|-resisted|p2a: Togekiss\n|-crit|p2a: Togekiss\n|-damage|p2a: Togekiss|45\/100\n|move|p2b: Gastrodon|Earth Power|p1a: Ninetales\n|-supereffective|p1a: Ninetales\n|-damage|p1a: Ninetales|0 fnt\n|faint|p1a: Ninetales\n|\n|-weather|SunnyDay|[upkeep]\n|-heal|p1b: Claydol|97\/100|[from] item: Leftovers\n|upkeep\n|\n|t:|1697035542\n|switch|p1a: Venusaur|Venusaur, F|100\/100\n|turn|7\n|\n|t:|1697035560\n|move|p2b: Gastrodon|Protect|p2b: Gastrodon\n|-singleturn|p2b: Gastrodon|Protect\n|move|p1a: Venusaur|Earthquake|p2a: Togekiss|[spread] p2a\n|-activate|p2b: Gastrodon|move: Protect\n|-immune|p1b: Claydol|[from] ability: Levitate\n|-crit|p2a: Togekiss\n|-damage|p2a: Togekiss|13\/100\n|move|p2a: Togekiss|Life Dew|p2a: Togekiss|[spread] p2a\n|-ability|p2b: Gastrodon|Storm Drain|boost\n|-boost|p2b: Gastrodon|spa|1\n|-heal|p2a: Togekiss|38\/100\n|move|p1b: Claydol|Smack Down|p2a: Togekiss\n|-supereffective|p2a: Togekiss\n|-damage|p2a: Togekiss|22\/100\n|\n|-weather|SunnyDay|[upkeep]\n|-heal|p1b: Claydol|100\/100|[from] item: Leftovers\n|-sideend|p1: Clabeh|Reflect\n|upkeep\n|turn|8\n|\n|t:|1697035590\n|switch|p2a: Tyranitar|Tyranitar, M|100\/100\n|-weather|Sandstorm|[from] ability: Sand Stream|[of] p2a: Tyranitar\n|move|p1a: Venusaur|Earthquake|p2b: Gastrodon|[spread] p2a,p2b\n|-immune|p1b: Claydol|[from] ability: Levitate\n|-supereffective|p2a: Tyranitar\n|-crit|p2a: Tyranitar\n|-damage|p2a: Tyranitar|55\/100\n|-damage|p2b: Gastrodon|82\/100\n|move|p1b: Claydol|Body Press|p2b: Gastrodon\n|-crit|p2b: Gastrodon\n|-damage|p2b: Gastrodon|0 fnt\n|faint|p2b: Gastrodon\n|\n|-weather|Sandstorm|[upkeep]\n|-damage|p1a: Venusaur|95\/100|[from] Sandstorm\n|-heal|p1a: Venusaur|100\/100|[from] item: Black Sludge\n|upkeep\n|c|\u2606Clabeh|alright\n|\n|t:|1697035606\n|switch|p2b: Togekiss|Togekiss, M|22\/100\n|turn|9\n|c|\u2606Clabeh|that's way too many crits\n|c|\u2606massarojpr|fuck\n|c|\u2606massarojpr|it is what itis\n|\n|t:|1697035626\n|move|p1a: Venusaur|Seed Bomb|p2a: Tyranitar\n|-supereffective|p2a: Tyranitar\n|-crit|p2a: Tyranitar\n|-damage|p2a: Tyranitar|0 fnt\n|faint|p2a: Tyranitar\n|move|p2b: Togekiss|Life Dew|p2b: Togekiss\n|-heal|p2b: Togekiss|47\/100\n|move|p1b: Claydol|Iron Defense|p1b: Claydol\n|-boost|p1b: Claydol|def|2\n|\n|-weather|Sandstorm|[upkeep]\n|-damage|p1a: Venusaur|95\/100|[from] Sandstorm\n|-damage|p2b: Togekiss|41\/100|[from] Sandstorm\n|-heal|p1a: Venusaur|100\/100|[from] item: Black Sludge\n|upkeep\n|\n|t:|1697035638\n|switch|p2a: Ninetales|Ninetales, M|100\/100\n|-weather|SunnyDay|[from] ability: Drought|[of] p2a: Ninetales\n|turn|10\n|\n|t:|1697035651\n|move|p2b: Togekiss|Protect|p2b: Togekiss\n|-singleturn|p2b: Togekiss|Protect\n|move|p1a: Venusaur|Earthquake|p2b: Togekiss|[spread] p2a\n|-activate|p2b: Togekiss|move: Protect\n|-immune|p1b: Claydol|[from] ability: Levitate\n|-supereffective|p2a: Ninetales\n|-damage|p2a: Ninetales|49\/100\n|move|p2a: Ninetales|Toxic|p1b: Claydol\n|-status|p1b: Claydol|tox\n|move|p1b: Claydol|Smack Down|p2b: Togekiss\n|-activate|p2b: Togekiss|move: Protect\n|\n|-weather|SunnyDay|[upkeep]\n|-damage|p1b: Claydol|94\/100 tox|[from] psn\n|upkeep\n|turn|11\n|\n|t:|1697035668\n|move|p2a: Ninetales|Protect|p2a: Ninetales\n|-singleturn|p2a: Ninetales|Protect\n|move|p1a: Venusaur|Earthquake|p2a: Ninetales|[spread] \n|-activate|p2a: Ninetales|move: Protect\n|-immune|p1b: Claydol|[from] ability: Levitate\n|-immune|p2b: Togekiss\n|move|p2b: Togekiss|Life Dew|p2b: Togekiss|[spread] p2a,p2b\n|-heal|p2a: Ninetales|74\/100\n|-heal|p2b: Togekiss|66\/100\n|move|p1b: Claydol|Body Press|p2a: Ninetales\n|-activate|p2a: Ninetales|move: Protect\n|\n|-weather|SunnyDay|[upkeep]\n|-heal|p1b: Claydol|100\/100 tox|[from] item: Leftovers\n|-damage|p1b: Claydol|88\/100 tox|[from] psn\n|upkeep\n|turn|12\n|\n|t:|1697035691\n|move|p1a: Venusaur|Earthquake|p2b: Togekiss|[spread] p2a\n|-immune|p1b: Claydol|[from] ability: Levitate\n|-immune|p2b: Togekiss\n|-supereffective|p2a: Ninetales\n|-damage|p2a: Ninetales|24\/100\n|move|p2a: Ninetales|Flamethrower|p1a: Venusaur\n|-supereffective|p1a: Venusaur\n|-damage|p1a: Venusaur|12\/100\n|move|p2b: Togekiss|Hidden Power|p1a: Venusaur\n|-supereffective|p1a: Venusaur\n|-damage|p1a: Venusaur|0 fnt\n|faint|p1a: Venusaur\n|move|p1b: Claydol|Body Press|p2a: Ninetales\n|-damage|p2a: Ninetales|0 fnt\n|faint|p2a: Ninetales\n|\n|-weather|SunnyDay|[upkeep]\n|-heal|p1b: Claydol|94\/100 tox|[from] item: Leftovers\n|-damage|p1b: Claydol|76\/100 tox|[from] psn\n|upkeep\n|\n|t:|1697035709\n|switch|p1a: Cinderace|Cinderace, F|100\/100\n|turn|13\n|\n|t:|1697035717\n|move|p2b: Togekiss|Protect|p2b: Togekiss\n|-singleturn|p2b: Togekiss|Protect\n|move|p1a: Cinderace|Weather Ball|p2b: Togekiss\n|-activate|p2b: Togekiss|move: Protect\n|move|p1b: Claydol|Smack Down|p2b: Togekiss\n|-activate|p2b: Togekiss|move: Protect\n|\n|-weather|SunnyDay|[upkeep]\n|-heal|p1b: Claydol|82\/100 tox|[from] item: Leftovers\n|-damage|p1b: Claydol|57\/100 tox|[from] psn\n|upkeep\n|turn|14\n|c|\u2606massarojpr|rip I forget that was still alive lol\n|\n|t:|1697035736\n|move|p1a: Cinderace|Weather Ball|p2b: Togekiss\n|-damage|p2b: Togekiss|19\/100\n|move|p2b: Togekiss|Life Dew|p2b: Togekiss\n|-heal|p2b: Togekiss|44\/100\n|move|p1b: Claydol|Body Press|p2b: Togekiss\n|-resisted|p2b: Togekiss\n|-damage|p2b: Togekiss|21\/100\n|\n|-weather|none\n|-heal|p1b: Claydol|63\/100 tox|[from] item: Leftovers\n|-damage|p1b: Claydol|33\/100 tox|[from] psn\n|upkeep\n|turn|15\n|\n|t:|1697035750\n|move|p2b: Togekiss|Protect|p2b: Togekiss\n|-singleturn|p2b: Togekiss|Protect\n|move|p1a: Cinderace|Weather Ball|p2b: Togekiss\n|-start|p1a: Cinderace|typechange|Normal|[from] ability: Libero\n|-activate|p2b: Togekiss|move: Protect\n|move|p1b: Claydol|Smack Down|p2b: Togekiss\n|-activate|p2b: Togekiss|move: Protect\n|\n|-heal|p1b: Claydol|39\/100 tox|[from] item: Leftovers\n|-damage|p1b: Claydol|2\/100 tox|[from] psn\n|upkeep\n|turn|16\n|c|\u2606massarojpr|NOOOOOOOOOOOOOOOOOOOO\n|c|\u2606massarojpr|my fate is in the hands of the gods\n|\n|t:|1697035781\n|move|p2b: Togekiss|Protect|p2b: Togekiss\n|-singleturn|p2b: Togekiss|Protect\n|move|p1a: Cinderace|Weather Ball|p2b: Togekiss\n|-activate|p2b: Togekiss|move: Protect\n|move|p1b: Claydol|Smack Down|p2b: Togekiss\n|-activate|p2b: Togekiss|move: Protect\n|\n|-heal|p1b: Claydol|8\/100 tox|[from] item: Leftovers\n|-damage|p1b: Claydol|0 fnt|[from] psn\n|faint|p1b: Claydol\n|upkeep\n|turn|17\n|c|\u2606massarojpr|LETS GO\n|\n|t:|1697035793\n|move|p1a: Cinderace|Weather Ball|p2b: Togekiss\n|-damage|p2b: Togekiss|7\/100\n|move|p2b: Togekiss|Life Dew|p2b: Togekiss\n|-heal|p2b: Togekiss|32\/100\n|\n|upkeep\n|turn|18\n|\n|t:|1697035805\n|move|p1a: Cinderace|Weather Ball|p2b: Togekiss\n|-damage|p2b: Togekiss|17\/100\n|move|p2b: Togekiss|Life Dew|p2b: Togekiss\n|-heal|p2b: Togekiss|42\/100\n|\n|upkeep\n|turn|19\n|\n|t:|1697035812\n|move|p1a: Cinderace|Weather Ball|p2b: Togekiss\n|-damage|p2b: Togekiss|27\/100\n|move|p2b: Togekiss|Life Dew|p2b: Togekiss\n|-heal|p2b: Togekiss|52\/100\n|\n|upkeep\n|turn|20\n|\n|t:|1697035818\n|move|p1a: Cinderace|Weather Ball|p2b: Togekiss\n|-damage|p2b: Togekiss|38\/100\n|move|p2b: Togekiss|Life Dew|p2b: Togekiss\n|-heal|p2b: Togekiss|63\/100\n|\n|upkeep\n|turn|21\n|\n|t:|1697035824\n|move|p1a: Cinderace|Weather Ball|p2b: Togekiss\n|-damage|p2b: Togekiss|48\/100\n|move|p2b: Togekiss|Life Dew|p2b: Togekiss\n|-heal|p2b: Togekiss|73\/100\n|\n|upkeep\n|turn|22\n|\n|t:|1697035832\n|move|p1a: Cinderace|Weather Ball|p2b: Togekiss\n|-crit|p2b: Togekiss\n|-damage|p2b: Togekiss|52\/100\n|move|p2b: Togekiss|Hidden Power|p1a: Cinderace\n|-damage|p1a: Cinderace|79\/100\n|\n|upkeep\n|turn|23\n|\n|t:|1697035840\n|move|p1a: Cinderace|Weather Ball|p2b: Togekiss\n|-damage|p2b: Togekiss|36\/100\n|move|p2b: Togekiss|Hidden Power|p1a: Cinderace\n|-damage|p1a: Cinderace|56\/100\n|\n|upkeep\n|turn|24\n|\n|t:|1697035846\n|move|p1a: Cinderace|Weather Ball|p2b: Togekiss\n|-damage|p2b: Togekiss|22\/100\n|move|p2b: Togekiss|Life Dew|p2b: Togekiss\n|-heal|p2b: Togekiss|47\/100\n|\n|upkeep\n|turn|25\n|\n|t:|1697035852\n|move|p1a: Cinderace|Weather Ball|p2b: Togekiss\n|-damage|p2b: Togekiss|32\/100\n|move|p2b: Togekiss|Life Dew|p2b: Togekiss\n|-heal|p2b: Togekiss|57\/100\n|\n|upkeep\n|turn|26\n|\n|t:|1697035858\n|move|p1a: Cinderace|Weather Ball|p2b: Togekiss\n|-damage|p2b: Togekiss|41\/100\n|move|p2b: Togekiss|Life Dew|p2b: Togekiss\n|-heal|p2b: Togekiss|67\/100\n|\n|upkeep\n|turn|27\n|\n|t:|1697035865\n|move|p1a: Cinderace|Weather Ball|p2b: Togekiss\n|-damage|p2b: Togekiss|51\/100\n|move|p2b: Togekiss|Hidden Power|p1a: Cinderace\n|-damage|p1a: Cinderace|33\/100\n|\n|upkeep\n|turn|28\n|\n|t:|1697035873\n|move|p1a: Cinderace|Weather Ball|p2b: Togekiss\n|-damage|p2b: Togekiss|35\/100\n|move|p2b: Togekiss|Hidden Power|p1a: Cinderace\n|-damage|p1a: Cinderace|11\/100\n|\n|upkeep\n|turn|29\n|\n|t:|1697035879\n|-activate|p1a: Cinderace|move: Struggle\n|move|p1a: Cinderace|Struggle|p2b: Togekiss\n|-damage|p2b: Togekiss|23\/100\n|-damage|p1a: Cinderace|0 fnt|[from] recoil\n|faint|p1a: Cinderace\n|\n|win|massarojpr\n","uploadtime":1697035886,"views":26,"p1id":"clabeh","p2id":"massarojpr","formatid":"gen9nationaldexdoubles","rating":0,"private":0,"password":""}