{"id":"gen9nationaldexdoubles-1951986818","p1":"dankless","p2":"El Ryuk456","format":"[Gen 9] National Dex Doubles","log":"|j|\u2606dankless\n|j|\u2606El Ryuk456\n|t:|1695647727\n|gametype|doubles\n|player|p1|dankless|ingo|1146\n|player|p2|El Ryuk456|blaine|1275\n|teamsize|p1|6\n|teamsize|p2|6\n|gen|9\n|tier|[Gen 9] National Dex Doubles\n|rated|\n|rule|HP Percentage Mod: HP is shown in percentages\n|rule|Endless Battle Clause: Forcing endless battles is banned\n|rule|OHKO Clause: OHKO moves are banned\n|rule|Evasion Moves Clause: Evasion moves are banned\n|rule|Evasion Abilities Clause: Evasion abilities are banned\n|rule|Species Clause: Limit one of each Pok\u00e9mon\n|rule|Gravity Sleep Clause: The combination of sleep-inducing moves with imperfect accuracy and Gravity or Gigantamax Orbeetle are banned\n|clearpoke\n|poke|p1|Torkoal, F|\n|poke|p1|Chandelure, M|\n|poke|p1|Ribombee, F|\n|poke|p1|Dragonite, M|\n|poke|p1|Gholdengo|\n|poke|p1|Amoonguss, M|\n|poke|p2|Lucario, M|\n|poke|p2|Whimsicott, F|\n|poke|p2|Ninetales, F|\n|poke|p2|Blastoise, M|\n|poke|p2|Excadrill, M|\n|poke|p2|Roserade, F|\n|teampreview\n|inactive|Battle timer is ON: inactive players will automatically lose when time's up. (requested by dankless)\n|inactive|El Ryuk456 has 120 seconds left.\n|\n|t:|1695647768\n|start\n|switch|p1a: Torkoal|Torkoal, F, shiny|100\/100\n|switch|p1b: Chandelure|Chandelure, M, shiny|100\/100\n|switch|p2a: Champ|Lucario, M|100\/100\n|switch|p2b: Beso de Mosa|Whimsicott, F, shiny|100\/100\n|-weather|SunnyDay|[from] ability: Drought|[of] p1a: Torkoal\n|turn|1\n|\n|t:|1695647781\n|move|p2a: Champ|Protect|p2a: Champ\n|-singleturn|p2a: Champ|Protect\n|move|p2b: Beso de Mosa|Tailwind|p2b: Beso de Mosa\n|-sidestart|p2: El Ryuk456|move: Tailwind\n|move|p1b: Chandelure|Heat Wave|p2b: Beso de Mosa|[spread] p2b\n|-activate|p2a: Champ|move: Protect\n|-supereffective|p2b: Beso de Mosa\n|-enditem|p2b: Beso de Mosa|Focus Sash\n|-damage|p2b: Beso de Mosa|1\/100\n|move|p1a: Torkoal|Stealth Rock|p2b: Beso de Mosa\n|-sidestart|p2: El Ryuk456|move: Stealth Rock\n|\n|-weather|SunnyDay|[upkeep]\n|upkeep\n|turn|2\n|\n|t:|1695647800\n|move|p2b: Beso de Mosa|Beat Up|p2a: Champ\n|-resisted|p2a: Champ\n|-damage|p2a: Champ|99\/100\n|-ability|p2a: Champ|Justified|boost\n|-boost|p2a: Champ|atk|1\n|-resisted|p2a: Champ\n|-damage|p2a: Champ|98\/100\n|-ability|p2a: Champ|Justified|boost\n|-boost|p2a: Champ|atk|1\n|-resisted|p2a: Champ\n|-damage|p2a: Champ|96\/100\n|-ability|p2a: Champ|Justified|boost\n|-boost|p2a: Champ|atk|1\n|-resisted|p2a: Champ\n|-damage|p2a: Champ|95\/100\n|-ability|p2a: Champ|Justified|boost\n|-boost|p2a: Champ|atk|1\n|-resisted|p2a: Champ\n|-damage|p2a: Champ|93\/100\n|-ability|p2a: Champ|Justified|boost\n|-boost|p2a: Champ|atk|1\n|-resisted|p2a: Champ\n|-damage|p2a: Champ|92\/100\n|-ability|p2a: Champ|Justified|boost\n|-boost|p2a: Champ|atk|1\n|-hitcount|p2a: Champ|6\n|move|p2a: Champ|Rock Slide|p1a: Torkoal|[spread] p1a,p1b\n|-supereffective|p1a: Torkoal\n|-supereffective|p1b: Chandelure\n|-enditem|p1a: Torkoal|Focus Sash\n|-damage|p1a: Torkoal|1\/100\n|-damage|p1b: Chandelure|0 fnt\n|faint|p1b: Chandelure\n|move|p1a: Torkoal|Lava Plume|p2a: Champ|[spread] p2a,p2b\n|-supereffective|p2a: Champ\n|-crit|p2a: Champ\n|-supereffective|p2b: Beso de Mosa\n|-damage|p2a: Champ|0 fnt\n|-damage|p2b: Beso de Mosa|0 fnt\n|faint|p2a: Champ\n|faint|p2b: Beso de Mosa\n|\n|-weather|SunnyDay|[upkeep]\n|upkeep\n|\n|t:|1695647815\n|switch|p2b: Harbor|Blastoise, M|100\/100\n|switch|p1b: Ribombee|Ribombee, F, shiny|100\/100\n|switch|p2a: Corruption|Ninetales, F, shiny|100\/100\n|-damage|p2a: Corruption|75\/100|[from] Stealth Rock\n|-damage|p2b: Harbor|88\/100|[from] Stealth Rock\n|turn|3\n|\n|t:|1695647835\n|move|p2b: Harbor|Fake Out|p1b: Ribombee\n|-damage|p1b: Ribombee|87\/100\n|move|p2a: Corruption|Heat Wave|p1a: Torkoal|[spread] p1a,p1b\n|-resisted|p1a: Torkoal\n|-supereffective|p1b: Ribombee\n|-damage|p1a: Torkoal|0 fnt\n|-damage|p1b: Ribombee|0 fnt\n|faint|p1a: Torkoal\n|faint|p1b: Ribombee\n|\n|-weather|SunnyDay|[upkeep]\n|-heal|p2b: Harbor|94\/100|[from] item: Leftovers\n|upkeep\n|inactive|dankless has 120 seconds left.\n|\n|t:|1695647853\n|switch|p1b: Gholdengo|Gholdengo|100\/100\n|switch|p1a: Dragonite|Dragonite, M|100\/100\n|turn|4\n|\n|t:|1695647861\n|switch|p1b: Amoonguss|Amoonguss, M, shiny|100\/100\n|move|p2a: Corruption|Will-O-Wisp|p1a: Dragonite\n|-status|p1a: Dragonite|brn\n|move|p2b: Harbor|Icy Wind|p1b: Amoonguss|[spread] p1a,p1b\n|-supereffective|p1a: Dragonite\n|-supereffective|p1b: Amoonguss\n|-damage|p1a: Dragonite|84\/100 brn\n|-damage|p1b: Amoonguss|86\/100\n|-unboost|p1a: Dragonite|spe|1\n|-unboost|p1b: Amoonguss|spe|1\n|move|p1a: Dragonite|Dragon Dance|p1a: Dragonite\n|-boost|p1a: Dragonite|atk|1\n|-boost|p1a: Dragonite|spe|1\n|\n|-weather|SunnyDay|[upkeep]\n|-heal|p2b: Harbor|99\/100|[from] item: Leftovers\n|-heal|p1a: Dragonite|90\/100 brn|[from] item: Leftovers\n|-damage|p1a: Dragonite|84\/100 brn|[from] brn\n|-sideend|p2: El Ryuk456|move: Tailwind\n|upkeep\n|turn|5\n|\n|t:|1695647887\n|move|p1b: Amoonguss|Rage Powder|p1b: Amoonguss\n|-singleturn|p1b: Amoonguss|move: Rage Powder\n|move|p1a: Dragonite|Dragon Dance|p1a: Dragonite\n|-boost|p1a: Dragonite|atk|1\n|-boost|p1a: Dragonite|spe|1\n|move|p2a: Corruption|Heat Wave|p1a: Dragonite|[spread] p1a,p1b\n|-resisted|p1a: Dragonite\n|-supereffective|p1b: Amoonguss\n|-damage|p1a: Dragonite|68\/100 brn\n|-damage|p1b: Amoonguss|40\/100\n|-enditem|p1b: Amoonguss|Sitrus Berry|[eat]\n|-heal|p1b: Amoonguss|65\/100|[from] item: Sitrus Berry\n|move|p2b: Harbor|Icy Wind|p1a: Dragonite|[spread] p1a,p1b\n|-supereffective|p1a: Dragonite\n|-supereffective|p1b: Amoonguss\n|-damage|p1a: Dragonite|32\/100 brn\n|-damage|p1b: Amoonguss|52\/100\n|-unboost|p1a: Dragonite|spe|1\n|-unboost|p1b: Amoonguss|spe|1\n|\n|-weather|none\n|-heal|p1a: Dragonite|38\/100 brn|[from] item: Leftovers\n|-heal|p2b: Harbor|100\/100|[from] item: Leftovers\n|-damage|p1a: Dragonite|32\/100 brn|[from] brn\n|upkeep\n|turn|6\n|\n|t:|1695647903\n|move|p1a: Dragonite|Extreme Speed|p2a: Corruption\n|-damage|p2a: Corruption|51\/100\n|move|p2a: Corruption|Heat Wave|p1a: Dragonite|[spread] p1a,p1b\n|-resisted|p1a: Dragonite\n|-supereffective|p1b: Amoonguss\n|-damage|p1a: Dragonite|21\/100 brn\n|-damage|p1b: Amoonguss|22\/100\n|move|p2b: Harbor|Icy Wind|p1b: Amoonguss|[spread] p1a,p1b\n|-supereffective|p1a: Dragonite\n|-supereffective|p1b: Amoonguss\n|-damage|p1a: Dragonite|0 fnt\n|-damage|p1b: Amoonguss|8\/100\n|-unboost|p1b: Amoonguss|spe|1\n|faint|p1a: Dragonite\n|move|p1b: Amoonguss|Pollen Puff|p1: Dragonite|[notarget]\n|-fail|p1b: Amoonguss\n|\n|upkeep\n|\n|t:|1695647906\n|switch|p1a: Gholdengo|Gholdengo|100\/100\n|turn|7\n|\n|t:|1695647918\n|-terastallize|p1a: Gholdengo|Steel\n|move|p1a: Gholdengo|Make It Rain|p2b: Harbor|[spread] p2a,p2b\n|-resisted|p2a: Corruption\n|-resisted|p2b: Harbor\n|-damage|p2a: Corruption|20\/100\n|-damage|p2b: Harbor|77\/100\n|-unboost|p1a: Gholdengo|spa|1\n|move|p2a: Corruption|Heat Wave|p1a: Gholdengo|[spread] \n|-miss|p2a: Corruption|p1a: Gholdengo\n|-miss|p2a: Corruption|p1b: Amoonguss\n|move|p2b: Harbor|Icy Wind|p1a: Gholdengo|[spread] p1a,p1b\n|-resisted|p1a: Gholdengo\n|-supereffective|p1b: Amoonguss\n|-damage|p1a: Gholdengo|96\/100\n|-damage|p1b: Amoonguss|0 fnt\n|-unboost|p1a: Gholdengo|spe|1\n|faint|p1b: Amoonguss\n|\n|-heal|p1a: Gholdengo|100\/100|[from] item: Leftovers\n|-heal|p2b: Harbor|83\/100|[from] item: Leftovers\n|upkeep\n|turn|8\n|\n|t:|1695647935\n|move|p2a: Corruption|Protect|p2a: Corruption\n|-singleturn|p2a: Corruption|Protect\n|move|p1a: Gholdengo|Make It Rain|p2a: Corruption|[spread] p2b\n|-activate|p2a: Corruption|move: Protect\n|-resisted|p2b: Harbor\n|-damage|p2b: Harbor|69\/100\n|-unboost|p1a: Gholdengo|spa|1\n|move|p2b: Harbor|Icy Wind|p1a: Gholdengo\n|-resisted|p1a: Gholdengo\n|-damage|p1a: Gholdengo|94\/100\n|-unboost|p1a: Gholdengo|spe|1\n|\n|-heal|p2b: Harbor|75\/100|[from] item: Leftovers\n|-heal|p1a: Gholdengo|99\/100|[from] item: Leftovers\n|upkeep\n|turn|9\n|\n|t:|1695647946\n|-terastallize|p2a: Corruption|Fire\n|move|p2a: Corruption|Heat Wave|p1a: Gholdengo\n|-supereffective|p1a: Gholdengo\n|-damage|p1a: Gholdengo|10\/100\n|move|p2b: Harbor|Scald|p1a: Gholdengo\n|-damage|p1a: Gholdengo|0 fnt\n|faint|p1a: Gholdengo\n|\n|win|El Ryuk456\n|raw|dankless's rating: 1146 &rarr; <strong>1130<\/strong><br \/>(-16 for losing)\n|raw|El Ryuk456's rating: 1275 &rarr; <strong>1291<\/strong><br \/>(+16 for winning)\n|l|\u2606dankless\n","uploadtime":1695647969,"views":13,"p1id":"dankless","p2id":"elryuk456","formatid":"gen9nationaldexdoubles","rating":1130,"private":0,"password":""}