{"id":"gen9nationaldexdoubles-1963714464","p1":"JKogut","p2":"ChronoTrigonometry","format":"[Gen 9] National Dex Doubles","log":"|j|\u2606JKogut\n|j|\u2606ChronoTrigonometry\n|t:|1696892650\n|gametype|doubles\n|player|p1|JKogut|workerice|\n|player|p2|ChronoTrigonometry|riley|\n|teamsize|p1|6\n|teamsize|p2|6\n|gen|9\n|tier|[Gen 9] National Dex Doubles\n|rule|HP Percentage Mod: HP is shown in percentages\n|rule|Endless Battle Clause: Forcing endless battles is banned\n|rule|OHKO Clause: OHKO moves are banned\n|rule|Evasion Moves Clause: Evasion moves are banned\n|rule|Evasion Abilities Clause: Evasion abilities are banned\n|rule|Species Clause: Limit one of each Pok\u00e9mon\n|rule|Gravity Sleep Clause: The combination of sleep-inducing moves with imperfect accuracy and Gravity or Gigantamax Orbeetle are banned\n|clearpoke\n|poke|p1|Lickilicky, F|\n|poke|p1|Skeledirge, F|\n|poke|p1|Kommo-o, F|\n|poke|p1|Kilowattrel, F|\n|poke|p1|Cresselia, F|\n|poke|p1|Grimmsnarl, M|\n|poke|p2|Metagross|\n|poke|p2|Indeedee-F, F|\n|poke|p2|Dragonite, F|\n|poke|p2|Gholdengo|\n|poke|p2|Flamigo, M|\n|poke|p2|Amoonguss, F|\n|teampreview\n|j| annoying oranje\n|j| Green133\n|\n|t:|1696892780\n|start\n|switch|p1a: Curvy Barbie|Lickilicky, F|100\/100\n|switch|p1b: Alopecia Barbie|Skeledirge, F, shiny|100\/100\n|switch|p2a: big meaty claws|Metagross|100\/100\n|switch|p2b: jajaja|Indeedee-F, F, shiny|100\/100\n|-fieldstart|move: Psychic Terrain|[from] ability: Psychic Surge|[of] p2b: jajaja\n|-enditem|p2b: jajaja|Psychic Seed\n|-boost|p2b: jajaja|spd|1|[from] item: Psychic Seed\n|-ability|p1a: Curvy Barbie|Cloud Nine\n|turn|1\n|l| Green133\n|j| Green133\n|\n|t:|1696892957\n|detailschange|p2a: big meaty claws|Metagross-Mega\n|-mega|p2a: big meaty claws|Metagross|Metagrossite\n|move|p2a: big meaty claws|Zen Headbutt|p1b: Alopecia Barbie\n|-damage|p1b: Alopecia Barbie|36\/100\n|move|p2b: jajaja|Expanding Force|p1a: Curvy Barbie|[spread] p1a,p1b\n|-damage|p1a: Curvy Barbie|73\/100\n|-damage|p1b: Alopecia Barbie|7\/100\n|move|p1b: Alopecia Barbie|Torch Song|p2a: big meaty claws\n|-supereffective|p2a: big meaty claws\n|-damage|p2a: big meaty claws|46\/100\n|-boost|p1b: Alopecia Barbie|spa|1\n|move|p1a: Curvy Barbie|Dragon Tail|p2a: big meaty claws\n|-resisted|p2a: big meaty claws\n|-damage|p2a: big meaty claws|42\/100\n|drag|p2a: deez nites|Dragonite, F|100\/100\n|\n|-heal|p1b: Alopecia Barbie|13\/100|[from] item: Leftovers\n|upkeep\n|turn|2\n|\n|t:|1696893011\n|move|p1b: Alopecia Barbie|Protect|p1b: Alopecia Barbie\n|-singleturn|p1b: Alopecia Barbie|Protect\n|move|p2a: deez nites|Dragon Dance|p2a: deez nites\n|-boost|p2a: deez nites|atk|1\n|-boost|p2a: deez nites|spe|1\n|move|p2b: jajaja|Expanding Force|p1a: Curvy Barbie|[spread] p1a\n|-activate|p1b: Alopecia Barbie|move: Protect\n|-damage|p1a: Curvy Barbie|47\/100\n|move|p1a: Curvy Barbie|Dragon Tail|p2a: deez nites\n|-supereffective|p2a: deez nites\n|-damage|p2a: deez nites|87\/100\n|drag|p2a: amigo|Flamigo, M|100\/100\n|-copyboost|p2a: amigo|p2b: jajaja|[from] ability: Costar\n|\n|-heal|p1b: Alopecia Barbie|19\/100|[from] item: Leftovers\n|upkeep\n|turn|3\n|\n|t:|1696893073\n|switch|p2a: cheese stick|Gholdengo|100\/100\n|-item|p2a: cheese stick|Air Balloon\n|switch|p1b: Groovy Barbie|Grimmsnarl, M, shiny|100\/100\n|switch|p1a: Moon God Barbie|Cresselia, F|100\/100\n|move|p2b: jajaja|Protect||[still]\n|-fail|p2b: jajaja\n|\n|upkeep\n|turn|4\n|l| Green133\n|\n|t:|1696893148\n|move|p2b: jajaja|Follow Me|p2b: jajaja\n|-singleturn|p2b: jajaja|move: Follow Me\n|move|p1b: Groovy Barbie|Taunt|p2b: jajaja\n|-activate|p2b: jajaja|move: Psychic Terrain\n|move|p2a: cheese stick|Nasty Plot|p2a: cheese stick\n|-boost|p2a: cheese stick|spa|2\n|move|p1a: Moon God Barbie|Trick Room|p1a: Moon God Barbie\n|-fieldstart|move: Trick Room|[of] p1a: Moon God Barbie\n|\n|upkeep\n|turn|5\n|j| Green133\n|\n|t:|1696893239\n|switch|p1b: Alopecia Barbie|Skeledirge, F, shiny|19\/100\n|move|p2b: jajaja|Follow Me|p2b: jajaja\n|-singleturn|p2b: jajaja|move: Follow Me\n|move|p1a: Moon God Barbie|Lunar Blessing|p1a: Moon God Barbie|[spread] p1a,p1b\n|-heal|p1b: Alopecia Barbie|44\/100\n|move|p2a: cheese stick|Make It Rain|p1a: Moon God Barbie|[spread] p1a,p1b\n|-resisted|p1b: Alopecia Barbie\n|-damage|p1a: Moon God Barbie|44\/100\n|-damage|p1b: Alopecia Barbie|28\/100\n|-unboost|p2a: cheese stick|spa|1\n|\n|-heal|p1b: Alopecia Barbie|34\/100|[from] item: Leftovers\n|-fieldend|move: Psychic Terrain\n|upkeep\n|turn|6\n|j| 18bluecat\n|n| 18bluecat|18bluecat\n|\n|t:|1696893264\n|move|p2b: jajaja|Follow Me|p2b: jajaja\n|-singleturn|p2b: jajaja|move: Follow Me\n|move|p1b: Alopecia Barbie|Torch Song|p2b: jajaja\n|-damage|p2b: jajaja|72\/100\n|-boost|p1b: Alopecia Barbie|spa|1\n|move|p1a: Moon God Barbie|Lunar Blessing|p1a: Moon God Barbie|[spread] p1a,p1b\n|-heal|p1a: Moon God Barbie|69\/100\n|-heal|p1b: Alopecia Barbie|59\/100\n|move|p2a: cheese stick|Shadow Ball|p1a: Moon God Barbie\n|-supereffective|p1a: Moon God Barbie\n|-damage|p1a: Moon God Barbie|0 fnt\n|faint|p1a: Moon God Barbie\n|\n|-heal|p1b: Alopecia Barbie|65\/100|[from] item: Leftovers\n|upkeep\n|\n|t:|1696893286\n|switch|p1a: Groovy Barbie|Grimmsnarl, M, shiny|100\/100\n|turn|7\n|\n|t:|1696893315\n|-terastallize|p1b: Alopecia Barbie|Water\n|move|p2b: jajaja|Follow Me|p2b: jajaja\n|-singleturn|p2b: jajaja|move: Follow Me\n|move|p1a: Groovy Barbie|Light Screen|p1a: Groovy Barbie\n|-sidestart|p1: JKogut|move: Light Screen\n|move|p1b: Alopecia Barbie|Torch Song|p2b: jajaja\n|-damage|p2b: jajaja|33\/100\n|-boost|p1b: Alopecia Barbie|spa|1\n|move|p2a: cheese stick|Shadow Ball|p1b: Alopecia Barbie\n|-damage|p1b: Alopecia Barbie|46\/100\n|\n|-heal|p1b: Alopecia Barbie|52\/100|[from] item: Leftovers\n|upkeep\n|turn|8\n|\n|t:|1696893347\n|switch|p1a: Pop Star Barbie|Kommo-o, F, shiny|100\/100\n|move|p2b: jajaja|Protect|p2b: jajaja\n|-singleturn|p2b: jajaja|Protect\n|move|p2a: cheese stick|Protect|p2a: cheese stick\n|-singleturn|p2a: cheese stick|Protect\n|move|p1b: Alopecia Barbie|Slack Off|p1b: Alopecia Barbie\n|-heal|p1b: Alopecia Barbie|100\/100\n|\n|-fieldend|move: Trick Room\n|upkeep\n|turn|9\n|j| Specific360\n|\n|t:|1696893492\n|move|p2b: jajaja|Follow Me|p2b: jajaja\n|-singleturn|p2b: jajaja|move: Follow Me\n|move|p2a: cheese stick|Nasty Plot|p2a: cheese stick\n|-boost|p2a: cheese stick|spa|2\n|move|p1a: Pop Star Barbie|Breaking Swipe|p2b: jajaja|[spread] p2a,p2b\n|-resisted|p2a: cheese stick\n|-damage|p2a: cheese stick|92\/100\n|-damage|p2b: jajaja|17\/100\n|-unboost|p2a: cheese stick|atk|1\n|-unboost|p2b: jajaja|atk|1\n|-enditem|p2a: cheese stick|Air Balloon\n|move|p1b: Alopecia Barbie|Torch Song|p2b: jajaja\n|-damage|p2b: jajaja|0 fnt\n|-boost|p1b: Alopecia Barbie|spa|1\n|faint|p2b: jajaja\n|\n|upkeep\n|\n|t:|1696893510\n|switch|p2b: imposter|Amoonguss, F, shiny|100\/100\n|turn|10\n|j| Sasha_Notices\n|\n|t:|1696893573\n|switch|p1a: Curvy Barbie|Lickilicky, F|47\/100\n|-ability|p1a: Curvy Barbie|Cloud Nine\n|move|p2a: cheese stick|Shadow Ball|p1b: Alopecia Barbie\n|-damage|p1b: Alopecia Barbie|79\/100\n|move|p1b: Alopecia Barbie|Torch Song|p2a: cheese stick\n|-supereffective|p2a: cheese stick\n|-damage|p2a: cheese stick|0 fnt\n|-boost|p1b: Alopecia Barbie|spa|1\n|faint|p2a: cheese stick\n|move|p2b: imposter|Spore|p1b: Alopecia Barbie\n|-status|p1b: Alopecia Barbie|slp|[from] move: Spore\n|\n|-heal|p1b: Alopecia Barbie|85\/100 slp|[from] item: Leftovers\n|upkeep\n|\n|t:|1696893592\n|switch|p2a: big meaty claws|Metagross-Mega|42\/100\n|turn|11\n|\n|t:|1696893624\n|move|p2b: imposter|Rage Powder|p2b: imposter\n|-singleturn|p2b: imposter|move: Rage Powder\n|move|p2a: big meaty claws|Zen Headbutt|p1b: Alopecia Barbie\n|-damage|p1b: Alopecia Barbie|36\/100 slp\n|cant|p1b: Alopecia Barbie|slp\n|move|p1a: Curvy Barbie|Dragon Tail|p2b: imposter\n|-damage|p2b: imposter|91\/100\n|drag|p2b: deez nites|Dragonite, F|87\/100\n|\n|-heal|p1b: Alopecia Barbie|42\/100 slp|[from] item: Leftovers\n|upkeep\n|turn|12\n|\n|t:|1696893744\n|switch|p1a: Groovy Barbie|Grimmsnarl, M, shiny|100\/100\n|-terastallize|p2b: deez nites|Normal\n|move|p2b: deez nites|Extreme Speed|p1b: Alopecia Barbie\n|-damage|p1b: Alopecia Barbie|11\/100 slp\n|move|p2a: big meaty claws|Iron Head|p1b: Alopecia Barbie\n|-resisted|p1b: Alopecia Barbie\n|-damage|p1b: Alopecia Barbie|0 fnt\n|faint|p1b: Alopecia Barbie\n|\n|upkeep\n|\n|t:|1696893798\n|switch|p1b: \"The Birds\" Barbie|Kilowattrel, F, shiny|100\/100\n|turn|13\n|\n|t:|1696893824\n|move|p1a: Groovy Barbie|Reflect|p1a: Groovy Barbie\n|-sidestart|p1: JKogut|Reflect\n|move|p1b: \"The Birds\" Barbie|Discharge|p2a: big meaty claws|[spread] p1a,p2a,p2b\n|-damage|p1a: Groovy Barbie|85\/100\n|-damage|p2a: big meaty claws|20\/100\n|-damage|p2b: deez nites|60\/100\n|-status|p2a: big meaty claws|par\n|move|p2b: deez nites|Dragon Dance|p2b: deez nites\n|-boost|p2b: deez nites|atk|1\n|-boost|p2b: deez nites|spe|1\n|cant|p2a: big meaty claws|par\n|\n|upkeep\n|turn|14\n|\n|t:|1696893867\n|move|p1b: \"The Birds\" Barbie|Protect|p1b: \"The Birds\" Barbie\n|-singleturn|p1b: \"The Birds\" Barbie|Protect\n|move|p2b: deez nites|Extreme Speed|p1a: Groovy Barbie\n|-damage|p1a: Groovy Barbie|44\/100\n|move|p1a: Groovy Barbie|Spirit Break|p2b: deez nites\n|-damage|p2b: deez nites|27\/100\n|move|p2a: big meaty claws|Iron Head|p1a: Groovy Barbie\n|-supereffective|p1a: Groovy Barbie\n|-damage|p1a: Groovy Barbie|0 fnt\n|faint|p1a: Groovy Barbie\n|\n|-sideend|p1: JKogut|move: Light Screen\n|upkeep\n|\n|t:|1696893890\n|switch|p1a: Pop Star Barbie|Kommo-o, F, shiny|100\/100\n|turn|15\n|l| Green133\n|\n|t:|1696893978\n|switch|p1a: Curvy Barbie|Lickilicky, F|47\/100\n|-ability|p1a: Curvy Barbie|Cloud Nine\n|move|p2b: deez nites|Dragon Claw|p1b: \"The Birds\" Barbie\n|-damage|p1b: \"The Birds\" Barbie|21\/100\n|move|p1b: \"The Birds\" Barbie|Discharge|p2b: deez nites|[spread] p1a,p2a,p2b\n|-damage|p1a: Curvy Barbie|28\/100\n|-damage|p2a: big meaty claws|0 fnt\n|-damage|p2b: deez nites|0 fnt\n|-status|p1a: Curvy Barbie|par\n|faint|p2a: big meaty claws\n|faint|p2b: deez nites\n|\n|upkeep\n|\n|t:|1696893990\n|switch|p2b: amigo|Flamigo, M|100\/100\n|switch|p2a: imposter|Amoonguss, F, shiny|100\/100\n|-copyboost|p2b: amigo|p2a: imposter|[from] ability: Costar\n|turn|16\n|\n|t:|1696894005\n|cant|p1a: Curvy Barbie|par\n|move|p2b: amigo|Detect|p2b: amigo\n|-singleturn|p2b: amigo|Protect\n|move|p1b: \"The Birds\" Barbie|Discharge|p2a: imposter|[spread] p1a,p2a\n|-activate|p2b: amigo|move: Protect\n|-resisted|p2a: imposter\n|-damage|p1a: Curvy Barbie|10\/100 par\n|-damage|p2a: imposter|88\/100\n|move|p2a: imposter|Sludge Bomb|p1b: \"The Birds\" Barbie\n|-damage|p1b: \"The Birds\" Barbie|0 fnt\n|faint|p1b: \"The Birds\" Barbie\n|\n|-heal|p2a: imposter|94\/100|[from] item: Leftovers\n|upkeep\n|\n|t:|1696894021\n|switch|p1b: Pop Star Barbie|Kommo-o, F, shiny|100\/100\n|turn|17\n|\n|t:|1696894038\n|move|p1a: Curvy Barbie|Helping Hand|p1b: Pop Star Barbie\n|-singleturn|p1b: Pop Star Barbie|Helping Hand|[of] p1a: Curvy Barbie\n|move|p2b: amigo|Brave Bird|p1b: Pop Star Barbie\n|-supereffective|p1b: Pop Star Barbie\n|-damage|p1b: Pop Star Barbie|54\/100\n|-damage|p2b: amigo|84\/100|[from] Recoil\n|move|p1b: Pop Star Barbie|Breaking Swipe|p2a: imposter|[spread] p2a,p2b\n|-damage|p2a: imposter|75\/100\n|-damage|p2b: amigo|50\/100\n|-unboost|p2a: imposter|atk|1\n|move|p2a: imposter|Spore|p1b: Pop Star Barbie\n|-status|p1b: Pop Star Barbie|slp|[from] move: Spore\n|\n|-heal|p2a: imposter|81\/100|[from] item: Leftovers\n|upkeep\n|turn|18\n|\n|t:|1696894061\n|move|p2b: amigo|Brave Bird|p1b: Pop Star Barbie\n|-supereffective|p1b: Pop Star Barbie\n|-damage|p1b: Pop Star Barbie|8\/100 slp\n|-damage|p2b: amigo|34\/100|[from] Recoil\n|cant|p1b: Pop Star Barbie|slp\n|move|p2a: imposter|Sludge Bomb|p1a: Curvy Barbie\n|-damage|p1a: Curvy Barbie|0 fnt\n|faint|p1a: Curvy Barbie\n|\n|-heal|p2a: imposter|88\/100|[from] item: Leftovers\n|upkeep\n|turn|19\n|\n|t:|1696894078\n|move|p2b: amigo|Close Combat|p1b: Pop Star Barbie\n|-damage|p1b: Pop Star Barbie|0 fnt\n|-unboost|p2b: amigo|def|1\n|-unboost|p2b: amigo|spd|1\n|faint|p1b: Pop Star Barbie\n|\n|win|ChronoTrigonometry\n","uploadtime":1696894086,"views":11,"p1id":"jkogut","p2id":"chronotrigonometry","formatid":"gen9nationaldexdoubles","rating":0,"private":0,"password":""}