{"id":"gen9nationaldexdoubles-1956153465","p1":"magicgril","p2":"Paldea Athens 420","format":"[Gen 9] National Dex Doubles","log":"|j|\u2606magicgril\n|j|\u2606Paldea Athens 420\n|t:|1696079479\n|gametype|doubles\n|player|p1|magicgril|iono|1335\n|player|p2|Paldea Athens 420|volo|1486\n|teamsize|p1|6\n|teamsize|p2|6\n|gen|9\n|tier|[Gen 9] National Dex Doubles\n|rated|\n|rule|HP Percentage Mod: HP is shown in percentages\n|rule|Endless Battle Clause: Forcing endless battles is banned\n|rule|OHKO Clause: OHKO moves are banned\n|rule|Evasion Moves Clause: Evasion moves are banned\n|rule|Evasion Abilities Clause: Evasion abilities are banned\n|rule|Species Clause: Limit one of each Pok\u00e9mon\n|rule|Gravity Sleep Clause: The combination of sleep-inducing moves with imperfect accuracy and Gravity or Gigantamax Orbeetle are banned\n|clearpoke\n|poke|p1|Salamence, M|\n|poke|p1|Tornadus, M|\n|poke|p1|Chi-Yu|\n|poke|p1|Heatran, M|\n|poke|p1|Zapdos|\n|poke|p1|Baxcalibur, M|\n|poke|p2|Urshifu-*, M|\n|poke|p2|Sableye, F|\n|poke|p2|Mawile, M|\n|poke|p2|Mew|\n|poke|p2|Tapu Lele|\n|poke|p2|Flutter Mane|\n|teampreview\n|inactive|Battle timer is ON: inactive players will automatically lose when time's up. (requested by Paldea Athens 420)\n|\n|t:|1696079503\n|start\n|switch|p1a: Tornadus|Tornadus, M|100\/100\n|switch|p1b: Heatran|Heatran, M|100\/100\n|switch|p2a: Sableye|Sableye, F|100\/100\n|switch|p2b: Mew|Mew|100\/100\n|turn|1\n|\n|t:|1696079513\n|-terastallize|p2b: Mew|Dark\n|move|p1a: Tornadus|Tailwind|p1a: Tornadus\n|-sidestart|p1: magicgril|move: Tailwind\n|move|p2a: Sableye|Skill Swap|p2b: Mew\n|-activate|p2a: Sableye|move: Skill Swap|||[of] p2b: Mew\n|move|p2b: Mew|Cosmic Power|p2b: Mew\n|-boost|p2b: Mew|def|1\n|-boost|p2b: Mew|spd|1\n|move|p1b: Heatran|Eruption|p2b: Mew|[spread] p2a,p2b\n|-damage|p2a: Sableye|44\/100\n|-damage|p2b: Mew|75\/100\n|\n|-heal|p2b: Mew|81\/100|[from] item: Leftovers\n|upkeep\n|turn|2\n|\n|t:|1696079534\n|move|p2b: Mew|Cosmic Power|p2b: Mew\n|-boost|p2b: Mew|def|1\n|-boost|p2b: Mew|spd|1\n|move|p1a: Tornadus|Bleakwind Storm|p2a: Sableye|[spread] p2a,p2b\n|-damage|p2a: Sableye|1\/100\n|-damage|p2b: Mew|68\/100\n|-unboost|p2b: Mew|spe|1\n|move|p1b: Heatran|Eruption|p2b: Mew|[spread] p2a,p2b\n|-damage|p2a: Sableye|0 fnt\n|-damage|p2b: Mew|49\/100\n|faint|p2a: Sableye\n|\n|-heal|p2b: Mew|55\/100|[from] item: Leftovers\n|upkeep\n|\n|t:|1696079546\n|switch|p2a: \u30af\u30c1\u30fc\u30c8|Mawile, M, shiny|100\/100\n|-ability|p2a: \u30af\u30c1\u30fc\u30c8|Intimidate|boost\n|-unboost|p1a: Tornadus|atk|1\n|-unboost|p1b: Heatran|atk|1\n|turn|3\n|\n|t:|1696079553\n|detailschange|p2a: \u30af\u30c1\u30fc\u30c8|Mawile-Mega, M, shiny\n|-mega|p2a: \u30af\u30c1\u30fc\u30c8|Mawile|Mawilite\n|-singleturn|p2a: \u30af\u30c1\u30fc\u30c8|move: Focus Punch\n|move|p2b: Mew|After You|p2a: \u30af\u30c1\u30fc\u30c8\n|-activate|p2a: \u30af\u30c1\u30fc\u30c8|move: After You\n|move|p2a: \u30af\u30c1\u30fc\u30c8|Focus Punch|p1b: Heatran\n|-supereffective|p1b: Heatran\n|-damage|p1b: Heatran|0 fnt\n|faint|p1b: Heatran\n|move|p1a: Tornadus|Bleakwind Storm|p2b: Mew|[spread] p2a,p2b\n|-resisted|p2a: \u30af\u30c1\u30fc\u30c8\n|-damage|p2a: \u30af\u30c1\u30fc\u30c8|77\/100\n|-damage|p2b: Mew|41\/100\n|\n|-heal|p2b: Mew|47\/100|[from] item: Leftovers\n|upkeep\n|\n|t:|1696079571\n|switch|p1b: Zapdos|Zapdos|100\/100\n|turn|4\n|\n|t:|1696079581\n|move|p2b: Mew|After You|p2a: \u30af\u30c1\u30fc\u30c8\n|-activate|p2a: \u30af\u30c1\u30fc\u30c8|move: After You\n|move|p2a: \u30af\u30c1\u30fc\u30c8|Thunder Punch|p1a: Tornadus\n|-supereffective|p1a: Tornadus\n|-enditem|p1a: Tornadus|Focus Sash\n|-damage|p1a: Tornadus|1\/100\n|move|p1a: Tornadus|Bleakwind Storm|p2b: Mew|[spread] p2b\n|-miss|p1a: Tornadus|p2a: \u30af\u30c1\u30fc\u30c8\n|-damage|p2b: Mew|33\/100\n|-unboost|p2b: Mew|spe|1\n|move|p1b: Zapdos|Thunderbolt|p2a: \u30af\u30c1\u30fc\u30c8\n|-damage|p2a: \u30af\u30c1\u30fc\u30c8|28\/100\n|\n|-heal|p2b: Mew|39\/100|[from] item: Leftovers\n|-sideend|p1: magicgril|move: Tailwind\n|upkeep\n|turn|5\n|\n|t:|1696079600\n|move|p1a: Tornadus|Tailwind|p1a: Tornadus\n|-sidestart|p1: magicgril|move: Tailwind\n|move|p2b: Mew|After You|p2a: \u30af\u30c1\u30fc\u30c8\n|-activate|p2a: \u30af\u30c1\u30fc\u30c8|move: After You\n|move|p2a: \u30af\u30c1\u30fc\u30c8|Thunder Punch|p1a: Tornadus\n|-supereffective|p1a: Tornadus\n|-damage|p1a: Tornadus|0 fnt\n|faint|p1a: Tornadus\n|move|p1b: Zapdos|Thunderbolt|p2a: \u30af\u30c1\u30fc\u30c8\n|-damage|p2a: \u30af\u30c1\u30fc\u30c8|0 fnt\n|faint|p2a: \u30af\u30c1\u30fc\u30c8\n|\n|-heal|p2b: Mew|45\/100|[from] item: Leftovers\n|upkeep\n|\n|t:|1696079615\n|switch|p1a: Chi-Yu|Chi-Yu|100\/100\n|switch|p2a: Tapu Lele|Tapu Lele|100\/100\n|-ability|p1a: Chi-Yu|Beads of Ruin\n|-fieldstart|move: Psychic Terrain|[from] ability: Psychic Surge|[of] p2a: Tapu Lele\n|turn|6\n|\n|t:|1696079624\n|move|p2b: Mew|Soft-Boiled|p2b: Mew\n|-heal|p2b: Mew|95\/100\n|move|p1a: Chi-Yu|Heat Wave|p2a: Tapu Lele|[spread] p2a,p2b\n|-damage|p2a: Tapu Lele|21\/100\n|-damage|p2b: Mew|69\/100\n|move|p1b: Zapdos|Thunderbolt|p2a: Tapu Lele\n|-damage|p2a: Tapu Lele|0 fnt\n|faint|p2a: Tapu Lele\n|\n|-heal|p2b: Mew|75\/100|[from] item: Leftovers\n|upkeep\n|\n|t:|1696079632\n|switch|p2a: Urshifu|Urshifu-Rapid-Strike, M|100\/100\n|turn|7\n|\n|t:|1696079641\n|-singleturn|p2a: Urshifu|move: Focus Punch\n|move|p2b: Mew|After You|p2a: Urshifu\n|-activate|p2a: Urshifu|move: After You\n|move|p2a: Urshifu|Focus Punch|p1a: Chi-Yu\n|-supereffective|p1a: Chi-Yu\n|-damage|p1a: Chi-Yu|0 fnt\n|faint|p1a: Chi-Yu\n|-damage|p2a: Urshifu|91\/100|[from] item: Life Orb\n|move|p1b: Zapdos|Thunderbolt|p2a: Urshifu\n|-supereffective|p2a: Urshifu\n|-damage|p2a: Urshifu|0 fnt\n|faint|p2a: Urshifu\n|\n|-heal|p2b: Mew|82\/100|[from] item: Leftovers\n|upkeep\n|\n|t:|1696079654\n|switch|p1a: Salamence|Salamence, M|100\/100\n|switch|p2a: Flutter Mane|Flutter Mane|100\/100\n|-enditem|p2a: Flutter Mane|Booster Energy\n|-activate|p2a: Flutter Mane|ability: Protosynthesis|[fromitem]\n|-start|p2a: Flutter Mane|protosynthesisspa\n|turn|8\n|\n|t:|1696079665\n|detailschange|p1a: Salamence|Salamence-Mega, M\n|-mega|p1a: Salamence|Salamence|Salamencite\n|move|p2b: Mew|After You|p2a: Flutter Mane\n|-activate|p2a: Flutter Mane|move: After You\n|move|p2a: Flutter Mane|Moonblast|p1a: Salamence\n|-supereffective|p1a: Salamence\n|-damage|p1a: Salamence|0 fnt\n|faint|p1a: Salamence\n|move|p1b: Zapdos|Thunderbolt|p2b: Mew\n|-damage|p2b: Mew|66\/100\n|\n|-heal|p2b: Mew|72\/100|[from] item: Leftovers\n|-sideend|p1: magicgril|move: Tailwind\n|upkeep\n|\n|t:|1696079676\n|switch|p1a: Baxcalibur|Baxcalibur, M|100\/100\n|turn|9\n|\n|t:|1696079694\n|move|p2a: Flutter Mane|Protect|p2a: Flutter Mane\n|-singleturn|p2a: Flutter Mane|Protect\n|move|p2b: Mew|Cosmic Power|p2b: Mew\n|-boost|p2b: Mew|def|1\n|-boost|p2b: Mew|spd|1\n|move|p1a: Baxcalibur|Icicle Spear|p2b: Mew\n|-crit|p2b: Mew\n|-damage|p2b: Mew|56\/100\n|-damage|p2b: Mew|51\/100\n|-damage|p2b: Mew|47\/100\n|-damage|p2b: Mew|42\/100\n|-damage|p2b: Mew|38\/100\n|-hitcount|p2b: Mew|5\n|move|p1b: Zapdos|Thunderbolt|p2a: Flutter Mane\n|-activate|p2a: Flutter Mane|move: Protect\n|\n|-heal|p2b: Mew|44\/100|[from] item: Leftovers\n|upkeep\n|turn|10\n|\n|t:|1696079709\n|move|p2b: Mew|Soft-Boiled|p2b: Mew\n|-heal|p2b: Mew|94\/100\n|move|p2a: Flutter Mane|Moonblast|p1a: Baxcalibur\n|-supereffective|p1a: Baxcalibur\n|-damage|p1a: Baxcalibur|0 fnt\n|faint|p1a: Baxcalibur\n|move|p1b: Zapdos|Thunderbolt|p2b: Mew\n|-damage|p2b: Mew|81\/100\n|\n|-heal|p2b: Mew|87\/100|[from] item: Leftovers\n|-fieldend|move: Psychic Terrain\n|upkeep\n|turn|11\n|\n|t:|1696079721\n|move|p2b: Mew|Toxic|p1b: Zapdos\n|-status|p1b: Zapdos|tox\n|move|p2a: Flutter Mane|Moonblast|p1b: Zapdos\n|-damage|p1b: Zapdos|26\/100 tox\n|move|p1b: Zapdos|Thunderbolt|p2a: Flutter Mane\n|-damage|p2a: Flutter Mane|49\/100\n|\n|-heal|p1b: Zapdos|32\/100 tox|[from] item: Leftovers\n|-heal|p2b: Mew|94\/100|[from] item: Leftovers\n|-damage|p1b: Zapdos|26\/100 tox|[from] psn\n|upkeep\n|turn|12\n|\n|t:|1696079731\n|move|p2b: Mew|Cosmic Power|p2b: Mew\n|-boost|p2b: Mew|def|1\n|-boost|p2b: Mew|spd|1\n|move|p2a: Flutter Mane|Moonblast|p1b: Zapdos\n|-damage|p1b: Zapdos|0 fnt\n|faint|p1b: Zapdos\n|\n|win|Paldea Athens 420\n|raw|magicgril's rating: 1335 &rarr; <strong>1323<\/strong><br \/>(-12 for losing)\n|raw|Paldea Athens 420's rating: 1486 &rarr; <strong>1498<\/strong><br \/>(+12 for winning)\n|l|\u2606Paldea Athens 420\n","uploadtime":1696080335,"views":6,"p1id":"magicgril","p2id":"paldeaathens420","formatid":"gen9nationaldexdoubles","rating":1323,"private":0,"password":""}