{"id":"gen9nationaldexdoubles-1982296847","p1":"DazzlingBrilliance","p2":"chumlee's pawnshop","format":"[Gen 9] National Dex Doubles","log":"|j|\u2606DazzlingBrilliance\n|j|\u2606chumlee's pawnshop\n|t:|1698992110\n|gametype|doubles\n|player|p1|DazzlingBrilliance|striker|1052\n|player|p2|chumlee's pawnshop|marshal|1146\n|teamsize|p1|6\n|teamsize|p2|6\n|gen|9\n|tier|[Gen 9] National Dex Doubles\n|rated|\n|rule|HP Percentage Mod: HP is shown in percentages\n|rule|Endless Battle Clause: Forcing endless battles is banned\n|rule|OHKO Clause: OHKO moves are banned\n|rule|Evasion Moves Clause: Evasion moves are banned\n|rule|Evasion Abilities Clause: Evasion abilities are banned\n|rule|Species Clause: Limit one of each Pok\u00e9mon\n|rule|Gravity Sleep Clause: The combination of sleep-inducing moves with imperfect accuracy and Gravity or Gigantamax Orbeetle are banned\n|clearpoke\n|poke|p1|Qwilfish, M|\n|poke|p1|Chandelure, M|\n|poke|p1|Altaria, M|\n|poke|p1|Eldegoss, F|\n|poke|p1|Jirachi|\n|poke|p1|Hitmontop, M|\n|poke|p2|Taillow, F|\n|poke|p2|Forretress, M|\n|poke|p2|Lopunny, M|\n|poke|p2|Throh, M|\n|poke|p2|Riolu, M|\n|poke|p2|Tentacruel, M|\n|teampreview\n|\n|t:|1698992128\n|start\n|switch|p1a: Qweefish|Qwilfish, M, shiny|100\/100\n|switch|p1b: Jirachi|Jirachi, shiny|100\/100\n|switch|p2a: Forretress|Forretress, M|100\/100\n|switch|p2b: Lopunny|Lopunny, M|100\/100\n|-ability|p1a: Qweefish|Intimidate|boost\n|-unboost|p2a: Forretress|atk|1\n|-unboost|p2b: Lopunny|atk|1\n|turn|1\n|\n|t:|1698992157\n|move|p2b: Lopunny|Fake Out|p1b: Jirachi\n|-resisted|p1b: Jirachi\n|-damage|p1b: Jirachi|96\/100\n|cant|p1b: Jirachi|flinch\n|move|p1a: Qweefish|Thunder Wave|p2b: Lopunny\n|-status|p2b: Lopunny|par\n|move|p2a: Forretress|Stealth Rock|p1b: Jirachi\n|-sidestart|p1: DazzlingBrilliance|move: Stealth Rock\n|\n|-heal|p1b: Jirachi|100\/100|[from] item: Leftovers\n|upkeep\n|turn|2\n|\n|t:|1698992180\n|move|p1b: Jirachi|Cosmic Power|p1b: Jirachi\n|-boost|p1b: Jirachi|def|1\n|-boost|p1b: Jirachi|spd|1\n|move|p1a: Qweefish|Acupressure|p1a: Qweefish\n|-boost|p1a: Qweefish|evasion|2\n|move|p2b: Lopunny|Switcheroo|p1a: Qweefish\n|-activate|p2b: Lopunny|move: Trick|[of] p1a: Qweefish\n|-item|p1a: Qweefish|Assault Vest|[from] move: Switcheroo\n|-item|p2b: Lopunny|Leftovers|[from] move: Switcheroo\n|move|p2a: Forretress|Spikes|p1a: Qweefish\n|-sidestart|p1: DazzlingBrilliance|Spikes\n|\n|upkeep\n|turn|3\n|\n|t:|1698992213\n|move|p1a: Qweefish|Aqua Jet|p2b: Lopunny\n|-damage|p2b: Lopunny|83\/100 par\n|move|p1b: Jirachi|Cosmic Power|p1b: Jirachi\n|-boost|p1b: Jirachi|def|1\n|-boost|p1b: Jirachi|spd|1\n|move|p2b: Lopunny|High Jump Kick|p1b: Jirachi\n|-damage|p1b: Jirachi|91\/100\n|move|p2a: Forretress|Spikes|p1a: Qweefish\n|-sidestart|p1: DazzlingBrilliance|Spikes\n|\n|-heal|p1b: Jirachi|97\/100|[from] item: Leftovers\n|upkeep\n|turn|4\n|\n|t:|1698992244\n|switch|p2b: Riolu|Riolu, M|100\/100\n|switch|p2a: Throh|Throh, M|100\/100\n|move|p1a: Qweefish|Aqua Jet|p2b: Riolu\n|-damage|p2b: Riolu|79\/100\n|move|p1b: Jirachi|Cosmic Power|p1b: Jirachi\n|-boost|p1b: Jirachi|def|1\n|-boost|p1b: Jirachi|spd|1\n|\n|-heal|p1b: Jirachi|100\/100|[from] item: Leftovers\n|-status|p2a: Throh|brn|[from] item: Flame Orb\n|upkeep\n|turn|5\n|\n|t:|1698992263\n|move|p2b: Riolu|Coaching|p2a: Throh\n|-boost|p2a: Throh|atk|1\n|-boost|p2a: Throh|def|1\n|move|p1b: Jirachi|Charge Beam|p2a: Throh\n|-damage|p2a: Throh|89\/100 brn\n|-boost|p1b: Jirachi|spa|1\n|move|p1a: Qweefish|Hex|p2a: Throh\n|-damage|p2a: Throh|71\/100 brn\n|move|p2a: Throh|Circle Throw|p1b: Jirachi\n|-damage|p1b: Jirachi|75\/100\n|drag|p1b: Altaria|Altaria, M, shiny|100\/100\n|-damage|p1b: Altaria|76\/100|[from] Stealth Rock\n|-ability|p1b: Altaria|Cloud Nine\n|\n|-heal|p1b: Altaria|82\/100|[from] item: Leftovers\n|-damage|p2a: Throh|65\/100 brn|[from] brn\n|upkeep\n|turn|6\n|\n|t:|1698992286\n|move|p2b: Riolu|Copycat||[still]\n|-fail|p2b: Riolu\n|move|p1b: Altaria|Mud-Slap|p2a: Throh\n|-damage|p2a: Throh|62\/100 brn\n|-unboost|p2a: Throh|accuracy|1\n|move|p1a: Qweefish|Hex|p2a: Throh\n|-crit|p2a: Throh\n|-damage|p2a: Throh|37\/100 brn\n|move|p2a: Throh|Circle Throw|p1b: Altaria\n|-resisted|p1b: Altaria\n|-damage|p1b: Altaria|48\/100\n|drag|p1b: Chandelure|Chandelure, M, shiny|100\/100\n|-damage|p1b: Chandelure|76\/100|[from] Stealth Rock\n|-damage|p1b: Chandelure|59\/100|[from] Spikes\n|\n|-heal|p1b: Chandelure|66\/100|[from] item: Leftovers\n|-damage|p2a: Throh|31\/100 brn|[from] brn\n|upkeep\n|turn|7\n|\n|t:|1698992326\n|move|p2b: Riolu|Detect|p2b: Riolu\n|-singleturn|p2b: Riolu|Protect\n|move|p1a: Qweefish|Hex|p2a: Throh\n|-damage|p2a: Throh|13\/100 brn\n|move|p1b: Chandelure|Trailblaze|p2b: Riolu\n|-activate|p2b: Riolu|move: Protect\n|move|p2a: Throh|Knock Off|p1b: Chandelure\n|-supereffective|p1b: Chandelure\n|-damage|p1b: Chandelure|0 fnt\n|-enditem|p1b: Chandelure|Leftovers|[from] move: Knock Off|[of] p2a: Throh\n|faint|p1b: Chandelure\n|\n|-damage|p2a: Throh|7\/100 brn|[from] brn\n|upkeep\n|\n|t:|1698992341\n|switch|p1b: Eldegoss|Eldegoss, F, shiny|100\/100\n|-damage|p1b: Eldegoss|88\/100|[from] Stealth Rock\n|-damage|p1b: Eldegoss|72\/100|[from] Spikes\n|turn|8\n|\n|t:|1698992358\n|move|p1a: Qweefish|Aqua Jet|p2a: Throh\n|-damage|p2a: Throh|0 fnt\n|faint|p2a: Throh\n|move|p2b: Riolu|Copycat|p2b: Riolu\n|move|p2b: Riolu|Aqua Jet|p1a: Qweefish|[from]move: Copycat\n|-resisted|p1a: Qweefish\n|-damage|p1a: Qweefish|96\/100\n|move|p1b: Eldegoss|Leech Seed|p2b: Riolu|[miss]\n|-miss|p1b: Eldegoss|p2b: Riolu\n|\n|-heal|p1b: Eldegoss|78\/100|[from] item: Leftovers\n|upkeep\n|\n|t:|1698992375\n|switch|p2a: Tentacruel|Tentacruel, M|100\/100\n|turn|9\n|\n|t:|1698992390\n|move|p2b: Riolu|Copycat|p2b: Riolu\n|move|p2b: Riolu|Leech Seed|p1b: Eldegoss|[from]move: Copycat\n|-immune|p1b: Eldegoss\n|move|p2a: Tentacruel|Icy Wind|p1b: Eldegoss|[spread] p1a,p1b\n|-resisted|p1a: Qweefish\n|-supereffective|p1b: Eldegoss\n|-damage|p1a: Qweefish|93\/100\n|-damage|p1b: Eldegoss|63\/100\n|-unboost|p1a: Qweefish|spe|1\n|-unboost|p1b: Eldegoss|spe|1\n|move|p1a: Qweefish|Hex|p2a: Tentacruel\n|-damage|p2a: Tentacruel|94\/100\n|move|p1b: Eldegoss|Leech Seed|p2a: Tentacruel\n|-start|p2a: Tentacruel|move: Leech Seed\n|\n|-heal|p2a: Tentacruel|99\/100|[from] item: Black Sludge\n|-heal|p1b: Eldegoss|70\/100|[from] item: Leftovers\n|-damage|p2a: Tentacruel|88\/100|[from] Leech Seed|[of] p1b: Eldegoss\n|-damage|p1b: Eldegoss|52\/100|[from] ability: Liquid Ooze|[of] p2a: Tentacruel\n|upkeep\n|turn|10\n|\n|t:|1698992423\n|move|p2b: Riolu|Bullet Punch|p1b: Eldegoss\n|-damage|p1b: Eldegoss|44\/100\n|move|p2a: Tentacruel|Sludge Wave|p1a: Qweefish|[spread] p2b,p1b\n|-miss|p2a: Tentacruel|p1a: Qweefish\n|-supereffective|p1b: Eldegoss\n|-damage|p2b: Riolu|59\/100\n|-damage|p1b: Eldegoss|9\/100\n|move|p1a: Qweefish|Hex|p2b: Riolu\n|-damage|p2b: Riolu|49\/100\n|move|p1b: Eldegoss|Rapid Spin|p2b: Riolu\n|-damage|p2b: Riolu|39\/100\n|-boost|p1b: Eldegoss|spe|1\n|-sideend|p1: DazzlingBrilliance|Spikes|[from] move: Rapid Spin|[of] p1b: Eldegoss\n|-sideend|p1: DazzlingBrilliance|Stealth Rock|[from] move: Rapid Spin|[of] p1b: Eldegoss\n|\n|-heal|p2a: Tentacruel|94\/100|[from] item: Black Sludge\n|-heal|p1b: Eldegoss|15\/100|[from] item: Leftovers\n|-damage|p2a: Tentacruel|81\/100|[from] Leech Seed|[of] p1b: Eldegoss\n|-damage|p1b: Eldegoss|0 fnt|[from] ability: Liquid Ooze|[of] p2a: Tentacruel\n|faint|p1b: Eldegoss\n|upkeep\n|\n|t:|1698992448\n|switch|p1b: Altaria|Altaria, M, shiny|48\/100\n|-ability|p1b: Altaria|Cloud Nine\n|turn|11\n|\n|t:|1698992468\n|switch|p2a: Forretress|Forretress, M|100\/100\n|move|p2b: Riolu|Detect|p2b: Riolu\n|-singleturn|p2b: Riolu|Protect\n|move|p1a: Qweefish|Aqua Jet|p2b: Riolu\n|-activate|p2b: Riolu|move: Protect\n|move|p1b: Altaria|Mud-Slap|p2a: Forretress\n|-damage|p2a: Forretress|96\/100\n|-unboost|p2a: Forretress|accuracy|1\n|\n|-heal|p1b: Altaria|54\/100|[from] item: Leftovers\n|upkeep\n|turn|12\n|\n|t:|1698992499\n|move|p2b: Riolu|Coaching|p2a: Forretress\n|-boost|p2a: Forretress|atk|1\n|-boost|p2a: Forretress|def|1\n|move|p1a: Qweefish|Aqua Jet|p2b: Riolu\n|-damage|p2b: Riolu|20\/100\n|move|p1b: Altaria|Hone Claws|p1b: Altaria\n|-boost|p1b: Altaria|atk|1\n|-boost|p1b: Altaria|accuracy|1\n|move|p2a: Forretress|Spikes|p1a: Qweefish\n|-sidestart|p1: DazzlingBrilliance|Spikes\n|\n|-heal|p1b: Altaria|61\/100|[from] item: Leftovers\n|upkeep\n|turn|13\n|\n|t:|1698992525\n|move|p1a: Qweefish|Aqua Jet|p2b: Riolu\n|-damage|p2b: Riolu|1\/100\n|move|p2b: Riolu|Copycat|p2b: Riolu\n|move|p2b: Riolu|Aqua Jet|p1b: Altaria|[from]move: Copycat\n|-resisted|p1b: Altaria\n|-damage|p1b: Altaria|57\/100\n|move|p1b: Altaria|Mud-Slap|p2a: Forretress\n|-damage|p2a: Forretress|91\/100\n|-unboost|p2a: Forretress|accuracy|1\n|move|p2a: Forretress|Stealth Rock|p1a: Qweefish\n|-sidestart|p1: DazzlingBrilliance|move: Stealth Rock\n|\n|-heal|p1b: Altaria|63\/100|[from] item: Leftovers\n|upkeep\n|turn|14\n|\n|t:|1698992549\n|move|p1a: Qweefish|Aqua Jet|p2b: Riolu\n|-damage|p2b: Riolu|0 fnt\n|faint|p2b: Riolu\n|move|p1b: Altaria|Hone Claws|p1b: Altaria\n|-boost|p1b: Altaria|atk|1\n|-boost|p1b: Altaria|accuracy|1\n|move|p2a: Forretress|Spikes|p1a: Qweefish\n|-sidestart|p1: DazzlingBrilliance|Spikes\n|\n|-heal|p1b: Altaria|69\/100|[from] item: Leftovers\n|upkeep\n|\n|t:|1698992558\n|switch|p2b: Taillow|Taillow, F|100\/100\n|turn|15\n|\n|t:|1698992577\n|move|p2b: Taillow|Endeavor|p1b: Altaria\n|-immune|p1b: Altaria\n|move|p1b: Altaria|Sing|p2a: Forretress\n|-status|p2a: Forretress|slp|[from] move: Sing\n|move|p1a: Qweefish|Hex|p2a: Forretress\n|-damage|p2a: Forretress|61\/100 slp\n|cant|p2a: Forretress|slp\n|\n|-heal|p1b: Altaria|75\/100|[from] item: Leftovers\n|upkeep\n|turn|16\n|\n|t:|1698992597\n|move|p2b: Taillow|Protect|p2b: Taillow\n|-singleturn|p2b: Taillow|Protect\n|move|p1a: Qweefish|Aqua Jet|p2b: Taillow\n|-activate|p2b: Taillow|move: Protect\n|move|p1b: Altaria|Hone Claws|p1b: Altaria\n|-boost|p1b: Altaria|atk|1\n|-boost|p1b: Altaria|accuracy|1\n|-curestatus|p2a: Forretress|slp|[msg]\n|move|p2a: Forretress|Toxic Spikes|p1b: Altaria\n|-sidestart|p1: DazzlingBrilliance|move: Toxic Spikes\n|\n|-heal|p1b: Altaria|82\/100|[from] item: Leftovers\n|upkeep\n|turn|17\n|\n|t:|1698992632\n|move|p1a: Qweefish|Aqua Jet|p2b: Taillow\n|-damage|p2b: Taillow|57\/100\n|move|p2b: Taillow|Endeavor|p1b: Altaria\n|-damage|p1b: Altaria|43\/100\n|move|p1b: Altaria|Sing|p2a: Forretress\n|-status|p2a: Forretress|slp|[from] move: Sing\n|cant|p2a: Forretress|slp\n|\n|-heal|p1b: Altaria|50\/100|[from] item: Leftovers\n|upkeep\n|turn|18\n|\n|t:|1698992654\n|move|p2b: Taillow|Protect|p2b: Taillow\n|-singleturn|p2b: Taillow|Protect\n|move|p1a: Qweefish|Aqua Jet|p2b: Taillow\n|-activate|p2b: Taillow|move: Protect\n|move|p1b: Altaria|Hone Claws|p1b: Altaria\n|-boost|p1b: Altaria|atk|1\n|-boost|p1b: Altaria|accuracy|1\n|cant|p2a: Forretress|slp\n|\n|-heal|p1b: Altaria|56\/100|[from] item: Leftovers\n|upkeep\n|turn|19\n|\n|t:|1698992667\n|move|p1a: Qweefish|Aqua Jet|p2b: Taillow\n|-damage|p2b: Taillow|10\/100\n|move|p2b: Taillow|Endeavor|p1b: Altaria\n|-damage|p1b: Altaria|7\/100\n|move|p1b: Altaria|Sing|p2b: Taillow\n|-status|p2b: Taillow|slp|[from] move: Sing\n|-curestatus|p2a: Forretress|slp|[msg]\n|move|p2a: Forretress|Rapid Spin|p1b: Altaria\n|-damage|p1b: Altaria|0 fnt\n|-boost|p2a: Forretress|spe|1\n|faint|p1b: Altaria\n|\n|upkeep\n|\n|t:|1698992684\n|switch|p1b: Jirachi|Jirachi, shiny|75\/100\n|-damage|p1b: Jirachi|58\/100|[from] Spikes\n|-damage|p1b: Jirachi|52\/100|[from] Stealth Rock\n|turn|20\n|\n|t:|1698992735\n|cant|p2b: Taillow|slp\n|move|p1a: Qweefish|Aqua Jet|p2b: Taillow\n|-damage|p2b: Taillow|0 fnt\n|faint|p2b: Taillow\n|move|p1b: Jirachi|Cosmic Power|p1b: Jirachi\n|-boost|p1b: Jirachi|def|1\n|-boost|p1b: Jirachi|spd|1\n|move|p2a: Forretress|Rapid Spin|p1b: Jirachi\n|-resisted|p1b: Jirachi\n|-damage|p1b: Jirachi|48\/100\n|-boost|p2a: Forretress|spe|1\n|\n|-heal|p1b: Jirachi|54\/100|[from] item: Leftovers\n|upkeep\n|\n|t:|1698992748\n|switch|p2b: Tentacruel|Tentacruel, M|81\/100\n|turn|21\n|\n|t:|1698992786\n|move|p1b: Jirachi|Charge Beam|p2b: Tentacruel|[miss]\n|-miss|p1b: Jirachi|p2b: Tentacruel\n|move|p2b: Tentacruel|Scald|p1b: Jirachi\n|-damage|p1b: Jirachi|40\/100\n|move|p2a: Forretress|Spikes|p1b: Jirachi\n|-sidestart|p1: DazzlingBrilliance|Spikes\n|move|p1a: Qweefish|Hex|p2b: Tentacruel\n|-damage|p2b: Tentacruel|75\/100\n|\n|-heal|p1b: Jirachi|46\/100|[from] item: Leftovers\n|-heal|p2b: Tentacruel|81\/100|[from] item: Black Sludge\n|upkeep\n|turn|22\n|\n|t:|1698992804\n|move|p1b: Jirachi|Cosmic Power|p1b: Jirachi\n|-boost|p1b: Jirachi|def|1\n|-boost|p1b: Jirachi|spd|1\n|move|p2b: Tentacruel|Scald|p1b: Jirachi\n|-damage|p1b: Jirachi|35\/100\n|move|p2a: Forretress|Toxic Spikes|p1b: Jirachi\n|-sidestart|p1: DazzlingBrilliance|move: Toxic Spikes\n|move|p1a: Qweefish|Hex|p2b: Tentacruel\n|-damage|p2b: Tentacruel|75\/100\n|\n|-heal|p1b: Jirachi|42\/100|[from] item: Leftovers\n|-heal|p2b: Tentacruel|81\/100|[from] item: Black Sludge\n|upkeep\n|turn|23\n|\n|t:|1698992826\n|move|p1b: Jirachi|Charge Beam|p2b: Tentacruel\n|-supereffective|p2b: Tentacruel\n|-damage|p2b: Tentacruel|64\/100\n|-boost|p1b: Jirachi|spa|1\n|move|p2b: Tentacruel|Scald|p1b: Jirachi\n|-damage|p1b: Jirachi|30\/100\n|move|p2a: Forretress|Rapid Spin|p1b: Jirachi|[miss]\n|-miss|p2a: Forretress|p1b: Jirachi\n|move|p1a: Qweefish|Hex|p2b: Tentacruel\n|-damage|p2b: Tentacruel|57\/100\n|\n|-heal|p1b: Jirachi|36\/100|[from] item: Leftovers\n|-heal|p2b: Tentacruel|63\/100|[from] item: Black Sludge\n|upkeep\n|turn|24\n|j| azurecoralsea\n|\n|t:|1698992848\n|move|p1a: Qweefish|Aqua Jet|p2b: Tentacruel\n|-resisted|p2b: Tentacruel\n|-damage|p2b: Tentacruel|55\/100\n|move|p1b: Jirachi|Charge Beam|p2b: Tentacruel\n|-supereffective|p2b: Tentacruel\n|-damage|p2b: Tentacruel|28\/100\n|-boost|p1b: Jirachi|spa|1\n|move|p2b: Tentacruel|Scald|p1b: Jirachi\n|-damage|p1b: Jirachi|25\/100\n|move|p2a: Forretress|Rapid Spin|p1b: Jirachi\n|-resisted|p1b: Jirachi\n|-damage|p1b: Jirachi|22\/100\n|-boost|p2a: Forretress|spe|1\n|\n|-heal|p1b: Jirachi|28\/100|[from] item: Leftovers\n|-heal|p2b: Tentacruel|34\/100|[from] item: Black Sludge\n|upkeep\n|turn|25\n|\n|t:|1698992872\n|move|p1b: Jirachi|Charge Beam|p2b: Tentacruel\n|-supereffective|p2b: Tentacruel\n|-damage|p2b: Tentacruel|0 fnt\n|-boost|p1b: Jirachi|spa|1\n|faint|p2b: Tentacruel\n|move|p2a: Forretress|Rapid Spin|p1b: Jirachi|[miss]\n|-miss|p2a: Forretress|p1b: Jirachi\n|move|p1a: Qweefish|Hex|p2a: Forretress\n|-damage|p2a: Forretress|47\/100\n|\n|-heal|p1b: Jirachi|34\/100|[from] item: Leftovers\n|upkeep\n|\n|t:|1698992882\n|switch|p2b: Lopunny|Lopunny, M|83\/100 par\n|turn|26\n|\n|t:|1698992897\n|cant|p2b: Lopunny|par\n|move|p1a: Qweefish|Aqua Jet|p2b: Lopunny\n|-damage|p2b: Lopunny|66\/100 par\n|move|p1b: Jirachi|Ancient Power|p2b: Lopunny\n|-damage|p2b: Lopunny|12\/100 par\n|move|p2a: Forretress|Rapid Spin|p1b: Jirachi|[miss]\n|-miss|p2a: Forretress|p1b: Jirachi\n|\n|-heal|p1b: Jirachi|40\/100|[from] item: Leftovers\n|upkeep\n|turn|27\n|\n|t:|1698992913\n|move|p1a: Qweefish|Aqua Jet|p2b: Lopunny\n|-damage|p2b: Lopunny|0 fnt\n|faint|p2b: Lopunny\n|move|p1b: Jirachi|Cosmic Power|p1b: Jirachi\n|-boost|p1b: Jirachi|def|1\n|-boost|p1b: Jirachi|spd|1\n|move|p2a: Forretress|Rapid Spin|p1b: Jirachi\n|-resisted|p1b: Jirachi\n|-damage|p1b: Jirachi|37\/100\n|-boost|p2a: Forretress|spe|1\n|\n|-heal|p1b: Jirachi|43\/100|[from] item: Leftovers\n|upkeep\n|turn|28\n|\n|t:|1698992930\n|move|p2a: Forretress|Rapid Spin|p1b: Jirachi\n|-resisted|p1b: Jirachi\n|-damage|p1b: Jirachi|41\/100\n|-boost|p2a: Forretress|spe|1\n|move|p1b: Jirachi|Ancient Power|p2a: Forretress\n|-damage|p2a: Forretress|0 fnt\n|faint|p2a: Forretress\n|\n|win|DazzlingBrilliance\n|raw|DazzlingBrilliance's rating: 1086 &rarr; <strong>1121<\/strong><br \/>(+35 for winning)\n|raw|chumlee&apos;s pawnshop's rating: 1186 &rarr; <strong>1154<\/strong><br \/>(-32 for losing)\n|l|\u2606chumlee's pawnshop\n","uploadtime":1698992942,"views":11,"p1id":"dazzlingbrilliance","p2id":"chumleespawnshop","formatid":"gen9nationaldexdoubles","rating":1121,"private":0,"password":""}