{"id":"gen9nationaldexdoubles-1980076820","p1":"AhiruChan","p2":"Okto481","format":"[Gen 9] National Dex Doubles","log":"|j|\u2606AhiruChan\n|j|\u2606Okto481\n|t:|1698754808\n|gametype|doubles\n|player|p1|AhiruChan|waitress|\n|player|p2|Okto481|265|\n|teamsize|p1|6\n|teamsize|p2|6\n|gen|9\n|tier|[Gen 9] National Dex Doubles\n|rule|HP Percentage Mod: HP is shown in percentages\n|rule|Endless Battle Clause: Forcing endless battles is banned\n|rule|OHKO Clause: OHKO moves are banned\n|rule|Evasion Moves Clause: Evasion moves are banned\n|rule|Evasion Abilities Clause: Evasion abilities are banned\n|rule|Species Clause: Limit one of each Pok\u00e9mon\n|rule|Gravity Sleep Clause: The combination of sleep-inducing moves with imperfect accuracy and Gravity or Gigantamax Orbeetle are banned\n|clearpoke\n|poke|p1|Scizor, M|\n|poke|p1|Sneasler, M|\n|poke|p1|Tapu Koko|\n|poke|p1|Meowscarada, M|\n|poke|p1|Iron Valiant|\n|poke|p1|Raichu-Alola, F|\n|poke|p2|Tapu Lele|\n|poke|p2|Gardevoir, M|\n|poke|p2|Gallade, M|\n|poke|p2|Indeedee-F, F|\n|poke|p2|Dottler, F|\n|poke|p2|Armarouge, M|\n|teampreview\n|c|\u2606AhiruChan|glhf\n|\n|t:|1698754827\n|start\n|switch|p1a: Meowscarada|Meowscarada, M|100\/100\n|switch|p1b: Scizor|Scizor, M|100\/100\n|switch|p2a: Indeedee|Indeedee-F, F|100\/100\n|switch|p2b: Dottler|Dottler, F|100\/100\n|-fieldstart|move: Psychic Terrain|[from] ability: Psychic Surge|[of] p2a: Indeedee\n|turn|1\n|\n|t:|1698754840\n|detailschange|p1b: Scizor|Scizor-Mega, M\n|-mega|p1b: Scizor|Scizor|Scizorite\n|move|p2a: Indeedee|Follow Me|p2a: Indeedee\n|-singleturn|p2a: Indeedee|move: Follow Me\n|move|p1a: Meowscarada|Knock Off|p2a: Indeedee\n|-start|p1a: Meowscarada|typechange|Dark|[from] ability: Protean\n|-supereffective|p2a: Indeedee\n|-damage|p2a: Indeedee|0 fnt\n|-enditem|p2a: Indeedee|Tanga Berry|[from] move: Knock Off|[of] p1a: Meowscarada\n|faint|p2a: Indeedee\n|move|p1b: Scizor|X-Scissor|p2b: Dottler\n|-supereffective|p2b: Dottler\n|-damage|p2b: Dottler|7\/100\n|move|p2b: Dottler|Sticky Web|p1b: Scizor\n|-sidestart|p1: AhiruChan|move: Sticky Web\n|\n|upkeep\n|\n|t:|1698754854\n|switch|p2a: Gallade|Gallade, M|100\/100\n|turn|2\n|\n|t:|1698754866\n|move|p1a: Meowscarada|Knock Off|p2a: Gallade\n|-damage|p2a: Gallade|17\/100\n|-enditem|p2a: Gallade|Choice Band|[from] move: Knock Off|[of] p1a: Meowscarada\n|move|p2a: Gallade|Fire Punch|p1b: Scizor\n|-supereffective|p1b: Scizor\n|-damage|p1b: Scizor|28\/100\n|move|p1b: Scizor|X-Scissor|p2b: Dottler\n|-supereffective|p2b: Dottler\n|-damage|p2b: Dottler|0 fnt\n|faint|p2b: Dottler\n|\n|upkeep\n|\n|t:|1698754876\n|switch|p2b: Tapu Lele|Tapu Lele|100\/100\n|turn|3\n|\n|t:|1698754897\n|switch|p2a: Gardevoir|Gardevoir, M|100\/100\n|-ability|p2a: Gardevoir|Technician|[from] ability: Trace|[of] p1b: Scizor\n|move|p1a: Meowscarada|Knock Off|p2b: Tapu Lele\n|-damage|p2b: Tapu Lele|34\/100\n|-enditem|p2b: Tapu Lele|Choice Scarf|[from] move: Knock Off|[of] p1a: Meowscarada\n|move|p2b: Tapu Lele|Moonblast|p1a: Meowscarada\n|-supereffective|p1a: Meowscarada\n|-damage|p1a: Meowscarada|0 fnt\n|faint|p1a: Meowscarada\n|move|p1b: Scizor|X-Scissor|p2b: Tapu Lele\n|-damage|p2b: Tapu Lele|0 fnt\n|faint|p2b: Tapu Lele\n|\n|upkeep\n|\n|t:|1698754914\n|switch|p1a: Tapu Koko|Tapu Koko|100\/100\n|switch|p2b: Armarouge|Armarouge, M|100\/100\n|-activate|p1a: Tapu Koko|move: Sticky Web\n|-unboost|p1a: Tapu Koko|spe|1\n|-fieldstart|move: Electric Terrain|[from] ability: Electric Surge|[of] p1a: Tapu Koko\n|turn|4\n|c|\u2606Okto481|welp\n|\n|t:|1698754944\n|detailschange|p2a: Gardevoir|Gardevoir-Mega, M\n|-mega|p2a: Gardevoir|Gardevoir|Gardevoirite\n|move|p1b: Scizor|Bullet Punch|p2a: Gardevoir\n|-supereffective|p2a: Gardevoir\n|-damage|p2a: Gardevoir|0 fnt\n|faint|p2a: Gardevoir\n|move|p2b: Armarouge|Armor Cannon|p1b: Scizor\n|-supereffective|p1b: Scizor\n|-damage|p1b: Scizor|0 fnt\n|-unboost|p2b: Armarouge|def|1\n|-unboost|p2b: Armarouge|spd|1\n|faint|p1b: Scizor\n|move|p1a: Tapu Koko|Light Screen|p1a: Tapu Koko\n|-sidestart|p1: AhiruChan|move: Light Screen\n|\n|upkeep\n|\n|t:|1698754953\n|switch|p2a: Gallade|Gallade, M|17\/100\n|switch|p1b: Sneasler|Sneasler, M|100\/100\n|-activate|p1b: Sneasler|move: Sticky Web\n|-unboost|p1b: Sneasler|spe|1\n|-enditem|p1b: Sneasler|Electric Seed\n|-boost|p1b: Sneasler|def|1|[from] item: Electric Seed\n|turn|5\n|\n|t:|1698754966\n|move|p1b: Sneasler|Fake Out|p2b: Armarouge\n|-damage|p2b: Armarouge|76\/100\n|-ability|p2b: Armarouge|Weak Armor|boost\n|-unboost|p2b: Armarouge|def|1\n|-boost|p2b: Armarouge|spe|2\n|cant|p2b: Armarouge|flinch\n|move|p2a: Gallade|Psycho Cut|p1b: Sneasler\n|-supereffective|p1b: Sneasler\n|-damage|p1b: Sneasler|0 fnt\n|faint|p1b: Sneasler\n|move|p1a: Tapu Koko|Volt Switch|p2a: Gallade\n|-damage|p2a: Gallade|0 fnt\n|faint|p2a: Gallade\n|\n|t:|1698754979\n|switch|p1a: Raichu|Raichu-Alola, F|100\/100|[from] Volt Switch\n|-activate|p1a: Raichu|move: Sticky Web\n|-unboost|p1a: Raichu|spe|1\n|\n|upkeep\n|\n|t:|1698754984\n|switch|p1b: Iron Valiant|Iron Valiant|100\/100\n|-activate|p1b: Iron Valiant|move: Sticky Web\n|-unboost|p1b: Iron Valiant|spe|1\n|-activate|p1b: Iron Valiant|ability: Quark Drive\n|-start|p1b: Iron Valiant|quarkdrivespa\n|turn|6\n|c|\u2606AhiruChan|gg wp\n|\n|t:|1698755003\n|move|p2b: Armarouge|Protect|p2b: Armarouge\n|-singleturn|p2b: Armarouge|Protect\n|move|p1a: Raichu|Fake Out|p2b: Armarouge\n|-activate|p2b: Armarouge|move: Protect\n|move|p1b: Iron Valiant|Thunderbolt|p2b: Armarouge\n|-activate|p2b: Armarouge|move: Protect\n|\n|upkeep\n|turn|7\n|\n|t:|1698755021\n|move|p2b: Armarouge|Expanding Force|p1b: Iron Valiant\n|-supereffective|p1b: Iron Valiant\n|-damage|p1b: Iron Valiant|0 fnt\n|faint|p1b: Iron Valiant\n|-end|p1b: Iron Valiant|Quark Drive|[silent]\n|move|p1a: Raichu|Rising Voltage|p2b: Armarouge\n|-hint|Rising Voltage's BP doubled on grounded target.\n|-crit|p2b: Armarouge\n|-damage|p2b: Armarouge|0 fnt\n|faint|p2b: Armarouge\n|\n|win|AhiruChan\n|c|\u2606Okto481|gg\n","uploadtime":1698755031,"views":17,"p1id":"ahiruchan","p2id":"okto481","formatid":"gen9nationaldexdoubles","rating":0,"private":0,"password":""}