{"id":"gen9nationaldexdoubles-1979121857","p1":"LunaStardew","p2":"Old McBruh","format":"[Gen 9] National Dex Doubles","log":"|j|\u2606LunaStardew\n|j|\u2606Old McBruh\n|t:|1698635134\n|gametype|doubles\n|player|p1|LunaStardew|guitarist|1216\n|player|p2|Old McBruh|colress|1510\n|teamsize|p1|6\n|teamsize|p2|6\n|gen|9\n|tier|[Gen 9] National Dex Doubles\n|rated|\n|rule|HP Percentage Mod: HP is shown in percentages\n|rule|Endless Battle Clause: Forcing endless battles is banned\n|rule|OHKO Clause: OHKO moves are banned\n|rule|Evasion Moves Clause: Evasion moves are banned\n|rule|Evasion Abilities Clause: Evasion abilities are banned\n|rule|Species Clause: Limit one of each Pok\u00e9mon\n|rule|Gravity Sleep Clause: The combination of sleep-inducing moves with imperfect accuracy and Gravity or Gigantamax Orbeetle are banned\n|clearpoke\n|poke|p1|Walking Wake|\n|poke|p1|Leafeon, F|\n|poke|p1|Houndoom, F|\n|poke|p1|Great Tusk|\n|poke|p1|Torkoal, F|\n|poke|p1|Togekiss, F|\n|poke|p2|Rillaboom, M|\n|poke|p2|Zamazenta-*|\n|poke|p2|Zygarde|\n|poke|p2|Whimsicott, M|\n|poke|p2|Chien-Pao|\n|poke|p2|Cresselia, F|\n|teampreview\n|c|\u2606Old McBruh|glhf\n|c|\u2606LunaStardew|glhf\n|\n|t:|1698635183\n|start\n|switch|p1a: Turtle|Torkoal, F|100\/100\n|switch|p1b: Table|Walking Wake|100\/100\n|switch|p2a: Zygarde|Zygarde|100\/100\n|switch|p2b: Whimsicott|Whimsicott, M|100\/100\n|-ability|p2a: Zygarde|Aura Break\n|-weather|SunnyDay|[from] ability: Drought|[of] p1a: Turtle\n|-activate|p1b: Table|ability: Protosynthesis\n|-start|p1b: Table|protosynthesisspe\n|turn|1\n|\n|t:|1698635221\n|move|p2a: Zygarde|Protect|p2a: Zygarde\n|-singleturn|p2a: Zygarde|Protect\n|move|p2b: Whimsicott|Tailwind|p2b: Whimsicott\n|-sidestart|p2: Old McBruh|move: Tailwind\n|move|p1b: Table|Draco Meteor|p2a: Zygarde\n|-activate|p2a: Zygarde|move: Protect\n|move|p1a: Turtle|Clear Smog|p2b: Whimsicott\n|-supereffective|p2b: Whimsicott\n|-damage|p2b: Whimsicott|45\/100\n|-clearboost|p2b: Whimsicott\n|\n|-weather|SunnyDay|[upkeep]\n|upkeep\n|turn|2\n|c|\u2606Old McBruh|Haven't seen Mega Houndoom sun in a while\n|\n|t:|1698635249\n|-terastallize|p2a: Zygarde|Normal\n|move|p2b: Whimsicott|Moonblast|p1b: Table\n|-supereffective|p1b: Table\n|-damage|p1b: Table|44\/100\n|move|p1b: Table|Draco Meteor|p2a: Zygarde\n|-damage|p2a: Zygarde|22\/100\n|-unboost|p1b: Table|spa|2\n|move|p2a: Zygarde|Dragon Dance|p2a: Zygarde\n|-boost|p2a: Zygarde|atk|1\n|-boost|p2a: Zygarde|spe|1\n|move|p1a: Turtle|Eruption|p2b: Whimsicott|[spread] p2a,p2b\n|-supereffective|p2b: Whimsicott\n|-damage|p2a: Zygarde|0 fnt\n|-damage|p2b: Whimsicott|0 fnt\n|faint|p2a: Zygarde\n|faint|p2b: Whimsicott\n|\n|-weather|SunnyDay|[upkeep]\n|upkeep\n|j| wkx6v587\n|\n|t:|1698635273\n|switch|p2b: Chien-Pao|Chien-Pao|100\/100\n|switch|p2a: Zamazenta|Zamazenta|100\/100\n|-ability|p2a: Zamazenta|Dauntless Shield|boost\n|-boost|p2a: Zamazenta|def|1\n|-ability|p2b: Chien-Pao|Sword of Ruin\n|turn|3\n|l| wkx6v587\n|c|\u2606LunaStardew|it seemed neat so i thought id try it\n|\n|t:|1698635323\n|-end|p1b: Table|Protosynthesis|[silent]\n|switch|p1b: bagel|Togekiss, F|100\/100\n|move|p2b: Chien-Pao|Protect|p2b: Chien-Pao\n|-singleturn|p2b: Chien-Pao|Protect\n|move|p2a: Zamazenta|Coaching|p2b: Chien-Pao\n|-boost|p2b: Chien-Pao|atk|1\n|-boost|p2b: Chien-Pao|def|1\n|move|p1a: Turtle|Will-O-Wisp|p2b: Chien-Pao\n|-activate|p2b: Chien-Pao|move: Protect\n|\n|-weather|SunnyDay|[upkeep]\n|upkeep\n|turn|4\n|\n|t:|1698635346\n|switch|p2a: Cresselia|Cresselia, F|100\/100\n|move|p1b: bagel|Follow Me|p1b: bagel\n|-singleturn|p1b: bagel|move: Follow Me\n|move|p2b: Chien-Pao|Icicle Crash|p1b: bagel\n|-supereffective|p1b: bagel\n|-damage|p1b: bagel|0 fnt\n|faint|p1b: bagel\n|move|p1a: Turtle|Will-O-Wisp|p2b: Chien-Pao\n|-status|p2b: Chien-Pao|brn\n|\n|-weather|SunnyDay|[upkeep]\n|-damage|p2b: Chien-Pao|95\/100 brn|[from] brn\n|-sideend|p2: Old McBruh|move: Tailwind\n|upkeep\n|\n|t:|1698635378\n|switch|p1b: Table|Walking Wake|44\/100\n|-activate|p1b: Table|ability: Protosynthesis\n|-start|p1b: Table|protosynthesisspe\n|turn|5\n|\n|t:|1698635395\n|switch|p1a: Girlypop|Houndoom, F|100\/100\n|move|p2b: Chien-Pao|Protect|p2b: Chien-Pao\n|-singleturn|p2b: Chien-Pao|Protect\n|move|p1b: Table|Weather Ball|p2b: Chien-Pao\n|-activate|p2b: Chien-Pao|move: Protect\n|move|p2a: Cresselia|Lunar Blessing|p2a: Cresselia|[spread] p2a,p2b\n|-heal|p2b: Chien-Pao|100\/100 brn\n|-curestatus|p2b: Chien-Pao|brn|[msg]\n|\n|-weather|SunnyDay|[upkeep]\n|upkeep\n|turn|6\n|\n|t:|1698635413\n|detailschange|p1a: Girlypop|Houndoom-Mega, F\n|-mega|p1a: Girlypop|Houndoom|Houndoominite\n|move|p2a: Cresselia|Ally Switch|p2a: Cresselia\n|swap|p2a: Cresselia|1|[from] move: Ally Switch\n|move|p1b: Table|Weather Ball|p2b: Cresselia\n|-damage|p2b: Cresselia|58\/100\n|move|p2a: Chien-Pao|Sacred Sword|p1a: Girlypop\n|-supereffective|p1a: Girlypop\n|-damage|p1a: Girlypop|0 fnt\n|faint|p1a: Girlypop\n|\n|-weather|SunnyDay|[upkeep]\n|upkeep\n|\n|t:|1698635424\n|switch|p1a: Triangle|Leafeon, F|100\/100\n|turn|7\n|\n|t:|1698635450\n|switch|p2b: Rillaboom|Rillaboom, M|100\/100\n|-fieldstart|move: Grassy Terrain|[from] ability: Grassy Surge|[of] p2b: Rillaboom\n|move|p2a: Chien-Pao|Protect|p2a: Chien-Pao\n|-singleturn|p2a: Chien-Pao|Protect\n|move|p1a: Triangle|Knock Off|p2b: Rillaboom\n|-crit|p2b: Rillaboom\n|-damage|p2b: Rillaboom|25\/100\n|-enditem|p2b: Rillaboom|Assault Vest|[from] move: Knock Off|[of] p1a: Triangle\n|move|p1b: Table|Weather Ball|p2b: Rillaboom\n|-supereffective|p2b: Rillaboom\n|-damage|p2b: Rillaboom|0 fnt\n|faint|p2b: Rillaboom\n|\n|-weather|SunnyDay|[upkeep]\n|-heal|p1b: Table|50\/100|[from] Grassy Terrain\n|upkeep\n|c|\u2606Old McBruh|understandable, Solar Power Mega Houndoom is powerful\n|\n|t:|1698635472\n|switch|p2b: Zamazenta|Zamazenta|100\/100\n|turn|8\n|\n|t:|1698635500\n|move|p2a: Chien-Pao|Sucker Punch|p1b: Table\n|-damage|p1b: Table|0 fnt\n|faint|p1b: Table\n|-end|p1b: Table|Protosynthesis|[silent]\n|-zpower|p1a: Triangle\n|move|p1a: Triangle|Bloom Doom|p2a: Chien-Pao|[zeffect]\n|-enditem|p2a: Chien-Pao|Focus Sash\n|-damage|p2a: Chien-Pao|1\/100\n|move|p2b: Zamazenta|Coaching|p2a: Chien-Pao\n|-boost|p2a: Chien-Pao|atk|1\n|-boost|p2a: Chien-Pao|def|1\n|\n|-weather|none\n|-heal|p2a: Chien-Pao|7\/100|[from] Grassy Terrain\n|upkeep\n|\n|t:|1698635512\n|switch|p1b: Turtle|Torkoal, F|100\/100\n|-weather|SunnyDay|[from] ability: Drought|[of] p1b: Turtle\n|turn|9\n|\n|t:|1698635530\n|move|p2a: Chien-Pao|Protect|p2a: Chien-Pao\n|-singleturn|p2a: Chien-Pao|Protect\n|move|p1a: Triangle|Solar Blade||[still]\n|-prepare|p1a: Triangle|Solar Blade\n|-anim|p1a: Triangle|Solar Blade|p2b: Zamazenta\n|-damage|p2b: Zamazenta|2\/100\n|move|p2b: Zamazenta|Body Press|p1b: Turtle\n|-damage|p1b: Turtle|79\/100\n|move|p1b: Turtle|Eruption|p2b: Zamazenta|[spread] p2b\n|-activate|p2a: Chien-Pao|move: Protect\n|-damage|p2b: Zamazenta|0 fnt\n|faint|p2b: Zamazenta\n|\n|-weather|SunnyDay|[upkeep]\n|-heal|p2a: Chien-Pao|13\/100|[from] Grassy Terrain\n|-heal|p1b: Turtle|85\/100|[from] Grassy Terrain\n|upkeep\n|j| wkx6v587\n|\n|t:|1698635539\n|switch|p2b: Cresselia|Cresselia, F|58\/100\n|turn|10\n|c|\u2606Old McBruh|gg\n|l| wkx6v587\n|\n|t:|1698635558\n|move|p2b: Cresselia|Ally Switch|p2b: Cresselia\n|swap|p2b: Cresselia|0|[from] move: Ally Switch\n|move|p2b: Chien-Pao|Sucker Punch|p1b: Turtle\n|-damage|p1b: Turtle|34\/100\n|move|p1a: Triangle|Solar Blade||[still]\n|-prepare|p1a: Triangle|Solar Blade\n|-anim|p1a: Triangle|Solar Blade|p2a: Cresselia\n|-damage|p2a: Cresselia|0 fnt\n|faint|p2a: Cresselia\n|move|p1b: Turtle|Eruption|p2b: Chien-Pao\n|-supereffective|p2b: Chien-Pao\n|-damage|p2b: Chien-Pao|0 fnt\n|faint|p2b: Chien-Pao\n|\n|win|LunaStardew\n|raw|LunaStardew's rating: 1216 &rarr; <strong>1258<\/strong><br \/>(+42 for winning)\n|raw|Old McBruh's rating: 1510 &rarr; <strong>1476<\/strong><br \/>(-34 for losing)\n|c|\u2606LunaStardew|gg\n","uploadtime":1698635568,"views":21,"p1id":"lunastardew","p2id":"oldmcbruh","formatid":"gen9nationaldexdoubles","rating":1258,"private":0,"password":""}