{"id":"gen9nationaldexdoubles-1993041466","p1":"jokingdraco","p2":"zeref203","format":"[Gen 9] National Dex Doubles","log":"|j|\u2606jokingdraco\n|j|\u2606zeref203\n|t:|1700258319\n|gametype|doubles\n|player|p1|jokingdraco|harlequin|1121\n|player|p2|zeref203|102|1225\n|teamsize|p1|6\n|teamsize|p2|6\n|gen|9\n|tier|[Gen 9] National Dex Doubles\n|rated|\n|rule|HP Percentage Mod: HP is shown in percentages\n|rule|Endless Battle Clause: Forcing endless battles is banned\n|rule|OHKO Clause: OHKO moves are banned\n|rule|Evasion Moves Clause: Evasion moves are banned\n|rule|Evasion Abilities Clause: Evasion abilities are banned\n|rule|Species Clause: Limit one of each Pok\u00e9mon\n|rule|Gravity Sleep Clause: The combination of sleep-inducing moves with imperfect accuracy and Gravity or Gigantamax Orbeetle are banned\n|clearpoke\n|poke|p1|Whimsicott, F|\n|poke|p1|Lucario, F|\n|poke|p1|Dracovish|\n|poke|p1|Dragapult, F|\n|poke|p1|Gastrodon, M|\n|poke|p1|Shiftry, M|\n|poke|p2|Feraligatr, F|\n|poke|p2|Krookodile, F|\n|poke|p2|Sandaconda, F|\n|poke|p2|Iron Valiant|\n|poke|p2|Medicham, M|\n|poke|p2|Buzzwole|\n|teampreview\n|inactive|Battle timer is ON: inactive players will automatically lose when time's up. (requested by zeref203)\n|\n|t:|1700258328\n|start\n|switch|p1a: Whimsicott|Whimsicott, F|100\/100\n|switch|p1b: Lucario|Lucario, F|100\/100\n|switch|p2a: Medicham|Medicham, M|100\/100\n|switch|p2b: Boa|Sandaconda, F|100\/100\n|turn|1\n|\n|t:|1700258355\n|move|p1b: Lucario|Detect|p1b: Lucario\n|-singleturn|p1b: Lucario|Protect\n|move|p2a: Medicham|Fake Out|p1a: Whimsicott\n|-damage|p1a: Whimsicott|81\/100\n|-enditem|p1a: Whimsicott|Eject Button\n|inactive|jokingdraco has 120 seconds left.\n|\n|t:|1700258371\n|switch|p1a: Dragapult|Dragapult, F|100\/100\n|move|p2b: Boa|Stealth Rock|p1a: Dragapult\n|-sidestart|p1: jokingdraco|move: Stealth Rock\n|\n|upkeep\n|turn|2\n|inactive|jokingdraco has 120 seconds left.\n|\n|t:|1700258400\n|detailschange|p2a: Medicham|Medicham-Mega, M\n|-mega|p2a: Medicham|Medicham|Medichamite\n|move|p1a: Dragapult|Reflect|p1a: Dragapult\n|-sidestart|p1: jokingdraco|Reflect\n|move|p2a: Medicham|Drain Punch|p1b: Lucario\n|-supereffective|p1b: Lucario\n|-damage|p1b: Lucario|0 fnt\n|faint|p1b: Lucario\n|move|p2b: Boa|Scale Shot|p1a: Dragapult\n|-supereffective|p1a: Dragapult\n|-damage|p1a: Dragapult|86\/100\n|-supereffective|p1a: Dragapult\n|-damage|p1a: Dragapult|71\/100\n|-supereffective|p1a: Dragapult\n|-damage|p1a: Dragapult|56\/100\n|-supereffective|p1a: Dragapult\n|-damage|p1a: Dragapult|40\/100\n|-supereffective|p1a: Dragapult\n|-damage|p1a: Dragapult|26\/100\n|-hitcount|p1a: Dragapult|5\n|-unboost|p2b: Boa|def|1\n|-boost|p2b: Boa|spe|1\n|\n|upkeep\n|\n|t:|1700258420\n|switch|p1b: Whimsicott|Whimsicott, F|81\/100\n|-damage|p1b: Whimsicott|69\/100|[from] Stealth Rock\n|turn|3\n|inactive|jokingdraco has 120 seconds left.\n|\n|t:|1700258434\n|move|p1b: Whimsicott|Tailwind|p1b: Whimsicott\n|-sidestart|p1: jokingdraco|move: Tailwind\n|move|p2a: Medicham|Bullet Punch|p1b: Whimsicott\n|-supereffective|p1b: Whimsicott\n|-damage|p1b: Whimsicott|30\/100\n|move|p1a: Dragapult|Dragon Darts|p2a: Medicham\n|-damage|p2a: Medicham|64\/100\n|-anim|p1a: Dragapult|Dragon Darts|p2b: Boa\n|-damage|p2b: Boa|69\/100\n|-weather|Sandstorm|[from] ability: Sand Spit|[of] p2b: Boa\n|move|p2b: Boa|Scale Shot|p1a: Dragapult\n|-supereffective|p1a: Dragapult\n|-damage|p1a: Dragapult|11\/100\n|-supereffective|p1a: Dragapult\n|-damage|p1a: Dragapult|0 fnt\n|faint|p1a: Dragapult\n|-hitcount|p1: Dragapult|2\n|-unboost|p2b: Boa|def|1\n|-boost|p2b: Boa|spe|1\n|\n|-weather|Sandstorm|[upkeep]\n|-damage|p1b: Whimsicott|23\/100|[from] Sandstorm\n|-damage|p2a: Medicham|58\/100|[from] Sandstorm\n|upkeep\n|inactive|jokingdraco has 120 seconds left.\n|\n|t:|1700258454\n|switch|p1a: Dracovish|Dracovish|100\/100\n|-damage|p1a: Dracovish|88\/100|[from] Stealth Rock\n|turn|4\n|inactive|jokingdraco has 120 seconds left.\n|\n|t:|1700258477\n|move|p2a: Medicham|Bullet Punch|p1b: Whimsicott\n|-supereffective|p1b: Whimsicott\n|-damage|p1b: Whimsicott|0 fnt\n|faint|p1b: Whimsicott\n|move|p1a: Dracovish|Fishious Rend|p2a: Medicham\n|-damage|p2a: Medicham|0 fnt\n|faint|p2a: Medicham\n|move|p2b: Boa|Scale Shot|p1a: Dracovish|[miss]\n|-miss|p2b: Boa|p1a: Dracovish\n|\n|-weather|Sandstorm|[upkeep]\n|-damage|p1a: Dracovish|82\/100|[from] Sandstorm\n|upkeep\n|\n|t:|1700258489\n|switch|p1b: Shiftry|Shiftry, M|100\/100\n|switch|p2a: Mosquibro|Buzzwole|100\/100\n|-damage|p1b: Shiftry|88\/100|[from] Stealth Rock\n|-ability|p1b: Shiftry|Wind Rider|boost\n|-boost|p1b: Shiftry|atk|1\n|turn|5\n|\n|t:|1700258515\n|-terastallize|p2a: Mosquibro|Flying\n|move|p1b: Shiftry|Leaf Blade|p2b: Boa\n|-supereffective|p2b: Boa\n|-damage|p2b: Boa|0 fnt\n|faint|p2b: Boa\n|move|p1a: Dracovish|Fishious Rend|p2a: Mosquibro\n|-damage|p2a: Mosquibro|0 fnt\n|faint|p2a: Mosquibro\n|\n|-weather|Sandstorm|[upkeep]\n|-damage|p1b: Shiftry|82\/100|[from] Sandstorm\n|-damage|p1a: Dracovish|76\/100|[from] Sandstorm\n|upkeep\n|\n|t:|1700258527\n|switch|p2a: Flawda man|Iron Valiant|100\/100\n|switch|p2b: Gatrbait|Feraligatr, F|100\/100\n|-enditem|p2a: Flawda man|Booster Energy\n|-activate|p2a: Flawda man|ability: Quark Drive|[fromitem]\n|-start|p2a: Flawda man|quarkdrivespe\n|turn|6\n|\n|t:|1700258541\n|move|p1b: Shiftry|Leaf Blade|p2b: Gatrbait\n|-supereffective|p2b: Gatrbait\n|-crit|p2b: Gatrbait\n|-damage|p2b: Gatrbait|0 fnt\n|faint|p2b: Gatrbait\n|move|p2a: Flawda man|Dazzling Gleam|p1b: Shiftry|[spread] p1a,p1b\n|-supereffective|p1a: Dracovish\n|-supereffective|p1b: Shiftry\n|-damage|p1a: Dracovish|0 fnt\n|-damage|p1b: Shiftry|0 fnt\n|faint|p1a: Dracovish\n|faint|p1b: Shiftry\n|\n|-weather|Sandstorm|[upkeep]\n|-damage|p2a: Flawda man|94\/100|[from] Sandstorm\n|-sideend|p1: jokingdraco|move: Tailwind\n|upkeep\n|\n|t:|1700258561\n|switch|p1b: Gastrodon|Gastrodon, M|100\/100\n|switch|p2b: Krikey|Krookodile, F|100\/100\n|-damage|p1b: Gastrodon|94\/100|[from] Stealth Rock\n|turn|7\n|\n|t:|1700258572\n|move|p2b: Krikey|Protect|p2b: Krikey\n|-singleturn|p2b: Krikey|Protect\n|move|p2a: Flawda man|Dazzling Gleam|p1b: Gastrodon\n|-damage|p1b: Gastrodon|57\/100\n|move|p1b: Gastrodon|Scald|p2a: Flawda man\n|-damage|p2a: Flawda man|57\/100\n|-status|p2a: Flawda man|brn\n|\n|-weather|none\n|-damage|p2a: Flawda man|50\/100 brn|[from] brn\n|upkeep\n|turn|8\n|\n|t:|1700258587\n|move|p2a: Flawda man|Protect|p2a: Flawda man\n|-singleturn|p2a: Flawda man|Protect\n|move|p2b: Krikey|Brick Break|p1b: Gastrodon\n|-sideend|p1: jokingdraco|Reflect\n|-damage|p1b: Gastrodon|43\/100\n|move|p1b: Gastrodon|Scald|p2b: Krikey\n|-supereffective|p2b: Krikey\n|-damage|p2b: Krikey|47\/100\n|\n|-damage|p2a: Flawda man|44\/100 brn|[from] brn\n|upkeep\n|turn|9\n|\n|t:|1700258610\n|move|p2a: Flawda man|Destiny Bond|p2a: Flawda man\n|-singlemove|p2a: Flawda man|Destiny Bond\n|move|p2b: Krikey|Crunch|p1b: Gastrodon\n|-damage|p1b: Gastrodon|19\/100\n|move|p1b: Gastrodon|Recover|p1b: Gastrodon\n|-heal|p1b: Gastrodon|69\/100\n|\n|-damage|p2a: Flawda man|38\/100 brn|[from] brn\n|upkeep\n|turn|10\n|j| RenzoTheDestroyer\n|\n|t:|1700258626\n|move|p2a: Flawda man|Dazzling Gleam|p1b: Gastrodon\n|-damage|p1b: Gastrodon|31\/100\n|move|p2b: Krikey|Crunch|p1b: Gastrodon\n|-damage|p1b: Gastrodon|8\/100\n|move|p1b: Gastrodon|Recover|p1b: Gastrodon\n|-heal|p1b: Gastrodon|58\/100\n|\n|-damage|p2a: Flawda man|32\/100 brn|[from] brn\n|upkeep\n|turn|11\n|\n|t:|1700258637\n|move|p2a: Flawda man|Dazzling Gleam|p1b: Gastrodon\n|-damage|p1b: Gastrodon|25\/100\n|move|p2b: Krikey|Crunch|p1b: Gastrodon\n|-damage|p1b: Gastrodon|0 fnt\n|faint|p1b: Gastrodon\n|\n|win|zeref203\n|raw|jokingdraco's rating: 1121 &rarr; <strong>1103<\/strong><br \/>(-18 for losing)\n|raw|zeref203's rating: 1225 &rarr; <strong>1243<\/strong><br \/>(+18 for winning)\n|c|\u2606jokingdraco|gg\n|l|\u2606jokingdraco\n","uploadtime":1700258725,"views":5,"p1id":"jokingdraco","p2id":"zeref203","formatid":"gen9nationaldexdoubles","rating":1103,"private":0,"password":""}