{"id":"gen9nationaldexdoubles-1999348605","p1":"specner4","p2":"cubzz","format":"[Gen 9] National Dex Doubles","log":"|j|\u2606specner4\n|j|\u2606cubzz\n|t:|1701064453\n|gametype|doubles\n|player|p1|specner4|265|\n|player|p2|cubzz|pokekid|\n|teamsize|p1|6\n|teamsize|p2|6\n|gen|9\n|tier|[Gen 9] National Dex Doubles\n|rule|HP Percentage Mod: HP is shown in percentages\n|rule|Endless Battle Clause: Forcing endless battles is banned\n|rule|OHKO Clause: OHKO moves are banned\n|rule|Evasion Moves Clause: Evasion moves are banned\n|rule|Evasion Abilities Clause: Evasion abilities are banned\n|rule|Species Clause: Limit one of each Pok\u00e9mon\n|rule|Gravity Sleep Clause: The combination of sleep-inducing moves with imperfect accuracy and Gravity or Gigantamax Orbeetle are banned\n|rule|Item Clause: Limit one of each item\n|clearpoke\n|poke|p1|Toedscruel, F|\n|poke|p1|Cetitan, M|\n|poke|p1|Abomasnow, M|\n|poke|p1|Trevenant, F|\n|poke|p1|Slither Wing|\n|poke|p1|Lilligant-Hisui, F|\n|poke|p2|Slowbro-Galar, M|\n|poke|p2|Dachsbun, F|\n|poke|p2|Toucannon, F|\n|poke|p2|Stoutland, M|\n|poke|p2|Unown-S|\n|poke|p2|Togedemaru, M|\n|teampreview|4\n|j| BROCKISAROCK\n|\n|t:|1701064479\n|start\n|switch|p1a: Toedscruel|Toedscruel, F|100\/100\n|switch|p1b: Trevenant|Trevenant, F|100\/100\n|switch|p2a: Known|Unown-S|100\/100\n|switch|p2b: Slowguy|Slowbro-Galar, M|100\/100\n|-item|p2a: Known|Expert Belt|[from] ability: Frisk|[of] p1b: Trevenant|[identify]\n|-item|p2b: Slowguy|Ability Shield|[from] ability: Frisk|[of] p1b: Trevenant|[identify]\n|turn|1\n|j| Whaleu\n|j| Felis Regalis\n|\n|t:|1701064500\n|move|p1a: Toedscruel|Rage Powder|p1a: Toedscruel\n|-singleturn|p1a: Toedscruel|move: Rage Powder\n|move|p1b: Trevenant|Sunny Day|p1b: Trevenant\n|-weather|SunnyDay\n|move|p2a: Known|Hidden Power|p1a: Toedscruel\n|-damage|p1a: Toedscruel|90\/100\n|move|p2b: Slowguy|Metronome|p2b: Slowguy\n|move|p2b: Slowguy|Last Respects|p1a: Toedscruel|[from]move: Metronome\n|-crit|p1a: Toedscruel\n|-damage|p1a: Toedscruel|66\/100\n|\n|-weather|SunnyDay|[upkeep]\n|upkeep\n|turn|2\n|j| prophetofsnacc\n|\n|t:|1701064557\n|switch|p1a: Lilligant|Lilligant-Hisui, F|100\/100\n|move|p1b: Trevenant|Poltergeist|p2b: Slowguy\n|-activate|p2b: Slowguy|move: Poltergeist|Ability Shield\n|-supereffective|p2b: Slowguy\n|-damage|p2b: Slowguy|0 fnt\n|faint|p2b: Slowguy\n|move|p2a: Known|Hidden Power|p1a: Lilligant\n|-damage|p1a: Lilligant|78\/100\n|\n|-weather|SunnyDay|[upkeep]\n|upkeep\n|l| prophetofsnacc\n|\n|t:|1701064571\n|switch|p2b: Mr RollyPollyOlly|Togedemaru, M|100\/100\n|turn|3\n|j| prophetofsnacc\n|l| prophetofsnacc\n|\n|t:|1701064586\n|move|p1a: Lilligant|Victory Dance|p1a: Lilligant\n|-boost|p1a: Lilligant|atk|1\n|-boost|p1a: Lilligant|def|1\n|-boost|p1a: Lilligant|spe|1\n|move|p2b: Mr RollyPollyOlly|Nuzzle|p1b: Trevenant\n|-resisted|p1b: Trevenant\n|-damage|p1b: Trevenant|96\/100\n|-status|p1b: Trevenant|par\n|move|p2a: Known|Hidden Power|p1a: Lilligant\n|-damage|p1a: Lilligant|54\/100\n|cant|p1b: Trevenant|par\n|\n|-weather|SunnyDay|[upkeep]\n|upkeep\n|turn|4\n|\n|t:|1701064618\n|move|p1a: Lilligant|Close Combat|p2b: Mr RollyPollyOlly\n|-supereffective|p2b: Mr RollyPollyOlly\n|-damage|p2b: Mr RollyPollyOlly|0 fnt\n|-unboost|p1a: Lilligant|def|1\n|-unboost|p1a: Lilligant|spd|1\n|-damage|p1a: Lilligant|41\/100|[from] ability: Iron Barbs|[of] p2b: Mr RollyPollyOlly\n|faint|p2b: Mr RollyPollyOlly\n|-damage|p1a: Lilligant|31\/100|[from] item: Life Orb\n|move|p2a: Known|Hidden Power|p1a: Lilligant\n|-damage|p1a: Lilligant|0 fnt\n|faint|p1a: Lilligant\n|move|p1b: Trevenant|Poltergeist|p2a: Known\n|-activate|p2a: Known|move: Poltergeist|Expert Belt\n|-supereffective|p2a: Known\n|-damage|p2a: Known|0 fnt\n|faint|p2a: Known\n|\n|-weather|SunnyDay|[upkeep]\n|upkeep\n|\n|t:|1701064642\n|switch|p1a: Slither Wing|Slither Wing|100\/100\n|switch|p2a: moomoos|Dachsbun, F|100\/100\n|-activate|p1a: Slither Wing|ability: Protosynthesis\n|-start|p1a: Slither Wing|protosynthesisatk\n|turn|5\n|\n|t:|1701064667\n|move|p1a: Slither Wing|First Impression|p2a: moomoos\n|-resisted|p2a: moomoos\n|-damage|p2a: moomoos|63\/100\n|move|p2a: moomoos|Dig||[still]\n|-prepare|p2a: moomoos|Dig\n|move|p1b: Trevenant|Wood Hammer|p2a: moomoos|[miss]\n|-miss|p1b: Trevenant|p2a: moomoos\n|\n|-weather|none\n|-end|p1a: Slither Wing|Protosynthesis\n|-heal|p2a: moomoos|69\/100|[from] item: Leftovers\n|upkeep\n|turn|6\n|\n|t:|1701064708\n|move|p2a: moomoos|Dig|p2: Mr RollyPollyOlly|[from]lockedmove|[notarget]\n|-fail|p2a: moomoos\n|move|p1a: Slither Wing|Zen Headbutt|p2a: moomoos\n|-damage|p2a: moomoos|32\/100\n|move|p1b: Trevenant|Sunny Day|p1b: Trevenant\n|-weather|SunnyDay\n|-activate|p1a: Slither Wing|ability: Protosynthesis\n|-start|p1a: Slither Wing|protosynthesisatk\n|\n|-weather|SunnyDay|[upkeep]\n|-heal|p2a: moomoos|38\/100|[from] item: Leftovers\n|upkeep\n|turn|7\n|\n|t:|1701064724\n|move|p2a: moomoos|Dig||[still]\n|-prepare|p2a: moomoos|Dig\n|move|p1a: Slither Wing|Zen Headbutt|p2a: moomoos|[miss]\n|-miss|p1a: Slither Wing|p2a: moomoos\n|move|p1b: Trevenant|Wood Hammer|p2a: moomoos|[miss]\n|-miss|p1b: Trevenant|p2a: moomoos\n|\n|-weather|SunnyDay|[upkeep]\n|-heal|p2a: moomoos|44\/100|[from] item: Leftovers\n|upkeep\n|turn|8\n|\n|t:|1701064736\n|move|p2a: moomoos|Dig|p2: Mr RollyPollyOlly|[from]lockedmove|[notarget]\n|-fail|p2a: moomoos\n|move|p1a: Slither Wing|Zen Headbutt|p2a: moomoos\n|-damage|p2a: moomoos|0 fnt\n|faint|p2a: moomoos\n|\n|win|specner4\n|l|\u2606cubzz\n","uploadtime":1701064758,"views":1,"p1id":"specner4","p2id":"cubzz","formatid":"gen9nationaldexdoubles","rating":0,"private":0,"password":""}