{"id":"gen9nationaldexdoubles-1949208121","p1":"Cad48","p2":"Fnafnightmare","format":"[Gen 9] National Dex Doubles","log":"|j|\u2606Cad48\n|j|\u2606Fnafnightmare\n|t:|1695335408\n|gametype|doubles\n|player|p1|Cad48|thorton|\n|player|p2|Fnafnightmare|red|\n|teamsize|p1|6\n|teamsize|p2|6\n|gen|9\n|tier|[Gen 9] National Dex Doubles\n|rule|HP Percentage Mod: HP is shown in percentages\n|rule|Endless Battle Clause: Forcing endless battles is banned\n|rule|OHKO Clause: OHKO moves are banned\n|rule|Evasion Moves Clause: Evasion moves are banned\n|rule|Evasion Abilities Clause: Evasion abilities are banned\n|rule|Species Clause: Limit one of each Pok\u00e9mon\n|rule|Gravity Sleep Clause: The combination of sleep-inducing moves with imperfect accuracy and Gravity or Gigantamax Orbeetle are banned\n|clearpoke\n|poke|p1|Indeedee-F, F|\n|poke|p1|Bronzong|\n|poke|p1|Hatterene, F|\n|poke|p1|Armarouge, F|\n|poke|p1|Rabsca, F|\n|poke|p1|Oranguru, F|\n|poke|p2|Iron Valiant|\n|poke|p2|Tinkaton, F|\n|poke|p2|Meowscarada, M|\n|poke|p2|Quaquaval, M|\n|poke|p2|Charizard, M|\n|poke|p2|Scizor, F|\n|teampreview\n|\n|t:|1695335416\n|start\n|switch|p1a: Indeedee|Indeedee-F, F|100\/100\n|switch|p1b: Bronzong|Bronzong|100\/100\n|switch|p2a: Iron Valiant|Iron Valiant|100\/100\n|switch|p2b: Quaquaval|Quaquaval, M|100\/100\n|-fieldstart|move: Psychic Terrain|[from] ability: Psychic Surge|[of] p1a: Indeedee\n|-enditem|p2a: Iron Valiant|Booster Energy\n|-activate|p2a: Iron Valiant|ability: Quark Drive|[fromitem]\n|-start|p2a: Iron Valiant|quarkdriveatk\n|turn|1\n|\n|t:|1695335427\n|move|p1a: Indeedee|Protect|p1a: Indeedee\n|-singleturn|p1a: Indeedee|Protect\n|move|p2a: Iron Valiant|Night Slash|p1a: Indeedee\n|-activate|p1a: Indeedee|move: Protect\n|move|p2b: Quaquaval|Ice Spinner|p1a: Indeedee\n|-activate|p1a: Indeedee|move: Protect\n|move|p1b: Bronzong|Trick Room|p1b: Bronzong\n|-fieldstart|move: Trick Room|[of] p1b: Bronzong\n|\n|upkeep\n|turn|2\n|\n|t:|1695335447\n|-terastallize|p2a: Iron Valiant|Steel\n|move|p1b: Bronzong|Reflect|p1b: Bronzong\n|-sidestart|p1: Cad48|Reflect\n|move|p1a: Indeedee|Expanding Force|p2b: Quaquaval|[spread] p2a,p2b\n|-resisted|p2a: Iron Valiant\n|-supereffective|p2b: Quaquaval\n|-damage|p2a: Iron Valiant|73\/100\n|-damage|p2b: Quaquaval|0 fnt\n|faint|p2b: Quaquaval\n|move|p2a: Iron Valiant|Trick Room|p2a: Iron Valiant\n|-fieldend|move: Trick Room\n|\n|upkeep\n|\n|t:|1695335472\n|switch|p2b: Charizard|Charizard, M, shiny|100\/100\n|turn|3\n|\n|t:|1695335480\n|move|p2b: Charizard|Flamethrower|p1b: Bronzong\n|-supereffective|p1b: Bronzong\n|-damage|p1b: Bronzong|40\/100\n|move|p2a: Iron Valiant|Night Slash|p1a: Indeedee\n|-supereffective|p1a: Indeedee\n|-damage|p1a: Indeedee|37\/100\n|move|p1a: Indeedee|Expanding Force|p2b: Charizard|[spread] p2a,p2b\n|-resisted|p2a: Iron Valiant\n|-damage|p2a: Iron Valiant|45\/100\n|-damage|p2b: Charizard|56\/100\n|move|p1b: Bronzong|Trick Room|p1b: Bronzong\n|-fieldstart|move: Trick Room|[of] p1b: Bronzong\n|\n|upkeep\n|turn|4\n|\n|t:|1695335511\n|move|p1b: Bronzong|Light Screen|p1b: Bronzong\n|-sidestart|p1: Cad48|move: Light Screen\n|move|p1a: Indeedee|Expanding Force|p2b: Charizard|[spread] p2a,p2b\n|-resisted|p2a: Iron Valiant\n|-damage|p2a: Iron Valiant|19\/100\n|-damage|p2b: Charizard|7\/100\n|move|p2a: Iron Valiant|Night Slash|p1a: Indeedee\n|-supereffective|p1a: Indeedee\n|-damage|p1a: Indeedee|0 fnt\n|faint|p1a: Indeedee\n|move|p2b: Charizard|Flamethrower|p1b: Bronzong\n|-supereffective|p1b: Bronzong\n|-damage|p1b: Bronzong|0 fnt\n|faint|p1b: Bronzong\n|\n|upkeep\n|\n|t:|1695335525\n|switch|p1b: Armarouge|Armarouge, F|100\/100\n|switch|p1a: Hatterene|Hatterene, F|100\/100\n|turn|5\n|\n|t:|1695335534\n|move|p1a: Hatterene|Expanding Force|p2a: Iron Valiant|[spread] p2a,p2b\n|-resisted|p2a: Iron Valiant\n|-damage|p2a: Iron Valiant|0 fnt\n|-damage|p2b: Charizard|0 fnt\n|faint|p2a: Iron Valiant\n|-end|p2a: Iron Valiant|Quark Drive|[silent]\n|faint|p2b: Charizard\n|move|p1b: Armarouge|Expanding Force|p2: Iron Valiant|[notarget]\n|-fail|p1b: Armarouge\n|\n|upkeep\n|\n|t:|1695335542\n|switch|p2a: Tinkaton|Tinkaton, F|100\/100\n|switch|p2b: Meowscarada|Meowscarada, M, shiny|100\/100\n|-ability|p2a: Tinkaton|Mold Breaker\n|turn|6\n|\n|t:|1695335550\n|move|p2a: Tinkaton|Protect|p2a: Tinkaton\n|-singleturn|p2a: Tinkaton|Protect\n|move|p1a: Hatterene|Dazzling Gleam|p2b: Meowscarada|[spread] p2b\n|-activate|p2a: Tinkaton|move: Protect\n|-supereffective|p2b: Meowscarada\n|-damage|p2b: Meowscarada|9\/100\n|move|p1b: Armarouge|Armor Cannon|p2a: Tinkaton\n|-activate|p2a: Tinkaton|move: Protect\n|move|p2b: Meowscarada|Trick Room|p2b: Meowscarada\n|-start|p2b: Meowscarada|typechange|Psychic|[from] ability: Protean\n|-fieldend|move: Trick Room\n|\n|upkeep\n|turn|7\n|\n|t:|1695335584\n|move|p2b: Meowscarada|Night Slash|p1b: Armarouge\n|-supereffective|p1b: Armarouge\n|-damage|p1b: Armarouge|73\/100\n|move|p2a: Tinkaton|Gigaton Hammer|p1a: Hatterene\n|-supereffective|p1a: Hatterene\n|-damage|p1a: Hatterene|28\/100\n|move|p1b: Armarouge|Armor Cannon|p2a: Tinkaton\n|-supereffective|p2a: Tinkaton\n|-damage|p2a: Tinkaton|0 fnt\n|-unboost|p1b: Armarouge|def|1\n|-unboost|p1b: Armarouge|spd|1\n|faint|p2a: Tinkaton\n|-damage|p1b: Armarouge|63\/100|[from] item: Life Orb\n|move|p1a: Hatterene|Expanding Force|p2b: Meowscarada\n|-resisted|p2b: Meowscarada\n|-damage|p2b: Meowscarada|0 fnt\n|faint|p2b: Meowscarada\n|\n|upkeep\n|\n|t:|1695335592\n|switch|p2b: Scizor|Scizor, F|100\/100\n|turn|8\n|\n|t:|1695335606\n|detailschange|p2b: Scizor|Scizor-Mega, F\n|-mega|p2b: Scizor|Scizor|Scizorite\n|-terastallize|p1a: Hatterene|Fire\n|move|p2b: Scizor|Bug Bite|p1b: Armarouge\n|-damage|p1b: Armarouge|14\/100\n|move|p1b: Armarouge|Armor Cannon|p2b: Scizor\n|-supereffective|p2b: Scizor\n|-damage|p2b: Scizor|0 fnt\n|-unboost|p1b: Armarouge|def|1\n|-unboost|p1b: Armarouge|spd|1\n|faint|p2b: Scizor\n|-damage|p1b: Armarouge|4\/100|[from] item: Life Orb\n|\n|win|Cad48\n|l|\u2606Cad48\n","uploadtime":1695335630,"views":7,"p1id":"cad48","p2id":"fnafnightmare","formatid":"gen9nationaldexdoubles","rating":0,"private":0,"password":""}