{"id":"gen9nationaldexdoubles-1968276523","p1":"Bielpelo","p2":"LightNovas","format":"[Gen 9] National Dex Doubles","log":"|j|\u2606Bielpelo\n|j|\u2606LightNovas\n|t:|1697401500\n|gametype|doubles\n|player|p1|Bielpelo|steven|1361\n|player|p2|LightNovas|cynthia|1179\n|teamsize|p1|6\n|teamsize|p2|6\n|gen|9\n|tier|[Gen 9] National Dex Doubles\n|rated|\n|rule|HP Percentage Mod: HP is shown in percentages\n|rule|Endless Battle Clause: Forcing endless battles is banned\n|rule|OHKO Clause: OHKO moves are banned\n|rule|Evasion Moves Clause: Evasion moves are banned\n|rule|Evasion Abilities Clause: Evasion abilities are banned\n|rule|Species Clause: Limit one of each Pok\u00e9mon\n|rule|Gravity Sleep Clause: The combination of sleep-inducing moves with imperfect accuracy and Gravity or Gigantamax Orbeetle are banned\n|clearpoke\n|poke|p1|Stakataka|\n|poke|p1|Perrserker, M|\n|poke|p1|Heatran, M|\n|poke|p1|Jirachi|\n|poke|p1|Scizor, F|\n|poke|p1|Togedemaru, L1, M|\n|poke|p2|Torkoal, M|\n|poke|p2|Ninetales-Alola, F|\n|poke|p2|Slowking, F|\n|poke|p2|Pelipper, F|\n|poke|p2|Dragonite, F|\n|poke|p2|Ogerpon-Wellspring, F|\n|teampreview\n|\n|t:|1697401526\n|start\n|switch|p1a: Esta\u00f1o|Stakataka, shiny|100\/100\n|switch|p1b: Hafnio|Heatran, M, shiny|100\/100\n|switch|p2a: Wildcard|Dragonite, F|100\/100\n|switch|p2b: toliet bird|Pelipper, F|100\/100\n|-weather|RainDance|[from] ability: Drizzle|[of] p2b: toliet bird\n|turn|1\n|\n|t:|1697401538\n|-terastallize|p1b: Hafnio|Grass\n|move|p2a: Wildcard|Weather Ball|p1a: Esta\u00f1o\n|-supereffective|p1a: Esta\u00f1o\n|-damage|p1a: Esta\u00f1o|0 fnt\n|faint|p1a: Esta\u00f1o\n|move|p2b: toliet bird|Weather Ball|p1b: Hafnio\n|-resisted|p1b: Hafnio\n|-damage|p1b: Hafnio|84\/100\n|move|p1b: Hafnio|Power Gem|p2a: Wildcard\n|-supereffective|p2a: Wildcard\n|-damage|p2a: Wildcard|72\/100\n|\n|-weather|RainDance|[upkeep]\n|upkeep\n|\n|t:|1697401548\n|switch|p1a: Iritrio|Jirachi|100\/100\n|turn|2\n|\n|t:|1697401554\n|move|p2b: toliet bird|Protect|p2b: toliet bird\n|-singleturn|p2b: toliet bird|Protect\n|move|p2a: Wildcard|Hurricane|p1b: Hafnio\n|-supereffective|p1b: Hafnio\n|-damage|p1b: Hafnio|29\/100\n|-start|p1b: Hafnio|confusion\n|-activate|p1b: Hafnio|confusion\n|move|p1b: Hafnio|Power Gem|p2a: Wildcard\n|-supereffective|p2a: Wildcard\n|-damage|p2a: Wildcard|13\/100\n|move|p1a: Iritrio|Trick Room|p1a: Iritrio\n|-fieldstart|move: Trick Room|[of] p1a: Iritrio\n|\n|-weather|RainDance|[upkeep]\n|upkeep\n|turn|3\n|c|\u2606LightNovas|AKC\n|c|\u2606Bielpelo|wat\n|\n|t:|1697401570\n|switch|p2a: Fast|Torkoal, M|100\/100\n|-weather|SunnyDay|[from] ability: Drought|[of] p2a: Fast\n|-activate|p1b: Hafnio|confusion\n|-damage|p1b: Hafnio|23\/100|[from] confusion\n|move|p2b: toliet bird|Ice Beam|p1b: Hafnio\n|-supereffective|p1b: Hafnio\n|-damage|p1b: Hafnio|0 fnt\n|faint|p1b: Hafnio\n|move|p1a: Iritrio|Thunderbolt|p2b: toliet bird\n|-supereffective|p2b: toliet bird\n|-damage|p2b: toliet bird|0 fnt\n|faint|p2b: toliet bird\n|\n|-weather|SunnyDay|[upkeep]\n|upkeep\n|c|\u2606LightNovas|this is the 5th trick room team ive fought today\n|c|\u2606LightNovas|kill me\n|c|\u2606Bielpelo|JKJSKJSKJSKJKSJKSJKJS\n|\n|t:|1697401591\n|switch|p1b: Tungsteno|Togedemaru, L1, M, shiny|100\/100\n|switch|p2b: Sanji|Slowking, F|100\/100\n|turn|4\n|\n|t:|1697401598\n|move|p1b: Tungsteno|Endeavor|p2a: Fast\n|-damage|p2a: Fast|4\/100\n|move|p2a: Fast|Lava Plume|p1b: Tungsteno|[spread] p2b,p1a,p1b\n|-resisted|p2b: Sanji\n|-supereffective|p1a: Iritrio\n|-supereffective|p1b: Tungsteno\n|-crit|p1b: Tungsteno\n|-damage|p2b: Sanji|90\/100\n|-damage|p1a: Iritrio|60\/100\n|-ability|p1b: Tungsteno|Sturdy\n|-damage|p1b: Tungsteno|9\/100\n|-status|p1b: Tungsteno|brn\n|-enditem|p1b: Tungsteno|Berry Juice\n|-heal|p1b: Tungsteno|100\/100 brn|[from] item: Berry Juice\n|move|p2b: Sanji|Weather Ball|p1a: Iritrio\n|-supereffective|p1a: Iritrio\n|-damage|p1a: Iritrio|0 fnt\n|faint|p1a: Iritrio\n|\n|-weather|SunnyDay|[upkeep]\n|-damage|p1b: Tungsteno|92\/100 brn|[from] brn\n|upkeep\n|c|\u2606LightNovas|get burned idiot\n|\n|t:|1697401613\n|switch|p1a: Paladio|Perrserker, M, shiny|100\/100\n|turn|5\n|\n|t:|1697401617\n|move|p2b: Sanji|Protect|p2b: Sanji\n|-singleturn|p2b: Sanji|Protect\n|move|p1a: Paladio|Fake Out|p2a: Fast\n|-damage|p2a: Fast|0 fnt\n|faint|p2a: Fast\n|move|p1b: Tungsteno|Endeavor|p2b: Sanji\n|-activate|p2b: Sanji|move: Protect\n|\n|-weather|SunnyDay|[upkeep]\n|-damage|p1b: Tungsteno|84\/100 brn|[from] brn\n|upkeep\n|c|\u2606LightNovas|pls sir\n|c|\u2606LightNovas|i dont wanna do this no mor\n|c|\u2606Bielpelo|Some respect to my boy\n|\n|t:|1697401633\n|switch|p2a: Wildcard|Dragonite, F|13\/100\n|turn|6\n|\n|t:|1697401641\n|switch|p2b: Nami|Ninetales-Alola, F|100\/100\n|-weather|Snow|[from] ability: Snow Warning|[of] p2b: Nami\n|move|p1b: Tungsteno|Endeavor|p2b: Nami\n|-damage|p2b: Nami|4\/100\n|move|p1a: Paladio|Throat Chop|p2a: Wildcard\n|-damage|p2a: Wildcard|0 fnt\n|faint|p2a: Wildcard\n|\n|-weather|Snow|[upkeep]\n|-damage|p1b: Tungsteno|75\/100 brn|[from] brn\n|-fieldend|move: Trick Room\n|upkeep\n|\n|t:|1697401647\n|switch|p2a: Cinna|Ogerpon-Wellspring, F|100\/100\n|turn|7\n|\n|t:|1697401658\n|-terastallize|p2a: Cinna|Water\n|detailschange|p2a: Cinna|Ogerpon-Wellspring-Tera, F, tera:Water\n|-ability|p2a: Cinna|Embody Aspect (Wellspring)|boost\n|-boost|p2a: Cinna|spd|1\n|move|p2b: Nami|Weather Ball|p1b: Tungsteno\n|-resisted|p1b: Tungsteno\n|-damage|p1b: Tungsteno|0 fnt\n|faint|p1b: Tungsteno\n|move|p2a: Cinna|Ivy Cudgel|p1a: Paladio\n|-damage|p1a: Paladio|34\/100\n|move|p1a: Paladio|Throat Chop|p2b: Nami\n|-resisted|p2b: Nami\n|-damage|p2b: Nami|0 fnt\n|faint|p2b: Nami\n|\n|-weather|Snow|[upkeep]\n|-heal|p1a: Paladio|40\/100|[from] item: Leftovers\n|upkeep\n|\n|t:|1697401669\n|switch|p2b: Sanji|Slowking, F|100\/100\n|switch|p1b: Escandio|Scizor, F, shiny|100\/100\n|turn|8\n|c|\u2606LightNovas|god weather ball is such a good move for this team\n|c|\u2606LightNovas|75% on a resisted pokemon\n|c|\u2606Bielpelo|It surely its\n|c|\u2606Bielpelo|Its a stacked up team great job in the team building my guy\n|\n|t:|1697401711\n|move|p2a: Cinna|Ivy Cudgel|p1b: Escandio\n|-damage|p1b: Escandio|34\/100\n|move|p1a: Paladio|Throat Chop|p2b: Sanji\n|-supereffective|p2b: Sanji\n|-damage|p2b: Sanji|41\/100\n|-start|p2b: Sanji|Throat Chop|[silent]\n|move|p1b: Escandio|Swords Dance|p1b: Escandio\n|-boost|p1b: Escandio|atk|2\n|move|p2b: Sanji|Weather Ball|p1a: Paladio\n|-resisted|p1a: Paladio\n|-damage|p1a: Paladio|17\/100\n|\n|-weather|Snow|[upkeep]\n|-heal|p1a: Paladio|24\/100|[from] item: Leftovers\n|upkeep\n|turn|9\n|c|\u2606LightNovas|i didnt make the first four mons of this team LMAO\n|\n|t:|1697401731\n|move|p1a: Paladio|Helping Hand|p1b: Escandio\n|-singleturn|p1b: Escandio|Helping Hand|[of] p1a: Paladio\n|move|p1b: Escandio|Bullet Punch|p2a: Cinna\n|-resisted|p2a: Cinna\n|-damage|p2a: Cinna|20\/100\n|move|p2a: Cinna|Ivy Cudgel|p1b: Escandio\n|-crit|p1b: Escandio\n|-damage|p1b: Escandio|0 fnt\n|faint|p1b: Escandio\n|move|p2b: Sanji|Weather Ball|p1a: Paladio\n|-resisted|p1a: Paladio\n|-damage|p1a: Paladio|0 fnt\n|faint|p1a: Paladio\n|\n|win|LightNovas\n|raw|Bielpelo's rating: 1361 &rarr; <strong>1331<\/strong><br \/>(-30 for losing)\n|raw|LightNovas's rating: 1179 &rarr; <strong>1216<\/strong><br \/>(+37 for winning)\n","uploadtime":1697401604,"views":3,"p1id":"bielpelo","p2id":"lightnovas","formatid":"gen9nationaldexdoubles","rating":1216,"private":0,"password":""}