{"id":"gen9nationaldexdoubles-1991715542","p1":"jin2jin","p2":"Linkthecat01","format":"[Gen 9] National Dex Doubles","log":"|j|\u2606jin2jin\n|j|\u2606Linkthecat01\n|t:|1700106127\n|gametype|doubles\n|player|p1|jin2jin|rosa|1244\n|player|p2|Linkthecat01|2|1292\n|teamsize|p1|6\n|teamsize|p2|6\n|gen|9\n|tier|[Gen 9] National Dex Doubles\n|rated|\n|rule|HP Percentage Mod: HP is shown in percentages\n|rule|Endless Battle Clause: Forcing endless battles is banned\n|rule|OHKO Clause: OHKO moves are banned\n|rule|Evasion Moves Clause: Evasion moves are banned\n|rule|Evasion Abilities Clause: Evasion abilities are banned\n|rule|Species Clause: Limit one of each Pok\u00e9mon\n|rule|Gravity Sleep Clause: The combination of sleep-inducing moves with imperfect accuracy and Gravity or Gigantamax Orbeetle are banned\n|clearpoke\n|poke|p1|Torkoal, F|\n|poke|p1|Whimsicott, F|\n|poke|p1|Venusaur, F|\n|poke|p1|Walking Wake|\n|poke|p1|Excadrill, F|\n|poke|p1|Charizard, F|\n|poke|p2|Amoonguss, F|\n|poke|p2|Iron Hands|\n|poke|p2|Flutter Mane|\n|poke|p2|Kingambit, F|\n|poke|p2|Indeedee-F, F|\n|poke|p2|Kommo-o, F|\n|teampreview\n|inactive|Battle timer is ON: inactive players will automatically lose when time's up. (requested by Linkthecat01)\n|\n|t:|1700106138\n|start\n|switch|p1a: Torkoal|Torkoal, F, shiny|100\/100\n|switch|p1b: Venusaur|Venusaur, F, shiny|100\/100\n|switch|p2a: Kommo-o|Kommo-o, F|100\/100\n|switch|p2b: Amoonguss|Amoonguss, F|100\/100\n|-weather|SunnyDay|[from] ability: Drought|[of] p1a: Torkoal\n|turn|1\n|\n|t:|1700106150\n|move|p1b: Venusaur|Weather Ball|p2b: Amoonguss\n|-supereffective|p2b: Amoonguss\n|-damage|p2b: Amoonguss|20\/100\n|move|p2a: Kommo-o|Clangorous Soul|p2a: Kommo-o\n|-boost|p2a: Kommo-o|atk|1\n|-boost|p2a: Kommo-o|def|1\n|-boost|p2a: Kommo-o|spa|1\n|-boost|p2a: Kommo-o|spd|1\n|-boost|p2a: Kommo-o|spe|1\n|-damage|p2a: Kommo-o|68\/100\n|move|p2b: Amoonguss|Spore|p1a: Torkoal\n|-status|p1a: Torkoal|slp|[from] move: Spore\n|cant|p1a: Torkoal|slp\n|\n|-weather|SunnyDay|[upkeep]\n|upkeep\n|turn|2\n|\n|t:|1700106165\n|move|p1b: Venusaur|Sleep Powder|p2a: Kommo-o\n|-immune|p2a: Kommo-o|[from] ability: Overcoat\n|move|p2a: Kommo-o|Outrage|p1b: Venusaur\n|-damage|p1b: Venusaur|0 fnt\n|faint|p1b: Venusaur\n|move|p2b: Amoonguss|Sludge Bomb|p1a: Torkoal\n|-damage|p1a: Torkoal|52\/100 slp\n|cant|p1a: Torkoal|slp\n|\n|-weather|SunnyDay|[upkeep]\n|upkeep\n|\n|t:|1700106171\n|switch|p1b: Whimsicott|Whimsicott, F, shiny|100\/100\n|turn|3\n|\n|t:|1700106190\n|move|p2a: Kommo-o|Outrage|p1a: Torkoal|[from]lockedmove\n|-damage|p1a: Torkoal|0 fnt\n|faint|p1a: Torkoal\n|-start|p2a: Kommo-o|confusion|[fatigue]\n|move|p1b: Whimsicott|Moonblast|p2a: Kommo-o\n|-supereffective|p2a: Kommo-o\n|-damage|p2a: Kommo-o|0 fnt\n|faint|p2a: Kommo-o\n|move|p2b: Amoonguss|Sludge Bomb|p1b: Whimsicott\n|-supereffective|p1b: Whimsicott\n|-enditem|p1b: Whimsicott|Focus Sash\n|-damage|p1b: Whimsicott|1\/100\n|\n|-weather|SunnyDay|[upkeep]\n|upkeep\n|\n|t:|1700106199\n|switch|p2a: Iron Hands|Iron Hands|100\/100\n|switch|p1a: Charizard|Charizard, F, shiny|100\/100\n|-enditem|p2a: Iron Hands|Booster Energy\n|-activate|p2a: Iron Hands|ability: Quark Drive|[fromitem]\n|-start|p2a: Iron Hands|quarkdriveatk\n|turn|4\n|\n|t:|1700106206\n|-terastallize|p1b: Whimsicott|Ghost\n|move|p2a: Iron Hands|Fake Out|p1b: Whimsicott\n|-immune|p1b: Whimsicott\n|move|p1b: Whimsicott|Tailwind|p1b: Whimsicott\n|-sidestart|p1: jin2jin|move: Tailwind\n|move|p1a: Charizard|Heat Wave|p2a: Iron Hands|[spread] p2a,p2b\n|-supereffective|p2b: Amoonguss\n|-damage|p2a: Iron Hands|12\/100\n|-damage|p2b: Amoonguss|0 fnt\n|faint|p2b: Amoonguss\n|-damage|p1a: Charizard|91\/100|[from] item: Life Orb\n|\n|-weather|SunnyDay|[upkeep]\n|-damage|p1a: Charizard|78\/100|[from] ability: Solar Power|[of] p1a: Charizard\n|upkeep\n|\n|t:|1700106211\n|switch|p2b: Flutter Mane|Flutter Mane|100\/100\n|-activate|p2b: Flutter Mane|ability: Protosynthesis\n|-start|p2b: Flutter Mane|protosynthesisspa\n|turn|5\n|\n|t:|1700106219\n|move|p1b: Whimsicott|Moonblast|p2b: Flutter Mane\n|-damage|p2b: Flutter Mane|62\/100\n|move|p1a: Charizard|Heat Wave|p2a: Iron Hands|[spread] p2a,p2b\n|-damage|p2a: Iron Hands|0 fnt\n|-damage|p2b: Flutter Mane|0 fnt\n|faint|p2a: Iron Hands\n|-end|p2a: Iron Hands|Quark Drive|[silent]\n|faint|p2b: Flutter Mane\n|-end|p2b: Flutter Mane|Protosynthesis|[silent]\n|-damage|p1a: Charizard|69\/100|[from] item: Life Orb\n|\n|-weather|SunnyDay|[upkeep]\n|-damage|p1a: Charizard|56\/100|[from] ability: Solar Power|[of] p1a: Charizard\n|upkeep\n|\n|t:|1700106226\n|switch|p2b: Kingambit|Kingambit, F|100\/100\n|switch|p2a: Indeedee|Indeedee-F, F|100\/100\n|-fieldstart|move: Psychic Terrain|[from] ability: Psychic Surge|[of] p2a: Indeedee\n|-activate|p2b: Kingambit|ability: Supreme Overlord\n|-start|p2b: Kingambit|fallen4|[silent]\n|turn|6\n|\n|t:|1700106235\n|switch|p1b: Excadrill|Excadrill, F, shiny|100\/100\n|-ability|p1b: Excadrill|Mold Breaker\n|move|p2b: Kingambit|Sucker Punch||[still]\n|-fail|p2b: Kingambit\n|move|p1a: Charizard|Heat Wave|p2a: Indeedee|[spread] p2a,p2b\n|-supereffective|p2b: Kingambit\n|-damage|p2a: Indeedee|0 fnt\n|-damage|p2b: Kingambit|0 fnt\n|faint|p2a: Indeedee\n|faint|p2b: Kingambit\n|-end|p2b: Kingambit|fallen4|[silent]\n|-damage|p1a: Charizard|46\/100|[from] item: Life Orb\n|\n|win|jin2jin\n|raw|jin2jin's rating: 1244 &rarr; <strong>1272<\/strong><br \/>(+28 for winning)\n|raw|Linkthecat01's rating: 1292 &rarr; <strong>1264<\/strong><br \/>(-28 for losing)\n|l|\u2606Linkthecat01\n","uploadtime":1700106252,"views":10,"p1id":"jin2jin","p2id":"linkthecat01","formatid":"gen9nationaldexdoubles","rating":1264,"private":0,"password":""}