{"id":"gen9nationaldexdoubles-1984697287","p1":"I win eezy sorry","p2":"Ggm813","format":"[Gen 9] National Dex Doubles","log":"|j|\u2606I win eezy sorry\n|j|\u2606Ggm813\n|t:|1699291704\n|gametype|doubles\n|player|p1|I win eezy sorry|acetrainer-gen4dp|1000\n|player|p2|Ggm813|169|1061\n|teamsize|p1|6\n|teamsize|p2|6\n|gen|9\n|tier|[Gen 9] National Dex Doubles\n|rated|\n|rule|HP Percentage Mod: HP is shown in percentages\n|rule|Endless Battle Clause: Forcing endless battles is banned\n|rule|OHKO Clause: OHKO moves are banned\n|rule|Evasion Moves Clause: Evasion moves are banned\n|rule|Evasion Abilities Clause: Evasion abilities are banned\n|rule|Species Clause: Limit one of each Pok\u00e9mon\n|rule|Gravity Sleep Clause: The combination of sleep-inducing moves with imperfect accuracy and Gravity or Gigantamax Orbeetle are banned\n|clearpoke\n|poke|p1|Zygarde|\n|poke|p1|Blastoise, F|\n|poke|p1|Clefable, M|\n|poke|p1|Indeedee-F, F|\n|poke|p1|Venomoth, M|\n|poke|p1|Mr. Mime, F|\n|poke|p2|Decidueye, M|\n|poke|p2|Gigalith, F|\n|poke|p2|Guzzlord|\n|poke|p2|Braviary-Hisui, M|\n|poke|p2|Tyranitar, M|\n|poke|p2|Malamar, M|\n|teampreview\n|inactive|Battle timer is ON: inactive players will automatically lose when time's up. (requested by I win eezy sorry)\n|\n|t:|1699291718\n|start\n|switch|p1a: Zygarde|Zygarde|100\/100\n|switch|p1b: Blastoise|Blastoise, F|100\/100\n|switch|p2a: Gigalith|Gigalith, F, shiny|100\/100\n|switch|p2b: Tyranitar|Tyranitar, M|100\/100\n|-ability|p1a: Zygarde|Aura Break\n|-weather|Sandstorm|[from] ability: Sand Stream|[of] p2b: Tyranitar\n|turn|1\n|\n|t:|1699291743\n|move|p1a: Zygarde|Dragon Dance|p1a: Zygarde\n|-boost|p1a: Zygarde|atk|1\n|-boost|p1a: Zygarde|spe|1\n|move|p2b: Tyranitar|Dragon Dance|p2b: Tyranitar\n|-boost|p2b: Tyranitar|atk|1\n|-boost|p2b: Tyranitar|spe|1\n|move|p1b: Blastoise|Scald|p2a: Gigalith\n|-supereffective|p2a: Gigalith\n|-crit|p2a: Gigalith\n|-damage|p2a: Gigalith|44\/100\n|move|p2a: Gigalith|Stealth Rock|p1a: Zygarde\n|-sidestart|p1: I win eezy sorry|move: Stealth Rock\n|\n|-weather|Sandstorm|[upkeep]\n|-damage|p1b: Blastoise|94\/100|[from] Sandstorm\n|-heal|p2a: Gigalith|50\/100|[from] item: Leftovers\n|upkeep\n|turn|2\n|\n|t:|1699291767\n|switch|p2a: Braviary|Braviary-Hisui, M, shiny|100\/100\n|detailschange|p2b: Tyranitar|Tyranitar-Mega, M\n|-mega|p2b: Tyranitar|Tyranitar|Tyranitarite\n|move|p1a: Zygarde|Protect|p1a: Zygarde\n|-singleturn|p1a: Zygarde|Protect\n|move|p2b: Tyranitar|Earthquake|p1b: Blastoise|[spread] p1b\n|-activate|p1a: Zygarde|move: Protect\n|-immune|p2a: Braviary\n|-damage|p1b: Blastoise|53\/100\n|move|p1b: Blastoise|Roar|p2b: Tyranitar\n|drag|p2b: Malamar|Malamar, M|100\/100\n|\n|-weather|Sandstorm|[upkeep]\n|-damage|p2b: Malamar|94\/100|[from] Sandstorm\n|-damage|p2a: Braviary|94\/100|[from] Sandstorm\n|-damage|p1b: Blastoise|47\/100|[from] Sandstorm\n|upkeep\n|turn|3\n|inactive|I win eezy sorry has 120 seconds left.\n|\n|t:|1699291814\n|move|p1b: Blastoise|Follow Me|p1b: Blastoise\n|-singleturn|p1b: Blastoise|move: Follow Me\n|move|p1a: Zygarde|Dragon Dance|p1a: Zygarde\n|-boost|p1a: Zygarde|atk|1\n|-boost|p1a: Zygarde|spe|1\n|move|p2b: Malamar|Topsy-Turvy||[still]\n|-fail|p2b: Malamar\n|move|p2a: Braviary|Esper Wing|p1b: Blastoise\n|-damage|p1b: Blastoise|16\/100\n|-boost|p2a: Braviary|spe|1\n|-enditem|p1b: Blastoise|Iapapa Berry|[eat]\n|-heal|p1b: Blastoise|49\/100|[from] item: Iapapa Berry\n|\n|-weather|Sandstorm|[upkeep]\n|-damage|p2a: Braviary|88\/100|[from] Sandstorm\n|-damage|p2b: Malamar|88\/100|[from] Sandstorm\n|-damage|p1b: Blastoise|43\/100|[from] Sandstorm\n|upkeep\n|turn|4\n|inactive|I win eezy sorry has 120 seconds left.\n|\n|t:|1699291830\n|-terastallize|p2b: Malamar|Fighting\n|move|p1b: Blastoise|Follow Me|p1b: Blastoise\n|-singleturn|p1b: Blastoise|move: Follow Me\n|move|p1a: Zygarde|Thousand Arrows|p2b: Malamar|[spread] p2a,p2b\n|-damage|p2a: Braviary|4\/100\n|-damage|p2b: Malamar|0 fnt\n|-start|p2a: Braviary|Smack Down\n|faint|p2b: Malamar\n|move|p2a: Braviary|Air Slash|p1b: Blastoise\n|-damage|p1b: Blastoise|14\/100\n|\n|-weather|Sandstorm|[upkeep]\n|-damage|p2a: Braviary|0 fnt|[from] Sandstorm\n|-damage|p1b: Blastoise|8\/100|[from] Sandstorm\n|faint|p2a: Braviary\n|upkeep\n|\n|t:|1699291841\n|switch|p2b: Guzzlord|Guzzlord, shiny|100\/100\n|switch|p2a: Decidueye|Decidueye, M|100\/100\n|turn|5\n|inactive|I win eezy sorry has 120 seconds left.\n|inactive|I win eezy sorry has 90 seconds left.\n|inactive|I win eezy sorry has 60 seconds left.\n|-message|Ggm813 forfeited.\n|\n|win|I win eezy sorry\n|raw|I win eezy sorry's rating: 1000 &rarr; <strong>1047<\/strong><br \/>(+47 for winning)\n|raw|Ggm813's rating: 1061 &rarr; <strong>1039<\/strong><br \/>(-22 for losing)\n|l|\u2606Ggm813\n","uploadtime":1699291944,"views":5,"p1id":"iwineezysorry","p2id":"ggm813","formatid":"gen9nationaldexdoubles","rating":1039,"private":0,"password":""}