{"id":"gen9nationaldexdoubles-1973050526","p1":"Brick_Enjoyer_144","p2":"AdvancedDigit","format":"[Gen 9] National Dex Doubles","log":"|j|\u2606Brick_Enjoyer_144\n|j|\u2606AdvancedDigit\n|t:|1697922286\n|gametype|doubles\n|player|p1|Brick_Enjoyer_144|shauntal|1223\n|player|p2|AdvancedDigit|hilbert|1323\n|teamsize|p1|6\n|teamsize|p2|6\n|gen|9\n|tier|[Gen 9] National Dex Doubles\n|rated|\n|rule|HP Percentage Mod: HP is shown in percentages\n|rule|Endless Battle Clause: Forcing endless battles is banned\n|rule|OHKO Clause: OHKO moves are banned\n|rule|Evasion Moves Clause: Evasion moves are banned\n|rule|Evasion Abilities Clause: Evasion abilities are banned\n|rule|Species Clause: Limit one of each Pok\u00e9mon\n|rule|Gravity Sleep Clause: The combination of sleep-inducing moves with imperfect accuracy and Gravity or Gigantamax Orbeetle are banned\n|clearpoke\n|poke|p1|Espeon, F|\n|poke|p1|Gallade, M|\n|poke|p1|Illumise, F|\n|poke|p1|Urshifu-*, F|\n|poke|p1|Ogerpon-Hearthflame, F|\n|poke|p1|Heatran, F|\n|poke|p2|Lilligant-Hisui, F|\n|poke|p2|Tornadus, M|\n|poke|p2|Malamar, M|\n|poke|p2|Gothitelle, M|\n|poke|p2|Charizard, F|\n|poke|p2|Garchomp, F|\n|teampreview\n|inactive|Battle timer is ON: inactive players will automatically lose when time's up. (requested by Brick_Enjoyer_144)\n|\n|t:|1697922295\n|start\n|switch|p1a: Illumise|Illumise, F|100\/100\n|switch|p1b: Heatran|Heatran, F|100\/100\n|switch|p2a: Charizard|Charizard, F|100\/100\n|switch|p2b: Lilligant|Lilligant-Hisui, F|100\/100\n|turn|1\n|\n|t:|1697922306\n|detailschange|p2a: Charizard|Charizard-Mega-Y, F\n|-mega|p2a: Charizard|Charizard|Charizardite Y\n|-weather|SunnyDay|[from] ability: Drought|[of] p2a: Charizard\n|move|p1a: Illumise|Trick|p2b: Lilligant\n|-activate|p1a: Illumise|move: Trick|[of] p2b: Lilligant\n|-item|p2b: Lilligant|Sticky Barb|[from] move: Trick\n|-enditem|p1a: Illumise|Sticky Barb|[silent]|[from] move: Trick\n|move|p2b: Lilligant|Entrainment|p2a: Charizard\n|-endability|p2a: Charizard|Drought|[from] move: Entrainment\n|-ability|p2a: Charizard|Chlorophyll|[from] move: Entrainment\n|move|p2a: Charizard|Heat Wave|p1b: Heatran|[spread] p1a\n|-start|p1b: Heatran|ability: Flash Fire\n|-supereffective|p1a: Illumise\n|-damage|p1a: Illumise|0 fnt\n|faint|p1a: Illumise\n|move|p1b: Heatran|Stealth Rock|p2b: Lilligant\n|-sidestart|p2: AdvancedDigit|move: Stealth Rock\n|\n|-weather|SunnyDay|[upkeep]\n|-damage|p2b: Lilligant|88\/100|[from] item: Sticky Barb\n|upkeep\n|\n|t:|1697922330\n|switch|p1a: Espeon|Espeon, F|100\/100\n|turn|2\n|\n|t:|1697922339\n|move|p2b: Lilligant|Close Combat|p1b: Heatran\n|-supereffective|p1b: Heatran\n|-damage|p1b: Heatran|0 fnt\n|-unboost|p2b: Lilligant|def|1\n|-unboost|p2b: Lilligant|spd|1\n|faint|p1b: Heatran\n|move|p2a: Charizard|Heat Wave|p1a: Espeon\n|-damage|p1a: Espeon|0 fnt\n|faint|p1a: Espeon\n|\n|-weather|SunnyDay|[upkeep]\n|-damage|p2b: Lilligant|76\/100|[from] item: Sticky Barb\n|upkeep\n|\n|t:|1697922351\n|switch|p1a: Gallade|Gallade, M|100\/100\n|switch|p1b: Urshifu|Urshifu-Rapid-Strike, F|100\/100\n|turn|3\n|\n|t:|1697922361\n|move|p2b: Lilligant|Close Combat|p1b: Urshifu\n|-damage|p1b: Urshifu|43\/100\n|-unboost|p2b: Lilligant|def|1\n|-unboost|p2b: Lilligant|spd|1\n|move|p2a: Charizard|Heat Wave|p1a: Gallade|[spread] p1a\n|-miss|p2a: Charizard|p1b: Urshifu\n|-damage|p1a: Gallade|17\/100\n|move|p1b: Urshifu|Ice Spinner|p2b: Lilligant\n|-supereffective|p2b: Lilligant\n|-damage|p2b: Lilligant|0 fnt\n|faint|p2b: Lilligant\n|move|p1a: Gallade|Agility|p1a: Gallade\n|-boost|p1a: Gallade|spe|2\n|\n|-weather|SunnyDay|[upkeep]\n|upkeep\n|\n|t:|1697922382\n|switch|p2b: Gothitelle|Gothitelle, M|100\/100\n|-damage|p2b: Gothitelle|88\/100|[from] Stealth Rock\n|turn|4\n|\n|t:|1697922391\n|move|p2b: Gothitelle|Fake Out|p1a: Gallade\n|-damage|p1a: Gallade|7\/100\n|move|p2a: Charizard|Heat Wave|p1a: Gallade|[spread] p1a,p1b\n|-resisted|p1b: Urshifu\n|-damage|p1a: Gallade|0 fnt\n|-damage|p1b: Urshifu|0 fnt\n|faint|p1a: Gallade\n|faint|p1b: Urshifu\n|\n|-weather|SunnyDay|[upkeep]\n|-heal|p2b: Gothitelle|94\/100|[from] item: Leftovers\n|upkeep\n|\n|t:|1697922397\n|switch|p1b: Ogerpon|Ogerpon-Hearthflame, F|100\/100\n|-ability|p1b: Ogerpon|Mold Breaker\n|turn|5\n|\n|t:|1697922407\n|-terastallize|p1b: Ogerpon|Fire\n|detailschange|p1b: Ogerpon|Ogerpon-Hearthflame-Tera, F, tera:Fire\n|-ability|p1b: Ogerpon|Embody Aspect (Hearthflame)|boost\n|-boost|p1b: Ogerpon|atk|1\n|move|p2a: Charizard|Heat Wave|p1b: Ogerpon\n|-resisted|p1b: Ogerpon\n|-damage|p1b: Ogerpon|44\/100\n|move|p1b: Ogerpon|Ivy Cudgel|p2b: Gothitelle\n|-damage|p2b: Gothitelle|0 fnt\n|faint|p2b: Gothitelle\n|\n|-weather|none\n|upkeep\n|\n|t:|1697922412\n|switch|p2b: Tornadus|Tornadus, M|100\/100\n|-damage|p2b: Tornadus|76\/100|[from] Stealth Rock\n|turn|6\n|c|\u2606AdvancedDigit|gg\n|\n|t:|1697922424\n|move|p2b: Tornadus|Tailwind|p2b: Tornadus\n|-sidestart|p2: AdvancedDigit|move: Tailwind\n|move|p2a: Charizard|Heat Wave|p1b: Ogerpon\n|-resisted|p1b: Ogerpon\n|-damage|p1b: Ogerpon|9\/100\n|move|p1b: Ogerpon|Horn Leech|p2b: Tornadus\n|-resisted|p2b: Tornadus\n|-damage|p2b: Tornadus|28\/100\n|-heal|p1b: Ogerpon|33\/100|[from] drain|[of] p2b: Tornadus\n|\n|-heal|p2b: Tornadus|34\/100|[from] item: Leftovers\n|upkeep\n|turn|7\n|\n|t:|1697922437\n|move|p2b: Tornadus|Bleakwind Storm|p1b: Ogerpon\n|-damage|p1b: Ogerpon|0 fnt\n|faint|p1b: Ogerpon\n|\n|win|AdvancedDigit\n|raw|Brick_Enjoyer_144's rating: 1223 &rarr; <strong>1205<\/strong><br \/>(-18 for losing)\n|raw|AdvancedDigit's rating: 1323 &rarr; <strong>1337<\/strong><br \/>(+14 for winning)\n","uploadtime":1697922443,"views":10,"p1id":"brickenjoyer144","p2id":"advanceddigit","formatid":"gen9nationaldexdoubles","rating":1205,"private":0,"password":""}