{"id":"gen9nationaldexdoubles-1962463841","p1":"My try i fj F th","p2":"Cherrybim","format":"[Gen 9] National Dex Doubles","log":"|j|\u2606My try i fj F th\n|j|\u2606Cherrybim\n|t:|1696751567\n|gametype|doubles\n|player|p1|My try i fj F th|camper|1000\n|player|p2|Cherrybim|colress|1019\n|teamsize|p1|6\n|teamsize|p2|6\n|gen|9\n|tier|[Gen 9] National Dex Doubles\n|rated|\n|rule|HP Percentage Mod: HP is shown in percentages\n|rule|Endless Battle Clause: Forcing endless battles is banned\n|rule|OHKO Clause: OHKO moves are banned\n|rule|Evasion Moves Clause: Evasion moves are banned\n|rule|Evasion Abilities Clause: Evasion abilities are banned\n|rule|Species Clause: Limit one of each Pok\u00e9mon\n|rule|Gravity Sleep Clause: The combination of sleep-inducing moves with imperfect accuracy and Gravity or Gigantamax Orbeetle are banned\n|clearpoke\n|poke|p1|Indeedee, M|\n|poke|p1|Deoxys-Attack|\n|poke|p1|Typhlosion, M|\n|poke|p1|Kartana|\n|poke|p1|Murkrow, M|\n|poke|p1|Shuckle, M|\n|poke|p2|Skarmory, F|\n|poke|p2|Umbreon, F|\n|poke|p2|Linoone, F|\n|poke|p2|Kecleon, F|\n|poke|p2|Latias, F|\n|poke|p2|Latios, M|\n|teampreview\n|\n|t:|1696751572\n|start\n|switch|p1a: Murkrow|Murkrow, M|100\/100\n|switch|p1b: Shuckle|Shuckle, M|100\/100\n|switch|p2a: 2|Linoone, F|100\/100\n|switch|p2b: 2-m|Kecleon, F|100\/100\n|turn|1\n|inactive|Battle timer is ON: inactive players will automatically lose when time's up. (requested by My try i fj F th)\n|\n|t:|1696751583\n|move|p2b: 2-m|Fake Out|p1a: Murkrow\n|-damage|p1a: Murkrow|79\/100\n|cant|p1a: Murkrow|flinch\n|move|p2a: 2|Belly Drum|p2a: 2\n|-damage|p2a: 2|51\/100\n|-setboost|p2a: 2|atk|6|[from] move: Belly Drum\n|move|p1b: Shuckle|Stealth Rock|p2b: 2-m\n|-sidestart|p2: Cherrybim|move: Stealth Rock\n|\n|upkeep\n|turn|2\n|inactive|My try i fj F th has 120 seconds left.\n|\n|t:|1696751619\n|move|p2a: 2|Extreme Speed|p1a: Murkrow\n|-damage|p1a: Murkrow|0 fnt\n|faint|p1a: Murkrow\n|move|p2b: 2-m|Knock Off|p1b: Shuckle\n|-start|p2b: 2-m|typechange|Dark|[from] ability: Protean\n|-damage|p1b: Shuckle|77\/100\n|-enditem|p1b: Shuckle|Mental Herb|[from] move: Knock Off|[of] p2b: 2-m\n|move|p1b: Shuckle|Toxic|p2b: 2-m\n|-status|p2b: 2-m|tox\n|\n|-damage|p2b: 2-m|94\/100 tox|[from] psn\n|upkeep\n|\n|t:|1696751647\n|switch|p1a: Kartana|Kartana|100\/100\n|turn|3\n|\n|t:|1696751657\n|move|p2a: 2|Extreme Speed|p1a: Kartana\n|-resisted|p1a: Kartana\n|-damage|p1a: Kartana|49\/100\n|move|p1a: Kartana|Sacred Sword|p2a: 2\n|-supereffective|p2a: 2\n|-damage|p2a: 2|0 fnt\n|faint|p2a: 2\n|-ability|p1a: Kartana|Beast Boost|boost\n|-boost|p1a: Kartana|atk|1\n|move|p2b: 2-m|Drain Punch|p1a: Kartana\n|-supereffective|p1a: Kartana\n|-damage|p1a: Kartana|5\/100\n|-heal|p2b: 2-m|100\/100 tox|[from] drain|[of] p1a: Kartana\n|move|p1b: Shuckle|Power Split|p2b: 2-m\n|-activate|p1b: Shuckle|move: Power Split|[of] p2b: 2-m\n|\n|-damage|p2b: 2-m|88\/100 tox|[from] psn\n|upkeep\n|\n|t:|1696751677\n|switch|p2a: 3|Latias, F|100\/100\n|-damage|p2a: 3|88\/100|[from] Stealth Rock\n|turn|4\n|inactive|My try i fj F th has 120 seconds left.\n|\n|t:|1696751704\n|move|p2a: 3|Protect|p2a: 3\n|-singleturn|p2a: 3|Protect\n|move|p2b: 2-m|Sucker Punch|p1a: Kartana\n|-damage|p1a: Kartana|0 fnt\n|faint|p1a: Kartana\n|move|p1b: Shuckle|Toxic|p2a: 3\n|-activate|p2a: 3|move: Protect\n|\n|-damage|p2b: 2-m|70\/100 tox|[from] psn\n|upkeep\n|inactive|My try i fj F th has 120 seconds left.\n|\n|t:|1696751726\n|switch|p1a: Deoxys|Deoxys-Attack|100\/100\n|-ability|p1a: Deoxys|Pressure\n|turn|5\n|\n|t:|1696751735\n|switch|p1b: Indeedee|Indeedee, M|100\/100\n|-fieldstart|move: Psychic Terrain|[from] ability: Psychic Surge|[of] p1b: Indeedee\n|move|p2a: 3|Helping Hand|p2b: 2-m\n|-singleturn|p2b: 2-m|Helping Hand|[of] p2a: 3\n|move|p2b: 2-m|Sucker Punch|p1a: Deoxys\n|-activate|p1a: Deoxys|move: Psychic Terrain\n|move|p1a: Deoxys|Shadow Ball|p2a: 3\n|-supereffective|p2a: 3\n|-damage|p2a: 3|33\/100\n|-unboost|p2a: 3|spd|1\n|\n|-damage|p2b: 2-m|45\/100 tox|[from] psn\n|upkeep\n|turn|6\n|\n|t:|1696751758\n|move|p1a: Deoxys|Shadow Ball|p2b: 2-m\n|-resisted|p2b: 2-m\n|-damage|p2b: 2-m|27\/100 tox\n|move|p1b: Indeedee|Dazzling Gleam|p2a: 3|[spread] p2a,p2b\n|-supereffective|p2a: 3\n|-supereffective|p2b: 2-m\n|-crit|p2b: 2-m\n|-damage|p2a: 3|0 fnt\n|-damage|p2b: 2-m|0 fnt\n|faint|p2a: 3\n|faint|p2b: 2-m\n|\n|upkeep\n|\n|t:|1696751770\n|switch|p2a: 1|Skarmory, F|100\/100\n|switch|p2b: 1-a|Umbreon, F|100\/100\n|-damage|p2a: 1|88\/100|[from] Stealth Rock\n|-damage|p2b: 1-a|88\/100|[from] Stealth Rock\n|turn|7\n|\n|t:|1696751789\n|switch|p1b: Shuckle|Shuckle, M|77\/100\n|move|p2b: 1-a|Protect|p2b: 1-a\n|-singleturn|p2b: 1-a|Protect\n|move|p1a: Deoxys|Taunt|p2a: 1\n|-start|p2a: 1|move: Taunt\n|cant|p2a: 1|move: Taunt|Swords Dance\n|\n|-heal|p2b: 1-a|94\/100|[from] item: Leftovers\n|upkeep\n|turn|8\n|\n|t:|1696751806\n|move|p1a: Deoxys|Taunt|p2b: 1-a\n|-start|p2b: 1-a|move: Taunt\n|move|p2a: 1|Drill Peck|p1a: Deoxys\n|-enditem|p1a: Deoxys|Focus Sash\n|-damage|p1a: Deoxys|1\/100\n|cant|p2b: 1-a|move: Taunt|Toxic\n|move|p1b: Shuckle|Toxic|p2b: 1-a\n|-status|p2b: 1-a|tox\n|-activate|p2b: 1-a|ability: Synchronize\n|-status|p1b: Shuckle|tox\n|\n|-heal|p2b: 1-a|99\/100 tox|[from] item: Leftovers\n|-damage|p2b: 1-a|94\/100 tox|[from] psn\n|-damage|p1b: Shuckle|71\/100 tox|[from] psn\n|upkeep\n|turn|9\n|\n|t:|1696751831\n|switch|p2b: 3-h|Latios, M|100\/100\n|-damage|p2b: 3-h|88\/100|[from] Stealth Rock\n|move|p1a: Deoxys|Ice Beam|p2a: 1\n|-damage|p2a: 1|41\/100\n|move|p2a: 1|Drill Peck|p1a: Deoxys\n|-damage|p1a: Deoxys|0 fnt\n|faint|p1a: Deoxys\n|move|p1b: Shuckle|Power Split|p2b: 3-h\n|-activate|p1b: Shuckle|move: Power Split|[of] p2b: 3-h\n|\n|-damage|p1b: Shuckle|58\/100 tox|[from] psn\n|-end|p2a: 1|move: Taunt\n|-fieldend|move: Psychic Terrain\n|upkeep\n|inactive|My try i fj F th has 120 seconds left.\n|\n|t:|1696751852\n|switch|p1a: Typhlosion|Typhlosion, M|100\/100\n|turn|10\n|inactive|My try i fj F th has 120 seconds left.\n|\n|t:|1696751877\n|move|p1a: Typhlosion|Flamethrower|p2a: 1\n|-supereffective|p2a: 1\n|-damage|p2a: 1|0 fnt\n|faint|p2a: 1\n|move|p2b: 3-h|Dragon Pulse|p1a: Typhlosion\n|-damage|p1a: Typhlosion|57\/100\n|move|p1b: Shuckle|Toxic|p2b: 3-h\n|-status|p2b: 3-h|tox\n|\n|-damage|p2b: 3-h|82\/100 tox|[from] psn\n|-damage|p1b: Shuckle|40\/100 tox|[from] psn\n|upkeep\n|\n|t:|1696751888\n|switch|p2a: 1-a|Umbreon, F|94\/100 tox\n|-damage|p2a: 1-a|82\/100 tox|[from] Stealth Rock\n|turn|11\n|\n|t:|1696751901\n|switch|p1b: Indeedee|Indeedee, M|100\/100\n|-fieldstart|move: Psychic Terrain|[from] ability: Psychic Surge|[of] p1b: Indeedee\n|-terastallize|p1a: Typhlosion|Fire\n|move|p1a: Typhlosion|Flamethrower|p2a: 1-a\n|-damage|p2a: 1-a|44\/100 tox\n|move|p2b: 3-h|Psychic|p1a: Typhlosion\n|-damage|p1a: Typhlosion|11\/100\n|move|p2a: 1-a|Wish|p2a: 1-a\n|\n|-heal|p2a: 1-a|50\/100 tox|[from] item: Leftovers\n|-damage|p2b: 3-h|70\/100 tox|[from] psn\n|-damage|p2a: 1-a|44\/100 tox|[from] psn\n|upkeep\n|turn|12\n|\n|t:|1696751929\n|switch|p1a: Shuckle|Shuckle, M|40\/100 tox\n|move|p2a: 1-a|Protect|p2a: 1-a\n|-singleturn|p2a: 1-a|Protect\n|move|p1b: Indeedee|Dazzling Gleam|p2a: 1-a|[spread] p2b\n|-activate|p2a: 1-a|move: Protect\n|-supereffective|p2b: 3-h\n|-damage|p2b: 3-h|28\/100 tox\n|move|p2b: 3-h|Psychic|p1a: Shuckle\n|-damage|p1a: Shuckle|21\/100 tox\n|\n|-heal|p2a: 1-a|94\/100 tox|[from] move: Wish|[wisher] 1-a\n|-heal|p2a: 1-a|99\/100 tox|[from] item: Leftovers\n|-damage|p2b: 3-h|10\/100 tox|[from] psn\n|-damage|p2a: 1-a|88\/100 tox|[from] psn\n|-damage|p1a: Shuckle|15\/100 tox|[from] psn\n|upkeep\n|turn|13\n|\n|t:|1696751949\n|move|p2a: 1-a|Helping Hand|p2b: 3-h\n|-singleturn|p2b: 3-h|Helping Hand|[of] p2a: 1-a\n|move|p1b: Indeedee|Dazzling Gleam|p2a: 1-a|[spread] p2a,p2b\n|-supereffective|p2a: 1-a\n|-supereffective|p2b: 3-h\n|-damage|p2a: 1-a|62\/100 tox\n|-damage|p2b: 3-h|0 fnt\n|faint|p2b: 3-h\n|move|p1a: Shuckle|Power Split|p2a: 1-a\n|-activate|p1a: Shuckle|move: Power Split|[of] p2a: 1-a\n|\n|-heal|p2a: 1-a|68\/100 tox|[from] item: Leftovers\n|-damage|p2a: 1-a|50\/100 tox|[from] psn\n|-damage|p1a: Shuckle|3\/100 tox|[from] psn\n|upkeep\n|turn|14\n|-message|Cherrybim forfeited.\n|\n|win|My try i fj F th\n|raw|My try i fj F th's rating: 1000 &rarr; <strong>1042<\/strong><br \/>(+42 for winning)\n|raw|Cherrybim's rating: 1019 &rarr; <strong>1005<\/strong><br \/>(-14 for losing)\n|l|\u2606Cherrybim\n","uploadtime":1696751963,"views":9,"p1id":"mytryifjfth","p2id":"cherrybim","formatid":"gen9nationaldexdoubles","rating":1005,"private":0,"password":""}