{"id":"gen9nationaldexdoubles-1952969445","p1":"Penguin Stylez","p2":"crnycrnycrny","format":"[Gen 9] National Dex Doubles","log":"|j|\u2606Penguin Stylez\n|j|\u2606crnycrnycrny\n|t:|1695744276\n|gametype|doubles\n|player|p1|Penguin Stylez|2|1074\n|player|p2|crnycrnycrny|2|1074\n|teamsize|p1|6\n|teamsize|p2|6\n|gen|9\n|tier|[Gen 9] National Dex Doubles\n|rated|\n|rule|HP Percentage Mod: HP is shown in percentages\n|rule|Endless Battle Clause: Forcing endless battles is banned\n|rule|OHKO Clause: OHKO moves are banned\n|rule|Evasion Moves Clause: Evasion moves are banned\n|rule|Evasion Abilities Clause: Evasion abilities are banned\n|rule|Species Clause: Limit one of each Pok\u00e9mon\n|rule|Gravity Sleep Clause: The combination of sleep-inducing moves with imperfect accuracy and Gravity or Gigantamax Orbeetle are banned\n|clearpoke\n|poke|p1|Raticate, F|\n|poke|p1|Sinistcha|\n|poke|p1|Dragonite, F|\n|poke|p1|Amoonguss, F|\n|poke|p1|Crawdaunt, F|\n|poke|p1|Indeedee-F, F|\n|poke|p2|Regigigas|\n|poke|p2|Weezing-Galar, F|\n|poke|p2|Ting-Lu|\n|poke|p2|Kartana|\n|poke|p2|Gholdengo|\n|poke|p2|Amoonguss, F|\n|teampreview\n|\n|t:|1695744284\n|start\n|switch|p1a: Raticate|Raticate, F|100\/100\n|switch|p1b: Dragonite|Dragonite, F|100\/100\n|switch|p2a: Regigigas|Regigigas, shiny|100\/100\n|switch|p2b: Weezing|Weezing-Galar, F|100\/100\n|-ability|p2b: Weezing|Neutralizing Gas\n|turn|1\n|\n|t:|1695744321\n|move|p2b: Weezing|Protect|p2b: Weezing\n|-singleturn|p2b: Weezing|Protect\n|move|p2a: Regigigas|Return|p1a: Raticate\n|-enditem|p1a: Raticate|Focus Sash\n|-damage|p1a: Raticate|1\/100\n|-damage|p2a: Regigigas|91\/100|[from] item: Life Orb\n|move|p1b: Dragonite|Dragon Dance|p1b: Dragonite\n|-boost|p1b: Dragonite|atk|1\n|-boost|p1b: Dragonite|spe|1\n|move|p1a: Raticate|Endeavor|p2a: Regigigas\n|-damage|p2a: Regigigas|1\/100\n|\n|upkeep\n|turn|2\n|\n|t:|1695744347\n|move|p1a: Raticate|Sucker Punch|p2a: Regigigas\n|-damage|p2a: Regigigas|0 fnt\n|faint|p2a: Regigigas\n|-end|p2a: Regigigas|Slow Start|[silent]\n|move|p1b: Dragonite|Iron Head|p2b: Weezing\n|-supereffective|p2b: Weezing\n|-damage|p2b: Weezing|15\/100\n|move|p2b: Weezing|Will-O-Wisp|p1a: Raticate\n|-status|p1a: Raticate|brn\n|\n|-heal|p2b: Weezing|21\/100|[from] item: Leftovers\n|-damage|p1a: Raticate|0 fnt|[from] brn\n|faint|p1a: Raticate\n|upkeep\n|j| FiredChickINNN\n|\n|t:|1695744361\n|switch|p2a: Kartana|Kartana|100\/100\n|switch|p1a: Crawdaunt|Crawdaunt, F|100\/100\n|turn|3\n|\n|t:|1695744384\n|-terastallize|p2a: Kartana|Fire\n|move|p1a: Crawdaunt|Aqua Jet|p2b: Weezing\n|-damage|p2b: Weezing|0 fnt\n|faint|p2b: Weezing\n|-end|p2b: Weezing|ability: Neutralizing Gas\n|-damage|p1a: Crawdaunt|90\/100|[from] item: Life Orb\n|move|p1b: Dragonite|Dragon Dance|p1b: Dragonite\n|-boost|p1b: Dragonite|atk|1\n|-boost|p1b: Dragonite|spe|1\n|move|p2a: Kartana|Smart Strike|p1b: Dragonite\n|-damage|p1b: Dragonite|63\/100\n|-damage|p2a: Kartana|91\/100|[from] item: Life Orb\n|\n|upkeep\n|\n|t:|1695744403\n|switch|p2b: Ting-Lu|Ting-Lu|100\/100\n|-ability|p2b: Ting-Lu|Vessel of Ruin\n|turn|4\n|\n|t:|1695744414\n|move|p1b: Dragonite|Outrage|p2a: Kartana\n|-damage|p2a: Kartana|0 fnt\n|faint|p2a: Kartana\n|move|p1a: Crawdaunt|Crabhammer|p2b: Ting-Lu|[miss]\n|-miss|p1a: Crawdaunt|p2b: Ting-Lu\n|move|p2b: Ting-Lu|Stone Edge|p1b: Dragonite\n|-supereffective|p1b: Dragonite\n|-crit|p1b: Dragonite\n|-damage|p1b: Dragonite|0 fnt\n|faint|p1b: Dragonite\n|\n|upkeep\n|\n|t:|1695744430\n|switch|p2a: Gholdengo|Gholdengo|100\/100\n|switch|p1b: Indeedee|Indeedee-F, F|100\/100\n|turn|5\n|\n|t:|1695744444\n|move|p1b: Indeedee|Follow Me|p1b: Indeedee\n|-singleturn|p1b: Indeedee|move: Follow Me\n|move|p2a: Gholdengo|Make It Rain|p1a: Crawdaunt|[spread] p1a,p1b\n|-resisted|p1a: Crawdaunt\n|-crit|p1a: Crawdaunt\n|-damage|p1a: Crawdaunt|49\/100\n|-damage|p1b: Indeedee|69\/100\n|-unboost|p2a: Gholdengo|spa|1\n|move|p1a: Crawdaunt|Swords Dance|p1a: Crawdaunt\n|-boost|p1a: Crawdaunt|atk|2\n|move|p2b: Ting-Lu|Body Press|p1b: Indeedee\n|-damage|p1b: Indeedee|28\/100\n|\n|upkeep\n|turn|6\n|\n|t:|1695744471\n|move|p1a: Crawdaunt|Aqua Jet|p2b: Ting-Lu\n|-supereffective|p2b: Ting-Lu\n|-damage|p2b: Ting-Lu|35\/100\n|-damage|p1a: Crawdaunt|39\/100|[from] item: Life Orb\n|move|p1b: Indeedee|Heal Pulse|p1a: Crawdaunt\n|-heal|p1a: Crawdaunt|89\/100\n|move|p2a: Gholdengo|Shadow Ball|p1b: Indeedee\n|-immune|p1b: Indeedee\n|move|p2b: Ting-Lu|Stone Edge|p1a: Crawdaunt\n|-damage|p1a: Crawdaunt|56\/100\n|\n|-heal|p2b: Ting-Lu|41\/100|[from] item: Leftovers\n|upkeep\n|turn|7\n|\n|t:|1695744499\n|move|p1a: Crawdaunt|Aqua Jet|p2b: Ting-Lu\n|-supereffective|p2b: Ting-Lu\n|-damage|p2b: Ting-Lu|0 fnt\n|faint|p2b: Ting-Lu\n|-damage|p1a: Crawdaunt|46\/100|[from] item: Life Orb\n|move|p1b: Indeedee|Heal Pulse|p1a: Crawdaunt\n|-heal|p1a: Crawdaunt|96\/100\n|move|p2a: Gholdengo|Nasty Plot|p2a: Gholdengo\n|-boost|p2a: Gholdengo|spa|2\n|\n|upkeep\n|\n|t:|1695744502\n|switch|p2b: Funny joke|Amoonguss, F|100\/100\n|turn|8\n|\n|t:|1695744519\n|move|p1b: Indeedee|Mystical Fire|p2b: Funny joke\n|-supereffective|p2b: Funny joke\n|-damage|p2b: Funny joke|70\/100\n|-unboost|p2b: Funny joke|spa|1\n|move|p2a: Gholdengo|Make It Rain|p1a: Crawdaunt|[spread] p1a,p1b\n|-resisted|p1a: Crawdaunt\n|-damage|p1a: Crawdaunt|39\/100\n|-damage|p1b: Indeedee|0 fnt\n|-unboost|p2a: Gholdengo|spa|1\n|faint|p1b: Indeedee\n|move|p1a: Crawdaunt|Knock Off|p2a: Gholdengo\n|-supereffective|p2a: Gholdengo\n|-damage|p2a: Gholdengo|0 fnt\n|faint|p2a: Gholdengo\n|-damage|p1a: Crawdaunt|29\/100|[from] item: Life Orb\n|move|p2b: Funny joke|Substitute|p2b: Funny joke\n|-start|p2b: Funny joke|Substitute\n|-damage|p2b: Funny joke|45\/100\n|\n|upkeep\n|\n|t:|1695744534\n|switch|p1b: Sinistcha|Sinistcha|100\/100\n|-heal|p1a: Crawdaunt|54\/100|[from] ability: Hospitality|[of] p1b: Sinistcha\n|turn|9\n|\n|t:|1695744551\n|move|p1b: Sinistcha|Matcha Gotcha|p2b: Funny joke\n|-resisted|p2b: Funny joke\n|-activate|p2b: Funny joke|move: Substitute|[damage]\n|move|p1a: Crawdaunt|Knock Off|p2b: Funny joke\n|-crit|p2b: Funny joke\n|-end|p2b: Funny joke|Substitute\n|-damage|p1a: Crawdaunt|44\/100|[from] item: Life Orb\n|move|p2b: Funny joke|Synthesis|p2b: Funny joke\n|-heal|p2b: Funny joke|95\/100\n|\n|upkeep\n|turn|10\n|\n|t:|1695744575\n|move|p1b: Sinistcha|Matcha Gotcha|p2b: Funny joke\n|-resisted|p2b: Funny joke\n|-damage|p2b: Funny joke|89\/100\n|move|p1a: Crawdaunt|Knock Off|p2b: Funny joke\n|-damage|p2b: Funny joke|0 fnt\n|-damage|p1a: Crawdaunt|27\/100|[from] item: Rocky Helmet|[of] p2b: Funny joke\n|-enditem|p2b: Funny joke|Rocky Helmet|[from] move: Knock Off|[of] p1a: Crawdaunt\n|faint|p2b: Funny joke\n|-damage|p1a: Crawdaunt|17\/100|[from] item: Life Orb\n|\n|win|Penguin Stylez\n|raw|Penguin Stylez's rating: 1074 &rarr; <strong>1103<\/strong><br \/>(+29 for winning)\n|raw|crnycrnycrny's rating: 1074 &rarr; <strong>1053<\/strong><br \/>(-21 for losing)\n|l|\u2606crnycrnycrny\n","uploadtime":1695744587,"views":9,"p1id":"penguinstylez","p2id":"crnycrnycrny","formatid":"gen9nationaldexdoubles","rating":1053,"private":0,"password":""}