{"id":"gen9nationaldexdoubles-1989847171","p1":"Darklight7o2","p2":"Mirzzza","format":"[Gen 9] National Dex Doubles","log":"|j|\u2606Darklight7o2\n|j|\u2606Mirzzza\n|t:|1699900684\n|gametype|doubles\n|player|p1|Darklight7o2|101|1023\n|player|p2|Mirzzza|saturn|1043\n|teamsize|p1|6\n|teamsize|p2|6\n|gen|9\n|tier|[Gen 9] National Dex Doubles\n|rated|\n|rule|HP Percentage Mod: HP is shown in percentages\n|rule|Endless Battle Clause: Forcing endless battles is banned\n|rule|OHKO Clause: OHKO moves are banned\n|rule|Evasion Moves Clause: Evasion moves are banned\n|rule|Evasion Abilities Clause: Evasion abilities are banned\n|rule|Species Clause: Limit one of each Pok\u00e9mon\n|rule|Gravity Sleep Clause: The combination of sleep-inducing moves with imperfect accuracy and Gravity or Gigantamax Orbeetle are banned\n|clearpoke\n|poke|p1|Aron, M|\n|poke|p1|Kommo-o, F|\n|poke|p1|Maushold-Four|\n|poke|p1|Sandslash-Alola, F|\n|poke|p1|Gliscor, F|\n|poke|p1|Baxcalibur, F|\n|poke|p2|Incineroar, M|\n|poke|p2|Gastrodon-East, M|\n|poke|p2|Rillaboom, M|\n|poke|p2|Zygarde|\n|poke|p2|Amoonguss, M|\n|poke|p2|Chien-Pao|\n|teampreview\n|inactive|Battle timer is ON: inactive players will automatically lose when time's up. (requested by Mirzzza)\n|\n|t:|1699900693\n|start\n|switch|p1a: Baxcalibur|Baxcalibur, F|100\/100\n|switch|p1b: Sandslash|Sandslash-Alola, F|100\/100\n|switch|p2a: Chien-Pao|Chien-Pao|100\/100\n|switch|p2b: Incineroar|Incineroar, M, shiny|100\/100\n|-ability|p2a: Chien-Pao|Sword of Ruin\n|-ability|p2b: Incineroar|Intimidate|boost\n|-unboost|p1a: Baxcalibur|atk|1\n|-unboost|p1b: Sandslash|atk|1\n|turn|1\n|\n|t:|1699900715\n|move|p2b: Incineroar|Fake Out|p1a: Baxcalibur\n|-damage|p1a: Baxcalibur|81\/100\n|move|p2a: Chien-Pao|Sacred Sword|p1b: Sandslash\n|-supereffective|p1b: Sandslash\n|-enditem|p1b: Sandslash|Focus Sash\n|-damage|p1b: Sandslash|1\/100\n|move|p1b: Sandslash|Iron Head|p2a: Chien-Pao\n|-supereffective|p2a: Chien-Pao\n|-damage|p2a: Chien-Pao|29\/100\n|cant|p1a: Baxcalibur|flinch\n|\n|upkeep\n|turn|2\n|\n|t:|1699900732\n|move|p2a: Chien-Pao|Protect|p2a: Chien-Pao\n|-singleturn|p2a: Chien-Pao|Protect\n|move|p2b: Incineroar|Knock Off|p1a: Baxcalibur\n|-damage|p1a: Baxcalibur|17\/100\n|-enditem|p1a: Baxcalibur|Weakness Policy|[from] move: Knock Off|[of] p2b: Incineroar\n|move|p1b: Sandslash|Snowscape|p1b: Sandslash\n|-weather|Snow\n|move|p1a: Baxcalibur|Dragon Tail|p2b: Incineroar\n|-damage|p2b: Incineroar|71\/100\n|drag|p2b: Gastrodon|Gastrodon-East, M, shiny|100\/100\n|\n|-weather|Snow|[upkeep]\n|-heal|p1a: Baxcalibur|23\/100|[from] ability: Ice Body\n|upkeep\n|turn|3\n|\n|t:|1699900752\n|switch|p2b: Incineroar|Incineroar, M, shiny|71\/100\n|-ability|p2b: Incineroar|Intimidate|boost\n|-unboost|p1a: Baxcalibur|atk|1\n|-unboost|p1b: Sandslash|atk|1\n|move|p2a: Chien-Pao|Sacred Sword|p1b: Sandslash\n|-supereffective|p1b: Sandslash\n|-damage|p1b: Sandslash|0 fnt\n|faint|p1b: Sandslash\n|move|p1a: Baxcalibur|Avalanche|p2b: Incineroar\n|-resisted|p2b: Incineroar\n|-damage|p2b: Incineroar|60\/100\n|\n|-weather|Snow|[upkeep]\n|-heal|p1a: Baxcalibur|29\/100|[from] ability: Ice Body\n|upkeep\n|\n|t:|1699900768\n|switch|p1b: Maushold|Maushold-Four|100\/100\n|turn|4\n|\n|t:|1699900777\n|move|p2b: Incineroar|Fake Out|p1b: Maushold\n|-damage|p1b: Maushold|65\/100\n|move|p2a: Chien-Pao|Sacred Sword|p1a: Baxcalibur\n|-supereffective|p1a: Baxcalibur\n|-damage|p1a: Baxcalibur|0 fnt\n|faint|p1a: Baxcalibur\n|cant|p1b: Maushold|flinch\n|\n|-weather|Snow|[upkeep]\n|upkeep\n|\n|t:|1699900788\n|switch|p1a: Aron|Aron, M|100\/100\n|turn|5\n|\n|t:|1699900795\n|move|p2a: Chien-Pao|Sacred Sword|p1b: Maushold\n|-supereffective|p1b: Maushold\n|-damage|p1b: Maushold|0 fnt\n|faint|p1b: Maushold\n|move|p2b: Incineroar|Knock Off|p1a: Aron\n|-damage|p1a: Aron|21\/100\n|-enditem|p1a: Aron|Leftovers|[from] move: Knock Off|[of] p2b: Incineroar\n|move|p1a: Aron|Toxic|p2b: Incineroar\n|-status|p2b: Incineroar|tox\n|\n|-weather|Snow|[upkeep]\n|-damage|p2b: Incineroar|54\/100 tox|[from] psn\n|upkeep\n|\n|t:|1699900809\n|switch|p1b: Gliscor|Gliscor, F|100\/100\n|turn|6\n|\n|t:|1699900817\n|move|p2a: Chien-Pao|Ice Spinner|p1b: Gliscor\n|-supereffective|p1b: Gliscor\n|-damage|p1b: Gliscor|0 fnt\n|faint|p1b: Gliscor\n|move|p2b: Incineroar|Flare Blitz|p1a: Aron\n|-damage|p1a: Aron|0 fnt\n|faint|p1a: Aron\n|-damage|p2b: Incineroar|48\/100 tox|[from] Recoil\n|\n|-weather|none\n|-damage|p2b: Incineroar|36\/100 tox|[from] psn\n|upkeep\n|\n|t:|1699900833\n|switch|p1a: Kommo-o|Kommo-o, F|100\/100\n|turn|7\n|\n|t:|1699900837\n|switch|p2b: Amoonguss|Amoonguss, M|100\/100\n|move|p2a: Chien-Pao|Ice Spinner|p1a: Kommo-o\n|-supereffective|p1a: Kommo-o\n|-damage|p1a: Kommo-o|13\/100\n|-enditem|p1a: Kommo-o|Weakness Policy\n|-boost|p1a: Kommo-o|atk|2|[from] item: Weakness Policy\n|-boost|p1a: Kommo-o|spa|2|[from] item: Weakness Policy\n|move|p1a: Kommo-o|Bulk Up|p1a: Kommo-o\n|-boost|p1a: Kommo-o|atk|1\n|-boost|p1a: Kommo-o|def|1\n|\n|upkeep\n|turn|8\n|\n|t:|1699900857\n|move|p2a: Chien-Pao|Ice Spinner|p1a: Kommo-o\n|-supereffective|p1a: Kommo-o\n|-damage|p1a: Kommo-o|0 fnt\n|faint|p1a: Kommo-o\n|\n|win|Mirzzza\n|raw|Darklight7o2's rating: 1023 &rarr; <strong>1010<\/strong><br \/>(-13 for losing)\n|raw|Mirzzza's rating: 1043 &rarr; <strong>1075<\/strong><br \/>(+32 for winning)\n|l|\u2606Darklight7o2\n","uploadtime":1699900876,"views":5,"p1id":"darklight7o2","p2id":"mirzzza","formatid":"gen9nationaldexdoubles","rating":1010,"private":0,"password":""}