{"id":"gen9nationaldexdoubles-1974816030","p1":"Denvah_17","p2":"andretsai0706","format":"[Gen 9] National Dex Doubles","log":"|j|\u2606Denvah_17\n|j|\u2606andretsai0706\n|t:|1698129152\n|gametype|doubles\n|player|p1|Denvah_17|alder|1409\n|player|p2|andretsai0706|1|1515\n|teamsize|p1|6\n|teamsize|p2|6\n|gen|9\n|tier|[Gen 9] National Dex Doubles\n|rated|\n|rule|HP Percentage Mod: HP is shown in percentages\n|rule|Endless Battle Clause: Forcing endless battles is banned\n|rule|OHKO Clause: OHKO moves are banned\n|rule|Evasion Moves Clause: Evasion moves are banned\n|rule|Evasion Abilities Clause: Evasion abilities are banned\n|rule|Species Clause: Limit one of each Pok\u00e9mon\n|rule|Gravity Sleep Clause: The combination of sleep-inducing moves with imperfect accuracy and Gravity or Gigantamax Orbeetle are banned\n|clearpoke\n|poke|p1|Sinistcha-Masterpiece|\n|poke|p1|Diancie|\n|poke|p1|Okidogi, M|\n|poke|p1|Ursaluna-Bloodmoon, M|\n|poke|p1|Volcanion|\n|poke|p1|Golisopod, F|\n|poke|p2|Whimsicott, F|\n|poke|p2|Walking Wake|\n|poke|p2|Chi-Yu|\n|poke|p2|Flutter Mane|\n|poke|p2|Weezing, F|\n|poke|p2|Iron Hands|\n|teampreview\n|inactive|Battle timer is ON: inactive players will automatically lose when time's up. (requested by Denvah_17)\n|\n|t:|1698129192\n|start\n|switch|p1a: Rihanna|Diancie, shiny|100\/100\n|switch|p1b: NowThisIsPodRacing|Golisopod, F|100\/100\n|switch|p2a: Weezing|Weezing, F|100\/100\n|switch|p2b: Walking Wake|Walking Wake|100\/100\n|-ability|p2a: Weezing|Neutralizing Gas\n|turn|1\n|\n|t:|1698129209\n|move|p2b: Walking Wake|Protect|p2b: Walking Wake\n|-singleturn|p2b: Walking Wake|Protect\n|move|p1b: NowThisIsPodRacing|First Impression|p2b: Walking Wake\n|-activate|p2b: Walking Wake|move: Protect\n|move|p2a: Weezing|Taunt|p1a: Rihanna\n|-start|p1a: Rihanna|move: Taunt\n|cant|p1a: Rihanna|move: Taunt|Trick Room\n|\n|upkeep\n|turn|2\n|\n|t:|1698129225\n|switch|p1a: Mr. Saxobeat|Volcanion|100\/100\n|switch|p1b: Freddy Fazbear|Ursaluna-Bloodmoon, M|100\/100\n|move|p2b: Walking Wake|Hydro Steam|p1a: Mr. Saxobeat\n|-damage|p1a: Mr. Saxobeat|50\/100\n|-damage|p2b: Walking Wake|91\/100|[from] item: Life Orb\n|move|p2a: Weezing|Will-O-Wisp|p1b: Freddy Fazbear\n|-status|p1b: Freddy Fazbear|brn\n|\n|-heal|p1a: Mr. Saxobeat|56\/100|[from] item: Leftovers\n|-damage|p1b: Freddy Fazbear|95\/100 brn|[from] brn\n|upkeep\n|turn|3\n|\n|t:|1698129253\n|move|p2a: Weezing|Protect|p2a: Weezing\n|-singleturn|p2a: Weezing|Protect\n|move|p2b: Walking Wake|Hydro Steam|p1a: Mr. Saxobeat\n|-damage|p1a: Mr. Saxobeat|0 fnt\n|faint|p1a: Mr. Saxobeat\n|-damage|p2b: Walking Wake|81\/100|[from] item: Life Orb\n|move|p1b: Freddy Fazbear|Moonblast|p2b: Walking Wake\n|-supereffective|p2b: Walking Wake\n|-damage|p2b: Walking Wake|0 fnt\n|faint|p2b: Walking Wake\n|-end|p2b: Walking Wake|Protosynthesis|[silent]\n|\n|-heal|p1b: Freddy Fazbear|100\/100 brn|[from] item: Leftovers\n|-damage|p1b: Freddy Fazbear|95\/100 brn|[from] brn\n|upkeep\n|\n|t:|1698129272\n|switch|p2b: Iron Hands|Iron Hands|100\/100\n|switch|p1a: NowThisIsPodRacing|Golisopod, F|100\/100\n|turn|4\n|inactive|Denvah_17 has 120 seconds left.\n|inactive|Denvah_17 has 90 seconds left.\n|\n|t:|1698129360\n|switch|p1a: Rihanna|Diancie, shiny|100\/100\n|-terastallize|p1b: Freddy Fazbear|Ghost\n|move|p2b: Iron Hands|Fake Out|p1b: Freddy Fazbear\n|-immune|p1b: Freddy Fazbear\n|move|p2a: Weezing|Will-O-Wisp|p1a: Rihanna\n|-status|p1a: Rihanna|brn\n|move|p1b: Freddy Fazbear|Calm Mind|p1b: Freddy Fazbear\n|-boost|p1b: Freddy Fazbear|spa|1\n|-boost|p1b: Freddy Fazbear|spd|1\n|\n|-heal|p1b: Freddy Fazbear|100\/100 brn|[from] item: Leftovers\n|-damage|p1b: Freddy Fazbear|95\/100 brn|[from] brn\n|-damage|p1a: Rihanna|95\/100 brn|[from] brn\n|upkeep\n|turn|5\n|inactive|andretsai0706 has 120 seconds left.\n|\n|t:|1698129391\n|move|p2a: Weezing|Gunk Shot|p1a: Rihanna\n|-damage|p1a: Rihanna|67\/100 brn\n|move|p2b: Iron Hands|Heavy Slam|p1a: Rihanna\n|-supereffective|p1a: Rihanna\n|-damage|p1a: Rihanna|0 fnt\n|faint|p1a: Rihanna\n|move|p1b: Freddy Fazbear|Earth Power|p2b: Iron Hands\n|-supereffective|p2b: Iron Hands\n|-damage|p2b: Iron Hands|22\/100\n|\n|-heal|p1b: Freddy Fazbear|100\/100 brn|[from] item: Leftovers\n|-damage|p1b: Freddy Fazbear|95\/100 brn|[from] brn\n|upkeep\n|inactive|Denvah_17 has 60 seconds left.\n|\n|t:|1698129408\n|switch|p1a: NowThisIsPodRacing|Golisopod, F|100\/100\n|turn|6\n|\n|t:|1698129435\n|move|p1a: NowThisIsPodRacing|Aqua Jet|p2b: Iron Hands\n|-damage|p2b: Iron Hands|2\/100\n|-damage|p1a: NowThisIsPodRacing|91\/100|[from] item: Life Orb\n|move|p2a: Weezing|Will-O-Wisp|p1a: NowThisIsPodRacing|[miss]\n|-miss|p2a: Weezing|p1a: NowThisIsPodRacing\n|move|p2b: Iron Hands|Wild Charge|p1a: NowThisIsPodRacing\n|-supereffective|p1a: NowThisIsPodRacing\n|-damage|p1a: NowThisIsPodRacing|7\/100\n|-damage|p2b: Iron Hands|0 fnt|[from] Recoil\n|faint|p2b: Iron Hands\n|-end|p2b: Iron Hands|Quark Drive|[silent]\n|move|p1b: Freddy Fazbear|Earth Power|p2a: Weezing\n|-supereffective|p2a: Weezing\n|-damage|p2a: Weezing|0 fnt\n|faint|p2a: Weezing\n|-end|p2a: Weezing|ability: Neutralizing Gas\n|\n|-heal|p1b: Freddy Fazbear|100\/100 brn|[from] item: Leftovers\n|-damage|p1b: Freddy Fazbear|95\/100 brn|[from] brn\n|upkeep\n|inactive|andretsai0706 has 120 seconds left.\n|\n|t:|1698129459\n|switch|p2a: Flutter Mane|Flutter Mane|100\/100\n|switch|p2b: Whimsicott|Whimsicott, F|100\/100\n|turn|7\n|inactive|Denvah_17 has 90 seconds left.\n|\n|t:|1698129472\n|move|p2b: Whimsicott|Sunny Day|p2b: Whimsicott\n|-weather|SunnyDay\n|-activate|p2a: Flutter Mane|ability: Protosynthesis\n|-start|p2a: Flutter Mane|protosynthesisspa\n|move|p1a: NowThisIsPodRacing|Sucker Punch|p2a: Flutter Mane\n|-damage|p2a: Flutter Mane|39\/100\n|-damage|p1a: NowThisIsPodRacing|0 fnt|[from] item: Life Orb\n|faint|p1a: NowThisIsPodRacing\n|move|p2a: Flutter Mane|Shadow Ball|p1b: Freddy Fazbear\n|-supereffective|p1b: Freddy Fazbear\n|-damage|p1b: Freddy Fazbear|4\/100 brn\n|move|p1b: Freddy Fazbear|Hyper Voice|p2b: Whimsicott|[spread] p2a,p2b\n|-damage|p2a: Flutter Mane|0 fnt\n|-damage|p2b: Whimsicott|6\/100\n|faint|p2a: Flutter Mane\n|-end|p2a: Flutter Mane|Protosynthesis|[silent]\n|\n|-weather|SunnyDay|[upkeep]\n|-heal|p1b: Freddy Fazbear|10\/100 brn|[from] item: Leftovers\n|-damage|p1b: Freddy Fazbear|4\/100 brn|[from] brn\n|upkeep\n|\n|t:|1698129492\n|switch|p2a: Chi-Yu|Chi-Yu|100\/100\n|switch|p1a: Dogecoin|Okidogi, M|100\/100\n|-ability|p2a: Chi-Yu|Beads of Ruin\n|turn|8\n|\n|t:|1698129521\n|-terastallize|p2a: Chi-Yu|Ghost\n|move|p2b: Whimsicott|Energy Ball|p1b: Freddy Fazbear\n|-damage|p1b: Freddy Fazbear|0 fnt\n|faint|p1b: Freddy Fazbear\n|move|p2a: Chi-Yu|Overheat|p1a: Dogecoin\n|-damage|p1a: Dogecoin|0 fnt\n|-unboost|p2a: Chi-Yu|spa|2\n|faint|p1a: Dogecoin\n|\n|-weather|SunnyDay|[upkeep]\n|upkeep\n|\n|t:|1698129531\n|switch|p1b: Grass Latte|Sinistcha-Masterpiece|100\/100\n|turn|9\n|\n|t:|1698129537\n|move|p2b: Whimsicott|Energy Ball|p1b: Grass Latte\n|-resisted|p1b: Grass Latte\n|-damage|p1b: Grass Latte|78\/100\n|move|p2a: Chi-Yu|Overheat|p1b: Grass Latte\n|-supereffective|p1b: Grass Latte\n|-damage|p1b: Grass Latte|0 fnt\n|-unboost|p2a: Chi-Yu|spa|2\n|faint|p1b: Grass Latte\n|\n|win|andretsai0706\n|raw|Denvah_17's rating: 1409 &rarr; <strong>1395<\/strong><br \/>(-14 for losing)\n|raw|andretsai0706's rating: 1515 &rarr; <strong>1529<\/strong><br \/>(+14 for winning)\n|l|\u2606Denvah_17\n|l|\u2606andretsai0706\n|j|\u2606andretsai0706\n|player|p2|andretsai0706|1\n","uploadtime":1698129993,"views":17,"p1id":"denvah17","p2id":"andretsai0706","formatid":"gen9nationaldexdoubles","rating":1395,"private":0,"password":""}