{"id":"gen9nationaldexdoubles-1976927703","p1":"kr049w","p2":"fumbari 24","format":"[Gen 9] National Dex Doubles","log":"|j|\u2606kr049w\n|j|\u2606fumbari 24\n|t:|1698353203\n|gametype|doubles\n|player|p1|kr049w|pokemonbreederf-gen4|1314\n|player|p2|fumbari 24|hilbert|1482\n|teamsize|p1|6\n|teamsize|p2|6\n|gen|9\n|tier|[Gen 9] National Dex Doubles\n|rated|\n|rule|HP Percentage Mod: HP is shown in percentages\n|rule|Endless Battle Clause: Forcing endless battles is banned\n|rule|OHKO Clause: OHKO moves are banned\n|rule|Evasion Moves Clause: Evasion moves are banned\n|rule|Evasion Abilities Clause: Evasion abilities are banned\n|rule|Species Clause: Limit one of each Pok\u00e9mon\n|rule|Gravity Sleep Clause: The combination of sleep-inducing moves with imperfect accuracy and Gravity or Gigantamax Orbeetle are banned\n|clearpoke\n|poke|p1|Shiftry, F|\n|poke|p1|Tornadus, M|\n|poke|p1|Flutter Mane|\n|poke|p1|Ting-Lu|\n|poke|p1|Ninetales-Alola, M|\n|poke|p1|Moltres-Galar|\n|poke|p2|Blastoise, M|\n|poke|p2|Braviary, M|\n|poke|p2|Chien-Pao|\n|poke|p2|Landorus-Therian, M|\n|poke|p2|Armarouge, M|\n|poke|p2|Arboliva, F|\n|teampreview\n|inactive|Battle timer is ON: inactive players will automatically lose when time's up. (requested by kr049w)\n|c|\u2606kr049w|Good luck!! :)\n|inactive|fumbari 24 has 120 seconds left.\n|\n|t:|1698353235\n|start\n|switch|p1a: The dude|Tornadus, M|100\/100\n|switch|p1b: Jose|Shiftry, F|100\/100\n|switch|p2a: Frossbit|Chien-Pao|100\/100\n|switch|p2b: Huayco|Landorus-Therian, M|100\/100\n|-ability|p2b: Huayco|Intimidate|boost\n|-unboost|p1a: The dude|atk|1\n|-unboost|p1b: Jose|atk|1\n|-ability|p2a: Frossbit|Sword of Ruin\n|turn|1\n|\n|t:|1698353252\n|move|p1b: Jose|Protect|p1b: Jose\n|-singleturn|p1b: Jose|Protect\n|move|p1a: The dude|Tailwind|p1a: The dude\n|-sidestart|p1: kr049w|move: Tailwind\n|-ability|p1b: Jose|Wind Rider|boost\n|-boost|p1b: Jose|atk|1\n|move|p2b: Huayco|U-turn|p1b: Jose\n|-activate|p1b: Jose|move: Protect\n|move|p2a: Frossbit|Ice Spinner|p1a: The dude\n|-supereffective|p1a: The dude\n|-damage|p1a: The dude|0 fnt\n|faint|p1a: The dude\n|\n|upkeep\n|inactive|kr049w has 120 seconds left.\n|\n|t:|1698353287\n|switch|p1a: Birb owner|Ninetales-Alola, M, shiny|100\/100\n|-weather|Snow|[from] ability: Snow Warning|[of] p1a: Birb owner\n|turn|2\n|\n|t:|1698353299\n|switch|p1b: Birb|Moltres-Galar|100\/100\n|move|p1a: Birb owner|Aurora Veil|p1a: Birb owner\n|-sidestart|p1: kr049w|move: Aurora Veil\n|move|p2b: Huayco|U-turn|p1b: Birb\n|-damage|p1b: Birb|74\/100\n|\n|t:|1698353311\n|switch|p2b: Wildfire|Armarouge, M|100\/100|[from] U-turn\n|move|p2a: Frossbit|Ice Spinner|p1b: Birb\n|-supereffective|p1b: Birb\n|-damage|p1b: Birb|0 fnt\n|faint|p1b: Birb\n|\n|-weather|Snow|[upkeep]\n|upkeep\n|c|\u2606kr049w|ooooopsie\n|inactive|kr049w has 120 seconds left.\n|\n|t:|1698353331\n|switch|p1b: Beep beep|Ting-Lu|100\/100\n|-ability|p1b: Beep beep|Vessel of Ruin\n|turn|3\n|\n|t:|1698353352\n|move|p1a: Birb owner|Protect|p1a: Birb owner\n|-singleturn|p1a: Birb owner|Protect\n|move|p2a: Frossbit|Ice Spinner|p1b: Beep beep\n|-supereffective|p1b: Beep beep\n|-damage|p1b: Beep beep|65\/100\n|move|p1b: Beep beep|Earthquake|p2b: Wildfire|[spread] p2a,p2b\n|-activate|p1a: Birb owner|move: Protect\n|-supereffective|p2b: Wildfire\n|-damage|p2a: Frossbit|75\/100\n|-damage|p2b: Wildfire|34\/100\n|move|p2b: Wildfire|Heat Wave|p1b: Beep beep|[spread] p1b\n|-activate|p1a: Birb owner|move: Protect\n|-damage|p1b: Beep beep|58\/100\n|\n|-weather|Snow|[upkeep]\n|upkeep\n|turn|4\n|inactive|kr049w has 120 seconds left.\n|\n|t:|1698353386\n|switch|p1a: Jose|Shiftry, F|100\/100\n|-ability|p1a: Jose|Wind Rider|boost\n|-boost|p1a: Jose|atk|1\n|switch|p2b: Olivia|Arboliva, F|100\/100\n|move|p2a: Frossbit|Protect|p2a: Frossbit\n|-singleturn|p2a: Frossbit|Protect\n|move|p1b: Beep beep|Rock Slide|p2a: Frossbit|[spread] p2b\n|-activate|p2a: Frossbit|move: Protect\n|-damage|p2b: Olivia|84\/100\n|-fieldstart|move: Grassy Terrain|[from] ability: Seed Sower|[of] p2b: Olivia\n|\n|-weather|Snow|[upkeep]\n|-heal|p2a: Frossbit|81\/100|[from] Grassy Terrain\n|-heal|p1b: Beep beep|64\/100|[from] Grassy Terrain\n|-heal|p2b: Olivia|90\/100|[from] Grassy Terrain\n|-heal|p2b: Olivia|96\/100|[from] item: Leftovers\n|-sideend|p1: kr049w|move: Tailwind\n|upkeep\n|turn|5\n|\n|t:|1698353410\n|-terastallize|p1a: Jose|Normal\n|move|p1a: Jose|Fake Out|p2a: Frossbit\n|-damage|p2a: Frossbit|52\/100\n|-damage|p1a: Jose|91\/100|[from] item: Life Orb\n|cant|p2a: Frossbit|flinch\n|move|p1b: Beep beep|Body Press|p2b: Olivia\n|-supereffective|p2b: Olivia\n|-damage|p2b: Olivia|42\/100\n|move|p2b: Olivia|Strength Sap|p1b: Beep beep\n|-unboost|p1b: Beep beep|atk|1\n|-heal|p2b: Olivia|100\/100\n|\n|-weather|Snow|[upkeep]\n|-heal|p2a: Frossbit|58\/100|[from] Grassy Terrain\n|-heal|p1a: Jose|97\/100|[from] Grassy Terrain\n|-heal|p1b: Beep beep|71\/100|[from] Grassy Terrain\n|upkeep\n|turn|6\n|\n|t:|1698353432\n|move|p2a: Frossbit|Sacred Sword|p1a: Jose\n|-supereffective|p1a: Jose\n|-crit|p1a: Jose\n|-damage|p1a: Jose|0 fnt\n|faint|p1a: Jose\n|move|p1b: Beep beep|Body Press|p2a: Frossbit\n|-supereffective|p2a: Frossbit\n|-damage|p2a: Frossbit|0 fnt\n|faint|p2a: Frossbit\n|move|p2b: Olivia|Pollen Puff|p2: Frossbit|[notarget]\n|-fail|p2b: Olivia\n|\n|-weather|none\n|-heal|p1b: Beep beep|77\/100|[from] Grassy Terrain\n|-sideend|p1: kr049w|move: Aurora Veil\n|upkeep\n|\n|t:|1698353446\n|switch|p2a: Wildfire|Armarouge, M|34\/100\n|switch|p1a: Birb owner|Ninetales-Alola, M, shiny|100\/100\n|-weather|Snow|[from] ability: Snow Warning|[of] p1a: Birb owner\n|turn|7\n|\n|t:|1698353463\n|move|p1a: Birb owner|Aurora Veil|p1a: Birb owner\n|-sidestart|p1: kr049w|move: Aurora Veil\n|move|p1b: Beep beep|Rock Slide|p2a: Wildfire|[spread] p2a,p2b\n|-supereffective|p2a: Wildfire\n|-damage|p2a: Wildfire|17\/100\n|-damage|p2b: Olivia|92\/100\n|cant|p2b: Olivia|flinch\n|move|p2a: Wildfire|Trick Room|p2a: Wildfire\n|-fieldstart|move: Trick Room|[of] p2a: Wildfire\n|\n|-weather|Snow|[upkeep]\n|-heal|p2b: Olivia|99\/100|[from] Grassy Terrain\n|-heal|p2b: Olivia|100\/100|[from] item: Leftovers\n|-heal|p1b: Beep beep|83\/100|[from] Grassy Terrain\n|-heal|p2a: Wildfire|23\/100|[from] Grassy Terrain\n|upkeep\n|turn|8\n|\n|t:|1698353482\n|-terastallize|p2b: Olivia|Normal\n|move|p2a: Wildfire|Wide Guard|p2a: Wildfire\n|-singleturn|p2a: Wildfire|Wide Guard\n|move|p1a: Birb owner|Ice Shard|p2b: Olivia\n|-damage|p2b: Olivia|93\/100\n|move|p2b: Olivia|Pollen Puff|p2a: Wildfire\n|-heal|p2a: Wildfire|73\/100\n|move|p1b: Beep beep|Bulldoze|p2b: Olivia|[spread] p1a\n|-activate|p2a: Wildfire|move: Wide Guard\n|-activate|p2b: Olivia|move: Wide Guard\n|-damage|p1a: Birb owner|97\/100\n|-unboost|p1a: Birb owner|spe|1\n|\n|-weather|Snow|[upkeep]\n|-heal|p2b: Olivia|99\/100|[from] Grassy Terrain\n|-heal|p2b: Olivia|100\/100|[from] item: Leftovers\n|-heal|p1b: Beep beep|89\/100|[from] Grassy Terrain\n|-heal|p2a: Wildfire|79\/100|[from] Grassy Terrain\n|-heal|p1a: Birb owner|100\/100|[from] Grassy Terrain\n|-fieldend|move: Grassy Terrain\n|upkeep\n|turn|9\n|\n|t:|1698353502\n|move|p2b: Olivia|Giga Drain|p1b: Beep beep\n|-supereffective|p1b: Beep beep\n|-damage|p1b: Beep beep|74\/100\n|move|p1b: Beep beep|Body Press|p2b: Olivia\n|-supereffective|p2b: Olivia\n|-damage|p2b: Olivia|63\/100\n|-fieldstart|move: Grassy Terrain|[from] ability: Seed Sower|[of] p2b: Olivia\n|move|p2a: Wildfire|Heat Wave|p1a: Birb owner|[spread] p1a,p1b\n|-supereffective|p1a: Birb owner\n|-damage|p1a: Birb owner|66\/100\n|-damage|p1b: Beep beep|67\/100\n|move|p1a: Birb owner|Blizzard|p2a: Wildfire|[spread] p2a,p2b\n|-resisted|p2a: Wildfire\n|-damage|p2a: Wildfire|71\/100\n|-damage|p2b: Olivia|48\/100\n|\n|-weather|Snow|[upkeep]\n|-heal|p2b: Olivia|54\/100|[from] Grassy Terrain\n|-heal|p2b: Olivia|60\/100|[from] item: Leftovers\n|-heal|p1b: Beep beep|74\/100|[from] Grassy Terrain\n|-heal|p2a: Wildfire|77\/100|[from] Grassy Terrain\n|-heal|p1a: Birb owner|72\/100|[from] Grassy Terrain\n|-heal|p1a: Birb owner|78\/100|[from] item: Leftovers\n|upkeep\n|turn|10\n|inactive|kr049w has 120 seconds left.\n|\n|t:|1698353535\n|move|p2b: Olivia|Strength Sap|p1b: Beep beep\n|-unboost|p1b: Beep beep|atk|1\n|-heal|p2b: Olivia|100\/100\n|move|p1b: Beep beep|Body Press|p2b: Olivia\n|-supereffective|p2b: Olivia\n|-damage|p2b: Olivia|59\/100\n|move|p2a: Wildfire|Heat Wave|p1a: Birb owner|[spread] p1a,p1b\n|-supereffective|p1a: Birb owner\n|-damage|p1a: Birb owner|47\/100\n|-damage|p1b: Beep beep|67\/100\n|move|p1a: Birb owner|Blizzard|p2b: Olivia|[spread] p2a,p2b\n|-resisted|p2a: Wildfire\n|-damage|p2a: Wildfire|69\/100\n|-damage|p2b: Olivia|44\/100\n|\n|-weather|Snow|[upkeep]\n|-heal|p2b: Olivia|50\/100|[from] Grassy Terrain\n|-heal|p2b: Olivia|57\/100|[from] item: Leftovers\n|-heal|p1b: Beep beep|73\/100|[from] Grassy Terrain\n|-heal|p2a: Wildfire|75\/100|[from] Grassy Terrain\n|-heal|p1a: Birb owner|53\/100|[from] Grassy Terrain\n|-heal|p1a: Birb owner|59\/100|[from] item: Leftovers\n|upkeep\n|turn|11\n|\n|t:|1698353560\n|switch|p1a: Florida|Flutter Mane|100\/100\n|move|p2b: Olivia|Giga Drain|p1b: Beep beep\n|-supereffective|p1b: Beep beep\n|-damage|p1b: Beep beep|55\/100\n|-heal|p2b: Olivia|70\/100|[from] drain|[of] p1b: Beep beep\n|move|p1b: Beep beep|Rock Slide|p2b: Olivia|[spread] p2a,p2b\n|-supereffective|p2a: Wildfire\n|-damage|p2a: Wildfire|62\/100\n|-damage|p2b: Olivia|64\/100\n|move|p2a: Wildfire|Heat Wave|p1a: Florida|[spread] p1b\n|-miss|p2a: Wildfire|p1a: Florida\n|-damage|p1b: Beep beep|49\/100\n|\n|-weather|none\n|-heal|p2b: Olivia|70\/100|[from] Grassy Terrain\n|-heal|p2b: Olivia|76\/100|[from] item: Leftovers\n|-heal|p1b: Beep beep|55\/100|[from] Grassy Terrain\n|-heal|p2a: Wildfire|68\/100|[from] Grassy Terrain\n|-sideend|p1: kr049w|move: Aurora Veil\n|-fieldend|move: Trick Room\n|upkeep\n|turn|12\n|inactive|kr049w has 120 seconds left.\n|\n|t:|1698353598\n|move|p1a: Florida|Psyshock|p2b: Olivia\n|-damage|p2b: Olivia|50\/100\n|move|p1b: Beep beep|Rock Slide|p2a: Wildfire|[spread] p2a,p2b\n|-supereffective|p2a: Wildfire\n|-damage|p2a: Wildfire|55\/100\n|-damage|p2b: Olivia|44\/100\n|move|p2b: Olivia|Giga Drain|p1b: Beep beep\n|-supereffective|p1b: Beep beep\n|-damage|p1b: Beep beep|27\/100\n|-heal|p2b: Olivia|64\/100|[from] drain|[of] p1b: Beep beep\n|move|p2a: Wildfire|Trick Room|p2a: Wildfire\n|-fieldstart|move: Trick Room|[of] p2a: Wildfire\n|\n|-heal|p2b: Olivia|70\/100|[from] Grassy Terrain\n|-heal|p2b: Olivia|76\/100|[from] item: Leftovers\n|-heal|p1b: Beep beep|33\/100|[from] Grassy Terrain\n|-heal|p2a: Wildfire|61\/100|[from] Grassy Terrain\n|upkeep\n|turn|13\n|c|\u2606kr049w|good game\n|inactive|kr049w has 120 seconds left.\n|-message|kr049w forfeited.\n|\n|win|fumbari 24\n|raw|kr049w's rating: 1314 &rarr; <strong>1303<\/strong><br \/>(-11 for losing)\n|raw|fumbari 24's rating: 1482 &rarr; <strong>1493<\/strong><br \/>(+11 for winning)\n|l|\u2606kr049w\n","uploadtime":1698353623,"views":12,"p1id":"kr049w","p2id":"fumbari24","formatid":"gen9nationaldexdoubles","rating":1303,"private":0,"password":""}