{"id":"gen9nationaldexdoubles-1978981544","p1":"hanagakiUBD","p2":"Dan07B","format":"[Gen 9] National Dex Doubles","log":"|j|\u2606hanagakiUBD\n|j|\u2606Dan07B\n|t:|1698617321\n|gametype|doubles\n|player|p1|hanagakiUBD|iris-gen5bw2|\n|player|p2|Dan07B|pokemonranger-gen4|\n|teamsize|p1|6\n|teamsize|p2|6\n|gen|9\n|tier|[Gen 9] National Dex Doubles\n|rule|HP Percentage Mod: HP is shown in percentages\n|rule|Endless Battle Clause: Forcing endless battles is banned\n|rule|OHKO Clause: OHKO moves are banned\n|rule|Evasion Moves Clause: Evasion moves are banned\n|rule|Evasion Abilities Clause: Evasion abilities are banned\n|rule|Species Clause: Limit one of each Pok\u00e9mon\n|rule|Gravity Sleep Clause: The combination of sleep-inducing moves with imperfect accuracy and Gravity or Gigantamax Orbeetle are banned\n|clearpoke\n|poke|p1|Marshadow|\n|poke|p1|Zamazenta-*|\n|poke|p1|Kommo-o, F|\n|poke|p1|Sneasler, M|\n|poke|p1|Iron Valiant|\n|poke|p1|Urshifu-*, F|\n|poke|p2|Metagross|\n|poke|p2|Greninja-*, M|\n|poke|p2|Infernape, M|\n|poke|p2|Iron Valiant|\n|poke|p2|Lycanroc-Dusk, M|\n|poke|p2|Latias, F|\n|teampreview\n|inactive|Battle timer is ON: inactive players will automatically lose when time's up. (requested by hanagakiUBD)\n|\n|t:|1698617344\n|start\n|switch|p1a: Marshadow|Marshadow|100\/100\n|switch|p1b: Urshifu|Urshifu-Rapid-Strike, F|100\/100\n|switch|p2a: Perturabo|Metagross|100\/100\n|switch|p2b: Infernape|Infernape, M|100\/100\n|turn|1\n|\n|t:|1698617356\n|move|p2b: Infernape|Acrobatics|p1a: Marshadow\n|-supereffective|p1a: Marshadow\n|-damage|p1a: Marshadow|61\/100\n|move|p1a: Marshadow|Spectral Thief|p2a: Perturabo\n|-supereffective|p2a: Perturabo\n|-damage|p2a: Perturabo|43\/100\n|move|p1b: Urshifu|Surging Strikes|p2b: Infernape\n|-supereffective|p2b: Infernape\n|-crit|p2b: Infernape\n|-damage|p2b: Infernape|36\/100\n|-supereffective|p2b: Infernape\n|-crit|p2b: Infernape\n|-damage|p2b: Infernape|0 fnt\n|faint|p2b: Infernape\n|-hitcount|p2: Infernape|2\n|move|p2a: Perturabo|Reflect|p2a: Perturabo\n|-sidestart|p2: Dan07B|Reflect\n|\n|upkeep\n|\n|t:|1698617363\n|switch|p2b: Silent sister|Latias, F|100\/100\n|turn|2\n|\n|t:|1698617375\n|move|p1a: Marshadow|Spectral Thief|p2a: Perturabo\n|-supereffective|p2a: Perturabo\n|-damage|p2a: Perturabo|3\/100\n|-enditem|p2a: Perturabo|Aguav Berry|[eat]\n|-heal|p2a: Perturabo|36\/100|[from] item: Aguav Berry\n|move|p2b: Silent sister|Psychic|p1b: Urshifu\n|-supereffective|p1b: Urshifu\n|-enditem|p1b: Urshifu|Focus Sash\n|-damage|p1b: Urshifu|1\/100\n|move|p1b: Urshifu|Surging Strikes|p2a: Perturabo\n|-crit|p2a: Perturabo\n|-damage|p2a: Perturabo|24\/100\n|-crit|p2a: Perturabo\n|-damage|p2a: Perturabo|10\/100\n|-crit|p2a: Perturabo\n|-damage|p2a: Perturabo|0 fnt\n|faint|p2a: Perturabo\n|-hitcount|p2: Perturabo|3\n|\n|upkeep\n|\n|t:|1698617381\n|switch|p2a: Muichiro|Greninja, M|100\/100\n|turn|3\n|\n|t:|1698617401\n|move|p1a: Marshadow|Close Combat|p2a: Muichiro\n|-supereffective|p2a: Muichiro\n|-enditem|p2a: Muichiro|Focus Sash\n|-damage|p2a: Muichiro|1\/100\n|-unboost|p1a: Marshadow|def|1\n|-unboost|p1a: Marshadow|spd|1\n|move|p2b: Silent sister|Psychic|p1b: Urshifu\n|-supereffective|p1b: Urshifu\n|-damage|p1b: Urshifu|0 fnt\n|faint|p1b: Urshifu\n|move|p2a: Muichiro|Extrasensory|p1a: Marshadow\n|-supereffective|p1a: Marshadow\n|-damage|p1a: Marshadow|0 fnt\n|faint|p1a: Marshadow\n|-ability|p2a: Muichiro|Battle Bond|boost\n|-boost|p2a: Muichiro|atk|1\n|-boost|p2a: Muichiro|spa|1\n|-boost|p2a: Muichiro|spe|1\n|-activate|p2a: Muichiro|ability: Battle Bond\n|\n|upkeep\n|inactive|hanagakiUBD has 270 seconds left.\n|\n|t:|1698617417\n|switch|p1a: Sneasler|Sneasler, M|100\/100\n|switch|p1b: Kommo-o|Kommo-o, F|100\/100\n|-item|p1a: Sneasler|Air Balloon\n|turn|4\n|\n|t:|1698617429\n|move|p1a: Sneasler|Fake Out|p2a: Muichiro\n|-damage|p2a: Muichiro|0 fnt\n|faint|p2a: Muichiro\n|move|p2b: Silent sister|Psychic|p1a: Sneasler\n|-supereffective|p1a: Sneasler\n|-damage|p1a: Sneasler|0 fnt\n|-enditem|p1a: Sneasler|Air Balloon\n|faint|p1a: Sneasler\n|-zpower|p1b: Kommo-o\n|move|p1b: Kommo-o|Clangorous Soulblaze|p2b: Silent sister|[zeffect]\n|-supereffective|p2b: Silent sister\n|-enditem|p2b: Silent sister|Focus Sash\n|-damage|p2b: Silent sister|1\/100\n|-boost|p1b: Kommo-o|atk|1\n|-boost|p1b: Kommo-o|def|1\n|-boost|p1b: Kommo-o|spa|1\n|-boost|p1b: Kommo-o|spd|1\n|-boost|p1b: Kommo-o|spe|1\n|\n|upkeep\n|\n|t:|1698617448\n|switch|p2a: Lion'el|Iron Valiant|100\/100\n|switch|p1a: Iron Valiant|Iron Valiant|100\/100\n|-enditem|p2a: Lion'el|Booster Energy\n|-activate|p2a: Lion'el|ability: Quark Drive|[fromitem]\n|-start|p2a: Lion'el|quarkdrivespe\n|-enditem|p1a: Iron Valiant|Booster Energy\n|-activate|p1a: Iron Valiant|ability: Quark Drive|[fromitem]\n|-start|p1a: Iron Valiant|quarkdrivespe\n|turn|5\n|\n|t:|1698617459\n|move|p2a: Lion'el|Moonblast|p1b: Kommo-o\n|-supereffective|p1b: Kommo-o\n|-damage|p1b: Kommo-o|0 fnt\n|faint|p1b: Kommo-o\n|move|p1a: Iron Valiant|Moonblast|p2a: Lion'el\n|-supereffective|p2a: Lion'el\n|-damage|p2a: Lion'el|0 fnt\n|faint|p2a: Lion'el\n|-end|p2a: Lion'el|Quark Drive|[silent]\n|move|p2b: Silent sister|Psychic|p1a: Iron Valiant\n|-supereffective|p1a: Iron Valiant\n|-crit|p1a: Iron Valiant\n|-damage|p1a: Iron Valiant|0 fnt\n|faint|p1a: Iron Valiant\n|-end|p1a: Iron Valiant|Quark Drive|[silent]\n|\n|-sideend|p2: Dan07B|Reflect\n|upkeep\n|\n|t:|1698617466\n|switch|p2a: Leman Russ|Lycanroc-Dusk, M, shiny|100\/100\n|switch|p1b: Zamazenta|Zamazenta|100\/100\n|-ability|p1b: Zamazenta|Dauntless Shield|boost\n|-boost|p1b: Zamazenta|def|1\n|turn|6\n|c|\u2606hanagakiUBD|Perder\u00e9?\n|\n|t:|1698617479\n|move|p2a: Leman Russ|Psychic Fangs|p1b: Zamazenta\n|-supereffective|p1b: Zamazenta\n|-damage|p1b: Zamazenta|56\/100\n|move|p1b: Zamazenta|Body Press|p2b: Silent sister\n|-resisted|p2b: Silent sister\n|-crit|p2b: Silent sister\n|-damage|p2b: Silent sister|0 fnt\n|faint|p2b: Silent sister\n|\n|-heal|p1b: Zamazenta|62\/100|[from] item: Leftovers\n|upkeep\n|turn|7\n|\n|t:|1698617482\n|move|p2a: Leman Russ|Psychic Fangs|p1b: Zamazenta\n|-supereffective|p1b: Zamazenta\n|-crit|p1b: Zamazenta\n|-damage|p1b: Zamazenta|0 fnt\n|faint|p1b: Zamazenta\n|\n|win|Dan07B\n|c|\u2606Dan07B|Gg\n|c|\u2606hanagakiUBD|\u00c9pico\n|c|\u2606hanagakiUBD|Gg\n","uploadtime":1698617498,"views":9,"p1id":"hanagakiubd","p2id":"dan07b","formatid":"gen9nationaldexdoubles","rating":0,"private":0,"password":""}