{"id":"gen9nationaldexdoubles-1956516014","p1":"Bananamann457","p2":"S1r.sweepsaLot","format":"[Gen 9] National Dex Doubles","log":"|j|\u2606Bananamann457\n|j|\u2606S1r.sweepsaLot\n|t:|1696115987\n|gametype|doubles\n|player|p1|Bananamann457|scientist-gen4|\n|player|p2|S1r.sweepsaLot|marshal|\n|teamsize|p1|6\n|teamsize|p2|6\n|gen|9\n|tier|[Gen 9] National Dex Doubles\n|rule|HP Percentage Mod: HP is shown in percentages\n|rule|Endless Battle Clause: Forcing endless battles is banned\n|rule|OHKO Clause: OHKO moves are banned\n|rule|Evasion Moves Clause: Evasion moves are banned\n|rule|Evasion Abilities Clause: Evasion abilities are banned\n|rule|Species Clause: Limit one of each Pok\u00e9mon\n|rule|Gravity Sleep Clause: The combination of sleep-inducing moves with imperfect accuracy and Gravity or Gigantamax Orbeetle are banned\n|clearpoke\n|poke|p1|Mudsdale, M|\n|poke|p1|Flutter Mane|\n|poke|p1|Palafin, F|\n|poke|p1|Arcanine, M|\n|poke|p1|Whimsicott, F|\n|poke|p1|Lucario, F|\n|poke|p2|Tyranitar, M|\n|poke|p2|Excadrill, F|\n|poke|p2|Togekiss, M|\n|poke|p2|Kommo-o, F|\n|poke|p2|Gholdengo|\n|poke|p2|Incineroar, F|\n|teampreview\n|j| Pugplayer\n|j| peeepee\n|j| thundervoltss\n|\n|t:|1696116099\n|start\n|switch|p1a: Bestest Boy|Whimsicott, F|100\/100\n|switch|p1b: All Might|Palafin, F|100\/100\n|switch|p2a: Godzilla|Tyranitar, M|100\/100\n|switch|p2b: Home Depot|Excadrill, F|100\/100\n|-weather|Sandstorm|[from] ability: Sand Stream|[of] p2a: Godzilla\n|turn|1\n|c| thundervoltss|you put me against sivy cuz youre scared of both of us and wanted one of us to lose\n|c|\u2606S1r.sweepsaLot|i spun a wheel bruv\n|c| thundervoltss|uhuh sure\n|c|\u2606Bananamann457|yeah there was no recorded proof\n|\n|t:|1696116162\n|-terastallize|p1b: All Might|Water\n|move|p2b: Home Depot|Protect|p2b: Home Depot\n|-singleturn|p2b: Home Depot|Protect\n|move|p1a: Bestest Boy|Taunt|p2b: Home Depot\n|-activate|p2b: Home Depot|move: Protect\n|move|p1b: All Might|Wave Crash|p2a: Godzilla\n|-supereffective|p2a: Godzilla\n|-damage|p2a: Godzilla|0 fnt\n|faint|p2a: Godzilla\n|-damage|p1b: All Might|66\/100|[from] Recoil\n|\n|-weather|Sandstorm|[upkeep]\n|-damage|p1a: Bestest Boy|94\/100|[from] Sandstorm\n|-damage|p1b: All Might|60\/100|[from] Sandstorm\n|upkeep\n|\n|t:|1696116174\n|switch|p2a: Nala|Incineroar, F|100\/100\n|-ability|p2a: Nala|Intimidate|boost\n|-unboost|p1a: Bestest Boy|atk|1\n|-unboost|p1b: All Might|atk|1\n|turn|2\n|\n|t:|1696116197\n|detailschange|p1b: All Might|Palafin-Hero, F, tera:Water\n|switch|p1b: Mudsdale|Mudsdale, M|100\/100\n|move|p1a: Bestest Boy|Tailwind|p1a: Bestest Boy\n|-sidestart|p1: Bananamann457|move: Tailwind\n|move|p2b: Home Depot|High Horsepower|p1b: Mudsdale\n|-damage|p1b: Mudsdale|35\/100\n|-ability|p1b: Mudsdale|Stamina|boost\n|-boost|p1b: Mudsdale|def|1\n|-damage|p2b: Home Depot|91\/100|[from] item: Life Orb\n|move|p2a: Nala|Flare Blitz|p1a: Bestest Boy\n|-supereffective|p1a: Bestest Boy\n|-damage|p1a: Bestest Boy|0 fnt\n|faint|p1a: Bestest Boy\n|-damage|p2a: Nala|80\/100|[from] Recoil\n|\n|-weather|Sandstorm|[upkeep]\n|-damage|p2a: Nala|74\/100|[from] Sandstorm\n|upkeep\n|\n|t:|1696116207\n|switch|p1a: All Might|Palafin-Hero, F, tera:Water|60\/100\n|-activate|p1a: All Might|ability: Zero to Hero\n|turn|3\n|\n|t:|1696116218\n|-terastallize|p2a: Nala|Water\n|move|p2b: Home Depot|Protect|p2b: Home Depot\n|-singleturn|p2b: Home Depot|Protect\n|move|p1a: All Might|Wave Crash|p2a: Nala\n|-resisted|p2a: Nala\n|-damage|p2a: Nala|16\/100\n|-enditem|p2a: Nala|Figy Berry|[eat]\n|-heal|p2a: Nala|49\/100|[from] item: Figy Berry\n|-damage|p1a: All Might|40\/100|[from] Recoil\n|move|p1b: Mudsdale|High Horsepower|p2b: Home Depot\n|-activate|p2b: Home Depot|move: Protect\n|move|p2a: Nala|Parting Shot|p1a: All Might\n|-unboost|p1a: All Might|atk|1\n|-unboost|p1a: All Might|spa|1\n|c| Pugplayer|No coincidence that you paired people in the vc against each other, and the 2 out of it against each other\n|\n|t:|1696116232\n|switch|p2a: Look at Me|Togekiss, M|100\/100|[from] Parting Shot\n|\n|-weather|Sandstorm|[upkeep]\n|-damage|p1a: All Might|34\/100|[from] Sandstorm\n|upkeep\n|turn|4\n|c|\u2606Bananamann457|fax\n|c| thundervoltss|literally\n|c|\u2606S1r.sweepsaLot|omg\n|\n|t:|1696116253\n|move|p1a: All Might|Protect|p1a: All Might\n|-singleturn|p1a: All Might|Protect\n|move|p2a: Look at Me|Follow Me|p2a: Look at Me\n|-singleturn|p2a: Look at Me|move: Follow Me\n|move|p2b: Home Depot|Earthquake|p1a: All Might|[spread] p1b\n|-activate|p1a: All Might|move: Protect\n|-immune|p2a: Look at Me\n|-damage|p1b: Mudsdale|5\/100\n|-ability|p1b: Mudsdale|Stamina|boost\n|-boost|p1b: Mudsdale|def|1\n|-damage|p2b: Home Depot|81\/100|[from] item: Life Orb\n|move|p1b: Mudsdale|Iron Head|p2a: Look at Me\n|-supereffective|p2a: Look at Me\n|-damage|p2a: Look at Me|54\/100\n|\n|-weather|Sandstorm|[upkeep]\n|-damage|p1a: All Might|28\/100|[from] Sandstorm\n|upkeep\n|turn|5\n|c|\u2606S1r.sweepsaLot|wheel i spun it\n|\n|t:|1696116273\n|move|p2a: Look at Me|Follow Me|p2a: Look at Me\n|-singleturn|p2a: Look at Me|move: Follow Me\n|move|p2b: Home Depot|Earthquake|p1a: All Might|[spread] p1a,p1b\n|-immune|p2a: Look at Me\n|-damage|p1a: All Might|0 fnt\n|-damage|p1b: Mudsdale|0 fnt\n|faint|p1a: All Might\n|faint|p1b: Mudsdale\n|-damage|p2b: Home Depot|71\/100|[from] item: Life Orb\n|\n|-weather|none\n|-sideend|p1: Bananamann457|move: Tailwind\n|upkeep\n|\n|t:|1696116289\n|switch|p1a: Sokka|Lucario, F|100\/100\n|switch|p1b: Flushdrivus|Flutter Mane|100\/100\n|-enditem|p1b: Flushdrivus|Booster Energy\n|-activate|p1b: Flushdrivus|ability: Protosynthesis|[fromitem]\n|-start|p1b: Flushdrivus|protosynthesisspa\n|turn|6\n|\n|t:|1696116306\n|switch|p2a: Nala|Incineroar, F, tera:Water|49\/100\n|-ability|p2a: Nala|Intimidate|boost\n|-unboost|p1a: Sokka|atk|1\n|-unboost|p1b: Flushdrivus|atk|1\n|move|p2b: Home Depot|Protect|p2b: Home Depot\n|-singleturn|p2b: Home Depot|Protect\n|move|p1b: Flushdrivus|Moonblast|p2a: Nala\n|-damage|p2a: Nala|4\/100\n|move|p1a: Sokka|Drain Punch|p2b: Home Depot\n|-activate|p2b: Home Depot|move: Protect\n|\n|upkeep\n|turn|7\n|\n|t:|1696116333\n|move|p1b: Flushdrivus|Protect|p1b: Flushdrivus\n|-singleturn|p1b: Flushdrivus|Protect\n|move|p1a: Sokka|Protect|p1a: Sokka\n|-singleturn|p1a: Sokka|Protect\n|move|p2a: Nala|Fake Out|p1a: Sokka\n|-activate|p1a: Sokka|move: Protect\n|move|p2b: Home Depot|High Horsepower|p1b: Flushdrivus\n|-activate|p1b: Flushdrivus|move: Protect\n|\n|upkeep\n|turn|8\n|\n|t:|1696116342\n|move|p2b: Home Depot|Protect|p2b: Home Depot\n|-singleturn|p2b: Home Depot|Protect\n|move|p1b: Flushdrivus|Dazzling Gleam|p2a: Nala|[spread] p2a\n|-activate|p2b: Home Depot|move: Protect\n|-damage|p2a: Nala|0 fnt\n|faint|p2a: Nala\n|move|p1a: Sokka|Drain Punch|p2b: Home Depot\n|-activate|p2b: Home Depot|move: Protect\n|\n|upkeep\n|\n|t:|1696116348\n|switch|p2a: Look at Me|Togekiss, M|54\/100\n|turn|9\n|\n|t:|1696116365\n|move|p1b: Flushdrivus|Protect|p1b: Flushdrivus\n|-singleturn|p1b: Flushdrivus|Protect\n|move|p2a: Look at Me|Follow Me|p2a: Look at Me\n|-singleturn|p2a: Look at Me|move: Follow Me\n|move|p1a: Sokka|Rock Slide|p2b: Home Depot|[spread] p2a,p2b\n|-supereffective|p2a: Look at Me\n|-resisted|p2b: Home Depot\n|-damage|p2a: Look at Me|32\/100\n|-damage|p2b: Home Depot|65\/100\n|-damage|p1a: Sokka|91\/100|[from] item: Life Orb\n|move|p2b: Home Depot|Earthquake|p1b: Flushdrivus|[spread] p1a\n|-activate|p1b: Flushdrivus|move: Protect\n|-immune|p2a: Look at Me\n|-supereffective|p1a: Sokka\n|-damage|p1a: Sokka|0 fnt\n|faint|p1a: Sokka\n|-damage|p2b: Home Depot|55\/100|[from] item: Life Orb\n|\n|upkeep\n|\n|t:|1696116377\n|switch|p1a: Furry Incinerator|Arcanine, M|100\/100\n|turn|10\n|\n|t:|1696116392\n|move|p2a: Look at Me|Follow Me|p2a: Look at Me\n|-singleturn|p2a: Look at Me|move: Follow Me\n|move|p1b: Flushdrivus|Shadow Ball|p2a: Look at Me\n|-damage|p2a: Look at Me|0 fnt\n|faint|p2a: Look at Me\n|move|p1a: Furry Incinerator|Flare Blitz|p2b: Home Depot\n|-supereffective|p2b: Home Depot\n|-damage|p2b: Home Depot|0 fnt\n|faint|p2b: Home Depot\n|-damage|p1a: Furry Incinerator|80\/100|[from] Recoil\n|\n|upkeep\n|\n|t:|1696116399\n|switch|p2b: Money Bags|Gholdengo, shiny|100\/100\n|switch|p2a: Concert Speaker|Kommo-o, F|100\/100\n|turn|11\n|\n|t:|1696116435\n|move|p2b: Money Bags|Protect|p2b: Money Bags\n|-singleturn|p2b: Money Bags|Protect\n|move|p1b: Flushdrivus|Moonblast|p2a: Concert Speaker\n|-supereffective|p2a: Concert Speaker\n|-damage|p2a: Concert Speaker|0 fnt\n|faint|p2a: Concert Speaker\n|move|p1a: Furry Incinerator|Flare Blitz|p2b: Money Bags\n|-activate|p2b: Money Bags|move: Protect\n|\n|upkeep\n|turn|12\n|\n|t:|1696116462\n|move|p1b: Flushdrivus|Shadow Ball|p2b: Money Bags\n|-supereffective|p2b: Money Bags\n|-damage|p2b: Money Bags|0 fnt\n|faint|p2b: Money Bags\n|\n|win|Bananamann457\n|c|\u2606S1r.sweepsaLot|gg\n|l| thundervoltss\n|c|\u2606Bananamann457|gg\n|l|\u2606Bananamann457\n|l| peeepee\n","uploadtime":1696116475,"views":12,"p1id":"bananamann457","p2id":"s1rsweepsalot","formatid":"gen9nationaldexdoubles","rating":0,"private":0,"password":""}