{"id":"gen9nationaldexdoubles-1962362322","p1":"bogerslybridging","p2":"Scratanger","format":"[Gen 9] National Dex Doubles","log":"|j|\u2606bogerslybridging\n|j|\u2606Scratanger\n|t:|1696735741\n|gametype|doubles\n|player|p1|bogerslybridging|unknown|1000\n|player|p2|Scratanger|fisherman-gen4|1040\n|teamsize|p1|2\n|teamsize|p2|5\n|gen|9\n|tier|[Gen 9] National Dex Doubles\n|rated|\n|rule|HP Percentage Mod: HP is shown in percentages\n|rule|Endless Battle Clause: Forcing endless battles is banned\n|rule|OHKO Clause: OHKO moves are banned\n|rule|Evasion Moves Clause: Evasion moves are banned\n|rule|Evasion Abilities Clause: Evasion abilities are banned\n|rule|Species Clause: Limit one of each Pok\u00e9mon\n|rule|Gravity Sleep Clause: The combination of sleep-inducing moves with imperfect accuracy and Gravity or Gigantamax Orbeetle are banned\n|clearpoke\n|poke|p1|Kommo-o, M|\n|poke|p1|Oranguru, F|\n|poke|p2|Cofagrigus, M|\n|poke|p2|Regigigas|\n|poke|p2|Dugtrio, M|\n|poke|p2|Misdreavus, F|\n|poke|p2|Sableye, F|\n|teampreview\n|inactive|Battle timer is ON: inactive players will automatically lose when time's up. (requested by bogerslybridging)\n|\n|t:|1696735749\n|start\n|switch|p1a: Kommo-o|Kommo-o, M|100\/100\n|switch|p1b: Oranguru|Oranguru, F|100\/100\n|switch|p2a: Regigigas|Regigigas|100\/100\n|switch|p2b: Misdreavus|Misdreavus, F|100\/100\n|-start|p2a: Regigigas|ability: Slow Start\n|turn|1\n|\n|t:|1696735774\n|move|p1a: Kommo-o|Clangorous Soul|p1a: Kommo-o\n|-boost|p1a: Kommo-o|atk|1\n|-boost|p1a: Kommo-o|def|1\n|-boost|p1a: Kommo-o|spa|1\n|-boost|p1a: Kommo-o|spd|1\n|-boost|p1a: Kommo-o|spe|1\n|-damage|p1a: Kommo-o|68\/100\n|move|p1b: Oranguru|Instruct|p1a: Kommo-o\n|-singleturn|p1a: Kommo-o|move: Instruct|[of] p1b: Oranguru\n|move|p1a: Kommo-o|Clangorous Soul|p1a: Kommo-o\n|-boost|p1a: Kommo-o|atk|1\n|-boost|p1a: Kommo-o|def|1\n|-boost|p1a: Kommo-o|spa|1\n|-boost|p1a: Kommo-o|spd|1\n|-boost|p1a: Kommo-o|spe|1\n|-damage|p1a: Kommo-o|35\/100\n|-enditem|p1a: Kommo-o|Sitrus Berry|[eat]\n|-heal|p1a: Kommo-o|59\/100|[from] item: Sitrus Berry\n|move|p2b: Misdreavus|Skill Swap|p2a: Regigigas\n|-activate|p2b: Misdreavus|move: Skill Swap|||[of] p2a: Regigigas\n|-end|p2a: Regigigas|Slow Start|[silent]\n|-start|p2b: Misdreavus|ability: Slow Start\n|move|p2a: Regigigas|Body Slam|p1a: Kommo-o\n|-damage|p1a: Kommo-o|29\/100\n|\n|upkeep\n|turn|2\n|inactive|Scratanger has 120 seconds left.\n|\n|t:|1696735806\n|move|p2a: Regigigas|Protect|p2a: Regigigas\n|-singleturn|p2a: Regigigas|Protect\n|move|p1a: Kommo-o|Clanging Scales|p2b: Misdreavus|[spread] p2b\n|-activate|p2a: Regigigas|move: Protect\n|-damage|p2b: Misdreavus|50\/100\n|-unboost|p1a: Kommo-o|def|1\n|move|p1b: Oranguru|Instruct|p1a: Kommo-o\n|-singleturn|p1a: Kommo-o|move: Instruct|[of] p1b: Oranguru\n|move|p1a: Kommo-o|Clanging Scales|p2a: Regigigas|[spread] p2b\n|-activate|p2a: Regigigas|move: Protect\n|-damage|p2b: Misdreavus|0 fnt\n|faint|p2b: Misdreavus\n|-end|p2b: Misdreavus|Slow Start|[silent]\n|-unboost|p1a: Kommo-o|def|1\n|\n|upkeep\n|inactive|Scratanger has 120 seconds left.\n|\n|t:|1696735826\n|switch|p2b: Sableye|Sableye, F|100\/100\n|turn|3\n|inactive|Scratanger has 120 seconds left.\n|\n|t:|1696735839\n|switch|p2a: Cofagrigus|Cofagrigus, M, shiny|100\/100\n|move|p2b: Sableye|Will-O-Wisp|p1a: Kommo-o\n|-status|p1a: Kommo-o|brn\n|move|p1a: Kommo-o|Clanging Scales|p2b: Sableye|[spread] p2a,p2b\n|-damage|p2a: Cofagrigus|26\/100\n|-damage|p2b: Sableye|3\/100\n|-unboost|p1a: Kommo-o|def|1\n|move|p1b: Oranguru|Instruct|p1a: Kommo-o\n|-singleturn|p1a: Kommo-o|move: Instruct|[of] p1b: Oranguru\n|move|p1a: Kommo-o|Clanging Scales|p2a: Cofagrigus|[spread] p2a,p2b\n|-damage|p2a: Cofagrigus|0 fnt\n|-damage|p2b: Sableye|0 fnt\n|faint|p2a: Cofagrigus\n|faint|p2b: Sableye\n|-unboost|p1a: Kommo-o|def|1\n|\n|-damage|p1a: Kommo-o|23\/100 brn|[from] brn\n|upkeep\n|inactive|Scratanger has 120 seconds left.\n|\n|t:|1696735861\n|switch|p2b: Regigigas|Regigigas|100\/100\n|switch|p2a: Dugtrio|Dugtrio, M|100\/100\n|-start|p2b: Regigigas|ability: Slow Start\n|turn|4\n|\n|t:|1696735871\n|move|p2a: Dugtrio|Protect|p2a: Dugtrio\n|-singleturn|p2a: Dugtrio|Protect\n|move|p2b: Regigigas|Protect|p2b: Regigigas\n|-singleturn|p2b: Regigigas|Protect\n|move|p1a: Kommo-o|Clanging Scales|p2b: Regigigas|[spread] \n|-activate|p2a: Dugtrio|move: Protect\n|-activate|p2b: Regigigas|move: Protect\n|move|p1b: Oranguru|Instruct|p1a: Kommo-o\n|-singleturn|p1a: Kommo-o|move: Instruct|[of] p1b: Oranguru\n|move|p1a: Kommo-o|Clanging Scales|p2a: Dugtrio|[spread] \n|-activate|p2a: Dugtrio|move: Protect\n|-activate|p2b: Regigigas|move: Protect\n|\n|-damage|p1a: Kommo-o|17\/100 brn|[from] brn\n|upkeep\n|turn|5\n|\n|t:|1696735900\n|move|p2a: Dugtrio|Sucker Punch|p1a: Kommo-o\n|-resisted|p1a: Kommo-o\n|-damage|p1a: Kommo-o|0 fnt\n|faint|p1a: Kommo-o\n|move|p1b: Oranguru|Instruct|p1: Kommo-o|[notarget]\n|-fail|p1b: Oranguru\n|move|p2b: Regigigas|Body Slam|p1b: Oranguru\n|-damage|p1b: Oranguru|68\/100\n|-status|p1b: Oranguru|par\n|\n|upkeep\n|turn|6\n|-message|bogerslybridging forfeited.\n|\n|win|Scratanger\n|raw|bogerslybridging's rating: 1000 &rarr; <strong>1000<\/strong><br \/>(+0 for losing)\n|raw|Scratanger's rating: 1040 &rarr; <strong>1070<\/strong><br \/>(+30 for winning)\n|l|\u2606bogerslybridging\n","uploadtime":1696735941,"views":9,"p1id":"bogerslybridging","p2id":"scratanger","formatid":"gen9nationaldexdoubles","rating":1000,"private":0,"password":""}