{"id":"gen9nationaldexdoubles-1984697406","p1":"itsmadgoat","p2":"AceCoyoteNK","format":"[Gen 9] National Dex Doubles","log":"|j|\u2606itsmadgoat\n|j|\u2606AceCoyoteNK\n|t:|1699291712\n|gametype|doubles\n|player|p1|itsmadgoat|skyla|1256\n|player|p2|AceCoyoteNK|skyla|1152\n|teamsize|p1|6\n|teamsize|p2|6\n|gen|9\n|tier|[Gen 9] National Dex Doubles\n|rated|\n|rule|HP Percentage Mod: HP is shown in percentages\n|rule|Endless Battle Clause: Forcing endless battles is banned\n|rule|OHKO Clause: OHKO moves are banned\n|rule|Evasion Moves Clause: Evasion moves are banned\n|rule|Evasion Abilities Clause: Evasion abilities are banned\n|rule|Species Clause: Limit one of each Pok\u00e9mon\n|rule|Gravity Sleep Clause: The combination of sleep-inducing moves with imperfect accuracy and Gravity or Gigantamax Orbeetle are banned\n|clearpoke\n|poke|p1|Clefairy, F|\n|poke|p1|Iron Hands|\n|poke|p1|Landorus-Therian, M|\n|poke|p1|Flutter Mane|\n|poke|p1|Sinistcha-Masterpiece|\n|poke|p1|Corsola-Galar, F|\n|poke|p2|Incineroar, F|\n|poke|p2|Arcanine-Hisui, M|\n|poke|p2|Kommo-o, M|\n|poke|p2|Flutter Mane|\n|poke|p2|Great Tusk|\n|poke|p2|Cresselia, F|\n|teampreview\n|inactive|Battle timer is ON: inactive players will automatically lose when time's up. (requested by AceCoyoteNK)\n|\n|t:|1699291732\n|start\n|switch|p1a: Clefairy|Clefairy, F|100\/100\n|switch|p1b: Iron Hands|Iron Hands|100\/100\n|switch|p2a: GEN 8 Nightmare|Incineroar, F|100\/100\n|switch|p2b: Cresselia|Cresselia, F, shiny|100\/100\n|-ability|p2a: GEN 8 Nightmare|Intimidate|boost\n|-unboost|p1a: Clefairy|atk|1\n|-unboost|p1b: Iron Hands|atk|1\n|turn|1\n|\n|t:|1699291758\n|-end|p1b: Iron Hands|Quark Drive|[silent]\n|switch|p1b: Landorus|Landorus-Therian, M|100\/100\n|-ability|p1b: Landorus|Intimidate|boost\n|-unboost|p2a: GEN 8 Nightmare|atk|1\n|-unboost|p2b: Cresselia|atk|1\n|move|p2a: GEN 8 Nightmare|Fake Out|p1b: Landorus\n|-damage|p1b: Landorus|94\/100\n|move|p2b: Cresselia|Thunder Wave|p1a: Clefairy\n|-status|p1a: Clefairy|par\n|move|p1a: Clefairy|Cosmic Power|p1a: Clefairy\n|-boost|p1a: Clefairy|def|1\n|-boost|p1a: Clefairy|spd|1\n|\n|upkeep\n|turn|2\n|\n|t:|1699291786\n|switch|p2a: Misty|Flutter Mane|100\/100\n|move|p2b: Cresselia|Ally Switch|p2b: Cresselia\n|swap|p2b: Cresselia|0|[from] move: Ally Switch\n|move|p1b: Landorus|Outrage|p2a: Cresselia\n|-damage|p2a: Cresselia|46\/100\n|move|p1a: Clefairy|Cosmic Power|p1a: Clefairy\n|-boost|p1a: Clefairy|def|1\n|-boost|p1a: Clefairy|spd|1\n|\n|-heal|p2a: Cresselia|52\/100|[from] item: Leftovers\n|upkeep\n|turn|3\n|\n|t:|1699291802\n|move|p2b: Misty|Taunt|p1a: Clefairy\n|-start|p1a: Clefairy|move: Taunt\n|move|p1b: Landorus|Outrage|p2a: Cresselia|[from]lockedmove\n|-damage|p2a: Cresselia|2\/100\n|move|p2a: Cresselia|Lunar Blessing|p2a: Cresselia|[spread] p2a,p2b\n|-heal|p2a: Cresselia|27\/100\n|cant|p1a: Clefairy|move: Taunt|Cosmic Power\n|\n|-heal|p2a: Cresselia|33\/100|[from] item: Leftovers\n|upkeep\n|turn|4\n|\n|t:|1699291824\n|move|p2a: Cresselia|Ally Switch|p2a: Cresselia\n|swap|p2a: Cresselia|1|[from] move: Ally Switch\n|move|p2a: Misty|Shadow Ball|p1b: Landorus\n|-crit|p1b: Landorus\n|-damage|p1b: Landorus|41\/100\n|move|p1b: Landorus|Outrage|p2b: Cresselia|[from]lockedmove\n|-damage|p2b: Cresselia|0 fnt\n|faint|p2b: Cresselia\n|-start|p1b: Landorus|confusion|[fatigue]\n|move|p1a: Clefairy|Draining Kiss|p2a: Misty\n|-damage|p2a: Misty|89\/100\n|\n|upkeep\n|\n|t:|1699291836\n|switch|p2b: Trash|Kommo-o, M|100\/100\n|turn|5\n|\n|t:|1699291857\n|switch|p1b: Flutter Mane|Flutter Mane|100\/100\n|-enditem|p1b: Flutter Mane|Booster Energy\n|-activate|p1b: Flutter Mane|ability: Protosynthesis|[fromitem]\n|-start|p1b: Flutter Mane|protosynthesisspe\n|-terastallize|p2b: Trash|Steel\n|move|p2a: Misty|Shadow Ball|p1b: Flutter Mane\n|-supereffective|p1b: Flutter Mane\n|-crit|p1b: Flutter Mane\n|-damage|p1b: Flutter Mane|0 fnt\n|faint|p1b: Flutter Mane\n|-end|p1b: Flutter Mane|Protosynthesis|[silent]\n|move|p2b: Trash|Clangorous Soul|p2b: Trash\n|-boost|p2b: Trash|atk|1\n|-boost|p2b: Trash|def|1\n|-boost|p2b: Trash|spa|1\n|-boost|p2b: Trash|spd|1\n|-boost|p2b: Trash|spe|1\n|-damage|p2b: Trash|68\/100\n|move|p1a: Clefairy|Draining Kiss|p2b: Trash\n|-resisted|p2b: Trash\n|-damage|p2b: Trash|63\/100\n|\n|-end|p1a: Clefairy|move: Taunt\n|upkeep\n|inactive|itsmadgoat has 120 seconds left.\n|\n|t:|1699291881\n|switch|p1b: Landorus|Landorus-Therian, M|41\/100\n|-ability|p1b: Landorus|Intimidate|boost\n|-unboost|p2a: Misty|atk|1\n|-unboost|p2b: Trash|atk|1\n|turn|6\n|\n|t:|1699291893\n|move|p2b: Trash|Clanging Scales|p1a: Clefairy|[spread] p1b\n|-immune|p1a: Clefairy\n|-crit|p1b: Landorus\n|-damage|p1b: Landorus|0 fnt\n|faint|p1b: Landorus\n|-unboost|p2b: Trash|def|1\n|move|p2a: Misty|Taunt|p1a: Clefairy\n|-start|p1a: Clefairy|move: Taunt\n|cant|p1a: Clefairy|move: Taunt|Baton Pass\n|\n|upkeep\n|\n|t:|1699291910\n|switch|p1b: Iron Hands|Iron Hands|100\/100\n|turn|7\n|\n|t:|1699291918\n|move|p2b: Trash|Tera Blast|p1a: Clefairy|[anim] Tera Blast Steel\n|-supereffective|p1a: Clefairy\n|-crit|p1a: Clefairy\n|-damage|p1a: Clefairy|0 fnt\n|faint|p1a: Clefairy\n|move|p2a: Misty|Shadow Ball|p1b: Iron Hands\n|-damage|p1b: Iron Hands|72\/100\n|move|p1b: Iron Hands|Heavy Slam|p2a: Misty\n|-supereffective|p2a: Misty\n|-damage|p2a: Misty|0 fnt\n|faint|p2a: Misty\n|-end|p2a: Misty|Protosynthesis|[silent]\n|\n|upkeep\n|\n|t:|1699291930\n|switch|p2a: GEN 8 Nightmare|Incineroar, F|100\/100\n|switch|p1a: The Ugly Barnacle|Corsola-Galar, F, shiny|100\/100\n|-ability|p2a: GEN 8 Nightmare|Intimidate|boost\n|-unboost|p1a: The Ugly Barnacle|atk|1\n|-unboost|p1b: Iron Hands|atk|1\n|turn|8\n|inactive|AceCoyoteNK has 120 seconds left.\n|\n|t:|1699291961\n|-terastallize|p1b: Iron Hands|Fighting\n|move|p2a: GEN 8 Nightmare|Fake Out|p1b: Iron Hands\n|-damage|p1b: Iron Hands|63\/100\n|move|p2b: Trash|Clanging Scales|p1a: The Ugly Barnacle|[spread] p1a,p1b\n|-damage|p1a: The Ugly Barnacle|68\/100\n|-damage|p1b: Iron Hands|33\/100\n|-unboost|p2b: Trash|def|1\n|cant|p1b: Iron Hands|flinch\n|move|p1a: The Ugly Barnacle|Strength Sap|p2a: GEN 8 Nightmare\n|-unboost|p2a: GEN 8 Nightmare|atk|1\n|-heal|p1a: The Ugly Barnacle|100\/100\n|\n|upkeep\n|turn|9\n|\n|t:|1699291982\n|switch|p2a: Rocky boi|Arcanine-Hisui, M, shiny|100\/100\n|-ability|p2a: Rocky boi|Intimidate|boost\n|-unboost|p1a: The Ugly Barnacle|atk|1\n|-unboost|p1b: Iron Hands|atk|1\n|move|p2b: Trash|Tera Blast|p1b: Iron Hands|[anim] Tera Blast Steel\n|-damage|p1b: Iron Hands|0 fnt\n|faint|p1b: Iron Hands\n|-end|p1b: Iron Hands|Quark Drive|[silent]\n|move|p1a: The Ugly Barnacle|Calm Mind|p1a: The Ugly Barnacle\n|-boost|p1a: The Ugly Barnacle|spa|1\n|-boost|p1a: The Ugly Barnacle|spd|1\n|\n|upkeep\n|\n|t:|1699291992\n|switch|p1b: Sinistcha|Sinistcha-Masterpiece, shiny|100\/100\n|turn|10\n|\n|t:|1699292005\n|move|p2b: Trash|Tera Blast|p1a: The Ugly Barnacle|[anim] Tera Blast Steel\n|-damage|p1a: The Ugly Barnacle|78\/100\n|move|p2a: Rocky boi|Flare Blitz|p1b: Sinistcha\n|-supereffective|p1b: Sinistcha\n|-crit|p1b: Sinistcha\n|-damage|p1b: Sinistcha|0 fnt\n|faint|p1b: Sinistcha\n|-damage|p2a: Rocky boi|66\/100|[from] Recoil\n|move|p1a: The Ugly Barnacle|Calm Mind|p1a: The Ugly Barnacle\n|-boost|p1a: The Ugly Barnacle|spa|1\n|-boost|p1a: The Ugly Barnacle|spd|1\n|\n|upkeep\n|turn|11\n|\n|t:|1699292018\n|move|p2b: Trash|Tera Blast|p1a: The Ugly Barnacle|[anim] Tera Blast Steel\n|-damage|p1a: The Ugly Barnacle|61\/100\n|move|p2a: Rocky boi|Flare Blitz|p1a: The Ugly Barnacle\n|-damage|p1a: The Ugly Barnacle|8\/100\n|-start|p2a: Rocky boi|Disable|Flare Blitz|[from] ability: Cursed Body|[of] p1a: The Ugly Barnacle\n|-damage|p2a: Rocky boi|49\/100|[from] Recoil\n|move|p1a: The Ugly Barnacle|Strength Sap|p2a: Rocky boi\n|-unboost|p2a: Rocky boi|atk|1\n|-heal|p1a: The Ugly Barnacle|100\/100\n|\n|upkeep\n|turn|12\n|inactive|AceCoyoteNK has 120 seconds left.\n|\n|t:|1699292052\n|switch|p2a: GEN 8 Nightmare|Incineroar, F|100\/100\n|-ability|p2a: GEN 8 Nightmare|Intimidate|boost\n|-unboost|p1a: The Ugly Barnacle|atk|1\n|move|p2b: Trash|Tera Blast|p1a: The Ugly Barnacle|[anim] Tera Blast Steel\n|-damage|p1a: The Ugly Barnacle|83\/100\n|move|p1a: The Ugly Barnacle|Calm Mind|p1a: The Ugly Barnacle\n|-boost|p1a: The Ugly Barnacle|spa|1\n|-boost|p1a: The Ugly Barnacle|spd|1\n|\n|upkeep\n|turn|13\n|\n|t:|1699292065\n|move|p2b: Trash|Tera Blast|p1a: The Ugly Barnacle|[anim] Tera Blast Steel\n|-damage|p1a: The Ugly Barnacle|68\/100\n|move|p2a: GEN 8 Nightmare|Darkest Lariat|p1a: The Ugly Barnacle\n|-supereffective|p1a: The Ugly Barnacle\n|-damage|p1a: The Ugly Barnacle|21\/100\n|-start|p2a: GEN 8 Nightmare|Disable|Darkest Lariat|[from] ability: Cursed Body|[of] p1a: The Ugly Barnacle\n|move|p1a: The Ugly Barnacle|Strength Sap|p2a: GEN 8 Nightmare\n|-unboost|p2a: GEN 8 Nightmare|atk|1\n|-heal|p1a: The Ugly Barnacle|100\/100\n|\n|upkeep\n|turn|14\n|c|\u2606itsmadgoat|:D\n|\n|t:|1699292081\n|move|p2b: Trash|Tera Blast|p1a: The Ugly Barnacle|[anim] Tera Blast Steel\n|-damage|p1a: The Ugly Barnacle|88\/100\n|-start|p2b: Trash|Disable|Tera Blast|[from] ability: Cursed Body|[of] p1a: The Ugly Barnacle\n|move|p2a: GEN 8 Nightmare|Flare Blitz|p1a: The Ugly Barnacle\n|-damage|p1a: The Ugly Barnacle|62\/100\n|-damage|p2a: GEN 8 Nightmare|94\/100|[from] Recoil\n|move|p1a: The Ugly Barnacle|Calm Mind|p1a: The Ugly Barnacle\n|-boost|p1a: The Ugly Barnacle|spa|1\n|-boost|p1a: The Ugly Barnacle|spd|1\n|\n|upkeep\n|turn|15\n|c|\u2606itsmadgoat|im immortal\n|\n|t:|1699292094\n|move|p2b: Trash|Clanging Scales|p1a: The Ugly Barnacle\n|-damage|p1a: The Ugly Barnacle|46\/100\n|-unboost|p2b: Trash|def|1\n|move|p2a: GEN 8 Nightmare|Flare Blitz|p1a: The Ugly Barnacle\n|-damage|p1a: The Ugly Barnacle|23\/100\n|-status|p1a: The Ugly Barnacle|brn\n|-damage|p2a: GEN 8 Nightmare|87\/100|[from] Recoil\n|move|p1a: The Ugly Barnacle|Strength Sap|p2a: GEN 8 Nightmare\n|-unboost|p2a: GEN 8 Nightmare|atk|1\n|-heal|p1a: The Ugly Barnacle|97\/100 brn\n|\n|-damage|p1a: The Ugly Barnacle|91\/100 brn|[from] brn\n|upkeep\n|turn|16\n|\n|t:|1699292113\n|move|p2b: Trash|Clanging Scales|p1a: The Ugly Barnacle\n|-damage|p1a: The Ugly Barnacle|77\/100 brn\n|-unboost|p2b: Trash|def|1\n|move|p2a: GEN 8 Nightmare|Flare Blitz|p1a: The Ugly Barnacle\n|-damage|p1a: The Ugly Barnacle|59\/100 brn\n|-damage|p2a: GEN 8 Nightmare|82\/100|[from] Recoil\n|move|p1a: The Ugly Barnacle|Hex|p2b: Trash|[miss]\n|-miss|p1a: The Ugly Barnacle|p2b: Trash\n|\n|-damage|p1a: The Ugly Barnacle|53\/100 brn|[from] brn\n|-end|p2a: GEN 8 Nightmare|Disable\n|upkeep\n|turn|17\n|\n|t:|1699292129\n|move|p2b: Trash|Clanging Scales|p1a: The Ugly Barnacle\n|-damage|p1a: The Ugly Barnacle|38\/100 brn\n|-unboost|p2b: Trash|def|1\n|move|p2a: GEN 8 Nightmare|Darkest Lariat|p1a: The Ugly Barnacle\n|-supereffective|p1a: The Ugly Barnacle\n|-damage|p1a: The Ugly Barnacle|12\/100 brn\n|move|p1a: The Ugly Barnacle|Strength Sap|p2b: Trash\n|-unboost|p2b: Trash|atk|1\n|-heal|p1a: The Ugly Barnacle|91\/100 brn\n|\n|-damage|p1a: The Ugly Barnacle|85\/100 brn|[from] brn\n|-end|p2b: Trash|Disable\n|upkeep\n|turn|18\n|\n|t:|1699292146\n|move|p2b: Trash|Tera Blast|p1a: The Ugly Barnacle|[anim] Tera Blast Steel\n|-damage|p1a: The Ugly Barnacle|74\/100 brn\n|move|p2a: GEN 8 Nightmare|Darkest Lariat|p1a: The Ugly Barnacle\n|-supereffective|p1a: The Ugly Barnacle\n|-damage|p1a: The Ugly Barnacle|50\/100 brn\n|-start|p2a: GEN 8 Nightmare|Disable|Darkest Lariat|[from] ability: Cursed Body|[of] p1a: The Ugly Barnacle\n|move|p1a: The Ugly Barnacle|Hex|p2b: Trash\n|-damage|p2b: Trash|21\/100\n|\n|-damage|p1a: The Ugly Barnacle|44\/100 brn|[from] brn\n|upkeep\n|turn|19\n|-message|itsmadgoat forfeited.\n|\n|win|AceCoyoteNK\n|raw|itsmadgoat's rating: 1256 &rarr; <strong>1224<\/strong><br \/>(-32 for losing)\n|raw|AceCoyoteNK's rating: 1152 &rarr; <strong>1184<\/strong><br \/>(+32 for winning)\n|l|\u2606itsmadgoat\n","uploadtime":1699292172,"views":5,"p1id":"itsmadgoat","p2id":"acecoyotenk","formatid":"gen9nationaldexdoubles","rating":1184,"private":0,"password":""}