{"id":"gen9nationaldexdoubles-1994525053","p1":"Eliminathan","p2":"wammer18","format":"[Gen 9] National Dex Doubles","log":"|j|\u2606Eliminathan\n|j|\u2606wammer18\n|t:|1700454524\n|gametype|doubles\n|player|p1|Eliminathan|schoolkid-gen4|\n|player|p2|wammer18|266|\n|teamsize|p1|6\n|teamsize|p2|6\n|gen|9\n|tier|[Gen 9] National Dex Doubles\n|rule|HP Percentage Mod: HP is shown in percentages\n|rule|Endless Battle Clause: Forcing endless battles is banned\n|rule|OHKO Clause: OHKO moves are banned\n|rule|Evasion Moves Clause: Evasion moves are banned\n|rule|Evasion Abilities Clause: Evasion abilities are banned\n|rule|Species Clause: Limit one of each Pok\u00e9mon\n|rule|Gravity Sleep Clause: The combination of sleep-inducing moves with imperfect accuracy and Gravity or Gigantamax Orbeetle are banned\n|clearpoke\n|poke|p1|Zygarde|\n|poke|p1|Zamazenta-*|\n|poke|p1|Jirachi|\n|poke|p1|Kangaskhan, F|\n|poke|p1|Glimmora, M|\n|poke|p1|Iron Hands|\n|poke|p2|Charizard, M|\n|poke|p2|Chi-Yu|\n|poke|p2|Tornadus, M|\n|poke|p2|Tapu Fini|\n|poke|p2|Kingambit, F|\n|poke|p2|Ogerpon-Wellspring, F|\n|teampreview\n|j| TestudoJK\n|\n|t:|1700454586\n|start\n|switch|p1a: pointy|Glimmora, M|100\/100\n|switch|p1b: Watch out|Iron Hands|100\/100\n|switch|p2a: Tapu Fini|Tapu Fini|100\/100\n|switch|p2b: Ogerpon|Ogerpon-Wellspring, F|100\/100\n|-fieldstart|move: Misty Terrain|[from] ability: Misty Surge|[of] p2a: Tapu Fini\n|turn|1\n|\n|t:|1700454612\n|move|p1b: Watch out|Fake Out|p2a: Tapu Fini\n|-damage|p2a: Tapu Fini|90\/100\n|move|p2b: Ogerpon|Follow Me|p2b: Ogerpon\n|-singleturn|p2b: Ogerpon|move: Follow Me\n|move|p1a: pointy|Stealth Rock|p2a: Tapu Fini\n|-sidestart|p2: wammer18|move: Stealth Rock\n|cant|p2a: Tapu Fini|flinch\n|\n|upkeep\n|turn|2\n|\n|t:|1700454635\n|move|p2b: Ogerpon|Ivy Cudgel|p1b: Watch out|[anim] Ivy Cudgel Water\n|-damage|p1b: Watch out|62\/100\n|move|p1a: pointy|Sludge Bomb|p2a: Tapu Fini\n|-supereffective|p2a: Tapu Fini\n|-damage|p2a: Tapu Fini|33\/100\n|move|p2a: Tapu Fini|Muddy Water|p1a: pointy|[spread] p1a,p1b\n|-supereffective|p1a: pointy\n|-damage|p1a: pointy|28\/100\n|-damage|p1b: Watch out|49\/100\n|move|p1b: Watch out|Wild Charge|p2a: Tapu Fini\n|-supereffective|p2a: Tapu Fini\n|-damage|p2a: Tapu Fini|0 fnt\n|faint|p2a: Tapu Fini\n|-damage|p1b: Watch out|44\/100|[from] Recoil\n|\n|upkeep\n|\n|t:|1700454662\n|switch|p2a: Tornadus|Tornadus, M|100\/100\n|-damage|p2a: Tornadus|76\/100|[from] Stealth Rock\n|turn|3\n|\n|t:|1700454692\n|-end|p1b: Watch out|Quark Drive|[silent]\n|switch|p1b: FIX THE PROBLEM!|Jirachi|100\/100\n|move|p2a: Tornadus|Bleakwind Storm|p1a: pointy|[spread] p1a,p1b\n|-resisted|p1a: pointy\n|-resisted|p1b: FIX THE PROBLEM!\n|-damage|p1a: pointy|3\/100\n|-damage|p1b: FIX THE PROBLEM!|86\/100\n|move|p2b: Ogerpon|Ivy Cudgel|p1b: FIX THE PROBLEM!|[anim] Ivy Cudgel Water\n|-damage|p1b: FIX THE PROBLEM!|44\/100\n|move|p1a: pointy|Sludge Bomb|p2b: Ogerpon\n|-supereffective|p2b: Ogerpon\n|-damage|p2b: Ogerpon|12\/100\n|\n|-heal|p1b: FIX THE PROBLEM!|50\/100|[from] item: Leftovers\n|upkeep\n|turn|4\n|\n|t:|1700454775\n|move|p2a: Tornadus|Bleakwind Storm|p1a: pointy|[spread] p1a,p1b\n|-resisted|p1a: pointy\n|-resisted|p1b: FIX THE PROBLEM!\n|-damage|p1a: pointy|0 fnt\n|-damage|p1b: FIX THE PROBLEM!|38\/100\n|-unboost|p1b: FIX THE PROBLEM!|spe|1\n|faint|p1a: pointy\n|move|p2b: Ogerpon|Ivy Cudgel|p1b: FIX THE PROBLEM!|[anim] Ivy Cudgel Water\n|-damage|p1b: FIX THE PROBLEM!|0 fnt\n|faint|p1b: FIX THE PROBLEM!\n|\n|upkeep\n|\n|t:|1700454813\n|switch|p1a: Watch out|Iron Hands|44\/100\n|switch|p1b: Spanky|Zamazenta|100\/100\n|-ability|p1b: Spanky|Dauntless Shield|boost\n|-boost|p1b: Spanky|def|1\n|turn|5\n|\n|t:|1700454823\n|move|p2a: Tornadus|Protect|p2a: Tornadus\n|-singleturn|p2a: Tornadus|Protect\n|move|p2b: Ogerpon|Spiky Shield|p2b: Ogerpon\n|-singleturn|p2b: Ogerpon|move: Protect\n|move|p1a: Watch out|Fake Out|p2a: Tornadus\n|-activate|p2a: Tornadus|move: Protect\n|move|p1b: Spanky|Snarl|p2b: Ogerpon|[spread] \n|-activate|p2a: Tornadus|move: Protect\n|-activate|p2b: Ogerpon|move: Protect\n|\n|-fieldend|Misty Terrain\n|upkeep\n|turn|6\n|\n|t:|1700454865\n|move|p1b: Spanky|Snarl|p2a: Tornadus|[spread] p2a,p2b\n|-damage|p2a: Tornadus|66\/100\n|-damage|p2b: Ogerpon|6\/100\n|-unboost|p2a: Tornadus|spa|1\n|-unboost|p2b: Ogerpon|spa|1\n|move|p2a: Tornadus|Bleakwind Storm|p1b: Spanky|[spread] p1a,p1b\n|-supereffective|p1b: Spanky\n|-damage|p1a: Watch out|34\/100\n|-damage|p1b: Spanky|63\/100\n|move|p2b: Ogerpon|Ivy Cudgel|p1a: Watch out|[anim] Ivy Cudgel Water\n|-damage|p1a: Watch out|0 fnt\n|faint|p1a: Watch out\n|-end|p1a: Watch out|Quark Drive|[silent]\n|\n|upkeep\n|\n|t:|1700454882\n|switch|p1a: momma|Kangaskhan, F|100\/100\n|turn|7\n|\n|t:|1700454890\n|switch|p1a: Ginkle|Zygarde|100\/100\n|-ability|p1a: Ginkle|Aura Break\n|move|p2a: Tornadus|Protect|p2a: Tornadus\n|-singleturn|p2a: Tornadus|Protect\n|move|p2b: Ogerpon|Spiky Shield|p2b: Ogerpon\n|-singleturn|p2b: Ogerpon|move: Protect\n|move|p1b: Spanky|Coaching|p1a: Ginkle\n|-boost|p1a: Ginkle|atk|1\n|-boost|p1a: Ginkle|def|1\n|\n|upkeep\n|turn|8\n|\n|t:|1700454917\n|move|p2b: Ogerpon|Follow Me|p2b: Ogerpon\n|-singleturn|p2b: Ogerpon|move: Follow Me\n|move|p2a: Tornadus|Tailwind|p2a: Tornadus\n|-sidestart|p2: wammer18|move: Tailwind\n|move|p1b: Spanky|Snarl|p2b: Ogerpon|[spread] p2a,p2b\n|-damage|p2a: Tornadus|57\/100\n|-damage|p2b: Ogerpon|0 fnt\n|-unboost|p2a: Tornadus|spa|1\n|faint|p2b: Ogerpon\n|move|p1a: Ginkle|Dragon Dance|p1a: Ginkle\n|-boost|p1a: Ginkle|atk|1\n|-boost|p1a: Ginkle|spe|1\n|\n|upkeep\n|\n|t:|1700454931\n|switch|p2b: Kingambit|Kingambit, F|100\/100\n|-damage|p2b: Kingambit|94\/100|[from] Stealth Rock\n|turn|9\n|\n|t:|1700454951\n|-terastallize|p2a: Tornadus|Flying\n|move|p1b: Spanky|Wide Guard|p1b: Spanky\n|-singleturn|p1b: Spanky|Wide Guard\n|move|p2b: Kingambit|Sucker Punch|p1a: Ginkle\n|-damage|p1a: Ginkle|75\/100\n|move|p2a: Tornadus|Bleakwind Storm|p1b: Spanky|[spread] \n|-activate|p1a: Ginkle|move: Wide Guard\n|-activate|p1b: Spanky|move: Wide Guard\n|move|p1a: Ginkle|Thousand Arrows|p2a: Tornadus|[spread] p2a,p2b\n|-supereffective|p2b: Kingambit\n|-damage|p2a: Tornadus|0 fnt\n|-damage|p2b: Kingambit|5\/100\n|faint|p2a: Tornadus\n|\n|upkeep\n|\n|t:|1700454970\n|switch|p2a: Chi-Yu|Chi-Yu|100\/100\n|-damage|p2a: Chi-Yu|75\/100|[from] Stealth Rock\n|-ability|p2a: Chi-Yu|Beads of Ruin\n|turn|10\n|\n|t:|1700454998\n|move|p1a: Ginkle|Protect|p1a: Ginkle\n|-singleturn|p1a: Ginkle|Protect\n|move|p2b: Kingambit|Sucker Punch||[still]\n|-fail|p2b: Kingambit\n|move|p2a: Chi-Yu|Dark Pulse|p1a: Ginkle\n|-activate|p1a: Ginkle|move: Protect\n|move|p1b: Spanky|Coaching|p1a: Ginkle\n|-boost|p1a: Ginkle|atk|1\n|-boost|p1a: Ginkle|def|1\n|\n|upkeep\n|turn|11\n|\n|t:|1700455022\n|move|p1a: Ginkle|Extreme Speed|p2a: Chi-Yu\n|-crit|p2a: Chi-Yu\n|-damage|p2a: Chi-Yu|0 fnt\n|faint|p2a: Chi-Yu\n|move|p2b: Kingambit|Sucker Punch||[still]\n|-fail|p2b: Kingambit\n|move|p1b: Spanky|Body Press|p2b: Kingambit\n|-supereffective|p2b: Kingambit\n|-crit|p2b: Kingambit\n|-damage|p2b: Kingambit|0 fnt\n|faint|p2b: Kingambit\n|\n|-sideend|p2: wammer18|move: Tailwind\n|upkeep\n|\n|t:|1700455034\n|switch|p2b: Charizard|Charizard, M|100\/100\n|-damage|p2b: Charizard|50\/100|[from] Stealth Rock\n|turn|12\n|\n|t:|1700455041\n|detailschange|p2b: Charizard|Charizard-Mega-Y, M\n|-mega|p2b: Charizard|Charizard|Charizardite Y\n|-weather|SunnyDay|[from] ability: Drought|[of] p2b: Charizard\n|move|p1a: Ginkle|Thousand Arrows|p2b: Charizard\n|-damage|p2b: Charizard|0 fnt\n|faint|p2b: Charizard\n|\n|win|Eliminathan\n|c|\u2606Eliminathan|gg\n","uploadtime":1700455049,"views":8,"p1id":"eliminathan","p2id":"wammer18","formatid":"gen9nationaldexdoubles","rating":0,"private":0,"password":""}