{"id":"gen9nationaldexdoubles-1983708026","p1":"Kill1982","p2":"Xalvadore","format":"[Gen 9] National Dex Doubles","log":"|j|\u2606Kill1982\n|j|\u2606Xalvadore\n|t:|1699164617\n|gametype|doubles\n|player|p1|Kill1982|picnicker|1507\n|player|p2|Xalvadore|marnie|1353\n|teamsize|p1|6\n|teamsize|p2|6\n|gen|9\n|tier|[Gen 9] National Dex Doubles\n|rated|\n|rule|HP Percentage Mod: HP is shown in percentages\n|rule|Endless Battle Clause: Forcing endless battles is banned\n|rule|OHKO Clause: OHKO moves are banned\n|rule|Evasion Moves Clause: Evasion moves are banned\n|rule|Evasion Abilities Clause: Evasion abilities are banned\n|rule|Species Clause: Limit one of each Pok\u00e9mon\n|rule|Gravity Sleep Clause: The combination of sleep-inducing moves with imperfect accuracy and Gravity or Gigantamax Orbeetle are banned\n|clearpoke\n|poke|p1|Diancie|\n|poke|p1|Chien-Pao|\n|poke|p1|Flutter Mane|\n|poke|p1|Volcanion|\n|poke|p1|Rillaboom, F|\n|poke|p1|Zygarde|\n|poke|p2|Tyranitar, M|\n|poke|p2|Gastrodon, M|\n|poke|p2|Excadrill, F|\n|poke|p2|Zapdos|\n|poke|p2|Latias, F|\n|poke|p2|Hitmontop, M|\n|teampreview\n|inactive|Battle timer is ON: inactive players will automatically lose when time's up. (requested by Kill1982)\n|\n|t:|1699164651\n|start\n|switch|p1a: \u5c0f\u7626\u7334\u5b50|Rillaboom, F, shiny|100\/100\n|switch|p1b: Zygarde|Zygarde|100\/100\n|switch|p2a: Tyranitar|Tyranitar, M|100\/100\n|switch|p2b: Excadrill|Excadrill, F|100\/100\n|-fieldstart|move: Grassy Terrain|[from] ability: Grassy Surge|[of] p1a: \u5c0f\u7626\u7334\u5b50\n|-ability|p1b: Zygarde|Aura Break\n|-weather|Sandstorm|[from] ability: Sand Stream|[of] p2a: Tyranitar\n|turn|1\n|\n|t:|1699164676\n|move|p2a: Tyranitar|Protect|p2a: Tyranitar\n|-singleturn|p2a: Tyranitar|Protect\n|move|p1a: \u5c0f\u7626\u7334\u5b50|Fake Out|p2b: Excadrill\n|-resisted|p2b: Excadrill\n|-damage|p2b: Excadrill|91\/100\n|cant|p2b: Excadrill|flinch\n|move|p1b: Zygarde|Thousand Arrows|p2a: Tyranitar|[spread] p2b\n|-activate|p2a: Tyranitar|move: Protect\n|-supereffective|p2b: Excadrill\n|-damage|p2b: Excadrill|0 fnt\n|faint|p2b: Excadrill\n|\n|-weather|Sandstorm|[upkeep]\n|-damage|p1a: \u5c0f\u7626\u7334\u5b50|94\/100|[from] Sandstorm\n|-heal|p1a: \u5c0f\u7626\u7334\u5b50|100\/100|[from] Grassy Terrain\n|upkeep\n|inactive|Xalvadore has 120 seconds left.\n|\n|t:|1699164692\n|switch|p2b: Hitmontop|Hitmontop, M|100\/100\n|-ability|p2b: Hitmontop|Intimidate|boost\n|-unboost|p1a: \u5c0f\u7626\u7334\u5b50|atk|1\n|-unboost|p1b: Zygarde|atk|1\n|turn|2\n|\n|t:|1699164703\n|switch|p1b: \u829d\u58eb\u96ea\u8c79|Chien-Pao|100\/100\n|-ability|p1b: \u829d\u58eb\u96ea\u8c79|Sword of Ruin\n|move|p2b: Hitmontop|Wide Guard|p2b: Hitmontop\n|-singleturn|p2b: Hitmontop|Wide Guard\n|move|p1a: \u5c0f\u7626\u7334\u5b50|U-turn|p2a: Tyranitar\n|-supereffective|p2a: Tyranitar\n|-damage|p2a: Tyranitar|69\/100\n|\n|t:|1699164707\n|switch|p1a: \u84b8\u6c7d\u53d1\u7535\u673a|Volcanion|100\/100|[from] U-turn\n|move|p2a: Tyranitar|Fire Blast|p1a: \u84b8\u6c7d\u53d1\u7535\u673a\n|-resisted|p1a: \u84b8\u6c7d\u53d1\u7535\u673a\n|-damage|p1a: \u84b8\u6c7d\u53d1\u7535\u673a|97\/100\n|\n|-weather|Sandstorm|[upkeep]\n|-damage|p1b: \u829d\u58eb\u96ea\u8c79|95\/100|[from] Sandstorm\n|-damage|p1a: \u84b8\u6c7d\u53d1\u7535\u673a|91\/100|[from] Sandstorm\n|-damage|p2b: Hitmontop|94\/100|[from] Sandstorm\n|-heal|p1b: \u829d\u58eb\u96ea\u8c79|100\/100|[from] Grassy Terrain\n|-heal|p2b: Hitmontop|100\/100|[from] Grassy Terrain\n|-heal|p1a: \u84b8\u6c7d\u53d1\u7535\u673a|97\/100|[from] Grassy Terrain\n|-heal|p2a: Tyranitar|75\/100|[from] Grassy Terrain\n|upkeep\n|turn|3\n|\n|t:|1699164729\n|move|p1b: \u829d\u58eb\u96ea\u8c79|Protect|p1b: \u829d\u58eb\u96ea\u8c79\n|-singleturn|p1b: \u829d\u58eb\u96ea\u8c79|Protect\n|move|p2a: Tyranitar|Protect|p2a: Tyranitar\n|-singleturn|p2a: Tyranitar|Protect\n|move|p1a: \u84b8\u6c7d\u53d1\u7535\u673a|Steam Eruption|p2a: Tyranitar\n|-activate|p2a: Tyranitar|move: Protect\n|move|p2b: Hitmontop|Close Combat|p1b: \u829d\u58eb\u96ea\u8c79\n|-activate|p1b: \u829d\u58eb\u96ea\u8c79|move: Protect\n|\n|-weather|Sandstorm|[upkeep]\n|-damage|p1b: \u829d\u58eb\u96ea\u8c79|95\/100|[from] Sandstorm\n|-damage|p1a: \u84b8\u6c7d\u53d1\u7535\u673a|91\/100|[from] Sandstorm\n|-damage|p2b: Hitmontop|94\/100|[from] Sandstorm\n|-heal|p1b: \u829d\u58eb\u96ea\u8c79|100\/100|[from] Grassy Terrain\n|-heal|p1a: \u84b8\u6c7d\u53d1\u7535\u673a|97\/100|[from] Grassy Terrain\n|-heal|p2b: Hitmontop|100\/100|[from] Grassy Terrain\n|-heal|p2a: Tyranitar|81\/100|[from] Grassy Terrain\n|upkeep\n|turn|4\n|\n|t:|1699164752\n|switch|p1b: \u6709\u4e00\u79cd\u5f3a\u5ea6\u7f8e|Flutter Mane, shiny|100\/100\n|-enditem|p1b: \u6709\u4e00\u79cd\u5f3a\u5ea6\u7f8e|Booster Energy\n|-activate|p1b: \u6709\u4e00\u79cd\u5f3a\u5ea6\u7f8e|ability: Protosynthesis|[fromitem]\n|-start|p1b: \u6709\u4e00\u79cd\u5f3a\u5ea6\u7f8e|protosynthesisspe\n|move|p2b: Hitmontop|Mach Punch|p1b: \u6709\u4e00\u79cd\u5f3a\u5ea6\u7f8e\n|-immune|p1b: \u6709\u4e00\u79cd\u5f3a\u5ea6\u7f8e\n|move|p1a: \u84b8\u6c7d\u53d1\u7535\u673a|Steam Eruption|p2b: Hitmontop\n|-damage|p2b: Hitmontop|49\/100\n|-enditem|p2b: Hitmontop|Sitrus Berry|[eat]\n|-heal|p2b: Hitmontop|74\/100|[from] item: Sitrus Berry\n|move|p2a: Tyranitar|Rock Slide|p1a: \u84b8\u6c7d\u53d1\u7535\u673a|[spread] p1a,p1b\n|-supereffective|p1a: \u84b8\u6c7d\u53d1\u7535\u673a\n|-damage|p1a: \u84b8\u6c7d\u53d1\u7535\u673a|46\/100\n|-damage|p1b: \u6709\u4e00\u79cd\u5f3a\u5ea6\u7f8e|31\/100\n|\n|-weather|Sandstorm|[upkeep]\n|-damage|p1b: \u6709\u4e00\u79cd\u5f3a\u5ea6\u7f8e|25\/100|[from] Sandstorm\n|-damage|p2b: Hitmontop|68\/100|[from] Sandstorm\n|-damage|p1a: \u84b8\u6c7d\u53d1\u7535\u673a|40\/100|[from] Sandstorm\n|-heal|p1b: \u6709\u4e00\u79cd\u5f3a\u5ea6\u7f8e|31\/100|[from] Grassy Terrain\n|-heal|p2b: Hitmontop|74\/100|[from] Grassy Terrain\n|-heal|p1a: \u84b8\u6c7d\u53d1\u7535\u673a|46\/100|[from] Grassy Terrain\n|-heal|p2a: Tyranitar|87\/100|[from] Grassy Terrain\n|upkeep\n|turn|5\n|\n|t:|1699164776\n|move|p2b: Hitmontop|Wide Guard|p2b: Hitmontop\n|-singleturn|p2b: Hitmontop|Wide Guard\n|move|p1b: \u6709\u4e00\u79cd\u5f3a\u5ea6\u7f8e|Dazzling Gleam|p2b: Hitmontop|[spread] \n|-activate|p2a: Tyranitar|move: Wide Guard\n|-activate|p2b: Hitmontop|move: Wide Guard\n|move|p1a: \u84b8\u6c7d\u53d1\u7535\u673a|Steam Eruption|p2a: Tyranitar|[miss]\n|-miss|p1a: \u84b8\u6c7d\u53d1\u7535\u673a|p2a: Tyranitar\n|move|p2a: Tyranitar|Rock Slide|p1b: \u6709\u4e00\u79cd\u5f3a\u5ea6\u7f8e|[spread] p1a,p1b\n|-supereffective|p1a: \u84b8\u6c7d\u53d1\u7535\u673a\n|-damage|p1a: \u84b8\u6c7d\u53d1\u7535\u673a|1\/100\n|-damage|p1b: \u6709\u4e00\u79cd\u5f3a\u5ea6\u7f8e|0 fnt\n|faint|p1b: \u6709\u4e00\u79cd\u5f3a\u5ea6\u7f8e\n|-end|p1b: \u6709\u4e00\u79cd\u5f3a\u5ea6\u7f8e|Protosynthesis|[silent]\n|\n|-weather|none\n|-heal|p1a: \u84b8\u6c7d\u53d1\u7535\u673a|7\/100|[from] Grassy Terrain\n|-heal|p2b: Hitmontop|80\/100|[from] Grassy Terrain\n|-heal|p2a: Tyranitar|94\/100|[from] Grassy Terrain\n|-fieldend|move: Grassy Terrain\n|upkeep\n|\n|t:|1699164786\n|switch|p1b: Zygarde|Zygarde|100\/100\n|-ability|p1b: Zygarde|Aura Break\n|turn|6\n|\n|t:|1699164802\n|-terastallize|p1b: Zygarde|Normal\n|move|p2a: Tyranitar|Protect|p2a: Tyranitar\n|-singleturn|p2a: Tyranitar|Protect\n|move|p2b: Hitmontop|Mach Punch|p1a: \u84b8\u6c7d\u53d1\u7535\u673a\n|-damage|p1a: \u84b8\u6c7d\u53d1\u7535\u673a|0 fnt\n|faint|p1a: \u84b8\u6c7d\u53d1\u7535\u673a\n|move|p1b: Zygarde|Superpower|p2a: Tyranitar\n|-activate|p2a: Tyranitar|move: Protect\n|\n|upkeep\n|\n|t:|1699164809\n|switch|p1a: \u5c0f\u7626\u7334\u5b50|Rillaboom, F, shiny|100\/100\n|-fieldstart|move: Grassy Terrain|[from] ability: Grassy Surge|[of] p1a: \u5c0f\u7626\u7334\u5b50\n|turn|7\n|\n|t:|1699164821\n|switch|p1b: \u4e70\u5676\u4e0d\u4e70\u5676\u4e70\u5676|Diancie|100\/100\n|switch|p2a: Latias|Latias, F|100\/100\n|move|p1a: \u5c0f\u7626\u7334\u5b50|Fake Out|p2b: Hitmontop\n|-damage|p2b: Hitmontop|66\/100\n|cant|p2b: Hitmontop|flinch\n|\n|-heal|p2b: Hitmontop|72\/100|[from] Grassy Terrain\n|upkeep\n|turn|8\n|\n|t:|1699164848\n|detailschange|p1b: \u4e70\u5676\u4e0d\u4e70\u5676\u4e70\u5676|Diancie-Mega\n|-mega|p1b: \u4e70\u5676\u4e0d\u4e70\u5676\u4e70\u5676|Diancie|Diancite\n|move|p2a: Latias|Helping Hand|p2b: Hitmontop\n|-singleturn|p2b: Hitmontop|Helping Hand|[of] p2a: Latias\n|move|p1b: \u4e70\u5676\u4e0d\u4e70\u5676\u4e70\u5676|Dazzling Gleam|p2a: Latias|[spread] p2a,p2b\n|-supereffective|p2a: Latias\n|-supereffective|p2b: Hitmontop\n|-damage|p2a: Latias|49\/100\n|-damage|p2b: Hitmontop|19\/100\n|-enditem|p2a: Latias|Sitrus Berry|[eat]\n|-heal|p2a: Latias|74\/100|[from] item: Sitrus Berry\n|move|p1a: \u5c0f\u7626\u7334\u5b50|U-turn|p2a: Latias\n|-supereffective|p2a: Latias\n|-damage|p2a: Latias|22\/100\n|\n|t:|1699164853\n|switch|p1a: \u829d\u58eb\u96ea\u8c79|Chien-Pao|100\/100|[from] U-turn\n|-ability|p1a: \u829d\u58eb\u96ea\u8c79|Sword of Ruin\n|move|p2b: Hitmontop|Close Combat|p1a: \u829d\u58eb\u96ea\u8c79\n|-supereffective|p1a: \u829d\u58eb\u96ea\u8c79\n|-damage|p1a: \u829d\u58eb\u96ea\u8c79|0 fnt\n|-unboost|p2b: Hitmontop|def|1\n|-unboost|p2b: Hitmontop|spd|1\n|faint|p1a: \u829d\u58eb\u96ea\u8c79\n|\n|-heal|p2b: Hitmontop|25\/100|[from] Grassy Terrain\n|upkeep\n|\n|t:|1699164856\n|switch|p1a: Zygarde|Zygarde, tera:Normal|100\/100\n|-ability|p1a: Zygarde|Aura Break\n|turn|9\n|\n|t:|1699164878\n|move|p1a: Zygarde|Extreme Speed|p2b: Hitmontop\n|-damage|p2b: Hitmontop|0 fnt\n|faint|p2b: Hitmontop\n|move|p2a: Latias|Tailwind|p2a: Latias\n|-sidestart|p2: Xalvadore|move: Tailwind\n|move|p1b: \u4e70\u5676\u4e0d\u4e70\u5676\u4e70\u5676|Diamond Storm|p2a: Latias\n|-damage|p2a: Latias|0 fnt\n|faint|p2a: Latias\n|\n|upkeep\n|\n|t:|1699164889\n|switch|p2a: Gastrodon|Gastrodon, M|100\/100\n|switch|p2b: Zapdos|Zapdos|100\/100\n|-ability|p2b: Zapdos|Pressure\n|turn|10\n|\n|t:|1699164917\n|switch|p1a: \u5c0f\u7626\u7334\u5b50|Rillaboom, F, shiny|100\/100\n|move|p2b: Zapdos|Discharge|p1a: \u5c0f\u7626\u7334\u5b50|[spread] p1a,p1b\n|-immune|p2a: Gastrodon\n|-resisted|p1a: \u5c0f\u7626\u7334\u5b50\n|-damage|p1a: \u5c0f\u7626\u7334\u5b50|91\/100\n|-damage|p1b: \u4e70\u5676\u4e0d\u4e70\u5676\u4e70\u5676|74\/100\n|-status|p1b: \u4e70\u5676\u4e0d\u4e70\u5676\u4e70\u5676|par\n|move|p2a: Gastrodon|Earth Power|p1b: \u4e70\u5676\u4e0d\u4e70\u5676\u4e70\u5676\n|-supereffective|p1b: \u4e70\u5676\u4e0d\u4e70\u5676\u4e70\u5676\n|-damage|p1b: \u4e70\u5676\u4e0d\u4e70\u5676\u4e70\u5676|27\/100 par\n|cant|p1b: \u4e70\u5676\u4e0d\u4e70\u5676\u4e70\u5676|par\n|\n|-heal|p1a: \u5c0f\u7626\u7334\u5b50|97\/100|[from] Grassy Terrain\n|-heal|p1b: \u4e70\u5676\u4e0d\u4e70\u5676\u4e70\u5676|33\/100 par|[from] Grassy Terrain\n|upkeep\n|turn|11\n|\n|t:|1699164938\n|move|p1a: \u5c0f\u7626\u7334\u5b50|Grassy Glide|p2a: Gastrodon\n|-supereffective|p2a: Gastrodon\n|-damage|p2a: Gastrodon|0 fnt\n|faint|p2a: Gastrodon\n|move|p2b: Zapdos|Hidden Power|p1a: \u5c0f\u7626\u7334\u5b50\n|-supereffective|p1a: \u5c0f\u7626\u7334\u5b50\n|-damage|p1a: \u5c0f\u7626\u7334\u5b50|70\/100\n|cant|p1b: \u4e70\u5676\u4e0d\u4e70\u5676\u4e70\u5676|par\n|\n|-heal|p1a: \u5c0f\u7626\u7334\u5b50|76\/100|[from] Grassy Terrain\n|-heal|p1b: \u4e70\u5676\u4e0d\u4e70\u5676\u4e70\u5676|39\/100 par|[from] Grassy Terrain\n|-fieldend|move: Grassy Terrain\n|upkeep\n|\n|t:|1699164950\n|switch|p2a: Tyranitar|Tyranitar, M|94\/100\n|-weather|Sandstorm|[from] ability: Sand Stream|[of] p2a: Tyranitar\n|turn|12\n|\n|t:|1699164972\n|move|p1b: \u4e70\u5676\u4e0d\u4e70\u5676\u4e70\u5676|Protect|p1b: \u4e70\u5676\u4e0d\u4e70\u5676\u4e70\u5676\n|-singleturn|p1b: \u4e70\u5676\u4e0d\u4e70\u5676\u4e70\u5676|Protect\n|move|p2b: Zapdos|Discharge|p1a: \u5c0f\u7626\u7334\u5b50|[spread] p2a,p1a\n|-activate|p1b: \u4e70\u5676\u4e0d\u4e70\u5676\u4e70\u5676|move: Protect\n|-resisted|p1a: \u5c0f\u7626\u7334\u5b50\n|-crit|p1a: \u5c0f\u7626\u7334\u5b50\n|-damage|p2a: Tyranitar|79\/100\n|-damage|p1a: \u5c0f\u7626\u7334\u5b50|61\/100\n|move|p2a: Tyranitar|Fire Blast|p1a: \u5c0f\u7626\u7334\u5b50\n|-supereffective|p1a: \u5c0f\u7626\u7334\u5b50\n|-damage|p1a: \u5c0f\u7626\u7334\u5b50|31\/100\n|move|p1a: \u5c0f\u7626\u7334\u5b50|U-turn|p2a: Tyranitar\n|-supereffective|p2a: Tyranitar\n|-damage|p2a: Tyranitar|40\/100\n|\n|t:|1699164983\n|switch|p1a: Zygarde|Zygarde, tera:Normal|100\/100|[from] U-turn\n|-ability|p1a: Zygarde|Aura Break\n|\n|-weather|Sandstorm|[upkeep]\n|-damage|p2b: Zapdos|94\/100|[from] Sandstorm\n|-damage|p1a: Zygarde|94\/100|[from] Sandstorm\n|-sideend|p2: Xalvadore|move: Tailwind\n|upkeep\n|turn|13\n|\n|t:|1699164997\n|move|p2b: Zapdos|Discharge|p1a: Zygarde|[spread] p2a,p1a,p1b\n|-damage|p2a: Tyranitar|25\/100\n|-damage|p1a: Zygarde|68\/100\n|-damage|p1b: \u4e70\u5676\u4e0d\u4e70\u5676\u4e70\u5676|22\/100 par\n|-status|p1a: Zygarde|par\n|move|p2a: Tyranitar|Rock Slide|p1a: Zygarde|[spread] p1a,p1b\n|-damage|p1a: Zygarde|46\/100 par\n|-damage|p1b: \u4e70\u5676\u4e0d\u4e70\u5676\u4e70\u5676|0 fnt\n|faint|p1b: \u4e70\u5676\u4e0d\u4e70\u5676\u4e70\u5676\n|move|p1a: Zygarde|Thousand Arrows|p2b: Zapdos|[spread] p2a,p2b\n|-supereffective|p2a: Tyranitar\n|-damage|p2a: Tyranitar|0 fnt\n|-damage|p2b: Zapdos|44\/100\n|-start|p2b: Zapdos|Smack Down\n|-enditem|p2b: Zapdos|Sitrus Berry|[eat]\n|-heal|p2b: Zapdos|69\/100|[from] item: Sitrus Berry\n|faint|p2a: Tyranitar\n|\n|-weather|Sandstorm|[upkeep]\n|-damage|p2b: Zapdos|63\/100|[from] Sandstorm\n|-damage|p1a: Zygarde|40\/100 par|[from] Sandstorm\n|upkeep\n|\n|t:|1699165017\n|switch|p1b: \u5c0f\u7626\u7334\u5b50|Rillaboom, F, shiny|31\/100\n|-fieldstart|move: Grassy Terrain|[from] ability: Grassy Surge|[of] p1b: \u5c0f\u7626\u7334\u5b50\n|turn|14\n|\n|t:|1699165024\n|move|p2b: Zapdos|Heat Wave|p1a: Zygarde|[spread] p1a,p1b\n|-crit|p1a: Zygarde\n|-supereffective|p1b: \u5c0f\u7626\u7334\u5b50\n|-damage|p1a: Zygarde|8\/100 par\n|-damage|p1b: \u5c0f\u7626\u7334\u5b50|0 fnt\n|faint|p1b: \u5c0f\u7626\u7334\u5b50\n|move|p1a: Zygarde|Thousand Arrows|p2b: Zapdos\n|-supereffective|p2b: Zapdos\n|-damage|p2b: Zapdos|0 fnt\n|faint|p2b: Zapdos\n|\n|win|Kill1982\n|raw|Kill1982's rating: 1507 &rarr; <strong>1519<\/strong><br \/>(+12 for winning)\n|raw|Xalvadore's rating: 1353 &rarr; <strong>1341<\/strong><br \/>(-12 for losing)\n|c|\u2606Xalvadore|gg\n|c|\u2606Kill1982|gg\n","uploadtime":1699165034,"views":6,"p1id":"kill1982","p2id":"xalvadore","formatid":"gen9nationaldexdoubles","rating":1341,"private":0,"password":""}