{"id":"gen9nationaldexdoubles-2000353405","p1":"FabioLunar","p2":"ampronoob","format":"[Gen 9] National Dex Doubles","log":"|j|\u2606FabioLunar\n|j|\u2606ampronoob\n|t:|1701187614\n|gametype|doubles\n|player|p1|FabioLunar|zinnia|1101\n|player|p2|ampronoob|266|1199\n|teamsize|p1|6\n|teamsize|p2|6\n|gen|9\n|tier|[Gen 9] National Dex Doubles\n|rated|\n|rule|HP Percentage Mod: HP is shown in percentages\n|rule|Endless Battle Clause: Forcing endless battles is banned\n|rule|OHKO Clause: OHKO moves are banned\n|rule|Evasion Moves Clause: Evasion moves are banned\n|rule|Evasion Abilities Clause: Evasion abilities are banned\n|rule|Species Clause: Limit one of each Pok\u00e9mon\n|rule|Gravity Sleep Clause: The combination of sleep-inducing moves with imperfect accuracy and Gravity or Gigantamax Orbeetle are banned\n|clearpoke\n|poke|p1|Dudunsparce-*, F|\n|poke|p1|Maushold-Four|\n|poke|p1|Diancie|\n|poke|p1|Flamigo, F|\n|poke|p1|Tornadus, M|\n|poke|p1|Clefairy, F|\n|poke|p2|Walking Wake|\n|poke|p2|Charizard, F|\n|poke|p2|Goodra-Hisui, M|\n|poke|p2|Kommo-o, M|\n|poke|p2|Dragonite, M|\n|poke|p2|Salamence, F|\n|teampreview\n|c|\u2606FabioLunar|glhf\n|\n|t:|1701187623\n|start\n|switch|p1a: Dudunsparce|Dudunsparce-Three-Segment, F|100\/100\n|switch|p1b: Maushold|Maushold-Four|100\/100\n|switch|p2a: Salamence|Salamence, F|100\/100\n|switch|p2b: Kommo-o|Kommo-o, M|100\/100\n|-ability|p2a: Salamence|Intimidate|boost\n|-unboost|p1a: Dudunsparce|atk|1\n|-ability|p1a: Dudunsparce|Rattled|boost\n|-boost|p1a: Dudunsparce|spe|1\n|-unboost|p1b: Maushold|atk|1\n|turn|1\n|c|\u2606ampronoob|gl\n|\n|t:|1701187637\n|-terastallize|p1a: Dudunsparce|Ghost\n|move|p1b: Maushold|Beat Up|p1a: Dudunsparce\n|-supereffective|p1a: Dudunsparce\n|-damage|p1a: Dudunsparce|98\/100\n|-ability|p1a: Dudunsparce|Rattled|boost\n|-boost|p1a: Dudunsparce|spe|1\n|-enditem|p1a: Dudunsparce|Weakness Policy\n|-boost|p1a: Dudunsparce|atk|2|[from] item: Weakness Policy\n|-boost|p1a: Dudunsparce|spa|2|[from] item: Weakness Policy\n|-supereffective|p1a: Dudunsparce\n|-damage|p1a: Dudunsparce|96\/100\n|-ability|p1a: Dudunsparce|Rattled|boost\n|-boost|p1a: Dudunsparce|spe|1\n|-supereffective|p1a: Dudunsparce\n|-damage|p1a: Dudunsparce|94\/100\n|-ability|p1a: Dudunsparce|Rattled|boost\n|-boost|p1a: Dudunsparce|spe|1\n|-supereffective|p1a: Dudunsparce\n|-damage|p1a: Dudunsparce|92\/100\n|-ability|p1a: Dudunsparce|Rattled|boost\n|-boost|p1a: Dudunsparce|spe|1\n|-supereffective|p1a: Dudunsparce\n|-crit|p1a: Dudunsparce\n|-damage|p1a: Dudunsparce|87\/100\n|-ability|p1a: Dudunsparce|Rattled|boost\n|-boost|p1a: Dudunsparce|spe|1\n|-supereffective|p1a: Dudunsparce\n|-damage|p1a: Dudunsparce|85\/100\n|-hitcount|p1a: Dudunsparce|6\n|move|p1a: Dudunsparce|Coil|p1a: Dudunsparce\n|-boost|p1a: Dudunsparce|atk|1\n|-boost|p1a: Dudunsparce|def|1\n|-boost|p1a: Dudunsparce|accuracy|1\n|move|p2a: Salamence|Tailwind|p2a: Salamence\n|-sidestart|p2: ampronoob|move: Tailwind\n|move|p2b: Kommo-o|Clangorous Soul|p2b: Kommo-o\n|-boost|p2b: Kommo-o|atk|1\n|-boost|p2b: Kommo-o|def|1\n|-boost|p2b: Kommo-o|spa|1\n|-boost|p2b: Kommo-o|spd|1\n|-boost|p2b: Kommo-o|spe|1\n|-damage|p2b: Kommo-o|68\/100\n|\n|-heal|p2b: Kommo-o|74\/100|[from] item: Leftovers\n|upkeep\n|turn|2\n|\n|t:|1701187675\n|move|p2a: Salamence|Dual Wingbeat|p1a: Dudunsparce\n|-damage|p1a: Dudunsparce|78\/100\n|-damage|p1a: Dudunsparce|69\/100\n|-hitcount|p1a: Dudunsparce|2\n|move|p2b: Kommo-o|Dragon Claw|p1a: Dudunsparce\n|-damage|p1a: Dudunsparce|45\/100\n|move|p1a: Dudunsparce|Substitute|p1a: Dudunsparce\n|-start|p1a: Dudunsparce|Substitute\n|-damage|p1a: Dudunsparce|20\/100\n|move|p1b: Maushold|Thunder Wave|p2b: Kommo-o\n|-status|p2b: Kommo-o|par\n|\n|-heal|p2b: Kommo-o|80\/100 par|[from] item: Leftovers\n|upkeep\n|turn|3\n|\n|t:|1701187701\n|move|p2a: Salamence|Dual Wingbeat|p1a: Dudunsparce\n|-activate|p1a: Dudunsparce|move: Substitute|[damage]\n|-activate|p1a: Dudunsparce|move: Substitute|[damage]\n|-hitcount|p1a: Dudunsparce|2\n|move|p1a: Dudunsparce|Baton Pass|p1a: Dudunsparce\n|\n|t:|1701187708\n|switch|p1a: Diancie|Diancie|100\/100|[from] Baton Pass\n|move|p1b: Maushold|Thunder Wave|p2a: Salamence\n|-status|p2a: Salamence|par\n|move|p2b: Kommo-o|Dragon Claw|p1a: Diancie\n|-immune|p1a: Diancie\n|\n|-heal|p2b: Kommo-o|86\/100 par|[from] item: Leftovers\n|upkeep\n|turn|4\n|\n|t:|1701187726\n|detailschange|p1a: Diancie|Diancie-Mega\n|-mega|p1a: Diancie|Diancie|Diancite\n|move|p1a: Diancie|Diamond Storm|p2a: Salamence|[spread] p2a,p2b\n|-supereffective|p2a: Salamence\n|-resisted|p2b: Kommo-o\n|-damage|p2a: Salamence|0 fnt\n|-damage|p2b: Kommo-o|61\/100 par\n|-boost|p1a: Diancie|def|2\n|faint|p2a: Salamence\n|move|p1b: Maushold|Population Bomb|p2b: Kommo-o\n|-damage|p2b: Kommo-o|59\/100 par\n|-damage|p2b: Kommo-o|57\/100 par\n|-damage|p2b: Kommo-o|55\/100 par\n|-damage|p2b: Kommo-o|53\/100 par\n|-damage|p2b: Kommo-o|51\/100 par\n|-damage|p2b: Kommo-o|49\/100 par\n|-damage|p2b: Kommo-o|47\/100 par\n|-damage|p2b: Kommo-o|45\/100 par\n|-damage|p2b: Kommo-o|43\/100 par\n|-damage|p2b: Kommo-o|41\/100 par\n|-hitcount|p2b: Kommo-o|10\n|move|p2b: Kommo-o|Iron Head|p1a: Diancie\n|-supereffective|p1a: Diancie\n|-end|p1a: Diancie|Substitute\n|\n|-heal|p2b: Kommo-o|47\/100 par|[from] item: Leftovers\n|-sideend|p2: ampronoob|move: Tailwind\n|upkeep\n|\n|t:|1701187757\n|switch|p2a: Walking Wake|Walking Wake|100\/100\n|turn|5\n|\n|t:|1701187783\n|move|p1a: Diancie|Play Rough|p2b: Kommo-o\n|-supereffective|p2b: Kommo-o\n|-damage|p2b: Kommo-o|0 fnt\n|faint|p2b: Kommo-o\n|move|p1b: Maushold|Thunder Wave|p2a: Walking Wake\n|-status|p2a: Walking Wake|par\n|move|p2a: Walking Wake|Hydro Steam|p1a: Diancie\n|-supereffective|p1a: Diancie\n|-damage|p1a: Diancie|18\/100\n|\n|upkeep\n|\n|t:|1701187794\n|switch|p2b: Dragonite|Dragonite, M|100\/100\n|turn|6\n|\n|t:|1701187802\n|switch|p1b: Flamigo|Flamigo, F|100\/100\n|-copyboost|p1b: Flamigo|p1a: Diancie|[from] ability: Costar\n|-terastallize|p2b: Dragonite|Normal\n|move|p2b: Dragonite|Extreme Speed|p1a: Diancie\n|-resisted|p1a: Diancie\n|-damage|p1a: Diancie|3\/100\n|-damage|p2b: Dragonite|91\/100|[from] item: Life Orb\n|move|p1a: Diancie|Diamond Storm|p2a: Walking Wake|[spread] p2a,p2b\n|-damage|p2a: Walking Wake|0 fnt\n|-damage|p2b: Dragonite|0 fnt\n|faint|p2a: Walking Wake\n|-end|p2a: Walking Wake|Protosynthesis|[silent]\n|faint|p2b: Dragonite\n|\n|upkeep\n|c|\u2606ampronoob|rip\n|\n|t:|1701187818\n|switch|p2a: Goodra|Goodra-Hisui, M|100\/100\n|switch|p2b: Charizard|Charizard, F|100\/100\n|turn|7\n|c|\u2606FabioLunar|gg bro\n|\n|t:|1701187831\n|move|p1a: Diancie|Diamond Storm|p2b: Charizard|[spread] p2a,p2b\n|-resisted|p2a: Goodra\n|-supereffective|p2b: Charizard\n|-damage|p2a: Goodra|61\/100\n|-damage|p2b: Charizard|0 fnt\n|faint|p2b: Charizard\n|move|p1b: Flamigo|Brave Bird|p2a: Goodra\n|-resisted|p2a: Goodra\n|-damage|p2a: Goodra|0 fnt\n|-ability|p2a: Goodra|Gooey\n|-unboost|p1b: Flamigo|spe|1\n|faint|p2a: Goodra\n|-damage|p1b: Flamigo|77\/100|[from] Recoil\n|-damage|p1b: Flamigo|67\/100|[from] item: Life Orb\n|\n|win|FabioLunar\n|raw|FabioLunar's rating: 1101 &rarr; <strong>1133<\/strong><br \/>(+32 for winning)\n|raw|ampronoob's rating: 1199 &rarr; <strong>1167<\/strong><br \/>(-32 for losing)\n|c|\u2606ampronoob|nice team\n|c|\u2606FabioLunar|thx\n|c|\u2606ampronoob|was expecting trick room but you really faked me out there\n|c|\u2606FabioLunar|you team is good too, tailwind with komoo\n|c|\u2606ampronoob|why terra ghost tho?\n|c|\u2606FabioLunar|i was using trick room but wasent working\n|c|\u2606ampronoob|ah makes sense\n|c|\u2606FabioLunar|tera ghost to active the weakness police\n|c|\u2606ampronoob|oh wow\n|c|\u2606ampronoob|yeah thats a very well thought out team\n|c|\u2606FabioLunar|good day for you bro\n|c|\u2606FabioLunar|have to leave\n|c|\u2606ampronoob|good day to you too\n|c|\u2606ampronoob|gotta go cya\n|l|\u2606ampronoob\n","uploadtime":1701187848,"views":0,"p1id":"fabiolunar","p2id":"ampronoob","formatid":"gen9nationaldexdoubles","rating":1133,"private":0,"password":""}