{"id":"gen9nationaldexdoubles-1987617728","p1":"Epilepsy Espeon","p2":"AdvancedDigit","format":"[Gen 9] National Dex Doubles","log":"|j|\u2606Epilepsy Espeon\n|j|\u2606AdvancedDigit\n|t:|1699620196\n|gametype|doubles\n|player|p1|Epilepsy Espeon|psychic-gen4|1134\n|player|p2|AdvancedDigit|hilbert|1136\n|teamsize|p1|6\n|teamsize|p2|6\n|gen|9\n|tier|[Gen 9] National Dex Doubles\n|rated|\n|rule|HP Percentage Mod: HP is shown in percentages\n|rule|Endless Battle Clause: Forcing endless battles is banned\n|rule|OHKO Clause: OHKO moves are banned\n|rule|Evasion Moves Clause: Evasion moves are banned\n|rule|Evasion Abilities Clause: Evasion abilities are banned\n|rule|Species Clause: Limit one of each Pok\u00e9mon\n|rule|Gravity Sleep Clause: The combination of sleep-inducing moves with imperfect accuracy and Gravity or Gigantamax Orbeetle are banned\n|clearpoke\n|poke|p1|Kleavor, M|\n|poke|p1|Nidoking, M|\n|poke|p1|Ursaluna, F|\n|poke|p1|Primeape, M|\n|poke|p1|Marowak, M|\n|poke|p1|Tauros, M|\n|poke|p2|Slurpuff, F|\n|poke|p2|Mr. Mime, M|\n|poke|p2|Sinistcha-Masterpiece|\n|poke|p2|Clefairy, F|\n|poke|p2|Indeedee-F, F|\n|poke|p2|Flamigo, F|\n|teampreview\n|\n|t:|1699620204\n|start\n|switch|p1a: Black Axe|Kleavor, M|100\/100\n|switch|p1b: Battering Ram|Tauros, M|100\/100\n|switch|p2a: Slurpuff|Slurpuff, F|100\/100\n|switch|p2b: Mr. Mime|Mr. Mime, M|100\/100\n|-ability|p1b: Battering Ram|Intimidate|boost\n|-unboost|p2a: Slurpuff|atk|1\n|-unboost|p2b: Mr. Mime|atk|1\n|turn|1\n|\n|t:|1699620218\n|move|p2b: Mr. Mime|Fake Out|p1b: Battering Ram\n|-damage|p1b: Battering Ram|97\/100\n|cant|p1b: Battering Ram|flinch\n|move|p1a: Black Axe|Tailwind|p1a: Black Axe\n|-sidestart|p1: Epilepsy Espeon|move: Tailwind\n|move|p2a: Slurpuff|Belly Drum|p2a: Slurpuff\n|-damage|p2a: Slurpuff|50\/100\n|-setboost|p2a: Slurpuff|atk|6|[from] move: Belly Drum\n|-enditem|p2a: Slurpuff|Sitrus Berry|[eat]\n|-heal|p2a: Slurpuff|75\/100|[from] item: Sitrus Berry\n|\n|upkeep\n|turn|2\n|\n|t:|1699620259\n|move|p2b: Mr. Mime|Follow Me|p2b: Mr. Mime\n|-singleturn|p2b: Mr. Mime|move: Follow Me\n|move|p1b: Battering Ram|Raging Bull|p2b: Mr. Mime\n|-damage|p2b: Mr. Mime|0 fnt\n|faint|p2b: Mr. Mime\n|move|p1a: Black Axe|Stone Axe|p2a: Slurpuff\n|-damage|p2a: Slurpuff|17\/100\n|-sidestart|p2: AdvancedDigit|move: Stealth Rock\n|move|p2a: Slurpuff|Drain Punch|p1b: Battering Ram\n|-supereffective|p1b: Battering Ram\n|-damage|p1b: Battering Ram|0 fnt\n|-heal|p2a: Slurpuff|58\/100|[from] drain|[of] p1b: Battering Ram\n|faint|p1b: Battering Ram\n|\n|upkeep\n|inactive|Battle timer is ON: inactive players will automatically lose when time's up. (requested by Epilepsy Espeon)\n|\n|t:|1699620316\n|switch|p1b: Reckless Fury|Primeape, M|100\/100\n|switch|p2b: Clefairy|Clefairy, F|100\/100\n|-damage|p2b: Clefairy|88\/100|[from] Stealth Rock\n|turn|3\n|\n|t:|1699620328\n|move|p2b: Clefairy|Follow Me|p2b: Clefairy\n|-singleturn|p2b: Clefairy|move: Follow Me\n|move|p1b: Reckless Fury|Poison Jab|p2b: Clefairy\n|-supereffective|p2b: Clefairy\n|-damage|p2b: Clefairy|32\/100\n|move|p1a: Black Axe|Stone Axe|p2b: Clefairy\n|-damage|p2b: Clefairy|0 fnt\n|faint|p2b: Clefairy\n|move|p2a: Slurpuff|Drain Punch|p1a: Black Axe\n|-damage|p1a: Black Axe|7\/100\n|-heal|p2a: Slurpuff|98\/100|[from] drain|[of] p1a: Black Axe\n|\n|upkeep\n|\n|t:|1699620352\n|switch|p2b: Indeedee|Indeedee-F, F|100\/100\n|-damage|p2b: Indeedee|88\/100|[from] Stealth Rock\n|-fieldstart|move: Psychic Terrain|[from] ability: Psychic Surge|[of] p2b: Indeedee\n|turn|4\n|\n|t:|1699620360\n|move|p2b: Indeedee|Follow Me|p2b: Indeedee\n|-singleturn|p2b: Indeedee|move: Follow Me\n|move|p1b: Reckless Fury|Poison Jab|p2b: Indeedee\n|-damage|p2b: Indeedee|51\/100\n|move|p1a: Black Axe|Night Slash|p2b: Indeedee\n|-supereffective|p2b: Indeedee\n|-crit|p2b: Indeedee\n|-damage|p2b: Indeedee|0 fnt\n|faint|p2b: Indeedee\n|move|p2a: Slurpuff|Drain Punch|p1a: Black Axe\n|-damage|p1a: Black Axe|0 fnt\n|-heal|p2a: Slurpuff|99\/100|[from] drain|[of] p1a: Black Axe\n|faint|p1a: Black Axe\n|\n|-sideend|p1: Epilepsy Espeon|move: Tailwind\n|upkeep\n|\n|t:|1699620372\n|switch|p1a: War Chief|Nidoking, M|100\/100\n|switch|p2b: Flamigo|Flamigo, F|100\/100\n|-damage|p2b: Flamigo|88\/100|[from] Stealth Rock\n|-copyboost|p2b: Flamigo|p2a: Slurpuff|[from] ability: Costar\n|turn|5\n|\n|t:|1699620387\n|-terastallize|p2a: Slurpuff|Dragon\n|-terastallize|p1b: Reckless Fury|Ghost\n|move|p2a: Slurpuff|Play Rough|p1b: Reckless Fury\n|-damage|p1b: Reckless Fury|0 fnt\n|faint|p1b: Reckless Fury\n|move|p2b: Flamigo|Liquidation|p1a: War Chief\n|-supereffective|p1a: War Chief\n|-damage|p1a: War Chief|0 fnt\n|faint|p1a: War Chief\n|\n|upkeep\n|\n|t:|1699620397\n|switch|p1b: Bone Breaker|Marowak, M|100\/100\n|switch|p1a: Iron Claw|Ursaluna, F|100\/100\n|turn|6\n|\n|t:|1699620413\n|move|p2a: Slurpuff|Drain Punch|p1a: Iron Claw\n|-supereffective|p1a: Iron Claw\n|-damage|p1a: Iron Claw|0 fnt\n|-heal|p2a: Slurpuff|100\/100|[from] drain|[of] p1a: Iron Claw\n|faint|p1a: Iron Claw\n|move|p2b: Flamigo|Liquidation|p1b: Bone Breaker\n|-supereffective|p1b: Bone Breaker\n|-damage|p1b: Bone Breaker|0 fnt\n|faint|p1b: Bone Breaker\n|\n|win|AdvancedDigit\n|raw|Epilepsy Espeon's rating: 1134 &rarr; <strong>1109<\/strong><br \/>(-25 for losing)\n|raw|AdvancedDigit's rating: 1136 &rarr; <strong>1161<\/strong><br \/>(+25 for winning)\n|c|\u2606AdvancedDigit|gg\n|l|\u2606Epilepsy Espeon\n","uploadtime":1699620420,"views":5,"p1id":"epilepsyespeon","p2id":"advanceddigit","formatid":"gen9nationaldexdoubles","rating":1109,"private":0,"password":""}