{"id":"gen9nationaldexdoubles-1958791774","p1":"Creepystank","p2":"LightOfTheRuin","format":"[Gen 9] National Dex Doubles","log":"|j|\u2606Creepystank\n|j|\u2606LightOfTheRuin\n|t:|1696358186\n|gametype|doubles\n|player|p1|Creepystank|cynthia-gen4|1108\n|player|p2|LightOfTheRuin|wallace|1055\n|teamsize|p1|6\n|teamsize|p2|6\n|gen|9\n|tier|[Gen 9] National Dex Doubles\n|rated|\n|rule|HP Percentage Mod: HP is shown in percentages\n|rule|Endless Battle Clause: Forcing endless battles is banned\n|rule|OHKO Clause: OHKO moves are banned\n|rule|Evasion Moves Clause: Evasion moves are banned\n|rule|Evasion Abilities Clause: Evasion abilities are banned\n|rule|Species Clause: Limit one of each Pok\u00e9mon\n|rule|Gravity Sleep Clause: The combination of sleep-inducing moves with imperfect accuracy and Gravity or Gigantamax Orbeetle are banned\n|clearpoke\n|poke|p1|Dusknoir, M|\n|poke|p1|Dusclops, M|\n|poke|p1|Riolu, M|\n|poke|p1|Torkoal, F|\n|poke|p1|Blastoise, M|\n|poke|p1|Great Tusk|\n|poke|p2|Electivire, M|\n|poke|p2|Electabuzz, F|\n|poke|p2|Ursaluna-Bloodmoon, M|\n|poke|p2|Basculegion-F, F|\n|poke|p2|Fezandipiti, M|\n|poke|p2|Ribombee, F|\n|teampreview\n|inactive|Battle timer is ON: inactive players will automatically lose when time's up. (requested by Creepystank)\n|\n|t:|1696358202\n|start\n|switch|p1a: Dusclops|Dusclops, M|100\/100\n|switch|p1b: Blastoise|Blastoise, M|100\/100\n|switch|p2a: Electabuzz|Electabuzz, F|100\/100\n|switch|p2b: Electivire|Electivire, M|100\/100\n|-item|p2a: Electabuzz|Eviolite|[from] ability: Frisk|[of] p1a: Dusclops|[identify]\n|-item|p2b: Electivire|Expert Belt|[from] ability: Frisk|[of] p1a: Dusclops|[identify]\n|turn|1\n|inactive|Creepystank has 120 seconds left.\n|\n|t:|1696358238\n|detailschange|p1b: Blastoise|Blastoise-Mega, M\n|-mega|p1b: Blastoise|Blastoise|Blastoisinite\n|move|p1b: Blastoise|Fake Out|p2b: Electivire\n|-damage|p2b: Electivire|87\/100\n|move|p2a: Electabuzz|Discharge|p1b: Blastoise|[spread] p1a,p1b\n|-ability|p2b: Electivire|Motor Drive|boost\n|-boost|p2b: Electivire|spe|1\n|-supereffective|p1b: Blastoise\n|-damage|p1a: Dusclops|89\/100\n|-damage|p1b: Blastoise|74\/100\n|-status|p1b: Blastoise|par\n|cant|p2b: Electivire|flinch\n|move|p1a: Dusclops|Will-O-Wisp|p2b: Electivire\n|-status|p2b: Electivire|brn\n|\n|-damage|p2b: Electivire|81\/100 brn|[from] brn\n|upkeep\n|turn|2\n|inactive|Creepystank has 120 seconds left.\n|\n|t:|1696358262\n|move|p2b: Electivire|Thunder Punch|p1b: Blastoise\n|-supereffective|p1b: Blastoise\n|-damage|p1b: Blastoise|34\/100 par\n|move|p2a: Electabuzz|Discharge|p1b: Blastoise|[spread] p1a,p1b\n|-ability|p2b: Electivire|Motor Drive|boost\n|-boost|p2b: Electivire|spe|1\n|-supereffective|p1b: Blastoise\n|-damage|p1a: Dusclops|78\/100\n|-damage|p1b: Blastoise|10\/100 par\n|-status|p1a: Dusclops|par\n|move|p1b: Blastoise|Dragon Pulse|p2a: Electabuzz\n|-damage|p2a: Electabuzz|63\/100\n|cant|p1a: Dusclops|par\n|\n|-damage|p2b: Electivire|74\/100 brn|[from] brn\n|upkeep\n|turn|3\n|inactive|Creepystank has 120 seconds left.\n|\n|t:|1696358296\n|switch|p1b: Torkoal|Torkoal, F|100\/100\n|-weather|SunnyDay|[from] ability: Drought|[of] p1b: Torkoal\n|move|p2a: Electabuzz|Protect|p2a: Electabuzz\n|-singleturn|p2a: Electabuzz|Protect\n|move|p2b: Electivire|Power-Up Punch|p1b: Torkoal\n|-damage|p1b: Torkoal|94\/100\n|-boost|p2b: Electivire|atk|1\n|move|p1a: Dusclops|Fire Punch|p2b: Electivire\n|-damage|p2b: Electivire|32\/100 brn\n|\n|-weather|SunnyDay|[upkeep]\n|-damage|p2b: Electivire|26\/100 brn|[from] brn\n|upkeep\n|turn|4\n|inactive|Creepystank has 120 seconds left.\n|inactive|LightOfTheRuin has 120 seconds left.\n|\n|t:|1696358334\n|move|p2b: Electivire|Protect|p2b: Electivire\n|-singleturn|p2b: Electivire|Protect\n|move|p2a: Electabuzz|Magnet Rise|p2a: Electabuzz\n|-start|p2a: Electabuzz|Magnet Rise\n|move|p1b: Torkoal|Eruption|p2b: Electivire|[spread] p2a\n|-activate|p2b: Electivire|move: Protect\n|-damage|p2a: Electabuzz|9\/100\n|move|p1a: Dusclops|Fire Punch|p2b: Electivire\n|-activate|p2b: Electivire|move: Protect\n|\n|-weather|SunnyDay|[upkeep]\n|-damage|p2b: Electivire|19\/100 brn|[from] brn\n|upkeep\n|turn|5\n|\n|t:|1696358348\n|move|p2b: Electivire|Earthquake|p1a: Dusclops|[spread] p1a,p1b\n|-immune|p2a: Electabuzz\n|-supereffective|p1b: Torkoal\n|-damage|p1a: Dusclops|62\/100 par\n|-damage|p1b: Torkoal|52\/100\n|move|p2a: Electabuzz|Discharge|p1b: Torkoal|[spread] p1a,p1b\n|-ability|p2b: Electivire|Motor Drive|boost\n|-boost|p2b: Electivire|spe|1\n|-damage|p1a: Dusclops|53\/100 par\n|-damage|p1b: Torkoal|34\/100\n|move|p1b: Torkoal|Clear Smog|p2b: Electivire\n|-damage|p2b: Electivire|0 fnt\n|-clearboost|p2b: Electivire\n|faint|p2b: Electivire\n|move|p1a: Dusclops|Fire Punch|p2a: Electabuzz\n|-damage|p2a: Electabuzz|0 fnt\n|faint|p2a: Electabuzz\n|\n|-weather|SunnyDay|[upkeep]\n|upkeep\n|inactive|LightOfTheRuin has 120 seconds left.\n|\n|t:|1696358371\n|switch|p2a: Basculegion|Basculegion-F, F|100\/100\n|switch|p2b: Ursaluna|Ursaluna-Bloodmoon, M|100\/100\n|turn|6\n|\n|t:|1696358380\n|move|p2a: Basculegion|Hex|p1a: Dusclops\n|-supereffective|p1a: Dusclops\n|-damage|p1a: Dusclops|0 fnt\n|faint|p1a: Dusclops\n|move|p2b: Ursaluna|Earth Power|p1b: Torkoal\n|-supereffective|p1b: Torkoal\n|-damage|p1b: Torkoal|0 fnt\n|faint|p1b: Torkoal\n|\n|-weather|SunnyDay|[upkeep]\n|upkeep\n|\n|t:|1696358389\n|switch|p1b: Riolu|Riolu, M|100\/100\n|switch|p1a: Dusknoir|Dusknoir, M|100\/100\n|-ability|p1a: Dusknoir|Pressure\n|turn|7\n|inactive|Creepystank has 120 seconds left.\n|inactive|Creepystank has 90 seconds left.\n|\n|t:|1696358453\n|switch|p2b: Fezandipiti|Fezandipiti, M|100\/100\n|move|p2a: Basculegion|Protect|p2a: Basculegion\n|-singleturn|p2a: Basculegion|Protect\n|move|p1b: Riolu|Coaching|p1a: Dusknoir\n|-boost|p1a: Dusknoir|atk|1\n|-boost|p1a: Dusknoir|def|1\n|move|p1a: Dusknoir|Thunder Punch|p2a: Basculegion\n|-activate|p2a: Basculegion|move: Protect\n|\n|-weather|none\n|upkeep\n|turn|8\n|inactive|LightOfTheRuin has 120 seconds left.\n|\n|t:|1696358489\n|move|p1b: Riolu|Follow Me|p1b: Riolu\n|-singleturn|p1b: Riolu|move: Follow Me\n|move|p2b: Fezandipiti|Icy Wind|p1a: Dusknoir|[spread] p1a,p1b\n|-damage|p1a: Dusknoir|93\/100\n|-damage|p1b: Riolu|89\/100\n|-unboost|p1a: Dusknoir|spe|1\n|-unboost|p1b: Riolu|spe|1\n|-status|p1b: Riolu|tox|[from] ability: Toxic Chain|[of] p2b: Fezandipiti\n|move|p2a: Basculegion|Hex|p1b: Riolu\n|-damage|p1b: Riolu|0 fnt\n|faint|p1b: Riolu\n|move|p1a: Dusknoir|Calm Mind|p1a: Dusknoir\n|-boost|p1a: Dusknoir|spa|1\n|-boost|p1a: Dusknoir|spd|1\n|\n|-heal|p1a: Dusknoir|99\/100|[from] item: Leftovers\n|upkeep\n|\n|t:|1696358494\n|switch|p1b: Blastoise|Blastoise-Mega, M|10\/100 par\n|turn|9\n|\n|t:|1696358506\n|-terastallize|p1a: Dusknoir|Ghost\n|move|p1b: Blastoise|Follow Me|p1b: Blastoise\n|-singleturn|p1b: Blastoise|move: Follow Me\n|move|p2b: Fezandipiti|Icy Wind|p1a: Dusknoir|[spread] p1a,p1b\n|-resisted|p1b: Blastoise\n|-damage|p1a: Dusknoir|94\/100\n|-damage|p1b: Blastoise|6\/100 par\n|-unboost|p1a: Dusknoir|spe|1\n|-unboost|p1b: Blastoise|spe|1\n|move|p2a: Basculegion|Hex|p1b: Blastoise\n|-damage|p1b: Blastoise|0 fnt\n|faint|p1b: Blastoise\n|move|p1a: Dusknoir|Shadow Ball|p2a: Basculegion\n|-supereffective|p2a: Basculegion\n|-damage|p2a: Basculegion|26\/100\n|-enditem|p2a: Basculegion|Weakness Policy\n|-boost|p2a: Basculegion|atk|2|[from] item: Weakness Policy\n|-boost|p2a: Basculegion|spa|2|[from] item: Weakness Policy\n|\n|-heal|p1a: Dusknoir|99\/100|[from] item: Leftovers\n|upkeep\n|inactive|Creepystank has 120 seconds left.\n|\n|t:|1696358535\n|switch|p1b: Great Tusk|Great Tusk|100\/100\n|turn|10\n|inactive|Creepystank has 120 seconds left.\n|\n|t:|1696358547\n|move|p2a: Basculegion|Protect|p2a: Basculegion\n|-singleturn|p2a: Basculegion|Protect\n|move|p2b: Fezandipiti|Icy Wind|p1a: Dusknoir|[spread] p1a,p1b\n|-supereffective|p1b: Great Tusk\n|-damage|p1a: Dusknoir|95\/100\n|-damage|p1b: Great Tusk|86\/100\n|-unboost|p1a: Dusknoir|spe|1\n|-unboost|p1b: Great Tusk|spe|1\n|-status|p1b: Great Tusk|tox|[from] ability: Toxic Chain|[of] p2b: Fezandipiti\n|move|p1b: Great Tusk|Headlong Rush|p2b: Fezandipiti\n|-supereffective|p2b: Fezandipiti\n|-damage|p2b: Fezandipiti|0 fnt\n|-unboost|p1b: Great Tusk|def|1\n|-unboost|p1b: Great Tusk|spd|1\n|faint|p2b: Fezandipiti\n|move|p1a: Dusknoir|Thunder Punch|p2a: Basculegion\n|-activate|p2a: Basculegion|move: Protect\n|\n|-heal|p1a: Dusknoir|100\/100|[from] item: Leftovers\n|-damage|p1b: Great Tusk|80\/100 tox|[from] psn\n|upkeep\n|\n|t:|1696358568\n|switch|p2b: Ribombee|Ribombee, F|100\/100\n|turn|11\n|inactive|Creepystank has 120 seconds left.\n|l|\u2606Creepystank\n|inactive|Creepystank disconnected and has a minute to reconnect!\n|player|p1|\n|inactive|Creepystank has 30 seconds to reconnect!\n|inactive|Creepystank has 20 seconds to reconnect!\n|inactive|Creepystank has 15 seconds to reconnect!\n|inactive|Creepystank has 10 seconds to reconnect!\n|inactive|Creepystank has 5 seconds to reconnect!\n|-message|Creepystank lost due to inactivity.\n|\n|win|LightOfTheRuin\n|raw|Creepystank's rating: 1108 &rarr; <strong>1079<\/strong><br \/>(-29 for losing)\n|raw|LightOfTheRuin's rating: 1055 &rarr; <strong>1092<\/strong><br \/>(+37 for winning)\n","uploadtime":1696358879,"views":16,"p1id":"creepystank","p2id":"lightoftheruin","formatid":"gen9nationaldexdoubles","rating":1079,"private":0,"password":""}