{"id":"gen9nationaldexdoubles-1956274205","p1":"SlimeGuy98712","p2":"OrangeObama","format":"[Gen 9] National Dex Doubles","log":"|j|\u2606SlimeGuy98712\n|j|\u2606OrangeObama\n|t:|1696092017\n|gametype|doubles\n|player|p1|SlimeGuy98712|erika|1064\n|player|p2|OrangeObama|acetrainer-gen4dp|1197\n|teamsize|p1|5\n|teamsize|p2|6\n|gen|9\n|tier|[Gen 9] National Dex Doubles\n|rated|\n|rule|HP Percentage Mod: HP is shown in percentages\n|rule|Endless Battle Clause: Forcing endless battles is banned\n|rule|OHKO Clause: OHKO moves are banned\n|rule|Evasion Moves Clause: Evasion moves are banned\n|rule|Evasion Abilities Clause: Evasion abilities are banned\n|rule|Species Clause: Limit one of each Pok\u00e9mon\n|rule|Gravity Sleep Clause: The combination of sleep-inducing moves with imperfect accuracy and Gravity or Gigantamax Orbeetle are banned\n|clearpoke\n|poke|p1|Araquanid, M|\n|poke|p1|Klefki, M|\n|poke|p1|Maushold|\n|poke|p1|Orthworm, F|\n|poke|p1|Pelipper, M|\n|poke|p2|Latios, M|\n|poke|p2|Landorus-Therian, M|\n|poke|p2|Ogerpon-Wellspring, F|\n|poke|p2|Hitmontop, M|\n|poke|p2|Clefairy, M|\n|poke|p2|Eevee, M|\n|teampreview\n|inactive|Battle timer is ON: inactive players will automatically lose when time's up. (requested by OrangeObama)\n|\n|t:|1696092030\n|start\n|switch|p1a: Orthworm|Orthworm, F|100\/100\n|switch|p1b: Klefki|Klefki, M|100\/100\n|switch|p2a: Clefairy|Clefairy, M|100\/100\n|switch|p2b: Eevee|Eevee, M|100\/100\n|turn|1\n|\n|t:|1696092042\n|move|p2a: Clefairy|Follow Me|p2a: Clefairy\n|-singleturn|p2a: Clefairy|move: Follow Me\n|-zpower|p2b: Eevee\n|move|p2b: Eevee|Extreme Evoboost|p2b: Eevee\n|-boost|p2b: Eevee|atk|2\n|-boost|p2b: Eevee|def|2\n|-boost|p2b: Eevee|spa|2\n|-boost|p2b: Eevee|spd|2\n|-boost|p2b: Eevee|spe|2\n|move|p1a: Orthworm|Shed Tail|p1a: Orthworm\n|-start|p1a: Orthworm|Substitute|[from] move: Shed Tail\n|-damage|p1a: Orthworm|50\/100\n|-enditem|p1a: Orthworm|Sitrus Berry|[eat]\n|-heal|p1a: Orthworm|75\/100|[from] item: Sitrus Berry\n|\n|t:|1696092050\n|switch|p1a: Araquanid|Araquanid, M, shiny|100\/100|[from] Shed Tail\n|move|p1b: Klefki|Trick Room|p1b: Klefki\n|-fieldstart|move: Trick Room|[of] p1b: Klefki\n|\n|upkeep\n|turn|2\n|\n|t:|1696092074\n|-terastallize|p1a: Araquanid|Water\n|move|p2a: Clefairy|Follow Me|p2a: Clefairy\n|-singleturn|p2a: Clefairy|move: Follow Me\n|move|p1b: Klefki|Rain Dance|p1b: Klefki\n|-weather|RainDance\n|move|p1a: Araquanid|Liquidation|p2a: Clefairy\n|-damage|p2a: Clefairy|0 fnt\n|faint|p2a: Clefairy\n|move|p2b: Eevee|Baton Pass|p2b: Eevee\n|\n|t:|1696092084\n|switch|p2b: Latios|Latios, M|100\/100|[from] Baton Pass\n|\n|-weather|RainDance|[upkeep]\n|upkeep\n|\n|t:|1696092089\n|switch|p2a: Ogerpon|Ogerpon-Wellspring, F|100\/100\n|turn|3\n|\n|t:|1696092107\n|detailschange|p2b: Latios|Latios-Mega, M\n|-mega|p2b: Latios|Latios|Latiosite\n|-terastallize|p2a: Ogerpon|Water\n|detailschange|p2a: Ogerpon|Ogerpon-Wellspring-Tera, F, tera:Water\n|-ability|p2a: Ogerpon|Embody Aspect (Wellspring)|boost\n|-boost|p2a: Ogerpon|spd|1\n|move|p1a: Araquanid|Liquidation|p2b: Latios\n|-resisted|p2b: Latios\n|-damage|p2b: Latios|67\/100\n|move|p1b: Klefki|Foul Play|p2b: Latios\n|-supereffective|p2b: Latios\n|-damage|p2b: Latios|27\/100\n|move|p2a: Ogerpon|Ivy Cudgel|p1a: Araquanid\n|-resisted|p1a: Araquanid\n|-end|p1a: Araquanid|Substitute\n|move|p2b: Latios|Stored Power|p1a: Araquanid\n|-damage|p1a: Araquanid|0 fnt\n|faint|p1a: Araquanid\n|\n|-weather|RainDance|[upkeep]\n|upkeep\n|\n|t:|1696092123\n|switch|p1a: Pelipper|Pelipper, M|100\/100\n|turn|4\n|\n|t:|1696092131\n|move|p2a: Ogerpon|Follow Me|p2a: Ogerpon\n|-singleturn|p2a: Ogerpon|move: Follow Me\n|move|p1a: Pelipper|Hurricane|p2a: Ogerpon\n|-damage|p2a: Ogerpon|65\/100\n|-start|p2a: Ogerpon|confusion\n|move|p1b: Klefki|Foul Play|p2a: Ogerpon\n|-damage|p2a: Ogerpon|45\/100\n|move|p2b: Latios|Recover|p2b: Latios\n|-heal|p2b: Latios|77\/100\n|\n|-weather|RainDance|[upkeep]\n|upkeep\n|turn|5\n|-message|SlimeGuy98712 forfeited.\n|\n|win|OrangeObama\n|raw|SlimeGuy98712's rating: 1064 &rarr; <strong>1052<\/strong><br \/>(-12 for losing)\n|raw|OrangeObama's rating: 1197 &rarr; <strong>1213<\/strong><br \/>(+16 for winning)\n|l|\u2606SlimeGuy98712\n","uploadtime":1696092150,"views":6,"p1id":"slimeguy98712","p2id":"orangeobama","formatid":"gen9nationaldexdoubles","rating":1052,"private":0,"password":""}