{"id":"gen9nationaldexdoubles-1976901700","p1":"Draggy Gutsfree","p2":"Lord Highkage","format":"[Gen 9] National Dex Doubles","log":"|j|\u2606Draggy Gutsfree\n|j|\u2606Lord Highkage\n|t:|1698350841\n|gametype|doubles\n|player|p1|Draggy Gutsfree|will|\n|player|p2|Lord Highkage|102|\n|teamsize|p1|6\n|teamsize|p2|6\n|gen|9\n|tier|[Gen 9] National Dex Doubles\n|rule|HP Percentage Mod: HP is shown in percentages\n|rule|Endless Battle Clause: Forcing endless battles is banned\n|rule|OHKO Clause: OHKO moves are banned\n|rule|Evasion Moves Clause: Evasion moves are banned\n|rule|Evasion Abilities Clause: Evasion abilities are banned\n|rule|Species Clause: Limit one of each Pok\u00e9mon\n|rule|Gravity Sleep Clause: The combination of sleep-inducing moves with imperfect accuracy and Gravity or Gigantamax Orbeetle are banned\n|clearpoke\n|poke|p1|Sinistcha-Masterpiece|\n|poke|p1|Volbeat, M|\n|poke|p1|Ceruledge, M|\n|poke|p1|Gengar, M|\n|poke|p1|Goodra-Hisui, M|\n|poke|p1|Urshifu-*, M|\n|poke|p2|Weavile, F|\n|poke|p2|Hydreigon, M|\n|poke|p2|Jirachi|\n|poke|p2|Salamence, F|\n|poke|p2|Starmie|\n|poke|p2|Empoleon, M|\n|teampreview\n|\n|t:|1698350878\n|start\n|switch|p1a: Gengar|Gengar, M|100\/100\n|switch|p1b: Ceruledge|Ceruledge, M|100\/100\n|switch|p2a: Starmie|Starmie|100\/100\n|switch|p2b: Jirachi|Jirachi|100\/100\n|turn|1\n|\n|t:|1698350904\n|move|p1a: Gengar|Shadow Ball|p2a: Starmie\n|-supereffective|p2a: Starmie\n|-damage|p2a: Starmie|0 fnt\n|faint|p2a: Starmie\n|move|p2b: Jirachi|Cosmic Power|p2b: Jirachi\n|-boost|p2b: Jirachi|def|1\n|-boost|p2b: Jirachi|spd|1\n|move|p1b: Ceruledge|Bitter Blade|p2b: Jirachi\n|-supereffective|p2b: Jirachi\n|-damage|p2b: Jirachi|49\/100\n|\n|-heal|p2b: Jirachi|55\/100|[from] item: Leftovers\n|upkeep\n|\n|t:|1698350932\n|switch|p2a: Hydreigon|Hydreigon, M|100\/100\n|turn|2\n|\n|t:|1698350952\n|move|p1a: Gengar|Shadow Ball|p2b: Jirachi\n|-supereffective|p2b: Jirachi\n|-damage|p2b: Jirachi|3\/100\n|-unboost|p2b: Jirachi|spd|1\n|move|p2a: Hydreigon|Earth Power|p1a: Gengar\n|-supereffective|p1a: Gengar\n|-damage|p1a: Gengar|0 fnt\n|faint|p1a: Gengar\n|-damage|p2a: Hydreigon|91\/100|[from] item: Life Orb\n|move|p2b: Jirachi|Cosmic Power|p2b: Jirachi\n|-boost|p2b: Jirachi|def|1\n|-boost|p2b: Jirachi|spd|1\n|move|p1b: Ceruledge|Bitter Blade|p2b: Jirachi\n|-supereffective|p2b: Jirachi\n|-damage|p2b: Jirachi|0 fnt\n|faint|p2b: Jirachi\n|\n|upkeep\n|\n|t:|1698350976\n|switch|p1a: Urshifu|Urshifu-Rapid-Strike, M|100\/100\n|switch|p2b: Salamence|Salamence, F|100\/100\n|-ability|p2b: Salamence|Intimidate|boost\n|-unboost|p1a: Urshifu|atk|1\n|-fail|p1b: Ceruledge|unboost|[from] item: Clear Amulet|[of] p1b: Ceruledge\n|turn|3\n|\n|t:|1698350991\n|move|p1b: Ceruledge|Protect|p1b: Ceruledge\n|-singleturn|p1b: Ceruledge|Protect\n|move|p2b: Salamence|Air Slash|p1a: Urshifu\n|-supereffective|p1a: Urshifu\n|-damage|p1a: Urshifu|0 fnt\n|faint|p1a: Urshifu\n|move|p2a: Hydreigon|Earth Power|p1b: Ceruledge\n|-activate|p1b: Ceruledge|move: Protect\n|\n|upkeep\n|\n|t:|1698351001\n|switch|p1a: Volbeat|Volbeat, M|100\/100\n|turn|4\n|\n|t:|1698351014\n|move|p1a: Volbeat|Thunder Wave|p2a: Hydreigon\n|-hint|Since gen 7, Dark is immune to Prankster moves.\n|-immune|p2a: Hydreigon\n|move|p2b: Salamence|Air Slash|p1a: Volbeat\n|-supereffective|p1a: Volbeat\n|-damage|p1a: Volbeat|11\/100\n|move|p2a: Hydreigon|Earth Power|p1b: Ceruledge\n|-supereffective|p1b: Ceruledge\n|-damage|p1b: Ceruledge|18\/100\n|-damage|p2a: Hydreigon|81\/100|[from] item: Life Orb\n|move|p1b: Ceruledge|Bitter Blade|p2a: Hydreigon\n|-resisted|p2a: Hydreigon\n|-damage|p2a: Hydreigon|52\/100\n|-heal|p1b: Ceruledge|32\/100|[from] drain|[of] p2a: Hydreigon\n|\n|upkeep\n|turn|5\n|\n|t:|1698351060\n|switch|p1b: Sinistcha|Sinistcha-Masterpiece|100\/100\n|-heal|p1a: Volbeat|36\/100|[from] ability: Hospitality|[of] p1b: Sinistcha\n|move|p2b: Salamence|Protect|p2b: Salamence\n|-singleturn|p2b: Salamence|Protect\n|move|p1a: Volbeat|Tailwind|p1a: Volbeat\n|-sidestart|p1: Draggy Gutsfree|move: Tailwind\n|move|p2a: Hydreigon|Earth Power|p1b: Sinistcha\n|-resisted|p1b: Sinistcha\n|-damage|p1b: Sinistcha|73\/100\n|-damage|p2a: Hydreigon|42\/100|[from] item: Life Orb\n|\n|-heal|p1b: Sinistcha|79\/100|[from] item: Leftovers\n|upkeep\n|turn|6\n|\n|t:|1698351090\n|switch|p2b: Weavile|Weavile, F|100\/100\n|-ability|p2b: Weavile|Pressure\n|move|p1a: Volbeat|Thunder Wave|p2b: Weavile\n|-hint|Since gen 7, Dark is immune to Prankster moves.\n|-immune|p2b: Weavile\n|move|p1b: Sinistcha|Strength Sap|p2b: Weavile\n|-unboost|p2b: Weavile|atk|1\n|-heal|p1b: Sinistcha|100\/100\n|move|p2a: Hydreigon|Roost|p2a: Hydreigon\n|-heal|p2a: Hydreigon|92\/100\n|-singleturn|p2a: Hydreigon|move: Roost\n|\n|upkeep\n|turn|7\n|\n|t:|1698351137\n|move|p1b: Sinistcha|Calm Mind|p1b: Sinistcha\n|-boost|p1b: Sinistcha|spa|1\n|-boost|p1b: Sinistcha|spd|1\n|move|p2b: Weavile|Triple Axel|p1b: Sinistcha\n|-supereffective|p1b: Sinistcha\n|-damage|p1b: Sinistcha|88\/100\n|-supereffective|p1b: Sinistcha\n|-damage|p1b: Sinistcha|68\/100\n|-supereffective|p1b: Sinistcha\n|-damage|p1b: Sinistcha|39\/100\n|-hitcount|p1b: Sinistcha|3\n|move|p1a: Volbeat|U-turn|p2b: Weavile\n|-supereffective|p2b: Weavile\n|-damage|p2b: Weavile|30\/100\n|\n|t:|1698351145\n|switch|p1a: Ceruledge|Ceruledge, M|32\/100|[from] U-turn\n|move|p2a: Hydreigon|Dragon Tail|p1b: Sinistcha\n|-damage|p1b: Sinistcha|21\/100\n|-damage|p2a: Hydreigon|83\/100|[from] item: Life Orb\n|drag|p1b: Volbeat|Volbeat, M|36\/100\n|\n|upkeep\n|turn|8\n|\n|t:|1698351168\n|move|p2b: Weavile|Ice Shard|p1b: Volbeat\n|-damage|p1b: Volbeat|24\/100\n|move|p1a: Ceruledge|Bitter Blade|p2b: Weavile\n|-supereffective|p2b: Weavile\n|-damage|p2b: Weavile|0 fnt\n|-heal|p1a: Ceruledge|43\/100|[from] drain|[of] p2b: Weavile\n|faint|p2b: Weavile\n|move|p1b: Volbeat|U-turn|p2a: Hydreigon\n|-supereffective|p2a: Hydreigon\n|-damage|p2a: Hydreigon|40\/100\n|\n|t:|1698351178\n|switch|p1b: Goodra|Goodra-Hisui, M|100\/100|[from] U-turn\n|move|p2a: Hydreigon|Earth Power|p1a: Ceruledge\n|-supereffective|p1a: Ceruledge\n|-damage|p1a: Ceruledge|0 fnt\n|faint|p1a: Ceruledge\n|-damage|p2a: Hydreigon|30\/100|[from] item: Life Orb\n|\n|-sideend|p1: Draggy Gutsfree|move: Tailwind\n|upkeep\n|\n|t:|1698351203\n|switch|p2b: Salamence|Salamence, F|100\/100\n|switch|p1a: Volbeat|Volbeat, M|24\/100\n|-ability|p2b: Salamence|Intimidate|boost\n|-unboost|p1a: Volbeat|atk|1\n|-unboost|p1b: Goodra|atk|1\n|turn|9\n|\n|t:|1698351241\n|switch|p2a: Empoleon|Empoleon, M|100\/100\n|move|p1a: Volbeat|Thunder Wave|p2b: Salamence\n|-status|p2b: Salamence|par\n|move|p1b: Goodra|Body Press|p2a: Empoleon\n|-supereffective|p2a: Empoleon\n|-crit|p2a: Empoleon\n|-damage|p2a: Empoleon|26\/100\n|move|p2b: Salamence|Air Slash|p1a: Volbeat\n|-supereffective|p1a: Volbeat\n|-damage|p1a: Volbeat|0 fnt\n|faint|p1a: Volbeat\n|\n|upkeep\n|\n|t:|1698351256\n|switch|p1a: Sinistcha|Sinistcha-Masterpiece|21\/100\n|turn|10\n|\n|t:|1698351270\n|move|p1a: Sinistcha|Strength Sap|p2b: Salamence\n|-unboost|p2b: Salamence|atk|1\n|-heal|p1a: Sinistcha|92\/100\n|move|p1b: Goodra|Body Press|p2a: Empoleon\n|-supereffective|p2a: Empoleon\n|-damage|p2a: Empoleon|0 fnt\n|faint|p2a: Empoleon\n|move|p2b: Salamence|Flamethrower|p1a: Sinistcha\n|-supereffective|p1a: Sinistcha\n|-damage|p1a: Sinistcha|22\/100\n|\n|-heal|p1a: Sinistcha|28\/100|[from] item: Leftovers\n|upkeep\n|\n|t:|1698351284\n|switch|p2a: Hydreigon|Hydreigon, M|30\/100\n|turn|11\n|\n|t:|1698351306\n|move|p2a: Hydreigon|Roost|p2a: Hydreigon\n|-heal|p2a: Hydreigon|80\/100\n|-singleturn|p2a: Hydreigon|move: Roost\n|move|p1a: Sinistcha|Strength Sap|p2b: Salamence\n|-unboost|p2b: Salamence|atk|1\n|-heal|p1a: Sinistcha|76\/100\n|move|p1b: Goodra|Body Press|p2a: Hydreigon\n|-supereffective|p2a: Hydreigon\n|-damage|p2a: Hydreigon|17\/100\n|cant|p2b: Salamence|par\n|\n|-heal|p1a: Sinistcha|82\/100|[from] item: Leftovers\n|upkeep\n|turn|12\n|\n|t:|1698351321\n|move|p2a: Hydreigon|Roost|p2a: Hydreigon\n|-heal|p2a: Hydreigon|67\/100\n|-singleturn|p2a: Hydreigon|move: Roost\n|move|p1a: Sinistcha|Strength Sap|p2b: Salamence\n|-unboost|p2b: Salamence|atk|1\n|-heal|p1a: Sinistcha|100\/100\n|move|p1b: Goodra|Body Press|p2a: Hydreigon\n|-supereffective|p2a: Hydreigon\n|-damage|p2a: Hydreigon|9\/100\n|cant|p2b: Salamence|par\n|\n|upkeep\n|turn|13\n|\n|t:|1698351336\n|move|p2a: Hydreigon|Earth Power|p1b: Goodra\n|-supereffective|p1b: Goodra\n|-damage|p1b: Goodra|43\/100\n|-damage|p2a: Hydreigon|0 fnt|[from] item: Life Orb\n|faint|p2a: Hydreigon\n|move|p1a: Sinistcha|Strength Sap|p2b: Salamence\n|-unboost|p2b: Salamence|atk|1\n|move|p1b: Goodra|Body Press|p2b: Salamence\n|-resisted|p2b: Salamence\n|-damage|p2b: Salamence|84\/100 par\n|cant|p2b: Salamence|par\n|\n|upkeep\n|turn|14\n|\n|t:|1698351356\n|move|p1a: Sinistcha|Shadow Ball|p2b: Salamence\n|-damage|p2b: Salamence|43\/100 par\n|move|p1b: Goodra|Life Dew||[still]|[spread] p1a,p1b\n|-fail|p1a: Sinistcha|heal\n|-heal|p1b: Goodra|68\/100\n|move|p2b: Salamence|Air Slash|p1a: Sinistcha\n|-supereffective|p1a: Sinistcha\n|-damage|p1a: Sinistcha|17\/100\n|\n|-heal|p1a: Sinistcha|23\/100|[from] item: Leftovers\n|upkeep\n|turn|15\n|\n|t:|1698351371\n|move|p1a: Sinistcha|Shadow Ball|p2b: Salamence\n|-damage|p2b: Salamence|4\/100 par\n|move|p1b: Goodra|Body Press|p2b: Salamence\n|-resisted|p2b: Salamence\n|-damage|p2b: Salamence|0 fnt\n|faint|p2b: Salamence\n|\n|win|Draggy Gutsfree\n|c|\u2606Lord Highkage|gg\n","uploadtime":1698351381,"views":8,"p1id":"draggygutsfree","p2id":"lordhighkage","formatid":"gen9nationaldexdoubles","rating":0,"private":0,"password":""}