{"id":"gen9nationaldexdoubles-1984724735","p1":"TlolJuan","p2":"Juanva2006","format":"[Gen 9] National Dex Doubles","log":"|j|\u2606TlolJuan\n|j|\u2606Juanva2006\n|t:|1699293921\n|gametype|doubles\n|player|p1|TlolJuan|hilbert-masters|\n|player|p2|Juanva2006|benga|\n|teamsize|p1|6\n|teamsize|p2|6\n|gen|9\n|tier|[Gen 9] National Dex Doubles\n|rule|HP Percentage Mod: HP is shown in percentages\n|rule|Endless Battle Clause: Forcing endless battles is banned\n|rule|OHKO Clause: OHKO moves are banned\n|rule|Evasion Moves Clause: Evasion moves are banned\n|rule|Evasion Abilities Clause: Evasion abilities are banned\n|rule|Species Clause: Limit one of each Pok\u00e9mon\n|rule|Gravity Sleep Clause: The combination of sleep-inducing moves with imperfect accuracy and Gravity or Gigantamax Orbeetle are banned\n|clearpoke\n|poke|p1|Dracovish|\n|poke|p1|Tyranitar, F|\n|poke|p1|Ceruledge, M|\n|poke|p1|Clefairy, F|\n|poke|p1|Togekiss, F|\n|poke|p1|Kommo-o, F|\n|poke|p2|Chandelure, F|\n|poke|p2|Cherrim, F|\n|poke|p2|Exeggutor-Alola, M|\n|poke|p2|Sunflora, M|\n|poke|p2|Torkoal, F|\n|poke|p2|Lurantis, F|\n|teampreview\n|\n|t:|1699293926\n|start\n|switch|p1a: Ceruledge|Ceruledge, M, shiny|100\/100\n|switch|p1b: Kommo-o|Kommo-o, F|100\/100\n|switch|p2a: Mi sapito|Cherrim, F, shiny|100\/100\n|switch|p2b: Vi un resplandor|Exeggutor-Alola, M, shiny|100\/100\n|-item|p1a: Ceruledge|Clear Amulet|[from] ability: Frisk|[of] p2b: Vi un resplandor|[identify]\n|-item|p1b: Kommo-o|Throat Spray|[from] ability: Frisk|[of] p2b: Vi un resplandor|[identify]\n|turn|1\n|j| chuspiter\n|\n|t:|1699293977\n|move|p1b: Kommo-o|Clanging Scales|p2b: Vi un resplandor|[spread] p2a,p2b\n|-supereffective|p2b: Vi un resplandor\n|-damage|p2a: Mi sapito|64\/100\n|-damage|p2b: Vi un resplandor|20\/100\n|-unboost|p1b: Kommo-o|def|1\n|-enditem|p1b: Kommo-o|Throat Spray\n|-boost|p1b: Kommo-o|spa|1|[from] item: Throat Spray\n|move|p1a: Ceruledge|Bitter Blade|p2b: Vi un resplandor\n|-damage|p2b: Vi un resplandor|0 fnt\n|faint|p2b: Vi un resplandor\n|move|p2a: Mi sapito|Sunny Day|p2a: Mi sapito\n|-weather|SunnyDay\n|-formechange|p2a: Mi sapito|Cherrim-Sunshine|[msg]|[from] ability: Flower Gift\n|\n|-weather|SunnyDay|[upkeep]\n|upkeep\n|\n|t:|1699294017\n|switch|p2b: Chuspi|Chandelure, F, shiny|100\/100\n|turn|2\n|\n|t:|1699294028\n|-terastallize|p1b: Kommo-o|Steel\n|move|p1b: Kommo-o|Clanging Scales|p2a: Mi sapito|[spread] p2a,p2b\n|-damage|p2a: Mi sapito|26\/100\n|-damage|p2b: Chuspi|48\/100\n|-unboost|p1b: Kommo-o|def|1\n|move|p1a: Ceruledge|Shadow Claw|p2b: Chuspi\n|-supereffective|p2b: Chuspi\n|-damage|p2b: Chuspi|0 fnt\n|faint|p2b: Chuspi\n|move|p2a: Mi sapito|Pollen Puff|p2: Chuspi|[notarget]\n|-fail|p2a: Mi sapito\n|\n|-weather|SunnyDay|[upkeep]\n|upkeep\n|\n|t:|1699294042\n|switch|p2b: Juanva2006|Torkoal, F|100\/100\n|turn|3\n|\n|t:|1699294055\n|move|p1b: Kommo-o|Clanging Scales|p2b: Juanva2006|[spread] p2a,p2b\n|-damage|p2a: Mi sapito|0 fnt\n|-damage|p2b: Juanva2006|54\/100\n|faint|p2a: Mi sapito\n|-unboost|p1b: Kommo-o|def|1\n|move|p1a: Ceruledge|Shadow Claw|p2b: Juanva2006\n|-damage|p2b: Juanva2006|29\/100\n|move|p2b: Juanva2006|Eruption|p1a: Ceruledge|[spread] p1b\n|-start|p1a: Ceruledge|ability: Flash Fire\n|-supereffective|p1b: Kommo-o\n|-damage|p1b: Kommo-o|50\/100\n|\n|-weather|SunnyDay|[upkeep]\n|upkeep\n|\n|t:|1699294086\n|switch|p2a: Chesus63|Sunflora, M|100\/100\n|turn|4\n|\n|t:|1699294097\n|-terastallize|p2a: Chesus63|Fairy\n|move|p1b: Kommo-o|Flash Cannon|p2a: Chesus63\n|-supereffective|p2a: Chesus63\n|-damage|p2a: Chesus63|0 fnt\n|faint|p2a: Chesus63\n|move|p1a: Ceruledge|Shadow Claw|p2b: Juanva2006\n|-damage|p2b: Juanva2006|3\/100\n|move|p2b: Juanva2006|Earth Power|p1a: Ceruledge\n|-supereffective|p1a: Ceruledge\n|-damage|p1a: Ceruledge|41\/100\n|\n|-weather|SunnyDay|[upkeep]\n|upkeep\n|j| AxelVX\n|l| AxelVX\n|\n|t:|1699294108\n|switch|p2a: rarete no?|Lurantis, F, shiny|100\/100\n|turn|5\n|j| AxelVX\n|\n|t:|1699294121\n|move|p1b: Kommo-o|Clanging Scales|p2b: Juanva2006|[spread] p2a,p2b\n|-damage|p2a: rarete no?|46\/100\n|-damage|p2b: Juanva2006|0 fnt\n|faint|p2b: Juanva2006\n|-unboost|p1b: Kommo-o|def|1\n|move|p1a: Ceruledge|Bitter Blade|p2a: rarete no?\n|-supereffective|p2a: rarete no?\n|-damage|p2a: rarete no?|0 fnt\n|-heal|p1a: Ceruledge|67\/100|[from] drain|[of] p2a: rarete no?\n|faint|p2a: rarete no?\n|\n|win|TlolJuan\n|l|\u2606Juanva2006\n|l| chuspiter\n|l| AxelVX\n","uploadtime":1699294485,"views":16,"p1id":"tloljuan","p2id":"juanva2006","formatid":"gen9nationaldexdoubles","rating":0,"private":0,"password":""}