{"id":"gen9nationaldexdoubles-1984274810","p1":"tmurrda","p2":"pd wogus","format":"[Gen 9] National Dex Doubles","log":"|j|\u2606tmurrda\n|j|\u2606pd wogus\n|t:|1699237763\n|gametype|doubles\n|player|p1|tmurrda|102|1000\n|player|p2|pd wogus|dawn|1052\n|teamsize|p1|6\n|teamsize|p2|6\n|gen|9\n|tier|[Gen 9] National Dex Doubles\n|rated|\n|rule|HP Percentage Mod: HP is shown in percentages\n|rule|Endless Battle Clause: Forcing endless battles is banned\n|rule|OHKO Clause: OHKO moves are banned\n|rule|Evasion Moves Clause: Evasion moves are banned\n|rule|Evasion Abilities Clause: Evasion abilities are banned\n|rule|Species Clause: Limit one of each Pok\u00e9mon\n|rule|Gravity Sleep Clause: The combination of sleep-inducing moves with imperfect accuracy and Gravity or Gigantamax Orbeetle are banned\n|clearpoke\n|poke|p1|Umbreon, M|\n|poke|p1|Dusknoir, F|\n|poke|p1|Hydreigon, M|\n|poke|p1|Honchkrow, M|\n|poke|p1|Bisharp, M|\n|poke|p1|Tyranitar, M|\n|poke|p2|Venusaur, M|\n|poke|p2|Hitmontop, M|\n|poke|p2|Torkoal, M|\n|poke|p2|Whimsicott, F|\n|poke|p2|Walking Wake|\n|poke|p2|Rillaboom, F|\n|teampreview\n|inactive|Battle timer is ON: inactive players will automatically lose when time's up. (requested by pd wogus)\n|inactive|tmurrda has 120 seconds left.\n|\n|t:|1699237824\n|start\n|switch|p1a: Umbreon|Umbreon, M, shiny|100\/100\n|switch|p1b: Dusknoir|Dusknoir, F|100\/100\n|switch|p2a: Rillaboom|Rillaboom, F|100\/100\n|switch|p2b: Torkoal|Torkoal, M|100\/100\n|-fieldstart|move: Grassy Terrain|[from] ability: Grassy Surge|[of] p2a: Rillaboom\n|-ability|p1b: Dusknoir|Pressure\n|-weather|SunnyDay|[from] ability: Drought|[of] p2b: Torkoal\n|turn|1\n|\n|t:|1699237847\n|move|p2a: Rillaboom|Fake Out|p1a: Umbreon\n|-damage|p1a: Umbreon|89\/100\n|cant|p1a: Umbreon|flinch\n|move|p1b: Dusknoir|Ominous Wind|p2a: Rillaboom\n|-damage|p2a: Rillaboom|67\/100\n|-damage|p1b: Dusknoir|91\/100|[from] item: Life Orb\n|move|p2b: Torkoal|Eruption|p1a: Umbreon|[spread] p1a,p1b\n|-damage|p1a: Umbreon|46\/100\n|-damage|p1b: Dusknoir|14\/100\n|\n|-weather|SunnyDay|[upkeep]\n|-heal|p2a: Rillaboom|73\/100|[from] Grassy Terrain\n|-heal|p1a: Umbreon|53\/100|[from] Grassy Terrain\n|-heal|p1b: Dusknoir|20\/100|[from] Grassy Terrain\n|upkeep\n|turn|2\n|\n|t:|1699237864\n|move|p2a: Rillaboom|Grassy Glide|p1b: Dusknoir\n|-damage|p1b: Dusknoir|0 fnt\n|faint|p1b: Dusknoir\n|move|p1a: Umbreon|Confuse Ray|p2a: Rillaboom\n|-start|p2a: Rillaboom|confusion\n|move|p2b: Torkoal|Eruption|p1a: Umbreon\n|-damage|p1a: Umbreon|0 fnt\n|faint|p1a: Umbreon\n|\n|-weather|SunnyDay|[upkeep]\n|-heal|p2a: Rillaboom|79\/100|[from] Grassy Terrain\n|upkeep\n|\n|t:|1699237875\n|switch|p1a: Hydreigon|Hydreigon, M|100\/100\n|switch|p1b: Honchkrow|Honchkrow, M|100\/100\n|turn|3\n|\n|t:|1699237898\n|switch|p2a: Whimsicott|Whimsicott, F|100\/100\n|move|p1a: Hydreigon|Earthquake|p2b: Torkoal|[spread] p2a,p2b\n|-immune|p1b: Honchkrow\n|-resisted|p2a: Whimsicott\n|-supereffective|p2b: Torkoal\n|-damage|p2a: Whimsicott|97\/100\n|-damage|p2b: Torkoal|87\/100\n|move|p1b: Honchkrow|Air Slash|p2a: Whimsicott\n|-supereffective|p2a: Whimsicott\n|-damage|p2a: Whimsicott|30\/100\n|move|p2b: Torkoal|Eruption|p1a: Hydreigon|[spread] p1a,p1b\n|-resisted|p1a: Hydreigon\n|-damage|p1a: Hydreigon|58\/100\n|-damage|p1b: Honchkrow|26\/100\n|\n|-weather|SunnyDay|[upkeep]\n|-heal|p1a: Hydreigon|64\/100|[from] item: Leftovers\n|-heal|p2a: Whimsicott|37\/100|[from] Grassy Terrain\n|-heal|p2b: Torkoal|93\/100|[from] Grassy Terrain\n|upkeep\n|turn|4\n|\n|t:|1699237918\n|move|p2a: Whimsicott|Tailwind|p2a: Whimsicott\n|-sidestart|p2: pd wogus|move: Tailwind\n|move|p1a: Hydreigon|Earthquake|p2b: Torkoal|[spread] p2a,p2b\n|-immune|p1b: Honchkrow\n|-resisted|p2a: Whimsicott\n|-supereffective|p2b: Torkoal\n|-damage|p2a: Whimsicott|33\/100\n|-damage|p2b: Torkoal|80\/100\n|move|p1b: Honchkrow|Air Slash|p2a: Whimsicott\n|-supereffective|p2a: Whimsicott\n|-crit|p2a: Whimsicott\n|-damage|p2a: Whimsicott|0 fnt\n|faint|p2a: Whimsicott\n|move|p2b: Torkoal|Eruption|p1b: Honchkrow|[spread] p1a,p1b\n|-resisted|p1a: Hydreigon\n|-damage|p1a: Hydreigon|27\/100\n|-damage|p1b: Honchkrow|0 fnt\n|faint|p1b: Honchkrow\n|\n|-weather|SunnyDay|[upkeep]\n|-heal|p1a: Hydreigon|33\/100|[from] item: Leftovers\n|-heal|p2b: Torkoal|86\/100|[from] Grassy Terrain\n|upkeep\n|\n|t:|1699237928\n|switch|p2a: Rillaboom|Rillaboom, F|79\/100\n|switch|p1b: Tyranitar|Tyranitar, M|100\/100\n|-ability|p1b: Tyranitar|Unnerve\n|turn|5\n|\n|t:|1699237945\n|move|p2a: Rillaboom|Fake Out|p1a: Hydreigon\n|-damage|p1a: Hydreigon|13\/100\n|cant|p1a: Hydreigon|flinch\n|move|p1b: Tyranitar|Rock Slide|p2b: Torkoal|[spread] p2a,p2b\n|-crit|p2a: Rillaboom\n|-supereffective|p2b: Torkoal\n|-damage|p2a: Rillaboom|28\/100\n|-damage|p2b: Torkoal|33\/100\n|move|p2b: Torkoal|Heat Wave|p1a: Hydreigon|[spread] p1a\n|-miss|p2b: Torkoal|p1b: Tyranitar\n|-resisted|p1a: Hydreigon\n|-damage|p1a: Hydreigon|0 fnt\n|faint|p1a: Hydreigon\n|\n|-weather|none\n|-heal|p2a: Rillaboom|35\/100|[from] Grassy Terrain\n|-heal|p2b: Torkoal|40\/100|[from] Grassy Terrain\n|-fieldend|move: Grassy Terrain\n|upkeep\n|\n|t:|1699237957\n|switch|p1a: Bisharp|Bisharp, M, shiny|100\/100\n|turn|6\n|\n|t:|1699237966\n|detailschange|p1b: Tyranitar|Tyranitar-Mega, M\n|-mega|p1b: Tyranitar|Tyranitar|Tyranitarite\n|-weather|Sandstorm|[from] ability: Sand Stream|[of] p1b: Tyranitar\n|move|p2a: Rillaboom|Wood Hammer|p1b: Tyranitar\n|-supereffective|p1b: Tyranitar\n|-damage|p1b: Tyranitar|0 fnt\n|faint|p1b: Tyranitar\n|-damage|p2a: Rillaboom|6\/100|[from] Recoil\n|move|p1a: Bisharp|Poison Jab|p2b: Torkoal\n|-damage|p2b: Torkoal|17\/100\n|-status|p2b: Torkoal|psn\n|move|p2b: Torkoal|Earth Power|p1a: Bisharp\n|-supereffective|p1a: Bisharp\n|-damage|p1a: Bisharp|28\/100\n|\n|-weather|Sandstorm|[upkeep]\n|-damage|p2a: Rillaboom|0 fnt|[from] Sandstorm\n|-damage|p2b: Torkoal|11\/100 psn|[from] Sandstorm\n|faint|p2a: Rillaboom\n|-damage|p2b: Torkoal|0 fnt|[from] psn\n|faint|p2b: Torkoal\n|upkeep\n|\n|t:|1699237976\n|switch|p2a: Hitmontop|Hitmontop, M|100\/100\n|switch|p2b: Walking Wake|Walking Wake|100\/100\n|-ability|p2a: Hitmontop|Intimidate|boost\n|-fail|p1a: Bisharp|unboost|Attack|[from] ability: Inner Focus|[of] p1a: Bisharp\n|turn|7\n|\n|t:|1699237987\n|move|p2b: Walking Wake|Hydro Steam|p1a: Bisharp\n|-damage|p1a: Bisharp|0 fnt\n|faint|p1a: Bisharp\n|\n|win|pd wogus\n|raw|tmurrda's rating: 1000 &rarr; <strong>1000<\/strong><br \/>(+0 for losing)\n|raw|pd wogus's rating: 1052 &rarr; <strong>1079<\/strong><br \/>(+27 for winning)\n|l|\u2606tmurrda\n","uploadtime":1699237992,"views":5,"p1id":"tmurrda","p2id":"pdwogus","formatid":"gen9nationaldexdoubles","rating":1000,"private":0,"password":""}