{"id":"gen9nationaldexdoubles-1994739993","p1":"Retsuna","p2":"VenoCancer","format":"[Gen 9] National Dex Doubles","log":"|j|\u2606Retsuna\n|j|\u2606VenoCancer\n|t:|1700487825\n|gametype|doubles\n|player|p1|Retsuna|169|1105\n|player|p2|VenoCancer|roxie|1066\n|teamsize|p1|6\n|teamsize|p2|6\n|gen|9\n|tier|[Gen 9] National Dex Doubles\n|rated|\n|rule|HP Percentage Mod: HP is shown in percentages\n|rule|Endless Battle Clause: Forcing endless battles is banned\n|rule|OHKO Clause: OHKO moves are banned\n|rule|Evasion Moves Clause: Evasion moves are banned\n|rule|Evasion Abilities Clause: Evasion abilities are banned\n|rule|Species Clause: Limit one of each Pok\u00e9mon\n|rule|Gravity Sleep Clause: The combination of sleep-inducing moves with imperfect accuracy and Gravity or Gigantamax Orbeetle are banned\n|clearpoke\n|poke|p1|Decidueye, M|\n|poke|p1|Pidgeot, F|\n|poke|p1|Volcarona, M|\n|poke|p1|Lycanroc-Dusk, F|\n|poke|p1|Kommo-o, M|\n|poke|p1|Goodra, F|\n|poke|p2|Oricorio-Pom-Pom, M|\n|poke|p2|Volcarona, F|\n|poke|p2|Lilligant, F|\n|poke|p2|Murkrow, M|\n|poke|p2|Arboliva, M|\n|poke|p2|Vivillon-Pokeball, M|\n|teampreview\n|inactive|Battle timer is ON: inactive players will automatically lose when time's up. (requested by VenoCancer)\n|inactive|Retsuna has 120 seconds left.\n|\n|t:|1700487865\n|start\n|switch|p1a: Decidueye|Decidueye, M, shiny|100\/100\n|switch|p1b: Lycanroc|Lycanroc-Dusk, F|100\/100\n|switch|p2a: Murkrow|Murkrow, M|100\/100\n|switch|p2b: Vivillon|Vivillon-Pokeball, M|100\/100\n|turn|1\n|inactive|Retsuna has 120 seconds left.\n|inactive|Retsuna has 90 seconds left.\n|\n|t:|1700487945\n|-terastallize|p1a: Decidueye|Dark\n|move|p1b: Lycanroc|Accelerock|p2b: Vivillon\n|-supereffective|p2b: Vivillon\n|-enditem|p2b: Vivillon|Focus Sash\n|-damage|p2b: Vivillon|1\/100\n|move|p2a: Murkrow|Tailwind|p2a: Murkrow\n|-sidestart|p2: VenoCancer|move: Tailwind\n|move|p2b: Vivillon|Sleep Powder|p1b: Lycanroc\n|-status|p1b: Lycanroc|slp|[from] move: Sleep Powder\n|move|p1a: Decidueye|Dual Wingbeat|p2a: Murkrow|[miss]\n|-miss|p1a: Decidueye|p2a: Murkrow\n|\n|upkeep\n|turn|2\n|inactive|Retsuna has 90 seconds left.\n|\n|t:|1700487963\n|switch|p2a: Oricorio|Oricorio-Pom-Pom, M|100\/100\n|cant|p1b: Lycanroc|slp\n|move|p2b: Vivillon|Quiver Dance|p2b: Vivillon\n|-boost|p2b: Vivillon|spa|1\n|-boost|p2b: Vivillon|spd|1\n|-boost|p2b: Vivillon|spe|1\n|-activate|p2a: Oricorio|ability: Dancer\n|move|p2a: Oricorio|Quiver Dance|p2a: Oricorio|[from]ability: Dancer\n|-boost|p2a: Oricorio|spa|1\n|-boost|p2a: Oricorio|spd|1\n|-boost|p2a: Oricorio|spe|1\n|move|p1a: Decidueye|Dual Wingbeat|p2a: Oricorio\n|-resisted|p2a: Oricorio\n|-damage|p2a: Oricorio|88\/100\n|-resisted|p2a: Oricorio\n|-damage|p2a: Oricorio|75\/100\n|-hitcount|p2a: Oricorio|2\n|\n|upkeep\n|turn|3\n|inactive|Retsuna has 90 seconds left.\n|\n|t:|1700487992\n|switch|p1b: Volcarona|Volcarona, M|100\/100\n|-terastallize|p2a: Oricorio|Electric\n|move|p2a: Oricorio|Protect|p2a: Oricorio\n|-singleturn|p2a: Oricorio|Protect\n|move|p2b: Vivillon|Giga Drain|p1b: Volcarona\n|-resisted|p1b: Volcarona\n|-damage|p1b: Volcarona|94\/100\n|-heal|p2b: Vivillon|5\/100|[from] drain|[of] p1b: Volcarona\n|move|p1a: Decidueye|Dual Wingbeat|p2a: Oricorio\n|-activate|p2a: Oricorio|move: Protect\n|\n|upkeep\n|turn|4\n|\n|t:|1700488020\n|move|p2b: Vivillon|Hurricane|p1b: Volcarona\n|-supereffective|p1b: Volcarona\n|-damage|p1b: Volcarona|0 fnt\n|faint|p1b: Volcarona\n|move|p2a: Oricorio|Air Slash|p1a: Decidueye\n|-damage|p1a: Decidueye|49\/100\n|move|p1a: Decidueye|Dual Wingbeat|p2b: Vivillon\n|-supereffective|p2b: Vivillon\n|-damage|p2b: Vivillon|0 fnt\n|faint|p2b: Vivillon\n|-hitcount|p2: Vivillon|1\n|\n|-sideend|p2: VenoCancer|move: Tailwind\n|upkeep\n|inactive|Retsuna has 120 seconds left.\n|inactive|VenoCancer has 120 seconds left.\n|\n|t:|1700488067\n|switch|p1b: Lycanroc|Lycanroc-Dusk, F|100\/100 slp\n|switch|p2b: Lilligant|Lilligant, F|100\/100\n|turn|5\n|inactive|VenoCancer has 120 seconds left.\n|\n|t:|1700488081\n|move|p2a: Oricorio|Protect|p2a: Oricorio\n|-singleturn|p2a: Oricorio|Protect\n|cant|p1b: Lycanroc|slp\n|move|p2b: Lilligant|Quiver Dance|p2b: Lilligant\n|-boost|p2b: Lilligant|spa|1\n|-boost|p2b: Lilligant|spd|1\n|-boost|p2b: Lilligant|spe|1\n|-activate|p2a: Oricorio|ability: Dancer\n|move|p2a: Oricorio|Quiver Dance|p2a: Oricorio|[from]ability: Dancer\n|-boost|p2a: Oricorio|spa|1\n|-boost|p2a: Oricorio|spd|1\n|-boost|p2a: Oricorio|spe|1\n|move|p1a: Decidueye|Dual Wingbeat|p2b: Lilligant\n|-supereffective|p2b: Lilligant\n|-damage|p2b: Lilligant|39\/100\n|-supereffective|p2b: Lilligant\n|-damage|p2b: Lilligant|0 fnt\n|faint|p2b: Lilligant\n|-hitcount|p2: Lilligant|2\n|\n|upkeep\n|inactive|VenoCancer has 120 seconds left.\n|\n|t:|1700488096\n|switch|p2b: Murkrow|Murkrow, M|100\/100\n|turn|6\n|\n|t:|1700488104\n|move|p2b: Murkrow|Feather Dance|p1b: Lycanroc\n|-unboost|p1b: Lycanroc|atk|2\n|-activate|p2a: Oricorio|ability: Dancer\n|move|p2a: Oricorio|Feather Dance|p1b: Lycanroc|[from]ability: Dancer\n|-unboost|p1b: Lycanroc|atk|2\n|move|p2a: Oricorio|Revelation Dance|p1a: Decidueye\n|-damage|p1a: Decidueye|0 fnt\n|faint|p1a: Decidueye\n|cant|p1b: Lycanroc|slp\n|\n|upkeep\n|\n|t:|1700488119\n|switch|p1a: Kommo-o|Kommo-o, M|100\/100\n|turn|7\n|\n|t:|1700488132\n|switch|p1b: Goodra|Goodra, F|100\/100\n|move|p2b: Murkrow|Feather Dance|p1a: Kommo-o\n|-unboost|p1a: Kommo-o|atk|2\n|-activate|p2a: Oricorio|ability: Dancer\n|move|p2a: Oricorio|Feather Dance|p1a: Kommo-o|[from]ability: Dancer\n|-unboost|p1a: Kommo-o|atk|2\n|move|p2a: Oricorio|Revelation Dance|p1b: Goodra\n|-resisted|p1b: Goodra\n|-damage|p1b: Goodra|74\/100\n|-zpower|p1a: Kommo-o\n|move|p1a: Kommo-o|Clangorous Soulblaze|p2b: Murkrow|[zeffect]|[spread] p2a,p2b\n|-damage|p2a: Oricorio|45\/100\n|-damage|p2b: Murkrow|45\/100\n|-boost|p1a: Kommo-o|atk|1\n|-boost|p1a: Kommo-o|def|1\n|-boost|p1a: Kommo-o|spa|1\n|-boost|p1a: Kommo-o|spd|1\n|-boost|p1a: Kommo-o|spe|1\n|\n|-heal|p2b: Murkrow|51\/100|[from] item: Leftovers\n|upkeep\n|turn|8\n|inactive|VenoCancer has 120 seconds left.\n|\n|t:|1700488163\n|move|p2b: Murkrow|Tailwind|p2b: Murkrow\n|-sidestart|p2: VenoCancer|move: Tailwind\n|move|p2a: Oricorio|Roost|p2a: Oricorio\n|-heal|p2a: Oricorio|95\/100\n|move|p1a: Kommo-o|Clanging Scales|p2a: Oricorio|[spread] p2a,p2b\n|-damage|p2a: Oricorio|67\/100\n|-damage|p2b: Murkrow|0 fnt\n|faint|p2b: Murkrow\n|-unboost|p1a: Kommo-o|def|1\n|move|p1b: Goodra|Toxic|p2a: Oricorio\n|-status|p2a: Oricorio|tox\n|\n|-damage|p2a: Oricorio|61\/100 tox|[from] psn\n|upkeep\n|inactive|VenoCancer has 120 seconds left.\n|\n|t:|1700488178\n|switch|p2b: Volcarona|Volcarona, F|100\/100\n|turn|9\n|\n|t:|1700488195\n|move|p2a: Oricorio|Air Slash|p1a: Kommo-o\n|-supereffective|p1a: Kommo-o\n|-damage|p1a: Kommo-o|0 fnt\n|faint|p1a: Kommo-o\n|move|p2b: Volcarona|Fiery Dance|p1b: Goodra\n|-resisted|p1b: Goodra\n|-damage|p1b: Goodra|63\/100\n|-boost|p2b: Volcarona|spa|1\n|-activate|p2a: Oricorio|ability: Dancer\n|move|p2a: Oricorio|Fiery Dance|p1b: Goodra|[from]ability: Dancer\n|-resisted|p1b: Goodra\n|-damage|p1b: Goodra|50\/100\n|-boost|p2a: Oricorio|spa|1\n|move|p1b: Goodra|Toxic|p2b: Volcarona\n|-status|p2b: Volcarona|tox\n|\n|-damage|p2a: Oricorio|49\/100 tox|[from] psn\n|-damage|p2b: Volcarona|94\/100 tox|[from] psn\n|upkeep\n|\n|t:|1700488213\n|switch|p1a: Lycanroc|Lycanroc-Dusk, F|100\/100 slp\n|turn|10\n|\n|t:|1700488225\n|move|p2a: Oricorio|Protect|p2a: Oricorio\n|-singleturn|p2a: Oricorio|Protect\n|-curestatus|p1a: Lycanroc|slp|[msg]\n|move|p1a: Lycanroc|Accelerock|p2b: Volcarona\n|-supereffective|p2b: Volcarona\n|-damage|p2b: Volcarona|0 fnt\n|-status|p1a: Lycanroc|brn|[from] ability: Flame Body|[of] p2b: Volcarona\n|faint|p2b: Volcarona\n|move|p1b: Goodra|Rain Dance|p1b: Goodra\n|-weather|RainDance\n|\n|-weather|RainDance|[upkeep]\n|-damage|p2a: Oricorio|30\/100 tox|[from] psn\n|-damage|p1a: Lycanroc|94\/100 brn|[from] brn\n|upkeep\n|-message|VenoCancer forfeited.\n|\n|win|Retsuna\n|raw|Retsuna's rating: 1105 &rarr; <strong>1127<\/strong><br \/>(+22 for winning)\n|raw|VenoCancer's rating: 1066 &rarr; <strong>1048<\/strong><br \/>(-18 for losing)\n|l|\u2606VenoCancer\n","uploadtime":1700488243,"views":3,"p1id":"retsuna","p2id":"venocancer","formatid":"gen9nationaldexdoubles","rating":1048,"private":0,"password":""}