{"id":"gen9nationaldexdoubles-1994529921","p1":"Dylanpika99","p2":"Shiny_Hero64","format":"[Gen 9] National Dex Doubles","log":"|j|\u2606Dylanpika99\n|j|\u2606Shiny_Hero64\n|t:|1700455211\n|gametype|doubles\n|player|p1|Dylanpika99|1|\n|player|p2|Shiny_Hero64|n-masters3|\n|teamsize|p1|6\n|teamsize|p2|6\n|gen|9\n|tier|[Gen 9] National Dex Doubles\n|rule|HP Percentage Mod: HP is shown in percentages\n|rule|Endless Battle Clause: Forcing endless battles is banned\n|rule|OHKO Clause: OHKO moves are banned\n|rule|Evasion Moves Clause: Evasion moves are banned\n|rule|Evasion Abilities Clause: Evasion abilities are banned\n|rule|Species Clause: Limit one of each Pok\u00e9mon\n|rule|Gravity Sleep Clause: The combination of sleep-inducing moves with imperfect accuracy and Gravity or Gigantamax Orbeetle are banned\n|clearpoke\n|poke|p1|Ogerpon-Cornerstone, F|\n|poke|p1|Sinistcha-Masterpiece|\n|poke|p1|Incineroar, F|\n|poke|p1|Salamence, M|\n|poke|p1|Tapu Fini|\n|poke|p1|Jirachi|\n|poke|p2|Farigiraf, M|\n|poke|p2|Ursaluna, M|\n|poke|p2|Camerupt, F|\n|poke|p2|Hatterene, F|\n|poke|p2|Iron Hands|\n|poke|p2|Enamorus-Therian, F|\n|teampreview\n|\n|t:|1700455252\n|start\n|switch|p1a: her|Ogerpon-Cornerstone, F|100\/100\n|switch|p1b: Incineroar|Incineroar, F|100\/100\n|switch|p2a: Camerupt|Camerupt, F|100\/100\n|switch|p2b: Normal neck|Farigiraf, M|100\/100\n|-ability|p1b: Incineroar|Intimidate|boost\n|-unboost|p2a: Camerupt|atk|1\n|-unboost|p2b: Normal neck|atk|1\n|turn|1\n|c|\u2606Shiny_Hero64|Also is that Incin AV or something?\n|\n|t:|1700455297\n|detailschange|p2a: Camerupt|Camerupt-Mega, F\n|-mega|p2a: Camerupt|Camerupt|Cameruptite\n|-terastallize|p1a: her|Rock\n|detailschange|p1a: her|Ogerpon-Cornerstone-Tera, F, tera:Rock\n|-ability|p1a: her|Embody Aspect (Cornerstone)|boost\n|-boost|p1a: her|def|1\n|move|p2a: Camerupt|Protect|p2a: Camerupt\n|-singleturn|p2a: Camerupt|Protect\n|move|p1a: her|Ivy Cudgel|p2b: Normal neck|[anim] Ivy Cudgel Rock\n|-damage|p2b: Normal neck|12\/100\n|move|p1b: Incineroar|Flare Blitz|p2b: Normal neck\n|-damage|p2b: Normal neck|0 fnt\n|faint|p2b: Normal neck\n|-damage|p1b: Incineroar|96\/100|[from] Recoil\n|\n|upkeep\n|c|\u2606Shiny_Hero64|because wrote up that earth power earlier like a champ\n|c|\u2606Dylanpika99|yumm\n|c|\u2606Dylanpika99|yew it is\n|\n|t:|1700455318\n|switch|p2b: Iron Hands|Iron Hands|100\/100\n|-enditem|p2b: Iron Hands|Booster Energy\n|-activate|p2b: Iron Hands|ability: Quark Drive|[fromitem]\n|-start|p2b: Iron Hands|quarkdriveatk\n|turn|2\n|\n|t:|1700455346\n|switch|p1b: Tapu Fini|Tapu Fini|100\/100\n|-fieldstart|move: Misty Terrain|[from] ability: Misty Surge|[of] p1b: Tapu Fini\n|move|p1a: her|Spiky Shield|p1a: her\n|-singleturn|p1a: her|move: Protect\n|move|p2b: Iron Hands|Fake Out|p1b: Tapu Fini\n|-damage|p1b: Tapu Fini|81\/100\n|move|p2a: Camerupt|Earth Power|p1a: her\n|-activate|p1a: her|move: Protect\n|\n|upkeep\n|turn|3\n|\n|t:|1700455391\n|move|p2a: Camerupt|Protect|p2a: Camerupt\n|-singleturn|p2a: Camerupt|Protect\n|move|p1a: her|Ivy Cudgel|p2a: Camerupt|[anim] Ivy Cudgel Rock\n|-activate|p2a: Camerupt|move: Protect\n|move|p1b: Tapu Fini|Moonblast|p2b: Iron Hands\n|-supereffective|p2b: Iron Hands\n|-damage|p2b: Iron Hands|28\/100\n|-unboost|p2b: Iron Hands|spa|1\n|move|p2b: Iron Hands|Wild Charge|p1b: Tapu Fini\n|-supereffective|p1b: Tapu Fini\n|-damage|p1b: Tapu Fini|0 fnt\n|faint|p1b: Tapu Fini\n|-damage|p2b: Iron Hands|15\/100|[from] Recoil\n|\n|upkeep\n|\n|t:|1700455410\n|switch|p1b: Salamence|Salamence, M|100\/100\n|-ability|p1b: Salamence|Intimidate|boost\n|-unboost|p2a: Camerupt|atk|1\n|-unboost|p2b: Iron Hands|atk|1\n|turn|4\n|\n|t:|1700455425\n|detailschange|p1b: Salamence|Salamence-Mega, M\n|-mega|p1b: Salamence|Salamence|Salamencite\n|move|p1a: her|Ivy Cudgel|p2a: Camerupt|[anim] Ivy Cudgel Rock\n|-damage|p2a: Camerupt|26\/100\n|move|p1b: Salamence|Return|p2b: Iron Hands\n|-damage|p2b: Iron Hands|0 fnt\n|faint|p2b: Iron Hands\n|-end|p2b: Iron Hands|Quark Drive|[silent]\n|move|p2a: Camerupt|Earth Power|p1a: her\n|-supereffective|p1a: her\n|-damage|p1a: her|0 fnt\n|faint|p1a: her\n|\n|upkeep\n|c|\u2606Dylanpika99|omg i forgot sturdy goes away when you tera\n|\n|t:|1700455469\n|switch|p1a: Jirachi|Jirachi|100\/100\n|switch|p2b: Enamorus|Enamorus-Therian, F|100\/100\n|turn|5\n|\n|t:|1700455483\n|move|p1b: Salamence|Return|p2a: Camerupt\n|-damage|p2a: Camerupt|0 fnt\n|faint|p2a: Camerupt\n|move|p1a: Jirachi|Iron Head|p2b: Enamorus\n|-supereffective|p2b: Enamorus\n|-damage|p2b: Enamorus|42\/100\n|cant|p2b: Enamorus|flinch\n|\n|upkeep\n|c|\u2606Shiny_Hero64|We hate serene Grace in this household\n|\n|t:|1700455505\n|switch|p2a: Azzoe|Hatterene, F, shiny|100\/100\n|turn|6\n|c|\u2606Dylanpika99|love**\n|c|\u2606Shiny_Hero64|no\n|\n|t:|1700455524\n|move|p1b: Salamence|Return|p2b: Enamorus\n|-damage|p2b: Enamorus|0 fnt\n|faint|p2b: Enamorus\n|move|p1a: Jirachi|Iron Head|p2a: Azzoe\n|-supereffective|p2a: Azzoe\n|-damage|p2a: Azzoe|26\/100\n|cant|p2a: Azzoe|flinch\n|\n|-fieldend|Misty Terrain\n|upkeep\n|\n|t:|1700455526\n|switch|p2b: B E A R|Ursaluna, M|100\/100\n|turn|7\n|c|\u2606Dylanpika99|:p\n|\n|t:|1700455540\n|move|p1b: Salamence|Return|p2b: B E A R\n|-damage|p2b: B E A R|50\/100\n|move|p1a: Jirachi|Iron Head|p2a: Azzoe\n|-supereffective|p2a: Azzoe\n|-damage|p2a: Azzoe|0 fnt\n|faint|p2a: Azzoe\n|move|p2b: B E A R|Headlong Rush|p1a: Jirachi\n|-supereffective|p1a: Jirachi\n|-damage|p1a: Jirachi|0 fnt\n|-unboost|p2b: B E A R|def|1\n|-unboost|p2b: B E A R|spd|1\n|faint|p1a: Jirachi\n|\n|-status|p2b: B E A R|brn|[from] item: Flame Orb\n|upkeep\n|\n|t:|1700455547\n|switch|p1a: Incineroar|Incineroar, F|96\/100\n|-ability|p1a: Incineroar|Intimidate|boost\n|-unboost|p2b: B E A R|atk|1\n|turn|8\n|c|\u2606Shiny_Hero64|There is not a dream here\n|\n|t:|1700455555\n|move|p1a: Incineroar|Fake Out|p2b: B E A R\n|-damage|p2b: B E A R|38\/100 brn\n|move|p1b: Salamence|Return|p2b: B E A R\n|-damage|p2b: B E A R|0 fnt\n|faint|p2b: B E A R\n|\n|win|Dylanpika99\n","uploadtime":1700455568,"views":3,"p1id":"dylanpika99","p2id":"shinyhero64","formatid":"gen9nationaldexdoubles","rating":0,"private":0,"password":""}