{"id":"gen9nationaldexdoubles-1995543869","p1":"Paladeeen","p2":"AdvancedDigit","format":"[Gen 9] National Dex Doubles","log":"|j|\u2606Paladeeen\n|j|\u2606AdvancedDigit\n|t:|1700581477\n|gametype|doubles\n|player|p1|Paladeeen|101|1063\n|player|p2|AdvancedDigit|hilbert|1196\n|teamsize|p1|6\n|teamsize|p2|6\n|gen|9\n|tier|[Gen 9] National Dex Doubles\n|rated|\n|rule|HP Percentage Mod: HP is shown in percentages\n|rule|Endless Battle Clause: Forcing endless battles is banned\n|rule|OHKO Clause: OHKO moves are banned\n|rule|Evasion Moves Clause: Evasion moves are banned\n|rule|Evasion Abilities Clause: Evasion abilities are banned\n|rule|Species Clause: Limit one of each Pok\u00e9mon\n|rule|Gravity Sleep Clause: The combination of sleep-inducing moves with imperfect accuracy and Gravity or Gigantamax Orbeetle are banned\n|clearpoke\n|poke|p1|Pelipper, F|\n|poke|p1|Slowking, F|\n|poke|p1|Milotic, F|\n|poke|p1|Zapdos|\n|poke|p1|Metagross|\n|poke|p1|Rhyperior, F|\n|poke|p2|Scovillain, F|\n|poke|p2|Maushold|\n|poke|p2|Clefairy, F|\n|poke|p2|Sylveon, F|\n|poke|p2|Flamigo, F|\n|poke|p2|Tornadus, M|\n|teampreview\n|\n|t:|1700581495\n|start\n|switch|p1a: Milotic|Milotic, F|100\/100\n|switch|p1b: Pelipper|Pelipper, F|100\/100\n|switch|p2a: Scovillain|Scovillain, F|100\/100\n|switch|p2b: Clefairy|Clefairy, F|100\/100\n|-weather|RainDance|[from] ability: Drizzle|[of] p1b: Pelipper\n|turn|1\n|\n|t:|1700581516\n|move|p2b: Clefairy|Follow Me|p2b: Clefairy\n|-singleturn|p2b: Clefairy|move: Follow Me\n|move|p1a: Milotic|Scald|p2b: Clefairy\n|-damage|p2b: Clefairy|55\/100\n|-status|p2b: Clefairy|brn\n|-damage|p1a: Milotic|91\/100|[from] item: Life Orb\n|move|p2a: Scovillain|Substitute|p2a: Scovillain\n|-start|p2a: Scovillain|Substitute\n|-damage|p2a: Scovillain|76\/100\n|move|p1b: Pelipper|Hydro Pump|p2b: Clefairy\n|-damage|p2b: Clefairy|21\/100 brn\n|\n|-weather|RainDance|[upkeep]\n|-heal|p2a: Scovillain|82\/100|[from] item: Leftovers\n|-damage|p2b: Clefairy|15\/100 brn|[from] brn\n|-ability|p2a: Scovillain|Moody|boost\n|-boost|p2a: Scovillain|spd|2\n|-unboost|p2a: Scovillain|spa|1\n|upkeep\n|turn|2\n|\n|t:|1700581554\n|move|p2b: Clefairy|Helping Hand|p2a: Scovillain\n|-singleturn|p2a: Scovillain|Helping Hand|[of] p2b: Clefairy\n|move|p1a: Milotic|Scald|p2b: Clefairy\n|-damage|p2b: Clefairy|0 fnt\n|faint|p2b: Clefairy\n|-damage|p1a: Milotic|81\/100|[from] item: Life Orb\n|move|p2a: Scovillain|Trailblaze|p1a: Milotic\n|-supereffective|p1a: Milotic\n|-damage|p1a: Milotic|15\/100\n|-boost|p2a: Scovillain|spe|1\n|move|p1b: Pelipper|Knock Off|p2a: Scovillain\n|-crit|p2a: Scovillain\n|-end|p2a: Scovillain|Substitute\n|\n|-weather|RainDance|[upkeep]\n|-heal|p2a: Scovillain|88\/100|[from] item: Leftovers\n|-ability|p2a: Scovillain|Moody|boost\n|-boost|p2a: Scovillain|spd|2\n|-unboost|p2a: Scovillain|spa|1\n|upkeep\n|\n|t:|1700581575\n|switch|p2b: Maushold|Maushold|100\/100\n|turn|3\n|\n|t:|1700581593\n|switch|p1a: Zapdos|Zapdos|100\/100\n|move|p2a: Scovillain|Substitute|p2a: Scovillain\n|-start|p2a: Scovillain|Substitute\n|-damage|p2a: Scovillain|63\/100\n|move|p2b: Maushold|Thunder Wave|p1b: Pelipper\n|-status|p1b: Pelipper|par\n|move|p1b: Pelipper|Hydro Pump|p2b: Maushold|[miss]\n|-miss|p1b: Pelipper|p2b: Maushold\n|\n|-weather|RainDance|[upkeep]\n|-heal|p2a: Scovillain|69\/100|[from] item: Leftovers\n|-ability|p2a: Scovillain|Moody|boost\n|-boost|p2a: Scovillain|spa|2\n|-unboost|p2a: Scovillain|atk|1\n|upkeep\n|turn|4\n|\n|t:|1700581617\n|move|p2b: Maushold|Helping Hand|p2a: Scovillain\n|-singleturn|p2a: Scovillain|Helping Hand|[of] p2b: Maushold\n|move|p1a: Zapdos|Hurricane|p2a: Scovillain\n|-supereffective|p2a: Scovillain\n|-end|p2a: Scovillain|Substitute\n|move|p2a: Scovillain|Flamethrower|p1a: Zapdos\n|-damage|p1a: Zapdos|71\/100\n|move|p1b: Pelipper|Hurricane|p2a: Scovillain\n|-supereffective|p2a: Scovillain\n|-damage|p2a: Scovillain|42\/100\n|\n|-weather|RainDance|[upkeep]\n|-heal|p2a: Scovillain|48\/100|[from] item: Leftovers\n|-ability|p2a: Scovillain|Moody|boost\n|-boost|p2a: Scovillain|def|2\n|-unboost|p2a: Scovillain|spd|1\n|upkeep\n|turn|5\n|\n|t:|1700581641\n|move|p2b: Maushold|Follow Me|p2b: Maushold\n|-singleturn|p2b: Maushold|move: Follow Me\n|move|p1a: Zapdos|Hurricane|p2b: Maushold\n|-damage|p2b: Maushold|30\/100\n|move|p2a: Scovillain|Substitute|p2a: Scovillain\n|-start|p2a: Scovillain|Substitute\n|-damage|p2a: Scovillain|23\/100\n|move|p1b: Pelipper|Hurricane|p2b: Maushold\n|-damage|p2b: Maushold|0 fnt\n|faint|p2b: Maushold\n|\n|-weather|none\n|-heal|p2a: Scovillain|29\/100|[from] item: Leftovers\n|-ability|p2a: Scovillain|Moody|boost\n|-boost|p2a: Scovillain|spd|2\n|-unboost|p2a: Scovillain|spa|1\n|upkeep\n|\n|t:|1700581649\n|switch|p2b: Tornadus|Tornadus, M|100\/100\n|turn|6\n|\n|t:|1700581659\n|switch|p1b: Rhyperior|Rhyperior, F|100\/100\n|move|p1a: Zapdos|Hurricane|p2a: Scovillain\n|-supereffective|p2a: Scovillain\n|-end|p2a: Scovillain|Substitute\n|move|p2a: Scovillain|Flamethrower|p1a: Zapdos\n|-damage|p1a: Zapdos|47\/100\n|move|p2b: Tornadus|Icy Wind|p1b: Rhyperior|[spread] p1a,p1b\n|-supereffective|p1a: Zapdos\n|-supereffective|p1b: Rhyperior\n|-damage|p1a: Zapdos|17\/100\n|-damage|p1b: Rhyperior|68\/100\n|-unboost|p1a: Zapdos|spe|1\n|-unboost|p1b: Rhyperior|spe|1\n|\n|-heal|p2a: Scovillain|35\/100|[from] item: Leftovers\n|-ability|p2a: Scovillain|Moody|boost\n|-boost|p2a: Scovillain|spd|1\n|-unboost|p2a: Scovillain|spa|1\n|upkeep\n|turn|7\n|\n|t:|1700581690\n|switch|p1a: Metagross|Metagross|100\/100\n|-terastallize|p1b: Rhyperior|Grass\n|move|p2a: Scovillain|Substitute|p2a: Scovillain\n|-start|p2a: Scovillain|Substitute\n|-damage|p2a: Scovillain|10\/100\n|move|p2b: Tornadus|Icy Wind|p1b: Rhyperior|[spread] p1a,p1b\n|-resisted|p1a: Metagross\n|-supereffective|p1b: Rhyperior\n|-damage|p1a: Metagross|94\/100\n|-damage|p1b: Rhyperior|32\/100\n|-unboost|p1b: Rhyperior|spe|1\n|move|p1b: Rhyperior|Counter||[still]\n|-fail|p1b: Rhyperior\n|\n|-heal|p2a: Scovillain|16\/100|[from] item: Leftovers\n|-heal|p1a: Metagross|99\/100|[from] item: Leftovers\n|-ability|p2a: Scovillain|Moody|boost\n|-boost|p2a: Scovillain|def|2\n|-unboost|p2a: Scovillain|spa|1\n|upkeep\n|turn|8\n|\n|t:|1700581709\n|move|p2a: Scovillain|Protect|p2a: Scovillain\n|-singleturn|p2a: Scovillain|Protect\n|move|p1a: Metagross|Bullet Punch|p2a: Scovillain\n|-activate|p2a: Scovillain|move: Protect\n|move|p2b: Tornadus|Bleakwind Storm|p1b: Rhyperior|[spread] p1a,p1b\n|-resisted|p1a: Metagross\n|-supereffective|p1b: Rhyperior\n|-damage|p1a: Metagross|82\/100\n|-damage|p1b: Rhyperior|0 fnt\n|faint|p1b: Rhyperior\n|\n|-heal|p2a: Scovillain|22\/100|[from] item: Leftovers\n|-heal|p1a: Metagross|88\/100|[from] item: Leftovers\n|-ability|p2a: Scovillain|Moody|boost\n|-boost|p2a: Scovillain|spe|2\n|-unboost|p2a: Scovillain|spd|1\n|upkeep\n|\n|t:|1700581713\n|switch|p1b: Pelipper|Pelipper, F|100\/100 par\n|-weather|RainDance|[from] ability: Drizzle|[of] p1b: Pelipper\n|turn|9\n|\n|t:|1700581735\n|switch|p1b: Slowking|Slowking, F|100\/100\n|move|p2a: Scovillain|Flamethrower|p1a: Metagross\n|-supereffective|p1a: Metagross\n|-damage|p1a: Metagross|76\/100\n|move|p2b: Tornadus|Icy Wind|p1b: Slowking|[spread] p1a,p1b\n|-resisted|p1a: Metagross\n|-resisted|p1b: Slowking\n|-damage|p1a: Metagross|69\/100\n|-damage|p1b: Slowking|98\/100\n|-unboost|p1b: Slowking|spe|1\n|move|p1a: Metagross|Ice Punch|p2b: Tornadus\n|-supereffective|p2b: Tornadus\n|-damage|p2b: Tornadus|15\/100\n|\n|-weather|RainDance|[upkeep]\n|-heal|p2a: Scovillain|28\/100|[from] item: Leftovers\n|-heal|p2b: Tornadus|21\/100|[from] item: Leftovers\n|-heal|p1a: Metagross|75\/100|[from] item: Leftovers\n|-ability|p2a: Scovillain|Moody|boost\n|-boost|p2a: Scovillain|def|2\n|-unboost|p2a: Scovillain|spd|1\n|upkeep\n|turn|10\n|\n|t:|1700581750\n|move|p2b: Tornadus|Protect|p2b: Tornadus\n|-singleturn|p2b: Tornadus|Protect\n|move|p2a: Scovillain|Protect|p2a: Scovillain\n|-singleturn|p2a: Scovillain|Protect\n|move|p1a: Metagross|Ice Punch|p2b: Tornadus\n|-activate|p2b: Tornadus|move: Protect\n|move|p1b: Slowking|Scald|p2a: Scovillain\n|-activate|p2a: Scovillain|move: Protect\n|\n|-weather|RainDance|[upkeep]\n|-heal|p2a: Scovillain|34\/100|[from] item: Leftovers\n|-heal|p2b: Tornadus|27\/100|[from] item: Leftovers\n|-heal|p1a: Metagross|81\/100|[from] item: Leftovers\n|-ability|p2a: Scovillain|Moody|boost\n|-boost|p2a: Scovillain|atk|2\n|-unboost|p2a: Scovillain|def|1\n|upkeep\n|turn|11\n|\n|t:|1700581774\n|move|p2a: Scovillain|Trailblaze|p1b: Slowking\n|-supereffective|p1b: Slowking\n|-damage|p1b: Slowking|43\/100\n|-boost|p2a: Scovillain|spe|1\n|move|p2b: Tornadus|Icy Wind|p1a: Metagross|[spread] p1a,p1b\n|-resisted|p1a: Metagross\n|-resisted|p1b: Slowking\n|-damage|p1a: Metagross|74\/100\n|-damage|p1b: Slowking|40\/100\n|-unboost|p1b: Slowking|spe|1\n|move|p1a: Metagross|Ice Punch|p2b: Tornadus\n|-supereffective|p2b: Tornadus\n|-damage|p2b: Tornadus|0 fnt\n|faint|p2b: Tornadus\n|move|p1b: Slowking|Scald|p2a: Scovillain\n|-activate|p2a: Scovillain|move: Substitute|[damage]\n|\n|-weather|RainDance|[upkeep]\n|-heal|p2a: Scovillain|40\/100|[from] item: Leftovers\n|-heal|p1a: Metagross|80\/100|[from] item: Leftovers\n|-ability|p2a: Scovillain|Moody|boost\n|-boost|p2a: Scovillain|atk|2\n|-unboost|p2a: Scovillain|spd|1\n|upkeep\n|\n|t:|1700581783\n|switch|p2b: Flamigo|Flamigo, F|100\/100\n|-copyboost|p2b: Flamigo|p2a: Scovillain|[from] ability: Costar\n|turn|12\n|\n|t:|1700581806\n|switch|p1b: Milotic|Milotic, F|15\/100\n|move|p2b: Flamigo|Liquidation|p1a: Metagross\n|-crit|p1a: Metagross\n|-damage|p1a: Metagross|0 fnt\n|faint|p1a: Metagross\n|-damage|p2b: Flamigo|91\/100|[from] item: Life Orb\n|move|p2a: Scovillain|Trailblaze|p1b: Milotic\n|-supereffective|p1b: Milotic\n|-damage|p1b: Milotic|0 fnt\n|-boost|p2a: Scovillain|spe|1\n|faint|p1b: Milotic\n|\n|-weather|RainDance|[upkeep]\n|-heal|p2a: Scovillain|46\/100|[from] item: Leftovers\n|-ability|p2a: Scovillain|Moody|boost\n|-boost|p2a: Scovillain|spd|2\n|-unboost|p2a: Scovillain|spa|1\n|upkeep\n|\n|t:|1700581814\n|switch|p1b: Pelipper|Pelipper, F|100\/100 par\n|switch|p1a: Slowking|Slowking, F|73\/100\n|turn|13\n|l|\u2606Paladeeen\n|player|p1|\n|inactive|Battle timer is ON: inactive players will automatically lose when time's up. (requested by AdvancedDigit)\n|inactive|Paladeeen has 30 seconds to reconnect!\n|inactive|Paladeeen has 20 seconds to reconnect!\n|inactive|Paladeeen has 15 seconds to reconnect!\n|inactive|Paladeeen has 10 seconds to reconnect!\n|inactive|Paladeeen has 5 seconds to reconnect!\n|-message|Paladeeen lost due to inactivity.\n|\n|win|AdvancedDigit\n|raw|Paladeeen's rating: 1063 &rarr; <strong>1051<\/strong><br \/>(-12 for losing)\n|raw|AdvancedDigit's rating: 1196 &rarr; <strong>1212<\/strong><br \/>(+16 for winning)\n","uploadtime":1700581943,"views":0,"p1id":"paladeeen","p2id":"advanceddigit","formatid":"gen9nationaldexdoubles","rating":1051,"private":0,"password":""}