{"id":"gen9nationaldexdoubles-1975210441","p1":"ShadowerShadower","p2":"tomturtl","format":"[Gen 9] National Dex Doubles","log":"|j|\u2606ShadowerShadower\n|j|\u2606tomturtl\n|t:|1698170478\n|gametype|doubles\n|player|p1|ShadowerShadower|ghetsis|1065\n|player|p2|tomturtl|n|1026\n|teamsize|p1|6\n|teamsize|p2|6\n|gen|9\n|tier|[Gen 9] National Dex Doubles\n|rated|\n|rule|HP Percentage Mod: HP is shown in percentages\n|rule|Endless Battle Clause: Forcing endless battles is banned\n|rule|OHKO Clause: OHKO moves are banned\n|rule|Evasion Moves Clause: Evasion moves are banned\n|rule|Evasion Abilities Clause: Evasion abilities are banned\n|rule|Species Clause: Limit one of each Pok\u00e9mon\n|rule|Gravity Sleep Clause: The combination of sleep-inducing moves with imperfect accuracy and Gravity or Gigantamax Orbeetle are banned\n|clearpoke\n|poke|p1|Latias, F|\n|poke|p1|Hydreigon, M|\n|poke|p1|Hatterene, F|\n|poke|p1|Ogerpon-Hearthflame, F|\n|poke|p1|Gardevoir, F|\n|poke|p1|Latios, M|\n|poke|p2|Lucario, M|\n|poke|p2|Maushold-Four|\n|poke|p2|Pachirisu, F|\n|poke|p2|Sylveon, M|\n|poke|p2|Togetic, M|\n|poke|p2|Clefairy, M|\n|teampreview\n|c|\u2606ShadowerShadower|oh boy\n|c|\u2606ShadowerShadower|not again\n|c|\u2606tomturtl|Hello again\n|c|\u2606ShadowerShadower|hola\n|\n|t:|1698170497\n|start\n|switch|p1a: Ogerpon|Ogerpon-Hearthflame, F|100\/100\n|switch|p1b: Latias|Latias, F|100\/100\n|switch|p2a: Pachirisu|Pachirisu, F|100\/100\n|switch|p2b: Sylveon|Sylveon, M|100\/100\n|-ability|p1a: Ogerpon|Mold Breaker\n|turn|1\n|\n|t:|1698170509\n|-terastallize|p1a: Ogerpon|Fire\n|detailschange|p1a: Ogerpon|Ogerpon-Hearthflame-Tera, F, tera:Fire\n|-ability|p1a: Ogerpon|Embody Aspect (Hearthflame)|boost\n|-boost|p1a: Ogerpon|atk|1\n|move|p2a: Pachirisu|Follow Me|p2a: Pachirisu\n|-singleturn|p2a: Pachirisu|move: Follow Me\n|move|p1a: Ogerpon|Ivy Cudgel|p2a: Pachirisu\n|-damage|p2a: Pachirisu|0 fnt\n|faint|p2a: Pachirisu\n|move|p1b: Latias|Psychic|p2b: Sylveon\n|-damage|p2b: Sylveon|68\/100\n|-zpower|p2b: Sylveon\n|move|p2b: Sylveon|Z-Celebrate|p2b: Sylveon|[anim]Celebrate\n|-boost|p2b: Sylveon|atk|1|[zeffect]\n|-boost|p2b: Sylveon|def|1|[zeffect]\n|-boost|p2b: Sylveon|spa|1|[zeffect]\n|-boost|p2b: Sylveon|spd|1|[zeffect]\n|-boost|p2b: Sylveon|spe|1|[zeffect]\n|-activate|p2b: Sylveon|move: Celebrate\n|\n|upkeep\n|\n|t:|1698170525\n|switch|p2a: Clefairy|Clefairy, M|100\/100\n|turn|2\n|\n|t:|1698170536\n|move|p2a: Clefairy|Follow Me|p2a: Clefairy\n|-singleturn|p2a: Clefairy|move: Follow Me\n|move|p2b: Sylveon|Hyper Voice|p1a: Ogerpon|[spread] p1a,p1b\n|-resisted|p1a: Ogerpon\n|-supereffective|p1b: Latias\n|-damage|p1a: Ogerpon|68\/100\n|-damage|p1b: Latias|13\/100\n|move|p1b: Latias|Psychic|p2a: Clefairy\n|-damage|p2a: Clefairy|74\/100\n|move|p1a: Ogerpon|Ivy Cudgel|p2a: Clefairy\n|-damage|p2a: Clefairy|0 fnt\n|faint|p2a: Clefairy\n|\n|upkeep\n|\n|t:|1698170543\n|switch|p2a: Togetic|Togetic, M|100\/100\n|turn|3\n|\n|t:|1698170555\n|move|p2a: Togetic|Follow Me|p2a: Togetic\n|-singleturn|p2a: Togetic|move: Follow Me\n|move|p2b: Sylveon|Hyper Voice|p1a: Ogerpon|[spread] p1a,p1b\n|-resisted|p1a: Ogerpon\n|-supereffective|p1b: Latias\n|-damage|p1a: Ogerpon|38\/100\n|-damage|p1b: Latias|0 fnt\n|faint|p1b: Latias\n|move|p1a: Ogerpon|Swords Dance|p1a: Ogerpon\n|-boost|p1a: Ogerpon|atk|2\n|\n|upkeep\n|\n|t:|1698170561\n|switch|p1b: Hatterene|Hatterene, F|100\/100\n|turn|4\n|\n|t:|1698170570\n|move|p2a: Togetic|Follow Me|p2a: Togetic\n|-singleturn|p2a: Togetic|move: Follow Me\n|move|p2b: Sylveon|Shadow Ball|p1a: Ogerpon\n|-damage|p1a: Ogerpon|0 fnt\n|faint|p1a: Ogerpon\n|move|p1b: Hatterene|Heal Pulse|p2a: Togetic\n|-fail|p2a: Togetic|heal\n|\n|upkeep\n|\n|t:|1698170580\n|switch|p1a: Gardevoir|Gardevoir, F|100\/100\n|turn|5\n|\n|t:|1698170593\n|move|p2a: Togetic|Follow Me|p2a: Togetic\n|-singleturn|p2a: Togetic|move: Follow Me\n|move|p2b: Sylveon|Hyper Voice|p1a: Gardevoir|[spread] p1a,p1b\n|-damage|p1a: Gardevoir|57\/100\n|-damage|p1b: Hatterene|40\/100\n|move|p1a: Gardevoir|Draining Kiss|p2a: Togetic\n|-damage|p2a: Togetic|90\/100\n|-heal|p1a: Gardevoir|64\/100|[from] drain|[of] p2a: Togetic\n|move|p1b: Hatterene|Mystical Fire|p2a: Togetic\n|-crit|p2a: Togetic\n|-damage|p2a: Togetic|66\/100\n|-unboost|p2a: Togetic|spa|1\n|\n|-heal|p1a: Gardevoir|70\/100|[from] item: Leftovers\n|-heal|p1b: Hatterene|46\/100|[from] item: Leftovers\n|upkeep\n|turn|6\n|\n|t:|1698170600\n|move|p2a: Togetic|Follow Me|p2a: Togetic\n|-singleturn|p2a: Togetic|move: Follow Me\n|move|p2b: Sylveon|Hyper Voice|p1a: Gardevoir|[spread] p1a,p1b\n|-damage|p1a: Gardevoir|28\/100\n|-damage|p1b: Hatterene|0 fnt\n|faint|p1b: Hatterene\n|move|p1a: Gardevoir|Draining Kiss|p2a: Togetic\n|-crit|p2a: Togetic\n|-damage|p2a: Togetic|49\/100\n|-heal|p1a: Gardevoir|40\/100|[from] drain|[of] p2a: Togetic\n|\n|-heal|p1a: Gardevoir|46\/100|[from] item: Leftovers\n|upkeep\n|\n|t:|1698170603\n|switch|p1b: Latios|Latios, M|100\/100\n|turn|7\n|\n|t:|1698170610\n|detailschange|p1b: Latios|Latios-Mega, M\n|-mega|p1b: Latios|Latios|Latiosite\n|move|p2a: Togetic|Follow Me|p2a: Togetic\n|-singleturn|p2a: Togetic|move: Follow Me\n|move|p2b: Sylveon|Hyper Voice|p1a: Gardevoir|[spread] p1a,p1b\n|-supereffective|p1b: Latios\n|-damage|p1a: Gardevoir|5\/100\n|-damage|p1b: Latios|0 fnt\n|faint|p1b: Latios\n|move|p1a: Gardevoir|Psychic|p2a: Togetic\n|-damage|p2a: Togetic|30\/100\n|\n|-heal|p1a: Gardevoir|11\/100|[from] item: Leftovers\n|upkeep\n|\n|t:|1698170613\n|switch|p1b: Hydreigon|Hydreigon, M|100\/100\n|turn|8\n|\n|t:|1698170619\n|move|p2a: Togetic|Follow Me|p2a: Togetic\n|-singleturn|p2a: Togetic|move: Follow Me\n|move|p2b: Sylveon|Hyper Voice|p1b: Hydreigon|[spread] p1a,p1b\n|-supereffective|p1b: Hydreigon\n|-damage|p1a: Gardevoir|0 fnt\n|-damage|p1b: Hydreigon|0 fnt\n|faint|p1a: Gardevoir\n|faint|p1b: Hydreigon\n|\n|win|tomturtl\n|raw|ShadowerShadower's rating: 1065 &rarr; <strong>1043<\/strong><br \/>(-22 for losing)\n|raw|tomturtl's rating: 1026 &rarr; <strong>1066<\/strong><br \/>(+40 for winning)\n|c|\u2606ShadowerShadower|gg\n|c|\u2606tomturtl|Ggwp\n|l|\u2606ShadowerShadower\n","uploadtime":1698170633,"views":11,"p1id":"shadowershadower","p2id":"tomturtl","formatid":"gen9nationaldexdoubles","rating":1043,"private":0,"password":""}