{"id":"gen9nationaldexdoubles-1961299875","p1":"Penguin Stylez","p2":"GO4LZ","format":"[Gen 9] National Dex Doubles","log":"|j|\u2606Penguin Stylez\n|j|\u2606GO4LZ\n|t:|1696613585\n|gametype|doubles\n|player|p1|Penguin Stylez|2|1079\n|player|p2|GO4LZ|170|1020\n|teamsize|p1|6\n|teamsize|p2|6\n|gen|9\n|tier|[Gen 9] National Dex Doubles\n|rated|\n|rule|HP Percentage Mod: HP is shown in percentages\n|rule|Endless Battle Clause: Forcing endless battles is banned\n|rule|OHKO Clause: OHKO moves are banned\n|rule|Evasion Moves Clause: Evasion moves are banned\n|rule|Evasion Abilities Clause: Evasion abilities are banned\n|rule|Species Clause: Limit one of each Pok\u00e9mon\n|rule|Gravity Sleep Clause: The combination of sleep-inducing moves with imperfect accuracy and Gravity or Gigantamax Orbeetle are banned\n|clearpoke\n|poke|p1|Fearow, M|\n|poke|p1|Scolipede, F|\n|poke|p1|Excadrill, M|\n|poke|p1|Clefable, M|\n|poke|p1|Volcarona, F|\n|poke|p1|Tapu Lele|\n|poke|p2|Gardevoir, M|\n|poke|p2|Glimmora, F|\n|poke|p2|Drifblim, F|\n|poke|p2|Golem-Alola, M|\n|poke|p2|Rabsca, M|\n|poke|p2|Pawmot, M|\n|teampreview\n|\n|t:|1696613589\n|start\n|switch|p1a: Scolipede|Scolipede, F|100\/100\n|switch|p1b: Clefable|Clefable, M|100\/100\n|switch|p2a: Gardevoir|Gardevoir, M, shiny|100\/100\n|switch|p2b: Drifblim|Drifblim, F|100\/100\n|turn|1\n|\n|t:|1696613600\n|move|p1a: Scolipede|Protect|p1a: Scolipede\n|-singleturn|p1a: Scolipede|Protect\n|move|p2a: Gardevoir|Shadow Sneak|p2b: Drifblim\n|-supereffective|p2b: Drifblim\n|-damage|p2b: Drifblim|81\/100\n|-enditem|p2b: Drifblim|Weakness Policy\n|-boost|p2b: Drifblim|atk|2|[from] item: Weakness Policy\n|-boost|p2b: Drifblim|spa|2|[from] item: Weakness Policy\n|move|p2b: Drifblim|Explosion|p1b: Clefable|[spread] p1b\n|-activate|p1a: Scolipede|move: Protect\n|-activate|p2a: Gardevoir|ability: Telepathy\n|-damage|p1b: Clefable|0 fnt\n|faint|p2b: Drifblim\n|faint|p1b: Clefable\n|\n|-ability|p1a: Scolipede|Speed Boost|boost\n|-boost|p1a: Scolipede|spe|1\n|upkeep\n|\n|t:|1696613617\n|switch|p2b: Golem|Golem-Alola, M|100\/100\n|switch|p1b: Tapu Lele|Tapu Lele|100\/100\n|-fieldstart|move: Psychic Terrain|[from] ability: Psychic Surge|[of] p1b: Tapu Lele\n|-item|p2b: Golem|Air Balloon\n|turn|2\n|\n|t:|1696613632\n|move|p1a: Scolipede|Swords Dance|p1a: Scolipede\n|-boost|p1a: Scolipede|atk|2\n|move|p1b: Tapu Lele|Psychic|p2b: Golem\n|-damage|p2b: Golem|24\/100\n|-enditem|p2b: Golem|Air Balloon\n|move|p2a: Gardevoir|Mystical Fire|p1a: Scolipede\n|-supereffective|p1a: Scolipede\n|-damage|p1a: Scolipede|6\/100\n|-unboost|p1a: Scolipede|spa|1\n|move|p2b: Golem|Explosion|p1b: Tapu Lele|[spread] p1a,p1b\n|-activate|p2a: Gardevoir|ability: Telepathy\n|-damage|p1a: Scolipede|0 fnt\n|-damage|p1b: Tapu Lele|0 fnt\n|faint|p2b: Golem\n|faint|p1a: Scolipede\n|faint|p1b: Tapu Lele\n|\n|upkeep\n|\n|t:|1696613656\n|switch|p1a: Volcarona|Volcarona, F|100\/100\n|switch|p1b: Excadrill|Excadrill, M|100\/100\n|switch|p2b: Rabsca|Rabsca, M|100\/100\n|-ability|p1b: Excadrill|Mold Breaker\n|turn|3\n|\n|t:|1696613681\n|move|p1b: Excadrill|Iron Head|p2a: Gardevoir\n|-supereffective|p2a: Gardevoir\n|-damage|p2a: Gardevoir|0 fnt\n|faint|p2a: Gardevoir\n|move|p1a: Volcarona|Fiery Dance|p2b: Rabsca\n|-supereffective|p2b: Rabsca\n|-damage|p2b: Rabsca|36\/100\n|-boost|p1a: Volcarona|spa|1\n|move|p2b: Rabsca|Revival Blessing|p2b: Rabsca\n|\n|t:|1696613686\n|-heal|p2: Golem|50\/100|[from] move: Revival Blessing\n|\n|upkeep\n|\n|t:|1696613690\n|switch|p2a: Glimmora|Glimmora, F|100\/100\n|turn|4\n|\n|t:|1696613706\n|move|p1b: Excadrill|Brick Break|p2a: Glimmora\n|-damage|p2a: Glimmora|67\/100\n|-activate|p2a: Glimmora|ability: Toxic Debris\n|-sidestart|p1: Penguin Stylez|move: Toxic Spikes\n|move|p2a: Glimmora|Power Gem|p1a: Volcarona\n|-supereffective|p1a: Volcarona\n|-damage|p1a: Volcarona|0 fnt\n|faint|p1a: Volcarona\n|move|p2b: Rabsca|Extrasensory|p1b: Excadrill\n|-resisted|p1b: Excadrill\n|-damage|p1b: Excadrill|77\/100\n|\n|upkeep\n|\n|t:|1696613713\n|switch|p1a: Fearow|Fearow, M|100\/100\n|turn|5\n|\n|t:|1696613723\n|move|p1a: Fearow|Substitute|p1a: Fearow\n|-start|p1a: Fearow|Substitute\n|-damage|p1a: Fearow|76\/100\n|move|p1b: Excadrill|Earthquake|p2b: Rabsca|[spread] p2a,p2b\n|-immune|p1a: Fearow\n|-supereffective|p2a: Glimmora\n|-resisted|p2b: Rabsca\n|-damage|p2a: Glimmora|0 fnt\n|-damage|p2b: Rabsca|15\/100\n|-activate|p2a: Glimmora|ability: Toxic Debris\n|-sidestart|p1: Penguin Stylez|move: Toxic Spikes\n|faint|p2a: Glimmora\n|move|p2b: Rabsca|Extrasensory|p1b: Excadrill\n|-resisted|p1b: Excadrill\n|-damage|p1b: Excadrill|54\/100\n|\n|upkeep\n|\n|t:|1696613732\n|switch|p2a: Pawmot|Pawmot, M|100\/100\n|turn|6\n|\n|t:|1696613749\n|move|p2a: Pawmot|Close Combat|p1b: Excadrill\n|-supereffective|p1b: Excadrill\n|-damage|p1b: Excadrill|0 fnt\n|-unboost|p2a: Pawmot|def|1\n|-unboost|p2a: Pawmot|spd|1\n|faint|p1b: Excadrill\n|move|p1a: Fearow|Throat Chop|p2b: Rabsca\n|-supereffective|p2b: Rabsca\n|-damage|p2b: Rabsca|0 fnt\n|faint|p2b: Rabsca\n|\n|-fieldend|move: Psychic Terrain\n|upkeep\n|\n|t:|1696613753\n|switch|p2b: Golem|Golem-Alola, M|50\/100\n|turn|7\n|\n|t:|1696613763\n|move|p2a: Pawmot|Revival Blessing|p2a: Pawmot\n|\n|t:|1696613769\n|-heal|p2: Glimmora|50\/100|[from] move: Revival Blessing\n|move|p1a: Fearow|Drill Run|p2b: Golem\n|-supereffective|p2b: Golem\n|-damage|p2b: Golem|0 fnt\n|faint|p2b: Golem\n|\n|upkeep\n|\n|t:|1696613776\n|switch|p2b: Glimmora|Glimmora, F|50\/100\n|turn|8\n|\n|t:|1696613782\n|move|p2a: Pawmot|Double Shock|p1a: Fearow\n|-supereffective|p1a: Fearow\n|-end|p1a: Fearow|Substitute\n|-start|p2a: Pawmot|typechange|???\/Fighting|[from] move: Double Shock\n|move|p1a: Fearow|Drill Run|p2b: Glimmora\n|-supereffective|p2b: Glimmora\n|-damage|p2b: Glimmora|0 fnt\n|faint|p2b: Glimmora\n|\n|upkeep\n|turn|9\n|\n|t:|1696613805\n|-terastallize|p2a: Pawmot|Electric\n|-terastallize|p1a: Fearow|Normal\n|move|p2a: Pawmot|Double Shock|p1a: Fearow\n|-damage|p1a: Fearow|0 fnt\n|-start|p2a: Pawmot|typechange|Electric|[from] move: Double Shock\n|faint|p1a: Fearow\n|\n|win|GO4LZ\n|raw|Penguin Stylez's rating: 1079 &rarr; <strong>1053<\/strong><br \/>(-26 for losing)\n|raw|GO4LZ's rating: 1020 &rarr; <strong>1063<\/strong><br \/>(+43 for winning)\n|l|\u2606GO4LZ\n","uploadtime":1696613843,"views":12,"p1id":"penguinstylez","p2id":"go4lz","formatid":"gen9nationaldexdoubles","rating":1053,"private":0,"password":""}