{"id":"gen9nationaldexdoubles-1967828647","p1":"Mokaccino333","p2":"elder manny","format":"[Gen 9] National Dex Doubles","log":"|j|\u2606Mokaccino333\n|j|\u2606elder manny\n|t:|1697343575\n|gametype|doubles\n|player|p1|Mokaccino333|170|\n|player|p2|elder manny|cyrus-masters|\n|teamsize|p1|6\n|teamsize|p2|6\n|gen|9\n|tier|[Gen 9] National Dex Doubles\n|rule|HP Percentage Mod: HP is shown in percentages\n|rule|Endless Battle Clause: Forcing endless battles is banned\n|rule|OHKO Clause: OHKO moves are banned\n|rule|Evasion Moves Clause: Evasion moves are banned\n|rule|Evasion Abilities Clause: Evasion abilities are banned\n|rule|Species Clause: Limit one of each Pok\u00e9mon\n|rule|Gravity Sleep Clause: The combination of sleep-inducing moves with imperfect accuracy and Gravity or Gigantamax Orbeetle are banned\n|clearpoke\n|poke|p1|Cradily, F|\n|poke|p1|Aerodactyl, F|\n|poke|p1|Lycanroc-Dusk, M|\n|poke|p1|Nihilego|\n|poke|p1|Tyranitar, M|\n|poke|p1|Aggron, M|\n|poke|p2|Zygarde|\n|poke|p2|Zapdos|\n|poke|p2|Aegislash, M|\n|poke|p2|Tapu Fini|\n|poke|p2|Scizor, M|\n|poke|p2|Incineroar, F|\n|teampreview\n|inactive|Battle timer is ON: inactive players will automatically lose when time's up. (requested by elder manny)\n|c|\u2606elder manny|oh nvm\n|\n|t:|1697343584\n|start\n|switch|p1a: Tyranitar|Tyranitar, M|100\/100\n|switch|p1b: Aerodactyl|Aerodactyl, F|100\/100\n|switch|p2a: Zygarde|Zygarde, shiny|100\/100\n|switch|p2b: Zapdos|Zapdos|100\/100\n|-ability|p1b: Aerodactyl|Unnerve\n|-ability|p2a: Zygarde|Aura Break\n|-weather|Sandstorm|[from] ability: Sand Stream|[of] p1a: Tyranitar\n|turn|1\n|\n|t:|1697343608\n|-terastallize|p2a: Zygarde|Ground\n|move|p1b: Aerodactyl|Wide Guard|p1b: Aerodactyl\n|-singleturn|p1b: Aerodactyl|Wide Guard\n|move|p2a: Zygarde|Thousand Arrows|p1b: Aerodactyl|[spread] \n|-activate|p1a: Tyranitar|move: Wide Guard\n|-activate|p1b: Aerodactyl|move: Wide Guard\n|move|p2b: Zapdos|Tailwind|p2b: Zapdos\n|-sidestart|p2: elder manny|move: Tailwind\n|move|p1a: Tyranitar|Ice Punch|p2a: Zygarde\n|-supereffective|p2a: Zygarde\n|-damage|p2a: Zygarde|43\/100\n|-damage|p1a: Tyranitar|91\/100|[from] item: Life Orb\n|\n|-weather|Sandstorm|[upkeep]\n|-damage|p2b: Zapdos|94\/100|[from] Sandstorm\n|upkeep\n|turn|2\n|\n|t:|1697343627\n|switch|p2b: Aegislash|Aegislash, M, shiny|100\/100\n|move|p1b: Aerodactyl|Wide Guard|p1b: Aerodactyl\n|-singleturn|p1b: Aerodactyl|Wide Guard\n|move|p2a: Zygarde|Thousand Arrows|p1a: Tyranitar|[spread] \n|-activate|p1a: Tyranitar|move: Wide Guard\n|-activate|p1b: Aerodactyl|move: Wide Guard\n|move|p1a: Tyranitar|Ice Punch|p2a: Zygarde\n|-supereffective|p2a: Zygarde\n|-damage|p2a: Zygarde|0 fnt\n|faint|p2a: Zygarde\n|-damage|p1a: Tyranitar|81\/100|[from] item: Life Orb\n|\n|-weather|Sandstorm|[upkeep]\n|upkeep\n|inactive|elder manny has 270 seconds left.\n|c|\u2606elder manny|i thought wide guard worked like protect\n|c|\u2606elder manny|shit\n|c|\u2606Mokaccino333|na\n|\n|t:|1697343658\n|switch|p2a: Scizor|Scizor, M|100\/100\n|turn|3\n|c|\u2606Mokaccino333|it has no limit\n|c|\u2606Mokaccino333|haha\n|\n|t:|1697343673\n|detailschange|p2a: Scizor|Scizor-Mega, M\n|-mega|p2a: Scizor|Scizor|Scizorite\n|move|p2b: Aegislash|Wide Guard|p2b: Aegislash\n|-singleturn|p2b: Aegislash|Wide Guard\n|move|p2a: Scizor|Swords Dance|p2a: Scizor\n|-boost|p2a: Scizor|atk|2\n|move|p1b: Aerodactyl|Tailwind|p1b: Aerodactyl\n|-sidestart|p1: Mokaccino333|move: Tailwind\n|move|p1a: Tyranitar|Crunch|p2b: Aegislash\n|-supereffective|p2b: Aegislash\n|-damage|p2b: Aegislash|0 fnt\n|faint|p2b: Aegislash\n|-damage|p1a: Tyranitar|71\/100|[from] item: Life Orb\n|\n|-weather|Sandstorm|[upkeep]\n|upkeep\n|inactive|elder manny has 270 seconds left.\n|\n|t:|1697343688\n|switch|p2b: Incineroar|Incineroar, F|100\/100\n|-ability|p2b: Incineroar|Intimidate|boost\n|-unboost|p1a: Tyranitar|atk|1\n|-unboost|p1b: Aerodactyl|atk|1\n|turn|4\n|\n|t:|1697343698\n|move|p2b: Incineroar|Fake Out|p1a: Tyranitar\n|-resisted|p1a: Tyranitar\n|-damage|p1a: Tyranitar|66\/100\n|move|p1b: Aerodactyl|Sky Drop||[still]\n|-prepare|p1b: Aerodactyl|Sky Drop|p2a: Scizor\n|cant|p1a: Tyranitar|flinch\n|\n|-weather|Sandstorm|[upkeep]\n|-damage|p2b: Incineroar|94\/100|[from] Sandstorm\n|-sideend|p2: elder manny|move: Tailwind\n|upkeep\n|turn|5\n|\n|t:|1697343715\n|move|p1b: Aerodactyl|Sky Drop|p2a: Scizor|[from]lockedmove\n|-crit|p2a: Scizor\n|-damage|p2a: Scizor|74\/100\n|-end|p2a: Scizor|Sky Drop\n|move|p1a: Tyranitar|Rock Slide|p2b: Incineroar|[spread] p2a,p2b\n|-supereffective|p2b: Incineroar\n|-damage|p2a: Scizor|55\/100\n|-damage|p2b: Incineroar|49\/100\n|-damage|p1a: Tyranitar|56\/100|[from] item: Life Orb\n|cant|p2a: Scizor|flinch\n|move|p2b: Incineroar|Parting Shot|p1a: Tyranitar\n|-unboost|p1a: Tyranitar|atk|1\n|-unboost|p1a: Tyranitar|spa|1\n|c|\u2606Mokaccino333|POG FLINCH\n|inactive|elder manny has 270 seconds left.\n|c|\u2606elder manny|is that fucking kings rock\n|inactive|elder manny has 240 seconds left.\n|c|\u2606Mokaccino333|na\n|c|\u2606Mokaccino333|its life orb\n|c|\u2606elder manny|what\n|c|\u2606Mokaccino333|but rock slide is 30% chance lol\n|c|\u2606elder manny|OH RIGHT LMFAO\n|c|\u2606Mokaccino333|!data rock slide\n|raw|<ul class=\"utilichart\"><li class=\"result\"><span class=\"col movenamecol\"><a href=\"https:\/\/dex.pokemonshowdown.com\/moves\/rockslide\">Rock Slide<\/a><\/span> <span class=\"col typecol\"><img src=\"\/\/play.pokemonshowdown.com\/sprites\/types\/Rock.png\" alt=\"Rock\" width=\"32\" height=\"14\"><img src=\"\/\/play.pokemonshowdown.com\/sprites\/categories\/Physical.png\" alt=\"Physical\" width=\"32\" height=\"14\"><\/span> <span class=\"col labelcol\"><em>Power<\/em><br>75<\/span> <span class=\"col widelabelcol\"><em>Accuracy<\/em><br>90%<\/span> <span class=\"col pplabelcol\"><em>PP<\/em><br>16<\/span> <span class=\"col movedesccol\">30% chance to make the foe(s) flinch.<\/span> <\/li><li style=\"clear:both\"><\/li><\/ul>\n\n|\n|t:|1697343789\n|switch|p2b: Tapu Fini|Tapu Fini, shiny|100\/100|[from] Parting Shot\n|-fieldstart|move: Misty Terrain|[from] ability: Misty Surge|[of] p2b: Tapu Fini\n|\n|-weather|none\n|upkeep\n|turn|6\n|inactive|elder manny has 240 seconds left.\n|\n|t:|1697343805\n|switch|p1a: Cradily|Cradily, F|100\/100\n|move|p2a: Scizor|Bullet Punch|p1a: Cradily\n|-supereffective|p1a: Cradily\n|-damage|p1a: Cradily|0 fnt\n|faint|p1a: Cradily\n|move|p1b: Aerodactyl|Sky Drop||[still]\n|-prepare|p1b: Aerodactyl|Sky Drop|p2a: Scizor\n|move|p2b: Tapu Fini|Scald|p1b: Aerodactyl|[miss]\n|-miss|p2b: Tapu Fini|p1b: Aerodactyl\n|\n|-sideend|p1: Mokaccino333|move: Tailwind\n|upkeep\n|\n|t:|1697343814\n|switch|p1a: Lycanroc|Lycanroc-Dusk, M|100\/100\n|turn|7\n|\n|t:|1697343820\n|move|p2b: Tapu Fini|Protect|p2b: Tapu Fini\n|-singleturn|p2b: Tapu Fini|Protect\n|move|p1b: Aerodactyl|Sky Drop|p2a: Scizor|[from]lockedmove\n|-damage|p2a: Scizor|43\/100\n|-end|p2a: Scizor|Sky Drop\n|move|p1a: Lycanroc|Fire Fang|p2a: Scizor\n|-supereffective|p2a: Scizor\n|-damage|p2a: Scizor|0 fnt\n|faint|p2a: Scizor\n|\n|upkeep\n|\n|t:|1697343829\n|switch|p2a: Zapdos|Zapdos|94\/100\n|turn|8\n|\n|t:|1697343840\n|switch|p1a: Tyranitar|Tyranitar, M|56\/100\n|-weather|Sandstorm|[from] ability: Sand Stream|[of] p1a: Tyranitar\n|move|p1b: Aerodactyl|Taunt|p2a: Zapdos\n|-start|p2a: Zapdos|move: Taunt\n|move|p2a: Zapdos|Thunderbolt|p1b: Aerodactyl\n|-supereffective|p1b: Aerodactyl\n|-damage|p1b: Aerodactyl|41\/100\n|move|p2b: Tapu Fini|Scald|p1a: Tyranitar\n|-supereffective|p1a: Tyranitar\n|-damage|p1a: Tyranitar|15\/100\n|\n|-weather|Sandstorm|[upkeep]\n|-damage|p2a: Zapdos|88\/100|[from] Sandstorm\n|-damage|p2b: Tapu Fini|94\/100|[from] Sandstorm\n|upkeep\n|turn|9\n|\n|t:|1697343859\n|move|p1b: Aerodactyl|Tailwind|p1b: Aerodactyl\n|-sidestart|p1: Mokaccino333|move: Tailwind\n|move|p1a: Tyranitar|Rock Slide|p2a: Zapdos|[spread] p2a,p2b\n|-supereffective|p2a: Zapdos\n|-damage|p2a: Zapdos|15\/100\n|-damage|p2b: Tapu Fini|62\/100\n|-damage|p1a: Tyranitar|5\/100|[from] item: Life Orb\n|move|p2a: Zapdos|Thunderbolt|p1b: Aerodactyl\n|-supereffective|p1b: Aerodactyl\n|-damage|p1b: Aerodactyl|0 fnt\n|-enditem|p2a: Zapdos|Wiki Berry|[eat]\n|-heal|p2a: Zapdos|48\/100|[from] item: Wiki Berry\n|faint|p1b: Aerodactyl\n|move|p2b: Tapu Fini|Scald|p1a: Tyranitar\n|-supereffective|p1a: Tyranitar\n|-damage|p1a: Tyranitar|0 fnt\n|faint|p1a: Tyranitar\n|\n|-weather|Sandstorm|[upkeep]\n|-damage|p2a: Zapdos|42\/100|[from] Sandstorm\n|-damage|p2b: Tapu Fini|55\/100|[from] Sandstorm\n|-fieldend|Misty Terrain\n|upkeep\n|\n|t:|1697343869\n|switch|p1b: Nihilego|Nihilego|100\/100\n|switch|p1a: Lycanroc|Lycanroc-Dusk, M|100\/100\n|turn|10\n|\n|t:|1697343883\n|move|p2b: Tapu Fini|Protect|p2b: Tapu Fini\n|-singleturn|p2b: Tapu Fini|Protect\n|move|p1a: Lycanroc|Accelerock|p2a: Zapdos\n|-supereffective|p2a: Zapdos\n|-damage|p2a: Zapdos|0 fnt\n|-status|p1a: Lycanroc|par|[from] ability: Static|[of] p2a: Zapdos\n|faint|p2a: Zapdos\n|-zpower|p1b: Nihilego\n|move|p1b: Nihilego|Continental Crush|p2b: Tapu Fini|[zeffect]\n|-zbroken|p2b: Tapu Fini\n|-damage|p2b: Tapu Fini|39\/100\n|\n|-weather|Sandstorm|[upkeep]\n|-damage|p2b: Tapu Fini|33\/100|[from] Sandstorm\n|upkeep\n|c|\u2606Mokaccino333|i hate static\n|\n|t:|1697343898\n|switch|p2a: Incineroar|Incineroar, F|49\/100\n|-ability|p2a: Incineroar|Intimidate|boost\n|-unboost|p1a: Lycanroc|atk|1\n|-unboost|p1b: Nihilego|atk|1\n|turn|11\n|c|\u2606elder manny|you deserve it lmfao\n|\n|t:|1697343908\n|move|p2a: Incineroar|Fake Out|p1b: Nihilego\n|-resisted|p1b: Nihilego\n|-damage|p1b: Nihilego|92\/100\n|move|p1a: Lycanroc|Accelerock|p2a: Incineroar\n|-supereffective|p2a: Incineroar\n|-damage|p2a: Incineroar|5\/100\n|-enditem|p2a: Incineroar|Mago Berry|[eat]\n|-heal|p2a: Incineroar|38\/100|[from] item: Mago Berry\n|cant|p1b: Nihilego|flinch\n|move|p2b: Tapu Fini|Scald|p1a: Lycanroc\n|-supereffective|p1a: Lycanroc\n|-damage|p1a: Lycanroc|32\/100 par\n|\n|-weather|Sandstorm|[upkeep]\n|-damage|p2b: Tapu Fini|27\/100|[from] Sandstorm\n|-damage|p2a: Incineroar|32\/100|[from] Sandstorm\n|upkeep\n|turn|12\n|\n|t:|1697343925\n|cant|p1a: Lycanroc|par\n|move|p1b: Nihilego|Sludge Wave|p2b: Tapu Fini|[spread] p1a,p2a,p2b\n|-resisted|p1a: Lycanroc\n|-crit|p2a: Incineroar\n|-supereffective|p2b: Tapu Fini\n|-damage|p1a: Lycanroc|12\/100 par\n|-damage|p2a: Incineroar|0 fnt\n|-damage|p2b: Tapu Fini|0 fnt\n|faint|p2a: Incineroar\n|faint|p2b: Tapu Fini\n|\n|win|Mokaccino333\n|c|\u2606elder manny|gg\n|c|\u2606Mokaccino333|gg :3\n|c|\u2606elder manny|i got half we chillen\n|c|\u2606Mokaccino333|truee\n|c|\u2606Mokaccino333|:3 cyaaa\n|c|\u2606elder manny|peace\n|l|\u2606elder manny\n","uploadtime":1697343950,"views":6,"p1id":"mokaccino333","p2id":"eldermanny","formatid":"gen9nationaldexdoubles","rating":0,"private":0,"password":""}