{"id":"gen9nationaldexdoubles-1999199722","p1":"Nyx Saru","p2":"Lux2821","format":"[Gen 9] National Dex Doubles","log":"|j|\u2606Nyx Saru\n|j|\u2606Lux2821\n|t:|1701044536\n|gametype|doubles\n|player|p1|Nyx Saru|iris-gen5bw2|\n|player|p2|Lux2821|lusamine-nihilego|\n|teamsize|p1|6\n|teamsize|p2|6\n|gen|9\n|tier|[Gen 9] National Dex Doubles\n|rule|HP Percentage Mod: HP is shown in percentages\n|rule|Endless Battle Clause: Forcing endless battles is banned\n|rule|OHKO Clause: OHKO moves are banned\n|rule|Evasion Moves Clause: Evasion moves are banned\n|rule|Evasion Abilities Clause: Evasion abilities are banned\n|rule|Species Clause: Limit one of each Pok\u00e9mon\n|rule|Gravity Sleep Clause: The combination of sleep-inducing moves with imperfect accuracy and Gravity or Gigantamax Orbeetle are banned\n|clearpoke\n|poke|p1|Jigglypuff, M|\n|poke|p1|Hatterene, F|\n|poke|p1|Tapu Lele|\n|poke|p1|Mimikyu, F|\n|poke|p1|Tinkaton, F|\n|poke|p1|Ribombee, F|\n|poke|p2|Tapu Lele|\n|poke|p2|Alakazam, F|\n|poke|p2|Articuno-Galar|\n|poke|p2|Indeedee-F, F|\n|poke|p2|Lunatone|\n|poke|p2|Solrock|\n|teampreview\n|inactive|Battle timer is ON: inactive players will automatically lose when time's up. (requested by Lux2821)\n|c|\u2606Lux2821|wrong team uhh\n|c|\u2606Lux2821|this works ig\n|c|\u2606Nyx Saru|We can start over if you\u2019d like\n|inactive|Nyx Saru has 270 seconds left.\n|c|\u2606Lux2821|nah it's fine\n|c|\u2606Lux2821|glhf!\n|c|\u2606Nyx Saru|Alr gl hf\n|\n|t:|1701044576\n|start\n|switch|p1a: Ball|Jigglypuff, M, shiny|100\/100\n|switch|p1b: Tinkaton|Tinkaton, F|100\/100\n|switch|p2a: Mind > Ice|Articuno-Galar, shiny|100\/100\n|switch|p2b: egg no shell|Indeedee-F, F, shiny|100\/100\n|-fieldstart|move: Psychic Terrain|[from] ability: Psychic Surge|[of] p2b: egg no shell\n|-ability|p1b: Tinkaton|Mold Breaker\n|turn|1\n|\n|t:|1701044602\n|move|p2b: egg no shell|Follow Me|p2b: egg no shell\n|-singleturn|p2b: egg no shell|move: Follow Me\n|move|p2a: Mind > Ice|Tailwind|p2a: Mind > Ice\n|-sidestart|p2: Lux2821|move: Tailwind\n|move|p1b: Tinkaton|Knock Off|p2b: egg no shell\n|-supereffective|p2b: egg no shell\n|-damage|p2b: egg no shell|13\/100\n|-damage|p1b: Tinkaton|84\/100|[from] item: Rocky Helmet|[of] p2b: egg no shell\n|-enditem|p2b: egg no shell|Rocky Helmet|[from] move: Knock Off|[of] p1b: Tinkaton\n|move|p1a: Ball|Thunder Wave|p2b: egg no shell\n|-status|p2b: egg no shell|par\n|\n|upkeep\n|turn|2\n|\n|t:|1701044619\n|move|p2b: egg no shell|Follow Me|p2b: egg no shell\n|-singleturn|p2b: egg no shell|move: Follow Me\n|move|p2a: Mind > Ice|Expanding Force|p1a: Ball\n|-damage|p1a: Ball|67\/100\n|move|p1b: Tinkaton|Knock Off|p2b: egg no shell\n|-supereffective|p2b: egg no shell\n|-damage|p2b: egg no shell|0 fnt\n|faint|p2b: egg no shell\n|move|p1a: Ball|Confide|p2a: Mind > Ice\n|-unboost|p2a: Mind > Ice|spa|1\n|-ability|p2a: Mind > Ice|Competitive|boost\n|-boost|p2a: Mind > Ice|spa|2\n|\n|upkeep\n|\n|t:|1701044631\n|switch|p2b: potato sack|Lunatone, shiny|100\/100\n|turn|3\n|c|\u2606Nyx Saru|\ud83e\udd26\n|\n|t:|1701044649\n|move|p2a: Mind > Ice|Freezing Glare|p1a: Ball\n|-damage|p1a: Ball|18\/100\n|move|p2b: potato sack|Earth Power|p1b: Tinkaton\n|-supereffective|p1b: Tinkaton\n|-damage|p1b: Tinkaton|61\/100\n|move|p1b: Tinkaton|Gigaton Hammer|p2b: potato sack\n|-supereffective|p2b: potato sack\n|-damage|p2b: potato sack|0 fnt\n|faint|p2b: potato sack\n|move|p1a: Ball|Thunder Wave|p2a: Mind > Ice\n|-status|p2a: Mind > Ice|par\n|\n|upkeep\n|\n|t:|1701044656\n|switch|p2b: egg|Tapu Lele, shiny|100\/100\n|turn|4\n|\n|t:|1701044674\n|switch|p2b: onion sack|Solrock|100\/100\n|cant|p2a: Mind > Ice|par\n|move|p1b: Tinkaton|Knock Off|p2a: Mind > Ice\n|-supereffective|p2a: Mind > Ice\n|-damage|p2a: Mind > Ice|39\/100 par\n|-enditem|p2a: Mind > Ice|Leftovers|[from] move: Knock Off|[of] p1b: Tinkaton\n|move|p1a: Ball|Thunder Wave|p2b: onion sack\n|-status|p2b: onion sack|par\n|\n|-sideend|p2: Lux2821|move: Tailwind\n|upkeep\n|turn|5\n|\n|t:|1701044693\n|move|p1b: Tinkaton|Gigaton Hammer|p2a: Mind > Ice\n|-damage|p2a: Mind > Ice|0 fnt\n|faint|p2a: Mind > Ice\n|move|p2b: onion sack|Reflect|p2b: onion sack\n|-sidestart|p2: Lux2821|Reflect\n|move|p1a: Ball|Confide|p2b: onion sack\n|-unboost|p2b: onion sack|spa|1\n|\n|-fieldend|move: Psychic Terrain\n|upkeep\n|\n|t:|1701044699\n|switch|p2a: egg|Tapu Lele, shiny|100\/100\n|-fieldstart|move: Psychic Terrain|[from] ability: Psychic Surge|[of] p2a: egg\n|turn|6\n|\n|t:|1701044712\n|switch|p2b: Spooky Spoon|Alakazam, F, shiny|100\/100\n|move|p2a: egg|Psyshock|p1b: Tinkaton\n|-resisted|p1b: Tinkaton\n|-damage|p1b: Tinkaton|25\/100\n|move|p1b: Tinkaton|Knock Off|p2a: egg\n|-damage|p2a: egg|72\/100\n|-enditem|p2a: egg|Choice Specs|[from] move: Knock Off|[of] p1b: Tinkaton\n|move|p1a: Ball|Confide|p2a: egg\n|-unboost|p2a: egg|spa|1\n|\n|upkeep\n|turn|7\n|\n|t:|1701044728\n|detailschange|p2b: Spooky Spoon|Alakazam-Mega, F, shiny\n|-mega|p2b: Spooky Spoon|Alakazam|Alakazite\n|-ability|p2b: Spooky Spoon|Mold Breaker\n|-ability|p2b: Spooky Spoon|Mold Breaker|[from] ability: Trace|[of] p1b: Tinkaton\n|move|p2b: Spooky Spoon|Expanding Force|p1a: Ball|[spread] p1a,p1b\n|-resisted|p1b: Tinkaton\n|-damage|p1a: Ball|0 fnt\n|-damage|p1b: Tinkaton|2\/100\n|faint|p1a: Ball\n|move|p2a: egg|Psyshock|p1b: Tinkaton\n|-resisted|p1b: Tinkaton\n|-damage|p1b: Tinkaton|0 fnt\n|faint|p1b: Tinkaton\n|\n|upkeep\n|\n|t:|1701044744\n|switch|p1b: Mimikyu|Mimikyu, F|100\/100\n|switch|p1a: Ribombee|Ribombee, F|100\/100\n|turn|8\n|\n|t:|1701044755\n|move|p2b: Spooky Spoon|Expanding Force|p1b: Mimikyu|[spread] p1a,p1b\n|-enditem|p1a: Ribombee|Focus Sash\n|-damage|p1a: Ribombee|1\/100\n|-damage|p1b: Mimikyu|1\/100\n|move|p1a: Ribombee|Bug Buzz|p2b: Spooky Spoon\n|-supereffective|p2b: Spooky Spoon\n|-damage|p2b: Spooky Spoon|0 fnt\n|faint|p2b: Spooky Spoon\n|move|p1b: Mimikyu|Shadow Claw|p2a: egg\n|-supereffective|p2a: egg\n|-crit|p2a: egg\n|-damage|p2a: egg|0 fnt\n|faint|p2a: egg\n|-damage|p1b: Mimikyu|0 fnt|[from] item: Life Orb\n|faint|p1b: Mimikyu\n|\n|upkeep\n|\n|t:|1701044769\n|switch|p2b: onion sack|Solrock|100\/100 par\n|switch|p1b: Hatterene|Hatterene, F|100\/100\n|turn|9\n|\n|t:|1701044773\n|move|p1a: Ribombee|Bug Buzz|p2b: onion sack\n|-supereffective|p2b: onion sack\n|-damage|p2b: onion sack|0 fnt\n|faint|p2b: onion sack\n|\n|win|Nyx Saru\n|c|\u2606Lux2821|gg\n|c|\u2606Nyx Saru|Gg\n","uploadtime":1701044787,"views":21,"p1id":"nyxsaru","p2id":"lux2821","formatid":"gen9nationaldexdoubles","rating":0,"private":0,"password":""}