{"id":"gen9nationaldexdoubles-1973679421","p1":"Deagle50uu","p2":"zanguitu","format":"[Gen 9] National Dex Doubles","log":"|j|\u2606Deagle50uu\n|j|\u2606zanguitu\n|t:|1698002646\n|gametype|doubles\n|player|p1|Deagle50uu|266|\n|player|p2|zanguitu|101|\n|teamsize|p1|6\n|teamsize|p2|6\n|gen|9\n|tier|[Gen 9] National Dex Doubles\n|rule|HP Percentage Mod: HP is shown in percentages\n|rule|Endless Battle Clause: Forcing endless battles is banned\n|rule|OHKO Clause: OHKO moves are banned\n|rule|Evasion Moves Clause: Evasion moves are banned\n|rule|Evasion Abilities Clause: Evasion abilities are banned\n|rule|Species Clause: Limit one of each Pok\u00e9mon\n|rule|Gravity Sleep Clause: The combination of sleep-inducing moves with imperfect accuracy and Gravity or Gigantamax Orbeetle are banned\n|clearpoke\n|poke|p1|Tyranitar, F|\n|poke|p1|Terrakion|\n|poke|p1|Rhyperior, M|\n|poke|p1|Tyrantrum, M|\n|poke|p1|Aggron, M|\n|poke|p1|Aerodactyl, F|\n|poke|p2|Greninja-*, M|\n|poke|p2|Tyranitar, M|\n|poke|p2|Umbreon, F|\n|poke|p2|Grimmsnarl, M|\n|poke|p2|Houndoom, F|\n|poke|p2|Meowscarada, F|\n|teampreview\n|\n|t:|1698002718\n|start\n|switch|p1a: Terrakion|Terrakion|100\/100\n|switch|p1b: Aerodactyl|Aerodactyl, F|100\/100\n|switch|p2a: Grimmsnarl|Grimmsnarl, M, shiny|100\/100\n|switch|p2b: Tyranitar|Tyranitar, M, shiny|100\/100\n|-ability|p1b: Aerodactyl|Pressure\n|-weather|Sandstorm|[from] ability: Sand Stream|[of] p2b: Tyranitar\n|turn|1\n|\n|t:|1698002768\n|move|p2a: Grimmsnarl|Thunder Wave|p1b: Aerodactyl\n|-status|p1b: Aerodactyl|par\n|move|p1a: Terrakion|Earthquake|p2a: Grimmsnarl|[spread] p2a,p2b\n|-immune|p1b: Aerodactyl\n|-supereffective|p2b: Tyranitar\n|-damage|p2a: Grimmsnarl|79\/100\n|-damage|p2b: Tyranitar|62\/100\n|move|p1b: Aerodactyl|Aerial Ace|p2a: Grimmsnarl\n|-damage|p2a: Grimmsnarl|56\/100\n|move|p2b: Tyranitar|Rock Slide|p1b: Aerodactyl|[spread] p1a,p1b\n|-resisted|p1a: Terrakion\n|-supereffective|p1b: Aerodactyl\n|-damage|p1a: Terrakion|86\/100\n|-damage|p1b: Aerodactyl|24\/100 par\n|\n|-weather|Sandstorm|[upkeep]\n|-damage|p2a: Grimmsnarl|50\/100|[from] Sandstorm\n|upkeep\n|turn|2\n|\n|t:|1698002804\n|move|p2a: Grimmsnarl|Reflect|p2a: Grimmsnarl\n|-sidestart|p2: zanguitu|Reflect\n|move|p1a: Terrakion|Earthquake|p2a: Grimmsnarl|[spread] p2a,p2b\n|-immune|p1b: Aerodactyl\n|-crit|p2a: Grimmsnarl\n|-supereffective|p2b: Tyranitar\n|-damage|p2a: Grimmsnarl|16\/100\n|-damage|p2b: Tyranitar|35\/100\n|cant|p1b: Aerodactyl|par\n|move|p2b: Tyranitar|Rock Slide|p1b: Aerodactyl|[spread] p1a,p1b\n|-resisted|p1a: Terrakion\n|-supereffective|p1b: Aerodactyl\n|-damage|p1a: Terrakion|73\/100\n|-damage|p1b: Aerodactyl|0 fnt\n|faint|p1b: Aerodactyl\n|\n|-weather|Sandstorm|[upkeep]\n|-damage|p2a: Grimmsnarl|10\/100|[from] Sandstorm\n|upkeep\n|\n|t:|1698002822\n|switch|p1b: Aggron|Aggron, M|100\/100\n|turn|3\n|\n|t:|1698002853\n|move|p2a: Grimmsnarl|Light Screen|p2a: Grimmsnarl\n|-sidestart|p2: zanguitu|move: Light Screen\n|move|p1a: Terrakion|Earthquake|p2b: Tyranitar|[spread] p1b,p2a,p2b\n|-supereffective|p1b: Aggron\n|-supereffective|p2b: Tyranitar\n|-damage|p1b: Aggron|21\/100\n|-damage|p2a: Grimmsnarl|0 fnt\n|-damage|p2b: Tyranitar|6\/100\n|faint|p2a: Grimmsnarl\n|move|p1b: Aggron|Iron Head|p2b: Tyranitar\n|-supereffective|p2b: Tyranitar\n|-damage|p2b: Tyranitar|0 fnt\n|faint|p2b: Tyranitar\n|\n|-weather|Sandstorm|[upkeep]\n|upkeep\n|\n|t:|1698002871\n|switch|p2b: Greninja|Greninja, M|100\/100\n|switch|p2a: Meowscarada|Meowscarada, F, shiny|100\/100\n|turn|4\n|\n|t:|1698002919\n|move|p2b: Greninja|Water Shuriken|p1b: Aggron\n|-supereffective|p1b: Aggron\n|-damage|p1b: Aggron|0 fnt\n|faint|p1b: Aggron\n|-ability|p2b: Greninja|Battle Bond|boost\n|-boost|p2b: Greninja|atk|1\n|-boost|p2b: Greninja|spa|1\n|-boost|p2b: Greninja|spe|1\n|-activate|p2b: Greninja|ability: Battle Bond\n|-hitcount|p1: Aggron|1\n|move|p1a: Terrakion|Earthquake|p2b: Greninja|[spread] p2a,p2b\n|-resisted|p2a: Meowscarada\n|-damage|p2a: Meowscarada|88\/100\n|-damage|p2b: Greninja|73\/100\n|move|p2a: Meowscarada|Knock Off|p1a: Terrakion\n|-start|p2a: Meowscarada|typechange|Dark|[from] ability: Protean\n|-resisted|p1a: Terrakion\n|-damage|p1a: Terrakion|33\/100\n|-ability|p1a: Terrakion|Justified|boost\n|-boost|p1a: Terrakion|atk|1\n|-enditem|p1a: Terrakion|Choice Scarf|[from] move: Knock Off|[of] p2a: Meowscarada\n|\n|-weather|Sandstorm|[upkeep]\n|-damage|p2b: Greninja|67\/100|[from] Sandstorm\n|-damage|p2a: Meowscarada|82\/100|[from] Sandstorm\n|upkeep\n|\n|t:|1698002935\n|switch|p1b: Tyrantrum|Tyrantrum, M|100\/100\n|turn|5\n|\n|t:|1698002982\n|move|p2b: Greninja|Water Shuriken|p1b: Tyrantrum\n|-damage|p1b: Tyrantrum|81\/100\n|-damage|p1b: Tyrantrum|65\/100\n|-hitcount|p1b: Tyrantrum|2\n|move|p2a: Meowscarada|Knock Off|p1a: Terrakion\n|-resisted|p1a: Terrakion\n|-damage|p1a: Terrakion|6\/100\n|-ability|p1a: Terrakion|Justified|boost\n|-boost|p1a: Terrakion|atk|1\n|move|p1a: Terrakion|Close Combat|p2b: Greninja\n|-supereffective|p2b: Greninja\n|-damage|p2b: Greninja|0 fnt\n|-unboost|p1a: Terrakion|def|1\n|-unboost|p1a: Terrakion|spd|1\n|faint|p2b: Greninja\n|move|p1b: Tyrantrum|Dragon Claw|p2a: Meowscarada\n|-damage|p2a: Meowscarada|18\/100\n|\n|-weather|none\n|upkeep\n|\n|t:|1698003000\n|switch|p2b: Umbreon|Umbreon, F, shiny|100\/100\n|turn|6\n|\n|t:|1698003019\n|move|p2a: Meowscarada|Knock Off|p1a: Terrakion\n|-resisted|p1a: Terrakion\n|-damage|p1a: Terrakion|0 fnt\n|faint|p1a: Terrakion\n|move|p1b: Tyrantrum|Dragon Claw|p2b: Umbreon\n|-damage|p2b: Umbreon|70\/100\n|move|p2b: Umbreon|Wish|p2b: Umbreon\n|\n|-heal|p2b: Umbreon|76\/100|[from] item: Leftovers\n|upkeep\n|\n|t:|1698003027\n|switch|p1a: Tyranitar|Tyranitar, F|100\/100\n|-weather|Sandstorm|[from] ability: Sand Stream|[of] p1a: Tyranitar\n|turn|7\n|\n|t:|1698003049\n|switch|p2a: Houndoom|Houndoom, F, shiny|100\/100\n|move|p2b: Umbreon|Protect|p2b: Umbreon\n|-singleturn|p2b: Umbreon|Protect\n|move|p1b: Tyrantrum|Dragon Claw|p2b: Umbreon\n|-activate|p2b: Umbreon|move: Protect\n|move|p1a: Tyranitar|Earthquake|p2b: Umbreon|[spread] p1b,p2a\n|-activate|p2b: Umbreon|move: Protect\n|-supereffective|p1b: Tyrantrum\n|-supereffective|p2a: Houndoom\n|-damage|p1b: Tyrantrum|17\/100\n|-damage|p2a: Houndoom|29\/100\n|\n|-weather|Sandstorm|[upkeep]\n|-damage|p2a: Houndoom|23\/100|[from] Sandstorm\n|-damage|p2b: Umbreon|70\/100|[from] Sandstorm\n|-heal|p2b: Umbreon|100\/100|[from] move: Wish|[wisher] Umbreon\n|upkeep\n|turn|8\n|\n|t:|1698003089\n|move|p2a: Houndoom|Hyper Voice|p1a: Tyranitar|[spread] p1a,p1b\n|-resisted|p1a: Tyranitar\n|-resisted|p1b: Tyrantrum\n|-damage|p1a: Tyranitar|93\/100\n|-damage|p1b: Tyrantrum|4\/100\n|move|p1b: Tyrantrum|Dragon Claw|p2a: Houndoom\n|-damage|p2a: Houndoom|0 fnt\n|faint|p2a: Houndoom\n|move|p1a: Tyranitar|Stone Edge|p2b: Umbreon\n|-damage|p2b: Umbreon|72\/100\n|move|p2b: Umbreon|Wish|p2b: Umbreon\n|\n|-weather|Sandstorm|[upkeep]\n|-damage|p2b: Umbreon|66\/100|[from] Sandstorm\n|-heal|p2b: Umbreon|72\/100|[from] item: Leftovers\n|upkeep\n|\n|t:|1698003094\n|switch|p2a: Meowscarada|Meowscarada, F, shiny|18\/100\n|turn|9\n|\n|t:|1698003115\n|move|p2a: Meowscarada|Flower Trick|p1b: Tyrantrum\n|-start|p2a: Meowscarada|typechange|Grass|[from] ability: Protean\n|-crit|p1b: Tyrantrum\n|-damage|p1b: Tyrantrum|0 fnt\n|faint|p1b: Tyrantrum\n|move|p1a: Tyranitar|Ice Punch|p2a: Meowscarada\n|-supereffective|p2a: Meowscarada\n|-damage|p2a: Meowscarada|0 fnt\n|faint|p2a: Meowscarada\n|move|p2b: Umbreon|Foul Play|p1a: Tyranitar\n|-resisted|p1a: Tyranitar\n|-damage|p1a: Tyranitar|68\/100\n|\n|-weather|Sandstorm|[upkeep]\n|-damage|p2b: Umbreon|66\/100|[from] Sandstorm\n|-heal|p2b: Umbreon|100\/100|[from] move: Wish|[wisher] Umbreon\n|-sideend|p2: zanguitu|Reflect\n|upkeep\n|\n|t:|1698003130\n|switch|p1b: Rhyperior|Rhyperior, M|100\/100\n|turn|10\n|\n|t:|1698003170\n|move|p1a: Tyranitar|Ice Punch|p2b: Umbreon\n|-damage|p2b: Umbreon|80\/100\n|move|p2b: Umbreon|Foul Play|p1a: Tyranitar\n|-resisted|p1a: Tyranitar\n|-crit|p1a: Tyranitar\n|-damage|p1a: Tyranitar|33\/100\n|move|p1b: Rhyperior|Ice Punch|p2b: Umbreon\n|-damage|p2b: Umbreon|56\/100\n|\n|-weather|Sandstorm|[upkeep]\n|-damage|p2b: Umbreon|50\/100|[from] Sandstorm\n|-heal|p2b: Umbreon|56\/100|[from] item: Leftovers\n|-sideend|p2: zanguitu|move: Light Screen\n|upkeep\n|turn|11\n|\n|t:|1698003195\n|move|p1a: Tyranitar|Stone Edge|p2b: Umbreon|[miss]\n|-miss|p1a: Tyranitar|p2b: Umbreon\n|move|p2b: Umbreon|Foul Play|p1a: Tyranitar\n|-resisted|p1a: Tyranitar\n|-damage|p1a: Tyranitar|11\/100\n|move|p1b: Rhyperior|Rock Blast|p2b: Umbreon\n|-damage|p2b: Umbreon|43\/100\n|-damage|p2b: Umbreon|31\/100\n|-damage|p2b: Umbreon|20\/100\n|-hitcount|p2b: Umbreon|3\n|\n|-weather|none\n|-heal|p2b: Umbreon|26\/100|[from] item: Leftovers\n|upkeep\n|turn|12\n|\n|t:|1698003228\n|move|p1a: Tyranitar|Stone Edge|p2b: Umbreon\n|-damage|p2b: Umbreon|0 fnt\n|faint|p2b: Umbreon\n|\n|win|Deagle50uu\n","uploadtime":1698003236,"views":12,"p1id":"deagle50uu","p2id":"zanguitu","formatid":"gen9nationaldexdoubles","rating":0,"private":0,"password":""}