{"id":"gen9nationaldexdoubles-1969259779","p1":"Prapple2","p2":"Mokaccino333","format":"[Gen 9] National Dex Doubles","log":"|j|\u2606Prapple2\n|j|\u2606Mokaccino333\n|t:|1697507083\n|gametype|doubles\n|player|p1|Prapple2|caitlin|\n|player|p2|Mokaccino333|lady|\n|teamsize|p1|6\n|teamsize|p2|6\n|gen|9\n|tier|[Gen 9] National Dex Doubles\n|rule|HP Percentage Mod: HP is shown in percentages\n|rule|Endless Battle Clause: Forcing endless battles is banned\n|rule|OHKO Clause: OHKO moves are banned\n|rule|Evasion Moves Clause: Evasion moves are banned\n|rule|Evasion Abilities Clause: Evasion abilities are banned\n|rule|Species Clause: Limit one of each Pok\u00e9mon\n|rule|Gravity Sleep Clause: The combination of sleep-inducing moves with imperfect accuracy and Gravity or Gigantamax Orbeetle are banned\n|clearpoke\n|poke|p1|Indeedee-F, F|\n|poke|p1|Oranguru, M|\n|poke|p1|Slowking-Galar, M|\n|poke|p1|Armarouge, F|\n|poke|p1|Hoopa-Unbound|\n|poke|p1|Tapu Lele|\n|poke|p2|Lucario, M|\n|poke|p2|Pangoro, M|\n|poke|p2|Passimian, F|\n|poke|p2|Terrakion|\n|poke|p2|Flamigo, F|\n|poke|p2|Zamazenta-*|\n|teampreview\n|\n|t:|1697507091\n|start\n|switch|p1a: Armarouge|Armarouge, F|100\/100\n|switch|p1b: Oranguru|Oranguru, M|100\/100\n|switch|p2a: Pangoro|Pangoro, M|100\/100\n|switch|p2b: Lucario|Lucario, M|100\/100\n|turn|1\n|c|\u2606Mokaccino333|ohh\n|c|\u2606Mokaccino333|you cheat with double TR now\n|c|\u2606Mokaccino333|LMAO\n|c|\u2606Prapple2|nop\n|\n|t:|1697507118\n|move|p1b: Oranguru|Ally Switch|p1b: Oranguru\n|swap|p1b: Oranguru|0|[from] move: Ally Switch\n|move|p2b: Lucario|Final Gambit|p1a: Oranguru\n|-damage|p1a: Oranguru|11\/100\n|faint|p2b: Lucario\n|move|p2a: Pangoro|Knock Off|p1b: Armarouge\n|-supereffective|p1b: Armarouge\n|-damage|p1b: Armarouge|0 fnt\n|-enditem|p1b: Armarouge|Life Orb|[from] move: Knock Off|[of] p2a: Pangoro\n|faint|p1b: Armarouge\n|\n|upkeep\n|\n|t:|1697507133\n|switch|p2b: Zamazenta|Zamazenta|100\/100\n|switch|p1b: Indeedee|Indeedee-F, F, shiny|100\/100\n|-ability|p2b: Zamazenta|Dauntless Shield|boost\n|-boost|p2b: Zamazenta|def|1\n|-fieldstart|move: Psychic Terrain|[from] ability: Psychic Surge|[of] p1b: Indeedee\n|-enditem|p1b: Indeedee|Psychic Seed\n|-boost|p1b: Indeedee|spd|1|[from] item: Psychic Seed\n|turn|2\n|\n|t:|1697507144\n|move|p1b: Indeedee|Follow Me|p1b: Indeedee\n|-singleturn|p1b: Indeedee|move: Follow Me\n|move|p2b: Zamazenta|Crunch|p1b: Indeedee\n|-supereffective|p1b: Indeedee\n|-damage|p1b: Indeedee|60\/100\n|move|p2a: Pangoro|Knock Off|p1b: Indeedee\n|-supereffective|p1b: Indeedee\n|-damage|p1b: Indeedee|0 fnt\n|faint|p1b: Indeedee\n|move|p1a: Oranguru|Trick Room|p1a: Oranguru\n|-fieldstart|move: Trick Room|[of] p1a: Oranguru\n|\n|upkeep\n|c|\u2606Mokaccino333|ohh\n|c|\u2606Mokaccino333|i see\n|\n|t:|1697507156\n|switch|p1b: Slowking|Slowking-Galar, M|100\/100\n|turn|3\n|c|\u2606Prapple2|idk if itll b enough tho\n|\n|t:|1697507173\n|move|p1a: Oranguru|Ally Switch|p1a: Oranguru\n|swap|p1a: Oranguru|1|[from] move: Ally Switch\n|move|p1a: Slowking|Psyshock|p2b: Zamazenta\n|-supereffective|p2b: Zamazenta\n|-damage|p2b: Zamazenta|43\/100\n|move|p2a: Pangoro|Knock Off|p1b: Oranguru\n|-supereffective|p1b: Oranguru\n|-damage|p1b: Oranguru|0 fnt\n|-enditem|p1b: Oranguru|Mental Herb|[from] move: Knock Off|[of] p2a: Pangoro\n|faint|p1b: Oranguru\n|move|p2b: Zamazenta|Light Screen|p2b: Zamazenta\n|-sidestart|p2: Mokaccino333|move: Light Screen\n|\n|upkeep\n|\n|t:|1697507178\n|switch|p1b: Tapu Lele|Tapu Lele|100\/100\n|turn|4\n|\n|t:|1697507184\n|move|p2b: Zamazenta|Wide Guard|p2b: Zamazenta\n|-singleturn|p2b: Zamazenta|Wide Guard\n|move|p1a: Slowking|Psyshock|p2b: Zamazenta\n|-supereffective|p2b: Zamazenta\n|-damage|p2b: Zamazenta|9\/100\n|move|p2a: Pangoro|Knock Off|p1a: Slowking\n|-supereffective|p1a: Slowking\n|-damage|p1a: Slowking|0 fnt\n|faint|p1a: Slowking\n|move|p1b: Tapu Lele|Dazzling Gleam|p2a: Pangoro|[spread] \n|-activate|p2a: Pangoro|move: Wide Guard\n|-activate|p2b: Zamazenta|move: Wide Guard\n|\n|upkeep\n|\n|t:|1697507190\n|switch|p1a: Hoopa|Hoopa-Unbound|100\/100\n|turn|5\n|\n|t:|1697507201\n|move|p2b: Zamazenta|Wide Guard|p2b: Zamazenta\n|-singleturn|p2b: Zamazenta|Wide Guard\n|move|p1a: Hoopa|Knock Off|p2b: Zamazenta\n|-resisted|p2b: Zamazenta\n|-damage|p2b: Zamazenta|0 fnt\n|-enditem|p2b: Zamazenta|Light Clay|[from] move: Knock Off|[of] p1a: Hoopa\n|faint|p2b: Zamazenta\n|move|p2a: Pangoro|Knock Off|p1a: Hoopa\n|-damage|p1a: Hoopa|0 fnt\n|-enditem|p1a: Hoopa|Assault Vest|[from] move: Knock Off|[of] p2a: Pangoro\n|faint|p1a: Hoopa\n|move|p1b: Tapu Lele|Dazzling Gleam|p2a: Pangoro\n|-activate|p2a: Pangoro|move: Wide Guard\n|\n|upkeep\n|\n|t:|1697507215\n|switch|p2b: Flamigo|Flamigo, F|100\/100\n|turn|6\n|c|\u2606Prapple2|wide guard still procs?\n|c|\u2606Prapple2|if ded\n|c|\u2606Mokaccino333|ya\n|\n|t:|1697507225\n|move|p2b: Flamigo|Wide Guard|p2b: Flamigo\n|-singleturn|p2b: Flamigo|Wide Guard\n|move|p2a: Pangoro|Knock Off|p1b: Tapu Lele\n|-damage|p1b: Tapu Lele|0 fnt\n|-enditem|p1b: Tapu Lele|Life Orb|[from] move: Knock Off|[of] p2a: Pangoro\n|faint|p1b: Tapu Lele\n|\n|win|Mokaccino333\n|c|\u2606Prapple2|dam\n","uploadtime":1697507237,"views":6,"p1id":"prapple2","p2id":"mokaccino333","formatid":"gen9nationaldexdoubles","rating":0,"private":0,"password":""}