{"id":"gen9nationaldexdoubles-1968551999","p1":"Slash Death","p2":"Penter","format":"[Gen 9] National Dex Doubles","log":"|j|\u2606Slash Death\n|j|\u2606Penter\n|t:|1697432174\n|gametype|doubles\n|player|p1|Slash Death|unknown|\n|player|p2|Penter|n|\n|teamsize|p1|6\n|teamsize|p2|6\n|gen|9\n|tier|[Gen 9] National Dex Doubles\n|rated|Tournament battle\n|rule|HP Percentage Mod: HP is shown in percentages\n|rule|Endless Battle Clause: Forcing endless battles is banned\n|rule|OHKO Clause: OHKO moves are banned\n|rule|Evasion Moves Clause: Evasion moves are banned\n|rule|Evasion Abilities Clause: Evasion abilities are banned\n|rule|Species Clause: Limit one of each Pok\u00e9mon\n|rule|Gravity Sleep Clause: The combination of sleep-inducing moves with imperfect accuracy and Gravity or Gigantamax Orbeetle are banned\n|clearpoke\n|poke|p1|Cresselia, F|\n|poke|p1|Ursaluna, F|\n|poke|p1|Diancie|\n|poke|p1|Kingambit, F|\n|poke|p1|Iron Hands|\n|poke|p1|Camerupt, F|\n|poke|p2|Chien-Pao|\n|poke|p2|Zygarde|\n|poke|p2|Rillaboom, M|\n|poke|p2|Tornadus, M|\n|poke|p2|Tapu Koko|\n|poke|p2|Diancie|\n|teampreview\n|\n|t:|1697432208\n|start\n|switch|p1a: Diancie|Diancie|100\/100\n|switch|p1b: Camerupt|Camerupt, F|100\/100\n|switch|p2a: Zygarde|Zygarde|100\/100\n|switch|p2b: Rillaboom|Rillaboom, M|100\/100\n|-ability|p2a: Zygarde|Aura Break\n|-fieldstart|move: Grassy Terrain|[from] ability: Grassy Surge|[of] p2b: Rillaboom\n|turn|1\n|\n|t:|1697432224\n|detailschange|p1b: Camerupt|Camerupt-Mega, F\n|-mega|p1b: Camerupt|Camerupt|Cameruptite\n|move|p2b: Rillaboom|Fake Out|p1a: Diancie\n|-resisted|p1a: Diancie\n|-damage|p1a: Diancie|94\/100\n|move|p2a: Zygarde|Thousand Arrows|p1a: Diancie|[spread] p1a,p1b\n|-supereffective|p1a: Diancie\n|-supereffective|p1b: Camerupt\n|-damage|p1a: Diancie|22\/100\n|-damage|p1b: Camerupt|5\/100\n|-enditem|p1a: Diancie|Sitrus Berry|[eat]\n|-heal|p1a: Diancie|47\/100|[from] item: Sitrus Berry\n|cant|p1a: Diancie|flinch\n|move|p1b: Camerupt|Earth Power|p2a: Zygarde\n|-damage|p2a: Zygarde|28\/100\n|\n|-heal|p2a: Zygarde|34\/100|[from] Grassy Terrain\n|-heal|p1a: Diancie|53\/100|[from] Grassy Terrain\n|-heal|p1b: Camerupt|12\/100|[from] Grassy Terrain\n|upkeep\n|turn|2\n|\n|t:|1697432256\n|move|p1b: Camerupt|Protect|p1b: Camerupt\n|-singleturn|p1b: Camerupt|Protect\n|move|p2a: Zygarde|Thousand Arrows|p1a: Diancie|[spread] p1a\n|-activate|p1b: Camerupt|move: Protect\n|-supereffective|p1a: Diancie\n|-damage|p1a: Diancie|0 fnt\n|faint|p1a: Diancie\n|move|p2b: Rillaboom|U-turn|p1b: Camerupt\n|-activate|p1b: Camerupt|move: Protect\n|\n|-heal|p2a: Zygarde|40\/100|[from] Grassy Terrain\n|-heal|p1b: Camerupt|18\/100|[from] Grassy Terrain\n|upkeep\n|\n|t:|1697432265\n|switch|p1a: Cresselia|Cresselia, F|100\/100\n|turn|3\n|\n|t:|1697432283\n|move|p2a: Zygarde|Thousand Arrows|p1b: Camerupt|[spread] p1a,p1b\n|-supereffective|p1b: Camerupt\n|-damage|p1a: Cresselia|77\/100\n|-damage|p1b: Camerupt|0 fnt\n|-start|p1a: Cresselia|Smack Down\n|faint|p1b: Camerupt\n|move|p2b: Rillaboom|Wood Hammer|p1a: Cresselia\n|-damage|p1a: Cresselia|30\/100\n|-damage|p2b: Rillaboom|83\/100|[from] Recoil\n|move|p1a: Cresselia|Trick Room|p1a: Cresselia\n|-fieldstart|move: Trick Room|[of] p1a: Cresselia\n|\n|-heal|p1a: Cresselia|36\/100|[from] Grassy Terrain\n|-heal|p2b: Rillaboom|89\/100|[from] Grassy Terrain\n|-heal|p2a: Zygarde|47\/100|[from] Grassy Terrain\n|upkeep\n|\n|t:|1697432293\n|switch|p1b: Ursaluna|Ursaluna, F|100\/100\n|turn|4\n|\n|t:|1697432311\n|move|p1b: Ursaluna|Protect|p1b: Ursaluna\n|-singleturn|p1b: Ursaluna|Protect\n|move|p1a: Cresselia|Lunar Blessing|p1a: Cresselia|[spread] p1a,p1b\n|-heal|p1a: Cresselia|61\/100\n|move|p2b: Rillaboom|Wood Hammer|p1a: Cresselia\n|-damage|p1a: Cresselia|13\/100\n|-damage|p2b: Rillaboom|71\/100|[from] Recoil\n|move|p2a: Zygarde|Thousand Arrows|p1a: Cresselia|[spread] p1a\n|-activate|p1b: Ursaluna|move: Protect\n|-damage|p1a: Cresselia|0 fnt\n|faint|p1a: Cresselia\n|\n|-heal|p2b: Rillaboom|77\/100|[from] Grassy Terrain\n|-heal|p2a: Zygarde|53\/100|[from] Grassy Terrain\n|-status|p1b: Ursaluna|brn|[from] item: Flame Orb\n|upkeep\n|\n|t:|1697432320\n|switch|p1a: Kingambit|Kingambit, F|100\/100\n|turn|5\n|\n|t:|1697432338\n|switch|p2a: Diancie|Diancie|100\/100\n|-terastallize|p1a: Kingambit|Fairy\n|move|p2b: Rillaboom|Grassy Glide|p1b: Ursaluna\n|-supereffective|p1b: Ursaluna\n|-damage|p1b: Ursaluna|43\/100 brn\n|move|p1b: Ursaluna|Facade|p2b: Rillaboom\n|-damage|p2b: Rillaboom|0 fnt\n|faint|p2b: Rillaboom\n|move|p1a: Kingambit|Swords Dance|p1a: Kingambit\n|-boost|p1a: Kingambit|atk|2\n|\n|-heal|p1b: Ursaluna|49\/100 brn|[from] Grassy Terrain\n|-damage|p1b: Ursaluna|43\/100 brn|[from] brn\n|-fieldend|move: Grassy Terrain\n|upkeep\n|\n|t:|1697432368\n|switch|p2b: Tornadus|Tornadus, M|100\/100\n|turn|6\n|\n|t:|1697432380\n|move|p2a: Diancie|Protect|p2a: Diancie\n|-singleturn|p2a: Diancie|Protect\n|move|p2b: Tornadus|Toxic|p1a: Kingambit\n|-status|p1a: Kingambit|tox\n|move|p1a: Kingambit|Iron Head|p2b: Tornadus\n|-damage|p2b: Tornadus|0 fnt\n|faint|p2b: Tornadus\n|move|p1b: Ursaluna|Stomping Tantrum|p2a: Diancie\n|-activate|p2a: Diancie|move: Protect\n|\n|-damage|p1a: Kingambit|94\/100 tox|[from] psn\n|-damage|p1b: Ursaluna|37\/100 brn|[from] brn\n|upkeep\n|\n|t:|1697432402\n|switch|p2b: Chien-Pao|Chien-Pao|100\/100\n|-ability|p2b: Chien-Pao|Sword of Ruin\n|turn|7\n|\n|t:|1697432417\n|switch|p2a: Tapu Koko|Tapu Koko|100\/100\n|-fieldstart|move: Electric Terrain|[from] ability: Electric Surge|[of] p2a: Tapu Koko\n|move|p1a: Kingambit|Iron Head|p2b: Chien-Pao\n|-supereffective|p2b: Chien-Pao\n|-enditem|p2b: Chien-Pao|Focus Sash\n|-damage|p2b: Chien-Pao|1\/100\n|move|p1b: Ursaluna|Stomping Tantrum|p2a: Tapu Koko\n|-supereffective|p2a: Tapu Koko\n|-crit|p2a: Tapu Koko\n|-damage|p2a: Tapu Koko|0 fnt\n|faint|p2a: Tapu Koko\n|move|p2b: Chien-Pao|Ice Spinner|p1b: Ursaluna\n|-supereffective|p1b: Ursaluna\n|-damage|p1b: Ursaluna|0 fnt\n|-fieldend|move: Electric Terrain\n|faint|p1b: Ursaluna\n|\n|-heal|p1a: Kingambit|100\/100 tox|[from] item: Leftovers\n|-damage|p1a: Kingambit|88\/100 tox|[from] psn\n|-fieldend|move: Trick Room\n|upkeep\n|\n|t:|1697432430\n|switch|p2a: Diancie|Diancie|100\/100\n|switch|p1b: Iron Hands|Iron Hands|100\/100\n|-enditem|p1b: Iron Hands|Booster Energy\n|-activate|p1b: Iron Hands|ability: Quark Drive|[fromitem]\n|-start|p1b: Iron Hands|quarkdriveatk\n|turn|8\n|\n|t:|1697432440\n|move|p2b: Chien-Pao|Protect|p2b: Chien-Pao\n|-singleturn|p2b: Chien-Pao|Protect\n|move|p2a: Diancie|Protect|p2a: Diancie\n|-singleturn|p2a: Diancie|Protect\n|move|p1b: Iron Hands|Fake Out|p2b: Chien-Pao\n|-activate|p2b: Chien-Pao|move: Protect\n|move|p1a: Kingambit|Iron Head|p2a: Diancie\n|-activate|p2a: Diancie|move: Protect\n|\n|-heal|p1a: Kingambit|94\/100 tox|[from] item: Leftovers\n|-damage|p1a: Kingambit|76\/100 tox|[from] psn\n|upkeep\n|turn|9\n|\n|t:|1697432481\n|detailschange|p2a: Diancie|Diancie-Mega\n|-mega|p2a: Diancie|Diancie|Diancite\n|move|p2b: Chien-Pao|Sucker Punch|p1a: Kingambit\n|-resisted|p1a: Kingambit\n|-damage|p1a: Kingambit|60\/100 tox\n|move|p1a: Kingambit|Sucker Punch||[still]\n|-fail|p1a: Kingambit\n|move|p2a: Diancie|Diamond Storm|p1b: Iron Hands|[spread] p1a,p1b\n|-resisted|p1b: Iron Hands\n|-damage|p1a: Kingambit|16\/100 tox\n|-damage|p1b: Iron Hands|82\/100\n|move|p1b: Iron Hands|Drain Punch|p2a: Diancie\n|-damage|p2a: Diancie|7\/100\n|-heal|p1b: Iron Hands|100\/100|[from] drain|[of] p2a: Diancie\n|\n|-heal|p1a: Kingambit|22\/100 tox|[from] item: Leftovers\n|-damage|p1a: Kingambit|0 fnt|[from] psn\n|faint|p1a: Kingambit\n|upkeep\n|turn|10\n|\n|t:|1697432512\n|-terastallize|p2b: Chien-Pao|Ghost\n|move|p2b: Chien-Pao|Ice Spinner|p1b: Iron Hands\n|-damage|p1b: Iron Hands|69\/100\n|move|p2a: Diancie|Diamond Storm|p1b: Iron Hands\n|-resisted|p1b: Iron Hands\n|-damage|p1b: Iron Hands|45\/100\n|move|p1b: Iron Hands|Drain Punch|p2a: Diancie\n|-damage|p2a: Diancie|0 fnt\n|-heal|p1b: Iron Hands|47\/100|[from] drain|[of] p2a: Diancie\n|faint|p2a: Diancie\n|\n|upkeep\n|\n|t:|1697432515\n|switch|p2a: Zygarde|Zygarde|53\/100\n|-ability|p2a: Zygarde|Aura Break\n|turn|11\n|\n|t:|1697432520\n|move|p2b: Chien-Pao|Ice Spinner|p1b: Iron Hands\n|-damage|p1b: Iron Hands|15\/100\n|move|p2a: Zygarde|Thousand Arrows|p1b: Iron Hands\n|-supereffective|p1b: Iron Hands\n|-damage|p1b: Iron Hands|0 fnt\n|faint|p1b: Iron Hands\n|-end|p1b: Iron Hands|Quark Drive|[silent]\n|\n|win|Penter\n|n|\u2606Slash Death|slashdeath\n|n|\u2606Penter|penter\n","uploadtime":1697432521,"views":10,"p1id":"slashdeath","p2id":"penter","formatid":"gen9nationaldexdoubles","rating":0,"private":0,"password":""}