{"id":"gen9nationaldexdoubles-1974271598","p1":"hanagakiUBD","p2":"Drixzard","format":"[Gen 9] National Dex Doubles","log":"|j|\u2606hanagakiUBD\n|j|\u2606Drixzard\n|t:|1698073728\n|gametype|doubles\n|player|p1|hanagakiUBD|iris-gen5bw2|\n|player|p2|Drixzard|169|\n|teamsize|p1|6\n|teamsize|p2|6\n|gen|9\n|tier|[Gen 9] National Dex Doubles\n|rule|HP Percentage Mod: HP is shown in percentages\n|rule|Endless Battle Clause: Forcing endless battles is banned\n|rule|OHKO Clause: OHKO moves are banned\n|rule|Evasion Moves Clause: Evasion moves are banned\n|rule|Evasion Abilities Clause: Evasion abilities are banned\n|rule|Species Clause: Limit one of each Pok\u00e9mon\n|rule|Gravity Sleep Clause: The combination of sleep-inducing moves with imperfect accuracy and Gravity or Gigantamax Orbeetle are banned\n|clearpoke\n|poke|p1|Landorus-Therian, M|\n|poke|p1|Iron Valiant|\n|poke|p1|Rotom-Wash|\n|poke|p1|Charizard, F|\n|poke|p1|Sneasler, F|\n|poke|p1|Grimmsnarl, M|\n|poke|p2|Sinistcha-Masterpiece|\n|poke|p2|Flutter Mane|\n|poke|p2|Gholdengo|\n|poke|p2|Skeledirge, F|\n|poke|p2|Typhlosion-Hisui, M|\n|poke|p2|Marshadow|\n|teampreview\n|inactive|Battle timer is ON: inactive players will automatically lose when time's up. (requested by hanagakiUBD)\n|\n|t:|1698073759\n|start\n|switch|p1a: Grimmsnarl|Grimmsnarl, M, shiny|100\/100\n|switch|p1b: Sneasler|Sneasler, F|100\/100\n|switch|p2a: Typhlosion|Typhlosion-Hisui, M|100\/100\n|switch|p2b: Flutter Mane|Flutter Mane|100\/100\n|-item|p1a: Grimmsnarl|Light Clay|[from] ability: Frisk|[of] p2a: Typhlosion|[identify]\n|-item|p1b: Sneasler|Air Balloon|[from] ability: Frisk|[of] p2a: Typhlosion|[identify]\n|-item|p1b: Sneasler|Air Balloon\n|-enditem|p2b: Flutter Mane|Booster Energy\n|-activate|p2b: Flutter Mane|ability: Protosynthesis|[fromitem]\n|-start|p2b: Flutter Mane|protosynthesisspe\n|turn|1\n|\n|t:|1698073779\n|move|p1a: Grimmsnarl|Light Screen|p1a: Grimmsnarl\n|-sidestart|p1: hanagakiUBD|move: Light Screen\n|move|p2b: Flutter Mane|Dazzling Gleam|p1a: Grimmsnarl|[spread] p1a,p1b\n|-supereffective|p1a: Grimmsnarl\n|-damage|p1a: Grimmsnarl|56\/100\n|-damage|p1b: Sneasler|69\/100\n|-enditem|p1b: Sneasler|Air Balloon\n|move|p1b: Sneasler|Swords Dance|p1b: Sneasler\n|-boost|p1b: Sneasler|atk|2\n|move|p2a: Typhlosion|Eruption|p1a: Grimmsnarl|[spread] p1a,p1b\n|-damage|p1a: Grimmsnarl|15\/100\n|-damage|p1b: Sneasler|17\/100\n|\n|upkeep\n|turn|2\n|\n|t:|1698073797\n|move|p1a: Grimmsnarl|Sucker Punch|p2a: Typhlosion\n|-supereffective|p2a: Typhlosion\n|-damage|p2a: Typhlosion|2\/100\n|move|p1b: Sneasler|Dire Claw|p2b: Flutter Mane\n|-damage|p2b: Flutter Mane|0 fnt\n|faint|p2b: Flutter Mane\n|-end|p2b: Flutter Mane|Protosynthesis|[silent]\n|move|p2a: Typhlosion|Eruption|p1b: Sneasler|[spread] p1a,p1b\n|-damage|p1a: Grimmsnarl|15\/100\n|-damage|p1b: Sneasler|17\/100\n|\n|upkeep\n|\n|t:|1698073809\n|switch|p2b: Gholdengo|Gholdengo|100\/100\n|turn|3\n|\n|t:|1698073828\n|move|p1a: Grimmsnarl|Sucker Punch|p2a: Typhlosion\n|-supereffective|p2a: Typhlosion\n|-damage|p2a: Typhlosion|0 fnt\n|faint|p2a: Typhlosion\n|move|p1b: Sneasler|Night Slash|p2b: Gholdengo\n|-supereffective|p2b: Gholdengo\n|-damage|p2b: Gholdengo|0 fnt\n|faint|p2b: Gholdengo\n|\n|upkeep\n|\n|t:|1698073845\n|switch|p2a: Marshadow|Marshadow|100\/100\n|switch|p2b: Skeledirge|Skeledirge, F|100\/100\n|turn|4\n|\n|t:|1698073864\n|move|p2a: Marshadow|Shadow Sneak|p1b: Sneasler\n|-damage|p1b: Sneasler|0 fnt\n|faint|p1b: Sneasler\n|move|p1a: Grimmsnarl|Sucker Punch|p2b: Skeledirge\n|-supereffective|p2b: Skeledirge\n|-damage|p2b: Skeledirge|35\/100\n|move|p2b: Skeledirge|Torch Song|p1a: Grimmsnarl\n|-damage|p1a: Grimmsnarl|0 fnt\n|-boost|p2b: Skeledirge|spa|1\n|faint|p1a: Grimmsnarl\n|\n|upkeep\n|\n|t:|1698073873\n|switch|p1b: Iron Valiant|Iron Valiant, shiny|100\/100\n|switch|p1a: Landorus|Landorus-Therian, M|100\/100\n|-ability|p1a: Landorus|Intimidate|boost\n|-unboost|p2a: Marshadow|atk|1\n|-unboost|p2b: Skeledirge|atk|1\n|-enditem|p1b: Iron Valiant|Booster Energy\n|-activate|p1b: Iron Valiant|ability: Quark Drive|[fromitem]\n|-start|p1b: Iron Valiant|quarkdrivespe\n|turn|5\n|\n|t:|1698073890\n|move|p2a: Marshadow|Shadow Sneak|p1b: Iron Valiant\n|-damage|p1b: Iron Valiant|74\/100\n|move|p1b: Iron Valiant|Spirit Break|p2a: Marshadow\n|-supereffective|p2a: Marshadow\n|-damage|p2a: Marshadow|3\/100\n|-unboost|p2a: Marshadow|spa|1\n|move|p1a: Landorus|Earthquake|p2a: Marshadow|[spread] p1b,p2a,p2b\n|-supereffective|p2b: Skeledirge\n|-damage|p1b: Iron Valiant|26\/100\n|-damage|p2a: Marshadow|0 fnt\n|-damage|p2b: Skeledirge|0 fnt\n|faint|p2a: Marshadow\n|faint|p2b: Skeledirge\n|\n|upkeep\n|\n|t:|1698073895\n|switch|p2b: Sinistcha|Sinistcha-Masterpiece|100\/100\n|turn|6\n|\n|t:|1698073905\n|move|p2b: Sinistcha|Protect|p2b: Sinistcha\n|-singleturn|p2b: Sinistcha|Protect\n|move|p1b: Iron Valiant|Knock Off|p2b: Sinistcha\n|-activate|p2b: Sinistcha|move: Protect\n|move|p1a: Landorus|Knock Off|p2b: Sinistcha\n|-activate|p2b: Sinistcha|move: Protect\n|\n|upkeep\n|turn|7\n|\n|t:|1698073917\n|move|p1b: Iron Valiant|Swords Dance|p1b: Iron Valiant\n|-boost|p1b: Iron Valiant|atk|2\n|move|p1a: Landorus|Knock Off|p2b: Sinistcha\n|-supereffective|p2b: Sinistcha\n|-crit|p2b: Sinistcha\n|-damage|p2b: Sinistcha|0 fnt\n|-enditem|p2b: Sinistcha|Leftovers|[from] move: Knock Off|[of] p1a: Landorus\n|faint|p2b: Sinistcha\n|\n|win|hanagakiUBD\n|l|\u2606hanagakiUBD\n|j|\u2606hanagakiUBD\n|player|p1|hanagakiUBD|iris-gen5bw2\n","uploadtime":1698073931,"views":7,"p1id":"hanagakiubd","p2id":"drixzard","formatid":"gen9nationaldexdoubles","rating":0,"private":0,"password":""}