{"id":"gen9nationaldexdoubles-1960490023","p1":"Grunt2222222","p2":"aFadab","format":"[Gen 9] National Dex Doubles","log":"|j|\u2606Grunt2222222\n|j|\u2606aFadab\n|t:|1696529269\n|gametype|doubles\n|player|p1|Grunt2222222|rocketgrunt|1192\n|player|p2|aFadab|flint|1303\n|teamsize|p1|6\n|teamsize|p2|6\n|gen|9\n|tier|[Gen 9] National Dex Doubles\n|rated|\n|rule|HP Percentage Mod: HP is shown in percentages\n|rule|Endless Battle Clause: Forcing endless battles is banned\n|rule|OHKO Clause: OHKO moves are banned\n|rule|Evasion Moves Clause: Evasion moves are banned\n|rule|Evasion Abilities Clause: Evasion abilities are banned\n|rule|Species Clause: Limit one of each Pok\u00e9mon\n|rule|Gravity Sleep Clause: The combination of sleep-inducing moves with imperfect accuracy and Gravity or Gigantamax Orbeetle are banned\n|clearpoke\n|poke|p1|Delcatty, M|\n|poke|p1|Pyroar, F|\n|poke|p1|Perrserker, F|\n|poke|p1|Persian, M|\n|poke|p1|Espeon, M|\n|poke|p1|Indeedee-F, F|\n|poke|p2|Manectric, M|\n|poke|p2|Ceruledge, M|\n|poke|p2|Blaziken, M|\n|poke|p2|Amoonguss, M|\n|poke|p2|Kommo-o, M|\n|poke|p2|Chien-Pao|\n|teampreview\n|inactive|Battle timer is ON: inactive players will automatically lose when time's up. (requested by aFadab)\n|c|\u2606Grunt2222222|Oh hi again\n|\n|t:|1696529285\n|start\n|switch|p1a: Persian|Persian, M|100\/100\n|switch|p1b: Pyroar|Pyroar, F|100\/100\n|switch|p2a: Chien-Pao|Chien-Pao|100\/100\n|switch|p2b: Blaziken|Blaziken, M|100\/100\n|-ability|p2a: Chien-Pao|Sword of Ruin\n|turn|1\n|c|\u2606aFadab|Hi\n|\n|t:|1696529303\n|-terastallize|p1b: Pyroar|Normal\n|move|p2a: Chien-Pao|Protect|p2a: Chien-Pao\n|-singleturn|p2a: Chien-Pao|Protect\n|move|p2b: Blaziken|Protect|p2b: Blaziken\n|-singleturn|p2b: Blaziken|Protect\n|move|p1a: Persian|Fake Out|p2a: Chien-Pao\n|-activate|p2a: Chien-Pao|move: Protect\n|move|p1b: Pyroar|Hyper Voice|p2b: Blaziken|[spread] \n|-activate|p2a: Chien-Pao|move: Protect\n|-activate|p2b: Blaziken|move: Protect\n|\n|-ability|p2b: Blaziken|Speed Boost|boost\n|-boost|p2b: Blaziken|spe|1\n|-enditem|p1a: Persian|Mirror Herb\n|-boost|p1a: Persian|spe|1|[from] item: Mirror Herb\n|upkeep\n|turn|2\n|\n|t:|1696529326\n|switch|p1b: Perrserker|Perrserker, F|100\/100\n|move|p1a: Persian|Knock Off|p2a: Chien-Pao\n|-resisted|p2a: Chien-Pao\n|-damage|p2a: Chien-Pao|86\/100\n|-enditem|p2a: Chien-Pao|Focus Sash|[from] move: Knock Off|[of] p1a: Persian\n|move|p2a: Chien-Pao|Sacred Sword|p1a: Persian\n|-supereffective|p1a: Persian\n|-damage|p1a: Persian|0 fnt\n|faint|p1a: Persian\n|move|p2b: Blaziken|Close Combat|p1b: Perrserker\n|-supereffective|p1b: Perrserker\n|-damage|p1b: Perrserker|0 fnt\n|-unboost|p2b: Blaziken|def|1\n|-unboost|p2b: Blaziken|spd|1\n|faint|p1b: Perrserker\n|\n|-ability|p2b: Blaziken|Speed Boost|boost\n|-boost|p2b: Blaziken|spe|1\n|upkeep\n|\n|t:|1696529341\n|switch|p1a: Delcatty|Delcatty, M|100\/100\n|switch|p1b: Pyroar|Pyroar, F, tera:Normal|100\/100\n|turn|3\n|\n|t:|1696529355\n|move|p2b: Blaziken|Protect|p2b: Blaziken\n|-singleturn|p2b: Blaziken|Protect\n|move|p2a: Chien-Pao|Protect|p2a: Chien-Pao\n|-singleturn|p2a: Chien-Pao|Protect\n|move|p1b: Pyroar|Hyper Voice|p2a: Chien-Pao|[spread] \n|-activate|p2a: Chien-Pao|move: Protect\n|-activate|p2b: Blaziken|move: Protect\n|move|p1a: Delcatty|Psych Up|p2b: Blaziken\n|-copyboost|p1a: Delcatty|p2b: Blaziken|[from] move: Psych Up\n|\n|-ability|p2b: Blaziken|Speed Boost|boost\n|-boost|p2b: Blaziken|spe|1\n|upkeep\n|turn|4\n|\n|t:|1696529383\n|detailschange|p2b: Blaziken|Blaziken-Mega, M\n|-mega|p2b: Blaziken|Blaziken|Blazikenite\n|move|p2b: Blaziken|Close Combat|p1a: Delcatty\n|-supereffective|p1a: Delcatty\n|-damage|p1a: Delcatty|0 fnt\n|-unboost|p2b: Blaziken|def|1\n|-unboost|p2b: Blaziken|spd|1\n|faint|p1a: Delcatty\n|move|p2a: Chien-Pao|Sacred Sword|p1b: Pyroar\n|-supereffective|p1b: Pyroar\n|-damage|p1b: Pyroar|0 fnt\n|faint|p1b: Pyroar\n|\n|-ability|p2b: Blaziken|Speed Boost|boost\n|-boost|p2b: Blaziken|spe|1\n|upkeep\n|\n|t:|1696529393\n|switch|p1b: Indeedee|Indeedee-F, F|100\/100\n|switch|p1a: Espeon|Espeon, M|100\/100\n|-fieldstart|move: Psychic Terrain|[from] ability: Psychic Surge|[of] p1b: Indeedee\n|turn|5\n|inactive|aFadab has 120 seconds left.\n|l|\u2606aFadab\n|inactive|aFadab disconnected and has a minute to reconnect!\n|player|p2|\n|inactive|aFadab has 30 seconds to reconnect!\n|inactive|aFadab has 20 seconds to reconnect!\n|inactive|aFadab has 15 seconds to reconnect!\n|inactive|aFadab has 10 seconds to reconnect!\n|inactive|aFadab has 5 seconds to reconnect!\n|-message|aFadab lost due to inactivity.\n|\n|win|Grunt2222222\n|raw|Grunt2222222's rating: 1192 &rarr; <strong>1225<\/strong><br \/>(+33 for winning)\n|raw|aFadab's rating: 1303 &rarr; <strong>1277<\/strong><br \/>(-26 for losing)\n","uploadtime":1696529502,"views":5,"p1id":"grunt2222222","p2id":"afadab","formatid":"gen9nationaldexdoubles","rating":1225,"private":0,"password":""}