{"id":"gen9nationaldexdoubles-1980493669","p1":"Chickoboy","p2":"fumbari 24","format":"[Gen 9] National Dex Doubles","log":"|j|\u2606Chickoboy\n|j|\u2606fumbari 24\n|t:|1698790267\n|gametype|doubles\n|player|p1|Chickoboy|hilbert|1146\n|player|p2|fumbari 24|hilbert|1383\n|teamsize|p1|6\n|teamsize|p2|6\n|gen|9\n|tier|[Gen 9] National Dex Doubles\n|rated|\n|rule|HP Percentage Mod: HP is shown in percentages\n|rule|Endless Battle Clause: Forcing endless battles is banned\n|rule|OHKO Clause: OHKO moves are banned\n|rule|Evasion Moves Clause: Evasion moves are banned\n|rule|Evasion Abilities Clause: Evasion abilities are banned\n|rule|Species Clause: Limit one of each Pok\u00e9mon\n|rule|Gravity Sleep Clause: The combination of sleep-inducing moves with imperfect accuracy and Gravity or Gigantamax Orbeetle are banned\n|clearpoke\n|poke|p1|Serperior, M|\n|poke|p1|Thundurus, M|\n|poke|p1|Metagross|\n|poke|p1|Politoed, F|\n|poke|p1|Seismitoad, M|\n|poke|p1|Entei|\n|poke|p2|Thundurus-Therian, M|\n|poke|p2|Latias, F|\n|poke|p2|Blastoise, M|\n|poke|p2|Pelipper, M|\n|poke|p2|Gardevoir, F|\n|poke|p2|Meowscarada, M|\n|teampreview\n|inactive|Battle timer is ON: inactive players will automatically lose when time's up. (requested by fumbari 24)\n|inactive|Chickoboy has 120 seconds left.\n|\n|t:|1698790309\n|start\n|switch|p1a: Seismitoad|Seismitoad, M|100\/100\n|switch|p1b: Metagross|Metagross|100\/100\n|switch|p2a: Strike|Thundurus-Therian, M|100\/100\n|switch|p2b: Mine Mine|Pelipper, M|100\/100\n|-weather|RainDance|[from] ability: Drizzle|[of] p2b: Mine Mine\n|turn|1\n|inactive|fumbari 24 has 120 seconds left.\n|\n|t:|1698790341\n|move|p1a: Seismitoad|Bulldoze|p2a: Strike|[spread] p1b\n|-immune|p2a: Strike\n|-immune|p2b: Mine Mine\n|-supereffective|p1b: Metagross\n|-damage|p1b: Metagross|64\/100\n|-enditem|p1b: Metagross|Weakness Policy\n|-boost|p1b: Metagross|atk|2|[from] item: Weakness Policy\n|-boost|p1b: Metagross|spa|2|[from] item: Weakness Policy\n|-damage|p1a: Seismitoad|91\/100|[from] item: Life Orb\n|move|p2a: Strike|Grass Knot|p1a: Seismitoad\n|-supereffective|p1a: Seismitoad\n|-damage|p1a: Seismitoad|0 fnt\n|faint|p1a: Seismitoad\n|move|p1b: Metagross|Rock Slide|p2b: Mine Mine|[spread] p2a,p2b\n|-supereffective|p2a: Strike\n|-supereffective|p2b: Mine Mine\n|-damage|p2a: Strike|0 fnt\n|-damage|p2b: Mine Mine|15\/100\n|faint|p2a: Strike\n|move|p2b: Mine Mine|Tailwind|p2b: Mine Mine\n|-sidestart|p2: fumbari 24|move: Tailwind\n|\n|-weather|RainDance|[upkeep]\n|upkeep\n|inactive|Chickoboy has 120 seconds left.\n|\n|t:|1698790372\n|switch|p2a: Meowscarada|Meowscarada, M|100\/100\n|switch|p1a: Thundurus|Thundurus, M|100\/100\n|turn|2\n|\n|t:|1698790387\n|move|p1b: Metagross|Protect|p1b: Metagross\n|-singleturn|p1b: Metagross|Protect\n|move|p2b: Mine Mine|Wide Guard|p2b: Mine Mine\n|-singleturn|p2b: Mine Mine|Wide Guard\n|move|p2a: Meowscarada|Sucker Punch||[still]\n|-fail|p2a: Meowscarada\n|move|p1a: Thundurus|Wildbolt Storm|p2b: Mine Mine|[spread] \n|-activate|p2a: Meowscarada|move: Wide Guard\n|-activate|p2b: Mine Mine|move: Wide Guard\n|\n|-weather|RainDance|[upkeep]\n|upkeep\n|turn|3\n|inactive|Chickoboy has 120 seconds left.\n|\n|t:|1698790419\n|-terastallize|p1b: Metagross|Steel\n|move|p2b: Mine Mine|Wide Guard|p2b: Mine Mine\n|-singleturn|p2b: Mine Mine|Wide Guard\n|move|p2a: Meowscarada|Sucker Punch|p1b: Metagross\n|-damage|p1b: Metagross|35\/100\n|move|p1a: Thundurus|Wildbolt Storm|p2b: Mine Mine|[spread] \n|-activate|p2a: Meowscarada|move: Wide Guard\n|-activate|p2b: Mine Mine|move: Wide Guard\n|move|p1b: Metagross|Iron Head|p2a: Meowscarada\n|-enditem|p2a: Meowscarada|Focus Sash\n|-damage|p2a: Meowscarada|1\/100\n|\n|-weather|RainDance|[upkeep]\n|upkeep\n|turn|4\n|\n|t:|1698790441\n|switch|p1a: Serperior|Serperior, M|100\/100\n|move|p1b: Metagross|Bullet Punch|p2a: Meowscarada\n|-damage|p2a: Meowscarada|0 fnt\n|faint|p2a: Meowscarada\n|move|p2b: Mine Mine|Scald|p1b: Metagross\n|-damage|p1b: Metagross|0 fnt\n|faint|p1b: Metagross\n|\n|-weather|RainDance|[upkeep]\n|-sideend|p2: fumbari 24|move: Tailwind\n|upkeep\n|\n|t:|1698790458\n|switch|p2a: Harbor|Blastoise, M|100\/100\n|switch|p1b: Thundurus|Thundurus, M|100\/100\n|turn|5\n|\n|t:|1698790475\n|-terastallize|p2a: Harbor|Poison\n|move|p2a: Harbor|Fake Out|p1b: Thundurus\n|-damage|p1b: Thundurus|92\/100\n|move|p1a: Serperior|Leaf Storm|p2b: Mine Mine\n|-damage|p2b: Mine Mine|0 fnt\n|-boost|p1a: Serperior|spa|2\n|faint|p2b: Mine Mine\n|cant|p1b: Thundurus|flinch\n|\n|-weather|RainDance|[upkeep]\n|upkeep\n|\n|t:|1698790486\n|switch|p2b: Belle|Gardevoir, F, shiny|100\/100\n|-ability|p2b: Belle|Contrary|[from] ability: Trace|[of] p1a: Serperior\n|turn|6\n|\n|t:|1698790500\n|detailschange|p2b: Belle|Gardevoir-Mega, F, shiny\n|-mega|p2b: Belle|Gardevoir|Gardevoirite\n|move|p2a: Harbor|Follow Me|p2a: Harbor\n|-singleturn|p2a: Harbor|move: Follow Me\n|move|p1a: Serperior|Leaf Storm|p2a: Harbor\n|-resisted|p2a: Harbor\n|-damage|p2a: Harbor|71\/100\n|-boost|p1a: Serperior|spa|2\n|move|p1b: Thundurus|Wildbolt Storm|p2a: Harbor|[spread] p2a,p2b\n|-damage|p2a: Harbor|44\/100\n|-damage|p2b: Belle|73\/100\n|-status|p2a: Harbor|par\n|move|p2b: Belle|Trick Room|p2b: Belle\n|-fieldstart|move: Trick Room|[of] p2b: Belle\n|\n|-weather|RainDance|[upkeep]\n|-heal|p2a: Harbor|50\/100 par|[from] ability: Rain Dish\n|-heal|p2a: Harbor|57\/100 par|[from] item: Leftovers\n|upkeep\n|turn|7\n|inactive|Chickoboy has 120 seconds left.\n|\n|t:|1698790539\n|move|p2a: Harbor|Follow Me|p2a: Harbor\n|-singleturn|p2a: Harbor|move: Follow Me\n|move|p1b: Thundurus|Eerie Impulse|p2a: Harbor\n|-unboost|p2a: Harbor|spa|2\n|move|p2b: Belle|Hyper Voice|p1a: Serperior|[spread] p1a,p1b\n|-damage|p1a: Serperior|45\/100\n|-damage|p1b: Thundurus|32\/100\n|-enditem|p1a: Serperior|Sitrus Berry|[eat]\n|-heal|p1a: Serperior|70\/100|[from] item: Sitrus Berry\n|move|p1a: Serperior|Leaf Storm|p2a: Harbor\n|-resisted|p2a: Harbor\n|-damage|p2a: Harbor|9\/100 par\n|-boost|p1a: Serperior|spa|2\n|\n|-weather|RainDance|[upkeep]\n|-heal|p2a: Harbor|15\/100 par|[from] ability: Rain Dish\n|-heal|p2a: Harbor|21\/100 par|[from] item: Leftovers\n|upkeep\n|turn|8\n|inactive|Chickoboy has 120 seconds left.\n|\n|t:|1698790566\n|switch|p1b: Entei|Entei|100\/100\n|move|p2a: Harbor|Follow Me|p2a: Harbor\n|-singleturn|p2a: Harbor|move: Follow Me\n|move|p2b: Belle|Hyper Voice|p1b: Entei|[spread] p1a,p1b\n|-resisted|p1b: Entei\n|-crit|p1b: Entei\n|-damage|p1a: Serperior|20\/100\n|-damage|p1b: Entei|60\/100\n|move|p1a: Serperior|Leaf Storm|p2a: Harbor\n|-resisted|p2a: Harbor\n|-damage|p2a: Harbor|0 fnt\n|faint|p2a: Harbor\n|\n|-weather|none\n|upkeep\n|\n|t:|1698790576\n|switch|p2a: Mirage|Latias, F|100\/100\n|turn|9\n|\n|t:|1698790597\n|move|p2b: Belle|Hyper Voice|p1b: Entei|[spread] p1a,p1b\n|-resisted|p1b: Entei\n|-damage|p1a: Serperior|0 fnt\n|-damage|p1b: Entei|31\/100\n|-enditem|p1b: Entei|Sitrus Berry|[eat]\n|-heal|p1b: Entei|56\/100|[from] item: Sitrus Berry\n|faint|p1a: Serperior\n|-zpower|p2a: Mirage\n|move|p2a: Mirage|Shattered Psyche|p1b: Entei|[zeffect]\n|-damage|p1b: Entei|0 fnt\n|faint|p1b: Entei\n|\n|upkeep\n|inactive|Chickoboy has 120 seconds left.\n|\n|t:|1698790608\n|switch|p1b: Politoed|Politoed, F|100\/100\n|switch|p1a: Thundurus|Thundurus, M|32\/100\n|-weather|RainDance|[from] ability: Drizzle|[of] p1b: Politoed\n|turn|10\n|\n|t:|1698790618\n|move|p2b: Belle|Protect|p2b: Belle\n|-singleturn|p2b: Belle|Protect\n|move|p1a: Thundurus|Eerie Impulse|p2b: Belle\n|-activate|p2b: Belle|move: Protect\n|move|p1b: Politoed|Surf|p2b: Belle|[spread] p1a,p2a\n|-activate|p2b: Belle|move: Protect\n|-resisted|p2a: Mirage\n|-damage|p1a: Thundurus|0 fnt\n|-damage|p2a: Mirage|80\/100\n|faint|p1a: Thundurus\n|move|p2a: Mirage|Psychic|p1b: Politoed\n|-damage|p1b: Politoed|65\/100\n|\n|-weather|RainDance|[upkeep]\n|-fieldend|move: Trick Room\n|upkeep\n|turn|11\n|\n|t:|1698790633\n|move|p2a: Mirage|Psychic|p1b: Politoed\n|-damage|p1b: Politoed|25\/100\n|move|p2b: Belle|Hyper Voice|p1b: Politoed\n|-damage|p1b: Politoed|0 fnt\n|faint|p1b: Politoed\n|\n|win|fumbari 24\n|raw|Chickoboy's rating: 1146 &rarr; <strong>1136<\/strong><br \/>(-10 for losing)\n|raw|fumbari 24's rating: 1383 &rarr; <strong>1391<\/strong><br \/>(+8 for winning)\n|l|\u2606Chickoboy\n","uploadtime":1698790642,"views":13,"p1id":"chickoboy","p2id":"fumbari24","formatid":"gen9nationaldexdoubles","rating":1136,"private":0,"password":""}