{"id":"gen9nationaldexdoubles-1955714819","p1":"UncleKars","p2":"parkle","format":"[Gen 9] National Dex Doubles","log":"|j|\u2606UncleKars\n|j|\u2606parkle\n|t:|1696020955\n|gametype|doubles\n|player|p1|UncleKars|silver|\n|player|p2|parkle|bugcatcher-gen4dp|\n|teamsize|p1|6\n|teamsize|p2|6\n|gen|9\n|tier|[Gen 9] National Dex Doubles\n|rule|HP Percentage Mod: HP is shown in percentages\n|rule|Endless Battle Clause: Forcing endless battles is banned\n|rule|OHKO Clause: OHKO moves are banned\n|rule|Evasion Moves Clause: Evasion moves are banned\n|rule|Evasion Abilities Clause: Evasion abilities are banned\n|rule|Species Clause: Limit one of each Pok\u00e9mon\n|rule|Gravity Sleep Clause: The combination of sleep-inducing moves with imperfect accuracy and Gravity or Gigantamax Orbeetle are banned\n|clearpoke\n|poke|p1|Camerupt, F|\n|poke|p1|Torkoal, M|\n|poke|p1|Houndoom, M|\n|poke|p1|Vileplume, M|\n|poke|p1|Chandelure, F|\n|poke|p1|Venusaur, F|\n|poke|p2|Dragonite, F|\n|poke|p2|Salamence, M|\n|poke|p2|Haxorus, M|\n|poke|p2|Drampa, F|\n|poke|p2|Arboliva, F|\n|poke|p2|Plusle, F|\n|teampreview\n|j| AutumnCookie\n|c|\u2606parkle|im strategising\n|c|\u2606parkle|(looking up if camerupt heavy)\n|c|\u2606UncleKars|the fact that you have to strategize after beating me so hard\n|c|\u2606UncleKars|camerupt is heavy\n|c|\u2606UncleKars|showdown should show you base power for moves like grass knot\n|c|\u2606parkle|damn she heavy\n|c|\u2606UncleKars|and heavy slam and heat crash\n|c|\u2606parkle|i know but im debating holding pellie back until cammy's out because shes so weak\n|c| AutumnCookie|Yeah I do that sometimes I do open up tabs for weights and shit\n|\n|t:|1696021110\n|start\n|switch|p1a: Torkoal|Torkoal, M|100\/100\n|switch|p1b: Vileplume|Vileplume, M|100\/100\n|switch|p2a: Luci|Drampa, F|100\/100\n|switch|p2b: Pellie|Plusle, F|100\/100\n|-weather|SunnyDay|[from] ability: Drought|[of] p1a: Torkoal\n|turn|1\n|c|\u2606UncleKars|ok but youre sweaty autumn\n|c|\u2606parkle|i have two tabs open for this..\n|c|\u2606UncleKars|i have one tab\n|c|\u2606UncleKars|two tabs if you count battle music\n|\n|t:|1696021178\n|move|p1b: Vileplume|Sludge Bomb|p2a: Luci\n|-damage|p2a: Luci|42\/100\n|-ability|p2a: Luci|Berserk|boost\n|-boost|p2a: Luci|spa|1\n|move|p2b: Pellie|Substitute|p2b: Pellie\n|-start|p2b: Pellie|Substitute\n|-damage|p2b: Pellie|76\/100\n|move|p2a: Luci|Hyper Voice|p1a: Torkoal|[spread] p1a,p1b\n|-damage|p1a: Torkoal|40\/100\n|-damage|p1b: Vileplume|21\/100\n|move|p1a: Torkoal|Heat Wave|p2a: Luci|[spread] p2a,p2b\n|-end|p2b: Pellie|Substitute\n|-resisted|p2a: Luci\n|-damage|p2a: Luci|22\/100\n|-status|p2a: Luci|brn\n|\n|-weather|SunnyDay|[upkeep]\n|-heal|p2a: Luci|29\/100 brn|[from] item: Leftovers\n|-heal|p1a: Torkoal|46\/100|[from] item: Leftovers\n|-damage|p2a: Luci|22\/100 brn|[from] brn\n|upkeep\n|turn|2\n|c|\u2606UncleKars|forgot berserk is like that\n|c|\u2606parkle|POOR LUCI\n|\n|t:|1696021217\n|move|p1a: Torkoal|Protect|p1a: Torkoal\n|-singleturn|p1a: Torkoal|Protect\n|move|p1b: Vileplume|Sludge Bomb|p2a: Luci\n|-damage|p2a: Luci|0 fnt\n|faint|p2a: Luci\n|move|p2b: Pellie|Thunderbolt|p1a: Torkoal\n|-activate|p1a: Torkoal|move: Protect\n|\n|-weather|SunnyDay|[upkeep]\n|-heal|p1a: Torkoal|53\/100|[from] item: Leftovers\n|upkeep\n|c|\u2606parkle|fuck\n|c|\u2606UncleKars|SORRY LUCIII\n|c|\u2606parkle|LUCI :(\n|\n|t:|1696021240\n|switch|p2a: Haneul|Dragonite, F|100\/100\n|turn|3\n|\n|t:|1696021252\n|move|p1b: Vileplume|Sludge Bomb|p2a: Haneul\n|-damage|p2a: Haneul|78\/100\n|move|p2b: Pellie|Nasty Plot|p2b: Pellie\n|-boost|p2b: Pellie|spa|2\n|move|p2a: Haneul|Earthquake|p1a: Torkoal|[spread] p2b,p1a,p1b\n|-supereffective|p2b: Pellie\n|-supereffective|p1a: Torkoal\n|-damage|p2b: Pellie|0 fnt\n|-damage|p1a: Torkoal|16\/100\n|-damage|p1b: Vileplume|0 fnt\n|faint|p2b: Pellie\n|faint|p1b: Vileplume\n|move|p1a: Torkoal|Heat Wave|p2a: Haneul\n|-resisted|p2a: Haneul\n|-damage|p2a: Haneul|57\/100\n|\n|-weather|SunnyDay|[upkeep]\n|-heal|p1a: Torkoal|22\/100|[from] item: Leftovers\n|upkeep\n|c|\u2606parkle|oh i thought that would kill\n|c|\u2606parkle|oh no\n|c|\u2606UncleKars|TORKOAL YEEEEAAAAHAHHHHHH\n|c|\u2606parkle|TORKOAL..\n|\n|t:|1696021274\n|switch|p2b: Alexander|Haxorus, M|100\/100\n|switch|p1b: Venusaur|Venusaur, F|100\/100\n|-ability|p2b: Alexander|Unnerve\n|turn|4\n|c|\u2606parkle|alexander :)\n|l| AutumnCookie\n|j| AutumnCookie\n|c|\u2606UncleKars|hey guess what i forgot about last match\n|\n|t:|1696021317\n|-terastallize|p1a: Torkoal|Water\n|move|p1a: Torkoal|Protect|p1a: Torkoal\n|-singleturn|p1a: Torkoal|Protect\n|move|p2a: Haneul|Extreme Speed|p1a: Torkoal\n|-activate|p1a: Torkoal|move: Protect\n|move|p1b: Venusaur|Petal Blizzard|p2b: Alexander|[spread] p2a,p2b\n|-activate|p1a: Torkoal|move: Protect\n|-resisted|p2a: Haneul\n|-resisted|p2b: Alexander\n|-damage|p2a: Haneul|51\/100\n|-damage|p2b: Alexander|87\/100\n|move|p2b: Alexander|Earthquake|p1a: Torkoal|[spread] p1b\n|-activate|p1a: Torkoal|move: Protect\n|-immune|p2a: Haneul\n|-damage|p1b: Venusaur|59\/100\n|\n|-weather|SunnyDay|[upkeep]\n|-heal|p1a: Torkoal|28\/100|[from] item: Leftovers\n|upkeep\n|turn|5\n|c|\u2606parkle|oh wow !\n|c|\u2606parkle|random unimportant question\n|c|\u2606parkle|are z-moves allowed\n|c|\u2606UncleKars|yeah any gimmick is\n|c|\u2606parkle|oh baby\n|c|\u2606UncleKars|yeah very unimportant question\n|\n|t:|1696021398\n|switch|p1a: Camerupt|Camerupt, F|100\/100\n|move|p1b: Venusaur|Sludge Bomb|p2a: Haneul\n|-damage|p2a: Haneul|2\/100\n|move|p2b: Alexander|Shadow Claw|p1a: Camerupt\n|-damage|p1a: Camerupt|65\/100\n|-zpower|p2a: Haneul\n|move|p2a: Haneul|Devastating Drake|p1b: Venusaur|[zeffect]\n|-damage|p1b: Venusaur|0 fnt\n|faint|p1b: Venusaur\n|\n|-weather|none\n|upkeep\n|c|\u2606parkle|oh no bro\n|c|\u2606parkle|2 PERCENT\n|c|\u2606parkle|HANEUL\n|l| AutumnCookie\n|c|\u2606parkle|I KISS YOU\n|\n|t:|1696021412\n|switch|p1b: Torkoal|Torkoal, M, tera:Water|28\/100\n|-weather|SunnyDay|[from] ability: Drought|[of] p1b: Torkoal\n|turn|6\n|c|\u2606parkle|HANEEUUULLL\n|\n|t:|1696021438\n|switch|p1b: Chandelure|Chandelure, F|100\/100\n|move|p2a: Haneul|Extreme Speed|p1a: Camerupt\n|-damage|p1a: Camerupt|25\/100\n|move|p2b: Alexander|Earthquake|p1b: Chandelure|[spread] p1a,p1b\n|-immune|p2a: Haneul\n|-supereffective|p1a: Camerupt\n|-supereffective|p1b: Chandelure\n|-damage|p1a: Camerupt|0 fnt\n|-damage|p1b: Chandelure|16\/100\n|faint|p1a: Camerupt\n|\n|-weather|SunnyDay|[upkeep]\n|upkeep\n|c|\u2606parkle|oh thank fuck i did that on camerupt and not the othero ne\n|c|\u2606parkle|ohhh than fuck\n|c|\u2606UncleKars|THAT DIDNT KILL CHANDELURE?\n|\n|t:|1696021454\n|switch|p1a: Houndoom|Houndoom, M|100\/100\n|turn|7\n|c|\u2606parkle|SOMEHOW !\n|j| AutumnCookie\n|\n|t:|1696021486\n|move|p2a: Haneul|Extreme Speed|p1a: Houndoom\n|-damage|p1a: Houndoom|33\/100\n|move|p2b: Alexander|Earthquake|p1a: Houndoom|[spread] p1a,p1b\n|-immune|p2a: Haneul\n|-supereffective|p1a: Houndoom\n|-supereffective|p1b: Chandelure\n|-damage|p1a: Houndoom|0 fnt\n|-damage|p1b: Chandelure|0 fnt\n|faint|p1a: Houndoom\n|faint|p1b: Chandelure\n|\n|-weather|SunnyDay|[upkeep]\n|upkeep\n|\n|t:|1696021501\n|switch|p1a: Torkoal|Torkoal, M, tera:Water|28\/100\n|turn|8\n|c|\u2606parkle|i love flying type\n|c|\u2606parkle|hi torkoal\n|c|\u2606UncleKars|harte also loves flying type\/levitate\n|\n|t:|1696021529\n|move|p2b: Alexander|Shadow Claw|p1a: Torkoal\n|-damage|p1a: Torkoal|10\/100\n|move|p2a: Haneul|Dragon Dance|p2a: Haneul\n|-boost|p2a: Haneul|atk|1\n|-boost|p2a: Haneul|spe|1\n|move|p1a: Torkoal|Heat Wave|p2b: Alexander|[spread] p2a,p2b\n|-resisted|p2a: Haneul\n|-resisted|p2b: Alexander\n|-damage|p2a: Haneul|0 fnt\n|-damage|p2b: Alexander|63\/100\n|faint|p2a: Haneul\n|\n|-weather|SunnyDay|[upkeep]\n|-heal|p1a: Torkoal|16\/100|[from] item: Leftovers\n|upkeep\n|c|\u2606parkle|oh shit\n|c|\u2606parkle|HDSFGH OOPS\n|\n|t:|1696021561\n|switch|p2a: Silver|Salamence, M|100\/100\n|-ability|p2a: Silver|Intimidate|boost\n|-unboost|p1a: Torkoal|atk|1\n|turn|9\n|c|\u2606UncleKars|torkoal is doing his best\n|c|\u2606parkle|he's really going for it\n|c|\u2606UncleKars|he's trying so hard\n|\n|t:|1696021588\n|move|p2a: Silver|Flamethrower|p1a: Torkoal\n|-resisted|p1a: Torkoal\n|-damage|p1a: Torkoal|0 fnt\n|faint|p1a: Torkoal\n|\n|win|parkle\n|c|\u2606parkle|death by flamethrower\n","uploadtime":1696021595,"views":7,"p1id":"unclekars","p2id":"parkle","formatid":"gen9nationaldexdoubles","rating":0,"private":0,"password":""}