{"id":"gen9nationaldexdoubles-1956779174","p1":"BucketSlayer","p2":"Mrunal","format":"[Gen 9] National Dex Doubles","log":"|j|\u2606BucketSlayer\n|j|\u2606Mrunal\n|t:|1696150628\n|gametype|doubles\n|player|p1|BucketSlayer|poppy|\n|player|p2|Mrunal|1|\n|teamsize|p1|6\n|teamsize|p2|6\n|gen|9\n|tier|[Gen 9] National Dex Doubles\n|rule|HP Percentage Mod: HP is shown in percentages\n|rule|Endless Battle Clause: Forcing endless battles is banned\n|rule|OHKO Clause: OHKO moves are banned\n|rule|Evasion Moves Clause: Evasion moves are banned\n|rule|Evasion Abilities Clause: Evasion abilities are banned\n|rule|Species Clause: Limit one of each Pok\u00e9mon\n|rule|Gravity Sleep Clause: The combination of sleep-inducing moves with imperfect accuracy and Gravity or Gigantamax Orbeetle are banned\n|clearpoke\n|poke|p1|Flutter Mane|\n|poke|p1|Clefairy, M|\n|poke|p1|Iron Valiant|\n|poke|p1|Klefki, M|\n|poke|p1|Weezing-Galar, F|\n|poke|p1|Sylveon, M|\n|poke|p2|Dragonite, M|\n|poke|p2|Dragapult, F|\n|poke|p2|Noivern, M|\n|poke|p2|Garchomp, F|\n|poke|p2|Salamence, M|\n|poke|p2|Goodra, F|\n|teampreview\n|inactive|Battle timer is ON: inactive players will automatically lose when time's up. (requested by BucketSlayer)\n|c|\u2606BucketSlayer|Ok\n|c|\u2606BucketSlayer|first battle fr\n|\n|t:|1696150648\n|start\n|switch|p1a: Clefairy|Clefairy, M|100\/100\n|switch|p1b: Sylveon|Sylveon, M|100\/100\n|switch|p2a: Goodra|Goodra, F|100\/100\n|switch|p2b: Dragapult|Dragapult, F|100\/100\n|turn|1\n|c|\u2606Mrunal|No gimmicks allowed\n|\n|t:|1696150666\n|move|p1a: Clefairy|Follow Me|p1a: Clefairy\n|-singleturn|p1a: Clefairy|move: Follow Me\n|move|p2b: Dragapult|Thunder Wave|p1a: Clefairy\n|-status|p1a: Clefairy|par\n|move|p2a: Goodra|Sludge Bomb|p1a: Clefairy\n|-supereffective|p1a: Clefairy\n|-damage|p1a: Clefairy|49\/100 par\n|move|p1b: Sylveon|Calm Mind|p1b: Sylveon\n|-boost|p1b: Sylveon|spa|1\n|-boost|p1b: Sylveon|spd|1\n|\n|upkeep\n|turn|2\n|\n|t:|1696150682\n|move|p1a: Clefairy|Follow Me|p1a: Clefairy\n|-singleturn|p1a: Clefairy|move: Follow Me\n|move|p2b: Dragapult|Thunder Wave|p1a: Clefairy\n|-fail|p1a: Clefairy|par\n|move|p2a: Goodra|Sludge Bomb|p1a: Clefairy\n|-supereffective|p1a: Clefairy\n|-damage|p1a: Clefairy|1\/100 par\n|move|p1b: Sylveon|Hyper Voice|p2a: Goodra|[spread] p2a,p2b\n|-supereffective|p2a: Goodra\n|-supereffective|p2b: Dragapult\n|-damage|p2a: Goodra|15\/100\n|-damage|p2b: Dragapult|0 fnt\n|faint|p2b: Dragapult\n|\n|upkeep\n|\n|t:|1696150702\n|switch|p2b: Garchomp|Garchomp, F|100\/100\n|turn|3\n|\n|t:|1696150710\n|move|p1a: Clefairy|Follow Me|p1a: Clefairy\n|-singleturn|p1a: Clefairy|move: Follow Me\n|move|p2b: Garchomp|Rock Slide|p1a: Clefairy|[spread] p1a,p1b\n|-damage|p1a: Clefairy|0 fnt\n|-damage|p1b: Sylveon|81\/100\n|faint|p1a: Clefairy\n|move|p2a: Goodra|Sludge Bomb|p1b: Sylveon\n|-supereffective|p1b: Sylveon\n|-damage|p1b: Sylveon|57\/100\n|move|p1b: Sylveon|Hyper Voice|p2b: Garchomp|[spread] p2a,p2b\n|-supereffective|p2a: Goodra\n|-supereffective|p2b: Garchomp\n|-damage|p2a: Goodra|0 fnt\n|-damage|p2b: Garchomp|0 fnt\n|faint|p2a: Goodra\n|faint|p2b: Garchomp\n|\n|-heal|p1b: Sylveon|63\/100|[from] item: Leftovers\n|upkeep\n|\n|t:|1696150729\n|switch|p2b: Noivern|Noivern, M|100\/100\n|switch|p2a: Salamence|Salamence, M|100\/100\n|switch|p1a: Klefki|Klefki, M|100\/100\n|-item|p1a: Klefki|Light Clay|[from] ability: Frisk|[of] p2b: Noivern|[identify]\n|-item|p1b: Sylveon|Leftovers|[from] ability: Frisk|[of] p2b: Noivern|[identify]\n|-ability|p2a: Salamence|Intimidate|boost\n|-unboost|p1a: Klefki|atk|1\n|-unboost|p1b: Sylveon|atk|1\n|turn|4\n|\n|t:|1696150746\n|move|p1a: Klefki|Reflect|p1a: Klefki\n|-sidestart|p1: BucketSlayer|Reflect\n|move|p2b: Noivern|Tailwind|p2b: Noivern\n|-sidestart|p2: Mrunal|move: Tailwind\n|move|p2a: Salamence|Steel Wing|p1b: Sylveon\n|-supereffective|p1b: Sylveon\n|-damage|p1b: Sylveon|0 fnt\n|faint|p1b: Sylveon\n|\n|upkeep\n|\n|t:|1696150756\n|switch|p1b: Flutter Mane|Flutter Mane|100\/100\n|-enditem|p1b: Flutter Mane|Booster Energy\n|-activate|p1b: Flutter Mane|ability: Protosynthesis|[fromitem]\n|-start|p1b: Flutter Mane|protosynthesisspe\n|turn|5\n|\n|t:|1696150766\n|move|p2b: Noivern|Taunt|p1a: Klefki\n|-start|p1a: Klefki|move: Taunt\n|move|p2a: Salamence|Steel Wing|p1b: Flutter Mane\n|-supereffective|p1b: Flutter Mane\n|-damage|p1b: Flutter Mane|0 fnt\n|faint|p1b: Flutter Mane\n|-end|p1b: Flutter Mane|Protosynthesis|[silent]\n|move|p1a: Klefki|Play Rough|p2a: Salamence\n|-supereffective|p2a: Salamence\n|-crit|p2a: Salamence\n|-damage|p2a: Salamence|3\/100\n|\n|upkeep\n|\n|t:|1696150776\n|switch|p1b: Weezing|Weezing-Galar, F|100\/100\n|-fieldstart|move: Misty Terrain|[from] ability: Misty Surge|[of] p1b: Weezing\n|turn|6\n|\n|t:|1696150788\n|move|p2b: Noivern|Super Fang|p1a: Klefki|[miss]\n|-miss|p2b: Noivern|p1a: Klefki\n|move|p2a: Salamence|Steel Wing|p1b: Weezing\n|-supereffective|p1b: Weezing\n|-damage|p1b: Weezing|56\/100\n|move|p1a: Klefki|Play Rough|p2b: Noivern\n|-supereffective|p2b: Noivern\n|-damage|p2b: Noivern|65\/100\n|move|p1b: Weezing|Dazzling Gleam|p2a: Salamence|[spread] p2a,p2b\n|-supereffective|p2a: Salamence\n|-supereffective|p2b: Noivern\n|-damage|p2a: Salamence|0 fnt\n|-damage|p2b: Noivern|7\/100\n|faint|p2a: Salamence\n|\n|upkeep\n|\n|t:|1696150804\n|switch|p2a: Dragonite|Dragonite, M|100\/100\n|turn|7\n|\n|t:|1696150831\n|move|p2b: Noivern|Super Fang|p1a: Klefki\n|-damage|p1a: Klefki|50\/100\n|move|p2a: Dragonite|Dragon Dance|p2a: Dragonite\n|-boost|p2a: Dragonite|atk|1\n|-boost|p2a: Dragonite|spe|1\n|move|p1a: Klefki|Play Rough|p2a: Dragonite|[miss]\n|-miss|p1a: Klefki|p2a: Dragonite\n|move|p1b: Weezing|Dazzling Gleam|p2b: Noivern|[spread] p2a,p2b\n|-supereffective|p2a: Dragonite\n|-supereffective|p2b: Noivern\n|-damage|p2a: Dragonite|75\/100\n|-damage|p2b: Noivern|0 fnt\n|faint|p2b: Noivern\n|\n|-end|p1a: Klefki|move: Taunt\n|-sideend|p2: Mrunal|move: Tailwind\n|upkeep\n|turn|8\n|\n|t:|1696150852\n|move|p2a: Dragonite|Iron Head|p1b: Weezing\n|-supereffective|p1b: Weezing\n|-damage|p1b: Weezing|5\/100\n|move|p1a: Klefki|Play Rough|p2a: Dragonite\n|-supereffective|p2a: Dragonite\n|-crit|p2a: Dragonite\n|-damage|p2a: Dragonite|0 fnt\n|faint|p2a: Dragonite\n|\n|win|BucketSlayer\n|c|\u2606BucketSlayer|Gg\n|c|\u2606Mrunal|Gh\n|c|\u2606Mrunal|gg\n|l|\u2606BucketSlayer\n","uploadtime":1696150867,"views":12,"p1id":"bucketslayer","p2id":"mrunal","formatid":"gen9nationaldexdoubles","rating":0,"private":0,"password":""}