{"id":"gen9nationaldexdoubles-1981013658","p1":"Calebthegoat7347","p2":"Octolockr","format":"[Gen 9] National Dex Doubles","log":"|j|\u2606Calebthegoat7347\n|j|\u2606Octolockr\n|t:|1698856766\n|gametype|doubles\n|player|p1|Calebthegoat7347|hilbert|1138\n|player|p2|Octolockr|plasmagrunt-gen5bw|1088\n|teamsize|p1|6\n|teamsize|p2|6\n|gen|9\n|tier|[Gen 9] National Dex Doubles\n|rated|\n|rule|HP Percentage Mod: HP is shown in percentages\n|rule|Endless Battle Clause: Forcing endless battles is banned\n|rule|OHKO Clause: OHKO moves are banned\n|rule|Evasion Moves Clause: Evasion moves are banned\n|rule|Evasion Abilities Clause: Evasion abilities are banned\n|rule|Species Clause: Limit one of each Pok\u00e9mon\n|rule|Gravity Sleep Clause: The combination of sleep-inducing moves with imperfect accuracy and Gravity or Gigantamax Orbeetle are banned\n|clearpoke\n|poke|p1|Espathra, M|\n|poke|p1|Walking Wake|\n|poke|p1|Jirachi|\n|poke|p1|Goodra-Hisui, M|\n|poke|p1|Sinistcha-Masterpiece|\n|poke|p1|Infernape, F|\n|poke|p2|Excadrill, F|\n|poke|p2|Togekiss, M|\n|poke|p2|Quaquaval, M|\n|poke|p2|Lopunny, F|\n|poke|p2|Ninetales-Alola, F|\n|poke|p2|Zangoose, M|\n|teampreview\n|\n|t:|1698856780\n|start\n|switch|p1a: Espathra|Espathra, M|100\/100\n|switch|p1b: Sinistcha|Sinistcha-Masterpiece|100\/100\n|switch|p2a: Togekiss|Togekiss, M|100\/100\n|switch|p2b: Ninetales|Ninetales-Alola, F|100\/100\n|-weather|Snow|[from] ability: Snow Warning|[of] p2b: Ninetales\n|turn|1\n|inactive|Battle timer is ON: inactive players will automatically lose when time's up. (requested by Calebthegoat7347)\n|\n|t:|1698856794\n|switch|p1b: Goodra|Goodra-Hisui, M, shiny|100\/100\n|move|p2b: Ninetales|Blizzard|p1b: Goodra|[spread] p1a,p1b\n|-damage|p1a: Espathra|62\/100\n|-damage|p1b: Goodra|84\/100\n|move|p1a: Espathra|Calm Mind|p1a: Espathra\n|-boost|p1a: Espathra|spa|1\n|-boost|p1a: Espathra|spd|1\n|move|p2a: Togekiss|Air Slash|p1b: Goodra\n|-resisted|p1b: Goodra\n|-damage|p1b: Goodra|75\/100\n|\n|-weather|Snow|[upkeep]\n|-heal|p1b: Goodra|81\/100|[from] item: Leftovers\n|-ability|p1a: Espathra|Speed Boost|boost\n|-boost|p1a: Espathra|spe|1\n|upkeep\n|turn|2\n|\n|t:|1698856818\n|move|p1a: Espathra|Calm Mind|p1a: Espathra\n|-boost|p1a: Espathra|spa|1\n|-boost|p1a: Espathra|spd|1\n|move|p2b: Ninetales|Aurora Veil|p2b: Ninetales\n|-sidestart|p2: Octolockr|move: Aurora Veil\n|move|p2a: Togekiss|Tailwind|p2a: Togekiss\n|-sidestart|p2: Octolockr|move: Tailwind\n|move|p1b: Goodra|Toxic|p2b: Ninetales\n|-status|p2b: Ninetales|tox\n|\n|-weather|Snow|[upkeep]\n|-heal|p1b: Goodra|87\/100|[from] item: Leftovers\n|-damage|p2b: Ninetales|94\/100 tox|[from] psn\n|-ability|p1a: Espathra|Speed Boost|boost\n|-boost|p1a: Espathra|spe|1\n|upkeep\n|turn|3\n|\n|t:|1698856838\n|switch|p2b: Zangoose|Zangoose, M|100\/100\n|move|p2a: Togekiss|Follow Me|p2a: Togekiss\n|-singleturn|p2a: Togekiss|move: Follow Me\n|move|p1a: Espathra|Baton Pass|p1a: Espathra\n|\n|t:|1698856854\n|switch|p1a: Jirachi|Jirachi|100\/100|[from] Baton Pass\n|move|p1b: Goodra|Toxic|p2a: Togekiss\n|-status|p2a: Togekiss|tox\n|\n|-weather|Snow|[upkeep]\n|-heal|p1b: Goodra|93\/100|[from] item: Leftovers\n|-damage|p2a: Togekiss|94\/100 tox|[from] psn\n|-status|p2b: Zangoose|tox|[from] item: Toxic Orb\n|upkeep\n|turn|4\n|\n|t:|1698856876\n|move|p1a: Jirachi|Ancient Power|p2a: Togekiss\n|-supereffective|p2a: Togekiss\n|-damage|p2a: Togekiss|60\/100 tox\n|move|p2b: Zangoose|Switcheroo|p1a: Jirachi\n|-activate|p2b: Zangoose|move: Trick|[of] p1a: Jirachi\n|-item|p1a: Jirachi|Toxic Orb|[from] move: Switcheroo\n|-item|p2b: Zangoose|King's Rock|[from] move: Switcheroo\n|move|p2a: Togekiss|Dazzling Gleam|p1a: Jirachi|[spread] p1a,p1b\n|-resisted|p1a: Jirachi\n|-damage|p1a: Jirachi|94\/100\n|-damage|p1b: Goodra|78\/100\n|move|p1b: Goodra|Body Press|p2b: Zangoose\n|-supereffective|p2b: Zangoose\n|-damage|p2b: Zangoose|49\/100 tox\n|\n|-weather|Snow|[upkeep]\n|-heal|p2a: Togekiss|66\/100 tox|[from] item: Leftovers\n|-heal|p1b: Goodra|84\/100|[from] item: Leftovers\n|-damage|p2b: Zangoose|43\/100 tox|[from] psn\n|-damage|p2a: Togekiss|54\/100 tox|[from] psn\n|upkeep\n|turn|5\n|l|\u2606Octolockr\n|inactive|Octolockr disconnected and has a minute to reconnect!\n|player|p2|\n|inactive|Octolockr has 30 seconds to reconnect!\n|inactive|Octolockr has 20 seconds to reconnect!\n|inactive|Octolockr has 15 seconds to reconnect!\n|inactive|Octolockr has 10 seconds to reconnect!\n|inactive|Octolockr has 5 seconds to reconnect!\n|-message|Octolockr lost due to inactivity.\n|\n|win|Calebthegoat7347\n|raw|Calebthegoat7347's rating: 1138 &rarr; <strong>1159<\/strong><br \/>(+21 for winning)\n|raw|Octolockr's rating: 1088 &rarr; <strong>1068<\/strong><br \/>(-20 for losing)\n|l|\u2606Calebthegoat7347\n|j|\u2606Octolockr\n|player|p2|Octolockr|plasmagrunt-gen5bw\n","uploadtime":1698857008,"views":7,"p1id":"calebthegoat7347","p2id":"octolockr","formatid":"gen9nationaldexdoubles","rating":1068,"private":0,"password":""}