{"id":"gen9nationaldexdoubles-1951821823","p1":"Lux2821","p2":"austinerzs","format":"[Gen 9] National Dex Doubles","log":"|j|\u2606Lux2821\n|j|\u2606austinerzs\n|t:|1695626030\n|gametype|doubles\n|player|p1|Lux2821|lusamine-nihilego|\n|player|p2|austinerzs|sisandbro|\n|teamsize|p1|6\n|teamsize|p2|6\n|gen|9\n|tier|[Gen 9] National Dex Doubles\n|rule|HP Percentage Mod: HP is shown in percentages\n|rule|Endless Battle Clause: Forcing endless battles is banned\n|rule|OHKO Clause: OHKO moves are banned\n|rule|Evasion Moves Clause: Evasion moves are banned\n|rule|Evasion Abilities Clause: Evasion abilities are banned\n|rule|Species Clause: Limit one of each Pok\u00e9mon\n|rule|Gravity Sleep Clause: The combination of sleep-inducing moves with imperfect accuracy and Gravity or Gigantamax Orbeetle are banned\n|clearpoke\n|poke|p1|Rillaboom, F|\n|poke|p1|Shaymin-Sky|\n|poke|p1|Shiftry, M|\n|poke|p1|Froslass, F|\n|poke|p1|Sudowoodo, M|\n|poke|p1|Mawile, M|\n|poke|p2|Tornadus, M|\n|poke|p2|Jirachi|\n|poke|p2|Rillaboom, F|\n|poke|p2|Flutter Mane|\n|poke|p2|Iron Hands|\n|poke|p2|Landorus-Therian, M|\n|teampreview\n|inactive|Battle timer is ON: inactive players will automatically lose when time's up. (requested by Lux2821)\n|\n|t:|1695626050\n|start\n|switch|p1a: Iron Man|Froslass, F|100\/100\n|switch|p1b: No Shaymin Tryin|Shaymin-Sky|100\/100\n|switch|p2a: Tornadus|Tornadus, M|100\/100\n|switch|p2b: Iron Hands|Iron Hands, shiny|100\/100\n|turn|1\n|\n|t:|1695626066\n|move|p1b: No Shaymin Tryin|Substitute|p1b: No Shaymin Tryin\n|-start|p1b: No Shaymin Tryin|Substitute\n|-damage|p1b: No Shaymin Tryin|76\/100\n|move|p2a: Tornadus|Bleakwind Storm|p1a: Iron Man|[spread] p1a,p1b\n|-supereffective|p1b: No Shaymin Tryin\n|-end|p1b: No Shaymin Tryin|Substitute\n|-damage|p1a: Iron Man|39\/100\n|-start|p2a: Tornadus|Disable|Bleakwind Storm|[from] ability: Cursed Body|[of] p1a: Iron Man\n|move|p1a: Iron Man|Thunder Wave|p2a: Tornadus\n|-status|p2a: Tornadus|par\n|move|p2b: Iron Hands|Heavy Slam|p1a: Iron Man\n|-supereffective|p1a: Iron Man\n|-damage|p1a: Iron Man|0 fnt\n|-start|p2b: Iron Hands|Disable|Heavy Slam|[from] ability: Cursed Body|[of] p1a: Iron Man\n|faint|p1a: Iron Man\n|\n|-heal|p1b: No Shaymin Tryin|82\/100|[from] item: Leftovers\n|upkeep\n|\n|t:|1695626081\n|switch|p1a: Nom|Mawile, M|100\/100\n|turn|2\n|\n|t:|1695626088\n|detailschange|p1a: Nom|Mawile-Mega, M\n|-mega|p1a: Nom|Mawile|Mawilite\n|-terastallize|p2b: Iron Hands|Grass\n|move|p2a: Tornadus|Tailwind|p2a: Tornadus\n|-sidestart|p2: austinerzs|move: Tailwind\n|move|p1b: No Shaymin Tryin|Substitute|p1b: No Shaymin Tryin\n|-start|p1b: No Shaymin Tryin|Substitute\n|-damage|p1b: No Shaymin Tryin|57\/100\n|move|p2b: Iron Hands|Wild Charge|p1b: No Shaymin Tryin\n|-end|p1b: No Shaymin Tryin|Substitute\n|-damage|p2b: Iron Hands|95\/100|[from] Recoil|[of] p1b: No Shaymin Tryin\n|move|p1a: Nom|Play Rough|p2b: Iron Hands\n|-damage|p2b: Iron Hands|39\/100\n|-unboost|p2b: Iron Hands|atk|1\n|\n|-heal|p1b: No Shaymin Tryin|63\/100|[from] item: Leftovers\n|upkeep\n|turn|3\n|\n|t:|1695626101\n|switch|p2a: Landorus|Landorus-Therian, M|100\/100\n|-ability|p2a: Landorus|Intimidate|boost\n|-unboost|p1a: Nom|atk|1\n|-unboost|p1b: No Shaymin Tryin|atk|1\n|-end|p2b: Iron Hands|Quark Drive|[silent]\n|switch|p2b: Rillaboom|Rillaboom, F|100\/100\n|-fieldstart|move: Grassy Terrain|[from] ability: Grassy Surge|[of] p2b: Rillaboom\n|move|p1b: No Shaymin Tryin|Substitute|p1b: No Shaymin Tryin\n|-start|p1b: No Shaymin Tryin|Substitute\n|-damage|p1b: No Shaymin Tryin|38\/100\n|move|p1a: Nom|Play Rough|p2b: Rillaboom\n|-damage|p2b: Rillaboom|43\/100\n|\n|-heal|p2b: Rillaboom|49\/100|[from] Grassy Terrain\n|-heal|p1b: No Shaymin Tryin|45\/100|[from] item: Leftovers\n|upkeep\n|turn|4\n|\n|t:|1695626117\n|switch|p1a: ree|Shiftry, M|100\/100\n|-enditem|p1a: ree|Grassy Seed\n|-boost|p1a: ree|def|1|[from] item: Grassy Seed\n|move|p2b: Rillaboom|Grassy Glide|p1a: ree\n|-resisted|p1a: ree\n|-damage|p1a: ree|80\/100\n|move|p2a: Landorus|Stomping Tantrum|p1a: ree\n|-resisted|p1a: ree\n|-damage|p1a: ree|56\/100\n|move|p1b: No Shaymin Tryin|Leech Seed|p2a: Landorus\n|-start|p2a: Landorus|move: Leech Seed\n|\n|-heal|p2b: Rillaboom|55\/100|[from] Grassy Terrain\n|-heal|p1b: No Shaymin Tryin|51\/100|[from] item: Leftovers\n|-heal|p1a: ree|62\/100|[from] Grassy Terrain\n|-damage|p2a: Landorus|88\/100|[from] Leech Seed|[of] p1b: No Shaymin Tryin\n|-heal|p1b: No Shaymin Tryin|61\/100|[silent]\n|upkeep\n|turn|5\n|\n|t:|1695626146\n|switch|p2a: Jirachi|Jirachi|100\/100\n|move|p2b: Rillaboom|Grassy Glide|p1b: No Shaymin Tryin\n|-resisted|p1b: No Shaymin Tryin\n|-activate|p1b: No Shaymin Tryin|move: Substitute|[damage]\n|move|p1b: No Shaymin Tryin|Air Slash|p2a: Jirachi\n|-resisted|p2a: Jirachi\n|-damage|p2a: Jirachi|90\/100\n|move|p1a: ree|X-Scissor|p2b: Rillaboom\n|-supereffective|p2b: Rillaboom\n|-damage|p2b: Rillaboom|12\/100\n|\n|-heal|p2a: Jirachi|97\/100|[from] Grassy Terrain\n|-heal|p2b: Rillaboom|19\/100|[from] Grassy Terrain\n|-heal|p1b: No Shaymin Tryin|67\/100|[from] item: Leftovers\n|-heal|p1a: ree|68\/100|[from] Grassy Terrain\n|-sideend|p2: austinerzs|move: Tailwind\n|upkeep\n|turn|6\n|\n|t:|1695626174\n|move|p2b: Rillaboom|Grassy Glide|p1b: No Shaymin Tryin\n|-resisted|p1b: No Shaymin Tryin\n|-activate|p1b: No Shaymin Tryin|move: Substitute|[damage]\n|move|p1b: No Shaymin Tryin|Leech Seed|p2a: Jirachi|[miss]\n|-miss|p1b: No Shaymin Tryin|p2a: Jirachi\n|move|p1a: ree|X-Scissor|p2b: Rillaboom\n|-supereffective|p2b: Rillaboom\n|-damage|p2b: Rillaboom|0 fnt\n|faint|p2b: Rillaboom\n|move|p2a: Jirachi|Encore|p1b: No Shaymin Tryin\n|-start|p1b: No Shaymin Tryin|Encore\n|\n|-heal|p1b: No Shaymin Tryin|73\/100|[from] item: Leftovers\n|-heal|p1a: ree|75\/100|[from] Grassy Terrain\n|-heal|p2a: Jirachi|100\/100|[from] Grassy Terrain\n|upkeep\n|\n|t:|1695626190\n|switch|p2b: Flutter Mane|Flutter Mane|100\/100\n|-enditem|p2b: Flutter Mane|Booster Energy\n|-activate|p2b: Flutter Mane|ability: Protosynthesis|[fromitem]\n|-start|p2b: Flutter Mane|protosynthesisspe\n|turn|7\n|\n|t:|1695626200\n|move|p1a: ree|Grassy Glide|p2b: Flutter Mane\n|-damage|p2b: Flutter Mane|48\/100\n|move|p2b: Flutter Mane|Moonblast|p1a: ree\n|-supereffective|p1a: ree\n|-damage|p1a: ree|0 fnt\n|faint|p1a: ree\n|move|p1b: No Shaymin Tryin|Leech Seed|p2a: Jirachi\n|-start|p2a: Jirachi|move: Leech Seed\n|move|p2a: Jirachi|Iron Head|p1b: No Shaymin Tryin\n|-end|p1b: No Shaymin Tryin|Substitute\n|\n|-heal|p2b: Flutter Mane|55\/100|[from] Grassy Terrain\n|-heal|p1b: No Shaymin Tryin|79\/100|[from] item: Leftovers\n|-damage|p2a: Jirachi|88\/100|[from] Leech Seed|[of] p1b: No Shaymin Tryin\n|-heal|p1b: No Shaymin Tryin|92\/100|[silent]\n|-fieldend|move: Grassy Terrain\n|upkeep\n|\n|t:|1695626215\n|switch|p1a: Winton Overwat|Rillaboom, F|100\/100\n|-fieldstart|move: Grassy Terrain|[from] ability: Grassy Surge|[of] p1a: Winton Overwat\n|turn|8\n|\n|t:|1695626224\n|switch|p1b: Nom|Mawile-Mega, M|100\/100\n|move|p2a: Jirachi|Follow Me|p2a: Jirachi\n|-singleturn|p2a: Jirachi|move: Follow Me\n|move|p1a: Winton Overwat|Grassy Glide|p2a: Jirachi\n|-resisted|p2a: Jirachi\n|-damage|p2a: Jirachi|73\/100\n|move|p2b: Flutter Mane|Moonblast|p1b: Nom\n|-resisted|p1b: Nom\n|-damage|p1b: Nom|74\/100\n|\n|-heal|p2b: Flutter Mane|61\/100|[from] Grassy Terrain\n|-heal|p2a: Jirachi|79\/100|[from] Grassy Terrain\n|-heal|p1b: Nom|80\/100|[from] Grassy Terrain\n|-damage|p2a: Jirachi|67\/100|[from] Leech Seed|[of] p1b: Nom\n|-heal|p1b: Nom|97\/100|[silent]\n|upkeep\n|turn|9\n|\n|t:|1695626241\n|move|p2a: Jirachi|Follow Me|p2a: Jirachi\n|-singleturn|p2a: Jirachi|move: Follow Me\n|move|p2b: Flutter Mane|Shadow Ball|p1b: Nom\n|-damage|p1b: Nom|48\/100\n|move|p1a: Winton Overwat|Knock Off|p2a: Jirachi\n|-supereffective|p2a: Jirachi\n|-damage|p2a: Jirachi|21\/100\n|-enditem|p2a: Jirachi|Sitrus Berry|[from] move: Knock Off|[of] p1a: Winton Overwat\n|move|p1b: Nom|Iron Head|p2a: Jirachi\n|-resisted|p2a: Jirachi\n|-damage|p2a: Jirachi|0 fnt\n|faint|p2a: Jirachi\n|\n|-heal|p2b: Flutter Mane|67\/100|[from] Grassy Terrain\n|-heal|p1b: Nom|54\/100|[from] Grassy Terrain\n|upkeep\n|\n|t:|1695626247\n|switch|p2a: Iron Hands|Iron Hands, shiny, tera:Grass|39\/100\n|turn|10\n|\n|t:|1695626257\n|move|p2a: Iron Hands|Fake Out|p1a: Winton Overwat\n|-damage|p1a: Winton Overwat|82\/100\n|cant|p1a: Winton Overwat|flinch\n|move|p2b: Flutter Mane|Shadow Ball|p1b: Nom\n|-damage|p1b: Nom|9\/100\n|move|p1b: Nom|Play Rough|p2a: Iron Hands\n|-damage|p2a: Iron Hands|0 fnt\n|faint|p2a: Iron Hands\n|-end|p2a: Iron Hands|Quark Drive|[silent]\n|\n|-heal|p2b: Flutter Mane|73\/100|[from] Grassy Terrain\n|-heal|p1a: Winton Overwat|88\/100|[from] Grassy Terrain\n|-heal|p1b: Nom|15\/100|[from] Grassy Terrain\n|upkeep\n|\n|t:|1695626265\n|switch|p2a: Landorus|Landorus-Therian, M|88\/100\n|-ability|p2a: Landorus|Intimidate|boost\n|-unboost|p1a: Winton Overwat|atk|1\n|-unboost|p1b: Nom|atk|1\n|turn|11\n|\n|t:|1695626280\n|switch|p1a: No Shaymin Tryin|Shaymin-Sky|92\/100\n|switch|p1b: Woooo|Sudowoodo, M|100\/100\n|move|p2b: Flutter Mane|Shadow Ball|p1b: Woooo\n|-damage|p1b: Woooo|44\/100\n|move|p2a: Landorus|Rock Slide|p1a: No Shaymin Tryin|[spread] p1a,p1b\n|-supereffective|p1a: No Shaymin Tryin\n|-damage|p1a: No Shaymin Tryin|39\/100\n|-damage|p1b: Woooo|24\/100\n|\n|-heal|p2b: Flutter Mane|79\/100|[from] Grassy Terrain\n|-heal|p1a: No Shaymin Tryin|46\/100|[from] item: Leftovers\n|-heal|p1b: Woooo|30\/100|[from] Grassy Terrain\n|-heal|p1b: Woooo|36\/100|[from] item: Leftovers\n|upkeep\n|turn|12\n|\n|t:|1695626292\n|move|p1b: Woooo|Sucker Punch|p2b: Flutter Mane\n|-damage|p2b: Flutter Mane|40\/100\n|move|p2b: Flutter Mane|Shadow Ball|p1b: Woooo\n|-damage|p1b: Woooo|0 fnt\n|faint|p1b: Woooo\n|move|p2a: Landorus|Rock Slide|p1a: No Shaymin Tryin\n|-supereffective|p1a: No Shaymin Tryin\n|-damage|p1a: No Shaymin Tryin|0 fnt\n|faint|p1a: No Shaymin Tryin\n|\n|-heal|p2b: Flutter Mane|46\/100|[from] Grassy Terrain\n|upkeep\n|\n|t:|1695626302\n|switch|p1a: Winton Overwat|Rillaboom, F|88\/100\n|switch|p1b: Nom|Mawile-Mega, M|15\/100\n|turn|13\n|\n|t:|1695626318\n|move|p2b: Flutter Mane|Protect|p2b: Flutter Mane\n|-singleturn|p2b: Flutter Mane|Protect\n|move|p1a: Winton Overwat|Grassy Glide|p2a: Landorus\n|-damage|p2a: Landorus|47\/100\n|move|p1b: Nom|Sucker Punch||[still]\n|-fail|p1b: Nom\n|move|p2a: Landorus|Rock Slide|p1b: Nom|[spread] p1a,p1b\n|-resisted|p1b: Nom\n|-damage|p1a: Winton Overwat|63\/100\n|-damage|p1b: Nom|5\/100\n|\n|-heal|p2b: Flutter Mane|52\/100|[from] Grassy Terrain\n|-heal|p1a: Winton Overwat|69\/100|[from] Grassy Terrain\n|-heal|p1b: Nom|11\/100|[from] Grassy Terrain\n|upkeep\n|turn|14\n|\n|t:|1695626337\n|switch|p2a: Tornadus|Tornadus, M|100\/100 par\n|move|p2b: Flutter Mane|Protect||[still]\n|-fail|p2b: Flutter Mane\n|move|p1a: Winton Overwat|Grassy Glide|p2b: Flutter Mane\n|-damage|p2b: Flutter Mane|0 fnt\n|faint|p2b: Flutter Mane\n|-end|p2b: Flutter Mane|Protosynthesis|[silent]\n|move|p1b: Nom|Sucker Punch||[still]\n|-fail|p1b: Nom\n|\n|-heal|p1a: Winton Overwat|75\/100|[from] Grassy Terrain\n|-heal|p1b: Nom|17\/100|[from] Grassy Terrain\n|upkeep\n|\n|t:|1695626348\n|switch|p2b: Landorus|Landorus-Therian, M|47\/100\n|-ability|p2b: Landorus|Intimidate|boost\n|-unboost|p1a: Winton Overwat|atk|1\n|-unboost|p1b: Nom|atk|1\n|turn|15\n|\n|t:|1695626368\n|move|p1a: Winton Overwat|Grassy Glide|p2b: Landorus\n|-damage|p2b: Landorus|17\/100\n|move|p2b: Landorus|Stomping Tantrum|p1b: Nom\n|-supereffective|p1b: Nom\n|-damage|p1b: Nom|0 fnt\n|faint|p1b: Nom\n|move|p2a: Tornadus|Bleakwind Storm|p1a: Winton Overwat|[miss]\n|-miss|p2a: Tornadus|p1a: Winton Overwat\n|\n|-heal|p1a: Winton Overwat|81\/100|[from] Grassy Terrain\n|-fieldend|move: Grassy Terrain\n|upkeep\n|turn|16\n|\n|t:|1695626384\n|move|p2b: Landorus|Stomping Tantrum|p1a: Winton Overwat\n|-resisted|p1a: Winton Overwat\n|-damage|p1a: Winton Overwat|58\/100\n|move|p1a: Winton Overwat|Knock Off|p2b: Landorus\n|-damage|p2b: Landorus|0 fnt\n|-enditem|p2b: Landorus|Choice Scarf|[from] move: Knock Off|[of] p1a: Winton Overwat\n|faint|p2b: Landorus\n|move|p2a: Tornadus|Bleakwind Storm|p1a: Winton Overwat\n|-supereffective|p1a: Winton Overwat\n|-damage|p1a: Winton Overwat|0 fnt\n|faint|p1a: Winton Overwat\n|\n|win|austinerzs\n|c|\u2606Lux2821|Gg\n|c|\u2606austinerzs|gg\n|l|\u2606austinerzs\n|l|\u2606Lux2821\n|j|\u2606austinerzs\n|player|p2|austinerzs|sisandbro\n","uploadtime":1695626426,"views":9,"p1id":"lux2821","p2id":"austinerzs","formatid":"gen9nationaldexdoubles","rating":0,"private":0,"password":""}