{"id":"gen9nationaldexdoubles-1993719380","p1":"lxvliiz","p2":"El Ryuk456","format":"[Gen 9] National Dex Doubles","log":"|j|\u2606lxvliiz\n|j|\u2606El Ryuk456\n|t:|1700349205\n|gametype|doubles\n|player|p1|lxvliiz|firebreather|1237\n|player|p2|El Ryuk456|ingo|1273\n|teamsize|p1|6\n|teamsize|p2|6\n|gen|9\n|tier|[Gen 9] National Dex Doubles\n|rated|\n|rule|HP Percentage Mod: HP is shown in percentages\n|rule|Endless Battle Clause: Forcing endless battles is banned\n|rule|OHKO Clause: OHKO moves are banned\n|rule|Evasion Moves Clause: Evasion moves are banned\n|rule|Evasion Abilities Clause: Evasion abilities are banned\n|rule|Species Clause: Limit one of each Pok\u00e9mon\n|rule|Gravity Sleep Clause: The combination of sleep-inducing moves with imperfect accuracy and Gravity or Gigantamax Orbeetle are banned\n|clearpoke\n|poke|p1|Torkoal, F|\n|poke|p1|Charizard, M|\n|poke|p1|Iron Moth|\n|poke|p1|Typhlosion, F|\n|poke|p1|Heatran, M|\n|poke|p1|Blacephalon|\n|poke|p2|Shiftry, M|\n|poke|p2|Tornadus, M|\n|poke|p2|Kilowattrel, M|\n|poke|p2|Chien-Pao|\n|poke|p2|Talonflame, M|\n|poke|p2|Kingambit, M|\n|teampreview\n|\n|t:|1700349217\n|start\n|switch|p1a: cooking ong|Blacephalon|100\/100\n|switch|p1b: bonfire|Typhlosion, F|100\/100\n|switch|p2a: Tornadus|Tornadus, M|100\/100\n|switch|p2b: Kilowattrel|Kilowattrel, M|100\/100\n|turn|1\n|c|\u2606lxvliiz|hi\n|\n|t:|1700349239\n|move|p2a: Tornadus|Rain Dance|p2a: Tornadus\n|-weather|RainDance\n|move|p1a: cooking ong|Mind Blown|p2b: Kilowattrel|[spread] p2a,p2b\n|-start|p1b: bonfire|ability: Flash Fire\n|-crit|p2a: Tornadus\n|-damage|p2a: Tornadus|44\/100\n|-damage|p2b: Kilowattrel|40\/100\n|-damage|p1a: cooking ong|50\/100|[from] mindblown\n|move|p1b: bonfire|Eruption|p2a: Tornadus|[spread] p2a,p2b\n|-damage|p2a: Tornadus|0 fnt\n|-damage|p2b: Kilowattrel|0 fnt\n|faint|p2a: Tornadus\n|faint|p2b: Kilowattrel\n|\n|-weather|RainDance|[upkeep]\n|upkeep\n|\n|t:|1700349276\n|switch|p2a: Talonflame|Talonflame, M|100\/100\n|switch|p2b: Chien-Pao|Chien-Pao|100\/100\n|-ability|p2b: Chien-Pao|Sword of Ruin\n|turn|2\n|\n|t:|1700349282\n|switch|p1a: burning|Torkoal, F|100\/100\n|-weather|SunnyDay|[from] ability: Drought|[of] p1a: burning\n|move|p2a: Talonflame|Tailwind|p2a: Talonflame\n|-sidestart|p2: El Ryuk456|move: Tailwind\n|move|p2b: Chien-Pao|Sacred Sword|p1b: bonfire\n|-damage|p1b: bonfire|15\/100\n|-damage|p2b: Chien-Pao|91\/100|[from] item: Life Orb\n|move|p1b: bonfire|Eruption|p2b: Chien-Pao|[spread] p2a,p2b\n|-resisted|p2a: Talonflame\n|-supereffective|p2b: Chien-Pao\n|-damage|p2a: Talonflame|91\/100\n|-damage|p2b: Chien-Pao|36\/100\n|\n|-weather|SunnyDay|[upkeep]\n|upkeep\n|turn|3\n|\n|t:|1700349303\n|-end|p1b: bonfire|ability: Flash Fire|[silent]\n|switch|p1b: cooking ong|Blacephalon|50\/100\n|move|p2b: Chien-Pao|Ice Spinner|p1b: cooking ong\n|-resisted|p1b: cooking ong\n|-damage|p1b: cooking ong|0 fnt\n|faint|p1b: cooking ong\n|-damage|p2b: Chien-Pao|26\/100|[from] item: Life Orb\n|move|p2a: Talonflame|Heat Wave|p1a: burning\n|-resisted|p1a: burning\n|-damage|p1a: burning|73\/100\n|move|p1a: burning|Eruption|p2a: Talonflame|[spread] p2a,p2b\n|-resisted|p2a: Talonflame\n|-supereffective|p2b: Chien-Pao\n|-damage|p2a: Talonflame|54\/100\n|-damage|p2b: Chien-Pao|0 fnt\n|faint|p2b: Chien-Pao\n|\n|-weather|SunnyDay|[upkeep]\n|upkeep\n|inactive|Battle timer is ON: inactive players will automatically lose when time's up. (requested by El Ryuk456)\n|\n|t:|1700349342\n|switch|p2b: Shiftry|Shiftry, M|100\/100\n|switch|p1b: \ud83d\udd25\ud83d\udd25|Iron Moth|100\/100\n|-ability|p2b: Shiftry|Wind Rider|boost\n|-boost|p2b: Shiftry|atk|1\n|-enditem|p1b: \ud83d\udd25\ud83d\udd25|Booster Energy\n|-activate|p1b: \ud83d\udd25\ud83d\udd25|ability: Quark Drive|[fromitem]\n|-start|p1b: \ud83d\udd25\ud83d\udd25|quarkdrivespa\n|turn|4\n|\n|t:|1700349358\n|-terastallize|p2b: Shiftry|Poison\n|move|p2b: Shiftry|Fake Out|p1b: \ud83d\udd25\ud83d\udd25\n|-damage|p1b: \ud83d\udd25\ud83d\udd25|68\/100\n|move|p2a: Talonflame|Heat Wave|p1a: burning|[spread] p1a,p1b\n|-resisted|p1a: burning\n|-resisted|p1b: \ud83d\udd25\ud83d\udd25\n|-damage|p1a: burning|52\/100\n|-damage|p1b: \ud83d\udd25\ud83d\udd25|54\/100\n|cant|p1b: \ud83d\udd25\ud83d\udd25|flinch\n|move|p1a: burning|Eruption|p2b: Shiftry|[spread] p2a,p2b\n|-resisted|p2a: Talonflame\n|-damage|p2a: Talonflame|29\/100\n|-damage|p2b: Shiftry|24\/100\n|-enditem|p2a: Talonflame|Sitrus Berry|[eat]\n|-heal|p2a: Talonflame|54\/100|[from] item: Sitrus Berry\n|\n|-weather|SunnyDay|[upkeep]\n|upkeep\n|turn|5\n|\n|t:|1700349377\n|move|p2a: Talonflame|Heat Wave|p1b: \ud83d\udd25\ud83d\udd25|[spread] p1a,p1b\n|-resisted|p1a: burning\n|-resisted|p1b: \ud83d\udd25\ud83d\udd25\n|-damage|p1a: burning|32\/100\n|-damage|p1b: \ud83d\udd25\ud83d\udd25|40\/100\n|move|p2b: Shiftry|Knock Off|p1b: \ud83d\udd25\ud83d\udd25\n|-damage|p1b: \ud83d\udd25\ud83d\udd25|0 fnt\n|faint|p1b: \ud83d\udd25\ud83d\udd25\n|-end|p1b: \ud83d\udd25\ud83d\udd25|Quark Drive|[silent]\n|move|p1a: burning|Eruption|p2a: Talonflame|[spread] p2a,p2b\n|-resisted|p2a: Talonflame\n|-damage|p2a: Talonflame|38\/100\n|-damage|p2b: Shiftry|0 fnt\n|faint|p2b: Shiftry\n|\n|-weather|SunnyDay|[upkeep]\n|-sideend|p2: El Ryuk456|move: Tailwind\n|upkeep\n|\n|t:|1700349385\n|switch|p1b: bonfire|Typhlosion, F|15\/100\n|switch|p2b: Kingambit|Kingambit, M|100\/100\n|turn|6\n|\n|t:|1700349393\n|move|p2b: Kingambit|Sucker Punch|p1b: bonfire\n|-damage|p1b: bonfire|0 fnt\n|faint|p1b: bonfire\n|move|p2a: Talonflame|Heat Wave|p1a: burning\n|-resisted|p1a: burning\n|-damage|p1a: burning|5\/100\n|move|p1a: burning|Eruption|p2a: Talonflame|[spread] p2a,p2b\n|-resisted|p2a: Talonflame\n|-supereffective|p2b: Kingambit\n|-damage|p2a: Talonflame|36\/100\n|-damage|p2b: Kingambit|97\/100\n|\n|-weather|none\n|upkeep\n|\n|t:|1700349401\n|switch|p1b: hot hot hot|Heatran, M|100\/100\n|turn|7\n|\n|t:|1700349410\n|move|p2a: Talonflame|Tailwind|p2a: Talonflame\n|-sidestart|p2: El Ryuk456|move: Tailwind\n|move|p2b: Kingambit|Low Kick|p1b: hot hot hot\n|-supereffective|p1b: hot hot hot\n|-damage|p1b: hot hot hot|22\/100\n|move|p1b: hot hot hot|Lava Plume|p2b: Kingambit|[spread] p1a,p2a,p2b\n|-resisted|p1a: burning\n|-resisted|p2a: Talonflame\n|-supereffective|p2b: Kingambit\n|-damage|p1a: burning|0 fnt\n|-damage|p2a: Talonflame|14\/100\n|-damage|p2b: Kingambit|54\/100\n|faint|p1a: burning\n|\n|upkeep\n|\n|t:|1700349417\n|switch|p1a: heating up|Charizard, M|100\/100\n|turn|8\n|\n|t:|1700349426\n|detailschange|p1a: heating up|Charizard-Mega-Y, M\n|-mega|p1a: heating up|Charizard|Charizardite Y\n|-weather|SunnyDay|[from] ability: Drought|[of] p1a: heating up\n|move|p2b: Kingambit|Sucker Punch|p1a: heating up\n|-damage|p1a: heating up|62\/100\n|move|p2a: Talonflame|Heat Wave|p1b: hot hot hot|[spread] p1a\n|-start|p1b: hot hot hot|ability: Flash Fire\n|-resisted|p1a: heating up\n|-damage|p1a: heating up|49\/100\n|move|p1b: hot hot hot|Lava Plume|p2a: Talonflame|[spread] p1a,p2a,p2b\n|-resisted|p1a: heating up\n|-resisted|p2a: Talonflame\n|-supereffective|p2b: Kingambit\n|-crit|p2b: Kingambit\n|-damage|p1a: heating up|13\/100\n|-damage|p2a: Talonflame|0 fnt\n|-damage|p2b: Kingambit|0 fnt\n|faint|p2a: Talonflame\n|faint|p2b: Kingambit\n|\n|win|lxvliiz\n|raw|lxvliiz's rating: 1237 &rarr; <strong>1265<\/strong><br \/>(+28 for winning)\n|raw|El Ryuk456's rating: 1273 &rarr; <strong>1245<\/strong><br \/>(-28 for losing)\n|c|\u2606lxvliiz|gg\n|l|\u2606El Ryuk456\n","uploadtime":1700349442,"views":4,"p1id":"lxvliiz","p2id":"elryuk456","formatid":"gen9nationaldexdoubles","rating":1245,"private":0,"password":""}