{"id":"gen9nationaldexdoubles-1975938640","p1":"jongus donguss","p2":"SuZo","format":"[Gen 9] National Dex Doubles","log":"|j|\u2606jongus donguss\n|j|\u2606SuZo\n|t:|1698250736\n|gametype|doubles\n|player|p1|jongus donguss|pokemaniac|1210\n|player|p2|SuZo|lusamine-nihilego|1183\n|teamsize|p1|6\n|teamsize|p2|6\n|gen|9\n|tier|[Gen 9] National Dex Doubles\n|rated|\n|rule|HP Percentage Mod: HP is shown in percentages\n|rule|Endless Battle Clause: Forcing endless battles is banned\n|rule|OHKO Clause: OHKO moves are banned\n|rule|Evasion Moves Clause: Evasion moves are banned\n|rule|Evasion Abilities Clause: Evasion abilities are banned\n|rule|Species Clause: Limit one of each Pok\u00e9mon\n|rule|Gravity Sleep Clause: The combination of sleep-inducing moves with imperfect accuracy and Gravity or Gigantamax Orbeetle are banned\n|clearpoke\n|poke|p1|Thundurus-Therian, M|\n|poke|p1|Tornadus-Therian, M|\n|poke|p1|Enamorus-Therian, F|\n|poke|p1|Landorus-Therian, M|\n|poke|p1|Nidoking, M|\n|poke|p1|Empoleon, M|\n|poke|p2|Glimmora, M|\n|poke|p2|Ogerpon-Wellspring, F|\n|poke|p2|Chien-Pao|\n|poke|p2|Ursaluna, F|\n|poke|p2|Cresselia, F|\n|poke|p2|Flutter Mane|\n|teampreview\n|inactive|Battle timer is ON: inactive players will automatically lose when time's up. (requested by jongus donguss)\n|\n|t:|1698250743\n|start\n|switch|p1a: Landorus|Landorus-Therian, M|100\/100\n|switch|p1b: Thundurus|Thundurus-Therian, M|100\/100\n|switch|p2a: Glimmora|Glimmora, M|100\/100\n|switch|p2b: Ogerpon|Ogerpon-Wellspring, F|100\/100\n|-ability|p1a: Landorus|Intimidate|boost\n|-unboost|p2a: Glimmora|atk|1\n|-unboost|p2b: Ogerpon|atk|1\n|turn|1\n|\n|t:|1698250772\n|move|p2b: Ogerpon|Ivy Cudgel|p1a: Landorus\n|-supereffective|p1a: Landorus\n|-damage|p1a: Landorus|20\/100\n|move|p1b: Thundurus|Nasty Plot|p1b: Thundurus\n|-boost|p1b: Thundurus|spa|2\n|move|p1a: Landorus|Bulk Up|p1a: Landorus\n|-boost|p1a: Landorus|atk|1\n|-boost|p1a: Landorus|def|1\n|move|p2a: Glimmora|Power Gem|p1b: Thundurus\n|-supereffective|p1b: Thundurus\n|-damage|p1b: Thundurus|0 fnt\n|faint|p1b: Thundurus\n|\n|-heal|p1a: Landorus|26\/100|[from] item: Leftovers\n|upkeep\n|\n|t:|1698250790\n|switch|p1b: Nidoking|Nidoking, M|100\/100\n|turn|2\n|\n|t:|1698250806\n|move|p2b: Ogerpon|Ivy Cudgel|p1a: Landorus\n|-supereffective|p1a: Landorus\n|-crit|p1a: Landorus\n|-damage|p1a: Landorus|0 fnt\n|faint|p1a: Landorus\n|move|p2a: Glimmora|Earth Power|p1b: Nidoking\n|-supereffective|p1b: Nidoking\n|-damage|p1b: Nidoking|13\/100\n|move|p1b: Nidoking|Scorching Sands|p2a: Glimmora\n|-supereffective|p2a: Glimmora\n|-enditem|p2a: Glimmora|Focus Sash\n|-damage|p2a: Glimmora|1\/100\n|\n|upkeep\n|\n|t:|1698250818\n|switch|p1a: Empoleon|Empoleon, M|100\/100\n|turn|3\n|\n|t:|1698250829\n|move|p2b: Ogerpon|Ivy Cudgel|p1b: Nidoking\n|-supereffective|p1b: Nidoking\n|-damage|p1b: Nidoking|0 fnt\n|faint|p1b: Nidoking\n|move|p2a: Glimmora|Earth Power|p1a: Empoleon\n|-supereffective|p1a: Empoleon\n|-damage|p1a: Empoleon|48\/100\n|-enditem|p1a: Empoleon|Weakness Policy\n|-boost|p1a: Empoleon|atk|2|[from] item: Weakness Policy\n|-boost|p1a: Empoleon|spa|2|[from] item: Weakness Policy\n|move|p1a: Empoleon|Flash Cannon|p2a: Glimmora\n|-supereffective|p2a: Glimmora\n|-damage|p2a: Glimmora|0 fnt\n|faint|p2a: Glimmora\n|\n|upkeep\n|\n|t:|1698250842\n|switch|p2a: Chien-Pao|Chien-Pao|100\/100\n|switch|p1b: Tornadus|Tornadus-Therian, M|100\/100\n|-ability|p2a: Chien-Pao|Sword of Ruin\n|turn|4\n|\n|t:|1698250858\n|move|p2b: Ogerpon|Follow Me|p2b: Ogerpon\n|-singleturn|p2b: Ogerpon|move: Follow Me\n|move|p2a: Chien-Pao|Crunch|p1a: Empoleon\n|-damage|p1a: Empoleon|0 fnt\n|faint|p1a: Empoleon\n|move|p1b: Tornadus|Bleakwind Storm|p2a: Chien-Pao|[spread] p2a,p2b\n|-supereffective|p2b: Ogerpon\n|-damage|p2a: Chien-Pao|44\/100\n|-damage|p2b: Ogerpon|28\/100\n|\n|upkeep\n|\n|t:|1698250866\n|switch|p1a: Enamorus|Enamorus-Therian, F|100\/100\n|turn|5\n|\n|t:|1698250883\n|move|p2b: Ogerpon|Spiky Shield|p2b: Ogerpon\n|-singleturn|p2b: Ogerpon|move: Protect\n|move|p2a: Chien-Pao|Ice Spinner|p1a: Enamorus\n|-supereffective|p1a: Enamorus\n|-damage|p1a: Enamorus|7\/100\n|move|p1b: Tornadus|Bleakwind Storm|p2b: Ogerpon|[spread] p2a\n|-activate|p2b: Ogerpon|move: Protect\n|-damage|p2a: Chien-Pao|0 fnt\n|faint|p2a: Chien-Pao\n|move|p1a: Enamorus|Draining Kiss|p2b: Ogerpon\n|-activate|p2b: Ogerpon|move: Protect\n|-damage|p1a: Enamorus|0 fnt|[from] Spiky Shield|[of] p2b: Ogerpon\n|faint|p1a: Enamorus\n|\n|upkeep\n|\n|t:|1698250897\n|switch|p2a: Flutter Mane|Flutter Mane|100\/100\n|-enditem|p2a: Flutter Mane|Booster Energy\n|-activate|p2a: Flutter Mane|ability: Protosynthesis|[fromitem]\n|-start|p2a: Flutter Mane|protosynthesisspe\n|turn|6\n|\n|t:|1698250906\n|move|p2a: Flutter Mane|Shadow Ball|p1b: Tornadus\n|-damage|p1b: Tornadus|47\/100\n|move|p1b: Tornadus|Sludge Wave|p2a: Flutter Mane|[spread] p2a,p2b\n|-supereffective|p2b: Ogerpon\n|-damage|p2a: Flutter Mane|77\/100\n|-damage|p2b: Ogerpon|0 fnt\n|faint|p2b: Ogerpon\n|\n|upkeep\n|\n|t:|1698250920\n|switch|p2b: Cresselia|Cresselia, F|100\/100\n|turn|7\n|\n|t:|1698250926\n|move|p2a: Flutter Mane|Shadow Ball|p1b: Tornadus\n|-damage|p1b: Tornadus|0 fnt\n|faint|p1b: Tornadus\n|\n|win|SuZo\n|raw|jongus donguss's rating: 1210 &rarr; <strong>1183<\/strong><br \/>(-27 for losing)\n|raw|SuZo's rating: 1183 &rarr; <strong>1210<\/strong><br \/>(+27 for winning)\n|l|\u2606jongus donguss\n","uploadtime":1698251222,"views":6,"p1id":"jongusdonguss","p2id":"suzo","formatid":"gen9nationaldexdoubles","rating":1183,"private":0,"password":""}