{"id":"gen9nationaldexdoubles-1953442663","p1":"FiredChickINNN","p2":"trainerredtheog_17","format":"[Gen 9] National Dex Doubles","log":"|j|\u2606FiredChickINNN\n|j|\u2606trainerredtheog_17\n|t:|1695787614\n|gametype|doubles\n|player|p1|FiredChickINNN|2|1144\n|player|p2|trainerredtheog_17|101|1171\n|teamsize|p1|6\n|teamsize|p2|6\n|gen|9\n|tier|[Gen 9] National Dex Doubles\n|rated|\n|rule|HP Percentage Mod: HP is shown in percentages\n|rule|Endless Battle Clause: Forcing endless battles is banned\n|rule|OHKO Clause: OHKO moves are banned\n|rule|Evasion Moves Clause: Evasion moves are banned\n|rule|Evasion Abilities Clause: Evasion abilities are banned\n|rule|Species Clause: Limit one of each Pok\u00e9mon\n|rule|Gravity Sleep Clause: The combination of sleep-inducing moves with imperfect accuracy and Gravity or Gigantamax Orbeetle are banned\n|clearpoke\n|poke|p1|Raticate, M|\n|poke|p1|Sinistcha|\n|poke|p1|Dragonite, F|\n|poke|p1|Amoonguss, F|\n|poke|p1|Crawdaunt, M|\n|poke|p1|Indeedee-F, F|\n|poke|p2|Espeon, F|\n|poke|p2|Indeedee-F, F|\n|poke|p2|Ninetales, F|\n|poke|p2|Leafeon, F|\n|poke|p2|Umbreon, F|\n|poke|p2|Ursaluna-Bloodmoon, M|\n|teampreview\n|inactive|Battle timer is ON: inactive players will automatically lose when time's up. (requested by FiredChickINNN)\n|\n|t:|1695787632\n|start\n|switch|p1a: Raticate|Raticate, M|100\/100\n|switch|p1b: Amoonguss|Amoonguss, F|100\/100\n|switch|p2a: Espeon|Espeon, F|100\/100\n|switch|p2b: Indeedee|Indeedee-F, F|100\/100\n|-fieldstart|move: Psychic Terrain|[from] ability: Psychic Surge|[of] p2b: Indeedee\n|turn|1\n|\n|t:|1695787649\n|move|p2a: Espeon|Expanding Force|p1a: Raticate|[spread] p1a,p1b\n|-supereffective|p1b: Amoonguss\n|-enditem|p1a: Raticate|Focus Sash\n|-damage|p1a: Raticate|1\/100\n|-damage|p1b: Amoonguss|16\/100\n|move|p1a: Raticate|Swords Dance|p1a: Raticate\n|-boost|p1a: Raticate|atk|2\n|move|p2b: Indeedee|Expanding Force|p1b: Amoonguss|[spread] p1a,p1b\n|-supereffective|p1b: Amoonguss\n|-damage|p1a: Raticate|0 fnt\n|-damage|p1b: Amoonguss|0 fnt\n|faint|p1a: Raticate\n|faint|p1b: Amoonguss\n|\n|upkeep\n|\n|t:|1695787659\n|switch|p1a: Crawdaunt|Crawdaunt, M|100\/100\n|switch|p1b: Sinistcha|Sinistcha|100\/100\n|turn|2\n|\n|t:|1695787676\n|-terastallize|p2a: Espeon|Fairy\n|move|p2a: Espeon|Calm Mind|p2a: Espeon\n|-boost|p2a: Espeon|spa|1\n|-boost|p2a: Espeon|spd|1\n|move|p2b: Indeedee|Expanding Force|p1a: Crawdaunt|[spread] p1b\n|-immune|p1a: Crawdaunt\n|-damage|p1b: Sinistcha|46\/100\n|move|p1b: Sinistcha|Matcha Gotcha|p2b: Indeedee|[spread] p2a,p2b\n|-damage|p2a: Espeon|77\/100\n|-heal|p1b: Sinistcha|56\/100|[from] drain|[of] p2a: Espeon\n|-damage|p2b: Indeedee|75\/100\n|-heal|p1b: Sinistcha|68\/100|[from] drain|[of] p2b: Indeedee\n|move|p1a: Crawdaunt|Knock Off|p2a: Espeon\n|-resisted|p2a: Espeon\n|-damage|p2a: Espeon|0 fnt\n|-enditem|p2a: Espeon|Focus Sash|[from] move: Knock Off|[of] p1a: Crawdaunt\n|faint|p2a: Espeon\n|-damage|p1a: Crawdaunt|90\/100|[from] item: Life Orb\n|\n|upkeep\n|inactive|trainerredtheog_17 has 120 seconds left.\n|\n|t:|1695787696\n|switch|p2a: Ursaluna|Ursaluna-Bloodmoon, M|100\/100\n|turn|3\n|\n|t:|1695787708\n|move|p1b: Sinistcha|Matcha Gotcha|p2b: Indeedee|[spread] p2a,p2b\n|-supereffective|p2a: Ursaluna\n|-crit|p2a: Ursaluna\n|-damage|p2a: Ursaluna|51\/100\n|-heal|p1b: Sinistcha|99\/100|[from] drain|[of] p2a: Ursaluna\n|-damage|p2b: Indeedee|50\/100\n|-heal|p1b: Sinistcha|100\/100|[from] drain|[of] p2b: Indeedee\n|move|p1a: Crawdaunt|Crabhammer|p2a: Ursaluna\n|-supereffective|p2a: Ursaluna\n|-damage|p2a: Ursaluna|0 fnt\n|faint|p2a: Ursaluna\n|-damage|p1a: Crawdaunt|80\/100|[from] item: Life Orb\n|move|p2b: Indeedee|Trick Room|p2b: Indeedee\n|-fieldstart|move: Trick Room|[of] p2b: Indeedee\n|\n|upkeep\n|\n|t:|1695787725\n|switch|p2a: Leafeon|Leafeon, F|100\/100\n|turn|4\n|\n|t:|1695787742\n|switch|p1a: Dragonite|Dragonite, F|100\/100\n|move|p1b: Sinistcha|Matcha Gotcha|p2a: Leafeon|[spread] p2a,p2b\n|-resisted|p2a: Leafeon\n|-damage|p2a: Leafeon|84\/100\n|-damage|p2b: Indeedee|27\/100\n|move|p2b: Indeedee|Expanding Force|p1b: Sinistcha|[spread] p1a,p1b\n|-damage|p1a: Dragonite|75\/100\n|-damage|p1b: Sinistcha|44\/100\n|move|p2a: Leafeon|X-Scissor|p1a: Dragonite\n|-resisted|p1a: Dragonite\n|-damage|p1a: Dragonite|62\/100\n|\n|upkeep\n|turn|5\n|\n|t:|1695787762\n|move|p1b: Sinistcha|Matcha Gotcha|p2a: Leafeon|[spread] p2a,p2b\n|-resisted|p2a: Leafeon\n|-damage|p2a: Leafeon|67\/100\n|-heal|p1b: Sinistcha|52\/100|[from] drain|[of] p2a: Leafeon\n|-damage|p2b: Indeedee|3\/100\n|-heal|p1b: Sinistcha|64\/100|[from] drain|[of] p2b: Indeedee\n|move|p2b: Indeedee|Expanding Force|p1b: Sinistcha|[spread] p1a,p1b\n|-damage|p1a: Dragonite|11\/100\n|-damage|p1b: Sinistcha|10\/100\n|-enditem|p1a: Dragonite|Sitrus Berry|[eat]\n|-heal|p1a: Dragonite|36\/100|[from] item: Sitrus Berry\n|move|p2a: Leafeon|Knock Off|p1b: Sinistcha\n|-supereffective|p1b: Sinistcha\n|-damage|p1b: Sinistcha|0 fnt\n|-enditem|p1b: Sinistcha|Mental Herb|[from] move: Knock Off|[of] p2a: Leafeon\n|faint|p1b: Sinistcha\n|move|p1a: Dragonite|Outrage|p2a: Leafeon\n|-damage|p2a: Leafeon|8\/100\n|-enditem|p2a: Leafeon|Iapapa Berry|[eat]\n|-heal|p2a: Leafeon|42\/100|[from] item: Iapapa Berry\n|\n|-fieldend|move: Psychic Terrain\n|upkeep\n|inactive|FiredChickINNN has 120 seconds left.\n|\n|t:|1695787784\n|switch|p1b: Indeedee|Indeedee-F, F|100\/100\n|turn|6\n|\n|t:|1695787801\n|move|p1b: Indeedee|Fake Out|p2b: Indeedee\n|-damage|p2b: Indeedee|0 fnt\n|faint|p2b: Indeedee\n|move|p2a: Leafeon|X-Scissor|p1b: Indeedee\n|-supereffective|p1b: Indeedee\n|-damage|p1b: Indeedee|28\/100\n|move|p1a: Dragonite|Outrage|p2a: Leafeon|[from]lockedmove\n|-damage|p2a: Leafeon|0 fnt\n|faint|p2a: Leafeon\n|\n|upkeep\n|\n|t:|1695787814\n|switch|p2b: Umbreon|Umbreon, F|100\/100\n|switch|p2a: Ninetales|Ninetales, F|100\/100\n|-weather|SunnyDay|[from] ability: Drought|[of] p2a: Ninetales\n|turn|7\n|\n|t:|1695787824\n|move|p2b: Umbreon|Calm Mind|p2b: Umbreon\n|-boost|p2b: Umbreon|spa|1\n|-boost|p2b: Umbreon|spd|1\n|move|p1a: Dragonite|Outrage|p2a: Ninetales|[from]lockedmove\n|-damage|p2a: Ninetales|0 fnt\n|faint|p2a: Ninetales\n|-start|p1a: Dragonite|confusion|[fatigue]\n|move|p1b: Indeedee|Healing Wish|p1b: Indeedee\n|faint|p1b: Indeedee\n|\n|-weather|SunnyDay|[upkeep]\n|-fieldend|move: Trick Room\n|upkeep\n|\n|t:|1695787833\n|switch|p1b: Crawdaunt|Crawdaunt, M|80\/100\n|-heal|p1b: Crawdaunt|100\/100|[from] move: Healing Wish\n|turn|8\n|\n|t:|1695787841\n|-activate|p1a: Dragonite|confusion\n|move|p1a: Dragonite|Outrage|p2b: Umbreon\n|-damage|p2b: Umbreon|53\/100\n|move|p2b: Umbreon|Calm Mind|p2b: Umbreon\n|-boost|p2b: Umbreon|spa|1\n|-boost|p2b: Umbreon|spd|1\n|move|p1b: Crawdaunt|Swords Dance|p1b: Crawdaunt\n|-boost|p1b: Crawdaunt|atk|2\n|\n|-weather|SunnyDay|[upkeep]\n|-heal|p2b: Umbreon|59\/100|[from] item: Leftovers\n|upkeep\n|turn|9\n|\n|t:|1695787856\n|-activate|p1a: Dragonite|confusion\n|move|p1a: Dragonite|Outrage|p2b: Umbreon|[from]lockedmove\n|-damage|p2b: Umbreon|11\/100\n|move|p2b: Umbreon|Dark Pulse|p1b: Crawdaunt\n|-resisted|p1b: Crawdaunt\n|-damage|p1b: Crawdaunt|70\/100\n|move|p1b: Crawdaunt|Crabhammer|p2b: Umbreon|[miss]\n|-miss|p1b: Crawdaunt|p2b: Umbreon\n|\n|-weather|SunnyDay|[upkeep]\n|-heal|p2b: Umbreon|17\/100|[from] item: Leftovers\n|upkeep\n|turn|10\n|\n|t:|1695787870\n|move|p1b: Crawdaunt|Aqua Jet|p2b: Umbreon\n|-damage|p2b: Umbreon|0 fnt\n|faint|p2b: Umbreon\n|-damage|p1b: Crawdaunt|60\/100|[from] item: Life Orb\n|\n|win|FiredChickINNN\n|raw|FiredChickINNN's rating: 1144 &rarr; <strong>1171<\/strong><br \/>(+27 for winning)\n|raw|trainerredtheog_17's rating: 1171 &rarr; <strong>1144<\/strong><br \/>(-27 for losing)\n","uploadtime":1695787882,"views":11,"p1id":"firedchickinnn","p2id":"trainerredtheog17","formatid":"gen9nationaldexdoubles","rating":1144,"private":0,"password":""}