{"id":"gen9nationaldexdoubles-1958112808","p1":"Mokaccino321","p2":"R2_Woodsy","format":"[Gen 9] National Dex Doubles","log":"|j|\u2606Mokaccino321\n|j|\u2606R2_Woodsy\n|t:|1696289107\n|gametype|doubles\n|player|p1|Mokaccino321|102|\n|player|p2|R2_Woodsy|clerk|\n|teamsize|p1|6\n|teamsize|p2|6\n|gen|9\n|tier|[Gen 9] National Dex Doubles\n|rule|HP Percentage Mod: HP is shown in percentages\n|rule|Endless Battle Clause: Forcing endless battles is banned\n|rule|OHKO Clause: OHKO moves are banned\n|rule|Evasion Moves Clause: Evasion moves are banned\n|rule|Evasion Abilities Clause: Evasion abilities are banned\n|rule|Species Clause: Limit one of each Pok\u00e9mon\n|rule|Gravity Sleep Clause: The combination of sleep-inducing moves with imperfect accuracy and Gravity or Gigantamax Orbeetle are banned\n|clearpoke\n|poke|p1|Cradily, M|\n|poke|p1|Aerodactyl, F|\n|poke|p1|Arcanine-Hisui, F|\n|poke|p1|Nihilego|\n|poke|p1|Tyranitar, F|\n|poke|p1|Aggron, M|\n|poke|p2|Hatterene, F|\n|poke|p2|Torkoal, M|\n|poke|p2|Mimikyu, F|\n|poke|p2|Basculegion, M|\n|poke|p2|Magnezone|\n|poke|p2|Ursaluna, F|\n|teampreview\n|\n|t:|1696289130\n|start\n|switch|p1a: Aerodactyl|Aerodactyl, F|100\/100\n|switch|p1b: Arcanine|Arcanine-Hisui, F|100\/100\n|switch|p2a: Hatterene|Hatterene, F|100\/100\n|switch|p2b: Torkoal|Torkoal, M|100\/100\n|-ability|p1a: Aerodactyl|Unnerve\n|-weather|SunnyDay|[from] ability: Drought|[of] p2b: Torkoal\n|turn|1\n|\n|t:|1696289142\n|move|p2b: Torkoal|Protect|p2b: Torkoal\n|-singleturn|p2b: Torkoal|Protect\n|move|p1a: Aerodactyl|Wide Guard|p1a: Aerodactyl\n|-singleturn|p1a: Aerodactyl|Wide Guard\n|move|p1b: Arcanine|Flare Blitz|p2a: Hatterene\n|-damage|p2a: Hatterene|0 fnt\n|faint|p2a: Hatterene\n|\n|-weather|SunnyDay|[upkeep]\n|upkeep\n|\n|t:|1696289150\n|switch|p2a: Mimikyu|Mimikyu, F|100\/100\n|turn|2\n|\n|t:|1696289159\n|switch|p1b: Tyranitar|Tyranitar, F|100\/100\n|-weather|Sandstorm|[from] ability: Sand Stream|[of] p1b: Tyranitar\n|move|p1a: Aerodactyl|Sky Drop||[still]\n|-prepare|p1a: Aerodactyl|Sky Drop|p2a: Mimikyu\n|move|p2b: Torkoal|Heat Wave|p1b: Tyranitar|[spread] \n|-miss|p2b: Torkoal|p1a: Aerodactyl\n|-miss|p2b: Torkoal|p1b: Tyranitar\n|\n|-weather|Sandstorm|[upkeep]\n|-damage|p2b: Torkoal|94\/100|[from] Sandstorm\n|upkeep\n|turn|3\n|\n|t:|1696289188\n|switch|p2b: Magnezone|Magnezone|100\/100\n|-item|p2b: Magnezone|Air Balloon\n|move|p1a: Aerodactyl|Sky Drop|p2a: Mimikyu|[from]lockedmove\n|-activate|p2a: Mimikyu|ability: Disguise\n|-damage|p2a: Mimikyu|100\/100\n|-end|p2a: Mimikyu|Sky Drop\n|detailschange|p2a: Mimikyu|Mimikyu-Busted, F\n|-damage|p2a: Mimikyu|88\/100|[from] pokemon: Mimikyu-Busted\n|move|p2a: Mimikyu|Play Rough|p1b: Tyranitar\n|-supereffective|p1b: Tyranitar\n|-damage|p1b: Tyranitar|25\/100\n|move|p1b: Tyranitar|Rock Slide|p2b: Magnezone|[spread] p2b\n|-miss|p1b: Tyranitar|p2a: Mimikyu\n|-resisted|p2b: Magnezone\n|-damage|p2b: Magnezone|77\/100\n|-enditem|p2b: Magnezone|Air Balloon\n|-damage|p1b: Tyranitar|15\/100|[from] item: Life Orb\n|\n|-weather|Sandstorm|[upkeep]\n|upkeep\n|turn|4\n|\n|t:|1696289222\n|move|p1a: Aerodactyl|Tailwind|p1a: Aerodactyl\n|-sidestart|p1: Mokaccino321|move: Tailwind\n|move|p1b: Tyranitar|Crunch|p2a: Mimikyu\n|-damage|p2a: Mimikyu|14\/100\n|-damage|p1b: Tyranitar|5\/100|[from] item: Life Orb\n|move|p2b: Magnezone|Volt Switch|p1a: Aerodactyl\n|-supereffective|p1a: Aerodactyl\n|-damage|p1a: Aerodactyl|44\/100\n|\n|t:|1696289235\n|switch|p2b: Torkoal|Torkoal, M|94\/100|[from] Volt Switch\n|-weather|SunnyDay|[from] ability: Drought|[of] p2b: Torkoal\n|move|p2a: Mimikyu|Trick Room|p2a: Mimikyu\n|-fieldstart|move: Trick Room|[of] p2a: Mimikyu\n|\n|-weather|SunnyDay|[upkeep]\n|upkeep\n|turn|5\n|\n|t:|1696289247\n|-terastallize|p2b: Torkoal|Fire\n|move|p1a: Aerodactyl|Wide Guard|p1a: Aerodactyl\n|-singleturn|p1a: Aerodactyl|Wide Guard\n|move|p2b: Torkoal|Eruption|p1a: Aerodactyl|[spread] \n|-activate|p1a: Aerodactyl|move: Wide Guard\n|-activate|p1b: Tyranitar|move: Wide Guard\n|move|p2a: Mimikyu|Play Rough|p1b: Tyranitar\n|-supereffective|p1b: Tyranitar\n|-damage|p1b: Tyranitar|0 fnt\n|faint|p1b: Tyranitar\n|\n|-weather|SunnyDay|[upkeep]\n|upkeep\n|c|\u2606Mokaccino321|no  tera allowed btw\n|c|\u2606R2_Woodsy|FFFFFF\n|\n|t:|1696289262\n|switch|p1b: Cradily|Cradily, M|100\/100\n|turn|6\n|c|\u2606R2_Woodsy|i clicked it out of habit\n|\n|t:|1696289286\n|switch|p2b: Basculegion|Basculegion, M|100\/100\n|move|p1a: Aerodactyl|Wide Guard|p1a: Aerodactyl\n|-singleturn|p1a: Aerodactyl|Wide Guard\n|move|p2a: Mimikyu|Shadow Claw|p1a: Aerodactyl\n|-damage|p1a: Aerodactyl|1\/100\n|move|p1b: Cradily|Meteor Beam||[still]\n|-prepare|p1b: Cradily|Meteor Beam\n|-boost|p1b: Cradily|spa|1\n|-enditem|p1b: Cradily|Power Herb\n|-anim|p1b: Cradily|Meteor Beam|p2b: Basculegion\n|-damage|p2b: Basculegion|48\/100\n|\n|-weather|SunnyDay|[upkeep]\n|upkeep\n|turn|7\n|\n|t:|1696289310\n|switch|p1a: Arcanine|Arcanine-Hisui, F|100\/100\n|move|p2a: Mimikyu|Shadow Sneak|p1a: Arcanine\n|-damage|p1a: Arcanine|79\/100\n|move|p2b: Basculegion|Phantom Force||[still]\n|-prepare|p2b: Basculegion|Phantom Force\n|move|p1b: Cradily|Giga Drain|p2b: Basculegion|[miss]\n|-miss|p1b: Cradily|p2b: Basculegion\n|\n|-weather|SunnyDay|[upkeep]\n|-sideend|p1: Mokaccino321|move: Tailwind\n|upkeep\n|turn|8\n|\n|t:|1696289355\n|switch|p1a: Aerodactyl|Aerodactyl, F|1\/100\n|-ability|p1a: Aerodactyl|Unnerve\n|move|p1b: Cradily|Giga Drain|p2a: Mimikyu\n|-damage|p2a: Mimikyu|0 fnt\n|faint|p2a: Mimikyu\n|move|p2b: Basculegion|Phantom Force|p1a: Aerodactyl|[from]lockedmove\n|-damage|p1a: Aerodactyl|0 fnt\n|faint|p1a: Aerodactyl\n|\n|-weather|none\n|-fieldend|move: Trick Room\n|upkeep\n|\n|t:|1696289372\n|switch|p1a: Arcanine|Arcanine-Hisui, F|79\/100\n|switch|p2a: Ursaluna|Ursaluna, F|100\/100\n|turn|9\n|\n|t:|1696289386\n|move|p2b: Basculegion|Aqua Jet|p1b: Cradily\n|-activate|p1b: Cradily|ability: Storm Drain\n|-ability|p1b: Cradily|Storm Drain|boost\n|-boost|p1b: Cradily|spa|1\n|move|p1a: Arcanine|Flare Blitz|p2a: Ursaluna\n|-damage|p2a: Ursaluna|45\/100\n|move|p2a: Ursaluna|Headlong Rush|p1a: Arcanine\n|-supereffective|p1a: Arcanine\n|-damage|p1a: Arcanine|0 fnt\n|-unboost|p2a: Ursaluna|def|1\n|-unboost|p2a: Ursaluna|spd|1\n|faint|p1a: Arcanine\n|move|p1b: Cradily|Giga Drain|p2a: Ursaluna\n|-supereffective|p2a: Ursaluna\n|-damage|p2a: Ursaluna|0 fnt\n|faint|p2a: Ursaluna\n|\n|upkeep\n|\n|t:|1696289404\n|switch|p1a: Nihilego|Nihilego|100\/100\n|switch|p2a: Torkoal|Torkoal, M, tera:Fire|94\/100\n|-weather|SunnyDay|[from] ability: Drought|[of] p2a: Torkoal\n|turn|10\n|c|\u2606R2_Woodsy|fyi im forfeit because of the tera, i just wanna play it out\n|c|\u2606Mokaccino321|oki c:\n|\n|t:|1696289433\n|-zpower|p1a: Nihilego\n|move|p1a: Nihilego|Continental Crush|p2a: Torkoal|[zeffect]\n|-supereffective|p2a: Torkoal\n|-damage|p2a: Torkoal|0 fnt\n|faint|p2a: Torkoal\n|-ability|p1a: Nihilego|Beast Boost|boost\n|-boost|p1a: Nihilego|spa|1\n|move|p2b: Basculegion|Waterfall|p1b: Cradily\n|-activate|p1b: Cradily|ability: Storm Drain\n|-ability|p1b: Cradily|Storm Drain|boost\n|-boost|p1b: Cradily|spa|1\n|move|p1b: Cradily|Giga Drain|p2b: Basculegion\n|-supereffective|p2b: Basculegion\n|-crit|p2b: Basculegion\n|-damage|p2b: Basculegion|0 fnt\n|faint|p2b: Basculegion\n|\n|-weather|SunnyDay|[upkeep]\n|upkeep\n|\n|t:|1696289452\n|switch|p2b: Magnezone|Magnezone|77\/100\n|turn|11\n|\n|t:|1696289459\n|move|p1a: Nihilego|Protect|p1a: Nihilego\n|-singleturn|p1a: Nihilego|Protect\n|move|p2b: Magnezone|Flash Cannon|p1b: Cradily\n|-supereffective|p1b: Cradily\n|-damage|p1b: Cradily|49\/100\n|move|p1b: Cradily|Earth Power|p2b: Magnezone\n|-supereffective|p2b: Magnezone\n|-damage|p2b: Magnezone|0 fnt\n|faint|p2b: Magnezone\n|\n|win|Mokaccino321\n|c|\u2606R2_Woodsy|was fun gg\n|c|\u2606Mokaccino321|gg :3\n|l|\u2606R2_Woodsy\n","uploadtime":1696289485,"views":19,"p1id":"mokaccino321","p2id":"r2woodsy","formatid":"gen9nationaldexdoubles","rating":0,"private":0,"password":""}