{"id":"gen9nationaldexdoubles-1976328887","p1":"BugCatcherJameson","p2":"JKogut","format":"[Gen 9] National Dex Doubles","log":"|j|\u2606BugCatcherJameson\n|j|\u2606JKogut\n|t:|1698287260\n|gametype|doubles\n|player|p1|BugCatcherJameson|bugsy|\n|player|p2|JKogut|workerice|\n|teamsize|p1|6\n|teamsize|p2|6\n|gen|9\n|tier|[Gen 9] National Dex Doubles\n|rule|HP Percentage Mod: HP is shown in percentages\n|rule|Endless Battle Clause: Forcing endless battles is banned\n|rule|OHKO Clause: OHKO moves are banned\n|rule|Evasion Moves Clause: Evasion moves are banned\n|rule|Evasion Abilities Clause: Evasion abilities are banned\n|rule|Species Clause: Limit one of each Pok\u00e9mon\n|rule|Gravity Sleep Clause: The combination of sleep-inducing moves with imperfect accuracy and Gravity or Gigantamax Orbeetle are banned\n|clearpoke\n|poke|p1|Volcarona, F|\n|poke|p1|Oricorio-Pom-Pom, M|\n|poke|p1|Bellossom, F|\n|poke|p1|Quaquaval, M|\n|poke|p1|Maushold-Four|\n|poke|p1|Kommo-o, M|\n|poke|p2|Lickilicky, F|\n|poke|p2|Skeledirge, F|\n|poke|p2|Kommo-o, F|\n|poke|p2|Kilowattrel, F|\n|poke|p2|Cresselia, F|\n|poke|p2|Grimmsnarl, M|\n|teampreview\n|inactive|Battle timer is ON: inactive players will automatically lose when time's up. (requested by BugCatcherJameson)\n|inactiveoff|Battle timer is now OFF.\n|j| ChronoTrigonometry\n|\n|t:|1698287326\n|start\n|switch|p1a: Carnival|Quaquaval, M|100\/100\n|switch|p1b: Takes 2 to Tango|Maushold-Four|100\/100\n|switch|p2a: Curvy Barbie|Lickilicky, F|100\/100\n|switch|p2b: \"The Birds\" Barbie|Kilowattrel, F, shiny|100\/100\n|-ability|p2a: Curvy Barbie|Cloud Nine\n|turn|1\n|\n|t:|1698287361\n|-terastallize|p2a: Curvy Barbie|Ground\n|move|p2a: Curvy Barbie|Helping Hand|p2b: \"The Birds\" Barbie\n|-singleturn|p2b: \"The Birds\" Barbie|Helping Hand|[of] p2a: Curvy Barbie\n|move|p2b: \"The Birds\" Barbie|Discharge|p1a: Carnival|[spread] p1a,p1b\n|-immune|p2a: Curvy Barbie\n|-supereffective|p1a: Carnival\n|-damage|p1a: Carnival|19\/100\n|-damage|p1b: Takes 2 to Tango|44\/100\n|-status|p1b: Takes 2 to Tango|par\n|move|p1a: Carnival|Ice Spinner|p2b: \"The Birds\" Barbie\n|-supereffective|p2b: \"The Birds\" Barbie\n|-damage|p2b: \"The Birds\" Barbie|0 fnt\n|faint|p2b: \"The Birds\" Barbie\n|-ability|p1a: Carnival|Moxie|boost\n|-boost|p1a: Carnival|atk|1\n|cant|p1b: Takes 2 to Tango|par\n|\n|upkeep\n|j| AustralianJesus\n|\n|t:|1698287394\n|switch|p2b: Moon God Barbie|Cresselia, F|100\/100\n|turn|2\n|\n|t:|1698287416\n|-terastallize|p1b: Takes 2 to Tango|Normal\n|move|p1a: Carnival|Aqua Step|p2a: Curvy Barbie\n|-supereffective|p2a: Curvy Barbie\n|-damage|p2a: Curvy Barbie|14\/100\n|-boost|p1a: Carnival|spe|1\n|-damage|p1a: Carnival|3\/100|[from] item: Rocky Helmet|[of] p2a: Curvy Barbie\n|move|p2b: Moon God Barbie|Dazzling Gleam|p1b: Takes 2 to Tango|[spread] p1a,p1b\n|-supereffective|p1a: Carnival\n|-damage|p1a: Carnival|0 fnt\n|-damage|p1b: Takes 2 to Tango|27\/100 par\n|faint|p1a: Carnival\n|cant|p1b: Takes 2 to Tango|par\n|move|p2a: Curvy Barbie|Dragon Tail|p1b: Takes 2 to Tango\n|-damage|p1b: Takes 2 to Tango|8\/100 par\n|drag|p1b: My Bologna|Volcarona, F|100\/100\n|\n|upkeep\n|\n|t:|1698287437\n|switch|p1a: \u30c1\u30a2\u30ea\u30fc\u30c0\u30fc|Oricorio-Pom-Pom, M|100\/100\n|turn|3\n|\n|t:|1698287465\n|switch|p2a: Alopecia Barbie|Skeledirge, F, shiny|100\/100\n|move|p1b: My Bologna|Fiery Dance|p2b: Moon God Barbie\n|-damage|p2b: Moon God Barbie|75\/100\n|-activate|p1a: \u30c1\u30a2\u30ea\u30fc\u30c0\u30fc|ability: Dancer\n|move|p1a: \u30c1\u30a2\u30ea\u30fc\u30c0\u30fc|Fiery Dance|p2b: Moon God Barbie|[from]ability: Dancer\n|-damage|p2b: Moon God Barbie|60\/100\n|move|p1a: \u30c1\u30a2\u30ea\u30fc\u30c0\u30fc|Air Cutter|p2b: Moon God Barbie|[spread] p2a,p2b\n|-damage|p2a: Alopecia Barbie|83\/100\n|-damage|p2b: Moon God Barbie|48\/100\n|move|p2b: Moon God Barbie|Trick Room|p2b: Moon God Barbie\n|-fieldstart|move: Trick Room|[of] p2b: Moon God Barbie\n|\n|-heal|p2a: Alopecia Barbie|89\/100|[from] item: Leftovers\n|upkeep\n|turn|4\n|\n|t:|1698287485\n|move|p2a: Alopecia Barbie|Torch Song|p1b: My Bologna\n|-damage|p1b: My Bologna|68\/100\n|-boost|p2a: Alopecia Barbie|spa|1\n|-enditem|p1a: \u30c1\u30a2\u30ea\u30fc\u30c0\u30fc|Mirror Herb\n|-boost|p1a: \u30c1\u30a2\u30ea\u30fc\u30c0\u30fc|spa|1|[from] item: Mirror Herb\n|move|p2b: Moon God Barbie|Lunar Blessing|p2b: Moon God Barbie|[spread] p2a,p2b\n|-heal|p2a: Alopecia Barbie|100\/100\n|-heal|p2b: Moon God Barbie|73\/100\n|move|p1a: \u30c1\u30a2\u30ea\u30fc\u30c0\u30fc|Air Cutter|p2b: Moon God Barbie|[spread] p2a,p2b\n|-damage|p2a: Alopecia Barbie|84\/100\n|-damage|p2b: Moon God Barbie|54\/100\n|move|p1b: My Bologna|Fiery Dance|p2b: Moon God Barbie\n|-damage|p2b: Moon God Barbie|30\/100\n|-activate|p1a: \u30c1\u30a2\u30ea\u30fc\u30c0\u30fc|ability: Dancer\n|move|p1a: \u30c1\u30a2\u30ea\u30fc\u30c0\u30fc|Fiery Dance|p2b: Moon God Barbie|[from]ability: Dancer\n|-damage|p2b: Moon God Barbie|9\/100\n|\n|-heal|p2a: Alopecia Barbie|90\/100|[from] item: Leftovers\n|-heal|p1b: My Bologna|74\/100|[from] item: Leftovers\n|upkeep\n|turn|5\n|\n|t:|1698287536\n|switch|p2b: Curvy Barbie|Lickilicky, F, tera:Ground|14\/100\n|-ability|p2b: Curvy Barbie|Cloud Nine\n|move|p2a: Alopecia Barbie|Torch Song|p1b: My Bologna\n|-damage|p1b: My Bologna|23\/100\n|-boost|p2a: Alopecia Barbie|spa|1\n|move|p1a: \u30c1\u30a2\u30ea\u30fc\u30c0\u30fc|Revelation Dance|p2a: Alopecia Barbie\n|-damage|p2a: Alopecia Barbie|55\/100\n|move|p1b: My Bologna|Fiery Dance|p2b: Curvy Barbie\n|-damage|p2b: Curvy Barbie|0 fnt\n|faint|p2b: Curvy Barbie\n|-activate|p1a: \u30c1\u30a2\u30ea\u30fc\u30c0\u30fc|ability: Dancer\n|move|p1a: \u30c1\u30a2\u30ea\u30fc\u30c0\u30fc|Fiery Dance|p2a: Alopecia Barbie|[from]ability: Dancer\n|-resisted|p2a: Alopecia Barbie\n|-damage|p2a: Alopecia Barbie|45\/100\n|\n|-heal|p2a: Alopecia Barbie|51\/100|[from] item: Leftovers\n|-heal|p1b: My Bologna|29\/100|[from] item: Leftovers\n|upkeep\n|\n|t:|1698287559\n|switch|p2b: Groovy Barbie|Grimmsnarl, M, shiny|100\/100\n|turn|6\n|\n|t:|1698287575\n|move|p2b: Groovy Barbie|Light Screen|p2b: Groovy Barbie\n|-sidestart|p2: JKogut|move: Light Screen\n|move|p2a: Alopecia Barbie|Torch Song|p1b: My Bologna\n|-damage|p1b: My Bologna|0 fnt\n|-boost|p2a: Alopecia Barbie|spa|1\n|faint|p1b: My Bologna\n|move|p1a: \u30c1\u30a2\u30ea\u30fc\u30c0\u30fc|Revelation Dance|p2a: Alopecia Barbie\n|-crit|p2a: Alopecia Barbie\n|-damage|p2a: Alopecia Barbie|0 fnt\n|faint|p2a: Alopecia Barbie\n|\n|upkeep\n|\n|t:|1698287603\n|switch|p2a: Moon God Barbie|Cresselia, F|9\/100\n|switch|p1b: Hula|Bellossom, F, shiny|100\/100\n|turn|7\n|\n|t:|1698287632\n|move|p1b: Hula|Petal Dance|p2a: Moon God Barbie\n|-damage|p2a: Moon God Barbie|0 fnt\n|faint|p2a: Moon God Barbie\n|-activate|p1a: \u30c1\u30a2\u30ea\u30fc\u30c0\u30fc|ability: Dancer\n|move|p1a: \u30c1\u30a2\u30ea\u30fc\u30c0\u30fc|Petal Dance|p2b: Groovy Barbie|[from]ability: Dancer\n|-damage|p2b: Groovy Barbie|66\/100\n|move|p2b: Groovy Barbie|Spirit Break|p1a: \u30c1\u30a2\u30ea\u30fc\u30c0\u30fc\n|-damage|p1a: \u30c1\u30a2\u30ea\u30fc\u30c0\u30fc|68\/100\n|-unboost|p1a: \u30c1\u30a2\u30ea\u30fc\u30c0\u30fc|spa|1\n|move|p1a: \u30c1\u30a2\u30ea\u30fc\u30c0\u30fc|Revelation Dance|p2b: Groovy Barbie\n|-damage|p2b: Groovy Barbie|40\/100\n|\n|-fieldend|move: Trick Room\n|upkeep\n|\n|t:|1698287648\n|switch|p2a: Pop Star Barbie|Kommo-o, F, shiny|100\/100\n|turn|8\n|\n|t:|1698287690\n|move|p1a: \u30c1\u30a2\u30ea\u30fc\u30c0\u30fc|Protect|p1a: \u30c1\u30a2\u30ea\u30fc\u30c0\u30fc\n|-singleturn|p1a: \u30c1\u30a2\u30ea\u30fc\u30c0\u30fc|Protect\n|move|p2a: Pop Star Barbie|Iron Head|p1b: Hula\n|-damage|p1b: Hula|80\/100\n|move|p2b: Groovy Barbie|Spirit Break|p1a: \u30c1\u30a2\u30ea\u30fc\u30c0\u30fc\n|-activate|p1a: \u30c1\u30a2\u30ea\u30fc\u30c0\u30fc|move: Protect\n|move|p1b: Hula|Petal Dance|p2a: Pop Star Barbie|[from]lockedmove\n|-resisted|p2a: Pop Star Barbie\n|-damage|p2a: Pop Star Barbie|93\/100\n|-start|p1b: Hula|confusion|[fatigue]\n|-activate|p1a: \u30c1\u30a2\u30ea\u30fc\u30c0\u30fc|ability: Dancer\n|move|p1a: \u30c1\u30a2\u30ea\u30fc\u30c0\u30fc|Petal Dance|p2b: Groovy Barbie|[from]ability: Dancer\n|-damage|p2b: Groovy Barbie|18\/100\n|-enditem|p1b: Hula|Lum Berry|[eat]\n|-end|p1b: Hula|confusion\n|\n|upkeep\n|turn|9\n|\n|t:|1698287718\n|move|p1a: \u30c1\u30a2\u30ea\u30fc\u30c0\u30fc|Roost|p1a: \u30c1\u30a2\u30ea\u30fc\u30c0\u30fc\n|-heal|p1a: \u30c1\u30a2\u30ea\u30fc\u30c0\u30fc|100\/100\n|-singleturn|p1a: \u30c1\u30a2\u30ea\u30fc\u30c0\u30fc|move: Roost\n|move|p2a: Pop Star Barbie|Iron Head|p1a: \u30c1\u30a2\u30ea\u30fc\u30c0\u30fc\n|-resisted|p1a: \u30c1\u30a2\u30ea\u30fc\u30c0\u30fc\n|-damage|p1a: \u30c1\u30a2\u30ea\u30fc\u30c0\u30fc|89\/100\n|move|p2b: Groovy Barbie|Spirit Break|p1a: \u30c1\u30a2\u30ea\u30fc\u30c0\u30fc\n|-damage|p1a: \u30c1\u30a2\u30ea\u30fc\u30c0\u30fc|53\/100\n|-unboost|p1a: \u30c1\u30a2\u30ea\u30fc\u30c0\u30fc|spa|1\n|move|p1b: Hula|Giga Drain|p2b: Groovy Barbie\n|-damage|p2b: Groovy Barbie|4\/100\n|-heal|p1b: Hula|90\/100|[from] drain|[of] p2b: Groovy Barbie\n|\n|upkeep\n|turn|10\n|\n|t:|1698287750\n|move|p1a: \u30c1\u30a2\u30ea\u30fc\u30c0\u30fc|Air Cutter|p2b: Groovy Barbie|[spread] p2a,p2b\n|-supereffective|p2a: Pop Star Barbie\n|-crit|p2a: Pop Star Barbie\n|-damage|p2a: Pop Star Barbie|54\/100\n|-damage|p2b: Groovy Barbie|0 fnt\n|faint|p2b: Groovy Barbie\n|move|p2a: Pop Star Barbie|Breaking Swipe|p1b: Hula|[spread] p1a,p1b\n|-damage|p1a: \u30c1\u30a2\u30ea\u30fc\u30c0\u30fc|32\/100\n|-damage|p1b: Hula|74\/100\n|-unboost|p1a: \u30c1\u30a2\u30ea\u30fc\u30c0\u30fc|atk|1\n|-unboost|p1b: Hula|atk|1\n|move|p1b: Hula|Petal Dance|p2a: Pop Star Barbie\n|-resisted|p2a: Pop Star Barbie\n|-damage|p2a: Pop Star Barbie|45\/100\n|-activate|p1a: \u30c1\u30a2\u30ea\u30fc\u30c0\u30fc|ability: Dancer\n|move|p1a: \u30c1\u30a2\u30ea\u30fc\u30c0\u30fc|Petal Dance|p2a: Pop Star Barbie|[from]ability: Dancer\n|-resisted|p2a: Pop Star Barbie\n|-damage|p2a: Pop Star Barbie|40\/100\n|\n|upkeep\n|turn|11\n|\n|t:|1698287770\n|move|p1a: \u30c1\u30a2\u30ea\u30fc\u30c0\u30fc|Protect|p1a: \u30c1\u30a2\u30ea\u30fc\u30c0\u30fc\n|-singleturn|p1a: \u30c1\u30a2\u30ea\u30fc\u30c0\u30fc|Protect\n|move|p2a: Pop Star Barbie|Earthquake|p1b: Hula|[spread] p1b\n|-activate|p1a: \u30c1\u30a2\u30ea\u30fc\u30c0\u30fc|move: Protect\n|-resisted|p1b: Hula\n|-damage|p1b: Hula|65\/100\n|move|p1b: Hula|Petal Dance|p2a: Pop Star Barbie|[from]lockedmove\n|-resisted|p2a: Pop Star Barbie\n|-damage|p2a: Pop Star Barbie|32\/100\n|-start|p1b: Hula|confusion|[fatigue]\n|-activate|p1a: \u30c1\u30a2\u30ea\u30fc\u30c0\u30fc|ability: Dancer\n|move|p1a: \u30c1\u30a2\u30ea\u30fc\u30c0\u30fc|Petal Dance|p2a: Pop Star Barbie|[from]ability: Dancer\n|-resisted|p2a: Pop Star Barbie\n|-damage|p2a: Pop Star Barbie|27\/100\n|\n|upkeep\n|turn|12\n|\n|t:|1698287789\n|move|p1a: \u30c1\u30a2\u30ea\u30fc\u30c0\u30fc|Roost|p1a: \u30c1\u30a2\u30ea\u30fc\u30c0\u30fc\n|-heal|p1a: \u30c1\u30a2\u30ea\u30fc\u30c0\u30fc|82\/100\n|-singleturn|p1a: \u30c1\u30a2\u30ea\u30fc\u30c0\u30fc|move: Roost\n|move|p2a: Pop Star Barbie|Earthquake|p1a: \u30c1\u30a2\u30ea\u30fc\u30c0\u30fc|[spread] p1a,p1b\n|-supereffective|p1a: \u30c1\u30a2\u30ea\u30fc\u30c0\u30fc\n|-resisted|p1b: Hula\n|-damage|p1a: \u30c1\u30a2\u30ea\u30fc\u30c0\u30fc|41\/100\n|-damage|p1b: Hula|56\/100\n|-activate|p1b: Hula|confusion\n|move|p1b: Hula|Dazzling Gleam|p2a: Pop Star Barbie\n|-supereffective|p2a: Pop Star Barbie\n|-damage|p2a: Pop Star Barbie|1\/100\n|\n|upkeep\n|turn|13\n|\n|t:|1698287805\n|move|p1a: \u30c1\u30a2\u30ea\u30fc\u30c0\u30fc|Air Cutter|p2a: Pop Star Barbie\n|-supereffective|p2a: Pop Star Barbie\n|-damage|p2a: Pop Star Barbie|0 fnt\n|faint|p2a: Pop Star Barbie\n|\n|win|BugCatcherJameson\n","uploadtime":1698287816,"views":9,"p1id":"bugcatcherjameson","p2id":"jkogut","formatid":"gen9nationaldexdoubles","rating":0,"private":0,"password":""}