{"id":"gen9nationaldexdoubles-1990933480","p1":"skaterchara","p2":"Brick_Enjoyer_144","format":"[Gen 9] National Dex Doubles","log":"|j|\u2606skaterchara\n|j|\u2606Brick_Enjoyer_144\n|t:|1700016755\n|gametype|doubles\n|player|p1|skaterchara|ghetsis|1045\n|player|p2|Brick_Enjoyer_144|shauntal|1214\n|teamsize|p1|6\n|teamsize|p2|6\n|gen|9\n|tier|[Gen 9] National Dex Doubles\n|rated|\n|rule|HP Percentage Mod: HP is shown in percentages\n|rule|Endless Battle Clause: Forcing endless battles is banned\n|rule|OHKO Clause: OHKO moves are banned\n|rule|Evasion Moves Clause: Evasion moves are banned\n|rule|Evasion Abilities Clause: Evasion abilities are banned\n|rule|Species Clause: Limit one of each Pok\u00e9mon\n|rule|Gravity Sleep Clause: The combination of sleep-inducing moves with imperfect accuracy and Gravity or Gigantamax Orbeetle are banned\n|clearpoke\n|poke|p1|Tyranitar, M|\n|poke|p1|Dracovish|\n|poke|p1|Flutter Mane|\n|poke|p1|Incineroar, M|\n|poke|p1|Rillaboom, M|\n|poke|p1|Ditto|\n|poke|p2|Banette, F|\n|poke|p2|Iron Valiant|\n|poke|p2|Dragonite, M|\n|poke|p2|Palafin, F|\n|poke|p2|Electrode-Hisui|\n|poke|p2|Meowscarada, M|\n|teampreview\n|inactive|Battle timer is ON: inactive players will automatically lose when time's up. (requested by Brick_Enjoyer_144)\n|\n|t:|1700016763\n|start\n|switch|p1a: Motherfuqee|Tyranitar, M, shiny|100\/100\n|switch|p1b: Motherfuq|Dracovish, shiny|100\/100\n|switch|p2a: Electrode|Electrode-Hisui|100\/100\n|switch|p2b: Palafin|Palafin, F|100\/100\n|-weather|Sandstorm|[from] ability: Sand Stream|[of] p1a: Motherfuqee\n|turn|1\n|\n|t:|1700016785\n|detailschange|p2b: Palafin|Palafin-Hero, F\n|switch|p2b: Iron Valiant|Iron Valiant|100\/100\n|-enditem|p2b: Iron Valiant|Booster Energy\n|-activate|p2b: Iron Valiant|ability: Quark Drive|[fromitem]\n|-start|p2b: Iron Valiant|quarkdrivespe\n|move|p2a: Electrode|Volt Switch|p1b: Motherfuq\n|-damage|p1b: Motherfuq|66\/100\n|\n|t:|1700016796\n|switch|p2a: Palafin|Palafin-Hero, F|100\/100|[from] Volt Switch\n|-activate|p2a: Palafin|ability: Zero to Hero\n|move|p1b: Motherfuq|Fishious Rend|p2a: Palafin\n|-resisted|p2a: Palafin\n|-damage|p2a: Palafin|31\/100\n|-damage|p1b: Motherfuq|56\/100|[from] item: Life Orb\n|move|p1a: Motherfuqee|Crunch|p2b: Iron Valiant\n|-resisted|p2b: Iron Valiant\n|-damage|p2b: Iron Valiant|85\/100\n|-unboost|p2b: Iron Valiant|def|1\n|\n|-weather|Sandstorm|[upkeep]\n|-damage|p2b: Iron Valiant|79\/100|[from] Sandstorm\n|-damage|p2a: Palafin|25\/100|[from] Sandstorm\n|-damage|p1b: Motherfuq|49\/100|[from] Sandstorm\n|upkeep\n|turn|2\n|\n|t:|1700016821\n|move|p2a: Palafin|Jet Punch|p1a: Motherfuqee\n|-supereffective|p1a: Motherfuqee\n|-damage|p1a: Motherfuqee|21\/100\n|-damage|p2a: Palafin|15\/100|[from] item: Life Orb\n|move|p2b: Iron Valiant|Dazzling Gleam|p1a: Motherfuqee|[spread] p1a,p1b\n|-supereffective|p1a: Motherfuqee\n|-supereffective|p1b: Motherfuq\n|-damage|p1a: Motherfuqee|0 fnt\n|-damage|p1b: Motherfuq|0 fnt\n|faint|p1a: Motherfuqee\n|faint|p1b: Motherfuq\n|\n|-weather|Sandstorm|[upkeep]\n|-damage|p2b: Iron Valiant|73\/100|[from] Sandstorm\n|-damage|p2a: Palafin|8\/100|[from] Sandstorm\n|upkeep\n|inactive|skaterchara has 120 seconds left.\n|\n|t:|1700016837\n|switch|p1b: I hate all of you|Rillaboom, M, shiny|100\/100\n|switch|p1a: Fuq you up|Incineroar, M, shiny|100\/100\n|-fieldstart|move: Grassy Terrain|[from] ability: Grassy Surge|[of] p1b: I hate all of you\n|-ability|p1a: Fuq you up|Intimidate|boost\n|-unboost|p2a: Palafin|atk|1\n|-unboost|p2b: Iron Valiant|atk|1\n|turn|3\n|\n|t:|1700016850\n|move|p2a: Palafin|Jet Punch|p1a: Fuq you up\n|-supereffective|p1a: Fuq you up\n|-damage|p1a: Fuq you up|45\/100\n|-damage|p2a: Palafin|0 fnt|[from] item: Life Orb\n|faint|p2a: Palafin\n|move|p2b: Iron Valiant|Aura Sphere|p1a: Fuq you up\n|-supereffective|p1a: Fuq you up\n|-damage|p1a: Fuq you up|0 fnt\n|faint|p1a: Fuq you up\n|move|p1b: I hate all of you|Wood Hammer|p2b: Iron Valiant\n|-damage|p2b: Iron Valiant|0 fnt\n|faint|p2b: Iron Valiant\n|-end|p2b: Iron Valiant|Quark Drive|[silent]\n|-damage|p1b: I hate all of you|80\/100|[from] Recoil\n|\n|-weather|Sandstorm|[upkeep]\n|-damage|p1b: I hate all of you|74\/100|[from] Sandstorm\n|-heal|p1b: I hate all of you|80\/100|[from] Grassy Terrain\n|upkeep\n|\n|t:|1700016873\n|switch|p2b: Banette|Banette, F|100\/100\n|switch|p2a: Electrode|Electrode-Hisui|100\/100\n|switch|p1a: Me|Ditto, shiny|100\/100\n|-transform|p1a: Me|p2b: Banette|[from] ability: Imposter\n|-item|p2a: Electrode|Leftovers|[from] ability: Frisk|[of] p1a: Me|[identify]\n|-item|p2b: Banette|Banettite|[from] ability: Frisk|[of] p1a: Me|[identify]\n|-item|p1a: Me|Choice Scarf|[from] ability: Frisk|[of] p2b: Banette|[identify]\n|-item|p1b: I hate all of you|Assault Vest|[from] ability: Frisk|[of] p2b: Banette|[identify]\n|turn|4\n|inactive|skaterchara has 120 seconds left.\n|inactive|Brick_Enjoyer_144 has 120 seconds left.\n|\n|t:|1700016905\n|detailschange|p2b: Banette|Banette-Mega, F\n|-mega|p2b: Banette|Banette|Banettite\n|move|p2b: Banette|Will-O-Wisp|p1a: Me\n|-status|p1a: Me|brn\n|move|p2a: Electrode|Leech Seed|p1a: Me\n|-start|p1a: Me|move: Leech Seed\n|move|p1b: I hate all of you|Wood Hammer|p2a: Electrode\n|-resisted|p2a: Electrode\n|-damage|p2a: Electrode|30\/100\n|-damage|p1b: I hate all of you|62\/100|[from] Recoil\n|move|p1a: Me|Destiny Bond|p1a: Me\n|-singlemove|p1a: Me|Destiny Bond\n|\n|-weather|Sandstorm|[upkeep]\n|-damage|p2a: Electrode|23\/100|[from] Sandstorm\n|-damage|p1b: I hate all of you|56\/100|[from] Sandstorm\n|-damage|p1a: Me|94\/100 brn|[from] Sandstorm\n|-damage|p2b: Banette|94\/100|[from] Sandstorm\n|-heal|p2a: Electrode|30\/100|[from] Grassy Terrain\n|-heal|p2a: Electrode|36\/100|[from] item: Leftovers\n|-heal|p1b: I hate all of you|62\/100|[from] Grassy Terrain\n|-heal|p1a: Me|100\/100 brn|[from] Grassy Terrain\n|-heal|p2b: Banette|100\/100|[from] Grassy Terrain\n|-damage|p1a: Me|88\/100 brn|[from] Leech Seed|[of] p2a: Electrode\n|-heal|p2a: Electrode|50\/100|[silent]\n|-damage|p1a: Me|82\/100 brn|[from] brn\n|upkeep\n|turn|5\n|inactive|skaterchara has 120 seconds left.\n|inactive|Brick_Enjoyer_144 has 120 seconds left.\n|\n|t:|1700016942\n|move|p1b: I hate all of you|Grassy Glide|p2a: Electrode\n|-resisted|p2a: Electrode\n|-damage|p2a: Electrode|20\/100\n|move|p2b: Banette|Disable|p1b: I hate all of you\n|-start|p1b: I hate all of you|Disable|Grassy Glide\n|move|p2a: Electrode|Taunt|p1a: Me\n|-start|p1a: Me|move: Taunt\n|cant|p1a: Me|move: Taunt|Destiny Bond\n|\n|-weather|none\n|-heal|p2a: Electrode|26\/100|[from] Grassy Terrain\n|-heal|p2a: Electrode|32\/100|[from] item: Leftovers\n|-heal|p1b: I hate all of you|69\/100|[from] Grassy Terrain\n|-heal|p1a: Me|88\/100 brn|[from] Grassy Terrain\n|-damage|p1a: Me|76\/100 brn|[from] Leech Seed|[of] p2a: Electrode\n|-heal|p2a: Electrode|46\/100|[silent]\n|-damage|p1a: Me|70\/100 brn|[from] brn\n|upkeep\n|turn|6\n|inactive|skaterchara has 120 seconds left.\n|\n|t:|1700016969\n|switch|p1a: Help|Flutter Mane, shiny|100\/100\n|-enditem|p1a: Help|Booster Energy\n|-activate|p1a: Help|ability: Protosynthesis|[fromitem]\n|-start|p1a: Help|protosynthesisspa\n|move|p2b: Banette|Will-O-Wisp|p1b: I hate all of you\n|-status|p1b: I hate all of you|brn\n|move|p2a: Electrode|Chloroblast|p1a: Help\n|-damage|p1a: Help|25\/100\n|-damage|p2a: Electrode|0 fnt|[from] Recoil\n|faint|p2a: Electrode\n|move|p1b: I hate all of you|Wood Hammer|p2b: Banette\n|-damage|p2b: Banette|53\/100\n|-damage|p1b: I hate all of you|53\/100 brn|[from] Recoil\n|\n|-heal|p1a: Help|31\/100|[from] Grassy Terrain\n|-heal|p1b: I hate all of you|59\/100 brn|[from] Grassy Terrain\n|-heal|p2b: Banette|59\/100|[from] Grassy Terrain\n|-damage|p1b: I hate all of you|53\/100 brn|[from] brn\n|upkeep\n|inactive|Brick_Enjoyer_144 has 120 seconds left.\n|\n|t:|1700016993\n|switch|p2a: Dragonite|Dragonite, M|100\/100\n|turn|7\n|\n|t:|1700017006\n|-terastallize|p2a: Dragonite|Normal\n|move|p2b: Banette|Destiny Bond|p2b: Banette\n|-singlemove|p2b: Banette|Destiny Bond\n|move|p1a: Help|Shadow Ball|p2a: Dragonite\n|-immune|p2a: Dragonite\n|move|p1b: I hate all of you|Wood Hammer|p2b: Banette\n|-damage|p2b: Banette|4\/100\n|-damage|p1b: I hate all of you|36\/100 brn|[from] Recoil\n|move|p2a: Dragonite|Dragon Dance|p2a: Dragonite\n|-boost|p2a: Dragonite|atk|1\n|-boost|p2a: Dragonite|spe|1\n|\n|-heal|p1a: Help|37\/100|[from] Grassy Terrain\n|-heal|p1b: I hate all of you|42\/100 brn|[from] Grassy Terrain\n|-heal|p2b: Banette|10\/100|[from] Grassy Terrain\n|-damage|p1b: I hate all of you|36\/100 brn|[from] brn\n|-fieldend|move: Grassy Terrain\n|upkeep\n|turn|8\n|\n|t:|1700017031\n|move|p2a: Dragonite|Extreme Speed|p1b: I hate all of you\n|-damage|p1b: I hate all of you|0 fnt\n|faint|p1b: I hate all of you\n|move|p1a: Help|Moonblast|p2a: Dragonite\n|-damage|p2a: Dragonite|61\/100\n|-unboost|p2a: Dragonite|spa|1\n|move|p2b: Banette|Poltergeist||[still]\n|-fail|p2b: Banette\n|\n|upkeep\n|\n|t:|1700017042\n|switch|p1b: Me|Ditto, shiny|70\/100 brn\n|-transform|p1b: Me|p2a: Dragonite|[from] ability: Imposter\n|-start|p1b: Me|typechange|Dragon\/Flying|[silent]\n|turn|9\n|\n|t:|1700017055\n|move|p1b: Me|Extreme Speed|p2a: Dragonite\n|-damage|p2a: Dragonite|36\/100\n|move|p2a: Dragonite|Extreme Speed|p1b: Me\n|-damage|p1b: Me|0 fnt\n|faint|p1b: Me\n|move|p2b: Banette|Destiny Bond|p2b: Banette\n|-singlemove|p2b: Banette|Destiny Bond\n|move|p1a: Help|Thunderbolt|p2b: Banette\n|-damage|p2b: Banette|0 fnt\n|faint|p2b: Banette\n|-activate|p2b: Banette|move: Destiny Bond\n|faint|p1a: Help\n|-end|p1a: Help|Protosynthesis|[silent]\n|\n|win|Brick_Enjoyer_144\n|raw|skaterchara's rating: 1045 &rarr; <strong>1036<\/strong><br \/>(-9 for losing)\n|raw|Brick_Enjoyer_144's rating: 1214 &rarr; <strong>1228<\/strong><br \/>(+14 for winning)\n","uploadtime":1700017072,"views":10,"p1id":"skaterchara","p2id":"brickenjoyer144","formatid":"gen9nationaldexdoubles","rating":1036,"private":0,"password":""}