{"id":"gen9nationaldexdoubles-1956443148","p1":"SammySs","p2":"Spay","format":"[Gen 9] National Dex Doubles","log":"|j|\u2606SammySs\n|j|\u2606Spay\n|t:|1696108296\n|gametype|doubles\n|player|p1|SammySs|lance|\n|player|p2|Spay|lady-gen4|\n|teamsize|p1|6\n|teamsize|p2|6\n|gen|9\n|tier|[Gen 9] National Dex Doubles\n|rule|HP Percentage Mod: HP is shown in percentages\n|rule|Endless Battle Clause: Forcing endless battles is banned\n|rule|OHKO Clause: OHKO moves are banned\n|rule|Evasion Moves Clause: Evasion moves are banned\n|rule|Evasion Abilities Clause: Evasion abilities are banned\n|rule|Species Clause: Limit one of each Pok\u00e9mon\n|rule|Gravity Sleep Clause: The combination of sleep-inducing moves with imperfect accuracy and Gravity or Gigantamax Orbeetle are banned\n|clearpoke\n|poke|p1|Palafin, F|\n|poke|p1|Urshifu-*, M|\n|poke|p1|Walking Wake|\n|poke|p1|Iron Bundle|\n|poke|p1|Ogerpon-Wellspring, F|\n|poke|p1|Pelipper, M|\n|poke|p2|Darmanitan-Galar, F|\n|poke|p2|Baxcalibur, F|\n|poke|p2|Ninetales-Alola, F|\n|poke|p2|Kyurem|\n|poke|p2|Articuno|\n|poke|p2|Avalugg-Hisui, M|\n|teampreview\n|inactive|Battle timer is ON: inactive players will automatically lose when time's up. (requested by Spay)\n|c|\u2606SammySs|plis desactiva el timer\n|c|\u2606SammySs|que me estresa\n|inactive|SammySs has 270 seconds left.\n|c|\u2606Spay|Voy\n|inactiveoff|Battle timer is now OFF.\n|\n|t:|1696108333\n|start\n|switch|p1a: Palafin|Palafin, F|100\/100\n|switch|p1b: Urshifu|Urshifu-Rapid-Strike, M|100\/100\n|switch|p2a: Ninetales|Ninetales-Alola, F|100\/100\n|switch|p2b: Articuno|Articuno|100\/100\n|-weather|Snow|[from] ability: Snow Warning|[of] p2a: Ninetales\n|-ability|p2b: Articuno|Pressure\n|turn|1\n|\n|t:|1696108358\n|-terastallize|p1b: Urshifu|Water\n|move|p1a: Palafin|Jet Punch|p2a: Ninetales\n|-damage|p2a: Ninetales|73\/100\n|move|p1b: Urshifu|Surging Strikes|p2a: Ninetales\n|-crit|p2a: Ninetales\n|-damage|p2a: Ninetales|43\/100\n|-crit|p2a: Ninetales\n|-damage|p2a: Ninetales|16\/100\n|-crit|p2a: Ninetales\n|-damage|p2a: Ninetales|0 fnt\n|faint|p2a: Ninetales\n|-hitcount|p2: Ninetales|3\n|move|p2b: Articuno|Freeze-Dry|p1b: Urshifu\n|-supereffective|p1b: Urshifu\n|-damage|p1b: Urshifu|33\/100\n|\n|-weather|Snow|[upkeep]\n|upkeep\n|\n|t:|1696108376\n|switch|p2a: Baxcalibur|Baxcalibur, F|100\/100\n|turn|2\n|\n|t:|1696108394\n|move|p1a: Palafin|Jet Punch|p2b: Articuno\n|-damage|p2b: Articuno|83\/100\n|move|p1b: Urshifu|Surging Strikes|p2b: Articuno\n|-crit|p2b: Articuno\n|-damage|p2b: Articuno|64\/100\n|-crit|p2b: Articuno\n|-damage|p2b: Articuno|46\/100\n|-crit|p2b: Articuno\n|-damage|p2b: Articuno|28\/100\n|-hitcount|p2b: Articuno|3\n|move|p2a: Baxcalibur|Dragon Dance|p2a: Baxcalibur\n|-boost|p2a: Baxcalibur|atk|1\n|-boost|p2a: Baxcalibur|spe|1\n|move|p2b: Articuno|Freeze-Dry|p1b: Urshifu\n|-supereffective|p1b: Urshifu\n|-damage|p1b: Urshifu|0 fnt\n|faint|p1b: Urshifu\n|\n|-weather|Snow|[upkeep]\n|upkeep\n|\n|t:|1696108420\n|switch|p1b: Walking Wake|Walking Wake|100\/100\n|turn|3\n|l|\u2606Spay\n|player|p2|\n|j|\u2606Spay\n|player|p2|Spay|lady-gen4\n|inactive|Battle timer is ON: inactive players will automatically lose when time's up. (requested by Spay)\n|\n|t:|1696108467\n|-end|p1b: Walking Wake|Protosynthesis|[silent]\n|switch|p1b: Pelipper|Pelipper, M|100\/100\n|-weather|RainDance|[from] ability: Drizzle|[of] p1b: Pelipper\n|switch|p2b: Kyurem|Kyurem|100\/100\n|-ability|p2b: Kyurem|Pressure\n|move|p2a: Baxcalibur|Glaive Rush|p1b: Pelipper\n|-enditem|p1b: Pelipper|Focus Sash\n|-damage|p1b: Pelipper|1\/100\n|-singlemove|p2a: Baxcalibur|Glaive Rush|[silent]\n|-damage|p2a: Baxcalibur|91\/100|[from] item: Life Orb\n|move|p1a: Palafin|Wave Crash|p2b: Kyurem\n|-resisted|p2b: Kyurem\n|-damage|p2b: Kyurem|59\/100\n|-damage|p1a: Palafin|87\/100|[from] Recoil\n|\n|-weather|RainDance|[upkeep]\n|upkeep\n|turn|4\n|inactive|SammySs has 270 seconds left.\n|inactive|Spay has 270 seconds left.\n|\n|t:|1696108516\n|move|p2a: Baxcalibur|Icicle Crash|p1b: Pelipper\n|-damage|p1b: Pelipper|0 fnt\n|faint|p1b: Pelipper\n|-damage|p2a: Baxcalibur|81\/100|[from] item: Life Orb\n|move|p2b: Kyurem|Freeze-Dry|p1a: Palafin\n|-supereffective|p1a: Palafin\n|-damage|p1a: Palafin|0 fnt\n|faint|p1a: Palafin\n|\n|-weather|RainDance|[upkeep]\n|upkeep\n|inactive|SammySs has 240 seconds left.\n|\n|t:|1696108541\n|switch|p1a: Iron Bundle|Iron Bundle|100\/100\n|switch|p1b: Walking Wake|Walking Wake|100\/100\n|-enditem|p1a: Iron Bundle|Booster Energy\n|-activate|p1a: Iron Bundle|ability: Quark Drive|[fromitem]\n|-start|p1a: Iron Bundle|quarkdrivespe\n|turn|5\n|inactive|Spay has 270 seconds left.\n|l|\u2606Spay\n|inactive|Spay disconnected and has 300 seconds to reconnect!\n|player|p2|\n|j|\u2606Spay\n|inactive|Spay reconnected and has 250 seconds left.\n|player|p2|Spay|lady-gen4\n|inactive|Spay has 240 seconds left.\n|\n|t:|1696108598\n|move|p1a: Iron Bundle|Freeze-Dry|p2a: Baxcalibur\n|-damage|p2a: Baxcalibur|44\/100\n|move|p2a: Baxcalibur|Glaive Rush|p1a: Iron Bundle\n|-damage|p1a: Iron Bundle|0 fnt\n|-singlemove|p2a: Baxcalibur|Glaive Rush|[silent]\n|faint|p1a: Iron Bundle\n|-end|p1a: Iron Bundle|Quark Drive|[silent]\n|-damage|p2a: Baxcalibur|34\/100|[from] item: Life Orb\n|move|p1b: Walking Wake|Dragon Pulse|p2b: Kyurem\n|-supereffective|p2b: Kyurem\n|-damage|p2b: Kyurem|0 fnt\n|faint|p2b: Kyurem\n|\n|-weather|RainDance|[upkeep]\n|upkeep\n|inactiveoff|Battle timer is now OFF.\n|\n|t:|1696108615\n|switch|p1a: Ogerpon|Ogerpon-Wellspring, F|100\/100\n|switch|p2b: Articuno|Articuno|28\/100\n|-ability|p2b: Articuno|Pressure\n|turn|6\n|inactive|Battle timer is ON: inactive players will automatically lose when time's up. (requested by SammySs)\n|\n|t:|1696108630\n|move|p2a: Baxcalibur|Glaive Rush|p1b: Walking Wake\n|-supereffective|p1b: Walking Wake\n|-damage|p1b: Walking Wake|0 fnt\n|-singlemove|p2a: Baxcalibur|Glaive Rush|[silent]\n|faint|p1b: Walking Wake\n|-end|p1b: Walking Wake|Protosynthesis|[silent]\n|-damage|p2a: Baxcalibur|24\/100|[from] item: Life Orb\n|move|p1a: Ogerpon|Play Rough|p2a: Baxcalibur\n|-supereffective|p2a: Baxcalibur\n|-damage|p2a: Baxcalibur|0 fnt\n|faint|p2a: Baxcalibur\n|move|p2b: Articuno|Freeze-Dry|p1a: Ogerpon\n|-supereffective|p1a: Ogerpon\n|-damage|p1a: Ogerpon|0 fnt\n|faint|p1a: Ogerpon\n|\n|win|Spay\n|c|\u2606Spay|GG\n|l|\u2606SammySs\n","uploadtime":1696108649,"views":10,"p1id":"sammyss","p2id":"spay","formatid":"gen9nationaldexdoubles","rating":0,"private":0,"password":""}