{"id":"gen9nationaldexdoubles-1983290377","p1":"Theadonia","p2":"13KStephen","format":"[Gen 9] National Dex Doubles","log":"|j|\u2606Theadonia\n|j|\u260613KStephen\n|t:|1699114715\n|gametype|doubles\n|player|p1|Theadonia|roxie|1124\n|player|p2|13KStephen|lucas|1115\n|teamsize|p1|6\n|teamsize|p2|6\n|gen|9\n|tier|[Gen 9] National Dex Doubles\n|rated|\n|rule|HP Percentage Mod: HP is shown in percentages\n|rule|Endless Battle Clause: Forcing endless battles is banned\n|rule|OHKO Clause: OHKO moves are banned\n|rule|Evasion Moves Clause: Evasion moves are banned\n|rule|Evasion Abilities Clause: Evasion abilities are banned\n|rule|Species Clause: Limit one of each Pok\u00e9mon\n|rule|Gravity Sleep Clause: The combination of sleep-inducing moves with imperfect accuracy and Gravity or Gigantamax Orbeetle are banned\n|clearpoke\n|poke|p1|Spinda, F|\n|poke|p1|Bellibolt, M|\n|poke|p1|Pawmot, M|\n|poke|p1|Pincurchin, M|\n|poke|p1|Rotom-Wash|\n|poke|p1|Raichu-Alola, F|\n|poke|p2|Absol, F|\n|poke|p2|Flutter Mane|\n|poke|p2|Conkeldurr, F|\n|poke|p2|Torkoal, M|\n|poke|p2|Leafeon, M|\n|poke|p2|Gastrodon, M|\n|teampreview\n|\n|t:|1699114734\n|start\n|switch|p1a: Spinda|Spinda, F|100\/100\n|switch|p1b: Pawmot|Pawmot, M|100\/100\n|switch|p2a: Chloe|Absol, F|100\/100\n|switch|p2b: Mr. Brightside|Torkoal, M|100\/100\n|-weather|SunnyDay|[from] ability: Drought|[of] p2b: Mr. Brightside\n|turn|1\n|\n|t:|1699114752\n|move|p1b: Pawmot|Double Shock|p2b: Mr. Brightside\n|-damage|p2b: Mr. Brightside|32\/100\n|-start|p1b: Pawmot|typechange|???\/Fighting|[from] move: Double Shock\n|-enditem|p2b: Mr. Brightside|Sitrus Berry|[eat]\n|-heal|p2b: Mr. Brightside|57\/100|[from] item: Sitrus Berry\n|move|p2a: Chloe|Taunt|p1a: Spinda\n|-start|p1a: Spinda|move: Taunt\n|cant|p1a: Spinda|move: Taunt|Skill Swap\n|move|p2b: Mr. Brightside|Clear Smog|p1b: Pawmot\n|-damage|p1b: Pawmot|76\/100\n|-clearboost|p1b: Pawmot\n|\n|-weather|SunnyDay|[upkeep]\n|upkeep\n|turn|2\n|\n|t:|1699114779\n|switch|p2b: Nessie|Gastrodon, M|100\/100\n|move|p1b: Pawmot|Volt Switch|p2b: Nessie\n|-immune|p2b: Nessie\n|move|p2a: Chloe|Psycho Cut|p1b: Pawmot\n|-supereffective|p1b: Pawmot\n|-crit|p1b: Pawmot\n|-damage|p1b: Pawmot|0 fnt\n|faint|p1b: Pawmot\n|move|p1a: Spinda|Hyper Voice|p2a: Chloe|[spread] p2a,p2b\n|-damage|p2a: Chloe|60\/100\n|-damage|p2b: Nessie|82\/100\n|\n|-weather|SunnyDay|[upkeep]\n|-heal|p2b: Nessie|88\/100|[from] item: Leftovers\n|upkeep\n|\n|t:|1699114788\n|switch|p1b: Bellibolt|Bellibolt, M|100\/100\n|turn|3\n|\n|t:|1699114802\n|switch|p1a: Rotom|Rotom-Wash|100\/100\n|-terastallize|p1b: Bellibolt|Grass\n|move|p2a: Chloe|Sucker Punch||[still]\n|-fail|p2a: Chloe\n|move|p1b: Bellibolt|Tera Blast|p2b: Nessie|[anim] Tera Blast Grass\n|-supereffective|p2b: Nessie\n|-damage|p2b: Nessie|0 fnt\n|faint|p2b: Nessie\n|\n|-weather|SunnyDay|[upkeep]\n|upkeep\n|\n|t:|1699114830\n|switch|p2b: Flutter Mane|Flutter Mane|100\/100\n|-activate|p2b: Flutter Mane|ability: Protosynthesis\n|-start|p2b: Flutter Mane|protosynthesisspe\n|turn|4\n|\n|t:|1699114856\n|move|p2a: Chloe|Sucker Punch||[still]\n|-fail|p2a: Chloe\n|move|p2b: Flutter Mane|Moonblast|p1b: Bellibolt\n|-damage|p1b: Bellibolt|33\/100\n|-start|p1b: Bellibolt|Charge|Moonblast|[from] ability: Electromorphosis\n|move|p1a: Rotom|Electric Terrain|p1a: Rotom\n|-fieldstart|move: Electric Terrain\n|move|p1b: Bellibolt|Soak|p2b: Flutter Mane\n|-start|p2b: Flutter Mane|typechange|Water\n|\n|-weather|SunnyDay|[upkeep]\n|upkeep\n|turn|5\n|\n|t:|1699114873\n|move|p2a: Chloe|Sucker Punch|p1a: Rotom\n|-damage|p1a: Rotom|48\/100\n|move|p2b: Flutter Mane|Moonblast|p1b: Bellibolt\n|-damage|p1b: Bellibolt|0 fnt\n|faint|p1b: Bellibolt\n|move|p1a: Rotom|Discharge|p2b: Flutter Mane|[spread] p2a,p2b\n|-supereffective|p2b: Flutter Mane\n|-damage|p2a: Chloe|0 fnt\n|-damage|p2b: Flutter Mane|40\/100\n|-status|p2b: Flutter Mane|par\n|faint|p2a: Chloe\n|\n|-weather|none\n|-end|p2b: Flutter Mane|Protosynthesis\n|upkeep\n|\n|t:|1699114888\n|switch|p2a: Mr. Brightside|Torkoal, M|57\/100\n|switch|p1b: Raichu|Raichu-Alola, F|100\/100\n|-weather|SunnyDay|[from] ability: Drought|[of] p2a: Mr. Brightside\n|-activate|p2b: Flutter Mane|ability: Protosynthesis\n|-start|p2b: Flutter Mane|protosynthesisspe\n|turn|6\n|\n|t:|1699114904\n|move|p1b: Raichu|Rising Voltage|p2b: Flutter Mane\n|-hint|Rising Voltage's BP doubled on grounded target.\n|-supereffective|p2b: Flutter Mane\n|-damage|p2b: Flutter Mane|0 fnt\n|faint|p2b: Flutter Mane\n|-end|p2b: Flutter Mane|Protosynthesis|[silent]\n|move|p1a: Rotom|Discharge|p2a: Mr. Brightside|[spread] p1b,p2a\n|-resisted|p1b: Raichu\n|-damage|p1b: Raichu|81\/100\n|-damage|p2a: Mr. Brightside|20\/100\n|move|p2a: Mr. Brightside|Flamethrower|p1b: Raichu\n|-damage|p1b: Raichu|1\/100\n|\n|-weather|SunnyDay|[upkeep]\n|upkeep\n|\n|t:|1699114917\n|switch|p2b: The Violence|Conkeldurr, F|100\/100\n|turn|7\n|\n|t:|1699114924\n|move|p2b: The Violence|Wide Guard|p2b: The Violence\n|-singleturn|p2b: The Violence|Wide Guard\n|move|p1b: Raichu|Rising Voltage|p2b: The Violence\n|-hint|Rising Voltage's BP doubled on grounded target.\n|-damage|p2b: The Violence|0 fnt\n|faint|p2b: The Violence\n|move|p1a: Rotom|Hydro Pump|p2a: Mr. Brightside\n|-supereffective|p2a: Mr. Brightside\n|-damage|p2a: Mr. Brightside|0 fnt\n|faint|p2a: Mr. Brightside\n|\n|-weather|SunnyDay|[upkeep]\n|upkeep\n|\n|t:|1699114937\n|switch|p2b: Dorian|Leafeon, M|100\/100\n|turn|8\n|\n|t:|1699114944\n|move|p1b: Raichu|Rising Voltage|p2b: Dorian\n|-hint|Rising Voltage's BP doubled on grounded target.\n|-resisted|p2b: Dorian\n|-damage|p2b: Dorian|0 fnt\n|faint|p2b: Dorian\n|\n|win|Theadonia\n|raw|Theadonia's rating: 1124 &rarr; <strong>1148<\/strong><br \/>(+24 for winning)\n|raw|13KStephen's rating: 1115 &rarr; <strong>1091<\/strong><br \/>(-24 for losing)\n|l|\u260613KStephen\n","uploadtime":1699114953,"views":5,"p1id":"theadonia","p2id":"13kstephen","formatid":"gen9nationaldexdoubles","rating":1091,"private":0,"password":""}