{"id":"gen9nationaldexdoubles-1986937411","p1":"JAnimateDied","p2":"lxvliiz","format":"[Gen 9] National Dex Doubles","log":"|j|\u2606JAnimateDied\n|j|\u2606lxvliiz\n|t:|1699542643\n|gametype|doubles\n|player|p1|JAnimateDied|ninjaboy|1061\n|player|p2|lxvliiz|170|1118\n|teamsize|p1|6\n|teamsize|p2|6\n|gen|9\n|tier|[Gen 9] National Dex Doubles\n|rated|\n|rule|HP Percentage Mod: HP is shown in percentages\n|rule|Endless Battle Clause: Forcing endless battles is banned\n|rule|OHKO Clause: OHKO moves are banned\n|rule|Evasion Moves Clause: Evasion moves are banned\n|rule|Evasion Abilities Clause: Evasion abilities are banned\n|rule|Species Clause: Limit one of each Pok\u00e9mon\n|rule|Gravity Sleep Clause: The combination of sleep-inducing moves with imperfect accuracy and Gravity or Gigantamax Orbeetle are banned\n|clearpoke\n|poke|p1|Hawlucha, F|\n|poke|p1|Sawsbuck-Winter, F|\n|poke|p1|Deoxys-Attack|\n|poke|p1|Sableye, F|\n|poke|p1|Duraludon, M|\n|poke|p1|Corviknight, M|\n|poke|p2|Kommo-o, M|\n|poke|p2|Volcarona, M|\n|poke|p2|Oricorio-Pom-Pom, M|\n|poke|p2|Quaquaval, M|\n|poke|p2|Flamigo, M|\n|poke|p2|Marshadow|\n|teampreview\n|\n|t:|1699542653\n|start\n|switch|p1a: Sableye|Sableye, F, shiny|100\/100\n|switch|p1b: Deoxys|Deoxys-Attack, shiny|100\/100\n|switch|p2a: dance with me|Volcarona, M, shiny|100\/100\n|switch|p2b: till you die|Oricorio-Pom-Pom, M, shiny|100\/100\n|-ability|p1b: Deoxys|Pressure\n|turn|1\n|\n|t:|1699542673\n|move|p2a: dance with me|Rage Powder|p2a: dance with me\n|-singleturn|p2a: dance with me|move: Rage Powder\n|move|p1a: Sableye|Quash||[still]\n|-fail|p1a: Sableye\n|move|p1b: Deoxys|Wrap|p2a: dance with me\n|-damage|p2a: dance with me|89\/100\n|-activate|p2a: dance with me|move: Wrap|[of] p1b: Deoxys\n|-status|p1b: Deoxys|brn|[from] ability: Flame Body|[of] p2a: dance with me\n|move|p2b: till you die|Quiver Dance|p2b: till you die\n|-boost|p2b: till you die|spa|1\n|-boost|p2b: till you die|spd|1\n|-boost|p2b: till you die|spe|1\n|\n|-damage|p1b: Deoxys|94\/100 brn|[from] brn\n|-damage|p2a: dance with me|77\/100|[from] move: Wrap|[partiallytrapped]\n|upkeep\n|turn|2\n|\n|t:|1699542691\n|move|p1a: Sableye|Quash|p2b: till you die\n|-activate|p2b: till you die|move: Quash\n|move|p1b: Deoxys|Mud-Slap|p2a: dance with me\n|-damage|p2a: dance with me|69\/100\n|-unboost|p2a: dance with me|accuracy|1\n|move|p2a: dance with me|Quiver Dance|p2a: dance with me\n|-boost|p2a: dance with me|spa|1\n|-boost|p2a: dance with me|spd|1\n|-boost|p2a: dance with me|spe|1\n|-activate|p2b: till you die|ability: Dancer\n|move|p2b: till you die|Quiver Dance|p2b: till you die|[from]ability: Dancer\n|-boost|p2b: till you die|spa|1\n|-boost|p2b: till you die|spd|1\n|-boost|p2b: till you die|spe|1\n|move|p2b: till you die|Revelation Dance|p1a: Sableye\n|-damage|p1a: Sableye|21\/100\n|\n|-damage|p1b: Deoxys|88\/100 brn|[from] brn\n|-damage|p2a: dance with me|57\/100|[from] move: Wrap|[partiallytrapped]\n|upkeep\n|turn|3\n|\n|t:|1699542716\n|move|p2a: dance with me|Rage Powder|p2a: dance with me\n|-singleturn|p2a: dance with me|move: Rage Powder\n|move|p1a: Sableye|Quash||[still]\n|-fail|p1a: Sableye\n|move|p2b: till you die|Revelation Dance|p1b: Deoxys\n|-damage|p1b: Deoxys|0 fnt\n|faint|p1b: Deoxys\n|\n|-end|p2a: dance with me|Wrap|[partiallytrapped]|[silent]\n|upkeep\n|\n|t:|1699542727\n|switch|p1b: Hawlucha|Hawlucha, F, shiny|100\/100\n|turn|4\n|\n|t:|1699542744\n|-terastallize|p1b: Hawlucha|Electric\n|move|p1a: Sableye|Quash|p2b: till you die\n|-activate|p2b: till you die|move: Quash\n|move|p2a: dance with me|Fiery Dance|p1b: Hawlucha\n|-damage|p1b: Hawlucha|0 fnt\n|faint|p1b: Hawlucha\n|-activate|p2b: till you die|ability: Dancer\n|move|p2b: till you die|Fiery Dance|p1a: Sableye|[from]ability: Dancer\n|-damage|p1a: Sableye|0 fnt\n|faint|p1a: Sableye\n|move|p2b: till you die|Revelation Dance|p1: Sableye|[notarget]\n|-fail|p2b: till you die\n|\n|upkeep\n|\n|t:|1699542756\n|switch|p1b: Sawsbuck|Sawsbuck-Winter, F, shiny|100\/100\n|switch|p1a: Duraludon|Duraludon, M, shiny|100\/100\n|turn|5\n|\n|t:|1699542771\n|move|p2b: till you die|Revelation Dance|p1b: Sawsbuck\n|-resisted|p1b: Sawsbuck\n|-damage|p1b: Sawsbuck|46\/100\n|move|p2a: dance with me|Fiery Dance|p1a: Duraludon\n|-damage|p1a: Duraludon|0 fnt\n|-boost|p2a: dance with me|spa|1\n|faint|p1a: Duraludon\n|-activate|p2b: till you die|ability: Dancer\n|move|p2b: till you die|Fiery Dance|p1b: Sawsbuck|[from]ability: Dancer\n|-supereffective|p1b: Sawsbuck\n|-damage|p1b: Sawsbuck|0 fnt\n|-boost|p2b: till you die|spa|1\n|faint|p1b: Sawsbuck\n|\n|upkeep\n|\n|t:|1699542782\n|switch|p1b: Corviknight|Corviknight, M, shiny|100\/100\n|-ability|p1b: Corviknight|Pressure\n|turn|6\n|\n|t:|1699542787\n|move|p2b: till you die|Quiver Dance|p2b: till you die\n|-boost|p2b: till you die|spa|1\n|-boost|p2b: till you die|spd|1\n|-boost|p2b: till you die|spe|1\n|move|p2a: dance with me|Fiery Dance|p1b: Corviknight\n|-supereffective|p1b: Corviknight\n|-damage|p1b: Corviknight|0 fnt\n|faint|p1b: Corviknight\n|-activate|p2b: till you die|ability: Dancer\n|move|p2b: till you die|Fiery Dance|p1: Duraludon|[from]ability: Dancer|[notarget]\n|-fail|p2b: till you die\n|\n|win|lxvliiz\n|raw|JAnimateDied's rating: 1061 &rarr; <strong>1045<\/strong><br \/>(-16 for losing)\n|raw|lxvliiz's rating: 1118 &rarr; <strong>1139<\/strong><br \/>(+21 for winning)\n|l|\u2606JAnimateDied\n|c|\u2606lxvliiz|gg\n","uploadtime":1699542793,"views":5,"p1id":"janimatedied","p2id":"lxvliiz","formatid":"gen9nationaldexdoubles","rating":1045,"private":0,"password":""}