{"id":"gen9nationaldexdoubles-1974705734","p1":"Dankless","p2":"schoolteen","format":"[Gen 9] National Dex Doubles","log":"|j|\u2606Dankless\n|j|\u2606schoolteen\n|t:|1698112463\n|gametype|doubles\n|player|p1|Dankless|ingo|1015\n|player|p2|schoolteen|cheryl|1000\n|teamsize|p1|6\n|teamsize|p2|6\n|gen|9\n|tier|[Gen 9] National Dex Doubles\n|rated|\n|rule|HP Percentage Mod: HP is shown in percentages\n|rule|Endless Battle Clause: Forcing endless battles is banned\n|rule|OHKO Clause: OHKO moves are banned\n|rule|Evasion Moves Clause: Evasion moves are banned\n|rule|Evasion Abilities Clause: Evasion abilities are banned\n|rule|Species Clause: Limit one of each Pok\u00e9mon\n|rule|Gravity Sleep Clause: The combination of sleep-inducing moves with imperfect accuracy and Gravity or Gigantamax Orbeetle are banned\n|clearpoke\n|poke|p1|Shiftry, F|\n|poke|p1|Talonflame, F|\n|poke|p1|Regigigas|\n|poke|p1|Weezing-Galar, F|\n|poke|p1|Dugtrio, M|\n|poke|p1|Amoonguss, M|\n|poke|p2|Deoxys-Defense|\n|poke|p2|Porygon-Z|\n|poke|p2|Lycanroc-Dusk, F|\n|poke|p2|Excadrill, M|\n|poke|p2|Garchomp, M|\n|poke|p2|Escavalier, M|\n|teampreview\n|inactive|Battle timer is ON: inactive players will automatically lose when time's up. (requested by Dankless)\n|inactive|schoolteen also wants the timer to be on.\n|inactive|schoolteen has 120 seconds left.\n|\n|t:|1698112496\n|start\n|switch|p1a: Dugtrio|Dugtrio, M|100\/100\n|switch|p1b: Amoonguss|Amoonguss, M, shiny|100\/100\n|switch|p2a: Deoxys|Deoxys-Defense|100\/100\n|switch|p2b: Porygon-Z|Porygon-Z|100\/100\n|-ability|p2a: Deoxys|Pressure\n|turn|1\n|\n|t:|1698112523\n|move|p1a: Dugtrio|Stealth Rock|p2a: Deoxys\n|-sidestart|p2: schoolteen|move: Stealth Rock\n|-zpower|p2b: Porygon-Z\n|move|p2b: Porygon-Z|Z-Conversion|p2b: Porygon-Z|[anim]Conversion\n|-boost|p2b: Porygon-Z|atk|1|[zeffect]\n|-boost|p2b: Porygon-Z|def|1|[zeffect]\n|-boost|p2b: Porygon-Z|spa|1|[zeffect]\n|-boost|p2b: Porygon-Z|spd|1|[zeffect]\n|-boost|p2b: Porygon-Z|spe|1|[zeffect]\n|-start|p2b: Porygon-Z|typechange|Bug\n|move|p1b: Amoonguss|Spore|p2a: Deoxys\n|-status|p2a: Deoxys|slp|[from] move: Spore\n|-enditem|p2a: Deoxys|Chesto Berry|[eat]\n|-curestatus|p2a: Deoxys|slp|[msg]\n|move|p2a: Deoxys|Teleport|p2a: Deoxys\n|inactive|schoolteen has 120 seconds left.\n|\n|t:|1698112543\n|switch|p2a: Excadrill|Excadrill, M|100\/100|[from] Teleport\n|-damage|p2a: Excadrill|97\/100|[from] Stealth Rock\n|-ability|p2a: Excadrill|Mold Breaker\n|\n|upkeep\n|turn|2\n|inactive|schoolteen has 120 seconds left.\n|l|\u2606Dankless\n|inactive|Dankless disconnected and has a minute to reconnect!\n|player|p1|\n|j|\u2606Dankless\n|inactive|Dankless reconnected and has 130 seconds left.\n|player|p1|Dankless|ingo\n|\n|t:|1698112571\n|move|p2b: Porygon-Z|Signal Beam|p1b: Amoonguss\n|-damage|p1b: Amoonguss|22\/100\n|move|p1a: Dugtrio|Rock Slide|p2b: Porygon-Z|[spread] p2a,p2b\n|-resisted|p2a: Excadrill\n|-supereffective|p2b: Porygon-Z\n|-damage|p2a: Excadrill|91\/100\n|-damage|p2b: Porygon-Z|70\/100\n|cant|p2a: Excadrill|flinch\n|move|p1b: Amoonguss|Spore|p2a: Excadrill\n|-status|p2a: Excadrill|slp|[from] move: Spore\n|\n|-heal|p1b: Amoonguss|29\/100|[from] item: Black Sludge\n|upkeep\n|turn|3\n|inactive|schoolteen has 120 seconds left.\n|\n|t:|1698112599\n|move|p2b: Porygon-Z|Signal Beam|p1b: Amoonguss\n|-damage|p1b: Amoonguss|0 fnt\n|faint|p1b: Amoonguss\n|move|p1a: Dugtrio|Rock Slide|p2a: Excadrill|[spread] p2a\n|-miss|p1a: Dugtrio|p2b: Porygon-Z\n|-resisted|p2a: Excadrill\n|-damage|p2a: Excadrill|85\/100 slp\n|cant|p2a: Excadrill|slp\n|\n|upkeep\n|inactive|Dankless has 120 seconds left.\n|\n|t:|1698112628\n|switch|p1b: Weezing|Weezing-Galar, F|100\/100\n|-ability|p1b: Weezing|Neutralizing Gas\n|-item|p1b: Weezing|Air Balloon\n|turn|4\n|inactive|schoolteen has 120 seconds left.\n|\n|t:|1698112654\n|move|p1b: Weezing|Protect|p1b: Weezing\n|-singleturn|p1b: Weezing|Protect\n|move|p2b: Porygon-Z|Ice Beam|p1b: Weezing\n|-activate|p1b: Weezing|move: Protect\n|move|p1a: Dugtrio|Rock Slide|p2a: Excadrill|[spread] p2a,p2b\n|-resisted|p2a: Excadrill\n|-supereffective|p2b: Porygon-Z\n|-damage|p2a: Excadrill|79\/100 slp\n|-damage|p2b: Porygon-Z|39\/100\n|cant|p2a: Excadrill|slp\n|\n|upkeep\n|turn|5\n|\n|t:|1698112679\n|move|p1b: Weezing|Protect||[still]\n|-fail|p1b: Weezing\n|move|p2b: Porygon-Z|Ice Beam|p1a: Dugtrio\n|-supereffective|p1a: Dugtrio\n|-enditem|p1a: Dugtrio|Focus Sash\n|-damage|p1a: Dugtrio|1\/100\n|-status|p1a: Dugtrio|frz\n|-curestatus|p1a: Dugtrio|frz|[msg]\n|move|p1a: Dugtrio|Rock Slide|p2b: Porygon-Z|[spread] p2a,p2b\n|-resisted|p2a: Excadrill\n|-supereffective|p2b: Porygon-Z\n|-damage|p2a: Excadrill|74\/100 slp\n|-damage|p2b: Porygon-Z|7\/100\n|-curestatus|p2a: Excadrill|slp|[msg]\n|cant|p2a: Excadrill|flinch\n|\n|upkeep\n|turn|6\n|\n|t:|1698112707\n|move|p1b: Weezing|Protect|p1b: Weezing\n|-singleturn|p1b: Weezing|Protect\n|move|p2b: Porygon-Z|Ice Beam|p1a: Dugtrio\n|-supereffective|p1a: Dugtrio\n|-damage|p1a: Dugtrio|0 fnt\n|faint|p1a: Dugtrio\n|move|p2a: Excadrill|Rapid Spin|p1b: Weezing\n|-activate|p1b: Weezing|move: Protect\n|\n|upkeep\n|\n|t:|1698112717\n|switch|p1a: Regigigas|Regigigas, shiny|100\/100\n|turn|7\n|\n|t:|1698112731\n|move|p1a: Regigigas|Earthquake|p2a: Excadrill|[spread] p2a,p2b\n|-immune|p1b: Weezing\n|-supereffective|p2a: Excadrill\n|-resisted|p2b: Porygon-Z\n|-damage|p2a: Excadrill|0 fnt\n|-damage|p2b: Porygon-Z|0 fnt\n|faint|p2a: Excadrill\n|faint|p2b: Porygon-Z\n|move|p1b: Weezing|Toxic Spikes|p2: Excadrill\n|-sidestart|p2: schoolteen|move: Toxic Spikes\n|\n|upkeep\n|inactive|schoolteen has 120 seconds left.\n|\n|t:|1698112779\n|switch|p2b: Deoxys|Deoxys-Defense|100\/100\n|switch|p2a: Escavalier|Escavalier, M|100\/100\n|-damage|p2b: Deoxys|88\/100|[from] Stealth Rock\n|-status|p2b: Deoxys|psn\n|-damage|p2a: Escavalier|88\/100|[from] Stealth Rock\n|turn|8\n|inactive|schoolteen has 120 seconds left.\n|\n|t:|1698112796\n|move|p1a: Regigigas|Earthquake|p2b: Deoxys|[spread] p2a,p2b\n|-immune|p1b: Weezing\n|-damage|p2a: Escavalier|54\/100\n|-damage|p2b: Deoxys|67\/100 psn\n|move|p1b: Weezing|Destiny Bond|p1b: Weezing\n|-singlemove|p1b: Weezing|Destiny Bond\n|move|p2b: Deoxys|Recycle|p2b: Deoxys\n|-item|p2b: Deoxys|Chesto Berry|[from] move: Recycle\n|move|p2a: Escavalier|Metal Burst|p1a: Regigigas\n|-damage|p1a: Regigigas|61\/100\n|\n|-damage|p2b: Deoxys|55\/100 psn|[from] psn\n|upkeep\n|turn|9\n|inactive|schoolteen has 120 seconds left.\n|\n|t:|1698112819\n|move|p1b: Weezing|Protect|p1b: Weezing\n|-singleturn|p1b: Weezing|Protect\n|move|p1a: Regigigas|Earthquake|p2b: Deoxys|[spread] p2a,p2b\n|-activate|p1b: Weezing|move: Protect\n|-damage|p2a: Escavalier|22\/100\n|-damage|p2b: Deoxys|34\/100 psn\n|move|p2b: Deoxys|Rest|p2b: Deoxys\n|-status|p2b: Deoxys|slp|[from] move: Rest\n|-heal|p2b: Deoxys|100\/100 slp|[silent]\n|-enditem|p2b: Deoxys|Chesto Berry|[eat]\n|-curestatus|p2b: Deoxys|slp|[msg]\n|move|p2a: Escavalier|Metal Burst|p1a: Regigigas\n|-damage|p1a: Regigigas|23\/100\n|\n|upkeep\n|turn|10\n|inactive|schoolteen has 120 seconds left.\n|\n|t:|1698112845\n|move|p1a: Regigigas|Earthquake|p2b: Deoxys|[spread] p2a,p2b\n|-immune|p1b: Weezing\n|-damage|p2a: Escavalier|0 fnt\n|-damage|p2b: Deoxys|78\/100\n|faint|p2a: Escavalier\n|move|p1b: Weezing|Destiny Bond|p1b: Weezing\n|-singlemove|p1b: Weezing|Destiny Bond\n|move|p2b: Deoxys|Knock Off|p1a: Regigigas\n|-damage|p1a: Regigigas|9\/100\n|-enditem|p1a: Regigigas|Choice Scarf|[from] move: Knock Off|[of] p2b: Deoxys\n|\n|upkeep\n|\n|t:|1698112862\n|switch|p2a: Garchomp|Garchomp, M|100\/100\n|-damage|p2a: Garchomp|94\/100|[from] Stealth Rock\n|-status|p2a: Garchomp|psn\n|turn|11\n|inactive|schoolteen has 120 seconds left.\n|\n|t:|1698112877\n|detailschange|p2a: Garchomp|Garchomp-Mega, M\n|-mega|p2a: Garchomp|Garchomp|Garchompite\n|move|p1b: Weezing|Protect|p1b: Weezing\n|-singleturn|p1b: Weezing|Protect\n|move|p1a: Regigigas|Darkest Lariat|p2b: Deoxys\n|-supereffective|p2b: Deoxys\n|-damage|p2b: Deoxys|33\/100\n|move|p2a: Garchomp|Swords Dance|p2a: Garchomp\n|-boost|p2a: Garchomp|atk|2\n|move|p2b: Deoxys|Teleport|p2b: Deoxys\n|inactive|schoolteen has 120 seconds left.\n|\n|t:|1698112895\n|switch|p2b: Lycanroc|Lycanroc-Dusk, F|100\/100|[from] Teleport\n|-damage|p2b: Lycanroc|88\/100|[from] Stealth Rock\n|-status|p2b: Lycanroc|psn\n|\n|-damage|p2b: Lycanroc|76\/100 psn|[from] psn\n|-damage|p2a: Garchomp|82\/100 psn|[from] psn\n|upkeep\n|turn|12\n|inactive|schoolteen has 120 seconds left.\n|\n|t:|1698112912\n|-terastallize|p2b: Lycanroc|Rock\n|move|p2b: Lycanroc|Accelerock|p1a: Regigigas\n|-damage|p1a: Regigigas|0 fnt\n|faint|p1a: Regigigas\n|-end|p1a: Regigigas|Slow Start|[silent]\n|move|p2a: Garchomp|Iron Head|p1b: Weezing\n|-supereffective|p1b: Weezing\n|-damage|p1b: Weezing|0 fnt\n|-enditem|p1b: Weezing|Air Balloon\n|faint|p1b: Weezing\n|-end|p1b: Weezing|ability: Neutralizing Gas\n|\n|-damage|p2b: Lycanroc|63\/100 psn|[from] psn\n|-damage|p2a: Garchomp|70\/100 psn|[from] psn\n|upkeep\n|\n|t:|1698112921\n|switch|p1a: Talonflame|Talonflame, F|100\/100\n|switch|p1b: Shiftry|Shiftry, F, shiny|100\/100\n|turn|13\n|\n|t:|1698112940\n|-terastallize|p1b: Shiftry|Grass\n|move|p1a: Talonflame|Tailwind|p1a: Talonflame\n|-sidestart|p1: Dankless|move: Tailwind\n|-ability|p1b: Shiftry|Wind Rider|boost\n|-boost|p1b: Shiftry|atk|1\n|move|p2b: Lycanroc|Accelerock|p1a: Talonflame\n|-supereffective|p1a: Talonflame\n|-damage|p1a: Talonflame|0 fnt\n|faint|p1a: Talonflame\n|move|p1b: Shiftry|Leaf Blade|p2a: Garchomp\n|-damage|p2a: Garchomp|8\/100 psn\n|move|p2a: Garchomp|Scale Shot|p1b: Shiftry\n|-damage|p1b: Shiftry|45\/100\n|-damage|p1b: Shiftry|0 fnt\n|faint|p1b: Shiftry\n|-hitcount|p1: Shiftry|2\n|\n|win|schoolteen\n|raw|Dankless's rating: 1015 &rarr; <strong>1002<\/strong><br \/>(-13 for losing)\n|raw|schoolteen's rating: 1000 &rarr; <strong>1042<\/strong><br \/>(+42 for winning)\n|l|\u2606Dankless\n|l|\u2606schoolteen\n|j|\u2606schoolteen\n|player|p2|schoolteen|cheryl\n","uploadtime":1698113183,"views":10,"p1id":"dankless","p2id":"schoolteen","formatid":"gen9nationaldexdoubles","rating":1002,"private":0,"password":""}