{"id":"gen9nationaldexdoubles-1956558311","p1":"Chi-Yu's Solider","p2":"Pugplayer","format":"[Gen 9] National Dex Doubles","log":"|j|\u2606Chi-Yu's Solider\n|j|\u2606Pugplayer\n|t:|1696120696\n|gametype|doubles\n|player|p1|Chi-Yu's Solider|ghetsis|\n|player|p2|Pugplayer|volo|\n|teamsize|p1|6\n|teamsize|p2|6\n|gen|9\n|tier|[Gen 9] National Dex Doubles\n|rule|HP Percentage Mod: HP is shown in percentages\n|rule|Endless Battle Clause: Forcing endless battles is banned\n|rule|OHKO Clause: OHKO moves are banned\n|rule|Evasion Moves Clause: Evasion moves are banned\n|rule|Evasion Abilities Clause: Evasion abilities are banned\n|rule|Species Clause: Limit one of each Pok\u00e9mon\n|rule|Gravity Sleep Clause: The combination of sleep-inducing moves with imperfect accuracy and Gravity or Gigantamax Orbeetle are banned\n|clearpoke\n|poke|p1|Kommo-o, F|\n|poke|p1|Blacephalon|\n|poke|p1|Indeedee-F, F|\n|poke|p1|Incineroar, M|\n|poke|p1|Sneasler, F|\n|poke|p1|Rillaboom, M|\n|poke|p2|Torkoal, F|\n|poke|p2|Lilligant-Hisui, F|\n|poke|p2|Charizard, F|\n|poke|p2|Flutter Mane|\n|poke|p2|Armarouge, F|\n|poke|p2|Indeedee-F, F|\n|teampreview\n|inactive|Battle timer is ON: inactive players will automatically lose when time's up. (requested by Chi-Yu's Solider)\n|\n|t:|1696120717\n|start\n|switch|p1a: Blacephalon|Blacephalon|100\/100\n|switch|p1b: Indeedee|Indeedee-F, F|100\/100\n|switch|p2a: Mega Man|Armarouge, F|100\/100\n|switch|p2b: Dr Light|Indeedee-F, F|100\/100\n|-fieldstart|move: Psychic Terrain|[from] ability: Psychic Surge|[of] p1b: Indeedee\n|-enditem|p1b: Indeedee|Psychic Seed\n|-boost|p1b: Indeedee|spd|1|[from] item: Psychic Seed\n|turn|1\n|\n|t:|1696120742\n|-terastallize|p1a: Blacephalon|Psychic\n|move|p2b: Dr Light|Follow Me|p2b: Dr Light\n|-singleturn|p2b: Dr Light|move: Follow Me\n|move|p1a: Blacephalon|Expanding Force|p2b: Dr Light|[spread] p2a,p2b\n|-resisted|p2a: Mega Man\n|-resisted|p2b: Dr Light\n|-damage|p2a: Mega Man|55\/100\n|-damage|p2b: Dr Light|70\/100\n|-damage|p1a: Blacephalon|91\/100|[from] item: Life Orb\n|move|p1b: Indeedee|Imprison|p1b: Indeedee\n|-start|p1b: Indeedee|move: Imprison\n|cant|p2a: Mega Man|move: Imprison|Trick Room\n|\n|upkeep\n|turn|2\n|j| S1r.sweepsaLot\n|inactive|Pugplayer has 270 seconds left.\n|\n|t:|1696120791\n|move|p2b: Dr Light|Helping Hand|p2a: Mega Man\n|-singleturn|p2a: Mega Man|Helping Hand|[of] p2b: Dr Light\n|move|p1b: Indeedee|Follow Me|p1b: Indeedee\n|-singleturn|p1b: Indeedee|move: Follow Me\n|move|p1a: Blacephalon|Shadow Ball|p2a: Mega Man\n|-supereffective|p2a: Mega Man\n|-damage|p2a: Mega Man|0 fnt\n|faint|p2a: Mega Man\n|-ability|p1a: Blacephalon|Beast Boost|boost\n|-boost|p1a: Blacephalon|spa|1\n|-damage|p1a: Blacephalon|81\/100|[from] item: Life Orb\n|\n|upkeep\n|\n|t:|1696120806\n|switch|p2a: Ralph|Torkoal, F|100\/100\n|-weather|SunnyDay|[from] ability: Drought|[of] p2a: Ralph\n|turn|3\n|\n|t:|1696120823\n|move|p2b: Dr Light|Helping Hand|p2a: Ralph\n|-singleturn|p2a: Ralph|Helping Hand|[of] p2b: Dr Light\n|move|p1a: Blacephalon|Expanding Force|p2b: Dr Light|[spread] p2a,p2b\n|-resisted|p2b: Dr Light\n|-damage|p2a: Ralph|0 fnt\n|-damage|p2b: Dr Light|26\/100\n|faint|p2a: Ralph\n|-ability|p1a: Blacephalon|Beast Boost|boost\n|-boost|p1a: Blacephalon|spa|1\n|-damage|p1a: Blacephalon|71\/100|[from] item: Life Orb\n|move|p1b: Indeedee|Dazzling Gleam|p2b: Dr Light\n|-damage|p2b: Dr Light|14\/100\n|\n|-weather|SunnyDay|[upkeep]\n|upkeep\n|\n|t:|1696120838\n|switch|p2a: Edible|Lilligant-Hisui, F, shiny|100\/100\n|turn|4\n|inactive|Pugplayer has 270 seconds left.\n|\n|t:|1696120852\n|move|p2b: Dr Light|Helping Hand|p2a: Edible\n|-singleturn|p2a: Edible|Helping Hand|[of] p2b: Dr Light\n|move|p1b: Indeedee|Follow Me|p1b: Indeedee\n|-singleturn|p1b: Indeedee|move: Follow Me\n|move|p2a: Edible|Solar Blade||[still]\n|-prepare|p2a: Edible|Solar Blade\n|-anim|p2a: Edible|Solar Blade|p1b: Indeedee\n|-damage|p1b: Indeedee|1\/100\n|move|p1a: Blacephalon|Expanding Force|p2b: Dr Light|[spread] p2a,p2b\n|-supereffective|p2a: Edible\n|-resisted|p2b: Dr Light\n|-enditem|p2a: Edible|Focus Sash\n|-damage|p2a: Edible|1\/100\n|-damage|p2b: Dr Light|0 fnt\n|faint|p2b: Dr Light\n|-ability|p1a: Blacephalon|Beast Boost|boost\n|-boost|p1a: Blacephalon|spa|1\n|-damage|p1a: Blacephalon|62\/100|[from] item: Life Orb\n|\n|-weather|SunnyDay|[upkeep]\n|upkeep\n|\n|t:|1696120875\n|switch|p2b: Night Terror|Flutter Mane|100\/100\n|-activate|p2b: Night Terror|ability: Protosynthesis\n|-start|p2b: Night Terror|protosynthesisspe\n|turn|5\n|inactive|Pugplayer has 270 seconds left.\n|\n|t:|1696120889\n|move|p1b: Indeedee|Follow Me|p1b: Indeedee\n|-singleturn|p1b: Indeedee|move: Follow Me\n|move|p2a: Edible|Encore|p1b: Indeedee\n|-start|p1b: Indeedee|Encore\n|move|p2b: Night Terror|Shadow Ball|p1b: Indeedee\n|-immune|p1b: Indeedee\n|move|p1a: Blacephalon|Expanding Force|p2a: Edible|[spread] p2a,p2b\n|-supereffective|p2a: Edible\n|-damage|p2a: Edible|0 fnt\n|-damage|p2b: Night Terror|0 fnt\n|faint|p2a: Edible\n|faint|p2b: Night Terror\n|-end|p2b: Night Terror|Protosynthesis|[silent]\n|-ability|p1a: Blacephalon|Beast Boost|boost\n|-boost|p1a: Blacephalon|spa|2\n|-damage|p1a: Blacephalon|52\/100|[from] item: Life Orb\n|\n|-weather|SunnyDay|[upkeep]\n|-fieldend|move: Psychic Terrain\n|upkeep\n|\n|t:|1696120907\n|switch|p2b: Waltuh Black|Charizard, F, shiny|100\/100\n|turn|6\n|\n|t:|1696120912\n|switch|p1b: Incineroar|Incineroar, M|100\/100\n|-ability|p1b: Incineroar|Intimidate|boost\n|-unboost|p2b: Waltuh Black|atk|1\n|move|p1a: Blacephalon|Protect|p1a: Blacephalon\n|-singleturn|p1a: Blacephalon|Protect\n|move|p2b: Waltuh Black|Scorching Sands|p1a: Blacephalon\n|-activate|p1a: Blacephalon|move: Protect\n|\n|-weather|SunnyDay|[upkeep]\n|-damage|p2b: Waltuh Black|88\/100|[from] ability: Solar Power|[of] p2b: Waltuh Black\n|upkeep\n|turn|7\n|inactive|Chi-Yu's Solider has 270 seconds left.\n|\n|t:|1696120943\n|move|p1b: Incineroar|Fake Out|p2b: Waltuh Black\n|-damage|p2b: Waltuh Black|74\/100\n|cant|p2b: Waltuh Black|flinch\n|move|p1a: Blacephalon|Shadow Ball|p2b: Waltuh Black\n|-damage|p2b: Waltuh Black|0 fnt\n|faint|p2b: Waltuh Black\n|-damage|p1a: Blacephalon|42\/100|[from] item: Life Orb\n|\n|win|Chi-Yu's Solider\n|c|\u2606Chi-Yu's Solider|Gg\n","uploadtime":1696120955,"views":11,"p1id":"chiyussolider","p2id":"pugplayer","formatid":"gen9nationaldexdoubles","rating":0,"private":0,"password":""}