{"id":"gen9nationaldexdoubles-1956929899","p1":"Creepystank","p2":"icybro12","format":"[Gen 9] National Dex Doubles","log":"|j|\u2606Creepystank\n|j|\u2606icybro12\n|t:|1696170895\n|gametype|doubles\n|player|p1|Creepystank|cynthia-gen4|1165\n|player|p2|icybro12|psychic|1228\n|teamsize|p1|6\n|teamsize|p2|6\n|gen|9\n|tier|[Gen 9] National Dex Doubles\n|rated|\n|rule|HP Percentage Mod: HP is shown in percentages\n|rule|Endless Battle Clause: Forcing endless battles is banned\n|rule|OHKO Clause: OHKO moves are banned\n|rule|Evasion Moves Clause: Evasion moves are banned\n|rule|Evasion Abilities Clause: Evasion abilities are banned\n|rule|Species Clause: Limit one of each Pok\u00e9mon\n|rule|Gravity Sleep Clause: The combination of sleep-inducing moves with imperfect accuracy and Gravity or Gigantamax Orbeetle are banned\n|clearpoke\n|poke|p1|Clefable, M|\n|poke|p1|Scovillain, M|\n|poke|p1|Slowking, F|\n|poke|p1|Articuno|\n|poke|p1|Baxcalibur, M|\n|poke|p1|Chandelure, M|\n|poke|p2|Vanilluxe, M|\n|poke|p2|Sandslash-Alola, M|\n|poke|p2|Abomasnow, M|\n|poke|p2|Beartic, F|\n|poke|p2|Cetitan, M|\n|poke|p2|Smeargle, M|\n|teampreview\n|inactive|Battle timer is ON: inactive players will automatically lose when time's up. (requested by Creepystank)\n|\n|t:|1696170911\n|start\n|switch|p1a: Chandelure|Chandelure, M|100\/100\n|switch|p1b: Baxcalibur|Baxcalibur, M|100\/100\n|switch|p2a: Smeargle|Smeargle, M|100\/100\n|switch|p2b: Vanilluxe|Vanilluxe, M|100\/100\n|turn|1\n|l|\u2606Creepystank\n|inactive|Creepystank disconnected and has a minute to reconnect!\n|player|p1|\n|j|\u2606Creepystank\n|inactive|Creepystank reconnected and has 115 seconds left.\n|player|p1|Creepystank|cynthia-gen4\n|\n|t:|1696170968\n|move|p2a: Smeargle|Bullet Punch|p2b: Vanilluxe\n|-supereffective|p2b: Vanilluxe\n|-damage|p2b: Vanilluxe|96\/100\n|-ability|p2b: Vanilluxe|Weak Armor|boost\n|-unboost|p2b: Vanilluxe|def|1\n|-boost|p2b: Vanilluxe|spe|2\n|-enditem|p2b: Vanilluxe|Weakness Policy\n|-boost|p2b: Vanilluxe|atk|2|[from] item: Weakness Policy\n|-boost|p2b: Vanilluxe|spa|2|[from] item: Weakness Policy\n|move|p2b: Vanilluxe|Substitute|p2b: Vanilluxe\n|-start|p2b: Vanilluxe|Substitute\n|-damage|p2b: Vanilluxe|72\/100\n|move|p1b: Baxcalibur|Scale Shot|p2a: Smeargle\n|-damage|p2a: Smeargle|61\/100\n|-damage|p2a: Smeargle|26\/100\n|-damage|p2a: Smeargle|0 fnt\n|faint|p2a: Smeargle\n|-hitcount|p2: Smeargle|3\n|-unboost|p1b: Baxcalibur|def|1\n|-boost|p1b: Baxcalibur|spe|1\n|move|p1a: Chandelure|Heat Wave|p2b: Vanilluxe\n|-supereffective|p2b: Vanilluxe\n|-end|p2b: Vanilluxe|Substitute\n|\n|upkeep\n|\n|t:|1696170987\n|switch|p2a: Abomasnow|Abomasnow, M|100\/100\n|-weather|Snow|[from] ability: Snow Warning|[of] p2a: Abomasnow\n|turn|2\n|inactive|Creepystank has 120 seconds left.\n|c|\u2606Creepystank|Ive been seeing alot of smeargle recently\n|\n|t:|1696171008\n|-terastallize|p1a: Chandelure|Ice\n|move|p1b: Baxcalibur|Protect|p1b: Baxcalibur\n|-singleturn|p1b: Baxcalibur|Protect\n|move|p2b: Vanilluxe|Blizzard|p1b: Baxcalibur|[spread] p1a\n|-activate|p1b: Baxcalibur|move: Protect\n|-resisted|p1a: Chandelure\n|-damage|p1a: Chandelure|57\/100\n|move|p1a: Chandelure|Haze|p1a: Chandelure\n|-clearallboost\n|move|p2a: Abomasnow|Blizzard|p1a: Chandelure|[spread] p1a\n|-activate|p1b: Baxcalibur|move: Protect\n|-resisted|p1a: Chandelure\n|-damage|p1a: Chandelure|43\/100\n|\n|-weather|Snow|[upkeep]\n|upkeep\n|turn|3\n|inactive|Creepystank has 120 seconds left.\n|c|\u2606icybro12|oh really?\n|c|\u2606Creepystank|Typically with darkrai. Spore setter\n|c|\u2606icybro12|oh got you\n|inactive|Creepystank has 90 seconds left.\n|\n|t:|1696171053\n|move|p1b: Baxcalibur|Iron Head|p2b: Vanilluxe\n|-supereffective|p2b: Vanilluxe\n|-damage|p2b: Vanilluxe|21\/100\n|-ability|p2b: Vanilluxe|Weak Armor|boost\n|-unboost|p2b: Vanilluxe|def|1\n|-boost|p2b: Vanilluxe|spe|2\n|move|p2b: Vanilluxe|Blizzard|p1a: Chandelure|[spread] p1a,p1b\n|-resisted|p1a: Chandelure\n|-damage|p1a: Chandelure|21\/100\n|-damage|p1b: Baxcalibur|60\/100\n|move|p1a: Chandelure|Heat Wave|p2a: Abomasnow|[spread] p2a,p2b\n|-supereffective|p2a: Abomasnow\n|-supereffective|p2b: Vanilluxe\n|-damage|p2a: Abomasnow|0 fnt\n|-damage|p2b: Vanilluxe|0 fnt\n|faint|p2a: Abomasnow\n|faint|p2b: Vanilluxe\n|\n|-weather|Snow|[upkeep]\n|upkeep\n|inactive|icybro12 has 120 seconds left.\n|c|\u2606icybro12|did you know that zygarde isn't even restricted\n|\n|t:|1696171074\n|switch|p2b: Beartic|Beartic, F|100\/100\n|switch|p2a: Sandslash|Sandslash-Alola, M|100\/100\n|turn|4\n|c|\u2606icybro12|crazy imo\n|\n|t:|1696171088\n|move|p1b: Baxcalibur|Protect|p1b: Baxcalibur\n|-singleturn|p1b: Baxcalibur|Protect\n|move|p2a: Sandslash|Ice Spinner|p1b: Baxcalibur\n|-activate|p1b: Baxcalibur|move: Protect\n|move|p2b: Beartic|Icicle Crash|p1a: Chandelure|[miss]\n|-miss|p2b: Beartic|p1a: Chandelure\n|move|p1a: Chandelure|Heat Wave|p2a: Sandslash|[spread] p2a,p2b\n|-supereffective|p2a: Sandslash\n|-supereffective|p2b: Beartic\n|-damage|p2a: Sandslash|0 fnt\n|-damage|p2b: Beartic|4\/100\n|faint|p2a: Sandslash\n|\n|-weather|Snow|[upkeep]\n|upkeep\n|\n|t:|1696171098\n|switch|p2a: Cetitan|Cetitan, M|100\/100\n|turn|5\n|\n|t:|1696171111\n|move|p2b: Beartic|Close Combat|p1a: Chandelure\n|-supereffective|p1a: Chandelure\n|-damage|p1a: Chandelure|0 fnt\n|-unboost|p2b: Beartic|def|1\n|-unboost|p2b: Beartic|spd|1\n|faint|p1a: Chandelure\n|-damage|p2b: Beartic|0 fnt|[from] item: Life Orb\n|faint|p2b: Beartic\n|move|p1b: Baxcalibur|Scale Shot|p2a: Cetitan\n|-damage|p2a: Cetitan|91\/100\n|-damage|p2a: Cetitan|81\/100\n|-damage|p2a: Cetitan|73\/100\n|-damage|p2a: Cetitan|63\/100\n|-damage|p2a: Cetitan|53\/100\n|-hitcount|p2a: Cetitan|5\n|-unboost|p1b: Baxcalibur|def|1\n|-boost|p1b: Baxcalibur|spe|1\n|-zpower|p2a: Cetitan\n|move|p2a: Cetitan|Z-Belly Drum|p2a: Cetitan|[anim]Belly Drum\n|-heal|p2a: Cetitan|100\/100|[zeffect]\n|-damage|p2a: Cetitan|50\/100\n|-setboost|p2a: Cetitan|atk|6|[from] move: Belly Drum\n|\n|-weather|Snow|[upkeep]\n|upkeep\n|c|\u2606Creepystank|Yeah, i dont see it alot tho\n|inactive|Creepystank has 120 seconds left.\n|c|\u2606icybro12|I prolly get Y\n|\n|t:|1696171147\n|switch|p1a: Scovillain|Scovillain, M|100\/100\n|turn|6\n|c|\u2606icybro12|now people are using the new grass typess with their buffs like wind power shell smash etc anywy\n|\n|t:|1696171171\n|move|p1b: Baxcalibur|Protect|p1b: Baxcalibur\n|-singleturn|p1b: Baxcalibur|Protect\n|move|p1a: Scovillain|Protect|p1a: Scovillain\n|-singleturn|p1a: Scovillain|Protect\n|move|p2a: Cetitan|Ice Shard|p1a: Scovillain\n|-activate|p1a: Scovillain|move: Protect\n|\n|-weather|Snow|[upkeep]\n|-ability|p1a: Scovillain|Moody|boost\n|-boost|p1a: Scovillain|atk|2\n|-unboost|p1a: Scovillain|spa|1\n|upkeep\n|turn|7\n|c|\u2606Creepystank|Yeah the shiftry\/tailwind set up then grassy terrain.\n|inactive|Creepystank has 120 seconds left.\n|c|\u2606Creepystank|Or using the dam ball of thorns\n|\n|t:|1696171212\n|move|p2a: Cetitan|Ice Shard|p1a: Scovillain\n|-enditem|p1a: Scovillain|Focus Sash\n|-damage|p1a: Scovillain|1\/100\n|move|p1b: Baxcalibur|Scale Shot|p2a: Cetitan\n|-damage|p2a: Cetitan|42\/100\n|-damage|p2a: Cetitan|32\/100\n|-crit|p2a: Cetitan\n|-damage|p2a: Cetitan|18\/100\n|-damage|p2a: Cetitan|9\/100\n|-damage|p2a: Cetitan|0 fnt\n|faint|p2a: Cetitan\n|-hitcount|p2: Cetitan|5\n|\n|win|Creepystank\n|raw|Creepystank's rating: 1165 &rarr; <strong>1194<\/strong><br \/>(+29 for winning)\n|raw|icybro12's rating: 1228 &rarr; <strong>1199<\/strong><br \/>(-29 for losing)\n|c|\u2606icybro12|this is why I ran weather ball instead aswell as blizzard\n|c|\u2606icybro12|cus of those guys\n|c|\u2606icybro12|ggswp\n","uploadtime":1696171241,"views":5,"p1id":"creepystank","p2id":"icybro12","formatid":"gen9nationaldexdoubles","rating":1194,"private":0,"password":""}