{"id":"gen9nationaldexdoubles-1992103404","p1":"AceCoyoteNK","p2":"Leuco9","format":"[Gen 9] National Dex Doubles","log":"|j|\u2606AceCoyoteNK\n|j|\u2606Leuco9\n|t:|1700155368\n|gametype|doubles\n|player|p1|AceCoyoteNK|lady|1262\n|player|p2|Leuco9|acetrainer|1373\n|teamsize|p1|6\n|teamsize|p2|6\n|gen|9\n|tier|[Gen 9] National Dex Doubles\n|rated|\n|rule|HP Percentage Mod: HP is shown in percentages\n|rule|Endless Battle Clause: Forcing endless battles is banned\n|rule|OHKO Clause: OHKO moves are banned\n|rule|Evasion Moves Clause: Evasion moves are banned\n|rule|Evasion Abilities Clause: Evasion abilities are banned\n|rule|Species Clause: Limit one of each Pok\u00e9mon\n|rule|Gravity Sleep Clause: The combination of sleep-inducing moves with imperfect accuracy and Gravity or Gigantamax Orbeetle are banned\n|clearpoke\n|poke|p1|Rotom-Wash|\n|poke|p1|Tyranitar, F|\n|poke|p1|Goodra-Hisui, M|\n|poke|p1|Ninetales-Alola, F|\n|poke|p1|Iron Hands|\n|poke|p1|Amoonguss, M|\n|poke|p2|Oricorio-Pom-Pom, F|\n|poke|p2|Volcarona, M|\n|poke|p2|Cresselia, F|\n|poke|p2|Espathra, M|\n|poke|p2|Ogerpon-Wellspring, F|\n|poke|p2|Landorus-Therian, M|\n|teampreview\n|inactive|Battle timer is ON: inactive players will automatically lose when time's up. (requested by AceCoyoteNK)\n|\n|t:|1700155387\n|start\n|switch|p1a: Goodra|Goodra-Hisui, M|100\/100\n|switch|p1b: Amoonguss|Amoonguss, M|100\/100\n|switch|p2a: Oricorio|Oricorio-Pom-Pom, F, shiny|100\/100\n|switch|p2b: Volcarona|Volcarona, M, shiny|100\/100\n|turn|1\n|\n|t:|1700155406\n|move|p2b: Volcarona|Fiery Dance|p1b: Amoonguss\n|-supereffective|p1b: Amoonguss\n|-damage|p1b: Amoonguss|26\/100\n|-boost|p2b: Volcarona|spa|1\n|-enditem|p1b: Amoonguss|Red Card|[of] p2b: Volcarona\n|-activate|p2a: Oricorio|ability: Dancer\n|move|p2a: Oricorio|Fiery Dance|p1b: Amoonguss|[from]ability: Dancer\n|-supereffective|p1b: Amoonguss\n|-damage|p1b: Amoonguss|0 fnt\n|faint|p1b: Amoonguss\n|drag|p2b: Ogerpon|Ogerpon-Wellspring, F|100\/100\n|move|p2a: Oricorio|Revelation Dance|p1a: Goodra\n|-resisted|p1a: Goodra\n|-damage|p1a: Goodra|87\/100\n|move|p1a: Goodra|Acid Armor|p1a: Goodra\n|-boost|p1a: Goodra|def|2\n|\n|-heal|p1a: Goodra|93\/100|[from] item: Leftovers\n|upkeep\n|inactive|AceCoyoteNK has 120 seconds left.\n|\n|t:|1700155427\n|switch|p1b: Ninetales|Ninetales-Alola, F, shiny|100\/100\n|-weather|Snow|[from] ability: Snow Warning|[of] p1b: Ninetales\n|turn|2\n|\n|t:|1700155457\n|move|p2b: Ogerpon|Swords Dance|p2b: Ogerpon\n|-boost|p2b: Ogerpon|atk|2\n|-activate|p2a: Oricorio|ability: Dancer\n|move|p2a: Oricorio|Swords Dance|p2a: Oricorio|[from]ability: Dancer\n|-boost|p2a: Oricorio|atk|2\n|move|p1b: Ninetales|Blizzard|p2b: Ogerpon|[spread] p2a,p2b\n|-supereffective|p2a: Oricorio\n|-enditem|p2a: Oricorio|Focus Sash\n|-damage|p2a: Oricorio|1\/100\n|-damage|p2b: Ogerpon|56\/100\n|-damage|p1b: Ninetales|91\/100|[from] item: Life Orb\n|move|p2a: Oricorio|Revelation Dance|p1b: Ninetales\n|-damage|p1b: Ninetales|41\/100\n|move|p1a: Goodra|Acid Armor|p1a: Goodra\n|-boost|p1a: Goodra|def|2\n|\n|-weather|Snow|[upkeep]\n|-heal|p1a: Goodra|99\/100|[from] item: Leftovers\n|upkeep\n|turn|3\n|\n|t:|1700155486\n|move|p2b: Ogerpon|Horn Leech|p1b: Ninetales\n|-damage|p1b: Ninetales|0 fnt\n|-heal|p2b: Ogerpon|76\/100|[from] drain|[of] p1b: Ninetales\n|faint|p1b: Ninetales\n|move|p2a: Oricorio|Revelation Dance|p1a: Goodra\n|-resisted|p1a: Goodra\n|-damage|p1a: Goodra|86\/100\n|move|p1a: Goodra|Heavy Slam|p2a: Oricorio\n|-resisted|p2a: Oricorio\n|-damage|p2a: Oricorio|0 fnt\n|faint|p2a: Oricorio\n|\n|-weather|Snow|[upkeep]\n|-heal|p1a: Goodra|92\/100|[from] item: Leftovers\n|upkeep\n|\n|t:|1700155504\n|switch|p1b: Rotom|Rotom-Wash|100\/100\n|switch|p2a: Landorus|Landorus-Therian, M, shiny|100\/100\n|-ability|p2a: Landorus|Intimidate|boost\n|-unboost|p1a: Goodra|atk|1\n|-unboost|p1b: Rotom|atk|1\n|turn|4\n|\n|t:|1700155520\n|switch|p1b: Tyranitar|Tyranitar, F|100\/100\n|-ability|p1b: Tyranitar|Unnerve\n|-terastallize|p1a: Goodra|Water\n|move|p2b: Ogerpon|Spiky Shield|p2b: Ogerpon\n|-singleturn|p2b: Ogerpon|move: Protect\n|move|p2a: Landorus|U-turn|p1b: Tyranitar\n|-supereffective|p1b: Tyranitar\n|-damage|p1b: Tyranitar|60\/100\n|\n|t:|1700155532\n|switch|p2a: Espathra|Espathra, M, shiny|100\/100|[from] U-turn\n|move|p1a: Goodra|Body Press|p2b: Ogerpon\n|-activate|p2b: Ogerpon|move: Protect\n|-damage|p1a: Goodra|80\/100|[from] Spiky Shield|[of] p2b: Ogerpon\n|\n|-weather|Snow|[upkeep]\n|-heal|p1a: Goodra|86\/100|[from] item: Leftovers\n|upkeep\n|turn|5\n|inactive|Leuco9 has 120 seconds left.\n|\n|t:|1700155564\n|move|p2a: Espathra|Protect|p2a: Espathra\n|-singleturn|p2a: Espathra|Protect\n|move|p2b: Ogerpon|Horn Leech|p1b: Tyranitar\n|-supereffective|p1b: Tyranitar\n|-damage|p1b: Tyranitar|0 fnt\n|-heal|p2b: Ogerpon|100\/100|[from] drain|[of] p1b: Tyranitar\n|faint|p1b: Tyranitar\n|move|p1a: Goodra|Body Press|p2b: Ogerpon\n|-damage|p2b: Ogerpon|1\/100\n|\n|-weather|Snow|[upkeep]\n|-heal|p1a: Goodra|92\/100|[from] item: Leftovers\n|upkeep\n|\n|t:|1700155575\n|switch|p1b: Iron Hands|Iron Hands|100\/100\n|turn|6\n|\n|t:|1700155595\n|move|p2b: Ogerpon|Spiky Shield|p2b: Ogerpon\n|-singleturn|p2b: Ogerpon|move: Protect\n|move|p1b: Iron Hands|Fake Out|p2a: Espathra\n|-damage|p2a: Espathra|76\/100\n|cant|p2a: Espathra|flinch\n|move|p1a: Goodra|Heavy Slam|p2a: Espathra\n|-damage|p2a: Espathra|46\/100\n|\n|-weather|none\n|-heal|p1a: Goodra|99\/100|[from] item: Leftovers\n|upkeep\n|turn|7\n|\n|t:|1700155614\n|move|p2b: Ogerpon|Horn Leech|p1b: Iron Hands\n|-damage|p1b: Iron Hands|40\/100\n|-heal|p2b: Ogerpon|52\/100|[from] drain|[of] p1b: Iron Hands\n|move|p2a: Espathra|Dazzling Gleam|p1a: Goodra|[spread] p1a,p1b\n|-supereffective|p1b: Iron Hands\n|-damage|p1a: Goodra|85\/100\n|-damage|p1b: Iron Hands|14\/100\n|-damage|p2a: Espathra|36\/100|[from] item: Life Orb\n|move|p1a: Goodra|Heavy Slam|p2b: Ogerpon\n|-resisted|p2b: Ogerpon\n|-damage|p2b: Ogerpon|35\/100\n|move|p1b: Iron Hands|Thunder Punch|p2a: Espathra\n|-damage|p2a: Espathra|0 fnt\n|faint|p2a: Espathra\n|\n|-heal|p1a: Goodra|91\/100|[from] item: Leftovers\n|upkeep\n|\n|t:|1700155633\n|switch|p2a: Cresselia|Cresselia, F, shiny|100\/100\n|turn|8\n|\n|t:|1700155645\n|move|p2b: Ogerpon|Spiky Shield|p2b: Ogerpon\n|-singleturn|p2b: Ogerpon|move: Protect\n|move|p2a: Cresselia|Lunar Blessing|p2a: Cresselia|[spread] p2a,p2b\n|-heal|p2b: Ogerpon|60\/100\n|move|p1a: Goodra|Acid Armor|p1a: Goodra\n|-boost|p1a: Goodra|def|2\n|move|p1b: Iron Hands|Ice Punch|p2b: Ogerpon\n|-activate|p2b: Ogerpon|move: Protect\n|-damage|p1b: Iron Hands|2\/100|[from] Spiky Shield|[of] p2b: Ogerpon\n|\n|-heal|p1a: Goodra|97\/100|[from] item: Leftovers\n|upkeep\n|turn|9\n|\n|t:|1700155672\n|move|p2b: Ogerpon|Horn Leech|p1b: Iron Hands\n|-damage|p1b: Iron Hands|0 fnt\n|-heal|p2b: Ogerpon|61\/100|[from] drain|[of] p1b: Iron Hands\n|faint|p1b: Iron Hands\n|-end|p1b: Iron Hands|Quark Drive|[silent]\n|move|p2a: Cresselia|Toxic|p1a: Goodra\n|-status|p1a: Goodra|tox\n|move|p1a: Goodra|Body Press|p2b: Ogerpon\n|-damage|p2b: Ogerpon|0 fnt\n|faint|p2b: Ogerpon\n|\n|-heal|p1a: Goodra|100\/100 tox|[from] item: Leftovers\n|-damage|p1a: Goodra|94\/100 tox|[from] psn\n|upkeep\n|\n|t:|1700155687\n|switch|p2b: Landorus|Landorus-Therian, M, shiny|100\/100\n|switch|p1b: Rotom|Rotom-Wash|100\/100\n|-ability|p2b: Landorus|Intimidate|boost\n|-unboost|p1a: Goodra|atk|1\n|-unboost|p1b: Rotom|atk|1\n|turn|10\n|\n|t:|1700155706\n|move|p2b: Landorus|Rock Slide|p1a: Goodra|[spread] p1a,p1b\n|-damage|p1a: Goodra|91\/100 tox\n|-damage|p1b: Rotom|77\/100\n|move|p1b: Rotom|Will-O-Wisp|p2b: Landorus\n|-status|p2b: Landorus|brn\n|move|p2a: Cresselia|Lunar Blessing|p2a: Cresselia|[spread] p2a,p2b\n|-curestatus|p2b: Landorus|brn|[msg]\n|move|p1a: Goodra|Body Press|p2a: Cresselia\n|-resisted|p2a: Cresselia\n|-damage|p2a: Cresselia|68\/100\n|\n|-heal|p2a: Cresselia|74\/100|[from] item: Leftovers\n|-heal|p1b: Rotom|84\/100|[from] item: Leftovers\n|-heal|p1a: Goodra|97\/100 tox|[from] item: Leftovers\n|-damage|p1a: Goodra|84\/100 tox|[from] psn\n|upkeep\n|turn|11\n|\n|t:|1700155725\n|move|p2b: Landorus|Rock Slide|p1a: Goodra|[spread] p1a,p1b\n|-damage|p1a: Goodra|80\/100 tox\n|-damage|p1b: Rotom|62\/100\n|cant|p1b: Rotom|flinch\n|move|p2a: Cresselia|Icy Wind|p1b: Rotom|[spread] p1a,p1b\n|-resisted|p1a: Goodra\n|-resisted|p1b: Rotom\n|-damage|p1a: Goodra|78\/100 tox\n|-damage|p1b: Rotom|58\/100\n|-unboost|p1a: Goodra|spe|1\n|-unboost|p1b: Rotom|spe|1\n|move|p1a: Goodra|Body Press|p2a: Cresselia\n|-resisted|p2a: Cresselia\n|-damage|p2a: Cresselia|42\/100\n|\n|-heal|p2a: Cresselia|49\/100|[from] item: Leftovers\n|-heal|p1b: Rotom|65\/100|[from] item: Leftovers\n|-heal|p1a: Goodra|84\/100 tox|[from] item: Leftovers\n|-damage|p1a: Goodra|65\/100 tox|[from] psn\n|upkeep\n|turn|12\n|\n|t:|1700155747\n|move|p2b: Landorus|Rock Slide|p1b: Rotom|[spread] p1a,p1b\n|-damage|p1a: Goodra|62\/100 tox\n|-damage|p1b: Rotom|41\/100\n|move|p2a: Cresselia|Lunar Blessing|p2a: Cresselia|[spread] p2a,p2b\n|-heal|p2a: Cresselia|74\/100\n|move|p1b: Rotom|Hydro Pump|p2b: Landorus\n|-supereffective|p2b: Landorus\n|-damage|p2b: Landorus|0 fnt\n|faint|p2b: Landorus\n|move|p1a: Goodra|Body Press|p2a: Cresselia\n|-resisted|p2a: Cresselia\n|-damage|p2a: Cresselia|44\/100\n|\n|-heal|p2a: Cresselia|50\/100|[from] item: Leftovers\n|-heal|p1b: Rotom|47\/100|[from] item: Leftovers\n|-heal|p1a: Goodra|68\/100 tox|[from] item: Leftovers\n|-damage|p1a: Goodra|43\/100 tox|[from] psn\n|upkeep\n|\n|t:|1700155756\n|switch|p2b: Volcarona|Volcarona, M, shiny|100\/100\n|turn|13\n|\n|t:|1700155771\n|move|p2b: Volcarona|Bug Buzz|p1b: Rotom\n|-damage|p1b: Rotom|0 fnt\n|faint|p1b: Rotom\n|move|p2a: Cresselia|Lunar Blessing|p2a: Cresselia|[spread] p2a,p2b\n|-heal|p2a: Cresselia|75\/100\n|move|p1a: Goodra|Body Press|p2a: Cresselia\n|-resisted|p2a: Cresselia\n|-damage|p2a: Cresselia|45\/100\n|\n|-heal|p2a: Cresselia|52\/100|[from] item: Leftovers\n|-heal|p1a: Goodra|49\/100 tox|[from] item: Leftovers\n|-damage|p1a: Goodra|18\/100 tox|[from] psn\n|upkeep\n|turn|14\n|-message|AceCoyoteNK forfeited.\n|\n|win|Leuco9\n|raw|AceCoyoteNK's rating: 1262 &rarr; <strong>1245<\/strong><br \/>(-17 for losing)\n|raw|Leuco9's rating: 1373 &rarr; <strong>1387<\/strong><br \/>(+14 for winning)\n|l|\u2606AceCoyoteNK\n|c|\u2606Leuco9|gg wp\n","uploadtime":1700155795,"views":5,"p1id":"acecoyotenk","p2id":"leuco9","formatid":"gen9nationaldexdoubles","rating":1245,"private":0,"password":""}