{"id":"gen9nationaldexdoubles-1950099817","p1":"kingspeed51","p2":"Immagamer","format":"[Gen 9] National Dex Doubles","log":"|j|\u2606kingspeed51\n|j|\u2606Immagamer\n|t:|1695426027\n|gametype|doubles\n|player|p1|kingspeed51|2|1240\n|player|p2|Immagamer|lucas|1276\n|teamsize|p1|6\n|teamsize|p2|6\n|gen|9\n|tier|[Gen 9] National Dex Doubles\n|rated|\n|rule|HP Percentage Mod: HP is shown in percentages\n|rule|Endless Battle Clause: Forcing endless battles is banned\n|rule|OHKO Clause: OHKO moves are banned\n|rule|Evasion Moves Clause: Evasion moves are banned\n|rule|Evasion Abilities Clause: Evasion abilities are banned\n|rule|Species Clause: Limit one of each Pok\u00e9mon\n|rule|Gravity Sleep Clause: The combination of sleep-inducing moves with imperfect accuracy and Gravity or Gigantamax Orbeetle are banned\n|clearpoke\n|poke|p1|Iron Treads|\n|poke|p1|Dragonite, M|\n|poke|p1|Milotic, M|\n|poke|p1|Sinistcha|\n|poke|p1|Klefki, M|\n|poke|p1|Chansey, F|\n|poke|p2|Zygarde|\n|poke|p2|Swoobat, M|\n|poke|p2|Maushold-Four|\n|poke|p2|Indeedee-F, F|\n|poke|p2|Flamigo, F|\n|poke|p2|Quaquaval, M|\n|teampreview\n|inactive|Battle timer is ON: inactive players will automatically lose when time's up. (requested by Immagamer)\n|\n|t:|1695426037\n|start\n|switch|p1a: Klefki|Klefki, M|100\/100\n|switch|p1b: Iron Treads|Iron Treads|100\/100\n|switch|p2a: Zygarde|Zygarde|100\/100\n|switch|p2b: Swoobat|Swoobat, M|100\/100\n|-ability|p2a: Zygarde|Aura Break\n|-enditem|p1b: Iron Treads|Booster Energy\n|-activate|p1b: Iron Treads|ability: Quark Drive|[fromitem]\n|-start|p1b: Iron Treads|quarkdrivespe\n|turn|1\n|\n|t:|1695426050\n|move|p1a: Klefki|Reflect|p1a: Klefki\n|-sidestart|p1: kingspeed51|Reflect\n|move|p1b: Iron Treads|Ice Spinner|p2a: Zygarde\n|-supereffective|p2a: Zygarde\n|-damage|p2a: Zygarde|22\/100\n|move|p2b: Swoobat|Skill Swap|p2a: Zygarde\n|-activate|p2b: Swoobat|move: Skill Swap|||[of] p2a: Zygarde\n|-ability|p2b: Swoobat|Aura Break\n|move|p2a: Zygarde|Dragon Dance|p2a: Zygarde\n|-boost|p2a: Zygarde|atk|2\n|-boost|p2a: Zygarde|spe|2\n|\n|upkeep\n|turn|2\n|\n|t:|1695426067\n|-end|p1b: Iron Treads|Quark Drive|[silent]\n|switch|p1b: Milotic|Milotic, M|100\/100\n|move|p2a: Zygarde|Protect|p2a: Zygarde\n|-singleturn|p2a: Zygarde|Protect\n|move|p2b: Swoobat|U-turn|p1a: Klefki\n|-resisted|p1a: Klefki\n|-damage|p1a: Klefki|99\/100\n|\n|t:|1695426077\n|switch|p2b: Maushold|Maushold-Four|100\/100|[from] U-turn\n|move|p1a: Klefki|Dazzling Gleam|p2a: Zygarde|[spread] p2b\n|-activate|p2a: Zygarde|move: Protect\n|-damage|p2b: Maushold|81\/100\n|\n|upkeep\n|turn|3\n|\n|t:|1695426105\n|-terastallize|p2a: Zygarde|Normal\n|move|p2b: Maushold|Follow Me|p2b: Maushold\n|-singleturn|p2b: Maushold|move: Follow Me\n|move|p2a: Zygarde|Thousand Arrows|p1a: Klefki|[spread] p1a,p1b\n|-supereffective|p1a: Klefki\n|-crit|p1a: Klefki\n|-damage|p1a: Klefki|0 fnt\n|-damage|p1b: Milotic|66\/100\n|faint|p1a: Klefki\n|move|p1b: Milotic|Scald|p2b: Maushold\n|-damage|p2b: Maushold|47\/100\n|-status|p2b: Maushold|brn\n|\n|-damage|p2b: Maushold|40\/100 brn|[from] brn\n|upkeep\n|\n|t:|1695426120\n|switch|p1a: Dragonite|Dragonite, M|100\/100\n|turn|4\n|\n|t:|1695426136\n|move|p2a: Zygarde|Protect|p2a: Zygarde\n|-singleturn|p2a: Zygarde|Protect\n|move|p2b: Maushold|Follow Me|p2b: Maushold\n|-singleturn|p2b: Maushold|move: Follow Me\n|move|p1a: Dragonite|Extreme Speed|p2b: Maushold\n|-damage|p2b: Maushold|0 fnt\n|faint|p2b: Maushold\n|-damage|p1a: Dragonite|91\/100|[from] item: Life Orb\n|move|p1b: Milotic|Ice Beam|p2a: Zygarde\n|-activate|p2a: Zygarde|move: Protect\n|\n|upkeep\n|\n|t:|1695426149\n|switch|p2b: Indeedee|Indeedee-F, F|100\/100\n|-fieldstart|move: Psychic Terrain|[from] ability: Psychic Surge|[of] p2b: Indeedee\n|turn|5\n|\n|t:|1695426162\n|switch|p1b: Sinistcha|Sinistcha|100\/100\n|-heal|p1a: Dragonite|100\/100|[from] ability: Hospitality|[of] p1b: Sinistcha\n|move|p1a: Dragonite|Protect|p1a: Dragonite\n|-singleturn|p1a: Dragonite|Protect\n|move|p2b: Indeedee|Follow Me|p2b: Indeedee\n|-singleturn|p2b: Indeedee|move: Follow Me\n|move|p2a: Zygarde|Dragon Dance|p2a: Zygarde\n|-boost|p2a: Zygarde|atk|2\n|-boost|p2a: Zygarde|spe|2\n|\n|upkeep\n|turn|6\n|\n|t:|1695426185\n|switch|p1a: Chansey|Chansey, F|100\/100\n|move|p2a: Zygarde|Thousand Arrows|p1b: Sinistcha|[spread] p1a,p1b\n|-resisted|p1b: Sinistcha\n|-damage|p1a: Chansey|0 fnt\n|-damage|p1b: Sinistcha|71\/100\n|faint|p1a: Chansey\n|move|p2b: Indeedee|Heal Pulse|p2a: Zygarde\n|-heal|p2a: Zygarde|72\/100\n|move|p1b: Sinistcha|Matcha Gotcha|p2a: Zygarde|[spread] p2a,p2b\n|-damage|p2a: Zygarde|47\/100\n|-heal|p1b: Sinistcha|84\/100|[from] drain|[of] p2a: Zygarde\n|-damage|p2b: Indeedee|78\/100\n|-heal|p1b: Sinistcha|96\/100|[from] drain|[of] p2b: Indeedee\n|-status|p2b: Indeedee|brn\n|\n|-damage|p2b: Indeedee|72\/100 brn|[from] brn\n|upkeep\n|\n|t:|1695426202\n|switch|p1a: Iron Treads|Iron Treads|100\/100\n|turn|7\n|inactive|Immagamer has 120 seconds left.\n|\n|t:|1695426250\n|switch|p1b: Dragonite|Dragonite, M|100\/100\n|-terastallize|p1a: Iron Treads|Ground\n|move|p2a: Zygarde|Thousand Arrows|p1b: Dragonite|[spread] p1a,p1b\n|-damage|p1a: Iron Treads|42\/100\n|-damage|p1b: Dragonite|31\/100\n|-start|p1b: Dragonite|Smack Down\n|move|p1a: Iron Treads|Earthquake|p2a: Zygarde|[spread] p1b,p2a,p2b\n|-damage|p1b: Dragonite|0 fnt\n|-damage|p2a: Zygarde|11\/100\n|-damage|p2b: Indeedee|10\/100 brn\n|faint|p1b: Dragonite\n|move|p2b: Indeedee|Heal Pulse|p2a: Zygarde\n|-heal|p2a: Zygarde|61\/100\n|\n|-damage|p2b: Indeedee|3\/100 brn|[from] brn\n|upkeep\n|-message|kingspeed51 forfeited.\n|\n|win|Immagamer\n|raw|kingspeed51's rating: 1240 &rarr; <strong>1218<\/strong><br \/>(-22 for losing)\n|raw|Immagamer's rating: 1276 &rarr; <strong>1298<\/strong><br \/>(+22 for winning)\n|l|\u2606kingspeed51\n","uploadtime":1695426269,"views":14,"p1id":"kingspeed51","p2id":"immagamer","formatid":"gen9nationaldexdoubles","rating":1218,"private":0,"password":""}