{"id":"gen9nationaldexdoubles-1984561557","p1":"jackyjc21","p2":"samcanman","format":"[Gen 9] National Dex Doubles","log":"|j|\u2606jackyjc21\n|j|\u2606samcanman\n|t:|1699279966\n|gametype|doubles\n|player|p1|jackyjc21|benga|1114\n|player|p2|samcanman|acetrainer-gen4dp|1000\n|teamsize|p1|6\n|teamsize|p2|6\n|gen|9\n|tier|[Gen 9] National Dex Doubles\n|rated|\n|rule|HP Percentage Mod: HP is shown in percentages\n|rule|Endless Battle Clause: Forcing endless battles is banned\n|rule|OHKO Clause: OHKO moves are banned\n|rule|Evasion Moves Clause: Evasion moves are banned\n|rule|Evasion Abilities Clause: Evasion abilities are banned\n|rule|Species Clause: Limit one of each Pok\u00e9mon\n|rule|Gravity Sleep Clause: The combination of sleep-inducing moves with imperfect accuracy and Gravity or Gigantamax Orbeetle are banned\n|clearpoke\n|poke|p1|Chatot, F|\n|poke|p1|Altaria, F|\n|poke|p1|Greninja-*, M|\n|poke|p1|Skeledirge, F|\n|poke|p1|Primarina, F|\n|poke|p1|Toxtricity-Low-Key, M|\n|poke|p2|Iron Moth|\n|poke|p2|Ninetales-Alola, F|\n|poke|p2|Urshifu-*, F|\n|poke|p2|Aerodactyl, M|\n|poke|p2|Bellibolt, M|\n|poke|p2|Krookodile, M|\n|teampreview\n|\n|t:|1699279979\n|start\n|switch|p1a: Chatot|Chatot, F|100\/100\n|switch|p1b: Primarina|Primarina, F|100\/100\n|switch|p2a: Urshifu|Urshifu-Rapid-Strike, F|100\/100\n|switch|p2b: Aerodactyl|Aerodactyl, M|100\/100\n|turn|1\n|inactive|Battle timer is ON: inactive players will automatically lose when time's up. (requested by samcanman)\n|\n|t:|1699280001\n|move|p1a: Chatot|Round|p2a: Urshifu\n|-damage|p2a: Urshifu|61\/100\n|move|p1b: Primarina|Round|p2b: Aerodactyl|[from]move: Round\n|-supereffective|p2b: Aerodactyl\n|-damage|p2b: Aerodactyl|0 fnt\n|faint|p2b: Aerodactyl\n|move|p2a: Urshifu|U-turn|p1b: Primarina\n|-resisted|p1b: Primarina\n|-damage|p1b: Primarina|84\/100\n|\n|t:|1699280013\n|switch|p2a: Iron Moth|Iron Moth|100\/100|[from] U-turn\n|-enditem|p2a: Iron Moth|Booster Energy\n|-activate|p2a: Iron Moth|ability: Quark Drive|[fromitem]\n|-start|p2a: Iron Moth|quarkdrivespa\n|\n|upkeep\n|\n|t:|1699280019\n|switch|p2b: Bellibolt|Bellibolt, M|100\/100\n|turn|2\n|\n|t:|1699280027\n|move|p1a: Chatot|Round|p2b: Bellibolt\n|-damage|p2b: Bellibolt|75\/100\n|-start|p2b: Bellibolt|Charge|Round|[from] ability: Electromorphosis\n|move|p1b: Primarina|Round|p2a: Iron Moth|[from]move: Round\n|-supereffective|p2a: Iron Moth\n|-crit|p2a: Iron Moth\n|-damage|p2a: Iron Moth|0 fnt\n|faint|p2a: Iron Moth\n|-end|p2a: Iron Moth|Quark Drive|[silent]\n|move|p2b: Bellibolt|Parabolic Charge|p1b: Primarina|[spread] p1a,p1b\n|-supereffective|p1a: Chatot\n|-supereffective|p1b: Primarina\n|-damage|p1a: Chatot|0 fnt\n|-heal|p2b: Bellibolt|100\/100|[from] drain|[of] p1a: Chatot\n|-damage|p1b: Primarina|27\/100\n|faint|p1a: Chatot\n|-end|p2b: Bellibolt|Charge|[silent]\n|\n|upkeep\n|\n|t:|1699280051\n|switch|p2a: Ninetales|Ninetales-Alola, F|100\/100\n|switch|p1a: Toxtricity|Toxtricity-Low-Key, M|100\/100\n|-weather|Snow|[from] ability: Snow Warning|[of] p2a: Ninetales\n|turn|3\n|\n|t:|1699280066\n|move|p2a: Ninetales|Moonblast|p1a: Toxtricity\n|-resisted|p1a: Toxtricity\n|-damage|p1a: Toxtricity|77\/100\n|move|p1a: Toxtricity|Overdrive|p2a: Ninetales|[spread] p2a,p2b\n|-resisted|p2b: Bellibolt\n|-damage|p2a: Ninetales|50\/100\n|-damage|p2b: Bellibolt|81\/100\n|-start|p2b: Bellibolt|Charge|Overdrive|[from] ability: Electromorphosis\n|-enditem|p1a: Toxtricity|Throat Spray\n|-boost|p1a: Toxtricity|spa|1|[from] item: Throat Spray\n|move|p1b: Primarina|Sparkling Aria|p2b: Bellibolt|[spread] p1a,p2a,p2b\n|-damage|p1a: Toxtricity|47\/100\n|-damage|p2a: Ninetales|0 fnt\n|-damage|p2b: Bellibolt|33\/100\n|-start|p2b: Bellibolt|Charge|Sparkling Aria|[from] ability: Electromorphosis\n|faint|p2a: Ninetales\n|move|p2b: Bellibolt|Parabolic Charge|p1a: Toxtricity|[spread] p1a,p1b\n|-resisted|p1a: Toxtricity\n|-supereffective|p1b: Primarina\n|-damage|p1a: Toxtricity|24\/100\n|-heal|p2b: Bellibolt|43\/100|[from] drain|[of] p1a: Toxtricity\n|-damage|p1b: Primarina|0 fnt\n|-heal|p2b: Bellibolt|54\/100|[from] drain|[of] p1b: Primarina\n|faint|p1b: Primarina\n|-end|p2b: Bellibolt|Charge|[silent]\n|\n|-weather|Snow|[upkeep]\n|upkeep\n|\n|t:|1699280091\n|switch|p2a: Urshifu|Urshifu-Rapid-Strike, F|61\/100\n|switch|p1b: Greninja|Greninja, M|100\/100\n|turn|4\n|\n|t:|1699280106\n|-terastallize|p1a: Toxtricity|Normal\n|move|p1b: Greninja|Round|p2a: Urshifu\n|-damage|p2a: Urshifu|20\/100\n|-damage|p1b: Greninja|91\/100|[from] item: Life Orb\n|move|p1a: Toxtricity|Round|p2b: Bellibolt|[from]move: Round\n|-damage|p2b: Bellibolt|0 fnt\n|faint|p2b: Bellibolt\n|move|p2a: Urshifu|Close Combat|p1b: Greninja\n|-supereffective|p1b: Greninja\n|-damage|p1b: Greninja|0 fnt\n|-unboost|p2a: Urshifu|def|1\n|-unboost|p2a: Urshifu|spd|1\n|faint|p1b: Greninja\n|\n|-weather|Snow|[upkeep]\n|upkeep\n|\n|t:|1699280125\n|switch|p1b: Altaria|Altaria, F|100\/100\n|switch|p2b: Krookodile|Krookodile, M|100\/100\n|turn|5\n|\n|t:|1699280140\n|detailschange|p1b: Altaria|Altaria-Mega, F\n|-mega|p1b: Altaria|Altaria|Altarianite\n|move|p2a: Urshifu|Surging Strikes|p1b: Altaria\n|-resisted|p1b: Altaria\n|-crit|p1b: Altaria\n|-damage|p1b: Altaria|91\/100\n|-resisted|p1b: Altaria\n|-crit|p1b: Altaria\n|-damage|p1b: Altaria|81\/100\n|-resisted|p1b: Altaria\n|-crit|p1b: Altaria\n|-damage|p1b: Altaria|71\/100\n|-hitcount|p1b: Altaria|3\n|move|p2b: Krookodile|Foul Play|p1a: Toxtricity\n|-damage|p1a: Toxtricity|0 fnt\n|faint|p1a: Toxtricity\n|move|p1b: Altaria|Round|p2a: Urshifu\n|-supereffective|p2a: Urshifu\n|-damage|p2a: Urshifu|0 fnt\n|faint|p2a: Urshifu\n|\n|-weather|Snow|[upkeep]\n|upkeep\n|\n|t:|1699280159\n|switch|p1a: Skeledirge|Skeledirge, F|100\/100\n|turn|6\n|\n|t:|1699280164\n|move|p2b: Krookodile|Foul Play|p1a: Skeledirge\n|-supereffective|p1a: Skeledirge\n|-damage|p1a: Skeledirge|61\/100\n|move|p1b: Altaria|Round|p2b: Krookodile\n|-supereffective|p2b: Krookodile\n|-damage|p2b: Krookodile|11\/100\n|move|p1a: Skeledirge|Round|p2b: Krookodile|[from]move: Round\n|-damage|p2b: Krookodile|0 fnt\n|faint|p2b: Krookodile\n|\n|win|jackyjc21\n|raw|jackyjc21's rating: 1114 &rarr; <strong>1131<\/strong><br \/>(+17 for winning)\n|raw|samcanman's rating: 1000 &rarr; <strong>1000<\/strong><br \/>(+0 for losing)\n","uploadtime":1699280180,"views":7,"p1id":"jackyjc21","p2id":"samcanman","formatid":"gen9nationaldexdoubles","rating":1000,"private":0,"password":""}