{"id":"gen9nationaldexdoubles-1956153776","p1":"bibleisreal20994","p2":"icybro12","format":"[Gen 9] National Dex Doubles","log":"|j|\u2606bibleisreal20994\n|j|\u2606icybro12\n|t:|1696079517\n|gametype|doubles\n|player|p1|bibleisreal20994|veteran|1241\n|player|p2|icybro12|psychic|1173\n|teamsize|p1|6\n|teamsize|p2|6\n|gen|9\n|tier|[Gen 9] National Dex Doubles\n|rated|\n|rule|HP Percentage Mod: HP is shown in percentages\n|rule|Endless Battle Clause: Forcing endless battles is banned\n|rule|OHKO Clause: OHKO moves are banned\n|rule|Evasion Moves Clause: Evasion moves are banned\n|rule|Evasion Abilities Clause: Evasion abilities are banned\n|rule|Species Clause: Limit one of each Pok\u00e9mon\n|rule|Gravity Sleep Clause: The combination of sleep-inducing moves with imperfect accuracy and Gravity or Gigantamax Orbeetle are banned\n|clearpoke\n|poke|p1|Meowscarada, F|\n|poke|p1|Pheromosa|\n|poke|p1|Hatterene, F|\n|poke|p1|Lopunny, F|\n|poke|p1|Tapu Fini|\n|poke|p1|Armarouge, F|\n|poke|p2|Tyranitar, F|\n|poke|p2|Excadrill, F|\n|poke|p2|Sandslash, M|\n|poke|p2|Jirachi|\n|poke|p2|Gastrodon, F|\n|poke|p2|Dracovish|\n|teampreview\n|inactive|Battle timer is ON: inactive players will automatically lose when time's up. (requested by bibleisreal20994)\n|\n|t:|1696079539\n|start\n|switch|p1a: Lopunny|Lopunny, F|100\/100\n|switch|p1b: Meowscarada|Meowscarada, F|100\/100\n|switch|p2a: Tyranitar|Tyranitar, F|100\/100\n|switch|p2b: Dracovish|Dracovish|100\/100\n|-weather|Sandstorm|[from] ability: Sand Stream|[of] p2a: Tyranitar\n|turn|1\n|\n|t:|1696079549\n|detailschange|p1a: Lopunny|Lopunny-Mega, F\n|-mega|p1a: Lopunny|Lopunny|Lopunnite\n|move|p2a: Tyranitar|Protect|p2a: Tyranitar\n|-singleturn|p2a: Tyranitar|Protect\n|move|p1a: Lopunny|Fake Out|p2b: Dracovish\n|-damage|p2b: Dracovish|77\/100\n|move|p1b: Meowscarada|Low Kick|p2a: Tyranitar\n|-start|p1b: Meowscarada|typechange|Fighting|[from] ability: Protean\n|-activate|p2a: Tyranitar|move: Protect\n|cant|p2b: Dracovish|flinch\n|\n|-weather|Sandstorm|[upkeep]\n|-damage|p1b: Meowscarada|94\/100|[from] Sandstorm\n|-damage|p1a: Lopunny|95\/100|[from] Sandstorm\n|upkeep\n|turn|2\n|\n|t:|1696079566\n|move|p1b: Meowscarada|Low Kick|p2b: Dracovish\n|-damage|p2b: Dracovish|9\/100\n|move|p2b: Dracovish|Fishious Rend|p1b: Meowscarada\n|-damage|p1b: Meowscarada|8\/100\n|move|p1a: Lopunny|Close Combat|p2a: Tyranitar\n|-supereffective|p2a: Tyranitar\n|-damage|p2a: Tyranitar|0 fnt\n|-unboost|p1a: Lopunny|def|1\n|-unboost|p1a: Lopunny|spd|1\n|faint|p2a: Tyranitar\n|\n|-weather|Sandstorm|[upkeep]\n|-damage|p1b: Meowscarada|2\/100|[from] Sandstorm\n|-damage|p1a: Lopunny|89\/100|[from] Sandstorm\n|upkeep\n|\n|t:|1696079574\n|switch|p2a: Jirachi|Jirachi|100\/100\n|turn|3\n|\n|t:|1696079587\n|switch|p1b: Tapu Fini|Tapu Fini|100\/100\n|-fieldstart|move: Misty Terrain|[from] ability: Misty Surge|[of] p1b: Tapu Fini\n|move|p1a: Lopunny|Protect|p1a: Lopunny\n|-singleturn|p1a: Lopunny|Protect\n|move|p2a: Jirachi|Follow Me|p2a: Jirachi\n|-singleturn|p2a: Jirachi|move: Follow Me\n|move|p2b: Dracovish|Fishious Rend|p1a: Lopunny\n|-activate|p1a: Lopunny|move: Protect\n|\n|-weather|Sandstorm|[upkeep]\n|-damage|p1a: Lopunny|83\/100|[from] Sandstorm\n|-damage|p1b: Tapu Fini|94\/100|[from] Sandstorm\n|-heal|p1b: Tapu Fini|100\/100|[from] item: Leftovers\n|upkeep\n|turn|4\n|\n|t:|1696079616\n|switch|p1a: Hatterene|Hatterene, F|100\/100\n|move|p2a: Jirachi|Follow Me|p2a: Jirachi\n|-singleturn|p2a: Jirachi|move: Follow Me\n|move|p2b: Dracovish|Fishious Rend|p1a: Hatterene\n|-damage|p1a: Hatterene|0 fnt\n|faint|p1a: Hatterene\n|move|p1b: Tapu Fini|Icy Wind|p2a: Jirachi|[spread] p2a,p2b\n|-resisted|p2a: Jirachi\n|-damage|p2a: Jirachi|98\/100\n|-damage|p2b: Dracovish|0 fnt\n|-unboost|p2a: Jirachi|spe|1\n|faint|p2b: Dracovish\n|\n|-weather|Sandstorm|[upkeep]\n|-damage|p1b: Tapu Fini|94\/100|[from] Sandstorm\n|-heal|p1b: Tapu Fini|100\/100|[from] item: Leftovers\n|-heal|p2a: Jirachi|100\/100|[from] item: Leftovers\n|upkeep\n|\n|t:|1696079630\n|switch|p2b: Excadrill|Excadrill, F|100\/100\n|switch|p1a: Lopunny|Lopunny-Mega, F|83\/100\n|turn|5\n|\n|t:|1696079639\n|move|p2b: Excadrill|Protect|p2b: Excadrill\n|-singleturn|p2b: Excadrill|Protect\n|move|p2a: Jirachi|Protect|p2a: Jirachi\n|-singleturn|p2a: Jirachi|Protect\n|move|p1a: Lopunny|Fake Out|p2b: Excadrill\n|-activate|p2b: Excadrill|move: Protect\n|move|p1b: Tapu Fini|Icy Wind|p2a: Jirachi|[spread] \n|-activate|p2a: Jirachi|move: Protect\n|-activate|p2b: Excadrill|move: Protect\n|\n|-weather|Sandstorm|[upkeep]\n|-damage|p1a: Lopunny|77\/100|[from] Sandstorm\n|-damage|p1b: Tapu Fini|94\/100|[from] Sandstorm\n|-heal|p1b: Tapu Fini|100\/100|[from] item: Leftovers\n|upkeep\n|turn|6\n|\n|t:|1696079655\n|move|p1a: Lopunny|Protect|p1a: Lopunny\n|-singleturn|p1a: Lopunny|Protect\n|move|p2a: Jirachi|Follow Me|p2a: Jirachi\n|-singleturn|p2a: Jirachi|move: Follow Me\n|move|p2b: Excadrill|Iron Head|p1b: Tapu Fini\n|-damage|p1b: Tapu Fini|42\/100\n|-damage|p2b: Excadrill|91\/100|[from] item: Life Orb\n|move|p1b: Tapu Fini|Icy Wind|p2b: Excadrill|[spread] p2a,p2b\n|-resisted|p2a: Jirachi\n|-damage|p2a: Jirachi|98\/100\n|-damage|p2b: Excadrill|78\/100\n|-unboost|p2a: Jirachi|spe|1\n|-unboost|p2b: Excadrill|spe|1\n|\n|-weather|Sandstorm|[upkeep]\n|-damage|p1a: Lopunny|71\/100|[from] Sandstorm\n|-damage|p1b: Tapu Fini|36\/100|[from] Sandstorm\n|-heal|p1b: Tapu Fini|42\/100|[from] item: Leftovers\n|-heal|p2a: Jirachi|100\/100|[from] item: Leftovers\n|upkeep\n|turn|7\n|\n|t:|1696079670\n|switch|p1a: Armarouge|Armarouge, F|100\/100\n|switch|p2a: Gastrodon|Gastrodon, F|100\/100\n|move|p2b: Excadrill|Iron Head|p1b: Tapu Fini\n|-damage|p1b: Tapu Fini|0 fnt\n|faint|p1b: Tapu Fini\n|-damage|p2b: Excadrill|68\/100|[from] item: Life Orb\n|\n|-weather|Sandstorm|[upkeep]\n|-damage|p1a: Armarouge|94\/100|[from] Sandstorm\n|-fieldend|Misty Terrain\n|upkeep\n|\n|t:|1696079679\n|switch|p1b: Lopunny|Lopunny-Mega, F|71\/100\n|turn|8\n|\n|t:|1696079688\n|move|p2b: Excadrill|Protect|p2b: Excadrill\n|-singleturn|p2b: Excadrill|Protect\n|move|p2a: Gastrodon|Protect|p2a: Gastrodon\n|-singleturn|p2a: Gastrodon|Protect\n|move|p1b: Lopunny|Fake Out|p2a: Gastrodon\n|-activate|p2a: Gastrodon|move: Protect\n|move|p1a: Armarouge|Heat Wave|p2a: Gastrodon|[spread] \n|-activate|p2a: Gastrodon|move: Protect\n|-activate|p2b: Excadrill|move: Protect\n|\n|-weather|none\n|upkeep\n|turn|9\n|\n|t:|1696079700\n|move|p1b: Lopunny|Close Combat|p2b: Excadrill\n|-supereffective|p2b: Excadrill\n|-damage|p2b: Excadrill|0 fnt\n|-unboost|p1b: Lopunny|def|1\n|-unboost|p1b: Lopunny|spd|1\n|faint|p2b: Excadrill\n|move|p1a: Armarouge|Heat Wave|p2a: Gastrodon|[miss]\n|-miss|p1a: Armarouge|p2a: Gastrodon\n|move|p2a: Gastrodon|Muddy Water|p1b: Lopunny|[spread] p1a\n|-miss|p2a: Gastrodon|p1b: Lopunny\n|-supereffective|p1a: Armarouge\n|-damage|p1a: Armarouge|53\/100\n|\n|upkeep\n|\n|t:|1696079708\n|switch|p2b: Sandslash|Sandslash, M, shiny|100\/100\n|turn|10\n|\n|t:|1696079720\n|move|p2a: Gastrodon|Protect|p2a: Gastrodon\n|-singleturn|p2a: Gastrodon|Protect\n|move|p1b: Lopunny|Close Combat|p2a: Gastrodon\n|-activate|p2a: Gastrodon|move: Protect\n|move|p2b: Sandslash|Earthquake|p1a: Armarouge|[spread] p1a,p1b\n|-activate|p2a: Gastrodon|move: Protect\n|-supereffective|p1a: Armarouge\n|-damage|p1a: Armarouge|0 fnt\n|-damage|p1b: Lopunny|0 fnt\n|faint|p1a: Armarouge\n|faint|p1b: Lopunny\n|\n|upkeep\n|\n|t:|1696079723\n|switch|p1b: Pheromosa|Pheromosa|100\/100\n|switch|p1a: Meowscarada|Meowscarada, F|2\/100\n|turn|11\n|\n|t:|1696079739\n|switch|p2a: Jirachi|Jirachi|100\/100\n|move|p1a: Meowscarada|Flower Trick|p2a: Jirachi\n|-start|p1a: Meowscarada|typechange|Grass|[from] ability: Protean\n|-resisted|p2a: Jirachi\n|-crit|p2a: Jirachi\n|-damage|p2a: Jirachi|76\/100\n|move|p1b: Pheromosa|Ice Beam|p2b: Sandslash\n|-supereffective|p2b: Sandslash\n|-damage|p2b: Sandslash|0 fnt\n|faint|p2b: Sandslash\n|-ability|p1b: Pheromosa|Beast Boost|boost\n|-boost|p1b: Pheromosa|spa|1\n|\n|-heal|p2a: Jirachi|83\/100|[from] item: Leftovers\n|upkeep\n|\n|t:|1696079746\n|switch|p2b: Gastrodon|Gastrodon, F|100\/100\n|turn|12\n|\n|t:|1696079753\n|move|p2a: Jirachi|Follow Me|p2a: Jirachi\n|-singleturn|p2a: Jirachi|move: Follow Me\n|move|p1a: Meowscarada|Flower Trick|p2a: Jirachi\n|-resisted|p2a: Jirachi\n|-crit|p2a: Jirachi\n|-damage|p2a: Jirachi|60\/100\n|move|p1b: Pheromosa|Bug Buzz|p2a: Jirachi\n|-damage|p2a: Jirachi|6\/100\n|move|p2b: Gastrodon|Muddy Water|p1a: Meowscarada|[spread] p1a,p1b\n|-resisted|p1a: Meowscarada\n|-damage|p1a: Meowscarada|0 fnt\n|-damage|p1b: Pheromosa|45\/100\n|-unboost|p1b: Pheromosa|accuracy|1\n|faint|p1a: Meowscarada\n|\n|-heal|p2a: Jirachi|12\/100|[from] item: Leftovers\n|upkeep\n|turn|13\n|-message|bibleisreal20994 forfeited.\n|\n|win|icybro12\n|raw|bibleisreal20994's rating: 1241 &rarr; <strong>1211<\/strong><br \/>(-30 for losing)\n|raw|icybro12's rating: 1173 &rarr; <strong>1203<\/strong><br \/>(+30 for winning)\n|l|\u2606bibleisreal20994\n","uploadtime":1696079766,"views":10,"p1id":"bibleisreal20994","p2id":"icybro12","formatid":"gen9nationaldexdoubles","rating":1203,"private":0,"password":""}