{"id":"gen9nationaldexdoubles-1972858439","p1":"Kire23","p2":"interdimentional","format":"[Gen 9] National Dex Doubles","log":"|j|\u2606Kire23\n|j|\u2606interdimentional\n|t:|1697902899\n|gametype|doubles\n|player|p1|Kire23|266|1147\n|player|p2|interdimentional|steven|1311\n|teamsize|p1|6\n|teamsize|p2|6\n|gen|9\n|tier|[Gen 9] National Dex Doubles\n|rated|\n|rule|HP Percentage Mod: HP is shown in percentages\n|rule|Endless Battle Clause: Forcing endless battles is banned\n|rule|OHKO Clause: OHKO moves are banned\n|rule|Evasion Moves Clause: Evasion moves are banned\n|rule|Evasion Abilities Clause: Evasion abilities are banned\n|rule|Species Clause: Limit one of each Pok\u00e9mon\n|rule|Gravity Sleep Clause: The combination of sleep-inducing moves with imperfect accuracy and Gravity or Gigantamax Orbeetle are banned\n|clearpoke\n|poke|p1|Malamar, M|\n|poke|p1|Metagross|\n|poke|p1|Empoleon, F|\n|poke|p1|Grimmsnarl, M|\n|poke|p1|Blaziken, F|\n|poke|p1|Ursaluna, F|\n|poke|p2|Kommo-o, M|\n|poke|p2|Iron Hands|\n|poke|p2|Ogerpon-Hearthflame, F|\n|poke|p2|Fezandipiti, M|\n|poke|p2|Cresselia, F|\n|poke|p2|Gliscor, F|\n|teampreview\n|inactive|Battle timer is ON: inactive players will automatically lose when time's up. (requested by interdimentional)\n|\n|t:|1697902908\n|start\n|switch|p1a: Blaziken|Blaziken, F|100\/100\n|switch|p1b: Grimmsnarl|Grimmsnarl, M|100\/100\n|switch|p2a: Gliscor|Gliscor, F|100\/100\n|switch|p2b: Fezandipiti|Fezandipiti, M|100\/100\n|turn|1\n|\n|t:|1697902932\n|move|p1a: Blaziken|Protect|p1a: Blaziken\n|-singleturn|p1a: Blaziken|Protect\n|move|p1b: Grimmsnarl|Reflect|p1b: Grimmsnarl\n|-sidestart|p1: Kire23|Reflect\n|move|p2a: Gliscor|Stealth Rock|p1b: Grimmsnarl\n|-sidestart|p1: Kire23|move: Stealth Rock\n|move|p2b: Fezandipiti|Tailwind|p2b: Fezandipiti\n|-sidestart|p2: interdimentional|move: Tailwind\n|\n|-status|p2a: Gliscor|tox|[from] item: Toxic Orb\n|-ability|p1a: Blaziken|Speed Boost|boost\n|-boost|p1a: Blaziken|spe|1\n|upkeep\n|turn|2\n|\n|t:|1697902955\n|move|p1b: Grimmsnarl|Sucker Punch||[still]\n|-fail|p1b: Grimmsnarl\n|move|p2a: Gliscor|Toxic|p1a: Blaziken\n|-status|p1a: Blaziken|tox\n|move|p2b: Fezandipiti|Dazzling Gleam|p1b: Grimmsnarl|[spread] p1a,p1b\n|-supereffective|p1b: Grimmsnarl\n|-damage|p1a: Blaziken|75\/100 tox\n|-damage|p1b: Grimmsnarl|58\/100\n|move|p1a: Blaziken|Blaze Kick|p2a: Gliscor\n|-damage|p2a: Gliscor|61\/100 tox\n|-damage|p1a: Blaziken|65\/100 tox|[from] item: Life Orb\n|\n|-heal|p2a: Gliscor|74\/100 tox|[from] ability: Poison Heal\n|-damage|p1a: Blaziken|59\/100 tox|[from] psn\n|-ability|p1a: Blaziken|Speed Boost|boost\n|-boost|p1a: Blaziken|spe|1\n|upkeep\n|turn|3\n|inactive|Kire23 has 120 seconds left.\n|\n|t:|1697902994\n|move|p2a: Gliscor|Protect|p2a: Gliscor\n|-singleturn|p2a: Gliscor|Protect\n|move|p1a: Blaziken|Protect|p1a: Blaziken\n|-singleturn|p1a: Blaziken|Protect\n|move|p1b: Grimmsnarl|Sucker Punch||[still]\n|-fail|p1b: Grimmsnarl\n|move|p2b: Fezandipiti|Dazzling Gleam|p1a: Blaziken|[spread] p1b\n|-activate|p1a: Blaziken|move: Protect\n|-supereffective|p1b: Grimmsnarl\n|-damage|p1b: Grimmsnarl|20\/100\n|\n|-heal|p2a: Gliscor|86\/100 tox|[from] ability: Poison Heal\n|-damage|p1a: Blaziken|47\/100 tox|[from] psn\n|-ability|p1a: Blaziken|Speed Boost|boost\n|-boost|p1a: Blaziken|spe|1\n|upkeep\n|turn|4\n|\n|t:|1697903016\n|move|p1b: Grimmsnarl|Light Screen|p1b: Grimmsnarl\n|-sidestart|p1: Kire23|move: Light Screen\n|move|p2a: Gliscor|Knock Off|p1a: Blaziken\n|-resisted|p1a: Blaziken\n|-damage|p1a: Blaziken|37\/100 tox\n|-enditem|p1a: Blaziken|Life Orb|[from] move: Knock Off|[of] p2a: Gliscor\n|move|p2b: Fezandipiti|Dazzling Gleam|p1b: Grimmsnarl|[spread] p1a,p1b\n|-supereffective|p1b: Grimmsnarl\n|-damage|p1a: Blaziken|21\/100 tox\n|-damage|p1b: Grimmsnarl|0 fnt\n|faint|p1b: Grimmsnarl\n|move|p1a: Blaziken|Baton Pass|p1a: Blaziken\n|inactive|Kire23 has 120 seconds left.\n|\n|t:|1697903033\n|switch|p1a: Malamar|Malamar, M|100\/100|[from] Baton Pass\n|-damage|p1a: Malamar|88\/100|[from] Stealth Rock\n|\n|-heal|p2a: Gliscor|98\/100 tox|[from] ability: Poison Heal\n|-sideend|p2: interdimentional|move: Tailwind\n|upkeep\n|\n|t:|1697903042\n|switch|p1b: Ursaluna|Ursaluna, F|100\/100\n|-damage|p1b: Ursaluna|94\/100|[from] Stealth Rock\n|turn|5\n|inactive|Kire23 has 120 seconds left.\n|\n|t:|1697903064\n|-terastallize|p1a: Malamar|Fighting\n|move|p1a: Malamar|Superpower|p2a: Gliscor\n|-resisted|p2a: Gliscor\n|-damage|p2a: Gliscor|73\/100 tox\n|-boost|p1a: Malamar|atk|1\n|-boost|p1a: Malamar|def|1\n|move|p2a: Gliscor|Toxic|p1a: Malamar\n|-status|p1a: Malamar|tox\n|move|p2b: Fezandipiti|Dazzling Gleam|p1a: Malamar|[spread] p1a,p1b\n|-supereffective|p1a: Malamar\n|-damage|p1a: Malamar|54\/100 tox\n|-damage|p1b: Ursaluna|83\/100\n|-status|p1b: Ursaluna|tox|[from] ability: Toxic Chain|[of] p2b: Fezandipiti\n|move|p1b: Ursaluna|Headlong Rush|p2b: Fezandipiti\n|-supereffective|p2b: Fezandipiti\n|-damage|p2b: Fezandipiti|0 fnt\n|-unboost|p1b: Ursaluna|def|1\n|-unboost|p1b: Ursaluna|spd|1\n|faint|p2b: Fezandipiti\n|\n|-damage|p1a: Malamar|48\/100 tox|[from] psn\n|-heal|p2a: Gliscor|86\/100 tox|[from] ability: Poison Heal\n|-damage|p1b: Ursaluna|77\/100 tox|[from] psn\n|upkeep\n|\n|t:|1697903083\n|switch|p2b: Cresselia|Cresselia, F|100\/100\n|turn|6\n|\n|t:|1697903101\n|move|p2a: Gliscor|Protect|p2a: Gliscor\n|-singleturn|p2a: Gliscor|Protect\n|move|p1a: Malamar|Superpower|p2b: Cresselia\n|-resisted|p2b: Cresselia\n|-damage|p2b: Cresselia|56\/100\n|-boost|p1a: Malamar|atk|1\n|-boost|p1a: Malamar|def|1\n|move|p2b: Cresselia|Moonblast|p1a: Malamar\n|-supereffective|p1a: Malamar\n|-damage|p1a: Malamar|15\/100 tox\n|move|p1b: Ursaluna|Facade|p2a: Gliscor\n|-activate|p2a: Gliscor|move: Protect\n|\n|-heal|p2b: Cresselia|62\/100|[from] item: Leftovers\n|-damage|p1a: Malamar|3\/100 tox|[from] psn\n|-heal|p2a: Gliscor|98\/100 tox|[from] ability: Poison Heal\n|-damage|p1b: Ursaluna|64\/100 tox|[from] psn\n|upkeep\n|turn|7\n|\n|t:|1697903124\n|move|p2b: Cresselia|Ally Switch|p2b: Cresselia\n|swap|p2b: Cresselia|0|[from] move: Ally Switch\n|move|p1a: Malamar|Superpower|p2b: Gliscor\n|-resisted|p2b: Gliscor\n|-damage|p2b: Gliscor|41\/100 tox\n|-boost|p1a: Malamar|atk|1\n|-boost|p1a: Malamar|def|1\n|move|p2b: Gliscor|Knock Off|p1a: Malamar\n|-resisted|p1a: Malamar\n|-damage|p1a: Malamar|0 fnt\n|-enditem|p1a: Malamar|Choice Band|[from] move: Knock Off|[of] p2b: Gliscor\n|faint|p1a: Malamar\n|move|p1b: Ursaluna|Facade|p2a: Cresselia\n|-damage|p2a: Cresselia|0 fnt\n|faint|p2a: Cresselia\n|\n|-heal|p2b: Gliscor|54\/100 tox|[from] ability: Poison Heal\n|-damage|p1b: Ursaluna|46\/100 tox|[from] psn\n|upkeep\n|\n|t:|1697903142\n|switch|p1a: Blaziken|Blaziken, F|21\/100 tox\n|switch|p2a: Kommo-o|Kommo-o, M|100\/100\n|-damage|p1a: Blaziken|8\/100 tox|[from] Stealth Rock\n|turn|8\n|\n|t:|1697903163\n|move|p2a: Kommo-o|Clangorous Soul|p2a: Kommo-o\n|-boost|p2a: Kommo-o|atk|1\n|-boost|p2a: Kommo-o|def|1\n|-boost|p2a: Kommo-o|spa|1\n|-boost|p2a: Kommo-o|spd|1\n|-boost|p2a: Kommo-o|spe|1\n|-damage|p2a: Kommo-o|68\/100\n|move|p2b: Gliscor|Knock Off|p1b: Ursaluna\n|-damage|p1b: Ursaluna|28\/100 tox\n|-enditem|p1b: Ursaluna|Flame Orb|[from] move: Knock Off|[of] p2b: Gliscor\n|move|p1a: Blaziken|High Jump Kick|p2a: Kommo-o\n|-damage|p2a: Kommo-o|19\/100\n|move|p1b: Ursaluna|Play Rough|p2a: Kommo-o\n|-supereffective|p2a: Kommo-o\n|-damage|p2a: Kommo-o|0 fnt\n|faint|p2a: Kommo-o\n|\n|-heal|p2b: Gliscor|66\/100 tox|[from] ability: Poison Heal\n|-damage|p1a: Blaziken|2\/100 tox|[from] psn\n|-damage|p1b: Ursaluna|3\/100 tox|[from] psn\n|-sideend|p1: Kire23|Reflect\n|-ability|p1a: Blaziken|Speed Boost|boost\n|-boost|p1a: Blaziken|spe|1\n|upkeep\n|\n|t:|1697903176\n|switch|p2a: Ogerpon|Ogerpon-Hearthflame, F|100\/100\n|-ability|p2a: Ogerpon|Mold Breaker\n|turn|9\n|\n|t:|1697903195\n|move|p2a: Ogerpon|Spiky Shield|p2a: Ogerpon\n|-singleturn|p2a: Ogerpon|move: Protect\n|move|p2b: Gliscor|Protect|p2b: Gliscor\n|-singleturn|p2b: Gliscor|Protect\n|move|p1a: Blaziken|Blaze Kick|p2a: Ogerpon\n|-activate|p2a: Ogerpon|move: Protect\n|-damage|p1a: Blaziken|0 fnt|[from] Spiky Shield|[of] p2a: Ogerpon\n|faint|p1a: Blaziken\n|move|p1b: Ursaluna|Facade|p2b: Gliscor\n|-activate|p2b: Gliscor|move: Protect\n|\n|-heal|p2b: Gliscor|78\/100 tox|[from] ability: Poison Heal\n|-damage|p1b: Ursaluna|0 fnt|[from] psn\n|faint|p1b: Ursaluna\n|upkeep\n|\n|t:|1697903210\n|switch|p1a: Metagross|Metagross|100\/100\n|switch|p1b: Empoleon|Empoleon, F|100\/100\n|-damage|p1a: Metagross|94\/100|[from] Stealth Rock\n|-damage|p1b: Empoleon|94\/100|[from] Stealth Rock\n|turn|10\n|\n|t:|1697903235\n|-terastallize|p2a: Ogerpon|Fire\n|detailschange|p2a: Ogerpon|Ogerpon-Hearthflame-Tera, F, tera:Fire\n|-ability|p2a: Ogerpon|Embody Aspect (Hearthflame)|boost\n|-boost|p2a: Ogerpon|atk|1\n|move|p2a: Ogerpon|Ivy Cudgel|p1a: Metagross\n|-supereffective|p1a: Metagross\n|-damage|p1a: Metagross|0 fnt\n|faint|p1a: Metagross\n|move|p2b: Gliscor|Knock Off|p1b: Empoleon\n|-damage|p1b: Empoleon|69\/100\n|-enditem|p1b: Empoleon|Weakness Policy|[from] move: Knock Off|[of] p2b: Gliscor\n|move|p1b: Empoleon|Ice Beam|p2b: Gliscor\n|-supereffective|p2b: Gliscor\n|-damage|p2b: Gliscor|0 fnt\n|faint|p2b: Gliscor\n|\n|upkeep\n|\n|t:|1697903248\n|switch|p2b: Iron Hands|Iron Hands|100\/100\n|turn|11\n|\n|t:|1697903266\n|move|p2a: Ogerpon|Horn Leech|p1b: Empoleon\n|-damage|p1b: Empoleon|0 fnt\n|faint|p1b: Empoleon\n|\n|win|interdimentional\n|raw|Kire23's rating: 1147 &rarr; <strong>1133<\/strong><br \/>(-14 for losing)\n|raw|interdimentional's rating: 1311 &rarr; <strong>1322<\/strong><br \/>(+11 for winning)\n","uploadtime":1697903272,"views":8,"p1id":"kire23","p2id":"interdimentional","formatid":"gen9nationaldexdoubles","rating":1133,"private":0,"password":""}