{"id":"gen9nationaldexdoubles-1966086003","p1":"Ti do di do do","p2":"AlbertBalls","format":"[Gen 9] National Dex Doubles","log":"|j|\u2606Ti do di do do\n|j|\u2606AlbertBalls\n|t:|1697143592\n|gametype|doubles\n|player|p1|Ti do di do do|dawn|1000\n|player|p2|AlbertBalls|265|1015\n|teamsize|p1|6\n|teamsize|p2|6\n|gen|9\n|tier|[Gen 9] National Dex Doubles\n|rated|\n|rule|HP Percentage Mod: HP is shown in percentages\n|rule|Endless Battle Clause: Forcing endless battles is banned\n|rule|OHKO Clause: OHKO moves are banned\n|rule|Evasion Moves Clause: Evasion moves are banned\n|rule|Evasion Abilities Clause: Evasion abilities are banned\n|rule|Species Clause: Limit one of each Pok\u00e9mon\n|rule|Gravity Sleep Clause: The combination of sleep-inducing moves with imperfect accuracy and Gravity or Gigantamax Orbeetle are banned\n|clearpoke\n|poke|p1|Blastoise, M|\n|poke|p1|Clefable, F|\n|poke|p1|Indeedee-F, F|\n|poke|p1|Mr. Mime, F|\n|poke|p1|Glastrier|\n|poke|p1|Oranguru, M|\n|poke|p2|Incineroar, F|\n|poke|p2|Diancie|\n|poke|p2|Blastoise, F|\n|poke|p2|Jirachi|\n|poke|p2|Flamigo, F|\n|poke|p2|Togekiss, F|\n|teampreview\n|l|\u2606AlbertBalls\n|player|p2|\n|inactive|Battle timer is ON: inactive players will automatically lose when time's up. (requested by Ti do di do do)\n|l|\u2606Ti do di do do\n|inactive|Ti do di do do disconnected and has a minute to reconnect!\n|player|p1|\n|inactive|AlbertBalls has 30 seconds to reconnect!\n|j|\u2606AlbertBalls\n|inactive|AlbertBalls reconnected and has 120 seconds left.\n|player|p2|AlbertBalls|265\n|\n|t:|1697143650\n|start\n|switch|p1a: Glastrier|Glastrier|100\/100\n|switch|p1b: Indeedee|Indeedee-F, F|100\/100\n|switch|p2a: Incineroar|Incineroar, F|100\/100\n|switch|p2b: Blastoise|Blastoise, F|100\/100\n|-fieldstart|move: Psychic Terrain|[from] ability: Psychic Surge|[of] p1b: Indeedee\n|-ability|p2a: Incineroar|Intimidate|boost\n|-unboost|p1a: Glastrier|atk|1\n|-unboost|p1b: Indeedee|atk|1\n|turn|1\n|j|\u2606Ti do di do do\n|inactive|Ti do di do do reconnected and has 145 seconds left.\n|player|p1|Ti do di do do|dawn\n|\n|t:|1697143667\n|move|p1b: Indeedee|Follow Me|p1b: Indeedee\n|-singleturn|p1b: Indeedee|move: Follow Me\n|move|p2b: Blastoise|Water Pledge|p1b: Indeedee\n|-waiting|p2b: Blastoise|p2a: Incineroar\n|move|p2a: Incineroar|Fire Pledge|p1b: Indeedee|[from]move: Water Pledge\n|-combine\n|-damage|p1b: Indeedee|58\/100\n|-sidestart|p2: AlbertBalls|Water Pledge\n|move|p1a: Glastrier|Stomping Tantrum|p2a: Incineroar\n|-supereffective|p2a: Incineroar\n|-damage|p2a: Incineroar|58\/100\n|\n|upkeep\n|turn|2\n|\n|t:|1697143691\n|move|p2b: Blastoise|Flip Turn|p1b: Indeedee\n|-damage|p1b: Indeedee|43\/100\n|\n|t:|1697143709\n|switch|p2b: Jirachi|Jirachi|100\/100|[from] Flip Turn\n|move|p2a: Incineroar|Parting Shot|p1a: Glastrier\n|-unboost|p1a: Glastrier|atk|1\n|-unboost|p1a: Glastrier|spa|1\n|\n|t:|1697143712\n|switch|p2a: Togekiss|Togekiss, F|100\/100|[from] Parting Shot\n|move|p1a: Glastrier|Stomping Tantrum|p2a: Togekiss\n|-immune|p2a: Togekiss\n|move|p1b: Indeedee|Trick Room|p1b: Indeedee\n|-fieldstart|move: Trick Room|[of] p1b: Indeedee\n|\n|upkeep\n|turn|3\n|\n|t:|1697143734\n|switch|p1a: Blastoise|Blastoise, M|100\/100\n|move|p2a: Togekiss|Protect|p2a: Togekiss\n|-singleturn|p2a: Togekiss|Protect\n|move|p1b: Indeedee|Follow Me|p1b: Indeedee\n|-singleturn|p1b: Indeedee|move: Follow Me\n|move|p2b: Jirachi|Meteor Mash|p1b: Indeedee\n|-damage|p1b: Indeedee|7\/100\n|-boost|p2b: Jirachi|atk|1\n|\n|upkeep\n|turn|4\n|\n|t:|1697143752\n|move|p1b: Indeedee|Follow Me|p1b: Indeedee\n|-singleturn|p1b: Indeedee|move: Follow Me\n|move|p2a: Togekiss|Ancient Power|p1b: Indeedee\n|-damage|p1b: Indeedee|0 fnt\n|-boost|p2a: Togekiss|atk|1\n|-boost|p2a: Togekiss|def|1\n|-boost|p2a: Togekiss|spa|1\n|-boost|p2a: Togekiss|spd|1\n|-boost|p2a: Togekiss|spe|1\n|faint|p1b: Indeedee\n|move|p2b: Jirachi|Meteor Mash|p1a: Blastoise\n|-resisted|p1a: Blastoise\n|-damage|p1a: Blastoise|80\/100\n|-boost|p2b: Jirachi|atk|1\n|move|p1a: Blastoise|Roar|p2b: Jirachi\n|drag|p2b: Flamigo|Flamigo, F|100\/100\n|-copyboost|p2b: Flamigo|p2a: Togekiss|[from] ability: Costar\n|\n|-sideend|p2: AlbertBalls|Water Pledge\n|upkeep\n|\n|t:|1697143759\n|switch|p1b: Glastrier|Glastrier|100\/100\n|turn|5\n|\n|t:|1697143766\n|-terastallize|p1b: Glastrier|Ice\n|move|p2a: Togekiss|Protect|p2a: Togekiss\n|-singleturn|p2a: Togekiss|Protect\n|move|p2b: Flamigo|Detect|p2b: Flamigo\n|-singleturn|p2b: Flamigo|Protect\n|move|p1a: Blastoise|Follow Me|p1a: Blastoise\n|-singleturn|p1a: Blastoise|move: Follow Me\n|move|p1b: Glastrier|Icicle Spear|p2a: Togekiss\n|-activate|p2a: Togekiss|move: Protect\n|\n|-fieldend|move: Psychic Terrain\n|upkeep\n|turn|6\n|\n|t:|1697143784\n|move|p2a: Togekiss|Protect|p2a: Togekiss\n|-singleturn|p2a: Togekiss|Protect\n|move|p1a: Blastoise|Follow Me|p1a: Blastoise\n|-singleturn|p1a: Blastoise|move: Follow Me\n|move|p1b: Glastrier|Icicle Spear|p2b: Flamigo\n|-supereffective|p2b: Flamigo\n|-damage|p2b: Flamigo|61\/100\n|-supereffective|p2b: Flamigo\n|-damage|p2b: Flamigo|17\/100\n|-supereffective|p2b: Flamigo\n|-crit|p2b: Flamigo\n|-damage|p2b: Flamigo|0 fnt\n|faint|p2b: Flamigo\n|-ability|p1b: Glastrier|Chilling Neigh|boost\n|-boost|p1b: Glastrier|atk|1\n|-hitcount|p2: Flamigo|3\n|\n|-fieldend|move: Trick Room\n|upkeep\n|\n|t:|1697143794\n|switch|p2b: Incineroar|Incineroar, F|58\/100\n|-ability|p2b: Incineroar|Intimidate|boost\n|-unboost|p1a: Blastoise|atk|1\n|-unboost|p1b: Glastrier|atk|1\n|turn|7\n|\n|t:|1697143803\n|move|p1b: Glastrier|Protect|p1b: Glastrier\n|-singleturn|p1b: Glastrier|Protect\n|move|p2b: Incineroar|Fake Out|p1a: Blastoise\n|-crit|p1a: Blastoise\n|-damage|p1a: Blastoise|67\/100\n|move|p2a: Togekiss|Air Slash|p1b: Glastrier\n|-activate|p1b: Glastrier|move: Protect\n|cant|p1a: Blastoise|flinch\n|\n|upkeep\n|turn|8\n|\n|t:|1697143818\n|move|p1a: Blastoise|Follow Me|p1a: Blastoise\n|-singleturn|p1a: Blastoise|move: Follow Me\n|move|p2a: Togekiss|Air Slash|p1a: Blastoise\n|-damage|p1a: Blastoise|29\/100\n|move|p2b: Incineroar|Parting Shot|p1a: Blastoise\n|-unboost|p1a: Blastoise|atk|1\n|-unboost|p1a: Blastoise|spa|1\n|\n|t:|1697143821\n|switch|p2b: Jirachi|Jirachi|100\/100|[from] Parting Shot\n|move|p1b: Glastrier|Stomping Tantrum|p2b: Jirachi\n|-supereffective|p2b: Jirachi\n|-crit|p2b: Jirachi\n|-damage|p2b: Jirachi|9\/100\n|\n|-heal|p2b: Jirachi|15\/100|[from] item: Leftovers\n|upkeep\n|turn|9\n|\n|t:|1697143848\n|move|p2b: Jirachi|Protect|p2b: Jirachi\n|-singleturn|p2b: Jirachi|Protect\n|move|p1a: Blastoise|Follow Me|p1a: Blastoise\n|-singleturn|p1a: Blastoise|move: Follow Me\n|move|p2a: Togekiss|Tailwind|p2a: Togekiss\n|-sidestart|p2: AlbertBalls|move: Tailwind\n|move|p1b: Glastrier|Stomping Tantrum|p2b: Jirachi\n|-activate|p2b: Jirachi|move: Protect\n|\n|-heal|p2b: Jirachi|21\/100|[from] item: Leftovers\n|upkeep\n|turn|10\n|\n|t:|1697143861\n|move|p1a: Blastoise|Follow Me|p1a: Blastoise\n|-singleturn|p1a: Blastoise|move: Follow Me\n|move|p2a: Togekiss|Air Slash|p1a: Blastoise\n|-damage|p1a: Blastoise|0 fnt\n|faint|p1a: Blastoise\n|move|p2b: Jirachi|Meteor Mash|p1b: Glastrier\n|-supereffective|p1b: Glastrier\n|-damage|p1b: Glastrier|51\/100\n|-boost|p2b: Jirachi|atk|1\n|move|p1b: Glastrier|Stomping Tantrum|p2b: Jirachi\n|-supereffective|p2b: Jirachi\n|-damage|p2b: Jirachi|0 fnt\n|faint|p2b: Jirachi\n|-ability|p1b: Glastrier|Chilling Neigh|boost\n|-boost|p1b: Glastrier|atk|1\n|\n|upkeep\n|\n|t:|1697143874\n|switch|p2b: Incineroar|Incineroar, F|58\/100\n|switch|p1a: Oranguru|Oranguru, M|100\/100\n|-ability|p2b: Incineroar|Intimidate|boost\n|-fail|p1a: Oranguru|unboost|Attack|[from] ability: Inner Focus|[of] p1a: Oranguru\n|-unboost|p1b: Glastrier|atk|1\n|turn|11\n|\n|t:|1697143887\n|move|p1b: Glastrier|Protect|p1b: Glastrier\n|-singleturn|p1b: Glastrier|Protect\n|move|p2b: Incineroar|Fake Out|p1a: Oranguru\n|-damage|p1a: Oranguru|93\/100\n|move|p2a: Togekiss|Air Slash|p1b: Glastrier\n|-activate|p1b: Glastrier|move: Protect\n|move|p1a: Oranguru|Trick Room|p1a: Oranguru\n|-fieldstart|move: Trick Room|[of] p1a: Oranguru\n|\n|upkeep\n|turn|12\n|\n|t:|1697143915\n|-terastallize|p2a: Togekiss|Fairy\n|move|p1a: Oranguru|Ally Switch|p1a: Oranguru\n|swap|p1a: Oranguru|1|[from] move: Ally Switch\n|move|p1a: Glastrier|Stomping Tantrum|p2b: Incineroar\n|-supereffective|p2b: Incineroar\n|-damage|p2b: Incineroar|0 fnt\n|faint|p2b: Incineroar\n|-ability|p1a: Glastrier|Chilling Neigh|boost\n|-boost|p1a: Glastrier|atk|1\n|move|p2a: Togekiss|Ancient Power|p1b: Oranguru\n|-damage|p1b: Oranguru|73\/100\n|\n|-sideend|p2: AlbertBalls|move: Tailwind\n|upkeep\n|\n|t:|1697143919\n|switch|p2b: Blastoise|Blastoise, F|100\/100\n|turn|13\n|\n|t:|1697143940\n|move|p2b: Blastoise|Follow Me|p2b: Blastoise\n|-singleturn|p2b: Blastoise|move: Follow Me\n|move|p1a: Glastrier|Icicle Spear|p2b: Blastoise\n|-resisted|p2b: Blastoise\n|-damage|p2b: Blastoise|86\/100\n|-resisted|p2b: Blastoise\n|-damage|p2b: Blastoise|70\/100\n|-resisted|p2b: Blastoise\n|-damage|p2b: Blastoise|55\/100\n|-resisted|p2b: Blastoise\n|-damage|p2b: Blastoise|40\/100\n|-hitcount|p2b: Blastoise|4\n|move|p1b: Oranguru|Instruct|p2b: Blastoise\n|-singleturn|p2b: Blastoise|move: Instruct|[of] p1b: Oranguru\n|move|p2b: Blastoise|Follow Me||[still]\n|-fail|p2b: Blastoise\n|move|p2a: Togekiss|Air Slash|p1a: Glastrier\n|-damage|p1a: Glastrier|15\/100\n|\n|upkeep\n|turn|14\n|inactive|Ti do di do do has 120 seconds left.\n|\n|t:|1697143975\n|move|p1a: Glastrier|Icicle Spear|p2b: Blastoise\n|-resisted|p2b: Blastoise\n|-damage|p2b: Blastoise|24\/100\n|-resisted|p2b: Blastoise\n|-damage|p2b: Blastoise|9\/100\n|-resisted|p2b: Blastoise\n|-damage|p2b: Blastoise|0 fnt\n|faint|p2b: Blastoise\n|-ability|p1a: Glastrier|Chilling Neigh|boost\n|-boost|p1a: Glastrier|atk|1\n|-hitcount|p2: Blastoise|3\n|move|p1b: Oranguru|Instruct|p1a: Glastrier\n|-singleturn|p1a: Glastrier|move: Instruct|[of] p1b: Oranguru\n|move|p1a: Glastrier|Icicle Spear|p2a: Togekiss\n|-damage|p2a: Togekiss|72\/100\n|-damage|p2a: Togekiss|45\/100\n|-crit|p2a: Togekiss\n|-damage|p2a: Togekiss|0 fnt\n|faint|p2a: Togekiss\n|-ability|p1a: Glastrier|Chilling Neigh|boost\n|-boost|p1a: Glastrier|atk|1\n|-hitcount|p2: Togekiss|3\n|\n|upkeep\n|inactive|AlbertBalls has 120 seconds left.\n|-message|AlbertBalls forfeited.\n|\n|win|Ti do di do do\n|raw|Ti do di do do's rating: 1000 &rarr; <strong>1042<\/strong><br \/>(+42 for winning)\n|raw|AlbertBalls's rating: 1015 &rarr; <strong>1002<\/strong><br \/>(-13 for losing)\n|l|\u2606AlbertBalls\n","uploadtime":1697143999,"views":7,"p1id":"tidodidodo","p2id":"albertballs","formatid":"gen9nationaldexdoubles","rating":1002,"private":0,"password":""}