{"id":"gen9nationaldexdoubles-1999393438","p1":"moxix_00","p2":"LashGlue","format":"[Gen 9] National Dex Doubles","log":"|j|\u2606moxix_00\n|j|\u2606LashGlue\n|t:|1701072863\n|gametype|doubles\n|player|p1|moxix_00|silver|1259\n|player|p2|LashGlue|101|1046\n|teamsize|p1|6\n|teamsize|p2|6\n|gen|9\n|tier|[Gen 9] National Dex Doubles\n|rated|\n|rule|HP Percentage Mod: HP is shown in percentages\n|rule|Endless Battle Clause: Forcing endless battles is banned\n|rule|OHKO Clause: OHKO moves are banned\n|rule|Evasion Moves Clause: Evasion moves are banned\n|rule|Evasion Abilities Clause: Evasion abilities are banned\n|rule|Species Clause: Limit one of each Pok\u00e9mon\n|rule|Gravity Sleep Clause: The combination of sleep-inducing moves with imperfect accuracy and Gravity or Gigantamax Orbeetle are banned\n|clearpoke\n|poke|p1|Buzzwole|\n|poke|p1|Guzzlord|\n|poke|p1|Stakataka|\n|poke|p1|Kartana|\n|poke|p1|Glastrier|\n|poke|p1|Hariyama, M|\n|poke|p2|Aerodactyl, F|\n|poke|p2|Goodra, F|\n|poke|p2|Basculegion, M|\n|poke|p2|Amoonguss, F|\n|poke|p2|Arcanine-Hisui, F|\n|poke|p2|Dipplin, F|\n|teampreview\n|\n|t:|1701072877\n|start\n|switch|p1a: Guzzlord|Guzzlord, shiny|100\/100\n|switch|p1b: Stakataka|Stakataka, shiny|100\/100\n|switch|p2a: Aerodactyl|Aerodactyl, F|100\/100\n|switch|p2b: Amoonguss|Amoonguss, F|100\/100\n|turn|1\n|\n|t:|1701072898\n|move|p2a: Aerodactyl|Dragon Claw|p1a: Guzzlord\n|-supereffective|p1a: Guzzlord\n|-damage|p1a: Guzzlord|61\/100\n|move|p2b: Amoonguss|Spore|p1a: Guzzlord\n|-status|p1a: Guzzlord|slp|[from] move: Spore\n|cant|p1a: Guzzlord|slp\n|move|p1b: Stakataka|Trick Room|p1b: Stakataka\n|-fieldstart|move: Trick Room|[of] p1b: Stakataka\n|\n|upkeep\n|turn|2\n|\n|t:|1701072919\n|move|p1b: Stakataka|Gyro Ball|p2a: Aerodactyl\n|-supereffective|p2a: Aerodactyl\n|-damage|p2a: Aerodactyl|0 fnt\n|faint|p2a: Aerodactyl\n|-ability|p1b: Stakataka|Beast Boost|boost\n|-boost|p1b: Stakataka|def|1\n|cant|p1a: Guzzlord|slp\n|move|p2b: Amoonguss|Sludge Bomb|p1a: Guzzlord\n|-damage|p1a: Guzzlord|41\/100 slp\n|\n|upkeep\n|\n|t:|1701072934\n|switch|p2a: Dipplin|Dipplin, F|100\/100\n|-ability|p2a: Dipplin|Supersweet Syrup\n|-ability|p2a: Dipplin|Supersweet Syrup|boost\n|-unboost|p1a: Guzzlord|evasion|1\n|-unboost|p1b: Stakataka|evasion|1\n|turn|3\n|\n|t:|1701072954\n|-curestatus|p1a: Guzzlord|slp|[msg]\n|move|p1a: Guzzlord|Protect|p1a: Guzzlord\n|-singleturn|p1a: Guzzlord|Protect\n|move|p1b: Stakataka|Heat Crash|p2b: Amoonguss\n|-supereffective|p2b: Amoonguss\n|-damage|p2b: Amoonguss|7\/100\n|move|p2b: Amoonguss|Sludge Bomb|p1a: Guzzlord\n|-activate|p1a: Guzzlord|move: Protect\n|move|p2a: Dipplin|Syrup Bomb|p1b: Stakataka\n|-damage|p1b: Stakataka|73\/100\n|-start|p1b: Stakataka|Syrup Bomb\n|\n|-heal|p2b: Amoonguss|13\/100|[from] item: Leftovers\n|-unboost|p1b: Stakataka|spe|1\n|upkeep\n|turn|4\n|\n|t:|1701072986\n|move|p1b: Stakataka|Heat Crash|p2a: Dipplin\n|-damage|p2a: Dipplin|77\/100\n|move|p1a: Guzzlord|Dragon Claw|p2b: Amoonguss\n|-damage|p2b: Amoonguss|0 fnt\n|faint|p2b: Amoonguss\n|-ability|p1a: Guzzlord|Beast Boost|boost\n|-boost|p1a: Guzzlord|atk|1\n|move|p2a: Dipplin|Draco Meteor|p1a: Guzzlord\n|-supereffective|p1a: Guzzlord\n|-damage|p1a: Guzzlord|0 fnt\n|-unboost|p2a: Dipplin|spa|2\n|faint|p1a: Guzzlord\n|\n|-unboost|p1b: Stakataka|spe|1\n|upkeep\n|\n|t:|1701073005\n|switch|p1a: Glastrier|Glastrier|100\/100\n|switch|p2b: Arcanine|Arcanine-Hisui, F|100\/100\n|turn|5\n|\n|t:|1701073021\n|-terastallize|p1a: Glastrier|Psychic\n|move|p1b: Stakataka|Body Press|p2b: Arcanine\n|-supereffective|p2b: Arcanine\n|-damage|p2b: Arcanine|0 fnt\n|faint|p2b: Arcanine\n|-ability|p1b: Stakataka|Beast Boost|boost\n|-boost|p1b: Stakataka|def|1\n|move|p1a: Glastrier|Icicle Spear|p2a: Dipplin\n|-supereffective|p2a: Dipplin\n|-damage|p2a: Dipplin|44\/100\n|-supereffective|p2a: Dipplin\n|-damage|p2a: Dipplin|14\/100\n|-supereffective|p2a: Dipplin\n|-damage|p2a: Dipplin|0 fnt\n|faint|p2a: Dipplin\n|-ability|p1a: Glastrier|Chilling Neigh|boost\n|-boost|p1a: Glastrier|atk|1\n|-hitcount|p2: Dipplin|3\n|\n|-unboost|p1b: Stakataka|spe|1\n|-fieldend|move: Trick Room\n|upkeep\n|\n|t:|1701073040\n|switch|p2b: Goodra|Goodra, F|100\/100\n|switch|p2a: Basculegion|Basculegion, M|100\/100\n|turn|6\n|\n|t:|1701073080\n|-terastallize|p2a: Basculegion|Water\n|move|p1a: Glastrier|Protect|p1a: Glastrier\n|-singleturn|p1a: Glastrier|Protect\n|move|p2a: Basculegion|Wave Crash|p1b: Stakataka\n|-supereffective|p1b: Stakataka\n|-damage|p1b: Stakataka|0 fnt\n|-damage|p2a: Basculegion|84\/100|[from] item: Rocky Helmet|[of] p1b: Stakataka\n|faint|p1b: Stakataka\n|-damage|p2a: Basculegion|65\/100|[from] Recoil\n|move|p2b: Goodra|Rain Dance|p2b: Goodra\n|-weather|RainDance\n|\n|-weather|RainDance|[upkeep]\n|upkeep\n|\n|t:|1701073094\n|switch|p1b: Hariyama|Hariyama, M, shiny|100\/100\n|turn|7\n|\n|t:|1701073105\n|move|p1b: Hariyama|Fake Out|p2a: Basculegion\n|-damage|p2a: Basculegion|46\/100\n|cant|p2a: Basculegion|flinch\n|move|p2b: Goodra|Toxic|p1a: Glastrier\n|-status|p1a: Glastrier|tox\n|move|p1a: Glastrier|Zen Headbutt|p2a: Basculegion\n|-damage|p2a: Basculegion|0 fnt\n|faint|p2a: Basculegion\n|-ability|p1a: Glastrier|Chilling Neigh|boost\n|-boost|p1a: Glastrier|atk|1\n|\n|-weather|RainDance|[upkeep]\n|-damage|p1a: Glastrier|94\/100 tox|[from] psn\n|-status|p1b: Hariyama|brn|[from] item: Flame Orb\n|upkeep\n|turn|8\n|\n|t:|1701073128\n|move|p2b: Goodra|Knock Off|p1a: Glastrier\n|-supereffective|p1a: Glastrier\n|-damage|p1a: Glastrier|63\/100 tox\n|-enditem|p1a: Glastrier|Loaded Dice|[from] move: Knock Off|[of] p2b: Goodra\n|move|p1b: Hariyama|Brick Break|p2b: Goodra\n|-damage|p2b: Goodra|20\/100\n|move|p1a: Glastrier|Icicle Spear|p2b: Goodra\n|-supereffective|p2b: Goodra\n|-damage|p2b: Goodra|0 fnt\n|faint|p2b: Goodra\n|-hitcount|p2: Goodra|1\n|\n|win|moxix_00\n|raw|moxix_00's rating: 1259 &rarr; <strong>1270<\/strong><br \/>(+11 for winning)\n|raw|LashGlue's rating: 1046 &rarr; <strong>1038<\/strong><br \/>(-8 for losing)\n|l|\u2606LashGlue\n","uploadtime":1701073141,"views":4,"p1id":"moxix00","p2id":"lashglue","formatid":"gen9nationaldexdoubles","rating":1038,"private":0,"password":""}