{"id":"gen9nationaldexdoubles-1972275324","p1":"goodguyky96","p2":"Junky Dummy","format":"[Gen 9] National Dex Doubles","log":"|j|\u2606goodguyky96\n|j|\u2606Junky Dummy\n|t:|1697827151\n|gametype|doubles\n|player|p1|goodguyky96|clown|1129\n|player|p2|Junky Dummy|266|1358\n|teamsize|p1|6\n|teamsize|p2|6\n|gen|9\n|tier|[Gen 9] National Dex Doubles\n|rated|\n|rule|HP Percentage Mod: HP is shown in percentages\n|rule|Endless Battle Clause: Forcing endless battles is banned\n|rule|OHKO Clause: OHKO moves are banned\n|rule|Evasion Moves Clause: Evasion moves are banned\n|rule|Evasion Abilities Clause: Evasion abilities are banned\n|rule|Species Clause: Limit one of each Pok\u00e9mon\n|rule|Gravity Sleep Clause: The combination of sleep-inducing moves with imperfect accuracy and Gravity or Gigantamax Orbeetle are banned\n|clearpoke\n|poke|p1|Ninetales-Alola, F|\n|poke|p1|Scizor, M|\n|poke|p1|Torterra, M|\n|poke|p1|Iron Hands|\n|poke|p1|Clefable, M|\n|poke|p1|Gyarados, F|\n|poke|p2|Zygarde|\n|poke|p2|Zamazenta-*|\n|poke|p2|Jirachi|\n|poke|p2|Rillaboom, F|\n|poke|p2|Kangaskhan, F|\n|poke|p2|Glimmora, M|\n|teampreview\n|\n|t:|1697827159\n|start\n|switch|p1a: Ninetales|Ninetales-Alola, F|100\/100\n|switch|p1b: Clefable|Clefable, M|100\/100\n|switch|p2a: Zamazenta|Zamazenta|100\/100\n|switch|p2b: Rillaboom|Rillaboom, F, shiny|100\/100\n|-ability|p2a: Zamazenta|Dauntless Shield|boost\n|-boost|p2a: Zamazenta|def|1\n|-weather|Snow|[from] ability: Snow Warning|[of] p1a: Ninetales\n|-fieldstart|move: Grassy Terrain|[from] ability: Grassy Surge|[of] p2b: Rillaboom\n|turn|1\n|\n|t:|1697827172\n|move|p2b: Rillaboom|Fake Out|p1a: Ninetales\n|-damage|p1a: Ninetales|89\/100\n|move|p1b: Clefable|Follow Me|p1b: Clefable\n|-singleturn|p1b: Clefable|move: Follow Me\n|move|p2a: Zamazenta|Snarl|p1b: Clefable|[spread] p1a,p1b\n|-resisted|p1a: Ninetales\n|-resisted|p1b: Clefable\n|-damage|p1a: Ninetales|85\/100\n|-damage|p1b: Clefable|98\/100\n|-unboost|p1a: Ninetales|spa|1\n|-unboost|p1b: Clefable|spa|1\n|cant|p1a: Ninetales|flinch\n|\n|-weather|Snow|[upkeep]\n|-heal|p1a: Ninetales|91\/100|[from] Grassy Terrain\n|-heal|p1b: Clefable|100\/100|[from] Grassy Terrain\n|upkeep\n|turn|2\n|inactive|Battle timer is ON: inactive players will automatically lose when time's up. (requested by goodguyky96)\n|\n|t:|1697827221\n|move|p1b: Clefable|Follow Me|p1b: Clefable\n|-singleturn|p1b: Clefable|move: Follow Me\n|move|p2b: Rillaboom|Grassy Glide|p1b: Clefable\n|-damage|p1b: Clefable|65\/100\n|move|p2a: Zamazenta|Body Press|p1b: Clefable\n|-resisted|p1b: Clefable\n|-damage|p1b: Clefable|48\/100\n|move|p1a: Ninetales|Aurora Veil|p1a: Ninetales\n|-sidestart|p1: goodguyky96|move: Aurora Veil\n|\n|-weather|Snow|[upkeep]\n|-heal|p1a: Ninetales|97\/100|[from] Grassy Terrain\n|-heal|p1b: Clefable|54\/100|[from] Grassy Terrain\n|-heal|p1b: Clefable|60\/100|[from] item: Leftovers\n|upkeep\n|turn|3\n|\n|t:|1697827239\n|switch|p1a: Iron Hands|Iron Hands|100\/100\n|-enditem|p1a: Iron Hands|Booster Energy\n|-activate|p1a: Iron Hands|ability: Quark Drive|[fromitem]\n|-start|p1a: Iron Hands|quarkdriveatk\n|move|p1b: Clefable|Follow Me|p1b: Clefable\n|-singleturn|p1b: Clefable|move: Follow Me\n|move|p2a: Zamazenta|Snarl|p1a: Iron Hands|[spread] p1a,p1b\n|-resisted|p1a: Iron Hands\n|-resisted|p1b: Clefable\n|-damage|p1a: Iron Hands|98\/100\n|-damage|p1b: Clefable|58\/100\n|-unboost|p1a: Iron Hands|spa|1\n|-unboost|p1b: Clefable|spa|1\n|move|p2b: Rillaboom|U-turn|p1b: Clefable\n|-resisted|p1b: Clefable\n|-damage|p1b: Clefable|51\/100\n|\n|t:|1697827258\n|switch|p2b: Zygarde|Zygarde, shiny|100\/100|[from] U-turn\n|-ability|p2b: Zygarde|Aura Break\n|\n|-weather|Snow|[upkeep]\n|-heal|p1a: Iron Hands|100\/100|[from] Grassy Terrain\n|-heal|p1b: Clefable|57\/100|[from] Grassy Terrain\n|-heal|p1b: Clefable|63\/100|[from] item: Leftovers\n|upkeep\n|turn|4\n|\n|t:|1697827273\n|move|p1b: Clefable|Follow Me|p1b: Clefable\n|-singleturn|p1b: Clefable|move: Follow Me\n|move|p2a: Zamazenta|Coaching|p2b: Zygarde\n|-boost|p2b: Zygarde|atk|1\n|-boost|p2b: Zygarde|def|1\n|move|p2b: Zygarde|Dragon Dance|p2b: Zygarde\n|-boost|p2b: Zygarde|atk|1\n|-boost|p2b: Zygarde|spe|1\n|move|p1a: Iron Hands|Belly Drum|p1a: Iron Hands\n|-damage|p1a: Iron Hands|50\/100\n|-setboost|p1a: Iron Hands|atk|6|[from] move: Belly Drum\n|\n|-weather|Snow|[upkeep]\n|-heal|p1a: Iron Hands|57\/100|[from] Grassy Terrain\n|-heal|p1b: Clefable|69\/100|[from] Grassy Terrain\n|-heal|p1b: Clefable|75\/100|[from] item: Leftovers\n|upkeep\n|turn|5\n|\n|t:|1697827302\n|move|p2b: Zygarde|Protect|p2b: Zygarde\n|-singleturn|p2b: Zygarde|Protect\n|move|p1b: Clefable|Follow Me|p1b: Clefable\n|-singleturn|p1b: Clefable|move: Follow Me\n|move|p2a: Zamazenta|Coaching|p2b: Zygarde\n|-boost|p2b: Zygarde|atk|1\n|-boost|p2b: Zygarde|def|1\n|move|p1a: Iron Hands|Drain Punch|p2b: Zygarde\n|-activate|p2b: Zygarde|move: Protect\n|\n|-weather|none\n|-heal|p1a: Iron Hands|63\/100|[from] Grassy Terrain\n|-heal|p1b: Clefable|81\/100|[from] Grassy Terrain\n|-heal|p1b: Clefable|88\/100|[from] item: Leftovers\n|-fieldend|move: Grassy Terrain\n|upkeep\n|turn|6\n|\n|t:|1697827325\n|move|p1b: Clefable|Follow Me|p1b: Clefable\n|-singleturn|p1b: Clefable|move: Follow Me\n|move|p2b: Zygarde|Thousand Arrows|p1a: Iron Hands|[spread] p1a,p1b\n|-supereffective|p1a: Iron Hands\n|-damage|p1a: Iron Hands|0 fnt\n|-damage|p1b: Clefable|65\/100\n|faint|p1a: Iron Hands\n|-end|p1a: Iron Hands|Quark Drive|[silent]\n|move|p2a: Zamazenta|Body Press|p1b: Clefable\n|-resisted|p1b: Clefable\n|-damage|p1b: Clefable|55\/100\n|\n|-heal|p1b: Clefable|61\/100|[from] item: Leftovers\n|upkeep\n|\n|t:|1697827344\n|switch|p1a: Ninetales|Ninetales-Alola, F|97\/100\n|-weather|Snow|[from] ability: Snow Warning|[of] p1a: Ninetales\n|turn|7\n|\n|t:|1697827366\n|move|p2b: Zygarde|Thousand Arrows|p1b: Clefable|[spread] p1a,p1b\n|-damage|p1a: Ninetales|48\/100\n|-damage|p1b: Clefable|36\/100\n|move|p2a: Zamazenta|Coaching|p2b: Zygarde\n|-boost|p2b: Zygarde|atk|1\n|-boost|p2b: Zygarde|def|1\n|move|p1a: Ninetales|Dazzling Gleam|p2b: Zygarde|[spread] p2a,p2b\n|-supereffective|p2a: Zamazenta\n|-supereffective|p2b: Zygarde\n|-crit|p2b: Zygarde\n|-damage|p2a: Zamazenta|63\/100\n|-damage|p2b: Zygarde|34\/100\n|move|p1b: Clefable|Moonblast|p2b: Zygarde\n|-supereffective|p2b: Zygarde\n|-damage|p2b: Zygarde|3\/100\n|\n|-weather|Snow|[upkeep]\n|-heal|p1b: Clefable|42\/100|[from] item: Leftovers\n|upkeep\n|turn|8\n|\n|t:|1697827385\n|move|p2a: Zamazenta|Wide Guard|p2a: Zamazenta\n|-singleturn|p2a: Zamazenta|Wide Guard\n|move|p1b: Clefable|Follow Me|p1b: Clefable\n|-singleturn|p1b: Clefable|move: Follow Me\n|move|p2b: Zygarde|Thousand Arrows|p1b: Clefable|[spread] p1a,p1b\n|-damage|p1a: Ninetales|0 fnt\n|-damage|p1b: Clefable|20\/100\n|faint|p1a: Ninetales\n|\n|-weather|Snow|[upkeep]\n|-heal|p1b: Clefable|26\/100|[from] item: Leftovers\n|upkeep\n|\n|t:|1697827399\n|switch|p1a: Torterra|Torterra, M|100\/100\n|turn|9\n|\n|t:|1697827411\n|move|p1b: Clefable|Follow Me|p1b: Clefable\n|-singleturn|p1b: Clefable|move: Follow Me\n|move|p2b: Zygarde|Thousand Arrows|p1b: Clefable|[spread] p1a,p1b\n|-resisted|p1a: Torterra\n|-damage|p1a: Torterra|71\/100\n|-damage|p1b: Clefable|4\/100\n|move|p2a: Zamazenta|Coaching|p2b: Zygarde\n|-boost|p2b: Zygarde|atk|1\n|-boost|p2b: Zygarde|def|1\n|move|p1a: Torterra|Shell Smash|p1a: Torterra\n|-unboost|p1a: Torterra|def|1\n|-unboost|p1a: Torterra|spd|1\n|-boost|p1a: Torterra|atk|2\n|-boost|p1a: Torterra|spa|2\n|-boost|p1a: Torterra|spe|2\n|-enditem|p1a: Torterra|White Herb\n|-clearnegativeboost|p1a: Torterra|[silent]\n|\n|-weather|Snow|[upkeep]\n|-heal|p1b: Clefable|10\/100|[from] item: Leftovers\n|-sideend|p1: goodguyky96|move: Aurora Veil\n|upkeep\n|turn|10\n|\n|t:|1697827433\n|move|p2b: Zygarde|Extreme Speed|p1a: Torterra\n|-damage|p1a: Torterra|0 fnt\n|faint|p1a: Torterra\n|move|p2a: Zamazenta|Body Press|p1b: Clefable\n|-resisted|p1b: Clefable\n|-damage|p1b: Clefable|0 fnt\n|faint|p1b: Clefable\n|\n|-weather|Snow|[upkeep]\n|upkeep\n|-message|goodguyky96 forfeited.\n|\n|win|Junky Dummy\n|raw|goodguyky96's rating: 1129 &rarr; <strong>1118<\/strong><br \/>(-11 for losing)\n|raw|Junky Dummy's rating: 1358 &rarr; <strong>1366<\/strong><br \/>(+8 for winning)\n|l|\u2606goodguyky96\n","uploadtime":1697827447,"views":8,"p1id":"goodguyky96","p2id":"junkydummy","formatid":"gen9nationaldexdoubles","rating":1118,"private":0,"password":""}