{"id":"gen9nationaldexdoubles-1973688736","p1":"cynda3","p2":"Ric3o","format":"[Gen 9] National Dex Doubles","log":"|j|\u2606cynda3\n|j|\u2606Ric3o\n|t:|1698003559\n|gametype|doubles\n|player|p1|cynda3|lyra|\n|player|p2|Ric3o|170|\n|teamsize|p1|6\n|teamsize|p2|6\n|gen|9\n|tier|[Gen 9] National Dex Doubles\n|rule|HP Percentage Mod: HP is shown in percentages\n|rule|Endless Battle Clause: Forcing endless battles is banned\n|rule|OHKO Clause: OHKO moves are banned\n|rule|Evasion Moves Clause: Evasion moves are banned\n|rule|Evasion Abilities Clause: Evasion abilities are banned\n|rule|Species Clause: Limit one of each Pok\u00e9mon\n|rule|Gravity Sleep Clause: The combination of sleep-inducing moves with imperfect accuracy and Gravity or Gigantamax Orbeetle are banned\n|clearpoke\n|poke|p1|Volcarona, M|\n|poke|p1|Araquanid, M|\n|poke|p1|Illumise, F|\n|poke|p1|Shuckle, F|\n|poke|p1|Pinsir, M|\n|poke|p1|Slither Wing|\n|poke|p2|Aegislash, F|\n|poke|p2|Excadrill, F|\n|poke|p2|Corviknight, M|\n|poke|p2|Ferrothorn, M|\n|poke|p2|Duraludon, F|\n|poke|p2|Lucario, M|\n|teampreview\n|\n|t:|1698003578\n|start\n|switch|p1a: Thrickster|Illumise, F, shiny|100\/100\n|switch|p1b: Hey hola|Slither Wing|100\/100\n|switch|p2a: Aegislash|Aegislash, F, shiny|100\/100\n|switch|p2b: Corviknight|Corviknight, M, shiny|100\/100\n|turn|1\n|\n|t:|1698003609\n|move|p1a: Thrickster|Trick|p2a: Aegislash\n|-activate|p1a: Thrickster|move: Trick|[of] p2a: Aegislash\n|-item|p2a: Aegislash|Choice Band|[from] move: Trick\n|-item|p1a: Thrickster|Leftovers|[from] move: Trick\n|move|p1b: Hey hola|Wild Charge|p2b: Corviknight\n|-supereffective|p2b: Corviknight\n|-damage|p2b: Corviknight|28\/100\n|-damage|p1b: Hey hola|77\/100|[from] Recoil\n|move|p2b: Corviknight|Brave Bird|p1b: Hey hola\n|-supereffective|p1b: Hey hola\n|-damage|p1b: Hey hola|0 fnt\n|faint|p1b: Hey hola\n|-end|p1b: Hey hola|Protosynthesis|[silent]\n|-damage|p2b: Corviknight|8\/100|[from] Recoil\n|move|p2a: Aegislash|Toxic|p1a: Thrickster\n|-status|p1a: Thrickster|tox\n|\n|-heal|p2b: Corviknight|15\/100|[from] item: Leftovers\n|-damage|p1a: Thrickster|95\/100 tox|[from] psn\n|upkeep\n|\n|t:|1698003627\n|switch|p1b: Mvp|Volcarona, M, shiny|100\/100\n|turn|2\n|\n|t:|1698003647\n|move|p1a: Thrickster|Thunder Wave|p2a: Aegislash\n|-status|p2a: Aegislash|par\n|move|p1b: Mvp|Heat Wave|p2b: Corviknight|[spread] p2a\n|-miss|p1b: Mvp|p2b: Corviknight\n|-supereffective|p2a: Aegislash\n|-damage|p2a: Aegislash|54\/100 par\n|move|p2b: Corviknight|Roost|p2b: Corviknight\n|-heal|p2b: Corviknight|64\/100\n|-singleturn|p2b: Corviknight|move: Roost\n|move|p2a: Aegislash|Toxic|p1b: Mvp\n|-status|p1b: Mvp|tox\n|\n|-heal|p1a: Thrickster|100\/100 tox|[from] item: Leftovers\n|-heal|p2b: Corviknight|71\/100|[from] item: Leftovers\n|-damage|p1b: Mvp|94\/100 tox|[from] psn\n|-damage|p1a: Thrickster|89\/100 tox|[from] psn\n|upkeep\n|turn|3\n|\n|t:|1698003682\n|move|p1a: Thrickster|Aromatherapy|p1a: Thrickster\n|-activate|p1a: Thrickster|move: Aromatherapy\n|-curestatus|p1a: Thrickster|tox|[msg]\n|-curestatus|p1b: Mvp|tox|[msg]\n|move|p1b: Mvp|Heat Wave|p2b: Corviknight|[spread] p2a,p2b\n|-supereffective|p2a: Aegislash\n|-supereffective|p2b: Corviknight\n|-damage|p2a: Aegislash|2\/100 par\n|-damage|p2b: Corviknight|9\/100\n|move|p2b: Corviknight|Brave Bird|p1b: Mvp\n|-supereffective|p1b: Mvp\n|-damage|p1b: Mvp|0 fnt\n|-status|p2b: Corviknight|brn|[from] ability: Flame Body|[of] p1b: Mvp\n|faint|p1b: Mvp\n|-damage|p2b: Corviknight|0 fnt|[from] Recoil\n|faint|p2b: Corviknight\n|cant|p2a: Aegislash|par\n|\n|-heal|p1a: Thrickster|95\/100|[from] item: Leftovers\n|upkeep\n|\n|t:|1698003730\n|switch|p1b: FIUMMMMMM|Pinsir, M|100\/100\n|switch|p2b: Duraludon|Duraludon, F|100\/100\n|turn|4\n|\n|t:|1698003744\n|detailschange|p1b: FIUMMMMMM|Pinsir-Mega, M\n|-mega|p1b: FIUMMMMMM|Pinsir|Pinsirite\n|move|p1a: Thrickster|Thunder Wave|p2b: Duraludon\n|-status|p2b: Duraludon|par\n|move|p1b: FIUMMMMMM|Knock Off|p2b: Duraludon\n|-damage|p2b: Duraludon|60\/100 par\n|-enditem|p2b: Duraludon|Choice Scarf|[from] move: Knock Off|[of] p1b: FIUMMMMMM\n|move|p2b: Duraludon|Stealth Rock|p1b: FIUMMMMMM\n|-sidestart|p1: cynda3|move: Stealth Rock\n|move|p2a: Aegislash|Toxic|p1b: FIUMMMMMM\n|-status|p1b: FIUMMMMMM|tox\n|\n|-heal|p1a: Thrickster|100\/100|[from] item: Leftovers\n|-damage|p1b: FIUMMMMMM|95\/100 tox|[from] psn\n|upkeep\n|turn|5\n|\n|t:|1698003783\n|move|p1a: Thrickster|Tailwind|p1a: Thrickster\n|-sidestart|p1: cynda3|move: Tailwind\n|move|p1b: FIUMMMMMM|Return|p2b: Duraludon\n|-resisted|p2b: Duraludon\n|-damage|p2b: Duraludon|19\/100 par\n|cant|p2b: Duraludon|par\n|cant|p2a: Aegislash|par\n|\n|-damage|p1b: FIUMMMMMM|83\/100 tox|[from] psn\n|upkeep\n|turn|6\n|\n|t:|1698003795\n|move|p1a: Thrickster|Aromatherapy|p1a: Thrickster\n|-activate|p1a: Thrickster|move: Aromatherapy\n|-curestatus|p1b: FIUMMMMMM|tox|[msg]\n|move|p1b: FIUMMMMMM|Return|p2b: Duraludon\n|-resisted|p2b: Duraludon\n|-damage|p2b: Duraludon|0 fnt\n|faint|p2b: Duraludon\n|move|p2a: Aegislash|Toxic|p1a: Thrickster\n|-status|p1a: Thrickster|tox\n|\n|-damage|p1a: Thrickster|95\/100 tox|[from] psn\n|upkeep\n|\n|t:|1698003805\n|switch|p2b: Excadrill|Excadrill, F|100\/100\n|-ability|p2b: Excadrill|Mold Breaker\n|turn|7\n|\n|t:|1698003822\n|switch|p1b: Caracol|Shuckle, F, shiny|100\/100\n|-damage|p1b: Caracol|75\/100|[from] Stealth Rock\n|switch|p2a: Ferrothorn|Ferrothorn, M|100\/100\n|move|p1a: Thrickster|Trick|p2b: Excadrill\n|-activate|p1a: Thrickster|move: Trick|[of] p2b: Excadrill\n|-item|p2b: Excadrill|Leftovers|[from] move: Trick\n|-item|p1a: Thrickster|Choice Scarf|[from] move: Trick\n|move|p2b: Excadrill|Rock Slide|p1a: Thrickster|[spread] p1a,p1b\n|-supereffective|p1a: Thrickster\n|-supereffective|p1b: Caracol\n|-damage|p1a: Thrickster|40\/100 tox\n|-damage|p1b: Caracol|48\/100\n|\n|-heal|p1b: Caracol|54\/100|[from] item: Leftovers\n|-damage|p1a: Thrickster|28\/100 tox|[from] psn\n|upkeep\n|turn|8\n|\n|t:|1698003843\n|move|p1a: Thrickster|Trick|p2a: Ferrothorn\n|-activate|p1a: Thrickster|move: Trick|[of] p2a: Ferrothorn\n|-item|p2a: Ferrothorn|Choice Scarf|[from] move: Trick\n|-item|p1a: Thrickster|Leftovers|[from] move: Trick\n|move|p2b: Excadrill|Rock Slide|p1a: Thrickster|[spread] p1b\n|-miss|p2b: Excadrill|p1a: Thrickster\n|-supereffective|p1b: Caracol\n|-damage|p1b: Caracol|28\/100\n|move|p2a: Ferrothorn|Leech Seed|p1a: Thrickster\n|-start|p1a: Thrickster|move: Leech Seed\n|cant|p1b: Caracol|flinch\n|\n|-heal|p1a: Thrickster|34\/100 tox|[from] item: Leftovers\n|-heal|p1b: Caracol|34\/100|[from] item: Leftovers\n|-damage|p1a: Thrickster|22\/100 tox|[from] Leech Seed|[of] p2a: Ferrothorn\n|-damage|p1a: Thrickster|4\/100 tox|[from] psn\n|-sideend|p1: cynda3|move: Tailwind\n|upkeep\n|turn|9\n|\n|t:|1698003864\n|switch|p2a: Aegislash|Aegislash, F, shiny|2\/100 par\n|move|p1a: Thrickster|Tailwind|p1a: Thrickster\n|-sidestart|p1: cynda3|move: Tailwind\n|move|p2b: Excadrill|Rock Slide|p1a: Thrickster|[spread] p1a,p1b\n|-supereffective|p1a: Thrickster\n|-crit|p1a: Thrickster\n|-supereffective|p1b: Caracol\n|-damage|p1a: Thrickster|0 fnt\n|-damage|p1b: Caracol|7\/100\n|faint|p1a: Thrickster\n|cant|p1b: Caracol|flinch\n|\n|-heal|p1b: Caracol|14\/100|[from] item: Leftovers\n|upkeep\n|\n|t:|1698003875\n|switch|p1a: Ara\u00f1ita|Araquanid, M, shiny|100\/100\n|-damage|p1a: Ara\u00f1ita|75\/100|[from] Stealth Rock\n|turn|10\n|\n|t:|1698003889\n|switch|p2b: Ferrothorn|Ferrothorn, M|100\/100\n|move|p1a: Ara\u00f1ita|Wide Guard|p1a: Ara\u00f1ita\n|-singleturn|p1a: Ara\u00f1ita|Wide Guard\n|move|p1b: Caracol|Infestation|p2a: Aegislash\n|-resisted|p2a: Aegislash\n|-damage|p2a: Aegislash|2\/100 par\n|-activate|p2a: Aegislash|move: Infestation|[of] p1b: Caracol\n|cant|p2a: Aegislash|par\n|\n|-heal|p1a: Ara\u00f1ita|82\/100|[from] item: Leftovers\n|-heal|p1b: Caracol|20\/100|[from] item: Leftovers\n|-damage|p2a: Aegislash|0 fnt|[from] move: Infestation|[partiallytrapped]\n|faint|p2a: Aegislash\n|upkeep\n|\n|t:|1698003903\n|switch|p2a: Excadrill|Excadrill, F|100\/100\n|-ability|p2a: Excadrill|Mold Breaker\n|turn|11\n|\n|t:|1698003923\n|move|p1a: Ara\u00f1ita|Wide Guard|p1a: Ara\u00f1ita\n|-singleturn|p1a: Ara\u00f1ita|Wide Guard\n|move|p2a: Excadrill|Rock Slide|p1b: Caracol|[spread] \n|-activate|p1a: Ara\u00f1ita|move: Wide Guard\n|-activate|p1b: Caracol|move: Wide Guard\n|move|p2b: Ferrothorn|Spikes|p1b: Caracol\n|-sidestart|p1: cynda3|Spikes\n|move|p1b: Caracol|Infestation|p2a: Excadrill\n|-resisted|p2a: Excadrill\n|-damage|p2a: Excadrill|99\/100\n|-activate|p2a: Excadrill|move: Infestation|[of] p1b: Caracol\n|\n|-heal|p2a: Excadrill|100\/100|[from] item: Leftovers\n|-heal|p1a: Ara\u00f1ita|88\/100|[from] item: Leftovers\n|-heal|p1b: Caracol|26\/100|[from] item: Leftovers\n|-damage|p2a: Excadrill|88\/100|[from] move: Infestation|[partiallytrapped]\n|upkeep\n|turn|12\n|\n|t:|1698003938\n|move|p1a: Ara\u00f1ita|Wide Guard|p1a: Ara\u00f1ita\n|-singleturn|p1a: Ara\u00f1ita|Wide Guard\n|move|p2a: Excadrill|Rock Slide|p1a: Ara\u00f1ita|[spread] \n|-activate|p1a: Ara\u00f1ita|move: Wide Guard\n|-activate|p1b: Caracol|move: Wide Guard\n|move|p2b: Ferrothorn|Spikes|p1a: Ara\u00f1ita\n|-sidestart|p1: cynda3|Spikes\n|move|p1b: Caracol|Infestation|p2b: Ferrothorn\n|-damage|p2b: Ferrothorn|99\/100\n|-activate|p2b: Ferrothorn|move: Infestation|[of] p1b: Caracol\n|-damage|p1b: Caracol|14\/100|[from] ability: Iron Barbs|[of] p2b: Ferrothorn\n|\n|-heal|p2a: Excadrill|94\/100|[from] item: Leftovers\n|-heal|p1a: Ara\u00f1ita|94\/100|[from] item: Leftovers\n|-heal|p1b: Caracol|20\/100|[from] item: Leftovers\n|-damage|p2a: Excadrill|82\/100|[from] move: Infestation|[partiallytrapped]\n|-damage|p2b: Ferrothorn|86\/100|[from] move: Infestation|[partiallytrapped]\n|-sideend|p1: cynda3|move: Tailwind\n|upkeep\n|turn|13\n|\n|t:|1698003970\n|move|p1a: Ara\u00f1ita|Wide Guard|p1a: Ara\u00f1ita\n|-singleturn|p1a: Ara\u00f1ita|Wide Guard\n|move|p2a: Excadrill|Iron Head|p1b: Caracol\n|-supereffective|p1b: Caracol\n|-damage|p1b: Caracol|0 fnt\n|faint|p1b: Caracol\n|move|p2b: Ferrothorn|Spikes|p1a: Ara\u00f1ita\n|-sidestart|p1: cynda3|Spikes\n|\n|-heal|p2a: Excadrill|88\/100|[from] item: Leftovers\n|-heal|p1a: Ara\u00f1ita|99\/100|[from] item: Leftovers\n|-end|p2a: Excadrill|Infestation|[partiallytrapped]|[silent]\n|-end|p2b: Ferrothorn|Infestation|[partiallytrapped]|[silent]\n|upkeep\n|\n|t:|1698003975\n|switch|p1b: FIUMMMMMM|Pinsir-Mega, M|83\/100\n|-damage|p1b: FIUMMMMMM|33\/100|[from] Stealth Rock\n|turn|14\n|\n|t:|1698003999\n|switch|p2b: Lucario|Lucario, M|100\/100\n|move|p1a: Ara\u00f1ita|Wide Guard|p1a: Ara\u00f1ita\n|-singleturn|p1a: Ara\u00f1ita|Wide Guard\n|move|p1b: FIUMMMMMM|Knock Off|p2a: Excadrill\n|-damage|p2a: Excadrill|33\/100\n|-enditem|p2a: Excadrill|Leftovers|[from] move: Knock Off|[of] p1b: FIUMMMMMM\n|move|p2a: Excadrill|Iron Head|p1b: FIUMMMMMM\n|-damage|p1b: FIUMMMMMM|0 fnt\n|faint|p1b: FIUMMMMMM\n|\n|-heal|p1a: Ara\u00f1ita|100\/100|[from] item: Leftovers\n|upkeep\n|turn|15\n|\n|t:|1698004027\n|detailschange|p2b: Lucario|Lucario-Mega, M\n|-mega|p2b: Lucario|Lucario|Lucarionite\n|move|p2b: Lucario|Meteor Mash|p1a: Ara\u00f1ita\n|-resisted|p1a: Ara\u00f1ita\n|-damage|p1a: Ara\u00f1ita|61\/100\n|-boost|p2b: Lucario|atk|1\n|move|p2a: Excadrill|Iron Head|p1a: Ara\u00f1ita\n|-resisted|p1a: Ara\u00f1ita\n|-damage|p1a: Ara\u00f1ita|39\/100\n|move|p1a: Ara\u00f1ita|Liquidation|p2a: Excadrill\n|-supereffective|p2a: Excadrill\n|-damage|p2a: Excadrill|0 fnt\n|faint|p2a: Excadrill\n|\n|-heal|p1a: Ara\u00f1ita|45\/100|[from] item: Leftovers\n|upkeep\n|\n|t:|1698004038\n|switch|p2a: Ferrothorn|Ferrothorn, M|86\/100\n|turn|16\n|\n|t:|1698004047\n|move|p2b: Lucario|Extreme Speed|p1a: Ara\u00f1ita\n|-damage|p1a: Ara\u00f1ita|0 fnt\n|faint|p1a: Ara\u00f1ita\n|\n|win|Ric3o\n|l|\u2606Ric3o\n","uploadtime":1698004059,"views":9,"p1id":"cynda3","p2id":"ric3o","formatid":"gen9nationaldexdoubles","rating":0,"private":0,"password":""}