{"id":"gen9nationaldexdoubles-1964997323","p1":"Chumpette","p2":"haakloong","format":"[Gen 9] National Dex Doubles","log":"|j|\u2606Chumpette\n|j|\u2606haakloong\n|t:|1697034309\n|gametype|doubles\n|player|p1|Chumpette|265|\n|player|p2|haakloong|265|\n|teamsize|p1|6\n|teamsize|p2|6\n|gen|9\n|tier|[Gen 9] National Dex Doubles\n|rule|HP Percentage Mod: HP is shown in percentages\n|rule|Endless Battle Clause: Forcing endless battles is banned\n|rule|OHKO Clause: OHKO moves are banned\n|rule|Evasion Moves Clause: Evasion moves are banned\n|rule|Evasion Abilities Clause: Evasion abilities are banned\n|rule|Species Clause: Limit one of each Pok\u00e9mon\n|rule|Gravity Sleep Clause: The combination of sleep-inducing moves with imperfect accuracy and Gravity or Gigantamax Orbeetle are banned\n|clearpoke\n|poke|p1|Ninetales-Alola, M|\n|poke|p1|Togekiss, F|\n|poke|p1|Vanilluxe, F|\n|poke|p1|Cloyster, F|\n|poke|p1|Jolteon, M|\n|poke|p1|Sandslash-Alola, F|\n|poke|p2|Goodra-Hisui, F|\n|poke|p2|Lucario, F|\n|poke|p2|Skarmory, M|\n|poke|p2|Ninetales-Alola, F|\n|poke|p2|Cloyster, F|\n|poke|p2|Aggron, M|\n|teampreview\n|\n|t:|1697034347\n|start\n|switch|p1a: The Messiah|Sandslash-Alola, F|100\/100\n|switch|p1b: Sycophant|Togekiss, F|100\/100\n|switch|p2a: Aggron|Aggron, M|100\/100\n|switch|p2b: Skarmory|Skarmory, M, shiny|100\/100\n|turn|1\n|\n|t:|1697034445\n|move|p1b: Sycophant|Follow Me|p1b: Sycophant\n|-singleturn|p1b: Sycophant|move: Follow Me\n|move|p1a: The Messiah|Brick Break|p2a: Aggron\n|-supereffective|p2a: Aggron\n|-damage|p2a: Aggron|54\/100\n|move|p2b: Skarmory|Iron Defense|p2b: Skarmory\n|-boost|p2b: Skarmory|def|2\n|move|p2a: Aggron|Body Press|p1b: Sycophant\n|-resisted|p1b: Sycophant\n|-damage|p1b: Sycophant|92\/100\n|-damage|p2a: Aggron|37\/100|[from] item: Rocky Helmet|[of] p1b: Sycophant\n|\n|upkeep\n|turn|2\n|j| Clabeh\n|\n|t:|1697034471\n|move|p1b: Sycophant|Follow Me|p1b: Sycophant\n|-singleturn|p1b: Sycophant|move: Follow Me\n|move|p1a: The Messiah|Swords Dance|p1a: The Messiah\n|-boost|p1a: The Messiah|atk|2\n|move|p2b: Skarmory|Iron Defense|p2b: Skarmory\n|-boost|p2b: Skarmory|def|2\n|move|p2a: Aggron|Heavy Slam|p1b: Sycophant\n|-supereffective|p1b: Sycophant\n|-damage|p1b: Sycophant|0 fnt\n|-damage|p2a: Aggron|21\/100|[from] item: Rocky Helmet|[of] p1b: Sycophant\n|faint|p1b: Sycophant\n|\n|upkeep\n|\n|t:|1697034484\n|switch|p1b: Winter|Ninetales-Alola, M|100\/100\n|-weather|Snow|[from] ability: Snow Warning|[of] p1b: Winter\n|turn|3\n|\n|t:|1697034513\n|move|p1a: The Messiah|Brick Break|p2a: Aggron\n|-supereffective|p2a: Aggron\n|-damage|p2a: Aggron|0 fnt\n|faint|p2a: Aggron\n|move|p1b: Winter|Blizzard|p2b: Skarmory\n|-damage|p2b: Skarmory|52\/100\n|move|p2b: Skarmory|Iron Defense|p2b: Skarmory\n|-boost|p2b: Skarmory|def|2\n|\n|-weather|Snow|[upkeep]\n|upkeep\n|\n|t:|1697034528\n|switch|p2a: Lucario|Lucario, F|100\/100\n|turn|4\n|\n|t:|1697034550\n|move|p2b: Skarmory|Protect|p2b: Skarmory\n|-singleturn|p2b: Skarmory|Protect\n|move|p1a: The Messiah|Triple Axel|p2b: Skarmory\n|-activate|p2b: Skarmory|move: Protect\n|move|p1b: Winter|Blizzard|p2a: Lucario|[spread] p2a\n|-activate|p2b: Skarmory|move: Protect\n|-resisted|p2a: Lucario\n|-damage|p2a: Lucario|76\/100\n|-status|p2a: Lucario|frz\n|cant|p2a: Lucario|frz\n|\n|-weather|Snow|[upkeep]\n|upkeep\n|turn|5\n|\n|t:|1697034575\n|move|p1a: The Messiah|Triple Axel|p2b: Skarmory\n|-damage|p2b: Skarmory|49\/100\n|-damage|p1a: The Messiah|84\/100|[from] item: Rocky Helmet|[of] p2b: Skarmory\n|-damage|p2b: Skarmory|42\/100\n|-damage|p1a: The Messiah|68\/100|[from] item: Rocky Helmet|[of] p2b: Skarmory\n|-damage|p2b: Skarmory|34\/100\n|-damage|p1a: The Messiah|51\/100|[from] item: Rocky Helmet|[of] p2b: Skarmory\n|-hitcount|p2b: Skarmory|3\n|move|p1b: Winter|Blizzard|p2b: Skarmory|[spread] p2a,p2b\n|-resisted|p2a: Lucario\n|-damage|p2a: Lucario|49\/100 frz\n|-damage|p2b: Skarmory|0 fnt\n|faint|p2b: Skarmory\n|cant|p2a: Lucario|frz\n|\n|-weather|Snow|[upkeep]\n|upkeep\n|\n|t:|1697034595\n|switch|p2b: Goodra|Goodra-Hisui, F|100\/100\n|turn|6\n|\n|t:|1697034636\n|move|p1a: The Messiah|Triple Axel|p2b: Goodra\n|-damage|p2b: Goodra|84\/100\n|-ability|p2b: Goodra|Gooey\n|-unboost|p1a: The Messiah|spe|1\n|-damage|p2b: Goodra|48\/100\n|-ability|p2b: Goodra|Gooey\n|-unboost|p1a: The Messiah|spe|1\n|-damage|p2b: Goodra|0 fnt\n|-ability|p2b: Goodra|Gooey\n|-unboost|p1a: The Messiah|spe|1\n|faint|p2b: Goodra\n|-hitcount|p2: Goodra|3\n|move|p1b: Winter|Blizzard|p2a: Lucario\n|-resisted|p2a: Lucario\n|-damage|p2a: Lucario|16\/100 frz\n|-curestatus|p2a: Lucario|frz|[msg]\n|move|p2a: Lucario|Close Combat|p1a: The Messiah\n|-supereffective|p1a: The Messiah\n|-damage|p1a: The Messiah|0 fnt\n|-unboost|p2a: Lucario|def|1\n|-unboost|p2a: Lucario|spd|1\n|faint|p1a: The Messiah\n|\n|-weather|Snow|[upkeep]\n|upkeep\n|\n|t:|1697034679\n|switch|p1a: Judas|Cloyster, F|100\/100\n|switch|p2b: Cloyster|Cloyster, F, shiny|100\/100\n|turn|7\n|\n|t:|1697034711\n|move|p1b: Winter|Blizzard|p2b: Cloyster|[spread] p2a,p2b\n|-resisted|p2a: Lucario\n|-resisted|p2b: Cloyster\n|-damage|p2a: Lucario|0 fnt\n|-damage|p2b: Cloyster|83\/100\n|faint|p2a: Lucario\n|move|p1a: Judas|Shell Smash|p1a: Judas\n|-unboost|p1a: Judas|def|1\n|-unboost|p1a: Judas|spd|1\n|-boost|p1a: Judas|atk|2\n|-boost|p1a: Judas|spa|2\n|-boost|p1a: Judas|spe|2\n|-enditem|p1a: Judas|White Herb\n|-clearnegativeboost|p1a: Judas|[silent]\n|move|p2b: Cloyster|Waterfall|p1b: Winter\n|-damage|p1b: Winter|65\/100\n|\n|-weather|Snow|[upkeep]\n|upkeep\n|\n|t:|1697034725\n|switch|p2a: Ninetales|Ninetales-Alola, F|100\/100\n|turn|8\n|\n|t:|1697034741\n|move|p1a: Judas|Rock Blast|p2b: Cloyster\n|-supereffective|p2b: Cloyster\n|-damage|p2b: Cloyster|69\/100\n|-supereffective|p2b: Cloyster\n|-damage|p2b: Cloyster|54\/100\n|-supereffective|p2b: Cloyster\n|-damage|p2b: Cloyster|38\/100\n|-supereffective|p2b: Cloyster\n|-damage|p2b: Cloyster|25\/100\n|-supereffective|p2b: Cloyster\n|-damage|p2b: Cloyster|10\/100\n|-hitcount|p2b: Cloyster|5\n|move|p1b: Winter|Moonblast|p2b: Cloyster\n|-damage|p2b: Cloyster|0 fnt\n|faint|p2b: Cloyster\n|move|p2a: Ninetales|Freeze-Dry|p1a: Judas\n|-crit|p1a: Judas\n|-damage|p1a: Judas|0 fnt\n|faint|p1a: Judas\n|\n|-weather|Snow|[upkeep]\n|upkeep\n|\n|t:|1697034757\n|switch|p1a: MC Hammer|Jolteon, M|100\/100\n|turn|9\n|\n|t:|1697034764\n|move|p1a: MC Hammer|Thunder Wave|p2a: Ninetales\n|-status|p2a: Ninetales|par\n|move|p1b: Winter|Moonblast|p2a: Ninetales\n|-damage|p2a: Ninetales|59\/100 par\n|move|p2a: Ninetales|Weather Ball|p1a: MC Hammer\n|-damage|p1a: MC Hammer|43\/100\n|\n|-weather|Snow|[upkeep]\n|upkeep\n|turn|10\n|\n|t:|1697034775\n|move|p1a: MC Hammer|Thunderbolt|p2a: Ninetales\n|-damage|p2a: Ninetales|9\/100 par\n|move|p1b: Winter|Moonblast|p2a: Ninetales\n|-damage|p2a: Ninetales|0 fnt\n|faint|p2a: Ninetales\n|\n|win|Chumpette\n|l|\u2606haakloong\n","uploadtime":1697034784,"views":13,"p1id":"chumpette","p2id":"haakloong","formatid":"gen9nationaldexdoubles","rating":0,"private":0,"password":""}