{"id":"gen9nationaldexdoubles-1954147182","p1":"mr Deuzp","p2":"Mudkiped","format":"[Gen 9] National Dex Doubles","log":"|j|\u2606mr Deuzp\n|j|\u2606Mudkiped\n|t:|1695858643\n|gametype|doubles\n|player|p1|mr Deuzp|shadowtriad|1170\n|player|p2|Mudkiped|crasherwake|1394\n|teamsize|p1|6\n|teamsize|p2|6\n|gen|9\n|tier|[Gen 9] National Dex Doubles\n|rated|\n|rule|HP Percentage Mod: HP is shown in percentages\n|rule|Endless Battle Clause: Forcing endless battles is banned\n|rule|OHKO Clause: OHKO moves are banned\n|rule|Evasion Moves Clause: Evasion moves are banned\n|rule|Evasion Abilities Clause: Evasion abilities are banned\n|rule|Species Clause: Limit one of each Pok\u00e9mon\n|rule|Gravity Sleep Clause: The combination of sleep-inducing moves with imperfect accuracy and Gravity or Gigantamax Orbeetle are banned\n|clearpoke\n|poke|p1|Eevee, F|\n|poke|p1|Clefairy, F|\n|poke|p1|Espathra, F|\n|poke|p1|Beedrill, M|\n|poke|p1|Toxapex, F|\n|poke|p1|Landorus-Therian, M|\n|poke|p2|Wo-Chien|\n|poke|p2|Sinistcha-Masterpiece|\n|poke|p2|Glimmora, F|\n|poke|p2|Kommo-o, M|\n|poke|p2|Ninetales-Alola, F|\n|poke|p2|Landorus-Therian, M|\n|teampreview\n|j| IXLFL\n|\n|t:|1695858677\n|start\n|switch|p1a: Clefairy|Clefairy, F, shiny|100\/100\n|switch|p1b: Eevee|Eevee, F, shiny|100\/100\n|switch|p2a: Big Kahuna|Kommo-o, M, shiny|100\/100\n|switch|p2b: Land of the T|Landorus-Therian, M|100\/100\n|-ability|p2b: Land of the T|Intimidate|boost\n|-unboost|p1a: Clefairy|atk|1\n|-unboost|p1b: Eevee|atk|1\n|turn|1\n|\n|t:|1695858709\n|move|p1a: Clefairy|Follow Me|p1a: Clefairy\n|-singleturn|p1a: Clefairy|move: Follow Me\n|move|p2b: Land of the T|Stomping Tantrum|p1a: Clefairy\n|-damage|p1a: Clefairy|56\/100\n|move|p2a: Big Kahuna|Clangorous Soul|p2a: Big Kahuna\n|-boost|p2a: Big Kahuna|atk|1\n|-boost|p2a: Big Kahuna|def|1\n|-boost|p2a: Big Kahuna|spa|1\n|-boost|p2a: Big Kahuna|spd|1\n|-boost|p2a: Big Kahuna|spe|1\n|-damage|p2a: Big Kahuna|68\/100\n|-zpower|p1b: Eevee\n|move|p1b: Eevee|Extreme Evoboost|p1b: Eevee\n|-boost|p1b: Eevee|atk|2\n|-boost|p1b: Eevee|def|2\n|-boost|p1b: Eevee|spa|2\n|-boost|p1b: Eevee|spd|2\n|-boost|p1b: Eevee|spe|2\n|\n|upkeep\n|turn|2\n|\n|t:|1695858735\n|switch|p2b: In A Hot Tub|Sinistcha-Masterpiece, shiny|100\/100\n|-heal|p2a: Big Kahuna|93\/100|[from] ability: Hospitality|[of] p2b: In A Hot Tub\n|move|p1a: Clefairy|Follow Me|p1a: Clefairy\n|-singleturn|p1a: Clefairy|move: Follow Me\n|move|p1b: Eevee|Baton Pass|p1b: Eevee\n|\n|t:|1695858744\n|switch|p1b: Espathra|Espathra, F, shiny|100\/100|[from] Baton Pass\n|move|p2a: Big Kahuna|Flash Cannon|p1a: Clefairy\n|-supereffective|p1a: Clefairy\n|-damage|p1a: Clefairy|0 fnt\n|faint|p1a: Clefairy\n|\n|upkeep\n|\n|t:|1695858751\n|switch|p1a: Beedrill|Beedrill, M, shiny|100\/100\n|turn|3\n|\n|t:|1695858773\n|detailschange|p1a: Beedrill|Beedrill-Mega, M, shiny\n|-mega|p1a: Beedrill|Beedrill|Beedrillite\n|-terastallize|p1b: Espathra|Fairy\n|-terastallize|p2a: Big Kahuna|Steel\n|move|p1b: Espathra|Dazzling Gleam|p2b: In A Hot Tub|[spread] p2a,p2b\n|-resisted|p2a: Big Kahuna\n|-damage|p2a: Big Kahuna|73\/100\n|-damage|p2b: In A Hot Tub|49\/100\n|move|p1a: Beedrill|Knock Off|p2b: In A Hot Tub\n|-supereffective|p2b: In A Hot Tub\n|-damage|p2b: In A Hot Tub|0 fnt\n|-damage|p1a: Beedrill|84\/100|[from] item: Rocky Helmet|[of] p2b: In A Hot Tub\n|-enditem|p2b: In A Hot Tub|Rocky Helmet|[from] move: Knock Off|[of] p1a: Beedrill\n|faint|p2b: In A Hot Tub\n|move|p2a: Big Kahuna|Clanging Scales|p1b: Espathra|[spread] p1a\n|-immune|p1b: Espathra\n|-damage|p1a: Beedrill|0 fnt\n|faint|p1a: Beedrill\n|-unboost|p2a: Big Kahuna|def|1\n|\n|-ability|p1b: Espathra|Speed Boost|boost\n|-boost|p1b: Espathra|spe|1\n|upkeep\n|\n|t:|1695858801\n|switch|p1a: Eevee|Eevee, F, shiny|100\/100\n|switch|p2b: Big W|Wo-Chien|100\/100\n|-ability|p2b: Big W|Tablets of Ruin\n|turn|4\n|\n|t:|1695858812\n|move|p1b: Espathra|Stored Power|p2a: Big Kahuna\n|-resisted|p2a: Big Kahuna\n|-damage|p2a: Big Kahuna|9\/100\n|-enditem|p2a: Big Kahuna|Sitrus Berry|[eat]\n|-heal|p2a: Big Kahuna|34\/100|[from] item: Sitrus Berry\n|move|p2a: Big Kahuna|Flash Cannon|p1b: Espathra\n|-supereffective|p1b: Espathra\n|-damage|p1b: Espathra|17\/100\n|move|p1a: Eevee|Yawn|p2b: Big W\n|-start|p2b: Big W|move: Yawn|[of] p1a: Eevee\n|move|p2b: Big W|Leech Seed|p1b: Espathra\n|-start|p1b: Espathra|move: Leech Seed\n|\n|-heal|p1b: Espathra|23\/100|[from] item: Leftovers\n|-damage|p1b: Espathra|10\/100|[from] Leech Seed|[of] p2b: Big W\n|-ability|p1b: Espathra|Speed Boost|boost\n|-boost|p1b: Espathra|spe|1\n|upkeep\n|turn|5\n|l| IXLFL\n|\n|t:|1695858871\n|switch|p2a: WatchYoStep|Glimmora, F|100\/100\n|move|p1b: Espathra|Dazzling Gleam|p2a: WatchYoStep|[spread] p2a,p2b\n|-resisted|p2a: WatchYoStep\n|-supereffective|p2b: Big W\n|-damage|p2a: WatchYoStep|67\/100\n|-damage|p2b: Big W|27\/100\n|move|p1a: Eevee|Yawn|p2a: WatchYoStep\n|-start|p2a: WatchYoStep|move: Yawn|[of] p1a: Eevee\n|move|p2b: Big W|Leech Seed|p1a: Eevee\n|-start|p1a: Eevee|move: Leech Seed\n|\n|-heal|p1b: Espathra|16\/100|[from] item: Leftovers\n|-heal|p2b: Big W|33\/100|[from] item: Leftovers\n|-damage|p1b: Espathra|4\/100|[from] Leech Seed|[of] p2b: Big W\n|-heal|p2b: Big W|44\/100|[silent]\n|-damage|p1a: Eevee|88\/100|[from] Leech Seed|[of] p2b: Big W\n|-heal|p2b: Big W|54\/100|[silent]\n|-end|p2b: Big W|move: Yawn|[silent]\n|-status|p2b: Big W|slp\n|-ability|p1b: Espathra|Speed Boost|boost\n|-boost|p1b: Espathra|spe|1\n|upkeep\n|turn|6\n|\n|t:|1695858915\n|move|p2a: WatchYoStep|Spiky Shield|p2a: WatchYoStep\n|-singleturn|p2a: WatchYoStep|move: Protect\n|move|p1a: Eevee|Protect|p1a: Eevee\n|-singleturn|p1a: Eevee|Protect\n|cant|p2b: Big W|slp\n|move|p1b: Espathra|Dazzling Gleam|p2b: Big W|[spread] p2b\n|-activate|p2a: WatchYoStep|move: Protect\n|-supereffective|p2b: Big W\n|-damage|p2b: Big W|0 fnt\n|faint|p2b: Big W\n|\n|-heal|p1b: Espathra|10\/100|[from] item: Leftovers\n|-end|p2a: WatchYoStep|move: Yawn|[silent]\n|-status|p2a: WatchYoStep|slp\n|-ability|p1b: Espathra|Speed Boost|boost\n|-boost|p1b: Espathra|spe|1\n|upkeep\n|\n|t:|1695858939\n|switch|p2b: Mc Cloud|Ninetales-Alola, F, shiny|100\/100\n|-weather|Snow|[from] ability: Snow Warning|[of] p2b: Mc Cloud\n|turn|7\n|\n|t:|1695858959\n|switch|p2a: Big Kahuna|Kommo-o, M, shiny, tera:Steel|34\/100\n|move|p1b: Espathra|Stored Power|p2b: Mc Cloud\n|-damage|p2b: Mc Cloud|0 fnt\n|faint|p2b: Mc Cloud\n|move|p1a: Eevee|Yawn|p2a: Big Kahuna\n|-start|p2a: Big Kahuna|move: Yawn|[of] p1a: Eevee\n|\n|-weather|Snow|[upkeep]\n|-heal|p1b: Espathra|16\/100|[from] item: Leftovers\n|upkeep\n|\n|t:|1695858972\n|switch|p2b: Land of the T|Landorus-Therian, M|100\/100\n|-ability|p2b: Land of the T|Intimidate|boost\n|-unboost|p1a: Eevee|atk|1\n|-unboost|p1b: Espathra|atk|1\n|turn|8\n|\n|t:|1695858981\n|move|p1b: Espathra|Stored Power|p2a: Big Kahuna\n|-resisted|p2a: Big Kahuna\n|-damage|p2a: Big Kahuna|0 fnt\n|faint|p2a: Big Kahuna\n|move|p2b: Land of the T|Rock Slide|p1a: Eevee|[spread] p1a,p1b\n|-damage|p1a: Eevee|51\/100\n|-damage|p1b: Espathra|0 fnt\n|faint|p1b: Espathra\n|move|p1a: Eevee|Yawn|p2b: Land of the T\n|-start|p2b: Land of the T|move: Yawn|[of] p1a: Eevee\n|\n|-weather|Snow|[upkeep]\n|-damage|p1a: Eevee|39\/100|[from] Leech Seed|[of] p2b: Land of the T\n|upkeep\n|\n|t:|1695858992\n|switch|p1b: Landorus|Landorus-Therian, M|100\/100\n|switch|p2a: WatchYoStep|Glimmora, F|67\/100 slp\n|-ability|p1b: Landorus|Intimidate|boost\n|-unboost|p2a: WatchYoStep|atk|1\n|-unboost|p2b: Land of the T|atk|1\n|turn|9\n|\n|t:|1695859009\n|move|p1a: Eevee|Protect|p1a: Eevee\n|-singleturn|p1a: Eevee|Protect\n|move|p2b: Land of the T|Rock Slide|p1a: Eevee|[spread] p1b\n|-activate|p1a: Eevee|move: Protect\n|-damage|p1b: Landorus|85\/100\n|move|p1b: Landorus|Knock Off|p2b: Land of the T\n|-damage|p2b: Land of the T|54\/100\n|-enditem|p2b: Land of the T|Choice Scarf|[from] move: Knock Off|[of] p1b: Landorus\n|cant|p2a: WatchYoStep|slp\n|\n|-weather|Snow|[upkeep]\n|-damage|p1a: Eevee|26\/100|[from] Leech Seed|[of] p2b: Land of the T\n|-heal|p2b: Land of the T|66\/100|[silent]\n|-end|p2b: Land of the T|move: Yawn|[silent]\n|-status|p2b: Land of the T|slp\n|upkeep\n|turn|10\n|\n|t:|1695859025\n|move|p1b: Landorus|Knock Off|p2a: WatchYoStep\n|-damage|p2a: WatchYoStep|29\/100 slp\n|-activate|p2a: WatchYoStep|ability: Toxic Debris\n|-sidestart|p1: mr Deuzp|move: Toxic Spikes\n|-enditem|p2a: WatchYoStep|Shuca Berry|[from] move: Knock Off|[of] p1b: Landorus\n|cant|p2b: Land of the T|slp\n|cant|p2a: WatchYoStep|slp\n|move|p1a: Eevee|Baton Pass|p1a: Eevee\n|-message|Mudkiped forfeited.\n|\n|win|mr Deuzp\n|raw|mr Deuzp's rating: 1170 &rarr; <strong>1209<\/strong><br \/>(+39 for winning)\n|raw|Mudkiped's rating: 1394 &rarr; <strong>1363<\/strong><br \/>(-31 for losing)\n|l|\u2606Mudkiped\n","uploadtime":1695859039,"views":7,"p1id":"mrdeuzp","p2id":"mudkiped","formatid":"gen9nationaldexdoubles","rating":1209,"private":0,"password":""}