{"id":"gen9nationaldexdoubles-1984675025","p1":"lxvliiz","p2":"MatCat19","format":"[Gen 9] National Dex Doubles","log":"|j|\u2606lxvliiz\n|j|\u2606MatCat19\n|t:|1699289874\n|gametype|doubles\n|player|p1|lxvliiz|guitarist|1075\n|player|p2|MatCat19|101|1022\n|teamsize|p1|6\n|teamsize|p2|6\n|gen|9\n|tier|[Gen 9] National Dex Doubles\n|rated|\n|rule|HP Percentage Mod: HP is shown in percentages\n|rule|Endless Battle Clause: Forcing endless battles is banned\n|rule|OHKO Clause: OHKO moves are banned\n|rule|Evasion Moves Clause: Evasion moves are banned\n|rule|Evasion Abilities Clause: Evasion abilities are banned\n|rule|Species Clause: Limit one of each Pok\u00e9mon\n|rule|Gravity Sleep Clause: The combination of sleep-inducing moves with imperfect accuracy and Gravity or Gigantamax Orbeetle are banned\n|clearpoke\n|poke|p1|Jirachi|\n|poke|p1|Volcarona, F|\n|poke|p1|Eevee, M|\n|poke|p1|Ogerpon-Hearthflame, F|\n|poke|p1|Clefable, M|\n|poke|p1|Togekiss, M|\n|poke|p2|Chandelure, M|\n|poke|p2|Krookodile, M|\n|poke|p2|Venusaur, M|\n|poke|p2|Infernape, M|\n|poke|p2|Araquanid, M|\n|poke|p2|Pikachu, M|\n|teampreview\n|inactive|Battle timer is ON: inactive players will automatically lose when time's up. (requested by lxvliiz)\n|c|\u2606lxvliiz|hi\n|\n|t:|1699289898\n|start\n|switch|p1a: Volcarona|Volcarona, F|100\/100\n|switch|p1b: Eevee|Eevee, M|100\/100\n|switch|p2a: Araquanid|Araquanid, M|100\/100\n|switch|p2b: Pikachu|Pikachu, M, shiny|100\/100\n|-ability|p1b: Eevee|Anticipation\n|turn|1\n|inactive|MatCat19 has 120 seconds left.\n|\n|t:|1699289929\n|move|p1a: Volcarona|Rage Powder|p1a: Volcarona\n|-singleturn|p1a: Volcarona|move: Rage Powder\n|move|p2b: Pikachu|Volt Tackle|p1a: Volcarona\n|-damage|p1a: Volcarona|10\/100\n|-status|p2b: Pikachu|brn|[from] ability: Flame Body|[of] p1a: Volcarona\n|-enditem|p1a: Volcarona|Wiki Berry|[eat]\n|-heal|p1a: Volcarona|44\/100|[from] item: Wiki Berry\n|-start|p1a: Volcarona|confusion\n|-damage|p2b: Pikachu|48\/100 brn|[from] Recoil\n|-zpower|p1b: Eevee\n|move|p1b: Eevee|Extreme Evoboost|p1b: Eevee\n|-boost|p1b: Eevee|atk|2\n|-boost|p1b: Eevee|def|2\n|-boost|p1b: Eevee|spa|2\n|-boost|p1b: Eevee|spd|2\n|-boost|p1b: Eevee|spe|2\n|move|p2a: Araquanid|Liquidation|p1a: Volcarona\n|-supereffective|p1a: Volcarona\n|-damage|p1a: Volcarona|0 fnt\n|faint|p1a: Volcarona\n|-damage|p2a: Araquanid|91\/100|[from] item: Life Orb\n|\n|-damage|p2b: Pikachu|42\/100 brn|[from] brn\n|upkeep\n|\n|t:|1699289941\n|switch|p1a: Clefable|Clefable, M|100\/100\n|turn|2\n|\n|t:|1699289970\n|switch|p2b: Venusaur|Venusaur, M|100\/100\n|move|p1a: Clefable|Follow Me|p1a: Clefable\n|-singleturn|p1a: Clefable|move: Follow Me\n|move|p1b: Eevee|Baton Pass|p1b: Eevee\n|\n|t:|1699289977\n|switch|p1b: Ogerpon|Ogerpon-Hearthflame, F|100\/100|[from] Baton Pass\n|-ability|p1b: Ogerpon|Mold Breaker\n|move|p2a: Araquanid|Iron Defense|p2a: Araquanid\n|-boost|p2a: Araquanid|def|2\n|\n|upkeep\n|turn|3\n|\n|t:|1699290000\n|-terastallize|p1b: Ogerpon|Fire\n|detailschange|p1b: Ogerpon|Ogerpon-Hearthflame-Tera, F, tera:Fire\n|-ability|p1b: Ogerpon|Embody Aspect (Hearthflame)|boost\n|-boost|p1b: Ogerpon|atk|1\n|move|p1a: Clefable|Follow Me|p1a: Clefable\n|-singleturn|p1a: Clefable|move: Follow Me\n|move|p1b: Ogerpon|Ivy Cudgel|p2a: Araquanid\n|-damage|p2a: Araquanid|43\/100\n|move|p2b: Venusaur|Venoshock|p1a: Clefable\n|-supereffective|p1a: Clefable\n|-damage|p1a: Clefable|70\/100\n|move|p2a: Araquanid|Liquidation|p1a: Clefable\n|-damage|p1a: Clefable|0 fnt\n|faint|p1a: Clefable\n|-damage|p2a: Araquanid|33\/100|[from] item: Life Orb\n|\n|upkeep\n|\n|t:|1699290008\n|switch|p1a: Togekiss|Togekiss, M|100\/100\n|turn|4\n|\n|t:|1699290033\n|switch|p2b: Pikachu|Pikachu, M, shiny|42\/100 brn\n|move|p1a: Togekiss|Follow Me|p1a: Togekiss\n|-singleturn|p1a: Togekiss|move: Follow Me\n|move|p1b: Ogerpon|Ivy Cudgel|p2a: Araquanid\n|-damage|p2a: Araquanid|0 fnt\n|faint|p2a: Araquanid\n|\n|-damage|p2b: Pikachu|36\/100 brn|[from] brn\n|upkeep\n|inactive|MatCat19 has 120 seconds left.\n|\n|t:|1699290049\n|switch|p2a: Krookodile|Krookodile, M|100\/100\n|turn|5\n|\n|t:|1699290073\n|-terastallize|p2a: Krookodile|Ground\n|move|p1a: Togekiss|Follow Me|p1a: Togekiss\n|-singleturn|p1a: Togekiss|move: Follow Me\n|move|p1b: Ogerpon|Ivy Cudgel|p2a: Krookodile\n|-damage|p2a: Krookodile|0 fnt\n|faint|p2a: Krookodile\n|move|p2b: Pikachu|Volt Tackle|p1a: Togekiss\n|-supereffective|p1a: Togekiss\n|-damage|p1a: Togekiss|21\/100\n|-damage|p2b: Pikachu|0 fnt|[from] Recoil\n|faint|p2b: Pikachu\n|\n|-heal|p1a: Togekiss|27\/100|[from] item: Leftovers\n|upkeep\n|inactive|MatCat19 has 120 seconds left.\n|\n|t:|1699290091\n|switch|p2a: Venusaur|Venusaur, M|100\/100\n|switch|p2b: Chandelure|Chandelure, M|100\/100\n|turn|6\n|\n|t:|1699290108\n|move|p1b: Ogerpon|Ivy Cudgel|p2a: Venusaur\n|-supereffective|p2a: Venusaur\n|-damage|p2a: Venusaur|0 fnt\n|faint|p2a: Venusaur\n|move|p1a: Togekiss|Dazzling Gleam|p2b: Chandelure\n|-resisted|p2b: Chandelure\n|-damage|p2b: Chandelure|78\/100\n|move|p2b: Chandelure|Shock Wave|p1a: Togekiss\n|-supereffective|p1a: Togekiss\n|-damage|p1a: Togekiss|0 fnt\n|faint|p1a: Togekiss\n|\n|upkeep\n|\n|t:|1699290121\n|switch|p1a: Jirachi|Jirachi|100\/100\n|switch|p2a: Son Goku|Infernape, M|100\/100\n|turn|7\n|\n|t:|1699290132\n|move|p2b: Chandelure|Protect|p2b: Chandelure\n|-singleturn|p2b: Chandelure|Protect\n|move|p1a: Jirachi|Follow Me|p1a: Jirachi\n|-singleturn|p1a: Jirachi|move: Follow Me\n|move|p1b: Ogerpon|Horn Leech|p2b: Chandelure\n|-activate|p2b: Chandelure|move: Protect\n|move|p2a: Son Goku|Calm Mind|p2a: Son Goku\n|-boost|p2a: Son Goku|spa|1\n|-boost|p2a: Son Goku|spd|1\n|\n|upkeep\n|turn|8\n|inactive|MatCat19 has 120 seconds left.\n|\n|t:|1699290171\n|move|p1a: Jirachi|Follow Me|p1a: Jirachi\n|-singleturn|p1a: Jirachi|move: Follow Me\n|move|p1b: Ogerpon|Ivy Cudgel|p2a: Son Goku\n|-resisted|p2a: Son Goku\n|-damage|p2a: Son Goku|0 fnt\n|faint|p2a: Son Goku\n|move|p2b: Chandelure|Energy Ball|p1a: Jirachi\n|-resisted|p1a: Jirachi\n|-damage|p1a: Jirachi|92\/100\n|\n|-heal|p1a: Jirachi|98\/100|[from] item: Leftovers\n|upkeep\n|turn|9\n|\n|t:|1699290188\n|move|p2b: Chandelure|Protect|p2b: Chandelure\n|-singleturn|p2b: Chandelure|Protect\n|move|p1b: Ogerpon|Horn Leech|p2b: Chandelure\n|-activate|p2b: Chandelure|move: Protect\n|move|p1a: Jirachi|Doom Desire|p2b: Chandelure\n|-start|p1a: Jirachi|Doom Desire\n|\n|-heal|p1a: Jirachi|100\/100|[from] item: Leftovers\n|upkeep\n|turn|10\n|c|\u2606MatCat19|Gg\n|c|\u2606lxvliiz|i can barely\n|\n|t:|1699290209\n|move|p1b: Ogerpon|Horn Leech|p2b: Chandelure\n|-resisted|p2b: Chandelure\n|-damage|p2b: Chandelure|15\/100\n|-enditem|p2b: Chandelure|Aguav Berry|[eat]\n|-heal|p2b: Chandelure|48\/100|[from] item: Aguav Berry\n|move|p1a: Jirachi|Doom Desire||[still]\n|-fail|p1a: Jirachi\n|move|p2b: Chandelure|Incinerate|p1b: Ogerpon|[spread] p1a,p1b\n|-supereffective|p1a: Jirachi\n|-resisted|p1b: Ogerpon\n|-damage|p1a: Jirachi|72\/100\n|-damage|p1b: Ogerpon|94\/100\n|\n|-heal|p1a: Jirachi|78\/100|[from] item: Leftovers\n|upkeep\n|turn|11\n|\n|t:|1699290233\n|move|p1a: Jirachi|Follow Me|p1a: Jirachi\n|-singleturn|p1a: Jirachi|move: Follow Me\n|move|p1b: Ogerpon|Horn Leech|p2b: Chandelure\n|-resisted|p2b: Chandelure\n|-damage|p2b: Chandelure|0 fnt\n|-heal|p1b: Ogerpon|100\/100|[from] drain|[of] p2b: Chandelure\n|faint|p2b: Chandelure\n|\n|win|lxvliiz\n|raw|lxvliiz's rating: 1075 &rarr; <strong>1099<\/strong><br \/>(+24 for winning)\n|raw|MatCat19's rating: 1022 &rarr; <strong>1011<\/strong><br \/>(-11 for losing)\n|c|\u2606lxvliiz|gg\n|c|\u2606lxvliiz|well played\n|l|\u2606MatCat19\n","uploadtime":1699290247,"views":5,"p1id":"lxvliiz","p2id":"matcat19","formatid":"gen9nationaldexdoubles","rating":1011,"private":0,"password":""}