{"id":"gen9nationaldexdoubles-1949242099","p1":"Specific360","p2":"ChronoTrigonometry","format":"[Gen 9] National Dex Doubles","log":"|j|\u2606Specific360\n|j|\u2606ChronoTrigonometry\n|t:|1695338832\n|gametype|doubles\n|player|p1|Specific360|veteran|\n|player|p2|ChronoTrigonometry|riley|\n|teamsize|p1|6\n|teamsize|p2|6\n|gen|9\n|tier|[Gen 9] National Dex Doubles\n|rule|HP Percentage Mod: HP is shown in percentages\n|rule|Endless Battle Clause: Forcing endless battles is banned\n|rule|OHKO Clause: OHKO moves are banned\n|rule|Evasion Moves Clause: Evasion moves are banned\n|rule|Evasion Abilities Clause: Evasion abilities are banned\n|rule|Species Clause: Limit one of each Pok\u00e9mon\n|rule|Gravity Sleep Clause: The combination of sleep-inducing moves with imperfect accuracy and Gravity or Gigantamax Orbeetle are banned\n|clearpoke\n|poke|p1|Nihilego|\n|poke|p1|Corviknight, M|\n|poke|p1|Vikavolt, M|\n|poke|p1|Gliscor, M|\n|poke|p1|Chandelure, F|\n|poke|p1|Hatterene, F|\n|poke|p2|Metagross|\n|poke|p2|Indeedee-F, F|\n|poke|p2|Dragonite, M|\n|poke|p2|Gholdengo|\n|poke|p2|Flamigo, M|\n|poke|p2|Amoonguss, M|\n|teampreview\n|\n|t:|1695338917\n|start\n|switch|p1a: Vlad|Chandelure, F, shiny|100\/100\n|switch|p1b: Rook II|Corviknight, M, shiny|100\/100\n|switch|p2a: imposter|Amoonguss, M, shiny|100\/100\n|switch|p2b: jajaja|Indeedee-F, F, shiny|100\/100\n|-fieldstart|move: Psychic Terrain|[from] ability: Psychic Surge|[of] p2b: jajaja\n|-enditem|p2b: jajaja|Psychic Seed\n|-boost|p2b: jajaja|spd|1|[from] item: Psychic Seed\n|turn|1\n|\n|t:|1695339011\n|-terastallize|p1a: Vlad|Grass\n|move|p2b: jajaja|Expanding Force|p1b: Rook II|[spread] p1a,p1b\n|-resisted|p1b: Rook II\n|-damage|p1a: Vlad|57\/100\n|-damage|p1b: Rook II|82\/100\n|move|p1b: Rook II|Light Screen|p1b: Rook II\n|-sidestart|p1: Specific360|move: Light Screen\n|move|p2a: imposter|Spore|p1a: Vlad\n|-immune|p1a: Vlad\n|move|p1a: Vlad|Trick Room|p1a: Vlad\n|-fieldstart|move: Trick Room|[of] p1a: Vlad\n|\n|upkeep\n|turn|2\n|j| JKogut\n|j| BugCatcherJameson\n|j| AustralianJesus\n|j| Green133\n|\n|t:|1695339057\n|move|p2a: imposter|Sludge Bomb|p1a: Vlad\n|-supereffective|p1a: Vlad\n|-damage|p1a: Vlad|20\/100\n|-status|p1a: Vlad|psn\n|move|p1a: Vlad|Flamethrower|p2a: imposter\n|-supereffective|p2a: imposter\n|-damage|p2a: imposter|10\/100\n|move|p1b: Rook II|Iron Defense|p1b: Rook II\n|-boost|p1b: Rook II|def|2\n|move|p2b: jajaja|Expanding Force|p1b: Rook II|[spread] p1a,p1b\n|-resisted|p1b: Rook II\n|-damage|p1a: Vlad|0 fnt\n|-damage|p1b: Rook II|69\/100\n|faint|p1a: Vlad\n|\n|-heal|p2a: imposter|16\/100|[from] item: Leftovers\n|upkeep\n|\n|t:|1695339091\n|switch|p1a: Yaga|Hatterene, F, shiny|100\/100\n|turn|3\n|\n|t:|1695339141\n|move|p2b: jajaja|Follow Me|p2b: jajaja\n|-singleturn|p2b: jajaja|move: Follow Me\n|move|p1a: Yaga|Dazzling Gleam|p2b: jajaja|[spread] p2a,p2b\n|-resisted|p2a: imposter\n|-damage|p2a: imposter|4\/100\n|-damage|p2b: jajaja|84\/100\n|move|p2a: imposter|Spore|p1b: Rook II\n|-status|p1b: Rook II|slp|[from] move: Spore\n|cant|p1b: Rook II|slp\n|\n|-heal|p2a: imposter|10\/100|[from] item: Leftovers\n|upkeep\n|turn|4\n|\n|t:|1695339197\n|switch|p2a: cheese stick|Gholdengo|100\/100\n|-item|p2a: cheese stick|Air Balloon\n|move|p1a: Yaga|Dazzling Gleam|p2a: cheese stick|[spread] p2a,p2b\n|-resisted|p2a: cheese stick\n|-damage|p2a: cheese stick|86\/100\n|-damage|p2b: jajaja|66\/100\n|-enditem|p2a: cheese stick|Air Balloon\n|cant|p1b: Rook II|slp\n|move|p2b: jajaja|Expanding Force|p1b: Rook II|[spread] p1a,p1b\n|-resisted|p1a: Yaga\n|-resisted|p1b: Rook II\n|-damage|p1a: Yaga|91\/100\n|-damage|p1b: Rook II|56\/100 slp\n|\n|-heal|p1a: Yaga|97\/100|[from] item: Leftovers\n|upkeep\n|turn|5\n|c| Green133|Next tourney is going to have the sleep clause of having to play a round of Russian roulette every time you use spore :)\n|c| AustralianJesus|based\n|c|\u2606ChronoTrigonometry|^^^\n|c| JKogut|are there guns in Pokemon\n|\n|t:|1695339310\n|switch|p1b: Drack|Gliscor, M|100\/100\n|move|p1a: Yaga|Dazzling Gleam|p2a: cheese stick|[spread] p2a,p2b\n|-resisted|p2a: cheese stick\n|-damage|p2a: cheese stick|74\/100\n|-damage|p2b: jajaja|50\/100\n|move|p2b: jajaja|Expanding Force|p1b: Drack|[spread] p1a,p1b\n|-resisted|p1a: Yaga\n|-damage|p1a: Yaga|87\/100\n|-damage|p1b: Drack|69\/100\n|move|p2a: cheese stick|Nasty Plot|p2a: cheese stick\n|-boost|p2a: cheese stick|spa|2\n|\n|-heal|p1a: Yaga|93\/100|[from] item: Leftovers\n|-sideend|p1: Specific360|move: Light Screen\n|-fieldend|move: Trick Room\n|-fieldend|move: Psychic Terrain\n|-status|p1b: Drack|tox|[from] item: Toxic Orb\n|upkeep\n|turn|6\n|j| Sasha_Notices\n|\n|t:|1695339413\n|switch|p2b: deez nites|Dragonite, M|100\/100\n|move|p2a: cheese stick|Make It Rain|p1a: Yaga|[spread] p1a,p1b\n|-supereffective|p1a: Yaga\n|-damage|p1a: Yaga|0 fnt\n|-damage|p1b: Drack|0 fnt\n|-unboost|p2a: cheese stick|spa|1\n|faint|p1a: Yaga\n|faint|p1b: Drack\n|\n|upkeep\n|c|\u2606Specific360|Gg\n|\n|t:|1695339446\n|switch|p1b: Not-Lillie|Nihilego|100\/100\n|switch|p1a: Rook II|Corviknight, M, shiny|56\/100 slp\n|-item|p1b: Not-Lillie|Air Balloon\n|turn|7\n|\n|t:|1695339460\n|-terastallize|p2b: deez nites|Normal\n|move|p1b: Not-Lillie|Protect|p1b: Not-Lillie\n|-singleturn|p1b: Not-Lillie|Protect\n|move|p2b: deez nites|Dragon Dance|p2b: deez nites\n|-boost|p2b: deez nites|atk|1\n|-boost|p2b: deez nites|spe|1\n|move|p2a: cheese stick|Shadow Ball|p1a: Rook II\n|-damage|p1a: Rook II|0 fnt\n|faint|p1a: Rook II\n|\n|upkeep\n|j| LordQuaggan\n|\n|t:|1695339470\n|switch|p1a: Lucas|Vikavolt, M|100\/100\n|turn|8\n|\n|t:|1695339487\n|move|p2b: deez nites|Dragon Claw|p1a: Lucas\n|-damage|p1a: Lucas|54\/100\n|move|p2a: cheese stick|Make It Rain|p1a: Lucas|[spread] p1a,p1b\n|-resisted|p1a: Lucas\n|-supereffective|p1b: Not-Lillie\n|-damage|p1a: Lucas|12\/100\n|-damage|p1b: Not-Lillie|18\/100\n|-unboost|p2a: cheese stick|spa|1\n|-enditem|p1b: Not-Lillie|Air Balloon\n|move|p1b: Not-Lillie|Sludge Bomb|p2b: deez nites\n|-damage|p2b: deez nites|76\/100\n|move|p1a: Lucas|Thunderbolt|p2a: cheese stick\n|-damage|p2a: cheese stick|34\/100\n|\n|upkeep\n|turn|9\n|l| LordQuaggan\n|j| LordQuaggan\n|\n|t:|1695339512\n|move|p1b: Not-Lillie|Protect|p1b: Not-Lillie\n|-singleturn|p1b: Not-Lillie|Protect\n|move|p2b: deez nites|Dragon Claw|p1a: Lucas\n|-damage|p1a: Lucas|0 fnt\n|faint|p1a: Lucas\n|move|p2a: cheese stick|Make It Rain|p1b: Not-Lillie\n|-activate|p1b: Not-Lillie|move: Protect\n|\n|upkeep\n|turn|10\n|\n|t:|1695339546\n|switch|p2a: amigo|Flamigo, M|100\/100\n|-copyboost|p2a: amigo|p2b: deez nites|[from] ability: Costar\n|move|p2b: deez nites|Earthquake|p1b: Not-Lillie|[spread] p1b\n|-immune|p2a: amigo\n|-supereffective|p1b: Not-Lillie\n|-damage|p1b: Not-Lillie|0 fnt\n|faint|p1b: Not-Lillie\n|\n|win|ChronoTrigonometry\n|l| BugCatcherJameson\n|l| LordQuaggan\n","uploadtime":1695339562,"views":10,"p1id":"specific360","p2id":"chronotrigonometry","formatid":"gen9nationaldexdoubles","rating":0,"private":0,"password":""}