{"id":"gen9nationaldexdoubles-1987870617","p1":"zGDarkness","p2":"Xyther","format":"[Gen 9] National Dex Doubles","log":"|j|\u2606zGDarkness\n|j|\u2606Xyther\n|t:|1699644479\n|gametype|doubles\n|player|p1|zGDarkness|169|\n|player|p2|Xyther|hugh|\n|teamsize|p1|6\n|teamsize|p2|6\n|gen|9\n|tier|[Gen 9] National Dex Doubles\n|rule|HP Percentage Mod: HP is shown in percentages\n|rule|Endless Battle Clause: Forcing endless battles is banned\n|rule|OHKO Clause: OHKO moves are banned\n|rule|Evasion Moves Clause: Evasion moves are banned\n|rule|Evasion Abilities Clause: Evasion abilities are banned\n|rule|Species Clause: Limit one of each Pok\u00e9mon\n|rule|Gravity Sleep Clause: The combination of sleep-inducing moves with imperfect accuracy and Gravity or Gigantamax Orbeetle are banned\n|clearpoke\n|poke|p1|Lilligant, F|\n|poke|p1|Torkoal, F|\n|poke|p1|Flutter Mane|\n|poke|p1|Kingambit, F|\n|poke|p1|Dragonite, F|\n|poke|p1|Great Tusk|\n|poke|p2|Tornadus, M|\n|poke|p2|Arcanine-Hisui, M|\n|poke|p2|Iron Hands|\n|poke|p2|Gholdengo|\n|poke|p2|Urshifu-*, M|\n|poke|p2|Ogerpon-Wellspring, F|\n|teampreview\n|\n|t:|1699644490\n|start\n|switch|p1a: Breakthrough|Torkoal, F, shiny|100\/100\n|switch|p1b: Trouble|Great Tusk, shiny|100\/100\n|switch|p2a: Tornadus|Tornadus, M|100\/100\n|switch|p2b: Urshifu|Urshifu-Rapid-Strike, M|100\/100\n|-weather|SunnyDay|[from] ability: Drought|[of] p1a: Breakthrough\n|-activate|p1b: Trouble|ability: Protosynthesis\n|-start|p1b: Trouble|protosynthesisatk\n|turn|1\n|\n|t:|1699644501\n|move|p2a: Tornadus|Rain Dance|p2a: Tornadus\n|-weather|RainDance\n|-end|p1b: Trouble|Protosynthesis\n|move|p1b: Trouble|Rock Slide|p2a: Tornadus|[spread] p2b\n|-miss|p1b: Trouble|p2a: Tornadus\n|-resisted|p2b: Urshifu\n|-damage|p2b: Urshifu|92\/100\n|move|p2b: Urshifu|Surging Strikes|p1b: Trouble\n|-supereffective|p1b: Trouble\n|-crit|p1b: Trouble\n|-damage|p1b: Trouble|55\/100\n|-supereffective|p1b: Trouble\n|-crit|p1b: Trouble\n|-damage|p1b: Trouble|11\/100\n|-supereffective|p1b: Trouble\n|-crit|p1b: Trouble\n|-damage|p1b: Trouble|0 fnt\n|faint|p1b: Trouble\n|-end|p1b: Trouble|Protosynthesis|[silent]\n|-hitcount|p1: Trouble|3\n|move|p1a: Breakthrough|Eruption|p2b: Urshifu|[spread] p2a,p2b\n|-resisted|p2b: Urshifu\n|-damage|p2a: Tornadus|76\/100\n|-damage|p2b: Urshifu|73\/100\n|\n|-weather|RainDance|[upkeep]\n|upkeep\n|\n|t:|1699644511\n|switch|p1b: FANCY|Flutter Mane, shiny|100\/100\n|turn|2\n|\n|t:|1699644518\n|-end|p1b: FANCY|Protosynthesis|[silent]\n|switch|p1b: Espresso|Dragonite, F|100\/100\n|switch|p1a: TT|Lilligant, F, shiny|100\/100\n|move|p2a: Tornadus|Taunt|p1b: Espresso\n|-start|p1b: Espresso|move: Taunt\n|move|p2b: Urshifu|Surging Strikes|p1a: TT\n|-resisted|p1a: TT\n|-crit|p1a: TT\n|-damage|p1a: TT|76\/100\n|-resisted|p1a: TT\n|-crit|p1a: TT\n|-damage|p1a: TT|50\/100\n|-resisted|p1a: TT\n|-crit|p1a: TT\n|-damage|p1a: TT|28\/100\n|-hitcount|p1a: TT|3\n|\n|-weather|RainDance|[upkeep]\n|upkeep\n|turn|3\n|\n|t:|1699644528\n|move|p2b: Urshifu|Surging Strikes|p1b: Espresso\n|-resisted|p1b: Espresso\n|-crit|p1b: Espresso\n|-damage|p1b: Espresso|93\/100\n|-resisted|p1b: Espresso\n|-crit|p1b: Espresso\n|-damage|p1b: Espresso|79\/100\n|-resisted|p1b: Espresso\n|-crit|p1b: Espresso\n|-damage|p1b: Espresso|64\/100\n|-hitcount|p1b: Espresso|3\n|move|p1a: TT|Sleep Powder|p2b: Urshifu\n|-status|p2b: Urshifu|slp|[from] move: Sleep Powder\n|move|p2a: Tornadus|Bleakwind Storm|p1b: Espresso|[spread] p1a,p1b\n|-supereffective|p1a: TT\n|-crit|p1a: TT\n|-damage|p1a: TT|0 fnt\n|-damage|p1b: Espresso|37\/100\n|faint|p1a: TT\n|move|p1b: Espresso|Ice Spinner|p2a: Tornadus\n|-supereffective|p2a: Tornadus\n|-damage|p2a: Tornadus|9\/100\n|\n|-weather|RainDance|[upkeep]\n|upkeep\n|\n|t:|1699644537\n|switch|p1a: HOT|Kingambit, F, shiny|100\/100\n|turn|4\n|\n|t:|1699644557\n|switch|p1a: Breakthrough|Torkoal, F, shiny|100\/100\n|-weather|SunnyDay|[from] ability: Drought|[of] p1a: Breakthrough\n|move|p1b: Espresso|Extreme Speed|p2a: Tornadus\n|-damage|p2a: Tornadus|0 fnt\n|faint|p2a: Tornadus\n|cant|p2b: Urshifu|slp\n|\n|-weather|SunnyDay|[upkeep]\n|-end|p1b: Espresso|move: Taunt\n|upkeep\n|\n|t:|1699644563\n|switch|p2a: Arcanine|Arcanine-Hisui, M|100\/100\n|-ability|p2a: Arcanine|Intimidate|boost\n|-unboost|p1a: Breakthrough|atk|1\n|-unboost|p1b: Espresso|atk|1\n|turn|5\n|\n|t:|1699644572\n|move|p1a: Breakthrough|Protect|p1a: Breakthrough\n|-singleturn|p1a: Breakthrough|Protect\n|cant|p2b: Urshifu|slp\n|move|p2a: Arcanine|Rock Slide|p1a: Breakthrough|[spread] \n|-activate|p1a: Breakthrough|move: Protect\n|-miss|p2a: Arcanine|p1b: Espresso\n|move|p1b: Espresso|Ice Spinner|p2a: Arcanine\n|-resisted|p2a: Arcanine\n|-damage|p2a: Arcanine|88\/100\n|\n|-weather|SunnyDay|[upkeep]\n|upkeep\n|turn|6\n|\n|t:|1699644593\n|switch|p1a: FANCY|Flutter Mane, shiny|100\/100\n|-activate|p1a: FANCY|ability: Protosynthesis\n|-start|p1a: FANCY|protosynthesisspa\n|move|p1b: Espresso|Extreme Speed|p2a: Arcanine\n|-resisted|p2a: Arcanine\n|-crit|p2a: Arcanine\n|-damage|p2a: Arcanine|60\/100\n|-curestatus|p2b: Urshifu|slp|[msg]\n|move|p2b: Urshifu|Surging Strikes|p1b: Espresso\n|-resisted|p1b: Espresso\n|-crit|p1b: Espresso\n|-damage|p1b: Espresso|32\/100\n|-resisted|p1b: Espresso\n|-crit|p1b: Espresso\n|-damage|p1b: Espresso|27\/100\n|-resisted|p1b: Espresso\n|-crit|p1b: Espresso\n|-damage|p1b: Espresso|21\/100\n|-hitcount|p1b: Espresso|3\n|move|p2a: Arcanine|Rock Slide|p1a: FANCY|[spread] p1a,p1b\n|-supereffective|p1b: Espresso\n|-damage|p1a: FANCY|21\/100\n|-damage|p1b: Espresso|0 fnt\n|faint|p1b: Espresso\n|\n|-weather|SunnyDay|[upkeep]\n|upkeep\n|\n|t:|1699644597\n|switch|p1b: Breakthrough|Torkoal, F, shiny|100\/100\n|turn|7\n|\n|t:|1699644607\n|-terastallize|p1a: FANCY|Fairy\n|move|p2b: Urshifu|Surging Strikes|p1b: Breakthrough\n|-supereffective|p1b: Breakthrough\n|-crit|p1b: Breakthrough\n|-damage|p1b: Breakthrough|85\/100\n|-supereffective|p1b: Breakthrough\n|-crit|p1b: Breakthrough\n|-damage|p1b: Breakthrough|69\/100\n|-supereffective|p1b: Breakthrough\n|-crit|p1b: Breakthrough\n|-damage|p1b: Breakthrough|53\/100\n|-hitcount|p1b: Breakthrough|3\n|move|p1a: FANCY|Dazzling Gleam|p2b: Urshifu|[spread] p2a,p2b\n|-resisted|p2a: Arcanine\n|-supereffective|p2b: Urshifu\n|-damage|p2a: Arcanine|6\/100\n|-damage|p2b: Urshifu|0 fnt\n|faint|p2b: Urshifu\n|move|p2a: Arcanine|Rock Slide|p1b: Breakthrough|[spread] p1a,p1b\n|-supereffective|p1b: Breakthrough\n|-damage|p1a: FANCY|0 fnt\n|-damage|p1b: Breakthrough|0 fnt\n|faint|p1a: FANCY\n|-end|p1a: FANCY|Protosynthesis|[silent]\n|faint|p1b: Breakthrough\n|\n|-weather|SunnyDay|[upkeep]\n|upkeep\n|\n|t:|1699644620\n|switch|p2b: Iron Hands|Iron Hands|100\/100\n|switch|p1b: HOT|Kingambit, F, shiny|100\/100\n|turn|8\n|\n|t:|1699644628\n|move|p2b: Iron Hands|Fake Out|p1b: HOT\n|-resisted|p1b: HOT\n|-damage|p1b: HOT|95\/100\n|cant|p1b: HOT|flinch\n|move|p2a: Arcanine|Rock Slide|p1b: HOT|[miss]\n|-miss|p2a: Arcanine|p1b: HOT\n|\n|-weather|none\n|upkeep\n|turn|9\n|\n|t:|1699644644\n|move|p2a: Arcanine|Rock Slide|p1b: HOT\n|-resisted|p1b: HOT\n|-damage|p1b: HOT|74\/100\n|cant|p1b: HOT|flinch\n|move|p2b: Iron Hands|Drain Punch|p1b: HOT\n|-supereffective|p1b: HOT\n|-damage|p1b: HOT|0 fnt\n|faint|p1b: HOT\n|\n|win|Xyther\n|l|\u2606zGDarkness\n","uploadtime":1699644651,"views":8,"p1id":"zgdarkness","p2id":"xyther","formatid":"gen9nationaldexdoubles","rating":0,"private":0,"password":""}