{"id":"gen9nationaldexdoubles-1951347661","p1":"Bluberry108","p2":"Spookely","format":"[Gen 9] National Dex Doubles","log":"|j|\u2606Bluberry108\n|j|\u2606Spookely\n|t:|1695574324\n|gametype|doubles\n|player|p1|Bluberry108|gentleman-gen4|1140\n|player|p2|Spookely|fisherman-gen4|1293\n|teamsize|p1|6\n|teamsize|p2|6\n|gen|9\n|tier|[Gen 9] National Dex Doubles\n|rated|\n|rule|HP Percentage Mod: HP is shown in percentages\n|rule|Endless Battle Clause: Forcing endless battles is banned\n|rule|OHKO Clause: OHKO moves are banned\n|rule|Evasion Moves Clause: Evasion moves are banned\n|rule|Evasion Abilities Clause: Evasion abilities are banned\n|rule|Species Clause: Limit one of each Pok\u00e9mon\n|rule|Gravity Sleep Clause: The combination of sleep-inducing moves with imperfect accuracy and Gravity or Gigantamax Orbeetle are banned\n|clearpoke\n|poke|p1|Torterra, M|\n|poke|p1|Tyranitar, M|\n|poke|p1|Kilowattrel, F|\n|poke|p1|Marowak-Alola, M|\n|poke|p1|Cinccino, M|\n|poke|p1|Sinistcha|\n|poke|p2|Ninetales-Alola, F|\n|poke|p2|Kyurem|\n|poke|p2|Baxcalibur, M|\n|poke|p2|Darmanitan-Galar, M|\n|poke|p2|Articuno|\n|poke|p2|Abomasnow, F|\n|teampreview\n|inactive|Battle timer is ON: inactive players will automatically lose when time's up. (requested by Spookely)\n|\n|t:|1695574334\n|start\n|switch|p1a: Marowak|Marowak-Alola, M|100\/100\n|switch|p1b: Sinistcha|Sinistcha|100\/100\n|switch|p2a: Ninetales|Ninetales-Alola, F, shiny|100\/100\n|switch|p2b: Baxcalibur|Baxcalibur, M|100\/100\n|-weather|Snow|[from] ability: Snow Warning|[of] p2a: Ninetales\n|turn|1\n|\n|t:|1695574351\n|-terastallize|p2b: Baxcalibur|Fairy\n|move|p2a: Ninetales|Aurora Veil|p2a: Ninetales\n|-sidestart|p2: Spookely|move: Aurora Veil\n|move|p2b: Baxcalibur|Dragon Dance|p2b: Baxcalibur\n|-boost|p2b: Baxcalibur|atk|1\n|-boost|p2b: Baxcalibur|spe|1\n|move|p1a: Marowak|Flare Blitz|p2a: Ninetales\n|-supereffective|p2a: Ninetales\n|-crit|p2a: Ninetales\n|-damage|p2a: Ninetales|0 fnt\n|faint|p2a: Ninetales\n|move|p1b: Sinistcha|Trick Room|p1b: Sinistcha\n|-fieldstart|move: Trick Room|[of] p1b: Sinistcha\n|\n|-weather|Snow|[upkeep]\n|upkeep\n|\n|t:|1695574370\n|switch|p2a: Articuno|Articuno, shiny|100\/100\n|-ability|p2a: Articuno|Pressure\n|turn|2\n|\n|t:|1695574383\n|switch|p1b: Tyranitar|Tyranitar, M|100\/100\n|-weather|Sandstorm|[from] ability: Sand Stream|[of] p1b: Tyranitar\n|move|p1a: Marowak|Flare Blitz|p2a: Articuno\n|-supereffective|p2a: Articuno\n|-damage|p2a: Articuno|0 fnt\n|faint|p2a: Articuno\n|move|p2b: Baxcalibur|Earthquake|p1a: Marowak|[spread] p1a,p1b\n|-supereffective|p1a: Marowak\n|-supereffective|p1b: Tyranitar\n|-damage|p1a: Marowak|8\/100\n|-damage|p1b: Tyranitar|28\/100\n|\n|-weather|Sandstorm|[upkeep]\n|-damage|p1a: Marowak|2\/100|[from] Sandstorm\n|-damage|p2b: Baxcalibur|94\/100|[from] Sandstorm\n|-heal|p1b: Tyranitar|34\/100|[from] item: Leftovers\n|upkeep\n|\n|t:|1695574396\n|switch|p2a: Abomasnow|Abomasnow, F|100\/100\n|turn|3\n|\n|t:|1695574405\n|detailschange|p2a: Abomasnow|Abomasnow-Mega, F\n|-mega|p2a: Abomasnow|Abomasnow|Abomasite\n|-weather|Snow|[from] ability: Snow Warning|[of] p2a: Abomasnow\n|move|p1a: Marowak|Flare Blitz|p2a: Abomasnow\n|-supereffective|p2a: Abomasnow\n|-damage|p2a: Abomasnow|0 fnt\n|faint|p2a: Abomasnow\n|move|p1b: Tyranitar|Thunder Wave|p2b: Baxcalibur\n|-status|p2b: Baxcalibur|par\n|cant|p2b: Baxcalibur|par\n|\n|-weather|Snow|[upkeep]\n|-heal|p1b: Tyranitar|40\/100|[from] item: Leftovers\n|upkeep\n|\n|t:|1695574417\n|switch|p2a: Darmanitan|Darmanitan-Galar, M, shiny|100\/100\n|turn|4\n|\n|t:|1695574430\n|switch|p1b: Torterra|Torterra, M|100\/100\n|move|p1a: Marowak|Detect|p1a: Marowak\n|-singleturn|p1a: Marowak|Protect\n|move|p2b: Baxcalibur|Icicle Spear|p1b: Torterra\n|-supereffective|p1b: Torterra\n|-enditem|p1b: Torterra|Yache Berry|[eat]\n|-enditem|p1b: Torterra|Yache Berry|[weaken]\n|-damage|p1b: Torterra|56\/100\n|-supereffective|p1b: Torterra\n|-damage|p1b: Torterra|0 fnt\n|faint|p1b: Torterra\n|-hitcount|p1: Torterra|2\n|move|p2a: Darmanitan|U-turn|p1a: Marowak\n|-activate|p1a: Marowak|move: Protect\n|\n|-weather|Snow|[upkeep]\n|upkeep\n|\n|t:|1695574439\n|switch|p1b: Tyranitar|Tyranitar, M|40\/100\n|-weather|Sandstorm|[from] ability: Sand Stream|[of] p1b: Tyranitar\n|turn|5\n|inactive|Spookely has 120 seconds left.\n|\n|t:|1695574488\n|move|p1a: Marowak|Flare Blitz|p2a: Darmanitan\n|-supereffective|p2a: Darmanitan\n|-damage|p2a: Darmanitan|0 fnt\n|faint|p2a: Darmanitan\n|move|p1b: Tyranitar|Stone Edge|p2b: Baxcalibur\n|-damage|p2b: Baxcalibur|64\/100 par\n|cant|p2b: Baxcalibur|par\n|\n|-weather|Sandstorm|[upkeep]\n|-damage|p1a: Marowak|0 fnt|[from] Sandstorm\n|-damage|p2b: Baxcalibur|58\/100 par|[from] Sandstorm\n|faint|p1a: Marowak\n|-heal|p1b: Tyranitar|46\/100|[from] item: Leftovers\n|-fieldend|move: Trick Room\n|upkeep\n|-message|Spookely forfeited.\n|\n|win|Bluberry108\n|raw|Bluberry108's rating: 1140 &rarr; <strong>1175<\/strong><br \/>(+35 for winning)\n|raw|Spookely's rating: 1293 &rarr; <strong>1258<\/strong><br \/>(-35 for losing)\n|l|\u2606Spookely\n","uploadtime":1695574499,"views":6,"p1id":"bluberry108","p2id":"spookely","formatid":"gen9nationaldexdoubles","rating":1175,"private":0,"password":""}