{"id":"gen9nationaldexdoubles-1988166754","p1":"Water043969","p2":"luceniken","format":"[Gen 9] National Dex Doubles","log":"|j|\u2606Water043969\n|j|\u2606luceniken\n|t:|1699678390\n|gametype|doubles\n|player|p1|Water043969|102|\n|player|p2|luceniken|ingo|\n|teamsize|p1|6\n|teamsize|p2|6\n|gen|9\n|tier|[Gen 9] National Dex Doubles\n|rule|HP Percentage Mod: HP is shown in percentages\n|rule|Endless Battle Clause: Forcing endless battles is banned\n|rule|OHKO Clause: OHKO moves are banned\n|rule|Evasion Moves Clause: Evasion moves are banned\n|rule|Evasion Abilities Clause: Evasion abilities are banned\n|rule|Species Clause: Limit one of each Pok\u00e9mon\n|rule|Gravity Sleep Clause: The combination of sleep-inducing moves with imperfect accuracy and Gravity or Gigantamax Orbeetle are banned\n|clearpoke\n|poke|p1|Primarina, F|\n|poke|p1|Goodra-Hisui, M|\n|poke|p1|Jolteon, F|\n|poke|p1|Gliscor, M|\n|poke|p1|Cinccino, F|\n|poke|p1|Rillaboom, F|\n|poke|p2|Ceruledge, M|\n|poke|p2|Ampharos, M|\n|poke|p2|Gardevoir, F|\n|poke|p2|Sceptile, M|\n|poke|p2|Milotic, F|\n|poke|p2|Garchomp, M|\n|teampreview\n|\n|t:|1699678400\n|start\n|switch|p1a: Gliscor|Gliscor, M|100\/100\n|switch|p1b: Jolteon|Jolteon, F|100\/100\n|switch|p2a: My bum itches|Sceptile, M|100\/100\n|switch|p2b: Chumpy|Garchomp, M|100\/100\n|turn|1\n|j| chillingalone05\n|j| Shadowburner058\n|\n|t:|1699678415\n|move|p1b: Jolteon|Protect|p1b: Jolteon\n|-singleturn|p1b: Jolteon|Protect\n|move|p2a: My bum itches|Energy Ball|p1a: Gliscor\n|-damage|p1a: Gliscor|60\/100\n|move|p2b: Chumpy|Sandstorm|p2b: Chumpy\n|-weather|Sandstorm\n|move|p1a: Gliscor|Swords Dance|p1a: Gliscor\n|-boost|p1a: Gliscor|atk|2\n|\n|-weather|Sandstorm|[upkeep]\n|-damage|p2a: My bum itches|94\/100|[from] Sandstorm\n|-damage|p1b: Jolteon|94\/100|[from] Sandstorm\n|-heal|p2a: My bum itches|100\/100|[from] item: Leftovers\n|-status|p1a: Gliscor|tox|[from] item: Toxic Orb\n|upkeep\n|turn|2\n|\n|t:|1699678438\n|move|p2a: My bum itches|Energy Ball|p1a: Gliscor\n|-damage|p1a: Gliscor|20\/100 tox\n|-unboost|p1a: Gliscor|spd|1\n|move|p2b: Chumpy|Stomping Tantrum|p1b: Jolteon\n|-supereffective|p1b: Jolteon\n|-damage|p1b: Jolteon|0 fnt\n|faint|p1b: Jolteon\n|move|p1a: Gliscor|Baton Pass|p1a: Gliscor\n|\n|t:|1699678445\n|switch|p1a: Cinccino|Cinccino, F|100\/100|[from] Baton Pass\n|\n|-weather|Sandstorm|[upkeep]\n|-damage|p2a: My bum itches|94\/100|[from] Sandstorm\n|-damage|p1a: Cinccino|94\/100|[from] Sandstorm\n|-heal|p2a: My bum itches|100\/100|[from] item: Leftovers\n|upkeep\n|\n|t:|1699678452\n|switch|p1b: Goodra|Goodra-Hisui, M|100\/100\n|turn|3\n|\n|t:|1699678476\n|-terastallize|p1a: Cinccino|Normal\n|move|p2a: My bum itches|Leech Seed|p1b: Goodra\n|-ability|p1b: Goodra|Sap Sipper|boost\n|-boost|p1b: Goodra|atk|1\n|move|p2b: Chumpy|Dragon Claw|p1b: Goodra\n|-crit|p1b: Goodra\n|-damage|p1b: Goodra|48\/100\n|move|p1a: Cinccino|Tail Slap|p2a: My bum itches\n|-damage|p2a: My bum itches|47\/100\n|-damage|p2a: My bum itches|0 fnt\n|faint|p2a: My bum itches\n|-hitcount|p2: My bum itches|2\n|move|p1b: Goodra|Draco Meteor|p2b: Chumpy\n|-supereffective|p2b: Chumpy\n|-damage|p2b: Chumpy|0 fnt\n|-unboost|p1b: Goodra|spa|2\n|faint|p2b: Chumpy\n|\n|-weather|Sandstorm|[upkeep]\n|-damage|p1a: Cinccino|88\/100|[from] Sandstorm\n|upkeep\n|\n|t:|1699678499\n|switch|p2a: Charlos|Ceruledge, M|100\/100\n|switch|p2b: The Worm|Milotic, F|100\/100\n|turn|4\n|\n|t:|1699678511\n|move|p1a: Cinccino|Tail Slap|p2b: The Worm\n|-damage|p2b: The Worm|73\/100\n|-crit|p2b: The Worm\n|-damage|p2b: The Worm|27\/100\n|-damage|p2b: The Worm|0 fnt\n|faint|p2b: The Worm\n|-hitcount|p2: The Worm|3\n|move|p2a: Charlos|Bitter Blade|p1b: Goodra\n|-damage|p1b: Goodra|9\/100\n|-damage|p2a: Charlos|91\/100|[from] item: Life Orb\n|move|p1b: Goodra|Draco Meteor|p2a: Charlos\n|-damage|p2a: Charlos|52\/100\n|-unboost|p1b: Goodra|spa|2\n|\n|-weather|Sandstorm|[upkeep]\n|-damage|p1a: Cinccino|82\/100|[from] Sandstorm\n|-damage|p2a: Charlos|46\/100|[from] Sandstorm\n|upkeep\n|\n|t:|1699678527\n|switch|p2b: Miguel|Ampharos, M|100\/100\n|turn|5\n|\n|t:|1699678543\n|switch|p1b: Primarina|Primarina, F|100\/100\n|move|p1a: Cinccino|Tail Slap|p2b: Miguel\n|-damage|p2b: Miguel|72\/100\n|-damage|p2b: Miguel|41\/100\n|-damage|p2b: Miguel|15\/100\n|-damage|p2b: Miguel|0 fnt\n|faint|p2b: Miguel\n|-hitcount|p2: Miguel|4\n|move|p2a: Charlos|Clear Smog|p1a: Cinccino\n|-damage|p1a: Cinccino|47\/100\n|-clearboost|p1a: Cinccino\n|-damage|p2a: Charlos|36\/100|[from] item: Life Orb\n|\n|-weather|none\n|upkeep\n|\n|t:|1699678557\n|switch|p2b: Wholesome|Gardevoir, F, shiny|100\/100\n|-ability|p2b: Wholesome|Torrent|[from] ability: Trace|[of] p1b: Primarina\n|turn|6\n|\n|t:|1699678565\n|detailschange|p2b: Wholesome|Gardevoir-Mega, F, shiny\n|-mega|p2b: Wholesome|Gardevoir|Gardevoirite\n|move|p2a: Charlos|Shadow Sneak|p1a: Cinccino\n|-immune|p1a: Cinccino\n|move|p1a: Cinccino|U-turn|p2b: Wholesome\n|-damage|p2b: Wholesome|62\/100\n|\n|t:|1699678572\n|switch|p1a: Rillaboom|Rillaboom, F|100\/100|[from] U-turn\n|-fieldstart|move: Grassy Terrain|[from] ability: Grassy Surge|[of] p1a: Rillaboom\n|move|p2b: Wholesome|Calm Mind|p2b: Wholesome\n|-boost|p2b: Wholesome|spa|1\n|-boost|p2b: Wholesome|spd|1\n|move|p1b: Primarina|Surf|p2b: Wholesome|[spread] p1a,p2a,p2b\n|-resisted|p1a: Rillaboom\n|-supereffective|p2a: Charlos\n|-damage|p1a: Rillaboom|85\/100\n|-damage|p2a: Charlos|0 fnt\n|-damage|p2b: Wholesome|42\/100\n|faint|p2a: Charlos\n|\n|-heal|p2b: Wholesome|49\/100|[from] Grassy Terrain\n|-heal|p1a: Rillaboom|91\/100|[from] Grassy Terrain\n|upkeep\n|turn|7\n|\n|t:|1699678588\n|move|p1a: Rillaboom|Grassy Glide|p2b: Wholesome\n|-damage|p2b: Wholesome|0 fnt\n|faint|p2b: Wholesome\n|\n|win|Water043969\n|l|\u2606luceniken\n","uploadtime":1699678594,"views":7,"p1id":"water043969","p2id":"luceniken","formatid":"gen9nationaldexdoubles","rating":0,"private":0,"password":""}