{"id":"gen9nationaldexdoubles-1997861494","p1":"Yugi Ogami","p2":"skyseeker101","format":"[Gen 9] National Dex Doubles","log":"|j|\u2606Yugi Ogami\n|j|\u2606skyseeker101\n|t:|1700860859\n|gametype|doubles\n|player|p1|Yugi Ogami|nurse|1063\n|player|p2|skyseeker101|bellelba|1130\n|teamsize|p1|6\n|teamsize|p2|6\n|gen|9\n|tier|[Gen 9] National Dex Doubles\n|rated|\n|rule|HP Percentage Mod: HP is shown in percentages\n|rule|Endless Battle Clause: Forcing endless battles is banned\n|rule|OHKO Clause: OHKO moves are banned\n|rule|Evasion Moves Clause: Evasion moves are banned\n|rule|Evasion Abilities Clause: Evasion abilities are banned\n|rule|Species Clause: Limit one of each Pok\u00e9mon\n|rule|Gravity Sleep Clause: The combination of sleep-inducing moves with imperfect accuracy and Gravity or Gigantamax Orbeetle are banned\n|clearpoke\n|poke|p1|Togedemaru, L1, M|\n|poke|p1|Tyranitar, F|\n|poke|p1|Dracozolt|\n|poke|p1|Scizor, F|\n|poke|p1|Clefable, F|\n|poke|p1|Hippowdon, M|\n|poke|p2|Moltres-Galar|\n|poke|p2|Comfey, F|\n|poke|p2|Mew|\n|poke|p2|Maushold-Four|\n|poke|p2|Espathra, F|\n|poke|p2|Amoonguss, F|\n|teampreview\n|\n|t:|1700860870\n|start\n|switch|p1a: Spike Trap|Togedemaru, L1, M|100\/100\n|switch|p1b: Desert Cheers|Tyranitar, F|100\/100\n|switch|p2a: Moltres|Moltres-Galar|100\/100\n|switch|p2b: Comfey|Comfey, F|100\/100\n|-weather|Sandstorm|[from] ability: Sand Stream|[of] p1b: Desert Cheers\n|turn|1\n|\n|t:|1700860912\n|move|p2b: Comfey|Draining Kiss|p1b: Desert Cheers\n|-supereffective|p1b: Desert Cheers\n|-damage|p1b: Desert Cheers|90\/100\n|move|p2a: Moltres|Agility|p2a: Moltres\n|-boost|p2a: Moltres|spe|2\n|move|p1b: Desert Cheers|Power-Up Punch|p2a: Moltres\n|-damage|p2a: Moltres|84\/100\n|-boost|p1b: Desert Cheers|atk|1\n|move|p1a: Spike Trap|Endeavor|p2b: Comfey\n|-damage|p2b: Comfey|5\/100\n|\n|-weather|Sandstorm|[upkeep]\n|-damage|p2a: Moltres|78\/100|[from] Sandstorm\n|-damage|p2b: Comfey|0 fnt|[from] Sandstorm\n|faint|p2b: Comfey\n|upkeep\n|\n|t:|1700860951\n|switch|p2b: Maushold|Maushold-Four|100\/100\n|turn|2\n|inactive|Battle timer is ON: inactive players will automatically lose when time's up. (requested by skyseeker101)\n|\n|t:|1700860992\n|move|p1a: Spike Trap|Spiky Shield|p1a: Spike Trap\n|-singleturn|p1a: Spike Trap|move: Protect\n|move|p2a: Moltres|Fiery Wrath|p1b: Desert Cheers|[spread] p1b\n|-activate|p1a: Spike Trap|move: Protect\n|-resisted|p1b: Desert Cheers\n|-damage|p1b: Desert Cheers|85\/100\n|move|p2b: Maushold|Super Fang|p1b: Desert Cheers|[miss]\n|-miss|p2b: Maushold|p1b: Desert Cheers\n|move|p1b: Desert Cheers|Power-Up Punch|p2b: Maushold\n|-supereffective|p2b: Maushold\n|-damage|p2b: Maushold|58\/100\n|-boost|p1b: Desert Cheers|atk|1\n|\n|-weather|Sandstorm|[upkeep]\n|-damage|p2a: Moltres|72\/100|[from] Sandstorm\n|-damage|p2b: Maushold|52\/100|[from] Sandstorm\n|-heal|p2b: Maushold|58\/100|[from] item: Leftovers\n|upkeep\n|turn|3\n|inactive|Yugi Ogami has 120 seconds left.\n|inactive|skyseeker101 has 120 seconds left.\n|\n|t:|1700861029\n|move|p2a: Moltres|Fiery Wrath|p1a: Spike Trap|[spread] p1a,p1b\n|-resisted|p1b: Desert Cheers\n|-ability|p1a: Spike Trap|Sturdy\n|-damage|p1a: Spike Trap|9\/100\n|-damage|p1b: Desert Cheers|79\/100\n|move|p2b: Maushold|Super Fang|p1b: Desert Cheers|[miss]\n|-miss|p2b: Maushold|p1b: Desert Cheers\n|move|p1b: Desert Cheers|Power-Up Punch|p2b: Maushold\n|-supereffective|p2b: Maushold\n|-damage|p2b: Maushold|0 fnt\n|-boost|p1b: Desert Cheers|atk|1\n|faint|p2b: Maushold\n|move|p1a: Spike Trap|Endeavor|p2a: Moltres\n|-damage|p2a: Moltres|1\/100\n|-ability|p2a: Moltres|Berserk|boost\n|-boost|p2a: Moltres|spa|1\n|-heal|p1a: Spike Trap|100\/100|[from] item: Shell Bell|[of] p2a: Moltres\n|\n|-weather|Sandstorm|[upkeep]\n|-damage|p2a: Moltres|0 fnt|[from] Sandstorm\n|faint|p2a: Moltres\n|upkeep\n|\n|t:|1700861055\n|switch|p2a: Mew|Mew|100\/100\n|switch|p2b: Amoonguss|Amoonguss, F|100\/100\n|turn|4\n|inactive|skyseeker101 has 90 seconds left.\n|\n|t:|1700861089\n|move|p1a: Spike Trap|Spiky Shield|p1a: Spike Trap\n|-singleturn|p1a: Spike Trap|move: Protect\n|move|p2b: Amoonguss|Rage Powder|p2b: Amoonguss\n|-singleturn|p2b: Amoonguss|move: Rage Powder\n|move|p2a: Mew|Nasty Plot|p2a: Mew\n|-boost|p2a: Mew|spa|2\n|move|p1b: Desert Cheers|Dragon Tail|p2b: Amoonguss\n|-damage|p2b: Amoonguss|43\/100\n|drag|p2b: Espathra|Espathra, F|100\/100\n|\n|-weather|Sandstorm|[upkeep]\n|-damage|p2b: Espathra|94\/100|[from] Sandstorm\n|-damage|p2a: Mew|94\/100|[from] Sandstorm\n|-heal|p2b: Espathra|100\/100|[from] item: Leftovers\n|-heal|p2a: Mew|100\/100|[from] item: Leftovers\n|upkeep\n|turn|5\n|inactive|skyseeker101 has 90 seconds left.\n|\n|t:|1700861128\n|switch|p2b: Amoonguss|Amoonguss, F|43\/100\n|move|p2a: Mew|Cosmic Power|p2a: Mew\n|-boost|p2a: Mew|def|1\n|-boost|p2a: Mew|spd|1\n|move|p1b: Desert Cheers|Crunch|p2a: Mew\n|-supereffective|p2a: Mew\n|-damage|p2a: Mew|0 fnt\n|faint|p2a: Mew\n|move|p1a: Spike Trap|Endeavor|p2b: Amoonguss\n|-damage|p2b: Amoonguss|3\/100\n|\n|-weather|none\n|-heal|p2b: Amoonguss|10\/100|[from] item: Black Sludge\n|upkeep\n|inactive|skyseeker101 has 60 seconds left.\n|inactive|skyseeker101 has 30 seconds left.\n|\n|t:|1700861193\n|switch|p2a: Espathra|Espathra, F|100\/100\n|turn|6\n|\n|t:|1700861211\n|move|p1a: Spike Trap|Spiky Shield|p1a: Spike Trap\n|-singleturn|p1a: Spike Trap|move: Protect\n|move|p2b: Amoonguss|Rage Powder|p2b: Amoonguss\n|-singleturn|p2b: Amoonguss|move: Rage Powder\n|move|p2a: Espathra|Flash Cannon|p1b: Desert Cheers\n|-supereffective|p1b: Desert Cheers\n|-damage|p1b: Desert Cheers|51\/100\n|move|p1b: Desert Cheers|Crunch|p2b: Amoonguss\n|-damage|p2b: Amoonguss|0 fnt\n|faint|p2b: Amoonguss\n|\n|-ability|p2a: Espathra|Speed Boost|boost\n|-boost|p2a: Espathra|spe|1\n|upkeep\n|turn|7\n|\n|t:|1700861229\n|switch|p1b: Big Joe|Hippowdon, M|100\/100\n|-weather|Sandstorm|[from] ability: Sand Stream|[of] p1b: Big Joe\n|move|p2a: Espathra|Dazzling Gleam|p1a: Spike Trap|[spread] p1a,p1b\n|-resisted|p1a: Spike Trap\n|-ability|p1a: Spike Trap|Sturdy\n|-damage|p1a: Spike Trap|9\/100\n|-damage|p1b: Big Joe|81\/100\n|move|p1a: Spike Trap|Endeavor|p2a: Espathra\n|-damage|p2a: Espathra|1\/100\n|-heal|p1a: Spike Trap|100\/100|[from] item: Shell Bell|[of] p2a: Espathra\n|\n|-weather|Sandstorm|[upkeep]\n|-damage|p2a: Espathra|0 fnt|[from] Sandstorm\n|faint|p2a: Espathra\n|\n|win|Yugi Ogami\n|upkeep\n|raw|Yugi Ogami's rating: 1063 &rarr; <strong>1099<\/strong><br \/>(+36 for winning)\n|raw|skyseeker101's rating: 1130 &rarr; <strong>1100<\/strong><br \/>(-30 for losing)\n","uploadtime":1700861245,"views":13,"p1id":"yugiogami","p2id":"skyseeker101","formatid":"gen9nationaldexdoubles","rating":1099,"private":0,"password":""}