{"id":"gen9nationaldexdoubles-1984940329","p1":"Chaos92031","p2":"MarcusTalks","format":"[Gen 9] National Dex Doubles","log":"|j|\u2606Chaos92031\n|j|\u2606MarcusTalks\n|t:|1699312935\n|gametype|doubles\n|player|p1|Chaos92031|blue|\n|player|p2|MarcusTalks|steven|\n|teamsize|p1|6\n|teamsize|p2|6\n|gen|9\n|tier|[Gen 9] National Dex Doubles\n|rule|HP Percentage Mod: HP is shown in percentages\n|rule|Endless Battle Clause: Forcing endless battles is banned\n|rule|OHKO Clause: OHKO moves are banned\n|rule|Evasion Moves Clause: Evasion moves are banned\n|rule|Evasion Abilities Clause: Evasion abilities are banned\n|rule|Species Clause: Limit one of each Pok\u00e9mon\n|rule|Gravity Sleep Clause: The combination of sleep-inducing moves with imperfect accuracy and Gravity or Gigantamax Orbeetle are banned\n|clearpoke\n|poke|p1|Charizard, F|\n|poke|p1|Chi-Yu|\n|poke|p1|Flutter Mane|\n|poke|p1|Whimsicott, F|\n|poke|p1|Kingambit, M|\n|poke|p1|Landorus-Therian, M|\n|poke|p2|Sinistcha-Masterpiece|\n|poke|p2|Kommo-o, M|\n|poke|p2|Ninetales-Alola, F|\n|poke|p2|Arcanine-Hisui, M|\n|poke|p2|Sableye, M|\n|poke|p2|Iron Hands|\n|teampreview\n|\n|t:|1699312958\n|start\n|switch|p1a: Flutter Mane|Flutter Mane|100\/100\n|switch|p1b: Charizard|Charizard, F|100\/100\n|switch|p2a: Sableye|Sableye, M, shiny|100\/100\n|switch|p2b: Iron Hands|Iron Hands|100\/100\n|turn|1\n|j| MikazukiRex_\n|inactive|Battle timer is ON: inactive players will automatically lose when time's up. (requested by Chaos92031)\n|\n|t:|1699312979\n|detailschange|p1b: Charizard|Charizard-Mega-Y, F\n|-mega|p1b: Charizard|Charizard|Charizardite Y\n|-weather|SunnyDay|[from] ability: Drought|[of] p1b: Charizard\n|-activate|p1a: Flutter Mane|ability: Protosynthesis\n|-start|p1a: Flutter Mane|protosynthesisspe\n|move|p2b: Iron Hands|Fake Out|p1b: Charizard\n|-damage|p1b: Charizard|81\/100\n|move|p2a: Sableye|Toxic|p1b: Charizard\n|-status|p1b: Charizard|tox\n|move|p1a: Flutter Mane|Dazzling Gleam|p2b: Iron Hands|[spread] p2a,p2b\n|-supereffective|p2a: Sableye\n|-supereffective|p2b: Iron Hands\n|-crit|p2b: Iron Hands\n|-damage|p2a: Sableye|0 fnt\n|-damage|p2b: Iron Hands|16\/100\n|faint|p2a: Sableye\n|cant|p1b: Charizard|flinch\n|\n|-weather|SunnyDay|[upkeep]\n|-damage|p1b: Charizard|75\/100 tox|[from] psn\n|upkeep\n|\n|t:|1699312996\n|switch|p2a: Sinistcha|Sinistcha-Masterpiece, shiny|100\/100\n|-heal|p2b: Iron Hands|41\/100|[from] ability: Hospitality|[of] p2a: Sinistcha\n|turn|2\n|\n|t:|1699313016\n|switch|p2a: Ninetales|Ninetales-Alola, F, shiny|100\/100\n|-weather|Snow|[from] ability: Snow Warning|[of] p2a: Ninetales\n|-end|p1a: Flutter Mane|Protosynthesis\n|-end|p2b: Iron Hands|Quark Drive|[silent]\n|switch|p2b: Arcanine|Arcanine-Hisui, M, shiny|100\/100\n|move|p1a: Flutter Mane|Dazzling Gleam|p2a: Ninetales|[spread] p2a,p2b\n|-crit|p2a: Ninetales\n|-resisted|p2b: Arcanine\n|-damage|p2a: Ninetales|24\/100\n|-damage|p2b: Arcanine|75\/100\n|move|p1b: Charizard|Heat Wave|p2a: Ninetales|[spread] p2a,p2b\n|-supereffective|p2a: Ninetales\n|-resisted|p2b: Arcanine\n|-damage|p2a: Ninetales|0 fnt\n|-damage|p2b: Arcanine|62\/100\n|faint|p2a: Ninetales\n|\n|-weather|Snow|[upkeep]\n|-damage|p1b: Charizard|63\/100 tox|[from] psn\n|upkeep\n|\n|t:|1699313036\n|switch|p2a: Sinistcha|Sinistcha-Masterpiece, shiny|100\/100\n|-heal|p2b: Arcanine|87\/100|[from] ability: Hospitality|[of] p2a: Sinistcha\n|turn|3\n|c|\u2606MarcusTalks|this is worse than last game\n|\n|t:|1699313061\n|switch|p1b: Landorus|Landorus-Therian, M|100\/100\n|-ability|p1b: Landorus|Intimidate|boost\n|-unboost|p2a: Sinistcha|atk|1\n|-unboost|p2b: Arcanine|atk|1\n|-terastallize|p2a: Sinistcha|Fire\n|move|p1a: Flutter Mane|Dazzling Gleam|p2a: Sinistcha|[spread] p2a,p2b\n|-resisted|p2a: Sinistcha\n|-resisted|p2b: Arcanine\n|-damage|p2a: Sinistcha|76\/100\n|-damage|p2b: Arcanine|57\/100\n|-zpower|p2b: Arcanine\n|move|p2b: Arcanine|Continental Crush|p1a: Flutter Mane|[zeffect]\n|-crit|p1a: Flutter Mane\n|-damage|p1a: Flutter Mane|0 fnt\n|faint|p1a: Flutter Mane\n|-end|p1a: Flutter Mane|Protosynthesis|[silent]\n|move|p2a: Sinistcha|Hex|p1b: Landorus\n|-damage|p1b: Landorus|76\/100\n|\n|-weather|Snow|[upkeep]\n|upkeep\n|\n|t:|1699313069\n|switch|p1a: Whimsicott|Whimsicott, F|100\/100\n|turn|4\n|\n|t:|1699313094\n|move|p1a: Whimsicott|Tailwind|p1a: Whimsicott\n|-sidestart|p1: Chaos92031|move: Tailwind\n|move|p1b: Landorus|Earthquake|p2a: Sinistcha|[spread] p1a,p2a,p2b\n|-resisted|p1a: Whimsicott\n|-crit|p1a: Whimsicott\n|-supereffective|p2a: Sinistcha\n|-supereffective|p2b: Arcanine\n|-damage|p1a: Whimsicott|63\/100\n|-damage|p2a: Sinistcha|15\/100\n|-damage|p2b: Arcanine|0 fnt\n|faint|p2b: Arcanine\n|move|p2a: Sinistcha|Matcha Gotcha|p1a: Whimsicott|[spread] p1a,p1b\n|-resisted|p1a: Whimsicott\n|-damage|p1a: Whimsicott|48\/100\n|-heal|p2a: Sinistcha|22\/100|[from] drain|[of] p1a: Whimsicott\n|-damage|p1b: Landorus|55\/100\n|-heal|p2a: Sinistcha|33\/100|[from] drain|[of] p1b: Landorus\n|\n|-weather|Snow|[upkeep]\n|upkeep\n|inactive|MarcusTalks has 270 seconds left.\n|\n|t:|1699313107\n|switch|p2b: Iron Hands|Iron Hands|41\/100\n|turn|5\n|\n|t:|1699313115\n|switch|p2a: Kommo-o|Kommo-o, M, shiny|100\/100\n|move|p2b: Iron Hands|Fake Out|p1b: Landorus\n|-damage|p1b: Landorus|39\/100\n|move|p1a: Whimsicott|Moonblast|p2b: Iron Hands\n|-supereffective|p2b: Iron Hands\n|-damage|p2b: Iron Hands|9\/100\n|cant|p1b: Landorus|flinch\n|\n|-weather|Snow|[upkeep]\n|upkeep\n|turn|6\n|\n|t:|1699313136\n|move|p1a: Whimsicott|Moonblast|p2a: Kommo-o\n|-supereffective|p2a: Kommo-o\n|-damage|p2a: Kommo-o|0 fnt\n|faint|p2a: Kommo-o\n|move|p1b: Landorus|Earthquake|p2b: Iron Hands|[spread] p1a,p2b\n|-resisted|p1a: Whimsicott\n|-supereffective|p2b: Iron Hands\n|-damage|p1a: Whimsicott|25\/100\n|-damage|p2b: Iron Hands|0 fnt\n|faint|p2b: Iron Hands\n|-end|p2b: Iron Hands|Quark Drive|[silent]\n|\n|-weather|none\n|upkeep\n|c|\u2606MarcusTalks|gg\n|\n|t:|1699313146\n|switch|p2b: Sinistcha|Sinistcha-Masterpiece, shiny, tera:Fire|33\/100\n|turn|7\n|c|\u2606Chaos92031|gg\n|\n|t:|1699313155\n|move|p1a: Whimsicott|Helping Hand|p1b: Landorus\n|-singleturn|p1b: Landorus|Helping Hand|[of] p1a: Whimsicott\n|-zpower|p1b: Landorus\n|move|p1b: Landorus|Tectonic Rage|p2b: Sinistcha|[zeffect]\n|-supereffective|p2b: Sinistcha\n|-crit|p2b: Sinistcha\n|-damage|p2b: Sinistcha|0 fnt\n|faint|p2b: Sinistcha\n|\n|win|Chaos92031\n|c|\u2606MarcusTalks|was that necessary\n|c|\u2606Chaos92031|XD\n","uploadtime":1699313174,"views":12,"p1id":"chaos92031","p2id":"marcustalks","formatid":"gen9nationaldexdoubles","rating":0,"private":0,"password":""}