{"id":"gen9nationaldexdoubles-1991989685","p1":"AceCoyoteNK","p2":"bibleisreal20994","format":"[Gen 9] National Dex Doubles","log":"|j|\u2606AceCoyoteNK\n|j|\u2606bibleisreal20994\n|t:|1700145598\n|gametype|doubles\n|player|p1|AceCoyoteNK|lady|1234\n|player|p2|bibleisreal20994|ingo|1297\n|teamsize|p1|6\n|teamsize|p2|6\n|gen|9\n|tier|[Gen 9] National Dex Doubles\n|rated|\n|rule|HP Percentage Mod: HP is shown in percentages\n|rule|Endless Battle Clause: Forcing endless battles is banned\n|rule|OHKO Clause: OHKO moves are banned\n|rule|Evasion Moves Clause: Evasion moves are banned\n|rule|Evasion Abilities Clause: Evasion abilities are banned\n|rule|Species Clause: Limit one of each Pok\u00e9mon\n|rule|Gravity Sleep Clause: The combination of sleep-inducing moves with imperfect accuracy and Gravity or Gigantamax Orbeetle are banned\n|clearpoke\n|poke|p1|Tyranitar, M|\n|poke|p1|Goodra-Hisui, M|\n|poke|p1|Ninetales-Alola, F|\n|poke|p1|Iron Hands|\n|poke|p1|Amoonguss, F|\n|poke|p1|Incineroar, M|\n|poke|p2|Articuno-Galar|\n|poke|p2|Inteleon, M|\n|poke|p2|Lucario, F|\n|poke|p2|Incineroar, M|\n|poke|p2|Ribombee, F|\n|poke|p2|Guzzlord|\n|teampreview\n|inactive|Battle timer is ON: inactive players will automatically lose when time's up. (requested by AceCoyoteNK)\n|inactive|bibleisreal20994 also wants the timer to be on.\n|\n|t:|1700145615\n|start\n|switch|p1a: GEN 8 Nightmare|Incineroar, M|100\/100\n|switch|p1b: Escargot|Goodra-Hisui, M|100\/100\n|switch|p2a: The Dawg|Ribombee, F|100\/100\n|switch|p2b: whirlpool|Incineroar, M|100\/100\n|-ability|p1a: GEN 8 Nightmare|Intimidate|boost\n|-unboost|p2a: The Dawg|atk|1\n|-unboost|p2b: whirlpool|atk|1\n|-ability|p2b: whirlpool|Intimidate|boost\n|-unboost|p1a: GEN 8 Nightmare|atk|1\n|-unboost|p1b: Escargot|atk|1\n|turn|1\n|\n|t:|1700145630\n|move|p1a: GEN 8 Nightmare|Fake Out|p2a: The Dawg\n|-damage|p2a: The Dawg|83\/100\n|move|p2b: whirlpool|Fake Out|p1b: Escargot\n|-resisted|p1b: Escargot\n|-damage|p1b: Escargot|98\/100\n|move|p2a: The Dawg|Sticky Web|p1b: Escargot\n|-sidestart|p1: AceCoyoteNK|move: Sticky Web\n|cant|p1b: Escargot|flinch\n|\n|-heal|p1b: Escargot|100\/100|[from] item: Leftovers\n|upkeep\n|turn|2\n|\n|t:|1700145648\n|move|p2a: The Dawg|Stun Spore|p1a: GEN 8 Nightmare\n|-status|p1a: GEN 8 Nightmare|par\n|move|p1b: Escargot|Acid Armor|p1b: Escargot\n|-boost|p1b: Escargot|def|2\n|move|p2b: whirlpool|Taunt|p1b: Escargot\n|-start|p1b: Escargot|move: Taunt\n|move|p1a: GEN 8 Nightmare|Parting Shot|p2a: The Dawg\n|-unboost|p2a: The Dawg|atk|1\n|-unboost|p2a: The Dawg|spa|1\n|\n|t:|1700145660\n|switch|p1a: Good Girl|Ninetales-Alola, F, shiny|100\/100|[from] Parting Shot\n|-activate|p1a: Good Girl|move: Sticky Web\n|-unboost|p1a: Good Girl|spe|1\n|-weather|Snow|[from] ability: Snow Warning|[of] p1a: Good Girl\n|\n|-weather|Snow|[upkeep]\n|upkeep\n|turn|3\n|inactive|AceCoyoteNK has 120 seconds left.\n|\n|t:|1700145698\n|move|p2a: The Dawg|Stun Spore|p1b: Escargot\n|-ability|p1b: Escargot|Sap Sipper|boost\n|-boost|p1b: Escargot|atk|1\n|move|p1a: Good Girl|Blizzard|p2b: whirlpool|[spread] p2a,p2b\n|-resisted|p2b: whirlpool\n|-damage|p2a: The Dawg|8\/100\n|-damage|p2b: whirlpool|84\/100\n|-damage|p1a: Good Girl|91\/100|[from] item: Life Orb\n|move|p1b: Escargot|Heavy Slam|p2a: The Dawg\n|-supereffective|p2a: The Dawg\n|-damage|p2a: The Dawg|0 fnt\n|faint|p2a: The Dawg\n|move|p2b: whirlpool|Flare Blitz|p1a: Good Girl\n|-supereffective|p1a: Good Girl\n|-damage|p1a: Good Girl|32\/100\n|-damage|p2b: whirlpool|67\/100|[from] Recoil\n|\n|-weather|Snow|[upkeep]\n|upkeep\n|\n|t:|1700145724\n|switch|p2a: Moon|Lucario, F|100\/100\n|turn|4\n|\n|t:|1700145731\n|-terastallize|p1b: Escargot|Water\n|move|p2a: Moon|Protect|p2a: Moon\n|-singleturn|p2a: Moon|Protect\n|move|p1a: Good Girl|Blizzard|p2a: Moon|[spread] p2b\n|-activate|p2a: Moon|move: Protect\n|-resisted|p2b: whirlpool\n|-damage|p2b: whirlpool|50\/100\n|-enditem|p2b: whirlpool|Sitrus Berry|[eat]\n|-heal|p2b: whirlpool|75\/100|[from] item: Sitrus Berry\n|-damage|p1a: Good Girl|22\/100|[from] item: Life Orb\n|move|p1b: Escargot|Body Press|p2b: whirlpool\n|-supereffective|p2b: whirlpool\n|-damage|p2b: whirlpool|0 fnt\n|faint|p2b: whirlpool\n|\n|-weather|Snow|[upkeep]\n|upkeep\n|\n|t:|1700145747\n|switch|p2b: Mam|Guzzlord, shiny|100\/100\n|turn|5\n|\n|t:|1700145757\n|-terastallize|p2b: Mam|Fairy\n|move|p2a: Moon|Bullet Punch|p1a: Good Girl\n|-supereffective|p1a: Good Girl\n|-damage|p1a: Good Girl|0 fnt\n|faint|p1a: Good Girl\n|move|p1b: Escargot|Body Press|p2a: Moon\n|-supereffective|p2a: Moon\n|-damage|p2a: Moon|0 fnt\n|faint|p2a: Moon\n|move|p2b: Mam|Stockpile|p2b: Mam\n|-start|p2b: Mam|stockpile1\n|-boost|p2b: Mam|def|1\n|-boost|p2b: Mam|spd|1\n|\n|-weather|Snow|[upkeep]\n|-end|p1b: Escargot|move: Taunt\n|upkeep\n|\n|t:|1700145780\n|switch|p1a: Iron fists|Iron Hands|100\/100\n|switch|p2a: Lanky Bird|Articuno-Galar, shiny|100\/100\n|-activate|p1a: Iron fists|move: Sticky Web\n|-unboost|p1a: Iron fists|spe|1\n|turn|6\n|\n|t:|1700145794\n|move|p2a: Lanky Bird|Protect|p2a: Lanky Bird\n|-singleturn|p2a: Lanky Bird|Protect\n|move|p1a: Iron fists|Fake Out|p2a: Lanky Bird\n|-activate|p2a: Lanky Bird|move: Protect\n|move|p1b: Escargot|Heavy Slam|p2b: Mam\n|-supereffective|p2b: Mam\n|-damage|p2b: Mam|89\/100\n|move|p2b: Mam|Sleep Talk||[still]\n|-fail|p2b: Mam\n|\n|-weather|none\n|-heal|p2b: Mam|95\/100|[from] item: Leftovers\n|upkeep\n|turn|7\n|inactive|AceCoyoteNK has 120 seconds left.\n|\n|t:|1700145854\n|switch|p2a: Blick\u2205|Inteleon, M, shiny|100\/100\n|move|p1b: Escargot|Acid Armor|p1b: Escargot\n|-boost|p1b: Escargot|def|2\n|move|p1a: Iron fists|Thunder Punch|p2a: Blick\u2205\n|-supereffective|p2a: Blick\u2205\n|-damage|p2a: Blick\u2205|0 fnt\n|faint|p2a: Blick\u2205\n|move|p2b: Mam|Stockpile|p2b: Mam\n|-start|p2b: Mam|stockpile2\n|-boost|p2b: Mam|def|1\n|-boost|p2b: Mam|spd|1\n|\n|-heal|p2b: Mam|100\/100|[from] item: Leftovers\n|upkeep\n|\n|t:|1700145864\n|switch|p2a: Lanky Bird|Articuno-Galar, shiny|100\/100\n|turn|8\n|inactive|AceCoyoteNK has 120 seconds left.\n|\n|t:|1700145875\n|move|p2a: Lanky Bird|Protect|p2a: Lanky Bird\n|-singleturn|p2a: Lanky Bird|Protect\n|move|p1b: Escargot|Acid Armor|p1b: Escargot\n|-boost|p1b: Escargot|def|2\n|move|p1a: Iron fists|Thunder Punch|p2a: Lanky Bird\n|-activate|p2a: Lanky Bird|move: Protect\n|move|p2b: Mam|Stockpile|p2b: Mam\n|-start|p2b: Mam|stockpile3\n|-boost|p2b: Mam|def|1\n|-boost|p2b: Mam|spd|1\n|\n|upkeep\n|turn|9\n|\n|t:|1700145889\n|move|p1b: Escargot|Protect|p1b: Escargot\n|-singleturn|p1b: Escargot|Protect\n|move|p2a: Lanky Bird|Freezing Glare|p1a: Iron fists\n|-supereffective|p1a: Iron fists\n|-damage|p1a: Iron fists|44\/100\n|move|p1a: Iron fists|Thunder Punch|p2a: Lanky Bird\n|-supereffective|p2a: Lanky Bird\n|-damage|p2a: Lanky Bird|0 fnt\n|faint|p2a: Lanky Bird\n|move|p2b: Mam|Rock Slide|p1b: Escargot|[spread] p1a\n|-activate|p1b: Escargot|move: Protect\n|-resisted|p1a: Iron fists\n|-damage|p1a: Iron fists|40\/100\n|\n|upkeep\n|turn|10\n|\n|t:|1700145908\n|move|p1b: Escargot|Body Press|p2b: Mam\n|-resisted|p2b: Mam\n|-damage|p2b: Mam|88\/100\n|move|p1a: Iron fists|Thunder Punch|p2b: Mam\n|-damage|p2b: Mam|77\/100\n|move|p2b: Mam|Rock Slide|p1a: Iron fists|[spread] p1a,p1b\n|-resisted|p1a: Iron fists\n|-damage|p1a: Iron fists|36\/100\n|-damage|p1b: Escargot|98\/100\n|\n|-heal|p1b: Escargot|100\/100|[from] item: Leftovers\n|-heal|p2b: Mam|83\/100|[from] item: Leftovers\n|upkeep\n|turn|11\n|\n|t:|1700145923\n|move|p1b: Escargot|Protect|p1b: Escargot\n|-singleturn|p1b: Escargot|Protect\n|move|p1a: Iron fists|Thunder Punch|p2b: Mam\n|-damage|p2b: Mam|72\/100\n|-status|p2b: Mam|par\n|move|p2b: Mam|Rock Slide|p1b: Escargot|[spread] p1a\n|-activate|p1b: Escargot|move: Protect\n|-resisted|p1a: Iron fists\n|-damage|p1a: Iron fists|32\/100\n|\n|-heal|p2b: Mam|78\/100 par|[from] item: Leftovers\n|upkeep\n|turn|12\n|\n|t:|1700145943\n|move|p1b: Escargot|Body Press|p2b: Mam\n|-resisted|p2b: Mam\n|-damage|p2b: Mam|65\/100 par\n|move|p1a: Iron fists|Thunder Punch|p2b: Mam\n|-damage|p2b: Mam|54\/100 par\n|move|p2b: Mam|Rest|p2b: Mam\n|-status|p2b: Mam|slp|[from] move: Rest\n|-heal|p2b: Mam|100\/100 slp|[silent]\n|\n|upkeep\n|turn|13\n|\n|t:|1700145965\n|-end|p1a: Iron fists|Quark Drive|[silent]\n|switch|p1a: Tantrum|Tyranitar, M|100\/100\n|-ability|p1a: Tantrum|Unnerve\n|-activate|p1a: Tantrum|move: Sticky Web\n|-unboost|p1a: Tantrum|spe|1\n|move|p1b: Escargot|Body Press|p2b: Mam\n|-resisted|p2b: Mam\n|-damage|p2b: Mam|87\/100 slp\n|cant|p2b: Mam|slp\n|move|p2b: Mam|Sleep Talk|p2b: Mam\n|move|p2b: Mam|Stockpile||[from]move: Sleep Talk|[still]\n|-fail|p2b: Mam\n|\n|-heal|p2b: Mam|94\/100 slp|[from] item: Leftovers\n|upkeep\n|turn|14\n|\n|t:|1700145983\n|move|p1b: Escargot|Body Press|p2b: Mam\n|-resisted|p2b: Mam\n|-damage|p2b: Mam|82\/100 slp\n|move|p1a: Tantrum|Knock Off|p2b: Mam\n|-resisted|p2b: Mam\n|-damage|p2b: Mam|76\/100 slp\n|-enditem|p2b: Mam|Leftovers|[from] move: Knock Off|[of] p1a: Tantrum\n|cant|p2b: Mam|slp\n|\n|upkeep\n|turn|15\n|-message|bibleisreal20994 forfeited.\n|\n|win|AceCoyoteNK\n|raw|AceCoyoteNK's rating: 1234 &rarr; <strong>1263<\/strong><br \/>(+29 for winning)\n|raw|bibleisreal20994's rating: 1297 &rarr; <strong>1268<\/strong><br \/>(-29 for losing)\n|l|\u2606bibleisreal20994\n","uploadtime":1700146001,"views":5,"p1id":"acecoyotenk","p2id":"bibleisreal20994","formatid":"gen9nationaldexdoubles","rating":1263,"private":0,"password":""}