{"id":"gen9nationaldexdoubles-1949035375","p1":"Skyhero752","p2":"Cherwony","format":"[Gen 9] National Dex Doubles","log":"|j|\u2606Skyhero752\n|j|\u2606Cherwony\n|t:|1695320923\n|gametype|doubles\n|player|p1|Skyhero752|burglar|\n|player|p2|Cherwony|101|\n|teamsize|p1|6\n|teamsize|p2|6\n|gen|9\n|tier|[Gen 9] National Dex Doubles\n|rule|HP Percentage Mod: HP is shown in percentages\n|rule|Endless Battle Clause: Forcing endless battles is banned\n|rule|OHKO Clause: OHKO moves are banned\n|rule|Evasion Moves Clause: Evasion moves are banned\n|rule|Evasion Abilities Clause: Evasion abilities are banned\n|rule|Species Clause: Limit one of each Pok\u00e9mon\n|rule|Gravity Sleep Clause: The combination of sleep-inducing moves with imperfect accuracy and Gravity or Gigantamax Orbeetle are banned\n|clearpoke\n|poke|p1|Swoobat, F|\n|poke|p1|Togekiss, F|\n|poke|p1|Kilowattrel, M|\n|poke|p1|Pidgeot, M|\n|poke|p1|Jumpluff, F|\n|poke|p1|Gyarados, M|\n|poke|p2|Tyranitar, M|\n|poke|p2|Magnezone|\n|poke|p2|Maushold-Four|\n|poke|p2|Rotom-Wash|\n|poke|p2|Diggersby, F|\n|poke|p2|Gliscor, M|\n|teampreview\n|c|\u2606Cherwony|Glhf\n|c|\u2606Skyhero752|u2\n|\n|t:|1695320949\n|start\n|switch|p1a: Swoobat|Swoobat, F|100\/100\n|switch|p1b: Togekiss|Togekiss, F|100\/100\n|switch|p2a: Magnezone|Magnezone|100\/100\n|switch|p2b: Diggersby|Diggersby, F|100\/100\n|turn|1\n|\n|t:|1695320965\n|move|p2b: Diggersby|Rock Slide|p1a: Swoobat|[spread] p1a,p1b\n|-supereffective|p1a: Swoobat\n|-supereffective|p1b: Togekiss\n|-damage|p1a: Swoobat|24\/100\n|-damage|p1b: Togekiss|50\/100\n|-enditem|p1a: Swoobat|Weakness Policy\n|-boost|p1a: Swoobat|atk|4|[from] item: Weakness Policy\n|-boost|p1a: Swoobat|spa|4|[from] item: Weakness Policy\n|move|p1b: Togekiss|Fling|p1a: Swoobat\n|-supereffective|p1a: Swoobat\n|-damage|p1a: Swoobat|19\/100\n|-boost|p1a: Swoobat|spe|2|[from] item: Salac Berry\n|-enditem|p1b: Togekiss|Salac Berry|[from] move: Fling\n|move|p1a: Swoobat|Heat Wave|p2a: Magnezone|[spread] p2a\n|-miss|p1a: Swoobat|p2b: Diggersby\n|-supereffective|p2a: Magnezone\n|-damage|p2a: Magnezone|13\/100\n|move|p2a: Magnezone|Discharge|p1b: Togekiss|[spread] p1a,p1b\n|-immune|p2b: Diggersby\n|-supereffective|p1a: Swoobat\n|-supereffective|p1b: Togekiss\n|-damage|p1a: Swoobat|0 fnt\n|-damage|p1b: Togekiss|8\/100\n|faint|p1a: Swoobat\n|\n|upkeep\n|\n|t:|1695320985\n|switch|p1a: Gyarados|Gyarados, M|100\/100\n|turn|2\n|c|\u2606Cherwony|How much damage would that stored power have been holy\n|c|\u2606Skyhero752|a lot haha\n|c|\u2606Cherwony|Like holy shit that's so smart\n|c|\u2606Skyhero752|didn't expect a scarf diggersby\n|c|\u2606Cherwony|Oh wait it gets simple right\n|c|\u2606Cherwony|Fair enough\n|\n|t:|1695321015\n|-terastallize|p1a: Gyarados|Ground\n|move|p1b: Togekiss|Follow Me|p1b: Togekiss\n|-singleturn|p1b: Togekiss|move: Follow Me\n|move|p2b: Diggersby|Rock Slide|p1b: Togekiss|[spread] p1a,p1b\n|-resisted|p1a: Gyarados\n|-supereffective|p1b: Togekiss\n|-damage|p1a: Gyarados|87\/100\n|-damage|p1b: Togekiss|0 fnt\n|faint|p1b: Togekiss\n|cant|p1a: Gyarados|flinch\n|move|p2a: Magnezone|Discharge|p1a: Gyarados|[spread] \n|-immune|p2b: Diggersby\n|-immune|p1a: Gyarados\n|\n|upkeep\n|c|\u2606Cherwony|Haven't used this thing since gen 6\n|c|\u2606Skyhero752|:I\n|\n|t:|1695321036\n|switch|p1b: Pidgeot|Pidgeot, M|100\/100\n|turn|3\n|c|\u2606Cherwony|Funny doubles move\n|\n|t:|1695321042\n|detailschange|p1b: Pidgeot|Pidgeot-Mega, M\n|-mega|p1b: Pidgeot|Pidgeot|Pidgeotite\n|move|p2b: Diggersby|Rock Slide|p1a: Gyarados|[spread] p1a,p1b\n|-resisted|p1a: Gyarados\n|-crit|p1a: Gyarados\n|-supereffective|p1b: Pidgeot\n|-damage|p1a: Gyarados|67\/100\n|-damage|p1b: Pidgeot|35\/100\n|move|p1b: Pidgeot|Heat Wave|p2a: Magnezone|[spread] p2a,p2b\n|-supereffective|p2a: Magnezone\n|-damage|p2a: Magnezone|0 fnt\n|-damage|p2b: Diggersby|67\/100\n|faint|p2a: Magnezone\n|move|p1a: Gyarados|Dragon Dance|p1a: Gyarados\n|-boost|p1a: Gyarados|atk|1\n|-boost|p1a: Gyarados|spe|1\n|\n|upkeep\n|\n|t:|1695321057\n|switch|p2a: Rotom|Rotom-Wash|100\/100\n|turn|4\n|\n|t:|1695321086\n|move|p1a: Gyarados|Protect|p1a: Gyarados\n|-singleturn|p1a: Gyarados|Protect\n|move|p2b: Diggersby|Rock Slide|p1a: Gyarados|[spread] p1b\n|-activate|p1a: Gyarados|move: Protect\n|-supereffective|p1b: Pidgeot\n|-damage|p1b: Pidgeot|0 fnt\n|faint|p1b: Pidgeot\n|move|p2a: Rotom|Will-O-Wisp|p1a: Gyarados\n|-activate|p1a: Gyarados|move: Protect\n|\n|upkeep\n|\n|t:|1695321094\n|switch|p1b: Jumpluff|Jumpluff, F|100\/100\n|turn|5\n|\n|t:|1695321111\n|move|p1b: Jumpluff|Rage Powder|p1b: Jumpluff\n|-singleturn|p1b: Jumpluff|move: Rage Powder\n|move|p2b: Diggersby|Rock Slide|p1a: Gyarados|[spread] p1a,p1b\n|-resisted|p1a: Gyarados\n|-supereffective|p1b: Jumpluff\n|-damage|p1a: Gyarados|52\/100\n|-damage|p1b: Jumpluff|43\/100\n|-enditem|p1b: Jumpluff|Sitrus Berry|[eat]\n|-heal|p1b: Jumpluff|68\/100|[from] item: Sitrus Berry\n|cant|p1a: Gyarados|flinch\n|move|p2a: Rotom|Will-O-Wisp|p1b: Jumpluff\n|-status|p1b: Jumpluff|brn\n|\n|-damage|p1b: Jumpluff|62\/100 brn|[from] brn\n|upkeep\n|turn|6\n|c|\u2606Skyhero752|cmon man\n|c|\u2606Skyhero752|i'm getting haxed to shit here\n|c|\u2606Cherwony|With how shit my rng has been recently I'll take it\n|\n|t:|1695321146\n|move|p2b: Diggersby|Rock Slide|p1b: Jumpluff|[spread] p1b\n|-miss|p2b: Diggersby|p1a: Gyarados\n|-supereffective|p1b: Jumpluff\n|-damage|p1b: Jumpluff|0 fnt\n|faint|p1b: Jumpluff\n|move|p1a: Gyarados|Waterfall|p2b: Diggersby\n|-supereffective|p2b: Diggersby\n|-damage|p2b: Diggersby|0 fnt\n|faint|p2b: Diggersby\n|-ability|p1a: Gyarados|Moxie|boost\n|-boost|p1a: Gyarados|atk|1\n|move|p2a: Rotom|Hidden Power|p1a: Gyarados\n|-supereffective|p1a: Gyarados\n|-damage|p1a: Gyarados|12\/100\n|\n|upkeep\n|\n|t:|1695321166\n|switch|p1b: Kilowattrel|Kilowattrel, M|100\/100\n|switch|p2b: Gliscor|Gliscor, M|100\/100\n|turn|7\n|\n|t:|1695321173\n|move|p1a: Gyarados|Protect|p1a: Gyarados\n|-singleturn|p1a: Gyarados|Protect\n|move|p1b: Kilowattrel|Tailwind|p1b: Kilowattrel\n|-sidestart|p1: Skyhero752|move: Tailwind\n|-start|p1b: Kilowattrel|Charge|Tailwind|[from] ability: Wind Power\n|move|p2b: Gliscor|Knock Off|p1a: Gyarados\n|-activate|p1a: Gyarados|move: Protect\n|move|p2a: Rotom|Hidden Power|p1a: Gyarados\n|-activate|p1a: Gyarados|move: Protect\n|\n|-status|p2b: Gliscor|tox|[from] item: Toxic Orb\n|upkeep\n|turn|8\n|\n|t:|1695321189\n|move|p1a: Gyarados|Waterfall|p2b: Gliscor\n|-supereffective|p2b: Gliscor\n|-damage|p2b: Gliscor|0 fnt\n|faint|p2b: Gliscor\n|-ability|p1a: Gyarados|Moxie|boost\n|-boost|p1a: Gyarados|atk|1\n|move|p1b: Kilowattrel|Electro Ball|p2a: Rotom\n|-damage|p2a: Rotom|0 fnt\n|faint|p2a: Rotom\n|-end|p1b: Kilowattrel|Charge|[silent]\n|\n|upkeep\n|\n|t:|1695321198\n|switch|p2b: Tyranitar|Tyranitar, M|100\/100\n|switch|p2a: Maushold|Maushold-Four|100\/100\n|-weather|Sandstorm|[from] ability: Sand Stream|[of] p2b: Tyranitar\n|turn|9\n|\n|t:|1695321220\n|-terastallize|p2a: Maushold|Normal\n|move|p1a: Gyarados|Earthquake|p2a: Maushold|[spread] p2a,p2b\n|-immune|p1b: Kilowattrel\n|-supereffective|p2b: Tyranitar\n|-damage|p2a: Maushold|0 fnt\n|-damage|p2b: Tyranitar|0 fnt\n|faint|p2a: Maushold\n|faint|p2b: Tyranitar\n|\n|win|Skyhero752\n|c|\u2606Cherwony|Gg\n|c|\u2606Skyhero752|gg thou\n|c|\u2606Cherwony|Didn't think electro ball would kill\n|c|\u2606Cherwony|But that was really good\n|c|\u2606Skyhero752|wind power + 150 bp + stab\n|c|\u2606Skyhero752|super strong\n|c|\u2606Cherwony|Makes sense\n|c|\u2606Skyhero752|kilowatrell is the secret weapon in this team\n|c|\u2606Skyhero752|any way gg, that bunny is teryfying\n|l|\u2606Skyhero752\n|c|\u2606Cherwony|Gg\n","uploadtime":1695321241,"views":6,"p1id":"skyhero752","p2id":"cherwony","formatid":"gen9nationaldexdoubles","rating":0,"private":0,"password":""}