{"id":"gen9nationaldexdoubles-1990878835","p1":"Bootus Stankus","p2":"LightOfTheRuin","format":"[Gen 9] National Dex Doubles","log":"|j|\u2606Bootus Stankus\n|j|\u2606LightOfTheRuin\n|t:|1700010595\n|gametype|doubles\n|player|p1|Bootus Stankus|iris|1338\n|player|p2|LightOfTheRuin|mallow-masters|1322\n|teamsize|p1|6\n|teamsize|p2|6\n|gen|9\n|tier|[Gen 9] National Dex Doubles\n|rated|\n|rule|HP Percentage Mod: HP is shown in percentages\n|rule|Endless Battle Clause: Forcing endless battles is banned\n|rule|OHKO Clause: OHKO moves are banned\n|rule|Evasion Moves Clause: Evasion moves are banned\n|rule|Evasion Abilities Clause: Evasion abilities are banned\n|rule|Species Clause: Limit one of each Pok\u00e9mon\n|rule|Gravity Sleep Clause: The combination of sleep-inducing moves with imperfect accuracy and Gravity or Gigantamax Orbeetle are banned\n|clearpoke\n|poke|p1|Arboliva, M|\n|poke|p1|Farigiraf, F|\n|poke|p1|Clefairy, M|\n|poke|p1|Zamazenta-*|\n|poke|p1|Bewear, F|\n|poke|p1|Vikavolt, F|\n|poke|p2|Cherrim, F|\n|poke|p2|Lurantis, F|\n|poke|p2|Charizard, M|\n|poke|p2|Malamar, F|\n|poke|p2|Walking Wake|\n|poke|p2|Golurk|\n|teampreview\n|\n|t:|1700010606\n|start\n|switch|p1a: Farigiraf|Farigiraf, F, shiny|100\/100\n|switch|p1b: Vikavolt|Vikavolt, F|100\/100\n|switch|p2a: Poseidon|Walking Wake|100\/100\n|switch|p2b: Hades|Malamar, F|100\/100\n|turn|1\n|\n|t:|1700010612\n|move|p2a: Poseidon|Flip Turn|p1b: Vikavolt\n|-damage|p1b: Vikavolt|82\/100\n|\n|t:|1700010619\n|-end|p2a: Poseidon|Protosynthesis|[silent]\n|switch|p2a: Thanatos|Golurk, shiny|100\/100|[from] Flip Turn\n|move|p2b: Hades|Knock Off|p1a: Farigiraf\n|-supereffective|p1a: Farigiraf\n|-damage|p1a: Farigiraf|38\/100\n|-enditem|p1a: Farigiraf|Aguav Berry|[from] move: Knock Off|[of] p2b: Hades\n|move|p1b: Vikavolt|Bug Buzz|p2b: Hades\n|-supereffective|p2b: Hades\n|-enditem|p2b: Hades|Tanga Berry|[eat]\n|-enditem|p2b: Hades|Tanga Berry|[weaken]\n|-damage|p2b: Hades|6\/100\n|-enditem|p1b: Vikavolt|Throat Spray\n|-boost|p1b: Vikavolt|spa|1|[from] item: Throat Spray\n|move|p1a: Farigiraf|Trick Room|p1a: Farigiraf\n|-fieldstart|move: Trick Room|[of] p1a: Farigiraf\n|\n|upkeep\n|turn|2\n|\n|t:|1700010633\n|move|p2b: Hades|Protect|p2b: Hades\n|-singleturn|p2b: Hades|Protect\n|move|p1b: Vikavolt|Energy Ball|p2a: Thanatos\n|-supereffective|p2a: Thanatos\n|-damage|p2a: Thanatos|0 fnt\n|faint|p2a: Thanatos\n|move|p1a: Farigiraf|Dazzling Gleam|p2b: Hades\n|-activate|p2b: Hades|move: Protect\n|\n|upkeep\n|\n|t:|1700010642\n|switch|p2a: Eos|Cherrim, F, shiny|100\/100\n|turn|3\n|\n|t:|1700010654\n|move|p1b: Vikavolt|Bug Buzz|p2a: Eos\n|-supereffective|p2a: Eos\n|-damage|p2a: Eos|0 fnt\n|faint|p2a: Eos\n|move|p1a: Farigiraf|Dazzling Gleam|p2b: Hades\n|-supereffective|p2b: Hades\n|-damage|p2b: Hades|0 fnt\n|faint|p2b: Hades\n|\n|upkeep\n|\n|t:|1700010658\n|switch|p2b: Demeter|Lurantis, F|100\/100\n|switch|p2a: Apollo|Charizard, M|100\/100\n|turn|4\n|\n|t:|1700010673\n|switch|p1a: Clefairy|Clefairy, M, shiny|100\/100\n|detailschange|p2a: Apollo|Charizard-Mega-Y, M\n|-mega|p2a: Apollo|Charizard|Charizardite Y\n|-weather|SunnyDay|[from] ability: Drought|[of] p2a: Apollo\n|-terastallize|p2b: Demeter|Fighting\n|move|p2a: Apollo|Protect|p2a: Apollo\n|-singleturn|p2a: Apollo|Protect\n|move|p1b: Vikavolt|Charge Beam|p2a: Apollo\n|-activate|p2a: Apollo|move: Protect\n|move|p2b: Demeter|Poison Jab|p1b: Vikavolt\n|-damage|p1b: Vikavolt|60\/100\n|\n|-weather|SunnyDay|[upkeep]\n|upkeep\n|turn|5\n|\n|t:|1700010698\n|switch|p2a: Poseidon|Walking Wake|100\/100\n|-activate|p2a: Poseidon|ability: Protosynthesis\n|-start|p2a: Poseidon|protosynthesisspa\n|move|p1a: Clefairy|Heal Pulse|p1b: Vikavolt\n|-heal|p1b: Vikavolt|100\/100\n|move|p1b: Vikavolt|Charge Beam|p2a: Poseidon\n|-damage|p2a: Poseidon|42\/100\n|move|p2b: Demeter|Poison Jab|p1a: Clefairy\n|-supereffective|p1a: Clefairy\n|-damage|p1a: Clefairy|59\/100\n|\n|-weather|SunnyDay|[upkeep]\n|-fieldend|move: Trick Room\n|upkeep\n|turn|6\n|\n|t:|1700010710\n|move|p1a: Clefairy|Follow Me|p1a: Clefairy\n|-singleturn|p1a: Clefairy|move: Follow Me\n|move|p2a: Poseidon|Weather Ball|p1a: Clefairy\n|-damage|p1a: Clefairy|7\/100\n|move|p2b: Demeter|Poison Jab|p1a: Clefairy\n|-supereffective|p1a: Clefairy\n|-damage|p1a: Clefairy|0 fnt\n|faint|p1a: Clefairy\n|move|p1b: Vikavolt|Charge Beam|p2a: Poseidon\n|-damage|p2a: Poseidon|0 fnt\n|-boost|p1b: Vikavolt|spa|1\n|faint|p2a: Poseidon\n|-end|p2a: Poseidon|Protosynthesis|[silent]\n|\n|-weather|SunnyDay|[upkeep]\n|upkeep\n|\n|t:|1700010720\n|switch|p2a: Apollo|Charizard-Mega-Y, M|100\/100\n|switch|p1a: Farigiraf|Farigiraf, F, shiny|38\/100\n|turn|7\n|\n|t:|1700010728\n|-terastallize|p1b: Vikavolt|Water\n|move|p2a: Apollo|Heat Wave|p1b: Vikavolt|[spread] \n|-miss|p2a: Apollo|p1a: Farigiraf\n|-miss|p2a: Apollo|p1b: Vikavolt\n|move|p2b: Demeter|Superpower|p1a: Farigiraf\n|-damage|p1a: Farigiraf|0 fnt\n|-boost|p2b: Demeter|atk|1\n|-boost|p2b: Demeter|def|1\n|faint|p1a: Farigiraf\n|move|p1b: Vikavolt|Tera Blast|p2a: Apollo|[anim] Tera Blast Water\n|-supereffective|p2a: Apollo\n|-damage|p2a: Apollo|23\/100\n|\n|-weather|SunnyDay|[upkeep]\n|upkeep\n|\n|t:|1700010741\n|switch|p1a: Zamazenta|Zamazenta|100\/100\n|-ability|p1a: Zamazenta|Dauntless Shield|boost\n|-boost|p1a: Zamazenta|def|1\n|turn|8\n|\n|t:|1700010777\n|move|p1a: Zamazenta|Reflect|p1a: Zamazenta\n|-sidestart|p1: Bootus Stankus|Reflect\n|move|p2a: Apollo|Air Slash|p1a: Zamazenta\n|-supereffective|p1a: Zamazenta\n|-damage|p1a: Zamazenta|32\/100\n|move|p2b: Demeter|Superpower|p1b: Vikavolt\n|-damage|p1b: Vikavolt|38\/100\n|-boost|p2b: Demeter|atk|1\n|-boost|p2b: Demeter|def|1\n|move|p1b: Vikavolt|Charge Beam|p2a: Apollo|[miss]\n|-miss|p1b: Vikavolt|p2a: Apollo\n|\n|-weather|none\n|upkeep\n|turn|9\n|\n|t:|1700010840\n|move|p1a: Zamazenta|Snarl|p2a: Apollo|[spread] p2a,p2b\n|-resisted|p2b: Demeter\n|-damage|p2a: Apollo|16\/100\n|-damage|p2b: Demeter|98\/100\n|-unboost|p2a: Apollo|spa|1\n|-boost|p2b: Demeter|spa|1\n|move|p2a: Apollo|Air Slash|p1a: Zamazenta\n|-supereffective|p1a: Zamazenta\n|-damage|p1a: Zamazenta|0 fnt\n|faint|p1a: Zamazenta\n|move|p2b: Demeter|Superpower|p1b: Vikavolt\n|-damage|p1b: Vikavolt|0 fnt\n|-boost|p2b: Demeter|atk|1\n|-boost|p2b: Demeter|def|1\n|faint|p1b: Vikavolt\n|\n|upkeep\n|\n|t:|1700010850\n|switch|p1a: Bewear|Bewear, F, shiny|100\/100\n|switch|p1b: Arboliva|Arboliva, M|100\/100\n|turn|10\n|\n|t:|1700010866\n|move|p2a: Apollo|Protect|p2a: Apollo\n|-singleturn|p2a: Apollo|Protect\n|move|p1b: Arboliva|Protect|p1b: Arboliva\n|-singleturn|p1b: Arboliva|Protect\n|move|p2b: Demeter|Superpower|p1b: Arboliva\n|-activate|p1b: Arboliva|move: Protect\n|move|p1a: Bewear|Return|p2a: Apollo\n|-activate|p2a: Apollo|move: Protect\n|\n|upkeep\n|turn|11\n|c|\u2606Bootus Stankus|Damn gG\n|inactive|Battle timer is ON: inactive players will automatically lose when time's up. (requested by Bootus Stankus)\n|c|\u2606Bootus Stankus|Cmon u win\n|\n|t:|1700010933\n|move|p2a: Apollo|Air Slash|p1b: Arboliva\n|-supereffective|p1b: Arboliva\n|-damage|p1b: Arboliva|48\/100\n|-enditem|p1b: Arboliva|Sitrus Berry|[eat]\n|-heal|p1b: Arboliva|73\/100|[from] item: Sitrus Berry\n|move|p2b: Demeter|Superpower|p1a: Bewear\n|-supereffective|p1a: Bewear\n|-damage|p1a: Bewear|9\/100\n|-boost|p2b: Demeter|atk|1\n|-boost|p2b: Demeter|def|1\n|move|p1a: Bewear|Return|p2a: Apollo\n|-crit|p2a: Apollo\n|-damage|p2a: Apollo|0 fnt\n|faint|p2a: Apollo\n|move|p1b: Arboliva|Leech Seed|p2b: Demeter\n|-start|p2b: Demeter|move: Leech Seed\n|\n|-damage|p2b: Demeter|85\/100|[from] Leech Seed|[of] p1b: Arboliva\n|-heal|p1b: Arboliva|85\/100|[silent]\n|-item|p1b: Arboliva|Sitrus Berry|[from] ability: Harvest\n|upkeep\n|turn|12\n|c|\u2606Bootus Stankus|Im depending on rolls\n|\n|t:|1700010962\n|move|p1b: Arboliva|Protect|p1b: Arboliva\n|-singleturn|p1b: Arboliva|Protect\n|move|p2b: Demeter|Superpower|p1a: Bewear\n|-supereffective|p1a: Bewear\n|-crit|p1a: Bewear\n|-damage|p1a: Bewear|0 fnt\n|-boost|p2b: Demeter|atk|1\n|-boost|p2b: Demeter|def|1\n|faint|p1a: Bewear\n|\n|-damage|p2b: Demeter|73\/100|[from] Leech Seed|[of] p1b: Arboliva\n|-heal|p1b: Arboliva|97\/100|[silent]\n|-sideend|p1: Bootus Stankus|Reflect\n|upkeep\n|turn|13\n|\n|t:|1700010974\n|move|p2b: Demeter|Leech Life|p1b: Arboliva\n|-supereffective|p1b: Arboliva\n|-damage|p1b: Arboliva|0 fnt\n|-heal|p2b: Demeter|100\/100|[from] drain|[of] p1b: Arboliva\n|faint|p1b: Arboliva\n|\n|win|LightOfTheRuin\n|raw|Bootus Stankus's rating: 1338 &rarr; <strong>1317<\/strong><br \/>(-21 for losing)\n|raw|LightOfTheRuin's rating: 1322 &rarr; <strong>1343<\/strong><br \/>(+21 for winning)\n|c|\u2606LightOfTheRuin|gg\n|c|\u2606Bootus Stankus|GG\n","uploadtime":1700010978,"views":15,"p1id":"bootusstankus","p2id":"lightoftheruin","formatid":"gen9nationaldexdoubles","rating":1317,"private":0,"password":""}