{"id":"gen9nationaldexdoubles-1952463353","p1":"allahooakbar","p2":"kingspeed51","format":"[Gen 9] National Dex Doubles","log":"|j|\u2606allahooakbar\n|j|\u2606kingspeed51\n|t:|1695687186\n|gametype|doubles\n|player|p1|allahooakbar|winona|1020\n|player|p2|kingspeed51|170|1117\n|teamsize|p1|6\n|teamsize|p2|6\n|gen|9\n|tier|[Gen 9] National Dex Doubles\n|rated|\n|rule|HP Percentage Mod: HP is shown in percentages\n|rule|Endless Battle Clause: Forcing endless battles is banned\n|rule|OHKO Clause: OHKO moves are banned\n|rule|Evasion Moves Clause: Evasion moves are banned\n|rule|Evasion Abilities Clause: Evasion abilities are banned\n|rule|Species Clause: Limit one of each Pok\u00e9mon\n|rule|Gravity Sleep Clause: The combination of sleep-inducing moves with imperfect accuracy and Gravity or Gigantamax Orbeetle are banned\n|clearpoke\n|poke|p1|Kingambit, M|\n|poke|p1|Maushold-Four|\n|poke|p1|Garganacl, M|\n|poke|p1|Gholdengo|\n|poke|p1|Ninetales-Alola, F|\n|poke|p1|Infernape, F|\n|poke|p2|Metagross|\n|poke|p2|Salamence, F|\n|poke|p2|Iron Moth|\n|poke|p2|Greninja-*, F|\n|poke|p2|Whimsicott, F|\n|poke|p2|Chansey, F|\n|teampreview\n|\n|t:|1695687214\n|start\n|switch|p1a: Ninetales|Ninetales-Alola, F|100\/100\n|switch|p1b: Maushold|Maushold-Four|100\/100\n|switch|p2a: Whimsicott|Whimsicott, F|100\/100\n|switch|p2b: Salamence|Salamence, F|100\/100\n|-weather|Snow|[from] ability: Snow Warning|[of] p1a: Ninetales\n|-ability|p2b: Salamence|Intimidate|boost\n|-unboost|p1a: Ninetales|atk|1\n|-unboost|p1b: Maushold|atk|1\n|turn|1\n|\n|t:|1695687242\n|move|p2a: Whimsicott|Tailwind|p2a: Whimsicott\n|-sidestart|p2: kingspeed51|move: Tailwind\n|move|p2b: Salamence|Fire Fang|p1a: Ninetales\n|-supereffective|p1a: Ninetales\n|-damage|p1a: Ninetales|45\/100\n|-damage|p2b: Salamence|91\/100|[from] item: Life Orb\n|move|p1b: Maushold|Population Bomb|p2b: Salamence\n|-damage|p2b: Salamence|83\/100\n|-damage|p2b: Salamence|77\/100\n|-damage|p2b: Salamence|70\/100\n|-damage|p2b: Salamence|65\/100\n|-damage|p2b: Salamence|58\/100\n|-damage|p2b: Salamence|52\/100\n|-damage|p2b: Salamence|45\/100\n|-damage|p2b: Salamence|39\/100\n|-damage|p2b: Salamence|33\/100\n|-damage|p2b: Salamence|26\/100\n|-hitcount|p2b: Salamence|10\n|move|p1a: Ninetales|Aurora Veil|p1a: Ninetales\n|-sidestart|p1: allahooakbar|move: Aurora Veil\n|\n|-weather|Snow|[upkeep]\n|upkeep\n|turn|2\n|\n|t:|1695687277\n|move|p2a: Whimsicott|Moonblast|p1b: Maushold\n|-damage|p1b: Maushold|72\/100\n|move|p2b: Salamence|Dual Wingbeat|p1a: Ninetales|[miss]\n|-miss|p2b: Salamence|p1a: Ninetales\n|move|p1b: Maushold|Hyper Voice|p2b: Salamence|[spread] p2a,p2b\n|-damage|p2a: Whimsicott|79\/100\n|-damage|p2b: Salamence|7\/100\n|move|p1a: Ninetales|Dazzling Gleam|p2b: Salamence|[spread] p2a,p2b\n|-supereffective|p2b: Salamence\n|-crit|p2b: Salamence\n|-damage|p2a: Whimsicott|47\/100\n|-damage|p2b: Salamence|0 fnt\n|faint|p2b: Salamence\n|\n|-weather|Snow|[upkeep]\n|upkeep\n|\n|t:|1695687312\n|switch|p2b: Iron Moth|Iron Moth|100\/100\n|-enditem|p2b: Iron Moth|Booster Energy\n|-activate|p2b: Iron Moth|ability: Quark Drive|[fromitem]\n|-start|p2b: Iron Moth|quarkdrivespa\n|turn|3\n|\n|t:|1695687327\n|move|p2a: Whimsicott|Moonblast|p1a: Ninetales\n|-damage|p1a: Ninetales|30\/100\n|move|p2b: Iron Moth|Fiery Dance|p1a: Ninetales\n|-supereffective|p1a: Ninetales\n|-damage|p1a: Ninetales|0 fnt\n|faint|p1a: Ninetales\n|move|p1b: Maushold|Hyper Voice|p2a: Whimsicott|[spread] p2a,p2b\n|-damage|p2a: Whimsicott|25\/100\n|-damage|p2b: Iron Moth|84\/100\n|\n|-weather|Snow|[upkeep]\n|upkeep\n|\n|t:|1695687342\n|switch|p1a: Infernape|Infernape, F, shiny|100\/100\n|turn|4\n|\n|t:|1695687361\n|-end|p2b: Iron Moth|Quark Drive|[silent]\n|switch|p2b: Chansey|Chansey, F|100\/100\n|move|p2a: Whimsicott|Protect|p2a: Whimsicott\n|-singleturn|p2a: Whimsicott|Protect\n|move|p1b: Maushold|Low Kick|p2b: Chansey\n|-supereffective|p2b: Chansey\n|-damage|p2b: Chansey|89\/100\n|move|p1a: Infernape|Earthquake|p2b: Chansey|[spread] p1b,p2b\n|-activate|p2a: Whimsicott|move: Protect\n|-crit|p2b: Chansey\n|-damage|p1b: Maushold|46\/100\n|-damage|p2b: Chansey|67\/100\n|\n|-weather|Snow|[upkeep]\n|-sideend|p2: kingspeed51|move: Tailwind\n|upkeep\n|turn|5\n|\n|t:|1695687381\n|move|p2a: Whimsicott|Tailwind|p2a: Whimsicott\n|-sidestart|p2: kingspeed51|move: Tailwind\n|move|p1b: Maushold|Population Bomb|p2b: Chansey\n|-damage|p2b: Chansey|64\/100\n|-damage|p2b: Chansey|60\/100\n|-damage|p2b: Chansey|57\/100\n|-damage|p2b: Chansey|54\/100\n|-damage|p2b: Chansey|50\/100\n|-damage|p2b: Chansey|47\/100\n|-hitcount|p2b: Chansey|6\n|move|p1a: Infernape|Flare Blitz|p2a: Whimsicott\n|-supereffective|p2a: Whimsicott\n|-damage|p2a: Whimsicott|0 fnt\n|faint|p2a: Whimsicott\n|-damage|p1a: Infernape|92\/100|[from] Recoil\n|move|p2b: Chansey|Toxic|p1a: Infernape\n|-status|p1a: Infernape|tox\n|\n|-weather|none\n|-damage|p1a: Infernape|85\/100 tox|[from] psn\n|-sideend|p1: allahooakbar|move: Aurora Veil\n|upkeep\n|\n|t:|1695687401\n|switch|p2a: Metagross|Metagross|100\/100\n|turn|6\n|\n|t:|1695687412\n|-terastallize|p2a: Metagross|Ground\n|-terastallize|p1b: Maushold|Flying\n|move|p2a: Metagross|Earthquake|p1a: Infernape|[spread] p2b,p1a\n|-immune|p1b: Maushold\n|-supereffective|p1a: Infernape\n|-damage|p2b: Chansey|19\/100\n|-damage|p1a: Infernape|0 fnt\n|faint|p1a: Infernape\n|move|p1b: Maushold|Low Kick|p2b: Chansey\n|-supereffective|p2b: Chansey\n|-damage|p2b: Chansey|6\/100\n|move|p2b: Chansey|Soft-Boiled|p2b: Chansey\n|-heal|p2b: Chansey|56\/100\n|\n|upkeep\n|\n|t:|1695687429\n|switch|p1a: Gholdengo|Gholdengo|100\/100\n|turn|7\n|\n|t:|1695687452\n|move|p2a: Metagross|Earthquake|p1b: Maushold|[spread] p2b,p1a\n|-immune|p1b: Maushold\n|-supereffective|p1a: Gholdengo\n|-damage|p2b: Chansey|28\/100\n|-damage|p1a: Gholdengo|29\/100\n|move|p1b: Maushold|Population Bomb|p2b: Chansey\n|-damage|p2b: Chansey|25\/100\n|-damage|p2b: Chansey|22\/100\n|-damage|p2b: Chansey|18\/100\n|-damage|p2b: Chansey|15\/100\n|-hitcount|p2b: Chansey|4\n|move|p1a: Gholdengo|Poltergeist|p2a: Metagross|[miss]\n|-miss|p1a: Gholdengo|p2a: Metagross\n|move|p2b: Chansey|Soft-Boiled|p2b: Chansey\n|-heal|p2b: Chansey|65\/100\n|\n|upkeep\n|turn|8\n|\n|t:|1695687477\n|move|p2a: Metagross|Earthquake|p1b: Maushold|[spread] p2b,p1a\n|-immune|p1b: Maushold\n|-supereffective|p1a: Gholdengo\n|-damage|p2b: Chansey|38\/100\n|-damage|p1a: Gholdengo|0 fnt\n|faint|p1a: Gholdengo\n|move|p1b: Maushold|Hyper Voice|p2a: Metagross|[spread] p2a,p2b\n|-damage|p2a: Metagross|80\/100\n|-damage|p2b: Chansey|33\/100\n|move|p2b: Chansey|Soft-Boiled|p2b: Chansey\n|-heal|p2b: Chansey|83\/100\n|\n|-sideend|p2: kingspeed51|move: Tailwind\n|upkeep\n|\n|t:|1695687490\n|switch|p1a: Kingambit|Kingambit, M, shiny|100\/100\n|-activate|p1a: Kingambit|ability: Supreme Overlord\n|-start|p1a: Kingambit|fallen3|[silent]\n|turn|9\n|\n|t:|1695687513\n|move|p1b: Maushold|Low Kick|p2a: Metagross\n|-damage|p2a: Metagross|63\/100\n|move|p2a: Metagross|Earthquake|p1b: Maushold|[spread] p2b,p1a\n|-immune|p1b: Maushold\n|-supereffective|p1a: Kingambit\n|-damage|p2b: Chansey|58\/100\n|-damage|p1a: Kingambit|47\/100\n|move|p1a: Kingambit|Kowtow Cleave|p2b: Chansey\n|-damage|p2b: Chansey|20\/100\n|move|p2b: Chansey|Seismic Toss|p1a: Kingambit\n|-damage|p1a: Kingambit|19\/100\n|\n|upkeep\n|turn|10\n|\n|t:|1695687546\n|move|p1a: Kingambit|Protect|p1a: Kingambit\n|-singleturn|p1a: Kingambit|Protect\n|move|p1b: Maushold|Hyper Voice|p2b: Chansey|[spread] p2a,p2b\n|-damage|p2a: Metagross|41\/100\n|-damage|p2b: Chansey|15\/100\n|move|p2a: Metagross|Ice Punch|p1b: Maushold\n|-supereffective|p1b: Maushold\n|-damage|p1b: Maushold|0 fnt\n|faint|p1b: Maushold\n|move|p2b: Chansey|Seismic Toss|p1a: Kingambit\n|-activate|p1a: Kingambit|move: Protect\n|\n|upkeep\n|\n|t:|1695687557\n|switch|p1b: Garganacl|Garganacl, M|100\/100\n|turn|11\n|\n|t:|1695687574\n|switch|p2a: Iron Moth|Iron Moth|84\/100\n|move|p1a: Kingambit|Dark Pulse|p2a: Iron Moth\n|-damage|p2a: Iron Moth|52\/100\n|move|p2b: Chansey|Soft-Boiled|p2b: Chansey\n|-heal|p2b: Chansey|65\/100\n|move|p1b: Garganacl|Ice Punch|p2b: Chansey\n|-damage|p2b: Chansey|52\/100\n|\n|upkeep\n|turn|12\n|\n|t:|1695687596\n|move|p2a: Iron Moth|Protect|p2a: Iron Moth\n|-singleturn|p2a: Iron Moth|Protect\n|move|p1a: Kingambit|Protect|p1a: Kingambit\n|-singleturn|p1a: Kingambit|Protect\n|move|p2b: Chansey|Seismic Toss|p1a: Kingambit\n|-activate|p1a: Kingambit|move: Protect\n|move|p1b: Garganacl|Salt Cure|p2a: Iron Moth\n|-activate|p2a: Iron Moth|move: Protect\n|\n|upkeep\n|turn|13\n|\n|t:|1695687628\n|move|p2a: Iron Moth|Energy Ball|p1b: Garganacl\n|-supereffective|p1b: Garganacl\n|-damage|p1b: Garganacl|57\/100\n|move|p1a: Kingambit|Air Slash|p2b: Chansey\n|-damage|p2b: Chansey|46\/100\n|move|p2b: Chansey|Soft-Boiled|p2b: Chansey\n|-heal|p2b: Chansey|96\/100\n|move|p1b: Garganacl|Salt Cure|p2a: Iron Moth\n|-supereffective|p2a: Iron Moth\n|-damage|p2a: Iron Moth|0 fnt\n|faint|p2a: Iron Moth\n|-end|p2a: Iron Moth|Quark Drive|[silent]\n|\n|upkeep\n|\n|t:|1695687639\n|switch|p2a: Metagross|Metagross, tera:Ground|41\/100\n|turn|14\n|\n|t:|1695687651\n|move|p2a: Metagross|Earthquake|p1b: Garganacl|[spread] p2b,p1a,p1b\n|-supereffective|p1a: Kingambit\n|-supereffective|p1b: Garganacl\n|-damage|p2b: Chansey|72\/100\n|-damage|p1a: Kingambit|0 fnt\n|-damage|p1b: Garganacl|8\/100\n|faint|p1a: Kingambit\n|-end|p1a: Kingambit|fallen3|[silent]\n|move|p2b: Chansey|Soft-Boiled|p2b: Chansey\n|-heal|p2b: Chansey|100\/100\n|move|p1b: Garganacl|Salt Cure|p2b: Chansey\n|-damage|p2b: Chansey|92\/100\n|-start|p2b: Chansey|Salt Cure\n|\n|-damage|p2b: Chansey|79\/100|[from] Salt Cure\n|upkeep\n|turn|15\n|-message|allahooakbar forfeited.\n|\n|win|kingspeed51\n|raw|allahooakbar's rating: 1020 &rarr; <strong>1011<\/strong><br \/>(-9 for losing)\n|raw|kingspeed51's rating: 1117 &rarr; <strong>1135<\/strong><br \/>(+18 for winning)\n|l|\u2606allahooakbar\n","uploadtime":1695687673,"views":9,"p1id":"allahooakbar","p2id":"kingspeed51","formatid":"gen9nationaldexdoubles","rating":1011,"private":0,"password":""}