{"id":"gen9nationaldexdoubles-1967493152","p1":"FlamesoOfEternity","p2":"Dasia_lovewitch","format":"[Gen 9] National Dex Doubles","log":"|j|\u2606FlamesoOfEternity\n|j|\u2606Dasia_lovewitch\n|t:|1697307092\n|gametype|doubles\n|player|p1|FlamesoOfEternity|whitney|1000\n|player|p2|Dasia_lovewitch|olivia|1123\n|teamsize|p1|6\n|teamsize|p2|6\n|gen|9\n|tier|[Gen 9] National Dex Doubles\n|rated|\n|rule|HP Percentage Mod: HP is shown in percentages\n|rule|Endless Battle Clause: Forcing endless battles is banned\n|rule|OHKO Clause: OHKO moves are banned\n|rule|Evasion Moves Clause: Evasion moves are banned\n|rule|Evasion Abilities Clause: Evasion abilities are banned\n|rule|Species Clause: Limit one of each Pok\u00e9mon\n|rule|Gravity Sleep Clause: The combination of sleep-inducing moves with imperfect accuracy and Gravity or Gigantamax Orbeetle are banned\n|clearpoke\n|poke|p1|Cresselia, F|\n|poke|p1|Clefable, M|\n|poke|p1|Kingambit, M|\n|poke|p1|Ogerpon-Wellspring, F|\n|poke|p1|Kommo-o, M|\n|poke|p1|Ursaluna-Bloodmoon, M|\n|poke|p2|Lurantis, F|\n|poke|p2|Leavanny, F|\n|poke|p2|Enamorus, F|\n|poke|p2|Florges, F|\n|poke|p2|Kommo-o, F|\n|poke|p2|Alomomola, F|\n|teampreview\n|c|\u2606FlamesoOfEternity|gl hf\n|c|\u2606FlamesoOfEternity|very, intersting team i must say\n|c|\u2606Dasia_lovewitch|Why thank you\n|\n|t:|1697307139\n|start\n|switch|p1a: Cresselia|Cresselia, F, shiny|100\/100\n|switch|p1b: Freddy Fazbear|Ursaluna-Bloodmoon, M|100\/100\n|switch|p2a: Rosette|Florges, F|100\/100\n|switch|p2b: Big Luvfish|Alomomola, F|100\/100\n|turn|1\n|c|\u2606Dasia_lovewitch|gl & hf to you as well\n|\n|t:|1697307163\n|-terastallize|p2a: Rosette|Grass\n|move|p2a: Rosette|Trick|p1a: Cresselia\n|-activate|p2a: Rosette|move: Trick|[of] p1a: Cresselia\n|-item|p1a: Cresselia|Toxic Orb|[from] move: Trick\n|-item|p2a: Rosette|Rocky Helmet|[from] move: Trick\n|move|p2b: Big Luvfish|Aqua Ring|p2b: Big Luvfish\n|-start|p2b: Big Luvfish|Aqua Ring\n|move|p1b: Freddy Fazbear|Hyper Voice|p2b: Big Luvfish|[spread] p2a,p2b\n|-damage|p2a: Rosette|75\/100\n|-damage|p2b: Big Luvfish|53\/100\n|-enditem|p1b: Freddy Fazbear|Throat Spray\n|-boost|p1b: Freddy Fazbear|spa|1|[from] item: Throat Spray\n|move|p1a: Cresselia|Trick Room|p1a: Cresselia\n|-fieldstart|move: Trick Room|[of] p1a: Cresselia\n|\n|-heal|p2b: Big Luvfish|59\/100|[from] item: Leftovers\n|-heal|p2b: Big Luvfish|65\/100|[from] Aqua Ring\n|-status|p1a: Cresselia|tox|[from] item: Toxic Orb\n|upkeep\n|turn|2\n|\n|t:|1697307198\n|switch|p1a: Ogerpon|Ogerpon-Wellspring, F|100\/100\n|move|p1b: Freddy Fazbear|Blood Moon|p2a: Rosette\n|-damage|p2a: Rosette|0 fnt\n|faint|p2a: Rosette\n|move|p2b: Big Luvfish|Calm Mind|p2b: Big Luvfish\n|-boost|p2b: Big Luvfish|spa|1\n|-boost|p2b: Big Luvfish|spd|1\n|\n|-heal|p2b: Big Luvfish|71\/100|[from] item: Leftovers\n|-heal|p2b: Big Luvfish|77\/100|[from] Aqua Ring\n|upkeep\n|\n|t:|1697307216\n|switch|p2a: Little Luvbug|Lurantis, F|100\/100\n|turn|3\n|\n|t:|1697307232\n|move|p2a: Little Luvbug|Protect|p2a: Little Luvbug\n|-singleturn|p2a: Little Luvbug|Protect\n|move|p1b: Freddy Fazbear|Hyper Voice|p2a: Little Luvbug|[spread] p2b\n|-activate|p2a: Little Luvbug|move: Protect\n|-damage|p2b: Big Luvfish|30\/100\n|move|p2b: Big Luvfish|Calm Mind|p2b: Big Luvfish\n|-boost|p2b: Big Luvfish|spa|1\n|-boost|p2b: Big Luvfish|spd|1\n|move|p1a: Ogerpon|Leech Seed|p2b: Big Luvfish\n|-start|p2b: Big Luvfish|move: Leech Seed\n|\n|-heal|p2b: Big Luvfish|37\/100|[from] item: Leftovers\n|-heal|p2b: Big Luvfish|43\/100|[from] Aqua Ring\n|-damage|p2b: Big Luvfish|30\/100|[from] Leech Seed|[of] p1a: Ogerpon\n|upkeep\n|turn|4\n|\n|t:|1697307256\n|move|p1a: Ogerpon|Spiky Shield|p1a: Ogerpon\n|-singleturn|p1a: Ogerpon|move: Protect\n|move|p1b: Freddy Fazbear|Hyper Voice|p2b: Big Luvfish|[spread] p2a,p2b\n|-damage|p2a: Little Luvbug|34\/100\n|-damage|p2b: Big Luvfish|0 fnt\n|faint|p2b: Big Luvfish\n|move|p2a: Little Luvbug|Solar Blade||[still]\n|-prepare|p2a: Little Luvbug|Solar Blade\n|\n|-heal|p2a: Little Luvbug|40\/100|[from] item: Leftovers\n|upkeep\n|\n|t:|1697307267\n|switch|p2b: Kommo-o|Kommo-o, F, shiny|100\/100\n|turn|5\n|\n|t:|1697307280\n|switch|p1b: Clefable|Clefable, M|100\/100\n|-singleturn|p2b: Kommo-o|move: Focus Punch\n|move|p2a: Little Luvbug|Solar Blade|p1b: Clefable|[from]lockedmove\n|-damage|p1b: Clefable|59\/100\n|-damage|p2a: Little Luvbug|23\/100|[from] item: Rocky Helmet|[of] p1b: Clefable\n|move|p1a: Ogerpon|Knock Off|p2a: Little Luvbug\n|-damage|p2a: Little Luvbug|0 fnt\n|-enditem|p2a: Little Luvbug|Leftovers|[from] move: Knock Off|[of] p1a: Ogerpon\n|faint|p2a: Little Luvbug\n|move|p2b: Kommo-o|Focus Punch|p1b: Clefable\n|-resisted|p1b: Clefable\n|-damage|p1b: Clefable|21\/100\n|-damage|p2b: Kommo-o|84\/100|[from] item: Rocky Helmet|[of] p1b: Clefable\n|\n|-fieldend|move: Trick Room\n|upkeep\n|\n|t:|1697307300\n|switch|p2a: Leavel\u00e9|Leavanny, F, shiny|100\/100\n|turn|6\n|\n|t:|1697307316\n|switch|p1b: Cresselia|Cresselia, F, shiny|100\/100 tox\n|move|p1a: Ogerpon|Spiky Shield|p1a: Ogerpon\n|-singleturn|p1a: Ogerpon|move: Protect\n|move|p2b: Kommo-o|Clangorous Soul|p2b: Kommo-o\n|-boost|p2b: Kommo-o|atk|1\n|-boost|p2b: Kommo-o|def|1\n|-boost|p2b: Kommo-o|spa|1\n|-boost|p2b: Kommo-o|spd|1\n|-boost|p2b: Kommo-o|spe|1\n|-damage|p2b: Kommo-o|51\/100\n|move|p2a: Leavel\u00e9|Leaf Blade|p1a: Ogerpon\n|-activate|p1a: Ogerpon|move: Protect\n|-damage|p2a: Leavel\u00e9|88\/100|[from] Spiky Shield|[of] p1a: Ogerpon\n|\n|-heal|p2a: Leavel\u00e9|94\/100|[from] item: Leftovers\n|-damage|p1b: Cresselia|94\/100 tox|[from] psn\n|upkeep\n|turn|7\n|\n|t:|1697307348\n|switch|p1a: Clefable|Clefable, M|21\/100\n|move|p2b: Kommo-o|Dragon Dance|p2b: Kommo-o\n|-boost|p2b: Kommo-o|atk|1\n|-boost|p2b: Kommo-o|spe|1\n|move|p2a: Leavel\u00e9|Leaf Blade|p1a: Clefable\n|-damage|p1a: Clefable|0 fnt\n|-damage|p2a: Leavel\u00e9|78\/100|[from] item: Rocky Helmet|[of] p1a: Clefable\n|faint|p1a: Clefable\n|move|p1b: Cresselia|Trick Room|p1b: Cresselia\n|-fieldstart|move: Trick Room|[of] p1b: Cresselia\n|\n|-heal|p2a: Leavel\u00e9|84\/100|[from] item: Leftovers\n|-damage|p1b: Cresselia|82\/100 tox|[from] psn\n|upkeep\n|\n|t:|1697307362\n|switch|p1a: Freddy Fazbear|Ursaluna-Bloodmoon, M|100\/100\n|turn|8\n|\n|t:|1697307379\n|-singleturn|p2b: Kommo-o|move: Focus Punch\n|move|p1b: Cresselia|Ally Switch|p1b: Cresselia\n|swap|p1b: Cresselia|0|[from] move: Ally Switch\n|move|p1b: Freddy Fazbear|Moonblast|p2b: Kommo-o\n|-supereffective|p2b: Kommo-o\n|-damage|p2b: Kommo-o|0 fnt\n|faint|p2b: Kommo-o\n|move|p2a: Leavel\u00e9|Camouflage|p2a: Leavel\u00e9\n|-start|p2a: Leavel\u00e9|typechange|Normal\n|\n|-heal|p2a: Leavel\u00e9|90\/100|[from] item: Leftovers\n|-damage|p1a: Cresselia|64\/100 tox|[from] psn\n|upkeep\n|\n|t:|1697307390\n|switch|p2b: Love Deity|Enamorus, F|100\/100\n|turn|9\n|\n|t:|1697307401\n|move|p1b: Freddy Fazbear|Blood Moon|p2a: Leavel\u00e9\n|-damage|p2a: Leavel\u00e9|1\/100\n|move|p1a: Cresselia|Skill Swap|p2b: Love Deity\n|-activate|p1a: Cresselia|move: Skill Swap|Contrary|Levitate|[of] p2b: Love Deity\n|move|p2a: Leavel\u00e9|Leaf Blade|p1a: Cresselia\n|-damage|p1a: Cresselia|46\/100 tox\n|move|p2b: Love Deity|Superpower|p1b: Freddy Fazbear\n|-supereffective|p1b: Freddy Fazbear\n|-damage|p1b: Freddy Fazbear|41\/100\n|-unboost|p2b: Love Deity|atk|1\n|-unboost|p2b: Love Deity|def|1\n|\n|-heal|p2a: Leavel\u00e9|7\/100|[from] item: Leftovers\n|-damage|p1a: Cresselia|22\/100 tox|[from] psn\n|upkeep\n|turn|10\n|\n|t:|1697307422\n|move|p1a: Cresselia|Ally Switch|p1a: Cresselia\n|swap|p1a: Cresselia|1|[from] move: Ally Switch\n|move|p1a: Freddy Fazbear|Hyper Voice|p2a: Leavel\u00e9|[spread] p2a,p2b\n|-damage|p2a: Leavel\u00e9|0 fnt\n|-damage|p2b: Love Deity|41\/100\n|faint|p2a: Leavel\u00e9\n|move|p2b: Love Deity|Rest|p2b: Love Deity\n|-status|p2b: Love Deity|slp|[from] move: Rest\n|-heal|p2b: Love Deity|100\/100 slp|[silent]\n|\n|-damage|p1b: Cresselia|0 fnt|[from] psn\n|faint|p1b: Cresselia\n|upkeep\n|\n|t:|1697307433\n|switch|p1b: Kingambit|Kingambit, M|100\/100\n|-activate|p1b: Kingambit|ability: Supreme Overlord\n|-start|p1b: Kingambit|fallen2|[silent]\n|turn|11\n|\n|t:|1697307440\n|move|p1b: Kingambit|Knock Off|p2b: Love Deity\n|-resisted|p2b: Love Deity\n|-damage|p2b: Love Deity|8\/100 slp\n|-enditem|p2b: Love Deity|Fist Plate|[from] move: Knock Off|[of] p1b: Kingambit\n|move|p1a: Freddy Fazbear|Blood Moon|p2b: Love Deity\n|-damage|p2b: Love Deity|0 fnt\n|faint|p2b: Love Deity\n|\n|win|FlamesoOfEternity\n|raw|FlamesoOfEternity's rating: 1000 &rarr; <strong>1054<\/strong><br \/>(+54 for winning)\n|raw|Dasia_lovewitch's rating: 1123 &rarr; <strong>1090<\/strong><br \/>(-33 for losing)\n|c|\u2606FlamesoOfEternity|gg\n|c|\u2606Dasia_lovewitch|Gg\n|c|\u2606FlamesoOfEternity|you good\n","uploadtime":1697307452,"views":8,"p1id":"flamesoofeternity","p2id":"dasialovewitch","formatid":"gen9nationaldexdoubles","rating":1054,"private":0,"password":""}