{"id":"gen9nationaldexdoubles-1964839994","p1":"sufubi","p2":"lemonjohn","format":"[Gen 9] National Dex Doubles","log":"|j|\u2606sufubi\n|j|\u2606lemonjohn\n|t:|1697016745\n|gametype|doubles\n|player|p1|sufubi|iris-gen5bw2|1331\n|player|p2|lemonjohn|tuberf|1341\n|teamsize|p1|6\n|teamsize|p2|6\n|gen|9\n|tier|[Gen 9] National Dex Doubles\n|rated|\n|rule|HP Percentage Mod: HP is shown in percentages\n|rule|Endless Battle Clause: Forcing endless battles is banned\n|rule|OHKO Clause: OHKO moves are banned\n|rule|Evasion Moves Clause: Evasion moves are banned\n|rule|Evasion Abilities Clause: Evasion abilities are banned\n|rule|Species Clause: Limit one of each Pok\u00e9mon\n|rule|Gravity Sleep Clause: The combination of sleep-inducing moves with imperfect accuracy and Gravity or Gigantamax Orbeetle are banned\n|clearpoke\n|poke|p1|Oranguru, M|\n|poke|p1|Cresselia, F|\n|poke|p1|Torkoal, F|\n|poke|p1|Heatran, M|\n|poke|p1|Iron Hands|\n|poke|p1|Amoonguss, F|\n|poke|p2|Venusaur, F|\n|poke|p2|Charizard, M|\n|poke|p2|Hitmontop, M|\n|poke|p2|Torkoal, M|\n|poke|p2|Whimsicott, M|\n|poke|p2|Walking Wake|\n|teampreview\n|inactive|Battle timer is ON: inactive players will automatically lose when time's up. (requested by lemonjohn)\n|\n|t:|1697016761\n|start\n|switch|p1a: Oranguru|Oranguru, M|100\/100\n|switch|p1b: Torkoal|Torkoal, F|100\/100\n|switch|p2a: Torkoal|Torkoal, M|100\/100\n|switch|p2b: Whimsicott|Whimsicott, M|100\/100\n|-weather|SunnyDay|[from] ability: Drought|[of] p2a: Torkoal\n|turn|1\n|\n|t:|1697016782\n|switch|p1b: Amoonguss|Amoonguss, F|100\/100\n|-terastallize|p2a: Torkoal|Fire\n|move|p2b: Whimsicott|Fake Tears|p1b: Amoonguss\n|-unboost|p1b: Amoonguss|spd|2\n|move|p2a: Torkoal|Eruption|p1b: Amoonguss|[spread] p1a,p1b\n|-crit|p1a: Oranguru\n|-supereffective|p1b: Amoonguss\n|-damage|p1a: Oranguru|0 fnt\n|-damage|p1b: Amoonguss|0 fnt\n|faint|p1a: Oranguru\n|faint|p1b: Amoonguss\n|\n|-weather|SunnyDay|[upkeep]\n|upkeep\n|\n|t:|1697016791\n|switch|p1a: Heatran|Heatran, M|100\/100\n|switch|p1b: Iron Hands|Iron Hands|100\/100\n|-enditem|p1b: Iron Hands|Booster Energy\n|-activate|p1b: Iron Hands|ability: Quark Drive|[fromitem]\n|-start|p1b: Iron Hands|quarkdriveatk\n|turn|2\n|\n|t:|1697016804\n|move|p1b: Iron Hands|Fake Out|p2a: Torkoal\n|-damage|p2a: Torkoal|84\/100\n|move|p2b: Whimsicott|Fake Tears|p1a: Heatran\n|-unboost|p1a: Heatran|spd|2\n|move|p1a: Heatran|Eruption|p2b: Whimsicott|[spread] p2a,p2b\n|-resisted|p2a: Torkoal\n|-supereffective|p2b: Whimsicott\n|-damage|p2a: Torkoal|19\/100\n|-enditem|p2b: Whimsicott|Focus Sash\n|-damage|p2b: Whimsicott|1\/100\n|cant|p2a: Torkoal|flinch\n|\n|-weather|SunnyDay|[upkeep]\n|upkeep\n|turn|3\n|\n|t:|1697016821\n|move|p2b: Whimsicott|Encore|p1b: Iron Hands\n|-start|p1b: Iron Hands|Encore\n|move|p1a: Heatran|Earth Power|p2a: Torkoal\n|-supereffective|p2a: Torkoal\n|-damage|p2a: Torkoal|0 fnt\n|faint|p2a: Torkoal\n|move|p1b: Iron Hands|Fake Out||[still]\n|-hint|Fake Out only works on your first turn out.\n|-fail|p1b: Iron Hands\n|\n|-weather|SunnyDay|[upkeep]\n|upkeep\n|\n|t:|1697016827\n|switch|p2a: Walking Wake|Walking Wake|100\/100\n|-activate|p2a: Walking Wake|ability: Protosynthesis\n|-start|p2a: Walking Wake|protosynthesisspa\n|turn|4\n|\n|t:|1697016838\n|switch|p1a: Cresselia|Cresselia, F|100\/100\n|-end|p1b: Iron Hands|Quark Drive|[silent]\n|switch|p1b: Torkoal|Torkoal, F|100\/100\n|move|p2b: Whimsicott|Fake Tears|p1a: Cresselia\n|-unboost|p1a: Cresselia|spd|2\n|move|p2a: Walking Wake|Hydro Steam|p1a: Cresselia\n|-crit|p1a: Cresselia\n|-damage|p1a: Cresselia|0 fnt\n|faint|p1a: Cresselia\n|\n|-weather|SunnyDay|[upkeep]\n|upkeep\n|\n|t:|1697016842\n|switch|p1a: Iron Hands|Iron Hands|100\/100\n|turn|5\n|\n|t:|1697016850\n|move|p1a: Iron Hands|Fake Out|p2a: Walking Wake\n|-damage|p2a: Walking Wake|81\/100\n|move|p2b: Whimsicott|Fake Tears|p1b: Torkoal\n|-unboost|p1b: Torkoal|spd|2\n|cant|p2a: Walking Wake|flinch\n|move|p1b: Torkoal|Eruption|p2a: Walking Wake|[spread] p2a,p2b\n|-resisted|p2a: Walking Wake\n|-supereffective|p2b: Whimsicott\n|-damage|p2a: Walking Wake|55\/100\n|-damage|p2b: Whimsicott|0 fnt\n|faint|p2b: Whimsicott\n|\n|-weather|none\n|-end|p2a: Walking Wake|Protosynthesis\n|upkeep\n|\n|t:|1697016861\n|switch|p2b: Venusaur|Venusaur, F|100\/100\n|turn|6\n|\n|t:|1697016870\n|switch|p1b: Heatran|Heatran, M|100\/100\n|move|p2a: Walking Wake|Hydro Steam|p1b: Heatran\n|-supereffective|p1b: Heatran\n|-damage|p1b: Heatran|36\/100\n|move|p2b: Venusaur|Sludge Bomb|p1a: Iron Hands\n|-damage|p1a: Iron Hands|55\/100\n|-damage|p2b: Venusaur|91\/100|[from] item: Life Orb\n|move|p1a: Iron Hands|Wild Charge|p2a: Walking Wake\n|-damage|p2a: Walking Wake|0 fnt\n|faint|p2a: Walking Wake\n|-end|p2a: Walking Wake|Protosynthesis|[silent]\n|-damage|p1a: Iron Hands|45\/100|[from] Recoil\n|\n|-heal|p1b: Heatran|42\/100|[from] item: Leftovers\n|upkeep\n|\n|t:|1697016873\n|switch|p2a: Charizard|Charizard, M|100\/100\n|turn|7\n|\n|t:|1697016894\n|move|p2a: Charizard|Scorching Sands|p1b: Heatran\n|-supereffective|p1b: Heatran\n|-damage|p1b: Heatran|0 fnt\n|faint|p1b: Heatran\n|move|p2b: Venusaur|Sludge Bomb|p1a: Iron Hands\n|-damage|p1a: Iron Hands|6\/100\n|-damage|p2b: Venusaur|81\/100|[from] item: Life Orb\n|move|p1a: Iron Hands|Wild Charge|p2a: Charizard\n|-supereffective|p2a: Charizard\n|-damage|p2a: Charizard|0 fnt\n|faint|p2a: Charizard\n|-damage|p1a: Iron Hands|0 fnt|[from] Recoil\n|faint|p1a: Iron Hands\n|-end|p1a: Iron Hands|Quark Drive|[silent]\n|\n|upkeep\n|\n|t:|1697016898\n|switch|p2a: Hitmontop|Hitmontop, M|100\/100\n|switch|p1a: Torkoal|Torkoal, F|100\/100\n|-ability|p2a: Hitmontop|Intimidate|boost\n|-unboost|p1a: Torkoal|atk|1\n|-weather|SunnyDay|[from] ability: Drought|[of] p1a: Torkoal\n|turn|8\n|\n|t:|1697016904\n|-terastallize|p1a: Torkoal|Fire\n|move|p2a: Hitmontop|Fake Out|p1a: Torkoal\n|-damage|p1a: Torkoal|94\/100\n|move|p2b: Venusaur|Sludge Bomb|p1a: Torkoal\n|-damage|p1a: Torkoal|20\/100\n|-damage|p2b: Venusaur|71\/100|[from] item: Life Orb\n|cant|p1a: Torkoal|flinch\n|\n|-weather|SunnyDay|[upkeep]\n|upkeep\n|turn|9\n|-message|sufubi forfeited.\n|\n|win|lemonjohn\n|raw|sufubi's rating: 1331 &rarr; <strong>1312<\/strong><br \/>(-19 for losing)\n|raw|lemonjohn's rating: 1341 &rarr; <strong>1360<\/strong><br \/>(+19 for winning)\n|l|\u2606sufubi\n","uploadtime":1697016916,"views":11,"p1id":"sufubi","p2id":"lemonjohn","formatid":"gen9nationaldexdoubles","rating":1312,"private":0,"password":""}