{"id":"gen9nationaldexdoubles-1986628663","p1":"Mokaccino333","p2":"Prapple2","format":"[Gen 9] National Dex Doubles","log":"|j|\u2606Mokaccino333\n|j|\u2606Prapple2\n|t:|1699499749\n|gametype|doubles\n|player|p1|Mokaccino333|lady|\n|player|p2|Prapple2|caitlin|\n|teamsize|p1|6\n|teamsize|p2|6\n|gen|9\n|tier|[Gen 9] National Dex Doubles\n|rule|HP Percentage Mod: HP is shown in percentages\n|rule|Endless Battle Clause: Forcing endless battles is banned\n|rule|OHKO Clause: OHKO moves are banned\n|rule|Evasion Moves Clause: Evasion moves are banned\n|rule|Evasion Abilities Clause: Evasion abilities are banned\n|rule|Species Clause: Limit one of each Pok\u00e9mon\n|rule|Gravity Sleep Clause: The combination of sleep-inducing moves with imperfect accuracy and Gravity or Gigantamax Orbeetle are banned\n|clearpoke\n|poke|p1|Landorus-Therian, M|\n|poke|p1|Ursaluna, F|\n|poke|p1|Sandy Shocks|\n|poke|p1|Pangoro, F|\n|poke|p1|Kingambit, M|\n|poke|p1|Kommo-o, M|\n|poke|p2|Tapu Lele|\n|poke|p2|Clefable, M|\n|poke|p2|Mawile, M|\n|poke|p2|Hatterene, F|\n|poke|p2|Grimmsnarl, M|\n|poke|p2|Diancie|\n|teampreview\n|\n|t:|1699499784\n|start\n|switch|p1a: Landorus|Landorus-Therian, M|100\/100\n|switch|p1b: Pangoro|Pangoro, F|100\/100\n|switch|p2a: Hatterene|Hatterene, F|100\/100\n|switch|p2b: Grimmsnarl|Grimmsnarl, M|100\/100\n|-ability|p1a: Landorus|Intimidate|boost\n|-unboost|p2a: Hatterene|atk|1\n|-unboost|p2b: Grimmsnarl|atk|1\n|turn|1\n|\n|t:|1699499802\n|move|p2b: Grimmsnarl|Fake Out|p1b: Pangoro\n|-damage|p1b: Pangoro|93\/100\n|move|p1a: Landorus|Knock Off|p2a: Hatterene\n|-crit|p2a: Hatterene\n|-damage|p2a: Hatterene|36\/100\n|-enditem|p2a: Hatterene|Leftovers|[from] move: Knock Off|[of] p1a: Landorus\n|cant|p1b: Pangoro|flinch\n|move|p2a: Hatterene|Trick Room|p2a: Hatterene\n|-fieldstart|move: Trick Room|[of] p2a: Hatterene\n|\n|upkeep\n|turn|2\n|\n|t:|1699499815\n|move|p2b: Grimmsnarl|Reflect|p2b: Grimmsnarl\n|-sidestart|p2: Prapple2|Reflect\n|move|p2a: Hatterene|Dazzling Gleam|p1a: Landorus|[spread] p1a,p1b\n|-supereffective|p1b: Pangoro\n|-damage|p1a: Landorus|53\/100\n|-damage|p1b: Pangoro|0 fnt\n|faint|p1b: Pangoro\n|move|p1a: Landorus|Knock Off|p2a: Hatterene\n|-damage|p2a: Hatterene|17\/100\n|\n|upkeep\n|\n|t:|1699499824\n|switch|p1b: Ursaluna|Ursaluna, F|100\/100\n|turn|3\n|\n|t:|1699499834\n|move|p1a: Landorus|Protect|p1a: Landorus\n|-singleturn|p1a: Landorus|Protect\n|move|p2b: Grimmsnarl|Parting Shot|p1a: Landorus\n|-activate|p1a: Landorus|move: Protect\n|move|p2a: Hatterene|Expanding Force|p1a: Landorus\n|-activate|p1a: Landorus|move: Protect\n|move|p1b: Ursaluna|Bulk Up|p1b: Ursaluna\n|-boost|p1b: Ursaluna|atk|1\n|-boost|p1b: Ursaluna|def|1\n|\n|-status|p1b: Ursaluna|brn|[from] item: Flame Orb\n|upkeep\n|turn|4\n|c|\u2606Prapple2|ruhroh\n|\n|t:|1699499849\n|move|p1b: Ursaluna|Protect|p1b: Ursaluna\n|-singleturn|p1b: Ursaluna|Protect\n|move|p2b: Grimmsnarl|Parting Shot|p1b: Ursaluna\n|-activate|p1b: Ursaluna|move: Protect\n|move|p2a: Hatterene|Expanding Force|p1b: Ursaluna\n|-activate|p1b: Ursaluna|move: Protect\n|move|p1a: Landorus|Knock Off|p2a: Hatterene\n|-damage|p2a: Hatterene|0 fnt\n|faint|p2a: Hatterene\n|\n|-damage|p1b: Ursaluna|94\/100 brn|[from] brn\n|upkeep\n|c|\u2606Prapple2|STOP\n|c|\u2606Prapple2|omg\n|\n|t:|1699499861\n|switch|p2a: Diancie|Diancie|100\/100\n|turn|5\n|\n|t:|1699499872\n|move|p2b: Grimmsnarl|Light Screen|p2b: Grimmsnarl\n|-sidestart|p2: Prapple2|move: Light Screen\n|move|p1b: Ursaluna|Earthquake|p2b: Grimmsnarl|[spread] p2a,p2b\n|-immune|p1a: Landorus\n|-supereffective|p2a: Diancie\n|-damage|p2a: Diancie|18\/100\n|-damage|p2b: Grimmsnarl|15\/100\n|move|p2a: Diancie|Diamond Storm|p1b: Ursaluna|[spread] p1a,p1b\n|-resisted|p1b: Ursaluna\n|-damage|p1a: Landorus|23\/100\n|-damage|p1b: Ursaluna|88\/100 brn\n|-boost|p2a: Diancie|def|2\n|move|p1a: Landorus|Knock Off|p2b: Grimmsnarl\n|-resisted|p2b: Grimmsnarl\n|-damage|p2b: Grimmsnarl|7\/100\n|-enditem|p2b: Grimmsnarl|Light Clay|[from] move: Knock Off|[of] p1a: Landorus\n|\n|-heal|p2a: Diancie|24\/100|[from] item: Leftovers\n|-damage|p1b: Ursaluna|82\/100 brn|[from] brn\n|-fieldend|move: Trick Room\n|upkeep\n|turn|6\n|\n|t:|1699499894\n|move|p2b: Grimmsnarl|Parting Shot|p1a: Landorus\n|-unboost|p1a: Landorus|atk|1\n|-unboost|p1a: Landorus|spa|1\n|\n|t:|1699499900\n|switch|p2b: Clefable|Clefable, M|100\/100|[from] Parting Shot\n|move|p1a: Landorus|Stomping Tantrum|p2a: Diancie\n|-supereffective|p2a: Diancie\n|-damage|p2a: Diancie|9\/100\n|move|p2a: Diancie|Body Press|p1b: Ursaluna\n|-supereffective|p1b: Ursaluna\n|-damage|p1b: Ursaluna|13\/100 brn\n|move|p1b: Ursaluna|Bulk Up|p1b: Ursaluna\n|-boost|p1b: Ursaluna|atk|1\n|-boost|p1b: Ursaluna|def|1\n|\n|-heal|p2a: Diancie|16\/100|[from] item: Leftovers\n|-damage|p1b: Ursaluna|7\/100 brn|[from] brn\n|upkeep\n|turn|7\n|\n|t:|1699499915\n|move|p1a: Landorus|Stomping Tantrum|p2a: Diancie\n|-supereffective|p2a: Diancie\n|-damage|p2a: Diancie|1\/100\n|move|p2b: Clefable|Soft-Boiled||[still]\n|-fail|p2b: Clefable|heal\n|move|p2a: Diancie|Diamond Storm|p1b: Ursaluna|[spread] p1a,p1b\n|-resisted|p1b: Ursaluna\n|-damage|p1a: Landorus|0 fnt\n|-damage|p1b: Ursaluna|3\/100 brn\n|-boost|p2a: Diancie|def|2\n|faint|p1a: Landorus\n|move|p1b: Ursaluna|Earthquake|p2b: Clefable|[spread] p2a,p2b\n|-supereffective|p2a: Diancie\n|-crit|p2a: Diancie\n|-damage|p2a: Diancie|0 fnt\n|-damage|p2b: Clefable|45\/100\n|faint|p2a: Diancie\n|\n|-heal|p2b: Clefable|52\/100|[from] item: Leftovers\n|-damage|p1b: Ursaluna|0 fnt|[from] brn\n|faint|p1b: Ursaluna\n|upkeep\n|c|\u2606Prapple2|wrong button\n|\n|t:|1699499934\n|switch|p1a: Sandy Shocks|Sandy Shocks|100\/100\n|switch|p2a: Tapu Lele|Tapu Lele|100\/100\n|switch|p1b: Kommo-o|Kommo-o, M|100\/100\n|-fieldstart|move: Psychic Terrain|[from] ability: Psychic Surge|[of] p2a: Tapu Lele\n|-enditem|p1a: Sandy Shocks|Booster Energy\n|-activate|p1a: Sandy Shocks|ability: Protosynthesis|[fromitem]\n|-start|p1a: Sandy Shocks|protosynthesisspa\n|turn|8\n|\n|t:|1699499952\n|move|p2b: Clefable|Follow Me|p2b: Clefable\n|-singleturn|p2b: Clefable|move: Follow Me\n|move|p1a: Sandy Shocks|Thunderbolt|p2b: Clefable\n|-damage|p2b: Clefable|25\/100\n|move|p1b: Kommo-o|Clangorous Soul|p1b: Kommo-o\n|-boost|p1b: Kommo-o|atk|1\n|-boost|p1b: Kommo-o|def|1\n|-boost|p1b: Kommo-o|spa|1\n|-boost|p1b: Kommo-o|spd|1\n|-boost|p1b: Kommo-o|spe|1\n|-damage|p1b: Kommo-o|68\/100\n|move|p2a: Tapu Lele|Dazzling Gleam|p1b: Kommo-o|[spread] p1a,p1b\n|-supereffective|p1b: Kommo-o\n|-damage|p1a: Sandy Shocks|42\/100\n|-damage|p1b: Kommo-o|0 fnt\n|faint|p1b: Kommo-o\n|-damage|p2a: Tapu Lele|91\/100|[from] item: Life Orb\n|\n|-heal|p2b: Clefable|31\/100|[from] item: Leftovers\n|upkeep\n|\n|t:|1699499954\n|switch|p1b: Kingambit|Kingambit, M|100\/100\n|-activate|p1b: Kingambit|ability: Supreme Overlord\n|-start|p1b: Kingambit|fallen4|[silent]\n|turn|9\n|\n|t:|1699499976\n|move|p1a: Sandy Shocks|Protect|p1a: Sandy Shocks\n|-singleturn|p1a: Sandy Shocks|Protect\n|move|p2b: Clefable|Follow Me|p2b: Clefable\n|-singleturn|p2b: Clefable|move: Follow Me\n|move|p2a: Tapu Lele|Dazzling Gleam|p1b: Kingambit|[spread] p1b\n|-activate|p1a: Sandy Shocks|move: Protect\n|-damage|p1b: Kingambit|57\/100\n|-damage|p2a: Tapu Lele|81\/100|[from] item: Life Orb\n|move|p1b: Kingambit|Iron Head|p2b: Clefable\n|-supereffective|p2b: Clefable\n|-damage|p2b: Clefable|0 fnt\n|faint|p2b: Clefable\n|\n|-sideend|p2: Prapple2|Reflect\n|upkeep\n|\n|t:|1699499985\n|switch|p2b: Grimmsnarl|Grimmsnarl, M|7\/100\n|turn|10\n|\n|t:|1699499991\n|move|p2b: Grimmsnarl|Reflect|p2b: Grimmsnarl\n|-sidestart|p2: Prapple2|Reflect\n|move|p1a: Sandy Shocks|Thunderbolt|p2b: Grimmsnarl\n|-damage|p2b: Grimmsnarl|0 fnt\n|faint|p2b: Grimmsnarl\n|move|p2a: Tapu Lele|Dazzling Gleam|p1a: Sandy Shocks|[spread] p1a,p1b\n|-damage|p1a: Sandy Shocks|0 fnt\n|-damage|p1b: Kingambit|12\/100\n|faint|p1a: Sandy Shocks\n|-end|p1a: Sandy Shocks|Protosynthesis|[silent]\n|-damage|p2a: Tapu Lele|71\/100|[from] item: Life Orb\n|move|p1b: Kingambit|Iron Head|p2a: Tapu Lele\n|-supereffective|p2a: Tapu Lele\n|-damage|p2a: Tapu Lele|0 fnt\n|faint|p2a: Tapu Lele\n|\n|upkeep\n|\n|t:|1699500000\n|switch|p2b: Mawile|Mawile, M|100\/100\n|-ability|p2b: Mawile|Intimidate|boost\n|-unboost|p1b: Kingambit|atk|1\n|turn|11\n|c|\u2606Mokaccino333|that was somehow close\n|\n|t:|1699500008\n|detailschange|p2b: Mawile|Mawile-Mega, M\n|-mega|p2b: Mawile|Mawile|Mawilite\n|move|p2b: Mawile|Fire Fang|p1b: Kingambit\n|-supereffective|p1b: Kingambit\n|-damage|p1b: Kingambit|0 fnt\n|faint|p1b: Kingambit\n|-end|p1b: Kingambit|fallen4|[silent]\n|\n|win|Prapple2\n|c|\u2606Mokaccino333|you win here tho\n|c|\u2606Prapple2|right\n|c|\u2606Mokaccino333|ok coutner time\n|c|\u2606Prapple2|fairy op\n|c|\u2606Prapple2|i think\n|l|\u2606Mokaccino333\n","uploadtime":1699500039,"views":7,"p1id":"mokaccino333","p2id":"prapple2","formatid":"gen9nationaldexdoubles","rating":0,"private":0,"password":""}