{"id":"gen9nationaldexdoubles-1990711491","p1":"kilgoretrout07","p2":"lxvliiz","format":"[Gen 9] National Dex Doubles","log":"|j|\u2606kilgoretrout07\n|j|\u2606lxvliiz\n|t:|1699993898\n|gametype|doubles\n|player|p1|kilgoretrout07|skyla|1043\n|player|p2|lxvliiz|guitarist|1167\n|teamsize|p1|6\n|teamsize|p2|6\n|gen|9\n|tier|[Gen 9] National Dex Doubles\n|rated|\n|rule|HP Percentage Mod: HP is shown in percentages\n|rule|Endless Battle Clause: Forcing endless battles is banned\n|rule|OHKO Clause: OHKO moves are banned\n|rule|Evasion Moves Clause: Evasion moves are banned\n|rule|Evasion Abilities Clause: Evasion abilities are banned\n|rule|Species Clause: Limit one of each Pok\u00e9mon\n|rule|Gravity Sleep Clause: The combination of sleep-inducing moves with imperfect accuracy and Gravity or Gigantamax Orbeetle are banned\n|clearpoke\n|poke|p1|Cresselia, F|\n|poke|p1|Ampharos, M|\n|poke|p1|Iron Hands|\n|poke|p1|Ursaluna, F|\n|poke|p1|Dragonite, M|\n|poke|p1|Kommo-o, M|\n|poke|p2|Torkoal, M|\n|poke|p2|Charizard, M|\n|poke|p2|Rotom-Heat|\n|poke|p2|Heatran, M|\n|poke|p2|Iron Moth|\n|poke|p2|Flareon, F|\n|teampreview\n|c|\u2606lxvliiz|hi\n|\n|t:|1699993909\n|start\n|switch|p1a: Cresselia|Cresselia, F, shiny|100\/100\n|switch|p1b: Iron Hands|Iron Hands|100\/100\n|switch|p2a: Iron Moth|Iron Moth|100\/100\n|switch|p2b: Heatran|Heatran, M|100\/100\n|-enditem|p2a: Iron Moth|Booster Energy\n|-activate|p2a: Iron Moth|ability: Quark Drive|[fromitem]\n|-start|p2a: Iron Moth|quarkdrivespa\n|turn|1\n|c|\u2606kilgoretrout07|hello\n|\n|t:|1699993930\n|-terastallize|p2b: Heatran|Fire\n|move|p2a: Iron Moth|Fiery Dance|p2b: Heatran\n|-start|p2b: Heatran|ability: Flash Fire\n|move|p2b: Heatran|Eruption|p1b: Iron Hands|[spread] p1a,p1b\n|-damage|p1a: Cresselia|6\/100\n|-damage|p1b: Iron Hands|16\/100\n|move|p1b: Iron Hands|Thunder Punch|p2b: Heatran\n|-damage|p2b: Heatran|51\/100\n|move|p1a: Cresselia|Trick Room|p1a: Cresselia\n|-fieldstart|move: Trick Room|[of] p1a: Cresselia\n|\n|upkeep\n|turn|2\n|c|\u2606lxvliiz|damn i was hoping not to find a trick room team \ud83d\ude14\n|\n|t:|1699993962\n|-singleturn|p1b: Iron Hands|move: Focus Punch\n|move|p1a: Cresselia|Moonblast|p2a: Iron Moth\n|-resisted|p2a: Iron Moth\n|-damage|p2a: Iron Moth|97\/100\n|move|p2b: Heatran|Eruption|p1b: Iron Hands|[spread] p1a,p1b\n|-damage|p1a: Cresselia|0 fnt\n|-damage|p1b: Iron Hands|0 fnt\n|faint|p1a: Cresselia\n|faint|p1b: Iron Hands\n|-end|p1b: Iron Hands|Quark Drive|[silent]\n|move|p2a: Iron Moth|Fiery Dance|p1: Cresselia|[notarget]\n|-fail|p2a: Iron Moth\n|\n|upkeep\n|\n|t:|1699993974\n|switch|p1b: Ursaluna|Ursaluna, F, shiny|100\/100\n|switch|p1a: Ampharos|Ampharos, M, shiny|100\/100\n|turn|3\n|\n|t:|1699993988\n|detailschange|p1a: Ampharos|Ampharos-Mega, M, shiny\n|-mega|p1a: Ampharos|Ampharos|Ampharosite\n|-ability|p1a: Ampharos|Mold Breaker\n|move|p1b: Ursaluna|Protect|p1b: Ursaluna\n|-singleturn|p1b: Ursaluna|Protect\n|move|p1a: Ampharos|Focus Blast|p2b: Heatran\n|-damage|p2b: Heatran|0 fnt\n|faint|p2b: Heatran\n|move|p2a: Iron Moth|Energy Ball|p1b: Ursaluna\n|-activate|p1b: Ursaluna|move: Protect\n|\n|-status|p1b: Ursaluna|brn|[from] item: Flame Orb\n|upkeep\n|\n|t:|1699993999\n|switch|p2b: Torkoal|Torkoal, M|100\/100\n|-weather|SunnyDay|[from] ability: Drought|[of] p2b: Torkoal\n|turn|4\n|\n|t:|1699994011\n|move|p2b: Torkoal|Eruption|p1b: Ursaluna|[spread] p1a,p1b\n|-resisted|p1a: Ampharos\n|-damage|p1a: Ampharos|63\/100\n|-damage|p1b: Ursaluna|21\/100 brn\n|move|p1a: Ampharos|Thunder|p2b: Torkoal\n|-damage|p2b: Torkoal|4\/100\n|move|p1b: Ursaluna|Facade|p2a: Iron Moth\n|-damage|p2a: Iron Moth|0 fnt\n|faint|p2a: Iron Moth\n|-end|p2a: Iron Moth|Quark Drive|[silent]\n|\n|-weather|SunnyDay|[upkeep]\n|-damage|p1b: Ursaluna|15\/100 brn|[from] brn\n|upkeep\n|\n|t:|1699994026\n|switch|p2a: Rotom|Rotom-Heat|100\/100\n|turn|5\n|\n|t:|1699994048\n|switch|p1b: Dragonite|Dragonite, M|100\/100\n|move|p2b: Torkoal|Eruption|p1b: Dragonite|[spread] p1a,p1b\n|-resisted|p1a: Ampharos\n|-resisted|p1b: Dragonite\n|-damage|p1a: Ampharos|62\/100\n|-damage|p1b: Dragonite|99\/100\n|move|p1a: Ampharos|Focus Blast|p2a: Rotom\n|-damage|p2a: Rotom|30\/100\n|move|p2a: Rotom|Overheat|p1b: Dragonite\n|-resisted|p1b: Dragonite\n|-damage|p1b: Dragonite|59\/100\n|-unboost|p2a: Rotom|spa|2\n|\n|-weather|SunnyDay|[upkeep]\n|-fieldend|move: Trick Room\n|upkeep\n|turn|6\n|\n|t:|1699994068\n|move|p1b: Dragonite|Extreme Speed|p2a: Rotom\n|-damage|p2a: Rotom|0 fnt\n|faint|p2a: Rotom\n|move|p1a: Ampharos|Volt Switch|p2b: Torkoal\n|-damage|p2b: Torkoal|0 fnt\n|faint|p2b: Torkoal\n|\n|t:|1699994080\n|switch|p1a: Kommo-o|Kommo-o, M, shiny|100\/100|[from] Volt Switch\n|\n|-weather|SunnyDay|[upkeep]\n|upkeep\n|\n|t:|1699994082\n|switch|p2a: Charizard|Charizard, M|100\/100\n|switch|p2b: Flareon|Flareon, F|100\/100\n|turn|7\n|\n|t:|1699994102\n|detailschange|p2a: Charizard|Charizard-Mega-Y, M\n|-mega|p2a: Charizard|Charizard|Charizardite Y\n|move|p1b: Dragonite|Extreme Speed|p2b: Flareon\n|-damage|p2b: Flareon|6\/100\n|move|p2b: Flareon|Flame Charge|p1a: Kommo-o\n|-resisted|p1a: Kommo-o\n|-damage|p1a: Kommo-o|86\/100\n|-boost|p2b: Flareon|spe|1\n|move|p2a: Charizard|Weather Ball|p1b: Dragonite\n|-resisted|p1b: Dragonite\n|-crit|p1b: Dragonite\n|-damage|p1b: Dragonite|0 fnt\n|faint|p1b: Dragonite\n|move|p1a: Kommo-o|Clanging Scales|p2b: Flareon|[spread] p2a,p2b\n|-damage|p2a: Charizard|76\/100\n|-damage|p2b: Flareon|0 fnt\n|faint|p2b: Flareon\n|-unboost|p1a: Kommo-o|def|1\n|\n|-weather|SunnyDay|[upkeep]\n|upkeep\n|\n|t:|1699994122\n|switch|p1b: Ampharos|Ampharos-Mega, M, shiny|62\/100\n|-ability|p1b: Ampharos|Mold Breaker\n|turn|8\n|\n|t:|1699994157\n|move|p2a: Charizard|Flamethrower|p1a: Kommo-o\n|-resisted|p1a: Kommo-o\n|-damage|p1a: Kommo-o|35\/100\n|move|p1a: Kommo-o|Clangorous Soul|p1a: Kommo-o\n|-boost|p1a: Kommo-o|atk|1\n|-boost|p1a: Kommo-o|def|1\n|-boost|p1a: Kommo-o|spa|1\n|-boost|p1a: Kommo-o|spd|1\n|-boost|p1a: Kommo-o|spe|1\n|-damage|p1a: Kommo-o|2\/100\n|move|p1b: Ampharos|Thunder|p2a: Charizard|[miss]\n|-miss|p1b: Ampharos|p2a: Charizard\n|\n|-weather|none\n|upkeep\n|turn|9\n|\n|t:|1699994175\n|move|p1a: Kommo-o|Boomburst|p2a: Charizard|[spread] p1b,p2a\n|-damage|p1b: Ampharos|35\/100\n|-damage|p2a: Charizard|45\/100\n|move|p2a: Charizard|Weather Ball|p1b: Ampharos\n|-damage|p1b: Ampharos|18\/100\n|move|p1b: Ampharos|Focus Blast|p2a: Charizard|[miss]\n|-miss|p1b: Ampharos|p2a: Charizard\n|\n|upkeep\n|turn|10\n|\n|t:|1699994188\n|switch|p1a: Ursaluna|Ursaluna, F, shiny|15\/100 brn\n|move|p2a: Charizard|Flamethrower|p1b: Ampharos\n|-resisted|p1b: Ampharos\n|-damage|p1b: Ampharos|0 fnt\n|faint|p1b: Ampharos\n|\n|-damage|p1a: Ursaluna|8\/100 brn|[from] brn\n|upkeep\n|\n|t:|1699994197\n|switch|p1b: Kommo-o|Kommo-o, M, shiny|2\/100\n|turn|11\n|\n|t:|1699994207\n|move|p2a: Charizard|Flamethrower|p1a: Ursaluna\n|-damage|p1a: Ursaluna|0 fnt\n|faint|p1a: Ursaluna\n|move|p1b: Kommo-o|Boomburst|p2a: Charizard\n|-damage|p2a: Charizard|18\/100\n|\n|upkeep\n|turn|12\n|\n|t:|1699994216\n|move|p2a: Charizard|Flamethrower|p1b: Kommo-o\n|-resisted|p1b: Kommo-o\n|-damage|p1b: Kommo-o|0 fnt\n|faint|p1b: Kommo-o\n|\n|win|lxvliiz\n|raw|kilgoretrout07's rating: 1043 &rarr; <strong>1032<\/strong><br \/>(-11 for losing)\n|raw|lxvliiz's rating: 1167 &rarr; <strong>1183<\/strong><br \/>(+16 for winning)\n|c|\u2606lxvliiz|gg\n|c|\u2606lxvliiz|close game\n|c|\u2606kilgoretrout07|gg\n","uploadtime":1699994228,"views":4,"p1id":"kilgoretrout07","p2id":"lxvliiz","formatid":"gen9nationaldexdoubles","rating":1032,"private":0,"password":""}