{"id":"gen9nationaldexdoubles-1983560834","p1":"Lider Fabrizio","p2":"sabertooth290","format":"[Gen 9] National Dex Doubles","log":"|j|\u2606Lider Fabrizio\n|j|\u2606sabertooth290\n|t:|1699143527\n|gametype|doubles\n|player|p1|Lider Fabrizio|florian-bb|1268\n|player|p2|sabertooth290|clay|1187\n|teamsize|p1|6\n|teamsize|p2|6\n|gen|9\n|tier|[Gen 9] National Dex Doubles\n|rated|\n|rule|HP Percentage Mod: HP is shown in percentages\n|rule|Endless Battle Clause: Forcing endless battles is banned\n|rule|OHKO Clause: OHKO moves are banned\n|rule|Evasion Moves Clause: Evasion moves are banned\n|rule|Evasion Abilities Clause: Evasion abilities are banned\n|rule|Species Clause: Limit one of each Pok\u00e9mon\n|rule|Gravity Sleep Clause: The combination of sleep-inducing moves with imperfect accuracy and Gravity or Gigantamax Orbeetle are banned\n|clearpoke\n|poke|p1|Indeedee-F, F|\n|poke|p1|Alakazam, M|\n|poke|p1|Clefairy, F|\n|poke|p1|Grimmsnarl, M|\n|poke|p1|Chi-Yu|\n|poke|p1|Gastrodon, F|\n|poke|p2|Pelipper, M|\n|poke|p2|Ludicolo, M|\n|poke|p2|Thundurus-Therian, M|\n|poke|p2|Walking Wake|\n|poke|p2|Kommo-o, M|\n|poke|p2|Barraskewda, F|\n|teampreview\n|inactive|Battle timer is ON: inactive players will automatically lose when time's up. (requested by sabertooth290)\n|\n|t:|1699143539\n|start\n|switch|p1a: Grimmsnarl|Grimmsnarl, M|100\/100\n|switch|p1b: Gastrodon|Gastrodon, F|100\/100\n|switch|p2a: Pelipper|Pelipper, M|100\/100\n|switch|p2b: Ludicolo|Ludicolo, M|100\/100\n|-weather|RainDance|[from] ability: Drizzle|[of] p2a: Pelipper\n|turn|1\n|\n|t:|1699143561\n|switch|p1b: Clefairy|Clefairy, F|100\/100\n|move|p1a: Grimmsnarl|Light Screen|p1a: Grimmsnarl\n|-sidestart|p1: Lider Fabrizio|move: Light Screen\n|move|p2b: Ludicolo|Giga Drain|p1b: Clefairy\n|-damage|p1b: Clefairy|90\/100\n|move|p2a: Pelipper|U-turn|p2b: Ludicolo\n|-supereffective|p2b: Ludicolo\n|-damage|p2b: Ludicolo|79\/100\n|-enditem|p2b: Ludicolo|Weakness Policy\n|-boost|p2b: Ludicolo|atk|2|[from] item: Weakness Policy\n|-boost|p2b: Ludicolo|spa|2|[from] item: Weakness Policy\n|\n|t:|1699143576\n|switch|p2a: Barraskewda|Barraskewda, F|100\/100|[from] U-turn\n|\n|-weather|RainDance|[upkeep]\n|upkeep\n|turn|2\n|\n|t:|1699143588\n|move|p1a: Grimmsnarl|Reflect|p1a: Grimmsnarl\n|-sidestart|p1: Lider Fabrizio|Reflect\n|move|p2a: Barraskewda|Liquidation|p1b: Clefairy\n|-damage|p1b: Clefairy|2\/100\n|move|p2b: Ludicolo|Knock Off|p1a: Grimmsnarl\n|-resisted|p1a: Grimmsnarl\n|-damage|p1a: Grimmsnarl|95\/100\n|-enditem|p1a: Grimmsnarl|Light Clay|[from] move: Knock Off|[of] p2b: Ludicolo\n|move|p1b: Clefairy|Soft-Boiled|p1b: Clefairy\n|-heal|p1b: Clefairy|52\/100\n|\n|-weather|RainDance|[upkeep]\n|upkeep\n|turn|3\n|\n|t:|1699143606\n|move|p1b: Clefairy|Follow Me|p1b: Clefairy\n|-singleturn|p1b: Clefairy|move: Follow Me\n|move|p1a: Grimmsnarl|Parting Shot|p2b: Ludicolo\n|-unboost|p2b: Ludicolo|atk|1\n|-unboost|p2b: Ludicolo|spa|1\n|\n|t:|1699143620\n|switch|p1a: Gastrodon|Gastrodon, F|100\/100|[from] Parting Shot\n|move|p2a: Barraskewda|Liquidation|p1b: Clefairy\n|-damage|p1b: Clefairy|0 fnt\n|faint|p1b: Clefairy\n|move|p2b: Ludicolo|Giga Drain|p1a: Gastrodon\n|-supereffective|p1a: Gastrodon\n|-enditem|p1a: Gastrodon|Rindo Berry|[eat]\n|-enditem|p1a: Gastrodon|Rindo Berry|[weaken]\n|-damage|p1a: Gastrodon|61\/100\n|-heal|p2b: Ludicolo|100\/100|[from] drain|[of] p1a: Gastrodon\n|\n|-weather|RainDance|[upkeep]\n|upkeep\n|\n|t:|1699143635\n|switch|p1b: Grimmsnarl|Grimmsnarl, M|95\/100\n|turn|4\n|\n|t:|1699143653\n|-terastallize|p2b: Ludicolo|Dark\n|move|p1b: Grimmsnarl|Parting Shot|p2b: Ludicolo\n|-hint|Since gen 7, Dark is immune to Prankster moves.\n|-immune|p2b: Ludicolo\n|move|p2a: Barraskewda|Liquidation|p1a: Gastrodon\n|-activate|p1a: Gastrodon|ability: Storm Drain\n|-ability|p1a: Gastrodon|Storm Drain|boost\n|-boost|p1a: Gastrodon|spa|1\n|move|p2b: Ludicolo|Giga Drain|p1a: Gastrodon\n|-supereffective|p1a: Gastrodon\n|-damage|p1a: Gastrodon|0 fnt\n|faint|p1a: Gastrodon\n|\n|-weather|RainDance|[upkeep]\n|upkeep\n|\n|t:|1699143672\n|switch|p1a: Indeedee|Indeedee-F, F|100\/100\n|-fieldstart|move: Psychic Terrain|[from] ability: Psychic Surge|[of] p1a: Indeedee\n|turn|5\n|\n|t:|1699143685\n|move|p2a: Barraskewda|Liquidation|p1a: Indeedee\n|-enditem|p1a: Indeedee|Focus Sash\n|-damage|p1a: Indeedee|1\/100\n|move|p2b: Ludicolo|Knock Off|p1a: Indeedee\n|-supereffective|p1a: Indeedee\n|-damage|p1a: Indeedee|0 fnt\n|faint|p1a: Indeedee\n|move|p1b: Grimmsnarl|Darkest Lariat|p2a: Barraskewda\n|-damage|p2a: Barraskewda|33\/100\n|\n|-weather|none\n|upkeep\n|\n|t:|1699143696\n|switch|p1a: Alakazam|Alakazam, M|100\/100\n|turn|6\n|\n|t:|1699143703\n|switch|p2a: Pelipper|Pelipper, M|100\/100\n|-weather|RainDance|[from] ability: Drizzle|[of] p2a: Pelipper\n|detailschange|p1a: Alakazam|Alakazam-Mega, M\n|-mega|p1a: Alakazam|Alakazam|Alakazite\n|-ability|p1a: Alakazam|Swift Swim|[from] ability: Trace|[of] p2b: Ludicolo\n|move|p1b: Grimmsnarl|Parting Shot|p2a: Pelipper\n|-unboost|p2a: Pelipper|atk|1\n|-unboost|p2a: Pelipper|spa|1\n|\n|t:|1699143707\n|switch|p1b: Chi-Yu|Chi-Yu|100\/100|[from] Parting Shot\n|-ability|p1b: Chi-Yu|Beads of Ruin\n|move|p1a: Alakazam|Dazzling Gleam|p2b: Ludicolo|[spread] p2a,p2b\n|-supereffective|p2b: Ludicolo\n|-damage|p2a: Pelipper|55\/100\n|-damage|p2b: Ludicolo|37\/100\n|move|p2b: Ludicolo|Knock Off|p1a: Alakazam\n|-supereffective|p1a: Alakazam\n|-damage|p1a: Alakazam|30\/100\n|\n|-weather|RainDance|[upkeep]\n|upkeep\n|turn|7\n|inactive|sabertooth290 has 120 seconds left.\n|\n|t:|1699143745\n|move|p1a: Alakazam|Dazzling Gleam|p2a: Pelipper|[spread] p2a,p2b\n|-supereffective|p2b: Ludicolo\n|-crit|p2b: Ludicolo\n|-damage|p2a: Pelipper|9\/100\n|-damage|p2b: Ludicolo|0 fnt\n|faint|p2b: Ludicolo\n|move|p1b: Chi-Yu|Dark Pulse|p2a: Pelipper\n|-damage|p2a: Pelipper|0 fnt\n|faint|p2a: Pelipper\n|\n|-weather|RainDance|[upkeep]\n|upkeep\n|\n|t:|1699143750\n|switch|p2b: Barraskewda|Barraskewda, F|33\/100\n|switch|p2a: Thundurus|Thundurus-Therian, M|100\/100\n|turn|8\n|\n|t:|1699143758\n|move|p1a: Alakazam|Expanding Force|p2b: Barraskewda|[spread] p2a,p2b\n|-damage|p2a: Thundurus|0 fnt\n|-damage|p2b: Barraskewda|0 fnt\n|faint|p2a: Thundurus\n|faint|p2b: Barraskewda\n|move|p1b: Chi-Yu|Dark Pulse|p2: Thundurus|[notarget]\n|-fail|p1b: Chi-Yu\n|\n|-weather|RainDance|[upkeep]\n|-sideend|p1: Lider Fabrizio|move: Light Screen\n|upkeep\n|\n|t:|1699143765\n|switch|p2b: Kommo-o|Kommo-o, M|100\/100\n|switch|p2a: Walking Wake|Walking Wake|100\/100\n|turn|9\n|\n|t:|1699143775\n|move|p1a: Alakazam|Expanding Force|p2a: Walking Wake|[spread] p2a,p2b\n|-supereffective|p2b: Kommo-o\n|-damage|p2a: Walking Wake|0 fnt\n|-damage|p2b: Kommo-o|0 fnt\n|faint|p2a: Walking Wake\n|-end|p2a: Walking Wake|Protosynthesis|[silent]\n|faint|p2b: Kommo-o\n|\n|win|Lider Fabrizio\n|raw|Lider Fabrizio's rating: 1268 &rarr; <strong>1287<\/strong><br \/>(+19 for winning)\n|raw|sabertooth290's rating: 1187 &rarr; <strong>1168<\/strong><br \/>(-19 for losing)\n|l|\u2606sabertooth290\n","uploadtime":1699143845,"views":13,"p1id":"liderfabrizio","p2id":"sabertooth290","formatid":"gen9nationaldexdoubles","rating":1168,"private":0,"password":""}