{"id":"gen9nationaldexdoubles-1947381962","p1":"Cyberblu22","p2":"UserJexx","format":"[Gen 9] National Dex Doubles","log":"|j|\u2606Cyberblu22\n|j|\u2606UserJexx\n|t:|1695155878\n|gametype|doubles\n|player|p1|Cyberblu22|hilbert|1094\n|player|p2|UserJexx|169|1024\n|teamsize|p1|6\n|teamsize|p2|6\n|gen|9\n|tier|[Gen 9] National Dex Doubles\n|rated|\n|rule|HP Percentage Mod: HP is shown in percentages\n|rule|Endless Battle Clause: Forcing endless battles is banned\n|rule|OHKO Clause: OHKO moves are banned\n|rule|Evasion Moves Clause: Evasion moves are banned\n|rule|Evasion Abilities Clause: Evasion abilities are banned\n|rule|Species Clause: Limit one of each Pok\u00e9mon\n|rule|Gravity Sleep Clause: The combination of sleep-inducing moves with imperfect accuracy and Gravity or Gigantamax Orbeetle are banned\n|clearpoke\n|poke|p1|Chi-Yu|\n|poke|p1|Regieleki|\n|poke|p1|Torkoal, M|\n|poke|p1|Togekiss, F|\n|poke|p1|Walking Wake|\n|poke|p1|Sneasler, F|\n|poke|p2|Mew|\n|poke|p2|Smeargle, M|\n|poke|p2|Ditto|\n|poke|p2|Sinistcha|\n|poke|p2|Grimmsnarl, M|\n|poke|p2|Ninetales-Alola, F|\n|teampreview\n|l|\u2606UserJexx\n|player|p2|\n|inactive|Battle timer is ON: inactive players will automatically lose when time's up. (requested by Cyberblu22)\n|j|\u2606UserJexx\n|inactive|UserJexx reconnected and has 130 seconds left.\n|player|p2|UserJexx|169\n|inactive|Cyberblu22 has 120 seconds left.\n|\n|t:|1695155922\n|start\n|switch|p1a: Sneasler|Sneasler, F|100\/100\n|switch|p1b: Togekiss|Togekiss, F|100\/100\n|switch|p2a: Grimmsnarl|Grimmsnarl, M|100\/100\n|switch|p2b: Ninetales|Ninetales-Alola, F|100\/100\n|-weather|Snow|[from] ability: Snow Warning|[of] p2b: Ninetales\n|turn|1\n|\n|t:|1695155937\n|move|p2a: Grimmsnarl|Reflect|p2a: Grimmsnarl\n|-sidestart|p2: UserJexx|Reflect\n|move|p1a: Sneasler|Dire Claw|p2a: Grimmsnarl\n|-supereffective|p2a: Grimmsnarl\n|-damage|p2a: Grimmsnarl|32\/100\n|-status|p2a: Grimmsnarl|slp\n|move|p2b: Ninetales|Aurora Veil|p2b: Ninetales\n|-sidestart|p2: UserJexx|move: Aurora Veil\n|move|p1b: Togekiss|Thunder Wave|p2b: Ninetales\n|-status|p2b: Ninetales|par\n|\n|-weather|Snow|[upkeep]\n|upkeep\n|turn|2\n|\n|t:|1695155956\n|move|p1b: Togekiss|Follow Me|p1b: Togekiss\n|-singleturn|p1b: Togekiss|move: Follow Me\n|cant|p2a: Grimmsnarl|slp\n|move|p1a: Sneasler|Dire Claw|p2a: Grimmsnarl\n|-supereffective|p2a: Grimmsnarl\n|-damage|p2a: Grimmsnarl|0 fnt\n|faint|p2a: Grimmsnarl\n|move|p2b: Ninetales|Calm Mind|p2b: Ninetales\n|-boost|p2b: Ninetales|spa|1\n|-boost|p2b: Ninetales|spd|1\n|\n|-weather|Snow|[upkeep]\n|upkeep\n|\n|t:|1695155970\n|switch|p2a: Mew|Mew|100\/100\n|turn|3\n|\n|t:|1695155976\n|move|p1b: Togekiss|Follow Me|p1b: Togekiss\n|-singleturn|p1b: Togekiss|move: Follow Me\n|move|p2a: Mew|Transform|p1b: Togekiss\n|-transform|p2a: Mew|p1b: Togekiss\n|move|p1a: Sneasler|Dire Claw|p2b: Ninetales\n|-supereffective|p2b: Ninetales\n|-damage|p2b: Ninetales|52\/100 par\n|cant|p2b: Ninetales|par\n|\n|-weather|Snow|[upkeep]\n|upkeep\n|turn|4\n|\n|t:|1695155995\n|move|p1a: Sneasler|Rock Slide|p2a: Mew|[spread] p2a,p2b\n|-supereffective|p2a: Mew\n|-supereffective|p2b: Ninetales\n|-damage|p2a: Mew|76\/100\n|-damage|p2b: Ninetales|32\/100 par\n|cant|p2a: Mew|flinch\n|move|p1b: Togekiss|Thunder Wave|p2a: Mew\n|-status|p2a: Mew|par\n|move|p2b: Ninetales|Baton Pass|p2b: Ninetales\n|\n|t:|1695156010\n|switch|p2b: Ditto|Ditto|100\/100|[from] Baton Pass\n|-transform|p2b: Ditto|p1a: Sneasler|[from] ability: Imposter\n|\n|-weather|Snow|[upkeep]\n|upkeep\n|turn|5\n|\n|t:|1695156024\n|move|p2b: Ditto|Dire Claw|p1a: Sneasler\n|-resisted|p1a: Sneasler\n|-damage|p1a: Sneasler|66\/100\n|move|p1a: Sneasler|Swords Dance|p1a: Sneasler\n|-boost|p1a: Sneasler|atk|2\n|move|p1b: Togekiss|Thunder Wave|p2b: Ditto\n|-status|p2b: Ditto|par\n|move|p2a: Mew|Thunder Wave|p1a: Sneasler\n|-status|p1a: Sneasler|par\n|\n|-weather|none\n|upkeep\n|turn|6\n|\n|t:|1695156043\n|move|p1b: Togekiss|Follow Me|p1b: Togekiss\n|-singleturn|p1b: Togekiss|move: Follow Me\n|move|p2b: Ditto|Dire Claw|p1b: Togekiss\n|-supereffective|p1b: Togekiss\n|-damage|p1b: Togekiss|17\/100\n|-status|p1b: Togekiss|slp\n|move|p1a: Sneasler|Rock Slide|p2b: Ditto|[spread] p2a,p2b\n|-supereffective|p2a: Mew\n|-resisted|p2b: Ditto\n|-damage|p2a: Mew|30\/100 par\n|-damage|p2b: Ditto|78\/100 par\n|cant|p2a: Mew|par\n|\n|upkeep\n|turn|7\n|\n|t:|1695156060\n|switch|p2a: Smeargle|Smeargle, M|100\/100\n|move|p2b: Ditto|Dire Claw|p1a: Sneasler\n|-resisted|p1a: Sneasler\n|-damage|p1a: Sneasler|33\/100 par\n|cant|p1b: Togekiss|slp\n|move|p1a: Sneasler|Rock Slide|p2a: Smeargle|[spread] p2a,p2b\n|-resisted|p2b: Ditto\n|-damage|p2a: Smeargle|24\/100\n|-damage|p2b: Ditto|57\/100 par\n|\n|upkeep\n|turn|8\n|\n|t:|1695156075\n|move|p2a: Smeargle|Transform|p1a: Sneasler\n|-transform|p2a: Smeargle|p1a: Sneasler\n|move|p2b: Ditto|Dire Claw|p1a: Sneasler\n|-resisted|p1a: Sneasler\n|-damage|p1a: Sneasler|0 fnt\n|faint|p1a: Sneasler\n|cant|p1b: Togekiss|slp\n|\n|-sideend|p2: UserJexx|Reflect\n|-sideend|p2: UserJexx|move: Aurora Veil\n|upkeep\n|inactive|Cyberblu22 has 120 seconds left.\n|\n|t:|1695156100\n|switch|p1a: Regieleki|Regieleki|100\/100\n|turn|9\n|\n|t:|1695156110\n|move|p2a: Smeargle|Dire Claw|p1a: Regieleki\n|-damage|p1a: Regieleki|0 fnt\n|faint|p1a: Regieleki\n|move|p2b: Ditto|Dire Claw|p1b: Togekiss\n|-supereffective|p1b: Togekiss\n|-crit|p1b: Togekiss\n|-damage|p1b: Togekiss|0 fnt\n|faint|p1b: Togekiss\n|\n|upkeep\n|\n|t:|1695156122\n|switch|p1a: Chi-Yu|Chi-Yu|100\/100\n|switch|p1b: Torkoal|Torkoal, M|100\/100\n|-ability|p1a: Chi-Yu|Beads of Ruin\n|-weather|SunnyDay|[from] ability: Drought|[of] p1b: Torkoal\n|turn|10\n|\n|t:|1695156136\n|switch|p2b: Sinistcha|Sinistcha|100\/100\n|-heal|p2a: Smeargle|49\/100|[from] ability: Hospitality|[of] p2b: Sinistcha\n|-terastallize|p1a: Chi-Yu|Fire\n|move|p2a: Smeargle|Dire Claw|p1a: Chi-Yu\n|-damage|p1a: Chi-Yu|0 fnt\n|faint|p1a: Chi-Yu\n|move|p1b: Torkoal|Clear Smog|p2a: Smeargle\n|-resisted|p2a: Smeargle\n|-damage|p2a: Smeargle|41\/100\n|-clearboost|p2a: Smeargle\n|\n|-weather|SunnyDay|[upkeep]\n|upkeep\n|\n|t:|1695156149\n|switch|p1a: Walking Wake|Walking Wake|100\/100\n|-activate|p1a: Walking Wake|ability: Protosynthesis\n|-start|p1a: Walking Wake|protosynthesisspa\n|turn|11\n|\n|t:|1695156173\n|switch|p2b: Ditto|Ditto|57\/100 par\n|-transform|p2b: Ditto|p1a: Walking Wake|[from] ability: Imposter\n|move|p2a: Smeargle|Dire Claw|p1a: Walking Wake\n|-damage|p1a: Walking Wake|53\/100\n|-status|p1a: Walking Wake|psn|[from] ability: Poison Touch|[of] p2a: Smeargle\n|move|p1a: Walking Wake|Hydro Steam|p2a: Smeargle\n|-damage|p2a: Smeargle|0 fnt\n|faint|p2a: Smeargle\n|move|p1b: Torkoal|Yawn||[still]\n|-fail|p1b: Torkoal\n|\n|-weather|SunnyDay|[upkeep]\n|-damage|p1a: Walking Wake|40\/100 psn|[from] psn\n|upkeep\n|\n|t:|1695156183\n|switch|p2a: Mew|Mew|30\/100 par\n|turn|12\n|\n|t:|1695156207\n|-terastallize|p2b: Ditto|Normal\n|move|p1a: Walking Wake|Draco Meteor|p2b: Ditto|[miss]\n|-miss|p1a: Walking Wake|p2b: Ditto\n|move|p2b: Ditto|Draco Meteor|p1a: Walking Wake\n|-supereffective|p1a: Walking Wake\n|-damage|p1a: Walking Wake|0 fnt\n|-unboost|p2b: Ditto|spa|2\n|faint|p1a: Walking Wake\n|-end|p1a: Walking Wake|Protosynthesis|[silent]\n|move|p2a: Mew|Transform|p1b: Torkoal\n|-transform|p2a: Mew|p1b: Torkoal\n|move|p1b: Torkoal|Overheat|p2a: Mew|[miss]\n|-miss|p1b: Torkoal|p2a: Mew\n|\n|-weather|SunnyDay|[upkeep]\n|upkeep\n|turn|13\n|j| Noibaat 500\n|inactive|UserJexx has 120 seconds left.\n|\n|t:|1695156239\n|move|p2b: Ditto|Draco Meteor|p1b: Torkoal\n|-damage|p1b: Torkoal|49\/100\n|-unboost|p2b: Ditto|spa|2\n|move|p1b: Torkoal|Overheat|p2a: Mew\n|-resisted|p2a: Mew\n|-damage|p2a: Mew|0 fnt\n|-unboost|p1b: Torkoal|spa|2\n|faint|p2a: Mew\n|\n|-weather|SunnyDay|[upkeep]\n|upkeep\n|\n|t:|1695156244\n|switch|p2a: Sinistcha|Sinistcha|100\/100\n|-heal|p2b: Ditto|81\/100 par|[from] ability: Hospitality|[of] p2a: Sinistcha\n|turn|14\n|\n|t:|1695156254\n|-end|p2b: Ditto|Protosynthesis|[silent]\n|switch|p2b: Ninetales|Ninetales-Alola, F|32\/100 par\n|-weather|Snow|[from] ability: Snow Warning|[of] p2b: Ninetales\n|move|p2a: Sinistcha|Shadow Ball|p1b: Torkoal\n|-damage|p1b: Torkoal|0 fnt\n|faint|p1b: Torkoal\n|\n|win|UserJexx\n|raw|Cyberblu22's rating: 1094 &rarr; <strong>1065<\/strong><br \/>(-29 for losing)\n|raw|UserJexx's rating: 1024 &rarr; <strong>1068<\/strong><br \/>(+44 for winning)\n|l|\u2606UserJexx\n|l|\u2606Cyberblu22\n|j|\u2606UserJexx\n|player|p2|UserJexx|169\n","uploadtime":1695156309,"views":6,"p1id":"cyberblu22","p2id":"userjexx","formatid":"gen9nationaldexdoubles","rating":1065,"private":0,"password":""}