{"id":"gen9nationaldexdoubles-1970193497","p1":"Chuuugs","p2":"randymaycrazy","format":"[Gen 9] National Dex Doubles","log":"|j|\u2606Chuuugs\n|j|\u2606randymaycrazy\n|t:|1697608146\n|gametype|doubles\n|player|p1|Chuuugs|hilda|1041\n|player|p2|randymaycrazy|riley|1000\n|teamsize|p1|6\n|teamsize|p2|6\n|gen|9\n|tier|[Gen 9] National Dex Doubles\n|rated|\n|rule|HP Percentage Mod: HP is shown in percentages\n|rule|Endless Battle Clause: Forcing endless battles is banned\n|rule|OHKO Clause: OHKO moves are banned\n|rule|Evasion Moves Clause: Evasion moves are banned\n|rule|Evasion Abilities Clause: Evasion abilities are banned\n|rule|Species Clause: Limit one of each Pok\u00e9mon\n|rule|Gravity Sleep Clause: The combination of sleep-inducing moves with imperfect accuracy and Gravity or Gigantamax Orbeetle are banned\n|clearpoke\n|poke|p1|Ribombee, M|\n|poke|p1|Aggron, M|\n|poke|p1|Raichu-Alola, F|\n|poke|p1|Pincurchin, M|\n|poke|p1|Azelf|\n|poke|p1|Sinistcha-Masterpiece|\n|poke|p2|Charizard, M|\n|poke|p2|Decidueye, M|\n|poke|p2|Greninja-*, M|\n|poke|p2|Great Tusk|\n|poke|p2|Baxcalibur, M|\n|poke|p2|Zapdos|\n|teampreview\n|\n|t:|1697608161\n|start\n|switch|p1a: Burnt Toast|Raichu-Alola, F, shiny|100\/100\n|switch|p1b: Kidney Stone|Pincurchin, M, shiny|100\/100\n|switch|p2a: Greninja|Greninja, M|100\/100\n|switch|p2b: Zapdos|Zapdos|100\/100\n|-fieldstart|move: Electric Terrain|[from] ability: Electric Surge|[of] p1b: Kidney Stone\n|turn|1\n|\n|t:|1697608184\n|move|p1a: Burnt Toast|Rising Voltage|p2a: Greninja\n|-hint|Rising Voltage's BP doubled on grounded target.\n|-supereffective|p2a: Greninja\n|-damage|p2a: Greninja|0 fnt\n|faint|p2a: Greninja\n|move|p2b: Zapdos|Hurricane|p1b: Kidney Stone\n|-resisted|p1b: Kidney Stone\n|-damage|p1b: Kidney Stone|64\/100\n|move|p1b: Kidney Stone|Toxic Spikes|p2b: Zapdos\n|-sidestart|p2: randymaycrazy|move: Toxic Spikes\n|\n|upkeep\n|\n|t:|1697608193\n|switch|p2a: Great Tusk|Great Tusk|100\/100\n|-status|p2a: Great Tusk|psn\n|-enditem|p2a: Great Tusk|Booster Energy\n|-activate|p2a: Great Tusk|ability: Protosynthesis|[fromitem]\n|-start|p2a: Great Tusk|protosynthesisatk\n|turn|2\n|\n|t:|1697608209\n|move|p1a: Burnt Toast|Rising Voltage|p2b: Zapdos\n|-damage|p2b: Zapdos|38\/100\n|move|p2b: Zapdos|Hurricane|p1b: Kidney Stone|[miss]\n|-miss|p2b: Zapdos|p1b: Kidney Stone\n|move|p2a: Great Tusk|Earthquake|p1b: Kidney Stone|[spread] p1a,p1b\n|-immune|p2b: Zapdos\n|-supereffective|p1a: Burnt Toast\n|-supereffective|p1b: Kidney Stone\n|-crit|p1b: Kidney Stone\n|-damage|p1a: Burnt Toast|0 fnt\n|-damage|p1b: Kidney Stone|0 fnt\n|faint|p1a: Burnt Toast\n|faint|p1b: Kidney Stone\n|\n|-damage|p2a: Great Tusk|88\/100 psn|[from] psn\n|upkeep\n|\n|t:|1697608227\n|switch|p1a: Starbucks|Sinistcha-Masterpiece, shiny|100\/100\n|switch|p1b: Genie|Azelf, shiny|100\/100\n|turn|3\n|\n|t:|1697608260\n|move|p1b: Genie|Dazzling Gleam|p2a: Great Tusk|[spread] p2a,p2b\n|-supereffective|p2a: Great Tusk\n|-damage|p2a: Great Tusk|3\/100 psn\n|-damage|p2b: Zapdos|12\/100\n|-damage|p1b: Genie|91\/100|[from] item: Life Orb\n|move|p2b: Zapdos|Thunderbolt|p1a: Starbucks\n|-resisted|p1a: Starbucks\n|-damage|p1a: Starbucks|76\/100\n|move|p2a: Great Tusk|Ice Spinner|p1b: Genie\n|-damage|p1b: Genie|33\/100\n|-fieldend|move: Electric Terrain\n|move|p1a: Starbucks|Calm Mind|p1a: Starbucks\n|-boost|p1a: Starbucks|spa|1\n|-boost|p1a: Starbucks|spd|1\n|\n|-damage|p2a: Great Tusk|0 fnt|[from] psn\n|faint|p2a: Great Tusk\n|-end|p2a: Great Tusk|Protosynthesis|[silent]\n|upkeep\n|\n|t:|1697608271\n|switch|p2a: Charizard|Charizard, M, shiny|100\/100\n|turn|4\n|\n|t:|1697608303\n|-terastallize|p1a: Starbucks|Fire\n|move|p1b: Genie|Dazzling Gleam|p2b: Zapdos|[spread] p2a,p2b\n|-resisted|p2a: Charizard\n|-damage|p2a: Charizard|83\/100\n|-damage|p2b: Zapdos|0 fnt\n|faint|p2b: Zapdos\n|-damage|p1b: Genie|23\/100|[from] item: Life Orb\n|move|p2a: Charizard|Fire Fang|p1a: Starbucks\n|-resisted|p1a: Starbucks\n|-damage|p1a: Starbucks|72\/100\n|move|p1a: Starbucks|Matcha Gotcha|p2a: Charizard\n|-resisted|p2a: Charizard\n|-damage|p2a: Charizard|68\/100\n|-heal|p1a: Starbucks|79\/100|[from] drain|[of] p2a: Charizard\n|\n|upkeep\n|\n|t:|1697608310\n|switch|p2b: Baxcalibur|Baxcalibur, M|100\/100\n|turn|5\n|\n|t:|1697608337\n|move|p1a: Starbucks|Rage Powder|p1a: Starbucks\n|-singleturn|p1a: Starbucks|move: Rage Powder\n|move|p1b: Genie|Dazzling Gleam|p2b: Baxcalibur|[spread] p2a,p2b\n|-resisted|p2a: Charizard\n|-supereffective|p2b: Baxcalibur\n|-damage|p2a: Charizard|52\/100\n|-damage|p2b: Baxcalibur|46\/100\n|-damage|p1b: Genie|13\/100|[from] item: Life Orb\n|move|p2b: Baxcalibur|Dragon Dance|p2b: Baxcalibur\n|-boost|p2b: Baxcalibur|atk|1\n|-boost|p2b: Baxcalibur|spe|1\n|move|p2a: Charizard|Earthquake|p1a: Starbucks|[spread] p2b,p1a\n|-immune|p1b: Genie|[from] ability: Levitate\n|-supereffective|p1a: Starbucks\n|-damage|p2b: Baxcalibur|23\/100\n|-damage|p1a: Starbucks|47\/100\n|\n|upkeep\n|turn|6\n|\n|t:|1697608392\n|move|p2b: Baxcalibur|Icicle Crash|p1b: Genie|[miss]\n|-miss|p2b: Baxcalibur|p1b: Genie\n|move|p1b: Genie|Dazzling Gleam|p2a: Charizard|[spread] p2a,p2b\n|-resisted|p2a: Charizard\n|-supereffective|p2b: Baxcalibur\n|-damage|p2a: Charizard|35\/100\n|-damage|p2b: Baxcalibur|0 fnt\n|faint|p2b: Baxcalibur\n|-damage|p1b: Genie|3\/100|[from] item: Life Orb\n|move|p2a: Charizard|Dragon Claw|p1a: Starbucks\n|-damage|p1a: Starbucks|31\/100\n|move|p1a: Starbucks|Matcha Gotcha|p2a: Charizard|[miss]\n|-miss|p1a: Starbucks|p2a: Charizard\n|\n|upkeep\n|\n|t:|1697608398\n|switch|p2b: Decidueye|Decidueye, M, shiny|100\/100\n|-status|p2b: Decidueye|psn\n|turn|7\n|inactive|Battle timer is ON: inactive players will automatically lose when time's up. (requested by randymaycrazy)\n|\n|t:|1697608436\n|move|p1b: Genie|Flamethrower|p2b: Decidueye\n|-supereffective|p2b: Decidueye\n|-damage|p2b: Decidueye|27\/100 psn\n|-damage|p1b: Genie|0 fnt|[from] item: Life Orb\n|faint|p1b: Genie\n|move|p2a: Charizard|Dragon Claw|p1a: Starbucks\n|-damage|p1a: Starbucks|15\/100\n|move|p1a: Starbucks|Matcha Gotcha|p2a: Charizard|[spread] p2a,p2b\n|-resisted|p2a: Charizard\n|-resisted|p2b: Decidueye\n|-damage|p2a: Charizard|22\/100\n|-heal|p1a: Starbucks|20\/100|[from] drain|[of] p2a: Charizard\n|-damage|p2b: Decidueye|11\/100 psn\n|-heal|p1a: Starbucks|29\/100|[from] drain|[of] p2b: Decidueye\n|move|p2b: Decidueye|Spirit Shackle|p1a: Starbucks\n|-damage|p1a: Starbucks|3\/100\n|-activate|p1a: Starbucks|trapped\n|\n|-damage|p2b: Decidueye|0 fnt|[from] psn\n|faint|p2b: Decidueye\n|upkeep\n|-message|randymaycrazy forfeited.\n|\n|win|Chuuugs\n|raw|Chuuugs's rating: 1041 &rarr; <strong>1071<\/strong><br \/>(+30 for winning)\n|raw|randymaycrazy's rating: 1000 &rarr; <strong>1000<\/strong><br \/>(+0 for losing)\n|l|\u2606randymaycrazy\n","uploadtime":1697608480,"views":9,"p1id":"chuuugs","p2id":"randymaycrazy","formatid":"gen9nationaldexdoubles","rating":1000,"private":0,"password":""}