{"id":"gen9nationaldexdoubles-1990213099","p1":"Sinnoh Athens 420","p2":"Denvah_17","format":"[Gen 9] National Dex Doubles","log":"|j|\u2606Sinnoh Athens 420\n|j|\u2606Denvah_17\n|t:|1699938295\n|gametype|doubles\n|player|p1|Sinnoh Athens 420|170|1294\n|player|p2|Denvah_17|alder|1473\n|teamsize|p1|6\n|teamsize|p2|6\n|gen|9\n|tier|[Gen 9] National Dex Doubles\n|rated|\n|rule|HP Percentage Mod: HP is shown in percentages\n|rule|Endless Battle Clause: Forcing endless battles is banned\n|rule|OHKO Clause: OHKO moves are banned\n|rule|Evasion Moves Clause: Evasion moves are banned\n|rule|Evasion Abilities Clause: Evasion abilities are banned\n|rule|Species Clause: Limit one of each Pok\u00e9mon\n|rule|Gravity Sleep Clause: The combination of sleep-inducing moves with imperfect accuracy and Gravity or Gigantamax Orbeetle are banned\n|clearpoke\n|poke|p1|Ferrothorn, M|\n|poke|p1|Gigalith, M|\n|poke|p1|Runerigus, M|\n|poke|p1|Garchomp, M|\n|poke|p1|Hippowdon, M|\n|poke|p1|Nihilego|\n|poke|p2|Porygon2|\n|poke|p2|Marowak-Alola, F|\n|poke|p2|Slowbro-Galar, M|\n|poke|p2|Parasect, M|\n|poke|p2|Rhyperior, M|\n|poke|p2|Zapdos|\n|teampreview\n|inactive|Battle timer is ON: inactive players will automatically lose when time's up. (requested by Denvah_17)\n|\n|t:|1699938316\n|start\n|switch|p1a: Hippowdon|Hippowdon, M|100\/100\n|switch|p1b: Runerigus|Runerigus, M|100\/100\n|switch|p2a: silph_sys.exe|Porygon2|100\/100\n|switch|p2b: Missingno|Parasect, M, shiny|100\/100\n|-ability|p2a: silph_sys.exe|Download|boost\n|-boost|p2a: silph_sys.exe|atk|1\n|-weather|Sandstorm|[from] ability: Sand Stream|[of] p1a: Hippowdon\n|turn|1\n|\n|t:|1699938333\n|move|p2a: silph_sys.exe|Ice Beam|p1a: Hippowdon\n|-supereffective|p1a: Hippowdon\n|-damage|p1a: Hippowdon|66\/100\n|-status|p1a: Hippowdon|frz\n|cant|p1a: Hippowdon|frz\n|move|p2b: Missingno|Spore|p1b: Runerigus\n|-status|p1b: Runerigus|slp|[from] move: Spore\n|cant|p1b: Runerigus|slp\n|\n|-weather|Sandstorm|[upkeep]\n|-damage|p2a: silph_sys.exe|94\/100|[from] Sandstorm\n|-damage|p2b: Missingno|94\/100|[from] Sandstorm\n|-heal|p1a: Hippowdon|72\/100 frz|[from] item: Leftovers\n|upkeep\n|turn|2\n|\n|t:|1699938354\n|switch|p2b: Amnesiac|Slowbro-Galar, M, shiny|100\/100\n|move|p2a: silph_sys.exe|Ice Beam|p1a: Hippowdon\n|-supereffective|p1a: Hippowdon\n|-damage|p1a: Hippowdon|39\/100 frz\n|cant|p1a: Hippowdon|frz\n|cant|p1b: Runerigus|slp\n|\n|-weather|Sandstorm|[upkeep]\n|-damage|p2a: silph_sys.exe|88\/100|[from] Sandstorm\n|-damage|p2b: Amnesiac|94\/100|[from] Sandstorm\n|-heal|p1a: Hippowdon|45\/100 frz|[from] item: Leftovers\n|upkeep\n|turn|3\n|inactive|Denvah_17 has 120 seconds left.\n|\n|t:|1699938409\n|switch|p2a: Lavender Townie|Marowak-Alola, F, shiny|100\/100\n|detailschange|p2b: Amnesiac|Slowbro-Mega, M, shiny\n|-mega|p2b: Amnesiac|Slowbro|Slowbronite\n|cant|p1a: Hippowdon|frz\n|move|p2b: Amnesiac|Scald|p1a: Hippowdon\n|-supereffective|p1a: Hippowdon\n|-damage|p1a: Hippowdon|0 fnt\n|faint|p1a: Hippowdon\n|cant|p1b: Runerigus|slp\n|\n|-weather|Sandstorm|[upkeep]\n|-damage|p2a: Lavender Townie|94\/100|[from] Sandstorm\n|-damage|p2b: Amnesiac|88\/100|[from] Sandstorm\n|upkeep\n|inactive|Sinnoh Athens 420 has 120 seconds left.\n|\n|t:|1699938431\n|switch|p1a: Nihilego|Nihilego, shiny|100\/100\n|turn|4\n|inactive|Denvah_17 has 120 seconds left.\n|\n|t:|1699938443\n|-zpower|p1a: Nihilego\n|move|p1a: Nihilego|Continental Crush|p2a: Lavender Townie|[zeffect]\n|-supereffective|p2a: Lavender Townie\n|-damage|p2a: Lavender Townie|0 fnt\n|faint|p2a: Lavender Townie\n|-ability|p1a: Nihilego|Beast Boost|boost\n|-boost|p1a: Nihilego|spe|1\n|-curestatus|p1b: Runerigus|slp|[msg]\n|move|p1b: Runerigus|Toxic Spikes|p2b: Amnesiac\n|-sidestart|p2: Denvah_17|move: Toxic Spikes\n|move|p2b: Amnesiac|Scald|p1b: Runerigus\n|-supereffective|p1b: Runerigus\n|-damage|p1b: Runerigus|36\/100\n|-status|p1b: Runerigus|brn\n|\n|-weather|Sandstorm|[upkeep]\n|-damage|p2b: Amnesiac|82\/100|[from] Sandstorm\n|-damage|p1b: Runerigus|30\/100 brn|[from] brn\n|upkeep\n|inactive|Denvah_17 has 90 seconds left.\n|\n|t:|1699938480\n|switch|p2a: silph_sys.exe|Porygon2|88\/100\n|-status|p2a: silph_sys.exe|psn\n|-ability|p2a: silph_sys.exe|Download|boost\n|-boost|p2a: silph_sys.exe|atk|1\n|turn|5\n|\n|t:|1699938496\n|move|p1b: Runerigus|Ally Switch|p1b: Runerigus\n|swap|p1b: Runerigus|0|[from] move: Ally Switch\n|move|p1b: Nihilego|Meteor Beam||[still]\n|-prepare|p1b: Nihilego|Meteor Beam\n|-boost|p1b: Nihilego|spa|1\n|move|p2b: Amnesiac|Expanding Force|p1a: Runerigus\n|-damage|p1a: Runerigus|0 fnt\n|faint|p1a: Runerigus\n|move|p2a: silph_sys.exe|Trick Room|p2a: silph_sys.exe\n|-fieldstart|move: Trick Room|[of] p2a: silph_sys.exe\n|\n|-weather|none\n|-damage|p2a: silph_sys.exe|76\/100 psn|[from] psn\n|upkeep\n|\n|t:|1699938511\n|switch|p1a: Gigalith|Gigalith, M, shiny|100\/100\n|-weather|Sandstorm|[from] ability: Sand Stream|[of] p1a: Gigalith\n|turn|6\n|inactive|Denvah_17 has 120 seconds left.\n|\n|t:|1699938536\n|switch|p2a: Giovanni|Rhyperior, M, shiny|100\/100\n|-status|p2a: Giovanni|psn\n|move|p1a: Gigalith|Rock Slide|p2a: Giovanni|[spread] p2a\n|-miss|p1a: Gigalith|p2b: Amnesiac\n|-resisted|p2a: Giovanni\n|-crit|p2a: Giovanni\n|-damage|p2a: Giovanni|88\/100 psn\n|move|p2b: Amnesiac|Scald|p1b: Nihilego\n|-supereffective|p1b: Nihilego\n|-damage|p1b: Nihilego|58\/100\n|-status|p1b: Nihilego|brn\n|move|p1b: Nihilego|Meteor Beam|p2b: Amnesiac|[from]lockedmove\n|-damage|p2b: Amnesiac|0 fnt\n|faint|p2b: Amnesiac\n|-ability|p1b: Nihilego|Beast Boost|boost\n|-boost|p1b: Nihilego|spe|1\n|\n|-weather|Sandstorm|[upkeep]\n|-damage|p2a: Giovanni|75\/100 psn|[from] psn\n|-damage|p1b: Nihilego|52\/100 brn|[from] brn\n|upkeep\n|\n|t:|1699938548\n|switch|p2b: silph_sys.exe|Porygon2|76\/100 psn\n|-ability|p2b: silph_sys.exe|Download|boost\n|-boost|p2b: silph_sys.exe|atk|1\n|turn|7\n|inactive|Denvah_17 has 120 seconds left.\n|\n|t:|1699938567\n|move|p1a: Gigalith|Gravity|p1a: Gigalith\n|-fieldstart|move: Gravity\n|move|p2a: Giovanni|Hammer Arm|p1a: Gigalith\n|-supereffective|p1a: Gigalith\n|-damage|p1a: Gigalith|38\/100\n|-unboost|p2a: Giovanni|spe|1\n|-damage|p2a: Giovanni|59\/100 psn|[from] item: Rocky Helmet|[of] p1a: Gigalith\n|move|p2b: silph_sys.exe|Recover|p2b: silph_sys.exe\n|-heal|p2b: silph_sys.exe|100\/100 psn\n|move|p1b: Nihilego|Sludge Wave|p2b: silph_sys.exe|[spread] p1a,p2a,p2b\n|-resisted|p1a: Gigalith\n|-resisted|p2a: Giovanni\n|-crit|p2b: silph_sys.exe\n|-damage|p1a: Gigalith|26\/100\n|-damage|p2a: Giovanni|53\/100 psn\n|-damage|p2b: silph_sys.exe|55\/100 psn\n|\n|-weather|Sandstorm|[upkeep]\n|-damage|p2b: silph_sys.exe|49\/100 psn|[from] Sandstorm\n|-damage|p2a: Giovanni|40\/100 psn|[from] psn\n|-damage|p2b: silph_sys.exe|37\/100 psn|[from] psn\n|-damage|p1b: Nihilego|46\/100 brn|[from] brn\n|upkeep\n|turn|8\n|inactive|Sinnoh Athens 420 has 120 seconds left.\n|\n|t:|1699938600\n|move|p1a: Gigalith|Rock Slide|p2a: Giovanni|[spread] p2a,p2b\n|-resisted|p2a: Giovanni\n|-damage|p2a: Giovanni|31\/100 psn\n|-damage|p2b: silph_sys.exe|23\/100 psn\n|move|p2a: Giovanni|Rock Slide|p1a: Gigalith|[spread] p1a,p1b\n|-crit|p1b: Nihilego\n|-damage|p1a: Gigalith|2\/100\n|-damage|p1b: Nihilego|0 fnt\n|faint|p1b: Nihilego\n|move|p2b: silph_sys.exe|Ice Beam|p1a: Gigalith\n|-damage|p1a: Gigalith|0 fnt\n|faint|p1a: Gigalith\n|\n|-weather|Sandstorm|[upkeep]\n|-damage|p2b: silph_sys.exe|17\/100 psn|[from] Sandstorm\n|-damage|p2a: Giovanni|19\/100 psn|[from] psn\n|-damage|p2b: silph_sys.exe|5\/100 psn|[from] psn\n|upkeep\n|inactive|Sinnoh Athens 420 has 120 seconds left.\n|\n|t:|1699938619\n|switch|p1a: Garchomp|Garchomp, M|100\/100\n|switch|p1b: Ferrothorn|Ferrothorn, M|100\/100\n|turn|9\n|\n|t:|1699938632\n|detailschange|p1a: Garchomp|Garchomp-Mega, M\n|-mega|p1a: Garchomp|Garchomp|Garchompite\n|move|p1b: Ferrothorn|Protect|p1b: Ferrothorn\n|-singleturn|p1b: Ferrothorn|Protect\n|move|p2a: Giovanni|Rock Slide|p1a: Garchomp|[spread] p1a\n|-activate|p1b: Ferrothorn|move: Protect\n|-resisted|p1a: Garchomp\n|-damage|p1a: Garchomp|90\/100\n|move|p2b: silph_sys.exe|Ice Beam|p1a: Garchomp\n|-supereffective|p1a: Garchomp\n|-damage|p1a: Garchomp|15\/100\n|move|p1a: Garchomp|Earthquake|p2a: Giovanni|[spread] p2a,p2b\n|-activate|p1b: Ferrothorn|move: Protect\n|-supereffective|p2a: Giovanni\n|-damage|p2a: Giovanni|0 fnt\n|-damage|p2b: silph_sys.exe|0 fnt\n|faint|p2a: Giovanni\n|faint|p2b: silph_sys.exe\n|\n|-weather|Sandstorm|[upkeep]\n|-fieldend|move: Trick Room\n|upkeep\n|\n|t:|1699938649\n|switch|p2b: Power Plant Prince|Zapdos, shiny|100\/100\n|switch|p2a: Missingno|Parasect, M, shiny|94\/100\n|-status|p2b: Power Plant Prince|psn\n|-status|p2a: Missingno|psn\n|turn|10\n|\n|t:|1699938678\n|move|p2a: Missingno|Protect|p2a: Missingno\n|-singleturn|p2a: Missingno|Protect\n|move|p2b: Power Plant Prince|Heat Wave|p1b: Ferrothorn|[spread] p1a,p1b\n|-resisted|p1a: Garchomp\n|-supereffective|p1b: Ferrothorn\n|-damage|p1a: Garchomp|6\/100\n|-damage|p1b: Ferrothorn|35\/100\n|move|p1a: Garchomp|Rock Slide|p2a: Missingno|[spread] p2b\n|-activate|p2a: Missingno|move: Protect\n|-supereffective|p2b: Power Plant Prince\n|-damage|p2b: Power Plant Prince|45\/100 psn\n|move|p1b: Ferrothorn|Leech Seed|p2b: Power Plant Prince\n|-start|p2b: Power Plant Prince|move: Leech Seed\n|\n|-weather|none\n|-damage|p2b: Power Plant Prince|32\/100 psn|[from] Leech Seed|[of] p1b: Ferrothorn\n|-heal|p1b: Ferrothorn|48\/100|[silent]\n|-damage|p2b: Power Plant Prince|20\/100 psn|[from] psn\n|-damage|p2a: Missingno|82\/100 psn|[from] psn\n|upkeep\n|turn|11\n|\n|t:|1699938706\n|move|p1b: Ferrothorn|Protect|p1b: Ferrothorn\n|-singleturn|p1b: Ferrothorn|Protect\n|move|p2b: Power Plant Prince|Heat Wave|p1a: Garchomp|[spread] p1a\n|-activate|p1b: Ferrothorn|move: Protect\n|-resisted|p1a: Garchomp\n|-damage|p1a: Garchomp|0 fnt\n|faint|p1a: Garchomp\n|move|p2a: Missingno|Spore|p1b: Ferrothorn\n|-activate|p1b: Ferrothorn|move: Protect\n|\n|-damage|p2b: Power Plant Prince|8\/100 psn|[from] Leech Seed|[of] p1b: Ferrothorn\n|-heal|p1b: Ferrothorn|61\/100|[silent]\n|-damage|p2b: Power Plant Prince|0 fnt|[from] psn\n|faint|p2b: Power Plant Prince\n|-damage|p2a: Missingno|70\/100 psn|[from] psn\n|-fieldend|move: Gravity\n|upkeep\n|turn|12\n|\n|t:|1699938724\n|move|p2a: Missingno|Swords Dance|p2a: Missingno\n|-boost|p2a: Missingno|atk|2\n|move|p1b: Ferrothorn|Gyro Ball|p2a: Missingno\n|-damage|p2a: Missingno|54\/100 psn\n|\n|-damage|p2a: Missingno|41\/100 psn|[from] psn\n|upkeep\n|turn|13\n|\n|t:|1699938738\n|move|p2a: Missingno|Leech Life|p1b: Ferrothorn\n|-damage|p1b: Ferrothorn|7\/100\n|-heal|p2a: Missingno|78\/100 psn|[from] drain|[of] p1b: Ferrothorn\n|-damage|p2a: Missingno|66\/100 psn|[from] ability: Iron Barbs|[of] p1b: Ferrothorn\n|-damage|p2a: Missingno|50\/100 psn|[from] item: Rocky Helmet|[of] p1b: Ferrothorn\n|move|p1b: Ferrothorn|Gyro Ball|p2a: Missingno\n|-damage|p2a: Missingno|32\/100 psn\n|\n|-damage|p2a: Missingno|20\/100 psn|[from] psn\n|upkeep\n|turn|14\n|\n|t:|1699938752\n|move|p1b: Ferrothorn|Protect|p1b: Ferrothorn\n|-singleturn|p1b: Ferrothorn|Protect\n|move|p2a: Missingno|Leech Life|p1b: Ferrothorn\n|-activate|p1b: Ferrothorn|move: Protect\n|\n|-damage|p2a: Missingno|7\/100 psn|[from] psn\n|upkeep\n|turn|15\n|\n|t:|1699938775\n|-terastallize|p1b: Ferrothorn|Fire\n|move|p2a: Missingno|Leech Life|p1b: Ferrothorn\n|-resisted|p1b: Ferrothorn\n|-damage|p1b: Ferrothorn|0 fnt\n|-heal|p2a: Missingno|12\/100 psn|[from] drain|[of] p1b: Ferrothorn\n|-damage|p2a: Missingno|0 fnt|[from] ability: Iron Barbs|[of] p1b: Ferrothorn\n|faint|p1b: Ferrothorn\n|faint|p2a: Missingno\n|\n|win|Denvah_17\n|raw|Sinnoh Athens 420's rating: 1294 &rarr; <strong>1281<\/strong><br \/>(-13 for losing)\n|raw|Denvah_17's rating: 1473 &rarr; <strong>1484<\/strong><br \/>(+11 for winning)\n|l|\u2606Sinnoh Athens 420\n","uploadtime":1699938792,"views":5,"p1id":"sinnohathens420","p2id":"denvah17","formatid":"gen9nationaldexdoubles","rating":1281,"private":0,"password":""}