{"id":"gen9nationaldexdoubles-1987844431","p1":"MarcusTalks","p2":"vibrava9000","format":"[Gen 9] National Dex Doubles","log":"|j|\u2606MarcusTalks\n|j|\u2606vibrava9000\n|t:|1699642050\n|gametype|doubles\n|player|p1|MarcusTalks|steven|\n|player|p2|vibrava9000|fisherman-gen4|\n|teamsize|p1|6\n|teamsize|p2|6\n|gen|9\n|tier|[Gen 9] National Dex Doubles\n|rule|HP Percentage Mod: HP is shown in percentages\n|rule|Endless Battle Clause: Forcing endless battles is banned\n|rule|OHKO Clause: OHKO moves are banned\n|rule|Evasion Moves Clause: Evasion moves are banned\n|rule|Evasion Abilities Clause: Evasion abilities are banned\n|rule|Species Clause: Limit one of each Pok\u00e9mon\n|rule|Gravity Sleep Clause: The combination of sleep-inducing moves with imperfect accuracy and Gravity or Gigantamax Orbeetle are banned\n|clearpoke\n|poke|p1|Sinistcha-Masterpiece|\n|poke|p1|Kommo-o, M|\n|poke|p1|Ninetales-Alola, F|\n|poke|p1|Arcanine-Hisui, M|\n|poke|p1|Sableye, M|\n|poke|p1|Iron Hands|\n|poke|p2|Medicham, M|\n|poke|p2|Clefable, M|\n|poke|p2|Ferrothorn, F|\n|poke|p2|Rotom-Wash|\n|poke|p2|Landorus-Therian, M|\n|poke|p2|Weavile, M|\n|teampreview\n|c|\u2606MarcusTalks|glhf\n|inactive|Battle timer is ON: inactive players will automatically lose when time's up. (requested by MarcusTalks)\n|\n|t:|1699642082\n|start\n|switch|p1a: Ninetales|Ninetales-Alola, F, shiny|100\/100\n|switch|p1b: Iron Hands|Iron Hands|100\/100\n|switch|p2a: Rotom|Rotom-Wash|100\/100\n|switch|p2b: Weavile|Weavile, M|100\/100\n|-ability|p2b: Weavile|Pressure\n|-weather|Snow|[from] ability: Snow Warning|[of] p1a: Ninetales\n|turn|1\n|inactive|vibrava9000 has 270 seconds left.\n|\n|t:|1699642128\n|move|p1b: Iron Hands|Fake Out|p2b: Weavile\n|-damage|p2b: Weavile|82\/100\n|cant|p2b: Weavile|flinch\n|move|p1a: Ninetales|Dazzling Gleam|p2b: Weavile|[spread] p2a,p2b\n|-crit|p2a: Rotom\n|-supereffective|p2b: Weavile\n|-crit|p2b: Weavile\n|-damage|p2a: Rotom|72\/100\n|-damage|p2b: Weavile|0 fnt\n|faint|p2b: Weavile\n|move|p2a: Rotom|Thunder Wave|p1b: Iron Hands\n|-immune|p1b: Iron Hands\n|\n|-weather|Snow|[upkeep]\n|upkeep\n|\n|t:|1699642142\n|switch|p2b: Landorus|Landorus-Therian, M|100\/100\n|-ability|p2b: Landorus|Intimidate|boost\n|-unboost|p1a: Ninetales|atk|1\n|-unboost|p1b: Iron Hands|atk|1\n|turn|2\n|inactive|vibrava9000 has 270 seconds left.\n|\n|t:|1699642153\n|move|p2b: Landorus|Stone Edge|p1a: Ninetales\n|-supereffective|p1a: Ninetales\n|-damage|p1a: Ninetales|29\/100\n|move|p1a: Ninetales|Aurora Veil|p1a: Ninetales\n|-sidestart|p1: MarcusTalks|move: Aurora Veil\n|move|p2a: Rotom|Hydro Pump|p1b: Iron Hands\n|-damage|p1b: Iron Hands|83\/100\n|move|p1b: Iron Hands|Volt Switch|p2a: Rotom\n|-damage|p2a: Rotom|62\/100\n|\n|t:|1699642163\n|-end|p1b: Iron Hands|Quark Drive|[silent]\n|switch|p1b: Kommo-o|Kommo-o, M, shiny|100\/100|[from] Volt Switch\n|\n|-weather|Snow|[upkeep]\n|upkeep\n|turn|3\n|\n|t:|1699642178\n|switch|p1a: Sinistcha|Sinistcha-Masterpiece, shiny|100\/100\n|move|p2b: Landorus|Stone Edge|p1a: Sinistcha\n|-crit|p1a: Sinistcha\n|-damage|p1a: Sinistcha|61\/100\n|move|p1b: Kommo-o|Clangorous Soul|p1b: Kommo-o\n|-boost|p1b: Kommo-o|atk|1\n|-boost|p1b: Kommo-o|def|1\n|-boost|p1b: Kommo-o|spa|1\n|-boost|p1b: Kommo-o|spd|1\n|-boost|p1b: Kommo-o|spe|1\n|-damage|p1b: Kommo-o|68\/100\n|-enditem|p1b: Kommo-o|Throat Spray\n|-boost|p1b: Kommo-o|spa|1|[from] item: Throat Spray\n|move|p2a: Rotom|Pain Split|p1b: Kommo-o\n|-sethp|p1b: Kommo-o|66\/100|[from] move: Pain Split|[silent]\n|-sethp|p2a: Rotom|63\/100|[from] move: Pain Split\n|\n|-weather|Snow|[upkeep]\n|upkeep\n|turn|4\n|\n|t:|1699642204\n|move|p2b: Landorus|Stone Edge|p1a: Sinistcha|[miss]\n|-miss|p2b: Landorus|p1a: Sinistcha\n|move|p1b: Kommo-o|Clanging Scales|p2b: Landorus|[spread] p2a,p2b\n|-damage|p2a: Rotom|9\/100\n|-damage|p2b: Landorus|12\/100\n|-unboost|p1b: Kommo-o|def|1\n|move|p2a: Rotom|Pain Split|p1b: Kommo-o\n|-sethp|p1b: Kommo-o|37\/100|[from] move: Pain Split|[silent]\n|-sethp|p2a: Rotom|36\/100|[from] move: Pain Split\n|move|p1a: Sinistcha|Strength Sap|p2b: Landorus\n|-unboost|p2b: Landorus|atk|1\n|-heal|p1a: Sinistcha|100\/100\n|\n|-weather|Snow|[upkeep]\n|upkeep\n|turn|5\n|\n|t:|1699642232\n|switch|p1a: Iron Hands|Iron Hands|83\/100\n|-terastallize|p1b: Kommo-o|Steel\n|move|p2b: Landorus|Stone Edge|p1a: Iron Hands\n|-resisted|p1a: Iron Hands\n|-damage|p1a: Iron Hands|78\/100\n|move|p1b: Kommo-o|Clanging Scales|p2b: Landorus|[spread] p2a,p2b\n|-damage|p2a: Rotom|0 fnt\n|-damage|p2b: Landorus|0 fnt\n|faint|p2a: Rotom\n|faint|p2b: Landorus\n|-unboost|p1b: Kommo-o|def|1\n|\n|-weather|none\n|upkeep\n|inactive|vibrava9000 has 270 seconds left.\n|\n|t:|1699642253\n|switch|p2b: Clefable|Clefable, M|100\/100\n|switch|p2a: Medicham|Medicham, M|100\/100\n|turn|6\n|\n|t:|1699642267\n|move|p2a: Medicham|Fake Out|p1b: Kommo-o\n|-resisted|p1b: Kommo-o\n|-damage|p1b: Kommo-o|28\/100\n|move|p1a: Iron Hands|Fake Out|p2a: Medicham\n|-damage|p2a: Medicham|72\/100\n|cant|p1b: Kommo-o|flinch\n|move|p2b: Clefable|Moonblast|p1a: Iron Hands\n|-supereffective|p1a: Iron Hands\n|-damage|p1a: Iron Hands|52\/100\n|-unboost|p1a: Iron Hands|spa|1\n|\n|upkeep\n|turn|7\n|\n|t:|1699642285\n|-end|p1a: Iron Hands|Quark Drive|[silent]\n|switch|p1a: Sinistcha|Sinistcha-Masterpiece, shiny|100\/100\n|-heal|p1b: Kommo-o|53\/100|[from] ability: Hospitality|[of] p1a: Sinistcha\n|move|p2a: Medicham|Bullet Punch|p1b: Kommo-o\n|-resisted|p1b: Kommo-o\n|-damage|p1b: Kommo-o|44\/100\n|move|p1b: Kommo-o|Flash Cannon|p2b: Clefable\n|-supereffective|p2b: Clefable\n|-damage|p2b: Clefable|0 fnt\n|faint|p2b: Clefable\n|\n|upkeep\n|\n|t:|1699642297\n|switch|p2b: Ferrothorn|Ferrothorn, F|100\/100\n|turn|8\n|\n|t:|1699642307\n|move|p1a: Sinistcha|Rage Powder|p1a: Sinistcha\n|-singleturn|p1a: Sinistcha|move: Rage Powder\n|move|p1b: Kommo-o|Aura Sphere|p2b: Ferrothorn\n|-supereffective|p2b: Ferrothorn\n|-damage|p2b: Ferrothorn|14\/100\n|move|p2a: Medicham|Zen Headbutt|p1a: Sinistcha\n|-damage|p1a: Sinistcha|72\/100\n|-damage|p2a: Medicham|56\/100|[from] item: Rocky Helmet|[of] p1a: Sinistcha\n|move|p2b: Ferrothorn|Iron Head|p1a: Sinistcha\n|-damage|p1a: Sinistcha|59\/100\n|-damage|p2b: Ferrothorn|0 fnt|[from] item: Rocky Helmet|[of] p1a: Sinistcha\n|faint|p2b: Ferrothorn\n|\n|upkeep\n|turn|9\n|inactive|vibrava9000 has 270 seconds left.\n|\n|t:|1699642361\n|move|p1a: Sinistcha|Rage Powder|p1a: Sinistcha\n|-singleturn|p1a: Sinistcha|move: Rage Powder\n|move|p1b: Kommo-o|Clanging Scales|p2a: Medicham\n|-damage|p2a: Medicham|0 fnt\n|faint|p2a: Medicham\n|\n|win|MarcusTalks\n|c|\u2606MarcusTalks|gg\n","uploadtime":1699642369,"views":46,"p1id":"marcustalks","p2id":"vibrava9000","formatid":"gen9nationaldexdoubles","rating":0,"private":0,"password":""}