{"id":"gen9nationaldexdoubles-1955312987","p1":"Paldea Athens 420","p2":"user58342485","format":"[Gen 9] National Dex Doubles","log":"|j|\u2606Paldea Athens 420\n|j|\u2606user58342485\n|t:|1695986170\n|gametype|doubles\n|player|p1|Paldea Athens 420|volo|1485\n|player|p2|user58342485|nate|1561\n|teamsize|p1|6\n|teamsize|p2|6\n|gen|9\n|tier|[Gen 9] National Dex Doubles\n|rated|\n|rule|HP Percentage Mod: HP is shown in percentages\n|rule|Endless Battle Clause: Forcing endless battles is banned\n|rule|OHKO Clause: OHKO moves are banned\n|rule|Evasion Moves Clause: Evasion moves are banned\n|rule|Evasion Abilities Clause: Evasion abilities are banned\n|rule|Species Clause: Limit one of each Pok\u00e9mon\n|rule|Gravity Sleep Clause: The combination of sleep-inducing moves with imperfect accuracy and Gravity or Gigantamax Orbeetle are banned\n|clearpoke\n|poke|p1|Iron Hands|\n|poke|p1|Sableye, M|\n|poke|p1|Mawile, M|\n|poke|p1|Clodsire, F|\n|poke|p1|Tapu Lele|\n|poke|p1|Flutter Mane|\n|poke|p2|Metagross|\n|poke|p2|Rillaboom, M|\n|poke|p2|Volcanion|\n|poke|p2|Kingambit, M|\n|poke|p2|Flutter Mane|\n|poke|p2|Tornadus, M|\n|teampreview\n|inactive|Battle timer is ON: inactive players will automatically lose when time's up. (requested by user58342485)\n|c|\u2606Paldea Athens 420|you again\n|c|\u2606user58342485|wait you ran into me before? lol\n|inactive|user58342485 has 120 seconds left.\n|\n|t:|1695986213\n|start\n|switch|p1a: Sableye|Sableye, M|100\/100\n|switch|p1b: Clodsire|Clodsire, F|100\/100\n|switch|p2a: Kingambit|Kingambit, M|100\/100\n|switch|p2b: Volcanion|Volcanion|100\/100\n|turn|1\n|c|\u2606Paldea Athens 420|you copied astro team\n|\n|t:|1695986239\n|-terastallize|p1b: Clodsire|Dark\n|move|p2a: Kingambit|Protect|p2a: Kingambit\n|-singleturn|p2a: Kingambit|Protect\n|move|p1a: Sableye|Skill Swap|p1b: Clodsire\n|-activate|p1a: Sableye|move: Skill Swap|||[of] p1b: Clodsire\n|move|p1b: Clodsire|Stockpile|p1b: Clodsire\n|-start|p1b: Clodsire|stockpile1\n|-boost|p1b: Clodsire|def|1\n|-boost|p1b: Clodsire|spd|1\n|move|p2b: Volcanion|Earth Power|p1b: Clodsire\n|-damage|p1b: Clodsire|83\/100\n|\n|-heal|p1b: Clodsire|89\/100|[from] item: Leftovers\n|upkeep\n|turn|2\n|\n|t:|1695986267\n|move|p1b: Clodsire|Stockpile|p1b: Clodsire\n|-start|p1b: Clodsire|stockpile2\n|-boost|p1b: Clodsire|def|1\n|-boost|p1b: Clodsire|spd|1\n|move|p2b: Volcanion|Heat Wave|p1a: Sableye|[spread] p1a,p1b\n|-damage|p1a: Sableye|58\/100\n|-damage|p1b: Clodsire|74\/100\n|move|p2a: Kingambit|Knock Off|p1b: Clodsire\n|-resisted|p1b: Clodsire\n|-damage|p1b: Clodsire|64\/100\n|-enditem|p1b: Clodsire|Leftovers|[from] move: Knock Off|[of] p2a: Kingambit\n|move|p1a: Sableye|Thunder Wave|p2b: Volcanion\n|-status|p2b: Volcanion|par\n|\n|upkeep\n|turn|3\n|\n|t:|1695986287\n|move|p1b: Clodsire|Recover|p1b: Clodsire\n|-heal|p1b: Clodsire|100\/100\n|move|p2a: Kingambit|Swords Dance|p2a: Kingambit\n|-boost|p2a: Kingambit|atk|2\n|move|p1a: Sableye|Thunder Wave|p2a: Kingambit\n|-status|p2a: Kingambit|par\n|cant|p2b: Volcanion|par\n|\n|upkeep\n|turn|4\n|\n|t:|1695986300\n|move|p1b: Clodsire|Stockpile|p1b: Clodsire\n|-start|p1b: Clodsire|stockpile3\n|-boost|p1b: Clodsire|def|1\n|-boost|p1b: Clodsire|spd|1\n|move|p1a: Sableye|Foul Play|p2a: Kingambit\n|-resisted|p2a: Kingambit\n|-damage|p2a: Kingambit|63\/100 par\n|move|p2b: Volcanion|Heat Wave|p1a: Sableye|[spread] p1a,p1b\n|-damage|p1a: Sableye|16\/100\n|-damage|p1b: Clodsire|89\/100\n|move|p2a: Kingambit|Knock Off|p1a: Sableye\n|-damage|p1a: Sableye|0 fnt\n|-enditem|p1a: Sableye|Focus Sash|[from] move: Knock Off|[of] p2a: Kingambit\n|faint|p1a: Sableye\n|\n|upkeep\n|\n|t:|1695986324\n|switch|p1a: \u30af\u30c1\u30fc\u30c8|Mawile, M, shiny|100\/100\n|-ability|p1a: \u30af\u30c1\u30fc\u30c8|Intimidate|boost\n|-unboost|p2a: Kingambit|atk|1\n|-ability|p2a: Kingambit|Defiant|boost\n|-boost|p2a: Kingambit|atk|2\n|-unboost|p2b: Volcanion|atk|1\n|turn|5\n|\n|t:|1695986350\n|detailschange|p1a: \u30af\u30c1\u30fc\u30c8|Mawile-Mega, M, shiny\n|-mega|p1a: \u30af\u30c1\u30fc\u30c8|Mawile|Mawilite\n|-singleturn|p1a: \u30af\u30c1\u30fc\u30c8|move: Focus Punch\n|move|p2a: Kingambit|Sucker Punch|p1a: \u30af\u30c1\u30fc\u30c8\n|-resisted|p1a: \u30af\u30c1\u30fc\u30c8\n|-damage|p1a: \u30af\u30c1\u30fc\u30c8|51\/100\n|move|p1b: Clodsire|After You|p1a: \u30af\u30c1\u30fc\u30c8\n|-activate|p1a: \u30af\u30c1\u30fc\u30c8|move: After You\n|cant|p1a: \u30af\u30c1\u30fc\u30c8|Focus Punch|Focus Punch\n|move|p2b: Volcanion|Heat Wave|p1a: \u30af\u30c1\u30fc\u30c8|[spread] p1a,p1b\n|-supereffective|p1a: \u30af\u30c1\u30fc\u30c8\n|-damage|p1a: \u30af\u30c1\u30fc\u30c8|0 fnt\n|-damage|p1b: Clodsire|77\/100\n|faint|p1a: \u30af\u30c1\u30fc\u30c8\n|\n|upkeep\n|\n|t:|1695986361\n|switch|p1a: Iron Hands|Iron Hands|100\/100\n|-enditem|p1a: Iron Hands|Booster Energy\n|-activate|p1a: Iron Hands|ability: Quark Drive|[fromitem]\n|-start|p1a: Iron Hands|quarkdriveatk\n|turn|6\n|\n|t:|1695986377\n|move|p1b: Clodsire|After You|p1a: Iron Hands\n|-activate|p1a: Iron Hands|move: After You\n|move|p1a: Iron Hands|Earthquake|p2b: Volcanion|[spread] p1b,p2a,p2b\n|-supereffective|p2a: Kingambit\n|-supereffective|p2b: Volcanion\n|-damage|p1b: Clodsire|66\/100\n|-damage|p2a: Kingambit|10\/100 par\n|-damage|p2b: Volcanion|39\/100 par\n|cant|p2b: Volcanion|par\n|move|p2a: Kingambit|Knock Off|p1a: Iron Hands\n|-resisted|p1a: Iron Hands\n|-damage|p1a: Iron Hands|71\/100\n|\n|upkeep\n|turn|7\n|\n|t:|1695986394\n|move|p2a: Kingambit|Sucker Punch|p1a: Iron Hands\n|-resisted|p1a: Iron Hands\n|-damage|p1a: Iron Hands|38\/100\n|move|p1b: Clodsire|After You|p1a: Iron Hands\n|-activate|p1a: Iron Hands|move: After You\n|move|p1a: Iron Hands|Earthquake|p2b: Volcanion|[spread] p1b,p2a,p2b\n|-supereffective|p2a: Kingambit\n|-supereffective|p2b: Volcanion\n|-damage|p1b: Clodsire|54\/100\n|-damage|p2a: Kingambit|0 fnt\n|-damage|p2b: Volcanion|0 fnt\n|faint|p2a: Kingambit\n|faint|p2b: Volcanion\n|\n|upkeep\n|\n|t:|1695986410\n|switch|p2b: Tornadus|Tornadus, M|100\/100\n|switch|p2a: Flutter Mane|Flutter Mane|100\/100\n|turn|8\n|\n|t:|1695986429\n|-terastallize|p2a: Flutter Mane|Fairy\n|-zpower|p2b: Tornadus\n|move|p2b: Tornadus|Z-Tailwind|p2b: Tornadus|[anim]Tailwind\n|-start|p2b: Tornadus|move: Focus Energy|[zeffect]\n|-sidestart|p2: user58342485|move: Tailwind\n|move|p1b: Clodsire|After You|p1a: Iron Hands\n|-activate|p1a: Iron Hands|move: After You\n|move|p1a: Iron Hands|Wild Charge|p2a: Flutter Mane\n|-damage|p2a: Flutter Mane|0 fnt\n|faint|p2a: Flutter Mane\n|-end|p2a: Flutter Mane|Protosynthesis|[silent]\n|-damage|p1a: Iron Hands|26\/100|[from] Recoil\n|\n|upkeep\n|\n|t:|1695986442\n|switch|p2a: Rillaboom|Rillaboom, M|100\/100\n|-fieldstart|move: Grassy Terrain|[from] ability: Grassy Surge|[of] p2a: Rillaboom\n|turn|9\n|c|\u2606user58342485|damn i didnt know how z tailwind works lol\n|\n|t:|1695986465\n|-end|p1a: Iron Hands|Quark Drive|[silent]\n|switch|p1a: Tapu Lele|Tapu Lele|100\/100\n|-fieldstart|move: Psychic Terrain|[from] ability: Psychic Surge|[of] p1a: Tapu Lele\n|move|p2a: Rillaboom|Fake Out|p1b: Clodsire\n|-activate|p1b: Clodsire|move: Psychic Terrain\n|move|p1b: Clodsire|Recover|p1b: Clodsire\n|-heal|p1b: Clodsire|100\/100\n|move|p2b: Tornadus|Bleakwind Storm|p1b: Clodsire|[spread] p1a,p1b\n|-crit|p1a: Tapu Lele\n|-damage|p1a: Tapu Lele|36\/100\n|-damage|p1b: Clodsire|90\/100\n|-unboost|p1a: Tapu Lele|spe|1\n|-unboost|p1b: Clodsire|spe|1\n|\n|upkeep\n|turn|10\n|c|\u2606Paldea Athens 420|its good my brother used it on flying team\n|\n|t:|1695986488\n|switch|p2a: Metagross|Metagross|100\/100\n|move|p1b: Clodsire|After You|p1a: Tapu Lele\n|-activate|p1a: Tapu Lele|move: After You\n|move|p1a: Tapu Lele|Psychic|p2a: Metagross\n|-resisted|p2a: Metagross\n|-damage|p2a: Metagross|82\/100\n|move|p2b: Tornadus|Bleakwind Storm|p1b: Clodsire|[spread] p1a,p1b\n|-crit|p1b: Clodsire\n|-damage|p1a: Tapu Lele|0 fnt\n|-damage|p1b: Clodsire|50\/100\n|-unboost|p1b: Clodsire|spe|1\n|faint|p1a: Tapu Lele\n|\n|upkeep\n|\n|t:|1695986491\n|switch|p1a: Flutter Mane|Flutter Mane|100\/100\n|-enditem|p1a: Flutter Mane|Booster Energy\n|-activate|p1a: Flutter Mane|ability: Protosynthesis|[fromitem]\n|-start|p1a: Flutter Mane|protosynthesisspa\n|turn|11\n|\n|t:|1695986515\n|move|p2a: Metagross|Protect|p2a: Metagross\n|-singleturn|p2a: Metagross|Protect\n|move|p1b: Clodsire|After You|p1a: Flutter Mane\n|-activate|p1a: Flutter Mane|move: After You\n|move|p1a: Flutter Mane|Shadow Ball|p2a: Metagross\n|-activate|p2a: Metagross|move: Protect\n|move|p2b: Tornadus|Bleakwind Storm|p1b: Clodsire|[spread] p1a,p1b\n|-crit|p1b: Clodsire\n|-damage|p1a: Flutter Mane|63\/100\n|-damage|p1b: Clodsire|8\/100\n|\n|-sideend|p2: user58342485|move: Tailwind\n|upkeep\n|turn|12\n|\n|t:|1695986534\n|switch|p2a: Rillaboom|Rillaboom, M|100\/100\n|-fieldstart|move: Grassy Terrain|[from] ability: Grassy Surge|[of] p2a: Rillaboom\n|move|p2b: Tornadus|Tailwind|p2b: Tornadus\n|-sidestart|p2: user58342485|move: Tailwind\n|move|p1b: Clodsire|After You|p1a: Flutter Mane\n|-activate|p1a: Flutter Mane|move: After You\n|move|p1a: Flutter Mane|Shadow Ball|p2a: Rillaboom\n|-damage|p2a: Rillaboom|58\/100\n|\n|-heal|p2a: Rillaboom|64\/100|[from] Grassy Terrain\n|-heal|p1a: Flutter Mane|69\/100|[from] Grassy Terrain\n|-heal|p1b: Clodsire|14\/100|[from] Grassy Terrain\n|upkeep\n|turn|13\n|\n|t:|1695986553\n|move|p2a: Rillaboom|Grassy Glide|p1b: Clodsire\n|-damage|p1b: Clodsire|4\/100\n|move|p1b: Clodsire|Recover|p1b: Clodsire\n|-heal|p1b: Clodsire|54\/100\n|move|p2b: Tornadus|Bleakwind Storm|p1b: Clodsire|[spread] p1a,p1b\n|-damage|p1a: Flutter Mane|29\/100\n|-damage|p1b: Clodsire|43\/100\n|move|p1a: Flutter Mane|Moonblast|p2b: Tornadus\n|-damage|p2b: Tornadus|7\/100\n|\n|-heal|p2a: Rillaboom|70\/100|[from] Grassy Terrain\n|-heal|p1a: Flutter Mane|35\/100|[from] Grassy Terrain\n|-heal|p1b: Clodsire|49\/100|[from] Grassy Terrain\n|upkeep\n|turn|14\n|c|\u2606user58342485|aw cmon lmao\n|c|\u2606user58342485|pitiful damage\n|inactive|user58342485 has 120 seconds left.\n|\n|t:|1695986586\n|move|p2a: Rillaboom|Grassy Glide|p1a: Flutter Mane\n|-crit|p1a: Flutter Mane\n|-damage|p1a: Flutter Mane|0 fnt\n|faint|p1a: Flutter Mane\n|-end|p1a: Flutter Mane|Protosynthesis|[silent]\n|move|p1b: Clodsire|After You|p1: Flutter Mane|[notarget]\n|-fail|p1b: Clodsire\n|move|p2b: Tornadus|Bleakwind Storm|p1b: Clodsire\n|-damage|p1b: Clodsire|33\/100\n|-unboost|p1b: Clodsire|spe|1\n|\n|-heal|p2a: Rillaboom|76\/100|[from] Grassy Terrain\n|-heal|p1b: Clodsire|39\/100|[from] Grassy Terrain\n|upkeep\n|\n|t:|1695986596\n|switch|p1a: Iron Hands|Iron Hands|26\/100\n|turn|15\n|\n|t:|1695986605\n|switch|p2a: Metagross|Metagross|82\/100\n|move|p2b: Tornadus|Protect|p2b: Tornadus\n|-singleturn|p2b: Tornadus|Protect\n|move|p1a: Iron Hands|Fake Out|p2b: Tornadus\n|-activate|p2b: Tornadus|move: Protect\n|move|p1b: Clodsire|Recover|p1b: Clodsire\n|-heal|p1b: Clodsire|89\/100\n|\n|-heal|p2a: Metagross|88\/100|[from] Grassy Terrain\n|-heal|p1a: Iron Hands|32\/100|[from] Grassy Terrain\n|-heal|p1b: Clodsire|95\/100|[from] Grassy Terrain\n|-sideend|p2: user58342485|move: Tailwind\n|upkeep\n|turn|16\n|c|\u2606Paldea Athens 420|i deserve this loss\n|\n|t:|1695986631\n|detailschange|p2a: Metagross|Metagross-Mega\n|-mega|p2a: Metagross|Metagross|Metagrossite\n|-singleturn|p1a: Iron Hands|move: Focus Punch\n|move|p1b: Clodsire|After You|p1a: Iron Hands\n|-activate|p1a: Iron Hands|move: After You\n|move|p1a: Iron Hands|Focus Punch|p2a: Metagross\n|-damage|p2a: Metagross|19\/100\n|move|p2b: Tornadus|Bleakwind Storm|p1a: Iron Hands|[spread] p1a,p1b\n|-crit|p1a: Iron Hands\n|-crit|p1b: Clodsire\n|-damage|p1a: Iron Hands|0 fnt\n|-damage|p1b: Clodsire|52\/100\n|-unboost|p1b: Clodsire|spe|1\n|faint|p1a: Iron Hands\n|-end|p1a: Iron Hands|Quark Drive|[silent]\n|move|p2a: Metagross|Stomping Tantrum|p1b: Clodsire\n|-damage|p1b: Clodsire|41\/100\n|\n|-heal|p2a: Metagross|25\/100|[from] Grassy Terrain\n|-heal|p1b: Clodsire|47\/100|[from] Grassy Terrain\n|-fieldend|move: Grassy Terrain\n|upkeep\n|turn|17\n|-message|Paldea Athens 420 forfeited.\n|\n|win|user58342485\n|raw|Paldea Athens 420's rating: 1485 &rarr; <strong>1469<\/strong><br \/>(-16 for losing)\n|raw|user58342485's rating: 1561 &rarr; <strong>1577<\/strong><br \/>(+16 for winning)\n|l|\u2606Paldea Athens 420\n|c|\u2606user58342485|scary stuff haha\n","uploadtime":1695986889,"views":17,"p1id":"paldeaathens420","p2id":"user58342485","formatid":"gen9nationaldexdoubles","rating":1469,"private":0,"password":""}