{"id":"gen9nationaldexdoubles-1975273780","p1":"Chiropt","p2":"UltraVapor","format":"[Gen 9] National Dex Doubles","log":"|j|\u2606Chiropt\n|j|\u2606UltraVapor\n|t:|1698175577\n|gametype|doubles\n|player|p1|Chiropt|norman|1024\n|player|p2|UltraVapor|shelly|1047\n|teamsize|p1|6\n|teamsize|p2|6\n|gen|9\n|tier|[Gen 9] National Dex Doubles\n|rated|\n|rule|HP Percentage Mod: HP is shown in percentages\n|rule|Endless Battle Clause: Forcing endless battles is banned\n|rule|OHKO Clause: OHKO moves are banned\n|rule|Evasion Moves Clause: Evasion moves are banned\n|rule|Evasion Abilities Clause: Evasion abilities are banned\n|rule|Species Clause: Limit one of each Pok\u00e9mon\n|rule|Gravity Sleep Clause: The combination of sleep-inducing moves with imperfect accuracy and Gravity or Gigantamax Orbeetle are banned\n|clearpoke\n|poke|p1|Grimmsnarl, M|\n|poke|p1|Swoobat, F|\n|poke|p1|Ceruledge, F|\n|poke|p1|Absol, M|\n|poke|p1|Gyarados, M|\n|poke|p1|Glimmora, F|\n|poke|p2|Ninetales-Alola, F|\n|poke|p2|Baxcalibur, M|\n|poke|p2|Chien-Pao|\n|poke|p2|Iron Bundle|\n|poke|p2|Avalugg-Hisui, M|\n|poke|p2|Glaceon, M|\n|teampreview\n|inactive|Battle timer is ON: inactive players will automatically lose when time's up. (requested by Chiropt)\n|\n|t:|1698175583\n|start\n|switch|p1a: Grimmsnarl|Grimmsnarl, M|100\/100\n|switch|p1b: Glimmora|Glimmora, F|100\/100\n|switch|p2a: Ninetales|Ninetales-Alola, F|100\/100\n|switch|p2b: Avalugg|Avalugg-Hisui, M, shiny|100\/100\n|-weather|Snow|[from] ability: Snow Warning|[of] p2a: Ninetales\n|turn|1\n|\n|t:|1698175603\n|-terastallize|p2a: Ninetales|Steel\n|move|p1a: Grimmsnarl|Reflect|p1a: Grimmsnarl\n|-sidestart|p1: Chiropt|Reflect\n|move|p2a: Ninetales|Dazzling Gleam|p1a: Grimmsnarl|[spread] p1a,p1b\n|-supereffective|p1a: Grimmsnarl\n|-resisted|p1b: Glimmora\n|-damage|p1a: Grimmsnarl|65\/100\n|-damage|p1b: Glimmora|81\/100\n|move|p1b: Glimmora|Mortal Spin|p2a: Ninetales|[spread] p2b\n|-immune|p2a: Ninetales\n|-resisted|p2b: Avalugg\n|-damage|p2b: Avalugg|99\/100\n|-status|p2b: Avalugg|psn\n|move|p2b: Avalugg|Aurora Veil|p2b: Avalugg\n|-sidestart|p2: UltraVapor|move: Aurora Veil\n|\n|-weather|Snow|[upkeep]\n|-damage|p2b: Avalugg|88\/100 psn|[from] psn\n|upkeep\n|turn|2\n|inactive|UltraVapor has 120 seconds left.\n|\n|t:|1698175634\n|move|p1a: Grimmsnarl|Light Screen|p1a: Grimmsnarl\n|-sidestart|p1: Chiropt|move: Light Screen\n|move|p2a: Ninetales|Dazzling Gleam|p1a: Grimmsnarl|[spread] p1a,p1b\n|-supereffective|p1a: Grimmsnarl\n|-resisted|p1b: Glimmora\n|-damage|p1a: Grimmsnarl|40\/100\n|-damage|p1b: Glimmora|68\/100\n|move|p1b: Glimmora|Spikes|p2b: Avalugg\n|-sidestart|p2: UltraVapor|Spikes\n|move|p2b: Avalugg|Rock Slide|p1b: Glimmora|[spread] p1b\n|-miss|p2b: Avalugg|p1a: Grimmsnarl\n|-damage|p1b: Glimmora|43\/100\n|-activate|p1b: Glimmora|ability: Toxic Debris\n|-sidestart|p2: UltraVapor|move: Toxic Spikes\n|\n|-weather|Snow|[upkeep]\n|-damage|p2b: Avalugg|75\/100 psn|[from] psn\n|upkeep\n|turn|3\n|\n|t:|1698175657\n|move|p1a: Grimmsnarl|Thunder Wave|p2a: Ninetales\n|-status|p2a: Ninetales|par\n|move|p1b: Glimmora|Spikes|p2a: Ninetales\n|-sidestart|p2: UltraVapor|Spikes\n|move|p2a: Ninetales|Dazzling Gleam|p1a: Grimmsnarl|[spread] p1a,p1b\n|-supereffective|p1a: Grimmsnarl\n|-resisted|p1b: Glimmora\n|-damage|p1a: Grimmsnarl|15\/100\n|-damage|p1b: Glimmora|31\/100\n|move|p2b: Avalugg|Ice Spinner|p1a: Grimmsnarl\n|-damage|p1a: Grimmsnarl|0 fnt\n|faint|p1a: Grimmsnarl\n|\n|-weather|Snow|[upkeep]\n|-damage|p2b: Avalugg|63\/100 psn|[from] psn\n|upkeep\n|inactive|Chiropt has 120 seconds left.\n|\n|t:|1698175676\n|switch|p1a: Swoobat|Swoobat, F|100\/100\n|turn|4\n|\n|t:|1698175696\n|move|p1a: Swoobat|Tailwind|p1a: Swoobat\n|-sidestart|p1: Chiropt|move: Tailwind\n|move|p1b: Glimmora|Spikes|p2a: Ninetales\n|-sidestart|p2: UltraVapor|Spikes\n|cant|p2a: Ninetales|par\n|move|p2b: Avalugg|Ice Spinner|p1a: Swoobat\n|-supereffective|p1a: Swoobat\n|-damage|p1a: Swoobat|17\/100\n|\n|-weather|Snow|[upkeep]\n|-damage|p2b: Avalugg|50\/100 psn|[from] psn\n|upkeep\n|-enditem|p2b: Avalugg|Sitrus Berry|[eat]\n|-heal|p2b: Avalugg|75\/100 psn|[from] item: Sitrus Berry\n|turn|5\n|\n|t:|1698175722\n|move|p1a: Swoobat|Simple Beam|p2b: Avalugg\n|-endability|p2b: Avalugg|Sturdy|[from] move: Simple Beam\n|-ability|p2b: Avalugg|Simple|[from] move: Simple Beam\n|move|p1b: Glimmora|Dazzling Gleam|p2b: Avalugg|[spread] p2a,p2b\n|-resisted|p2a: Ninetales\n|-damage|p2a: Ninetales|92\/100 par\n|-damage|p2b: Avalugg|43\/100 psn\n|move|p2a: Ninetales|Freeze-Dry|p1b: Glimmora\n|-damage|p1b: Glimmora|2\/100\n|move|p2b: Avalugg|Rock Slide|p1a: Swoobat|[spread] p1a,p1b\n|-supereffective|p1a: Swoobat\n|-damage|p1a: Swoobat|0 fnt\n|-damage|p1b: Glimmora|0 fnt\n|-activate|p1b: Glimmora|ability: Toxic Debris\n|-sidestart|p2: UltraVapor|move: Toxic Spikes\n|faint|p1a: Swoobat\n|faint|p1b: Glimmora\n|\n|-weather|Snow|[upkeep]\n|-damage|p2b: Avalugg|31\/100 psn|[from] psn\n|-sideend|p2: UltraVapor|move: Aurora Veil\n|upkeep\n|inactive|Chiropt has 120 seconds left.\n|\n|t:|1698175746\n|switch|p1a: Absol|Absol, M|100\/100\n|switch|p1b: Ceruledge|Ceruledge, F|100\/100\n|-ability|p1a: Absol|Pressure\n|turn|6\n|\n|t:|1698175766\n|detailschange|p1a: Absol|Absol-Mega, M\n|-mega|p1a: Absol|Absol|Absolite\n|move|p1a: Absol|Swords Dance|p1a: Absol\n|-boost|p1a: Absol|atk|2\n|move|p1b: Ceruledge|Swords Dance|p1b: Ceruledge\n|-boost|p1b: Ceruledge|atk|2\n|cant|p2a: Ninetales|par\n|move|p2b: Avalugg|Aurora Veil|p2b: Avalugg\n|-sidestart|p2: UltraVapor|move: Aurora Veil\n|\n|-weather|Snow|[upkeep]\n|-damage|p2b: Avalugg|19\/100 psn|[from] psn\n|upkeep\n|turn|7\n|\n|t:|1698175784\n|move|p1a: Absol|Knock Off|p2b: Avalugg\n|-damage|p2b: Avalugg|3\/100 psn\n|move|p1b: Ceruledge|Bitter Blade|p2a: Ninetales\n|-supereffective|p2a: Ninetales\n|-damage|p2a: Ninetales|0 fnt\n|faint|p2a: Ninetales\n|move|p2b: Avalugg|Rock Slide|p1b: Ceruledge|[spread] p1a\n|-miss|p2b: Avalugg|p1b: Ceruledge\n|-damage|p1a: Absol|67\/100\n|\n|-weather|Snow|[upkeep]\n|-damage|p2b: Avalugg|0 fnt|[from] psn\n|faint|p2b: Avalugg\n|-sideend|p1: Chiropt|move: Tailwind\n|upkeep\n|inactive|UltraVapor has 120 seconds left.\n|\n|t:|1698175804\n|switch|p2a: Baxcalibur|Baxcalibur, M|100\/100\n|switch|p2b: Chien-Pao|Chien-Pao|100\/100\n|-damage|p2b: Chien-Pao|76\/100|[from] Spikes\n|-status|p2b: Chien-Pao|tox\n|-ability|p2b: Chien-Pao|Sword of Ruin\n|-damage|p2a: Baxcalibur|75\/100|[from] Spikes\n|-status|p2a: Baxcalibur|tox\n|turn|8\n|\n|t:|1698175821\n|move|p2b: Chien-Pao|Sacred Sword|p1a: Absol\n|-supereffective|p1a: Absol\n|-damage|p1a: Absol|0 fnt\n|faint|p1a: Absol\n|move|p1b: Ceruledge|Bitter Blade|p2b: Chien-Pao\n|-supereffective|p2b: Chien-Pao\n|-damage|p2b: Chien-Pao|0 fnt\n|faint|p2b: Chien-Pao\n|move|p2a: Baxcalibur|Dragon Dance|p2a: Baxcalibur\n|-boost|p2a: Baxcalibur|atk|1\n|-boost|p2a: Baxcalibur|spe|1\n|\n|-weather|none\n|-damage|p2a: Baxcalibur|69\/100 tox|[from] psn\n|-sideend|p1: Chiropt|Reflect\n|upkeep\n|-message|Chiropt forfeited.\n|\n|win|UltraVapor\n|raw|Chiropt's rating: 1024 &rarr; <strong>1011<\/strong><br \/>(-13 for losing)\n|raw|UltraVapor's rating: 1047 &rarr; <strong>1078<\/strong><br \/>(+31 for winning)\n|l|\u2606Chiropt\n|c|\u2606UltraVapor|gg\n","uploadtime":1698175838,"views":14,"p1id":"chiropt","p2id":"ultravapor","formatid":"gen9nationaldexdoubles","rating":1011,"private":0,"password":""}