{"id":"gen9nationaldexdoubles-1991597395","p1":"fumbari 24","p2":"Pancake Tuesday","format":"[Gen 9] National Dex Doubles","log":"|j|\u2606fumbari 24\n|j|\u2606Pancake Tuesday\n|t:|1700092461\n|gametype|doubles\n|player|p1|fumbari 24|hilbert|1358\n|player|p2|Pancake Tuesday|266|1372\n|teamsize|p1|6\n|teamsize|p2|6\n|gen|9\n|tier|[Gen 9] National Dex Doubles\n|rated|\n|rule|HP Percentage Mod: HP is shown in percentages\n|rule|Endless Battle Clause: Forcing endless battles is banned\n|rule|OHKO Clause: OHKO moves are banned\n|rule|Evasion Moves Clause: Evasion moves are banned\n|rule|Evasion Abilities Clause: Evasion abilities are banned\n|rule|Species Clause: Limit one of each Pok\u00e9mon\n|rule|Gravity Sleep Clause: The combination of sleep-inducing moves with imperfect accuracy and Gravity or Gigantamax Orbeetle are banned\n|clearpoke\n|poke|p1|Iron Moth|\n|poke|p1|Tapu Koko|\n|poke|p1|Farigiraf, F|\n|poke|p1|Sableye, M|\n|poke|p1|Heracross, M|\n|poke|p1|Stakataka|\n|poke|p2|Ninetales-Alola, F|\n|poke|p2|Latias, F|\n|poke|p2|Volcanion|\n|poke|p2|Kyurem-Black|\n|poke|p2|Whimsicott, F|\n|poke|p2|Zamazenta-*|\n|teampreview\n|inactive|Battle timer is ON: inactive players will automatically lose when time's up. (requested by fumbari 24)\n|inactive|Pancake Tuesday has 120 seconds left.\n|\n|t:|1700092501\n|start\n|switch|p1a: J.H|Farigiraf, F|100\/100\n|switch|p1b: Mike|Stakataka|100\/100\n|switch|p2a: Volcanion|Volcanion|100\/100\n|switch|p2b: Ninetales|Ninetales-Alola, F|100\/100\n|-weather|Snow|[from] ability: Snow Warning|[of] p2b: Ninetales\n|turn|1\n|\n|t:|1700092517\n|move|p2b: Ninetales|Aurora Veil|p2b: Ninetales\n|-sidestart|p2: Pancake Tuesday|move: Aurora Veil\n|move|p2a: Volcanion|Substitute|p2a: Volcanion\n|-start|p2a: Volcanion|Substitute\n|-damage|p2a: Volcanion|76\/100\n|-zpower|p1b: Mike\n|move|p1b: Mike|Continental Crush|p2a: Volcanion|[zeffect]\n|-supereffective|p2a: Volcanion\n|-end|p2a: Volcanion|Substitute\n|move|p1a: J.H|Trick Room|p1a: J.H\n|-fieldstart|move: Trick Room|[of] p1a: J.H\n|\n|-weather|Snow|[upkeep]\n|upkeep\n|turn|2\n|\n|t:|1700092543\n|move|p1b: Mike|Rock Slide|p2a: Volcanion|[spread] p2b\n|-miss|p1b: Mike|p2a: Volcanion\n|-supereffective|p2b: Ninetales\n|-damage|p2b: Ninetales|55\/100\n|move|p1a: J.H|Hyper Voice|p2a: Volcanion|[spread] p2a,p2b\n|-damage|p2a: Volcanion|60\/100\n|-damage|p2b: Ninetales|32\/100\n|-enditem|p1a: J.H|Throat Spray\n|-boost|p1a: J.H|spa|1|[from] item: Throat Spray\n|-zpower|p2a: Volcanion\n|move|p2a: Volcanion|Hydro Vortex|p1b: Mike|[zeffect]\n|-supereffective|p1b: Mike\n|-damage|p1b: Mike|0 fnt\n|faint|p1b: Mike\n|cant|p2b: Ninetales|flinch\n|\n|-weather|Snow|[upkeep]\n|upkeep\n|\n|t:|1700092557\n|switch|p1b: Heracles|Heracross, M|100\/100\n|turn|3\n|\n|t:|1700092571\n|detailschange|p1b: Heracles|Heracross-Mega, M\n|-mega|p1b: Heracles|Heracross|Heracronite\n|move|p2b: Ninetales|Protect|p2b: Ninetales\n|-singleturn|p2b: Ninetales|Protect\n|move|p1a: J.H|Hyper Voice|p2a: Volcanion|[spread] p2a\n|-activate|p2b: Ninetales|move: Protect\n|-damage|p2a: Volcanion|34\/100\n|move|p2a: Volcanion|Heat Wave|p1b: Heracles|[spread] p1a\n|-miss|p2a: Volcanion|p1b: Heracles\n|-crit|p1a: J.H\n|-damage|p1a: J.H|47\/100\n|move|p1b: Heracles|Bullet Seed|p2a: Volcanion\n|-damage|p2a: Volcanion|28\/100\n|-damage|p2a: Volcanion|22\/100\n|-damage|p2a: Volcanion|16\/100\n|-damage|p2a: Volcanion|10\/100\n|-damage|p2a: Volcanion|4\/100\n|-hitcount|p2a: Volcanion|5\n|\n|-weather|Snow|[upkeep]\n|upkeep\n|turn|4\n|\n|t:|1700092594\n|move|p1a: J.H|Hyper Voice|p2a: Volcanion|[spread] p2a,p2b\n|-damage|p2a: Volcanion|0 fnt\n|-damage|p2b: Ninetales|0 fnt\n|faint|p2a: Volcanion\n|faint|p2b: Ninetales\n|move|p1b: Heracles|Close Combat|p2: Volcanion|[notarget]\n|-fail|p1b: Heracles\n|\n|-weather|Snow|[upkeep]\n|upkeep\n|\n|t:|1700092602\n|switch|p2a: Zamazenta|Zamazenta|100\/100\n|switch|p2b: Kyurem|Kyurem-Black|100\/100\n|-ability|p2b: Kyurem|Teravolt\n|-ability|p2a: Zamazenta|Dauntless Shield|boost\n|-boost|p2a: Zamazenta|def|1\n|turn|5\n|\n|t:|1700092614\n|-terastallize|p2b: Kyurem|Electric\n|move|p2a: Zamazenta|Wide Guard|p2a: Zamazenta\n|-singleturn|p2a: Zamazenta|Wide Guard\n|move|p1a: J.H|Twin Beam|p2a: Zamazenta\n|-supereffective|p2a: Zamazenta\n|-damage|p2a: Zamazenta|73\/100\n|-supereffective|p2a: Zamazenta\n|-damage|p2a: Zamazenta|47\/100\n|-enditem|p2a: Zamazenta|Sitrus Berry|[eat]\n|-heal|p2a: Zamazenta|72\/100|[from] item: Sitrus Berry\n|-hitcount|p2a: Zamazenta|2\n|move|p1b: Heracles|Close Combat|p2b: Kyurem\n|-crit|p2b: Kyurem\n|-damage|p2b: Kyurem|0 fnt\n|-unboost|p1b: Heracles|def|1\n|-unboost|p1b: Heracles|spd|1\n|faint|p2b: Kyurem\n|\n|-weather|none\n|-fieldend|move: Trick Room\n|upkeep\n|\n|t:|1700092631\n|switch|p2b: Latias|Latias, F|100\/100\n|turn|6\n|\n|t:|1700092637\n|detailschange|p2b: Latias|Latias-Mega, F\n|-mega|p2b: Latias|Latias|Latiasite\n|move|p1b: Heracles|Protect|p1b: Heracles\n|-singleturn|p1b: Heracles|Protect\n|move|p2a: Zamazenta|Play Rough|p1b: Heracles\n|-activate|p1b: Heracles|move: Protect\n|move|p2b: Latias|Calm Mind|p2b: Latias\n|-boost|p2b: Latias|spa|1\n|-boost|p2b: Latias|spd|1\n|move|p1a: J.H|Trick Room|p1a: J.H\n|-fieldstart|move: Trick Room|[of] p1a: J.H\n|\n|upkeep\n|turn|7\n|\n|t:|1700092649\n|move|p1a: J.H|Twin Beam|p2a: Zamazenta\n|-supereffective|p2a: Zamazenta\n|-crit|p2a: Zamazenta\n|-damage|p2a: Zamazenta|7\/100\n|-supereffective|p2a: Zamazenta\n|-damage|p2a: Zamazenta|0 fnt\n|faint|p2a: Zamazenta\n|-hitcount|p2: Zamazenta|2\n|move|p1b: Heracles|Pin Missile|p2b: Latias\n|-supereffective|p2b: Latias\n|-damage|p2b: Latias|82\/100\n|-supereffective|p2b: Latias\n|-damage|p2b: Latias|62\/100\n|-supereffective|p2b: Latias\n|-damage|p2b: Latias|43\/100\n|-supereffective|p2b: Latias\n|-damage|p2b: Latias|25\/100\n|-supereffective|p2b: Latias\n|-damage|p2b: Latias|7\/100\n|-hitcount|p2b: Latias|5\n|move|p2b: Latias|Calm Mind|p2b: Latias\n|-boost|p2b: Latias|spa|1\n|-boost|p2b: Latias|spd|1\n|\n|upkeep\n|\n|t:|1700092658\n|switch|p2a: Whimsicott|Whimsicott, F|100\/100\n|turn|8\n|\n|t:|1700092671\n|move|p1a: J.H|Hyper Voice|p2b: Latias|[spread] p2a,p2b\n|-crit|p2b: Latias\n|-damage|p2a: Whimsicott|57\/100\n|-damage|p2b: Latias|0 fnt\n|faint|p2b: Latias\n|move|p1b: Heracles|Pin Missile|p2a: Whimsicott\n|-crit|p2a: Whimsicott\n|-damage|p2a: Whimsicott|16\/100\n|-damage|p2a: Whimsicott|0 fnt\n|faint|p2a: Whimsicott\n|-hitcount|p2: Whimsicott|2\n|\n|win|fumbari 24\n|raw|fumbari 24's rating: 1358 &rarr; <strong>1379<\/strong><br \/>(+21 for winning)\n|raw|Pancake Tuesday's rating: 1372 &rarr; <strong>1351<\/strong><br \/>(-21 for losing)\n","uploadtime":1700092683,"views":5,"p1id":"fumbari24","p2id":"pancaketuesday","formatid":"gen9nationaldexdoubles","rating":1351,"private":0,"password":""}