{"id":"gen9nationaldexdoubles-1947584782","p1":"LordSandaime","p2":"user58342485","format":"[Gen 9] National Dex Doubles","log":"|j|\u2606LordSandaime\n|j|\u2606user58342485\n|t:|1695174993\n|gametype|doubles\n|player|p1|LordSandaime|alder|1457\n|player|p2|user58342485|pokemaniac|1541\n|teamsize|p1|6\n|teamsize|p2|6\n|gen|9\n|tier|[Gen 9] National Dex Doubles\n|rated|\n|rule|HP Percentage Mod: HP is shown in percentages\n|rule|Endless Battle Clause: Forcing endless battles is banned\n|rule|OHKO Clause: OHKO moves are banned\n|rule|Evasion Moves Clause: Evasion moves are banned\n|rule|Evasion Abilities Clause: Evasion abilities are banned\n|rule|Species Clause: Limit one of each Pok\u00e9mon\n|rule|Gravity Sleep Clause: The combination of sleep-inducing moves with imperfect accuracy and Gravity or Gigantamax Orbeetle are banned\n|clearpoke\n|poke|p1|Kommo-o, M|\n|poke|p1|Volcarona, M|\n|poke|p1|Grimmsnarl, M|\n|poke|p1|Ursaluna-Bloodmoon, M|\n|poke|p1|Darmanitan-Galar, M|\n|poke|p1|Basculegion, M|\n|poke|p2|Rillaboom, M|\n|poke|p2|Salamence, F|\n|poke|p2|Volcanion|\n|poke|p2|Chien-Pao|\n|poke|p2|Flutter Mane|\n|poke|p2|Ogerpon-Cornerstone, F|\n|teampreview\n|inactive|Battle timer is ON: inactive players will automatically lose when time's up. (requested by LordSandaime)\n|inactive|user58342485 also wants the timer to be on.\n|inactive|user58342485 has 120 seconds left.\n|\n|t:|1695175038\n|start\n|switch|p1a: Grimmsnarl|Grimmsnarl, M|100\/100\n|switch|p1b: Darmanitan|Darmanitan-Galar, M|100\/100\n|switch|p2a: Rillaboom|Rillaboom, M|100\/100\n|switch|p2b: Flutter Mane|Flutter Mane|100\/100\n|-fieldstart|move: Grassy Terrain|[from] ability: Grassy Surge|[of] p2a: Rillaboom\n|turn|1\n|inactive|user58342485 has 120 seconds left.\n|j| 0lvl!\n|\n|t:|1695175075\n|move|p2a: Rillaboom|Fake Out|p1b: Darmanitan\n|-damage|p1b: Darmanitan|78\/100\n|move|p1a: Grimmsnarl|Thunder Wave|p2b: Flutter Mane\n|-status|p2b: Flutter Mane|par\n|cant|p1b: Darmanitan|flinch\n|move|p2b: Flutter Mane|Moonblast|p1b: Darmanitan\n|-damage|p1b: Darmanitan|0 fnt\n|faint|p1b: Darmanitan\n|\n|upkeep\n|\n|t:|1695175090\n|switch|p1b: Volcarona|Volcarona, M|100\/100\n|turn|2\n|\n|t:|1695175103\n|switch|p2a: Volcanion|Volcanion|100\/100\n|move|p1a: Grimmsnarl|Light Screen|p1a: Grimmsnarl\n|-sidestart|p1: LordSandaime|move: Light Screen\n|move|p1b: Volcarona|Fiery Dance|p2b: Flutter Mane\n|-damage|p2b: Flutter Mane|55\/100 par\n|-boost|p1b: Volcarona|spa|1\n|move|p2b: Flutter Mane|Moonblast|p1a: Grimmsnarl\n|-supereffective|p1a: Grimmsnarl\n|-damage|p1a: Grimmsnarl|28\/100\n|-unboost|p1a: Grimmsnarl|spa|1\n|\n|-heal|p2b: Flutter Mane|61\/100 par|[from] Grassy Terrain\n|-heal|p1a: Grimmsnarl|34\/100|[from] Grassy Terrain\n|upkeep\n|turn|3\n|\n|t:|1695175127\n|-terastallize|p1b: Volcarona|Grass\n|move|p1a: Grimmsnarl|Thunder Wave|p2a: Volcanion\n|-status|p2a: Volcanion|par\n|move|p1b: Volcarona|Giga Drain|p2a: Volcanion\n|-damage|p2a: Volcanion|48\/100 par\n|move|p2b: Flutter Mane|Moonblast|p1b: Volcarona\n|-damage|p1b: Volcarona|47\/100\n|move|p2a: Volcanion|Steam Eruption|p1b: Volcarona\n|-resisted|p1b: Volcarona\n|-damage|p1b: Volcarona|28\/100\n|-status|p1b: Volcarona|brn\n|\n|-heal|p1b: Volcarona|34\/100 brn|[from] Grassy Terrain\n|-heal|p2b: Flutter Mane|67\/100 par|[from] Grassy Terrain\n|-heal|p1a: Grimmsnarl|40\/100|[from] Grassy Terrain\n|-heal|p2a: Volcanion|54\/100 par|[from] Grassy Terrain\n|-damage|p1b: Volcarona|28\/100 brn|[from] brn\n|upkeep\n|turn|4\n|\n|t:|1695175156\n|move|p1b: Volcarona|Fiery Dance|p2b: Flutter Mane\n|-damage|p2b: Flutter Mane|3\/100 par\n|-boost|p1b: Volcarona|spa|1\n|move|p2b: Flutter Mane|Moonblast|p1a: Grimmsnarl\n|-supereffective|p1a: Grimmsnarl\n|-damage|p1a: Grimmsnarl|0 fnt\n|faint|p1a: Grimmsnarl\n|move|p2a: Volcanion|Heat Wave|p1b: Volcarona\n|-supereffective|p1b: Volcarona\n|-damage|p1b: Volcarona|0 fnt\n|faint|p1b: Volcarona\n|\n|-heal|p2b: Flutter Mane|9\/100 par|[from] Grassy Terrain\n|-heal|p2a: Volcanion|60\/100 par|[from] Grassy Terrain\n|upkeep\n|\n|t:|1695175162\n|switch|p1b: Basculegion|Basculegion, M|100\/100\n|switch|p1a: Kommo-o|Kommo-o, M|100\/100\n|turn|5\n|\n|t:|1695175190\n|move|p1b: Basculegion|Aqua Jet|p2b: Flutter Mane\n|-crit|p2b: Flutter Mane\n|-damage|p2b: Flutter Mane|0 fnt\n|faint|p2b: Flutter Mane\n|-end|p2b: Flutter Mane|Protosynthesis|[silent]\n|move|p1a: Kommo-o|Clangorous Soul|p1a: Kommo-o\n|-boost|p1a: Kommo-o|atk|1\n|-boost|p1a: Kommo-o|def|1\n|-boost|p1a: Kommo-o|spa|1\n|-boost|p1a: Kommo-o|spd|1\n|-boost|p1a: Kommo-o|spe|1\n|-damage|p1a: Kommo-o|68\/100\n|move|p2a: Volcanion|Hidden Power|p1a: Kommo-o\n|-supereffective|p1a: Kommo-o\n|-damage|p1a: Kommo-o|49\/100\n|-enditem|p1a: Kommo-o|Sitrus Berry|[eat]\n|-heal|p1a: Kommo-o|74\/100|[from] item: Sitrus Berry\n|\n|-heal|p1a: Kommo-o|80\/100|[from] Grassy Terrain\n|-heal|p2a: Volcanion|66\/100 par|[from] Grassy Terrain\n|-fieldend|move: Grassy Terrain\n|upkeep\n|inactive|user58342485 has 120 seconds left.\n|\n|t:|1695175220\n|switch|p2b: Rillaboom|Rillaboom, M|100\/100\n|-fieldstart|move: Grassy Terrain|[from] ability: Grassy Surge|[of] p2b: Rillaboom\n|turn|6\n|inactive|user58342485 has 120 seconds left.\n|inactive|LordSandaime has 120 seconds left.\n|\n|t:|1695175268\n|switch|p2a: Salamence|Salamence, F|100\/100\n|-ability|p2a: Salamence|Intimidate|boost\n|-unboost|p1a: Kommo-o|atk|1\n|-unboost|p1b: Basculegion|atk|1\n|move|p2b: Rillaboom|Fake Out|p1a: Kommo-o\n|-crit|p1a: Kommo-o\n|-damage|p1a: Kommo-o|65\/100\n|cant|p1a: Kommo-o|flinch\n|move|p1b: Basculegion|Last Respects|p2a: Salamence\n|-damage|p2a: Salamence|0 fnt\n|faint|p2a: Salamence\n|\n|-heal|p1a: Kommo-o|71\/100|[from] Grassy Terrain\n|upkeep\n|inactive|user58342485 has 120 seconds left.\n|\n|t:|1695175281\n|switch|p2a: Chien-Pao|Chien-Pao|100\/100\n|-ability|p2a: Chien-Pao|Sword of Ruin\n|turn|7\n|\n|t:|1695175291\n|move|p2b: Rillaboom|Grassy Glide|p1b: Basculegion\n|-supereffective|p1b: Basculegion\n|-damage|p1b: Basculegion|0 fnt\n|faint|p1b: Basculegion\n|move|p2a: Chien-Pao|Ice Spinner|p1a: Kommo-o\n|-supereffective|p1a: Kommo-o\n|-damage|p1a: Kommo-o|13\/100\n|-fieldend|move: Grassy Terrain\n|move|p1a: Kommo-o|Drain Punch|p2a: Chien-Pao\n|-supereffective|p2a: Chien-Pao\n|-enditem|p2a: Chien-Pao|Focus Sash\n|-damage|p2a: Chien-Pao|1\/100\n|-heal|p1a: Kommo-o|55\/100|[from] drain|[of] p2a: Chien-Pao\n|\n|upkeep\n|\n|t:|1695175298\n|switch|p1b: Ursaluna|Ursaluna-Bloodmoon, M|100\/100\n|turn|8\n|\n|t:|1695175314\n|switch|p2a: Volcanion|Volcanion|66\/100 par\n|move|p1b: Ursaluna|Vacuum Wave|p2a: Volcanion\n|-damage|p2a: Volcanion|55\/100 par\n|move|p1a: Kommo-o|Drain Punch|p2b: Rillaboom\n|-damage|p2b: Rillaboom|68\/100\n|-heal|p1a: Kommo-o|74\/100|[from] drain|[of] p2b: Rillaboom\n|move|p2b: Rillaboom|Wood Hammer|p1b: Ursaluna\n|-supereffective|p1b: Ursaluna\n|-damage|p1b: Ursaluna|18\/100\n|-damage|p2b: Rillaboom|39\/100|[from] Recoil\n|\n|upkeep\n|turn|9\n|\n|t:|1695175341\n|switch|p2b: Chien-Pao|Chien-Pao|1\/100\n|-ability|p2b: Chien-Pao|Sword of Ruin\n|move|p1a: Kommo-o|Clangorous Soul|p1a: Kommo-o\n|-boost|p1a: Kommo-o|atk|1\n|-boost|p1a: Kommo-o|def|1\n|-boost|p1a: Kommo-o|spa|1\n|-boost|p1a: Kommo-o|spd|1\n|-boost|p1a: Kommo-o|spe|1\n|-damage|p1a: Kommo-o|41\/100\n|move|p1b: Ursaluna|Hyper Voice|p2a: Volcanion|[spread] p2a,p2b\n|-damage|p2a: Volcanion|28\/100 par\n|-damage|p2b: Chien-Pao|0 fnt\n|faint|p2b: Chien-Pao\n|cant|p2a: Volcanion|par\n|\n|-sideend|p1: LordSandaime|move: Light Screen\n|upkeep\n|inactive|user58342485 has 120 seconds left.\n|\n|t:|1695175362\n|switch|p2b: Rillaboom|Rillaboom, M|39\/100\n|-fieldstart|move: Grassy Terrain|[from] ability: Grassy Surge|[of] p2b: Rillaboom\n|turn|10\n|inactive|user58342485 has 120 seconds left.\n|\n|t:|1695175379\n|move|p2b: Rillaboom|Grassy Glide|p1b: Ursaluna\n|-supereffective|p1b: Ursaluna\n|-damage|p1b: Ursaluna|0 fnt\n|faint|p1b: Ursaluna\n|move|p1a: Kommo-o|Drain Punch|p2b: Rillaboom\n|-damage|p2b: Rillaboom|0 fnt\n|-heal|p1a: Kommo-o|63\/100|[from] drain|[of] p2b: Rillaboom\n|faint|p2b: Rillaboom\n|cant|p2a: Volcanion|par\n|\n|-heal|p1a: Kommo-o|69\/100|[from] Grassy Terrain\n|-heal|p2a: Volcanion|34\/100 par|[from] Grassy Terrain\n|upkeep\n|inactive|user58342485 has 120 seconds left.\n|\n|t:|1695175394\n|switch|p2b: Ogerpon|Ogerpon-Cornerstone, F|100\/100\n|turn|11\n|\n|t:|1695175408\n|-terastallize|p2b: Ogerpon|Rock\n|detailschange|p2b: Ogerpon|Ogerpon-Cornerstone-Tera, F, tera:Rock\n|-ability|p2b: Ogerpon|Embody Aspect (Cornerstone)|boost\n|-boost|p2b: Ogerpon|def|1\n|move|p1a: Kommo-o|Drain Punch|p2b: Ogerpon\n|-supereffective|p2b: Ogerpon\n|-damage|p2b: Ogerpon|9\/100\n|-heal|p1a: Kommo-o|100\/100|[from] drain|[of] p2b: Ogerpon\n|move|p2b: Ogerpon|Ivy Cudgel|p1a: Kommo-o\n|-resisted|p1a: Kommo-o\n|-crit|p1a: Kommo-o\n|-damage|p1a: Kommo-o|55\/100\n|move|p2a: Volcanion|Hidden Power|p1a: Kommo-o\n|-supereffective|p1a: Kommo-o\n|-damage|p1a: Kommo-o|34\/100\n|\n|-heal|p1a: Kommo-o|40\/100|[from] Grassy Terrain\n|-heal|p2b: Ogerpon|15\/100|[from] Grassy Terrain\n|-heal|p2a: Volcanion|40\/100 par|[from] Grassy Terrain\n|upkeep\n|turn|12\n|\n|t:|1695175429\n|move|p2b: Ogerpon|Protect|p2b: Ogerpon\n|-singleturn|p2b: Ogerpon|Protect\n|move|p1a: Kommo-o|Drain Punch|p2b: Ogerpon\n|-activate|p2b: Ogerpon|move: Protect\n|move|p2a: Volcanion|Hidden Power|p1a: Kommo-o\n|-supereffective|p1a: Kommo-o\n|-damage|p1a: Kommo-o|19\/100\n|\n|-heal|p1a: Kommo-o|26\/100|[from] Grassy Terrain\n|-heal|p2b: Ogerpon|21\/100|[from] Grassy Terrain\n|-heal|p2a: Volcanion|46\/100 par|[from] Grassy Terrain\n|upkeep\n|turn|13\n|\n|t:|1695175456\n|move|p2b: Ogerpon|Protect||[still]\n|-fail|p2b: Ogerpon\n|move|p1a: Kommo-o|Drain Punch|p2b: Ogerpon\n|-supereffective|p2b: Ogerpon\n|-damage|p2b: Ogerpon|0 fnt\n|-heal|p1a: Kommo-o|34\/100|[from] drain|[of] p2b: Ogerpon\n|faint|p2b: Ogerpon\n|cant|p2a: Volcanion|par\n|\n|-heal|p1a: Kommo-o|41\/100|[from] Grassy Terrain\n|-heal|p2a: Volcanion|53\/100 par|[from] Grassy Terrain\n|upkeep\n|turn|14\n|-message|user58342485 forfeited.\n|\n|win|LordSandaime\n|raw|LordSandaime's rating: 1457 &rarr; <strong>1482<\/strong><br \/>(+25 for winning)\n|raw|user58342485's rating: 1541 &rarr; <strong>1516<\/strong><br \/>(-25 for losing)\n|l| 0lvl!\n","uploadtime":1695175492,"views":11,"p1id":"lordsandaime","p2id":"user58342485","formatid":"gen9nationaldexdoubles","rating":1482,"private":0,"password":""}