{"id":"gen9nationaldexdoubles-1971252880","p1":"AdvancedDigit","p2":"RocaCama","format":"[Gen 9] National Dex Doubles","log":"|j|\u2606AdvancedDigit\n|j|\u2606RocaCama\n|t:|1697723901\n|gametype|doubles\n|player|p1|AdvancedDigit|hilbert-wonderlauncher|1247\n|player|p2|RocaCama|fisherman-gen3rs|1304\n|teamsize|p1|6\n|teamsize|p2|6\n|gen|9\n|tier|[Gen 9] National Dex Doubles\n|rated|\n|rule|HP Percentage Mod: HP is shown in percentages\n|rule|Endless Battle Clause: Forcing endless battles is banned\n|rule|OHKO Clause: OHKO moves are banned\n|rule|Evasion Moves Clause: Evasion moves are banned\n|rule|Evasion Abilities Clause: Evasion abilities are banned\n|rule|Species Clause: Limit one of each Pok\u00e9mon\n|rule|Gravity Sleep Clause: The combination of sleep-inducing moves with imperfect accuracy and Gravity or Gigantamax Orbeetle are banned\n|clearpoke\n|poke|p1|Scyther, M|\n|poke|p1|Togetic, F|\n|poke|p1|Bisharp, F|\n|poke|p1|Gligar, F|\n|poke|p1|Haunter, M|\n|poke|p1|Kadabra, M|\n|poke|p2|Garganacl, F|\n|poke|p2|Grafaiai, F|\n|poke|p2|Houndstone, F|\n|poke|p2|Rabsca, M|\n|poke|p2|Kingambit, M|\n|poke|p2|Landorus-Therian, M|\n|teampreview\n|\n|t:|1697723937\n|start\n|switch|p1a: Kadabra|Kadabra, M|100\/100\n|switch|p1b: Togetic|Togetic, F|100\/100\n|switch|p2a: BIG BOI|Garganacl, F|100\/100\n|switch|p2b: \u1d31\u1d5b\u1d49\u207f \u02e2\u1d50\u1d43\u02e1\u02e1\u1d49\u02b3 \u1d47\u1d52\u02b8|Grafaiai, F|100\/100\n|turn|1\n|inactive|Battle timer is ON: inactive players will automatically lose when time's up. (requested by RocaCama)\n|\n|t:|1697723995\n|-terastallize|p2a: BIG BOI|Normal\n|move|p2b: \u1d31\u1d5b\u1d49\u207f \u02e2\u1d50\u1d43\u02e1\u02e1\u1d49\u02b3 \u1d47\u1d52\u02b8|Protect|p2b: \u1d31\u1d5b\u1d49\u207f \u02e2\u1d50\u1d43\u02e1\u02e1\u1d49\u02b3 \u1d47\u1d52\u02b8\n|-singleturn|p2b: \u1d31\u1d5b\u1d49\u207f \u02e2\u1d50\u1d43\u02e1\u02e1\u1d49\u02b3 \u1d47\u1d52\u02b8|Protect\n|move|p1a: Kadabra|Energy Ball|p2a: BIG BOI\n|-damage|p2a: BIG BOI|61\/100\n|move|p1b: Togetic|Thunder Wave|p2b: \u1d31\u1d5b\u1d49\u207f \u02e2\u1d50\u1d43\u02e1\u02e1\u1d49\u02b3 \u1d47\u1d52\u02b8\n|-activate|p2b: \u1d31\u1d5b\u1d49\u207f \u02e2\u1d50\u1d43\u02e1\u02e1\u1d49\u02b3 \u1d47\u1d52\u02b8|move: Protect\n|move|p2a: BIG BOI|Explosion|p1b: Togetic|[spread] p1a,p1b\n|-activate|p2b: \u1d31\u1d5b\u1d49\u207f \u02e2\u1d50\u1d43\u02e1\u02e1\u1d49\u02b3 \u1d47\u1d52\u02b8|move: Protect\n|-damage|p1a: Kadabra|0 fnt\n|-damage|p1b: Togetic|0 fnt\n|faint|p2a: BIG BOI\n|faint|p1a: Kadabra\n|faint|p1b: Togetic\n|\n|upkeep\n|inactive|AdvancedDigit has 120 seconds left.\n|\n|t:|1697724027\n|switch|p1a: Gligar|Gligar, F, shiny|100\/100\n|switch|p1b: Haunter|Haunter, M|100\/100\n|switch|p2a: Sisyphus|Rabsca, M|100\/100\n|turn|2\n|c|\u2606AdvancedDigit|oh i get it\n|\n|t:|1697724046\n|move|p2b: \u1d31\u1d5b\u1d49\u207f \u02e2\u1d50\u1d43\u02e1\u02e1\u1d49\u02b3 \u1d47\u1d52\u02b8|Copycat|p2b: \u1d31\u1d5b\u1d49\u207f \u02e2\u1d50\u1d43\u02e1\u02e1\u1d49\u02b3 \u1d47\u1d52\u02b8\n|move|p2b: \u1d31\u1d5b\u1d49\u207f \u02e2\u1d50\u1d43\u02e1\u02e1\u1d49\u02b3 \u1d47\u1d52\u02b8|Explosion|p1a: Gligar|[from]move: Copycat|[spread] p1a\n|-activate|p2a: Sisyphus|ability: Telepathy\n|-immune|p1b: Haunter\n|-damage|p1a: Gligar|47\/100\n|faint|p2b: \u1d31\u1d5b\u1d49\u207f \u02e2\u1d50\u1d43\u02e1\u02e1\u1d49\u02b3 \u1d47\u1d52\u02b8\n|move|p1b: Haunter|Dazzling Gleam|p2a: Sisyphus\n|-damage|p2a: Sisyphus|75\/100\n|move|p1a: Gligar|Dual Wingbeat|p2a: Sisyphus\n|-supereffective|p2a: Sisyphus\n|-damage|p2a: Sisyphus|54\/100\n|-supereffective|p2a: Sisyphus\n|-damage|p2a: Sisyphus|35\/100\n|-hitcount|p2a: Sisyphus|2\n|move|p2a: Sisyphus|Revival Blessing|p2a: Sisyphus\n|-enditem|p2a: Sisyphus|Leppa Berry|[eat]\n|-activate|p2a: Sisyphus|item: Leppa Berry|Revival Blessing|[consumed]\n|\n|t:|1697724055\n|-heal|p2: BIG BOI|50\/100|[from] move: Revival Blessing\n|\n|upkeep\n|\n|t:|1697724057\n|switch|p2b: Kingambit|Kingambit, M|100\/100\n|-activate|p2b: Kingambit|ability: Supreme Overlord\n|-start|p2b: Kingambit|fallen2|[silent]\n|turn|3\n|inactive|RocaCama has 120 seconds left.\n|c|\u2606RocaCama|Why do you use gligar instead of gliscor\n|\n|t:|1697724103\n|move|p2b: Kingambit|Sucker Punch|p1b: Haunter\n|-supereffective|p1b: Haunter\n|-damage|p1b: Haunter|0 fnt\n|faint|p1b: Haunter\n|move|p1a: Gligar|Earthquake|p2b: Kingambit|[spread] p2a,p2b\n|-resisted|p2a: Sisyphus\n|-supereffective|p2b: Kingambit\n|-damage|p2a: Sisyphus|26\/100\n|-damage|p2b: Kingambit|71\/100\n|move|p2a: Sisyphus|Revival Blessing|p2a: Sisyphus\n|\n|t:|1697724111\n|-heal|p2: \u1d31\u1d5b\u1d49\u207f \u02e2\u1d50\u1d43\u02e1\u02e1\u1d49\u02b3 \u1d47\u1d52\u02b8|50\/100|[from] move: Revival Blessing\n|\n|upkeep\n|c|\u2606AdvancedDigit|thought itd be fun to have a whole unevolved team\n|\n|t:|1697724124\n|switch|p1b: Bisharp|Bisharp, F|100\/100\n|turn|4\n|c|\u2606RocaCama|Lol\n|c|\u2606RocaCama|Based\n|inactive|RocaCama has 120 seconds left.\n|\n|t:|1697724145\n|-end|p2b: Kingambit|fallen2|[silent]\n|switch|p2b: Ghost Rock?|Houndstone, F|100\/100\n|move|p1a: Gligar|Dual Wingbeat|p2a: Sisyphus\n|-supereffective|p2a: Sisyphus\n|-damage|p2a: Sisyphus|4\/100\n|-supereffective|p2a: Sisyphus\n|-damage|p2a: Sisyphus|0 fnt\n|faint|p2a: Sisyphus\n|-hitcount|p2: Sisyphus|2\n|move|p1b: Bisharp|Swords Dance|p1b: Bisharp\n|-boost|p1b: Bisharp|atk|2\n|\n|upkeep\n|\n|t:|1697724160\n|switch|p2a: Smaller boi?|Landorus-Therian, M|100\/100\n|-ability|p2a: Smaller boi?|Intimidate|boost\n|-fail|p1a: Gligar|unboost|Attack|[from] ability: Hyper Cutter|[of] p1a: Gligar\n|-unboost|p1b: Bisharp|atk|1\n|-ability|p1b: Bisharp|Defiant|boost\n|-boost|p1b: Bisharp|atk|2\n|turn|5\n|inactive|RocaCama has 120 seconds left.\n|c|\u2606RocaCama|I forgot about that\n|\n|t:|1697724188\n|switch|p2b: Kingambit|Kingambit, M|71\/100\n|-activate|p2b: Kingambit|ability: Supreme Overlord\n|-start|p2b: Kingambit|fallen3|[silent]\n|move|p1b: Bisharp|Sucker Punch|p2a: Smaller boi?\n|-damage|p2a: Smaller boi?|19\/100\n|-enditem|p2a: Smaller boi?|Sitrus Berry|[eat]\n|-heal|p2a: Smaller boi?|43\/100|[from] item: Sitrus Berry\n|move|p1a: Gligar|Dual Wingbeat|p2b: Kingambit\n|-resisted|p2b: Kingambit\n|-damage|p2b: Kingambit|66\/100\n|-resisted|p2b: Kingambit\n|-damage|p2b: Kingambit|62\/100\n|-hitcount|p2b: Kingambit|2\n|move|p2a: Smaller boi?|Stomping Tantrum|p1b: Bisharp\n|-supereffective|p1b: Bisharp\n|-damage|p1b: Bisharp|16\/100\n|-damage|p2a: Smaller boi?|27\/100|[from] item: Rocky Helmet|[of] p1b: Bisharp\n|\n|upkeep\n|turn|6\n|c|\u2606AdvancedDigit|sad how overshadow bisharp became just because of an evolution\n|inactive|RocaCama has 120 seconds left.\n|c|\u2606RocaCama|Yeah\n|c|\u2606RocaCama|Its still a good mon\n|c|\u2606AdvancedDigit|damn i shoulda doubled the lando lol\n|c|\u2606RocaCama|I use kingambit just because supreme overlord\n|c|\u2606AdvancedDigit|yeah its op\n|inactive|RocaCama has 90 seconds left.\n|\n|t:|1697724231\n|move|p1b: Bisharp|Sucker Punch|p2a: Smaller boi?\n|-damage|p2a: Smaller boi?|0 fnt\n|faint|p2a: Smaller boi?\n|move|p2b: Kingambit|Sucker Punch||[still]\n|-fail|p2b: Kingambit\n|move|p1a: Gligar|Aqua Tail|p2b: Kingambit\n|-damage|p2b: Kingambit|49\/100\n|\n|upkeep\n|inactive|RocaCama has 90 seconds left.\n|c|\u2606RocaCama|Oof\n|\n|t:|1697724241\n|switch|p2a: BIG BOI|Garganacl, F|50\/100\n|turn|7\n|\n|t:|1697724251\n|move|p1a: Gligar|Aqua Tail|p2b: Kingambit\n|-damage|p2b: Kingambit|35\/100\n|move|p1b: Bisharp|Iron Head|p2a: BIG BOI\n|-supereffective|p2a: BIG BOI\n|-damage|p2a: BIG BOI|0 fnt\n|faint|p2a: BIG BOI\n|move|p2b: Kingambit|Kowtow Cleave|p1a: Gligar\n|-damage|p1a: Gligar|0 fnt\n|faint|p1a: Gligar\n|\n|upkeep\n|\n|t:|1697724258\n|switch|p1a: Scyther|Scyther, M|100\/100\n|switch|p2a: \u1d31\u1d5b\u1d49\u207f \u02e2\u1d50\u1d43\u02e1\u02e1\u1d49\u02b3 \u1d47\u1d52\u02b8|Grafaiai, F|50\/100\n|turn|8\n|\n|t:|1697724282\n|-terastallize|p1b: Bisharp|Dark\n|move|p2a: \u1d31\u1d5b\u1d49\u207f \u02e2\u1d50\u1d43\u02e1\u02e1\u1d49\u02b3 \u1d47\u1d52\u02b8|Copycat|p2a: \u1d31\u1d5b\u1d49\u207f \u02e2\u1d50\u1d43\u02e1\u02e1\u1d49\u02b3 \u1d47\u1d52\u02b8\n|move|p2a: \u1d31\u1d5b\u1d49\u207f \u02e2\u1d50\u1d43\u02e1\u02e1\u1d49\u02b3 \u1d47\u1d52\u02b8|Kowtow Cleave|p1b: Bisharp|[from]move: Copycat\n|-hint|Since gen 7, Dark is immune to Prankster moves.\n|-immune|p1b: Bisharp\n|move|p1b: Bisharp|Sucker Punch|p2b: Kingambit\n|-resisted|p2b: Kingambit\n|-damage|p2b: Kingambit|0 fnt\n|faint|p2b: Kingambit\n|-end|p2b: Kingambit|fallen3|[silent]\n|move|p1a: Scyther|Dual Wingbeat|p2a: \u1d31\u1d5b\u1d49\u207f \u02e2\u1d50\u1d43\u02e1\u02e1\u1d49\u02b3 \u1d47\u1d52\u02b8\n|-damage|p2a: \u1d31\u1d5b\u1d49\u207f \u02e2\u1d50\u1d43\u02e1\u02e1\u1d49\u02b3 \u1d47\u1d52\u02b8|17\/100\n|-damage|p2a: \u1d31\u1d5b\u1d49\u207f \u02e2\u1d50\u1d43\u02e1\u02e1\u1d49\u02b3 \u1d47\u1d52\u02b8|0 fnt\n|faint|p2a: \u1d31\u1d5b\u1d49\u207f \u02e2\u1d50\u1d43\u02e1\u02e1\u1d49\u02b3 \u1d47\u1d52\u02b8\n|-hitcount|p2: \u1d31\u1d5b\u1d49\u207f \u02e2\u1d50\u1d43\u02e1\u02e1\u1d49\u02b3 \u1d47\u1d52\u02b8|2\n|\n|upkeep\n|c|\u2606AdvancedDigit|no way\n|c|\u2606RocaCama|LOL\n|inactive|RocaCama has 120 seconds left.\n|c|\u2606RocaCama|I have to do something against dark types\n|c|\u2606AdvancedDigit|time to let VGC know bisharp is still OU\n|\n|t:|1697724316\n|switch|p2a: Ghost Rock?|Houndstone, F|100\/100\n|turn|9\n|\n|t:|1697724324\n|move|p1b: Bisharp|Sucker Punch|p2a: Ghost Rock?\n|-supereffective|p2a: Ghost Rock?\n|-damage|p2a: Ghost Rock?|0 fnt\n|faint|p2a: Ghost Rock?\n|\n|win|AdvancedDigit\n|raw|AdvancedDigit's rating: 1229 &rarr; <strong>1259<\/strong><br \/>(+30 for winning)\n|raw|RocaCama's rating: 1304 &rarr; <strong>1280<\/strong><br \/>(-24 for losing)\n|c|\u2606AdvancedDigit|gg\n|c|\u2606RocaCama|GG anyway\n|c|\u2606AdvancedDigit|didnt think id win that\n","uploadtime":1697724335,"views":11,"p1id":"advanceddigit","p2id":"rocacama","formatid":"gen9nationaldexdoubles","rating":1259,"private":0,"password":""}