{"id":"gen9nationaldexdoubles-1959266250","p1":"sableyes-Mega","p2":"Zerockmanknight","format":"[Gen 9] National Dex Doubles","log":"|j|\u2606sableyes-Mega\n|j|\u2606Zerockmanknight\n|t:|1696409355\n|gametype|doubles\n|player|p1|sableyes-Mega|265|1105\n|player|p2|Zerockmanknight|1|1100\n|teamsize|p1|6\n|teamsize|p2|6\n|gen|9\n|tier|[Gen 9] National Dex Doubles\n|rated|\n|rule|HP Percentage Mod: HP is shown in percentages\n|rule|Endless Battle Clause: Forcing endless battles is banned\n|rule|OHKO Clause: OHKO moves are banned\n|rule|Evasion Moves Clause: Evasion moves are banned\n|rule|Evasion Abilities Clause: Evasion abilities are banned\n|rule|Species Clause: Limit one of each Pok\u00e9mon\n|rule|Gravity Sleep Clause: The combination of sleep-inducing moves with imperfect accuracy and Gravity or Gigantamax Orbeetle are banned\n|clearpoke\n|poke|p1|Grafaiai, F|\n|poke|p1|Regigigas|\n|poke|p1|Flutter Mane|\n|poke|p1|Iron Hands|\n|poke|p1|Ogerpon-Wellspring, F|\n|poke|p1|Cresselia, F|\n|poke|p2|Thievul, F|\n|poke|p2|Leafeon, M|\n|poke|p2|Ninetales, M|\n|poke|p2|Togekiss, M|\n|poke|p2|Chandelure, F|\n|poke|p2|Mienshao, M|\n|teampreview\n|\n|t:|1696409366\n|start\n|switch|p1a: Grafaiai|Grafaiai, F|100\/100\n|switch|p1b: Regigigas|Regigigas|100\/100\n|switch|p2a: Leafeon|Leafeon, M|100\/100\n|switch|p2b: Ninetales|Ninetales, M|100\/100\n|-weather|SunnyDay|[from] ability: Drought|[of] p2b: Ninetales\n|-start|p1b: Regigigas|ability: Slow Start\n|turn|1\n|\n|t:|1696409391\n|-terastallize|p2a: Leafeon|Rock\n|move|p1a: Grafaiai|Doodle|p2a: Leafeon\n|-endability|p1a: Grafaiai|Prankster|[from] move: Doodle\n|-ability|p1a: Grafaiai|Chlorophyll|[from] move: Doodle\n|-end|p1b: Regigigas|Slow Start|[silent]\n|-endability|p1b: Regigigas|Slow Start|[from] move: Doodle\n|-ability|p1b: Regigigas|Chlorophyll|[from] move: Doodle\n|move|p1b: Regigigas|Return|p2b: Ninetales\n|-damage|p2b: Ninetales|0 fnt\n|faint|p2b: Ninetales\n|-damage|p1b: Regigigas|91\/100|[from] item: Life Orb\n|move|p2a: Leafeon|Swords Dance|p2a: Leafeon\n|-boost|p2a: Leafeon|atk|2\n|\n|-weather|SunnyDay|[upkeep]\n|upkeep\n|inactive|Battle timer is ON: inactive players will automatically lose when time's up. (requested by sableyes-Mega)\n|\n|t:|1696409440\n|switch|p2b: Mienshao|Mienshao, M|100\/100\n|turn|2\n|\n|t:|1696409457\n|move|p2b: Mienshao|Fake Out|p1b: Regigigas\n|-damage|p1b: Regigigas|75\/100\n|-damage|p2b: Mienshao|91\/100|[from] item: Life Orb\n|cant|p1b: Regigigas|flinch\n|move|p2a: Leafeon|Tera Blast|p1a: Grafaiai|[anim] Tera Blast Rock\n|-crit|p1a: Grafaiai\n|-enditem|p1a: Grafaiai|Focus Sash\n|-damage|p1a: Grafaiai|1\/100\n|move|p1a: Grafaiai|Parting Shot|p2a: Leafeon\n|-unboost|p2a: Leafeon|atk|1\n|-unboost|p2a: Leafeon|spa|1\n|\n|t:|1696409474\n|switch|p1a: Flutter Mane|Flutter Mane|100\/100|[from] Parting Shot\n|-activate|p1a: Flutter Mane|ability: Protosynthesis\n|-start|p1a: Flutter Mane|protosynthesisspe\n|\n|-weather|SunnyDay|[upkeep]\n|upkeep\n|turn|3\n|\n|t:|1696409500\n|switch|p2b: Togekiss|Togekiss, M|100\/100\n|move|p1a: Flutter Mane|Dazzling Gleam|p2a: Leafeon|[spread] p2a,p2b\n|-damage|p2a: Leafeon|41\/100\n|-damage|p2b: Togekiss|75\/100\n|move|p1b: Regigigas|Drain Punch|p2a: Leafeon\n|-supereffective|p2a: Leafeon\n|-damage|p2a: Leafeon|0 fnt\n|-heal|p1b: Regigigas|90\/100|[from] drain|[of] p2a: Leafeon\n|faint|p2a: Leafeon\n|-damage|p1b: Regigigas|80\/100|[from] item: Life Orb\n|\n|-weather|SunnyDay|[upkeep]\n|upkeep\n|inactive|Zerockmanknight has 120 seconds left.\n|\n|t:|1696409514\n|switch|p2a: Chandelure|Chandelure, F|100\/100\n|turn|4\n|\n|t:|1696409525\n|-end|p1a: Flutter Mane|Protosynthesis|[silent]\n|switch|p1a: Grafaiai|Grafaiai, F|1\/100\n|move|p2b: Togekiss|Helping Hand|p2a: Chandelure\n|-singleturn|p2a: Chandelure|Helping Hand|[of] p2b: Togekiss\n|move|p1b: Regigigas|Return|p2b: Togekiss\n|-damage|p2b: Togekiss|0 fnt\n|faint|p2b: Togekiss\n|-damage|p1b: Regigigas|70\/100|[from] item: Life Orb\n|move|p2a: Chandelure|Fire Blast|p1a: Grafaiai\n|-damage|p1a: Grafaiai|0 fnt\n|faint|p1a: Grafaiai\n|\n|-weather|SunnyDay|[upkeep]\n|upkeep\n|\n|t:|1696409541\n|switch|p1a: Flutter Mane|Flutter Mane|100\/100\n|switch|p2b: Mienshao|Mienshao, M|100\/100\n|-activate|p1a: Flutter Mane|ability: Protosynthesis\n|-start|p1a: Flutter Mane|protosynthesisspe\n|turn|5\n|\n|t:|1696409554\n|move|p2b: Mienshao|Fake Out|p1b: Regigigas\n|-damage|p1b: Regigigas|56\/100\n|-damage|p2b: Mienshao|91\/100|[from] item: Life Orb\n|move|p1a: Flutter Mane|Shadow Ball|p2a: Chandelure\n|-supereffective|p2a: Chandelure\n|-crit|p2a: Chandelure\n|-damage|p2a: Chandelure|0 fnt\n|faint|p2a: Chandelure\n|cant|p1b: Regigigas|flinch\n|\n|-weather|SunnyDay|[upkeep]\n|upkeep\n|-message|Zerockmanknight forfeited.\n|\n|win|sableyes-Mega\n|raw|sableyes-Mega's rating: 1105 &rarr; <strong>1130<\/strong><br \/>(+25 for winning)\n|raw|Zerockmanknight's rating: 1100 &rarr; <strong>1075<\/strong><br \/>(-25 for losing)\n|l|\u2606Zerockmanknight\n","uploadtime":1696409567,"views":11,"p1id":"sableyesmega","p2id":"zerockmanknight","formatid":"gen9nationaldexdoubles","rating":1075,"private":0,"password":""}