{"id":"gen9nationaldexdoubles-1982000408","p1":"Empress_Anna","p2":"Sencopion","format":"[Gen 9] National Dex Doubles","log":"|j|\u2606Empress_Anna\n|j|\u2606Sencopion\n|t:|1698958480\n|gametype|doubles\n|player|p1|Empress_Anna|cheryl|\n|player|p2|Sencopion|roxie|\n|teamsize|p1|6\n|teamsize|p2|6\n|gen|9\n|tier|[Gen 9] National Dex Doubles\n|rule|HP Percentage Mod: HP is shown in percentages\n|rule|Endless Battle Clause: Forcing endless battles is banned\n|rule|OHKO Clause: OHKO moves are banned\n|rule|Evasion Moves Clause: Evasion moves are banned\n|rule|Evasion Abilities Clause: Evasion abilities are banned\n|rule|Species Clause: Limit one of each Pok\u00e9mon\n|rule|Gravity Sleep Clause: The combination of sleep-inducing moves with imperfect accuracy and Gravity or Gigantamax Orbeetle are banned\n|clearpoke\n|poke|p1|Eelektross, M|\n|poke|p1|Rotom-Wash|\n|poke|p1|Thundurus-Therian, M|\n|poke|p1|Pincurchin, M|\n|poke|p1|Raichu-Alola, M|\n|poke|p1|Electivire, F|\n|poke|p2|Infernape, M|\n|poke|p2|Ninetales, F|\n|poke|p2|Goodra-Hisui, M|\n|poke|p2|Typhlosion-Hisui, F|\n|poke|p2|Rillaboom, M|\n|poke|p2|Murkrow, M|\n|teampreview\n|inactive|Battle timer is ON: inactive players will automatically lose when time's up. (requested by Sencopion)\n|c|\u2606Empress_Anna|gl hf!\n|c|\u2606Sencopion|glhf!\n|inactive|Empress_Anna has 270 seconds left.\n|\n|t:|1698958512\n|start\n|switch|p1a: Electivire|Electivire, F|100\/100\n|switch|p1b: Rotom|Rotom-Wash|100\/100\n|switch|p2a: Murkrow|Murkrow, M|100\/100\n|switch|p2b: Ninetales|Ninetales, F|100\/100\n|-weather|SunnyDay|[from] ability: Drought|[of] p2b: Ninetales\n|turn|1\n|\n|t:|1698958535\n|move|p2b: Ninetales|Protect|p2b: Ninetales\n|-singleturn|p2b: Ninetales|Protect\n|move|p2a: Murkrow|Tailwind|p2a: Murkrow\n|-sidestart|p2: Sencopion|move: Tailwind\n|move|p1a: Electivire|Earthquake|p2b: Ninetales|[spread] \n|-activate|p2b: Ninetales|move: Protect\n|-immune|p1b: Rotom|[from] ability: Levitate\n|-immune|p2a: Murkrow\n|move|p1b: Rotom|Discharge|p2b: Ninetales|[spread] p2a\n|-activate|p2b: Ninetales|move: Protect\n|-ability|p1a: Electivire|Motor Drive|boost\n|-boost|p1a: Electivire|spe|1\n|-supereffective|p2a: Murkrow\n|-damage|p2a: Murkrow|46\/100\n|\n|-weather|SunnyDay|[upkeep]\n|upkeep\n|turn|2\n|\n|t:|1698958562\n|move|p2a: Murkrow|Haze|p2a: Murkrow\n|-clearallboost\n|move|p2b: Ninetales|Encore|p1b: Rotom\n|-start|p1b: Rotom|Encore\n|move|p1a: Electivire|Earthquake|p2b: Ninetales|[spread] p2b\n|-immune|p1b: Rotom|[from] ability: Levitate\n|-immune|p2a: Murkrow\n|-supereffective|p2b: Ninetales\n|-damage|p2b: Ninetales|15\/100\n|move|p1b: Rotom|Discharge|p2a: Murkrow|[spread] p2a,p2b\n|-ability|p1a: Electivire|Motor Drive|boost\n|-boost|p1a: Electivire|spe|1\n|-supereffective|p2a: Murkrow\n|-damage|p2a: Murkrow|0 fnt\n|-damage|p2b: Ninetales|0 fnt\n|faint|p2a: Murkrow\n|faint|p2b: Ninetales\n|\n|-weather|SunnyDay|[upkeep]\n|upkeep\n|inactive|Sencopion has 270 seconds left.\n|\n|t:|1698958585\n|switch|p2b: Infernape|Infernape, M|100\/100\n|switch|p2a: Typhlosion|Typhlosion-Hisui, F|100\/100\n|-item|p1a: Electivire|Expert Belt|[from] ability: Frisk|[of] p2a: Typhlosion|[identify]\n|-item|p1b: Rotom|Heavy-Duty Boots|[from] ability: Frisk|[of] p2a: Typhlosion|[identify]\n|turn|3\n|\n|t:|1698958602\n|-terastallize|p2a: Typhlosion|Fire\n|move|p2a: Typhlosion|Eruption|p1a: Electivire|[spread] p1a,p1b\n|-resisted|p1b: Rotom\n|-damage|p1a: Electivire|0 fnt\n|-damage|p1b: Rotom|48\/100\n|faint|p1a: Electivire\n|move|p2b: Infernape|Aura Sphere|p1b: Rotom\n|-damage|p1b: Rotom|0 fnt\n|faint|p1b: Rotom\n|\n|-weather|SunnyDay|[upkeep]\n|upkeep\n|inactive|Empress_Anna has 270 seconds left.\n|\n|t:|1698958633\n|switch|p1a: Pincurchin|Pincurchin, M|100\/100\n|switch|p1b: Raichu|Raichu-Alola, M|100\/100\n|-fieldstart|move: Electric Terrain|[from] ability: Electric Surge|[of] p1a: Pincurchin\n|turn|4\n|inactive|Empress_Anna has 270 seconds left.\n|\n|t:|1698958670\n|switch|p2b: Rillaboom|Rillaboom, M|100\/100\n|-fieldstart|move: Grassy Terrain|[from] ability: Grassy Surge|[of] p2b: Rillaboom\n|-terastallize|p1b: Raichu|Water\n|move|p2a: Typhlosion|Eruption|p1a: Pincurchin|[spread] p1a,p1b\n|-resisted|p1b: Raichu\n|-damage|p1a: Pincurchin|0 fnt\n|-damage|p1b: Raichu|19\/100\n|faint|p1a: Pincurchin\n|move|p1b: Raichu|Rising Voltage|p2b: Rillaboom\n|-resisted|p2b: Rillaboom\n|-damage|p2b: Rillaboom|91\/100\n|\n|-weather|SunnyDay|[upkeep]\n|-heal|p2b: Rillaboom|97\/100|[from] Grassy Terrain\n|-heal|p1b: Raichu|25\/100|[from] Grassy Terrain\n|-sideend|p2: Sencopion|move: Tailwind\n|upkeep\n|inactive|Empress_Anna has 240 seconds left.\n|\n|t:|1698958692\n|switch|p1a: Thundurus|Thundurus-Therian, M, shiny|100\/100\n|turn|5\n|\n|t:|1698958706\n|move|p2b: Rillaboom|Fake Out|p1a: Thundurus\n|-damage|p1a: Thundurus|79\/100\n|move|p2a: Typhlosion|Eruption|p1a: Thundurus|[spread] p1a,p1b\n|-resisted|p1b: Raichu\n|-damage|p1a: Thundurus|0 fnt\n|-damage|p1b: Raichu|0 fnt\n|faint|p1a: Thundurus\n|faint|p1b: Raichu\n|\n|-weather|SunnyDay|[upkeep]\n|-heal|p2b: Rillaboom|100\/100|[from] Grassy Terrain\n|upkeep\n|inactive|Empress_Anna has 240 seconds left.\n|c|\u2606Empress_Anna|scarf in tailwind\n|c|\u2606Empress_Anna|god damn bro\n|\n|t:|1698958727\n|switch|p1b: Eelektross|Eelektross, M|100\/100\n|turn|6\n|c|\u2606Empress_Anna|ggs lol\n|c|\u2606Sencopion|Had a feeling u'd use raichu lol\n|c|\u2606Empress_Anna|yeh fair\n|inactive|Sencopion has 270 seconds left.\n|c|\u2606Sencopion|Seemed very like you lmao\n|c|\u2606Empress_Anna|i didnt expect to get far and i indeed did not\n|\n|t:|1698958772\n|move|p2a: Typhlosion|Eruption|p1b: Eelektross\n|-damage|p1b: Eelektross|0 fnt\n|faint|p1b: Eelektross\n|\n|win|Sencopion\n|c|\u2606Sencopion|gg wp\n|c|\u2606Empress_Anna|i mean i do use it a lot x3\n|c|\u2606Empress_Anna|ggs\n","uploadtime":1698958794,"views":7,"p1id":"empressanna","p2id":"sencopion","formatid":"gen9nationaldexdoubles","rating":0,"private":0,"password":""}