{"id":"gen9nationaldexdoubles-1960779299","p1":"zeref203","p2":"Snuffy_boyo","format":"[Gen 9] National Dex Doubles","log":"|j|\u2606zeref203\n|j|\u2606Snuffy_boyo\n|t:|1696555652\n|gametype|doubles\n|player|p1|zeref203|1|1221\n|player|p2|Snuffy_boyo|harlequin|1000\n|teamsize|p1|6\n|teamsize|p2|6\n|gen|9\n|tier|[Gen 9] National Dex Doubles\n|rated|\n|rule|HP Percentage Mod: HP is shown in percentages\n|rule|Endless Battle Clause: Forcing endless battles is banned\n|rule|OHKO Clause: OHKO moves are banned\n|rule|Evasion Moves Clause: Evasion moves are banned\n|rule|Evasion Abilities Clause: Evasion abilities are banned\n|rule|Species Clause: Limit one of each Pok\u00e9mon\n|rule|Gravity Sleep Clause: The combination of sleep-inducing moves with imperfect accuracy and Gravity or Gigantamax Orbeetle are banned\n|clearpoke\n|poke|p1|Great Tusk|\n|poke|p1|Ninetales, M|\n|poke|p1|Sableye, F|\n|poke|p1|Feraligatr, M|\n|poke|p1|Salamence, M|\n|poke|p1|Flutter Mane|\n|poke|p2|Oricorio-Pom-Pom, M|\n|poke|p2|Hawlucha, M|\n|poke|p2|Decidueye, M|\n|poke|p2|Whiscash, M|\n|poke|p2|Glalie, F|\n|poke|p2|Zoroark-Hisui, M|\n|teampreview\n|inactive|Battle timer is ON: inactive players will automatically lose when time's up. (requested by zeref203)\n|\n|t:|1696555681\n|start\n|switch|p1a: Ninetales|Ninetales, M|100\/100\n|switch|p1b: Flutter Mane|Flutter Mane|100\/100\n|switch|p2a: Decidueye|Decidueye, M|100\/100\n|switch|p2b: Whiscash|Whiscash, M|100\/100\n|-weather|SunnyDay|[from] ability: Drought|[of] p1a: Ninetales\n|-activate|p1b: Flutter Mane|ability: Protosynthesis\n|-start|p1b: Flutter Mane|protosynthesisspe\n|turn|1\n|\n|t:|1696555702\n|move|p1b: Flutter Mane|Dazzling Gleam|p2b: Whiscash|[spread] p2a,p2b\n|-damage|p2a: Decidueye|58\/100\n|-damage|p2b: Whiscash|53\/100\n|-enditem|p2a: Decidueye|Red Card|[of] p1b: Flutter Mane\n|-end|p1b: Flutter Mane|Protosynthesis|[silent]\n|drag|p1b: Sableye|Sableye, F|100\/100\n|move|p1a: Ninetales|Solar Beam||[still]\n|-prepare|p1a: Ninetales|Solar Beam\n|-anim|p1a: Ninetales|Solar Beam|p2b: Whiscash\n|-supereffective|p2b: Whiscash\n|-damage|p2b: Whiscash|0 fnt\n|faint|p2b: Whiscash\n|move|p2a: Decidueye|Substitute|p2a: Decidueye\n|-start|p2a: Decidueye|Substitute\n|-damage|p2a: Decidueye|33\/100\n|\n|-weather|SunnyDay|[upkeep]\n|upkeep\n|\n|t:|1696555716\n|switch|p2b: Glalie|Glalie, F, shiny|100\/100\n|turn|2\n|\n|t:|1696555727\n|move|p1b: Sableye|Will-O-Wisp|p2b: Glalie\n|-status|p2b: Glalie|brn\n|move|p1a: Ninetales|Heat Wave|p2b: Glalie|[spread] p2a,p2b\n|-supereffective|p2a: Decidueye\n|-crit|p2a: Decidueye\n|-end|p2a: Decidueye|Substitute\n|-supereffective|p2b: Glalie\n|-damage|p2b: Glalie|6\/100 brn\n|move|p2b: Glalie|Attract|p1a: Ninetales\n|-start|p1a: Ninetales|Attract\n|move|p2a: Decidueye|Spirit Shackle|p1a: Ninetales\n|-damage|p1a: Ninetales|57\/100\n|-activate|p1a: Ninetales|trapped\n|\n|-weather|SunnyDay|[upkeep]\n|-damage|p2b: Glalie|0 fnt|[from] brn\n|faint|p2b: Glalie\n|upkeep\n|-end|p1a: Ninetales|Attract|[silent]\n|\n|t:|1696555743\n|switch|p2b: yahoo|Oricorio-Pom-Pom, M|100\/100\n|turn|3\n|\n|t:|1696555759\n|switch|p2a: Hawlucha|Hawlucha, M, shiny|100\/100\n|-ability|p2a: Hawlucha|Mold Breaker\n|move|p1b: Sableye|Taunt|p2b: yahoo\n|-start|p2b: yahoo|move: Taunt\n|move|p1a: Ninetales|Heat Wave|p2b: yahoo|[spread] p2a,p2b\n|-damage|p2a: Hawlucha|43\/100\n|-damage|p2b: yahoo|30\/100\n|replace|p2b: Zoroark|Zoroark-Hisui, M, shiny\n|-end|p2b: Zoroark|Illusion\n|cant|p2b: Zoroark|move: Taunt|Roar\n|\n|-weather|SunnyDay|[upkeep]\n|upkeep\n|turn|4\n|\n|t:|1696555782\n|move|p1b: Sableye|Taunt|p2a: Hawlucha\n|-start|p2a: Hawlucha|move: Taunt\n|move|p2a: Hawlucha|X-Scissor|p1b: Sableye\n|-damage|p1b: Sableye|75\/100\n|move|p1a: Ninetales|Heat Wave|p2a: Hawlucha|[spread] p2a,p2b\n|-damage|p2a: Hawlucha|0 fnt\n|-damage|p2b: Zoroark|0 fnt\n|faint|p2a: Hawlucha\n|faint|p2b: Zoroark\n|\n|-weather|SunnyDay|[upkeep]\n|-heal|p1b: Sableye|81\/100|[from] item: Leftovers\n|upkeep\n|\n|t:|1696555794\n|switch|p2a: Decidueye|Decidueye, M|33\/100\n|switch|p2b: yahoo|Oricorio-Pom-Pom, M|100\/100\n|turn|5\n|inactive|Snuffy_boyo has 120 seconds left.\n|\n|t:|1696555824\n|move|p2a: Decidueye|Sucker Punch||[still]\n|-fail|p2a: Decidueye\n|move|p1b: Sableye|Taunt|p2b: yahoo\n|-start|p2b: yahoo|move: Taunt\n|move|p1a: Ninetales|Heat Wave|p2b: yahoo|[spread] p2a\n|-miss|p1a: Ninetales|p2b: yahoo\n|-supereffective|p2a: Decidueye\n|-damage|p2a: Decidueye|0 fnt\n|faint|p2a: Decidueye\n|move|p2b: yahoo|Hidden Power|p1a: Ninetales\n|-supereffective|p1a: Ninetales\n|-damage|p1a: Ninetales|36\/100\n|\n|-weather|SunnyDay|[upkeep]\n|-heal|p1b: Sableye|87\/100|[from] item: Leftovers\n|upkeep\n|turn|6\n|-message|Snuffy_boyo forfeited.\n|\n|win|zeref203\n|raw|zeref203's rating: 1221 &rarr; <strong>1232<\/strong><br \/>(+11 for winning)\n|raw|Snuffy_boyo's rating: 1000 &rarr; <strong>1000<\/strong><br \/>(+0 for losing)\n|l|\u2606Snuffy_boyo\n","uploadtime":1696555843,"views":7,"p1id":"zeref203","p2id":"snuffyboyo","formatid":"gen9nationaldexdoubles","rating":1000,"private":0,"password":""}