{"id":"gen9nationaldexdoubles-1959565078","p1":"RandomUsername129","p2":"Spooooky Gorl","format":"[Gen 9] National Dex Doubles","log":"|j|\u2606RandomUsername129\n|j|\u2606Spooooky Gorl\n|t:|1696437801\n|gametype|doubles\n|player|p1|RandomUsername129|265|\n|player|p2|Spooooky Gorl|shauntal|\n|teamsize|p1|6\n|teamsize|p2|6\n|gen|9\n|tier|[Gen 9] National Dex Doubles\n|rule|HP Percentage Mod: HP is shown in percentages\n|rule|Endless Battle Clause: Forcing endless battles is banned\n|rule|OHKO Clause: OHKO moves are banned\n|rule|Evasion Moves Clause: Evasion moves are banned\n|rule|Evasion Abilities Clause: Evasion abilities are banned\n|rule|Species Clause: Limit one of each Pok\u00e9mon\n|rule|Gravity Sleep Clause: The combination of sleep-inducing moves with imperfect accuracy and Gravity or Gigantamax Orbeetle are banned\n|clearpoke\n|poke|p1|Vanilluxe, M|\n|poke|p1|Altaria, F|\n|poke|p1|Whiscash, F|\n|poke|p1|Spiritomb, F|\n|poke|p1|Avalugg, F|\n|poke|p1|Garchomp, F|\n|poke|p2|Milotic, F|\n|poke|p2|Dragapult, M|\n|poke|p2|Aurorus, F|\n|poke|p2|Aegislash, M|\n|poke|p2|Gourgeist-*, F|\n|poke|p2|Kingambit, M|\n|teampreview\n|\n|t:|1696437905\n|start\n|switch|p1a: Spiritomb|Spiritomb, F, shiny|100\/100\n|switch|p1b: Whiscash|Whiscash, F, shiny|100\/100\n|switch|p2a: Tickled Pink|Milotic, F|100\/100\n|switch|p2b: Mother of Dragons|Dragapult, M|100\/100\n|turn|1\n|\n|t:|1696437962\n|switch|p1b: Avalugg|Avalugg, F, shiny|100\/100\n|move|p2b: Mother of Dragons|Dragon Darts|p1b: Avalugg\n|-damage|p1b: Avalugg|93\/100\n|-anim|p2b: Mother of Dragons|Dragon Darts|p1a: Spiritomb\n|-damage|p1a: Spiritomb|83\/100\n|move|p2a: Tickled Pink|Flip Turn|p1a: Spiritomb\n|-crit|p1a: Spiritomb\n|-damage|p1a: Spiritomb|60\/100\n|\n|t:|1696437992\n|switch|p2a: Rory|Aurorus, F, shiny|100\/100|[from] Flip Turn\n|move|p1a: Spiritomb|Trick Room|p1a: Spiritomb\n|-fieldstart|move: Trick Room|[of] p1a: Spiritomb\n|\n|upkeep\n|turn|2\n|\n|t:|1696438039\n|move|p1b: Avalugg|Body Press|p2a: Rory\n|-supereffective|p2a: Rory\n|-damage|p2a: Rory|0 fnt\n|faint|p2a: Rory\n|move|p1a: Spiritomb|Will-O-Wisp|p2b: Mother of Dragons\n|-status|p2b: Mother of Dragons|brn\n|move|p2b: Mother of Dragons|Phantom Force||[still]\n|-prepare|p2b: Mother of Dragons|Phantom Force\n|\n|-damage|p2b: Mother of Dragons|95\/100 brn|[from] brn\n|upkeep\n|\n|t:|1696438069\n|switch|p2a: Danger Plate|Aegislash, M, shiny|100\/100\n|turn|3\n|\n|t:|1696438123\n|switch|p1b: Whiscash|Whiscash, F, shiny|100\/100\n|move|p1a: Spiritomb|Shadow Ball|p2a: Danger Plate\n|-supereffective|p2a: Danger Plate\n|-damage|p2a: Danger Plate|65\/100\n|-formechange|p2a: Danger Plate|Aegislash-Blade||[from] ability: Stance Change\n|move|p2a: Danger Plate|Flash Cannon|p1b: Whiscash\n|-resisted|p1b: Whiscash\n|-damage|p1b: Whiscash|87\/100\n|move|p2b: Mother of Dragons|Phantom Force|p1a: Spiritomb|[from]lockedmove\n|-damage|p1a: Spiritomb|44\/100\n|\n|-heal|p1b: Whiscash|93\/100|[from] item: Leftovers\n|-damage|p2b: Mother of Dragons|89\/100 brn|[from] brn\n|upkeep\n|turn|4\n|\n|t:|1696438165\n|switch|p1a: Altaria|Altaria, F, shiny|100\/100\n|-ability|p1a: Altaria|Cloud Nine\n|move|p2a: Danger Plate|Iron Defense|p2a: Danger Plate\n|-boost|p2a: Danger Plate|def|2\n|move|p1b: Whiscash|Earthquake|p2b: Mother of Dragons|[spread] p2a,p2b\n|-immune|p1a: Altaria\n|-supereffective|p2a: Danger Plate\n|-damage|p2a: Danger Plate|36\/100\n|-damage|p2b: Mother of Dragons|64\/100 brn\n|move|p2b: Mother of Dragons|Dragon Tail|p1a: Altaria|[miss]\n|-miss|p2b: Mother of Dragons|p1a: Altaria\n|\n|-heal|p1b: Whiscash|99\/100|[from] item: Leftovers\n|-damage|p2b: Mother of Dragons|58\/100 brn|[from] brn\n|upkeep\n|turn|5\n|\n|t:|1696438202\n|move|p2a: Danger Plate|Close Combat|p1a: Altaria\n|-resisted|p1a: Altaria\n|-damage|p1a: Altaria|76\/100\n|-unboost|p2a: Danger Plate|def|1\n|-unboost|p2a: Danger Plate|spd|1\n|move|p1b: Whiscash|Earthquake|p2a: Danger Plate|[spread] p2a,p2b\n|-immune|p1a: Altaria\n|-supereffective|p2a: Danger Plate\n|-damage|p2a: Danger Plate|1\/100\n|-damage|p2b: Mother of Dragons|36\/100 brn\n|move|p1a: Altaria|Will-O-Wisp|p2a: Danger Plate\n|-status|p2a: Danger Plate|brn\n|move|p2b: Mother of Dragons|Phantom Force||[still]\n|-prepare|p2b: Mother of Dragons|Phantom Force\n|\n|-heal|p1b: Whiscash|100\/100|[from] item: Leftovers\n|-damage|p2a: Danger Plate|0 fnt|[from] brn\n|faint|p2a: Danger Plate\n|-damage|p2b: Mother of Dragons|30\/100 brn|[from] brn\n|-fieldend|move: Trick Room\n|upkeep\n|\n|t:|1696438223\n|switch|p2a: Gourgeous|Gourgeist-Super, F, shiny|100\/100\n|-item|p1a: Altaria|Life Orb|[from] ability: Frisk|[of] p2a: Gourgeous|[identify]\n|-item|p1b: Whiscash|Leftovers|[from] ability: Frisk|[of] p2a: Gourgeous|[identify]\n|turn|6\n|\n|t:|1696438255\n|switch|p1b: Garchomp|Garchomp, F, shiny|100\/100\n|move|p2b: Mother of Dragons|Phantom Force|p1a: Altaria|[from]lockedmove\n|-damage|p1a: Altaria|57\/100\n|move|p1a: Altaria|Will-O-Wisp|p2a: Gourgeous\n|-status|p2a: Gourgeous|brn\n|move|p2a: Gourgeous|Power Whip|p1b: Garchomp\n|-damage|p1b: Garchomp|80\/100\n|-damage|p2a: Gourgeous|88\/100 brn|[from] ability: Rough Skin|[of] p1b: Garchomp\n|\n|-heal|p2a: Gourgeous|94\/100 brn|[from] item: Leftovers\n|-damage|p2b: Mother of Dragons|24\/100 brn|[from] brn\n|-damage|p2a: Gourgeous|88\/100 brn|[from] brn\n|upkeep\n|turn|7\n|\n|t:|1696438306\n|move|p1b: Garchomp|Dragon Claw|p2b: Mother of Dragons\n|-supereffective|p2b: Mother of Dragons\n|-damage|p2b: Mother of Dragons|0 fnt\n|faint|p2b: Mother of Dragons\n|move|p1a: Altaria|Roost|p1a: Altaria\n|-heal|p1a: Altaria|100\/100\n|-singleturn|p1a: Altaria|move: Roost\n|move|p2a: Gourgeous|Poltergeist|p1a: Altaria\n|-activate|p1a: Altaria|move: Poltergeist|Life Orb\n|-damage|p1a: Altaria|77\/100\n|\n|-heal|p2a: Gourgeous|94\/100 brn|[from] item: Leftovers\n|-damage|p2a: Gourgeous|88\/100 brn|[from] brn\n|upkeep\n|\n|t:|1696438322\n|switch|p2b: Tickled Pink|Milotic, F|100\/100\n|turn|8\n|\n|t:|1696438346\n|switch|p1b: Spiritomb|Spiritomb, F, shiny|44\/100\n|move|p1a: Altaria|Will-O-Wisp|p2b: Tickled Pink\n|-status|p2b: Tickled Pink|brn\n|move|p2b: Tickled Pink|Icy Wind|p1a: Altaria|[spread] p1b\n|-miss|p2b: Tickled Pink|p1a: Altaria\n|-damage|p1b: Spiritomb|35\/100\n|-unboost|p1b: Spiritomb|spe|1\n|move|p2a: Gourgeous|Disable||[still]\n|-fail|p2a: Gourgeous\n|\n|-heal|p2a: Gourgeous|94\/100 brn|[from] item: Leftovers\n|-damage|p2b: Tickled Pink|94\/100 brn|[from] brn\n|-damage|p2a: Gourgeous|88\/100 brn|[from] brn\n|upkeep\n|turn|9\n|\n|t:|1696438385\n|switch|p1a: Avalugg|Avalugg, F, shiny|93\/100\n|move|p2b: Tickled Pink|Icy Wind|p1b: Spiritomb|[spread] p1a,p1b\n|-resisted|p1a: Avalugg\n|-damage|p1a: Avalugg|86\/100\n|-damage|p1b: Spiritomb|25\/100\n|-unboost|p1a: Avalugg|spe|1\n|-unboost|p1b: Spiritomb|spe|1\n|move|p2a: Gourgeous|Giga Drain|p1b: Spiritomb\n|-damage|p1b: Spiritomb|0 fnt\n|-heal|p2a: Gourgeous|98\/100 brn|[from] drain|[of] p1b: Spiritomb\n|faint|p1b: Spiritomb\n|\n|-heal|p2a: Gourgeous|100\/100 brn|[from] item: Leftovers\n|-damage|p2b: Tickled Pink|88\/100 brn|[from] brn\n|-damage|p2a: Gourgeous|94\/100 brn|[from] brn\n|upkeep\n|\n|t:|1696438407\n|switch|p1b: Garchomp|Garchomp, F, shiny|80\/100\n|turn|10\n|\n|t:|1696438453\n|switch|p1a: Altaria|Altaria, F, shiny|77\/100\n|-ability|p1a: Altaria|Cloud Nine\n|move|p1b: Garchomp|Rock Slide|p2b: Tickled Pink|[spread] p2a\n|-miss|p1b: Garchomp|p2b: Tickled Pink\n|-damage|p2a: Gourgeous|75\/100 brn\n|move|p2b: Tickled Pink|Scald|p1a: Altaria\n|-resisted|p1a: Altaria\n|-damage|p1a: Altaria|62\/100\n|move|p2a: Gourgeous|Giga Drain|p1b: Garchomp\n|-damage|p1b: Garchomp|50\/100\n|-heal|p2a: Gourgeous|92\/100 brn|[from] drain|[of] p1b: Garchomp\n|\n|-heal|p2a: Gourgeous|98\/100 brn|[from] item: Leftovers\n|-damage|p2b: Tickled Pink|82\/100 brn|[from] brn\n|-damage|p2a: Gourgeous|92\/100 brn|[from] brn\n|upkeep\n|turn|11\n|\n|t:|1696438487\n|switch|p1b: Vanilluxe|Vanilluxe, M, shiny|100\/100\n|-weather|Snow|[from] ability: Snow Warning|[of] p1b: Vanilluxe\n|move|p1a: Altaria|Perish Song|p1a: Altaria\n|-start|p1a: Altaria|perish3|[silent]\n|-start|p1b: Vanilluxe|perish3|[silent]\n|-start|p2a: Gourgeous|perish3|[silent]\n|-start|p2b: Tickled Pink|perish3|[silent]\n|-fieldactivate|move: Perish Song\n|move|p2b: Tickled Pink|Scald|p1b: Vanilluxe\n|-damage|p1b: Vanilluxe|67\/100\n|move|p2a: Gourgeous|Giga Drain|p1b: Vanilluxe\n|-damage|p1b: Vanilluxe|38\/100\n|-heal|p2a: Gourgeous|100\/100 brn|[from] drain|[of] p1b: Vanilluxe\n|\n|-weather|Snow|[upkeep]\n|-damage|p2b: Tickled Pink|76\/100 brn|[from] brn\n|-damage|p2a: Gourgeous|94\/100 brn|[from] brn\n|-start|p1a: Altaria|perish3\n|-start|p1b: Vanilluxe|perish3\n|-start|p2b: Tickled Pink|perish3\n|-start|p2a: Gourgeous|perish3\n|upkeep\n|turn|12\n|\n|t:|1696438516\n|move|p1a: Altaria|Fire Spin|p2b: Tickled Pink\n|-resisted|p2b: Tickled Pink\n|-damage|p2b: Tickled Pink|74\/100 brn\n|-activate|p2b: Tickled Pink|move: Fire Spin|[of] p1a: Altaria\n|-damage|p1a: Altaria|52\/100|[from] item: Life Orb\n|move|p1b: Vanilluxe|Blizzard|p2b: Tickled Pink|[spread] p2a,p2b\n|-supereffective|p2a: Gourgeous\n|-resisted|p2b: Tickled Pink\n|-damage|p2a: Gourgeous|9\/100 brn\n|-damage|p2b: Tickled Pink|60\/100 brn\n|move|p2b: Tickled Pink|Scald|p1b: Vanilluxe\n|-damage|p1b: Vanilluxe|4\/100\n|-status|p1b: Vanilluxe|brn\n|move|p2a: Gourgeous|Power Whip|p1b: Vanilluxe\n|-damage|p1b: Vanilluxe|0 fnt\n|faint|p1b: Vanilluxe\n|\n|-weather|Snow|[upkeep]\n|-heal|p2a: Gourgeous|15\/100 brn|[from] item: Leftovers\n|-damage|p2b: Tickled Pink|54\/100 brn|[from] brn\n|-damage|p2a: Gourgeous|9\/100 brn|[from] brn\n|-damage|p2b: Tickled Pink|41\/100 brn|[from] move: Fire Spin|[partiallytrapped]\n|-start|p1a: Altaria|perish2\n|-start|p2b: Tickled Pink|perish2\n|-start|p2a: Gourgeous|perish2\n|upkeep\n|\n|t:|1696438557\n|switch|p1b: Garchomp|Garchomp, F, shiny|50\/100\n|turn|13\n|\n|t:|1696438569\n|move|p1b: Garchomp|Earthquake|p2a: Gourgeous|[spread] p2a,p2b\n|-immune|p1a: Altaria\n|-resisted|p2a: Gourgeous\n|-damage|p2a: Gourgeous|0 fnt\n|-damage|p2b: Tickled Pink|22\/100 brn\n|-enditem|p2b: Tickled Pink|Aguav Berry|[eat]\n|-heal|p2b: Tickled Pink|55\/100 brn|[from] item: Aguav Berry\n|faint|p2a: Gourgeous\n|move|p1a: Altaria|Roost|p1a: Altaria\n|-heal|p1a: Altaria|100\/100\n|-singleturn|p1a: Altaria|move: Roost\n|move|p2b: Tickled Pink|Scald|p1a: Altaria\n|-resisted|p1a: Altaria\n|-damage|p1a: Altaria|86\/100\n|\n|-weather|Snow|[upkeep]\n|-damage|p2b: Tickled Pink|49\/100 brn|[from] brn\n|-damage|p2b: Tickled Pink|36\/100 brn|[from] move: Fire Spin|[partiallytrapped]\n|-start|p1a: Altaria|perish1\n|-start|p2b: Tickled Pink|perish1\n|upkeep\n|\n|t:|1696438588\n|switch|p2a: Chesster|Kingambit, M|100\/100\n|-activate|p2a: Chesster|ability: Supreme Overlord\n|-start|p2a: Chesster|fallen4|[silent]\n|turn|14\n|\n|t:|1696438609\n|move|p2a: Chesster|Sucker Punch|p1b: Garchomp\n|-damage|p1b: Garchomp|0 fnt\n|-damage|p2a: Chesster|88\/100|[from] ability: Rough Skin|[of] p1b: Garchomp\n|faint|p1b: Garchomp\n|move|p1a: Altaria|Perish Song|p1a: Altaria\n|-start|p2a: Chesster|perish3|[silent]\n|-fieldactivate|move: Perish Song\n|move|p2b: Tickled Pink|Scald|p1a: Altaria\n|-resisted|p1a: Altaria\n|-crit|p1a: Altaria\n|-damage|p1a: Altaria|63\/100\n|\n|-weather|Snow|[upkeep]\n|-damage|p2b: Tickled Pink|30\/100 brn|[from] brn\n|-damage|p2b: Tickled Pink|18\/100 brn|[from] move: Fire Spin|[partiallytrapped]\n|-start|p1a: Altaria|perish0\n|-start|p2b: Tickled Pink|perish0\n|-start|p2a: Chesster|perish3\n|faint|p1a: Altaria\n|faint|p2b: Tickled Pink\n|upkeep\n|\n|t:|1696438633\n|switch|p1b: Whiscash|Whiscash, F, shiny|100\/100\n|switch|p1a: Avalugg|Avalugg, F, shiny|86\/100\n|turn|15\n|\n|t:|1696438656\n|move|p1b: Whiscash|Protect|p1b: Whiscash\n|-singleturn|p1b: Whiscash|Protect\n|move|p2a: Chesster|Sucker Punch|p1a: Avalugg\n|-damage|p1a: Avalugg|72\/100\n|move|p1a: Avalugg|Body Press|p2a: Chesster\n|-supereffective|p2a: Chesster\n|-damage|p2a: Chesster|0 fnt\n|faint|p2a: Chesster\n|-end|p2a: Chesster|fallen4|[silent]\n|\n|win|RandomUsername129\n","uploadtime":1696438698,"views":11,"p1id":"randomusername129","p2id":"spooookygorl","formatid":"gen9nationaldexdoubles","rating":0,"private":0,"password":""}