{"id":"gen9nationaldexdoubles-1993840034","p1":"wammer18","p2":"sans525262","format":"[Gen 9] National Dex Doubles","log":"|j|\u2606wammer18\n|j|\u2606sans525262\n|t:|1700363792\n|gametype|doubles\n|player|p1|wammer18|266|\n|player|p2|sans525262|preschooler|\n|teamsize|p1|6\n|teamsize|p2|6\n|gen|9\n|tier|[Gen 9] National Dex Doubles\n|rule|HP Percentage Mod: HP is shown in percentages\n|rule|Endless Battle Clause: Forcing endless battles is banned\n|rule|OHKO Clause: OHKO moves are banned\n|rule|Evasion Moves Clause: Evasion moves are banned\n|rule|Evasion Abilities Clause: Evasion abilities are banned\n|rule|Species Clause: Limit one of each Pok\u00e9mon\n|rule|Gravity Sleep Clause: The combination of sleep-inducing moves with imperfect accuracy and Gravity or Gigantamax Orbeetle are banned\n|clearpoke\n|poke|p1|Charizard, M|\n|poke|p1|Chi-Yu|\n|poke|p1|Tornadus, M|\n|poke|p1|Tapu Fini|\n|poke|p1|Kingambit, M|\n|poke|p1|Ogerpon-Wellspring, F|\n|poke|p2|Pelipper, F|\n|poke|p2|Swampert, M|\n|poke|p2|Weavile, M|\n|poke|p2|Manaphy|\n|poke|p2|Zapdos|\n|poke|p2|Ferrothorn, M|\n|teampreview\n|j| 0spr3y\n|j| Eliminathan\n|\n|t:|1700363818\n|start\n|switch|p1a: Charizard|Charizard, M|100\/100\n|switch|p1b: Chi-Yu|Chi-Yu|100\/100\n|switch|p2a: Pelipper|Pelipper, F|100\/100\n|switch|p2b: Swampert|Swampert, M|100\/100\n|-ability|p1b: Chi-Yu|Beads of Ruin\n|-weather|RainDance|[from] ability: Drizzle|[of] p2a: Pelipper\n|turn|1\n|\n|t:|1700363860\n|switch|p1b: Tapu Fini|Tapu Fini|100\/100\n|-fieldstart|move: Misty Terrain|[from] ability: Misty Surge|[of] p1b: Tapu Fini\n|switch|p2a: Manaphy|Manaphy|100\/100\n|detailschange|p1a: Charizard|Charizard-Mega-Y, M\n|-mega|p1a: Charizard|Charizard|Charizardite Y\n|-weather|SunnyDay|[from] ability: Drought|[of] p1a: Charizard\n|move|p1a: Charizard|Solar Beam||[still]\n|-prepare|p1a: Charizard|Solar Beam\n|-anim|p1a: Charizard|Solar Beam|p2b: Swampert\n|-supereffective|p2b: Swampert\n|-damage|p2b: Swampert|0 fnt\n|faint|p2b: Swampert\n|\n|-weather|SunnyDay|[upkeep]\n|upkeep\n|\n|t:|1700363866\n|switch|p2b: Pelipper|Pelipper, F|100\/100\n|-weather|RainDance|[from] ability: Drizzle|[of] p2b: Pelipper\n|turn|2\n|\n|t:|1700363895\n|switch|p1a: Ogerpon|Ogerpon-Wellspring, F|100\/100\n|move|p2a: Manaphy|Tail Glow|p2a: Manaphy\n|-boost|p2a: Manaphy|spa|3\n|move|p1b: Tapu Fini|Moonblast|p2a: Manaphy\n|-damage|p2a: Manaphy|60\/100\n|-unboost|p2a: Manaphy|spa|1\n|move|p2b: Pelipper|Hurricane|p1a: Ogerpon\n|-supereffective|p1a: Ogerpon\n|-damage|p1a: Ogerpon|0 fnt\n|faint|p1a: Ogerpon\n|\n|-weather|RainDance|[upkeep]\n|upkeep\n|\n|t:|1700363911\n|switch|p1a: Kingambit|Kingambit, M|100\/100\n|turn|3\n|\n|t:|1700363929\n|move|p1a: Kingambit|Sucker Punch|p2a: Manaphy\n|-damage|p2a: Manaphy|13\/100\n|move|p2a: Manaphy|Energy Ball|p1b: Tapu Fini\n|-supereffective|p1b: Tapu Fini\n|-damage|p1b: Tapu Fini|28\/100\n|move|p1b: Tapu Fini|Moonblast|p2a: Manaphy\n|-damage|p2a: Manaphy|0 fnt\n|faint|p2a: Manaphy\n|move|p2b: Pelipper|Hurricane|p1a: Kingambit\n|-resisted|p1a: Kingambit\n|-damage|p1a: Kingambit|63\/100\n|\n|-weather|RainDance|[upkeep]\n|upkeep\n|\n|t:|1700363943\n|switch|p2a: Zapdos|Zapdos|100\/100\n|turn|4\n|\n|t:|1700363964\n|move|p2a: Zapdos|Thunder|p1b: Tapu Fini\n|-supereffective|p1b: Tapu Fini\n|-crit|p1b: Tapu Fini\n|-damage|p1b: Tapu Fini|0 fnt\n|faint|p1b: Tapu Fini\n|move|p2b: Pelipper|Hurricane|p1a: Kingambit\n|-resisted|p1a: Kingambit\n|-damage|p1a: Kingambit|28\/100\n|move|p1a: Kingambit|Kowtow Cleave|p2a: Zapdos\n|-damage|p2a: Zapdos|33\/100\n|\n|-weather|RainDance|[upkeep]\n|upkeep\n|\n|t:|1700363985\n|switch|p1b: Tornadus|Tornadus, M|100\/100\n|turn|5\n|\n|t:|1700363999\n|switch|p1a: Chi-Yu|Chi-Yu|100\/100\n|-ability|p1a: Chi-Yu|Beads of Ruin\n|move|p1b: Tornadus|Bleakwind Storm|p2b: Pelipper|[spread] p2a,p2b\n|-resisted|p2a: Zapdos\n|-crit|p2a: Zapdos\n|-damage|p2a: Zapdos|0 fnt\n|-damage|p2b: Pelipper|31\/100\n|faint|p2a: Zapdos\n|move|p2b: Pelipper|Hurricane|p1a: Chi-Yu\n|-damage|p1a: Chi-Yu|18\/100\n|\n|-weather|RainDance|[upkeep]\n|-fieldend|Misty Terrain\n|upkeep\n|\n|t:|1700364038\n|switch|p2a: Weavile|Weavile, M|100\/100\n|-ability|p2a: Weavile|Pressure\n|turn|6\n|\n|t:|1700364064\n|switch|p1a: Charizard|Charizard-Mega-Y, M|100\/100\n|-weather|SunnyDay|[from] ability: Drought|[of] p1a: Charizard\n|move|p1b: Tornadus|Protect|p1b: Tornadus\n|-singleturn|p1b: Tornadus|Protect\n|move|p2a: Weavile|Triple Axel|p1b: Tornadus\n|-activate|p1b: Tornadus|move: Protect\n|move|p2b: Pelipper|Hurricane|p1b: Tornadus\n|-activate|p1b: Tornadus|move: Protect\n|\n|-weather|SunnyDay|[upkeep]\n|upkeep\n|turn|7\n|\n|t:|1700364082\n|switch|p2b: Ferrothorn|Ferrothorn, M|100\/100\n|-terastallize|p2a: Weavile|Dark\n|move|p1b: Tornadus|Tailwind|p1b: Tornadus\n|-sidestart|p1: wammer18|move: Tailwind\n|move|p1a: Charizard|Heat Wave|p2a: Weavile|[spread] p2a,p2b\n|-supereffective|p2b: Ferrothorn\n|-damage|p2a: Weavile|7\/100\n|-damage|p2b: Ferrothorn|0 fnt\n|faint|p2b: Ferrothorn\n|move|p2a: Weavile|Triple Axel|p1b: Tornadus\n|-supereffective|p1b: Tornadus\n|-damage|p1b: Tornadus|60\/100\n|-supereffective|p1b: Tornadus\n|-damage|p1b: Tornadus|0 fnt\n|faint|p1b: Tornadus\n|-hitcount|p1: Tornadus|2\n|\n|-weather|SunnyDay|[upkeep]\n|upkeep\n|\n|t:|1700364103\n|switch|p1b: Chi-Yu|Chi-Yu|18\/100\n|switch|p2b: Pelipper|Pelipper, F|31\/100\n|-ability|p1b: Chi-Yu|Beads of Ruin\n|-weather|RainDance|[from] ability: Drizzle|[of] p2b: Pelipper\n|turn|8\n|\n|t:|1700364136\n|move|p1b: Chi-Yu|Dark Pulse|p2b: Pelipper\n|-damage|p2b: Pelipper|0 fnt\n|faint|p2b: Pelipper\n|move|p1a: Charizard|Heat Wave|p2a: Weavile\n|-damage|p2a: Weavile|0 fnt\n|faint|p2a: Weavile\n|\n|win|wammer18\n|c|\u2606wammer18|ggs\n|c|\u2606sans525262|ggs\n|l| Eliminathan\n|l| 0spr3y\n|l|\u2606wammer18\n","uploadtime":1700364240,"views":5,"p1id":"wammer18","p2id":"sans525262","formatid":"gen9nationaldexdoubles","rating":0,"private":0,"password":""}