{"id":"gen9nationaldexdoubles-1967578689","p1":"Mongoose556","p2":"Agame4free","format":"[Gen 9] National Dex Doubles","log":"|j|\u2606Mongoose556\n|j|\u2606Agame4free\n|t:|1697315547\n|gametype|doubles\n|player|p1|Mongoose556|may|1112\n|player|p2|Agame4free|ethan|1044\n|teamsize|p1|6\n|teamsize|p2|6\n|gen|9\n|tier|[Gen 9] National Dex Doubles\n|rated|\n|rule|HP Percentage Mod: HP is shown in percentages\n|rule|Endless Battle Clause: Forcing endless battles is banned\n|rule|OHKO Clause: OHKO moves are banned\n|rule|Evasion Moves Clause: Evasion moves are banned\n|rule|Evasion Abilities Clause: Evasion abilities are banned\n|rule|Species Clause: Limit one of each Pok\u00e9mon\n|rule|Gravity Sleep Clause: The combination of sleep-inducing moves with imperfect accuracy and Gravity or Gigantamax Orbeetle are banned\n|clearpoke\n|poke|p1|Chandelure, M|\n|poke|p1|Polteageist|\n|poke|p1|Gengar, M|\n|poke|p1|Sableye, M|\n|poke|p1|Trevenant, F|\n|poke|p1|Marshadow|\n|poke|p2|Skeledirge, F|\n|poke|p2|Primarina, M|\n|poke|p2|Chi-Yu|\n|poke|p2|Braviary-Hisui, M|\n|poke|p2|Pelipper, F|\n|poke|p2|Reuniclus, M|\n|teampreview\n|\n|t:|1697315555\n|start\n|switch|p1a: Trog|Sableye, M|100\/100\n|switch|p1b: Gengar|Gengar, M, shiny|100\/100\n|switch|p2a: Chi-Yu|Chi-Yu|100\/100\n|switch|p2b: Reuniclus|Reuniclus, M|100\/100\n|-ability|p2a: Chi-Yu|Beads of Ruin\n|turn|1\n|\n|t:|1697315567\n|move|p1a: Trog|Light Screen|p1a: Trog\n|-sidestart|p1: Mongoose556|move: Light Screen\n|move|p1b: Gengar|Sludge Bomb|p2a: Chi-Yu\n|-damage|p2a: Chi-Yu|49\/100\n|-status|p2a: Chi-Yu|psn\n|move|p2a: Chi-Yu|Psychic|p1b: Gengar\n|-supereffective|p1b: Gengar\n|-enditem|p1b: Gengar|Focus Sash\n|-damage|p1b: Gengar|1\/100\n|-start|p2a: Chi-Yu|Disable|Psychic|[from] ability: Cursed Body|[of] p1b: Gengar\n|move|p2b: Reuniclus|Light Screen|p2b: Reuniclus\n|-sidestart|p2: Agame4free|move: Light Screen\n|\n|-damage|p2a: Chi-Yu|36\/100 psn|[from] psn\n|upkeep\n|turn|2\n|\n|t:|1697315588\n|switch|p2a: Braviary|Braviary-Hisui, M|100\/100\n|move|p1b: Gengar|Sludge Bomb|p2a: Braviary\n|-crit|p2a: Braviary\n|-damage|p2a: Braviary|13\/100\n|-status|p2a: Braviary|psn\n|move|p2b: Reuniclus|Expanding Force|p1a: Trog\n|-immune|p1a: Trog\n|move|p1a: Trog|Poltergeist|p2b: Reuniclus\n|-activate|p2b: Reuniclus|move: Poltergeist|Quick Claw\n|-supereffective|p2b: Reuniclus\n|-damage|p2b: Reuniclus|23\/100\n|\n|-damage|p2a: Braviary|1\/100 psn|[from] psn\n|upkeep\n|turn|3\n|\n|t:|1697315610\n|switch|p1b: Teastruction|Polteageist, shiny|100\/100\n|move|p2a: Braviary|Hurricane|p1a: Trog|[miss]\n|-miss|p2a: Braviary|p1a: Trog\n|move|p2b: Reuniclus|Energy Ball|p1b: Teastruction\n|-damage|p1b: Teastruction|83\/100\n|move|p1a: Trog|Lash Out|p2b: Reuniclus\n|-supereffective|p2b: Reuniclus\n|-damage|p2b: Reuniclus|0 fnt\n|faint|p2b: Reuniclus\n|\n|-heal|p1b: Teastruction|89\/100|[from] item: Leftovers\n|-damage|p2a: Braviary|0 fnt|[from] psn\n|faint|p2a: Braviary\n|upkeep\n|\n|t:|1697315625\n|switch|p2a: Pelipper|Pelipper, F|100\/100\n|switch|p2b: Primarina|Primarina, M|100\/100\n|-weather|RainDance|[from] ability: Drizzle|[of] p2a: Pelipper\n|turn|4\n|\n|t:|1697315635\n|move|p1a: Trog|Reflect|p1a: Trog\n|-sidestart|p1: Mongoose556|Reflect\n|move|p2b: Primarina|Hyper Voice|p1b: Teastruction|[spread] p1a,p1b\n|-damage|p1a: Trog|54\/100\n|-damage|p1b: Teastruction|55\/100\n|-enditem|p2b: Primarina|Throat Spray\n|-boost|p2b: Primarina|spa|1|[from] item: Throat Spray\n|move|p1b: Teastruction|Giga Drain|p2b: Primarina\n|-supereffective|p2b: Primarina\n|-damage|p2b: Primarina|53\/100\n|-heal|p1b: Teastruction|77\/100|[from] drain|[of] p2b: Primarina\n|move|p2a: Pelipper|Brave Bird|p1a: Trog\n|-damage|p1a: Trog|34\/100\n|-damage|p2a: Pelipper|93\/100|[from] Recoil\n|\n|-weather|RainDance|[upkeep]\n|-heal|p1b: Teastruction|84\/100|[from] item: Leftovers\n|upkeep\n|turn|5\n|\n|t:|1697315652\n|move|p2b: Primarina|Rest|p2b: Primarina\n|-status|p2b: Primarina|slp|[from] move: Rest\n|-heal|p2b: Primarina|100\/100 slp|[silent]\n|move|p1b: Teastruction|Giga Drain|p2b: Primarina\n|-supereffective|p2b: Primarina\n|-damage|p2b: Primarina|58\/100 slp\n|-heal|p1b: Teastruction|100\/100|[from] drain|[of] p2b: Primarina\n|move|p2a: Pelipper|Blizzard|p1a: Trog|[spread] p1a\n|-miss|p2a: Pelipper|p1b: Teastruction\n|-damage|p1a: Trog|15\/100\n|move|p1a: Trog|Poltergeist|p2a: Pelipper\n|-activate|p2a: Pelipper|move: Poltergeist|Damp Rock\n|-damage|p2a: Pelipper|50\/100\n|\n|-weather|RainDance|[upkeep]\n|-sideend|p2: Agame4free|move: Light Screen\n|upkeep\n|turn|6\n|\n|t:|1697315672\n|cant|p2b: Primarina|slp\n|move|p2b: Primarina|Sleep Talk|p2b: Primarina\n|move|p2b: Primarina|Calm Mind|p2b: Primarina|[from]move: Sleep Talk\n|-boost|p2b: Primarina|spa|1\n|-boost|p2b: Primarina|spd|1\n|move|p1b: Teastruction|Giga Drain|p2b: Primarina\n|-supereffective|p2b: Primarina\n|-damage|p2b: Primarina|11\/100 slp\n|move|p2a: Pelipper|Brave Bird|p1b: Teastruction\n|-damage|p1b: Teastruction|79\/100\n|-ability|p1b: Teastruction|Weak Armor|boost\n|-unboost|p1b: Teastruction|def|1\n|-boost|p1b: Teastruction|spe|2\n|-damage|p2a: Pelipper|41\/100|[from] Recoil\n|move|p1a: Trog|Poltergeist|p2a: Pelipper\n|-activate|p2a: Pelipper|move: Poltergeist|Damp Rock\n|-damage|p2a: Pelipper|2\/100\n|\n|-weather|RainDance|[upkeep]\n|-heal|p1b: Teastruction|85\/100|[from] item: Leftovers\n|upkeep\n|turn|7\n|\n|t:|1697315710\n|move|p1b: Teastruction|Giga Drain|p2a: Pelipper\n|-damage|p2a: Pelipper|0 fnt\n|-heal|p1b: Teastruction|85\/100|[from] drain|[of] p2a: Pelipper\n|faint|p2a: Pelipper\n|cant|p2b: Primarina|slp\n|move|p2b: Primarina|Sleep Talk|p2b: Primarina\n|move|p2b: Primarina|Hyper Voice|p1b: Teastruction|[from]move: Sleep Talk|[spread] p1a,p1b\n|-damage|p1a: Trog|0 fnt\n|-damage|p1b: Teastruction|24\/100\n|faint|p1a: Trog\n|\n|-weather|RainDance|[upkeep]\n|-heal|p1b: Teastruction|30\/100|[from] item: Leftovers\n|upkeep\n|\n|t:|1697315722\n|switch|p2a: Skeledirge|Skeledirge, F, shiny|100\/100\n|switch|p1a: Gengar|Gengar, M, shiny|1\/100\n|turn|8\n|\n|t:|1697315734\n|-terastallize|p1a: Gengar|Ghost\n|move|p1b: Teastruction|Giga Drain|p2b: Primarina\n|-supereffective|p2b: Primarina\n|-damage|p2b: Primarina|0 fnt\n|-heal|p1b: Teastruction|36\/100|[from] drain|[of] p2b: Primarina\n|faint|p2b: Primarina\n|move|p1a: Gengar|Shadow Ball|p2a: Skeledirge\n|-supereffective|p2a: Skeledirge\n|-damage|p2a: Skeledirge|0 fnt\n|faint|p2a: Skeledirge\n|\n|-weather|RainDance|[upkeep]\n|-heal|p1b: Teastruction|42\/100|[from] item: Leftovers\n|-sideend|p1: Mongoose556|move: Light Screen\n|upkeep\n|\n|t:|1697315746\n|switch|p2a: Chi-Yu|Chi-Yu|36\/100 psn\n|-ability|p2a: Chi-Yu|Beads of Ruin\n|turn|9\n|\n|t:|1697315770\n|move|p1b: Teastruction|Shadow Ball|p2a: Chi-Yu\n|-resisted|p2a: Chi-Yu\n|-damage|p2a: Chi-Yu|10\/100 psn\n|move|p1a: Gengar|Sludge Bomb|p2a: Chi-Yu\n|-damage|p2a: Chi-Yu|0 fnt\n|faint|p2a: Chi-Yu\n|\n|win|Mongoose556\n|raw|Mongoose556's rating: 1112 &rarr; <strong>1132<\/strong><br \/>(+20 for winning)\n|raw|Agame4free's rating: 1044 &rarr; <strong>1031<\/strong><br \/>(-13 for losing)\n|l|\u2606Agame4free\n","uploadtime":1697315795,"views":7,"p1id":"mongoose556","p2id":"agame4free","formatid":"gen9nationaldexdoubles","rating":1031,"private":0,"password":""}