{"id":"gen9nationaldexdoubles-1978463616","p1":"yaya_x3","p2":"AnimeProz","format":"[Gen 9] National Dex Doubles","log":"|j|\u2606yaya_x3\n|j|\u2606AnimeProz\n|t:|1698542262\n|gametype|doubles\n|player|p1|yaya_x3|cyclistf|\n|player|p2|AnimeProz|caitlin|\n|teamsize|p1|6\n|teamsize|p2|6\n|gen|9\n|tier|[Gen 9] National Dex Doubles\n|rule|HP Percentage Mod: HP is shown in percentages\n|rule|Endless Battle Clause: Forcing endless battles is banned\n|rule|OHKO Clause: OHKO moves are banned\n|rule|Evasion Moves Clause: Evasion moves are banned\n|rule|Evasion Abilities Clause: Evasion abilities are banned\n|rule|Species Clause: Limit one of each Pok\u00e9mon\n|rule|Gravity Sleep Clause: The combination of sleep-inducing moves with imperfect accuracy and Gravity or Gigantamax Orbeetle are banned\n|clearpoke\n|poke|p1|Dragonite, M|\n|poke|p1|Clefable, M|\n|poke|p1|Amoonguss, M|\n|poke|p1|Walking Wake|\n|poke|p1|Charizard, F|\n|poke|p1|Clefairy, M|\n|poke|p2|Orthworm, F|\n|poke|p2|Tyranitar, M|\n|poke|p2|Dracozolt|\n|poke|p2|Excadrill, M|\n|poke|p2|Dugtrio, M|\n|poke|p2|Tornadus, M|\n|teampreview\n|inactive|Battle timer is ON: inactive players will automatically lose when time's up. (requested by AnimeProz)\n|inactiveoff|Battle timer is now OFF.\n|\n|t:|1698542293\n|start\n|switch|p1a: Clefable|Clefable, M|100\/100\n|switch|p1b: Walking Wake|Walking Wake|100\/100\n|switch|p2a: Orthworm|Orthworm, F|100\/100\n|switch|p2b: Tyranitar|Tyranitar, M|100\/100\n|-weather|Sandstorm|[from] ability: Sand Stream|[of] p2b: Tyranitar\n|turn|1\n|\n|t:|1698542314\n|move|p2b: Tyranitar|Protect|p2b: Tyranitar\n|-singleturn|p2b: Tyranitar|Protect\n|move|p1b: Walking Wake|Hydro Steam|p2a: Orthworm\n|-damage|p2a: Orthworm|13\/100\n|move|p2a: Orthworm|Stealth Rock|p1a: Clefable\n|-sidestart|p1: yaya_x3|move: Stealth Rock\n|move|p1a: Clefable|Reflect|p1a: Clefable\n|-sidestart|p1: yaya_x3|Reflect\n|\n|-weather|Sandstorm|[upkeep]\n|-damage|p1b: Walking Wake|94\/100|[from] Sandstorm\n|-heal|p2a: Orthworm|19\/100|[from] item: Leftovers\n|upkeep\n|turn|2\n|\n|t:|1698542348\n|move|p1b: Walking Wake|Hydro Steam|p2b: Tyranitar\n|-supereffective|p2b: Tyranitar\n|-damage|p2b: Tyranitar|29\/100\n|move|p2a: Orthworm|Iron Defense|p2a: Orthworm\n|-boost|p2a: Orthworm|def|2\n|move|p2b: Tyranitar|Earthquake|p1b: Walking Wake|[spread] p1a,p1b\n|-heal|p2a: Orthworm|44\/100|[from] ability: Earth Eater|[of] p2b: Tyranitar\n|-damage|p1a: Clefable|79\/100\n|-damage|p1b: Walking Wake|73\/100\n|move|p1a: Clefable|Light Screen|p1a: Clefable\n|-sidestart|p1: yaya_x3|move: Light Screen\n|\n|-weather|Sandstorm|[upkeep]\n|-damage|p1b: Walking Wake|67\/100|[from] Sandstorm\n|-heal|p2a: Orthworm|50\/100|[from] item: Leftovers\n|-heal|p1a: Clefable|86\/100|[from] item: Leftovers\n|upkeep\n|turn|3\n|\n|t:|1698542389\n|switch|p2a: Tornadus|Tornadus, M|100\/100\n|move|p2b: Tyranitar|Protect|p2b: Tyranitar\n|-singleturn|p2b: Tyranitar|Protect\n|move|p1b: Walking Wake|Hydro Steam|p2a: Tornadus\n|-damage|p2a: Tornadus|53\/100\n|move|p1a: Clefable|Heal Pulse|p1b: Walking Wake\n|-heal|p1b: Walking Wake|100\/100\n|\n|-weather|Sandstorm|[upkeep]\n|-damage|p1b: Walking Wake|94\/100|[from] Sandstorm\n|-heal|p1a: Clefable|92\/100|[from] item: Leftovers\n|upkeep\n|turn|4\n|\n|t:|1698542435\n|switch|p2b: Dracozolt|Dracozolt|100\/100\n|move|p1a: Clefable|Follow Me|p1a: Clefable\n|-singleturn|p1a: Clefable|move: Follow Me\n|move|p2a: Tornadus|Tailwind|p2a: Tornadus\n|-sidestart|p2: AnimeProz|move: Tailwind\n|move|p1b: Walking Wake|Hydro Steam|p2b: Dracozolt\n|-resisted|p2b: Dracozolt\n|-damage|p2b: Dracozolt|58\/100\n|\n|-weather|Sandstorm|[upkeep]\n|-damage|p1b: Walking Wake|88\/100|[from] Sandstorm\n|-heal|p1a: Clefable|98\/100|[from] item: Leftovers\n|upkeep\n|turn|5\n|\n|t:|1698542466\n|move|p1a: Clefable|Follow Me|p1a: Clefable\n|-singleturn|p1a: Clefable|move: Follow Me\n|move|p2a: Tornadus|Taunt|p1a: Clefable\n|-start|p1a: Clefable|move: Taunt\n|move|p2b: Dracozolt|Bolt Beak|p1a: Clefable\n|-damage|p1a: Clefable|57\/100\n|-damage|p2b: Dracozolt|48\/100|[from] item: Life Orb\n|move|p1b: Walking Wake|Hydro Steam|p2a: Tornadus\n|-damage|p2a: Tornadus|8\/100\n|\n|-weather|none\n|-heal|p1a: Clefable|63\/100|[from] item: Leftovers\n|-sideend|p1: yaya_x3|Reflect\n|upkeep\n|turn|6\n|\n|t:|1698542495\n|-end|p1b: Walking Wake|Protosynthesis|[silent]\n|switch|p1b: Clefairy|Clefairy, M|100\/100\n|-damage|p1b: Clefairy|88\/100|[from] Stealth Rock\n|move|p2a: Tornadus|Sandstorm|p2a: Tornadus\n|-weather|Sandstorm\n|move|p2b: Dracozolt|Dragon Claw|p1b: Clefairy\n|-immune|p1b: Clefairy\n|-activate|p1a: Clefable|move: Struggle\n|move|p1a: Clefable|Struggle|p2a: Tornadus\n|-damage|p2a: Tornadus|0 fnt\n|faint|p2a: Tornadus\n|-damage|p1a: Clefable|38\/100|[from] recoil\n|\n|-weather|Sandstorm|[upkeep]\n|-damage|p1b: Clefairy|82\/100|[from] Sandstorm\n|-heal|p1a: Clefable|44\/100|[from] item: Leftovers\n|-sideend|p1: yaya_x3|move: Light Screen\n|upkeep\n|\n|t:|1698542517\n|switch|p2a: Excadrill|Excadrill, M|100\/100\n|turn|7\n|\n|t:|1698542550\n|switch|p2b: Orthworm|Orthworm, F|50\/100\n|switch|p1a: Amoonguss|Amoonguss, M|100\/100\n|-damage|p1a: Amoonguss|88\/100|[from] Stealth Rock\n|move|p2a: Excadrill|Iron Head|p1b: Clefairy\n|-supereffective|p1b: Clefairy\n|-damage|p1b: Clefairy|0 fnt\n|faint|p1b: Clefairy\n|-damage|p2a: Excadrill|91\/100|[from] item: Life Orb\n|\n|-weather|Sandstorm|[upkeep]\n|-damage|p1a: Amoonguss|82\/100|[from] Sandstorm\n|-heal|p2b: Orthworm|57\/100|[from] item: Leftovers\n|-heal|p1a: Amoonguss|88\/100|[from] item: Black Sludge\n|-sideend|p2: AnimeProz|move: Tailwind\n|upkeep\n|\n|t:|1698542569\n|switch|p1b: Charizard|Charizard, F|100\/100\n|-damage|p1b: Charizard|51\/100|[from] Stealth Rock\n|turn|8\n|\n|t:|1698542588\n|detailschange|p1b: Charizard|Charizard-Mega-Y, F\n|-mega|p1b: Charizard|Charizard|Charizardite Y\n|-weather|SunnyDay|[from] ability: Drought|[of] p1b: Charizard\n|move|p2a: Excadrill|Protect|p2a: Excadrill\n|-singleturn|p2a: Excadrill|Protect\n|move|p1b: Charizard|Heat Wave|p2a: Excadrill|[spread] p2b\n|-activate|p2a: Excadrill|move: Protect\n|-supereffective|p2b: Orthworm\n|-damage|p2b: Orthworm|0 fnt\n|faint|p2b: Orthworm\n|move|p1a: Amoonguss|Spore|p2a: Excadrill\n|-activate|p2a: Excadrill|move: Protect\n|\n|-weather|SunnyDay|[upkeep]\n|-heal|p1a: Amoonguss|94\/100|[from] item: Black Sludge\n|upkeep\n|\n|t:|1698542609\n|switch|p2b: Dracozolt|Dracozolt|48\/100\n|turn|9\n|\n|t:|1698542622\n|switch|p2a: Tyranitar|Tyranitar, M|29\/100\n|-weather|Sandstorm|[from] ability: Sand Stream|[of] p2a: Tyranitar\n|move|p1a: Amoonguss|Rage Powder|p1a: Amoonguss\n|-singleturn|p1a: Amoonguss|move: Rage Powder\n|move|p2b: Dracozolt|Fire Fang|p1a: Amoonguss\n|-supereffective|p1a: Amoonguss\n|-damage|p1a: Amoonguss|47\/100\n|-damage|p2b: Dracozolt|38\/100|[from] item: Life Orb\n|move|p1b: Charizard|Substitute|p1b: Charizard\n|-start|p1b: Charizard|Substitute\n|-damage|p1b: Charizard|26\/100\n|\n|-weather|Sandstorm|[upkeep]\n|-damage|p1b: Charizard|20\/100|[from] Sandstorm\n|-damage|p1a: Amoonguss|41\/100|[from] Sandstorm\n|-heal|p1a: Amoonguss|47\/100|[from] item: Black Sludge\n|upkeep\n|turn|10\n|\n|t:|1698542696\n|move|p1b: Charizard|Protect|p1b: Charizard\n|-singleturn|p1b: Charizard|Protect\n|move|p2b: Dracozolt|Fire Fang|p1a: Amoonguss\n|-supereffective|p1a: Amoonguss\n|-damage|p1a: Amoonguss|0 fnt\n|faint|p1a: Amoonguss\n|-damage|p2b: Dracozolt|28\/100|[from] item: Life Orb\n|move|p2a: Tyranitar|Ice Punch|p1b: Charizard\n|-activate|p1b: Charizard|move: Protect\n|\n|-weather|Sandstorm|[upkeep]\n|-damage|p1b: Charizard|14\/100|[from] Sandstorm\n|upkeep\n|\n|t:|1698542732\n|switch|p1a: Clefable|Clefable, M|44\/100\n|turn|11\n|\n|t:|1698542750\n|move|p2a: Tyranitar|Protect|p2a: Tyranitar\n|-singleturn|p2a: Tyranitar|Protect\n|move|p2b: Dracozolt|Bolt Beak|p1a: Clefable\n|-damage|p1a: Clefable|0 fnt\n|faint|p1a: Clefable\n|-damage|p2b: Dracozolt|18\/100|[from] item: Life Orb\n|move|p1b: Charizard|Heat Wave|p2b: Dracozolt|[spread] \n|-activate|p2a: Tyranitar|move: Protect\n|-miss|p1b: Charizard|p2b: Dracozolt\n|\n|-weather|Sandstorm|[upkeep]\n|-damage|p1b: Charizard|8\/100|[from] Sandstorm\n|upkeep\n|\n|t:|1698542782\n|switch|p1a: Dragonite|Dragonite, M|100\/100\n|-damage|p1a: Dragonite|76\/100|[from] Stealth Rock\n|turn|12\n|\n|t:|1698542799\n|-terastallize|p1a: Dragonite|Normal\n|move|p2b: Dracozolt|Dragon Claw|p1a: Dragonite\n|-damage|p1a: Dragonite|24\/100\n|-damage|p2b: Dracozolt|8\/100|[from] item: Life Orb\n|move|p1b: Charizard|Solar Beam||[still]\n|-prepare|p1b: Charizard|Solar Beam\n|move|p1a: Dragonite|Ice Punch|p2b: Dracozolt\n|-supereffective|p2b: Dracozolt\n|-damage|p2b: Dracozolt|0 fnt\n|faint|p2b: Dracozolt\n|-damage|p1a: Dragonite|14\/100|[from] item: Life Orb\n|move|p2a: Tyranitar|Ice Punch|p1a: Dragonite\n|-damage|p1a: Dragonite|0 fnt\n|faint|p1a: Dragonite\n|\n|-weather|Sandstorm|[upkeep]\n|-damage|p1b: Charizard|2\/100|[from] Sandstorm\n|upkeep\n|\n|t:|1698542825\n|switch|p1a: Walking Wake|Walking Wake|88\/100\n|switch|p2b: Excadrill|Excadrill, M|91\/100\n|-damage|p1a: Walking Wake|76\/100|[from] Stealth Rock\n|turn|13\n|\n|t:|1698542840\n|move|p2a: Tyranitar|Protect|p2a: Tyranitar\n|-singleturn|p2a: Tyranitar|Protect\n|move|p2b: Excadrill|Earthquake|p1a: Walking Wake|[spread] p1a\n|-activate|p2a: Tyranitar|move: Protect\n|-immune|p1b: Charizard\n|-damage|p1a: Walking Wake|11\/100\n|-damage|p2b: Excadrill|81\/100|[from] item: Life Orb\n|move|p1a: Walking Wake|Hydro Steam|p2b: Excadrill\n|-supereffective|p2b: Excadrill\n|-damage|p2b: Excadrill|0 fnt\n|faint|p2b: Excadrill\n|move|p1b: Charizard|Solar Beam|p2a: Tyranitar|[from]lockedmove\n|-activate|p2a: Tyranitar|move: Protect\n|\n|-weather|none\n|upkeep\n|\n|t:|1698542861\n|switch|p2b: Dugtrio|Dugtrio, M|100\/100\n|turn|14\n|\n|t:|1698542880\n|detailschange|p2a: Tyranitar|Tyranitar-Mega, M\n|-mega|p2a: Tyranitar|Tyranitar|Tyranitarite\n|-weather|Sandstorm|[from] ability: Sand Stream|[of] p2a: Tyranitar\n|move|p2b: Dugtrio|Rock Slide|p1b: Charizard|[spread] p1a,p1b\n|-supereffective|p1b: Charizard\n|-end|p1b: Charizard|Substitute\n|-damage|p1a: Walking Wake|0 fnt\n|faint|p1a: Walking Wake\n|-end|p1a: Walking Wake|Protosynthesis|[silent]\n|move|p1b: Charizard|Heat Wave|p2b: Dugtrio|[spread] p2a,p2b\n|-resisted|p2a: Tyranitar\n|-damage|p2a: Tyranitar|18\/100\n|-damage|p2b: Dugtrio|7\/100\n|move|p2a: Tyranitar|Ice Punch|p1b: Charizard\n|-damage|p1b: Charizard|0 fnt\n|faint|p1b: Charizard\n|\n|win|AnimeProz\n|c|\u2606yaya_x3|ggs\n|c|\u2606AnimeProz|Gg\n","uploadtime":1698542905,"views":17,"p1id":"yayax3","p2id":"animeproz","formatid":"gen9nationaldexdoubles","rating":0,"private":0,"password":""}