{"id":"gen9nationaldexdoubles-1987708724","p1":"LilyLopears","p2":"Be happy every","format":"[Gen 9] National Dex Doubles","log":"|j|\u2606LilyLopears\n|j|\u2606Be happy every\n|t:|1699629707\n|gametype|doubles\n|player|p1|LilyLopears|acetrainersnowf|1175\n|player|p2|Be happy every|irida|1063\n|teamsize|p1|6\n|teamsize|p2|6\n|gen|9\n|tier|[Gen 9] National Dex Doubles\n|rated|\n|rule|HP Percentage Mod: HP is shown in percentages\n|rule|Endless Battle Clause: Forcing endless battles is banned\n|rule|OHKO Clause: OHKO moves are banned\n|rule|Evasion Moves Clause: Evasion moves are banned\n|rule|Evasion Abilities Clause: Evasion abilities are banned\n|rule|Species Clause: Limit one of each Pok\u00e9mon\n|rule|Gravity Sleep Clause: The combination of sleep-inducing moves with imperfect accuracy and Gravity or Gigantamax Orbeetle are banned\n|clearpoke\n|poke|p1|Victini|\n|poke|p1|Dragonite, M|\n|poke|p1|Cofagrigus, F|\n|poke|p1|Cloyster, M|\n|poke|p1|Aggron, M|\n|poke|p1|Bonsly, M|\n|poke|p2|Perrserker, F|\n|poke|p2|Tinkaton, F|\n|poke|p2|Lucario, F|\n|poke|p2|Amoonguss, F|\n|poke|p2|Landorus, M|\n|poke|p2|Lycanroc-Dusk, F|\n|teampreview\n|inactive|Battle timer is ON: inactive players will automatically lose when time's up. (requested by Be happy every)\n|\n|t:|1699629724\n|start\n|switch|p1a: Victini|Victini|100\/100\n|switch|p1b: Bonsly|Bonsly, M|100\/100\n|switch|p2a: Perrserker|Perrserker, F|100\/100\n|switch|p2b: Tinkaton|Tinkaton, F|100\/100\n|-ability|p2b: Tinkaton|Mold Breaker\n|turn|1\n|\n|t:|1699629741\n|move|p1b: Bonsly|Protect|p1b: Bonsly\n|-singleturn|p1b: Bonsly|Protect\n|move|p2a: Perrserker|Fake Out|p1a: Victini\n|-damage|p1a: Victini|89\/100\n|move|p2b: Tinkaton|Gigaton Hammer|p1a: Victini\n|-resisted|p1a: Victini\n|-damage|p1a: Victini|42\/100\n|cant|p1a: Victini|flinch\n|\n|upkeep\n|turn|2\n|\n|t:|1699629758\n|switch|p2b: Lycanroc|Lycanroc-Dusk, F|100\/100\n|switch|p2a: Amoonguss|Amoonguss, F|100\/100\n|move|p1b: Bonsly|Stealth Rock|p2b: Lycanroc\n|-sidestart|p2: Be happy every|move: Stealth Rock\n|move|p1a: Victini|Trick Room|p1a: Victini\n|-fieldstart|move: Trick Room|[of] p1a: Victini\n|\n|upkeep\n|turn|3\n|\n|t:|1699629780\n|move|p1b: Bonsly|Protect|p1b: Bonsly\n|-singleturn|p1b: Bonsly|Protect\n|move|p2b: Lycanroc|Accelerock|p1a: Victini\n|-supereffective|p1a: Victini\n|-damage|p1a: Victini|0 fnt\n|faint|p1a: Victini\n|-damage|p2b: Lycanroc|91\/100|[from] item: Life Orb\n|move|p2a: Amoonguss|Spore|p1b: Bonsly\n|-activate|p1b: Bonsly|move: Protect\n|\n|upkeep\n|\n|t:|1699629793\n|switch|p1a: Dragonite|Dragonite, M|100\/100\n|turn|4\n|\n|t:|1699629819\n|move|p1a: Dragonite|Aqua Jet|p2b: Lycanroc\n|-supereffective|p2b: Lycanroc\n|-damage|p2b: Lycanroc|50\/100\n|move|p1b: Bonsly|Sand Tomb|p2a: Amoonguss\n|-damage|p2a: Amoonguss|93\/100\n|-activate|p2a: Amoonguss|move: Sand Tomb|[of] p1b: Bonsly\n|move|p2a: Amoonguss|Clear Smog|p1a: Dragonite\n|-damage|p1a: Dragonite|94\/100\n|-clearboost|p1a: Dragonite\n|move|p2b: Lycanroc|Play Rough|p1a: Dragonite\n|-supereffective|p1a: Dragonite\n|-damage|p1a: Dragonite|0 fnt\n|faint|p1a: Dragonite\n|-damage|p2b: Lycanroc|40\/100|[from] item: Life Orb\n|\n|-heal|p2a: Amoonguss|99\/100|[from] item: Black Sludge\n|-damage|p2a: Amoonguss|87\/100|[from] move: Sand Tomb|[partiallytrapped]\n|upkeep\n|inactive|LilyLopears has 120 seconds left.\n|\n|t:|1699629837\n|switch|p1a: Cofagrigus|Cofagrigus, F|100\/100\n|turn|5\n|\n|t:|1699629852\n|move|p1b: Bonsly|Low Kick|p2b: Lycanroc\n|-supereffective|p2b: Lycanroc\n|-damage|p2b: Lycanroc|0 fnt\n|faint|p2b: Lycanroc\n|move|p2a: Amoonguss|Pollen Puff|p2: Lycanroc|[notarget]\n|-fail|p2a: Amoonguss\n|move|p1a: Cofagrigus|Shadow Ball|p2a: Amoonguss\n|-damage|p2a: Amoonguss|64\/100\n|-unboost|p2a: Amoonguss|spd|1\n|\n|-heal|p2a: Amoonguss|70\/100|[from] item: Black Sludge\n|-damage|p2a: Amoonguss|58\/100|[from] move: Sand Tomb|[partiallytrapped]\n|upkeep\n|\n|t:|1699629860\n|switch|p2b: Landorus|Landorus, M|100\/100\n|-damage|p2b: Landorus|88\/100|[from] Stealth Rock\n|turn|6\n|\n|t:|1699629883\n|-terastallize|p2b: Landorus|Ground\n|move|p1b: Bonsly|Protect|p1b: Bonsly\n|-singleturn|p1b: Bonsly|Protect\n|move|p2a: Amoonguss|Spore|p1a: Cofagrigus\n|-status|p1a: Cofagrigus|slp|[from] move: Spore\n|cant|p1a: Cofagrigus|slp\n|move|p2b: Landorus|Sandsear Storm|p1a: Cofagrigus|[spread] p1a\n|-activate|p1b: Bonsly|move: Protect\n|-damage|p1a: Cofagrigus|12\/100 slp\n|\n|-heal|p2a: Amoonguss|64\/100|[from] item: Black Sludge\n|-heal|p1a: Cofagrigus|19\/100 slp|[from] item: Leftovers\n|-damage|p2a: Amoonguss|51\/100|[from] move: Sand Tomb|[partiallytrapped]\n|-fieldend|move: Trick Room\n|upkeep\n|turn|7\n|inactive|LilyLopears has 120 seconds left.\n|\n|t:|1699629932\n|switch|p1a: Cloyster|Cloyster, M|100\/100\n|move|p2a: Amoonguss|Rage Powder|p2a: Amoonguss\n|-singleturn|p2a: Amoonguss|move: Rage Powder\n|move|p2b: Landorus|Sandsear Storm|p1b: Bonsly|[spread] p1a,p1b\n|-supereffective|p1b: Bonsly\n|-damage|p1a: Cloyster|0 fnt\n|-ability|p1b: Bonsly|Sturdy\n|-damage|p1b: Bonsly|1\/100\n|faint|p1a: Cloyster\n|move|p1b: Bonsly|Sand Tomb|p2a: Amoonguss\n|-damage|p2a: Amoonguss|44\/100\n|\n|-heal|p2a: Amoonguss|50\/100|[from] item: Black Sludge\n|-damage|p2a: Amoonguss|37\/100|[from] move: Sand Tomb|[partiallytrapped]\n|upkeep\n|\n|t:|1699629948\n|switch|p1a: Aggron|Aggron, M|100\/100\n|turn|8\n|\n|t:|1699629961\n|move|p1b: Bonsly|Protect|p1b: Bonsly\n|-singleturn|p1b: Bonsly|Protect\n|move|p2b: Landorus|Sandsear Storm|p1b: Bonsly|[spread] p1a\n|-activate|p1b: Bonsly|move: Protect\n|-supereffective|p1a: Aggron\n|-damage|p1a: Aggron|0 fnt\n|faint|p1a: Aggron\n|move|p2a: Amoonguss|Spore|p1b: Bonsly\n|-activate|p1b: Bonsly|move: Protect\n|\n|-heal|p2a: Amoonguss|44\/100|[from] item: Black Sludge\n|-end|p2a: Amoonguss|Sand Tomb|[partiallytrapped]\n|upkeep\n|\n|t:|1699629972\n|switch|p1a: Cofagrigus|Cofagrigus, F|19\/100 slp\n|turn|9\n|inactive|LilyLopears has 120 seconds left.\n|\n|t:|1699629991\n|move|p2b: Landorus|Sandsear Storm|p1a: Cofagrigus|[spread] p1a,p1b\n|-supereffective|p1b: Bonsly\n|-damage|p1a: Cofagrigus|0 fnt\n|-damage|p1b: Bonsly|0 fnt\n|faint|p1a: Cofagrigus\n|faint|p1b: Bonsly\n|\n|win|Be happy every\n|raw|LilyLopears's rating: 1175 &rarr; <strong>1142<\/strong><br \/>(-33 for losing)\n|raw|Be happy every's rating: 1063 &rarr; <strong>1103<\/strong><br \/>(+40 for winning)\n","uploadtime":1699629999,"views":7,"p1id":"lilylopears","p2id":"behappyevery","formatid":"gen9nationaldexdoubles","rating":1103,"private":0,"password":""}