{"id":"gen9nationaldexdoubles-1991447034","p1":"kuramasempai95","p2":"Theadonia","format":"[Gen 9] National Dex Doubles","log":"|j|\u2606kuramasempai95\n|j|\u2606Theadonia\n|t:|1700077855\n|gametype|doubles\n|player|p1|kuramasempai95|n|1087\n|player|p2|Theadonia|roxie|1116\n|teamsize|p1|6\n|teamsize|p2|6\n|gen|9\n|tier|[Gen 9] National Dex Doubles\n|rated|\n|rule|HP Percentage Mod: HP is shown in percentages\n|rule|Endless Battle Clause: Forcing endless battles is banned\n|rule|OHKO Clause: OHKO moves are banned\n|rule|Evasion Moves Clause: Evasion moves are banned\n|rule|Evasion Abilities Clause: Evasion abilities are banned\n|rule|Species Clause: Limit one of each Pok\u00e9mon\n|rule|Gravity Sleep Clause: The combination of sleep-inducing moves with imperfect accuracy and Gravity or Gigantamax Orbeetle are banned\n|clearpoke\n|poke|p1|Charizard, M|\n|poke|p1|Leavanny, F|\n|poke|p1|Lapras, F|\n|poke|p1|Maushold-Four|\n|poke|p1|Pikachu-Original, M|\n|poke|p1|Banette, M|\n|poke|p2|Slaking, M|\n|poke|p2|Swoobat, F|\n|poke|p2|Latias, F|\n|poke|p2|Enamorus, F|\n|poke|p2|Serperior, M|\n|poke|p2|Victini|\n|teampreview\n|inactive|Battle timer is ON: inactive players will automatically lose when time's up. (requested by kuramasempai95)\n|c|\u2606kuramasempai95|glhf\n|\n|t:|1700077870\n|start\n|switch|p1a: Charizard|Charizard, M, shiny|100\/100\n|switch|p1b: Leavanny|Leavanny, F, shiny|100\/100\n|switch|p2a: Enamorus|Enamorus, F|100\/100\n|switch|p2b: Victini|Victini|100\/100\n|turn|1\n|inactive|kuramasempai95 has 120 seconds left.\n|\n|t:|1700077900\n|detailschange|p1a: Charizard|Charizard-Mega-Y, M, shiny\n|-mega|p1a: Charizard|Charizard|Charizardite Y\n|-weather|SunnyDay|[from] ability: Drought|[of] p1a: Charizard\n|move|p1b: Leavanny|Leaf Blade|p2a: Enamorus\n|-resisted|p2a: Enamorus\n|-damage|p2a: Enamorus|69\/100\n|move|p2a: Enamorus|Tailwind|p2a: Enamorus\n|-sidestart|p2: Theadonia|move: Tailwind\n|move|p2b: Victini|Role Play|p2a: Enamorus\n|-endability|p2b: Victini|Victory Star|[from] move: Role Play\n|-ability|p2b: Victini|Contrary|[from] move: Role Play|[of] p2a: Enamorus\n|move|p1a: Charizard|Heat Wave|p2b: Victini|[spread] p2a,p2b\n|-resisted|p2b: Victini\n|-damage|p2a: Enamorus|0 fnt\n|-damage|p2b: Victini|69\/100\n|faint|p2a: Enamorus\n|\n|-weather|SunnyDay|[upkeep]\n|-heal|p2b: Victini|75\/100|[from] item: Leftovers\n|upkeep\n|\n|t:|1700077923\n|switch|p2a: Latias|Latias, F|100\/100\n|turn|2\n|\n|t:|1700077938\n|move|p2a: Latias|Role Play|p2b: Victini\n|-endability|p2a: Latias|Levitate|[from] move: Role Play\n|-ability|p2a: Latias|Contrary|[from] move: Role Play|[of] p2b: Victini\n|move|p2b: Victini|V-create|p1b: Leavanny\n|-supereffective|p1b: Leavanny\n|-damage|p1b: Leavanny|0 fnt\n|-boost|p2b: Victini|spe|1\n|-boost|p2b: Victini|def|1\n|-boost|p2b: Victini|spd|1\n|faint|p1b: Leavanny\n|move|p1a: Charizard|Dragon Pulse|p2a: Latias\n|-supereffective|p2a: Latias\n|-damage|p2a: Latias|34\/100\n|\n|-weather|SunnyDay|[upkeep]\n|-heal|p2b: Victini|81\/100|[from] item: Leftovers\n|upkeep\n|\n|t:|1700077955\n|switch|p1b: Banette|Banette, M, shiny|100\/100\n|turn|3\n|\n|t:|1700077980\n|move|p1b: Banette|Shadow Sneak|p2a: Latias\n|-supereffective|p2a: Latias\n|-damage|p2a: Latias|0 fnt\n|faint|p2a: Latias\n|move|p2b: Victini|V-create|p1a: Charizard\n|-resisted|p1a: Charizard\n|-damage|p1a: Charizard|39\/100\n|-boost|p2b: Victini|spe|1\n|-boost|p2b: Victini|def|1\n|-boost|p2b: Victini|spd|1\n|move|p1a: Charizard|Dragon Pulse|p2b: Victini\n|-damage|p2b: Victini|63\/100\n|\n|-weather|SunnyDay|[upkeep]\n|-heal|p2b: Victini|69\/100|[from] item: Leftovers\n|upkeep\n|\n|t:|1700077991\n|switch|p2a: Swoobat|Swoobat, F|100\/100\n|turn|4\n|\n|t:|1700078002\n|move|p1b: Banette|Shadow Sneak|p2b: Victini\n|-supereffective|p2b: Victini\n|-damage|p2b: Victini|47\/100\n|move|p2b: Victini|V-create|p1a: Charizard\n|-resisted|p1a: Charizard\n|-damage|p1a: Charizard|0 fnt\n|-boost|p2b: Victini|spe|1\n|-boost|p2b: Victini|def|1\n|-boost|p2b: Victini|spd|1\n|faint|p1a: Charizard\n|move|p2a: Swoobat|Reflect|p2a: Swoobat\n|-sidestart|p2: Theadonia|Reflect\n|\n|-weather|SunnyDay|[upkeep]\n|-heal|p2b: Victini|53\/100|[from] item: Leftovers\n|-sideend|p2: Theadonia|move: Tailwind\n|upkeep\n|\n|t:|1700078020\n|switch|p1a: Maushold|Maushold-Four, shiny|100\/100\n|turn|5\n|\n|t:|1700078033\n|move|p2b: Victini|V-create|p1a: Maushold\n|-damage|p1a: Maushold|0 fnt\n|-boost|p2b: Victini|spe|1\n|-boost|p2b: Victini|def|1\n|-boost|p2b: Victini|spd|1\n|faint|p1a: Maushold\n|move|p2a: Swoobat|Heat Wave|p1b: Banette\n|-damage|p1b: Banette|56\/100\n|move|p1b: Banette|Poltergeist|p2b: Victini\n|-activate|p2b: Victini|move: Poltergeist|Leftovers\n|-supereffective|p2b: Victini\n|-damage|p2b: Victini|22\/100\n|\n|-weather|none\n|-heal|p2b: Victini|28\/100|[from] item: Leftovers\n|upkeep\n|\n|t:|1700078046\n|switch|p1a: Pikachu|Pikachu-Original, M|100\/100\n|turn|6\n|\n|t:|1700078060\n|move|p1a: Pikachu|Helping Hand|p1b: Banette\n|-singleturn|p1b: Banette|Helping Hand|[of] p1a: Pikachu\n|move|p1b: Banette|Shadow Sneak|p2b: Victini\n|-supereffective|p2b: Victini\n|-damage|p2b: Victini|13\/100\n|move|p2b: Victini|V-create|p1b: Banette\n|-damage|p1b: Banette|0 fnt\n|-boost|p2b: Victini|spe|1\n|-boost|p2b: Victini|def|1\n|-boost|p2b: Victini|spd|1\n|faint|p1b: Banette\n|move|p2a: Swoobat|Skill Swap|p1a: Pikachu\n|-activate|p2a: Swoobat|move: Skill Swap|Lightning Rod|Simple|[of] p1a: Pikachu\n|\n|-heal|p2b: Victini|19\/100|[from] item: Leftovers\n|upkeep\n|\n|t:|1700078073\n|switch|p1b: Lapras|Lapras, F, shiny|100\/100\n|turn|7\n|c|\u2606kuramasempai95|gg\n|\n|t:|1700078088\n|move|p1a: Pikachu|Helping Hand|p1b: Lapras\n|-singleturn|p1b: Lapras|Helping Hand|[of] p1a: Pikachu\n|move|p2b: Victini|V-create|p1a: Pikachu\n|-damage|p1a: Pikachu|0 fnt\n|-boost|p2b: Victini|spe|1\n|-boost|p2b: Victini|def|1\n|-boost|p2b: Victini|spd|1\n|faint|p1a: Pikachu\n|move|p2a: Swoobat|Light Screen|p2a: Swoobat\n|-sidestart|p2: Theadonia|move: Light Screen\n|move|p1b: Lapras|Ice Beam|p2b: Victini\n|-resisted|p2b: Victini\n|-damage|p2b: Victini|14\/100\n|-status|p2b: Victini|frz\n|\n|-heal|p2b: Victini|20\/100 frz|[from] item: Leftovers\n|upkeep\n|turn|8\n|\n|t:|1700078109\n|cant|p2b: Victini|frz\n|move|p2a: Swoobat|Skill Swap|p1b: Lapras\n|-activate|p2a: Swoobat|move: Skill Swap|Water Absorb|Lightning Rod|[of] p1b: Lapras\n|move|p1b: Lapras|Ice Beam|p2a: Swoobat\n|-supereffective|p2a: Swoobat\n|-damage|p2a: Swoobat|19\/100\n|\n|-heal|p2b: Victini|27\/100 frz|[from] item: Leftovers\n|upkeep\n|turn|9\n|\n|t:|1700078126\n|cant|p2b: Victini|frz\n|move|p2a: Swoobat|Skill Swap|p2b: Victini\n|-activate|p2a: Swoobat|move: Skill Swap|||[of] p2b: Victini\n|move|p1b: Lapras|Sparkling Aria|p2a: Swoobat|[spread] p2a\n|-heal|p2b: Victini|52\/100 frz|[from] ability: Water Absorb|[of] p1b: Lapras\n|-damage|p2a: Swoobat|0 fnt\n|faint|p2a: Swoobat\n|\n|-heal|p2b: Victini|58\/100 frz|[from] item: Leftovers\n|upkeep\n|\n|t:|1700078139\n|switch|p2a: Serperior|Serperior, M|100\/100\n|turn|10\n|\n|t:|1700078145\n|-terastallize|p2a: Serperior|Grass\n|-curestatus|p2b: Victini|frz|[msg]\n|move|p2b: Victini|Stored Power|p1b: Lapras\n|-damage|p1b: Lapras|0 fnt\n|faint|p1b: Lapras\n|\n|win|Theadonia\n|raw|kuramasempai95's rating: 1087 &rarr; <strong>1066<\/strong><br \/>(-21 for losing)\n|raw|Theadonia's rating: 1116 &rarr; <strong>1139<\/strong><br \/>(+23 for winning)\n|l|\u2606kuramasempai95\n","uploadtime":1700078154,"views":5,"p1id":"kuramasempai95","p2id":"theadonia","formatid":"gen9nationaldexdoubles","rating":1066,"private":0,"password":""}