{"id":"gen9nationaldexdoubles-1977284372","p1":"aaaaaa111","p2":"R35ztkiRyzu","format":"[Gen 9] National Dex Doubles","log":"|j|\u2606aaaaaa111\n|j|\u2606R35ztkiRyzu\n|t:|1698399280\n|gametype|doubles\n|player|p1|aaaaaa111|265|1000\n|player|p2|R35ztkiRyzu|101|1170\n|teamsize|p1|6\n|teamsize|p2|6\n|gen|9\n|tier|[Gen 9] National Dex Doubles\n|rated|\n|rule|HP Percentage Mod: HP is shown in percentages\n|rule|Endless Battle Clause: Forcing endless battles is banned\n|rule|OHKO Clause: OHKO moves are banned\n|rule|Evasion Moves Clause: Evasion moves are banned\n|rule|Evasion Abilities Clause: Evasion abilities are banned\n|rule|Species Clause: Limit one of each Pok\u00e9mon\n|rule|Gravity Sleep Clause: The combination of sleep-inducing moves with imperfect accuracy and Gravity or Gigantamax Orbeetle are banned\n|clearpoke\n|poke|p1|Cherrim, M|\n|poke|p1|Ogerpon-Hearthflame, F|\n|poke|p1|Ursaluna, F|\n|poke|p1|Zygarde|\n|poke|p1|Exeggutor-Alola, F|\n|poke|p1|Diancie|\n|poke|p2|Glastrier|\n|poke|p2|Diancie|\n|poke|p2|Camerupt, F|\n|poke|p2|Amoonguss, M|\n|poke|p2|Dusclops, M|\n|poke|p2|Conkeldurr, F|\n|teampreview\n|\n|t:|1698399302\n|start\n|switch|p1a: Cherrim|Cherrim, M|100\/100\n|switch|p1b: Exeggutor|Exeggutor-Alola, F|100\/100\n|switch|p2a: Camerupt|Camerupt, F, shiny|100\/100\n|switch|p2b: Dusclops|Dusclops, M, shiny|100\/100\n|-item|p2a: Camerupt|Cameruptite|[from] ability: Frisk|[of] p1b: Exeggutor|[identify]\n|-item|p2b: Dusclops|Eviolite|[from] ability: Frisk|[of] p1b: Exeggutor|[identify]\n|-ability|p2b: Dusclops|Pressure\n|turn|1\n|\n|t:|1698399331\n|move|p2a: Camerupt|Protect|p2a: Camerupt\n|-singleturn|p2a: Camerupt|Protect\n|move|p1a: Cherrim|Sunny Day|p1a: Cherrim\n|-weather|SunnyDay\n|-formechange|p1a: Cherrim|Cherrim-Sunshine|[msg]|[from] ability: Flower Gift\n|move|p1b: Exeggutor|Teleport|p1b: Exeggutor\n|\n|t:|1698399359\n|switch|p1b: Diancie|Diancie|100\/100|[from] Teleport\n|move|p2b: Dusclops|Trick Room|p2b: Dusclops\n|-fieldstart|move: Trick Room|[of] p2b: Dusclops\n|\n|-weather|SunnyDay|[upkeep]\n|upkeep\n|turn|2\n|\n|t:|1698399379\n|detailschange|p2a: Camerupt|Camerupt-Mega, F, shiny\n|-mega|p2a: Camerupt|Camerupt|Cameruptite\n|detailschange|p1b: Diancie|Diancie-Mega\n|-mega|p1b: Diancie|Diancie|Diancite\n|move|p1a: Cherrim|Protect|p1a: Cherrim\n|-singleturn|p1a: Cherrim|Protect\n|move|p2a: Camerupt|Eruption|p1a: Cherrim|[spread] p1b\n|-activate|p1a: Cherrim|move: Protect\n|-resisted|p1b: Diancie\n|-damage|p1b: Diancie|51\/100\n|move|p2b: Dusclops|Will-O-Wisp|p1b: Diancie\n|move|p1b: Diancie|Will-O-Wisp|p2b: Dusclops|[from]ability: Magic Bounce\n|-status|p2b: Dusclops|brn\n|move|p1b: Diancie|Explosion|p2a: Camerupt|[spread] p2a\n|-activate|p1a: Cherrim|move: Protect\n|-immune|p2b: Dusclops\n|-damage|p2a: Camerupt|0 fnt\n|faint|p1b: Diancie\n|faint|p2a: Camerupt\n|\n|-weather|SunnyDay|[upkeep]\n|-damage|p2b: Dusclops|95\/100 brn|[from] brn\n|upkeep\n|\n|t:|1698399417\n|switch|p2a: Glastrier|Glastrier|100\/100\n|switch|p1b: Exeggutor|Exeggutor-Alola, F|100\/100\n|-item|p2a: Glastrier|Heavy-Duty Boots|[from] ability: Frisk|[of] p1b: Exeggutor|[identify]\n|-item|p2b: Dusclops|Eviolite|[from] ability: Frisk|[of] p1b: Exeggutor|[identify]\n|turn|3\n|\n|t:|1698399453\n|move|p2b: Dusclops|Will-O-Wisp|p1a: Cherrim\n|-status|p1a: Cherrim|brn\n|move|p2a: Glastrier|Icicle Crash|p1b: Exeggutor\n|-supereffective|p1b: Exeggutor\n|-enditem|p1b: Exeggutor|Focus Sash\n|-damage|p1b: Exeggutor|1\/100\n|move|p1a: Cherrim|Solar Blade||[still]\n|-prepare|p1a: Cherrim|Solar Blade\n|-anim|p1a: Cherrim|Solar Blade|p2b: Dusclops\n|-damage|p2b: Dusclops|74\/100 brn\n|move|p1b: Exeggutor|Teleport|p1b: Exeggutor\n|\n|t:|1698399475\n|switch|p1b: Ursaluna|Ursaluna, F|100\/100|[from] Teleport\n|\n|-weather|SunnyDay|[upkeep]\n|-damage|p2b: Dusclops|68\/100 brn|[from] brn\n|-damage|p1a: Cherrim|94\/100 brn|[from] brn\n|-status|p1b: Ursaluna|brn|[from] item: Flame Orb\n|upkeep\n|turn|4\n|\n|t:|1698399493\n|move|p1a: Cherrim|Protect|p1a: Cherrim\n|-singleturn|p1a: Cherrim|Protect\n|move|p2b: Dusclops|Brick Break|p1b: Ursaluna\n|-supereffective|p1b: Ursaluna\n|-damage|p1b: Ursaluna|91\/100 brn\n|move|p2a: Glastrier|Icicle Crash|p1b: Ursaluna\n|-supereffective|p1b: Ursaluna\n|-damage|p1b: Ursaluna|20\/100 brn\n|move|p1b: Ursaluna|Facade|p2a: Glastrier\n|-damage|p2a: Glastrier|0 fnt\n|faint|p2a: Glastrier\n|\n|-weather|SunnyDay|[upkeep]\n|-damage|p2b: Dusclops|62\/100 brn|[from] brn\n|-damage|p1b: Ursaluna|14\/100 brn|[from] brn\n|-damage|p1a: Cherrim|88\/100 brn|[from] brn\n|upkeep\n|\n|t:|1698399519\n|switch|p2a: Diancie|Diancie|100\/100\n|turn|5\n|\n|t:|1698399534\n|move|p1a: Cherrim|Helping Hand|p1b: Ursaluna\n|-singleturn|p1b: Ursaluna|Helping Hand|[of] p1a: Cherrim\n|move|p2b: Dusclops|Pain Split|p1a: Cherrim\n|-sethp|p1a: Cherrim|70\/100 brn|[from] move: Pain Split|[silent]\n|-sethp|p2b: Dusclops|84\/100 brn|[from] move: Pain Split\n|move|p2a: Diancie|Diamond Storm|p1a: Cherrim|[spread] p1a\n|-miss|p2a: Diancie|p1b: Ursaluna\n|-damage|p1a: Cherrim|31\/100 brn\n|-boost|p2a: Diancie|def|2\n|move|p1b: Ursaluna|Earthquake|p2b: Dusclops|[spread] p1a,p2a,p2b\n|-resisted|p1a: Cherrim\n|-supereffective|p2a: Diancie\n|-damage|p1a: Cherrim|0 fnt\n|-damage|p2a: Diancie|0 fnt\n|-damage|p2b: Dusclops|0 fnt\n|faint|p1a: Cherrim\n|faint|p2a: Diancie\n|faint|p2b: Dusclops\n|\n|-weather|SunnyDay|[upkeep]\n|-damage|p1b: Ursaluna|8\/100 brn|[from] brn\n|-fieldend|move: Trick Room\n|upkeep\n|\n|t:|1698399558\n|switch|p1a: Ogerpon|Ogerpon-Hearthflame, F|100\/100\n|switch|p2a: Conkeldurr|Conkeldurr, F|100\/100\n|switch|p2b: Amoonguss|Amoonguss, M|100\/100\n|-ability|p1a: Ogerpon|Mold Breaker\n|turn|6\n|\n|t:|1698399579\n|move|p1b: Ursaluna|Protect|p1b: Ursaluna\n|-singleturn|p1b: Ursaluna|Protect\n|move|p2b: Amoonguss|Rage Powder|p2b: Amoonguss\n|-singleturn|p2b: Amoonguss|move: Rage Powder\n|move|p2a: Conkeldurr|Mach Punch|p1b: Ursaluna\n|-activate|p1b: Ursaluna|move: Protect\n|move|p1a: Ogerpon|Ivy Cudgel|p2b: Amoonguss\n|-supereffective|p2b: Amoonguss\n|-damage|p2b: Amoonguss|0 fnt\n|faint|p2b: Amoonguss\n|\n|-weather|SunnyDay|[upkeep]\n|-damage|p1b: Ursaluna|2\/100 brn|[from] brn\n|-status|p2a: Conkeldurr|brn|[from] item: Flame Orb\n|upkeep\n|turn|7\n|\n|t:|1698399604\n|move|p2a: Conkeldurr|Mach Punch|p1b: Ursaluna\n|-supereffective|p1b: Ursaluna\n|-damage|p1b: Ursaluna|0 fnt\n|faint|p1b: Ursaluna\n|move|p1a: Ogerpon|Solar Blade||[still]\n|-prepare|p1a: Ogerpon|Solar Blade\n|-anim|p1a: Ogerpon|Solar Blade|p2a: Conkeldurr\n|-crit|p2a: Conkeldurr\n|-damage|p2a: Conkeldurr|1\/100 brn\n|\n|-weather|SunnyDay|[upkeep]\n|-damage|p2a: Conkeldurr|0 fnt|[from] brn\n|faint|p2a: Conkeldurr\n|\n|win|aaaaaa111\n|upkeep\n|raw|aaaaaa111's rating: 1000 &rarr; <strong>1058<\/strong><br \/>(+58 for winning)\n|raw|R35ztkiRyzu's rating: 1170 &rarr; <strong>1134<\/strong><br \/>(-36 for losing)\n|l|\u2606R35ztkiRyzu\n","uploadtime":1698399625,"views":11,"p1id":"aaaaaa111","p2id":"r35ztkiryzu","formatid":"gen9nationaldexdoubles","rating":1058,"private":0,"password":""}