{"id":"gen9nationaldexdoubles-1972908321","p1":"Okto481","p2":"AdvilPills","format":"[Gen 9] National Dex Doubles","log":"|j|\u2606Okto481\n|j|\u2606AdvilPills\n|t:|1697907813\n|gametype|doubles\n|player|p1|Okto481|dawn|\n|player|p2|AdvilPills|169|\n|teamsize|p1|6\n|teamsize|p2|6\n|gen|9\n|tier|[Gen 9] National Dex Doubles\n|rule|HP Percentage Mod: HP is shown in percentages\n|rule|Endless Battle Clause: Forcing endless battles is banned\n|rule|OHKO Clause: OHKO moves are banned\n|rule|Evasion Moves Clause: Evasion moves are banned\n|rule|Evasion Abilities Clause: Evasion abilities are banned\n|rule|Species Clause: Limit one of each Pok\u00e9mon\n|rule|Gravity Sleep Clause: The combination of sleep-inducing moves with imperfect accuracy and Gravity or Gigantamax Orbeetle are banned\n|clearpoke\n|poke|p1|Tapu Lele|\n|poke|p1|Gardevoir, F|\n|poke|p1|Gallade, M|\n|poke|p1|Indeedee-F, F|\n|poke|p1|Dottler, M|\n|poke|p1|Armarouge, F|\n|poke|p2|Lopunny, F|\n|poke|p2|Volcarona, F|\n|poke|p2|Toxapex, M|\n|poke|p2|Corviknight, M|\n|poke|p2|Hydreigon, F|\n|poke|p2|Ferrothorn, M|\n|teampreview\n|\n|t:|1697907825\n|start\n|switch|p1a: Dottler|Dottler, M|100\/100\n|switch|p1b: Indeedee|Indeedee-F, F|100\/100\n|switch|p2a: Lopunny|Lopunny, F|100\/100\n|switch|p2b: Hydreigon|Hydreigon, F|100\/100\n|-fieldstart|move: Psychic Terrain|[from] ability: Psychic Surge|[of] p1b: Indeedee\n|turn|1\n|\n|t:|1697907835\n|move|p2a: Lopunny|Fake Out|p1a: Dottler\n|-activate|p1a: Dottler|move: Psychic Terrain\n|move|p1b: Indeedee|Follow Me|p1b: Indeedee\n|-singleturn|p1b: Indeedee|move: Follow Me\n|move|p2b: Hydreigon|Dark Pulse|p1b: Indeedee\n|-supereffective|p1b: Indeedee\n|-enditem|p1b: Indeedee|Colbur Berry|[eat]\n|-enditem|p1b: Indeedee|Colbur Berry|[weaken]\n|-damage|p1b: Indeedee|25\/100\n|move|p1a: Dottler|Sticky Web|p2b: Hydreigon\n|-sidestart|p2: AdvilPills|move: Sticky Web\n|\n|upkeep\n|turn|2\n|\n|t:|1697907851\n|move|p1b: Indeedee|Follow Me|p1b: Indeedee\n|-singleturn|p1b: Indeedee|move: Follow Me\n|move|p2a: Lopunny|Return|p1b: Indeedee\n|-damage|p1b: Indeedee|0 fnt\n|faint|p1b: Indeedee\n|move|p2b: Hydreigon|Dark Pulse|p1a: Dottler\n|-supereffective|p1a: Dottler\n|-damage|p1a: Dottler|1\/100\n|cant|p1a: Dottler|flinch\n|\n|upkeep\n|\n|t:|1697907869\n|switch|p1b: Gallade|Gallade, M|100\/100\n|turn|3\n|\n|t:|1697907884\n|switch|p2b: Toxapex|Toxapex, M|100\/100\n|-activate|p2b: Toxapex|move: Sticky Web\n|-unboost|p2b: Toxapex|spe|1\n|move|p2a: Lopunny|Return|p1a: Dottler\n|-damage|p1a: Dottler|0 fnt\n|faint|p1a: Dottler\n|move|p1b: Gallade|Sacred Sword|p2b: Toxapex\n|-resisted|p2b: Toxapex\n|-damage|p2b: Toxapex|72\/100\n|\n|-heal|p2b: Toxapex|78\/100|[from] item: Leftovers\n|upkeep\n|\n|t:|1697907891\n|switch|p1a: Tapu Lele|Tapu Lele|100\/100\n|turn|4\n|\n|t:|1697907897\n|move|p2b: Toxapex|Baneful Bunker|p2b: Toxapex\n|-singleturn|p2b: Toxapex|move: Protect\n|move|p2a: Lopunny|Return|p1a: Tapu Lele\n|-damage|p1a: Tapu Lele|48\/100\n|move|p1a: Tapu Lele|Psychic|p2b: Toxapex\n|-activate|p2b: Toxapex|move: Protect\n|move|p1b: Gallade|Sacred Sword|p2a: Lopunny\n|-supereffective|p2a: Lopunny\n|-damage|p2a: Lopunny|0 fnt\n|-start|p1b: Gallade|Attract|[from] ability: Cute Charm|[of] p2a: Lopunny\n|faint|p2a: Lopunny\n|-end|p1b: Gallade|Attract|[silent]\n|\n|-heal|p2b: Toxapex|84\/100|[from] item: Leftovers\n|upkeep\n|\n|t:|1697907911\n|switch|p2a: Corviknight|Corviknight, M|100\/100\n|turn|5\n|\n|t:|1697907920\n|switch|p2b: Hydreigon|Hydreigon, F|100\/100\n|move|p1a: Tapu Lele|Psychic|p2b: Hydreigon\n|-immune|p2b: Hydreigon\n|move|p1b: Gallade|Sacred Sword|p2b: Hydreigon\n|-supereffective|p2b: Hydreigon\n|-damage|p2b: Hydreigon|0 fnt\n|faint|p2b: Hydreigon\n|move|p2a: Corviknight|Brave Bird|p1b: Gallade\n|-supereffective|p1b: Gallade\n|-damage|p1b: Gallade|0 fnt\n|faint|p1b: Gallade\n|-damage|p2a: Corviknight|78\/100|[from] Recoil\n|\n|-heal|p2a: Corviknight|84\/100|[from] item: Leftovers\n|-fieldend|move: Psychic Terrain\n|upkeep\n|\n|t:|1697907934\n|switch|p2b: Volcarona|Volcarona, F|100\/100\n|switch|p1b: Armarouge|Armarouge, F|100\/100\n|turn|6\n|\n|t:|1697907949\n|switch|p1a: Gardevoir|Gardevoir, F|100\/100\n|-ability|p1a: Gardevoir|Mirror Armor|[from] ability: Trace|[of] p2a: Corviknight\n|-terastallize|p1b: Armarouge|Fire\n|move|p2b: Volcarona|Bug Buzz|p1b: Armarouge\n|-resisted|p1b: Armarouge\n|-damage|p1b: Armarouge|65\/100\n|move|p1b: Armarouge|Armor Cannon|p2a: Corviknight\n|-supereffective|p2a: Corviknight\n|-damage|p2a: Corviknight|0 fnt\n|-unboost|p1b: Armarouge|def|1\n|-unboost|p1b: Armarouge|spd|1\n|faint|p2a: Corviknight\n|\n|upkeep\n|\n|t:|1697907953\n|switch|p2a: Toxapex|Toxapex, M|100\/100\n|-activate|p2a: Toxapex|move: Sticky Web\n|-unboost|p2a: Toxapex|spe|1\n|turn|7\n|\n|t:|1697907970\n|switch|p1b: Tapu Lele|Tapu Lele|48\/100\n|-fieldstart|move: Psychic Terrain|[from] ability: Psychic Surge|[of] p1b: Tapu Lele\n|detailschange|p1a: Gardevoir|Gardevoir-Mega, F\n|-mega|p1a: Gardevoir|Gardevoir|Gardevoirite\n|move|p2a: Toxapex|Baneful Bunker|p2a: Toxapex\n|-singleturn|p2a: Toxapex|move: Protect\n|move|p1a: Gardevoir|Expanding Force|p2b: Volcarona|[spread] p2b\n|-activate|p2a: Toxapex|move: Protect\n|-damage|p2b: Volcarona|27\/100\n|move|p2b: Volcarona|Fiery Dance|p1a: Gardevoir\n|-damage|p1a: Gardevoir|53\/100\n|\n|upkeep\n|turn|8\n|\n|t:|1697907988\n|switch|p2a: Ferrothorn|Ferrothorn, M|100\/100\n|-activate|p2a: Ferrothorn|move: Sticky Web\n|-unboost|p2a: Ferrothorn|spe|1\n|move|p1a: Gardevoir|Expanding Force|p2a: Ferrothorn|[spread] p2a,p2b\n|-resisted|p2a: Ferrothorn\n|-crit|p2a: Ferrothorn\n|-damage|p2a: Ferrothorn|55\/100\n|-damage|p2b: Volcarona|0 fnt\n|faint|p2b: Volcarona\n|move|p1b: Tapu Lele|Focus Blast|p2a: Ferrothorn\n|-supereffective|p2a: Ferrothorn\n|-damage|p2a: Ferrothorn|0 fnt\n|faint|p2a: Ferrothorn\n|\n|upkeep\n|\n|t:|1697907996\n|switch|p2b: Toxapex|Toxapex, M|100\/100\n|-activate|p2b: Toxapex|move: Sticky Web\n|-unboost|p2b: Toxapex|spe|1\n|turn|9\n|\n|t:|1697908014\n|switch|p1b: Armarouge|Armarouge, F, tera:Fire|65\/100\n|move|p2b: Toxapex|Baneful Bunker|p2b: Toxapex\n|-singleturn|p2b: Toxapex|move: Protect\n|move|p1a: Gardevoir|Expanding Force|p2b: Toxapex\n|-activate|p2b: Toxapex|move: Protect\n|\n|upkeep\n|turn|10\n|\n|t:|1697908020\n|move|p1a: Gardevoir|Expanding Force|p2b: Toxapex\n|-supereffective|p2b: Toxapex\n|-damage|p2b: Toxapex|0 fnt\n|faint|p2b: Toxapex\n|\n|win|Okto481\n|c|\u2606AdvilPills|gg :(\n|c|\u2606Okto481|gg\n","uploadtime":1697908029,"views":9,"p1id":"okto481","p2id":"advilpills","formatid":"gen9nationaldexdoubles","rating":0,"private":0,"password":""}