{"id":"gen9nationaldexdoubles-1969560762","p1":"123 the 7","p2":"6VYRY","format":"[Gen 9] National Dex Doubles","log":"|j|\u2606123 the 7\n|j|\u26066VYRY\n|t:|1697547267\n|gametype|doubles\n|player|p1|123 the 7|veteran|1169\n|player|p2|6VYRY|winona|1310\n|teamsize|p1|6\n|teamsize|p2|6\n|gen|9\n|tier|[Gen 9] National Dex Doubles\n|rated|\n|rule|HP Percentage Mod: HP is shown in percentages\n|rule|Endless Battle Clause: Forcing endless battles is banned\n|rule|OHKO Clause: OHKO moves are banned\n|rule|Evasion Moves Clause: Evasion moves are banned\n|rule|Evasion Abilities Clause: Evasion abilities are banned\n|rule|Species Clause: Limit one of each Pok\u00e9mon\n|rule|Gravity Sleep Clause: The combination of sleep-inducing moves with imperfect accuracy and Gravity or Gigantamax Orbeetle are banned\n|clearpoke\n|poke|p1|Hippowdon, F|\n|poke|p1|Excadrill, F|\n|poke|p1|Garchomp, F|\n|poke|p1|Rotom-Wash|\n|poke|p1|Aegislash, M|\n|poke|p1|Cacturne, F|\n|poke|p2|Ferrothorn, F|\n|poke|p2|Iron Hands|\n|poke|p2|Clodsire, F|\n|poke|p2|Volcanion|\n|poke|p2|Ting-Lu|\n|poke|p2|Lopunny, M|\n|teampreview\n|inactive|Battle timer is ON: inactive players will automatically lose when time's up. (requested by 123 the 7)\n|\n|t:|1697547290\n|start\n|switch|p1a: Hippowdon|Hippowdon, F|100\/100\n|switch|p1b: Excadrill|Excadrill, F|100\/100\n|switch|p2a: Ting-Lu|Ting-Lu|100\/100\n|switch|p2b: Ferrothorn|Ferrothorn, F|100\/100\n|-weather|Sandstorm|[from] ability: Sand Stream|[of] p1a: Hippowdon\n|-ability|p2a: Ting-Lu|Vessel of Ruin\n|turn|1\n|c|\u26066VYRY|ground\n|\n|t:|1697547319\n|move|p1b: Excadrill|Swords Dance|p1b: Excadrill\n|-boost|p1b: Excadrill|atk|2\n|move|p1a: Hippowdon|Stealth Rock|p2b: Ferrothorn\n|-sidestart|p2: 6VYRY|move: Stealth Rock\n|move|p2a: Ting-Lu|Stealth Rock|p1b: Excadrill\n|-sidestart|p1: 123 the 7|move: Stealth Rock\n|move|p2b: Ferrothorn|Iron Defense|p2b: Ferrothorn\n|-boost|p2b: Ferrothorn|def|2\n|\n|-weather|Sandstorm|[upkeep]\n|upkeep\n|turn|2\n|\n|t:|1697547334\n|move|p1b: Excadrill|Earthquake|p2a: Ting-Lu|[spread] p1a,p2a,p2b\n|-crit|p2b: Ferrothorn\n|-damage|p1a: Hippowdon|39\/100\n|-damage|p2a: Ting-Lu|50\/100\n|-damage|p2b: Ferrothorn|0 fnt\n|faint|p2b: Ferrothorn\n|-damage|p1b: Excadrill|91\/100|[from] item: Life Orb\n|move|p2a: Ting-Lu|Ruination|p1b: Excadrill\n|-damage|p1b: Excadrill|46\/100\n|move|p1a: Hippowdon|Whirlwind|p2a: Ting-Lu\n|drag|p2a: Volcanion|Volcanion|100\/100\n|-damage|p2a: Volcanion|75\/100|[from] Stealth Rock\n|\n|-weather|Sandstorm|[upkeep]\n|-damage|p2a: Volcanion|69\/100|[from] Sandstorm\n|-heal|p2a: Volcanion|75\/100|[from] item: Leftovers\n|upkeep\n|c|\u26066VYRY|wow\n|\n|t:|1697547348\n|switch|p2b: Lopunny|Lopunny, M|100\/100\n|-damage|p2b: Lopunny|88\/100|[from] Stealth Rock\n|turn|3\n|\n|t:|1697547364\n|detailschange|p2b: Lopunny|Lopunny-Mega, M\n|-mega|p2b: Lopunny|Lopunny|Lopunnite\n|move|p1b: Excadrill|Earthquake|p2a: Volcanion|[spread] p1a,p2a,p2b\n|-supereffective|p2a: Volcanion\n|-damage|p1a: Hippowdon|0 fnt\n|-damage|p2a: Volcanion|0 fnt\n|-damage|p2b: Lopunny|0 fnt\n|faint|p1a: Hippowdon\n|faint|p2a: Volcanion\n|faint|p2b: Lopunny\n|-damage|p1b: Excadrill|36\/100|[from] item: Life Orb\n|\n|-weather|Sandstorm|[upkeep]\n|upkeep\n|\n|t:|1697547375\n|switch|p2b: Iron Hands|Iron Hands|100\/100\n|switch|p2a: Ting-Lu|Ting-Lu|50\/100\n|switch|p1a: Garchomp|Garchomp, F|100\/100\n|-damage|p1a: Garchomp|94\/100|[from] Stealth Rock\n|-damage|p2b: Iron Hands|94\/100|[from] Stealth Rock\n|-damage|p2a: Ting-Lu|43\/100|[from] Stealth Rock\n|-ability|p2a: Ting-Lu|Vessel of Ruin\n|turn|4\n|\n|t:|1697547389\n|detailschange|p1a: Garchomp|Garchomp-Mega, F\n|-mega|p1a: Garchomp|Garchomp|Garchompite\n|-terastallize|p2b: Iron Hands|Fighting\n|move|p1b: Excadrill|Earthquake|p2a: Ting-Lu|[spread] p1a,p2a,p2b\n|-damage|p1a: Garchomp|0 fnt\n|-damage|p2a: Ting-Lu|0 fnt\n|-damage|p2b: Iron Hands|26\/100\n|faint|p1a: Garchomp\n|faint|p2a: Ting-Lu\n|-damage|p1b: Excadrill|26\/100|[from] item: Life Orb\n|move|p2b: Iron Hands|Drain Punch|p1b: Excadrill\n|-supereffective|p1b: Excadrill\n|-damage|p1b: Excadrill|0 fnt\n|-heal|p2b: Iron Hands|35\/100|[from] drain|[of] p1b: Excadrill\n|faint|p1b: Excadrill\n|\n|-weather|Sandstorm|[upkeep]\n|-damage|p2b: Iron Hands|29\/100|[from] Sandstorm\n|-heal|p2b: Iron Hands|35\/100|[from] item: Leftovers\n|upkeep\n|\n|t:|1697547410\n|switch|p1a: Aegislash|Aegislash, M, shiny|100\/100\n|switch|p1b: Rotom|Rotom-Wash, shiny|100\/100\n|switch|p2a: Clodsire|Clodsire, F|100\/100\n|-damage|p1b: Rotom|88\/100|[from] Stealth Rock\n|-damage|p1a: Aegislash|94\/100|[from] Stealth Rock\n|-damage|p2a: Clodsire|94\/100|[from] Stealth Rock\n|turn|5\n|\n|t:|1697547424\n|-terastallize|p1a: Aegislash|Flying\n|move|p1b: Rotom|Will-O-Wisp|p2b: Iron Hands\n|-status|p2b: Iron Hands|brn\n|-formechange|p1a: Aegislash|Aegislash-Blade||[from] ability: Stance Change\n|move|p1a: Aegislash|Air Slash|p2b: Iron Hands\n|-supereffective|p2b: Iron Hands\n|-crit|p2b: Iron Hands\n|-damage|p2b: Iron Hands|0 fnt\n|faint|p2b: Iron Hands\n|-end|p2b: Iron Hands|Quark Drive|[silent]\n|move|p2a: Clodsire|Curse|p2a: Clodsire\n|-unboost|p2a: Clodsire|spe|1\n|-boost|p2a: Clodsire|atk|1\n|-boost|p2a: Clodsire|def|1\n|\n|-weather|Sandstorm|[upkeep]\n|-damage|p1b: Rotom|82\/100|[from] Sandstorm\n|-damage|p1a: Aegislash|88\/100|[from] Sandstorm\n|-heal|p1b: Rotom|88\/100|[from] item: Leftovers\n|-heal|p2a: Clodsire|100\/100|[from] item: Leftovers\n|upkeep\n|turn|6\n|\n|t:|1697547444\n|move|p1b: Rotom|Hydro Pump|p2a: Clodsire\n|-immune|p2a: Clodsire|[from] ability: Water Absorb\n|move|p1a: Aegislash|Air Slash|p2a: Clodsire\n|-damage|p2a: Clodsire|74\/100\n|move|p2a: Clodsire|Gunk Shot|p1b: Rotom\n|-damage|p1b: Rotom|35\/100\n|-status|p1b: Rotom|psn\n|\n|-weather|Sandstorm|[upkeep]\n|-damage|p1b: Rotom|28\/100 psn|[from] Sandstorm\n|-damage|p1a: Aegislash|82\/100|[from] Sandstorm\n|-heal|p1b: Rotom|35\/100 psn|[from] item: Leftovers\n|-heal|p2a: Clodsire|81\/100|[from] item: Leftovers\n|-damage|p1b: Rotom|22\/100 psn|[from] psn\n|upkeep\n|turn|7\n|\n|t:|1697547458\n|move|p1b: Rotom|Will-O-Wisp|p2a: Clodsire\n|-status|p2a: Clodsire|brn\n|move|p1a: Aegislash|Air Slash|p2a: Clodsire\n|-damage|p2a: Clodsire|56\/100 brn\n|move|p2a: Clodsire|Curse|p2a: Clodsire\n|-unboost|p2a: Clodsire|spe|1\n|-boost|p2a: Clodsire|atk|1\n|-boost|p2a: Clodsire|def|1\n|\n|-weather|Sandstorm|[upkeep]\n|-damage|p1b: Rotom|16\/100 psn|[from] Sandstorm\n|-damage|p1a: Aegislash|76\/100|[from] Sandstorm\n|-heal|p1b: Rotom|22\/100 psn|[from] item: Leftovers\n|-heal|p2a: Clodsire|62\/100 brn|[from] item: Leftovers\n|-damage|p1b: Rotom|10\/100 psn|[from] psn\n|-damage|p2a: Clodsire|56\/100 brn|[from] brn\n|upkeep\n|turn|8\n|inactive|123 the 7 has 120 seconds left.\n|\n|t:|1697547497\n|move|p1b: Rotom|Volt Switch|p1a: Aegislash\n|-supereffective|p1a: Aegislash\n|-damage|p1a: Aegislash|0 fnt\n|faint|p1a: Aegislash\n|\n|t:|1697547508\n|switch|p1b: Cacturne|Cacturne, F|100\/100|[from] Volt Switch\n|-damage|p1b: Cacturne|88\/100|[from] Stealth Rock\n|move|p2a: Clodsire|Recover|p2a: Clodsire\n|-heal|p2a: Clodsire|100\/100 brn\n|\n|-weather|none\n|-heal|p1b: Cacturne|94\/100|[from] item: Leftovers\n|-damage|p2a: Clodsire|94\/100 brn|[from] brn\n|upkeep\n|\n|t:|1697547512\n|switch|p1a: Rotom|Rotom-Wash, shiny|10\/100 psn\n|-damage|p1a: Rotom|0 fnt|[from] Stealth Rock\n|faint|p1a: Rotom\n|turn|9\n|\n|t:|1697547525\n|move|p1b: Cacturne|Swords Dance|p1b: Cacturne\n|-boost|p1b: Cacturne|atk|2\n|move|p2a: Clodsire|Gunk Shot|p1b: Cacturne|[miss]\n|-miss|p2a: Clodsire|p1b: Cacturne\n|\n|-heal|p1b: Cacturne|99\/100|[from] item: Leftovers\n|-heal|p2a: Clodsire|100\/100 brn|[from] item: Leftovers\n|-damage|p2a: Clodsire|94\/100 brn|[from] brn\n|upkeep\n|turn|10\n|\n|t:|1697547533\n|move|p1b: Cacturne|Seed Bomb|p2a: Clodsire\n|-damage|p2a: Clodsire|49\/100 brn\n|move|p2a: Clodsire|Gunk Shot|p1b: Cacturne\n|-supereffective|p1b: Cacturne\n|-damage|p1b: Cacturne|0 fnt\n|faint|p1b: Cacturne\n|\n|win|6VYRY\n|raw|123 the 7's rating: 1169 &rarr; <strong>1154<\/strong><br \/>(-15 for losing)\n|raw|6VYRY's rating: 1310 &rarr; <strong>1322<\/strong><br \/>(+12 for winning)\n|l|\u2606123 the 7\n","uploadtime":1697547542,"views":7,"p1id":"123the7","p2id":"6vyry","formatid":"gen9nationaldexdoubles","rating":1154,"private":0,"password":""}