{"id":"gen9nationaldexdoubles-1947522490","p1":"ccD8 3+","p2":"Divinehero395","format":"[Gen 9] National Dex Doubles","log":"|j|\u2606ccD8 3+\n|j|\u2606Divinehero395\n|t:|1695168939\n|gametype|doubles\n|player|p1|ccD8 3+|lusamine-nihilego|\n|player|p2|Divinehero395|richboy|\n|teamsize|p1|6\n|teamsize|p2|6\n|gen|9\n|tier|[Gen 9] National Dex Doubles\n|rule|HP Percentage Mod: HP is shown in percentages\n|rule|Endless Battle Clause: Forcing endless battles is banned\n|rule|OHKO Clause: OHKO moves are banned\n|rule|Evasion Moves Clause: Evasion moves are banned\n|rule|Evasion Abilities Clause: Evasion abilities are banned\n|rule|Species Clause: Limit one of each Pok\u00e9mon\n|rule|Gravity Sleep Clause: The combination of sleep-inducing moves with imperfect accuracy and Gravity or Gigantamax Orbeetle are banned\n|clearpoke\n|poke|p1|Charizard, F|\n|poke|p1|Chi-Yu|\n|poke|p1|Flutter Mane|\n|poke|p1|Whimsicott, M|\n|poke|p1|Zygarde|\n|poke|p1|Chien-Pao|\n|poke|p2|Conkeldurr, M|\n|poke|p2|Ursaluna-Bloodmoon, M|\n|poke|p2|Sinistcha-Masterpiece|\n|poke|p2|Okidogi, M|\n|poke|p2|Enamorus-Therian, F|\n|poke|p2|Garganacl, F|\n|teampreview\n|inactive|Battle timer is ON: inactive players will automatically lose when time's up. (requested by ccD8 3+)\n|c|\u2606ccD8 3+|ewww\n|c|\u2606ccD8 3+|cringe room\n|\n|t:|1695168956\n|start\n|switch|p1a: Whimsicott|Whimsicott, M|100\/100\n|switch|p1b: Charizard|Charizard, F|100\/100\n|switch|p2a: Okidogi|Okidogi, M|100\/100\n|switch|p2b: Garganacl|Garganacl, F|100\/100\n|turn|1\n|\n|t:|1695168977\n|move|p1b: Charizard|Protect|p1b: Charizard\n|-singleturn|p1b: Charizard|Protect\n|move|p1a: Whimsicott|Tailwind|p1a: Whimsicott\n|-sidestart|p1: ccD8 3+|move: Tailwind\n|move|p2a: Okidogi|Knock Off|p1a: Whimsicott\n|-resisted|p1a: Whimsicott\n|-damage|p1a: Whimsicott|79\/100\n|-enditem|p1a: Whimsicott|Covert Cloak|[from] move: Knock Off|[of] p2a: Okidogi\n|move|p2b: Garganacl|Rock Slide|p1b: Charizard|[spread] p1a\n|-activate|p1b: Charizard|move: Protect\n|-damage|p1a: Whimsicott|55\/100\n|\n|upkeep\n|turn|2\n|\n|t:|1695168994\n|detailschange|p1b: Charizard|Charizard-Mega-Y, F\n|-mega|p1b: Charizard|Charizard|Charizardite Y\n|-weather|SunnyDay|[from] ability: Drought|[of] p1b: Charizard\n|move|p1a: Whimsicott|Helping Hand|p1b: Charizard\n|-singleturn|p1b: Charizard|Helping Hand|[of] p1a: Whimsicott\n|move|p1b: Charizard|Solar Beam||[still]\n|-prepare|p1b: Charizard|Solar Beam\n|-anim|p1b: Charizard|Solar Beam|p2b: Garganacl\n|-supereffective|p2b: Garganacl\n|-damage|p2b: Garganacl|0 fnt\n|faint|p2b: Garganacl\n|move|p2a: Okidogi|Knock Off|p1b: Charizard\n|-damage|p1b: Charizard|67\/100\n|\n|-weather|SunnyDay|[upkeep]\n|upkeep\n|inactive|Divinehero395 has 270 seconds left.\n|\n|t:|1695169015\n|switch|p2b: Enamorus|Enamorus-Therian, F|100\/100\n|turn|3\n|\n|t:|1695169023\n|move|p1a: Whimsicott|Taunt|p2b: Enamorus\n|-start|p2b: Enamorus|move: Taunt\n|move|p1b: Charizard|Heat Wave|p2a: Okidogi|[spread] p2a,p2b\n|-damage|p2a: Okidogi|32\/100\n|-damage|p2b: Enamorus|33\/100\n|move|p2a: Okidogi|Poison Jab|p1b: Charizard\n|-damage|p1b: Charizard|12\/100\n|cant|p2b: Enamorus|move: Taunt|Calm Mind\n|\n|-weather|SunnyDay|[upkeep]\n|upkeep\n|turn|4\n|\n|t:|1695169039\n|move|p1a: Whimsicott|Helping Hand|p1b: Charizard\n|-singleturn|p1b: Charizard|Helping Hand|[of] p1a: Whimsicott\n|move|p2a: Okidogi|Protect|p2a: Okidogi\n|-singleturn|p2a: Okidogi|Protect\n|move|p1b: Charizard|Heat Wave|p2a: Okidogi|[spread] p2b\n|-activate|p2a: Okidogi|move: Protect\n|-damage|p2b: Enamorus|0 fnt\n|faint|p2b: Enamorus\n|\n|-weather|SunnyDay|[upkeep]\n|-sideend|p1: ccD8 3+|move: Tailwind\n|upkeep\n|\n|t:|1695169049\n|switch|p2b: Sinistcha|Sinistcha-Masterpiece|100\/100\n|-heal|p2a: Okidogi|57\/100|[from] ability: Hospitality|[of] p2b: Sinistcha\n|turn|5\n|\n|t:|1695169057\n|-terastallize|p2b: Sinistcha|Water\n|move|p1a: Whimsicott|Taunt|p2b: Sinistcha\n|-start|p2b: Sinistcha|move: Taunt\n|move|p1b: Charizard|Heat Wave|p2b: Sinistcha|[spread] p2a,p2b\n|-resisted|p2b: Sinistcha\n|-damage|p2a: Okidogi|0 fnt\n|-damage|p2b: Sinistcha|61\/100\n|faint|p2a: Okidogi\n|cant|p2b: Sinistcha|move: Taunt|Trick Room\n|\n|-weather|SunnyDay|[upkeep]\n|upkeep\n|\n|t:|1695169067\n|switch|p2a: Ursaluna|Ursaluna-Bloodmoon, M|100\/100\n|turn|6\n|\n|t:|1695169077\n|move|p1a: Whimsicott|Helping Hand|p1b: Charizard\n|-singleturn|p1b: Charizard|Helping Hand|[of] p1a: Whimsicott\n|move|p1b: Charizard|Solar Beam||[still]\n|-prepare|p1b: Charizard|Solar Beam\n|-anim|p1b: Charizard|Solar Beam|p2a: Ursaluna\n|-supereffective|p2a: Ursaluna\n|-crit|p2a: Ursaluna\n|-damage|p2a: Ursaluna|0 fnt\n|faint|p2a: Ursaluna\n|move|p2b: Sinistcha|Matcha Gotcha|p1b: Charizard|[spread] p1a,p1b\n|-resisted|p1a: Whimsicott\n|-crit|p1a: Whimsicott\n|-resisted|p1b: Charizard\n|-damage|p1a: Whimsicott|22\/100\n|-heal|p2b: Sinistcha|77\/100|[from] drain|[of] p1a: Whimsicott\n|-damage|p1b: Charizard|4\/100\n|-heal|p2b: Sinistcha|81\/100|[from] drain|[of] p1b: Charizard\n|-status|p1a: Whimsicott|brn\n|\n|-weather|none\n|-damage|p1a: Whimsicott|16\/100 brn|[from] brn\n|upkeep\n|\n|t:|1695169094\n|switch|p2a: Conkeldurr|Conkeldurr, M|100\/100\n|turn|7\n|\n|t:|1695169105\n|switch|p1b: Flutter Mane|Flutter Mane|100\/100\n|move|p1a: Whimsicott|Tailwind|p1a: Whimsicott\n|-sidestart|p1: ccD8 3+|move: Tailwind\n|move|p2b: Sinistcha|Matcha Gotcha|p1b: Flutter Mane|[spread] p1a,p1b\n|-resisted|p1a: Whimsicott\n|-damage|p1a: Whimsicott|0 fnt\n|-heal|p2b: Sinistcha|89\/100|[from] drain|[of] p1a: Whimsicott\n|-damage|p1b: Flutter Mane|74\/100\n|-heal|p2b: Sinistcha|100\/100|[from] drain|[of] p1b: Flutter Mane\n|faint|p1a: Whimsicott\n|move|p2a: Conkeldurr|Hammer Arm|p1b: Flutter Mane\n|-immune|p1b: Flutter Mane\n|\n|-end|p2b: Sinistcha|move: Taunt\n|upkeep\n|\n|t:|1695169110\n|switch|p1a: Charizard|Charizard-Mega-Y, F|4\/100\n|-weather|SunnyDay|[from] ability: Drought|[of] p1a: Charizard\n|-activate|p1b: Flutter Mane|ability: Protosynthesis\n|-start|p1b: Flutter Mane|protosynthesisspe\n|turn|8\n|c|\u2606ccD8 3+|gg i think\n|\n|t:|1695169127\n|-terastallize|p1b: Flutter Mane|Fairy\n|move|p1b: Flutter Mane|Moonblast|p2a: Conkeldurr\n|-supereffective|p2a: Conkeldurr\n|-damage|p2a: Conkeldurr|0 fnt\n|faint|p2a: Conkeldurr\n|move|p1a: Charizard|Solar Beam||[still]\n|-prepare|p1a: Charizard|Solar Beam\n|-anim|p1a: Charizard|Solar Beam|p2b: Sinistcha\n|-supereffective|p2b: Sinistcha\n|-enditem|p2b: Sinistcha|Focus Sash\n|-damage|p2b: Sinistcha|1\/100\n|move|p2b: Sinistcha|Trick Room|p2b: Sinistcha\n|-fieldstart|move: Trick Room|[of] p2b: Sinistcha\n|\n|-weather|SunnyDay|[upkeep]\n|upkeep\n|turn|9\n|\n|t:|1695169144\n|move|p2b: Sinistcha|Matcha Gotcha|p1a: Charizard|[spread] p1a,p1b\n|-resisted|p1a: Charizard\n|-damage|p1a: Charizard|0 fnt\n|-heal|p2b: Sinistcha|2\/100|[from] drain|[of] p1a: Charizard\n|-damage|p1b: Flutter Mane|46\/100\n|-heal|p2b: Sinistcha|16\/100|[from] drain|[of] p1b: Flutter Mane\n|faint|p1a: Charizard\n|move|p1b: Flutter Mane|Moonblast|p2b: Sinistcha\n|-damage|p2b: Sinistcha|0 fnt\n|faint|p2b: Sinistcha\n|\n|win|ccD8 3+\n|l|\u2606ccD8 3+\n|l|\u2606Divinehero395\n|j|\u2606ccD8 3+\n|player|p1|ccD8 3+|lusamine-nihilego\n","uploadtime":1695169173,"views":5,"p1id":"ccd83","p2id":"divinehero395","formatid":"gen9nationaldexdoubles","rating":0,"private":0,"password":""}