{"id":"gen9nationaldexdoubles-1998152648","p1":"Sinnoh Athens 420","p2":"Redjoejo","format":"[Gen 9] National Dex Doubles","log":"|j|\u2606Sinnoh Athens 420\n|j|\u2606Redjoejo\n|t:|1700901633\n|gametype|doubles\n|player|p1|Sinnoh Athens 420|266|1318\n|player|p2|Redjoejo|n|1332\n|teamsize|p1|6\n|teamsize|p2|6\n|gen|9\n|tier|[Gen 9] National Dex Doubles\n|rated|\n|rule|HP Percentage Mod: HP is shown in percentages\n|rule|Endless Battle Clause: Forcing endless battles is banned\n|rule|OHKO Clause: OHKO moves are banned\n|rule|Evasion Moves Clause: Evasion moves are banned\n|rule|Evasion Abilities Clause: Evasion abilities are banned\n|rule|Species Clause: Limit one of each Pok\u00e9mon\n|rule|Gravity Sleep Clause: The combination of sleep-inducing moves with imperfect accuracy and Gravity or Gigantamax Orbeetle are banned\n|clearpoke\n|poke|p1|Ferrothorn, M|\n|poke|p1|Gigalith, M|\n|poke|p1|Runerigus, M|\n|poke|p1|Garchomp, M|\n|poke|p1|Hippowdon, M|\n|poke|p1|Cradily, M|\n|poke|p2|Serperior, M|\n|poke|p2|Pelipper, F|\n|poke|p2|Rillaboom, F|\n|poke|p2|Swampert, F|\n|poke|p2|Oranguru, M|\n|poke|p2|Barraskewda, F|\n|teampreview\n|inactive|Battle timer is ON: inactive players will automatically lose when time's up. (requested by Redjoejo)\n|\n|t:|1700901641\n|start\n|switch|p1a: Hippowdon|Hippowdon, M|100\/100\n|switch|p1b: Runerigus|Runerigus, M|100\/100\n|switch|p2a: \u8f70\u96f7\u91d1\u521a\u7329|Rillaboom, F, shiny|100\/100\n|switch|p2b: \u8bf8\u845b\u6751\u592b|Oranguru, M, shiny|100\/100\n|-fieldstart|move: Grassy Terrain|[from] ability: Grassy Surge|[of] p2a: \u8f70\u96f7\u91d1\u521a\u7329\n|-weather|Sandstorm|[from] ability: Sand Stream|[of] p1a: Hippowdon\n|turn|1\n|\n|t:|1700901658\n|move|p2a: \u8f70\u96f7\u91d1\u521a\u7329|Fake Out|p1a: Hippowdon\n|-damage|p1a: Hippowdon|90\/100\n|move|p2b: \u8bf8\u845b\u6751\u592b|Gravity|p2b: \u8bf8\u845b\u6751\u592b\n|-fieldstart|move: Gravity\n|cant|p1a: Hippowdon|flinch\n|move|p1b: Runerigus|Curse|p2b: \u8bf8\u845b\u6751\u592b\n|-start|p2b: \u8bf8\u845b\u6751\u592b|Curse|[of] p1b: Runerigus\n|-damage|p1b: Runerigus|50\/100\n|\n|-weather|Sandstorm|[upkeep]\n|-damage|p2a: \u8f70\u96f7\u91d1\u521a\u7329|94\/100|[from] Sandstorm\n|-damage|p2b: \u8bf8\u845b\u6751\u592b|94\/100|[from] Sandstorm\n|-heal|p2a: \u8f70\u96f7\u91d1\u521a\u7329|100\/100|[from] Grassy Terrain\n|-heal|p2b: \u8bf8\u845b\u6751\u592b|100\/100|[from] Grassy Terrain\n|-heal|p1a: Hippowdon|96\/100|[from] Grassy Terrain\n|-heal|p1a: Hippowdon|100\/100|[from] item: Leftovers\n|-heal|p1b: Runerigus|57\/100|[from] Grassy Terrain\n|-damage|p2b: \u8bf8\u845b\u6751\u592b|75\/100|[from] Curse\n|upkeep\n|turn|2\n|\n|t:|1700901682\n|move|p2a: \u8f70\u96f7\u91d1\u521a\u7329|U-turn|p1a: Hippowdon\n|-damage|p1a: Hippowdon|83\/100\n|\n|t:|1700901688\n|switch|p2a: \u9e22\u9752|Serperior, M|100\/100|[from] U-turn\n|move|p2b: \u8bf8\u845b\u6751\u592b|Bulldoze|p1a: Hippowdon|[spread] p2a,p1a,p1b\n|-resisted|p2a: \u9e22\u9752\n|-damage|p2a: \u9e22\u9752|99\/100\n|-damage|p1a: Hippowdon|81\/100\n|-damage|p1b: Runerigus|54\/100\n|-boost|p2a: \u9e22\u9752|spe|1\n|-unboost|p1a: Hippowdon|spe|1\n|-unboost|p1b: Runerigus|spe|1\n|move|p1b: Runerigus|Toxic Spikes|p2b: \u8bf8\u845b\u6751\u592b\n|-sidestart|p2: Redjoejo|move: Toxic Spikes\n|move|p1a: Hippowdon|Roar|p2a: \u9e22\u9752\n|drag|p2a: \u623d\u6597\u5c16\u68ad|Barraskewda, F|100\/100\n|-status|p2a: \u623d\u6597\u5c16\u68ad|psn\n|\n|-weather|Sandstorm|[upkeep]\n|-damage|p2a: \u623d\u6597\u5c16\u68ad|94\/100 psn|[from] Sandstorm\n|-damage|p2b: \u8bf8\u845b\u6751\u592b|69\/100|[from] Sandstorm\n|-heal|p2a: \u623d\u6597\u5c16\u68ad|100\/100 psn|[from] Grassy Terrain\n|-heal|p2b: \u8bf8\u845b\u6751\u592b|75\/100|[from] Grassy Terrain\n|-heal|p1a: Hippowdon|87\/100|[from] Grassy Terrain\n|-heal|p1a: Hippowdon|94\/100|[from] item: Leftovers\n|-heal|p1b: Runerigus|60\/100|[from] Grassy Terrain\n|-damage|p2a: \u623d\u6597\u5c16\u68ad|88\/100 psn|[from] psn\n|-damage|p2b: \u8bf8\u845b\u6751\u592b|50\/100|[from] Curse\n|upkeep\n|turn|3\n|\n|t:|1700901716\n|switch|p2b: \u76d6\u9e25\u5361|Pelipper, F|100\/100\n|-status|p2b: \u76d6\u9e25\u5361|psn\n|-weather|RainDance|[from] ability: Drizzle|[of] p2b: \u76d6\u9e25\u5361\n|-terastallize|p2a: \u623d\u6597\u5c16\u68ad|Water\n|move|p2a: \u623d\u6597\u5c16\u68ad|Flip Turn|p1a: Hippowdon\n|-supereffective|p1a: Hippowdon\n|-crit|p1a: Hippowdon\n|-damage|p1a: Hippowdon|0 fnt\n|faint|p1a: Hippowdon\n|inactive|Redjoejo has 120 seconds left.\n|\n|t:|1700901731\n|switch|p2a: \u8bf8\u845b\u6751\u592b|Oranguru, M, shiny|50\/100|[from] Flip Turn\n|-status|p2a: \u8bf8\u845b\u6751\u592b|psn\n|move|p1b: Runerigus|Toxic Spikes|p2a: \u8bf8\u845b\u6751\u592b\n|-sidestart|p2: Redjoejo|move: Toxic Spikes\n|\n|-weather|RainDance|[upkeep]\n|-heal|p2a: \u8bf8\u845b\u6751\u592b|57\/100 psn|[from] Grassy Terrain\n|-heal|p1b: Runerigus|67\/100|[from] Grassy Terrain\n|-damage|p2b: \u76d6\u9e25\u5361|88\/100 psn|[from] psn\n|-damage|p2a: \u8bf8\u845b\u6751\u592b|44\/100 psn|[from] psn\n|upkeep\n|\n|t:|1700901744\n|switch|p1a: Gigalith|Gigalith, M, shiny|100\/100\n|-weather|Sandstorm|[from] ability: Sand Stream|[of] p1a: Gigalith\n|turn|4\n|\n|t:|1700901755\n|move|p1b: Runerigus|Ally Switch|p1b: Runerigus\n|swap|p1b: Runerigus|0|[from] move: Ally Switch\n|move|p2b: \u76d6\u9e25\u5361|U-turn|p1b: Gigalith\n|-damage|p1b: Gigalith|94\/100\n|-damage|p2b: \u76d6\u9e25\u5361|72\/100 psn|[from] item: Rocky Helmet|[of] p1b: Gigalith\n|\n|t:|1700901773\n|switch|p2b: \u8f70\u96f7\u91d1\u521a\u7329|Rillaboom, F, shiny|100\/100|[from] U-turn\n|-status|p2b: \u8f70\u96f7\u91d1\u521a\u7329|tox\n|move|p2a: \u8bf8\u845b\u6751\u592b|Bulldoze|p1a: Runerigus|[spread] p2b,p1a,p1b\n|-resisted|p2b: \u8f70\u96f7\u91d1\u521a\u7329\n|-supereffective|p1b: Gigalith\n|-damage|p2b: \u8f70\u96f7\u91d1\u521a\u7329|99\/100 tox\n|-damage|p1a: Runerigus|64\/100\n|-damage|p1b: Gigalith|90\/100\n|-unboost|p2b: \u8f70\u96f7\u91d1\u521a\u7329|spe|1\n|-unboost|p1a: Runerigus|spe|1\n|-unboost|p1b: Gigalith|spe|1\n|move|p1b: Gigalith|Rock Slide|p2b: \u8f70\u96f7\u91d1\u521a\u7329|[spread] p2a,p2b\n|-crit|p2a: \u8bf8\u845b\u6751\u592b\n|-damage|p2a: \u8bf8\u845b\u6751\u592b|16\/100 psn\n|-damage|p2b: \u8f70\u96f7\u91d1\u521a\u7329|77\/100 tox\n|-enditem|p2a: \u8bf8\u845b\u6751\u592b|Aguav Berry|[eat]\n|-heal|p2a: \u8bf8\u845b\u6751\u592b|49\/100 psn|[from] item: Aguav Berry\n|\n|-weather|Sandstorm|[upkeep]\n|-damage|p2a: \u8bf8\u845b\u6751\u592b|43\/100 psn|[from] Sandstorm\n|-damage|p2b: \u8f70\u96f7\u91d1\u521a\u7329|71\/100 tox|[from] Sandstorm\n|-heal|p2a: \u8bf8\u845b\u6751\u592b|49\/100 psn|[from] Grassy Terrain\n|-heal|p2b: \u8f70\u96f7\u91d1\u521a\u7329|77\/100 tox|[from] Grassy Terrain\n|-heal|p1b: Gigalith|96\/100|[from] Grassy Terrain\n|-heal|p1a: Runerigus|70\/100|[from] Grassy Terrain\n|-damage|p2a: \u8bf8\u845b\u6751\u592b|37\/100 psn|[from] psn\n|-damage|p2b: \u8f70\u96f7\u91d1\u521a\u7329|71\/100 tox|[from] psn\n|upkeep\n|turn|5\n|\n|t:|1700901801\n|switch|p1b: Ferrothorn|Ferrothorn, M|100\/100\n|move|p2b: \u8f70\u96f7\u91d1\u521a\u7329|Grassy Glide|p1b: Ferrothorn\n|-resisted|p1b: Ferrothorn\n|-damage|p1b: Ferrothorn|93\/100\n|-damage|p2b: \u8f70\u96f7\u91d1\u521a\u7329|59\/100 tox|[from] ability: Iron Barbs|[of] p1b: Ferrothorn\n|-damage|p2b: \u8f70\u96f7\u91d1\u521a\u7329|42\/100 tox|[from] item: Rocky Helmet|[of] p1b: Ferrothorn\n|move|p2a: \u8bf8\u845b\u6751\u592b|Instruct|p2b: \u8f70\u96f7\u91d1\u521a\u7329\n|-singleturn|p2b: \u8f70\u96f7\u91d1\u521a\u7329|move: Instruct|[of] p2a: \u8bf8\u845b\u6751\u592b\n|move|p2b: \u8f70\u96f7\u91d1\u521a\u7329|Grassy Glide|p1b: Ferrothorn\n|-resisted|p1b: Ferrothorn\n|-damage|p1b: Ferrothorn|86\/100\n|-damage|p2b: \u8f70\u96f7\u91d1\u521a\u7329|30\/100 tox|[from] ability: Iron Barbs|[of] p1b: Ferrothorn\n|-damage|p2b: \u8f70\u96f7\u91d1\u521a\u7329|13\/100 tox|[from] item: Rocky Helmet|[of] p1b: Ferrothorn\n|move|p1a: Runerigus|Curse|p2b: \u8f70\u96f7\u91d1\u521a\u7329\n|-start|p2b: \u8f70\u96f7\u91d1\u521a\u7329|Curse|[of] p1a: Runerigus\n|-damage|p1a: Runerigus|20\/100\n|-enditem|p1a: Runerigus|Aguav Berry|[eat]\n|-heal|p1a: Runerigus|54\/100|[from] item: Aguav Berry\n|\n|-weather|Sandstorm|[upkeep]\n|-damage|p2a: \u8bf8\u845b\u6751\u592b|31\/100 psn|[from] Sandstorm\n|-damage|p2b: \u8f70\u96f7\u91d1\u521a\u7329|7\/100 tox|[from] Sandstorm\n|-heal|p2a: \u8bf8\u845b\u6751\u592b|37\/100 psn|[from] Grassy Terrain\n|-heal|p2b: \u8f70\u96f7\u91d1\u521a\u7329|13\/100 tox|[from] Grassy Terrain\n|-heal|p1b: Ferrothorn|92\/100|[from] Grassy Terrain\n|-heal|p1a: Runerigus|60\/100|[from] Grassy Terrain\n|-damage|p2a: \u8bf8\u845b\u6751\u592b|24\/100 psn|[from] psn\n|-damage|p2b: \u8f70\u96f7\u91d1\u521a\u7329|1\/100 tox|[from] psn\n|-damage|p2b: \u8f70\u96f7\u91d1\u521a\u7329|0 fnt|[from] Curse\n|faint|p2b: \u8f70\u96f7\u91d1\u521a\u7329\n|-fieldend|move: Gravity\n|-fieldend|move: Grassy Terrain\n|upkeep\n|\n|t:|1700901816\n|switch|p2b: \u623d\u6597\u5c16\u68ad|Barraskewda, F, tera:Water|88\/100 psn\n|turn|6\n|\n|t:|1700901843\n|switch|p1a: Cradily|Cradily, M|100\/100\n|move|p2a: \u8bf8\u845b\u6751\u592b|Ally Switch|p2a: \u8bf8\u845b\u6751\u592b\n|swap|p2a: \u8bf8\u845b\u6751\u592b|1|[from] move: Ally Switch\n|move|p2a: \u623d\u6597\u5c16\u68ad|Close Combat|p1a: Cradily\n|-supereffective|p1a: Cradily\n|-damage|p1a: Cradily|0 fnt\n|-unboost|p2a: \u623d\u6597\u5c16\u68ad|def|1\n|-unboost|p2a: \u623d\u6597\u5c16\u68ad|spd|1\n|faint|p1a: Cradily\n|move|p1b: Ferrothorn|Spikes|p2a: \u623d\u6597\u5c16\u68ad\n|-sidestart|p2: Redjoejo|Spikes\n|\n|-weather|Sandstorm|[upkeep]\n|-damage|p2a: \u623d\u6597\u5c16\u68ad|82\/100 psn|[from] Sandstorm\n|-damage|p2b: \u8bf8\u845b\u6751\u592b|18\/100 psn|[from] Sandstorm\n|-damage|p2a: \u623d\u6597\u5c16\u68ad|69\/100 psn|[from] psn\n|-damage|p2b: \u8bf8\u845b\u6751\u592b|6\/100 psn|[from] psn\n|upkeep\n|inactive|Sinnoh Athens 420 has 120 seconds left.\n|\n|t:|1700901860\n|switch|p1a: Runerigus|Runerigus, M|60\/100\n|turn|7\n|\n|t:|1700901885\n|switch|p2b: \u76d6\u9e25\u5361|Pelipper, F|72\/100 psn\n|-weather|RainDance|[from] ability: Drizzle|[of] p2b: \u76d6\u9e25\u5361\n|move|p1a: Runerigus|Ally Switch|p1a: Runerigus\n|swap|p1a: Runerigus|1|[from] move: Ally Switch\n|move|p2a: \u623d\u6597\u5c16\u68ad|Close Combat|p1b: Runerigus\n|-immune|p1b: Runerigus\n|move|p1a: Ferrothorn|Spikes|p2b: \u76d6\u9e25\u5361\n|-sidestart|p2: Redjoejo|Spikes\n|\n|-weather|RainDance|[upkeep]\n|-damage|p2a: \u623d\u6597\u5c16\u68ad|57\/100 psn|[from] psn\n|-damage|p2b: \u76d6\u9e25\u5361|60\/100 psn|[from] psn\n|upkeep\n|turn|8\n|\n|t:|1700901901\n|switch|p1b: Gigalith|Gigalith, M, shiny|96\/100\n|-weather|Sandstorm|[from] ability: Sand Stream|[of] p1b: Gigalith\n|move|p1a: Ferrothorn|Protect|p1a: Ferrothorn\n|-singleturn|p1a: Ferrothorn|Protect\n|move|p2a: \u623d\u6597\u5c16\u68ad|Close Combat|p1a: Ferrothorn\n|-activate|p1a: Ferrothorn|move: Protect\n|move|p2b: \u76d6\u9e25\u5361|Hurricane|p1a: Ferrothorn\n|-activate|p1a: Ferrothorn|move: Protect\n|\n|-weather|Sandstorm|[upkeep]\n|-damage|p2a: \u623d\u6597\u5c16\u68ad|51\/100 psn|[from] Sandstorm\n|-damage|p2b: \u76d6\u9e25\u5361|54\/100 psn|[from] Sandstorm\n|-damage|p2a: \u623d\u6597\u5c16\u68ad|38\/100 psn|[from] psn\n|-damage|p2b: \u76d6\u9e25\u5361|41\/100 psn|[from] psn\n|upkeep\n|turn|9\n|\n|t:|1700901924\n|switch|p2a: \u5de8\u6cbc\u602a|Swampert, F|100\/100\n|-status|p2a: \u5de8\u6cbc\u602a|tox\n|-damage|p2a: \u5de8\u6cbc\u602a|84\/100 tox|[from] Spikes\n|switch|p2b: \u9e22\u9752|Serperior, M|99\/100\n|-status|p2b: \u9e22\u9752|tox\n|-damage|p2b: \u9e22\u9752|82\/100 tox|[from] Spikes\n|switch|p1a: Runerigus|Runerigus, M|60\/100\n|move|p1b: Gigalith|Gravity|p1b: Gigalith\n|-fieldstart|move: Gravity\n|\n|-weather|Sandstorm|[upkeep]\n|-damage|p2b: \u9e22\u9752|76\/100 tox|[from] Sandstorm\n|-damage|p2b: \u9e22\u9752|70\/100 tox|[from] psn\n|-damage|p2a: \u5de8\u6cbc\u602a|78\/100 tox|[from] psn\n|upkeep\n|turn|10\n|\n|t:|1700901947\n|switch|p1b: Ferrothorn|Ferrothorn, M|92\/100\n|detailschange|p2a: \u5de8\u6cbc\u602a|Swampert-Mega, F\n|-mega|p2a: \u5de8\u6cbc\u602a|Swampert|Swampertite\n|move|p2b: \u9e22\u9752|Leaf Storm|p1b: Ferrothorn\n|-resisted|p1b: Ferrothorn\n|-damage|p1b: Ferrothorn|83\/100\n|-boost|p2b: \u9e22\u9752|spa|2\n|move|p2a: \u5de8\u6cbc\u602a|Flip Turn|p1a: Runerigus\n|-supereffective|p1a: Runerigus\n|-damage|p1a: Runerigus|2\/100\n|-activate|p1a: Runerigus|ability: Wandering Spirit|Swift Swim|Wandering Spirit|[of] p2a: \u5de8\u6cbc\u602a\n|inactive|Redjoejo has 120 seconds left.\n|\n|t:|1700901979\n|switch|p2a: \u623d\u6597\u5c16\u68ad|Barraskewda, F, tera:Water|38\/100 psn|[from] Flip Turn\n|-damage|p2a: \u623d\u6597\u5c16\u68ad|22\/100 psn|[from] Spikes\n|move|p1a: Runerigus|Curse|p2b: \u9e22\u9752\n|-start|p2b: \u9e22\u9752|Curse|[of] p1a: Runerigus\n|-damage|p1a: Runerigus|0 fnt\n|faint|p1a: Runerigus\n|\n|-weather|Sandstorm|[upkeep]\n|-damage|p2a: \u623d\u6597\u5c16\u68ad|16\/100 psn|[from] Sandstorm\n|-damage|p2b: \u9e22\u9752|64\/100 tox|[from] Sandstorm\n|-damage|p2a: \u623d\u6597\u5c16\u68ad|3\/100 psn|[from] psn\n|-damage|p2b: \u9e22\u9752|52\/100 tox|[from] psn\n|-damage|p2b: \u9e22\u9752|27\/100 tox|[from] Curse\n|upkeep\n|\n|t:|1700901996\n|switch|p1a: Garchomp|Garchomp, M|100\/100\n|turn|11\n|\n|t:|1700902006\n|detailschange|p1a: Garchomp|Garchomp-Mega, M\n|-mega|p1a: Garchomp|Garchomp|Garchompite\n|move|p1b: Ferrothorn|Protect|p1b: Ferrothorn\n|-singleturn|p1b: Ferrothorn|Protect\n|move|p2a: \u623d\u6597\u5c16\u68ad|Close Combat|p1b: Ferrothorn\n|-activate|p1b: Ferrothorn|move: Protect\n|move|p2b: \u9e22\u9752|Leaf Storm|p1a: Garchomp\n|-damage|p1a: Garchomp|20\/100\n|-boost|p2b: \u9e22\u9752|spa|2\n|move|p1a: Garchomp|Rock Slide|p2a: \u623d\u6597\u5c16\u68ad|[spread] p2a,p2b\n|-damage|p2a: \u623d\u6597\u5c16\u68ad|0 fnt\n|-damage|p2b: \u9e22\u9752|0 fnt\n|faint|p2a: \u623d\u6597\u5c16\u68ad\n|faint|p2b: \u9e22\u9752\n|\n|-weather|Sandstorm|[upkeep]\n|upkeep\n|inactive|Redjoejo has 120 seconds left.\n|\n|t:|1700902031\n|switch|p2a: \u5de8\u6cbc\u602a|Swampert-Mega, F|78\/100 tox\n|switch|p2b: \u8bf8\u845b\u6751\u592b|Oranguru, M, shiny|6\/100 psn\n|-damage|p2a: \u5de8\u6cbc\u602a|61\/100 tox|[from] Spikes\n|-damage|p2b: \u8bf8\u845b\u6751\u592b|0 fnt|[from] Spikes\n|faint|p2b: \u8bf8\u845b\u6751\u592b\n|\n|t:|1700902033\n|switch|p2b: \u76d6\u9e25\u5361|Pelipper, F|41\/100 psn\n|-damage|p2b: \u76d6\u9e25\u5361|25\/100 psn|[from] Spikes\n|-weather|RainDance|[from] ability: Drizzle|[of] p2b: \u76d6\u9e25\u5361\n|turn|12\n|\n|t:|1700902051\n|switch|p1b: Gigalith|Gigalith, M, shiny|96\/100\n|-weather|Sandstorm|[from] ability: Sand Stream|[of] p1b: Gigalith\n|move|p2b: \u76d6\u9e25\u5361|Wide Guard|p2b: \u76d6\u9e25\u5361\n|-singleturn|p2b: \u76d6\u9e25\u5361|Wide Guard\n|move|p2a: \u5de8\u6cbc\u602a|Earthquake|p1b: Gigalith|[spread] p1a,p1b\n|-activate|p2b: \u76d6\u9e25\u5361|move: Wide Guard\n|-supereffective|p1b: Gigalith\n|-damage|p1a: Garchomp|0 fnt\n|-damage|p1b: Gigalith|20\/100\n|faint|p1a: Garchomp\n|\n|-weather|Sandstorm|[upkeep]\n|-damage|p2b: \u76d6\u9e25\u5361|19\/100 psn|[from] Sandstorm\n|-damage|p2a: \u5de8\u6cbc\u602a|55\/100 tox|[from] psn\n|-damage|p2b: \u76d6\u9e25\u5361|7\/100 psn|[from] psn\n|upkeep\n|inactive|Sinnoh Athens 420 has 120 seconds left.\n|\n|t:|1700902076\n|switch|p1a: Ferrothorn|Ferrothorn, M|83\/100\n|turn|13\n|\n|t:|1700902098\n|move|p1b: Gigalith|Wide Guard|p1b: Gigalith\n|-singleturn|p1b: Gigalith|Wide Guard\n|move|p2a: \u5de8\u6cbc\u602a|Earthquake|p1a: Ferrothorn|[spread] p2b\n|-activate|p1a: Ferrothorn|move: Wide Guard\n|-activate|p1b: Gigalith|move: Wide Guard\n|-damage|p2b: \u76d6\u9e25\u5361|0 fnt\n|faint|p2b: \u76d6\u9e25\u5361\n|move|p1a: Ferrothorn|Leech Seed|p2a: \u5de8\u6cbc\u602a\n|-start|p2a: \u5de8\u6cbc\u602a|move: Leech Seed\n|\n|-weather|Sandstorm|[upkeep]\n|-damage|p2a: \u5de8\u6cbc\u602a|43\/100 tox|[from] Leech Seed|[of] p1a: Ferrothorn\n|-heal|p1a: Ferrothorn|95\/100|[silent]\n|-damage|p2a: \u5de8\u6cbc\u602a|30\/100 tox|[from] psn\n|-fieldend|move: Gravity\n|upkeep\n|turn|14\n|c|\u2606Redjoejo|gg\n|\n|t:|1700902115\n|move|p2a: \u5de8\u6cbc\u602a|Flip Turn|p1b: Gigalith\n|-supereffective|p1b: Gigalith\n|-damage|p1b: Gigalith|0 fnt\n|-damage|p2a: \u5de8\u6cbc\u602a|14\/100 tox|[from] item: Rocky Helmet|[of] p1b: Gigalith\n|faint|p1b: Gigalith\n|move|p1a: Ferrothorn|Gyro Ball|p2a: \u5de8\u6cbc\u602a\n|-resisted|p2a: \u5de8\u6cbc\u602a\n|-damage|p2a: \u5de8\u6cbc\u602a|0 fnt\n|faint|p2a: \u5de8\u6cbc\u602a\n|\n|win|Sinnoh Athens 420\n|raw|Sinnoh Athens 420's rating: 1318 &rarr; <strong>1339<\/strong><br \/>(+21 for winning)\n|raw|Redjoejo's rating: 1332 &rarr; <strong>1311<\/strong><br \/>(-21 for losing)\n","uploadtime":1700902118,"views":0,"p1id":"sinnohathens420","p2id":"redjoejo","formatid":"gen9nationaldexdoubles","rating":1311,"private":0,"password":""}