{"id":"gen9nationaldexdoubles-1986430313","p1":"Grunt2222222","p2":"drfg dgfs","format":"[Gen 9] National Dex Doubles","log":"|j|\u2606Grunt2222222\n|j|\u2606drfg dgfs\n|t:|1699478470\n|gametype|doubles\n|player|p1|Grunt2222222|rocketgrunt|1106\n|player|p2|drfg dgfs|ninjaboy|1000\n|teamsize|p1|6\n|teamsize|p2|6\n|gen|9\n|tier|[Gen 9] National Dex Doubles\n|rated|\n|rule|HP Percentage Mod: HP is shown in percentages\n|rule|Endless Battle Clause: Forcing endless battles is banned\n|rule|OHKO Clause: OHKO moves are banned\n|rule|Evasion Moves Clause: Evasion moves are banned\n|rule|Evasion Abilities Clause: Evasion abilities are banned\n|rule|Species Clause: Limit one of each Pok\u00e9mon\n|rule|Gravity Sleep Clause: The combination of sleep-inducing moves with imperfect accuracy and Gravity or Gigantamax Orbeetle are banned\n|clearpoke\n|poke|p1|Eevee, F|\n|poke|p1|Kleavor, M|\n|poke|p1|Masquerain, F|\n|poke|p1|Banette, F|\n|poke|p1|Rabsca, M|\n|poke|p1|Indeedee-F, F|\n|poke|p2|Indeedee-F, F|\n|poke|p2|Oranguru, M|\n|poke|p2|Glastrier|\n|poke|p2|Hoopa-Unbound|\n|poke|p2|Ursaluna, F|\n|poke|p2|Sinistcha-Masterpiece|\n|teampreview\n|inactive|Battle timer is ON: inactive players will automatically lose when time's up. (requested by Grunt2222222)\n|\n|t:|1699478502\n|start\n|switch|p1a: Eevee|Eevee, F|100\/100\n|switch|p1b: Masquerain|Masquerain, F|100\/100\n|switch|p2a: Hoopa|Hoopa-Unbound|100\/100\n|switch|p2b: Sinistcha|Sinistcha-Masterpiece|100\/100\n|-ability|p1b: Masquerain|Intimidate|boost\n|-unboost|p2a: Hoopa|atk|1\n|-unboost|p2b: Sinistcha|atk|1\n|turn|1\n|\n|t:|1699478511\n|move|p1b: Masquerain|Toxic|p2a: Hoopa\n|-status|p2a: Hoopa|tox\n|-zpower|p1a: Eevee\n|move|p1a: Eevee|Extreme Evoboost|p1a: Eevee\n|-boost|p1a: Eevee|atk|2\n|-boost|p1a: Eevee|def|2\n|-boost|p1a: Eevee|spa|2\n|-boost|p1a: Eevee|spd|2\n|-boost|p1a: Eevee|spe|2\n|move|p2b: Sinistcha|Nasty Plot|p2b: Sinistcha\n|-boost|p2b: Sinistcha|spa|2\n|move|p2a: Hoopa|Trick Room|p2a: Hoopa\n|-fieldstart|move: Trick Room|[of] p2a: Hoopa\n|-enditem|p2a: Hoopa|Room Service\n|-unboost|p2a: Hoopa|spe|1|[from] item: Room Service\n|\n|-damage|p2a: Hoopa|94\/100 tox|[from] psn\n|upkeep\n|turn|2\n|\n|t:|1699478533\n|move|p2a: Hoopa|Psyshock|p1a: Eevee\n|-damage|p1a: Eevee|52\/100\n|move|p2b: Sinistcha|Matcha Gotcha|p1a: Eevee|[spread] p1a\n|-miss|p2b: Sinistcha|p1b: Masquerain\n|-damage|p1a: Eevee|0 fnt\n|faint|p1a: Eevee\n|move|p1b: Masquerain|Toxic|p2b: Sinistcha\n|-status|p2b: Sinistcha|tox\n|\n|-damage|p2a: Hoopa|82\/100 tox|[from] psn\n|-damage|p2b: Sinistcha|95\/100 tox|[from] psn\n|upkeep\n|\n|t:|1699478546\n|switch|p1a: Rabsca|Rabsca, M|100\/100\n|turn|3\n|\n|t:|1699478557\n|move|p2a: Hoopa|Dark Pulse|p1a: Rabsca\n|-supereffective|p1a: Rabsca\n|-damage|p1a: Rabsca|16\/100\n|-item|p2a: Hoopa|Focus Sash|[from] ability: Magician|[of] p1a: Rabsca\n|move|p1a: Rabsca|Power Gem|p2a: Hoopa\n|-damage|p2a: Hoopa|68\/100 tox\n|move|p2b: Sinistcha|Matcha Gotcha|p1a: Rabsca|[spread] p1a,p1b\n|-resisted|p1a: Rabsca\n|-resisted|p1b: Masquerain\n|-damage|p1a: Rabsca|0 fnt\n|-heal|p2b: Sinistcha|100\/100 tox|[from] drain|[of] p1a: Rabsca\n|-damage|p1b: Masquerain|80\/100\n|faint|p1a: Rabsca\n|move|p1b: Masquerain|Air Slash|p2b: Sinistcha\n|-supereffective|p2b: Sinistcha\n|-damage|p2b: Sinistcha|47\/100 tox\n|\n|-damage|p2a: Hoopa|50\/100 tox|[from] psn\n|-damage|p2b: Sinistcha|35\/100 tox|[from] psn\n|upkeep\n|\n|t:|1699478575\n|switch|p1a: Indeedee|Indeedee-F, F|100\/100\n|turn|4\n|\n|t:|1699478590\n|move|p1a: Indeedee|Protect|p1a: Indeedee\n|-singleturn|p1a: Indeedee|Protect\n|move|p2a: Hoopa|Dark Pulse|p1b: Masquerain\n|-damage|p1b: Masquerain|12\/100\n|move|p2b: Sinistcha|Matcha Gotcha|p1b: Masquerain|[spread] p1b\n|-activate|p1a: Indeedee|move: Protect\n|-resisted|p1b: Masquerain\n|-damage|p1b: Masquerain|0 fnt\n|-heal|p2b: Sinistcha|44\/100 tox|[from] drain|[of] p1b: Masquerain\n|faint|p1b: Masquerain\n|\n|-damage|p2a: Hoopa|26\/100 tox|[from] psn\n|-damage|p2b: Sinistcha|26\/100 tox|[from] psn\n|upkeep\n|\n|t:|1699478606\n|switch|p1b: Kleavor|Kleavor, M, shiny|100\/100\n|turn|5\n|\n|t:|1699478617\n|move|p1a: Indeedee|Follow Me|p1a: Indeedee\n|-singleturn|p1a: Indeedee|move: Follow Me\n|move|p2a: Hoopa|Dark Pulse|p1a: Indeedee\n|-supereffective|p1a: Indeedee\n|-damage|p1a: Indeedee|19\/100\n|move|p2b: Sinistcha|Matcha Gotcha|p1a: Indeedee|[spread] p1b\n|-miss|p2b: Sinistcha|p1a: Indeedee\n|-damage|p1b: Kleavor|0 fnt\n|-heal|p2b: Sinistcha|90\/100 tox|[from] drain|[of] p1b: Kleavor\n|faint|p1b: Kleavor\n|\n|-heal|p1a: Indeedee|25\/100|[from] item: Leftovers\n|-damage|p2a: Hoopa|0 fnt|[from] psn\n|faint|p2a: Hoopa\n|-damage|p2b: Sinistcha|66\/100 tox|[from] psn\n|-fieldend|move: Trick Room\n|upkeep\n|\n|t:|1699478636\n|switch|p1b: Banette|Banette, F|100\/100\n|switch|p2a: Oranguru|Oranguru, M|100\/100\n|-item|p2a: Oranguru|Mental Herb|[from] ability: Frisk|[of] p1b: Banette|[identify]\n|-item|p2b: Sinistcha|Big Root|[from] ability: Frisk|[of] p1b: Banette|[identify]\n|turn|6\n|c|\u2606Grunt2222222|Wha\n|\n|t:|1699478659\n|detailschange|p1b: Banette|Banette-Mega, F\n|-mega|p1b: Banette|Banette|Banettite\n|move|p1a: Indeedee|Protect|p1a: Indeedee\n|-singleturn|p1a: Indeedee|Protect\n|move|p1b: Banette|Shadow Sneak|p2b: Sinistcha\n|-supereffective|p2b: Sinistcha\n|-damage|p2b: Sinistcha|5\/100 tox\n|move|p2b: Sinistcha|Matcha Gotcha|p1a: Indeedee|[spread] p1b\n|-activate|p1a: Indeedee|move: Protect\n|-damage|p1b: Banette|26\/100\n|-heal|p2b: Sinistcha|61\/100 tox|[from] drain|[of] p1b: Banette\n|move|p2a: Oranguru|Trick Room|p2a: Oranguru\n|-fieldstart|move: Trick Room|[of] p2a: Oranguru\n|\n|-heal|p1a: Indeedee|31\/100|[from] item: Leftovers\n|-damage|p2b: Sinistcha|31\/100 tox|[from] psn\n|upkeep\n|turn|7\n|\n|t:|1699478679\n|move|p1b: Banette|Shadow Sneak|p2b: Sinistcha\n|-supereffective|p2b: Sinistcha\n|-damage|p2b: Sinistcha|0 fnt\n|faint|p2b: Sinistcha\n|move|p2a: Oranguru|Instruct|p2: Sinistcha|[notarget]\n|-fail|p2a: Oranguru\n|move|p1a: Indeedee|Mystical Fire|p2a: Oranguru\n|-damage|p2a: Oranguru|87\/100\n|-unboost|p2a: Oranguru|spa|1\n|\n|-heal|p1a: Indeedee|37\/100|[from] item: Leftovers\n|upkeep\n|\n|t:|1699478683\n|switch|p2b: Glastrier|Glastrier|100\/100\n|turn|8\n|\n|t:|1699478693\n|move|p1b: Banette|Ally Switch|p1b: Banette\n|swap|p1b: Banette|0|[from] move: Ally Switch\n|move|p2b: Glastrier|Icicle Spear|p1a: Banette\n|-damage|p1a: Banette|6\/100\n|-damage|p1a: Banette|0 fnt\n|faint|p1a: Banette\n|-ability|p2b: Glastrier|Chilling Neigh|boost\n|-boost|p2b: Glastrier|atk|1\n|-hitcount|p1: Banette|2\n|move|p2a: Oranguru|Instruct|p2b: Glastrier\n|-singleturn|p2b: Glastrier|move: Instruct|[of] p2a: Oranguru\n|move|p2b: Glastrier|Icicle Spear|p1b: Indeedee\n|-damage|p1b: Indeedee|4\/100\n|-damage|p1b: Indeedee|0 fnt\n|faint|p1b: Indeedee\n|-hitcount|p1: Indeedee|2\n|\n|win|drfg dgfs\n|raw|Grunt2222222's rating: 1106 &rarr; <strong>1074<\/strong><br \/>(-32 for losing)\n|raw|drfg dgfs's rating: 1000 &rarr; <strong>1052<\/strong><br \/>(+52 for winning)\n","uploadtime":1699478702,"views":7,"p1id":"grunt2222222","p2id":"drfgdgfs","formatid":"gen9nationaldexdoubles","rating":1052,"private":0,"password":""}