{"id":"gen9nationaldexdoubles-1997925855","p1":"Bootus Stankus","p2":"Lil barnacle Boi","format":"[Gen 9] National Dex Doubles","log":"|j|\u2606Bootus Stankus\n|j|\u2606Lil barnacle Boi\n|t:|1700868223\n|gametype|doubles\n|player|p1|Bootus Stankus|iris|1301\n|player|p2|Lil barnacle Boi|li|1245\n|teamsize|p1|6\n|teamsize|p2|6\n|gen|9\n|tier|[Gen 9] National Dex Doubles\n|rated|\n|rule|HP Percentage Mod: HP is shown in percentages\n|rule|Endless Battle Clause: Forcing endless battles is banned\n|rule|OHKO Clause: OHKO moves are banned\n|rule|Evasion Moves Clause: Evasion moves are banned\n|rule|Evasion Abilities Clause: Evasion abilities are banned\n|rule|Species Clause: Limit one of each Pok\u00e9mon\n|rule|Gravity Sleep Clause: The combination of sleep-inducing moves with imperfect accuracy and Gravity or Gigantamax Orbeetle are banned\n|clearpoke\n|poke|p1|Hawlucha, F|\n|poke|p1|Tapu Koko|\n|poke|p1|Dragapult, M|\n|poke|p1|Clefairy, M|\n|poke|p1|Kommo-o, F|\n|poke|p1|Stonjourner, M|\n|poke|p2|Walking Wake|\n|poke|p2|Tornadus, M|\n|poke|p2|Charizard, M|\n|poke|p2|Cinderace, F|\n|poke|p2|Flutter Mane|\n|poke|p2|Pheromosa|\n|teampreview\n|inactive|Battle timer is ON: inactive players will automatically lose when time's up. (requested by Lil barnacle Boi)\n|\n|t:|1700868259\n|start\n|switch|p1a: Tapu Koko|Tapu Koko|100\/100\n|switch|p1b: Stonjourner|Stonjourner, M|100\/100\n|switch|p2a: Charizard|Charizard, M, shiny|100\/100\n|switch|p2b: Walking Wake|Walking Wake|100\/100\n|-fieldstart|move: Electric Terrain|[from] ability: Electric Surge|[of] p1a: Tapu Koko\n|turn|1\n|\n|t:|1700868280\n|detailschange|p2a: Charizard|Charizard-Mega-Y, M, shiny\n|-mega|p2a: Charizard|Charizard|Charizardite Y\n|-weather|SunnyDay|[from] ability: Drought|[of] p2a: Charizard\n|-activate|p2b: Walking Wake|ability: Protosynthesis\n|-start|p2b: Walking Wake|protosynthesisspa\n|move|p2a: Charizard|Protect|p2a: Charizard\n|-singleturn|p2a: Charizard|Protect\n|move|p2b: Walking Wake|Flip Turn|p1a: Tapu Koko\n|-damage|p1a: Tapu Koko|92\/100\n|\n|t:|1700868289\n|-end|p2b: Walking Wake|Protosynthesis|[silent]\n|switch|p2b: Cinderace|Cinderace, F, shiny|100\/100|[from] Flip Turn\n|move|p1a: Tapu Koko|Electroweb|p2a: Charizard|[spread] p2b\n|-activate|p2a: Charizard|move: Protect\n|-damage|p2b: Cinderace|64\/100\n|-unboost|p2b: Cinderace|spe|1\n|move|p1b: Stonjourner|Rock Tomb|p2a: Charizard\n|-activate|p2a: Charizard|move: Protect\n|\n|-weather|SunnyDay|[upkeep]\n|-heal|p1a: Tapu Koko|98\/100|[from] item: Leftovers\n|upkeep\n|turn|2\n|\n|t:|1700868304\n|move|p1a: Tapu Koko|Volt Switch|p2a: Charizard\n|-supereffective|p2a: Charizard\n|-damage|p2a: Charizard|4\/100\n|\n|t:|1700868311\n|switch|p1a: Clefairy|Clefairy, M|100\/100|[from] Volt Switch\n|move|p2b: Cinderace|U-turn|p1b: Stonjourner\n|-start|p2b: Cinderace|typechange|Bug|[from] ability: Libero\n|-damage|p1b: Stonjourner|88\/100\n|\n|t:|1700868326\n|switch|p2b: Walking Wake|Walking Wake|100\/100|[from] U-turn\n|-activate|p2b: Walking Wake|ability: Protosynthesis\n|-start|p2b: Walking Wake|protosynthesisspa\n|move|p2a: Charizard|Scorching Sands|p1b: Stonjourner\n|-supereffective|p1b: Stonjourner\n|-crit|p1b: Stonjourner\n|-damage|p1b: Stonjourner|1\/100\n|move|p1b: Stonjourner|Rock Tomb|p2b: Walking Wake\n|-damage|p2b: Walking Wake|71\/100\n|-unboost|p2b: Walking Wake|spe|1\n|\n|-weather|SunnyDay|[upkeep]\n|upkeep\n|turn|3\n|\n|t:|1700868340\n|-terastallize|p2b: Walking Wake|Fairy\n|move|p1a: Clefairy|Protect|p1a: Clefairy\n|-singleturn|p1a: Clefairy|Protect\n|move|p2a: Charizard|Heat Wave|p1b: Stonjourner|[spread] \n|-activate|p1a: Clefairy|move: Protect\n|-miss|p2a: Charizard|p1b: Stonjourner\n|move|p2b: Walking Wake|Hydro Steam|p1a: Clefairy\n|-activate|p1a: Clefairy|move: Protect\n|move|p1b: Stonjourner|Self-Destruct|p2a: Charizard|[spread] p2a,p2b\n|-activate|p1a: Clefairy|move: Protect\n|-enditem|p1b: Stonjourner|Normal Gem|[from] gem\n|-damage|p2a: Charizard|0 fnt\n|-damage|p2b: Walking Wake|8\/100\n|faint|p1b: Stonjourner\n|faint|p2a: Charizard\n|\n|-weather|SunnyDay|[upkeep]\n|upkeep\n|\n|t:|1700868370\n|switch|p2a: Cinderace|Cinderace, F, shiny|64\/100\n|switch|p1b: Kommo-o|Kommo-o, F|100\/100\n|turn|4\n|\n|t:|1700868379\n|move|p1a: Clefairy|Follow Me|p1a: Clefairy\n|-singleturn|p1a: Clefairy|move: Follow Me\n|move|p2a: Cinderace|U-turn|p1a: Clefairy\n|-start|p2a: Cinderace|typechange|Bug|[from] ability: Libero\n|-resisted|p1a: Clefairy\n|-damage|p1a: Clefairy|88\/100\n|\n|t:|1700868382\n|switch|p2a: Tornadus|Tornadus, M, shiny|100\/100|[from] U-turn\n|move|p1b: Kommo-o|Clangorous Soul|p1b: Kommo-o\n|-boost|p1b: Kommo-o|atk|1\n|-boost|p1b: Kommo-o|def|1\n|-boost|p1b: Kommo-o|spa|1\n|-boost|p1b: Kommo-o|spd|1\n|-boost|p1b: Kommo-o|spe|1\n|-damage|p1b: Kommo-o|68\/100\n|-enditem|p1b: Kommo-o|Throat Spray\n|-boost|p1b: Kommo-o|spa|1|[from] item: Throat Spray\n|move|p2b: Walking Wake|Flip Turn|p1a: Clefairy\n|-damage|p1a: Clefairy|81\/100\n|\n|t:|1700868387\n|-end|p2b: Walking Wake|Protosynthesis|[silent]\n|switch|p2b: Flutter Mane|Flutter Mane, shiny|100\/100|[from] Flip Turn\n|-activate|p2b: Flutter Mane|ability: Protosynthesis\n|-start|p2b: Flutter Mane|protosynthesisspe\n|\n|-weather|SunnyDay|[upkeep]\n|upkeep\n|turn|5\n|\n|t:|1700868407\n|-terastallize|p1b: Kommo-o|Normal\n|move|p2a: Tornadus|Tailwind|p2a: Tornadus\n|-sidestart|p2: Lil barnacle Boi|move: Tailwind\n|move|p2b: Flutter Mane|Shadow Ball|p1a: Clefairy\n|-damage|p1a: Clefairy|31\/100\n|-damage|p2b: Flutter Mane|91\/100|[from] item: Life Orb\n|move|p1b: Kommo-o|Flash Cannon|p2b: Flutter Mane\n|-supereffective|p2b: Flutter Mane\n|-damage|p2b: Flutter Mane|8\/100\n|move|p1a: Clefairy|Heal Pulse|p1b: Kommo-o\n|-heal|p1b: Kommo-o|100\/100\n|\n|-weather|none\n|-end|p2b: Flutter Mane|Protosynthesis\n|-fieldend|move: Electric Terrain\n|upkeep\n|turn|6\n|inactive|Lil barnacle Boi has 120 seconds left.\n|inactive|Lil barnacle Boi has 90 seconds left.\n|\n|t:|1700868482\n|move|p2b: Flutter Mane|Protect|p2b: Flutter Mane\n|-singleturn|p2b: Flutter Mane|Protect\n|move|p1a: Clefairy|Protect|p1a: Clefairy\n|-singleturn|p1a: Clefairy|Protect\n|move|p2a: Tornadus|Taunt|p1a: Clefairy\n|-activate|p1a: Clefairy|move: Protect\n|move|p1b: Kommo-o|Boomburst|p2b: Flutter Mane|[spread] p2a\n|-activate|p1a: Clefairy|move: Protect\n|-activate|p2b: Flutter Mane|move: Protect\n|-damage|p2a: Tornadus|38\/100\n|\n|upkeep\n|turn|7\n|\n|t:|1700868497\n|switch|p1a: Tapu Koko|Tapu Koko|98\/100\n|-fieldstart|move: Electric Terrain|[from] ability: Electric Surge|[of] p1a: Tapu Koko\n|move|p2b: Flutter Mane|Icy Wind|p1b: Kommo-o|[spread] p1a,p1b\n|-damage|p1a: Tapu Koko|72\/100\n|-damage|p1b: Kommo-o|87\/100\n|-unboost|p1a: Tapu Koko|spe|1\n|-unboost|p1b: Kommo-o|spe|1\n|-damage|p2b: Flutter Mane|0 fnt|[from] item: Life Orb\n|faint|p2b: Flutter Mane\n|-end|p2b: Flutter Mane|Protosynthesis|[silent]\n|move|p2a: Tornadus|U-turn|p1b: Kommo-o\n|-damage|p1b: Kommo-o|76\/100\n|\n|t:|1700868503\n|switch|p2a: Pheromosa|Pheromosa, shiny|100\/100|[from] U-turn\n|move|p1b: Kommo-o|Flash Cannon|p2a: Pheromosa\n|-damage|p2a: Pheromosa|0 fnt\n|faint|p2a: Pheromosa\n|\n|-heal|p1a: Tapu Koko|78\/100|[from] item: Leftovers\n|upkeep\n|-message|Lil barnacle Boi forfeited.\n|\n|win|Bootus Stankus\n|raw|Bootus Stankus's rating: 1301 &rarr; <strong>1318<\/strong><br \/>(+17 for winning)\n|raw|Lil barnacle Boi's rating: 1245 &rarr; <strong>1224<\/strong><br \/>(-21 for losing)\n|l|\u2606Lil barnacle Boi\n","uploadtime":1700868532,"views":0,"p1id":"bootusstankus","p2id":"lilbarnacleboi","formatid":"gen9nationaldexdoubles","rating":1224,"private":0,"password":""}