{"id":"gen9nationaldexdoubles-1983976213","p1":"GunGalione","p2":"Pokrunk","format":"[Gen 9] National Dex Doubles","log":"|j|\u2606GunGalione\n|j|\u2606Pokrunk\n|t:|1699205994\n|gametype|doubles\n|player|p1|GunGalione|pokemonranger-gen4|1231\n|player|p2|Pokrunk|red-gen1rb|1227\n|teamsize|p1|6\n|teamsize|p2|6\n|gen|9\n|tier|[Gen 9] National Dex Doubles\n|rated|\n|rule|HP Percentage Mod: HP is shown in percentages\n|rule|Endless Battle Clause: Forcing endless battles is banned\n|rule|OHKO Clause: OHKO moves are banned\n|rule|Evasion Moves Clause: Evasion moves are banned\n|rule|Evasion Abilities Clause: Evasion abilities are banned\n|rule|Species Clause: Limit one of each Pok\u00e9mon\n|rule|Gravity Sleep Clause: The combination of sleep-inducing moves with imperfect accuracy and Gravity or Gigantamax Orbeetle are banned\n|clearpoke\n|poke|p1|Magmortar, M|\n|poke|p1|Typhlosion, M|\n|poke|p1|Chi-Yu|\n|poke|p1|Torkoal, F|\n|poke|p1|Heliolisk, F|\n|poke|p1|Talonflame, M|\n|poke|p2|Blastoise, F|\n|poke|p2|Polteageist|\n|poke|p2|Togekiss, F|\n|poke|p2|Indeedee-F, F|\n|poke|p2|Brute Bonnet|\n|poke|p2|Ogerpon-Wellspring, F|\n|teampreview\n|\n|t:|1699206019\n|start\n|switch|p1a: Magmortar|Magmortar, M, shiny|100\/100\n|switch|p1b: Talonflame|Talonflame, M|100\/100\n|switch|p2a: Polteageist|Polteageist|100\/100\n|switch|p2b: Brute Bonnet|Brute Bonnet|100\/100\n|-enditem|p2b: Brute Bonnet|Booster Energy\n|-activate|p2b: Brute Bonnet|ability: Protosynthesis|[fromitem]\n|-start|p2b: Brute Bonnet|protosynthesisatk\n|turn|1\n|\n|t:|1699206040\n|move|p2b: Brute Bonnet|Rage Powder|p2b: Brute Bonnet\n|-singleturn|p2b: Brute Bonnet|move: Rage Powder\n|move|p1b: Talonflame|Tailwind|p1b: Talonflame\n|-sidestart|p1: GunGalione|move: Tailwind\n|move|p1a: Magmortar|Heat Wave|p2a: Polteageist|[spread] p2a,p2b\n|-supereffective|p2b: Brute Bonnet\n|-damage|p2a: Polteageist|56\/100\n|-damage|p2b: Brute Bonnet|34\/100\n|move|p2a: Polteageist|Shell Smash|p2a: Polteageist\n|-unboost|p2a: Polteageist|def|1\n|-unboost|p2a: Polteageist|spd|1\n|-boost|p2a: Polteageist|atk|2\n|-boost|p2a: Polteageist|spa|2\n|-boost|p2a: Polteageist|spe|2\n|-enditem|p2a: Polteageist|White Herb\n|-clearnegativeboost|p2a: Polteageist|[silent]\n|\n|upkeep\n|turn|2\n|\n|t:|1699206060\n|-terastallize|p2b: Brute Bonnet|Dark\n|move|p2b: Brute Bonnet|Sucker Punch|p1a: Magmortar\n|-damage|p1a: Magmortar|0 fnt\n|faint|p1a: Magmortar\n|move|p1b: Talonflame|U-turn|p1: Magmortar|[notarget]\n|-fail|p1b: Talonflame\n|move|p2a: Polteageist|Stored Power|p1b: Talonflame\n|-enditem|p1b: Talonflame|Focus Sash\n|-damage|p1b: Talonflame|1\/100\n|\n|upkeep\n|\n|t:|1699206068\n|switch|p1a: Torkoal|Torkoal, F|100\/100\n|-weather|SunnyDay|[from] ability: Drought|[of] p1a: Torkoal\n|turn|3\n|\n|t:|1699206081\n|move|p1a: Torkoal|Helping Hand|p1b: Talonflame\n|-singleturn|p1b: Talonflame|Helping Hand|[of] p1a: Torkoal\n|move|p2b: Brute Bonnet|Sucker Punch|p1b: Talonflame\n|-damage|p1b: Talonflame|0 fnt\n|faint|p1b: Talonflame\n|move|p2a: Polteageist|Stored Power|p1a: Torkoal\n|-damage|p1a: Torkoal|13\/100\n|\n|-weather|SunnyDay|[upkeep]\n|upkeep\n|\n|t:|1699206090\n|switch|p1b: Chi-Yu|Chi-Yu|100\/100\n|-ability|p1b: Chi-Yu|Beads of Ruin\n|turn|4\n|\n|t:|1699206096\n|move|p2b: Brute Bonnet|Sucker Punch|p1b: Chi-Yu\n|-resisted|p1b: Chi-Yu\n|-damage|p1b: Chi-Yu|49\/100\n|move|p1b: Chi-Yu|Heat Wave|p2a: Polteageist|[spread] p2a,p2b\n|-damage|p2a: Polteageist|0 fnt\n|-damage|p2b: Brute Bonnet|0 fnt\n|faint|p2a: Polteageist\n|faint|p2b: Brute Bonnet\n|-end|p2b: Brute Bonnet|Protosynthesis|[silent]\n|move|p1a: Torkoal|Heat Wave|p2: Polteageist|[notarget]\n|-fail|p1a: Torkoal\n|\n|-weather|SunnyDay|[upkeep]\n|-sideend|p1: GunGalione|move: Tailwind\n|upkeep\n|\n|t:|1699206111\n|switch|p2a: Ogerpon|Ogerpon-Wellspring, F|100\/100\n|switch|p2b: Indeedee|Indeedee-F, F|100\/100\n|turn|5\n|\n|t:|1699206129\n|switch|p1b: Heliolisk|Heliolisk, F, shiny|100\/100\n|move|p2b: Indeedee|Fake Out|p1b: Heliolisk\n|-damage|p1b: Heliolisk|81\/100\n|move|p2a: Ogerpon|Ivy Cudgel|p1b: Heliolisk\n|-damage|p1b: Heliolisk|13\/100\n|move|p1a: Torkoal|Yawn|p2b: Indeedee\n|-start|p2b: Indeedee|move: Yawn|[of] p1a: Torkoal\n|\n|-weather|SunnyDay|[upkeep]\n|-damage|p1b: Heliolisk|0 fnt|[from] ability: Solar Power|[of] p1b: Heliolisk\n|faint|p1b: Heliolisk\n|upkeep\n|\n|t:|1699206138\n|switch|p1b: Typhlosion|Typhlosion, M|100\/100\n|turn|6\n|\n|t:|1699206157\n|-terastallize|p1b: Typhlosion|Fire\n|move|p1a: Torkoal|Helping Hand|p1b: Typhlosion\n|-singleturn|p1b: Typhlosion|Helping Hand|[of] p1a: Torkoal\n|move|p1b: Typhlosion|Eruption|p2b: Indeedee|[spread] p2a,p2b\n|-damage|p2a: Ogerpon|0 fnt\n|-damage|p2b: Indeedee|0 fnt\n|faint|p2a: Ogerpon\n|faint|p2b: Indeedee\n|\n|-weather|SunnyDay|[upkeep]\n|upkeep\n|\n|t:|1699206165\n|switch|p2a: Blastoise|Blastoise, F|100\/100\n|switch|p2b: Togekiss|Togekiss, F|100\/100\n|turn|7\n|\n|t:|1699206177\n|detailschange|p2a: Blastoise|Blastoise-Mega, F\n|-mega|p2a: Blastoise|Blastoise|Blastoisinite\n|move|p1a: Torkoal|Helping Hand|p1b: Typhlosion\n|-singleturn|p1b: Typhlosion|Helping Hand|[of] p1a: Torkoal\n|move|p1b: Typhlosion|Eruption|p2b: Togekiss|[spread] p2a,p2b\n|-resisted|p2a: Blastoise\n|-damage|p2a: Blastoise|15\/100\n|-damage|p2b: Togekiss|0 fnt\n|faint|p2b: Togekiss\n|move|p2a: Blastoise|Shell Smash|p2a: Blastoise\n|-unboost|p2a: Blastoise|def|1\n|-unboost|p2a: Blastoise|spd|1\n|-boost|p2a: Blastoise|atk|2\n|-boost|p2a: Blastoise|spa|2\n|-boost|p2a: Blastoise|spe|2\n|\n|-weather|SunnyDay|[upkeep]\n|upkeep\n|turn|8\n|\n|t:|1699206188\n|move|p2a: Blastoise|Aura Sphere|p1b: Typhlosion\n|-damage|p1b: Typhlosion|0 fnt\n|faint|p1b: Typhlosion\n|move|p1a: Torkoal|Heat Wave|p2a: Blastoise\n|-resisted|p2a: Blastoise\n|-damage|p2a: Blastoise|0 fnt\n|faint|p2a: Blastoise\n|\n|win|GunGalione\n|raw|GunGalione's rating: 1231 &rarr; <strong>1256<\/strong><br \/>(+25 for winning)\n|raw|Pokrunk's rating: 1227 &rarr; <strong>1202<\/strong><br \/>(-25 for losing)\n|l|\u2606Pokrunk\n","uploadtime":1699206199,"views":4,"p1id":"gungalione","p2id":"pokrunk","formatid":"gen9nationaldexdoubles","rating":1202,"private":0,"password":""}