{"id":"gen9nationaldexdoubles-1999172124","p1":"exxcute","p2":"Mr Green Tea","format":"[Gen 9] National Dex Doubles","log":"|j|\u2606exxcute\n|j|\u2606Mr Green Tea\n|t:|1701041191\n|gametype|doubles\n|player|p1|exxcute|aromalady-gen6|1130\n|player|p2|Mr Green Tea|burglar|1189\n|teamsize|p1|6\n|teamsize|p2|6\n|gen|9\n|tier|[Gen 9] National Dex Doubles\n|rated|\n|rule|HP Percentage Mod: HP is shown in percentages\n|rule|Endless Battle Clause: Forcing endless battles is banned\n|rule|OHKO Clause: OHKO moves are banned\n|rule|Evasion Moves Clause: Evasion moves are banned\n|rule|Evasion Abilities Clause: Evasion abilities are banned\n|rule|Species Clause: Limit one of each Pok\u00e9mon\n|rule|Gravity Sleep Clause: The combination of sleep-inducing moves with imperfect accuracy and Gravity or Gigantamax Orbeetle are banned\n|clearpoke\n|poke|p1|Ledian, F|\n|poke|p1|Alcremie, F|\n|poke|p1|Lickilicky, M|\n|poke|p1|Mr. Rime, M|\n|poke|p1|Machamp, F|\n|poke|p1|Dipplin, M|\n|poke|p2|Sinistcha|\n|poke|p2|Incineroar, F|\n|poke|p2|Great Tusk|\n|poke|p2|Golisopod, F|\n|poke|p2|Ninetales-Alola, F|\n|poke|p2|Ogerpon-Cornerstone, F|\n|teampreview\n|c|\u2606exxcute|glhf\n|inactive|Battle timer is ON: inactive players will automatically lose when time's up. (requested by exxcute)\n|\n|t:|1701041216\n|start\n|switch|p1a: rider|Ledian, F|100\/100\n|switch|p1b: Machamp|Machamp, F|100\/100\n|switch|p2a: Incineroar|Incineroar, F|100\/100\n|switch|p2b: Golisopod|Golisopod, F, shiny|100\/100\n|-ability|p2a: Incineroar|Intimidate|boost\n|-unboost|p1a: rider|atk|1\n|-unboost|p1b: Machamp|atk|1\n|turn|1\n|\n|t:|1701041240\n|-terastallize|p1a: rider|Ghost\n|move|p2a: Incineroar|Fake Out|p1b: Machamp\n|-damage|p1b: Machamp|89\/100\n|-enditem|p1b: Machamp|Kee Berry|[eat]\n|-boost|p1b: Machamp|def|1|[from] item: Kee Berry\n|move|p1a: rider|Reflect|p1a: rider\n|-sidestart|p1: exxcute|Reflect\n|cant|p1b: Machamp|flinch\n|-ability|p1b: Machamp|Steadfast|boost\n|-boost|p1b: Machamp|spe|1\n|move|p2b: Golisopod|Liquidation|p1a: rider\n|-damage|p1a: rider|9\/100\n|\n|upkeep\n|turn|2\n|inactive|exxcute has 120 seconds left.\n|inactive|Mr Green Tea has 120 seconds left.\n|\n|t:|1701041278\n|switch|p1a: Dipplin|Dipplin, M|100\/100\n|-ability|p1a: Dipplin|Supersweet Syrup\n|-ability|p1a: Dipplin|Supersweet Syrup|boost\n|-unboost|p2a: Incineroar|evasion|1\n|-unboost|p2b: Golisopod|evasion|1\n|switch|p2a: Sinistcha|Sinistcha|100\/100\n|move|p1b: Machamp|Cross Chop|p2a: Sinistcha\n|-immune|p2a: Sinistcha\n|move|p2b: Golisopod|Liquidation|p1a: Dipplin\n|-resisted|p1a: Dipplin\n|-damage|p1a: Dipplin|93\/100\n|\n|upkeep\n|turn|3\n|inactive|exxcute has 120 seconds left.\n|inactive|Mr Green Tea has 120 seconds left.\n|\n|t:|1701041309\n|switch|p2b: Incineroar|Incineroar, F|100\/100\n|-ability|p2b: Incineroar|Intimidate|boost\n|-unboost|p1a: Dipplin|atk|1\n|-unboost|p1b: Machamp|atk|1\n|move|p1b: Machamp|Stone Edge|p2b: Incineroar\n|-supereffective|p2b: Incineroar\n|-damage|p2b: Incineroar|64\/100\n|move|p2a: Sinistcha|Matcha Gotcha|p1b: Machamp|[spread] p1a,p1b\n|-resisted|p1a: Dipplin\n|-damage|p1a: Dipplin|89\/100\n|-damage|p1b: Machamp|64\/100\n|move|p1a: Dipplin|Pollen Puff|p2a: Sinistcha\n|-damage|p2a: Sinistcha|75\/100\n|\n|upkeep\n|turn|4\n|inactive|Mr Green Tea has 120 seconds left.\n|inactive|exxcute has 120 seconds left.\n|\n|t:|1701041352\n|switch|p1b: Mr. Rime|Mr. Rime, M, shiny|100\/100\n|move|p2a: Sinistcha|Rage Powder|p2a: Sinistcha\n|-singleturn|p2a: Sinistcha|move: Rage Powder\n|move|p2b: Incineroar|Parting Shot|p1b: Mr. Rime\n|-unboost|p1b: Mr. Rime|atk|1\n|-unboost|p1b: Mr. Rime|spa|1\n|\n|t:|1701041362\n|switch|p2b: Golisopod|Golisopod, F, shiny|100\/100|[from] Parting Shot\n|move|p1a: Dipplin|Pollen Puff|p1b: Mr. Rime\n|-immune|p1b: Mr. Rime\n|\n|upkeep\n|turn|5\n|inactive|exxcute has 120 seconds left.\n|inactive|Mr Green Tea has 120 seconds left.\n|inactive|exxcute has 90 seconds left.\n|\n|t:|1701041408\n|switch|p1a: Lickilicky|Lickilicky, M, shiny|100\/100\n|move|p2b: Golisopod|First Impression|p1a: Lickilicky\n|-damage|p1a: Lickilicky|58\/100\n|move|p2a: Sinistcha|Shadow Ball|p1b: Mr. Rime\n|-supereffective|p1b: Mr. Rime\n|-damage|p1b: Mr. Rime|38\/100\n|-unboost|p1b: Mr. Rime|spd|1\n|move|p1b: Mr. Rime|Blizzard|p2a: Sinistcha|[spread] p2a,p2b\n|-supereffective|p2a: Sinistcha\n|-resisted|p2b: Golisopod\n|-damage|p2a: Sinistcha|18\/100\n|-damage|p2b: Golisopod|86\/100\n|-enditem|p2a: Sinistcha|Sitrus Berry|[eat]\n|-heal|p2a: Sinistcha|43\/100|[from] item: Sitrus Berry\n|\n|upkeep\n|turn|6\n|inactive|Mr Green Tea has 120 seconds left.\n|inactive|exxcute has 90 seconds left.\n|\n|t:|1701041434\n|switch|p1b: rider|Ledian, F, tera:Ghost|9\/100\n|switch|p2b: Incineroar|Incineroar, F|64\/100\n|-ability|p2b: Incineroar|Intimidate|boost\n|-fail|p1a: Lickilicky|unboost|Attack|[from] ability: Own Tempo|[of] p1a: Lickilicky\n|-unboost|p1b: rider|atk|1\n|move|p2a: Sinistcha|Shadow Ball|p1b: rider\n|-supereffective|p1b: rider\n|-damage|p1b: rider|0 fnt\n|faint|p1b: rider\n|move|p1a: Lickilicky|Explosion|p2a: Sinistcha|[spread] p2b\n|-immune|p2a: Sinistcha\n|-damage|p2b: Incineroar|0 fnt\n|faint|p1a: Lickilicky\n|faint|p2b: Incineroar\n|\n|upkeep\n|\n|t:|1701041456\n|switch|p1b: Mr. Rime|Mr. Rime, M, shiny|38\/100\n|switch|p2b: Ogerpon|Ogerpon-Cornerstone, F|100\/100\n|switch|p1a: Dipplin|Dipplin, M|89\/100\n|turn|7\n|\n|t:|1701041481\n|move|p1b: Mr. Rime|Protect|p1b: Mr. Rime\n|-singleturn|p1b: Mr. Rime|Protect\n|move|p2a: Sinistcha|Rage Powder|p2a: Sinistcha\n|-singleturn|p2a: Sinistcha|move: Rage Powder\n|move|p2b: Ogerpon|Ivy Cudgel|p1b: Mr. Rime|[anim] Ivy Cudgel Rock\n|-activate|p1b: Mr. Rime|move: Protect\n|move|p1a: Dipplin|Pollen Puff|p2a: Sinistcha\n|-damage|p2a: Sinistcha|21\/100\n|\n|upkeep\n|turn|8\n|\n|t:|1701041504\n|switch|p2a: Ninetales|Ninetales-Alola, F|100\/100\n|-weather|Snow|[from] ability: Snow Warning|[of] p2a: Ninetales\n|switch|p1b: Machamp|Machamp, F|64\/100\n|move|p2b: Ogerpon|Horn Leech|p1b: Machamp\n|-damage|p1b: Machamp|30\/100\n|move|p1a: Dipplin|Pollen Puff|p1b: Machamp\n|-heal|p1b: Machamp|80\/100\n|\n|-weather|Snow|[upkeep]\n|-sideend|p1: exxcute|Reflect\n|upkeep\n|turn|9\n|inactive|exxcute has 120 seconds left.\n|\n|t:|1701041534\n|switch|p1a: Mr. Rime|Mr. Rime, M, shiny|38\/100\n|move|p1b: Machamp|Bullet Punch|p2a: Ninetales\n|-supereffective|p2a: Ninetales\n|-damage|p2a: Ninetales|55\/100\n|move|p2b: Ogerpon|Horn Leech|p1b: Machamp\n|-damage|p1b: Machamp|35\/100\n|move|p2a: Ninetales|Moonblast|p1b: Machamp\n|-supereffective|p1b: Machamp\n|-damage|p1b: Machamp|0 fnt\n|faint|p1b: Machamp\n|\n|-weather|Snow|[upkeep]\n|-heal|p1a: Mr. Rime|44\/100|[from] ability: Ice Body\n|upkeep\n|\n|t:|1701041550\n|switch|p1b: Alcremie|Alcremie, F, shiny|100\/100\n|turn|10\n|\n|t:|1701041563\n|-terastallize|p2b: Ogerpon|Rock\n|detailschange|p2b: Ogerpon|Ogerpon-Cornerstone-Tera, F, tera:Rock\n|-ability|p2b: Ogerpon|Embody Aspect (Cornerstone)|boost\n|-boost|p2b: Ogerpon|def|1\n|move|p1a: Mr. Rime|Protect|p1a: Mr. Rime\n|-singleturn|p1a: Mr. Rime|Protect\n|move|p2b: Ogerpon|Swords Dance|p2b: Ogerpon\n|-boost|p2b: Ogerpon|atk|2\n|move|p2a: Ninetales|Aurora Veil|p2a: Ninetales\n|-sidestart|p2: Mr Green Tea|move: Aurora Veil\n|-zpower|p1b: Alcremie\n|move|p1b: Alcremie|Shattered Psyche|p2b: Ogerpon|[zeffect]\n|-damage|p2b: Ogerpon|57\/100\n|\n|-weather|Snow|[upkeep]\n|-heal|p1a: Mr. Rime|50\/100|[from] ability: Ice Body\n|upkeep\n|turn|11\n|inactive|exxcute has 120 seconds left.\n|\n|t:|1701041596\n|switch|p1a: Dipplin|Dipplin, M|89\/100\n|move|p2b: Ogerpon|Horn Leech|p1b: Alcremie\n|-damage|p1b: Alcremie|0 fnt\n|-heal|p2b: Ogerpon|100\/100|[from] drain|[of] p1b: Alcremie\n|faint|p1b: Alcremie\n|move|p2a: Ninetales|Encore||[still]\n|-fail|p2a: Ninetales\n|\n|-weather|Snow|[upkeep]\n|upkeep\n|\n|t:|1701041606\n|switch|p1b: Mr. Rime|Mr. Rime, M, shiny|50\/100\n|turn|12\n|\n|t:|1701041613\n|move|p1b: Mr. Rime|Protect|p1b: Mr. Rime\n|-singleturn|p1b: Mr. Rime|Protect\n|move|p2b: Ogerpon|Ivy Cudgel|p1b: Mr. Rime|[anim] Ivy Cudgel Rock\n|-activate|p1b: Mr. Rime|move: Protect\n|move|p2a: Ninetales|Freeze-Dry|p1a: Dipplin\n|-supereffective|p1a: Dipplin\n|-crit|p1a: Dipplin\n|-damage|p1a: Dipplin|20\/100\n|move|p1a: Dipplin|Pollen Puff|p1b: Mr. Rime\n|-activate|p1b: Mr. Rime|move: Protect\n|\n|-weather|none\n|upkeep\n|turn|13\n|\n|t:|1701041633\n|move|p2b: Ogerpon|Ivy Cudgel|p1b: Mr. Rime|[anim] Ivy Cudgel Rock\n|-supereffective|p1b: Mr. Rime\n|-damage|p1b: Mr. Rime|0 fnt\n|faint|p1b: Mr. Rime\n|move|p2a: Ninetales|Freeze-Dry|p1a: Dipplin\n|-supereffective|p1a: Dipplin\n|-damage|p1a: Dipplin|0 fnt\n|faint|p1a: Dipplin\n|\n|win|Mr Green Tea\n|raw|exxcute's rating: 1130 &rarr; <strong>1109<\/strong><br \/>(-21 for losing)\n|raw|Mr Green Tea's rating: 1189 &rarr; <strong>1210<\/strong><br \/>(+21 for winning)\n|l|\u2606exxcute\n","uploadtime":1701041646,"views":1,"p1id":"exxcute","p2id":"mrgreentea","formatid":"gen9nationaldexdoubles","rating":1109,"private":0,"password":""}