{"id":"gen9nationaldexdoubles-1960237643","p1":"Blonking","p2":"Tempest2110","format":"[Gen 9] National Dex Doubles","log":"|j|\u2606Blonking\n|j|\u2606Tempest2110\n|t:|1696509526\n|gametype|doubles\n|player|p1|Blonking|102|1060\n|player|p2|Tempest2110|flannery|1094\n|teamsize|p1|6\n|teamsize|p2|6\n|gen|9\n|tier|[Gen 9] National Dex Doubles\n|rated|\n|rule|HP Percentage Mod: HP is shown in percentages\n|rule|Endless Battle Clause: Forcing endless battles is banned\n|rule|OHKO Clause: OHKO moves are banned\n|rule|Evasion Moves Clause: Evasion moves are banned\n|rule|Evasion Abilities Clause: Evasion abilities are banned\n|rule|Species Clause: Limit one of each Pok\u00e9mon\n|rule|Gravity Sleep Clause: The combination of sleep-inducing moves with imperfect accuracy and Gravity or Gigantamax Orbeetle are banned\n|clearpoke\n|poke|p1|Gardevoir, M|\n|poke|p1|Indeedee-F, F|\n|poke|p1|Dudunsparce-*, M|\n|poke|p1|Maushold|\n|poke|p1|Alcremie, F|\n|poke|p1|Alakazam, M|\n|poke|p2|Electivire, M|\n|poke|p2|Dragonite, M|\n|poke|p2|Glimmora, M|\n|poke|p2|Flutter Mane|\n|poke|p2|Torkoal, F|\n|poke|p2|Ursaluna, M|\n|teampreview\n|inactive|Battle timer is ON: inactive players will automatically lose when time's up. (requested by Blonking)\n|\n|t:|1696509535\n|start\n|switch|p1a: Maushold|Maushold|100\/100\n|switch|p1b: Dudunsparce|Dudunsparce, M|100\/100\n|switch|p2a: Gem|Glimmora, M|100\/100\n|switch|p2b: Torkoal|Torkoal, F|100\/100\n|-weather|SunnyDay|[from] ability: Drought|[of] p2b: Torkoal\n|turn|1\n|\n|t:|1696509546\n|-terastallize|p1b: Dudunsparce|Ghost\n|move|p1a: Maushold|Beat Up|p1b: Dudunsparce\n|-supereffective|p1b: Dudunsparce\n|-damage|p1b: Dudunsparce|98\/100\n|-ability|p1b: Dudunsparce|Rattled|boost\n|-boost|p1b: Dudunsparce|spe|1\n|-enditem|p1b: Dudunsparce|Weakness Policy\n|-boost|p1b: Dudunsparce|atk|2|[from] item: Weakness Policy\n|-boost|p1b: Dudunsparce|spa|2|[from] item: Weakness Policy\n|-supereffective|p1b: Dudunsparce\n|-damage|p1b: Dudunsparce|94\/100\n|-ability|p1b: Dudunsparce|Rattled|boost\n|-boost|p1b: Dudunsparce|spe|1\n|-supereffective|p1b: Dudunsparce\n|-damage|p1b: Dudunsparce|91\/100\n|-ability|p1b: Dudunsparce|Rattled|boost\n|-boost|p1b: Dudunsparce|spe|1\n|-supereffective|p1b: Dudunsparce\n|-damage|p1b: Dudunsparce|89\/100\n|-ability|p1b: Dudunsparce|Rattled|boost\n|-boost|p1b: Dudunsparce|spe|1\n|-supereffective|p1b: Dudunsparce\n|-damage|p1b: Dudunsparce|86\/100\n|-ability|p1b: Dudunsparce|Rattled|boost\n|-boost|p1b: Dudunsparce|spe|1\n|-supereffective|p1b: Dudunsparce\n|-damage|p1b: Dudunsparce|83\/100\n|-ability|p1b: Dudunsparce|Rattled|boost\n|-boost|p1b: Dudunsparce|spe|1\n|-hitcount|p1b: Dudunsparce|6\n|move|p1b: Dudunsparce|Baton Pass|p1b: Dudunsparce\n|\n|t:|1696509554\n|switch|p1b: Gardevoir|Gardevoir, M|100\/100|[from] Baton Pass\n|move|p2a: Gem|Toxic|p1a: Maushold\n|-status|p1a: Maushold|tox\n|move|p2b: Torkoal|Clear Smog|p1a: Maushold\n|-crit|p1a: Maushold\n|-damage|p1a: Maushold|81\/100 tox\n|-clearboost|p1a: Maushold\n|\n|-weather|SunnyDay|[upkeep]\n|-damage|p1a: Maushold|75\/100 tox|[from] psn\n|upkeep\n|turn|2\n|c|\u2606Blonking|Misclick\n|c|\u2606Blonking|?\n|inactive|Blonking has 120 seconds left.\n|\n|t:|1696509584\n|switch|p1a: Indeedee|Indeedee-F, F|100\/100\n|-fieldstart|move: Psychic Terrain|[from] ability: Psychic Surge|[of] p1a: Indeedee\n|move|p1b: Gardevoir|Protect|p1b: Gardevoir\n|-singleturn|p1b: Gardevoir|Protect\n|move|p2a: Gem|Stealth Rock|p1b: Gardevoir\n|-sidestart|p1: Blonking|move: Stealth Rock\n|move|p2b: Torkoal|Clear Smog|p1b: Gardevoir\n|-activate|p1b: Gardevoir|move: Protect\n|\n|-weather|SunnyDay|[upkeep]\n|upkeep\n|turn|3\n|\n|t:|1696509598\n|detailschange|p1b: Gardevoir|Gardevoir-Mega, M\n|-mega|p1b: Gardevoir|Gardevoir|Gardevoirite\n|move|p1a: Indeedee|Helping Hand|p1b: Gardevoir\n|-singleturn|p1b: Gardevoir|Helping Hand|[of] p1a: Indeedee\n|move|p1b: Gardevoir|Expanding Force|p2b: Torkoal|[spread] p2a,p2b\n|-supereffective|p2a: Gem\n|-damage|p2a: Gem|0 fnt\n|-damage|p2b: Torkoal|0 fnt\n|faint|p2a: Gem\n|faint|p2b: Torkoal\n|\n|-weather|SunnyDay|[upkeep]\n|upkeep\n|c|\u2606Blonking|Lol\n|\n|t:|1696509609\n|switch|p2a: Generator|Electivire, M|100\/100\n|switch|p2b: Draco|Dragonite, M|100\/100\n|turn|4\n|\n|t:|1696509618\n|-terastallize|p2b: Draco|Normal\n|move|p1a: Indeedee|Helping Hand|p1b: Gardevoir\n|-singleturn|p1b: Gardevoir|Helping Hand|[of] p1a: Indeedee\n|move|p2b: Draco|Extreme Speed|p1b: Gardevoir\n|-activate|p1b: Gardevoir|move: Psychic Terrain\n|move|p1b: Gardevoir|Expanding Force|p2b: Draco|[spread] p2a,p2b\n|-damage|p2a: Generator|0 fnt\n|-damage|p2b: Draco|0 fnt\n|faint|p2a: Generator\n|faint|p2b: Draco\n|\n|-weather|SunnyDay|[upkeep]\n|upkeep\n|c|\u2606Blonking|You forgot?\n|\n|t:|1696509630\n|switch|p2b: Freddy Quad|Ursaluna, M|100\/100\n|switch|p2a: Flutterby|Flutter Mane|100\/100\n|-activate|p2a: Flutterby|ability: Protosynthesis\n|-start|p2a: Flutterby|protosynthesisspe\n|turn|5\n|c|\u2606Blonking|Yeet\n|\n|t:|1696509652\n|move|p1a: Indeedee|Helping Hand|p1b: Gardevoir\n|-singleturn|p1b: Gardevoir|Helping Hand|[of] p1a: Indeedee\n|move|p1b: Gardevoir|Expanding Force|p2b: Freddy Quad|[spread] p2a,p2b\n|-damage|p2a: Flutterby|0 fnt\n|-damage|p2b: Freddy Quad|0 fnt\n|faint|p2a: Flutterby\n|-end|p2a: Flutterby|Protosynthesis|[silent]\n|faint|p2b: Freddy Quad\n|\n|win|Blonking\n|raw|Blonking's rating: 1116 &rarr; <strong>1139<\/strong><br \/>(+23 for winning)\n|raw|Tempest2110's rating: 1094 &rarr; <strong>1071<\/strong><br \/>(-23 for losing)\n|l|\u2606Tempest2110\n","uploadtime":1696509663,"views":11,"p1id":"blonking","p2id":"tempest2110","formatid":"gen9nationaldexdoubles","rating":1071,"private":0,"password":""}