{"id":"gen9nationaldexdoubles-1954560639","p1":"zaylay","p2":"Jen eidh","format":"[Gen 9] National Dex Doubles","log":"|j|\u2606zaylay\n|j|\u2606Jen eidh\n|t:|1695908762\n|gametype|doubles\n|player|p1|zaylay|102|1125\n|player|p2|Jen eidh|lucas|1050\n|teamsize|p1|6\n|teamsize|p2|6\n|gen|9\n|tier|[Gen 9] National Dex Doubles\n|rated|\n|rule|HP Percentage Mod: HP is shown in percentages\n|rule|Endless Battle Clause: Forcing endless battles is banned\n|rule|OHKO Clause: OHKO moves are banned\n|rule|Evasion Moves Clause: Evasion moves are banned\n|rule|Evasion Abilities Clause: Evasion abilities are banned\n|rule|Species Clause: Limit one of each Pok\u00e9mon\n|rule|Gravity Sleep Clause: The combination of sleep-inducing moves with imperfect accuracy and Gravity or Gigantamax Orbeetle are banned\n|clearpoke\n|poke|p1|Lucario, F|\n|poke|p1|Sinistcha-Masterpiece|\n|poke|p1|Ambipom, M|\n|poke|p1|Charizard, F|\n|poke|p1|Heatran, M|\n|poke|p1|Orthworm, F|\n|poke|p2|Blastoise, M|\n|poke|p2|Clefable, F|\n|poke|p2|Indeedee-F, F|\n|poke|p2|Mr. Mime, M|\n|poke|p2|Glastrier|\n|poke|p2|Oranguru, F|\n|teampreview\n|inactive|Battle timer is ON: inactive players will automatically lose when time's up. (requested by Jen eidh)\n|\n|t:|1695908780\n|start\n|switch|p1a: Charizard|Charizard, F|100\/100\n|switch|p1b: Lucario|Lucario, F|100\/100\n|switch|p2a: Glastrier|Glastrier|100\/100\n|switch|p2b: Indeedee|Indeedee-F, F|100\/100\n|-fieldstart|move: Psychic Terrain|[from] ability: Psychic Surge|[of] p2b: Indeedee\n|turn|1\n|\n|t:|1695908793\n|move|p2a: Glastrier|Protect|p2a: Glastrier\n|-singleturn|p2a: Glastrier|Protect\n|move|p1b: Lucario|Drain Punch|p2a: Glastrier\n|-activate|p2a: Glastrier|move: Protect\n|move|p1a: Charizard|Beat Up|p1b: Lucario\n|-resisted|p1b: Lucario\n|-damage|p1b: Lucario|97\/100\n|-ability|p1b: Lucario|Justified|boost\n|-boost|p1b: Lucario|atk|1\n|-resisted|p1b: Lucario\n|-damage|p1b: Lucario|94\/100\n|-ability|p1b: Lucario|Justified|boost\n|-boost|p1b: Lucario|atk|1\n|-resisted|p1b: Lucario\n|-damage|p1b: Lucario|91\/100\n|-ability|p1b: Lucario|Justified|boost\n|-boost|p1b: Lucario|atk|1\n|-resisted|p1b: Lucario\n|-damage|p1b: Lucario|88\/100\n|-ability|p1b: Lucario|Justified|boost\n|-boost|p1b: Lucario|atk|1\n|-resisted|p1b: Lucario\n|-damage|p1b: Lucario|84\/100\n|-ability|p1b: Lucario|Justified|boost\n|-boost|p1b: Lucario|atk|1\n|-resisted|p1b: Lucario\n|-damage|p1b: Lucario|82\/100\n|-ability|p1b: Lucario|Justified|boost\n|-boost|p1b: Lucario|atk|1\n|-hitcount|p1b: Lucario|6\n|move|p2b: Indeedee|Trick Room|p2b: Indeedee\n|-fieldstart|move: Trick Room|[of] p2b: Indeedee\n|\n|upkeep\n|turn|2\n|\n|t:|1695908813\n|detailschange|p1b: Lucario|Lucario-Mega, F\n|-mega|p1b: Lucario|Lucario|Lucarionite\n|-terastallize|p2a: Glastrier|Ice\n|move|p2b: Indeedee|Follow Me|p2b: Indeedee\n|-singleturn|p2b: Indeedee|move: Follow Me\n|move|p2a: Glastrier|Icicle Spear|p1a: Charizard\n|-damage|p1a: Charizard|70\/100\n|-damage|p1a: Charizard|39\/100\n|-damage|p1a: Charizard|6\/100\n|-damage|p1a: Charizard|0 fnt\n|faint|p1a: Charizard\n|-ability|p2a: Glastrier|Chilling Neigh|boost\n|-boost|p2a: Glastrier|atk|1\n|-hitcount|p1: Charizard|4\n|move|p1b: Lucario|Shadow Claw|p2b: Indeedee\n|-immune|p2b: Indeedee\n|\n|upkeep\n|c|\u2606zaylay|i always lose to trick room teams\n|c|\u2606zaylay|rough turn\n|inactive|zaylay has 120 seconds left.\n|\n|t:|1695908841\n|switch|p1a: Orthworm|Orthworm, F|100\/100\n|turn|3\n|\n|t:|1695908859\n|move|p2b: Indeedee|Follow Me|p2b: Indeedee\n|-singleturn|p2b: Indeedee|move: Follow Me\n|move|p2a: Glastrier|Stomping Tantrum|p1b: Lucario\n|-supereffective|p1b: Lucario\n|-damage|p1b: Lucario|0 fnt\n|faint|p1b: Lucario\n|-ability|p2a: Glastrier|Chilling Neigh|boost\n|-boost|p2a: Glastrier|atk|1\n|move|p1a: Orthworm|Body Press|p2b: Indeedee\n|-damage|p2b: Indeedee|76\/100\n|\n|upkeep\n|\n|t:|1695908869\n|switch|p1b: Sinistcha|Sinistcha-Masterpiece|100\/100\n|turn|4\n|\n|t:|1695908877\n|move|p2b: Indeedee|Follow Me|p2b: Indeedee\n|-singleturn|p2b: Indeedee|move: Follow Me\n|move|p1b: Sinistcha|Rage Powder|p1b: Sinistcha\n|-singleturn|p1b: Sinistcha|move: Rage Powder\n|move|p2a: Glastrier|Icicle Spear|p1b: Sinistcha\n|-supereffective|p1b: Sinistcha\n|-damage|p1b: Sinistcha|22\/100\n|-supereffective|p1b: Sinistcha\n|-damage|p1b: Sinistcha|0 fnt\n|faint|p1b: Sinistcha\n|-ability|p2a: Glastrier|Chilling Neigh|boost\n|-boost|p2a: Glastrier|atk|1\n|-hitcount|p1: Sinistcha|2\n|move|p1a: Orthworm|Heavy Slam|p2b: Indeedee\n|-damage|p2b: Indeedee|44\/100\n|\n|upkeep\n|\n|t:|1695908884\n|switch|p1b: Ambipom|Ambipom, M|100\/100\n|turn|5\n|\n|t:|1695908897\n|move|p2b: Indeedee|Follow Me|p2b: Indeedee\n|-singleturn|p2b: Indeedee|move: Follow Me\n|move|p2a: Glastrier|Icicle Spear|p1b: Ambipom\n|-damage|p1b: Ambipom|15\/100\n|-damage|p1b: Ambipom|0 fnt\n|faint|p1b: Ambipom\n|-ability|p2a: Glastrier|Chilling Neigh|boost\n|-boost|p2a: Glastrier|atk|1\n|-hitcount|p1: Ambipom|2\n|move|p1a: Orthworm|Iron Defense|p1a: Orthworm\n|-boost|p1a: Orthworm|def|2\n|\n|-fieldend|move: Trick Room\n|-fieldend|move: Psychic Terrain\n|upkeep\n|\n|t:|1695908905\n|switch|p1b: Heatran|Heatran, M|100\/100\n|turn|6\n|\n|t:|1695908925\n|move|p2a: Glastrier|Protect|p2a: Glastrier\n|-singleturn|p2a: Glastrier|Protect\n|move|p1b: Heatran|Eruption|p2b: Indeedee|[spread] p2b\n|-activate|p2a: Glastrier|move: Protect\n|-damage|p2b: Indeedee|0 fnt\n|faint|p2b: Indeedee\n|move|p1a: Orthworm|Body Press|p2a: Glastrier\n|-activate|p2a: Glastrier|move: Protect\n|\n|upkeep\n|c|\u2606zaylay|gg\n|c|\u2606zaylay|wait\n|inactive|Jen eidh has 120 seconds left.\n|\n|t:|1695908948\n|switch|p2b: Mr. Mime|Mr. Mime, M|100\/100\n|turn|7\n|c|\u2606zaylay|do you have 3 trick roomers?\n|\n|t:|1695908957\n|move|p2b: Mr. Mime|Wide Guard|p2b: Mr. Mime\n|-singleturn|p2b: Mr. Mime|Wide Guard\n|move|p1b: Heatran|Eruption|p2b: Mr. Mime|[spread] \n|-activate|p2a: Glastrier|move: Wide Guard\n|-activate|p2b: Mr. Mime|move: Wide Guard\n|move|p1a: Orthworm|Heavy Slam|p2b: Mr. Mime\n|-supereffective|p2b: Mr. Mime\n|-damage|p2b: Mr. Mime|17\/100\n|move|p2a: Glastrier|Stomping Tantrum|p1b: Heatran\n|-supereffective|p1b: Heatran\n|-damage|p1b: Heatran|0 fnt\n|faint|p1b: Heatran\n|-ability|p2a: Glastrier|Chilling Neigh|boost\n|-boost|p2a: Glastrier|atk|1\n|\n|upkeep\n|turn|8\n|\n|t:|1695908974\n|move|p2b: Mr. Mime|Follow Me|p2b: Mr. Mime\n|-singleturn|p2b: Mr. Mime|move: Follow Me\n|move|p1a: Orthworm|Body Press|p2b: Mr. Mime\n|-resisted|p2b: Mr. Mime\n|-damage|p2b: Mr. Mime|4\/100\n|move|p2a: Glastrier|Icicle Spear|p1a: Orthworm\n|-resisted|p1a: Orthworm\n|-damage|p1a: Orthworm|87\/100\n|-resisted|p1a: Orthworm\n|-damage|p1a: Orthworm|74\/100\n|-resisted|p1a: Orthworm\n|-damage|p1a: Orthworm|61\/100\n|-resisted|p1a: Orthworm\n|-damage|p1a: Orthworm|47\/100\n|-hitcount|p1a: Orthworm|4\n|\n|-heal|p1a: Orthworm|53\/100|[from] item: Leftovers\n|upkeep\n|turn|9\n|\n|t:|1695908996\n|move|p2b: Mr. Mime|Follow Me|p2b: Mr. Mime\n|-singleturn|p2b: Mr. Mime|move: Follow Me\n|move|p1a: Orthworm|Body Press|p2b: Mr. Mime\n|-resisted|p2b: Mr. Mime\n|-damage|p2b: Mr. Mime|0 fnt\n|faint|p2b: Mr. Mime\n|move|p2a: Glastrier|Icicle Spear|p1a: Orthworm\n|-resisted|p1a: Orthworm\n|-damage|p1a: Orthworm|40\/100\n|-resisted|p1a: Orthworm\n|-damage|p1a: Orthworm|26\/100\n|-resisted|p1a: Orthworm\n|-damage|p1a: Orthworm|14\/100\n|-resisted|p1a: Orthworm\n|-damage|p1a: Orthworm|0 fnt\n|faint|p1a: Orthworm\n|-hitcount|p1: Orthworm|4\n|\n|win|Jen eidh\n|raw|zaylay's rating: 1125 &rarr; <strong>1095<\/strong><br \/>(-30 for losing)\n|raw|Jen eidh's rating: 1050 &rarr; <strong>1089<\/strong><br \/>(+39 for winning)\n|l|\u2606zaylay\n","uploadtime":1695909014,"views":15,"p1id":"zaylay","p2id":"jeneidh","formatid":"gen9nationaldexdoubles","rating":1089,"private":0,"password":""}