{"id":"gen9nationaldexdoubles-1987123009","p1":"the maraculous","p2":"Ch4mpionDiantha","format":"[Gen 9] National Dex Doubles","log":"|j|\u2606the maraculous\n|j|\u2606Ch4mpionDiantha\n|t:|1699557942\n|gametype|doubles\n|player|p1|the maraculous|dragontamer|1305\n|player|p2|Ch4mpionDiantha|leaf-masters|1177\n|teamsize|p1|6\n|teamsize|p2|6\n|gen|9\n|tier|[Gen 9] National Dex Doubles\n|rated|\n|rule|HP Percentage Mod: HP is shown in percentages\n|rule|Endless Battle Clause: Forcing endless battles is banned\n|rule|OHKO Clause: OHKO moves are banned\n|rule|Evasion Moves Clause: Evasion moves are banned\n|rule|Evasion Abilities Clause: Evasion abilities are banned\n|rule|Species Clause: Limit one of each Pok\u00e9mon\n|rule|Gravity Sleep Clause: The combination of sleep-inducing moves with imperfect accuracy and Gravity or Gigantamax Orbeetle are banned\n|clearpoke\n|poke|p1|Xurkitree|\n|poke|p1|Iron Valiant|\n|poke|p1|Chandelure, F|\n|poke|p1|Landorus-Therian, M|\n|poke|p1|Kartana|\n|poke|p1|Farigiraf, F|\n|poke|p2|Hawlucha, M|\n|poke|p2|Tyrantrum, M|\n|poke|p2|Aurorus, M|\n|poke|p2|Gourgeist-*, M|\n|poke|p2|Goodra, M|\n|poke|p2|Gardevoir, M|\n|teampreview\n|\n|t:|1699557960\n|start\n|switch|p1a: Iron Valiant|Iron Valiant|100\/100\n|switch|p1b: Xurkitree|Xurkitree|100\/100\n|switch|p2a: Hawlucha|Hawlucha, M|100\/100\n|switch|p2b: Tyrantrum|Tyrantrum, M|100\/100\n|turn|1\n|\n|t:|1699557970\n|move|p2b: Tyrantrum|Endure|p2b: Tyrantrum\n|-singleturn|p2b: Tyrantrum|move: Endure\n|move|p2a: Hawlucha|Entrainment|p2b: Tyrantrum\n|-endability|p2b: Tyrantrum|Rock Head|[from] move: Entrainment\n|-ability|p2b: Tyrantrum|Unburden|[from] move: Entrainment\n|move|p1a: Iron Valiant|Moonblast|p2b: Tyrantrum\n|-supereffective|p2b: Tyrantrum\n|-activate|p2b: Tyrantrum|move: Endure\n|-damage|p2b: Tyrantrum|1\/100\n|-enditem|p2b: Tyrantrum|Weakness Policy\n|-boost|p2b: Tyrantrum|atk|2|[from] item: Weakness Policy\n|-boost|p2b: Tyrantrum|spa|2|[from] item: Weakness Policy\n|-damage|p1a: Iron Valiant|91\/100|[from] item: Life Orb\n|-zpower|p1b: Xurkitree\n|move|p1b: Xurkitree|Z-Electric Terrain|p1b: Xurkitree|[anim]Electric Terrain\n|-boost|p1b: Xurkitree|spe|1|[zeffect]\n|-fieldstart|move: Electric Terrain\n|-activate|p1a: Iron Valiant|ability: Quark Drive\n|-start|p1a: Iron Valiant|quarkdrivespe\n|\n|upkeep\n|turn|2\n|\n|t:|1699558013\n|move|p1a: Iron Valiant|Wide Guard|p1a: Iron Valiant\n|-singleturn|p1a: Iron Valiant|Wide Guard\n|move|p2b: Tyrantrum|High Horsepower|p1a: Iron Valiant\n|-damage|p1a: Iron Valiant|0 fnt\n|faint|p1a: Iron Valiant\n|-end|p1a: Iron Valiant|Quark Drive|[silent]\n|move|p1b: Xurkitree|Dazzling Gleam|p2b: Tyrantrum|[spread] p2a,p2b\n|-supereffective|p2a: Hawlucha\n|-supereffective|p2b: Tyrantrum\n|-damage|p2a: Hawlucha|20\/100\n|-damage|p2b: Tyrantrum|0 fnt\n|faint|p2b: Tyrantrum\n|-ability|p1b: Xurkitree|Beast Boost|boost\n|-boost|p1b: Xurkitree|spa|1\n|move|p2a: Hawlucha|Endeavor|p1b: Xurkitree\n|-damage|p1b: Xurkitree|23\/100\n|\n|upkeep\n|\n|t:|1699558038\n|switch|p1a: Kartana|Kartana|100\/100\n|switch|p2b: Gourgeist|Gourgeist-Super, M|100\/100\n|turn|3\n|\n|t:|1699558054\n|switch|p1a: Farigiraf|Farigiraf, F|100\/100\n|move|p1b: Xurkitree|Dazzling Gleam|p2b: Gourgeist|[spread] p2a,p2b\n|-supereffective|p2a: Hawlucha\n|-damage|p2a: Hawlucha|0 fnt\n|-damage|p2b: Gourgeist|54\/100\n|faint|p2a: Hawlucha\n|-ability|p1b: Xurkitree|Beast Boost|boost\n|-boost|p1b: Xurkitree|spa|1\n|move|p2b: Gourgeist|Trick Room|p2b: Gourgeist\n|-fieldstart|move: Trick Room|[of] p2b: Gourgeist\n|-enditem|p2b: Gourgeist|Room Service\n|-unboost|p2b: Gourgeist|spe|1|[from] item: Room Service\n|\n|upkeep\n|\n|t:|1699558057\n|switch|p2a: Aurorus|Aurorus, M|100\/100\n|turn|4\n|\n|t:|1699558070\n|move|p2b: Gourgeist|Ally Switch|p2b: Gourgeist\n|swap|p2b: Gourgeist|0|[from] move: Ally Switch\n|move|p2b: Aurorus|Meteor Beam||[still]\n|-prepare|p2b: Aurorus|Meteor Beam\n|-boost|p2b: Aurorus|spa|1\n|-enditem|p2b: Aurorus|Power Herb\n|-anim|p2b: Aurorus|Meteor Beam|p1b: Xurkitree\n|-damage|p1b: Xurkitree|0 fnt\n|faint|p1b: Xurkitree\n|move|p1a: Farigiraf|Nasty Plot|p1a: Farigiraf\n|-boost|p1a: Farigiraf|spa|2\n|\n|-item|p2a: Gourgeist|Power Herb|[from] ability: Pickup\n|upkeep\n|\n|t:|1699558081\n|switch|p1b: Kartana|Kartana|100\/100\n|turn|5\n|\n|t:|1699558099\n|move|p2a: Gourgeist|Round|p1b: Kartana\n|-resisted|p1b: Kartana\n|-damage|p1b: Kartana|87\/100\n|move|p2b: Aurorus|Round|p1b: Kartana|[from]move: Round\n|-damage|p1b: Kartana|0 fnt\n|faint|p1b: Kartana\n|move|p1a: Farigiraf|Dazzling Gleam|p2a: Gourgeist|[spread] p2a,p2b\n|-damage|p2a: Gourgeist|11\/100\n|-damage|p2b: Aurorus|70\/100\n|\n|-fieldend|move: Electric Terrain\n|upkeep\n|\n|t:|1699558113\n|switch|p1b: Chandelure|Chandelure, F|100\/100\n|-item|p1b: Chandelure|Air Balloon\n|turn|6\n|\n|t:|1699558122\n|-terastallize|p1b: Chandelure|Ghost\n|move|p2a: Gourgeist|Trick|p2b: Aurorus\n|-activate|p2a: Gourgeist|move: Trick|[of] p2b: Aurorus\n|-item|p2b: Aurorus|Power Herb|[from] move: Trick\n|-enditem|p2a: Gourgeist|Power Herb|[silent]|[from] move: Trick\n|move|p2b: Aurorus|Meteor Beam||[still]\n|-prepare|p2b: Aurorus|Meteor Beam\n|-boost|p2b: Aurorus|spa|1\n|-enditem|p2b: Aurorus|Power Herb\n|-anim|p2b: Aurorus|Meteor Beam|p1b: Chandelure\n|-damage|p1b: Chandelure|0 fnt\n|-enditem|p1b: Chandelure|Air Balloon\n|faint|p1b: Chandelure\n|move|p1a: Farigiraf|Dazzling Gleam|p2b: Aurorus|[spread] p2a,p2b\n|-damage|p2a: Gourgeist|0 fnt\n|-damage|p2b: Aurorus|40\/100\n|faint|p2a: Gourgeist\n|\n|upkeep\n|\n|t:|1699558135\n|switch|p2a: Gardevoir|Gardevoir, M|100\/100\n|switch|p1b: Landorus|Landorus-Therian, M|100\/100\n|-ability|p1b: Landorus|Intimidate|boost\n|-unboost|p2a: Gardevoir|atk|1\n|-unboost|p2b: Aurorus|atk|1\n|-ability|p2a: Gardevoir|Intimidate|boost\n|-unboost|p1a: Farigiraf|atk|1\n|-unboost|p1b: Landorus|atk|1\n|-ability|p2a: Gardevoir|Intimidate|[from] ability: Trace|[of] p1b: Landorus\n|turn|7\n|\n|t:|1699558147\n|detailschange|p2a: Gardevoir|Gardevoir-Mega, M\n|-mega|p2a: Gardevoir|Gardevoir|Gardevoirite\n|move|p2b: Aurorus|Round|p1b: Landorus\n|-supereffective|p1b: Landorus\n|-damage|p1b: Landorus|0 fnt\n|faint|p1b: Landorus\n|move|p2a: Gardevoir|Round|p1a: Farigiraf|[from]move: Round\n|-damage|p1a: Farigiraf|7\/100\n|move|p1a: Farigiraf|Hyper Voice|p2a: Gardevoir|[spread] p2a,p2b\n|-resisted|p2b: Aurorus\n|-damage|p2a: Gardevoir|38\/100\n|-damage|p2b: Aurorus|11\/100\n|\n|-heal|p1a: Farigiraf|13\/100|[from] item: Leftovers\n|-fieldend|move: Trick Room\n|upkeep\n|turn|8\n|-message|the maraculous forfeited.\n|\n|win|Ch4mpionDiantha\n|raw|the maraculous's rating: 1305 &rarr; <strong>1278<\/strong><br \/>(-27 for losing)\n|raw|Ch4mpionDiantha's rating: 1177 &rarr; <strong>1211<\/strong><br \/>(+34 for winning)\n|l|\u2606the maraculous\n","uploadtime":1699558158,"views":20,"p1id":"themaraculous","p2id":"ch4mpiondiantha","formatid":"gen9nationaldexdoubles","rating":1211,"private":0,"password":""}