{"id":"gen9nationaldexdoubles-1971706262","p1":"winlike","p2":"Yu hung lo","format":"[Gen 9] National Dex Doubles","log":"|j|\u2606winlike\n|j|\u2606Yu hung lo\n|t:|1697763208\n|gametype|doubles\n|player|p1|winlike|red-masters|1569\n|player|p2|Yu hung lo|janitor|1500\n|teamsize|p1|6\n|teamsize|p2|6\n|gen|9\n|tier|[Gen 9] National Dex Doubles\n|rated|\n|rule|HP Percentage Mod: HP is shown in percentages\n|rule|Endless Battle Clause: Forcing endless battles is banned\n|rule|OHKO Clause: OHKO moves are banned\n|rule|Evasion Moves Clause: Evasion moves are banned\n|rule|Evasion Abilities Clause: Evasion abilities are banned\n|rule|Species Clause: Limit one of each Pok\u00e9mon\n|rule|Gravity Sleep Clause: The combination of sleep-inducing moves with imperfect accuracy and Gravity or Gigantamax Orbeetle are banned\n|clearpoke\n|poke|p1|Chien-Pao|\n|poke|p1|Dragonite, F|\n|poke|p1|Charizard, M|\n|poke|p1|Regieleki|\n|poke|p1|Amoonguss, M|\n|poke|p1|Heatran, M|\n|poke|p2|Mawile, M|\n|poke|p2|Grimmsnarl, M|\n|poke|p2|Incineroar, F|\n|poke|p2|Rillaboom, M|\n|poke|p2|Blastoise, F|\n|poke|p2|Dragapult, F|\n|teampreview\n|inactive|Battle timer is ON: inactive players will automatically lose when time's up. (requested by Yu hung lo)\n|\n|t:|1697763238\n|start\n|switch|p1a: \u6d1b\u6749\u77f6\u6700\u5f3a|Amoonguss, M, shiny|100\/100\n|switch|p1b: \u8d85\u514b\u7684\u5e2d\u591a\u84dd\u6069|Heatran, M|100\/100\n|switch|p2a: Grimmsnarl|Grimmsnarl, M|100\/100\n|switch|p2b: Incineroar|Incineroar, F|100\/100\n|-ability|p2b: Incineroar|Intimidate|boost\n|-unboost|p1a: \u6d1b\u6749\u77f6\u6700\u5f3a|atk|1\n|-unboost|p1b: \u8d85\u514b\u7684\u5e2d\u591a\u84dd\u6069|atk|1\n|turn|1\n|\n|t:|1697763244\n|move|p2b: Incineroar|Fake Out|p1a: \u6d1b\u6749\u77f6\u6700\u5f3a\n|-damage|p1a: \u6d1b\u6749\u77f6\u6700\u5f3a|89\/100\n|move|p2a: Grimmsnarl|Light Screen|p2a: Grimmsnarl\n|-sidestart|p2: Yu hung lo|move: Light Screen\n|move|p1b: \u8d85\u514b\u7684\u5e2d\u591a\u84dd\u6069|Flash Cannon|p2a: Grimmsnarl\n|-supereffective|p2a: Grimmsnarl\n|-damage|p2a: Grimmsnarl|41\/100\n|cant|p1a: \u6d1b\u6749\u77f6\u6700\u5f3a|flinch\n|\n|upkeep\n|turn|2\n|\n|t:|1697763258\n|move|p2a: Grimmsnarl|Parting Shot|p1b: \u8d85\u514b\u7684\u5e2d\u591a\u84dd\u6069\n|-unboost|p1b: \u8d85\u514b\u7684\u5e2d\u591a\u84dd\u6069|atk|1\n|-unboost|p1b: \u8d85\u514b\u7684\u5e2d\u591a\u84dd\u6069|spa|1\n|\n|t:|1697763273\n|switch|p2a: Rillaboom|Rillaboom, M|100\/100|[from] Parting Shot\n|-fieldstart|move: Grassy Terrain|[from] ability: Grassy Surge|[of] p2a: Rillaboom\n|move|p1b: \u8d85\u514b\u7684\u5e2d\u591a\u84dd\u6069|Flash Cannon|p2a: Rillaboom\n|-damage|p2a: Rillaboom|88\/100\n|move|p2b: Incineroar|Snarl|p1b: \u8d85\u514b\u7684\u5e2d\u591a\u84dd\u6069|[spread] p1a,p1b\n|-damage|p1a: \u6d1b\u6749\u77f6\u6700\u5f3a|83\/100\n|-damage|p1b: \u8d85\u514b\u7684\u5e2d\u591a\u84dd\u6069|94\/100\n|-unboost|p1a: \u6d1b\u6749\u77f6\u6700\u5f3a|spa|1\n|-unboost|p1b: \u8d85\u514b\u7684\u5e2d\u591a\u84dd\u6069|spa|1\n|move|p1a: \u6d1b\u6749\u77f6\u6700\u5f3a|Spore|p2b: Incineroar\n|-activate|p2b: Incineroar|item: Safety Goggles|Spore\n|\n|-heal|p2a: Rillaboom|94\/100|[from] Grassy Terrain\n|-heal|p1b: \u8d85\u514b\u7684\u5e2d\u591a\u84dd\u6069|99\/100|[from] Grassy Terrain\n|-heal|p1a: \u6d1b\u6749\u77f6\u6700\u5f3a|89\/100|[from] Grassy Terrain\n|upkeep\n|turn|3\n|\n|t:|1697763295\n|switch|p2a: Blastoise|Blastoise, F|100\/100\n|switch|p1b: \u6c34\u6676\u5854\u7684\u5e1d\u738b|Charizard, M, shiny|100\/100\n|move|p1a: \u6d1b\u6749\u77f6\u6700\u5f3a|Protect|p1a: \u6d1b\u6749\u77f6\u6700\u5f3a\n|-singleturn|p1a: \u6d1b\u6749\u77f6\u6700\u5f3a|Protect\n|move|p2b: Incineroar|Flare Blitz|p1a: \u6d1b\u6749\u77f6\u6700\u5f3a\n|-activate|p1a: \u6d1b\u6749\u77f6\u6700\u5f3a|move: Protect\n|\n|-heal|p1a: \u6d1b\u6749\u77f6\u6700\u5f3a|95\/100|[from] Grassy Terrain\n|upkeep\n|turn|4\n|\n|t:|1697763320\n|switch|p2a: Rillaboom|Rillaboom, M|94\/100\n|switch|p1a: \u8d85\u514b\u7684\u5e2d\u591a\u84dd\u6069|Heatran, M|99\/100\n|detailschange|p1b: \u6c34\u6676\u5854\u7684\u5e1d\u738b|Charizard-Mega-Y, M, shiny\n|-mega|p1b: \u6c34\u6676\u5854\u7684\u5e1d\u738b|Charizard|Charizardite Y\n|-weather|SunnyDay|[from] ability: Drought|[of] p1b: \u6c34\u6676\u5854\u7684\u5e1d\u738b\n|move|p1b: \u6c34\u6676\u5854\u7684\u5e1d\u738b|Heat Wave|p2a: Rillaboom|[spread] p2a,p2b\n|-supereffective|p2a: Rillaboom\n|-resisted|p2b: Incineroar\n|-damage|p2a: Rillaboom|43\/100\n|-damage|p2b: Incineroar|85\/100\n|move|p2b: Incineroar|Snarl|p1a: \u8d85\u514b\u7684\u5e2d\u591a\u84dd\u6069|[spread] p1a,p1b\n|-damage|p1a: \u8d85\u514b\u7684\u5e2d\u591a\u84dd\u6069|95\/100\n|-damage|p1b: \u6c34\u6676\u5854\u7684\u5e1d\u738b|89\/100\n|-unboost|p1a: \u8d85\u514b\u7684\u5e2d\u591a\u84dd\u6069|spa|1\n|-unboost|p1b: \u6c34\u6676\u5854\u7684\u5e1d\u738b|spa|1\n|\n|-weather|SunnyDay|[upkeep]\n|-heal|p2a: Rillaboom|49\/100|[from] Grassy Terrain\n|-heal|p1a: \u8d85\u514b\u7684\u5e2d\u591a\u84dd\u6069|100\/100|[from] Grassy Terrain\n|-heal|p2b: Incineroar|92\/100|[from] Grassy Terrain\n|upkeep\n|turn|5\n|\n|t:|1697763345\n|switch|p2a: Dragapult|Dragapult, F|100\/100\n|move|p1b: \u6c34\u6676\u5854\u7684\u5e1d\u738b|Heat Wave|p2a: Dragapult|[spread] p2a,p2b\n|-resisted|p2a: Dragapult\n|-resisted|p2b: Incineroar\n|-crit|p2b: Incineroar\n|-damage|p2a: Dragapult|81\/100\n|-damage|p2b: Incineroar|60\/100\n|move|p1a: \u8d85\u514b\u7684\u5e2d\u591a\u84dd\u6069|Heat Wave|p2b: Incineroar|[spread] p2a,p2b\n|-resisted|p2a: Dragapult\n|-resisted|p2b: Incineroar\n|-damage|p2a: Dragapult|61\/100\n|-damage|p2b: Incineroar|51\/100\n|move|p2b: Incineroar|Parting Shot|p1b: \u6c34\u6676\u5854\u7684\u5e1d\u738b\n|-unboost|p1b: \u6c34\u6676\u5854\u7684\u5e1d\u738b|atk|1\n|-unboost|p1b: \u6c34\u6676\u5854\u7684\u5e1d\u738b|spa|1\n|inactive|Yu hung lo has 120 seconds left.\n|\n|t:|1697763363\n|switch|p2b: Blastoise|Blastoise, F|100\/100|[from] Parting Shot\n|\n|-weather|SunnyDay|[upkeep]\n|-heal|p2a: Dragapult|67\/100|[from] Grassy Terrain\n|upkeep\n|turn|6\n|\n|t:|1697763374\n|switch|p1b: \u6d1b\u6749\u77f6\u6700\u5f3a|Amoonguss, M, shiny|100\/100\n|move|p2b: Blastoise|Fake Out|p1b: \u6d1b\u6749\u77f6\u6700\u5f3a\n|-damage|p1b: \u6d1b\u6749\u77f6\u6700\u5f3a|93\/100\n|move|p2a: Dragapult|Phantom Force||[still]\n|-prepare|p2a: Dragapult|Phantom Force\n|move|p1a: \u8d85\u514b\u7684\u5e2d\u591a\u84dd\u6069|Heat Wave|p2b: Blastoise|[spread] p2b\n|-miss|p1a: \u8d85\u514b\u7684\u5e2d\u591a\u84dd\u6069|p2a: Dragapult\n|-resisted|p2b: Blastoise\n|-damage|p2b: Blastoise|89\/100\n|\n|-weather|SunnyDay|[upkeep]\n|-heal|p2b: Blastoise|95\/100|[from] Grassy Terrain\n|-heal|p1b: \u6d1b\u6749\u77f6\u6700\u5f3a|99\/100|[from] Grassy Terrain\n|-fieldend|move: Grassy Terrain\n|upkeep\n|turn|7\n|\n|t:|1697763394\n|-terastallize|p2b: Blastoise|Grass\n|move|p2b: Blastoise|Follow Me|p2b: Blastoise\n|-singleturn|p2b: Blastoise|move: Follow Me\n|move|p2a: Dragapult|Phantom Force|p1b: \u6d1b\u6749\u77f6\u6700\u5f3a|[from]lockedmove\n|-damage|p1b: \u6d1b\u6749\u77f6\u6700\u5f3a|26\/100\n|move|p1a: \u8d85\u514b\u7684\u5e2d\u591a\u84dd\u6069|Magma Storm|p2b: Blastoise\n|-supereffective|p2b: Blastoise\n|-damage|p2b: Blastoise|37\/100\n|-activate|p2b: Blastoise|move: Magma Storm|[of] p1a: \u8d85\u514b\u7684\u5e2d\u591a\u84dd\u6069\n|-enditem|p2b: Blastoise|Sitrus Berry|[eat]\n|-heal|p2b: Blastoise|62\/100|[from] item: Sitrus Berry\n|move|p1b: \u6d1b\u6749\u77f6\u6700\u5f3a|Spore|p2b: Blastoise\n|-immune|p2b: Blastoise\n|\n|-weather|SunnyDay|[upkeep]\n|-damage|p2b: Blastoise|50\/100|[from] move: Magma Storm|[partiallytrapped]\n|upkeep\n|turn|8\n|\n|t:|1697763409\n|switch|p1b: \u6c34\u6676\u5854\u7684\u5e1d\u738b|Charizard-Mega-Y, M, shiny|89\/100\n|move|p2a: Dragapult|Phantom Force||[still]\n|-prepare|p2a: Dragapult|Phantom Force\n|move|p2b: Blastoise|Scald|p1a: \u8d85\u514b\u7684\u5e2d\u591a\u84dd\u6069\n|-supereffective|p1a: \u8d85\u514b\u7684\u5e2d\u591a\u84dd\u6069\n|-damage|p1a: \u8d85\u514b\u7684\u5e2d\u591a\u84dd\u6069|88\/100\n|move|p1a: \u8d85\u514b\u7684\u5e2d\u591a\u84dd\u6069|Heat Wave|p2b: Blastoise|[spread] p2b\n|-miss|p1a: \u8d85\u514b\u7684\u5e2d\u591a\u84dd\u6069|p2a: Dragapult\n|-supereffective|p2b: Blastoise\n|-damage|p2b: Blastoise|5\/100\n|\n|-weather|none\n|-damage|p2b: Blastoise|0 fnt|[from] move: Magma Storm|[partiallytrapped]\n|faint|p2b: Blastoise\n|-sideend|p2: Yu hung lo|move: Light Screen\n|upkeep\n|\n|t:|1697763427\n|switch|p2b: Grimmsnarl|Grimmsnarl, M|41\/100\n|turn|9\n|\n|t:|1697763433\n|switch|p1b: \u6d1b\u6749\u77f6\u6700\u5f3a|Amoonguss, M, shiny|59\/100\n|move|p2b: Grimmsnarl|Light Screen|p2b: Grimmsnarl\n|-sidestart|p2: Yu hung lo|move: Light Screen\n|move|p2a: Dragapult|Phantom Force|p1a: \u8d85\u514b\u7684\u5e2d\u591a\u84dd\u6069|[from]lockedmove\n|-damage|p1a: \u8d85\u514b\u7684\u5e2d\u591a\u84dd\u6069|33\/100\n|move|p1a: \u8d85\u514b\u7684\u5e2d\u591a\u84dd\u6069|Magma Storm|p2b: Grimmsnarl\n|-damage|p2b: Grimmsnarl|15\/100\n|-activate|p2b: Grimmsnarl|move: Magma Storm|[of] p1a: \u8d85\u514b\u7684\u5e2d\u591a\u84dd\u6069\n|\n|-damage|p2b: Grimmsnarl|3\/100|[from] move: Magma Storm|[partiallytrapped]\n|upkeep\n|turn|10\n|\n|t:|1697763456\n|move|p2b: Grimmsnarl|Parting Shot|p1b: \u6d1b\u6749\u77f6\u6700\u5f3a\n|-unboost|p1b: \u6d1b\u6749\u77f6\u6700\u5f3a|atk|1\n|-unboost|p1b: \u6d1b\u6749\u77f6\u6700\u5f3a|spa|1\n|\n|t:|1697763461\n|switch|p2b: Incineroar|Incineroar, F|51\/100|[from] Parting Shot\n|-ability|p2b: Incineroar|Intimidate|boost\n|-unboost|p1a: \u8d85\u514b\u7684\u5e2d\u591a\u84dd\u6069|atk|1\n|-unboost|p1b: \u6d1b\u6749\u77f6\u6700\u5f3a|atk|1\n|move|p2a: Dragapult|Phantom Force||[still]\n|-prepare|p2a: Dragapult|Phantom Force\n|move|p1a: \u8d85\u514b\u7684\u5e2d\u591a\u84dd\u6069|Magma Storm|p2a: Dragapult|[miss]\n|-miss|p1a: \u8d85\u514b\u7684\u5e2d\u591a\u84dd\u6069|p2a: Dragapult\n|move|p1b: \u6d1b\u6749\u77f6\u6700\u5f3a|Pollen Puff|p1a: \u8d85\u514b\u7684\u5e2d\u591a\u84dd\u6069\n|-heal|p1a: \u8d85\u514b\u7684\u5e2d\u591a\u84dd\u6069|83\/100\n|\n|upkeep\n|turn|11\n|\n|t:|1697763474\n|move|p1b: \u6d1b\u6749\u77f6\u6700\u5f3a|Protect|p1b: \u6d1b\u6749\u77f6\u6700\u5f3a\n|-singleturn|p1b: \u6d1b\u6749\u77f6\u6700\u5f3a|Protect\n|move|p2b: Incineroar|Fake Out|p1b: \u6d1b\u6749\u77f6\u6700\u5f3a\n|-activate|p1b: \u6d1b\u6749\u77f6\u6700\u5f3a|move: Protect\n|move|p2a: Dragapult|Phantom Force|p1b: \u6d1b\u6749\u77f6\u6700\u5f3a|[from]lockedmove\n|-activate|p1b: \u6d1b\u6749\u77f6\u6700\u5f3a|move: Phantom Force|[broken]\n|-damage|p1b: \u6d1b\u6749\u77f6\u6700\u5f3a|0 fnt\n|faint|p1b: \u6d1b\u6749\u77f6\u6700\u5f3a\n|move|p1a: \u8d85\u514b\u7684\u5e2d\u591a\u84dd\u6069|Earth Power|p2b: Incineroar\n|-supereffective|p2b: Incineroar\n|-damage|p2b: Incineroar|28\/100\n|\n|upkeep\n|\n|t:|1697763489\n|switch|p1b: \u5b87\u5b99\u7b2c\u4e00\u5feb|Regieleki|100\/100\n|turn|12\n|\n|t:|1697763512\n|switch|p2b: Rillaboom|Rillaboom, M|49\/100\n|-fieldstart|move: Grassy Terrain|[from] ability: Grassy Surge|[of] p2b: Rillaboom\n|move|p1b: \u5b87\u5b99\u7b2c\u4e00\u5feb|Electroweb|p2b: Rillaboom|[spread] p2a,p2b\n|-resisted|p2a: Dragapult\n|-resisted|p2b: Rillaboom\n|-damage|p2a: Dragapult|55\/100\n|-damage|p2b: Rillaboom|44\/100\n|-unboost|p2b: Rillaboom|spe|1\n|move|p2a: Dragapult|Phantom Force||[still]\n|-prepare|p2a: Dragapult|Phantom Force\n|move|p1a: \u8d85\u514b\u7684\u5e2d\u591a\u84dd\u6069|Heat Wave|p2a: Dragapult|[spread] p2b\n|-miss|p1a: \u8d85\u514b\u7684\u5e2d\u591a\u84dd\u6069|p2a: Dragapult\n|-supereffective|p2b: Rillaboom\n|-damage|p2b: Rillaboom|20\/100\n|\n|-heal|p1a: \u8d85\u514b\u7684\u5e2d\u591a\u84dd\u6069|89\/100|[from] Grassy Terrain\n|-heal|p2b: Rillaboom|26\/100|[from] Grassy Terrain\n|upkeep\n|turn|13\n|\n|t:|1697763526\n|switch|p1b: \u6c34\u6676\u5854\u7684\u5e1d\u738b|Charizard-Mega-Y, M, shiny|89\/100\n|-weather|SunnyDay|[from] ability: Drought|[of] p1b: \u6c34\u6676\u5854\u7684\u5e1d\u738b\n|move|p2b: Rillaboom|Fake Out|p1a: \u8d85\u514b\u7684\u5e2d\u591a\u84dd\u6069\n|-resisted|p1a: \u8d85\u514b\u7684\u5e2d\u591a\u84dd\u6069\n|-damage|p1a: \u8d85\u514b\u7684\u5e2d\u591a\u84dd\u6069|83\/100\n|move|p2a: Dragapult|Phantom Force|p1b: \u6c34\u6676\u5854\u7684\u5e1d\u738b|[from]lockedmove\n|-damage|p1b: \u6c34\u6676\u5854\u7684\u5e1d\u738b|1\/100\n|cant|p1a: \u8d85\u514b\u7684\u5e2d\u591a\u84dd\u6069|flinch\n|\n|-weather|SunnyDay|[upkeep]\n|-heal|p2a: Dragapult|61\/100|[from] Grassy Terrain\n|-heal|p1a: \u8d85\u514b\u7684\u5e2d\u591a\u84dd\u6069|90\/100|[from] Grassy Terrain\n|-heal|p2b: Rillaboom|32\/100|[from] Grassy Terrain\n|upkeep\n|turn|14\n|\n|t:|1697763538\n|switch|p2b: Incineroar|Incineroar, F|28\/100\n|-ability|p2b: Incineroar|Intimidate|boost\n|-unboost|p1a: \u8d85\u514b\u7684\u5e2d\u591a\u84dd\u6069|atk|1\n|-unboost|p1b: \u6c34\u6676\u5854\u7684\u5e1d\u738b|atk|1\n|move|p2a: Dragapult|Phantom Force||[still]\n|-prepare|p2a: Dragapult|Phantom Force\n|move|p1b: \u6c34\u6676\u5854\u7684\u5e1d\u738b|Heat Wave|p2b: Incineroar|[spread] p2b\n|-miss|p1b: \u6c34\u6676\u5854\u7684\u5e1d\u738b|p2a: Dragapult\n|-resisted|p2b: Incineroar\n|-damage|p2b: Incineroar|14\/100\n|move|p1a: \u8d85\u514b\u7684\u5e2d\u591a\u84dd\u6069|Heat Wave|p2b: Incineroar|[spread] p2b\n|-miss|p1a: \u8d85\u514b\u7684\u5e2d\u591a\u84dd\u6069|p2a: Dragapult\n|-resisted|p2b: Incineroar\n|-crit|p2b: Incineroar\n|-damage|p2b: Incineroar|0 fnt\n|faint|p2b: Incineroar\n|\n|-weather|SunnyDay|[upkeep]\n|-heal|p1a: \u8d85\u514b\u7684\u5e2d\u591a\u84dd\u6069|96\/100|[from] Grassy Terrain\n|upkeep\n|\n|t:|1697763553\n|switch|p2b: Rillaboom|Rillaboom, M|32\/100\n|turn|15\n|\n|t:|1697763558\n|move|p2b: Rillaboom|Grassy Glide|p1b: \u6c34\u6676\u5854\u7684\u5e1d\u738b\n|-resisted|p1b: \u6c34\u6676\u5854\u7684\u5e1d\u738b\n|-damage|p1b: \u6c34\u6676\u5854\u7684\u5e1d\u738b|0 fnt\n|faint|p1b: \u6c34\u6676\u5854\u7684\u5e1d\u738b\n|move|p2a: Dragapult|Phantom Force|p1a: \u8d85\u514b\u7684\u5e2d\u591a\u84dd\u6069|[from]lockedmove\n|-damage|p1a: \u8d85\u514b\u7684\u5e2d\u591a\u84dd\u6069|43\/100\n|move|p1a: \u8d85\u514b\u7684\u5e2d\u591a\u84dd\u6069|Heat Wave|p2a: Dragapult|[spread] p2a,p2b\n|-resisted|p2a: Dragapult\n|-supereffective|p2b: Rillaboom\n|-damage|p2a: Dragapult|42\/100\n|-damage|p2b: Rillaboom|0 fnt\n|faint|p2b: Rillaboom\n|\n|-weather|SunnyDay|[upkeep]\n|-heal|p2a: Dragapult|48\/100|[from] Grassy Terrain\n|-heal|p1a: \u8d85\u514b\u7684\u5e2d\u591a\u84dd\u6069|49\/100|[from] Grassy Terrain\n|upkeep\n|\n|t:|1697763580\n|switch|p1b: \u795e\u901f\u7684\u5feb\u9f99|Dragonite, F, shiny|100\/100\n|switch|p2b: Mawile|Mawile, M|100\/100\n|turn|16\n|\n|t:|1697763608\n|detailschange|p2b: Mawile|Mawile-Mega, M\n|-mega|p2b: Mawile|Mawile|Mawilite\n|-terastallize|p1b: \u795e\u901f\u7684\u5feb\u9f99|Normal\n|move|p2b: Mawile|Protect|p2b: Mawile\n|-singleturn|p2b: Mawile|Protect\n|move|p2a: Dragapult|Phantom Force||[still]\n|-prepare|p2a: Dragapult|Phantom Force\n|move|p1b: \u795e\u901f\u7684\u5feb\u9f99|Ice Spinner|p2a: Dragapult|[miss]\n|-miss|p1b: \u795e\u901f\u7684\u5feb\u9f99|p2a: Dragapult\n|move|p1a: \u8d85\u514b\u7684\u5e2d\u591a\u84dd\u6069|Heat Wave|p2b: Mawile|[spread] \n|-miss|p1a: \u8d85\u514b\u7684\u5e2d\u591a\u84dd\u6069|p2a: Dragapult\n|-activate|p2b: Mawile|move: Protect\n|\n|-weather|SunnyDay|[upkeep]\n|-heal|p1a: \u8d85\u514b\u7684\u5e2d\u591a\u84dd\u6069|55\/100|[from] Grassy Terrain\n|-sideend|p2: Yu hung lo|move: Light Screen\n|-fieldend|move: Grassy Terrain\n|upkeep\n|turn|17\n|\n|t:|1697763623\n|switch|p1a: \u53e4\u5251\u8c79\u7684\u89c9\u9192|Chien-Pao|100\/100\n|-ability|p1a: \u53e4\u5251\u8c79\u7684\u89c9\u9192|Sword of Ruin\n|move|p2a: Dragapult|Phantom Force|p1a: \u53e4\u5251\u8c79\u7684\u89c9\u9192|[from]lockedmove\n|-resisted|p1a: \u53e4\u5251\u8c79\u7684\u89c9\u9192\n|-damage|p1a: \u53e4\u5251\u8c79\u7684\u89c9\u9192|54\/100\n|move|p1b: \u795e\u901f\u7684\u5feb\u9f99|Ice Spinner|p2a: Dragapult\n|-supereffective|p2a: Dragapult\n|-damage|p2a: Dragapult|0 fnt\n|faint|p2a: Dragapult\n|move|p2b: Mawile|Play Rough|p1b: \u795e\u901f\u7684\u5feb\u9f99\n|-damage|p1b: \u795e\u901f\u7684\u5feb\u9f99|42\/100\n|\n|-weather|none\n|upkeep\n|\n|t:|1697763633\n|switch|p2a: Grimmsnarl|Grimmsnarl, M|3\/100\n|turn|18\n|\n|t:|1697763644\n|switch|p1b: \u8d85\u514b\u7684\u5e2d\u591a\u84dd\u6069|Heatran, M|55\/100\n|move|p1a: \u53e4\u5251\u8c79\u7684\u89c9\u9192|Protect|p1a: \u53e4\u5251\u8c79\u7684\u89c9\u9192\n|-singleturn|p1a: \u53e4\u5251\u8c79\u7684\u89c9\u9192|Protect\n|move|p2a: Grimmsnarl|Reflect|p2a: Grimmsnarl\n|-sidestart|p2: Yu hung lo|Reflect\n|move|p2b: Mawile|Play Rough|p1a: \u53e4\u5251\u8c79\u7684\u89c9\u9192\n|-activate|p1a: \u53e4\u5251\u8c79\u7684\u89c9\u9192|move: Protect\n|\n|upkeep\n|turn|19\n|\n|t:|1697763657\n|move|p1a: \u53e4\u5251\u8c79\u7684\u89c9\u9192|Sucker Punch|p2b: Mawile\n|-resisted|p2b: Mawile\n|-damage|p2b: Mawile|86\/100\n|move|p2a: Grimmsnarl|Light Screen|p2a: Grimmsnarl\n|-sidestart|p2: Yu hung lo|move: Light Screen\n|move|p2b: Mawile|Sucker Punch|p1b: \u8d85\u514b\u7684\u5e2d\u591a\u84dd\u6069\n|-damage|p1b: \u8d85\u514b\u7684\u5e2d\u591a\u84dd\u6069|0 fnt\n|faint|p1b: \u8d85\u514b\u7684\u5e2d\u591a\u84dd\u6069\n|\n|upkeep\n|\n|t:|1697763664\n|switch|p1b: \u795e\u901f\u7684\u5feb\u9f99|Dragonite, F, shiny, tera:Normal|42\/100\n|turn|20\n|\n|t:|1697763671\n|move|p1a: \u53e4\u5251\u8c79\u7684\u89c9\u9192|Protect|p1a: \u53e4\u5251\u8c79\u7684\u89c9\u9192\n|-singleturn|p1a: \u53e4\u5251\u8c79\u7684\u89c9\u9192|Protect\n|move|p1b: \u795e\u901f\u7684\u5feb\u9f99|Extreme Speed|p2a: Grimmsnarl\n|-damage|p2a: Grimmsnarl|0 fnt\n|faint|p2a: Grimmsnarl\n|move|p2b: Mawile|Iron Head|p1b: \u795e\u901f\u7684\u5feb\u9f99\n|-damage|p1b: \u795e\u901f\u7684\u5feb\u9f99|0 fnt\n|faint|p1b: \u795e\u901f\u7684\u5feb\u9f99\n|\n|upkeep\n|\n|t:|1697763677\n|switch|p1b: \u5b87\u5b99\u7b2c\u4e00\u5feb|Regieleki|100\/100\n|turn|21\n|\n|t:|1697763702\n|move|p1b: \u5b87\u5b99\u7b2c\u4e00\u5feb|Thunderbolt|p2b: Mawile\n|-damage|p2b: Mawile|40\/100\n|move|p1a: \u53e4\u5251\u8c79\u7684\u89c9\u9192|Ice Spinner|p2b: Mawile\n|-resisted|p2b: Mawile\n|-damage|p2b: Mawile|23\/100\n|move|p2b: Mawile|Play Rough|p1b: \u5b87\u5b99\u7b2c\u4e00\u5feb\n|-damage|p1b: \u5b87\u5b99\u7b2c\u4e00\u5feb|0 fnt\n|faint|p1b: \u5b87\u5b99\u7b2c\u4e00\u5feb\n|\n|upkeep\n|turn|22\n|\n|t:|1697763719\n|move|p1a: \u53e4\u5251\u8c79\u7684\u89c9\u9192|Ice Spinner|p2b: Mawile\n|-resisted|p2b: Mawile\n|-damage|p2b: Mawile|7\/100\n|move|p2b: Mawile|Iron Head|p1a: \u53e4\u5251\u8c79\u7684\u89c9\u9192\n|-supereffective|p1a: \u53e4\u5251\u8c79\u7684\u89c9\u9192\n|-damage|p1a: \u53e4\u5251\u8c79\u7684\u89c9\u9192|0 fnt\n|faint|p1a: \u53e4\u5251\u8c79\u7684\u89c9\u9192\n|\n|win|Yu hung lo\n|raw|winlike's rating: 1569 &rarr; <strong>1545<\/strong><br \/>(-24 for losing)\n|raw|Yu hung lo's rating: 1500 &rarr; <strong>1524<\/strong><br \/>(+24 for winning)\n|c|\u2606Yu hung lo|Gg\n|l|\u2606winlike\n","uploadtime":1697763734,"views":16,"p1id":"winlike","p2id":"yuhunglo","formatid":"gen9nationaldexdoubles","rating":1524,"private":0,"password":""}