{"id":"gen9nationaldexdoubles-1960600562","p1":"Dusk Lucarionite","p2":"07aint","format":"[Gen 9] National Dex Doubles","log":"|j|\u2606Dusk Lucarionite\n|j|\u260607aint\n|t:|1696537997\n|gametype|doubles\n|player|p1|Dusk Lucarionite|riley|1165\n|player|p2|07aint|red-gen2|1054\n|teamsize|p1|6\n|teamsize|p2|6\n|gen|9\n|tier|[Gen 9] National Dex Doubles\n|rated|\n|rule|HP Percentage Mod: HP is shown in percentages\n|rule|Endless Battle Clause: Forcing endless battles is banned\n|rule|OHKO Clause: OHKO moves are banned\n|rule|Evasion Moves Clause: Evasion moves are banned\n|rule|Evasion Abilities Clause: Evasion abilities are banned\n|rule|Species Clause: Limit one of each Pok\u00e9mon\n|rule|Gravity Sleep Clause: The combination of sleep-inducing moves with imperfect accuracy and Gravity or Gigantamax Orbeetle are banned\n|clearpoke\n|poke|p1|Dudunsparce-*, F|\n|poke|p1|Maushold|\n|poke|p1|Meowscarada, M|\n|poke|p1|Flamigo, F|\n|poke|p1|Vaporeon, M|\n|poke|p1|Hatterene, F|\n|poke|p2|Gliscor, F|\n|poke|p2|Breloom, M|\n|poke|p2|Grimmsnarl, M|\n|poke|p2|Dragonite, M|\n|poke|p2|Blissey, F|\n|poke|p2|Gholdengo|\n|teampreview\n|inactive|Battle timer is ON: inactive players will automatically lose when time's up. (requested by 07aint)\n|\n|t:|1696538002\n|start\n|switch|p1a: Dudunsparce|Dudunsparce-Three-Segment, F|100\/100\n|switch|p1b: Maushold|Maushold|100\/100\n|switch|p2a: Aey|Gliscor, F, shiny|100\/100\n|switch|p2b: Ali|Breloom, M, shiny|100\/100\n|turn|1\n|\n|t:|1696538014\n|-terastallize|p1a: Dudunsparce|Ghost\n|move|p1b: Maushold|Beat Up|p1a: Dudunsparce\n|-supereffective|p1a: Dudunsparce\n|-damage|p1a: Dudunsparce|98\/100\n|-ability|p1a: Dudunsparce|Rattled|boost\n|-boost|p1a: Dudunsparce|spe|1\n|-enditem|p1a: Dudunsparce|Weakness Policy\n|-boost|p1a: Dudunsparce|atk|2|[from] item: Weakness Policy\n|-boost|p1a: Dudunsparce|spa|2|[from] item: Weakness Policy\n|-supereffective|p1a: Dudunsparce\n|-damage|p1a: Dudunsparce|96\/100\n|-ability|p1a: Dudunsparce|Rattled|boost\n|-boost|p1a: Dudunsparce|spe|1\n|-supereffective|p1a: Dudunsparce\n|-damage|p1a: Dudunsparce|93\/100\n|-ability|p1a: Dudunsparce|Rattled|boost\n|-boost|p1a: Dudunsparce|spe|1\n|-supereffective|p1a: Dudunsparce\n|-crit|p1a: Dudunsparce\n|-damage|p1a: Dudunsparce|89\/100\n|-ability|p1a: Dudunsparce|Rattled|boost\n|-boost|p1a: Dudunsparce|spe|1\n|-supereffective|p1a: Dudunsparce\n|-damage|p1a: Dudunsparce|87\/100\n|-ability|p1a: Dudunsparce|Rattled|boost\n|-boost|p1a: Dudunsparce|spe|1\n|-supereffective|p1a: Dudunsparce\n|-damage|p1a: Dudunsparce|84\/100\n|-ability|p1a: Dudunsparce|Rattled|boost\n|-boost|p1a: Dudunsparce|spe|1\n|-hitcount|p1a: Dudunsparce|6\n|move|p1a: Dudunsparce|Calm Mind|p1a: Dudunsparce\n|-boost|p1a: Dudunsparce|spa|1\n|-boost|p1a: Dudunsparce|spd|1\n|move|p2a: Aey|Swords Dance|p2a: Aey\n|-boost|p2a: Aey|atk|2\n|move|p2b: Ali|Toxic|p2a: Aey\n|-status|p2a: Aey|tox\n|\n|upkeep\n|turn|2\n|c|\u260607aint|sick trat\n|c|\u2606Dusk Lucarionite|ty\n|inactive|07aint has 120 seconds left.\n|c|\u2606Dusk Lucarionite|baton pass to\n|\n|t:|1696538055\n|move|p1a: Dudunsparce|Coil|p1a: Dudunsparce\n|-boost|p1a: Dudunsparce|atk|1\n|-boost|p1a: Dudunsparce|def|1\n|-boost|p1a: Dudunsparce|accuracy|1\n|move|p1b: Maushold|Population Bomb|p2a: Aey\n|-damage|p2a: Aey|96\/100 tox\n|-damage|p2a: Aey|91\/100 tox\n|-damage|p2a: Aey|86\/100 tox\n|-damage|p2a: Aey|81\/100 tox\n|-hitcount|p2a: Aey|4\n|move|p2a: Aey|Facade|p1a: Dudunsparce\n|-immune|p1a: Dudunsparce\n|move|p2b: Ali|Bullet Seed|p1b: Maushold\n|-damage|p1b: Maushold|76\/100\n|-damage|p1b: Maushold|52\/100\n|-damage|p1b: Maushold|28\/100\n|-damage|p1b: Maushold|7\/100\n|-damage|p1b: Maushold|0 fnt\n|faint|p1b: Maushold\n|-hitcount|p1: Maushold|5\n|\n|-heal|p2a: Aey|87\/100 tox|[from] item: Leftovers\n|-heal|p2a: Aey|99\/100 tox|[from] ability: Poison Heal\n|upkeep\n|\n|t:|1696538060\n|switch|p1b: Flamigo|Flamigo, F|100\/100\n|-copyboost|p1b: Flamigo|p1a: Dudunsparce|[from] ability: Costar\n|turn|3\n|inactive|07aint has 120 seconds left.\n|\n|t:|1696538094\n|-terastallize|p2b: Ali|Grass\n|move|p1b: Flamigo|Protect|p1b: Flamigo\n|-singleturn|p1b: Flamigo|Protect\n|move|p1a: Dudunsparce|Baton Pass|p1a: Dudunsparce\n|\n|t:|1696538100\n|switch|p1a: Vaporeon|Vaporeon, M|100\/100|[from] Baton Pass\n|move|p2a: Aey|Facade|p1b: Flamigo\n|-activate|p1b: Flamigo|move: Protect\n|move|p2b: Ali|Bullet Seed|p1a: Vaporeon\n|-supereffective|p1a: Vaporeon\n|-damage|p1a: Vaporeon|62\/100\n|-supereffective|p1a: Vaporeon\n|-damage|p1a: Vaporeon|25\/100\n|-supereffective|p1a: Vaporeon\n|-damage|p1a: Vaporeon|0 fnt\n|faint|p1a: Vaporeon\n|-hitcount|p1: Vaporeon|3\n|\n|-heal|p2a: Aey|100\/100 tox|[from] item: Leftovers\n|upkeep\n|c|\u2606Dusk Lucarionite|nice\n|c|\u2606Dusk Lucarionite|but not nice enough\n|inactive|Dusk Lucarionite has 120 seconds left.\n|c|\u260607aint|kk\n|\n|t:|1696538127\n|switch|p1a: Hatterene|Hatterene, F|100\/100\n|turn|4\n|\n|t:|1696538150\n|move|p1b: Flamigo|Brave Bird|p2b: Ali\n|-supereffective|p2b: Ali\n|-damage|p2b: Ali|0 fnt\n|faint|p2b: Ali\n|-damage|p1b: Flamigo|65\/100|[from] Recoil\n|move|p2a: Aey|Facade|p1a: Hatterene\n|-damage|p1a: Hatterene|2\/100\n|move|p1a: Hatterene|Draining Kiss|p2a: Aey\n|-damage|p2a: Aey|66\/100 tox\n|-heal|p1a: Hatterene|31\/100|[from] drain|[of] p2a: Aey\n|\n|-heal|p2a: Aey|72\/100 tox|[from] item: Leftovers\n|-heal|p1a: Hatterene|37\/100|[from] item: Leftovers\n|-heal|p2a: Aey|85\/100 tox|[from] ability: Poison Heal\n|upkeep\n|inactive|07aint has 120 seconds left.\n|\n|t:|1696538172\n|switch|p2b: Schlongy|Dragonite, M|100\/100\n|turn|5\n|\n|t:|1696538183\n|move|p1b: Flamigo|Brave Bird|p2a: Aey\n|-damage|p2a: Aey|0 fnt\n|faint|p2a: Aey\n|-damage|p1b: Flamigo|39\/100|[from] Recoil\n|move|p2b: Schlongy|Ice Punch|p1b: Flamigo\n|-supereffective|p1b: Flamigo\n|-damage|p1b: Flamigo|0 fnt\n|faint|p1b: Flamigo\n|move|p1a: Hatterene|Draining Kiss|p2b: Schlongy\n|-supereffective|p2b: Schlongy\n|-damage|p2b: Schlongy|74\/100\n|-heal|p1a: Hatterene|63\/100|[from] drain|[of] p2b: Schlongy\n|-enditem|p2b: Schlongy|Weakness Policy\n|-boost|p2b: Schlongy|atk|2|[from] item: Weakness Policy\n|-boost|p2b: Schlongy|spa|2|[from] item: Weakness Policy\n|\n|-heal|p1a: Hatterene|69\/100|[from] item: Leftovers\n|upkeep\n|\n|t:|1696538198\n|switch|p2a: Grimace|Grimmsnarl, M, shiny|100\/100\n|switch|p1b: Meowscarada|Meowscarada, M|100\/100\n|turn|6\n|\n|t:|1696538215\n|move|p1b: Meowscarada|Play Rough|p2b: Schlongy|[miss]\n|-start|p1b: Meowscarada|typechange|Fairy|[from] ability: Protean\n|-miss|p1b: Meowscarada|p2b: Schlongy\n|move|p2b: Schlongy|Ice Punch|p1b: Meowscarada\n|-crit|p1b: Meowscarada\n|-damage|p1b: Meowscarada|0 fnt\n|faint|p1b: Meowscarada\n|move|p2a: Grimace|Spirit Break|p1a: Hatterene\n|-damage|p1a: Hatterene|32\/100\n|-unboost|p1a: Hatterene|spa|1\n|move|p1a: Hatterene|Draining Kiss|p2a: Grimace\n|-supereffective|p2a: Grimace\n|-damage|p2a: Grimace|76\/100\n|-heal|p1a: Hatterene|60\/100|[from] drain|[of] p2a: Grimace\n|\n|-heal|p1a: Hatterene|66\/100|[from] item: Leftovers\n|upkeep\n|\n|t:|1696538225\n|switch|p1b: Dudunsparce|Dudunsparce-Three-Segment, F, tera:Ghost|84\/100\n|turn|7\n|c|\u2606Dusk Lucarionite|oh welp i gtg\n|c|\u2606Dusk Lucarionite|have fun\n|c|\u2606Dusk Lucarionite|gg\n|-message|Dusk Lucarionite forfeited.\n|\n|win|07aint\n|raw|Dusk Lucarionite's rating: 1165 &rarr; <strong>1132<\/strong><br \/>(-33 for losing)\n|raw|07aint's rating: 1054 &rarr; <strong>1096<\/strong><br \/>(+42 for winning)\n|l|\u2606Dusk Lucarionite\n","uploadtime":1696538257,"views":9,"p1id":"dusklucarionite","p2id":"07aint","formatid":"gen9nationaldexdoubles","rating":1096,"private":0,"password":""}