{"id":"gen9nationaldexdoubles-1993124104","p1":"Arnaenaed \u223e","p2":"MKDones08","format":"[Gen 9] National Dex Doubles","log":"|j|\u2606Arnaenaed \u223e\n|j|\u2606MKDones08\n|t:|1700267596\n|gametype|doubles\n|player|p1|Arnaenaed \u223e|bruno-gen3|\n|player|p2|MKDones08|li|\n|teamsize|p1|6\n|teamsize|p2|6\n|gen|9\n|tier|[Gen 9] National Dex Doubles\n|rule|HP Percentage Mod: HP is shown in percentages\n|rule|Endless Battle Clause: Forcing endless battles is banned\n|rule|OHKO Clause: OHKO moves are banned\n|rule|Evasion Moves Clause: Evasion moves are banned\n|rule|Evasion Abilities Clause: Evasion abilities are banned\n|rule|Species Clause: Limit one of each Pok\u00e9mon\n|rule|Gravity Sleep Clause: The combination of sleep-inducing moves with imperfect accuracy and Gravity or Gigantamax Orbeetle are banned\n|clearpoke\n|poke|p1|Marshadow|\n|poke|p1|Iron Valiant|\n|poke|p1|Gallade, M|\n|poke|p1|Medicham, F|\n|poke|p1|Zapdos-Galar|\n|poke|p1|Hawlucha, F|\n|poke|p2|Iron Hands|\n|poke|p2|Kommo-o, F|\n|poke|p2|Iron Valiant|\n|poke|p2|Conkeldurr, F|\n|poke|p2|Medicham, F|\n|poke|p2|Crabominable, M|\n|teampreview\n|inactive|Battle timer is ON: inactive players will automatically lose when time's up. (requested by MKDones08)\n|\n|t:|1700267627\n|start\n|switch|p1a: Gallade|Gallade, M|100\/100\n|switch|p1b: Hawlucha|Hawlucha, F|100\/100\n|switch|p2a: Medicham|Medicham, F|100\/100\n|switch|p2b: Kommo-o|Kommo-o, F|100\/100\n|turn|1\n|\n|t:|1700267640\n|detailschange|p1a: Gallade|Gallade-Mega, M\n|-mega|p1a: Gallade|Gallade|Galladite\n|move|p1b: Hawlucha|Protect|p1b: Hawlucha\n|-singleturn|p1b: Hawlucha|Protect\n|move|p2b: Kommo-o|Protect|p2b: Kommo-o\n|-singleturn|p2b: Kommo-o|Protect\n|move|p2a: Medicham|Trick|p1b: Hawlucha\n|-activate|p1b: Hawlucha|move: Protect\n|move|p1a: Gallade|Psycho Cut|p2b: Kommo-o\n|-activate|p2b: Kommo-o|move: Protect\n|\n|upkeep\n|turn|2\n|\n|t:|1700267664\n|switch|p1b: Zapdos|Zapdos-Galar|100\/100\n|move|p2a: Medicham|Trick|p1b: Zapdos\n|-activate|p2a: Medicham|move: Trick|[of] p1b: Zapdos\n|-item|p1b: Zapdos|Choice Scarf|[from] move: Trick\n|-item|p2a: Medicham|Choice Scarf|[from] move: Trick\n|move|p1a: Gallade|Psycho Cut|p2b: Kommo-o\n|-supereffective|p2b: Kommo-o\n|-damage|p2b: Kommo-o|27\/100\n|move|p2b: Kommo-o|Poison Jab|p1b: Zapdos\n|-damage|p1b: Zapdos|60\/100\n|-damage|p2b: Kommo-o|17\/100|[from] item: Life Orb\n|\n|upkeep\n|turn|3\n|\n|t:|1700267683\n|move|p2b: Kommo-o|Protect|p2b: Kommo-o\n|-singleturn|p2b: Kommo-o|Protect\n|move|p1b: Zapdos|Brave Bird|p2a: Medicham\n|-supereffective|p2a: Medicham\n|-damage|p2a: Medicham|0 fnt\n|faint|p2a: Medicham\n|-damage|p1b: Zapdos|34\/100|[from] Recoil\n|move|p1a: Gallade|Psycho Cut|p2b: Kommo-o\n|-activate|p2b: Kommo-o|move: Protect\n|\n|upkeep\n|\n|t:|1700267696\n|switch|p2a: Iron Hands|Iron Hands|100\/100\n|turn|4\n|\n|t:|1700267704\n|move|p2a: Iron Hands|Fake Out|p1a: Gallade\n|-damage|p1a: Gallade|78\/100\n|move|p1b: Zapdos|Brave Bird|p2a: Iron Hands\n|-damage|p2a: Iron Hands|60\/100\n|-damage|p1b: Zapdos|12\/100|[from] Recoil\n|move|p1a: Gallade|Earthquake|p2a: Iron Hands|[spread] p2a,p2b\n|-immune|p1b: Zapdos\n|-supereffective|p2a: Iron Hands\n|-crit|p2b: Kommo-o\n|-damage|p2a: Iron Hands|20\/100\n|-damage|p2b: Kommo-o|0 fnt\n|faint|p2b: Kommo-o\n|\n|upkeep\n|\n|t:|1700267721\n|switch|p2b: Conkeldurr|Conkeldurr, F|100\/100\n|turn|5\n|\n|t:|1700267730\n|move|p2b: Conkeldurr|Mach Punch|p1b: Zapdos\n|-resisted|p1b: Zapdos\n|-damage|p1b: Zapdos|0 fnt\n|faint|p1b: Zapdos\n|move|p1a: Gallade|Earthquake|p2a: Iron Hands|[spread] p2a,p2b\n|-supereffective|p2a: Iron Hands\n|-damage|p2a: Iron Hands|0 fnt\n|-damage|p2b: Conkeldurr|72\/100\n|faint|p2a: Iron Hands\n|-end|p2a: Iron Hands|Quark Drive|[silent]\n|\n|upkeep\n|\n|t:|1700267747\n|switch|p1b: Hawlucha|Hawlucha, F|100\/100\n|switch|p2a: Iron Valiant|Iron Valiant|100\/100\n|turn|6\n|\n|t:|1700267756\n|move|p1a: Gallade|Protect|p1a: Gallade\n|-singleturn|p1a: Gallade|Protect\n|move|p1b: Hawlucha|Tailwind|p1b: Hawlucha\n|-sidestart|p1: Arnaenaed \u223e|move: Tailwind\n|move|p2b: Conkeldurr|Thunder Punch|p1a: Gallade\n|-activate|p1a: Gallade|move: Protect\n|move|p2a: Iron Valiant|Trick Room|p2a: Iron Valiant\n|-fieldstart|move: Trick Room|[of] p2a: Iron Valiant\n|\n|upkeep\n|turn|7\n|inactive|Arnaenaed \u223e has 270 seconds left.\n|\n|t:|1700267792\n|move|p2b: Conkeldurr|Thunder Punch|p1b: Hawlucha\n|-supereffective|p1b: Hawlucha\n|-enditem|p1b: Hawlucha|Focus Sash\n|-damage|p1b: Hawlucha|1\/100\n|move|p2a: Iron Valiant|Moonblast|p1a: Gallade\n|-supereffective|p1a: Gallade\n|-damage|p1a: Gallade|0 fnt\n|faint|p1a: Gallade\n|move|p1b: Hawlucha|Acrobatics|p2a: Iron Valiant\n|-supereffective|p2a: Iron Valiant\n|-damage|p2a: Iron Valiant|3\/100\n|\n|-heal|p2a: Iron Valiant|10\/100|[from] item: Leftovers\n|upkeep\n|\n|t:|1700267807\n|switch|p1a: Marshadow|Marshadow|100\/100\n|turn|8\n|\n|t:|1700267819\n|move|p1b: Hawlucha|Protect|p1b: Hawlucha\n|-singleturn|p1b: Hawlucha|Protect\n|move|p2b: Conkeldurr|Mach Punch|p1b: Hawlucha\n|-activate|p1b: Hawlucha|move: Protect\n|move|p1a: Marshadow|Shadow Sneak|p2a: Iron Valiant\n|-damage|p2a: Iron Valiant|0 fnt\n|faint|p2a: Iron Valiant\n|-end|p2a: Iron Valiant|Quark Drive|[silent]\n|\n|upkeep\n|\n|t:|1700267823\n|switch|p2a: Crabominable|Crabominable, M|100\/100\n|turn|9\n|\n|t:|1700267843\n|switch|p1b: Iron Valiant|Iron Valiant|100\/100\n|-enditem|p1b: Iron Valiant|Booster Energy\n|-activate|p1b: Iron Valiant|ability: Quark Drive|[fromitem]\n|-start|p1b: Iron Valiant|quarkdrivespa\n|move|p1a: Marshadow|Protect|p1a: Marshadow\n|-singleturn|p1a: Marshadow|Protect\n|move|p2b: Conkeldurr|Mach Punch|p1b: Iron Valiant\n|-resisted|p1b: Iron Valiant\n|-crit|p1b: Iron Valiant\n|-damage|p1b: Iron Valiant|72\/100\n|move|p2a: Crabominable|Ice Punch|p1a: Marshadow\n|-activate|p1a: Marshadow|move: Protect\n|\n|-sideend|p1: Arnaenaed \u223e|move: Tailwind\n|upkeep\n|turn|10\n|\n|t:|1700267867\n|move|p1b: Iron Valiant|Protect|p1b: Iron Valiant\n|-singleturn|p1b: Iron Valiant|Protect\n|move|p2a: Crabominable|Ice Punch|p1b: Iron Valiant\n|-activate|p1b: Iron Valiant|move: Protect\n|move|p2b: Conkeldurr|Thunder Punch|p1a: Marshadow\n|-damage|p1a: Marshadow|57\/100\n|move|p1a: Marshadow|Acrobatics|p2b: Conkeldurr\n|-supereffective|p2b: Conkeldurr\n|-damage|p2b: Conkeldurr|22\/100\n|\n|-fieldend|move: Trick Room\n|upkeep\n|turn|11\n|c|\u2606Arnaenaed \u223e|gg\n|\n|t:|1700267886\n|move|p2a: Crabominable|Protect|p2a: Crabominable\n|-singleturn|p2a: Crabominable|Protect\n|move|p2b: Conkeldurr|Mach Punch|p2a: Crabominable\n|-activate|p2a: Crabominable|move: Protect\n|move|p1a: Marshadow|Spectral Thief|p2a: Crabominable\n|-activate|p2a: Crabominable|move: Protect\n|move|p1b: Iron Valiant|Dazzling Gleam|p2a: Crabominable|[spread] p2b\n|-activate|p2a: Crabominable|move: Protect\n|-supereffective|p2b: Conkeldurr\n|-damage|p2b: Conkeldurr|0 fnt\n|faint|p2b: Conkeldurr\n|\n|upkeep\n|turn|12\n|\n|t:|1700267902\n|move|p1a: Marshadow|Spectral Thief|p2a: Crabominable\n|-damage|p2a: Crabominable|48\/100\n|move|p1b: Iron Valiant|Moonblast|p2a: Crabominable\n|-supereffective|p2a: Crabominable\n|-damage|p2a: Crabominable|0 fnt\n|faint|p2a: Crabominable\n|\n|win|Arnaenaed \u223e\n","uploadtime":1700267908,"views":7,"p1id":"arnaenaed","p2id":"mkdones08","formatid":"gen9nationaldexdoubles","rating":0,"private":0,"password":""}