{"id":"gen9nationaldexdoubles-1969816749","p1":"chiloki","p2":"Noibaat 500","format":"[Gen 9] National Dex Doubles","log":"|j|\u2606chiloki\n|j|\u2606Noibaat 500\n|t:|1697567597\n|gametype|doubles\n|player|p1|chiloki|2|1000\n|player|p2|Noibaat 500|giovanni|1059\n|teamsize|p1|6\n|teamsize|p2|6\n|gen|9\n|tier|[Gen 9] National Dex Doubles\n|rated|\n|rule|HP Percentage Mod: HP is shown in percentages\n|rule|Endless Battle Clause: Forcing endless battles is banned\n|rule|OHKO Clause: OHKO moves are banned\n|rule|Evasion Moves Clause: Evasion moves are banned\n|rule|Evasion Abilities Clause: Evasion abilities are banned\n|rule|Species Clause: Limit one of each Pok\u00e9mon\n|rule|Gravity Sleep Clause: The combination of sleep-inducing moves with imperfect accuracy and Gravity or Gigantamax Orbeetle are banned\n|clearpoke\n|poke|p1|Mamoswine, M|\n|poke|p1|Farigiraf, F|\n|poke|p1|Goodra, F|\n|poke|p1|Pelipper, M|\n|poke|p1|Ogerpon-Wellspring, F|\n|poke|p1|Basculegion, M|\n|poke|p2|Delphox, M|\n|poke|p2|Hydreigon, M|\n|poke|p2|Mightyena, M|\n|poke|p2|Venusaur, M|\n|poke|p2|Lucario, M|\n|poke|p2|Noivern, M|\n|teampreview\n|\n|t:|1697567602\n|start\n|switch|p1a: Pelipper|Pelipper, M|100\/100\n|switch|p1b: Basculegion|Basculegion, M|100\/100\n|switch|p2a: Noiverrn|Noivern, M|100\/100\n|switch|p2b: Venusaur|Venusaur, M|100\/100\n|-weather|RainDance|[from] ability: Drizzle|[of] p1a: Pelipper\n|turn|1\n|\n|t:|1697567621\n|switch|p1b: Goodra|Goodra, F|100\/100\n|move|p2a: Noiverrn|Tailwind|p2a: Noiverrn\n|-sidestart|p2: Noibaat 500|move: Tailwind\n|move|p2b: Venusaur|Giga Drain|p1b: Goodra\n|-resisted|p1b: Goodra\n|-damage|p1b: Goodra|91\/100\n|move|p1a: Pelipper|Ice Beam|p2a: Noiverrn\n|-supereffective|p2a: Noiverrn\n|-enditem|p2a: Noiverrn|Focus Sash\n|-damage|p2a: Noiverrn|1\/100\n|\n|-weather|RainDance|[upkeep]\n|upkeep\n|turn|2\n|\n|t:|1697567637\n|move|p2a: Noiverrn|Dragon Pulse|p1a: Pelipper\n|-damage|p1a: Pelipper|54\/100\n|move|p2b: Venusaur|Leech Seed|p1b: Goodra\n|-start|p1b: Goodra|move: Leech Seed\n|move|p1b: Goodra|Flamethrower|p2b: Venusaur\n|-supereffective|p2b: Venusaur\n|-crit|p2b: Venusaur\n|-damage|p2b: Venusaur|59\/100\n|move|p1a: Pelipper|Ice Beam|p2a: Noiverrn\n|-supereffective|p2a: Noiverrn\n|-damage|p2a: Noiverrn|0 fnt\n|faint|p2a: Noiverrn\n|\n|-weather|RainDance|[upkeep]\n|-damage|p1b: Goodra|79\/100|[from] Leech Seed|[of] p2b: Venusaur\n|-heal|p2b: Venusaur|70\/100|[silent]\n|upkeep\n|\n|t:|1697567649\n|switch|p2a: Mightyena|Mightyena, M|100\/100\n|-ability|p2a: Mightyena|Intimidate|boost\n|-unboost|p1a: Pelipper|atk|1\n|-unboost|p1b: Goodra|atk|1\n|turn|3\n|\n|t:|1697567658\n|move|p2a: Mightyena|Snarl|p1b: Goodra|[spread] p1a,p1b\n|-damage|p1a: Pelipper|40\/100\n|-damage|p1b: Goodra|74\/100\n|-unboost|p1a: Pelipper|spa|1\n|-unboost|p1b: Goodra|spa|1\n|move|p2b: Venusaur|Leech Seed|p1a: Pelipper\n|-start|p1a: Pelipper|move: Leech Seed\n|move|p1b: Goodra|Dragon Pulse|p2a: Mightyena\n|-damage|p2a: Mightyena|44\/100\n|move|p1a: Pelipper|Ice Beam|p2b: Venusaur\n|-supereffective|p2b: Venusaur\n|-damage|p2b: Venusaur|32\/100\n|-status|p2b: Venusaur|frz\n|\n|-weather|RainDance|[upkeep]\n|-damage|p1b: Goodra|62\/100|[from] Leech Seed|[of] p2b: Venusaur\n|-heal|p2b: Venusaur|43\/100 frz|[silent]\n|-damage|p1a: Pelipper|27\/100|[from] Leech Seed|[of] p2b: Venusaur\n|-heal|p2b: Venusaur|54\/100 frz|[silent]\n|upkeep\n|turn|4\n|\n|t:|1697567681\n|move|p2a: Mightyena|Snarl|p1a: Pelipper|[spread] p1a,p1b\n|-damage|p1a: Pelipper|14\/100\n|-damage|p1b: Goodra|57\/100\n|-unboost|p1a: Pelipper|spa|1\n|-unboost|p1b: Goodra|spa|1\n|cant|p2b: Venusaur|frz\n|move|p1b: Goodra|Dragon Pulse|p2a: Mightyena\n|-damage|p2a: Mightyena|1\/100\n|move|p1a: Pelipper|Ice Beam|p2b: Venusaur\n|-supereffective|p2b: Venusaur\n|-damage|p2b: Venusaur|30\/100 frz\n|\n|-weather|RainDance|[upkeep]\n|-damage|p1b: Goodra|44\/100|[from] Leech Seed|[of] p2b: Venusaur\n|-heal|p2b: Venusaur|41\/100 frz|[silent]\n|-damage|p1a: Pelipper|1\/100|[from] Leech Seed|[of] p2b: Venusaur\n|-heal|p2b: Venusaur|52\/100 frz|[silent]\n|-sideend|p2: Noibaat 500|move: Tailwind\n|upkeep\n|turn|5\n|\n|t:|1697567697\n|switch|p1b: Farigiraf|Farigiraf, F|100\/100\n|switch|p1a: Ogerpon|Ogerpon-Wellspring, F|100\/100\n|move|p2a: Mightyena|Snarl|p1a: Ogerpon|[spread] p1a,p1b\n|-supereffective|p1b: Farigiraf\n|-damage|p1a: Ogerpon|89\/100\n|-damage|p1b: Farigiraf|81\/100\n|-unboost|p1a: Ogerpon|spa|1\n|-unboost|p1b: Farigiraf|spa|1\n|cant|p2b: Venusaur|frz\n|\n|-weather|RainDance|[upkeep]\n|-heal|p1b: Farigiraf|87\/100|[from] item: Leftovers\n|upkeep\n|turn|6\n|\n|t:|1697567713\n|move|p1b: Farigiraf|Protect|p1b: Farigiraf\n|-singleturn|p1b: Farigiraf|Protect\n|move|p1a: Ogerpon|Follow Me|p1a: Ogerpon\n|-singleturn|p1a: Ogerpon|move: Follow Me\n|move|p2a: Mightyena|Crunch|p1a: Ogerpon\n|-damage|p1a: Ogerpon|43\/100\n|cant|p2b: Venusaur|frz\n|\n|-weather|RainDance|[upkeep]\n|-heal|p1b: Farigiraf|93\/100|[from] item: Leftovers\n|upkeep\n|turn|7\n|\n|t:|1697567738\n|switch|p1b: Mamoswine|Mamoswine, M|100\/100\n|move|p1a: Ogerpon|Swords Dance|p1a: Ogerpon\n|-boost|p1a: Ogerpon|atk|2\n|move|p2a: Mightyena|Crunch|p1a: Ogerpon\n|-damage|p1a: Ogerpon|1\/100\n|cant|p2b: Venusaur|frz\n|\n|-weather|RainDance|[upkeep]\n|upkeep\n|turn|8\n|\n|t:|1697567752\n|move|p1a: Ogerpon|Ivy Cudgel|p2b: Venusaur\n|-resisted|p2b: Venusaur\n|-damage|p2b: Venusaur|0 fnt\n|faint|p2b: Venusaur\n|move|p1b: Mamoswine|Earthquake|p2a: Mightyena|[spread] p1a,p2a\n|-resisted|p1a: Ogerpon\n|-damage|p1a: Ogerpon|0 fnt\n|-damage|p2a: Mightyena|0 fnt\n|faint|p1a: Ogerpon\n|faint|p2a: Mightyena\n|\n|-weather|none\n|upkeep\n|\n|t:|1697567762\n|switch|p1a: Farigiraf|Farigiraf, F|93\/100\n|switch|p2a: Hydreigon|Hydreigon, M|100\/100\n|switch|p2b: Lucario|Lucario, M|100\/100\n|turn|9\n|\n|t:|1697567780\n|switch|p1b: Basculegion|Basculegion, M|100\/100\n|detailschange|p2b: Lucario|Lucario-Mega, M\n|-mega|p2b: Lucario|Lucario|Lucarionite\n|move|p1a: Farigiraf|Protect|p1a: Farigiraf\n|-singleturn|p1a: Farigiraf|Protect\n|move|p2b: Lucario|Aura Sphere|p1b: Basculegion\n|-immune|p1b: Basculegion\n|move|p2a: Hydreigon|Dragon Pulse|p1a: Farigiraf\n|-activate|p1a: Farigiraf|move: Protect\n|\n|-heal|p1a: Farigiraf|99\/100|[from] item: Leftovers\n|upkeep\n|turn|10\n|\n|t:|1697567806\n|switch|p1a: Goodra|Goodra, F|44\/100\n|move|p2b: Lucario|Psychic|p1b: Basculegion\n|-damage|p1b: Basculegion|66\/100\n|move|p2a: Hydreigon|Dark Pulse|p1b: Basculegion\n|-supereffective|p1b: Basculegion\n|-damage|p1b: Basculegion|0 fnt\n|faint|p1b: Basculegion\n|\n|upkeep\n|\n|t:|1697567815\n|switch|p1b: Mamoswine|Mamoswine, M|100\/100\n|turn|11\n|\n|t:|1697567822\n|move|p2b: Lucario|Aura Sphere|p1b: Mamoswine\n|-supereffective|p1b: Mamoswine\n|-damage|p1b: Mamoswine|0 fnt\n|faint|p1b: Mamoswine\n|move|p2a: Hydreigon|Dragon Pulse|p1a: Goodra\n|-supereffective|p1a: Goodra\n|-damage|p1a: Goodra|0 fnt\n|faint|p1a: Goodra\n|\n|upkeep\n|\n|t:|1697567830\n|switch|p1b: Farigiraf|Farigiraf, F|99\/100\n|switch|p1a: Pelipper|Pelipper, M|1\/100\n|-weather|RainDance|[from] ability: Drizzle|[of] p1a: Pelipper\n|turn|12\n|\n|t:|1697567840\n|move|p2b: Lucario|Aura Sphere|p1b: Farigiraf\n|-damage|p1b: Farigiraf|38\/100\n|move|p2a: Hydreigon|Dark Pulse|p1a: Pelipper\n|-damage|p1a: Pelipper|0 fnt\n|faint|p1a: Pelipper\n|move|p1b: Farigiraf|Dazzling Gleam|p2a: Hydreigon|[spread] p2a,p2b\n|-supereffective|p2a: Hydreigon\n|-damage|p2a: Hydreigon|32\/100\n|-damage|p2b: Lucario|77\/100\n|\n|-weather|RainDance|[upkeep]\n|-heal|p2a: Hydreigon|38\/100|[from] item: Leftovers\n|-heal|p1b: Farigiraf|44\/100|[from] item: Leftovers\n|upkeep\n|turn|13\n|\n|t:|1697567852\n|move|p1b: Farigiraf|Protect|p1b: Farigiraf\n|-singleturn|p1b: Farigiraf|Protect\n|move|p2b: Lucario|Aura Sphere|p1b: Farigiraf\n|-activate|p1b: Farigiraf|move: Protect\n|move|p2a: Hydreigon|Dragon Pulse|p1b: Farigiraf\n|-activate|p1b: Farigiraf|move: Protect\n|\n|-weather|RainDance|[upkeep]\n|-heal|p2a: Hydreigon|44\/100|[from] item: Leftovers\n|-heal|p1b: Farigiraf|50\/100|[from] item: Leftovers\n|upkeep\n|turn|14\n|\n|t:|1697567862\n|move|p2b: Lucario|Aura Sphere|p1b: Farigiraf\n|-damage|p1b: Farigiraf|0 fnt\n|faint|p1b: Farigiraf\n|\n|win|Noibaat 500\n|raw|chiloki's rating: 1000 &rarr; <strong>1000<\/strong><br \/>(+0 for losing)\n|raw|Noibaat 500's rating: 1059 &rarr; <strong>1085<\/strong><br \/>(+26 for winning)\n","uploadtime":1697567866,"views":6,"p1id":"chiloki","p2id":"noibaat500","formatid":"gen9nationaldexdoubles","rating":1000,"private":0,"password":""}