{"id":"gen9nationaldexdoubles-1982762061","p1":"UltraVapor","p2":"Obsidrugon","format":"[Gen 9] National Dex Doubles","log":"|j|\u2606UltraVapor\n|j|\u2606Obsidrugon\n|t:|1699042460\n|gametype|doubles\n|player|p1|UltraVapor|shelly|1240\n|player|p2|Obsidrugon|erika-gen1|1233\n|teamsize|p1|6\n|teamsize|p2|6\n|gen|9\n|tier|[Gen 9] National Dex Doubles\n|rated|\n|rule|HP Percentage Mod: HP is shown in percentages\n|rule|Endless Battle Clause: Forcing endless battles is banned\n|rule|OHKO Clause: OHKO moves are banned\n|rule|Evasion Moves Clause: Evasion moves are banned\n|rule|Evasion Abilities Clause: Evasion abilities are banned\n|rule|Species Clause: Limit one of each Pok\u00e9mon\n|rule|Gravity Sleep Clause: The combination of sleep-inducing moves with imperfect accuracy and Gravity or Gigantamax Orbeetle are banned\n|clearpoke\n|poke|p1|Vaporeon, M|\n|poke|p1|Umbreon, F|\n|poke|p1|Sylveon, F|\n|poke|p1|Goodra, F|\n|poke|p1|Zoroark-Hisui, F|\n|poke|p1|Ninetales-Alola, F|\n|poke|p2|Indeedee, M|\n|poke|p2|Oricorio-Pom-Pom, M|\n|poke|p2|Alakazam, F|\n|poke|p2|Iron Moth|\n|poke|p2|Vivillon-Monsoon, M|\n|poke|p2|Rabsca, M|\n|teampreview\n|c|\u2606Obsidrugon|glhf\n|c|\u2606UltraVapor|omg\n|j| Walccer\n|c|\u2606UltraVapor|Obsidrugon from Loomian Legacy????\n|c|\u2606Obsidrugon|no\n|c|\u2606Obsidrugon|obsidrugon from doodle world\n|c| Walccer|NOOO\n|c|\u2606UltraVapor|real\n|\n|t:|1699042501\n|start\n|switch|p1a: Ninetales|Ninetales-Alola, F|100\/100\n|switch|p1b: Umbreon|Umbreon, F, shiny|100\/100\n|switch|p2a: Indeedee|Indeedee, M|100\/100\n|switch|p2b: Alakazam|Alakazam, F|100\/100\n|-weather|Snow|[from] ability: Snow Warning|[of] p1a: Ninetales\n|-fieldstart|move: Psychic Terrain|[from] ability: Psychic Surge|[of] p2a: Indeedee\n|turn|1\n|\n|t:|1699042521\n|detailschange|p2b: Alakazam|Alakazam-Mega, F\n|-mega|p2b: Alakazam|Alakazam|Alakazite\n|-ability|p2b: Alakazam|Snow Warning|[from] ability: Trace|[of] p1a: Ninetales\n|move|p2b: Alakazam|Dazzling Gleam|p1a: Ninetales|[spread] p1a,p1b\n|-damage|p1a: Ninetales|67\/100\n|-damage|p1b: Umbreon|47\/100\n|replace|p1b: Zoroark|Zoroark-Hisui, F, shiny\n|-end|p1b: Zoroark|Illusion\n|move|p1b: Zoroark|Bitter Malice|p2b: Alakazam\n|-supereffective|p2b: Alakazam\n|-damage|p2b: Alakazam|0 fnt\n|faint|p2b: Alakazam\n|move|p1a: Ninetales|Dark Pulse|p2a: Indeedee\n|-supereffective|p2a: Indeedee\n|-damage|p2a: Indeedee|45\/100\n|move|p2a: Indeedee|Dazzling Gleam|p1b: Zoroark|[spread] p1a,p1b\n|-damage|p1a: Ninetales|40\/100\n|-damage|p1b: Zoroark|0 fnt\n|faint|p1b: Zoroark\n|-damage|p2a: Indeedee|35\/100|[from] item: Life Orb\n|\n|-weather|Snow|[upkeep]\n|upkeep\n|\n|t:|1699042547\n|switch|p2b: Vivillon|Vivillon-Monsoon, M|100\/100\n|switch|p1b: Sylveon|Sylveon, F, shiny|100\/100\n|turn|2\n|c|\u2606UltraVapor|MONSOON FROM METAL GEAR RISING??\n|c|\u2606Obsidrugon|no its a metal buggy\n|c|\u2606Obsidrugon|a metal buggy wuggy\n|\n|t:|1699042581\n|move|p2a: Indeedee|Expanding Force|p1a: Ninetales|[spread] p1a,p1b\n|-damage|p1a: Ninetales|0 fnt\n|-damage|p1b: Sylveon|35\/100\n|faint|p1a: Ninetales\n|-damage|p2a: Indeedee|25\/100|[from] item: Life Orb\n|-zpower|p2b: Vivillon\n|move|p2b: Vivillon|Z-Sleep Powder|p1b: Sylveon|[anim]Sleep Powder\n|-boost|p2b: Vivillon|spe|1|[zeffect]\n|-status|p1b: Sylveon|slp|[from] move: Sleep Powder\n|cant|p1b: Sylveon|slp\n|\n|-weather|Snow|[upkeep]\n|upkeep\n|c|\u2606UltraVapor|neat\n|c|\u2606UltraVapor|love\n|\n|t:|1699042604\n|switch|p1a: Umbreon|Umbreon, F, shiny|100\/100\n|turn|3\n|c|\u2606UltraVapor|oh shoot\n|c|\u2606UltraVapor|i forgot\n|c|\u2606UltraVapor|my umbreons tera type is wrong\n|\n|t:|1699042644\n|-terastallize|p1b: Sylveon|Fire\n|move|p2b: Vivillon|Bug Buzz|p1a: Umbreon\n|-supereffective|p1a: Umbreon\n|-damage|p1a: Umbreon|49\/100\n|move|p2a: Indeedee|Dazzling Gleam|p1a: Umbreon|[spread] p1a,p1b\n|-supereffective|p1a: Umbreon\n|-resisted|p1b: Sylveon\n|-damage|p1a: Umbreon|20\/100\n|-damage|p1b: Sylveon|26\/100 slp\n|-damage|p2a: Indeedee|15\/100|[from] item: Life Orb\n|cant|p1b: Sylveon|slp\n|move|p1a: Umbreon|Curse|p1a: Umbreon\n|-unboost|p1a: Umbreon|spe|1\n|-boost|p1a: Umbreon|atk|1\n|-boost|p1a: Umbreon|def|1\n|\n|-weather|Snow|[upkeep]\n|upkeep\n|turn|4\n|\n|t:|1699042674\n|move|p2b: Vivillon|Pollen Puff|p2a: Indeedee\n|-heal|p2a: Indeedee|64\/100\n|move|p2a: Indeedee|Dazzling Gleam|p1a: Umbreon|[spread] p1a,p1b\n|-supereffective|p1a: Umbreon\n|-resisted|p1b: Sylveon\n|-crit|p1b: Sylveon\n|-damage|p1a: Umbreon|0 fnt\n|-damage|p1b: Sylveon|9\/100 slp\n|faint|p1a: Umbreon\n|-damage|p2a: Indeedee|55\/100|[from] item: Life Orb\n|-curestatus|p1b: Sylveon|slp|[msg]\n|move|p1b: Sylveon|Tera Blast|p2b: Vivillon|[anim] Tera Blast Fire\n|-supereffective|p2b: Vivillon\n|-damage|p2b: Vivillon|0 fnt\n|faint|p2b: Vivillon\n|\n|-weather|Snow|[upkeep]\n|upkeep\n|c|\u2606UltraVapor|im ded\n|\n|t:|1699042696\n|switch|p2b: Iron Moth|Iron Moth|100\/100\n|switch|p1a: Vaporeon|Vaporeon, M|100\/100\n|-enditem|p2b: Iron Moth|Booster Energy\n|-activate|p2b: Iron Moth|ability: Quark Drive|[fromitem]\n|-start|p2b: Iron Moth|quarkdrivespe\n|turn|5\n|\n|t:|1699042719\n|-terastallize|p2b: Iron Moth|Poison\n|move|p2b: Iron Moth|Sludge Wave|p1a: Vaporeon|[spread] p2a,p1a,p1b\n|-damage|p2a: Indeedee|0 fnt\n|-damage|p1a: Vaporeon|61\/100\n|-damage|p1b: Sylveon|0 fnt\n|faint|p2a: Indeedee\n|faint|p1b: Sylveon\n|move|p1a: Vaporeon|Aqua Ring|p1a: Vaporeon\n|-start|p1a: Vaporeon|Aqua Ring\n|\n|-weather|none\n|-heal|p1a: Vaporeon|68\/100|[from] item: Leftovers\n|-heal|p1a: Vaporeon|74\/100|[from] Aqua Ring\n|-fieldend|move: Psychic Terrain\n|upkeep\n|\n|t:|1699042730\n|switch|p2a: Oricorio|Oricorio-Pom-Pom, M|100\/100\n|switch|p1b: Goodra|Goodra, F|100\/100\n|turn|6\n|\n|t:|1699042746\n|move|p2b: Iron Moth|Dazzling Gleam|p1b: Goodra|[spread] p1a,p1b\n|-supereffective|p1b: Goodra\n|-damage|p1a: Vaporeon|59\/100\n|-damage|p1b: Goodra|76\/100\n|move|p2a: Oricorio|Quiver Dance|p2a: Oricorio\n|-boost|p2a: Oricorio|spa|1\n|-boost|p2a: Oricorio|spd|1\n|-boost|p2a: Oricorio|spe|1\n|move|p1b: Goodra|Rain Dance|p1b: Goodra\n|-weather|RainDance\n|move|p1a: Vaporeon|Scald|p2b: Iron Moth\n|-crit|p2b: Iron Moth\n|-damage|p2b: Iron Moth|5\/100\n|\n|-weather|RainDance|[upkeep]\n|-heal|p1a: Vaporeon|65\/100|[from] item: Leftovers\n|-heal|p1a: Vaporeon|72\/100|[from] Aqua Ring\n|upkeep\n|turn|7\n|c|\u2606Obsidrugon|damn i didnt copy rain dance\n|\n|t:|1699042778\n|move|p2b: Iron Moth|Fiery Dance|p1b: Goodra\n|-resisted|p1b: Goodra\n|-damage|p1b: Goodra|71\/100\n|-activate|p2a: Oricorio|ability: Dancer\n|move|p2a: Oricorio|Fiery Dance|p1b: Goodra|[from]ability: Dancer\n|-resisted|p1b: Goodra\n|-damage|p1b: Goodra|66\/100\n|-boost|p2a: Oricorio|spa|1\n|move|p2a: Oricorio|Revelation Dance|p1a: Vaporeon\n|-supereffective|p1a: Vaporeon\n|-damage|p1a: Vaporeon|0 fnt\n|faint|p1a: Vaporeon\n|move|p1b: Goodra|Dragon Pulse|p2b: Iron Moth\n|-damage|p2b: Iron Moth|0 fnt\n|faint|p2b: Iron Moth\n|-end|p2b: Iron Moth|Quark Drive|[silent]\n|\n|-weather|RainDance|[upkeep]\n|upkeep\n|c|\u2606UltraVapor|it wouldnt have done anythig\n|\n|t:|1699042787\n|switch|p2b: Rabsca|Rabsca, M|100\/100\n|turn|8\n|\n|t:|1699042802\n|move|p2a: Oricorio|Revelation Dance|p1b: Goodra\n|-resisted|p1b: Goodra\n|-damage|p1b: Goodra|43\/100\n|move|p1b: Goodra|Dragon Pulse|p2a: Oricorio\n|-damage|p2a: Oricorio|67\/100\n|move|p2b: Rabsca|Revival Blessing|p2b: Rabsca\n|c|\u2606UltraVapor|REVIVAL BLESSING\n|\n|t:|1699042820\n|-heal|p2: Vivillon|50\/100|[from] move: Revival Blessing\n|\n|-weather|RainDance|[upkeep]\n|upkeep\n|turn|9\n|c|\u2606UltraVapor|oh fuck\n|\n|t:|1699042838\n|move|p2a: Oricorio|Revelation Dance|p1b: Goodra\n|-resisted|p1b: Goodra\n|-damage|p1b: Goodra|20\/100\n|move|p1b: Goodra|Dragon Pulse|p2a: Oricorio\n|-crit|p2a: Oricorio\n|-damage|p2a: Oricorio|0 fnt\n|faint|p2a: Oricorio\n|move|p2b: Rabsca|Dazzling Gleam|p1b: Goodra\n|-supereffective|p1b: Goodra\n|-damage|p1b: Goodra|0 fnt\n|faint|p1b: Goodra\n|\n|win|Obsidrugon\n|raw|UltraVapor's rating: 1240 &rarr; <strong>1214<\/strong><br \/>(-26 for losing)\n|raw|Obsidrugon's rating: 1233 &rarr; <strong>1259<\/strong><br \/>(+26 for winning)\n|c|\u2606Obsidrugon|gg\n|c|\u2606UltraVapor|gg\n|c|\u2606UltraVapor|fun\n|l|\u2606Obsidrugon\n|l| Walccer\n","uploadtime":1699042873,"views":6,"p1id":"ultravapor","p2id":"obsidrugon","formatid":"gen9nationaldexdoubles","rating":1214,"private":0,"password":""}