{"id":"gen9nationaldexdoubles-1951214126","p1":"Zelphalopod","p2":"2wb","format":"[Gen 9] National Dex Doubles","log":"|j|\u2606Zelphalopod\n|j|\u26062wb\n|t:|1695560679\n|gametype|doubles\n|player|p1|Zelphalopod|brendan-masters|\n|player|p2|2wb|backersf|\n|teamsize|p1|6\n|teamsize|p2|6\n|gen|9\n|tier|[Gen 9] National Dex Doubles\n|rule|HP Percentage Mod: HP is shown in percentages\n|rule|Endless Battle Clause: Forcing endless battles is banned\n|rule|OHKO Clause: OHKO moves are banned\n|rule|Evasion Moves Clause: Evasion moves are banned\n|rule|Evasion Abilities Clause: Evasion abilities are banned\n|rule|Species Clause: Limit one of each Pok\u00e9mon\n|rule|Gravity Sleep Clause: The combination of sleep-inducing moves with imperfect accuracy and Gravity or Gigantamax Orbeetle are banned\n|clearpoke\n|poke|p1|Blaziken, M|\n|poke|p1|Gyarados, M|\n|poke|p1|Volcanion|\n|poke|p1|Glimmora, F|\n|poke|p1|Brute Bonnet|\n|poke|p1|Lilligant-Hisui, F|\n|poke|p2|Sableye, F|\n|poke|p2|Roaring Moon|\n|poke|p2|Tornadus-Therian, M|\n|poke|p2|Walking Wake|\n|poke|p2|Ninetales, M|\n|poke|p2|Scovillain, F|\n|teampreview\n|j| Datagne\n|\n|t:|1695560728\n|start\n|switch|p1a: Among|Brute Bonnet|100\/100\n|switch|p1b: Storm|Volcanion|100\/100\n|switch|p2a: Rampant Ragwort|Scovillain, F|100\/100\n|switch|p2b: Salmon|Roaring Moon|100\/100\n|turn|1\n|\n|t:|1695560758\n|move|p2b: Salmon|Dragon Claw|p1b: Storm\n|-damage|p1b: Storm|53\/100\n|-damage|p2b: Salmon|91\/100|[from] item: Life Orb\n|move|p2a: Rampant Ragwort|Overheat|p1a: Among|[miss]\n|-miss|p2a: Rampant Ragwort|p1a: Among\n|move|p1b: Storm|Steam Eruption|p2a: Rampant Ragwort\n|-enditem|p2a: Rampant Ragwort|Focus Sash\n|-damage|p2a: Rampant Ragwort|1\/100\n|move|p1a: Among|Clear Smog|p2b: Salmon\n|-damage|p2b: Salmon|83\/100\n|-clearboost|p2b: Salmon\n|\n|upkeep\n|turn|2\n|j| Play Tale of Wuxia\n|\n|t:|1695560803\n|move|p1a: Among|Rage Powder|p1a: Among\n|-singleturn|p1a: Among|move: Rage Powder\n|move|p2b: Salmon|Dragon Dance|p2b: Salmon\n|-boost|p2b: Salmon|atk|1\n|-boost|p2b: Salmon|spe|1\n|move|p2a: Rampant Ragwort|Spicy Extract|p2b: Salmon\n|-boost|p2b: Salmon|atk|2\n|-unboost|p2b: Salmon|def|2\n|move|p1b: Storm|Flamethrower|p2a: Rampant Ragwort\n|-damage|p2a: Rampant Ragwort|0 fnt\n|faint|p2a: Rampant Ragwort\n|\n|upkeep\n|\n|t:|1695560825\n|switch|p2a: Barking Bright|Ninetales, M|100\/100\n|-weather|SunnyDay|[from] ability: Drought|[of] p2a: Barking Bright\n|-activate|p2b: Salmon|ability: Protosynthesis\n|-start|p2b: Salmon|protosynthesisatk\n|-activate|p1a: Among|ability: Protosynthesis\n|-start|p1a: Among|protosynthesisspd\n|turn|3\n|c| Datagne|Wan stop it this is messed up\n|c|\u26062wb|what you don't like 1176 attack salmon?\n|\n|t:|1695560870\n|switch|p1b: Anemone|Lilligant-Hisui, F, shiny|100\/100\n|move|p2b: Salmon|Rock Slide|p1b: Anemone|[spread] p1a,p1b\n|-resisted|p1b: Anemone\n|-damage|p1a: Among|38\/100\n|-damage|p1b: Anemone|31\/100\n|-damage|p2b: Salmon|73\/100|[from] item: Life Orb\n|move|p2a: Barking Bright|Baton Pass|p2a: Barking Bright\n|\n|t:|1695560881\n|switch|p2a: Huiverig Onweer|Tornadus-Therian, M|100\/100|[from] Baton Pass\n|move|p1a: Among|Spore|p2b: Salmon\n|-status|p2b: Salmon|slp|[from] move: Spore\n|\n|-weather|SunnyDay|[upkeep]\n|-heal|p1a: Among|45\/100|[from] item: Leftovers\n|upkeep\n|turn|4\n|\n|t:|1695560907\n|switch|p1b: Storm|Volcanion|53\/100\n|cant|p2b: Salmon|slp\n|move|p2a: Huiverig Onweer|Bleakwind Storm|p1b: Storm|[spread] p1b\n|-miss|p2a: Huiverig Onweer|p1a: Among\n|-damage|p1b: Storm|23\/100\n|-unboost|p1b: Storm|spe|1\n|move|p1a: Among|Spore|p2a: Huiverig Onweer\n|-status|p2a: Huiverig Onweer|slp|[from] move: Spore\n|\n|-weather|SunnyDay|[upkeep]\n|-heal|p1a: Among|51\/100|[from] item: Leftovers\n|upkeep\n|turn|5\n|c|\u26062wb|besides it's super risky\n|c|\u26062wb|see???\n|\n|t:|1695560951\n|cant|p2b: Salmon|slp\n|cant|p2a: Huiverig Onweer|slp\n|move|p1a: Among|Clear Smog|p2b: Salmon\n|-damage|p2b: Salmon|65\/100 slp\n|-clearboost|p2b: Salmon\n|move|p1b: Storm|Flamethrower|p2a: Huiverig Onweer\n|-damage|p2a: Huiverig Onweer|6\/100 slp\n|\n|-weather|SunnyDay|[upkeep]\n|-heal|p1a: Among|57\/100|[from] item: Leftovers\n|upkeep\n|turn|6\n|\n|t:|1695560976\n|switch|p2a: Gemnie|Sableye, F|100\/100\n|switch|p1b: Shimmer|Glimmora, F|100\/100\n|-curestatus|p2b: Salmon|slp|[msg]\n|move|p2b: Salmon|Rock Slide|p1b: Shimmer|[spread] p1a,p1b\n|-damage|p1a: Among|33\/100\n|-damage|p1b: Shimmer|58\/100\n|-damage|p2b: Salmon|55\/100|[from] item: Life Orb\n|move|p1a: Among|Spore|p2b: Salmon\n|-status|p2b: Salmon|slp|[from] move: Spore\n|\n|-weather|SunnyDay|[upkeep]\n|-heal|p1a: Among|39\/100|[from] item: Leftovers\n|upkeep\n|turn|7\n|c|\u26062wb|guffaw\n|c|\u2606Zelphalopod|I have the pillow ready\n|\n|t:|1695561021\n|-end|p2b: Salmon|Protosynthesis|[silent]\n|switch|p2b: Phones|Walking Wake|100\/100\n|-activate|p2b: Phones|ability: Protosynthesis\n|-start|p2b: Phones|protosynthesisspa\n|move|p1a: Among|Rage Powder|p1a: Among\n|-singleturn|p1a: Among|move: Rage Powder\n|move|p2a: Gemnie|Imprison|p2a: Gemnie\n|-start|p2a: Gemnie|move: Imprison\n|move|p1b: Shimmer|Dazzling Gleam|p2b: Phones|[spread] p2a,p2b\n|-supereffective|p2a: Gemnie\n|-supereffective|p2b: Phones\n|-damage|p2a: Gemnie|39\/100\n|-damage|p2b: Phones|71\/100\n|\n|-weather|SunnyDay|[upkeep]\n|-heal|p1a: Among|45\/100|[from] item: Leftovers\n|upkeep\n|turn|8\n|\n|t:|1695561046\n|-end|p1a: Among|Protosynthesis|[silent]\n|switch|p1a: Storm|Volcanion|23\/100\n|move|p2a: Gemnie|Taunt|p1a: Storm\n|-start|p1a: Storm|move: Taunt\n|move|p2b: Phones|Hydro Steam|p1b: Shimmer\n|-supereffective|p1b: Shimmer\n|-damage|p1b: Shimmer|0 fnt\n|faint|p1b: Shimmer\n|\n|-weather|SunnyDay|[upkeep]\n|upkeep\n|\n|t:|1695561058\n|switch|p1b: Among|Brute Bonnet|45\/100\n|-activate|p1b: Among|ability: Protosynthesis\n|-start|p1b: Among|protosynthesisspd\n|turn|9\n|\n|t:|1695561114\n|-end|p2b: Phones|Protosynthesis|[silent]\n|switch|p2b: Salmon|Roaring Moon|55\/100 slp\n|-activate|p2b: Salmon|ability: Protosynthesis\n|-start|p2b: Salmon|protosynthesisspe\n|move|p2a: Gemnie|Detect|p2a: Gemnie\n|-singleturn|p2a: Gemnie|Protect\n|move|p1a: Storm|Flamethrower|p2a: Gemnie\n|-activate|p2a: Gemnie|move: Protect\n|move|p1b: Among|Spore|p2b: Salmon\n|-fail|p2b: Salmon|slp\n|\n|-weather|SunnyDay|[upkeep]\n|-heal|p1b: Among|51\/100|[from] item: Leftovers\n|upkeep\n|turn|10\n|c|\u2606Zelphalopod|damn, played\n|c|\u2606Zelphalopod|here's a second pillow\n|c|\u26062wb|kekekslkfjds\n|\n|t:|1695561152\n|-end|p1b: Among|Protosynthesis|[silent]\n|switch|p1b: Taro|Blaziken, M|100\/100\n|switch|p2a: Huiverig Onweer|Tornadus-Therian, M|40\/100 slp\n|cant|p2b: Salmon|slp\n|move|p1a: Storm|Flamethrower|p2a: Huiverig Onweer\n|-damage|p2a: Huiverig Onweer|0 fnt\n|faint|p2a: Huiverig Onweer\n|\n|-weather|none\n|-end|p2b: Salmon|Protosynthesis\n|-end|p1a: Storm|move: Taunt\n|upkeep\n|c|\u26062wb|NO\n|\n|t:|1695561165\n|switch|p2a: Gemnie|Sableye, F|39\/100\n|turn|11\n|\n|t:|1695561177\n|switch|p1b: Shui-Long|Gyarados, M|100\/100\n|-ability|p1b: Shui-Long|Intimidate|boost\n|-unboost|p2a: Gemnie|atk|1\n|-unboost|p2b: Salmon|atk|1\n|move|p2a: Gemnie|Imprison|p2a: Gemnie\n|-start|p2a: Gemnie|move: Imprison\n|cant|p2b: Salmon|slp\n|move|p1a: Storm|Steam Eruption|p2a: Gemnie\n|-damage|p2a: Gemnie|0 fnt\n|faint|p2a: Gemnie\n|\n|upkeep\n|\n|t:|1695561196\n|switch|p2a: Phones|Walking Wake|71\/100\n|turn|12\n|\n|t:|1695561239\n|switch|p1a: Among|Brute Bonnet|51\/100\n|-curestatus|p2b: Salmon|slp|[msg]\n|move|p2b: Salmon|Rock Slide|p1a: Among|[spread] p1a,p1b\n|-supereffective|p1b: Shui-Long\n|-damage|p1a: Among|38\/100\n|-damage|p1b: Shui-Long|68\/100\n|-damage|p2b: Salmon|45\/100|[from] item: Life Orb\n|move|p2a: Phones|Dragon Pulse|p1b: Shui-Long\n|-damage|p1b: Shui-Long|27\/100\n|move|p1b: Shui-Long|Thunder Wave|p2a: Phones|[miss]\n|-miss|p1b: Shui-Long|p2a: Phones\n|\n|-heal|p1a: Among|45\/100|[from] item: Leftovers\n|upkeep\n|turn|13\n|\n|t:|1695561262\n|move|p1b: Shui-Long|Protect|p1b: Shui-Long\n|-singleturn|p1b: Shui-Long|Protect\n|move|p2b: Salmon|Dragon Claw|p1b: Shui-Long\n|-activate|p1b: Shui-Long|move: Protect\n|move|p2a: Phones|Flamethrower|p1a: Among\n|-supereffective|p1a: Among\n|-damage|p1a: Among|3\/100\n|move|p1a: Among|Spore|p2a: Phones\n|-status|p2a: Phones|slp|[from] move: Spore\n|\n|-heal|p1a: Among|9\/100|[from] item: Leftovers\n|upkeep\n|turn|14\n|\n|t:|1695561295\n|-end|p2a: Phones|Protosynthesis|[silent]\n|switch|p2a: Barking Bright|Ninetales, M|100\/100\n|-weather|SunnyDay|[from] ability: Drought|[of] p2a: Barking Bright\n|-activate|p2b: Salmon|ability: Protosynthesis\n|-start|p2b: Salmon|protosynthesisspe\n|-activate|p1a: Among|ability: Protosynthesis\n|-start|p1a: Among|protosynthesisspd\n|move|p1a: Among|Rage Powder|p1a: Among\n|-singleturn|p1a: Among|move: Rage Powder\n|move|p2b: Salmon|Rock Slide|p1a: Among|[spread] p1a,p1b\n|-supereffective|p1b: Shui-Long\n|-damage|p1a: Among|0 fnt\n|-damage|p1b: Shui-Long|0 fnt\n|faint|p1a: Among\n|-end|p1a: Among|Protosynthesis|[silent]\n|faint|p1b: Shui-Long\n|-damage|p2b: Salmon|35\/100|[from] item: Life Orb\n|\n|-weather|SunnyDay|[upkeep]\n|upkeep\n|\n|t:|1695561315\n|switch|p1b: Anemone|Lilligant-Hisui, F, shiny|31\/100\n|switch|p1a: Taro|Blaziken, M|100\/100\n|turn|15\n|\n|t:|1695561345\n|move|p1b: Anemone|Close Combat|p2b: Salmon\n|-supereffective|p2b: Salmon\n|-damage|p2b: Salmon|0 fnt\n|-unboost|p1b: Anemone|def|1\n|-unboost|p1b: Anemone|spd|1\n|faint|p2b: Salmon\n|-end|p2b: Salmon|Protosynthesis|[silent]\n|-damage|p1b: Anemone|21\/100|[from] item: Life Orb\n|move|p2a: Barking Bright|Agility|p2a: Barking Bright\n|-boost|p2a: Barking Bright|spe|2\n|move|p1a: Taro|Close Combat|p2a: Barking Bright\n|-damage|p2a: Barking Bright|0 fnt\n|-unboost|p1a: Taro|def|1\n|-unboost|p1a: Taro|spd|1\n|faint|p2a: Barking Bright\n|\n|-weather|SunnyDay|[upkeep]\n|-ability|p1a: Taro|Speed Boost|boost\n|-boost|p1a: Taro|spe|1\n|upkeep\n|c|\u26062wb|well that poses a double problem\n|c|\u26062wb|oh a triple problem\n|\n|t:|1695561371\n|switch|p2a: Phones|Walking Wake|71\/100 slp\n|-activate|p2a: Phones|ability: Protosynthesis\n|-start|p2a: Phones|protosynthesisspa\n|turn|16\n|c|\u2606Zelphalopod|is it too late to claim winner take all for this one (complete joke)\n|\n|t:|1695561390\n|move|p1b: Anemone|Solar Blade||[still]\n|-prepare|p1b: Anemone|Solar Blade\n|-anim|p1b: Anemone|Solar Blade|p2a: Phones\n|-damage|p2a: Phones|0 fnt\n|faint|p2a: Phones\n|-end|p2a: Phones|Protosynthesis|[silent]\n|-damage|p1b: Anemone|11\/100|[from] item: Life Orb\n|\n|win|Zelphalopod\n|c|\u26062wb|i made that offer before the battle started and you rejected it\n|c|\u26062wb|gg\n|c|\u2606Zelphalopod|didn't seem fair\n|l| Play Tale of Wuxia\n|c|\u2606Zelphalopod|but this softened the ego blow\n","uploadtime":1695561425,"views":19,"p1id":"zelphalopod","p2id":"2wb","formatid":"gen9nationaldexdoubles","rating":0,"private":0,"password":""}