{"id":"gen9nationaldexdoubles-1966895047","p1":"Chunkle","p2":"luijoroma","format":"[Gen 9] National Dex Doubles","log":"|j|\u2606Chunkle\n|j|\u2606luijoroma\n|t:|1697231423\n|gametype|doubles\n|player|p1|Chunkle|eusine|1126\n|player|p2|luijoroma|lucas-gen4pt|1017\n|teamsize|p1|6\n|teamsize|p2|6\n|gen|9\n|tier|[Gen 9] National Dex Doubles\n|rated|\n|rule|HP Percentage Mod: HP is shown in percentages\n|rule|Endless Battle Clause: Forcing endless battles is banned\n|rule|OHKO Clause: OHKO moves are banned\n|rule|Evasion Moves Clause: Evasion moves are banned\n|rule|Evasion Abilities Clause: Evasion abilities are banned\n|rule|Species Clause: Limit one of each Pok\u00e9mon\n|rule|Gravity Sleep Clause: The combination of sleep-inducing moves with imperfect accuracy and Gravity or Gigantamax Orbeetle are banned\n|clearpoke\n|poke|p1|Gyarados, F|\n|poke|p1|Iron Hands|\n|poke|p1|Sinistcha-Masterpiece|\n|poke|p1|Munkidori, M|\n|poke|p1|Armarouge, F|\n|poke|p1|Tornadus, M|\n|poke|p2|Garchomp, M|\n|poke|p2|Togekiss, M|\n|poke|p2|Milotic, F|\n|poke|p2|Typhlosion, M|\n|poke|p2|Tinkaton, F|\n|poke|p2|Gardevoir, F|\n|teampreview\n|\n|t:|1697231436\n|start\n|switch|p1a: Oonkey|Munkidori, M|100\/100\n|switch|p1b: Typhon|Tornadus, M|100\/100\n|switch|p2a: Tinkaton|Tinkaton, F|100\/100\n|switch|p2b: Togekiss|Togekiss, M|100\/100\n|-ability|p2a: Tinkaton|Mold Breaker\n|turn|1\n|\n|t:|1697231452\n|move|p1a: Oonkey|Fake Out|p2a: Tinkaton\n|-resisted|p2a: Tinkaton\n|-damage|p2a: Tinkaton|96\/100\n|move|p1b: Typhon|Taunt|p2b: Togekiss\n|-start|p2b: Togekiss|move: Taunt\n|cant|p2a: Tinkaton|flinch\n|move|p2b: Togekiss|Dazzling Gleam|p1a: Oonkey|[spread] p1a,p1b\n|-resisted|p1a: Oonkey\n|-damage|p1a: Oonkey|86\/100\n|-damage|p1b: Typhon|68\/100\n|\n|upkeep\n|turn|2\n|\n|t:|1697231471\n|move|p1b: Typhon|Tailwind|p1b: Typhon\n|-sidestart|p1: Chunkle|move: Tailwind\n|move|p1a: Oonkey|Parting Shot|p2a: Tinkaton\n|-unboost|p2a: Tinkaton|atk|1\n|-unboost|p2a: Tinkaton|spa|1\n|\n|t:|1697231477\n|switch|p1a: Megaman|Armarouge, F, shiny|100\/100|[from] Parting Shot\n|move|p2a: Tinkaton|Stone Edge|p1b: Typhon|[miss]\n|-miss|p2a: Tinkaton|p1b: Typhon\n|move|p2b: Togekiss|Air Cutter|p1b: Typhon|[spread] p1a\n|-miss|p2b: Togekiss|p1b: Typhon\n|-crit|p1a: Megaman\n|-damage|p1a: Megaman|63\/100\n|\n|upkeep\n|turn|3\n|\n|t:|1697231496\n|move|p1b: Typhon|Bleakwind Storm|p2b: Togekiss|[spread] \n|-miss|p1b: Typhon|p2a: Tinkaton\n|-miss|p1b: Typhon|p2b: Togekiss\n|move|p1a: Megaman|Flamethrower|p2a: Tinkaton\n|-supereffective|p2a: Tinkaton\n|-damage|p2a: Tinkaton|6\/100\n|-damage|p1a: Megaman|53\/100|[from] item: Life Orb\n|move|p2a: Tinkaton|Gigaton Hammer|p1b: Typhon\n|-damage|p1b: Typhon|2\/100\n|move|p2b: Togekiss|Tri Attack|p1a: Megaman\n|-crit|p1a: Megaman\n|-damage|p1a: Megaman|10\/100\n|-status|p1a: Megaman|frz\n|\n|-end|p2b: Togekiss|move: Taunt\n|upkeep\n|turn|4\n|\n|t:|1697231520\n|move|p1b: Typhon|Bleakwind Storm|p2b: Togekiss|[spread] p2a,p2b\n|-resisted|p2a: Tinkaton\n|-damage|p2a: Tinkaton|0 fnt\n|-damage|p2b: Togekiss|68\/100\n|faint|p2a: Tinkaton\n|cant|p1a: Megaman|frz\n|move|p2b: Togekiss|Air Cutter|p1b: Typhon|[spread] p1a,p1b\n|-crit|p1b: Typhon\n|-damage|p1a: Megaman|0 fnt\n|-damage|p1b: Typhon|0 fnt\n|faint|p1a: Megaman\n|faint|p1b: Typhon\n|\n|-heal|p2b: Togekiss|74\/100|[from] item: Leftovers\n|upkeep\n|\n|t:|1697231534\n|switch|p1b: Wurt|Iron Hands|100\/100\n|switch|p2a: Milotic|Milotic, F, shiny|100\/100\n|switch|p1a: Freshwater Frank|Gyarados, F, shiny|100\/100\n|-ability|p1a: Freshwater Frank|Intimidate|boost\n|-unboost|p2a: Milotic|atk|1\n|-unboost|p2b: Togekiss|atk|1\n|-enditem|p1b: Wurt|Booster Energy\n|-activate|p1b: Wurt|ability: Quark Drive|[fromitem]\n|-start|p1b: Wurt|quarkdriveatk\n|turn|5\n|\n|t:|1697231557\n|detailschange|p1a: Freshwater Frank|Gyarados-Mega, F, shiny\n|-mega|p1a: Freshwater Frank|Gyarados|Gyaradosite\n|-ability|p1a: Freshwater Frank|Mold Breaker\n|move|p1a: Freshwater Frank|Curse|p1a: Freshwater Frank\n|-unboost|p1a: Freshwater Frank|spe|1\n|-boost|p1a: Freshwater Frank|atk|1\n|-boost|p1a: Freshwater Frank|def|1\n|move|p2b: Togekiss|Tri Attack|p1a: Freshwater Frank\n|-damage|p1a: Freshwater Frank|81\/100\n|-status|p1a: Freshwater Frank|brn\n|move|p1b: Wurt|Thunder Punch|p2a: Milotic\n|-supereffective|p2a: Milotic\n|-damage|p2a: Milotic|0 fnt\n|faint|p2a: Milotic\n|\n|-heal|p2b: Togekiss|80\/100|[from] item: Leftovers\n|-damage|p1a: Freshwater Frank|75\/100 brn|[from] brn\n|-sideend|p1: Chunkle|move: Tailwind\n|upkeep\n|\n|t:|1697231579\n|switch|p2a: Gardevoir|Gardevoir, F|100\/100\n|turn|6\n|\n|t:|1697231601\n|-end|p1b: Wurt|Quark Drive|[silent]\n|switch|p1b: Bastard Asshole|Sinistcha-Masterpiece|100\/100\n|-heal|p1a: Freshwater Frank|99\/100 brn|[from] ability: Hospitality|[of] p1b: Bastard Asshole\n|detailschange|p2a: Gardevoir|Gardevoir-Mega, F\n|-mega|p2a: Gardevoir|Gardevoir|Gardevoirite\n|move|p2a: Gardevoir|Moonblast|p1a: Freshwater Frank\n|-supereffective|p1a: Freshwater Frank\n|-damage|p1a: Freshwater Frank|6\/100 brn\n|move|p2b: Togekiss|Air Cutter|p1b: Bastard Asshole|[spread] p1a,p1b\n|-supereffective|p1b: Bastard Asshole\n|-damage|p1a: Freshwater Frank|0 fnt\n|-damage|p1b: Bastard Asshole|55\/100\n|faint|p1a: Freshwater Frank\n|\n|-heal|p2b: Togekiss|87\/100|[from] item: Leftovers\n|upkeep\n|\n|t:|1697231614\n|switch|p1a: Oonkey|Munkidori, M|86\/100\n|turn|7\n|\n|t:|1697231631\n|switch|p2a: Garchomp|Garchomp, M|100\/100\n|-terastallize|p1b: Bastard Asshole|Grass\n|move|p1a: Oonkey|Fake Out|p2a: Garchomp\n|-damage|p2a: Garchomp|94\/100\n|-damage|p1a: Oonkey|73\/100|[from] ability: Rough Skin|[of] p2a: Garchomp\n|-status|p2a: Garchomp|tox|[from] ability: Toxic Chain|[of] p1a: Oonkey\n|move|p2b: Togekiss|Air Cutter|p1b: Bastard Asshole|[spread] p1a,p1b\n|-supereffective|p1b: Bastard Asshole\n|-crit|p1b: Bastard Asshole\n|-damage|p1a: Oonkey|49\/100\n|-damage|p1b: Bastard Asshole|0 fnt\n|faint|p1b: Bastard Asshole\n|\n|-heal|p2b: Togekiss|93\/100|[from] item: Leftovers\n|-damage|p2a: Garchomp|88\/100 tox|[from] psn\n|upkeep\n|-message|Chunkle forfeited.\n|\n|win|luijoroma\n|raw|Chunkle's rating: 1126 &rarr; <strong>1093<\/strong><br \/>(-33 for losing)\n|raw|luijoroma's rating: 1017 &rarr; <strong>1066<\/strong><br \/>(+49 for winning)\n|l|\u2606Chunkle\n","uploadtime":1697231654,"views":13,"p1id":"chunkle","p2id":"luijoroma","formatid":"gen9nationaldexdoubles","rating":1066,"private":0,"password":""}