{"id":"gen9nationaldexdoubles-1960240719","p1":"Real Bani-Banani","p2":"zeref203","format":"[Gen 9] National Dex Doubles","log":"|j|\u2606Real Bani-Banani\n|j|\u2606zeref203\n|t:|1696509831\n|gametype|doubles\n|player|p1|Real Bani-Banani|rocketgruntf|1076\n|player|p2|zeref203|266|1163\n|teamsize|p1|6\n|teamsize|p2|6\n|gen|9\n|tier|[Gen 9] National Dex Doubles\n|rated|\n|rule|HP Percentage Mod: HP is shown in percentages\n|rule|Endless Battle Clause: Forcing endless battles is banned\n|rule|OHKO Clause: OHKO moves are banned\n|rule|Evasion Moves Clause: Evasion moves are banned\n|rule|Evasion Abilities Clause: Evasion abilities are banned\n|rule|Species Clause: Limit one of each Pok\u00e9mon\n|rule|Gravity Sleep Clause: The combination of sleep-inducing moves with imperfect accuracy and Gravity or Gigantamax Orbeetle are banned\n|clearpoke\n|poke|p1|Furret, F|\n|poke|p1|Eelektross, M|\n|poke|p1|Sableye, F|\n|poke|p1|Drifblim, M|\n|poke|p1|Vanilluxe, M|\n|poke|p1|Carbink|\n|poke|p2|Great Tusk|\n|poke|p2|Ninetales, M|\n|poke|p2|Sableye, M|\n|poke|p2|Feraligatr, F|\n|poke|p2|Salamence, F|\n|poke|p2|Flutter Mane|\n|teampreview\n|inactive|Battle timer is ON: inactive players will automatically lose when time's up. (requested by zeref203)\n|\n|t:|1696509838\n|start\n|switch|p1a: BananaForScale|Furret, F|100\/100\n|switch|p1b: TheRetchingNetch|Drifblim, M|100\/100\n|switch|p2a: Ninetales|Ninetales, M|100\/100\n|switch|p2b: Flutter Mane|Flutter Mane|100\/100\n|-item|p2a: Ninetales|Heat Rock|[from] ability: Frisk|[of] p1a: BananaForScale|[identify]\n|-item|p2b: Flutter Mane|Choice Specs|[from] ability: Frisk|[of] p1a: BananaForScale|[identify]\n|-weather|SunnyDay|[from] ability: Drought|[of] p2a: Ninetales\n|-activate|p2b: Flutter Mane|ability: Protosynthesis\n|-start|p2b: Flutter Mane|protosynthesisspe\n|turn|1\n|\n|t:|1696509860\n|move|p2a: Ninetales|Protect|p2a: Ninetales\n|-singleturn|p2a: Ninetales|Protect\n|move|p2b: Flutter Mane|Dazzling Gleam|p1b: TheRetchingNetch|[spread] p1a,p1b\n|-damage|p1a: BananaForScale|10\/100\n|-damage|p1b: TheRetchingNetch|65\/100\n|move|p1a: BananaForScale|Fire Punch|p2b: Flutter Mane\n|-damage|p2b: Flutter Mane|43\/100\n|move|p1b: TheRetchingNetch|Toxic|p2a: Ninetales\n|-activate|p2a: Ninetales|move: Protect\n|\n|-weather|SunnyDay|[upkeep]\n|upkeep\n|turn|2\n|\n|t:|1696509875\n|move|p2b: Flutter Mane|Dazzling Gleam|p1a: BananaForScale|[spread] p1a,p1b\n|-damage|p1a: BananaForScale|0 fnt\n|-damage|p1b: TheRetchingNetch|32\/100\n|faint|p1a: BananaForScale\n|move|p2a: Ninetales|Dark Pulse|p1b: TheRetchingNetch\n|-supereffective|p1b: TheRetchingNetch\n|-damage|p1b: TheRetchingNetch|4\/100\n|cant|p1b: TheRetchingNetch|flinch\n|\n|-weather|SunnyDay|[upkeep]\n|upkeep\n|\n|t:|1696509891\n|switch|p1a: FrostAtronach|Vanilluxe, M|100\/100\n|turn|3\n|\n|t:|1696509902\n|-terastallize|p1a: FrostAtronach|Water\n|move|p2b: Flutter Mane|Dazzling Gleam|p1a: FrostAtronach|[spread] p1a,p1b\n|-damage|p1a: FrostAtronach|48\/100\n|-damage|p1b: TheRetchingNetch|0 fnt\n|faint|p1b: TheRetchingNetch\n|move|p2a: Ninetales|Heat Wave|p1a: FrostAtronach\n|-resisted|p1a: FrostAtronach\n|-damage|p1a: FrostAtronach|18\/100\n|-status|p1a: FrostAtronach|brn\n|move|p1a: FrostAtronach|Rain Dance|p1a: FrostAtronach\n|-weather|RainDance\n|-end|p2b: Flutter Mane|Protosynthesis\n|\n|-weather|RainDance|[upkeep]\n|-damage|p1a: FrostAtronach|12\/100 brn|[from] brn\n|upkeep\n|\n|t:|1696509915\n|switch|p1b: Nazeem|Eelektross, M|100\/100\n|turn|4\n|\n|t:|1696509930\n|move|p2a: Ninetales|Protect|p2a: Ninetales\n|-singleturn|p2a: Ninetales|Protect\n|move|p2b: Flutter Mane|Dazzling Gleam|p1a: FrostAtronach|[spread] p1a,p1b\n|-crit|p1b: Nazeem\n|-damage|p1a: FrostAtronach|0 fnt\n|-damage|p1b: Nazeem|21\/100\n|faint|p1a: FrostAtronach\n|move|p1b: Nazeem|Liquidation|p2a: Ninetales\n|-activate|p2a: Ninetales|move: Protect\n|\n|-weather|RainDance|[upkeep]\n|upkeep\n|\n|t:|1696509938\n|switch|p1a: Stalhrim|Carbink|100\/100\n|turn|5\n|\n|t:|1696509950\n|move|p2b: Flutter Mane|Dazzling Gleam|p1b: Nazeem|[spread] p1a,p1b\n|-damage|p1a: Stalhrim|64\/100\n|-damage|p1b: Nazeem|0 fnt\n|faint|p1b: Nazeem\n|move|p2a: Ninetales|Dark Pulse|p1a: Stalhrim\n|-resisted|p1a: Stalhrim\n|-damage|p1a: Stalhrim|56\/100\n|move|p1a: Stalhrim|Light Screen|p1a: Stalhrim\n|-sidestart|p1: Real Bani-Banani|move: Light Screen\n|\n|-weather|RainDance|[upkeep]\n|upkeep\n|\n|t:|1696509957\n|switch|p1b: Falmer|Sableye, F|100\/100\n|turn|6\n|\n|t:|1696509966\n|switch|p2a: Feraligatr|Feraligatr, F|100\/100\n|move|p1b: Falmer|Skill Swap|p1a: Stalhrim\n|-activate|p1b: Falmer|move: Skill Swap|||[of] p1a: Stalhrim\n|move|p2b: Flutter Mane|Dazzling Gleam|p1b: Falmer|[spread] p1a,p1b\n|-supereffective|p1b: Falmer\n|-damage|p1a: Stalhrim|32\/100\n|-ability|p1b: Falmer|Sturdy\n|-damage|p1b: Falmer|1\/100\n|move|p1a: Stalhrim|Body Press|p2a: Feraligatr\n|-damage|p2a: Feraligatr|66\/100\n|\n|-weather|RainDance|[upkeep]\n|upkeep\n|turn|7\n|\n|t:|1696509982\n|switch|p2a: Ninetales|Ninetales, M|100\/100\n|-weather|SunnyDay|[from] ability: Drought|[of] p2a: Ninetales\n|-activate|p2b: Flutter Mane|ability: Protosynthesis\n|-start|p2b: Flutter Mane|protosynthesisspe\n|move|p1a: Stalhrim|After You|p1b: Falmer\n|-activate|p1b: Falmer|move: After You\n|move|p1b: Falmer|Shadow Ball|p2b: Flutter Mane\n|-supereffective|p2b: Flutter Mane\n|-damage|p2b: Flutter Mane|0 fnt\n|faint|p2b: Flutter Mane\n|-end|p2b: Flutter Mane|Protosynthesis|[silent]\n|\n|-weather|SunnyDay|[upkeep]\n|upkeep\n|\n|t:|1696509992\n|switch|p2b: Feraligatr|Feraligatr, F|66\/100\n|turn|8\n|\n|t:|1696510003\n|move|p1a: Stalhrim|After You|p1b: Falmer\n|-activate|p1b: Falmer|move: After You\n|move|p1b: Falmer|Foul Play|p2b: Feraligatr\n|-damage|p2b: Feraligatr|19\/100\n|move|p2a: Ninetales|Heat Wave|p1b: Falmer|[spread] p1a,p1b\n|-resisted|p1a: Stalhrim\n|-damage|p1a: Stalhrim|22\/100\n|-damage|p1b: Falmer|0 fnt\n|faint|p1b: Falmer\n|move|p2b: Feraligatr|Ice Punch|p1a: Stalhrim\n|-damage|p1a: Stalhrim|0 fnt\n|-damage|p2b: Feraligatr|2\/100|[from] item: Rocky Helmet|[of] p1a: Stalhrim\n|faint|p1a: Stalhrim\n|\n|win|zeref203\n|raw|Real Bani-Banani's rating: 1076 &rarr; <strong>1060<\/strong><br \/>(-16 for losing)\n|raw|zeref203's rating: 1163 &rarr; <strong>1182<\/strong><br \/>(+19 for winning)\n|c|\u2606Real Bani-Banani|gg wp\n","uploadtime":1696510018,"views":12,"p1id":"realbanibanani","p2id":"zeref203","formatid":"gen9nationaldexdoubles","rating":1060,"private":0,"password":""}