{"id":"gen9nationaldexdoubles-1965511381","p1":"Natezero58","p2":"Redjoejo","format":"[Gen 9] National Dex Doubles","log":"|j|\u2606Natezero58\n|j|\u2606Redjoejo\n|t:|1697081255\n|gametype|doubles\n|player|p1|Natezero58|2|1175\n|player|p2|Redjoejo|n|1246\n|teamsize|p1|6\n|teamsize|p2|6\n|gen|9\n|tier|[Gen 9] National Dex Doubles\n|rated|\n|rule|HP Percentage Mod: HP is shown in percentages\n|rule|Endless Battle Clause: Forcing endless battles is banned\n|rule|OHKO Clause: OHKO moves are banned\n|rule|Evasion Moves Clause: Evasion moves are banned\n|rule|Evasion Abilities Clause: Evasion abilities are banned\n|rule|Species Clause: Limit one of each Pok\u00e9mon\n|rule|Gravity Sleep Clause: The combination of sleep-inducing moves with imperfect accuracy and Gravity or Gigantamax Orbeetle are banned\n|clearpoke\n|poke|p1|Morpeko, F|\n|poke|p1|Toxapex, F|\n|poke|p1|Fezandipiti, M|\n|poke|p1|Amoonguss, F|\n|poke|p1|Arboliva, F|\n|poke|p1|Whimsicott, M|\n|poke|p2|Serperior, M|\n|poke|p2|Pelipper, F|\n|poke|p2|Rillaboom, F|\n|poke|p2|Swampert, F|\n|poke|p2|Oranguru, M|\n|poke|p2|Barraskewda, F|\n|teampreview\n|inactive|Battle timer is ON: inactive players will automatically lose when time's up. (requested by Redjoejo)\n|\n|t:|1697081266\n|start\n|switch|p1a: Toxapex|Toxapex, F|100\/100\n|switch|p1b: Arboliva|Arboliva, F|100\/100\n|switch|p2a: \u8f70\u96f7\u91d1\u521a\u7329|Rillaboom, F, shiny|100\/100\n|switch|p2b: \u8bf8\u845b\u6751\u592b|Oranguru, M, shiny|100\/100\n|-fieldstart|move: Grassy Terrain|[from] ability: Grassy Surge|[of] p2a: \u8f70\u96f7\u91d1\u521a\u7329\n|turn|1\n|\n|t:|1697081292\n|move|p2a: \u8f70\u96f7\u91d1\u521a\u7329|Fake Out|p1a: Toxapex\n|-damage|p1a: Toxapex|90\/100\n|move|p2b: \u8bf8\u845b\u6751\u592b|Gravity|p2b: \u8bf8\u845b\u6751\u592b\n|-fieldstart|move: Gravity\n|move|p1b: Arboliva|Leech Seed|p2b: \u8bf8\u845b\u6751\u592b\n|-start|p2b: \u8bf8\u845b\u6751\u592b|move: Leech Seed\n|cant|p1a: Toxapex|flinch\n|\n|-heal|p1a: Toxapex|97\/100|[from] Grassy Terrain\n|-heal|p1a: Toxapex|100\/100|[from] item: Leftovers\n|-damage|p2b: \u8bf8\u845b\u6751\u592b|88\/100|[from] Leech Seed|[of] p1b: Arboliva\n|upkeep\n|turn|2\n|\n|t:|1697081312\n|move|p2a: \u8f70\u96f7\u91d1\u521a\u7329|Grassy Glide|p1a: Toxapex\n|-damage|p1a: Toxapex|76\/100\n|move|p2b: \u8bf8\u845b\u6751\u592b|Instruct|p2a: \u8f70\u96f7\u91d1\u521a\u7329\n|-singleturn|p2a: \u8f70\u96f7\u91d1\u521a\u7329|move: Instruct|[of] p2b: \u8bf8\u845b\u6751\u592b\n|move|p2a: \u8f70\u96f7\u91d1\u521a\u7329|Grassy Glide|p1a: Toxapex\n|-damage|p1a: Toxapex|49\/100\n|move|p1b: Arboliva|Earth Power|p2b: \u8bf8\u845b\u6751\u592b\n|-damage|p2b: \u8bf8\u845b\u6751\u592b|70\/100\n|move|p1a: Toxapex|Toxic Spikes|p2a: \u8f70\u96f7\u91d1\u521a\u7329\n|-sidestart|p2: Redjoejo|move: Toxic Spikes\n|\n|-heal|p2b: \u8bf8\u845b\u6751\u592b|77\/100|[from] Grassy Terrain\n|-heal|p1a: Toxapex|55\/100|[from] Grassy Terrain\n|-heal|p1a: Toxapex|61\/100|[from] item: Leftovers\n|-damage|p2b: \u8bf8\u845b\u6751\u592b|64\/100|[from] Leech Seed|[of] p1b: Arboliva\n|upkeep\n|turn|3\n|inactive|Natezero58 has 120 seconds left.\n|\n|t:|1697081351\n|move|p2a: \u8f70\u96f7\u91d1\u521a\u7329|U-turn|p1b: Arboliva\n|-supereffective|p1b: Arboliva\n|-damage|p1b: Arboliva|64\/100\n|\n|t:|1697081355\n|switch|p2a: \u9e22\u9752|Serperior, M|100\/100|[from] U-turn\n|-status|p2a: \u9e22\u9752|psn\n|move|p2b: \u8bf8\u845b\u6751\u592b|Bulldoze|p1a: Toxapex|[spread] p2a,p1a,p1b\n|-resisted|p2a: \u9e22\u9752\n|-supereffective|p1a: Toxapex\n|-resisted|p1b: Arboliva\n|-damage|p2a: \u9e22\u9752|99\/100 psn\n|-damage|p1a: Toxapex|57\/100\n|-damage|p1b: Arboliva|63\/100\n|-boost|p2a: \u9e22\u9752|spe|1\n|-unboost|p1a: Toxapex|spe|1\n|-unboost|p1b: Arboliva|spe|1\n|move|p1b: Arboliva|Energy Ball|p2b: \u8bf8\u845b\u6751\u592b\n|-damage|p2b: \u8bf8\u845b\u6751\u592b|26\/100\n|move|p1a: Toxapex|Toxic Spikes|p2b: \u8bf8\u845b\u6751\u592b\n|-sidestart|p2: Redjoejo|move: Toxic Spikes\n|\n|-heal|p2a: \u9e22\u9752|100\/100 psn|[from] Grassy Terrain\n|-heal|p2b: \u8bf8\u845b\u6751\u592b|33\/100|[from] Grassy Terrain\n|-heal|p1b: Arboliva|69\/100|[from] Grassy Terrain\n|-heal|p1b: Arboliva|75\/100|[from] item: Leftovers\n|-heal|p1a: Toxapex|63\/100|[from] Grassy Terrain\n|-heal|p1a: Toxapex|69\/100|[from] item: Leftovers\n|-damage|p2b: \u8bf8\u845b\u6751\u592b|20\/100|[from] Leech Seed|[of] p1b: Arboliva\n|-heal|p1b: Arboliva|88\/100|[silent]\n|-damage|p2a: \u9e22\u9752|88\/100 psn|[from] psn\n|upkeep\n|-enditem|p2b: \u8bf8\u845b\u6751\u592b|Aguav Berry|[eat]\n|-heal|p2b: \u8bf8\u845b\u6751\u592b|53\/100|[from] item: Aguav Berry\n|turn|4\n|\n|t:|1697081377\n|switch|p1b: Morpeko|Morpeko, F|100\/100\n|switch|p1a: Amoonguss|Amoonguss, F|100\/100\n|-terastallize|p2a: \u9e22\u9752|Grass\n|move|p2a: \u9e22\u9752|Leaf Storm|p1b: Morpeko\n|-enditem|p1b: Morpeko|Focus Sash\n|-damage|p1b: Morpeko|1\/100\n|-boost|p2a: \u9e22\u9752|spa|2\n|move|p2b: \u8bf8\u845b\u6751\u592b|Instruct|p2a: \u9e22\u9752\n|-singleturn|p2a: \u9e22\u9752|move: Instruct|[of] p2b: \u8bf8\u845b\u6751\u592b\n|move|p2a: \u9e22\u9752|Leaf Storm|p1b: Morpeko\n|-damage|p1b: Morpeko|0 fnt\n|-boost|p2a: \u9e22\u9752|spa|2\n|faint|p1b: Morpeko\n|\n|-heal|p2a: \u9e22\u9752|94\/100 psn|[from] Grassy Terrain\n|-heal|p2b: \u8bf8\u845b\u6751\u592b|60\/100|[from] Grassy Terrain\n|-damage|p2a: \u9e22\u9752|82\/100 psn|[from] psn\n|upkeep\n|inactive|Natezero58 has 120 seconds left.\n|\n|t:|1697081389\n|switch|p1b: Fezandipiti|Fezandipiti, M|100\/100\n|turn|5\n|\n|t:|1697081407\n|move|p2a: \u9e22\u9752|Leaf Storm|p1b: Fezandipiti\n|-resisted|p1b: Fezandipiti\n|-damage|p1b: Fezandipiti|0 fnt\n|-boost|p2a: \u9e22\u9752|spa|2\n|faint|p1b: Fezandipiti\n|move|p2b: \u8bf8\u845b\u6751\u592b|Instruct|p2a: \u9e22\u9752\n|-singleturn|p2a: \u9e22\u9752|move: Instruct|[of] p2b: \u8bf8\u845b\u6751\u592b\n|move|p2a: \u9e22\u9752|Leaf Storm|p1a: Amoonguss\n|-resisted|p1a: Amoonguss\n|-damage|p1a: Amoonguss|0 fnt\n|faint|p1a: Amoonguss\n|\n|-heal|p2a: \u9e22\u9752|88\/100 psn|[from] Grassy Terrain\n|-heal|p2b: \u8bf8\u845b\u6751\u592b|66\/100|[from] Grassy Terrain\n|-damage|p2a: \u9e22\u9752|76\/100 psn|[from] psn\n|-fieldend|move: Gravity\n|-fieldend|move: Grassy Terrain\n|upkeep\n|\n|t:|1697081421\n|switch|p1b: Whimsicott|Whimsicott, M|100\/100\n|switch|p1a: Toxapex|Toxapex, F|100\/100\n|turn|6\n|\n|t:|1697081433\n|move|p1b: Whimsicott|Tailwind|p1b: Whimsicott\n|-sidestart|p1: Natezero58|move: Tailwind\n|move|p2a: \u9e22\u9752|Giga Drain|p1a: Toxapex\n|-damage|p1a: Toxapex|0 fnt\n|-heal|p2a: \u9e22\u9752|100\/100 psn|[from] drain|[of] p1a: Toxapex\n|faint|p1a: Toxapex\n|move|p2b: \u8bf8\u845b\u6751\u592b|Instruct|p2a: \u9e22\u9752\n|-singleturn|p2a: \u9e22\u9752|move: Instruct|[of] p2b: \u8bf8\u845b\u6751\u592b\n|move|p2a: \u9e22\u9752|Giga Drain|p1b: Whimsicott\n|-resisted|p1b: Whimsicott\n|-damage|p1b: Whimsicott|15\/100\n|\n|-heal|p1b: Whimsicott|21\/100|[from] item: Leftovers\n|-damage|p2b: \u8bf8\u845b\u6751\u592b|53\/100|[from] Leech Seed|[of] p1b: Whimsicott\n|-heal|p1b: Whimsicott|36\/100|[silent]\n|-damage|p2a: \u9e22\u9752|88\/100 psn|[from] psn\n|upkeep\n|\n|t:|1697081439\n|switch|p1a: Arboliva|Arboliva, F|88\/100\n|turn|7\n|\n|t:|1697081446\n|move|p1b: Whimsicott|Knock Off|p2a: \u9e22\u9752\n|-damage|p2a: \u9e22\u9752|71\/100 psn\n|-enditem|p2a: \u9e22\u9752|Miracle Seed|[from] move: Knock Off|[of] p1b: Whimsicott\n|move|p2a: \u9e22\u9752|Giga Drain|p1b: Whimsicott\n|-resisted|p1b: Whimsicott\n|-damage|p1b: Whimsicott|0 fnt\n|-heal|p2a: \u9e22\u9752|91\/100 psn|[from] drain|[of] p1b: Whimsicott\n|faint|p1b: Whimsicott\n|move|p1a: Arboliva|Energy Ball|p2a: \u9e22\u9752\n|-resisted|p2a: \u9e22\u9752\n|-damage|p2a: \u9e22\u9752|68\/100 psn\n|move|p2b: \u8bf8\u845b\u6751\u592b|Instruct|p2a: \u9e22\u9752\n|-singleturn|p2a: \u9e22\u9752|move: Instruct|[of] p2b: \u8bf8\u845b\u6751\u592b\n|move|p2a: \u9e22\u9752|Giga Drain|p1a: Arboliva\n|-resisted|p1a: Arboliva\n|-damage|p1a: Arboliva|29\/100\n|-heal|p2a: \u9e22\u9752|100\/100 psn|[from] drain|[of] p1a: Arboliva\n|-fieldstart|move: Grassy Terrain|[from] ability: Seed Sower|[of] p1a: Arboliva\n|\n|-heal|p1a: Arboliva|35\/100|[from] Grassy Terrain\n|-heal|p1a: Arboliva|41\/100|[from] item: Leftovers\n|-heal|p2b: \u8bf8\u845b\u6751\u592b|60\/100|[from] Grassy Terrain\n|-damage|p2a: \u9e22\u9752|88\/100 psn|[from] psn\n|upkeep\n|turn|8\n|\n|t:|1697081455\n|move|p2a: \u9e22\u9752|Giga Drain|p1a: Arboliva\n|-resisted|p1a: Arboliva\n|-damage|p1a: Arboliva|0 fnt\n|-heal|p2a: \u9e22\u9752|100\/100 psn|[from] drain|[of] p1a: Arboliva\n|faint|p1a: Arboliva\n|\n|win|Redjoejo\n|raw|Natezero58's rating: 1175 &rarr; <strong>1155<\/strong><br \/>(-20 for losing)\n|raw|Redjoejo's rating: 1246 &rarr; <strong>1266<\/strong><br \/>(+20 for winning)\n|l|\u2606Natezero58\n","uploadtime":1697081467,"views":13,"p1id":"natezero58","p2id":"redjoejo","formatid":"gen9nationaldexdoubles","rating":1155,"private":0,"password":""}