{"id":"gen9nationaldexdoubles-1971535040","p1":"ElectroShibe","p2":"Hui tig","format":"[Gen 9] National Dex Doubles","log":"|j|\u2606ElectroShibe\n|j|\u2606Hui tig\n|t:|1697746265\n|gametype|doubles\n|player|p1|ElectroShibe|1|1236\n|player|p2|Hui tig|2|1000\n|teamsize|p1|6\n|teamsize|p2|6\n|gen|9\n|tier|[Gen 9] National Dex Doubles\n|rated|\n|rule|HP Percentage Mod: HP is shown in percentages\n|rule|Endless Battle Clause: Forcing endless battles is banned\n|rule|OHKO Clause: OHKO moves are banned\n|rule|Evasion Moves Clause: Evasion moves are banned\n|rule|Evasion Abilities Clause: Evasion abilities are banned\n|rule|Species Clause: Limit one of each Pok\u00e9mon\n|rule|Gravity Sleep Clause: The combination of sleep-inducing moves with imperfect accuracy and Gravity or Gigantamax Orbeetle are banned\n|clearpoke\n|poke|p1|Ninetales, M|\n|poke|p1|Ceruledge, F|\n|poke|p1|Arcanine-Hisui, F|\n|poke|p1|Eevee, M|\n|poke|p1|Amoonguss, M|\n|poke|p1|Victini|\n|poke|p2|Blastoise, F|\n|poke|p2|Clefable, M|\n|poke|p2|Indeedee-F, F|\n|poke|p2|Mr. Mime, F|\n|poke|p2|Glastrier|\n|poke|p2|Oranguru, M|\n|teampreview\n|\n|t:|1697746284\n|start\n|switch|p1a: Eevee|Eevee, M, shiny|100\/100\n|switch|p1b: Amoonguss|Amoonguss, M|100\/100\n|switch|p2a: Glastrier|Glastrier|100\/100\n|switch|p2b: Indeedee|Indeedee-F, F|100\/100\n|-fieldstart|move: Psychic Terrain|[from] ability: Psychic Surge|[of] p2b: Indeedee\n|turn|1\n|inactive|Battle timer is ON: inactive players will automatically lose when time's up. (requested by Hui tig)\n|\n|t:|1697746313\n|-terastallize|p2a: Glastrier|Ice\n|move|p1a: Eevee|Detect|p1a: Eevee\n|-singleturn|p1a: Eevee|Protect\n|move|p2a: Glastrier|Icicle Spear|p1b: Amoonguss\n|-supereffective|p1b: Amoonguss\n|-damage|p1b: Amoonguss|52\/100\n|-supereffective|p1b: Amoonguss\n|-damage|p1b: Amoonguss|11\/100\n|-supereffective|p1b: Amoonguss\n|-damage|p1b: Amoonguss|0 fnt\n|faint|p1b: Amoonguss\n|-ability|p2a: Glastrier|Chilling Neigh|boost\n|-boost|p2a: Glastrier|atk|1\n|-hitcount|p1: Amoonguss|3\n|move|p2b: Indeedee|Trick Room|p2b: Indeedee\n|-fieldstart|move: Trick Room|[of] p2b: Indeedee\n|\n|upkeep\n|\n|t:|1697746322\n|switch|p1b: Ninetales|Ninetales, M|100\/100\n|-weather|SunnyDay|[from] ability: Drought|[of] p1b: Ninetales\n|turn|2\n|\n|t:|1697746345\n|switch|p1a: Victini|Victini|100\/100\n|move|p2b: Indeedee|Helping Hand|p2a: Glastrier\n|-singleturn|p2a: Glastrier|Helping Hand|[of] p2b: Indeedee\n|move|p2a: Glastrier|Stomping Tantrum|p1b: Ninetales\n|-supereffective|p1b: Ninetales\n|-damage|p1b: Ninetales|0 fnt\n|faint|p1b: Ninetales\n|-ability|p2a: Glastrier|Chilling Neigh|boost\n|-boost|p2a: Glastrier|atk|1\n|\n|-weather|SunnyDay|[upkeep]\n|upkeep\n|\n|t:|1697746356\n|switch|p1b: Ceruledge|Ceruledge, F|100\/100\n|turn|3\n|\n|t:|1697746373\n|move|p2b: Indeedee|Follow Me|p2b: Indeedee\n|-singleturn|p2b: Indeedee|move: Follow Me\n|move|p2a: Glastrier|Stomping Tantrum|p1b: Ceruledge\n|-supereffective|p1b: Ceruledge\n|-damage|p1b: Ceruledge|0 fnt\n|faint|p1b: Ceruledge\n|-ability|p2a: Glastrier|Chilling Neigh|boost\n|-boost|p2a: Glastrier|atk|1\n|move|p1a: Victini|Searing Shot|p2a: Glastrier|[spread] p2a,p2b\n|-supereffective|p2a: Glastrier\n|-damage|p2a: Glastrier|21\/100\n|-damage|p2b: Indeedee|57\/100\n|-status|p2a: Glastrier|brn\n|\n|-weather|SunnyDay|[upkeep]\n|-damage|p2a: Glastrier|15\/100 brn|[from] brn\n|upkeep\n|\n|t:|1697746381\n|switch|p1b: Eevee|Eevee, M, shiny|100\/100\n|turn|4\n|\n|t:|1697746401\n|move|p2b: Indeedee|Helping Hand|p2a: Glastrier\n|-singleturn|p2a: Glastrier|Helping Hand|[of] p2b: Indeedee\n|move|p1b: Eevee|Detect|p1b: Eevee\n|-singleturn|p1b: Eevee|Protect\n|move|p2a: Glastrier|Stomping Tantrum|p1a: Victini\n|-supereffective|p1a: Victini\n|-damage|p1a: Victini|0 fnt\n|faint|p1a: Victini\n|-ability|p2a: Glastrier|Chilling Neigh|boost\n|-boost|p2a: Glastrier|atk|1\n|\n|-weather|SunnyDay|[upkeep]\n|-damage|p2a: Glastrier|9\/100 brn|[from] brn\n|upkeep\n|\n|t:|1697746406\n|switch|p1a: Arcanine|Arcanine-Hisui, F|100\/100\n|turn|5\n|\n|t:|1697746425\n|move|p2b: Indeedee|Helping Hand|p2a: Glastrier\n|-singleturn|p2a: Glastrier|Helping Hand|[of] p2b: Indeedee\n|move|p1b: Eevee|Helping Hand|p1a: Arcanine\n|-singleturn|p1a: Arcanine|Helping Hand|[of] p1b: Eevee\n|move|p2a: Glastrier|Stomping Tantrum|p1a: Arcanine\n|-supereffective|p1a: Arcanine\n|-damage|p1a: Arcanine|0 fnt\n|faint|p1a: Arcanine\n|-ability|p2a: Glastrier|Chilling Neigh|boost\n|-boost|p2a: Glastrier|atk|1\n|\n|-weather|SunnyDay|[upkeep]\n|-damage|p2a: Glastrier|3\/100 brn|[from] brn\n|-fieldend|move: Trick Room\n|-fieldend|move: Psychic Terrain\n|upkeep\n|turn|6\n|\n|t:|1697746438\n|-zpower|p1b: Eevee\n|move|p1b: Eevee|Extreme Evoboost|p1b: Eevee\n|-boost|p1b: Eevee|atk|2\n|-boost|p1b: Eevee|def|2\n|-boost|p1b: Eevee|spa|2\n|-boost|p1b: Eevee|spd|2\n|-boost|p1b: Eevee|spe|2\n|move|p2b: Indeedee|Heal Pulse|p2a: Glastrier\n|-heal|p2a: Glastrier|53\/100 brn\n|move|p2a: Glastrier|Icicle Spear|p1b: Eevee\n|-damage|p1b: Eevee|67\/100\n|-damage|p1b: Eevee|36\/100\n|-damage|p1b: Eevee|0 fnt\n|faint|p1b: Eevee\n|-hitcount|p1: Eevee|3\n|\n|win|Hui tig\n|raw|ElectroShibe's rating: 1236 &rarr; <strong>1196<\/strong><br \/>(-40 for losing)\n|raw|Hui tig's rating: 1000 &rarr; <strong>1064<\/strong><br \/>(+64 for winning)\n|l|\u2606ElectroShibe\n","uploadtime":1697746457,"views":4,"p1id":"electroshibe","p2id":"huitig","formatid":"gen9nationaldexdoubles","rating":1064,"private":0,"password":""}