{"id":"gen9nationaldexdoubles-1989335102","p1":"mostelyharmless","p2":"fireball0809","format":"[Gen 9] National Dex Doubles","log":"|j|\u2606mostelyharmless\n|j|\u2606fireball0809\n|t:|1699837683\n|gametype|doubles\n|player|p1|mostelyharmless|cheren-gen5bw2|1050\n|player|p2|fireball0809|red|1029\n|teamsize|p1|6\n|teamsize|p2|6\n|gen|9\n|tier|[Gen 9] National Dex Doubles\n|rated|\n|rule|HP Percentage Mod: HP is shown in percentages\n|rule|Endless Battle Clause: Forcing endless battles is banned\n|rule|OHKO Clause: OHKO moves are banned\n|rule|Evasion Moves Clause: Evasion moves are banned\n|rule|Evasion Abilities Clause: Evasion abilities are banned\n|rule|Species Clause: Limit one of each Pok\u00e9mon\n|rule|Gravity Sleep Clause: The combination of sleep-inducing moves with imperfect accuracy and Gravity or Gigantamax Orbeetle are banned\n|clearpoke\n|poke|p1|Jirachi|\n|poke|p1|Mismagius, F|\n|poke|p1|Audino, F|\n|poke|p1|Delphox, F|\n|poke|p1|Mienshao, M|\n|poke|p1|Altaria, F|\n|poke|p2|Farigiraf, M|\n|poke|p2|Dudunsparce-*, M|\n|poke|p2|Clawitzer, F|\n|poke|p2|Scovillain, F|\n|poke|p2|Hatterene, F|\n|poke|p2|Amoonguss, M|\n|teampreview\n|\n|t:|1699837698\n|start\n|switch|p1a: Machiavellian Bach|Jirachi|100\/100\n|switch|p1b: Get mad !!!|Mienshao, M|100\/100\n|switch|p2a: Farigiraf|Farigiraf, M|100\/100\n|switch|p2b: Amoonguss|Amoonguss, M|100\/100\n|turn|1\n|\n|t:|1699837715\n|move|p1b: Get mad !!!|Fake Out||[still]\n|cant|p2a: Farigiraf|ability: Armor Tail|Fake Out|[of] p1b: Get mad !!!\n|move|p2b: Amoonguss|Rage Powder|p2b: Amoonguss\n|-singleturn|p2b: Amoonguss|move: Rage Powder\n|move|p1a: Machiavellian Bach|Cosmic Power|p1a: Machiavellian Bach\n|-boost|p1a: Machiavellian Bach|def|1\n|-boost|p1a: Machiavellian Bach|spd|1\n|move|p2a: Farigiraf|Trick Room|p2a: Farigiraf\n|-fieldstart|move: Trick Room|[of] p2a: Farigiraf\n|\n|upkeep\n|turn|2\n|\n|t:|1699837748\n|switch|p1b: Yes !|Audino, F|100\/100\n|move|p2b: Amoonguss|Spore|p1a: Machiavellian Bach\n|-status|p1a: Machiavellian Bach|slp|[from] move: Spore\n|move|p2a: Farigiraf|Calm Mind|p2a: Farigiraf\n|-boost|p2a: Farigiraf|spa|1\n|-boost|p2a: Farigiraf|spd|1\n|cant|p1a: Machiavellian Bach|slp\n|\n|upkeep\n|turn|3\n|\n|t:|1699837767\n|move|p2b: Amoonguss|Spore|p1b: Yes !\n|-status|p1b: Yes !|slp|[from] move: Spore\n|cant|p1b: Yes !|slp\n|move|p2a: Farigiraf|Calm Mind|p2a: Farigiraf\n|-boost|p2a: Farigiraf|spa|1\n|-boost|p2a: Farigiraf|spd|1\n|cant|p1a: Machiavellian Bach|slp\n|\n|upkeep\n|turn|4\n|\n|t:|1699837786\n|move|p2b: Amoonguss|Rage Powder|p2b: Amoonguss\n|-singleturn|p2b: Amoonguss|move: Rage Powder\n|cant|p1b: Yes !|slp\n|move|p2a: Farigiraf|Psychic|p1a: Machiavellian Bach\n|-resisted|p1a: Machiavellian Bach\n|-damage|p1a: Machiavellian Bach|93\/100 slp\n|cant|p1a: Machiavellian Bach|slp\n|\n|-heal|p1a: Machiavellian Bach|99\/100 slp|[from] item: Leftovers\n|upkeep\n|turn|5\n|\n|t:|1699837805\n|move|p2b: Amoonguss|Rage Powder|p2b: Amoonguss\n|-singleturn|p2b: Amoonguss|move: Rage Powder\n|-curestatus|p1b: Yes !|slp|[msg]\n|move|p1b: Yes !|Yawn|p2b: Amoonguss\n|-start|p2b: Amoonguss|move: Yawn|[of] p1b: Yes !\n|move|p2a: Farigiraf|Hyper Beam|p1a: Machiavellian Bach\n|-resisted|p1a: Machiavellian Bach\n|-damage|p1a: Machiavellian Bach|70\/100 slp\n|-mustrecharge|p2a: Farigiraf\n|-curestatus|p1a: Machiavellian Bach|slp|[msg]\n|move|p1a: Machiavellian Bach|Cosmic Power|p1a: Machiavellian Bach\n|-boost|p1a: Machiavellian Bach|def|1\n|-boost|p1a: Machiavellian Bach|spd|1\n|\n|-heal|p1a: Machiavellian Bach|76\/100|[from] item: Leftovers\n|-fieldend|move: Trick Room\n|upkeep\n|turn|6\n|\n|t:|1699837830\n|move|p1a: Machiavellian Bach|Stored Power|p2b: Amoonguss\n|-supereffective|p2b: Amoonguss\n|-damage|p2b: Amoonguss|48\/100\n|cant|p2a: Farigiraf|recharge\n|move|p1b: Yes !|Yawn|p2a: Farigiraf\n|-start|p2a: Farigiraf|move: Yawn|[of] p1b: Yes !\n|move|p2b: Amoonguss|Spore|p1a: Machiavellian Bach\n|-status|p1a: Machiavellian Bach|slp|[from] move: Spore\n|\n|-heal|p1a: Machiavellian Bach|82\/100 slp|[from] item: Leftovers\n|-end|p2b: Amoonguss|move: Yawn|[silent]\n|-status|p2b: Amoonguss|slp\n|upkeep\n|turn|7\n|\n|t:|1699837858\n|cant|p1a: Machiavellian Bach|slp\n|move|p1b: Yes !|Calm Mind|p1b: Yes !\n|-boost|p1b: Yes !|spa|1\n|-boost|p1b: Yes !|spd|1\n|cant|p2b: Amoonguss|slp\n|move|p2a: Farigiraf|Trick Room|p2a: Farigiraf\n|-fieldstart|move: Trick Room|[of] p2a: Farigiraf\n|\n|-heal|p1a: Machiavellian Bach|88\/100 slp|[from] item: Leftovers\n|-end|p2a: Farigiraf|move: Yawn|[silent]\n|-status|p2a: Farigiraf|slp\n|upkeep\n|turn|8\n|\n|t:|1699837881\n|cant|p2b: Amoonguss|slp\n|move|p1b: Yes !|Draining Kiss|p2a: Farigiraf\n|-damage|p2a: Farigiraf|95\/100 slp\n|cant|p2a: Farigiraf|slp\n|cant|p1a: Machiavellian Bach|slp\n|\n|-heal|p1a: Machiavellian Bach|94\/100 slp|[from] item: Leftovers\n|upkeep\n|turn|9\n|\n|t:|1699837899\n|-curestatus|p2b: Amoonguss|slp|[msg]\n|move|p2b: Amoonguss|Synthesis|p2b: Amoonguss\n|-heal|p2b: Amoonguss|98\/100\n|move|p1b: Yes !|Calm Mind|p1b: Yes !\n|-boost|p1b: Yes !|spa|1\n|-boost|p1b: Yes !|spd|1\n|-curestatus|p2a: Farigiraf|slp|[msg]\n|move|p2a: Farigiraf|Psychic|p1b: Yes !\n|-damage|p1b: Yes !|72\/100\n|-curestatus|p1a: Machiavellian Bach|slp|[msg]\n|move|p1a: Machiavellian Bach|Stored Power|p2b: Amoonguss\n|-supereffective|p2b: Amoonguss\n|-damage|p2b: Amoonguss|38\/100\n|\n|-heal|p1a: Machiavellian Bach|100\/100|[from] item: Leftovers\n|upkeep\n|turn|10\n|\n|t:|1699837923\n|move|p2b: Amoonguss|Synthesis|p2b: Amoonguss\n|-heal|p2b: Amoonguss|88\/100\n|move|p1b: Yes !|Yawn|p2b: Amoonguss\n|-start|p2b: Amoonguss|move: Yawn|[of] p1b: Yes !\n|move|p2a: Farigiraf|Hyper Beam|p1b: Yes !\n|-damage|p1b: Yes !|21\/100\n|-mustrecharge|p2a: Farigiraf\n|move|p1a: Machiavellian Bach|Cosmic Power|p1a: Machiavellian Bach\n|-boost|p1a: Machiavellian Bach|def|1\n|-boost|p1a: Machiavellian Bach|spd|1\n|\n|upkeep\n|turn|11\n|\n|t:|1699837947\n|move|p2b: Amoonguss|Pollen Puff|p1b: Yes !\n|-damage|p1b: Yes !|14\/100\n|move|p1b: Yes !|Draining Kiss|p2a: Farigiraf\n|-damage|p2a: Farigiraf|86\/100\n|-heal|p1b: Yes !|23\/100|[from] drain|[of] p2a: Farigiraf\n|cant|p2a: Farigiraf|recharge\n|move|p1a: Machiavellian Bach|Stored Power|p2b: Amoonguss\n|-supereffective|p2b: Amoonguss\n|-damage|p2b: Amoonguss|6\/100\n|\n|-end|p2b: Amoonguss|move: Yawn|[silent]\n|-status|p2b: Amoonguss|slp\n|-fieldend|move: Trick Room\n|upkeep\n|turn|12\n|\n|t:|1699837978\n|switch|p1b: 999|Mismagius, F|100\/100\n|cant|p2b: Amoonguss|slp\n|move|p1a: Machiavellian Bach|Stored Power|p2a: Farigiraf\n|-resisted|p2a: Farigiraf\n|-damage|p2a: Farigiraf|73\/100\n|move|p2a: Farigiraf|Trick Room|p2a: Farigiraf\n|-fieldstart|move: Trick Room|[of] p2a: Farigiraf\n|\n|upkeep\n|turn|13\n|\n|t:|1699838025\n|switch|p1b: Yes !|Audino, F|56\/100\n|cant|p2b: Amoonguss|slp\n|move|p2a: Farigiraf|Calm Mind|p2a: Farigiraf\n|-boost|p2a: Farigiraf|spa|1\n|-boost|p2a: Farigiraf|spd|1\n|move|p1a: Machiavellian Bach|Charge Beam|p2b: Amoonguss\n|-resisted|p2b: Amoonguss\n|-damage|p2b: Amoonguss|1\/100 slp\n|-boost|p1a: Machiavellian Bach|spa|1\n|\n|upkeep\n|turn|14\n|\n|t:|1699838061\n|switch|p2b: Hatterene|Hatterene, F|100\/100\n|switch|p1b: 999|Mismagius, F|100\/100\n|move|p2a: Farigiraf|Calm Mind|p2a: Farigiraf\n|-boost|p2a: Farigiraf|spa|1\n|-boost|p2a: Farigiraf|spd|1\n|move|p1a: Machiavellian Bach|Stored Power|p2b: Hatterene\n|-resisted|p2b: Hatterene\n|-crit|p2b: Hatterene\n|-damage|p2b: Hatterene|41\/100\n|\n|upkeep\n|turn|15\n|\n|t:|1699838115\n|move|p2b: Hatterene|Mystical Fire|p1a: Machiavellian Bach\n|-supereffective|p1a: Machiavellian Bach\n|-damage|p1a: Machiavellian Bach|86\/100\n|-unboost|p1a: Machiavellian Bach|spa|1\n|move|p2a: Farigiraf|Calm Mind|p2a: Farigiraf\n|-boost|p2a: Farigiraf|spa|1\n|-boost|p2a: Farigiraf|spd|1\n|move|p1a: Machiavellian Bach|Stored Power|p2b: Hatterene\n|-resisted|p2b: Hatterene\n|-damage|p2b: Hatterene|18\/100\n|-enditem|p2b: Hatterene|Aguav Berry|[eat]\n|-heal|p2b: Hatterene|51\/100|[from] item: Aguav Berry\n|move|p1b: 999|Dark Pulse|p2a: Farigiraf\n|-supereffective|p2a: Farigiraf\n|-damage|p2a: Farigiraf|55\/100\n|-damage|p1b: 999|91\/100|[from] item: Life Orb\n|\n|-heal|p1a: Machiavellian Bach|93\/100|[from] item: Leftovers\n|upkeep\n|turn|16\n|\n|t:|1699838150\n|move|p2b: Hatterene|Mystical Fire|p1a: Machiavellian Bach\n|-supereffective|p1a: Machiavellian Bach\n|-damage|p1a: Machiavellian Bach|78\/100\n|-unboost|p1a: Machiavellian Bach|spa|1\n|move|p2a: Farigiraf|Psychic|p1b: 999\n|-damage|p1b: 999|0 fnt\n|faint|p1b: 999\n|move|p1a: Machiavellian Bach|Cosmic Power|p1a: Machiavellian Bach\n|-boost|p1a: Machiavellian Bach|def|1\n|-boost|p1a: Machiavellian Bach|spd|1\n|\n|-heal|p1a: Machiavellian Bach|84\/100|[from] item: Leftovers\n|-fieldend|move: Trick Room\n|upkeep\n|\n|t:|1699838165\n|switch|p1b: Get mad !!!|Mienshao, M|100\/100\n|turn|17\n|\n|t:|1699838175\n|move|p1b: Get mad !!!|Fake Out||[still]\n|cant|p2a: Farigiraf|ability: Armor Tail|Fake Out|[of] p1b: Get mad !!!\n|move|p1a: Machiavellian Bach|Charge Beam|p2b: Hatterene\n|-damage|p2b: Hatterene|43\/100\n|-boost|p1a: Machiavellian Bach|spa|1\n|move|p2b: Hatterene|Mystical Fire|p1a: Machiavellian Bach\n|-supereffective|p1a: Machiavellian Bach\n|-crit|p1a: Machiavellian Bach\n|-damage|p1a: Machiavellian Bach|39\/100\n|-unboost|p1a: Machiavellian Bach|spa|1\n|move|p2a: Farigiraf|Trick Room|p2a: Farigiraf\n|-fieldstart|move: Trick Room|[of] p2a: Farigiraf\n|\n|-heal|p1a: Machiavellian Bach|45\/100|[from] item: Leftovers\n|upkeep\n|turn|18\n|\n|t:|1699838212\n|-terastallize|p1a: Machiavellian Bach|Fairy\n|move|p2b: Hatterene|Mystical Fire|p1a: Machiavellian Bach\n|-damage|p1a: Machiavellian Bach|39\/100\n|-unboost|p1a: Machiavellian Bach|spa|1\n|move|p2a: Farigiraf|Calm Mind|p2a: Farigiraf\n|-boost|p2a: Farigiraf|spa|1\n|-boost|p2a: Farigiraf|spd|1\n|move|p1a: Machiavellian Bach|Stored Power|p2b: Hatterene\n|-resisted|p2b: Hatterene\n|-damage|p2b: Hatterene|28\/100\n|move|p1b: Get mad !!!|Knock Off|p2b: Hatterene\n|-crit|p2b: Hatterene\n|-damage|p2b: Hatterene|0 fnt\n|faint|p2b: Hatterene\n|-damage|p1b: Get mad !!!|91\/100|[from] item: Life Orb\n|\n|-heal|p1a: Machiavellian Bach|46\/100|[from] item: Leftovers\n|upkeep\n|\n|t:|1699838232\n|switch|p2b: Scovillain|Scovillain, F|100\/100\n|turn|19\n|\n|t:|1699838256\n|switch|p1b: Yes !|Audino, F|89\/100\n|move|p2a: Farigiraf|Hyper Beam|p1a: Machiavellian Bach\n|-damage|p1a: Machiavellian Bach|0 fnt\n|-mustrecharge|p2a: Farigiraf\n|faint|p1a: Machiavellian Bach\n|move|p2b: Scovillain|Ingrain|p2b: Scovillain\n|-start|p2b: Scovillain|move: Ingrain\n|\n|-ability|p2b: Scovillain|Moody|boost\n|-boost|p2b: Scovillain|def|2\n|-unboost|p2b: Scovillain|spd|1\n|upkeep\n|\n|t:|1699838281\n|switch|p1a: Lemonade|Delphox, F|100\/100\n|turn|20\n|\n|t:|1699838294\n|move|p1b: Yes !|Calm Mind|p1b: Yes !\n|-boost|p1b: Yes !|spa|1\n|-boost|p1b: Yes !|spd|1\n|cant|p2a: Farigiraf|recharge\n|move|p2b: Scovillain|Leech Seed|p1b: Yes !|[miss]\n|-miss|p2b: Scovillain|p1b: Yes !\n|move|p1a: Lemonade|Hypnosis|p2a: Farigiraf\n|-status|p2a: Farigiraf|slp|[from] move: Hypnosis\n|\n|-ability|p2b: Scovillain|Moody|boost\n|-boost|p2b: Scovillain|atk|2\n|-unboost|p2b: Scovillain|spa|1\n|upkeep\n|turn|21\n|\n|t:|1699838313\n|move|p1b: Yes !|Calm Mind|p1b: Yes !\n|-boost|p1b: Yes !|spa|1\n|-boost|p1b: Yes !|spd|1\n|cant|p2a: Farigiraf|slp\n|move|p2b: Scovillain|Leech Seed|p1b: Yes !\n|-start|p1b: Yes !|move: Leech Seed\n|move|p1a: Lemonade|Calm Mind|p1a: Lemonade\n|-boost|p1a: Lemonade|spa|1\n|-boost|p1a: Lemonade|spd|1\n|\n|-damage|p1b: Yes !|77\/100|[from] Leech Seed|[of] p2b: Scovillain\n|-fieldend|move: Trick Room\n|-ability|p2b: Scovillain|Moody|boost\n|-boost|p2b: Scovillain|atk|2\n|-unboost|p2b: Scovillain|def|1\n|upkeep\n|turn|22\n|\n|t:|1699838345\n|move|p1b: Yes !|Helping Hand|p1a: Lemonade\n|-singleturn|p1a: Lemonade|Helping Hand|[of] p1b: Yes !\n|move|p1a: Lemonade|Heat Wave|p2b: Scovillain|[spread] p2a,p2b\n|-damage|p2a: Farigiraf|27\/100 slp\n|-enditem|p2b: Scovillain|Focus Sash\n|-damage|p2b: Scovillain|1\/100\n|-damage|p1a: Lemonade|91\/100|[from] item: Life Orb\n|move|p2b: Scovillain|Fire Blast|p1b: Yes !\n|-damage|p1b: Yes !|61\/100\n|cant|p2a: Farigiraf|slp\n|\n|-heal|p2b: Scovillain|7\/100|[from] Ingrain\n|-damage|p1b: Yes !|49\/100|[from] Leech Seed|[of] p2b: Scovillain\n|-heal|p2b: Scovillain|20\/100|[silent]\n|-ability|p2b: Scovillain|Moody|boost\n|-boost|p2b: Scovillain|spd|2\n|-unboost|p2b: Scovillain|atk|1\n|upkeep\n|turn|23\n|\n|t:|1699838374\n|move|p1b: Yes !|Helping Hand|p1a: Lemonade\n|-singleturn|p1a: Lemonade|Helping Hand|[of] p1b: Yes !\n|move|p1a: Lemonade|Heat Wave|p2b: Scovillain|[spread] p2a,p2b\n|-damage|p2a: Farigiraf|1\/100 slp\n|-damage|p2b: Scovillain|0 fnt\n|faint|p2b: Scovillain\n|-damage|p1a: Lemonade|81\/100|[from] item: Life Orb\n|cant|p2a: Farigiraf|slp\n|\n|upkeep\n|\n|t:|1699838385\n|switch|p2b: Amoonguss|Amoonguss, M|34\/100 slp\n|turn|24\n|\n|t:|1699838396\n|move|p1b: Yes !|Helping Hand|p1a: Lemonade\n|-singleturn|p1a: Lemonade|Helping Hand|[of] p1b: Yes !\n|move|p1a: Lemonade|Heat Wave|p2b: Amoonguss|[spread] p2a,p2b\n|-supereffective|p2b: Amoonguss\n|-damage|p2a: Farigiraf|0 fnt\n|-damage|p2b: Amoonguss|0 fnt\n|faint|p2a: Farigiraf\n|faint|p2b: Amoonguss\n|-damage|p1a: Lemonade|71\/100|[from] item: Life Orb\n|\n|upkeep\n|\n|t:|1699838411\n|switch|p2a: Dudunsparce|Dudunsparce-Three-Segment, M|100\/100\n|switch|p2b: Clawitzer|Clawitzer, F|100\/100\n|turn|25\n|\n|t:|1699838423\n|move|p1b: Yes !|Helping Hand|p1a: Lemonade\n|-singleturn|p1a: Lemonade|Helping Hand|[of] p1b: Yes !\n|move|p1a: Lemonade|Heat Wave|p2b: Clawitzer|[spread] p2a,p2b\n|-resisted|p2b: Clawitzer\n|-damage|p2a: Dudunsparce|13\/100\n|-damage|p2b: Clawitzer|47\/100\n|-enditem|p2a: Dudunsparce|Aguav Berry|[eat]\n|-heal|p2a: Dudunsparce|47\/100|[from] item: Aguav Berry\n|-damage|p1a: Lemonade|61\/100|[from] item: Life Orb\n|move|p2b: Clawitzer|Water Pulse|p1a: Lemonade\n|-supereffective|p1a: Lemonade\n|-damage|p1a: Lemonade|0 fnt\n|faint|p1a: Lemonade\n|-damage|p2b: Clawitzer|37\/100|[from] item: Life Orb\n|move|p2a: Dudunsparce|Coil|p2a: Dudunsparce\n|-boost|p2a: Dudunsparce|atk|1\n|-boost|p2a: Dudunsparce|def|1\n|-boost|p2a: Dudunsparce|accuracy|1\n|\n|-damage|p1b: Yes !|36\/100|[from] Leech Seed|[of] p2b: Clawitzer\n|-heal|p2b: Clawitzer|52\/100|[silent]\n|upkeep\n|\n|t:|1699838445\n|switch|p1a: Get mad !!!|Mienshao, M|91\/100\n|turn|26\n|\n|t:|1699838462\n|move|p1a: Get mad !!!|High Jump Kick|p2b: Clawitzer\n|-damage|p2b: Clawitzer|0 fnt\n|faint|p2b: Clawitzer\n|-damage|p1a: Get mad !!!|81\/100|[from] item: Life Orb\n|move|p1b: Yes !|Yawn|p2a: Dudunsparce\n|-start|p2a: Dudunsparce|move: Yawn|[of] p1b: Yes !\n|move|p2a: Dudunsparce|Air Slash|p1a: Get mad !!!\n|-supereffective|p1a: Get mad !!!\n|-damage|p1a: Get mad !!!|2\/100\n|\n|upkeep\n|turn|27\n|\n|t:|1699838484\n|move|p1a: Get mad !!!|High Jump Kick|p2a: Dudunsparce\n|-supereffective|p2a: Dudunsparce\n|-damage|p2a: Dudunsparce|0 fnt\n|faint|p2a: Dudunsparce\n|-damage|p1a: Get mad !!!|0 fnt|[from] item: Life Orb\n|faint|p1a: Get mad !!!\n|\n|win|mostelyharmless\n|raw|mostelyharmless's rating: 1050 &rarr; <strong>1081<\/strong><br \/>(+31 for winning)\n|raw|fireball0809's rating: 1029 &rarr; <strong>1016<\/strong><br \/>(-13 for losing)\n","uploadtime":1699838493,"views":5,"p1id":"mostelyharmless","p2id":"fireball0809","formatid":"gen9nationaldexdoubles","rating":1016,"private":0,"password":""}