{"id":"gen9nationaldexdoubles-1968483131","p1":"loch2009","p2":"The OG Trainer Red","format":"[Gen 9] National Dex Doubles","log":"|j|\u2606loch2009\n|j|\u2606The OG Trainer Red\n|t:|1697423435\n|gametype|doubles\n|player|p1|loch2009|cynthia-gen4|\n|player|p2|The OG Trainer Red|fisherman-gen4|\n|teamsize|p1|6\n|teamsize|p2|6\n|gen|9\n|tier|[Gen 9] National Dex Doubles\n|rule|HP Percentage Mod: HP is shown in percentages\n|rule|Endless Battle Clause: Forcing endless battles is banned\n|rule|OHKO Clause: OHKO moves are banned\n|rule|Evasion Moves Clause: Evasion moves are banned\n|rule|Evasion Abilities Clause: Evasion abilities are banned\n|rule|Species Clause: Limit one of each Pok\u00e9mon\n|rule|Gravity Sleep Clause: The combination of sleep-inducing moves with imperfect accuracy and Gravity or Gigantamax Orbeetle are banned\n|clearpoke\n|poke|p1|Flutter Mane|\n|poke|p1|Braviary-Hisui, M|\n|poke|p1|Indeedee-F, F|\n|poke|p1|Gardevoir, M|\n|poke|p1|Roaring Moon|\n|poke|p1|Haxorus, M|\n|poke|p2|Ninetales, F|\n|poke|p2|Leafeon, F|\n|poke|p2|Espeon, F|\n|poke|p2|Indeedee-F, F|\n|poke|p2|Ursaluna-Bloodmoon, M|\n|poke|p2|Umbreon, F|\n|teampreview\n|c|\u2606loch2009|hi\n|c|\u2606The OG Trainer Red|sorry\n|c|\u2606loch2009|its ok\n|\n|t:|1697423463\n|start\n|switch|p1a: Roaring Moon|Roaring Moon|100\/100\n|switch|p1b: Gardevoir|Gardevoir, M|100\/100\n|switch|p2a: Indeedee|Indeedee-F, F|100\/100\n|switch|p2b: Ursaluna|Ursaluna-Bloodmoon, M|100\/100\n|-fieldstart|move: Psychic Terrain|[from] ability: Psychic Surge|[of] p2a: Indeedee\n|-enditem|p1a: Roaring Moon|Booster Energy\n|-activate|p1a: Roaring Moon|ability: Protosynthesis|[fromitem]\n|-start|p1a: Roaring Moon|protosynthesisatk\n|turn|1\n|inactive|Battle timer is ON: inactive players will automatically lose when time's up. (requested by loch2009)\n|\n|t:|1697423482\n|detailschange|p1b: Gardevoir|Gardevoir-Mega, M\n|-mega|p1b: Gardevoir|Gardevoir|Gardevoirite\n|move|p1a: Roaring Moon|Crunch|p2b: Ursaluna\n|-damage|p2b: Ursaluna|63\/100\n|move|p1b: Gardevoir|Hypnosis|p2a: Indeedee\n|-status|p2a: Indeedee|slp|[from] move: Hypnosis\n|move|p2b: Ursaluna|Moonblast|p1a: Roaring Moon\n|-supereffective|p1a: Roaring Moon\n|-damage|p1a: Roaring Moon|0 fnt\n|faint|p1a: Roaring Moon\n|-end|p1a: Roaring Moon|Protosynthesis|[silent]\n|cant|p2a: Indeedee|slp\n|\n|upkeep\n|\n|t:|1697423496\n|switch|p1a: Braviary|Braviary-Hisui, M|100\/100\n|turn|2\n|c|\u2606The OG Trainer Red|The moon\n|c|\u2606loch2009|forgot he gets that\n|\n|t:|1697423517\n|switch|p2a: Umbreon|Umbreon, F|100\/100\n|-terastallize|p2b: Ursaluna|Normal\n|move|p1b: Gardevoir|Hyper Voice|p2a: Umbreon|[spread] p2a,p2b\n|-supereffective|p2a: Umbreon\n|-damage|p2a: Umbreon|33\/100\n|-damage|p2b: Ursaluna|27\/100\n|move|p1a: Braviary|Esper Wing|p2b: Ursaluna\n|-damage|p2b: Ursaluna|0 fnt\n|-boost|p1a: Braviary|spe|1\n|faint|p2b: Ursaluna\n|\n|-heal|p2a: Umbreon|40\/100|[from] item: Leftovers\n|upkeep\n|inactive|The OG Trainer Red has 270 seconds left.\n|\n|t:|1697423543\n|switch|p2b: Leafeon|Leafeon, F|100\/100\n|turn|3\n|\n|t:|1697423555\n|move|p1b: Gardevoir|Hyper Voice|p2a: Umbreon|[spread] p2a,p2b\n|-supereffective|p2a: Umbreon\n|-damage|p2a: Umbreon|0 fnt\n|-damage|p2b: Leafeon|55\/100\n|faint|p2a: Umbreon\n|move|p1a: Braviary|Heat Wave|p2b: Leafeon\n|-supereffective|p2b: Leafeon\n|-damage|p2b: Leafeon|0 fnt\n|faint|p2b: Leafeon\n|\n|upkeep\n|\n|t:|1697423565\n|switch|p2b: Ninetales|Ninetales, F|100\/100\n|switch|p2a: Espeon|Espeon, F|100\/100\n|-weather|SunnyDay|[from] ability: Drought|[of] p2b: Ninetales\n|turn|4\n|\n|t:|1697423580\n|move|p2a: Espeon|Expanding Force|p1a: Braviary|[spread] p1a,p1b\n|-resisted|p1a: Braviary\n|-resisted|p1b: Gardevoir\n|-damage|p1a: Braviary|68\/100\n|-damage|p1b: Gardevoir|72\/100\n|move|p1b: Gardevoir|Aura Sphere|p2a: Espeon\n|-resisted|p2a: Espeon\n|-damage|p2a: Espeon|79\/100\n|move|p2b: Ninetales|Flamethrower|p1a: Braviary\n|-damage|p1a: Braviary|0 fnt\n|faint|p1a: Braviary\n|\n|-weather|SunnyDay|[upkeep]\n|upkeep\n|c|\u2606loch2009|oops\n|c|\u2606loch2009|my brain dont be braining\n|\n|t:|1697423603\n|switch|p1a: Haxorus|Haxorus, M|100\/100\n|-ability|p1a: Haxorus|Mold Breaker\n|turn|5\n|\n|t:|1697423614\n|move|p2a: Espeon|Draining Kiss|p1a: Haxorus\n|-supereffective|p1a: Haxorus\n|-damage|p1a: Haxorus|44\/100\n|-heal|p2a: Espeon|100\/100|[from] drain|[of] p1a: Haxorus\n|move|p1b: Gardevoir|Hyper Voice|p2a: Espeon|[spread] p2a,p2b\n|-resisted|p2b: Ninetales\n|-damage|p2a: Espeon|39\/100\n|-damage|p2b: Ninetales|69\/100\n|move|p2b: Ninetales|Flamethrower|p1b: Gardevoir\n|-damage|p1b: Gardevoir|4\/100\n|move|p1a: Haxorus|Rock Slide|p2a: Espeon|[spread] p2a,p2b\n|-supereffective|p2b: Ninetales\n|-damage|p2a: Espeon|0 fnt\n|-damage|p2b: Ninetales|0 fnt\n|faint|p2a: Espeon\n|faint|p2b: Ninetales\n|\n|-weather|SunnyDay|[upkeep]\n|-fieldend|move: Psychic Terrain\n|upkeep\n|c|\u2606loch2009|espeon is fast\n|\n|t:|1697423631\n|switch|p2a: Indeedee|Indeedee-F, F|100\/100 slp\n|-fieldstart|move: Psychic Terrain|[from] ability: Psychic Surge|[of] p2a: Indeedee\n|turn|6\n|\n|t:|1697423642\n|move|p1b: Gardevoir|Hyper Voice|p2a: Indeedee\n|-damage|p2a: Indeedee|34\/100 slp\n|move|p1a: Haxorus|Dragon Claw|p2a: Indeedee\n|-damage|p2a: Indeedee|0 fnt\n|faint|p2a: Indeedee\n|\n|win|loch2009\n|c|\u2606loch2009|ggwp\n|c|\u2606The OG Trainer Red|Yep\n|l|\u2606The OG Trainer Red\n","uploadtime":1697423651,"views":7,"p1id":"loch2009","p2id":"theogtrainerred","formatid":"gen9nationaldexdoubles","rating":0,"private":0,"password":""}