{"id":"gen9nationaldexdoubles-1993536560","p1":"kirblaster","p2":"TheMoistFetus","format":"[Gen 9] National Dex Doubles","log":"|j|\u2606kirblaster\n|j|\u2606TheMoistFetus\n|t:|1700329228\n|gametype|doubles\n|player|p1|kirblaster|yellow|\n|player|p2|TheMoistFetus|bianca-pwt|\n|teamsize|p1|6\n|teamsize|p2|6\n|gen|9\n|tier|[Gen 9] National Dex Doubles\n|rule|HP Percentage Mod: HP is shown in percentages\n|rule|Endless Battle Clause: Forcing endless battles is banned\n|rule|OHKO Clause: OHKO moves are banned\n|rule|Evasion Moves Clause: Evasion moves are banned\n|rule|Evasion Abilities Clause: Evasion abilities are banned\n|rule|Species Clause: Limit one of each Pok\u00e9mon\n|rule|Gravity Sleep Clause: The combination of sleep-inducing moves with imperfect accuracy and Gravity or Gigantamax Orbeetle are banned\n|clearpoke\n|poke|p1|Sinistcha|\n|poke|p1|Clefairy, F|\n|poke|p1|Iron Hands|\n|poke|p1|Kommo-o, M|\n|poke|p1|Flamigo, M|\n|poke|p1|Snorlax, F|\n|poke|p2|Chien-Pao|\n|poke|p2|Iron Bundle|\n|poke|p2|Ninetales-Alola, F|\n|poke|p2|Ogerpon-Cornerstone, F|\n|poke|p2|Tornadus, M|\n|poke|p2|Chi-Yu|\n|teampreview\n|inactive|Battle timer is ON: inactive players will automatically lose when time's up. (requested by kirblaster)\n|c|\u2606TheMoistFetus|I HATE KOMMO O I HATE KOMMO O I HATE KOMMO O I HATE\n|c|\u2606TheMoistFetus|glhf\n|inactive|TheMoistFetus has 270 seconds left.\n|c|\u2606kirblaster|glhf\n|c|\u2606kirblaster|lol\n|inactive|TheMoistFetus has 240 seconds left.\n|\n|t:|1700329295\n|start\n|switch|p1a: the honk mimimi|Snorlax, F|100\/100\n|switch|p1b: the kid|Clefairy, F|100\/100\n|switch|p2a: Penny|Ogerpon-Cornerstone, F|100\/100\n|switch|p2b: Nicole|Chien-Pao|100\/100\n|-ability|p2b: Nicole|Sword of Ruin\n|turn|1\n|\n|t:|1700329317\n|move|p1b: the kid|Follow Me|p1b: the kid\n|-singleturn|p1b: the kid|move: Follow Me\n|move|p2b: Nicole|Sacred Sword|p1b: the kid\n|-resisted|p1b: the kid\n|-damage|p1b: the kid|76\/100\n|move|p2a: Penny|Taunt|p1b: the kid\n|-start|p1b: the kid|move: Taunt\n|move|p1a: the honk mimimi|Belly Drum|p1a: the honk mimimi\n|-damage|p1a: the honk mimimi|50\/100\n|-setboost|p1a: the honk mimimi|atk|6|[from] move: Belly Drum\n|-enditem|p1a: the honk mimimi|Sitrus Berry|[eat]\n|-heal|p1a: the honk mimimi|75\/100|[from] item: Sitrus Berry\n|\n|upkeep\n|turn|2\n|\n|t:|1700329336\n|switch|p1b: the cup|Sinistcha|100\/100\n|-heal|p1a: the honk mimimi|100\/100|[from] ability: Hospitality|[of] p1b: the cup\n|-terastallize|p1a: the honk mimimi|Poison\n|move|p2b: Nicole|Sacred Sword|p1a: the honk mimimi\n|-resisted|p1a: the honk mimimi\n|-damage|p1a: the honk mimimi|82\/100\n|move|p2a: Penny|Ivy Cudgel|p1a: the honk mimimi|[anim] Ivy Cudgel Rock\n|-damage|p1a: the honk mimimi|5\/100\n|move|p1a: the honk mimimi|Facade|p2b: Nicole\n|-enditem|p2b: Nicole|Focus Sash\n|-damage|p2b: Nicole|1\/100\n|\n|upkeep\n|turn|3\n|\n|t:|1700329366\n|move|p2a: Penny|Spiky Shield|p2a: Penny\n|-singleturn|p2a: Penny|move: Protect\n|move|p1a: the honk mimimi|Protect|p1a: the honk mimimi\n|-singleturn|p1a: the honk mimimi|Protect\n|move|p2b: Nicole|Sucker Punch||[still]\n|-fail|p2b: Nicole\n|move|p1b: the cup|Matcha Gotcha|p2b: Nicole|[spread] p2b\n|-activate|p2a: Penny|move: Protect\n|-damage|p2b: Nicole|0 fnt\n|faint|p2b: Nicole\n|\n|upkeep\n|j| Eliminathan\n|inactive|TheMoistFetus has 270 seconds left.\n|\n|t:|1700329384\n|switch|p2b: Darwin|Chi-Yu|100\/100\n|-ability|p2b: Darwin|Beads of Ruin\n|turn|4\n|inactive|kirblaster has 270 seconds left.\n|\n|t:|1700329414\n|move|p2b: Darwin|Heat Wave|p1b: the cup|[spread] p1a,p1b\n|-crit|p1a: the honk mimimi\n|-supereffective|p1b: the cup\n|-damage|p1a: the honk mimimi|0 fnt\n|-damage|p1b: the cup|0 fnt\n|faint|p1a: the honk mimimi\n|faint|p1b: the cup\n|move|p2a: Penny|Ivy Cudgel|p1: the honk mimimi|[notarget]\n|-fail|p2a: Penny\n|\n|upkeep\n|inactive|kirblaster has 270 seconds left.\n|\n|t:|1700329424\n|switch|p1b: the AAAAAAAAAA|Kommo-o, M|100\/100\n|switch|p1a: the goat|Iron Hands|100\/100\n|turn|5\n|c| Eliminathan|wolfey ass team\n|inactive|TheMoistFetus has 270 seconds left.\n|\n|t:|1700329456\n|switch|p2b: Mr Small|Tornadus, M, shiny|100\/100\n|move|p2a: Penny|Spiky Shield|p2a: Penny\n|-singleturn|p2a: Penny|move: Protect\n|move|p1a: the goat|Fake Out|p2b: Mr Small\n|-damage|p2b: Mr Small|81\/100\n|-zpower|p1b: the AAAAAAAAAA\n|move|p1b: the AAAAAAAAAA|Clangorous Soulblaze|p2a: Penny|[zeffect]|[spread] p2a,p2b\n|-zbroken|p2a: Penny\n|-damage|p2a: Penny|83\/100\n|-damage|p2b: Mr Small|35\/100\n|-boost|p1b: the AAAAAAAAAA|atk|1\n|-boost|p1b: the AAAAAAAAAA|def|1\n|-boost|p1b: the AAAAAAAAAA|spa|1\n|-boost|p1b: the AAAAAAAAAA|spd|1\n|-boost|p1b: the AAAAAAAAAA|spe|1\n|\n|upkeep\n|turn|6\n|c|\u2606kirblaster|didnt want to teambuild that much and i like sinistcha\n|inactive|TheMoistFetus has 270 seconds left.\n|\n|t:|1700329482\n|move|p2b: Mr Small|Tailwind|p2b: Mr Small\n|-sidestart|p2: TheMoistFetus|move: Tailwind\n|move|p2a: Penny|Horn Leech|p1a: the goat\n|-damage|p1a: the goat|73\/100\n|-heal|p2a: Penny|100\/100|[from] drain|[of] p1a: the goat\n|move|p1b: the AAAAAAAAAA|Clanging Scales|p2b: Mr Small|[spread] p2a,p2b\n|-damage|p2a: Penny|42\/100\n|-damage|p2b: Mr Small|0 fnt\n|faint|p2b: Mr Small\n|-unboost|p1b: the AAAAAAAAAA|def|1\n|move|p1a: the goat|Drain Punch|p2a: Penny\n|-supereffective|p2a: Penny\n|-damage|p2a: Penny|0 fnt\n|-heal|p1a: the goat|85\/100|[from] drain|[of] p2a: Penny\n|faint|p2a: Penny\n|\n|upkeep\n|inactive|TheMoistFetus has 270 seconds left.\n|\n|t:|1700329501\n|switch|p2a: Bobert|Iron Bundle, shiny|100\/100\n|switch|p2b: Gumball|Ninetales-Alola, F|100\/100\n|-weather|Snow|[from] ability: Snow Warning|[of] p2b: Gumball\n|-enditem|p2a: Bobert|Booster Energy\n|-activate|p2a: Bobert|ability: Quark Drive|[fromitem]\n|-start|p2a: Bobert|quarkdrivespe\n|turn|7\n|inactive|TheMoistFetus has 270 seconds left.\n|\n|t:|1700329521\n|switch|p1b: the kid|Clefairy, F|76\/100\n|move|p2a: Bobert|Blizzard|p1b: the kid|[spread] p1a,p1b\n|-damage|p1a: the goat|65\/100\n|-damage|p1b: the kid|52\/100\n|move|p2b: Gumball|Blizzard|p1a: the goat|[spread] p1a,p1b\n|-damage|p1a: the goat|55\/100\n|-damage|p1b: the kid|38\/100\n|move|p1a: the goat|Heavy Slam|p2b: Gumball\n|-supereffective|p2b: Gumball\n|-damage|p2b: Gumball|0 fnt\n|faint|p2b: Gumball\n|\n|-weather|Snow|[upkeep]\n|upkeep\n|\n|t:|1700329534\n|switch|p2b: Darwin|Chi-Yu|100\/100\n|-ability|p2b: Darwin|Beads of Ruin\n|turn|8\n|inactive|TheMoistFetus has 270 seconds left.\n|\n|t:|1700329550\n|-terastallize|p2a: Bobert|Ice\n|move|p2a: Bobert|Blizzard|p1b: the kid|[spread] p1a,p1b\n|-damage|p1a: the goat|21\/100\n|-damage|p1b: the kid|0 fnt\n|faint|p1b: the kid\n|move|p2b: Darwin|Heat Wave|p1a: the goat\n|-damage|p1a: the goat|0 fnt\n|faint|p1a: the goat\n|-end|p1a: the goat|Quark Drive|[silent]\n|\n|-weather|Snow|[upkeep]\n|upkeep\n|\n|t:|1700329556\n|switch|p1b: the AAAAAAAAAA|Kommo-o, M|100\/100\n|switch|p1a: the migo|Flamigo, M|100\/100\n|-copyboost|p1a: the migo|p1b: the AAAAAAAAAA|[from] ability: Costar\n|turn|9\n|\n|t:|1700329567\n|move|p2a: Bobert|Blizzard|p1b: the AAAAAAAAAA|[spread] p1a,p1b\n|-supereffective|p1a: the migo\n|-supereffective|p1b: the AAAAAAAAAA\n|-enditem|p1a: the migo|Focus Sash\n|-damage|p1a: the migo|1\/100\n|-damage|p1b: the AAAAAAAAAA|0 fnt\n|faint|p1b: the AAAAAAAAAA\n|move|p2b: Darwin|Heat Wave|p1a: the migo\n|-damage|p1a: the migo|0 fnt\n|faint|p1a: the migo\n|\n|win|TheMoistFetus\n","uploadtime":1700329577,"views":28,"p1id":"kirblaster","p2id":"themoistfetus","formatid":"gen9nationaldexdoubles","rating":0,"private":0,"password":""}