{"id":"gen9nationaldexdoubles-1980365790","p1":"marielbhd","p2":"decidoustree","format":"[Gen 9] National Dex Doubles","log":"|j|\u2606marielbhd\n|j|\u2606decidoustree\n|t:|1698778688\n|gametype|doubles\n|player|p1|marielbhd|caitlin|1036\n|player|p2|decidoustree|cheren-gen5bw2|1126\n|teamsize|p1|6\n|teamsize|p2|6\n|gen|9\n|tier|[Gen 9] National Dex Doubles\n|rated|\n|rule|HP Percentage Mod: HP is shown in percentages\n|rule|Endless Battle Clause: Forcing endless battles is banned\n|rule|OHKO Clause: OHKO moves are banned\n|rule|Evasion Moves Clause: Evasion moves are banned\n|rule|Evasion Abilities Clause: Evasion abilities are banned\n|rule|Species Clause: Limit one of each Pok\u00e9mon\n|rule|Gravity Sleep Clause: The combination of sleep-inducing moves with imperfect accuracy and Gravity or Gigantamax Orbeetle are banned\n|clearpoke\n|poke|p1|Vivillon, F|\n|poke|p1|Mesprit|\n|poke|p1|Enamorus, F|\n|poke|p1|Scream Tail|\n|poke|p1|Ribombee, F|\n|poke|p1|Sylveon, M|\n|poke|p2|Jirachi|\n|poke|p2|Mismagius, F|\n|poke|p2|Audino, F|\n|poke|p2|Delphox, F|\n|poke|p2|Mienshao, M|\n|poke|p2|Altaria, F|\n|teampreview\n|\n|t:|1698778703\n|start\n|switch|p1a: Mesprit|Mesprit|100\/100\n|switch|p1b: Scream Tail|Scream Tail|100\/100\n|switch|p2a: Machiavellian Bach|Jirachi|100\/100\n|switch|p2b: Get mad !!!|Mienshao, M|100\/100\n|-enditem|p1b: Scream Tail|Booster Energy\n|-activate|p1b: Scream Tail|ability: Protosynthesis|[fromitem]\n|-start|p1b: Scream Tail|protosynthesisspe\n|turn|1\n|\n|t:|1698778719\n|move|p2b: Get mad !!!|Fake Out|p1b: Scream Tail\n|-damage|p1b: Scream Tail|86\/100\n|-damage|p2b: Get mad !!!|91\/100|[from] item: Life Orb\n|cant|p1b: Scream Tail|flinch\n|move|p2a: Machiavellian Bach|Cosmic Power|p2a: Machiavellian Bach\n|-boost|p2a: Machiavellian Bach|def|1\n|-boost|p2a: Machiavellian Bach|spd|1\n|move|p1a: Mesprit|Mystical Power|p2b: Get mad !!!\n|-supereffective|p2b: Get mad !!!\n|-damage|p2b: Get mad !!!|0 fnt\n|-boost|p1a: Mesprit|spa|1\n|faint|p2b: Get mad !!!\n|\n|upkeep\n|\n|t:|1698778734\n|switch|p2b: Yes !|Audino, F|100\/100\n|turn|2\n|\n|t:|1698778743\n|move|p2a: Machiavellian Bach|Cosmic Power|p2a: Machiavellian Bach\n|-boost|p2a: Machiavellian Bach|def|1\n|-boost|p2a: Machiavellian Bach|spd|1\n|move|p1a: Mesprit|Mystical Power|p2b: Yes !\n|-damage|p2b: Yes !|65\/100\n|-boost|p1a: Mesprit|spa|1\n|move|p2b: Yes !|Yawn|p1a: Mesprit\n|-start|p1a: Mesprit|move: Yawn|[of] p2b: Yes !\n|move|p1b: Scream Tail|Roar|p2a: Machiavellian Bach\n|drag|p2a: 999|Mismagius, F|100\/100\n|\n|upkeep\n|turn|3\n|\n|t:|1698778782\n|move|p1b: Scream Tail|Fake Tears|p2b: Yes !\n|-unboost|p2b: Yes !|spd|2\n|move|p2a: 999|Shadow Ball|p1b: Scream Tail\n|-supereffective|p1b: Scream Tail\n|-damage|p1b: Scream Tail|38\/100\n|move|p1a: Mesprit|Thunder Wave|p2a: 999\n|-status|p2a: 999|par\n|move|p2b: Yes !|Yawn|p1b: Scream Tail\n|-start|p1b: Scream Tail|move: Yawn|[of] p2b: Yes !\n|\n|-end|p1a: Mesprit|move: Yawn|[silent]\n|-status|p1a: Mesprit|slp\n|upkeep\n|turn|4\n|c|\u2606decidoustree|wron moveset\n|\n|t:|1698778849\n|move|p1b: Scream Tail|Stealth Rock|p2b: Yes !\n|-sidestart|p2: decidoustree|move: Stealth Rock\n|cant|p1a: Mesprit|slp\n|move|p2a: 999|Icy Wind|p1b: Scream Tail|[spread] p1a,p1b\n|-damage|p1a: Mesprit|90\/100 slp\n|-damage|p1b: Scream Tail|29\/100\n|-unboost|p1a: Mesprit|spe|1\n|-unboost|p1b: Scream Tail|spe|1\n|move|p2b: Yes !|Echoed Voice|p1b: Scream Tail\n|-damage|p1b: Scream Tail|22\/100\n|\n|-end|p1b: Scream Tail|move: Yawn|[silent]\n|-status|p1b: Scream Tail|slp\n|upkeep\n|turn|5\n|\n|t:|1698778872\n|move|p2a: 999|Shadow Ball|p1a: Mesprit\n|-supereffective|p1a: Mesprit\n|-damage|p1a: Mesprit|22\/100 slp\n|move|p2b: Yes !|Echoed Voice|p1a: Mesprit\n|-damage|p1a: Mesprit|5\/100 slp\n|cant|p1a: Mesprit|slp\n|cant|p1b: Scream Tail|slp\n|\n|upkeep\n|turn|6\n|\n|t:|1698778886\n|move|p2a: 999|Shadow Ball|p1a: Mesprit\n|-supereffective|p1a: Mesprit\n|-damage|p1a: Mesprit|0 fnt\n|faint|p1a: Mesprit\n|move|p2b: Yes !|Echoed Voice|p1b: Scream Tail\n|-crit|p1b: Scream Tail\n|-damage|p1b: Scream Tail|0 fnt\n|faint|p1b: Scream Tail\n|-end|p1b: Scream Tail|Protosynthesis|[silent]\n|\n|upkeep\n|\n|t:|1698778914\n|switch|p1b: Enamorus|Enamorus, F|100\/100\n|switch|p1a: Sylveon|Sylveon, M|100\/100\n|turn|7\n|\n|t:|1698778942\n|move|p1b: Enamorus|Superpower|p2b: Yes !\n|-supereffective|p2b: Yes !\n|-damage|p2b: Yes !|7\/100\n|-boost|p1b: Enamorus|atk|1\n|-boost|p1b: Enamorus|def|1\n|-damage|p1b: Enamorus|84\/100|[from] item: Rocky Helmet|[of] p2b: Yes !\n|move|p2a: 999|Icy Wind|p1a: Sylveon|[spread] p1a,p1b\n|-supereffective|p1b: Enamorus\n|-damage|p1a: Sylveon|94\/100\n|-damage|p1b: Enamorus|60\/100\n|-unboost|p1a: Sylveon|spe|1\n|-boost|p1b: Enamorus|spe|1\n|move|p2b: Yes !|Echoed Voice|p1a: Sylveon\n|-crit|p1a: Sylveon\n|-damage|p1a: Sylveon|67\/100\n|move|p1a: Sylveon|Hyper Voice|p2b: Yes !|[spread] p2a,p2b\n|-damage|p2a: 999|75\/100 par\n|-damage|p2b: Yes !|0 fnt\n|faint|p2b: Yes !\n|-enditem|p1a: Sylveon|Throat Spray\n|-boost|p1a: Sylveon|spa|1|[from] item: Throat Spray\n|\n|upkeep\n|\n|t:|1698778971\n|switch|p2b: Machiavellian Bach|Jirachi|100\/100\n|-damage|p2b: Machiavellian Bach|94\/100|[from] Stealth Rock\n|turn|8\n|\n|t:|1698778992\n|move|p1b: Enamorus|Iron Head|p2a: 999\n|-damage|p2a: 999|0 fnt\n|faint|p2a: 999\n|move|p2b: Machiavellian Bach|Cosmic Power|p2b: Machiavellian Bach\n|-boost|p2b: Machiavellian Bach|def|1\n|-boost|p2b: Machiavellian Bach|spd|1\n|move|p1a: Sylveon|Mystical Fire|p2b: Machiavellian Bach\n|-supereffective|p2b: Machiavellian Bach\n|-damage|p2b: Machiavellian Bach|68\/100\n|-unboost|p2b: Machiavellian Bach|spa|1\n|\n|-heal|p2b: Machiavellian Bach|74\/100|[from] item: Leftovers\n|upkeep\n|\n|t:|1698779007\n|switch|p2a: Lemonade|Delphox, F|100\/100\n|-damage|p2a: Lemonade|76\/100|[from] Stealth Rock\n|turn|9\n|\n|t:|1698779030\n|move|p1b: Enamorus|Iron Head|p2a: Lemonade\n|-resisted|p2a: Lemonade\n|-damage|p2a: Lemonade|48\/100\n|move|p2a: Lemonade|Hypnosis|p1b: Enamorus\n|-status|p1b: Enamorus|slp|[from] move: Hypnosis\n|move|p2b: Machiavellian Bach|Charge Beam|p1b: Enamorus\n|-supereffective|p1b: Enamorus\n|-damage|p1b: Enamorus|44\/100 slp\n|-boost|p2b: Machiavellian Bach|spa|1\n|move|p1a: Sylveon|Wish|p1a: Sylveon\n|\n|-heal|p2b: Machiavellian Bach|80\/100|[from] item: Leftovers\n|upkeep\n|turn|10\n|\n|t:|1698779064\n|cant|p1b: Enamorus|slp\n|move|p2a: Lemonade|Calm Mind|p2a: Lemonade\n|-boost|p2a: Lemonade|spa|1\n|-boost|p2a: Lemonade|spd|1\n|move|p2b: Machiavellian Bach|Baton Pass|p2b: Machiavellian Bach\n|\n|t:|1698779070\n|switch|p2b: Fluffy|Altaria, F|100\/100|[from] Baton Pass\n|-damage|p2b: Fluffy|75\/100|[from] Stealth Rock\n|move|p1a: Sylveon|Mystical Fire|p2b: Fluffy\n|-resisted|p2b: Fluffy\n|-damage|p2b: Fluffy|67\/100\n|-unboost|p2b: Fluffy|spa|1\n|\n|-heal|p1a: Sylveon|100\/100|[from] move: Wish|[wisher] Sylveon\n|upkeep\n|turn|11\n|\n|t:|1698779105\n|detailschange|p2b: Fluffy|Altaria-Mega, F\n|-mega|p2b: Fluffy|Altaria|Altarianite\n|-curestatus|p1b: Enamorus|slp|[msg]\n|move|p1b: Enamorus|Tera Blast|p2a: Lemonade\n|-damage|p2a: Lemonade|29\/100\n|move|p2a: Lemonade|Heat Wave|p1a: Sylveon|[spread] p1a,p1b\n|-damage|p1a: Sylveon|54\/100\n|-damage|p1b: Enamorus|0 fnt\n|faint|p1b: Enamorus\n|-damage|p2a: Lemonade|19\/100|[from] item: Life Orb\n|move|p2b: Fluffy|Hyper Voice|p1a: Sylveon\n|-damage|p1a: Sylveon|39\/100\n|move|p1a: Sylveon|Hyper Voice|p2b: Fluffy|[spread] p2a,p2b\n|-resisted|p2a: Lemonade\n|-supereffective|p2b: Fluffy\n|-damage|p2a: Lemonade|2\/100\n|-damage|p2b: Fluffy|17\/100\n|\n|upkeep\n|\n|t:|1698779144\n|switch|p1b: Vivillon|Vivillon, F|100\/100\n|turn|12\n|\n|t:|1698779166\n|-terastallize|p2a: Lemonade|Fire\n|move|p2a: Lemonade|Heat Wave|p1a: Sylveon|[spread] p1a,p1b\n|-supereffective|p1b: Vivillon\n|-damage|p1a: Sylveon|0 fnt\n|-enditem|p1b: Vivillon|Focus Sash\n|-damage|p1b: Vivillon|1\/100\n|faint|p1a: Sylveon\n|-damage|p2a: Lemonade|0 fnt|[from] item: Life Orb\n|faint|p2a: Lemonade\n|move|p1b: Vivillon|Quiver Dance|p1b: Vivillon\n|-boost|p1b: Vivillon|spa|1\n|-boost|p1b: Vivillon|spd|1\n|-boost|p1b: Vivillon|spe|1\n|move|p2b: Fluffy|Hyper Voice|p1b: Vivillon\n|-damage|p1b: Vivillon|0 fnt\n|faint|p1b: Vivillon\n|\n|upkeep\n|\n|t:|1698779185\n|switch|p2a: Machiavellian Bach|Jirachi|80\/100\n|switch|p1b: Ribombee|Ribombee, F, shiny|100\/100\n|-damage|p2a: Machiavellian Bach|74\/100|[from] Stealth Rock\n|turn|13\n|\n|t:|1698779208\n|move|p1b: Ribombee|Quiver Dance|p1b: Ribombee\n|-boost|p1b: Ribombee|spa|1\n|-boost|p1b: Ribombee|spd|1\n|-boost|p1b: Ribombee|spe|1\n|move|p2a: Machiavellian Bach|Cosmic Power|p2a: Machiavellian Bach\n|-boost|p2a: Machiavellian Bach|def|1\n|-boost|p2a: Machiavellian Bach|spd|1\n|move|p2b: Fluffy|Hyper Voice|p1b: Ribombee\n|-damage|p1b: Ribombee|64\/100\n|\n|-heal|p2a: Machiavellian Bach|80\/100|[from] item: Leftovers\n|upkeep\n|turn|14\n|inactive|Battle timer is ON: inactive players will automatically lose when time's up. (requested by decidoustree)\n|\n|t:|1698779275\n|move|p1b: Ribombee|Draining Kiss|p2b: Fluffy\n|-supereffective|p2b: Fluffy\n|-damage|p2b: Fluffy|0 fnt\n|-heal|p1b: Ribombee|77\/100|[from] drain|[of] p2b: Fluffy\n|faint|p2b: Fluffy\n|move|p2a: Machiavellian Bach|Charge Beam|p1b: Ribombee|[miss]\n|-miss|p2a: Machiavellian Bach|p1b: Ribombee\n|\n|-heal|p2a: Machiavellian Bach|86\/100|[from] item: Leftovers\n|upkeep\n|turn|15\n|\n|t:|1698779287\n|move|p1b: Ribombee|Quiver Dance|p1b: Ribombee\n|-boost|p1b: Ribombee|spa|1\n|-boost|p1b: Ribombee|spd|1\n|-boost|p1b: Ribombee|spe|1\n|move|p2a: Machiavellian Bach|Charge Beam|p1b: Ribombee\n|-damage|p1b: Ribombee|67\/100\n|-boost|p2a: Machiavellian Bach|spa|1\n|\n|-heal|p2a: Machiavellian Bach|93\/100|[from] item: Leftovers\n|upkeep\n|turn|16\n|\n|t:|1698779309\n|move|p1b: Ribombee|Stored Power|p2a: Machiavellian Bach\n|-resisted|p2a: Machiavellian Bach\n|-damage|p2a: Machiavellian Bach|82\/100\n|move|p2a: Machiavellian Bach|Charge Beam|p1b: Ribombee\n|-damage|p1b: Ribombee|52\/100\n|-boost|p2a: Machiavellian Bach|spa|1\n|\n|-heal|p2a: Machiavellian Bach|88\/100|[from] item: Leftovers\n|upkeep\n|turn|17\n|\n|t:|1698779321\n|move|p1b: Ribombee|Quiver Dance|p1b: Ribombee\n|-boost|p1b: Ribombee|spa|1\n|-boost|p1b: Ribombee|spd|1\n|-boost|p1b: Ribombee|spe|1\n|move|p2a: Machiavellian Bach|Charge Beam|p1b: Ribombee\n|-damage|p1b: Ribombee|35\/100\n|-boost|p2a: Machiavellian Bach|spa|1\n|\n|-heal|p2a: Machiavellian Bach|94\/100|[from] item: Leftovers\n|upkeep\n|turn|18\n|\n|t:|1698779336\n|move|p1b: Ribombee|Draining Kiss|p2a: Machiavellian Bach\n|-resisted|p2a: Machiavellian Bach\n|-damage|p2a: Machiavellian Bach|81\/100\n|-heal|p1b: Ribombee|48\/100|[from] drain|[of] p2a: Machiavellian Bach\n|move|p2a: Machiavellian Bach|Charge Beam|p1b: Ribombee\n|-damage|p1b: Ribombee|29\/100\n|-boost|p2a: Machiavellian Bach|spa|1\n|\n|-heal|p2a: Machiavellian Bach|87\/100|[from] item: Leftovers\n|upkeep\n|turn|19\n|\n|t:|1698779353\n|move|p1b: Ribombee|Quiver Dance|p1b: Ribombee\n|-boost|p1b: Ribombee|spa|1\n|-boost|p1b: Ribombee|spd|1\n|-boost|p1b: Ribombee|spe|1\n|move|p2a: Machiavellian Bach|Stored Power|p1b: Ribombee\n|-damage|p1b: Ribombee|0 fnt\n|faint|p1b: Ribombee\n|\n|win|decidoustree\n|raw|marielbhd's rating: 1036 &rarr; <strong>1025<\/strong><br \/>(-11 for losing)\n|raw|decidoustree's rating: 1126 &rarr; <strong>1145<\/strong><br \/>(+19 for winning)\n","uploadtime":1698779362,"views":13,"p1id":"marielbhd","p2id":"decidoustree","formatid":"gen9nationaldexdoubles","rating":1025,"private":0,"password":""}