{"id":"gen9nationaldexdoubles-1947388142","p1":"El Ryuk456","p2":"HellaBackWoods909","format":"[Gen 9] National Dex Doubles","log":"|j|\u2606El Ryuk456\n|j|\u2606HellaBackWoods909\n|t:|1695156387\n|gametype|doubles\n|player|p1|El Ryuk456|blaine|1307\n|player|p2|HellaBackWoods909|101|1163\n|teamsize|p1|6\n|teamsize|p2|6\n|gen|9\n|tier|[Gen 9] National Dex Doubles\n|rated|\n|rule|HP Percentage Mod: HP is shown in percentages\n|rule|Endless Battle Clause: Forcing endless battles is banned\n|rule|OHKO Clause: OHKO moves are banned\n|rule|Evasion Moves Clause: Evasion moves are banned\n|rule|Evasion Abilities Clause: Evasion abilities are banned\n|rule|Species Clause: Limit one of each Pok\u00e9mon\n|rule|Gravity Sleep Clause: The combination of sleep-inducing moves with imperfect accuracy and Gravity or Gigantamax Orbeetle are banned\n|clearpoke\n|poke|p1|Sableye, M|\n|poke|p1|Mandibuzz, F|\n|poke|p1|Kleavor, M|\n|poke|p1|Samurott-Hisui, M|\n|poke|p1|Armarouge, M|\n|poke|p1|Skeledirge, M|\n|poke|p2|Meowscarada, M|\n|poke|p2|Garchomp, F|\n|poke|p2|Whimsicott, F|\n|poke|p2|Skeledirge, M|\n|poke|p2|Uxie|\n|poke|p2|Cresselia, F|\n|teampreview\n|inactive|Battle timer is ON: inactive players will automatically lose when time's up. (requested by El Ryuk456)\n|\n|t:|1695156402\n|start\n|switch|p1a: Kaido|Kleavor, M|100\/100\n|switch|p1b: Bushii|Samurott-Hisui, M|100\/100\n|switch|p2a: Garchomp|Garchomp, F|100\/100\n|switch|p2b: Uxie|Uxie|100\/100\n|turn|1\n|\n|t:|1695156420\n|detailschange|p2a: Garchomp|Garchomp-Mega, F\n|-mega|p2a: Garchomp|Garchomp|Garchompite\n|move|p2a: Garchomp|Earthquake|p1a: Kaido|[spread] p1a,p1b\n|-immune|p2b: Uxie|[from] ability: Levitate\n|-damage|p1a: Kaido|56\/100\n|-damage|p1b: Bushii|50\/100\n|move|p2b: Uxie|Dazzling Gleam|p1a: Kaido|[spread] p1a,p1b\n|-supereffective|p1b: Bushii\n|-damage|p1a: Kaido|33\/100\n|-damage|p1b: Bushii|27\/100\n|move|p1a: Kaido|Stone Axe|p2b: Uxie\n|-damage|p2b: Uxie|48\/100\n|-sidestart|p2: HellaBackWoods909|move: Stealth Rock\n|move|p1b: Bushii|Ceaseless Edge|p2b: Uxie\n|-supereffective|p2b: Uxie\n|-damage|p2b: Uxie|0 fnt\n|-sidestart|p2: HellaBackWoods909|Spikes\n|faint|p2b: Uxie\n|\n|upkeep\n|\n|t:|1695156429\n|switch|p2b: Cresselia|Cresselia, F|100\/100\n|-damage|p2b: Cresselia|88\/100|[from] Stealth Rock\n|turn|2\n|\n|t:|1695156451\n|move|p1b: Bushii|Sucker Punch||[still]\n|-fail|p1b: Bushii\n|move|p2a: Garchomp|Earthquake|p1b: Bushii|[spread] p1a,p1b\n|-immune|p2b: Cresselia|[from] ability: Levitate\n|-damage|p1a: Kaido|0 fnt\n|-damage|p1b: Bushii|0 fnt\n|faint|p1a: Kaido\n|faint|p1b: Bushii\n|move|p2b: Cresselia|Lunar Blessing|p2b: Cresselia|[spread] p2a,p2b\n|-heal|p2b: Cresselia|100\/100\n|\n|upkeep\n|\n|t:|1695156463\n|switch|p1a: Yami|Sableye, M|100\/100\n|switch|p1b: Dai|Mandibuzz, F|100\/100\n|turn|3\n|\n|t:|1695156476\n|move|p1a: Yami|Will-O-Wisp|p2a: Garchomp\n|-status|p2a: Garchomp|brn\n|move|p2a: Garchomp|Earthquake|p1b: Dai|[spread] p1a\n|-immune|p2b: Cresselia|[from] ability: Levitate\n|-immune|p1b: Dai\n|-damage|p1a: Yami|70\/100\n|move|p1b: Dai|Foul Play|p2a: Garchomp\n|-damage|p2a: Garchomp|51\/100 brn\n|move|p2b: Cresselia|Ice Beam|p1b: Dai\n|-supereffective|p1b: Dai\n|-damage|p1b: Dai|68\/100\n|\n|-heal|p1b: Dai|75\/100|[from] item: Leftovers\n|-damage|p2a: Garchomp|44\/100 brn|[from] brn\n|upkeep\n|turn|4\n|\n|t:|1695156497\n|switch|p2a: Whimsicott|Whimsicott, F|100\/100\n|-damage|p2a: Whimsicott|88\/100|[from] Stealth Rock\n|-damage|p2a: Whimsicott|76\/100|[from] Spikes\n|move|p1a: Yami|Reflect|p1a: Yami\n|-sidestart|p1: El Ryuk456|Reflect\n|move|p1b: Dai|Roost|p1b: Dai\n|-heal|p1b: Dai|100\/100\n|-singleturn|p1b: Dai|move: Roost\n|move|p2b: Cresselia|Ice Beam|p1b: Dai\n|-damage|p1b: Dai|87\/100\n|\n|-heal|p1b: Dai|93\/100|[from] item: Leftovers\n|upkeep\n|turn|5\n|inactive|HellaBackWoods909 has 120 seconds left.\n|\n|t:|1695156528\n|switch|p2b: Skeledirge|Skeledirge, M|100\/100\n|-damage|p2b: Skeledirge|75\/100|[from] Stealth Rock\n|-damage|p2b: Skeledirge|63\/100|[from] Spikes\n|move|p1a: Yami|Light Screen|p1a: Yami\n|-sidestart|p1: El Ryuk456|move: Light Screen\n|move|p2a: Whimsicott|Moonblast|p1b: Dai\n|-supereffective|p1b: Dai\n|-damage|p1b: Dai|69\/100\n|move|p1b: Dai|Whirlwind|p2b: Skeledirge\n|drag|p2b: Garchomp|Garchomp-Mega, F|44\/100 brn\n|-damage|p2b: Garchomp|38\/100 brn|[from] Stealth Rock\n|-damage|p2b: Garchomp|26\/100 brn|[from] Spikes\n|\n|-heal|p1b: Dai|75\/100|[from] item: Leftovers\n|-damage|p2b: Garchomp|20\/100 brn|[from] brn\n|upkeep\n|turn|6\n|\n|t:|1695156548\n|switch|p2a: Cresselia|Cresselia, F|100\/100\n|-damage|p2a: Cresselia|88\/100|[from] Stealth Rock\n|move|p1a: Yami|Will-O-Wisp|p2a: Cresselia\n|-status|p2a: Cresselia|brn\n|move|p2b: Garchomp|Dragon Claw|p1a: Yami\n|-damage|p1a: Yami|49\/100\n|move|p1b: Dai|Roost|p1b: Dai\n|-heal|p1b: Dai|100\/100\n|-singleturn|p1b: Dai|move: Roost\n|\n|-heal|p2a: Cresselia|94\/100 brn|[from] item: Leftovers\n|-damage|p2b: Garchomp|14\/100 brn|[from] brn\n|-damage|p2a: Cresselia|88\/100 brn|[from] brn\n|upkeep\n|turn|7\n|\n|t:|1695156565\n|move|p2b: Garchomp|Dragon Claw|p1a: Yami\n|-damage|p1a: Yami|29\/100\n|move|p1b: Dai|Foul Play|p2b: Garchomp\n|-damage|p2b: Garchomp|0 fnt\n|faint|p2b: Garchomp\n|move|p2a: Cresselia|Lunar Blessing|p2a: Cresselia\n|-heal|p2a: Cresselia|100\/100 brn\n|-curestatus|p2a: Cresselia|brn|[msg]\n|move|p1a: Yami|Foul Play|p2a: Cresselia\n|-supereffective|p2a: Cresselia\n|-damage|p2a: Cresselia|69\/100\n|\n|-heal|p2a: Cresselia|75\/100|[from] item: Leftovers\n|upkeep\n|inactive|HellaBackWoods909 has 120 seconds left.\n|\n|t:|1695156586\n|switch|p2b: Whimsicott|Whimsicott, F|76\/100\n|-damage|p2b: Whimsicott|63\/100|[from] Stealth Rock\n|-damage|p2b: Whimsicott|51\/100|[from] Spikes\n|turn|8\n|\n|t:|1695156597\n|move|p1a: Yami|Will-O-Wisp|p2b: Whimsicott\n|-status|p2b: Whimsicott|brn\n|move|p2b: Whimsicott|Moonblast|p1a: Yami\n|-supereffective|p1a: Yami\n|-damage|p1a: Yami|0 fnt\n|faint|p1a: Yami\n|move|p2a: Cresselia|Ice Beam|p1b: Dai\n|-supereffective|p1b: Dai\n|-damage|p1b: Dai|80\/100\n|move|p1b: Dai|Whirlwind|p2a: Cresselia\n|drag|p2a: Skeledirge|Skeledirge, M|63\/100\n|-damage|p2a: Skeledirge|38\/100|[from] Stealth Rock\n|-damage|p2a: Skeledirge|26\/100|[from] Spikes\n|\n|-heal|p1b: Dai|87\/100|[from] item: Leftovers\n|-heal|p2a: Skeledirge|32\/100|[from] item: Leftovers\n|-damage|p2b: Whimsicott|45\/100 brn|[from] brn\n|upkeep\n|inactive|El Ryuk456 has 120 seconds left.\n|\n|t:|1695156622\n|switch|p1a: Rookie|Skeledirge, M|100\/100\n|turn|9\n|\n|t:|1695156629\n|move|p2b: Whimsicott|Defog|p1a: Rookie\n|-unboost|p1a: Rookie|evasion|1\n|-sideend|p1: El Ryuk456|Reflect\n|-sideend|p1: El Ryuk456|move: Light Screen\n|-sideend|p2: HellaBackWoods909|Spikes|[from] move: Defog|[of] p2b: Whimsicott\n|-sideend|p2: HellaBackWoods909|Stealth Rock|[from] move: Defog|[of] p2b: Whimsicott\n|move|p1b: Dai|Snarl|p2a: Skeledirge|[spread] p2a,p2b\n|-supereffective|p2a: Skeledirge\n|-resisted|p2b: Whimsicott\n|-damage|p2a: Skeledirge|14\/100\n|-damage|p2b: Whimsicott|38\/100 brn\n|-unboost|p2a: Skeledirge|spa|1\n|-unboost|p2b: Whimsicott|spa|1\n|move|p1a: Rookie|Snarl|p2a: Skeledirge|[spread] p2a,p2b\n|-supereffective|p2a: Skeledirge\n|-resisted|p2b: Whimsicott\n|-damage|p2a: Skeledirge|0 fnt\n|-damage|p2b: Whimsicott|30\/100 brn\n|-unboost|p2b: Whimsicott|spa|1\n|faint|p2a: Skeledirge\n|\n|-heal|p1b: Dai|93\/100|[from] item: Leftovers\n|-damage|p2b: Whimsicott|24\/100 brn|[from] brn\n|upkeep\n|-enditem|p2b: Whimsicott|Aguav Berry|[eat]\n|-heal|p2b: Whimsicott|57\/100 brn|[from] item: Aguav Berry\n|\n|t:|1695156638\n|switch|p2a: Meowscarada|Meowscarada, M|100\/100\n|turn|10\n|\n|t:|1695156651\n|-terastallize|p1a: Rookie|Grass\n|move|p2b: Whimsicott|Encore|p1b: Dai\n|-hint|Since gen 7, Dark is immune to Prankster moves.\n|-immune|p1b: Dai\n|move|p2a: Meowscarada|Knock Off|p1a: Rookie\n|-start|p2a: Meowscarada|typechange|Dark|[from] ability: Protean\n|-damage|p1a: Rookie|65\/100\n|-enditem|p1a: Rookie|Sitrus Berry|[from] move: Knock Off|[of] p2a: Meowscarada\n|move|p1b: Dai|Foul Play|p2a: Meowscarada\n|-resisted|p2a: Meowscarada\n|-damage|p2a: Meowscarada|64\/100\n|move|p1a: Rookie|Torch Song|p2a: Meowscarada\n|-damage|p2a: Meowscarada|23\/100\n|-boost|p1a: Rookie|spa|1\n|\n|-heal|p1b: Dai|99\/100|[from] item: Leftovers\n|-damage|p2b: Whimsicott|51\/100 brn|[from] brn\n|upkeep\n|turn|11\n|\n|t:|1695156670\n|move|p1a: Rookie|Protect|p1a: Rookie\n|-singleturn|p1a: Rookie|Protect\n|move|p2a: Meowscarada|U-turn|p1a: Rookie\n|-activate|p1a: Rookie|move: Protect\n|move|p2b: Whimsicott|Moonblast|p1a: Rookie\n|-activate|p1a: Rookie|move: Protect\n|move|p1b: Dai|Foul Play|p2a: Meowscarada\n|-resisted|p2a: Meowscarada\n|-damage|p2a: Meowscarada|0 fnt\n|faint|p2a: Meowscarada\n|\n|-heal|p1b: Dai|100\/100|[from] item: Leftovers\n|-damage|p2b: Whimsicott|45\/100 brn|[from] brn\n|upkeep\n|\n|t:|1695156691\n|switch|p2a: Cresselia|Cresselia, F|75\/100\n|turn|12\n|\n|t:|1695156697\n|switch|p1a: Wildfire|Armarouge, M|100\/100\n|move|p2b: Whimsicott|Moonblast|p1b: Dai\n|-supereffective|p1b: Dai\n|-damage|p1b: Dai|81\/100\n|-unboost|p1b: Dai|spa|1\n|move|p1b: Dai|Snarl|p2a: Cresselia|[spread] p2a,p2b\n|-supereffective|p2a: Cresselia\n|-resisted|p2b: Whimsicott\n|-damage|p2a: Cresselia|67\/100\n|-damage|p2b: Whimsicott|41\/100 brn\n|-unboost|p2a: Cresselia|spa|1\n|-unboost|p2b: Whimsicott|spa|1\n|move|p2a: Cresselia|Lunar Blessing|p2a: Cresselia|[spread] p2a,p2b\n|-heal|p2a: Cresselia|92\/100\n|-heal|p2b: Whimsicott|66\/100 brn\n|-curestatus|p2b: Whimsicott|brn|[msg]\n|\n|-heal|p1b: Dai|87\/100|[from] item: Leftovers\n|-heal|p2a: Cresselia|98\/100|[from] item: Leftovers\n|upkeep\n|turn|13\n|\n|t:|1695156719\n|switch|p1b: Rookie|Skeledirge, M, tera:Grass|65\/100\n|move|p2b: Whimsicott|Moonblast|p1a: Wildfire\n|-resisted|p1a: Wildfire\n|-damage|p1a: Wildfire|96\/100\n|move|p1a: Wildfire|Armor Cannon|p2b: Whimsicott\n|-supereffective|p2b: Whimsicott\n|-damage|p2b: Whimsicott|0 fnt\n|-unboost|p1a: Wildfire|def|1\n|-unboost|p1a: Wildfire|spd|1\n|faint|p2b: Whimsicott\n|move|p2a: Cresselia|Lunar Blessing|p2a: Cresselia\n|-heal|p2a: Cresselia|100\/100\n|\n|upkeep\n|turn|14\n|\n|t:|1695156736\n|move|p1a: Wildfire|Psyshock|p2a: Cresselia\n|-resisted|p2a: Cresselia\n|-damage|p2a: Cresselia|84\/100\n|move|p2a: Cresselia|Ice Beam|p1b: Rookie\n|-supereffective|p1b: Rookie\n|-damage|p1b: Rookie|27\/100\n|-status|p1b: Rookie|frz\n|cant|p1b: Rookie|frz\n|\n|-heal|p2a: Cresselia|90\/100|[from] item: Leftovers\n|upkeep\n|turn|15\n|\n|t:|1695156764\n|move|p1a: Wildfire|Armor Cannon|p2a: Cresselia\n|-damage|p2a: Cresselia|56\/100\n|-unboost|p1a: Wildfire|def|1\n|-unboost|p1a: Wildfire|spd|1\n|move|p2a: Cresselia|Ice Beam|p1b: Rookie\n|-supereffective|p1b: Rookie\n|-damage|p1b: Rookie|0 fnt\n|faint|p1b: Rookie\n|\n|-heal|p2a: Cresselia|62\/100|[from] item: Leftovers\n|upkeep\n|\n|t:|1695156771\n|switch|p1b: Dai|Mandibuzz, F|87\/100\n|turn|16\n|\n|t:|1695156786\n|move|p1b: Dai|Foul Play|p2a: Cresselia\n|-supereffective|p2a: Cresselia\n|-damage|p2a: Cresselia|27\/100\n|move|p1a: Wildfire|Armor Cannon|p2a: Cresselia\n|-damage|p2a: Cresselia|0 fnt\n|-unboost|p1a: Wildfire|def|1\n|-unboost|p1a: Wildfire|spd|1\n|faint|p2a: Cresselia\n|\n|win|El Ryuk456\n|raw|El Ryuk456's rating: 1307 &rarr; <strong>1319<\/strong><br \/>(+12 for winning)\n|raw|HellaBackWoods909's rating: 1163 &rarr; <strong>1148<\/strong><br \/>(-15 for losing)\n|l|\u2606HellaBackWoods909\n","uploadtime":1695156794,"views":7,"p1id":"elryuk456","p2id":"hellabackwoods909","formatid":"gen9nationaldexdoubles","rating":1148,"private":0,"password":""}