{"id":"gen9nationaldexdoubles-1982679598","p1":"DITTO HAS APPERARD","p2":"lxvliiz","format":"[Gen 9] National Dex Doubles","log":"|j|\u2606DITTO HAS APPERARD\n|j|\u2606lxvliiz\n|t:|1699035199\n|gametype|doubles\n|player|p1|DITTO HAS APPERARD|plasmagrunt|1022\n|player|p2|lxvliiz|gambler|1189\n|teamsize|p1|6\n|teamsize|p2|6\n|gen|9\n|tier|[Gen 9] National Dex Doubles\n|rated|\n|rule|HP Percentage Mod: HP is shown in percentages\n|rule|Endless Battle Clause: Forcing endless battles is banned\n|rule|OHKO Clause: OHKO moves are banned\n|rule|Evasion Moves Clause: Evasion moves are banned\n|rule|Evasion Abilities Clause: Evasion abilities are banned\n|rule|Species Clause: Limit one of each Pok\u00e9mon\n|rule|Gravity Sleep Clause: The combination of sleep-inducing moves with imperfect accuracy and Gravity or Gigantamax Orbeetle are banned\n|clearpoke\n|poke|p1|Decidueye, F|\n|poke|p1|Torterra, F|\n|poke|p1|Calyrex|\n|poke|p1|Ogerpon, F|\n|poke|p1|Leafeon, M|\n|poke|p1|Arcanine, M|\n|poke|p2|Kommo-o, F|\n|poke|p2|Volcarona, M|\n|poke|p2|Oricorio-Pom-Pom, M|\n|poke|p2|Quaquaval, F|\n|poke|p2|Flamigo, M|\n|poke|p2|Marshadow|\n|teampreview\n|\n|t:|1699035209\n|start\n|switch|p1a: Torterra|Torterra, F|100\/100\n|switch|p1b: Ogerpon|Ogerpon, F|100\/100\n|switch|p2a: dance with me|Volcarona, M, shiny|100\/100\n|switch|p2b: dancer|Oricorio-Pom-Pom, M, shiny|100\/100\n|turn|1\n|\n|t:|1699035225\n|-zpower|p1b: Ogerpon\n|move|p1b: Ogerpon|Bloom Doom|p2a: dance with me|[zeffect]\n|-resisted|p2a: dance with me\n|-damage|p2a: dance with me|65\/100\n|move|p2b: dancer|Quiver Dance|p2b: dancer\n|-boost|p2b: dancer|spa|1\n|-boost|p2b: dancer|spd|1\n|-boost|p2b: dancer|spe|1\n|move|p2a: dance with me|Quiver Dance|p2a: dance with me\n|-boost|p2a: dance with me|spa|1\n|-boost|p2a: dance with me|spd|1\n|-boost|p2a: dance with me|spe|1\n|-activate|p2b: dancer|ability: Dancer\n|move|p2b: dancer|Quiver Dance|p2b: dancer|[from]ability: Dancer\n|-boost|p2b: dancer|spa|1\n|-boost|p2b: dancer|spd|1\n|-boost|p2b: dancer|spe|1\n|move|p1a: Torterra|Grassy Terrain|p1a: Torterra\n|-fieldstart|move: Grassy Terrain\n|\n|-heal|p2a: dance with me|72\/100|[from] Grassy Terrain\n|upkeep\n|turn|2\n|\n|t:|1699035253\n|move|p2b: dancer|Revelation Dance|p1b: Ogerpon\n|-resisted|p1b: Ogerpon\n|-damage|p1b: Ogerpon|59\/100\n|move|p2a: dance with me|Fiery Dance|p1a: Torterra\n|-supereffective|p1a: Torterra\n|-damage|p1a: Torterra|0 fnt\n|-boost|p2a: dance with me|spa|1\n|faint|p1a: Torterra\n|-activate|p2b: dancer|ability: Dancer\n|move|p2b: dancer|Fiery Dance|p1b: Ogerpon|[from]ability: Dancer\n|-supereffective|p1b: Ogerpon\n|-damage|p1b: Ogerpon|0 fnt\n|-boost|p2b: dancer|spa|1\n|faint|p1b: Ogerpon\n|\n|-heal|p2a: dance with me|78\/100|[from] Grassy Terrain\n|upkeep\n|\n|t:|1699035274\n|switch|p1b: Just a good boi|Arcanine, M|100\/100\n|switch|p1a: Yea I am grass|Calyrex|100\/100\n|-ability|p1a: Yea I am grass|Unnerve\n|turn|3\n|\n|t:|1699035296\n|move|p1a: Yea I am grass|Protect|p1a: Yea I am grass\n|-singleturn|p1a: Yea I am grass|Protect\n|move|p2b: dancer|Quiver Dance|p2b: dancer\n|-boost|p2b: dancer|spa|1\n|-boost|p2b: dancer|spd|1\n|-boost|p2b: dancer|spe|1\n|move|p2a: dance with me|Quiver Dance|p2a: dance with me\n|-boost|p2a: dance with me|spa|1\n|-boost|p2a: dance with me|spd|1\n|-boost|p2a: dance with me|spe|1\n|-activate|p2b: dancer|ability: Dancer\n|move|p2b: dancer|Quiver Dance|p2b: dancer|[from]ability: Dancer\n|-boost|p2b: dancer|spa|1\n|-boost|p2b: dancer|spd|1\n|-boost|p2b: dancer|spe|1\n|move|p1b: Just a good boi|Raging Fury|p2b: dancer\n|-damage|p2b: dancer|9\/100\n|\n|-heal|p2a: dance with me|84\/100|[from] Grassy Terrain\n|upkeep\n|turn|4\n|\n|t:|1699035317\n|move|p2b: dancer|Revelation Dance|p1b: Just a good boi\n|-damage|p1b: Just a good boi|0 fnt\n|faint|p1b: Just a good boi\n|move|p2a: dance with me|Fiery Dance|p1a: Yea I am grass\n|-supereffective|p1a: Yea I am grass\n|-damage|p1a: Yea I am grass|0 fnt\n|-boost|p2a: dance with me|spa|1\n|faint|p1a: Yea I am grass\n|-activate|p2b: dancer|ability: Dancer\n|move|p2b: dancer|Fiery Dance|p1: Yea I am grass|[from]ability: Dancer|[notarget]\n|-fail|p2b: dancer\n|\n|-heal|p2a: dance with me|90\/100|[from] Grassy Terrain\n|upkeep\n|\n|t:|1699035333\n|switch|p1b: Leafeon|Leafeon, M|100\/100\n|switch|p1a: Decidueye|Decidueye, F|100\/100\n|turn|5\n|\n|t:|1699035348\n|move|p2b: dancer|Revelation Dance|p1b: Leafeon\n|-resisted|p1b: Leafeon\n|-damage|p1b: Leafeon|0 fnt\n|faint|p1b: Leafeon\n|move|p2a: dance with me|Fiery Dance|p1a: Decidueye\n|-supereffective|p1a: Decidueye\n|-damage|p1a: Decidueye|0 fnt\n|faint|p1a: Decidueye\n|-activate|p2b: dancer|ability: Dancer\n|move|p2b: dancer|Fiery Dance|p1: Decidueye|[from]ability: Dancer|[notarget]\n|-fail|p2b: dancer\n|\n|win|lxvliiz\n|raw|DITTO HAS APPERARD's rating: 1022 &rarr; <strong>1015<\/strong><br \/>(-7 for losing)\n|raw|lxvliiz's rating: 1189 &rarr; <strong>1203<\/strong><br \/>(+14 for winning)\n|c|\u2606lxvliiz|gg\n","uploadtime":1699035363,"views":5,"p1id":"dittohasapperard","p2id":"lxvliiz","formatid":"gen9nationaldexdoubles","rating":1015,"private":0,"password":""}