{"id":"gen9nationaldexdoubles-1981691069","p1":"betterthanfred","p2":"UltraVapor","format":"[Gen 9] National Dex Doubles","log":"|j|\u2606betterthanfred\n|j|\u2606UltraVapor\n|t:|1698934050\n|gametype|doubles\n|player|p1|betterthanfred|170|1046\n|player|p2|UltraVapor|shelly|1093\n|teamsize|p1|6\n|teamsize|p2|6\n|gen|9\n|tier|[Gen 9] National Dex Doubles\n|rated|\n|rule|HP Percentage Mod: HP is shown in percentages\n|rule|Endless Battle Clause: Forcing endless battles is banned\n|rule|OHKO Clause: OHKO moves are banned\n|rule|Evasion Moves Clause: Evasion moves are banned\n|rule|Evasion Abilities Clause: Evasion abilities are banned\n|rule|Species Clause: Limit one of each Pok\u00e9mon\n|rule|Gravity Sleep Clause: The combination of sleep-inducing moves with imperfect accuracy and Gravity or Gigantamax Orbeetle are banned\n|clearpoke\n|poke|p1|Iron Hands|\n|poke|p1|Flutter Mane|\n|poke|p1|Espathra, M|\n|poke|p1|Clefairy, M|\n|poke|p1|Ninetales-Alola, M|\n|poke|p1|Ogerpon-Hearthflame, F|\n|poke|p2|Pelipper, M|\n|poke|p2|Vaporeon, F|\n|poke|p2|Walking Wake|\n|poke|p2|Basculegion-F, F|\n|poke|p2|Ogerpon-Wellspring, F|\n|poke|p2|Urshifu-*, M|\n|teampreview\n|c|\u2606betterthanfred|hi\n|c|\u2606betterthanfred|gl\n|\n|t:|1698934063\n|start\n|switch|p1a: all i want for|Ninetales-Alola, M, shiny|100\/100\n|switch|p1b: you for my own|Flutter Mane, shiny|100\/100\n|switch|p2a: Pelipper|Pelipper, M|100\/100\n|switch|p2b: Urshifu|Urshifu-Rapid-Strike, M|100\/100\n|-weather|Snow|[from] ability: Snow Warning|[of] p1a: all i want for\n|-weather|RainDance|[from] ability: Drizzle|[of] p2a: Pelipper\n|turn|1\n|c|\u2606UltraVapor|MARIAH CAREY\n|\n|t:|1698934086\n|move|p1b: you for my own|Moonblast|p2b: Urshifu\n|-supereffective|p2b: Urshifu\n|-damage|p2b: Urshifu|0 fnt\n|faint|p2b: Urshifu\n|move|p1a: all i want for|Aurora Veil||[still]\n|-fail|p1a: all i want for\n|move|p2a: Pelipper|Tailwind|p2a: Pelipper\n|-sidestart|p2: UltraVapor|move: Tailwind\n|\n|-weather|RainDance|[upkeep]\n|upkeep\n|c|\u2606betterthanfred|MARIAH CAREY\n|\n|t:|1698934102\n|switch|p2b: Basculegion|Basculegion-F, F|100\/100\n|turn|2\n|\n|t:|1698934129\n|-end|p1b: you for my own|Protosynthesis|[silent]\n|switch|p1b: more than you|Espathra, M, shiny|100\/100\n|move|p2b: Basculegion|Shadow Ball|p1b: more than you\n|-supereffective|p1b: more than you\n|-damage|p1b: more than you|0 fnt\n|faint|p1b: more than you\n|-damage|p2b: Basculegion|91\/100|[from] item: Life Orb\n|move|p1a: all i want for|Blizzard|p2b: Basculegion|[spread] p2a,p2b\n|-resisted|p2b: Basculegion\n|-damage|p2a: Pelipper|48\/100\n|-damage|p2b: Basculegion|72\/100\n|move|p2a: Pelipper|Toxic|p1a: all i want for\n|-status|p1a: all i want for|tox\n|\n|-weather|RainDance|[upkeep]\n|-damage|p1a: all i want for|95\/100 tox|[from] psn\n|upkeep\n|c|\u2606betterthanfred|oh\n|\n|t:|1698934146\n|switch|p1b: could ever known|Clefairy, M, shiny|100\/100\n|turn|3\n|\n|t:|1698934157\n|move|p1b: could ever known|Helping Hand|p1a: all i want for\n|-singleturn|p1a: all i want for|Helping Hand|[of] p1b: could ever known\n|move|p2b: Basculegion|Surf|p1a: all i want for|[spread] p2a,p1a,p1b\n|-resisted|p2a: Pelipper\n|-damage|p2a: Pelipper|0 fnt\n|-damage|p1a: all i want for|41\/100 tox\n|-damage|p1b: could ever known|59\/100\n|faint|p2a: Pelipper\n|-damage|p2b: Basculegion|62\/100|[from] item: Life Orb\n|move|p1a: all i want for|Blizzard|p2b: Basculegion|[miss]\n|-miss|p1a: all i want for|p2b: Basculegion\n|\n|-weather|RainDance|[upkeep]\n|-damage|p1a: all i want for|29\/100 tox|[from] psn\n|upkeep\n|c|\u2606betterthanfred|..\n|\n|t:|1698934174\n|switch|p2a: Vaporeon|Vaporeon, F, shiny|100\/100\n|turn|4\n|\n|t:|1698934188\n|move|p2b: Basculegion|Surf|p1a: all i want for|[spread] p1a,p1b\n|-immune|p2a: Vaporeon|[from] ability: Water Absorb\n|-damage|p1a: all i want for|0 fnt\n|-damage|p1b: could ever known|15\/100\n|faint|p1a: all i want for\n|-damage|p2b: Basculegion|52\/100|[from] item: Life Orb\n|move|p2a: Vaporeon|Aqua Ring|p2a: Vaporeon\n|-start|p2a: Vaporeon|Aqua Ring\n|move|p1b: could ever known|Heal Pulse|p1: all i want for|[notarget]\n|-fail|p1b: could ever known\n|\n|-weather|RainDance|[upkeep]\n|-sideend|p2: UltraVapor|move: Tailwind\n|upkeep\n|\n|t:|1698934198\n|switch|p1a: you for my own|Flutter Mane, shiny|100\/100\n|turn|5\n|\n|t:|1698934221\n|-terastallize|p2a: Vaporeon|Poison\n|move|p1b: could ever known|Follow Me|p1b: could ever known\n|-singleturn|p1b: could ever known|move: Follow Me\n|move|p2b: Basculegion|Shadow Ball|p1b: could ever known\n|-damage|p1b: could ever known|0 fnt\n|faint|p1b: could ever known\n|-damage|p2b: Basculegion|42\/100|[from] item: Life Orb\n|move|p1a: you for my own|Shadow Ball|p2b: Basculegion\n|-supereffective|p2b: Basculegion\n|-damage|p2b: Basculegion|0 fnt\n|faint|p2b: Basculegion\n|move|p2a: Vaporeon|Calm Mind|p2a: Vaporeon\n|-boost|p2a: Vaporeon|spa|1\n|-boost|p2a: Vaporeon|spd|1\n|\n|-weather|RainDance|[upkeep]\n|upkeep\n|\n|t:|1698934242\n|switch|p2b: Ogerpon|Ogerpon-Wellspring, F|100\/100\n|switch|p1b: i just want|Iron Hands, shiny|100\/100\n|turn|6\n|\n|t:|1698934267\n|move|p1a: you for my own|Shadow Ball|p2a: Vaporeon\n|-damage|p2a: Vaporeon|67\/100\n|-unboost|p2a: Vaporeon|spd|1\n|move|p2b: Ogerpon|Ivy Cudgel|p1b: i just want\n|-damage|p1b: i just want|39\/100\n|move|p2a: Vaporeon|Calm Mind|p2a: Vaporeon\n|-boost|p2a: Vaporeon|spa|1\n|-boost|p2a: Vaporeon|spd|1\n|move|p1b: i just want|Wild Charge|p2b: Ogerpon\n|-damage|p2b: Ogerpon|29\/100\n|-damage|p1b: i just want|28\/100|[from] Recoil\n|\n|-weather|RainDance|[upkeep]\n|-heal|p2a: Vaporeon|73\/100|[from] item: Leftovers\n|-heal|p2a: Vaporeon|79\/100|[from] Aqua Ring\n|upkeep\n|turn|7\n|\n|t:|1698934299\n|-terastallize|p1a: you for my own|Ghost\n|move|p1a: you for my own|Shadow Ball|p2b: Ogerpon\n|-damage|p2b: Ogerpon|0 fnt\n|faint|p2b: Ogerpon\n|move|p2a: Vaporeon|Tera Blast|p1a: you for my own|[anim] Tera Blast Poison\n|-resisted|p1a: you for my own\n|-damage|p1a: you for my own|55\/100\n|move|p1b: i just want|Earthquake|p2a: Vaporeon|[spread] p1a,p2a\n|-supereffective|p2a: Vaporeon\n|-damage|p1a: you for my own|0 fnt\n|-damage|p2a: Vaporeon|12\/100\n|faint|p1a: you for my own\n|-end|p1a: you for my own|Protosynthesis|[silent]\n|\n|-weather|RainDance|[upkeep]\n|-heal|p2a: Vaporeon|18\/100|[from] item: Leftovers\n|-heal|p2a: Vaporeon|24\/100|[from] Aqua Ring\n|upkeep\n|\n|t:|1698934313\n|switch|p1a: christmas is you|Ogerpon-Hearthflame, F|100\/100\n|switch|p2b: Walking Wake|Walking Wake|100\/100\n|-ability|p1a: christmas is you|Mold Breaker\n|-enditem|p2b: Walking Wake|Booster Energy\n|-activate|p2b: Walking Wake|ability: Protosynthesis|[fromitem]\n|-start|p2b: Walking Wake|protosynthesisspa\n|turn|8\n|\n|t:|1698934339\n|move|p1a: christmas is you|Spiky Shield|p1a: christmas is you\n|-singleturn|p1a: christmas is you|move: Protect\n|move|p2b: Walking Wake|Hydro Steam|p1a: christmas is you\n|-activate|p1a: christmas is you|move: Protect\n|move|p2a: Vaporeon|Scald|p1b: i just want\n|-damage|p1b: i just want|0 fnt\n|faint|p1b: i just want\n|-end|p1b: i just want|Quark Drive|[silent]\n|\n|-weather|none\n|-heal|p2a: Vaporeon|31\/100|[from] item: Leftovers\n|-heal|p2a: Vaporeon|37\/100|[from] Aqua Ring\n|upkeep\n|turn|9\n|\n|t:|1698934355\n|move|p1a: christmas is you|Wood Hammer|p2b: Walking Wake\n|-damage|p2b: Walking Wake|29\/100\n|-damage|p1a: christmas is you|74\/100|[from] Recoil\n|move|p2b: Walking Wake|Hydro Steam|p1a: christmas is you\n|-damage|p1a: christmas is you|0 fnt\n|faint|p1a: christmas is you\n|\n|win|UltraVapor\n|raw|betterthanfred's rating: 1046 &rarr; <strong>1031<\/strong><br \/>(-15 for losing)\n|raw|UltraVapor's rating: 1093 &rarr; <strong>1116<\/strong><br \/>(+23 for winning)\n|c|\u2606betterthanfred|gg\n|c|\u2606UltraVapor|gg\n|l|\u2606betterthanfred\n|c|\u2606UltraVapor|she will not be defrosting\n","uploadtime":1698934374,"views":5,"p1id":"betterthanfred","p2id":"ultravapor","formatid":"gen9nationaldexdoubles","rating":1031,"private":0,"password":""}