{"id":"gen9nationaldexdoubles-1978413885","p1":"AnimeProz","p2":"yaya_x3","format":"[Gen 9] National Dex Doubles","log":"|j|\u2606AnimeProz\n|j|\u2606yaya_x3\n|t:|1698535847\n|gametype|doubles\n|player|p1|AnimeProz|caitlin|\n|player|p2|yaya_x3|cyclistf|\n|teamsize|p1|6\n|teamsize|p2|6\n|gen|9\n|tier|[Gen 9] National Dex Doubles\n|rule|HP Percentage Mod: HP is shown in percentages\n|rule|Endless Battle Clause: Forcing endless battles is banned\n|rule|OHKO Clause: OHKO moves are banned\n|rule|Evasion Moves Clause: Evasion moves are banned\n|rule|Evasion Abilities Clause: Evasion abilities are banned\n|rule|Species Clause: Limit one of each Pok\u00e9mon\n|rule|Gravity Sleep Clause: The combination of sleep-inducing moves with imperfect accuracy and Gravity or Gigantamax Orbeetle are banned\n|clearpoke\n|poke|p1|Heatran, M|\n|poke|p1|Landorus-Therian, M|\n|poke|p1|Sinistcha-Masterpiece|\n|poke|p1|Charizard, F|\n|poke|p1|Flutter Mane|\n|poke|p1|Venusaur, F|\n|poke|p2|Greninja-*, M|\n|poke|p2|Palafin, F|\n|poke|p2|Walking Wake|\n|poke|p2|Shiftry, M|\n|poke|p2|Ludicolo, M|\n|poke|p2|Pelipper, M|\n|teampreview\n|inactive|Battle timer is ON: inactive players will automatically lose when time's up. (requested by AnimeProz)\n|inactiveoff|Battle timer is now OFF.\n|\n|t:|1698535871\n|start\n|switch|p1a: Landorus|Landorus-Therian, M|100\/100\n|switch|p1b: Sinistcha|Sinistcha-Masterpiece|100\/100\n|switch|p2a: Walking Wake|Walking Wake|100\/100\n|switch|p2b: Shiftry|Shiftry, M|100\/100\n|-ability|p1a: Landorus|Intimidate|boost\n|-unboost|p2a: Walking Wake|atk|1\n|-unboost|p2b: Shiftry|atk|1\n|turn|1\n|\n|t:|1698535900\n|switch|p2b: Palafin|Palafin, F|100\/100\n|move|p2a: Walking Wake|Flamethrower|p1b: Sinistcha\n|-supereffective|p1b: Sinistcha\n|-crit|p1b: Sinistcha\n|-damage|p1b: Sinistcha|0 fnt\n|faint|p1b: Sinistcha\n|move|p1a: Landorus|U-turn|p2b: Palafin\n|-damage|p2b: Palafin|68\/100\n|\n|t:|1698535912\n|switch|p1a: Charizard|Charizard, F|100\/100|[from] U-turn\n|\n|-heal|p2b: Palafin|74\/100|[from] item: Leftovers\n|upkeep\n|\n|t:|1698535920\n|switch|p1b: Venusaur|Venusaur, F|100\/100\n|turn|2\n|\n|t:|1698535977\n|detailschange|p1a: Charizard|Charizard-Mega-Y, F\n|-mega|p1a: Charizard|Charizard|Charizardite Y\n|-weather|SunnyDay|[from] ability: Drought|[of] p1a: Charizard\n|-activate|p2a: Walking Wake|ability: Protosynthesis\n|-start|p2a: Walking Wake|protosynthesisspa\n|-terastallize|p1b: Venusaur|Water\n|move|p2b: Palafin|Protect|p2b: Palafin\n|-singleturn|p2b: Palafin|Protect\n|move|p1b: Venusaur|Growth|p1b: Venusaur\n|-boost|p1b: Venusaur|atk|2\n|-boost|p1b: Venusaur|spa|2\n|move|p2a: Walking Wake|Flamethrower|p1b: Venusaur\n|-resisted|p1b: Venusaur\n|-damage|p1b: Venusaur|61\/100\n|move|p1a: Charizard|Scorching Sands|p2a: Walking Wake\n|-damage|p2a: Walking Wake|68\/100\n|\n|-weather|SunnyDay|[upkeep]\n|-heal|p2b: Palafin|80\/100|[from] item: Leftovers\n|upkeep\n|turn|3\n|c|\u2606yaya_x3|wow good tera\n|\n|t:|1698536013\n|-end|p2a: Walking Wake|Protosynthesis|[silent]\n|switch|p2a: Pelipper|Pelipper, M|100\/100\n|-weather|RainDance|[from] ability: Drizzle|[of] p2a: Pelipper\n|detailschange|p2b: Palafin|Palafin-Hero, F\n|switch|p2b: Ludicolo|Ludicolo, M|100\/100\n|move|p1a: Charizard|Scorching Sands|p2a: Pelipper\n|-immune|p2a: Pelipper\n|move|p1b: Venusaur|Giga Drain|p2a: Pelipper\n|-damage|p2a: Pelipper|0 fnt\n|-heal|p1b: Venusaur|100\/100|[from] drain|[of] p2a: Pelipper\n|faint|p2a: Pelipper\n|-damage|p1b: Venusaur|91\/100|[from] item: Life Orb\n|\n|-weather|RainDance|[upkeep]\n|upkeep\n|\n|t:|1698536038\n|switch|p2a: Shiftry|Shiftry, M|100\/100\n|turn|4\n|\n|t:|1698536058\n|switch|p1b: Heatran|Heatran, M|100\/100\n|move|p2b: Ludicolo|Giga Drain|p1b: Heatran\n|-resisted|p1b: Heatran\n|-damage|p1b: Heatran|95\/100\n|move|p1a: Charizard|Heat Wave|p2a: Shiftry|[spread] \n|-ability|p2a: Shiftry|Wind Rider|boost\n|-boost|p2a: Shiftry|atk|1\n|-miss|p1a: Charizard|p2b: Ludicolo\n|move|p2a: Shiftry|Leaf Blade|p1b: Heatran\n|-resisted|p1b: Heatran\n|-damage|p1b: Heatran|83\/100\n|\n|-weather|RainDance|[upkeep]\n|-heal|p1b: Heatran|89\/100|[from] item: Leftovers\n|upkeep\n|turn|5\n|c|\u2606yaya_x3|bru\n|c|\u2606yaya_x3|good switch!\n|\n|t:|1698536101\n|switch|p1a: Landorus|Landorus-Therian, M|100\/100\n|-ability|p1a: Landorus|Intimidate|boost\n|-unboost|p2a: Shiftry|atk|1\n|-unboost|p2b: Ludicolo|atk|1\n|move|p1b: Heatran|Protect|p1b: Heatran\n|-singleturn|p1b: Heatran|Protect\n|move|p2b: Ludicolo|Hydro Pump|p1b: Heatran\n|-activate|p1b: Heatran|move: Protect\n|move|p2a: Shiftry|Tailwind|p2a: Shiftry\n|-sidestart|p2: yaya_x3|move: Tailwind\n|-ability|p2a: Shiftry|Wind Rider|boost\n|-boost|p2a: Shiftry|atk|1\n|\n|-weather|RainDance|[upkeep]\n|-heal|p1b: Heatran|96\/100|[from] item: Leftovers\n|upkeep\n|turn|6\n|\n|t:|1698536131\n|move|p2b: Ludicolo|Ice Beam|p1a: Landorus\n|-supereffective|p1a: Landorus\n|-damage|p1a: Landorus|0 fnt\n|faint|p1a: Landorus\n|move|p2a: Shiftry|Knock Off|p1b: Heatran\n|-damage|p1b: Heatran|39\/100\n|-enditem|p1b: Heatran|Leftovers|[from] move: Knock Off|[of] p2a: Shiftry\n|move|p1b: Heatran|Heat Wave|p2b: Ludicolo|[spread] \n|-ability|p2a: Shiftry|Wind Rider|boost\n|-boost|p2a: Shiftry|atk|1\n|-miss|p1b: Heatran|p2b: Ludicolo\n|\n|-weather|RainDance|[upkeep]\n|upkeep\n|-message|AnimeProz forfeited.\n|\n|win|yaya_x3\n|c|\u2606yaya_x3|huh\n|c|\u2606yaya_x3|i didn't know that\n|c|\u2606AnimeProz|Yeah i keep missing\n|c|\u2606yaya_x3|no\n|c|\u2606yaya_x3|i meant\n|c|\u2606yaya_x3|wind rider\n|c|\u2606yaya_x3|absorbs heat wave\n|c|\u2606yaya_x3|thats cool\n|c|\u2606AnimeProz|Yeah heat wave is wind\n|c|\u2606yaya_x3|yea!\n|c|\u2606yaya_x3|best of 3\n|c|\u2606yaya_x3|redo\n|c|\u2606AnimeProz|Yeah i dont have a tea\n","uploadtime":1698536203,"views":10,"p1id":"animeproz","p2id":"yayax3","formatid":"gen9nationaldexdoubles","rating":0,"private":0,"password":""}