{"id":"gen9nationaldexdoubles-1976082804","p1":"lxvliiz","p2":"acv1234","format":"[Gen 9] National Dex Doubles","log":"|j|\u2606lxvliiz\n|j|\u2606acv1234\n|t:|1698262197\n|gametype|doubles\n|player|p1|lxvliiz|gambler|1086\n|player|p2|acv1234|richboy|1000\n|teamsize|p1|6\n|teamsize|p2|6\n|gen|9\n|tier|[Gen 9] National Dex Doubles\n|rated|\n|rule|HP Percentage Mod: HP is shown in percentages\n|rule|Endless Battle Clause: Forcing endless battles is banned\n|rule|OHKO Clause: OHKO moves are banned\n|rule|Evasion Moves Clause: Evasion moves are banned\n|rule|Evasion Abilities Clause: Evasion abilities are banned\n|rule|Species Clause: Limit one of each Pok\u00e9mon\n|rule|Gravity Sleep Clause: The combination of sleep-inducing moves with imperfect accuracy and Gravity or Gigantamax Orbeetle are banned\n|clearpoke\n|poke|p1|Murkrow, F|\n|poke|p1|Dragapult, M|\n|poke|p1|Jirachi|\n|poke|p1|Volcarona, M|\n|poke|p1|Deoxys-Attack|\n|poke|p1|Regidrago|\n|poke|p2|Darkrai|\n|poke|p2|Amoonguss, M|\n|poke|p2|Cyclizar, M|\n|poke|p2|Regieleki|\n|poke|p2|Kingambit, M|\n|poke|p2|Sinistcha-Masterpiece|\n|teampreview\n|\n|t:|1698262205\n|start\n|switch|p1a: Deoxys|Deoxys-Attack|100\/100\n|switch|p1b: Murkrow|Murkrow, F|100\/100\n|switch|p2a: Amoonguss|Amoonguss, M|100\/100\n|switch|p2b: Darkrai|Darkrai|100\/100\n|-ability|p1a: Deoxys|Pressure\n|turn|1\n|\n|t:|1698262244\n|-terastallize|p1a: Deoxys|Steel\n|move|p1b: Murkrow|Tailwind|p1b: Murkrow\n|-sidestart|p1: lxvliiz|move: Tailwind\n|move|p1a: Deoxys|Trick|p2b: Darkrai\n|-activate|p1a: Deoxys|move: Trick|[of] p2b: Darkrai\n|-item|p2b: Darkrai|Iron Ball|[from] move: Trick\n|-item|p1a: Deoxys|Focus Sash|[from] move: Trick\n|move|p2b: Darkrai|Nasty Plot|p2b: Darkrai\n|-boost|p2b: Darkrai|spa|2\n|move|p2a: Amoonguss|Spore|p1a: Deoxys\n|-status|p1a: Deoxys|slp|[from] move: Spore\n|\n|-damage|p1a: Deoxys|88\/100 slp|[from] ability: Bad Dreams|[of] p2b: Darkrai\n|upkeep\n|turn|2\n|\n|t:|1698262267\n|move|p1b: Murkrow|Haze|p1b: Murkrow\n|-clearallboost\n|cant|p1a: Deoxys|slp\n|move|p2b: Darkrai|Spacial Rend|p1a: Deoxys\n|-resisted|p1a: Deoxys\n|-damage|p1a: Deoxys|5\/100 slp\n|move|p2a: Amoonguss|Spore|p1b: Murkrow\n|-status|p1b: Murkrow|slp|[from] move: Spore\n|\n|-damage|p1a: Deoxys|0 fnt|[from] ability: Bad Dreams|[of] p2b: Darkrai\n|-damage|p1b: Murkrow|88\/100 slp|[from] ability: Bad Dreams|[of] p2b: Darkrai\n|faint|p1a: Deoxys\n|upkeep\n|\n|t:|1698262277\n|switch|p1a: Regidrago|Regidrago|100\/100\n|turn|3\n|\n|t:|1698262287\n|switch|p1b: Volcarona|Volcarona, M|100\/100\n|move|p1a: Regidrago|Dragon Energy|p2b: Darkrai|[spread] p2a,p2b\n|-damage|p2a: Amoonguss|26\/100\n|-damage|p2b: Darkrai|0 fnt\n|faint|p2b: Darkrai\n|move|p2a: Amoonguss|Spore|p1a: Regidrago\n|-status|p1a: Regidrago|slp|[from] move: Spore\n|\n|upkeep\n|\n|t:|1698262297\n|switch|p2b: Cyclizar|Cyclizar, M|100\/100\n|turn|4\n|\n|t:|1698262313\n|move|p1b: Volcarona|Rage Powder|p1b: Volcarona\n|-singleturn|p1b: Volcarona|move: Rage Powder\n|cant|p1a: Regidrago|slp\n|move|p2b: Cyclizar|Shed Tail|p2b: Cyclizar\n|-start|p2b: Cyclizar|Substitute|[from] move: Shed Tail\n|-damage|p2b: Cyclizar|50\/100\n|-enditem|p2b: Cyclizar|Sitrus Berry|[eat]\n|-heal|p2b: Cyclizar|75\/100|[from] item: Sitrus Berry\n|\n|t:|1698262322\n|switch|p2b: Regieleki|Regieleki|100\/100|[from] Shed Tail\n|move|p2a: Amoonguss|Spore|p1b: Volcarona\n|-status|p1b: Volcarona|slp|[from] move: Spore\n|\n|-sideend|p1: lxvliiz|move: Tailwind\n|upkeep\n|turn|5\n|\n|t:|1698262340\n|cant|p1b: Volcarona|slp\n|move|p2b: Regieleki|Reflect|p2b: Regieleki\n|-sidestart|p2: acv1234|Reflect\n|cant|p1a: Regidrago|slp\n|move|p2a: Amoonguss|Stomping Tantrum|p1b: Volcarona\n|-damage|p1b: Volcarona|81\/100 slp\n|\n|upkeep\n|turn|6\n|\n|t:|1698262354\n|cant|p1b: Volcarona|slp\n|move|p2b: Regieleki|Light Screen|p2b: Regieleki\n|-sidestart|p2: acv1234|move: Light Screen\n|-curestatus|p1a: Regidrago|slp|[msg]\n|move|p1a: Regidrago|Dragon Energy|p2b: Regieleki|[spread] p2a,p2b\n|-end|p2b: Regieleki|Substitute\n|-damage|p2a: Amoonguss|0 fnt\n|faint|p2a: Amoonguss\n|\n|upkeep\n|c|\u2606lxvliiz|19.3 is crazy\n|\n|t:|1698262362\n|switch|p2a: Cyclizar|Cyclizar, M|100\/100\n|turn|7\n|\n|t:|1698262369\n|cant|p1b: Volcarona|slp\n|move|p2b: Regieleki|Volt Switch|p1b: Volcarona\n|-damage|p1b: Volcarona|61\/100 slp\n|\n|t:|1698262376\n|switch|p2b: Sinistcha|Sinistcha-Masterpiece|100\/100|[from] Volt Switch\n|move|p2a: Cyclizar|Shed Tail|p2a: Cyclizar\n|-start|p2a: Cyclizar|Substitute|[from] move: Shed Tail\n|-damage|p2a: Cyclizar|50\/100\n|\n|t:|1698262380\n|switch|p2a: Kingambit|Kingambit, M, shiny|100\/100|[from] Shed Tail\n|-activate|p2a: Kingambit|ability: Supreme Overlord\n|-start|p2a: Kingambit|fallen2|[silent]\n|move|p1a: Regidrago|Dragon Energy|p2a: Kingambit|[spread] p2a,p2b\n|-resisted|p2a: Kingambit\n|-end|p2a: Kingambit|Substitute\n|-damage|p2b: Sinistcha|19\/100\n|\n|-heal|p2b: Sinistcha|25\/100|[from] item: Leftovers\n|upkeep\n|turn|8\n|\n|t:|1698262399\n|-terastallize|p2a: Kingambit|Ghost\n|-curestatus|p1b: Volcarona|slp|[msg]\n|move|p1b: Volcarona|Rage Powder|p1b: Volcarona\n|-singleturn|p1b: Volcarona|move: Rage Powder\n|move|p1a: Regidrago|Dragon Energy|p2b: Sinistcha|[spread] p2a,p2b\n|-damage|p2a: Kingambit|26\/100\n|-damage|p2b: Sinistcha|0 fnt\n|faint|p2b: Sinistcha\n|move|p2a: Kingambit|Kowtow Cleave|p1b: Volcarona\n|-damage|p1b: Volcarona|0 fnt\n|faint|p1b: Volcarona\n|\n|upkeep\n|\n|t:|1698262411\n|switch|p1b: Jirachi|Jirachi|100\/100\n|switch|p2b: Cyclizar|Cyclizar, M|84\/100\n|turn|9\n|\n|t:|1698262418\n|move|p1b: Jirachi|Follow Me|p1b: Jirachi\n|-singleturn|p1b: Jirachi|move: Follow Me\n|move|p2b: Cyclizar|Shed Tail|p2b: Cyclizar\n|-start|p2b: Cyclizar|Substitute|[from] move: Shed Tail\n|-damage|p2b: Cyclizar|33\/100\n|\n|t:|1698262422\n|switch|p2b: Regieleki|Regieleki|100\/100|[from] Shed Tail\n|move|p1a: Regidrago|Dragon Energy|p2a: Kingambit|[spread] p2a,p2b\n|-end|p2b: Regieleki|Substitute\n|-damage|p2a: Kingambit|0 fnt\n|faint|p2a: Kingambit\n|-end|p2a: Kingambit|fallen2|[silent]\n|\n|-sideend|p2: acv1234|Reflect\n|upkeep\n|\n|t:|1698262431\n|switch|p2a: Cyclizar|Cyclizar, M|67\/100\n|turn|10\n|\n|t:|1698262440\n|move|p1b: Jirachi|Follow Me|p1b: Jirachi\n|-singleturn|p1b: Jirachi|move: Follow Me\n|move|p2b: Regieleki|Rapid Spin|p1b: Jirachi\n|-resisted|p1b: Jirachi\n|-damage|p1b: Jirachi|96\/100\n|-boost|p2b: Regieleki|spe|1\n|move|p2a: Cyclizar|Knock Off|p1b: Jirachi\n|-supereffective|p1b: Jirachi\n|-damage|p1b: Jirachi|61\/100\n|-enditem|p1b: Jirachi|Aguav Berry|[from] move: Knock Off|[of] p2a: Cyclizar\n|move|p1a: Regidrago|Dragon Energy|p2b: Regieleki|[spread] p2a,p2b\n|-supereffective|p2a: Cyclizar\n|-crit|p2a: Cyclizar\n|-damage|p2a: Cyclizar|0 fnt\n|-enditem|p2b: Regieleki|Focus Sash\n|-damage|p2b: Regieleki|1\/100\n|faint|p2a: Cyclizar\n|\n|-sideend|p2: acv1234|move: Light Screen\n|upkeep\n|turn|11\n|-message|acv1234 forfeited.\n|\n|win|lxvliiz\n|raw|lxvliiz's rating: 1086 &rarr; <strong>1107<\/strong><br \/>(+21 for winning)\n|raw|acv1234's rating: 1000 &rarr; <strong>1000<\/strong><br \/>(+0 for losing)\n|l|\u2606acv1234\n|c|\u2606lxvliiz|gg lmaooo\n","uploadtime":1698262458,"views":6,"p1id":"lxvliiz","p2id":"acv1234","formatid":"gen9nationaldexdoubles","rating":1000,"private":0,"password":""}