{"id":"gen9nationaldexdoubles-1980544762","p1":"mr dangerzone","p2":"Slash Death","format":"[Gen 9] National Dex Doubles","log":"|j|\u2606mr dangerzone\n|j|\u2606Slash Death\n|t:|1698795659\n|gametype|doubles\n|player|p1|mr dangerzone|striker|\n|player|p2|Slash Death|unknown|\n|teamsize|p1|6\n|teamsize|p2|6\n|gen|9\n|tier|[Gen 9] National Dex Doubles\n|rated|Tournament battle\n|rule|HP Percentage Mod: HP is shown in percentages\n|rule|Endless Battle Clause: Forcing endless battles is banned\n|rule|OHKO Clause: OHKO moves are banned\n|rule|Evasion Moves Clause: Evasion moves are banned\n|rule|Evasion Abilities Clause: Evasion abilities are banned\n|rule|Species Clause: Limit one of each Pok\u00e9mon\n|rule|Gravity Sleep Clause: The combination of sleep-inducing moves with imperfect accuracy and Gravity or Gigantamax Orbeetle are banned\n|clearpoke\n|poke|p1|Ninetales-Alola, F|\n|poke|p1|Kyurem-Black|\n|poke|p1|Tornadus, M|\n|poke|p1|Amoonguss, F|\n|poke|p1|Kangaskhan, F|\n|poke|p1|Landorus, M|\n|poke|p2|Ting-Lu|\n|poke|p2|Zygarde|\n|poke|p2|Iron Hands|\n|poke|p2|Metagross|\n|poke|p2|Rillaboom, F|\n|poke|p2|Volcanion|\n|teampreview\n|inactive|Battle timer is ON: inactive players will automatically lose when time's up. (requested by mr dangerzone)\n|j| Daepiquejt\n|\n|t:|1698795682\n|start\n|switch|p1a: Ninetales|Ninetales-Alola, F|100\/100\n|switch|p1b: Tornadus|Tornadus, M|100\/100\n|switch|p2a: Tough meaty claws|Metagross|100\/100\n|switch|p2b: Monkeeee|Rillaboom, F|100\/100\n|-weather|Snow|[from] ability: Snow Warning|[of] p1a: Ninetales\n|-fieldstart|move: Grassy Terrain|[from] ability: Grassy Surge|[of] p2b: Monkeeee\n|turn|1\n|\n|t:|1698795689\n|detailschange|p2a: Tough meaty claws|Metagross-Mega\n|-mega|p2a: Tough meaty claws|Metagross|Metagrossite\n|move|p1a: Ninetales|Protect|p1a: Ninetales\n|-singleturn|p1a: Ninetales|Protect\n|move|p2b: Monkeeee|Fake Out|p1a: Ninetales\n|-activate|p1a: Ninetales|move: Protect\n|-zpower|p1b: Tornadus\n|move|p1b: Tornadus|Inferno Overdrive|p2a: Tough meaty claws|[zeffect]\n|-supereffective|p2a: Tough meaty claws\n|-damage|p2a: Tough meaty claws|0 fnt\n|faint|p2a: Tough meaty claws\n|\n|-weather|Snow|[upkeep]\n|upkeep\n|c|\u2606Slash Death|damn tf\n|\n|t:|1698795706\n|switch|p2a: Catch em hands|Iron Hands|100\/100\n|turn|2\n|c|\u2606mr dangerzone|the anti metagross tech\n|c|\u2606Slash Death|really hate metagross\n|c|\u2606mr dangerzone|on a hail team yes\n|c| Daepiquejt|Cool tech\n|inactive|mr dangerzone has 120 seconds left.\n|\n|t:|1698795745\n|move|p2a: Catch em hands|Fake Out|p1a: Ninetales\n|-damage|p1a: Ninetales|85\/100\n|move|p1b: Tornadus|Bleakwind Storm|p2b: Monkeeee|[spread] p2a,p2b\n|-supereffective|p2b: Monkeeee\n|-damage|p2a: Catch em hands|80\/100\n|-damage|p2b: Monkeeee|38\/100\n|-unboost|p2b: Monkeeee|spe|1\n|cant|p1a: Ninetales|flinch\n|move|p2b: Monkeeee|U-turn|p1b: Tornadus\n|-resisted|p1b: Tornadus\n|-damage|p1b: Tornadus|81\/100\n|\n|t:|1698795753\n|switch|p2b: Canons of Fodder|Volcanion|100\/100|[from] U-turn\n|\n|-weather|Snow|[upkeep]\n|-heal|p1a: Ninetales|91\/100|[from] Grassy Terrain\n|-heal|p2a: Catch em hands|87\/100|[from] Grassy Terrain\n|upkeep\n|turn|3\n|\n|t:|1698795765\n|-end|p2a: Catch em hands|Quark Drive|[silent]\n|switch|p2a: Unstoppable|Ting-Lu|100\/100\n|-ability|p2a: Unstoppable|Vessel of Ruin\n|move|p1b: Tornadus|Bleakwind Storm|p2b: Canons of Fodder|[spread] p2b\n|-miss|p1b: Tornadus|p2a: Unstoppable\n|-damage|p2b: Canons of Fodder|81\/100\n|-unboost|p2b: Canons of Fodder|spe|1\n|move|p1a: Ninetales|Aurora Veil|p1a: Ninetales\n|-sidestart|p1: mr dangerzone|move: Aurora Veil\n|move|p2b: Canons of Fodder|Heat Wave|p1b: Tornadus|[spread] p1a,p1b\n|-supereffective|p1a: Ninetales\n|-damage|p1a: Ninetales|54\/100\n|-damage|p1b: Tornadus|58\/100\n|\n|-weather|Snow|[upkeep]\n|-heal|p1a: Ninetales|60\/100|[from] Grassy Terrain\n|-heal|p2b: Canons of Fodder|88\/100|[from] Grassy Terrain\n|upkeep\n|turn|4\n|\n|t:|1698795781\n|switch|p1b: Kangaskhan|Kangaskhan, F|100\/100\n|move|p1a: Ninetales|Moonblast|p2a: Unstoppable\n|-supereffective|p2a: Unstoppable\n|-damage|p2a: Unstoppable|74\/100\n|move|p2a: Unstoppable|Ruination|p1a: Ninetales\n|-damage|p1a: Ninetales|31\/100\n|move|p2b: Canons of Fodder|Heat Wave|p1a: Ninetales|[spread] p1b\n|-miss|p2b: Canons of Fodder|p1a: Ninetales\n|-damage|p1b: Kangaskhan|85\/100\n|\n|-weather|Snow|[upkeep]\n|-heal|p1a: Ninetales|36\/100|[from] Grassy Terrain\n|-heal|p1b: Kangaskhan|91\/100|[from] Grassy Terrain\n|-heal|p2a: Unstoppable|81\/100|[from] Grassy Terrain\n|-heal|p2b: Canons of Fodder|94\/100|[from] Grassy Terrain\n|upkeep\n|turn|5\n|\n|t:|1698795795\n|detailschange|p1b: Kangaskhan|Kangaskhan-Mega, F\n|-mega|p1b: Kangaskhan|Kangaskhan|Kangaskhanite\n|move|p1a: Ninetales|Moonblast|p2a: Unstoppable\n|-supereffective|p2a: Unstoppable\n|-damage|p2a: Unstoppable|54\/100\n|move|p1b: Kangaskhan|Seismic Toss|p2b: Canons of Fodder\n|-damage|p2b: Canons of Fodder|66\/100\n|-damage|p2b: Canons of Fodder|39\/100\n|-hitcount|p2b: Canons of Fodder|2\n|move|p2a: Unstoppable|Ruination|p1b: Kangaskhan\n|-damage|p1b: Kangaskhan|46\/100\n|move|p2b: Canons of Fodder|Steam Eruption|p1b: Kangaskhan|[miss]\n|-miss|p2b: Canons of Fodder|p1b: Kangaskhan\n|\n|-weather|none\n|-heal|p1a: Ninetales|42\/100|[from] Grassy Terrain\n|-heal|p1b: Kangaskhan|52\/100|[from] Grassy Terrain\n|-heal|p2a: Unstoppable|60\/100|[from] Grassy Terrain\n|-heal|p2b: Canons of Fodder|45\/100|[from] Grassy Terrain\n|-fieldend|move: Grassy Terrain\n|upkeep\n|turn|6\n|\n|t:|1698795811\n|switch|p1a: Amoonguss|Amoonguss, F|100\/100\n|switch|p2b: Monkeeee|Rillaboom, F|38\/100\n|-fieldstart|move: Grassy Terrain|[from] ability: Grassy Surge|[of] p2b: Monkeeee\n|move|p1b: Kangaskhan|Seismic Toss|p2b: Monkeeee\n|-damage|p2b: Monkeeee|13\/100\n|-damage|p2b: Monkeeee|0 fnt\n|faint|p2b: Monkeeee\n|-hitcount|p2: Monkeeee|2\n|move|p2a: Unstoppable|Ruination|p1b: Kangaskhan|[miss]\n|-miss|p2a: Unstoppable|p1b: Kangaskhan\n|\n|-heal|p1b: Kangaskhan|58\/100|[from] Grassy Terrain\n|-heal|p2a: Unstoppable|66\/100|[from] Grassy Terrain\n|upkeep\n|\n|t:|1698795816\n|switch|p2b: Gaming|Zygarde|100\/100\n|-ability|p2b: Gaming|Aura Break\n|turn|7\n|\n|t:|1698795830\n|move|p2b: Gaming|Protect|p2b: Gaming\n|-singleturn|p2b: Gaming|Protect\n|move|p1b: Kangaskhan|Seismic Toss|p2b: Gaming\n|-activate|p2b: Gaming|move: Protect\n|move|p2a: Unstoppable|Ruination|p1a: Amoonguss\n|-damage|p1a: Amoonguss|50\/100\n|move|p1a: Amoonguss|Spore|p2b: Gaming\n|-activate|p2b: Gaming|move: Protect\n|\n|-heal|p1b: Kangaskhan|64\/100|[from] Grassy Terrain\n|-heal|p2a: Unstoppable|72\/100|[from] Grassy Terrain\n|-heal|p1a: Amoonguss|57\/100|[from] Grassy Terrain\n|upkeep\n|turn|8\n|\n|t:|1698795839\n|move|p1b: Kangaskhan|Seismic Toss|p2b: Gaming\n|-damage|p2b: Gaming|74\/100\n|-damage|p2b: Gaming|47\/100\n|-hitcount|p2b: Gaming|2\n|move|p2b: Gaming|Substitute|p2b: Gaming\n|-start|p2b: Gaming|Substitute\n|-damage|p2b: Gaming|22\/100\n|move|p2a: Unstoppable|Ruination|p1b: Kangaskhan\n|-damage|p1b: Kangaskhan|32\/100\n|move|p1a: Amoonguss|Spore||[still]\n|-fail|p1a: Amoonguss\n|\n|-heal|p1b: Kangaskhan|38\/100|[from] Grassy Terrain\n|-heal|p2b: Gaming|29\/100|[from] Grassy Terrain\n|-heal|p2a: Unstoppable|79\/100|[from] Grassy Terrain\n|-heal|p1a: Amoonguss|63\/100|[from] Grassy Terrain\n|upkeep\n|turn|9\n|\n|t:|1698795860\n|move|p2b: Gaming|Protect|p2b: Gaming\n|-singleturn|p2b: Gaming|Protect\n|move|p1b: Kangaskhan|Seismic Toss|p2b: Gaming\n|-activate|p2b: Gaming|move: Protect\n|move|p2a: Unstoppable|Ruination|p1b: Kangaskhan\n|-damage|p1b: Kangaskhan|20\/100\n|move|p1a: Amoonguss|Pollen Puff|p1b: Kangaskhan\n|-heal|p1b: Kangaskhan|70\/100\n|\n|-heal|p1b: Kangaskhan|76\/100|[from] Grassy Terrain\n|-heal|p2b: Gaming|35\/100|[from] Grassy Terrain\n|-heal|p2a: Unstoppable|85\/100|[from] Grassy Terrain\n|-heal|p1a: Amoonguss|69\/100|[from] Grassy Terrain\n|upkeep\n|turn|10\n|\n|t:|1698795871\n|switch|p2b: Canons of Fodder|Volcanion|45\/100\n|move|p1b: Kangaskhan|Seismic Toss|p2b: Canons of Fodder\n|-damage|p2b: Canons of Fodder|17\/100\n|-damage|p2b: Canons of Fodder|0 fnt\n|faint|p2b: Canons of Fodder\n|-hitcount|p2: Canons of Fodder|2\n|move|p2a: Unstoppable|Ruination|p1b: Kangaskhan\n|-damage|p1b: Kangaskhan|38\/100\n|move|p1a: Amoonguss|Spore|p2a: Unstoppable\n|-status|p2a: Unstoppable|slp|[from] move: Spore\n|\n|-heal|p1b: Kangaskhan|44\/100|[from] Grassy Terrain\n|-heal|p2a: Unstoppable|91\/100 slp|[from] Grassy Terrain\n|-heal|p1a: Amoonguss|75\/100|[from] Grassy Terrain\n|-sideend|p1: mr dangerzone|move: Aurora Veil\n|-fieldend|move: Grassy Terrain\n|upkeep\n|c|\u2606Slash Death|I got cteamed rip\n|c|\u2606Slash Death|Gg\n|c|\u2606mr dangerzone|gg\n|-message|Slash Death forfeited.\n|\n|win|mr dangerzone\n|n|\u2606mr dangerzone|mrdangerzone\n|n|\u2606Slash Death|slashdeath\n|n| Daepiquejt|daepiquejt\n","uploadtime":1698795885,"views":17,"p1id":"mrdangerzone","p2id":"slashdeath","formatid":"gen9nationaldexdoubles","rating":0,"private":0,"password":""}