{"id":"gen9nationaldexdoubles-1964944018","p1":"Theadonia","p2":"Tori Ala","format":"[Gen 9] National Dex Doubles","log":"|j|\u2606Theadonia\n|j|\u2606Tori Ala\n|t:|1697029559\n|gametype|doubles\n|player|p1|Theadonia|caitlin|1104\n|player|p2|Tori Ala|parasollady-gen4|1032\n|teamsize|p1|6\n|teamsize|p2|6\n|gen|9\n|tier|[Gen 9] National Dex Doubles\n|rated|\n|rule|HP Percentage Mod: HP is shown in percentages\n|rule|Endless Battle Clause: Forcing endless battles is banned\n|rule|OHKO Clause: OHKO moves are banned\n|rule|Evasion Moves Clause: Evasion moves are banned\n|rule|Evasion Abilities Clause: Evasion abilities are banned\n|rule|Species Clause: Limit one of each Pok\u00e9mon\n|rule|Gravity Sleep Clause: The combination of sleep-inducing moves with imperfect accuracy and Gravity or Gigantamax Orbeetle are banned\n|clearpoke\n|poke|p1|Delphox, F|\n|poke|p1|Oricorio-Sensu, F|\n|poke|p1|Kommo-o, F|\n|poke|p1|Wailmer, F|\n|poke|p1|Cresselia, F|\n|poke|p1|Swoobat, F|\n|poke|p2|Lucario, M|\n|poke|p2|Whimsicott, F|\n|poke|p2|Mienshao, F|\n|poke|p2|Charizard, F|\n|poke|p2|Ambipom, F|\n|poke|p2|Flutter Mane|\n|teampreview\n|inactive|Battle timer is ON: inactive players will automatically lose when time's up. (requested by Tori Ala)\n|\n|t:|1697029565\n|start\n|switch|p1a: Delphox|Delphox, F, shiny|100\/100\n|switch|p1b: Oricorio|Oricorio-Sensu, F, shiny|100\/100\n|switch|p2a: Lucario|Lucario, M|100\/100\n|switch|p2b: Whimsicott|Whimsicott, F|100\/100\n|turn|1\n|\n|t:|1697029582\n|-terastallize|p2a: Lucario|Fighting\n|move|p1a: Delphox|Role Play|p1b: Oricorio\n|-endability|p1a: Delphox|Magician|[from] move: Role Play\n|-ability|p1a: Delphox|Dancer|[from] move: Role Play|[of] p1b: Oricorio\n|move|p2a: Lucario|Rock Slide|p1a: Delphox|[spread] p1a,p1b\n|-supereffective|p1a: Delphox\n|-supereffective|p1b: Oricorio\n|-damage|p1a: Delphox|44\/100\n|-damage|p1b: Oricorio|70\/100\n|-enditem|p1a: Delphox|Weakness Policy\n|-boost|p1a: Delphox|atk|2|[from] item: Weakness Policy\n|-boost|p1a: Delphox|spa|2|[from] item: Weakness Policy\n|move|p2b: Whimsicott|Beat Up|p2a: Lucario\n|-resisted|p2a: Lucario\n|-damage|p2a: Lucario|98\/100\n|-ability|p2a: Lucario|Justified|boost\n|-boost|p2a: Lucario|atk|1\n|-resisted|p2a: Lucario\n|-damage|p2a: Lucario|97\/100\n|-ability|p2a: Lucario|Justified|boost\n|-boost|p2a: Lucario|atk|1\n|-resisted|p2a: Lucario\n|-damage|p2a: Lucario|94\/100\n|-ability|p2a: Lucario|Justified|boost\n|-boost|p2a: Lucario|atk|1\n|-resisted|p2a: Lucario\n|-crit|p2a: Lucario\n|-damage|p2a: Lucario|92\/100\n|-ability|p2a: Lucario|Justified|boost\n|-boost|p2a: Lucario|atk|1\n|-resisted|p2a: Lucario\n|-damage|p2a: Lucario|90\/100\n|-ability|p2a: Lucario|Justified|boost\n|-boost|p2a: Lucario|atk|1\n|-resisted|p2a: Lucario\n|-damage|p2a: Lucario|88\/100\n|-ability|p2a: Lucario|Justified|boost\n|-boost|p2a: Lucario|atk|1\n|-hitcount|p2a: Lucario|6\n|cant|p1b: Oricorio|flinch\n|\n|-heal|p2a: Lucario|94\/100|[from] item: Leftovers\n|upkeep\n|turn|2\n|inactive|Theadonia has 120 seconds left.\n|\n|t:|1697029620\n|move|p2b: Whimsicott|Tailwind|p2b: Whimsicott\n|-sidestart|p2: Tori Ala|move: Tailwind\n|move|p2a: Lucario|Rock Slide|p1a: Delphox|[spread] p1b\n|-miss|p2a: Lucario|p1a: Delphox\n|-supereffective|p1b: Oricorio\n|-damage|p1b: Oricorio|0 fnt\n|faint|p1b: Oricorio\n|move|p1a: Delphox|Heat Wave|p2b: Whimsicott|[spread] p2a,p2b\n|-supereffective|p2b: Whimsicott\n|-damage|p2a: Lucario|0 fnt\n|-damage|p2b: Whimsicott|0 fnt\n|faint|p2a: Lucario\n|faint|p2b: Whimsicott\n|\n|upkeep\n|\n|t:|1697029637\n|switch|p2a: Mienshao|Mienshao, F, shiny|100\/100\n|switch|p2b: Charizard|Charizard, F|100\/100\n|switch|p1b: Cresselia|Cresselia, F|100\/100\n|turn|3\n|\n|t:|1697029648\n|move|p2a: Mienshao|Wide Guard|p2a: Mienshao\n|-singleturn|p2a: Mienshao|Wide Guard\n|move|p2b: Charizard|Earthquake|p1b: Cresselia|[spread] p1a\n|-activate|p2a: Mienshao|move: Wide Guard\n|-immune|p1b: Cresselia|[from] ability: Levitate\n|-supereffective|p1a: Delphox\n|-damage|p1a: Delphox|0 fnt\n|faint|p1a: Delphox\n|-damage|p2b: Charizard|91\/100|[from] item: Life Orb\n|move|p1b: Cresselia|Psych Up|p1: Delphox|[notarget]\n|-fail|p1b: Cresselia\n|\n|upkeep\n|\n|t:|1697029658\n|switch|p1a: Swoobat|Swoobat, F|100\/100\n|turn|4\n|\n|t:|1697029675\n|switch|p1b: Kommo-o|Kommo-o, F, shiny|100\/100\n|move|p2a: Mienshao|Return|p1a: Swoobat\n|-damage|p1a: Swoobat|19\/100\n|move|p2b: Charizard|Blaze Kick|p1a: Swoobat\n|-damage|p1a: Swoobat|0 fnt\n|faint|p1a: Swoobat\n|-damage|p2b: Charizard|81\/100|[from] item: Life Orb\n|\n|upkeep\n|\n|t:|1697029681\n|switch|p1a: Cresselia|Cresselia, F|100\/100\n|turn|5\n|\n|t:|1697029698\n|move|p2a: Mienshao|Coaching|p2b: Charizard\n|-boost|p2b: Charizard|atk|1\n|-boost|p2b: Charizard|def|1\n|move|p2b: Charizard|Aerial Ace|p1b: Kommo-o\n|-supereffective|p1b: Kommo-o\n|-damage|p1b: Kommo-o|19\/100\n|-damage|p2b: Charizard|71\/100|[from] item: Life Orb\n|-zpower|p1b: Kommo-o\n|move|p1b: Kommo-o|Clangorous Soulblaze|p2b: Charizard|[zeffect]|[spread] p2a,p2b\n|-crit|p2a: Mienshao\n|-damage|p2a: Mienshao|0 fnt\n|-damage|p2b: Charizard|5\/100\n|faint|p2a: Mienshao\n|-boost|p1b: Kommo-o|atk|1\n|-boost|p1b: Kommo-o|def|1\n|-boost|p1b: Kommo-o|spa|1\n|-boost|p1b: Kommo-o|spd|1\n|-boost|p1b: Kommo-o|spe|1\n|move|p1a: Cresselia|Lunar Blessing|p1a: Cresselia|[spread] p1a,p1b\n|-heal|p1b: Kommo-o|44\/100\n|\n|-sideend|p2: Tori Ala|move: Tailwind\n|upkeep\n|\n|t:|1697029712\n|switch|p2a: Ambipom|Ambipom, F|100\/100\n|turn|6\n|\n|t:|1697029719\n|move|p2a: Ambipom|Fake Out|p1a: Cresselia\n|-damage|p1a: Cresselia|77\/100\n|-damage|p2a: Ambipom|91\/100|[from] item: Life Orb\n|move|p1b: Kommo-o|Drain Punch|p2a: Ambipom\n|-supereffective|p2a: Ambipom\n|-damage|p2a: Ambipom|0 fnt\n|-heal|p1b: Kommo-o|89\/100|[from] drain|[of] p2a: Ambipom\n|faint|p2a: Ambipom\n|move|p2b: Charizard|Aerial Ace|p1b: Kommo-o\n|-supereffective|p1b: Kommo-o\n|-damage|p1b: Kommo-o|25\/100\n|-damage|p2b: Charizard|0 fnt|[from] item: Life Orb\n|faint|p2b: Charizard\n|cant|p1a: Cresselia|flinch\n|\n|-heal|p1a: Cresselia|83\/100|[from] item: Leftovers\n|upkeep\n|\n|t:|1697029734\n|switch|p2b: Flutter Mane|Flutter Mane|100\/100\n|-enditem|p2b: Flutter Mane|Booster Energy\n|-activate|p2b: Flutter Mane|ability: Protosynthesis|[fromitem]\n|-start|p2b: Flutter Mane|protosynthesisspe\n|turn|7\n|\n|t:|1697029742\n|move|p2b: Flutter Mane|Dazzling Gleam|p1b: Kommo-o|[spread] p1a,p1b\n|-supereffective|p1b: Kommo-o\n|-damage|p1a: Cresselia|62\/100\n|-damage|p1b: Kommo-o|0 fnt\n|faint|p1b: Kommo-o\n|move|p1a: Cresselia|Dazzling Gleam|p2b: Flutter Mane\n|-damage|p2b: Flutter Mane|79\/100\n|\n|-heal|p1a: Cresselia|68\/100|[from] item: Leftovers\n|upkeep\n|\n|t:|1697029745\n|switch|p1b: Wailmer|Wailmer, F, shiny|100\/100\n|-ability|p1b: Wailmer|Pressure\n|turn|8\n|\n|t:|1697029754\n|-terastallize|p1b: Wailmer|Water\n|move|p2b: Flutter Mane|Dark Pulse|p1a: Cresselia\n|-supereffective|p1a: Cresselia\n|-damage|p1a: Cresselia|29\/100\n|move|p1a: Cresselia|Dazzling Gleam|p2b: Flutter Mane\n|-damage|p2b: Flutter Mane|59\/100\n|move|p1b: Wailmer|Water Spout|p2b: Flutter Mane\n|-damage|p2b: Flutter Mane|0 fnt\n|faint|p2b: Flutter Mane\n|-end|p2b: Flutter Mane|Protosynthesis|[silent]\n|\n|win|Theadonia\n|raw|Theadonia's rating: 1104 &rarr; <strong>1124<\/strong><br \/>(+20 for winning)\n|raw|Tori Ala's rating: 1032 &rarr; <strong>1020<\/strong><br \/>(-12 for losing)\n|l|\u2606Tori Ala\n","uploadtime":1697029775,"views":5,"p1id":"theadonia","p2id":"toriala","formatid":"gen9nationaldexdoubles","rating":1020,"private":0,"password":""}