{"id":"gen9nationaldexdoubles-1994306155","p1":"Vican259","p2":"DoomedTaurus","format":"[Gen 9] National Dex Doubles","log":"|j|\u2606Vican259\n|j|\u2606DoomedTaurus\n|t:|1700429246\n|gametype|doubles\n|player|p1|Vican259|bellelba|\n|player|p2|DoomedTaurus|bruno|\n|teamsize|p1|6\n|teamsize|p2|6\n|gen|9\n|tier|[Gen 9] National Dex Doubles\n|rule|HP Percentage Mod: HP is shown in percentages\n|rule|Endless Battle Clause: Forcing endless battles is banned\n|rule|OHKO Clause: OHKO moves are banned\n|rule|Evasion Moves Clause: Evasion moves are banned\n|rule|Evasion Abilities Clause: Evasion abilities are banned\n|rule|Species Clause: Limit one of each Pok\u00e9mon\n|rule|Gravity Sleep Clause: The combination of sleep-inducing moves with imperfect accuracy and Gravity or Gigantamax Orbeetle are banned\n|clearpoke\n|poke|p1|Stakataka|\n|poke|p1|Araquanid, M|\n|poke|p1|Buzzwole|\n|poke|p1|Guzzlord|\n|poke|p1|Blacephalon|\n|poke|p1|Celesteela|\n|poke|p2|Florges-Blue, F|\n|poke|p2|Chesnaught, M|\n|poke|p2|Aegislash, M|\n|poke|p2|Klefki, M|\n|poke|p2|Trevenant, M|\n|poke|p2|Dragalge, F|\n|teampreview\n|\n|t:|1700429258\n|start\n|switch|p1a: Stakataka|Stakataka|100\/100\n|switch|p1b: Araquanid|Araquanid, M|100\/100\n|switch|p2a: Merlin|Klefki, M|100\/100\n|switch|p2b: Percival|Chesnaught, M|100\/100\n|turn|1\n|\n|t:|1700429284\n|move|p2a: Merlin|Thunder Wave|p1b: Araquanid|[miss]\n|-miss|p2a: Merlin|p1b: Araquanid\n|move|p2b: Percival|Wood Hammer|p1a: Stakataka\n|-damage|p1a: Stakataka|75\/100\n|-damage|p2b: Percival|93\/100|[from] Recoil\n|move|p1b: Araquanid|Sticky Web|p2a: Merlin\n|-sidestart|p2: DoomedTaurus|move: Sticky Web\n|move|p1a: Stakataka|Trick Room|p1a: Stakataka\n|-fieldstart|move: Trick Room|[of] p1a: Stakataka\n|\n|-heal|p1a: Stakataka|81\/100|[from] item: Leftovers\n|upkeep\n|turn|2\n|\n|t:|1700429320\n|move|p2a: Merlin|Light Screen|p2a: Merlin\n|-sidestart|p2: DoomedTaurus|move: Light Screen\n|move|p1a: Stakataka|Toxic|p2b: Percival|[miss]\n|-miss|p1a: Stakataka|p2b: Percival\n|move|p1b: Araquanid|Liquidation|p2a: Merlin\n|-damage|p2a: Merlin|53\/100\n|move|p2b: Percival|Body Press|p1a: Stakataka\n|-supereffective|p1a: Stakataka\n|-damage|p1a: Stakataka|0 fnt\n|faint|p1a: Stakataka\n|\n|upkeep\n|\n|t:|1700429332\n|switch|p1a: Blacephalon|Blacephalon|100\/100\n|turn|3\n|\n|t:|1700429348\n|move|p1b: Araquanid|Protect|p1b: Araquanid\n|-singleturn|p1b: Araquanid|Protect\n|move|p2a: Merlin|Thunder Wave|p1a: Blacephalon\n|-status|p1a: Blacephalon|par\n|move|p2b: Percival|Wood Hammer|p1b: Araquanid\n|-activate|p1b: Araquanid|move: Protect\n|cant|p1a: Blacephalon|par\n|\n|upkeep\n|turn|4\n|\n|t:|1700429364\n|move|p2b: Percival|Spiky Shield|p2b: Percival\n|-singleturn|p2b: Percival|move: Protect\n|move|p2a: Merlin|Reflect|p2a: Merlin\n|-sidestart|p2: DoomedTaurus|Reflect\n|move|p1b: Araquanid|Bug Bite|p2b: Percival\n|-activate|p2b: Percival|move: Protect\n|-damage|p1b: Araquanid|88\/100|[from] Spiky Shield|[of] p2b: Percival\n|move|p1a: Blacephalon|Fire Blast|p2b: Percival\n|-activate|p2b: Percival|move: Protect\n|\n|upkeep\n|turn|5\n|\n|t:|1700429380\n|move|p2a: Merlin|Spikes|p1b: Araquanid\n|-sidestart|p1: Vican259|Spikes\n|move|p1b: Araquanid|Liquidation|p2a: Merlin\n|-damage|p2a: Merlin|18\/100\n|-unboost|p2a: Merlin|def|1\n|move|p2b: Percival|Wood Hammer|p1b: Araquanid\n|-damage|p1b: Araquanid|47\/100\n|-damage|p2b: Percival|81\/100|[from] Recoil\n|cant|p1a: Blacephalon|par\n|\n|-fieldend|move: Trick Room\n|upkeep\n|turn|6\n|\n|t:|1700429412\n|move|p1b: Araquanid|Protect|p1b: Araquanid\n|-singleturn|p1b: Araquanid|Protect\n|move|p2a: Merlin|Spikes|p1a: Blacephalon\n|-sidestart|p1: Vican259|Spikes\n|move|p1a: Blacephalon|Fire Blast|p2b: Percival\n|-supereffective|p2b: Percival\n|-damage|p2b: Percival|0 fnt\n|faint|p2b: Percival\n|-ability|p1a: Blacephalon|Beast Boost|boost\n|-boost|p1a: Blacephalon|spa|1\n|\n|upkeep\n|\n|t:|1700429441\n|switch|p2b: Lancelot|Trevenant, M|100\/100\n|-activate|p2b: Lancelot|move: Sticky Web\n|-unboost|p2b: Lancelot|spe|1\n|turn|7\n|\n|t:|1700429462\n|move|p2a: Merlin|Thunder Wave|p1b: Araquanid\n|-status|p1b: Araquanid|par\n|move|p1a: Blacephalon|Fire Blast|p2b: Lancelot\n|-supereffective|p2b: Lancelot\n|-damage|p2b: Lancelot|0 fnt\n|faint|p2b: Lancelot\n|-ability|p1a: Blacephalon|Beast Boost|boost\n|-boost|p1a: Blacephalon|spa|1\n|cant|p1b: Araquanid|par\n|\n|upkeep\n|\n|t:|1700429473\n|switch|p2b: Viviane|Dragalge, F|100\/100\n|-activate|p2b: Viviane|move: Sticky Web\n|-unboost|p2b: Viviane|spe|1\n|turn|8\n|\n|t:|1700429512\n|move|p2a: Merlin|Spikes|p1a: Blacephalon\n|-sidestart|p1: Vican259|Spikes\n|move|p1a: Blacephalon|Fire Blast|p2a: Merlin\n|-supereffective|p2a: Merlin\n|-damage|p2a: Merlin|0 fnt\n|faint|p2a: Merlin\n|-ability|p1a: Blacephalon|Beast Boost|boost\n|-boost|p1a: Blacephalon|spa|1\n|move|p2b: Viviane|Sludge Bomb|p1a: Blacephalon\n|-resisted|p1a: Blacephalon\n|-damage|p1a: Blacephalon|25\/100 par\n|cant|p1b: Araquanid|par\n|\n|upkeep\n|\n|t:|1700429524\n|switch|p2a: Arthur|Aegislash, M|100\/100\n|-activate|p2a: Arthur|move: Sticky Web\n|-unboost|p2a: Arthur|spe|1\n|turn|9\n|\n|t:|1700429533\n|move|p2a: Arthur|King's Shield|p2a: Arthur\n|-singleturn|p2a: Arthur|Protect\n|cant|p1b: Araquanid|par\n|cant|p1a: Blacephalon|par\n|move|p2b: Viviane|Sludge Bomb|p1a: Blacephalon\n|-resisted|p1a: Blacephalon\n|-damage|p1a: Blacephalon|0 fnt\n|faint|p1a: Blacephalon\n|\n|-sideend|p2: DoomedTaurus|move: Light Screen\n|upkeep\n|\n|t:|1700429545\n|switch|p1a: Celesteela|Celesteela|100\/100\n|turn|10\n|\n|t:|1700429600\n|move|p1b: Araquanid|Protect|p1b: Araquanid\n|-singleturn|p1b: Araquanid|Protect\n|move|p1a: Celesteela|Leech Seed|p2a: Arthur\n|-start|p2a: Arthur|move: Leech Seed\n|move|p2a: Arthur|Substitute|p2a: Arthur\n|-start|p2a: Arthur|Substitute\n|-damage|p2a: Arthur|75\/100\n|move|p2b: Viviane|Sludge Bomb|p1b: Araquanid\n|-activate|p1b: Araquanid|move: Protect\n|\n|-heal|p2a: Arthur|82\/100|[from] item: Leftovers\n|-damage|p2a: Arthur|69\/100|[from] Leech Seed|[of] p1a: Celesteela\n|upkeep\n|turn|11\n|\n|t:|1700429629\n|move|p1a: Celesteela|Heavy Slam|p2b: Viviane\n|-damage|p2b: Viviane|65\/100\n|-formechange|p2a: Arthur|Aegislash-Blade||[from] ability: Stance Change\n|move|p2a: Arthur|Shadow Ball|p1a: Celesteela\n|-damage|p1a: Celesteela|69\/100\n|move|p2b: Viviane|Sludge Bomb|p1b: Araquanid\n|-damage|p1b: Araquanid|0 fnt\n|faint|p1b: Araquanid\n|\n|-heal|p1a: Celesteela|75\/100|[from] item: Leftovers\n|-heal|p2a: Arthur|75\/100|[from] item: Leftovers\n|-damage|p2a: Arthur|63\/100|[from] Leech Seed|[of] p1a: Celesteela\n|-heal|p1a: Celesteela|85\/100|[silent]\n|-sideend|p2: DoomedTaurus|Reflect\n|upkeep\n|\n|t:|1700429645\n|switch|p1b: Guzzlord|Guzzlord|100\/100\n|-damage|p1b: Guzzlord|76\/100|[from] Spikes\n|turn|12\n|\n|t:|1700429661\n|-formechange|p2a: Arthur|Aegislash||[from] ability: Stance Change\n|move|p2a: Arthur|King's Shield|p2a: Arthur\n|-singleturn|p2a: Arthur|Protect\n|-zpower|p1b: Guzzlord\n|move|p1b: Guzzlord|Devastating Drake|p2b: Viviane|[zeffect]\n|-supereffective|p2b: Viviane\n|-damage|p2b: Viviane|0 fnt\n|faint|p2b: Viviane\n|-ability|p1b: Guzzlord|Beast Boost|boost\n|-boost|p1b: Guzzlord|spa|1\n|move|p1a: Celesteela|Flamethrower|p2a: Arthur\n|-activate|p2a: Arthur|move: Protect\n|\n|-heal|p1a: Celesteela|91\/100|[from] item: Leftovers\n|-heal|p2a: Arthur|69\/100|[from] item: Leftovers\n|-damage|p2a: Arthur|57\/100|[from] Leech Seed|[of] p1a: Celesteela\n|-heal|p1a: Celesteela|100\/100|[silent]\n|upkeep\n|\n|t:|1700429678\n|switch|p2b: Morgana|Florges-Blue, F|100\/100\n|-activate|p2b: Morgana|move: Sticky Web\n|-unboost|p2b: Morgana|spe|1\n|turn|13\n|\n|t:|1700429694\n|move|p1b: Guzzlord|Heavy Slam|p2b: Morgana\n|-supereffective|p2b: Morgana\n|-damage|p2b: Morgana|54\/100\n|move|p1a: Celesteela|Heavy Slam|p2b: Morgana\n|-supereffective|p2b: Morgana\n|-damage|p2b: Morgana|0 fnt\n|faint|p2b: Morgana\n|-ability|p1a: Celesteela|Beast Boost|boost\n|-boost|p1a: Celesteela|spd|1\n|-formechange|p2a: Arthur|Aegislash-Blade||[from] ability: Stance Change\n|move|p2a: Arthur|Shadow Ball|p1a: Celesteela\n|-damage|p1a: Celesteela|80\/100\n|\n|-heal|p1a: Celesteela|86\/100|[from] item: Leftovers\n|-heal|p2a: Arthur|63\/100|[from] item: Leftovers\n|-damage|p2a: Arthur|51\/100|[from] Leech Seed|[of] p1a: Celesteela\n|-heal|p1a: Celesteela|96\/100|[silent]\n|upkeep\n|turn|14\n|\n|t:|1700429718\n|-terastallize|p2a: Arthur|Flying\n|move|p1b: Guzzlord|Fire Blast|p2a: Arthur|[miss]\n|-miss|p1b: Guzzlord|p2a: Arthur\n|move|p1a: Celesteela|Flamethrower|p2a: Arthur\n|-end|p2a: Arthur|Substitute\n|move|p2a: Arthur|Shadow Ball|p1b: Guzzlord\n|-resisted|p1b: Guzzlord\n|-damage|p1b: Guzzlord|51\/100\n|\n|-heal|p1a: Celesteela|100\/100|[from] item: Leftovers\n|-heal|p2a: Arthur|57\/100|[from] item: Leftovers\n|-damage|p2a: Arthur|45\/100|[from] Leech Seed|[of] p1a: Celesteela\n|upkeep\n|turn|15\n|\n|t:|1700429738\n|-formechange|p2a: Arthur|Aegislash||[from] ability: Stance Change\n|move|p2a: Arthur|King's Shield|p2a: Arthur\n|-singleturn|p2a: Arthur|Protect\n|move|p1b: Guzzlord|Fire Blast|p2a: Arthur\n|-activate|p2a: Arthur|move: Protect\n|move|p1a: Celesteela|Flamethrower|p2a: Arthur\n|-activate|p2a: Arthur|move: Protect\n|\n|-heal|p2a: Arthur|51\/100|[from] item: Leftovers\n|-damage|p2a: Arthur|38\/100|[from] Leech Seed|[of] p1a: Celesteela\n|upkeep\n|turn|16\n|\n|t:|1700429755\n|move|p1b: Guzzlord|Fire Blast|p2a: Arthur|[miss]\n|-miss|p1b: Guzzlord|p2a: Arthur\n|move|p1a: Celesteela|Flamethrower|p2a: Arthur\n|-damage|p2a: Arthur|20\/100\n|-formechange|p2a: Arthur|Aegislash-Blade||[from] ability: Stance Change\n|move|p2a: Arthur|Shadow Ball|p1b: Guzzlord\n|-resisted|p1b: Guzzlord\n|-damage|p1b: Guzzlord|28\/100\n|\n|-heal|p2a: Arthur|26\/100|[from] item: Leftovers\n|-damage|p2a: Arthur|13\/100|[from] Leech Seed|[of] p1a: Celesteela\n|upkeep\n|turn|17\n|\n|t:|1700429775\n|move|p1b: Guzzlord|Fire Blast|p2a: Arthur\n|-damage|p2a: Arthur|0 fnt\n|faint|p2a: Arthur\n|\n|win|Vican259\n","uploadtime":1700429782,"views":4,"p1id":"vican259","p2id":"doomedtaurus","formatid":"gen9nationaldexdoubles","rating":0,"private":0,"password":""}