{"id":"gen9nationaldexdoubles-1949345914","p1":"Legindarisch","p2":"lamebagels","format":"[Gen 9] National Dex Doubles","log":"|j|\u2606Legindarisch\n|j|\u2606lamebagels\n|t:|1695349495\n|gametype|doubles\n|player|p1|Legindarisch|hiker-gen4|1363\n|player|p2|lamebagels|rei-isekai|1166\n|teamsize|p1|6\n|teamsize|p2|6\n|gen|9\n|tier|[Gen 9] National Dex Doubles\n|rated|\n|rule|HP Percentage Mod: HP is shown in percentages\n|rule|Endless Battle Clause: Forcing endless battles is banned\n|rule|OHKO Clause: OHKO moves are banned\n|rule|Evasion Moves Clause: Evasion moves are banned\n|rule|Evasion Abilities Clause: Evasion abilities are banned\n|rule|Species Clause: Limit one of each Pok\u00e9mon\n|rule|Gravity Sleep Clause: The combination of sleep-inducing moves with imperfect accuracy and Gravity or Gigantamax Orbeetle are banned\n|clearpoke\n|poke|p1|Corviknight, M|\n|poke|p1|Mamoswine, M|\n|poke|p1|Azumarill, F|\n|poke|p1|Gengar, M|\n|poke|p1|Blaziken, F|\n|poke|p1|Hydreigon, F|\n|poke|p2|Torracat, F|\n|poke|p2|Slowbro-Galar, F|\n|poke|p2|Arboliva, M|\n|poke|p2|Hydreigon, F|\n|poke|p2|Zapdos-Galar|\n|poke|p2|Jirachi|\n|teampreview\n|\n|t:|1695349522\n|start\n|switch|p1a: Lilly|Hydreigon, F, shiny|100\/100\n|switch|p1b: Sigurd|Mamoswine, M|100\/100\n|switch|p2a: kingdorah|Hydreigon, F|100\/100\n|switch|p2b: Smokey|Torracat, F|100\/100\n|-ability|p2b: Smokey|Intimidate|boost\n|-unboost|p1a: Lilly|atk|1\n|-unboost|p1b: Sigurd|atk|1\n|turn|1\n|\n|t:|1695349556\n|-terastallize|p1a: Lilly|Electric\n|-terastallize|p2a: kingdorah|Steel\n|move|p2b: Smokey|Fake Out|p1a: Lilly\n|-damage|p1a: Lilly|89\/100\n|move|p1b: Sigurd|Ice Shard|p2a: kingdorah\n|-resisted|p2a: kingdorah\n|-damage|p2a: kingdorah|92\/100\n|move|p2a: kingdorah|Hydro Pump|p1b: Sigurd\n|-supereffective|p1b: Sigurd\n|-crit|p1b: Sigurd\n|-damage|p1b: Sigurd|0 fnt\n|faint|p1b: Sigurd\n|cant|p1a: Lilly|flinch\n|\n|upkeep\n|\n|t:|1695349578\n|switch|p1b: Bubbles|Azumarill, F, shiny|100\/100\n|turn|2\n|\n|t:|1695349594\n|switch|p2a: \u201csorrybro!\u201d|Slowbro-Galar, F, shiny|100\/100\n|switch|p2b: inal|Arboliva, M, shiny|100\/100\n|move|p1a: Lilly|Fire Blast|p2a: \u201csorrybro!\u201d\n|-damage|p2a: \u201csorrybro!\u201d|54\/100\n|move|p1b: Bubbles|Superpower|p2a: \u201csorrybro!\u201d\n|-resisted|p2a: \u201csorrybro!\u201d\n|-damage|p2a: \u201csorrybro!\u201d|37\/100\n|-unboost|p1b: Bubbles|atk|1\n|-unboost|p1b: Bubbles|def|1\n|-damage|p1b: Bubbles|84\/100|[from] item: Rocky Helmet|[of] p2a: \u201csorrybro!\u201d\n|\n|upkeep\n|turn|3\n|\n|t:|1695349617\n|switch|p1b: Titan|Corviknight, M|100\/100\n|-ability|p1b: Titan|Pressure\n|switch|p2a: Smokey|Torracat, F|100\/100\n|-ability|p2a: Smokey|Intimidate|boost\n|-unboost|p1a: Lilly|atk|1\n|-unboost|p1b: Titan|atk|1\n|move|p1a: Lilly|Dark Pulse|p2a: Smokey\n|-damage|p2a: Smokey|44\/100\n|move|p2b: inal|Mirror Coat||[still]\n|-fail|p2b: inal\n|\n|upkeep\n|turn|4\n|\n|t:|1695349641\n|move|p1a: Lilly|Dark Pulse|p2a: Smokey\n|-damage|p2a: Smokey|0 fnt\n|faint|p2a: Smokey\n|move|p1b: Titan|Tailwind|p1b: Titan\n|-sidestart|p1: Legindarisch|move: Tailwind\n|move|p2b: inal|Giga Drain|p1a: Lilly\n|-damage|p1a: Lilly|55\/100\n|\n|upkeep\n|\n|t:|1695349660\n|switch|p2a: \u201csorrybro!\u201d|Slowbro-Galar, F, shiny|70\/100\n|turn|5\n|\n|t:|1695349672\n|switch|p2a: daffodil|Zapdos-Galar, shiny|100\/100\n|move|p1a: Lilly|Dark Pulse|p2a: daffodil\n|-resisted|p2a: daffodil\n|-damage|p2a: daffodil|77\/100\n|move|p1b: Titan|Brave Bird|p2b: inal\n|-supereffective|p2b: inal\n|-crit|p2b: inal\n|-damage|p2b: inal|0 fnt\n|-fieldstart|move: Grassy Terrain|[from] ability: Seed Sower|[of] p2b: inal\n|faint|p2b: inal\n|-damage|p1b: Titan|71\/100|[from] Recoil\n|\n|upkeep\n|\n|t:|1695349684\n|switch|p2b: \u201csorrybro!\u201d|Slowbro-Galar, F, shiny|100\/100\n|turn|6\n|\n|t:|1695349697\n|switch|p2a: Jirachi|Jirachi, shiny|100\/100\n|move|p1a: Lilly|Tera Blast|p2a: Jirachi|[anim] Tera Blast Electric\n|-damage|p2a: Jirachi|64\/100\n|move|p1b: Titan|Brave Bird|p2a: Jirachi\n|-resisted|p2a: Jirachi\n|-damage|p2a: Jirachi|54\/100\n|-damage|p1b: Titan|68\/100|[from] Recoil\n|move|p2b: \u201csorrybro!\u201d|Trick Room|p2b: \u201csorrybro!\u201d\n|-fieldstart|move: Trick Room|[of] p2b: \u201csorrybro!\u201d\n|\n|-heal|p2a: Jirachi|60\/100|[from] Grassy Terrain\n|-heal|p2a: Jirachi|66\/100|[from] item: Leftovers\n|upkeep\n|turn|7\n|\n|t:|1695349740\n|move|p2b: \u201csorrybro!\u201d|Shell Side Arm|p1a: Lilly|[anim] Shell Side Arm Special\n|-damage|p1a: Lilly|22\/100\n|-hint|Special Shell Side Arm\n|move|p2a: Jirachi|Thunder Wave|p1b: Titan\n|-status|p1b: Titan|par\n|move|p1b: Titan|U-turn|p2b: \u201csorrybro!\u201d\n|-damage|p2b: \u201csorrybro!\u201d|92\/100\n|-damage|p1b: Titan|51\/100 par|[from] item: Rocky Helmet|[of] p2b: \u201csorrybro!\u201d\n|\n|t:|1695349766\n|switch|p1b: Muay|Blaziken, F|100\/100|[from] U-turn\n|move|p1a: Lilly|Dark Pulse|p2b: \u201csorrybro!\u201d\n|-supereffective|p2b: \u201csorrybro!\u201d\n|-damage|p2b: \u201csorrybro!\u201d|0 fnt\n|faint|p2b: \u201csorrybro!\u201d\n|\n|-heal|p2a: Jirachi|72\/100|[from] Grassy Terrain\n|-heal|p2a: Jirachi|78\/100|[from] item: Leftovers\n|-sideend|p1: Legindarisch|move: Tailwind\n|upkeep\n|\n|t:|1695349775\n|switch|p2b: kingdorah|Hydreigon, F, tera:Steel|92\/100\n|turn|8\n|\n|t:|1695349794\n|move|p2a: Jirachi|Play Rough|p1a: Lilly|[miss]\n|-miss|p2a: Jirachi|p1a: Lilly\n|move|p1b: Muay|Flare Blitz|p2b: kingdorah\n|-supereffective|p2b: kingdorah\n|-damage|p2b: kingdorah|0 fnt\n|faint|p2b: kingdorah\n|-damage|p1b: Muay|68\/100|[from] Recoil\n|move|p1a: Lilly|Dark Pulse|p2a: Jirachi\n|-supereffective|p2a: Jirachi\n|-damage|p2a: Jirachi|8\/100\n|\n|-heal|p2a: Jirachi|14\/100|[from] Grassy Terrain\n|-heal|p2a: Jirachi|20\/100|[from] item: Leftovers\n|-heal|p1b: Muay|74\/100|[from] Grassy Terrain\n|-ability|p1b: Muay|Speed Boost|boost\n|-boost|p1b: Muay|spe|1\n|upkeep\n|-message|lamebagels forfeited.\n|\n|win|Legindarisch\n|raw|Legindarisch's rating: 1363 &rarr; <strong>1373<\/strong><br \/>(+10 for winning)\n|raw|lamebagels's rating: 1166 &rarr; <strong>1154<\/strong><br \/>(-12 for losing)\n|l|\u2606lamebagels\n|c|\u2606Legindarisch|sorry bro\n|c|\u2606Legindarisch|gg\n","uploadtime":1695349833,"views":14,"p1id":"legindarisch","p2id":"lamebagels","formatid":"gen9nationaldexdoubles","rating":1154,"private":0,"password":""}