{"id":"gen9nationaldexdoubles-1964020506","p1":"123 the 7","p2":"lemonjohn","format":"[Gen 9] National Dex Doubles","log":"|j|\u2606123 the 7\n|j|\u2606lemonjohn\n|t:|1696931238\n|gametype|doubles\n|player|p1|123 the 7|veteran|1285\n|player|p2|lemonjohn|tuberf|1323\n|teamsize|p1|6\n|teamsize|p2|6\n|gen|9\n|tier|[Gen 9] National Dex Doubles\n|rated|\n|rule|HP Percentage Mod: HP is shown in percentages\n|rule|Endless Battle Clause: Forcing endless battles is banned\n|rule|OHKO Clause: OHKO moves are banned\n|rule|Evasion Moves Clause: Evasion moves are banned\n|rule|Evasion Abilities Clause: Evasion abilities are banned\n|rule|Species Clause: Limit one of each Pok\u00e9mon\n|rule|Gravity Sleep Clause: The combination of sleep-inducing moves with imperfect accuracy and Gravity or Gigantamax Orbeetle are banned\n|clearpoke\n|poke|p1|Reuniclus, M|\n|poke|p1|Conkeldurr, M|\n|poke|p1|Togekiss, M|\n|poke|p1|Jellicent, F|\n|poke|p1|Scizor, M|\n|poke|p1|Marowak, M|\n|poke|p2|Torkoal, F|\n|poke|p2|Venusaur, F|\n|poke|p2|Farigiraf, F|\n|poke|p2|Charizard, M|\n|poke|p2|Whimsicott, M|\n|poke|p2|Incineroar, M|\n|teampreview\n|inactive|Battle timer is ON: inactive players will automatically lose when time's up. (requested by 123 the 7)\n|\n|t:|1696931264\n|start\n|switch|p1a: Jellicent|Jellicent, F, shiny|100\/100\n|switch|p1b: Marowak|Marowak, M|100\/100\n|switch|p2a: Venusaur|Venusaur, F|100\/100\n|switch|p2b: Whimsicott|Whimsicott, M|100\/100\n|turn|1\n|\n|t:|1696931281\n|move|p2b: Whimsicott|Fake Tears|p1a: Jellicent\n|-unboost|p1a: Jellicent|spd|2\n|move|p2a: Venusaur|Giga Drain|p1a: Jellicent\n|-supereffective|p1a: Jellicent\n|-damage|p1a: Jellicent|0 fnt\n|faint|p1a: Jellicent\n|-damage|p2a: Venusaur|91\/100|[from] item: Life Orb\n|move|p1b: Marowak|Fire Punch|p2a: Venusaur\n|-supereffective|p2a: Venusaur\n|-damage|p2a: Venusaur|0 fnt\n|faint|p2a: Venusaur\n|\n|upkeep\n|\n|t:|1696931294\n|switch|p2a: Charizard|Charizard, M|100\/100\n|switch|p1a: Reuniclus|Reuniclus, M, shiny|100\/100\n|turn|2\n|\n|t:|1696931308\n|move|p2b: Whimsicott|Fake Tears|p1a: Reuniclus\n|-unboost|p1a: Reuniclus|spd|2\n|move|p2a: Charizard|Heat Wave|p1b: Marowak|[spread] p1a,p1b\n|-crit|p1a: Reuniclus\n|-damage|p1a: Reuniclus|0 fnt\n|-damage|p1b: Marowak|51\/100\n|faint|p1a: Reuniclus\n|move|p1b: Marowak|Fire Punch|p2b: Whimsicott\n|-supereffective|p2b: Whimsicott\n|-damage|p2b: Whimsicott|34\/100\n|\n|upkeep\n|\n|t:|1696931320\n|switch|p1a: Togekiss|Togekiss, M|100\/100\n|turn|3\n|\n|t:|1696931329\n|-terastallize|p2a: Charizard|Fire\n|move|p2b: Whimsicott|Sunny Day|p2b: Whimsicott\n|-weather|SunnyDay\n|move|p2a: Charizard|Heat Wave|p1a: Togekiss|[spread] p1a\n|-miss|p2a: Charizard|p1b: Marowak\n|-damage|p1a: Togekiss|33\/100\n|move|p1a: Togekiss|Thunder Wave|p2a: Charizard\n|-status|p2a: Charizard|par\n|move|p1b: Marowak|Fire Punch|p2b: Whimsicott\n|-supereffective|p2b: Whimsicott\n|-damage|p2b: Whimsicott|0 fnt\n|faint|p2b: Whimsicott\n|\n|-weather|SunnyDay|[upkeep]\n|-damage|p2a: Charizard|88\/100 par|[from] ability: Solar Power|[of] p2a: Charizard\n|-heal|p1a: Togekiss|39\/100|[from] item: Leftovers\n|upkeep\n|\n|t:|1696931339\n|switch|p2b: Torkoal|Torkoal, F|100\/100\n|turn|4\n|\n|t:|1696931354\n|switch|p2a: Incineroar|Incineroar, M|100\/100\n|-ability|p2a: Incineroar|Intimidate|boost\n|-unboost|p1a: Togekiss|atk|1\n|-unboost|p1b: Marowak|atk|1\n|move|p1a: Togekiss|Protect|p1a: Togekiss\n|-singleturn|p1a: Togekiss|Protect\n|move|p1b: Marowak|Bonemerang|p2a: Incineroar\n|-supereffective|p2a: Incineroar\n|-damage|p2a: Incineroar|50\/100\n|-enditem|p2a: Incineroar|Sitrus Berry|[eat]\n|-heal|p2a: Incineroar|75\/100|[from] item: Sitrus Berry\n|-supereffective|p2a: Incineroar\n|-damage|p2a: Incineroar|28\/100\n|-hitcount|p2a: Incineroar|2\n|move|p2b: Torkoal|Heat Wave|p1a: Togekiss|[spread] p1b\n|-activate|p1a: Togekiss|move: Protect\n|-damage|p1b: Marowak|0 fnt\n|faint|p1b: Marowak\n|\n|-weather|SunnyDay|[upkeep]\n|-heal|p1a: Togekiss|45\/100|[from] item: Leftovers\n|upkeep\n|\n|t:|1696931373\n|switch|p1b: Conkeldurr|Conkeldurr, M, shiny|100\/100\n|turn|5\n|\n|t:|1696931384\n|move|p1b: Conkeldurr|Protect|p1b: Conkeldurr\n|-singleturn|p1b: Conkeldurr|Protect\n|move|p2a: Incineroar|Fake Out|p1b: Conkeldurr\n|-activate|p1b: Conkeldurr|move: Protect\n|move|p1a: Togekiss|Thunder Wave|p2b: Torkoal\n|-status|p2b: Torkoal|par\n|move|p2b: Torkoal|Heat Wave|p1b: Conkeldurr|[spread] p1a\n|-activate|p1b: Conkeldurr|move: Protect\n|-damage|p1a: Togekiss|12\/100\n|\n|-weather|SunnyDay|[upkeep]\n|-heal|p1a: Togekiss|18\/100|[from] item: Leftovers\n|-status|p1b: Conkeldurr|brn|[from] item: Flame Orb\n|upkeep\n|turn|6\n|\n|t:|1696931406\n|switch|p2b: Farigiraf|Farigiraf, F|100\/100\n|move|p1a: Togekiss|Protect|p1a: Togekiss\n|-singleturn|p1a: Togekiss|Protect\n|move|p2a: Incineroar|Parting Shot|p1b: Conkeldurr\n|-unboost|p1b: Conkeldurr|atk|1\n|-unboost|p1b: Conkeldurr|spa|1\n|\n|t:|1696931411\n|switch|p2a: Charizard|Charizard, M, tera:Fire|88\/100 par|[from] Parting Shot\n|move|p1b: Conkeldurr|Drain Punch|p2b: Farigiraf\n|-damage|p2b: Farigiraf|52\/100\n|-damage|p1b: Conkeldurr|84\/100 brn|[from] item: Rocky Helmet|[of] p2b: Farigiraf\n|\n|-weather|SunnyDay|[upkeep]\n|-damage|p2a: Charizard|76\/100 par|[from] ability: Solar Power|[of] p2a: Charizard\n|-heal|p1a: Togekiss|25\/100|[from] item: Leftovers\n|-damage|p1b: Conkeldurr|78\/100 brn|[from] brn\n|upkeep\n|turn|7\n|\n|t:|1696931431\n|move|p1a: Togekiss|Wish|p1a: Togekiss\n|move|p2a: Charizard|Heat Wave|p1a: Togekiss|[spread] p1a,p1b\n|-damage|p1a: Togekiss|0 fnt\n|-damage|p1b: Conkeldurr|0 fnt\n|faint|p1a: Togekiss\n|faint|p1b: Conkeldurr\n|move|p2b: Farigiraf|Trick Room|p2b: Farigiraf\n|-fieldstart|move: Trick Room|[of] p2b: Farigiraf\n|\n|-weather|none\n|upkeep\n|\n|t:|1696931436\n|switch|p1a: Scizor|Scizor, M|100\/100\n|turn|8\n|\n|t:|1696931442\n|detailschange|p1a: Scizor|Scizor-Mega, M\n|-mega|p1a: Scizor|Scizor|Scizorite\n|move|p2b: Farigiraf|Ally Switch|p2b: Farigiraf\n|swap|p2b: Farigiraf|0|[from] move: Ally Switch\n|move|p2b: Charizard|Blast Burn|p1a: Scizor\n|-supereffective|p1a: Scizor\n|-damage|p1a: Scizor|0 fnt\n|-mustrecharge|p2b: Charizard\n|faint|p1a: Scizor\n|\n|win|lemonjohn\n|raw|123 the 7's rating: 1285 &rarr; <strong>1263<\/strong><br \/>(-22 for losing)\n|raw|lemonjohn's rating: 1323 &rarr; <strong>1341<\/strong><br \/>(+18 for winning)\n","uploadtime":1696931451,"views":18,"p1id":"123the7","p2id":"lemonjohn","formatid":"gen9nationaldexdoubles","rating":1263,"private":0,"password":""}