{"id":"gen9nationaldexdoubles-1954367865","p1":"LowksterP","p2":"thb idk","format":"[Gen 9] National Dex Doubles","log":"|j|\u2606LowksterP\n|j|\u2606thb idk\n|t:|1695885958\n|gametype|doubles\n|player|p1|LowksterP|striker|1024\n|player|p2|thb idk|101|1000\n|teamsize|p1|6\n|teamsize|p2|6\n|gen|9\n|tier|[Gen 9] National Dex Doubles\n|rated|\n|rule|HP Percentage Mod: HP is shown in percentages\n|rule|Endless Battle Clause: Forcing endless battles is banned\n|rule|OHKO Clause: OHKO moves are banned\n|rule|Evasion Moves Clause: Evasion moves are banned\n|rule|Evasion Abilities Clause: Evasion abilities are banned\n|rule|Species Clause: Limit one of each Pok\u00e9mon\n|rule|Gravity Sleep Clause: The combination of sleep-inducing moves with imperfect accuracy and Gravity or Gigantamax Orbeetle are banned\n|clearpoke\n|poke|p1|Tentacruel, M|\n|poke|p1|Celebi|\n|poke|p1|Articuno|\n|poke|p1|Umbreon, M|\n|poke|p1|Miltank, F|\n|poke|p1|Marowak-Alola, M|\n|poke|p2|Slaking, F|\n|poke|p2|Dusknoir, M|\n|poke|p2|Gardevoir, F|\n|poke|p2|Cofagrigus, M|\n|poke|p2|Dragonite, F|\n|poke|p2|Clefable, F|\n|teampreview\n|\n|t:|1695885968\n|start\n|switch|p1a: Articuno|Articuno, shiny|100\/100\n|switch|p1b: Celebi|Celebi, shiny|100\/100\n|switch|p2a: Slaking|Slaking, F|100\/100\n|switch|p2b: Gardevoir|Gardevoir, F|100\/100\n|-ability|p1a: Articuno|Pressure\n|turn|1\n|\n|t:|1695885990\n|switch|p1a: Miltank|Miltank, F, shiny|100\/100\n|move|p1b: Celebi|Charge Beam|p2a: Slaking\n|-damage|p2a: Slaking|93\/100\n|-boost|p1b: Celebi|spa|1\n|move|p2b: Gardevoir|Skill Swap|p2a: Slaking\n|-activate|p2b: Gardevoir|move: Skill Swap|||[of] p2a: Slaking\n|move|p2a: Slaking|Giga Impact|p1a: Miltank\n|-damage|p1a: Miltank|11\/100\n|-mustrecharge|p2a: Slaking\n|\n|-heal|p1a: Miltank|17\/100|[from] item: Leftovers\n|upkeep\n|turn|2\n|\n|t:|1695886024\n|move|p1b: Celebi|Pollen Puff|p1a: Miltank\n|-heal|p1a: Miltank|67\/100\n|cant|p2b: Gardevoir|ability: Truant\n|cant|p2a: Slaking|recharge\n|move|p1a: Miltank|Thunder Wave|p2a: Slaking\n|-status|p2a: Slaking|par\n|\n|-heal|p1a: Miltank|73\/100|[from] item: Leftovers\n|upkeep\n|turn|3\n|\n|t:|1695886058\n|move|p1b: Celebi|Leech Seed|p2a: Slaking\n|-start|p2a: Slaking|move: Leech Seed\n|move|p2b: Gardevoir|Skill Swap|p1b: Celebi\n|-activate|p2b: Gardevoir|move: Skill Swap|Natural Cure|Truant|[of] p1b: Celebi\n|move|p1a: Miltank|Thunder Wave|p2b: Gardevoir\n|-status|p2b: Gardevoir|par\n|move|p2a: Slaking|Drain Punch|p1a: Miltank\n|-supereffective|p1a: Miltank\n|-damage|p1a: Miltank|17\/100\n|-heal|p2a: Slaking|100\/100 par|[from] drain|[of] p1a: Miltank\n|\n|-heal|p1a: Miltank|23\/100|[from] item: Leftovers\n|-damage|p2a: Slaking|88\/100 par|[from] Leech Seed|[of] p1b: Celebi\n|upkeep\n|turn|4\n|\n|t:|1695886086\n|cant|p1b: Celebi|ability: Truant\n|move|p1a: Miltank|Power-Up Punch|p2a: Slaking\n|-supereffective|p2a: Slaking\n|-damage|p2a: Slaking|74\/100 par\n|-boost|p1a: Miltank|atk|1\n|cant|p2b: Gardevoir|par\n|move|p2a: Slaking|Knock Off|p1a: Miltank\n|-damage|p1a: Miltank|0 fnt\n|-enditem|p1a: Miltank|Leftovers|[from] move: Knock Off|[of] p2a: Slaking\n|faint|p1a: Miltank\n|\n|-damage|p2a: Slaking|62\/100 par|[from] Leech Seed|[of] p1b: Celebi\n|upkeep\n|\n|t:|1695886100\n|switch|p1a: Articuno|Articuno, shiny|100\/100\n|-ability|p1a: Articuno|Pressure\n|turn|5\n|\n|t:|1695886114\n|move|p1b: Celebi|Leech Seed|p2b: Gardevoir\n|-start|p2b: Gardevoir|move: Leech Seed\n|move|p1a: Articuno|Snowscape|p1a: Articuno\n|-weather|Snow\n|cant|p2b: Gardevoir|par\n|cant|p2a: Slaking|par\n|\n|-weather|Snow|[upkeep]\n|-damage|p2b: Gardevoir|88\/100 par|[from] Leech Seed|[of] p1b: Celebi\n|-damage|p2a: Slaking|49\/100 par|[from] Leech Seed|[of] p1b: Celebi\n|upkeep\n|turn|6\n|\n|t:|1695886140\n|switch|p1b: Tentacruel|Tentacruel, M, shiny|100\/100\n|move|p1a: Articuno|Aurora Veil|p1a: Articuno\n|-sidestart|p1: LowksterP|move: Aurora Veil\n|move|p2b: Gardevoir|Skill Swap|p2a: Slaking\n|-activate|p2b: Gardevoir|move: Skill Swap|||[of] p2a: Slaking\n|cant|p2a: Slaking|par\n|\n|-weather|Snow|[upkeep]\n|-damage|p2b: Gardevoir|76\/100 par|[from] Leech Seed|[of] p1b: Tentacruel\n|-damage|p2a: Slaking|37\/100 par|[from] Leech Seed|[of] p1b: Tentacruel\n|upkeep\n|turn|7\n|\n|t:|1695886183\n|-curestatus|p2a: Slaking|par|[from] ability: Natural Cure\n|switch|p2a: Cofagrigus|Cofagrigus, M|100\/100\n|move|p1a: Articuno|Blizzard|p2b: Gardevoir|[spread] p2a,p2b\n|-damage|p2a: Cofagrigus|76\/100\n|-damage|p2b: Gardevoir|38\/100 par\n|move|p1b: Tentacruel|Acupressure|p1a: Articuno\n|-boost|p1a: Articuno|spe|2\n|cant|p2b: Gardevoir|par\n|\n|-weather|Snow|[upkeep]\n|-heal|p2a: Cofagrigus|82\/100|[from] item: Leftovers\n|-damage|p2b: Gardevoir|25\/100 par|[from] Leech Seed|[of] p1b: Tentacruel\n|upkeep\n|turn|8\n|\n|t:|1695886231\n|move|p1a: Articuno|Air Slash|p2a: Cofagrigus|[miss]\n|-miss|p1a: Articuno|p2a: Cofagrigus\n|move|p1b: Tentacruel|Knock Off|p2a: Cofagrigus\n|-supereffective|p2a: Cofagrigus\n|-damage|p2a: Cofagrigus|56\/100\n|-activate|p2a: Cofagrigus|ability: Mummy|Clear Body|[of] p1b: Tentacruel\n|-enditem|p2a: Cofagrigus|Leftovers|[from] move: Knock Off|[of] p1b: Tentacruel\n|move|p2b: Gardevoir|Psychic|p1b: Tentacruel\n|-supereffective|p1b: Tentacruel\n|-damage|p1b: Tentacruel|39\/100\n|-unboost|p1b: Tentacruel|spd|1\n|move|p2a: Cofagrigus|Trick Room|p2a: Cofagrigus\n|-fieldstart|move: Trick Room|[of] p2a: Cofagrigus\n|\n|-weather|Snow|[upkeep]\n|-damage|p2b: Gardevoir|13\/100 par|[from] Leech Seed|[of] p1b: Tentacruel\n|-heal|p1b: Tentacruel|50\/100|[silent]\n|upkeep\n|turn|9\n|\n|t:|1695886264\n|switch|p2a: Slaking|Slaking, F|37\/100\n|switch|p1b: Umbreon|Umbreon, M, shiny|100\/100\n|move|p2b: Gardevoir|Skill Swap|p2a: Slaking\n|-activate|p2b: Gardevoir|move: Skill Swap|||[of] p2a: Slaking\n|move|p1a: Articuno|Blizzard|p2a: Slaking|[spread] p2a,p2b\n|-damage|p2a: Slaking|16\/100\n|-damage|p2b: Gardevoir|0 fnt\n|faint|p2b: Gardevoir\n|\n|-weather|none\n|upkeep\n|\n|t:|1695886289\n|switch|p2b: Cofagrigus|Cofagrigus, M|56\/100\n|turn|10\n|\n|t:|1695886305\n|move|p2b: Cofagrigus|Destiny Bond|p2b: Cofagrigus\n|-singlemove|p2b: Cofagrigus|Destiny Bond\n|move|p1b: Umbreon|Work Up|p1b: Umbreon\n|-boost|p1b: Umbreon|atk|1\n|-boost|p1b: Umbreon|spa|1\n|move|p2a: Slaking|Drain Punch|p1b: Umbreon\n|-supereffective|p1b: Umbreon\n|-damage|p1b: Umbreon|60\/100\n|-heal|p2a: Slaking|31\/100|[from] drain|[of] p1b: Umbreon\n|move|p1a: Articuno|Snowscape|p1a: Articuno\n|-weather|Snow\n|\n|-weather|Snow|[upkeep]\n|-heal|p1b: Umbreon|66\/100|[from] item: Leftovers\n|upkeep\n|turn|11\n|\n|t:|1695886357\n|move|p2b: Cofagrigus|Destiny Bond||[still]\n|-fail|p2b: Cofagrigus\n|move|p1b: Umbreon|Work Up|p1b: Umbreon\n|-boost|p1b: Umbreon|atk|1\n|-boost|p1b: Umbreon|spa|1\n|move|p2a: Slaking|Knock Off|p1b: Umbreon\n|-resisted|p1b: Umbreon\n|-damage|p1b: Umbreon|54\/100\n|-enditem|p1b: Umbreon|Leftovers|[from] move: Knock Off|[of] p2a: Slaking\n|move|p1a: Articuno|Blizzard|p2b: Cofagrigus|[spread] p2a,p2b\n|-damage|p2a: Slaking|11\/100\n|-damage|p2b: Cofagrigus|31\/100\n|\n|-weather|Snow|[upkeep]\n|upkeep\n|turn|12\n|\n|t:|1695886393\n|move|p1b: Umbreon|Quick Attack|p2a: Slaking\n|-damage|p2a: Slaking|0 fnt\n|faint|p2a: Slaking\n|move|p2b: Cofagrigus|Toxic Spikes|p1a: Articuno\n|-sidestart|p1: LowksterP|move: Toxic Spikes\n|move|p1a: Articuno|Snowscape||[still]\n|-fail|p1a: Articuno\n|\n|-weather|Snow|[upkeep]\n|-fieldend|move: Trick Room\n|upkeep\n|\n|t:|1695886407\n|switch|p2a: Clefable|Clefable, F|100\/100\n|turn|13\n|\n|t:|1695886427\n|move|p1a: Articuno|Blizzard|p2a: Clefable|[spread] p2a,p2b\n|-damage|p2a: Clefable|74\/100\n|-damage|p2b: Cofagrigus|7\/100\n|move|p1b: Umbreon|Work Up|p1b: Umbreon\n|-boost|p1b: Umbreon|atk|1\n|-boost|p1b: Umbreon|spa|1\n|move|p2a: Clefable|Substitute|p2a: Clefable\n|-start|p2a: Clefable|Substitute\n|-damage|p2a: Clefable|49\/100\n|move|p2b: Cofagrigus|Trick Room|p2b: Cofagrigus\n|-fieldstart|move: Trick Room|[of] p2b: Cofagrigus\n|\n|-weather|Snow|[upkeep]\n|-heal|p2a: Clefable|55\/100|[from] item: Leftovers\n|-sideend|p1: LowksterP|move: Aurora Veil\n|upkeep\n|turn|14\n|\n|t:|1695886455\n|move|p2b: Cofagrigus|Destiny Bond|p2b: Cofagrigus\n|-singlemove|p2b: Cofagrigus|Destiny Bond\n|move|p2a: Clefable|Calm Mind|p2a: Clefable\n|-boost|p2a: Clefable|spa|1\n|-boost|p2a: Clefable|spd|1\n|move|p1b: Umbreon|Stored Power|p2b: Cofagrigus\n|-damage|p2b: Cofagrigus|0 fnt\n|faint|p2b: Cofagrigus\n|-activate|p2b: Cofagrigus|move: Destiny Bond\n|faint|p1b: Umbreon\n|move|p1a: Articuno|Aurora Veil|p1a: Articuno\n|-sidestart|p1: LowksterP|move: Aurora Veil\n|\n|-weather|none\n|-heal|p2a: Clefable|61\/100|[from] item: Leftovers\n|upkeep\n|\n|t:|1695886469\n|switch|p2b: Dusknoir|Dusknoir, M|100\/100\n|switch|p1b: Tentacruel|Tentacruel, M, shiny|50\/100\n|-ability|p2b: Dusknoir|Pressure\n|-sideend|p1: LowksterP|move: Toxic Spikes|[of] p1b: Tentacruel\n|turn|15\n|\n|t:|1695886490\n|move|p2b: Dusknoir|Substitute|p2b: Dusknoir\n|-start|p2b: Dusknoir|Substitute\n|-damage|p2b: Dusknoir|76\/100\n|move|p2a: Clefable|Calm Mind|p2a: Clefable\n|-boost|p2a: Clefable|spa|1\n|-boost|p2a: Clefable|spd|1\n|move|p1b: Tentacruel|Knock Off|p2b: Dusknoir\n|-supereffective|p2b: Dusknoir\n|-end|p2b: Dusknoir|Substitute\n|move|p1a: Articuno|Snowscape|p1a: Articuno\n|-weather|Snow\n|\n|-weather|Snow|[upkeep]\n|-heal|p2a: Clefable|67\/100|[from] item: Leftovers\n|upkeep\n|turn|16\n|\n|t:|1695886507\n|move|p2b: Dusknoir|Shadow Sneak|p1a: Articuno\n|-damage|p1a: Articuno|94\/100\n|move|p2a: Clefable|Soft-Boiled|p2a: Clefable\n|-heal|p2a: Clefable|100\/100\n|move|p1b: Tentacruel|Knock Off|p2b: Dusknoir\n|-supereffective|p2b: Dusknoir\n|-damage|p2b: Dusknoir|49\/100\n|-enditem|p2b: Dusknoir|Focus Sash|[from] move: Knock Off|[of] p1b: Tentacruel\n|move|p1a: Articuno|Blizzard|p2a: Clefable|[spread] p2a,p2b\n|-activate|p2a: Clefable|move: Substitute|[damage]\n|-damage|p2b: Dusknoir|24\/100\n|-status|p2b: Dusknoir|frz\n|\n|-weather|Snow|[upkeep]\n|upkeep\n|turn|17\n|\n|t:|1695886529\n|cant|p2b: Dusknoir|frz\n|move|p2a: Clefable|Calm Mind|p2a: Clefable\n|-boost|p2a: Clefable|spa|1\n|-boost|p2a: Clefable|spd|1\n|move|p1b: Tentacruel|Acupressure|p1a: Articuno\n|-boost|p1a: Articuno|spa|2\n|move|p1a: Articuno|Air Slash|p2a: Clefable\n|-activate|p2a: Clefable|move: Substitute|[damage]\n|\n|-weather|Snow|[upkeep]\n|-fieldend|move: Trick Room\n|upkeep\n|turn|18\n|l|\u2606LowksterP\n|player|p1|\n|j|\u2606LowksterP\n|player|p1|LowksterP|striker\n|inactive|Battle timer is ON: inactive players will automatically lose when time's up. (requested by thb idk)\n|\n|t:|1695886651\n|move|p1a: Articuno|Air Slash|p2a: Clefable\n|-end|p2a: Clefable|Substitute\n|move|p1b: Tentacruel|Knock Off|p2a: Clefable\n|-resisted|p2a: Clefable\n|-damage|p2a: Clefable|94\/100\n|-enditem|p2a: Clefable|Leftovers|[from] move: Knock Off|[of] p1b: Tentacruel\n|move|p2a: Clefable|Calm Mind|p2a: Clefable\n|-boost|p2a: Clefable|spa|1\n|-boost|p2a: Clefable|spd|1\n|cant|p2b: Dusknoir|frz\n|\n|-weather|Snow|[upkeep]\n|upkeep\n|turn|19\n|\n|t:|1695886677\n|move|p1a: Articuno|Air Slash|p2a: Clefable\n|-damage|p2a: Clefable|86\/100\n|move|p1b: Tentacruel|Acupressure|p1b: Tentacruel\n|-boost|p1b: Tentacruel|spa|2\n|move|p2a: Clefable|Substitute|p2a: Clefable\n|-start|p2a: Clefable|Substitute\n|-damage|p2a: Clefable|61\/100\n|cant|p2b: Dusknoir|frz\n|\n|-weather|none\n|upkeep\n|turn|20\n|\n|t:|1695886701\n|cant|p2b: Dusknoir|frz\n|move|p1a: Articuno|Air Slash|p2a: Clefable\n|-activate|p2a: Clefable|move: Substitute|[damage]\n|move|p1b: Tentacruel|Giga Drain|p2a: Clefable\n|-activate|p2a: Clefable|move: Substitute|[damage]\n|-heal|p1b: Tentacruel|54\/100|[from] drain|[of] p2a: Clefable\n|move|p2a: Clefable|Stored Power|p1b: Tentacruel\n|-supereffective|p1b: Tentacruel\n|-damage|p1b: Tentacruel|0 fnt\n|faint|p1b: Tentacruel\n|\n|upkeep\n|\n|t:|1695886714\n|switch|p1b: Celebi|Celebi, shiny|100\/100\n|turn|21\n|\n|t:|1695886742\n|move|p1a: Articuno|Snowscape|p1a: Articuno\n|-weather|Snow\n|move|p1b: Celebi|Charge Beam|p2a: Clefable\n|-crit|p2a: Clefable\n|-end|p2a: Clefable|Substitute\n|-boost|p1b: Celebi|spa|1\n|move|p2a: Clefable|Stored Power|p1b: Celebi\n|-resisted|p1b: Celebi\n|-damage|p1b: Celebi|65\/100\n|cant|p2b: Dusknoir|frz\n|\n|-weather|Snow|[upkeep]\n|-heal|p1b: Celebi|71\/100|[from] item: Leftovers\n|-sideend|p1: LowksterP|move: Aurora Veil\n|upkeep\n|turn|22\n|inactive|LowksterP has 120 seconds left.\n|inactive|LowksterP has 90 seconds left.\n|\n|t:|1695886810\n|move|p1a: Articuno|Aurora Veil|p1a: Articuno\n|-sidestart|p1: LowksterP|move: Aurora Veil\n|move|p1b: Celebi|Leech Seed|p2a: Clefable\n|-start|p2a: Clefable|move: Leech Seed\n|move|p2a: Clefable|Stored Power|p1a: Articuno\n|-damage|p1a: Articuno|28\/100\n|cant|p2b: Dusknoir|frz\n|\n|-weather|Snow|[upkeep]\n|-heal|p1b: Celebi|77\/100|[from] item: Leftovers\n|-damage|p2a: Clefable|48\/100|[from] Leech Seed|[of] p1b: Celebi\n|-heal|p1b: Celebi|91\/100|[silent]\n|upkeep\n|turn|23\n|inactive|LowksterP has 90 seconds left.\n|\n|t:|1695886830\n|-curestatus|p2b: Dusknoir|frz|[msg]\n|move|p2b: Dusknoir|Shadow Sneak|p1a: Articuno\n|-damage|p1a: Articuno|21\/100\n|move|p1a: Articuno|Air Slash|p2a: Clefable\n|-damage|p2a: Clefable|40\/100\n|move|p1b: Celebi|Pollen Puff|p1a: Articuno\n|-heal|p1a: Articuno|71\/100\n|cant|p2a: Clefable|flinch\n|\n|-weather|Snow|[upkeep]\n|-heal|p1b: Celebi|97\/100|[from] item: Leftovers\n|-damage|p2a: Clefable|28\/100|[from] Leech Seed|[of] p1b: Celebi\n|-heal|p1b: Celebi|100\/100|[silent]\n|upkeep\n|turn|24\n|inactive|LowksterP has 90 seconds left.\n|inactive|thb idk has 120 seconds left.\n|\n|t:|1695886862\n|move|p1a: Articuno|Air Slash|p2b: Dusknoir\n|-damage|p2b: Dusknoir|0 fnt\n|faint|p2b: Dusknoir\n|move|p1b: Celebi|Charge Beam|p2a: Clefable\n|-damage|p2a: Clefable|24\/100\n|move|p2a: Clefable|Soft-Boiled|p2a: Clefable\n|-heal|p2a: Clefable|74\/100\n|\n|-weather|Snow|[upkeep]\n|-damage|p2a: Clefable|61\/100|[from] Leech Seed|[of] p1b: Celebi\n|upkeep\n|inactive|thb idk has 120 seconds left.\n|\n|t:|1695886877\n|switch|p2b: Dragonite|Dragonite, F|100\/100\n|turn|25\n|inactive|thb idk has 120 seconds left.\n|inactive|LowksterP has 90 seconds left.\n|\n|t:|1695886909\n|move|p1a: Articuno|Blizzard|p2b: Dragonite|[spread] p2a,p2b\n|-supereffective|p2b: Dragonite\n|-damage|p2a: Clefable|52\/100\n|-damage|p2b: Dragonite|0 fnt\n|faint|p2b: Dragonite\n|move|p1b: Celebi|Ancient Power|p2a: Clefable\n|-damage|p2a: Clefable|47\/100\n|move|p2a: Clefable|Calm Mind|p2a: Clefable\n|-boost|p2a: Clefable|spa|1\n|-boost|p2a: Clefable|spd|1\n|\n|-weather|none\n|-damage|p2a: Clefable|34\/100|[from] Leech Seed|[of] p1b: Celebi\n|upkeep\n|turn|26\n|inactive|LowksterP has 90 seconds left.\n|\n|t:|1695886937\n|move|p1a: Articuno|Air Slash|p2a: Clefable\n|-damage|p2a: Clefable|27\/100\n|move|p1b: Celebi|Charge Beam|p2a: Clefable\n|-damage|p2a: Clefable|24\/100\n|-boost|p1b: Celebi|spa|1\n|move|p2a: Clefable|Stored Power|p1a: Articuno\n|-damage|p1a: Articuno|0 fnt\n|faint|p1a: Articuno\n|\n|-damage|p2a: Clefable|11\/100|[from] Leech Seed|[of] p1b: Celebi\n|upkeep\n|inactive|LowksterP has 90 seconds left.\n|\n|t:|1695886950\n|switch|p1a: Marowak|Marowak-Alola, M, shiny|100\/100\n|turn|27\n|\n|t:|1695886961\n|move|p1b: Celebi|Ancient Power|p2a: Clefable\n|-damage|p2a: Clefable|7\/100\n|move|p2a: Clefable|Soft-Boiled|p2a: Clefable\n|-heal|p2a: Clefable|57\/100\n|move|p1a: Marowak|Flame Charge|p2a: Clefable\n|-damage|p2a: Clefable|24\/100\n|-boost|p1a: Marowak|spe|1\n|\n|-damage|p2a: Clefable|11\/100|[from] Leech Seed|[of] p1b: Celebi\n|upkeep\n|turn|28\n|inactive|LowksterP has 120 seconds left.\n|\n|t:|1695886978\n|move|p1b: Celebi|Ancient Power|p2a: Clefable\n|-damage|p2a: Clefable|8\/100\n|move|p1a: Marowak|Flame Charge|p2a: Clefable\n|-damage|p2a: Clefable|0 fnt\n|-boost|p1a: Marowak|spe|1\n|faint|p2a: Clefable\n|\n|win|LowksterP\n|raw|LowksterP's rating: 1024 &rarr; <strong>1058<\/strong><br \/>(+34 for winning)\n|raw|thb idk's rating: 1000 &rarr; <strong>1000<\/strong><br \/>(+0 for losing)\n","uploadtime":1695886994,"views":9,"p1id":"lowksterp","p2id":"thbidk","formatid":"gen9nationaldexdoubles","rating":1000,"private":0,"password":""}