{"id":"gen9nationaldexdoubles-1960536512","p1":"fumbari 24","p2":"kylermons2","format":"[Gen 9] National Dex Doubles","log":"|j|\u2606fumbari 24\n|j|\u2606kylermons2\n|t:|1696532825\n|gametype|doubles\n|player|p1|fumbari 24|1|1348\n|player|p2|kylermons2|n|1255\n|teamsize|p1|6\n|teamsize|p2|6\n|gen|9\n|tier|[Gen 9] National Dex Doubles\n|rated|\n|rule|HP Percentage Mod: HP is shown in percentages\n|rule|Endless Battle Clause: Forcing endless battles is banned\n|rule|OHKO Clause: OHKO moves are banned\n|rule|Evasion Moves Clause: Evasion moves are banned\n|rule|Evasion Abilities Clause: Evasion abilities are banned\n|rule|Species Clause: Limit one of each Pok\u00e9mon\n|rule|Gravity Sleep Clause: The combination of sleep-inducing moves with imperfect accuracy and Gravity or Gigantamax Orbeetle are banned\n|clearpoke\n|poke|p1|Sableye, M|\n|poke|p1|Charizard, M|\n|poke|p1|Hydreigon, M|\n|poke|p1|Aegislash, M|\n|poke|p1|Granbull, F|\n|poke|p1|Dragapult, M|\n|poke|p2|Lilligant, F|\n|poke|p2|Spectrier|\n|poke|p2|Charizard, F|\n|poke|p2|Ogerpon-Hearthflame, F|\n|poke|p2|Chi-Yu|\n|poke|p2|Rillaboom, M|\n|teampreview\n|\n|t:|1696532859\n|start\n|switch|p1a: Kermit|Hydreigon, M|100\/100\n|switch|p1b: Aegislash|Aegislash, M|100\/100\n|switch|p2a: goth horse|Spectrier|100\/100\n|switch|p2b: Chi-Yu|Chi-Yu|100\/100\n|-ability|p2b: Chi-Yu|Beads of Ruin\n|turn|1\n|\n|t:|1696532873\n|-terastallize|p2a: goth horse|Fairy\n|move|p1b: Aegislash|Wide Guard|p1b: Aegislash\n|-singleturn|p1b: Aegislash|Wide Guard\n|move|p2b: Chi-Yu|Heat Wave|p1a: Kermit|[spread] \n|-activate|p1a: Kermit|move: Wide Guard\n|-activate|p1b: Aegislash|move: Wide Guard\n|move|p2a: goth horse|Tera Blast|p1a: Kermit|[anim] Tera Blast Fairy\n|-supereffective|p1a: Kermit\n|-damage|p1a: Kermit|0 fnt\n|faint|p1a: Kermit\n|-ability|p2a: goth horse|Grim Neigh|boost\n|-boost|p2a: goth horse|spa|1\n|\n|upkeep\n|\n|t:|1696532894\n|switch|p1a: Charizard|Charizard, M|100\/100\n|turn|2\n|\n|t:|1696532903\n|-terastallize|p1a: Charizard|Fire\n|move|p1b: Aegislash|Wide Guard|p1b: Aegislash\n|-singleturn|p1b: Aegislash|Wide Guard\n|move|p2b: Chi-Yu|Heat Wave|p1a: Charizard|[spread] \n|-activate|p1a: Charizard|move: Wide Guard\n|-activate|p1b: Aegislash|move: Wide Guard\n|move|p1a: Charizard|Overheat|p2a: goth horse\n|-damage|p2a: goth horse|0 fnt\n|-unboost|p1a: Charizard|spa|2\n|faint|p2a: goth horse\n|\n|upkeep\n|inactive|Battle timer is ON: inactive players will automatically lose when time's up. (requested by fumbari 24)\n|\n|t:|1696532918\n|switch|p2a: Rillaboom|Rillaboom, M|100\/100\n|-fieldstart|move: Grassy Terrain|[from] ability: Grassy Surge|[of] p2a: Rillaboom\n|turn|3\n|\n|t:|1696532924\n|switch|p1a: Iggy|Granbull, F|100\/100\n|-ability|p1a: Iggy|Intimidate|boost\n|-unboost|p2a: Rillaboom|atk|1\n|-unboost|p2b: Chi-Yu|atk|1\n|switch|p2b: Charizard|Charizard, F|100\/100\n|move|p2a: Rillaboom|Fake Out|p1a: Iggy\n|-damage|p1a: Iggy|87\/100\n|-damage|p2a: Rillaboom|91\/100|[from] item: Life Orb\n|move|p1b: Aegislash|Wide Guard||[still]\n|-fail|p1b: Aegislash\n|\n|-heal|p2a: Rillaboom|97\/100|[from] Grassy Terrain\n|-heal|p1a: Iggy|94\/100|[from] Grassy Terrain\n|upkeep\n|turn|4\n|\n|t:|1696532947\n|detailschange|p2b: Charizard|Charizard-Mega-Y, F\n|-mega|p2b: Charizard|Charizard|Charizardite Y\n|-weather|SunnyDay|[from] ability: Drought|[of] p2b: Charizard\n|move|p1b: Aegislash|King's Shield|p1b: Aegislash\n|-singleturn|p1b: Aegislash|Protect\n|move|p2b: Charizard|Heat Wave|p1a: Iggy|[spread] p1a\n|-activate|p1b: Aegislash|move: Protect\n|-damage|p1a: Iggy|18\/100\n|move|p2a: Rillaboom|Knock Off|p1b: Aegislash\n|-activate|p1b: Aegislash|move: Protect\n|-unboost|p2a: Rillaboom|atk|1\n|move|p1a: Iggy|Snarl|p2a: Rillaboom|[spread] p2a,p2b\n|-damage|p2a: Rillaboom|89\/100\n|-damage|p2b: Charizard|94\/100\n|-unboost|p2a: Rillaboom|spa|1\n|-unboost|p2b: Charizard|spa|1\n|\n|-weather|SunnyDay|[upkeep]\n|-heal|p2a: Rillaboom|95\/100|[from] Grassy Terrain\n|-heal|p1a: Iggy|24\/100|[from] Grassy Terrain\n|upkeep\n|turn|5\n|\n|t:|1696532966\n|move|p1b: Aegislash|Wide Guard|p1b: Aegislash\n|-singleturn|p1b: Aegislash|Wide Guard\n|move|p2b: Charizard|Weather Ball|p1a: Iggy\n|-damage|p1a: Iggy|0 fnt\n|faint|p1a: Iggy\n|move|p2a: Rillaboom|Knock Off|p1b: Aegislash\n|-supereffective|p1b: Aegislash\n|-damage|p1b: Aegislash|81\/100\n|-damage|p2a: Rillaboom|85\/100|[from] item: Life Orb\n|\n|-weather|SunnyDay|[upkeep]\n|-heal|p2a: Rillaboom|91\/100|[from] Grassy Terrain\n|-heal|p1b: Aegislash|88\/100|[from] Grassy Terrain\n|upkeep\n|\n|t:|1696532972\n|switch|p1a: Charizard|Charizard, M, tera:Fire|100\/100\n|turn|6\n|\n|t:|1696532984\n|switch|p2b: Lilligant|Lilligant, F|100\/100\n|switch|p2a: Chi-Yu|Chi-Yu|100\/100\n|-ability|p2a: Chi-Yu|Beads of Ruin\n|move|p1a: Charizard|Overheat|p2b: Lilligant\n|-supereffective|p2b: Lilligant\n|-crit|p2b: Lilligant\n|-damage|p2b: Lilligant|0 fnt\n|-unboost|p1a: Charizard|spa|2\n|faint|p2b: Lilligant\n|-zpower|p1b: Aegislash\n|-formechange|p1b: Aegislash|Aegislash-Blade||[from] ability: Stance Change\n|move|p1b: Aegislash|Never-Ending Nightmare|p2a: Chi-Yu|[zeffect]\n|-resisted|p2a: Chi-Yu\n|-damage|p2a: Chi-Yu|58\/100\n|\n|-weather|SunnyDay|[upkeep]\n|-damage|p1a: Charizard|88\/100|[from] ability: Solar Power|[of] p1a: Charizard\n|-heal|p1a: Charizard|94\/100|[from] Grassy Terrain\n|-heal|p2a: Chi-Yu|64\/100|[from] Grassy Terrain\n|-heal|p1b: Aegislash|94\/100|[from] Grassy Terrain\n|upkeep\n|\n|t:|1696532998\n|switch|p2b: Rillaboom|Rillaboom, M|91\/100\n|turn|7\n|\n|t:|1696533008\n|switch|p1a: Yami|Sableye, M|100\/100\n|-formechange|p1b: Aegislash|Aegislash||[from] ability: Stance Change\n|move|p1b: Aegislash|King's Shield|p1b: Aegislash\n|-singleturn|p1b: Aegislash|Protect\n|move|p2b: Rillaboom|Fake Out|p1a: Yami\n|-immune|p1a: Yami\n|move|p2a: Chi-Yu|Dark Pulse|p1b: Aegislash\n|-activate|p1b: Aegislash|move: Protect\n|\n|-weather|SunnyDay|[upkeep]\n|-heal|p2a: Chi-Yu|70\/100|[from] Grassy Terrain\n|-heal|p2b: Rillaboom|97\/100|[from] Grassy Terrain\n|-heal|p1b: Aegislash|99\/100|[from] Grassy Terrain\n|-fieldend|move: Grassy Terrain\n|upkeep\n|turn|8\n|\n|t:|1696533026\n|switch|p2b: Ogerpon|Ogerpon-Hearthflame, F|100\/100\n|-ability|p2b: Ogerpon|Mold Breaker\n|move|p1a: Yami|Fake Out|p2a: Chi-Yu\n|-damage|p2a: Chi-Yu|58\/100\n|cant|p2a: Chi-Yu|flinch\n|-formechange|p1b: Aegislash|Aegislash-Blade||[from] ability: Stance Change\n|move|p1b: Aegislash|Gyro Ball|p2a: Chi-Yu\n|-resisted|p2a: Chi-Yu\n|-damage|p2a: Chi-Yu|20\/100\n|\n|-weather|none\n|upkeep\n|turn|9\n|\n|t:|1696533044\n|-formechange|p1b: Aegislash|Aegislash||[from] ability: Stance Change\n|move|p1b: Aegislash|King's Shield|p1b: Aegislash\n|-singleturn|p1b: Aegislash|Protect\n|move|p2a: Chi-Yu|Dark Pulse|p1b: Aegislash\n|-activate|p1b: Aegislash|move: Protect\n|move|p2b: Ogerpon|Ivy Cudgel|p1a: Yami\n|-damage|p1a: Yami|20\/100\n|move|p1a: Yami|Knock Off|p2a: Chi-Yu\n|-resisted|p2a: Chi-Yu\n|-damage|p2a: Chi-Yu|0 fnt\n|-enditem|p2a: Chi-Yu|Choice Scarf|[from] move: Knock Off|[of] p1a: Yami\n|faint|p2a: Chi-Yu\n|\n|-heal|p1a: Yami|26\/100|[from] item: Leftovers\n|upkeep\n|\n|t:|1696533057\n|switch|p2a: Charizard|Charizard-Mega-Y, F|94\/100\n|-weather|SunnyDay|[from] ability: Drought|[of] p2a: Charizard\n|turn|10\n|\n|t:|1696533070\n|move|p1b: Aegislash|King's Shield|p1b: Aegislash\n|-singleturn|p1b: Aegislash|Protect\n|move|p2b: Ogerpon|Ivy Cudgel|p1a: Yami\n|-damage|p1a: Yami|0 fnt\n|faint|p1a: Yami\n|move|p2a: Charizard|Weather Ball|p1b: Aegislash\n|-activate|p1b: Aegislash|move: Protect\n|\n|-weather|SunnyDay|[upkeep]\n|upkeep\n|\n|t:|1696533077\n|switch|p1a: Charizard|Charizard, M, tera:Fire|94\/100\n|turn|11\n|\n|t:|1696533092\n|switch|p1b: Dragapult|Dragapult, M|100\/100\n|move|p1a: Charizard|Heat Wave|p2b: Ogerpon|[spread] p2a,p2b\n|-resisted|p2a: Charizard\n|-damage|p2a: Charizard|41\/100\n|-damage|p2b: Ogerpon|0 fnt\n|faint|p2b: Ogerpon\n|move|p2a: Charizard|Weather Ball|p1b: Dragapult\n|-resisted|p1b: Dragapult\n|-damage|p1b: Dragapult|44\/100\n|-enditem|p1b: Dragapult|Sitrus Berry|[eat]\n|-heal|p1b: Dragapult|69\/100|[from] item: Sitrus Berry\n|\n|-weather|SunnyDay|[upkeep]\n|-damage|p1a: Charizard|82\/100|[from] ability: Solar Power|[of] p1a: Charizard\n|upkeep\n|\n|t:|1696533099\n|switch|p2b: Rillaboom|Rillaboom, M|97\/100\n|-fieldstart|move: Grassy Terrain|[from] ability: Grassy Surge|[of] p2b: Rillaboom\n|turn|12\n|\n|t:|1696533108\n|move|p2b: Rillaboom|Fake Out|p1a: Charizard\n|-damage|p1a: Charizard|53\/100\n|-damage|p2b: Rillaboom|87\/100|[from] item: Life Orb\n|cant|p1a: Charizard|flinch\n|move|p1b: Dragapult|Light Screen|p1b: Dragapult\n|-sidestart|p1: fumbari 24|move: Light Screen\n|move|p2a: Charizard|Dragon Pulse|p1b: Dragapult\n|-supereffective|p1b: Dragapult\n|-damage|p1b: Dragapult|11\/100\n|\n|-weather|SunnyDay|[upkeep]\n|-damage|p1a: Charizard|41\/100|[from] ability: Solar Power|[of] p1a: Charizard\n|-heal|p1a: Charizard|47\/100|[from] Grassy Terrain\n|-heal|p1b: Dragapult|17\/100|[from] Grassy Terrain\n|-heal|p2b: Rillaboom|93\/100|[from] Grassy Terrain\n|upkeep\n|turn|13\n|\n|t:|1696533130\n|move|p2b: Rillaboom|Grassy Glide|p1b: Dragapult\n|-resisted|p1b: Dragapult\n|-damage|p1b: Dragapult|0 fnt\n|faint|p1b: Dragapult\n|-damage|p2b: Rillaboom|83\/100|[from] item: Life Orb\n|move|p1a: Charizard|Heat Wave|p2b: Rillaboom|[spread] p2a,p2b\n|-resisted|p2a: Charizard\n|-supereffective|p2b: Rillaboom\n|-damage|p2a: Charizard|0 fnt\n|-damage|p2b: Rillaboom|0 fnt\n|faint|p2a: Charizard\n|faint|p2b: Rillaboom\n|\n|win|fumbari 24\n|raw|fumbari 24's rating: 1348 &rarr; <strong>1363<\/strong><br \/>(+15 for winning)\n|raw|kylermons2's rating: 1255 &rarr; <strong>1237<\/strong><br \/>(-18 for losing)\n|l|\u2606kylermons2\n","uploadtime":1696533141,"views":6,"p1id":"fumbari24","p2id":"kylermons2","formatid":"gen9nationaldexdoubles","rating":1237,"private":0,"password":""}