{"id":"gen9nationaldexdoubles-1947508319","p1":"Qapi","p2":"JustADude10","format":"[Gen 9] National Dex Doubles","log":"|j|\u2606Qapi\n|j|\u2606JustADude10\n|t:|1695167529\n|gametype|doubles\n|player|p1|Qapi|clown|\n|player|p2|JustADude10|steven|\n|teamsize|p1|6\n|teamsize|p2|6\n|gen|9\n|tier|[Gen 9] National Dex Doubles\n|rule|HP Percentage Mod: HP is shown in percentages\n|rule|Endless Battle Clause: Forcing endless battles is banned\n|rule|OHKO Clause: OHKO moves are banned\n|rule|Evasion Moves Clause: Evasion moves are banned\n|rule|Evasion Abilities Clause: Evasion abilities are banned\n|rule|Species Clause: Limit one of each Pok\u00e9mon\n|rule|Gravity Sleep Clause: The combination of sleep-inducing moves with imperfect accuracy and Gravity or Gigantamax Orbeetle are banned\n|clearpoke\n|poke|p1|Gyarados, M|\n|poke|p1|Nidoking, M|\n|poke|p1|Kangaskhan, F|\n|poke|p1|Cloyster, F|\n|poke|p1|Venusaur, F|\n|poke|p1|Charizard, F|\n|poke|p2|Electivire, F|\n|poke|p2|Goodra-Hisui, F|\n|poke|p2|Weavile, F|\n|poke|p2|Malamar, M|\n|poke|p2|Cloyster, M|\n|poke|p2|Mawile, M|\n|teampreview\n|c|\u2606JustADude10|it's my plasma team\n|c|\u2606Qapi|lol?\n|c|\u2606Qapi|Rematch?\n|c|\u2606JustADude10|why\n|c|\u2606Qapi|I thought this was for the tournament\n|c|\u2606Qapi|Of region's\n|c|\u2606JustADude10|wait wat\n|c|\u2606Qapi|Ykw, lets just fight\n|\n|t:|1695167631\n|start\n|switch|p1a: Charizard|Charizard, F|100\/100\n|switch|p1b: Venusaur|Venusaur, F|100\/100\n|switch|p2a: Goodra|Goodra-Hisui, F|100\/100\n|switch|p2b: Malamar|Malamar, M|100\/100\n|turn|1\n|\n|t:|1695167646\n|detailschange|p1a: Charizard|Charizard-Mega-Y, F\n|-mega|p1a: Charizard|Charizard|Charizardite Y\n|-weather|SunnyDay|[from] ability: Drought|[of] p1a: Charizard\n|move|p1b: Venusaur|Sleep Powder|p2b: Malamar\n|-status|p2b: Malamar|slp|[from] move: Sleep Powder\n|move|p1a: Charizard|Flamethrower|p2a: Goodra\n|-damage|p2a: Goodra|42\/100\n|cant|p2b: Malamar|slp\n|move|p2a: Goodra|Water Pulse|p1a: Charizard\n|-supereffective|p1a: Charizard\n|-damage|p1a: Charizard|84\/100\n|\n|-weather|SunnyDay|[upkeep]\n|upkeep\n|turn|2\n|\n|t:|1695167684\n|switch|p1b: Gyarados|Gyarados, M|100\/100\n|switch|p2a: Electivire|Electivire, F|100\/100\n|move|p1a: Charizard|Flamethrower|p2a: Electivire\n|-damage|p2a: Electivire|0 fnt\n|faint|p2a: Electivire\n|cant|p2b: Malamar|slp\n|\n|-weather|SunnyDay|[upkeep]\n|upkeep\n|\n|t:|1695167716\n|switch|p2a: Goodra|Goodra-Hisui, F|42\/100\n|turn|3\n|\n|t:|1695167755\n|move|p1a: Charizard|Flamethrower|p2a: Goodra\n|-damage|p2a: Goodra|0 fnt\n|faint|p2a: Goodra\n|move|p1b: Gyarados|Dragon Dance|p1b: Gyarados\n|-boost|p1b: Gyarados|atk|1\n|-boost|p1b: Gyarados|spe|1\n|-curestatus|p2b: Malamar|slp|[msg]\n|move|p2b: Malamar|Liquidation|p1a: Charizard\n|-supereffective|p1a: Charizard\n|-damage|p1a: Charizard|47\/100\n|\n|-weather|SunnyDay|[upkeep]\n|upkeep\n|\n|t:|1695167772\n|switch|p2a: Mawile|Mawile, M|100\/100\n|turn|4\n|\n|t:|1695167791\n|detailschange|p2a: Mawile|Mawile-Mega, M\n|-mega|p2a: Mawile|Mawile|Mawilite\n|move|p1b: Gyarados|Earthquake|p2a: Mawile|[spread] p2a,p2b\n|-immune|p1a: Charizard\n|-supereffective|p2a: Mawile\n|-damage|p2a: Mawile|9\/100\n|-damage|p2b: Malamar|54\/100\n|move|p1a: Charizard|Tailwind|p1a: Charizard\n|-sidestart|p1: Qapi|move: Tailwind\n|move|p2b: Malamar|Liquidation|p1a: Charizard\n|-supereffective|p1a: Charizard\n|-damage|p1a: Charizard|12\/100\n|move|p2a: Mawile|Rock Slide|p1a: Charizard|[spread] p1a,p1b\n|-supereffective|p1a: Charizard\n|-supereffective|p1b: Gyarados\n|-damage|p1a: Charizard|0 fnt\n|-damage|p1b: Gyarados|23\/100\n|faint|p1a: Charizard\n|\n|-weather|SunnyDay|[upkeep]\n|upkeep\n|\n|t:|1695167812\n|switch|p1a: Nidoking|Nidoking, M|100\/100\n|turn|5\n|\n|t:|1695167835\n|move|p1b: Gyarados|Waterfall|p2a: Mawile\n|-damage|p2a: Mawile|0 fnt\n|faint|p2a: Mawile\n|-ability|p1b: Gyarados|Moxie|boost\n|-boost|p1b: Gyarados|atk|1\n|move|p1a: Nidoking|Earth Power|p2b: Malamar\n|-damage|p2b: Malamar|0 fnt\n|faint|p2b: Malamar\n|\n|-weather|none\n|upkeep\n|\n|t:|1695167847\n|switch|p2b: Cloyster|Cloyster, M|100\/100\n|switch|p2a: Weavile|Weavile, F|100\/100\n|-ability|p2a: Weavile|Pressure\n|turn|6\n|\n|t:|1695167864\n|move|p1b: Gyarados|Waterfall|p2a: Weavile\n|-enditem|p2a: Weavile|Focus Sash\n|-damage|p2a: Weavile|1\/100\n|move|p1a: Nidoking|Thunderbolt|p2b: Cloyster\n|-supereffective|p2b: Cloyster\n|-damage|p2b: Cloyster|31\/100\n|move|p2b: Cloyster|Icicle Spear|p1b: Gyarados\n|-damage|p1b: Gyarados|8\/100\n|-damage|p1b: Gyarados|0 fnt\n|faint|p1b: Gyarados\n|-hitcount|p1: Gyarados|2\n|move|p2a: Weavile|Avalanche|p1a: Nidoking\n|-supereffective|p1a: Nidoking\n|-damage|p1a: Nidoking|25\/100\n|\n|upkeep\n|\n|t:|1695167874\n|switch|p1b: Kangaskhan|Kangaskhan, F|100\/100\n|turn|7\n|\n|t:|1695167890\n|move|p1b: Kangaskhan|Fake Out|p2a: Weavile\n|-damage|p2a: Weavile|0 fnt\n|faint|p2a: Weavile\n|move|p1a: Nidoking|Thunderbolt|p2b: Cloyster\n|-supereffective|p2b: Cloyster\n|-damage|p2b: Cloyster|0 fnt\n|faint|p2b: Cloyster\n|\n|win|Qapi\n|c|\u2606JustADude10|gg\n","uploadtime":1695167901,"views":3,"p1id":"qapi","p2id":"justadude10","formatid":"gen9nationaldexdoubles","rating":0,"private":0,"password":""}