{"id":"gen9nationaldexdoubles-1950773331","p1":"qasxcfdcvbjhygtf","p2":"Red_Ice_Games","format":"[Gen 9] National Dex Doubles","log":"|j|\u2606qasxcfdcvbjhygtf\n|j|\u2606Red_Ice_Games\n|t:|1695504526\n|gametype|doubles\n|player|p1|qasxcfdcvbjhygtf|guzma|1181\n|player|p2|Red_Ice_Games|psychic|1118\n|teamsize|p1|6\n|teamsize|p2|6\n|gen|9\n|tier|[Gen 9] National Dex Doubles\n|rated|\n|rule|HP Percentage Mod: HP is shown in percentages\n|rule|Endless Battle Clause: Forcing endless battles is banned\n|rule|OHKO Clause: OHKO moves are banned\n|rule|Evasion Moves Clause: Evasion moves are banned\n|rule|Evasion Abilities Clause: Evasion abilities are banned\n|rule|Species Clause: Limit one of each Pok\u00e9mon\n|rule|Gravity Sleep Clause: The combination of sleep-inducing moves with imperfect accuracy and Gravity or Gigantamax Orbeetle are banned\n|clearpoke\n|poke|p1|Sinistcha|\n|poke|p1|Snorlax, F|\n|poke|p1|Torkoal, F|\n|poke|p1|Ursaluna-Bloodmoon, M|\n|poke|p1|Kingambit, F|\n|poke|p1|Pheromosa|\n|poke|p2|Iron Valiant|\n|poke|p2|Chien-Pao|\n|poke|p2|Weavile, M|\n|poke|p2|Ninjask, F|\n|poke|p2|Absol, M|\n|poke|p2|Iron Thorns|\n|teampreview\n|inactive|Battle timer is ON: inactive players will automatically lose when time's up. (requested by Red_Ice_Games)\n|\n|t:|1695504549\n|start\n|switch|p1a: Yogi Bear|Ursaluna-Bloodmoon, M|100\/100\n|switch|p1b: Mmm Tasty|Sinistcha|100\/100\n|switch|p2a: Ninjask|Ninjask, F|100\/100\n|switch|p2b: Weavile|Weavile, M|100\/100\n|turn|1\n|\n|t:|1695504571\n|switch|p1a: Smoking Kills|Torkoal, F|100\/100\n|-weather|SunnyDay|[from] ability: Drought|[of] p1a: Smoking Kills\n|-terastallize|p1b: Mmm Tasty|Water\n|move|p2b: Weavile|Fake Out|p1a: Smoking Kills\n|-damage|p1a: Smoking Kills|91\/100\n|move|p2a: Ninjask|Substitute|p2a: Ninjask\n|-start|p2a: Ninjask|Substitute\n|-damage|p2a: Ninjask|76\/100\n|move|p1b: Mmm Tasty|Trick Room|p1b: Mmm Tasty\n|-fieldstart|move: Trick Room|[of] p1b: Mmm Tasty\n|\n|-weather|SunnyDay|[upkeep]\n|-ability|p2a: Ninjask|Speed Boost|boost\n|-boost|p2a: Ninjask|spe|1\n|upkeep\n|turn|2\n|\n|t:|1695504597\n|move|p1a: Smoking Kills|Eruption|p2b: Weavile|[spread] p2a,p2b\n|-supereffective|p2a: Ninjask\n|-end|p2a: Ninjask|Substitute\n|-supereffective|p2b: Weavile\n|-enditem|p2b: Weavile|Focus Sash\n|-damage|p2b: Weavile|1\/100\n|move|p1b: Mmm Tasty|Matcha Gotcha|p2a: Ninjask|[spread] p2b\n|-miss|p1b: Mmm Tasty|p2a: Ninjask\n|-damage|p2b: Weavile|0 fnt\n|faint|p2b: Weavile\n|move|p2a: Ninjask|Baton Pass|p2a: Ninjask\n|inactive|Red_Ice_Games has 120 seconds left.\n|\n|t:|1695504614\n|switch|p2a: Iron Thorns|Iron Thorns|100\/100|[from] Baton Pass\n|\n|-weather|SunnyDay|[upkeep]\n|upkeep\n|\n|t:|1695504616\n|switch|p2b: Iron Valiant|Iron Valiant|100\/100\n|turn|3\n|\n|t:|1695504625\n|move|p2b: Iron Valiant|Wide Guard|p2b: Iron Valiant\n|-singleturn|p2b: Iron Valiant|Wide Guard\n|move|p1a: Smoking Kills|Eruption|p2b: Iron Valiant|[spread] \n|-activate|p2a: Iron Thorns|move: Wide Guard\n|-activate|p2b: Iron Valiant|move: Wide Guard\n|move|p1b: Mmm Tasty|Matcha Gotcha|p2a: Iron Thorns|[spread] \n|-activate|p2a: Iron Thorns|move: Wide Guard\n|-activate|p2b: Iron Valiant|move: Wide Guard\n|move|p2a: Iron Thorns|Rock Blast|p1a: Smoking Kills\n|-supereffective|p1a: Smoking Kills\n|-crit|p1a: Smoking Kills\n|-damage|p1a: Smoking Kills|59\/100\n|-supereffective|p1a: Smoking Kills\n|-damage|p1a: Smoking Kills|37\/100\n|-supereffective|p1a: Smoking Kills\n|-damage|p1a: Smoking Kills|15\/100\n|-supereffective|p1a: Smoking Kills\n|-damage|p1a: Smoking Kills|0 fnt\n|faint|p1a: Smoking Kills\n|-hitcount|p1: Smoking Kills|4\n|\n|-weather|SunnyDay|[upkeep]\n|upkeep\n|\n|t:|1695504637\n|switch|p1a: Yogi Bear|Ursaluna-Bloodmoon, M|100\/100\n|turn|4\n|\n|t:|1695504653\n|move|p2b: Iron Valiant|Wide Guard|p2b: Iron Valiant\n|-singleturn|p2b: Iron Valiant|Wide Guard\n|move|p1a: Yogi Bear|Blood Moon|p2b: Iron Valiant\n|-crit|p2b: Iron Valiant\n|-enditem|p2b: Iron Valiant|Focus Sash\n|-damage|p2b: Iron Valiant|1\/100\n|-damage|p1a: Yogi Bear|90\/100|[from] item: Life Orb\n|move|p1b: Mmm Tasty|Strength Sap|p2a: Iron Thorns\n|-unboost|p2a: Iron Thorns|atk|1\n|move|p2a: Iron Thorns|Thunder Punch|p1b: Mmm Tasty\n|-supereffective|p1b: Mmm Tasty\n|-damage|p1b: Mmm Tasty|50\/100\n|-damage|p2a: Iron Thorns|84\/100|[from] item: Rocky Helmet|[of] p1b: Mmm Tasty\n|\n|-weather|SunnyDay|[upkeep]\n|upkeep\n|turn|5\n|\n|t:|1695504674\n|move|p2b: Iron Valiant|Wide Guard|p2b: Iron Valiant\n|-singleturn|p2b: Iron Valiant|Wide Guard\n|move|p1a: Yogi Bear|Earth Power|p2b: Iron Valiant\n|-damage|p2b: Iron Valiant|0 fnt\n|faint|p2b: Iron Valiant\n|-end|p2b: Iron Valiant|Quark Drive|[silent]\n|-damage|p1a: Yogi Bear|80\/100|[from] item: Life Orb\n|move|p1b: Mmm Tasty|Strength Sap|p2a: Iron Thorns\n|-unboost|p2a: Iron Thorns|atk|1\n|-heal|p1b: Mmm Tasty|100\/100\n|move|p2a: Iron Thorns|Thunder Punch|p1b: Mmm Tasty\n|-supereffective|p1b: Mmm Tasty\n|-damage|p1b: Mmm Tasty|66\/100\n|-damage|p2a: Iron Thorns|68\/100|[from] item: Rocky Helmet|[of] p1b: Mmm Tasty\n|\n|-weather|none\n|-fieldend|move: Trick Room\n|upkeep\n|\n|t:|1695504688\n|switch|p2b: Chien-Pao|Chien-Pao|100\/100\n|-ability|p2b: Chien-Pao|Sword of Ruin\n|turn|6\n|\n|t:|1695504710\n|move|p1b: Mmm Tasty|Rage Powder|p1b: Mmm Tasty\n|-singleturn|p1b: Mmm Tasty|move: Rage Powder\n|move|p2b: Chien-Pao|Ice Spinner|p1b: Mmm Tasty\n|-resisted|p1b: Mmm Tasty\n|-damage|p1b: Mmm Tasty|41\/100\n|-damage|p2b: Chien-Pao|84\/100|[from] item: Rocky Helmet|[of] p1b: Mmm Tasty\n|move|p2a: Iron Thorns|Thunder Punch|p1b: Mmm Tasty\n|-supereffective|p1b: Mmm Tasty\n|-damage|p1b: Mmm Tasty|0 fnt\n|-damage|p2a: Iron Thorns|51\/100|[from] item: Rocky Helmet|[of] p1b: Mmm Tasty\n|faint|p1b: Mmm Tasty\n|move|p1a: Yogi Bear|Blood Moon|p2b: Chien-Pao\n|-damage|p2b: Chien-Pao|0 fnt\n|faint|p2b: Chien-Pao\n|-damage|p1a: Yogi Bear|70\/100|[from] item: Life Orb\n|\n|upkeep\n|\n|t:|1695504728\n|switch|p2b: Ninjask|Ninjask, F|76\/100\n|switch|p1b: Yakuza Boss|Kingambit, F|100\/100\n|turn|7\n|\n|t:|1695504735\n|-end|p2a: Iron Thorns|Quark Drive|[silent]\n|switch|p2a: Absol|Absol, M|100\/100\n|move|p1b: Yakuza Boss|Sucker Punch||[still]\n|-fail|p1b: Yakuza Boss\n|move|p2b: Ninjask|Substitute|p2b: Ninjask\n|-start|p2b: Ninjask|Substitute\n|-damage|p2b: Ninjask|51\/100\n|move|p1a: Yogi Bear|Hyper Voice|p2b: Ninjask|[spread] p2a,p2b\n|-damage|p2a: Absol|3\/100\n|-damage|p2b: Ninjask|0 fnt\n|faint|p2b: Ninjask\n|-damage|p1a: Yogi Bear|60\/100|[from] item: Life Orb\n|\n|upkeep\n|\n|t:|1695504746\n|switch|p2b: Iron Thorns|Iron Thorns|51\/100\n|turn|8\n|\n|t:|1695504762\n|detailschange|p2a: Absol|Absol-Mega, M\n|-mega|p2a: Absol|Absol|Absolite\n|move|p1b: Yakuza Boss|Sucker Punch||[still]\n|-fail|p1b: Yakuza Boss\n|move|p2a: Absol|Knock Off|p1a: Yogi Bear\n|-damage|p1a: Yogi Bear|25\/100\n|-enditem|p1a: Yogi Bear|Life Orb|[from] move: Knock Off|[of] p2a: Absol\n|move|p2b: Iron Thorns|Dragon Dance|p2b: Iron Thorns\n|-boost|p2b: Iron Thorns|atk|1\n|-boost|p2b: Iron Thorns|spe|1\n|move|p1a: Yogi Bear|Hyper Voice|p2a: Absol|[spread] p2a,p2b\n|-resisted|p2b: Iron Thorns\n|-damage|p2a: Absol|0 fnt\n|-damage|p2b: Iron Thorns|27\/100\n|faint|p2a: Absol\n|\n|upkeep\n|turn|9\n|\n|t:|1695504777\n|-terastallize|p2b: Iron Thorns|Bug\n|move|p1b: Yakuza Boss|Sucker Punch|p2b: Iron Thorns\n|-damage|p2b: Iron Thorns|0 fnt\n|faint|p2b: Iron Thorns\n|-end|p2b: Iron Thorns|Quark Drive|[silent]\n|\n|win|qasxcfdcvbjhygtf\n|raw|qasxcfdcvbjhygtf's rating: 1181 &rarr; <strong>1202<\/strong><br \/>(+21 for winning)\n|raw|Red_Ice_Games's rating: 1118 &rarr; <strong>1097<\/strong><br \/>(-21 for losing)\n","uploadtime":1695504788,"views":12,"p1id":"qasxcfdcvbjhygtf","p2id":"redicegames","formatid":"gen9nationaldexdoubles","rating":1097,"private":0,"password":""}