{"id":"gen9nationaldexdoubles-1999880559","p1":"PlayerName6665","p2":"whatisthispic","format":"[Gen 9] National Dex Doubles","log":"|j|\u2606PlayerName6665\n|j|\u2606whatisthispic\n|t:|1701125759\n|gametype|doubles\n|player|p1|PlayerName6665|unknown|\n|player|p2|whatisthispic|bugcatcher-gen4dp|\n|teamsize|p1|6\n|teamsize|p2|6\n|gen|9\n|tier|[Gen 9] National Dex Doubles\n|rule|HP Percentage Mod: HP is shown in percentages\n|rule|Endless Battle Clause: Forcing endless battles is banned\n|rule|OHKO Clause: OHKO moves are banned\n|rule|Evasion Moves Clause: Evasion moves are banned\n|rule|Evasion Abilities Clause: Evasion abilities are banned\n|rule|Species Clause: Limit one of each Pok\u00e9mon\n|rule|Gravity Sleep Clause: The combination of sleep-inducing moves with imperfect accuracy and Gravity or Gigantamax Orbeetle are banned\n|clearpoke\n|poke|p1|Avalugg-Hisui, M|\n|poke|p1|Weavile, F|\n|poke|p1|Clodsire, F|\n|poke|p1|Celesteela|\n|poke|p1|Quagsire, F|\n|poke|p1|Pikachu, F|\n|poke|p2|Beedrill, M|\n|poke|p2|Rotom-Fan|\n|poke|p2|Bisharp, M|\n|poke|p2|Celesteela|\n|poke|p2|Cryogonal|\n|poke|p2|Blissey, F|\n|teampreview\n|c|\u2606PlayerName6665|epic\n|c|\u2606whatisthispic|epic \u00b2\n|c|\u2606PlayerName6665|i forgot this was doubles\n|\n|t:|1701125806\n|start\n|switch|p1a: can't smack down|Avalugg-Hisui, M, shiny|100\/100\n|switch|p1b: flight uninvented|Celesteela|100\/100\n|switch|p2a: Celesteela|Celesteela|100\/100\n|switch|p2b: Blissey|Blissey, F|100\/100\n|turn|1\n|c|\u2606whatisthispic|This team is very competitive!!\n|c|\u2606PlayerName6665|Yea!!\n|\n|t:|1701125836\n|move|p1b: flight uninvented|Magnet Rise|p1b: flight uninvented\n|-start|p1b: flight uninvented|Magnet Rise\n|move|p2a: Celesteela|Magnet Rise|p2a: Celesteela\n|-start|p2a: Celesteela|Magnet Rise\n|move|p2b: Blissey|Present|p1b: flight uninvented\n|-resisted|p1b: flight uninvented\n|-damage|p1b: flight uninvented|84\/100\n|-damage|p2b: Blissey|91\/100|[from] item: Life Orb\n|move|p1a: can't smack down|Stealth Rock|p2b: Blissey\n|-sidestart|p2: whatisthispic|move: Stealth Rock\n|\n|upkeep\n|turn|2\n|c|\u2606PlayerName6665|oh yeah this is scarfed\n|c|\u2606whatisthispic|Lol\n|c|\u2606PlayerName6665|i forgot what the plan was (epic plan was)\n|\n|t:|1701125901\n|switch|p1b: Good|Quagsire, F|100\/100\n|move|p2a: Celesteela|Heavy Slam|p1a: can't smack down\n|-supereffective|p1a: can't smack down\n|-damage|p1a: can't smack down|20\/100\n|move|p2b: Blissey|Last Resort|p1b: Good\n|-damage|p1b: Good|64\/100\n|-damage|p2b: Blissey|81\/100|[from] item: Life Orb\n|move|p1a: can't smack down|After You||[still]\n|-fail|p1a: can't smack down\n|\n|upkeep\n|turn|3\n|\n|t:|1701125926\n|move|p2a: Celesteela|Frustration|p1b: Good\n|-damage|p1b: Good|37\/100\n|move|p2b: Blissey|Last Resort|p1a: can't smack down\n|-resisted|p1a: can't smack down\n|-damage|p1a: can't smack down|8\/100\n|-damage|p2b: Blissey|71\/100|[from] item: Life Orb\n|move|p1a: can't smack down|After You|p1b: Good\n|-activate|p1b: Good|move: After You\n|move|p1b: Good|Toxic|p2b: Blissey\n|-status|p2b: Blissey|tox\n|\n|-damage|p2b: Blissey|64\/100 tox|[from] psn\n|upkeep\n|turn|4\n|\n|t:|1701125950\n|move|p2a: Celesteela|Heavy Slam|p1a: can't smack down\n|-supereffective|p1a: can't smack down\n|-damage|p1a: can't smack down|0 fnt\n|faint|p1a: can't smack down\n|-ability|p2a: Celesteela|Beast Boost|boost\n|-boost|p2a: Celesteela|spa|1\n|move|p2b: Blissey|Last Resort|p1b: Good\n|-damage|p1b: Good|1\/100\n|-damage|p2b: Blissey|54\/100 tox|[from] item: Life Orb\n|move|p1b: Good|Hail|p1b: Good\n|-weather|Hail\n|\n|-weather|Hail|[upkeep]\n|-damage|p2a: Celesteela|95\/100|[from] Hail\n|-damage|p2b: Blissey|48\/100 tox|[from] Hail\n|-damage|p1b: Good|0 fnt|[from] Hail\n|faint|p1b: Good\n|-heal|p2a: Celesteela|100\/100|[from] item: Leftovers\n|-damage|p2b: Blissey|36\/100 tox|[from] psn\n|upkeep\n|c|\u2606PlayerName6665|critical play incoming\n|c|\u2606PlayerName6665|ok swag\n|c|\u2606whatisthispic|Grrr\n|c|\u2606PlayerName6665|epic\n|\n|t:|1701125980\n|switch|p1a: Tank|Weavile, F|100\/100\n|switch|p1b: Imaginary Hat|Pikachu, F|100\/100\n|-ability|p1a: Tank|Pressure\n|turn|5\n|c|\u2606PlayerName6665|oh\n|c|\u2606PlayerName6665|right\n|c|\u2606PlayerName6665|my tank has vest\n|\n|t:|1701126004\n|move|p1a: Tank|Swift|p2b: Blissey|[spread] p2a,p2b\n|-resisted|p2a: Celesteela\n|-damage|p2a: Celesteela|98\/100\n|-damage|p2b: Blissey|34\/100 tox\n|move|p1b: Imaginary Hat|Rain Dance|p1b: Imaginary Hat\n|-weather|RainDance\n|move|p2a: Celesteela|Steel Beam|p1a: Tank\n|-supereffective|p1a: Tank\n|-crit|p1a: Tank\n|-damage|p1a: Tank|0 fnt\n|-damage|p2a: Celesteela|47\/100|[from] steelbeam\n|faint|p1a: Tank\n|-ability|p2a: Celesteela|Beast Boost|boost\n|-boost|p2a: Celesteela|spa|1\n|move|p2b: Blissey|Last Resort|p1b: Imaginary Hat\n|-damage|p1b: Imaginary Hat|28\/100\n|-damage|p2b: Blissey|24\/100 tox|[from] item: Life Orb\n|\n|-weather|RainDance|[upkeep]\n|-heal|p2a: Celesteela|53\/100|[from] item: Leftovers\n|-damage|p2b: Blissey|5\/100 tox|[from] psn\n|-end|p2a: Celesteela|Magnet Rise\n|upkeep\n|c|\u2606whatisthispic|Nuked\n|c|\u2606PlayerName6665|oopsa i brought epic team against competitive team\n|c|\u2606PlayerName6665|or did we just manage to make a team so epic? :sungl\n|\n|t:|1701126049\n|switch|p1a: Counter|Clodsire, F|100\/100\n|turn|6\n|\n|t:|1701126065\n|move|p1b: Imaginary Hat|Celebrate|p1b: Imaginary Hat\n|-activate|p1b: Imaginary Hat|move: Celebrate\n|move|p2a: Celesteela|Frustration|p2b: Blissey\n|-damage|p2b: Blissey|0 fnt\n|faint|p2b: Blissey\n|-ability|p2a: Celesteela|Beast Boost|boost\n|-boost|p2a: Celesteela|spa|1\n|move|p1a: Counter|Stockpile|p1a: Counter\n|-start|p1a: Counter|stockpile1\n|-boost|p1a: Counter|def|1\n|-boost|p1a: Counter|spd|1\n|\n|-weather|RainDance|[upkeep]\n|-heal|p2a: Celesteela|59\/100|[from] item: Leftovers\n|upkeep\n|c|\u2606PlayerName6665|!\n|c|\u2606whatisthispic|Worth it\n|c|\u2606PlayerName6665|fool the enemy and the enemy die - sun tzu, war art\n|\n|t:|1701126099\n|switch|p2b: Cryogonal|Cryogonal|100\/100\n|-damage|p2b: Cryogonal|76\/100|[from] Stealth Rock\n|turn|7\n|\n|t:|1701126133\n|move|p2b: Cryogonal|Sharpen|p2b: Cryogonal\n|-boost|p2b: Cryogonal|atk|1\n|move|p1b: Imaginary Hat|Fly||[still]\n|-prepare|p1b: Imaginary Hat|Fly\n|move|p2a: Celesteela|Heavy Slam|p1a: Counter\n|-damage|p1a: Counter|72\/100\n|move|p1a: Counter|Stockpile|p1a: Counter\n|-start|p1a: Counter|stockpile2\n|-boost|p1a: Counter|def|1\n|-boost|p1a: Counter|spd|1\n|\n|-weather|RainDance|[upkeep]\n|-heal|p2a: Celesteela|65\/100|[from] item: Leftovers\n|-heal|p1a: Counter|78\/100|[from] item: Leftovers\n|upkeep\n|turn|8\n|\n|t:|1701126160\n|move|p2b: Cryogonal|Sharpen|p2b: Cryogonal\n|-boost|p2b: Cryogonal|atk|1\n|move|p1b: Imaginary Hat|Fly|p2b: Cryogonal|[from]lockedmove\n|-damage|p2b: Cryogonal|23\/100\n|move|p2a: Celesteela|Heavy Slam|p1a: Counter\n|-damage|p1a: Counter|57\/100\n|move|p1a: Counter|Stockpile|p1a: Counter\n|-start|p1a: Counter|stockpile3\n|-boost|p1a: Counter|def|1\n|-boost|p1a: Counter|spd|1\n|\n|-weather|RainDance|[upkeep]\n|-heal|p2a: Celesteela|71\/100|[from] item: Leftovers\n|-heal|p1a: Counter|63\/100|[from] item: Leftovers\n|upkeep\n|turn|9\n|c|\u2606PlayerName6665|how long does stock pile\n|\n|t:|1701126184\n|move|p2b: Cryogonal|Explosion|p1b: Imaginary Hat|[spread] p2a,p1a,p1b\n|-resisted|p2a: Celesteela\n|-damage|p2a: Celesteela|35\/100\n|-damage|p1a: Counter|42\/100\n|-damage|p1b: Imaginary Hat|0 fnt\n|faint|p2b: Cryogonal\n|faint|p1b: Imaginary Hat\n|move|p2a: Celesteela|Heavy Slam|p1a: Counter\n|-damage|p1a: Counter|24\/100\n|move|p1a: Counter|Recover|p1a: Counter\n|-heal|p1a: Counter|74\/100\n|\n|-weather|none\n|-heal|p2a: Celesteela|41\/100|[from] item: Leftovers\n|-heal|p1a: Counter|80\/100|[from] item: Leftovers\n|upkeep\n|c|\u2606PlayerName6665|!!!\n|c|\u2606whatisthispic|Funny\n|\n|t:|1701126204\n|switch|p2b: Bisharp|Bisharp, M|100\/100\n|switch|p1b: flight uninvented|Celesteela|84\/100\n|-damage|p2b: Bisharp|95\/100|[from] Stealth Rock\n|turn|10\n|c|\u2606PlayerName6665|unforeseen play incoming\n|\n|t:|1701126243\n|-terastallize|p1b: flight uninvented|Flying\n|move|p1b: flight uninvented|Magnet Rise|p1b: flight uninvented\n|-start|p1b: flight uninvented|Magnet Rise\n|move|p2b: Bisharp|Metal Burst||[still]\n|-fail|p2b: Bisharp\n|move|p2a: Celesteela|Heavy Slam|p1a: Counter\n|-damage|p1a: Counter|64\/100\n|move|p1a: Counter|Stockpile||[still]\n|-fail|p1a: Counter\n|\n|-damage|p2b: Bisharp|82\/100|[from] item: Black Sludge\n|-heal|p2a: Celesteela|47\/100|[from] item: Leftovers\n|-heal|p1a: Counter|70\/100|[from] item: Leftovers\n|upkeep\n|turn|11\n|c|\u2606PlayerName6665|wait so how will i see the rest\n|c|\u2606PlayerName6665|i forgot flight uninvented was scarfed again\n|c|\u2606PlayerName6665|worth it for the ground immunity tho\n|\n|t:|1701126292\n|move|p1b: flight uninvented|Magnet Rise||[still]\n|-fail|p1b: flight uninvented\n|move|p2b: Bisharp|Focus Blast|p1a: Counter|[miss]\n|-miss|p2b: Bisharp|p1a: Counter\n|move|p2a: Celesteela|Heavy Slam|p1a: Counter\n|-damage|p1a: Counter|54\/100\n|move|p1a: Counter|Recover|p1a: Counter\n|-heal|p1a: Counter|100\/100\n|\n|-damage|p2b: Bisharp|70\/100|[from] item: Black Sludge\n|-heal|p2a: Celesteela|53\/100|[from] item: Leftovers\n|upkeep\n|turn|12\n|c|\u2606PlayerName6665|OH GENIUM!\n|\n|t:|1701126313\n|move|p1b: flight uninvented|Magnet Rise||[still]\n|-fail|p1b: flight uninvented\n|move|p2b: Bisharp|Dark Pulse|p1a: Counter\n|-damage|p1a: Counter|91\/100\n|move|p2a: Celesteela|Heavy Slam|p1a: Counter\n|-damage|p1a: Counter|74\/100\n|move|p1a: Counter|Bulldoze|p2b: Bisharp|[spread] p2b\n|-immune|p1b: flight uninvented\n|-immune|p2a: Celesteela\n|-supereffective|p2b: Bisharp\n|-damage|p2b: Bisharp|37\/100\n|-unboost|p2b: Bisharp|spe|1\n|-ability|p2b: Bisharp|Defiant|boost\n|-boost|p2b: Bisharp|atk|2\n|\n|-heal|p2a: Celesteela|59\/100|[from] item: Leftovers\n|-damage|p2b: Bisharp|25\/100|[from] item: Black Sludge\n|-heal|p1a: Counter|81\/100|[from] item: Leftovers\n|upkeep\n|turn|13\n|c|\u2606PlayerName6665|that way avoid hit by counter\n|\n|t:|1701126352\n|move|p1b: flight uninvented|Magnet Rise||[still]\n|-fail|p1b: flight uninvented\n|move|p2a: Celesteela|Magnet Rise|p2a: Celesteela\n|-start|p2a: Celesteela|Magnet Rise\n|move|p2b: Bisharp|Steel Beam|p1a: Counter\n|-damage|p1a: Counter|67\/100\n|-damage|p2b: Bisharp|0 fnt|[from] steelbeam\n|faint|p2b: Bisharp\n|move|p1a: Counter|Bulldoze|p2a: Celesteela|[spread] \n|-immune|p1b: flight uninvented\n|-immune|p2a: Celesteela\n|\n|-heal|p2a: Celesteela|65\/100|[from] item: Leftovers\n|-heal|p1a: Counter|73\/100|[from] item: Leftovers\n|upkeep\n|\n|t:|1701126372\n|switch|p2b: Beedrill|Beedrill, M|100\/100\n|-damage|p2b: Beedrill|75\/100|[from] Stealth Rock\n|turn|14\n|\n|t:|1701126398\n|detailschange|p2b: Beedrill|Beedrill-Mega, M\n|-mega|p2b: Beedrill|Beedrill|Beedrillite\n|move|p2b: Beedrill|Defog|p1a: Counter\n|-unboost|p1a: Counter|evasion|1\n|-sideend|p2: whatisthispic|Stealth Rock|[from] move: Defog|[of] p2b: Beedrill\n|move|p1b: flight uninvented|Magnet Rise||[still]\n|-fail|p1b: flight uninvented\n|move|p2a: Celesteela|Heavy Slam|p1a: Counter\n|-damage|p1a: Counter|57\/100\n|move|p1a: Counter|Bulldoze|p2b: Beedrill|[spread] p2b\n|-immune|p1b: flight uninvented\n|-immune|p2a: Celesteela\n|-damage|p2b: Beedrill|44\/100\n|-unboost|p2b: Beedrill|spe|1\n|\n|-heal|p2a: Celesteela|71\/100|[from] item: Leftovers\n|-heal|p1a: Counter|63\/100|[from] item: Leftovers\n|-end|p1b: flight uninvented|Magnet Rise\n|upkeep\n|turn|15\n|c|\u2606PlayerName6665|egad\n|c|\u2606PlayerName6665|NOOO\n|\n|t:|1701126427\n|move|p1b: flight uninvented|Magnet Rise|p1b: flight uninvented\n|-start|p1b: flight uninvented|Magnet Rise\n|move|p2b: Beedrill|Silver Wind|p1a: Counter\n|-resisted|p1a: Counter\n|-damage|p1a: Counter|61\/100\n|move|p2a: Celesteela|Heavy Slam|p1a: Counter\n|-damage|p1a: Counter|43\/100\n|move|p1a: Counter|Recover|p1a: Counter\n|-heal|p1a: Counter|93\/100\n|\n|-heal|p2a: Celesteela|77\/100|[from] item: Leftovers\n|-heal|p1a: Counter|99\/100|[from] item: Leftovers\n|upkeep\n|turn|16\n|c|\u2606PlayerName6665|your celesteela will run out of ground immunity soon\n|\n|t:|1701126468\n|move|p1b: flight uninvented|Magnet Rise||[still]\n|-fail|p1b: flight uninvented\n|move|p2b: Beedrill|Silver Wind|p1b: flight uninvented\n|-resisted|p1b: flight uninvented\n|-damage|p1b: flight uninvented|75\/100\n|move|p2a: Celesteela|Heavy Slam|p1b: flight uninvented\n|-damage|p1b: flight uninvented|61\/100\n|move|p1a: Counter|Bulldoze|p2a: Celesteela|[spread] p2b\n|-immune|p1b: flight uninvented\n|-immune|p2a: Celesteela\n|-damage|p2b: Beedrill|12\/100\n|-unboost|p2b: Beedrill|spe|1\n|\n|-heal|p2a: Celesteela|83\/100|[from] item: Leftovers\n|-heal|p1a: Counter|100\/100|[from] item: Leftovers\n|upkeep\n|turn|17\n|\n|t:|1701126497\n|-terastallize|p2a: Celesteela|Steel\n|move|p1b: flight uninvented|Magnet Rise||[still]\n|-fail|p1b: flight uninvented\n|move|p2a: Celesteela|Heavy Slam|p1b: flight uninvented\n|-damage|p1b: flight uninvented|39\/100\n|move|p2b: Beedrill|Silver Wind|p1b: flight uninvented\n|-resisted|p1b: flight uninvented\n|-crit|p1b: flight uninvented\n|-damage|p1b: flight uninvented|26\/100\n|move|p1a: Counter|Bulldoze|p2a: Celesteela|[spread] p2b\n|-immune|p1b: flight uninvented\n|-immune|p2a: Celesteela\n|-damage|p2b: Beedrill|0 fnt\n|faint|p2b: Beedrill\n|\n|-heal|p2a: Celesteela|89\/100|[from] item: Leftovers\n|-end|p2a: Celesteela|Magnet Rise\n|upkeep\n|\n|t:|1701126516\n|switch|p2b: Rotom|Rotom-Fan|100\/100\n|-item|p2b: Rotom|Air Balloon\n|turn|18\n|\n|t:|1701126555\n|move|p1b: flight uninvented|Magnet Rise||[still]\n|-fail|p1b: flight uninvented\n|move|p2b: Rotom|Charge|p2b: Rotom\n|-boost|p2b: Rotom|spd|1\n|-start|p2b: Rotom|Charge\n|move|p2a: Celesteela|Heavy Slam|p1a: Counter\n|-damage|p1a: Counter|77\/100\n|move|p1a: Counter|Bulldoze|p2a: Celesteela|[spread] p2a\n|-immune|p1b: flight uninvented\n|-immune|p2b: Rotom\n|-supereffective|p2a: Celesteela\n|-damage|p2a: Celesteela|63\/100\n|-unboost|p2a: Celesteela|spe|1\n|\n|-heal|p2a: Celesteela|69\/100|[from] item: Leftovers\n|-heal|p1a: Counter|83\/100|[from] item: Leftovers\n|upkeep\n|turn|19\n|\n|t:|1701126584\n|move|p1b: flight uninvented|Magnet Rise||[still]\n|-fail|p1b: flight uninvented\n|move|p2b: Rotom|Volt Switch|p1b: flight uninvented\n|-supereffective|p1b: flight uninvented\n|-damage|p1b: flight uninvented|0 fnt\n|faint|p1b: flight uninvented\n|-end|p2b: Rotom|Charge|[silent]\n|move|p2a: Celesteela|Magnet Rise|p2a: Celesteela\n|-start|p2a: Celesteela|Magnet Rise\n|move|p1a: Counter|Bulldoze|p2b: Rotom|[spread] \n|-immune|p2a: Celesteela\n|-immune|p2b: Rotom\n|\n|-heal|p2a: Celesteela|75\/100|[from] item: Leftovers\n|-heal|p1a: Counter|90\/100|[from] item: Leftovers\n|upkeep\n|turn|20\n|c|\u2606PlayerName6665|hmme\n|c|\u2606PlayerName6665|i wonder what this does\n|\n|t:|1701126614\n|move|p2b: Rotom|Mud-Slap|p1a: Counter\n|-supereffective|p1a: Counter\n|-damage|p1a: Counter|86\/100\n|-unboost|p1a: Counter|accuracy|1\n|move|p2a: Celesteela|Heavy Slam|p1a: Counter\n|-damage|p1a: Counter|63\/100\n|move|p1a: Counter|Zen Headbutt|p1: flight uninvented|[notarget]\n|-fail|p1a: Counter\n|\n|-heal|p2a: Celesteela|81\/100|[from] item: Leftovers\n|-heal|p1a: Counter|69\/100|[from] item: Leftovers\n|upkeep\n|turn|21\n|\n|t:|1701126636\n|move|p2b: Rotom|Mud-Slap|p1a: Counter\n|-supereffective|p1a: Counter\n|-damage|p1a: Counter|66\/100\n|-unboost|p1a: Counter|accuracy|1\n|move|p2a: Celesteela|Heavy Slam|p1a: Counter\n|-damage|p1a: Counter|42\/100\n|move|p1a: Counter|Zen Headbutt|p2b: Rotom\n|-damage|p2b: Rotom|81\/100\n|-enditem|p2b: Rotom|Air Balloon\n|\n|-heal|p2a: Celesteela|87\/100|[from] item: Leftovers\n|-heal|p1a: Counter|48\/100|[from] item: Leftovers\n|upkeep\n|turn|22\n|\n|t:|1701126659\n|move|p2b: Rotom|Mud-Slap|p1a: Counter\n|-supereffective|p1a: Counter\n|-damage|p1a: Counter|45\/100\n|-unboost|p1a: Counter|accuracy|1\n|move|p2a: Celesteela|Heavy Slam|p1a: Counter\n|-crit|p1a: Counter\n|-damage|p1a: Counter|0 fnt\n|faint|p1a: Counter\n|\n|win|whatisthispic\n|c|\u2606PlayerName6665|gg\n|c|\u2606PlayerName6665|wonderful battle\n|c|\u2606whatisthispic|Celesteela sweep!!!!\n|c|\u2606whatisthispic|Gg\n|l|\u2606whatisthispic\n","uploadtime":1701126701,"views":14,"p1id":"playername6665","p2id":"whatisthispic","formatid":"gen9nationaldexdoubles","rating":0,"private":0,"password":""}