{"id":"gen9nationaldexdoubles-1973724058","p1":"zanguitu","p2":"MightySalmon","format":"[Gen 9] National Dex Doubles","log":"|j|\u2606zanguitu\n|j|\u2606MightySalmon\n|t:|1698007063\n|gametype|doubles\n|player|p1|zanguitu|101|\n|player|p2|MightySalmon|harlequin|\n|teamsize|p1|6\n|teamsize|p2|6\n|gen|9\n|tier|[Gen 9] National Dex Doubles\n|rule|HP Percentage Mod: HP is shown in percentages\n|rule|Endless Battle Clause: Forcing endless battles is banned\n|rule|OHKO Clause: OHKO moves are banned\n|rule|Evasion Moves Clause: Evasion moves are banned\n|rule|Evasion Abilities Clause: Evasion abilities are banned\n|rule|Species Clause: Limit one of each Pok\u00e9mon\n|rule|Gravity Sleep Clause: The combination of sleep-inducing moves with imperfect accuracy and Gravity or Gigantamax Orbeetle are banned\n|clearpoke\n|poke|p1|Greninja-*, M|\n|poke|p1|Tyranitar, F|\n|poke|p1|Umbreon, F|\n|poke|p1|Grimmsnarl, M|\n|poke|p1|Houndoom, M|\n|poke|p1|Meowscarada, M|\n|poke|p2|Ceruledge, M|\n|poke|p2|Ninetales, M|\n|poke|p2|Delphox, M|\n|poke|p2|Infernape, M|\n|poke|p2|Magcargo, F|\n|poke|p2|Talonflame, M|\n|teampreview\n|\n|t:|1698007102\n|start\n|switch|p1a: Grimmsnarl|Grimmsnarl, M, shiny|100\/100\n|switch|p1b: Greninja|Greninja, M|100\/100\n|switch|p2a: Ninetales|Ninetales, M|100\/100\n|switch|p2b: Delphox|Delphox, M|100\/100\n|-weather|SunnyDay|[from] ability: Drought|[of] p2a: Ninetales\n|turn|1\n|\n|t:|1698007122\n|move|p1a: Grimmsnarl|Light Screen|p1a: Grimmsnarl\n|-sidestart|p1: zanguitu|move: Light Screen\n|move|p1b: Greninja|Surf|p2a: Ninetales|[spread] p1a,p2a,p2b\n|-supereffective|p2a: Ninetales\n|-supereffective|p2b: Delphox\n|-damage|p1a: Grimmsnarl|86\/100\n|-damage|p2a: Ninetales|55\/100\n|-damage|p2b: Delphox|51\/100\n|move|p2b: Delphox|Fire Blast|p1a: Grimmsnarl\n|-damage|p1a: Grimmsnarl|32\/100\n|move|p2a: Ninetales|Disable|p1b: Greninja\n|-start|p1b: Greninja|Disable|Surf\n|\n|-weather|SunnyDay|[upkeep]\n|-heal|p2b: Delphox|57\/100|[from] item: Leftovers\n|upkeep\n|turn|2\n|\n|t:|1698007145\n|switch|p1b: Tyranitar|Tyranitar, F, shiny|100\/100\n|-weather|Sandstorm|[from] ability: Sand Stream|[of] p1b: Tyranitar\n|switch|p1a: Umbreon|Umbreon, F, shiny|100\/100\n|move|p2b: Delphox|Grass Knot|p1b: Tyranitar\n|-supereffective|p1b: Tyranitar\n|-damage|p1b: Tyranitar|86\/100\n|move|p2a: Ninetales|Encore||[still]\n|-fail|p2a: Ninetales\n|\n|-weather|Sandstorm|[upkeep]\n|-damage|p2b: Delphox|51\/100|[from] Sandstorm\n|-damage|p2a: Ninetales|49\/100|[from] Sandstorm\n|-damage|p1a: Umbreon|94\/100|[from] Sandstorm\n|-heal|p2b: Delphox|57\/100|[from] item: Leftovers\n|-heal|p1a: Umbreon|100\/100|[from] item: Leftovers\n|upkeep\n|turn|3\n|\n|t:|1698007179\n|switch|p2a: Talonflame|Talonflame, M|100\/100\n|move|p2b: Delphox|Fire Blast|p1b: Tyranitar\n|-resisted|p1b: Tyranitar\n|-crit|p1b: Tyranitar\n|-damage|p1b: Tyranitar|76\/100\n|move|p1a: Umbreon|Wish|p1a: Umbreon\n|move|p1b: Tyranitar|Earthquake|p2b: Delphox|[spread] p1a,p2b\n|-immune|p2a: Talonflame\n|-supereffective|p2b: Delphox\n|-damage|p1a: Umbreon|84\/100\n|-damage|p2b: Delphox|0 fnt\n|faint|p2b: Delphox\n|\n|-weather|Sandstorm|[upkeep]\n|-damage|p2a: Talonflame|94\/100|[from] Sandstorm\n|-damage|p1a: Umbreon|78\/100|[from] Sandstorm\n|-heal|p1a: Umbreon|84\/100|[from] item: Leftovers\n|upkeep\n|\n|t:|1698007198\n|switch|p2b: Magcargo|Magcargo, F|100\/100\n|turn|4\n|\n|t:|1698007208\n|switch|p1a: Grimmsnarl|Grimmsnarl, M, shiny|32\/100\n|move|p2b: Magcargo|Protect|p2b: Magcargo\n|-singleturn|p2b: Magcargo|Protect\n|move|p2a: Talonflame|Dual Wingbeat|p1b: Tyranitar|[miss]\n|-miss|p2a: Talonflame|p1b: Tyranitar\n|move|p1b: Tyranitar|Rock Slide|p2b: Magcargo|[spread] p2a\n|-activate|p2b: Magcargo|move: Protect\n|-supereffective|p2a: Talonflame\n|-damage|p2a: Talonflame|0 fnt\n|faint|p2a: Talonflame\n|\n|-weather|Sandstorm|[upkeep]\n|-damage|p1a: Grimmsnarl|26\/100|[from] Sandstorm\n|-heal|p1a: Grimmsnarl|76\/100|[from] move: Wish|[wisher] Umbreon\n|upkeep\n|\n|t:|1698007224\n|switch|p2a: Ceruledge|Ceruledge, M|100\/100\n|turn|5\n|\n|t:|1698007239\n|move|p1a: Grimmsnarl|Parting Shot|p2a: Ceruledge\n|-unboost|p2a: Ceruledge|atk|1\n|-unboost|p2a: Ceruledge|spa|1\n|\n|t:|1698007248\n|switch|p1a: Meowscarada|Meowscarada, M, shiny|100\/100|[from] Parting Shot\n|move|p2a: Ceruledge|Destiny Bond|p2a: Ceruledge\n|-singlemove|p2a: Ceruledge|Destiny Bond\n|move|p1b: Tyranitar|Earthquake|p2b: Magcargo|[spread] p1a,p2a,p2b\n|-resisted|p1a: Meowscarada\n|-supereffective|p2a: Ceruledge\n|-supereffective|p2b: Magcargo\n|-damage|p1a: Meowscarada|83\/100\n|-damage|p2a: Ceruledge|35\/100\n|-damage|p2b: Magcargo|42\/100\n|move|p2b: Magcargo|Body Slam|p1b: Tyranitar\n|-resisted|p1b: Tyranitar\n|-crit|p1b: Tyranitar\n|-damage|p1b: Tyranitar|70\/100\n|\n|-weather|Sandstorm|[upkeep]\n|-damage|p1a: Meowscarada|77\/100|[from] Sandstorm\n|-damage|p2a: Ceruledge|29\/100|[from] Sandstorm\n|upkeep\n|turn|6\n|\n|t:|1698007271\n|move|p2b: Magcargo|Protect|p2b: Magcargo\n|-singleturn|p2b: Magcargo|Protect\n|move|p1a: Meowscarada|Flower Trick|p2a: Ceruledge\n|-start|p1a: Meowscarada|typechange|Grass|[from] ability: Protean\n|-resisted|p2a: Ceruledge\n|-crit|p2a: Ceruledge\n|-damage|p2a: Ceruledge|0 fnt\n|faint|p2a: Ceruledge\n|-activate|p2a: Ceruledge|move: Destiny Bond\n|faint|p1a: Meowscarada\n|move|p1b: Tyranitar|Earthquake|p2b: Magcargo\n|-activate|p2b: Magcargo|move: Protect\n|\n|-weather|none\n|upkeep\n|\n|t:|1698007295\n|switch|p1a: Greninja|Greninja, M|100\/100\n|switch|p2a: Infernape|Infernape, M|100\/100\n|turn|7\n|\n|t:|1698007315\n|move|p1a: Greninja|Water Shuriken|p2b: Magcargo\n|-supereffective|p2b: Magcargo\n|-damage|p2b: Magcargo|0 fnt\n|faint|p2b: Magcargo\n|-ability|p1a: Greninja|Battle Bond|boost\n|-boost|p1a: Greninja|atk|1\n|-boost|p1a: Greninja|spa|1\n|-boost|p1a: Greninja|spe|1\n|-activate|p1a: Greninja|ability: Battle Bond\n|-hitcount|p2: Magcargo|1\n|move|p2a: Infernape|Close Combat|p1b: Tyranitar\n|-supereffective|p1b: Tyranitar\n|-damage|p1b: Tyranitar|0 fnt\n|-unboost|p2a: Infernape|def|1\n|-unboost|p2a: Infernape|spd|1\n|faint|p1b: Tyranitar\n|\n|upkeep\n|\n|t:|1698007336\n|switch|p1b: Grimmsnarl|Grimmsnarl, M, shiny|76\/100\n|switch|p2b: Ninetales|Ninetales, M|49\/100\n|-weather|SunnyDay|[from] ability: Drought|[of] p2b: Ninetales\n|turn|8\n|\n|t:|1698007348\n|move|p1a: Greninja|Water Shuriken|p2b: Ninetales\n|-supereffective|p2b: Ninetales\n|-damage|p2b: Ninetales|35\/100\n|-supereffective|p2b: Ninetales\n|-damage|p2b: Ninetales|21\/100\n|-supereffective|p2b: Ninetales\n|-damage|p2b: Ninetales|6\/100\n|-supereffective|p2b: Ninetales\n|-damage|p2b: Ninetales|0 fnt\n|faint|p2b: Ninetales\n|-hitcount|p2: Ninetales|4\n|move|p1b: Grimmsnarl|Thunder Wave|p2a: Infernape\n|-status|p2a: Infernape|par\n|move|p2a: Infernape|Close Combat|p1a: Greninja\n|-supereffective|p1a: Greninja\n|-damage|p1a: Greninja|0 fnt\n|-unboost|p2a: Infernape|def|1\n|-unboost|p2a: Infernape|spd|1\n|faint|p1a: Greninja\n|\n|-weather|SunnyDay|[upkeep]\n|-sideend|p1: zanguitu|move: Light Screen\n|upkeep\n|\n|t:|1698007360\n|switch|p1a: Houndoom|Houndoom, M, shiny|100\/100\n|turn|9\n|\n|t:|1698007391\n|detailschange|p1a: Houndoom|Houndoom-Mega, M, shiny\n|-mega|p1a: Houndoom|Houndoom|Houndoominite\n|move|p1b: Grimmsnarl|Parting Shot|p2a: Infernape\n|-unboost|p2a: Infernape|atk|1\n|-unboost|p2a: Infernape|spa|1\n|\n|t:|1698007393\n|switch|p1b: Umbreon|Umbreon, F, shiny|84\/100|[from] Parting Shot\n|move|p1a: Houndoom|Dark Pulse|p2a: Infernape\n|-resisted|p2a: Infernape\n|-damage|p2a: Infernape|2\/100 par\n|cant|p2a: Infernape|par\n|\n|-weather|SunnyDay|[upkeep]\n|-damage|p1a: Houndoom|88\/100|[from] ability: Solar Power|[of] p1a: Houndoom\n|-heal|p1b: Umbreon|90\/100|[from] item: Leftovers\n|upkeep\n|turn|10\n|\n|t:|1698007410\n|move|p1a: Houndoom|Dark Pulse|p2a: Infernape\n|-resisted|p2a: Infernape\n|-damage|p2a: Infernape|0 fnt\n|faint|p2a: Infernape\n|\n|win|zanguitu\n","uploadtime":1698007417,"views":7,"p1id":"zanguitu","p2id":"mightysalmon","formatid":"gen9nationaldexdoubles","rating":0,"private":0,"password":""}