{"id":"gen9nationaldexdoubles-1968221280","p1":"King Aegron","p2":"u mad loser?","format":"[Gen 9] National Dex Doubles","log":"|j|\u2606King Aegron\n|j|\u2606u mad loser?\n|t:|1697396233\n|gametype|doubles\n|player|p1|King Aegron|ghetsis|1164\n|player|p2|u mad loser?|lucas|1000\n|teamsize|p1|6\n|teamsize|p2|6\n|gen|9\n|tier|[Gen 9] National Dex Doubles\n|rated|\n|rule|HP Percentage Mod: HP is shown in percentages\n|rule|Endless Battle Clause: Forcing endless battles is banned\n|rule|OHKO Clause: OHKO moves are banned\n|rule|Evasion Moves Clause: Evasion moves are banned\n|rule|Evasion Abilities Clause: Evasion abilities are banned\n|rule|Species Clause: Limit one of each Pok\u00e9mon\n|rule|Gravity Sleep Clause: The combination of sleep-inducing moves with imperfect accuracy and Gravity or Gigantamax Orbeetle are banned\n|clearpoke\n|poke|p1|Charizard, M|\n|poke|p1|Electivire, M|\n|poke|p1|Rhyperior, M|\n|poke|p1|Grimmsnarl, M|\n|poke|p1|Salamence, M|\n|poke|p1|Blastoise, F|\n|poke|p2|Indeedee, M|\n|poke|p2|Regieleki|\n|poke|p2|Meowscarada, F|\n|poke|p2|Spectrier|\n|poke|p2|Murkrow, M|\n|poke|p2|Shuckle, M|\n|teampreview\n|\n|t:|1697396263\n|start\n|switch|p1a: The Rock|Rhyperior, M|100\/100\n|switch|p1b: Necrogan|Charizard, M, shiny|100\/100\n|switch|p2a: Murkrow|Murkrow, M|100\/100\n|switch|p2b: Shuckle|Shuckle, M|100\/100\n|turn|1\n|\n|t:|1697396277\n|detailschange|p1b: Necrogan|Charizard-Mega-Y, M, shiny\n|-mega|p1b: Necrogan|Charizard|Charizardite Y\n|-weather|SunnyDay|[from] ability: Drought|[of] p1b: Necrogan\n|move|p2a: Murkrow|Taunt|p1a: The Rock\n|-start|p1a: The Rock|move: Taunt\n|move|p1b: Necrogan|Tailwind|p1b: Necrogan\n|-sidestart|p1: King Aegron|move: Tailwind\n|move|p1a: The Rock|Rock Slide|p2b: Shuckle|[spread] p2a,p2b\n|-supereffective|p2a: Murkrow\n|-supereffective|p2b: Shuckle\n|-enditem|p2a: Murkrow|Focus Sash\n|-damage|p2a: Murkrow|1\/100\n|-damage|p2b: Shuckle|56\/100\n|move|p2b: Shuckle|Stealth Rock|p1b: Necrogan\n|-sidestart|p1: King Aegron|move: Stealth Rock\n|\n|-weather|SunnyDay|[upkeep]\n|upkeep\n|turn|2\n|\n|t:|1697396297\n|move|p2a: Murkrow|Tailwind|p2a: Murkrow\n|-sidestart|p2: u mad loser?|move: Tailwind\n|move|p1b: Necrogan|Heat Wave|p2b: Shuckle|[spread] p2b\n|-miss|p1b: Necrogan|p2a: Murkrow\n|-damage|p2b: Shuckle|13\/100\n|move|p1a: The Rock|Rock Slide|p2b: Shuckle|[spread] p2a,p2b\n|-supereffective|p2a: Murkrow\n|-supereffective|p2b: Shuckle\n|-damage|p2a: Murkrow|0 fnt\n|-damage|p2b: Shuckle|0 fnt\n|faint|p2a: Murkrow\n|faint|p2b: Shuckle\n|\n|-weather|SunnyDay|[upkeep]\n|upkeep\n|\n|t:|1697396315\n|switch|p2a: Meowscarada|Meowscarada, F|100\/100\n|switch|p2b: Regieleki|Regieleki|100\/100\n|turn|3\n|\n|t:|1697396335\n|switch|p1b: Zeus|Electivire, M|100\/100\n|-damage|p1b: Zeus|88\/100|[from] Stealth Rock\n|-item|p1b: Zeus|Air Balloon\n|-terastallize|p1a: The Rock|Fire\n|move|p2a: Meowscarada|Flower Trick|p1a: The Rock\n|-start|p2a: Meowscarada|typechange|Grass|[from] ability: Protean\n|-resisted|p1a: The Rock\n|-crit|p1a: The Rock\n|-damage|p1a: The Rock|84\/100\n|move|p2b: Regieleki|Electro Ball|p1b: Zeus\n|-ability|p1b: Zeus|Motor Drive|boost\n|-boost|p1b: Zeus|spe|1\n|move|p1a: The Rock|Heat Crash|p2a: Meowscarada\n|-supereffective|p2a: Meowscarada\n|-damage|p2a: Meowscarada|0 fnt\n|faint|p2a: Meowscarada\n|\n|-weather|SunnyDay|[upkeep]\n|-end|p1a: The Rock|move: Taunt\n|upkeep\n|inactive|Battle timer is ON: inactive players will automatically lose when time's up. (requested by King Aegron)\n|\n|t:|1697396399\n|switch|p2a: Spectrier|Spectrier|100\/100\n|turn|4\n|\n|t:|1697396416\n|move|p2b: Regieleki|Electro Ball|p1a: The Rock\n|-damage|p1a: The Rock|0 fnt\n|faint|p1a: The Rock\n|move|p1b: Zeus|Earthquake|p2b: Regieleki|[spread] p2a,p2b\n|-supereffective|p2b: Regieleki\n|-damage|p2a: Spectrier|56\/100\n|-enditem|p2b: Regieleki|Focus Sash\n|-damage|p2b: Regieleki|1\/100\n|move|p2a: Spectrier|Shadow Ball|p1b: Zeus\n|-damage|p1b: Zeus|31\/100\n|-enditem|p1b: Zeus|Air Balloon\n|\n|-weather|SunnyDay|[upkeep]\n|-sideend|p1: King Aegron|move: Tailwind\n|upkeep\n|\n|t:|1697396431\n|switch|p1a: Necromancer|Grimmsnarl, M|100\/100\n|-damage|p1a: Necromancer|88\/100|[from] Stealth Rock\n|turn|5\n|inactive|u mad loser? has 120 seconds left.\n|\n|t:|1697396475\n|switch|p2b: Indeedee|Indeedee, M|100\/100\n|-fieldstart|move: Psychic Terrain|[from] ability: Psychic Surge|[of] p2b: Indeedee\n|move|p1a: Necromancer|Light Screen|p1a: Necromancer\n|-sidestart|p1: King Aegron|move: Light Screen\n|move|p2a: Spectrier|Shadow Ball|p1b: Zeus\n|-damage|p1b: Zeus|0 fnt\n|faint|p1b: Zeus\n|-ability|p2a: Spectrier|Grim Neigh|boost\n|-boost|p2a: Spectrier|spa|1\n|\n|-weather|none\n|-sideend|p2: u mad loser?|move: Tailwind\n|upkeep\n|inactive|King Aegron has 120 seconds left.\n|\n|t:|1697396505\n|switch|p1b: Necrogan|Charizard-Mega-Y, M, shiny|100\/100\n|-damage|p1b: Necrogan|50\/100|[from] Stealth Rock\n|-weather|SunnyDay|[from] ability: Drought|[of] p1b: Necrogan\n|turn|6\n|inactive|King Aegron has 120 seconds left.\n|inactive|u mad loser? has 120 seconds left.\n|\n|t:|1697396537\n|switch|p1a: Wrath|Salamence, M|100\/100\n|-damage|p1a: Wrath|75\/100|[from] Stealth Rock\n|-terastallize|p2a: Spectrier|Fairy\n|move|p2b: Indeedee|Expanding Force|p1a: Wrath|[spread] p1a,p1b\n|-damage|p1a: Wrath|34\/100\n|-damage|p1b: Necrogan|12\/100\n|move|p2a: Spectrier|Tera Blast|p1a: Wrath|[anim] Tera Blast Fairy\n|-supereffective|p1a: Wrath\n|-damage|p1a: Wrath|0 fnt\n|faint|p1a: Wrath\n|-ability|p2a: Spectrier|Grim Neigh|boost\n|-boost|p2a: Spectrier|spa|1\n|move|p1b: Necrogan|Heat Wave|p2b: Indeedee|[spread] p2a,p2b\n|-crit|p2a: Spectrier\n|-damage|p2a: Spectrier|0 fnt\n|-damage|p2b: Indeedee|4\/100\n|faint|p2a: Spectrier\n|\n|-weather|SunnyDay|[upkeep]\n|upkeep\n|\n|t:|1697396558\n|switch|p2a: Regieleki|Regieleki|1\/100\n|switch|p1a: Necromancer|Grimmsnarl, M|88\/100\n|-damage|p1a: Necromancer|76\/100|[from] Stealth Rock\n|turn|7\n|\n|t:|1697396589\n|move|p1a: Necromancer|Parting Shot|p2a: Regieleki\n|-activate|p2a: Regieleki|move: Psychic Terrain\n|move|p2a: Regieleki|Electro Ball|p1a: Necromancer\n|-damage|p1a: Necromancer|34\/100\n|move|p2b: Indeedee|Expanding Force|p1a: Necromancer|[spread] p1b\n|-immune|p1a: Necromancer\n|-damage|p1b: Necrogan|0 fnt\n|faint|p1b: Necrogan\n|\n|-weather|SunnyDay|[upkeep]\n|upkeep\n|\n|t:|1697396596\n|switch|p1b: Blastoise|Blastoise, F|100\/100\n|-damage|p1b: Blastoise|88\/100|[from] Stealth Rock\n|turn|8\n|\n|t:|1697396609\n|move|p1a: Necromancer|Reflect|p1a: Necromancer\n|-sidestart|p1: King Aegron|Reflect\n|move|p2a: Regieleki|Electro Ball|p1b: Blastoise\n|-supereffective|p1b: Blastoise\n|-damage|p1b: Blastoise|28\/100\n|move|p2b: Indeedee|Expanding Force|p1a: Necromancer|[spread] p1b\n|-immune|p1a: Necromancer\n|-damage|p1b: Blastoise|0 fnt\n|faint|p1b: Blastoise\n|\n|-weather|SunnyDay|[upkeep]\n|upkeep\n|turn|9\n|-message|King Aegron forfeited.\n|\n|win|u mad loser?\n|raw|King Aegron's rating: 1164 &rarr; <strong>1131<\/strong><br \/>(-33 for losing)\n|raw|u mad loser?'s rating: 1048 &rarr; <strong>1091<\/strong><br \/>(+43 for winning)\n|l|\u2606King Aegron\n","uploadtime":1697396638,"views":9,"p1id":"kingaegron","p2id":"umadloser","formatid":"gen9nationaldexdoubles","rating":1091,"private":0,"password":""}