{"id":"gen9nationaldexdoubles-1979137479","p1":"2015slednxs","p2":"I like bug alots","format":"[Gen 9] National Dex Doubles","log":"|j|\u26062015slednxs\n|j|\u2606I like bug alots\n|t:|1698637398\n|gametype|doubles\n|player|p1|2015slednxs|cynthia-gen4|1061\n|player|p2|I like bug alots|bugcatcher-gen4dp|1080\n|teamsize|p1|6\n|teamsize|p2|6\n|gen|9\n|tier|[Gen 9] National Dex Doubles\n|rated|\n|rule|HP Percentage Mod: HP is shown in percentages\n|rule|Endless Battle Clause: Forcing endless battles is banned\n|rule|OHKO Clause: OHKO moves are banned\n|rule|Evasion Moves Clause: Evasion moves are banned\n|rule|Evasion Abilities Clause: Evasion abilities are banned\n|rule|Species Clause: Limit one of each Pok\u00e9mon\n|rule|Gravity Sleep Clause: The combination of sleep-inducing moves with imperfect accuracy and Gravity or Gigantamax Orbeetle are banned\n|clearpoke\n|poke|p1|Noivern, M|\n|poke|p1|Houndoom, M|\n|poke|p1|Torterra, M|\n|poke|p1|Toxicroak, M|\n|poke|p1|Gardevoir, M|\n|poke|p1|Magnezone|\n|poke|p2|Perrserker, F|\n|poke|p2|Tinkaton, F|\n|poke|p2|Gholdengo|\n|poke|p2|Iron Treads|\n|poke|p2|Scizor, F|\n|poke|p2|Revavroom, M|\n|teampreview\n|\n|t:|1698637418\n|start\n|switch|p1a: Gardevoir|Gardevoir, M|100\/100\n|switch|p1b: Houndoom|Houndoom, M|100\/100\n|switch|p2a: Perrserker|Perrserker, F|100\/100\n|switch|p2b: Revavroom|Revavroom, M|100\/100\n|-item|p2b: Revavroom|Air Balloon\n|turn|1\n|\n|t:|1698637431\n|move|p2a: Perrserker|Fake Out|p1b: Houndoom\n|-damage|p1b: Houndoom|77\/100\n|move|p2b: Revavroom|Shift Gear|p2b: Revavroom\n|-boost|p2b: Revavroom|spe|2\n|-boost|p2b: Revavroom|atk|1\n|cant|p1b: Houndoom|flinch\n|move|p1a: Gardevoir|Calm Mind|p1a: Gardevoir\n|-boost|p1a: Gardevoir|spa|1\n|-boost|p1a: Gardevoir|spd|1\n|\n|upkeep\n|turn|2\n|\n|t:|1698637445\n|move|p2b: Revavroom|High Horsepower|p1b: Houndoom\n|-supereffective|p1b: Houndoom\n|-damage|p1b: Houndoom|0 fnt\n|faint|p1b: Houndoom\n|move|p1a: Gardevoir|Calm Mind|p1a: Gardevoir\n|-boost|p1a: Gardevoir|spa|1\n|-boost|p1a: Gardevoir|spd|1\n|move|p2a: Perrserker|Iron Head|p1a: Gardevoir\n|-supereffective|p1a: Gardevoir\n|-damage|p1a: Gardevoir|0 fnt\n|faint|p1a: Gardevoir\n|\n|upkeep\n|\n|t:|1698637462\n|switch|p1b: Magnezone|Magnezone|100\/100\n|switch|p1a: Torterra|Torterra, M|100\/100\n|turn|3\n|\n|t:|1698637482\n|move|p2b: Revavroom|High Horsepower|p1b: Magnezone\n|-supereffective|p1b: Magnezone\n|-damage|p1b: Magnezone|0 fnt\n|faint|p1b: Magnezone\n|move|p1a: Torterra|Shell Smash|p1a: Torterra\n|-unboost|p1a: Torterra|def|1\n|-unboost|p1a: Torterra|spd|1\n|-boost|p1a: Torterra|atk|2\n|-boost|p1a: Torterra|spa|2\n|-boost|p1a: Torterra|spe|2\n|move|p2a: Perrserker|Knock Off|p1a: Torterra\n|-damage|p1a: Torterra|60\/100\n|-enditem|p1a: Torterra|Heavy-Duty Boots|[from] move: Knock Off|[of] p2a: Perrserker\n|\n|upkeep\n|\n|t:|1698637496\n|switch|p1b: Toxicroak|Toxicroak, M|100\/100\n|turn|4\n|\n|t:|1698637505\n|move|p2b: Revavroom|Shift Gear|p2b: Revavroom\n|-boost|p2b: Revavroom|spe|2\n|-boost|p2b: Revavroom|atk|1\n|move|p1a: Torterra|Headlong Rush|p2b: Revavroom\n|-immune|p2b: Revavroom\n|move|p1b: Toxicroak|Dig||[still]\n|-prepare|p1b: Toxicroak|Dig\n|move|p2a: Perrserker|Iron Head|p1b: Toxicroak|[miss]\n|-miss|p2a: Perrserker|p1b: Toxicroak\n|\n|upkeep\n|turn|5\n|\n|t:|1698637526\n|move|p2b: Revavroom|Poison Jab|p1a: Torterra\n|-damage|p1a: Torterra|0 fnt\n|faint|p1a: Torterra\n|move|p1b: Toxicroak|Dig|p2a: Perrserker|[from]lockedmove\n|-supereffective|p2a: Perrserker\n|-damage|p2a: Perrserker|59\/100\n|move|p2a: Perrserker|Iron Head|p1b: Toxicroak\n|-damage|p1b: Toxicroak|18\/100\n|\n|upkeep\n|\n|t:|1698637538\n|switch|p1a: Noivern|Noivern, M|100\/100\n|turn|6\n|\n|t:|1698637548\n|move|p2b: Revavroom|Iron Head|p1a: Noivern\n|-damage|p1a: Noivern|0 fnt\n|faint|p1a: Noivern\n|move|p1b: Toxicroak|Drain Punch|p2a: Perrserker\n|-supereffective|p2a: Perrserker\n|-damage|p2a: Perrserker|0 fnt\n|-heal|p1b: Toxicroak|49\/100|[from] drain|[of] p2a: Perrserker\n|faint|p2a: Perrserker\n|\n|upkeep\n|\n|t:|1698637556\n|switch|p2a: Iron Treads|Iron Treads|100\/100\n|-enditem|p2a: Iron Treads|Booster Energy\n|-activate|p2a: Iron Treads|ability: Quark Drive|[fromitem]\n|-start|p2a: Iron Treads|quarkdriveatk\n|turn|7\n|\n|t:|1698637564\n|-terastallize|p1b: Toxicroak|Ground\n|move|p2b: Revavroom|Iron Head|p1b: Toxicroak\n|-damage|p1b: Toxicroak|0 fnt\n|faint|p1b: Toxicroak\n|\n|win|I like bug alots\n|raw|2015slednxs's rating: 1061 &rarr; <strong>1043<\/strong><br \/>(-18 for losing)\n|raw|I like bug alots's rating: 1080 &rarr; <strong>1106<\/strong><br \/>(+26 for winning)\n|l|\u26062015slednxs\n","uploadtime":1698637579,"views":12,"p1id":"2015slednxs","p2id":"ilikebugalots","formatid":"gen9nationaldexdoubles","rating":1043,"private":0,"password":""}