{"id":"gen9nationaldexdoubles-1991187198","p1":"NPC At Home","p2":"kitsu-aria","format":"[Gen 9] National Dex Doubles","log":"|j|\u2606NPC At Home\n|j|\u2606kitsu-aria\n|t:|1700055014\n|gametype|doubles\n|player|p1|NPC At Home|piers|1429\n|player|p2|kitsu-aria|roxie|1487\n|teamsize|p1|6\n|teamsize|p2|6\n|gen|9\n|tier|[Gen 9] National Dex Doubles\n|rated|\n|rule|HP Percentage Mod: HP is shown in percentages\n|rule|Endless Battle Clause: Forcing endless battles is banned\n|rule|OHKO Clause: OHKO moves are banned\n|rule|Evasion Moves Clause: Evasion moves are banned\n|rule|Evasion Abilities Clause: Evasion abilities are banned\n|rule|Species Clause: Limit one of each Pok\u00e9mon\n|rule|Gravity Sleep Clause: The combination of sleep-inducing moves with imperfect accuracy and Gravity or Gigantamax Orbeetle are banned\n|clearpoke\n|poke|p1|Tapu Lele|\n|poke|p1|Alakazam, M|\n|poke|p1|Naganadel|\n|poke|p1|Necrozma|\n|poke|p1|Zamazenta-*|\n|poke|p1|Victini|\n|poke|p2|Pincurchin, F|\n|poke|p2|Cresselia, F|\n|poke|p2|Dondozo, F|\n|poke|p2|Marshadow|\n|poke|p2|Kingambit, M|\n|poke|p2|Ursaluna-Bloodmoon, M|\n|teampreview\n|inactive|Battle timer is ON: inactive players will automatically lose when time's up. (requested by NPC At Home)\n|inactive|NPC At Home has 120 seconds left.\n|c|\u2606NPC At Home|Glhf\n|\n|t:|1700055061\n|start\n|switch|p1a: Zamazenta|Zamazenta, shiny|100\/100\n|switch|p1b: Tapu Lele|Tapu Lele|100\/100\n|switch|p2a: Marshadow|Marshadow|100\/100\n|switch|p2b: Ursaluna|Ursaluna-Bloodmoon, M|100\/100\n|-ability|p1a: Zamazenta|Dauntless Shield|boost\n|-boost|p1a: Zamazenta|def|1\n|-fieldstart|move: Psychic Terrain|[from] ability: Psychic Surge|[of] p1b: Tapu Lele\n|turn|1\n|c|\u2606kitsu-aria|Same\n|\n|t:|1700055087\n|move|p1a: Zamazenta|Body Press|p2b: Ursaluna\n|-supereffective|p2b: Ursaluna\n|-damage|p2b: Ursaluna|27\/100\n|move|p2a: Marshadow|Spectral Thief|p1b: Tapu Lele\n|-supereffective|p1b: Tapu Lele\n|-damage|p1b: Tapu Lele|0 fnt\n|faint|p1b: Tapu Lele\n|move|p2b: Ursaluna|Blood Moon|p1a: Zamazenta\n|-damage|p1a: Zamazenta|25\/100\n|-enditem|p1a: Zamazenta|Sitrus Berry|[eat]\n|-heal|p1a: Zamazenta|50\/100|[from] item: Sitrus Berry\n|\n|upkeep\n|inactive|NPC At Home has 120 seconds left.\n|\n|t:|1700055104\n|switch|p1b: Necrozma|Necrozma|100\/100\n|turn|2\n|inactive|NPC At Home has 120 seconds left.\n|\n|t:|1700055134\n|switch|p2b: Cresselia|Cresselia, F|100\/100\n|-terastallize|p1b: Necrozma|Fairy\n|move|p1a: Zamazenta|Body Press|p2b: Cresselia\n|-resisted|p2b: Cresselia\n|-damage|p2b: Cresselia|82\/100\n|-zpower|p2a: Marshadow\n|move|p2a: Marshadow|Soul-Stealing 7-Star Strike|p1b: Necrozma|[zeffect]\n|-damage|p1b: Necrozma|0 fnt\n|faint|p1b: Necrozma\n|\n|upkeep\n|inactive|NPC At Home has 120 seconds left.\n|\n|t:|1700055151\n|switch|p1b: Victini|Victini|100\/100\n|turn|3\n|\n|t:|1700055158\n|move|p2b: Cresselia|Ally Switch|p2b: Cresselia\n|swap|p2b: Cresselia|0|[from] move: Ally Switch\n|move|p1a: Zamazenta|Coaching|p1b: Victini\n|-boost|p1b: Victini|atk|1\n|-boost|p1b: Victini|def|1\n|move|p2b: Marshadow|Spectral Thief||[still]\n|-clearpositiveboost|p1a: Zamazenta|p2b: Marshadow|move: Spectral Thief\n|-boost|p2b: Marshadow|def|1\n|-anim|p2b: Marshadow|Spectral Thief|p1a: Zamazenta\n|-damage|p1a: Zamazenta|14\/100\n|-zpower|p1b: Victini\n|move|p1b: Victini|Z-Celebrate|p1b: Victini|[anim]Celebrate\n|-boost|p1b: Victini|atk|1|[zeffect]\n|-boost|p1b: Victini|def|1|[zeffect]\n|-boost|p1b: Victini|spa|1|[zeffect]\n|-boost|p1b: Victini|spd|1|[zeffect]\n|-boost|p1b: Victini|spe|1|[zeffect]\n|-activate|p1b: Victini|move: Celebrate\n|\n|upkeep\n|turn|4\n|\n|t:|1700055181\n|move|p1b: Victini|Protect|p1b: Victini\n|-singleturn|p1b: Victini|Protect\n|move|p2b: Marshadow|Protect|p2b: Marshadow\n|-singleturn|p2b: Marshadow|Protect\n|move|p1a: Zamazenta|Play Rough|p2b: Marshadow\n|-activate|p2b: Marshadow|move: Protect\n|move|p2a: Cresselia|Trick Room|p2a: Cresselia\n|-fieldstart|move: Trick Room|[of] p2a: Cresselia\n|\n|upkeep\n|turn|5\n|inactive|NPC At Home has 120 seconds left.\n|\n|t:|1700055227\n|move|p2a: Cresselia|Psychic|p1a: Zamazenta\n|-supereffective|p1a: Zamazenta\n|-damage|p1a: Zamazenta|0 fnt\n|faint|p1a: Zamazenta\n|move|p2b: Marshadow|Spectral Thief||[still]\n|-clearpositiveboost|p1b: Victini|p2b: Marshadow|move: Spectral Thief\n|-boost|p2b: Marshadow|atk|2\n|-boost|p2b: Marshadow|def|2\n|-boost|p2b: Marshadow|spa|1\n|-boost|p2b: Marshadow|spd|1\n|-boost|p2b: Marshadow|spe|1\n|-anim|p2b: Marshadow|Spectral Thief|p1b: Victini\n|-supereffective|p1b: Victini\n|-damage|p1b: Victini|0 fnt\n|faint|p1b: Victini\n|\n|-fieldend|move: Psychic Terrain\n|upkeep\n|\n|t:|1700055230\n|switch|p1b: Alakazam|Alakazam, M|100\/100\n|switch|p1a: Naganadel|Naganadel|100\/100\n|turn|6\n|c|\u2606NPC At Home|Ggs that was a bad play\n|c|\u2606kitsu-aria|Gg\n|inactive|NPC At Home has 120 seconds left.\n|\n|t:|1700055247\n|detailschange|p1b: Alakazam|Alakazam-Mega, M\n|-mega|p1b: Alakazam|Alakazam|Alakazite\n|-ability|p1b: Alakazam|Technician|[from] ability: Trace|[of] p2b: Marshadow\n|move|p2b: Marshadow|Shadow Sneak|p1b: Alakazam\n|-supereffective|p1b: Alakazam\n|-damage|p1b: Alakazam|0 fnt\n|faint|p1b: Alakazam\n|move|p2a: Cresselia|Psychic|p1a: Naganadel\n|-supereffective|p1a: Naganadel\n|-damage|p1a: Naganadel|31\/100\n|-unboost|p1a: Naganadel|spd|1\n|move|p1a: Naganadel|Draco Meteor|p2b: Marshadow\n|-damage|p2b: Marshadow|31\/100\n|-unboost|p1a: Naganadel|spa|2\n|-damage|p1a: Naganadel|21\/100|[from] item: Life Orb\n|\n|upkeep\n|turn|7\n|\n|t:|1700055254\n|move|p2a: Cresselia|Psychic|p1a: Naganadel\n|-supereffective|p1a: Naganadel\n|-damage|p1a: Naganadel|0 fnt\n|faint|p1a: Naganadel\n|\n|win|kitsu-aria\n|raw|NPC At Home's rating: 1429 &rarr; <strong>1412<\/strong><br \/>(-17 for losing)\n|raw|kitsu-aria's rating: 1487 &rarr; <strong>1504<\/strong><br \/>(+17 for winning)\n","uploadtime":1700055261,"views":34,"p1id":"npcathome","p2id":"kitsuaria","formatid":"gen9nationaldexdoubles","rating":1412,"private":0,"password":""}