{"id":"gen9nationaldexdoubles-1970511378","p1":"snowgust","p2":"gyyyyyyya","format":"[Gen 9] National Dex Doubles","log":"|j|\u2606snowgust\n|j|\u2606gyyyyyyya\n|t:|1697644664\n|gametype|doubles\n|player|p1|snowgust|1|1126\n|player|p2|gyyyyyyya|drayden|1085\n|teamsize|p1|6\n|teamsize|p2|6\n|gen|9\n|tier|[Gen 9] National Dex Doubles\n|rated|\n|rule|HP Percentage Mod: HP is shown in percentages\n|rule|Endless Battle Clause: Forcing endless battles is banned\n|rule|OHKO Clause: OHKO moves are banned\n|rule|Evasion Moves Clause: Evasion moves are banned\n|rule|Evasion Abilities Clause: Evasion abilities are banned\n|rule|Species Clause: Limit one of each Pok\u00e9mon\n|rule|Gravity Sleep Clause: The combination of sleep-inducing moves with imperfect accuracy and Gravity or Gigantamax Orbeetle are banned\n|clearpoke\n|poke|p1|Dunsparce, F|\n|poke|p1|Dudunsparce-*, F|\n|poke|p1|Roaring Moon|\n|poke|p1|Sableye, M|\n|poke|p1|Blissey, F|\n|poke|p1|Dragonite, F|\n|poke|p2|Drampa, M|\n|poke|p2|Primarina, M|\n|poke|p2|Marowak-Alola, M|\n|poke|p2|Crawdaunt, F|\n|poke|p2|Pelipper, F|\n|poke|p2|Furret, M|\n|teampreview\n|inactive|Battle timer is ON: inactive players will automatically lose when time's up. (requested by gyyyyyyya)\n|\n|t:|1697644672\n|start\n|switch|p1a: Dunsparce|Dunsparce, F|100\/100\n|switch|p1b: Sableye|Sableye, M|100\/100\n|switch|p2a: Pelipper|Pelipper, F|100\/100\n|switch|p2b: Primarina|Primarina, M|100\/100\n|-weather|RainDance|[from] ability: Drizzle|[of] p2a: Pelipper\n|turn|1\n|\n|t:|1697644682\n|move|p1b: Sableye|Gravity|p1b: Sableye\n|-fieldstart|move: Gravity\n|move|p1a: Dunsparce|Rock Slide|p2a: Pelipper|[spread] p2a,p2b\n|-supereffective|p2a: Pelipper\n|-damage|p2a: Pelipper|83\/100\n|-damage|p2b: Primarina|84\/100\n|cant|p2a: Pelipper|flinch\n|cant|p2b: Primarina|flinch\n|\n|-weather|RainDance|[upkeep]\n|upkeep\n|turn|2\n|\n|t:|1697644696\n|move|p1b: Sableye|Thunder Wave|p2b: Primarina\n|-status|p2b: Primarina|par\n|move|p1a: Dunsparce|Rock Slide|p2a: Pelipper|[spread] p2a,p2b\n|-supereffective|p2a: Pelipper\n|-damage|p2a: Pelipper|63\/100\n|-damage|p2b: Primarina|69\/100 par\n|cant|p2a: Pelipper|flinch\n|cant|p2b: Primarina|flinch\n|\n|-weather|RainDance|[upkeep]\n|upkeep\n|turn|3\n|\n|t:|1697644707\n|move|p1b: Sableye|Thunder Wave|p2a: Pelipper\n|-status|p2a: Pelipper|par\n|move|p1a: Dunsparce|Rock Slide|p2b: Primarina|[spread] p2a,p2b\n|-supereffective|p2a: Pelipper\n|-damage|p2a: Pelipper|43\/100 par\n|-damage|p2b: Primarina|53\/100 par\n|cant|p2a: Pelipper|par\n|cant|p2b: Primarina|flinch\n|\n|-weather|RainDance|[upkeep]\n|upkeep\n|turn|4\n|\n|t:|1697644721\n|move|p1b: Sableye|Confuse Ray|p2b: Primarina\n|-start|p2b: Primarina|confusion\n|move|p1a: Dunsparce|Rock Slide|p2a: Pelipper|[spread] p2a,p2b\n|-supereffective|p2a: Pelipper\n|-damage|p2a: Pelipper|23\/100 par\n|-damage|p2b: Primarina|36\/100 par\n|cant|p2a: Pelipper|flinch\n|-activate|p2b: Primarina|confusion\n|-damage|p2b: Primarina|30\/100 par|[from] confusion\n|\n|-weather|RainDance|[upkeep]\n|upkeep\n|turn|5\n|\n|t:|1697644734\n|move|p1b: Sableye|Confuse Ray|p2a: Pelipper\n|-start|p2a: Pelipper|confusion\n|move|p1a: Dunsparce|Rock Slide|p2a: Pelipper|[spread] p2a,p2b\n|-supereffective|p2a: Pelipper\n|-damage|p2a: Pelipper|2\/100 par\n|-damage|p2b: Primarina|14\/100 par\n|cant|p2a: Pelipper|flinch\n|-activate|p2b: Primarina|confusion\n|-damage|p2b: Primarina|7\/100 par|[from] confusion\n|\n|-weather|RainDance|[upkeep]\n|-fieldend|move: Gravity\n|upkeep\n|turn|6\n|\n|t:|1697644749\n|move|p1b: Sableye|Gravity|p1b: Sableye\n|-fieldstart|move: Gravity\n|move|p1a: Dunsparce|Rock Slide|p2b: Primarina|[spread] p2a,p2b\n|-supereffective|p2a: Pelipper\n|-damage|p2a: Pelipper|0 fnt\n|-damage|p2b: Primarina|0 fnt\n|faint|p2a: Pelipper\n|faint|p2b: Primarina\n|\n|-weather|RainDance|[upkeep]\n|upkeep\n|\n|t:|1697644763\n|switch|p2a: Crawdaunt|Crawdaunt, F|100\/100\n|switch|p2b: Furret|Furret, M|100\/100\n|turn|7\n|\n|t:|1697644772\n|-terastallize|p2a: Crawdaunt|Water\n|move|p2a: Crawdaunt|Aqua Jet|p1b: Sableye\n|-damage|p1b: Sableye|47\/100\n|move|p1b: Sableye|Thunder Wave|p2b: Furret\n|-status|p2b: Furret|par\n|move|p1a: Dunsparce|Rock Slide|p2a: Crawdaunt|[spread] p2a,p2b\n|-damage|p2a: Crawdaunt|86\/100\n|-damage|p2b: Furret|82\/100 par\n|cant|p2b: Furret|flinch\n|\n|-weather|RainDance|[upkeep]\n|-heal|p1b: Sableye|53\/100|[from] item: Leftovers\n|upkeep\n|turn|8\n|\n|t:|1697644788\n|move|p2a: Crawdaunt|Aqua Jet|p1b: Sableye\n|-damage|p1b: Sableye|0 fnt\n|faint|p1b: Sableye\n|move|p1a: Dunsparce|Rock Slide|p2a: Crawdaunt|[spread] p2a,p2b\n|-damage|p2a: Crawdaunt|71\/100\n|-damage|p2b: Furret|63\/100 par\n|move|p2b: Furret|Power-Up Punch|p1a: Dunsparce\n|-supereffective|p1a: Dunsparce\n|-damage|p1a: Dunsparce|74\/100\n|-boost|p2b: Furret|atk|1\n|\n|-weather|none\n|upkeep\n|\n|t:|1697644803\n|switch|p1b: Dragonite|Dragonite, F|100\/100\n|turn|9\n|\n|t:|1697644816\n|move|p2a: Crawdaunt|Aqua Jet|p1b: Dragonite\n|-resisted|p1b: Dragonite\n|-damage|p1b: Dragonite|92\/100\n|move|p1a: Dunsparce|Rock Slide|p2a: Crawdaunt|[spread] p2a,p2b\n|-damage|p2a: Crawdaunt|55\/100\n|-damage|p2b: Furret|42\/100 par\n|move|p1b: Dragonite|Thunder Wave|p2a: Crawdaunt\n|-status|p2a: Crawdaunt|par\n|cant|p2b: Furret|flinch\n|\n|-heal|p1b: Dragonite|98\/100|[from] item: Leftovers\n|upkeep\n|turn|10\n|\n|t:|1697644830\n|cant|p2a: Crawdaunt|par\n|move|p1a: Dunsparce|Rock Slide|p2a: Crawdaunt|[spread] p2a,p2b\n|-damage|p2a: Crawdaunt|39\/100 par\n|-damage|p2b: Furret|23\/100 par\n|move|p1b: Dragonite|Dragon Dance|p1b: Dragonite\n|-boost|p1b: Dragonite|atk|1\n|-boost|p1b: Dragonite|spe|1\n|cant|p2b: Furret|par\n|\n|-heal|p1b: Dragonite|100\/100|[from] item: Leftovers\n|-fieldend|move: Gravity\n|upkeep\n|turn|11\n|-message|gyyyyyyya forfeited.\n|\n|win|snowgust\n|raw|snowgust's rating: 1126 &rarr; <strong>1148<\/strong><br \/>(+22 for winning)\n|raw|gyyyyyyya's rating: 1085 &rarr; <strong>1065<\/strong><br \/>(-20 for losing)\n|l|\u2606gyyyyyyya\n","uploadtime":1697644851,"views":6,"p1id":"snowgust","p2id":"gyyyyyyya","formatid":"gen9nationaldexdoubles","rating":1065,"private":0,"password":""}