{"id":"gen9nationaldexdoubles-1957758667","p1":"BugSME","p2":"haakloong","format":"[Gen 9] National Dex Doubles","log":"|j|\u2606BugSME\n|j|\u2606haakloong\n|t:|1696258883\n|gametype|doubles\n|player|p1|BugSME|bugcatcher-gen4dp|\n|player|p2|haakloong|266|\n|teamsize|p1|6\n|teamsize|p2|6\n|gen|9\n|tier|[Gen 9] National Dex Doubles\n|rule|HP Percentage Mod: HP is shown in percentages\n|rule|Endless Battle Clause: Forcing endless battles is banned\n|rule|OHKO Clause: OHKO moves are banned\n|rule|Evasion Moves Clause: Evasion moves are banned\n|rule|Evasion Abilities Clause: Evasion abilities are banned\n|rule|Species Clause: Limit one of each Pok\u00e9mon\n|rule|Gravity Sleep Clause: The combination of sleep-inducing moves with imperfect accuracy and Gravity or Gigantamax Orbeetle are banned\n|clearpoke\n|poke|p1|Volcarona, M|\n|poke|p1|Dragapult, M|\n|poke|p1|Tentacruel, F|\n|poke|p1|Aggron, F|\n|poke|p1|Arcanine-Hisui, M|\n|poke|p1|Gyarados, F|\n|poke|p2|Goodra-Hisui, M|\n|poke|p2|Lucario, M|\n|poke|p2|Skarmory, M|\n|poke|p2|Ninetales-Alola, M|\n|poke|p2|Cloyster, M|\n|poke|p2|Aggron, F|\n|teampreview\n|\n|t:|1696258915\n|start\n|switch|p1a: Aggron|Aggron, F|100\/100\n|switch|p1b: Gyarados|Gyarados, F|100\/100\n|switch|p2a: Skarmory|Skarmory, M, shiny|100\/100\n|switch|p2b: Goodra|Goodra-Hisui, M|100\/100\n|-ability|p1b: Gyarados|Intimidate|boost\n|-unboost|p2a: Skarmory|atk|1\n|-unboost|p2b: Goodra|atk|1\n|turn|1\n|\n|t:|1696258950\n|move|p1b: Gyarados|Ice Fang|p2b: Goodra\n|-damage|p2b: Goodra|78\/100\n|-ability|p2b: Goodra|Gooey\n|-unboost|p1b: Gyarados|spe|1\n|move|p2a: Skarmory|Iron Defense|p2a: Skarmory\n|-boost|p2a: Skarmory|def|2\n|move|p2b: Goodra|Thunderbolt|p1b: Gyarados\n|-supereffective|p1b: Gyarados\n|-damage|p1b: Gyarados|0 fnt\n|faint|p1b: Gyarados\n|move|p1a: Aggron|Head Smash|p2a: Skarmory\n|-damage|p2a: Skarmory|74\/100\n|-damage|p1a: Aggron|84\/100|[from] item: Rocky Helmet|[of] p2a: Skarmory\n|-damage|p1a: Aggron|71\/100|[from] Recoil\n|\n|-heal|p2b: Goodra|84\/100|[from] item: Leftovers\n|upkeep\n|\n|t:|1696258970\n|switch|p1b: Arcanine|Arcanine-Hisui, M|100\/100\n|turn|2\n|\n|t:|1696258991\n|move|p1b: Arcanine|Flare Blitz|p2a: Skarmory\n|-supereffective|p2a: Skarmory\n|-damage|p2a: Skarmory|15\/100\n|-damage|p1b: Arcanine|84\/100|[from] item: Rocky Helmet|[of] p2a: Skarmory\n|move|p2a: Skarmory|Body Press|p1a: Aggron\n|-supereffective|p1a: Aggron\n|-damage|p1a: Aggron|0 fnt\n|faint|p1a: Aggron\n|move|p2b: Goodra|Earthquake|p1b: Arcanine|[spread] p1b\n|-immune|p2a: Skarmory\n|-supereffective|p1b: Arcanine\n|-damage|p1b: Arcanine|26\/100\n|\n|-heal|p2b: Goodra|90\/100|[from] item: Leftovers\n|upkeep\n|\n|t:|1696259024\n|switch|p1a: Dragapult|Dragapult, M|100\/100\n|turn|3\n|\n|t:|1696259046\n|switch|p2a: Ninetales|Ninetales-Alola, M|100\/100\n|-weather|Snow|[from] ability: Snow Warning|[of] p2a: Ninetales\n|move|p1a: Dragapult|Dragon Darts|p2b: Goodra\n|-damage|p2b: Goodra|62\/100\n|-anim|p1a: Dragapult|Dragon Darts|p2b: Goodra\n|-damage|p2b: Goodra|29\/100\n|move|p1b: Arcanine|Flare Blitz|p2a: Ninetales\n|-supereffective|p2a: Ninetales\n|-damage|p2a: Ninetales|0 fnt\n|faint|p2a: Ninetales\n|move|p2b: Goodra|Body Press|p1b: Arcanine\n|-supereffective|p1b: Arcanine\n|-damage|p1b: Arcanine|0 fnt\n|faint|p1b: Arcanine\n|\n|-weather|Snow|[upkeep]\n|-heal|p2b: Goodra|35\/100|[from] item: Leftovers\n|upkeep\n|\n|t:|1696259065\n|switch|p2a: Cloyster|Cloyster, M, shiny|100\/100\n|switch|p1b: Tentacruel|Tentacruel, F|100\/100\n|turn|4\n|\n|t:|1696259080\n|move|p1a: Dragapult|Phantom Force||[still]\n|-prepare|p1a: Dragapult|Phantom Force\n|move|p1b: Tentacruel|Knock Off|p2b: Goodra\n|-damage|p2b: Goodra|19\/100\n|-ability|p2b: Goodra|Gooey\n|-unboost|p1b: Tentacruel|spe|1\n|-enditem|p2b: Goodra|Leftovers|[from] move: Knock Off|[of] p1b: Tentacruel\n|move|p2a: Cloyster|Icicle Spear|p1a: Dragapult|[miss]\n|-miss|p2a: Cloyster|p1a: Dragapult\n|move|p2b: Goodra|Thunderbolt|p1b: Tentacruel\n|-supereffective|p1b: Tentacruel\n|-damage|p1b: Tentacruel|37\/100\n|\n|-weather|Snow|[upkeep]\n|-heal|p1b: Tentacruel|43\/100|[from] item: Black Sludge\n|upkeep\n|turn|5\n|\n|t:|1696259108\n|switch|p2b: Skarmory|Skarmory, M, shiny|15\/100\n|move|p1a: Dragapult|Phantom Force|p2b: Skarmory|[from]lockedmove\n|-damage|p2b: Skarmory|0 fnt\n|-damage|p1a: Dragapult|84\/100|[from] item: Rocky Helmet|[of] p2b: Skarmory\n|faint|p2b: Skarmory\n|move|p1b: Tentacruel|Knock Off|p2a: Cloyster\n|-damage|p2a: Cloyster|93\/100\n|-enditem|p2a: Cloyster|Icicle Plate|[from] move: Knock Off|[of] p1b: Tentacruel\n|move|p2a: Cloyster|Icicle Spear|p1a: Dragapult\n|-supereffective|p1a: Dragapult\n|-damage|p1a: Dragapult|52\/100\n|-supereffective|p1a: Dragapult\n|-damage|p1a: Dragapult|21\/100\n|-supereffective|p1a: Dragapult\n|-damage|p1a: Dragapult|0 fnt\n|faint|p1a: Dragapult\n|-hitcount|p1: Dragapult|3\n|\n|-weather|Snow|[upkeep]\n|-heal|p1b: Tentacruel|49\/100|[from] item: Black Sludge\n|upkeep\n|\n|t:|1696259128\n|switch|p1a: Volcarona|Volcarona, M|100\/100\n|switch|p2b: Goodra|Goodra-Hisui, M|19\/100\n|turn|6\n|\n|t:|1696259148\n|move|p1a: Volcarona|Flamethrower|p2b: Goodra\n|-damage|p2b: Goodra|0 fnt\n|faint|p2b: Goodra\n|move|p1b: Tentacruel|Sludge Bomb|p2a: Cloyster\n|-damage|p2a: Cloyster|14\/100\n|move|p2a: Cloyster|Waterfall|p1a: Volcarona\n|-supereffective|p1a: Volcarona\n|-damage|p1a: Volcarona|28\/100\n|\n|-weather|Snow|[upkeep]\n|-heal|p1b: Tentacruel|55\/100|[from] item: Black Sludge\n|upkeep\n|\n|t:|1696259170\n|switch|p2b: Lucario|Lucario, M|100\/100\n|turn|7\n|\n|t:|1696259182\n|move|p2b: Lucario|Close Combat|p1a: Volcarona\n|-resisted|p1a: Volcarona\n|-damage|p1a: Volcarona|0 fnt\n|-unboost|p2b: Lucario|def|1\n|-unboost|p2b: Lucario|spd|1\n|faint|p1a: Volcarona\n|move|p1b: Tentacruel|Sludge Bomb|p2a: Cloyster\n|-damage|p2a: Cloyster|0 fnt\n|faint|p2a: Cloyster\n|\n|-weather|none\n|-heal|p1b: Tentacruel|61\/100|[from] item: Black Sludge\n|upkeep\n|\n|t:|1696259193\n|switch|p2a: Aggron|Aggron, F|100\/100\n|turn|8\n|\n|t:|1696259244\n|move|p2b: Lucario|Close Combat|p1b: Tentacruel\n|-resisted|p1b: Tentacruel\n|-damage|p1b: Tentacruel|4\/100\n|-unboost|p2b: Lucario|def|1\n|-unboost|p2b: Lucario|spd|1\n|move|p1b: Tentacruel|Scald|p2b: Lucario\n|-damage|p2b: Lucario|0 fnt\n|faint|p2b: Lucario\n|move|p2a: Aggron|Rock Blast|p1b: Tentacruel\n|-damage|p1b: Tentacruel|0 fnt\n|faint|p1b: Tentacruel\n|-hitcount|p1: Tentacruel|1\n|\n|win|haakloong\n","uploadtime":1696259275,"views":16,"p1id":"bugsme","p2id":"haakloong","formatid":"gen9nationaldexdoubles","rating":0,"private":0,"password":""}