{"id":"gen9nationaldexdoubles-1983324324","p1":"13KStephen","p2":"RyPaKi","format":"[Gen 9] National Dex Doubles","log":"|j|\u260613KStephen\n|j|\u2606RyPaKi\n|t:|1699118284\n|gametype|doubles\n|player|p1|13KStephen|lucas|1112\n|player|p2|RyPaKi|ninjaboy|1003\n|teamsize|p1|6\n|teamsize|p2|6\n|gen|9\n|tier|[Gen 9] National Dex Doubles\n|rated|\n|rule|HP Percentage Mod: HP is shown in percentages\n|rule|Endless Battle Clause: Forcing endless battles is banned\n|rule|OHKO Clause: OHKO moves are banned\n|rule|Evasion Moves Clause: Evasion moves are banned\n|rule|Evasion Abilities Clause: Evasion abilities are banned\n|rule|Species Clause: Limit one of each Pok\u00e9mon\n|rule|Gravity Sleep Clause: The combination of sleep-inducing moves with imperfect accuracy and Gravity or Gigantamax Orbeetle are banned\n|clearpoke\n|poke|p1|Absol, F|\n|poke|p1|Flutter Mane|\n|poke|p1|Conkeldurr, F|\n|poke|p1|Torkoal, M|\n|poke|p1|Leafeon, M|\n|poke|p1|Gastrodon, M|\n|poke|p2|Excadrill, F|\n|poke|p2|Dracozolt|\n|poke|p2|Clodsire, F|\n|poke|p2|Tyranitar, M|\n|poke|p2|Garchomp, M|\n|poke|p2|Steelix, M|\n|teampreview\n|\n|t:|1699118313\n|start\n|switch|p1a: Mr. Brightside|Torkoal, M|100\/100\n|switch|p1b: Flutter Mane|Flutter Mane|100\/100\n|switch|p2a: Clodsire|Clodsire, F|100\/100\n|switch|p2b: Tyranitar|Tyranitar, M, shiny|100\/100\n|-weather|Sandstorm|[from] ability: Sand Stream|[of] p2b: Tyranitar\n|-weather|SunnyDay|[from] ability: Drought|[of] p1a: Mr. Brightside\n|-activate|p1b: Flutter Mane|ability: Protosynthesis\n|-start|p1b: Flutter Mane|protosynthesisspe\n|turn|1\n|\n|t:|1699118335\n|detailschange|p2b: Tyranitar|Tyranitar-Mega, M, shiny\n|-mega|p2b: Tyranitar|Tyranitar|Tyranitarite\n|-weather|Sandstorm|[from] ability: Sand Stream|[of] p2b: Tyranitar\n|-end|p1b: Flutter Mane|Protosynthesis\n|move|p1b: Flutter Mane|Moonblast|p2b: Tyranitar\n|-supereffective|p2b: Tyranitar\n|-damage|p2b: Tyranitar|5\/100\n|move|p2b: Tyranitar|Stone Edge|p1a: Mr. Brightside\n|-supereffective|p1a: Mr. Brightside\n|-damage|p1a: Mr. Brightside|0 fnt\n|faint|p1a: Mr. Brightside\n|move|p2a: Clodsire|Sandstorm||[still]\n|-fail|p2a: Clodsire\n|\n|-weather|Sandstorm|[upkeep]\n|-damage|p1b: Flutter Mane|95\/100|[from] Sandstorm\n|upkeep\n|\n|t:|1699118356\n|switch|p1a: Dorian|Leafeon, M|100\/100\n|turn|2\n|\n|t:|1699118365\n|move|p1b: Flutter Mane|Moonblast|p2b: Tyranitar\n|-supereffective|p2b: Tyranitar\n|-damage|p2b: Tyranitar|0 fnt\n|faint|p2b: Tyranitar\n|move|p1a: Dorian|Sunny Day|p1a: Dorian\n|-weather|SunnyDay\n|-activate|p1b: Flutter Mane|ability: Protosynthesis\n|-start|p1b: Flutter Mane|protosynthesisspe\n|move|p2a: Clodsire|Toxic Spikes|p1a: Dorian\n|-sidestart|p1: 13KStephen|move: Toxic Spikes\n|\n|-weather|SunnyDay|[upkeep]\n|upkeep\n|\n|t:|1699118381\n|switch|p2b: Excadrill|Excadrill, F, shiny|100\/100\n|turn|3\n|j| WBKRAD12022\n|\n|t:|1699118398\n|-end|p1b: Flutter Mane|Protosynthesis|[silent]\n|switch|p1b: The Violence|Conkeldurr, F|100\/100\n|-status|p1b: The Violence|psn\n|move|p1a: Dorian|Double Kick|p2b: Excadrill\n|-supereffective|p2b: Excadrill\n|-crit|p2b: Excadrill\n|-damage|p2b: Excadrill|56\/100\n|-supereffective|p2b: Excadrill\n|-damage|p2b: Excadrill|29\/100\n|-hitcount|p2b: Excadrill|2\n|-zpower|p2b: Excadrill\n|move|p2b: Excadrill|Tectonic Rage|p1b: The Violence|[zeffect]\n|-damage|p1b: The Violence|7\/100 psn\n|move|p2a: Clodsire|Sandstorm|p2a: Clodsire\n|-weather|Sandstorm\n|\n|-weather|Sandstorm|[upkeep]\n|-damage|p1a: Dorian|94\/100|[from] Sandstorm\n|-damage|p1b: The Violence|1\/100 psn|[from] Sandstorm\n|-damage|p1b: The Violence|0 fnt|[from] psn\n|faint|p1b: The Violence\n|upkeep\n|\n|t:|1699118423\n|switch|p1b: Nessie|Gastrodon, M|100\/100\n|-status|p1b: Nessie|psn\n|turn|4\n|\n|t:|1699118437\n|move|p2b: Excadrill|Drill Run|p1a: Dorian\n|-resisted|p1a: Dorian\n|-crit|p1a: Dorian\n|-damage|p1a: Dorian|61\/100\n|move|p1a: Dorian|Sunny Day|p1a: Dorian\n|-weather|SunnyDay\n|move|p1b: Nessie|Earth Power|p2a: Clodsire\n|-supereffective|p2a: Clodsire\n|-damage|p2a: Clodsire|61\/100\n|move|p2a: Clodsire|Toxic Spikes|p1a: Dorian\n|-sidestart|p1: 13KStephen|move: Toxic Spikes\n|\n|-weather|SunnyDay|[upkeep]\n|-damage|p1b: Nessie|88\/100 psn|[from] psn\n|upkeep\n|turn|5\n|l| WBKRAD12022\n|\n|t:|1699118456\n|move|p1a: Dorian|Double Kick|p2b: Excadrill\n|-supereffective|p2b: Excadrill\n|-damage|p2b: Excadrill|0 fnt\n|faint|p2b: Excadrill\n|-hitcount|p2: Excadrill|1\n|move|p1b: Nessie|Earth Power|p2a: Clodsire\n|-supereffective|p2a: Clodsire\n|-damage|p2a: Clodsire|24\/100\n|move|p2a: Clodsire|Sandstorm|p2a: Clodsire\n|-weather|Sandstorm\n|\n|-weather|Sandstorm|[upkeep]\n|-damage|p1a: Dorian|54\/100|[from] Sandstorm\n|-heal|p1b: Nessie|94\/100 psn|[from] item: Leftovers\n|-damage|p1b: Nessie|82\/100 psn|[from] psn\n|upkeep\n|\n|t:|1699118473\n|switch|p2b: Dracozolt|Dracozolt|100\/100\n|turn|6\n|\n|t:|1699118514\n|move|p2b: Dracozolt|Bolt Beak|p1a: Dorian\n|-resisted|p1a: Dorian\n|-damage|p1a: Dorian|17\/100\n|move|p1a: Dorian|Sunny Day|p1a: Dorian\n|-weather|SunnyDay\n|move|p1b: Nessie|Earth Power|p2a: Clodsire\n|-supereffective|p2a: Clodsire\n|-damage|p2a: Clodsire|0 fnt\n|faint|p2a: Clodsire\n|\n|-weather|SunnyDay|[upkeep]\n|-heal|p1b: Nessie|88\/100 psn|[from] item: Leftovers\n|-damage|p1b: Nessie|75\/100 psn|[from] psn\n|upkeep\n|\n|t:|1699118529\n|switch|p2a: Garchomp|Garchomp, M|100\/100\n|turn|7\n|\n|t:|1699118542\n|move|p1a: Dorian|Leaf Blade|p2a: Garchomp\n|-damage|p2a: Garchomp|49\/100\n|-damage|p1a: Dorian|5\/100|[from] ability: Rough Skin|[of] p2a: Garchomp\n|move|p2a: Garchomp|Sandstorm|p2a: Garchomp\n|-weather|Sandstorm\n|move|p2b: Dracozolt|Bolt Beak|p1a: Dorian\n|-resisted|p1a: Dorian\n|-damage|p1a: Dorian|0 fnt\n|faint|p1a: Dorian\n|move|p1b: Nessie|Earth Power|p2a: Garchomp\n|-damage|p2a: Garchomp|23\/100\n|\n|-weather|Sandstorm|[upkeep]\n|-heal|p1b: Nessie|81\/100 psn|[from] item: Leftovers\n|-damage|p1b: Nessie|69\/100 psn|[from] psn\n|upkeep\n|\n|t:|1699118561\n|switch|p1a: Chloe|Absol, F|100\/100\n|-status|p1a: Chloe|tox\n|turn|8\n|\n|t:|1699118582\n|move|p1a: Chloe|Sucker Punch|p2a: Garchomp\n|-crit|p2a: Garchomp\n|-damage|p2a: Garchomp|0 fnt\n|-damage|p1a: Chloe|88\/100 tox|[from] ability: Rough Skin|[of] p2a: Garchomp\n|faint|p2a: Garchomp\n|move|p2b: Dracozolt|Bolt Beak|p1a: Chloe\n|-crit|p1a: Chloe\n|-damage|p1a: Chloe|0 fnt\n|faint|p1a: Chloe\n|move|p1b: Nessie|Earth Power|p2b: Dracozolt\n|-supereffective|p2b: Dracozolt\n|-damage|p2b: Dracozolt|27\/100\n|-unboost|p2b: Dracozolt|spd|1\n|\n|-weather|Sandstorm|[upkeep]\n|-heal|p1b: Nessie|75\/100 psn|[from] item: Leftovers\n|-damage|p1b: Nessie|63\/100 psn|[from] psn\n|upkeep\n|\n|t:|1699118601\n|switch|p2a: Steelix|Steelix, M|100\/100\n|switch|p1a: Flutter Mane|Flutter Mane|95\/100\n|-status|p1a: Flutter Mane|tox\n|turn|9\n|\n|t:|1699118620\n|move|p2b: Dracozolt|Bolt Beak|p1a: Flutter Mane\n|-damage|p1a: Flutter Mane|0 fnt\n|faint|p1a: Flutter Mane\n|-end|p1a: Flutter Mane|Protosynthesis|[silent]\n|move|p2a: Steelix|Autotomize|p2a: Steelix\n|-boost|p2a: Steelix|spe|2\n|-start|p2a: Steelix|Autotomize\n|move|p1b: Nessie|Earth Power|p2a: Steelix\n|-supereffective|p2a: Steelix\n|-damage|p2a: Steelix|14\/100\n|\n|-weather|Sandstorm|[upkeep]\n|-heal|p1b: Nessie|69\/100 psn|[from] item: Leftovers\n|-damage|p1b: Nessie|56\/100 psn|[from] psn\n|upkeep\n|turn|10\n|\n|t:|1699118645\n|move|p2b: Dracozolt|Bolt Beak|p1b: Nessie\n|-immune|p1b: Nessie\n|move|p2a: Steelix|Head Smash|p1b: Nessie\n|-resisted|p1b: Nessie\n|-damage|p1b: Nessie|42\/100 psn\n|move|p1b: Nessie|Recover|p1b: Nessie\n|-heal|p1b: Nessie|92\/100 psn\n|\n|-weather|Sandstorm|[upkeep]\n|-heal|p1b: Nessie|98\/100 psn|[from] item: Leftovers\n|-damage|p1b: Nessie|86\/100 psn|[from] psn\n|upkeep\n|turn|11\n|\n|t:|1699118694\n|move|p2b: Dracozolt|Bolt Beak|p1b: Nessie\n|-immune|p1b: Nessie\n|move|p2a: Steelix|Head Smash|p1b: Nessie\n|-resisted|p1b: Nessie\n|-damage|p1b: Nessie|71\/100 psn\n|move|p1b: Nessie|Earth Power|p2a: Steelix\n|-supereffective|p2a: Steelix\n|-damage|p2a: Steelix|0 fnt\n|faint|p2a: Steelix\n|\n|-weather|Sandstorm|[upkeep]\n|-heal|p1b: Nessie|77\/100 psn|[from] item: Leftovers\n|-damage|p1b: Nessie|65\/100 psn|[from] psn\n|upkeep\n|turn|12\n|\n|t:|1699118730\n|move|p2b: Dracozolt|Bolt Beak|p1b: Nessie\n|-immune|p1b: Nessie\n|move|p1b: Nessie|Earth Power|p2b: Dracozolt\n|-supereffective|p2b: Dracozolt\n|-damage|p2b: Dracozolt|0 fnt\n|faint|p2b: Dracozolt\n|\n|win|13KStephen\n|raw|13KStephen's rating: 1112 &rarr; <strong>1129<\/strong><br \/>(+17 for winning)\n|raw|RyPaKi's rating: 1003 &rarr; <strong>1000<\/strong><br \/>(-3 for losing)\n|c|\u2606RyPaKi|gg\n|l|\u2606RyPaKi\n|c|\u260613KStephen|Gg\n|l|\u260613KStephen\n|j|\u260613KStephen\n|player|p1|13KStephen|lucas\n","uploadtime":1699118755,"views":5,"p1id":"13kstephen","p2id":"rypaki","formatid":"gen9nationaldexdoubles","rating":1000,"private":0,"password":""}