{"id":"gen9nationaldexdoubles-1969628777","p1":"xazawa","p2":"FizzyEnzo","format":"[Gen 9] National Dex Doubles","log":"|j|\u2606xazawa\n|j|\u2606FizzyEnzo\n|t:|1697553177\n|gametype|doubles\n|player|p1|xazawa|swimmerf|1098\n|player|p2|FizzyEnzo|dawn|1033\n|teamsize|p1|6\n|teamsize|p2|6\n|gen|9\n|tier|[Gen 9] National Dex Doubles\n|rated|\n|rule|HP Percentage Mod: HP is shown in percentages\n|rule|Endless Battle Clause: Forcing endless battles is banned\n|rule|OHKO Clause: OHKO moves are banned\n|rule|Evasion Moves Clause: Evasion moves are banned\n|rule|Evasion Abilities Clause: Evasion abilities are banned\n|rule|Species Clause: Limit one of each Pok\u00e9mon\n|rule|Gravity Sleep Clause: The combination of sleep-inducing moves with imperfect accuracy and Gravity or Gigantamax Orbeetle are banned\n|clearpoke\n|poke|p1|Dragalge, F|\n|poke|p1|Mimikyu, M|\n|poke|p1|Diancie|\n|poke|p1|Gastrodon, F|\n|poke|p1|Chi-Yu|\n|poke|p1|Banette, F|\n|poke|p2|Ursaluna, F|\n|poke|p2|Flamigo, F|\n|poke|p2|Weavile, F|\n|poke|p2|Clefairy, M|\n|poke|p2|Jirachi|\n|poke|p2|Greninja-*, M|\n|teampreview\n|inactive|Battle timer is ON: inactive players will automatically lose when time's up. (requested by FizzyEnzo)\n|\n|t:|1697553186\n|start\n|switch|p1a: Gastrodon|Gastrodon, F|100\/100\n|switch|p1b: Dragalge|Dragalge, F|100\/100\n|switch|p2a: Ursaluna|Ursaluna, F|100\/100\n|switch|p2b: Greninja|Greninja, M|100\/100\n|turn|1\n|\n|t:|1697553201\n|move|p2b: Greninja|Mat Block|p2b: Greninja\n|-start|p2b: Greninja|typechange|Fighting|[from] ability: Protean\n|-singleturn|p2b: Greninja|Mat Block\n|move|p2a: Ursaluna|Belly Drum|p2a: Ursaluna\n|-damage|p2a: Ursaluna|51\/100\n|-setboost|p2a: Ursaluna|atk|6|[from] move: Belly Drum\n|move|p1b: Dragalge|Hidden Power|p2b: Greninja\n|-activate|p2b: Greninja|move: Mat Block|Hidden Power\n|move|p1a: Gastrodon|Stealth Rock|p2b: Greninja\n|-sidestart|p2: FizzyEnzo|move: Stealth Rock\n|\n|-status|p2a: Ursaluna|brn|[from] item: Flame Orb\n|upkeep\n|turn|2\n|inactive|xazawa has 120 seconds left.\n|\n|t:|1697553235\n|move|p2b: Greninja|Dark Pulse|p1a: Gastrodon\n|-crit|p1a: Gastrodon\n|-damage|p1a: Gastrodon|68\/100\n|move|p2a: Ursaluna|Earthquake|p1a: Gastrodon|[spread] p2b,p1a,p1b\n|-crit|p1a: Gastrodon\n|-supereffective|p1b: Dragalge\n|-enditem|p2b: Greninja|Focus Sash\n|-damage|p2b: Greninja|1\/100\n|-damage|p1a: Gastrodon|0 fnt\n|-damage|p1b: Dragalge|0 fnt\n|faint|p1a: Gastrodon\n|faint|p1b: Dragalge\n|\n|-damage|p2a: Ursaluna|45\/100 brn|[from] brn\n|upkeep\n|inactive|xazawa has 120 seconds left.\n|\n|t:|1697553249\n|switch|p1b: Banette|Banette, F|100\/100\n|switch|p1a: Mimikyu|Mimikyu, M|100\/100\n|turn|3\n|\n|t:|1697553268\n|move|p2b: Greninja|Dark Pulse|p1a: Mimikyu\n|-activate|p1a: Mimikyu|ability: Disguise\n|-damage|p1a: Mimikyu|100\/100\n|detailschange|p1a: Mimikyu|Mimikyu-Busted, M\n|-damage|p1a: Mimikyu|88\/100|[from] pokemon: Mimikyu-Busted\n|move|p1a: Mimikyu|Play Rough|p2a: Ursaluna\n|-damage|p2a: Ursaluna|20\/100 brn\n|-unboost|p2a: Ursaluna|atk|1\n|move|p1b: Banette|Knock Off|p2b: Greninja\n|-resisted|p2b: Greninja\n|-damage|p2b: Greninja|0 fnt\n|faint|p2b: Greninja\n|move|p2a: Ursaluna|Earthquake|p1b: Banette|[spread] p1a,p1b\n|-damage|p1a: Mimikyu|0 fnt\n|-damage|p1b: Banette|0 fnt\n|faint|p1a: Mimikyu\n|faint|p1b: Banette\n|\n|-damage|p2a: Ursaluna|14\/100 brn|[from] brn\n|upkeep\n|\n|t:|1697553286\n|switch|p2b: Flamigo|Flamigo, F|100\/100\n|switch|p1a: Chi-Yu|Chi-Yu|100\/100\n|switch|p1b: Diancie|Diancie|100\/100\n|-ability|p1a: Chi-Yu|Beads of Ruin\n|-damage|p2b: Flamigo|88\/100|[from] Stealth Rock\n|-copyboost|p2b: Flamigo|p2a: Ursaluna|[from] ability: Costar\n|turn|4\n|inactive|FizzyEnzo has 120 seconds left.\n|\n|t:|1697553318\n|move|p2a: Ursaluna|Protect|p2a: Ursaluna\n|-singleturn|p2a: Ursaluna|Protect\n|move|p1a: Chi-Yu|Substitute|p1a: Chi-Yu\n|-start|p1a: Chi-Yu|Substitute\n|-damage|p1a: Chi-Yu|75\/100\n|move|p2b: Flamigo|Liquidation|p1b: Diancie\n|-supereffective|p1b: Diancie\n|-damage|p1b: Diancie|0 fnt\n|faint|p1b: Diancie\n|\n|-damage|p2a: Ursaluna|8\/100 brn|[from] brn\n|upkeep\n|turn|5\n|-message|xazawa forfeited.\n|\n|win|FizzyEnzo\n|raw|xazawa's rating: 1098 &rarr; <strong>1069<\/strong><br \/>(-29 for losing)\n|raw|FizzyEnzo's rating: 1033 &rarr; <strong>1075<\/strong><br \/>(+42 for winning)\n|l|\u2606xazawa\n","uploadtime":1697553363,"views":10,"p1id":"xazawa","p2id":"fizzyenzo","formatid":"gen9nationaldexdoubles","rating":1069,"private":0,"password":""}