{"id":"gen9nationaldexdoubles-1985566339","p1":"GABRIELRCS48","p2":"NPC At Home","format":"[Gen 9] National Dex Doubles","log":"|j|\u2606GABRIELRCS48\n|j|\u2606NPC At Home\n|t:|1699385153\n|gametype|doubles\n|player|p1|GABRIELRCS48|hugh|1264\n|player|p2|NPC At Home|piers|1376\n|teamsize|p1|6\n|teamsize|p2|6\n|gen|9\n|tier|[Gen 9] National Dex Doubles\n|rated|\n|rule|HP Percentage Mod: HP is shown in percentages\n|rule|Endless Battle Clause: Forcing endless battles is banned\n|rule|OHKO Clause: OHKO moves are banned\n|rule|Evasion Moves Clause: Evasion moves are banned\n|rule|Evasion Abilities Clause: Evasion abilities are banned\n|rule|Species Clause: Limit one of each Pok\u00e9mon\n|rule|Gravity Sleep Clause: The combination of sleep-inducing moves with imperfect accuracy and Gravity or Gigantamax Orbeetle are banned\n|clearpoke\n|poke|p1|Kommo-o, M|\n|poke|p1|Medicham, M|\n|poke|p1|Tsareena, F|\n|poke|p1|Togekiss, F|\n|poke|p1|Ninetales, M|\n|poke|p1|Masquerain, M|\n|poke|p2|Metagross|\n|poke|p2|Kommo-o, M|\n|poke|p2|Volcanion|\n|poke|p2|Kingambit, F|\n|poke|p2|Rillaboom, M|\n|poke|p2|Tornadus, M|\n|teampreview\n|inactive|Battle timer is ON: inactive players will automatically lose when time's up. (requested by NPC At Home)\n|\n|t:|1699385169\n|start\n|switch|p1a: Medicham|Medicham, M|100\/100\n|switch|p1b: Kommo-o|Kommo-o, M|100\/100\n|switch|p2a: Tornadus|Tornadus, M, shiny|100\/100\n|switch|p2b: Kommo-o|Kommo-o, M|100\/100\n|turn|1\n|\n|t:|1699385197\n|detailschange|p1a: Medicham|Medicham-Mega, M\n|-mega|p1a: Medicham|Medicham|Medichamite\n|-terastallize|p1b: Kommo-o|Dark\n|move|p2b: Kommo-o|Protect|p2b: Kommo-o\n|-singleturn|p2b: Kommo-o|Protect\n|move|p1a: Medicham|Fake Out|p2a: Tornadus\n|-damage|p2a: Tornadus|63\/100\n|move|p2a: Tornadus|Bleakwind Storm|p1a: Medicham|[spread] p1a,p1b\n|-supereffective|p1a: Medicham\n|-damage|p1a: Medicham|0 fnt\n|-damage|p1b: Kommo-o|58\/100\n|faint|p1a: Medicham\n|move|p1b: Kommo-o|Clangorous Soul|p1b: Kommo-o\n|-boost|p1b: Kommo-o|atk|1\n|-boost|p1b: Kommo-o|def|1\n|-boost|p1b: Kommo-o|spa|1\n|-boost|p1b: Kommo-o|spd|1\n|-boost|p1b: Kommo-o|spe|1\n|-damage|p1b: Kommo-o|25\/100\n|\n|-heal|p1b: Kommo-o|32\/100|[from] item: Leftovers\n|upkeep\n|\n|t:|1699385211\n|switch|p1a: Togekiss|Togekiss, F|100\/100\n|turn|2\n|\n|t:|1699385219\n|move|p1b: Kommo-o|Protect|p1b: Kommo-o\n|-singleturn|p1b: Kommo-o|Protect\n|move|p2a: Tornadus|Tailwind|p2a: Tornadus\n|-sidestart|p2: NPC At Home|move: Tailwind\n|-zpower|p2b: Kommo-o\n|move|p2b: Kommo-o|Clangorous Soulblaze|p1a: Togekiss|[zeffect]|[spread] \n|-immune|p1b: Kommo-o|[from] ability: Soundproof\n|-immune|p1a: Togekiss\n|move|p1a: Togekiss|Psych Up|p1b: Kommo-o\n|-copyboost|p1a: Togekiss|p1b: Kommo-o|[from] move: Psych Up\n|\n|-heal|p1b: Kommo-o|38\/100|[from] item: Leftovers\n|upkeep\n|turn|3\n|\n|t:|1699385241\n|move|p2a: Tornadus|Bleakwind Storm|p1b: Kommo-o|[spread] p1b\n|-miss|p2a: Tornadus|p1a: Togekiss\n|-damage|p1b: Kommo-o|8\/100\n|move|p2b: Kommo-o|Aura Sphere|p1b: Kommo-o\n|-supereffective|p1b: Kommo-o\n|-damage|p1b: Kommo-o|0 fnt\n|faint|p1b: Kommo-o\n|move|p1a: Togekiss|Ancient Power|p2a: Tornadus\n|-supereffective|p2a: Tornadus\n|-damage|p2a: Tornadus|0 fnt\n|faint|p2a: Tornadus\n|\n|upkeep\n|\n|t:|1699385253\n|switch|p2a: Metagross|Metagross, shiny|100\/100\n|switch|p1b: Masquerain|Masquerain, M|100\/100\n|-ability|p1b: Masquerain|Intimidate|boost\n|-fail|p2a: Metagross|unboost|[from] ability: Clear Body|[of] p2a: Metagross\n|-unboost|p2b: Kommo-o|atk|1\n|turn|4\n|\n|t:|1699385271\n|detailschange|p2a: Metagross|Metagross-Mega, shiny\n|-mega|p2a: Metagross|Metagross|Metagrossite\n|move|p2a: Metagross|Meteor Mash|p1a: Togekiss\n|-supereffective|p1a: Togekiss\n|-damage|p1a: Togekiss|4\/100\n|move|p2b: Kommo-o|Flash Cannon|p1a: Togekiss\n|-supereffective|p1a: Togekiss\n|-damage|p1a: Togekiss|0 fnt\n|faint|p1a: Togekiss\n|move|p1b: Masquerain|Psych Up|p1: Togekiss|[notarget]\n|-fail|p1b: Masquerain\n|\n|upkeep\n|\n|t:|1699385280\n|switch|p1a: Ninetales|Ninetales, M|100\/100\n|turn|5\n|-message|GABRIELRCS48 forfeited.\n|\n|win|NPC At Home\n|raw|GABRIELRCS48's rating: 1264 &rarr; <strong>1247<\/strong><br \/>(-17 for losing)\n|raw|NPC At Home's rating: 1376 &rarr; <strong>1390<\/strong><br \/>(+14 for winning)\n|l|\u2606GABRIELRCS48\n","uploadtime":1699385318,"views":6,"p1id":"gabrielrcs48","p2id":"npcathome","formatid":"gen9nationaldexdoubles","rating":1247,"private":0,"password":""}