{"id":"gen9nationaldexdoubles-1995100537","p1":"LightOfTheRuin","p2":"Mirzzza","format":"[Gen 9] National Dex Doubles","log":"|j|\u2606LightOfTheRuin\n|j|\u2606Mirzzza\n|t:|1700522586\n|gametype|doubles\n|player|p1|LightOfTheRuin|mallow-masters|1297\n|player|p2|Mirzzza|saturn|1524\n|teamsize|p1|6\n|teamsize|p2|6\n|gen|9\n|tier|[Gen 9] National Dex Doubles\n|rated|\n|rule|HP Percentage Mod: HP is shown in percentages\n|rule|Endless Battle Clause: Forcing endless battles is banned\n|rule|OHKO Clause: OHKO moves are banned\n|rule|Evasion Moves Clause: Evasion moves are banned\n|rule|Evasion Abilities Clause: Evasion abilities are banned\n|rule|Species Clause: Limit one of each Pok\u00e9mon\n|rule|Gravity Sleep Clause: The combination of sleep-inducing moves with imperfect accuracy and Gravity or Gigantamax Orbeetle are banned\n|clearpoke\n|poke|p1|Cherrim, F|\n|poke|p1|Lurantis, F|\n|poke|p1|Charizard, M|\n|poke|p1|Malamar, F|\n|poke|p1|Walking Wake|\n|poke|p1|Golurk|\n|poke|p2|Incineroar, M|\n|poke|p2|Gastrodon-East, M|\n|poke|p2|Rillaboom, M|\n|poke|p2|Zygarde|\n|poke|p2|Amoonguss, M|\n|poke|p2|Chien-Pao|\n|teampreview\n|inactive|Battle timer is ON: inactive players will automatically lose when time's up. (requested by Mirzzza)\n|\n|t:|1700522596\n|start\n|switch|p1a: Demeter|Lurantis, F|100\/100\n|switch|p1b: Eos|Cherrim, F, shiny|100\/100\n|switch|p2a: Chien-Pao|Chien-Pao|100\/100\n|switch|p2b: Rillaboom|Rillaboom, M|100\/100\n|-ability|p2a: Chien-Pao|Sword of Ruin\n|-fieldstart|move: Grassy Terrain|[from] ability: Grassy Surge|[of] p2b: Rillaboom\n|turn|1\n|\n|t:|1700522612\n|-terastallize|p1a: Demeter|Fighting\n|move|p2a: Chien-Pao|Protect|p2a: Chien-Pao\n|-singleturn|p2a: Chien-Pao|Protect\n|move|p2b: Rillaboom|U-turn|p1a: Demeter\n|-resisted|p1a: Demeter\n|-crit|p1a: Demeter\n|-damage|p1a: Demeter|77\/100\n|\n|t:|1700522621\n|switch|p2b: Amoonguss|Amoonguss, M|100\/100|[from] U-turn\n|move|p1b: Eos|Sunny Day|p1b: Eos\n|-weather|SunnyDay\n|-formechange|p1b: Eos|Cherrim-Sunshine|[msg]|[from] ability: Flower Gift\n|move|p1a: Demeter|Superpower|p2a: Chien-Pao\n|-activate|p2a: Chien-Pao|move: Protect\n|\n|-weather|SunnyDay|[upkeep]\n|-heal|p1a: Demeter|83\/100|[from] Grassy Terrain\n|upkeep\n|turn|2\n|\n|t:|1700522637\n|-terastallize|p2a: Chien-Pao|Ghost\n|move|p2a: Chien-Pao|Ice Spinner|p1b: Eos\n|-supereffective|p1b: Eos\n|-damage|p1b: Eos|11\/100\n|-fieldend|move: Grassy Terrain\n|move|p1b: Eos|Tickle|p1a: Demeter\n|-boost|p1a: Demeter|atk|1\n|-boost|p1a: Demeter|def|1\n|move|p1a: Demeter|Superpower|p2a: Chien-Pao\n|-immune|p2a: Chien-Pao\n|move|p2b: Amoonguss|Spore|p1a: Demeter\n|-status|p1a: Demeter|slp|[from] move: Spore\n|\n|-weather|SunnyDay|[upkeep]\n|-heal|p1b: Eos|17\/100|[from] item: Leftovers\n|upkeep\n|turn|3\n|\n|t:|1700522660\n|move|p1b: Eos|Protect|p1b: Eos\n|-singleturn|p1b: Eos|Protect\n|move|p2a: Chien-Pao|Ice Spinner|p1b: Eos\n|-activate|p1b: Eos|move: Protect\n|cant|p1a: Demeter|slp\n|move|p2b: Amoonguss|Clear Smog|p1a: Demeter\n|-damage|p1a: Demeter|75\/100 slp\n|-clearboost|p1a: Demeter\n|\n|-weather|SunnyDay|[upkeep]\n|-heal|p1b: Eos|23\/100|[from] item: Leftovers\n|upkeep\n|turn|4\n|\n|t:|1700522687\n|move|p2b: Amoonguss|Rage Powder|p2b: Amoonguss\n|-singleturn|p2b: Amoonguss|move: Rage Powder\n|move|p2a: Chien-Pao|Ice Spinner|p1b: Eos\n|-supereffective|p1b: Eos\n|-damage|p1b: Eos|0 fnt\n|faint|p1b: Eos\n|cant|p1a: Demeter|slp\n|\n|-weather|SunnyDay|[upkeep]\n|upkeep\n|inactive|LightOfTheRuin has 120 seconds left.\n|\n|t:|1700522701\n|switch|p1b: Apollo|Charizard, M|100\/100\n|turn|5\n|inactive|LightOfTheRuin has 120 seconds left.\n|\n|t:|1700522729\n|switch|p1a: Hades|Malamar, F|100\/100\n|switch|p2b: Gastrodon|Gastrodon-East, M, shiny|100\/100\n|move|p2a: Chien-Pao|Ice Spinner|p1b: Apollo\n|-damage|p1b: Apollo|50\/100\n|move|p1b: Apollo|Heat Wave|p2a: Chien-Pao|[spread] p2a,p2b\n|-resisted|p2b: Gastrodon\n|-damage|p2a: Chien-Pao|28\/100\n|-damage|p2b: Gastrodon|80\/100\n|\n|-weather|none\n|-heal|p2b: Gastrodon|86\/100|[from] item: Leftovers\n|upkeep\n|turn|6\n|\n|t:|1700522748\n|switch|p2a: Amoonguss|Amoonguss, M|100\/100\n|detailschange|p1b: Apollo|Charizard-Mega-Y, M\n|-mega|p1b: Apollo|Charizard|Charizardite Y\n|-weather|SunnyDay|[from] ability: Drought|[of] p1b: Apollo\n|move|p1b: Apollo|Protect|p1b: Apollo\n|-singleturn|p1b: Apollo|Protect\n|move|p2b: Gastrodon|Muddy Water|p1a: Hades|[spread] \n|-activate|p1b: Apollo|move: Protect\n|-miss|p2b: Gastrodon|p1a: Hades\n|move|p1a: Hades|Trick Room|p1a: Hades\n|-fieldstart|move: Trick Room|[of] p1a: Hades\n|\n|-weather|SunnyDay|[upkeep]\n|-heal|p2b: Gastrodon|92\/100|[from] item: Leftovers\n|upkeep\n|turn|7\n|inactive|LightOfTheRuin has 120 seconds left.\n|\n|t:|1700522788\n|switch|p2b: Rillaboom|Rillaboom, M|100\/100\n|-fieldstart|move: Grassy Terrain|[from] ability: Grassy Surge|[of] p2b: Rillaboom\n|move|p2a: Amoonguss|Spore|p1b: Apollo\n|-status|p1b: Apollo|slp|[from] move: Spore\n|move|p1a: Hades|Knock Off|p2a: Amoonguss\n|-damage|p2a: Amoonguss|75\/100\n|-enditem|p2a: Amoonguss|Leftovers|[from] move: Knock Off|[of] p1a: Hades\n|cant|p1b: Apollo|slp\n|\n|-weather|SunnyDay|[upkeep]\n|-heal|p2a: Amoonguss|82\/100|[from] Grassy Terrain\n|upkeep\n|turn|8\n|\n|t:|1700522803\n|switch|p1a: Demeter|Lurantis, F, tera:Fighting|75\/100 slp\n|move|p2a: Amoonguss|Spore|p1a: Demeter\n|-fail|p1a: Demeter|slp\n|cant|p1b: Apollo|slp\n|move|p2b: Rillaboom|U-turn|p1a: Demeter\n|-resisted|p1a: Demeter\n|-damage|p1a: Demeter|64\/100 slp\n|\n|t:|1700522819\n|switch|p2b: Incineroar|Incineroar, M, shiny|100\/100|[from] U-turn\n|-ability|p2b: Incineroar|Intimidate|boost\n|-boost|p1a: Demeter|atk|1\n|-unboost|p1b: Apollo|atk|1\n|\n|-weather|SunnyDay|[upkeep]\n|-heal|p2a: Amoonguss|88\/100|[from] Grassy Terrain\n|-heal|p1a: Demeter|70\/100 slp|[from] Grassy Terrain\n|upkeep\n|turn|9\n|\n|t:|1700522834\n|switch|p2a: Gastrodon|Gastrodon-East, M, shiny|92\/100\n|-curestatus|p1a: Demeter|slp|[msg]\n|move|p1a: Demeter|Superpower|p2b: Incineroar\n|-supereffective|p2b: Incineroar\n|-damage|p2b: Incineroar|0 fnt\n|-boost|p1a: Demeter|atk|1\n|-boost|p1a: Demeter|def|1\n|faint|p2b: Incineroar\n|cant|p1b: Apollo|slp\n|\n|-weather|SunnyDay|[upkeep]\n|-heal|p2a: Gastrodon|98\/100|[from] Grassy Terrain\n|-heal|p2a: Gastrodon|100\/100|[from] item: Leftovers\n|-heal|p1a: Demeter|76\/100|[from] Grassy Terrain\n|upkeep\n|\n|t:|1700522852\n|switch|p2b: Amoonguss|Amoonguss, M|100\/100\n|turn|10\n|\n|t:|1700522867\n|move|p2b: Amoonguss|Spore|p1a: Demeter\n|-status|p1a: Demeter|slp|[from] move: Spore\n|move|p2a: Gastrodon|Muddy Water|p1a: Demeter|[spread] p1a,p1b\n|-supereffective|p1b: Apollo\n|-damage|p1a: Demeter|67\/100 slp\n|-damage|p1b: Apollo|28\/100 slp\n|-boost|p1a: Demeter|accuracy|1\n|cant|p1a: Demeter|slp\n|-curestatus|p1b: Apollo|slp|[msg]\n|move|p1b: Apollo|Heat Wave|p2b: Amoonguss|[spread] p2a,p2b\n|-resisted|p2a: Gastrodon\n|-supereffective|p2b: Amoonguss\n|-damage|p2a: Gastrodon|73\/100\n|-damage|p2b: Amoonguss|7\/100\n|\n|-weather|none\n|-heal|p2b: Amoonguss|13\/100|[from] Grassy Terrain\n|-heal|p2a: Gastrodon|79\/100|[from] Grassy Terrain\n|-heal|p2a: Gastrodon|85\/100|[from] item: Leftovers\n|-heal|p1a: Demeter|73\/100 slp|[from] Grassy Terrain\n|-fieldend|move: Trick Room\n|upkeep\n|turn|11\n|\n|t:|1700522896\n|switch|p1b: Poseidon|Walking Wake|100\/100\n|switch|p2b: Zygarde|Zygarde, shiny|100\/100\n|-ability|p2b: Zygarde|Aura Break\n|cant|p1a: Demeter|slp\n|move|p2a: Gastrodon|Muddy Water|p1a: Demeter|[spread] p1a,p1b\n|-resisted|p1b: Poseidon\n|-damage|p1a: Demeter|54\/100 slp\n|-damage|p1b: Poseidon|93\/100\n|-boost|p1a: Demeter|accuracy|1\n|\n|-heal|p1b: Poseidon|99\/100|[from] Grassy Terrain\n|-heal|p1a: Demeter|60\/100 slp|[from] Grassy Terrain\n|-heal|p2a: Gastrodon|91\/100|[from] Grassy Terrain\n|-heal|p2a: Gastrodon|97\/100|[from] item: Leftovers\n|-fieldend|move: Grassy Terrain\n|upkeep\n|turn|12\n|\n|t:|1700522917\n|switch|p2a: Amoonguss|Amoonguss, M|47\/100\n|move|p2b: Zygarde|Protect|p2b: Zygarde\n|-singleturn|p2b: Zygarde|Protect\n|move|p1b: Poseidon|Dragon Pulse|p2b: Zygarde\n|-activate|p2b: Zygarde|move: Protect\n|cant|p1a: Demeter|slp\n|\n|upkeep\n|turn|13\n|\n|t:|1700522941\n|move|p2a: Amoonguss|Rage Powder|p2a: Amoonguss\n|-singleturn|p2a: Amoonguss|move: Rage Powder\n|move|p1b: Poseidon|Dragon Pulse|p2a: Amoonguss\n|-damage|p2a: Amoonguss|13\/100\n|move|p2b: Zygarde|Dragon Dance|p2b: Zygarde\n|-boost|p2b: Zygarde|atk|1\n|-boost|p2b: Zygarde|spe|1\n|-curestatus|p1a: Demeter|slp|[msg]\n|move|p1a: Demeter|Poison Jab|p2a: Amoonguss\n|-damage|p2a: Amoonguss|0 fnt\n|faint|p2a: Amoonguss\n|\n|upkeep\n|\n|t:|1700522952\n|switch|p2a: Rillaboom|Rillaboom, M|100\/100\n|-fieldstart|move: Grassy Terrain|[from] ability: Grassy Surge|[of] p2a: Rillaboom\n|turn|14\n|\n|t:|1700522961\n|-end|p1b: Poseidon|Protosynthesis|[silent]\n|switch|p1b: Apollo|Charizard-Mega-Y, M|28\/100\n|-weather|SunnyDay|[from] ability: Drought|[of] p1b: Apollo\n|move|p2a: Rillaboom|Fake Out|p1b: Apollo\n|-damage|p1b: Apollo|16\/100\n|move|p2b: Zygarde|Dragon Dance|p2b: Zygarde\n|-boost|p2b: Zygarde|atk|1\n|-boost|p2b: Zygarde|spe|1\n|move|p1a: Demeter|Leech Life|p2a: Rillaboom\n|-supereffective|p2a: Rillaboom\n|-damage|p2a: Rillaboom|0 fnt\n|-heal|p1a: Demeter|100\/100|[from] drain|[of] p2a: Rillaboom\n|faint|p2a: Rillaboom\n|\n|-weather|SunnyDay|[upkeep]\n|upkeep\n|\n|t:|1700522975\n|switch|p2a: Chien-Pao|Chien-Pao, tera:Ghost|28\/100\n|-ability|p2a: Chien-Pao|Sword of Ruin\n|turn|15\n|inactive|LightOfTheRuin has 120 seconds left.\n|\n|t:|1700523011\n|move|p2a: Chien-Pao|Protect|p2a: Chien-Pao\n|-singleturn|p2a: Chien-Pao|Protect\n|move|p2b: Zygarde|Thousand Arrows|p1a: Demeter|[spread] p1a,p1b\n|-damage|p1a: Demeter|59\/100\n|-damage|p1b: Apollo|0 fnt\n|faint|p1b: Apollo\n|move|p1a: Demeter|Solar Blade||[still]\n|-prepare|p1a: Demeter|Solar Blade\n|-anim|p1a: Demeter|Solar Blade|p2b: Zygarde\n|-damage|p2b: Zygarde|0 fnt\n|faint|p2b: Zygarde\n|\n|-weather|SunnyDay|[upkeep]\n|-heal|p2a: Chien-Pao|34\/100|[from] Grassy Terrain\n|-heal|p1a: Demeter|66\/100|[from] Grassy Terrain\n|upkeep\n|-message|Mirzzza forfeited.\n|\n|win|LightOfTheRuin\n|raw|LightOfTheRuin's rating: 1297 &rarr; <strong>1336<\/strong><br \/>(+39 for winning)\n|raw|Mirzzza's rating: 1524 &rarr; <strong>1493<\/strong><br \/>(-31 for losing)\n|l|\u2606Mirzzza\n","uploadtime":1700523031,"views":1,"p1id":"lightoftheruin","p2id":"mirzzza","formatid":"gen9nationaldexdoubles","rating":1336,"private":0,"password":""}