{"id":"gen9nationaldexdoubles-1960354719","p1":"CharmanditoABM","p2":"ofrazzz","format":"[Gen 9] National Dex Doubles","log":"|j|\u2606CharmanditoABM\n|j|\u2606ofrazzz\n|t:|1696519276\n|gametype|doubles\n|player|p1|CharmanditoABM|cynthia-gen4|\n|player|p2|ofrazzz|norman|\n|teamsize|p1|6\n|teamsize|p2|6\n|gen|9\n|tier|[Gen 9] National Dex Doubles\n|rule|HP Percentage Mod: HP is shown in percentages\n|rule|Endless Battle Clause: Forcing endless battles is banned\n|rule|OHKO Clause: OHKO moves are banned\n|rule|Evasion Moves Clause: Evasion moves are banned\n|rule|Evasion Abilities Clause: Evasion abilities are banned\n|rule|Species Clause: Limit one of each Pok\u00e9mon\n|rule|Gravity Sleep Clause: The combination of sleep-inducing moves with imperfect accuracy and Gravity or Gigantamax Orbeetle are banned\n|clearpoke\n|poke|p1|Azumarill, M|\n|poke|p1|Pelipper, M|\n|poke|p1|Swampert, M|\n|poke|p1|Dracovish|\n|poke|p1|Blastoise, F|\n|poke|p1|Greninja-*, M|\n|poke|p2|Muk-Alola, M|\n|poke|p2|Thundurus-Therian, M|\n|poke|p2|Glimmora, F|\n|poke|p2|Goodra-Hisui, M|\n|poke|p2|Enamorus-Therian, F|\n|poke|p2|Medicham, F|\n|teampreview\n|c|\u2606ofrazzz|es doble\n|c|\u2606ofrazzz|joder no vi\n|c|\u2606ofrazzz|JAJAJAJA\n|c|\u2606ofrazzz|PERA\n|c|\u2606ofrazzz|elijo bn\n|c|\u2606CharmanditoABM|Tienes el team weon\n|c|\u2606CharmanditoABM|Juega as\u00ed\n|c|\u2606CharmanditoABM|Tienes 4 vidas\n|c|\u2606ofrazzz|valw\n|c|\u2606CharmanditoABM|Y yo voy a jugar random\n|c|\u2606ofrazzz|oks\n|c|\u2606CharmanditoABM|Que estoy en guagua\n|inactive|Battle timer is ON: inactive players will automatically lose when time's up. (requested by CharmanditoABM)\n|\n|t:|1696519336\n|start\n|switch|p1a: Greninja|Greninja, M|100\/100\n|switch|p1b: Ca\u00f1onazo|Blastoise, F|100\/100\n|switch|p2a: Thundurus|Thundurus-Therian, M, shiny|100\/100\n|switch|p2b: boya boya edgy|Muk-Alola, M, shiny|100\/100\n|turn|1\n|inactive|ofrazzz has 270 seconds left.\n|\n|t:|1696519374\n|move|p1a: Greninja|Ice Beam|p2a: Thundurus\n|-supereffective|p2a: Thundurus\n|-damage|p2a: Thundurus|25\/100\n|-status|p2a: Thundurus|frz\n|cant|p2a: Thundurus|frz\n|move|p1b: Ca\u00f1onazo|Shell Smash|p1b: Ca\u00f1onazo\n|-unboost|p1b: Ca\u00f1onazo|def|1\n|-unboost|p1b: Ca\u00f1onazo|spd|1\n|-boost|p1b: Ca\u00f1onazo|atk|2\n|-boost|p1b: Ca\u00f1onazo|spa|2\n|-boost|p1b: Ca\u00f1onazo|spe|2\n|-enditem|p1b: Ca\u00f1onazo|White Herb\n|-clearnegativeboost|p1b: Ca\u00f1onazo|[silent]\n|move|p2b: boya boya edgy|Knock Off|p1a: Greninja\n|-resisted|p1a: Greninja\n|-damage|p1a: Greninja|73\/100\n|-enditem|p1a: Greninja|Assault Vest|[from] move: Knock Off|[of] p2b: boya boya edgy\n|\n|upkeep\n|turn|2\n|inactive|ofrazzz has 270 seconds left.\n|\n|t:|1696519396\n|move|p1b: Ca\u00f1onazo|Scald|p2b: boya boya edgy\n|-damage|p2b: boya boya edgy|59\/100\n|move|p1a: Greninja|Ice Beam|p2a: Thundurus\n|-supereffective|p2a: Thundurus\n|-damage|p2a: Thundurus|0 fnt\n|faint|p2a: Thundurus\n|-ability|p1a: Greninja|Battle Bond|boost\n|-boost|p1a: Greninja|atk|1\n|-boost|p1a: Greninja|spa|1\n|-boost|p1a: Greninja|spe|1\n|-activate|p1a: Greninja|ability: Battle Bond\n|move|p2b: boya boya edgy|Gunk Shot|p1b: Ca\u00f1onazo\n|-damage|p1b: Ca\u00f1onazo|52\/100\n|-status|p1b: Ca\u00f1onazo|psn\n|\n|-damage|p1b: Ca\u00f1onazo|40\/100 psn|[from] psn\n|upkeep\n|c|\u2606CharmanditoABM|xdd\n|inactive|ofrazzz has 270 seconds left.\n|\n|t:|1696519422\n|switch|p2a: Goodra|Goodra-Hisui, M|100\/100\n|turn|3\n|inactive|ofrazzz has 270 seconds left.\n|\n|t:|1696519445\n|move|p1a: Greninja|Dark Pulse|p2a: Goodra\n|-damage|p2a: Goodra|74\/100\n|move|p1b: Ca\u00f1onazo|Aura Sphere|p2a: Goodra\n|-supereffective|p2a: Goodra\n|-damage|p2a: Goodra|34\/100\n|move|p2a: Goodra|Body Press|p1a: Greninja\n|-supereffective|p1a: Greninja\n|-damage|p1a: Greninja|13\/100\n|move|p2b: boya boya edgy|Gunk Shot|p1b: Ca\u00f1onazo\n|-damage|p1b: Ca\u00f1onazo|0 fnt\n|faint|p1b: Ca\u00f1onazo\n|\n|-heal|p2a: Goodra|40\/100|[from] item: Leftovers\n|upkeep\n|\n|t:|1696519461\n|switch|p1b: Jesusete|Azumarill, M, shiny|100\/100\n|turn|4\n|\n|t:|1696519474\n|move|p1a: Greninja|Water Shuriken|p2b: boya boya edgy\n|-crit|p2b: boya boya edgy\n|-damage|p2b: boya boya edgy|50\/100\n|-damage|p2b: boya boya edgy|43\/100\n|-damage|p2b: boya boya edgy|37\/100\n|-damage|p2b: boya boya edgy|31\/100\n|-hitcount|p2b: boya boya edgy|4\n|move|p2a: Goodra|Life Dew|p2a: Goodra|[spread] p2a,p2b\n|-heal|p2a: Goodra|65\/100\n|-heal|p2b: boya boya edgy|55\/100\n|move|p1b: Jesusete|Bulldoze|p2b: boya boya edgy|[spread] p1a,p2a,p2b\n|-supereffective|p2a: Goodra\n|-supereffective|p2b: boya boya edgy\n|-crit|p2b: boya boya edgy\n|-damage|p1a: Greninja|0 fnt\n|-damage|p2a: Goodra|46\/100\n|-damage|p2b: boya boya edgy|25\/100\n|-unboost|p2a: Goodra|spe|1\n|-unboost|p2b: boya boya edgy|spe|1\n|-enditem|p2b: boya boya edgy|Iapapa Berry|[eat]\n|-heal|p2b: boya boya edgy|58\/100|[from] item: Iapapa Berry\n|faint|p1a: Greninja\n|move|p2b: boya boya edgy|Gunk Shot|p1b: Jesusete\n|-supereffective|p1b: Jesusete\n|-damage|p1b: Jesusete|9\/100\n|-enditem|p1b: Jesusete|Sitrus Berry|[eat]\n|-heal|p1b: Jesusete|34\/100|[from] item: Sitrus Berry\n|\n|-heal|p2a: Goodra|53\/100|[from] item: Leftovers\n|upkeep\n|\n|t:|1696519496\n|switch|p1a: Sasaki|Pelipper, M|100\/100\n|-weather|RainDance|[from] ability: Drizzle|[of] p1a: Sasaki\n|turn|5\n|\n|t:|1696519508\n|move|p1a: Sasaki|Hurricane|p2b: boya boya edgy\n|-damage|p2b: boya boya edgy|35\/100\n|-start|p2b: boya boya edgy|confusion\n|move|p1b: Jesusete|Bulldoze|p2b: boya boya edgy|[spread] p2a,p2b\n|-immune|p1a: Sasaki\n|-supereffective|p2a: Goodra\n|-supereffective|p2b: boya boya edgy\n|-damage|p2a: Goodra|35\/100\n|-damage|p2b: boya boya edgy|14\/100\n|-unboost|p2a: Goodra|spe|1\n|-unboost|p2b: boya boya edgy|spe|1\n|move|p2a: Goodra|Heavy Slam|p1b: Jesusete\n|-damage|p1b: Jesusete|0 fnt\n|faint|p1b: Jesusete\n|-activate|p2b: boya boya edgy|confusion\n|move|p2b: boya boya edgy|Knock Off|p1a: Sasaki\n|-damage|p1a: Sasaki|71\/100\n|-status|p1a: Sasaki|psn|[from] ability: Poison Touch|[of] p2b: boya boya edgy\n|-enditem|p1a: Sasaki|Damp Rock|[from] move: Knock Off|[of] p2b: boya boya edgy\n|\n|-weather|RainDance|[upkeep]\n|-heal|p2a: Goodra|41\/100|[from] item: Leftovers\n|-damage|p1a: Sasaki|59\/100 psn|[from] psn\n|upkeep\n|\n|t:|1696519521\n|switch|p1b: Mordisquitos|Dracovish, shiny|100\/100\n|turn|6\n|\n|t:|1696519540\n|-terastallize|p1b: Mordisquitos|Water\n|move|p1b: Mordisquitos|Fishious Rend|p2a: Goodra\n|-resisted|p2a: Goodra\n|-damage|p2a: Goodra|0 fnt\n|faint|p2a: Goodra\n|move|p1a: Sasaki|Hurricane|p2b: boya boya edgy\n|-damage|p2b: boya boya edgy|0 fnt\n|faint|p2b: boya boya edgy\n|\n|-weather|RainDance|[upkeep]\n|-damage|p1a: Sasaki|47\/100 psn|[from] psn\n|upkeep\n|l|\u2606ofrazzz\n|inactive|ofrazzz disconnected and has 300 seconds to reconnect!\n|player|p2|\n|j|\u2606ofrazzz\n|inactive|ofrazzz reconnected and has 285 seconds left.\n|player|p2|ofrazzz|norman\n|\n|t:|1696519558\n|switch|p2a: Enamorus|Enamorus-Therian, F, shiny|100\/100\n|switch|p2b: Medicham|Medicham, F|100\/100\n|turn|7\n|\n|t:|1696519571\n|detailschange|p2b: Medicham|Medicham-Mega, F\n|-mega|p2b: Medicham|Medicham|Medichamite\n|move|p2b: Medicham|Fake Out|p1a: Sasaki\n|-damage|p1a: Sasaki|30\/100 psn\n|move|p1b: Mordisquitos|Fishious Rend|p2a: Enamorus\n|-damage|p2a: Enamorus|0 fnt\n|faint|p2a: Enamorus\n|cant|p1a: Sasaki|flinch\n|\n|-weather|RainDance|[upkeep]\n|-damage|p1a: Sasaki|18\/100 psn|[from] psn\n|upkeep\n|\n|t:|1696519578\n|switch|p2a: Glimmora|Glimmora, F|100\/100\n|turn|8\n|\n|t:|1696519599\n|move|p2b: Medicham|Bullet Punch|p1a: Sasaki\n|-resisted|p1a: Sasaki\n|-damage|p1a: Sasaki|9\/100 psn\n|move|p1b: Mordisquitos|Fishious Rend|p2b: Medicham\n|-damage|p2b: Medicham|0 fnt\n|faint|p2b: Medicham\n|move|p2a: Glimmora|Earth Power|p1b: Mordisquitos\n|-damage|p1b: Mordisquitos|63\/100\n|-unboost|p1b: Mordisquitos|spd|1\n|move|p1a: Sasaki|Tailwind|p1a: Sasaki\n|-sidestart|p1: CharmanditoABM|move: Tailwind\n|\n|-weather|RainDance|[upkeep]\n|-damage|p1a: Sasaki|0 fnt|[from] psn\n|faint|p1a: Sasaki\n|upkeep\n|\n|t:|1696519606\n|switch|p1a: Poseidon|Swampert, M|100\/100\n|turn|9\n|\n|t:|1696519613\n|detailschange|p1a: Poseidon|Swampert-Mega, M\n|-mega|p1a: Poseidon|Swampert|Swampertite\n|move|p1a: Poseidon|Waterfall|p2a: Glimmora\n|-supereffective|p2a: Glimmora\n|-damage|p2a: Glimmora|0 fnt\n|-activate|p2a: Glimmora|ability: Toxic Debris\n|-sidestart|p1: CharmanditoABM|move: Toxic Spikes\n|faint|p2a: Glimmora\n|\n|win|CharmanditoABM\n|c|\u2606ofrazzz|gg\n|c|\u2606ofrazzz|sw puede otra\n|c|\u2606ofrazzz|?*\n","uploadtime":1696519623,"views":7,"p1id":"charmanditoabm","p2id":"ofrazzz","formatid":"gen9nationaldexdoubles","rating":0,"private":0,"password":""}