{"id":"gen9nationaldexdoubles-1999136141","p1":"S1r.sweepsaLot","p2":"SetsunaF2620","format":"[Gen 9] National Dex Doubles","log":"|j|\u2606S1r.sweepsaLot\n|j|\u2606SetsunaF2620\n|t:|1701037064\n|gametype|doubles\n|player|p1|S1r.sweepsaLot|marshal|1460\n|player|p2|SetsunaF2620|101|1241\n|teamsize|p1|6\n|teamsize|p2|6\n|gen|9\n|tier|[Gen 9] National Dex Doubles\n|rated|\n|rule|HP Percentage Mod: HP is shown in percentages\n|rule|Endless Battle Clause: Forcing endless battles is banned\n|rule|OHKO Clause: OHKO moves are banned\n|rule|Evasion Moves Clause: Evasion moves are banned\n|rule|Evasion Abilities Clause: Evasion abilities are banned\n|rule|Species Clause: Limit one of each Pok\u00e9mon\n|rule|Gravity Sleep Clause: The combination of sleep-inducing moves with imperfect accuracy and Gravity or Gigantamax Orbeetle are banned\n|clearpoke\n|poke|p1|Tyranitar, M|\n|poke|p1|Excadrill, M|\n|poke|p1|Farigiraf, F|\n|poke|p1|Rillaboom, F|\n|poke|p1|Gholdengo|\n|poke|p1|Incineroar, M|\n|poke|p2|Ferrothorn, F|\n|poke|p2|Indeedee-F, F|\n|poke|p2|Tornadus, M|\n|poke|p2|Flutter Mane|\n|poke|p2|Politoed, M|\n|poke|p2|Basculegion, M|\n|teampreview\n|inactive|Battle timer is ON: inactive players will automatically lose when time's up. (requested by SetsunaF2620)\n|c|\u2606S1r.sweepsaLot|glhf\n|\n|t:|1701037087\n|start\n|switch|p1a: Chain Chomp|Farigiraf, F|100\/100\n|switch|p1b: Godzilla|Tyranitar, M|100\/100\n|switch|p2a: Ferrothorn|Ferrothorn, F|100\/100\n|switch|p2b: Flutter Mane|Flutter Mane|100\/100\n|-weather|Sandstorm|[from] ability: Sand Stream|[of] p1b: Godzilla\n|turn|1\n|\n|t:|1701037104\n|move|p2b: Flutter Mane|Dazzling Gleam|p1b: Godzilla|[spread] p1a,p1b\n|-supereffective|p1b: Godzilla\n|-damage|p1a: Chain Chomp|60\/100\n|-damage|p1b: Godzilla|63\/100\n|move|p1b: Godzilla|Knock Off|p2b: Flutter Mane\n|-damage|p2b: Flutter Mane|0 fnt\n|-enditem|p2b: Flutter Mane|Choice Specs|[from] move: Knock Off|[of] p1b: Godzilla\n|faint|p2b: Flutter Mane\n|-end|p2b: Flutter Mane|Protosynthesis|[silent]\n|move|p2a: Ferrothorn|Iron Defense|p2a: Ferrothorn\n|-boost|p2a: Ferrothorn|def|2\n|move|p1a: Chain Chomp|Trick Room|p1a: Chain Chomp\n|-fieldstart|move: Trick Room|[of] p1a: Chain Chomp\n|\n|-weather|Sandstorm|[upkeep]\n|upkeep\n|\n|t:|1701037121\n|switch|p2b: Indeedee|Indeedee-F, F|100\/100\n|-fieldstart|move: Psychic Terrain|[from] ability: Psychic Surge|[of] p2b: Indeedee\n|turn|2\n|\n|t:|1701037137\n|-terastallize|p1b: Godzilla|Flying\n|move|p2a: Ferrothorn|Iron Defense|p2a: Ferrothorn\n|-boost|p2a: Ferrothorn|def|2\n|move|p2b: Indeedee|Light Screen|p2b: Indeedee\n|-sidestart|p2: SetsunaF2620|move: Light Screen\n|move|p1b: Godzilla|Knock Off|p2b: Indeedee\n|-supereffective|p2b: Indeedee\n|-damage|p2b: Indeedee|1\/100\n|-enditem|p2b: Indeedee|Focus Sash|[from] move: Knock Off|[of] p1b: Godzilla\n|move|p1a: Chain Chomp|Trick Room|p1a: Chain Chomp\n|-fieldend|move: Trick Room\n|\n|-weather|Sandstorm|[upkeep]\n|-damage|p1b: Godzilla|57\/100|[from] Sandstorm\n|-damage|p2b: Indeedee|0 fnt|[from] Sandstorm\n|faint|p2b: Indeedee\n|upkeep\n|\n|t:|1701037147\n|switch|p2b: Politoed|Politoed, M|100\/100\n|-weather|RainDance|[from] ability: Drizzle|[of] p2b: Politoed\n|turn|3\n|\n|t:|1701037159\n|switch|p1a: Harambe|Rillaboom, F|100\/100\n|-fieldstart|move: Grassy Terrain|[from] ability: Grassy Surge|[of] p1a: Harambe\n|move|p2b: Politoed|Scald|p1b: Godzilla\n|-damage|p1b: Godzilla|36\/100\n|move|p1b: Godzilla|Low Kick|p2a: Ferrothorn\n|-supereffective|p2a: Ferrothorn\n|-damage|p2a: Ferrothorn|80\/100\n|-damage|p1b: Godzilla|24\/100|[from] ability: Iron Barbs|[of] p2a: Ferrothorn\n|move|p2a: Ferrothorn|Leech Seed|p1a: Harambe\n|-immune|p1a: Harambe\n|\n|-weather|RainDance|[upkeep]\n|-heal|p2a: Ferrothorn|86\/100|[from] Grassy Terrain\n|-heal|p2a: Ferrothorn|93\/100|[from] item: Leftovers\n|upkeep\n|turn|4\n|\n|t:|1701037187\n|switch|p2b: Tornadus|Tornadus, M|100\/100\n|move|p1a: Harambe|Wood Hammer|p2b: Tornadus\n|-resisted|p2b: Tornadus\n|-damage|p2b: Tornadus|25\/100\n|-damage|p1a: Harambe|82\/100|[from] Recoil\n|move|p1b: Godzilla|Rock Slide|p2a: Ferrothorn|[spread] p2a,p2b\n|-resisted|p2a: Ferrothorn\n|-supereffective|p2b: Tornadus\n|-damage|p2a: Ferrothorn|88\/100\n|-damage|p2b: Tornadus|0 fnt\n|faint|p2b: Tornadus\n|cant|p2a: Ferrothorn|flinch\n|\n|-weather|RainDance|[upkeep]\n|-heal|p1a: Harambe|88\/100|[from] Grassy Terrain\n|-heal|p2a: Ferrothorn|95\/100|[from] Grassy Terrain\n|-heal|p2a: Ferrothorn|100\/100|[from] item: Leftovers\n|upkeep\n|inactive|SetsunaF2620 has 120 seconds left.\n|\n|t:|1701037204\n|switch|p2b: Politoed|Politoed, M|100\/100\n|turn|5\n|\n|t:|1701037213\n|move|p1a: Harambe|Grassy Glide|p2b: Politoed\n|-supereffective|p2b: Politoed\n|-damage|p2b: Politoed|33\/100\n|move|p2b: Politoed|Scald|p1b: Godzilla\n|-damage|p1b: Godzilla|2\/100\n|move|p1b: Godzilla|Knock Off|p2a: Ferrothorn\n|-damage|p2a: Ferrothorn|84\/100\n|-damage|p1b: Godzilla|0 fnt|[from] ability: Iron Barbs|[of] p2a: Ferrothorn\n|faint|p1b: Godzilla\n|move|p2a: Ferrothorn|Body Press|p1a: Harambe\n|-damage|p1a: Harambe|20\/100\n|\n|-weather|RainDance|[upkeep]\n|-heal|p1a: Harambe|26\/100|[from] Grassy Terrain\n|-heal|p2b: Politoed|39\/100|[from] Grassy Terrain\n|-heal|p2a: Ferrothorn|91\/100|[from] Grassy Terrain\n|-heal|p2a: Ferrothorn|97\/100|[from] item: Leftovers\n|upkeep\n|\n|t:|1701037230\n|switch|p1b: Nala|Incineroar, M|100\/100\n|-ability|p1b: Nala|Intimidate|boost\n|-unboost|p2a: Ferrothorn|atk|1\n|-unboost|p2b: Politoed|atk|1\n|turn|6\n|\n|t:|1701037242\n|move|p1b: Nala|Fake Out|p2a: Ferrothorn\n|-resisted|p2a: Ferrothorn\n|-damage|p2a: Ferrothorn|96\/100\n|-damage|p1b: Nala|88\/100|[from] ability: Iron Barbs|[of] p2a: Ferrothorn\n|move|p1a: Harambe|Grassy Glide|p2b: Politoed\n|-supereffective|p2b: Politoed\n|-damage|p2b: Politoed|0 fnt\n|faint|p2b: Politoed\n|cant|p2a: Ferrothorn|flinch\n|\n|-weather|RainDance|[upkeep]\n|-heal|p1a: Harambe|33\/100|[from] Grassy Terrain\n|-heal|p1b: Nala|94\/100|[from] Grassy Terrain\n|-heal|p2a: Ferrothorn|100\/100|[from] Grassy Terrain\n|-sideend|p2: SetsunaF2620|move: Light Screen\n|upkeep\n|\n|t:|1701037244\n|switch|p2b: Basculegion|Basculegion, M|100\/100\n|turn|7\n|inactive|SetsunaF2620 has 120 seconds left.\n|c|\u2606SetsunaF2620|Forgot to change my tera type on basculegion :(\n|c|\u2606S1r.sweepsaLot|damn\n|\n|t:|1701037288\n|move|p1a: Harambe|Grassy Glide|p2b: Basculegion\n|-supereffective|p2b: Basculegion\n|-damage|p2b: Basculegion|0 fnt\n|faint|p2b: Basculegion\n|move|p1b: Nala|Parting Shot|p2a: Ferrothorn\n|-unboost|p2a: Ferrothorn|atk|1\n|-unboost|p2a: Ferrothorn|spa|1\n|c|\u2606S1r.sweepsaLot|gg\n|\n|t:|1701037296\n|switch|p1b: Chain Chomp|Farigiraf, F|60\/100|[from] Parting Shot\n|move|p2a: Ferrothorn|Body Press|p1b: Chain Chomp\n|-damage|p1b: Chain Chomp|0 fnt\n|faint|p1b: Chain Chomp\n|\n|-weather|none\n|-heal|p1a: Harambe|39\/100|[from] Grassy Terrain\n|-fieldend|move: Grassy Terrain\n|upkeep\n|\n|t:|1701037301\n|switch|p1b: Nala|Incineroar, M|94\/100\n|-ability|p1b: Nala|Intimidate|boost\n|-unboost|p2a: Ferrothorn|atk|1\n|turn|8\n|c|\u2606SetsunaF2620|I mean, you syoll have to KO ferrothorn\n|\n|t:|1701037319\n|move|p2a: Ferrothorn|Protect|p2a: Ferrothorn\n|-singleturn|p2a: Ferrothorn|Protect\n|move|p1a: Harambe|U-turn|p2a: Ferrothorn\n|-activate|p2a: Ferrothorn|move: Protect\n|move|p1b: Nala|Flare Blitz|p2a: Ferrothorn\n|-activate|p2a: Ferrothorn|move: Protect\n|\n|upkeep\n|turn|9\n|c|\u2606S1r.sweepsaLot|yeah he could reverse sweep\n|\n|t:|1701037331\n|-terastallize|p2a: Ferrothorn|Normal\n|move|p1a: Harambe|U-turn|p2a: Ferrothorn\n|-damage|p2a: Ferrothorn|93\/100\n|-damage|p1a: Harambe|26\/100|[from] ability: Iron Barbs|[of] p2a: Ferrothorn\n|\n|t:|1701037342\n|switch|p1a: Money Bags|Gholdengo, shiny|100\/100|[from] U-turn\n|move|p1b: Nala|Flare Blitz|p2a: Ferrothorn\n|-damage|p2a: Ferrothorn|82\/100\n|-damage|p1b: Nala|82\/100|[from] ability: Iron Barbs|[of] p2a: Ferrothorn\n|-damage|p1b: Nala|78\/100|[from] Recoil\n|move|p2a: Ferrothorn|Body Press|p1b: Nala\n|-supereffective|p1b: Nala\n|-damage|p1b: Nala|0 fnt\n|faint|p1b: Nala\n|\n|-heal|p2a: Ferrothorn|88\/100|[from] item: Leftovers\n|upkeep\n|\n|t:|1701037353\n|switch|p1b: Harambe|Rillaboom, F|26\/100\n|-fieldstart|move: Grassy Terrain|[from] ability: Grassy Surge|[of] p1b: Harambe\n|turn|10\n|\n|t:|1701037358\n|move|p2a: Ferrothorn|Protect|p2a: Ferrothorn\n|-singleturn|p2a: Ferrothorn|Protect\n|move|p1b: Harambe|Fake Out|p2a: Ferrothorn\n|-activate|p2a: Ferrothorn|move: Protect\n|move|p1a: Money Bags|Nasty Plot|p1a: Money Bags\n|-boost|p1a: Money Bags|spa|2\n|\n|-heal|p1b: Harambe|33\/100|[from] Grassy Terrain\n|-heal|p2a: Ferrothorn|95\/100|[from] Grassy Terrain\n|-heal|p2a: Ferrothorn|100\/100|[from] item: Leftovers\n|upkeep\n|turn|11\n|\n|t:|1701037371\n|move|p1b: Harambe|Wood Hammer|p2a: Ferrothorn\n|-damage|p2a: Ferrothorn|75\/100\n|-damage|p1b: Harambe|20\/100|[from] ability: Iron Barbs|[of] p2a: Ferrothorn\n|-damage|p1b: Harambe|13\/100|[from] Recoil\n|move|p1a: Money Bags|Nasty Plot|p1a: Money Bags\n|-boost|p1a: Money Bags|spa|2\n|move|p2a: Ferrothorn|Leech Seed|p1a: Money Bags\n|-immune|p1a: Money Bags|[from] ability: Good as Gold\n|\n|-heal|p1b: Harambe|19\/100|[from] Grassy Terrain\n|-heal|p2a: Ferrothorn|82\/100|[from] Grassy Terrain\n|-heal|p2a: Ferrothorn|88\/100|[from] item: Leftovers\n|upkeep\n|turn|12\n|c|\u2606SetsunaF2620|Yo nasty plot os no bueno for me\n|c|\u2606S1r.sweepsaLot|my friend loves ferrothorn\n|c|\u2606SetsunaF2620|Ohhhh damn gg\n|c|\u2606SetsunaF2620|I have no way to hit you. Damn close game though\n|inactive|S1r.sweepsaLot has 120 seconds left.\n|inactive|SetsunaF2620 has 120 seconds left.\n|c|\u2606S1r.sweepsaLot|you ever do a tournament?\n|\n|t:|1701037412\n|move|p1b: Harambe|Wood Hammer|p2a: Ferrothorn\n|-damage|p2a: Ferrothorn|63\/100\n|-damage|p1b: Harambe|7\/100|[from] ability: Iron Barbs|[of] p2a: Ferrothorn\n|-damage|p1b: Harambe|0 fnt|[from] Recoil\n|faint|p1b: Harambe\n|move|p1a: Money Bags|Make It Rain|p2a: Ferrothorn\n|-damage|p2a: Ferrothorn|0 fnt\n|-unboost|p1a: Money Bags|spa|1\n|faint|p2a: Ferrothorn\n|\n|win|S1r.sweepsaLot\n|raw|S1r.sweepsaLot's rating: 1460 &rarr; <strong>1469<\/strong><br \/>(+9 for winning)\n|raw|SetsunaF2620's rating: 1241 &rarr; <strong>1230<\/strong><br \/>(-11 for losing)\n|c|\u2606SetsunaF2620|Negative\n|c|\u2606S1r.sweepsaLot|like would you ever join one\n|c|\u2606SetsunaF2620|I mean maybe?\n|c|\u2606S1r.sweepsaLot|because im hosting an online one\n|c|\u2606S1r.sweepsaLot|on showdown\n|c|\u2606S1r.sweepsaLot|just need your discord\n|c|\u2606S1r.sweepsaLot|actually\n|c|\u2606S1r.sweepsaLot|i will give you mine\n|c|\u2606SetsunaF2620|Depends on times and stuff i kind of have an irregular schedule\n|c|\u2606SetsunaF2620|Yea one sec i dint use discord much so i have to check what it is lol\n|c|\u2606S1r.sweepsaLot|foreskin_peeler37\n|c|\u2606SetsunaF2620|shankyou2620\n|c|\u2606S1r.sweepsaLot|alright sent you a friend request\n|c|\u2606SetsunaF2620|Went with foreskin huh. Thats a choice l\n|l|\u2606S1r.sweepsaLot\n|j|\u2606S1r.sweepsaLot\n|player|p1|S1r.sweepsaLot|marshal\n|l|\u2606S1r.sweepsaLot\n|player|p1|\n|j|\u2606S1r.sweepsaLot\n|player|p1|S1r.sweepsaLot|marshal\n","uploadtime":1701037822,"views":1,"p1id":"s1rsweepsalot","p2id":"setsunaf2620","formatid":"gen9nationaldexdoubles","rating":1230,"private":0,"password":""}