{"id":"gen9nationaldexdoubles-1975848039","p1":"PR34CH3R_76","p2":"magicgril","format":"[Gen 9] National Dex Doubles","log":"|j|\u2606PR34CH3R_76\n|j|\u2606magicgril\n|t:|1698243521\n|gametype|doubles\n|player|p1|PR34CH3R_76|265|1207\n|player|p2|magicgril|rosa-masters|1438\n|teamsize|p1|6\n|teamsize|p2|6\n|gen|9\n|tier|[Gen 9] National Dex Doubles\n|rated|\n|rule|HP Percentage Mod: HP is shown in percentages\n|rule|Endless Battle Clause: Forcing endless battles is banned\n|rule|OHKO Clause: OHKO moves are banned\n|rule|Evasion Moves Clause: Evasion moves are banned\n|rule|Evasion Abilities Clause: Evasion abilities are banned\n|rule|Species Clause: Limit one of each Pok\u00e9mon\n|rule|Gravity Sleep Clause: The combination of sleep-inducing moves with imperfect accuracy and Gravity or Gigantamax Orbeetle are banned\n|clearpoke\n|poke|p1|Hatterene, F|\n|poke|p1|Indeedee-F, F|\n|poke|p1|Zamazenta-*|\n|poke|p1|Zygarde|\n|poke|p1|Tapu Koko|\n|poke|p1|Sceptile, M|\n|poke|p2|Tapu Lele|\n|poke|p2|Deoxys-Attack|\n|poke|p2|Alakazam, M|\n|poke|p2|Flutter Mane|\n|poke|p2|Ogerpon-Hearthflame, F|\n|poke|p2|Tornadus, M|\n|teampreview\n|inactive|Battle timer is ON: inactive players will automatically lose when time's up. (requested by PR34CH3R_76)\n|inactive|magicgril has 120 seconds left.\n|\n|t:|1698243551\n|start\n|switch|p1a: Hatterene|Hatterene, F|100\/100\n|switch|p1b: Indeedee|Indeedee-F, F|100\/100\n|switch|p2a: Ogerpon|Ogerpon-Hearthflame, F|100\/100\n|switch|p2b: Alakazam|Alakazam, M|100\/100\n|-ability|p2a: Ogerpon|Mold Breaker\n|-fieldstart|move: Psychic Terrain|[from] ability: Psychic Surge|[of] p1b: Indeedee\n|turn|1\n|\n|t:|1698243568\n|detailschange|p2b: Alakazam|Alakazam-Mega, M\n|-mega|p2b: Alakazam|Alakazam|Alakazite\n|-ability|p2b: Alakazam|Psychic Surge|[from] ability: Trace|[of] p1b: Indeedee\n|-terastallize|p2a: Ogerpon|Fire\n|detailschange|p2a: Ogerpon|Ogerpon-Hearthflame-Tera, F, tera:Fire\n|-ability|p2a: Ogerpon|Embody Aspect (Hearthflame)|boost\n|-boost|p2a: Ogerpon|atk|1\n|move|p2b: Alakazam|Nasty Plot|p2b: Alakazam\n|-boost|p2b: Alakazam|spa|2\n|move|p2a: Ogerpon|Ivy Cudgel|p1b: Indeedee\n|-crit|p1b: Indeedee\n|-damage|p1b: Indeedee|0 fnt\n|faint|p1b: Indeedee\n|move|p1a: Hatterene|Expanding Force|p2b: Alakazam|[spread] p2a,p2b\n|-resisted|p2b: Alakazam\n|-damage|p2a: Ogerpon|25\/100\n|-damage|p2b: Alakazam|56\/100\n|\n|upkeep\n|\n|t:|1698243587\n|switch|p1b: Zygarde|Zygarde|100\/100\n|-ability|p1b: Zygarde|Aura Break\n|turn|2\n|\n|t:|1698243600\n|move|p2b: Alakazam|Expanding Force|p1a: Hatterene|[spread] p1a,p1b\n|-resisted|p1a: Hatterene\n|-crit|p1b: Zygarde\n|-damage|p1a: Hatterene|25\/100\n|-damage|p1b: Zygarde|0 fnt\n|faint|p1b: Zygarde\n|move|p2a: Ogerpon|Horn Leech|p1a: Hatterene\n|-damage|p1a: Hatterene|0 fnt\n|-heal|p2a: Ogerpon|38\/100|[from] drain|[of] p1a: Hatterene\n|faint|p1a: Hatterene\n|\n|upkeep\n|\n|t:|1698243611\n|switch|p1b: Sceptile|Sceptile, M|100\/100\n|switch|p1a: Tapu Koko|Tapu Koko|100\/100\n|turn|3\n|\n|t:|1698243625\n|detailschange|p1b: Sceptile|Sceptile-Mega, M\n|-mega|p1b: Sceptile|Sceptile|Sceptilite\n|-terastallize|p1a: Tapu Koko|Electric\n|move|p2b: Alakazam|Expanding Force|p1a: Tapu Koko|[spread] p1a,p1b\n|-damage|p1a: Tapu Koko|0 fnt\n|-damage|p1b: Sceptile|0 fnt\n|faint|p1a: Tapu Koko\n|faint|p1b: Sceptile\n|move|p2a: Ogerpon|Horn Leech|p1: Tapu Koko|[notarget]\n|-fail|p2a: Ogerpon\n|\n|upkeep\n|c|\u2606PR34CH3R_76|Cool strat\n|c|\u2606PR34CH3R_76|i use the same thing\n|c|\u2606magicgril|thanks\n|inactive|PR34CH3R_76 has 120 seconds left.\n|\n|t:|1698243663\n|switch|p1a: Zamazenta|Zamazenta|100\/100\n|-ability|p1a: Zamazenta|Dauntless Shield|boost\n|-boost|p1a: Zamazenta|def|1\n|turn|4\n|\n|t:|1698243673\n|move|p1a: Zamazenta|Wide Guard|p1a: Zamazenta\n|-singleturn|p1a: Zamazenta|Wide Guard\n|move|p2b: Alakazam|Expanding Force|p1a: Zamazenta\n|-activate|p1a: Zamazenta|move: Wide Guard\n|move|p2a: Ogerpon|Ivy Cudgel|p1a: Zamazenta\n|-damage|p1a: Zamazenta|44\/100\n|\n|-heal|p1a: Zamazenta|50\/100|[from] item: Leftovers\n|upkeep\n|turn|5\n|\n|t:|1698243685\n|move|p2b: Alakazam|Shadow Ball|p1a: Zamazenta\n|-damage|p1a: Zamazenta|0 fnt\n|faint|p1a: Zamazenta\n|\n|win|magicgril\n|raw|PR34CH3R_76's rating: 1207 &rarr; <strong>1197<\/strong><br \/>(-10 for losing)\n|raw|magicgril's rating: 1438 &rarr; <strong>1446<\/strong><br \/>(+8 for winning)\n|c|\u2606magicgril|gg\n","uploadtime":1698243695,"views":9,"p1id":"pr34ch3r76","p2id":"magicgril","formatid":"gen9nationaldexdoubles","rating":1197,"private":0,"password":""}