{"id":"gen9nationaldexdoubles-1970240656","p1":"Steven Stone 007","p2":"XX_1nfinity_XX","format":"[Gen 9] National Dex Doubles","log":"|j|\u2606Steven Stone 007\n|j|\u2606XX_1nfinity_XX\n|t:|1697615746\n|gametype|doubles\n|player|p1|Steven Stone 007|1|\n|player|p2|XX_1nfinity_XX|steven|\n|teamsize|p1|6\n|teamsize|p2|6\n|gen|9\n|tier|[Gen 9] National Dex Doubles\n|rule|HP Percentage Mod: HP is shown in percentages\n|rule|Endless Battle Clause: Forcing endless battles is banned\n|rule|OHKO Clause: OHKO moves are banned\n|rule|Evasion Moves Clause: Evasion moves are banned\n|rule|Evasion Abilities Clause: Evasion abilities are banned\n|rule|Species Clause: Limit one of each Pok\u00e9mon\n|rule|Gravity Sleep Clause: The combination of sleep-inducing moves with imperfect accuracy and Gravity or Gigantamax Orbeetle are banned\n|clearpoke\n|poke|p1|Tyranitar, M|\n|poke|p1|Rillaboom, M|\n|poke|p1|Flutter Mane|\n|poke|p1|Dracovish|\n|poke|p1|Whimsicott, M|\n|poke|p1|Chien-Pao|\n|poke|p2|Charizard, F|\n|poke|p2|Chi-Yu|\n|poke|p2|Rillaboom, F|\n|poke|p2|Flutter Mane|\n|poke|p2|Crawdaunt, F|\n|poke|p2|Kartana|\n|teampreview\n|inactive|Battle timer is ON: inactive players will automatically lose when time's up. (requested by XX_1nfinity_XX)\n|c|\u2606XX_1nfinity_XX|ok i trust you\n|c|\u2606Steven Stone 007|this is my main team\n|c|\u2606XX_1nfinity_XX|this is a sample team which i modified\n|c|\u2606Steven Stone 007|that team is my past tour\n|inactive|Steven Stone 007 has 270 seconds left.\n|inactive|XX_1nfinity_XX has 270 seconds left.\n|c|\u2606Steven Stone 007|i see\n|\n|t:|1697615793\n|start\n|switch|p1a: Flutter Mane|Flutter Mane|100\/100\n|switch|p1b: Rillaboom|Rillaboom, M|100\/100\n|switch|p2a: Rillaboom|Rillaboom, F|100\/100\n|switch|p2b: Crawdaunt|Crawdaunt, F|100\/100\n|-fieldstart|move: Grassy Terrain|[from] ability: Grassy Surge|[of] p1b: Rillaboom\n|turn|1\n|inactive|XX_1nfinity_XX has 270 seconds left.\n|j| hadesrfx\n|\n|t:|1697615843\n|-terastallize|p2b: Crawdaunt|Water\n|move|p1b: Rillaboom|Fake Out|p2b: Crawdaunt\n|-damage|p2b: Crawdaunt|82\/100\n|move|p2a: Rillaboom|Fake Out|p1b: Rillaboom\n|-damage|p1b: Rillaboom|86\/100\n|cant|p2b: Crawdaunt|flinch\n|move|p1a: Flutter Mane|Dazzling Gleam|p2a: Rillaboom|[spread] p2a,p2b\n|-damage|p2a: Rillaboom|65\/100\n|-damage|p2b: Crawdaunt|0 fnt\n|faint|p2b: Crawdaunt\n|\n|-heal|p1b: Rillaboom|92\/100|[from] Grassy Terrain\n|-heal|p2a: Rillaboom|71\/100|[from] Grassy Terrain\n|upkeep\n|c|\u2606Steven Stone 007|WTF\n|\n|t:|1697615857\n|switch|p2b: Charizard|Charizard, F|100\/100\n|turn|2\n|c| hadesrfx|COME ON REGULAR\n|inactive|XX_1nfinity_XX has 270 seconds left.\n|c| hadesrfx|WIN\n|\n|t:|1697615877\n|-end|p1a: Flutter Mane|Protosynthesis|[silent]\n|switch|p1a: Tyranitar|Tyranitar, M|100\/100\n|-weather|Sandstorm|[from] ability: Sand Stream|[of] p1a: Tyranitar\n|detailschange|p2b: Charizard|Charizard-Mega-Y, F\n|-mega|p2b: Charizard|Charizard|Charizardite Y\n|-weather|SunnyDay|[from] ability: Drought|[of] p2b: Charizard\n|move|p2a: Rillaboom|Grassy Glide|p1a: Tyranitar\n|-supereffective|p1a: Tyranitar\n|-damage|p1a: Tyranitar|38\/100\n|move|p2b: Charizard|Heat Wave|p1b: Rillaboom|[spread] p1b\n|-miss|p2b: Charizard|p1a: Tyranitar\n|-supereffective|p1b: Rillaboom\n|-crit|p1b: Rillaboom\n|-damage|p1b: Rillaboom|0 fnt\n|faint|p1b: Rillaboom\n|\n|-weather|SunnyDay|[upkeep]\n|-heal|p2a: Rillaboom|77\/100|[from] Grassy Terrain\n|-heal|p1a: Tyranitar|44\/100|[from] Grassy Terrain\n|upkeep\n|\n|t:|1697615891\n|switch|p1b: Flutter Mane|Flutter Mane|100\/100\n|-activate|p1b: Flutter Mane|ability: Protosynthesis\n|-start|p1b: Flutter Mane|protosynthesisspe\n|turn|3\n|\n|t:|1697615901\n|switch|p1a: Whimsicott|Whimsicott, M|100\/100\n|move|p2a: Rillaboom|Grassy Glide|p1a: Whimsicott\n|-resisted|p1a: Whimsicott\n|-damage|p1a: Whimsicott|75\/100\n|move|p1b: Flutter Mane|Thunderbolt|p2b: Charizard\n|-supereffective|p2b: Charizard\n|-damage|p2b: Charizard|0 fnt\n|faint|p2b: Charizard\n|\n|-weather|SunnyDay|[upkeep]\n|-heal|p1a: Whimsicott|81\/100|[from] Grassy Terrain\n|-heal|p2a: Rillaboom|84\/100|[from] Grassy Terrain\n|upkeep\n|\n|t:|1697615907\n|switch|p2b: Chi-Yu|Chi-Yu|100\/100\n|-ability|p2b: Chi-Yu|Beads of Ruin\n|turn|4\n|\n|t:|1697615920\n|move|p1a: Whimsicott|Tailwind|p1a: Whimsicott\n|-sidestart|p1: Steven Stone 007|move: Tailwind\n|move|p2a: Rillaboom|Grassy Glide|p1b: Flutter Mane\n|-damage|p1b: Flutter Mane|5\/100\n|move|p1b: Flutter Mane|Thunderbolt|p2b: Chi-Yu\n|-damage|p2b: Chi-Yu|49\/100\n|move|p2b: Chi-Yu|Heat Wave|p1b: Flutter Mane|[spread] p1a,p1b\n|-supereffective|p1a: Whimsicott\n|-damage|p1a: Whimsicott|0 fnt\n|-damage|p1b: Flutter Mane|0 fnt\n|faint|p1a: Whimsicott\n|faint|p1b: Flutter Mane\n|-end|p1b: Flutter Mane|Protosynthesis|[silent]\n|\n|-weather|SunnyDay|[upkeep]\n|-heal|p2b: Chi-Yu|55\/100|[from] Grassy Terrain\n|-heal|p2a: Rillaboom|90\/100|[from] Grassy Terrain\n|upkeep\n|\n|t:|1697615929\n|switch|p1b: Tyranitar|Tyranitar, M|44\/100\n|switch|p1a: Dracovish|Dracovish|100\/100\n|-weather|Sandstorm|[from] ability: Sand Stream|[of] p1b: Tyranitar\n|turn|5\n|\n|t:|1697615951\n|switch|p2b: Kartana|Kartana|100\/100\n|detailschange|p1b: Tyranitar|Tyranitar-Mega, M\n|-mega|p1b: Tyranitar|Tyranitar|Tyranitarite\n|move|p2a: Rillaboom|Grassy Glide|p1a: Dracovish\n|-damage|p1a: Dracovish|56\/100\n|move|p1a: Dracovish|Fishious Rend|p2b: Kartana\n|-resisted|p2b: Kartana\n|-damage|p2b: Kartana|67\/100\n|move|p1b: Tyranitar|Stealth Rock|p2a: Rillaboom\n|-sidestart|p2: XX_1nfinity_XX|move: Stealth Rock\n|\n|-weather|Sandstorm|[upkeep]\n|-damage|p2a: Rillaboom|84\/100|[from] Sandstorm\n|-heal|p1a: Dracovish|62\/100|[from] Grassy Terrain\n|-heal|p1b: Tyranitar|50\/100|[from] Grassy Terrain\n|-heal|p2b: Kartana|73\/100|[from] Grassy Terrain\n|-heal|p2a: Rillaboom|90\/100|[from] Grassy Terrain\n|-fieldend|move: Grassy Terrain\n|upkeep\n|turn|6\n|\n|t:|1697615971\n|-terastallize|p1a: Dracovish|Ice\n|move|p2b: Kartana|Detect|p2b: Kartana\n|-singleturn|p2b: Kartana|Protect\n|move|p1a: Dracovish|Ice Fang|p2b: Kartana\n|-activate|p2b: Kartana|move: Protect\n|move|p1b: Tyranitar|Crunch|p2a: Rillaboom\n|-damage|p2a: Rillaboom|42\/100\n|-unboost|p2a: Rillaboom|def|1\n|move|p2a: Rillaboom|Superpower|p1a: Dracovish\n|-supereffective|p1a: Dracovish\n|-crit|p1a: Dracovish\n|-damage|p1a: Dracovish|0 fnt\n|-unboost|p2a: Rillaboom|atk|1\n|-unboost|p2a: Rillaboom|def|1\n|faint|p1a: Dracovish\n|\n|-weather|Sandstorm|[upkeep]\n|-damage|p2a: Rillaboom|36\/100|[from] Sandstorm\n|upkeep\n|c| hadesrfx|Sand rush vish is ass\n|\n|t:|1697615975\n|switch|p1a: Chien-Pao|Chien-Pao|100\/100\n|-ability|p1a: Chien-Pao|Sword of Ruin\n|turn|7\n|c| hadesrfx|If u wanna use vish, trick room\n|\n|t:|1697615994\n|move|p1a: Chien-Pao|Ice Spinner|p2b: Kartana\n|-damage|p2b: Kartana|16\/100\n|move|p1b: Tyranitar|Crunch|p2a: Rillaboom\n|-damage|p2a: Rillaboom|0 fnt\n|faint|p2a: Rillaboom\n|move|p2b: Kartana|Tailwind|p2b: Kartana\n|-sidestart|p2: XX_1nfinity_XX|move: Tailwind\n|\n|-weather|Sandstorm|[upkeep]\n|-damage|p1a: Chien-Pao|95\/100|[from] Sandstorm\n|-sideend|p1: Steven Stone 007|move: Tailwind\n|upkeep\n|\n|t:|1697616000\n|switch|p2a: Flutter Mane|Flutter Mane|100\/100\n|-damage|p2a: Flutter Mane|88\/100|[from] Stealth Rock\n|turn|8\n|\n|t:|1697616008\n|move|p1a: Chien-Pao|Protect|p1a: Chien-Pao\n|-singleturn|p1a: Chien-Pao|Protect\n|move|p2a: Flutter Mane|Dazzling Gleam|p1a: Chien-Pao|[spread] p1b\n|-activate|p1a: Chien-Pao|move: Protect\n|-supereffective|p1b: Tyranitar\n|-damage|p1b: Tyranitar|8\/100\n|move|p2b: Kartana|Sacred Sword|p1a: Chien-Pao\n|-activate|p1a: Chien-Pao|move: Protect\n|move|p1b: Tyranitar|Crunch|p2b: Kartana\n|-damage|p2b: Kartana|0 fnt\n|faint|p2b: Kartana\n|\n|-weather|Sandstorm|[upkeep]\n|-damage|p2a: Flutter Mane|82\/100|[from] Sandstorm\n|-damage|p1a: Chien-Pao|89\/100|[from] Sandstorm\n|upkeep\n|c|\u2606Steven Stone 007|WTF\n|\n|t:|1697616014\n|switch|p2b: Chi-Yu|Chi-Yu|55\/100\n|-damage|p2b: Chi-Yu|30\/100|[from] Stealth Rock\n|-ability|p2b: Chi-Yu|Beads of Ruin\n|turn|9\n|\n|t:|1697616022\n|move|p2b: Chi-Yu|Heat Wave|p1a: Chien-Pao|[spread] p1a,p1b\n|-supereffective|p1a: Chien-Pao\n|-resisted|p1b: Tyranitar\n|-damage|p1a: Chien-Pao|0 fnt\n|-damage|p1b: Tyranitar|0 fnt\n|faint|p1a: Chien-Pao\n|faint|p1b: Tyranitar\n|\n|win|XX_1nfinity_XX\n|c|\u2606Steven Stone 007|GG\n|c|\u2606XX_1nfinity_XX|i win\n|c| hadesrfx|new champion\n|c|\u2606Steven Stone 007|yup\n|c| hadesrfx|Bleh\n|c|\u2606XX_1nfinity_XX|i get my hof\n|l|\u2606Steven Stone 007\n","uploadtime":1697616034,"views":26,"p1id":"stevenstone007","p2id":"xx1nfinityxx","formatid":"gen9nationaldexdoubles","rating":0,"private":0,"password":""}