{"id":"gen9nationaldexdoubles-1966152130","p1":"Mokaccino321","p2":"willi1668","format":"[Gen 9] National Dex Doubles","log":"|j|\u2606Mokaccino321\n|j|\u2606willi1668\n|t:|1697149918\n|gametype|doubles\n|player|p1|Mokaccino321|169|\n|player|p2|willi1668|lucas|\n|teamsize|p1|6\n|teamsize|p2|6\n|gen|9\n|tier|[Gen 9] National Dex Doubles\n|rule|HP Percentage Mod: HP is shown in percentages\n|rule|Endless Battle Clause: Forcing endless battles is banned\n|rule|OHKO Clause: OHKO moves are banned\n|rule|Evasion Moves Clause: Evasion moves are banned\n|rule|Evasion Abilities Clause: Evasion abilities are banned\n|rule|Species Clause: Limit one of each Pok\u00e9mon\n|rule|Gravity Sleep Clause: The combination of sleep-inducing moves with imperfect accuracy and Gravity or Gigantamax Orbeetle are banned\n|clearpoke\n|poke|p1|Cradily, F|\n|poke|p1|Aerodactyl, F|\n|poke|p1|Lycanroc-Dusk, F|\n|poke|p1|Nihilego|\n|poke|p1|Tyranitar, M|\n|poke|p1|Aggron, M|\n|poke|p2|Lucario, M|\n|poke|p2|Gyarados, F|\n|poke|p2|Charizard, M|\n|poke|p2|Garchomp, M|\n|poke|p2|Regice|\n|poke|p2|Hoopa-Unbound|\n|teampreview\n|c|\u2606Mokaccino321|Hello :3 (usual copy pasta)\n|c|\u2606Mokaccino321|Remember you need to have the EXACT Team (such as IVs, EVs, Nature, Ability, Moves) in-game in order for  your win to count~\n|c|\u2606Mokaccino321|If you win this battle, you will be required to ping your Team in-game for verification prior to getting the badge!\n|\n|t:|1697149935\n|start\n|switch|p1a: Aerodactyl|Aerodactyl, F|100\/100\n|switch|p1b: Nihilego|Nihilego|100\/100\n|switch|p2a: Lucario|Lucario, M, shiny|100\/100\n|switch|p2b: Garchomp|Garchomp, M, shiny|100\/100\n|-ability|p1a: Aerodactyl|Unnerve\n|turn|1\n|c|\u2606Mokaccino321|No Tera btw just making sure\n|\n|t:|1697149959\n|move|p1a: Aerodactyl|Sky Drop||[still]\n|-prepare|p1a: Aerodactyl|Sky Drop|p2b: Garchomp\n|move|p1b: Nihilego|Grass Knot|p2b: Garchomp|[miss]\n|-miss|p1b: Nihilego|p2b: Garchomp\n|move|p2a: Lucario|Aura Sphere|p1a: Aerodactyl|[miss]\n|-miss|p2a: Lucario|p1a: Aerodactyl\n|\n|upkeep\n|turn|2\n|c|\u2606willi1668|Yea\n|\n|t:|1697149979\n|move|p1a: Aerodactyl|Sky Drop|p2b: Garchomp|[from]lockedmove\n|-damage|p2b: Garchomp|83\/100\n|-end|p2b: Garchomp|Sky Drop\n|-damage|p1a: Aerodactyl|88\/100|[from] ability: Rough Skin|[of] p2b: Garchomp\n|move|p1b: Nihilego|Grass Knot|p2b: Garchomp\n|-damage|p2b: Garchomp|48\/100\n|-damage|p1b: Nihilego|88\/100|[from] ability: Rough Skin|[of] p2b: Garchomp\n|-damage|p1b: Nihilego|78\/100|[from] item: Life Orb\n|move|p2b: Garchomp|Dragon Rush|p1b: Nihilego\n|-damage|p1b: Nihilego|0 fnt\n|faint|p1b: Nihilego\n|move|p2a: Lucario|Aura Sphere|p1a: Aerodactyl\n|-damage|p1a: Aerodactyl|54\/100\n|\n|upkeep\n|\n|t:|1697149988\n|switch|p1b: Cradily|Cradily, F|100\/100\n|turn|3\n|\n|t:|1697150007\n|move|p1a: Aerodactyl|Tailwind|p1a: Aerodactyl\n|-sidestart|p1: Mokaccino321|move: Tailwind\n|move|p2b: Garchomp|Dragon Claw|p1b: Cradily\n|-damage|p1b: Cradily|63\/100\n|move|p1b: Cradily|Earth Power|p2a: Lucario\n|-supereffective|p2a: Lucario\n|-damage|p2a: Lucario|44\/100\n|-unboost|p2a: Lucario|spd|1\n|move|p2a: Lucario|Aura Sphere|p1a: Aerodactyl\n|-damage|p1a: Aerodactyl|17\/100\n|\n|upkeep\n|turn|4\n|\n|t:|1697150016\n|move|p2a: Lucario|Quick Attack|p1a: Aerodactyl\n|-resisted|p1a: Aerodactyl\n|-damage|p1a: Aerodactyl|10\/100\n|move|p1a: Aerodactyl|Sky Drop||[still]\n|-prepare|p1a: Aerodactyl|Sky Drop|p2b: Garchomp\n|move|p1b: Cradily|Earth Power|p2a: Lucario\n|-supereffective|p2a: Lucario\n|-damage|p2a: Lucario|0 fnt\n|faint|p2a: Lucario\n|\n|upkeep\n|\n|t:|1697150023\n|switch|p2a: Charizard|Charizard, M, shiny|100\/100\n|turn|5\n|\n|t:|1697150033\n|move|p1a: Aerodactyl|Sky Drop|p2b: Garchomp|[from]lockedmove\n|-damage|p2b: Garchomp|29\/100\n|-end|p2b: Garchomp|Sky Drop\n|-damage|p1a: Aerodactyl|0 fnt|[from] ability: Rough Skin|[of] p2b: Garchomp\n|faint|p1a: Aerodactyl\n|move|p2b: Garchomp|Dragon Claw|p1b: Cradily\n|-damage|p1b: Cradily|22\/100\n|move|p2a: Charizard|Flare Blitz|p1b: Cradily\n|-damage|p1b: Cradily|0 fnt\n|faint|p1b: Cradily\n|-damage|p2a: Charizard|93\/100|[from] Recoil\n|\n|upkeep\n|\n|t:|1697150041\n|switch|p1a: Lycanroc|Lycanroc-Dusk, F|100\/100\n|switch|p1b: Tyranitar|Tyranitar, M|100\/100\n|-weather|Sandstorm|[from] ability: Sand Stream|[of] p1b: Tyranitar\n|turn|6\n|\n|t:|1697150052\n|move|p1a: Lycanroc|Accelerock|p2a: Charizard\n|-supereffective|p2a: Charizard\n|-damage|p2a: Charizard|0 fnt\n|faint|p2a: Charizard\n|move|p1b: Tyranitar|Ice Punch|p2b: Garchomp\n|-supereffective|p2b: Garchomp\n|-damage|p2b: Garchomp|0 fnt\n|-damage|p1b: Tyranitar|88\/100|[from] ability: Rough Skin|[of] p2b: Garchomp\n|faint|p2b: Garchomp\n|-damage|p1b: Tyranitar|78\/100|[from] item: Life Orb\n|\n|-weather|Sandstorm|[upkeep]\n|-sideend|p1: Mokaccino321|move: Tailwind\n|upkeep\n|\n|t:|1697150059\n|switch|p2b: Gyarados|Gyarados, F, shiny|100\/100\n|switch|p2a: Regice|Regice|100\/100\n|-ability|p2b: Gyarados|Intimidate|boost\n|-unboost|p1a: Lycanroc|atk|1\n|-unboost|p1b: Tyranitar|atk|1\n|turn|7\n|c|\u2606willi1668|Can i mega evolve?\n|c|\u2606Mokaccino321|yes :3\n|\n|t:|1697150089\n|detailschange|p2b: Gyarados|Gyarados-Mega, F, shiny\n|-mega|p2b: Gyarados|Gyarados|Gyaradosite\n|-ability|p2b: Gyarados|Mold Breaker\n|-zpower|p1a: Lycanroc\n|move|p1a: Lycanroc|Splintered Stormshards|p2a: Regice|[zeffect]\n|-supereffective|p2a: Regice\n|-damage|p2a: Regice|3\/100\n|move|p1b: Tyranitar|Superpower|p2b: Gyarados\n|-supereffective|p2b: Gyarados\n|-damage|p2b: Gyarados|24\/100\n|-unboost|p1b: Tyranitar|atk|1\n|-unboost|p1b: Tyranitar|def|1\n|-damage|p1b: Tyranitar|68\/100|[from] item: Life Orb\n|move|p2b: Gyarados|Crunch|p1a: Lycanroc\n|-damage|p1a: Lycanroc|20\/100\n|move|p2a: Regice|Superpower|p1b: Tyranitar\n|-supereffective|p1b: Tyranitar\n|-damage|p1b: Tyranitar|0 fnt\n|-unboost|p2a: Regice|atk|1\n|-unboost|p2a: Regice|def|1\n|faint|p1b: Tyranitar\n|\n|-weather|Sandstorm|[upkeep]\n|-damage|p2b: Gyarados|18\/100|[from] Sandstorm\n|-damage|p2a: Regice|0 fnt|[from] Sandstorm\n|faint|p2a: Regice\n|upkeep\n|\n|t:|1697150103\n|switch|p1b: Aggron|Aggron, M|100\/100\n|switch|p2a: Hoopa|Hoopa-Unbound|100\/100\n|turn|8\n|\n|t:|1697150116\n|detailschange|p1b: Aggron|Aggron-Mega, M\n|-mega|p1b: Aggron|Aggron|Aggronite\n|move|p1a: Lycanroc|Accelerock|p2b: Gyarados\n|-damage|p2b: Gyarados|2\/100\n|move|p2b: Gyarados|Crunch|p1a: Lycanroc\n|-crit|p1a: Lycanroc\n|-damage|p1a: Lycanroc|0 fnt\n|faint|p1a: Lycanroc\n|move|p2a: Hoopa|Shadow Ball|p1b: Aggron\n|-damage|p1b: Aggron|68\/100\n|move|p1b: Aggron|Iron Defense|p1b: Aggron\n|-boost|p1b: Aggron|def|2\n|\n|-weather|Sandstorm|[upkeep]\n|-damage|p2b: Gyarados|0 fnt|[from] Sandstorm\n|-damage|p2a: Hoopa|94\/100|[from] Sandstorm\n|faint|p2b: Gyarados\n|upkeep\n|turn|9\n|\n|t:|1697150127\n|move|p2a: Hoopa|Shadow Ball|p1b: Aggron\n|-damage|p1b: Aggron|31\/100\n|move|p1b: Aggron|Body Press|p2a: Hoopa\n|-damage|p2a: Hoopa|0 fnt\n|faint|p2a: Hoopa\n|\n|win|Mokaccino321\n|c|\u2606Mokaccino321|gg :3\n|c|\u2606Mokaccino321|that was super close\n|c|\u2606willi1668|Gg\n|c|\u2606willi1668|Yea\n|c|\u2606Mokaccino321|you ll get me next time hehe\n","uploadtime":1697150162,"views":12,"p1id":"mokaccino321","p2id":"willi1668","formatid":"gen9nationaldexdoubles","rating":0,"private":0,"password":""}