{"id":"gen9nationaldexdoubles-1986585464","p1":"Chaos92031","p2":"yaya_x3","format":"[Gen 9] National Dex Doubles","log":"|j|\u2606Chaos92031\n|j|\u2606yaya_x3\n|t:|1699494811\n|gametype|doubles\n|player|p1|Chaos92031|blue|\n|player|p2|yaya_x3|morgan|\n|teamsize|p1|6\n|teamsize|p2|6\n|gen|9\n|tier|[Gen 9] National Dex Doubles\n|rule|HP Percentage Mod: HP is shown in percentages\n|rule|Endless Battle Clause: Forcing endless battles is banned\n|rule|OHKO Clause: OHKO moves are banned\n|rule|Evasion Moves Clause: Evasion moves are banned\n|rule|Evasion Abilities Clause: Evasion abilities are banned\n|rule|Species Clause: Limit one of each Pok\u00e9mon\n|rule|Gravity Sleep Clause: The combination of sleep-inducing moves with imperfect accuracy and Gravity or Gigantamax Orbeetle are banned\n|clearpoke\n|poke|p1|Porygon-Z|\n|poke|p1|Gourgeist-*, F|\n|poke|p1|Metagross|\n|poke|p1|Gastrodon, F|\n|poke|p1|Tapu Koko|\n|poke|p1|Incineroar, M|\n|poke|p2|Marshadow|\n|poke|p2|Rillaboom, M|\n|poke|p2|Chien-Pao|\n|poke|p2|Zamazenta-*|\n|poke|p2|Zygarde|\n|poke|p2|Whimsicott, F|\n|teampreview\n|j| MarcusTalks\n|c| MarcusTalks|Nooooo, I hate this team\n|c| MarcusTalks|its a hate crime\n|c|\u2606Chaos92031|lol\n|\n|t:|1699494885\n|start\n|switch|p1a: Metagross|Metagross|100\/100\n|switch|p1b: Incineroar|Incineroar, M|100\/100\n|switch|p2a: \u2b50 Twinkle \u2b50|Whimsicott, F, shiny|100\/100\n|switch|p2b: \uff2d\uff4f\uff4e\uff4b\uff45 \ud83d\udc12|Rillaboom, M|100\/100\n|-fieldstart|move: Grassy Terrain|[from] ability: Grassy Surge|[of] p2b: \uff2d\uff4f\uff4e\uff4b\uff45 \ud83d\udc12\n|-ability|p1b: Incineroar|Intimidate|boost\n|-unboost|p2a: \u2b50 Twinkle \u2b50|atk|1\n|-unboost|p2b: \uff2d\uff4f\uff4e\uff4b\uff45 \ud83d\udc12|atk|1\n|turn|1\n|j| realspades\n|c| realspades|wassaa\n|\n|t:|1699494938\n|switch|p2a: \ud835\udc03\ud835\udc28\ud835\udc20\ud835\udc1e \u0535\u03b1\u0572k|Zamazenta|100\/100\n|-ability|p2a: \ud835\udc03\ud835\udc28\ud835\udc20\ud835\udc1e \u0535\u03b1\u0572k|Dauntless Shield|boost\n|-boost|p2a: \ud835\udc03\ud835\udc28\ud835\udc20\ud835\udc1e \u0535\u03b1\u0572k|def|1\n|detailschange|p1a: Metagross|Metagross-Mega\n|-mega|p1a: Metagross|Metagross|Metagrossite\n|move|p1a: Metagross|Ice Punch|p2a: \ud835\udc03\ud835\udc28\ud835\udc20\ud835\udc1e \u0535\u03b1\u0572k\n|-damage|p2a: \ud835\udc03\ud835\udc28\ud835\udc20\ud835\udc1e \u0535\u03b1\u0572k|82\/100\n|move|p2b: \uff2d\uff4f\uff4e\uff4b\uff45 \ud83d\udc12|Wood Hammer|p1b: Incineroar\n|-resisted|p1b: Incineroar\n|-damage|p1b: Incineroar|70\/100\n|-damage|p2b: \uff2d\uff4f\uff4e\uff4b\uff45 \ud83d\udc12|91\/100|[from] Recoil\n|-damage|p2b: \uff2d\uff4f\uff4e\uff4b\uff45 \ud83d\udc12|81\/100|[from] item: Life Orb\n|move|p1b: Incineroar|Flare Blitz|p2b: \uff2d\uff4f\uff4e\uff4b\uff45 \ud83d\udc12\n|-supereffective|p2b: \uff2d\uff4f\uff4e\uff4b\uff45 \ud83d\udc12\n|-damage|p2b: \uff2d\uff4f\uff4e\uff4b\uff45 \ud83d\udc12|0 fnt\n|faint|p2b: \uff2d\uff4f\uff4e\uff4b\uff45 \ud83d\udc12\n|-damage|p1b: Incineroar|43\/100|[from] Recoil\n|\n|-heal|p2a: \ud835\udc03\ud835\udc28\ud835\udc20\ud835\udc1e \u0535\u03b1\u0572k|88\/100|[from] Grassy Terrain\n|-heal|p1b: Incineroar|49\/100|[from] Grassy Terrain\n|upkeep\n|c| MarcusTalks|Yaya if anyone can beat this team, it\u2019s you\n|\n|t:|1699494966\n|switch|p2b: (\ud835\ude7c\ud835\ude8e\ud835\ude90\ud835\ude8a) \u2022 Arbok|Zygarde, shiny|100\/100\n|-ability|p2b: (\ud835\ude7c\ud835\ude8e\ud835\ude90\ud835\ude8a) \u2022 Arbok|Aura Break\n|turn|2\n|\n|t:|1699494977\n|switch|p1b: Tapu Koko|Tapu Koko|100\/100\n|-fieldstart|move: Electric Terrain|[from] ability: Electric Surge|[of] p1b: Tapu Koko\n|move|p2b: (\ud835\ude7c\ud835\ude8e\ud835\ude90\ud835\ude8a) \u2022 Arbok|Protect|p2b: (\ud835\ude7c\ud835\ude8e\ud835\ude90\ud835\ude8a) \u2022 Arbok\n|-singleturn|p2b: (\ud835\ude7c\ud835\ude8e\ud835\ude90\ud835\ude8a) \u2022 Arbok|Protect\n|move|p2a: \ud835\udc03\ud835\udc28\ud835\udc20\ud835\udc1e \u0535\u03b1\u0572k|Coaching|p2b: (\ud835\ude7c\ud835\ude8e\ud835\ude90\ud835\ude8a) \u2022 Arbok\n|-boost|p2b: (\ud835\ude7c\ud835\ude8e\ud835\ude90\ud835\ude8a) \u2022 Arbok|atk|1\n|-boost|p2b: (\ud835\ude7c\ud835\ude8e\ud835\ude90\ud835\ude8a) \u2022 Arbok|def|1\n|move|p1a: Metagross|Ice Punch|p2b: (\ud835\ude7c\ud835\ude8e\ud835\ude90\ud835\ude8a) \u2022 Arbok\n|-activate|p2b: (\ud835\ude7c\ud835\ude8e\ud835\ude90\ud835\ude8a) \u2022 Arbok|move: Protect\n|\n|upkeep\n|turn|3\n|\n|t:|1699495009\n|move|p2a: \ud835\udc03\ud835\udc28\ud835\udc20\ud835\udc1e \u0535\u03b1\u0572k|Coaching|p2b: (\ud835\ude7c\ud835\ude8e\ud835\ude90\ud835\ude8a) \u2022 Arbok\n|-boost|p2b: (\ud835\ude7c\ud835\ude8e\ud835\ude90\ud835\ude8a) \u2022 Arbok|atk|1\n|-boost|p2b: (\ud835\ude7c\ud835\ude8e\ud835\ude90\ud835\ude8a) \u2022 Arbok|def|1\n|move|p1b: Tapu Koko|Reflect|p1b: Tapu Koko\n|-sidestart|p1: Chaos92031|Reflect\n|move|p1a: Metagross|Meteor Mash|p2b: (\ud835\ude7c\ud835\ude8e\ud835\ude90\ud835\ude8a) \u2022 Arbok\n|-damage|p2b: (\ud835\ude7c\ud835\ude8e\ud835\ude90\ud835\ude8a) \u2022 Arbok|74\/100\n|move|p2b: (\ud835\ude7c\ud835\ude8e\ud835\ude90\ud835\ude8a) \u2022 Arbok|Thousand Arrows|p1a: Metagross|[spread] p1a,p1b\n|-supereffective|p1a: Metagross\n|-supereffective|p1b: Tapu Koko\n|-damage|p1a: Metagross|28\/100\n|-damage|p1b: Tapu Koko|0 fnt\n|faint|p1b: Tapu Koko\n|\n|-heal|p2b: (\ud835\ude7c\ud835\ude8e\ud835\ude90\ud835\ude8a) \u2022 Arbok|80\/100|[from] item: Leftovers\n|upkeep\n|\n|t:|1699495015\n|switch|p1b: Incineroar|Incineroar, M|49\/100\n|-ability|p1b: Incineroar|Intimidate|boost\n|-unboost|p2a: \ud835\udc03\ud835\udc28\ud835\udc20\ud835\udc1e \u0535\u03b1\u0572k|atk|1\n|-unboost|p2b: (\ud835\ude7c\ud835\ude8e\ud835\ude90\ud835\ude8a) \u2022 Arbok|atk|1\n|turn|4\n|\n|t:|1699495034\n|move|p1b: Incineroar|Fake Out|p2a: \ud835\udc03\ud835\udc28\ud835\udc20\ud835\udc1e \u0535\u03b1\u0572k\n|-damage|p2a: \ud835\udc03\ud835\udc28\ud835\udc20\ud835\udc1e \u0535\u03b1\u0572k|82\/100\n|cant|p2a: \ud835\udc03\ud835\udc28\ud835\udc20\ud835\udc1e \u0535\u03b1\u0572k|flinch\n|move|p1a: Metagross|Ice Punch|p2b: (\ud835\ude7c\ud835\ude8e\ud835\ude90\ud835\ude8a) \u2022 Arbok\n|-supereffective|p2b: (\ud835\ude7c\ud835\ude8e\ud835\ude90\ud835\ude8a) \u2022 Arbok\n|-damage|p2b: (\ud835\ude7c\ud835\ude8e\ud835\ude90\ud835\ude8a) \u2022 Arbok|25\/100\n|move|p2b: (\ud835\ude7c\ud835\ude8e\ud835\ude90\ud835\ude8a) \u2022 Arbok|Thousand Arrows|p1a: Metagross|[spread] p1a,p1b\n|-supereffective|p1a: Metagross\n|-supereffective|p1b: Incineroar\n|-damage|p1a: Metagross|0 fnt\n|-damage|p1b: Incineroar|0 fnt\n|faint|p1a: Metagross\n|faint|p1b: Incineroar\n|\n|-heal|p2b: (\ud835\ude7c\ud835\ude8e\ud835\ude90\ud835\ude8a) \u2022 Arbok|31\/100|[from] item: Leftovers\n|upkeep\n|\n|t:|1699495052\n|switch|p1a: Porygon-Z|Porygon-Z|100\/100\n|switch|p1b: Gourgeist|Gourgeist-Small, F|100\/100\n|-item|p2a: \ud835\udc03\ud835\udc28\ud835\udc20\ud835\udc1e \u0535\u03b1\u0572k|Sitrus Berry|[from] ability: Frisk|[of] p1b: Gourgeist|[identify]\n|-item|p2b: (\ud835\ude7c\ud835\ude8e\ud835\ude90\ud835\ude8a) \u2022 Arbok|Leftovers|[from] ability: Frisk|[of] p1b: Gourgeist|[identify]\n|turn|5\n|c| MarcusTalks|\u2026\n|\n|t:|1699495087\n|switch|p2b: \u2b50 Twinkle \u2b50|Whimsicott, F, shiny|100\/100\n|move|p2a: \ud835\udc03\ud835\udc28\ud835\udc20\ud835\udc1e \u0535\u03b1\u0572k|Body Press|p1a: Porygon-Z\n|-supereffective|p1a: Porygon-Z\n|-damage|p1a: Porygon-Z|5\/100\n|-zpower|p1b: Gourgeist\n|move|p1b: Gourgeist|Z-Trick-or-Treat|p1a: Porygon-Z|[anim]Trick-or-Treat\n|-boost|p1b: Gourgeist|atk|1|[zeffect]\n|-boost|p1b: Gourgeist|def|1|[zeffect]\n|-boost|p1b: Gourgeist|spa|1|[zeffect]\n|-boost|p1b: Gourgeist|spd|1|[zeffect]\n|-boost|p1b: Gourgeist|spe|1|[zeffect]\n|-start|p1a: Porygon-Z|typeadd|Ghost|[from] move: Trick-or-Treat\n|move|p1a: Porygon-Z|Psych Up|p1b: Gourgeist\n|-copyboost|p1a: Porygon-Z|p1b: Gourgeist|[from] move: Psych Up\n|\n|upkeep\n|turn|6\n|\n|t:|1699495120\n|switch|p2a: \uff30\uff55\uff4c\uff4c \uff35\uff30|Marshadow|100\/100\n|move|p2b: \u2b50 Twinkle \u2b50|Encore|p1a: Porygon-Z\n|-start|p1a: Porygon-Z|Encore\n|move|p1b: Gourgeist|Will-O-Wisp|p2a: \uff30\uff55\uff4c\uff4c \uff35\uff30\n|-status|p2a: \uff30\uff55\uff4c\uff4c \uff35\uff30|brn\n|move|p1a: Porygon-Z|Psych Up|p2b: \u2b50 Twinkle \u2b50\n|-copyboost|p1a: Porygon-Z|p2b: \u2b50 Twinkle \u2b50|[from] move: Psych Up\n|\n|-damage|p2a: \uff30\uff55\uff4c\uff4c \uff35\uff30|94\/100 brn|[from] brn\n|-fieldend|move: Electric Terrain\n|upkeep\n|turn|7\n|c| realspades|dang\n|c| MarcusTalks|Huzzah!!!\n|\n|t:|1699495169\n|switch|p1a: Gastrodon|Gastrodon, F|100\/100\n|move|p2b: \u2b50 Twinkle \u2b50|Encore|p1b: Gourgeist\n|-start|p1b: Gourgeist|Encore\n|move|p1b: Gourgeist|Will-O-Wisp|p2b: \u2b50 Twinkle \u2b50\n|-status|p2b: \u2b50 Twinkle \u2b50|brn\n|move|p2a: \uff30\uff55\uff4c\uff4c \uff35\uff30|Spectral Thief||[still]\n|-clearpositiveboost|p1b: Gourgeist|p2a: \uff30\uff55\uff4c\uff4c \uff35\uff30|move: Spectral Thief\n|-boost|p2a: \uff30\uff55\uff4c\uff4c \uff35\uff30|atk|1\n|-boost|p2a: \uff30\uff55\uff4c\uff4c \uff35\uff30|def|1\n|-boost|p2a: \uff30\uff55\uff4c\uff4c \uff35\uff30|spa|1\n|-boost|p2a: \uff30\uff55\uff4c\uff4c \uff35\uff30|spd|1\n|-boost|p2a: \uff30\uff55\uff4c\uff4c \uff35\uff30|spe|1\n|-anim|p2a: \uff30\uff55\uff4c\uff4c \uff35\uff30|Spectral Thief|p1b: Gourgeist\n|-supereffective|p1b: Gourgeist\n|-damage|p1b: Gourgeist|61\/100\n|\n|-damage|p2a: \uff30\uff55\uff4c\uff4c \uff35\uff30|88\/100 brn|[from] brn\n|-damage|p2b: \u2b50 Twinkle \u2b50|94\/100 brn|[from] brn\n|upkeep\n|turn|8\n|c| MarcusTalks|This is like the perfect counter\n|\n|t:|1699495215\n|switch|p1b: Porygon-Z|Porygon-Z|5\/100\n|move|p2a: \uff30\uff55\uff4c\uff4c \uff35\uff30|Substitute|p2a: \uff30\uff55\uff4c\uff4c \uff35\uff30\n|-start|p2a: \uff30\uff55\uff4c\uff4c \uff35\uff30|Substitute\n|-damage|p2a: \uff30\uff55\uff4c\uff4c \uff35\uff30|63\/100 brn\n|move|p2b: \u2b50 Twinkle \u2b50|Moonblast|p1b: Porygon-Z\n|-damage|p1b: Porygon-Z|0 fnt\n|faint|p1b: Porygon-Z\n|move|p1a: Gastrodon|Clear Smog|p2a: \uff30\uff55\uff4c\uff4c \uff35\uff30\n|-resisted|p2a: \uff30\uff55\uff4c\uff4c \uff35\uff30\n|-activate|p2a: \uff30\uff55\uff4c\uff4c \uff35\uff30|move: Substitute|[damage]\n|\n|-damage|p2a: \uff30\uff55\uff4c\uff4c \uff35\uff30|57\/100 brn|[from] brn\n|-damage|p2b: \u2b50 Twinkle \u2b50|88\/100 brn|[from] brn\n|upkeep\n|\n|t:|1699495218\n|switch|p1b: Gourgeist|Gourgeist-Small, F|61\/100\n|-item|p2a: \uff30\uff55\uff4c\uff4c \uff35\uff30|Marshadium Z|[from] ability: Frisk|[of] p1b: Gourgeist|[identify]\n|-item|p2b: \u2b50 Twinkle \u2b50|Covert Cloak|[from] ability: Frisk|[of] p1b: Gourgeist|[identify]\n|turn|9\n|\n|t:|1699495242\n|move|p2b: \u2b50 Twinkle \u2b50|Encore|p1a: Gastrodon\n|-start|p1a: Gastrodon|Encore\n|move|p2a: \uff30\uff55\uff4c\uff4c \uff35\uff30|Spectral Thief|p1b: Gourgeist\n|-supereffective|p1b: Gourgeist\n|-damage|p1b: Gourgeist|21\/100\n|move|p1b: Gourgeist|Seed Bomb|p2a: \uff30\uff55\uff4c\uff4c \uff35\uff30\n|-end|p2a: \uff30\uff55\uff4c\uff4c \uff35\uff30|Substitute\n|move|p1a: Gastrodon|Clear Smog|p2a: \uff30\uff55\uff4c\uff4c \uff35\uff30\n|-resisted|p2a: \uff30\uff55\uff4c\uff4c \uff35\uff30\n|-damage|p2a: \uff30\uff55\uff4c\uff4c \uff35\uff30|53\/100 brn\n|-clearboost|p2a: \uff30\uff55\uff4c\uff4c \uff35\uff30\n|\n|-damage|p2a: \uff30\uff55\uff4c\uff4c \uff35\uff30|46\/100 brn|[from] brn\n|-damage|p2b: \u2b50 Twinkle \u2b50|82\/100 brn|[from] brn\n|upkeep\n|turn|10\n|\n|t:|1699495267\n|move|p2a: \uff30\uff55\uff4c\uff4c \uff35\uff30|Spectral Thief|p1b: Gourgeist\n|-supereffective|p1b: Gourgeist\n|-damage|p1b: Gourgeist|0 fnt\n|faint|p1b: Gourgeist\n|move|p2b: \u2b50 Twinkle \u2b50|Moonblast|p1a: Gastrodon\n|-damage|p1a: Gastrodon|77\/100\n|move|p1a: Gastrodon|Clear Smog|p2b: \u2b50 Twinkle \u2b50\n|-supereffective|p2b: \u2b50 Twinkle \u2b50\n|-damage|p2b: \u2b50 Twinkle \u2b50|24\/100 brn\n|-clearboost|p2b: \u2b50 Twinkle \u2b50\n|\n|-heal|p1a: Gastrodon|83\/100|[from] item: Leftovers\n|-damage|p2a: \uff30\uff55\uff4c\uff4c \uff35\uff30|40\/100 brn|[from] brn\n|-damage|p2b: \u2b50 Twinkle \u2b50|18\/100 brn|[from] brn\n|-sideend|p1: Chaos92031|Reflect\n|upkeep\n|turn|11\n|\n|t:|1699495292\n|move|p2b: \u2b50 Twinkle \u2b50|Protect|p2b: \u2b50 Twinkle \u2b50\n|-singleturn|p2b: \u2b50 Twinkle \u2b50|Protect\n|-zpower|p2a: \uff30\uff55\uff4c\uff4c \uff35\uff30\n|move|p2a: \uff30\uff55\uff4c\uff4c \uff35\uff30|Soul-Stealing 7-Star Strike|p1a: Gastrodon|[zeffect]\n|-damage|p1a: Gastrodon|48\/100\n|move|p1a: Gastrodon|Clear Smog|p2b: \u2b50 Twinkle \u2b50\n|-activate|p2b: \u2b50 Twinkle \u2b50|move: Protect\n|\n|-heal|p1a: Gastrodon|54\/100|[from] item: Leftovers\n|-damage|p2a: \uff30\uff55\uff4c\uff4c \uff35\uff30|34\/100 brn|[from] brn\n|-damage|p2b: \u2b50 Twinkle \u2b50|12\/100 brn|[from] brn\n|-end|p1a: Gastrodon|Encore\n|upkeep\n|turn|12\n|\n|t:|1699495319\n|move|p2b: \u2b50 Twinkle \u2b50|Encore|p1a: Gastrodon\n|-start|p1a: Gastrodon|Encore\n|move|p2a: \uff30\uff55\uff4c\uff4c \uff35\uff30|Spectral Thief|p1a: Gastrodon\n|-damage|p1a: Gastrodon|39\/100\n|move|p1a: Gastrodon|Clear Smog|p2a: \uff30\uff55\uff4c\uff4c \uff35\uff30\n|-resisted|p2a: \uff30\uff55\uff4c\uff4c \uff35\uff30\n|-damage|p2a: \uff30\uff55\uff4c\uff4c \uff35\uff30|28\/100 brn\n|-clearboost|p2a: \uff30\uff55\uff4c\uff4c \uff35\uff30\n|\n|-heal|p1a: Gastrodon|45\/100|[from] item: Leftovers\n|-damage|p2a: \uff30\uff55\uff4c\uff4c \uff35\uff30|22\/100 brn|[from] brn\n|-damage|p2b: \u2b50 Twinkle \u2b50|5\/100 brn|[from] brn\n|upkeep\n|turn|13\n|\n|t:|1699495341\n|switch|p2b: \ud835\udc03\ud835\udc28\ud835\udc20\ud835\udc1e \ud835\udde3\ud835\uddfc\ud835\ude04 !|Chien-Pao|100\/100\n|-ability|p2b: \ud835\udc03\ud835\udc28\ud835\udc20\ud835\udc1e \ud835\udde3\ud835\uddfc\ud835\ude04 !|Sword of Ruin\n|move|p2a: \uff30\uff55\uff4c\uff4c \uff35\uff30|Close Combat|p1a: Gastrodon\n|-damage|p1a: Gastrodon|16\/100\n|-unboost|p2a: \uff30\uff55\uff4c\uff4c \uff35\uff30|def|1\n|-unboost|p2a: \uff30\uff55\uff4c\uff4c \uff35\uff30|spd|1\n|move|p1a: Gastrodon|Clear Smog|p2a: \uff30\uff55\uff4c\uff4c \uff35\uff30\n|-resisted|p2a: \uff30\uff55\uff4c\uff4c \uff35\uff30\n|-damage|p2a: \uff30\uff55\uff4c\uff4c \uff35\uff30|13\/100 brn\n|-clearboost|p2a: \uff30\uff55\uff4c\uff4c \uff35\uff30\n|\n|-heal|p1a: Gastrodon|22\/100|[from] item: Leftovers\n|-damage|p2a: \uff30\uff55\uff4c\uff4c \uff35\uff30|7\/100 brn|[from] brn\n|upkeep\n|turn|14\n|c| MarcusTalks|Yaya\u2026 thank you so much\n|\n|t:|1699495360\n|move|p2a: \uff30\uff55\uff4c\uff4c \uff35\uff30|Close Combat|p1a: Gastrodon\n|-damage|p1a: Gastrodon|0 fnt\n|-unboost|p2a: \uff30\uff55\uff4c\uff4c \uff35\uff30|def|1\n|-unboost|p2a: \uff30\uff55\uff4c\uff4c \uff35\uff30|spd|1\n|faint|p1a: Gastrodon\n|\n|win|yaya_x3\n|c|\u2606Chaos92031|gg\n|l|\u2606Chaos92031\n|c|\u2606yaya_x3|gg\n","uploadtime":1699495374,"views":12,"p1id":"chaos92031","p2id":"yayax3","formatid":"gen9nationaldexdoubles","rating":0,"private":0,"password":""}