{"id":"gen9nationaldexdoubles-1996399500","p1":"eragon11145","p2":"Iceberg77","format":"[Gen 9] National Dex Doubles","log":"|j|\u2606eragon11145\n|j|\u2606Iceberg77\n|t:|1700678344\n|gametype|doubles\n|player|p1|eragon11145|#dwcopiii|\n|player|p2|Iceberg77|iris-gen5bw2|\n|teamsize|p1|6\n|teamsize|p2|6\n|gen|9\n|tier|[Gen 9] National Dex Doubles\n|rule|HP Percentage Mod: HP is shown in percentages\n|rule|Endless Battle Clause: Forcing endless battles is banned\n|rule|OHKO Clause: OHKO moves are banned\n|rule|Evasion Moves Clause: Evasion moves are banned\n|rule|Evasion Abilities Clause: Evasion abilities are banned\n|rule|Species Clause: Limit one of each Pok\u00e9mon\n|rule|Gravity Sleep Clause: The combination of sleep-inducing moves with imperfect accuracy and Gravity or Gigantamax Orbeetle are banned\n|clearpoke\n|poke|p1|Wo-Chien|\n|poke|p1|Arcanine-Hisui, F|\n|poke|p1|Tapu Fini|\n|poke|p1|Salamence, F|\n|poke|p1|Gholdengo|\n|poke|p1|Zeraora|\n|poke|p2|Kyurem-Black|\n|poke|p2|Zamazenta-*|\n|poke|p2|Gothitelle, F|\n|poke|p2|Salamence, F|\n|poke|p2|Tapu Fini|\n|poke|p2|Glimmora, M|\n|teampreview\n|inactive|Battle timer is ON: inactive players will automatically lose when time's up. (requested by eragon11145)\n|c|\u2606Iceberg77|hf\n|c|\u2606eragon11145|glhf\n|inactive|eragon11145 has 270 seconds left.\n|inactive|Iceberg77 has 270 seconds left.\n|c|\u2606eragon11145|over\/under on number of times I will try to coaching gholdengo: 2\n|inactive|eragon11145 has 240 seconds left.\n|inactive|Iceberg77 has 240 seconds left.\n|j| glimmeraqua\n|c| glimmeraqua|Oml you built BOTH\n|inactive|Iceberg77 has 210 seconds left.\n|c|\u2606eragon11145|>:)\n|inactive|eragon11145 has 210 seconds left.\n|c|\u2606eragon11145|(did you not mean both)\n|j| seta0052\n|c| glimmeraqua|I specified separate but i dig it\n|inactive|Iceberg77 has 180 seconds left.\n|\n|t:|1700678467\n|start\n|switch|p1a: Arcanine|Arcanine-Hisui, F|100\/100\n|switch|p1b: Gholdengo|Gholdengo|100\/100\n|switch|p2a: Glimmora|Glimmora, M|100\/100\n|switch|p2b: Tapu Fini|Tapu Fini|100\/100\n|-ability|p1a: Arcanine|Intimidate|boost\n|-unboost|p2a: Glimmora|atk|1\n|-unboost|p2b: Tapu Fini|atk|1\n|-fieldstart|move: Misty Terrain|[from] ability: Misty Surge|[of] p2b: Tapu Fini\n|turn|1\n|c|\u2606eragon11145|guess I just can't read\n|inactive|Iceberg77 has 240 seconds left.\n|\n|t:|1700678515\n|move|p1a: Arcanine|Snarl|p2a: Glimmora|[spread] p2a,p2b\n|-resisted|p2b: Tapu Fini\n|-damage|p2a: Glimmora|91\/100\n|-damage|p2b: Tapu Fini|97\/100\n|-unboost|p2a: Glimmora|spa|1\n|-unboost|p2b: Tapu Fini|spa|1\n|move|p1b: Gholdengo|Nasty Plot|p1b: Gholdengo\n|-boost|p1b: Gholdengo|spa|2\n|move|p2b: Tapu Fini|Ice Beam|p1a: Arcanine\n|-resisted|p1a: Arcanine\n|-damage|p1a: Arcanine|86\/100\n|move|p2a: Glimmora|Earth Power|p1b: Gholdengo\n|-supereffective|p1b: Gholdengo\n|-damage|p1b: Gholdengo|55\/100\n|\n|-heal|p1b: Gholdengo|61\/100|[from] item: Leftovers\n|upkeep\n|turn|2\n|j| smudgerox\n|inactive|Iceberg77 has 240 seconds left.\n|inactive|eragon11145 has 270 seconds left.\n|\n|t:|1700678543\n|switch|p1a: Zeraora|Zeraora|100\/100\n|move|p1b: Gholdengo|Protect|p1b: Gholdengo\n|-singleturn|p1b: Gholdengo|Protect\n|move|p2b: Tapu Fini|Ice Beam|p1b: Gholdengo\n|-activate|p1b: Gholdengo|move: Protect\n|move|p2a: Glimmora|Earth Power|p1b: Gholdengo\n|-activate|p1b: Gholdengo|move: Protect\n|\n|-heal|p1b: Gholdengo|67\/100|[from] item: Leftovers\n|upkeep\n|turn|3\n|inactive|Iceberg77 has 240 seconds left.\n|\n|t:|1700678559\n|move|p1a: Zeraora|Plasma Fists|p2b: Tapu Fini\n|-supereffective|p2b: Tapu Fini\n|-crit|p2b: Tapu Fini\n|-damage|p2b: Tapu Fini|0 fnt\n|-fieldactivate|move: Ion Deluge\n|-hint|Normal-type moves become Electric-type after using Plasma Fists.\n|faint|p2b: Tapu Fini\n|move|p1b: Gholdengo|Make It Rain|p2a: Glimmora\n|-supereffective|p2a: Glimmora\n|-damage|p2a: Glimmora|0 fnt\n|-unboost|p1b: Gholdengo|spa|1\n|faint|p2a: Glimmora\n|\n|-heal|p1b: Gholdengo|73\/100|[from] item: Leftovers\n|upkeep\n|\n|t:|1700678574\n|switch|p2b: Zamazenta|Zamazenta|100\/100\n|switch|p2a: Kyurem|Kyurem-Black|100\/100\n|-ability|p2b: Zamazenta|Dauntless Shield|boost\n|-boost|p2b: Zamazenta|def|1\n|-ability|p2a: Kyurem|Teravolt\n|turn|4\n|inactive|Iceberg77 has 240 seconds left.\n|\n|t:|1700678600\n|switch|p1a: Arcanine|Arcanine-Hisui, F|86\/100\n|-ability|p1a: Arcanine|Intimidate|boost\n|-fail|p2a: Kyurem|unboost|[from] item: Clear Amulet|[of] p2a: Kyurem\n|-unboost|p2b: Zamazenta|atk|1\n|-terastallize|p2a: Kyurem|Electric\n|move|p2b: Zamazenta|Coaching|p2a: Kyurem\n|-boost|p2a: Kyurem|atk|1\n|-boost|p2a: Kyurem|def|1\n|move|p2a: Kyurem|Dragon Dance|p2a: Kyurem\n|-boost|p2a: Kyurem|atk|1\n|-boost|p2a: Kyurem|spe|1\n|move|p1b: Gholdengo|Shadow Ball|p2a: Kyurem\n|-damage|p2a: Kyurem|57\/100\n|\n|-heal|p1b: Gholdengo|79\/100|[from] item: Leftovers\n|upkeep\n|turn|5\n|inactive|Iceberg77 has 240 seconds left.\n|\n|t:|1700678634\n|move|p1b: Gholdengo|Protect|p1b: Gholdengo\n|-singleturn|p1b: Gholdengo|Protect\n|move|p2b: Zamazenta|Body Press|p1a: Arcanine\n|-supereffective|p1a: Arcanine\n|-damage|p1a: Arcanine|0 fnt\n|faint|p1a: Arcanine\n|move|p2a: Kyurem|Fusion Bolt|p1b: Gholdengo\n|-activate|p1b: Gholdengo|move: Protect\n|\n|-heal|p1b: Gholdengo|85\/100|[from] item: Leftovers\n|-fieldend|Misty Terrain\n|upkeep\n|\n|t:|1700678649\n|switch|p1a: Zeraora|Zeraora|100\/100\n|turn|6\n|\n|t:|1700678662\n|move|p2a: Kyurem|Protect|p2a: Kyurem\n|-singleturn|p2a: Kyurem|Protect\n|move|p1a: Zeraora|Fake Out|p2a: Kyurem\n|-activate|p2a: Kyurem|move: Protect\n|move|p2b: Zamazenta|Coaching|p2a: Kyurem\n|-boost|p2a: Kyurem|atk|1\n|-boost|p2a: Kyurem|def|1\n|move|p1b: Gholdengo|Nasty Plot|p1b: Gholdengo\n|-boost|p1b: Gholdengo|spa|2\n|\n|-heal|p1b: Gholdengo|92\/100|[from] item: Leftovers\n|upkeep\n|turn|7\n|inactive|Iceberg77 has 270 seconds left.\n|inactive|Iceberg77 has 240 seconds left.\n|\n|t:|1700678699\n|switch|p1a: Wo-Chien|Wo-Chien|100\/100\n|-ability|p1a: Wo-Chien|Tablets of Ruin\n|-terastallize|p1b: Gholdengo|Dragon\n|move|p2b: Zamazenta|Body Press|p1b: Gholdengo\n|-damage|p1b: Gholdengo|56\/100\n|move|p2a: Kyurem|Fusion Bolt|p1b: Gholdengo\n|-resisted|p1b: Gholdengo\n|-damage|p1b: Gholdengo|6\/100\n|move|p1b: Gholdengo|Shadow Ball|p2a: Kyurem\n|-crit|p2a: Kyurem\n|-damage|p2a: Kyurem|0 fnt\n|faint|p2a: Kyurem\n|\n|-heal|p1b: Gholdengo|12\/100|[from] item: Leftovers\n|upkeep\n|inactive|Iceberg77 has 240 seconds left.\n|\n|t:|1700678712\n|switch|p2a: Salamence|Salamence, F|100\/100\n|-ability|p2a: Salamence|Intimidate|boost\n|-unboost|p1a: Wo-Chien|atk|1\n|-unboost|p1b: Gholdengo|atk|1\n|turn|8\n|\n|t:|1700678729\n|switch|p1a: Salamence|Salamence, F|100\/100\n|-ability|p1a: Salamence|Intimidate|boost\n|-unboost|p2a: Salamence|atk|1\n|-unboost|p2b: Zamazenta|atk|1\n|detailschange|p2a: Salamence|Salamence-Mega, F\n|-mega|p2a: Salamence|Salamence|Salamencite\n|move|p2b: Zamazenta|Body Press|p1a: Salamence\n|-resisted|p1a: Salamence\n|-damage|p1a: Salamence|67\/100\n|move|p2a: Salamence|Tera Blast|p1a: Salamence\n|-damage|p1a: Salamence|11\/100\n|move|p1b: Gholdengo|Make It Rain|p2b: Zamazenta|[spread] p2a,p2b\n|-damage|p2a: Salamence|0 fnt\n|-damage|p2b: Zamazenta|10\/100\n|-unboost|p1b: Gholdengo|spa|1\n|faint|p2a: Salamence\n|\n|-heal|p1b: Gholdengo|18\/100|[from] item: Leftovers\n|upkeep\n|inactive|Iceberg77 has 240 seconds left.\n|\n|t:|1700678740\n|switch|p2a: Gothitelle|Gothitelle, F|100\/100\n|turn|9\n|c|\u2606eragon11145|tera blast\n|c|\u2606eragon11145|goat\n|\n|t:|1700678752\n|detailschange|p1a: Salamence|Salamence-Mega, F\n|-mega|p1a: Salamence|Salamence|Salamencite\n|move|p1a: Salamence|Protect|p1a: Salamence\n|-singleturn|p1a: Salamence|Protect\n|move|p1b: Gholdengo|Protect|p1b: Gholdengo\n|-singleturn|p1b: Gholdengo|Protect\n|move|p2a: Gothitelle|Fake Out|p1b: Gholdengo\n|-activate|p1b: Gholdengo|move: Protect\n|move|p2b: Zamazenta|Body Press|p1a: Salamence\n|-activate|p1a: Salamence|move: Protect\n|\n|-heal|p1b: Gholdengo|25\/100|[from] item: Leftovers\n|upkeep\n|turn|10\n|\n|t:|1700678762\n|move|p2b: Zamazenta|Body Press|p1b: Gholdengo\n|-damage|p1b: Gholdengo|0 fnt\n|faint|p1b: Gholdengo\n|move|p1a: Salamence|Hyper Voice|p2b: Zamazenta|[spread] p2a,p2b\n|-supereffective|p2b: Zamazenta\n|-damage|p2a: Gothitelle|75\/100\n|-damage|p2b: Zamazenta|0 fnt\n|faint|p2b: Zamazenta\n|move|p2a: Gothitelle|Psychic|p1a: Salamence\n|-damage|p1a: Salamence|0 fnt\n|faint|p1a: Salamence\n|\n|upkeep\n|c|\u2606Iceberg77|gg\n|\n|t:|1700678767\n|switch|p1a: Wo-Chien|Wo-Chien|100\/100\n|switch|p1b: Zeraora|Zeraora|100\/100\n|-ability|p1a: Wo-Chien|Tablets of Ruin\n|turn|11\n|c|\u2606eragon11145|gg\n|-message|Iceberg77 forfeited.\n|\n|win|eragon11145\n|l|\u2606Iceberg77\n|l| seta0052\n","uploadtime":1700678772,"views":30,"p1id":"eragon11145","p2id":"iceberg77","formatid":"gen9nationaldexdoubles","rating":0,"private":0,"password":""}