{"id":"gen9nationaldexdoubles-1972399566","p1":"kpoc12","p2":"cassinidivision","format":"[Gen 9] National Dex Doubles","log":"|j|\u2606kpoc12\n|j|\u2606cassinidivision\n|t:|1697838657\n|gametype|doubles\n|player|p1|kpoc12|giovanni-masters|\n|player|p2|cassinidivision|leaf-masters|\n|teamsize|p1|6\n|teamsize|p2|6\n|gen|9\n|tier|[Gen 9] National Dex Doubles\n|rule|HP Percentage Mod: HP is shown in percentages\n|rule|Endless Battle Clause: Forcing endless battles is banned\n|rule|OHKO Clause: OHKO moves are banned\n|rule|Evasion Moves Clause: Evasion moves are banned\n|rule|Evasion Abilities Clause: Evasion abilities are banned\n|rule|Species Clause: Limit one of each Pok\u00e9mon\n|rule|Gravity Sleep Clause: The combination of sleep-inducing moves with imperfect accuracy and Gravity or Gigantamax Orbeetle are banned\n|clearpoke\n|poke|p1|Garchomp, F|\n|poke|p1|Gliscor, F|\n|poke|p1|Salamence, F|\n|poke|p1|Arcanine, F|\n|poke|p1|Torterra, F|\n|poke|p1|Rhyperior, M|\n|poke|p2|Venusaur, F|\n|poke|p2|Glaceon, M|\n|poke|p2|Nidoqueen, F|\n|poke|p2|Starmie|\n|poke|p2|Azumarill, F|\n|poke|p2|Dewgong, F|\n|teampreview\n|j| AutumnCookie\n|\n|t:|1697838684\n|start\n|switch|p1a: Gliscor|Gliscor, F|100\/100\n|switch|p1b: Arcanine|Arcanine, F|100\/100\n|switch|p2a: Nidoqueen|Nidoqueen, F|100\/100\n|switch|p2b: Azumarill|Azumarill, F|100\/100\n|-ability|p1b: Arcanine|Intimidate|boost\n|-unboost|p2a: Nidoqueen|atk|1\n|-unboost|p2b: Azumarill|atk|1\n|turn|1\n|l| AutumnCookie\n|j| AutumnCookie\n|\n|t:|1697838730\n|move|p1b: Arcanine|Extreme Speed|p2b: Azumarill\n|-damage|p2b: Azumarill|74\/100\n|move|p1a: Gliscor|Tailwind|p1a: Gliscor\n|-sidestart|p1: kpoc12|move: Tailwind\n|move|p2a: Nidoqueen|Taunt|p1a: Gliscor\n|-start|p1a: Gliscor|move: Taunt\n|move|p2b: Azumarill|Belly Drum|p2b: Azumarill\n|-damage|p2b: Azumarill|24\/100\n|-setboost|p2b: Azumarill|atk|6|[from] move: Belly Drum\n|-enditem|p2b: Azumarill|Sitrus Berry|[eat]\n|-heal|p2b: Azumarill|49\/100|[from] item: Sitrus Berry\n|\n|upkeep\n|turn|2\n|\n|t:|1697838788\n|move|p1b: Arcanine|Flare Blitz|p2b: Azumarill\n|-resisted|p2b: Azumarill\n|-damage|p2b: Azumarill|18\/100\n|-damage|p1b: Arcanine|88\/100|[from] Recoil\n|move|p1a: Gliscor|Acrobatics|p2b: Azumarill\n|-damage|p2b: Azumarill|0 fnt\n|faint|p2b: Azumarill\n|move|p2a: Nidoqueen|Toxic Spikes|p1a: Gliscor\n|-sidestart|p1: kpoc12|move: Toxic Spikes\n|\n|-heal|p1b: Arcanine|94\/100|[from] item: Leftovers\n|upkeep\n|c|\u2606cassinidivision|fuck\n|\n|t:|1697838804\n|switch|p2b: Starmie|Starmie|100\/100\n|turn|3\n|\n|t:|1697838822\n|move|p1b: Arcanine|Extreme Speed|p2b: Starmie\n|-damage|p2b: Starmie|70\/100\n|move|p1a: Gliscor|U-turn|p2b: Starmie\n|-supereffective|p2b: Starmie\n|-damage|p2b: Starmie|31\/100\n|\n|t:|1697838831\n|switch|p1a: Torterra|Torterra, F|100\/100|[from] U-turn\n|-status|p1a: Torterra|psn\n|move|p2b: Starmie|Light Screen|p2b: Starmie\n|-sidestart|p2: cassinidivision|move: Light Screen\n|move|p2a: Nidoqueen|Toxic Spikes|p1a: Torterra\n|-sidestart|p1: kpoc12|move: Toxic Spikes\n|\n|-heal|p1b: Arcanine|99\/100|[from] item: Leftovers\n|-damage|p1a: Torterra|88\/100 psn|[from] psn\n|upkeep\n|turn|4\n|c|\u2606cassinidivision|i should have done kabutops instead\n|\n|t:|1697838895\n|move|p1b: Arcanine|Extreme Speed|p2b: Starmie\n|-crit|p2b: Starmie\n|-damage|p2b: Starmie|0 fnt\n|faint|p2b: Starmie\n|move|p1a: Torterra|Shell Smash|p1a: Torterra\n|-unboost|p1a: Torterra|def|1\n|-unboost|p1a: Torterra|spd|1\n|-boost|p1a: Torterra|atk|2\n|-boost|p1a: Torterra|spa|2\n|-boost|p1a: Torterra|spe|2\n|move|p2a: Nidoqueen|Body Slam|p1b: Arcanine\n|-damage|p1b: Arcanine|71\/100\n|\n|-heal|p1a: Torterra|94\/100 psn|[from] item: Leftovers\n|-heal|p1b: Arcanine|77\/100|[from] item: Leftovers\n|-damage|p1a: Torterra|82\/100 psn|[from] psn\n|-sideend|p1: kpoc12|move: Tailwind\n|upkeep\n|l| AutumnCookie\n|\n|t:|1697838917\n|switch|p2b: Venusaur|Venusaur, F|100\/100\n|turn|5\n|j| AutumnCookie\n|n| AutumnCookie|autumncookie\n|\n|t:|1697838931\n|move|p1a: Torterra|Wood Hammer|p2a: Nidoqueen\n|-damage|p2a: Nidoqueen|0 fnt\n|faint|p2a: Nidoqueen\n|-damage|p1a: Torterra|44\/100 psn|[from] Recoil\n|move|p1b: Arcanine|Flare Blitz|p2b: Venusaur\n|-supereffective|p2b: Venusaur\n|-damage|p2b: Venusaur|0 fnt\n|faint|p2b: Venusaur\n|-damage|p1b: Arcanine|46\/100|[from] Recoil\n|\n|-heal|p1a: Torterra|50\/100 psn|[from] item: Leftovers\n|-heal|p1b: Arcanine|52\/100|[from] item: Leftovers\n|-damage|p1a: Torterra|37\/100 psn|[from] psn\n|upkeep\n|\n|t:|1697838935\n|switch|p2b: Dewgong|Dewgong, F|100\/100\n|switch|p2a: Glaceon|Glaceon, M|100\/100\n|turn|6\n|\n|t:|1697838979\n|move|p1a: Torterra|Wood Hammer|p2a: Glaceon\n|-damage|p2a: Glaceon|19\/100\n|-damage|p1a: Torterra|10\/100 psn|[from] Recoil\n|move|p1b: Arcanine|Close Combat|p2b: Dewgong\n|-supereffective|p2b: Dewgong\n|-damage|p2b: Dewgong|19\/100\n|-unboost|p1b: Arcanine|def|1\n|-unboost|p1b: Arcanine|spd|1\n|move|p2b: Dewgong|Toxic|p1b: Arcanine|[miss]\n|-miss|p2b: Dewgong|p1b: Arcanine\n|move|p2a: Glaceon|Snowscape|p2a: Glaceon\n|-weather|Snow\n|\n|-weather|Snow|[upkeep]\n|-heal|p2b: Dewgong|25\/100|[from] ability: Ice Body\n|-heal|p2a: Glaceon|25\/100|[from] ability: Ice Body\n|-heal|p1a: Torterra|17\/100 psn|[from] item: Leftovers\n|-heal|p1b: Arcanine|58\/100|[from] item: Leftovers\n|-heal|p2b: Dewgong|31\/100|[from] item: Leftovers\n|-heal|p2a: Glaceon|31\/100|[from] item: Leftovers\n|-damage|p1a: Torterra|4\/100 psn|[from] psn\n|upkeep\n|turn|7\n|\n|t:|1697839003\n|move|p2a: Glaceon|Protect|p2a: Glaceon\n|-singleturn|p2a: Glaceon|Protect\n|move|p1a: Torterra|Wood Hammer|p2a: Glaceon\n|-activate|p2a: Glaceon|move: Protect\n|move|p1b: Arcanine|Close Combat|p2b: Dewgong\n|-supereffective|p2b: Dewgong\n|-damage|p2b: Dewgong|0 fnt\n|-unboost|p1b: Arcanine|def|1\n|-unboost|p1b: Arcanine|spd|1\n|faint|p2b: Dewgong\n|\n|-weather|Snow|[upkeep]\n|-heal|p2a: Glaceon|37\/100|[from] ability: Ice Body\n|-heal|p1a: Torterra|10\/100 psn|[from] item: Leftovers\n|-heal|p1b: Arcanine|65\/100|[from] item: Leftovers\n|-heal|p2a: Glaceon|43\/100|[from] item: Leftovers\n|-damage|p1a: Torterra|0 fnt|[from] psn\n|faint|p1a: Torterra\n|-sideend|p2: cassinidivision|move: Light Screen\n|upkeep\n|\n|t:|1697839024\n|switch|p1a: Rhyperior|Rhyperior, M|100\/100\n|-status|p1a: Rhyperior|tox\n|turn|8\n|\n|t:|1697839034\n|move|p1b: Arcanine|Flare Blitz|p2a: Glaceon\n|-supereffective|p2a: Glaceon\n|-damage|p2a: Glaceon|0 fnt\n|faint|p2a: Glaceon\n|-damage|p1b: Arcanine|50\/100|[from] Recoil\n|\n|win|kpoc12\n|c|\u2606kpoc12|ggs\n|c|\u2606cassinidivision|risk didnt oay off\n|c|\u2606cassinidivision|i have a backup plan\n|c|\u2606cassinidivision|ggs\n","uploadtime":1697839057,"views":10,"p1id":"kpoc12","p2id":"cassinidivision","formatid":"gen9nationaldexdoubles","rating":0,"private":0,"password":""}