{"id":"gen9nationaldexdoubles-1966023921","p1":"Kat Mono","p2":"Sally2416","format":"[Gen 9] National Dex Doubles","log":"|j|\u2606Kat Mono\n|j|\u2606Sally2416\n|t:|1697138330\n|gametype|doubles\n|player|p1|Kat Mono|lusamine-nihilego|1092\n|player|p2|Sally2416|idol|1054\n|teamsize|p1|6\n|teamsize|p2|6\n|gen|9\n|tier|[Gen 9] National Dex Doubles\n|rated|\n|rule|HP Percentage Mod: HP is shown in percentages\n|rule|Endless Battle Clause: Forcing endless battles is banned\n|rule|OHKO Clause: OHKO moves are banned\n|rule|Evasion Moves Clause: Evasion moves are banned\n|rule|Evasion Abilities Clause: Evasion abilities are banned\n|rule|Species Clause: Limit one of each Pok\u00e9mon\n|rule|Gravity Sleep Clause: The combination of sleep-inducing moves with imperfect accuracy and Gravity or Gigantamax Orbeetle are banned\n|clearpoke\n|poke|p1|Kleavor, F|\n|poke|p1|Chansey, F|\n|poke|p1|Amoonguss, F|\n|poke|p1|Grimmsnarl, M|\n|poke|p1|Diancie|\n|poke|p1|Obstagoon, F|\n|poke|p2|Minior-Blue|\n|poke|p2|Clefable, F|\n|poke|p2|Ogerpon-Wellspring, F|\n|poke|p2|Furret, F|\n|poke|p2|Abomasnow, M|\n|poke|p2|Pelipper, M|\n|teampreview\n|inactive|Battle timer is ON: inactive players will automatically lose when time's up. (requested by Kat Mono)\n|\n|t:|1697138340\n|start\n|switch|p1a: Diancie|Diancie|100\/100\n|switch|p1b: Grimmsnarl|Grimmsnarl, M|100\/100\n|switch|p2a: Clefable|Clefable, F|100\/100\n|switch|p2b: Pelipper|Pelipper, M, shiny|100\/100\n|-weather|RainDance|[from] ability: Drizzle|[of] p2b: Pelipper\n|turn|1\n|\n|t:|1697138368\n|detailschange|p1a: Diancie|Diancie-Mega\n|-mega|p1a: Diancie|Diancie|Diancite\n|move|p1b: Grimmsnarl|Light Screen|p1b: Grimmsnarl\n|-sidestart|p1: Kat Mono|move: Light Screen\n|move|p1a: Diancie|Rock Polish|p1a: Diancie\n|-boost|p1a: Diancie|spe|2\n|move|p2b: Pelipper|Knock Off|p1b: Grimmsnarl\n|-resisted|p1b: Grimmsnarl\n|-damage|p1b: Grimmsnarl|97\/100\n|-enditem|p1b: Grimmsnarl|Leftovers|[from] move: Knock Off|[of] p2b: Pelipper\n|move|p2a: Clefable|Moonblast|p1b: Grimmsnarl\n|-supereffective|p1b: Grimmsnarl\n|-damage|p1b: Grimmsnarl|56\/100\n|\n|-weather|RainDance|[upkeep]\n|upkeep\n|turn|2\n|inactive|Sally2416 has 120 seconds left.\n|\n|t:|1697138401\n|switch|p2a: Ogerpon|Ogerpon-Wellspring, F|100\/100\n|move|p1b: Grimmsnarl|Reflect|p1b: Grimmsnarl\n|-sidestart|p1: Kat Mono|Reflect\n|move|p1a: Diancie|Diamond Storm|p2a: Ogerpon|[spread] p2a,p2b\n|-supereffective|p2b: Pelipper\n|-damage|p2a: Ogerpon|41\/100\n|-damage|p2b: Pelipper|0 fnt\n|-boost|p1a: Diancie|def|2\n|faint|p2b: Pelipper\n|\n|-weather|RainDance|[upkeep]\n|upkeep\n|inactive|Sally2416 has 120 seconds left.\n|\n|t:|1697138415\n|switch|p2b: Furret|Furret, F, shiny|100\/100\n|-item|p1a: Diancie|Diancite|[from] ability: Frisk|[of] p2b: Furret|[identify]\n|turn|3\n|\n|t:|1697138425\n|move|p2b: Furret|Follow Me|p2b: Furret\n|-singleturn|p2b: Furret|move: Follow Me\n|move|p1b: Grimmsnarl|Parting Shot|p2b: Furret\n|-unboost|p2b: Furret|atk|1\n|-unboost|p2b: Furret|spa|1\n|\n|t:|1697138438\n|switch|p1b: Obstagoon|Obstagoon, F|100\/100|[from] Parting Shot\n|move|p1a: Diancie|Body Press|p2b: Furret\n|-supereffective|p2b: Furret\n|-damage|p2b: Furret|0 fnt\n|faint|p2b: Furret\n|move|p2a: Ogerpon|Ivy Cudgel|p1a: Diancie\n|-supereffective|p1a: Diancie\n|-damage|p1a: Diancie|34\/100\n|\n|-weather|RainDance|[upkeep]\n|-status|p1b: Obstagoon|brn|[from] item: Flame Orb\n|upkeep\n|\n|t:|1697138444\n|switch|p2b: Clefable|Clefable, F|100\/100\n|turn|4\n|\n|t:|1697138465\n|move|p2a: Ogerpon|Protect|p2a: Ogerpon\n|-singleturn|p2a: Ogerpon|Protect\n|move|p1a: Diancie|Diamond Storm|p2b: Clefable|[spread] p2b\n|-activate|p2a: Ogerpon|move: Protect\n|-damage|p2b: Clefable|40\/100\n|-boost|p1a: Diancie|def|2\n|move|p1b: Obstagoon|Facade|p2a: Ogerpon\n|-activate|p2a: Ogerpon|move: Protect\n|move|p2b: Clefable|Psych Up|p1a: Diancie\n|-copyboost|p2b: Clefable|p1a: Diancie|[from] move: Psych Up\n|\n|-weather|RainDance|[upkeep]\n|-damage|p1b: Obstagoon|94\/100 brn|[from] brn\n|upkeep\n|turn|5\n|\n|t:|1697138491\n|move|p1a: Diancie|Draining Kiss|p2b: Clefable\n|-damage|p2b: Clefable|16\/100\n|-heal|p1a: Diancie|60\/100|[from] drain|[of] p2b: Clefable\n|move|p1b: Obstagoon|Facade|p2a: Ogerpon\n|-damage|p2a: Ogerpon|0 fnt\n|faint|p2a: Ogerpon\n|move|p2b: Clefable|Moonlight|p2b: Clefable\n|-heal|p2b: Clefable|41\/100\n|\n|-weather|RainDance|[upkeep]\n|-damage|p1b: Obstagoon|88\/100 brn|[from] brn\n|-sideend|p1: Kat Mono|move: Light Screen\n|upkeep\n|inactive|Sally2416 has 120 seconds left.\n|\n|t:|1697138507\n|switch|p2a: Abomasnow|Abomasnow, M, shiny|100\/100\n|-weather|Snow|[from] ability: Snow Warning|[of] p2a: Abomasnow\n|turn|6\n|\n|t:|1697138525\n|move|p1a: Diancie|Body Press|p2a: Abomasnow\n|-supereffective|p2a: Abomasnow\n|-damage|p2a: Abomasnow|7\/100\n|move|p1b: Obstagoon|Facade|p2b: Clefable\n|-damage|p2b: Clefable|5\/100\n|move|p2b: Clefable|Dazzling Gleam|p1b: Obstagoon|[spread] p1a,p1b\n|-supereffective|p1b: Obstagoon\n|-damage|p1a: Diancie|26\/100\n|-damage|p1b: Obstagoon|30\/100 brn\n|move|p2a: Abomasnow|Aurora Veil|p2a: Abomasnow\n|-sidestart|p2: Sally2416|move: Aurora Veil\n|\n|-weather|Snow|[upkeep]\n|-damage|p1b: Obstagoon|23\/100 brn|[from] brn\n|-sideend|p1: Kat Mono|Reflect\n|upkeep\n|turn|7\n|inactive|Sally2416 has 120 seconds left.\n|\n|t:|1697138556\n|switch|p2b: Pokepowers|Minior-Blue|100\/100\n|-formechange|p2b: Pokepowers|Minior-Meteor||[from] ability: Shields Down\n|move|p1b: Obstagoon|Obstruct|p1b: Obstagoon\n|-singleturn|p1b: Obstagoon|Protect\n|move|p1a: Diancie|Diamond Storm|p2b: Pokepowers|[spread] p2a,p2b\n|-supereffective|p2a: Abomasnow\n|-supereffective|p2b: Pokepowers\n|-damage|p2a: Abomasnow|0 fnt\n|-damage|p2b: Pokepowers|27\/100\n|faint|p2a: Abomasnow\n|\n|-weather|Snow|[upkeep]\n|-damage|p1b: Obstagoon|17\/100 brn|[from] brn\n|-formechange|p2b: Pokepowers|Minior-Blue||[from] ability: Shields Down\n|upkeep\n|inactive|Sally2416 has 120 seconds left.\n|\n|t:|1697138572\n|switch|p2a: Clefable|Clefable, F|5\/100\n|turn|8\n|\n|t:|1697138584\n|-terastallize|p2b: Pokepowers|Flying\n|move|p1a: Diancie|Diamond Storm|p2b: Pokepowers|[spread] p2a\n|-miss|p1a: Diancie|p2b: Pokepowers\n|-damage|p2a: Clefable|0 fnt\n|faint|p2a: Clefable\n|move|p2b: Pokepowers|Shell Smash|p2b: Pokepowers\n|-unboost|p2b: Pokepowers|def|1\n|-unboost|p2b: Pokepowers|spd|1\n|-boost|p2b: Pokepowers|atk|2\n|-boost|p2b: Pokepowers|spa|2\n|-boost|p2b: Pokepowers|spe|2\n|-enditem|p2b: Pokepowers|White Herb\n|-clearnegativeboost|p2b: Pokepowers|[silent]\n|move|p1b: Obstagoon|Knock Off|p2b: Pokepowers\n|-damage|p2b: Pokepowers|0 fnt\n|faint|p2b: Pokepowers\n|\n|win|Kat Mono\n|raw|Kat Mono's rating: 1092 &rarr; <strong>1115<\/strong><br \/>(+23 for winning)\n|raw|Sally2416's rating: 1054 &rarr; <strong>1038<\/strong><br \/>(-16 for losing)\n|l|\u2606Sally2416\n","uploadtime":1697138604,"views":5,"p1id":"katmono","p2id":"sally2416","formatid":"gen9nationaldexdoubles","rating":1038,"private":0,"password":""}