{"id":"gen9nationaldexdoubles-1976914582","p1":"omegashenronone","p2":"Battlesmudge","format":"[Gen 9] National Dex Doubles","log":"|j|\u2606omegashenronone\n|j|\u2606Battlesmudge\n|t:|1698351999\n|gametype|doubles\n|player|p1|omegashenronone|hugh|\n|player|p2|Battlesmudge|pokemonbreeder-gen4|\n|teamsize|p1|6\n|teamsize|p2|6\n|gen|9\n|tier|[Gen 9] National Dex Doubles\n|rule|HP Percentage Mod: HP is shown in percentages\n|rule|Endless Battle Clause: Forcing endless battles is banned\n|rule|OHKO Clause: OHKO moves are banned\n|rule|Evasion Moves Clause: Evasion moves are banned\n|rule|Evasion Abilities Clause: Evasion abilities are banned\n|rule|Species Clause: Limit one of each Pok\u00e9mon\n|rule|Gravity Sleep Clause: The combination of sleep-inducing moves with imperfect accuracy and Gravity or Gigantamax Orbeetle are banned\n|clearpoke\n|poke|p1|Urshifu-*, M|\n|poke|p1|Rotom-Wash|\n|poke|p1|Greninja-*, M|\n|poke|p1|Pelipper, F|\n|poke|p1|Swampert, F|\n|poke|p1|Kingdra, M|\n|poke|p2|Charizard, F|\n|poke|p2|Alomomola, F|\n|poke|p2|Heatran, M|\n|poke|p2|Kommo-o, F|\n|poke|p2|Corviknight, F|\n|poke|p2|Clodsire, F|\n|teampreview\n|inactive|Battle timer is ON: inactive players will automatically lose when time's up. (requested by omegashenronone)\n|inactive|Battlesmudge has 270 seconds left.\n|\n|t:|1698352035\n|start\n|switch|p1a: Happy|Pelipper, F|100\/100\n|switch|p1b: Hur-Hur-Hur|Kingdra, M|100\/100\n|switch|p2a: Clodsire|Clodsire, F|100\/100\n|switch|p2b: Corviknight|Corviknight, F|100\/100\n|-weather|RainDance|[from] ability: Drizzle|[of] p1a: Happy\n|turn|1\n|\n|t:|1698352047\n|move|p1b: Hur-Hur-Hur|Ice Beam|p2b: Corviknight\n|-damage|p2b: Corviknight|68\/100\n|move|p2b: Corviknight|Tailwind|p2b: Corviknight\n|-sidestart|p2: Battlesmudge|move: Tailwind\n|move|p1a: Happy|Tailwind|p1a: Happy\n|-sidestart|p1: omegashenronone|move: Tailwind\n|move|p2a: Clodsire|Yawn|p1b: Hur-Hur-Hur\n|-start|p1b: Hur-Hur-Hur|move: Yawn|[of] p2a: Clodsire\n|\n|-weather|RainDance|[upkeep]\n|upkeep\n|turn|2\n|\n|t:|1698352062\n|switch|p1b: Former rotom phone|Rotom-Wash, shiny|100\/100\n|move|p2b: Corviknight|U-turn|p1b: Former rotom phone\n|-damage|p1b: Former rotom phone|81\/100\n|\n|t:|1698352078\n|switch|p2b: Charizard|Charizard, F|100\/100|[from] U-turn\n|move|p1a: Happy|U-turn|p2b: Charizard\n|-resisted|p2b: Charizard\n|-damage|p2b: Charizard|98\/100\n|\n|t:|1698352085\n|switch|p1a: Hur-Hur-Hur|Kingdra, M|100\/100|[from] U-turn\n|move|p2a: Clodsire|Yawn|p1a: Hur-Hur-Hur\n|-start|p1a: Hur-Hur-Hur|move: Yawn|[of] p2a: Clodsire\n|\n|-weather|RainDance|[upkeep]\n|upkeep\n|turn|3\n|\n|t:|1698352102\n|detailschange|p2b: Charizard|Charizard-Mega-X, F\n|-mega|p2b: Charizard|Charizard|Charizardite X\n|move|p1a: Hur-Hur-Hur|Draco Meteor|p2b: Charizard\n|-supereffective|p2b: Charizard\n|-damage|p2b: Charizard|0 fnt\n|-unboost|p1a: Hur-Hur-Hur|spa|2\n|faint|p2b: Charizard\n|move|p1b: Former rotom phone|Thunder|p2a: Clodsire\n|-immune|p2a: Clodsire\n|move|p2a: Clodsire|Yawn|p1b: Former rotom phone\n|-start|p1b: Former rotom phone|move: Yawn|[of] p2a: Clodsire\n|\n|-weather|RainDance|[upkeep]\n|-end|p1a: Hur-Hur-Hur|move: Yawn|[silent]\n|-status|p1a: Hur-Hur-Hur|slp\n|upkeep\n|\n|t:|1698352114\n|switch|p2b: Kommo-o|Kommo-o, F|100\/100\n|turn|4\n|\n|t:|1698352144\n|switch|p1b: Happy|Pelipper, F|100\/100\n|cant|p1a: Hur-Hur-Hur|slp\n|-zpower|p2b: Kommo-o\n|move|p2b: Kommo-o|Clangorous Soulblaze|p1a: Hur-Hur-Hur|[zeffect]|[spread] p1a,p1b\n|-supereffective|p1a: Hur-Hur-Hur\n|-damage|p1a: Hur-Hur-Hur|0 fnt\n|-damage|p1b: Happy|28\/100\n|faint|p1a: Hur-Hur-Hur\n|-boost|p2b: Kommo-o|atk|1\n|-boost|p2b: Kommo-o|def|1\n|-boost|p2b: Kommo-o|spa|1\n|-boost|p2b: Kommo-o|spd|1\n|-boost|p2b: Kommo-o|spe|1\n|move|p2a: Clodsire|Gunk Shot|p1b: Happy\n|-damage|p1b: Happy|0 fnt\n|faint|p1b: Happy\n|\n|-weather|RainDance|[upkeep]\n|-sideend|p2: Battlesmudge|move: Tailwind\n|-sideend|p1: omegashenronone|move: Tailwind\n|upkeep\n|inactive|omegashenronone has 270 seconds left.\n|\n|t:|1698352162\n|switch|p1a: Genji|Greninja, M, shiny|100\/100\n|switch|p1b: Master Shi-Fu!|Urshifu-Rapid-Strike, M|100\/100\n|turn|5\n|inactive|Battlesmudge has 270 seconds left.\n|c|\u2606Battlesmudge|gimmie a second\n|c|\u2606Battlesmudge|this is dangerous for me\n|c|\u2606omegashenronone|Hehehe\n|inactive|Battlesmudge has 240 seconds left.\n|c|\u2606omegashenronone|Urshifu ohko'es with ice punch\n|c|\u2606omegashenronone|I already calculated\n|c|\u2606omegashenronone|And you cant protect because of hidden fist or whatever its calked\n|inactive|Battlesmudge has 210 seconds left.\n|\n|t:|1698352275\n|-terastallize|p1b: Master Shi-Fu!|Water\n|move|p2b: Kommo-o|Drain Punch|p1a: Genji\n|-supereffective|p1a: Genji\n|-damage|p1a: Genji|0 fnt\n|faint|p1a: Genji\n|move|p1b: Master Shi-Fu!|Surging Strikes|p2b: Kommo-o\n|-resisted|p2b: Kommo-o\n|-crit|p2b: Kommo-o\n|-damage|p2b: Kommo-o|75\/100\n|-resisted|p2b: Kommo-o\n|-crit|p2b: Kommo-o\n|-damage|p2b: Kommo-o|50\/100\n|-resisted|p2b: Kommo-o\n|-crit|p2b: Kommo-o\n|-damage|p2b: Kommo-o|22\/100\n|-hitcount|p2b: Kommo-o|3\n|-damage|p1b: Master Shi-Fu!|91\/100|[from] item: Life Orb\n|move|p2a: Clodsire|Yawn|p1b: Master Shi-Fu!\n|-start|p1b: Master Shi-Fu!|move: Yawn|[of] p2a: Clodsire\n|\n|-weather|RainDance|[upkeep]\n|upkeep\n|\n|t:|1698352289\n|switch|p1a: Former rotom phone|Rotom-Wash, shiny|81\/100\n|turn|6\n|inactive|Battlesmudge has 210 seconds left.\n|\n|t:|1698352305\n|switch|p1b: Gym bro|Swampert, F|100\/100\n|move|p2b: Kommo-o|Clanging Scales|p1a: Former rotom phone|[spread] p1a,p1b\n|-damage|p1a: Former rotom phone|25\/100\n|-damage|p1b: Gym bro|53\/100\n|-unboost|p2b: Kommo-o|def|1\n|move|p1a: Former rotom phone|Thunder|p2b: Kommo-o\n|-resisted|p2b: Kommo-o\n|-damage|p2b: Kommo-o|0 fnt\n|faint|p2b: Kommo-o\n|-damage|p1a: Former rotom phone|15\/100|[from] item: Life Orb\n|move|p2a: Clodsire|Yawn|p1a: Former rotom phone\n|-start|p1a: Former rotom phone|move: Yawn|[of] p2a: Clodsire\n|\n|-weather|RainDance|[upkeep]\n|upkeep\n|c|\u2606omegashenronone|Lol\n|\n|t:|1698352319\n|switch|p2b: Heatran|Heatran, M|100\/100\n|turn|7\n|\n|t:|1698352332\n|detailschange|p1b: Gym bro|Swampert-Mega, F\n|-mega|p1b: Gym bro|Swampert|Swampertite\n|-terastallize|p2b: Heatran|Grass\n|move|p1b: Gym bro|Earthquake|p2b: Heatran|[spread] p2a,p2b\n|-immune|p1a: Former rotom phone|[from] ability: Levitate\n|-supereffective|p2a: Clodsire\n|-resisted|p2b: Heatran\n|-damage|p2a: Clodsire|0 fnt\n|-damage|p2b: Heatran|80\/100\n|faint|p2a: Clodsire\n|move|p1a: Former rotom phone|Thunder|p2b: Heatran\n|-resisted|p2b: Heatran\n|-damage|p2b: Heatran|65\/100\n|-damage|p1a: Former rotom phone|5\/100|[from] item: Life Orb\n|move|p2b: Heatran|Tera Blast|p1b: Gym bro|[anim] Tera Blast Grass\n|-supereffective|p1b: Gym bro\n|-damage|p1b: Gym bro|0 fnt\n|faint|p1b: Gym bro\n|\n|-weather|RainDance|[upkeep]\n|-end|p1a: Former rotom phone|move: Yawn|[silent]\n|-status|p1a: Former rotom phone|slp\n|upkeep\n|\n|t:|1698352353\n|switch|p1b: Master Shi-Fu!|Urshifu-Rapid-Strike, M, tera:Water|91\/100\n|switch|p2a: Corviknight|Corviknight, F|68\/100\n|turn|8\n|inactive|Battlesmudge has 240 seconds left.\n|\n|t:|1698352362\n|move|p1b: Master Shi-Fu!|Protect|p1b: Master Shi-Fu!\n|-singleturn|p1b: Master Shi-Fu!|Protect\n|cant|p1a: Former rotom phone|slp\n|move|p2b: Heatran|Tera Blast|p1b: Master Shi-Fu!|[anim] Tera Blast Grass\n|-activate|p1b: Master Shi-Fu!|move: Protect\n|move|p2a: Corviknight|Brave Bird|p1b: Master Shi-Fu!\n|-activate|p1b: Master Shi-Fu!|move: Protect\n|\n|-weather|none\n|upkeep\n|turn|9\n|c|\u2606Battlesmudge|could be gg unless i throw\n|inactive|omegashenronone has 270 seconds left.\n|\n|t:|1698352399\n|move|p1b: Master Shi-Fu!|Iron Head|p2b: Heatran\n|-damage|p2b: Heatran|36\/100\n|-damage|p1b: Master Shi-Fu!|81\/100|[from] item: Life Orb\n|cant|p1a: Former rotom phone|slp\n|move|p2b: Heatran|Tera Blast|p1b: Master Shi-Fu!|[anim] Tera Blast Grass\n|-supereffective|p1b: Master Shi-Fu!\n|-damage|p1b: Master Shi-Fu!|0 fnt\n|faint|p1b: Master Shi-Fu!\n|move|p2a: Corviknight|Brave Bird|p1a: Former rotom phone\n|-resisted|p1a: Former rotom phone\n|-damage|p1a: Former rotom phone|0 fnt\n|faint|p1a: Former rotom phone\n|-damage|p2a: Corviknight|67\/100|[from] Recoil\n|\n|win|Battlesmudge\n|c|\u2606omegashenronone|Good game\n|c|\u2606Battlesmudge|gg\n|c|\u2606Battlesmudge|finally i dont blunder\n|c|\u2606omegashenronone|I really wish i still had those 2\n|c|\u2606Battlesmudge|i had thunder punch on charizard\n|c|\u2606omegashenronone|And? He got oneshot\n","uploadtime":1698352636,"views":11,"p1id":"omegashenronone","p2id":"battlesmudge","formatid":"gen9nationaldexdoubles","rating":0,"private":0,"password":""}