{"id":"gen9nationaldexdoubles-1962523259","p1":"Kaxxxx","p2":"El_Gran_Wigglytuff","format":"[Gen 9] National Dex Doubles","log":"|j|\u2606Kaxxxx\n|j|\u2606El_Gran_Wigglytuff\n|t:|1696762224\n|gametype|doubles\n|player|p1|Kaxxxx|steven|\n|player|p2|El_Gran_Wigglytuff|benga|\n|teamsize|p1|6\n|teamsize|p2|6\n|gen|9\n|tier|[Gen 9] National Dex Doubles\n|rule|HP Percentage Mod: HP is shown in percentages\n|rule|Endless Battle Clause: Forcing endless battles is banned\n|rule|OHKO Clause: OHKO moves are banned\n|rule|Evasion Moves Clause: Evasion moves are banned\n|rule|Evasion Abilities Clause: Evasion abilities are banned\n|rule|Species Clause: Limit one of each Pok\u00e9mon\n|rule|Gravity Sleep Clause: The combination of sleep-inducing moves with imperfect accuracy and Gravity or Gigantamax Orbeetle are banned\n|clearpoke\n|poke|p1|Walking Wake|\n|poke|p1|Goodra-Hisui, M|\n|poke|p1|Baxcalibur, M|\n|poke|p1|Charizard, M|\n|poke|p1|Salamence, F|\n|poke|p1|Dragonite, M|\n|poke|p2|Salamence, M|\n|poke|p2|Thundurus-Therian, M|\n|poke|p2|Tornadus, M|\n|poke|p2|Pelipper, M|\n|poke|p2|Landorus, M|\n|poke|p2|Zapdos-Galar|\n|teampreview\n|\n|t:|1696762232\n|start\n|switch|p1a: Salamence|Salamence, F|100\/100\n|switch|p1b: Charizard|Charizard, M|100\/100\n|switch|p2a: Lluvia en Sevilla|Pelipper, M|100\/100\n|switch|p2b: 3 son mejor que 1|Tornadus, M|100\/100\n|-ability|p1a: Salamence|Intimidate|boost\n|-unboost|p2a: Lluvia en Sevilla|atk|1\n|-unboost|p2b: 3 son mejor que 1|atk|1\n|-weather|RainDance|[from] ability: Drizzle|[of] p2a: Lluvia en Sevilla\n|turn|1\n|j| XMarcosPr710\n|c| XMarcosPr710|Kaks ganale B)\n|\n|t:|1696762263\n|detailschange|p1b: Charizard|Charizard-Mega-X, M\n|-mega|p1b: Charizard|Charizard|Charizardite X\n|move|p1b: Charizard|Protect|p1b: Charizard\n|-singleturn|p1b: Charizard|Protect\n|move|p2b: 3 son mejor que 1|Tailwind|p2b: 3 son mejor que 1\n|-sidestart|p2: El_Gran_Wigglytuff|move: Tailwind\n|move|p2a: Lluvia en Sevilla|Hurricane|p1a: Salamence\n|-damage|p1a: Salamence|59\/100\n|move|p1a: Salamence|Dragon Pulse|p2b: 3 son mejor que 1\n|-damage|p2b: 3 son mejor que 1|19\/100\n|-enditem|p2b: 3 son mejor que 1|Iapapa Berry|[eat]\n|-heal|p2b: 3 son mejor que 1|52\/100|[from] item: Iapapa Berry\n|\n|-weather|RainDance|[upkeep]\n|upkeep\n|turn|2\n|\n|t:|1696762284\n|switch|p1a: Goodra|Goodra-Hisui, M|100\/100\n|switch|p1b: Walking Wake|Walking Wake|100\/100\n|-enditem|p1b: Walking Wake|Booster Energy\n|-activate|p1b: Walking Wake|ability: Protosynthesis|[fromitem]\n|-start|p1b: Walking Wake|protosynthesisspa\n|move|p2b: 3 son mejor que 1|Bleakwind Storm|p1b: Walking Wake|[spread] p1a,p1b\n|-resisted|p1a: Goodra\n|-damage|p1a: Goodra|87\/100\n|-damage|p1b: Walking Wake|55\/100\n|move|p2a: Lluvia en Sevilla|Hurricane|p1a: Goodra\n|-resisted|p1a: Goodra\n|-damage|p1a: Goodra|76\/100\n|\n|-weather|RainDance|[upkeep]\n|-heal|p1a: Goodra|82\/100|[from] item: Leftovers\n|upkeep\n|turn|3\n|\n|t:|1696762299\n|move|p2b: 3 son mejor que 1|Bleakwind Storm|p1b: Walking Wake|[spread] p1a,p1b\n|-resisted|p1a: Goodra\n|-damage|p1a: Goodra|69\/100\n|-damage|p1b: Walking Wake|13\/100\n|move|p2a: Lluvia en Sevilla|Hurricane|p1b: Walking Wake\n|-damage|p1b: Walking Wake|0 fnt\n|faint|p1b: Walking Wake\n|-end|p1b: Walking Wake|Protosynthesis|[silent]\n|move|p1a: Goodra|Rock Slide|p2b: 3 son mejor que 1|[spread] p2a,p2b\n|-supereffective|p2a: Lluvia en Sevilla\n|-supereffective|p2b: 3 son mejor que 1\n|-damage|p2a: Lluvia en Sevilla|80\/100\n|-damage|p2b: 3 son mejor que 1|16\/100\n|\n|-weather|RainDance|[upkeep]\n|-heal|p1a: Goodra|75\/100|[from] item: Leftovers\n|upkeep\n|\n|t:|1696762312\n|switch|p1b: Dragonite|Dragonite, M|100\/100\n|turn|4\n|\n|t:|1696762318\n|move|p2b: 3 son mejor que 1|Protect|p2b: 3 son mejor que 1\n|-singleturn|p2b: 3 son mejor que 1|Protect\n|move|p1b: Dragonite|Extreme Speed|p2b: 3 son mejor que 1\n|-activate|p2b: 3 son mejor que 1|move: Protect\n|move|p2a: Lluvia en Sevilla|Scald|p1b: Dragonite\n|-resisted|p1b: Dragonite\n|-damage|p1b: Dragonite|92\/100\n|move|p1a: Goodra|Toxic|p2a: Lluvia en Sevilla\n|-status|p2a: Lluvia en Sevilla|tox\n|\n|-weather|RainDance|[upkeep]\n|-heal|p1b: Dragonite|98\/100|[from] item: Leftovers\n|-heal|p1a: Goodra|81\/100|[from] item: Leftovers\n|-damage|p2a: Lluvia en Sevilla|73\/100 tox|[from] psn\n|-sideend|p2: El_Gran_Wigglytuff|move: Tailwind\n|upkeep\n|turn|5\n|\n|t:|1696762336\n|move|p1b: Dragonite|Extreme Speed|p2b: 3 son mejor que 1\n|-damage|p2b: 3 son mejor que 1|0 fnt\n|faint|p2b: 3 son mejor que 1\n|move|p2a: Lluvia en Sevilla|Hurricane|p1b: Dragonite\n|-damage|p1b: Dragonite|66\/100\n|-start|p1b: Dragonite|confusion\n|move|p1a: Goodra|Curse|p1a: Goodra\n|-unboost|p1a: Goodra|spe|1\n|-boost|p1a: Goodra|atk|1\n|-boost|p1a: Goodra|def|1\n|\n|-weather|RainDance|[upkeep]\n|-heal|p1b: Dragonite|72\/100|[from] item: Leftovers\n|-heal|p1a: Goodra|87\/100|[from] item: Leftovers\n|-damage|p2a: Lluvia en Sevilla|61\/100 tox|[from] psn\n|upkeep\n|\n|t:|1696762340\n|switch|p2b: Es su mejor forma|Landorus, M|100\/100\n|turn|6\n|\n|t:|1696762366\n|switch|p2a: Buenos d\u00edas|Salamence, M|100\/100\n|-ability|p2a: Buenos d\u00edas|Intimidate|boost\n|-unboost|p1a: Goodra|atk|1\n|-unboost|p1b: Dragonite|atk|1\n|move|p2b: Es su mejor forma|Sandsear Storm|p1b: Dragonite|[spread] p1a\n|-immune|p1b: Dragonite\n|-supereffective|p1a: Goodra\n|-damage|p1a: Goodra|3\/100\n|-activate|p1b: Dragonite|confusion\n|-damage|p1b: Dragonite|65\/100|[from] confusion\n|move|p1a: Goodra|Toxic|p2b: Es su mejor forma\n|-status|p2b: Es su mejor forma|tox\n|\n|-weather|RainDance|[upkeep]\n|-heal|p1b: Dragonite|71\/100|[from] item: Leftovers\n|-heal|p1a: Goodra|9\/100|[from] item: Leftovers\n|-damage|p2b: Es su mejor forma|95\/100 tox|[from] psn\n|upkeep\n|turn|7\n|\n|t:|1696762387\n|switch|p1a: Salamence|Salamence, F|59\/100\n|-ability|p1a: Salamence|Intimidate|boost\n|-unboost|p2a: Buenos d\u00edas|atk|1\n|-unboost|p2b: Es su mejor forma|atk|1\n|detailschange|p2a: Buenos d\u00edas|Salamence-Mega, M\n|-mega|p2a: Buenos d\u00edas|Salamence|Salamencite\n|move|p2a: Buenos d\u00edas|Dragon Claw|p1b: Dragonite\n|-supereffective|p1b: Dragonite\n|-damage|p1b: Dragonite|22\/100\n|move|p2b: Es su mejor forma|Sandsear Storm|p1b: Dragonite|[spread] \n|-immune|p1a: Salamence\n|-immune|p1b: Dragonite\n|-activate|p1b: Dragonite|confusion\n|move|p1b: Dragonite|Tailwind|p1b: Dragonite\n|-sidestart|p1: Kaxxxx|move: Tailwind\n|\n|-weather|RainDance|[upkeep]\n|-heal|p1b: Dragonite|28\/100|[from] item: Leftovers\n|-damage|p2b: Es su mejor forma|83\/100 tox|[from] psn\n|upkeep\n|turn|8\n|\n|t:|1696762405\n|move|p1a: Salamence|Dragon Pulse|p2a: Buenos d\u00edas\n|-supereffective|p2a: Buenos d\u00edas\n|-damage|p2a: Buenos d\u00edas|0 fnt\n|faint|p2a: Buenos d\u00edas\n|-activate|p1b: Dragonite|confusion\n|move|p1b: Dragonite|Dual Wingbeat|p2b: Es su mejor forma\n|-damage|p2b: Es su mejor forma|66\/100 tox\n|-damage|p2b: Es su mejor forma|51\/100 tox\n|-hitcount|p2b: Es su mejor forma|2\n|move|p2b: Es su mejor forma|Psychic|p1b: Dragonite\n|-damage|p1b: Dragonite|0 fnt\n|faint|p1b: Dragonite\n|\n|-weather|none\n|-damage|p2b: Es su mejor forma|33\/100 tox|[from] psn\n|upkeep\n|\n|t:|1696762420\n|switch|p2a: Lluvia en Sevilla|Pelipper, M|61\/100 tox\n|switch|p1b: Charizard|Charizard-Mega-X, M|100\/100\n|-weather|RainDance|[from] ability: Drizzle|[of] p2a: Lluvia en Sevilla\n|turn|9\n|\n|t:|1696762429\n|move|p2b: Es su mejor forma|Protect|p2b: Es su mejor forma\n|-singleturn|p2b: Es su mejor forma|Protect\n|move|p2a: Lluvia en Sevilla|Protect|p2a: Lluvia en Sevilla\n|-singleturn|p2a: Lluvia en Sevilla|Protect\n|move|p1b: Charizard|Dragon Claw|p2a: Lluvia en Sevilla\n|-activate|p2a: Lluvia en Sevilla|move: Protect\n|move|p1a: Salamence|Dragon Pulse|p2b: Es su mejor forma\n|-activate|p2b: Es su mejor forma|move: Protect\n|\n|-weather|RainDance|[upkeep]\n|-damage|p2b: Es su mejor forma|10\/100 tox|[from] psn\n|-damage|p2a: Lluvia en Sevilla|55\/100 tox|[from] psn\n|upkeep\n|turn|10\n|\n|t:|1696762441\n|move|p1b: Charizard|Protect|p1b: Charizard\n|-singleturn|p1b: Charizard|Protect\n|move|p1a: Salamence|Dragon Pulse|p2a: Lluvia en Sevilla\n|-damage|p2a: Lluvia en Sevilla|0 fnt\n|faint|p2a: Lluvia en Sevilla\n|move|p2b: Es su mejor forma|Psychic|p1a: Salamence\n|-damage|p1a: Salamence|0 fnt\n|faint|p1a: Salamence\n|\n|-weather|RainDance|[upkeep]\n|-damage|p2b: Es su mejor forma|0 fnt|[from] psn\n|faint|p2b: Es su mejor forma\n|-sideend|p1: Kaxxxx|move: Tailwind\n|upkeep\n|\n|t:|1696762454\n|switch|p2b: El Correcaminos|Zapdos-Galar|100\/100\n|switch|p1a: Baxcalibur|Baxcalibur, M|100\/100\n|switch|p2a: Rayo McQueen|Thundurus-Therian, M|100\/100\n|turn|11\n|\n|t:|1696762471\n|-terastallize|p2a: Rayo McQueen|Water\n|move|p1a: Baxcalibur|Protect|p1a: Baxcalibur\n|-singleturn|p1a: Baxcalibur|Protect\n|move|p2b: El Correcaminos|Close Combat|p1a: Baxcalibur\n|-activate|p1a: Baxcalibur|move: Protect\n|move|p2a: Rayo McQueen|Tera Blast|p1b: Charizard|[anim] Tera Blast Water\n|-damage|p1b: Charizard|0 fnt\n|faint|p1b: Charizard\n|-damage|p2a: Rayo McQueen|91\/100|[from] item: Life Orb\n|\n|-weather|RainDance|[upkeep]\n|upkeep\n|\n|t:|1696762481\n|switch|p1b: Goodra|Goodra-Hisui, M|9\/100\n|turn|12\n|j| Enid Rhee\n|\n|t:|1696762495\n|-terastallize|p1a: Baxcalibur|Dragon\n|move|p2b: El Correcaminos|Close Combat|p1a: Baxcalibur\n|-damage|p1a: Baxcalibur|39\/100\n|-unboost|p2b: El Correcaminos|def|1\n|-unboost|p2b: El Correcaminos|spd|1\n|move|p2a: Rayo McQueen|Wildbolt Storm|p1a: Baxcalibur|[spread] p1a,p1b\n|-resisted|p1a: Baxcalibur\n|-resisted|p1b: Goodra\n|-damage|p1a: Baxcalibur|9\/100\n|-damage|p1b: Goodra|0 fnt\n|faint|p1b: Goodra\n|-damage|p2a: Rayo McQueen|81\/100|[from] item: Life Orb\n|move|p1a: Baxcalibur|Scale Shot|p2b: El Correcaminos\n|-damage|p2b: El Correcaminos|69\/100\n|-damage|p2b: El Correcaminos|38\/100\n|-damage|p2b: El Correcaminos|7\/100\n|-damage|p2b: El Correcaminos|0 fnt\n|faint|p2b: El Correcaminos\n|-hitcount|p2: El Correcaminos|4\n|-unboost|p1a: Baxcalibur|def|1\n|-boost|p1a: Baxcalibur|spe|1\n|\n|-weather|RainDance|[upkeep]\n|upkeep\n|turn|13\n|\n|t:|1696762506\n|move|p1a: Baxcalibur|Scale Shot|p2a: Rayo McQueen\n|-damage|p2a: Rayo McQueen|54\/100\n|-damage|p2a: Rayo McQueen|27\/100\n|-damage|p2a: Rayo McQueen|0 fnt\n|faint|p2a: Rayo McQueen\n|-hitcount|p2: Rayo McQueen|3\n|\n|win|Kaxxxx\n|c|\u2606El_Gran_Wigglytuff|Tongo\n|c| XMarcosPr710|OJO?\n|c|\u2606Kaxxxx|Let's gooo\n|c| XMarcosPr710|JAJAAJJAJA\n","uploadtime":1696762526,"views":9,"p1id":"kaxxxx","p2id":"elgranwigglytuff","formatid":"gen9nationaldexdoubles","rating":0,"private":0,"password":""}