{"id":"gen9nationaldexdoubles-1968433713","p1":"cyndaquilrockz","p2":"JackieNut","format":"[Gen 9] National Dex Doubles","log":"|j|\u2606cyndaquilrockz\n|j|\u2606JackieNut\n|t:|1697418084\n|gametype|doubles\n|player|p1|cyndaquilrockz|pokemonranger-gen4|\n|player|p2|JackieNut|flannery|\n|teamsize|p1|6\n|teamsize|p2|6\n|gen|9\n|tier|[Gen 9] National Dex Doubles\n|rule|HP Percentage Mod: HP is shown in percentages\n|rule|Endless Battle Clause: Forcing endless battles is banned\n|rule|OHKO Clause: OHKO moves are banned\n|rule|Evasion Moves Clause: Evasion moves are banned\n|rule|Evasion Abilities Clause: Evasion abilities are banned\n|rule|Species Clause: Limit one of each Pok\u00e9mon\n|rule|Gravity Sleep Clause: The combination of sleep-inducing moves with imperfect accuracy and Gravity or Gigantamax Orbeetle are banned\n|clearpoke\n|poke|p1|Pincurchin, M|\n|poke|p1|Iron Leaves|\n|poke|p1|Iron Bundle|\n|poke|p1|Ribombee, F|\n|poke|p1|Slowking-Galar, M|\n|poke|p1|Braviary-Hisui, M|\n|poke|p2|Zamazenta-*|\n|poke|p2|Lycanroc-Midnight, F|\n|poke|p2|Shaymin-Sky|\n|poke|p2|Sylveon, M|\n|poke|p2|Arcanine, F|\n|poke|p2|Houndoom, F|\n|teampreview\n|\n|t:|1697418129\n|start\n|switch|p1a: La Creatura|Pincurchin, M|100\/100\n|switch|p1b: Ribombee|Ribombee, F|100\/100\n|switch|p2a: big pupie|Houndoom, F|100\/100\n|switch|p2b: doggie|Shaymin-Sky|100\/100\n|-fieldstart|move: Electric Terrain|[from] ability: Electric Surge|[of] p1a: La Creatura\n|turn|1\n|\n|t:|1697418233\n|detailschange|p2a: big pupie|Houndoom-Mega, F\n|-mega|p2a: big pupie|Houndoom|Houndoominite\n|move|p2b: doggie|Air Slash|p1b: Ribombee|[miss]\n|-miss|p2b: doggie|p1b: Ribombee\n|move|p1b: Ribombee|Sticky Web|p2a: big pupie\n|-sidestart|p2: JackieNut|move: Sticky Web\n|move|p2a: big pupie|Dark Pulse|p1b: Ribombee\n|-resisted|p1b: Ribombee\n|-damage|p1b: Ribombee|67\/100\n|move|p1a: La Creatura|Thunder Wave|p2b: doggie\n|-status|p2b: doggie|par\n|\n|upkeep\n|turn|2\n|\n|t:|1697418294\n|switch|p1b: Slowking|Slowking-Galar, M|100\/100\n|move|p2a: big pupie|Dark Pulse|p1a: La Creatura\n|-damage|p1a: La Creatura|47\/100\n|move|p2b: doggie|Air Slash|p1b: Slowking\n|-damage|p1b: Slowking|77\/100\n|move|p1a: La Creatura|Liquidation|p2a: big pupie\n|-supereffective|p2a: big pupie\n|-damage|p2a: big pupie|26\/100\n|-unboost|p2a: big pupie|def|1\n|\n|-heal|p1b: Slowking|83\/100|[from] item: Leftovers\n|upkeep\n|turn|3\n|\n|t:|1697418325\n|switch|p1a: Iron Bundle|Iron Bundle|100\/100\n|-activate|p1a: Iron Bundle|ability: Quark Drive\n|-start|p1a: Iron Bundle|quarkdrivespe\n|move|p2a: big pupie|Dark Pulse|p1b: Slowking\n|-supereffective|p1b: Slowking\n|-damage|p1b: Slowking|28\/100\n|cant|p2b: doggie|par\n|move|p1b: Slowking|Heal Pulse|p1a: Iron Bundle\n|-fail|p1a: Iron Bundle|heal\n|\n|-heal|p1b: Slowking|34\/100|[from] item: Leftovers\n|upkeep\n|turn|4\n|\n|t:|1697418371\n|move|p1a: Iron Bundle|Hydro Pump|p2a: big pupie\n|-supereffective|p2a: big pupie\n|-damage|p2a: big pupie|0 fnt\n|faint|p2a: big pupie\n|move|p2b: doggie|Seed Flare|p1a: Iron Bundle\n|-supereffective|p1a: Iron Bundle\n|-crit|p1a: Iron Bundle\n|-enditem|p1a: Iron Bundle|Focus Sash\n|-damage|p1a: Iron Bundle|1\/100\n|-unboost|p1a: Iron Bundle|spd|2\n|move|p1b: Slowking|Chilly Reception|p1b: Slowking\n|-weather|Snow\n|\n|t:|1697418381\n|switch|p1b: Iron Leaves|Iron Leaves|100\/100|[from] Chilly Reception\n|-activate|p1b: Iron Leaves|ability: Quark Drive\n|-start|p1b: Iron Leaves|quarkdriveatk\n|\n|-weather|Snow|[upkeep]\n|upkeep\n|\n|t:|1697418398\n|switch|p2a: gay dog|Sylveon, M|100\/100\n|-activate|p2a: gay dog|move: Sticky Web\n|-unboost|p2a: gay dog|spe|1\n|turn|5\n|\n|t:|1697418408\n|move|p1a: Iron Bundle|Ice Beam|p2b: doggie\n|-supereffective|p2b: doggie\n|-damage|p2b: doggie|0 fnt\n|faint|p2b: doggie\n|move|p1b: Iron Leaves|Leaf Blade|p2a: gay dog\n|-damage|p2a: gay dog|0 fnt\n|faint|p2a: gay dog\n|-damage|p1b: Iron Leaves|91\/100|[from] item: Life Orb\n|\n|-weather|Snow|[upkeep]\n|upkeep\n|\n|t:|1697418478\n|switch|p2b: mutt|Arcanine, F|100\/100\n|switch|p2a: wolfie|Lycanroc-Midnight, F|100\/100\n|-ability|p2b: mutt|Intimidate|boost\n|-unboost|p1a: Iron Bundle|atk|1\n|-unboost|p1b: Iron Leaves|atk|1\n|-activate|p2a: wolfie|move: Sticky Web\n|-unboost|p2a: wolfie|spe|1\n|turn|6\n|\n|t:|1697418503\n|move|p2b: mutt|Extreme Speed|p1a: Iron Bundle\n|-damage|p1a: Iron Bundle|0 fnt\n|faint|p1a: Iron Bundle\n|-end|p1a: Iron Bundle|Quark Drive|[silent]\n|move|p2a: wolfie|Sucker Punch|p1b: Iron Leaves\n|-supereffective|p1b: Iron Leaves\n|-damage|p1b: Iron Leaves|28\/100\n|move|p1b: Iron Leaves|Leaf Blade|p2a: wolfie\n|-supereffective|p2a: wolfie\n|-damage|p2a: wolfie|0 fnt\n|faint|p2a: wolfie\n|-damage|p1b: Iron Leaves|18\/100|[from] item: Life Orb\n|\n|-weather|Snow|[upkeep]\n|upkeep\n|\n|t:|1697418516\n|switch|p1a: Braviary|Braviary-Hisui, M, shiny|100\/100\n|switch|p2a: pupie|Zamazenta|100\/100\n|-ability|p2a: pupie|Dauntless Shield|boost\n|-boost|p2a: pupie|def|1\n|turn|7\n|\n|t:|1697418553\n|move|p1b: Iron Leaves|Protect|p1b: Iron Leaves\n|-singleturn|p1b: Iron Leaves|Protect\n|move|p2b: mutt|Extreme Speed|p1b: Iron Leaves\n|-activate|p1b: Iron Leaves|move: Protect\n|move|p2a: pupie|Stone Edge|p1a: Braviary\n|-supereffective|p1a: Braviary\n|-crit|p1a: Braviary\n|-damage|p1a: Braviary|0 fnt\n|faint|p1a: Braviary\n|\n|-weather|Snow|[upkeep]\n|upkeep\n|\n|t:|1697418560\n|switch|p1a: Slowking|Slowking-Galar, M|67\/100\n|turn|8\n|\n|t:|1697418583\n|move|p2b: mutt|Extreme Speed|p1b: Iron Leaves\n|-damage|p1b: Iron Leaves|0 fnt\n|faint|p1b: Iron Leaves\n|-end|p1b: Iron Leaves|Quark Drive|[silent]\n|move|p2a: pupie|Crunch|p1a: Slowking\n|-supereffective|p1a: Slowking\n|-damage|p1a: Slowking|12\/100\n|-unboost|p1a: Slowking|def|1\n|move|p1a: Slowking|Trick Room|p1a: Slowking\n|-fieldstart|move: Trick Room|[of] p1a: Slowking\n|\n|-weather|none\n|-heal|p1a: Slowking|18\/100|[from] item: Leftovers\n|-fieldend|move: Electric Terrain\n|upkeep\n|\n|t:|1697418586\n|switch|p1b: La Creatura|Pincurchin, M|47\/100\n|-fieldstart|move: Electric Terrain|[from] ability: Electric Surge|[of] p1b: La Creatura\n|turn|9\n|\n|t:|1697418638\n|move|p2b: mutt|Extreme Speed|p1a: Slowking\n|-damage|p1a: Slowking|0 fnt\n|faint|p1a: Slowking\n|move|p1b: La Creatura|Rising Voltage|p2a: pupie\n|-hint|Rising Voltage's BP doubled on grounded target.\n|-damage|p2a: pupie|43\/100\n|move|p2a: pupie|Close Combat|p1b: La Creatura\n|-damage|p1b: La Creatura|0 fnt\n|-unboost|p2a: pupie|def|1\n|-unboost|p2a: pupie|spd|1\n|faint|p1b: La Creatura\n|\n|upkeep\n|\n|t:|1697418648\n|switch|p1a: Ribombee|Ribombee, F|67\/100\n|turn|10\n|\n|t:|1697418712\n|move|p2b: mutt|Flare Blitz|p1a: Ribombee\n|-supereffective|p1a: Ribombee\n|-damage|p1a: Ribombee|0 fnt\n|faint|p1a: Ribombee\n|-damage|p2b: mutt|78\/100|[from] Recoil\n|\n|win|JackieNut\n|l|\u2606cyndaquilrockz\n|j|\u2606cyndaquilrockz\n|player|p1|cyndaquilrockz|pokemonranger-gen4\n","uploadtime":1697418722,"views":9,"p1id":"cyndaquilrockz","p2id":"jackienut","formatid":"gen9nationaldexdoubles","rating":0,"private":0,"password":""}