{"id":"gen9nationaldexdoubles-1968934347","p1":"TheLazyFish","p2":"Kazanshin","format":"[Gen 9] National Dex Doubles","log":"|j|\u2606TheLazyFish\n|j|\u2606Kazanshin\n|t:|1697476631\n|gametype|doubles\n|player|p1|TheLazyFish|jogger|\n|player|p2|Kazanshin|richboy-gen4|\n|teamsize|p1|2\n|teamsize|p2|2\n|gen|9\n|tier|[Gen 9] National Dex Doubles\n|rule|HP Percentage Mod: HP is shown in percentages\n|rule|Endless Battle Clause: Forcing endless battles is banned\n|rule|OHKO Clause: OHKO moves are banned\n|rule|Evasion Moves Clause: Evasion moves are banned\n|rule|Evasion Abilities Clause: Evasion abilities are banned\n|rule|Species Clause: Limit one of each Pok\u00e9mon\n|rule|Gravity Sleep Clause: The combination of sleep-inducing moves with imperfect accuracy and Gravity or Gigantamax Orbeetle are banned\n|clearpoke\n|poke|p1|Magikarp, L12, M|\n|poke|p1|Zigzagoon, L12, F|\n|poke|p2|Sandshrew, L12, F|\n|poke|p2|Poochyena, L12, M|\n|teampreview\n|j| RocketsThemeTeams\n|\n|t:|1697476647\n|start\n|switch|p1a: Fishie|Magikarp, L12, M|100\/100\n|switch|p1b: Ziggy Zag|Zigzagoon, L12, F|100\/100\n|switch|p2a: Sandshrew|Sandshrew, L12, F|100\/100\n|switch|p2b: Poochyena|Poochyena, L12, M|100\/100\n|turn|1\n|c| RocketsThemeTeams|Alright Monkies\n|c| RocketsThemeTeams|get the fighting underway\n|c|\u2606Kazanshin|Kazanshin does not go down so easily if not to lvl 100s\n|\n|t:|1697476672\n|move|p1a: Fishie|Splash|p1a: Fishie\n|-nothing\n|move|p1b: Ziggy Zag|Tail Whip|p2b: Poochyena|[spread] p2a,p2b\n|-unboost|p2a: Sandshrew|def|1\n|-unboost|p2b: Poochyena|def|1\n|move|p2a: Sandshrew|Sand Attack|p1b: Ziggy Zag\n|-unboost|p1b: Ziggy Zag|accuracy|1\n|move|p2b: Poochyena|Sand Attack|p1b: Ziggy Zag\n|-unboost|p1b: Ziggy Zag|accuracy|1\n|\n|upkeep\n|turn|2\n|j| The Foker\n|c| The Foker|HELLO MONKEYS\n|c| RocketsThemeTeams|Damn, The Double Sand Attack\n|\n|t:|1697476690\n|move|p1a: Fishie|Splash|p1a: Fishie\n|-nothing\n|move|p1b: Ziggy Zag|Growl|p2b: Poochyena|[spread] p2b\n|-miss|p1b: Ziggy Zag|p2a: Sandshrew\n|-unboost|p2b: Poochyena|atk|1\n|move|p2a: Sandshrew|Sand Attack|p1b: Ziggy Zag\n|-unboost|p1b: Ziggy Zag|accuracy|1\n|move|p2b: Poochyena|Sand Attack|p1b: Ziggy Zag\n|-unboost|p1b: Ziggy Zag|accuracy|1\n|\n|upkeep\n|turn|3\n|\n|t:|1697476708\n|move|p1a: Fishie|Splash|p1a: Fishie\n|-nothing\n|move|p1b: Ziggy Zag|Growl|p2a: Sandshrew|[spread] p2a\n|-miss|p1b: Ziggy Zag|p2b: Poochyena\n|-unboost|p2a: Sandshrew|atk|1\n|move|p2a: Sandshrew|Scratch|p1b: Ziggy Zag\n|-damage|p1b: Ziggy Zag|86\/100\n|move|p2b: Poochyena|Sand Attack|p1b: Ziggy Zag\n|-unboost|p1b: Ziggy Zag|accuracy|1\n|\n|upkeep\n|turn|4\n|c| The Foker|This certainly is\n|c| The Foker|A fierce battle\n|\n|t:|1697476725\n|move|p1a: Fishie|Splash|p1a: Fishie\n|-nothing\n|move|p1b: Ziggy Zag|Headbutt|p2a: Sandshrew|[miss]\n|-miss|p1b: Ziggy Zag|p2a: Sandshrew\n|move|p2a: Sandshrew|Scratch|p1b: Ziggy Zag\n|-damage|p1b: Ziggy Zag|71\/100\n|move|p2b: Poochyena|Tackle|p1b: Ziggy Zag\n|-damage|p1b: Ziggy Zag|56\/100\n|\n|upkeep\n|turn|5\n|c| The Foker|I like to imagine that Magikarp with a gigachad jawline\n|\n|t:|1697476740\n|move|p1a: Fishie|Splash|p1a: Fishie\n|-nothing\n|move|p1b: Ziggy Zag|Headbutt|p2a: Sandshrew\n|-damage|p2a: Sandshrew|76\/100\n|move|p2a: Sandshrew|Scratch|p1b: Ziggy Zag\n|-damage|p1b: Ziggy Zag|42\/100\n|move|p2b: Poochyena|Howl|p2b: Poochyena|[spread] p2a,p2b\n|-boost|p2a: Sandshrew|atk|1\n|-boost|p2b: Poochyena|atk|1\n|\n|upkeep\n|turn|6\n|c| The Foker|Staring into them\n|c| The Foker|Menacinly splashing\n|c| RocketsThemeTeams|Exactly.\n|c| The Foker|As his friend gets his ass beat\n|\n|t:|1697476753\n|move|p1a: Fishie|Splash|p1a: Fishie\n|-nothing\n|move|p1b: Ziggy Zag|Growl|p2b: Poochyena|[spread] \n|-miss|p1b: Ziggy Zag|p2a: Sandshrew\n|-miss|p1b: Ziggy Zag|p2b: Poochyena\n|move|p2a: Sandshrew|Scratch|p1b: Ziggy Zag\n|-damage|p1b: Ziggy Zag|24\/100\n|move|p2b: Poochyena|Howl|p2b: Poochyena|[spread] p2a,p2b\n|-boost|p2a: Sandshrew|atk|1\n|-boost|p2b: Poochyena|atk|1\n|\n|upkeep\n|turn|7\n|c| The Foker|Ngl y'all should be more competitive\n|\n|t:|1697476769\n|move|p1a: Fishie|Splash|p1a: Fishie\n|-nothing\n|move|p1b: Ziggy Zag|Headbutt|p2b: Poochyena|[miss]\n|-miss|p1b: Ziggy Zag|p2b: Poochyena\n|move|p2a: Sandshrew|Scratch|p1b: Ziggy Zag\n|-damage|p1b: Ziggy Zag|0 fnt\n|faint|p1b: Ziggy Zag\n|move|p2b: Poochyena|Tackle|p1a: Fishie\n|-damage|p1a: Fishie|74\/100\n|\n|upkeep\n|turn|8\n|c| The Foker|Let the Karp use struggle\n|c|\u2606Kazanshin|Oh right\n|c|\u2606Kazanshin|Uh\n|c| The Foker|This is just bullying\n|c|\u2606Kazanshin|How to do that\n|c| The Foker|Just uh\n|c| The Foker|Use non-damaging moves\n|c| The Foker|Preferably not\n|c| The Foker|Sand Attack\n|c| RocketsThemeTeams|Bro just uses Howl\n|c|\u2606Kazanshin|Defense Curl and Howl\n|\n|t:|1697476801\n|move|p1a: Fishie|Splash|p1a: Fishie\n|-nothing\n|move|p2a: Sandshrew|Defense Curl|p2a: Sandshrew\n|-boost|p2a: Sandshrew|def|1\n|move|p2b: Poochyena|Howl|p2b: Poochyena|[spread] p2a,p2b\n|-boost|p2a: Sandshrew|atk|1\n|-boost|p2b: Poochyena|atk|1\n|\n|upkeep\n|turn|9\n|c| RocketsThemeTeams|and boosts them to 4X Attack\n|\n|t:|1697476810\n|move|p1a: Fishie|Splash|p1a: Fishie\n|-nothing\n|move|p2a: Sandshrew|Defense Curl|p2a: Sandshrew\n|-boost|p2a: Sandshrew|def|1\n|move|p2b: Poochyena|Howl|p2b: Poochyena|[spread] p2a,p2b\n|-boost|p2a: Sandshrew|atk|1\n|-boost|p2b: Poochyena|atk|1\n|\n|upkeep\n|turn|10\n|c| The Foker|This is beautiful\n|c| RocketsThemeTeams|Just one attack from them and Magikarp just dies.\n|c| RocketsThemeTeams|Wait\n|\n|t:|1697476834\n|move|p1a: Fishie|Splash|p1a: Fishie\n|-nothing\n|move|p2a: Sandshrew|Defense Curl|p2a: Sandshrew\n|-boost|p2a: Sandshrew|def|1\n|move|p2b: Poochyena|Howl|p2b: Poochyena|[spread] p2a,p2b\n|-boost|p2a: Sandshrew|atk|1\n|-boost|p2b: Poochyena|atk|1\n|\n|upkeep\n|turn|11\n|c| RocketsThemeTeams|Splash has 55 PP..\n|c|\u2606Kazanshin|......\n|c| The Foker|This is true comradery right here\n|c|\u2606Kazanshin|We are never gonna get there\n|c| The Foker|Yeah just\n|c| RocketsThemeTeams|Just kill the Karp\n|c| The Foker|Finish this then lmao\n|c|\u2606Kazanshin|No\n|c|\u2606Kazanshin|Not yet\n|c|\u2606Kazanshin|I need Lazy's confirmation\n|c| RocketsThemeTeams|\ud83d\udd25\n|c|\u2606Kazanshin|I got it\n|c|\u2606Kazanshin|BEHOLD\n|c| The Foker|You joke, but when that Karp becomes a Gyarados and ssetup 3 dragon dances then steamroll all of us\n|c|\u2606Kazanshin|MY FINISHING MOVE\n|c| The Foker|It will be hilarious\n|\n|t:|1697476902\n|move|p1a: Fishie|Splash|p1a: Fishie\n|-nothing\n|move|p2a: Sandshrew|Sand Attack|p1a: Fishie\n|-unboost|p1a: Fishie|accuracy|1\n|move|p2b: Poochyena|Sand Attack|p1a: Fishie\n|-unboost|p1a: Fishie|accuracy|1\n|\n|upkeep\n|turn|12\n|\n|t:|1697476913\n|move|p1a: Fishie|Splash|p1a: Fishie\n|-nothing\n|move|p2a: Sandshrew|Sand Attack|p1a: Fishie\n|-unboost|p1a: Fishie|accuracy|1\n|move|p2b: Poochyena|Sand Attack|p1a: Fishie\n|-unboost|p1a: Fishie|accuracy|1\n|\n|upkeep\n|turn|13\n|c| The Foker|Double Sand Attack is lowkey dangerous\n|\n|t:|1697476926\n|move|p1a: Fishie|Splash|p1a: Fishie\n|-nothing\n|move|p2a: Sandshrew|Sand Attack|p1a: Fishie\n|-unboost|p1a: Fishie|accuracy|1\n|move|p2b: Poochyena|Sand Attack|p1a: Fishie\n|-unboost|p1a: Fishie|accuracy|1\n|\n|upkeep\n|turn|14\n|c|\u2606Kazanshin|NOW PERISH\n|\n|t:|1697476941\n|move|p1a: Fishie|Splash|p1a: Fishie\n|-nothing\n|move|p2a: Sandshrew|Scratch|p1a: Fishie\n|-damage|p1a: Fishie|17\/100\n|move|p2b: Poochyena|Howl|p2b: Poochyena|[spread] p2a,p2b\n|-boost|p2a: Sandshrew|atk|1\n|-boost|p2b: Poochyena|atk|1\n|\n|upkeep\n|turn|15\n|c| RocketsThemeTeams|Imagine Munchlax just starts off the next fight with Explosion\n|c| RocketsThemeTeams|Omg\n|\n|t:|1697476952\n|move|p1a: Fishie|Splash|p1a: Fishie\n|-nothing\n|move|p2a: Sandshrew|Scratch|p1a: Fishie\n|-damage|p1a: Fishie|0 fnt\n|faint|p1a: Fishie\n|\n|win|Kazanshin\n|c| RocketsThemeTeams|Karp actually survived that one Scratch\n","uploadtime":1697476965,"views":10,"p1id":"thelazyfish","p2id":"kazanshin","formatid":"gen9nationaldexdoubles","rating":0,"private":0,"password":""}