{"id":"gen9nationaldexdoubles-1953862052","p1":"hugibear","p2":"tyranitar1977","format":"[Gen 9] National Dex Doubles","log":"|j|\u2606hugibear\n|j|\u2606tyranitar1977\n|t:|1695833912\n|gametype|doubles\n|player|p1|hugibear|steven|1178\n|player|p2|tyranitar1977|ingo|1000\n|teamsize|p1|6\n|teamsize|p2|6\n|gen|9\n|tier|[Gen 9] National Dex Doubles\n|rated|\n|rule|HP Percentage Mod: HP is shown in percentages\n|rule|Endless Battle Clause: Forcing endless battles is banned\n|rule|OHKO Clause: OHKO moves are banned\n|rule|Evasion Moves Clause: Evasion moves are banned\n|rule|Evasion Abilities Clause: Evasion abilities are banned\n|rule|Species Clause: Limit one of each Pok\u00e9mon\n|rule|Gravity Sleep Clause: The combination of sleep-inducing moves with imperfect accuracy and Gravity or Gigantamax Orbeetle are banned\n|clearpoke\n|poke|p1|Ogerpon, F|\n|poke|p1|Glimmora, M|\n|poke|p1|Ting-Lu|\n|poke|p1|Palafin, F|\n|poke|p1|Heracross, M|\n|poke|p1|Armarouge, F|\n|poke|p2|Torterra, F|\n|poke|p2|Shiftry, F|\n|poke|p2|Rillaboom, F|\n|poke|p2|Amoonguss, M|\n|poke|p2|Ogerpon-Cornerstone, F|\n|poke|p2|Dipplin, M|\n|teampreview\n|c|\u2606tyranitar1977|hf!\n|inactive|Battle timer is ON: inactive players will automatically lose when time's up. (requested by tyranitar1977)\n|\n|t:|1695833932\n|start\n|switch|p1a: Palafin|Palafin, F, shiny|100\/100\n|switch|p1b: Glimmora|Glimmora, M|100\/100\n|switch|p2a: Shiftry|Shiftry, F|100\/100\n|switch|p2b: Rillaboom|Rillaboom, F|100\/100\n|-fieldstart|move: Grassy Terrain|[from] ability: Grassy Surge|[of] p2b: Rillaboom\n|turn|1\n|\n|t:|1695833948\n|detailschange|p1a: Palafin|Palafin-Hero, F, shiny\n|switch|p1a: Ting-Lu|Ting-Lu|100\/100\n|-ability|p1a: Ting-Lu|Vessel of Ruin\n|move|p2a: Shiftry|Fake Out|p1b: Glimmora\n|-resisted|p1b: Glimmora\n|-damage|p1b: Glimmora|93\/100\n|-activate|p1b: Glimmora|ability: Toxic Debris\n|-sidestart|p2: tyranitar1977|move: Toxic Spikes\n|cant|p1b: Glimmora|flinch\n|move|p2b: Rillaboom|U-turn|p1a: Ting-Lu\n|-supereffective|p1a: Ting-Lu\n|-damage|p1a: Ting-Lu|56\/100\n|\n|t:|1695833957\n|switch|p2b: Amoonguss|Amoonguss, M|100\/100|[from] U-turn\n|-sideend|p2: tyranitar1977|move: Toxic Spikes|[of] p2b: Amoonguss\n|\n|-heal|p1b: Glimmora|99\/100|[from] Grassy Terrain\n|-heal|p1a: Ting-Lu|62\/100|[from] Grassy Terrain\n|upkeep\n|turn|2\n|\n|t:|1695833976\n|move|p1b: Glimmora|Sludge Bomb|p2a: Shiftry\n|-supereffective|p2a: Shiftry\n|-enditem|p2a: Shiftry|Focus Sash\n|-damage|p2a: Shiftry|1\/100\n|move|p2a: Shiftry|Tailwind|p2a: Shiftry\n|-sidestart|p2: tyranitar1977|move: Tailwind\n|-ability|p2a: Shiftry|Wind Rider|boost\n|-boost|p2a: Shiftry|atk|1\n|move|p2b: Amoonguss|Spore|p1a: Ting-Lu\n|-status|p1a: Ting-Lu|slp|[from] move: Spore\n|cant|p1a: Ting-Lu|slp\n|\n|-heal|p2a: Shiftry|7\/100|[from] Grassy Terrain\n|-heal|p1b: Glimmora|100\/100|[from] Grassy Terrain\n|-heal|p1a: Ting-Lu|69\/100 slp|[from] Grassy Terrain\n|upkeep\n|turn|3\n|\n|t:|1695833989\n|move|p2b: Amoonguss|Rage Powder|p2b: Amoonguss\n|-singleturn|p2b: Amoonguss|move: Rage Powder\n|move|p2a: Shiftry|Toxic Spikes|p1a: Ting-Lu\n|-sidestart|p1: hugibear|move: Toxic Spikes\n|move|p1b: Glimmora|Stealth Rock|p2a: Shiftry\n|-sidestart|p2: tyranitar1977|move: Stealth Rock\n|cant|p1a: Ting-Lu|slp\n|\n|-heal|p2a: Shiftry|13\/100|[from] Grassy Terrain\n|-heal|p1a: Ting-Lu|75\/100 slp|[from] Grassy Terrain\n|upkeep\n|turn|4\n|\n|t:|1695833999\n|move|p2b: Amoonguss|Rage Powder|p2b: Amoonguss\n|-singleturn|p2b: Amoonguss|move: Rage Powder\n|move|p2a: Shiftry|Toxic Spikes|p1a: Ting-Lu\n|-sidestart|p1: hugibear|move: Toxic Spikes\n|move|p1b: Glimmora|Sludge Bomb|p2b: Amoonguss\n|-damage|p2b: Amoonguss|72\/100\n|cant|p1a: Ting-Lu|slp\n|\n|-heal|p2a: Shiftry|20\/100|[from] Grassy Terrain\n|-heal|p2b: Amoonguss|78\/100|[from] Grassy Terrain\n|-heal|p1a: Ting-Lu|81\/100 slp|[from] Grassy Terrain\n|upkeep\n|turn|5\n|\n|t:|1695834010\n|move|p2b: Amoonguss|Rage Powder|p2b: Amoonguss\n|-singleturn|p2b: Amoonguss|move: Rage Powder\n|move|p2a: Shiftry|Leaf Blade|p1b: Glimmora\n|-damage|p1b: Glimmora|11\/100\n|-activate|p1b: Glimmora|ability: Toxic Debris\n|-sidestart|p2: tyranitar1977|move: Toxic Spikes\n|move|p1b: Glimmora|Sludge Bomb|p2b: Amoonguss\n|-crit|p2b: Amoonguss\n|-damage|p2b: Amoonguss|29\/100\n|-enditem|p2b: Amoonguss|Sitrus Berry|[eat]\n|-heal|p2b: Amoonguss|54\/100|[from] item: Sitrus Berry\n|-curestatus|p1a: Ting-Lu|slp|[msg]\n|move|p1a: Ting-Lu|Stomping Tantrum|p2b: Amoonguss\n|-damage|p2b: Amoonguss|0 fnt\n|faint|p2b: Amoonguss\n|\n|-heal|p2a: Shiftry|26\/100|[from] Grassy Terrain\n|-heal|p1b: Glimmora|17\/100|[from] Grassy Terrain\n|-heal|p1a: Ting-Lu|87\/100|[from] Grassy Terrain\n|-sideend|p2: tyranitar1977|move: Tailwind\n|-fieldend|move: Grassy Terrain\n|upkeep\n|\n|t:|1695834019\n|switch|p2b: Dipplin|Dipplin, M|100\/100\n|-damage|p2b: Dipplin|88\/100|[from] Stealth Rock\n|-status|p2b: Dipplin|psn\n|-ability|p2b: Dipplin|Supersweet Syrup\n|-ability|p2b: Dipplin|Supersweet Syrup|boost\n|-unboost|p1a: Ting-Lu|evasion|1\n|-unboost|p1b: Glimmora|evasion|1\n|turn|6\n|\n|t:|1695834031\n|move|p1b: Glimmora|Sludge Bomb|p2a: Shiftry\n|-supereffective|p2a: Shiftry\n|-damage|p2a: Shiftry|0 fnt\n|faint|p2a: Shiftry\n|move|p1a: Ting-Lu|Stomping Tantrum|p2b: Dipplin\n|-resisted|p2b: Dipplin\n|-damage|p2b: Dipplin|80\/100 psn\n|move|p2b: Dipplin|Syrup Bomb|p1b: Glimmora\n|-damage|p1b: Glimmora|0 fnt\n|faint|p1b: Glimmora\n|\n|-damage|p2b: Dipplin|67\/100 psn|[from] psn\n|upkeep\n|\n|t:|1695834042\n|switch|p1b: Ogerpon|Ogerpon, F|100\/100\n|switch|p2a: Rillaboom|Rillaboom, F|100\/100\n|-status|p1b: Ogerpon|tox\n|-damage|p2a: Rillaboom|88\/100|[from] Stealth Rock\n|-status|p2a: Rillaboom|psn\n|-fieldstart|move: Grassy Terrain|[from] ability: Grassy Surge|[of] p2a: Rillaboom\n|turn|7\n|\n|t:|1695834059\n|move|p1b: Ogerpon|Play Rough|p2b: Dipplin\n|-supereffective|p2b: Dipplin\n|-crit|p2b: Dipplin\n|-damage|p2b: Dipplin|32\/100 psn\n|move|p2a: Rillaboom|Wood Hammer|p1a: Ting-Lu\n|-supereffective|p1a: Ting-Lu\n|-damage|p1a: Ting-Lu|0 fnt\n|faint|p1a: Ting-Lu\n|-damage|p2a: Rillaboom|52\/100 psn|[from] Recoil\n|move|p2b: Dipplin|Draco Meteor|p1b: Ogerpon\n|-damage|p1b: Ogerpon|68\/100 tox\n|-unboost|p2b: Dipplin|spa|2\n|\n|-heal|p1b: Ogerpon|74\/100 tox|[from] Grassy Terrain\n|-heal|p2a: Rillaboom|58\/100 psn|[from] Grassy Terrain\n|-heal|p2b: Dipplin|38\/100 psn|[from] Grassy Terrain\n|-damage|p1b: Ogerpon|68\/100 tox|[from] psn\n|-damage|p2a: Rillaboom|46\/100 psn|[from] psn\n|-damage|p2b: Dipplin|25\/100 psn|[from] psn\n|upkeep\n|\n|t:|1695834066\n|switch|p1a: Heracross|Heracross, M|100\/100\n|-status|p1a: Heracross|tox\n|turn|8\n|\n|t:|1695834081\n|detailschange|p1a: Heracross|Heracross-Mega, M\n|-mega|p1a: Heracross|Heracross|Heracronite\n|move|p1b: Ogerpon|Play Rough|p2b: Dipplin\n|-supereffective|p2b: Dipplin\n|-damage|p2b: Dipplin|0 fnt\n|faint|p2b: Dipplin\n|move|p2a: Rillaboom|Wood Hammer|p1a: Heracross\n|-resisted|p1a: Heracross\n|-damage|p1a: Heracross|44\/100 tox\n|-damage|p2a: Rillaboom|29\/100 psn|[from] Recoil\n|move|p1a: Heracross|Pin Missile|p2a: Rillaboom\n|-supereffective|p2a: Rillaboom\n|-damage|p2a: Rillaboom|0 fnt\n|faint|p2a: Rillaboom\n|-hitcount|p2: Rillaboom|1\n|\n|-heal|p1b: Ogerpon|74\/100 tox|[from] Grassy Terrain\n|-heal|p1a: Heracross|50\/100 tox|[from] Grassy Terrain\n|-damage|p1b: Ogerpon|62\/100 tox|[from] psn\n|-damage|p1a: Heracross|44\/100 tox|[from] psn\n|upkeep\n|\n|t:|1695834086\n|switch|p2a: Ogerpon|Ogerpon-Cornerstone, F|100\/100\n|switch|p2b: Torterra|Torterra, F|100\/100\n|-damage|p2a: Ogerpon|88\/100|[from] Stealth Rock\n|-status|p2a: Ogerpon|psn\n|-damage|p2b: Torterra|94\/100|[from] Stealth Rock\n|-status|p2b: Torterra|psn\n|turn|9\n|\n|t:|1695834099\n|move|p1b: Ogerpon|U-turn|p2a: Ogerpon\n|-supereffective|p2a: Ogerpon\n|-damage|p2a: Ogerpon|32\/100 psn\n|\n|t:|1695834103\n|switch|p1b: Armarouge|Armarouge, F|100\/100|[from] U-turn\n|-status|p1b: Armarouge|tox\n|move|p2a: Ogerpon|Ivy Cudgel|p1a: Heracross\n|-damage|p1a: Heracross|0 fnt\n|faint|p1a: Heracross\n|move|p2b: Torterra|Shell Smash|p2b: Torterra\n|-unboost|p2b: Torterra|def|1\n|-unboost|p2b: Torterra|spd|1\n|-boost|p2b: Torterra|atk|2\n|-boost|p2b: Torterra|spa|2\n|-boost|p2b: Torterra|spe|2\n|\n|-heal|p2b: Torterra|100\/100 psn|[from] Grassy Terrain\n|-heal|p2a: Ogerpon|38\/100 psn|[from] Grassy Terrain\n|-damage|p2b: Torterra|88\/100 psn|[from] psn\n|-damage|p2a: Ogerpon|25\/100 psn|[from] psn\n|-damage|p1b: Armarouge|94\/100 tox|[from] psn\n|upkeep\n|\n|t:|1695834106\n|switch|p1a: Palafin|Palafin-Hero, F, shiny|100\/100\n|-status|p1a: Palafin|tox\n|-activate|p1a: Palafin|ability: Zero to Hero\n|turn|10\n|\n|t:|1695834122\n|-terastallize|p1a: Palafin|Water\n|move|p1a: Palafin|Jet Punch|p2a: Ogerpon\n|-damage|p2a: Ogerpon|0 fnt\n|faint|p2a: Ogerpon\n|move|p2b: Torterra|Giga Drain|p1a: Palafin\n|-supereffective|p1a: Palafin\n|-damage|p1a: Palafin|0 fnt\n|-heal|p2b: Torterra|100\/100 psn|[from] drain|[of] p1a: Palafin\n|faint|p1a: Palafin\n|move|p1b: Armarouge|Armor Cannon|p2b: Torterra\n|-supereffective|p2b: Torterra\n|-damage|p2b: Torterra|0 fnt\n|-unboost|p1b: Armarouge|def|1\n|-unboost|p1b: Armarouge|spd|1\n|faint|p2b: Torterra\n|\n|win|hugibear\n|raw|hugibear's rating: 1178 &rarr; <strong>1191<\/strong><br \/>(+13 for winning)\n|raw|tyranitar1977's rating: 1000 &rarr; <strong>1000<\/strong><br \/>(+0 for losing)\n|l|\u2606hugibear\n","uploadtime":1695834140,"views":10,"p1id":"hugibear","p2id":"tyranitar1977","formatid":"gen9nationaldexdoubles","rating":1000,"private":0,"password":""}