{"id":"gen9nationaldexdoubles-1975971014","p1":"AdvancedDigit","p2":"Exy-Merxy","format":"[Gen 9] National Dex Doubles","log":"|j|\u2606AdvancedDigit\n|j|\u2606Exy-Merxy\n|t:|1698253235\n|gametype|doubles\n|player|p1|AdvancedDigit|hilbert|1132\n|player|p2|Exy-Merxy|1|1144\n|teamsize|p1|6\n|teamsize|p2|6\n|gen|9\n|tier|[Gen 9] National Dex Doubles\n|rated|\n|rule|HP Percentage Mod: HP is shown in percentages\n|rule|Endless Battle Clause: Forcing endless battles is banned\n|rule|OHKO Clause: OHKO moves are banned\n|rule|Evasion Moves Clause: Evasion moves are banned\n|rule|Evasion Abilities Clause: Evasion abilities are banned\n|rule|Species Clause: Limit one of each Pok\u00e9mon\n|rule|Gravity Sleep Clause: The combination of sleep-inducing moves with imperfect accuracy and Gravity or Gigantamax Orbeetle are banned\n|clearpoke\n|poke|p1|Luvdisc, F|\n|poke|p1|Pelipper, F|\n|poke|p1|Gyarados, M|\n|poke|p1|Indeedee-F, F|\n|poke|p1|Hydreigon, M|\n|poke|p1|Ogerpon-Wellspring, F|\n|poke|p2|Chien-Pao|\n|poke|p2|Amoonguss, F|\n|poke|p2|Flutter Mane|\n|poke|p2|Landorus-Therian, M|\n|poke|p2|Sinistcha|\n|poke|p2|Enamorus, F|\n|teampreview\n|inactive|Battle timer is ON: inactive players will automatically lose when time's up. (requested by AdvancedDigit)\n|\n|t:|1698253286\n|start\n|switch|p1a: Pelipper|Pelipper, F|100\/100\n|switch|p1b: Hydreigon|Hydreigon, M|100\/100\n|switch|p2a: Chien-Pao|Chien-Pao|100\/100\n|switch|p2b: Landorus|Landorus-Therian, M, shiny|100\/100\n|-ability|p2a: Chien-Pao|Sword of Ruin\n|-ability|p2b: Landorus|Intimidate|boost\n|-unboost|p1a: Pelipper|atk|1\n|-unboost|p1b: Hydreigon|atk|1\n|-weather|RainDance|[from] ability: Drizzle|[of] p1a: Pelipper\n|turn|1\n|\n|t:|1698253306\n|switch|p1a: Luvdisc|Luvdisc, F|100\/100\n|move|p1b: Hydreigon|Protect|p1b: Hydreigon\n|-singleturn|p1b: Hydreigon|Protect\n|move|p2a: Chien-Pao|Sacred Sword|p1b: Hydreigon\n|-activate|p1b: Hydreigon|move: Protect\n|move|p2b: Landorus|Rock Slide|p1a: Luvdisc|[spread] p1a\n|-activate|p1b: Hydreigon|move: Protect\n|-damage|p1a: Luvdisc|57\/100\n|-damage|p2b: Landorus|91\/100|[from] item: Life Orb\n|\n|-weather|RainDance|[upkeep]\n|upkeep\n|turn|2\n|\n|t:|1698253320\n|move|p1a: Luvdisc|Entrainment|p1b: Hydreigon\n|-endability|p1b: Hydreigon|Levitate|[from] move: Entrainment\n|-ability|p1b: Hydreigon|Swift Swim|[from] move: Entrainment\n|move|p1b: Hydreigon|Flash Cannon|p2a: Chien-Pao\n|-supereffective|p2a: Chien-Pao\n|-enditem|p2a: Chien-Pao|Focus Sash\n|-damage|p2a: Chien-Pao|1\/100\n|move|p2a: Chien-Pao|Sacred Sword|p1b: Hydreigon\n|-supereffective|p1b: Hydreigon\n|-damage|p1b: Hydreigon|4\/100\n|move|p2b: Landorus|Rock Slide|p1a: Luvdisc|[spread] p1b\n|-miss|p2b: Landorus|p1a: Luvdisc\n|-damage|p1b: Hydreigon|0 fnt\n|faint|p1b: Hydreigon\n|-damage|p2b: Landorus|81\/100|[from] item: Life Orb\n|\n|-weather|RainDance|[upkeep]\n|upkeep\n|c|\u2606AdvancedDigit|zamn\n|c|\u2606AdvancedDigit|plan foiled\n|\n|t:|1698253331\n|switch|p1b: Gyarados|Gyarados, M|100\/100\n|-ability|p1b: Gyarados|Intimidate|boost\n|-unboost|p2a: Chien-Pao|atk|1\n|-unboost|p2b: Landorus|atk|1\n|turn|3\n|\n|t:|1698253346\n|detailschange|p1b: Gyarados|Gyarados-Mega, M\n|-mega|p1b: Gyarados|Gyarados|Gyaradosite\n|-ability|p1b: Gyarados|Mold Breaker\n|move|p2a: Chien-Pao|Sucker Punch|p1b: Gyarados\n|-resisted|p1b: Gyarados\n|-damage|p1b: Gyarados|85\/100\n|move|p1a: Luvdisc|Entrainment|p1b: Gyarados\n|-endability|p1b: Gyarados|Mold Breaker|[from] move: Entrainment\n|-ability|p1b: Gyarados|Swift Swim|[from] move: Entrainment\n|move|p1b: Gyarados|Waterfall|p2b: Landorus\n|-supereffective|p2b: Landorus\n|-damage|p2b: Landorus|0 fnt\n|faint|p2b: Landorus\n|\n|-weather|RainDance|[upkeep]\n|upkeep\n|\n|t:|1698253357\n|switch|p2b: Sinistcha|Sinistcha, shiny|100\/100\n|-heal|p2a: Chien-Pao|26\/100|[from] ability: Hospitality|[of] p2b: Sinistcha\n|turn|4\n|\n|t:|1698253362\n|move|p1b: Gyarados|Crunch|p2b: Sinistcha\n|-supereffective|p2b: Sinistcha\n|-damage|p2b: Sinistcha|0 fnt\n|faint|p2b: Sinistcha\n|move|p1a: Luvdisc|Scald|p2a: Chien-Pao\n|-crit|p2a: Chien-Pao\n|-damage|p2a: Chien-Pao|0 fnt\n|faint|p2a: Chien-Pao\n|\n|-weather|RainDance|[upkeep]\n|upkeep\n|\n|t:|1698253370\n|switch|p2a: Flutter Mane|Flutter Mane, shiny|100\/100\n|switch|p2b: Enamorus|Enamorus, F|100\/100\n|turn|5\n|inactive|AdvancedDigit has 120 seconds left.\n|\n|t:|1698253407\n|-terastallize|p2a: Flutter Mane|Fairy\n|move|p1b: Gyarados|Waterfall|p2a: Flutter Mane\n|-damage|p2a: Flutter Mane|0 fnt\n|faint|p2a: Flutter Mane\n|-end|p2a: Flutter Mane|Protosynthesis|[silent]\n|move|p1a: Luvdisc|Scald|p2b: Enamorus\n|-damage|p2b: Enamorus|71\/100\n|move|p2b: Enamorus|Moonblast|p1a: Luvdisc\n|-crit|p1a: Luvdisc\n|-damage|p1a: Luvdisc|0 fnt\n|faint|p1a: Luvdisc\n|\n|-weather|RainDance|[upkeep]\n|upkeep\n|\n|t:|1698253418\n|switch|p2a: Amoonguss|Amoonguss, F, shiny|100\/100\n|switch|p1a: Pelipper|Pelipper, F|100\/100\n|turn|6\n|\n|t:|1698253429\n|move|p1b: Gyarados|Waterfall|p2b: Enamorus\n|-damage|p2b: Enamorus|0 fnt\n|faint|p2b: Enamorus\n|move|p1a: Pelipper|Hurricane|p2a: Amoonguss\n|-supereffective|p2a: Amoonguss\n|-damage|p2a: Amoonguss|5\/100\n|-start|p2a: Amoonguss|confusion\n|-activate|p2a: Amoonguss|confusion\n|-damage|p2a: Amoonguss|0 fnt|[from] confusion\n|faint|p2a: Amoonguss\n|\n|win|AdvancedDigit\n|raw|AdvancedDigit's rating: 1132 &rarr; <strong>1158<\/strong><br \/>(+26 for winning)\n|raw|Exy-Merxy's rating: 1144 &rarr; <strong>1118<\/strong><br \/>(-26 for losing)\n","uploadtime":1698253433,"views":7,"p1id":"advanceddigit","p2id":"exymerxy","formatid":"gen9nationaldexdoubles","rating":1118,"private":0,"password":""}