{"id":"gen9nationaldexdoubles-1956149020","p1":"UncleKars","p2":"kpoc12","format":"[Gen 9] National Dex Doubles","log":"|j|\u2606UncleKars\n|j|\u2606kpoc12\n|t:|1696078928\n|gametype|doubles\n|player|p1|UncleKars|silver|\n|player|p2|kpoc12|ingo|\n|teamsize|p1|6\n|teamsize|p2|6\n|gen|9\n|tier|[Gen 9] National Dex Doubles\n|rule|HP Percentage Mod: HP is shown in percentages\n|rule|Endless Battle Clause: Forcing endless battles is banned\n|rule|OHKO Clause: OHKO moves are banned\n|rule|Evasion Moves Clause: Evasion moves are banned\n|rule|Evasion Abilities Clause: Evasion abilities are banned\n|rule|Species Clause: Limit one of each Pok\u00e9mon\n|rule|Gravity Sleep Clause: The combination of sleep-inducing moves with imperfect accuracy and Gravity or Gigantamax Orbeetle are banned\n|clearpoke\n|poke|p1|Camerupt, F|\n|poke|p1|Flygon, M|\n|poke|p1|Quagsire, M|\n|poke|p1|Torterra, M|\n|poke|p1|Palossand, F|\n|poke|p1|Crobat, F|\n|poke|p2|Crustle, M|\n|poke|p2|Klinklang|\n|poke|p2|Garbodor, M|\n|poke|p2|Excadrill, F|\n|poke|p2|Haxorus, M|\n|poke|p2|Chandelure, M|\n|teampreview\n|\n|t:|1696078943\n|start\n|switch|p1a: Camerupt|Camerupt, F|100\/100\n|switch|p1b: Flygon|Flygon, M|100\/100\n|switch|p2a: Klinklang|Klinklang|100\/100\n|switch|p2b: Excadrill|Excadrill, F|100\/100\n|-ability|p2b: Excadrill|Mold Breaker\n|turn|1\n|\n|t:|1696078959\n|detailschange|p1a: Camerupt|Camerupt-Mega, F\n|-mega|p1a: Camerupt|Camerupt|Cameruptite\n|move|p2b: Excadrill|Stealth Rock|p1a: Camerupt\n|-sidestart|p1: UncleKars|move: Stealth Rock\n|move|p1b: Flygon|Dragon Dance|p1b: Flygon\n|-boost|p1b: Flygon|atk|1\n|-boost|p1b: Flygon|spe|1\n|move|p2a: Klinklang|Shift Gear|p2a: Klinklang\n|-boost|p2a: Klinklang|spe|2\n|-boost|p2a: Klinklang|atk|1\n|move|p1a: Camerupt|Earthquake|p2b: Excadrill|[spread] p2a,p2b\n|-immune|p1b: Flygon|[from] ability: Levitate\n|-supereffective|p2a: Klinklang\n|-supereffective|p2b: Excadrill\n|-damage|p2a: Klinklang|15\/100\n|-damage|p2b: Excadrill|0 fnt\n|faint|p2b: Excadrill\n|\n|upkeep\n|\n|t:|1696078986\n|switch|p2b: Haxorus|Haxorus, M|100\/100\n|-ability|p2b: Haxorus|Mold Breaker\n|turn|2\n|\n|t:|1696079003\n|move|p2a: Klinklang|Giga Impact|p1a: Camerupt\n|-damage|p1a: Camerupt|28\/100\n|-mustrecharge|p2a: Klinklang\n|move|p1b: Flygon|Dragon Claw|p2b: Haxorus\n|-supereffective|p2b: Haxorus\n|-damage|p2b: Haxorus|0 fnt\n|faint|p2b: Haxorus\n|move|p1a: Camerupt|Earthquake|p2a: Klinklang|[spread] p2a\n|-immune|p1b: Flygon|[from] ability: Levitate\n|-supereffective|p2a: Klinklang\n|-damage|p2a: Klinklang|0 fnt\n|faint|p2a: Klinklang\n|\n|upkeep\n|c|\u2606kpoc12|bullying him and his ass team\n|\n|t:|1696079021\n|switch|p2b: Garbodor|Garbodor, M|100\/100\n|switch|p2a: Crustle|Crustle, M|100\/100\n|turn|3\n|c|\u2606UncleKars|bullying him...\n|\n|t:|1696079045\n|move|p1b: Flygon|Dragon Claw|p2b: Garbodor\n|-damage|p2b: Garbodor|25\/100\n|move|p2b: Garbodor|Toxic|p1b: Flygon\n|-status|p1b: Flygon|tox\n|move|p2a: Crustle|X-Scissor|p1a: Camerupt\n|-resisted|p1a: Camerupt\n|-damage|p1a: Camerupt|10\/100\n|move|p1a: Camerupt|Earthquake|p2a: Crustle|[spread] p2a,p2b\n|-immune|p1b: Flygon|[from] ability: Levitate\n|-supereffective|p2b: Garbodor\n|-damage|p2a: Crustle|69\/100\n|-damage|p2b: Garbodor|0 fnt\n|faint|p2b: Garbodor\n|\n|-damage|p1b: Flygon|95\/100 tox|[from] psn\n|upkeep\n|\n|t:|1696079060\n|switch|p2b: Chandelure|Chandelure, M|100\/100\n|turn|4\n|\n|t:|1696079094\n|move|p1b: Flygon|Dragon Claw|p2a: Crustle\n|-damage|p2a: Crustle|17\/100\n|move|p2b: Chandelure|Overheat|p1b: Flygon\n|-resisted|p1b: Flygon\n|-damage|p1b: Flygon|48\/100 tox\n|-unboost|p2b: Chandelure|spa|2\n|-enditem|p2b: Chandelure|White Herb\n|-clearnegativeboost|p2b: Chandelure|[silent]\n|move|p2a: Crustle|Knock Off|p1a: Camerupt\n|-damage|p1a: Camerupt|0 fnt\n|faint|p1a: Camerupt\n|\n|-damage|p1b: Flygon|36\/100 tox|[from] psn\n|upkeep\n|\n|t:|1696079110\n|switch|p1a: Quagsire|Quagsire, M, shiny|100\/100\n|-damage|p1a: Quagsire|94\/100|[from] Stealth Rock\n|turn|5\n|\n|t:|1696079133\n|move|p1b: Flygon|Earthquake|p2b: Chandelure|[spread] p1a,p2a,p2b\n|-supereffective|p2b: Chandelure\n|-damage|p1a: Quagsire|31\/100\n|-damage|p2a: Crustle|0 fnt\n|-damage|p2b: Chandelure|0 fnt\n|faint|p2a: Crustle\n|faint|p2b: Chandelure\n|\n|win|UncleKars\n|c|\u2606kpoc12|brutalised\n|c|\u2606kpoc12|gg\n|l|\u2606kpoc12\n","uploadtime":1696079150,"views":15,"p1id":"unclekars","p2id":"kpoc12","formatid":"gen9nationaldexdoubles","rating":0,"private":0,"password":""}