{"id":"gen9nationaldexdoubles-1989479749","p1":"Preston_E","p2":"jrkvjuh","format":"[Gen 9] National Dex Doubles","log":"|j|\u2606Preston_E\n|j|\u2606jrkvjuh\n|t:|1699857391\n|gametype|doubles\n|player|p1|Preston_E|doubleteam|1049\n|player|p2|jrkvjuh|giovanni|1000\n|teamsize|p1|6\n|teamsize|p2|6\n|gen|9\n|tier|[Gen 9] National Dex Doubles\n|rated|\n|rule|HP Percentage Mod: HP is shown in percentages\n|rule|Endless Battle Clause: Forcing endless battles is banned\n|rule|OHKO Clause: OHKO moves are banned\n|rule|Evasion Moves Clause: Evasion moves are banned\n|rule|Evasion Abilities Clause: Evasion abilities are banned\n|rule|Species Clause: Limit one of each Pok\u00e9mon\n|rule|Gravity Sleep Clause: The combination of sleep-inducing moves with imperfect accuracy and Gravity or Gigantamax Orbeetle are banned\n|clearpoke\n|poke|p1|Regirock|\n|poke|p1|Tapu Bulu|\n|poke|p1|Staraptor, F|\n|poke|p1|Hitmonchan, M|\n|poke|p1|Regice|\n|poke|p1|Leafeon, M|\n|poke|p2|Druddigon, F|\n|poke|p2|Aegislash, F|\n|poke|p2|Exploud, M|\n|poke|p2|Feraligatr, F|\n|poke|p2|Armarouge, M|\n|poke|p2|Glimmora, F|\n|teampreview\n|inactive|Battle timer is ON: inactive players will automatically lose when time's up. (requested by Preston_E)\n|\n|t:|1699857402\n|start\n|switch|p1a: Regice|Regice|100\/100\n|switch|p1b: Tapu Bulu|Tapu Bulu|100\/100\n|switch|p2a: Glimmora|Glimmora, F|100\/100\n|switch|p2b: Aegislash|Aegislash, F|100\/100\n|-fieldstart|move: Grassy Terrain|[from] ability: Grassy Surge|[of] p1b: Tapu Bulu\n|turn|1\n|\n|t:|1699857428\n|switch|p1a: Hitmonchan|Hitmonchan, M|100\/100\n|move|p2a: Glimmora|Stealth Rock|p1b: Tapu Bulu\n|-sidestart|p1: Preston_E|move: Stealth Rock\n|-formechange|p2b: Aegislash|Aegislash-Blade||[from] ability: Stance Change\n|move|p2b: Aegislash|Sacred Sword|p1a: Hitmonchan\n|-damage|p1a: Hitmonchan|45\/100\n|move|p1b: Tapu Bulu|Swords Dance|p1b: Tapu Bulu\n|-boost|p1b: Tapu Bulu|atk|2\n|\n|-heal|p1a: Hitmonchan|51\/100|[from] Grassy Terrain\n|upkeep\n|turn|2\n|inactive|Preston_E has 120 seconds left.\n|\n|t:|1699857465\n|-terastallize|p1a: Hitmonchan|Fighting\n|-formechange|p2b: Aegislash|Aegislash||[from] ability: Stance Change\n|move|p2b: Aegislash|King's Shield|p2b: Aegislash\n|-singleturn|p2b: Aegislash|Protect\n|move|p1a: Hitmonchan|Close Combat|p2a: Glimmora\n|-damage|p2a: Glimmora|20\/100\n|-unboost|p1a: Hitmonchan|def|1\n|-unboost|p1a: Hitmonchan|spd|1\n|-activate|p2a: Glimmora|ability: Toxic Debris\n|-sidestart|p1: Preston_E|move: Toxic Spikes\n|move|p2a: Glimmora|Spikes|p1b: Tapu Bulu\n|-sidestart|p1: Preston_E|Spikes\n|move|p1b: Tapu Bulu|Brick Break|p2a: Glimmora\n|-damage|p2a: Glimmora|0 fnt\n|-activate|p2a: Glimmora|ability: Toxic Debris\n|-sidestart|p1: Preston_E|move: Toxic Spikes\n|faint|p2a: Glimmora\n|-damage|p1b: Tapu Bulu|91\/100|[from] item: Life Orb\n|\n|-heal|p1a: Hitmonchan|57\/100|[from] Grassy Terrain\n|-heal|p1b: Tapu Bulu|97\/100|[from] Grassy Terrain\n|upkeep\n|inactive|jrkvjuh has 120 seconds left.\n|\n|t:|1699857489\n|switch|p2a: Druddigon|Druddigon, F|100\/100\n|turn|3\n|inactive|Preston_E has 120 seconds left.\n|\n|t:|1699857518\n|move|p2a: Druddigon|Protect|p2a: Druddigon\n|-singleturn|p2a: Druddigon|Protect\n|move|p1a: Hitmonchan|Close Combat|p2a: Druddigon\n|-activate|p2a: Druddigon|move: Protect\n|move|p2b: Aegislash|Swords Dance|p2b: Aegislash\n|-boost|p2b: Aegislash|atk|2\n|move|p1b: Tapu Bulu|Darkest Lariat|p2b: Aegislash\n|-supereffective|p2b: Aegislash\n|-enditem|p2b: Aegislash|Focus Sash\n|-damage|p2b: Aegislash|1\/100\n|-damage|p1b: Tapu Bulu|87\/100|[from] item: Life Orb\n|\n|-heal|p1a: Hitmonchan|64\/100|[from] Grassy Terrain\n|-heal|p2b: Aegislash|7\/100|[from] Grassy Terrain\n|-heal|p1b: Tapu Bulu|93\/100|[from] Grassy Terrain\n|upkeep\n|turn|4\n|inactive|Preston_E has 120 seconds left.\n|\n|t:|1699857557\n|switch|p1a: Regirock|Regirock, shiny|100\/100\n|-damage|p1a: Regirock|88\/100|[from] Stealth Rock\n|-status|p1a: Regirock|tox\n|-damage|p1a: Regirock|76\/100 tox|[from] Spikes\n|-formechange|p2b: Aegislash|Aegislash-Blade||[from] ability: Stance Change\n|move|p2b: Aegislash|Sacred Sword|p1a: Regirock\n|-supereffective|p1a: Regirock\n|-damage|p1a: Regirock|22\/100 tox\n|move|p2a: Druddigon|Rock Slide|p1a: Regirock|[spread] p1a,p1b\n|-damage|p1a: Regirock|16\/100 tox\n|-damage|p1b: Tapu Bulu|82\/100\n|move|p1b: Tapu Bulu|Darkest Lariat|p2b: Aegislash\n|-supereffective|p2b: Aegislash\n|-damage|p2b: Aegislash|0 fnt\n|faint|p2b: Aegislash\n|-damage|p1b: Tapu Bulu|72\/100|[from] item: Life Orb\n|\n|-heal|p1b: Tapu Bulu|78\/100|[from] Grassy Terrain\n|-heal|p1a: Regirock|22\/100 tox|[from] Grassy Terrain\n|-heal|p1a: Regirock|28\/100 tox|[from] item: Leftovers\n|-damage|p1a: Regirock|22\/100 tox|[from] psn\n|upkeep\n|inactive|jrkvjuh has 120 seconds left.\n|\n|t:|1699857582\n|switch|p2b: Feraligatr|Feraligatr, F|100\/100\n|turn|5\n|inactive|Preston_E has 120 seconds left.\n|\n|t:|1699857604\n|move|p2b: Feraligatr|Ice Beam|p1a: Regirock\n|-damage|p1a: Regirock|0 fnt\n|faint|p1a: Regirock\n|move|p2a: Druddigon|Crush Claw|p1b: Tapu Bulu\n|-damage|p1b: Tapu Bulu|62\/100\n|-unboost|p1b: Tapu Bulu|def|1\n|move|p1b: Tapu Bulu|Horn Leech|p2b: Feraligatr\n|-supereffective|p2b: Feraligatr\n|-damage|p2b: Feraligatr|0 fnt\n|-heal|p1b: Tapu Bulu|100\/100|[from] drain|[of] p2b: Feraligatr\n|-damage|p1b: Tapu Bulu|84\/100|[from] item: Rocky Helmet|[of] p2b: Feraligatr\n|faint|p2b: Feraligatr\n|-damage|p1b: Tapu Bulu|74\/100|[from] item: Life Orb\n|\n|-heal|p1b: Tapu Bulu|80\/100|[from] Grassy Terrain\n|-fieldend|move: Grassy Terrain\n|upkeep\n|\n|t:|1699857621\n|switch|p2b: Armarouge|Armarouge, M|100\/100\n|switch|p1a: Regice|Regice|100\/100\n|-damage|p1a: Regice|75\/100|[from] Stealth Rock\n|-status|p1a: Regice|tox\n|-damage|p1a: Regice|63\/100 tox|[from] Spikes\n|turn|6\n|\n|t:|1699857633\n|move|p2b: Armarouge|Armor Cannon|p1b: Tapu Bulu\n|-supereffective|p1b: Tapu Bulu\n|-damage|p1b: Tapu Bulu|5\/100\n|-unboost|p2b: Armarouge|def|1\n|-unboost|p2b: Armarouge|spd|1\n|move|p2a: Druddigon|Rock Slide|p1b: Tapu Bulu|[spread] p1a,p1b\n|-supereffective|p1a: Regice\n|-damage|p1a: Regice|35\/100 tox\n|-damage|p1b: Tapu Bulu|0 fnt\n|faint|p1b: Tapu Bulu\n|cant|p1a: Regice|flinch\n|\n|-heal|p1a: Regice|41\/100 tox|[from] item: Leftovers\n|-damage|p1a: Regice|35\/100 tox|[from] psn\n|upkeep\n|\n|t:|1699857645\n|switch|p1b: Hitmonchan|Hitmonchan, M, tera:Fighting|64\/100\n|-damage|p1b: Hitmonchan|57\/100|[from] Stealth Rock\n|-status|p1b: Hitmonchan|tox\n|-damage|p1b: Hitmonchan|45\/100 tox|[from] Spikes\n|turn|7\n|inactive|Preston_E has 120 seconds left.\n|\n|t:|1699857678\n|move|p1b: Hitmonchan|Thunder Punch|p2b: Armarouge\n|-damage|p2b: Armarouge|66\/100\n|move|p2b: Armarouge|Psychic|p1b: Hitmonchan\n|-supereffective|p1b: Hitmonchan\n|-damage|p1b: Hitmonchan|0 fnt\n|faint|p1b: Hitmonchan\n|move|p2a: Druddigon|Rock Slide|p1a: Regice\n|-supereffective|p1a: Regice\n|-damage|p1a: Regice|0 fnt\n|faint|p1a: Regice\n|\n|upkeep\n|inactive|Preston_E has 120 seconds left.\n|\n|t:|1699857687\n|switch|p1b: Leafeon|Leafeon, M|100\/100\n|switch|p1a: Staraptor|Staraptor, F|100\/100\n|-damage|p1a: Staraptor|76\/100|[from] Stealth Rock\n|-damage|p1b: Leafeon|88\/100|[from] Stealth Rock\n|-status|p1b: Leafeon|tox\n|-damage|p1b: Leafeon|76\/100 tox|[from] Spikes\n|turn|8\n|inactive|Preston_E has 120 seconds left.\n|\n|t:|1699857713\n|move|p1a: Staraptor|Brave Bird|p2a: Druddigon\n|-enditem|p2a: Druddigon|Focus Sash\n|-damage|p2a: Druddigon|1\/100\n|-damage|p1a: Staraptor|64\/100|[from] ability: Rough Skin|[of] p2a: Druddigon\n|-damage|p1a: Staraptor|32\/100|[from] Recoil\n|move|p1b: Leafeon|Knock Off|p2b: Armarouge\n|-supereffective|p2b: Armarouge\n|-damage|p2b: Armarouge|3\/100\n|-enditem|p2b: Armarouge|Focus Sash|[from] move: Knock Off|[of] p1b: Leafeon\n|move|p2b: Armarouge|Armor Cannon|p1b: Leafeon\n|-supereffective|p1b: Leafeon\n|-damage|p1b: Leafeon|0 fnt\n|-unboost|p2b: Armarouge|def|1\n|-unboost|p2b: Armarouge|spd|1\n|faint|p1b: Leafeon\n|move|p2a: Druddigon|Rock Slide|p1a: Staraptor|[miss]\n|-miss|p2a: Druddigon|p1a: Staraptor\n|\n|upkeep\n|turn|9\n|-message|Preston_E forfeited.\n|\n|win|jrkvjuh\n|raw|Preston_E's rating: 1089 &rarr; <strong>1060<\/strong><br \/>(-29 for losing)\n|raw|jrkvjuh's rating: 1000 &rarr; <strong>1050<\/strong><br \/>(+50 for winning)\n|l|\u2606Preston_E\n","uploadtime":1699857738,"views":6,"p1id":"prestone","p2id":"jrkvjuh","formatid":"gen9nationaldexdoubles","rating":1050,"private":0,"password":""}