{"id":"gen9nationaldexdoubles-1970197737","p1":"GrandpappyJ","p2":"Chuuugs","format":"[Gen 9] National Dex Doubles","log":"|j|\u2606GrandpappyJ\n|j|\u2606Chuuugs\n|t:|1697608867\n|gametype|doubles\n|player|p1|GrandpappyJ|2|1000\n|player|p2|Chuuugs|hilda|1062\n|teamsize|p1|6\n|teamsize|p2|6\n|gen|9\n|tier|[Gen 9] National Dex Doubles\n|rated|\n|rule|HP Percentage Mod: HP is shown in percentages\n|rule|Endless Battle Clause: Forcing endless battles is banned\n|rule|OHKO Clause: OHKO moves are banned\n|rule|Evasion Moves Clause: Evasion moves are banned\n|rule|Evasion Abilities Clause: Evasion abilities are banned\n|rule|Species Clause: Limit one of each Pok\u00e9mon\n|rule|Gravity Sleep Clause: The combination of sleep-inducing moves with imperfect accuracy and Gravity or Gigantamax Orbeetle are banned\n|clearpoke\n|poke|p1|Crabominable, M|\n|poke|p1|Raichu-Alola, F|\n|poke|p1|Bruxish, F|\n|poke|p1|Bewear, M|\n|poke|p1|Drampa, M|\n|poke|p1|Tapu Lele|\n|poke|p2|Gallade, M|\n|poke|p2|Walking Wake|\n|poke|p2|Grimmsnarl, M|\n|poke|p2|Toxapex, F|\n|poke|p2|Arboliva, F|\n|poke|p2|Maushold|\n|teampreview\n|\n|t:|1697608907\n|start\n|switch|p1a: Bruxish|Bruxish, F|100\/100\n|switch|p1b: Crabominable|Crabominable, M|100\/100\n|switch|p2a: Spear|Grimmsnarl, M|100\/100\n|switch|p2b: Olive Garden|Arboliva, F|100\/100\n|turn|1\n|\n|t:|1697608950\n|move|p2a: Spear|Reflect|p2a: Spear\n|-sidestart|p2: Chuuugs|Reflect\n|move|p2b: Olive Garden|Leech Seed|p1a: Bruxish\n|-start|p1a: Bruxish|move: Leech Seed\n|move|p1b: Crabominable|Ice Hammer|p2b: Olive Garden\n|-supereffective|p2b: Olive Garden\n|-damage|p2b: Olive Garden|6\/100\n|-unboost|p1b: Crabominable|spe|1\n|-fieldstart|move: Grassy Terrain|[from] ability: Seed Sower|[of] p2b: Olive Garden\n|-enditem|p2b: Olive Garden|Sitrus Berry|[eat]\n|-heal|p2b: Olive Garden|31\/100|[from] item: Sitrus Berry\n|-damage|p1b: Crabominable|91\/100|[from] item: Life Orb\n|move|p1a: Bruxish|Trick Room|p1a: Bruxish\n|-fieldstart|move: Trick Room|[of] p1a: Bruxish\n|\n|-heal|p1b: Crabominable|97\/100|[from] Grassy Terrain\n|-heal|p2b: Olive Garden|37\/100|[from] Grassy Terrain\n|-damage|p1a: Bruxish|88\/100|[from] Leech Seed|[of] p2b: Olive Garden\n|-heal|p2b: Olive Garden|49\/100|[silent]\n|upkeep\n|turn|2\n|\n|t:|1697608995\n|move|p2a: Spear|Light Screen|p2a: Spear\n|-sidestart|p2: Chuuugs|move: Light Screen\n|move|p1b: Crabominable|Ice Hammer|p2a: Spear\n|-damage|p2a: Spear|30\/100\n|-unboost|p1b: Crabominable|spe|1\n|-damage|p1b: Crabominable|87\/100|[from] item: Life Orb\n|move|p2b: Olive Garden|Earth Power|p1b: Crabominable\n|-damage|p1b: Crabominable|57\/100\n|move|p1a: Bruxish|Frost Breath|p2b: Olive Garden|[miss]\n|-miss|p1a: Bruxish|p2b: Olive Garden\n|\n|-heal|p1b: Crabominable|63\/100|[from] Grassy Terrain\n|-heal|p2b: Olive Garden|55\/100|[from] Grassy Terrain\n|-heal|p2a: Spear|37\/100|[from] Grassy Terrain\n|-heal|p1a: Bruxish|94\/100|[from] Grassy Terrain\n|-damage|p1a: Bruxish|82\/100|[from] Leech Seed|[of] p2b: Olive Garden\n|-heal|p2b: Olive Garden|67\/100|[silent]\n|upkeep\n|turn|3\n|\n|t:|1697609023\n|move|p2a: Spear|Thunder Wave||[still]\n|cant|p1a: Bruxish|ability: Dazzling|Thunder Wave|[of] p2a: Spear\n|move|p1b: Crabominable|Ice Hammer|p2a: Spear\n|-damage|p2a: Spear|0 fnt\n|-unboost|p1b: Crabominable|spe|1\n|faint|p2a: Spear\n|-damage|p1b: Crabominable|53\/100|[from] item: Life Orb\n|move|p2b: Olive Garden|Giga Drain|p1a: Bruxish\n|-supereffective|p1a: Bruxish\n|-damage|p1a: Bruxish|11\/100\n|-heal|p2b: Olive Garden|99\/100|[from] drain|[of] p1a: Bruxish\n|move|p1a: Bruxish|Frost Breath|p2b: Olive Garden\n|-supereffective|p2b: Olive Garden\n|-crit|p2b: Olive Garden\n|-damage|p2b: Olive Garden|75\/100\n|\n|-heal|p1b: Crabominable|59\/100|[from] Grassy Terrain\n|-heal|p2b: Olive Garden|81\/100|[from] Grassy Terrain\n|-heal|p1a: Bruxish|18\/100|[from] Grassy Terrain\n|-damage|p1a: Bruxish|5\/100|[from] Leech Seed|[of] p2b: Olive Garden\n|-heal|p2b: Olive Garden|93\/100|[silent]\n|upkeep\n|\n|t:|1697609045\n|switch|p2a: Fang|Walking Wake|100\/100\n|turn|4\n|\n|t:|1697609070\n|move|p1a: Bruxish|Aqua Jet|p2a: Fang\n|-resisted|p2a: Fang\n|-damage|p2a: Fang|98\/100\n|move|p1b: Crabominable|Ice Hammer|p2b: Olive Garden\n|-supereffective|p2b: Olive Garden\n|-damage|p2b: Olive Garden|0 fnt\n|-unboost|p1b: Crabominable|spe|1\n|faint|p2b: Olive Garden\n|-damage|p1b: Crabominable|49\/100|[from] item: Life Orb\n|move|p2a: Fang|Flamethrower|p1b: Crabominable\n|-supereffective|p1b: Crabominable\n|-damage|p1b: Crabominable|0 fnt\n|faint|p1b: Crabominable\n|\n|-heal|p1a: Bruxish|11\/100|[from] Grassy Terrain\n|-heal|p2a: Fang|100\/100|[from] Grassy Terrain\n|upkeep\n|\n|t:|1697609097\n|switch|p1b: Bewear|Bewear, M|100\/100\n|switch|p2b: Poki|Toxapex, F, shiny|100\/100\n|turn|5\n|\n|t:|1697609125\n|move|p2b: Poki|Toxic|p1a: Bruxish\n|-status|p1a: Bruxish|tox\n|move|p1b: Bewear|Shadow Claw|p2b: Poki\n|-damage|p2b: Poki|84\/100\n|move|p2a: Fang|Scald|p1b: Bewear\n|-damage|p1b: Bewear|55\/100\n|move|p1a: Bruxish|Trick Room|p1a: Bruxish\n|-fieldend|move: Trick Room\n|\n|-heal|p1a: Bruxish|18\/100 tox|[from] Grassy Terrain\n|-heal|p1b: Bewear|61\/100|[from] Grassy Terrain\n|-heal|p2b: Poki|90\/100|[from] Grassy Terrain\n|-heal|p2b: Poki|96\/100|[from] item: Leftovers\n|-damage|p1a: Bruxish|5\/100 tox|[from] Leech Seed|[of] p2b: Poki\n|-heal|p2b: Poki|100\/100|[silent]\n|-damage|p1a: Bruxish|0 fnt|[from] psn\n|faint|p1a: Bruxish\n|-fieldend|move: Grassy Terrain\n|upkeep\n|\n|t:|1697609150\n|switch|p1a: Raichu|Raichu-Alola, F|100\/100\n|turn|6\n|\n|t:|1697609168\n|-terastallize|p2b: Poki|Steel\n|move|p1a: Raichu|Thunderbolt|p2a: Fang\n|-damage|p2a: Fang|69\/100\n|move|p2a: Fang|Flamethrower|p1b: Bewear\n|-damage|p1b: Bewear|0 fnt\n|faint|p1b: Bewear\n|move|p2b: Poki|Toxic|p1a: Raichu\n|-status|p1a: Raichu|tox\n|\n|-damage|p1a: Raichu|94\/100 tox|[from] psn\n|upkeep\n|\n|t:|1697609178\n|switch|p1b: Tapu Lele|Tapu Lele|100\/100\n|-fieldstart|move: Psychic Terrain|[from] ability: Psychic Surge|[of] p1b: Tapu Lele\n|turn|7\n|\n|t:|1697609239\n|move|p1b: Tapu Lele|Psychic|p2b: Poki\n|-resisted|p2b: Poki\n|-damage|p2b: Poki|83\/100\n|move|p1a: Raichu|Nasty Plot|p1a: Raichu\n|-boost|p1a: Raichu|spa|2\n|move|p2a: Fang|Draco Meteor|p1a: Raichu\n|-damage|p1a: Raichu|0 fnt\n|-unboost|p2a: Fang|spa|2\n|faint|p1a: Raichu\n|move|p2b: Poki|Toxic|p1b: Tapu Lele\n|-status|p1b: Tapu Lele|tox\n|\n|-heal|p2b: Poki|89\/100|[from] item: Leftovers\n|-damage|p1b: Tapu Lele|94\/100 tox|[from] psn\n|upkeep\n|\n|t:|1697609253\n|switch|p1a: Drampa|Drampa, M|100\/100\n|turn|8\n|\n|t:|1697609276\n|move|p1b: Tapu Lele|Psychic|p2a: Fang\n|-damage|p2a: Fang|20\/100\n|move|p2a: Fang|Flamethrower|p1b: Tapu Lele\n|-damage|p1b: Tapu Lele|77\/100 tox\n|move|p1a: Drampa|Calm Mind|p1a: Drampa\n|-boost|p1a: Drampa|spa|1\n|-boost|p1a: Drampa|spd|1\n|move|p2b: Poki|Toxic|p1a: Drampa\n|-status|p1a: Drampa|tox\n|\n|-heal|p2b: Poki|96\/100|[from] item: Leftovers\n|-damage|p1b: Tapu Lele|65\/100 tox|[from] psn\n|-damage|p1a: Drampa|94\/100 tox|[from] psn\n|-sideend|p2: Chuuugs|Reflect\n|upkeep\n|turn|9\n|\n|t:|1697609311\n|move|p1b: Tapu Lele|Psychic|p2a: Fang\n|-damage|p2a: Fang|0 fnt\n|faint|p2a: Fang\n|-end|p2a: Fang|Protosynthesis|[silent]\n|move|p1a: Drampa|Flamethrower|p2b: Poki\n|-supereffective|p2b: Poki\n|-damage|p2b: Poki|35\/100\n|move|p2b: Poki|Haze|p2b: Poki\n|-clearallboost\n|\n|-heal|p1a: Drampa|100\/100 tox|[from] item: Leftovers\n|-heal|p2b: Poki|41\/100|[from] item: Leftovers\n|-damage|p1b: Tapu Lele|46\/100 tox|[from] psn\n|-damage|p1a: Drampa|88\/100 tox|[from] psn\n|-sideend|p2: Chuuugs|move: Light Screen\n|upkeep\n|\n|t:|1697609328\n|switch|p2a: En|Gallade, M, shiny|100\/100\n|turn|10\n|\n|t:|1697609341\n|move|p1b: Tapu Lele|Psychic|p2a: En\n|-damage|p2a: En|37\/100\n|move|p2a: En|Sacred Sword|p1a: Drampa\n|-supereffective|p1a: Drampa\n|-damage|p1a: Drampa|0 fnt\n|faint|p1a: Drampa\n|move|p2b: Poki|Recover|p2b: Poki\n|-heal|p2b: Poki|91\/100\n|\n|-heal|p2b: Poki|98\/100|[from] item: Leftovers\n|-damage|p1b: Tapu Lele|22\/100 tox|[from] psn\n|upkeep\n|turn|11\n|\n|t:|1697609366\n|move|p1b: Tapu Lele|Psychic|p2a: En\n|-damage|p2a: En|0 fnt\n|faint|p2a: En\n|move|p2b: Poki|Surf|p1b: Tapu Lele\n|-damage|p1b: Tapu Lele|3\/100 tox\n|\n|-heal|p2b: Poki|100\/100|[from] item: Leftovers\n|-damage|p1b: Tapu Lele|0 fnt|[from] psn\n|faint|p1b: Tapu Lele\n|\n|win|Chuuugs\n|upkeep\n|raw|GrandpappyJ's rating: 1000 &rarr; <strong>1000<\/strong><br \/>(+0 for losing)\n|raw|Chuuugs's rating: 1062 &rarr; <strong>1087<\/strong><br \/>(+25 for winning)\n|c|\u2606Chuuugs|gg\n","uploadtime":1697609393,"views":10,"p1id":"grandpappyj","p2id":"chuuugs","formatid":"gen9nationaldexdoubles","rating":1000,"private":0,"password":""}