{"id":"gen9nationaldexdoubles-1970512187","p1":"AdvancedDigit","p2":"coco falante","format":"[Gen 9] National Dex Doubles","log":"|j|\u2606AdvancedDigit\n|j|\u2606coco falante\n|t:|1697644727\n|gametype|doubles\n|player|p1|AdvancedDigit|hilbert|1077\n|player|p2|coco falante|veteran|1029\n|teamsize|p1|6\n|teamsize|p2|6\n|gen|9\n|tier|[Gen 9] National Dex Doubles\n|rated|\n|rule|HP Percentage Mod: HP is shown in percentages\n|rule|Endless Battle Clause: Forcing endless battles is banned\n|rule|OHKO Clause: OHKO moves are banned\n|rule|Evasion Moves Clause: Evasion moves are banned\n|rule|Evasion Abilities Clause: Evasion abilities are banned\n|rule|Species Clause: Limit one of each Pok\u00e9mon\n|rule|Gravity Sleep Clause: The combination of sleep-inducing moves with imperfect accuracy and Gravity or Gigantamax Orbeetle are banned\n|clearpoke\n|poke|p1|Malamar, M|\n|poke|p1|Tornadus, M|\n|poke|p1|Maushold|\n|poke|p1|Ambipom, F|\n|poke|p1|Mr. Mime, F|\n|poke|p1|Amoonguss, F|\n|poke|p2|Darkrai|\n|poke|p2|Breloom, F|\n|poke|p2|Vivillon-Monsoon, F|\n|poke|p2|Farigiraf, F|\n|poke|p2|Murkrow, F|\n|poke|p2|Typhlosion, M|\n|teampreview\n|\n|t:|1697644750\n|start\n|switch|p1a: Tornadus|Tornadus, M|100\/100\n|switch|p1b: Malamar|Malamar, M|100\/100\n|switch|p2a: Vivillon|Vivillon-Monsoon, F|100\/100\n|switch|p2b: Farigiraf|Farigiraf, F|100\/100\n|turn|1\n|\n|t:|1697644769\n|move|p2b: Farigiraf|Magic Coat|p2b: Farigiraf\n|-singleturn|p2b: Farigiraf|move: Magic Coat\n|move|p1a: Tornadus|Tailwind|p1a: Tornadus\n|-sidestart|p1: AdvancedDigit|move: Tailwind\n|move|p2a: Vivillon|Sleep Powder|p1b: Malamar\n|-status|p1b: Malamar|slp|[from] move: Sleep Powder\n|cant|p1b: Malamar|slp\n|\n|upkeep\n|turn|2\n|\n|t:|1697644785\n|switch|p2b: Darkrai|Darkrai|100\/100\n|move|p1a: Tornadus|Defog|p1b: Malamar\n|-boost|p1b: Malamar|evasion|1\n|move|p2a: Vivillon|Sleep Powder|p1a: Tornadus\n|-status|p1a: Tornadus|slp|[from] move: Sleep Powder\n|cant|p1b: Malamar|slp\n|\n|-damage|p1a: Tornadus|88\/100 slp|[from] ability: Bad Dreams|[of] p2b: Darkrai\n|-damage|p1b: Malamar|88\/100 slp|[from] ability: Bad Dreams|[of] p2b: Darkrai\n|upkeep\n|turn|3\n|\n|t:|1697644813\n|cant|p1a: Tornadus|slp\n|move|p2a: Vivillon|Sleep Powder|p1b: Malamar\n|-fail|p1b: Malamar|slp\n|move|p2b: Darkrai|Dream Eater|p1a: Tornadus\n|-damage|p1a: Tornadus|37\/100 slp\n|cant|p1b: Malamar|slp\n|\n|-heal|p1a: Tornadus|43\/100 slp|[from] item: Leftovers\n|-heal|p1b: Malamar|94\/100 slp|[from] item: Leftovers\n|-damage|p1a: Tornadus|30\/100 slp|[from] ability: Bad Dreams|[of] p2b: Darkrai\n|-damage|p1b: Malamar|82\/100 slp|[from] ability: Bad Dreams|[of] p2b: Darkrai\n|upkeep\n|turn|4\n|\n|t:|1697644830\n|cant|p1a: Tornadus|slp\n|move|p2a: Vivillon|Sleep Powder|p1b: Malamar\n|-fail|p1b: Malamar|slp\n|move|p2b: Darkrai|Dream Eater|p1a: Tornadus\n|-damage|p1a: Tornadus|0 fnt\n|faint|p1a: Tornadus\n|-curestatus|p1b: Malamar|slp|[msg]\n|move|p1b: Malamar|Rock Slide|p2b: Darkrai|[spread] p2a,p2b\n|-supereffective|p2a: Vivillon\n|-damage|p2a: Vivillon|0 fnt\n|-damage|p2b: Darkrai|76\/100\n|faint|p2a: Vivillon\n|\n|-heal|p1b: Malamar|88\/100|[from] item: Leftovers\n|-sideend|p1: AdvancedDigit|move: Tailwind\n|upkeep\n|\n|t:|1697644843\n|switch|p1a: Ambipom|Ambipom, F|100\/100\n|switch|p2a: Breloom|Breloom, F|100\/100\n|turn|5\n|\n|t:|1697644857\n|switch|p2b: Farigiraf|Farigiraf, F|100\/100\n|move|p1a: Ambipom|Fake Out||[still]\n|cant|p2b: Farigiraf|ability: Armor Tail|Fake Out|[of] p1a: Ambipom\n|move|p2a: Breloom|Spore|p1a: Ambipom\n|-status|p1a: Ambipom|slp|[from] move: Spore\n|move|p1b: Malamar|Superpower|p2b: Farigiraf\n|-damage|p2b: Farigiraf|66\/100\n|-boost|p1b: Malamar|atk|1\n|-boost|p1b: Malamar|def|1\n|\n|-heal|p1b: Malamar|94\/100|[from] item: Leftovers\n|upkeep\n|turn|6\n|\n|t:|1697644877\n|switch|p1a: Amoonguss|Amoonguss, F|100\/100\n|move|p1b: Malamar|Protect|p1b: Malamar\n|-singleturn|p1b: Malamar|Protect\n|move|p2b: Farigiraf|Ally Switch|p2b: Farigiraf\n|swap|p2b: Farigiraf|0|[from] move: Ally Switch\n|move|p2b: Breloom|Spore|p1b: Malamar\n|-activate|p1b: Malamar|move: Protect\n|\n|-heal|p1b: Malamar|99\/100|[from] item: Leftovers\n|upkeep\n|turn|7\n|\n|t:|1697644892\n|move|p2a: Farigiraf|Magic Coat|p2a: Farigiraf\n|-singleturn|p2a: Farigiraf|move: Magic Coat\n|move|p2b: Breloom|Spore|p1b: Malamar\n|-status|p1b: Malamar|slp|[from] move: Spore\n|cant|p1b: Malamar|slp\n|move|p1a: Amoonguss|Spore|p2a: Farigiraf\n|move|p2a: Farigiraf|Spore|p1a: Amoonguss|[from]Magic Coat\n|-immune|p1a: Amoonguss\n|\n|-heal|p1b: Malamar|100\/100 slp|[from] item: Leftovers\n|upkeep\n|turn|8\n|\n|t:|1697644914\n|switch|p2b: Murkrow|Murkrow, F|100\/100\n|cant|p1b: Malamar|slp\n|move|p2a: Farigiraf|Psychic|p1a: Amoonguss\n|-supereffective|p1a: Amoonguss\n|-damage|p1a: Amoonguss|32\/100\n|-unboost|p1a: Amoonguss|spd|1\n|move|p1a: Amoonguss|Sludge Bomb|p2b: Murkrow\n|-damage|p2b: Murkrow|77\/100\n|\n|upkeep\n|turn|9\n|\n|t:|1697644936\n|move|p2b: Murkrow|Taunt|p1a: Amoonguss\n|-start|p1a: Amoonguss|move: Taunt\n|-curestatus|p1b: Malamar|slp|[msg]\n|move|p1b: Malamar|Rock Slide|p2a: Farigiraf|[spread] p2a,p2b\n|-supereffective|p2b: Murkrow\n|-damage|p2a: Farigiraf|41\/100\n|-damage|p2b: Murkrow|14\/100\n|cant|p2a: Farigiraf|flinch\n|move|p1a: Amoonguss|Sludge Bomb|p2b: Murkrow\n|-damage|p2b: Murkrow|0 fnt\n|faint|p2b: Murkrow\n|\n|upkeep\n|\n|t:|1697644948\n|switch|p2b: Breloom|Breloom, F|100\/100\n|turn|10\n|\n|t:|1697644985\n|move|p2b: Breloom|Spore|p1b: Malamar\n|-status|p1b: Malamar|slp|[from] move: Spore\n|cant|p1b: Malamar|slp\n|move|p2a: Farigiraf|Psychic|p1a: Amoonguss\n|-supereffective|p1a: Amoonguss\n|-damage|p1a: Amoonguss|0 fnt\n|faint|p1a: Amoonguss\n|\n|upkeep\n|\n|t:|1697644993\n|switch|p1a: Maushold|Maushold|100\/100\n|turn|11\n|\n|t:|1697645004\n|switch|p2a: Typhlosion|Typhlosion, M|100\/100\n|move|p2b: Breloom|Spore|p1a: Maushold\n|-status|p1a: Maushold|slp|[from] move: Spore\n|cant|p1a: Maushold|slp\n|-curestatus|p1b: Malamar|slp|[msg]\n|move|p1b: Malamar|Knock Off|p2a: Typhlosion\n|-damage|p2a: Typhlosion|8\/100\n|-enditem|p2a: Typhlosion|Choice Scarf|[from] move: Knock Off|[of] p1b: Malamar\n|\n|upkeep\n|turn|12\n|c|\u2606AdvancedDigit|is that\n|c|\u2606AdvancedDigit|scarf spore\n|\n|t:|1697645026\n|move|p2b: Breloom|Spore|p1b: Malamar\n|-status|p1b: Malamar|slp|[from] move: Spore\n|-curestatus|p1a: Maushold|slp|[msg]\n|move|p1a: Maushold|Population Bomb|p2b: Breloom\n|-damage|p2b: Breloom|82\/100\n|-status|p1a: Maushold|par|[from] ability: Effect Spore|[of] p2b: Breloom\n|-damage|p2b: Breloom|63\/100\n|-damage|p2b: Breloom|47\/100\n|-damage|p2b: Breloom|29\/100\n|-damage|p2b: Breloom|10\/100\n|-damage|p2b: Breloom|0 fnt\n|faint|p2b: Breloom\n|-hitcount|p2: Breloom|6\n|move|p2a: Typhlosion|Eruption|p1b: Malamar|[spread] p1a,p1b\n|-damage|p1a: Maushold|95\/100 par\n|-damage|p1b: Malamar|96\/100 slp\n|cant|p1b: Malamar|slp\n|\n|-heal|p1b: Malamar|100\/100 slp|[from] item: Leftovers\n|upkeep\n|\n|t:|1697645047\n|switch|p2b: Darkrai|Darkrai|76\/100\n|turn|13\n|c|\u2606AdvancedDigit|never seen that before\n|\n|t:|1697645058\n|move|p2b: Darkrai|Dark Pulse|p1b: Malamar\n|-damage|p1b: Malamar|54\/100 slp\n|move|p2a: Typhlosion|Eruption|p1b: Malamar|[spread] p1a,p1b\n|-damage|p1a: Maushold|89\/100 par\n|-damage|p1b: Malamar|50\/100 slp\n|cant|p1b: Malamar|slp\n|move|p1a: Maushold|Population Bomb|p2a: Typhlosion|[miss]\n|-miss|p1a: Maushold|p2a: Typhlosion\n|\n|-heal|p1b: Malamar|56\/100 slp|[from] item: Leftovers\n|-damage|p1b: Malamar|43\/100 slp|[from] ability: Bad Dreams|[of] p2b: Darkrai\n|upkeep\n|turn|14\n|\n|t:|1697645076\n|-terastallize|p2b: Darkrai|Dark\n|move|p2b: Darkrai|Dark Pulse|p1b: Malamar|[miss]\n|-miss|p2b: Darkrai|p1b: Malamar\n|move|p2a: Typhlosion|Eruption|p1a: Maushold|[spread] p1a,p1b\n|-damage|p1a: Maushold|83\/100 par\n|-damage|p1b: Malamar|39\/100 slp\n|-curestatus|p1b: Malamar|slp|[msg]\n|move|p1b: Malamar|Superpower|p2b: Darkrai\n|-supereffective|p2b: Darkrai\n|-crit|p2b: Darkrai\n|-damage|p2b: Darkrai|0 fnt\n|-boost|p1b: Malamar|atk|1\n|-boost|p1b: Malamar|def|1\n|faint|p2b: Darkrai\n|move|p1a: Maushold|Population Bomb|p2a: Typhlosion\n|-damage|p2a: Typhlosion|0 fnt\n|faint|p2a: Typhlosion\n|-hitcount|p2: Typhlosion|1\n|\n|-heal|p1b: Malamar|45\/100|[from] item: Leftovers\n|upkeep\n|\n|t:|1697645083\n|switch|p2b: Farigiraf|Farigiraf, F|41\/100\n|turn|15\n|c|\u2606AdvancedDigit|gg\n|\n|t:|1697645088\n|move|p1b: Malamar|Knock Off|p2b: Farigiraf\n|-supereffective|p2b: Farigiraf\n|-damage|p2b: Farigiraf|0 fnt\n|-enditem|p2b: Farigiraf|Heavy-Duty Boots|[from] move: Knock Off|[of] p1b: Malamar\n|faint|p2b: Farigiraf\n|\n|win|AdvancedDigit\n|raw|AdvancedDigit's rating: 1065 &rarr; <strong>1092<\/strong><br \/>(+27 for winning)\n|raw|coco falante's rating: 1029 &rarr; <strong>1016<\/strong><br \/>(-13 for losing)\n","uploadtime":1697645091,"views":6,"p1id":"advanceddigit","p2id":"cocofalante","formatid":"gen9nationaldexdoubles","rating":1016,"private":0,"password":""}