{"id":"gen9nationaldexdoubles-1982670020","p1":"multiingbe","p2":"CapitalistClay","format":"[Gen 9] National Dex Doubles","log":"|j|\u2606multiingbe\n|j|\u2606CapitalistClay\n|t:|1699034398\n|gametype|doubles\n|player|p1|multiingbe|kimonogirl|1061\n|player|p2|CapitalistClay|clay|1010\n|teamsize|p1|6\n|teamsize|p2|6\n|gen|9\n|tier|[Gen 9] National Dex Doubles\n|rated|\n|rule|HP Percentage Mod: HP is shown in percentages\n|rule|Endless Battle Clause: Forcing endless battles is banned\n|rule|OHKO Clause: OHKO moves are banned\n|rule|Evasion Moves Clause: Evasion moves are banned\n|rule|Evasion Abilities Clause: Evasion abilities are banned\n|rule|Species Clause: Limit one of each Pok\u00e9mon\n|rule|Gravity Sleep Clause: The combination of sleep-inducing moves with imperfect accuracy and Gravity or Gigantamax Orbeetle are banned\n|clearpoke\n|poke|p1|Azumarill, F|\n|poke|p1|Dewgong, M|\n|poke|p1|Ninetales-Alola, M|\n|poke|p1|Blastoise, M|\n|poke|p1|Volbeat, M|\n|poke|p1|Comfey, F|\n|poke|p2|Toxtricity, M|\n|poke|p2|Muk-Alola, M|\n|poke|p2|Azumarill, F|\n|poke|p2|Sableye, F|\n|poke|p2|Arboliva, F|\n|poke|p2|Delphox, F|\n|teampreview\n|\n|t:|1699034406\n|start\n|switch|p1a: Ueuwady|Dewgong, M, shiny|100\/100\n|switch|p1b: Vamauah|Ninetales-Alola, M|100\/100\n|switch|p2a: Delphox|Delphox, F, shiny|100\/100\n|switch|p2b: Sableye|Sableye, F, shiny|100\/100\n|-weather|Snow|[from] ability: Snow Warning|[of] p1b: Vamauah\n|turn|1\n|\n|t:|1699034429\n|detailschange|p2b: Sableye|Sableye-Mega, F, shiny\n|-mega|p2b: Sableye|Sableye|Sablenite\n|move|p1a: Ueuwady|Fake Out|p2a: Delphox\n|-damage|p2a: Delphox|93\/100\n|cant|p2a: Delphox|flinch\n|move|p2b: Sableye|Metronome|p2b: Sableye\n|move|p2b: Sableye|Power Whip|p1b: Vamauah|[from]move: Metronome\n|-damage|p1b: Vamauah|80\/100\n|move|p1b: Vamauah|Roar|p2a: Delphox\n|drag|p2a: Muk|Muk-Alola, M, shiny|100\/100\n|\n|-weather|Snow|[upkeep]\n|upkeep\n|turn|2\n|\n|t:|1699034452\n|switch|p1b: Teg|Blastoise, M|100\/100\n|move|p1a: Ueuwady|Blizzard|p2b: Sableye|[spread] p2a,p2b\n|-damage|p2a: Muk|73\/100\n|-damage|p2b: Sableye|73\/100\n|move|p2a: Muk|Metronome|p2a: Muk\n|move|p2a: Muk|Double Team|p2a: Muk|[from]move: Metronome\n|-boost|p2a: Muk|evasion|1\n|move|p2b: Sableye|Metronome|p2b: Sableye\n|move|p2b: Sableye|Misty Terrain|p2b: Sableye|[from]move: Metronome\n|-fieldstart|move: Misty Terrain\n|\n|-weather|Snow|[upkeep]\n|upkeep\n|turn|3\n|\n|t:|1699034469\n|switch|p1a: Etudelki|Azumarill, F|100\/100\n|detailschange|p1b: Teg|Blastoise-Mega, M\n|-mega|p1b: Teg|Blastoise|Blastoisinite\n|move|p1b: Teg|Blizzard|p2a: Muk|[spread] p2a,p2b\n|-crit|p2b: Sableye\n|-damage|p2a: Muk|49\/100\n|-damage|p2b: Sableye|35\/100\n|move|p2a: Muk|Metronome|p2a: Muk\n|move|p2a: Muk|Disarming Voice|p1b: Teg|[from]move: Metronome|[spread] p1a,p1b\n|-damage|p1a: Etudelki|97\/100\n|-damage|p1b: Teg|97\/100\n|move|p2b: Sableye|Metronome|p2b: Sableye\n|move|p2b: Sableye|Pain Split|p1a: Etudelki|[from]move: Metronome\n|-sethp|p1a: Etudelki|64\/100|[from] move: Pain Split|[silent]\n|-sethp|p2b: Sableye|72\/100|[from] move: Pain Split\n|\n|-weather|Snow|[upkeep]\n|upkeep\n|turn|4\n|\n|t:|1699034497\n|move|p1b: Teg|Blizzard|p2a: Muk|[spread] p2a,p2b\n|-damage|p2a: Muk|24\/100\n|-damage|p2b: Sableye|45\/100\n|move|p1a: Etudelki|Liquidation|p2b: Sableye\n|-damage|p2b: Sableye|0 fnt\n|faint|p2b: Sableye\n|-ability|p2a: Muk|Magic Bounce|[from] ability: Power of Alchemy|[of] p2b: Sableye\n|move|p2a: Muk|Metronome|p2a: Muk\n|move|p2a: Muk|Fissure|p1a: Etudelki|[from]move: Metronome|[miss]\n|-miss|p2a: Muk|p1a: Etudelki\n|\n|-weather|Snow|[upkeep]\n|upkeep\n|\n|t:|1699034510\n|switch|p2b: Arboliva|Arboliva, F, shiny|100\/100\n|turn|5\n|\n|t:|1699034519\n|-terastallize|p1a: Etudelki|Water\n|move|p1a: Etudelki|Aqua Jet|p2a: Muk\n|-damage|p2a: Muk|0 fnt\n|faint|p2a: Muk\n|move|p1b: Teg|Icy Wind|p2b: Arboliva\n|-supereffective|p2b: Arboliva\n|-damage|p2b: Arboliva|64\/100\n|-unboost|p2b: Arboliva|spe|1\n|move|p2b: Arboliva|Metronome|p2b: Arboliva\n|move|p2b: Arboliva|Water Pledge|p1a: Etudelki|[from]move: Metronome\n|-resisted|p1a: Etudelki\n|-damage|p1a: Etudelki|55\/100\n|\n|-weather|none\n|upkeep\n|\n|t:|1699034533\n|switch|p2a: Toxtricity|Toxtricity, M, shiny|100\/100\n|turn|6\n|\n|t:|1699034538\n|switch|p1b: Veledmej|Comfey, F|100\/100\n|move|p2a: Toxtricity|Metronome|p2a: Toxtricity\n|move|p2a: Toxtricity|Hyper Voice|p1a: Etudelki|[from]move: Metronome|[spread] p1a,p1b\n|-damage|p1a: Etudelki|32\/100\n|-damage|p1b: Veledmej|62\/100\n|move|p1a: Etudelki|Liquidation|p2a: Toxtricity\n|-damage|p2a: Toxtricity|11\/100\n|move|p2b: Arboliva|Metronome|p2b: Arboliva\n|move|p2b: Arboliva|Pollen Puff|p1b: Veledmej|[from]move: Metronome\n|-resisted|p1b: Veledmej\n|-damage|p1b: Veledmej|44\/100\n|\n|-fieldend|Misty Terrain\n|upkeep\n|turn|7\n|\n|t:|1699034556\n|move|p1b: Veledmej|Floral Healing|p1a: Etudelki\n|-heal|p1a: Etudelki|82\/100\n|move|p1a: Etudelki|Aqua Jet|p2a: Toxtricity\n|-damage|p2a: Toxtricity|0 fnt\n|faint|p2a: Toxtricity\n|move|p2b: Arboliva|Metronome|p2b: Arboliva\n|move|p2b: Arboliva|Spark|p1a: Etudelki|[from]move: Metronome\n|-supereffective|p1a: Etudelki\n|-damage|p1a: Etudelki|59\/100\n|\n|upkeep\n|\n|t:|1699034567\n|switch|p2a: Azumarill|Azumarill, F, shiny|100\/100\n|turn|8\n|-message|multiingbe forfeited.\n|\n|win|CapitalistClay\n|raw|multiingbe's rating: 1061 &rarr; <strong>1039<\/strong><br \/>(-22 for losing)\n|raw|CapitalistClay's rating: 1010 &rarr; <strong>1054<\/strong><br \/>(+44 for winning)\n","uploadtime":1699034576,"views":7,"p1id":"multiingbe","p2id":"capitalistclay","formatid":"gen9nationaldexdoubles","rating":1039,"private":0,"password":""}