{"id":"gen9nationaldexdoubles-1989999143","p1":"Obsidrugon","p2":"Denvah_17","format":"[Gen 9] National Dex Doubles","log":"|j|\u2606Obsidrugon\n|j|\u2606Denvah_17\n|t:|1699913978\n|gametype|doubles\n|player|p1|Obsidrugon|erika-gen1|1187\n|player|p2|Denvah_17|alder|1356\n|teamsize|p1|6\n|teamsize|p2|6\n|gen|9\n|tier|[Gen 9] National Dex Doubles\n|rated|\n|rule|HP Percentage Mod: HP is shown in percentages\n|rule|Endless Battle Clause: Forcing endless battles is banned\n|rule|OHKO Clause: OHKO moves are banned\n|rule|Evasion Moves Clause: Evasion moves are banned\n|rule|Evasion Abilities Clause: Evasion abilities are banned\n|rule|Species Clause: Limit one of each Pok\u00e9mon\n|rule|Gravity Sleep Clause: The combination of sleep-inducing moves with imperfect accuracy and Gravity or Gigantamax Orbeetle are banned\n|clearpoke\n|poke|p1|Liepard, F|\n|poke|p1|Oricorio-Pom-Pom, M|\n|poke|p1|Espeon, F|\n|poke|p1|Iron Moth|\n|poke|p1|Indeedee, M|\n|poke|p1|Rabsca, F|\n|poke|p2|Porygon2|\n|poke|p2|Marowak-Alola, F|\n|poke|p2|Slowbro-Galar, M|\n|poke|p2|Parasect, F|\n|poke|p2|Rhyperior, M|\n|poke|p2|Zapdos|\n|teampreview\n|l|\u2606Denvah_17\n|player|p2|\n|inactive|Battle timer is ON: inactive players will automatically lose when time's up. (requested by Obsidrugon)\n|inactive|Obsidrugon has 120 seconds left.\n|inactive|Denvah_17 has 30 seconds to reconnect!\n|j|\u2606Denvah_17\n|inactive|Denvah_17 reconnected and has 120 seconds left.\n|player|p2|Denvah_17|alder\n|inactiveoff|Battle timer is now OFF.\n|inactive|Battle timer is ON: inactive players will automatically lose when time's up. (requested by Denvah_17)\n|inactiveoff|Battle timer is now OFF.\n|\n|t:|1699914059\n|start\n|switch|p1a: Oricorio|Oricorio-Pom-Pom, M, shiny|100\/100\n|switch|p1b: Iron Moth|Iron Moth, shiny|100\/100\n|switch|p2a: silph_sys.exe|Porygon2|100\/100\n|switch|p2b: Missingno|Parasect, F, shiny|100\/100\n|-ability|p2a: silph_sys.exe|Download|boost\n|-boost|p2a: silph_sys.exe|atk|1\n|-enditem|p1b: Iron Moth|Booster Energy\n|-activate|p1b: Iron Moth|ability: Quark Drive|[fromitem]\n|-start|p1b: Iron Moth|quarkdrivespe\n|turn|1\n|\n|t:|1699914090\n|-terastallize|p1a: Oricorio|Fighting\n|move|p1b: Iron Moth|Fiery Dance|p2a: silph_sys.exe\n|-damage|p2a: silph_sys.exe|79\/100\n|-boost|p1b: Iron Moth|spa|1\n|-activate|p1a: Oricorio|ability: Dancer\n|move|p1a: Oricorio|Fiery Dance|p2a: silph_sys.exe|[from]ability: Dancer\n|-damage|p2a: silph_sys.exe|65\/100\n|-boost|p1a: Oricorio|spa|1\n|move|p1a: Oricorio|Revelation Dance|p2a: silph_sys.exe\n|-supereffective|p2a: silph_sys.exe\n|-damage|p2a: silph_sys.exe|2\/100\n|move|p2b: Missingno|Spore|p1b: Iron Moth\n|-status|p1b: Iron Moth|slp|[from] move: Spore\n|move|p2a: silph_sys.exe|Trick Room|p2a: silph_sys.exe\n|-fieldstart|move: Trick Room|[of] p2a: silph_sys.exe\n|\n|upkeep\n|turn|2\n|\n|t:|1699914115\n|-end|p1b: Iron Moth|Quark Drive|[silent]\n|switch|p1b: Rabsca|Rabsca, F|100\/100\n|move|p1a: Oricorio|Protect|p1a: Oricorio\n|-singleturn|p1a: Oricorio|Protect\n|move|p2b: Missingno|Spore|p1a: Oricorio\n|-activate|p1a: Oricorio|move: Protect\n|move|p2a: silph_sys.exe|Recover|p2a: silph_sys.exe\n|-heal|p2a: silph_sys.exe|52\/100\n|\n|upkeep\n|turn|3\n|\n|t:|1699914139\n|-terastallize|p2a: silph_sys.exe|Ghost\n|move|p2b: Missingno|Spore|p1a: Oricorio\n|-status|p1a: Oricorio|slp|[from] move: Spore\n|move|p2a: silph_sys.exe|Recover|p2a: silph_sys.exe\n|-heal|p2a: silph_sys.exe|100\/100\n|cant|p1a: Oricorio|slp\n|move|p1b: Rabsca|Trick Room|p1b: Rabsca\n|-fieldend|move: Trick Room\n|\n|upkeep\n|turn|4\n|\n|t:|1699914180\n|cant|p1a: Oricorio|slp\n|move|p2b: Missingno|Swords Dance|p2b: Missingno\n|-boost|p2b: Missingno|atk|2\n|-activate|p1a: Oricorio|ability: Dancer\n|cant|p1a: Oricorio|slp\n|move|p1b: Rabsca|Trick Room|p1b: Rabsca\n|-fieldstart|move: Trick Room|[of] p1b: Rabsca\n|move|p2a: silph_sys.exe|Trick Room|p2a: silph_sys.exe\n|-fieldend|move: Trick Room\n|\n|upkeep\n|turn|5\n|c|\u2606Denvah_17|he really said \"not today fren\" \ud83d\udc80\n|\n|t:|1699914202\n|-curestatus|p1a: Oricorio|slp|[msg]\n|move|p1a: Oricorio|Protect|p1a: Oricorio\n|-singleturn|p1a: Oricorio|Protect\n|move|p2b: Missingno|Leech Life|p1b: Rabsca\n|-supereffective|p1b: Rabsca\n|-enditem|p1b: Rabsca|Focus Sash\n|-damage|p1b: Rabsca|1\/100\n|move|p1b: Rabsca|Trick Room|p1b: Rabsca\n|-fieldstart|move: Trick Room|[of] p1b: Rabsca\n|move|p2a: silph_sys.exe|Trick Room|p2a: silph_sys.exe\n|-fieldend|move: Trick Room\n|\n|upkeep\n|turn|6\n|\n|t:|1699914229\n|move|p1a: Oricorio|Air Slash|p2b: Missingno\n|-supereffective|p2b: Missingno\n|-enditem|p2b: Missingno|Focus Sash\n|-damage|p2b: Missingno|1\/100\n|move|p1b: Rabsca|Psychic|p2a: silph_sys.exe\n|-damage|p2a: silph_sys.exe|73\/100\n|move|p2b: Missingno|Leech Life|p1b: Rabsca\n|-supereffective|p1b: Rabsca\n|-damage|p1b: Rabsca|0 fnt\n|-heal|p2b: Missingno|1\/100|[from] drain|[of] p1b: Rabsca\n|faint|p1b: Rabsca\n|move|p2a: silph_sys.exe|Trick Room|p2a: silph_sys.exe\n|-fieldstart|move: Trick Room|[of] p2a: silph_sys.exe\n|\n|upkeep\n|\n|t:|1699914248\n|switch|p1b: Liepard|Liepard, F, shiny|100\/100\n|turn|7\n|\n|t:|1699914259\n|move|p2b: Missingno|Protect|p2b: Missingno\n|-singleturn|p2b: Missingno|Protect\n|move|p1b: Liepard|Copycat||[still]\n|-fail|p1b: Liepard\n|move|p2a: silph_sys.exe|Tri Attack|p1b: Liepard\n|-damage|p1b: Liepard|29\/100\n|move|p1a: Oricorio|Air Slash|p2b: Missingno\n|-activate|p2b: Missingno|move: Protect\n|\n|upkeep\n|turn|8\n|\n|t:|1699914274\n|move|p2b: Missingno|Spore|p1a: Oricorio\n|-status|p1a: Oricorio|slp|[from] move: Spore\n|move|p2a: silph_sys.exe|Tri Attack|p1b: Liepard\n|-damage|p1b: Liepard|0 fnt\n|faint|p1b: Liepard\n|cant|p1a: Oricorio|slp\n|\n|upkeep\n|\n|t:|1699914283\n|switch|p1b: Indeedee|Indeedee, M|100\/100\n|-fieldstart|move: Psychic Terrain|[from] ability: Psychic Surge|[of] p1b: Indeedee\n|turn|9\n|\n|t:|1699914293\n|cant|p1a: Oricorio|slp\n|move|p2b: Missingno|Leech Life|p1b: Indeedee\n|-supereffective|p1b: Indeedee\n|-damage|p1b: Indeedee|0 fnt\n|-heal|p2b: Missingno|51\/100|[from] drain|[of] p1b: Indeedee\n|faint|p1b: Indeedee\n|move|p2a: silph_sys.exe|Tri Attack|p1a: Oricorio\n|-damage|p1a: Oricorio|57\/100 slp\n|\n|upkeep\n|\n|t:|1699914304\n|switch|p1b: Iron Moth|Iron Moth, shiny|100\/100 slp\n|turn|10\n|\n|t:|1699914316\n|-curestatus|p1a: Oricorio|slp|[msg]\n|move|p1a: Oricorio|Protect|p1a: Oricorio\n|-singleturn|p1a: Oricorio|Protect\n|move|p2b: Missingno|Leech Life|p1a: Oricorio\n|-activate|p1a: Oricorio|move: Protect\n|move|p2a: silph_sys.exe|Tri Attack|p1b: Iron Moth\n|-damage|p1b: Iron Moth|68\/100 slp\n|cant|p1b: Iron Moth|slp\n|\n|-fieldend|move: Trick Room\n|upkeep\n|turn|11\n|\n|t:|1699914341\n|move|p2b: Missingno|Protect|p2b: Missingno\n|-singleturn|p2b: Missingno|Protect\n|cant|p1b: Iron Moth|slp\n|move|p1a: Oricorio|Air Slash|p2a: silph_sys.exe\n|-damage|p2a: silph_sys.exe|43\/100\n|move|p2a: silph_sys.exe|Tri Attack|p1b: Iron Moth\n|-damage|p1b: Iron Moth|38\/100 slp\n|\n|upkeep\n|turn|12\n|\n|t:|1699914363\n|cant|p1b: Iron Moth|slp\n|move|p1a: Oricorio|Air Slash|p2a: silph_sys.exe\n|-crit|p2a: silph_sys.exe\n|-damage|p2a: silph_sys.exe|3\/100\n|move|p2a: silph_sys.exe|Tri Attack|p1b: Iron Moth\n|-damage|p1b: Iron Moth|6\/100 slp\n|move|p2b: Missingno|Leech Life|p1b: Iron Moth\n|-resisted|p1b: Iron Moth\n|-crit|p1b: Iron Moth\n|-damage|p1b: Iron Moth|0 fnt\n|-heal|p2b: Missingno|55\/100|[from] drain|[of] p1b: Iron Moth\n|faint|p1b: Iron Moth\n|-end|p1b: Iron Moth|Quark Drive|[silent]\n|\n|upkeep\n|\n|t:|1699914373\n|switch|p1b: Espeon|Espeon, F|100\/100\n|turn|13\n|\n|t:|1699914386\n|move|p1b: Espeon|Expanding Force|p2b: Missingno|[spread] p2a,p2b\n|-damage|p2a: silph_sys.exe|0 fnt\n|-damage|p2b: Missingno|0 fnt\n|faint|p2a: silph_sys.exe\n|faint|p2b: Missingno\n|move|p1a: Oricorio|Quiver Dance|p1a: Oricorio\n|-boost|p1a: Oricorio|spa|1\n|-boost|p1a: Oricorio|spd|1\n|-boost|p1a: Oricorio|spe|1\n|\n|upkeep\n|\n|t:|1699914396\n|switch|p2a: Lavender Townie|Marowak-Alola, F, shiny|100\/100\n|switch|p2b: Amnesiac|Slowbro-Galar, M, shiny|100\/100\n|turn|14\n|\n|t:|1699914412\n|detailschange|p2b: Amnesiac|Slowbro-Mega, M, shiny\n|-mega|p2b: Amnesiac|Slowbro|Slowbronite\n|move|p1a: Oricorio|Revelation Dance|p2b: Amnesiac\n|-resisted|p2b: Amnesiac\n|-damage|p2b: Amnesiac|61\/100\n|move|p1b: Espeon|Shadow Ball|p2a: Lavender Townie\n|-supereffective|p2a: Lavender Townie\n|-damage|p2a: Lavender Townie|29\/100\n|move|p2a: Lavender Townie|Shadow Bone|p1b: Espeon\n|-supereffective|p1b: Espeon\n|-enditem|p1b: Espeon|Focus Sash\n|-damage|p1b: Espeon|1\/100\n|-unboost|p1b: Espeon|def|1\n|move|p2b: Amnesiac|Expanding Force|p1b: Espeon|[spread] p1a,p1b\n|-supereffective|p1a: Oricorio\n|-resisted|p1b: Espeon\n|-damage|p1a: Oricorio|0 fnt\n|-damage|p1b: Espeon|0 fnt\n|faint|p1a: Oricorio\n|faint|p1b: Espeon\n|\n|win|Denvah_17\n|raw|Obsidrugon's rating: 1187 &rarr; <strong>1173<\/strong><br \/>(-14 for losing)\n|raw|Denvah_17's rating: 1356 &rarr; <strong>1367<\/strong><br \/>(+11 for winning)\n|c|\u2606Obsidrugon|Cries\n|c|\u2606Obsidrugon|Gg\n|c|\u2606Denvah_17|gg\n|l|\u2606Obsidrugon\n","uploadtime":1699914447,"views":5,"p1id":"obsidrugon","p2id":"denvah17","formatid":"gen9nationaldexdoubles","rating":1173,"private":0,"password":""}