{"id":"gen9nationaldexdoubles-1986509988","p1":"Nakoto Ris","p2":"DazzlingBrilliance","format":"[Gen 9] National Dex Doubles","log":"|j|\u2606Nakoto Ris\n|j|\u2606DazzlingBrilliance\n|t:|1699486433\n|gametype|doubles\n|player|p1|Nakoto Ris|juliana-bb|1045\n|player|p2|DazzlingBrilliance|striker|1116\n|teamsize|p1|6\n|teamsize|p2|6\n|gen|9\n|tier|[Gen 9] National Dex Doubles\n|rated|\n|rule|HP Percentage Mod: HP is shown in percentages\n|rule|Endless Battle Clause: Forcing endless battles is banned\n|rule|OHKO Clause: OHKO moves are banned\n|rule|Evasion Moves Clause: Evasion moves are banned\n|rule|Evasion Abilities Clause: Evasion abilities are banned\n|rule|Species Clause: Limit one of each Pok\u00e9mon\n|rule|Gravity Sleep Clause: The combination of sleep-inducing moves with imperfect accuracy and Gravity or Gigantamax Orbeetle are banned\n|clearpoke\n|poke|p1|Oricorio-Pom-Pom, F|\n|poke|p1|Volcarona, F|\n|poke|p1|Quaquaval, M|\n|poke|p1|Rillaboom, M|\n|poke|p1|Kommo-o, M|\n|poke|p1|Tornadus, M|\n|poke|p2|Altaria, M|\n|poke|p2|Gengar, M|\n|poke|p2|Jirachi|\n|poke|p2|Eldegoss, M|\n|poke|p2|Arcanine, M|\n|poke|p2|Tentacruel, M|\n|teampreview\n|\n|t:|1699486452\n|start\n|switch|p1a: Magalenha|Oricorio-Pom-Pom, F, shiny|100\/100\n|switch|p1b: Zum Zum Zum|Volcarona, F, shiny|100\/100\n|switch|p2a: Arcanine|Arcanine, M, shiny|100\/100\n|switch|p2b: Pickle Tickle|Tentacruel, M, shiny|100\/100\n|-ability|p2a: Arcanine|Intimidate|boost\n|-unboost|p1a: Magalenha|atk|1\n|-unboost|p1b: Zum Zum Zum|atk|1\n|turn|1\n|l|\u2606DazzlingBrilliance\n|player|p2|\n|\n|t:|1699486511\n|move|p2a: Arcanine|Mud-Slap|p1b: Zum Zum Zum\n|-damage|p1b: Zum Zum Zum|96\/100\n|-unboost|p1b: Zum Zum Zum|accuracy|1\n|move|p1a: Magalenha|Substitute|p1a: Magalenha\n|-start|p1a: Magalenha|Substitute\n|-damage|p1a: Magalenha|76\/100\n|move|p1b: Zum Zum Zum|Quiver Dance|p1b: Zum Zum Zum\n|-boost|p1b: Zum Zum Zum|spa|1\n|-boost|p1b: Zum Zum Zum|spd|1\n|-boost|p1b: Zum Zum Zum|spe|1\n|-activate|p1a: Magalenha|ability: Dancer\n|move|p1a: Magalenha|Quiver Dance|p1a: Magalenha|[from]ability: Dancer\n|-boost|p1a: Magalenha|spa|1\n|-boost|p1a: Magalenha|spd|1\n|-boost|p1a: Magalenha|spe|1\n|move|p2b: Pickle Tickle|Acupressure|p2a: Arcanine\n|-boost|p2a: Arcanine|evasion|2\n|\n|-heal|p1a: Magalenha|82\/100|[from] item: Leftovers\n|upkeep\n|turn|2\n|inactive|Battle timer is ON: inactive players will automatically lose when time's up. (requested by Nakoto Ris)\n|j|\u2606DazzlingBrilliance\n|inactive|DazzlingBrilliance reconnected and has 135 seconds left.\n|player|p2|DazzlingBrilliance|striker\n|inactive|DazzlingBrilliance has 120 seconds left.\n|\n|t:|1699486561\n|switch|p2b: Eldegoss|Eldegoss, M, shiny|100\/100\n|move|p1a: Magalenha|Quiver Dance|p1a: Magalenha\n|-boost|p1a: Magalenha|spa|1\n|-boost|p1a: Magalenha|spd|1\n|-boost|p1a: Magalenha|spe|1\n|move|p1b: Zum Zum Zum|Quiver Dance|p1b: Zum Zum Zum\n|-boost|p1b: Zum Zum Zum|spa|1\n|-boost|p1b: Zum Zum Zum|spd|1\n|-boost|p1b: Zum Zum Zum|spe|1\n|-activate|p1a: Magalenha|ability: Dancer\n|move|p1a: Magalenha|Quiver Dance|p1a: Magalenha|[from]ability: Dancer\n|-boost|p1a: Magalenha|spa|1\n|-boost|p1a: Magalenha|spd|1\n|-boost|p1a: Magalenha|spe|1\n|move|p2a: Arcanine|Mud-Slap|p1b: Zum Zum Zum\n|-damage|p1b: Zum Zum Zum|93\/100\n|-unboost|p1b: Zum Zum Zum|accuracy|1\n|\n|-heal|p1a: Magalenha|88\/100|[from] item: Leftovers\n|upkeep\n|turn|3\n|inactive|Nakoto Ris has 120 seconds left.\n|inactive|DazzlingBrilliance has 120 seconds left.\n|\n|t:|1699486601\n|move|p1a: Magalenha|Revelation Dance|p2a: Arcanine|[miss]\n|-miss|p1a: Magalenha|p2a: Arcanine\n|move|p1b: Zum Zum Zum|Fiery Dance|p2b: Eldegoss|[miss]\n|-miss|p1b: Zum Zum Zum|p2b: Eldegoss\n|move|p2a: Arcanine|Mud-Slap|p1b: Zum Zum Zum\n|-damage|p1b: Zum Zum Zum|91\/100\n|-unboost|p1b: Zum Zum Zum|accuracy|1\n|move|p2b: Eldegoss|Leech Seed|p1b: Zum Zum Zum\n|-start|p1b: Zum Zum Zum|move: Leech Seed\n|\n|-heal|p1a: Magalenha|94\/100|[from] item: Leftovers\n|-damage|p1b: Zum Zum Zum|79\/100|[from] Leech Seed|[of] p2b: Eldegoss\n|upkeep\n|turn|4\n|inactive|DazzlingBrilliance has 120 seconds left.\n|\n|t:|1699486627\n|switch|p2b: Altaria|Altaria, M, shiny|100\/100\n|-ability|p2b: Altaria|Cloud Nine\n|move|p1a: Magalenha|Revelation Dance|p2a: Arcanine\n|-damage|p2a: Arcanine|0 fnt\n|faint|p2a: Arcanine\n|move|p1b: Zum Zum Zum|Fiery Dance|p2b: Altaria|[miss]\n|-miss|p1b: Zum Zum Zum|p2b: Altaria\n|\n|-heal|p1a: Magalenha|100\/100|[from] item: Leftovers\n|-damage|p1b: Zum Zum Zum|66\/100|[from] Leech Seed|[of] p2b: Altaria\n|upkeep\n|\n|t:|1699486641\n|switch|p2a: Bend Over|Gengar, M, shiny|100\/100\n|turn|5\n|inactive|DazzlingBrilliance has 120 seconds left.\n|\n|t:|1699486671\n|move|p1a: Magalenha|Revelation Dance|p2b: Altaria\n|-damage|p2b: Altaria|0 fnt\n|faint|p2b: Altaria\n|move|p1b: Zum Zum Zum|Quiver Dance|p1b: Zum Zum Zum\n|-boost|p1b: Zum Zum Zum|spa|1\n|-boost|p1b: Zum Zum Zum|spd|1\n|-boost|p1b: Zum Zum Zum|spe|1\n|-activate|p1a: Magalenha|ability: Dancer\n|move|p1a: Magalenha|Quiver Dance|p1a: Magalenha|[from]ability: Dancer\n|-boost|p1a: Magalenha|spa|1\n|-boost|p1a: Magalenha|spd|1\n|-boost|p1a: Magalenha|spe|1\n|move|p2a: Bend Over|Clear Smog|p1b: Zum Zum Zum\n|-damage|p1b: Zum Zum Zum|58\/100\n|-clearboost|p1b: Zum Zum Zum\n|\n|upkeep\n|\n|t:|1699486693\n|switch|p2b: Jirachi|Jirachi, shiny|100\/100\n|turn|6\n|\n|t:|1699486720\n|move|p1a: Magalenha|Revelation Dance|p2a: Bend Over\n|-damage|p2a: Bend Over|0 fnt\n|-start|p1a: Magalenha|Disable|Revelation Dance|[from] ability: Cursed Body|[of] p2a: Bend Over\n|faint|p2a: Bend Over\n|move|p2b: Jirachi|Ancient Power|p1b: Zum Zum Zum\n|-supereffective|p1b: Zum Zum Zum\n|-damage|p1b: Zum Zum Zum|0 fnt\n|faint|p1b: Zum Zum Zum\n|\n|upkeep\n|\n|t:|1699486732\n|switch|p2a: Pickle Tickle|Tentacruel, M, shiny|100\/100\n|switch|p1b: Khakkhara|Kommo-o, M, shiny|100\/100\n|turn|7\n|\n|t:|1699486744\n|move|p1a: Magalenha|Hurricane|p2a: Pickle Tickle|[miss]\n|-miss|p1a: Magalenha|p2a: Pickle Tickle\n|move|p2b: Jirachi|Cosmic Power|p2b: Jirachi\n|-boost|p2b: Jirachi|def|1\n|-boost|p2b: Jirachi|spd|1\n|move|p1b: Khakkhara|Clangorous Soul|p1b: Khakkhara\n|-boost|p1b: Khakkhara|atk|1\n|-boost|p1b: Khakkhara|def|1\n|-boost|p1b: Khakkhara|spa|1\n|-boost|p1b: Khakkhara|spd|1\n|-boost|p1b: Khakkhara|spe|1\n|-damage|p1b: Khakkhara|68\/100\n|-enditem|p1b: Khakkhara|Throat Spray\n|-boost|p1b: Khakkhara|spa|1|[from] item: Throat Spray\n|-activate|p1a: Magalenha|ability: Dancer\n|move|p1a: Magalenha|Clangorous Soul|p1a: Magalenha|[from]ability: Dancer\n|-boost|p1a: Magalenha|atk|1\n|-boost|p1a: Magalenha|def|1\n|-boost|p1a: Magalenha|spa|1\n|-boost|p1a: Magalenha|spd|1\n|-boost|p1a: Magalenha|spe|1\n|-damage|p1a: Magalenha|68\/100\n|move|p2a: Pickle Tickle|Acupressure|p2b: Jirachi\n|-boost|p2b: Jirachi|accuracy|2\n|\n|-heal|p1a: Magalenha|74\/100|[from] item: Leftovers\n|upkeep\n|turn|8\n|inactive|DazzlingBrilliance has 120 seconds left.\n|\n|t:|1699486786\n|move|p1a: Magalenha|Hurricane|p2b: Jirachi\n|-resisted|p2b: Jirachi\n|-damage|p2b: Jirachi|43\/100\n|move|p1b: Khakkhara|Clanging Scales|p2b: Jirachi|[spread] p2a,p2b\n|-resisted|p2b: Jirachi\n|-damage|p2a: Pickle Tickle|29\/100\n|-damage|p2b: Jirachi|20\/100\n|-unboost|p1b: Khakkhara|def|1\n|move|p2b: Jirachi|Ancient Power|p1a: Magalenha\n|-supereffective|p1a: Magalenha\n|-activate|p1a: Magalenha|move: Substitute|[damage]\n|-zpower|p2a: Pickle Tickle\n|move|p2a: Pickle Tickle|Z-Acupressure|p2a: Pickle Tickle|[anim]Acupressure\n|-start|p2a: Pickle Tickle|move: Focus Energy|[zeffect]\n|-boost|p2a: Pickle Tickle|spa|2\n|\n|-heal|p1a: Magalenha|80\/100|[from] item: Leftovers\n|-heal|p2b: Jirachi|26\/100|[from] item: Leftovers\n|upkeep\n|turn|9\n|inactive|DazzlingBrilliance has 120 seconds left.\n|inactive|Nakoto Ris has 120 seconds left.\n|inactive|DazzlingBrilliance has 90 seconds left.\n|\n|t:|1699486835\n|move|p1a: Magalenha|Hurricane|p2a: Pickle Tickle\n|-damage|p2a: Pickle Tickle|0 fnt\n|faint|p2a: Pickle Tickle\n|move|p1b: Khakkhara|Clangorous Soul|p1b: Khakkhara\n|-boost|p1b: Khakkhara|atk|1\n|-boost|p1b: Khakkhara|def|1\n|-boost|p1b: Khakkhara|spa|1\n|-boost|p1b: Khakkhara|spd|1\n|-boost|p1b: Khakkhara|spe|1\n|-damage|p1b: Khakkhara|35\/100\n|-activate|p1a: Magalenha|ability: Dancer\n|move|p1a: Magalenha|Clangorous Soul|p1a: Magalenha|[from]ability: Dancer\n|-boost|p1a: Magalenha|atk|1\n|-boost|p1a: Magalenha|def|1\n|-boost|p1a: Magalenha|spa|1\n|-boost|p1a: Magalenha|spd|1\n|-boost|p1a: Magalenha|spe|1\n|-damage|p1a: Magalenha|47\/100\n|move|p2b: Jirachi|Ancient Power|p1a: Magalenha\n|-supereffective|p1a: Magalenha\n|-end|p1a: Magalenha|Substitute\n|\n|-heal|p1a: Magalenha|53\/100|[from] item: Leftovers\n|-heal|p2b: Jirachi|32\/100|[from] item: Leftovers\n|-end|p1a: Magalenha|Disable\n|upkeep\n|inactive|DazzlingBrilliance has 90 seconds left.\n|\n|t:|1699486859\n|switch|p2a: Eldegoss|Eldegoss, M, shiny|100\/100\n|turn|10\n|inactive|DazzlingBrilliance has 90 seconds left.\n|\n|t:|1699486873\n|move|p1a: Magalenha|Substitute|p1a: Magalenha\n|-start|p1a: Magalenha|Substitute\n|-damage|p1a: Magalenha|28\/100\n|move|p1b: Khakkhara|Clanging Scales|p2b: Jirachi|[spread] p2a,p2b\n|-resisted|p2b: Jirachi\n|-damage|p2a: Eldegoss|9\/100\n|-damage|p2b: Jirachi|6\/100\n|-unboost|p1b: Khakkhara|def|1\n|move|p2b: Jirachi|Cosmic Power|p2b: Jirachi\n|-boost|p2b: Jirachi|def|1\n|-boost|p2b: Jirachi|spd|1\n|move|p2a: Eldegoss|Pollen Puff|p2b: Jirachi\n|-heal|p2b: Jirachi|56\/100\n|\n|-heal|p1a: Magalenha|35\/100|[from] item: Leftovers\n|-heal|p2b: Jirachi|62\/100|[from] item: Leftovers\n|-heal|p2a: Eldegoss|15\/100|[from] item: Leftovers\n|upkeep\n|turn|11\n|inactive|DazzlingBrilliance has 90 seconds left.\n|\n|t:|1699486923\n|move|p1a: Magalenha|Revelation Dance|p2b: Jirachi\n|-damage|p2b: Jirachi|0 fnt\n|faint|p2b: Jirachi\n|move|p1b: Khakkhara|Clanging Scales|p2a: Eldegoss\n|-damage|p2a: Eldegoss|0 fnt\n|faint|p2a: Eldegoss\n|\n|win|Nakoto Ris\n|raw|Nakoto Ris's rating: 1074 &rarr; <strong>1106<\/strong><br \/>(+32 for winning)\n|raw|DazzlingBrilliance's rating: 1116 &rarr; <strong>1088<\/strong><br \/>(-28 for losing)\n|l|\u2606DazzlingBrilliance\n","uploadtime":1699486960,"views":8,"p1id":"nakotoris","p2id":"dazzlingbrilliance","formatid":"gen9nationaldexdoubles","rating":1088,"private":0,"password":""}