{"id":"gen9nationaldexdoubles-1984933062","p1":"MarcusTalks","p2":"Chaos92031","format":"[Gen 9] National Dex Doubles","log":"|j|\u2606MarcusTalks\n|j|\u2606Chaos92031\n|t:|1699312194\n|gametype|doubles\n|player|p1|MarcusTalks|steven|\n|player|p2|Chaos92031|blue|\n|teamsize|p1|6\n|teamsize|p2|6\n|gen|9\n|tier|[Gen 9] National Dex Doubles\n|rule|HP Percentage Mod: HP is shown in percentages\n|rule|Endless Battle Clause: Forcing endless battles is banned\n|rule|OHKO Clause: OHKO moves are banned\n|rule|Evasion Moves Clause: Evasion moves are banned\n|rule|Evasion Abilities Clause: Evasion abilities are banned\n|rule|Species Clause: Limit one of each Pok\u00e9mon\n|rule|Gravity Sleep Clause: The combination of sleep-inducing moves with imperfect accuracy and Gravity or Gigantamax Orbeetle are banned\n|clearpoke\n|poke|p1|Sinistcha-Masterpiece|\n|poke|p1|Kommo-o, M|\n|poke|p1|Ninetales-Alola, F|\n|poke|p1|Arcanine-Hisui, M|\n|poke|p1|Sableye, M|\n|poke|p1|Iron Hands|\n|poke|p2|Porygon-Z|\n|poke|p2|Gourgeist-*, F|\n|poke|p2|Metagross|\n|poke|p2|Gastrodon, F|\n|poke|p2|Tapu Koko|\n|poke|p2|Incineroar, M|\n|teampreview\n|c|\u2606MarcusTalks|glhf\n|c|\u2606Chaos92031|same\n|\n|t:|1699312231\n|start\n|switch|p1a: Kommo-o|Kommo-o, M, shiny|100\/100\n|switch|p1b: Iron Hands|Iron Hands|100\/100\n|switch|p2a: Incineroar|Incineroar, M|100\/100\n|switch|p2b: Tapu Koko|Tapu Koko|100\/100\n|-fieldstart|move: Electric Terrain|[from] ability: Electric Surge|[of] p2b: Tapu Koko\n|-activate|p1b: Iron Hands|ability: Quark Drive\n|-start|p1b: Iron Hands|quarkdriveatk\n|-ability|p2a: Incineroar|Intimidate|boost\n|-unboost|p1a: Kommo-o|atk|1\n|-unboost|p1b: Iron Hands|atk|1\n|turn|1\n|inactive|Battle timer is ON: inactive players will automatically lose when time's up. (requested by Chaos92031)\n|inactive|MarcusTalks has 270 seconds left.\n|\n|t:|1699312265\n|switch|p1a: Arcanine|Arcanine-Hisui, M, shiny|100\/100\n|move|p2a: Incineroar|Fake Out|p1b: Iron Hands\n|-damage|p1b: Iron Hands|93\/100\n|cant|p1b: Iron Hands|flinch\n|move|p2b: Tapu Koko|Dazzling Gleam|p1b: Iron Hands|[spread] p1a,p1b\n|-resisted|p1a: Arcanine\n|-supereffective|p1b: Iron Hands\n|-damage|p1a: Arcanine|84\/100\n|-damage|p1b: Iron Hands|62\/100\n|\n|upkeep\n|turn|2\n|\n|t:|1699312283\n|switch|p2a: Gastrodon|Gastrodon, F|100\/100\n|move|p2b: Tapu Koko|Reflect|p2b: Tapu Koko\n|-sidestart|p2: Chaos92031|Reflect\n|-zpower|p1a: Arcanine\n|move|p1a: Arcanine|Continental Crush|p2b: Tapu Koko|[zeffect]\n|-damage|p2b: Tapu Koko|10\/100\n|move|p1b: Iron Hands|Volt Switch|p2a: Gastrodon\n|-immune|p2a: Gastrodon\n|\n|upkeep\n|turn|3\n|\n|t:|1699312306\n|switch|p1a: Sinistcha|Sinistcha-Masterpiece, shiny|100\/100\n|-heal|p1b: Iron Hands|87\/100|[from] ability: Hospitality|[of] p1a: Sinistcha\n|move|p2b: Tapu Koko|Light Screen|p2b: Tapu Koko\n|-sidestart|p2: Chaos92031|move: Light Screen\n|move|p1b: Iron Hands|Volt Switch|p2b: Tapu Koko\n|-resisted|p2b: Tapu Koko\n|-damage|p2b: Tapu Koko|2\/100\n|\n|t:|1699312314\n|-end|p1b: Iron Hands|Quark Drive|[silent]\n|switch|p1b: Sableye|Sableye, M, shiny|100\/100|[from] Volt Switch\n|move|p2a: Gastrodon|Earth Power|p1a: Sinistcha\n|-resisted|p1a: Sinistcha\n|-damage|p1a: Sinistcha|84\/100\n|\n|upkeep\n|turn|4\n|inactive|MarcusTalks has 270 seconds left.\n|\n|t:|1699312346\n|-terastallize|p2a: Gastrodon|Poison\n|move|p1a: Sinistcha|Rage Powder|p1a: Sinistcha\n|-singleturn|p1a: Sinistcha|move: Rage Powder\n|move|p1b: Sableye|Taunt|p2a: Gastrodon\n|-start|p2a: Gastrodon|move: Taunt\n|move|p2b: Tapu Koko|Dazzling Gleam|p1b: Sableye|[spread] p1a,p1b\n|-supereffective|p1b: Sableye\n|-damage|p1a: Sinistcha|57\/100\n|-damage|p1b: Sableye|13\/100\n|move|p2a: Gastrodon|Icy Wind|p1a: Sinistcha|[spread] p1a,p1b\n|-supereffective|p1a: Sinistcha\n|-damage|p1a: Sinistcha|38\/100\n|-damage|p1b: Sableye|0 fnt\n|-unboost|p1a: Sinistcha|spe|1\n|faint|p1b: Sableye\n|\n|upkeep\n|inactive|MarcusTalks has 270 seconds left.\n|\n|t:|1699312363\n|switch|p1b: Ninetales|Ninetales-Alola, F, shiny|100\/100\n|-weather|Snow|[from] ability: Snow Warning|[of] p1b: Ninetales\n|turn|5\n|inactive|MarcusTalks has 270 seconds left.\n|\n|t:|1699312380\n|switch|p1a: Iron Hands|Iron Hands|87\/100\n|-activate|p1a: Iron Hands|ability: Quark Drive\n|-start|p1a: Iron Hands|quarkdriveatk\n|move|p2b: Tapu Koko|Dazzling Gleam|p1b: Ninetales|[spread] p1a,p1b\n|-supereffective|p1a: Iron Hands\n|-damage|p1a: Iron Hands|57\/100\n|-damage|p1b: Ninetales|69\/100\n|move|p1b: Ninetales|Aurora Veil|p1b: Ninetales\n|-sidestart|p1: MarcusTalks|move: Aurora Veil\n|move|p2a: Gastrodon|Icy Wind|p1a: Iron Hands|[spread] p1a,p1b\n|-resisted|p1b: Ninetales\n|-damage|p1a: Iron Hands|54\/100\n|-damage|p1b: Ninetales|66\/100\n|-unboost|p1a: Iron Hands|spe|1\n|-unboost|p1b: Ninetales|spe|1\n|\n|-weather|Snow|[upkeep]\n|-fieldend|move: Electric Terrain\n|-end|p1a: Iron Hands|Quark Drive\n|upkeep\n|turn|6\n|\n|t:|1699312400\n|move|p1a: Iron Hands|Fake Out|p2b: Tapu Koko\n|-damage|p2b: Tapu Koko|0 fnt\n|faint|p2b: Tapu Koko\n|move|p1b: Ninetales|Blizzard|p2a: Gastrodon\n|-damage|p2a: Gastrodon|74\/100\n|move|p2a: Gastrodon|Earth Power|p1a: Iron Hands\n|-supereffective|p1a: Iron Hands\n|-damage|p1a: Iron Hands|29\/100\n|\n|-weather|Snow|[upkeep]\n|-heal|p2a: Gastrodon|80\/100|[from] item: Leftovers\n|-end|p2a: Gastrodon|move: Taunt\n|upkeep\n|\n|t:|1699312405\n|switch|p2b: Incineroar|Incineroar, M|100\/100\n|-ability|p2b: Incineroar|Intimidate|boost\n|-unboost|p1a: Iron Hands|atk|1\n|-unboost|p1b: Ninetales|atk|1\n|turn|7\n|\n|t:|1699312423\n|move|p1b: Ninetales|Protect|p1b: Ninetales\n|-singleturn|p1b: Ninetales|Protect\n|move|p2b: Incineroar|Flare Blitz|p1b: Ninetales\n|-activate|p1b: Ninetales|move: Protect\n|move|p2a: Gastrodon|Earth Power|p1a: Iron Hands\n|-supereffective|p1a: Iron Hands\n|-damage|p1a: Iron Hands|6\/100\n|move|p1a: Iron Hands|Drain Punch|p2b: Incineroar\n|-supereffective|p2b: Incineroar\n|-damage|p2b: Incineroar|67\/100\n|-heal|p1a: Iron Hands|19\/100|[from] drain|[of] p2b: Incineroar\n|\n|-weather|Snow|[upkeep]\n|-heal|p2a: Gastrodon|86\/100|[from] item: Leftovers\n|upkeep\n|turn|8\n|\n|t:|1699312450\n|switch|p1b: Arcanine|Arcanine-Hisui, M, shiny|84\/100\n|-end|p1a: Iron Hands|Quark Drive|[silent]\n|switch|p1a: Sinistcha|Sinistcha-Masterpiece, shiny|38\/100\n|-heal|p1b: Arcanine|100\/100|[from] ability: Hospitality|[of] p1a: Sinistcha\n|move|p2b: Incineroar|Flare Blitz|p1b: Arcanine\n|-resisted|p1b: Arcanine\n|-damage|p1b: Arcanine|89\/100\n|-damage|p2b: Incineroar|64\/100|[from] Recoil\n|move|p2a: Gastrodon|Earth Power|p1a: Sinistcha\n|-resisted|p1a: Sinistcha\n|-damage|p1a: Sinistcha|29\/100\n|\n|-weather|Snow|[upkeep]\n|-heal|p2a: Gastrodon|92\/100|[from] item: Leftovers\n|upkeep\n|turn|9\n|inactive|MarcusTalks has 270 seconds left.\n|\n|t:|1699312497\n|move|p1b: Arcanine|Head Smash|p2a: Gastrodon|[miss]\n|-miss|p1b: Arcanine|p2a: Gastrodon\n|move|p1a: Sinistcha|Strength Sap|p2b: Incineroar\n|-unboost|p2b: Incineroar|atk|1\n|-heal|p1a: Sinistcha|100\/100\n|move|p2b: Incineroar|Flare Blitz|p1a: Sinistcha\n|-supereffective|p1a: Sinistcha\n|-damage|p1a: Sinistcha|62\/100\n|-status|p1a: Sinistcha|brn\n|-damage|p2b: Incineroar|47\/100|[from] item: Rocky Helmet|[of] p1a: Sinistcha\n|-damage|p2b: Incineroar|36\/100|[from] Recoil\n|move|p2a: Gastrodon|Earth Power|p1b: Arcanine\n|-supereffective|p1b: Arcanine\n|-crit|p1b: Arcanine\n|-damage|p1b: Arcanine|0 fnt\n|faint|p1b: Arcanine\n|\n|-weather|none\n|-heal|p2a: Gastrodon|98\/100|[from] item: Leftovers\n|-damage|p1a: Sinistcha|56\/100 brn|[from] brn\n|-sideend|p2: Chaos92031|Reflect\n|upkeep\n|inactive|MarcusTalks has 240 seconds left.\n|\n|t:|1699312518\n|switch|p1b: Kommo-o|Kommo-o, M, shiny|100\/100\n|turn|10\n|\n|t:|1699312529\n|switch|p1a: Ninetales|Ninetales-Alola, F, shiny|66\/100\n|-weather|Snow|[from] ability: Snow Warning|[of] p1a: Ninetales\n|move|p1b: Kommo-o|Clangorous Soul|p1b: Kommo-o\n|-boost|p1b: Kommo-o|atk|1\n|-boost|p1b: Kommo-o|def|1\n|-boost|p1b: Kommo-o|spa|1\n|-boost|p1b: Kommo-o|spd|1\n|-boost|p1b: Kommo-o|spe|1\n|-damage|p1b: Kommo-o|68\/100\n|-enditem|p1b: Kommo-o|Throat Spray\n|-boost|p1b: Kommo-o|spa|1|[from] item: Throat Spray\n|move|p2b: Incineroar|U-turn|p1a: Ninetales\n|-resisted|p1a: Ninetales\n|-damage|p1a: Ninetales|61\/100\n|\n|t:|1699312537\n|switch|p2b: Metagross|Metagross|100\/100|[from] U-turn\n|move|p2a: Gastrodon|Clear Smog|p1b: Kommo-o\n|-damage|p1b: Kommo-o|57\/100\n|-clearboost|p1b: Kommo-o\n|\n|-weather|Snow|[upkeep]\n|-heal|p2a: Gastrodon|100\/100|[from] item: Leftovers\n|-sideend|p2: Chaos92031|move: Light Screen\n|upkeep\n|turn|11\n|j| MikazukiRex_\n|c|\u2606MarcusTalks|gg\n|inactive|MarcusTalks has 270 seconds left.\n|c|\u2606Chaos92031|lol\n|c|\u2606Chaos92031|game aint over yet\n|c|\u2606MarcusTalks|it literally is\n|c| MikazukiRex_|What\u2019s the win\/loss ?\n|inactive|MarcusTalks has 240 seconds left.\n|c|\u2606MarcusTalks|2-0\n|c|\u2606Chaos92031|im up by 1\n|\n|t:|1699312602\n|switch|p1a: Sinistcha|Sinistcha-Masterpiece, shiny|56\/100 brn\n|-heal|p1b: Kommo-o|82\/100|[from] ability: Hospitality|[of] p1a: Sinistcha\n|detailschange|p2b: Metagross|Metagross-Mega\n|-mega|p2b: Metagross|Metagross|Metagrossite\n|-terastallize|p1b: Kommo-o|Steel\n|move|p2b: Metagross|Zen Headbutt|p1b: Kommo-o\n|-resisted|p1b: Kommo-o\n|-damage|p1b: Kommo-o|64\/100\n|cant|p1b: Kommo-o|flinch\n|move|p2a: Gastrodon|Clear Smog|p1b: Kommo-o\n|-immune|p1b: Kommo-o\n|\n|-weather|Snow|[upkeep]\n|-damage|p1a: Sinistcha|50\/100 brn|[from] brn\n|upkeep\n|turn|12\n|inactive|MarcusTalks has 240 seconds left.\n|\n|t:|1699312629\n|move|p2b: Metagross|Stomping Tantrum|p1b: Kommo-o\n|-supereffective|p1b: Kommo-o\n|-damage|p1b: Kommo-o|15\/100\n|move|p1b: Kommo-o|Aura Sphere|p2b: Metagross\n|-damage|p2b: Metagross|61\/100\n|move|p1a: Sinistcha|Matcha Gotcha|p2a: Gastrodon|[spread] p2a,p2b\n|-resisted|p2a: Gastrodon\n|-resisted|p2b: Metagross\n|-damage|p2a: Gastrodon|89\/100\n|-heal|p1a: Sinistcha|57\/100 brn|[from] drain|[of] p2a: Gastrodon\n|-damage|p2b: Metagross|49\/100\n|-heal|p1a: Sinistcha|62\/100 brn|[from] drain|[of] p2b: Metagross\n|move|p2a: Gastrodon|Earth Power|p1b: Kommo-o\n|-supereffective|p1b: Kommo-o\n|-damage|p1b: Kommo-o|0 fnt\n|faint|p1b: Kommo-o\n|\n|-weather|Snow|[upkeep]\n|-heal|p2a: Gastrodon|95\/100|[from] item: Leftovers\n|-damage|p1a: Sinistcha|56\/100 brn|[from] brn\n|-sideend|p1: MarcusTalks|move: Aurora Veil\n|upkeep\n|\n|t:|1699312647\n|switch|p1b: Iron Hands|Iron Hands|19\/100\n|turn|13\n|inactive|MarcusTalks has 240 seconds left.\n|\n|t:|1699312658\n|move|p1b: Iron Hands|Fake Out|p2b: Metagross\n|-resisted|p2b: Metagross\n|-damage|p2b: Metagross|43\/100\n|cant|p2b: Metagross|flinch\n|move|p1a: Sinistcha|Hex|p2b: Metagross\n|-supereffective|p2b: Metagross\n|-damage|p2b: Metagross|0 fnt\n|faint|p2b: Metagross\n|move|p2a: Gastrodon|Earth Power|p1b: Iron Hands\n|-supereffective|p1b: Iron Hands\n|-damage|p1b: Iron Hands|0 fnt\n|faint|p1b: Iron Hands\n|-end|p1b: Iron Hands|Quark Drive|[silent]\n|\n|-weather|Snow|[upkeep]\n|-heal|p2a: Gastrodon|100\/100|[from] item: Leftovers\n|-damage|p1a: Sinistcha|50\/100 brn|[from] brn\n|upkeep\n|\n|t:|1699312676\n|switch|p2b: Incineroar|Incineroar, M|36\/100\n|switch|p1b: Ninetales|Ninetales-Alola, F, shiny|61\/100\n|-ability|p2b: Incineroar|Intimidate|boost\n|-unboost|p1a: Sinistcha|atk|1\n|-unboost|p1b: Ninetales|atk|1\n|turn|14\n|inactive|MarcusTalks has 270 seconds left.\n|\n|t:|1699312689\n|move|p1b: Ninetales|Aurora Veil|p1b: Ninetales\n|-sidestart|p1: MarcusTalks|move: Aurora Veil\n|move|p1a: Sinistcha|Strength Sap|p2b: Incineroar\n|-unboost|p2b: Incineroar|atk|1\n|-heal|p1a: Sinistcha|100\/100 brn\n|move|p2b: Incineroar|Snarl|p1a: Sinistcha|[spread] p1a,p1b\n|-supereffective|p1a: Sinistcha\n|-resisted|p1b: Ninetales\n|-damage|p1a: Sinistcha|87\/100 brn\n|-damage|p1b: Ninetales|57\/100\n|-unboost|p1a: Sinistcha|spa|1\n|-unboost|p1b: Ninetales|spa|1\n|move|p2a: Gastrodon|Icy Wind|p1a: Sinistcha|[spread] p1a,p1b\n|-supereffective|p1a: Sinistcha\n|-resisted|p1b: Ninetales\n|-damage|p1a: Sinistcha|75\/100 brn\n|-damage|p1b: Ninetales|53\/100\n|-unboost|p1a: Sinistcha|spe|1\n|-unboost|p1b: Ninetales|spe|1\n|\n|-weather|none\n|-damage|p1a: Sinistcha|69\/100 brn|[from] brn\n|upkeep\n|turn|15\n|inactive|MarcusTalks has 270 seconds left.\n|\n|t:|1699312724\n|move|p1b: Ninetales|Blizzard|p2b: Incineroar|[spread] p2a\n|-miss|p1b: Ninetales|p2b: Incineroar\n|-damage|p2a: Gastrodon|79\/100\n|move|p2b: Incineroar|Snarl|p1a: Sinistcha|[spread] p1a,p1b\n|-supereffective|p1a: Sinistcha\n|-resisted|p1b: Ninetales\n|-damage|p1a: Sinistcha|55\/100 brn\n|-damage|p1b: Ninetales|49\/100\n|-unboost|p1a: Sinistcha|spa|1\n|-unboost|p1b: Ninetales|spa|1\n|move|p1a: Sinistcha|Matcha Gotcha|p2a: Gastrodon|[spread] p2a,p2b\n|-resisted|p2a: Gastrodon\n|-resisted|p2b: Incineroar\n|-damage|p2a: Gastrodon|74\/100\n|-heal|p1a: Sinistcha|58\/100 brn|[from] drain|[of] p2a: Gastrodon\n|-damage|p2b: Incineroar|32\/100\n|-heal|p1a: Sinistcha|60\/100 brn|[from] drain|[of] p2b: Incineroar\n|-status|p2a: Gastrodon|brn\n|move|p2a: Gastrodon|Icy Wind|p1a: Sinistcha|[spread] p1a,p1b\n|-supereffective|p1a: Sinistcha\n|-resisted|p1b: Ninetales\n|-damage|p1a: Sinistcha|48\/100 brn\n|-damage|p1b: Ninetales|45\/100\n|-unboost|p1a: Sinistcha|spe|1\n|-unboost|p1b: Ninetales|spe|1\n|\n|-heal|p2a: Gastrodon|80\/100 brn|[from] item: Leftovers\n|-damage|p2a: Gastrodon|74\/100 brn|[from] brn\n|-damage|p1a: Sinistcha|42\/100 brn|[from] brn\n|upkeep\n|turn|16\n|inactive|MarcusTalks has 270 seconds left.\n|\n|t:|1699312749\n|move|p1b: Ninetales|Dazzling Gleam|p2a: Gastrodon|[spread] p2a,p2b\n|-resisted|p2a: Gastrodon\n|-crit|p2b: Incineroar\n|-damage|p2a: Gastrodon|68\/100 brn\n|-damage|p2b: Incineroar|10\/100\n|move|p2b: Incineroar|Snarl|p1a: Sinistcha|[spread] p1a,p1b\n|-supereffective|p1a: Sinistcha\n|-resisted|p1b: Ninetales\n|-damage|p1a: Sinistcha|29\/100 brn\n|-damage|p1b: Ninetales|41\/100\n|-unboost|p1a: Sinistcha|spa|1\n|-unboost|p1b: Ninetales|spa|1\n|move|p2a: Gastrodon|Icy Wind|p1a: Sinistcha|[spread] p1a\n|-miss|p2a: Gastrodon|p1b: Ninetales\n|-supereffective|p1a: Sinistcha\n|-damage|p1a: Sinistcha|17\/100 brn\n|-unboost|p1a: Sinistcha|spe|1\n|move|p1a: Sinistcha|Strength Sap|p2b: Incineroar\n|-unboost|p2b: Incineroar|atk|1\n|-heal|p1a: Sinistcha|81\/100 brn\n|\n|-heal|p2a: Gastrodon|74\/100 brn|[from] item: Leftovers\n|-damage|p2a: Gastrodon|68\/100 brn|[from] brn\n|-damage|p1a: Sinistcha|75\/100 brn|[from] brn\n|upkeep\n|turn|17\n|c|\u2606MarcusTalks|hmmmm wonder if I can come back\n|inactive|MarcusTalks has 270 seconds left.\n|\n|t:|1699312782\n|move|p1b: Ninetales|Dazzling Gleam|p2b: Incineroar|[spread] p2a,p2b\n|-resisted|p2a: Gastrodon\n|-damage|p2a: Gastrodon|64\/100 brn\n|-damage|p2b: Incineroar|5\/100\n|move|p2b: Incineroar|Snarl|p1a: Sinistcha|[spread] p1a,p1b\n|-supereffective|p1a: Sinistcha\n|-resisted|p1b: Ninetales\n|-damage|p1a: Sinistcha|60\/100 brn\n|-damage|p1b: Ninetales|37\/100\n|-unboost|p1a: Sinistcha|spa|1\n|-unboost|p1b: Ninetales|spa|1\n|move|p2a: Gastrodon|Icy Wind|p1a: Sinistcha|[spread] p1a,p1b\n|-supereffective|p1a: Sinistcha\n|-resisted|p1b: Ninetales\n|-damage|p1a: Sinistcha|47\/100 brn\n|-damage|p1b: Ninetales|34\/100\n|-unboost|p1a: Sinistcha|spe|1\n|-unboost|p1b: Ninetales|spe|1\n|move|p1a: Sinistcha|Hex|p2a: Gastrodon\n|-damage|p2a: Gastrodon|47\/100 brn\n|\n|-heal|p2a: Gastrodon|53\/100 brn|[from] item: Leftovers\n|-damage|p2a: Gastrodon|47\/100 brn|[from] brn\n|-damage|p1a: Sinistcha|41\/100 brn|[from] brn\n|upkeep\n|turn|18\n|inactive|MarcusTalks has 270 seconds left.\n|\n|t:|1699312808\n|switch|p2b: Gourgeist|Gourgeist-Small, F|100\/100\n|-item|p1a: Sinistcha|Rocky Helmet|[from] ability: Frisk|[of] p2b: Gourgeist|[identify]\n|-item|p1b: Ninetales|Light Clay|[from] ability: Frisk|[of] p2b: Gourgeist|[identify]\n|switch|p2a: Porygon-Z|Porygon-Z|100\/100\n|move|p1b: Ninetales|Dazzling Gleam|p2b: Gourgeist|[spread] p2a,p2b\n|-damage|p2a: Porygon-Z|91\/100\n|-damage|p2b: Gourgeist|90\/100\n|move|p1a: Sinistcha|Strength Sap|p2b: Gourgeist\n|-unboost|p2b: Gourgeist|atk|1\n|-heal|p1a: Sinistcha|99\/100 brn\n|\n|-damage|p1a: Sinistcha|94\/100 brn|[from] brn\n|upkeep\n|turn|19\n|\n|t:|1699312827\n|-zpower|p2b: Gourgeist\n|move|p2b: Gourgeist|Z-Trick-or-Treat|p2a: Porygon-Z|[anim]Trick-or-Treat\n|-boost|p2b: Gourgeist|atk|1|[zeffect]\n|-boost|p2b: Gourgeist|def|1|[zeffect]\n|-boost|p2b: Gourgeist|spa|1|[zeffect]\n|-boost|p2b: Gourgeist|spd|1|[zeffect]\n|-boost|p2b: Gourgeist|spe|1|[zeffect]\n|-start|p2a: Porygon-Z|typeadd|Ghost|[from] move: Trick-or-Treat\n|move|p2a: Porygon-Z|Psych Up|p2b: Gourgeist\n|-copyboost|p2a: Porygon-Z|p2b: Gourgeist|[from] move: Psych Up\n|move|p1b: Ninetales|Blizzard|p2a: Porygon-Z|[spread] p2a\n|-miss|p1b: Ninetales|p2b: Gourgeist\n|-damage|p2a: Porygon-Z|81\/100\n|move|p1a: Sinistcha|Hex|p2b: Gourgeist\n|-supereffective|p2b: Gourgeist\n|-damage|p2b: Gourgeist|74\/100\n|\n|-damage|p1a: Sinistcha|88\/100 brn|[from] brn\n|upkeep\n|turn|20\n|\n|t:|1699312853\n|move|p2b: Gourgeist|Seed Bomb|p1b: Ninetales\n|-damage|p1b: Ninetales|8\/100\n|move|p2a: Porygon-Z|Shadow Ball|p1a: Sinistcha\n|-supereffective|p1a: Sinistcha\n|-damage|p1a: Sinistcha|0 fnt\n|faint|p1a: Sinistcha\n|-damage|p2a: Porygon-Z|71\/100|[from] item: Life Orb\n|move|p1b: Ninetales|Blizzard|p2b: Gourgeist|[spread] p2b\n|-miss|p1b: Ninetales|p2a: Porygon-Z\n|-supereffective|p2b: Gourgeist\n|-damage|p2b: Gourgeist|56\/100\n|\n|upkeep\n|turn|21\n|\n|t:|1699312865\n|move|p1b: Ninetales|Protect|p1b: Ninetales\n|-singleturn|p1b: Ninetales|Protect\n|move|p2b: Gourgeist|Seed Bomb|p1b: Ninetales\n|-activate|p1b: Ninetales|move: Protect\n|move|p2a: Porygon-Z|Tri Attack|p1b: Ninetales\n|-activate|p1b: Ninetales|move: Protect\n|\n|-sideend|p1: MarcusTalks|move: Aurora Veil\n|upkeep\n|turn|22\n|c| MikazukiRex_|Wtf was that combo chaos\n|\n|t:|1699312875\n|move|p2b: Gourgeist|Seed Bomb|p1b: Ninetales\n|-damage|p1b: Ninetales|0 fnt\n|faint|p1b: Ninetales\n|\n|win|Chaos92031\n","uploadtime":1699312883,"views":11,"p1id":"marcustalks","p2id":"chaos92031","formatid":"gen9nationaldexdoubles","rating":0,"private":0,"password":""}