{"id":"gen9nationaldexdoubles-1993718550","p1":"Brrunettesfiction","p2":"Edelgard1162","format":"[Gen 9] National Dex Doubles","log":"|j|\u2606Brrunettesfiction\n|j|\u2606Edelgard1162\n|t:|1700349111\n|gametype|doubles\n|player|p1|Brrunettesfiction|bellelba|1251\n|player|p2|Edelgard1162|rika|1335\n|teamsize|p1|6\n|teamsize|p2|6\n|gen|9\n|tier|[Gen 9] National Dex Doubles\n|rated|\n|rule|HP Percentage Mod: HP is shown in percentages\n|rule|Endless Battle Clause: Forcing endless battles is banned\n|rule|OHKO Clause: OHKO moves are banned\n|rule|Evasion Moves Clause: Evasion moves are banned\n|rule|Evasion Abilities Clause: Evasion abilities are banned\n|rule|Species Clause: Limit one of each Pok\u00e9mon\n|rule|Gravity Sleep Clause: The combination of sleep-inducing moves with imperfect accuracy and Gravity or Gigantamax Orbeetle are banned\n|clearpoke\n|poke|p1|Hatterene, F|\n|poke|p1|Meloetta|\n|poke|p1|Indeedee-F, F|\n|poke|p1|Slowbro, F|\n|poke|p1|Espeon, F|\n|poke|p1|Gardevoir, M|\n|poke|p2|Togedemaru, L1, F|\n|poke|p2|Liepard, M|\n|poke|p2|Rillaboom, F|\n|poke|p2|Tyranitar, F|\n|poke|p2|Diancie|\n|poke|p2|Gastrodon, M|\n|teampreview\n|inactive|Battle timer is ON: inactive players will automatically lose when time's up. (requested by Edelgard1162)\n|\n|t:|1700349120\n|start\n|switch|p1a: Hatterene|Hatterene, F, shiny|100\/100\n|switch|p1b: Indeedee|Indeedee-F, F, shiny|100\/100\n|switch|p2a: Rillaboom|Rillaboom, F|100\/100\n|switch|p2b: Togedemaru|Togedemaru, L1, F|100\/100\n|-fieldstart|move: Psychic Terrain|[from] ability: Psychic Surge|[of] p1b: Indeedee\n|-fieldstart|move: Grassy Terrain|[from] ability: Grassy Surge|[of] p2a: Rillaboom\n|turn|1\n|\n|t:|1700349147\n|switch|p1b: Espeon|Espeon, F, shiny|100\/100\n|switch|p1a: Mele|Meloetta|100\/100\n|move|p2a: Rillaboom|Fake Out|p1b: Espeon\n|-damage|p1b: Espeon|79\/100\n|move|p2b: Togedemaru|Endeavor|p1b: Espeon\n|-damage|p1b: Espeon|4\/100\n|\n|-heal|p1b: Espeon|10\/100|[from] Grassy Terrain\n|upkeep\n|turn|2\n|\n|t:|1700349163\n|switch|p2b: Tyranitar|Tyranitar, F|100\/100\n|-weather|Sandstorm|[from] ability: Sand Stream|[of] p2b: Tyranitar\n|move|p1b: Espeon|Dazzling Gleam|p2a: Rillaboom|[spread] p2a,p2b\n|-supereffective|p2b: Tyranitar\n|-damage|p2a: Rillaboom|75\/100\n|-damage|p2b: Tyranitar|75\/100\n|move|p1a: Mele|Dazzling Gleam|p2b: Tyranitar|[spread] p2a,p2b\n|-supereffective|p2b: Tyranitar\n|-damage|p2a: Rillaboom|52\/100\n|-damage|p2b: Tyranitar|50\/100\n|move|p2a: Rillaboom|U-turn|p1b: Espeon\n|-supereffective|p1b: Espeon\n|-damage|p1b: Espeon|0 fnt\n|faint|p1b: Espeon\n|\n|t:|1700349175\n|switch|p2a: Diancie|Diancie|100\/100|[from] U-turn\n|\n|-weather|Sandstorm|[upkeep]\n|-damage|p1a: Mele|94\/100|[from] Sandstorm\n|-heal|p1a: Mele|100\/100|[from] Grassy Terrain\n|-heal|p2b: Tyranitar|56\/100|[from] Grassy Terrain\n|-heal|p2b: Tyranitar|62\/100|[from] item: Leftovers\n|upkeep\n|\n|t:|1700349187\n|switch|p1b: Indeedee|Indeedee-F, F, shiny|100\/100\n|-fieldstart|move: Psychic Terrain|[from] ability: Psychic Surge|[of] p1b: Indeedee\n|turn|3\n|\n|t:|1700349196\n|detailschange|p2a: Diancie|Diancie-Mega\n|-mega|p2a: Diancie|Diancie|Diancite\n|move|p2a: Diancie|Diamond Storm|p1a: Mele|[spread] p1a,p1b\n|-damage|p1a: Mele|66\/100\n|-damage|p1b: Indeedee|59\/100\n|-boost|p2a: Diancie|def|2\n|move|p1a: Mele|Dazzling Gleam|p2b: Tyranitar|[spread] p2a,p2b\n|-supereffective|p2b: Tyranitar\n|-damage|p2a: Diancie|87\/100\n|-damage|p2b: Tyranitar|39\/100\n|move|p1b: Indeedee|Dazzling Gleam|p2b: Tyranitar|[spread] p2a,p2b\n|-supereffective|p2b: Tyranitar\n|-damage|p2a: Diancie|77\/100\n|-damage|p2b: Tyranitar|25\/100\n|move|p2b: Tyranitar|Knock Off|p1b: Indeedee\n|-supereffective|p1b: Indeedee\n|-damage|p1b: Indeedee|0 fnt\n|-enditem|p1b: Indeedee|Terrain Extender|[from] move: Knock Off|[of] p2b: Tyranitar\n|faint|p1b: Indeedee\n|\n|-weather|Sandstorm|[upkeep]\n|-damage|p1a: Mele|59\/100|[from] Sandstorm\n|-heal|p2b: Tyranitar|32\/100|[from] item: Leftovers\n|upkeep\n|\n|t:|1700349215\n|switch|p1b: Hatterene|Hatterene, F, shiny|100\/100\n|turn|4\n|\n|t:|1700349221\n|move|p2a: Diancie|Diamond Storm|p1a: Mele|[spread] p1a,p1b\n|-damage|p1a: Mele|21\/100\n|-damage|p1b: Hatterene|63\/100\n|move|p1a: Mele|Dazzling Gleam|p2b: Tyranitar|[spread] p2a,p2b\n|-supereffective|p2b: Tyranitar\n|-damage|p2a: Diancie|62\/100\n|-damage|p2b: Tyranitar|6\/100\n|move|p2b: Tyranitar|Knock Off|p1a: Mele\n|-supereffective|p1a: Mele\n|-damage|p1a: Mele|0 fnt\n|-enditem|p1a: Mele|Focus Sash|[from] move: Knock Off|[of] p2b: Tyranitar\n|faint|p1a: Mele\n|move|p1b: Hatterene|Trick Room|p1b: Hatterene\n|-fieldstart|move: Trick Room|[of] p1b: Hatterene\n|\n|-weather|Sandstorm|[upkeep]\n|-damage|p1b: Hatterene|57\/100|[from] Sandstorm\n|-heal|p1b: Hatterene|63\/100|[from] item: Leftovers\n|-heal|p2b: Tyranitar|12\/100|[from] item: Leftovers\n|upkeep\n|\n|t:|1700349238\n|switch|p1a: Slowbro|Slowbro, F, shiny|100\/100\n|turn|5\n|\n|t:|1700349252\n|move|p2b: Tyranitar|Protect|p2b: Tyranitar\n|-singleturn|p2b: Tyranitar|Protect\n|move|p1b: Hatterene|Dazzling Gleam|p2a: Diancie|[spread] p2a\n|-activate|p2b: Tyranitar|move: Protect\n|-damage|p2a: Diancie|39\/100\n|move|p1a: Slowbro|Expanding Force|p2b: Tyranitar|[spread] p2a\n|-activate|p2b: Tyranitar|move: Protect\n|-damage|p2a: Diancie|4\/100\n|move|p2a: Diancie|Diamond Storm|p1a: Slowbro|[spread] p1a,p1b\n|-crit|p1b: Hatterene\n|-damage|p1a: Slowbro|70\/100\n|-damage|p1b: Hatterene|1\/100\n|-boost|p2a: Diancie|def|2\n|\n|-weather|Sandstorm|[upkeep]\n|-damage|p1b: Hatterene|0 fnt|[from] Sandstorm\n|-damage|p1a: Slowbro|64\/100|[from] Sandstorm\n|faint|p1b: Hatterene\n|-heal|p1a: Slowbro|70\/100|[from] item: Leftovers\n|-heal|p2b: Tyranitar|19\/100|[from] item: Leftovers\n|upkeep\n|-message|Brrunettesfiction forfeited.\n|\n|win|Edelgard1162\n|raw|Brrunettesfiction's rating: 1251 &rarr; <strong>1232<\/strong><br \/>(-19 for losing)\n|raw|Edelgard1162's rating: 1335 &rarr; <strong>1350<\/strong><br \/>(+15 for winning)\n|l|\u2606Brrunettesfiction\n","uploadtime":1700349268,"views":4,"p1id":"brrunettesfiction","p2id":"edelgard1162","formatid":"gen9nationaldexdoubles","rating":1232,"private":0,"password":""}