{"id":"gen9nationaldexdoubles-1996684872","p1":"bwj456","p2":"El Ryuk456","format":"[Gen 9] National Dex Doubles","log":"|j|\u2606bwj456\n|j|\u2606El Ryuk456\n|t:|1700709468\n|gametype|doubles\n|player|p1|bwj456|169|1223\n|player|p2|El Ryuk456|ingo|1249\n|teamsize|p1|6\n|teamsize|p2|6\n|gen|9\n|tier|[Gen 9] National Dex Doubles\n|rated|\n|rule|HP Percentage Mod: HP is shown in percentages\n|rule|Endless Battle Clause: Forcing endless battles is banned\n|rule|OHKO Clause: OHKO moves are banned\n|rule|Evasion Moves Clause: Evasion moves are banned\n|rule|Evasion Abilities Clause: Evasion abilities are banned\n|rule|Species Clause: Limit one of each Pok\u00e9mon\n|rule|Gravity Sleep Clause: The combination of sleep-inducing moves with imperfect accuracy and Gravity or Gigantamax Orbeetle are banned\n|clearpoke\n|poke|p1|Volcanion|\n|poke|p1|Kommo-o, M|\n|poke|p1|Tornadus, M|\n|poke|p1|Porygon2|\n|poke|p1|Kangaskhan, F|\n|poke|p1|Incineroar, M|\n|poke|p2|Lucario, M|\n|poke|p2|Ogerpon, F|\n|poke|p2|Tapu Lele|\n|poke|p2|Crobat, F|\n|poke|p2|Tinkaton, F|\n|poke|p2|Luxray, M|\n|teampreview\n|\n|t:|1700709482\n|start\n|switch|p1a: Incineroar|Incineroar, M|100\/100\n|switch|p1b: Porygon2|Porygon2|100\/100\n|switch|p2a: Ogerpon|Ogerpon, F|100\/100\n|switch|p2b: Crobat|Crobat, F, shiny|100\/100\n|-ability|p1b: Porygon2|Defiant|[from] ability: Trace|[of] p2a: Ogerpon\n|-ability|p1a: Incineroar|Intimidate|boost\n|-unboost|p2a: Ogerpon|atk|1\n|-ability|p2a: Ogerpon|Defiant|boost\n|-boost|p2a: Ogerpon|atk|2\n|-fail|p2b: Crobat|unboost|Attack|[from] ability: Inner Focus|[of] p2b: Crobat\n|turn|1\n|inactive|Battle timer is ON: inactive players will automatically lose when time's up. (requested by El Ryuk456)\n|\n|t:|1700709505\n|switch|p2b: Luxray|Luxray, M|100\/100\n|-ability|p2b: Luxray|Intimidate|boost\n|-unboost|p1a: Incineroar|atk|1\n|-unboost|p1b: Porygon2|atk|1\n|-ability|p1b: Porygon2|Defiant|boost\n|-boost|p1b: Porygon2|atk|2\n|move|p2a: Ogerpon|Spiky Shield|p2a: Ogerpon\n|-singleturn|p2a: Ogerpon|move: Protect\n|move|p1a: Incineroar|Fake Out|p2b: Luxray\n|-damage|p2b: Luxray|93\/100\n|move|p1b: Porygon2|Thunder Wave|p2b: Luxray\n|-immune|p2b: Luxray\n|\n|upkeep\n|turn|2\n|\n|t:|1700709529\n|switch|p1a: Kommo-o|Kommo-o, M|100\/100\n|move|p2a: Ogerpon|U-turn|p1a: Kommo-o\n|-resisted|p1a: Kommo-o\n|-damage|p1a: Kommo-o|88\/100\n|\n|t:|1700709536\n|switch|p2a: Tapu Lele|Tapu Lele, shiny|100\/100|[from] U-turn\n|-fieldstart|move: Psychic Terrain|[from] ability: Psychic Surge|[of] p2a: Tapu Lele\n|move|p2b: Luxray|Snarl|p1b: Porygon2|[spread] p1a,p1b\n|-resisted|p1a: Kommo-o\n|-damage|p1a: Kommo-o|83\/100\n|-damage|p1b: Porygon2|95\/100\n|-unboost|p1a: Kommo-o|spa|1\n|-unboost|p1b: Porygon2|spa|1\n|-ability|p1b: Porygon2|Defiant|boost\n|-boost|p1b: Porygon2|atk|2\n|move|p1b: Porygon2|Thunder Wave|p2a: Tapu Lele|[miss]\n|-miss|p1b: Porygon2|p2a: Tapu Lele\n|\n|upkeep\n|turn|3\n|inactive|bwj456 has 120 seconds left.\n|\n|t:|1700709578\n|move|p1a: Kommo-o|Protect|p1a: Kommo-o\n|-singleturn|p1a: Kommo-o|Protect\n|move|p2a: Tapu Lele|Moonblast|p1a: Kommo-o\n|-activate|p1a: Kommo-o|move: Protect\n|move|p2b: Luxray|Volt Switch|p1b: Porygon2\n|-damage|p1b: Porygon2|83\/100\n|\n|t:|1700709594\n|switch|p2b: Tinkaton|Tinkaton, F|100\/100|[from] Volt Switch\n|-ability|p2b: Tinkaton|Mold Breaker\n|move|p1b: Porygon2|Reflect|p1b: Porygon2\n|-sidestart|p1: bwj456|Reflect\n|\n|upkeep\n|turn|4\n|inactive|bwj456 has 120 seconds left.\n|j| km118\n|l| km118\n|\n|t:|1700709636\n|switch|p1a: Incineroar|Incineroar, M|100\/100\n|-ability|p1a: Incineroar|Intimidate|boost\n|-unboost|p2a: Tapu Lele|atk|1\n|-unboost|p2b: Tinkaton|atk|1\n|move|p2b: Tinkaton|Rock Tomb|p1a: Incineroar\n|-supereffective|p1a: Incineroar\n|-damage|p1a: Incineroar|92\/100\n|-unboost|p1a: Incineroar|spe|1\n|move|p2a: Tapu Lele|Taunt|p1b: Porygon2\n|-start|p1b: Porygon2|move: Taunt\n|cant|p1b: Porygon2|move: Taunt|Recover\n|\n|upkeep\n|turn|5\n|inactive|bwj456 has 120 seconds left.\n|inactive|bwj456 has 90 seconds left.\n|\n|t:|1700709698\n|switch|p2b: Luxray|Luxray, M|93\/100\n|-ability|p2b: Luxray|Intimidate|boost\n|-unboost|p1a: Incineroar|atk|1\n|-unboost|p1b: Porygon2|atk|1\n|-ability|p1b: Porygon2|Defiant|boost\n|-boost|p1b: Porygon2|atk|2\n|move|p2a: Tapu Lele|Moonblast|p1a: Incineroar\n|-damage|p1a: Incineroar|53\/100\n|-unboost|p1a: Incineroar|spa|1\n|move|p1b: Porygon2|Tri Attack|p2a: Tapu Lele\n|-damage|p2a: Tapu Lele|82\/100\n|move|p1a: Incineroar|Flare Blitz|p2b: Luxray\n|-damage|p2b: Luxray|62\/100\n|-status|p2b: Luxray|brn\n|-damage|p1a: Incineroar|43\/100|[from] Recoil\n|\n|-damage|p2b: Luxray|56\/100 brn|[from] brn\n|upkeep\n|turn|6\n|inactive|bwj456 has 60 seconds left.\n|\n|t:|1700709732\n|move|p2a: Tapu Lele|Moonblast|p1a: Incineroar\n|-damage|p1a: Incineroar|4\/100\n|-unboost|p1a: Incineroar|spa|1\n|-enditem|p1a: Incineroar|Aguav Berry|[eat]\n|-heal|p1a: Incineroar|37\/100|[from] item: Aguav Berry\n|move|p2b: Luxray|Volt Switch|p1a: Incineroar\n|-damage|p1a: Incineroar|18\/100\n|\n|t:|1700709743\n|switch|p2b: Crobat|Crobat, F, shiny|100\/100|[from] Volt Switch\n|move|p1b: Porygon2|Tri Attack|p2a: Tapu Lele\n|-damage|p2a: Tapu Lele|63\/100\n|move|p1a: Incineroar|U-turn|p2b: Crobat\n|-resisted|p2b: Crobat\n|-damage|p2b: Crobat|98\/100\n|inactive|bwj456 has 60 seconds left.\n|\n|t:|1700709756\n|switch|p1a: Volcanion|Volcanion|100\/100|[from] U-turn\n|\n|-end|p1b: Porygon2|move: Taunt\n|-fieldend|move: Psychic Terrain\n|upkeep\n|turn|7\n|\n|t:|1700709776\n|switch|p2a: Tinkaton|Tinkaton, F|100\/100\n|-ability|p2a: Tinkaton|Mold Breaker\n|move|p2b: Crobat|Tailwind|p2b: Crobat\n|-sidestart|p2: El Ryuk456|move: Tailwind\n|move|p1a: Volcanion|Flamethrower|p2b: Crobat\n|-damage|p2b: Crobat|44\/100\n|move|p1b: Porygon2|Thunder Wave|p2a: Tinkaton\n|-status|p2a: Tinkaton|par\n|\n|-sideend|p1: bwj456|Reflect\n|upkeep\n|turn|8\n|\n|t:|1700709795\n|switch|p2b: Tapu Lele|Tapu Lele, shiny|63\/100\n|-fieldstart|move: Psychic Terrain|[from] ability: Psychic Surge|[of] p2b: Tapu Lele\n|move|p2a: Tinkaton|Fake Out|p1a: Volcanion\n|-activate|p1a: Volcanion|move: Psychic Terrain\n|move|p1a: Volcanion|Flamethrower|p2a: Tinkaton\n|-supereffective|p2a: Tinkaton\n|-damage|p2a: Tinkaton|49\/100 par\n|move|p1b: Porygon2|Thunder Wave|p2b: Tapu Lele\n|-status|p2b: Tapu Lele|par\n|\n|upkeep\n|turn|9\n|inactive|bwj456 has 90 seconds left.\n|\n|t:|1700709834\n|cant|p2a: Tinkaton|par\n|-zpower|p2b: Tapu Lele\n|move|p2b: Tapu Lele|Shattered Psyche|p1a: Volcanion|[zeffect]\n|-damage|p1a: Volcanion|0 fnt\n|faint|p1a: Volcanion\n|move|p1b: Porygon2|Tri Attack|p2b: Tapu Lele\n|-crit|p2b: Tapu Lele\n|-damage|p2b: Tapu Lele|19\/100 par\n|\n|upkeep\n|inactive|bwj456 has 60 seconds left.\n|\n|t:|1700709855\n|switch|p1a: Kangaskhan|Kangaskhan, F|100\/100\n|turn|10\n|inactive|bwj456 has 60 seconds left.\n|inactive|El Ryuk456 has 120 seconds left.\n|\n|t:|1700709888\n|detailschange|p1a: Kangaskhan|Kangaskhan-Mega, F\n|-mega|p1a: Kangaskhan|Kangaskhan|Kangaskhanite\n|move|p2a: Tinkaton|Rock Tomb|p1a: Kangaskhan\n|-crit|p1a: Kangaskhan\n|-damage|p1a: Kangaskhan|85\/100\n|-unboost|p1a: Kangaskhan|spe|1\n|cant|p2b: Tapu Lele|par\n|move|p1a: Kangaskhan|Return|p2b: Tapu Lele\n|-damage|p2b: Tapu Lele|0 fnt\n|faint|p2b: Tapu Lele\n|-hitcount|p2: Tapu Lele|1\n|move|p1b: Porygon2|Reflect|p1b: Porygon2\n|-sidestart|p1: bwj456|Reflect\n|\n|-sideend|p2: El Ryuk456|move: Tailwind\n|upkeep\n|inactive|El Ryuk456 has 120 seconds left.\n|\n|t:|1700709903\n|switch|p2b: Lucario|Lucario, M|100\/100\n|turn|11\n|\n|t:|1700709916\n|switch|p1a: Tornadus|Tornadus, M|100\/100\n|detailschange|p2b: Lucario|Lucario-Mega, M\n|-mega|p2b: Lucario|Lucario|Lucarionite\n|move|p2b: Lucario|Aura Sphere|p1a: Tornadus\n|-resisted|p1a: Tornadus\n|-damage|p1a: Tornadus|71\/100\n|move|p1b: Porygon2|Thunder Wave|p2b: Lucario\n|-status|p2b: Lucario|par\n|move|p2a: Tinkaton|Skitter Smack|p1b: Porygon2\n|-damage|p1b: Porygon2|78\/100\n|-unboost|p1b: Porygon2|spa|1\n|-ability|p1b: Porygon2|Defiant|boost\n|-boost|p1b: Porygon2|atk|2\n|\n|upkeep\n|turn|12\n|inactive|bwj456 has 90 seconds left.\n|\n|t:|1700709947\n|switch|p2a: Luxray|Luxray, M|56\/100 brn\n|-ability|p2a: Luxray|Intimidate|boost\n|-unboost|p1a: Tornadus|atk|1\n|-unboost|p1b: Porygon2|atk|1\n|-ability|p1b: Porygon2|Defiant|boost\n|-boost|p1b: Porygon2|atk|1\n|move|p1a: Tornadus|Tailwind|p1a: Tornadus\n|-sidestart|p1: bwj456|move: Tailwind\n|move|p1b: Porygon2|Recover|p1b: Porygon2\n|-heal|p1b: Porygon2|100\/100\n|move|p2b: Lucario|Flash Cannon|p1a: Tornadus\n|-damage|p1a: Tornadus|17\/100\n|\n|-damage|p2a: Luxray|50\/100 brn|[from] brn\n|-fieldend|move: Psychic Terrain\n|upkeep\n|turn|13\n|inactive|bwj456 has 60 seconds left.\n|\n|t:|1700709980\n|switch|p1a: Incineroar|Incineroar, M|18\/100\n|-ability|p1a: Incineroar|Intimidate|boost\n|-unboost|p2a: Luxray|atk|1\n|-unboost|p2b: Lucario|atk|1\n|move|p2b: Lucario|Protect|p2b: Lucario\n|-singleturn|p2b: Lucario|Protect\n|move|p1b: Porygon2|Recover||[still]\n|-fail|p1b: Porygon2|heal\n|move|p2a: Luxray|Volt Switch|p1a: Incineroar\n|-damage|p1a: Incineroar|0 fnt\n|faint|p1a: Incineroar\n|\n|t:|1700709993\n|switch|p2a: Tinkaton|Tinkaton, F|49\/100 par|[from] Volt Switch\n|-ability|p2a: Tinkaton|Mold Breaker\n|\n|upkeep\n|\n|t:|1700710001\n|switch|p1a: Kangaskhan|Kangaskhan-Mega, F|85\/100\n|turn|14\n|\n|t:|1700710023\n|cant|p2a: Tinkaton|par\n|move|p1a: Kangaskhan|Drain Punch|p2b: Lucario\n|-supereffective|p2b: Lucario\n|-damage|p2b: Lucario|39\/100 par\n|-heal|p1a: Kangaskhan|100\/100|[from] drain|[of] p2b: Lucario\n|-supereffective|p2b: Lucario\n|-damage|p2b: Lucario|24\/100 par\n|-hitcount|p2b: Lucario|2\n|move|p1b: Porygon2|Tri Attack|p2b: Lucario\n|-resisted|p2b: Lucario\n|-damage|p2b: Lucario|14\/100 par\n|move|p2b: Lucario|Aura Sphere|p1a: Kangaskhan\n|-supereffective|p1a: Kangaskhan\n|-damage|p1a: Kangaskhan|0 fnt\n|faint|p1a: Kangaskhan\n|\n|-sideend|p1: bwj456|Reflect\n|upkeep\n|inactive|bwj456 has 60 seconds left.\n|\n|t:|1700710052\n|switch|p1a: Tornadus|Tornadus, M|17\/100\n|turn|15\n|\n|t:|1700710059\n|cant|p2b: Lucario|par\n|move|p1a: Tornadus|Bleakwind Storm|p2a: Tinkaton|[spread] \n|-miss|p1a: Tornadus|p2a: Tinkaton\n|-miss|p1a: Tornadus|p2b: Lucario\n|move|p1b: Porygon2|Tri Attack|p2a: Tinkaton\n|-resisted|p2a: Tinkaton\n|-damage|p2a: Tinkaton|44\/100 par\n|cant|p2a: Tinkaton|par\n|\n|-sideend|p1: bwj456|move: Tailwind\n|upkeep\n|turn|16\n|inactive|bwj456 has 90 seconds left.\n|\n|t:|1700710078\n|move|p2b: Lucario|Vacuum Wave|p1a: Tornadus\n|-resisted|p1a: Tornadus\n|-damage|p1a: Tornadus|3\/100\n|move|p1a: Tornadus|Bleakwind Storm|p2b: Lucario|[spread] p2b\n|-miss|p1a: Tornadus|p2a: Tinkaton\n|-damage|p2b: Lucario|0 fnt\n|faint|p2b: Lucario\n|move|p1b: Porygon2|Tri Attack|p2a: Tinkaton\n|-resisted|p2a: Tinkaton\n|-damage|p2a: Tinkaton|40\/100 par\n|move|p2a: Tinkaton|Skitter Smack|p1b: Porygon2\n|-damage|p1b: Porygon2|93\/100\n|-unboost|p1b: Porygon2|spa|1\n|-boost|p1b: Porygon2|atk|0\n|\n|upkeep\n|\n|t:|1700710099\n|switch|p2b: Crobat|Crobat, F, shiny|44\/100\n|turn|17\n|\n|t:|1700710110\n|switch|p1b: Kommo-o|Kommo-o, M|83\/100\n|move|p2b: Crobat|Snatch|p2b: Crobat\n|-singleturn|p2b: Crobat|Snatch\n|move|p1a: Tornadus|Tailwind|p1a: Tornadus\n|-activate|p2b: Crobat|move: Snatch|[of] p1a: Tornadus\n|move|p2b: Crobat|Tailwind|p2b: Crobat|[from]Snatch\n|-sidestart|p2: El Ryuk456|move: Tailwind\n|cant|p2a: Tinkaton|par\n|\n|upkeep\n|turn|18\n|inactive|bwj456 has 120 seconds left.\n|\n|t:|1700710132\n|move|p2b: Crobat|Brave Bird|p1b: Kommo-o\n|-supereffective|p1b: Kommo-o\n|-damage|p1b: Kommo-o|10\/100\n|-damage|p2b: Crobat|23\/100|[from] Recoil\n|move|p2a: Tinkaton|Gigaton Hammer|p1a: Tornadus\n|-damage|p1a: Tornadus|0 fnt\n|faint|p1a: Tornadus\n|move|p1b: Kommo-o|Aura Sphere|p2a: Tinkaton\n|-damage|p2a: Tinkaton|19\/100 par\n|\n|upkeep\n|\n|t:|1700710144\n|switch|p1a: Porygon2|Porygon2|93\/100\n|-ability|p1a: Porygon2|Mold Breaker\n|-ability|p1a: Porygon2|Mold Breaker|[from] ability: Trace|[of] p2a: Tinkaton\n|turn|19\n|inactive|bwj456 has 120 seconds left.\n|\n|t:|1700710162\n|move|p1b: Kommo-o|Protect|p1b: Kommo-o\n|-singleturn|p1b: Kommo-o|Protect\n|move|p2b: Crobat|Brave Bird|p1b: Kommo-o\n|-activate|p1b: Kommo-o|move: Protect\n|move|p2a: Tinkaton|Skitter Smack|p1a: Porygon2\n|-damage|p1a: Porygon2|85\/100\n|-unboost|p1a: Porygon2|spa|1\n|move|p1a: Porygon2|Tri Attack|p2b: Crobat\n|-damage|p2b: Crobat|0 fnt\n|faint|p2b: Crobat\n|\n|upkeep\n|\n|t:|1700710172\n|switch|p2b: Ogerpon|Ogerpon, F|100\/100\n|turn|20\n|inactive|bwj456 has 120 seconds left.\n|\n|t:|1700710210\n|-terastallize|p2b: Ogerpon|Grass\n|detailschange|p2b: Ogerpon|Ogerpon-Teal-Tera, F, tera:Grass\n|-ability|p2b: Ogerpon|Embody Aspect (Teal)|boost\n|-boost|p2b: Ogerpon|spe|1\n|move|p2b: Ogerpon|Ivy Cudgel|p1b: Kommo-o\n|-resisted|p1b: Kommo-o\n|-damage|p1b: Kommo-o|0 fnt\n|faint|p1b: Kommo-o\n|move|p2a: Tinkaton|Skitter Smack|p1a: Porygon2\n|-damage|p1a: Porygon2|77\/100\n|-unboost|p1a: Porygon2|spa|1\n|move|p1a: Porygon2|Thunder Wave|p2b: Ogerpon\n|-status|p2b: Ogerpon|par\n|\n|-sideend|p2: El Ryuk456|move: Tailwind\n|upkeep\n|turn|21\n|inactive|bwj456 has 120 seconds left.\n|\n|t:|1700710234\n|cant|p2b: Ogerpon|par\n|move|p1a: Porygon2|Tri Attack|p2a: Tinkaton\n|-resisted|p2a: Tinkaton\n|-damage|p2a: Tinkaton|15\/100 par\n|move|p2a: Tinkaton|Skitter Smack|p1a: Porygon2\n|-damage|p1a: Porygon2|70\/100\n|-unboost|p1a: Porygon2|spa|1\n|\n|upkeep\n|turn|22\n|\n|t:|1700710246\n|move|p2b: Ogerpon|Ivy Cudgel|p1a: Porygon2\n|-damage|p1a: Porygon2|39\/100\n|move|p1a: Porygon2|Tri Attack|p2a: Tinkaton\n|-resisted|p2a: Tinkaton\n|-damage|p2a: Tinkaton|11\/100 par\n|cant|p2a: Tinkaton|par\n|\n|upkeep\n|turn|23\n|\n|t:|1700710258\n|switch|p2a: Luxray|Luxray, M|50\/100 brn\n|-ability|p2a: Luxray|Intimidate|boost\n|-unboost|p1a: Porygon2|atk|1\n|cant|p2b: Ogerpon|par\n|move|p1a: Porygon2|Recover|p1a: Porygon2\n|-heal|p1a: Porygon2|89\/100\n|\n|-damage|p2a: Luxray|44\/100 brn|[from] brn\n|upkeep\n|turn|24\n|\n|t:|1700710271\n|cant|p2b: Ogerpon|par\n|move|p2a: Luxray|Snarl|p1a: Porygon2\n|-damage|p1a: Porygon2|82\/100\n|-unboost|p1a: Porygon2|spa|1\n|move|p1a: Porygon2|Reflect|p1a: Porygon2\n|-sidestart|p1: bwj456|Reflect\n|\n|-damage|p2a: Luxray|38\/100 brn|[from] brn\n|upkeep\n|turn|25\n|\n|t:|1700710283\n|cant|p2b: Ogerpon|par\n|move|p2a: Luxray|Volt Switch|p1a: Porygon2\n|-damage|p1a: Porygon2|69\/100\n|\n|t:|1700710286\n|switch|p2a: Tinkaton|Tinkaton, F|11\/100 par|[from] Volt Switch\n|-ability|p2a: Tinkaton|Mold Breaker\n|move|p1a: Porygon2|Tri Attack|p2a: Tinkaton\n|-resisted|p2a: Tinkaton\n|-damage|p2a: Tinkaton|9\/100 par\n|\n|upkeep\n|turn|26\n|\n|t:|1700710297\n|cant|p2a: Tinkaton|par\n|move|p2b: Ogerpon|Ivy Cudgel|p1a: Porygon2\n|-crit|p1a: Porygon2\n|-damage|p1a: Porygon2|25\/100\n|move|p1a: Porygon2|Tri Attack|p2a: Tinkaton\n|-resisted|p2a: Tinkaton\n|-damage|p2a: Tinkaton|6\/100 par\n|\n|upkeep\n|turn|27\n|\n|t:|1700710307\n|switch|p2a: Luxray|Luxray, M|38\/100 brn\n|-ability|p2a: Luxray|Intimidate|boost\n|-unboost|p1a: Porygon2|atk|1\n|move|p2b: Ogerpon|Ivy Cudgel|p1a: Porygon2\n|-damage|p1a: Porygon2|4\/100\n|move|p1a: Porygon2|Recover|p1a: Porygon2\n|-heal|p1a: Porygon2|54\/100\n|\n|-damage|p2a: Luxray|32\/100 brn|[from] brn\n|upkeep\n|turn|28\n|\n|t:|1700710320\n|cant|p2b: Ogerpon|par\n|move|p2a: Luxray|Snarl|p1a: Porygon2\n|-damage|p1a: Porygon2|47\/100\n|-unboost|p1a: Porygon2|spa|1\n|move|p1a: Porygon2|Recover|p1a: Porygon2\n|-heal|p1a: Porygon2|97\/100\n|\n|-damage|p2a: Luxray|26\/100 brn|[from] brn\n|-sideend|p1: bwj456|Reflect\n|upkeep\n|turn|29\n|\n|t:|1700710333\n|move|p2b: Ogerpon|Ivy Cudgel|p1a: Porygon2\n|-damage|p1a: Porygon2|68\/100\n|move|p2a: Luxray|Snarl|p1a: Porygon2\n|-damage|p1a: Porygon2|62\/100\n|-unboost|p1a: Porygon2|spa|1\n|move|p1a: Porygon2|Tri Attack|p2a: Luxray\n|-damage|p2a: Luxray|19\/100 brn\n|-enditem|p2a: Luxray|Mago Berry|[eat]\n|-heal|p2a: Luxray|53\/100 brn|[from] item: Mago Berry\n|\n|-damage|p2a: Luxray|47\/100 brn|[from] brn\n|upkeep\n|turn|30\n|\n|t:|1700710349\n|cant|p2b: Ogerpon|par\n|move|p2a: Luxray|Snarl|p1a: Porygon2\n|-damage|p1a: Porygon2|55\/100\n|move|p1a: Porygon2|Tri Attack|p2b: Ogerpon\n|-damage|p2b: Ogerpon|94\/100 par\n|\n|-damage|p2a: Luxray|41\/100 brn|[from] brn\n|upkeep\n|turn|31\n|\n|t:|1700710360\n|move|p2b: Ogerpon|Ivy Cudgel|p1a: Porygon2\n|-damage|p1a: Porygon2|23\/100\n|move|p2a: Luxray|Volt Switch|p1a: Porygon2\n|-damage|p1a: Porygon2|11\/100\n|\n|t:|1700710365\n|switch|p2a: Tinkaton|Tinkaton, F|6\/100 par|[from] Volt Switch\n|-ability|p2a: Tinkaton|Mold Breaker\n|move|p1a: Porygon2|Recover|p1a: Porygon2\n|-heal|p1a: Porygon2|61\/100\n|\n|upkeep\n|turn|32\n|inactive|bwj456 has 120 seconds left.\n|inactive|bwj456 has 90 seconds left.\n|inactive|bwj456 has 60 seconds left.\n|\n|t:|1700710471\n|move|p2a: Tinkaton|Fake Out|p1a: Porygon2\n|-damage|p1a: Porygon2|57\/100\n|move|p2b: Ogerpon|Ivy Cudgel|p1a: Porygon2\n|-damage|p1a: Porygon2|23\/100\n|cant|p1a: Porygon2|flinch\n|\n|upkeep\n|turn|33\n|\n|t:|1700710481\n|move|p2b: Ogerpon|Ivy Cudgel|p1a: Porygon2\n|-damage|p1a: Porygon2|0 fnt\n|faint|p1a: Porygon2\n|\n|win|El Ryuk456\n|raw|bwj456's rating: 1223 &rarr; <strong>1200<\/strong><br \/>(-23 for losing)\n|raw|El Ryuk456's rating: 1249 &rarr; <strong>1272<\/strong><br \/>(+23 for winning)\n","uploadtime":1700710487,"views":0,"p1id":"bwj456","p2id":"elryuk456","formatid":"gen9nationaldexdoubles","rating":1200,"private":0,"password":""}