{"id":"gen9nationaldexdoubles-1975917719","p1":"Retter0608","p2":"SuZo","format":"[Gen 9] National Dex Doubles","log":"|j|\u2606Retter0608\n|j|\u2606SuZo\n|t:|1698249073\n|gametype|doubles\n|player|p1|Retter0608|riley|1022\n|player|p2|SuZo|lusamine-nihilego|1051\n|teamsize|p1|6\n|teamsize|p2|6\n|gen|9\n|tier|[Gen 9] National Dex Doubles\n|rated|\n|rule|HP Percentage Mod: HP is shown in percentages\n|rule|Endless Battle Clause: Forcing endless battles is banned\n|rule|OHKO Clause: OHKO moves are banned\n|rule|Evasion Moves Clause: Evasion moves are banned\n|rule|Evasion Abilities Clause: Evasion abilities are banned\n|rule|Species Clause: Limit one of each Pok\u00e9mon\n|rule|Gravity Sleep Clause: The combination of sleep-inducing moves with imperfect accuracy and Gravity or Gigantamax Orbeetle are banned\n|clearpoke\n|poke|p1|Blacephalon|\n|poke|p1|Alakazam, F|\n|poke|p1|Lilligant-Hisui, F|\n|poke|p1|Inteleon, F|\n|poke|p1|Amoonguss, M|\n|poke|p1|Oricorio-Pom-Pom, M|\n|poke|p2|Glimmora, F|\n|poke|p2|Ogerpon-Wellspring, F|\n|poke|p2|Chien-Pao|\n|poke|p2|Ursaluna, F|\n|poke|p2|Cresselia, F|\n|poke|p2|Flutter Mane|\n|teampreview\n|c|\u2606Retter0608|good luck\n|inactive|Battle timer is ON: inactive players will automatically lose when time's up. (requested by Retter0608)\n|\n|t:|1698249125\n|start\n|switch|p1a: Blacephalon|Blacephalon, shiny|100\/100\n|switch|p1b: Alakazam|Alakazam, F|100\/100\n|switch|p2a: Glimmora|Glimmora, F|100\/100\n|switch|p2b: Ogerpon|Ogerpon-Wellspring, F|100\/100\n|turn|1\n|\n|t:|1698249148\n|move|p2a: Glimmora|Spiky Shield|p2a: Glimmora\n|-singleturn|p2a: Glimmora|move: Protect\n|move|p2b: Ogerpon|Ivy Cudgel|p1a: Blacephalon\n|-supereffective|p1a: Blacephalon\n|-enditem|p1a: Blacephalon|Focus Sash\n|-damage|p1a: Blacephalon|1\/100\n|move|p1b: Alakazam|Skill Swap|p1a: Blacephalon\n|-activate|p1b: Alakazam|move: Skill Swap|||[of] p1a: Blacephalon\n|move|p1a: Blacephalon|Mind Blown|p2a: Glimmora|[spread] p1b,p2b\n|-activate|p2a: Glimmora|move: Protect\n|-damage|p1b: Alakazam|12\/100\n|-damage|p2b: Ogerpon|38\/100\n|\n|upkeep\n|turn|2\n|\n|t:|1698249176\n|switch|p1a: Inteleon|Inteleon, F|100\/100\n|move|p2b: Ogerpon|Spiky Shield|p2b: Ogerpon\n|-singleturn|p2b: Ogerpon|move: Protect\n|move|p1b: Alakazam|Future Sight|p2a: Glimmora\n|-start|p1b: Alakazam|move: Future Sight\n|move|p2a: Glimmora|Mortal Spin|p1a: Inteleon|[spread] p1a,p1b\n|-crit|p1a: Inteleon\n|-damage|p1a: Inteleon|89\/100\n|-damage|p1b: Alakazam|2\/100\n|-status|p1a: Inteleon|psn\n|-status|p1b: Alakazam|psn\n|\n|-damage|p1a: Inteleon|76\/100 psn|[from] psn\n|-damage|p1b: Alakazam|0 fnt|[from] psn\n|faint|p1b: Alakazam\n|upkeep\n|inactive|Retter0608 has 120 seconds left.\n|\n|t:|1698249192\n|switch|p1b: Amoonguss|Amoonguss, M, shiny|100\/100\n|turn|3\n|\n|t:|1698249213\n|move|p2b: Ogerpon|Follow Me|p2b: Ogerpon\n|-singleturn|p2b: Ogerpon|move: Follow Me\n|move|p1a: Inteleon|Air Slash|p2b: Ogerpon\n|-supereffective|p2b: Ogerpon\n|-damage|p2b: Ogerpon|0 fnt\n|faint|p2b: Ogerpon\n|move|p2a: Glimmora|Power Gem|p1b: Amoonguss\n|-damage|p1b: Amoonguss|64\/100\n|move|p1b: Amoonguss|Spore|p2a: Glimmora\n|-status|p2a: Glimmora|slp|[from] move: Spore\n|\n|-damage|p1a: Inteleon|64\/100 psn|[from] psn\n|upkeep\n|\n|t:|1698249226\n|switch|p2b: Chien-Pao|Chien-Pao|100\/100\n|-ability|p2b: Chien-Pao|Sword of Ruin\n|turn|4\n|\n|t:|1698249246\n|move|p2b: Chien-Pao|Ice Spinner|p1b: Amoonguss\n|-supereffective|p1b: Amoonguss\n|-damage|p1b: Amoonguss|0 fnt\n|faint|p1b: Amoonguss\n|move|p1a: Inteleon|Hydro Pump|p2a: Glimmora|[miss]\n|-miss|p1a: Inteleon|p2a: Glimmora\n|cant|p2a: Glimmora|slp\n|\n|-end|p2a: Glimmora|move: Future Sight\n|-supereffective|p2a: Glimmora\n|-enditem|p2a: Glimmora|Focus Sash\n|-damage|p2a: Glimmora|1\/100 slp\n|-damage|p1a: Inteleon|52\/100 psn|[from] psn\n|upkeep\n|\n|t:|1698249260\n|switch|p1b: Blacephalon|Blacephalon, shiny|1\/100\n|turn|5\n|inactive|SuZo has 120 seconds left.\n|\n|t:|1698249307\n|move|p2b: Chien-Pao|Crunch|p1a: Inteleon\n|-damage|p1a: Inteleon|0 fnt\n|faint|p1a: Inteleon\n|move|p1b: Blacephalon|Mind Blown|p2a: Glimmora|[spread] p2a,p2b\n|-resisted|p2a: Glimmora\n|-supereffective|p2b: Chien-Pao\n|-damage|p2a: Glimmora|0 fnt\n|-enditem|p2b: Chien-Pao|Focus Sash\n|-damage|p2b: Chien-Pao|1\/100\n|-damage|p1b: Blacephalon|0 fnt|[from] mindblown\n|faint|p1b: Blacephalon\n|faint|p2a: Glimmora\n|\n|upkeep\n|inactive|SuZo has 120 seconds left.\n|\n|t:|1698249328\n|switch|p1a: Lilligant|Lilligant-Hisui, F, shiny|100\/100\n|switch|p1b: Oricorio|Oricorio-Pom-Pom, M, shiny|100\/100\n|switch|p2a: Flutter Mane|Flutter Mane|100\/100\n|-enditem|p2a: Flutter Mane|Booster Energy\n|-activate|p2a: Flutter Mane|ability: Protosynthesis|[fromitem]\n|-start|p2a: Flutter Mane|protosynthesisspe\n|turn|6\n|\n|t:|1698249348\n|move|p2a: Flutter Mane|Moonblast|p1a: Lilligant\n|-supereffective|p1a: Lilligant\n|-enditem|p1a: Lilligant|Focus Sash\n|-damage|p1a: Lilligant|1\/100\n|-unboost|p1a: Lilligant|spa|1\n|move|p2b: Chien-Pao|Ice Spinner|p1b: Oricorio\n|-supereffective|p1b: Oricorio\n|-enditem|p1b: Oricorio|Focus Sash\n|-damage|p1b: Oricorio|1\/100\n|move|p1a: Lilligant|Victory Dance|p1a: Lilligant\n|-boost|p1a: Lilligant|atk|1\n|-boost|p1a: Lilligant|def|1\n|-boost|p1a: Lilligant|spe|1\n|-activate|p1b: Oricorio|ability: Dancer\n|move|p1b: Oricorio|Victory Dance|p1b: Oricorio|[from]ability: Dancer\n|-boost|p1b: Oricorio|atk|1\n|-boost|p1b: Oricorio|def|1\n|-boost|p1b: Oricorio|spe|1\n|move|p1b: Oricorio|Tailwind|p1b: Oricorio\n|-sidestart|p1: Retter0608|move: Tailwind\n|\n|upkeep\n|turn|7\n|inactive|Retter0608 has 120 seconds left.\n|inactive|SuZo has 120 seconds left.\n|\n|t:|1698249385\n|move|p2b: Chien-Pao|Sucker Punch|p1a: Lilligant\n|-resisted|p1a: Lilligant\n|-damage|p1a: Lilligant|0 fnt\n|faint|p1a: Lilligant\n|move|p1b: Oricorio|Revelation Dance|p2a: Flutter Mane\n|-damage|p2a: Flutter Mane|60\/100\n|move|p2a: Flutter Mane|Moonblast|p1b: Oricorio\n|-damage|p1b: Oricorio|0 fnt\n|faint|p1b: Oricorio\n|\n|win|SuZo\n|raw|Retter0608's rating: 1022 &rarr; <strong>1010<\/strong><br \/>(-12 for losing)\n|raw|SuZo's rating: 1051 &rarr; <strong>1081<\/strong><br \/>(+30 for winning)\n|c|\u2606Retter0608|ggwp mute\n|l|\u2606Retter0608\n|c|\u2606SuZo|ggwp\n","uploadtime":1698251144,"views":8,"p1id":"retter0608","p2id":"suzo","formatid":"gen9nationaldexdoubles","rating":1010,"private":0,"password":""}