{"id":"gen9nationaldexdoubles-1958355225","p1":"Koge Takashii","p2":"LightOfTheRuin","format":"[Gen 9] National Dex Doubles","log":"|j|\u2606Koge Takashii\n|j|\u2606LightOfTheRuin\n|t:|1696317067\n|gametype|doubles\n|player|p1|Koge Takashii|jupiter|1030\n|player|p2|LightOfTheRuin|wallace|1000\n|teamsize|p1|6\n|teamsize|p2|6\n|gen|9\n|tier|[Gen 9] National Dex Doubles\n|rated|\n|rule|HP Percentage Mod: HP is shown in percentages\n|rule|Endless Battle Clause: Forcing endless battles is banned\n|rule|OHKO Clause: OHKO moves are banned\n|rule|Evasion Moves Clause: Evasion moves are banned\n|rule|Evasion Abilities Clause: Evasion abilities are banned\n|rule|Species Clause: Limit one of each Pok\u00e9mon\n|rule|Gravity Sleep Clause: The combination of sleep-inducing moves with imperfect accuracy and Gravity or Gigantamax Orbeetle are banned\n|clearpoke\n|poke|p1|Gholdengo|\n|poke|p1|Volbeat, M|\n|poke|p1|Tropius, M|\n|poke|p1|Illumise, F|\n|poke|p1|Charizard, M|\n|poke|p1|Tyranitar, M|\n|poke|p2|Electivire, F|\n|poke|p2|Dedenne, F|\n|poke|p2|Ursaluna-Bloodmoon, M|\n|poke|p2|Drifblim, F|\n|poke|p2|Fezandipiti, M|\n|poke|p2|Ogerpon-Wellspring, F|\n|teampreview\n|inactive|Battle timer is ON: inactive players will automatically lose when time's up. (requested by Koge Takashii)\n|\n|t:|1696317078\n|start\n|switch|p1a: Charizard|Charizard, M, shiny|100\/100\n|switch|p1b: Tyranitar|Tyranitar, M, shiny|100\/100\n|switch|p2a: Dedenne|Dedenne, F|100\/100\n|switch|p2b: Electivire|Electivire, F|100\/100\n|-weather|Sandstorm|[from] ability: Sand Stream|[of] p1b: Tyranitar\n|turn|1\n|\n|t:|1696317102\n|switch|p1a: Tropius|Tropius, M|100\/100\n|move|p2a: Dedenne|Parabolic Charge|p1a: Tropius|[spread] p1a,p1b\n|-ability|p2b: Electivire|Motor Drive|boost\n|-boost|p2b: Electivire|spe|1\n|-damage|p1a: Tropius|87\/100\n|-damage|p1b: Tyranitar|94\/100\n|move|p2b: Electivire|Power-Up Punch|p1b: Tyranitar\n|-supereffective|p1b: Tyranitar\n|-damage|p1b: Tyranitar|34\/100\n|-boost|p2b: Electivire|atk|1\n|move|p1b: Tyranitar|Sunny Day|p1b: Tyranitar\n|-weather|SunnyDay\n|\n|-weather|SunnyDay|[upkeep]\n|-damage|p1a: Tropius|75\/100|[from] ability: Solar Power|[of] p1a: Tropius\n|upkeep\n|turn|2\n|\n|t:|1696317128\n|switch|p1b: Charizard|Charizard, M, shiny|100\/100\n|-terastallize|p1a: Tropius|Dragon\n|move|p2b: Electivire|Power-Up Punch|p1b: Charizard\n|-resisted|p1b: Charizard\n|-damage|p1b: Charizard|84\/100\n|-boost|p2b: Electivire|atk|1\n|move|p2a: Dedenne|Nuzzle|p1a: Tropius\n|-resisted|p1a: Tropius\n|-damage|p1a: Tropius|72\/100\n|-status|p1a: Tropius|par\n|move|p1a: Tropius|Solar Beam||[still]\n|-prepare|p1a: Tropius|Solar Beam\n|-anim|p1a: Tropius|Solar Beam|p2b: Electivire\n|-damage|p2b: Electivire|0 fnt\n|faint|p2b: Electivire\n|\n|-weather|SunnyDay|[upkeep]\n|-damage|p1b: Charizard|72\/100|[from] ability: Solar Power|[of] p1b: Charizard\n|-damage|p1a: Tropius|59\/100 par|[from] ability: Solar Power|[of] p1a: Tropius\n|upkeep\n|inactive|LightOfTheRuin has 120 seconds left.\n|\n|t:|1696317146\n|switch|p2b: Drifblim|Drifblim, F|100\/100\n|turn|3\n|\n|t:|1696317170\n|detailschange|p1b: Charizard|Charizard-Mega-X, M, shiny\n|-mega|p1b: Charizard|Charizard|Charizardite X\n|move|p2a: Dedenne|Parabolic Charge|p1a: Tropius|[spread] p2b,p1a,p1b\n|-supereffective|p2b: Drifblim\n|-resisted|p1a: Tropius\n|-resisted|p1b: Charizard\n|-damage|p2b: Drifblim|73\/100\n|-damage|p1a: Tropius|54\/100 par\n|-damage|p1b: Charizard|66\/100\n|-enditem|p2b: Drifblim|Weakness Policy\n|-boost|p2b: Drifblim|atk|2|[from] item: Weakness Policy\n|-boost|p2b: Drifblim|spa|2|[from] item: Weakness Policy\n|move|p2b: Drifblim|Hex|p1a: Tropius\n|-damage|p1a: Tropius|0 fnt\n|faint|p1a: Tropius\n|move|p1b: Charizard|Flamethrower|p2b: Drifblim\n|-crit|p2b: Drifblim\n|-damage|p2b: Drifblim|0 fnt\n|faint|p2b: Drifblim\n|\n|-weather|SunnyDay|[upkeep]\n|upkeep\n|\n|t:|1696317186\n|switch|p2b: Ursaluna|Ursaluna-Bloodmoon, M|100\/100\n|switch|p1a: Gholdengo|Gholdengo, shiny|100\/100\n|turn|4\n|\n|t:|1696317202\n|move|p2a: Dedenne|Nuzzle|p1b: Charizard\n|-resisted|p1b: Charizard\n|-damage|p1b: Charizard|64\/100\n|-status|p1b: Charizard|par\n|move|p1a: Gholdengo|Make It Rain|p2a: Dedenne|[spread] p2a,p2b\n|-damage|p2a: Dedenne|34\/100\n|-damage|p2b: Ursaluna|63\/100\n|-unboost|p1a: Gholdengo|spa|1\n|-enditem|p2a: Dedenne|Sitrus Berry|[eat]\n|-heal|p2a: Dedenne|58\/100|[from] item: Sitrus Berry\n|-heal|p2a: Dedenne|92\/100|[from] ability: Cheek Pouch\n|move|p2b: Ursaluna|Earth Power|p1a: Gholdengo\n|-supereffective|p1a: Gholdengo\n|-enditem|p1a: Gholdengo|Focus Sash\n|-damage|p1a: Gholdengo|1\/100\n|cant|p1b: Charizard|par\n|\n|-weather|SunnyDay|[upkeep]\n|upkeep\n|turn|5\n|\n|t:|1696317227\n|switch|p1a: Volbeat|Volbeat, M, shiny|100\/100\n|move|p2a: Dedenne|Parabolic Charge|p1a: Volbeat|[spread] p1a,p1b\n|-immune|p2b: Ursaluna\n|-resisted|p1b: Charizard\n|-damage|p1a: Volbeat|89\/100\n|-heal|p2a: Dedenne|97\/100|[from] drain|[of] p1a: Volbeat\n|-damage|p1b: Charizard|58\/100 par\n|-heal|p2a: Dedenne|99\/100|[from] drain|[of] p1b: Charizard\n|-enditem|p1a: Volbeat|Red Card|[of] p2a: Dedenne\n|drag|p2a: Ogerpon|Ogerpon-Wellspring, F|100\/100\n|move|p2b: Ursaluna|Earth Power|p1b: Charizard\n|-supereffective|p1b: Charizard\n|-damage|p1b: Charizard|0 fnt\n|faint|p1b: Charizard\n|\n|-weather|none\n|upkeep\n|-message|Koge Takashii forfeited.\n|\n|win|LightOfTheRuin\n|raw|Koge Takashii's rating: 1030 &rarr; <strong>1014<\/strong><br \/>(-16 for losing)\n|raw|LightOfTheRuin's rating: 1000 &rarr; <strong>1043<\/strong><br \/>(+43 for winning)\n|l|\u2606Koge Takashii\n","uploadtime":1696317238,"views":11,"p1id":"kogetakashii","p2id":"lightoftheruin","formatid":"gen9nationaldexdoubles","rating":1014,"private":0,"password":""}