{"id":"gen9nationaldexdoubles-1971827199","p1":"Cavzuy","p2":"Brick_Enjoyer_144","format":"[Gen 9] National Dex Doubles","log":"|j|\u2606Cavzuy\n|j|\u2606Brick_Enjoyer_144\n|t:|1697777554\n|gametype|doubles\n|player|p1|Cavzuy|colress|1046\n|player|p2|Brick_Enjoyer_144|shauntal|1159\n|teamsize|p1|6\n|teamsize|p2|6\n|gen|9\n|tier|[Gen 9] National Dex Doubles\n|rated|\n|rule|HP Percentage Mod: HP is shown in percentages\n|rule|Endless Battle Clause: Forcing endless battles is banned\n|rule|OHKO Clause: OHKO moves are banned\n|rule|Evasion Moves Clause: Evasion moves are banned\n|rule|Evasion Abilities Clause: Evasion abilities are banned\n|rule|Species Clause: Limit one of each Pok\u00e9mon\n|rule|Gravity Sleep Clause: The combination of sleep-inducing moves with imperfect accuracy and Gravity or Gigantamax Orbeetle are banned\n|clearpoke\n|poke|p1|Espeon, F|\n|poke|p1|Mew|\n|poke|p1|Milotic, F|\n|poke|p1|Volcarona, M|\n|poke|p1|Gliscor, F|\n|poke|p1|Glalie, M|\n|poke|p2|Espeon, F|\n|poke|p2|Gallade, M|\n|poke|p2|Illumise, F|\n|poke|p2|Urshifu-*, M|\n|poke|p2|Ogerpon-Hearthflame, F|\n|poke|p2|Heatran, M|\n|teampreview\n|inactive|Battle timer is ON: inactive players will automatically lose when time's up. (requested by Brick_Enjoyer_144)\n|inactive|Cavzuy also wants the timer to be on.\n|\n|t:|1697777562\n|start\n|switch|p1a: Espeon|Espeon, F|100\/100\n|switch|p1b: Volcarona|Volcarona, M|100\/100\n|switch|p2a: Illumise|Illumise, F|100\/100\n|switch|p2b: Heatran|Heatran, M|100\/100\n|turn|1\n|\n|t:|1697777584\n|move|p2a: Illumise|Trick|p1b: Volcarona\n|-activate|p2a: Illumise|move: Trick|[of] p1b: Volcarona\n|-item|p1b: Volcarona|Black Sludge|[from] move: Trick\n|-item|p2a: Illumise|Heavy-Duty Boots|[from] move: Trick\n|move|p1a: Espeon|Trick|p2a: Illumise\n|-activate|p1a: Espeon|move: Trick|[of] p2a: Illumise\n|-item|p2a: Illumise|Choice Specs|[from] move: Trick\n|-item|p1a: Espeon|Heavy-Duty Boots|[from] move: Trick\n|move|p1b: Volcarona|Quiver Dance|p1b: Volcarona\n|-boost|p1b: Volcarona|spa|1\n|-boost|p1b: Volcarona|spd|1\n|-boost|p1b: Volcarona|spe|1\n|move|p2b: Heatran|Magma Storm|p1a: Espeon\n|-damage|p1a: Espeon|44\/100\n|-activate|p1a: Espeon|move: Magma Storm|[of] p2b: Heatran\n|\n|-damage|p1b: Volcarona|88\/100|[from] item: Black Sludge\n|-damage|p1a: Espeon|32\/100|[from] move: Magma Storm|[partiallytrapped]\n|upkeep\n|turn|2\n|\n|t:|1697777612\n|move|p2a: Illumise|Thunder Wave|p1b: Volcarona\n|-status|p1b: Volcarona|par\n|move|p1a: Espeon|Psyshock|p2b: Heatran\n|-resisted|p2b: Heatran\n|-damage|p2b: Heatran|82\/100\n|move|p1b: Volcarona|Flamethrower|p2a: Illumise\n|-supereffective|p2a: Illumise\n|-damage|p2a: Illumise|0 fnt\n|faint|p2a: Illumise\n|move|p2b: Heatran|Magma Storm|p1b: Volcarona\n|-damage|p1b: Volcarona|58\/100 par\n|-activate|p1b: Volcarona|move: Magma Storm|[of] p2b: Heatran\n|\n|-damage|p1b: Volcarona|46\/100 par|[from] item: Black Sludge\n|-heal|p2b: Heatran|88\/100|[from] item: Leftovers\n|-damage|p1a: Espeon|20\/100|[from] move: Magma Storm|[partiallytrapped]\n|-damage|p1b: Volcarona|34\/100 par|[from] move: Magma Storm|[partiallytrapped]\n|upkeep\n|inactive|Brick_Enjoyer_144 has 120 seconds left.\n|\n|t:|1697777632\n|switch|p2a: Gallade|Gallade, M|100\/100\n|turn|3\n|\n|t:|1697777640\n|move|p2b: Heatran|Protect|p2b: Heatran\n|-singleturn|p2b: Heatran|Protect\n|move|p1a: Espeon|Shadow Ball|p2a: Gallade\n|-supereffective|p2a: Gallade\n|-damage|p2a: Gallade|40\/100\n|move|p2a: Gallade|Agility|p2a: Gallade\n|-boost|p2a: Gallade|spe|2\n|move|p1b: Volcarona|Bug Buzz|p2a: Gallade\n|-damage|p2a: Gallade|0 fnt\n|faint|p2a: Gallade\n|\n|-damage|p1b: Volcarona|22\/100 par|[from] item: Black Sludge\n|-heal|p2b: Heatran|94\/100|[from] item: Leftovers\n|-damage|p1a: Espeon|8\/100|[from] move: Magma Storm|[partiallytrapped]\n|-damage|p1b: Volcarona|10\/100 par|[from] move: Magma Storm|[partiallytrapped]\n|upkeep\n|\n|t:|1697777660\n|switch|p2a: Ogerpon|Ogerpon-Hearthflame, F|100\/100\n|-ability|p2a: Ogerpon|Mold Breaker\n|turn|4\n|\n|t:|1697777680\n|move|p1a: Espeon|Psyshock|p2a: Ogerpon\n|-damage|p2a: Ogerpon|49\/100\n|move|p2a: Ogerpon|Swords Dance|p2a: Ogerpon\n|-boost|p2a: Ogerpon|atk|2\n|move|p1b: Volcarona|Flamethrower|p2a: Ogerpon\n|-damage|p2a: Ogerpon|0 fnt\n|faint|p2a: Ogerpon\n|move|p2b: Heatran|Magma Storm|p1a: Espeon\n|-damage|p1a: Espeon|0 fnt\n|faint|p1a: Espeon\n|\n|-damage|p1b: Volcarona|0 fnt|[from] item: Black Sludge\n|faint|p1b: Volcarona\n|-heal|p2b: Heatran|100\/100|[from] item: Leftovers\n|upkeep\n|\n|t:|1697777702\n|switch|p2a: Espeon|Espeon, F|100\/100\n|switch|p1a: Milotic|Milotic, F|100\/100\n|switch|p1b: Gliscor|Gliscor, F|100\/100\n|turn|5\n|\n|t:|1697777722\n|move|p2a: Espeon|Grass Knot|p1a: Milotic\n|-supereffective|p1a: Milotic\n|-damage|p1a: Milotic|22\/100\n|move|p1b: Gliscor|Knock Off|p2a: Espeon\n|-supereffective|p2a: Espeon\n|-damage|p2a: Espeon|0 fnt\n|-enditem|p2a: Espeon|Choice Specs|[from] move: Knock Off|[of] p1b: Gliscor\n|faint|p2a: Espeon\n|move|p1a: Milotic|Hydro Pump|p2b: Heatran\n|-supereffective|p2b: Heatran\n|-damage|p2b: Heatran|32\/100\n|move|p2b: Heatran|Stealth Rock|p1b: Gliscor\n|-sidestart|p1: Cavzuy|move: Stealth Rock\n|\n|-heal|p1a: Milotic|28\/100|[from] item: Leftovers\n|-heal|p2b: Heatran|38\/100|[from] item: Leftovers\n|-status|p1b: Gliscor|tox|[from] item: Toxic Orb\n|upkeep\n|\n|t:|1697777733\n|switch|p2a: Urshifu|Urshifu-Rapid-Strike, M|100\/100\n|turn|6\n|\n|t:|1697777746\n|move|p2b: Heatran|Protect|p2b: Heatran\n|-singleturn|p2b: Heatran|Protect\n|move|p2a: Urshifu|Ice Spinner|p1b: Gliscor\n|-supereffective|p1b: Gliscor\n|-damage|p1b: Gliscor|0 fnt\n|faint|p1b: Gliscor\n|move|p1a: Milotic|Recover|p1a: Milotic\n|-heal|p1a: Milotic|78\/100\n|\n|-heal|p1a: Milotic|84\/100|[from] item: Leftovers\n|-heal|p2b: Heatran|45\/100|[from] item: Leftovers\n|upkeep\n|\n|t:|1697777759\n|switch|p1b: Mew|Mew|100\/100\n|-damage|p1b: Mew|88\/100|[from] Stealth Rock\n|turn|7\n|\n|t:|1697777773\n|move|p2a: Urshifu|Ice Spinner|p1b: Mew\n|-damage|p1b: Mew|55\/100\n|-zpower|p1b: Mew\n|move|p1b: Mew|Genesis Supernova|p2a: Urshifu|[zeffect]\n|-supereffective|p2a: Urshifu\n|-damage|p2a: Urshifu|0 fnt\n|-fieldstart|move: Psychic Terrain\n|faint|p2a: Urshifu\n|move|p1a: Milotic|Hydro Pump|p2b: Heatran\n|-supereffective|p2b: Heatran\n|-crit|p2b: Heatran\n|-damage|p2b: Heatran|0 fnt\n|faint|p2b: Heatran\n|\n|win|Cavzuy\n|raw|Cavzuy's rating: 1046 &rarr; <strong>1090<\/strong><br \/>(+44 for winning)\n|raw|Brick_Enjoyer_144's rating: 1159 &rarr; <strong>1126<\/strong><br \/>(-33 for losing)\n","uploadtime":1697777777,"views":13,"p1id":"cavzuy","p2id":"brickenjoyer144","formatid":"gen9nationaldexdoubles","rating":1090,"private":0,"password":""}