{"id":"gen9nationaldexdoubles-1998040270","p1":"cooolguy420","p2":"its_notacewastaken","format":"[Gen 9] National Dex Doubles","log":"|j|\u2606cooolguy420\n|j|\u2606its_notacewastaken\n|t:|1700882441\n|gametype|doubles\n|player|p1|cooolguy420|infielder|1326\n|player|p2|its_notacewastaken|giovanni|1143\n|teamsize|p1|6\n|teamsize|p2|6\n|gen|9\n|tier|[Gen 9] National Dex Doubles\n|rated|\n|rule|HP Percentage Mod: HP is shown in percentages\n|rule|Endless Battle Clause: Forcing endless battles is banned\n|rule|OHKO Clause: OHKO moves are banned\n|rule|Evasion Moves Clause: Evasion moves are banned\n|rule|Evasion Abilities Clause: Evasion abilities are banned\n|rule|Species Clause: Limit one of each Pok\u00e9mon\n|rule|Gravity Sleep Clause: The combination of sleep-inducing moves with imperfect accuracy and Gravity or Gigantamax Orbeetle are banned\n|clearpoke\n|poke|p1|Indeedee-F, F|\n|poke|p1|Ursaluna, M|\n|poke|p1|Glimmora, F|\n|poke|p1|Kingambit, F|\n|poke|p1|Urshifu-*, M|\n|poke|p1|Alakazam, M|\n|poke|p2|Chien-Pao|\n|poke|p2|Dragapult, M|\n|poke|p2|Clefable, F|\n|poke|p2|Garganacl, M|\n|poke|p2|Hippowdon, M|\n|poke|p2|Kartana|\n|teampreview\n|\n|t:|1700882481\n|start\n|switch|p1a: Kingambit|Kingambit, F|100\/100\n|switch|p1b: Urshifu|Urshifu-Rapid-Strike, M|100\/100\n|switch|p2a: Moto Moto|Hippowdon, M|100\/100\n|switch|p2b: Basalt|Garganacl, M|100\/100\n|-weather|Sandstorm|[from] ability: Sand Stream|[of] p2a: Moto Moto\n|turn|1\n|\n|t:|1700882508\n|-terastallize|p2b: Basalt|Fairy\n|move|p1b: Urshifu|Surging Strikes|p2a: Moto Moto\n|-supereffective|p2a: Moto Moto\n|-crit|p2a: Moto Moto\n|-damage|p2a: Moto Moto|78\/100\n|-damage|p1b: Urshifu|84\/100|[from] item: Rocky Helmet|[of] p2a: Moto Moto\n|-supereffective|p2a: Moto Moto\n|-crit|p2a: Moto Moto\n|-damage|p2a: Moto Moto|53\/100\n|-damage|p1b: Urshifu|68\/100|[from] item: Rocky Helmet|[of] p2a: Moto Moto\n|-supereffective|p2a: Moto Moto\n|-crit|p2a: Moto Moto\n|-damage|p2a: Moto Moto|28\/100\n|-damage|p1b: Urshifu|51\/100|[from] item: Rocky Helmet|[of] p2a: Moto Moto\n|-hitcount|p2a: Moto Moto|3\n|move|p2a: Moto Moto|Sand Tomb|p1a: Kingambit\n|-supereffective|p1a: Kingambit\n|-damage|p1a: Kingambit|82\/100\n|-activate|p1a: Kingambit|move: Sand Tomb|[of] p2a: Moto Moto\n|move|p2b: Basalt|Salt Cure|p1a: Kingambit\n|-resisted|p1a: Kingambit\n|-damage|p1a: Kingambit|78\/100\n|-start|p1a: Kingambit|Salt Cure\n|move|p1a: Kingambit|Iron Head|p2b: Basalt\n|-supereffective|p2b: Basalt\n|-damage|p2b: Basalt|34\/100\n|\n|-weather|Sandstorm|[upkeep]\n|-damage|p1b: Urshifu|45\/100|[from] Sandstorm\n|-damage|p2b: Basalt|27\/100|[from] Sandstorm\n|-heal|p2b: Basalt|34\/100|[from] item: Leftovers\n|-damage|p1a: Kingambit|53\/100|[from] Salt Cure\n|-damage|p1a: Kingambit|40\/100|[from] move: Sand Tomb|[partiallytrapped]\n|upkeep\n|turn|2\n|\n|t:|1700882546\n|switch|p1b: Glimmora|Glimmora, F|100\/100\n|-terastallize|p1a: Kingambit|Fire\n|move|p2a: Moto Moto|Sand Tomb|p1b: Glimmora\n|-supereffective|p1b: Glimmora\n|-damage|p1b: Glimmora|45\/100\n|-activate|p1b: Glimmora|move: Sand Tomb|[of] p2a: Moto Moto\n|-activate|p1b: Glimmora|ability: Toxic Debris\n|-sidestart|p2: its_notacewastaken|move: Toxic Spikes\n|move|p2b: Basalt|Recover|p2b: Basalt\n|-heal|p2b: Basalt|84\/100\n|move|p1a: Kingambit|Iron Head|p2b: Basalt\n|-supereffective|p2b: Basalt\n|-crit|p2b: Basalt\n|-damage|p2b: Basalt|0 fnt\n|faint|p2b: Basalt\n|\n|-weather|Sandstorm|[upkeep]\n|-damage|p1a: Kingambit|34\/100|[from] Sandstorm\n|-damage|p1b: Glimmora|33\/100|[from] move: Sand Tomb|[partiallytrapped]\n|-damage|p1a: Kingambit|22\/100|[from] move: Sand Tomb|[partiallytrapped]\n|-damage|p1a: Kingambit|9\/100|[from] Salt Cure\n|upkeep\n|\n|t:|1700882571\n|switch|p2b: Chien-Pao|Chien-Pao|100\/100\n|-status|p2b: Chien-Pao|psn\n|-ability|p2b: Chien-Pao|Sword of Ruin\n|turn|3\n|\n|t:|1700882585\n|move|p2b: Chien-Pao|Protect|p2b: Chien-Pao\n|-singleturn|p2b: Chien-Pao|Protect\n|move|p1b: Glimmora|Spiky Shield|p1b: Glimmora\n|-singleturn|p1b: Glimmora|move: Protect\n|move|p1a: Kingambit|Sucker Punch||[still]\n|-fail|p1a: Kingambit\n|move|p2a: Moto Moto|Slack Off|p2a: Moto Moto\n|-heal|p2a: Moto Moto|78\/100\n|\n|-weather|Sandstorm|[upkeep]\n|-damage|p2b: Chien-Pao|95\/100 psn|[from] Sandstorm\n|-damage|p1a: Kingambit|3\/100|[from] Sandstorm\n|-damage|p2b: Chien-Pao|82\/100 psn|[from] psn\n|-damage|p1b: Glimmora|20\/100|[from] move: Sand Tomb|[partiallytrapped]\n|-damage|p1a: Kingambit|0 fnt|[from] Salt Cure\n|faint|p1a: Kingambit\n|upkeep\n|\n|t:|1700882602\n|switch|p1a: Urshifu|Urshifu-Rapid-Strike, M|45\/100\n|turn|4\n|\n|t:|1700882627\n|move|p1a: Urshifu|Surging Strikes|p2b: Chien-Pao\n|-crit|p2b: Chien-Pao\n|-damage|p2b: Chien-Pao|50\/100 psn\n|-crit|p2b: Chien-Pao\n|-damage|p2b: Chien-Pao|18\/100 psn\n|-crit|p2b: Chien-Pao\n|-damage|p2b: Chien-Pao|0 fnt\n|faint|p2b: Chien-Pao\n|-hitcount|p2: Chien-Pao|3\n|move|p1b: Glimmora|Mortal Spin|p2a: Moto Moto\n|-resisted|p2a: Moto Moto\n|-damage|p2a: Moto Moto|76\/100\n|-status|p2a: Moto Moto|psn\n|-damage|p1b: Glimmora|4\/100|[from] item: Rocky Helmet|[of] p2a: Moto Moto\n|-end|p1b: Glimmora|Sand Tomb|[partiallytrapped]\n|move|p2a: Moto Moto|Slack Off|p2a: Moto Moto\n|-heal|p2a: Moto Moto|100\/100 psn\n|\n|-weather|Sandstorm|[upkeep]\n|-damage|p1a: Urshifu|39\/100|[from] Sandstorm\n|-damage|p2a: Moto Moto|88\/100 psn|[from] psn\n|upkeep\n|c|\u2606its_notacewastaken|im surprised you are faster\n|c|\u2606cooolguy420|scarf\n|\n|t:|1700882644\n|switch|p2b: SHING SHING|Kartana|100\/100\n|turn|5\n|c|\u2606its_notacewastaken|ahhhh\n|\n|t:|1700882666\n|switch|p1a: Ursaluna|Ursaluna, M|100\/100\n|move|p1b: Glimmora|Spiky Shield|p1b: Glimmora\n|-singleturn|p1b: Glimmora|move: Protect\n|move|p2b: SHING SHING|Leaf Blade|p1a: Ursaluna\n|-supereffective|p1a: Ursaluna\n|-crit|p1a: Ursaluna\n|-damage|p1a: Ursaluna|0 fnt\n|faint|p1a: Ursaluna\n|-ability|p2b: SHING SHING|Beast Boost|boost\n|-boost|p2b: SHING SHING|atk|1\n|move|p2a: Moto Moto|Stealth Rock|p1b: Glimmora\n|-sidestart|p1: cooolguy420|move: Stealth Rock\n|\n|-weather|none\n|-damage|p2a: Moto Moto|76\/100 psn|[from] psn\n|upkeep\n|c|\u2606its_notacewastaken|i see now\n|c|\u2606its_notacewastaken|do you like my\n|c|\u2606its_notacewastaken|SHING SHING\n|\n|t:|1700882682\n|switch|p1a: Alakazam|Alakazam, M|100\/100\n|-damage|p1a: Alakazam|88\/100|[from] Stealth Rock\n|turn|6\n|c|\u2606its_notacewastaken|very cool i know\n|\n|t:|1700882700\n|detailschange|p1a: Alakazam|Alakazam-Mega, M\n|-mega|p1a: Alakazam|Alakazam|Alakazite\n|-weather|Sandstorm|[from] ability: Sand Stream|[of] p1a: Alakazam\n|-ability|p1a: Alakazam|Sand Stream|[from] ability: Trace|[of] p2a: Moto Moto\n|move|p2b: SHING SHING|Leaf Blade|p1a: Alakazam\n|-crit|p1a: Alakazam\n|-damage|p1a: Alakazam|0 fnt\n|faint|p1a: Alakazam\n|-ability|p2b: SHING SHING|Beast Boost|boost\n|-boost|p2b: SHING SHING|atk|1\n|move|p1b: Glimmora|Power Gem|p2b: SHING SHING\n|-resisted|p2b: SHING SHING\n|-damage|p2b: SHING SHING|46\/100\n|move|p2a: Moto Moto|Sand Tomb|p1b: Glimmora\n|-supereffective|p1b: Glimmora\n|-damage|p1b: Glimmora|0 fnt\n|-activate|p1b: Glimmora|ability: Toxic Debris\n|-sidestart|p2: its_notacewastaken|move: Toxic Spikes\n|faint|p1b: Glimmora\n|\n|-weather|Sandstorm|[upkeep]\n|-damage|p2a: Moto Moto|63\/100 psn|[from] psn\n|upkeep\n|c|\u2606its_notacewastaken|don't you dare mega!\n|c|\u2606its_notacewastaken|ah fuck\n|c|\u2606its_notacewastaken|nvm\n|c|\u2606its_notacewastaken|SHING SHING YOU CAN DO IT!\n|\n|t:|1700882715\n|switch|p1a: Indeedee|Indeedee-F, F|100\/100\n|switch|p1b: Urshifu|Urshifu-Rapid-Strike, M|39\/100\n|-damage|p1b: Urshifu|33\/100|[from] Stealth Rock\n|-damage|p1a: Indeedee|88\/100|[from] Stealth Rock\n|-fieldstart|move: Psychic Terrain|[from] ability: Psychic Surge|[of] p1a: Indeedee\n|turn|7\n|c|\u2606its_notacewastaken|SHING SHING SHING\n|\n|t:|1700882733\n|move|p1a: Indeedee|Follow Me|p1a: Indeedee\n|-singleturn|p1a: Indeedee|move: Follow Me\n|move|p2b: SHING SHING|Leaf Blade|p1a: Indeedee\n|-damage|p1a: Indeedee|0 fnt\n|faint|p1a: Indeedee\n|-ability|p2b: SHING SHING|Beast Boost|boost\n|-boost|p2b: SHING SHING|atk|1\n|move|p1b: Urshifu|Drain Punch|p2b: SHING SHING\n|-supereffective|p2b: SHING SHING\n|-damage|p2b: SHING SHING|0 fnt\n|-heal|p1b: Urshifu|50\/100|[from] drain|[of] p2b: SHING SHING\n|faint|p2b: SHING SHING\n|move|p2a: Moto Moto|Sand Tomb|p1b: Urshifu|[miss]\n|-miss|p2a: Moto Moto|p1b: Urshifu\n|\n|-weather|Sandstorm|[upkeep]\n|-damage|p1b: Urshifu|44\/100|[from] Sandstorm\n|-damage|p2a: Moto Moto|51\/100 psn|[from] psn\n|upkeep\n|c|\u2606its_notacewastaken|interesting\n|c|\u2606its_notacewastaken|but you lost i believe\n|c|\u2606its_notacewastaken|gg\n|c|\u2606its_notacewastaken|rip that sand tomb!\n|c|\u2606cooolguy420|gg\n|\n|t:|1700882754\n|switch|p2b: Cupid|Clefable, F|100\/100\n|-status|p2b: Cupid|tox\n|turn|8\n|\n|t:|1700882765\n|move|p2b: Cupid|Follow Me|p2b: Cupid\n|-singleturn|p2b: Cupid|move: Follow Me\n|move|p1b: Urshifu|Drain Punch|p2b: Cupid\n|-resisted|p2b: Cupid\n|-damage|p2b: Cupid|85\/100 tox\n|-heal|p1b: Urshifu|53\/100|[from] drain|[of] p2b: Cupid\n|move|p2a: Moto Moto|Sand Tomb|p1b: Urshifu\n|-damage|p1b: Urshifu|40\/100\n|-activate|p1b: Urshifu|move: Sand Tomb|[of] p2a: Moto Moto\n|\n|-weather|Sandstorm|[upkeep]\n|-damage|p1b: Urshifu|33\/100|[from] Sandstorm\n|-heal|p2b: Cupid|91\/100 tox|[from] item: Leftovers\n|-damage|p2a: Moto Moto|39\/100 psn|[from] psn\n|-damage|p1b: Urshifu|21\/100|[from] move: Sand Tomb|[partiallytrapped]\n|upkeep\n|turn|9\n|\n|t:|1700882795\n|move|p1b: Urshifu|Drain Punch|p2b: Cupid\n|-resisted|p2b: Cupid\n|-damage|p2b: Cupid|76\/100 tox\n|-heal|p1b: Urshifu|30\/100|[from] drain|[of] p2b: Cupid\n|move|p2b: Cupid|Moonblast|p1b: Urshifu\n|-supereffective|p1b: Urshifu\n|-damage|p1b: Urshifu|0 fnt\n|faint|p1b: Urshifu\n|\n|win|its_notacewastaken\n|raw|cooolguy420's rating: 1326 &rarr; <strong>1296<\/strong><br \/>(-30 for losing)\n|raw|its_notacewastaken's rating: 1143 &rarr; <strong>1180<\/strong><br \/>(+37 for winning)\n|c|\u2606its_notacewastaken|GG\n|l|\u2606cooolguy420\n","uploadtime":1700882806,"views":2,"p1id":"cooolguy420","p2id":"itsnotacewastaken","formatid":"gen9nationaldexdoubles","rating":1180,"private":0,"password":""}