{"id":"gen9nationaldexdoubles-1994397742","p1":"Shiny_Hero64","p2":"Old McBruh","format":"[Gen 9] National Dex Doubles","log":"|j|\u2606Shiny_Hero64\n|j|\u2606Old McBruh\n|t:|1700439310\n|gametype|doubles\n|player|p1|Shiny_Hero64|grimsley|1403\n|player|p2|Old McBruh|colress|1612\n|teamsize|p1|6\n|teamsize|p2|6\n|gen|9\n|tier|[Gen 9] National Dex Doubles\n|rated|\n|rule|HP Percentage Mod: HP is shown in percentages\n|rule|Endless Battle Clause: Forcing endless battles is banned\n|rule|OHKO Clause: OHKO moves are banned\n|rule|Evasion Moves Clause: Evasion moves are banned\n|rule|Evasion Abilities Clause: Evasion abilities are banned\n|rule|Species Clause: Limit one of each Pok\u00e9mon\n|rule|Gravity Sleep Clause: The combination of sleep-inducing moves with imperfect accuracy and Gravity or Gigantamax Orbeetle are banned\n|clearpoke\n|poke|p1|Indeedee-F, F|\n|poke|p1|Chien-Pao|\n|poke|p1|Alakazam, M|\n|poke|p1|Sneasler, F|\n|poke|p1|Ursaluna-Bloodmoon, M|\n|poke|p1|Deoxys-Attack|\n|poke|p2|Charizard, M|\n|poke|p2|Walking Wake|\n|poke|p2|Whimsicott, F|\n|poke|p2|Flutter Mane|\n|poke|p2|Rillaboom, F|\n|poke|p2|Marshadow|\n|teampreview\n|\n|t:|1700439328\n|start\n|switch|p1a: Deoxys|Deoxys-Attack|100\/100\n|switch|p1b: Chien-Pao|Chien-Pao|100\/100\n|switch|p2a: Annoying Fluffball|Whimsicott, F, shiny|100\/100\n|switch|p2b: Favoritism|Charizard, M, shiny|100\/100\n|-ability|p1a: Deoxys|Pressure\n|-ability|p1b: Chien-Pao|Sword of Ruin\n|turn|1\n|\n|t:|1700439348\n|detailschange|p2b: Favoritism|Charizard-Mega-Y, M, shiny\n|-mega|p2b: Favoritism|Charizard|Charizardite Y\n|-weather|SunnyDay|[from] ability: Drought|[of] p2b: Favoritism\n|move|p2a: Annoying Fluffball|Tailwind|p2a: Annoying Fluffball\n|-sidestart|p2: Old McBruh|move: Tailwind\n|move|p2b: Favoritism|Heat Wave|p1a: Deoxys|[spread] p1b\n|-miss|p2b: Favoritism|p1a: Deoxys\n|-supereffective|p1b: Chien-Pao\n|-damage|p1b: Chien-Pao|0 fnt\n|faint|p1b: Chien-Pao\n|move|p1a: Deoxys|Psycho Boost|p2b: Favoritism\n|-damage|p2b: Favoritism|0 fnt\n|-unboost|p1a: Deoxys|spa|2\n|faint|p2b: Favoritism\n|-damage|p1a: Deoxys|91\/100|[from] item: Life Orb\n|\n|-weather|SunnyDay|[upkeep]\n|upkeep\n|\n|t:|1700439358\n|switch|p1b: Indeedee|Indeedee-F, F|100\/100\n|switch|p2b: you will die|Flutter Mane|100\/100\n|-activate|p2b: you will die|ability: Protosynthesis\n|-start|p2b: you will die|protosynthesisspe\n|-fieldstart|move: Psychic Terrain|[from] ability: Psychic Surge|[of] p1b: Indeedee\n|turn|2\n|\n|t:|1700439402\n|switch|p2a: My death was a lie|Rillaboom, F|100\/100\n|-fieldstart|move: Grassy Terrain|[from] ability: Grassy Surge|[of] p2a: My death was a lie\n|switch|p1a: Fred bear|Ursaluna-Bloodmoon, M|100\/100\n|move|p2b: you will die|Dazzling Gleam|p1b: Indeedee|[spread] p1a,p1b\n|-damage|p1a: Fred bear|55\/100\n|-damage|p1b: Indeedee|63\/100\n|-damage|p2b: you will die|91\/100|[from] item: Life Orb\n|move|p1b: Indeedee|Trick Room|p1b: Indeedee\n|-fieldstart|move: Trick Room|[of] p1b: Indeedee\n|\n|-weather|SunnyDay|[upkeep]\n|-heal|p1a: Fred bear|61\/100|[from] Grassy Terrain\n|-heal|p1a: Fred bear|67\/100|[from] item: Leftovers\n|-heal|p1b: Indeedee|69\/100|[from] Grassy Terrain\n|-heal|p2b: you will die|97\/100|[from] Grassy Terrain\n|upkeep\n|turn|3\n|\n|t:|1700439428\n|move|p2b: you will die|Protect|p2b: you will die\n|-singleturn|p2b: you will die|Protect\n|move|p1b: Indeedee|Follow Me|p1b: Indeedee\n|-singleturn|p1b: Indeedee|move: Follow Me\n|move|p1a: Fred bear|Calm Mind|p1a: Fred bear\n|-boost|p1a: Fred bear|spa|1\n|-boost|p1a: Fred bear|spd|1\n|move|p2a: My death was a lie|U-turn|p1b: Indeedee\n|-supereffective|p1b: Indeedee\n|-damage|p1b: Indeedee|24\/100\n|\n|t:|1700439439\n|switch|p2a: Annoying Fluffball|Whimsicott, F, shiny|100\/100|[from] U-turn\n|\n|-weather|SunnyDay|[upkeep]\n|-heal|p1a: Fred bear|73\/100|[from] Grassy Terrain\n|-heal|p1a: Fred bear|79\/100|[from] item: Leftovers\n|-heal|p1b: Indeedee|30\/100|[from] Grassy Terrain\n|-heal|p2b: you will die|100\/100|[from] Grassy Terrain\n|upkeep\n|turn|4\n|\n|t:|1700439452\n|switch|p1b: Deoxys|Deoxys-Attack|91\/100\n|-ability|p1b: Deoxys|Pressure\n|-end|p2b: you will die|Protosynthesis|[silent]\n|switch|p2b: My death was a lie|Rillaboom, F|100\/100\n|move|p2a: Annoying Fluffball|Taunt|p1b: Deoxys\n|-start|p1b: Deoxys|move: Taunt\n|move|p1a: Fred bear|Blood Moon|p2b: My death was a lie\n|-damage|p2b: My death was a lie|17\/100\n|\n|-weather|SunnyDay|[upkeep]\n|-heal|p1a: Fred bear|85\/100|[from] Grassy Terrain\n|-heal|p1a: Fred bear|91\/100|[from] item: Leftovers\n|-heal|p2b: My death was a lie|23\/100|[from] Grassy Terrain\n|-heal|p1b: Deoxys|97\/100|[from] Grassy Terrain\n|-sideend|p2: Old McBruh|move: Tailwind\n|upkeep\n|turn|5\n|\n|t:|1700439473\n|switch|p2b: you will die|Flutter Mane|100\/100\n|-activate|p2b: you will die|ability: Protosynthesis\n|-start|p2b: you will die|protosynthesisspe\n|switch|p1b: Indeedee|Indeedee-F, F|30\/100\n|-fieldstart|move: Psychic Terrain|[from] ability: Psychic Surge|[of] p1b: Indeedee\n|move|p1a: Fred bear|Protect|p1a: Fred bear\n|-singleturn|p1a: Fred bear|Protect\n|move|p2a: Annoying Fluffball|Moonblast|p1b: Indeedee\n|-damage|p1b: Indeedee|6\/100\n|\n|-weather|none\n|-end|p2b: you will die|Protosynthesis\n|-heal|p1a: Fred bear|97\/100|[from] item: Leftovers\n|upkeep\n|turn|6\n|\n|t:|1700439494\n|move|p2b: you will die|Protect|p2b: you will die\n|-singleturn|p2b: you will die|Protect\n|move|p1a: Fred bear|Blood Moon|p2a: Annoying Fluffball\n|-damage|p2a: Annoying Fluffball|0 fnt\n|faint|p2a: Annoying Fluffball\n|move|p1b: Indeedee|Expanding Force|p2b: you will die\n|-activate|p2b: you will die|move: Protect\n|\n|-heal|p1a: Fred bear|100\/100|[from] item: Leftovers\n|-fieldend|move: Trick Room\n|upkeep\n|\n|t:|1700439501\n|switch|p2a: My death was a lie|Rillaboom, F|23\/100\n|-fieldstart|move: Grassy Terrain|[from] ability: Grassy Surge|[of] p2a: My death was a lie\n|turn|7\n|\n|t:|1700439511\n|switch|p1b: Deoxys|Deoxys-Attack|97\/100\n|-ability|p1b: Deoxys|Pressure\n|move|p1a: Fred bear|Protect|p1a: Fred bear\n|-singleturn|p1a: Fred bear|Protect\n|move|p2b: you will die|Dazzling Gleam|p1b: Deoxys|[spread] p1b\n|-activate|p1a: Fred bear|move: Protect\n|-damage|p1b: Deoxys|0 fnt\n|faint|p1b: Deoxys\n|-damage|p2b: you will die|91\/100|[from] item: Life Orb\n|move|p2a: My death was a lie|Wood Hammer|p1a: Fred bear\n|-activate|p1a: Fred bear|move: Protect\n|\n|-heal|p2b: you will die|97\/100|[from] Grassy Terrain\n|-heal|p2a: My death was a lie|29\/100|[from] Grassy Terrain\n|upkeep\n|\n|t:|1700439516\n|switch|p1b: Indeedee|Indeedee-F, F|6\/100\n|-fieldstart|move: Psychic Terrain|[from] ability: Psychic Surge|[of] p1b: Indeedee\n|turn|8\n|\n|t:|1700439539\n|switch|p1b: Sneasler|Sneasler, F|100\/100\n|-enditem|p1b: Sneasler|Psychic Seed\n|-boost|p1b: Sneasler|spd|1|[from] item: Psychic Seed\n|move|p2b: you will die|Dazzling Gleam|p1a: Fred bear|[spread] p1a,p1b\n|-damage|p1a: Fred bear|69\/100\n|-damage|p1b: Sneasler|65\/100\n|-damage|p2b: you will die|87\/100|[from] item: Life Orb\n|move|p2a: My death was a lie|Wood Hammer|p1a: Fred bear\n|-supereffective|p1a: Fred bear\n|-damage|p1a: Fred bear|0 fnt\n|faint|p1a: Fred bear\n|-damage|p2a: My death was a lie|1\/100|[from] Recoil\n|\n|upkeep\n|\n|t:|1700439548\n|switch|p1a: Alakazam|Alakazam, M|100\/100\n|turn|9\n|\n|t:|1700439560\n|detailschange|p1a: Alakazam|Alakazam-Mega, M\n|-mega|p1a: Alakazam|Alakazam|Alakazite\n|-fieldstart|move: Grassy Terrain|[from] ability: Grassy Surge|[of] p1a: Alakazam\n|-ability|p1a: Alakazam|Grassy Surge|[from] ability: Trace|[of] p2a: My death was a lie\n|move|p2b: you will die|Protect|p2b: you will die\n|-singleturn|p2b: you will die|Protect\n|move|p1b: Sneasler|Dire Claw|p2b: you will die\n|-activate|p2b: you will die|move: Protect\n|move|p1a: Alakazam|Expanding Force|p2b: you will die\n|-activate|p2b: you will die|move: Protect\n|move|p2a: My death was a lie|Wood Hammer|p1a: Alakazam\n|-damage|p1a: Alakazam|0 fnt\n|faint|p1a: Alakazam\n|-damage|p2a: My death was a lie|0 fnt|[from] Recoil\n|faint|p2a: My death was a lie\n|\n|-heal|p1b: Sneasler|71\/100|[from] Grassy Terrain\n|-heal|p2b: you will die|93\/100|[from] Grassy Terrain\n|upkeep\n|c|\u2606Shiny_Hero64|man\n|c|\u2606Old McBruh|lmao\n|c|\u2606Shiny_Hero64|That\u2019s unfortunate\n|\n|t:|1700439587\n|switch|p1a: Indeedee|Indeedee-F, F|6\/100\n|switch|p2a: Waterboards you|Walking Wake|100\/100\n|-fieldstart|move: Psychic Terrain|[from] ability: Psychic Surge|[of] p1a: Indeedee\n|turn|10\n|\n|t:|1700439616\n|-end|p2b: you will die|Protosynthesis|[silent]\n|switch|p2b: Gimme da boosts|Marshadow|100\/100\n|move|p1a: Indeedee|Helping Hand|p1b: Sneasler\n|-singleturn|p1b: Sneasler|Helping Hand|[of] p1a: Indeedee\n|move|p1b: Sneasler|Dire Claw|p2b: Gimme da boosts\n|-resisted|p2b: Gimme da boosts\n|-damage|p2b: Gimme da boosts|54\/100\n|-status|p2b: Gimme da boosts|slp\n|move|p2a: Waterboards you|Hydro Steam|p1a: Indeedee\n|-damage|p1a: Indeedee|0 fnt\n|faint|p1a: Indeedee\n|-damage|p2a: Waterboards you|91\/100|[from] item: Life Orb\n|\n|upkeep\n|turn|11\n|\n|t:|1700439633\n|move|p1b: Sneasler|Dire Claw|p2a: Waterboards you\n|-damage|p2a: Waterboards you|45\/100\n|cant|p2b: Gimme da boosts|slp\n|move|p2a: Waterboards you|Draco Meteor|p1b: Sneasler\n|-damage|p1b: Sneasler|0 fnt\n|-unboost|p2a: Waterboards you|spa|2\n|faint|p1b: Sneasler\n|-damage|p2a: Waterboards you|35\/100|[from] item: Life Orb\n|\n|win|Old McBruh\n|raw|Shiny_Hero64's rating: 1403 &rarr; <strong>1394<\/strong><br \/>(-9 for losing)\n|raw|Old McBruh's rating: 1612 &rarr; <strong>1621<\/strong><br \/>(+9 for winning)\n|c|\u2606Shiny_Hero64|Gg\n|c|\u2606Old McBruh|gg\n|l|\u2606Shiny_Hero64\n","uploadtime":1700439663,"views":32,"p1id":"shinyhero64","p2id":"oldmcbruh","formatid":"gen9nationaldexdoubles","rating":1394,"private":0,"password":""}