{"id":"gen9nationaldexdoubles-1954284879","p1":"CluelessGamer18","p2":"Epilepsy Espeon","format":"[Gen 9] National Dex Doubles","log":"|j|\u2606CluelessGamer18\n|j|\u2606Epilepsy Espeon\n|t:|1695873704\n|gametype|doubles\n|player|p1|CluelessGamer18|2|1168\n|player|p2|Epilepsy Espeon|psychic-gen4|1062\n|teamsize|p1|6\n|teamsize|p2|6\n|gen|9\n|tier|[Gen 9] National Dex Doubles\n|rated|\n|rule|HP Percentage Mod: HP is shown in percentages\n|rule|Endless Battle Clause: Forcing endless battles is banned\n|rule|OHKO Clause: OHKO moves are banned\n|rule|Evasion Moves Clause: Evasion moves are banned\n|rule|Evasion Abilities Clause: Evasion abilities are banned\n|rule|Species Clause: Limit one of each Pok\u00e9mon\n|rule|Gravity Sleep Clause: The combination of sleep-inducing moves with imperfect accuracy and Gravity or Gigantamax Orbeetle are banned\n|clearpoke\n|poke|p1|Drapion, F|\n|poke|p1|Mamoswine, F|\n|poke|p1|Zoroark, M|\n|poke|p1|Nidoking, M|\n|poke|p1|Serperior, M|\n|poke|p1|Metagross|\n|poke|p2|Espeon, F|\n|poke|p2|Lurantis, F|\n|poke|p2|Corsola-Galar, F|\n|poke|p2|Sableye, M|\n|poke|p2|Chimecho, M|\n|poke|p2|Muk-Alola, M|\n|teampreview\n|\n|t:|1695873718\n|start\n|switch|p1a: Drapion|Drapion, F, shiny|100\/100\n|switch|p1b: Metagross|Metagross, shiny|100\/100\n|switch|p2a: Chimecho|Chimecho, M|100\/100\n|switch|p2b: Muk|Muk-Alola, M|100\/100\n|turn|1\n|\n|t:|1695873742\n|replace|p1b: Zoroark|Zoroark, M, shiny\n|-end|p1b: Zoroark|Illusion\n|-zpower|p1b: Zoroark\n|move|p1b: Zoroark|All-Out Pummeling|p2b: Muk|[zeffect]\n|-damage|p2b: Muk|42\/100\n|move|p1a: Drapion|Pursuit|p2a: Chimecho\n|-supereffective|p2a: Chimecho\n|-damage|p2a: Chimecho|59\/100\n|move|p2b: Muk|Rock Polish|p2b: Muk\n|-boost|p2b: Muk|spe|2\n|move|p2a: Chimecho|Skill Swap|p2b: Muk\n|-activate|p2a: Chimecho|move: Skill Swap|||[of] p2b: Muk\n|\n|-heal|p2b: Muk|48\/100|[from] item: Black Sludge\n|-heal|p2a: Chimecho|65\/100|[from] item: Leftovers\n|upkeep\n|turn|2\n|\n|t:|1695873784\n|move|p2b: Muk|Rock Slide|p1b: Zoroark|[spread] p1b\n|-miss|p2b: Muk|p1a: Drapion\n|-damage|p1b: Zoroark|64\/100\n|cant|p1b: Zoroark|flinch\n|move|p1a: Drapion|Pursuit|p2a: Chimecho\n|-supereffective|p2a: Chimecho\n|-damage|p2a: Chimecho|21\/100\n|move|p2a: Chimecho|Heal Pulse|p2b: Muk\n|-heal|p2b: Muk|98\/100\n|\n|-heal|p2b: Muk|100\/100|[from] item: Black Sludge\n|-heal|p2a: Chimecho|28\/100|[from] item: Leftovers\n|upkeep\n|turn|3\n|\n|t:|1695873814\n|move|p2b: Muk|Rock Slide|p1a: Drapion|[spread] p1a,p1b\n|-damage|p1a: Drapion|81\/100\n|-damage|p1b: Zoroark|26\/100\n|move|p1b: Zoroark|Nasty Plot|p1b: Zoroark\n|-boost|p1b: Zoroark|spa|2\n|move|p1a: Drapion|Pursuit|p2a: Chimecho\n|-supereffective|p2a: Chimecho\n|-damage|p2a: Chimecho|0 fnt\n|faint|p2a: Chimecho\n|\n|upkeep\n|\n|t:|1695873825\n|switch|p2a: Lurantis|Lurantis, F|100\/100\n|turn|4\n|\n|t:|1695873855\n|move|p2b: Muk|Rock Slide|p1b: Zoroark|[spread] p1a,p1b\n|-damage|p1a: Drapion|61\/100\n|-damage|p1b: Zoroark|0 fnt\n|faint|p1b: Zoroark\n|move|p1a: Drapion|Pursuit|p2b: Muk\n|-resisted|p2b: Muk\n|-damage|p2b: Muk|87\/100\n|move|p2a: Lurantis|Superpower|p1a: Drapion\n|-damage|p1a: Drapion|34\/100\n|-boost|p2a: Lurantis|atk|1\n|-boost|p2a: Lurantis|def|1\n|\n|-heal|p2b: Muk|93\/100|[from] item: Black Sludge\n|upkeep\n|\n|t:|1695873885\n|switch|p1b: Mamoswine|Mamoswine, F, shiny|100\/100\n|turn|5\n|\n|t:|1695873904\n|-terastallize|p2a: Lurantis|Steel\n|move|p1b: Mamoswine|Protect|p1b: Mamoswine\n|-singleturn|p1b: Mamoswine|Protect\n|move|p2b: Muk|Rock Slide|p1b: Mamoswine|[spread] p1a\n|-activate|p1b: Mamoswine|move: Protect\n|-damage|p1a: Drapion|12\/100\n|move|p1a: Drapion|Pursuit|p2a: Lurantis\n|-damage|p2a: Lurantis|83\/100\n|move|p2a: Lurantis|Superpower|p1b: Mamoswine\n|-activate|p1b: Mamoswine|move: Protect\n|\n|-heal|p2b: Muk|99\/100|[from] item: Black Sludge\n|upkeep\n|turn|6\n|\n|t:|1695873945\n|move|p2b: Muk|Rock Slide|p1a: Drapion|[spread] p1a,p1b\n|-damage|p1a: Drapion|0 fnt\n|-damage|p1b: Mamoswine|79\/100\n|faint|p1a: Drapion\n|move|p1b: Mamoswine|Earthquake|p2a: Lurantis|[spread] \n|-immune|p2b: Muk|[from] ability: Levitate\n|-miss|p1b: Mamoswine|p2a: Lurantis\n|move|p2a: Lurantis|Superpower|p1b: Mamoswine\n|-supereffective|p1b: Mamoswine\n|-damage|p1b: Mamoswine|0 fnt\n|-boost|p2a: Lurantis|atk|1\n|-boost|p2a: Lurantis|def|1\n|faint|p1b: Mamoswine\n|\n|-heal|p2b: Muk|100\/100|[from] item: Black Sludge\n|upkeep\n|\n|t:|1695873982\n|switch|p1a: Serperior|Serperior, M, shiny|100\/100\n|switch|p1b: Metagross|Metagross, shiny|100\/100\n|turn|7\n|\n|t:|1695874006\n|detailschange|p1b: Metagross|Metagross-Mega, shiny\n|-mega|p1b: Metagross|Metagross|Metagrossite\n|move|p2b: Muk|Rock Slide|p1b: Metagross|[spread] p1a,p1b\n|-resisted|p1b: Metagross\n|-damage|p1a: Serperior|80\/100\n|-damage|p1b: Metagross|94\/100\n|cant|p1a: Serperior|flinch\n|move|p1b: Metagross|Meteor Mash|p2b: Muk\n|-crit|p2b: Muk\n|-damage|p2b: Muk|0 fnt\n|faint|p2b: Muk\n|move|p2a: Lurantis|Superpower|p1b: Metagross\n|-damage|p1b: Metagross|60\/100\n|-boost|p2a: Lurantis|atk|1\n|-boost|p2a: Lurantis|def|1\n|\n|-heal|p1a: Serperior|87\/100|[from] item: Leftovers\n|upkeep\n|\n|t:|1695874020\n|switch|p2b: Sableye|Sableye, M|100\/100\n|turn|8\n|\n|t:|1695874037\n|-terastallize|p1a: Serperior|Fire\n|move|p2b: Sableye|Confuse Ray|p1b: Metagross\n|-start|p1b: Metagross|confusion\n|move|p1a: Serperior|Hidden Power|p2a: Lurantis\n|-supereffective|p2a: Lurantis\n|-damage|p2a: Lurantis|36\/100\n|-activate|p1b: Metagross|confusion\n|move|p1b: Metagross|Meteor Mash|p2b: Sableye\n|-damage|p2b: Sableye|45\/100\n|move|p2a: Lurantis|Superpower|p1b: Metagross\n|-damage|p1b: Metagross|17\/100\n|-boost|p2a: Lurantis|atk|1\n|-boost|p2a: Lurantis|def|1\n|\n|-heal|p1a: Serperior|93\/100|[from] item: Leftovers\n|upkeep\n|turn|9\n|\n|t:|1695874066\n|move|p2b: Sableye|Confuse Ray|p1a: Serperior\n|-start|p1a: Serperior|confusion\n|-activate|p1a: Serperior|confusion\n|move|p1a: Serperior|Leaf Storm|p2b: Sableye\n|-damage|p2b: Sableye|0 fnt\n|-boost|p1a: Serperior|spa|2\n|faint|p2b: Sableye\n|-activate|p1b: Metagross|confusion\n|-damage|p1b: Metagross|8\/100|[from] confusion\n|move|p2a: Lurantis|Leech Life|p1b: Metagross\n|-damage|p1b: Metagross|0 fnt\n|-heal|p2a: Lurantis|40\/100|[from] drain|[of] p1b: Metagross\n|faint|p1b: Metagross\n|\n|-heal|p1a: Serperior|99\/100|[from] item: Leftovers\n|upkeep\n|\n|t:|1695874082\n|switch|p1b: Nidoking|Nidoking, M, shiny|100\/100\n|switch|p2b: Espeon|Espeon, F|100\/100\n|turn|10\n|\n|t:|1695874106\n|-activate|p1a: Serperior|confusion\n|-damage|p1a: Serperior|92\/100|[from] confusion\n|move|p2b: Espeon|Psych Up|p1a: Serperior\n|-copyboost|p2b: Espeon|p1a: Serperior|[from] move: Psych Up\n|move|p1b: Nidoking|Sludge Wave|p2a: Lurantis|[spread] p1a,p2b\n|-immune|p2a: Lurantis\n|-damage|p1a: Serperior|41\/100\n|-damage|p2b: Espeon|34\/100\n|move|p2a: Lurantis|Leech Life|p1a: Serperior\n|-resisted|p1a: Serperior\n|-damage|p1a: Serperior|12\/100\n|-heal|p2a: Lurantis|52\/100|[from] drain|[of] p1a: Serperior\n|\n|-heal|p1a: Serperior|18\/100|[from] item: Leftovers\n|upkeep\n|turn|11\n|\n|t:|1695874143\n|-activate|p1a: Serperior|confusion\n|move|p1a: Serperior|Leaf Storm|p2b: Espeon|[miss]\n|-miss|p1a: Serperior|p2b: Espeon\n|move|p2b: Espeon|Psychic|p1b: Nidoking\n|-supereffective|p1b: Nidoking\n|-damage|p1b: Nidoking|0 fnt\n|faint|p1b: Nidoking\n|move|p2a: Lurantis|Leaf Storm|p1a: Serperior\n|-resisted|p1a: Serperior\n|-damage|p1a: Serperior|0 fnt\n|-boost|p2a: Lurantis|spa|2\n|faint|p1a: Serperior\n|\n|win|Epilepsy Espeon\n|raw|CluelessGamer18's rating: 1168 &rarr; <strong>1136<\/strong><br \/>(-32 for losing)\n|raw|Epilepsy Espeon's rating: 1062 &rarr; <strong>1102<\/strong><br \/>(+40 for winning)\n|c|\u2606Epilepsy Espeon|GG\n","uploadtime":1695874158,"views":13,"p1id":"cluelessgamer18","p2id":"epilepsyespeon","formatid":"gen9nationaldexdoubles","rating":1102,"private":0,"password":""}