{"id":"gen9nationaldexdoubles-1982814880","p1":"spacists","p2":"donqaveus","format":"[Gen 9] National Dex Doubles","log":"|j|\u2606spacists\n|j|\u2606donqaveus\n|t:|1699047549\n|gametype|doubles\n|player|p1|spacists|2|1140\n|player|p2|donqaveus|alec-anime|1103\n|teamsize|p1|6\n|teamsize|p2|6\n|gen|9\n|tier|[Gen 9] National Dex Doubles\n|rated|\n|rule|HP Percentage Mod: HP is shown in percentages\n|rule|Endless Battle Clause: Forcing endless battles is banned\n|rule|OHKO Clause: OHKO moves are banned\n|rule|Evasion Moves Clause: Evasion moves are banned\n|rule|Evasion Abilities Clause: Evasion abilities are banned\n|rule|Species Clause: Limit one of each Pok\u00e9mon\n|rule|Gravity Sleep Clause: The combination of sleep-inducing moves with imperfect accuracy and Gravity or Gigantamax Orbeetle are banned\n|clearpoke\n|poke|p1|Azelf|\n|poke|p1|Dracozolt|\n|poke|p1|Liepard, F|\n|poke|p1|Lucario, F|\n|poke|p1|Iron Bundle|\n|poke|p1|Sylveon, F|\n|poke|p2|Pachirisu, F|\n|poke|p2|Kartana|\n|poke|p2|Scizor, M|\n|poke|p2|Glimmora, F|\n|poke|p2|Ferrothorn, M|\n|poke|p2|Gliscor, M|\n|teampreview\n|inactive|Battle timer is ON: inactive players will automatically lose when time's up. (requested by donqaveus)\n|\n|t:|1699047565\n|start\n|switch|p1a: Azelf|Azelf|100\/100\n|switch|p1b: Dracozolt|Dracozolt|100\/100\n|switch|p2a: Q.T|Pachirisu, F, shiny|100\/100\n|switch|p2b: Soul|Kartana, shiny|100\/100\n|turn|1\n|\n|t:|1699047580\n|-terastallize|p1b: Dracozolt|Electric\n|move|p2a: Q.T|Follow Me|p2a: Q.T\n|-singleturn|p2a: Q.T|move: Follow Me\n|move|p1a: Azelf|Sandstorm|p1a: Azelf\n|-weather|Sandstorm\n|move|p1b: Dracozolt|Bolt Beak|p2a: Q.T\n|-resisted|p2a: Q.T\n|-damage|p2a: Q.T|55\/100\n|-zpower|p2b: Soul\n|move|p2b: Soul|Z-Swords Dance|p2b: Soul|[anim]Swords Dance\n|-clearnegativeboost|p2b: Soul|[zeffect]\n|-boost|p2b: Soul|atk|2\n|\n|-weather|Sandstorm|[upkeep]\n|-damage|p2a: Q.T|49\/100|[from] Sandstorm\n|-enditem|p2a: Q.T|Sitrus Berry|[eat]\n|-heal|p2a: Q.T|74\/100|[from] item: Sitrus Berry\n|upkeep\n|turn|2\n|inactive|spacists has 120 seconds left.\n|\n|t:|1699047611\n|move|p1a: Azelf|Ally Switch|p1a: Azelf\n|swap|p1a: Azelf|1|[from] move: Ally Switch\n|move|p2a: Q.T|Follow Me|p2a: Q.T\n|-singleturn|p2a: Q.T|move: Follow Me\n|move|p1a: Dracozolt|Bolt Beak|p2a: Q.T\n|-resisted|p2a: Q.T\n|-damage|p2a: Q.T|26\/100\n|move|p2b: Soul|Sacred Sword|p1b: Azelf\n|-resisted|p1b: Azelf\n|-damage|p1b: Azelf|49\/100\n|\n|-weather|Sandstorm|[upkeep]\n|-damage|p2a: Q.T|20\/100|[from] Sandstorm\n|upkeep\n|turn|3\n|inactive|spacists has 120 seconds left.\n|\n|t:|1699047636\n|move|p1b: Azelf|Ally Switch||[still]\n|-fail|p1b: Azelf\n|move|p2a: Q.T|Follow Me|p2a: Q.T\n|-singleturn|p2a: Q.T|move: Follow Me\n|move|p1a: Dracozolt|Bolt Beak|p2a: Q.T\n|-resisted|p2a: Q.T\n|-damage|p2a: Q.T|0 fnt\n|faint|p2a: Q.T\n|move|p2b: Soul|Leaf Blade|p1a: Dracozolt\n|-damage|p1a: Dracozolt|0 fnt\n|faint|p1a: Dracozolt\n|-ability|p2b: Soul|Beast Boost|boost\n|-boost|p2b: Soul|atk|1\n|\n|-weather|Sandstorm|[upkeep]\n|upkeep\n|inactive|spacists has 120 seconds left.\n|\n|t:|1699047663\n|switch|p1a: Lucario|Lucario, F|100\/100\n|switch|p2a: kaito|Scizor, M|100\/100\n|turn|4\n|\n|t:|1699047689\n|detailschange|p1a: Lucario|Lucario-Mega, F\n|-mega|p1a: Lucario|Lucario|Lucarionite\n|detailschange|p2a: kaito|Scizor-Mega, M\n|-mega|p2a: kaito|Scizor|Scizorite\n|move|p1b: Azelf|Ally Switch|p1b: Azelf\n|swap|p1b: Azelf|0|[from] move: Ally Switch\n|move|p2a: kaito|Bullet Punch|p1b: Lucario\n|-resisted|p1b: Lucario\n|-damage|p1b: Lucario|76\/100\n|move|p1b: Lucario|Close Combat|p2b: Soul\n|-supereffective|p2b: Soul\n|-damage|p2b: Soul|0 fnt\n|-unboost|p1b: Lucario|def|1\n|-unboost|p1b: Lucario|spd|1\n|faint|p2b: Soul\n|\n|-weather|Sandstorm|[upkeep]\n|upkeep\n|inactive|donqaveus has 120 seconds left.\n|\n|t:|1699047706\n|switch|p2b: Smiley|Gliscor, M, shiny|100\/100\n|turn|5\n|\n|t:|1699047716\n|switch|p1a: Iron Bundle|Iron Bundle|100\/100\n|switch|p1b: Sylveon|Sylveon, F|100\/100\n|move|p2a: kaito|Swords Dance|p2a: kaito\n|-boost|p2a: kaito|atk|2\n|move|p2b: Smiley|Earthquake|p1a: Iron Bundle|[spread] p2a,p1a,p1b\n|-damage|p2a: kaito|77\/100\n|-damage|p1a: Iron Bundle|62\/100\n|-damage|p1b: Sylveon|63\/100\n|\n|-weather|none\n|-heal|p1b: Sylveon|69\/100|[from] item: Leftovers\n|-status|p2b: Smiley|tox|[from] item: Toxic Orb\n|upkeep\n|turn|6\n|\n|t:|1699047745\n|-terastallize|p2b: Smiley|Water\n|move|p1b: Sylveon|Protect|p1b: Sylveon\n|-singleturn|p1b: Sylveon|Protect\n|move|p2a: kaito|Bullet Punch|p1b: Sylveon\n|-activate|p1b: Sylveon|move: Protect\n|move|p1a: Iron Bundle|Ice Beam|p2b: Smiley\n|-resisted|p2b: Smiley\n|-damage|p2b: Smiley|77\/100 tox\n|move|p2b: Smiley|Earthquake|p1b: Sylveon|[spread] p2a,p1a\n|-activate|p1b: Sylveon|move: Protect\n|-damage|p2a: kaito|56\/100\n|-damage|p1a: Iron Bundle|24\/100\n|\n|-heal|p1b: Sylveon|75\/100|[from] item: Leftovers\n|-heal|p2b: Smiley|90\/100 tox|[from] ability: Poison Heal\n|upkeep\n|turn|7\n|\n|t:|1699047767\n|move|p2a: kaito|Bullet Punch|p1b: Sylveon\n|-supereffective|p1b: Sylveon\n|-damage|p1b: Sylveon|0 fnt\n|faint|p1b: Sylveon\n|move|p1a: Iron Bundle|Freeze-Dry|p2b: Smiley\n|-supereffective|p2b: Smiley\n|-damage|p2b: Smiley|22\/100 tox\n|move|p2b: Smiley|Earthquake|p1a: Iron Bundle|[spread] p2a,p1a\n|-damage|p2a: kaito|31\/100\n|-damage|p1a: Iron Bundle|0 fnt\n|faint|p1a: Iron Bundle\n|-end|p1a: Iron Bundle|Quark Drive|[silent]\n|\n|-heal|p2b: Smiley|34\/100 tox|[from] ability: Poison Heal\n|upkeep\n|inactive|spacists has 120 seconds left.\n|\n|t:|1699047783\n|switch|p1a: Lucario|Lucario-Mega, F|76\/100\n|switch|p1b: Liepard|Liepard, F|100\/100\n|turn|8\n|\n|t:|1699047800\n|move|p1a: Lucario|Protect|p1a: Lucario\n|-singleturn|p1a: Lucario|Protect\n|move|p1b: Liepard|Fake Out|p2a: kaito\n|-resisted|p2a: kaito\n|-damage|p2a: kaito|27\/100\n|cant|p2a: kaito|flinch\n|move|p2b: Smiley|Earthquake|p1a: Lucario|[spread] p2a,p1b\n|-activate|p1a: Lucario|move: Protect\n|-damage|p2a: kaito|2\/100\n|-damage|p1b: Liepard|31\/100\n|\n|-heal|p2b: Smiley|46\/100 tox|[from] ability: Poison Heal\n|upkeep\n|turn|9\n|\n|t:|1699047825\n|move|p1a: Lucario|Bullet Punch|p2a: kaito\n|-resisted|p2a: kaito\n|-damage|p2a: kaito|0 fnt\n|faint|p2a: kaito\n|move|p1b: Liepard|Dark Pulse|p2b: Smiley\n|-damage|p2b: Smiley|22\/100 tox\n|move|p2b: Smiley|Earthquake|p1b: Liepard|[spread] p1a,p1b\n|-supereffective|p1a: Lucario\n|-damage|p1a: Lucario|1\/100\n|-damage|p1b: Liepard|0 fnt\n|faint|p1b: Liepard\n|\n|-heal|p2b: Smiley|34\/100 tox|[from] ability: Poison Heal\n|upkeep\n|\n|t:|1699047839\n|switch|p1b: Azelf|Azelf|49\/100\n|switch|p2a: Big Randy|Ferrothorn, M|100\/100\n|turn|10\n|\n|t:|1699047861\n|move|p1b: Azelf|Play Rough|p2b: Smiley|[miss]\n|-miss|p1b: Azelf|p2b: Smiley\n|move|p1a: Lucario|Flash Cannon|p2b: Smiley\n|-resisted|p2b: Smiley\n|-damage|p2b: Smiley|10\/100 tox\n|move|p2b: Smiley|Earthquake|p1b: Azelf|[spread] p2a,p1a\n|-immune|p1b: Azelf|[from] ability: Levitate\n|-supereffective|p1a: Lucario\n|-damage|p2a: Big Randy|77\/100\n|-damage|p1a: Lucario|0 fnt\n|faint|p1a: Lucario\n|move|p2a: Big Randy|Knock Off|p1b: Azelf\n|-supereffective|p1b: Azelf\n|-damage|p1b: Azelf|0 fnt\n|-enditem|p1b: Azelf|Safety Goggles|[from] move: Knock Off|[of] p2a: Big Randy\n|faint|p1b: Azelf\n|\n|win|donqaveus\n|raw|spacists's rating: 1140 &rarr; <strong>1112<\/strong><br \/>(-28 for losing)\n|raw|donqaveus's rating: 1103 &rarr; <strong>1131<\/strong><br \/>(+28 for winning)\n|c|\u2606donqaveus|gg\n","uploadtime":1699047879,"views":4,"p1id":"spacists","p2id":"donqaveus","formatid":"gen9nationaldexdoubles","rating":1112,"private":0,"password":""}