{"id":"gen9nationaldexdoubles-1990568280","p1":"Lil barnacle Boi","p2":"Leuco9","format":"[Gen 9] National Dex Doubles","log":"|j|\u2606Lil barnacle Boi\n|j|\u2606Leuco9\n|t:|1699982124\n|gametype|doubles\n|player|p1|Lil barnacle Boi|li|1262\n|player|p2|Leuco9|acetrainer|1293\n|teamsize|p1|6\n|teamsize|p2|6\n|gen|9\n|tier|[Gen 9] National Dex Doubles\n|rated|\n|rule|HP Percentage Mod: HP is shown in percentages\n|rule|Endless Battle Clause: Forcing endless battles is banned\n|rule|OHKO Clause: OHKO moves are banned\n|rule|Evasion Moves Clause: Evasion moves are banned\n|rule|Evasion Abilities Clause: Evasion abilities are banned\n|rule|Species Clause: Limit one of each Pok\u00e9mon\n|rule|Gravity Sleep Clause: The combination of sleep-inducing moves with imperfect accuracy and Gravity or Gigantamax Orbeetle are banned\n|clearpoke\n|poke|p1|Swampert, M|\n|poke|p1|Walking Wake|\n|poke|p1|Pelipper, M|\n|poke|p1|Manaphy|\n|poke|p1|Tornadus, M|\n|poke|p1|Landorus, M|\n|poke|p2|Oricorio-Pom-Pom, F|\n|poke|p2|Volcarona, F|\n|poke|p2|Cresselia, F|\n|poke|p2|Ursaluna, F|\n|poke|p2|Chien-Pao|\n|poke|p2|Dragonite, F|\n|teampreview\n|inactive|Battle timer is ON: inactive players will automatically lose when time's up. (requested by Lil barnacle Boi)\n|\n|t:|1699982150\n|start\n|switch|p1a: Walking Wake|Walking Wake|100\/100\n|switch|p1b: Tornadus|Tornadus, M, shiny|100\/100\n|switch|p2a: Zhang Weili|Chien-Pao|100\/100\n|switch|p2b: Valentina|Dragonite, F|100\/100\n|-ability|p2a: Zhang Weili|Sword of Ruin\n|turn|1\n|\n|t:|1699982175\n|move|p1b: Tornadus|Tailwind|p1b: Tornadus\n|-sidestart|p1: Lil barnacle Boi|move: Tailwind\n|move|p1a: Walking Wake|Draco Meteor|p2b: Valentina\n|-supereffective|p2b: Valentina\n|-damage|p2b: Valentina|30\/100\n|-unboost|p1a: Walking Wake|spa|2\n|-enditem|p2b: Valentina|Weakness Policy\n|-boost|p2b: Valentina|atk|2|[from] item: Weakness Policy\n|-boost|p2b: Valentina|spa|2|[from] item: Weakness Policy\n|move|p2a: Zhang Weili|Ice Spinner|p1a: Walking Wake\n|-damage|p1a: Walking Wake|45\/100\n|move|p2b: Valentina|Dragon Dance|p2b: Valentina\n|-boost|p2b: Valentina|atk|1\n|-boost|p2b: Valentina|spe|1\n|\n|upkeep\n|turn|2\n|\n|t:|1699982195\n|switch|p1b: Pelipper|Pelipper, M, shiny|100\/100\n|-weather|RainDance|[from] ability: Drizzle|[of] p1b: Pelipper\n|move|p2b: Valentina|Protect|p2b: Valentina\n|-singleturn|p2b: Valentina|Protect\n|move|p1a: Walking Wake|Draco Meteor|p2b: Valentina\n|-activate|p2b: Valentina|move: Protect\n|move|p2a: Zhang Weili|Ice Spinner|p1b: Pelipper\n|-damage|p1b: Pelipper|58\/100\n|\n|-weather|RainDance|[upkeep]\n|upkeep\n|turn|3\n|\n|t:|1699982216\n|move|p2b: Valentina|Extreme Speed|p1b: Pelipper\n|-damage|p1b: Pelipper|0 fnt\n|faint|p1b: Pelipper\n|move|p2a: Zhang Weili|Sucker Punch|p1a: Walking Wake\n|-damage|p1a: Walking Wake|0 fnt\n|faint|p1a: Walking Wake\n|-end|p1a: Walking Wake|Protosynthesis|[silent]\n|\n|-weather|RainDance|[upkeep]\n|upkeep\n|\n|t:|1699982231\n|switch|p1a: Manaphy|Manaphy, shiny|100\/100\n|switch|p1b: Landorus|Landorus, M, shiny|100\/100\n|turn|4\n|\n|t:|1699982237\n|-terastallize|p1a: Manaphy|Steel\n|move|p1b: Landorus|Protect|p1b: Landorus\n|-singleturn|p1b: Landorus|Protect\n|move|p2b: Valentina|Protect|p2b: Valentina\n|-singleturn|p2b: Valentina|Protect\n|move|p1a: Manaphy|Tail Glow|p1a: Manaphy\n|-boost|p1a: Manaphy|spa|3\n|move|p2a: Zhang Weili|Ice Spinner|p1b: Landorus\n|-activate|p1b: Landorus|move: Protect\n|\n|-weather|RainDance|[upkeep]\n|-sideend|p1: Lil barnacle Boi|move: Tailwind\n|upkeep\n|turn|5\n|\n|t:|1699982260\n|switch|p1b: Swampert|Swampert, M, shiny|100\/100\n|move|p2b: Valentina|Extreme Speed|p1a: Manaphy\n|-resisted|p1a: Manaphy\n|-damage|p1a: Manaphy|62\/100\n|move|p2a: Zhang Weili|Sucker Punch|p1a: Manaphy\n|-damage|p1a: Manaphy|25\/100\n|move|p1a: Manaphy|Dazzling Gleam|p2b: Valentina|[spread] p2a,p2b\n|-supereffective|p2a: Zhang Weili\n|-supereffective|p2b: Valentina\n|-enditem|p2a: Zhang Weili|Focus Sash\n|-damage|p2a: Zhang Weili|1\/100\n|-damage|p2b: Valentina|0 fnt\n|faint|p2b: Valentina\n|\n|-weather|RainDance|[upkeep]\n|-heal|p1a: Manaphy|31\/100|[from] item: Leftovers\n|upkeep\n|inactive|Leuco9 has 120 seconds left.\n|\n|t:|1699982275\n|switch|p2b: Kim PomPomsible|Oricorio-Pom-Pom, F|100\/100\n|turn|6\n|\n|t:|1699982294\n|detailschange|p1b: Swampert|Swampert-Mega, M, shiny\n|-mega|p1b: Swampert|Swampert|Swampertite\n|move|p2a: Zhang Weili|Sucker Punch||[still]\n|-fail|p2a: Zhang Weili\n|move|p1b: Swampert|Flip Turn|p2a: Zhang Weili\n|-damage|p2a: Zhang Weili|0 fnt\n|faint|p2a: Zhang Weili\n|\n|t:|1699982301\n|switch|p1b: Landorus|Landorus, M, shiny|100\/100|[from] Flip Turn\n|move|p2b: Kim PomPomsible|Tailwind|p2b: Kim PomPomsible\n|-sidestart|p2: Leuco9|move: Tailwind\n|move|p1a: Manaphy|Rest|p1a: Manaphy\n|-status|p1a: Manaphy|slp|[from] move: Rest\n|-heal|p1a: Manaphy|100\/100 slp|[silent]\n|\n|-weather|RainDance|[upkeep]\n|-activate|p1a: Manaphy|ability: Hydration\n|-curestatus|p1a: Manaphy|slp|[msg]\n|upkeep\n|\n|t:|1699982312\n|switch|p2a: Wendy|Volcarona, F|100\/100\n|turn|7\n|\n|t:|1699982329\n|-terastallize|p2a: Wendy|Water\n|move|p2a: Wendy|Quiver Dance|p2a: Wendy\n|-boost|p2a: Wendy|spa|1\n|-boost|p2a: Wendy|spd|1\n|-boost|p2a: Wendy|spe|1\n|-activate|p2b: Kim PomPomsible|ability: Dancer\n|move|p2b: Kim PomPomsible|Quiver Dance|p2b: Kim PomPomsible|[from]ability: Dancer\n|-boost|p2b: Kim PomPomsible|spa|1\n|-boost|p2b: Kim PomPomsible|spd|1\n|-boost|p2b: Kim PomPomsible|spe|1\n|move|p2b: Kim PomPomsible|Revelation Dance|p1a: Manaphy\n|-damage|p1a: Manaphy|32\/100\n|-damage|p2b: Kim PomPomsible|91\/100|[from] item: Life Orb\n|move|p1b: Landorus|Sandsear Storm|p2a: Wendy|[spread] p2a\n|-immune|p2b: Kim PomPomsible\n|-damage|p2a: Wendy|60\/100\n|move|p1a: Manaphy|Dazzling Gleam|p2b: Kim PomPomsible|[spread] p2a,p2b\n|-damage|p2a: Wendy|25\/100\n|-damage|p2b: Kim PomPomsible|37\/100\n|\n|-weather|RainDance|[upkeep]\n|-heal|p1a: Manaphy|38\/100|[from] item: Leftovers\n|upkeep\n|turn|8\n|inactive|Leuco9 has 120 seconds left.\n|\n|t:|1699982360\n|move|p2a: Wendy|Protect|p2a: Wendy\n|-singleturn|p2a: Wendy|Protect\n|move|p2b: Kim PomPomsible|Revelation Dance|p1a: Manaphy\n|-damage|p1a: Manaphy|0 fnt\n|faint|p1a: Manaphy\n|-damage|p2b: Kim PomPomsible|27\/100|[from] item: Life Orb\n|move|p1b: Landorus|Psychic|p2a: Wendy\n|-activate|p2a: Wendy|move: Protect\n|\n|-weather|RainDance|[upkeep]\n|upkeep\n|\n|t:|1699982373\n|switch|p1a: Tornadus|Tornadus, M, shiny|100\/100\n|turn|9\n|\n|t:|1699982393\n|move|p1a: Tornadus|Tailwind|p1a: Tornadus\n|-sidestart|p1: Lil barnacle Boi|move: Tailwind\n|move|p2a: Wendy|Quiver Dance|p2a: Wendy\n|-boost|p2a: Wendy|spa|1\n|-boost|p2a: Wendy|spd|1\n|-boost|p2a: Wendy|spe|1\n|-activate|p2b: Kim PomPomsible|ability: Dancer\n|move|p2b: Kim PomPomsible|Quiver Dance|p2b: Kim PomPomsible|[from]ability: Dancer\n|-boost|p2b: Kim PomPomsible|spa|1\n|-boost|p2b: Kim PomPomsible|spd|1\n|-boost|p2b: Kim PomPomsible|spe|1\n|move|p2b: Kim PomPomsible|Revelation Dance|p1a: Tornadus\n|-supereffective|p1a: Tornadus\n|-damage|p1a: Tornadus|0 fnt\n|faint|p1a: Tornadus\n|-damage|p2b: Kim PomPomsible|17\/100|[from] item: Life Orb\n|move|p1b: Landorus|Psychic|p2a: Wendy\n|-damage|p2a: Wendy|2\/100\n|\n|-weather|none\n|-sideend|p2: Leuco9|move: Tailwind\n|upkeep\n|\n|t:|1699982401\n|switch|p1a: Swampert|Swampert-Mega, M, shiny|100\/100\n|turn|10\n|\n|t:|1699982420\n|move|p1b: Landorus|Psychic|p2a: Wendy\n|-damage|p2a: Wendy|0 fnt\n|faint|p2a: Wendy\n|move|p2b: Kim PomPomsible|Air Slash|p1a: Swampert\n|-damage|p1a: Swampert|27\/100\n|-damage|p2b: Kim PomPomsible|7\/100|[from] item: Life Orb\n|move|p1a: Swampert|Flip Turn|p2b: Kim PomPomsible\n|-damage|p2b: Kim PomPomsible|0 fnt\n|faint|p2b: Kim PomPomsible\n|\n|upkeep\n|\n|t:|1699982427\n|switch|p2a: Selene|Ursaluna, F|100\/100\n|switch|p2b: Mussa|Cresselia, F|100\/100\n|turn|11\n|\n|t:|1699982437\n|move|p2a: Selene|Protect|p2a: Selene\n|-singleturn|p2a: Selene|Protect\n|move|p1b: Landorus|U-turn|p2b: Mussa\n|-supereffective|p2b: Mussa\n|-damage|p2b: Mussa|75\/100\n|-damage|p1b: Landorus|91\/100|[from] item: Life Orb\n|move|p1a: Swampert|Waterfall|p2a: Selene\n|-activate|p2a: Selene|move: Protect\n|move|p2b: Mussa|Trick Room|p2b: Mussa\n|-fieldstart|move: Trick Room|[of] p2b: Mussa\n|\n|-status|p2a: Selene|brn|[from] item: Flame Orb\n|upkeep\n|turn|12\n|\n|t:|1699982452\n|move|p1b: Landorus|Protect|p1b: Landorus\n|-singleturn|p1b: Landorus|Protect\n|move|p2a: Selene|Facade|p1b: Landorus\n|-activate|p1b: Landorus|move: Protect\n|move|p2b: Mussa|Moonblast|p1a: Swampert\n|-damage|p1a: Swampert|11\/100\n|-unboost|p1a: Swampert|spa|1\n|move|p1a: Swampert|Waterfall|p2a: Selene\n|-supereffective|p2a: Selene\n|-damage|p2a: Selene|15\/100 brn\n|\n|-damage|p2a: Selene|9\/100 brn|[from] brn\n|-sideend|p1: Lil barnacle Boi|move: Tailwind\n|upkeep\n|turn|13\n|\n|t:|1699982468\n|move|p2a: Selene|Facade|p1b: Landorus\n|-damage|p1b: Landorus|0 fnt\n|faint|p1b: Landorus\n|move|p2b: Mussa|Moonblast|p1a: Swampert\n|-damage|p1a: Swampert|0 fnt\n|faint|p1a: Swampert\n|\n|win|Leuco9\n|raw|Lil barnacle Boi's rating: 1262 &rarr; <strong>1239<\/strong><br \/>(-23 for losing)\n|raw|Leuco9's rating: 1293 &rarr; <strong>1316<\/strong><br \/>(+23 for winning)\n|l|\u2606Lil barnacle Boi\n|c|\u2606Leuco9|gg\n","uploadtime":1699982480,"views":5,"p1id":"lilbarnacleboi","p2id":"leuco9","formatid":"gen9nationaldexdoubles","rating":1239,"private":0,"password":""}