{"id":"gen9nationaldexdoubles-1998977007","p1":"Psicodelicia96","p2":"mcjuanito","format":"[Gen 9] National Dex Doubles","log":"|j|\u2606Psicodelicia96\n|j|\u2606mcjuanito\n|t:|1701019916\n|gametype|doubles\n|player|p1|Psicodelicia96|burgh|\n|player|p2|mcjuanito|2|\n|teamsize|p1|6\n|teamsize|p2|6\n|gen|9\n|tier|[Gen 9] National Dex Doubles\n|rule|HP Percentage Mod: HP is shown in percentages\n|rule|Endless Battle Clause: Forcing endless battles is banned\n|rule|OHKO Clause: OHKO moves are banned\n|rule|Evasion Moves Clause: Evasion moves are banned\n|rule|Evasion Abilities Clause: Evasion abilities are banned\n|rule|Species Clause: Limit one of each Pok\u00e9mon\n|rule|Gravity Sleep Clause: The combination of sleep-inducing moves with imperfect accuracy and Gravity or Gigantamax Orbeetle are banned\n|clearpoke\n|poke|p1|Oricorio-Pom-Pom, F|\n|poke|p1|Volcarona, F|\n|poke|p1|Cresselia, F|\n|poke|p1|Chien-Pao|\n|poke|p1|Ogerpon-Wellspring, F|\n|poke|p1|Landorus-Therian, M|\n|poke|p2|Roaring Moon|\n|poke|p2|Oricorio-Sensu, F|\n|poke|p2|Ribombee, F|\n|poke|p2|Spinda, M|\n|poke|p2|Cresselia, F|\n|poke|p2|Scizor, M|\n|teampreview\n|\n|t:|1701019938\n|start\n|switch|p1a: Landorus|Landorus-Therian, M, shiny|100\/100\n|switch|p1b: Oricorio|Oricorio-Pom-Pom, F, shiny|100\/100\n|switch|p2a: Oricorio|Oricorio-Sensu, F|100\/100\n|switch|p2b: Spinda|Spinda, M|100\/100\n|-ability|p1a: Landorus|Intimidate|boost\n|-unboost|p2a: Oricorio|atk|1\n|-fail|p2b: Spinda|unboost|Attack|[from] ability: Own Tempo|[of] p2b: Spinda\n|turn|1\n|inactive|Battle timer is ON: inactive players will automatically lose when time's up. (requested by mcjuanito)\n|\n|t:|1701020001\n|move|p1a: Landorus|U-turn|p2b: Spinda\n|-damage|p2b: Spinda|39\/100\n|\n|t:|1701020007\n|switch|p1a: Volcarona|Volcarona, F, shiny|100\/100|[from] U-turn\n|move|p1b: Oricorio|Taunt|p2a: Oricorio\n|-start|p2a: Oricorio|move: Taunt\n|cant|p2a: Oricorio|move: Taunt|Tailwind\n|move|p2b: Spinda|Teeter Dance|p1a: Volcarona|[spread] p2a,p1a,p1b\n|-start|p2a: Oricorio|confusion\n|-start|p1a: Volcarona|confusion\n|-start|p1b: Oricorio|confusion\n|-activate|p2a: Oricorio|ability: Dancer\n|cant|p2a: Oricorio|move: Taunt|Teeter Dance\n|-activate|p1b: Oricorio|ability: Dancer\n|-activate|p1b: Oricorio|confusion\n|-damage|p1b: Oricorio|92\/100|[from] confusion\n|\n|upkeep\n|turn|2\n|\n|t:|1701020035\n|-activate|p1a: Volcarona|confusion\n|-damage|p1a: Volcarona|95\/100|[from] confusion\n|-end|p1b: Oricorio|confusion\n|move|p1b: Oricorio|Tailwind|p1b: Oricorio\n|-sidestart|p1: Psicodelicia96|move: Tailwind\n|-activate|p2a: Oricorio|confusion\n|move|p2a: Oricorio|Revelation Dance|p1b: Oricorio\n|-damage|p1b: Oricorio|42\/100\n|-activate|p1b: Oricorio|ability: Dancer\n|move|p1b: Oricorio|Revelation Dance|p2a: Oricorio|[from]ability: Dancer\n|-supereffective|p2a: Oricorio\n|-damage|p2a: Oricorio|0 fnt\n|faint|p2a: Oricorio\n|move|p2b: Spinda|Last Resort|p1a: Volcarona\n|-damage|p1a: Volcarona|44\/100\n|-damage|p2b: Spinda|23\/100|[from] item: Rocky Helmet|[of] p1a: Volcarona\n|-status|p2b: Spinda|brn|[from] ability: Flame Body|[of] p1a: Volcarona\n|-enditem|p2b: Spinda|Salac Berry|[eat]\n|-boost|p2b: Spinda|spe|1|[from] item: Salac Berry\n|\n|-damage|p2b: Spinda|17\/100 brn|[from] brn\n|upkeep\n|inactive|mcjuanito has 270 seconds left.\n|\n|t:|1701020067\n|switch|p2a: Roaring Moon|Roaring Moon|100\/100\n|-enditem|p2a: Roaring Moon|Booster Energy\n|-activate|p2a: Roaring Moon|ability: Protosynthesis|[fromitem]\n|-start|p2a: Roaring Moon|protosynthesisatk\n|turn|3\n|inactive|mcjuanito has 270 seconds left.\n|inactive|Psicodelicia96 has 270 seconds left.\n|\n|t:|1701020114\n|move|p2a: Roaring Moon|Protect|p2a: Roaring Moon\n|-singleturn|p2a: Roaring Moon|Protect\n|-activate|p1a: Volcarona|confusion\n|move|p1a: Volcarona|Quiver Dance|p1a: Volcarona\n|-boost|p1a: Volcarona|spa|1\n|-boost|p1a: Volcarona|spd|1\n|-boost|p1a: Volcarona|spe|1\n|-activate|p1b: Oricorio|ability: Dancer\n|move|p1b: Oricorio|Quiver Dance|p1b: Oricorio|[from]ability: Dancer\n|-boost|p1b: Oricorio|spa|1\n|-boost|p1b: Oricorio|spd|1\n|-boost|p1b: Oricorio|spe|1\n|move|p1b: Oricorio|Revelation Dance|p2a: Roaring Moon\n|-activate|p2a: Roaring Moon|move: Protect\n|move|p2b: Spinda|Last Resort|p1b: Oricorio\n|-damage|p1b: Oricorio|6\/100\n|\n|-damage|p2b: Spinda|10\/100 brn|[from] brn\n|upkeep\n|turn|4\n|inactive|Psicodelicia96 has 270 seconds left.\n|inactive|mcjuanito has 270 seconds left.\n|\n|t:|1701020142\n|-terastallize|p2a: Roaring Moon|Flying\n|-activate|p1a: Volcarona|confusion\n|-damage|p1a: Volcarona|39\/100|[from] confusion\n|move|p1b: Oricorio|Revelation Dance|p2a: Roaring Moon\n|-supereffective|p2a: Roaring Moon\n|-damage|p2a: Roaring Moon|0 fnt\n|faint|p2a: Roaring Moon\n|-end|p2a: Roaring Moon|Protosynthesis|[silent]\n|move|p2b: Spinda|Last Resort|p1b: Oricorio\n|-damage|p1b: Oricorio|0 fnt\n|faint|p1b: Oricorio\n|\n|-damage|p2b: Spinda|4\/100 brn|[from] brn\n|upkeep\n|inactive|Psicodelicia96 has 270 seconds left.\n|\n|t:|1701020165\n|switch|p2a: Scizor|Scizor, M|100\/100\n|switch|p1b: Chien-Pao|Chien-Pao|100\/100\n|-ability|p1b: Chien-Pao|Sword of Ruin\n|turn|5\n|inactive|Psicodelicia96 has 270 seconds left.\n|inactive|Psicodelicia96 has 240 seconds left.\n|\n|t:|1701020216\n|move|p2a: Scizor|Protect|p2a: Scizor\n|-singleturn|p2a: Scizor|Protect\n|move|p1b: Chien-Pao|Sucker Punch|p2b: Spinda\n|-damage|p2b: Spinda|0 fnt\n|faint|p2b: Spinda\n|-activate|p1a: Volcarona|confusion\n|-damage|p1a: Volcarona|34\/100|[from] confusion\n|\n|-sideend|p1: Psicodelicia96|move: Tailwind\n|upkeep\n|\n|t:|1701020229\n|switch|p2b: Cresselia|Cresselia, F|100\/100\n|turn|6\n|\n|t:|1701020241\n|detailschange|p2a: Scizor|Scizor-Mega, M\n|-mega|p2a: Scizor|Scizor|Scizorite\n|move|p2a: Scizor|Bullet Punch|p1b: Chien-Pao\n|-supereffective|p1b: Chien-Pao\n|-damage|p1b: Chien-Pao|7\/100\n|-end|p1a: Volcarona|confusion\n|move|p1a: Volcarona|Fiery Dance|p2a: Scizor\n|-supereffective|p2a: Scizor\n|-damage|p2a: Scizor|0 fnt\n|faint|p2a: Scizor\n|move|p1b: Chien-Pao|Swords Dance|p1b: Chien-Pao\n|-boost|p1b: Chien-Pao|atk|2\n|move|p2b: Cresselia|Psychic|p1a: Volcarona\n|-damage|p1a: Volcarona|8\/100\n|\n|upkeep\n|\n|t:|1701020256\n|switch|p2a: Ribombee|Ribombee, F|100\/100\n|turn|7\n|inactive|Psicodelicia96 has 270 seconds left.\n|\n|t:|1701020274\n|move|p1a: Volcarona|Fiery Dance|p2a: Ribombee\n|-supereffective|p2a: Ribombee\n|-damage|p2a: Ribombee|0 fnt\n|-boost|p1a: Volcarona|spa|1\n|faint|p2a: Ribombee\n|move|p1b: Chien-Pao|Ice Spinner|p2b: Cresselia\n|-damage|p2b: Cresselia|21\/100\n|move|p2b: Cresselia|Psychic|p1a: Volcarona\n|-damage|p1a: Volcarona|0 fnt\n|faint|p1a: Volcarona\n|\n|-heal|p2b: Cresselia|28\/100|[from] item: Leftovers\n|upkeep\n|inactive|Psicodelicia96 has 270 seconds left.\n|\n|t:|1701020292\n|switch|p1a: Landorus|Landorus-Therian, M, shiny|100\/100\n|-ability|p1a: Landorus|Intimidate|boost\n|-unboost|p2b: Cresselia|atk|1\n|turn|8\n|inactive|Psicodelicia96 has 270 seconds left.\n|\n|t:|1701020315\n|move|p1b: Chien-Pao|Sucker Punch|p2b: Cresselia\n|-supereffective|p2b: Cresselia\n|-damage|p2b: Cresselia|0 fnt\n|faint|p2b: Cresselia\n|\n|win|Psicodelicia96\n|l|\u2606mcjuanito\n","uploadtime":1701020320,"views":4,"p1id":"psicodelicia96","p2id":"mcjuanito","formatid":"gen9nationaldexdoubles","rating":0,"private":0,"password":""}