{"id":"gen9nationaldexdoubles-1981335857","p1":"Redzone92","p2":"El Ryuk456","format":"[Gen 9] National Dex Doubles","log":"|j|\u2606Redzone92\n|j|\u2606El Ryuk456\n|t:|1698884892\n|gametype|doubles\n|player|p1|Redzone92|alder|1201\n|player|p2|El Ryuk456|ingo|1495\n|teamsize|p1|6\n|teamsize|p2|6\n|gen|9\n|tier|[Gen 9] National Dex Doubles\n|rated|\n|rule|HP Percentage Mod: HP is shown in percentages\n|rule|Endless Battle Clause: Forcing endless battles is banned\n|rule|OHKO Clause: OHKO moves are banned\n|rule|Evasion Moves Clause: Evasion moves are banned\n|rule|Evasion Abilities Clause: Evasion abilities are banned\n|rule|Species Clause: Limit one of each Pok\u00e9mon\n|rule|Gravity Sleep Clause: The combination of sleep-inducing moves with imperfect accuracy and Gravity or Gigantamax Orbeetle are banned\n|clearpoke\n|poke|p1|Duraludon, F|\n|poke|p1|Alcremie-Ruby-Cream, F|\n|poke|p1|Orbeetle, F|\n|poke|p1|Blacephalon|\n|poke|p1|Tyranitar, F|\n|poke|p1|Decidueye-Hisui, F|\n|poke|p2|Thundurus-Therian, M|\n|poke|p2|Latias, F|\n|poke|p2|Pelipper, M|\n|poke|p2|Blastoise, M|\n|poke|p2|Gardevoir, F|\n|poke|p2|Meowscarada, M|\n|teampreview\n|\n|t:|1698884914\n|start\n|switch|p1a: Alcremie|Alcremie-Ruby-Cream, F|100\/100\n|switch|p1b: Orbeetle|Orbeetle, F|100\/100\n|switch|p2a: Strike|Thundurus-Therian, M|100\/100\n|switch|p2b: Harbor|Blastoise, M|100\/100\n|-item|p2a: Strike|Choice Specs|[from] ability: Frisk|[of] p1b: Orbeetle|[identify]\n|-item|p2b: Harbor|Leftovers|[from] ability: Frisk|[of] p1b: Orbeetle|[identify]\n|turn|1\n|\n|t:|1698884951\n|switch|p2b: Mine Mine|Pelipper, M|100\/100\n|-weather|RainDance|[from] ability: Drizzle|[of] p2b: Mine Mine\n|move|p2a: Strike|Wildbolt Storm|p1b: Orbeetle|[spread] p1a,p1b\n|-damage|p1a: Alcremie|60\/100\n|-damage|p1b: Orbeetle|46\/100\n|move|p1b: Orbeetle|Sticky Web|p2b: Mine Mine\n|-sidestart|p2: El Ryuk456|move: Sticky Web\n|move|p1a: Alcremie|Mystical Fire|p2a: Strike\n|-damage|p2a: Strike|86\/100\n|-unboost|p2a: Strike|spa|1\n|\n|-weather|RainDance|[upkeep]\n|upkeep\n|turn|2\n|\n|t:|1698884984\n|move|p2a: Strike|Wildbolt Storm|p1a: Alcremie|[spread] p1a,p1b\n|-crit|p1a: Alcremie\n|-damage|p1a: Alcremie|0 fnt\n|-damage|p1b: Orbeetle|15\/100\n|faint|p1a: Alcremie\n|move|p1b: Orbeetle|Light Screen|p1b: Orbeetle\n|-sidestart|p1: Redzone92|move: Light Screen\n|move|p2b: Mine Mine|Scald|p1b: Orbeetle\n|-damage|p1b: Orbeetle|0 fnt\n|faint|p1b: Orbeetle\n|\n|-weather|RainDance|[upkeep]\n|upkeep\n|\n|t:|1698885000\n|switch|p1b: Duraludon|Duraludon, F|100\/100\n|switch|p1a: Decidueye|Decidueye-Hisui, F|100\/100\n|turn|3\n|\n|t:|1698885016\n|switch|p2a: Mirage|Latias, F|100\/100\n|-terastallize|p2b: Mine Mine|Steel\n|move|p1a: Decidueye|Knock Off|p2a: Mirage\n|-supereffective|p2a: Mirage\n|-crit|p2a: Mirage\n|-damage|p2a: Mirage|30\/100\n|move|p1b: Duraludon|Thunderbolt|p2b: Mine Mine\n|-damage|p2b: Mine Mine|64\/100\n|move|p2b: Mine Mine|Hurricane|p1a: Decidueye\n|-supereffective|p1a: Decidueye\n|-damage|p1a: Decidueye|0 fnt\n|faint|p1a: Decidueye\n|\n|-weather|RainDance|[upkeep]\n|upkeep\n|inactive|Battle timer is ON: inactive players will automatically lose when time's up. (requested by El Ryuk456)\n|\n|t:|1698885034\n|switch|p1a: Blacephalon|Blacephalon|100\/100\n|turn|4\n|\n|t:|1698885047\n|-terastallize|p1a: Blacephalon|Fire\n|move|p2b: Mine Mine|Wide Guard|p2b: Mine Mine\n|-singleturn|p2b: Mine Mine|Wide Guard\n|move|p1a: Blacephalon|Heat Wave|p2a: Mirage|[spread] \n|-activate|p2a: Mirage|move: Wide Guard\n|-activate|p2b: Mine Mine|move: Wide Guard\n|move|p2a: Mirage|Icy Wind|p1b: Duraludon|[spread] p1a,p1b\n|-resisted|p1a: Blacephalon\n|-damage|p1a: Blacephalon|94\/100\n|-damage|p1b: Duraludon|83\/100\n|-unboost|p1a: Blacephalon|spe|1\n|-unboost|p1b: Duraludon|spe|1\n|move|p1b: Duraludon|Dark Pulse|p2a: Mirage\n|-supereffective|p2a: Mirage\n|-crit|p2a: Mirage\n|-damage|p2a: Mirage|0 fnt\n|faint|p2a: Mirage\n|\n|-weather|RainDance|[upkeep]\n|upkeep\n|\n|t:|1698885067\n|switch|p2a: Harbor|Blastoise, M|100\/100\n|-activate|p2a: Harbor|move: Sticky Web\n|-unboost|p2a: Harbor|spe|1\n|turn|5\n|\n|t:|1698885074\n|move|p2a: Harbor|Fake Out|p1a: Blacephalon\n|-damage|p1a: Blacephalon|78\/100\n|cant|p1a: Blacephalon|flinch\n|move|p2b: Mine Mine|Scald|p1a: Blacephalon\n|-supereffective|p1a: Blacephalon\n|-damage|p1a: Blacephalon|0 fnt\n|faint|p1a: Blacephalon\n|move|p1b: Duraludon|Thunderbolt|p2a: Harbor\n|-supereffective|p2a: Harbor\n|-damage|p2a: Harbor|49\/100\n|\n|-weather|RainDance|[upkeep]\n|-heal|p2a: Harbor|55\/100|[from] ability: Rain Dish\n|-heal|p2a: Harbor|61\/100|[from] item: Leftovers\n|upkeep\n|\n|t:|1698885087\n|switch|p1a: Tyranitar|Tyranitar, F, shiny|100\/100\n|-weather|Sandstorm|[from] ability: Sand Stream|[of] p1a: Tyranitar\n|turn|6\n|j| wkx6v587\n|inactive|Redzone92 has 120 seconds left.\n|\n|t:|1698885118\n|move|p2a: Harbor|Protect|p2a: Harbor\n|-singleturn|p2a: Harbor|Protect\n|move|p2b: Mine Mine|Tailwind|p2b: Mine Mine\n|-sidestart|p2: El Ryuk456|move: Tailwind\n|move|p1a: Tyranitar|Rock Slide|p2a: Harbor|[spread] p2b\n|-activate|p2a: Harbor|move: Protect\n|-resisted|p2b: Mine Mine\n|-damage|p2b: Mine Mine|46\/100\n|move|p1b: Duraludon|Thunderbolt|p2b: Mine Mine\n|-damage|p2b: Mine Mine|5\/100\n|\n|-weather|Sandstorm|[upkeep]\n|-damage|p2a: Harbor|55\/100|[from] Sandstorm\n|-heal|p2a: Harbor|61\/100|[from] item: Leftovers\n|upkeep\n|turn|7\n|\n|t:|1698885138\n|switch|p2b: Belle|Gardevoir, F, shiny|100\/100\n|-activate|p2b: Belle|move: Sticky Web\n|-unboost|p2b: Belle|spe|1\n|-ability|p2b: Belle|Stalwart|[from] ability: Trace|[of] p1b: Duraludon\n|move|p2a: Harbor|Scald|p1a: Tyranitar\n|-supereffective|p1a: Tyranitar\n|-damage|p1a: Tyranitar|83\/100\n|move|p1a: Tyranitar|Rock Slide|p2b: Belle|[spread] p2b\n|-miss|p1a: Tyranitar|p2a: Harbor\n|-damage|p2b: Belle|65\/100\n|move|p1b: Duraludon|Thunderbolt|p2a: Harbor\n|-supereffective|p2a: Harbor\n|-damage|p2a: Harbor|11\/100\n|\n|-weather|Sandstorm|[upkeep]\n|-damage|p2b: Belle|59\/100|[from] Sandstorm\n|-damage|p2a: Harbor|5\/100|[from] Sandstorm\n|-heal|p2a: Harbor|11\/100|[from] item: Leftovers\n|-heal|p1a: Tyranitar|89\/100|[from] item: Leftovers\n|upkeep\n|turn|8\n|\n|t:|1698885162\n|detailschange|p2b: Belle|Gardevoir-Mega, F, shiny\n|-mega|p2b: Belle|Gardevoir|Gardevoirite\n|move|p2b: Belle|Hyper Voice|p1b: Duraludon|[spread] p1a,p1b\n|-supereffective|p1a: Tyranitar\n|-damage|p1a: Tyranitar|51\/100\n|-damage|p1b: Duraludon|15\/100\n|move|p2a: Harbor|Scald|p1a: Tyranitar\n|-supereffective|p1a: Tyranitar\n|-crit|p1a: Tyranitar\n|-damage|p1a: Tyranitar|7\/100\n|move|p1a: Tyranitar|Iron Head|p2b: Belle\n|-supereffective|p2b: Belle\n|-damage|p2b: Belle|0 fnt\n|faint|p2b: Belle\n|move|p1b: Duraludon|Thunderbolt|p2a: Harbor\n|-supereffective|p2a: Harbor\n|-damage|p2a: Harbor|0 fnt\n|faint|p2a: Harbor\n|\n|-weather|Sandstorm|[upkeep]\n|-heal|p1a: Tyranitar|14\/100|[from] item: Leftovers\n|upkeep\n|\n|t:|1698885180\n|switch|p2b: Strike|Thundurus-Therian, M|86\/100\n|switch|p2a: Mine Mine|Pelipper, M, tera:Steel|5\/100\n|-activate|p2a: Mine Mine|move: Sticky Web\n|-unboost|p2a: Mine Mine|spe|1\n|-weather|RainDance|[from] ability: Drizzle|[of] p2a: Mine Mine\n|turn|9\n|l| wkx6v587\n|\n|t:|1698885203\n|move|p2a: Mine Mine|Wide Guard|p2a: Mine Mine\n|-singleturn|p2a: Mine Mine|Wide Guard\n|move|p2b: Strike|Wildbolt Storm|p1b: Duraludon|[spread] p1a,p1b\n|-resisted|p1b: Duraludon\n|-crit|p1b: Duraludon\n|-damage|p1a: Tyranitar|0 fnt\n|-damage|p1b: Duraludon|0 fnt\n|faint|p1a: Tyranitar\n|faint|p1b: Duraludon\n|\n|win|El Ryuk456\n|raw|Redzone92's rating: 1201 &rarr; <strong>1193<\/strong><br \/>(-8 for losing)\n|raw|El Ryuk456's rating: 1495 &rarr; <strong>1501<\/strong><br \/>(+6 for winning)\n|l|\u2606Redzone92\n","uploadtime":1698885326,"views":15,"p1id":"redzone92","p2id":"elryuk456","formatid":"gen9nationaldexdoubles","rating":1193,"private":0,"password":""}