{"id":"gen9nationaldexdoubles-1962332528","p1":"Theadonia","p2":"Asanaquarian","format":"[Gen 9] National Dex Doubles","log":"|j|\u2606Theadonia\n|j|\u2606Asanaquarian\n|t:|1696732282\n|gametype|doubles\n|player|p1|Theadonia|caitlin|1199\n|player|p2|Asanaquarian|pokemonrangerf|1202\n|teamsize|p1|6\n|teamsize|p2|6\n|gen|9\n|tier|[Gen 9] National Dex Doubles\n|rated|\n|rule|HP Percentage Mod: HP is shown in percentages\n|rule|Endless Battle Clause: Forcing endless battles is banned\n|rule|OHKO Clause: OHKO moves are banned\n|rule|Evasion Moves Clause: Evasion moves are banned\n|rule|Evasion Abilities Clause: Evasion abilities are banned\n|rule|Species Clause: Limit one of each Pok\u00e9mon\n|rule|Gravity Sleep Clause: The combination of sleep-inducing moves with imperfect accuracy and Gravity or Gigantamax Orbeetle are banned\n|clearpoke\n|poke|p1|Delphox, M|\n|poke|p1|Oricorio-Sensu, M|\n|poke|p1|Kommo-o, F|\n|poke|p1|Riolu, M|\n|poke|p1|Cresselia, F|\n|poke|p1|Smeargle, F|\n|poke|p2|Serperior, M|\n|poke|p2|Reuniclus, M|\n|poke|p2|Goodra, F|\n|poke|p2|Klefki, M|\n|poke|p2|Appletun, F|\n|poke|p2|Dondozo, M|\n|teampreview\n|inactive|Battle timer is ON: inactive players will automatically lose when time's up. (requested by Asanaquarian)\n|\n|t:|1696732292\n|start\n|switch|p1a: Delphox|Delphox, M, shiny|100\/100\n|switch|p1b: Kommo-o|Kommo-o, F, shiny|100\/100\n|switch|p2a: Klefki|Klefki, M|100\/100\n|switch|p2b: Reuniclus|Reuniclus, M|100\/100\n|turn|1\n|\n|t:|1696732303\n|switch|p1b: Oricorio|Oricorio-Sensu, M, shiny|100\/100\n|move|p2a: Klefki|Light Screen|p2a: Klefki\n|-sidestart|p2: Asanaquarian|move: Light Screen\n|move|p1a: Delphox|Role Play|p1b: Oricorio\n|-endability|p1a: Delphox|Magician|[from] move: Role Play\n|-ability|p1a: Delphox|Dancer|[from] move: Role Play|[of] p1b: Oricorio\n|move|p2b: Reuniclus|Calm Mind|p2b: Reuniclus\n|-boost|p2b: Reuniclus|spa|1\n|-boost|p2b: Reuniclus|spd|1\n|\n|upkeep\n|turn|2\n|\n|t:|1696732318\n|move|p2a: Klefki|Reflect|p2a: Klefki\n|-sidestart|p2: Asanaquarian|Reflect\n|move|p1a: Delphox|Copycat|p1a: Delphox\n|move|p1a: Delphox|Reflect|p1a: Delphox|[from]move: Copycat\n|-sidestart|p1: Theadonia|Reflect\n|move|p1b: Oricorio|Quiver Dance|p1b: Oricorio\n|-boost|p1b: Oricorio|spa|1\n|-boost|p1b: Oricorio|spd|1\n|-boost|p1b: Oricorio|spe|1\n|-activate|p1a: Delphox|ability: Dancer\n|move|p1a: Delphox|Quiver Dance|p1a: Delphox|[from]ability: Dancer\n|-boost|p1a: Delphox|spa|1\n|-boost|p1a: Delphox|spd|1\n|-boost|p1a: Delphox|spe|1\n|move|p2b: Reuniclus|Psyshock|p1b: Oricorio\n|-damage|p1b: Oricorio|42\/100\n|\n|upkeep\n|turn|3\n|\n|t:|1696732338\n|move|p2a: Klefki|Toxic|p1a: Delphox\n|-status|p1a: Delphox|tox\n|move|p1a: Delphox|Heat Wave|p2b: Reuniclus|[spread] p2a,p2b\n|-supereffective|p2a: Klefki\n|-damage|p2a: Klefki|26\/100\n|-damage|p2b: Reuniclus|80\/100\n|move|p1b: Oricorio|Revelation Dance|p2b: Reuniclus\n|-supereffective|p2b: Reuniclus\n|-damage|p2b: Reuniclus|42\/100\n|-activate|p1a: Delphox|ability: Dancer\n|move|p1a: Delphox|Revelation Dance|p2b: Reuniclus|[from]ability: Dancer\n|-damage|p2b: Reuniclus|17\/100\n|move|p2b: Reuniclus|Psyshock|p1b: Oricorio\n|-damage|p1b: Oricorio|0 fnt\n|faint|p1b: Oricorio\n|\n|-damage|p1a: Delphox|94\/100 tox|[from] psn\n|upkeep\n|\n|t:|1696732349\n|switch|p1b: Kommo-o|Kommo-o, F, shiny|100\/100\n|turn|4\n|\n|t:|1696732360\n|move|p1a: Delphox|Heat Wave|p2a: Klefki|[spread] p2a,p2b\n|-supereffective|p2a: Klefki\n|-damage|p2a: Klefki|0 fnt\n|-damage|p2b: Reuniclus|0 fnt\n|faint|p2a: Klefki\n|faint|p2b: Reuniclus\n|move|p1b: Kommo-o|Clangorous Soul|p1b: Kommo-o\n|-boost|p1b: Kommo-o|atk|1\n|-boost|p1b: Kommo-o|def|1\n|-boost|p1b: Kommo-o|spa|1\n|-boost|p1b: Kommo-o|spd|1\n|-boost|p1b: Kommo-o|spe|1\n|-damage|p1b: Kommo-o|68\/100\n|-activate|p1a: Delphox|ability: Dancer\n|move|p1a: Delphox|Clangorous Soul|p1a: Delphox|[from]ability: Dancer\n|-boost|p1a: Delphox|atk|1\n|-boost|p1a: Delphox|def|1\n|-boost|p1a: Delphox|spa|1\n|-boost|p1a: Delphox|spd|1\n|-boost|p1a: Delphox|spe|1\n|-damage|p1a: Delphox|61\/100 tox\n|\n|-damage|p1a: Delphox|49\/100 tox|[from] psn\n|upkeep\n|\n|t:|1696732383\n|switch|p2a: Dondozo|Dondozo, M|100\/100\n|switch|p2b: Appletun|Appletun, F|100\/100\n|turn|5\n|\n|t:|1696732392\n|switch|p1b: Cresselia|Cresselia, F|100\/100\n|-terastallize|p2b: Appletun|Steel\n|move|p1a: Delphox|Heat Wave|p2a: Dondozo|[spread] p2a,p2b\n|-resisted|p2a: Dondozo\n|-crit|p2a: Dondozo\n|-supereffective|p2b: Appletun\n|-damage|p2a: Dondozo|78\/100\n|-damage|p2b: Appletun|68\/100\n|move|p2b: Appletun|Dragon Pulse|p1b: Cresselia\n|-damage|p1b: Cresselia|80\/100\n|move|p2a: Dondozo|Curse|p2a: Dondozo\n|-unboost|p2a: Dondozo|spe|1\n|-boost|p2a: Dondozo|atk|1\n|-boost|p2a: Dondozo|def|1\n|\n|-heal|p1b: Cresselia|86\/100|[from] item: Leftovers\n|-heal|p2b: Appletun|74\/100|[from] item: Leftovers\n|-damage|p1a: Delphox|30\/100 tox|[from] psn\n|upkeep\n|turn|6\n|\n|t:|1696732414\n|switch|p2b: Goodra|Goodra, F|100\/100\n|move|p1a: Delphox|Heat Wave|p2b: Goodra|[spread] p2a,p2b\n|-resisted|p2a: Dondozo\n|-resisted|p2b: Goodra\n|-damage|p2a: Dondozo|69\/100\n|-damage|p2b: Goodra|93\/100\n|move|p1b: Cresselia|Psych Up|p1a: Delphox\n|-copyboost|p1b: Cresselia|p1a: Delphox|[from] move: Psych Up\n|move|p2a: Dondozo|Curse|p2a: Dondozo\n|-unboost|p2a: Dondozo|spe|1\n|-boost|p2a: Dondozo|atk|1\n|-boost|p2a: Dondozo|def|1\n|\n|-heal|p1b: Cresselia|92\/100|[from] item: Leftovers\n|-damage|p1a: Delphox|6\/100 tox|[from] psn\n|-sideend|p1: Theadonia|Reflect\n|upkeep\n|turn|7\n|\n|t:|1696732434\n|move|p1a: Delphox|Stored Power|p2b: Goodra\n|-damage|p2b: Goodra|56\/100\n|move|p1b: Cresselia|Lunar Blessing|p1b: Cresselia|[spread] p1a,p1b\n|-heal|p1a: Delphox|31\/100 tox\n|-curestatus|p1a: Delphox|tox|[msg]\n|-heal|p1b: Cresselia|100\/100\n|move|p2b: Goodra|Acid Spray|p1b: Cresselia\n|-damage|p1b: Cresselia|97\/100\n|-unboost|p1b: Cresselia|spd|2\n|move|p2a: Dondozo|Curse|p2a: Dondozo\n|-unboost|p2a: Dondozo|spe|1\n|-boost|p2a: Dondozo|atk|1\n|-boost|p2a: Dondozo|def|1\n|\n|-heal|p1b: Cresselia|100\/100|[from] item: Leftovers\n|upkeep\n|turn|8\n|\n|t:|1696732458\n|move|p1a: Delphox|Stored Power|p2a: Dondozo\n|-damage|p2a: Dondozo|22\/100\n|move|p1b: Cresselia|Stored Power|p2a: Dondozo\n|-damage|p2a: Dondozo|0 fnt\n|faint|p2a: Dondozo\n|move|p2b: Goodra|Thunderbolt|p1a: Delphox\n|-damage|p1a: Delphox|18\/100\n|\n|-sideend|p2: Asanaquarian|move: Light Screen\n|upkeep\n|j| wkx3333\n|\n|t:|1696732470\n|switch|p2a: Serperior|Serperior, M|100\/100\n|turn|9\n|\n|t:|1696732479\n|move|p1a: Delphox|Heat Wave|p2b: Goodra|[spread] \n|-miss|p1a: Delphox|p2a: Serperior\n|-enditem|p1a: Delphox|Blunder Policy\n|-boost|p1a: Delphox|spe|2\n|-miss|p1a: Delphox|p2b: Goodra\n|move|p1b: Cresselia|Lunar Blessing|p1b: Cresselia|[spread] p1a,p1b\n|-heal|p1a: Delphox|43\/100\n|move|p2a: Serperior|Hidden Power|p1a: Delphox\n|-supereffective|p1a: Delphox\n|-damage|p1a: Delphox|26\/100\n|move|p2b: Goodra|Thunderbolt|p1a: Delphox\n|-damage|p1a: Delphox|13\/100\n|\n|-sideend|p2: Asanaquarian|Reflect\n|upkeep\n|turn|10\n|\n|t:|1696732495\n|move|p1a: Delphox|Heat Wave|p2b: Goodra|[spread] p2a,p2b\n|-supereffective|p2a: Serperior\n|-resisted|p2b: Goodra\n|-damage|p2a: Serperior|0 fnt\n|-damage|p2b: Goodra|45\/100\n|faint|p2a: Serperior\n|move|p1b: Cresselia|Psych Up|p1a: Delphox\n|-copyboost|p1b: Cresselia|p1a: Delphox|[from] move: Psych Up\n|move|p2b: Goodra|Draco Meteor|p1a: Delphox\n|-damage|p1a: Delphox|0 fnt\n|-unboost|p2b: Goodra|spa|2\n|faint|p1a: Delphox\n|\n|upkeep\n|\n|t:|1696732507\n|switch|p2a: Appletun|Appletun, F, tera:Steel|74\/100\n|switch|p1a: Riolu|Riolu, M|100\/100\n|turn|11\n|\n|t:|1696732514\n|move|p1a: Riolu|Coaching|p1b: Cresselia\n|-boost|p1b: Cresselia|atk|1\n|-boost|p1b: Cresselia|def|1\n|move|p1b: Cresselia|Stored Power|p2a: Appletun\n|-resisted|p2a: Appletun\n|-damage|p2a: Appletun|4\/100\n|move|p2b: Goodra|Flamethrower|p1a: Riolu\n|-damage|p1a: Riolu|82\/100\n|move|p2a: Appletun|Leech Seed|p1b: Cresselia\n|-start|p1b: Cresselia|move: Leech Seed\n|\n|-heal|p2a: Appletun|10\/100|[from] item: Leftovers\n|-damage|p1b: Cresselia|88\/100|[from] Leech Seed|[of] p2a: Appletun\n|-heal|p2a: Appletun|23\/100|[silent]\n|upkeep\n|turn|12\n|\n|t:|1696732538\n|move|p1a: Riolu|Vacuum Wave|p2a: Appletun\n|-supereffective|p2a: Appletun\n|-damage|p2a: Appletun|9\/100\n|move|p1b: Cresselia|Icy Wind|p2b: Goodra|[spread] p2a,p2b\n|-resisted|p2a: Appletun\n|-supereffective|p2b: Goodra\n|-crit|p2b: Goodra\n|-damage|p2a: Appletun|5\/100\n|-damage|p2b: Goodra|24\/100\n|-unboost|p2a: Appletun|spe|1\n|-unboost|p2b: Goodra|spe|1\n|move|p2b: Goodra|Flamethrower|p1a: Riolu\n|-damage|p1a: Riolu|63\/100\n|-status|p1a: Riolu|brn\n|move|p2a: Appletun|Recover|p2a: Appletun\n|-heal|p2a: Appletun|55\/100\n|\n|-heal|p1b: Cresselia|94\/100|[from] item: Leftovers\n|-heal|p2a: Appletun|61\/100|[from] item: Leftovers\n|-damage|p1b: Cresselia|82\/100|[from] Leech Seed|[of] p2a: Appletun\n|-heal|p2a: Appletun|74\/100|[silent]\n|-damage|p1a: Riolu|57\/100 brn|[from] brn\n|upkeep\n|turn|13\n|\n|t:|1696732561\n|move|p1a: Riolu|Coaching|p1b: Cresselia\n|-boost|p1b: Cresselia|atk|1\n|-boost|p1b: Cresselia|def|1\n|move|p1b: Cresselia|Stored Power|p2a: Appletun\n|-resisted|p2a: Appletun\n|-damage|p2a: Appletun|0 fnt\n|faint|p2a: Appletun\n|move|p2b: Goodra|Acid Spray|p1a: Riolu\n|-damage|p1a: Riolu|48\/100 brn\n|-unboost|p1a: Riolu|spd|2\n|\n|-heal|p1b: Cresselia|88\/100|[from] item: Leftovers\n|-damage|p1a: Riolu|42\/100 brn|[from] brn\n|upkeep\n|turn|14\n|c|\u2606Asanaquarian|gg\n|\n|t:|1696732582\n|move|p1a: Riolu|Vacuum Wave|p2b: Goodra\n|-damage|p2b: Goodra|20\/100\n|move|p1b: Cresselia|Stored Power|p2b: Goodra\n|-damage|p2b: Goodra|0 fnt\n|faint|p2b: Goodra\n|\n|win|Theadonia\n|raw|Theadonia's rating: 1199 &rarr; <strong>1224<\/strong><br \/>(+25 for winning)\n|raw|Asanaquarian's rating: 1202 &rarr; <strong>1177<\/strong><br \/>(-25 for losing)\n","uploadtime":1696732591,"views":7,"p1id":"theadonia","p2id":"asanaquarian","formatid":"gen9nationaldexdoubles","rating":1177,"private":0,"password":""}