{"id":"gen9nationaldexdoubles-1948759845","p1":"Tournesun","p2":"El Ryuk456","format":"[Gen 9] National Dex Doubles","log":"|j|\u2606Tournesun\n|j|\u2606El Ryuk456\n|t:|1695300354\n|gametype|doubles\n|player|p1|Tournesun|parasollady|1147\n|player|p2|El Ryuk456|blaine|1278\n|teamsize|p1|6\n|teamsize|p2|6\n|gen|9\n|tier|[Gen 9] National Dex Doubles\n|rated|\n|rule|HP Percentage Mod: HP is shown in percentages\n|rule|Endless Battle Clause: Forcing endless battles is banned\n|rule|OHKO Clause: OHKO moves are banned\n|rule|Evasion Moves Clause: Evasion moves are banned\n|rule|Evasion Abilities Clause: Evasion abilities are banned\n|rule|Species Clause: Limit one of each Pok\u00e9mon\n|rule|Gravity Sleep Clause: The combination of sleep-inducing moves with imperfect accuracy and Gravity or Gigantamax Orbeetle are banned\n|clearpoke\n|poke|p1|Oricorio-Pom-Pom, F|\n|poke|p1|Quaquaval, M|\n|poke|p1|Farigiraf, M|\n|poke|p1|Kingambit, M|\n|poke|p1|Delcatty, F|\n|poke|p1|Gengar, F|\n|poke|p2|Charizard, M|\n|poke|p2|Blastoise, M|\n|poke|p2|Pikachu, M|\n|poke|p2|Meowscarada, M|\n|poke|p2|Ursaluna-Bloodmoon, M|\n|poke|p2|Gardevoir, F|\n|teampreview\n|\n|t:|1695300380\n|start\n|switch|p1a: Quaquaval|Quaquaval, M|100\/100\n|switch|p1b: Oricorio|Oricorio-Pom-Pom, F|100\/100\n|switch|p2a: Charizard|Charizard, M|100\/100\n|switch|p2b: Harbor|Blastoise, M|100\/100\n|turn|1\n|inactive|Battle timer is ON: inactive players will automatically lose when time's up. (requested by El Ryuk456)\n|\n|t:|1695300393\n|detailschange|p2a: Charizard|Charizard-Mega-X, M\n|-mega|p2a: Charizard|Charizard|Charizardite X\n|move|p2b: Harbor|Fake Out|p1b: Oricorio\n|-damage|p1b: Oricorio|88\/100\n|move|p2a: Charizard|Flare Blitz|p1b: Oricorio\n|-damage|p1b: Oricorio|0 fnt\n|faint|p1b: Oricorio\n|-damage|p2a: Charizard|77\/100|[from] Recoil\n|move|p1a: Quaquaval|Feather Dance|p2b: Harbor\n|-unboost|p2b: Harbor|atk|2\n|\n|upkeep\n|\n|t:|1695300408\n|switch|p1b: Farigiraf|Farigiraf, M|100\/100\n|turn|2\n|\n|t:|1695300421\n|move|p2a: Charizard|Roost|p2a: Charizard\n|-heal|p2a: Charizard|100\/100\n|-singleturn|p2a: Charizard|move: Roost\n|move|p1a: Quaquaval|Aqua Step|p2a: Charizard\n|-damage|p2a: Charizard|68\/100\n|-boost|p1a: Quaquaval|spe|1\n|move|p2b: Harbor|Scald|p1a: Quaquaval\n|-resisted|p1a: Quaquaval\n|-damage|p1a: Quaquaval|83\/100\n|move|p1b: Farigiraf|Psychic|p2a: Charizard\n|-damage|p2a: Charizard|21\/100\n|\n|upkeep\n|turn|3\n|\n|t:|1695300438\n|move|p2a: Charizard|Protect|p2a: Charizard\n|-singleturn|p2a: Charizard|Protect\n|move|p1a: Quaquaval|Aqua Step|p2a: Charizard\n|-activate|p2a: Charizard|move: Protect\n|move|p2b: Harbor|Icy Wind|p1a: Quaquaval|[spread] p1a,p1b\n|-resisted|p1a: Quaquaval\n|-damage|p1a: Quaquaval|77\/100\n|-damage|p1b: Farigiraf|93\/100\n|-unboost|p1a: Quaquaval|spe|1\n|-unboost|p1b: Farigiraf|spe|1\n|move|p1b: Farigiraf|Dazzling Gleam|p2b: Harbor|[spread] p2b\n|-activate|p2a: Charizard|move: Protect\n|-damage|p2b: Harbor|86\/100\n|\n|-heal|p2b: Harbor|92\/100|[from] item: Leftovers\n|upkeep\n|turn|4\n|\n|t:|1695300459\n|move|p2a: Charizard|Thunder Punch|p1a: Quaquaval\n|-supereffective|p1a: Quaquaval\n|-crit|p1a: Quaquaval\n|-damage|p1a: Quaquaval|0 fnt\n|faint|p1a: Quaquaval\n|move|p2b: Harbor|Scald|p1b: Farigiraf\n|-damage|p1b: Farigiraf|69\/100\n|move|p1b: Farigiraf|Psychic|p2b: Harbor\n|-damage|p2b: Harbor|57\/100\n|\n|-heal|p2b: Harbor|63\/100|[from] item: Leftovers\n|upkeep\n|\n|t:|1695300470\n|switch|p1a: Delcatty|Delcatty, F|100\/100\n|turn|5\n|\n|t:|1695300481\n|move|p2a: Charizard|Protect|p2a: Charizard\n|-singleturn|p2a: Charizard|Protect\n|move|p1a: Delcatty|Fake Out|p2a: Charizard\n|-activate|p2a: Charizard|move: Protect\n|move|p2b: Harbor|Icy Wind|p1b: Farigiraf|[spread] p1a,p1b\n|-damage|p1a: Delcatty|84\/100\n|-damage|p1b: Farigiraf|61\/100\n|-unboost|p1a: Delcatty|spe|1\n|-unboost|p1b: Farigiraf|spe|1\n|move|p1b: Farigiraf|Dazzling Gleam|p2b: Harbor|[spread] p2b\n|-activate|p2a: Charizard|move: Protect\n|-damage|p2b: Harbor|47\/100\n|\n|-heal|p2b: Harbor|53\/100|[from] item: Leftovers\n|upkeep\n|turn|6\n|\n|t:|1695300503\n|move|p1a: Delcatty|Sucker Punch||[still]\n|-fail|p1a: Delcatty\n|move|p2a: Charizard|Roost|p2a: Charizard\n|-heal|p2a: Charizard|71\/100\n|-singleturn|p2a: Charizard|move: Roost\n|move|p2b: Harbor|Scald|p1a: Delcatty\n|-damage|p1a: Delcatty|36\/100\n|move|p1b: Farigiraf|Trick Room|p1b: Farigiraf\n|-fieldstart|move: Trick Room|[of] p1b: Farigiraf\n|\n|-heal|p2b: Harbor|59\/100|[from] item: Leftovers\n|upkeep\n|turn|7\n|\n|t:|1695300520\n|switch|p1a: Kingambit|Kingambit, M|100\/100\n|-activate|p1a: Kingambit|ability: Supreme Overlord\n|-start|p1a: Kingambit|fallen2|[silent]\n|move|p2a: Charizard|Protect|p2a: Charizard\n|-singleturn|p2a: Charizard|Protect\n|move|p1b: Farigiraf|Psychic|p2a: Charizard\n|-activate|p2a: Charizard|move: Protect\n|move|p2b: Harbor|Scald|p1b: Farigiraf\n|-damage|p1b: Farigiraf|38\/100\n|\n|-heal|p2b: Harbor|65\/100|[from] item: Leftovers\n|upkeep\n|turn|8\n|\n|t:|1695300537\n|switch|p2b: Ursaluna|Ursaluna-Bloodmoon, M|100\/100\n|switch|p2a: Belle|Gardevoir, F, shiny|100\/100\n|-ability|p2a: Belle|Armor Tail|[from] ability: Trace|[of] p1b: Farigiraf\n|move|p1b: Farigiraf|Dazzling Gleam|p2a: Belle|[spread] p2a,p2b\n|-damage|p2a: Belle|83\/100\n|-damage|p2b: Ursaluna|79\/100\n|move|p1a: Kingambit|Kowtow Cleave|p2b: Ursaluna\n|-damage|p2b: Ursaluna|25\/100\n|\n|upkeep\n|turn|9\n|\n|t:|1695300560\n|-terastallize|p1a: Kingambit|Ghost\n|move|p1a: Kingambit|Sucker Punch||[still]\n|cant|p2a: Belle|ability: Armor Tail|Sucker Punch|[of] p1a: Kingambit\n|move|p1b: Farigiraf|Dazzling Gleam|p2a: Belle|[spread] p2a,p2b\n|-damage|p2a: Belle|65\/100\n|-damage|p2b: Ursaluna|5\/100\n|move|p2b: Ursaluna|Hyper Voice|p1b: Farigiraf|[spread] p1a,p1b\n|-damage|p1a: Kingambit|64\/100\n|-damage|p1b: Farigiraf|1\/100\n|-enditem|p2b: Ursaluna|Throat Spray\n|-boost|p2b: Ursaluna|spa|1|[from] item: Throat Spray\n|move|p2a: Belle|Will-O-Wisp|p1a: Kingambit\n|-status|p1a: Kingambit|brn\n|\n|-damage|p1a: Kingambit|58\/100 brn|[from] brn\n|upkeep\n|turn|10\n|-message|Tournesun forfeited.\n|\n|win|El Ryuk456\n|raw|Tournesun's rating: 1147 &rarr; <strong>1131<\/strong><br \/>(-16 for losing)\n|raw|El Ryuk456's rating: 1278 &rarr; <strong>1294<\/strong><br \/>(+16 for winning)\n|l|\u2606Tournesun\n","uploadtime":1695300578,"views":12,"p1id":"tournesun","p2id":"elryuk456","formatid":"gen9nationaldexdoubles","rating":1131,"private":0,"password":""}