{"id":"gen9nationaldexdoubles-1977552248","p1":"Kingofspades13","p2":"flyingferret","format":"[Gen 9] National Dex Doubles","log":"|j|\u2606Kingofspades13\n|j|\u2606flyingferret\n|t:|1698426688\n|gametype|doubles\n|player|p1|Kingofspades13|plasmagrunt-gen5bw|1279\n|player|p2|flyingferret|pilot|1508\n|teamsize|p1|6\n|teamsize|p2|6\n|gen|9\n|tier|[Gen 9] National Dex Doubles\n|rated|\n|rule|HP Percentage Mod: HP is shown in percentages\n|rule|Endless Battle Clause: Forcing endless battles is banned\n|rule|OHKO Clause: OHKO moves are banned\n|rule|Evasion Moves Clause: Evasion moves are banned\n|rule|Evasion Abilities Clause: Evasion abilities are banned\n|rule|Species Clause: Limit one of each Pok\u00e9mon\n|rule|Gravity Sleep Clause: The combination of sleep-inducing moves with imperfect accuracy and Gravity or Gigantamax Orbeetle are banned\n|clearpoke\n|poke|p1|Grapploct, F|\n|poke|p1|Flutter Mane|\n|poke|p1|Volcanion|\n|poke|p1|Rillaboom, M|\n|poke|p1|Empoleon, M|\n|poke|p1|Zygarde|\n|poke|p2|Tornadus, M|\n|poke|p2|Shiftry, M|\n|poke|p2|Grimmsnarl, M|\n|poke|p2|Sinistcha-Masterpiece|\n|poke|p2|Torkoal, M|\n|poke|p2|Zamazenta-*|\n|teampreview\n|\n|t:|1698426705\n|start\n|switch|p1a: Flutter Mane|Flutter Mane|100\/100\n|switch|p1b: Rillaboom|Rillaboom, M|100\/100\n|switch|p2a: Shiftry|Shiftry, M|100\/100\n|switch|p2b: Tornadus|Tornadus, M|100\/100\n|-fieldstart|move: Grassy Terrain|[from] ability: Grassy Surge|[of] p1b: Rillaboom\n|-enditem|p1a: Flutter Mane|Booster Energy\n|-activate|p1a: Flutter Mane|ability: Protosynthesis|[fromitem]\n|-start|p1a: Flutter Mane|protosynthesisspe\n|turn|1\n|\n|t:|1698426725\n|move|p1b: Rillaboom|Fake Out|p2b: Tornadus\n|-damage|p2b: Tornadus|80\/100\n|cant|p2b: Tornadus|flinch\n|move|p1a: Flutter Mane|Dazzling Gleam|p2a: Shiftry|[spread] p2a,p2b\n|-supereffective|p2a: Shiftry\n|-enditem|p2a: Shiftry|Focus Sash\n|-damage|p2a: Shiftry|1\/100\n|-damage|p2b: Tornadus|35\/100\n|move|p2a: Shiftry|Knock Off|p1a: Flutter Mane\n|-damage|p1a: Flutter Mane|32\/100\n|\n|-heal|p1a: Flutter Mane|38\/100|[from] Grassy Terrain\n|-heal|p2a: Shiftry|7\/100|[from] Grassy Terrain\n|upkeep\n|turn|2\n|\n|t:|1698426762\n|move|p2b: Tornadus|Tailwind|p2b: Tornadus\n|-sidestart|p2: flyingferret|move: Tailwind\n|-ability|p2a: Shiftry|Wind Rider|boost\n|-boost|p2a: Shiftry|atk|1\n|move|p1b: Rillaboom|Grassy Glide|p2a: Shiftry\n|-resisted|p2a: Shiftry\n|-damage|p2a: Shiftry|0 fnt\n|faint|p2a: Shiftry\n|move|p1a: Flutter Mane|Dazzling Gleam|p2b: Tornadus\n|-damage|p2b: Tornadus|0 fnt\n|faint|p2b: Tornadus\n|\n|-heal|p1a: Flutter Mane|44\/100|[from] Grassy Terrain\n|upkeep\n|\n|t:|1698426779\n|switch|p2b: Grimmsnarl|Grimmsnarl, M|100\/100\n|switch|p2a: Zamazenta|Zamazenta|100\/100\n|-ability|p2a: Zamazenta|Dauntless Shield|boost\n|-boost|p2a: Zamazenta|def|1\n|turn|3\n|\n|t:|1698426791\n|move|p2b: Grimmsnarl|Reflect|p2b: Grimmsnarl\n|-sidestart|p2: flyingferret|Reflect\n|move|p1b: Rillaboom|Grassy Glide|p2b: Grimmsnarl\n|-damage|p2b: Grimmsnarl|81\/100\n|move|p2a: Zamazenta|Iron Head|p1a: Flutter Mane\n|-supereffective|p1a: Flutter Mane\n|-damage|p1a: Flutter Mane|0 fnt\n|faint|p1a: Flutter Mane\n|-end|p1a: Flutter Mane|Protosynthesis|[silent]\n|\n|-heal|p2b: Grimmsnarl|87\/100|[from] Grassy Terrain\n|upkeep\n|\n|t:|1698426807\n|switch|p1a: Empoleon|Empoleon, M|100\/100\n|turn|4\n|\n|t:|1698426865\n|-terastallize|p1a: Empoleon|Ghost\n|move|p2b: Grimmsnarl|Light Screen|p2b: Grimmsnarl\n|-sidestart|p2: flyingferret|move: Light Screen\n|move|p2a: Zamazenta|Body Press|p1a: Empoleon\n|-immune|p1a: Empoleon\n|move|p1b: Rillaboom|Taunt|p2b: Grimmsnarl\n|-start|p2b: Grimmsnarl|move: Taunt\n|move|p1a: Empoleon|Flash Cannon|p2b: Grimmsnarl\n|-supereffective|p2b: Grimmsnarl\n|-damage|p2b: Grimmsnarl|27\/100\n|\n|-heal|p2b: Grimmsnarl|33\/100|[from] Grassy Terrain\n|upkeep\n|turn|5\n|\n|t:|1698426899\n|switch|p2b: Sinistcha|Sinistcha-Masterpiece|100\/100\n|switch|p1b: Volcanion|Volcanion|100\/100\n|move|p2a: Zamazenta|Crunch|p1a: Empoleon\n|-supereffective|p1a: Empoleon\n|-damage|p1a: Empoleon|58\/100\n|move|p1a: Empoleon|Flash Cannon|p2b: Sinistcha\n|-crit|p2b: Sinistcha\n|-damage|p2b: Sinistcha|29\/100\n|\n|-heal|p2b: Sinistcha|35\/100|[from] Grassy Terrain\n|-heal|p2b: Sinistcha|42\/100|[from] item: Leftovers\n|-heal|p1a: Empoleon|64\/100|[from] Grassy Terrain\n|-heal|p1a: Empoleon|70\/100|[from] item: Leftovers\n|-sideend|p2: flyingferret|move: Tailwind\n|-fieldend|move: Grassy Terrain\n|upkeep\n|turn|6\n|\n|t:|1698426942\n|switch|p2b: Grimmsnarl|Grimmsnarl, M|33\/100\n|move|p2a: Zamazenta|Body Press|p1b: Volcanion\n|-damage|p1b: Volcanion|61\/100\n|move|p1b: Volcanion|Brick Break|p2a: Zamazenta\n|-sideend|p2: flyingferret|Reflect\n|-sideend|p2: flyingferret|move: Light Screen\n|-damage|p2a: Zamazenta|94\/100\n|move|p1a: Empoleon|Flash Cannon|p2b: Grimmsnarl\n|-supereffective|p2b: Grimmsnarl\n|-damage|p2b: Grimmsnarl|0 fnt\n|faint|p2b: Grimmsnarl\n|\n|-heal|p2a: Zamazenta|99\/100|[from] item: Leftovers\n|-heal|p1b: Volcanion|67\/100|[from] item: Leftovers\n|-heal|p1a: Empoleon|77\/100|[from] item: Leftovers\n|upkeep\n|\n|t:|1698426972\n|switch|p2b: Sinistcha|Sinistcha-Masterpiece|42\/100\n|-heal|p2a: Zamazenta|100\/100|[from] ability: Hospitality|[of] p2b: Sinistcha\n|turn|7\n|\n|t:|1698426984\n|-terastallize|p2b: Sinistcha|Water\n|move|p2a: Zamazenta|Iron Defense|p2a: Zamazenta\n|-boost|p2a: Zamazenta|def|2\n|move|p1b: Volcanion|Steam Eruption|p2a: Zamazenta\n|-crit|p2a: Zamazenta\n|-damage|p2a: Zamazenta|40\/100\n|move|p1a: Empoleon|Ice Beam|p2b: Sinistcha\n|-resisted|p2b: Sinistcha\n|-damage|p2b: Sinistcha|24\/100\n|move|p2b: Sinistcha|Trick Room|p2b: Sinistcha\n|-fieldstart|move: Trick Room|[of] p2b: Sinistcha\n|\n|-heal|p1a: Empoleon|83\/100|[from] item: Leftovers\n|-heal|p2b: Sinistcha|30\/100|[from] item: Leftovers\n|-heal|p1b: Volcanion|73\/100|[from] item: Leftovers\n|-heal|p2a: Zamazenta|46\/100|[from] item: Leftovers\n|upkeep\n|turn|8\n|\n|t:|1698427022\n|move|p1a: Empoleon|Haze|p1a: Empoleon\n|-clearallboost\n|move|p1b: Volcanion|Steam Eruption|p2a: Zamazenta\n|-damage|p2a: Zamazenta|9\/100\n|move|p2b: Sinistcha|Matcha Gotcha|p1b: Volcanion|[spread] p1b\n|-miss|p2b: Sinistcha|p1a: Empoleon\n|-damage|p1b: Volcanion|38\/100\n|-heal|p2b: Sinistcha|48\/100|[from] drain|[of] p1b: Volcanion\n|move|p2a: Zamazenta|Body Press|p1b: Volcanion\n|-damage|p1b: Volcanion|13\/100\n|\n|-heal|p1a: Empoleon|89\/100|[from] item: Leftovers\n|-heal|p1b: Volcanion|19\/100|[from] item: Leftovers\n|-heal|p2b: Sinistcha|54\/100|[from] item: Leftovers\n|-heal|p2a: Zamazenta|15\/100|[from] item: Leftovers\n|upkeep\n|turn|9\n|\n|t:|1698427052\n|switch|p1a: Rillaboom|Rillaboom, M|100\/100\n|-fieldstart|move: Grassy Terrain|[from] ability: Grassy Surge|[of] p1a: Rillaboom\n|move|p1b: Volcanion|Heat Wave|p2a: Zamazenta|[spread] p2a,p2b\n|-resisted|p2b: Sinistcha\n|-crit|p2b: Sinistcha\n|-damage|p2a: Zamazenta|0 fnt\n|-damage|p2b: Sinistcha|28\/100\n|-status|p2b: Sinistcha|brn\n|faint|p2a: Zamazenta\n|move|p2b: Sinistcha|Matcha Gotcha|p1b: Volcanion|[spread] p1a,p1b\n|-resisted|p1a: Rillaboom\n|-damage|p1a: Rillaboom|70\/100\n|-heal|p2b: Sinistcha|43\/100 brn|[from] drain|[of] p1a: Rillaboom\n|-damage|p1b: Volcanion|0 fnt\n|-heal|p2b: Sinistcha|53\/100 brn|[from] drain|[of] p1b: Volcanion\n|faint|p1b: Volcanion\n|\n|-heal|p2b: Sinistcha|59\/100 brn|[from] Grassy Terrain\n|-heal|p2b: Sinistcha|65\/100 brn|[from] item: Leftovers\n|-heal|p1a: Rillaboom|76\/100|[from] Grassy Terrain\n|-heal|p1a: Rillaboom|83\/100|[from] item: Leftovers\n|-damage|p2b: Sinistcha|59\/100 brn|[from] brn\n|upkeep\n|\n|t:|1698427076\n|switch|p1b: Empoleon|Empoleon, M, tera:Ghost|89\/100\n|switch|p2a: Torkoal|Torkoal, M|100\/100\n|-weather|SunnyDay|[from] ability: Drought|[of] p2a: Torkoal\n|turn|10\n|\n|t:|1698427091\n|move|p1a: Rillaboom|Grassy Glide|p2b: Sinistcha\n|-supereffective|p2b: Sinistcha\n|-damage|p2b: Sinistcha|0 fnt\n|faint|p2b: Sinistcha\n|move|p2a: Torkoal|Eruption|p1a: Rillaboom|[spread] p1a,p1b\n|-supereffective|p1a: Rillaboom\n|-damage|p1a: Rillaboom|0 fnt\n|-damage|p1b: Empoleon|14\/100\n|faint|p1a: Rillaboom\n|move|p1b: Empoleon|Surf|p2a: Torkoal\n|-supereffective|p2a: Torkoal\n|-damage|p2a: Torkoal|46\/100\n|\n|-weather|SunnyDay|[upkeep]\n|-heal|p2a: Torkoal|52\/100|[from] Grassy Terrain\n|-heal|p1b: Empoleon|21\/100|[from] Grassy Terrain\n|-heal|p1b: Empoleon|27\/100|[from] item: Leftovers\n|upkeep\n|\n|t:|1698427109\n|switch|p1a: Zygarde|Zygarde|100\/100\n|-ability|p1a: Zygarde|Aura Break\n|turn|11\n|\n|t:|1698427118\n|move|p2a: Torkoal|Eruption|p1a: Zygarde|[spread] p1a,p1b\n|-resisted|p1a: Zygarde\n|-damage|p1a: Zygarde|77\/100\n|-damage|p1b: Empoleon|0 fnt\n|faint|p1b: Empoleon\n|move|p1a: Zygarde|Thousand Arrows|p2a: Torkoal\n|-supereffective|p2a: Torkoal\n|-damage|p2a: Torkoal|0 fnt\n|faint|p2a: Torkoal\n|\n|win|Kingofspades13\n|raw|Kingofspades13's rating: 1279 &rarr; <strong>1318<\/strong><br \/>(+39 for winning)\n|raw|flyingferret's rating: 1508 &rarr; <strong>1476<\/strong><br \/>(-32 for losing)\n|l|\u2606flyingferret\n","uploadtime":1698427222,"views":14,"p1id":"kingofspades13","p2id":"flyingferret","formatid":"gen9nationaldexdoubles","rating":1318,"private":0,"password":""}