{"id":"gen9nationaldexdoubles-1952277243","p1":"FiredChickINNN","p2":"ZanderZr","format":"[Gen 9] National Dex Doubles","log":"|j|\u2606FiredChickINNN\n|j|\u2606ZanderZr\n|t:|1695670340\n|gametype|doubles\n|player|p1|FiredChickINNN|265|1098\n|player|p2|ZanderZr|265|1186\n|teamsize|p1|6\n|teamsize|p2|6\n|gen|9\n|tier|[Gen 9] National Dex Doubles\n|rated|\n|rule|HP Percentage Mod: HP is shown in percentages\n|rule|Endless Battle Clause: Forcing endless battles is banned\n|rule|OHKO Clause: OHKO moves are banned\n|rule|Evasion Moves Clause: Evasion moves are banned\n|rule|Evasion Abilities Clause: Evasion abilities are banned\n|rule|Species Clause: Limit one of each Pok\u00e9mon\n|rule|Gravity Sleep Clause: The combination of sleep-inducing moves with imperfect accuracy and Gravity or Gigantamax Orbeetle are banned\n|clearpoke\n|poke|p1|Raticate, M|\n|poke|p1|Sinistcha|\n|poke|p1|Dragonite, M|\n|poke|p1|Amoonguss, M|\n|poke|p1|Crawdaunt, F|\n|poke|p1|Indeedee-F, F|\n|poke|p2|Tyranitar, F|\n|poke|p2|Excadrill, M|\n|poke|p2|Stoutland, M|\n|poke|p2|Gastrodon, F|\n|poke|p2|Scizor, F|\n|poke|p2|Rotom-Heat|\n|teampreview\n|inactive|Battle timer is ON: inactive players will automatically lose when time's up. (requested by FiredChickINNN)\n|\n|t:|1695670344\n|start\n|switch|p1a: Raticate|Raticate, M|100\/100\n|switch|p1b: Amoonguss|Amoonguss, M|100\/100\n|switch|p2a: Tyranitar|Tyranitar, F|100\/100\n|switch|p2b: Stoutland|Stoutland, M|100\/100\n|-weather|Sandstorm|[from] ability: Sand Stream|[of] p2a: Tyranitar\n|turn|1\n|\n|t:|1695670372\n|move|p2b: Stoutland|Howl|p2b: Stoutland|[spread] p2a,p2b\n|-boost|p2a: Tyranitar|atk|1\n|-boost|p2b: Stoutland|atk|1\n|move|p2a: Tyranitar|Crunch|p1a: Raticate\n|-enditem|p1a: Raticate|Focus Sash\n|-damage|p1a: Raticate|1\/100\n|move|p1a: Raticate|Swords Dance|p1a: Raticate\n|-boost|p1a: Raticate|atk|2\n|move|p1b: Amoonguss|Spore|p2a: Tyranitar\n|-status|p2a: Tyranitar|slp|[from] move: Spore\n|\n|-weather|Sandstorm|[upkeep]\n|-damage|p1a: Raticate|0 fnt|[from] Sandstorm\n|-damage|p1b: Amoonguss|94\/100|[from] Sandstorm\n|faint|p1a: Raticate\n|upkeep\n|\n|t:|1695670392\n|switch|p1a: Crawdaunt|Crawdaunt, F|100\/100\n|turn|2\n|\n|t:|1695670407\n|switch|p2a: Gastrodon|Gastrodon, F|100\/100\n|move|p2b: Stoutland|Psychic Fangs|p1b: Amoonguss\n|-supereffective|p1b: Amoonguss\n|-damage|p1b: Amoonguss|0 fnt\n|faint|p1b: Amoonguss\n|move|p1a: Crawdaunt|Swords Dance|p1a: Crawdaunt\n|-boost|p1a: Crawdaunt|atk|2\n|\n|-weather|Sandstorm|[upkeep]\n|-damage|p1a: Crawdaunt|94\/100|[from] Sandstorm\n|upkeep\n|\n|t:|1695670423\n|switch|p1b: Indeedee|Indeedee-F, F|100\/100\n|turn|3\n|\n|t:|1695670447\n|move|p1b: Indeedee|Fake Out|p2b: Stoutland\n|-damage|p2b: Stoutland|92\/100\n|cant|p2b: Stoutland|flinch\n|move|p1a: Crawdaunt|Knock Off|p2a: Gastrodon\n|-damage|p2a: Gastrodon|0 fnt\n|-enditem|p2a: Gastrodon|Sitrus Berry|[from] move: Knock Off|[of] p1a: Crawdaunt\n|faint|p2a: Gastrodon\n|-damage|p1a: Crawdaunt|84\/100|[from] item: Life Orb\n|\n|-weather|Sandstorm|[upkeep]\n|-damage|p1b: Indeedee|94\/100|[from] Sandstorm\n|-damage|p1a: Crawdaunt|78\/100|[from] Sandstorm\n|upkeep\n|inactive|ZanderZr has 120 seconds left.\n|\n|t:|1695670470\n|switch|p2a: Excadrill|Excadrill, M|100\/100\n|turn|4\n|\n|t:|1695670481\n|move|p1a: Crawdaunt|Aqua Jet|p2a: Excadrill\n|-supereffective|p2a: Excadrill\n|-damage|p2a: Excadrill|0 fnt\n|faint|p2a: Excadrill\n|-damage|p1a: Crawdaunt|68\/100|[from] item: Life Orb\n|move|p2b: Stoutland|Return|p1b: Indeedee\n|-damage|p1b: Indeedee|0 fnt\n|faint|p1b: Indeedee\n|\n|-weather|Sandstorm|[upkeep]\n|-damage|p1a: Crawdaunt|62\/100|[from] Sandstorm\n|upkeep\n|\n|t:|1695670494\n|switch|p1b: Sinistcha|Sinistcha|100\/100\n|switch|p2a: Scizor|Scizor, F|100\/100\n|-heal|p1a: Crawdaunt|87\/100|[from] ability: Hospitality|[of] p1b: Sinistcha\n|turn|5\n|inactive|ZanderZr has 120 seconds left.\n|\n|t:|1695670532\n|move|p1a: Crawdaunt|Aqua Jet|p2b: Stoutland\n|-damage|p2b: Stoutland|10\/100\n|-enditem|p2b: Stoutland|Sitrus Berry|[eat]\n|-heal|p2b: Stoutland|35\/100|[from] item: Sitrus Berry\n|-damage|p1a: Crawdaunt|77\/100|[from] item: Life Orb\n|move|p2b: Stoutland|Wild Charge|p1a: Crawdaunt\n|-supereffective|p1a: Crawdaunt\n|-damage|p1a: Crawdaunt|0 fnt\n|faint|p1a: Crawdaunt\n|-damage|p2b: Stoutland|18\/100|[from] Recoil\n|move|p2a: Scizor|U-turn|p1b: Sinistcha\n|-damage|p1b: Sinistcha|73\/100\n|inactive|ZanderZr has 120 seconds left.\n|\n|t:|1695670547\n|switch|p2a: Rotom|Rotom-Heat|100\/100|[from] U-turn\n|move|p1b: Sinistcha|Strength Sap|p2a: Rotom\n|-unboost|p2a: Rotom|atk|1\n|-heal|p1b: Sinistcha|100\/100\n|\n|-weather|none\n|upkeep\n|\n|t:|1695670564\n|switch|p1a: Dragonite|Dragonite, M|100\/100\n|turn|6\n|\n|t:|1695670582\n|move|p1b: Sinistcha|Rage Powder|p1b: Sinistcha\n|-singleturn|p1b: Sinistcha|move: Rage Powder\n|move|p1a: Dragonite|Dragon Dance|p1a: Dragonite\n|-boost|p1a: Dragonite|atk|1\n|-boost|p1a: Dragonite|spe|1\n|move|p2a: Rotom|Trick|p1b: Sinistcha\n|-activate|p2a: Rotom|move: Trick|[of] p1b: Sinistcha\n|-item|p1b: Sinistcha|Choice Specs|[from] move: Trick\n|-item|p2a: Rotom|Mental Herb|[from] move: Trick\n|move|p2b: Stoutland|Return|p1b: Sinistcha\n|-immune|p1b: Sinistcha\n|\n|upkeep\n|turn|7\n|inactive|ZanderZr has 120 seconds left.\n|\n|t:|1695670620\n|move|p1a: Dragonite|Outrage|p2b: Stoutland\n|-damage|p2b: Stoutland|0 fnt\n|faint|p2b: Stoutland\n|move|p2a: Rotom|Overheat|p1b: Sinistcha|[miss]\n|-miss|p2a: Rotom|p1b: Sinistcha\n|move|p1b: Sinistcha|Matcha Gotcha|p2a: Rotom\n|-resisted|p2a: Rotom\n|-damage|p2a: Rotom|75\/100\n|\n|upkeep\n|\n|t:|1695670635\n|switch|p2b: Tyranitar|Tyranitar, F|100\/100 slp\n|-weather|Sandstorm|[from] ability: Sand Stream|[of] p2b: Tyranitar\n|turn|8\n|inactive|ZanderZr has 120 seconds left.\n|\n|t:|1695670672\n|move|p1a: Dragonite|Outrage|p2a: Rotom|[from]lockedmove\n|-damage|p2a: Rotom|0 fnt\n|faint|p2a: Rotom\n|cant|p2b: Tyranitar|slp\n|move|p1b: Sinistcha|Matcha Gotcha|p2b: Tyranitar\n|-supereffective|p2b: Tyranitar\n|-damage|p2b: Tyranitar|34\/100 slp\n|\n|-weather|Sandstorm|[upkeep]\n|-damage|p1a: Dragonite|94\/100|[from] Sandstorm\n|-damage|p1b: Sinistcha|94\/100|[from] Sandstorm\n|upkeep\n|\n|t:|1695670684\n|switch|p2a: Scizor|Scizor, F|100\/100\n|turn|9\n|\n|t:|1695670698\n|move|p1a: Dragonite|Outrage|p2a: Scizor|[from]lockedmove\n|-resisted|p2a: Scizor\n|-damage|p2a: Scizor|49\/100\n|-start|p1a: Dragonite|confusion|[fatigue]\n|cant|p2b: Tyranitar|slp\n|move|p2a: Scizor|Aerial Ace|p1b: Sinistcha\n|-supereffective|p1b: Sinistcha\n|-damage|p1b: Sinistcha|45\/100\n|move|p1b: Sinistcha|Matcha Gotcha|p2b: Tyranitar|[spread] \n|-miss|p1b: Sinistcha|p2a: Scizor\n|-miss|p1b: Sinistcha|p2b: Tyranitar\n|\n|-weather|Sandstorm|[upkeep]\n|-damage|p1a: Dragonite|88\/100|[from] Sandstorm\n|-damage|p1b: Sinistcha|39\/100|[from] Sandstorm\n|upkeep\n|turn|10\n|\n|t:|1695670718\n|-activate|p1a: Dragonite|confusion\n|move|p1a: Dragonite|Earthquake|p2b: Tyranitar|[spread] p1b,p2a,p2b\n|-resisted|p1b: Sinistcha\n|-supereffective|p2b: Tyranitar\n|-damage|p1b: Sinistcha|23\/100\n|-damage|p2a: Scizor|7\/100\n|-damage|p2b: Tyranitar|0 fnt\n|faint|p2b: Tyranitar\n|move|p2a: Scizor|Aerial Ace|p1b: Sinistcha\n|-supereffective|p1b: Sinistcha\n|-damage|p1b: Sinistcha|0 fnt\n|faint|p1b: Sinistcha\n|\n|-weather|Sandstorm|[upkeep]\n|-damage|p1a: Dragonite|82\/100|[from] Sandstorm\n|upkeep\n|turn|11\n|\n|t:|1695670741\n|-activate|p1a: Dragonite|confusion\n|move|p1a: Dragonite|Earthquake|p2a: Scizor\n|-damage|p2a: Scizor|0 fnt\n|faint|p2a: Scizor\n|\n|win|FiredChickINNN\n|raw|FiredChickINNN's rating: 1098 &rarr; <strong>1130<\/strong><br \/>(+32 for winning)\n|raw|ZanderZr's rating: 1186 &rarr; <strong>1155<\/strong><br \/>(-31 for losing)\n|l|\u2606ZanderZr\n","uploadtime":1695670758,"views":6,"p1id":"firedchickinnn","p2id":"zanderzr","formatid":"gen9nationaldexdoubles","rating":1130,"private":0,"password":""}