{"id":"gen9nationaldexdoubles-1962878287","p1":"Judetastic","p2":"IMASCARYMONSTER","format":"[Gen 9] National Dex Doubles","log":"|j|\u2606Judetastic\n|j|\u2606IMASCARYMONSTER\n|t:|1696800997\n|gametype|doubles\n|player|p1|Judetastic|rocketgrunt|1100\n|player|p2|IMASCARYMONSTER|volkner|1204\n|teamsize|p1|6\n|teamsize|p2|6\n|gen|9\n|tier|[Gen 9] National Dex Doubles\n|rated|\n|rule|HP Percentage Mod: HP is shown in percentages\n|rule|Endless Battle Clause: Forcing endless battles is banned\n|rule|OHKO Clause: OHKO moves are banned\n|rule|Evasion Moves Clause: Evasion moves are banned\n|rule|Evasion Abilities Clause: Evasion abilities are banned\n|rule|Species Clause: Limit one of each Pok\u00e9mon\n|rule|Gravity Sleep Clause: The combination of sleep-inducing moves with imperfect accuracy and Gravity or Gigantamax Orbeetle are banned\n|clearpoke\n|poke|p1|Inteleon, F|\n|poke|p1|Cinderace, F|\n|poke|p1|Jirachi|\n|poke|p1|Comfey, F|\n|poke|p1|Ogerpon-Hearthflame, F|\n|poke|p1|Regidrago|\n|poke|p2|Sceptile, M|\n|poke|p2|Gyarados, M|\n|poke|p2|Moltres|\n|poke|p2|Alakazam, M|\n|poke|p2|Kingambit, M|\n|poke|p2|Zoroark-Hisui, F|\n|teampreview\n|inactive|Battle timer is ON: inactive players will automatically lose when time's up. (requested by Judetastic)\n|\n|t:|1696801033\n|start\n|switch|p1a: Inteleon|Inteleon, F|100\/100\n|switch|p1b: Cinderace|Cinderace, F|100\/100\n|switch|p2a: Sceptile|Sceptile, M, shiny|100\/100\n|switch|p2b: Kingambit|Kingambit, M|100\/100\n|turn|1\n|\n|t:|1696801056\n|-terastallize|p2b: Kingambit|Water\n|move|p1a: Inteleon|Water Pledge|p2b: Kingambit\n|-waiting|p1a: Inteleon|p1b: Cinderace\n|move|p1b: Cinderace|Fire Pledge|p2b: Kingambit|[from]move: Water Pledge\n|-start|p1b: Cinderace|typechange|Water|[from] ability: Libero\n|-combine\n|-resisted|p2b: Kingambit\n|-damage|p2b: Kingambit|74\/100\n|-sidestart|p1: Judetastic|Water Pledge\n|move|p2a: Sceptile|Shadow Ball|p1b: Cinderace\n|-damage|p1b: Cinderace|44\/100\n|-enditem|p1b: Cinderace|Eject Button\n|c|\u2606IMASCARYMONSTER|LOL\n|\n|t:|1696801068\n|switch|p1b: Jirachi|Jirachi|100\/100\n|move|p2b: Kingambit|Kowtow Cleave|p1b: Jirachi\n|-supereffective|p1b: Jirachi\n|-damage|p1b: Jirachi|0 fnt\n|faint|p1b: Jirachi\n|\n|upkeep\n|c|\u2606IMASCARYMONSTER|LOL\n|c|\u2606IMASCARYMONSTER|LOL\n|c|\u2606Judetastic|Its rainbow\n|c|\u2606IMASCARYMONSTER|LOL\n|c|\u2606IMASCARYMONSTER|bro\n|c|\u2606IMASCARYMONSTER|you just let the same thing happen\n|inactive|Judetastic has 120 seconds left.\n|c|\u2606Judetastic|The rainbow is the point not the attack\n|c|\u2606Judetastic|True\n|\n|t:|1696801094\n|switch|p1b: Regidrago|Regidrago|100\/100\n|turn|2\n|\n|t:|1696801118\n|move|p1a: Inteleon|Air Slash|p2a: Sceptile\n|-damage|p2a: Sceptile|45\/100\n|replace|p2a: Zoroark|Zoroark-Hisui, F, shiny\n|-end|p2a: Zoroark|Illusion\n|move|p2a: Zoroark|Shadow Ball|p1a: Inteleon\n|-damage|p1a: Inteleon|26\/100\n|-enditem|p1a: Inteleon|Eject Button\n|c|\u2606Judetastic|I was expecting you thought i would not do that again\n|c|\u2606IMASCARYMONSTER|falling for all the same tricks\n|c|\u2606Judetastic|Then i would\n|inactive|Judetastic has 120 seconds left.\n|\n|t:|1696801138\n|switch|p1a: Comfey|Comfey, F|100\/100\n|move|p1b: Regidrago|Dragon Dance|p1b: Regidrago\n|-boost|p1b: Regidrago|atk|1\n|-boost|p1b: Regidrago|spe|1\n|move|p2b: Kingambit|Kowtow Cleave|p1a: Comfey\n|-resisted|p1a: Comfey\n|-damage|p1a: Comfey|63\/100\n|-damage|p2b: Kingambit|57\/100|[from] item: Rocky Helmet|[of] p1a: Comfey\n|\n|upkeep\n|turn|3\n|c|\u2606Judetastic|But i dont need kt\n|inactive|IMASCARYMONSTER has 120 seconds left.\n|c|\u2606Judetastic|It\n|\n|t:|1696801175\n|switch|p2a: Gyarados|Gyarados, M|100\/100\n|-ability|p2a: Gyarados|Intimidate|boost\n|-unboost|p1a: Comfey|atk|1\n|-unboost|p1b: Regidrago|atk|1\n|-end|p2b: Kingambit|fallenundefined|[silent]\n|switch|p2b: Moltres|Moltres|100\/100\n|-terastallize|p1b: Regidrago|Dragon\n|move|p1a: Comfey|Ally Switch|p1a: Comfey\n|swap|p1a: Comfey|1|[from] move: Ally Switch\n|move|p1a: Regidrago|Dragon Energy|p2b: Moltres|[spread] p2a,p2b\n|-damage|p2a: Gyarados|0 fnt\n|-damage|p2b: Moltres|0 fnt\n|faint|p2a: Gyarados\n|faint|p2b: Moltres\n|\n|upkeep\n|\n|t:|1696801201\n|switch|p2a: Kingambit|Kingambit, M, tera:Water|57\/100\n|switch|p2b: Alakazam|Alakazam, M|100\/100\n|-activate|p2a: Kingambit|ability: Supreme Overlord\n|-start|p2a: Kingambit|fallen2|[silent]\n|turn|4\n|\n|t:|1696801217\n|detailschange|p2b: Alakazam|Alakazam-Mega, M\n|-mega|p2b: Alakazam|Alakazam|Alakazite\n|-ability|p2b: Alakazam|Dragon's Maw|[from] ability: Trace|[of] p1a: Regidrago\n|move|p2a: Kingambit|Sucker Punch|p1a: Regidrago\n|-damage|p1a: Regidrago|39\/100\n|move|p2b: Alakazam|Psychic|p1a: Regidrago\n|-damage|p1a: Regidrago|0 fnt\n|faint|p1a: Regidrago\n|move|p1b: Comfey|Leech Seed|p2b: Alakazam\n|-start|p2b: Alakazam|move: Leech Seed\n|\n|-damage|p2b: Alakazam|88\/100|[from] Leech Seed|[of] p1b: Comfey\n|-heal|p1b: Comfey|73\/100|[silent]\n|-sideend|p1: Judetastic|Water Pledge\n|upkeep\n|c|\u2606IMASCARYMONSTER|so close\n|inactive|Judetastic has 120 seconds left.\n|c|\u2606Judetastic|I wonder how it chooses what ability to trace\n|\n|t:|1696801244\n|switch|p1a: Ogerpon|Ogerpon-Hearthflame, F|100\/100\n|-ability|p1a: Ogerpon|Mold Breaker\n|turn|5\n|c|\u2606IMASCARYMONSTER|its 50\/50\n|inactive|IMASCARYMONSTER has 120 seconds left.\n|c|\u2606Judetastic|That makes sense\n|c|\u2606Judetastic|You got the worse one sadly\n|inactive|IMASCARYMONSTER has 90 seconds left.\n|\n|t:|1696801297\n|move|p1b: Comfey|Ally Switch|p1b: Comfey\n|swap|p1b: Comfey|0|[from] move: Ally Switch\n|move|p2a: Kingambit|Sucker Punch||[still]\n|-fail|p2a: Kingambit\n|move|p2b: Alakazam|Psychic|p1a: Comfey\n|-damage|p1a: Comfey|26\/100\n|move|p1b: Ogerpon|Focus Energy|p1b: Ogerpon\n|-start|p1b: Ogerpon|move: Focus Energy\n|\n|-damage|p2b: Alakazam|76\/100|[from] Leech Seed|[of] p1b: Ogerpon\n|upkeep\n|turn|6\n|c|\u2606Judetastic|!dt supreme overlord\n|raw|<ul class=\"utilichart\"><li class=\"result\"><span class=\"col namecol\"><a href=\"https:\/\/dex.pokemonshowdown.com\/abilities\/supremeoverlord\">Supreme Overlord<\/a><\/span> <span class=\"col abilitydesccol\">This Pokemon's moves have 10% more power for each fainted ally, up to 5 allies.<\/span> <\/li><li style=\"clear:both\"><\/li><\/ul>\n|raw|<font size=\"1\"><font color=\"#686868\">Gen:<\/font> 9<\/font>\n\n|inactive|IMASCARYMONSTER has 90 seconds left.\n|inactive|Judetastic has 120 seconds left.\n|c|\u2606Judetastic|Ah yes cuz you normally can have more then 5 dead allies\n|\n|t:|1696801345\n|move|p2b: Alakazam|Psychic|p1b: Ogerpon\n|-damage|p1b: Ogerpon|35\/100\n|move|p1b: Ogerpon|Swords Dance|p1b: Ogerpon\n|-boost|p1b: Ogerpon|atk|2\n|move|p1a: Comfey|Pain Split|p2b: Alakazam\n|-sethp|p2b: Alakazam|53\/100|[from] move: Pain Split|[silent]\n|-sethp|p1a: Comfey|44\/100|[from] move: Pain Split\n|move|p2a: Kingambit|Kowtow Cleave|p1a: Comfey\n|-resisted|p1a: Comfey\n|-damage|p1a: Comfey|4\/100\n|-damage|p2a: Kingambit|41\/100|[from] item: Rocky Helmet|[of] p1a: Comfey\n|\n|-damage|p2b: Alakazam|41\/100|[from] Leech Seed|[of] p1b: Ogerpon\n|-heal|p1b: Ogerpon|45\/100|[silent]\n|upkeep\n|turn|7\n|inactive|IMASCARYMONSTER has 90 seconds left.\n|inactive|Judetastic has 120 seconds left.\n|inactive|IMASCARYMONSTER has 60 seconds left.\n|\n|t:|1696801390\n|move|p1a: Comfey|Floral Healing|p1b: Ogerpon\n|-heal|p1b: Ogerpon|95\/100\n|move|p2b: Alakazam|Psychic|p1a: Comfey\n|-damage|p1a: Comfey|0 fnt\n|faint|p1a: Comfey\n|move|p1b: Ogerpon|Ivy Cudgel|p2a: Kingambit\n|-resisted|p2a: Kingambit\n|-crit|p2a: Kingambit\n|-damage|p2a: Kingambit|0 fnt\n|faint|p2a: Kingambit\n|-end|p2a: Kingambit|fallen2|[silent]\n|\n|-damage|p2b: Alakazam|29\/100|[from] Leech Seed|[of] p1b: Ogerpon\n|-heal|p1b: Ogerpon|100\/100|[silent]\n|upkeep\n|\n|t:|1696801405\n|switch|p1a: Cinderace|Cinderace, F|44\/100\n|switch|p2a: Sceptile|Sceptile, M, shiny|100\/100\n|turn|8\n|inactive|IMASCARYMONSTER has 90 seconds left.\n|\n|t:|1696801419\n|move|p2b: Alakazam|Psychic|p1a: Cinderace\n|-damage|p1a: Cinderace|0 fnt\n|faint|p1a: Cinderace\n|move|p2a: Sceptile|Grass Whistle|p1b: Ogerpon\n|-status|p1b: Ogerpon|slp|[from] move: Grass Whistle\n|cant|p1b: Ogerpon|slp\n|\n|-damage|p2b: Alakazam|16\/100|[from] Leech Seed|[of] p1b: Ogerpon\n|upkeep\n|c|\u2606IMASCARYMONSTER|huge\n|\n|t:|1696801428\n|switch|p1a: Inteleon|Inteleon, F|26\/100\n|turn|9\n|c|\u2606Judetastic|?\n|c|\u2606Judetastic|What\n|c|\u2606IMASCARYMONSTER|that sleep\n|\n|t:|1696801443\n|move|p2b: Alakazam|Psychic|p1b: Ogerpon\n|-damage|p1b: Ogerpon|33\/100 slp\n|move|p2a: Sceptile|Leaf Storm|p1a: Inteleon\n|-supereffective|p1a: Inteleon\n|-damage|p1a: Inteleon|0 fnt\n|-unboost|p2a: Sceptile|spa|2\n|-enditem|p2a: Sceptile|White Herb\n|-clearnegativeboost|p2a: Sceptile|[silent]\n|faint|p1a: Inteleon\n|cant|p1b: Ogerpon|slp\n|\n|-damage|p2b: Alakazam|4\/100|[from] Leech Seed|[of] p1b: Ogerpon\n|-heal|p1b: Ogerpon|44\/100 slp|[silent]\n|upkeep\n|turn|10\n|c|\u2606Judetastic|True\n|c|\u2606IMASCARYMONSTER|GG\n|inactive|IMASCARYMONSTER has 120 seconds left.\n|c|\u2606Judetastic|That sleepxwon you the game\n|c|\u2606Judetastic|GG\n|\n|t:|1696801465\n|move|p2a: Sceptile|Leaf Storm|p1b: Ogerpon\n|-resisted|p1b: Ogerpon\n|-damage|p1b: Ogerpon|27\/100 slp\n|-unboost|p2a: Sceptile|spa|2\n|move|p2b: Alakazam|Psychic|p1b: Ogerpon\n|-damage|p1b: Ogerpon|0 fnt\n|faint|p1b: Ogerpon\n|\n|win|IMASCARYMONSTER\n|raw|Judetastic's rating: 1118 &rarr; <strong>1099<\/strong><br \/>(-19 for losing)\n|raw|IMASCARYMONSTER's rating: 1204 &rarr; <strong>1223<\/strong><br \/>(+19 for winning)\n|l|\u2606Judetastic\n","uploadtime":1696801612,"views":7,"p1id":"judetastic","p2id":"imascarymonster","formatid":"gen9nationaldexdoubles","rating":1099,"private":0,"password":""}