{"id":"gen9nationaldexdoubles-1963356582","p1":"Old McBruh","p2":"Denvah_17","format":"[Gen 9] National Dex Doubles","log":"|j|\u203dOld McBruh\n|j|\u2606Denvah_17\n|t:|1696860839\n|gametype|doubles\n|player|p1|Old McBruh|colress|1426\n|player|p2|Denvah_17|alder|1327\n|teamsize|p1|6\n|teamsize|p2|6\n|gen|9\n|tier|[Gen 9] National Dex Doubles\n|rated|\n|rule|HP Percentage Mod: HP is shown in percentages\n|rule|Endless Battle Clause: Forcing endless battles is banned\n|rule|OHKO Clause: OHKO moves are banned\n|rule|Evasion Moves Clause: Evasion moves are banned\n|rule|Evasion Abilities Clause: Evasion abilities are banned\n|rule|Species Clause: Limit one of each Pok\u00e9mon\n|rule|Gravity Sleep Clause: The combination of sleep-inducing moves with imperfect accuracy and Gravity or Gigantamax Orbeetle are banned\n|clearpoke\n|poke|p1|Aggron, F|\n|poke|p1|Grimmsnarl, M|\n|poke|p1|Sinistcha-Masterpiece|\n|poke|p1|Volcanion|\n|poke|p1|Clawitzer, M|\n|poke|p1|Cresselia, F|\n|poke|p2|Sinistcha-Masterpiece|\n|poke|p2|Enamorus, F|\n|poke|p2|Volcanion|\n|poke|p2|Scizor, M|\n|poke|p2|Okidogi, M|\n|poke|p2|Ursaluna-Bloodmoon, M|\n|teampreview\n|inactive|Battle timer is ON: inactive players will automatically lose when time's up. (requested by Denvah_17)\n|inactive|Denvah_17 has 120 seconds left.\n|\n|t:|1696860883\n|start\n|switch|p1a: Aggron|Aggron, F|100\/100\n|switch|p1b: Grimmsnarl|Grimmsnarl, M|100\/100\n|switch|p2a: Sonria|Enamorus, F|100\/100\n|switch|p2b: Grass Latte|Sinistcha-Masterpiece|100\/100\n|turn|1\n|\n|t:|1696860897\n|detailschange|p1a: Aggron|Aggron-Mega, F\n|-mega|p1a: Aggron|Aggron|Aggronite\n|move|p1b: Grimmsnarl|Light Screen|p1b: Grimmsnarl\n|-sidestart|p1: Old McBruh|move: Light Screen\n|move|p2a: Sonria|Superpower|p1a: Aggron\n|-supereffective|p1a: Aggron\n|-damage|p1a: Aggron|74\/100\n|-boost|p2a: Sonria|atk|1\n|-boost|p2a: Sonria|def|1\n|move|p2b: Grass Latte|Calm Mind|p2b: Grass Latte\n|-boost|p2b: Grass Latte|spa|1\n|-boost|p2b: Grass Latte|spd|1\n|move|p1a: Aggron|Iron Defense|p1a: Aggron\n|-boost|p1a: Aggron|def|2\n|\n|upkeep\n|turn|2\n|\n|t:|1696860919\n|move|p1b: Grimmsnarl|Reflect|p1b: Grimmsnarl\n|-sidestart|p1: Old McBruh|Reflect\n|move|p2a: Sonria|Play Rough|p1b: Grimmsnarl\n|-supereffective|p1b: Grimmsnarl\n|-damage|p1b: Grimmsnarl|27\/100\n|move|p2b: Grass Latte|Strength Sap|p2a: Sonria\n|-boost|p2a: Sonria|atk|1\n|move|p1a: Aggron|Heavy Slam|p2a: Sonria\n|-supereffective|p2a: Sonria\n|-crit|p2a: Sonria\n|-damage|p2a: Sonria|0 fnt\n|faint|p2a: Sonria\n|\n|upkeep\n|inactive|Denvah_17 has 120 seconds left.\n|\n|t:|1696860938\n|switch|p2a: Saxophone|Volcanion|100\/100\n|turn|3\n|\n|t:|1696860951\n|move|p1b: Grimmsnarl|Parting Shot|p2a: Saxophone\n|-unboost|p2a: Saxophone|atk|1\n|-unboost|p2a: Saxophone|spa|1\n|\n|t:|1696860957\n|switch|p1b: Clawitzer|Clawitzer, M|100\/100|[from] Parting Shot\n|move|p2b: Grass Latte|Calm Mind|p2b: Grass Latte\n|-boost|p2b: Grass Latte|spa|1\n|-boost|p2b: Grass Latte|spd|1\n|move|p2a: Saxophone|Heat Wave|p1a: Aggron|[spread] p1a,p1b\n|-supereffective|p1a: Aggron\n|-resisted|p1b: Clawitzer\n|-damage|p1a: Aggron|53\/100\n|-damage|p1b: Clawitzer|91\/100\n|-status|p1b: Clawitzer|brn\n|move|p1a: Aggron|Iron Defense|p1a: Aggron\n|-boost|p1a: Aggron|def|2\n|\n|-heal|p1b: Clawitzer|97\/100 brn|[from] item: Leftovers\n|-damage|p1b: Clawitzer|91\/100 brn|[from] brn\n|upkeep\n|turn|4\n|\n|t:|1696860979\n|switch|p2a: Xi Jinping|Ursaluna-Bloodmoon, M|100\/100\n|move|p2b: Grass Latte|Matcha Gotcha|p1b: Clawitzer|[spread] p1a\n|-miss|p2b: Grass Latte|p1b: Clawitzer\n|-resisted|p1a: Aggron\n|-damage|p1a: Aggron|37\/100\n|-status|p1a: Aggron|brn\n|move|p1b: Clawitzer|Heal Pulse|p1a: Aggron\n|-heal|p1a: Aggron|100\/100 brn\n|move|p1a: Aggron|Body Press|p2a: Xi Jinping\n|-supereffective|p2a: Xi Jinping\n|-damage|p2a: Xi Jinping|21\/100\n|\n|-heal|p2a: Xi Jinping|27\/100|[from] item: Leftovers\n|-heal|p1b: Clawitzer|97\/100 brn|[from] item: Leftovers\n|-damage|p1b: Clawitzer|91\/100 brn|[from] brn\n|-damage|p1a: Aggron|94\/100 brn|[from] brn\n|upkeep\n|turn|5\n|\n|t:|1696861002\n|-terastallize|p2b: Grass Latte|Grass\n|move|p2b: Grass Latte|Matcha Gotcha|p1a: Aggron|[spread] p1a,p1b\n|-resisted|p1a: Aggron\n|-supereffective|p1b: Clawitzer\n|-damage|p1a: Aggron|75\/100 brn\n|-damage|p1b: Clawitzer|0 fnt\n|faint|p1b: Clawitzer\n|move|p2a: Xi Jinping|Moonlight|p2a: Xi Jinping\n|-heal|p2a: Xi Jinping|77\/100\n|move|p1a: Aggron|Iron Defense|p1a: Aggron\n|-boost|p1a: Aggron|def|2\n|\n|-heal|p2a: Xi Jinping|83\/100|[from] item: Leftovers\n|-damage|p1a: Aggron|69\/100 brn|[from] brn\n|upkeep\n|\n|t:|1696861013\n|switch|p1b: Cresselia|Cresselia, F|100\/100\n|turn|6\n|\n|t:|1696861028\n|move|p1b: Cresselia|Captivate|p2b: Grass Latte|[spread] p2a\n|-immune|p2b: Grass Latte\n|-unboost|p2a: Xi Jinping|spa|2\n|move|p2b: Grass Latte|Hex|p1a: Aggron\n|-damage|p1a: Aggron|3\/100 brn\n|move|p2a: Xi Jinping|Calm Mind|p2a: Xi Jinping\n|-boost|p2a: Xi Jinping|spa|1\n|-boost|p2a: Xi Jinping|spd|1\n|move|p1a: Aggron|Heavy Slam|p2b: Grass Latte\n|-damage|p2b: Grass Latte|76\/100\n|\n|-heal|p2a: Xi Jinping|89\/100|[from] item: Leftovers\n|-damage|p1a: Aggron|0 fnt|[from] brn\n|faint|p1a: Aggron\n|upkeep\n|\n|t:|1696861036\n|switch|p1a: Volcanion|Volcanion|100\/100\n|turn|7\n|\n|t:|1696861057\n|switch|p2a: Saxophone|Volcanion|100\/100\n|move|p1b: Cresselia|Toxic|p2b: Grass Latte\n|-status|p2b: Grass Latte|tox\n|move|p2b: Grass Latte|Matcha Gotcha|p1b: Cresselia|[spread] p1a,p1b\n|-damage|p1a: Volcanion|76\/100\n|-heal|p2b: Grass Latte|91\/100 tox|[from] drain|[of] p1a: Volcanion\n|-damage|p1b: Cresselia|75\/100\n|-heal|p2b: Grass Latte|100\/100 tox|[from] drain|[of] p1b: Cresselia\n|-status|p1b: Cresselia|brn\n|move|p1a: Volcanion|Heat Wave|p2b: Grass Latte|[spread] p2a,p2b\n|-resisted|p2a: Saxophone\n|-supereffective|p2b: Grass Latte\n|-damage|p2a: Saxophone|92\/100\n|-damage|p2b: Grass Latte|83\/100 tox\n|-enditem|p2b: Grass Latte|Weakness Policy\n|-boost|p2b: Grass Latte|atk|2|[from] item: Weakness Policy\n|-boost|p2b: Grass Latte|spa|2|[from] item: Weakness Policy\n|\n|-heal|p1b: Cresselia|81\/100 brn|[from] item: Leftovers\n|-damage|p2b: Grass Latte|77\/100 tox|[from] psn\n|-damage|p1b: Cresselia|75\/100 brn|[from] brn\n|upkeep\n|turn|8\n|inactive|Denvah_17 has 120 seconds left.\n|\n|t:|1696861087\n|move|p1b: Cresselia|Lunar Blessing|p1b: Cresselia|[spread] p1a,p1b\n|-heal|p1a: Volcanion|100\/100\n|-heal|p1b: Cresselia|99\/100 brn\n|-curestatus|p1b: Cresselia|brn|[msg]\n|move|p2b: Grass Latte|Hex|p1b: Cresselia\n|-supereffective|p1b: Cresselia\n|-damage|p1b: Cresselia|37\/100\n|move|p1a: Volcanion|Heavy Slam|p2b: Grass Latte\n|-damage|p2b: Grass Latte|52\/100 tox\n|move|p2a: Saxophone|Earth Power|p1a: Volcanion\n|-supereffective|p1a: Volcanion\n|-damage|p1a: Volcanion|77\/100\n|\n|-heal|p1b: Cresselia|43\/100|[from] item: Leftovers\n|-damage|p2b: Grass Latte|40\/100 tox|[from] psn\n|-sideend|p1: Old McBruh|move: Light Screen\n|upkeep\n|turn|9\n|-message|Old McBruh forfeited.\n|\n|win|Denvah_17\n|raw|Old McBruh's rating: 1426 &rarr; <strong>1400<\/strong><br \/>(-26 for losing)\n|raw|Denvah_17's rating: 1327 &rarr; <strong>1353<\/strong><br \/>(+26 for winning)\n|l|\u203dOld McBruh\n","uploadtime":1696861108,"views":8,"p1id":"oldmcbruh","p2id":"denvah17","formatid":"gen9nationaldexdoubles","rating":1353,"private":0,"password":""}