{"id":"gen9nationaldexdoubles-1973123457","p1":"Ratop","p2":"MasterHand","format":"[Gen 9] National Dex Doubles","log":"|j|\u2606Ratop\n|j|\u2606MasterHand\n|t:|1697930235\n|gametype|doubles\n|player|p1|Ratop|artist|1170\n|player|p2|MasterHand|volkner|1000\n|teamsize|p1|6\n|teamsize|p2|2\n|gen|9\n|tier|[Gen 9] National Dex Doubles\n|rated|\n|rule|HP Percentage Mod: HP is shown in percentages\n|rule|Endless Battle Clause: Forcing endless battles is banned\n|rule|OHKO Clause: OHKO moves are banned\n|rule|Evasion Moves Clause: Evasion moves are banned\n|rule|Evasion Abilities Clause: Evasion abilities are banned\n|rule|Species Clause: Limit one of each Pok\u00e9mon\n|rule|Gravity Sleep Clause: The combination of sleep-inducing moves with imperfect accuracy and Gravity or Gigantamax Orbeetle are banned\n|clearpoke\n|poke|p1|Absol, M|\n|poke|p1|Chien-Pao|\n|poke|p1|Chi-Yu|\n|poke|p1|Ting-Lu|\n|poke|p1|Falinks|\n|poke|p1|Grimmsnarl, M|\n|poke|p2|Greninja-*, F|\n|poke|p2|Mew|\n|teampreview\n|\n|t:|1697930266\n|start\n|switch|p1a: Absol|Absol, M|100\/100\n|switch|p1b: Falinks|Falinks|100\/100\n|switch|p2a: Greninja|Greninja, F|100\/100\n|switch|p2b: Mew|Mew|100\/100\n|-ability|p1a: Absol|Pressure\n|turn|1\n|\n|t:|1697930297\n|detailschange|p1a: Absol|Absol-Mega, M\n|-mega|p1a: Absol|Absol|Absolite\n|move|p2a: Greninja|Mat Block|p2a: Greninja\n|-singleturn|p2a: Greninja|Mat Block\n|move|p1a: Absol|Knock Off|p2b: Mew\n|-activate|p2b: Mew|move: Mat Block|Knock Off\n|move|p2b: Mew|Tailwind|p2b: Mew\n|-sidestart|p2: MasterHand|move: Tailwind\n|move|p1b: Falinks|No Retreat|p1b: Falinks\n|-boost|p1b: Falinks|atk|1\n|-boost|p1b: Falinks|def|1\n|-boost|p1b: Falinks|spa|1\n|-boost|p1b: Falinks|spd|1\n|-boost|p1b: Falinks|spe|1\n|-start|p1b: Falinks|move: No Retreat\n|\n|upkeep\n|turn|2\n|\n|t:|1697930327\n|-terastallize|p1b: Falinks|Fighting\n|move|p2a: Greninja|Blizzard|p1b: Falinks|[spread] p1a,p1b\n|-damage|p1a: Absol|58\/100\n|-damage|p1b: Falinks|75\/100\n|move|p2b: Mew|Encore|p1b: Falinks\n|-start|p1b: Falinks|Encore\n|move|p1a: Absol|Psych Up|p1b: Falinks\n|-copyboost|p1a: Absol|p1b: Falinks|[from] move: Psych Up\n|move|p1b: Falinks|No Retreat||[still]\n|-fail|p1b: Falinks\n|\n|upkeep\n|turn|3\n|\n|t:|1697930349\n|move|p1a: Absol|Sucker Punch|p2a: Greninja\n|-resisted|p2a: Greninja\n|-damage|p2a: Greninja|43\/100\n|move|p2a: Greninja|Water Pledge|p1a: Absol\n|-waiting|p2a: Greninja|p2b: Mew\n|move|p2b: Mew|Fire Pledge|p1a: Absol|[from]move: Water Pledge\n|-combine\n|-damage|p1a: Absol|0 fnt\n|-sidestart|p2: MasterHand|Water Pledge\n|faint|p1a: Absol\n|move|p1b: Falinks|No Retreat||[still]\n|-fail|p1b: Falinks\n|\n|upkeep\n|\n|t:|1697930360\n|switch|p1a: Grimmsnarl|Grimmsnarl, M|100\/100\n|turn|4\n|\n|t:|1697930364\n|move|p1a: Grimmsnarl|Light Screen|p1a: Grimmsnarl\n|-sidestart|p1: Ratop|move: Light Screen\n|move|p2a: Greninja|Blizzard|p1a: Grimmsnarl|[spread] p1b\n|-miss|p2a: Greninja|p1a: Grimmsnarl\n|-damage|p1b: Falinks|58\/100\n|move|p2b: Mew|Blizzard|p1b: Falinks|[spread] p1b\n|-miss|p2b: Mew|p1a: Grimmsnarl\n|-damage|p1b: Falinks|40\/100\n|move|p1b: Falinks|No Retreat||[still]\n|-fail|p1b: Falinks\n|\n|-end|p1b: Falinks|Encore\n|-sideend|p2: MasterHand|move: Tailwind\n|upkeep\n|turn|5\n|\n|t:|1697930375\n|move|p1a: Grimmsnarl|Reflect|p1a: Grimmsnarl\n|-sidestart|p1: Ratop|Reflect\n|move|p2a: Greninja|Blizzard|p1b: Falinks|[spread] p1a\n|-miss|p2a: Greninja|p1b: Falinks\n|-damage|p1a: Grimmsnarl|84\/100\n|move|p1b: Falinks|Body Press|p2a: Greninja\n|-supereffective|p2a: Greninja\n|-damage|p2a: Greninja|0 fnt\n|faint|p2a: Greninja\n|move|p2b: Mew|Blizzard|p1b: Falinks|[spread] p1a,p1b\n|-damage|p1a: Grimmsnarl|66\/100\n|-damage|p1b: Falinks|22\/100\n|-enditem|p1b: Falinks|Figy Berry|[eat]\n|-heal|p1b: Falinks|55\/100|[from] item: Figy Berry\n|\n|upkeep\n|turn|6\n|\n|t:|1697930386\n|move|p1a: Grimmsnarl|Taunt|p2b: Mew\n|-start|p2b: Mew|move: Taunt\n|move|p1b: Falinks|Knock Off|p2b: Mew\n|-supereffective|p2b: Mew\n|-damage|p2b: Mew|47\/100\n|move|p2b: Mew|Blizzard|p1b: Falinks|[spread] p1a,p1b\n|-damage|p1a: Grimmsnarl|46\/100\n|-damage|p1b: Falinks|36\/100\n|\n|-sideend|p2: MasterHand|Water Pledge\n|upkeep\n|turn|7\n|\n|t:|1697930398\n|move|p1a: Grimmsnarl|Parting Shot|p2b: Mew\n|-unboost|p2b: Mew|atk|1\n|-unboost|p2b: Mew|spa|1\n|\n|t:|1697930401\n|switch|p1a: Chi-Yu|Chi-Yu|100\/100|[from] Parting Shot\n|-ability|p1a: Chi-Yu|Beads of Ruin\n|move|p1b: Falinks|Knock Off|p2b: Mew\n|-supereffective|p2b: Mew\n|-damage|p2b: Mew|0 fnt\n|faint|p2b: Mew\n|\n|win|Ratop\n|raw|Ratop's rating: 1170 &rarr; <strong>1184<\/strong><br \/>(+14 for winning)\n|raw|MasterHand's rating: 1000 &rarr; <strong>1000<\/strong><br \/>(+0 for losing)\n|l|\u2606Ratop\n","uploadtime":1697930439,"views":10,"p1id":"ratop","p2id":"masterhand","formatid":"gen9nationaldexdoubles","rating":1000,"private":0,"password":""}