{"id":"gen9nationaldexdoubles-1958634186","p1":"Clabeh","p2":"Bradeni","format":"[Gen 9] National Dex Doubles","log":"|j|\u2606Clabeh\n|j|\u2606Bradeni\n|t:|1696346655\n|gametype|doubles\n|player|p1|Clabeh|265|\n|player|p2|Bradeni|dawn|\n|teamsize|p1|6\n|teamsize|p2|6\n|gen|9\n|tier|[Gen 9] National Dex Doubles\n|rule|HP Percentage Mod: HP is shown in percentages\n|rule|Endless Battle Clause: Forcing endless battles is banned\n|rule|OHKO Clause: OHKO moves are banned\n|rule|Evasion Moves Clause: Evasion moves are banned\n|rule|Evasion Abilities Clause: Evasion abilities are banned\n|rule|Species Clause: Limit one of each Pok\u00e9mon\n|rule|Gravity Sleep Clause: The combination of sleep-inducing moves with imperfect accuracy and Gravity or Gigantamax Orbeetle are banned\n|clearpoke\n|poke|p1|Claydol|\n|poke|p1|Seismitoad, F|\n|poke|p1|Ninetales, M|\n|poke|p1|Tyranitar, F|\n|poke|p1|Venusaur, F|\n|poke|p1|Cinderace, F|\n|poke|p2|Seismitoad, M|\n|poke|p2|Spiritomb, F|\n|poke|p2|Togekiss, F|\n|poke|p2|Goodra-Hisui, F|\n|poke|p2|Cloyster, M|\n|poke|p2|Gardevoir, F|\n|teampreview\n|\n|t:|1696346679\n|start\n|switch|p1a: Ninetales|Ninetales, M|100\/100\n|switch|p1b: Venusaur|Venusaur, F|100\/100\n|switch|p2a: LastResort|Togekiss, F, shiny|100\/100\n|switch|p2b: Mother Dearest|Gardevoir, F, shiny|100\/100\n|-weather|SunnyDay|[from] ability: Drought|[of] p1a: Ninetales\n|-ability|p2b: Mother Dearest|Chlorophyll|[from] ability: Trace|[of] p1b: Venusaur\n|turn|1\n|\n|t:|1696346729\n|move|p1b: Venusaur|Protect|p1b: Venusaur\n|-singleturn|p1b: Venusaur|Protect\n|move|p2a: LastResort|Air Slash|p1b: Venusaur\n|-activate|p1b: Venusaur|move: Protect\n|move|p2b: Mother Dearest|Mystical Fire|p1b: Venusaur\n|-activate|p1b: Venusaur|move: Protect\n|move|p1a: Ninetales|Heat Wave|p2b: Mother Dearest|[spread] p2a,p2b\n|-crit|p2b: Mother Dearest\n|-damage|p2a: LastResort|64\/100\n|-damage|p2b: Mother Dearest|49\/100\n|-enditem|p2b: Mother Dearest|Sitrus Berry|[eat]\n|-heal|p2b: Mother Dearest|74\/100|[from] item: Sitrus Berry\n|\n|-weather|SunnyDay|[upkeep]\n|upkeep\n|turn|2\n|\n|t:|1696346758\n|switch|p2b: MyExes|Spiritomb, F, shiny|100\/100\n|-item|p2b: MyExes|Air Balloon\n|move|p1b: Venusaur|Seed Bomb|p2b: MyExes\n|-damage|p2b: MyExes|74\/100\n|-enditem|p2b: MyExes|Air Balloon\n|move|p2a: LastResort|Air Slash|p1b: Venusaur\n|-supereffective|p1b: Venusaur\n|-damage|p1b: Venusaur|37\/100\n|move|p1a: Ninetales|Disable||[still]\n|-fail|p1a: Ninetales\n|\n|-weather|SunnyDay|[upkeep]\n|-heal|p1b: Venusaur|43\/100|[from] item: Black Sludge\n|upkeep\n|turn|3\n|\n|t:|1696346775\n|move|p1b: Venusaur|Protect|p1b: Venusaur\n|-singleturn|p1b: Venusaur|Protect\n|move|p2a: LastResort|Air Slash|p1b: Venusaur\n|-activate|p1b: Venusaur|move: Protect\n|move|p1a: Ninetales|Heat Wave|p2a: LastResort|[spread] p2a,p2b\n|-damage|p2a: LastResort|33\/100\n|-damage|p2b: MyExes|32\/100\n|move|p2b: MyExes|Rest|p2b: MyExes\n|-status|p2b: MyExes|slp|[from] move: Rest\n|-heal|p2b: MyExes|100\/100 slp|[silent]\n|\n|-weather|SunnyDay|[upkeep]\n|-heal|p1b: Venusaur|49\/100|[from] item: Black Sludge\n|upkeep\n|turn|4\n|\n|t:|1696346811\n|switch|p2a: Cloyster|Cloyster, M, shiny|100\/100\n|move|p1b: Venusaur|Seed Bomb|p2b: MyExes\n|-damage|p2b: MyExes|74\/100 slp\n|move|p1a: Ninetales|Heat Wave|p2b: MyExes|[spread] p2a\n|-miss|p1a: Ninetales|p2b: MyExes\n|-damage|p2a: Cloyster|0 fnt\n|faint|p2a: Cloyster\n|cant|p2b: MyExes|slp\n|move|p2b: MyExes|Sleep Talk|p2b: MyExes\n|move|p2b: MyExes|Rest||[from]move: Sleep Talk|[still]\n|-fail|p2b: MyExes\n|\n|-weather|SunnyDay|[upkeep]\n|-heal|p1b: Venusaur|55\/100|[from] item: Black Sludge\n|upkeep\n|\n|t:|1696346826\n|switch|p2a: LastResort|Togekiss, F, shiny|33\/100\n|turn|5\n|\n|t:|1696346837\n|move|p1b: Venusaur|Seed Bomb|p2b: MyExes\n|-damage|p2b: MyExes|49\/100 slp\n|move|p2a: LastResort|Air Slash|p1b: Venusaur\n|-supereffective|p1b: Venusaur\n|-damage|p1b: Venusaur|0 fnt\n|faint|p1b: Venusaur\n|move|p1a: Ninetales|Hidden Power|p2a: LastResort\n|-supereffective|p2a: LastResort\n|-damage|p2a: LastResort|6\/100\n|cant|p2b: MyExes|slp\n|move|p2b: MyExes|Sleep Talk|p2b: MyExes\n|move|p2b: MyExes|Rest||[from]move: Sleep Talk|[still]\n|-fail|p2b: MyExes\n|\n|-weather|none\n|upkeep\n|\n|t:|1696346851\n|switch|p1b: Tyranitar|Tyranitar, F|100\/100\n|-weather|Sandstorm|[from] ability: Sand Stream|[of] p1b: Tyranitar\n|turn|6\n|\n|t:|1696346866\n|switch|p1a: Claydol|Claydol|100\/100\n|switch|p2b: Brrrrr|Seismitoad, M|100\/100\n|move|p2a: LastResort|Air Slash|p1a: Claydol\n|-damage|p1a: Claydol|77\/100\n|move|p1b: Tyranitar|Rock Slide|p2b: Brrrrr|[spread] p2a,p2b\n|-supereffective|p2a: LastResort\n|-resisted|p2b: Brrrrr\n|-crit|p2b: Brrrrr\n|-damage|p2a: LastResort|0 fnt\n|-damage|p2b: Brrrrr|87\/100\n|faint|p2a: LastResort\n|\n|-weather|Sandstorm|[upkeep]\n|-heal|p2b: Brrrrr|93\/100|[from] item: Leftovers\n|-heal|p1a: Claydol|84\/100|[from] item: Leftovers\n|upkeep\n|\n|t:|1696346889\n|switch|p2a: MyExes|Spiritomb, F, shiny|49\/100 slp\n|turn|7\n|\n|t:|1696346905\n|move|p2b: Brrrrr|Earthquake|p1b: Tyranitar|[spread] p2a,p1b\n|-immune|p1a: Claydol|[from] ability: Levitate\n|-supereffective|p1b: Tyranitar\n|-damage|p2a: MyExes|30\/100 slp\n|-damage|p1b: Tyranitar|64\/100\n|move|p1a: Claydol|Iron Defense|p1a: Claydol\n|-boost|p1a: Claydol|def|2\n|move|p1b: Tyranitar|Crunch|p2a: MyExes\n|-damage|p2a: MyExes|2\/100 slp\n|-curestatus|p2a: MyExes|slp|[msg]\n|move|p2a: MyExes|Sleep Talk||[still]\n|-fail|p2a: MyExes\n|\n|-weather|Sandstorm|[upkeep]\n|-damage|p2a: MyExes|0 fnt|[from] Sandstorm\n|faint|p2a: MyExes\n|-heal|p2b: Brrrrr|99\/100|[from] item: Leftovers\n|-heal|p1a: Claydol|90\/100|[from] item: Leftovers\n|upkeep\n|\n|t:|1696346922\n|switch|p2a: Mother Dearest|Gardevoir, F, shiny|74\/100\n|-ability|p2a: Mother Dearest|Sand Stream|[from] ability: Trace|[of] p1b: Tyranitar\n|turn|8\n|\n|t:|1696346962\n|move|p2a: Mother Dearest|Mystical Fire|p1a: Claydol\n|-damage|p1a: Claydol|72\/100\n|-unboost|p1a: Claydol|spa|1\n|move|p2b: Brrrrr|Toxic|p1b: Tyranitar\n|-status|p1b: Tyranitar|tox\n|move|p1a: Claydol|Iron Defense|p1a: Claydol\n|-boost|p1a: Claydol|def|2\n|move|p1b: Tyranitar|Heavy Slam|p2a: Mother Dearest\n|-supereffective|p2a: Mother Dearest\n|-damage|p2a: Mother Dearest|20\/100\n|\n|-weather|Sandstorm|[upkeep]\n|-damage|p2a: Mother Dearest|14\/100|[from] Sandstorm\n|-heal|p2b: Brrrrr|100\/100|[from] item: Leftovers\n|-heal|p1a: Claydol|79\/100|[from] item: Leftovers\n|-damage|p1b: Tyranitar|58\/100 tox|[from] psn\n|upkeep\n|turn|9\n|\n|t:|1696346993\n|move|p2a: Mother Dearest|Will-O-Wisp|p1a: Claydol|[miss]\n|-miss|p2a: Mother Dearest|p1a: Claydol\n|move|p2b: Brrrrr|Stealth Rock|p1b: Tyranitar\n|-sidestart|p1: Clabeh|move: Stealth Rock\n|move|p1a: Claydol|Body Press|p2b: Brrrrr\n|-damage|p2b: Brrrrr|45\/100\n|move|p1b: Tyranitar|Rock Slide|p2a: Mother Dearest|[spread] p2a\n|-miss|p1b: Tyranitar|p2b: Brrrrr\n|-damage|p2a: Mother Dearest|0 fnt\n|faint|p2a: Mother Dearest\n|\n|-weather|Sandstorm|[upkeep]\n|-heal|p2b: Brrrrr|51\/100|[from] item: Leftovers\n|-heal|p1a: Claydol|85\/100|[from] item: Leftovers\n|-damage|p1b: Tyranitar|46\/100 tox|[from] psn\n|upkeep\n|\n|t:|1696347009\n|switch|p2a: Goodra|Goodra-Hisui, F, shiny|100\/100\n|turn|10\n|\n|t:|1696347027\n|move|p2b: Brrrrr|Knock Off|p1a: Claydol\n|-supereffective|p1a: Claydol\n|-damage|p1a: Claydol|73\/100\n|-enditem|p1a: Claydol|Leftovers|[from] move: Knock Off|[of] p2b: Brrrrr\n|move|p1a: Claydol|Iron Defense|p1a: Claydol\n|-boost|p1a: Claydol|def|2\n|move|p2a: Goodra|Shelter|p2a: Goodra\n|-boost|p2a: Goodra|def|2\n|move|p1b: Tyranitar|Crunch|p2b: Brrrrr\n|-damage|p2b: Brrrrr|24\/100\n|-unboost|p2b: Brrrrr|def|1\n|\n|-weather|Sandstorm|[upkeep]\n|-heal|p2b: Brrrrr|30\/100|[from] item: Leftovers\n|-damage|p1b: Tyranitar|27\/100 tox|[from] psn\n|upkeep\n|turn|11\n|\n|t:|1696347050\n|move|p2b: Brrrrr|Knock Off|p1a: Claydol\n|-supereffective|p1a: Claydol\n|-damage|p1a: Claydol|67\/100\n|move|p1a: Claydol|Reflect|p1a: Claydol\n|-sidestart|p1: Clabeh|Reflect\n|move|p2a: Goodra|Body Press|p1a: Claydol\n|-resisted|p1a: Claydol\n|-crit|p1a: Claydol\n|-damage|p1a: Claydol|37\/100\n|move|p1b: Tyranitar|Crunch|p2b: Brrrrr\n|-damage|p2b: Brrrrr|0 fnt\n|faint|p2b: Brrrrr\n|\n|-weather|Sandstorm|[upkeep]\n|-damage|p1b: Tyranitar|2\/100 tox|[from] psn\n|upkeep\n|turn|12\n|\n|t:|1696347067\n|move|p1a: Claydol|Body Press|p2a: Goodra\n|-supereffective|p2a: Goodra\n|-damage|p2a: Goodra|34\/100\n|-damage|p1a: Claydol|21\/100|[from] item: Rocky Helmet|[of] p2a: Goodra\n|move|p2a: Goodra|Body Press|p1a: Claydol\n|-resisted|p1a: Claydol\n|-damage|p1a: Claydol|17\/100\n|move|p1b: Tyranitar|Crunch|p2a: Goodra\n|-damage|p2a: Goodra|21\/100\n|-damage|p1b: Tyranitar|0 fnt|[from] item: Rocky Helmet|[of] p2a: Goodra\n|faint|p1b: Tyranitar\n|\n|-weather|Sandstorm|[upkeep]\n|upkeep\n|\n|t:|1696347083\n|switch|p1b: Seismitoad|Seismitoad, F|100\/100\n|-damage|p1b: Seismitoad|95\/100|[from] Stealth Rock\n|turn|13\n|\n|t:|1696347102\n|move|p1b: Seismitoad|Brick Break|p2a: Goodra\n|-supereffective|p2a: Goodra\n|-damage|p2a: Goodra|5\/100\n|-damage|p1b: Seismitoad|78\/100|[from] item: Rocky Helmet|[of] p2a: Goodra\n|move|p1a: Claydol|Body Press|p2a: Goodra\n|-supereffective|p2a: Goodra\n|-damage|p2a: Goodra|0 fnt\n|-damage|p1a: Claydol|0 fnt|[from] item: Rocky Helmet|[of] p2a: Goodra\n|faint|p2a: Goodra\n|faint|p1a: Claydol\n|\n|win|Clabeh\n","uploadtime":1696347114,"views":20,"p1id":"clabeh","p2id":"bradeni","formatid":"gen9nationaldexdoubles","rating":0,"private":0,"password":""}