{"id":"gen9nationaldexdoubles-1999302013","p1":"prophetofsnacc","p2":"normie jean","format":"[Gen 9] National Dex Doubles","log":"|j|\u2606prophetofsnacc\n|j|\u2606normie jean\n|t:|1701057247\n|gametype|doubles\n|player|p1|prophetofsnacc|swimmer-gen4dp|\n|player|p2|normie jean|clown|\n|teamsize|p1|6\n|teamsize|p2|6\n|gen|9\n|tier|[Gen 9] National Dex Doubles\n|rule|HP Percentage Mod: HP is shown in percentages\n|rule|Endless Battle Clause: Forcing endless battles is banned\n|rule|OHKO Clause: OHKO moves are banned\n|rule|Evasion Moves Clause: Evasion moves are banned\n|rule|Evasion Abilities Clause: Evasion abilities are banned\n|rule|Species Clause: Limit one of each Pok\u00e9mon\n|rule|Gravity Sleep Clause: The combination of sleep-inducing moves with imperfect accuracy and Gravity or Gigantamax Orbeetle are banned\n|rule|Item Clause: Limit one of each item\n|clearpoke\n|poke|p1|Jellicent, M|\n|poke|p1|Regirock|\n|poke|p1|Bellibolt, M|\n|poke|p1|Torterra, F|\n|poke|p1|Fearow, F|\n|poke|p1|Infernape, F|\n|poke|p2|Lucario, M|\n|poke|p2|Meowscarada, F|\n|poke|p2|Inteleon, M|\n|poke|p2|Clefairy, F|\n|poke|p2|Pelipper, F|\n|poke|p2|Luxray, M|\n|teampreview|4\n|j| BROCKISAROCK\n|j| Whaleu\n|j| specner4\n|j| Felis Regalis\n|\n|t:|1701057316\n|start\n|switch|p1a: Mr. Belli|Bellibolt, M, shiny|100\/100\n|switch|p1b: Mr. Jelli|Jellicent, M, shiny|100\/100\n|switch|p2a: Lucario|Lucario, M|100\/100\n|switch|p2b: Clefairy|Clefairy, F|100\/100\n|-item|p1a: Mr. Belli|Air Balloon\n|turn|1\n|\n|t:|1701057593\n|detailschange|p2a: Lucario|Lucario-Mega, M\n|-mega|p2a: Lucario|Lucario|Lucarionite\n|move|p2b: Clefairy|Follow Me|p2b: Clefairy\n|-singleturn|p2b: Clefairy|move: Follow Me\n|move|p2a: Lucario|Crunch|p1b: Mr. Jelli\n|-supereffective|p1b: Mr. Jelli\n|-damage|p1b: Mr. Jelli|31\/100\n|move|p1b: Mr. Jelli|Will-O-Wisp|p2b: Clefairy\n|-status|p2b: Clefairy|brn\n|move|p1a: Mr. Belli|Thunder Wave||[still]\n|-fail|p1a: Mr. Belli\n|\n|-damage|p2b: Clefairy|94\/100 brn|[from] brn\n|upkeep\n|turn|2\n|c| BROCKISAROCK|\/\/ability friend guard\n|\n|t:|1701057739\n|move|p2b: Clefairy|Follow Me|p2b: Clefairy\n|-singleturn|p2b: Clefairy|move: Follow Me\n|move|p2a: Lucario|Crunch|p1b: Mr. Jelli\n|-supereffective|p1b: Mr. Jelli\n|-damage|p1b: Mr. Jelli|0 fnt\n|faint|p1b: Mr. Jelli\n|move|p1a: Mr. Belli|Thunderbolt|p2b: Clefairy\n|-damage|p2b: Clefairy|76\/100 brn\n|\n|-damage|p2b: Clefairy|70\/100 brn|[from] brn\n|upkeep\n|\n|t:|1701057755\n|switch|p1b: Reggy|Regirock|100\/100\n|turn|3\n|\n|t:|1701057874\n|move|p2b: Clefairy|Helping Hand|p2a: Lucario\n|-singleturn|p2a: Lucario|Helping Hand|[of] p2b: Clefairy\n|move|p1a: Mr. Belli|Protect|p1a: Mr. Belli\n|-singleturn|p1a: Mr. Belli|Protect\n|move|p2a: Lucario|Close Combat|p1b: Reggy\n|-supereffective|p1b: Reggy\n|-damage|p1b: Reggy|0 fnt\n|-unboost|p2a: Lucario|def|1\n|-unboost|p2a: Lucario|spd|1\n|faint|p1b: Reggy\n|\n|-damage|p2b: Clefairy|64\/100 brn|[from] brn\n|upkeep\n|\n|t:|1701057886\n|switch|p1b: Spicy Monke|Infernape, F|100\/100\n|turn|4\n|\n|t:|1701058027\n|move|p2a: Lucario|Protect|p2a: Lucario\n|-singleturn|p2a: Lucario|Protect\n|move|p1b: Spicy Monke|Earthquake|p2a: Lucario|[spread] p2b\n|-activate|p2a: Lucario|move: Protect\n|-immune|p1a: Mr. Belli\n|-damage|p2b: Clefairy|29\/100 brn\n|-damage|p1b: Spicy Monke|91\/100|[from] item: Life Orb\n|move|p1a: Mr. Belli|Thunderbolt|p2a: Lucario\n|-activate|p2a: Lucario|move: Protect\n|move|p2b: Clefairy|Thunder Wave|p1b: Spicy Monke\n|-status|p1b: Spicy Monke|par\n|\n|-damage|p2b: Clefairy|23\/100 brn|[from] brn\n|upkeep\n|turn|5\n|\n|t:|1701058126\n|move|p2b: Clefairy|Helping Hand|p2a: Lucario\n|-singleturn|p2a: Lucario|Helping Hand|[of] p2b: Clefairy\n|move|p2a: Lucario|Earthquake|p1a: Mr. Belli|[spread] p2b,p1b\n|-immune|p1a: Mr. Belli\n|-supereffective|p1b: Spicy Monke\n|-damage|p2b: Clefairy|0 fnt\n|-damage|p1b: Spicy Monke|0 fnt\n|faint|p2b: Clefairy\n|faint|p1b: Spicy Monke\n|move|p1a: Mr. Belli|Thunderbolt|p2a: Lucario\n|-damage|p2a: Lucario|27\/100\n|\n|upkeep\n|\n|t:|1701058264\n|switch|p2b: Meowscarada|Meowscarada, F|100\/100\n|turn|6\n|\n|t:|1701058341\n|move|p2b: Meowscarada|Knock Off|p1a: Mr. Belli\n|-start|p2b: Meowscarada|typechange|Dark|[from] ability: Protean\n|-damage|p1a: Mr. Belli|62\/100\n|-start|p1a: Mr. Belli|Charge|Knock Off|[from] ability: Electromorphosis\n|-enditem|p1a: Mr. Belli|Air Balloon\n|-damage|p2b: Meowscarada|91\/100|[from] item: Life Orb\n|move|p2a: Lucario|Close Combat|p1a: Mr. Belli\n|-damage|p1a: Mr. Belli|4\/100\n|-unboost|p2a: Lucario|def|1\n|-unboost|p2a: Lucario|spd|1\n|-start|p1a: Mr. Belli|Charge|Close Combat|[from] ability: Electromorphosis\n|move|p1a: Mr. Belli|Thunderbolt|p2a: Lucario\n|-damage|p2a: Lucario|0 fnt\n|faint|p2a: Lucario\n|-end|p1a: Mr. Belli|Charge|[silent]\n|\n|upkeep\n|\n|t:|1701058359\n|switch|p2a: Inteleon|Inteleon, M|100\/100\n|turn|7\n|\n|t:|1701058394\n|move|p2b: Meowscarada|Play Rough|p1a: Mr. Belli\n|-damage|p1a: Mr. Belli|0 fnt\n|faint|p1a: Mr. Belli\n|-damage|p2b: Meowscarada|81\/100|[from] item: Life Orb\n|\n|win|normie jean\n|l|\u2606prophetofsnacc\n|l| Whaleu\n|l| BROCKISAROCK\n|l|\u2606normie jean\n","uploadtime":1701058403,"views":3,"p1id":"prophetofsnacc","p2id":"normiejean","formatid":"gen9nationaldexdoubles","rating":0,"private":0,"password":""}