{"id":"gen9nationaldexdoubles-1965920387","p1":"AdvancedDigit","p2":"vat of acid 1","format":"[Gen 9] National Dex Doubles","log":"|j|\u2606AdvancedDigit\n|j|\u2606vat of acid 1\n|t:|1697130027\n|gametype|doubles\n|player|p1|AdvancedDigit|169|1147\n|player|p2|vat of acid 1|2|1159\n|teamsize|p1|6\n|teamsize|p2|6\n|gen|9\n|tier|[Gen 9] National Dex Doubles\n|rated|\n|rule|HP Percentage Mod: HP is shown in percentages\n|rule|Endless Battle Clause: Forcing endless battles is banned\n|rule|OHKO Clause: OHKO moves are banned\n|rule|Evasion Moves Clause: Evasion moves are banned\n|rule|Evasion Abilities Clause: Evasion abilities are banned\n|rule|Species Clause: Limit one of each Pok\u00e9mon\n|rule|Gravity Sleep Clause: The combination of sleep-inducing moves with imperfect accuracy and Gravity or Gigantamax Orbeetle are banned\n|clearpoke\n|poke|p1|Scizor, F|\n|poke|p1|Mr. Mime, M|\n|poke|p1|Clefairy, M|\n|poke|p1|Amoonguss, F|\n|poke|p1|Chi-Yu|\n|poke|p1|Murkrow, F|\n|poke|p2|Weezing-Galar, M|\n|poke|p2|Slaking, F|\n|poke|p2|Landorus-Therian, M|\n|poke|p2|Tornadus, M|\n|poke|p2|Chi-Yu|\n|poke|p2|Okidogi, M|\n|teampreview\n|c|\u2606AdvancedDigit|bruh\n|\n|t:|1697130040\n|start\n|switch|p1a: Clefairy|Clefairy, M|100\/100\n|switch|p1b: Chi-Yu|Chi-Yu|100\/100\n|switch|p2a: Weezing|Weezing-Galar, M|100\/100\n|switch|p2b: Slaking|Slaking, F|100\/100\n|-ability|p2a: Weezing|Neutralizing Gas\n|turn|1\n|\n|t:|1697130050\n|move|p1a: Clefairy|Helping Hand|p1b: Chi-Yu\n|-singleturn|p1b: Chi-Yu|Helping Hand|[of] p1a: Clefairy\n|move|p2a: Weezing|Protect|p2a: Weezing\n|-singleturn|p2a: Weezing|Protect\n|move|p1b: Chi-Yu|Heat Wave|p2b: Slaking|[spread] p2b\n|-activate|p2a: Weezing|move: Protect\n|-damage|p2b: Slaking|3\/100\n|-status|p2b: Slaking|brn\n|move|p2b: Slaking|Earthquake|p1b: Chi-Yu|[spread] p1a,p1b\n|-activate|p2a: Weezing|move: Protect\n|-supereffective|p1b: Chi-Yu\n|-damage|p1a: Clefairy|75\/100\n|-damage|p1b: Chi-Yu|28\/100\n|\n|-damage|p2b: Slaking|0 fnt|[from] brn\n|faint|p2b: Slaking\n|upkeep\n|\n|t:|1697130071\n|switch|p2b: Okidogi|Okidogi, M|100\/100\n|turn|2\n|\n|t:|1697130094\n|move|p1a: Clefairy|Helping Hand|p1b: Chi-Yu\n|-singleturn|p1b: Chi-Yu|Helping Hand|[of] p1a: Clefairy\n|move|p1b: Chi-Yu|Heat Wave|p2b: Okidogi|[spread] p2a,p2b\n|-damage|p2a: Weezing|0 fnt\n|-damage|p2b: Okidogi|0 fnt\n|faint|p2a: Weezing\n|-end|p2a: Weezing|ability: Neutralizing Gas\n|-ability|p1b: Chi-Yu|Beads of Ruin\n|faint|p2b: Okidogi\n|\n|upkeep\n|\n|t:|1697130103\n|switch|p2b: Tornadus|Tornadus, M|100\/100\n|switch|p2a: Landorus|Landorus-Therian, M|100\/100\n|-ability|p2a: Landorus|Intimidate|boost\n|-unboost|p1a: Clefairy|atk|1\n|-unboost|p1b: Chi-Yu|atk|1\n|turn|3\n|\n|t:|1697130113\n|move|p1a: Clefairy|Helping Hand|p1b: Chi-Yu\n|-singleturn|p1b: Chi-Yu|Helping Hand|[of] p1a: Clefairy\n|move|p2b: Tornadus|Tailwind|p2b: Tornadus\n|-sidestart|p2: vat of acid 1|move: Tailwind\n|move|p2a: Landorus|Rock Slide|p1a: Clefairy|[spread] p1a,p1b\n|-supereffective|p1b: Chi-Yu\n|-damage|p1a: Clefairy|51\/100\n|-damage|p1b: Chi-Yu|0 fnt\n|faint|p1b: Chi-Yu\n|\n|upkeep\n|\n|t:|1697130130\n|switch|p1b: Mr. Mime|Mr. Mime, M|100\/100\n|turn|4\n|\n|t:|1697130143\n|switch|p1a: Scizor|Scizor, F|100\/100\n|move|p1b: Mr. Mime|Fake Out|p2a: Landorus\n|-damage|p2a: Landorus|94\/100\n|-enditem|p2a: Landorus|Eject Button\n|\n|t:|1697130150\n|switch|p2a: Chi-Yu|Chi-Yu|100\/100\n|-ability|p2a: Chi-Yu|Beads of Ruin\n|move|p2b: Tornadus|Superpower|p1b: Mr. Mime\n|-resisted|p1b: Mr. Mime\n|-damage|p1b: Mr. Mime|86\/100\n|-unboost|p2b: Tornadus|atk|1\n|-unboost|p2b: Tornadus|def|1\n|-enditem|p2b: Tornadus|Eject Pack\n|\n|t:|1697130159\n|switch|p2b: Landorus|Landorus-Therian, M|94\/100\n|-ability|p2b: Landorus|Intimidate|boost\n|-unboost|p1a: Scizor|atk|1\n|-unboost|p1b: Mr. Mime|atk|1\n|\n|-heal|p1b: Mr. Mime|92\/100|[from] item: Leftovers\n|upkeep\n|turn|5\n|\n|t:|1697130172\n|move|p1b: Mr. Mime|Wide Guard|p1b: Mr. Mime\n|-singleturn|p1b: Mr. Mime|Wide Guard\n|move|p2a: Chi-Yu|Dark Pulse|p1b: Mr. Mime\n|-damage|p1b: Mr. Mime|36\/100\n|move|p2b: Landorus|Fly||[still]\n|-prepare|p2b: Landorus|Fly\n|move|p1a: Scizor|Swords Dance|p1a: Scizor\n|-boost|p1a: Scizor|atk|2\n|\n|-heal|p1b: Mr. Mime|42\/100|[from] item: Leftovers\n|upkeep\n|turn|6\n|\n|t:|1697130206\n|move|p1a: Scizor|Quick Attack|p2a: Chi-Yu\n|-damage|p2a: Chi-Yu|43\/100\n|move|p2a: Chi-Yu|Dark Pulse|p1b: Mr. Mime\n|-damage|p1b: Mr. Mime|0 fnt\n|faint|p1b: Mr. Mime\n|move|p2b: Landorus|Fly|p1a: Scizor|[from]lockedmove\n|-damage|p1a: Scizor|51\/100\n|\n|-sideend|p2: vat of acid 1|move: Tailwind\n|upkeep\n|\n|t:|1697130221\n|switch|p1b: Amoonguss|Amoonguss, F|100\/100\n|turn|7\n|\n|t:|1697130230\n|move|p1b: Amoonguss|Rage Powder|p1b: Amoonguss\n|-singleturn|p1b: Amoonguss|move: Rage Powder\n|move|p1a: Scizor|Quick Attack|p2a: Chi-Yu\n|-damage|p2a: Chi-Yu|0 fnt\n|faint|p2a: Chi-Yu\n|move|p2b: Landorus|Fly||[still]\n|-prepare|p2b: Landorus|Fly\n|\n|upkeep\n|\n|t:|1697130236\n|switch|p2a: Tornadus|Tornadus, M|100\/100\n|turn|8\n|\n|t:|1697130242\n|-terastallize|p1a: Scizor|Steel\n|move|p1b: Amoonguss|Rage Powder|p1b: Amoonguss\n|-singleturn|p1b: Amoonguss|move: Rage Powder\n|move|p2a: Tornadus|Tailwind|p2a: Tornadus\n|-sidestart|p2: vat of acid 1|move: Tailwind\n|move|p1a: Scizor|Bullet Punch|p2a: Tornadus\n|-crit|p2a: Tornadus\n|-damage|p2a: Tornadus|0 fnt\n|faint|p2a: Tornadus\n|move|p2b: Landorus|Fly|p1b: Amoonguss|[from]lockedmove\n|-supereffective|p1b: Amoonguss\n|-damage|p1b: Amoonguss|0 fnt\n|faint|p1b: Amoonguss\n|\n|upkeep\n|\n|t:|1697130249\n|switch|p1b: Clefairy|Clefairy, M|51\/100\n|turn|9\n|\n|t:|1697130255\n|move|p1b: Clefairy|Helping Hand|p1a: Scizor\n|-singleturn|p1a: Scizor|Helping Hand|[of] p1b: Clefairy\n|move|p1a: Scizor|Bullet Punch|p2b: Landorus\n|-damage|p2b: Landorus|0 fnt\n|faint|p2b: Landorus\n|\n|win|AdvancedDigit\n|raw|AdvancedDigit's rating: 1147 &rarr; <strong>1173<\/strong><br \/>(+26 for winning)\n|raw|vat of acid 1's rating: 1159 &rarr; <strong>1133<\/strong><br \/>(-26 for losing)\n|c|\u2606AdvancedDigit|gg\n|l|\u2606vat of acid 1\n","uploadtime":1697130264,"views":8,"p1id":"advanceddigit","p2id":"vatofacid1","formatid":"gen9nationaldexdoubles","rating":1133,"private":0,"password":""}