{"id":"gen9nationaldexdoubles-1983323509","p1":"Obsidrugon","p2":"Xalvadore","format":"[Gen 9] National Dex Doubles","log":"|j|\u2606Obsidrugon\n|j|\u2606Xalvadore\n|t:|1699118199\n|gametype|doubles\n|player|p1|Obsidrugon|erika-gen1|1279\n|player|p2|Xalvadore|marnie|1366\n|teamsize|p1|6\n|teamsize|p2|6\n|gen|9\n|tier|[Gen 9] National Dex Doubles\n|rated|\n|rule|HP Percentage Mod: HP is shown in percentages\n|rule|Endless Battle Clause: Forcing endless battles is banned\n|rule|OHKO Clause: OHKO moves are banned\n|rule|Evasion Moves Clause: Evasion moves are banned\n|rule|Evasion Abilities Clause: Evasion abilities are banned\n|rule|Species Clause: Limit one of each Pok\u00e9mon\n|rule|Gravity Sleep Clause: The combination of sleep-inducing moves with imperfect accuracy and Gravity or Gigantamax Orbeetle are banned\n|clearpoke\n|poke|p1|Blacephalon|\n|poke|p1|Whimsicott, F|\n|poke|p1|Glimmora, M|\n|poke|p1|Dachsbun, F|\n|poke|p1|Oranguru, M|\n|poke|p1|Zarude-Dada|\n|poke|p2|Tyranitar, M|\n|poke|p2|Gastrodon, M|\n|poke|p2|Excadrill, F|\n|poke|p2|Zapdos|\n|poke|p2|Latias, F|\n|poke|p2|Hitmontop, M|\n|teampreview\n|c|\u2606Obsidrugon|GLHF\n|c|\u2606Obsidrugon|ow caps\n|j| WBKRAD12022\n|j| Walccer\n|\n|t:|1699118226\n|start\n|switch|p1a: Blacephalon|Blacephalon, shiny|100\/100\n|switch|p1b: Whimsicott|Whimsicott, F, shiny|100\/100\n|switch|p2a: Latias|Latias, F|100\/100\n|switch|p2b: Hitmontop|Hitmontop, M|100\/100\n|-ability|p2b: Hitmontop|Intimidate|boost\n|-unboost|p1a: Blacephalon|atk|1\n|-unboost|p1b: Whimsicott|atk|1\n|turn|1\n|c|\u2606Xalvadore|Likewise\n|\n|t:|1699118240\n|move|p2b: Hitmontop|Fake Out|p1b: Whimsicott\n|-damage|p1b: Whimsicott|89\/100\n|cant|p1b: Whimsicott|flinch\n|move|p2a: Latias|Tailwind|p2a: Latias\n|-sidestart|p2: Xalvadore|move: Tailwind\n|move|p1a: Blacephalon|Mind Blown|p2b: Hitmontop|[spread] p1b,p2a,p2b\n|-supereffective|p1b: Whimsicott\n|-resisted|p2a: Latias\n|-damage|p1b: Whimsicott|0 fnt\n|-damage|p2a: Latias|75\/100\n|-damage|p2b: Hitmontop|48\/100\n|-damage|p1a: Blacephalon|50\/100|[from] mindblown\n|-enditem|p2b: Hitmontop|Sitrus Berry|[eat]\n|-heal|p2b: Hitmontop|73\/100|[from] item: Sitrus Berry\n|faint|p1b: Whimsicott\n|-ability|p1a: Blacephalon|Beast Boost|boost\n|-boost|p1a: Blacephalon|spa|1\n|-heal|p1a: Blacephalon|77\/100|[from] item: Shell Bell|[of] p2b: Hitmontop\n|\n|upkeep\n|\n|t:|1699118252\n|switch|p1b: Dachsbun|Dachsbun, F|100\/100\n|turn|2\n|\n|t:|1699118261\n|move|p2b: Hitmontop|Wide Guard|p2b: Hitmontop\n|-singleturn|p2b: Hitmontop|Wide Guard\n|move|p2a: Latias|Draco Meteor|p1a: Blacephalon\n|-damage|p1a: Blacephalon|0 fnt\n|-unboost|p2a: Latias|spa|2\n|faint|p1a: Blacephalon\n|move|p1b: Dachsbun|Sunny Day|p1b: Dachsbun\n|-weather|SunnyDay\n|\n|-weather|SunnyDay|[upkeep]\n|upkeep\n|\n|t:|1699118268\n|switch|p1a: Glimmora|Glimmora, M|100\/100\n|turn|3\n|\n|t:|1699118282\n|switch|p2a: Tyranitar|Tyranitar, M|100\/100\n|-weather|Sandstorm|[from] ability: Sand Stream|[of] p2a: Tyranitar\n|move|p2b: Hitmontop|Wide Guard|p2b: Hitmontop\n|-singleturn|p2b: Hitmontop|Wide Guard\n|move|p1b: Dachsbun|Psychic Fangs|p2b: Hitmontop\n|-supereffective|p2b: Hitmontop\n|-damage|p2b: Hitmontop|37\/100\n|move|p1a: Glimmora|Mortal Spin|p2b: Hitmontop|[spread] \n|-activate|p2a: Tyranitar|move: Wide Guard\n|-activate|p2b: Hitmontop|move: Wide Guard\n|\n|-weather|Sandstorm|[upkeep]\n|-damage|p2b: Hitmontop|31\/100|[from] Sandstorm\n|-damage|p1b: Dachsbun|95\/100|[from] Sandstorm\n|upkeep\n|turn|4\n|\n|t:|1699118314\n|switch|p2a: Excadrill|Excadrill, F|100\/100\n|move|p2b: Hitmontop|Close Combat|p1a: Glimmora\n|-damage|p1a: Glimmora|56\/100\n|-unboost|p2b: Hitmontop|def|1\n|-unboost|p2b: Hitmontop|spd|1\n|-activate|p1a: Glimmora|ability: Toxic Debris\n|-sidestart|p2: Xalvadore|move: Toxic Spikes\n|move|p1b: Dachsbun|Sunny Day|p1b: Dachsbun\n|-weather|SunnyDay\n|move|p1a: Glimmora|Stealth Rock|p2a: Excadrill\n|-sidestart|p2: Xalvadore|move: Stealth Rock\n|\n|-weather|SunnyDay|[upkeep]\n|-sideend|p2: Xalvadore|move: Tailwind\n|upkeep\n|turn|5\n|\n|t:|1699118347\n|switch|p2b: Tyranitar|Tyranitar, M|100\/100\n|-status|p2b: Tyranitar|psn\n|-damage|p2b: Tyranitar|88\/100 psn|[from] Stealth Rock\n|-weather|Sandstorm|[from] ability: Sand Stream|[of] p2b: Tyranitar\n|-zpower|p2a: Excadrill\n|move|p2a: Excadrill|Tectonic Rage|p1b: Dachsbun|[zeffect]\n|-damage|p1b: Dachsbun|0 fnt\n|faint|p1b: Dachsbun\n|move|p1a: Glimmora|Spikes|p2b: Tyranitar\n|-sidestart|p2: Xalvadore|Spikes\n|\n|-weather|Sandstorm|[upkeep]\n|-damage|p2b: Tyranitar|76\/100 psn|[from] psn\n|upkeep\n|\n|t:|1699118364\n|switch|p1b: Zarude|Zarude-Dada|100\/100\n|turn|6\n|\n|t:|1699118371\n|move|p2a: Excadrill|Earthquake|p1b: Zarude|[spread] p2b,p1a,p1b\n|-supereffective|p2b: Tyranitar\n|-supereffective|p1a: Glimmora\n|-resisted|p1b: Zarude\n|-crit|p1b: Zarude\n|-damage|p2b: Tyranitar|10\/100 psn\n|-damage|p1a: Glimmora|0 fnt\n|-damage|p1b: Zarude|71\/100\n|-activate|p1a: Glimmora|ability: Toxic Debris\n|-sidestart|p2: Xalvadore|move: Toxic Spikes\n|faint|p1a: Glimmora\n|move|p1b: Zarude|Rock Slide|p2b: Tyranitar|[spread] p2b\n|-miss|p1b: Zarude|p2a: Excadrill\n|-damage|p2b: Tyranitar|0 fnt\n|faint|p2b: Tyranitar\n|\n|-weather|Sandstorm|[upkeep]\n|-damage|p1b: Zarude|65\/100|[from] Sandstorm\n|-heal|p1b: Zarude|71\/100|[from] item: Leftovers\n|upkeep\n|\n|t:|1699118393\n|switch|p1a: Oranguru|Oranguru, M|100\/100\n|switch|p2b: Latias|Latias, F|75\/100\n|-damage|p2b: Latias|63\/100|[from] Stealth Rock\n|turn|7\n|\n|t:|1699118403\n|move|p2a: Excadrill|Rock Slide|p1a: Oranguru|[spread] p1a,p1b\n|-damage|p1a: Oranguru|77\/100\n|-damage|p1b: Zarude|51\/100\n|move|p2b: Latias|Tailwind|p2b: Latias\n|-sidestart|p2: Xalvadore|move: Tailwind\n|move|p1b: Zarude|Rock Slide|p2a: Excadrill|[spread] p2a,p2b\n|-resisted|p2a: Excadrill\n|-damage|p2a: Excadrill|94\/100\n|-damage|p2b: Latias|45\/100\n|-enditem|p2b: Latias|Sitrus Berry|[eat]\n|-heal|p2b: Latias|70\/100|[from] item: Sitrus Berry\n|move|p1a: Oranguru|Instruct|p1b: Zarude\n|-singleturn|p1b: Zarude|move: Instruct|[of] p1a: Oranguru\n|move|p1b: Zarude|Rock Slide|p2a: Excadrill|[spread] p2a\n|-miss|p1b: Zarude|p2b: Latias\n|-resisted|p2a: Excadrill\n|-damage|p2a: Excadrill|87\/100\n|\n|-weather|Sandstorm|[upkeep]\n|-damage|p2b: Latias|64\/100|[from] Sandstorm\n|-damage|p1b: Zarude|45\/100|[from] Sandstorm\n|-damage|p1a: Oranguru|71\/100|[from] Sandstorm\n|-heal|p1b: Zarude|51\/100|[from] item: Leftovers\n|upkeep\n|turn|8\n|\n|t:|1699118433\n|move|p2a: Excadrill|Earthquake|p1b: Zarude|[spread] p1a,p1b\n|-immune|p2b: Latias|[from] ability: Levitate\n|-resisted|p1b: Zarude\n|-damage|p1a: Oranguru|26\/100\n|-damage|p1b: Zarude|31\/100\n|-enditem|p1a: Oranguru|Sitrus Berry|[eat]\n|-heal|p1a: Oranguru|51\/100|[from] item: Sitrus Berry\n|move|p2b: Latias|Draco Meteor|p1b: Zarude|[miss]\n|-miss|p2b: Latias|p1b: Zarude\n|move|p1b: Zarude|Jungle Healing|p1b: Zarude|[spread] p1a,p1b\n|-heal|p1a: Oranguru|76\/100\n|-heal|p1b: Zarude|56\/100\n|move|p1a: Oranguru|Instruct|p1b: Zarude\n|-singleturn|p1b: Zarude|move: Instruct|[of] p1a: Oranguru\n|move|p1b: Zarude|Jungle Healing|p1b: Zarude|[spread] p1a,p1b\n|-heal|p1a: Oranguru|100\/100\n|-heal|p1b: Zarude|81\/100\n|\n|-weather|Sandstorm|[upkeep]\n|-damage|p2b: Latias|58\/100|[from] Sandstorm\n|-damage|p1b: Zarude|75\/100|[from] Sandstorm\n|-damage|p1a: Oranguru|94\/100|[from] Sandstorm\n|-heal|p1b: Zarude|81\/100|[from] item: Leftovers\n|upkeep\n|turn|9\n|l| WBKRAD12022\n|\n|t:|1699118466\n|move|p2a: Excadrill|Rock Slide|p1b: Zarude|[spread] p1a,p1b\n|-damage|p1a: Oranguru|72\/100\n|-damage|p1b: Zarude|62\/100\n|move|p2b: Latias|Draco Meteor|p1a: Oranguru\n|-damage|p1a: Oranguru|40\/100\n|-unboost|p2b: Latias|spa|2\n|move|p1b: Zarude|Knock Off|p2a: Excadrill\n|-damage|p2a: Excadrill|41\/100\n|move|p1a: Oranguru|Instruct|p1b: Zarude\n|-singleturn|p1b: Zarude|move: Instruct|[of] p1a: Oranguru\n|move|p1b: Zarude|Knock Off|p2a: Excadrill\n|-crit|p2a: Excadrill\n|-damage|p2a: Excadrill|0 fnt\n|faint|p2a: Excadrill\n|\n|-weather|none\n|-heal|p1b: Zarude|68\/100|[from] item: Leftovers\n|upkeep\n|\n|t:|1699118483\n|switch|p2a: Zapdos|Zapdos|100\/100\n|-damage|p2a: Zapdos|76\/100|[from] Stealth Rock\n|-ability|p2a: Zapdos|Pressure\n|turn|10\n|\n|t:|1699118499\n|move|p2b: Latias|Helping Hand|p2a: Zapdos\n|-singleturn|p2a: Zapdos|Helping Hand|[of] p2b: Latias\n|move|p2a: Zapdos|Heat Wave|p1a: Oranguru|[spread] p1a,p1b\n|-supereffective|p1b: Zarude\n|-damage|p1a: Oranguru|19\/100\n|-damage|p1b: Zarude|0 fnt\n|faint|p1b: Zarude\n|move|p1a: Oranguru|Instruct|p1: Zarude|[notarget]\n|-fail|p1a: Oranguru\n|\n|-sideend|p2: Xalvadore|move: Tailwind\n|upkeep\n|turn|11\n|c|\u2606Obsidrugon|gg\n|c|\u2606Xalvadore|gg\n|-message|Obsidrugon forfeited.\n|\n|win|Xalvadore\n|raw|Obsidrugon's rating: 1279 &rarr; <strong>1260<\/strong><br \/>(-19 for losing)\n|raw|Xalvadore's rating: 1366 &rarr; <strong>1381<\/strong><br \/>(+15 for winning)\n|l|\u2606Obsidrugon\n","uploadtime":1699118512,"views":6,"p1id":"obsidrugon","p2id":"xalvadore","formatid":"gen9nationaldexdoubles","rating":1260,"private":0,"password":""}