{"id":"gen9nationaldexdoubles-1974788525","p1":"Kakurega","p2":"GameBro180","format":"[Gen 9] National Dex Doubles","log":"|j|\u2606Kakurega\n|j|\u2606GameBro180\n|t:|1698124610\n|gametype|doubles\n|player|p1|Kakurega|psychic|\n|player|p2|GameBro180|bruno|\n|teamsize|p1|6\n|teamsize|p2|6\n|gen|9\n|tier|[Gen 9] National Dex Doubles\n|rule|HP Percentage Mod: HP is shown in percentages\n|rule|Endless Battle Clause: Forcing endless battles is banned\n|rule|OHKO Clause: OHKO moves are banned\n|rule|Evasion Moves Clause: Evasion moves are banned\n|rule|Evasion Abilities Clause: Evasion abilities are banned\n|rule|Species Clause: Limit one of each Pok\u00e9mon\n|rule|Gravity Sleep Clause: The combination of sleep-inducing moves with imperfect accuracy and Gravity or Gigantamax Orbeetle are banned\n|clearpoke\n|poke|p1|Primeape, M|\n|poke|p1|Graveler, M|\n|poke|p1|Weezing-Galar, F|\n|poke|p1|Flareon, M|\n|poke|p1|Charizard, F|\n|poke|p1|Haunter, M|\n|poke|p2|Kangaskhan, F|\n|poke|p2|Marowak-Alola, F|\n|poke|p2|Dugtrio-Alola, F|\n|poke|p2|Aerodactyl, F|\n|poke|p2|Lapras, F|\n|poke|p2|Exeggutor-Alola, F|\n|teampreview\n|j| kevthechamp\n|j| Cinnabar Gators\n|j| PorygonTheBot\n|c| PorygonTheBot|y'all suck\n|j| Rorick Kintana\n|\n|t:|1698124719\n|start\n|switch|p1a: Graveler|Graveler, M|100\/100\n|switch|p1b: Weezing|Weezing-Galar, F|100\/100\n|switch|p2a: Dugtrio|Dugtrio-Alola, F|100\/100\n|switch|p2b: Aerodactyl|Aerodactyl, F|100\/100\n|-ability|p1b: Weezing|Neutralizing Gas\n|-item|p1b: Weezing|Air Balloon\n|turn|1\n|\n|t:|1698124745\n|move|p1a: Graveler|Protect|p1a: Graveler\n|-singleturn|p1a: Graveler|Protect\n|move|p2b: Aerodactyl|Dragon Dance|p2b: Aerodactyl\n|-boost|p2b: Aerodactyl|atk|1\n|-boost|p2b: Aerodactyl|spe|1\n|move|p2a: Dugtrio|Stealth Rock|p1b: Weezing\n|-sidestart|p1: Kakurega|move: Stealth Rock\n|move|p1b: Weezing|Poison Gas|p2a: Dugtrio|[spread] p2a,p2b\n|-immune|p2a: Dugtrio\n|-status|p2b: Aerodactyl|psn\n|\n|-damage|p2b: Aerodactyl|88\/100 psn|[from] psn\n|upkeep\n|turn|2\n|\n|t:|1698124783\n|-end|p1b: Weezing|ability: Neutralizing Gas\n|-ability|p2b: Aerodactyl|Unnerve\n|switch|p1b: Haunter|Haunter, M|100\/100\n|-damage|p1b: Haunter|88\/100|[from] Stealth Rock\n|move|p2b: Aerodactyl|Rock Blast|p1a: Graveler\n|-resisted|p1a: Graveler\n|-damage|p1a: Graveler|90\/100\n|-resisted|p1a: Graveler\n|-damage|p1a: Graveler|79\/100\n|-resisted|p1a: Graveler\n|-damage|p1a: Graveler|68\/100\n|-resisted|p1a: Graveler\n|-damage|p1a: Graveler|57\/100\n|-hitcount|p1a: Graveler|4\n|move|p2a: Dugtrio|Iron Head|p1b: Haunter\n|-crit|p1b: Haunter\n|-damage|p1b: Haunter|25\/100\n|move|p1a: Graveler|Earthquake|p2a: Dugtrio|[spread] p2a\n|-immune|p1b: Haunter|[from] ability: Levitate\n|-immune|p2b: Aerodactyl\n|-supereffective|p2a: Dugtrio\n|-crit|p2a: Dugtrio\n|-enditem|p2a: Dugtrio|Focus Sash\n|-damage|p2a: Dugtrio|1\/100\n|-damage|p1a: Graveler|47\/100|[from] item: Life Orb\n|\n|-damage|p2b: Aerodactyl|76\/100 psn|[from] psn\n|upkeep\n|turn|3\n|\n|t:|1698124853\n|move|p2b: Aerodactyl|Crunch|p1b: Haunter\n|-supereffective|p1b: Haunter\n|-crit|p1b: Haunter\n|-damage|p1b: Haunter|0 fnt\n|faint|p1b: Haunter\n|move|p2a: Dugtrio|Iron Head|p1a: Graveler\n|-supereffective|p1a: Graveler\n|-damage|p1a: Graveler|0 fnt\n|faint|p1a: Graveler\n|\n|-damage|p2b: Aerodactyl|64\/100 psn|[from] psn\n|upkeep\n|\n|t:|1698124886\n|switch|p1b: Charizard|Charizard, F|100\/100\n|switch|p1a: Flareon|Flareon, M|100\/100\n|-damage|p1b: Charizard|51\/100|[from] Stealth Rock\n|-damage|p1a: Flareon|76\/100|[from] Stealth Rock\n|turn|4\n|\n|t:|1698124919\n|detailschange|p1b: Charizard|Charizard-Mega-X, F\n|-mega|p1b: Charizard|Charizard|Charizardite X\n|move|p1a: Flareon|Quick Attack|p2a: Dugtrio\n|-resisted|p2a: Dugtrio\n|-damage|p2a: Dugtrio|0 fnt\n|-ability|p2a: Dugtrio|Tangling Hair\n|-unboost|p1a: Flareon|spe|1\n|faint|p2a: Dugtrio\n|move|p2b: Aerodactyl|Rock Blast|p1b: Charizard\n|-supereffective|p1b: Charizard\n|-damage|p1b: Charizard|10\/100\n|-supereffective|p1b: Charizard\n|-damage|p1b: Charizard|0 fnt\n|faint|p1b: Charizard\n|-hitcount|p1: Charizard|2\n|\n|-damage|p1a: Flareon|63\/100|[from] item: Black Sludge\n|-damage|p2b: Aerodactyl|51\/100 psn|[from] psn\n|upkeep\n|\n|t:|1698124976\n|switch|p2a: Marowak|Marowak-Alola, F|100\/100\n|switch|p1b: Primeape|Primeape, M|100\/100\n|-damage|p1b: Primeape|94\/100|[from] Stealth Rock\n|turn|5\n|\n|t:|1698125022\n|-terastallize|p1a: Flareon|Ghost\n|move|p2b: Aerodactyl|Rock Blast|p1a: Flareon|[miss]\n|-miss|p2b: Aerodactyl|p1a: Flareon\n|move|p1b: Primeape|Frustration|p2b: Aerodactyl\n|-resisted|p2b: Aerodactyl\n|-damage|p2b: Aerodactyl|25\/100 psn\n|move|p2a: Marowak|Poltergeist|p1b: Primeape\n|-activate|p1b: Primeape|move: Poltergeist|Assault Vest\n|-damage|p1b: Primeape|0 fnt\n|faint|p1b: Primeape\n|move|p1a: Flareon|Wish|p1a: Flareon\n|\n|-damage|p1a: Flareon|51\/100|[from] item: Black Sludge\n|-damage|p2b: Aerodactyl|13\/100 psn|[from] psn\n|upkeep\n|\n|t:|1698125040\n|switch|p1b: Weezing|Weezing-Galar, F|100\/100\n|-ability|p1b: Weezing|Neutralizing Gas\n|-damage|p1b: Weezing|88\/100|[from] Stealth Rock\n|-item|p1b: Weezing|Air Balloon\n|turn|6\n|\n|t:|1698125061\n|move|p1a: Flareon|Quick Attack|p2b: Aerodactyl\n|-resisted|p2b: Aerodactyl\n|-damage|p2b: Aerodactyl|0 fnt\n|faint|p2b: Aerodactyl\n|move|p1b: Weezing|Dazzling Gleam|p2a: Marowak\n|-resisted|p2a: Marowak\n|-damage|p2a: Marowak|87\/100\n|move|p2a: Marowak|Poltergeist|p1a: Flareon\n|-activate|p1a: Flareon|move: Poltergeist|Black Sludge\n|-supereffective|p1a: Flareon\n|-damage|p1a: Flareon|0 fnt\n|faint|p1a: Flareon\n|\n|upkeep\n|\n|t:|1698125082\n|switch|p2b: Lapras|Lapras, F|100\/100\n|turn|7\n|\n|t:|1698125102\n|move|p2b: Lapras|Freeze-Dry|p1b: Weezing\n|-damage|p1b: Weezing|59\/100\n|-enditem|p1b: Weezing|Air Balloon\n|move|p1b: Weezing|Poison Gas|p2b: Lapras|[spread] p2a,p2b\n|-status|p2a: Marowak|psn\n|-status|p2b: Lapras|psn\n|move|p2a: Marowak|Flare Blitz|p1b: Weezing\n|-damage|p1b: Weezing|0 fnt\n|faint|p1b: Weezing\n|-end|p1b: Weezing|ability: Neutralizing Gas\n|\n|win|GameBro180\n|l| PorygonTheBot\n|l|\u2606Kakurega\n|l| kevthechamp\n|l| Rorick Kintana\n|l|\u2606GameBro180\n|j|\u2606Kakurega\n|player|p1|Kakurega|psychic\n","uploadtime":1698125103,"views":33,"p1id":"kakurega","p2id":"gamebro180","formatid":"gen9nationaldexdoubles","rating":0,"private":0,"password":""}