{"id":"gen9nationaldexdoubles-1993478934","p1":"FriedBeaver01","p2":"Thatfunniguy","format":"[Gen 9] National Dex Doubles","log":"|j|\u203dFriedBeaver01\n|j|\u2606Thatfunniguy\n|t:|1700322819\n|gametype|doubles\n|player|p1|FriedBeaver01|biker-gen4|1265\n|player|p2|Thatfunniguy|fisherman-gen4|1196\n|teamsize|p1|6\n|teamsize|p2|6\n|gen|9\n|tier|[Gen 9] National Dex Doubles\n|rated|\n|rule|HP Percentage Mod: HP is shown in percentages\n|rule|Endless Battle Clause: Forcing endless battles is banned\n|rule|OHKO Clause: OHKO moves are banned\n|rule|Evasion Moves Clause: Evasion moves are banned\n|rule|Evasion Abilities Clause: Evasion abilities are banned\n|rule|Species Clause: Limit one of each Pok\u00e9mon\n|rule|Gravity Sleep Clause: The combination of sleep-inducing moves with imperfect accuracy and Gravity or Gigantamax Orbeetle are banned\n|clearpoke\n|poke|p1|Great Tusk|\n|poke|p1|Tyranitar, M|\n|poke|p1|Houndstone, M|\n|poke|p1|Heatran, M|\n|poke|p1|Hippowdon, M|\n|poke|p1|Rhyperior, M|\n|poke|p2|Murkrow, M|\n|poke|p2|Eldegoss, M|\n|poke|p2|Serperior, F|\n|poke|p2|Victini|\n|poke|p2|Malamar, M|\n|poke|p2|Latias, F|\n|teampreview\n|\n|t:|1700322835\n|start\n|switch|p1a: Tyranitar|Tyranitar, M, shiny|100\/100\n|switch|p1b: Heatran|Heatran, M|100\/100\n|switch|p2a: Le Guy|Malamar, M, shiny|100\/100\n|switch|p2b: Slow down|Eldegoss, M|100\/100\n|-item|p1b: Heatran|Air Balloon\n|-weather|Sandstorm|[from] ability: Sand Stream|[of] p1a: Tyranitar\n|turn|1\n|inactive|Battle timer is ON: inactive players will automatically lose when time's up. (requested by Thatfunniguy)\n|\n|t:|1700322854\n|switch|p1a: Houndstone|Houndstone, M|100\/100\n|move|p1b: Heatran|Eruption|p2a: Le Guy|[spread] p2a,p2b\n|-supereffective|p2b: Slow down\n|-damage|p2a: Le Guy|21\/100\n|-damage|p2b: Slow down|12\/100\n|-ability|p2b: Slow down|Cotton Down\n|-unboost|p1a: Houndstone|spe|1\n|-unboost|p1b: Heatran|spe|1\n|-boost|p2a: Le Guy|spe|1\n|-enditem|p2b: Slow down|Sitrus Berry|[eat]\n|-heal|p2b: Slow down|37\/100|[from] item: Sitrus Berry\n|move|p2a: Le Guy|Superpower|p1b: Heatran\n|-supereffective|p1b: Heatran\n|-damage|p1b: Heatran|23\/100\n|-boost|p2a: Le Guy|atk|1\n|-boost|p2a: Le Guy|def|1\n|-enditem|p1b: Heatran|Air Balloon\n|move|p2b: Slow down|Sleep Powder|p1b: Heatran\n|-status|p1b: Heatran|slp|[from] move: Sleep Powder\n|\n|-weather|Sandstorm|[upkeep]\n|-damage|p2a: Le Guy|15\/100|[from] Sandstorm\n|-damage|p2b: Slow down|30\/100|[from] Sandstorm\n|-heal|p2a: Le Guy|21\/100|[from] item: Leftovers\n|upkeep\n|turn|2\n|inactive|FriedBeaver01 has 120 seconds left.\n|inactive|Thatfunniguy has 120 seconds left.\n|l|\u2606Thatfunniguy\n|inactive|Thatfunniguy disconnected and has a minute to reconnect!\n|player|p2|\n|\n|t:|1700322902\n|move|p1a: Houndstone|Protect|p1a: Houndstone\n|-singleturn|p1a: Houndstone|Protect\n|cant|p1b: Heatran|slp\n|move|p2a: Le Guy|Knock Off|p1a: Houndstone\n|-activate|p1a: Houndstone|move: Protect\n|move|p2b: Slow down|Pollen Puff|p2a: Le Guy\n|-heal|p2a: Le Guy|71\/100\n|\n|-weather|Sandstorm|[upkeep]\n|-damage|p2a: Le Guy|65\/100|[from] Sandstorm\n|-damage|p2b: Slow down|24\/100|[from] Sandstorm\n|-heal|p2a: Le Guy|71\/100|[from] item: Leftovers\n|upkeep\n|turn|3\n|inactive|FriedBeaver01 has 120 seconds left.\n|j|\u2606Thatfunniguy\n|inactive|Thatfunniguy reconnected and has 120 seconds left.\n|player|p2|Thatfunniguy|fisherman-gen4\n|inactive|FriedBeaver01 has 90 seconds left.\n|l|\u2606Thatfunniguy\n|inactive|Thatfunniguy disconnected and has a minute to reconnect!\n|player|p2|\n|\n|t:|1700322963\n|switch|p1a: Rhyperior|Rhyperior, M, shiny|100\/100\n|switch|p1b: Great Tusk|Great Tusk|100\/100\n|-enditem|p1b: Great Tusk|Booster Energy\n|-activate|p1b: Great Tusk|ability: Protosynthesis|[fromitem]\n|-start|p1b: Great Tusk|protosynthesisatk\n|move|p2a: Le Guy|Knock Off|p1a: Rhyperior\n|-damage|p1a: Rhyperior|55\/100\n|-enditem|p1a: Rhyperior|Assault Vest|[from] move: Knock Off|[of] p2a: Le Guy\n|move|p2b: Slow down|Pollen Puff|p2a: Le Guy\n|-heal|p2a: Le Guy|100\/100\n|\n|-weather|Sandstorm|[upkeep]\n|-damage|p2a: Le Guy|94\/100|[from] Sandstorm\n|-damage|p2b: Slow down|18\/100|[from] Sandstorm\n|-heal|p2a: Le Guy|100\/100|[from] item: Leftovers\n|upkeep\n|turn|4\n|inactive|FriedBeaver01 has 90 seconds left.\n|inactive|Thatfunniguy has 30 seconds to reconnect!\n|inactive|Thatfunniguy has 20 seconds to reconnect!\n|j|\u2606Thatfunniguy\n|inactive|Thatfunniguy reconnected and has 100 seconds left.\n|player|p2|Thatfunniguy|fisherman-gen4\n|\n|t:|1700323009\n|move|p2a: Le Guy|Superpower|p1a: Rhyperior\n|-supereffective|p1a: Rhyperior\n|-damage|p1a: Rhyperior|0 fnt\n|-boost|p2a: Le Guy|atk|1\n|-boost|p2a: Le Guy|def|1\n|faint|p1a: Rhyperior\n|move|p1b: Great Tusk|Rapid Spin|p2b: Slow down\n|-damage|p2b: Slow down|0 fnt\n|-boost|p1b: Great Tusk|spe|1\n|-ability|p2b: Slow down|Cotton Down\n|-unboost|p1b: Great Tusk|spe|1\n|-boost|p2a: Le Guy|spe|1\n|faint|p2b: Slow down\n|\n|-weather|Sandstorm|[upkeep]\n|-damage|p2a: Le Guy|94\/100|[from] Sandstorm\n|-heal|p2a: Le Guy|100\/100|[from] item: Leftovers\n|upkeep\n|inactive|FriedBeaver01 has 90 seconds left.\n|inactive|FriedBeaver01 has 60 seconds left.\n|\n|t:|1700323058\n|switch|p2b: Playing Around|Latias, F, shiny|100\/100\n|switch|p1a: Houndstone|Houndstone, M|100\/100\n|turn|5\n|inactive|Thatfunniguy has 120 seconds left.\n|\n|t:|1700323083\n|detailschange|p2b: Playing Around|Latias-Mega, F, shiny\n|-mega|p2b: Playing Around|Latias|Latiasite\n|move|p1a: Houndstone|Last Respects|p2b: Playing Around\n|-supereffective|p2b: Playing Around\n|-damage|p2b: Playing Around|0 fnt\n|faint|p2b: Playing Around\n|-damage|p1a: Houndstone|91\/100|[from] item: Life Orb\n|move|p2a: Le Guy|Knock Off|p1a: Houndstone\n|-supereffective|p1a: Houndstone\n|-damage|p1a: Houndstone|0 fnt\n|-enditem|p1a: Houndstone|Life Orb|[from] move: Knock Off|[of] p2a: Le Guy\n|faint|p1a: Houndstone\n|move|p1b: Great Tusk|Bulk Up|p1b: Great Tusk\n|-boost|p1b: Great Tusk|atk|1\n|-boost|p1b: Great Tusk|def|1\n|\n|-weather|none\n|upkeep\n|\n|t:|1700323099\n|switch|p2b: Caesar|Murkrow, M|100\/100\n|switch|p1a: Hippowdon|Hippowdon, M|100\/100\n|-weather|Sandstorm|[from] ability: Sand Stream|[of] p1a: Hippowdon\n|turn|6\n|inactive|FriedBeaver01 has 90 seconds left.\n|\n|t:|1700323116\n|move|p2b: Caesar|Defog|p2a: Le Guy\n|-boost|p2a: Le Guy|evasion|1\n|move|p2a: Le Guy|Substitute|p2a: Le Guy\n|-start|p2a: Le Guy|Substitute\n|-damage|p2a: Le Guy|76\/100\n|move|p1b: Great Tusk|Rapid Spin|p2b: Caesar\n|-damage|p2b: Caesar|48\/100\n|-boost|p1b: Great Tusk|spe|1\n|move|p1a: Hippowdon|Stealth Rock|p2b: Caesar\n|-sidestart|p2: Thatfunniguy|move: Stealth Rock\n|\n|-weather|Sandstorm|[upkeep]\n|-damage|p2a: Le Guy|70\/100|[from] Sandstorm\n|-damage|p2b: Caesar|42\/100|[from] Sandstorm\n|-heal|p2a: Le Guy|76\/100|[from] item: Leftovers\n|upkeep\n|turn|7\n|\n|t:|1700323132\n|move|p2b: Caesar|Taunt|p1a: Hippowdon\n|-start|p1a: Hippowdon|move: Taunt\n|-enditem|p1a: Hippowdon|Mental Herb\n|-end|p1a: Hippowdon|move: Taunt\n|move|p2a: Le Guy|Superpower|p1b: Great Tusk\n|-damage|p1b: Great Tusk|64\/100\n|-boost|p2a: Le Guy|atk|1\n|-boost|p2a: Le Guy|def|1\n|move|p1b: Great Tusk|Rapid Spin|p2b: Caesar\n|-damage|p2b: Caesar|0 fnt\n|-boost|p1b: Great Tusk|spe|1\n|faint|p2b: Caesar\n|move|p1a: Hippowdon|Whirlwind|p2a: Le Guy\n|drag|p2a: The Light|Victini|100\/100\n|-damage|p2a: The Light|75\/100|[from] Stealth Rock\n|\n|-weather|Sandstorm|[upkeep]\n|-damage|p2a: The Light|69\/100|[from] Sandstorm\n|upkeep\n|\n|t:|1700323148\n|switch|p2b: Snek|Serperior, F|100\/100\n|-damage|p2b: Snek|88\/100|[from] Stealth Rock\n|turn|8\n|inactive|FriedBeaver01 has 120 seconds left.\n|\n|t:|1700323181\n|-terastallize|p2b: Snek|Steel\n|move|p1b: Great Tusk|Earthquake|p2a: The Light|[spread] p1a,p2a,p2b\n|-supereffective|p2a: The Light\n|-supereffective|p2b: Snek\n|-damage|p1a: Hippowdon|43\/100\n|-damage|p2a: The Light|0 fnt\n|-damage|p2b: Snek|0 fnt\n|faint|p2a: The Light\n|faint|p2b: Snek\n|move|p1a: Hippowdon|Whirlwind|p2: The Light|[notarget]\n|-fail|p1a: Hippowdon\n|\n|-weather|Sandstorm|[upkeep]\n|upkeep\n|\n|t:|1700323188\n|switch|p2a: Le Guy|Malamar, M, shiny|76\/100\n|-damage|p2a: Le Guy|63\/100|[from] Stealth Rock\n|turn|9\n|inactive|FriedBeaver01 has 120 seconds left.\n|\n|t:|1700323198\n|move|p1b: Great Tusk|Body Press|p2a: Le Guy\n|-damage|p2a: Le Guy|0 fnt\n|faint|p2a: Le Guy\n|\n|win|FriedBeaver01\n|raw|FriedBeaver01's rating: 1265 &rarr; <strong>1285<\/strong><br \/>(+20 for winning)\n|raw|Thatfunniguy's rating: 1196 &rarr; <strong>1176<\/strong><br \/>(-20 for losing)\n|l|\u2606Thatfunniguy\n","uploadtime":1700323210,"views":7,"p1id":"friedbeaver01","p2id":"thatfunniguy","formatid":"gen9nationaldexdoubles","rating":1176,"private":0,"password":""}