{"id":"gen9nationaldexdoubles-1962832565","p1":"Hjgfj hf","p2":"JFurb28","format":"[Gen 9] National Dex Doubles","log":"|j|\u2606Hjgfj hf\n|j|\u2606JFurb28\n|t:|1696796498\n|gametype|doubles\n|player|p1|Hjgfj hf|lucas|1000\n|player|p2|JFurb28|giovanni|1309\n|teamsize|p1|6\n|teamsize|p2|6\n|gen|9\n|tier|[Gen 9] National Dex Doubles\n|rated|\n|rule|HP Percentage Mod: HP is shown in percentages\n|rule|Endless Battle Clause: Forcing endless battles is banned\n|rule|OHKO Clause: OHKO moves are banned\n|rule|Evasion Moves Clause: Evasion moves are banned\n|rule|Evasion Abilities Clause: Evasion abilities are banned\n|rule|Species Clause: Limit one of each Pok\u00e9mon\n|rule|Gravity Sleep Clause: The combination of sleep-inducing moves with imperfect accuracy and Gravity or Gigantamax Orbeetle are banned\n|clearpoke\n|poke|p1|Blastoise, M|\n|poke|p1|Clefable, M|\n|poke|p1|Indeedee-F, F|\n|poke|p1|Mr. Mime, F|\n|poke|p1|Glastrier|\n|poke|p1|Oranguru, M|\n|poke|p2|Torkoal, F|\n|poke|p2|Venusaur, M|\n|poke|p2|Walking Wake|\n|poke|p2|Tornadus, M|\n|poke|p2|Great Tusk|\n|poke|p2|Flutter Mane|\n|teampreview\n|\n|t:|1696796508\n|start\n|switch|p1a: Glastrier|Glastrier|100\/100\n|switch|p1b: Indeedee|Indeedee-F, F|100\/100\n|switch|p2a: Tornadus|Tornadus, M|100\/100\n|switch|p2b: Flutter Mane|Flutter Mane|100\/100\n|-fieldstart|move: Psychic Terrain|[from] ability: Psychic Surge|[of] p1b: Indeedee\n|turn|1\n|\n|t:|1696796522\n|move|p1a: Glastrier|Protect|p1a: Glastrier\n|-singleturn|p1a: Glastrier|Protect\n|move|p2a: Tornadus|Sunny Day|p2a: Tornadus\n|-weather|SunnyDay\n|-activate|p2b: Flutter Mane|ability: Protosynthesis\n|-start|p2b: Flutter Mane|protosynthesisspa\n|move|p2b: Flutter Mane|Trick Room|p2b: Flutter Mane\n|-fieldstart|move: Trick Room|[of] p2b: Flutter Mane\n|move|p1b: Indeedee|Trick Room|p1b: Indeedee\n|-fieldend|move: Trick Room\n|\n|-weather|SunnyDay|[upkeep]\n|upkeep\n|turn|2\n|inactive|Battle timer is ON: inactive players will automatically lose when time's up. (requested by JFurb28)\n|\n|t:|1696796537\n|switch|p2a: Great Tusk|Great Tusk|100\/100\n|-activate|p2a: Great Tusk|ability: Protosynthesis\n|-start|p2a: Great Tusk|protosynthesisatk\n|-terastallize|p2b: Flutter Mane|Fairy\n|move|p1b: Indeedee|Follow Me|p1b: Indeedee\n|-singleturn|p1b: Indeedee|move: Follow Me\n|move|p2b: Flutter Mane|Moonblast|p1b: Indeedee\n|-damage|p1b: Indeedee|3\/100\n|move|p1a: Glastrier|Icicle Spear|p2a: Great Tusk\n|-supereffective|p2a: Great Tusk\n|-damage|p2a: Great Tusk|79\/100\n|-supereffective|p2a: Great Tusk\n|-crit|p2a: Great Tusk\n|-damage|p2a: Great Tusk|41\/100\n|-supereffective|p2a: Great Tusk\n|-damage|p2a: Great Tusk|17\/100\n|-supereffective|p2a: Great Tusk\n|-damage|p2a: Great Tusk|0 fnt\n|faint|p2a: Great Tusk\n|-end|p2a: Great Tusk|Protosynthesis|[silent]\n|-ability|p1a: Glastrier|Chilling Neigh|boost\n|-boost|p1a: Glastrier|atk|1\n|-hitcount|p2: Great Tusk|4\n|\n|-weather|SunnyDay|[upkeep]\n|upkeep\n|\n|t:|1696796552\n|switch|p2a: Venusaur|Venusaur, M|100\/100\n|turn|3\n|\n|t:|1696796563\n|move|p1a: Glastrier|Protect|p1a: Glastrier\n|-singleturn|p1a: Glastrier|Protect\n|move|p2a: Venusaur|Weather Ball|p1b: Indeedee\n|-damage|p1b: Indeedee|0 fnt\n|faint|p1b: Indeedee\n|move|p2b: Flutter Mane|Moonblast|p1a: Glastrier\n|-activate|p1a: Glastrier|move: Protect\n|\n|-weather|SunnyDay|[upkeep]\n|upkeep\n|\n|t:|1696796576\n|switch|p1b: Clefable|Clefable, M|100\/100\n|turn|4\n|\n|t:|1696796590\n|move|p1b: Clefable|Follow Me|p1b: Clefable\n|-singleturn|p1b: Clefable|move: Follow Me\n|move|p2a: Venusaur|Sleep Powder|p1b: Clefable|[miss]\n|-miss|p2a: Venusaur|p1b: Clefable\n|move|p2b: Flutter Mane|Moonblast|p1b: Clefable\n|-damage|p1b: Clefable|17\/100\n|-unboost|p1b: Clefable|spa|1\n|move|p1a: Glastrier|Icicle Spear|p2a: Venusaur\n|-supereffective|p2a: Venusaur\n|-damage|p2a: Venusaur|36\/100\n|-supereffective|p2a: Venusaur\n|-crit|p2a: Venusaur\n|-damage|p2a: Venusaur|0 fnt\n|faint|p2a: Venusaur\n|-ability|p1a: Glastrier|Chilling Neigh|boost\n|-boost|p1a: Glastrier|atk|1\n|-hitcount|p2: Venusaur|2\n|\n|-weather|SunnyDay|[upkeep]\n|upkeep\n|\n|t:|1696796596\n|switch|p2a: Walking Wake|Walking Wake|100\/100\n|-activate|p2a: Walking Wake|ability: Protosynthesis\n|-start|p2a: Walking Wake|protosynthesisspa\n|turn|5\n|\n|t:|1696796614\n|move|p1a: Glastrier|Protect|p1a: Glastrier\n|-singleturn|p1a: Glastrier|Protect\n|move|p1b: Clefable|Follow Me|p1b: Clefable\n|-singleturn|p1b: Clefable|move: Follow Me\n|move|p2a: Walking Wake|Draco Meteor|p1b: Clefable\n|-immune|p1b: Clefable\n|move|p2b: Flutter Mane|Moonblast|p1b: Clefable\n|-damage|p1b: Clefable|0 fnt\n|faint|p1b: Clefable\n|\n|-weather|none\n|-end|p2a: Walking Wake|Protosynthesis\n|-end|p2b: Flutter Mane|Protosynthesis\n|-fieldend|move: Psychic Terrain\n|upkeep\n|\n|t:|1696796629\n|switch|p1b: Blastoise|Blastoise, M|100\/100\n|turn|6\n|\n|t:|1696796636\n|-terastallize|p1a: Glastrier|Ice\n|move|p1b: Blastoise|Follow Me|p1b: Blastoise\n|-singleturn|p1b: Blastoise|move: Follow Me\n|move|p2a: Walking Wake|Draco Meteor|p1b: Blastoise\n|-damage|p1b: Blastoise|31\/100\n|-unboost|p2a: Walking Wake|spa|2\n|-damage|p2a: Walking Wake|90\/100|[from] item: Life Orb\n|move|p2b: Flutter Mane|Moonblast|p1b: Blastoise\n|-crit|p1b: Blastoise\n|-damage|p1b: Blastoise|0 fnt\n|faint|p1b: Blastoise\n|move|p1a: Glastrier|Icicle Spear|p2b: Flutter Mane\n|-damage|p2b: Flutter Mane|23\/100\n|-damage|p2b: Flutter Mane|0 fnt\n|faint|p2b: Flutter Mane\n|-end|p2b: Flutter Mane|Protosynthesis|[silent]\n|-ability|p1a: Glastrier|Chilling Neigh|boost\n|-boost|p1a: Glastrier|atk|1\n|-hitcount|p2: Flutter Mane|2\n|\n|upkeep\n|\n|t:|1696796658\n|switch|p2b: Tornadus|Tornadus, M|100\/100\n|switch|p1b: Mr. Mime|Mr. Mime, F|100\/100\n|turn|7\n|\n|t:|1696796671\n|-end|p2a: Walking Wake|Protosynthesis|[silent]\n|switch|p2a: Torkoal|Torkoal, F|100\/100\n|-weather|SunnyDay|[from] ability: Drought|[of] p2a: Torkoal\n|move|p1b: Mr. Mime|Follow Me|p1b: Mr. Mime\n|-singleturn|p1b: Mr. Mime|move: Follow Me\n|move|p2b: Tornadus|Taunt|p1b: Mr. Mime\n|-start|p1b: Mr. Mime|move: Taunt\n|move|p1a: Glastrier|Icicle Spear|p2b: Tornadus\n|-supereffective|p2b: Tornadus\n|-damage|p2b: Tornadus|0 fnt\n|faint|p2b: Tornadus\n|-ability|p1a: Glastrier|Chilling Neigh|boost\n|-boost|p1a: Glastrier|atk|1\n|-hitcount|p2: Tornadus|1\n|\n|-weather|SunnyDay|[upkeep]\n|upkeep\n|\n|t:|1696796674\n|switch|p2b: Walking Wake|Walking Wake|90\/100\n|-activate|p2b: Walking Wake|ability: Protosynthesis\n|-start|p2b: Walking Wake|protosynthesisspa\n|turn|8\n|inactive|Hjgfj hf has 120 seconds left.\n|\n|t:|1696796712\n|switch|p1b: Oranguru|Oranguru, M|100\/100\n|move|p1a: Glastrier|Protect|p1a: Glastrier\n|-singleturn|p1a: Glastrier|Protect\n|move|p2b: Walking Wake|Flamethrower|p1a: Glastrier\n|-activate|p1a: Glastrier|move: Protect\n|move|p2a: Torkoal|Overheat|p1a: Glastrier\n|-activate|p1a: Glastrier|move: Protect\n|\n|-weather|SunnyDay|[upkeep]\n|upkeep\n|turn|9\n|inactive|Hjgfj hf has 120 seconds left.\n|\n|t:|1696796733\n|move|p1b: Oranguru|Ally Switch|p1b: Oranguru\n|swap|p1b: Oranguru|0|[from] move: Ally Switch\n|move|p2b: Walking Wake|Flamethrower|p1a: Oranguru\n|-damage|p1a: Oranguru|38\/100\n|-damage|p2b: Walking Wake|80\/100|[from] item: Life Orb\n|move|p2a: Torkoal|Overheat|p1a: Oranguru\n|-damage|p1a: Oranguru|0 fnt\n|-unboost|p2a: Torkoal|spa|2\n|faint|p1a: Oranguru\n|move|p1b: Glastrier|Stomping Tantrum|p2a: Torkoal\n|-supereffective|p2a: Torkoal\n|-damage|p2a: Torkoal|0 fnt\n|faint|p2a: Torkoal\n|-ability|p1b: Glastrier|Chilling Neigh|boost\n|-boost|p1b: Glastrier|atk|1\n|\n|-weather|SunnyDay|[upkeep]\n|upkeep\n|inactive|Hjgfj hf has 120 seconds left.\n|\n|t:|1696796745\n|switch|p1a: Mr. Mime|Mr. Mime, F|100\/100\n|turn|10\n|\n|t:|1696796752\n|move|p1a: Mr. Mime|Follow Me|p1a: Mr. Mime\n|-singleturn|p1a: Mr. Mime|move: Follow Me\n|move|p2b: Walking Wake|Flamethrower|p1a: Mr. Mime\n|-damage|p1a: Mr. Mime|28\/100\n|-damage|p2b: Walking Wake|70\/100|[from] item: Life Orb\n|move|p1b: Glastrier|Icicle Spear|p2b: Walking Wake\n|-crit|p2b: Walking Wake\n|-damage|p2b: Walking Wake|0 fnt\n|faint|p2b: Walking Wake\n|-end|p2b: Walking Wake|Protosynthesis|[silent]\n|-hitcount|p2: Walking Wake|1\n|\n|win|Hjgfj hf\n|raw|Hjgfj hf's rating: 1000 &rarr; <strong>1068<\/strong><br \/>(+68 for winning)\n|raw|JFurb28's rating: 1309 &rarr; <strong>1275<\/strong><br \/>(-34 for losing)\n|l|\u2606JFurb28\n","uploadtime":1696796766,"views":5,"p1id":"hjgfjhf","p2id":"jfurb28","formatid":"gen9nationaldexdoubles","rating":1068,"private":0,"password":""}