{"id":"gen9nationaldexdoubles-1975852302","p1":"omegashenronone","p2":"shiftygatito","format":"[Gen 9] National Dex Doubles","log":"|j|\u2606omegashenronone\n|j|\u2606shiftygatito\n|t:|1698243862\n|gametype|doubles\n|player|p1|omegashenronone|hugh|\n|player|p2|shiftygatito|hugh|\n|teamsize|p1|6\n|teamsize|p2|6\n|gen|9\n|tier|[Gen 9] National Dex Doubles\n|rule|HP Percentage Mod: HP is shown in percentages\n|rule|Endless Battle Clause: Forcing endless battles is banned\n|rule|OHKO Clause: OHKO moves are banned\n|rule|Evasion Moves Clause: Evasion moves are banned\n|rule|Evasion Abilities Clause: Evasion abilities are banned\n|rule|Species Clause: Limit one of each Pok\u00e9mon\n|rule|Gravity Sleep Clause: The combination of sleep-inducing moves with imperfect accuracy and Gravity or Gigantamax Orbeetle are banned\n|clearpoke\n|poke|p1|Urshifu-*, F|\n|poke|p1|Rotom-Wash|\n|poke|p1|Greninja-*, M|\n|poke|p1|Pelipper, M|\n|poke|p1|Swampert, M|\n|poke|p1|Kingdra, F|\n|poke|p2|Tapu Koko|\n|poke|p2|Iron Valiant|\n|poke|p2|Hawlucha, M|\n|poke|p2|Iron Moth|\n|poke|p2|Scizor, F|\n|poke|p2|Gliscor, M|\n|teampreview\n|inactive|Battle timer is ON: inactive players will automatically lose when time's up. (requested by omegashenronone)\n|inactive|shiftygatito also wants the timer to be on.\n|c|\u2606shiftygatito|glhf\n|c|\u2606shiftygatito|your team looks tough\n|\n|t:|1698243880\n|start\n|switch|p1a: Happy|Pelipper, M|100\/100\n|switch|p1b: Hur-Hur-Hur|Kingdra, F|100\/100\n|switch|p2a: Tapu Koko|Tapu Koko|100\/100\n|switch|p2b: Scizor|Scizor, F|100\/100\n|-fieldstart|move: Electric Terrain|[from] ability: Electric Surge|[of] p2a: Tapu Koko\n|-weather|RainDance|[from] ability: Drizzle|[of] p1a: Happy\n|turn|1\n|\n|t:|1698243895\n|detailschange|p2b: Scizor|Scizor-Mega, F\n|-mega|p2b: Scizor|Scizor|Scizorite\n|move|p1b: Hur-Hur-Hur|Ice Beam|p2a: Tapu Koko\n|-damage|p2a: Tapu Koko|47\/100\n|move|p2a: Tapu Koko|Light Screen|p2a: Tapu Koko\n|-sidestart|p2: shiftygatito|move: Light Screen\n|move|p2b: Scizor|Trailblaze|p1b: Hur-Hur-Hur\n|-damage|p1b: Hur-Hur-Hur|61\/100\n|-boost|p2b: Scizor|spe|1\n|move|p1a: Happy|Tailwind|p1a: Happy\n|-sidestart|p1: omegashenronone|move: Tailwind\n|\n|-weather|RainDance|[upkeep]\n|upkeep\n|turn|2\n|c|\u2606shiftygatito|i might need to rematch you a few times\n|\n|t:|1698243914\n|move|p1b: Hur-Hur-Hur|Ice Beam|p2a: Tapu Koko\n|-damage|p2a: Tapu Koko|15\/100\n|move|p2a: Tapu Koko|Thunderbolt|p1a: Happy\n|-supereffective|p1a: Happy\n|-damage|p1a: Happy|0 fnt\n|faint|p1a: Happy\n|move|p2b: Scizor|Trailblaze|p1b: Hur-Hur-Hur\n|-damage|p1b: Hur-Hur-Hur|26\/100\n|-boost|p2b: Scizor|spe|1\n|\n|-weather|RainDance|[upkeep]\n|upkeep\n|\n|t:|1698243929\n|switch|p1a: Master Shi-Fu!|Urshifu-Rapid-Strike, F|100\/100\n|turn|3\n|\n|t:|1698243948\n|move|p1b: Hur-Hur-Hur|Ice Beam|p2a: Tapu Koko\n|-damage|p2a: Tapu Koko|0 fnt\n|faint|p2a: Tapu Koko\n|move|p1a: Master Shi-Fu!|Close Combat|p2b: Scizor\n|-damage|p2b: Scizor|36\/100\n|-unboost|p1a: Master Shi-Fu!|def|1\n|-unboost|p1a: Master Shi-Fu!|spd|1\n|-damage|p1a: Master Shi-Fu!|91\/100|[from] item: Life Orb\n|move|p2b: Scizor|Swords Dance|p2b: Scizor\n|-boost|p2b: Scizor|atk|2\n|\n|-weather|RainDance|[upkeep]\n|upkeep\n|\n|t:|1698243955\n|switch|p2a: Hawlucha|Hawlucha, M|100\/100\n|-enditem|p2a: Hawlucha|Electric Seed\n|-boost|p2a: Hawlucha|def|1|[from] item: Electric Seed\n|turn|4\n|\n|t:|1698243971\n|move|p2b: Scizor|Bullet Punch|p1b: Hur-Hur-Hur\n|-resisted|p1b: Hur-Hur-Hur\n|-damage|p1b: Hur-Hur-Hur|0 fnt\n|faint|p1b: Hur-Hur-Hur\n|move|p1a: Master Shi-Fu!|Surging Strikes|p2a: Hawlucha\n|-crit|p2a: Hawlucha\n|-damage|p2a: Hawlucha|43\/100\n|-crit|p2a: Hawlucha\n|-damage|p2a: Hawlucha|0 fnt\n|faint|p2a: Hawlucha\n|-hitcount|p2: Hawlucha|2\n|-damage|p1a: Master Shi-Fu!|81\/100|[from] item: Life Orb\n|\n|-weather|RainDance|[upkeep]\n|-sideend|p1: omegashenronone|move: Tailwind\n|upkeep\n|\n|t:|1698243987\n|switch|p2a: Iron Valiant|Iron Valiant|100\/100\n|switch|p1b: Genji|Greninja, M, shiny|100\/100\n|-activate|p2a: Iron Valiant|ability: Quark Drive\n|-start|p2a: Iron Valiant|quarkdrivespe\n|turn|5\n|\n|t:|1698244001\n|move|p2a: Iron Valiant|Moonblast|p1b: Genji\n|-supereffective|p1b: Genji\n|-damage|p1b: Genji|0 fnt\n|faint|p1b: Genji\n|-damage|p2a: Iron Valiant|91\/100|[from] item: Life Orb\n|move|p2b: Scizor|Trailblaze|p1a: Master Shi-Fu!\n|-supereffective|p1a: Master Shi-Fu!\n|-crit|p1a: Master Shi-Fu!\n|-damage|p1a: Master Shi-Fu!|0 fnt\n|-boost|p2b: Scizor|spe|1\n|faint|p1a: Master Shi-Fu!\n|\n|-weather|RainDance|[upkeep]\n|-sideend|p2: shiftygatito|move: Light Screen\n|upkeep\n|\n|t:|1698244006\n|switch|p1b: Former rotom phone|Rotom-Wash, shiny|100\/100\n|switch|p1a: Gym bro|Swampert, M|100\/100\n|turn|6\n|j| YaBoiCrim\n|\n|t:|1698244014\n|detailschange|p1a: Gym bro|Swampert-Mega, M\n|-mega|p1a: Gym bro|Swampert|Swampertite\n|move|p2b: Scizor|Trailblaze|p1a: Gym bro\n|-supereffective|p1a: Gym bro\n|-damage|p1a: Gym bro|0 fnt\n|-boost|p2b: Scizor|spe|1\n|faint|p1a: Gym bro\n|move|p2a: Iron Valiant|Moonblast|p1b: Former rotom phone\n|-damage|p1b: Former rotom phone|37\/100\n|-damage|p2a: Iron Valiant|81\/100|[from] item: Life Orb\n|move|p1b: Former rotom phone|Thunder|p2a: Iron Valiant\n|-damage|p2a: Iron Valiant|0 fnt\n|faint|p2a: Iron Valiant\n|-end|p2a: Iron Valiant|Quark Drive|[silent]\n|-damage|p1b: Former rotom phone|27\/100|[from] item: Life Orb\n|\n|-weather|RainDance|[upkeep]\n|upkeep\n|\n|t:|1698244020\n|switch|p2a: Iron Moth|Iron Moth|100\/100\n|-activate|p2a: Iron Moth|ability: Quark Drive\n|-start|p2a: Iron Moth|quarkdrivespe\n|turn|7\n|\n|t:|1698244024\n|move|p2b: Scizor|Bullet Punch|p1b: Former rotom phone\n|-resisted|p1b: Former rotom phone\n|-crit|p1b: Former rotom phone\n|-damage|p1b: Former rotom phone|0 fnt\n|faint|p1b: Former rotom phone\n|\n|win|shiftygatito\n|c|\u2606shiftygatito|gg\n|c|\u2606omegashenronone|Good game\n","uploadtime":1698244040,"views":14,"p1id":"omegashenronone","p2id":"shiftygatito","formatid":"gen9nationaldexdoubles","rating":0,"private":0,"password":""}