{"id":"gen9nationaldexdoubles-1972435630","p1":"Jane The Spy","p2":"HiveMindJester","format":"[Gen 9] National Dex Doubles","log":"|j|\u2606Jane The Spy\n|j|\u2606HiveMindJester\n|t:|1697842539\n|gametype|doubles\n|player|p1|Jane The Spy|rocketgruntf|\n|player|p2|HiveMindJester|harlequin|\n|teamsize|p1|6\n|teamsize|p2|6\n|gen|9\n|tier|[Gen 9] National Dex Doubles\n|rule|HP Percentage Mod: HP is shown in percentages\n|rule|Endless Battle Clause: Forcing endless battles is banned\n|rule|OHKO Clause: OHKO moves are banned\n|rule|Evasion Moves Clause: Evasion moves are banned\n|rule|Evasion Abilities Clause: Evasion abilities are banned\n|rule|Species Clause: Limit one of each Pok\u00e9mon\n|rule|Gravity Sleep Clause: The combination of sleep-inducing moves with imperfect accuracy and Gravity or Gigantamax Orbeetle are banned\n|clearpoke\n|poke|p1|Blissey, F|\n|poke|p1|Meowscarada, F|\n|poke|p1|Sylveon, F|\n|poke|p1|Goodra-Hisui, M|\n|poke|p1|Ludicolo, F|\n|poke|p1|Lycanroc, F|\n|poke|p2|Mawile, F|\n|poke|p2|Cofagrigus, M|\n|poke|p2|Maractus, F|\n|poke|p2|Reuniclus, M|\n|poke|p2|Mienshao, F|\n|poke|p2|Noivern, M|\n|teampreview\n|\n|t:|1697842548\n|start\n|switch|p1a: Sylveon|Sylveon, F|100\/100\n|switch|p1b: Lycanroc|Lycanroc, F, shiny|100\/100\n|switch|p2a: Flores|Maractus, F|100\/100\n|switch|p2b: Horus|Cofagrigus, M|100\/100\n|turn|1\n|\n|t:|1697842561\n|move|p1b: Lycanroc|Swords Dance|p1b: Lycanroc\n|-boost|p1b: Lycanroc|atk|2\n|move|p1a: Sylveon|Reflect|p1a: Sylveon\n|-sidestart|p1: Jane The Spy|Reflect\n|move|p2a: Flores|Giga Drain|p1b: Lycanroc\n|-supereffective|p1b: Lycanroc\n|-damage|p1b: Lycanroc|22\/100\n|move|p2b: Horus|Trick Room|p2b: Horus\n|-fieldstart|move: Trick Room|[of] p2b: Horus\n|\n|upkeep\n|turn|2\n|\n|t:|1697842588\n|switch|p1b: Blissey|Blissey, F|100\/100\n|move|p2b: Horus|Knock Off|p1a: Sylveon\n|-resisted|p1a: Sylveon\n|-damage|p1a: Sylveon|95\/100\n|-enditem|p1a: Sylveon|Focus Sash|[from] move: Knock Off|[of] p2b: Horus\n|move|p2a: Flores|Giga Drain|p1b: Blissey\n|-damage|p1b: Blissey|91\/100\n|move|p1a: Sylveon|Light Screen|p1a: Sylveon\n|-sidestart|p1: Jane The Spy|move: Light Screen\n|\n|-heal|p1b: Blissey|97\/100|[from] item: Leftovers\n|upkeep\n|turn|3\n|\n|t:|1697842607\n|move|p2b: Horus|Knock Off|p1b: Blissey\n|-damage|p1b: Blissey|88\/100\n|-enditem|p1b: Blissey|Leftovers|[from] move: Knock Off|[of] p2b: Horus\n|move|p1b: Blissey|Ice Beam|p2a: Flores\n|-supereffective|p2a: Flores\n|-damage|p2a: Flores|60\/100\n|move|p2a: Flores|Cotton Guard|p2a: Flores\n|-boost|p2a: Flores|def|3\n|move|p1a: Sylveon|Calm Mind|p1a: Sylveon\n|-boost|p1a: Sylveon|spa|1\n|-boost|p1a: Sylveon|spd|1\n|\n|-heal|p2a: Flores|66\/100|[from] item: Leftovers\n|upkeep\n|turn|4\n|\n|t:|1697842628\n|move|p2b: Horus|Shadow Ball|p1a: Sylveon\n|-damage|p1a: Sylveon|86\/100\n|move|p1b: Blissey|Ice Beam|p2b: Horus\n|-damage|p2b: Horus|88\/100\n|move|p2a: Flores|Toxic|p1a: Sylveon|[miss]\n|-miss|p2a: Flores|p1a: Sylveon\n|move|p1a: Sylveon|Calm Mind|p1a: Sylveon\n|-boost|p1a: Sylveon|spa|1\n|-boost|p1a: Sylveon|spd|1\n|\n|-heal|p2b: Horus|94\/100|[from] item: Leftovers\n|-heal|p2a: Flores|72\/100|[from] item: Leftovers\n|upkeep\n|turn|5\n|\n|t:|1697842653\n|move|p2b: Horus|Knock Off|p1b: Blissey\n|-damage|p1b: Blissey|82\/100\n|move|p1b: Blissey|Ice Beam|p2a: Flores\n|-supereffective|p2a: Flores\n|-damage|p2a: Flores|29\/100\n|move|p2a: Flores|Toxic|p1a: Sylveon\n|-status|p1a: Sylveon|tox\n|move|p1a: Sylveon|Draining Kiss|p2b: Horus\n|-damage|p2b: Horus|57\/100\n|-heal|p1a: Sylveon|100\/100 tox|[from] drain|[of] p2b: Horus\n|-activate|p2b: Horus|ability: Mummy|Cute Charm|[of] p1a: Sylveon\n|\n|-heal|p2b: Horus|64\/100|[from] item: Leftovers\n|-heal|p2a: Flores|35\/100|[from] item: Leftovers\n|-damage|p1a: Sylveon|94\/100 tox|[from] psn\n|-sideend|p1: Jane The Spy|Reflect\n|-fieldend|move: Trick Room\n|upkeep\n|turn|6\n|\n|t:|1697842697\n|move|p1a: Sylveon|Reflect|p1a: Sylveon\n|-sidestart|p1: Jane The Spy|Reflect\n|move|p2a: Flores|Toxic|p1b: Blissey\n|-status|p1b: Blissey|tox\n|move|p1b: Blissey|Calm Mind|p1b: Blissey\n|-boost|p1b: Blissey|spa|1\n|-boost|p1b: Blissey|spd|1\n|move|p2b: Horus|Shadow Ball|p1a: Sylveon\n|-damage|p1a: Sylveon|88\/100 tox\n|\n|-heal|p2a: Flores|41\/100|[from] item: Leftovers\n|-heal|p2b: Horus|70\/100|[from] item: Leftovers\n|-damage|p1a: Sylveon|76\/100 tox|[from] psn\n|-damage|p1b: Blissey|76\/100 tox|[from] psn\n|-sideend|p1: Jane The Spy|move: Light Screen\n|upkeep\n|turn|7\n|\n|t:|1697842720\n|move|p1a: Sylveon|Light Screen|p1a: Sylveon\n|-sidestart|p1: Jane The Spy|move: Light Screen\n|move|p2a: Flores|Giga Drain|p1b: Blissey\n|-damage|p1b: Blissey|71\/100 tox\n|-heal|p2a: Flores|45\/100|[from] drain|[of] p1b: Blissey\n|move|p1b: Blissey|Calm Mind|p1b: Blissey\n|-boost|p1b: Blissey|spa|1\n|-boost|p1b: Blissey|spd|1\n|move|p2b: Horus|Trick Room|p2b: Horus\n|-fieldstart|move: Trick Room|[of] p2b: Horus\n|\n|-heal|p2b: Horus|76\/100|[from] item: Leftovers\n|-heal|p2a: Flores|52\/100|[from] item: Leftovers\n|-damage|p1b: Blissey|59\/100 tox|[from] psn\n|-damage|p1a: Sylveon|57\/100 tox|[from] psn\n|upkeep\n|turn|8\n|\n|t:|1697842745\n|move|p2b: Horus|Knock Off|p1b: Blissey\n|-damage|p1b: Blissey|53\/100 tox\n|move|p1b: Blissey|Ice Beam|p2a: Flores\n|-supereffective|p2a: Flores\n|-damage|p2a: Flores|0 fnt\n|faint|p2a: Flores\n|move|p1a: Sylveon|Draining Kiss|p2b: Horus\n|-damage|p2b: Horus|35\/100\n|-heal|p1a: Sylveon|82\/100 tox|[from] drain|[of] p2b: Horus\n|\n|-heal|p2b: Horus|42\/100|[from] item: Leftovers\n|-damage|p1b: Blissey|35\/100 tox|[from] psn\n|-damage|p1a: Sylveon|58\/100 tox|[from] psn\n|upkeep\n|\n|t:|1697842760\n|switch|p2a: Mito|Reuniclus, M, shiny|100\/100\n|turn|9\n|\n|t:|1697842773\n|move|p2b: Horus|Knock Off|p1a: Sylveon\n|-resisted|p1a: Sylveon\n|-damage|p1a: Sylveon|54\/100 tox\n|move|p2a: Mito|Calm Mind|p2a: Mito\n|-boost|p2a: Mito|spa|1\n|-boost|p2a: Mito|spd|1\n|move|p1b: Blissey|Soft-Boiled|p1b: Blissey\n|-heal|p1b: Blissey|85\/100 tox\n|move|p1a: Sylveon|Draining Kiss|p2b: Horus\n|-damage|p2b: Horus|6\/100\n|-heal|p1a: Sylveon|76\/100 tox|[from] drain|[of] p2b: Horus\n|\n|-heal|p2b: Horus|12\/100|[from] item: Leftovers\n|-damage|p1b: Blissey|60\/100 tox|[from] psn\n|-damage|p1a: Sylveon|46\/100 tox|[from] psn\n|upkeep\n|turn|10\n|\n|t:|1697842797\n|move|p2b: Horus|Destiny Bond|p2b: Horus\n|-singlemove|p2b: Horus|Destiny Bond\n|move|p2a: Mito|Calm Mind|p2a: Mito\n|-boost|p2a: Mito|spa|1\n|-boost|p2a: Mito|spd|1\n|move|p1b: Blissey|Ice Beam|p2a: Mito\n|-damage|p2a: Mito|89\/100\n|move|p1a: Sylveon|Draining Kiss|p2b: Horus\n|-damage|p2b: Horus|0 fnt\n|-heal|p1a: Sylveon|53\/100 tox|[from] drain|[of] p2b: Horus\n|faint|p2b: Horus\n|-activate|p2b: Horus|move: Destiny Bond\n|faint|p1a: Sylveon\n|\n|-heal|p2a: Mito|95\/100|[from] item: Leftovers\n|-damage|p1b: Blissey|29\/100 tox|[from] psn\n|-sideend|p1: Jane The Spy|Reflect\n|upkeep\n|\n|t:|1697842822\n|switch|p2b: Yokai|Mawile, F|100\/100\n|switch|p1a: Meowscarada|Meowscarada, F, shiny|100\/100\n|-ability|p2b: Yokai|Intimidate|boost\n|-unboost|p1a: Meowscarada|atk|1\n|-unboost|p1b: Blissey|atk|1\n|turn|11\n|\n|t:|1697842839\n|switch|p1a: Goodra|Goodra-Hisui, M, shiny|100\/100\n|detailschange|p2b: Yokai|Mawile-Mega, F\n|-mega|p2b: Yokai|Mawile|Mawilite\n|move|p2a: Mito|Calm Mind|p2a: Mito\n|-boost|p2a: Mito|spa|1\n|-boost|p2a: Mito|spd|1\n|move|p2b: Yokai|Swords Dance|p2b: Yokai\n|-boost|p2b: Yokai|atk|2\n|move|p1b: Blissey|Soft-Boiled|p1b: Blissey\n|-heal|p1b: Blissey|79\/100 tox\n|\n|-heal|p2a: Mito|100\/100|[from] item: Leftovers\n|-damage|p1b: Blissey|43\/100 tox|[from] psn\n|-sideend|p1: Jane The Spy|move: Light Screen\n|-fieldend|move: Trick Room\n|upkeep\n|turn|12\n|\n|t:|1697842887\n|move|p1b: Blissey|Soft-Boiled|p1b: Blissey\n|-heal|p1b: Blissey|93\/100 tox\n|move|p1a: Goodra|Earthquake|p2a: Mito|[spread] p1b,p2a,p2b\n|-supereffective|p2b: Yokai\n|-damage|p1b: Blissey|75\/100 tox\n|-damage|p2a: Mito|83\/100\n|-damage|p2b: Yokai|66\/100\n|move|p2b: Yokai|Play Rough|p1a: Goodra\n|-damage|p1a: Goodra|0 fnt\n|faint|p1a: Goodra\n|move|p2a: Mito|Calm Mind|p2a: Mito\n|-boost|p2a: Mito|spa|1\n|-boost|p2a: Mito|spd|1\n|\n|-heal|p2a: Mito|89\/100|[from] item: Leftovers\n|-damage|p1b: Blissey|32\/100 tox|[from] psn\n|upkeep\n|\n|t:|1697842904\n|switch|p1a: Ludicolo|Ludicolo, F|100\/100\n|turn|13\n|\n|t:|1697842922\n|move|p1a: Ludicolo|Rain Dance|p1a: Ludicolo\n|-weather|RainDance\n|move|p1b: Blissey|Light Screen|p1b: Blissey\n|-sidestart|p1: Jane The Spy|move: Light Screen\n|move|p2b: Yokai|Play Rough|p1a: Ludicolo\n|-crit|p1a: Ludicolo\n|-damage|p1a: Ludicolo|0 fnt\n|faint|p1a: Ludicolo\n|move|p2a: Mito|Psyshock|p1b: Blissey\n|-damage|p1b: Blissey|0 fnt\n|faint|p1b: Blissey\n|\n|-weather|RainDance|[upkeep]\n|-heal|p2a: Mito|95\/100|[from] item: Leftovers\n|upkeep\n|\n|t:|1697842936\n|switch|p1a: Meowscarada|Meowscarada, F, shiny|100\/100\n|switch|p1b: Lycanroc|Lycanroc, F, shiny|22\/100\n|turn|14\n|\n|t:|1697842954\n|move|p1a: Meowscarada|Night Slash|p2a: Mito\n|-start|p1a: Meowscarada|typechange|Dark|[from] ability: Protean\n|-supereffective|p2a: Mito\n|-damage|p2a: Mito|34\/100\n|move|p1b: Lycanroc|Rock Slide|p2b: Yokai|[spread] p2a,p2b\n|-resisted|p2b: Yokai\n|-damage|p2a: Mito|11\/100\n|-damage|p2b: Yokai|55\/100\n|move|p2b: Yokai|Play Rough|p1a: Meowscarada\n|-supereffective|p1a: Meowscarada\n|-damage|p1a: Meowscarada|0 fnt\n|faint|p1a: Meowscarada\n|cant|p2a: Mito|flinch\n|\n|-weather|RainDance|[upkeep]\n|-heal|p2a: Mito|17\/100|[from] item: Leftovers\n|upkeep\n|turn|15\n|\n|t:|1697842975\n|move|p2b: Yokai|Sucker Punch|p1b: Lycanroc\n|-damage|p1b: Lycanroc|0 fnt\n|-damage|p2b: Yokai|38\/100|[from] item: Rocky Helmet|[of] p1b: Lycanroc\n|faint|p1b: Lycanroc\n|\n|win|HiveMindJester\n","uploadtime":1697842985,"views":9,"p1id":"janethespy","p2id":"hivemindjester","formatid":"gen9nationaldexdoubles","rating":0,"private":0,"password":""}