{"id":"gen9nationaldexdoubles-1969354387","p1":"OEEM67","p2":"DracoAxel","format":"[Gen 9] National Dex Doubles","log":"|j|\u2606OEEM67\n|j|\u2606DracoAxel\n|t:|1697518391\n|gametype|doubles\n|player|p1|OEEM67|lady-gen4|\n|player|p2|DracoAxel|nate|\n|teamsize|p1|6\n|teamsize|p2|6\n|gen|9\n|tier|[Gen 9] National Dex Doubles\n|rule|HP Percentage Mod: HP is shown in percentages\n|rule|Endless Battle Clause: Forcing endless battles is banned\n|rule|OHKO Clause: OHKO moves are banned\n|rule|Evasion Moves Clause: Evasion moves are banned\n|rule|Evasion Abilities Clause: Evasion abilities are banned\n|rule|Species Clause: Limit one of each Pok\u00e9mon\n|rule|Gravity Sleep Clause: The combination of sleep-inducing moves with imperfect accuracy and Gravity or Gigantamax Orbeetle are banned\n|clearpoke\n|poke|p1|Goodra-Hisui, M|\n|poke|p1|Ogerpon-Wellspring, F|\n|poke|p1|Cresselia, F|\n|poke|p1|Sinistcha|\n|poke|p1|Iron Hands|\n|poke|p1|Amoonguss, F|\n|poke|p2|Empoleon, F|\n|poke|p2|Regieleki|\n|poke|p2|Politoed, F|\n|poke|p2|Swampert, F|\n|poke|p2|Togekiss, M|\n|poke|p2|Volcanion|\n|teampreview\n|\n|t:|1697518416\n|start\n|switch|p1a: Iron Hands|Iron Hands|100\/100\n|switch|p1b: Ogerpon|Ogerpon-Wellspring, F|100\/100\n|switch|p2a: Regieleki|Regieleki|100\/100\n|switch|p2b: Empoleon|Empoleon, F|100\/100\n|turn|1\n|\n|t:|1697518444\n|move|p2a: Regieleki|Thunder|p1b: Ogerpon|[miss]\n|-miss|p2a: Regieleki|p1b: Ogerpon\n|move|p1b: Ogerpon|Horn Leech|p2b: Empoleon\n|-damage|p2b: Empoleon|56\/100\n|move|p2b: Empoleon|Yawn|p1a: Iron Hands\n|-start|p1a: Iron Hands|move: Yawn|[of] p2b: Empoleon\n|move|p1a: Iron Hands|Drain Punch|p2b: Empoleon\n|-supereffective|p2b: Empoleon\n|-crit|p2b: Empoleon\n|-damage|p2b: Empoleon|0 fnt\n|faint|p2b: Empoleon\n|-damage|p1a: Iron Hands|91\/100|[from] item: Life Orb\n|\n|upkeep\n|\n|t:|1697518461\n|switch|p2b: Togekiss|Togekiss, M|100\/100\n|turn|2\n|\n|t:|1697518487\n|-end|p1a: Iron Hands|Quark Drive|[silent]\n|switch|p1a: Goodra|Goodra-Hisui, M|100\/100\n|move|p2b: Togekiss|Protect|p2b: Togekiss\n|-singleturn|p2b: Togekiss|Protect\n|move|p2a: Regieleki|Electroweb|p1b: Ogerpon|[spread] p1a,p1b\n|-resisted|p1a: Goodra\n|-damage|p1a: Goodra|88\/100\n|-damage|p1b: Ogerpon|62\/100\n|-unboost|p1a: Goodra|spe|1\n|-unboost|p1b: Ogerpon|spe|1\n|-damage|p2a: Regieleki|91\/100|[from] item: Life Orb\n|move|p1b: Ogerpon|Horn Leech|p2a: Regieleki\n|-damage|p2a: Regieleki|7\/100\n|-heal|p1b: Ogerpon|100\/100|[from] drain|[of] p2a: Regieleki\n|\n|upkeep\n|turn|3\n|\n|t:|1697518522\n|switch|p2b: Volcanion|Volcanion|100\/100\n|move|p2a: Regieleki|Protect|p2a: Regieleki\n|-singleturn|p2a: Regieleki|Protect\n|move|p1b: Ogerpon|Swords Dance|p1b: Ogerpon\n|-boost|p1b: Ogerpon|atk|2\n|move|p1a: Goodra|Toxic|p2a: Regieleki\n|-activate|p2a: Regieleki|move: Protect\n|\n|upkeep\n|turn|4\n|\n|t:|1697518542\n|move|p2a: Regieleki|Electroweb|p1b: Ogerpon|[spread] p1a,p1b\n|-resisted|p1a: Goodra\n|-damage|p1a: Goodra|74\/100\n|-damage|p1b: Ogerpon|60\/100\n|-unboost|p1a: Goodra|spe|1\n|-unboost|p1b: Ogerpon|spe|1\n|-damage|p2a: Regieleki|0 fnt|[from] item: Life Orb\n|faint|p2a: Regieleki\n|move|p2b: Volcanion|Flamethrower|p1b: Ogerpon\n|-damage|p1b: Ogerpon|0 fnt\n|faint|p1b: Ogerpon\n|-damage|p2b: Volcanion|91\/100|[from] item: Life Orb\n|-zpower|p1a: Goodra\n|move|p1a: Goodra|Devastating Drake|p2b: Volcanion|[zeffect]\n|-damage|p2b: Volcanion|14\/100\n|\n|upkeep\n|\n|t:|1697518573\n|switch|p2a: Politoed|Politoed, F|100\/100\n|switch|p1b: Cresselia|Cresselia, F|100\/100\n|-weather|RainDance|[from] ability: Drizzle|[of] p2a: Politoed\n|turn|5\n|\n|t:|1697518585\n|move|p1b: Cresselia|Future Sight|p2a: Politoed\n|-start|p1b: Cresselia|move: Future Sight\n|move|p2b: Volcanion|Flamethrower|p1a: Goodra\n|-damage|p1a: Goodra|47\/100\n|-damage|p2b: Volcanion|4\/100|[from] item: Life Orb\n|move|p2a: Politoed|Surf|p1a: Goodra|[spread] p1a,p1b\n|-heal|p2b: Volcanion|29\/100|[from] ability: Water Absorb|[of] p2a: Politoed\n|-resisted|p1a: Goodra\n|-damage|p1a: Goodra|35\/100\n|-damage|p1b: Cresselia|82\/100\n|move|p1a: Goodra|Thunderbolt|p2a: Politoed\n|-supereffective|p2a: Politoed\n|-damage|p2a: Politoed|47\/100\n|\n|-weather|RainDance|[upkeep]\n|-heal|p1b: Cresselia|88\/100|[from] item: Leftovers\n|-heal|p2a: Politoed|53\/100|[from] item: Leftovers\n|upkeep\n|turn|6\n|\n|t:|1697518622\n|move|p1b: Cresselia|Future Sight|p2b: Volcanion\n|-start|p1b: Cresselia|move: Future Sight\n|move|p2a: Politoed|Surf|p1a: Goodra|[spread] p1a,p1b\n|-heal|p2b: Volcanion|54\/100|[from] ability: Water Absorb|[of] p2a: Politoed\n|-resisted|p1a: Goodra\n|-damage|p1a: Goodra|22\/100\n|-damage|p1b: Cresselia|69\/100\n|move|p2b: Volcanion|Flamethrower|p1a: Goodra\n|-damage|p1a: Goodra|0 fnt\n|faint|p1a: Goodra\n|-damage|p2b: Volcanion|44\/100|[from] item: Life Orb\n|\n|-weather|RainDance|[upkeep]\n|-heal|p1b: Cresselia|75\/100|[from] item: Leftovers\n|-heal|p2a: Politoed|60\/100|[from] item: Leftovers\n|upkeep\n|\n|t:|1697518634\n|switch|p1a: Iron Hands|Iron Hands|91\/100\n|turn|7\n|\n|t:|1697518646\n|move|p2b: Volcanion|Earth Power|p1a: Iron Hands\n|-supereffective|p1a: Iron Hands\n|-damage|p1a: Iron Hands|7\/100\n|-damage|p2b: Volcanion|34\/100|[from] item: Life Orb\n|move|p2a: Politoed|Hypnosis|p1a: Iron Hands\n|-status|p1a: Iron Hands|slp|[from] move: Hypnosis\n|cant|p1a: Iron Hands|slp\n|move|p1b: Cresselia|Trick Room|p1b: Cresselia\n|-fieldstart|move: Trick Room|[of] p1b: Cresselia\n|\n|-weather|RainDance|[upkeep]\n|-end|p2a: Politoed|move: Future Sight\n|-damage|p2a: Politoed|31\/100\n|-heal|p2a: Politoed|37\/100|[from] item: Leftovers\n|-heal|p1b: Cresselia|81\/100|[from] item: Leftovers\n|upkeep\n|turn|8\n|\n|t:|1697518689\n|cant|p1a: Iron Hands|slp\n|move|p2b: Volcanion|Hydro Pump|p1b: Cresselia\n|-damage|p1b: Cresselia|6\/100\n|-damage|p2b: Volcanion|24\/100|[from] item: Life Orb\n|move|p2a: Politoed|Surf|p1a: Iron Hands|[spread] p1a,p1b\n|-heal|p2b: Volcanion|49\/100|[from] ability: Water Absorb|[of] p2a: Politoed\n|-damage|p1a: Iron Hands|0 fnt\n|-damage|p1b: Cresselia|0 fnt\n|faint|p1a: Iron Hands\n|-end|p1a: Iron Hands|Quark Drive|[silent]\n|faint|p1b: Cresselia\n|\n|-weather|RainDance|[upkeep]\n|-end|p2b: Volcanion|move: Future Sight\n|-damage|p2b: Volcanion|18\/100\n|-heal|p2a: Politoed|44\/100|[from] item: Leftovers\n|upkeep\n|\n|t:|1697518706\n|switch|p1a: Sinistcha|Sinistcha|100\/100\n|switch|p1b: Amoonguss|Amoonguss, F|100\/100\n|turn|9\n|\n|t:|1697518722\n|move|p2a: Politoed|Protect|p2a: Politoed\n|-singleturn|p2a: Politoed|Protect\n|move|p1b: Amoonguss|Grassy Terrain|p1b: Amoonguss\n|-fieldstart|move: Grassy Terrain\n|move|p1a: Sinistcha|Matcha Gotcha|p2b: Volcanion|[spread] \n|-activate|p2a: Politoed|move: Protect\n|-miss|p1a: Sinistcha|p2b: Volcanion\n|move|p2b: Volcanion|Flamethrower|p1b: Amoonguss\n|-supereffective|p1b: Amoonguss\n|-damage|p1b: Amoonguss|39\/100\n|-damage|p2b: Volcanion|8\/100|[from] item: Life Orb\n|\n|-weather|none\n|-heal|p1b: Amoonguss|45\/100|[from] Grassy Terrain\n|-heal|p1b: Amoonguss|51\/100|[from] item: Leftovers\n|-heal|p2b: Volcanion|14\/100|[from] Grassy Terrain\n|-heal|p2a: Politoed|50\/100|[from] Grassy Terrain\n|-heal|p2a: Politoed|56\/100|[from] item: Leftovers\n|upkeep\n|turn|10\n|\n|t:|1697518743\n|move|p1b: Amoonguss|Synthesis|p1b: Amoonguss\n|-heal|p1b: Amoonguss|100\/100\n|move|p1a: Sinistcha|Matcha Gotcha|p2b: Volcanion|[spread] p2a\n|-miss|p1a: Sinistcha|p2b: Volcanion\n|-supereffective|p2a: Politoed\n|-damage|p2a: Politoed|4\/100\n|move|p2a: Politoed|Hypnosis|p1a: Sinistcha|[miss]\n|-miss|p2a: Politoed|p1a: Sinistcha\n|move|p2b: Volcanion|Flamethrower|p1b: Amoonguss\n|-supereffective|p1b: Amoonguss\n|-damage|p1b: Amoonguss|0 fnt\n|faint|p1b: Amoonguss\n|-damage|p2b: Volcanion|4\/100|[from] item: Life Orb\n|\n|-heal|p2b: Volcanion|10\/100|[from] Grassy Terrain\n|-heal|p2a: Politoed|10\/100|[from] Grassy Terrain\n|-heal|p2a: Politoed|16\/100|[from] item: Leftovers\n|upkeep\n|turn|11\n|\n|t:|1697518761\n|move|p1a: Sinistcha|Matcha Gotcha|p2b: Volcanion|[spread] p2a,p2b\n|-supereffective|p2a: Politoed\n|-damage|p2a: Politoed|0 fnt\n|-damage|p2b: Volcanion|0 fnt\n|faint|p2a: Politoed\n|faint|p2b: Volcanion\n|\n|-fieldend|move: Trick Room\n|upkeep\n|\n|t:|1697518766\n|switch|p2b: Togekiss|Togekiss, M|100\/100\n|switch|p2a: Swampert|Swampert, F|100\/100\n|turn|12\n|\n|t:|1697518793\n|detailschange|p2a: Swampert|Swampert-Mega, F\n|-mega|p2a: Swampert|Swampert|Swampertite\n|move|p2b: Togekiss|Follow Me|p2b: Togekiss\n|-singleturn|p2b: Togekiss|move: Follow Me\n|move|p2a: Swampert|Power-Up Punch|p2b: Togekiss\n|-resisted|p2b: Togekiss\n|-damage|p2b: Togekiss|97\/100\n|-boost|p2a: Swampert|atk|1\n|move|p1a: Sinistcha|Matcha Gotcha|p2a: Swampert|[spread] p2b\n|-miss|p1a: Sinistcha|p2a: Swampert\n|-resisted|p2b: Togekiss\n|-damage|p2b: Togekiss|84\/100\n|\n|-heal|p2b: Togekiss|90\/100|[from] item: Leftovers\n|upkeep\n|turn|13\n|\n|t:|1697518814\n|move|p2a: Swampert|Rock Slide|p1a: Sinistcha\n|-damage|p1a: Sinistcha|60\/100\n|move|p2b: Togekiss|Thunder Wave|p1a: Sinistcha\n|-status|p1a: Sinistcha|par\n|cant|p1a: Sinistcha|flinch\n|\n|-heal|p2b: Togekiss|96\/100|[from] item: Leftovers\n|-heal|p1a: Sinistcha|66\/100 par|[from] Grassy Terrain\n|-heal|p1a: Sinistcha|72\/100 par|[from] item: Leftovers\n|-fieldend|move: Grassy Terrain\n|upkeep\n|turn|14\n|\n|t:|1697518831\n|move|p2b: Togekiss|Follow Me|p2b: Togekiss\n|-singleturn|p2b: Togekiss|move: Follow Me\n|move|p2a: Swampert|Power-Up Punch|p2b: Togekiss\n|-resisted|p2b: Togekiss\n|-damage|p2b: Togekiss|91\/100\n|-boost|p2a: Swampert|atk|1\n|cant|p1a: Sinistcha|par\n|\n|-heal|p2b: Togekiss|97\/100|[from] item: Leftovers\n|-heal|p1a: Sinistcha|78\/100 par|[from] item: Leftovers\n|upkeep\n|turn|15\n|\n|t:|1697518851\n|move|p2a: Swampert|Rock Slide|p1a: Sinistcha\n|-damage|p1a: Sinistcha|25\/100 par\n|move|p2b: Togekiss|Dazzling Gleam|p1a: Sinistcha\n|-damage|p1a: Sinistcha|0 fnt\n|faint|p1a: Sinistcha\n|\n|win|DracoAxel\n","uploadtime":1697518861,"views":13,"p1id":"oeem67","p2id":"dracoaxel","formatid":"gen9nationaldexdoubles","rating":0,"private":0,"password":""}