{"id":"gen9nationaldexdoubles-1979667733","p1":"TheOfficialSlade","p2":"KageDeSin","format":"[Gen 9] National Dex Doubles","log":"|j|\u2606TheOfficialSlade\n|j|\u2606KageDeSin\n|t:|1698701498\n|gametype|doubles\n|player|p1|TheOfficialSlade|shadowtriad|\n|player|p2|KageDeSin|biker|\n|teamsize|p1|6\n|teamsize|p2|6\n|gen|9\n|tier|[Gen 9] National Dex Doubles\n|rule|HP Percentage Mod: HP is shown in percentages\n|rule|Endless Battle Clause: Forcing endless battles is banned\n|rule|OHKO Clause: OHKO moves are banned\n|rule|Evasion Moves Clause: Evasion moves are banned\n|rule|Evasion Abilities Clause: Evasion abilities are banned\n|rule|Species Clause: Limit one of each Pok\u00e9mon\n|rule|Gravity Sleep Clause: The combination of sleep-inducing moves with imperfect accuracy and Gravity or Gigantamax Orbeetle are banned\n|clearpoke\n|poke|p1|Greedent, M|\n|poke|p1|Espeon, F|\n|poke|p1|Ampharos, F|\n|poke|p1|Ferrothorn, F|\n|poke|p1|Togekiss, M|\n|poke|p1|Rhyperior, F|\n|poke|p2|Kommo-o, M|\n|poke|p2|Sandy Shocks|\n|poke|p2|Coalossal, F|\n|poke|p2|Tinkaton, F|\n|poke|p2|Frosmoth, M|\n|poke|p2|Skeledirge, F|\n|teampreview\n|j| landlord79\n|\n|t:|1698701521\n|start\n|switch|p1a: Greedent|Greedent, M|100\/100\n|switch|p1b: Espeon|Espeon, F|100\/100\n|switch|p2a: Kommo-o|Kommo-o, M|100\/100\n|switch|p2b: Skeledirge|Skeledirge, F|100\/100\n|turn|1\n|\n|t:|1698701560\n|switch|p1a: Togekiss|Togekiss, M|100\/100\n|move|p1b: Espeon|Dazzling Gleam|p2a: Kommo-o|[spread] p2a,p2b\n|-supereffective|p2a: Kommo-o\n|-resisted|p2b: Skeledirge\n|-damage|p2a: Kommo-o|45\/100\n|-damage|p2b: Skeledirge|88\/100\n|move|p2a: Kommo-o|Clanging Scales|p1b: Espeon|[spread] p1b\n|-immune|p1a: Togekiss\n|-damage|p1b: Espeon|62\/100\n|-unboost|p2a: Kommo-o|def|1\n|move|p2b: Skeledirge|Slack Off|p2b: Skeledirge\n|-heal|p2b: Skeledirge|100\/100\n|\n|upkeep\n|turn|2\n|\n|t:|1698701586\n|switch|p2a: Tinkaton|Tinkaton, F|100\/100\n|-ability|p2a: Tinkaton|Mold Breaker\n|move|p1b: Espeon|Dazzling Gleam|p2b: Skeledirge|[spread] p2a,p2b\n|-resisted|p2a: Tinkaton\n|-resisted|p2b: Skeledirge\n|-damage|p2a: Tinkaton|94\/100\n|-damage|p2b: Skeledirge|90\/100\n|move|p1a: Togekiss|Air Slash|p2b: Skeledirge\n|-crit|p2b: Skeledirge\n|-damage|p2b: Skeledirge|32\/100\n|cant|p2b: Skeledirge|flinch\n|\n|upkeep\n|turn|3\n|\n|t:|1698701618\n|switch|p1b: Greedent|Greedent, M|100\/100\n|switch|p2b: Sandy Shocks|Sandy Shocks|100\/100\n|-enditem|p2b: Sandy Shocks|Booster Energy\n|-activate|p2b: Sandy Shocks|ability: Protosynthesis|[fromitem]\n|-start|p2b: Sandy Shocks|protosynthesisspa\n|move|p1a: Togekiss|Air Slash|p2b: Sandy Shocks\n|-resisted|p2b: Sandy Shocks\n|-crit|p2b: Sandy Shocks\n|-damage|p2b: Sandy Shocks|69\/100\n|move|p2a: Tinkaton|Gigaton Hammer|p1a: Togekiss\n|-supereffective|p1a: Togekiss\n|-damage|p1a: Togekiss|0 fnt\n|faint|p1a: Togekiss\n|\n|upkeep\n|\n|t:|1698701642\n|switch|p1a: Ampharos|Ampharos, F|100\/100\n|turn|4\n|\n|t:|1698701658\n|move|p2b: Sandy Shocks|Flash Cannon|p1a: Ampharos\n|-resisted|p1a: Ampharos\n|-damage|p1a: Ampharos|83\/100\n|move|p2a: Tinkaton|Knock Off|p1b: Greedent\n|-damage|p1b: Greedent|84\/100\n|-enditem|p1b: Greedent|Sitrus Berry|[from] move: Knock Off|[of] p2a: Tinkaton\n|move|p1a: Ampharos|Magnet Rise|p1a: Ampharos\n|-start|p1a: Ampharos|Magnet Rise\n|move|p1b: Greedent|Earthquake|p2b: Sandy Shocks|[spread] p2a,p2b\n|-immune|p1a: Ampharos\n|-supereffective|p2a: Tinkaton\n|-supereffective|p2b: Sandy Shocks\n|-damage|p2a: Tinkaton|41\/100\n|-damage|p2b: Sandy Shocks|28\/100\n|\n|upkeep\n|turn|5\n|\n|t:|1698701690\n|move|p2a: Tinkaton|Helping Hand|p2b: Sandy Shocks\n|-singleturn|p2b: Sandy Shocks|Helping Hand|[of] p2a: Tinkaton\n|move|p2b: Sandy Shocks|Earth Power|p1a: Ampharos\n|-immune|p1a: Ampharos\n|move|p1a: Ampharos|Cotton Guard|p1a: Ampharos\n|-boost|p1a: Ampharos|def|3\n|move|p1b: Greedent|Swords Dance|p1b: Greedent\n|-boost|p1b: Greedent|atk|2\n|\n|upkeep\n|turn|6\n|\n|t:|1698701736\n|move|p2b: Sandy Shocks|Tri Attack|p1b: Greedent\n|-damage|p1b: Greedent|49\/100\n|move|p2a: Tinkaton|Knock Off|p1a: Ampharos\n|-damage|p1a: Ampharos|78\/100\n|-status|p2a: Tinkaton|par|[from] ability: Static|[of] p1a: Ampharos\n|move|p1a: Ampharos|Dragon Pulse|p2b: Sandy Shocks\n|-damage|p2b: Sandy Shocks|0 fnt\n|faint|p2b: Sandy Shocks\n|-end|p2b: Sandy Shocks|Protosynthesis|[silent]\n|move|p1b: Greedent|Earthquake|p2a: Tinkaton|[spread] p2a\n|-immune|p1a: Ampharos\n|-supereffective|p2a: Tinkaton\n|-damage|p2a: Tinkaton|0 fnt\n|faint|p2a: Tinkaton\n|\n|upkeep\n|\n|t:|1698701776\n|switch|p2b: Skeledirge|Skeledirge, F|32\/100\n|switch|p2a: Kommo-o|Kommo-o, M|45\/100\n|turn|7\n|\n|t:|1698701793\n|move|p2a: Kommo-o|Close Combat|p1b: Greedent\n|-supereffective|p1b: Greedent\n|-damage|p1b: Greedent|0 fnt\n|-unboost|p2a: Kommo-o|def|1\n|-unboost|p2a: Kommo-o|spd|1\n|faint|p1b: Greedent\n|move|p2b: Skeledirge|Slack Off|p2b: Skeledirge\n|-heal|p2b: Skeledirge|82\/100\n|move|p1a: Ampharos|Dragon Pulse|p2a: Kommo-o\n|-supereffective|p2a: Kommo-o\n|-damage|p2a: Kommo-o|0 fnt\n|faint|p2a: Kommo-o\n|\n|upkeep\n|\n|t:|1698701812\n|switch|p2a: Frosmoth|Frosmoth, M|100\/100\n|switch|p1b: Espeon|Espeon, F|62\/100\n|turn|8\n|\n|t:|1698701829\n|detailschange|p1a: Ampharos|Ampharos-Mega, F\n|-mega|p1a: Ampharos|Ampharos|Ampharosite\n|-ability|p1a: Ampharos|Mold Breaker\n|-terastallize|p1b: Espeon|Fire\n|move|p1b: Espeon|Tera Blast|p2a: Frosmoth|[anim] Tera Blast Fire\n|-supereffective|p2a: Frosmoth\n|-damage|p2a: Frosmoth|0 fnt\n|faint|p2a: Frosmoth\n|move|p2b: Skeledirge|Yawn|p1a: Ampharos\n|-start|p1a: Ampharos|move: Yawn|[of] p2b: Skeledirge\n|move|p1a: Ampharos|Dragon Pulse|p2b: Skeledirge\n|-damage|p2b: Skeledirge|16\/100\n|\n|-end|p1a: Ampharos|Magnet Rise\n|upkeep\n|\n|t:|1698701842\n|switch|p2a: Plant DLC|Coalossal, F|100\/100\n|turn|9\n|\n|t:|1698701861\n|switch|p1a: Rhyperior|Rhyperior, F|100\/100\n|move|p1b: Espeon|Psychic|p2b: Skeledirge\n|-damage|p2b: Skeledirge|0 fnt\n|faint|p2b: Skeledirge\n|move|p2a: Plant DLC|Scorching Sands|p1b: Espeon\n|-supereffective|p1b: Espeon\n|-damage|p1b: Espeon|14\/100\n|\n|upkeep\n|turn|10\n|\n|t:|1698701877\n|move|p1b: Espeon|Psychic|p2a: Plant DLC\n|-damage|p2a: Plant DLC|72\/100\n|move|p1a: Rhyperior|Earthquake|p2a: Plant DLC|[spread] p1b,p2a\n|-supereffective|p1b: Espeon\n|-supereffective|p2a: Plant DLC\n|-damage|p1b: Espeon|0 fnt\n|-damage|p2a: Plant DLC|0 fnt\n|faint|p1b: Espeon\n|faint|p2a: Plant DLC\n|\n|win|TheOfficialSlade\n|l| landlord79\n","uploadtime":1698701909,"views":28,"p1id":"theofficialslade","p2id":"kagedesin","formatid":"gen9nationaldexdoubles","rating":0,"private":0,"password":""}