{"id":"gen9nationaldexdoubles-1965605655","p1":"Sakura the blossom","p2":"KnownAsSage","format":"[Gen 9] National Dex Doubles","log":"|j|\u2606Sakura the blossom\n|j|\u2606KnownAsSage\n|t:|1697095709\n|gametype|doubles\n|player|p1|Sakura the blossom|caitlin|\n|player|p2|KnownAsSage|veteran|\n|teamsize|p1|6\n|teamsize|p2|6\n|gen|9\n|tier|[Gen 9] National Dex Doubles\n|rule|HP Percentage Mod: HP is shown in percentages\n|rule|Endless Battle Clause: Forcing endless battles is banned\n|rule|OHKO Clause: OHKO moves are banned\n|rule|Evasion Moves Clause: Evasion moves are banned\n|rule|Evasion Abilities Clause: Evasion abilities are banned\n|rule|Species Clause: Limit one of each Pok\u00e9mon\n|rule|Gravity Sleep Clause: The combination of sleep-inducing moves with imperfect accuracy and Gravity or Gigantamax Orbeetle are banned\n|clearpoke\n|poke|p1|Oricorio-Sensu, F|\n|poke|p1|Volcarona, M|\n|poke|p1|Indeedee-F, F|\n|poke|p1|Alakazam, M|\n|poke|p1|Gallade, M|\n|poke|p1|Metagross|\n|poke|p2|Chimecho, F|\n|poke|p2|Ursaluna, F|\n|poke|p2|Slowking-Galar, F|\n|poke|p2|Avalugg-Hisui, F|\n|poke|p2|Rabsca, F|\n|poke|p2|Amoonguss, M|\n|teampreview\n|inactive|Battle timer is ON: inactive players will automatically lose when time's up. (requested by Sakura the blossom)\n|c|\u2606Sakura the blossom|Gl hf\n|c|\u2606KnownAsSage|u too!\n|\n|t:|1697095730\n|start\n|switch|p1a: Oricorio|Oricorio-Sensu, F, shiny|100\/100\n|switch|p1b: Volcarona|Volcarona, M|100\/100\n|switch|p2a: Chimecho|Chimecho, F|100\/100\n|switch|p2b: Ursaluna|Ursaluna, F|100\/100\n|turn|1\n|\n|t:|1697095757\n|move|p2b: Ursaluna|Protect|p2b: Ursaluna\n|-singleturn|p2b: Ursaluna|Protect\n|move|p1b: Volcarona|Fiery Dance|p2b: Ursaluna\n|-activate|p2b: Ursaluna|move: Protect\n|move|p1a: Oricorio|Revelation Dance|p2a: Chimecho\n|-supereffective|p2a: Chimecho\n|-damage|p2a: Chimecho|29\/100\n|move|p2a: Chimecho|Trick Room|p2a: Chimecho\n|-fieldstart|move: Trick Room|[of] p2a: Chimecho\n|\n|-heal|p2a: Chimecho|35\/100|[from] item: Leftovers\n|-status|p2b: Ursaluna|brn|[from] item: Flame Orb\n|upkeep\n|turn|2\n|c|\u2606KnownAsSage|i was expecting a different team tbh\n|\n|t:|1697095785\n|move|p2a: Chimecho|Helping Hand|p2b: Ursaluna\n|-singleturn|p2b: Ursaluna|Helping Hand|[of] p2a: Chimecho\n|move|p1a: Oricorio|Protect|p1a: Oricorio\n|-singleturn|p1a: Oricorio|Protect\n|move|p2b: Ursaluna|Earthquake|p1a: Oricorio|[spread] p1b\n|-activate|p1a: Oricorio|move: Protect\n|-immune|p2a: Chimecho|[from] ability: Levitate\n|-enditem|p1b: Volcarona|Focus Sash\n|-damage|p1b: Volcarona|1\/100\n|move|p1b: Volcarona|Fiery Dance|p2a: Chimecho\n|-damage|p2a: Chimecho|5\/100\n|-boost|p1b: Volcarona|spa|1\n|-activate|p1a: Oricorio|ability: Dancer\n|move|p1a: Oricorio|Fiery Dance|p2a: Chimecho|[from]ability: Dancer\n|-damage|p2a: Chimecho|0 fnt\n|-boost|p1a: Oricorio|spa|1\n|faint|p2a: Chimecho\n|\n|-damage|p2b: Ursaluna|94\/100 brn|[from] brn\n|upkeep\n|inactive|KnownAsSage has 270 seconds left.\n|\n|t:|1697095814\n|switch|p2a: Rabsca|Rabsca, F|100\/100\n|turn|3\n|inactive|KnownAsSage has 270 seconds left.\n|\n|t:|1697095828\n|move|p2a: Rabsca|Confuse Ray|p1b: Volcarona\n|-start|p1b: Volcarona|confusion\n|move|p2b: Ursaluna|Earthquake|p1a: Oricorio|[spread] p1b\n|-activate|p2a: Rabsca|ability: Telepathy\n|-immune|p1a: Oricorio\n|-damage|p1b: Volcarona|0 fnt\n|faint|p1b: Volcarona\n|move|p1a: Oricorio|Revelation Dance|p2a: Rabsca\n|-supereffective|p2a: Rabsca\n|-damage|p2a: Rabsca|6\/100\n|\n|-damage|p2b: Ursaluna|88\/100 brn|[from] brn\n|upkeep\n|c|\u2606KnownAsSage|ah i aimed the wrong mon\n|\n|t:|1697095850\n|switch|p1b: Gallade|Gallade, M, shiny|100\/100\n|turn|4\n|\n|t:|1697095869\n|detailschange|p1b: Gallade|Gallade-Mega, M, shiny\n|-mega|p1b: Gallade|Gallade|Galladite\n|move|p1b: Gallade|Shadow Sneak|p2a: Rabsca\n|-supereffective|p2a: Rabsca\n|-damage|p2a: Rabsca|0 fnt\n|faint|p2a: Rabsca\n|move|p2b: Ursaluna|Facade|p1a: Oricorio\n|-immune|p1a: Oricorio\n|move|p1a: Oricorio|Air Slash|p2b: Ursaluna\n|-damage|p2b: Ursaluna|59\/100 brn\n|\n|-damage|p2b: Ursaluna|53\/100 brn|[from] brn\n|upkeep\n|c|\u2606KnownAsSage|oh ye\n|c|\u2606KnownAsSage|oooof\n|\n|t:|1697095884\n|switch|p2a: Amoonguss|Amoonguss, M|100\/100\n|turn|5\n|\n|t:|1697095898\n|move|p1a: Oricorio|Protect|p1a: Oricorio\n|-singleturn|p1a: Oricorio|Protect\n|move|p2a: Amoonguss|Spore|p1b: Gallade\n|-status|p1b: Gallade|slp|[from] move: Spore\n|move|p2b: Ursaluna|Earthquake|p1b: Gallade|[spread] p2a,p1b\n|-activate|p1a: Oricorio|move: Protect\n|-damage|p2a: Amoonguss|44\/100\n|-damage|p1b: Gallade|33\/100 slp\n|cant|p1b: Gallade|slp\n|\n|-heal|p2a: Amoonguss|50\/100|[from] item: Black Sludge\n|-damage|p2b: Ursaluna|47\/100 brn|[from] brn\n|-fieldend|move: Trick Room\n|upkeep\n|turn|6\n|\n|t:|1697095924\n|switch|p2b: Slowking|Slowking-Galar, F|100\/100\n|-curestatus|p1b: Gallade|slp|[msg]\n|move|p1b: Gallade|Psycho Cut|p2a: Amoonguss\n|-supereffective|p2a: Amoonguss\n|-crit|p2a: Amoonguss\n|-damage|p2a: Amoonguss|0 fnt\n|faint|p2a: Amoonguss\n|move|p1a: Oricorio|Icy Wind|p2b: Slowking\n|-damage|p2b: Slowking|86\/100\n|-unboost|p2b: Slowking|spe|1\n|\n|-heal|p2b: Slowking|92\/100|[from] item: Black Sludge\n|upkeep\n|\n|t:|1697095938\n|switch|p2a: Avalugg|Avalugg-Hisui, F|100\/100\n|turn|7\n|c|\u2606KnownAsSage|yep i lost this one too\n|\n|t:|1697095957\n|move|p2a: Avalugg|Protect|p2a: Avalugg\n|-singleturn|p2a: Avalugg|Protect\n|move|p1b: Gallade|Knock Off|p2b: Slowking\n|-supereffective|p2b: Slowking\n|-damage|p2b: Slowking|11\/100\n|-enditem|p2b: Slowking|Black Sludge|[from] move: Knock Off|[of] p1b: Gallade\n|move|p1a: Oricorio|Revelation Dance|p2b: Slowking\n|-supereffective|p2b: Slowking\n|-damage|p2b: Slowking|0 fnt\n|faint|p2b: Slowking\n|\n|upkeep\n|\n|t:|1697095967\n|switch|p2b: Ursaluna|Ursaluna, F|47\/100 brn\n|turn|8\n|\n|t:|1697095986\n|move|p1b: Gallade|Sacred Sword|p2b: Ursaluna\n|-supereffective|p2b: Ursaluna\n|-damage|p2b: Ursaluna|0 fnt\n|faint|p2b: Ursaluna\n|move|p1a: Oricorio|Revelation Dance|p2a: Avalugg\n|-damage|p2a: Avalugg|0 fnt\n|faint|p2a: Avalugg\n|\n|win|Sakura the blossom\n|c|\u2606KnownAsSage|i will fight u again after 2hrs thanks for the battle\n|c|\u2606Sakura the blossom|Gg\n|c|\u2606KnownAsSage|gg\n|c|\u2606KnownAsSage|wp\n|l|\u2606KnownAsSage\n","uploadtime":1697096170,"views":17,"p1id":"sakuratheblossom","p2id":"knownassage","formatid":"gen9nationaldexdoubles","rating":0,"private":0,"password":""}