{"id":"gen9nationaldexdoubles-1962797104","p1":"Picklelord439","p2":"chatdodat","format":"[Gen 9] National Dex Doubles","log":"|j|\u2606Picklelord439\n|j|\u2606chatdodat\n|t:|1696793097\n|gametype|doubles\n|player|p1|Picklelord439|ingo|1075\n|player|p2|chatdodat|cheren-gen5bw2|1000\n|teamsize|p1|6\n|teamsize|p2|6\n|gen|9\n|tier|[Gen 9] National Dex Doubles\n|rated|\n|rule|HP Percentage Mod: HP is shown in percentages\n|rule|Endless Battle Clause: Forcing endless battles is banned\n|rule|OHKO Clause: OHKO moves are banned\n|rule|Evasion Moves Clause: Evasion moves are banned\n|rule|Evasion Abilities Clause: Evasion abilities are banned\n|rule|Species Clause: Limit one of each Pok\u00e9mon\n|rule|Gravity Sleep Clause: The combination of sleep-inducing moves with imperfect accuracy and Gravity or Gigantamax Orbeetle are banned\n|clearpoke\n|poke|p1|Poliwrath, M|\n|poke|p1|Pelipper, F|\n|poke|p1|Basculegion, M|\n|poke|p1|Altaria, M|\n|poke|p1|Clawitzer, M|\n|poke|p1|Whimsicott, M|\n|poke|p2|Sylveon, F|\n|poke|p2|Indeedee, M|\n|poke|p2|Scizor, M|\n|poke|p2|Weavile, M|\n|poke|p2|Togekiss, M|\n|poke|p2|Luxray, M|\n|teampreview\n|c|\u2606chatdodat|glhf\n|\n|t:|1696793108\n|start\n|switch|p1a: Poliwrath|Poliwrath, M|100\/100\n|switch|p1b: Pelipper|Pelipper, F|100\/100\n|switch|p2a: Ledger|Indeedee, M|100\/100\n|switch|p2b: Icarus|Togekiss, M|100\/100\n|-fieldstart|move: Psychic Terrain|[from] ability: Psychic Surge|[of] p2a: Ledger\n|-weather|RainDance|[from] ability: Drizzle|[of] p1b: Pelipper\n|turn|1\n|\n|t:|1696793127\n|-terastallize|p1a: Poliwrath|Dragon\n|move|p2a: Ledger|Fake Out|p1a: Poliwrath\n|-activate|p1a: Poliwrath|move: Psychic Terrain\n|move|p1a: Poliwrath|Ice Punch|p2b: Icarus\n|-supereffective|p2b: Icarus\n|-damage|p2b: Icarus|50\/100\n|move|p2b: Icarus|Nasty Plot|p2b: Icarus\n|-boost|p2b: Icarus|spa|2\n|move|p1b: Pelipper|Tailwind|p1b: Pelipper\n|-sidestart|p1: Picklelord439|move: Tailwind\n|\n|-weather|RainDance|[upkeep]\n|upkeep\n|turn|2\n|\n|t:|1696793146\n|switch|p2b: Slash|Scizor, M|100\/100\n|move|p1a: Poliwrath|Ice Punch|p2b: Slash\n|-resisted|p2b: Slash\n|-damage|p2b: Slash|88\/100\n|move|p1b: Pelipper|Blizzard|p2b: Slash|[spread] p2a,p2b\n|-resisted|p2b: Slash\n|-damage|p2a: Ledger|71\/100\n|-damage|p2b: Slash|77\/100\n|move|p2a: Ledger|Expanding Force|p1b: Pelipper|[spread] p1a,p1b\n|-damage|p1a: Poliwrath|53\/100\n|-damage|p1b: Pelipper|15\/100\n|\n|-weather|RainDance|[upkeep]\n|-heal|p2a: Ledger|78\/100|[from] item: Leftovers\n|upkeep\n|turn|3\n|\n|t:|1696793185\n|move|p1a: Poliwrath|Drain Punch|p2b: Slash\n|-damage|p2b: Slash|35\/100\n|-heal|p1a: Poliwrath|75\/100|[from] drain|[of] p2b: Slash\n|move|p1b: Pelipper|Gunk Shot|p2a: Ledger\n|-damage|p2a: Ledger|47\/100\n|move|p2a: Ledger|Expanding Force|p1b: Pelipper|[spread] p1a,p1b\n|-damage|p1a: Poliwrath|28\/100\n|-damage|p1b: Pelipper|0 fnt\n|faint|p1b: Pelipper\n|move|p2b: Slash|Trailblaze|p1a: Poliwrath\n|-resisted|p1a: Poliwrath\n|-damage|p1a: Poliwrath|11\/100\n|-boost|p2b: Slash|spe|1\n|\n|-weather|RainDance|[upkeep]\n|-heal|p2a: Ledger|53\/100|[from] item: Leftovers\n|upkeep\n|\n|t:|1696793212\n|switch|p1b: Clawitzer|Clawitzer, M|100\/100\n|turn|4\n|\n|t:|1696793227\n|-terastallize|p2b: Slash|Flying\n|move|p2a: Ledger|Protect|p2a: Ledger\n|-singleturn|p2a: Ledger|Protect\n|move|p1a: Poliwrath|Drain Punch|p2b: Slash\n|-resisted|p2b: Slash\n|-damage|p2b: Slash|14\/100\n|-heal|p1a: Poliwrath|22\/100|[from] drain|[of] p2b: Slash\n|move|p1b: Clawitzer|Dark Pulse|p2a: Ledger\n|-activate|p2a: Ledger|move: Protect\n|move|p2b: Slash|Trailblaze|p1b: Clawitzer\n|-supereffective|p1b: Clawitzer\n|-damage|p1b: Clawitzer|35\/100\n|-boost|p2b: Slash|spe|1\n|\n|-weather|RainDance|[upkeep]\n|-heal|p2a: Ledger|59\/100|[from] item: Leftovers\n|-sideend|p1: Picklelord439|move: Tailwind\n|upkeep\n|turn|5\n|\n|t:|1696793253\n|move|p1a: Poliwrath|Drain Punch|p2a: Ledger\n|-damage|p2a: Ledger|0 fnt\n|-heal|p1a: Poliwrath|52\/100|[from] drain|[of] p2a: Ledger\n|faint|p2a: Ledger\n|move|p2b: Slash|Dual Wingbeat|p1b: Clawitzer\n|-damage|p1b: Clawitzer|0 fnt\n|faint|p1b: Clawitzer\n|-hitcount|p1: Clawitzer|1\n|\n|-weather|RainDance|[upkeep]\n|-fieldend|move: Psychic Terrain\n|upkeep\n|\n|t:|1696793267\n|switch|p2a: Goldclaw|Weavile, M, shiny|100\/100\n|switch|p1b: Whimsicott|Whimsicott, M, shiny|100\/100\n|-ability|p2a: Goldclaw|Pressure\n|turn|6\n|\n|t:|1696793308\n|move|p1b: Whimsicott|Tailwind|p1b: Whimsicott\n|-sidestart|p1: Picklelord439|move: Tailwind\n|move|p1a: Poliwrath|Drain Punch|p2a: Goldclaw\n|-supereffective|p2a: Goldclaw\n|-enditem|p2a: Goldclaw|Focus Sash\n|-damage|p2a: Goldclaw|1\/100\n|-heal|p1a: Poliwrath|96\/100|[from] drain|[of] p2a: Goldclaw\n|move|p2a: Goldclaw|Triple Axel|p1a: Poliwrath\n|-supereffective|p1a: Poliwrath\n|-damage|p1a: Poliwrath|74\/100\n|-supereffective|p1a: Poliwrath\n|-damage|p1a: Poliwrath|29\/100\n|-supereffective|p1a: Poliwrath\n|-damage|p1a: Poliwrath|0 fnt\n|faint|p1a: Poliwrath\n|-hitcount|p1: Poliwrath|3\n|move|p2b: Slash|Dual Wingbeat|p1b: Whimsicott\n|-supereffective|p1b: Whimsicott\n|-damage|p1b: Whimsicott|16\/100\n|-supereffective|p1b: Whimsicott\n|-damage|p1b: Whimsicott|0 fnt\n|faint|p1b: Whimsicott\n|-hitcount|p1: Whimsicott|2\n|\n|-weather|RainDance|[upkeep]\n|upkeep\n|\n|t:|1696793328\n|switch|p1b: Basculegion|Basculegion, M, shiny|100\/100\n|switch|p1a: Altaria|Altaria, M, shiny|100\/100\n|turn|7\n|\n|t:|1696793356\n|detailschange|p1a: Altaria|Altaria-Mega, M, shiny\n|-mega|p1a: Altaria|Altaria|Altarianite\n|move|p2b: Slash|Bullet Punch|p1b: Basculegion\n|-resisted|p1b: Basculegion\n|-damage|p1b: Basculegion|75\/100\n|move|p1b: Basculegion|Last Respects|p2a: Goldclaw\n|-resisted|p2a: Goldclaw\n|-damage|p2a: Goldclaw|0 fnt\n|faint|p2a: Goldclaw\n|-heal|p1b: Basculegion|76\/100|[from] item: Shell Bell|[of] p2: Goldclaw\n|move|p1a: Altaria|Earthquake|p2b: Slash|[spread] p1b\n|-immune|p2b: Slash\n|-damage|p1b: Basculegion|41\/100\n|\n|-weather|RainDance|[upkeep]\n|upkeep\n|\n|t:|1696793366\n|switch|p2a: Malcolm|Luxray, M|100\/100\n|turn|8\n|\n|t:|1696793378\n|move|p2b: Slash|Bullet Punch|p1b: Basculegion\n|-resisted|p1b: Basculegion\n|-damage|p1b: Basculegion|15\/100\n|move|p1b: Basculegion|Last Respects|p2a: Malcolm\n|-damage|p2a: Malcolm|0 fnt\n|faint|p2a: Malcolm\n|-heal|p1b: Basculegion|25\/100|[from] item: Shell Bell|[of] p2: Malcolm\n|move|p1a: Altaria|Dragon Dance|p1a: Altaria\n|-boost|p1a: Altaria|atk|1\n|-boost|p1a: Altaria|spe|1\n|\n|-weather|none\n|upkeep\n|\n|t:|1696793386\n|switch|p2a: Icarus|Togekiss, M|50\/100\n|turn|9\n|\n|t:|1696793408\n|move|p2b: Slash|Bullet Punch|p1b: Basculegion\n|-resisted|p1b: Basculegion\n|-damage|p1b: Basculegion|0 fnt\n|faint|p1b: Basculegion\n|move|p1a: Altaria|Dragon Claw|p2b: Slash\n|-damage|p2b: Slash|0 fnt\n|faint|p2b: Slash\n|move|p2a: Icarus|Dazzling Gleam|p1a: Altaria\n|-supereffective|p1a: Altaria\n|-damage|p1a: Altaria|15\/100\n|\n|-sideend|p1: Picklelord439|move: Tailwind\n|upkeep\n|\n|t:|1696793411\n|switch|p2b: Malune|Sylveon, F|100\/100\n|turn|10\n|\n|t:|1696793429\n|move|p1a: Altaria|Earthquake|p2b: Malune|[spread] p2b\n|-immune|p2a: Icarus\n|-damage|p2b: Malune|69\/100\n|move|p2a: Icarus|Air Slash|p1a: Altaria\n|-damage|p1a: Altaria|0 fnt\n|faint|p1a: Altaria\n|\n|win|chatdodat\n|raw|Picklelord439's rating: 1075 &rarr; <strong>1049<\/strong><br \/>(-26 for losing)\n|raw|chatdodat's rating: 1000 &rarr; <strong>1049<\/strong><br \/>(+49 for winning)\n|c|\u2606chatdodat|gg\n","uploadtime":1696793443,"views":9,"p1id":"picklelord439","p2id":"chatdodat","formatid":"gen9nationaldexdoubles","rating":1049,"private":0,"password":""}