{"id":"gen9nationaldexdoubles-1999184004","p1":"ChainlessJoe","p2":"Daepiquejt","format":"[Gen 9] National Dex Doubles","log":"|j|\u2606ChainlessJoe\n|j|\u2606Daepiquejt\n|t:|1701042614\n|gametype|doubles\n|player|p1|ChainlessJoe|emmet|\n|player|p2|Daepiquejt|169|\n|teamsize|p1|6\n|teamsize|p2|6\n|gen|9\n|tier|[Gen 9] National Dex Doubles\n|rated|Tournament battle\n|rule|HP Percentage Mod: HP is shown in percentages\n|rule|Endless Battle Clause: Forcing endless battles is banned\n|rule|OHKO Clause: OHKO moves are banned\n|rule|Evasion Moves Clause: Evasion moves are banned\n|rule|Evasion Abilities Clause: Evasion abilities are banned\n|rule|Species Clause: Limit one of each Pok\u00e9mon\n|rule|Gravity Sleep Clause: The combination of sleep-inducing moves with imperfect accuracy and Gravity or Gigantamax Orbeetle are banned\n|clearpoke\n|poke|p1|Tapu Fini|\n|poke|p1|Iron Hands|\n|poke|p1|Aegislash, F|\n|poke|p1|Landorus-Therian, M|\n|poke|p1|Salamence, F|\n|poke|p1|Zamazenta-*|\n|poke|p2|Kangaskhan, F|\n|poke|p2|Tornadus, M|\n|poke|p2|Zygarde|\n|poke|p2|Flutter Mane|\n|poke|p2|Rillaboom, F|\n|poke|p2|Volcanion|\n|teampreview\n|inactive|Battle timer is ON: inactive players will automatically lose when time's up. (requested by Daepiquejt)\n|inactive|ChainlessJoe also wants the timer to be on.\n|j| galaxystudios370\n|c|\u2606ChainlessJoe|Glhf\n|c|\u2606Daepiquejt|You too\n|c|\u2606ChainlessJoe|You know I had to bring the Aegislash\n|\n|t:|1701042639\n|start\n|switch|p1a: FuckUGambit\/Pao|Zamazenta|100\/100\n|switch|p1b: HandsRatedE|Iron Hands, shiny|100\/100\n|switch|p2a: Ur mom|Kangaskhan, F|100\/100\n|switch|p2b: Steam Engine|Volcanion|100\/100\n|-ability|p1a: FuckUGambit\/Pao|Dauntless Shield|boost\n|-boost|p1a: FuckUGambit\/Pao|def|1\n|turn|1\n|c|\u2606Daepiquejt|But also bad luck because I want to win\n|\n|t:|1701042665\n|switch|p2a: Flutter Mane|Flutter Mane|100\/100\n|-terastallize|p2b: Steam Engine|Fire\n|move|p1b: HandsRatedE|Fake Out|p2b: Steam Engine\n|-damage|p2b: Steam Engine|86\/100\n|move|p1a: FuckUGambit\/Pao|Body Press|p2a: Flutter Mane\n|-immune|p2a: Flutter Mane\n|cant|p2b: Steam Engine|flinch\n|\n|-heal|p2b: Steam Engine|92\/100|[from] item: Leftovers\n|upkeep\n|turn|2\n|\n|t:|1701042675\n|move|p1a: FuckUGambit\/Pao|Heavy Slam|p2a: Flutter Mane\n|-supereffective|p2a: Flutter Mane\n|-damage|p2a: Flutter Mane|0 fnt\n|faint|p2a: Flutter Mane\n|-end|p2a: Flutter Mane|Protosynthesis|[silent]\n|move|p2b: Steam Engine|Steam Eruption|p1b: HandsRatedE\n|-damage|p1b: HandsRatedE|62\/100\n|move|p1b: HandsRatedE|Wild Charge|p2b: Steam Engine\n|-damage|p2b: Steam Engine|49\/100\n|-damage|p1b: HandsRatedE|54\/100|[from] Recoil\n|\n|-heal|p2b: Steam Engine|55\/100|[from] item: Leftovers\n|upkeep\n|c|\u2606Daepiquejt|Oh right\n|inactive|Daepiquejt has 120 seconds left.\n|c|\u2606Daepiquejt|Zamazenta is faster\n|c|\u2606ChainlessJoe|Yeah\n|\n|t:|1701042710\n|switch|p2a: Zygarde|Zygarde|100\/100\n|-ability|p2a: Zygarde|Aura Break\n|turn|3\n|\n|t:|1701042720\n|move|p1a: FuckUGambit\/Pao|Wide Guard|p1a: FuckUGambit\/Pao\n|-singleturn|p1a: FuckUGambit\/Pao|Wide Guard\n|move|p2a: Zygarde|Dragon Dance|p2a: Zygarde\n|-boost|p2a: Zygarde|atk|1\n|-boost|p2a: Zygarde|spe|1\n|move|p2b: Steam Engine|Steam Eruption|p1b: HandsRatedE\n|-damage|p1b: HandsRatedE|19\/100\n|move|p1b: HandsRatedE|Wild Charge|p2b: Steam Engine\n|-damage|p2b: Steam Engine|11\/100\n|-damage|p1b: HandsRatedE|11\/100|[from] Recoil\n|\n|-heal|p2b: Steam Engine|17\/100|[from] item: Leftovers\n|upkeep\n|turn|4\n|c| galaxystudios370|I think crowned zamazenta is faster\n|\n|t:|1701042739\n|move|p2a: Zygarde|Extreme Speed|p1b: HandsRatedE\n|-crit|p1b: HandsRatedE\n|-damage|p1b: HandsRatedE|0 fnt\n|faint|p1b: HandsRatedE\n|-end|p1b: HandsRatedE|Quark Drive|[silent]\n|move|p1a: FuckUGambit\/Pao|Body Press|p2b: Steam Engine\n|-damage|p2b: Steam Engine|0 fnt\n|faint|p2b: Steam Engine\n|\n|upkeep\n|c|\u2606ChainlessJoe|C-zama loses some speed no?\n|c| galaxystudios370|oh right it starts at 138 not 148\n|\n|t:|1701042754\n|switch|p2b: Defiant?|Tornadus, M|100\/100\n|switch|p1b: MotivatedMoonlight|Aegislash, F, shiny|100\/100\n|turn|5\n|\n|t:|1701042770\n|move|p1b: MotivatedMoonlight|Wide Guard|p1b: MotivatedMoonlight\n|-singleturn|p1b: MotivatedMoonlight|Wide Guard\n|move|p2a: Zygarde|Thousand Arrows|p1a: FuckUGambit\/Pao|[spread] \n|-activate|p1a: FuckUGambit\/Pao|move: Wide Guard\n|-activate|p1b: MotivatedMoonlight|move: Wide Guard\n|move|p1a: FuckUGambit\/Pao|Body Press|p2a: Zygarde\n|-damage|p2a: Zygarde|60\/100\n|-zpower|p2b: Defiant?\n|move|p2b: Defiant?|Supersonic Skystrike|p1a: FuckUGambit\/Pao|[zeffect]\n|-supereffective|p1a: FuckUGambit\/Pao\n|-damage|p1a: FuckUGambit\/Pao|0 fnt\n|faint|p1a: FuckUGambit\/Pao\n|\n|upkeep\n|c|\u2606ChainlessJoe|Oh yeah z move torn is the best torn\n|\n|t:|1701042791\n|switch|p1a: GuantanamoBayGuard|Tapu Fini, shiny|100\/100\n|-fieldstart|move: Misty Terrain|[from] ability: Misty Surge|[of] p1a: GuantanamoBayGuard\n|turn|6\n|\n|t:|1701042804\n|move|p2a: Zygarde|Protect|p2a: Zygarde\n|-singleturn|p2a: Zygarde|Protect\n|move|p2b: Defiant?|Taunt|p1b: MotivatedMoonlight\n|-start|p1b: MotivatedMoonlight|move: Taunt\n|move|p1a: GuantanamoBayGuard|Moonblast|p2a: Zygarde\n|-activate|p2a: Zygarde|move: Protect\n|-formechange|p1b: MotivatedMoonlight|Aegislash-Blade||[from] ability: Stance Change\n|move|p1b: MotivatedMoonlight|Flash Cannon|p2a: Zygarde\n|-activate|p2a: Zygarde|move: Protect\n|\n|upkeep\n|turn|7\n|\n|t:|1701042820\n|switch|p1b: GenieOfWar|Landorus-Therian, M|100\/100\n|-ability|p1b: GenieOfWar|Intimidate|boost\n|-fail|p2a: Zygarde|unboost|[from] item: Clear Amulet|[of] p2a: Zygarde\n|-unboost|p2b: Defiant?|atk|1\n|move|p2a: Zygarde|Thousand Arrows|p1a: GuantanamoBayGuard|[spread] p1a,p1b\n|-damage|p1a: GuantanamoBayGuard|59\/100\n|-damage|p1b: GenieOfWar|51\/100\n|-start|p1b: GenieOfWar|Smack Down\n|move|p2b: Defiant?|Bleakwind Storm|p1b: GenieOfWar|[spread] p1a,p1b\n|-damage|p1a: GuantanamoBayGuard|31\/100\n|-damage|p1b: GenieOfWar|28\/100\n|move|p1a: GuantanamoBayGuard|Muddy Water|p2a: Zygarde|[spread] p2a\n|-miss|p1a: GuantanamoBayGuard|p2b: Defiant?\n|-damage|p2a: Zygarde|29\/100\n|\n|-heal|p1a: GuantanamoBayGuard|37\/100|[from] item: Leftovers\n|upkeep\n|turn|8\n|\n|t:|1701042836\n|move|p1a: GuantanamoBayGuard|Protect|p1a: GuantanamoBayGuard\n|-singleturn|p1a: GuantanamoBayGuard|Protect\n|move|p2b: Defiant?|Tailwind|p2b: Defiant?\n|-sidestart|p2: Daepiquejt|move: Tailwind\n|move|p2a: Zygarde|Thousand Arrows|p1b: GenieOfWar|[spread] p1b\n|-activate|p1a: GuantanamoBayGuard|move: Protect\n|-damage|p1b: GenieOfWar|0 fnt\n|faint|p1b: GenieOfWar\n|\n|-heal|p1a: GuantanamoBayGuard|43\/100|[from] item: Leftovers\n|upkeep\n|\n|t:|1701042841\n|switch|p1b: MotivatedMoonlight|Aegislash, F, shiny|100\/100\n|turn|9\n|\n|t:|1701042850\n|move|p2a: Zygarde|Protect|p2a: Zygarde\n|-singleturn|p2a: Zygarde|Protect\n|move|p2b: Defiant?|Taunt|p1b: MotivatedMoonlight\n|-start|p1b: MotivatedMoonlight|move: Taunt\n|move|p1a: GuantanamoBayGuard|Moonblast|p2b: Defiant?\n|-damage|p2b: Defiant?|38\/100\n|-unboost|p2b: Defiant?|spa|1\n|-zpower|p1b: MotivatedMoonlight\n|-formechange|p1b: MotivatedMoonlight|Aegislash-Blade||[from] ability: Stance Change\n|move|p1b: MotivatedMoonlight|Never-Ending Nightmare|p2b: Defiant?|[zeffect]\n|-damage|p2b: Defiant?|0 fnt\n|faint|p2b: Defiant?\n|\n|-heal|p1a: GuantanamoBayGuard|49\/100|[from] item: Leftovers\n|upkeep\n|\n|t:|1701042862\n|switch|p2b: Monkey|Rillaboom, F|100\/100\n|-fieldstart|move: Grassy Terrain|[from] ability: Grassy Surge|[of] p2b: Monkey\n|turn|10\n|\n|t:|1701042874\n|switch|p1b: ScreamingLizards|Salamence, F|100\/100\n|-ability|p1b: ScreamingLizards|Intimidate|boost\n|-fail|p2a: Zygarde|unboost|[from] item: Clear Amulet|[of] p2a: Zygarde\n|-unboost|p2b: Monkey|atk|1\n|move|p1a: GuantanamoBayGuard|Protect|p1a: GuantanamoBayGuard\n|-singleturn|p1a: GuantanamoBayGuard|Protect\n|move|p2a: Zygarde|Thousand Arrows|p1a: GuantanamoBayGuard|[spread] p1b\n|-activate|p1a: GuantanamoBayGuard|move: Protect\n|-damage|p1b: ScreamingLizards|41\/100\n|-start|p1b: ScreamingLizards|Smack Down\n|move|p2b: Monkey|Wood Hammer|p1a: GuantanamoBayGuard\n|-activate|p1a: GuantanamoBayGuard|move: Protect\n|\n|-heal|p2a: Zygarde|35\/100|[from] Grassy Terrain\n|-heal|p1b: ScreamingLizards|47\/100|[from] Grassy Terrain\n|-heal|p1a: GuantanamoBayGuard|55\/100|[from] Grassy Terrain\n|-heal|p1a: GuantanamoBayGuard|62\/100|[from] item: Leftovers\n|upkeep\n|turn|11\n|\n|t:|1701042895\n|detailschange|p1b: ScreamingLizards|Salamence-Mega, F\n|-mega|p1b: ScreamingLizards|Salamence|Salamencite\n|move|p1a: GuantanamoBayGuard|Protect||[still]\n|-fail|p1a: GuantanamoBayGuard\n|move|p2a: Zygarde|Thousand Arrows|p1b: ScreamingLizards|[spread] p1a,p1b\n|-damage|p1a: GuantanamoBayGuard|16\/100\n|-damage|p1b: ScreamingLizards|9\/100\n|move|p2b: Monkey|Wood Hammer|p1a: GuantanamoBayGuard\n|-supereffective|p1a: GuantanamoBayGuard\n|-damage|p1a: GuantanamoBayGuard|0 fnt\n|faint|p1a: GuantanamoBayGuard\n|-damage|p2b: Monkey|96\/100|[from] Recoil\n|move|p1b: ScreamingLizards|Hyper Voice|p2b: Monkey|[spread] p2a,p2b\n|-supereffective|p2b: Monkey\n|-damage|p2a: Zygarde|0 fnt\n|-damage|p2b: Monkey|50\/100\n|faint|p2a: Zygarde\n|\n|-heal|p2b: Monkey|56\/100|[from] Grassy Terrain\n|-heal|p1b: ScreamingLizards|15\/100|[from] Grassy Terrain\n|-sideend|p2: Daepiquejt|move: Tailwind\n|upkeep\n|\n|t:|1701042900\n|switch|p2a: Ur mom|Kangaskhan, F|100\/100\n|switch|p1a: MotivatedMoonlight|Aegislash, F, shiny|100\/100\n|turn|12\n|c|\u2606ChainlessJoe|Damn\n|c|\u2606ChainlessJoe|No luck on the double\n|\n|t:|1701042924\n|detailschange|p2a: Ur mom|Kangaskhan-Mega, F\n|-mega|p2a: Ur mom|Kangaskhan|Kangaskhanite\n|move|p1b: ScreamingLizards|Protect|p1b: ScreamingLizards\n|-singleturn|p1b: ScreamingLizards|Protect\n|move|p2a: Ur mom|Fake Out|p1b: ScreamingLizards\n|-activate|p1b: ScreamingLizards|move: Protect\n|move|p2b: Monkey|Grassy Glide|p1b: ScreamingLizards\n|-activate|p1b: ScreamingLizards|move: Protect\n|-formechange|p1a: MotivatedMoonlight|Aegislash-Blade||[from] ability: Stance Change\n|move|p1a: MotivatedMoonlight|Shadow Ball|p2b: Monkey\n|-damage|p2b: Monkey|29\/100\n|-unboost|p2b: Monkey|spd|1\n|\n|-heal|p1b: ScreamingLizards|21\/100|[from] Grassy Terrain\n|-heal|p2b: Monkey|35\/100|[from] Grassy Terrain\n|upkeep\n|turn|13\n|\n|t:|1701042945\n|-formechange|p1a: MotivatedMoonlight|Aegislash||[from] ability: Stance Change\n|move|p1a: MotivatedMoonlight|King's Shield|p1a: MotivatedMoonlight\n|-singleturn|p1a: MotivatedMoonlight|Protect\n|move|p2b: Monkey|Grassy Glide|p1b: ScreamingLizards\n|-resisted|p1b: ScreamingLizards\n|-damage|p1b: ScreamingLizards|17\/100\n|move|p1b: ScreamingLizards|Double-Edge|p2a: Ur mom\n|-damage|p2a: Ur mom|39\/100\n|-damage|p1b: ScreamingLizards|0 fnt|[from] Recoil\n|faint|p1b: ScreamingLizards\n|move|p2a: Ur mom|Shadow Claw|p1a: MotivatedMoonlight\n|-activate|p1a: MotivatedMoonlight|move: Protect\n|-unboost|p2a: Ur mom|atk|1\n|\n|-heal|p2a: Ur mom|45\/100|[from] Grassy Terrain\n|-heal|p2b: Monkey|41\/100|[from] Grassy Terrain\n|upkeep\n|turn|14\n|c|\u2606Daepiquejt|This is the end\n|c|\u2606Daepiquejt|GG\n|c|\u2606ChainlessJoe|Imo parental bond should make your attack get dropped in half\n|inactive|ChainlessJoe has 120 seconds left.\n|c|\u2606ChainlessJoe|GG\n|\n|t:|1701042985\n|move|p2a: Ur mom|Shadow Claw|p1a: MotivatedMoonlight\n|-supereffective|p1a: MotivatedMoonlight\n|-damage|p1a: MotivatedMoonlight|79\/100\n|-supereffective|p1a: MotivatedMoonlight\n|-damage|p1a: MotivatedMoonlight|75\/100\n|-hitcount|p1a: MotivatedMoonlight|2\n|move|p2b: Monkey|Wood Hammer|p1a: MotivatedMoonlight\n|-resisted|p1a: MotivatedMoonlight\n|-damage|p1a: MotivatedMoonlight|55\/100\n|-damage|p2b: Monkey|36\/100|[from] Recoil\n|-formechange|p1a: MotivatedMoonlight|Aegislash-Blade||[from] ability: Stance Change\n|move|p1a: MotivatedMoonlight|Flash Cannon|p2a: Ur mom\n|-damage|p2a: Ur mom|14\/100\n|\n|-heal|p2a: Ur mom|20\/100|[from] Grassy Terrain\n|-heal|p2b: Monkey|42\/100|[from] Grassy Terrain\n|-heal|p1a: MotivatedMoonlight|61\/100|[from] Grassy Terrain\n|-fieldend|move: Grassy Terrain\n|upkeep\n|turn|15\n|l| galaxystudios370\n|\n|t:|1701043003\n|-formechange|p1a: MotivatedMoonlight|Aegislash||[from] ability: Stance Change\n|move|p1a: MotivatedMoonlight|King's Shield|p1a: MotivatedMoonlight\n|-singleturn|p1a: MotivatedMoonlight|Protect\n|move|p2a: Ur mom|Shadow Claw|p1a: MotivatedMoonlight\n|-activate|p1a: MotivatedMoonlight|move: Protect\n|-unboost|p2a: Ur mom|atk|1\n|move|p2b: Monkey|Wood Hammer|p1a: MotivatedMoonlight\n|-activate|p1a: MotivatedMoonlight|move: Protect\n|-unboost|p2b: Monkey|atk|1\n|\n|upkeep\n|turn|16\n|c|\u2606ChainlessJoe|Aegis the tank omg\n|\n|t:|1701043013\n|move|p2a: Ur mom|Shadow Claw|p1a: MotivatedMoonlight\n|-supereffective|p1a: MotivatedMoonlight\n|-damage|p1a: MotivatedMoonlight|43\/100\n|-supereffective|p1a: MotivatedMoonlight\n|-crit|p1a: MotivatedMoonlight\n|-damage|p1a: MotivatedMoonlight|33\/100\n|-hitcount|p1a: MotivatedMoonlight|2\n|move|p2b: Monkey|Wood Hammer|p1a: MotivatedMoonlight\n|-resisted|p1a: MotivatedMoonlight\n|-crit|p1a: MotivatedMoonlight\n|-damage|p1a: MotivatedMoonlight|0 fnt\n|faint|p1a: MotivatedMoonlight\n|-damage|p2b: Monkey|34\/100|[from] Recoil\n|\n|win|Daepiquejt\n|n|\u2606ChainlessJoe|chainlessjoe\n|n|\u2606Daepiquejt|daepiquejt\n","uploadtime":1701043014,"views":1,"p1id":"chainlessjoe","p2id":"daepiquejt","formatid":"gen9nationaldexdoubles","rating":0,"private":0,"password":""}