{"id":"gen9nationaldexdoubles-1986595351","p1":"Chaos92031","p2":"yaya_x3","format":"[Gen 9] National Dex Doubles","log":"|j|\u2606Chaos92031\n|j|\u2606yaya_x3\n|t:|1699495919\n|gametype|doubles\n|player|p1|Chaos92031|blue|\n|player|p2|yaya_x3|morgan|\n|teamsize|p1|6\n|teamsize|p2|6\n|gen|9\n|tier|[Gen 9] National Dex Doubles\n|rule|HP Percentage Mod: HP is shown in percentages\n|rule|Endless Battle Clause: Forcing endless battles is banned\n|rule|OHKO Clause: OHKO moves are banned\n|rule|Evasion Moves Clause: Evasion moves are banned\n|rule|Evasion Abilities Clause: Evasion abilities are banned\n|rule|Species Clause: Limit one of each Pok\u00e9mon\n|rule|Gravity Sleep Clause: The combination of sleep-inducing moves with imperfect accuracy and Gravity or Gigantamax Orbeetle are banned\n|clearpoke\n|poke|p1|Charizard, F|\n|poke|p1|Chi-Yu|\n|poke|p1|Flutter Mane|\n|poke|p1|Whimsicott, F|\n|poke|p1|Kingambit, M|\n|poke|p1|Landorus-Therian, M|\n|poke|p2|Farigiraf, M|\n|poke|p2|Espathra, F|\n|poke|p2|Salamence, M|\n|poke|p2|Ursaluna, F|\n|poke|p2|Sneasler, M|\n|poke|p2|Tapu Lele|\n|teampreview\n|j| MarcusTalks\n|c| MarcusTalks|Yaya I got $100 on this game\n|j| realspades\n|l| MarcusTalks\n|j| MarcusTalks\n|c| realspades|game 5 is cool\n|c| MarcusTalks|It really is\n|c| realspades|gl 2 both\n|\n|t:|1699495983\n|start\n|switch|p1a: Whimsicott|Whimsicott, F|100\/100\n|switch|p1b: Landorus|Landorus-Therian, M|100\/100\n|switch|p2a: \uff23\uff48\uff41\uff49\uff4e \uff23\uff48\uff4f\uff50|Farigiraf, M|100\/100\n|switch|p2b: \ud835\udc7a\ud835\udc82\ud835\udc8f\ud835\udc8a\ud835\udc84|Espathra, F, shiny|100\/100\n|-ability|p1b: Landorus|Intimidate|boost\n|-unboost|p2a: \uff23\uff48\uff41\uff49\uff4e \uff23\uff48\uff4f\uff50|atk|1\n|-unboost|p2b: \ud835\udc7a\ud835\udc82\ud835\udc8f\ud835\udc8a\ud835\udc84|atk|1\n|turn|1\n|\n|t:|1699496007\n|switch|p2b: Bear fish|Ursaluna, F|100\/100\n|move|p1a: Whimsicott|Tailwind|p1a: Whimsicott\n|-sidestart|p1: Chaos92031|move: Tailwind\n|-zpower|p1b: Landorus\n|move|p1b: Landorus|Tectonic Rage|p2a: \uff23\uff48\uff41\uff49\uff4e \uff23\uff48\uff4f\uff50|[zeffect]\n|-damage|p2a: \uff23\uff48\uff41\uff49\uff4e \uff23\uff48\uff4f\uff50|30\/100\n|move|p2a: \uff23\uff48\uff41\uff49\uff4e \uff23\uff48\uff4f\uff50|Trick Room|p2a: \uff23\uff48\uff41\uff49\uff4e \uff23\uff48\uff4f\uff50\n|-fieldstart|move: Trick Room|[of] p2a: \uff23\uff48\uff41\uff49\uff4e \uff23\uff48\uff4f\uff50\n|\n|-status|p2b: Bear fish|brn|[from] item: Flame Orb\n|upkeep\n|turn|2\n|c| MarcusTalks|Wow Fairgiraf is tanky\n|\n|t:|1699496048\n|move|p1a: Whimsicott|Helping Hand|p1b: Landorus\n|-singleturn|p1b: Landorus|Helping Hand|[of] p1a: Whimsicott\n|move|p2b: Bear fish|Facade|p1b: Landorus\n|-damage|p1b: Landorus|0 fnt\n|faint|p1b: Landorus\n|move|p2a: \uff23\uff48\uff41\uff49\uff4e \uff23\uff48\uff4f\uff50|Light Screen|p2a: \uff23\uff48\uff41\uff49\uff4e \uff23\uff48\uff4f\uff50\n|-sidestart|p2: yaya_x3|move: Light Screen\n|\n|-damage|p2b: Bear fish|94\/100 brn|[from] brn\n|upkeep\n|\n|t:|1699496063\n|switch|p1b: Chi-Yu|Chi-Yu|100\/100\n|-ability|p1b: Chi-Yu|Beads of Ruin\n|turn|3\n|c|\u2606yaya_x3|hmmm\n|\n|t:|1699496141\n|switch|p2a: \u1d18\u1d0f\u1d0b\u1d07\u1d0d\u1d0f\u0274 \ud835\ude48\ud835\ude64\ud835\ude64\ud835\ude63|Salamence, M|100\/100\n|-ability|p2a: \u1d18\u1d0f\u1d0b\u1d07\u1d0d\u1d0f\u0274 \ud835\ude48\ud835\ude64\ud835\ude64\ud835\ude63|Intimidate|boost\n|-unboost|p1a: Whimsicott|atk|1\n|-unboost|p1b: Chi-Yu|atk|1\n|-terastallize|p2b: Bear fish|Ground\n|-terastallize|p1b: Chi-Yu|Ghost\n|move|p1a: Whimsicott|Helping Hand|p1b: Chi-Yu\n|-singleturn|p1b: Chi-Yu|Helping Hand|[of] p1a: Whimsicott\n|move|p2b: Bear fish|Earthquake|p1b: Chi-Yu|[spread] p1a,p1b\n|-immune|p2a: \u1d18\u1d0f\u1d0b\u1d07\u1d0d\u1d0f\u0274 \ud835\ude48\ud835\ude64\ud835\ude64\ud835\ude63\n|-resisted|p1a: Whimsicott\n|-damage|p1a: Whimsicott|50\/100\n|-enditem|p1b: Chi-Yu|Focus Sash\n|-damage|p1b: Chi-Yu|1\/100\n|move|p1b: Chi-Yu|Overheat|p2b: Bear fish|[miss]\n|-miss|p1b: Chi-Yu|p2b: Bear fish\n|\n|-damage|p2b: Bear fish|88\/100 brn|[from] brn\n|upkeep\n|turn|4\n|c| MarcusTalks|Pure skill\n|\n|t:|1699496215\n|move|p1b: Chi-Yu|Protect|p1b: Chi-Yu\n|-singleturn|p1b: Chi-Yu|Protect\n|move|p2b: Bear fish|Earthquake|p1a: Whimsicott|[spread] p1a\n|-activate|p1b: Chi-Yu|move: Protect\n|-immune|p2a: \u1d18\u1d0f\u1d0b\u1d07\u1d0d\u1d0f\u0274 \ud835\ude48\ud835\ude64\ud835\ude64\ud835\ude63\n|-resisted|p1a: Whimsicott\n|-crit|p1a: Whimsicott\n|-damage|p1a: Whimsicott|0 fnt\n|faint|p1a: Whimsicott\n|move|p2a: \u1d18\u1d0f\u1d0b\u1d07\u1d0d\u1d0f\u0274 \ud835\ude48\ud835\ude64\ud835\ude64\ud835\ude63|Heat Wave|p1b: Chi-Yu\n|-activate|p1b: Chi-Yu|move: Protect\n|\n|-damage|p2b: Bear fish|82\/100 brn|[from] brn\n|-sideend|p1: Chaos92031|move: Tailwind\n|upkeep\n|\n|t:|1699496228\n|switch|p1a: Charizard|Charizard, F|100\/100\n|turn|5\n|\n|t:|1699496302\n|detailschange|p2a: \u1d18\u1d0f\u1d0b\u1d07\u1d0d\u1d0f\u0274 \ud835\ude48\ud835\ude64\ud835\ude64\ud835\ude63|Salamence-Mega, M\n|-mega|p2a: \u1d18\u1d0f\u1d0b\u1d07\u1d0d\u1d0f\u0274 \ud835\ude48\ud835\ude64\ud835\ude64\ud835\ude63|Salamence|Salamencite\n|move|p2b: Bear fish|Protect|p2b: Bear fish\n|-singleturn|p2b: Bear fish|Protect\n|move|p1a: Charizard|Protect|p1a: Charizard\n|-singleturn|p1a: Charizard|Protect\n|move|p1b: Chi-Yu|Overheat|p2b: Bear fish\n|-activate|p2b: Bear fish|move: Protect\n|move|p2a: \u1d18\u1d0f\u1d0b\u1d07\u1d0d\u1d0f\u0274 \ud835\ude48\ud835\ude64\ud835\ude64\ud835\ude63|Hyper Voice|p1b: Chi-Yu|[spread] p1b\n|-activate|p1a: Charizard|move: Protect\n|-damage|p1b: Chi-Yu|0 fnt\n|faint|p1b: Chi-Yu\n|\n|-damage|p2b: Bear fish|75\/100 brn|[from] brn\n|-fieldend|move: Trick Room\n|upkeep\n|\n|t:|1699496309\n|switch|p1b: Flutter Mane|Flutter Mane|100\/100\n|turn|6\n|\n|t:|1699496328\n|detailschange|p1a: Charizard|Charizard-Mega-Y, F\n|-mega|p1a: Charizard|Charizard|Charizardite Y\n|-weather|SunnyDay|[from] ability: Drought|[of] p1a: Charizard\n|-activate|p1b: Flutter Mane|ability: Protosynthesis\n|-start|p1b: Flutter Mane|protosynthesisspe\n|move|p2a: \u1d18\u1d0f\u1d0b\u1d07\u1d0d\u1d0f\u0274 \ud835\ude48\ud835\ude64\ud835\ude64\ud835\ude63|Protect|p2a: \u1d18\u1d0f\u1d0b\u1d07\u1d0d\u1d0f\u0274 \ud835\ude48\ud835\ude64\ud835\ude64\ud835\ude63\n|-singleturn|p2a: \u1d18\u1d0f\u1d0b\u1d07\u1d0d\u1d0f\u0274 \ud835\ude48\ud835\ude64\ud835\ude64\ud835\ude63|Protect\n|move|p1b: Flutter Mane|Moonblast|p2b: Bear fish\n|-damage|p2b: Bear fish|36\/100 brn\n|move|p1a: Charizard|Solar Beam||[still]\n|-prepare|p1a: Charizard|Solar Beam\n|-anim|p1a: Charizard|Solar Beam|p2b: Bear fish\n|-supereffective|p2b: Bear fish\n|-damage|p2b: Bear fish|0 fnt\n|faint|p2b: Bear fish\n|\n|-weather|SunnyDay|[upkeep]\n|upkeep\n|c| MarcusTalks|Thought facade heatwave was the play there\n|\n|t:|1699496346\n|switch|p2b: Taling \u0299\u026a\u0274\u0262 \u0299\u026a\u0274\u0262|Tapu Lele|100\/100\n|-fieldstart|move: Psychic Terrain|[from] ability: Psychic Surge|[of] p2b: Taling \u0299\u026a\u0274\u0262 \u0299\u026a\u0274\u0262\n|turn|7\n|\n|t:|1699496363\n|move|p1b: Flutter Mane|Moonblast|p2a: \u1d18\u1d0f\u1d0b\u1d07\u1d0d\u1d0f\u0274 \ud835\ude48\ud835\ude64\ud835\ude64\ud835\ude63\n|-supereffective|p2a: \u1d18\u1d0f\u1d0b\u1d07\u1d0d\u1d0f\u0274 \ud835\ude48\ud835\ude64\ud835\ude64\ud835\ude63\n|-damage|p2a: \u1d18\u1d0f\u1d0b\u1d07\u1d0d\u1d0f\u0274 \ud835\ude48\ud835\ude64\ud835\ude64\ud835\ude63|0 fnt\n|faint|p2a: \u1d18\u1d0f\u1d0b\u1d07\u1d0d\u1d0f\u0274 \ud835\ude48\ud835\ude64\ud835\ude64\ud835\ude63\n|move|p2b: Taling \u0299\u026a\u0274\u0262 \u0299\u026a\u0274\u0262|Thunderbolt|p1a: Charizard\n|-supereffective|p1a: Charizard\n|-damage|p1a: Charizard|51\/100\n|-status|p1a: Charizard|par\n|move|p1a: Charizard|Heat Wave|p2b: Taling \u0299\u026a\u0274\u0262 \u0299\u026a\u0274\u0262\n|-damage|p2b: Taling \u0299\u026a\u0274\u0262 \u0299\u026a\u0274\u0262|46\/100\n|\n|-weather|SunnyDay|[upkeep]\n|upkeep\n|\n|t:|1699496377\n|switch|p2a: sneeze'ler|Sneasler, M|100\/100\n|-enditem|p2a: sneeze'ler|Psychic Seed\n|-boost|p2a: sneeze'ler|spd|1|[from] item: Psychic Seed\n|turn|8\n|\n|t:|1699496446\n|move|p2a: sneeze'ler|Dire Claw|p1b: Flutter Mane\n|-damage|p1b: Flutter Mane|23\/100\n|move|p1b: Flutter Mane|Moonblast|p2a: sneeze'ler\n|-damage|p2a: sneeze'ler|55\/100\n|move|p2b: Taling \u0299\u026a\u0274\u0262 \u0299\u026a\u0274\u0262|Thunderbolt|p1a: Charizard\n|-supereffective|p1a: Charizard\n|-damage|p1a: Charizard|2\/100 par\n|move|p1a: Charizard|Heat Wave|p2a: sneeze'ler|[spread] p2a,p2b\n|-damage|p2a: sneeze'ler|18\/100\n|-damage|p2b: Taling \u0299\u026a\u0274\u0262 \u0299\u026a\u0274\u0262|1\/100\n|\n|-weather|SunnyDay|[upkeep]\n|upkeep\n|turn|9\n|\n|t:|1699496502\n|-end|p1b: Flutter Mane|Protosynthesis|[silent]\n|switch|p1b: Kingambit|Kingambit, M|100\/100\n|move|p1a: Charizard|Protect|p1a: Charizard\n|-singleturn|p1a: Charizard|Protect\n|move|p2a: sneeze'ler|Dire Claw|p1b: Kingambit\n|-immune|p1b: Kingambit\n|move|p2b: Taling \u0299\u026a\u0274\u0262 \u0299\u026a\u0274\u0262|Thunderbolt|p1a: Charizard\n|-activate|p1a: Charizard|move: Protect\n|\n|-weather|SunnyDay|[upkeep]\n|-sideend|p2: yaya_x3|move: Light Screen\n|upkeep\n|turn|10\n|\n|t:|1699496537\n|switch|p1b: Flutter Mane|Flutter Mane|23\/100\n|-activate|p1b: Flutter Mane|ability: Protosynthesis\n|-start|p1b: Flutter Mane|protosynthesisspe\n|move|p2a: sneeze'ler|Protect|p2a: sneeze'ler\n|-singleturn|p2a: sneeze'ler|Protect\n|move|p1a: Charizard|Protect||[still]\n|-fail|p1a: Charizard\n|move|p2b: Taling \u0299\u026a\u0274\u0262 \u0299\u026a\u0274\u0262|Thunderbolt|p1b: Flutter Mane\n|-damage|p1b: Flutter Mane|0 fnt\n|faint|p1b: Flutter Mane\n|-end|p1b: Flutter Mane|Protosynthesis|[silent]\n|\n|-weather|none\n|upkeep\n|\n|t:|1699496545\n|switch|p1b: Kingambit|Kingambit, M|100\/100\n|turn|11\n|\n|t:|1699496565\n|move|p2a: sneeze'ler|Close Combat|p1b: Kingambit\n|-supereffective|p1b: Kingambit\n|-damage|p1b: Kingambit|0 fnt\n|-unboost|p2a: sneeze'ler|def|1\n|-unboost|p2a: sneeze'ler|spd|1\n|faint|p1b: Kingambit\n|move|p2b: Taling \u0299\u026a\u0274\u0262 \u0299\u026a\u0274\u0262|Thunderbolt|p1a: Charizard\n|-supereffective|p1a: Charizard\n|-damage|p1a: Charizard|0 fnt\n|faint|p1a: Charizard\n|\n|win|yaya_x3\n|c|\u2606Chaos92031|gg\n|c|\u2606yaya_x3|you're too good\n|c|\u2606yaya_x3|fr\n|c|\u2606Chaos92031|couldve done without the miss and para but what evs\n|c|\u2606yaya_x3|gg\n|l| MarcusTalks\n|l|\u2606Chaos92031\n|c|\u2606yaya_x3|yeah i woulda lost\n|l| realspades\n|l|\u2606yaya_x3\n|j| realspades\n","uploadtime":1699496598,"views":15,"p1id":"chaos92031","p2id":"yayax3","formatid":"gen9nationaldexdoubles","rating":0,"private":0,"password":""}