{"id":"gen9nationaldexdoubles-1954126355","p1":"KingBlack2011","p2":"trainerredtheog_17","format":"[Gen 9] National Dex Doubles","log":"|j|\u2606KingBlack2011\n|j|\u2606trainerredtheog_17\n|t:|1695856423\n|gametype|doubles\n|player|p1|KingBlack2011|steven|1069\n|player|p2|trainerredtheog_17|fisherman-gen4|1319\n|teamsize|p1|6\n|teamsize|p2|6\n|gen|9\n|tier|[Gen 9] National Dex Doubles\n|rated|\n|rule|HP Percentage Mod: HP is shown in percentages\n|rule|Endless Battle Clause: Forcing endless battles is banned\n|rule|OHKO Clause: OHKO moves are banned\n|rule|Evasion Moves Clause: Evasion moves are banned\n|rule|Evasion Abilities Clause: Evasion abilities are banned\n|rule|Species Clause: Limit one of each Pok\u00e9mon\n|rule|Gravity Sleep Clause: The combination of sleep-inducing moves with imperfect accuracy and Gravity or Gigantamax Orbeetle are banned\n|clearpoke\n|poke|p1|Mew|\n|poke|p1|Greninja-*, M|\n|poke|p1|Arcanine-Hisui, M|\n|poke|p1|Kommo-o, M|\n|poke|p1|Zapdos|\n|poke|p1|Espathra, F|\n|poke|p2|Espeon, F|\n|poke|p2|Indeedee-F, F|\n|poke|p2|Ninetales, F|\n|poke|p2|Leafeon, F|\n|poke|p2|Umbreon, F|\n|poke|p2|Ursaluna-Bloodmoon, M|\n|teampreview\n|inactive|Battle timer is ON: inactive players will automatically lose when time's up. (requested by KingBlack2011)\n|\n|t:|1695856446\n|start\n|switch|p1a: Greninja|Greninja, M|100\/100\n|switch|p1b: Arcanine|Arcanine-Hisui, M, shiny|100\/100\n|switch|p2a: Espeon|Espeon, F|100\/100\n|switch|p2b: Indeedee|Indeedee-F, F|100\/100\n|-fieldstart|move: Psychic Terrain|[from] ability: Psychic Surge|[of] p2b: Indeedee\n|turn|1\n|\n|t:|1695856463\n|-terastallize|p2a: Espeon|Fairy\n|move|p2a: Espeon|Calm Mind|p2a: Espeon\n|-boost|p2a: Espeon|spa|1\n|-boost|p2a: Espeon|spd|1\n|move|p1a: Greninja|Mat Block|p1a: Greninja\n|-singleturn|p1a: Greninja|Mat Block\n|move|p1b: Arcanine|Head Smash|p2b: Indeedee\n|-damage|p2b: Indeedee|4\/100\n|move|p2b: Indeedee|Trick Room|p2b: Indeedee\n|-fieldstart|move: Trick Room|[of] p2b: Indeedee\n|\n|upkeep\n|turn|2\n|\n|t:|1695856480\n|move|p2b: Indeedee|Expanding Force|p1a: Greninja|[spread] p1b\n|-immune|p1a: Greninja\n|-damage|p1b: Arcanine|42\/100\n|move|p1b: Arcanine|Flare Blitz|p2a: Espeon\n|-crit|p2a: Espeon\n|-enditem|p2a: Espeon|Focus Sash\n|-damage|p2a: Espeon|1\/100\n|move|p1a: Greninja|Dark Pulse|p2b: Indeedee\n|-supereffective|p2b: Indeedee\n|-damage|p2b: Indeedee|0 fnt\n|faint|p2b: Indeedee\n|-ability|p1a: Greninja|Battle Bond|boost\n|-boost|p1a: Greninja|atk|1\n|-boost|p1a: Greninja|spa|1\n|-boost|p1a: Greninja|spe|1\n|-activate|p1a: Greninja|ability: Battle Bond\n|move|p2a: Espeon|Draining Kiss|p1a: Greninja\n|-supereffective|p1a: Greninja\n|-enditem|p1a: Greninja|Focus Sash\n|-damage|p1a: Greninja|1\/100\n|-heal|p2a: Espeon|80\/100|[from] drain|[of] p1a: Greninja\n|\n|upkeep\n|inactive|trainerredtheog_17 has 120 seconds left.\n|\n|t:|1695856508\n|switch|p2b: Ursaluna|Ursaluna-Bloodmoon, M|100\/100\n|turn|3\n|\n|t:|1695856523\n|move|p2b: Ursaluna|Hyper Voice|p1b: Arcanine|[spread] p1a,p1b\n|-resisted|p1b: Arcanine\n|-damage|p1a: Greninja|0 fnt\n|-damage|p1b: Arcanine|19\/100\n|faint|p1a: Greninja\n|move|p1b: Arcanine|Head Smash|p2a: Espeon\n|-damage|p2a: Espeon|0 fnt\n|faint|p2a: Espeon\n|\n|upkeep\n|\n|t:|1695856536\n|switch|p1a: Espathra|Espathra, F, shiny|100\/100\n|switch|p2a: Umbreon|Umbreon, F|100\/100\n|turn|4\n|inactive|KingBlack2011 has 120 seconds left.\n|inactive|KingBlack2011 has 90 seconds left.\n|inactive|KingBlack2011 has 60 seconds left.\n|\n|t:|1695856635\n|move|p2b: Ursaluna|Blood Moon|p1a: Espathra\n|-enditem|p1a: Espathra|Focus Sash\n|-damage|p1a: Espathra|1\/100\n|move|p2a: Umbreon|Calm Mind|p2a: Umbreon\n|-boost|p2a: Umbreon|spa|1\n|-boost|p2a: Umbreon|spd|1\n|move|p1b: Arcanine|Flare Blitz|p2b: Ursaluna\n|-damage|p2b: Ursaluna|60\/100\n|move|p1a: Espathra|Calm Mind|p1a: Espathra\n|-boost|p1a: Espathra|spa|1\n|-boost|p1a: Espathra|spd|1\n|\n|-ability|p1a: Espathra|Speed Boost|boost\n|-boost|p1a: Espathra|spe|1\n|upkeep\n|turn|5\n|inactive|KingBlack2011 has 60 seconds left.\n|\n|t:|1695856668\n|move|p2b: Ursaluna|Hyper Voice|p1a: Espathra|[spread] p1a,p1b\n|-resisted|p1b: Arcanine\n|-damage|p1a: Espathra|0 fnt\n|-damage|p1b: Arcanine|0 fnt\n|faint|p1a: Espathra\n|faint|p1b: Arcanine\n|move|p2a: Umbreon|Calm Mind|p2a: Umbreon\n|-boost|p2a: Umbreon|spa|1\n|-boost|p2a: Umbreon|spd|1\n|\n|-fieldend|move: Trick Room\n|-fieldend|move: Psychic Terrain\n|upkeep\n|\n|t:|1695856680\n|switch|p1a: Kommo-o|Kommo-o, M|100\/100\n|switch|p1b: Zapdos|Zapdos, shiny|100\/100\n|turn|6\n|\n|t:|1695856694\n|move|p1b: Zapdos|Tailwind|p1b: Zapdos\n|-sidestart|p1: KingBlack2011|move: Tailwind\n|move|p1a: Kommo-o|Dragon Dance|p1a: Kommo-o\n|-boost|p1a: Kommo-o|atk|1\n|-boost|p1a: Kommo-o|spe|1\n|move|p2a: Umbreon|Calm Mind|p2a: Umbreon\n|-boost|p2a: Umbreon|spa|1\n|-boost|p2a: Umbreon|spd|1\n|move|p2b: Ursaluna|Moonblast|p1a: Kommo-o\n|-supereffective|p1a: Kommo-o\n|-enditem|p1a: Kommo-o|Focus Sash\n|-damage|p1a: Kommo-o|1\/100\n|\n|upkeep\n|turn|7\n|\n|t:|1695856718\n|move|p1a: Kommo-o|Drain Punch|p2b: Ursaluna\n|-supereffective|p2b: Ursaluna\n|-damage|p2b: Ursaluna|0 fnt\n|-heal|p1a: Kommo-o|40\/100|[from] drain|[of] p2b: Ursaluna\n|faint|p2b: Ursaluna\n|move|p1b: Zapdos|Heat Wave|p2a: Umbreon\n|-damage|p2a: Umbreon|91\/100\n|move|p2a: Umbreon|Dark Pulse|p1b: Zapdos\n|-damage|p1b: Zapdos|48\/100\n|\n|-heal|p2a: Umbreon|97\/100|[from] item: Leftovers\n|upkeep\n|\n|t:|1695856732\n|switch|p2b: Ninetales|Ninetales, F|100\/100\n|-weather|SunnyDay|[from] ability: Drought|[of] p2b: Ninetales\n|turn|8\n|inactive|KingBlack2011 has 90 seconds left.\n|\n|t:|1695856760\n|move|p1a: Kommo-o|Drain Punch|p2a: Umbreon\n|-supereffective|p2a: Umbreon\n|-damage|p2a: Umbreon|40\/100\n|-heal|p1a: Kommo-o|74\/100|[from] drain|[of] p2a: Umbreon\n|move|p1b: Zapdos|Thunderbolt|p2b: Ninetales\n|-damage|p2b: Ninetales|41\/100\n|move|p2b: Ninetales|Flamethrower|p1a: Kommo-o\n|-resisted|p1a: Kommo-o\n|-damage|p1a: Kommo-o|35\/100\n|move|p2a: Umbreon|Dark Pulse|p1b: Zapdos\n|-damage|p1b: Zapdos|0 fnt\n|faint|p1b: Zapdos\n|\n|-weather|SunnyDay|[upkeep]\n|-heal|p2a: Umbreon|46\/100|[from] item: Leftovers\n|upkeep\n|\n|t:|1695856777\n|switch|p1b: Mew|Mew, shiny|100\/100\n|turn|9\n|inactive|KingBlack2011 has 90 seconds left.\n|\n|t:|1695856790\n|switch|p2a: Leafeon|Leafeon, F|100\/100\n|move|p1a: Kommo-o|Drain Punch|p2a: Leafeon\n|-damage|p2a: Leafeon|59\/100\n|-heal|p1a: Kommo-o|55\/100|[from] drain|[of] p2a: Leafeon\n|move|p1b: Mew|Cosmic Power|p1b: Mew\n|-boost|p1b: Mew|def|1\n|-boost|p1b: Mew|spd|1\n|move|p2b: Ninetales|Flamethrower|p1a: Kommo-o\n|-resisted|p1a: Kommo-o\n|-damage|p1a: Kommo-o|19\/100\n|\n|-weather|SunnyDay|[upkeep]\n|-sideend|p1: KingBlack2011|move: Tailwind\n|upkeep\n|turn|10\n|\n|t:|1695856814\n|move|p2a: Leafeon|Aerial Ace|p1a: Kommo-o\n|-supereffective|p1a: Kommo-o\n|-damage|p1a: Kommo-o|0 fnt\n|faint|p1a: Kommo-o\n|move|p2b: Ninetales|Flamethrower|p1b: Mew\n|-damage|p1b: Mew|56\/100\n|move|p1b: Mew|Cosmic Power|p1b: Mew\n|-boost|p1b: Mew|def|1\n|-boost|p1b: Mew|spd|1\n|\n|-weather|SunnyDay|[upkeep]\n|-heal|p1b: Mew|62\/100|[from] item: Leftovers\n|upkeep\n|turn|11\n|\n|t:|1695856831\n|-terastallize|p1b: Mew|Fighting\n|move|p2a: Leafeon|X-Scissor|p1b: Mew\n|-resisted|p1b: Mew\n|-damage|p1b: Mew|57\/100\n|move|p2b: Ninetales|Flamethrower|p1b: Mew\n|-damage|p1b: Mew|24\/100\n|move|p1b: Mew|Close Combat|p2b: Ninetales\n|-crit|p2b: Ninetales\n|-damage|p2b: Ninetales|0 fnt\n|-unboost|p1b: Mew|def|1\n|-unboost|p1b: Mew|spd|1\n|faint|p2b: Ninetales\n|\n|-weather|SunnyDay|[upkeep]\n|-heal|p1b: Mew|30\/100|[from] item: Leftovers\n|upkeep\n|\n|t:|1695856849\n|switch|p2b: Umbreon|Umbreon, F|46\/100\n|turn|12\n|\n|t:|1695856860\n|move|p2a: Leafeon|Aerial Ace|p1b: Mew\n|-supereffective|p1b: Mew\n|-damage|p1b: Mew|9\/100\n|move|p1b: Mew|Close Combat|p2b: Umbreon\n|-supereffective|p2b: Umbreon\n|-damage|p2b: Umbreon|0 fnt\n|-unboost|p1b: Mew|def|1\n|-unboost|p1b: Mew|spd|1\n|faint|p2b: Umbreon\n|\n|-weather|none\n|-heal|p1b: Mew|15\/100|[from] item: Leftovers\n|upkeep\n|turn|13\n|\n|t:|1695856887\n|move|p2a: Leafeon|Aerial Ace|p1b: Mew\n|-supereffective|p1b: Mew\n|-damage|p1b: Mew|0 fnt\n|faint|p1b: Mew\n|\n|win|trainerredtheog_17\n|raw|KingBlack2011's rating: 1069 &rarr; <strong>1061<\/strong><br \/>(-8 for losing)\n|raw|trainerredtheog_17's rating: 1319 &rarr; <strong>1327<\/strong><br \/>(+8 for winning)\n|l|\u2606KingBlack2011\n","uploadtime":1695857110,"views":8,"p1id":"kingblack2011","p2id":"trainerredtheog17","formatid":"gen9nationaldexdoubles","rating":1061,"private":0,"password":""}