{"id":"gen9nationaldexdoubles-1960615959","p1":"Theadonia","p2":"brothajustplay","format":"[Gen 9] National Dex Doubles","log":"|j|\u2606Theadonia\n|j|\u2606brothajustplay\n|t:|1696539306\n|gametype|doubles\n|player|p1|Theadonia|caitlin|1176\n|player|p2|brothajustplay|musician|1271\n|teamsize|p1|6\n|teamsize|p2|6\n|gen|9\n|tier|[Gen 9] National Dex Doubles\n|rated|\n|rule|HP Percentage Mod: HP is shown in percentages\n|rule|Endless Battle Clause: Forcing endless battles is banned\n|rule|OHKO Clause: OHKO moves are banned\n|rule|Evasion Moves Clause: Evasion moves are banned\n|rule|Evasion Abilities Clause: Evasion abilities are banned\n|rule|Species Clause: Limit one of each Pok\u00e9mon\n|rule|Gravity Sleep Clause: The combination of sleep-inducing moves with imperfect accuracy and Gravity or Gigantamax Orbeetle are banned\n|clearpoke\n|poke|p1|Delphox, M|\n|poke|p1|Oricorio-Sensu, F|\n|poke|p1|Kommo-o, F|\n|poke|p1|Riolu, M|\n|poke|p1|Cresselia, F|\n|poke|p1|Smeargle, F|\n|poke|p2|Oricorio, M|\n|poke|p2|Togekiss, F|\n|poke|p2|Roaring Moon|\n|poke|p2|Gholdengo|\n|poke|p2|Vikavolt, F|\n|poke|p2|Sceptile, M|\n|teampreview\n|inactive|Battle timer is ON: inactive players will automatically lose when time's up. (requested by brothajustplay)\n|\n|t:|1696539316\n|start\n|switch|p1a: Delphox|Delphox, M, shiny|100\/100\n|switch|p1b: Oricorio|Oricorio-Sensu, F, shiny|100\/100\n|switch|p2a: Vikavolt|Vikavolt, F, shiny|100\/100\n|switch|p2b: Sceptile|Sceptile, M, shiny|100\/100\n|turn|1\n|\n|t:|1696539326\n|detailschange|p2b: Sceptile|Sceptile-Mega, M, shiny\n|-mega|p2b: Sceptile|Sceptile|Sceptilite\n|-terastallize|p1b: Oricorio|Fairy\n|move|p2b: Sceptile|Dragon Pulse|p1a: Delphox\n|-damage|p1a: Delphox|43\/100\n|move|p1a: Delphox|Role Play|p1b: Oricorio\n|-endability|p1a: Delphox|Magician|[from] move: Role Play\n|-ability|p1a: Delphox|Dancer|[from] move: Role Play|[of] p1b: Oricorio\n|move|p1b: Oricorio|Revelation Dance|p2b: Sceptile\n|-supereffective|p2b: Sceptile\n|-crit|p2b: Sceptile\n|-damage|p2b: Sceptile|0 fnt\n|faint|p2b: Sceptile\n|-activate|p1a: Delphox|ability: Dancer\n|move|p1a: Delphox|Revelation Dance|p2a: Vikavolt|[from]ability: Dancer\n|-supereffective|p2a: Vikavolt\n|-damage|p2a: Vikavolt|1\/100\n|-enditem|p2a: Vikavolt|Red Card|[of] p1a: Delphox\n|drag|p1a: Kommo-o|Kommo-o, F, shiny|100\/100\n|move|p2a: Vikavolt|Discharge|p1b: Oricorio|[spread] p1a,p1b\n|-resisted|p1a: Kommo-o\n|-damage|p1a: Kommo-o|76\/100\n|-damage|p1b: Oricorio|49\/100\n|\n|upkeep\n|inactive|brothajustplay has 120 seconds left.\n|\n|t:|1696539352\n|switch|p2b: Roaring Moon|Roaring Moon|100\/100\n|-enditem|p2b: Roaring Moon|Booster Energy\n|-activate|p2b: Roaring Moon|ability: Protosynthesis|[fromitem]\n|-start|p2b: Roaring Moon|protosynthesisatk\n|turn|2\n|\n|t:|1696539360\n|-terastallize|p2a: Vikavolt|Bug\n|move|p2b: Roaring Moon|Dragon Claw|p1a: Kommo-o\n|-supereffective|p1a: Kommo-o\n|-damage|p1a: Kommo-o|0 fnt\n|faint|p1a: Kommo-o\n|move|p1b: Oricorio|Revelation Dance|p2b: Roaring Moon\n|-supereffective|p2b: Roaring Moon\n|-damage|p2b: Roaring Moon|0 fnt\n|faint|p2b: Roaring Moon\n|-end|p2b: Roaring Moon|Protosynthesis|[silent]\n|move|p2a: Vikavolt|Discharge|p1b: Oricorio\n|-damage|p1b: Oricorio|0 fnt\n|faint|p1b: Oricorio\n|\n|upkeep\n|\n|t:|1696539377\n|switch|p2b: Oricorio|Oricorio, M|100\/100\n|switch|p1a: Cresselia|Cresselia, F|100\/100\n|switch|p1b: Smeargle|Smeargle, F|100\/100\n|turn|3\n|\n|t:|1696539389\n|move|p1b: Smeargle|Acupressure|p1a: Cresselia\n|-boost|p1a: Cresselia|spa|2\n|move|p2b: Oricorio|Teeter Dance|p1a: Cresselia|[spread] p2a,p1a,p1b\n|-start|p2a: Vikavolt|confusion\n|-start|p1a: Cresselia|confusion\n|-immune|p1b: Smeargle|confusion|[from] ability: Own Tempo\n|-activate|p1a: Cresselia|confusion\n|-damage|p1a: Cresselia|96\/100|[from] confusion\n|-activate|p2a: Vikavolt|confusion\n|move|p2a: Vikavolt|Bug Buzz|p1b: Smeargle\n|-damage|p1b: Smeargle|0 fnt\n|faint|p1b: Smeargle\n|\n|-heal|p1a: Cresselia|100\/100|[from] item: Leftovers\n|upkeep\n|\n|t:|1696539398\n|switch|p1b: Riolu|Riolu, M|100\/100\n|turn|4\n|\n|t:|1696539409\n|move|p1b: Riolu|Coaching|p1a: Cresselia\n|-boost|p1a: Cresselia|atk|1\n|-boost|p1a: Cresselia|def|1\n|move|p2b: Oricorio|Revelation Dance|p1b: Riolu\n|-damage|p1b: Riolu|31\/100\n|-activate|p1a: Cresselia|confusion\n|move|p1a: Cresselia|Stored Power|p2b: Oricorio\n|-enditem|p2b: Oricorio|Focus Sash\n|-damage|p2b: Oricorio|1\/100\n|-activate|p2a: Vikavolt|confusion\n|-damage|p2a: Vikavolt|0 fnt|[from] confusion\n|faint|p2a: Vikavolt\n|\n|upkeep\n|\n|t:|1696539422\n|switch|p2a: Gholdengo|Gholdengo|100\/100\n|-item|p2a: Gholdengo|Air Balloon\n|turn|5\n|\n|t:|1696539434\n|move|p1b: Riolu|Vacuum Wave|p2b: Oricorio\n|-resisted|p2b: Oricorio\n|-damage|p2b: Oricorio|0 fnt\n|faint|p2b: Oricorio\n|-activate|p1a: Cresselia|confusion\n|move|p1a: Cresselia|Stored Power|p2a: Gholdengo\n|-resisted|p2a: Gholdengo\n|-damage|p2a: Gholdengo|59\/100\n|-enditem|p2a: Gholdengo|Air Balloon\n|move|p2a: Gholdengo|Shadow Ball|p1a: Cresselia\n|-supereffective|p1a: Cresselia\n|-damage|p1a: Cresselia|40\/100\n|\n|-heal|p1a: Cresselia|46\/100|[from] item: Leftovers\n|upkeep\n|\n|t:|1696539446\n|switch|p2b: Togekiss|Togekiss, F|100\/100\n|turn|6\n|\n|t:|1696539455\n|move|p2b: Togekiss|Follow Me|p2b: Togekiss\n|-singleturn|p2b: Togekiss|move: Follow Me\n|move|p1b: Riolu|Copycat||[still]\n|-fail|p1b: Riolu\n|-end|p1a: Cresselia|confusion\n|move|p1a: Cresselia|Lunar Blessing|p1a: Cresselia|[spread] p1a,p1b\n|-heal|p1a: Cresselia|71\/100\n|-heal|p1b: Riolu|56\/100\n|move|p2a: Gholdengo|Shadow Ball|p1a: Cresselia\n|-supereffective|p1a: Cresselia\n|-damage|p1a: Cresselia|5\/100\n|\n|-heal|p1a: Cresselia|12\/100|[from] item: Leftovers\n|upkeep\n|turn|7\n|\n|t:|1696539471\n|move|p1b: Riolu|Follow Me|p1b: Riolu\n|-singleturn|p1b: Riolu|move: Follow Me\n|move|p2b: Togekiss|Follow Me|p2b: Togekiss\n|-singleturn|p2b: Togekiss|move: Follow Me\n|move|p1a: Cresselia|Lunar Blessing|p1a: Cresselia|[spread] p1a,p1b\n|-heal|p1a: Cresselia|37\/100\n|-heal|p1b: Riolu|81\/100\n|move|p2a: Gholdengo|Shadow Ball|p1b: Riolu\n|-damage|p1b: Riolu|3\/100\n|\n|-heal|p1a: Cresselia|43\/100|[from] item: Leftovers\n|upkeep\n|turn|8\n|\n|t:|1696539483\n|move|p1b: Riolu|Follow Me|p1b: Riolu\n|-singleturn|p1b: Riolu|move: Follow Me\n|move|p2b: Togekiss|Follow Me|p2b: Togekiss\n|-singleturn|p2b: Togekiss|move: Follow Me\n|move|p1a: Cresselia|Icy Wind|p2a: Gholdengo|[spread] p2a,p2b\n|-resisted|p2a: Gholdengo\n|-supereffective|p2b: Togekiss\n|-damage|p2a: Gholdengo|48\/100\n|-damage|p2b: Togekiss|67\/100\n|-unboost|p2a: Gholdengo|spe|1\n|-unboost|p2b: Togekiss|spe|1\n|move|p2a: Gholdengo|Shadow Ball|p1b: Riolu\n|-damage|p1b: Riolu|0 fnt\n|faint|p1b: Riolu\n|\n|-heal|p1a: Cresselia|49\/100|[from] item: Leftovers\n|-heal|p2b: Togekiss|73\/100|[from] item: Leftovers\n|upkeep\n|\n|t:|1696539493\n|switch|p1b: Delphox|Delphox, M, shiny|43\/100\n|turn|9\n|\n|t:|1696539502\n|move|p2b: Togekiss|Follow Me|p2b: Togekiss\n|-singleturn|p2b: Togekiss|move: Follow Me\n|move|p1b: Delphox|Heat Wave|p2a: Gholdengo|[spread] p2a,p2b\n|-supereffective|p2a: Gholdengo\n|-damage|p2a: Gholdengo|0 fnt\n|-damage|p2b: Togekiss|44\/100\n|faint|p2a: Gholdengo\n|move|p1a: Cresselia|Lunar Blessing|p1a: Cresselia|[spread] p1a,p1b\n|-heal|p1a: Cresselia|74\/100\n|-heal|p1b: Delphox|69\/100\n|\n|-heal|p1a: Cresselia|80\/100|[from] item: Leftovers\n|-heal|p2b: Togekiss|50\/100|[from] item: Leftovers\n|upkeep\n|turn|10\n|-message|brothajustplay forfeited.\n|\n|win|Theadonia\n|raw|Theadonia's rating: 1176 &rarr; <strong>1208<\/strong><br \/>(+32 for winning)\n|raw|brothajustplay's rating: 1271 &rarr; <strong>1239<\/strong><br \/>(-32 for losing)\n|l|\u2606brothajustplay\n","uploadtime":1696539516,"views":6,"p1id":"theadonia","p2id":"brothajustplay","formatid":"gen9nationaldexdoubles","rating":1208,"private":0,"password":""}