{"id":"gen9nationaldexdoubles-1978567634","p1":"Orlando912","p2":"AhiruChan","format":"[Gen 9] National Dex Doubles","log":"|j|\u2606Orlando912\n|j|\u2606AhiruChan\n|t:|1698557401\n|gametype|doubles\n|player|p1|Orlando912|collector|1075\n|player|p2|AhiruChan|waitress|1112\n|teamsize|p1|6\n|teamsize|p2|6\n|gen|9\n|tier|[Gen 9] National Dex Doubles\n|rated|\n|rule|HP Percentage Mod: HP is shown in percentages\n|rule|Endless Battle Clause: Forcing endless battles is banned\n|rule|OHKO Clause: OHKO moves are banned\n|rule|Evasion Moves Clause: Evasion moves are banned\n|rule|Evasion Abilities Clause: Evasion abilities are banned\n|rule|Species Clause: Limit one of each Pok\u00e9mon\n|rule|Gravity Sleep Clause: The combination of sleep-inducing moves with imperfect accuracy and Gravity or Gigantamax Orbeetle are banned\n|clearpoke\n|poke|p1|Kecleon, F|\n|poke|p1|Inteleon, F|\n|poke|p1|Sceptile, F|\n|poke|p1|Heliolisk, F|\n|poke|p1|Accelgor, F|\n|poke|p1|Breloom, M|\n|poke|p2|Scizor, M|\n|poke|p2|Sneasler, F|\n|poke|p2|Tapu Koko|\n|poke|p2|Meowscarada, F|\n|poke|p2|Iron Valiant|\n|poke|p2|Raichu-Alola, F|\n|teampreview\n|\n|t:|1698557415\n|start\n|switch|p1a: Kecleon|Kecleon, F|100\/100\n|switch|p1b: Accelgor|Accelgor, F|100\/100\n|switch|p2a: Tapu Koko|Tapu Koko|100\/100\n|switch|p2b: Meowscarada|Meowscarada, F|100\/100\n|-fieldstart|move: Electric Terrain|[from] ability: Electric Surge|[of] p2a: Tapu Koko\n|turn|1\n|\n|t:|1698557435\n|move|p2b: Meowscarada|U-turn|p1a: Kecleon\n|-start|p2b: Meowscarada|typechange|Bug|[from] ability: Protean\n|-crit|p1a: Kecleon\n|-damage|p1a: Kecleon|25\/100\n|-start|p1a: Kecleon|typechange|Bug|[from] ability: Color Change\n|\n|t:|1698557443\n|switch|p2b: Sneasler|Sneasler, F|100\/100|[from] U-turn\n|-enditem|p2b: Sneasler|Electric Seed\n|-boost|p2b: Sneasler|def|1|[from] item: Electric Seed\n|move|p1b: Accelgor|Bug Buzz|p2b: Sneasler\n|-resisted|p2b: Sneasler\n|-damage|p2b: Sneasler|89\/100\n|move|p2a: Tapu Koko|Reflect|p2a: Tapu Koko\n|-sidestart|p2: AhiruChan|Reflect\n|move|p1a: Kecleon|Fire Blast|p2b: Sneasler\n|-damage|p2b: Sneasler|66\/100\n|\n|upkeep\n|turn|2\n|\n|t:|1698557464\n|move|p2b: Sneasler|Acrobatics|p1b: Accelgor\n|-supereffective|p1b: Accelgor\n|-damage|p1b: Accelgor|0 fnt\n|faint|p1b: Accelgor\n|move|p2a: Tapu Koko|Light Screen|p2a: Tapu Koko\n|-sidestart|p2: AhiruChan|move: Light Screen\n|move|p1a: Kecleon|Drain Punch|p2b: Sneasler\n|-resisted|p2b: Sneasler\n|-crit|p2b: Sneasler\n|-damage|p2b: Sneasler|38\/100\n|-heal|p1a: Kecleon|38\/100|[from] drain|[of] p2b: Sneasler\n|\n|upkeep\n|\n|t:|1698557481\n|switch|p1b: Sceptile|Sceptile, F|100\/100\n|turn|3\n|\n|t:|1698557495\n|move|p2b: Sneasler|Acrobatics|p1b: Sceptile\n|-supereffective|p1b: Sceptile\n|-damage|p1b: Sceptile|0 fnt\n|faint|p1b: Sceptile\n|move|p2a: Tapu Koko|Volt Switch|p1a: Kecleon\n|-damage|p1a: Kecleon|21\/100\n|-start|p1a: Kecleon|typechange|Electric|[from] ability: Color Change\n|\n|t:|1698557513\n|switch|p2a: Meowscarada|Meowscarada, F|100\/100|[from] Volt Switch\n|move|p1a: Kecleon|Drain Punch|p2b: Sneasler\n|-resisted|p2b: Sneasler\n|-damage|p2b: Sneasler|30\/100\n|-heal|p1a: Kecleon|25\/100|[from] drain|[of] p2b: Sneasler\n|\n|upkeep\n|\n|t:|1698557521\n|switch|p1b: Heliolisk|Heliolisk, F|100\/100\n|turn|4\n|\n|t:|1698557564\n|move|p2b: Sneasler|Close Combat|p1a: Kecleon\n|-damage|p1a: Kecleon|0 fnt\n|-unboost|p2b: Sneasler|def|1\n|-unboost|p2b: Sneasler|spd|1\n|faint|p1a: Kecleon\n|move|p2a: Meowscarada|Flower Trick|p1b: Heliolisk\n|-start|p2a: Meowscarada|typechange|Grass|[from] ability: Protean\n|-crit|p1b: Heliolisk\n|-damage|p1b: Heliolisk|0 fnt\n|faint|p1b: Heliolisk\n|\n|upkeep\n|\n|t:|1698557577\n|switch|p1b: Inteleon|Inteleon, F|100\/100\n|switch|p1a: Breloom|Breloom, M|100\/100\n|turn|5\n|\n|t:|1698557593\n|-terastallize|p1b: Inteleon|Ice\n|move|p2b: Sneasler|Acrobatics|p1a: Breloom\n|-supereffective|p1a: Breloom\n|-damage|p1a: Breloom|0 fnt\n|faint|p1a: Breloom\n|move|p2a: Meowscarada|Flower Trick|p1b: Inteleon\n|-crit|p1b: Inteleon\n|-damage|p1b: Inteleon|13\/100\n|move|p1b: Inteleon|Ice Beam|p2a: Meowscarada\n|-supereffective|p2a: Meowscarada\n|-damage|p2a: Meowscarada|1\/100\n|\n|-fieldend|move: Electric Terrain\n|upkeep\n|turn|6\n|\n|t:|1698557610\n|move|p2b: Sneasler|Acrobatics|p1b: Inteleon\n|-damage|p1b: Inteleon|0 fnt\n|faint|p1b: Inteleon\n|\n|win|AhiruChan\n|raw|Orlando912's rating: 1075 &rarr; <strong>1056<\/strong><br \/>(-19 for losing)\n|raw|AhiruChan's rating: 1112 &rarr; <strong>1134<\/strong><br \/>(+22 for winning)\n|l|\u2606Orlando912\n","uploadtime":1698557615,"views":8,"p1id":"orlando912","p2id":"ahiruchan","formatid":"gen9nationaldexdoubles","rating":1056,"private":0,"password":""}