{"id":"gen9nationaldexdoubles-1982330574","p1":"icybro12","p2":"cutiefy","format":"[Gen 9] National Dex Doubles","log":"|j|\u2606icybro12\n|j|\u2606cutiefy\n|t:|1698998727\n|gametype|doubles\n|player|p1|icybro12|psychic|1161\n|player|p2|cutiefy|dawn|1060\n|teamsize|p1|6\n|teamsize|p2|6\n|gen|9\n|tier|[Gen 9] National Dex Doubles\n|rated|\n|rule|HP Percentage Mod: HP is shown in percentages\n|rule|Endless Battle Clause: Forcing endless battles is banned\n|rule|OHKO Clause: OHKO moves are banned\n|rule|Evasion Moves Clause: Evasion moves are banned\n|rule|Evasion Abilities Clause: Evasion abilities are banned\n|rule|Species Clause: Limit one of each Pok\u00e9mon\n|rule|Gravity Sleep Clause: The combination of sleep-inducing moves with imperfect accuracy and Gravity or Gigantamax Orbeetle are banned\n|clearpoke\n|poke|p1|Octillery, F|\n|poke|p1|Jirachi|\n|poke|p1|Tornadus, M|\n|poke|p1|Sableye, M|\n|poke|p1|Pelipper, F|\n|poke|p1|Swampert, F|\n|poke|p2|Lilligant, F|\n|poke|p2|Jumpluff, M|\n|poke|p2|Clefairy, F|\n|poke|p2|Ribombee, M|\n|poke|p2|Gastrodon-East, M|\n|poke|p2|Ampharos, M|\n|teampreview\n|\n|t:|1698998751\n|start\n|switch|p1a: Jirachi|Jirachi|100\/100\n|switch|p1b: Octillery|Octillery, F|100\/100\n|switch|p2a: Lily|Lilligant, F, shiny|100\/100\n|switch|p2b: Jumpy|Jumpluff, M, shiny|100\/100\n|turn|1\n|\n|t:|1698998767\n|switch|p1b: Pelipper|Pelipper, F|100\/100\n|-weather|RainDance|[from] ability: Drizzle|[of] p1b: Pelipper\n|move|p2b: Jumpy|Sleep Powder|p1a: Jirachi\n|-status|p1a: Jirachi|slp|[from] move: Sleep Powder\n|move|p2a: Lily|Quiver Dance|p2a: Lily\n|-boost|p2a: Lily|spa|1\n|-boost|p2a: Lily|spd|1\n|-boost|p2a: Lily|spe|1\n|cant|p1a: Jirachi|slp\n|\n|-weather|RainDance|[upkeep]\n|upkeep\n|turn|2\n|\n|t:|1698998787\n|cant|p1a: Jirachi|slp\n|move|p2a: Lily|Quiver Dance|p2a: Lily\n|-boost|p2a: Lily|spa|1\n|-boost|p2a: Lily|spd|1\n|-boost|p2a: Lily|spe|1\n|move|p2b: Jumpy|Pollen Puff|p1b: Pelipper\n|-resisted|p1b: Pelipper\n|-damage|p1b: Pelipper|92\/100\n|move|p1b: Pelipper|U-turn|p2a: Lily\n|-supereffective|p2a: Lily\n|-damage|p2a: Lily|75\/100\n|\n|t:|1698998793\n|switch|p1b: Sableye|Sableye, M|100\/100|[from] U-turn\n|\n|-weather|RainDance|[upkeep]\n|upkeep\n|turn|3\n|\n|t:|1698998819\n|move|p1b: Sableye|Fake Out|p2b: Jumpy\n|-damage|p2b: Jumpy|91\/100\n|move|p2a: Lily|Pollen Puff|p1b: Sableye\n|-damage|p1b: Sableye|0 fnt\n|faint|p1b: Sableye\n|-damage|p2a: Lily|65\/100|[from] item: Life Orb\n|cant|p2b: Jumpy|flinch\n|-curestatus|p1a: Jirachi|slp|[msg]\n|move|p1a: Jirachi|Trick Room|p1a: Jirachi\n|-fieldstart|move: Trick Room|[of] p1a: Jirachi\n|\n|-weather|RainDance|[upkeep]\n|upkeep\n|\n|t:|1698998828\n|switch|p1b: Octillery|Octillery, F|100\/100\n|turn|4\n|\n|t:|1698998852\n|move|p1a: Jirachi|Follow Me|p1a: Jirachi\n|-singleturn|p1a: Jirachi|move: Follow Me\n|move|p1b: Octillery|Blizzard|p2b: Jumpy|[spread] p2a,p2b\n|-supereffective|p2a: Lily\n|-supereffective|p2b: Jumpy\n|-damage|p2a: Lily|0 fnt\n|-damage|p2b: Jumpy|0 fnt\n|faint|p2a: Lily\n|faint|p2b: Jumpy\n|\n|-weather|RainDance|[upkeep]\n|upkeep\n|\n|t:|1698998875\n|switch|p2a: shell boi|Gastrodon-East, M|100\/100\n|switch|p2b: Cleffy|Clefairy, F|100\/100\n|turn|5\n|\n|t:|1698998890\n|switch|p1b: Pelipper|Pelipper, F|92\/100\n|move|p2a: shell boi|Earth Power|p1a: Jirachi\n|-supereffective|p1a: Jirachi\n|-damage|p1a: Jirachi|36\/100\n|-unboost|p1a: Jirachi|spd|1\n|move|p2b: Cleffy|Cosmic Power|p2b: Cleffy\n|-boost|p2b: Cleffy|def|1\n|-boost|p2b: Cleffy|spd|1\n|move|p1a: Jirachi|Energy Ball|p2a: shell boi\n|-supereffective|p2a: shell boi\n|-damage|p2a: shell boi|61\/100\n|\n|-weather|none\n|-heal|p1a: Jirachi|42\/100|[from] item: Leftovers\n|upkeep\n|turn|6\n|inactive|Battle timer is ON: inactive players will automatically lose when time's up. (requested by cutiefy)\n|inactive|icybro12 has 120 seconds left.\n|\n|t:|1698998971\n|move|p2a: shell boi|Earth Power|p1a: Jirachi\n|-supereffective|p1a: Jirachi\n|-damage|p1a: Jirachi|0 fnt\n|faint|p1a: Jirachi\n|move|p1b: Pelipper|Hurricane|p2a: shell boi\n|-damage|p2a: shell boi|43\/100\n|move|p2b: Cleffy|Cosmic Power|p2b: Cleffy\n|-boost|p2b: Cleffy|def|1\n|-boost|p2b: Cleffy|spd|1\n|\n|upkeep\n|\n|t:|1698998976\n|switch|p1a: Tornadus|Tornadus, M|100\/100\n|turn|7\n|inactive|cutiefy has 120 seconds left.\n|\n|t:|1698999017\n|move|p1a: Tornadus|Taunt|p2b: Cleffy\n|-start|p2b: Cleffy|move: Taunt\n|move|p2a: shell boi|Scald|p1a: Tornadus\n|-damage|p1a: Tornadus|71\/100\n|move|p1b: Pelipper|U-turn|p2a: shell boi\n|-crit|p2a: shell boi\n|-damage|p2a: shell boi|33\/100\n|\n|t:|1698999024\n|switch|p1b: Octillery|Octillery, F|100\/100|[from] U-turn\n|cant|p2b: Cleffy|move: Taunt|Cosmic Power\n|\n|-heal|p1a: Tornadus|77\/100|[from] item: Leftovers\n|-fieldend|move: Trick Room\n|upkeep\n|turn|8\n|\n|t:|1698999043\n|switch|p1a: Pelipper|Pelipper, F|92\/100\n|-weather|RainDance|[from] ability: Drizzle|[of] p1a: Pelipper\n|-terastallize|p1b: Octillery|Water\n|-activate|p2b: Cleffy|move: Struggle\n|move|p2b: Cleffy|Struggle|p1b: Octillery\n|-damage|p1b: Octillery|95\/100\n|-damage|p2b: Cleffy|75\/100|[from] recoil\n|move|p1b: Octillery|Water Spout|p2a: shell boi|[spread] p2b\n|-ability|p2a: shell boi|Storm Drain|boost\n|-boost|p2a: shell boi|spa|1\n|-damage|p2b: Cleffy|0 fnt\n|faint|p2b: Cleffy\n|move|p2a: shell boi|Sludge Bomb|p1b: Octillery\n|-damage|p1b: Octillery|47\/100\n|\n|-weather|RainDance|[upkeep]\n|upkeep\n|inactive|cutiefy has 120 seconds left.\n|\n|t:|1698999061\n|switch|p2b: Ribombee|Ribombee, M|100\/100\n|turn|9\n|\n|t:|1698999080\n|move|p2b: Ribombee|Moonblast|p1a: Pelipper\n|-damage|p1a: Pelipper|33\/100\n|move|p1a: Pelipper|Hurricane|p2b: Ribombee\n|-supereffective|p2b: Ribombee\n|-damage|p2b: Ribombee|0 fnt\n|faint|p2b: Ribombee\n|move|p1b: Octillery|Water Spout|p2a: shell boi\n|-ability|p2a: shell boi|Storm Drain|boost\n|-boost|p2a: shell boi|spa|1\n|move|p2a: shell boi|Earth Power|p1b: Octillery\n|-damage|p1b: Octillery|0 fnt\n|faint|p1b: Octillery\n|\n|-weather|RainDance|[upkeep]\n|upkeep\n|\n|t:|1698999094\n|switch|p2b: Amphy|Ampharos, M|100\/100\n|switch|p1b: Swampert|Swampert, F|100\/100\n|turn|10\n|\n|t:|1698999114\n|detailschange|p1b: Swampert|Swampert-Mega, F\n|-mega|p1b: Swampert|Swampert|Swampertite\n|-terastallize|p2b: Amphy|Ice\n|move|p1b: Swampert|Earthquake|p2a: shell boi|[spread] p2a,p2b\n|-immune|p1a: Pelipper\n|-damage|p2a: shell boi|0 fnt\n|-damage|p2b: Amphy|46\/100\n|faint|p2a: shell boi\n|move|p2b: Amphy|Tera Blast|p1b: Swampert|[anim] Tera Blast Ice\n|-damage|p1b: Swampert|52\/100\n|-damage|p2b: Amphy|37\/100|[from] item: Life Orb\n|move|p1a: Pelipper|Hurricane|p2b: Amphy\n|-damage|p2b: Amphy|0 fnt\n|faint|p2b: Amphy\n|\n|win|icybro12\n|raw|icybro12's rating: 1161 &rarr; <strong>1179<\/strong><br \/>(+18 for winning)\n|raw|cutiefy's rating: 1060 &rarr; <strong>1046<\/strong><br \/>(-14 for losing)\n","uploadtime":1698999123,"views":10,"p1id":"icybro12","p2id":"cutiefy","formatid":"gen9nationaldexdoubles","rating":1046,"private":0,"password":""}