{"id":"gen9nationaldexdoubles-1993359218","p1":"Sakura the blossom","p2":"MosheahVOWS","format":"[Gen 9] National Dex Doubles","log":"|j|\u2606Sakura the blossom\n|j|\u2606MosheahVOWS\n|t:|1700305566\n|gametype|doubles\n|player|p1|Sakura the blossom|caitlin|\n|player|p2|MosheahVOWS|burglar|\n|teamsize|p1|6\n|teamsize|p2|6\n|gen|9\n|tier|[Gen 9] National Dex Doubles\n|rule|HP Percentage Mod: HP is shown in percentages\n|rule|Endless Battle Clause: Forcing endless battles is banned\n|rule|OHKO Clause: OHKO moves are banned\n|rule|Evasion Moves Clause: Evasion moves are banned\n|rule|Evasion Abilities Clause: Evasion abilities are banned\n|rule|Species Clause: Limit one of each Pok\u00e9mon\n|rule|Gravity Sleep Clause: The combination of sleep-inducing moves with imperfect accuracy and Gravity or Gigantamax Orbeetle are banned\n|clearpoke\n|poke|p1|Hatterene, F|\n|poke|p1|Indeedee-F, F|\n|poke|p1|Reuniclus, F|\n|poke|p1|Musharna, F|\n|poke|p1|Mawile, F|\n|poke|p1|Pangoro, M|\n|poke|p2|Rotom-Wash|\n|poke|p2|Primeape, F|\n|poke|p2|Alomomola, M|\n|poke|p2|Farigiraf, F|\n|poke|p2|Garchomp, M|\n|poke|p2|Umbreon, F|\n|teampreview\n|inactive|Battle timer is ON: inactive players will automatically lose when time's up. (requested by Sakura the blossom)\n|c|\u2606Sakura the blossom|Gl hf\n|inactive|Sakura the blossom has 270 seconds left.\n|inactive|MosheahVOWS has 270 seconds left.\n|inactive|MosheahVOWS has 240 seconds left.\n|inactive|MosheahVOWS has 210 seconds left.\n|inactive|MosheahVOWS has 180 seconds left.\n|c|\u2606MosheahVOWS|timer off plz?\n|c|\u2606Sakura the blossom|Fine but im not waiting forever\n|inactive|MosheahVOWS has 150 seconds left.\n|c|\u2606MosheahVOWS|arrogance....\n|\n|t:|1700305740\n|start\n|switch|p1a: Hatterene|Hatterene, F, shiny|100\/100\n|switch|p1b: Mawile|Mawile, F|100\/100\n|switch|p2a: Garchomp|Garchomp, M|100\/100\n|switch|p2b: Rotom|Rotom-Wash|100\/100\n|-ability|p1b: Mawile|Intimidate|boost\n|-unboost|p2a: Garchomp|atk|1\n|-unboost|p2b: Rotom|atk|1\n|turn|1\n|inactive|MosheahVOWS has 210 seconds left.\n|\n|t:|1700305761\n|switch|p1b: Indeedee|Indeedee-F, F, shiny|100\/100\n|-fieldstart|move: Psychic Terrain|[from] ability: Psychic Surge|[of] p1b: Indeedee\n|-enditem|p1b: Indeedee|Psychic Seed\n|-boost|p1b: Indeedee|spd|1|[from] item: Psychic Seed\n|move|p2b: Rotom|Trick|p1a: Hatterene\n|-activate|p2b: Rotom|move: Trick|[of] p1a: Hatterene\n|-item|p1a: Hatterene|Choice Specs|[from] move: Trick\n|-item|p2b: Rotom|Weakness Policy|[from] move: Trick\n|move|p2a: Garchomp|Stealth Rock|p1a: Hatterene\n|move|p1a: Hatterene|Stealth Rock|p2a: Garchomp|[from]ability: Magic Bounce\n|-sidestart|p2: MosheahVOWS|move: Stealth Rock\n|move|p1a: Hatterene|Trick Room|p1a: Hatterene\n|-fieldstart|move: Trick Room|[of] p1a: Hatterene\n|\n|upkeep\n|turn|2\n|inactive|MosheahVOWS has 210 seconds left.\n|c|\u2606MosheahVOWS|.......\n|c|\u2606Sakura the blossom|Oooh free specs\n|c|\u2606Sakura the blossom|Ty\n|inactive|Sakura the blossom has 270 seconds left.\n|inactive|MosheahVOWS has 180 seconds left.\n|c|\u2606Sakura the blossom|I turned off timer?\n|inactiveoff|Battle timer is now OFF.\n|c|\u2606Sakura the blossom|Nvm found\n|\n|t:|1700305836\n|switch|p1a: Reuniclus|Reuniclus, F, shiny|100\/100\n|move|p1b: Indeedee|Dazzling Gleam|p2b: Rotom|[spread] p2a,p2b\n|-supereffective|p2a: Garchomp\n|-damage|p2a: Garchomp|78\/100\n|-damage|p2b: Rotom|82\/100\n|move|p2a: Garchomp|Earthquake|p1b: Indeedee|[spread] p1a,p1b\n|-immune|p2b: Rotom|[from] ability: Levitate\n|-damage|p1a: Reuniclus|78\/100\n|-damage|p1b: Indeedee|80\/100\n|move|p2b: Rotom|Volt Switch|p1a: Reuniclus\n|-damage|p1a: Reuniclus|51\/100\n|\n|t:|1700305856\n|switch|p2b: Umbreon|Umbreon, F|100\/100|[from] Volt Switch\n|-damage|p2b: Umbreon|88\/100|[from] Stealth Rock\n|\n|upkeep\n|turn|3\n|\n|t:|1700305882\n|move|p1b: Indeedee|Follow Me|p1b: Indeedee\n|-singleturn|p1b: Indeedee|move: Follow Me\n|move|p1a: Reuniclus|Expanding Force|p2b: Umbreon|[spread] p2a\n|-immune|p2b: Umbreon\n|-damage|p2a: Garchomp|10\/100\n|move|p2b: Umbreon|Thunder Wave|p1b: Indeedee|[miss]\n|-miss|p2b: Umbreon|p1b: Indeedee\n|move|p2a: Garchomp|Stealth Rock|p1a: Reuniclus\n|-sidestart|p1: Sakura the blossom|move: Stealth Rock\n|\n|upkeep\n|turn|4\n|c|\u2606MosheahVOWS|oh\n|c|\u2606MosheahVOWS|my\n|c|\u2606MosheahVOWS|god\n|c|\u2606Sakura the blossom|Rng lol\n|\n|t:|1700305957\n|switch|p1a: Hatterene|Hatterene, F, shiny|100\/100\n|-damage|p1a: Hatterene|88\/100|[from] Stealth Rock\n|switch|p2a: Alomomola|Alomomola, M|100\/100\n|-damage|p2a: Alomomola|88\/100|[from] Stealth Rock\n|move|p2b: Umbreon|Thunder Wave|p1a: Hatterene\n|move|p1a: Hatterene|Thunder Wave|p2b: Umbreon|[from]ability: Magic Bounce\n|-status|p2b: Umbreon|par\n|-activate|p2b: Umbreon|ability: Synchronize\n|-status|p1a: Hatterene|par\n|move|p1b: Indeedee|Dazzling Gleam|p2a: Alomomola|[spread] p2a,p2b\n|-supereffective|p2b: Umbreon\n|-crit|p2b: Umbreon\n|-damage|p2a: Alomomola|78\/100\n|-damage|p2b: Umbreon|64\/100 par\n|\n|-heal|p2a: Alomomola|84\/100|[from] item: Leftovers\n|upkeep\n|turn|5\n|\n|t:|1700305985\n|switch|p1b: Mawile|Mawile, F|100\/100\n|-damage|p1b: Mawile|95\/100|[from] Stealth Rock\n|-ability|p1b: Mawile|Intimidate|boost\n|-unboost|p2a: Alomomola|atk|1\n|-unboost|p2b: Umbreon|atk|1\n|move|p2a: Alomomola|Protect|p2a: Alomomola\n|-singleturn|p2a: Alomomola|Protect\n|move|p1a: Hatterene|Dazzling Gleam|p2b: Umbreon|[spread] p2b\n|-activate|p2a: Alomomola|move: Protect\n|-supereffective|p2b: Umbreon\n|-damage|p2b: Umbreon|0 fnt\n|faint|p2b: Umbreon\n|\n|-heal|p2a: Alomomola|90\/100|[from] item: Leftovers\n|-fieldend|move: Trick Room\n|-fieldend|move: Psychic Terrain\n|upkeep\n|\n|t:|1700306003\n|switch|p2b: Garchomp|Garchomp, M|10\/100\n|-damage|p2b: Garchomp|3\/100|[from] Stealth Rock\n|turn|6\n|\n|t:|1700306033\n|switch|p2a: Rotom|Rotom-Wash|82\/100\n|-damage|p2a: Rotom|70\/100|[from] Stealth Rock\n|switch|p1b: Reuniclus|Reuniclus, F, shiny|51\/100\n|move|p2b: Garchomp|Earthquake|p1a: Hatterene|[spread] p1a,p1b\n|-immune|p2a: Rotom|[from] ability: Levitate\n|-damage|p1a: Hatterene|54\/100 par\n|-damage|p1b: Reuniclus|16\/100\n|move|p1a: Hatterene|Dazzling Gleam|p2a: Rotom|[spread] p2a,p2b\n|-supereffective|p2b: Garchomp\n|-damage|p2a: Rotom|0 fnt\n|-damage|p2b: Garchomp|0 fnt\n|faint|p2a: Rotom\n|faint|p2b: Garchomp\n|\n|upkeep\n|c|\u2606Sakura the blossom|Lovely specs\n|\n|t:|1700306065\n|switch|p2a: Primeape|Primeape, F|100\/100\n|switch|p2b: Farigiraf|Farigiraf, F|100\/100\n|-damage|p2a: Primeape|95\/100|[from] Stealth Rock\n|-damage|p2b: Farigiraf|88\/100|[from] Stealth Rock\n|turn|7\n|\n|t:|1700306080\n|move|p2a: Primeape|Throat Chop|p1a: Hatterene\n|-damage|p1a: Hatterene|27\/100 par\n|-start|p1a: Hatterene|Throat Chop|[silent]\n|move|p2b: Farigiraf|Hyper Voice|p1a: Hatterene|[spread] p1a,p1b\n|-damage|p1a: Hatterene|0 fnt\n|-damage|p1b: Reuniclus|0 fnt\n|faint|p1a: Hatterene\n|faint|p1b: Reuniclus\n|\n|upkeep\n|\n|t:|1700306091\n|switch|p1b: Indeedee|Indeedee-F, F, shiny|80\/100\n|switch|p1a: Mawile|Mawile, F|95\/100\n|-damage|p1b: Indeedee|67\/100|[from] Stealth Rock\n|-fieldstart|move: Psychic Terrain|[from] ability: Psychic Surge|[of] p1b: Indeedee\n|-damage|p1a: Mawile|89\/100|[from] Stealth Rock\n|-ability|p1a: Mawile|Intimidate|boost\n|-unboost|p2a: Primeape|atk|1\n|-ability|p2a: Primeape|Defiant|boost\n|-boost|p2a: Primeape|atk|2\n|-unboost|p2b: Farigiraf|atk|1\n|turn|8\n|\n|t:|1700306114\n|detailschange|p1a: Mawile|Mawile-Mega, F\n|-mega|p1a: Mawile|Mawile|Mawilite\n|move|p2a: Primeape|Throat Chop|p1b: Indeedee\n|-supereffective|p1b: Indeedee\n|-damage|p1b: Indeedee|0 fnt\n|faint|p1b: Indeedee\n|move|p2b: Farigiraf|Psychic|p1a: Mawile\n|-resisted|p1a: Mawile\n|-crit|p1a: Mawile\n|-damage|p1a: Mawile|35\/100\n|move|p1a: Mawile|Iron Head|p2a: Primeape\n|-damage|p2a: Primeape|0 fnt\n|faint|p2a: Primeape\n|\n|upkeep\n|\n|t:|1700306128\n|switch|p2a: Alomomola|Alomomola, M|100\/100\n|switch|p1b: Pangoro|Pangoro, M|100\/100\n|-damage|p2a: Alomomola|88\/100|[from] Stealth Rock\n|-damage|p1b: Pangoro|94\/100|[from] Stealth Rock\n|turn|9\n|c|\u2606MosheahVOWS|NO.....\n|c|\u2606Sakura the blossom|Bonk\n|\n|t:|1700306150\n|move|p2a: Alomomola|Scald|p1a: Mawile\n|-damage|p1a: Mawile|19\/100\n|move|p2b: Farigiraf|Hyper Voice|p1a: Mawile|[spread] p1a,p1b\n|-resisted|p1a: Mawile\n|-crit|p1a: Mawile\n|-damage|p1a: Mawile|0 fnt\n|-damage|p1b: Pangoro|53\/100\n|faint|p1a: Mawile\n|move|p1b: Pangoro|Darkest Lariat|p2b: Farigiraf\n|-supereffective|p2b: Farigiraf\n|-damage|p2b: Farigiraf|0 fnt\n|faint|p2b: Farigiraf\n|\n|-heal|p2a: Alomomola|94\/100|[from] item: Leftovers\n|upkeep\n|c|\u2606Sakura the blossom|Bonk\n|\n|t:|1700306165\n|switch|p1a: Musharna|Musharna, F|100\/100\n|-damage|p1a: Musharna|88\/100|[from] Stealth Rock\n|-activate|p1a: Musharna|ability: Forewarn|Scald|[of] p2a: Alomomola\n|turn|10\n|c|\u2606MosheahVOWS|NO!!!!\n|\n|t:|1700306178\n|move|p2a: Alomomola|Scald|p1b: Pangoro\n|-damage|p1b: Pangoro|38\/100\n|-status|p1b: Pangoro|brn\n|move|p1b: Pangoro|Darkest Lariat|p2a: Alomomola\n|-damage|p2a: Alomomola|79\/100\n|move|p1a: Musharna|Expanding Force|p2a: Alomomola\n|-damage|p2a: Alomomola|17\/100\n|\n|-heal|p2a: Alomomola|24\/100|[from] item: Leftovers\n|-damage|p1b: Pangoro|32\/100 brn|[from] brn\n|upkeep\n|turn|11\n|\n|t:|1700306201\n|move|p2a: Alomomola|Protect|p2a: Alomomola\n|-singleturn|p2a: Alomomola|Protect\n|move|p1b: Pangoro|Darkest Lariat|p2a: Alomomola\n|-activate|p2a: Alomomola|move: Protect\n|move|p1a: Musharna|Expanding Force|p2a: Alomomola\n|-activate|p2a: Alomomola|move: Protect\n|\n|-heal|p2a: Alomomola|30\/100|[from] item: Leftovers\n|-damage|p1b: Pangoro|26\/100 brn|[from] brn\n|upkeep\n|turn|12\n|c|\u2606Sakura the blossom|Ggs wp\n|\n|t:|1700306222\n|move|p2a: Alomomola|Scald|p1b: Pangoro\n|-damage|p1b: Pangoro|11\/100 brn\n|move|p1b: Pangoro|Darkest Lariat|p2a: Alomomola\n|-damage|p2a: Alomomola|13\/100\n|move|p1a: Musharna|Expanding Force|p2a: Alomomola\n|-damage|p2a: Alomomola|0 fnt\n|faint|p2a: Alomomola\n|\n|win|Sakura the blossom\n","uploadtime":1700306237,"views":28,"p1id":"sakuratheblossom","p2id":"mosheahvows","formatid":"gen9nationaldexdoubles","rating":0,"private":0,"password":""}