{"id":"gen9nationaldexdoubles-1960401436","p1":"fumbari 24","p2":"brothajustplay","format":"[Gen 9] National Dex Doubles","log":"|j|\u2606fumbari 24\n|j|\u2606brothajustplay\n|t:|1696522725\n|gametype|doubles\n|player|p1|fumbari 24|266|1358\n|player|p2|brothajustplay|musician|1346\n|teamsize|p1|6\n|teamsize|p2|6\n|gen|9\n|tier|[Gen 9] National Dex Doubles\n|rated|\n|rule|HP Percentage Mod: HP is shown in percentages\n|rule|Endless Battle Clause: Forcing endless battles is banned\n|rule|OHKO Clause: OHKO moves are banned\n|rule|Evasion Moves Clause: Evasion moves are banned\n|rule|Evasion Abilities Clause: Evasion abilities are banned\n|rule|Species Clause: Limit one of each Pok\u00e9mon\n|rule|Gravity Sleep Clause: The combination of sleep-inducing moves with imperfect accuracy and Gravity or Gigantamax Orbeetle are banned\n|clearpoke\n|poke|p1|Haxorus, F|\n|poke|p1|Krookodile, M|\n|poke|p1|Druddigon, F|\n|poke|p1|Salamence, M|\n|poke|p1|Aggron, F|\n|poke|p1|Cofagrigus, M|\n|poke|p2|Oricorio, M|\n|poke|p2|Togekiss, F|\n|poke|p2|Roaring Moon|\n|poke|p2|Gholdengo|\n|poke|p2|Vikavolt, F|\n|poke|p2|Sceptile, F|\n|teampreview\n|inactive|Battle timer is ON: inactive players will automatically lose when time's up. (requested by fumbari 24)\n|\n|t:|1696522739\n|start\n|switch|p1a: Cofagrigus|Cofagrigus, M|100\/100\n|switch|p1b: Aggron|Aggron, F|100\/100\n|switch|p2a: Vikavolt|Vikavolt, F, shiny|100\/100\n|switch|p2b: Sceptile|Sceptile, F, shiny|100\/100\n|turn|1\n|\n|t:|1696522755\n|detailschange|p2b: Sceptile|Sceptile-Mega, F, shiny\n|-mega|p2b: Sceptile|Sceptile|Sceptilite\n|move|p1b: Aggron|Protect|p1b: Aggron\n|-singleturn|p1b: Aggron|Protect\n|move|p2b: Sceptile|Giga Drain|p1b: Aggron\n|-activate|p1b: Aggron|move: Protect\n|move|p2a: Vikavolt|Discharge|p1b: Aggron|[spread] p1a\n|-activate|p1b: Aggron|move: Protect\n|-ability|p2b: Sceptile|Lightning Rod|boost\n|-boost|p2b: Sceptile|spa|1\n|-damage|p1a: Cofagrigus|68\/100\n|move|p1a: Cofagrigus|Trick Room|p1a: Cofagrigus\n|-fieldstart|move: Trick Room|[of] p1a: Cofagrigus\n|\n|upkeep\n|turn|2\n|\n|t:|1696522773\n|move|p1a: Cofagrigus|Pain Split|p2a: Vikavolt\n|-sethp|p2a: Vikavolt|79\/100|[from] move: Pain Split|[silent]\n|-sethp|p1a: Cofagrigus|94\/100|[from] move: Pain Split\n|-zpower|p1b: Aggron\n|move|p1b: Aggron|Continental Crush|p2b: Sceptile|[zeffect]\n|-damage|p2b: Sceptile|0 fnt\n|faint|p2b: Sceptile\n|move|p2a: Vikavolt|Discharge|p1a: Cofagrigus|[spread] p1a,p1b\n|-damage|p1a: Cofagrigus|60\/100\n|-damage|p1b: Aggron|51\/100\n|-status|p1a: Cofagrigus|par\n|\n|upkeep\n|inactive|brothajustplay has 120 seconds left.\n|\n|t:|1696522795\n|switch|p2b: Oricorio|Oricorio, M|100\/100\n|turn|3\n|\n|t:|1696522805\n|move|p1a: Cofagrigus|Pain Split|p2b: Oricorio\n|-sethp|p2b: Oricorio|81\/100|[from] move: Pain Split|[silent]\n|-sethp|p1a: Cofagrigus|79\/100 par|[from] move: Pain Split\n|move|p1b: Aggron|Head Smash|p2a: Vikavolt\n|-supereffective|p2a: Vikavolt\n|-damage|p2a: Vikavolt|0 fnt\n|faint|p2a: Vikavolt\n|move|p2b: Oricorio|Teeter Dance|p1b: Aggron|[spread] p1a,p1b\n|-start|p1a: Cofagrigus|confusion\n|-start|p1b: Aggron|confusion\n|\n|upkeep\n|\n|t:|1696522815\n|switch|p2a: Gholdengo|Gholdengo|100\/100\n|-item|p2a: Gholdengo|Air Balloon\n|turn|4\n|\n|t:|1696522827\n|-activate|p1a: Cofagrigus|confusion\n|-damage|p1a: Cofagrigus|75\/100 par|[from] confusion\n|-activate|p1b: Aggron|confusion\n|move|p1b: Aggron|Head Smash|p2b: Oricorio\n|-supereffective|p2b: Oricorio\n|-crit|p2b: Oricorio\n|-damage|p2b: Oricorio|0 fnt\n|faint|p2b: Oricorio\n|move|p2a: Gholdengo|Shadow Ball|p1a: Cofagrigus\n|-supereffective|p1a: Cofagrigus\n|-damage|p1a: Cofagrigus|0 fnt\n|faint|p1a: Cofagrigus\n|\n|upkeep\n|\n|t:|1696522838\n|switch|p1a: Atraco|Krookodile, M|100\/100\n|switch|p2b: Togekiss|Togekiss, F|100\/100\n|-ability|p1a: Atraco|Intimidate|boost\n|-unboost|p2a: Gholdengo|atk|1\n|-unboost|p2b: Togekiss|atk|1\n|turn|5\n|\n|t:|1696522856\n|-terastallize|p2b: Togekiss|Fairy\n|move|p2b: Togekiss|Follow Me|p2b: Togekiss\n|-singleturn|p2b: Togekiss|move: Follow Me\n|-end|p1b: Aggron|confusion\n|move|p1b: Aggron|Head Smash|p2b: Togekiss\n|-damage|p2b: Togekiss|31\/100\n|move|p2a: Gholdengo|Make It Rain|p1b: Aggron|[spread] p1a,p1b\n|-damage|p1a: Atraco|55\/100\n|-damage|p1b: Aggron|0 fnt\n|-unboost|p2a: Gholdengo|spa|1\n|faint|p1b: Aggron\n|move|p1a: Atraco|Snarl|p2a: Gholdengo|[spread] p2a,p2b\n|-supereffective|p2a: Gholdengo\n|-resisted|p2b: Togekiss\n|-damage|p2a: Gholdengo|81\/100\n|-damage|p2b: Togekiss|28\/100\n|-unboost|p2a: Gholdengo|spa|1\n|-unboost|p2b: Togekiss|spa|1\n|-enditem|p2a: Gholdengo|Air Balloon\n|\n|-heal|p2b: Togekiss|34\/100|[from] item: Leftovers\n|-fieldend|move: Trick Room\n|upkeep\n|\n|t:|1696522883\n|switch|p1b: Blue Flame|Salamence, M|100\/100\n|-ability|p1b: Blue Flame|Intimidate|boost\n|-unboost|p2a: Gholdengo|atk|1\n|-unboost|p2b: Togekiss|atk|1\n|turn|6\n|\n|t:|1696522891\n|detailschange|p1b: Blue Flame|Salamence-Mega, M\n|-mega|p1b: Blue Flame|Salamence|Salamencite\n|move|p1b: Blue Flame|Double-Edge|p2b: Togekiss\n|-damage|p2b: Togekiss|0 fnt\n|faint|p2b: Togekiss\n|-damage|p1b: Blue Flame|89\/100|[from] Recoil\n|move|p1a: Atraco|Stomping Tantrum|p2a: Gholdengo\n|-supereffective|p2a: Gholdengo\n|-damage|p2a: Gholdengo|19\/100\n|move|p2a: Gholdengo|Memento|p1b: Blue Flame\n|-unboost|p1b: Blue Flame|atk|2\n|-unboost|p1b: Blue Flame|spa|2\n|faint|p2a: Gholdengo\n|\n|upkeep\n|\n|t:|1696522904\n|switch|p2b: Roaring Moon|Roaring Moon|100\/100\n|-enditem|p2b: Roaring Moon|Booster Energy\n|-activate|p2b: Roaring Moon|ability: Protosynthesis|[fromitem]\n|-start|p2b: Roaring Moon|protosynthesisatk\n|turn|7\n|\n|t:|1696522910\n|move|p1a: Atraco|Snatch|p1a: Atraco\n|-singleturn|p1a: Atraco|Snatch\n|move|p1b: Blue Flame|Double-Edge|p2b: Roaring Moon\n|-damage|p2b: Roaring Moon|53\/100\n|-damage|p1b: Blue Flame|72\/100|[from] Recoil\n|move|p2b: Roaring Moon|Dragon Dance|p2b: Roaring Moon\n|-activate|p1a: Atraco|move: Snatch|[of] p2b: Roaring Moon\n|move|p1a: Atraco|Dragon Dance|p1a: Atraco|[from]Snatch\n|-boost|p1a: Atraco|atk|1\n|-boost|p1a: Atraco|spe|1\n|\n|upkeep\n|turn|8\n|\n|t:|1696522923\n|move|p1b: Blue Flame|Double-Edge|p2b: Roaring Moon\n|-damage|p2b: Roaring Moon|0 fnt\n|faint|p2b: Roaring Moon\n|-end|p2b: Roaring Moon|Protosynthesis|[silent]\n|-damage|p1b: Blue Flame|55\/100|[from] Recoil\n|\n|win|fumbari 24\n|raw|fumbari 24's rating: 1358 &rarr; <strong>1377<\/strong><br \/>(+19 for winning)\n|raw|brothajustplay's rating: 1346 &rarr; <strong>1327<\/strong><br \/>(-19 for losing)\n|l|\u2606brothajustplay\n","uploadtime":1696522933,"views":10,"p1id":"fumbari24","p2id":"brothajustplay","formatid":"gen9nationaldexdoubles","rating":1327,"private":0,"password":""}