{"id":"gen9nationaldexdoubles-1970106352","p1":"seaniel","p2":"Xeroez","format":"[Gen 9] National Dex Doubles","log":"|j|\u2606seaniel\n|j|\u2606Xeroez\n|t:|1697594837\n|gametype|doubles\n|player|p1|seaniel|1|1020\n|player|p2|Xeroez|steven|1043\n|teamsize|p1|6\n|teamsize|p2|6\n|gen|9\n|tier|[Gen 9] National Dex Doubles\n|rated|\n|rule|HP Percentage Mod: HP is shown in percentages\n|rule|Endless Battle Clause: Forcing endless battles is banned\n|rule|OHKO Clause: OHKO moves are banned\n|rule|Evasion Moves Clause: Evasion moves are banned\n|rule|Evasion Abilities Clause: Evasion abilities are banned\n|rule|Species Clause: Limit one of each Pok\u00e9mon\n|rule|Gravity Sleep Clause: The combination of sleep-inducing moves with imperfect accuracy and Gravity or Gigantamax Orbeetle are banned\n|clearpoke\n|poke|p1|Great Tusk|\n|poke|p1|Torkoal, F|\n|poke|p1|Lilligant-Hisui, F|\n|poke|p1|Jirachi|\n|poke|p1|Walking Wake|\n|poke|p1|Dusknoir, F|\n|poke|p2|Flamigo, M|\n|poke|p2|Espathra, M|\n|poke|p2|Oricorio-Sensu, F|\n|poke|p2|Kommo-o, F|\n|poke|p2|Sinistcha|\n|poke|p2|Oranguru, M|\n|teampreview\n|\n|t:|1697594851\n|start\n|switch|p1a: Jirachi|Jirachi|100\/100\n|switch|p1b: Great Tusk|Great Tusk|100\/100\n|switch|p2a: shmoovin|Oricorio-Sensu, F|100\/100\n|switch|p2b: AHHHH|Kommo-o, F|100\/100\n|turn|1\n|\n|t:|1697594864\n|move|p1a: Jirachi|Follow Me|p1a: Jirachi\n|-singleturn|p1a: Jirachi|move: Follow Me\n|move|p2a: shmoovin|Quiver Dance|p2a: shmoovin\n|-boost|p2a: shmoovin|spa|1\n|-boost|p2a: shmoovin|spd|1\n|-boost|p2a: shmoovin|spe|1\n|move|p1b: Great Tusk|Defense Curl|p1b: Great Tusk\n|-boost|p1b: Great Tusk|def|1\n|move|p2b: AHHHH|Clangorous Soul|p2b: AHHHH\n|-boost|p2b: AHHHH|atk|1\n|-boost|p2b: AHHHH|def|1\n|-boost|p2b: AHHHH|spa|1\n|-boost|p2b: AHHHH|spd|1\n|-boost|p2b: AHHHH|spe|1\n|-damage|p2b: AHHHH|68\/100\n|-activate|p2a: shmoovin|ability: Dancer\n|move|p2a: shmoovin|Clangorous Soul|p2a: shmoovin|[from]ability: Dancer\n|-boost|p2a: shmoovin|atk|1\n|-boost|p2a: shmoovin|def|1\n|-boost|p2a: shmoovin|spa|1\n|-boost|p2a: shmoovin|spd|1\n|-boost|p2a: shmoovin|spe|1\n|-damage|p2a: shmoovin|68\/100\n|\n|upkeep\n|turn|2\n|\n|t:|1697594898\n|move|p2a: shmoovin|Baton Pass|p2a: shmoovin\n|\n|t:|1697594902\n|switch|p2a: poke her face|Espathra, M|100\/100|[from] Baton Pass\n|move|p2b: AHHHH|Clanging Scales|p1b: Great Tusk|[spread] p1a,p1b\n|-resisted|p1a: Jirachi\n|-damage|p1a: Jirachi|80\/100\n|-damage|p1b: Great Tusk|14\/100\n|-unboost|p2b: AHHHH|def|1\n|move|p1a: Jirachi|Sunny Day|p1a: Jirachi\n|-weather|SunnyDay\n|-activate|p1b: Great Tusk|ability: Protosynthesis\n|-start|p1b: Great Tusk|protosynthesisdef\n|move|p1b: Great Tusk|Rollout|p2a: poke her face\n|-damage|p2a: poke her face|79\/100\n|\n|-weather|SunnyDay|[upkeep]\n|upkeep\n|turn|3\n|\n|t:|1697594927\n|move|p1a: Jirachi|Follow Me|p1a: Jirachi\n|-singleturn|p1a: Jirachi|move: Follow Me\n|move|p2a: poke her face|Stored Power|p1a: Jirachi\n|-resisted|p1a: Jirachi\n|-damage|p1a: Jirachi|45\/100\n|move|p2b: AHHHH|Flash Cannon|p1a: Jirachi\n|-resisted|p1a: Jirachi\n|-damage|p1a: Jirachi|30\/100\n|-unboost|p1a: Jirachi|spd|1\n|move|p1b: Great Tusk|Rollout|p2a: poke her face|[from]lockedmove\n|-damage|p2a: poke her face|27\/100\n|\n|-weather|SunnyDay|[upkeep]\n|-ability|p2a: poke her face|Speed Boost|boost\n|-boost|p2a: poke her face|spe|1\n|upkeep\n|turn|4\n|inactive|Battle timer is ON: inactive players will automatically lose when time's up. (requested by seaniel)\n|\n|t:|1697594988\n|move|p1a: Jirachi|Follow Me|p1a: Jirachi\n|-singleturn|p1a: Jirachi|move: Follow Me\n|move|p2a: poke her face|Stored Power|p1a: Jirachi\n|-resisted|p1a: Jirachi\n|-damage|p1a: Jirachi|0 fnt\n|faint|p1a: Jirachi\n|move|p2b: AHHHH|Clanging Scales|p1b: Great Tusk\n|-damage|p1b: Great Tusk|0 fnt\n|faint|p1b: Great Tusk\n|-end|p1b: Great Tusk|Protosynthesis|[silent]\n|-unboost|p2b: AHHHH|def|1\n|\n|-weather|SunnyDay|[upkeep]\n|-ability|p2a: poke her face|Speed Boost|boost\n|-boost|p2a: poke her face|spe|1\n|upkeep\n|\n|t:|1697595002\n|switch|p1a: Dusknoir|Dusknoir, F|100\/100\n|switch|p1b: Torkoal|Torkoal, F|100\/100\n|-item|p2a: poke her face|Clear Amulet|[from] ability: Frisk|[of] p1a: Dusknoir|[identify]\n|-item|p2b: AHHHH|Kommonium Z|[from] ability: Frisk|[of] p1a: Dusknoir|[identify]\n|turn|5\n|\n|t:|1697595028\n|switch|p2b: Teatime bitch|Sinistcha|100\/100\n|-heal|p2a: poke her face|52\/100|[from] ability: Hospitality|[of] p2b: Teatime bitch\n|move|p1b: Torkoal|Protect|p1b: Torkoal\n|-singleturn|p1b: Torkoal|Protect\n|move|p2a: poke her face|Stored Power|p1a: Dusknoir\n|-damage|p1a: Dusknoir|0 fnt\n|faint|p1a: Dusknoir\n|\n|-weather|SunnyDay|[upkeep]\n|-ability|p2a: poke her face|Speed Boost|boost\n|-boost|p2a: poke her face|spe|1\n|upkeep\n|\n|t:|1697595040\n|switch|p1a: Walking Wake|Walking Wake|100\/100\n|-activate|p1a: Walking Wake|ability: Protosynthesis\n|-start|p1a: Walking Wake|protosynthesisspa\n|turn|6\n|\n|t:|1697595057\n|move|p2a: poke her face|Stored Power|p1a: Walking Wake\n|-damage|p1a: Walking Wake|0 fnt\n|faint|p1a: Walking Wake\n|-end|p1a: Walking Wake|Protosynthesis|[silent]\n|move|p2b: Teatime bitch|Life Dew||[still]|[spread] p2a,p2b\n|-heal|p2a: poke her face|77\/100\n|-fail|p2b: Teatime bitch|heal\n|move|p1b: Torkoal|Clear Smog|p2a: poke her face\n|-damage|p2a: poke her face|69\/100\n|-clearboost|p2a: poke her face\n|\n|-weather|SunnyDay|[upkeep]\n|-ability|p2a: poke her face|Speed Boost|boost\n|-boost|p2a: poke her face|spe|1\n|upkeep\n|\n|t:|1697595068\n|switch|p1a: Lilligant|Lilligant-Hisui, F|100\/100\n|turn|7\n|\n|t:|1697595096\n|move|p1a: Lilligant|Victory Dance|p1a: Lilligant\n|-boost|p1a: Lilligant|atk|1\n|-boost|p1a: Lilligant|def|1\n|-boost|p1a: Lilligant|spe|1\n|move|p2a: poke her face|Stored Power|p1a: Lilligant\n|-supereffective|p1a: Lilligant\n|-damage|p1a: Lilligant|44\/100\n|move|p2b: Teatime bitch|Reflect|p2b: Teatime bitch\n|-sidestart|p2: Xeroez|Reflect\n|move|p1b: Torkoal|Eruption|p2b: Teatime bitch|[spread] p2a,p2b\n|-supereffective|p2b: Teatime bitch\n|-damage|p2a: poke her face|0 fnt\n|-damage|p2b: Teatime bitch|0 fnt\n|faint|p2a: poke her face\n|faint|p2b: Teatime bitch\n|\n|-weather|SunnyDay|[upkeep]\n|upkeep\n|inactive|Xeroez has 120 seconds left.\n|\n|t:|1697595128\n|switch|p2a: flaringo starr|Flamigo, M|100\/100\n|switch|p2b: AHHHH|Kommo-o, F|68\/100\n|-copyboost|p2a: flaringo starr|p2b: AHHHH|[from] ability: Costar\n|turn|8\n|inactive|Xeroez has 120 seconds left.\n|\n|t:|1697595144\n|move|p1a: Lilligant|Ice Spinner|p2b: AHHHH\n|-supereffective|p2b: AHHHH\n|-damage|p2b: AHHHH|5\/100\n|-damage|p1a: Lilligant|34\/100|[from] item: Life Orb\n|move|p2a: flaringo starr|Brave Bird|p1a: Lilligant\n|-supereffective|p1a: Lilligant\n|-damage|p1a: Lilligant|0 fnt\n|faint|p1a: Lilligant\n|-damage|p2a: flaringo starr|90\/100|[from] Recoil\n|-zpower|p2b: AHHHH\n|move|p2b: AHHHH|Clangorous Soulblaze|p1b: Torkoal|[zeffect]\n|-enditem|p1b: Torkoal|Focus Sash\n|-damage|p1b: Torkoal|1\/100\n|-boost|p2b: AHHHH|atk|1\n|-boost|p2b: AHHHH|def|1\n|-boost|p2b: AHHHH|spa|1\n|-boost|p2b: AHHHH|spd|1\n|-boost|p2b: AHHHH|spe|1\n|move|p1b: Torkoal|Eruption|p2a: flaringo starr|[spread] p2a,p2b\n|-resisted|p2b: AHHHH\n|-crit|p2b: AHHHH\n|-damage|p2a: flaringo starr|89\/100\n|-damage|p2b: AHHHH|5\/100\n|\n|-weather|SunnyDay|[upkeep]\n|upkeep\n|turn|9\n|inactive|Xeroez has 120 seconds left.\n|-message|seaniel forfeited.\n|\n|win|Xeroez\n|raw|seaniel's rating: 1020 &rarr; <strong>1008<\/strong><br \/>(-12 for losing)\n|raw|Xeroez's rating: 1043 &rarr; <strong>1074<\/strong><br \/>(+31 for winning)\n|l|\u2606seaniel\n","uploadtime":1697595196,"views":8,"p1id":"seaniel","p2id":"xeroez","formatid":"gen9nationaldexdoubles","rating":1008,"private":0,"password":""}