{"id":"gen9nationaldexdoubles-1986286186","p1":"MeWoomy","p2":"Gabe 457","format":"[Gen 9] National Dex Doubles","log":"|j|\u2606MeWoomy\n|j|\u2606Gabe 457\n|t:|1699466266\n|gametype|doubles\n|player|p1|MeWoomy|cynthia-masters|1275\n|player|p2|Gabe 457|265|1227\n|teamsize|p1|6\n|teamsize|p2|6\n|gen|9\n|tier|[Gen 9] National Dex Doubles\n|rated|\n|rule|HP Percentage Mod: HP is shown in percentages\n|rule|Endless Battle Clause: Forcing endless battles is banned\n|rule|OHKO Clause: OHKO moves are banned\n|rule|Evasion Moves Clause: Evasion moves are banned\n|rule|Evasion Abilities Clause: Evasion abilities are banned\n|rule|Species Clause: Limit one of each Pok\u00e9mon\n|rule|Gravity Sleep Clause: The combination of sleep-inducing moves with imperfect accuracy and Gravity or Gigantamax Orbeetle are banned\n|clearpoke\n|poke|p1|Charizard, F|\n|poke|p1|Flutter Mane|\n|poke|p1|Whimsicott, M|\n|poke|p1|Kingambit, M|\n|poke|p1|Landorus-Therian, M|\n|poke|p1|Clodsire, M|\n|poke|p2|Ninetales-Alola, M|\n|poke|p2|Arctovish|\n|poke|p2|Chien-Pao|\n|poke|p2|Ogerpon-Wellspring, F|\n|poke|p2|Arcanine-Hisui, M|\n|poke|p2|Great Tusk|\n|teampreview\n|inactive|Battle timer is ON: inactive players will automatically lose when time's up. (requested by MeWoomy)\n|\n|t:|1699466275\n|start\n|switch|p1a: Charizard|Charizard, F, shiny|100\/100\n|switch|p1b: Kingambit|Kingambit, M|100\/100\n|switch|p2a: Ninetales|Ninetales-Alola, M|100\/100\n|switch|p2b: Arctovish|Arctovish|100\/100\n|-weather|Snow|[from] ability: Snow Warning|[of] p2a: Ninetales\n|turn|1\n|inactive|MeWoomy has 120 seconds left.\n|\n|t:|1699466310\n|detailschange|p1a: Charizard|Charizard-Mega-Y, F, shiny\n|-mega|p1a: Charizard|Charizard|Charizardite Y\n|-weather|SunnyDay|[from] ability: Drought|[of] p1a: Charizard\n|-terastallize|p2b: Arctovish|Water\n|move|p2a: Ninetales|Aurora Veil||[still]\n|-fail|p2a: Ninetales\n|move|p1a: Charizard|Heat Wave|p2b: Arctovish|[spread] p2a,p2b\n|-supereffective|p2a: Ninetales\n|-resisted|p2b: Arctovish\n|-enditem|p2a: Ninetales|Focus Sash\n|-damage|p2a: Ninetales|1\/100\n|-damage|p2b: Arctovish|73\/100\n|move|p2b: Arctovish|Fishious Rend|p1a: Charizard\n|-supereffective|p1a: Charizard\n|-damage|p1a: Charizard|37\/100\n|move|p1b: Kingambit|Iron Head|p2a: Ninetales\n|-supereffective|p2a: Ninetales\n|-damage|p2a: Ninetales|0 fnt\n|faint|p2a: Ninetales\n|-damage|p1b: Kingambit|91\/100|[from] item: Life Orb\n|\n|-weather|SunnyDay|[upkeep]\n|-heal|p2b: Arctovish|79\/100|[from] item: Leftovers\n|upkeep\n|inactive|Gabe 457 has 120 seconds left.\n|\n|t:|1699466333\n|switch|p2a: Arcanine|Arcanine-Hisui, M|100\/100\n|-ability|p2a: Arcanine|Intimidate|boost\n|-unboost|p1a: Charizard|atk|1\n|-unboost|p1b: Kingambit|atk|1\n|-ability|p1b: Kingambit|Defiant|boost\n|-boost|p1b: Kingambit|atk|2\n|turn|2\n|\n|t:|1699466350\n|switch|p1a: Clodsire|Clodsire, M|100\/100\n|switch|p1b: Landorus|Landorus-Therian, M|100\/100\n|-ability|p1b: Landorus|Intimidate|boost\n|-unboost|p2a: Arcanine|atk|1\n|-unboost|p2b: Arctovish|atk|1\n|move|p2a: Arcanine|Flame Wheel|p1b: Landorus\n|-damage|p1b: Landorus|66\/100\n|move|p2b: Arctovish|Fishious Rend|p1a: Clodsire\n|-immune|p1a: Clodsire|[from] ability: Water Absorb\n|\n|-weather|SunnyDay|[upkeep]\n|-heal|p2b: Arctovish|85\/100|[from] item: Leftovers\n|upkeep\n|turn|3\n|inactive|Gabe 457 has 120 seconds left.\n|\n|t:|1699466387\n|switch|p2a: Ogerpon|Ogerpon-Wellspring, F|100\/100\n|move|p1b: Landorus|Stealth Rock|p2b: Arctovish\n|-sidestart|p2: Gabe 457|move: Stealth Rock\n|move|p2b: Arctovish|Psychic Fangs|p1a: Clodsire\n|-supereffective|p1a: Clodsire\n|-damage|p1a: Clodsire|61\/100\n|move|p1a: Clodsire|Earthquake|p2a: Ogerpon|[spread] p2a,p2b\n|-immune|p1b: Landorus\n|-resisted|p2a: Ogerpon\n|-crit|p2b: Arctovish\n|-damage|p2a: Ogerpon|87\/100\n|-damage|p2b: Arctovish|56\/100\n|\n|-weather|SunnyDay|[upkeep]\n|-heal|p2b: Arctovish|62\/100|[from] item: Leftovers\n|-heal|p1a: Clodsire|68\/100|[from] item: Black Sludge\n|upkeep\n|turn|4\n|inactive|Gabe 457 has 120 seconds left.\n|\n|t:|1699466410\n|switch|p1a: Kingambit|Kingambit, M|91\/100\n|move|p2a: Ogerpon|Knock Off|p1b: Landorus\n|-damage|p1b: Landorus|34\/100\n|move|p1b: Landorus|U-turn|p2a: Ogerpon\n|-supereffective|p2a: Ogerpon\n|-damage|p2a: Ogerpon|13\/100\n|\n|t:|1699466419\n|switch|p1b: Whimsicott|Whimsicott, M|100\/100|[from] U-turn\n|move|p2b: Arctovish|Psychic Fangs|p1a: Kingambit\n|-immune|p1a: Kingambit\n|\n|-weather|SunnyDay|[upkeep]\n|-heal|p2b: Arctovish|68\/100|[from] item: Leftovers\n|upkeep\n|turn|5\n|\n|t:|1699466445\n|move|p2a: Ogerpon|Spiky Shield|p2a: Ogerpon\n|-singleturn|p2a: Ogerpon|move: Protect\n|move|p2b: Arctovish|Protect|p2b: Arctovish\n|-singleturn|p2b: Arctovish|Protect\n|move|p1b: Whimsicott|Tailwind|p1b: Whimsicott\n|-sidestart|p1: MeWoomy|move: Tailwind\n|move|p1a: Kingambit|Sucker Punch||[still]\n|-fail|p1a: Kingambit\n|\n|-weather|none\n|-heal|p2b: Arctovish|74\/100|[from] item: Leftovers\n|upkeep\n|turn|6\n|inactive|Gabe 457 has 120 seconds left.\n|\n|t:|1699466477\n|move|p1b: Whimsicott|Energy Ball|p2a: Ogerpon\n|-damage|p2a: Ogerpon|0 fnt\n|faint|p2a: Ogerpon\n|move|p1a: Kingambit|Kowtow Cleave|p2b: Arctovish\n|-damage|p2b: Arctovish|20\/100\n|-damage|p1a: Kingambit|81\/100|[from] item: Life Orb\n|move|p2b: Arctovish|Avalanche|p1b: Whimsicott\n|-supereffective|p1b: Whimsicott\n|-damage|p1b: Whimsicott|57\/100\n|\n|-heal|p2b: Arctovish|26\/100|[from] item: Leftovers\n|upkeep\n|inactive|Gabe 457 has 120 seconds left.\n|\n|t:|1699466494\n|switch|p2a: Arcanine|Arcanine-Hisui, M|100\/100\n|-damage|p2a: Arcanine|76\/100|[from] Stealth Rock\n|-ability|p2a: Arcanine|Intimidate|boost\n|-unboost|p1a: Kingambit|atk|1\n|-ability|p1a: Kingambit|Defiant|boost\n|-boost|p1a: Kingambit|atk|2\n|-unboost|p1b: Whimsicott|atk|1\n|turn|7\n|inactive|Gabe 457 has 120 seconds left.\n|\n|t:|1699466515\n|switch|p1b: Clodsire|Clodsire, M|68\/100\n|move|p1a: Kingambit|Sucker Punch|p2a: Arcanine\n|-damage|p2a: Arcanine|0 fnt\n|faint|p2a: Arcanine\n|-damage|p1a: Kingambit|71\/100|[from] item: Life Orb\n|move|p2b: Arctovish|Avalanche|p1b: Clodsire\n|-supereffective|p1b: Clodsire\n|-damage|p1b: Clodsire|27\/100\n|\n|-heal|p1b: Clodsire|33\/100|[from] item: Black Sludge\n|-heal|p2b: Arctovish|32\/100|[from] item: Leftovers\n|upkeep\n|\n|t:|1699466532\n|switch|p2a: Great Tusk|Great Tusk|100\/100\n|-damage|p2a: Great Tusk|98\/100|[from] Stealth Rock\n|turn|8\n|inactive|Gabe 457 has 120 seconds left.\n|\n|t:|1699466557\n|switch|p1a: Landorus|Landorus-Therian, M|34\/100\n|-ability|p1a: Landorus|Intimidate|boost\n|-unboost|p2a: Great Tusk|atk|1\n|-unboost|p2b: Arctovish|atk|1\n|move|p2a: Great Tusk|Headlong Rush|p1a: Landorus\n|-immune|p1a: Landorus\n|move|p1b: Clodsire|Recover|p1b: Clodsire\n|-heal|p1b: Clodsire|83\/100\n|move|p2b: Arctovish|Psychic Fangs|p1b: Clodsire\n|-supereffective|p1b: Clodsire\n|-damage|p1b: Clodsire|55\/100\n|\n|-heal|p1b: Clodsire|61\/100|[from] item: Black Sludge\n|-heal|p2b: Arctovish|38\/100|[from] item: Leftovers\n|-sideend|p1: MeWoomy|move: Tailwind\n|upkeep\n|turn|9\n|inactive|Gabe 457 has 120 seconds left.\n|\n|t:|1699466584\n|switch|p1b: Kingambit|Kingambit, M|71\/100\n|-zpower|p1a: Landorus\n|move|p1a: Landorus|Tectonic Rage|p2a: Great Tusk|[zeffect]\n|-damage|p2a: Great Tusk|30\/100\n|move|p2a: Great Tusk|Rapid Spin|p1a: Landorus\n|-damage|p1a: Landorus|18\/100\n|-boost|p2a: Great Tusk|spe|1\n|-sideend|p2: Gabe 457|Stealth Rock|[from] move: Rapid Spin|[of] p2a: Great Tusk\n|move|p2b: Arctovish|Fishious Rend|p1a: Landorus\n|-supereffective|p1a: Landorus\n|-damage|p1a: Landorus|0 fnt\n|faint|p1a: Landorus\n|\n|-heal|p2b: Arctovish|44\/100|[from] item: Leftovers\n|upkeep\n|inactive|MeWoomy has 120 seconds left.\n|\n|t:|1699466594\n|switch|p1a: Flutter Mane|Flutter Mane|100\/100\n|turn|10\n|inactive|Gabe 457 has 120 seconds left.\n|\n|t:|1699466625\n|switch|p1b: Whimsicott|Whimsicott, M|57\/100\n|-terastallize|p1a: Flutter Mane|Fairy\n|move|p1a: Flutter Mane|Dazzling Gleam|p2a: Great Tusk|[spread] p2a,p2b\n|-supereffective|p2a: Great Tusk\n|-damage|p2a: Great Tusk|0 fnt\n|-damage|p2b: Arctovish|0 fnt\n|faint|p2a: Great Tusk\n|-end|p2a: Great Tusk|Protosynthesis|[silent]\n|faint|p2b: Arctovish\n|\n|upkeep\n|\n|t:|1699466637\n|switch|p2a: Chien-Pao|Chien-Pao|100\/100\n|-ability|p2a: Chien-Pao|Sword of Ruin\n|turn|11\n|inactive|Gabe 457 has 120 seconds left.\n|\n|t:|1699466651\n|move|p1b: Whimsicott|Helping Hand|p1a: Flutter Mane\n|-singleturn|p1a: Flutter Mane|Helping Hand|[of] p1b: Whimsicott\n|move|p2a: Chien-Pao|Ice Spinner|p1b: Whimsicott\n|-supereffective|p1b: Whimsicott\n|-damage|p1b: Whimsicott|0 fnt\n|faint|p1b: Whimsicott\n|move|p1a: Flutter Mane|Dazzling Gleam|p2a: Chien-Pao\n|-supereffective|p2a: Chien-Pao\n|-enditem|p2a: Chien-Pao|Focus Sash\n|-damage|p2a: Chien-Pao|1\/100\n|\n|upkeep\n|\n|t:|1699466660\n|switch|p1b: Kingambit|Kingambit, M|71\/100\n|turn|12\n|c|\u2606MeWoomy|gg\n|\n|t:|1699466674\n|move|p1b: Kingambit|Sucker Punch|p2a: Chien-Pao\n|-resisted|p2a: Chien-Pao\n|-damage|p2a: Chien-Pao|0 fnt\n|faint|p2a: Chien-Pao\n|-damage|p1b: Kingambit|61\/100|[from] item: Life Orb\n|\n|win|MeWoomy\n|raw|MeWoomy's rating: 1275 &rarr; <strong>1297<\/strong><br \/>(+22 for winning)\n|raw|Gabe 457's rating: 1227 &rarr; <strong>1205<\/strong><br \/>(-22 for losing)\n|l|\u2606Gabe 457\n","uploadtime":1699466701,"views":24,"p1id":"mewoomy","p2id":"gabe457","formatid":"gen9nationaldexdoubles","rating":1205,"private":0,"password":""}