{"id":"gen9nationaldexdoubles-1959113841","p1":"LightOfTheRuin","p2":"Jkhiii","format":"[Gen 9] National Dex Doubles","log":"|j|\u2606LightOfTheRuin\n|j|\u2606Jkhiii\n|t:|1696388141\n|gametype|doubles\n|player|p1|LightOfTheRuin|wallace|1129\n|player|p2|Jkhiii|zinzolin|1050\n|teamsize|p1|6\n|teamsize|p2|6\n|gen|9\n|tier|[Gen 9] National Dex Doubles\n|rated|\n|rule|HP Percentage Mod: HP is shown in percentages\n|rule|Endless Battle Clause: Forcing endless battles is banned\n|rule|OHKO Clause: OHKO moves are banned\n|rule|Evasion Moves Clause: Evasion moves are banned\n|rule|Evasion Abilities Clause: Evasion abilities are banned\n|rule|Species Clause: Limit one of each Pok\u00e9mon\n|rule|Gravity Sleep Clause: The combination of sleep-inducing moves with imperfect accuracy and Gravity or Gigantamax Orbeetle are banned\n|clearpoke\n|poke|p1|Electivire, M|\n|poke|p1|Electabuzz, F|\n|poke|p1|Ursaluna-Bloodmoon, M|\n|poke|p1|Basculegion-F, F|\n|poke|p1|Fezandipiti, M|\n|poke|p1|Ribombee, F|\n|poke|p2|Mismagius, M|\n|poke|p2|Muk-Alola, F|\n|poke|p2|Lilligant-Hisui, F|\n|poke|p2|Dipplin, M|\n|poke|p2|Rillaboom, F|\n|poke|p2|Umbreon, M|\n|teampreview\n|\n|t:|1696388165\n|start\n|switch|p1a: sleeper build|Electabuzz, F|100\/100\n|switch|p1b: fatty|Electivire, M|100\/100\n|switch|p2a: Lilligant|Lilligant-Hisui, F|100\/100\n|switch|p2b: Dipplin|Dipplin, M|100\/100\n|-ability|p2b: Dipplin|Supersweet Syrup\n|-ability|p2b: Dipplin|Supersweet Syrup|boost\n|-unboost|p1a: sleeper build|evasion|1\n|-unboost|p1b: fatty|evasion|1\n|turn|1\n|\n|t:|1696388188\n|move|p1a: sleeper build|Discharge|p2a: Lilligant|[spread] p2a,p2b\n|-ability|p1b: fatty|Motor Drive|boost\n|-boost|p1b: fatty|spe|1\n|-resisted|p2a: Lilligant\n|-resisted|p2b: Dipplin\n|-damage|p2a: Lilligant|89\/100\n|-damage|p2b: Dipplin|98\/100\n|move|p1b: fatty|Power-Up Punch|p2a: Lilligant\n|-damage|p2a: Lilligant|72\/100\n|-boost|p1b: fatty|atk|1\n|move|p2a: Lilligant|Victory Dance|p2a: Lilligant\n|-boost|p2a: Lilligant|atk|1\n|-boost|p2a: Lilligant|def|1\n|-boost|p2a: Lilligant|spe|1\n|move|p2b: Dipplin|Syrup Bomb|p1b: fatty\n|-damage|p1b: fatty|71\/100\n|-start|p1b: fatty|Syrup Bomb\n|\n|-unboost|p1b: fatty|spe|1\n|upkeep\n|turn|2\n|\n|t:|1696388235\n|move|p1a: sleeper build|Follow Me|p1a: sleeper build\n|-singleturn|p1a: sleeper build|move: Follow Me\n|move|p2a: Lilligant|Victory Dance|p2a: Lilligant\n|-boost|p2a: Lilligant|atk|1\n|-boost|p2a: Lilligant|def|1\n|-boost|p2a: Lilligant|spe|1\n|move|p1b: fatty|Power-Up Punch|p2a: Lilligant\n|-damage|p2a: Lilligant|60\/100\n|-boost|p1b: fatty|atk|1\n|move|p2b: Dipplin|Syrup Bomb|p1a: sleeper build\n|-damage|p1a: sleeper build|83\/100\n|-start|p1a: sleeper build|Syrup Bomb\n|\n|-unboost|p1a: sleeper build|spe|1\n|-unboost|p1b: fatty|spe|1\n|upkeep\n|turn|3\n|inactive|Battle timer is ON: inactive players will automatically lose when time's up. (requested by Jkhiii)\n|\n|t:|1696388263\n|move|p2a: Lilligant|Victory Dance|p2a: Lilligant\n|-boost|p2a: Lilligant|atk|1\n|-boost|p2a: Lilligant|def|1\n|-boost|p2a: Lilligant|spe|1\n|move|p1a: sleeper build|Discharge|p2b: Dipplin|[spread] p2a,p2b\n|-ability|p1b: fatty|Motor Drive|boost\n|-boost|p1b: fatty|spe|1\n|-resisted|p2a: Lilligant\n|-crit|p2a: Lilligant\n|-resisted|p2b: Dipplin\n|-damage|p2a: Lilligant|43\/100\n|-damage|p2b: Dipplin|94\/100\n|move|p1b: fatty|Power-Up Punch|p2a: Lilligant\n|-crit|p2a: Lilligant\n|-damage|p2a: Lilligant|0 fnt\n|-boost|p1b: fatty|atk|1\n|faint|p2a: Lilligant\n|move|p2b: Dipplin|Energy Ball|p1b: fatty\n|-damage|p1b: fatty|28\/100\n|\n|-end|p1b: fatty|Syrup Bomb\n|-unboost|p1a: sleeper build|spe|1\n|upkeep\n|\n|t:|1696388284\n|switch|p2a: Rillaboom|Rillaboom, F|100\/100\n|-fieldstart|move: Grassy Terrain|[from] ability: Grassy Surge|[of] p2a: Rillaboom\n|turn|4\n|\n|t:|1696388301\n|move|p1a: sleeper build|Follow Me|p1a: sleeper build\n|-singleturn|p1a: sleeper build|move: Follow Me\n|move|p2a: Rillaboom|Grassy Glide|p1a: sleeper build\n|-damage|p1a: sleeper build|46\/100\n|move|p1b: fatty|Power-Up Punch|p2a: Rillaboom\n|-damage|p2a: Rillaboom|67\/100\n|-boost|p1b: fatty|atk|1\n|move|p2b: Dipplin|Syrup Bomb|p1a: sleeper build\n|-damage|p1a: sleeper build|24\/100\n|\n|-heal|p1b: fatty|34\/100|[from] Grassy Terrain\n|-heal|p2a: Rillaboom|73\/100|[from] Grassy Terrain\n|-heal|p2a: Rillaboom|79\/100|[from] item: Leftovers\n|-heal|p1a: sleeper build|30\/100|[from] Grassy Terrain\n|-heal|p2b: Dipplin|99\/100|[from] Grassy Terrain\n|-end|p1a: sleeper build|Syrup Bomb\n|upkeep\n|turn|5\n|\n|t:|1696388327\n|move|p1a: sleeper build|Follow Me|p1a: sleeper build\n|-singleturn|p1a: sleeper build|move: Follow Me\n|move|p1b: fatty|Power-Up Punch|p2a: Rillaboom\n|-damage|p2a: Rillaboom|42\/100\n|-boost|p1b: fatty|atk|1\n|move|p2a: Rillaboom|Bulk Up|p2a: Rillaboom\n|-boost|p2a: Rillaboom|atk|1\n|-boost|p2a: Rillaboom|def|1\n|move|p2b: Dipplin|Energy Ball|p1a: sleeper build\n|-damage|p1a: sleeper build|0 fnt\n|faint|p1a: sleeper build\n|\n|-heal|p1b: fatty|40\/100|[from] Grassy Terrain\n|-heal|p2a: Rillaboom|48\/100|[from] Grassy Terrain\n|-heal|p2a: Rillaboom|54\/100|[from] item: Leftovers\n|-heal|p2b: Dipplin|100\/100|[from] Grassy Terrain\n|upkeep\n|inactive|LightOfTheRuin has 120 seconds left.\n|\n|t:|1696388343\n|switch|p1a: flamINGO|Fezandipiti, M|100\/100\n|turn|6\n|\n|t:|1696388359\n|-terastallize|p2a: Rillaboom|Rock\n|move|p1b: fatty|Protect|p1b: fatty\n|-singleturn|p1b: fatty|Protect\n|move|p1a: flamINGO|Icy Wind|p2a: Rillaboom|[spread] p2a,p2b\n|-supereffective|p2b: Dipplin\n|-damage|p2a: Rillaboom|46\/100\n|-damage|p2b: Dipplin|76\/100\n|-unboost|p2a: Rillaboom|spe|1\n|-unboost|p2b: Dipplin|spe|1\n|move|p2a: Rillaboom|Bulk Up|p2a: Rillaboom\n|-boost|p2a: Rillaboom|atk|1\n|-boost|p2a: Rillaboom|def|1\n|move|p2b: Dipplin|Syrup Bomb|p1b: fatty\n|-activate|p1b: fatty|move: Protect\n|\n|-heal|p1b: fatty|46\/100|[from] Grassy Terrain\n|-heal|p2a: Rillaboom|52\/100|[from] Grassy Terrain\n|-heal|p2a: Rillaboom|58\/100|[from] item: Leftovers\n|-heal|p2b: Dipplin|82\/100|[from] Grassy Terrain\n|upkeep\n|turn|7\n|\n|t:|1696388383\n|move|p1a: flamINGO|Icy Wind|p2b: Dipplin|[spread] p2a,p2b\n|-supereffective|p2b: Dipplin\n|-damage|p2a: Rillaboom|49\/100\n|-damage|p2b: Dipplin|57\/100\n|-unboost|p2a: Rillaboom|spe|1\n|-unboost|p2b: Dipplin|spe|1\n|move|p1b: fatty|Power-Up Punch|p2a: Rillaboom\n|-supereffective|p2a: Rillaboom\n|-damage|p2a: Rillaboom|0 fnt\n|-boost|p1b: fatty|atk|1\n|faint|p2a: Rillaboom\n|move|p2b: Dipplin|Syrup Bomb|p1a: flamINGO\n|-resisted|p1a: flamINGO\n|-damage|p1a: flamINGO|89\/100\n|-start|p1a: flamINGO|Syrup Bomb\n|\n|-heal|p1a: flamINGO|95\/100|[from] Grassy Terrain\n|-heal|p1a: flamINGO|100\/100|[from] item: Black Sludge\n|-heal|p1b: fatty|52\/100|[from] Grassy Terrain\n|-heal|p2b: Dipplin|63\/100|[from] Grassy Terrain\n|-unboost|p1a: flamINGO|spe|1\n|upkeep\n|inactive|Jkhiii has 120 seconds left.\n|\n|t:|1696388402\n|switch|p2a: Muk|Muk-Alola, F|100\/100\n|turn|8\n|inactive|LightOfTheRuin has 120 seconds left.\n|\n|t:|1696388434\n|move|p1b: fatty|Thunder Punch|p2a: Muk\n|-damage|p2a: Muk|0 fnt\n|faint|p2a: Muk\n|move|p1a: flamINGO|Icy Wind|p2b: Dipplin\n|-supereffective|p2b: Dipplin\n|-crit|p2b: Dipplin\n|-damage|p2b: Dipplin|15\/100\n|-unboost|p2b: Dipplin|spe|1\n|move|p2b: Dipplin|Syrup Bomb|p1b: fatty\n|-damage|p1b: fatty|13\/100\n|-start|p1b: fatty|Syrup Bomb\n|\n|-heal|p1b: fatty|19\/100|[from] Grassy Terrain\n|-heal|p2b: Dipplin|21\/100|[from] Grassy Terrain\n|-unboost|p1b: fatty|spe|1\n|-unboost|p1a: flamINGO|spe|1\n|-fieldend|move: Grassy Terrain\n|upkeep\n|\n|t:|1696388451\n|switch|p2a: Umbreon|Umbreon, M|100\/100\n|turn|9\n|\n|t:|1696388474\n|move|p1b: fatty|Power-Up Punch|p2a: Umbreon\n|-supereffective|p2a: Umbreon\n|-damage|p2a: Umbreon|1\/100\n|move|p2a: Umbreon|Foul Play|p1b: fatty\n|-damage|p1b: fatty|0 fnt\n|faint|p1b: fatty\n|move|p1a: flamINGO|Icy Wind|p2a: Umbreon|[spread] p2a,p2b\n|-supereffective|p2b: Dipplin\n|-damage|p2a: Umbreon|0 fnt\n|-damage|p2b: Dipplin|0 fnt\n|faint|p2a: Umbreon\n|faint|p2b: Dipplin\n|\n|-end|p1a: flamINGO|Syrup Bomb\n|upkeep\n|-message|Jkhiii forfeited.\n|\n|win|LightOfTheRuin\n|raw|LightOfTheRuin's rating: 1129 &rarr; <strong>1148<\/strong><br \/>(+19 for winning)\n|raw|Jkhiii's rating: 1050 &rarr; <strong>1036<\/strong><br \/>(-14 for losing)\n|l|\u2606Jkhiii\n","uploadtime":1696388490,"views":10,"p1id":"lightoftheruin","p2id":"jkhiii","formatid":"gen9nationaldexdoubles","rating":1036,"private":0,"password":""}