{"id":"gen9nationaldexdoubles-1999907834","p1":"ShadowFan134","p2":"GottaGoFast101","format":"[Gen 9] National Dex Doubles","log":"|j|\u2606ShadowFan134\n|j|\u2606GottaGoFast101\n|t:|1701128746\n|gametype|doubles\n|player|p1|ShadowFan134|marlon|\n|player|p2|GottaGoFast101|2|\n|teamsize|p1|6\n|teamsize|p2|6\n|gen|9\n|tier|[Gen 9] National Dex Doubles\n|rule|HP Percentage Mod: HP is shown in percentages\n|rule|Endless Battle Clause: Forcing endless battles is banned\n|rule|OHKO Clause: OHKO moves are banned\n|rule|Evasion Moves Clause: Evasion moves are banned\n|rule|Evasion Abilities Clause: Evasion abilities are banned\n|rule|Species Clause: Limit one of each Pok\u00e9mon\n|rule|Gravity Sleep Clause: The combination of sleep-inducing moves with imperfect accuracy and Gravity or Gigantamax Orbeetle are banned\n|clearpoke\n|poke|p1|Pincurchin, M|\n|poke|p1|Lanturn, M|\n|poke|p1|Vikavolt, M|\n|poke|p1|Toxtricity, M|\n|poke|p1|Dracozolt|\n|poke|p1|Boltund, M|\n|poke|p2|Pikachu, M|\n|poke|p2|Lucario, F|\n|poke|p2|Gengar, M|\n|poke|p2|Garchomp, F|\n|poke|p2|Charizard, M|\n|poke|p2|Snorlax, M|\n|teampreview\n|inactive|Battle timer is ON: inactive players will automatically lose when time's up. (requested by ShadowFan134)\n|\n|t:|1701128754\n|start\n|switch|p1a: Pincurchin|Pincurchin, M|100\/100\n|switch|p1b: Lanturn|Lanturn, M|100\/100\n|switch|p2a: strict FATASS|Snorlax, M, shiny|100\/100\n|switch|p2b: sonic the 5th|Garchomp, F, shiny|100\/100\n|-fieldstart|move: Electric Terrain|[from] ability: Electric Surge|[of] p1a: Pincurchin\n|turn|1\n|\n|t:|1701128775\n|move|p2b: sonic the 5th|Dragon Claw|p1b: Lanturn\n|-damage|p1b: Lanturn|54\/100\n|move|p1b: Lanturn|Whirlpool|p2a: strict FATASS\n|-damage|p2a: strict FATASS|92\/100\n|-activate|p2a: strict FATASS|move: Whirlpool|[of] p1b: Lanturn\n|move|p2a: strict FATASS|Heat Crash|p1a: Pincurchin\n|-damage|p1a: Pincurchin|26\/100\n|move|p1a: Pincurchin|Liquidation|p2b: sonic the 5th\n|-damage|p2b: sonic the 5th|73\/100\n|-damage|p1a: Pincurchin|13\/100|[from] ability: Rough Skin|[of] p2b: sonic the 5th\n|\n|-damage|p2a: strict FATASS|80\/100|[from] move: Whirlpool|[partiallytrapped]\n|upkeep\n|turn|2\n|\n|t:|1701128801\n|move|p2b: sonic the 5th|Dragon Claw|p1b: Lanturn\n|-damage|p1b: Lanturn|5\/100\n|move|p1b: Lanturn|Ice Beam|p2b: sonic the 5th\n|-supereffective|p2b: sonic the 5th\n|-crit|p2b: sonic the 5th\n|-damage|p2b: sonic the 5th|0 fnt\n|faint|p2b: sonic the 5th\n|move|p2a: strict FATASS|Heat Crash|p1b: Lanturn\n|-resisted|p1b: Lanturn\n|-damage|p1b: Lanturn|0 fnt\n|faint|p1b: Lanturn\n|move|p1a: Pincurchin|Poison Jab|p2a: strict FATASS\n|-damage|p2a: strict FATASS|54\/100\n|\n|-end|p2a: strict FATASS|Whirlpool|[partiallytrapped]|[silent]\n|upkeep\n|\n|t:|1701128816\n|switch|p2b: sonic the 4th|Gengar, M, shiny|100\/100\n|switch|p1b: Vikavolt|Vikavolt, M|100\/100\n|turn|3\n|\n|t:|1701128833\n|move|p2b: sonic the 4th|Energy Ball|p1b: Vikavolt\n|-resisted|p1b: Vikavolt\n|-damage|p1b: Vikavolt|86\/100\n|move|p1b: Vikavolt|Sticky Web|p2a: strict FATASS\n|-sidestart|p2: GottaGoFast101|move: Sticky Web\n|move|p2a: strict FATASS|Heat Crash|p1a: Pincurchin\n|-damage|p1a: Pincurchin|0 fnt\n|faint|p1a: Pincurchin\n|\n|upkeep\n|\n|t:|1701128843\n|switch|p1a: Dracozolt|Dracozolt|100\/100\n|turn|4\n|\n|t:|1701128855\n|move|p2b: sonic the 4th|Zap Cannon|p1a: Dracozolt\n|-immune|p1a: Dracozolt|[from] ability: Volt Absorb\n|move|p1a: Dracozolt|Fire Spin|p2b: sonic the 4th\n|-damage|p2b: sonic the 4th|92\/100\n|-activate|p2b: sonic the 4th|move: Fire Spin|[of] p1a: Dracozolt\n|move|p1b: Vikavolt|Bug Buzz|p2a: strict FATASS\n|-damage|p2a: strict FATASS|21\/100\n|move|p2a: strict FATASS|Heat Crash|p1a: Dracozolt\n|-resisted|p1a: Dracozolt\n|-damage|p1a: Dracozolt|85\/100\n|\n|-damage|p2b: sonic the 4th|76\/100|[from] move: Fire Spin|[partiallytrapped]\n|upkeep\n|turn|5\n|\n|t:|1701128877\n|move|p2b: sonic the 4th|Zap Cannon|p1b: Vikavolt|[miss]\n|-miss|p2b: sonic the 4th|p1b: Vikavolt\n|move|p1a: Dracozolt|Bolt Beak|p2b: sonic the 4th\n|-damage|p2b: sonic the 4th|0 fnt\n|faint|p2b: sonic the 4th\n|move|p1b: Vikavolt|Discharge|p2a: strict FATASS|[spread] p2a\n|-heal|p1a: Dracozolt|100\/100|[from] ability: Volt Absorb|[of] p1b: Vikavolt\n|-damage|p2a: strict FATASS|0 fnt\n|faint|p2a: strict FATASS\n|\n|upkeep\n|\n|t:|1701128891\n|switch|p2b: sonic the 3rd|Lucario, F, shiny|100\/100\n|switch|p2a: Sonic the 2nd|Pikachu, M|100\/100\n|-activate|p2b: sonic the 3rd|move: Sticky Web\n|-unboost|p2b: sonic the 3rd|spe|1\n|-activate|p2a: Sonic the 2nd|move: Sticky Web\n|-unboost|p2a: Sonic the 2nd|spe|1\n|turn|6\n|\n|t:|1701128915\n|move|p2b: sonic the 3rd|Blaze Kick|p1a: Dracozolt\n|-resisted|p1a: Dracozolt\n|-crit|p1a: Dracozolt\n|-damage|p1a: Dracozolt|82\/100\n|move|p2a: Sonic the 2nd|Thunderbolt|p1b: Vikavolt\n|-resisted|p1b: Vikavolt\n|-damage|p1b: Vikavolt|73\/100\n|move|p1a: Dracozolt|Fire Spin|p2b: sonic the 3rd\n|-supereffective|p2b: sonic the 3rd\n|-damage|p2b: sonic the 3rd|78\/100\n|-activate|p2b: sonic the 3rd|move: Fire Spin|[of] p1a: Dracozolt\n|move|p1b: Vikavolt|Bug Buzz|p2a: Sonic the 2nd\n|-crit|p2a: Sonic the 2nd\n|-damage|p2a: Sonic the 2nd|0 fnt\n|faint|p2a: Sonic the 2nd\n|\n|-damage|p2b: sonic the 3rd|61\/100|[from] move: Fire Spin|[partiallytrapped]\n|upkeep\n|\n|t:|1701128931\n|switch|p2a: sonic the 6th|Charizard, M, shiny|100\/100\n|turn|7\n|\n|t:|1701128943\n|move|p2a: sonic the 6th|Blaze Kick|p1b: Vikavolt\n|-supereffective|p1b: Vikavolt\n|-damage|p1b: Vikavolt|5\/100\n|-damage|p2a: sonic the 6th|84\/100|[from] item: Rocky Helmet|[of] p1b: Vikavolt\n|move|p2b: sonic the 3rd|Blaze Kick|p1b: Vikavolt|[miss]\n|-miss|p2b: sonic the 3rd|p1b: Vikavolt\n|move|p1a: Dracozolt|Ancient Power|p2a: sonic the 6th\n|-supereffective|p2a: sonic the 6th\n|-damage|p2a: sonic the 6th|26\/100\n|move|p1b: Vikavolt|Discharge|p2b: sonic the 3rd|[spread] p2a,p2b\n|-heal|p1a: Dracozolt|100\/100|[from] ability: Volt Absorb|[of] p1b: Vikavolt\n|-supereffective|p2a: sonic the 6th\n|-damage|p2a: sonic the 6th|0 fnt\n|-damage|p2b: sonic the 3rd|0 fnt\n|faint|p2a: sonic the 6th\n|faint|p2b: sonic the 3rd\n|\n|win|ShadowFan134\n|c|\u2606ShadowFan134|gg\n|c|\u2606ShadowFan134|L + Ratio\n","uploadtime":1701128994,"views":0,"p1id":"shadowfan134","p2id":"gottagofast101","formatid":"gen9nationaldexdoubles","rating":0,"private":0,"password":""}