{"id":"gen9nationaldexdoubles-1961957362","p1":"Gumbus wumbus","p2":"cediedesu","format":"[Gen 9] National Dex Doubles","log":"|j|\u2606Gumbus wumbus\n|j|\u2606cediedesu\n|t:|1696692897\n|gametype|doubles\n|player|p1|Gumbus wumbus|clown|\n|player|p2|cediedesu|veteran|\n|teamsize|p1|6\n|teamsize|p2|6\n|gen|9\n|tier|[Gen 9] National Dex Doubles\n|rule|HP Percentage Mod: HP is shown in percentages\n|rule|Endless Battle Clause: Forcing endless battles is banned\n|rule|OHKO Clause: OHKO moves are banned\n|rule|Evasion Moves Clause: Evasion moves are banned\n|rule|Evasion Abilities Clause: Evasion abilities are banned\n|rule|Species Clause: Limit one of each Pok\u00e9mon\n|rule|Gravity Sleep Clause: The combination of sleep-inducing moves with imperfect accuracy and Gravity or Gigantamax Orbeetle are banned\n|clearpoke\n|poke|p1|Alomomola, M|\n|poke|p1|Cinderace, M|\n|poke|p1|Breloom, M|\n|poke|p1|Garganacl, F|\n|poke|p1|Dachsbun, F|\n|poke|p1|Kingambit, F|\n|poke|p2|Amoonguss, F|\n|poke|p2|Ferrothorn, M|\n|poke|p2|Haxorus, M|\n|poke|p2|Seismitoad, F|\n|poke|p2|Archeops, F|\n|poke|p2|Hydreigon, M|\n|teampreview\n|inactive|Battle timer is ON: inactive players will automatically lose when time's up. (requested by cediedesu)\n|\n|t:|1696692912\n|start\n|switch|p1a: Salt|Alomomola, M, shiny|100\/100\n|switch|p1b: Ginger|Garganacl, F, shiny|100\/100\n|switch|p2a: Seismitoad|Seismitoad, F|100\/100\n|switch|p2b: Ferrothorn|Ferrothorn, M|100\/100\n|turn|1\n|\n|t:|1696692937\n|move|p2a: Seismitoad|Liquidation|p1b: Ginger\n|-supereffective|p1b: Ginger\n|-damage|p1b: Ginger|51\/100\n|-unboost|p1b: Ginger|def|1\n|move|p1a: Salt|Play Rough|p2a: Seismitoad\n|-damage|p2a: Seismitoad|85\/100\n|move|p1b: Ginger|Salt Cure|p2b: Ferrothorn\n|-resisted|p2b: Ferrothorn\n|-damage|p2b: Ferrothorn|96\/100\n|-start|p2b: Ferrothorn|Salt Cure\n|move|p2b: Ferrothorn|Leech Seed|p1a: Salt\n|-start|p1a: Salt|move: Leech Seed\n|\n|-heal|p1b: Ginger|58\/100|[from] item: Leftovers\n|-heal|p2b: Ferrothorn|100\/100|[from] item: Leftovers\n|-damage|p1a: Salt|88\/100|[from] Leech Seed|[of] p2b: Ferrothorn\n|-damage|p2b: Ferrothorn|76\/100|[from] Salt Cure\n|upkeep\n|turn|2\n|\n|t:|1696692960\n|switch|p1a: Cloves|Breloom, M, shiny|100\/100\n|move|p1b: Ginger|Protect|p1b: Ginger\n|-singleturn|p1b: Ginger|Protect\n|move|p2b: Ferrothorn|Protect|p2b: Ferrothorn\n|-singleturn|p2b: Ferrothorn|Protect\n|move|p2a: Seismitoad|Earthquake|p1b: Ginger|[spread] p1a\n|-activate|p2b: Ferrothorn|move: Protect\n|-activate|p1b: Ginger|move: Protect\n|-resisted|p1a: Cloves\n|-damage|p1a: Cloves|74\/100\n|\n|-heal|p1b: Ginger|64\/100|[from] item: Leftovers\n|-heal|p2b: Ferrothorn|82\/100|[from] item: Leftovers\n|-damage|p2b: Ferrothorn|57\/100|[from] Salt Cure\n|-status|p1a: Cloves|tox|[from] item: Toxic Orb\n|upkeep\n|turn|3\n|\n|t:|1696692985\n|switch|p2a: Amoonguss|Amoonguss, F|100\/100\n|switch|p2b: Archeops|Archeops, F|100\/100\n|move|p1a: Cloves|Seed Bomb|p2a: Amoonguss\n|-resisted|p2a: Amoonguss\n|-damage|p2a: Amoonguss|90\/100\n|move|p1b: Ginger|Recover|p1b: Ginger\n|-heal|p1b: Ginger|100\/100\n|\n|-heal|p1a: Cloves|86\/100 tox|[from] ability: Poison Heal\n|upkeep\n|turn|4\n|\n|t:|1696693011\n|move|p1a: Cloves|Protect|p1a: Cloves\n|-singleturn|p1a: Cloves|Protect\n|move|p2a: Amoonguss|Rage Powder|p2a: Amoonguss\n|-singleturn|p2a: Amoonguss|move: Rage Powder\n|move|p2b: Archeops|Acrobatics|p1a: Cloves\n|-activate|p1a: Cloves|move: Protect\n|move|p1b: Ginger|Salt Cure|p2a: Amoonguss\n|-damage|p2a: Amoonguss|77\/100\n|-start|p2a: Amoonguss|Salt Cure\n|\n|-heal|p1a: Cloves|99\/100 tox|[from] ability: Poison Heal\n|-damage|p2a: Amoonguss|64\/100|[from] Salt Cure\n|upkeep\n|turn|5\n|\n|t:|1696693039\n|move|p2b: Archeops|Acrobatics|p1a: Cloves\n|-supereffective|p1a: Cloves\n|-damage|p1a: Cloves|0 fnt\n|faint|p1a: Cloves\n|move|p1b: Ginger|Salt Cure|p2b: Archeops\n|-supereffective|p2b: Archeops\n|-damage|p2b: Archeops|48\/100\n|-start|p2b: Archeops|Salt Cure\n|move|p2a: Amoonguss|Spore|p1b: Ginger\n|-immune|p1b: Ginger|[from] ability: Purifying Salt\n|\n|-damage|p2b: Archeops|36\/100|[from] Salt Cure\n|-damage|p2a: Amoonguss|52\/100|[from] Salt Cure\n|upkeep\n|\n|t:|1696693053\n|switch|p1a: Salt|Alomomola, M, shiny|100\/100\n|turn|6\n|\n|t:|1696693066\n|move|p2a: Amoonguss|Rage Powder|p2a: Amoonguss\n|-singleturn|p2a: Amoonguss|move: Rage Powder\n|move|p1a: Salt|Aqua Jet|p2a: Amoonguss\n|-resisted|p2a: Amoonguss\n|-damage|p2a: Amoonguss|46\/100\n|-damage|p1a: Salt|84\/100|[from] item: Rocky Helmet|[of] p2a: Amoonguss\n|move|p2b: Archeops|U-turn|p1a: Salt\n|-damage|p1a: Salt|76\/100\n|\n|t:|1696693075\n|switch|p2b: Ferrothorn|Ferrothorn, M|57\/100|[from] U-turn\n|move|p1b: Ginger|Salt Cure|p2a: Amoonguss\n|-damage|p2a: Amoonguss|33\/100\n|\n|-heal|p2b: Ferrothorn|63\/100|[from] item: Leftovers\n|-damage|p2a: Amoonguss|20\/100|[from] Salt Cure\n|upkeep\n|turn|7\n|\n|t:|1696693098\n|move|p2a: Amoonguss|Rage Powder|p2a: Amoonguss\n|-singleturn|p2a: Amoonguss|move: Rage Powder\n|move|p1a: Salt|Play Rough|p2a: Amoonguss\n|-resisted|p2a: Amoonguss\n|-damage|p2a: Amoonguss|12\/100\n|-damage|p1a: Salt|60\/100|[from] item: Rocky Helmet|[of] p2a: Amoonguss\n|move|p1b: Ginger|Body Press|p2a: Amoonguss\n|-resisted|p2a: Amoonguss\n|-damage|p2a: Amoonguss|4\/100\n|-damage|p1b: Ginger|84\/100|[from] item: Rocky Helmet|[of] p2a: Amoonguss\n|move|p2b: Ferrothorn|Leech Seed|p1b: Ginger\n|-start|p1b: Ginger|move: Leech Seed\n|\n|-heal|p1b: Ginger|90\/100|[from] item: Leftovers\n|-heal|p2b: Ferrothorn|69\/100|[from] item: Leftovers\n|-damage|p1b: Ginger|78\/100|[from] Leech Seed|[of] p2b: Ferrothorn\n|-heal|p2b: Ferrothorn|83\/100|[silent]\n|-damage|p2a: Amoonguss|0 fnt|[from] Salt Cure\n|faint|p2a: Amoonguss\n|upkeep\n|inactive|cediedesu has 270 seconds left.\n|\n|t:|1696693124\n|switch|p2a: Archeops|Archeops, F|36\/100\n|turn|8\n|inactive|cediedesu has 270 seconds left.\n|\n|t:|1696693145\n|move|p1a: Salt|Aqua Jet|p2a: Archeops\n|-supereffective|p2a: Archeops\n|-damage|p2a: Archeops|0 fnt\n|faint|p2a: Archeops\n|move|p1b: Ginger|Salt Cure|p2b: Ferrothorn\n|-resisted|p2b: Ferrothorn\n|-damage|p2b: Ferrothorn|79\/100\n|-start|p2b: Ferrothorn|Salt Cure\n|move|p2b: Ferrothorn|Body Press|p1b: Ginger\n|-supereffective|p1b: Ginger\n|-damage|p1b: Ginger|20\/100\n|\n|-heal|p1b: Ginger|26\/100|[from] item: Leftovers\n|-heal|p2b: Ferrothorn|85\/100|[from] item: Leftovers\n|-damage|p1b: Ginger|14\/100|[from] Leech Seed|[of] p2b: Ferrothorn\n|-heal|p2b: Ferrothorn|99\/100|[silent]\n|-damage|p2b: Ferrothorn|75\/100|[from] Salt Cure\n|upkeep\n|inactive|cediedesu has 270 seconds left.\n|\n|t:|1696693163\n|switch|p2a: Haxorus|Haxorus, M|100\/100\n|-ability|p2a: Haxorus|Mold Breaker\n|turn|9\n|\n|t:|1696693172\n|switch|p1b: littlest of guys|Dachsbun, F, shiny|100\/100\n|move|p2a: Haxorus|Dragon Dance|p2a: Haxorus\n|-boost|p2a: Haxorus|atk|1\n|-boost|p2a: Haxorus|spe|1\n|move|p1a: Salt|Play Rough|p2a: Haxorus|[miss]\n|-miss|p1a: Salt|p2a: Haxorus\n|move|p2b: Ferrothorn|Leech Seed|p1a: Salt\n|-start|p1a: Salt|move: Leech Seed\n|\n|-heal|p2b: Ferrothorn|81\/100|[from] item: Leftovers\n|-damage|p1a: Salt|47\/100|[from] Leech Seed|[of] p2b: Ferrothorn\n|-heal|p2b: Ferrothorn|98\/100|[silent]\n|-damage|p2b: Ferrothorn|73\/100|[from] Salt Cure\n|upkeep\n|turn|10\n|inactive|Gumbus wumbus has 270 seconds left.\n|inactive|cediedesu has 270 seconds left.\n|\n|t:|1696693225\n|switch|p1a: Mace|Kingambit, F, shiny|100\/100\n|move|p2a: Haxorus|Close Combat|p1b: littlest of guys\n|-resisted|p1b: littlest of guys\n|-damage|p1b: littlest of guys|58\/100\n|-unboost|p2a: Haxorus|def|1\n|-unboost|p2a: Haxorus|spd|1\n|-damage|p2a: Haxorus|84\/100|[from] item: Rocky Helmet|[of] p1b: littlest of guys\n|-damage|p2a: Haxorus|74\/100|[from] item: Life Orb\n|move|p2b: Ferrothorn|Stealth Rock|p1b: littlest of guys\n|-sidestart|p1: Gumbus wumbus|move: Stealth Rock\n|move|p1b: littlest of guys|Roar|p2a: Haxorus\n|drag|p2a: Seismitoad|Seismitoad, F|85\/100\n|\n|-heal|p2b: Ferrothorn|79\/100|[from] item: Leftovers\n|-damage|p2b: Ferrothorn|54\/100|[from] Salt Cure\n|upkeep\n|turn|11\n|inactive|Gumbus wumbus has 270 seconds left.\n|inactive|cediedesu has 270 seconds left.\n|\n|t:|1696693256\n|move|p2b: Ferrothorn|Protect|p2b: Ferrothorn\n|-singleturn|p2b: Ferrothorn|Protect\n|move|p1b: littlest of guys|Body Press|p2a: Seismitoad\n|-damage|p2a: Seismitoad|62\/100\n|move|p1a: Mace|Kowtow Cleave|p2a: Seismitoad\n|-damage|p2a: Seismitoad|0 fnt\n|faint|p2a: Seismitoad\n|-damage|p1a: Mace|91\/100|[from] item: Life Orb\n|\n|-heal|p2b: Ferrothorn|60\/100|[from] item: Leftovers\n|-damage|p2b: Ferrothorn|36\/100|[from] Salt Cure\n|upkeep\n|inactive|cediedesu has 270 seconds left.\n|\n|t:|1696693273\n|switch|p2a: Haxorus|Haxorus, M|74\/100\n|-ability|p2a: Haxorus|Mold Breaker\n|turn|12\n|\n|t:|1696693282\n|move|p2a: Haxorus|Close Combat|p1a: Mace\n|-supereffective|p1a: Mace\n|-damage|p1a: Mace|0 fnt\n|-unboost|p2a: Haxorus|def|1\n|-unboost|p2a: Haxorus|spd|1\n|faint|p1a: Mace\n|-damage|p2a: Haxorus|64\/100|[from] item: Life Orb\n|move|p1b: littlest of guys|Play Rough|p2a: Haxorus\n|-supereffective|p2a: Haxorus\n|-crit|p2a: Haxorus\n|-damage|p2a: Haxorus|0 fnt\n|faint|p2a: Haxorus\n|move|p2b: Ferrothorn|Leech Seed|p1b: littlest of guys\n|-start|p1b: littlest of guys|move: Leech Seed\n|\n|-heal|p2b: Ferrothorn|42\/100|[from] item: Leftovers\n|-damage|p1b: littlest of guys|46\/100|[from] Leech Seed|[of] p2b: Ferrothorn\n|-heal|p2b: Ferrothorn|53\/100|[silent]\n|-damage|p2b: Ferrothorn|28\/100|[from] Salt Cure\n|upkeep\n|\n|t:|1696693302\n|switch|p2a: Hydreigon|Hydreigon, M|100\/100\n|switch|p1a: Chayenne|Cinderace, M, shiny|100\/100\n|-damage|p1a: Chayenne|76\/100|[from] Stealth Rock\n|turn|13\n|\n|t:|1696693325\n|move|p1a: Chayenne|Fire Punch|p2b: Ferrothorn\n|-supereffective|p2b: Ferrothorn\n|-damage|p2b: Ferrothorn|0 fnt\n|-damage|p1a: Chayenne|63\/100|[from] ability: Iron Barbs|[of] p2b: Ferrothorn\n|faint|p2b: Ferrothorn\n|move|p2a: Hydreigon|Dark Pulse|p1a: Chayenne\n|-damage|p1a: Chayenne|4\/100\n|move|p1b: littlest of guys|Play Rough|p2a: Hydreigon\n|-supereffective|p2a: Hydreigon\n|-damage|p2a: Hydreigon|0 fnt\n|faint|p2a: Hydreigon\n|\n|win|Gumbus wumbus\n","uploadtime":1696693347,"views":8,"p1id":"gumbuswumbus","p2id":"cediedesu","formatid":"gen9nationaldexdoubles","rating":0,"private":0,"password":""}