{"id":"gen9nationaldexdoubles-1957186692","p1":"Anna Lisa Melculo","p2":"Lexxuus2","format":"[Gen 9] National Dex Doubles","log":"|j|\u2606Anna Lisa Melculo\n|j|\u2606Lexxuus2\n|t:|1696193800\n|gametype|doubles\n|player|p1|Anna Lisa Melculo|cyclist|\n|player|p2|Lexxuus2|veteran|\n|teamsize|p1|6\n|teamsize|p2|6\n|gen|9\n|tier|[Gen 9] National Dex Doubles\n|rule|HP Percentage Mod: HP is shown in percentages\n|rule|Endless Battle Clause: Forcing endless battles is banned\n|rule|OHKO Clause: OHKO moves are banned\n|rule|Evasion Moves Clause: Evasion moves are banned\n|rule|Evasion Abilities Clause: Evasion abilities are banned\n|rule|Species Clause: Limit one of each Pok\u00e9mon\n|rule|Gravity Sleep Clause: The combination of sleep-inducing moves with imperfect accuracy and Gravity or Gigantamax Orbeetle are banned\n|clearpoke\n|poke|p1|Torkoal, M|\n|poke|p1|Flutter Mane|\n|poke|p1|Walking Wake|\n|poke|p1|Volcanion|\n|poke|p1|Chien-Pao|\n|poke|p1|Kingambit, M|\n|poke|p2|Dragonite, F|\n|poke|p2|Chien-Pao|\n|poke|p2|Heatran, F|\n|poke|p2|Urshifu-*, F|\n|poke|p2|Amoonguss, F|\n|poke|p2|Iron Hands|\n|teampreview\n|inactive|Battle timer is ON: inactive players will automatically lose when time's up. (requested by Lexxuus2)\n|c|\u2606Anna Lisa Melculo|suerte culogrueso\n|c|\u2606Lexxuus2|Suerteculona\n|j| ELFRAN132\n|j| Znyl\n|inactive|Lexxuus2 has 270 seconds left.\n|j| LezaXYZ\n|c|\u2606Lexxuus2|It's kingambit omg\n|c| LezaXYZ|UUUh\n|c| LezaXYZ|lindos teams lleva\n|c| LezaXYZ|bueno matanza se\u00f1ores\n|c| ELFRAN132|jajaja\n|c| ELFRAN132|XD\n|inactive|Lexxuus2 has 240 seconds left.\n|c| Znyl|Vamos RH le ganas por 3 de elo actualmente as\u00ed que espero que se note esa diferencia\n|\n|t:|1696193869\n|start\n|switch|p1a: Pana Zulia|Torkoal, M|100\/100\n|switch|p1b: PeloeQk|Flutter Mane|100\/100\n|switch|p2a: Nomebaneen\ud83e\udd7a|Urshifu-Rapid-Strike, F|100\/100\n|switch|p2b: Pajasmanos\ud83e\udd11\ud83d\udd25|Iron Hands|100\/100\n|-weather|SunnyDay|[from] ability: Drought|[of] p1a: Pana Zulia\n|-activate|p1b: PeloeQk|ability: Protosynthesis\n|-start|p1b: PeloeQk|protosynthesisspe\n|turn|1\n|c| LezaXYZ|3 de elo XDDD\n|c| Znyl|xDD\n|\n|t:|1696193886\n|move|p2b: Pajasmanos\ud83e\udd11\ud83d\udd25|Fake Out|p1a: Pana Zulia\n|-damage|p1a: Pana Zulia|90\/100\n|move|p1b: PeloeQk|Dazzling Gleam|p2a: Nomebaneen\ud83e\udd7a|[spread] p2a,p2b\n|-supereffective|p2a: Nomebaneen\ud83e\udd7a\n|-supereffective|p2b: Pajasmanos\ud83e\udd11\ud83d\udd25\n|-damage|p2a: Nomebaneen\ud83e\udd7a|0 fnt\n|-damage|p2b: Pajasmanos\ud83e\udd11\ud83d\udd25|62\/100\n|faint|p2a: Nomebaneen\ud83e\udd7a\n|-damage|p1b: PeloeQk|90\/100|[from] item: Life Orb\n|cant|p1a: Pana Zulia|flinch\n|\n|-weather|SunnyDay|[upkeep]\n|upkeep\n|\n|t:|1696193895\n|switch|p2a: My Diosa\ud83e\udd75\ud83d\ude4f|Dragonite, F|100\/100\n|turn|2\n|j| 445-Garchomp\n|c| ELFRAN132|y yo pensaba que iba full chien pao y dragonite\n|\n|t:|1696193909\n|-end|p2b: Pajasmanos\ud83e\udd11\ud83d\udd25|Quark Drive|[silent]\n|switch|p2b: No Tera Grass\ud83d\udeab\ud83c\udf3f|Heatran, F|100\/100\n|-terastallize|p2a: My Diosa\ud83e\udd75\ud83d\ude4f|Normal\n|move|p1b: PeloeQk|Dazzling Gleam|p2b: No Tera Grass\ud83d\udeab\ud83c\udf3f|[spread] p2a,p2b\n|-resisted|p2b: No Tera Grass\ud83d\udeab\ud83c\udf3f\n|-damage|p2a: My Diosa\ud83e\udd75\ud83d\ude4f|67\/100\n|-damage|p2b: No Tera Grass\ud83d\udeab\ud83c\udf3f|93\/100\n|-damage|p1b: PeloeQk|80\/100|[from] item: Life Orb\n|move|p2a: My Diosa\ud83e\udd75\ud83d\ude4f|Iron Head|p1b: PeloeQk\n|-supereffective|p1b: PeloeQk\n|-damage|p1b: PeloeQk|0 fnt\n|faint|p1b: PeloeQk\n|-end|p1b: PeloeQk|Protosynthesis|[silent]\n|move|p1a: Pana Zulia|Stealth Rock|p2a: My Diosa\ud83e\udd75\ud83d\ude4f\n|-sidestart|p2: Lexxuus2|move: Stealth Rock\n|\n|-weather|SunnyDay|[upkeep]\n|upkeep\n|c| ELFRAN132|?\n|\n|t:|1696193926\n|switch|p1b: Volcanion|Volcanion|100\/100\n|turn|3\n|c| LezaXYZ|Es pq se nota que el diego es sash\n|c| ELFRAN132|lo nunca se ve trampas rocas\n|c| LezaXYZ|como todos los diegos de esta vaina xd\n|c| 445-Garchomp|waos\n|\n|t:|1696193959\n|switch|p2a: Manolo\ud83e\uddd0\ud83c\udf77|Amoonguss, F|100\/100\n|-damage|p2a: Manolo\ud83e\uddd0\ud83c\udf77|88\/100|[from] Stealth Rock\n|move|p2b: No Tera Grass\ud83d\udeab\ud83c\udf3f|Protect|p2b: No Tera Grass\ud83d\udeab\ud83c\udf3f\n|-singleturn|p2b: No Tera Grass\ud83d\udeab\ud83c\udf3f|Protect\n|move|p1b: Volcanion|Scorching Sands|p2b: No Tera Grass\ud83d\udeab\ud83c\udf3f\n|-activate|p2b: No Tera Grass\ud83d\udeab\ud83c\udf3f|move: Protect\n|move|p1a: Pana Zulia|Yawn|p2a: Manolo\ud83e\uddd0\ud83c\udf77\n|-start|p2a: Manolo\ud83e\uddd0\ud83c\udf77|move: Yawn|[of] p1a: Pana Zulia\n|\n|-weather|SunnyDay|[upkeep]\n|upkeep\n|turn|4\n|c| Znyl|Agachate y conocelo\n|c|\u2606Anna Lisa Melculo|ah un amogus\n|\n|t:|1696193987\n|move|p2a: Manolo\ud83e\uddd0\ud83c\udf77|Rage Powder|p2a: Manolo\ud83e\uddd0\ud83c\udf77\n|-singleturn|p2a: Manolo\ud83e\uddd0\ud83c\udf77|move: Rage Powder\n|move|p2b: No Tera Grass\ud83d\udeab\ud83c\udf3f|Earth Power|p1a: Pana Zulia\n|-supereffective|p1a: Pana Zulia\n|-damage|p1a: Pana Zulia|5\/100\n|-damage|p2b: No Tera Grass\ud83d\udeab\ud83c\udf3f|83\/100|[from] item: Life Orb\n|move|p1b: Volcanion|Scorching Sands|p2a: Manolo\ud83e\uddd0\ud83c\udf77\n|-damage|p2a: Manolo\ud83e\uddd0\ud83c\udf77|71\/100\n|move|p1a: Pana Zulia|Eruption|p2b: No Tera Grass\ud83d\udeab\ud83c\udf3f|[spread] p2a\n|-start|p2b: No Tera Grass\ud83d\udeab\ud83c\udf3f|ability: Flash Fire\n|-supereffective|p2a: Manolo\ud83e\uddd0\ud83c\udf77\n|-crit|p2a: Manolo\ud83e\uddd0\ud83c\udf77\n|-damage|p2a: Manolo\ud83e\uddd0\ud83c\udf77|66\/100\n|\n|-weather|SunnyDay|[upkeep]\n|-end|p2a: Manolo\ud83e\uddd0\ud83c\udf77|move: Yawn|[silent]\n|-status|p2a: Manolo\ud83e\uddd0\ud83c\udf77|slp\n|upkeep\n|turn|5\n|c|\u2606Anna Lisa Melculo|uff el da\u00f1o del eruption\n|\n|t:|1696194009\n|switch|p1a: Agua Potable|Walking Wake|100\/100\n|-activate|p1a: Agua Potable|ability: Protosynthesis\n|-start|p1a: Agua Potable|protosynthesisspe\n|switch|p2a: My Diosa\ud83e\udd75\ud83d\ude4f|Dragonite, F, tera:Normal|67\/100\n|-damage|p2a: My Diosa\ud83e\udd75\ud83d\ude4f|54\/100|[from] Stealth Rock\n|move|p2b: No Tera Grass\ud83d\udeab\ud83c\udf3f|Earth Power|p1a: Agua Potable\n|-damage|p1a: Agua Potable|53\/100\n|-damage|p2b: No Tera Grass\ud83d\udeab\ud83c\udf3f|74\/100|[from] item: Life Orb\n|move|p1b: Volcanion|Scorching Sands|p2b: No Tera Grass\ud83d\udeab\ud83c\udf3f\n|-supereffective|p2b: No Tera Grass\ud83d\udeab\ud83c\udf3f\n|-crit|p2b: No Tera Grass\ud83d\udeab\ud83c\udf3f\n|-damage|p2b: No Tera Grass\ud83d\udeab\ud83c\udf3f|0 fnt\n|faint|p2b: No Tera Grass\ud83d\udeab\ud83c\udf3f\n|\n|-weather|none\n|-end|p1a: Agua Potable|Protosynthesis\n|upkeep\n|\n|t:|1696194026\n|switch|p2b: Cheempao\ud83e\uddd0\ud83e\udd7a|Chien-Pao|100\/100\n|-damage|p2b: Cheempao\ud83e\uddd0\ud83e\udd7a|76\/100|[from] Stealth Rock\n|-ability|p2b: Cheempao\ud83e\uddd0\ud83e\udd7a|Sword of Ruin\n|turn|6\n|\n|t:|1696194035\n|-end|p1a: Agua Potable|Protosynthesis|[silent]\n|switch|p1a: Kingambit|Kingambit, M|100\/100\n|-activate|p1a: Kingambit|ability: Supreme Overlord\n|-start|p1a: Kingambit|fallen1|[silent]\n|move|p2a: My Diosa\ud83e\udd75\ud83d\ude4f|Extreme Speed|p1a: Kingambit\n|-resisted|p1a: Kingambit\n|-damage|p1a: Kingambit|65\/100\n|move|p2b: Cheempao\ud83e\uddd0\ud83e\udd7a|Sucker Punch|p1b: Volcanion\n|-damage|p1b: Volcanion|68\/100\n|move|p1b: Volcanion|Heat Wave|p2a: My Diosa\ud83e\udd75\ud83d\ude4f|[spread] p2a\n|-miss|p1b: Volcanion|p2b: Cheempao\ud83e\uddd0\ud83e\udd7a\n|-damage|p2a: My Diosa\ud83e\udd75\ud83d\ude4f|27\/100\n|\n|-heal|p1b: Volcanion|74\/100|[from] item: Leftovers\n|upkeep\n|turn|7\n|c| ELFRAN132|era al volcanio\n|c| ELFRAN132|y lo falla\n|c| ELFRAN132|god\n|c| 445-Garchomp|el guion est\u00e1 de nuestro lado papus\n|inactive|Anna Lisa Melculo has 270 seconds left.\n|\n|t:|1696194072\n|-terastallize|p1a: Kingambit|Fairy\n|move|p2a: My Diosa\ud83e\udd75\ud83d\ude4f|Extreme Speed|p1b: Volcanion\n|-damage|p1b: Volcanion|2\/100\n|move|p2b: Cheempao\ud83e\uddd0\ud83e\udd7a|Sacred Sword|p1a: Kingambit\n|-resisted|p1a: Kingambit\n|-damage|p1a: Kingambit|51\/100\n|move|p1b: Volcanion|Heat Wave|p2b: Cheempao\ud83e\uddd0\ud83e\udd7a|[spread] p2a,p2b\n|-supereffective|p2b: Cheempao\ud83e\uddd0\ud83e\udd7a\n|-damage|p2a: My Diosa\ud83e\udd75\ud83d\ude4f|2\/100\n|-damage|p2b: Cheempao\ud83e\uddd0\ud83e\udd7a|0 fnt\n|faint|p2b: Cheempao\ud83e\uddd0\ud83e\udd7a\n|move|p1a: Kingambit|Tera Blast|p2a: My Diosa\ud83e\udd75\ud83d\ude4f|[anim] Tera Blast Fairy\n|-damage|p2a: My Diosa\ud83e\udd75\ud83d\ude4f|0 fnt\n|faint|p2a: My Diosa\ud83e\udd75\ud83d\ude4f\n|\n|-heal|p1b: Volcanion|8\/100|[from] item: Leftovers\n|upkeep\n|\n|t:|1696194081\n|switch|p2b: Manolo\ud83e\uddd0\ud83c\udf77|Amoonguss, F|99\/100 slp\n|switch|p2a: Pajasmanos\ud83e\udd11\ud83d\udd25|Iron Hands|62\/100\n|-damage|p2a: Pajasmanos\ud83e\udd11\ud83d\udd25|56\/100|[from] Stealth Rock\n|-damage|p2b: Manolo\ud83e\uddd0\ud83c\udf77|87\/100 slp|[from] Stealth Rock\n|turn|8\n|c| ELFRAN132|bro\n|c|\u2606Anna Lisa Melculo|y lo aguanto olv\n|c| ELFRAN132|gg\n|\n|t:|1696194098\n|move|p1b: Volcanion|Protect|p1b: Volcanion\n|-singleturn|p1b: Volcanion|Protect\n|move|p2a: Pajasmanos\ud83e\udd11\ud83d\udd25|Fake Out|p1b: Volcanion\n|-activate|p1b: Volcanion|move: Protect\n|move|p1a: Kingambit|Tera Blast|p2a: Pajasmanos\ud83e\udd11\ud83d\udd25|[anim] Tera Blast Fairy\n|-supereffective|p2a: Pajasmanos\ud83e\udd11\ud83d\udd25\n|-damage|p2a: Pajasmanos\ud83e\udd11\ud83d\udd25|0 fnt\n|faint|p2a: Pajasmanos\ud83e\udd11\ud83d\udd25\n|-end|p2a: Pajasmanos\ud83e\udd11\ud83d\udd25|Quark Drive|[silent]\n|cant|p2b: Manolo\ud83e\uddd0\ud83c\udf77|slp\n|\n|-heal|p1b: Volcanion|14\/100|[from] item: Leftovers\n|upkeep\n|turn|9\n|c| LezaXYZ|Ay lexxus\n|c| LezaXYZ|te mandaron al anexo\n|c|\u2606Lexxuus2|PIPIPIPI\n|\n|t:|1696194120\n|cant|p2b: Manolo\ud83e\uddd0\ud83c\udf77|slp\n|move|p1b: Volcanion|Heat Wave|p2b: Manolo\ud83e\uddd0\ud83c\udf77\n|-supereffective|p2b: Manolo\ud83e\uddd0\ud83c\udf77\n|-damage|p2b: Manolo\ud83e\uddd0\ud83c\udf77|18\/100 slp\n|-enditem|p2b: Manolo\ud83e\uddd0\ud83c\udf77|Sitrus Berry|[eat]\n|-heal|p2b: Manolo\ud83e\uddd0\ud83c\udf77|43\/100 slp|[from] item: Sitrus Berry\n|move|p1a: Kingambit|Kowtow Cleave|p2b: Manolo\ud83e\uddd0\ud83c\udf77\n|-damage|p2b: Manolo\ud83e\uddd0\ud83c\udf77|0 fnt\n|faint|p2b: Manolo\ud83e\uddd0\ud83c\udf77\n|\n|win|Anna Lisa Melculo\n|c| ELFRAN132|no tuvo fe\n|l|\u2606Lexxuus2\n|c| ELFRAN132|en el core\n|c|\u2606Anna Lisa Melculo|weno ya te sabes mi strat en la otra me ganas easy xd\n|l| Znyl\n|l|\u2606Anna Lisa Melculo\n|c| 445-Garchomp|el guion no estaba de nuestro lado papus\n","uploadtime":1696194139,"views":10,"p1id":"annalisamelculo","p2id":"lexxuus2","formatid":"gen9nationaldexdoubles","rating":0,"private":0,"password":""}