{"id":"gen9nationaldexdoubles-1981057816","p1":"Chef Nando","p2":"Octolockr","format":"[Gen 9] National Dex Doubles","log":"|j|\u2606Chef Nando\n|j|\u2606Octolockr\n|t:|1698860232\n|gametype|doubles\n|player|p1|Chef Nando|hilda|1110\n|player|p2|Octolockr|plasmagrunt-gen5bw|1125\n|teamsize|p1|6\n|teamsize|p2|6\n|gen|9\n|tier|[Gen 9] National Dex Doubles\n|rated|\n|rule|HP Percentage Mod: HP is shown in percentages\n|rule|Endless Battle Clause: Forcing endless battles is banned\n|rule|OHKO Clause: OHKO moves are banned\n|rule|Evasion Moves Clause: Evasion moves are banned\n|rule|Evasion Abilities Clause: Evasion abilities are banned\n|rule|Species Clause: Limit one of each Pok\u00e9mon\n|rule|Gravity Sleep Clause: The combination of sleep-inducing moves with imperfect accuracy and Gravity or Gigantamax Orbeetle are banned\n|clearpoke\n|poke|p1|Mr. Mime-Galar, F|\n|poke|p1|Tauros-Paldea-Combat, M|\n|poke|p1|Nidoqueen, F|\n|poke|p1|Gyarados, F|\n|poke|p1|Dragonite, M|\n|poke|p1|Zapdos-Galar|\n|poke|p2|Excadrill, F|\n|poke|p2|Togekiss, M|\n|poke|p2|Quaquaval, M|\n|poke|p2|Lopunny, F|\n|poke|p2|Ninetales-Alola, F|\n|poke|p2|Zangoose, F|\n|teampreview\n|inactive|Battle timer is ON: inactive players will automatically lose when time's up. (requested by Chef Nando)\n|\n|t:|1698860250\n|start\n|switch|p1a: Zapdos|Zapdos-Galar, shiny|100\/100\n|switch|p1b: Nidoqueen|Nidoqueen, F|100\/100\n|switch|p2a: Quaquaval|Quaquaval, M|100\/100\n|switch|p2b: Togekiss|Togekiss, M|100\/100\n|turn|1\n|\n|t:|1698860268\n|move|p1a: Zapdos|U-turn|p2a: Quaquaval\n|-resisted|p2a: Quaquaval\n|-damage|p2a: Quaquaval|84\/100\n|\n|t:|1698860274\n|switch|p1a: Tauros|Tauros-Paldea-Combat, M|100\/100|[from] U-turn\n|-ability|p1a: Tauros|Intimidate|boost\n|-unboost|p2a: Quaquaval|atk|1\n|-unboost|p2b: Togekiss|atk|1\n|move|p2a: Quaquaval|Ice Spinner|p1b: Nidoqueen\n|-supereffective|p1b: Nidoqueen\n|-damage|p1b: Nidoqueen|78\/100\n|-damage|p2a: Quaquaval|67\/100|[from] item: Rocky Helmet|[of] p1b: Nidoqueen\n|move|p2b: Togekiss|Dazzling Gleam|p1b: Nidoqueen|[spread] p1a,p1b\n|-supereffective|p1a: Tauros\n|-resisted|p1b: Nidoqueen\n|-damage|p1a: Tauros|58\/100\n|-damage|p1b: Nidoqueen|64\/100\n|move|p1b: Nidoqueen|Roar|p2a: Quaquaval\n|drag|p2a: Excadrill|Excadrill, F|100\/100\n|-ability|p2a: Excadrill|Mold Breaker\n|\n|upkeep\n|turn|2\n|\n|t:|1698860298\n|move|p2a: Excadrill|Stealth Rock|p1b: Nidoqueen\n|-sidestart|p1: Chef Nando|move: Stealth Rock\n|move|p1a: Tauros|Raging Bull|p2a: Excadrill\n|-supereffective|p2a: Excadrill\n|-damage|p2a: Excadrill|0 fnt\n|faint|p2a: Excadrill\n|move|p2b: Togekiss|Tailwind|p2b: Togekiss\n|-sidestart|p2: Octolockr|move: Tailwind\n|move|p1b: Nidoqueen|Stealth Rock|p2b: Togekiss\n|-sidestart|p2: Octolockr|move: Stealth Rock\n|\n|upkeep\n|\n|t:|1698860310\n|switch|p2a: Lopunny|Lopunny, F|100\/100\n|-damage|p2a: Lopunny|88\/100|[from] Stealth Rock\n|turn|3\n|\n|t:|1698860320\n|detailschange|p2a: Lopunny|Lopunny-Mega, F\n|-mega|p2a: Lopunny|Lopunny|Lopunnite\n|move|p2a: Lopunny|Fake Out|p1a: Tauros\n|-damage|p1a: Tauros|36\/100\n|move|p2b: Togekiss|Air Slash|p1b: Nidoqueen\n|-damage|p1b: Nidoqueen|30\/100\n|cant|p1a: Tauros|flinch\n|cant|p1b: Nidoqueen|flinch\n|\n|upkeep\n|turn|4\n|\n|t:|1698860336\n|move|p2a: Lopunny|Return|p1a: Tauros\n|-damage|p1a: Tauros|0 fnt\n|faint|p1a: Tauros\n|move|p2b: Togekiss|Air Slash|p1b: Nidoqueen\n|-damage|p1b: Nidoqueen|0 fnt\n|faint|p1b: Nidoqueen\n|\n|upkeep\n|inactive|Chef Nando has 120 seconds left.\n|\n|t:|1698860362\n|switch|p1a: Gyarados|Gyarados, F|100\/100\n|switch|p1b: Mr. Mime|Mr. Mime-Galar, F|100\/100\n|-damage|p1b: Mr. Mime|76\/100|[from] Stealth Rock\n|-damage|p1a: Gyarados|76\/100|[from] Stealth Rock\n|-ability|p1a: Gyarados|Intimidate|boost\n|-fail|p2a: Lopunny|unboost|Attack|[from] ability: Scrappy|[of] p2a: Lopunny\n|-unboost|p2b: Togekiss|atk|1\n|turn|5\n|\n|t:|1698860376\n|move|p2a: Lopunny|Return|p1b: Mr. Mime\n|-damage|p1b: Mr. Mime|0 fnt\n|faint|p1b: Mr. Mime\n|move|p2b: Togekiss|Dazzling Gleam|p1a: Gyarados\n|-damage|p1a: Gyarados|48\/100\n|move|p1a: Gyarados|Dragon Dance|p1a: Gyarados\n|-boost|p1a: Gyarados|atk|1\n|-boost|p1a: Gyarados|spe|1\n|\n|-sideend|p2: Octolockr|move: Tailwind\n|upkeep\n|\n|t:|1698860388\n|switch|p1b: Dragonite|Dragonite, M|100\/100\n|-damage|p1b: Dragonite|76\/100|[from] Stealth Rock\n|turn|6\n|\n|t:|1698860402\n|detailschange|p1a: Gyarados|Gyarados-Mega, F\n|-mega|p1a: Gyarados|Gyarados|Gyaradosite\n|-ability|p1a: Gyarados|Mold Breaker\n|move|p2a: Lopunny|Return|p1a: Gyarados\n|-damage|p1a: Gyarados|13\/100\n|move|p1a: Gyarados|Waterfall|p2b: Togekiss\n|-damage|p2b: Togekiss|41\/100\n|cant|p2b: Togekiss|flinch\n|move|p1b: Dragonite|Hone Claws|p1b: Dragonite\n|-boost|p1b: Dragonite|atk|1\n|-boost|p1b: Dragonite|accuracy|1\n|\n|-heal|p2b: Togekiss|47\/100|[from] item: Leftovers\n|-heal|p1b: Dragonite|82\/100|[from] item: Leftovers\n|upkeep\n|turn|7\n|\n|t:|1698860421\n|move|p1b: Dragonite|Extreme Speed|p2a: Lopunny\n|-damage|p2a: Lopunny|29\/100\n|move|p2a: Lopunny|Quick Attack|p1a: Gyarados\n|-damage|p1a: Gyarados|0 fnt\n|faint|p1a: Gyarados\n|move|p2b: Togekiss|Dazzling Gleam|p1b: Dragonite\n|-supereffective|p1b: Dragonite\n|-damage|p1b: Dragonite|22\/100\n|\n|-heal|p2b: Togekiss|53\/100|[from] item: Leftovers\n|-heal|p1b: Dragonite|28\/100|[from] item: Leftovers\n|upkeep\n|\n|t:|1698860435\n|switch|p1a: Zapdos|Zapdos-Galar, shiny|100\/100\n|-damage|p1a: Zapdos|88\/100|[from] Stealth Rock\n|turn|8\n|\n|t:|1698860447\n|-terastallize|p1a: Zapdos|Steel\n|-terastallize|p2b: Togekiss|Fairy\n|move|p1b: Dragonite|Extreme Speed|p2b: Togekiss\n|-damage|p2b: Togekiss|13\/100\n|move|p1a: Zapdos|Thunderous Kick|p2a: Lopunny\n|-supereffective|p2a: Lopunny\n|-damage|p2a: Lopunny|0 fnt\n|faint|p2a: Lopunny\n|move|p2b: Togekiss|Dazzling Gleam|p1a: Zapdos|[spread] p1a,p1b\n|-resisted|p1a: Zapdos\n|-supereffective|p1b: Dragonite\n|-damage|p1a: Zapdos|66\/100\n|-damage|p1b: Dragonite|0 fnt\n|faint|p1b: Dragonite\n|\n|-heal|p2b: Togekiss|19\/100|[from] item: Leftovers\n|upkeep\n|\n|t:|1698860465\n|switch|p2a: Quaquaval|Quaquaval, M|67\/100\n|-damage|p2a: Quaquaval|61\/100|[from] Stealth Rock\n|turn|9\n|\n|t:|1698860471\n|move|p2b: Togekiss|Follow Me|p2b: Togekiss\n|-singleturn|p2b: Togekiss|move: Follow Me\n|move|p1a: Zapdos|Thunderous Kick|p2b: Togekiss\n|-resisted|p2b: Togekiss\n|-crit|p2b: Togekiss\n|-damage|p2b: Togekiss|0 fnt\n|faint|p2b: Togekiss\n|move|p2a: Quaquaval|Close Combat|p1a: Zapdos\n|-supereffective|p1a: Zapdos\n|-damage|p1a: Zapdos|0 fnt\n|-unboost|p2a: Quaquaval|def|1\n|-unboost|p2a: Quaquaval|spd|1\n|faint|p1a: Zapdos\n|\n|win|Octolockr\n|raw|Chef Nando's rating: 1110 &rarr; <strong>1086<\/strong><br \/>(-24 for losing)\n|raw|Octolockr's rating: 1125 &rarr; <strong>1149<\/strong><br \/>(+24 for winning)\n|l|\u2606Chef Nando\n","uploadtime":1698860494,"views":3,"p1id":"chefnando","p2id":"octolockr","formatid":"gen9nationaldexdoubles","rating":1086,"private":0,"password":""}