{"id":"gen9nationaldexdoubles-1964987951","p1":"Clabeh","p2":"haakloong","format":"[Gen 9] National Dex Doubles","log":"|j|\u2606Clabeh\n|j|\u2606haakloong\n|t:|1697033527\n|gametype|doubles\n|player|p1|Clabeh|2|\n|player|p2|haakloong|265|\n|teamsize|p1|6\n|teamsize|p2|6\n|gen|9\n|tier|[Gen 9] National Dex Doubles\n|rule|HP Percentage Mod: HP is shown in percentages\n|rule|Endless Battle Clause: Forcing endless battles is banned\n|rule|OHKO Clause: OHKO moves are banned\n|rule|Evasion Moves Clause: Evasion moves are banned\n|rule|Evasion Abilities Clause: Evasion abilities are banned\n|rule|Species Clause: Limit one of each Pok\u00e9mon\n|rule|Gravity Sleep Clause: The combination of sleep-inducing moves with imperfect accuracy and Gravity or Gigantamax Orbeetle are banned\n|clearpoke\n|poke|p1|Claydol|\n|poke|p1|Seismitoad, M|\n|poke|p1|Ninetales, F|\n|poke|p1|Tyranitar, F|\n|poke|p1|Venusaur, F|\n|poke|p1|Cinderace, F|\n|poke|p2|Goodra-Hisui, M|\n|poke|p2|Lucario, M|\n|poke|p2|Skarmory, F|\n|poke|p2|Ninetales-Alola, M|\n|poke|p2|Cloyster, F|\n|poke|p2|Aggron, F|\n|teampreview\n|\n|t:|1697033541\n|start\n|switch|p1a: Claydol|Claydol|100\/100\n|switch|p1b: Tyranitar|Tyranitar, F|100\/100\n|switch|p2a: Cloyster|Cloyster, F, shiny|100\/100\n|switch|p2b: Aggron|Aggron, F|100\/100\n|-weather|Sandstorm|[from] ability: Sand Stream|[of] p1b: Tyranitar\n|turn|1\n|j| Chumpette\n|\n|t:|1697033587\n|move|p1a: Claydol|Iron Defense|p1a: Claydol\n|-boost|p1a: Claydol|def|2\n|move|p2a: Cloyster|Snowscape|p2a: Cloyster\n|-weather|Snow\n|move|p1b: Tyranitar|Thunder Punch|p2a: Cloyster\n|-supereffective|p2a: Cloyster\n|-damage|p2a: Cloyster|81\/100\n|-status|p2a: Cloyster|par\n|move|p2b: Aggron|Body Press|p1b: Tyranitar\n|-supereffective|p1b: Tyranitar\n|-damage|p1b: Tyranitar|0 fnt\n|faint|p1b: Tyranitar\n|\n|-weather|Snow|[upkeep]\n|upkeep\n|\n|t:|1697033610\n|switch|p1b: Seismitoad|Seismitoad, M|100\/100\n|turn|2\n|\n|t:|1697033680\n|move|p1b: Seismitoad|Earthquake|p2a: Cloyster|[spread] p2a,p2b\n|-immune|p1a: Claydol|[from] ability: Levitate\n|-supereffective|p2b: Aggron\n|-damage|p2a: Cloyster|67\/100 par\n|-damage|p2b: Aggron|27\/100\n|move|p1a: Claydol|Body Press|p2a: Cloyster\n|-supereffective|p2a: Cloyster\n|-damage|p2a: Cloyster|23\/100 par\n|move|p2b: Aggron|Heavy Slam|p1b: Seismitoad\n|-resisted|p1b: Seismitoad\n|-damage|p1b: Seismitoad|72\/100\n|cant|p2a: Cloyster|par\n|\n|-weather|Snow|[upkeep]\n|upkeep\n|turn|3\n|\n|t:|1697033702\n|move|p1b: Seismitoad|Earthquake|p2b: Aggron|[spread] p2a,p2b\n|-immune|p1a: Claydol|[from] ability: Levitate\n|-supereffective|p2b: Aggron\n|-damage|p2a: Cloyster|6\/100 par\n|-damage|p2b: Aggron|0 fnt\n|faint|p2b: Aggron\n|move|p1a: Claydol|Iron Defense|p1a: Claydol\n|-boost|p1a: Claydol|def|2\n|move|p2a: Cloyster|Weather Ball|p1b: Seismitoad\n|-damage|p1b: Seismitoad|40\/100\n|\n|-weather|Snow|[upkeep]\n|upkeep\n|\n|t:|1697033726\n|switch|p2b: Skarmory|Skarmory, F, shiny|100\/100\n|turn|4\n|\n|t:|1697033743\n|move|p1b: Seismitoad|Earthquake|p2b: Skarmory|[spread] p2a\n|-immune|p1a: Claydol|[from] ability: Levitate\n|-immune|p2b: Skarmory\n|-damage|p2a: Cloyster|0 fnt\n|faint|p2a: Cloyster\n|move|p1a: Claydol|Smack Down|p2b: Skarmory\n|-damage|p2b: Skarmory|95\/100\n|-start|p2b: Skarmory|Smack Down\n|move|p2b: Skarmory|Iron Defense|p2b: Skarmory\n|-boost|p2b: Skarmory|def|2\n|\n|-weather|Snow|[upkeep]\n|upkeep\n|\n|t:|1697033758\n|switch|p2a: Lucario|Lucario, M|100\/100\n|turn|5\n|\n|t:|1697033768\n|move|p2a: Lucario|Close Combat|p1b: Seismitoad\n|-damage|p1b: Seismitoad|0 fnt\n|-unboost|p2a: Lucario|def|1\n|-unboost|p2a: Lucario|spd|1\n|faint|p1b: Seismitoad\n|move|p1a: Claydol|Body Press|p2b: Skarmory\n|-damage|p2b: Skarmory|74\/100\n|-damage|p1a: Claydol|84\/100|[from] item: Rocky Helmet|[of] p2b: Skarmory\n|move|p2b: Skarmory|Iron Defense|p2b: Skarmory\n|-boost|p2b: Skarmory|def|2\n|\n|-weather|none\n|-heal|p1a: Claydol|90\/100|[from] item: Leftovers\n|upkeep\n|\n|t:|1697033781\n|switch|p1b: Ninetales|Ninetales, F|100\/100\n|-weather|SunnyDay|[from] ability: Drought|[of] p1b: Ninetales\n|turn|6\n|\n|t:|1697033806\n|switch|p2a: Ninetales|Ninetales-Alola, M|100\/100\n|-weather|Snow|[from] ability: Snow Warning|[of] p2a: Ninetales\n|move|p1b: Ninetales|Heat Wave|p2b: Skarmory|[spread] p2a,p2b\n|-supereffective|p2a: Ninetales\n|-supereffective|p2b: Skarmory\n|-damage|p2a: Ninetales|34\/100\n|-damage|p2b: Skarmory|3\/100\n|-status|p2a: Ninetales|brn\n|move|p1a: Claydol|Iron Defense|p1a: Claydol\n|-boost|p1a: Claydol|def|2\n|move|p2b: Skarmory|Body Press|p1b: Ninetales\n|-damage|p1b: Ninetales|0 fnt\n|faint|p1b: Ninetales\n|\n|-weather|Snow|[upkeep]\n|-heal|p1a: Claydol|96\/100|[from] item: Leftovers\n|-damage|p2a: Ninetales|28\/100 brn|[from] brn\n|upkeep\n|\n|t:|1697033832\n|switch|p1b: Venusaur|Venusaur, F|100\/100\n|turn|7\n|\n|t:|1697033862\n|move|p2a: Ninetales|Weather Ball|p1b: Venusaur\n|-supereffective|p1b: Venusaur\n|-damage|p1b: Venusaur|0 fnt\n|faint|p1b: Venusaur\n|move|p1a: Claydol|Body Press|p2b: Skarmory\n|-damage|p2b: Skarmory|0 fnt\n|-damage|p1a: Claydol|80\/100|[from] item: Rocky Helmet|[of] p2b: Skarmory\n|faint|p2b: Skarmory\n|\n|-weather|Snow|[upkeep]\n|-heal|p1a: Claydol|86\/100|[from] item: Leftovers\n|-damage|p2a: Ninetales|22\/100 brn|[from] brn\n|upkeep\n|\n|t:|1697033876\n|switch|p1b: Cinderace|Cinderace, F|100\/100\n|switch|p2b: Lucario|Lucario, M|100\/100\n|turn|8\n|\n|t:|1697033937\n|move|p1b: Cinderace|Fire Pledge|p2a: Ninetales\n|-supereffective|p2a: Ninetales\n|-damage|p2a: Ninetales|0 fnt\n|faint|p2a: Ninetales\n|move|p2b: Lucario|Close Combat|p1a: Claydol\n|-resisted|p1a: Claydol\n|-damage|p1a: Claydol|80\/100\n|-unboost|p2b: Lucario|def|1\n|-unboost|p2b: Lucario|spd|1\n|move|p1a: Claydol|Body Press|p2b: Lucario\n|-supereffective|p2b: Lucario\n|-damage|p2b: Lucario|0 fnt\n|faint|p2b: Lucario\n|\n|-weather|Snow|[upkeep]\n|-heal|p1a: Claydol|86\/100|[from] item: Leftovers\n|upkeep\n|\n|t:|1697033957\n|switch|p2b: Goodra|Goodra-Hisui, M|100\/100\n|turn|9\n|\n|t:|1697033964\n|move|p1b: Cinderace|Fire Pledge|p2b: Goodra\n|-damage|p2b: Goodra|73\/100\n|move|p1a: Claydol|Body Press|p2b: Goodra\n|-supereffective|p2b: Goodra\n|-damage|p2b: Goodra|0 fnt\n|-ability|p2b: Goodra|Gooey\n|-unboost|p1a: Claydol|spe|1\n|faint|p2b: Goodra\n|\n|win|Clabeh\n","uploadtime":1697033981,"views":14,"p1id":"clabeh","p2id":"haakloong","formatid":"gen9nationaldexdoubles","rating":0,"private":0,"password":""}