{"id":"gen9nationaldexdoubles-1982911361","p1":"girinaopo1","p2":"LilyLopears","format":"[Gen 9] National Dex Doubles","log":"|j|\u2606girinaopo1\n|j|\u2606LilyLopears\n|t:|1699057750\n|gametype|doubles\n|player|p1|girinaopo1|marlon|1168\n|player|p2|LilyLopears|acetrainersnowf|1088\n|teamsize|p1|6\n|teamsize|p2|6\n|gen|9\n|tier|[Gen 9] National Dex Doubles\n|rated|\n|rule|HP Percentage Mod: HP is shown in percentages\n|rule|Endless Battle Clause: Forcing endless battles is banned\n|rule|OHKO Clause: OHKO moves are banned\n|rule|Evasion Moves Clause: Evasion moves are banned\n|rule|Evasion Abilities Clause: Evasion abilities are banned\n|rule|Species Clause: Limit one of each Pok\u00e9mon\n|rule|Gravity Sleep Clause: The combination of sleep-inducing moves with imperfect accuracy and Gravity or Gigantamax Orbeetle are banned\n|clearpoke\n|poke|p1|Torkoal, M|\n|poke|p1|Amoonguss, F|\n|poke|p1|Palafin, M|\n|poke|p1|Flutter Mane|\n|poke|p1|Sandy Shocks|\n|poke|p1|Roaring Moon|\n|poke|p2|Latios, M|\n|poke|p2|Kommo-o, F|\n|poke|p2|Volcarona, F|\n|poke|p2|Ursaluna-Bloodmoon, M|\n|poke|p2|Sandslash-Alola, F|\n|poke|p2|Moltres-Galar|\n|teampreview\n|inactive|Battle timer is ON: inactive players will automatically lose when time's up. (requested by girinaopo1)\n|\n|t:|1699057819\n|start\n|switch|p1a: Flutter Mane|Flutter Mane|100\/100\n|switch|p1b: Roaring Moon|Roaring Moon|100\/100\n|switch|p2a: Moltres|Moltres-Galar|100\/100\n|switch|p2b: Kommo-o|Kommo-o, F|100\/100\n|-enditem|p1a: Flutter Mane|Booster Energy\n|-activate|p1a: Flutter Mane|ability: Protosynthesis|[fromitem]\n|-start|p1a: Flutter Mane|protosynthesisspe\n|turn|1\n|\n|t:|1699057847\n|move|p1a: Flutter Mane|Dazzling Gleam|p2b: Kommo-o|[spread] p2a,p2b\n|-supereffective|p2a: Moltres\n|-supereffective|p2b: Kommo-o\n|-damage|p2a: Moltres|48\/100\n|-damage|p2b: Kommo-o|0 fnt\n|faint|p2b: Kommo-o\n|-ability|p2a: Moltres|Berserk|boost\n|-boost|p2a: Moltres|spa|1\n|move|p1b: Roaring Moon|Breaking Swipe|p2a: Moltres\n|-damage|p2a: Moltres|11\/100\n|-unboost|p2a: Moltres|atk|1\n|move|p2a: Moltres|Fiery Wrath|p1b: Roaring Moon|[spread] p1a,p1b\n|-crit|p1a: Flutter Mane\n|-resisted|p1b: Roaring Moon\n|-damage|p1a: Flutter Mane|32\/100\n|-damage|p1b: Roaring Moon|73\/100\n|-damage|p2a: Moltres|1\/100|[from] item: Life Orb\n|\n|upkeep\n|\n|t:|1699057862\n|switch|p2b: Sandslash|Sandslash-Alola, F|100\/100\n|turn|2\n|inactive|girinaopo1 has 120 seconds left.\n|\n|t:|1699057895\n|-end|p1a: Flutter Mane|Protosynthesis|[silent]\n|switch|p1a: Torkoal|Torkoal, M|100\/100\n|-weather|SunnyDay|[from] ability: Drought|[of] p1a: Torkoal\n|-activate|p1b: Roaring Moon|ability: Protosynthesis\n|-start|p1b: Roaring Moon|protosynthesisspe\n|-end|p1b: Roaring Moon|Protosynthesis|[silent]\n|switch|p1b: Sandy Shocks|Sandy Shocks, shiny|100\/100\n|-activate|p1b: Sandy Shocks|ability: Protosynthesis\n|-start|p1b: Sandy Shocks|protosynthesisspa\n|switch|p2a: Volcarona|Volcarona, F|100\/100\n|-terastallize|p2b: Sandslash|Ice\n|move|p2b: Sandslash|Ice Shard|p1a: Torkoal\n|-resisted|p1a: Torkoal\n|-damage|p1a: Torkoal|90\/100\n|\n|-weather|SunnyDay|[upkeep]\n|upkeep\n|turn|3\n|inactive|LilyLopears has 120 seconds left.\n|\n|t:|1699057936\n|switch|p2b: Ursaluna|Ursaluna-Bloodmoon, M|100\/100\n|move|p2a: Volcarona|Quiver Dance|p2a: Volcarona\n|-boost|p2a: Volcarona|spa|1\n|-boost|p2a: Volcarona|spd|1\n|-boost|p2a: Volcarona|spe|1\n|move|p1b: Sandy Shocks|Earth Power|p2a: Volcarona\n|-damage|p2a: Volcarona|63\/100\n|move|p1a: Torkoal|Eruption|p2a: Volcarona|[spread] p2a,p2b\n|-damage|p2a: Volcarona|10\/100\n|-damage|p2b: Ursaluna|25\/100\n|\n|-weather|SunnyDay|[upkeep]\n|upkeep\n|turn|4\n|inactive|LilyLopears has 120 seconds left.\n|\n|t:|1699057961\n|move|p2a: Volcarona|Hurricane|p1b: Sandy Shocks\n|-resisted|p1b: Sandy Shocks\n|-damage|p1b: Sandy Shocks|60\/100\n|move|p1b: Sandy Shocks|Earth Power|p2a: Volcarona\n|-damage|p2a: Volcarona|0 fnt\n|faint|p2a: Volcarona\n|move|p2b: Ursaluna|Earth Power|p1a: Torkoal\n|-supereffective|p1a: Torkoal\n|-damage|p1a: Torkoal|0 fnt\n|faint|p1a: Torkoal\n|\n|-weather|SunnyDay|[upkeep]\n|upkeep\n|\n|t:|1699057977\n|switch|p2a: Sandslash|Sandslash-Alola, F, tera:Ice|100\/100\n|switch|p1a: Palafin|Palafin, M|100\/100\n|turn|5\n|\n|t:|1699057995\n|detailschange|p1a: Palafin|Palafin-Hero, M\n|switch|p1a: Amoonguss|Amoonguss, F|100\/100\n|move|p2a: Sandslash|Ice Shard|p1b: Sandy Shocks\n|-supereffective|p1b: Sandy Shocks\n|-damage|p1b: Sandy Shocks|0 fnt\n|faint|p1b: Sandy Shocks\n|-end|p1b: Sandy Shocks|Protosynthesis|[silent]\n|move|p2b: Ursaluna|Blood Moon|p1a: Amoonguss\n|-damage|p1a: Amoonguss|30\/100\n|\n|-weather|SunnyDay|[upkeep]\n|upkeep\n|\n|t:|1699058010\n|switch|p1b: Palafin|Palafin-Hero, M|100\/100\n|-activate|p1b: Palafin|ability: Zero to Hero\n|turn|6\n|inactive|girinaopo1 has 120 seconds left.\n|\n|t:|1699058044\n|switch|p2b: Latios|Latios, M|100\/100\n|move|p2a: Sandslash|Ice Shard|p1a: Amoonguss\n|-supereffective|p1a: Amoonguss\n|-damage|p1a: Amoonguss|0 fnt\n|faint|p1a: Amoonguss\n|move|p1b: Palafin|Drain Punch|p2a: Sandslash\n|-supereffective|p2a: Sandslash\n|-damage|p2a: Sandslash|45\/100\n|\n|-weather|none\n|upkeep\n|inactive|girinaopo1 has 120 seconds left.\n|\n|t:|1699058060\n|switch|p1a: Roaring Moon|Roaring Moon|73\/100\n|turn|7\n|c|\u2606LilyLopears|why is alolan sandslash of all things carrying my team tonight\n|inactive|girinaopo1 has 120 seconds left.\n|\n|t:|1699058089\n|detailschange|p2b: Latios|Latios-Mega, M\n|-mega|p2b: Latios|Latios|Latiosite\n|move|p2a: Sandslash|Ice Shard|p1a: Roaring Moon\n|-supereffective|p1a: Roaring Moon\n|-damage|p1a: Roaring Moon|1\/100\n|-zpower|p1a: Roaring Moon\n|move|p1a: Roaring Moon|Black Hole Eclipse|p2b: Latios|[zeffect]\n|-supereffective|p2b: Latios\n|-damage|p2b: Latios|0 fnt\n|faint|p2b: Latios\n|move|p1b: Palafin|Drain Punch|p2a: Sandslash\n|-supereffective|p2a: Sandslash\n|-damage|p2a: Sandslash|0 fnt\n|faint|p2a: Sandslash\n|\n|upkeep\n|inactive|LilyLopears has 120 seconds left.\n|\n|t:|1699058104\n|switch|p2b: Ursaluna|Ursaluna-Bloodmoon, M|25\/100\n|switch|p2a: Moltres|Moltres-Galar|1\/100\n|turn|8\n|\n|t:|1699058123\n|move|p1a: Roaring Moon|Breaking Swipe|p2a: Moltres|[spread] p2a,p2b\n|-damage|p2a: Moltres|0 fnt\n|-damage|p2b: Ursaluna|8\/100\n|-unboost|p2b: Ursaluna|atk|1\n|faint|p2a: Moltres\n|move|p1b: Palafin|Drain Punch|p2b: Ursaluna\n|-supereffective|p2b: Ursaluna\n|-damage|p2b: Ursaluna|0 fnt\n|faint|p2b: Ursaluna\n|\n|win|girinaopo1\n|raw|girinaopo1's rating: 1168 &rarr; <strong>1187<\/strong><br \/>(+19 for winning)\n|raw|LilyLopears's rating: 1088 &rarr; <strong>1070<\/strong><br \/>(-18 for losing)\n","uploadtime":1699058135,"views":5,"p1id":"girinaopo1","p2id":"lilylopears","formatid":"gen9nationaldexdoubles","rating":1070,"private":0,"password":""}