{"id":"gen9nationaldexdoubles-1959568521","p1":"MoobleGooble","p2":"Bryantdang3r","format":"[Gen 9] National Dex Doubles","log":"|j|\u2606MoobleGooble\n|j|\u2606Bryantdang3r\n|t:|1696438051\n|gametype|doubles\n|player|p1|MoobleGooble|clair|1146\n|player|p2|Bryantdang3r|riley|1206\n|teamsize|p1|6\n|teamsize|p2|6\n|gen|9\n|tier|[Gen 9] National Dex Doubles\n|rated|\n|rule|HP Percentage Mod: HP is shown in percentages\n|rule|Endless Battle Clause: Forcing endless battles is banned\n|rule|OHKO Clause: OHKO moves are banned\n|rule|Evasion Moves Clause: Evasion moves are banned\n|rule|Evasion Abilities Clause: Evasion abilities are banned\n|rule|Species Clause: Limit one of each Pok\u00e9mon\n|rule|Gravity Sleep Clause: The combination of sleep-inducing moves with imperfect accuracy and Gravity or Gigantamax Orbeetle are banned\n|clearpoke\n|poke|p1|Jirachi|\n|poke|p1|Grimmsnarl, M|\n|poke|p1|Pelipper, F|\n|poke|p1|Meowscarada, M|\n|poke|p1|Basculegion-F, F|\n|poke|p1|Diancie|\n|poke|p2|Arcanine-Hisui, M|\n|poke|p2|Slaking, M|\n|poke|p2|Milotic, M|\n|poke|p2|Metagross|\n|poke|p2|Weezing-Galar, F|\n|poke|p2|Cresselia, F|\n|teampreview\n|\n|t:|1696438057\n|start\n|switch|p1a: Jirachi|Jirachi|100\/100\n|switch|p1b: Grimmsnarl|Grimmsnarl, M|100\/100\n|switch|p2a: Weezing|Weezing-Galar, F|100\/100\n|switch|p2b: Slaking|Slaking, M|100\/100\n|-ability|p2a: Weezing|Neutralizing Gas\n|turn|1\n|\n|t:|1696438075\n|move|p2a: Weezing|Protect|p2a: Weezing\n|-singleturn|p2a: Weezing|Protect\n|move|p2b: Slaking|Gunk Shot|p1b: Grimmsnarl\n|-supereffective|p1b: Grimmsnarl\n|-damage|p1b: Grimmsnarl|0 fnt\n|faint|p1b: Grimmsnarl\n|move|p1a: Jirachi|Ancient Power|p2a: Weezing\n|-activate|p2a: Weezing|move: Protect\n|\n|upkeep\n|\n|t:|1696438087\n|switch|p1b: Diancie|Diancie|100\/100\n|turn|2\n|\n|t:|1696438102\n|detailschange|p1b: Diancie|Diancie-Mega\n|-mega|p1b: Diancie|Diancie|Diancite\n|move|p1b: Diancie|Diamond Storm|p2a: Weezing|[spread] p2a,p2b\n|-damage|p2a: Weezing|75\/100\n|-damage|p2b: Slaking|71\/100\n|-boost|p1b: Diancie|def|2\n|move|p2b: Slaking|Gunk Shot|p1b: Diancie|[miss]\n|-miss|p2b: Slaking|p1b: Diancie\n|move|p1a: Jirachi|Wish|p1a: Jirachi\n|move|p2a: Weezing|Will-O-Wisp|p1a: Jirachi\n|-status|p1a: Jirachi|brn\n|\n|-heal|p2a: Weezing|81\/100|[from] item: Black Sludge\n|-damage|p1a: Jirachi|94\/100 brn|[from] brn\n|upkeep\n|turn|3\n|\n|t:|1696438124\n|move|p1b: Diancie|Calm Mind|p1b: Diancie\n|-boost|p1b: Diancie|spa|1\n|-boost|p1b: Diancie|spd|1\n|move|p2b: Slaking|Gunk Shot|p1b: Diancie\n|-damage|p1b: Diancie|43\/100\n|-status|p1b: Diancie|psn\n|move|p1a: Jirachi|Ancient Power|p2a: Weezing\n|-damage|p2a: Weezing|56\/100\n|move|p2a: Weezing|Clear Smog|p1b: Diancie\n|-damage|p1b: Diancie|29\/100 psn\n|-clearboost|p1b: Diancie\n|\n|-heal|p1a: Jirachi|100\/100 brn|[from] move: Wish|[wisher] Jirachi\n|-heal|p2a: Weezing|62\/100|[from] item: Black Sludge\n|-damage|p1b: Diancie|17\/100 psn|[from] psn\n|-damage|p1a: Jirachi|94\/100 brn|[from] brn\n|upkeep\n|turn|4\n|\n|t:|1696438151\n|move|p2a: Weezing|Protect|p2a: Weezing\n|-singleturn|p2a: Weezing|Protect\n|move|p1b: Diancie|Diamond Storm|p2a: Weezing|[spread] p2b\n|-activate|p2a: Weezing|move: Protect\n|-damage|p2b: Slaking|43\/100\n|-boost|p1b: Diancie|def|2\n|move|p2b: Slaking|Gunk Shot|p1b: Diancie|[miss]\n|-miss|p2b: Slaking|p1b: Diancie\n|move|p1a: Jirachi|Ancient Power|p2a: Weezing\n|-activate|p2a: Weezing|move: Protect\n|\n|-heal|p1a: Jirachi|100\/100 brn|[from] item: Leftovers\n|-heal|p2a: Weezing|68\/100|[from] item: Black Sludge\n|-damage|p1b: Diancie|4\/100 psn|[from] psn\n|-damage|p1a: Jirachi|94\/100 brn|[from] brn\n|upkeep\n|turn|5\n|\n|t:|1696438180\n|switch|p2b: Metagross|Metagross|100\/100\n|move|p1b: Diancie|Diamond Storm|p2a: Weezing|[spread] p2a,p2b\n|-resisted|p2b: Metagross\n|-damage|p2a: Weezing|42\/100\n|-damage|p2b: Metagross|86\/100\n|move|p1a: Jirachi|Ancient Power|p2b: Metagross\n|-resisted|p2b: Metagross\n|-damage|p2b: Metagross|75\/100\n|move|p2a: Weezing|Clear Smog|p1b: Diancie\n|-damage|p1b: Diancie|0 fnt\n|-clearboost|p1b: Diancie\n|faint|p1b: Diancie\n|\n|-heal|p1a: Jirachi|100\/100 brn|[from] item: Leftovers\n|-heal|p2a: Weezing|48\/100|[from] item: Black Sludge\n|-damage|p1a: Jirachi|94\/100 brn|[from] brn\n|upkeep\n|\n|t:|1696438191\n|switch|p1b: Pelipper|Pelipper, F|100\/100\n|turn|6\n|\n|t:|1696438219\n|detailschange|p2b: Metagross|Metagross-Mega\n|-mega|p2b: Metagross|Metagross|Metagrossite\n|move|p2a: Weezing|Protect|p2a: Weezing\n|-singleturn|p2a: Weezing|Protect\n|move|p2b: Metagross|Zen Headbutt|p1b: Pelipper\n|-damage|p1b: Pelipper|65\/100\n|move|p1a: Jirachi|Ancient Power|p2b: Metagross\n|-resisted|p2b: Metagross\n|-damage|p2b: Metagross|64\/100\n|move|p1b: Pelipper|Hurricane|p2b: Metagross|[miss]\n|-miss|p1b: Pelipper|p2b: Metagross\n|\n|-heal|p1a: Jirachi|100\/100 brn|[from] item: Leftovers\n|-heal|p1b: Pelipper|71\/100|[from] item: Leftovers\n|-heal|p2a: Weezing|54\/100|[from] item: Black Sludge\n|-damage|p1a: Jirachi|94\/100 brn|[from] brn\n|upkeep\n|turn|7\n|\n|t:|1696438241\n|move|p2b: Metagross|Zen Headbutt|p1b: Pelipper\n|-damage|p1b: Pelipper|34\/100\n|move|p1a: Jirachi|Ancient Power|p2b: Metagross\n|-resisted|p2b: Metagross\n|-damage|p2b: Metagross|54\/100\n|move|p1b: Pelipper|Hurricane|p2a: Weezing\n|-damage|p2a: Weezing|7\/100\n|move|p2a: Weezing|Will-O-Wisp|p1b: Pelipper|[miss]\n|-miss|p2a: Weezing|p1b: Pelipper\n|\n|-heal|p1a: Jirachi|100\/100 brn|[from] item: Leftovers\n|-heal|p1b: Pelipper|41\/100|[from] item: Leftovers\n|-heal|p2a: Weezing|13\/100|[from] item: Black Sludge\n|-damage|p1a: Jirachi|94\/100 brn|[from] brn\n|upkeep\n|turn|8\n|\n|t:|1696438268\n|move|p2a: Weezing|Protect|p2a: Weezing\n|-singleturn|p2a: Weezing|Protect\n|move|p2b: Metagross|Zen Headbutt|p1b: Pelipper\n|-damage|p1b: Pelipper|2\/100\n|move|p1a: Jirachi|Ancient Power|p2b: Metagross\n|-resisted|p2b: Metagross\n|-damage|p2b: Metagross|44\/100\n|-boost|p1a: Jirachi|atk|1\n|-boost|p1a: Jirachi|def|1\n|-boost|p1a: Jirachi|spa|1\n|-boost|p1a: Jirachi|spd|1\n|-boost|p1a: Jirachi|spe|1\n|move|p1b: Pelipper|Roost|p1b: Pelipper\n|-heal|p1b: Pelipper|52\/100\n|-singleturn|p1b: Pelipper|move: Roost\n|\n|-heal|p1a: Jirachi|100\/100 brn|[from] item: Leftovers\n|-heal|p1b: Pelipper|59\/100|[from] item: Leftovers\n|-heal|p2a: Weezing|19\/100|[from] item: Black Sludge\n|-damage|p1a: Jirachi|94\/100 brn|[from] brn\n|upkeep\n|turn|9\n|\n|t:|1696438295\n|-end|p2a: Weezing|ability: Neutralizing Gas\n|-weather|RainDance|[from] ability: Drizzle|[of] p1b: Pelipper\n|switch|p2a: Milotic|Milotic, M|100\/100\n|move|p2b: Metagross|Protect|p2b: Metagross\n|-singleturn|p2b: Metagross|Protect\n|move|p1a: Jirachi|Stored Power|p2a: Milotic\n|-damage|p2a: Milotic|28\/100\n|move|p1b: Pelipper|Hurricane|p2a: Milotic\n|-crit|p2a: Milotic\n|-damage|p2a: Milotic|0 fnt\n|faint|p2a: Milotic\n|\n|-weather|RainDance|[upkeep]\n|-heal|p1a: Jirachi|100\/100 brn|[from] item: Leftovers\n|-heal|p1b: Pelipper|65\/100|[from] item: Leftovers\n|-damage|p1a: Jirachi|94\/100 brn|[from] brn\n|upkeep\n|\n|t:|1696438322\n|switch|p2a: Cresselia|Cresselia, F|100\/100\n|turn|10\n|\n|t:|1696438338\n|move|p1a: Jirachi|Ancient Power|p2a: Cresselia\n|-damage|p2a: Cresselia|83\/100\n|-boost|p1a: Jirachi|atk|1\n|-boost|p1a: Jirachi|def|1\n|-boost|p1a: Jirachi|spa|1\n|-boost|p1a: Jirachi|spd|1\n|-boost|p1a: Jirachi|spe|1\n|move|p2b: Metagross|Zen Headbutt|p1b: Pelipper\n|-damage|p1b: Pelipper|18\/100\n|move|p1b: Pelipper|Tailwind|p1b: Pelipper\n|-sidestart|p1: MoobleGooble|move: Tailwind\n|move|p2a: Cresselia|Trick Room|p2a: Cresselia\n|-fieldstart|move: Trick Room|[of] p2a: Cresselia\n|\n|-weather|RainDance|[upkeep]\n|-heal|p1b: Pelipper|25\/100|[from] item: Leftovers\n|-heal|p1a: Jirachi|100\/100 brn|[from] item: Leftovers\n|-damage|p1a: Jirachi|94\/100 brn|[from] brn\n|upkeep\n|turn|11\n|\n|t:|1696438359\n|move|p2a: Cresselia|Dazzling Gleam|p1b: Pelipper|[spread] p1a,p1b\n|-resisted|p1a: Jirachi\n|-damage|p1a: Jirachi|92\/100 brn\n|-damage|p1b: Pelipper|9\/100\n|move|p2b: Metagross|Zen Headbutt|p1b: Pelipper\n|-damage|p1b: Pelipper|0 fnt\n|faint|p1b: Pelipper\n|move|p1a: Jirachi|Wish|p1a: Jirachi\n|\n|-weather|RainDance|[upkeep]\n|-heal|p1a: Jirachi|98\/100 brn|[from] item: Leftovers\n|-damage|p1a: Jirachi|92\/100 brn|[from] brn\n|upkeep\n|\n|t:|1696438373\n|switch|p1b: Meowscarada|Meowscarada, M|100\/100\n|turn|12\n|\n|t:|1696438391\n|move|p2b: Metagross|Bullet Punch|p1b: Meowscarada\n|-damage|p1b: Meowscarada|41\/100\n|move|p2a: Cresselia|Dazzling Gleam|p1a: Jirachi|[spread] p1a,p1b\n|-resisted|p1a: Jirachi\n|-supereffective|p1b: Meowscarada\n|-damage|p1a: Jirachi|90\/100 brn\n|-damage|p1b: Meowscarada|9\/100\n|move|p1b: Meowscarada|Flower Trick|p2b: Metagross\n|-start|p1b: Meowscarada|typechange|Grass|[from] ability: Protean\n|-resisted|p2b: Metagross\n|-crit|p2b: Metagross\n|-damage|p2b: Metagross|27\/100\n|move|p1a: Jirachi|Stored Power|p2a: Cresselia\n|-resisted|p2a: Cresselia\n|-damage|p2a: Cresselia|23\/100\n|\n|-weather|RainDance|[upkeep]\n|-heal|p1a: Jirachi|100\/100 brn|[from] move: Wish|[wisher] Jirachi\n|-heal|p1b: Meowscarada|16\/100|[from] item: Leftovers\n|-damage|p1a: Jirachi|94\/100 brn|[from] brn\n|upkeep\n|turn|13\n|\n|t:|1696438428\n|move|p2b: Metagross|Bullet Punch|p1b: Meowscarada\n|-damage|p1b: Meowscarada|0 fnt\n|faint|p1b: Meowscarada\n|move|p2a: Cresselia|Light Screen|p2a: Cresselia\n|-sidestart|p2: Bryantdang3r|move: Light Screen\n|move|p1a: Jirachi|Stored Power|p2a: Cresselia\n|-resisted|p2a: Cresselia\n|-damage|p2a: Cresselia|0 fnt\n|faint|p2a: Cresselia\n|\n|-weather|none\n|-heal|p1a: Jirachi|100\/100 brn|[from] item: Leftovers\n|-damage|p1a: Jirachi|94\/100 brn|[from] brn\n|-sideend|p1: MoobleGooble|move: Tailwind\n|upkeep\n|\n|t:|1696438443\n|switch|p2a: Arcanine|Arcanine-Hisui, M|100\/100\n|switch|p1b: Basculegion|Basculegion-F, F|100\/100\n|turn|14\n|\n|t:|1696438466\n|-terastallize|p2a: Arcanine|Fire\n|-terastallize|p1b: Basculegion|Ground\n|move|p2a: Arcanine|Flare Blitz|p1a: Jirachi\n|-supereffective|p1a: Jirachi\n|-damage|p1a: Jirachi|0 fnt\n|faint|p1a: Jirachi\n|-damage|p2a: Arcanine|91\/100|[from] item: Life Orb\n|move|p1b: Basculegion|Head Smash|p2b: Metagross\n|-resisted|p2b: Metagross\n|-damage|p2b: Metagross|5\/100\n|-damage|p1b: Basculegion|92\/100|[from] Recoil\n|move|p2b: Metagross|Meteor Mash|p1b: Basculegion\n|-damage|p1b: Basculegion|0 fnt\n|faint|p1b: Basculegion\n|\n|win|Bryantdang3r\n|raw|MoobleGooble's rating: 1146 &rarr; <strong>1125<\/strong><br \/>(-21 for losing)\n|raw|Bryantdang3r's rating: 1206 &rarr; <strong>1227<\/strong><br \/>(+21 for winning)\n|l|\u2606MoobleGooble\n|c|\u2606Bryantdang3r|Gg\n","uploadtime":1696438494,"views":11,"p1id":"mooblegooble","p2id":"bryantdang3r","formatid":"gen9nationaldexdoubles","rating":1125,"private":0,"password":""}