{"id":"gen9nationaldexdoubles-1998556868","p1":"GodDeadYT","p2":"Xorian-kun","format":"[Gen 9] National Dex Doubles","log":"|j|\u2606GodDeadYT\n|j|\u2606Xorian-kun\n|t:|1700955988\n|gametype|doubles\n|player|p1|GodDeadYT|riley|\n|player|p2|Xorian-kun|grimsley|\n|teamsize|p1|6\n|teamsize|p2|6\n|gen|9\n|tier|[Gen 9] National Dex Doubles\n|rule|HP Percentage Mod: HP is shown in percentages\n|rule|Endless Battle Clause: Forcing endless battles is banned\n|rule|OHKO Clause: OHKO moves are banned\n|rule|Evasion Moves Clause: Evasion moves are banned\n|rule|Evasion Abilities Clause: Evasion abilities are banned\n|rule|Species Clause: Limit one of each Pok\u00e9mon\n|rule|Gravity Sleep Clause: The combination of sleep-inducing moves with imperfect accuracy and Gravity or Gigantamax Orbeetle are banned\n|clearpoke\n|poke|p1|Oricorio, M|\n|poke|p1|Tyranitar, M|\n|poke|p1|Scrafty, M|\n|poke|p1|Salamence, M|\n|poke|p1|Ribombee, F|\n|poke|p1|Lycanroc, M|\n|poke|p2|Oricorio-Sensu, F|\n|poke|p2|Kingambit, M|\n|poke|p2|Volcarona, M|\n|poke|p2|Dragonite, M|\n|poke|p2|Cresselia, F|\n|poke|p2|Ursaluna, M|\n|teampreview\n|inactive|Battle timer is ON: inactive players will automatically lose when time's up. (requested by Xorian-kun)\n|inactive|Xorian-kun has 270 seconds left.\n|\n|t:|1700956022\n|start\n|switch|p1a: Tyranitar|Tyranitar, M|100\/100\n|switch|p1b: Lycanroc|Lycanroc, M, shiny|100\/100\n|switch|p2a: un rinoceronte|Oricorio-Sensu, F|100\/100\n|switch|p2b: Barney amarillo|Dragonite, M|100\/100\n|-weather|Sandstorm|[from] ability: Sand Stream|[of] p1a: Tyranitar\n|turn|1\n|inactive|GodDeadYT has 270 seconds left.\n|\n|t:|1700956064\n|move|p1b: Lycanroc|Rock Slide|p2b: Barney amarillo|[spread] p2b\n|-miss|p1b: Lycanroc|p2a: un rinoceronte\n|-supereffective|p2b: Barney amarillo\n|-damage|p2b: Barney amarillo|59\/100\n|move|p2a: un rinoceronte|Quiver Dance|p2a: un rinoceronte\n|-boost|p2a: un rinoceronte|spa|1\n|-boost|p2a: un rinoceronte|spd|1\n|-boost|p2a: un rinoceronte|spe|1\n|cant|p2b: Barney amarillo|flinch\n|move|p1a: Tyranitar|Rock Slide|p2a: un rinoceronte|[spread] p2a,p2b\n|-supereffective|p2a: un rinoceronte\n|-supereffective|p2b: Barney amarillo\n|-damage|p2a: un rinoceronte|39\/100\n|-damage|p2b: Barney amarillo|18\/100\n|\n|-weather|Sandstorm|[upkeep]\n|-damage|p2a: un rinoceronte|33\/100|[from] Sandstorm\n|-damage|p2b: Barney amarillo|12\/100|[from] Sandstorm\n|-heal|p2a: un rinoceronte|39\/100|[from] item: Leftovers\n|upkeep\n|turn|2\n|inactive|GodDeadYT has 270 seconds left.\n|inactive|Xorian-kun has 270 seconds left.\n|\n|t:|1700956105\n|move|p1b: Lycanroc|Rock Slide|p2b: Barney amarillo|[spread] p2b\n|-miss|p1b: Lycanroc|p2a: un rinoceronte\n|-supereffective|p2b: Barney amarillo\n|-damage|p2b: Barney amarillo|0 fnt\n|faint|p2b: Barney amarillo\n|move|p2a: un rinoceronte|Quiver Dance|p2a: un rinoceronte\n|-boost|p2a: un rinoceronte|spa|1\n|-boost|p2a: un rinoceronte|spd|1\n|-boost|p2a: un rinoceronte|spe|1\n|move|p1a: Tyranitar|Dragon Dance|p1a: Tyranitar\n|-boost|p1a: Tyranitar|atk|1\n|-boost|p1a: Tyranitar|spe|1\n|-activate|p2a: un rinoceronte|ability: Dancer\n|move|p2a: un rinoceronte|Dragon Dance|p2a: un rinoceronte|[from]ability: Dancer\n|-boost|p2a: un rinoceronte|atk|1\n|-boost|p2a: un rinoceronte|spe|1\n|\n|-weather|Sandstorm|[upkeep]\n|-damage|p2a: un rinoceronte|33\/100|[from] Sandstorm\n|-heal|p2a: un rinoceronte|39\/100|[from] item: Leftovers\n|upkeep\n|\n|t:|1700956121\n|switch|p2b: quiero tocar tetas|Kingambit, M|100\/100\n|-activate|p2b: quiero tocar tetas|ability: Supreme Overlord\n|-start|p2b: quiero tocar tetas|fallen1|[silent]\n|turn|3\n|inactive|Xorian-kun has 270 seconds left.\n|inactive|Xorian-kun has 240 seconds left.\n|\n|t:|1700956157\n|switch|p1a: Scrafty|Scrafty, M|100\/100\n|-ability|p1a: Scrafty|Intimidate|boost\n|-unboost|p2a: un rinoceronte|atk|1\n|-unboost|p2b: quiero tocar tetas|atk|1\n|move|p2a: un rinoceronte|Roost|p2a: un rinoceronte\n|-heal|p2a: un rinoceronte|89\/100\n|-singleturn|p2a: un rinoceronte|move: Roost\n|move|p1b: Lycanroc|Rock Slide|p2a: un rinoceronte|[spread] p2b\n|-miss|p1b: Lycanroc|p2a: un rinoceronte\n|-resisted|p2b: quiero tocar tetas\n|-damage|p2b: quiero tocar tetas|85\/100\n|move|p2b: quiero tocar tetas|Iron Head|p1a: Scrafty\n|-damage|p1a: Scrafty|62\/100\n|\n|-weather|Sandstorm|[upkeep]\n|-damage|p2a: un rinoceronte|83\/100|[from] Sandstorm\n|-damage|p1a: Scrafty|57\/100|[from] Sandstorm\n|-heal|p2a: un rinoceronte|89\/100|[from] item: Leftovers\n|-heal|p1a: Scrafty|62\/100|[from] item: Leftovers\n|-heal|p2b: quiero tocar tetas|92\/100|[from] item: Leftovers\n|upkeep\n|turn|4\n|\n|t:|1700956183\n|move|p2b: quiero tocar tetas|Protect|p2b: quiero tocar tetas\n|-singleturn|p2b: quiero tocar tetas|Protect\n|move|p1a: Scrafty|Fake Out|p2b: quiero tocar tetas\n|-activate|p2b: quiero tocar tetas|move: Protect\n|move|p2a: un rinoceronte|Hurricane|p1a: Scrafty\n|-supereffective|p1a: Scrafty\n|-damage|p1a: Scrafty|0 fnt\n|faint|p1a: Scrafty\n|move|p1b: Lycanroc|Rock Slide|p2a: un rinoceronte|[spread] p2a\n|-activate|p2b: quiero tocar tetas|move: Protect\n|-supereffective|p2a: un rinoceronte\n|-damage|p2a: un rinoceronte|0 fnt\n|faint|p2a: un rinoceronte\n|\n|-weather|Sandstorm|[upkeep]\n|-heal|p2b: quiero tocar tetas|98\/100|[from] item: Leftovers\n|upkeep\n|\n|t:|1700956203\n|switch|p2a: Volcarajo|Volcarona, M|100\/100\n|switch|p1a: Ribombee|Ribombee, F|100\/100\n|turn|5\n|\n|t:|1700956214\n|move|p1b: Lycanroc|Rock Slide|p2b: quiero tocar tetas|[spread] p2a,p2b\n|-supereffective|p2a: Volcarajo\n|-crit|p2a: Volcarajo\n|-resisted|p2b: quiero tocar tetas\n|-damage|p2a: Volcarajo|0 fnt\n|-damage|p2b: quiero tocar tetas|83\/100\n|faint|p2a: Volcarajo\n|move|p1a: Ribombee|Moonblast|p2b: quiero tocar tetas\n|-damage|p2b: quiero tocar tetas|43\/100\n|cant|p2b: quiero tocar tetas|flinch\n|\n|-weather|Sandstorm|[upkeep]\n|-damage|p1a: Ribombee|94\/100|[from] Sandstorm\n|-heal|p2b: quiero tocar tetas|50\/100|[from] item: Leftovers\n|upkeep\n|inactive|Xorian-kun has 270 seconds left.\n|\n|t:|1700956235\n|switch|p2a: fluminense|Cresselia, F|100\/100\n|turn|6\n|inactive|Xorian-kun has 270 seconds left.\n|\n|t:|1700956255\n|move|p2b: quiero tocar tetas|Protect|p2b: quiero tocar tetas\n|-singleturn|p2b: quiero tocar tetas|Protect\n|move|p1b: Lycanroc|Rock Slide|p2b: quiero tocar tetas|[spread] p2a\n|-activate|p2b: quiero tocar tetas|move: Protect\n|-damage|p2a: fluminense|65\/100\n|move|p1a: Ribombee|Sticky Web|p2a: fluminense\n|-sidestart|p2: Xorian-kun|move: Sticky Web\n|move|p2a: fluminense|Trick Room|p2a: fluminense\n|-fieldstart|move: Trick Room|[of] p2a: fluminense\n|\n|-weather|Sandstorm|[upkeep]\n|-damage|p2a: fluminense|59\/100|[from] Sandstorm\n|-damage|p1a: Ribombee|88\/100|[from] Sandstorm\n|-heal|p2b: quiero tocar tetas|56\/100|[from] item: Leftovers\n|-heal|p2a: fluminense|65\/100|[from] item: Leftovers\n|upkeep\n|turn|7\n|inactive|Xorian-kun has 270 seconds left.\n|\n|t:|1700956290\n|switch|p1b: Oricorio|Oricorio, M, shiny|100\/100\n|move|p2b: quiero tocar tetas|Iron Head|p1a: Ribombee\n|-supereffective|p1a: Ribombee\n|-damage|p1a: Ribombee|0 fnt\n|faint|p1a: Ribombee\n|move|p2a: fluminense|Psychic|p1b: Oricorio\n|-damage|p1b: Oricorio|48\/100\n|\n|-weather|Sandstorm|[upkeep]\n|-damage|p2a: fluminense|59\/100|[from] Sandstorm\n|-damage|p1b: Oricorio|41\/100|[from] Sandstorm\n|-heal|p2b: quiero tocar tetas|62\/100|[from] item: Leftovers\n|-heal|p2a: fluminense|65\/100|[from] item: Leftovers\n|upkeep\n|\n|t:|1700956304\n|switch|p1a: Salamence|Salamence, M|100\/100\n|-ability|p1a: Salamence|Intimidate|boost\n|-unboost|p2a: fluminense|atk|1\n|-unboost|p2b: quiero tocar tetas|atk|1\n|turn|8\n|\n|t:|1700956323\n|-end|p2b: quiero tocar tetas|fallen1|[silent]\n|switch|p2b: Deportivo Maip\u00fa|Ursaluna, M|100\/100\n|-activate|p2b: Deportivo Maip\u00fa|move: Sticky Web\n|-unboost|p2b: Deportivo Maip\u00fa|spe|1\n|move|p2a: fluminense|Moonblast|p1a: Salamence\n|-supereffective|p1a: Salamence\n|-damage|p1a: Salamence|39\/100\n|move|p1b: Oricorio|Revelation Dance|p2b: Deportivo Maip\u00fa\n|-damage|p2b: Deportivo Maip\u00fa|68\/100\n|move|p1a: Salamence|Breaking Swipe|p2b: Deportivo Maip\u00fa|[spread] p2a,p2b\n|-damage|p2a: fluminense|50\/100\n|-damage|p2b: Deportivo Maip\u00fa|54\/100\n|-unboost|p2a: fluminense|atk|1\n|-unboost|p2b: Deportivo Maip\u00fa|atk|1\n|\n|-weather|none\n|-heal|p2a: fluminense|56\/100|[from] item: Leftovers\n|-status|p2b: Deportivo Maip\u00fa|brn|[from] item: Flame Orb\n|upkeep\n|turn|9\n|\n|t:|1700956353\n|switch|p1b: Tyranitar|Tyranitar, M|100\/100\n|-weather|Sandstorm|[from] ability: Sand Stream|[of] p1b: Tyranitar\n|detailschange|p1a: Salamence|Salamence-Mega, M\n|-mega|p1a: Salamence|Salamence|Salamencite\n|move|p1a: Salamence|Protect|p1a: Salamence\n|-singleturn|p1a: Salamence|Protect\n|move|p2b: Deportivo Maip\u00fa|Swords Dance|p2b: Deportivo Maip\u00fa\n|-boost|p2b: Deportivo Maip\u00fa|atk|2\n|move|p2a: fluminense|Moonblast|p1a: Salamence\n|-activate|p1a: Salamence|move: Protect\n|\n|-weather|Sandstorm|[upkeep]\n|-damage|p2a: fluminense|50\/100|[from] Sandstorm\n|-damage|p1a: Salamence|33\/100|[from] Sandstorm\n|-heal|p2a: fluminense|56\/100|[from] item: Leftovers\n|-damage|p2b: Deportivo Maip\u00fa|48\/100 brn|[from] brn\n|upkeep\n|turn|10\n|inactive|GodDeadYT has 270 seconds left.\n|inactive|Xorian-kun has 270 seconds left.\n|\n|t:|1700956394\n|switch|p2a: quiero tocar tetas|Kingambit, M|62\/100\n|-activate|p2a: quiero tocar tetas|move: Sticky Web\n|-unboost|p2a: quiero tocar tetas|spe|1\n|-activate|p2a: quiero tocar tetas|ability: Supreme Overlord\n|-start|p2a: quiero tocar tetas|fallen3|[silent]\n|switch|p1a: Oricorio|Oricorio, M, shiny|41\/100\n|move|p2b: Deportivo Maip\u00fa|Facade|p1b: Tyranitar\n|-resisted|p1b: Tyranitar\n|-damage|p1b: Tyranitar|23\/100\n|move|p1b: Tyranitar|Ice Beam|p2b: Deportivo Maip\u00fa\n|-supereffective|p2b: Deportivo Maip\u00fa\n|-damage|p2b: Deportivo Maip\u00fa|16\/100 brn\n|\n|-weather|Sandstorm|[upkeep]\n|-damage|p1a: Oricorio|35\/100|[from] Sandstorm\n|-heal|p2a: quiero tocar tetas|68\/100|[from] item: Leftovers\n|-damage|p2b: Deportivo Maip\u00fa|10\/100 brn|[from] brn\n|-fieldend|move: Trick Room\n|upkeep\n|turn|11\n|inactive|GodDeadYT has 270 seconds left.\n|inactive|Xorian-kun has 270 seconds left.\n|\n|t:|1700956429\n|move|p2a: quiero tocar tetas|Sucker Punch||[still]\n|-fail|p2a: quiero tocar tetas\n|move|p1a: Oricorio|Tailwind|p1a: Oricorio\n|-sidestart|p1: GodDeadYT|move: Tailwind\n|move|p1b: Tyranitar|Ice Beam|p2b: Deportivo Maip\u00fa\n|-supereffective|p2b: Deportivo Maip\u00fa\n|-damage|p2b: Deportivo Maip\u00fa|0 fnt\n|faint|p2b: Deportivo Maip\u00fa\n|\n|-weather|Sandstorm|[upkeep]\n|-damage|p1a: Oricorio|29\/100|[from] Sandstorm\n|-heal|p2a: quiero tocar tetas|74\/100|[from] item: Leftovers\n|upkeep\n|inactive|Xorian-kun has 270 seconds left.\n|\n|t:|1700956440\n|switch|p2b: fluminense|Cresselia, F|56\/100\n|turn|12\n|inactive|GodDeadYT has 270 seconds left.\n|\n|t:|1700956456\n|-terastallize|p1a: Oricorio|Steel\n|move|p2a: quiero tocar tetas|Protect|p2a: quiero tocar tetas\n|-singleturn|p2a: quiero tocar tetas|Protect\n|move|p1a: Oricorio|Revelation Dance|p2a: quiero tocar tetas\n|-activate|p2a: quiero tocar tetas|move: Protect\n|move|p1b: Tyranitar|Rock Slide|p2a: quiero tocar tetas|[spread] p2b\n|-activate|p2a: quiero tocar tetas|move: Protect\n|-damage|p2b: fluminense|38\/100\n|move|p2b: fluminense|Trick Room|p2b: fluminense\n|-fieldstart|move: Trick Room|[of] p2b: fluminense\n|\n|-weather|Sandstorm|[upkeep]\n|-damage|p2b: fluminense|32\/100|[from] Sandstorm\n|-heal|p2a: quiero tocar tetas|80\/100|[from] item: Leftovers\n|-heal|p2b: fluminense|38\/100|[from] item: Leftovers\n|upkeep\n|turn|13\n|inactive|GodDeadYT has 270 seconds left.\n|\n|t:|1700956490\n|switch|p1b: Salamence|Salamence-Mega, M|33\/100\n|move|p2a: quiero tocar tetas|Sucker Punch|p1a: Oricorio\n|-damage|p1a: Oricorio|0 fnt\n|faint|p1a: Oricorio\n|move|p2b: fluminense|Moonblast|p1b: Salamence\n|-supereffective|p1b: Salamence\n|-damage|p1b: Salamence|0 fnt\n|faint|p1b: Salamence\n|\n|-weather|Sandstorm|[upkeep]\n|-damage|p2b: fluminense|32\/100|[from] Sandstorm\n|-heal|p2a: quiero tocar tetas|87\/100|[from] item: Leftovers\n|-heal|p2b: fluminense|38\/100|[from] item: Leftovers\n|upkeep\n|\n|t:|1700956498\n|switch|p1a: Tyranitar|Tyranitar, M|23\/100\n|switch|p1b: Lycanroc|Lycanroc, M, shiny|100\/100\n|turn|14\n|inactive|GodDeadYT has 270 seconds left.\n|\n|t:|1700956514\n|-terastallize|p2b: fluminense|Fairy\n|move|p2a: quiero tocar tetas|Swords Dance|p2a: quiero tocar tetas\n|-boost|p2a: quiero tocar tetas|atk|2\n|move|p2b: fluminense|Moonblast|p1a: Tyranitar\n|-supereffective|p1a: Tyranitar\n|-damage|p1a: Tyranitar|0 fnt\n|faint|p1a: Tyranitar\n|move|p1b: Lycanroc|Rock Slide|p2b: fluminense|[spread] p2a,p2b\n|-resisted|p2a: quiero tocar tetas\n|-damage|p2a: quiero tocar tetas|72\/100\n|-damage|p2b: fluminense|6\/100\n|\n|-weather|Sandstorm|[upkeep]\n|-damage|p2b: fluminense|0 fnt|[from] Sandstorm\n|faint|p2b: fluminense\n|-heal|p2a: quiero tocar tetas|78\/100|[from] item: Leftovers\n|-sideend|p1: GodDeadYT|move: Tailwind\n|upkeep\n|turn|15\n|\n|t:|1700956530\n|move|p2a: quiero tocar tetas|Protect|p2a: quiero tocar tetas\n|-singleturn|p2a: quiero tocar tetas|Protect\n|move|p1b: Lycanroc|Rock Slide|p2a: quiero tocar tetas\n|-activate|p2a: quiero tocar tetas|move: Protect\n|\n|-weather|Sandstorm|[upkeep]\n|-heal|p2a: quiero tocar tetas|84\/100|[from] item: Leftovers\n|upkeep\n|turn|16\n|\n|t:|1700956538\n|move|p2a: quiero tocar tetas|Sucker Punch|p1b: Lycanroc\n|-damage|p1b: Lycanroc|0 fnt\n|faint|p1b: Lycanroc\n|\n|win|Xorian-kun\n|c|\u2606Xorian-kun|gg\n","uploadtime":1700956550,"views":6,"p1id":"goddeadyt","p2id":"xoriankun","formatid":"gen9nationaldexdoubles","rating":0,"private":0,"password":""}