{"id":"gen9nationaldexdoubles-1984126087","p1":"Greenheart_YT","p2":"GoDDanteX","format":"[Gen 9] National Dex Doubles","log":"|j|\u2606Greenheart_YT\n|j|\u2606GoDDanteX\n|t:|1699221386\n|gametype|doubles\n|player|p1|Greenheart_YT|iono|1099\n|player|p2|GoDDanteX|blue|1099\n|teamsize|p1|6\n|teamsize|p2|6\n|gen|9\n|tier|[Gen 9] National Dex Doubles\n|rated|\n|rule|HP Percentage Mod: HP is shown in percentages\n|rule|Endless Battle Clause: Forcing endless battles is banned\n|rule|OHKO Clause: OHKO moves are banned\n|rule|Evasion Moves Clause: Evasion moves are banned\n|rule|Evasion Abilities Clause: Evasion abilities are banned\n|rule|Species Clause: Limit one of each Pok\u00e9mon\n|rule|Gravity Sleep Clause: The combination of sleep-inducing moves with imperfect accuracy and Gravity or Gigantamax Orbeetle are banned\n|clearpoke\n|poke|p1|Palafin, M|\n|poke|p1|Sinistcha-Masterpiece|\n|poke|p1|Pelipper, M|\n|poke|p1|Beartic, M|\n|poke|p1|Armarouge, M|\n|poke|p1|Torkoal, F|\n|poke|p2|Tyranitar, M|\n|poke|p2|Machamp, M|\n|poke|p2|Alakazam, M|\n|poke|p2|Rhyperior, M|\n|poke|p2|Gyarados, M|\n|poke|p2|Aerodactyl, F|\n|teampreview\n|\n|t:|1699221396\n|start\n|switch|p1a: Brubber|Pelipper, M|100\/100\n|switch|p1b: Toasty Roasty|Armarouge, M|100\/100\n|switch|p2a: Aerodactyl|Aerodactyl, F|100\/100\n|switch|p2b: Gyarados|Gyarados, M|100\/100\n|-ability|p2a: Aerodactyl|Pressure\n|-weather|RainDance|[from] ability: Drizzle|[of] p1a: Brubber\n|turn|1\n|\n|t:|1699221412\n|-terastallize|p1b: Toasty Roasty|Grass\n|move|p1a: Brubber|Helping Hand|p1b: Toasty Roasty\n|-singleturn|p1b: Toasty Roasty|Helping Hand|[of] p1a: Brubber\n|move|p2a: Aerodactyl|Dragon Dance|p2a: Aerodactyl\n|-boost|p2a: Aerodactyl|atk|1\n|-boost|p2a: Aerodactyl|spe|1\n|move|p2b: Gyarados|Dragon Dance|p2b: Gyarados\n|-boost|p2b: Gyarados|atk|1\n|-boost|p2b: Gyarados|spe|1\n|move|p1b: Toasty Roasty|Weather Ball|p2a: Aerodactyl\n|-supereffective|p2a: Aerodactyl\n|-damage|p2a: Aerodactyl|0 fnt\n|faint|p2a: Aerodactyl\n|\n|-weather|RainDance|[upkeep]\n|upkeep\n|\n|t:|1699221428\n|switch|p2a: Tyranitar|Tyranitar, M|100\/100\n|-weather|Sandstorm|[from] ability: Sand Stream|[of] p2a: Tyranitar\n|turn|2\n|\n|t:|1699221458\n|-terastallize|p2a: Tyranitar|Steel\n|move|p1a: Brubber|Helping Hand|p1b: Toasty Roasty\n|-singleturn|p1b: Toasty Roasty|Helping Hand|[of] p1a: Brubber\n|move|p2b: Gyarados|Crunch|p1b: Toasty Roasty\n|-damage|p1b: Toasty Roasty|63\/100\n|-ability|p1b: Toasty Roasty|Weak Armor|boost\n|-unboost|p1b: Toasty Roasty|def|1\n|-boost|p1b: Toasty Roasty|spe|2\n|move|p1b: Toasty Roasty|Weather Ball|p2b: Gyarados\n|-supereffective|p2b: Gyarados\n|-enditem|p2b: Gyarados|Focus Sash\n|-damage|p2b: Gyarados|1\/100\n|move|p2a: Tyranitar|Dragon Dance|p2a: Tyranitar\n|-boost|p2a: Tyranitar|atk|1\n|-boost|p2a: Tyranitar|spe|1\n|\n|-weather|Sandstorm|[upkeep]\n|-damage|p2b: Gyarados|0 fnt|[from] Sandstorm\n|-damage|p1b: Toasty Roasty|57\/100|[from] Sandstorm\n|-damage|p1a: Brubber|94\/100|[from] Sandstorm\n|faint|p2b: Gyarados\n|upkeep\n|\n|t:|1699221476\n|switch|p2b: Machamp|Machamp, M|100\/100\n|turn|3\n|\n|t:|1699221498\n|move|p1a: Brubber|Helping Hand|p1b: Toasty Roasty\n|-singleturn|p1b: Toasty Roasty|Helping Hand|[of] p1a: Brubber\n|move|p1b: Toasty Roasty|Psychic|p2b: Machamp\n|-supereffective|p2b: Machamp\n|-damage|p2b: Machamp|0 fnt\n|faint|p2b: Machamp\n|move|p2a: Tyranitar|Rock Slide|p1b: Toasty Roasty|[spread] p1a,p1b\n|-supereffective|p1a: Brubber\n|-damage|p1a: Brubber|16\/100\n|-damage|p1b: Toasty Roasty|0 fnt\n|faint|p1b: Toasty Roasty\n|\n|-weather|Sandstorm|[upkeep]\n|-damage|p1a: Brubber|9\/100|[from] Sandstorm\n|upkeep\n|\n|t:|1699221512\n|switch|p1b: Roasty Toasty|Torkoal, F|100\/100\n|switch|p2b: Alakazam|Alakazam, M|100\/100\n|-weather|SunnyDay|[from] ability: Drought|[of] p1b: Roasty Toasty\n|turn|4\n|\n|t:|1699221532\n|move|p2b: Alakazam|Psychic|p1b: Roasty Toasty\n|-damage|p1b: Roasty Toasty|34\/100\n|move|p2a: Tyranitar|Rock Slide|p1b: Roasty Toasty|[spread] p1a,p1b\n|-supereffective|p1a: Brubber\n|-supereffective|p1b: Roasty Toasty\n|-damage|p1a: Brubber|0 fnt\n|-damage|p1b: Roasty Toasty|0 fnt\n|faint|p1a: Brubber\n|faint|p1b: Roasty Toasty\n|\n|-weather|SunnyDay|[upkeep]\n|upkeep\n|\n|t:|1699221543\n|switch|p1a: Pop|Palafin, M|100\/100\n|switch|p1b: Soup|Sinistcha-Masterpiece|100\/100\n|turn|5\n|\n|t:|1699221562\n|detailschange|p1a: Pop|Palafin-Hero, M\n|switch|p1a: SHIBI|Beartic, M|100\/100\n|detailschange|p2b: Alakazam|Alakazam-Mega, M\n|-mega|p2b: Alakazam|Alakazam|Alakazite\n|-ability|p2b: Alakazam|Hospitality|[from] ability: Trace|[of] p1b: Soup\n|move|p2b: Alakazam|Energy Ball|p1a: SHIBI\n|-damage|p1a: SHIBI|50\/100\n|move|p2a: Tyranitar|Crunch|p1b: Soup\n|-supereffective|p1b: Soup\n|-damage|p1b: Soup|12\/100\n|move|p1b: Soup|Strength Sap|p2a: Tyranitar\n|-unboost|p2a: Tyranitar|atk|1\n|-heal|p1b: Soup|100\/100\n|\n|-weather|SunnyDay|[upkeep]\n|upkeep\n|turn|6\n|\n|t:|1699221587\n|move|p2b: Alakazam|Psychic|p1a: SHIBI\n|-damage|p1a: SHIBI|0 fnt\n|faint|p1a: SHIBI\n|move|p2a: Tyranitar|Crunch|p1b: Soup\n|-supereffective|p1b: Soup\n|-damage|p1b: Soup|35\/100\n|move|p1b: Soup|Memento|p2b: Alakazam\n|-unboost|p2b: Alakazam|atk|2\n|-unboost|p2b: Alakazam|spa|2\n|faint|p1b: Soup\n|\n|-weather|SunnyDay|[upkeep]\n|upkeep\n|\n|t:|1699221595\n|switch|p1a: Pop|Palafin-Hero, M|100\/100\n|-activate|p1a: Pop|ability: Zero to Hero\n|turn|7\n|\n|t:|1699221606\n|move|p2b: Alakazam|Energy Ball|p1a: Pop\n|-supereffective|p1a: Pop\n|-damage|p1a: Pop|73\/100\n|move|p2a: Tyranitar|Crunch|p1a: Pop\n|-damage|p1a: Pop|24\/100\n|-unboost|p1a: Pop|def|1\n|move|p1a: Pop|Liquidation|p2b: Alakazam\n|-damage|p2b: Alakazam|48\/100\n|-unboost|p2b: Alakazam|def|1\n|\n|-weather|SunnyDay|[upkeep]\n|upkeep\n|turn|8\n|\n|t:|1699221618\n|move|p1a: Pop|Jet Punch|p2b: Alakazam\n|-damage|p2b: Alakazam|0 fnt\n|faint|p2b: Alakazam\n|move|p2a: Tyranitar|Crunch|p1a: Pop\n|-damage|p1a: Pop|0 fnt\n|faint|p1a: Pop\n|\n|win|GoDDanteX\n|raw|Greenheart_YT's rating: 1099 &rarr; <strong>1074<\/strong><br \/>(-25 for losing)\n|raw|GoDDanteX's rating: 1099 &rarr; <strong>1124<\/strong><br \/>(+25 for winning)\n","uploadtime":1699221624,"views":4,"p1id":"greenheartyt","p2id":"goddantex","formatid":"gen9nationaldexdoubles","rating":1074,"private":0,"password":""}