{"id":"gen9nationaldexdoubles-1964480056","p1":"Clutch_lag","p2":"Junky Dummy","format":"[Gen 9] National Dex Doubles","log":"|j|\u2606Clutch_lag\n|j|\u2606Junky Dummy\n|t:|1696972346\n|gametype|doubles\n|player|p1|Clutch_lag|1|1193\n|player|p2|Junky Dummy|266|1391\n|teamsize|p1|6\n|teamsize|p2|6\n|gen|9\n|tier|[Gen 9] National Dex Doubles\n|rated|\n|rule|HP Percentage Mod: HP is shown in percentages\n|rule|Endless Battle Clause: Forcing endless battles is banned\n|rule|OHKO Clause: OHKO moves are banned\n|rule|Evasion Moves Clause: Evasion moves are banned\n|rule|Evasion Abilities Clause: Evasion abilities are banned\n|rule|Species Clause: Limit one of each Pok\u00e9mon\n|rule|Gravity Sleep Clause: The combination of sleep-inducing moves with imperfect accuracy and Gravity or Gigantamax Orbeetle are banned\n|clearpoke\n|poke|p1|Garchomp, F|\n|poke|p1|Charizard, M|\n|poke|p1|Greninja-*, M|\n|poke|p1|Raichu, F|\n|poke|p1|Gliscor, F|\n|poke|p1|Ferrothorn, M|\n|poke|p2|Charizard, M|\n|poke|p2|Chi-Yu|\n|poke|p2|Flutter Mane|\n|poke|p2|Whimsicott, M|\n|poke|p2|Kingambit, F|\n|poke|p2|Landorus-Therian, M|\n|teampreview\n|\n|t:|1696972351\n|start\n|switch|p1a: Charizard|Charizard, M|100\/100\n|switch|p1b: Raichu|Raichu, F|100\/100\n|switch|p2a: Charizard|Charizard, M, shiny|100\/100\n|switch|p2b: Chi-Yu|Chi-Yu|100\/100\n|-ability|p2b: Chi-Yu|Beads of Ruin\n|turn|1\n|inactive|Battle timer is ON: inactive players will automatically lose when time's up. (requested by Junky Dummy)\n|\n|t:|1696972371\n|detailschange|p1a: Charizard|Charizard-Mega-Y, M\n|-mega|p1a: Charizard|Charizard|Charizardite Y\n|-weather|SunnyDay|[from] ability: Drought|[of] p1a: Charizard\n|detailschange|p2a: Charizard|Charizard-Mega-Y, M, shiny\n|-mega|p2a: Charizard|Charizard|Charizardite Y\n|move|p2a: Charizard|Protect|p2a: Charizard\n|-singleturn|p2a: Charizard|Protect\n|move|p1b: Raichu|Fake Out|p2a: Charizard\n|-activate|p2a: Charizard|move: Protect\n|move|p2b: Chi-Yu|Heat Wave|p1a: Charizard|[spread] p1a,p1b\n|-resisted|p1a: Charizard\n|-damage|p1a: Charizard|63\/100\n|-enditem|p1b: Raichu|Focus Sash\n|-damage|p1b: Raichu|1\/100\n|move|p1a: Charizard|Focus Blast|p2b: Chi-Yu\n|-supereffective|p2b: Chi-Yu\n|-enditem|p2b: Chi-Yu|Focus Sash\n|-damage|p2b: Chi-Yu|1\/100\n|-unboost|p2b: Chi-Yu|spd|1\n|\n|-weather|SunnyDay|[upkeep]\n|upkeep\n|turn|2\n|\n|t:|1696972398\n|switch|p2a: Landorus|Landorus-Therian, M, shiny|100\/100\n|-ability|p2a: Landorus|Intimidate|boost\n|-unboost|p1a: Charizard|atk|1\n|-unboost|p1b: Raichu|atk|1\n|move|p2b: Chi-Yu|Protect|p2b: Chi-Yu\n|-singleturn|p2b: Chi-Yu|Protect\n|move|p1b: Raichu|Endeavor|p2a: Landorus\n|-damage|p2a: Landorus|1\/100\n|move|p1a: Charizard|Heat Wave|p2a: Landorus|[spread] p2a\n|-activate|p2b: Chi-Yu|move: Protect\n|-crit|p2a: Landorus\n|-damage|p2a: Landorus|0 fnt\n|faint|p2a: Landorus\n|\n|-weather|SunnyDay|[upkeep]\n|upkeep\n|inactive|Junky Dummy has 120 seconds left.\n|\n|t:|1696972414\n|switch|p2a: Flutter Mane|Flutter Mane|100\/100\n|-activate|p2a: Flutter Mane|ability: Protosynthesis\n|-start|p2a: Flutter Mane|protosynthesisspe\n|turn|3\n|inactive|Junky Dummy has 120 seconds left.\n|\n|t:|1696972439\n|switch|p1b: Ferrothorn|Ferrothorn, M|100\/100\n|-terastallize|p2a: Flutter Mane|Fairy\n|move|p2b: Chi-Yu|Protect||[still]\n|-fail|p2b: Chi-Yu\n|move|p2a: Flutter Mane|Dazzling Gleam|p1a: Charizard|[spread] p1a,p1b\n|-resisted|p1a: Charizard\n|-resisted|p1b: Ferrothorn\n|-damage|p1a: Charizard|26\/100\n|-damage|p1b: Ferrothorn|68\/100\n|move|p1a: Charizard|Heat Wave|p2b: Chi-Yu|[spread] p2a\n|-miss|p1a: Charizard|p2b: Chi-Yu\n|-damage|p2a: Flutter Mane|29\/100\n|\n|-weather|SunnyDay|[upkeep]\n|-heal|p1b: Ferrothorn|74\/100|[from] item: Leftovers\n|upkeep\n|turn|4\n|\n|t:|1696972458\n|move|p1b: Ferrothorn|Protect|p1b: Ferrothorn\n|-singleturn|p1b: Ferrothorn|Protect\n|move|p2a: Flutter Mane|Dazzling Gleam|p1a: Charizard|[spread] p1a\n|-activate|p1b: Ferrothorn|move: Protect\n|-resisted|p1a: Charizard\n|-damage|p1a: Charizard|0 fnt\n|faint|p1a: Charizard\n|move|p2b: Chi-Yu|Heat Wave|p1b: Ferrothorn\n|-activate|p1b: Ferrothorn|move: Protect\n|\n|-weather|SunnyDay|[upkeep]\n|-heal|p1b: Ferrothorn|80\/100|[from] item: Leftovers\n|upkeep\n|\n|t:|1696972477\n|switch|p1a: Greninja|Greninja, M|100\/100\n|turn|5\n|inactive|Clutch_lag has 120 seconds left.\n|\n|t:|1696972512\n|-terastallize|p1b: Ferrothorn|Fire\n|move|p2a: Flutter Mane|Dazzling Gleam|p1a: Greninja|[spread] p1a,p1b\n|-supereffective|p1a: Greninja\n|-resisted|p1b: Ferrothorn\n|-damage|p1a: Greninja|0 fnt\n|-damage|p1b: Ferrothorn|46\/100\n|faint|p1a: Greninja\n|move|p2b: Chi-Yu|Overheat|p1b: Ferrothorn|[miss]\n|-miss|p2b: Chi-Yu|p1b: Ferrothorn\n|move|p1b: Ferrothorn|Power Whip|p2b: Chi-Yu|[miss]\n|-miss|p1b: Ferrothorn|p2b: Chi-Yu\n|\n|-weather|none\n|-end|p2a: Flutter Mane|Protosynthesis\n|-heal|p1b: Ferrothorn|53\/100|[from] item: Leftovers\n|upkeep\n|\n|t:|1696972526\n|switch|p1a: Garchomp|Garchomp, F, shiny|100\/100\n|turn|6\n|\n|t:|1696972536\n|move|p2b: Chi-Yu|Protect|p2b: Chi-Yu\n|-singleturn|p2b: Chi-Yu|Protect\n|move|p1a: Garchomp|Protect|p1a: Garchomp\n|-singleturn|p1a: Garchomp|Protect\n|move|p1b: Ferrothorn|Protect|p1b: Ferrothorn\n|-singleturn|p1b: Ferrothorn|Protect\n|move|p2a: Flutter Mane|Dazzling Gleam|p1a: Garchomp|[spread] \n|-activate|p1a: Garchomp|move: Protect\n|-activate|p1b: Ferrothorn|move: Protect\n|\n|-heal|p1b: Ferrothorn|59\/100|[from] item: Leftovers\n|upkeep\n|turn|7\n|\n|t:|1696972555\n|switch|p1a: Gliscor|Gliscor, F|100\/100\n|move|p2a: Flutter Mane|Dazzling Gleam|p1a: Gliscor|[spread] p1a,p1b\n|-resisted|p1b: Ferrothorn\n|-damage|p1a: Gliscor|0 fnt\n|-damage|p1b: Ferrothorn|25\/100\n|faint|p1a: Gliscor\n|move|p2b: Chi-Yu|Heat Wave|p1b: Ferrothorn\n|-resisted|p1b: Ferrothorn\n|-damage|p1b: Ferrothorn|0 fnt\n|faint|p1b: Ferrothorn\n|\n|upkeep\n|\n|t:|1696972566\n|switch|p1a: Garchomp|Garchomp, F, shiny|100\/100\n|switch|p1b: Raichu|Raichu, F|1\/100\n|turn|8\n|\n|t:|1696972580\n|move|p1b: Raichu|Quick Attack|p2b: Chi-Yu\n|-damage|p2b: Chi-Yu|0 fnt\n|faint|p2b: Chi-Yu\n|move|p2a: Flutter Mane|Dazzling Gleam|p1a: Garchomp|[spread] p1a,p1b\n|-supereffective|p1a: Garchomp\n|-damage|p1a: Garchomp|0 fnt\n|-damage|p1b: Raichu|0 fnt\n|faint|p1a: Garchomp\n|faint|p1b: Raichu\n|\n|win|Junky Dummy\n|raw|Clutch_lag's rating: 1193 &rarr; <strong>1181<\/strong><br \/>(-12 for losing)\n|raw|Junky Dummy's rating: 1391 &rarr; <strong>1401<\/strong><br \/>(+10 for winning)\n|l|\u2606Clutch_lag\n","uploadtime":1696972597,"views":7,"p1id":"clutchlag","p2id":"junkydummy","formatid":"gen9nationaldexdoubles","rating":1181,"private":0,"password":""}