{"id":"gen9nationaldexdoubles-1979955894","p1":"johim","p2":"Mistery Gold","format":"[Gen 9] National Dex Doubles","log":"|j|\u2606johim\n|j|\u2606Mistery Gold\n|t:|1698736563\n|gametype|doubles\n|player|p1|johim|jogger|1026\n|player|p2|Mistery Gold|hilda|1175\n|teamsize|p1|6\n|teamsize|p2|6\n|gen|9\n|tier|[Gen 9] National Dex Doubles\n|rated|\n|rule|HP Percentage Mod: HP is shown in percentages\n|rule|Endless Battle Clause: Forcing endless battles is banned\n|rule|OHKO Clause: OHKO moves are banned\n|rule|Evasion Moves Clause: Evasion moves are banned\n|rule|Evasion Abilities Clause: Evasion abilities are banned\n|rule|Species Clause: Limit one of each Pok\u00e9mon\n|rule|Gravity Sleep Clause: The combination of sleep-inducing moves with imperfect accuracy and Gravity or Gigantamax Orbeetle are banned\n|clearpoke\n|poke|p1|Charizard, M|\n|poke|p1|Crobat, M|\n|poke|p1|Rhydon, M|\n|poke|p1|Cloyster, M|\n|poke|p1|Magneton|\n|poke|p1|Gengar, M|\n|poke|p2|Eevee, F|\n|poke|p2|Latios, M|\n|poke|p2|Flamigo, F|\n|poke|p2|Clefable, F|\n|poke|p2|Flutter Mane|\n|poke|p2|Cresselia, F|\n|teampreview\n|\n|t:|1698736588\n|start\n|switch|p1a: Charizard|Charizard, M|100\/100\n|switch|p1b: Crobat|Crobat, M|100\/100\n|switch|p2a: Eevee|Eevee, F|100\/100\n|switch|p2b: Clefable|Clefable, F|100\/100\n|turn|1\n|\n|t:|1698736598\n|detailschange|p1a: Charizard|Charizard-Mega-Y, M\n|-mega|p1a: Charizard|Charizard|Charizardite Y\n|-weather|SunnyDay|[from] ability: Drought|[of] p1a: Charizard\n|move|p2b: Clefable|Follow Me|p2b: Clefable\n|-singleturn|p2b: Clefable|move: Follow Me\n|move|p1b: Crobat|Taunt|p2b: Clefable\n|-start|p2b: Clefable|move: Taunt\n|move|p1a: Charizard|Heat Wave|p2b: Clefable|[spread] p2b\n|-miss|p1a: Charizard|p2a: Eevee\n|-damage|p2b: Clefable|42\/100\n|-zpower|p2a: Eevee\n|move|p2a: Eevee|Extreme Evoboost|p2a: Eevee\n|-boost|p2a: Eevee|atk|2\n|-boost|p2a: Eevee|def|2\n|-boost|p2a: Eevee|spa|2\n|-boost|p2a: Eevee|spd|2\n|-boost|p2a: Eevee|spe|2\n|\n|-weather|SunnyDay|[upkeep]\n|-heal|p2b: Clefable|48\/100|[from] item: Leftovers\n|upkeep\n|turn|2\n|\n|t:|1698736617\n|move|p2a: Eevee|Baton Pass|p2a: Eevee\n|\n|t:|1698736621\n|switch|p2a: Cresselia|Cresselia, F|100\/100|[from] Baton Pass\n|move|p1b: Crobat|Haze|p1b: Crobat\n|-clearallboost\n|move|p1a: Charizard|Heat Wave|p2a: Cresselia|[spread] p2a,p2b\n|-damage|p2a: Cresselia|64\/100\n|-damage|p2b: Clefable|0 fnt\n|faint|p2b: Clefable\n|\n|-weather|SunnyDay|[upkeep]\n|upkeep\n|\n|t:|1698736631\n|switch|p2b: Flutter Mane|Flutter Mane|100\/100\n|-activate|p2b: Flutter Mane|ability: Protosynthesis\n|-start|p2b: Flutter Mane|protosynthesisspa\n|turn|3\n|\n|t:|1698736642\n|move|p2b: Flutter Mane|Shadow Ball|p1b: Crobat\n|-damage|p1b: Crobat|30\/100\n|move|p1b: Crobat|Taunt|p2a: Cresselia\n|-start|p2a: Cresselia|move: Taunt\n|move|p1a: Charizard|Heat Wave|p2a: Cresselia|[spread] p2a,p2b\n|-damage|p2a: Cresselia|22\/100\n|-damage|p2b: Flutter Mane|35\/100\n|cant|p2a: Cresselia|move: Taunt|Calm Mind\n|\n|-weather|SunnyDay|[upkeep]\n|upkeep\n|turn|4\n|\n|t:|1698736655\n|move|p2b: Flutter Mane|Shadow Ball|p1b: Crobat\n|-damage|p1b: Crobat|0 fnt\n|faint|p1b: Crobat\n|move|p1a: Charizard|Heat Wave|p2a: Cresselia|[spread] p2a,p2b\n|-damage|p2a: Cresselia|0 fnt\n|-damage|p2b: Flutter Mane|0 fnt\n|faint|p2a: Cresselia\n|faint|p2b: Flutter Mane\n|-end|p2b: Flutter Mane|Protosynthesis|[silent]\n|\n|-weather|SunnyDay|[upkeep]\n|upkeep\n|\n|t:|1698736668\n|switch|p2b: Flamigo|Flamigo, F|100\/100\n|switch|p1b: Gengar|Gengar, M|100\/100\n|switch|p2a: Latios|Latios, M|100\/100\n|-copyboost|p2b: Flamigo|p2a: Latios|[from] ability: Costar\n|turn|5\n|\n|t:|1698736679\n|detailschange|p2a: Latios|Latios-Mega, M\n|-mega|p2a: Latios|Latios|Latiosite\n|move|p1b: Gengar|Dazzling Gleam|p2b: Flamigo|[spread] p2a,p2b\n|-supereffective|p2a: Latios\n|-supereffective|p2b: Flamigo\n|-damage|p2a: Latios|66\/100\n|-damage|p2b: Flamigo|35\/100\n|move|p1a: Charizard|Heat Wave|p2b: Flamigo|[spread] p2a,p2b\n|-resisted|p2a: Latios\n|-damage|p2a: Latios|40\/100\n|-damage|p2b: Flamigo|0 fnt\n|faint|p2b: Flamigo\n|move|p2a: Latios|Earthquake|p1b: Gengar|[spread] p1b\n|-immune|p1a: Charizard\n|-supereffective|p1b: Gengar\n|-enditem|p1b: Gengar|Focus Sash\n|-damage|p1b: Gengar|1\/100\n|\n|-weather|none\n|upkeep\n|\n|t:|1698736694\n|switch|p2b: Eevee|Eevee, F|100\/100\n|turn|6\n|\n|t:|1698736698\n|move|p1b: Gengar|Dazzling Gleam|p2a: Latios|[spread] p2a,p2b\n|-supereffective|p2a: Latios\n|-damage|p2a: Latios|6\/100\n|-damage|p2b: Eevee|68\/100\n|move|p1a: Charizard|Heat Wave|p2a: Latios|[spread] p2a,p2b\n|-resisted|p2a: Latios\n|-crit|p2a: Latios\n|-damage|p2a: Latios|0 fnt\n|-damage|p2b: Eevee|0 fnt\n|faint|p2a: Latios\n|faint|p2b: Eevee\n|\n|win|johim\n|raw|johim's rating: 1026 &rarr; <strong>1077<\/strong><br \/>(+51 for winning)\n|raw|Mistery Gold's rating: 1175 &rarr; <strong>1140<\/strong><br \/>(-35 for losing)\n|l|\u2606Mistery Gold\n","uploadtime":1698736709,"views":13,"p1id":"johim","p2id":"misterygold","formatid":"gen9nationaldexdoubles","rating":1077,"private":0,"password":""}