{"id":"gen9nationaldexdoubles-1975556046","p1":"Tritus ELITE 4","p2":"larsonshark","format":"[Gen 9] National Dex Doubles","log":"|j|\u2606Tritus ELITE 4\n|j|\u2606larsonshark\n|t:|1698204424\n|gametype|doubles\n|player|p1|Tritus ELITE 4|wulfric|1095\n|player|p2|larsonshark|caitlin|1150\n|teamsize|p1|6\n|teamsize|p2|6\n|gen|9\n|tier|[Gen 9] National Dex Doubles\n|rated|\n|rule|HP Percentage Mod: HP is shown in percentages\n|rule|Endless Battle Clause: Forcing endless battles is banned\n|rule|OHKO Clause: OHKO moves are banned\n|rule|Evasion Moves Clause: Evasion moves are banned\n|rule|Evasion Abilities Clause: Evasion abilities are banned\n|rule|Species Clause: Limit one of each Pok\u00e9mon\n|rule|Gravity Sleep Clause: The combination of sleep-inducing moves with imperfect accuracy and Gravity or Gigantamax Orbeetle are banned\n|clearpoke\n|poke|p1|Basculegion-F, F|\n|poke|p1|Swampert, M|\n|poke|p1|Pelipper, F|\n|poke|p1|Araquanid, M|\n|poke|p1|Milotic, F|\n|poke|p1|Ludicolo, M|\n|poke|p2|Thundurus, M|\n|poke|p2|Lumineon, F|\n|poke|p2|Pelipper, F|\n|poke|p2|Cloyster, M|\n|poke|p2|Ogerpon-Wellspring, F|\n|poke|p2|Floatzel, M|\n|teampreview\n|inactive|Battle timer is ON: inactive players will automatically lose when time's up. (requested by larsonshark)\n|c|\u2606larsonshark|glhf\n|inactive|Tritus ELITE 4 has 120 seconds left.\n|\n|t:|1698204462\n|start\n|switch|p1a: Pelipper|Pelipper, F|100\/100\n|switch|p1b: Araquanid|Araquanid, M|100\/100\n|switch|p2a: Ogerpon|Ogerpon-Wellspring, F|100\/100\n|switch|p2b: Thundurus|Thundurus, M|100\/100\n|-weather|RainDance|[from] ability: Drizzle|[of] p1a: Pelipper\n|turn|1\n|\n|t:|1698204487\n|switch|p1a: Swampert|Swampert, M|100\/100\n|move|p2b: Thundurus|Wildbolt Storm|p1a: Swampert|[spread] p1b\n|-immune|p1a: Swampert\n|-supereffective|p1b: Araquanid\n|-damage|p1b: Araquanid|31\/100\n|move|p2a: Ogerpon|Taunt|p1b: Araquanid\n|-start|p1b: Araquanid|move: Taunt\n|move|p1b: Araquanid|Liquidation|p2b: Thundurus\n|-damage|p2b: Thundurus|0 fnt\n|faint|p2b: Thundurus\n|-damage|p1b: Araquanid|21\/100|[from] item: Life Orb\n|\n|-weather|RainDance|[upkeep]\n|upkeep\n|\n|t:|1698204499\n|switch|p2b: Lumineon|Lumineon, F|100\/100\n|turn|2\n|inactive|Tritus ELITE 4 has 120 seconds left.\n|\n|t:|1698204548\n|switch|p1a: Pelipper|Pelipper, F|100\/100\n|move|p2b: Lumineon|Tailwind|p2b: Lumineon\n|-sidestart|p2: larsonshark|move: Tailwind\n|move|p2a: Ogerpon|Horn Leech|p1a: Pelipper\n|-damage|p1a: Pelipper|54\/100\n|move|p1b: Araquanid|Leech Life|p2a: Ogerpon\n|-supereffective|p2a: Ogerpon\n|-damage|p2a: Ogerpon|27\/100\n|-heal|p1b: Araquanid|61\/100|[from] drain|[of] p2a: Ogerpon\n|-damage|p1b: Araquanid|51\/100|[from] item: Life Orb\n|\n|-weather|RainDance|[upkeep]\n|-heal|p1a: Pelipper|60\/100|[from] item: Leftovers\n|upkeep\n|turn|3\n|inactive|Tritus ELITE 4 has 120 seconds left.\n|\n|t:|1698204577\n|move|p1a: Pelipper|Protect|p1a: Pelipper\n|-singleturn|p1a: Pelipper|Protect\n|move|p2b: Lumineon|Hydro Pump|p1b: Araquanid|[miss]\n|-miss|p2b: Lumineon|p1b: Araquanid\n|move|p2a: Ogerpon|Horn Leech|p1b: Araquanid\n|-damage|p1b: Araquanid|5\/100\n|-heal|p2a: Ogerpon|49\/100|[from] drain|[of] p1b: Araquanid\n|move|p1b: Araquanid|Leech Life|p2a: Ogerpon\n|-supereffective|p2a: Ogerpon\n|-damage|p2a: Ogerpon|0 fnt\n|-heal|p1b: Araquanid|31\/100|[from] drain|[of] p2a: Ogerpon\n|faint|p2a: Ogerpon\n|-damage|p1b: Araquanid|21\/100|[from] item: Life Orb\n|\n|-weather|RainDance|[upkeep]\n|-heal|p1a: Pelipper|67\/100|[from] item: Leftovers\n|-end|p1b: Araquanid|move: Taunt\n|upkeep\n|\n|t:|1698204586\n|switch|p2a: Cloyster|Cloyster, M|100\/100\n|turn|4\n|inactive|Tritus ELITE 4 has 120 seconds left.\n|\n|t:|1698204608\n|move|p2b: Lumineon|Air Slash|p1a: Pelipper\n|-damage|p1a: Pelipper|48\/100\n|move|p2a: Cloyster|Shell Smash|p2a: Cloyster\n|-unboost|p2a: Cloyster|def|1\n|-unboost|p2a: Cloyster|spd|1\n|-boost|p2a: Cloyster|atk|2\n|-boost|p2a: Cloyster|spa|2\n|-boost|p2a: Cloyster|spe|2\n|cant|p1a: Pelipper|flinch\n|move|p1b: Araquanid|Liquidation|p2b: Lumineon\n|-activate|p2b: Lumineon|ability: Storm Drain\n|-ability|p2b: Lumineon|Storm Drain|boost\n|-boost|p2b: Lumineon|spa|1\n|\n|-weather|RainDance|[upkeep]\n|-heal|p1a: Pelipper|54\/100|[from] item: Leftovers\n|upkeep\n|turn|5\n|inactive|Tritus ELITE 4 has 120 seconds left.\n|inactive|larsonshark has 120 seconds left.\n|\n|t:|1698204661\n|move|p1a: Pelipper|Protect|p1a: Pelipper\n|-singleturn|p1a: Pelipper|Protect\n|move|p2a: Cloyster|Surf|p1b: Araquanid|[spread] p1b\n|-activate|p1a: Pelipper|move: Protect\n|-ability|p2b: Lumineon|Storm Drain|boost\n|-boost|p2b: Lumineon|spa|1\n|-resisted|p1b: Araquanid\n|-damage|p1b: Araquanid|0 fnt\n|faint|p1b: Araquanid\n|move|p2b: Lumineon|Air Slash|p1a: Pelipper\n|-activate|p1a: Pelipper|move: Protect\n|\n|-weather|none\n|-heal|p1a: Pelipper|60\/100|[from] item: Leftovers\n|-sideend|p2: larsonshark|move: Tailwind\n|upkeep\n|\n|t:|1698204681\n|switch|p1b: Swampert|Swampert, M|100\/100\n|turn|6\n|inactive|Tritus ELITE 4 has 120 seconds left.\n|inactive|larsonshark has 120 seconds left.\n|\n|t:|1698204700\n|detailschange|p1b: Swampert|Swampert-Mega, M\n|-mega|p1b: Swampert|Swampert|Swampertite\n|move|p2a: Cloyster|Surf|p1a: Pelipper|[spread] p1a,p1b\n|-ability|p2b: Lumineon|Storm Drain|boost\n|-boost|p2b: Lumineon|spa|1\n|-resisted|p1a: Pelipper\n|-damage|p1a: Pelipper|29\/100\n|-damage|p1b: Swampert|50\/100\n|move|p2b: Lumineon|Tailwind|p2b: Lumineon\n|-sidestart|p2: larsonshark|move: Tailwind\n|move|p1b: Swampert|Rock Slide|p2b: Lumineon|[spread] p2a,p2b\n|-supereffective|p2a: Cloyster\n|-damage|p2a: Cloyster|43\/100\n|-damage|p2b: Lumineon|63\/100\n|move|p1a: Pelipper|Scald|p2b: Lumineon\n|-activate|p2b: Lumineon|ability: Storm Drain\n|-ability|p2b: Lumineon|Storm Drain|boost\n|-boost|p2b: Lumineon|spa|1\n|\n|-heal|p1a: Pelipper|35\/100|[from] item: Leftovers\n|upkeep\n|turn|7\n|inactive|Tritus ELITE 4 has 120 seconds left.\n|inactive|larsonshark has 120 seconds left.\n|\n|t:|1698204734\n|move|p1a: Pelipper|Protect|p1a: Pelipper\n|-singleturn|p1a: Pelipper|Protect\n|move|p2a: Cloyster|Surf|p1b: Swampert|[spread] p1b\n|-activate|p1a: Pelipper|move: Protect\n|-ability|p2b: Lumineon|Storm Drain|boost\n|-boost|p2b: Lumineon|spa|1\n|-damage|p1b: Swampert|0 fnt\n|faint|p1b: Swampert\n|move|p2b: Lumineon|Air Slash|p1a: Pelipper\n|-activate|p1a: Pelipper|move: Protect\n|\n|-heal|p1a: Pelipper|41\/100|[from] item: Leftovers\n|upkeep\n|\n|t:|1698204748\n|switch|p1b: Basculegion|Basculegion-F, F|100\/100\n|turn|8\n|inactive|Tritus ELITE 4 has 120 seconds left.\n|\n|t:|1698204769\n|switch|p1a: Milotic|Milotic, F|100\/100\n|-terastallize|p1b: Basculegion|Ghost\n|move|p2a: Cloyster|Surf|p1a: Milotic|[spread] p1a,p1b\n|-ability|p2b: Lumineon|Storm Drain|boost\n|-boost|p2b: Lumineon|spa|1\n|-resisted|p1a: Milotic\n|-damage|p1a: Milotic|82\/100\n|-damage|p1b: Basculegion|39\/100\n|move|p2b: Lumineon|Air Slash|p1b: Basculegion\n|-damage|p1b: Basculegion|0 fnt\n|faint|p1b: Basculegion\n|\n|-heal|p1a: Milotic|88\/100|[from] item: Leftovers\n|upkeep\n|inactive|Tritus ELITE 4 has 120 seconds left.\n|\n|t:|1698204784\n|switch|p1b: Pelipper|Pelipper, F|41\/100\n|-weather|RainDance|[from] ability: Drizzle|[of] p1b: Pelipper\n|turn|9\n|\n|t:|1698204807\n|move|p1b: Pelipper|Protect|p1b: Pelipper\n|-singleturn|p1b: Pelipper|Protect\n|move|p2a: Cloyster|Surf|p1b: Pelipper|[spread] p1a\n|-activate|p1b: Pelipper|move: Protect\n|-immune|p2b: Lumineon|[from] ability: Storm Drain\n|-resisted|p1a: Milotic\n|-damage|p1a: Milotic|64\/100\n|move|p2b: Lumineon|Hydro Pump|p1a: Milotic\n|-resisted|p1a: Milotic\n|-damage|p1a: Milotic|0 fnt\n|faint|p1a: Milotic\n|\n|-weather|RainDance|[upkeep]\n|-heal|p1b: Pelipper|47\/100|[from] item: Leftovers\n|-sideend|p2: larsonshark|move: Tailwind\n|upkeep\n|\n|t:|1698204810\n|switch|p1a: Ludicolo|Ludicolo, M|100\/100\n|turn|10\n|\n|t:|1698204826\n|move|p2a: Cloyster|Signal Beam|p1a: Ludicolo\n|-supereffective|p1a: Ludicolo\n|-damage|p1a: Ludicolo|14\/100\n|move|p1a: Ludicolo|Giga Drain|p2b: Lumineon\n|-supereffective|p2b: Lumineon\n|-damage|p2b: Lumineon|0 fnt\n|-heal|p1a: Ludicolo|43\/100|[from] drain|[of] p2b: Lumineon\n|faint|p2b: Lumineon\n|-damage|p1a: Ludicolo|33\/100|[from] item: Life Orb\n|move|p1b: Pelipper|Scald|p2a: Cloyster\n|-resisted|p2a: Cloyster\n|-damage|p2a: Cloyster|0 fnt\n|faint|p2a: Cloyster\n|\n|-weather|RainDance|[upkeep]\n|-heal|p1b: Pelipper|54\/100|[from] item: Leftovers\n|upkeep\n|\n|t:|1698204838\n|switch|p2b: Floatzel|Floatzel, M|100\/100\n|switch|p2a: Pelipper|Pelipper, F|100\/100\n|turn|11\n|\n|t:|1698204858\n|move|p2b: Floatzel|Wave Crash|p1a: Ludicolo\n|-resisted|p1a: Ludicolo\n|-damage|p1a: Ludicolo|0 fnt\n|faint|p1a: Ludicolo\n|-damage|p2b: Floatzel|90\/100|[from] Recoil\n|move|p2a: Pelipper|Hurricane|p1b: Pelipper\n|-damage|p1b: Pelipper|7\/100\n|move|p1b: Pelipper|Hurricane|p2a: Pelipper\n|-damage|p2a: Pelipper|60\/100\n|\n|-weather|RainDance|[upkeep]\n|-heal|p1b: Pelipper|13\/100|[from] item: Leftovers\n|upkeep\n|turn|12\n|c|\u2606larsonshark|gg\n|-message|Tritus ELITE 4 forfeited.\n|\n|win|larsonshark\n|raw|Tritus ELITE 4's rating: 1095 &rarr; <strong>1075<\/strong><br \/>(-20 for losing)\n|raw|larsonshark's rating: 1150 &rarr; <strong>1171<\/strong><br \/>(+21 for winning)\n|l|\u2606Tritus ELITE 4\n","uploadtime":1698204873,"views":14,"p1id":"trituselite4","p2id":"larsonshark","formatid":"gen9nationaldexdoubles","rating":1075,"private":0,"password":""}