{"id":"gen9nationaldexdoubles-1993642565","p1":"TantrumRK9","p2":"CNBlitz","format":"[Gen 9] National Dex Doubles","log":"|j|\u2606TantrumRK9\n|j|\u2606CNBlitz\n|t:|1700340715\n|gametype|doubles\n|player|p1|TantrumRK9|benga|\n|player|p2|CNBlitz|170|\n|teamsize|p1|6\n|teamsize|p2|6\n|gen|9\n|tier|[Gen 9] National Dex Doubles\n|rule|HP Percentage Mod: HP is shown in percentages\n|rule|Endless Battle Clause: Forcing endless battles is banned\n|rule|OHKO Clause: OHKO moves are banned\n|rule|Evasion Moves Clause: Evasion moves are banned\n|rule|Evasion Abilities Clause: Evasion abilities are banned\n|rule|Species Clause: Limit one of each Pok\u00e9mon\n|rule|Gravity Sleep Clause: The combination of sleep-inducing moves with imperfect accuracy and Gravity or Gigantamax Orbeetle are banned\n|clearpoke\n|poke|p1|Samurott-Hisui, M|\n|poke|p1|Moltres-Galar|\n|poke|p1|Slowbro, F|\n|poke|p1|Lilligant, F|\n|poke|p1|Rillaboom, M|\n|poke|p1|Weavile, M|\n|poke|p2|Bellibolt, M|\n|poke|p2|Mabosstiff, M|\n|poke|p2|Squawkabilly, F|\n|poke|p2|Oinkologne-F, F|\n|poke|p2|Toedscruel, M|\n|poke|p2|Gholdengo|\n|teampreview\n|\n|t:|1700340748\n|start\n|switch|p1a: GareBare|Weavile, M, shiny|100\/100\n|switch|p1b: Lilly|Lilligant, F, shiny|100\/100\n|switch|p2a: Squawkabilly|Squawkabilly, F|100\/100\n|switch|p2b: Bellibolt|Bellibolt, M|100\/100\n|-ability|p1a: GareBare|Pressure\n|turn|1\n|\n|t:|1700340765\n|move|p2a: Squawkabilly|Protect|p2a: Squawkabilly\n|-singleturn|p2a: Squawkabilly|Protect\n|move|p1a: GareBare|Fake Out|p2b: Bellibolt\n|-damage|p2b: Bellibolt|93\/100\n|move|p1b: Lilly|Sleep Powder|p2a: Squawkabilly\n|-activate|p2a: Squawkabilly|move: Protect\n|cant|p2b: Bellibolt|flinch\n|\n|-heal|p2b: Bellibolt|99\/100|[from] item: Leftovers\n|-status|p2a: Squawkabilly|brn|[from] item: Flame Orb\n|upkeep\n|turn|2\n|\n|t:|1700340800\n|-terastallize|p2a: Squawkabilly|Ground\n|move|p1a: GareBare|Ice Shard|p2a: Squawkabilly\n|-supereffective|p2a: Squawkabilly\n|-damage|p2a: Squawkabilly|25\/100 brn\n|move|p2a: Squawkabilly|Facade|p1b: Lilly\n|-damage|p1b: Lilly|0 fnt\n|faint|p1b: Lilly\n|move|p2b: Bellibolt|Parabolic Charge|p1a: GareBare|[spread] p1a\n|-immune|p2a: Squawkabilly\n|-damage|p1a: GareBare|85\/100\n|-heal|p2b: Bellibolt|100\/100|[from] drain|[of] p1a: GareBare\n|\n|-damage|p2a: Squawkabilly|19\/100 brn|[from] brn\n|upkeep\n|\n|t:|1700340816\n|switch|p1b: Wakeem|Moltres-Galar|100\/100\n|turn|3\n|\n|t:|1700340838\n|move|p2a: Squawkabilly|Protect|p2a: Squawkabilly\n|-singleturn|p2a: Squawkabilly|Protect\n|move|p1a: GareBare|Knock Off|p2b: Bellibolt\n|-damage|p2b: Bellibolt|68\/100\n|-enditem|p2b: Bellibolt|Leftovers|[from] move: Knock Off|[of] p1a: GareBare\n|move|p1b: Wakeem|Nasty Plot|p1b: Wakeem\n|-boost|p1b: Wakeem|spa|2\n|move|p2b: Bellibolt|Parabolic Charge|p1a: GareBare|[spread] p1a,p1b\n|-activate|p2a: Squawkabilly|move: Protect\n|-supereffective|p1b: Wakeem\n|-damage|p1a: GareBare|69\/100\n|-heal|p2b: Bellibolt|74\/100|[from] drain|[of] p1a: GareBare\n|-damage|p1b: Wakeem|72\/100\n|-heal|p2b: Bellibolt|84\/100|[from] drain|[of] p1b: Wakeem\n|\n|-damage|p2a: Squawkabilly|13\/100 brn|[from] brn\n|upkeep\n|turn|4\n|\n|t:|1700340864\n|-terastallize|p1b: Wakeem|Steel\n|move|p1a: GareBare|Ice Shard|p2a: Squawkabilly\n|-supereffective|p2a: Squawkabilly\n|-damage|p2a: Squawkabilly|0 fnt\n|faint|p2a: Squawkabilly\n|move|p1b: Wakeem|Nasty Plot|p1b: Wakeem\n|-boost|p1b: Wakeem|spa|2\n|move|p2b: Bellibolt|Parabolic Charge|p1b: Wakeem|[spread] p1a,p1b\n|-damage|p1a: GareBare|52\/100\n|-heal|p2b: Bellibolt|90\/100|[from] drain|[of] p1a: GareBare\n|-damage|p1b: Wakeem|57\/100\n|-heal|p2b: Bellibolt|96\/100|[from] drain|[of] p1b: Wakeem\n|\n|upkeep\n|\n|t:|1700340881\n|switch|p2a: Mabosstiff|Mabosstiff, M|100\/100\n|-ability|p2a: Mabosstiff|Intimidate|boost\n|-unboost|p1a: GareBare|atk|1\n|-unboost|p1b: Wakeem|atk|1\n|turn|5\n|\n|t:|1700340895\n|move|p2a: Mabosstiff|Play Rough|p1b: Wakeem\n|-resisted|p1b: Wakeem\n|-damage|p1b: Wakeem|40\/100\n|-ability|p1b: Wakeem|Berserk|boost\n|-boost|p1b: Wakeem|spa|1\n|move|p1a: GareBare|Low Kick|p2a: Mabosstiff\n|-supereffective|p2a: Mabosstiff\n|-damage|p2a: Mabosstiff|55\/100\n|move|p1b: Wakeem|Fiery Wrath|p2a: Mabosstiff|[spread] p2a,p2b\n|-resisted|p2a: Mabosstiff\n|-damage|p2a: Mabosstiff|0 fnt\n|-damage|p2b: Bellibolt|0 fnt\n|faint|p2a: Mabosstiff\n|faint|p2b: Bellibolt\n|\n|upkeep\n|\n|t:|1700340910\n|switch|p2a: Oinkologne|Oinkologne-F, F|100\/100\n|switch|p2b: Gholdengo|Gholdengo|100\/100\n|turn|6\n|\n|t:|1700340926\n|move|p1a: GareBare|Knock Off|p2b: Gholdengo\n|-supereffective|p2b: Gholdengo\n|-damage|p2b: Gholdengo|22\/100\n|-enditem|p2b: Gholdengo|Covert Cloak|[from] move: Knock Off|[of] p1a: GareBare\n|move|p2b: Gholdengo|Dazzling Gleam|p1a: GareBare|[spread] p1a,p1b\n|-supereffective|p1a: GareBare\n|-resisted|p1b: Wakeem\n|-damage|p1a: GareBare|10\/100\n|-damage|p1b: Wakeem|31\/100\n|move|p1b: Wakeem|Fiery Wrath|p2b: Gholdengo|[spread] p2a,p2b\n|-supereffective|p2b: Gholdengo\n|-damage|p2a: Oinkologne|4\/100\n|-damage|p2b: Gholdengo|0 fnt\n|-enditem|p2a: Oinkologne|Ganlon Berry|[eat]\n|-boost|p2a: Oinkologne|def|1|[from] item: Ganlon Berry\n|faint|p2b: Gholdengo\n|move|p2a: Oinkologne|Stuff Cheeks||[still]\n|-fail|p2a: Oinkologne\n|\n|upkeep\n|\n|t:|1700340944\n|switch|p2b: Toedscruel|Toedscruel, M|100\/100\n|turn|7\n|\n|t:|1700340958\n|move|p1a: GareBare|Ice Shard|p2b: Toedscruel\n|-supereffective|p2b: Toedscruel\n|-damage|p2b: Toedscruel|25\/100\n|-enditem|p2b: Toedscruel|Red Card|[of] p1a: GareBare\n|drag|p1a: Dumpy|Slowbro, F, shiny|100\/100\n|move|p1b: Wakeem|Fiery Wrath|p2a: Oinkologne|[spread] p2a,p2b\n|-damage|p2a: Oinkologne|0 fnt\n|-damage|p2b: Toedscruel|0 fnt\n|faint|p2a: Oinkologne\n|faint|p2b: Toedscruel\n|\n|win|TantrumRK9\n|l|\u2606CNBlitz\n","uploadtime":1700340995,"views":7,"p1id":"tantrumrk9","p2id":"cnblitz","formatid":"gen9nationaldexdoubles","rating":0,"private":0,"password":""}