{"id":"gen9nationaldexdoubles-1985762132","p1":"LightOfTheRuin","p2":"Soul_lmao_2","format":"[Gen 9] National Dex Doubles","log":"|j|\u2606LightOfTheRuin\n|j|\u2606Soul_lmao_2\n|t:|1699403505\n|gametype|doubles\n|player|p1|LightOfTheRuin|mallow-masters|1190\n|player|p2|Soul_lmao_2|265|1272\n|teamsize|p1|6\n|teamsize|p2|6\n|gen|9\n|tier|[Gen 9] National Dex Doubles\n|rated|\n|rule|HP Percentage Mod: HP is shown in percentages\n|rule|Endless Battle Clause: Forcing endless battles is banned\n|rule|OHKO Clause: OHKO moves are banned\n|rule|Evasion Moves Clause: Evasion moves are banned\n|rule|Evasion Abilities Clause: Evasion abilities are banned\n|rule|Species Clause: Limit one of each Pok\u00e9mon\n|rule|Gravity Sleep Clause: The combination of sleep-inducing moves with imperfect accuracy and Gravity or Gigantamax Orbeetle are banned\n|clearpoke\n|poke|p1|Cherrim, F|\n|poke|p1|Lurantis, F|\n|poke|p1|Charizard, M|\n|poke|p1|Malamar, M|\n|poke|p1|Walking Wake|\n|poke|p1|Golurk|\n|poke|p2|Gyarados, F|\n|poke|p2|Hydreigon, M|\n|poke|p2|Whimsicott, M|\n|poke|p2|Mawile, F|\n|poke|p2|Tyranitar, M|\n|poke|p2|Charizard, F|\n|teampreview\n|\n|t:|1699403564\n|start\n|switch|p1a: Demeter|Lurantis, F|100\/100\n|switch|p1b: Eos|Cherrim, F, shiny|100\/100\n|switch|p2a: Whimsicott|Whimsicott, M|100\/100\n|switch|p2b: Hydreigon|Hydreigon, M, shiny|100\/100\n|turn|1\n|\n|t:|1699403575\n|-terastallize|p2b: Hydreigon|Fire\n|move|p1b: Eos|Protect|p1b: Eos\n|-singleturn|p1b: Eos|Protect\n|move|p2a: Whimsicott|Tailwind|p2a: Whimsicott\n|-sidestart|p2: Soul_lmao_2|move: Tailwind\n|move|p2b: Hydreigon|Heat Wave|p1b: Eos|[spread] p1a\n|-activate|p1b: Eos|move: Protect\n|-supereffective|p1a: Demeter\n|-damage|p1a: Demeter|25\/100\n|move|p1a: Demeter|Superpower|p2b: Hydreigon\n|-damage|p2b: Hydreigon|57\/100\n|-boost|p1a: Demeter|atk|1\n|-boost|p1a: Demeter|def|1\n|\n|upkeep\n|turn|2\n|\n|t:|1699403599\n|switch|p1b: Poseidon|Walking Wake|100\/100\n|move|p2a: Whimsicott|Taunt|p1b: Poseidon\n|-start|p1b: Poseidon|move: Taunt\n|move|p2b: Hydreigon|Heat Wave|p1a: Demeter|[spread] p1a,p1b\n|-supereffective|p1a: Demeter\n|-resisted|p1b: Poseidon\n|-damage|p1a: Demeter|0 fnt\n|-damage|p1b: Poseidon|84\/100\n|faint|p1a: Demeter\n|\n|upkeep\n|\n|t:|1699403607\n|switch|p1a: Apollo|Charizard, M|100\/100\n|turn|3\n|\n|t:|1699403625\n|switch|p2b: Tyranitar|Tyranitar, M|100\/100\n|-weather|Sandstorm|[from] ability: Sand Stream|[of] p2b: Tyranitar\n|detailschange|p1a: Apollo|Charizard-Mega-Y, M\n|-mega|p1a: Apollo|Charizard|Charizardite Y\n|-weather|SunnyDay|[from] ability: Drought|[of] p1a: Apollo\n|-activate|p1b: Poseidon|ability: Protosynthesis\n|-start|p1b: Poseidon|protosynthesisspa\n|-terastallize|p1b: Poseidon|Water\n|move|p2a: Whimsicott|Protect|p2a: Whimsicott\n|-singleturn|p2a: Whimsicott|Protect\n|move|p1b: Poseidon|Hydro Steam|p2b: Tyranitar\n|-supereffective|p2b: Tyranitar\n|-damage|p2b: Tyranitar|0 fnt\n|faint|p2b: Tyranitar\n|move|p1a: Apollo|Heat Wave|p2a: Whimsicott\n|-activate|p2a: Whimsicott|move: Protect\n|\n|-weather|SunnyDay|[upkeep]\n|upkeep\n|\n|t:|1699403651\n|switch|p2b: Hydreigon|Hydreigon, M, shiny, tera:Fire|57\/100\n|turn|4\n|\n|t:|1699403669\n|switch|p2a: Gyarados|Gyarados, F|100\/100\n|-ability|p2a: Gyarados|Intimidate|boost\n|-unboost|p1a: Apollo|atk|1\n|-unboost|p1b: Poseidon|atk|1\n|move|p2b: Hydreigon|Draco Meteor|p1b: Poseidon\n|-damage|p1b: Poseidon|0 fnt\n|-unboost|p2b: Hydreigon|spa|2\n|faint|p1b: Poseidon\n|-end|p1b: Poseidon|Protosynthesis|[silent]\n|move|p1a: Apollo|Heat Wave|p2a: Gyarados|[spread] p2a,p2b\n|-resisted|p2a: Gyarados\n|-resisted|p2b: Hydreigon\n|-damage|p2a: Gyarados|70\/100\n|-damage|p2b: Hydreigon|23\/100\n|\n|-weather|SunnyDay|[upkeep]\n|-sideend|p2: Soul_lmao_2|move: Tailwind\n|upkeep\n|\n|t:|1699403683\n|switch|p1b: Eos|Cherrim, F, shiny|100\/100\n|-formechange|p1b: Eos|Cherrim-Sunshine|[msg]|[from] ability: Flower Gift\n|turn|5\n|\n|t:|1699403692\n|move|p2a: Gyarados|Protect|p2a: Gyarados\n|-singleturn|p2a: Gyarados|Protect\n|move|p1b: Eos|Protect|p1b: Eos\n|-singleturn|p1b: Eos|Protect\n|move|p2b: Hydreigon|Draco Meteor|p1a: Apollo\n|-damage|p1a: Apollo|75\/100\n|-unboost|p2b: Hydreigon|spa|2\n|move|p1a: Apollo|Air Slash|p2b: Hydreigon\n|-damage|p2b: Hydreigon|0 fnt\n|faint|p2b: Hydreigon\n|\n|-weather|SunnyDay|[upkeep]\n|upkeep\n|\n|t:|1699403723\n|switch|p2b: Charizard|Charizard, F|100\/100\n|turn|6\n|\n|t:|1699403785\n|switch|p1b: Hades|Malamar, M|100\/100\n|detailschange|p2b: Charizard|Charizard-Mega-Y, F\n|-mega|p2b: Charizard|Charizard|Charizardite Y\n|move|p2b: Charizard|Protect|p2b: Charizard\n|-singleturn|p2b: Charizard|Protect\n|move|p1a: Apollo|Protect|p1a: Apollo\n|-singleturn|p1a: Apollo|Protect\n|move|p2a: Gyarados|Dragon Dance|p2a: Gyarados\n|-boost|p2a: Gyarados|atk|1\n|-boost|p2a: Gyarados|spe|1\n|\n|-weather|SunnyDay|[upkeep]\n|upkeep\n|turn|7\n|\n|t:|1699403800\n|move|p2a: Gyarados|Protect|p2a: Gyarados\n|-singleturn|p2a: Gyarados|Protect\n|move|p2b: Charizard|Heat Wave|p1b: Hades|[spread] p1b\n|-miss|p2b: Charizard|p1a: Apollo\n|-damage|p1b: Hades|45\/100\n|move|p1a: Apollo|Air Slash|p2a: Gyarados\n|-activate|p2a: Gyarados|move: Protect\n|move|p1b: Hades|Trick Room|p1b: Hades\n|-fieldstart|move: Trick Room|[of] p1b: Hades\n|\n|-weather|none\n|upkeep\n|turn|8\n|\n|t:|1699403822\n|move|p1b: Hades|Topsy-Turvy|p2a: Gyarados\n|-invertboost|p2a: Gyarados|[from] move: Topsy-Turvy\n|move|p2a: Gyarados|Waterfall|p1a: Apollo\n|-supereffective|p1a: Apollo\n|-damage|p1a: Apollo|18\/100\n|move|p1a: Apollo|Air Slash|p2b: Charizard\n|-damage|p2b: Charizard|59\/100\n|move|p2b: Charizard|Air Slash|p1b: Hades\n|-damage|p1b: Hades|11\/100\n|\n|upkeep\n|turn|9\n|\n|t:|1699403839\n|move|p2a: Gyarados|Protect|p2a: Gyarados\n|-singleturn|p2a: Gyarados|Protect\n|move|p1b: Hades|Knock Off|p2a: Gyarados\n|-activate|p2a: Gyarados|move: Protect\n|move|p1a: Apollo|Air Slash|p2b: Charizard\n|-damage|p2b: Charizard|12\/100\n|cant|p2b: Charizard|flinch\n|\n|upkeep\n|turn|10\n|\n|t:|1699403875\n|move|p2a: Gyarados|Protect||[still]\n|-fail|p2a: Gyarados\n|move|p2b: Charizard|Protect|p2b: Charizard\n|-singleturn|p2b: Charizard|Protect\n|move|p1b: Hades|Knock Off|p2a: Gyarados\n|-damage|p2a: Gyarados|27\/100\n|-enditem|p2a: Gyarados|Mystic Water|[from] move: Knock Off|[of] p1b: Hades\n|move|p1a: Apollo|Air Slash|p2b: Charizard\n|-activate|p2b: Charizard|move: Protect\n|\n|upkeep\n|turn|11\n|\n|t:|1699403896\n|switch|p2b: Mawile|Mawile, F|100\/100\n|-ability|p2b: Mawile|Intimidate|boost\n|-unboost|p1a: Apollo|atk|1\n|-boost|p1b: Hades|atk|1\n|move|p1b: Hades|Knock Off|p2b: Mawile\n|-resisted|p2b: Mawile\n|-damage|p2b: Mawile|80\/100\n|move|p2a: Gyarados|Waterfall|p1a: Apollo\n|-supereffective|p1a: Apollo\n|-damage|p1a: Apollo|0 fnt\n|faint|p1a: Apollo\n|\n|-fieldend|move: Trick Room\n|upkeep\n|\n|t:|1699403906\n|switch|p1a: Thanatos|Golurk, shiny|100\/100\n|turn|12\n|\n|t:|1699403914\n|move|p1b: Hades|Protect|p1b: Hades\n|-singleturn|p1b: Hades|Protect\n|move|p2b: Mawile|Sucker Punch||[still]\n|-fail|p2b: Mawile\n|move|p2a: Gyarados|Waterfall|p1a: Thanatos\n|-supereffective|p1a: Thanatos\n|-damage|p1a: Thanatos|39\/100\n|move|p1a: Thanatos|Thunder Punch|p2a: Gyarados\n|-supereffective|p2a: Gyarados\n|-damage|p2a: Gyarados|0 fnt\n|faint|p2a: Gyarados\n|\n|upkeep\n|\n|t:|1699403925\n|switch|p2a: Whimsicott|Whimsicott, M|100\/100\n|turn|13\n|\n|t:|1699403936\n|move|p2a: Whimsicott|Tailwind|p2a: Whimsicott\n|-sidestart|p2: Soul_lmao_2|move: Tailwind\n|move|p2b: Mawile|Swords Dance|p2b: Mawile\n|-boost|p2b: Mawile|atk|2\n|move|p1a: Thanatos|Shadow Punch|p2a: Whimsicott\n|-damage|p2a: Whimsicott|51\/100\n|move|p1b: Hades|Trick Room|p1b: Hades\n|-fieldstart|move: Trick Room|[of] p1b: Hades\n|\n|upkeep\n|turn|14\n|\n|t:|1699403949\n|move|p2b: Mawile|Sucker Punch|p1a: Thanatos\n|-supereffective|p1a: Thanatos\n|-damage|p1a: Thanatos|0 fnt\n|faint|p1a: Thanatos\n|move|p2a: Whimsicott|Taunt|p1b: Hades\n|-hint|Since gen 7, Dark is immune to Prankster moves.\n|-immune|p1b: Hades\n|move|p1b: Hades|Topsy-Turvy|p2b: Mawile\n|-invertboost|p2b: Mawile|[from] move: Topsy-Turvy\n|\n|upkeep\n|\n|t:|1699403952\n|switch|p1a: Eos|Cherrim, F, shiny|100\/100\n|turn|15\n|\n|t:|1699403969\n|move|p1b: Hades|Knock Off|p2a: Whimsicott\n|-resisted|p2a: Whimsicott\n|-damage|p2a: Whimsicott|29\/100\n|-enditem|p2a: Whimsicott|Focus Sash|[from] move: Knock Off|[of] p1b: Hades\n|move|p1a: Eos|Pollen Puff|p1b: Hades\n|-heal|p1b: Hades|61\/100\n|move|p2b: Mawile|Swords Dance|p2b: Mawile\n|-boost|p2b: Mawile|atk|2\n|move|p2a: Whimsicott|Giga Drain|p1b: Hades\n|-damage|p1b: Hades|46\/100\n|-heal|p2a: Whimsicott|38\/100|[from] drain|[of] p1b: Hades\n|\n|upkeep\n|turn|16\n|\n|t:|1699403986\n|move|p2a: Whimsicott|Protect|p2a: Whimsicott\n|-singleturn|p2a: Whimsicott|Protect\n|move|p2b: Mawile|Sucker Punch|p1b: Hades\n|-damage|p1b: Hades|24\/100\n|move|p1b: Hades|Knock Off|p2a: Whimsicott\n|-activate|p2a: Whimsicott|move: Protect\n|move|p1a: Eos|Pollen Puff|p1b: Hades\n|-heal|p1b: Hades|74\/100\n|\n|-sideend|p2: Soul_lmao_2|move: Tailwind\n|upkeep\n|turn|17\n|\n|t:|1699404003\n|move|p2a: Whimsicott|Tailwind|p2a: Whimsicott\n|-sidestart|p2: Soul_lmao_2|move: Tailwind\n|move|p1b: Hades|Knock Off|p2b: Mawile\n|-resisted|p2b: Mawile\n|-damage|p2b: Mawile|59\/100\n|move|p1a: Eos|Tickle|p1b: Hades\n|-boost|p1b: Hades|atk|1\n|-boost|p1b: Hades|def|1\n|move|p2b: Mawile|Play Rough|p1b: Hades\n|-supereffective|p1b: Hades\n|-damage|p1b: Hades|16\/100\n|-boost|p1b: Hades|atk|1\n|\n|-fieldend|move: Trick Room\n|upkeep\n|turn|18\n|\n|t:|1699404025\n|move|p2a: Whimsicott|Taunt|p1b: Hades\n|-hint|Since gen 7, Dark is immune to Prankster moves.\n|-immune|p1b: Hades\n|move|p2b: Mawile|Swords Dance|p2b: Mawile\n|-boost|p2b: Mawile|atk|2\n|move|p1a: Eos|Pollen Puff|p2a: Whimsicott\n|-damage|p2a: Whimsicott|17\/100\n|move|p1b: Hades|Trick Room|p1b: Hades\n|-fieldstart|move: Trick Room|[of] p1b: Hades\n|\n|upkeep\n|turn|19\n|\n|t:|1699404042\n|move|p2b: Mawile|Sucker Punch||[still]\n|-fail|p2b: Mawile\n|move|p1b: Hades|Topsy-Turvy|p2b: Mawile\n|-invertboost|p2b: Mawile|[from] move: Topsy-Turvy\n|move|p1a: Eos|Pollen Puff|p1b: Hades\n|-heal|p1b: Hades|66\/100\n|move|p2a: Whimsicott|Giga Drain|p1a: Eos\n|-resisted|p1a: Eos\n|-damage|p1a: Eos|89\/100\n|-heal|p2a: Whimsicott|23\/100|[from] drain|[of] p1a: Eos\n|\n|-heal|p1a: Eos|95\/100|[from] item: Leftovers\n|upkeep\n|turn|20\n|\n|t:|1699404058\n|move|p1b: Hades|Knock Off|p2a: Whimsicott\n|-resisted|p2a: Whimsicott\n|-damage|p2a: Whimsicott|0 fnt\n|faint|p2a: Whimsicott\n|move|p1a: Eos|Pollen Puff|p2b: Mawile\n|-resisted|p2b: Mawile\n|-damage|p2b: Mawile|51\/100\n|move|p2b: Mawile|Play Rough|p1b: Hades\n|-supereffective|p1b: Hades\n|-damage|p1b: Hades|42\/100\n|\n|-heal|p1a: Eos|100\/100|[from] item: Leftovers\n|-sideend|p2: Soul_lmao_2|move: Tailwind\n|upkeep\n|\n|t:|1699404070\n|switch|p2a: Charizard|Charizard-Mega-Y, F|12\/100\n|-weather|SunnyDay|[from] ability: Drought|[of] p2a: Charizard\n|-formechange|p1a: Eos|Cherrim-Sunshine|[msg]|[from] ability: Flower Gift\n|turn|21\n|\n|t:|1699404077\n|move|p2a: Charizard|Protect|p2a: Charizard\n|-singleturn|p2a: Charizard|Protect\n|move|p1b: Hades|Knock Off|p2a: Charizard\n|-activate|p2a: Charizard|move: Protect\n|move|p2b: Mawile|Swords Dance|p2b: Mawile\n|-boost|p2b: Mawile|atk|2\n|move|p1a: Eos|Pollen Puff|p1b: Hades\n|-heal|p1b: Hades|92\/100\n|\n|-weather|SunnyDay|[upkeep]\n|upkeep\n|turn|22\n|\n|t:|1699404105\n|move|p2a: Charizard|Protect||[still]\n|-fail|p2a: Charizard\n|move|p1b: Hades|Knock Off|p2a: Charizard\n|-damage|p2a: Charizard|0 fnt\n|faint|p2a: Charizard\n|move|p2b: Mawile|Iron Head|p1b: Hades\n|-damage|p1b: Hades|67\/100\n|move|p1a: Eos|Tickle|p1b: Hades\n|-boost|p1b: Hades|atk|1\n|-boost|p1b: Hades|def|1\n|\n|-weather|SunnyDay|[upkeep]\n|-fieldend|move: Trick Room\n|upkeep\n|turn|23\n|\n|t:|1699404119\n|move|p1a: Eos|Tickle|p1b: Hades\n|-boost|p1b: Hades|atk|1\n|-boost|p1b: Hades|def|1\n|move|p2b: Mawile|Play Rough|p1b: Hades\n|-supereffective|p1b: Hades\n|-damage|p1b: Hades|35\/100\n|move|p1b: Hades|Knock Off|p2b: Mawile\n|-resisted|p2b: Mawile\n|-damage|p2b: Mawile|0 fnt\n|faint|p2b: Mawile\n|\n|win|LightOfTheRuin\n|raw|LightOfTheRuin's rating: 1190 &rarr; <strong>1221<\/strong><br \/>(+31 for winning)\n|raw|Soul_lmao_2's rating: 1272 &rarr; <strong>1241<\/strong><br \/>(-31 for losing)\n","uploadtime":1699404126,"views":6,"p1id":"lightoftheruin","p2id":"soullmao2","formatid":"gen9nationaldexdoubles","rating":1221,"private":0,"password":""}