{"id":"gen9nationaldexdoubles-1972295226","p1":"MegaMania001","p2":"WIISPORTSFAN420","format":"[Gen 9] National Dex Doubles","log":"|j|\u2606MegaMania001\n|j|\u2606WIISPORTSFAN420\n|t:|1697828874\n|gametype|doubles\n|player|p1|MegaMania001|winona|\n|player|p2|WIISPORTSFAN420|170|\n|teamsize|p1|6\n|teamsize|p2|6\n|gen|9\n|tier|[Gen 9] National Dex Doubles\n|rule|HP Percentage Mod: HP is shown in percentages\n|rule|Endless Battle Clause: Forcing endless battles is banned\n|rule|OHKO Clause: OHKO moves are banned\n|rule|Evasion Moves Clause: Evasion moves are banned\n|rule|Evasion Abilities Clause: Evasion abilities are banned\n|rule|Species Clause: Limit one of each Pok\u00e9mon\n|rule|Gravity Sleep Clause: The combination of sleep-inducing moves with imperfect accuracy and Gravity or Gigantamax Orbeetle are banned\n|clearpoke\n|poke|p1|Meowscarada, M|\n|poke|p1|Incineroar, M|\n|poke|p1|Aegislash, F|\n|poke|p1|Fezandipiti, M|\n|poke|p1|Articuno-Galar|\n|poke|p1|Regieleki|\n|poke|p2|Chi-Yu|\n|poke|p2|Dondozo, F|\n|poke|p2|Gardevoir, M|\n|poke|p2|Arcanine-Hisui, F|\n|poke|p2|Murkrow, M|\n|poke|p2|Brute Bonnet|\n|teampreview\n|inactive|Battle timer is ON: inactive players will automatically lose when time's up. (requested by MegaMania001)\n|\n|t:|1697828894\n|start\n|switch|p1a: Zippy zappy|Regieleki|100\/100\n|switch|p1b: John Cena|Incineroar, M, shiny|100\/100\n|switch|p2a: big dawg|Arcanine-Hisui, F|100\/100\n|switch|p2b: funny hat guy|Murkrow, M, shiny|100\/100\n|-ability|p2a: big dawg|Intimidate|boost\n|-unboost|p1a: Zippy zappy|atk|1\n|-unboost|p1b: John Cena|atk|1\n|-ability|p1b: John Cena|Intimidate|boost\n|-unboost|p2a: big dawg|atk|1\n|-unboost|p2b: funny hat guy|atk|1\n|turn|1\n|\n|t:|1697828911\n|move|p1b: John Cena|Fake Out|p2b: funny hat guy\n|-damage|p2b: funny hat guy|86\/100\n|cant|p2b: funny hat guy|flinch\n|move|p1a: Zippy zappy|Electroweb|p2a: big dawg|[spread] p2a,p2b\n|-supereffective|p2b: funny hat guy\n|-damage|p2a: big dawg|64\/100\n|-damage|p2b: funny hat guy|37\/100\n|-unboost|p2a: big dawg|spe|1\n|-unboost|p2b: funny hat guy|spe|1\n|move|p2a: big dawg|Head Smash|p1a: Zippy zappy\n|-damage|p1a: Zippy zappy|0 fnt\n|faint|p1a: Zippy zappy\n|-damage|p2a: big dawg|18\/100|[from] Recoil\n|\n|upkeep\n|\n|t:|1697828928\n|switch|p1a: Weed Wizard|Meowscarada, M|100\/100\n|turn|2\n|\n|t:|1697828948\n|move|p2b: funny hat guy|Tailwind|p2b: funny hat guy\n|-sidestart|p2: WIISPORTSFAN420|move: Tailwind\n|move|p1a: Weed Wizard|Power Gem|p2b: funny hat guy\n|-start|p1a: Weed Wizard|typechange|Rock|[from] ability: Protean\n|-supereffective|p2b: funny hat guy\n|-damage|p2b: funny hat guy|0 fnt\n|faint|p2b: funny hat guy\n|-damage|p1a: Weed Wizard|91\/100|[from] item: Life Orb\n|move|p2a: big dawg|Head Smash|p1b: John Cena|[miss]\n|-miss|p2a: big dawg|p1b: John Cena\n|move|p1b: John Cena|Brick Break|p2a: big dawg\n|-supereffective|p2a: big dawg\n|-damage|p2a: big dawg|0 fnt\n|faint|p2a: big dawg\n|\n|upkeep\n|\n|t:|1697828968\n|switch|p2a: big guy|Dondozo, F|100\/100\n|switch|p2b: lil guy|Chi-Yu|100\/100\n|-ability|p2b: lil guy|Beads of Ruin\n|turn|3\n|inactive|MegaMania001 has 270 seconds left.\n|\n|t:|1697829007\n|switch|p1a: Polly|Fezandipiti, M|100\/100\n|switch|p1b: Gazerbeam|Articuno-Galar|100\/100\n|move|p2b: lil guy|Protect|p2b: lil guy\n|-singleturn|p2b: lil guy|Protect\n|move|p2a: big guy|Wave Crash|p1a: Polly\n|-damage|p1a: Polly|50\/100\n|-damage|p2a: big guy|90\/100|[from] Recoil\n|\n|-heal|p1a: Polly|56\/100|[from] item: Black Sludge\n|-heal|p2a: big guy|96\/100|[from] item: Leftovers\n|upkeep\n|turn|4\n|inactive|MegaMania001 has 270 seconds left.\n|\n|t:|1697829029\n|switch|p1b: John Cena|Incineroar, M, shiny|100\/100\n|-ability|p1b: John Cena|Intimidate|boost\n|-unboost|p2a: big guy|atk|1\n|-unboost|p2b: lil guy|atk|1\n|move|p2b: lil guy|Heat Wave|p1b: John Cena|[spread] p1a,p1b\n|-resisted|p1b: John Cena\n|-damage|p1a: Polly|0 fnt\n|-damage|p1b: John Cena|77\/100\n|faint|p1a: Polly\n|-damage|p2b: lil guy|91\/100|[from] item: Life Orb\n|move|p2a: big guy|Wave Crash|p1b: John Cena\n|-supereffective|p1b: John Cena\n|-damage|p1b: John Cena|25\/100\n|-damage|p2a: big guy|83\/100|[from] Recoil\n|\n|-heal|p2a: big guy|89\/100|[from] item: Leftovers\n|upkeep\n|inactive|MegaMania001 has 270 seconds left.\n|\n|t:|1697829051\n|switch|p1a: King Arthur|Aegislash, F|100\/100\n|turn|5\n|\n|t:|1697829059\n|move|p1a: King Arthur|King's Shield|p1a: King Arthur\n|-singleturn|p1a: King Arthur|Protect\n|move|p1b: John Cena|Fake Out|p2a: big guy\n|-damage|p2a: big guy|81\/100\n|move|p2b: lil guy|Heat Wave|p1b: John Cena|[spread] p1b\n|-activate|p1a: King Arthur|move: Protect\n|-resisted|p1b: John Cena\n|-damage|p1b: John Cena|5\/100\n|-damage|p2b: lil guy|81\/100|[from] item: Life Orb\n|cant|p2a: big guy|flinch\n|\n|-heal|p2a: big guy|87\/100|[from] item: Leftovers\n|-sideend|p2: WIISPORTSFAN420|move: Tailwind\n|upkeep\n|turn|6\n|inactive|MegaMania001 has 270 seconds left.\n|\n|t:|1697829095\n|switch|p1b: Gazerbeam|Articuno-Galar|100\/100\n|move|p2b: lil guy|Heat Wave|p1a: King Arthur|[spread] p1a,p1b\n|-supereffective|p1a: King Arthur\n|-damage|p1a: King Arthur|11\/100\n|-damage|p1b: Gazerbeam|21\/100\n|-damage|p2b: lil guy|71\/100|[from] item: Life Orb\n|move|p1a: King Arthur|Toxic|p2a: big guy\n|-status|p2a: big guy|tox\n|move|p2a: big guy|Yawn|p1a: King Arthur\n|-start|p1a: King Arthur|move: Yawn|[of] p2a: big guy\n|\n|-heal|p1a: King Arthur|17\/100|[from] item: Leftovers\n|-heal|p2a: big guy|94\/100 tox|[from] item: Leftovers\n|-damage|p2a: big guy|87\/100 tox|[from] psn\n|upkeep\n|turn|7\n|inactive|MegaMania001 has 270 seconds left.\n|\n|t:|1697829119\n|move|p1a: King Arthur|King's Shield|p1a: King Arthur\n|-singleturn|p1a: King Arthur|Protect\n|move|p1b: Gazerbeam|Ancient Power|p2b: lil guy\n|-supereffective|p2b: lil guy\n|-damage|p2b: lil guy|6\/100\n|move|p2b: lil guy|Heat Wave|p1b: Gazerbeam|[spread] p1b\n|-activate|p1a: King Arthur|move: Protect\n|-crit|p1b: Gazerbeam\n|-damage|p1b: Gazerbeam|0 fnt\n|faint|p1b: Gazerbeam\n|-damage|p2b: lil guy|0 fnt|[from] item: Life Orb\n|faint|p2b: lil guy\n|move|p2a: big guy|Wave Crash|p1a: King Arthur\n|-activate|p1a: King Arthur|move: Protect\n|-unboost|p2a: big guy|atk|1\n|\n|-heal|p1a: King Arthur|23\/100|[from] item: Leftovers\n|-heal|p2a: big guy|94\/100 tox|[from] item: Leftovers\n|-damage|p2a: big guy|81\/100 tox|[from] psn\n|-end|p1a: King Arthur|move: Yawn|[silent]\n|-status|p1a: King Arthur|slp\n|upkeep\n|\n|t:|1697829138\n|switch|p1b: Weed Wizard|Meowscarada, M|91\/100\n|switch|p2b: Keke Tang|Gardevoir, M, shiny|100\/100\n|turn|8\n|\n|t:|1697829160\n|detailschange|p2b: Keke Tang|Gardevoir-Mega, M, shiny\n|-mega|p2b: Keke Tang|Gardevoir|Gardevoirite\n|move|p2a: big guy|Protect|p2a: big guy\n|-singleturn|p2a: big guy|Protect\n|move|p1b: Weed Wizard|Flower Trick|p2a: big guy\n|-start|p1b: Weed Wizard|typechange|Grass|[from] ability: Protean\n|-activate|p2a: big guy|move: Protect\n|move|p2b: Keke Tang|Hyper Voice|p1b: Weed Wizard|[spread] p1a,p1b\n|-resisted|p1a: King Arthur\n|-crit|p1a: King Arthur\n|-damage|p1a: King Arthur|0 fnt\n|-damage|p1b: Weed Wizard|2\/100\n|faint|p1a: King Arthur\n|\n|-heal|p2a: big guy|87\/100 tox|[from] item: Leftovers\n|-damage|p2a: big guy|69\/100 tox|[from] psn\n|upkeep\n|\n|t:|1697829174\n|switch|p1a: John Cena|Incineroar, M, shiny|5\/100\n|-ability|p1a: John Cena|Intimidate|boost\n|-unboost|p2a: big guy|atk|1\n|-unboost|p2b: Keke Tang|atk|1\n|turn|9\n|\n|t:|1697829200\n|move|p2b: Keke Tang|Protect|p2b: Keke Tang\n|-singleturn|p2b: Keke Tang|Protect\n|move|p1a: John Cena|Fake Out|p2b: Keke Tang\n|-activate|p2b: Keke Tang|move: Protect\n|move|p1b: Weed Wizard|Flower Trick|p2a: big guy\n|-supereffective|p2a: big guy\n|-crit|p2a: big guy\n|-damage|p2a: big guy|0 fnt\n|faint|p2a: big guy\n|-damage|p1b: Weed Wizard|0 fnt|[from] item: Life Orb\n|faint|p1b: Weed Wizard\n|\n|upkeep\n|inactive|WIISPORTSFAN420 has 270 seconds left.\n|\n|t:|1697829211\n|switch|p2a: Bute Bonnet|Brute Bonnet|100\/100\n|turn|10\n|-message|MegaMania001 forfeited.\n|\n|win|WIISPORTSFAN420\n|l|\u2606MegaMania001\n","uploadtime":1697829226,"views":13,"p1id":"megamania001","p2id":"wiisportsfan420","formatid":"gen9nationaldexdoubles","rating":0,"private":0,"password":""}