{"id":"gen9nationaldexdoubles-1962925849","p1":"edgeguard2","p2":"Masoon","format":"[Gen 9] National Dex Doubles","log":"|j|\u2606edgeguard2\n|j|\u2606Masoon\n|t:|1696806054\n|gametype|doubles\n|player|p1|edgeguard2|scientist-gen4dp|1029\n|player|p2|Masoon|teamrocket|1000\n|teamsize|p1|6\n|teamsize|p2|6\n|gen|9\n|tier|[Gen 9] National Dex Doubles\n|rated|\n|rule|HP Percentage Mod: HP is shown in percentages\n|rule|Endless Battle Clause: Forcing endless battles is banned\n|rule|OHKO Clause: OHKO moves are banned\n|rule|Evasion Moves Clause: Evasion moves are banned\n|rule|Evasion Abilities Clause: Evasion abilities are banned\n|rule|Species Clause: Limit one of each Pok\u00e9mon\n|rule|Gravity Sleep Clause: The combination of sleep-inducing moves with imperfect accuracy and Gravity or Gigantamax Orbeetle are banned\n|clearpoke\n|poke|p1|Arcanine, F|\n|poke|p1|Lurantis, F|\n|poke|p1|Swalot, F|\n|poke|p1|Mudsdale, M|\n|poke|p1|Slowbro, M|\n|poke|p1|Farigiraf, M|\n|poke|p2|Arbok, F|\n|poke|p2|Weezing, M|\n|poke|p2|Meowth, M|\n|poke|p2|Wobbuffet, M|\n|poke|p2|Victreebel, M|\n|poke|p2|Mimikyu, F|\n|teampreview\n|c|\u2606edgeguard2|:O\n|c|\u2606Masoon|Prepare for trouble!\n|c|\u2606edgeguard2|Tem Rocket!??\n|c|\u2606Masoon|and make it double!\n|c|\u2606edgeguard2|:O\n|c|\u2606edgeguard2|!\n|c|\u2606Masoon|To protect the world from devastation\n|c|\u2606Masoon|To unite all people within our nation\n|c|\u2606edgeguard2|aint no way bruhh\n|c|\u2606Masoon|To denounce the evils of truth and love\n|c|\u2606Masoon|to extend our each to the stars above!\n|c|\u2606Masoon|Jessie!\n|c|\u2606Masoon|James~\n|c|\u2606edgeguard2|Meowth, thats right!\n|c|\u2606Masoon|Team Rocket blasts off at the speed of light, surrender now or prepare to fight!\n|c|\u2606edgeguard2|oh ye\n|c|\u2606Masoon|Meowwth that's right!!\n|c|\u2606Masoon|WOOOOOOOOOOOOOOOOOOOOOOOBBUFFET\n|c|\u2606edgeguard2|:O !\n|\n|t:|1696806133\n|start\n|switch|p1a: Arcanine|Arcanine, F|100\/100\n|switch|p1b: Slowbro|Slowbro, M|100\/100\n|switch|p2a: Jessie|Arbok, F|100\/100\n|switch|p2b: James|Weezing, M|100\/100\n|-ability|p1a: Arcanine|Intimidate|boost\n|-unboost|p2a: Jessie|atk|1\n|-unboost|p2b: James|atk|1\n|-ability|p2a: Jessie|Intimidate|boost\n|-unboost|p1a: Arcanine|atk|1\n|-unboost|p1b: Slowbro|atk|1\n|turn|1\n|c|\u2606Masoon|We know you're hiding an adorable little Pikachu back there\n|c|\u2606edgeguard2|how did you know??\n|\n|t:|1696806171\n|move|p1a: Arcanine|Flare Blitz|p2a: Jessie\n|-crit|p2a: Jessie\n|-damage|p2a: Jessie|0 fnt\n|faint|p2a: Jessie\n|-damage|p1a: Arcanine|74\/100|[from] Recoil\n|move|p2b: James|Sludge Bomb|p1a: Arcanine\n|-damage|p1a: Arcanine|40\/100\n|move|p1b: Slowbro|Nasty Plot|p1b: Slowbro\n|-boost|p1b: Slowbro|spa|2\n|\n|upkeep\n|\n|t:|1696806185\n|switch|p2a: Mimikyu|Mimikyu, F|100\/100\n|turn|2\n|c|\u2606Masoon|Arbok!!!\n|\n|t:|1696806213\n|move|p2a: Mimikyu|Shadow Claw|p1b: Slowbro\n|-supereffective|p1b: Slowbro\n|-crit|p1b: Slowbro\n|-damage|p1b: Slowbro|25\/100\n|-damage|p2a: Mimikyu|91\/100|[from] item: Life Orb\n|move|p1a: Arcanine|Flare Blitz|p2b: James\n|-damage|p2b: James|49\/100\n|-damage|p1a: Arcanine|23\/100|[from] Recoil\n|move|p2b: James|Clear Smog|p1b: Slowbro\n|-damage|p1b: Slowbro|11\/100\n|-clearboost|p1b: Slowbro\n|move|p1b: Slowbro|Nasty Plot|p1b: Slowbro\n|-boost|p1b: Slowbro|spa|2\n|\n|-heal|p2b: James|55\/100|[from] item: Leftovers\n|-heal|p1b: Slowbro|18\/100|[from] item: Leftovers\n|upkeep\n|turn|3\n|\n|t:|1696806245\n|switch|p1b: Mudsdale|Mudsdale, M|100\/100\n|move|p2a: Mimikyu|Shadow Claw|p1a: Arcanine\n|-crit|p1a: Arcanine\n|-damage|p1a: Arcanine|0 fnt\n|faint|p1a: Arcanine\n|-damage|p2a: Mimikyu|81\/100|[from] item: Life Orb\n|move|p2b: James|Sludge Bomb|p1b: Mudsdale\n|-resisted|p1b: Mudsdale\n|-damage|p1b: Mudsdale|91\/100\n|-ability|p1b: Mudsdale|Stamina|boost\n|-boost|p1b: Mudsdale|def|1\n|\n|-heal|p2b: James|61\/100|[from] item: Leftovers\n|-heal|p1b: Mudsdale|97\/100|[from] item: Leftovers\n|upkeep\n|\n|t:|1696806261\n|switch|p1a: Slowbro|Slowbro, M|51\/100\n|turn|4\n|\n|t:|1696806279\n|switch|p1a: Farigiraf|Farigiraf, M|100\/100\n|move|p2a: Mimikyu|Shadow Claw|p1a: Farigiraf\n|-immune|p1a: Farigiraf\n|move|p2b: James|Will-O-Wisp|p1b: Mudsdale|[miss]\n|-miss|p2b: James|p1b: Mudsdale\n|move|p1b: Mudsdale|Bulldoze|p2b: James|[spread] p1a,p2a\n|-immune|p2b: James|[from] ability: Levitate\n|-damage|p1a: Farigiraf|77\/100\n|-activate|p2a: Mimikyu|ability: Disguise\n|-damage|p2a: Mimikyu|81\/100\n|-unboost|p1a: Farigiraf|spe|1\n|-unboost|p2a: Mimikyu|spe|1\n|detailschange|p2a: Mimikyu|Mimikyu-Busted, F\n|-damage|p2a: Mimikyu|68\/100|[from] pokemon: Mimikyu-Busted\n|\n|-heal|p2b: James|67\/100|[from] item: Leftovers\n|-heal|p1b: Mudsdale|100\/100|[from] item: Leftovers\n|upkeep\n|turn|5\n|\n|t:|1696806319\n|switch|p1a: Slowbro|Slowbro, M|84\/100\n|move|p2a: Mimikyu|Play Rough|p1a: Slowbro\n|-damage|p1a: Slowbro|50\/100\n|-damage|p2a: Mimikyu|58\/100|[from] item: Life Orb\n|move|p2b: James|Will-O-Wisp|p1b: Mudsdale\n|-status|p1b: Mudsdale|brn\n|move|p1b: Mudsdale|Bulldoze|p2a: Mimikyu|[spread] p1a,p2a\n|-immune|p2b: James|[from] ability: Levitate\n|-damage|p1a: Slowbro|44\/100\n|-damage|p2a: Mimikyu|43\/100\n|-unboost|p1a: Slowbro|spe|1\n|-unboost|p2a: Mimikyu|spe|1\n|\n|-heal|p2b: James|73\/100|[from] item: Leftovers\n|-heal|p1a: Slowbro|50\/100|[from] item: Leftovers\n|-damage|p1b: Mudsdale|94\/100 brn|[from] brn\n|upkeep\n|turn|6\n|\n|t:|1696806360\n|switch|p1a: Farigiraf|Farigiraf, M|77\/100\n|move|p2a: Mimikyu|Play Rough|p1a: Farigiraf\n|-damage|p1a: Farigiraf|17\/100\n|-enditem|p1a: Farigiraf|Figy Berry|[eat]\n|-heal|p1a: Farigiraf|50\/100|[from] item: Figy Berry\n|-start|p1a: Farigiraf|confusion\n|-damage|p2a: Mimikyu|33\/100|[from] item: Life Orb\n|move|p2b: James|Sludge Bomb|p1a: Farigiraf\n|-damage|p1a: Farigiraf|17\/100\n|-status|p1a: Farigiraf|psn\n|move|p1b: Mudsdale|Roar|p2b: James\n|drag|p2b: Wobbuffet|Wobbuffet, M|100\/100\n|\n|-heal|p1b: Mudsdale|100\/100 brn|[from] item: Leftovers\n|-damage|p1a: Farigiraf|4\/100 psn|[from] psn\n|-damage|p1b: Mudsdale|94\/100 brn|[from] brn\n|upkeep\n|turn|7\n|c|\u2606Masoon|WOOOOOOOBBUFFET\n|c|\u2606edgeguard2|hi\n|\n|t:|1696806409\n|-activate|p1a: Farigiraf|confusion\n|move|p1a: Farigiraf|Psychic|p2b: Wobbuffet\n|-resisted|p2b: Wobbuffet\n|-damage|p2b: Wobbuffet|89\/100\n|move|p2a: Mimikyu|Drain Punch|p1b: Mudsdale\n|-damage|p1b: Mudsdale|81\/100 brn\n|-heal|p2a: Mimikyu|43\/100|[from] drain|[of] p1b: Mudsdale\n|-ability|p1b: Mudsdale|Stamina|boost\n|-boost|p1b: Mudsdale|def|1\n|-damage|p2a: Mimikyu|33\/100|[from] item: Life Orb\n|move|p1b: Mudsdale|Bulldoze|p2b: Wobbuffet|[spread] p1a,p2a,p2b\n|-crit|p1a: Farigiraf\n|-damage|p1a: Farigiraf|0 fnt\n|-damage|p2a: Mimikyu|17\/100\n|-damage|p2b: Wobbuffet|80\/100\n|-unboost|p2a: Mimikyu|spe|1\n|-unboost|p2b: Wobbuffet|spe|1\n|faint|p1a: Farigiraf\n|move|p2b: Wobbuffet|Counter|p1b: Mudsdale\n|-damage|p1b: Mudsdale|55\/100 brn\n|-ability|p1b: Mudsdale|Stamina|boost\n|-boost|p1b: Mudsdale|def|1\n|\n|-heal|p1b: Mudsdale|61\/100 brn|[from] item: Leftovers\n|-damage|p1b: Mudsdale|55\/100 brn|[from] brn\n|upkeep\n|\n|t:|1696806429\n|switch|p1a: Slowbro|Slowbro, M|83\/100\n|turn|8\n|\n|t:|1696806450\n|move|p2a: Mimikyu|Shadow Claw|p1a: Slowbro\n|-supereffective|p1a: Slowbro\n|-damage|p1a: Slowbro|26\/100\n|-damage|p2a: Mimikyu|7\/100|[from] item: Life Orb\n|move|p1a: Slowbro|Shadow Ball|p2b: Wobbuffet\n|-supereffective|p2b: Wobbuffet\n|-damage|p2b: Wobbuffet|60\/100\n|move|p1b: Mudsdale|Bulldoze|p2b: Wobbuffet|[spread] p1a,p2a,p2b\n|-damage|p1a: Slowbro|19\/100\n|-damage|p2a: Mimikyu|0 fnt\n|-damage|p2b: Wobbuffet|52\/100\n|-unboost|p1a: Slowbro|spe|1\n|-unboost|p2b: Wobbuffet|spe|1\n|faint|p2a: Mimikyu\n|move|p2b: Wobbuffet|Counter|p1b: Mudsdale\n|-damage|p1b: Mudsdale|32\/100 brn\n|-ability|p1b: Mudsdale|Stamina|boost\n|-boost|p1b: Mudsdale|def|1\n|\n|-heal|p1b: Mudsdale|39\/100 brn|[from] item: Leftovers\n|-heal|p1a: Slowbro|25\/100|[from] item: Leftovers\n|-damage|p1b: Mudsdale|32\/100 brn|[from] brn\n|upkeep\n|\n|t:|1696806458\n|switch|p2a: Victreebel|Victreebel, M|100\/100\n|turn|9\n|\n|t:|1696806486\n|move|p2a: Victreebel|Energy Ball|p1b: Mudsdale\n|-supereffective|p1b: Mudsdale\n|-damage|p1b: Mudsdale|0 fnt\n|faint|p1b: Mudsdale\n|move|p1a: Slowbro|Yawn|p2a: Victreebel\n|-start|p2a: Victreebel|move: Yawn|[of] p1a: Slowbro\n|move|p2b: Wobbuffet|Mirror Coat||[still]\n|-fail|p2b: Wobbuffet\n|\n|-heal|p1a: Slowbro|31\/100|[from] item: Leftovers\n|upkeep\n|\n|t:|1696806499\n|switch|p1b: Swalot|Swalot, F|100\/100\n|turn|10\n|\n|t:|1696806515\n|switch|p2a: That's Right!|Meowth, M, shiny|100\/100\n|move|p1b: Swalot|Fire Punch|p2a: That's Right!\n|-damage|p2a: That's Right!|34\/100\n|move|p2b: Wobbuffet|Mirror Coat||[still]\n|-fail|p2b: Wobbuffet\n|move|p1a: Slowbro|Trick Room|p1a: Slowbro\n|-fieldstart|move: Trick Room|[of] p1a: Slowbro\n|\n|-heal|p1a: Slowbro|37\/100|[from] item: Leftovers\n|upkeep\n|turn|11\n|\n|t:|1696806538\n|move|p2a: That's Right!|Fake Out|p1b: Swalot\n|-damage|p1b: Swalot|85\/100\n|move|p2b: Wobbuffet|Encore|p1a: Slowbro\n|-start|p1a: Slowbro|Encore\n|move|p1a: Slowbro|Trick Room|p1a: Slowbro\n|-fieldend|move: Trick Room\n|cant|p1b: Swalot|flinch\n|\n|-heal|p1b: Swalot|91\/100|[from] item: Black Sludge\n|-heal|p1a: Slowbro|43\/100|[from] item: Leftovers\n|upkeep\n|turn|12\n|\n|t:|1696806558\n|move|p2a: That's Right!|Knock Off|p1a: Slowbro\n|-supereffective|p1a: Slowbro\n|-damage|p1a: Slowbro|16\/100\n|-enditem|p1a: Slowbro|Leftovers|[from] move: Knock Off|[of] p2a: That's Right!\n|move|p1b: Swalot|Fire Punch|p2a: That's Right!\n|-damage|p2a: That's Right!|0 fnt\n|faint|p2a: That's Right!\n|move|p2b: Wobbuffet|Encore|p1b: Swalot\n|-start|p1b: Swalot|Encore\n|move|p1a: Slowbro|Trick Room|p1a: Slowbro\n|-fieldstart|move: Trick Room|[of] p1a: Slowbro\n|\n|-heal|p1b: Swalot|97\/100|[from] item: Black Sludge\n|upkeep\n|\n|t:|1696806565\n|switch|p2a: James|Weezing, M|73\/100\n|turn|13\n|\n|t:|1696806577\n|move|p1b: Swalot|Fire Punch|p2a: James\n|-damage|p2a: James|56\/100\n|move|p2a: James|Will-O-Wisp|p1b: Swalot|[miss]\n|-miss|p2a: James|p1b: Swalot\n|move|p2b: Wobbuffet|Counter||[still]\n|-fail|p2b: Wobbuffet\n|move|p1a: Slowbro|Trick Room|p1a: Slowbro\n|-fieldend|move: Trick Room\n|\n|-heal|p2a: James|62\/100|[from] item: Leftovers\n|-heal|p1b: Swalot|100\/100|[from] item: Black Sludge\n|-end|p1a: Slowbro|Encore\n|upkeep\n|turn|14\n|\n|t:|1696806594\n|move|p2a: James|Will-O-Wisp|p1b: Swalot\n|-status|p1b: Swalot|brn\n|move|p1b: Swalot|Fire Punch|p2a: James\n|-damage|p2a: James|54\/100\n|-status|p2a: James|brn\n|move|p1a: Slowbro|Yawn|p2b: Wobbuffet\n|-start|p2b: Wobbuffet|move: Yawn|[of] p1a: Slowbro\n|move|p2b: Wobbuffet|Encore|p1a: Slowbro\n|-start|p1a: Slowbro|Encore\n|\n|-heal|p2a: James|60\/100 brn|[from] item: Leftovers\n|-damage|p2a: James|54\/100 brn|[from] brn\n|-damage|p1b: Swalot|94\/100 brn|[from] brn\n|upkeep\n|turn|15\n|\n|t:|1696806619\n|switch|p2b: Victreebel|Victreebel, M|100\/100\n|move|p2a: James|Sludge Bomb|p1a: Slowbro\n|-crit|p1a: Slowbro\n|-damage|p1a: Slowbro|0 fnt\n|faint|p1a: Slowbro\n|move|p1b: Swalot|Fire Punch|p2a: James\n|-damage|p2a: James|45\/100 brn\n|\n|-heal|p2a: James|50\/100 brn|[from] item: Leftovers\n|-heal|p1b: Swalot|100\/100 brn|[from] item: Black Sludge\n|-damage|p2a: James|45\/100 brn|[from] brn\n|-damage|p1b: Swalot|94\/100 brn|[from] brn\n|-end|p1b: Swalot|Encore\n|upkeep\n|\n|t:|1696806632\n|switch|p1a: Lurantis|Lurantis, F|100\/100\n|turn|16\n|\n|t:|1696806660\n|switch|p2b: Wobbuffet|Wobbuffet, M|52\/100\n|-terastallize|p1a: Lurantis|Rock\n|move|p1a: Lurantis|Superpower|p2b: Wobbuffet\n|-resisted|p2b: Wobbuffet\n|-damage|p2b: Wobbuffet|38\/100\n|-boost|p1a: Lurantis|atk|1\n|-boost|p1a: Lurantis|def|1\n|move|p2a: James|Fire Blast|p1a: Lurantis\n|-resisted|p1a: Lurantis\n|-damage|p1a: Lurantis|86\/100\n|move|p1b: Swalot|Ice Punch|p2b: Wobbuffet\n|-damage|p2b: Wobbuffet|29\/100\n|\n|-heal|p2a: James|50\/100 brn|[from] item: Leftovers\n|-heal|p1b: Swalot|100\/100 brn|[from] item: Black Sludge\n|-damage|p2a: James|45\/100 brn|[from] brn\n|-damage|p1b: Swalot|94\/100 brn|[from] brn\n|upkeep\n|turn|17\n|\n|t:|1696806686\n|move|p1a: Lurantis|Leech Life|p2b: Wobbuffet\n|-supereffective|p2b: Wobbuffet\n|-damage|p2b: Wobbuffet|0 fnt\n|-heal|p1a: Lurantis|100\/100|[from] drain|[of] p2b: Wobbuffet\n|faint|p2b: Wobbuffet\n|move|p2a: James|Clear Smog|p1a: Lurantis\n|-resisted|p1a: Lurantis\n|-damage|p1a: Lurantis|91\/100\n|-clearboost|p1a: Lurantis\n|move|p1b: Swalot|Toxic||[still]\n|-fail|p1b: Swalot\n|\n|-heal|p2a: James|50\/100 brn|[from] item: Leftovers\n|-heal|p1b: Swalot|100\/100 brn|[from] item: Black Sludge\n|-damage|p2a: James|45\/100 brn|[from] brn\n|-damage|p1b: Swalot|94\/100 brn|[from] brn\n|upkeep\n|\n|t:|1696806703\n|switch|p2b: Victreebel|Victreebel, M|100\/100\n|turn|18\n|\n|t:|1696806714\n|move|p1a: Lurantis|Protect|p1a: Lurantis\n|-singleturn|p1a: Lurantis|Protect\n|move|p2b: Victreebel|Energy Ball|p1a: Lurantis\n|-activate|p1a: Lurantis|move: Protect\n|move|p2a: James|Will-O-Wisp|p1a: Lurantis\n|-activate|p1a: Lurantis|move: Protect\n|move|p1b: Swalot|Fire Punch|p2b: Victreebel\n|-supereffective|p2b: Victreebel\n|-damage|p2b: Victreebel|74\/100\n|\n|-heal|p2a: James|50\/100 brn|[from] item: Leftovers\n|-heal|p1b: Swalot|100\/100 brn|[from] item: Black Sludge\n|-damage|p2a: James|45\/100 brn|[from] brn\n|-damage|p1b: Swalot|94\/100 brn|[from] brn\n|upkeep\n|turn|19\n|\n|t:|1696806751\n|move|p2b: Victreebel|Energy Ball|p1a: Lurantis\n|-supereffective|p1a: Lurantis\n|-damage|p1a: Lurantis|11\/100\n|-enditem|p1a: Lurantis|Figy Berry|[eat]\n|-heal|p1a: Lurantis|45\/100|[from] item: Figy Berry\n|move|p1a: Lurantis|Leech Life|p2b: Victreebel\n|-damage|p2b: Victreebel|48\/100\n|-heal|p1a: Lurantis|61\/100|[from] drain|[of] p2b: Victreebel\n|-enditem|p2b: Victreebel|Salac Berry|[eat]\n|-boost|p2b: Victreebel|spe|1|[from] item: Salac Berry\n|move|p2a: James|Will-O-Wisp|p1a: Lurantis\n|-status|p1a: Lurantis|brn\n|move|p1b: Swalot|Fire Punch|p2b: Victreebel\n|-supereffective|p2b: Victreebel\n|-damage|p2b: Victreebel|21\/100\n|\n|-heal|p2a: James|50\/100 brn|[from] item: Leftovers\n|-heal|p1b: Swalot|100\/100 brn|[from] item: Black Sludge\n|-damage|p1a: Lurantis|55\/100 brn|[from] brn\n|-damage|p2a: James|45\/100 brn|[from] brn\n|-damage|p1b: Swalot|94\/100 brn|[from] brn\n|upkeep\n|turn|20\n|c|\u2606edgeguard2|drats!\n|c|\u2606edgeguard2|you darn team rocket!\n|c|\u2606Masoon|muahahaha\n|c|\u2606edgeguard2|youll never get away with this!\n|\n|t:|1696806788\n|move|p1a: Lurantis|Protect|p1a: Lurantis\n|-singleturn|p1a: Lurantis|Protect\n|move|p2b: Victreebel|Strength Sap|p1b: Swalot\n|-unboost|p1b: Swalot|atk|1\n|-damage|p2b: Victreebel|0 fnt|[from] ability: Liquid Ooze|[of] p1b: Swalot\n|faint|p2b: Victreebel\n|move|p2a: James|Fire Blast|p1b: Swalot\n|-damage|p1b: Swalot|74\/100 brn\n|move|p1b: Swalot|Fire Punch|p2a: James\n|-damage|p2a: James|39\/100 brn\n|\n|-heal|p2a: James|45\/100 brn|[from] item: Leftovers\n|-heal|p1b: Swalot|80\/100 brn|[from] item: Black Sludge\n|-damage|p1a: Lurantis|49\/100 brn|[from] brn\n|-damage|p2a: James|39\/100 brn|[from] brn\n|-damage|p1b: Swalot|74\/100 brn|[from] brn\n|upkeep\n|turn|21\n|c|\u2606edgeguard2|oop\n|c|\u2606Masoon|Victreebel don't attack ME\n|c|\u2606edgeguard2|(lmao gold)\n|c|\u2606Masoon|(That is totally something they would do XD)\n|\n|t:|1696806837\n|move|p1a: Lurantis|Leaf Storm|p2a: James|[miss]\n|-miss|p1a: Lurantis|p2a: James\n|move|p2a: James|Sludge Bomb|p1a: Lurantis\n|-resisted|p1a: Lurantis\n|-damage|p1a: Lurantis|32\/100 brn\n|move|p1b: Swalot|Fire Punch|p2a: James\n|-damage|p2a: James|34\/100 brn\n|\n|-heal|p2a: James|40\/100 brn|[from] item: Leftovers\n|-heal|p1b: Swalot|80\/100 brn|[from] item: Black Sludge\n|-damage|p1a: Lurantis|26\/100 brn|[from] brn\n|-damage|p2a: James|34\/100 brn|[from] brn\n|-damage|p1b: Swalot|74\/100 brn|[from] brn\n|upkeep\n|turn|22\n|c|\u2606edgeguard2|(ik right XD)\n|\n|t:|1696806855\n|move|p1a: Lurantis|Leaf Storm|p2a: James\n|-resisted|p2a: James\n|-damage|p2a: James|15\/100 brn\n|-boost|p1a: Lurantis|spa|2\n|move|p2a: James|Sludge Bomb|p1a: Lurantis\n|-resisted|p1a: Lurantis\n|-damage|p1a: Lurantis|7\/100 brn\n|move|p1b: Swalot|Fire Punch|p2a: James\n|-damage|p2a: James|9\/100 brn\n|\n|-heal|p2a: James|15\/100 brn|[from] item: Leftovers\n|-heal|p1b: Swalot|80\/100 brn|[from] item: Black Sludge\n|-damage|p1a: Lurantis|1\/100 brn|[from] brn\n|-damage|p2a: James|9\/100 brn|[from] brn\n|-damage|p1b: Swalot|74\/100 brn|[from] brn\n|upkeep\n|turn|23\n|c|\u2606Masoon|Well it looks like...\n|\n|t:|1696806891\n|move|p1a: Lurantis|Leaf Storm|p2a: James\n|-resisted|p2a: James\n|-damage|p2a: James|0 fnt\n|-boost|p1a: Lurantis|spa|2\n|faint|p2a: James\n|\n|win|edgeguard2\n|raw|edgeguard2's rating: 1029 &rarr; <strong>1062<\/strong><br \/>(+33 for winning)\n|raw|Masoon's rating: 1000 &rarr; <strong>1000<\/strong><br \/>(+0 for losing)\n|c|\u2606Masoon|Team Rocket's blasting off again!!!\n|c|\u2606edgeguard2|XD\n|c|\u2606edgeguard2|brilliant acting\n|c|\u2606edgeguard2|loved it\n|c|\u2606edgeguard2|ty\n|c|\u2606Masoon|Thank you XD <3\n|c|\u2606Masoon|GG\n|c|\u2606edgeguard2|X)\n|c|\u2606edgeguard2|have a good one\n","uploadtime":1696806921,"views":12,"p1id":"edgeguard2","p2id":"masoon","formatid":"gen9nationaldexdoubles","rating":1000,"private":0,"password":""}