{"id":"gen9nationaldexdoubles-1963763535","p1":"kingspeed51","p2":"Mudsquash","format":"[Gen 9] National Dex Doubles","log":"|j|\u2606kingspeed51\n|j|\u2606Mudsquash\n|t:|1696897680\n|gametype|doubles\n|player|p1|kingspeed51|169|1161\n|player|p2|Mudsquash|hilda-wonderlauncher|1215\n|teamsize|p1|6\n|teamsize|p2|6\n|gen|9\n|tier|[Gen 9] National Dex Doubles\n|rated|\n|rule|HP Percentage Mod: HP is shown in percentages\n|rule|Endless Battle Clause: Forcing endless battles is banned\n|rule|OHKO Clause: OHKO moves are banned\n|rule|Evasion Moves Clause: Evasion moves are banned\n|rule|Evasion Abilities Clause: Evasion abilities are banned\n|rule|Species Clause: Limit one of each Pok\u00e9mon\n|rule|Gravity Sleep Clause: The combination of sleep-inducing moves with imperfect accuracy and Gravity or Gigantamax Orbeetle are banned\n|clearpoke\n|poke|p1|Metagross|\n|poke|p1|Salamence, M|\n|poke|p1|Iron Moth|\n|poke|p1|Greninja-*, F|\n|poke|p1|Whimsicott, M|\n|poke|p1|Chansey, F|\n|poke|p2|Pincurchin, F|\n|poke|p2|Iron Valiant|\n|poke|p2|Iron Treads|\n|poke|p2|Iron Moth|\n|poke|p2|Tapu Koko|\n|poke|p2|Iron Leaves|\n|teampreview\n|\n|t:|1696897690\n|start\n|switch|p1a: Whimsicott|Whimsicott, M|100\/100\n|switch|p1b: Greninja|Greninja, F|100\/100\n|switch|p2a: Tapu Koko|Tapu Koko|100\/100\n|switch|p2b: Iron Valiant|Iron Valiant|100\/100\n|-fieldstart|move: Electric Terrain|[from] ability: Electric Surge|[of] p2a: Tapu Koko\n|-activate|p2b: Iron Valiant|ability: Quark Drive\n|-start|p2b: Iron Valiant|quarkdrivespa\n|turn|1\n|\n|t:|1696897742\n|move|p1a: Whimsicott|Tailwind|p1a: Whimsicott\n|-sidestart|p1: kingspeed51|move: Tailwind\n|move|p1b: Greninja|Extrasensory|p2b: Iron Valiant\n|-start|p1b: Greninja|typechange|Psychic|[from] ability: Protean\n|-supereffective|p2b: Iron Valiant\n|-damage|p2b: Iron Valiant|6\/100\n|move|p2a: Tapu Koko|Dazzling Gleam|p1a: Whimsicott|[spread] p1a,p1b\n|-damage|p1a: Whimsicott|66\/100\n|-damage|p1b: Greninja|63\/100\n|move|p2b: Iron Valiant|Aura Sphere|p1b: Greninja\n|-resisted|p1b: Greninja\n|-damage|p1b: Greninja|17\/100\n|\n|upkeep\n|turn|2\n|\n|t:|1696897767\n|switch|p1b: Metagross|Metagross|100\/100\n|-end|p2b: Iron Valiant|Quark Drive|[silent]\n|switch|p2b: Iron Treads|Iron Treads|100\/100\n|-activate|p2b: Iron Treads|ability: Quark Drive\n|-start|p2b: Iron Treads|quarkdrivespe\n|move|p1a: Whimsicott|Moonblast|p2b: Iron Treads\n|-resisted|p2b: Iron Treads\n|-damage|p2b: Iron Treads|88\/100\n|move|p2a: Tapu Koko|U-turn|p1b: Metagross\n|-damage|p1b: Metagross|86\/100\n|\n|t:|1696897780\n|switch|p2a: Iron Moth|Iron Moth|100\/100|[from] U-turn\n|-activate|p2a: Iron Moth|ability: Quark Drive\n|-start|p2a: Iron Moth|quarkdrivespa\n|\n|upkeep\n|turn|3\n|\n|t:|1696897793\n|-terastallize|p1b: Metagross|Ground\n|move|p1a: Whimsicott|Protect|p1a: Whimsicott\n|-singleturn|p1a: Whimsicott|Protect\n|move|p1b: Metagross|Earthquake|p2a: Iron Moth|[spread] p2a,p2b\n|-activate|p1a: Whimsicott|move: Protect\n|-supereffective|p2a: Iron Moth\n|-supereffective|p2b: Iron Treads\n|-damage|p2a: Iron Moth|0 fnt\n|-damage|p2b: Iron Treads|20\/100\n|faint|p2a: Iron Moth\n|-end|p2a: Iron Moth|Quark Drive|[silent]\n|move|p2b: Iron Treads|Heavy Slam|p1a: Whimsicott\n|-activate|p1a: Whimsicott|move: Protect\n|\n|upkeep\n|\n|t:|1696897801\n|switch|p2a: Iron Leaves|Iron Leaves|100\/100\n|-activate|p2a: Iron Leaves|ability: Quark Drive\n|-start|p2a: Iron Leaves|quarkdriveatk\n|turn|4\n|\n|t:|1696897815\n|switch|p1a: Chansey|Chansey, F|100\/100\n|move|p1b: Metagross|Earthquake|p2b: Iron Treads|[spread] p1a,p2a,p2b\n|-resisted|p2a: Iron Leaves\n|-supereffective|p2b: Iron Treads\n|-damage|p1a: Chansey|75\/100\n|-damage|p2a: Iron Leaves|76\/100\n|-damage|p2b: Iron Treads|0 fnt\n|faint|p2b: Iron Treads\n|-end|p2b: Iron Treads|Quark Drive|[silent]\n|move|p2a: Iron Leaves|Leaf Blade|p1b: Metagross\n|-supereffective|p1b: Metagross\n|-damage|p1b: Metagross|0 fnt\n|faint|p1b: Metagross\n|\n|-sideend|p1: kingspeed51|move: Tailwind\n|upkeep\n|\n|t:|1696897838\n|switch|p2b: Pincurchin|Pincurchin, F|100\/100\n|switch|p1b: Whimsicott|Whimsicott, M|66\/100\n|turn|5\n|\n|t:|1696897852\n|move|p1b: Whimsicott|Tailwind|p1b: Whimsicott\n|-sidestart|p1: kingspeed51|move: Tailwind\n|move|p2a: Iron Leaves|X-Scissor|p1b: Whimsicott\n|-damage|p1b: Whimsicott|23\/100\n|move|p1a: Chansey|Toxic|p2a: Iron Leaves\n|-status|p2a: Iron Leaves|tox\n|move|p2b: Pincurchin|Rising Voltage|p1a: Chansey\n|-hint|Rising Voltage's BP doubled on grounded target.\n|-damage|p1a: Chansey|53\/100\n|\n|-damage|p2a: Iron Leaves|69\/100 tox|[from] psn\n|-fieldend|move: Electric Terrain\n|-end|p2a: Iron Leaves|Quark Drive\n|upkeep\n|turn|6\n|\n|t:|1696897869\n|switch|p2b: Tapu Koko|Tapu Koko|100\/100\n|-fieldstart|move: Electric Terrain|[from] ability: Electric Surge|[of] p2b: Tapu Koko\n|-activate|p2a: Iron Leaves|ability: Quark Drive\n|-start|p2a: Iron Leaves|quarkdriveatk\n|move|p1b: Whimsicott|Protect|p1b: Whimsicott\n|-singleturn|p1b: Whimsicott|Protect\n|move|p2a: Iron Leaves|Sacred Sword|p1a: Chansey\n|-supereffective|p1a: Chansey\n|-damage|p1a: Chansey|0 fnt\n|faint|p1a: Chansey\n|\n|-damage|p2a: Iron Leaves|57\/100 tox|[from] psn\n|upkeep\n|\n|t:|1696897892\n|switch|p1a: Iron Moth|Iron Moth|100\/100\n|-activate|p1a: Iron Moth|ability: Quark Drive\n|-start|p1a: Iron Moth|quarkdrivespa\n|turn|7\n|\n|t:|1696897910\n|move|p1b: Whimsicott|Moonblast|p2a: Iron Leaves\n|-damage|p2a: Iron Leaves|32\/100 tox\n|move|p1a: Iron Moth|Acid Spray|p2b: Tapu Koko\n|-supereffective|p2b: Tapu Koko\n|-damage|p2b: Tapu Koko|6\/100\n|-unboost|p2b: Tapu Koko|spd|2\n|move|p2b: Tapu Koko|U-turn|p1b: Whimsicott\n|-damage|p1b: Whimsicott|3\/100\n|\n|t:|1696897920\n|switch|p2b: Iron Valiant|Iron Valiant|6\/100|[from] U-turn\n|-activate|p2b: Iron Valiant|ability: Quark Drive\n|-start|p2b: Iron Valiant|quarkdrivespa\n|move|p2a: Iron Leaves|Psyblade|p1a: Iron Moth\n|-supereffective|p1a: Iron Moth\n|-damage|p1a: Iron Moth|0 fnt\n|faint|p1a: Iron Moth\n|-end|p1a: Iron Moth|Quark Drive|[silent]\n|\n|-damage|p2a: Iron Leaves|13\/100 tox|[from] psn\n|upkeep\n|\n|t:|1696897931\n|switch|p1a: Salamence|Salamence, M|100\/100\n|-ability|p1a: Salamence|Intimidate|boost\n|-unboost|p2a: Iron Leaves|atk|1\n|-unboost|p2b: Iron Valiant|atk|1\n|turn|8\n|\n|t:|1696897951\n|-terastallize|p2b: Iron Valiant|Fairy\n|move|p1b: Whimsicott|Protect|p1b: Whimsicott\n|-singleturn|p1b: Whimsicott|Protect\n|move|p1a: Salamence|Protect|p1a: Salamence\n|-singleturn|p1a: Salamence|Protect\n|move|p2a: Iron Leaves|X-Scissor|p1b: Whimsicott\n|-activate|p1b: Whimsicott|move: Protect\n|move|p2b: Iron Valiant|Dazzling Gleam|p1a: Salamence|[spread] \n|-activate|p1a: Salamence|move: Protect\n|-activate|p1b: Whimsicott|move: Protect\n|\n|-damage|p2a: Iron Leaves|0 fnt|[from] psn\n|faint|p2a: Iron Leaves\n|-end|p2a: Iron Leaves|Quark Drive|[silent]\n|-sideend|p1: kingspeed51|move: Tailwind\n|upkeep\n|\n|t:|1696897962\n|switch|p2a: Pincurchin|Pincurchin, F|100\/100\n|turn|9\n|\n|t:|1696897981\n|move|p1b: Whimsicott|Tailwind|p1b: Whimsicott\n|-sidestart|p1: kingspeed51|move: Tailwind\n|move|p1a: Salamence|Dual Wingbeat|p2b: Iron Valiant\n|-damage|p2b: Iron Valiant|0 fnt\n|faint|p2b: Iron Valiant\n|-end|p2b: Iron Valiant|Quark Drive|[silent]\n|-hitcount|p2: Iron Valiant|1\n|-damage|p1a: Salamence|91\/100|[from] item: Life Orb\n|move|p2a: Pincurchin|Toxic Spikes|p1a: Salamence\n|-sidestart|p1: kingspeed51|move: Toxic Spikes\n|\n|upkeep\n|\n|t:|1696897986\n|switch|p2b: Tapu Koko|Tapu Koko|6\/100\n|turn|10\n|\n|t:|1696898001\n|move|p1a: Salamence|Protect|p1a: Salamence\n|-singleturn|p1a: Salamence|Protect\n|move|p1b: Whimsicott|Moonblast|p2b: Tapu Koko\n|-damage|p2b: Tapu Koko|0 fnt\n|faint|p2b: Tapu Koko\n|move|p2a: Pincurchin|Rising Voltage|p1a: Salamence\n|-activate|p1a: Salamence|move: Protect\n|\n|-fieldend|move: Electric Terrain\n|upkeep\n|turn|11\n|\n|t:|1696898020\n|move|p1b: Whimsicott|Moonblast|p2a: Pincurchin\n|-damage|p2a: Pincurchin|68\/100\n|move|p1a: Salamence|Dual Wingbeat|p2a: Pincurchin\n|-resisted|p2a: Pincurchin\n|-damage|p2a: Pincurchin|51\/100\n|-resisted|p2a: Pincurchin\n|-damage|p2a: Pincurchin|35\/100\n|-hitcount|p2a: Pincurchin|2\n|-damage|p1a: Salamence|81\/100|[from] item: Life Orb\n|move|p2a: Pincurchin|Rising Voltage|p1a: Salamence\n|-damage|p1a: Salamence|47\/100\n|\n|-heal|p2a: Pincurchin|41\/100|[from] item: Leftovers\n|upkeep\n|turn|12\n|-message|Mudsquash forfeited.\n|\n|win|kingspeed51\n|raw|kingspeed51's rating: 1161 &rarr; <strong>1190<\/strong><br \/>(+29 for winning)\n|raw|Mudsquash's rating: 1215 &rarr; <strong>1186<\/strong><br \/>(-29 for losing)\n|l|\u2606Mudsquash\n","uploadtime":1696898038,"views":4,"p1id":"kingspeed51","p2id":"mudsquash","formatid":"gen9nationaldexdoubles","rating":1186,"private":0,"password":""}