{"id":"gen9nationaldexdoubles-1955737813","p1":"zeref203","p2":"Unclosetedrock","format":"[Gen 9] National Dex Doubles","log":"|j|\u2606zeref203\n|j|\u2606Unclosetedrock\n|t:|1696023110\n|gametype|doubles\n|player|p1|zeref203|265|1121\n|player|p2|Unclosetedrock|pokemonrangerf|1187\n|teamsize|p1|6\n|teamsize|p2|6\n|gen|9\n|tier|[Gen 9] National Dex Doubles\n|rated|\n|rule|HP Percentage Mod: HP is shown in percentages\n|rule|Endless Battle Clause: Forcing endless battles is banned\n|rule|OHKO Clause: OHKO moves are banned\n|rule|Evasion Moves Clause: Evasion moves are banned\n|rule|Evasion Abilities Clause: Evasion abilities are banned\n|rule|Species Clause: Limit one of each Pok\u00e9mon\n|rule|Gravity Sleep Clause: The combination of sleep-inducing moves with imperfect accuracy and Gravity or Gigantamax Orbeetle are banned\n|clearpoke\n|poke|p1|Altaria, F|\n|poke|p1|Golem-Alola, F|\n|poke|p1|Pawmot, M|\n|poke|p1|Great Tusk|\n|poke|p1|Ninetales, F|\n|poke|p1|Sableye, M|\n|poke|p2|Armarouge, F|\n|poke|p2|Urshifu-*, M|\n|poke|p2|Goodra-Hisui, M|\n|poke|p2|Tyranitar, M|\n|poke|p2|Ursaluna, M|\n|poke|p2|Amoonguss, M|\n|teampreview\n|inactive|Battle timer is ON: inactive players will automatically lose when time's up. (requested by zeref203)\n|\n|t:|1696023114\n|start\n|switch|p1a: Ninetales|Ninetales, F|100\/100\n|switch|p1b: Sableye|Sableye, M|100\/100\n|switch|p2a: Armarouge|Armarouge, F|100\/100\n|switch|p2b: Ursaluna|Ursaluna, M|100\/100\n|-weather|SunnyDay|[from] ability: Drought|[of] p1a: Ninetales\n|turn|1\n|\n|t:|1696023140\n|move|p2b: Ursaluna|Protect|p2b: Ursaluna\n|-singleturn|p2b: Ursaluna|Protect\n|move|p1a: Ninetales|Solar Beam||[still]\n|-prepare|p1a: Ninetales|Solar Beam\n|-anim|p1a: Ninetales|Solar Beam|p2b: Ursaluna\n|-activate|p2b: Ursaluna|move: Protect\n|move|p1b: Sableye|Foul Play|p2b: Ursaluna\n|-activate|p2b: Ursaluna|move: Protect\n|move|p2a: Armarouge|Trick Room|p2a: Armarouge\n|-fieldstart|move: Trick Room|[of] p2a: Armarouge\n|\n|-weather|SunnyDay|[upkeep]\n|-status|p2b: Ursaluna|brn|[from] item: Flame Orb\n|upkeep\n|turn|2\n|\n|t:|1696023162\n|move|p1b: Sableye|Encore|p2a: Armarouge\n|-start|p2a: Armarouge|Encore\n|move|p2b: Ursaluna|Rock Slide|p1b: Sableye|[spread] p1a,p1b\n|-supereffective|p1a: Ninetales\n|-damage|p1a: Ninetales|6\/100\n|-damage|p1b: Sableye|50\/100\n|move|p2a: Armarouge|Trick Room|p2a: Armarouge\n|-fieldend|move: Trick Room\n|move|p1a: Ninetales|Solar Beam||[still]\n|-prepare|p1a: Ninetales|Solar Beam\n|-anim|p1a: Ninetales|Solar Beam|p2b: Ursaluna\n|-supereffective|p2b: Ursaluna\n|-crit|p2b: Ursaluna\n|-damage|p2b: Ursaluna|24\/100 brn\n|\n|-weather|SunnyDay|[upkeep]\n|-damage|p2b: Ursaluna|18\/100 brn|[from] brn\n|upkeep\n|turn|3\n|\n|t:|1696023183\n|move|p2b: Ursaluna|Protect|p2b: Ursaluna\n|-singleturn|p2b: Ursaluna|Protect\n|move|p1a: Ninetales|Dark Pulse|p2a: Armarouge\n|-supereffective|p2a: Armarouge\n|-damage|p2a: Armarouge|52\/100\n|move|p1b: Sableye|Drain Punch|p2b: Ursaluna\n|-activate|p2b: Ursaluna|move: Protect\n|move|p2a: Armarouge|Trick Room|p2a: Armarouge\n|-fieldstart|move: Trick Room|[of] p2a: Armarouge\n|\n|-weather|SunnyDay|[upkeep]\n|-damage|p2b: Ursaluna|12\/100 brn|[from] brn\n|upkeep\n|turn|4\n|\n|t:|1696023198\n|switch|p2a: Tyranitar|Tyranitar, M|100\/100\n|-weather|Sandstorm|[from] ability: Sand Stream|[of] p2a: Tyranitar\n|move|p1a: Ninetales|Protect|p1a: Ninetales\n|-singleturn|p1a: Ninetales|Protect\n|move|p1b: Sableye|Encore|p2b: Ursaluna\n|-start|p2b: Ursaluna|Encore\n|move|p2b: Ursaluna|Protect||[still]\n|-fail|p2b: Ursaluna\n|\n|-weather|Sandstorm|[upkeep]\n|-damage|p1b: Sableye|44\/100|[from] Sandstorm\n|-damage|p1a: Ninetales|0 fnt|[from] Sandstorm\n|faint|p1a: Ninetales\n|-damage|p2b: Ursaluna|5\/100 brn|[from] brn\n|upkeep\n|\n|t:|1696023217\n|switch|p1a: Great Tusk|Great Tusk|100\/100\n|turn|5\n|\n|t:|1696023233\n|-terastallize|p2a: Tyranitar|Flying\n|move|p2b: Ursaluna|Protect|p2b: Ursaluna\n|-singleturn|p2b: Ursaluna|Protect\n|move|p1b: Sableye|Will-O-Wisp|p2a: Tyranitar\n|-status|p2a: Tyranitar|brn\n|move|p2a: Tyranitar|Tera Blast|p1a: Great Tusk|[anim] Tera Blast Flying\n|-supereffective|p1a: Great Tusk\n|-crit|p1a: Great Tusk\n|-damage|p1a: Great Tusk|63\/100\n|move|p1a: Great Tusk|Close Combat|p2a: Tyranitar\n|-resisted|p2a: Tyranitar\n|-damage|p2a: Tyranitar|74\/100 brn\n|-unboost|p1a: Great Tusk|def|1\n|-unboost|p1a: Great Tusk|spd|1\n|-enditem|p1a: Great Tusk|Eject Pack\n|\n|t:|1696023242\n|-end|p1a: Great Tusk|Protosynthesis|[silent]\n|switch|p1a: Golem|Golem-Alola, F|100\/100\n|-item|p1a: Golem|Air Balloon\n|\n|-weather|Sandstorm|[upkeep]\n|-damage|p1b: Sableye|38\/100|[from] Sandstorm\n|-damage|p2a: Tyranitar|68\/100 brn|[from] Sandstorm\n|-damage|p2b: Ursaluna|0 fnt|[from] brn\n|faint|p2b: Ursaluna\n|-damage|p2a: Tyranitar|61\/100 brn|[from] brn\n|upkeep\n|\n|t:|1696023249\n|switch|p2b: Goodra|Goodra-Hisui, M|100\/100\n|turn|6\n|\n|t:|1696023262\n|move|p1b: Sableye|Will-O-Wisp|p2b: Goodra\n|-status|p2b: Goodra|brn\n|move|p2a: Tyranitar|Rock Slide|p1a: Golem|[spread] p1b\n|-miss|p2a: Tyranitar|p1a: Golem\n|-damage|p1b: Sableye|22\/100\n|move|p2b: Goodra|Shelter|p2b: Goodra\n|-boost|p2b: Goodra|def|2\n|move|p1a: Golem|Rock Slide|p2b: Goodra|[spread] p2a,p2b\n|-supereffective|p2a: Tyranitar\n|-resisted|p2b: Goodra\n|-damage|p2a: Tyranitar|12\/100 brn\n|-damage|p2b: Goodra|93\/100 brn\n|\n|-weather|Sandstorm|[upkeep]\n|-damage|p1b: Sableye|16\/100|[from] Sandstorm\n|-damage|p2a: Tyranitar|6\/100 brn|[from] Sandstorm\n|-heal|p2b: Goodra|99\/100 brn|[from] item: Leftovers\n|-damage|p2a: Tyranitar|0 fnt|[from] brn\n|faint|p2a: Tyranitar\n|-damage|p2b: Goodra|93\/100 brn|[from] brn\n|upkeep\n|\n|t:|1696023267\n|switch|p2a: Amoonguss|Amoonguss, M|100\/100\n|turn|7\n|\n|t:|1696023293\n|move|p2a: Amoonguss|Rage Powder|p2a: Amoonguss\n|-singleturn|p2a: Amoonguss|move: Rage Powder\n|move|p1b: Sableye|Encore|p2a: Amoonguss\n|-start|p2a: Amoonguss|Encore\n|move|p2b: Goodra|Body Press|p1a: Golem\n|-supereffective|p1a: Golem\n|-damage|p1a: Golem|65\/100\n|-enditem|p1a: Golem|Air Balloon\n|move|p1a: Golem|Rock Slide|p2a: Amoonguss|[spread] p2a,p2b\n|-resisted|p2b: Goodra\n|-damage|p2a: Amoonguss|69\/100\n|-damage|p2b: Goodra|86\/100 brn\n|\n|-weather|Sandstorm|[upkeep]\n|-damage|p2a: Amoonguss|63\/100|[from] Sandstorm\n|-damage|p1b: Sableye|10\/100|[from] Sandstorm\n|-heal|p2b: Goodra|93\/100 brn|[from] item: Leftovers\n|-damage|p2b: Goodra|86\/100 brn|[from] brn\n|-fieldend|move: Trick Room\n|upkeep\n|turn|8\n|\n|t:|1696023307\n|switch|p1b: Altaria|Altaria, F, shiny|100\/100\n|-ability|p1b: Altaria|Cloud Nine\n|move|p2a: Amoonguss|Rage Powder|p2a: Amoonguss\n|-singleturn|p2a: Amoonguss|move: Rage Powder\n|move|p1a: Golem|Earthquake|p2b: Goodra|[spread] p2a,p2b\n|-immune|p1b: Altaria\n|-supereffective|p2b: Goodra\n|-damage|p2a: Amoonguss|33\/100\n|-damage|p2b: Goodra|61\/100 brn\n|-enditem|p2a: Amoonguss|Sitrus Berry|[eat]\n|-heal|p2a: Amoonguss|57\/100|[from] item: Sitrus Berry\n|move|p2b: Goodra|Shelter|p2b: Goodra\n|-boost|p2b: Goodra|def|2\n|\n|-weather|Sandstorm|[upkeep]\n|-heal|p2b: Goodra|67\/100 brn|[from] item: Leftovers\n|-damage|p2b: Goodra|61\/100 brn|[from] brn\n|upkeep\n|turn|9\n|\n|t:|1696023327\n|move|p2a: Amoonguss|Rage Powder|p2a: Amoonguss\n|-singleturn|p2a: Amoonguss|move: Rage Powder\n|move|p1b: Altaria|Heat Wave|p2a: Amoonguss|[spread] p2a,p2b\n|-supereffective|p2a: Amoonguss\n|-damage|p2a: Amoonguss|22\/100\n|-damage|p2b: Goodra|51\/100 brn\n|move|p1a: Golem|Earthquake|p2a: Amoonguss|[spread] p2a,p2b\n|-immune|p1b: Altaria\n|-supereffective|p2b: Goodra\n|-damage|p2a: Amoonguss|0 fnt\n|-damage|p2b: Goodra|34\/100 brn\n|faint|p2a: Amoonguss\n|move|p2b: Goodra|Body Press|p1a: Golem\n|-supereffective|p1a: Golem\n|-damage|p1a: Golem|15\/100\n|\n|-weather|Sandstorm|[upkeep]\n|-heal|p2b: Goodra|40\/100 brn|[from] item: Leftovers\n|-damage|p2b: Goodra|34\/100 brn|[from] brn\n|upkeep\n|\n|t:|1696023339\n|switch|p2a: Armarouge|Armarouge, F|52\/100\n|turn|10\n|\n|t:|1696023349\n|switch|p1a: Sableye|Sableye, M|10\/100\n|detailschange|p1b: Altaria|Altaria-Mega, F, shiny\n|-mega|p1b: Altaria|Altaria|Altarianite\n|move|p1b: Altaria|Hyper Voice|p2b: Goodra|[spread] p2a,p2b\n|-resisted|p2a: Armarouge\n|-damage|p2a: Armarouge|28\/100\n|-damage|p2b: Goodra|15\/100 brn\n|move|p2a: Armarouge|Psychic|p1b: Altaria\n|-damage|p1b: Altaria|55\/100\n|move|p2b: Goodra|Body Press|p1a: Sableye\n|-immune|p1a: Sableye\n|\n|-weather|Sandstorm|[upkeep]\n|-damage|p1b: Altaria|49\/100|[from] Sandstorm\n|-damage|p1a: Sableye|4\/100|[from] Sandstorm\n|-heal|p2b: Goodra|21\/100 brn|[from] item: Leftovers\n|-damage|p2b: Goodra|15\/100 brn|[from] brn\n|upkeep\n|turn|11\n|\n|t:|1696023372\n|move|p1b: Altaria|Hyper Voice|p2a: Armarouge|[spread] p2a,p2b\n|-resisted|p2a: Armarouge\n|-damage|p2a: Armarouge|4\/100\n|-damage|p2b: Goodra|0 fnt\n|faint|p2b: Goodra\n|move|p1a: Sableye|Foul Play|p2a: Armarouge\n|-supereffective|p2a: Armarouge\n|-crit|p2a: Armarouge\n|-damage|p2a: Armarouge|0 fnt\n|faint|p2a: Armarouge\n|\n|-weather|none\n|upkeep\n|\n|t:|1696023376\n|switch|p2b: Urshifu|Urshifu-Rapid-Strike, M|100\/100\n|turn|12\n|\n|t:|1696023389\n|move|p2b: Urshifu|Protect|p2b: Urshifu\n|-singleturn|p2b: Urshifu|Protect\n|move|p1a: Sableye|Will-O-Wisp|p2b: Urshifu\n|-activate|p2b: Urshifu|move: Protect\n|move|p1b: Altaria|Hyper Voice|p2b: Urshifu\n|-activate|p2b: Urshifu|move: Protect\n|\n|upkeep\n|turn|13\n|\n|t:|1696023401\n|move|p1a: Sableye|Encore|p2b: Urshifu\n|-start|p2b: Urshifu|Encore\n|move|p2b: Urshifu|Protect|p2b: Urshifu\n|-singleturn|p2b: Urshifu|Protect\n|move|p1b: Altaria|Roost|p1b: Altaria\n|-heal|p1b: Altaria|99\/100\n|-singleturn|p1b: Altaria|move: Roost\n|\n|upkeep\n|turn|14\n|inactive|Unclosetedrock has 120 seconds left.\n|-message|Unclosetedrock forfeited.\n|\n|win|zeref203\n|raw|zeref203's rating: 1121 &rarr; <strong>1151<\/strong><br \/>(+30 for winning)\n|raw|Unclosetedrock's rating: 1187 &rarr; <strong>1157<\/strong><br \/>(-30 for losing)\n|l|\u2606Unclosetedrock\n","uploadtime":1696023450,"views":9,"p1id":"zeref203","p2id":"unclosetedrock","formatid":"gen9nationaldexdoubles","rating":1151,"private":0,"password":""}