{"id":"gen9nationaldexdoubles-1963783005","p1":"Mr. Buggy Boy","p2":"Not McBruh","format":"[Gen 9] National Dex Doubles","log":"|j|\u2606Mr. Buggy Boy\n|j|\u2606Not McBruh\n|t:|1696899661\n|gametype|doubles\n|player|p1|Mr. Buggy Boy|bugcatcher-gen4dp|1133\n|player|p2|Not McBruh|colress|1363\n|teamsize|p1|6\n|teamsize|p2|6\n|gen|9\n|tier|[Gen 9] National Dex Doubles\n|rated|\n|rule|HP Percentage Mod: HP is shown in percentages\n|rule|Endless Battle Clause: Forcing endless battles is banned\n|rule|OHKO Clause: OHKO moves are banned\n|rule|Evasion Moves Clause: Evasion moves are banned\n|rule|Evasion Abilities Clause: Evasion abilities are banned\n|rule|Species Clause: Limit one of each Pok\u00e9mon\n|rule|Gravity Sleep Clause: The combination of sleep-inducing moves with imperfect accuracy and Gravity or Gigantamax Orbeetle are banned\n|clearpoke\n|poke|p1|Tyranitar, M|\n|poke|p1|Dracovish|\n|poke|p1|Houndstone, M|\n|poke|p1|Glimmora, F|\n|poke|p1|Ogerpon-Cornerstone, F|\n|poke|p1|Gholdengo|\n|poke|p2|Tornadus, M|\n|poke|p2|Thundurus-Therian, M|\n|poke|p2|Espeon, M|\n|poke|p2|Charizard, F|\n|poke|p2|Raikou|\n|poke|p2|Greninja-*, F|\n|teampreview\n|c|\u2606Mr. Buggy Boy|Howdy! I like your team!\n|\n|t:|1696899688\n|start\n|switch|p1a: Godzilla|Tyranitar, M|100\/100\n|switch|p1b: Flower|Glimmora, F|100\/100\n|switch|p2a: Weather Forecast|Tornadus, M|100\/100\n|switch|p2b: Greninja|Greninja, F|100\/100\n|-item|p1b: Flower|Air Balloon\n|-weather|Sandstorm|[from] ability: Sand Stream|[of] p1a: Godzilla\n|turn|1\n|\n|t:|1696899706\n|detailschange|p1a: Godzilla|Tyranitar-Mega, M\n|-mega|p1a: Godzilla|Tyranitar|Tyranitarite\n|move|p2a: Weather Forecast|Rain Dance|p2a: Weather Forecast\n|-weather|RainDance\n|move|p2b: Greninja|Weather Ball|p1a: Godzilla\n|-start|p2b: Greninja|typechange|Water|[from] ability: Protean\n|-supereffective|p1a: Godzilla\n|-damage|p1a: Godzilla|0 fnt\n|faint|p1a: Godzilla\n|move|p1b: Flower|Stealth Rock|p2a: Weather Forecast\n|-sidestart|p2: Not McBruh|move: Stealth Rock\n|\n|-weather|RainDance|[upkeep]\n|upkeep\n|\n|t:|1696899719\n|switch|p1a: Coins|Gholdengo|100\/100\n|turn|2\n|\n|t:|1696899732\n|switch|p2a: Raikou|Raikou|100\/100\n|-damage|p2a: Raikou|88\/100|[from] Stealth Rock\n|move|p2b: Greninja|Weather Ball|p1a: Coins\n|-damage|p1a: Coins|23\/100\n|move|p1b: Flower|Spikes|p2a: Raikou\n|-sidestart|p2: Not McBruh|Spikes\n|move|p1a: Coins|Thunderbolt|p2a: Raikou\n|-resisted|p2a: Raikou\n|-damage|p2a: Raikou|74\/100\n|\n|-weather|RainDance|[upkeep]\n|upkeep\n|turn|3\n|\n|t:|1696899751\n|move|p2b: Greninja|Weather Ball|p1a: Coins\n|-damage|p1a: Coins|0 fnt\n|faint|p1a: Coins\n|move|p2a: Raikou|Weather Ball|p1b: Flower\n|-supereffective|p1b: Flower\n|-damage|p1b: Flower|0 fnt\n|-enditem|p1b: Flower|Air Balloon\n|faint|p1b: Flower\n|-damage|p2a: Raikou|64\/100|[from] item: Life Orb\n|\n|-weather|RainDance|[upkeep]\n|upkeep\n|\n|t:|1696899764\n|switch|p1b: Fish|Dracovish|100\/100\n|switch|p1a: Ogerpon|Ogerpon-Cornerstone, F|100\/100\n|turn|4\n|\n|t:|1696899773\n|move|p2b: Greninja|Weather Ball|p1a: Ogerpon\n|-ability|p1a: Ogerpon|Sturdy\n|-damage|p1a: Ogerpon|1\/100\n|move|p2a: Raikou|Thunder|p1b: Fish\n|-damage|p1b: Fish|19\/100\n|-status|p1b: Fish|par\n|-damage|p2a: Raikou|54\/100|[from] item: Life Orb\n|move|p1a: Ogerpon|Horn Leech|p2b: Greninja\n|-supereffective|p2b: Greninja\n|-damage|p2b: Greninja|0 fnt\n|-heal|p1a: Ogerpon|48\/100|[from] drain|[of] p2b: Greninja\n|faint|p2b: Greninja\n|move|p1b: Fish|Fishious Rend|p2a: Raikou\n|-damage|p2a: Raikou|0 fnt\n|faint|p2a: Raikou\n|\n|-weather|RainDance|[upkeep]\n|-heal|p1b: Fish|25\/100 par|[from] item: Leftovers\n|upkeep\n|\n|t:|1696899790\n|switch|p2b: Espeon|Espeon, M|100\/100\n|switch|p2a: Thundurus|Thundurus-Therian, M|100\/100\n|-damage|p2b: Espeon|88\/100|[from] Stealth Rock\n|-damage|p2b: Espeon|76\/100|[from] Spikes\n|-damage|p2a: Thundurus|76\/100|[from] Stealth Rock\n|turn|5\n|\n|t:|1696899806\n|move|p1a: Ogerpon|Spiky Shield|p1a: Ogerpon\n|-singleturn|p1a: Ogerpon|move: Protect\n|move|p2b: Espeon|Psychic|p1b: Fish\n|-damage|p1b: Fish|0 fnt\n|faint|p1b: Fish\n|move|p2a: Thundurus|Weather Ball|p1a: Ogerpon\n|-activate|p1a: Ogerpon|move: Protect\n|\n|-weather|none\n|upkeep\n|\n|t:|1696899817\n|switch|p1b: Animal Crossing|Houndstone, M|100\/100\n|turn|6\n|\n|t:|1696899825\n|move|p2a: Thundurus|Protect|p2a: Thundurus\n|-singleturn|p2a: Thundurus|Protect\n|move|p1b: Animal Crossing|Shadow Sneak|p2b: Espeon\n|-supereffective|p2b: Espeon\n|-damage|p2b: Espeon|19\/100\n|move|p2b: Espeon|Psychic|p1a: Ogerpon\n|-damage|p1a: Ogerpon|0 fnt\n|faint|p1a: Ogerpon\n|\n|upkeep\n|turn|7\n|\n|t:|1696899838\n|move|p1b: Animal Crossing|Shadow Sneak|p2b: Espeon\n|-supereffective|p2b: Espeon\n|-damage|p2b: Espeon|0 fnt\n|faint|p2b: Espeon\n|move|p2a: Thundurus|Wildbolt Storm|p1b: Animal Crossing\n|-damage|p1b: Animal Crossing|29\/100\n|-status|p1b: Animal Crossing|par\n|-damage|p2a: Thundurus|66\/100|[from] item: Life Orb\n|\n|upkeep\n|\n|t:|1696899841\n|switch|p2b: Weather Forecast|Tornadus, M|100\/100\n|-damage|p2b: Weather Forecast|76\/100|[from] Stealth Rock\n|turn|8\n|c|\u2606Not McBruh|gg\n|\n|t:|1696899851\n|move|p2b: Weather Forecast|Rain Dance|p2b: Weather Forecast\n|-weather|RainDance\n|move|p1b: Animal Crossing|Shadow Sneak|p2a: Thundurus\n|-damage|p2a: Thundurus|39\/100\n|move|p2a: Thundurus|Thunder|p1b: Animal Crossing\n|-damage|p1b: Animal Crossing|0 fnt\n|faint|p1b: Animal Crossing\n|-damage|p2a: Thundurus|29\/100|[from] item: Life Orb\n|\n|win|Not McBruh\n|raw|Mr. Buggy Boy's rating: 1133 &rarr; <strong>1122<\/strong><br \/>(-11 for losing)\n|raw|Not McBruh's rating: 1363 &rarr; <strong>1371<\/strong><br \/>(+8 for winning)\n|c|\u2606Mr. Buggy Boy|Gg\n|l|\u2606Mr. Buggy Boy\n","uploadtime":1696899871,"views":7,"p1id":"mrbuggyboy","p2id":"notmcbruh","formatid":"gen9nationaldexdoubles","rating":1122,"private":0,"password":""}