{"id":"gen9nationaldexdoubles-1970790350","p1":"TheOfficialSlade","p2":"WonderNoob","format":"[Gen 9] National Dex Doubles","log":"|j|\u2606TheOfficialSlade\n|j|\u2606WonderNoob\n|t:|1697667444\n|gametype|doubles\n|player|p1|TheOfficialSlade|shadowtriad|\n|player|p2|WonderNoob|101|\n|teamsize|p1|6\n|teamsize|p2|6\n|gen|9\n|tier|[Gen 9] National Dex Doubles\n|rule|HP Percentage Mod: HP is shown in percentages\n|rule|Endless Battle Clause: Forcing endless battles is banned\n|rule|OHKO Clause: OHKO moves are banned\n|rule|Evasion Moves Clause: Evasion moves are banned\n|rule|Evasion Abilities Clause: Evasion abilities are banned\n|rule|Species Clause: Limit one of each Pok\u00e9mon\n|rule|Gravity Sleep Clause: The combination of sleep-inducing moves with imperfect accuracy and Gravity or Gigantamax Orbeetle are banned\n|clearpoke\n|poke|p1|Espeon, F|\n|poke|p1|Rhyperior, M|\n|poke|p1|Dusclops, M|\n|poke|p1|Ferrothorn, M|\n|poke|p1|Ampharos, M|\n|poke|p1|Gothitelle, M|\n|poke|p2|Blissey, F|\n|poke|p2|Wugtrio, M|\n|poke|p2|Gyarados, F|\n|poke|p2|Ludicolo, M|\n|poke|p2|Jynx, F|\n|poke|p2|Clodsire, M|\n|teampreview\n|\n|t:|1697667495\n|start\n|switch|p1a: Dusclops|Dusclops, M|100\/100\n|switch|p1b: Ferrothorn|Ferrothorn, M|100\/100\n|switch|p2a: Jynx|Jynx, F, shiny|100\/100\n|switch|p2b: Clodsire|Clodsire, M|100\/100\n|-item|p2a: Jynx|Choice Specs|[from] ability: Frisk|[of] p1a: Dusclops|[identify]\n|-item|p2b: Clodsire|Leftovers|[from] ability: Frisk|[of] p1a: Dusclops|[identify]\n|turn|1\n|j| KageDeSin\n|j| usagi the weeb\n|j| landlord79\n|\n|t:|1697667552\n|move|p2a: Jynx|Rain Dance|p2a: Jynx\n|-weather|RainDance\n|move|p2b: Clodsire|Toxic|p1a: Dusclops\n|-status|p1a: Dusclops|tox\n|move|p1b: Ferrothorn|Iron Defense|p1b: Ferrothorn\n|-boost|p1b: Ferrothorn|def|2\n|move|p1a: Dusclops|Trick Room|p1a: Dusclops\n|-fieldstart|move: Trick Room|[of] p1a: Dusclops\n|\n|-weather|RainDance|[upkeep]\n|-damage|p1a: Dusclops|95\/100 tox|[from] psn\n|upkeep\n|turn|2\n|\n|t:|1697667580\n|switch|p2a: Wugtrio|Wugtrio, M, shiny|100\/100\n|move|p1a: Dusclops|Night Shade|p2a: Wugtrio\n|-damage|p2a: Wugtrio|53\/100\n|move|p1b: Ferrothorn|Body Press|p2b: Clodsire\n|-resisted|p2b: Clodsire\n|-damage|p2b: Clodsire|70\/100\n|move|p2b: Clodsire|Spikes|p1a: Dusclops\n|-sidestart|p1: TheOfficialSlade|Spikes\n|\n|-weather|RainDance|[upkeep]\n|-heal|p2b: Clodsire|76\/100|[from] item: Leftovers\n|-damage|p1a: Dusclops|83\/100 tox|[from] psn\n|upkeep\n|turn|3\n|\n|t:|1697667606\n|move|p1a: Dusclops|Night Shade|p2b: Clodsire\n|-damage|p2b: Clodsire|55\/100\n|move|p2b: Clodsire|Spikes|p1a: Dusclops\n|-sidestart|p1: TheOfficialSlade|Spikes\n|move|p1b: Ferrothorn|Body Press|p2a: Wugtrio\n|-damage|p2a: Wugtrio|0 fnt\n|-ability|p2a: Wugtrio|Gooey\n|-unboost|p1b: Ferrothorn|spe|1\n|faint|p2a: Wugtrio\n|\n|-weather|RainDance|[upkeep]\n|-heal|p2b: Clodsire|61\/100|[from] item: Leftovers\n|-damage|p1a: Dusclops|65\/100 tox|[from] psn\n|upkeep\n|\n|t:|1697667622\n|switch|p2a: Ludicolo|Ludicolo, M, shiny|100\/100\n|turn|4\n|\n|t:|1697667638\n|move|p2a: Ludicolo|Fake Out|p1b: Ferrothorn\n|-resisted|p1b: Ferrothorn\n|-damage|p1b: Ferrothorn|99\/100\n|-damage|p2a: Ludicolo|88\/100|[from] ability: Iron Barbs|[of] p1b: Ferrothorn\n|-damage|p2a: Ludicolo|78\/100|[from] item: Life Orb\n|move|p1a: Dusclops|Will-O-Wisp|p2b: Clodsire\n|-status|p2b: Clodsire|brn\n|cant|p1b: Ferrothorn|flinch\n|move|p2b: Clodsire|Spikes|p1a: Dusclops\n|-sidestart|p1: TheOfficialSlade|Spikes\n|\n|-weather|RainDance|[upkeep]\n|-heal|p1b: Ferrothorn|100\/100|[from] item: Leftovers\n|-heal|p2b: Clodsire|67\/100 brn|[from] item: Leftovers\n|-damage|p1a: Dusclops|41\/100 tox|[from] psn\n|-damage|p2b: Clodsire|61\/100 brn|[from] brn\n|upkeep\n|turn|5\n|\n|t:|1697667664\n|move|p1a: Dusclops|Will-O-Wisp|p2a: Ludicolo\n|-status|p2a: Ludicolo|brn\n|move|p1b: Ferrothorn|Body Press|p2b: Clodsire\n|-resisted|p2b: Clodsire\n|-damage|p2b: Clodsire|28\/100 brn\n|move|p2b: Clodsire|Recover|p2b: Clodsire\n|-heal|p2b: Clodsire|78\/100 brn\n|move|p2a: Ludicolo|Hydro Pump|p1a: Dusclops\n|-damage|p1a: Dusclops|0 fnt\n|faint|p1a: Dusclops\n|-damage|p2a: Ludicolo|68\/100 brn|[from] item: Life Orb\n|\n|-weather|none\n|-heal|p2b: Clodsire|84\/100 brn|[from] item: Leftovers\n|-damage|p2b: Clodsire|78\/100 brn|[from] brn\n|-damage|p2a: Ludicolo|62\/100 brn|[from] brn\n|-fieldend|move: Trick Room\n|upkeep\n|\n|t:|1697667686\n|switch|p1a: Gothitelle|Gothitelle, M|100\/100\n|-damage|p1a: Gothitelle|76\/100|[from] Spikes\n|turn|6\n|\n|t:|1697667708\n|move|p2a: Ludicolo|Fake Out||[still]\n|-hint|Fake Out only works on your first turn out.\n|-fail|p2a: Ludicolo\n|move|p1a: Gothitelle|Fake Out|p2a: Ludicolo\n|-damage|p2a: Ludicolo|54\/100 brn\n|move|p2b: Clodsire|Toxic|p1a: Gothitelle\n|-status|p1a: Gothitelle|tox\n|move|p1b: Ferrothorn|Leech Seed|p2b: Clodsire\n|-start|p2b: Clodsire|move: Leech Seed\n|\n|-heal|p2b: Clodsire|84\/100 brn|[from] item: Leftovers\n|-damage|p2b: Clodsire|71\/100 brn|[from] Leech Seed|[of] p1b: Ferrothorn\n|-damage|p1a: Gothitelle|70\/100 tox|[from] psn\n|-damage|p2a: Ludicolo|48\/100 brn|[from] brn\n|-damage|p2b: Clodsire|65\/100 brn|[from] brn\n|upkeep\n|turn|7\n|\n|t:|1697667738\n|move|p2a: Ludicolo|Hydro Pump|p1a: Gothitelle\n|-damage|p1a: Gothitelle|23\/100 tox\n|-enditem|p1a: Gothitelle|Sitrus Berry|[eat]\n|-heal|p1a: Gothitelle|48\/100 tox|[from] item: Sitrus Berry\n|-damage|p2a: Ludicolo|38\/100 brn|[from] item: Life Orb\n|move|p1a: Gothitelle|Psychic|p2a: Ludicolo\n|-damage|p2a: Ludicolo|7\/100 brn\n|move|p2b: Clodsire|Recover|p2b: Clodsire\n|-heal|p2b: Clodsire|100\/100 brn\n|move|p1b: Ferrothorn|Iron Defense|p1b: Ferrothorn\n|-boost|p1b: Ferrothorn|def|2\n|\n|-damage|p2b: Clodsire|88\/100 brn|[from] Leech Seed|[of] p1b: Ferrothorn\n|-damage|p1a: Gothitelle|35\/100 tox|[from] psn\n|-damage|p2a: Ludicolo|1\/100 brn|[from] brn\n|-damage|p2b: Clodsire|82\/100 brn|[from] brn\n|upkeep\n|turn|8\n|\n|t:|1697667764\n|move|p1a: Gothitelle|Protect|p1a: Gothitelle\n|-singleturn|p1a: Gothitelle|Protect\n|move|p1b: Ferrothorn|Protect|p1b: Ferrothorn\n|-singleturn|p1b: Ferrothorn|Protect\n|move|p2a: Ludicolo|Ice Beam|p1b: Ferrothorn\n|-activate|p1b: Ferrothorn|move: Protect\n|move|p2b: Clodsire|Earthquake|p1b: Ferrothorn|[spread] p2a\n|-activate|p1a: Gothitelle|move: Protect\n|-activate|p1b: Ferrothorn|move: Protect\n|-resisted|p2a: Ludicolo\n|-damage|p2a: Ludicolo|0 fnt\n|faint|p2a: Ludicolo\n|\n|-heal|p2b: Clodsire|88\/100 brn|[from] item: Leftovers\n|-damage|p2b: Clodsire|75\/100 brn|[from] Leech Seed|[of] p1b: Ferrothorn\n|-damage|p1a: Gothitelle|17\/100 tox|[from] psn\n|-damage|p2b: Clodsire|69\/100 brn|[from] brn\n|upkeep\n|c|\u2606WonderNoob|oof\n|c| KageDeSin|tragic\n|\n|t:|1697667789\n|switch|p2a: Gyarados|Gyarados, F, shiny|100\/100\n|turn|9\n|\n|t:|1697667814\n|detailschange|p2a: Gyarados|Gyarados-Mega, F, shiny\n|-mega|p2a: Gyarados|Gyarados|Gyaradosite\n|-ability|p2a: Gyarados|Mold Breaker\n|move|p2a: Gyarados|Aqua Tail|p1a: Gothitelle\n|-damage|p1a: Gothitelle|0 fnt\n|faint|p1a: Gothitelle\n|move|p2b: Clodsire|Recover|p2b: Clodsire\n|-heal|p2b: Clodsire|100\/100 brn\n|move|p1b: Ferrothorn|Leech Seed|p2a: Gyarados\n|-start|p2a: Gyarados|move: Leech Seed\n|\n|-damage|p2a: Gyarados|88\/100|[from] Leech Seed|[of] p1b: Ferrothorn\n|-damage|p2b: Clodsire|88\/100 brn|[from] Leech Seed|[of] p1b: Ferrothorn\n|-damage|p2b: Clodsire|82\/100 brn|[from] brn\n|upkeep\n|\n|t:|1697667828\n|switch|p1a: Ampharos|Ampharos, M|100\/100\n|-damage|p1a: Ampharos|76\/100|[from] Spikes\n|turn|10\n|\n|t:|1697667843\n|detailschange|p1a: Ampharos|Ampharos-Mega, M\n|-mega|p1a: Ampharos|Ampharos|Ampharosite\n|-ability|p1a: Ampharos|Mold Breaker\n|move|p2a: Gyarados|Crunch|p1a: Ampharos\n|-damage|p1a: Ampharos|30\/100\n|move|p1a: Ampharos|Volt Switch|p2a: Gyarados\n|-supereffective|p2a: Gyarados\n|-damage|p2a: Gyarados|7\/100\n|\n|t:|1697667857\n|switch|p1a: Rhyperior|Rhyperior, M|100\/100|[from] Volt Switch\n|-damage|p1a: Rhyperior|76\/100|[from] Spikes\n|move|p2b: Clodsire|Toxic|p1a: Rhyperior\n|-status|p1a: Rhyperior|tox\n|move|p1b: Ferrothorn|Body Press|p2a: Gyarados\n|-supereffective|p2a: Gyarados\n|-damage|p2a: Gyarados|0 fnt\n|faint|p2a: Gyarados\n|\n|-heal|p1a: Rhyperior|82\/100 tox|[from] item: Leftovers\n|-heal|p2b: Clodsire|88\/100 brn|[from] item: Leftovers\n|-damage|p2b: Clodsire|75\/100 brn|[from] Leech Seed|[of] p1b: Ferrothorn\n|-damage|p1a: Rhyperior|76\/100 tox|[from] psn\n|-damage|p2b: Clodsire|69\/100 brn|[from] brn\n|upkeep\n|\n|t:|1697667874\n|switch|p2a: Jynx|Jynx, F, shiny|100\/100\n|turn|11\n|\n|t:|1697667892\n|move|p2a: Jynx|Focus Blast|p1b: Ferrothorn\n|-supereffective|p1b: Ferrothorn\n|-damage|p1b: Ferrothorn|14\/100\n|move|p1a: Rhyperior|Sunny Day|p1a: Rhyperior\n|-weather|SunnyDay\n|move|p2b: Clodsire|Recover|p2b: Clodsire\n|-heal|p2b: Clodsire|100\/100 brn\n|move|p1b: Ferrothorn|Body Press|p2a: Jynx\n|-damage|p2a: Jynx|0 fnt\n|faint|p2a: Jynx\n|\n|-weather|SunnyDay|[upkeep]\n|-heal|p1a: Rhyperior|82\/100 tox|[from] item: Leftovers\n|-heal|p1b: Ferrothorn|20\/100|[from] item: Leftovers\n|-damage|p2b: Clodsire|88\/100 brn|[from] Leech Seed|[of] p1b: Ferrothorn\n|-heal|p1b: Ferrothorn|36\/100|[silent]\n|-damage|p1a: Rhyperior|69\/100 tox|[from] psn\n|-damage|p2b: Clodsire|82\/100 brn|[from] brn\n|upkeep\n|\n|t:|1697667908\n|switch|p2a: Blissey|Blissey, F, shiny|100\/100\n|turn|12\n|\n|t:|1697667917\n|move|p2a: Blissey|Stealth Rock|p1a: Rhyperior\n|-sidestart|p1: TheOfficialSlade|move: Stealth Rock\n|move|p1a: Rhyperior|Stone Edge|p2a: Blissey\n|-damage|p2a: Blissey|46\/100\n|move|p2b: Clodsire|Earthquake|p1b: Ferrothorn|[spread] p2a,p1a,p1b\n|-supereffective|p1a: Rhyperior\n|-damage|p2a: Blissey|36\/100\n|-damage|p1a: Rhyperior|60\/100 tox\n|-damage|p1b: Ferrothorn|34\/100\n|move|p1b: Ferrothorn|Body Press|p2a: Blissey\n|-supereffective|p2a: Blissey\n|-damage|p2a: Blissey|0 fnt\n|faint|p2a: Blissey\n|\n|-weather|SunnyDay|[upkeep]\n|-heal|p1a: Rhyperior|66\/100 tox|[from] item: Leftovers\n|-heal|p2b: Clodsire|88\/100 brn|[from] item: Leftovers\n|-heal|p1b: Ferrothorn|41\/100|[from] item: Leftovers\n|-damage|p2b: Clodsire|75\/100 brn|[from] Leech Seed|[of] p1b: Ferrothorn\n|-heal|p1b: Ferrothorn|57\/100|[silent]\n|-damage|p1a: Rhyperior|47\/100 tox|[from] psn\n|-damage|p2b: Clodsire|69\/100 brn|[from] brn\n|upkeep\n|turn|13\n|\n|t:|1697667940\n|move|p1a: Rhyperior|Stone Edge|p2b: Clodsire\n|-resisted|p2b: Clodsire\n|-damage|p2b: Clodsire|43\/100 brn\n|move|p2b: Clodsire|Recover|p2b: Clodsire\n|-heal|p2b: Clodsire|93\/100 brn\n|move|p1b: Ferrothorn|Body Press|p2b: Clodsire\n|-resisted|p2b: Clodsire\n|-damage|p2b: Clodsire|49\/100 brn\n|\n|-weather|SunnyDay|[upkeep]\n|-heal|p1a: Rhyperior|54\/100 tox|[from] item: Leftovers\n|-heal|p2b: Clodsire|55\/100 brn|[from] item: Leftovers\n|-heal|p1b: Ferrothorn|63\/100|[from] item: Leftovers\n|-damage|p2b: Clodsire|43\/100 brn|[from] Leech Seed|[of] p1b: Ferrothorn\n|-heal|p1b: Ferrothorn|80\/100|[silent]\n|-damage|p1a: Rhyperior|29\/100 tox|[from] psn\n|-damage|p2b: Clodsire|36\/100 brn|[from] brn\n|upkeep\n|turn|14\n|c| landlord79|somehow the burnt\/leech seed clogsire turn 1 still alive\n|c| landlord79|and last man standing\n|\n|t:|1697667964\n|move|p1a: Rhyperior|Stone Edge|p2b: Clodsire\n|-resisted|p2b: Clodsire\n|-damage|p2b: Clodsire|10\/100 brn\n|move|p2b: Clodsire|Recover|p2b: Clodsire\n|-heal|p2b: Clodsire|60\/100 brn\n|move|p1b: Ferrothorn|Body Press|p2b: Clodsire\n|-resisted|p2b: Clodsire\n|-damage|p2b: Clodsire|17\/100 brn\n|\n|-weather|SunnyDay|[upkeep]\n|-heal|p1a: Rhyperior|35\/100 tox|[from] item: Leftovers\n|-heal|p2b: Clodsire|23\/100 brn|[from] item: Leftovers\n|-heal|p1b: Ferrothorn|86\/100|[from] item: Leftovers\n|-damage|p2b: Clodsire|11\/100 brn|[from] Leech Seed|[of] p1b: Ferrothorn\n|-heal|p1b: Ferrothorn|100\/100|[silent]\n|-damage|p1a: Rhyperior|5\/100 tox|[from] psn\n|-damage|p2b: Clodsire|4\/100 brn|[from] brn\n|upkeep\n|turn|15\n|c|\u2606WonderNoob|I had to rely on him after the early wugtrio death :(\n|\n|t:|1697667982\n|move|p1a: Rhyperior|Stone Edge|p2b: Clodsire\n|-resisted|p2b: Clodsire\n|-damage|p2b: Clodsire|0 fnt\n|faint|p2b: Clodsire\n|\n|win|TheOfficialSlade\n|c|\u2606TheOfficialSlade|gg\n|c| KageDeSin|gg\n|l|\u2606TheOfficialSlade\n|c|\u2606WonderNoob|gg\n|c| landlord79|gg\n|l|\u2606WonderNoob\n|l| landlord79\n|l| KageDeSin\n|j|\u2606TheOfficialSlade\n|player|p1|TheOfficialSlade|shadowtriad\n","uploadtime":1697668003,"views":34,"p1id":"theofficialslade","p2id":"wondernoob","formatid":"gen9nationaldexdoubles","rating":0,"private":0,"password":""}