{"id":"gen9nationaldexdoubles-1950384152","p1":"Tournesun","p2":"Half a castle","format":"[Gen 9] National Dex Doubles","log":"|j|\u2606Tournesun\n|j|\u2606Half a castle\n|t:|1695465413\n|gametype|doubles\n|player|p1|Tournesun|parasollady|1132\n|player|p2|Half a castle|giovanni|1356\n|teamsize|p1|6\n|teamsize|p2|6\n|gen|9\n|tier|[Gen 9] National Dex Doubles\n|rated|\n|rule|HP Percentage Mod: HP is shown in percentages\n|rule|Endless Battle Clause: Forcing endless battles is banned\n|rule|OHKO Clause: OHKO moves are banned\n|rule|Evasion Moves Clause: Evasion moves are banned\n|rule|Evasion Abilities Clause: Evasion abilities are banned\n|rule|Species Clause: Limit one of each Pok\u00e9mon\n|rule|Gravity Sleep Clause: The combination of sleep-inducing moves with imperfect accuracy and Gravity or Gigantamax Orbeetle are banned\n|clearpoke\n|poke|p1|Oricorio-Pom-Pom, M|\n|poke|p1|Quaquaval, M|\n|poke|p1|Farigiraf, M|\n|poke|p1|Kingambit, M|\n|poke|p1|Meowstic, M|\n|poke|p1|Venusaur, M|\n|poke|p2|Walking Wake|\n|poke|p2|Pelipper, M|\n|poke|p2|Torkoal, M|\n|poke|p2|Swampert, M|\n|poke|p2|Tornadus, M|\n|poke|p2|Flutter Mane|\n|teampreview\n|\n|t:|1695465427\n|start\n|switch|p1a: Quaquaval|Quaquaval, M|100\/100\n|switch|p1b: Oricorio|Oricorio-Pom-Pom, M|100\/100\n|switch|p2a: Tornadus|Tornadus, M|100\/100\n|switch|p2b: \u6ce2\u5c14\u51ef\u5e03\u7279|Walking Wake|100\/100\n|-enditem|p2b: \u6ce2\u5c14\u51ef\u5e03\u7279|Booster Energy\n|-activate|p2b: \u6ce2\u5c14\u51ef\u5e03\u7279|ability: Protosynthesis|[fromitem]\n|-start|p2b: \u6ce2\u5c14\u51ef\u5e03\u7279|protosynthesisspe\n|turn|1\n|\n|t:|1695465471\n|move|p2b: \u6ce2\u5c14\u51ef\u5e03\u7279|Draco Meteor|p1a: Quaquaval\n|-damage|p1a: Quaquaval|17\/100\n|-unboost|p2b: \u6ce2\u5c14\u51ef\u5e03\u7279|spa|2\n|move|p2a: Tornadus|Bleakwind Storm|p1a: Quaquaval|[spread] p1a,p1b\n|-supereffective|p1a: Quaquaval\n|-resisted|p1b: Oricorio\n|-damage|p1a: Quaquaval|0 fnt\n|-damage|p1b: Oricorio|73\/100\n|faint|p1a: Quaquaval\n|move|p1b: Oricorio|Quiver Dance|p1b: Oricorio\n|-boost|p1b: Oricorio|spa|1\n|-boost|p1b: Oricorio|spd|1\n|-boost|p1b: Oricorio|spe|1\n|\n|upkeep\n|\n|t:|1695465495\n|switch|p1a: Meowstic|Meowstic, M, shiny|100\/100\n|turn|2\n|\n|t:|1695465511\n|move|p1a: Meowstic|Fake Out|p2b: \u6ce2\u5c14\u51ef\u5e03\u7279\n|-damage|p2b: \u6ce2\u5c14\u51ef\u5e03\u7279|96\/100\n|move|p1b: Oricorio|Revelation Dance|p2a: Tornadus\n|-supereffective|p2a: Tornadus\n|-enditem|p2a: Tornadus|Focus Sash\n|-damage|p2a: Tornadus|1\/100\n|move|p2a: Tornadus|Bleakwind Storm|p1b: Oricorio|[spread] p1b\n|-miss|p2a: Tornadus|p1a: Meowstic\n|-resisted|p1b: Oricorio\n|-damage|p1b: Oricorio|54\/100\n|-unboost|p1b: Oricorio|spe|1\n|cant|p2b: \u6ce2\u5c14\u51ef\u5e03\u7279|flinch\n|\n|upkeep\n|turn|3\n|\n|t:|1695465541\n|move|p2a: Tornadus|Tailwind|p2a: Tornadus\n|-sidestart|p2: Half a castle|move: Tailwind\n|move|p1a: Meowstic|Skill Swap|p1b: Oricorio\n|-activate|p1a: Meowstic|move: Skill Swap|||[of] p1b: Oricorio\n|move|p1b: Oricorio|Revelation Dance|p2a: Tornadus\n|-supereffective|p2a: Tornadus\n|-damage|p2a: Tornadus|0 fnt\n|faint|p2a: Tornadus\n|-activate|p1a: Meowstic|ability: Dancer\n|move|p1a: Meowstic|Revelation Dance|p2b: \u6ce2\u5c14\u51ef\u5e03\u7279|[from]ability: Dancer\n|-damage|p2b: \u6ce2\u5c14\u51ef\u5e03\u7279|55\/100\n|move|p2b: \u6ce2\u5c14\u51ef\u5e03\u7279|Roar|p1b: Oricorio\n|drag|p1b: Kingambit|Kingambit, M|100\/100\n|-activate|p1b: Kingambit|ability: Supreme Overlord\n|-start|p1b: Kingambit|fallen1|[silent]\n|\n|upkeep\n|\n|t:|1695465558\n|switch|p2a: \u7206\u4e86\uff01|Torkoal, M, shiny|100\/100\n|-weather|SunnyDay|[from] ability: Drought|[of] p2a: \u7206\u4e86\uff01\n|turn|4\n|\n|t:|1695465587\n|-end|p2b: \u6ce2\u5c14\u51ef\u5e03\u7279|Protosynthesis|[silent]\n|switch|p2b: \u5403\u6211\u4e00\u62f3|Swampert, M|100\/100\n|switch|p1a: Farigiraf|Farigiraf, M|100\/100\n|move|p1b: Kingambit|Protect|p1b: Kingambit\n|-singleturn|p1b: Kingambit|Protect\n|move|p2a: \u7206\u4e86\uff01|Weather Ball|p1b: Kingambit\n|-activate|p1b: Kingambit|move: Protect\n|\n|-weather|SunnyDay|[upkeep]\n|upkeep\n|turn|5\n|\n|t:|1695465618\n|-end|p1b: Kingambit|fallen1|[silent]\n|switch|p1b: Oricorio|Oricorio-Pom-Pom, M|54\/100\n|move|p2b: \u5403\u6211\u4e00\u62f3|Ice Punch|p1a: Farigiraf\n|-damage|p1a: Farigiraf|72\/100\n|-damage|p2b: \u5403\u6211\u4e00\u62f3|84\/100|[from] item: Rocky Helmet|[of] p1a: Farigiraf\n|move|p1a: Farigiraf|Psychic|p2a: \u7206\u4e86\uff01\n|-damage|p2a: \u7206\u4e86\uff01|58\/100\n|move|p2a: \u7206\u4e86\uff01|Weather Ball|p1b: Oricorio\n|-damage|p1b: Oricorio|0 fnt\n|faint|p1b: Oricorio\n|\n|-weather|SunnyDay|[upkeep]\n|upkeep\n|\n|t:|1695465630\n|switch|p1b: Meowstic|Meowstic, M, shiny|100\/100\n|turn|6\n|\n|t:|1695465642\n|detailschange|p2b: \u5403\u6211\u4e00\u62f3|Swampert-Mega, M\n|-mega|p2b: \u5403\u6211\u4e00\u62f3|Swampert|Swampertite\n|move|p1b: Meowstic|Fake Out|p2b: \u5403\u6211\u4e00\u62f3\n|-damage|p2b: \u5403\u6211\u4e00\u62f3|79\/100\n|cant|p2b: \u5403\u6211\u4e00\u62f3|flinch\n|move|p1a: Farigiraf|Psychic|p2a: \u7206\u4e86\uff01\n|-damage|p2a: \u7206\u4e86\uff01|14\/100\n|move|p2a: \u7206\u4e86\uff01|Weather Ball|p1b: Meowstic\n|-damage|p1b: Meowstic|12\/100\n|\n|-weather|SunnyDay|[upkeep]\n|-sideend|p2: Half a castle|move: Tailwind\n|upkeep\n|turn|7\n|\n|t:|1695465677\n|switch|p2a: \u68a6\u5996\uff08\u5e7f\u4e1c\u7684\u6837\u5b50\uff09|Flutter Mane|100\/100\n|-activate|p2a: \u68a6\u5996\uff08\u5e7f\u4e1c\u7684\u6837\u5b50\uff09|ability: Protosynthesis\n|-start|p2a: \u68a6\u5996\uff08\u5e7f\u4e1c\u7684\u6837\u5b50\uff09|protosynthesisspa\n|move|p1b: Meowstic|Toxic|p2b: \u5403\u6211\u4e00\u62f3\n|-status|p2b: \u5403\u6211\u4e00\u62f3|tox\n|move|p2b: \u5403\u6211\u4e00\u62f3|Ice Punch|p1b: Meowstic\n|-damage|p1b: Meowstic|0 fnt\n|faint|p1b: Meowstic\n|move|p1a: Farigiraf|Psychic|p2a: \u68a6\u5996\uff08\u5e7f\u4e1c\u7684\u6837\u5b50\uff09\n|-damage|p2a: \u68a6\u5996\uff08\u5e7f\u4e1c\u7684\u6837\u5b50\uff09|49\/100\n|\n|-weather|SunnyDay|[upkeep]\n|-damage|p2b: \u5403\u6211\u4e00\u62f3|73\/100 tox|[from] psn\n|upkeep\n|\n|t:|1695465694\n|switch|p1b: Venusaur|Venusaur, M|100\/100\n|turn|8\n|\n|t:|1695465737\n|-end|p2a: \u68a6\u5996\uff08\u5e7f\u4e1c\u7684\u6837\u5b50\uff09|Protosynthesis|[silent]\n|switch|p2a: \u522b\u7206\u5566\uff01|Pelipper, M|100\/100\n|-weather|RainDance|[from] ability: Drizzle|[of] p2a: \u522b\u7206\u5566\uff01\n|move|p2b: \u5403\u6211\u4e00\u62f3|Substitute|p2b: \u5403\u6211\u4e00\u62f3\n|-start|p2b: \u5403\u6211\u4e00\u62f3|Substitute\n|-damage|p2b: \u5403\u6211\u4e00\u62f3|48\/100 tox\n|move|p1b: Venusaur|Petal Dance|p2b: \u5403\u6211\u4e00\u62f3\n|-supereffective|p2b: \u5403\u6211\u4e00\u62f3\n|-end|p2b: \u5403\u6211\u4e00\u62f3|Substitute\n|move|p1a: Farigiraf|Trick Room|p1a: Farigiraf\n|-fieldstart|move: Trick Room|[of] p1a: Farigiraf\n|\n|-weather|RainDance|[upkeep]\n|-damage|p2b: \u5403\u6211\u4e00\u62f3|36\/100 tox|[from] psn\n|upkeep\n|turn|9\n|\n|t:|1695465753\n|switch|p2b: \u7206\u4e86\uff01|Torkoal, M, shiny|14\/100\n|-weather|SunnyDay|[from] ability: Drought|[of] p2b: \u7206\u4e86\uff01\n|move|p2a: \u522b\u7206\u5566\uff01|Weather Ball|p1b: Venusaur\n|-supereffective|p1b: Venusaur\n|-damage|p1b: Venusaur|0 fnt\n|faint|p1b: Venusaur\n|-damage|p2a: \u522b\u7206\u5566\uff01|91\/100|[from] item: Life Orb\n|move|p1a: Farigiraf|Psychic|p2a: \u522b\u7206\u5566\uff01\n|-damage|p2a: \u522b\u7206\u5566\uff01|22\/100\n|\n|-weather|SunnyDay|[upkeep]\n|upkeep\n|\n|t:|1695465765\n|switch|p1b: Kingambit|Kingambit, M|100\/100\n|-activate|p1b: Kingambit|ability: Supreme Overlord\n|-start|p1b: Kingambit|fallen4|[silent]\n|turn|10\n|\n|t:|1695465777\n|move|p1b: Kingambit|Sucker Punch|p2b: \u7206\u4e86\uff01\n|-damage|p2b: \u7206\u4e86\uff01|0 fnt\n|faint|p2b: \u7206\u4e86\uff01\n|move|p2a: \u522b\u7206\u5566\uff01|Weather Ball|p1b: Kingambit\n|-supereffective|p1b: Kingambit\n|-damage|p1b: Kingambit|0 fnt\n|faint|p1b: Kingambit\n|-end|p1b: Kingambit|fallen4|[silent]\n|-damage|p2a: \u522b\u7206\u5566\uff01|12\/100|[from] item: Life Orb\n|move|p1a: Farigiraf|Dazzling Gleam|p2a: \u522b\u7206\u5566\uff01\n|-damage|p2a: \u522b\u7206\u5566\uff01|0 fnt\n|faint|p2a: \u522b\u7206\u5566\uff01\n|\n|-weather|SunnyDay|[upkeep]\n|upkeep\n|-message|Tournesun forfeited.\n|\n|win|Half a castle\n|raw|Tournesun's rating: 1132 &rarr; <strong>1121<\/strong><br \/>(-11 for losing)\n|raw|Half a castle's rating: 1356 &rarr; <strong>1365<\/strong><br \/>(+9 for winning)\n|l|\u2606Tournesun\n","uploadtime":1695465792,"views":8,"p1id":"tournesun","p2id":"halfacastle","formatid":"gen9nationaldexdoubles","rating":1121,"private":0,"password":""}