{"id":"gen9nationaldexdoubles-1955469496","p1":"sparkiapcalt","p2":"Leafeon Enjoyer","format":"[Gen 9] National Dex Doubles","log":"|j|\u2606sparkiapcalt\n|j|\u2606Leafeon Enjoyer\n|t:|1696000690\n|gametype|doubles\n|player|p1|sparkiapcalt|dragontamer|1098\n|player|p2|Leafeon Enjoyer|youngcouple-gen4dp|1083\n|teamsize|p1|6\n|teamsize|p2|6\n|gen|9\n|tier|[Gen 9] National Dex Doubles\n|rated|\n|rule|HP Percentage Mod: HP is shown in percentages\n|rule|Endless Battle Clause: Forcing endless battles is banned\n|rule|OHKO Clause: OHKO moves are banned\n|rule|Evasion Moves Clause: Evasion moves are banned\n|rule|Evasion Abilities Clause: Evasion abilities are banned\n|rule|Species Clause: Limit one of each Pok\u00e9mon\n|rule|Gravity Sleep Clause: The combination of sleep-inducing moves with imperfect accuracy and Gravity or Gigantamax Orbeetle are banned\n|clearpoke\n|poke|p1|Manaphy|\n|poke|p1|Araquanid, M|\n|poke|p1|Pelipper, F|\n|poke|p1|Arctovish|\n|poke|p1|Ogerpon-Wellspring, F|\n|poke|p1|Politoed, M|\n|poke|p2|Kangaskhan, F|\n|poke|p2|Incineroar, F|\n|poke|p2|Flutter Mane|\n|poke|p2|Cresselia, F|\n|poke|p2|Ogerpon-Hearthflame, F|\n|poke|p2|Tornadus, M|\n|teampreview\n|inactive|Battle timer is ON: inactive players will automatically lose when time's up. (requested by Leafeon Enjoyer)\n|inactive|sparkiapcalt has 120 seconds left.\n|\n|t:|1696000737\n|start\n|switch|p1a: Araquanid|Araquanid, M|100\/100\n|switch|p1b: Pelipper|Pelipper, F|100\/100\n|switch|p2a: Kangaskhan|Kangaskhan, F|100\/100\n|switch|p2b: Tornadus|Tornadus, M|100\/100\n|-weather|RainDance|[from] ability: Drizzle|[of] p1b: Pelipper\n|turn|1\n|\n|t:|1696000750\n|switch|p1b: Manaphy|Manaphy|100\/100\n|detailschange|p2a: Kangaskhan|Kangaskhan-Mega, F\n|-mega|p2a: Kangaskhan|Kangaskhan|Kangaskhanite\n|move|p2a: Kangaskhan|Fake Out|p1b: Manaphy\n|-damage|p1b: Manaphy|79\/100\n|-damage|p1b: Manaphy|73\/100\n|-hitcount|p1b: Manaphy|2\n|move|p2b: Tornadus|Tailwind|p2b: Tornadus\n|-sidestart|p2: Leafeon Enjoyer|move: Tailwind\n|move|p1a: Araquanid|Entrainment|p1b: Manaphy\n|-endability|p1b: Manaphy|Hydration|[from] move: Entrainment\n|-ability|p1b: Manaphy|Water Bubble|[from] move: Entrainment\n|\n|-weather|RainDance|[upkeep]\n|upkeep\n|turn|2\n|\n|t:|1696000768\n|-terastallize|p1b: Manaphy|Water\n|move|p2b: Tornadus|Tailwind||[still]\n|-fail|p2b: Tornadus\n|move|p1b: Manaphy|Surf|p2b: Tornadus|[spread] p1a,p2a,p2b\n|-resisted|p1a: Araquanid\n|-damage|p1a: Araquanid|53\/100\n|-damage|p2a: Kangaskhan|4\/100\n|-damage|p2b: Tornadus|0 fnt\n|faint|p2b: Tornadus\n|move|p2a: Kangaskhan|Return|p1b: Manaphy\n|-damage|p1b: Manaphy|19\/100\n|-damage|p1b: Manaphy|6\/100\n|-hitcount|p1b: Manaphy|2\n|move|p1a: Araquanid|Entrainment|p2a: Kangaskhan\n|-endability|p2a: Kangaskhan|Parental Bond|[from] move: Entrainment\n|-ability|p2a: Kangaskhan|Water Bubble|[from] move: Entrainment\n|\n|-weather|RainDance|[upkeep]\n|upkeep\n|\n|t:|1696000776\n|switch|p2b: Flutter Mane|Flutter Mane|100\/100\n|-enditem|p2b: Flutter Mane|Booster Energy\n|-activate|p2b: Flutter Mane|ability: Protosynthesis|[fromitem]\n|-start|p2b: Flutter Mane|protosynthesisspe\n|turn|3\n|\n|t:|1696000780\n|move|p2a: Kangaskhan|Protect|p2a: Kangaskhan\n|-singleturn|p2a: Kangaskhan|Protect\n|move|p2b: Flutter Mane|Dazzling Gleam|p1b: Manaphy|[spread] p1a,p1b\n|-damage|p1a: Araquanid|28\/100\n|-damage|p1b: Manaphy|0 fnt\n|faint|p1b: Manaphy\n|move|p1a: Araquanid|Entrainment||[still]\n|-fail|p1a: Araquanid\n|\n|-weather|RainDance|[upkeep]\n|upkeep\n|\n|t:|1696000788\n|switch|p1b: Pelipper|Pelipper, F|100\/100\n|turn|4\n|\n|t:|1696000799\n|move|p2b: Flutter Mane|Moonblast|p1b: Pelipper\n|-damage|p1b: Pelipper|23\/100\n|move|p2a: Kangaskhan|Return|p1a: Araquanid\n|-damage|p1a: Araquanid|0 fnt\n|faint|p1a: Araquanid\n|move|p1b: Pelipper|Hydro Pump|p2b: Flutter Mane\n|-damage|p2b: Flutter Mane|21\/100\n|\n|-weather|RainDance|[upkeep]\n|-sideend|p2: Leafeon Enjoyer|move: Tailwind\n|upkeep\n|inactive|sparkiapcalt has 120 seconds left.\n|\n|t:|1696000841\n|switch|p1a: Ogerpon|Ogerpon-Wellspring, F|100\/100\n|turn|5\n|\n|t:|1696000858\n|switch|p2a: Incineroar|Incineroar, F|100\/100\n|-ability|p2a: Incineroar|Intimidate|boost\n|-unboost|p1a: Ogerpon|atk|1\n|-unboost|p1b: Pelipper|atk|1\n|move|p1a: Ogerpon|Spiky Shield|p1a: Ogerpon\n|-singleturn|p1a: Ogerpon|move: Protect\n|move|p2b: Flutter Mane|Moonblast|p1a: Ogerpon\n|-activate|p1a: Ogerpon|move: Protect\n|move|p1b: Pelipper|Hurricane|p2b: Flutter Mane\n|-damage|p2b: Flutter Mane|0 fnt\n|faint|p2b: Flutter Mane\n|-end|p2b: Flutter Mane|Protosynthesis|[silent]\n|\n|-weather|RainDance|[upkeep]\n|upkeep\n|\n|t:|1696000866\n|switch|p2b: Kangaskhan|Kangaskhan-Mega, F|4\/100\n|turn|6\n|\n|t:|1696000877\n|move|p1a: Ogerpon|Spiky Shield|p1a: Ogerpon\n|-singleturn|p1a: Ogerpon|move: Protect\n|move|p2b: Kangaskhan|Fake Out|p1a: Ogerpon\n|-activate|p1a: Ogerpon|move: Protect\n|-damage|p2b: Kangaskhan|0 fnt|[from] Spiky Shield|[of] p1a: Ogerpon\n|faint|p2b: Kangaskhan\n|move|p2a: Incineroar|Fake Out|p1b: Pelipper\n|-crit|p1b: Pelipper\n|-damage|p1b: Pelipper|7\/100\n|cant|p1b: Pelipper|flinch\n|\n|-weather|RainDance|[upkeep]\n|upkeep\n|\n|t:|1696000882\n|switch|p2b: Ogerpon|Ogerpon-Hearthflame, F|100\/100\n|-ability|p2b: Ogerpon|Mold Breaker\n|turn|7\n|c|\u2606sparkiapcalt|too fake out\n|c|\u2606sparkiapcalt|is excssive\n|c|\u2606Leafeon Enjoyer|incineroar moment\n|c|\u2606Leafeon Enjoyer|this thing is busted\n|inactive|Leafeon Enjoyer has 120 seconds left.\n|\n|t:|1696000912\n|move|p2b: Ogerpon|Spiky Shield|p2b: Ogerpon\n|-singleturn|p2b: Ogerpon|move: Protect\n|move|p1a: Ogerpon|Follow Me|p1a: Ogerpon\n|-singleturn|p1a: Ogerpon|move: Follow Me\n|move|p1b: Pelipper|Hydro Pump|p2a: Incineroar\n|-supereffective|p2a: Incineroar\n|-damage|p2a: Incineroar|0 fnt\n|faint|p2a: Incineroar\n|\n|-weather|RainDance|[upkeep]\n|upkeep\n|inactive|Leafeon Enjoyer has 120 seconds left.\n|\n|t:|1696000920\n|switch|p2a: Cresselia|Cresselia, F|100\/100\n|turn|8\n|c|\u2606sparkiapcalt|LOLL\n|c|\u2606sparkiapcalt|i hate incineroar\n|c|\u2606Leafeon Enjoyer|ik\n|\n|t:|1696000929\n|-terastallize|p2b: Ogerpon|Fire\n|detailschange|p2b: Ogerpon|Ogerpon-Hearthflame-Tera, F, tera:Fire\n|-ability|p2b: Ogerpon|Embody Aspect (Hearthflame)|boost\n|-boost|p2b: Ogerpon|atk|1\n|move|p2a: Cresselia|Helping Hand|p2b: Ogerpon\n|-singleturn|p2b: Ogerpon|Helping Hand|[of] p2a: Cresselia\n|move|p1a: Ogerpon|Follow Me|p1a: Ogerpon\n|-singleturn|p1a: Ogerpon|move: Follow Me\n|move|p2b: Ogerpon|Ivy Cudgel|p1a: Ogerpon\n|-damage|p1a: Ogerpon|0 fnt\n|faint|p1a: Ogerpon\n|move|p1b: Pelipper|Hydro Pump|p2b: Ogerpon\n|-supereffective|p2b: Ogerpon\n|-damage|p2b: Ogerpon|0 fnt\n|faint|p2b: Ogerpon\n|\n|-weather|none\n|upkeep\n|c|\u2606Leafeon Enjoyer|but u have to use it a lot of the time to win\n|c|\u2606Leafeon Enjoyer|with av so bulky\n|c|\u2606sparkiapcalt|follow me on ogerpon\n|c|\u2606sparkiapcalt|is lowkey good\n|c|\u2606Leafeon Enjoyer|is crazy\n|\n|t:|1696000950\n|switch|p1a: Arctovish|Arctovish|100\/100\n|turn|9\n|\n|t:|1696000954\n|switch|p1a: Politoed|Politoed, M|100\/100\n|move|p2a: Cresselia|Moonblast|p1b: Pelipper\n|-damage|p1b: Pelipper|0 fnt\n|faint|p1b: Pelipper\n|\n|upkeep\n|\n|t:|1696000963\n|switch|p1b: Arctovish|Arctovish|100\/100\n|turn|10\n|c|\u2606Leafeon Enjoyer|water absorb is crazy tho\n|\n|t:|1696000975\n|move|p1a: Politoed|Bide|p1a: Politoed\n|-start|p1a: Politoed|move: Bide\n|move|p2a: Cresselia|Moonblast|p1b: Arctovish\n|-damage|p1b: Arctovish|86\/100\n|-unboost|p1b: Arctovish|spa|1\n|move|p1b: Arctovish|Super Fang|p2a: Cresselia\n|-damage|p2a: Cresselia|50\/100\n|\n|-heal|p2a: Cresselia|57\/100|[from] item: Leftovers\n|upkeep\n|turn|11\n|\n|t:|1696000984\n|-activate|p1a: Politoed|move: Bide\n|move|p2a: Cresselia|Moonblast|p1b: Arctovish\n|-damage|p1b: Arctovish|69\/100\n|move|p1b: Arctovish|Super Fang|p2a: Cresselia\n|-damage|p2a: Cresselia|29\/100\n|\n|-heal|p2a: Cresselia|35\/100|[from] item: Leftovers\n|upkeep\n|turn|12\n|\n|t:|1696000994\n|-end|p1a: Politoed|move: Bide\n|-fail|p1a: Politoed\n|-end|p1a: Politoed|move: Bide|[silent]\n|move|p2a: Cresselia|Lunar Blessing|p2a: Cresselia\n|-heal|p2a: Cresselia|60\/100\n|move|p1b: Arctovish|Super Fang|p2a: Cresselia\n|-damage|p2a: Cresselia|30\/100\n|\n|-heal|p2a: Cresselia|36\/100|[from] item: Leftovers\n|upkeep\n|turn|13\n|c|\u2606Leafeon Enjoyer|big stall is here\n|\n|t:|1696001006\n|move|p1a: Politoed|Bide|p1a: Politoed\n|-start|p1a: Politoed|move: Bide\n|move|p2a: Cresselia|Lunar Blessing|p2a: Cresselia\n|-heal|p2a: Cresselia|61\/100\n|move|p1b: Arctovish|Rain Dance|p1b: Arctovish\n|-weather|RainDance\n|\n|-weather|RainDance|[upkeep]\n|-heal|p2a: Cresselia|67\/100|[from] item: Leftovers\n|upkeep\n|turn|14\n|\n|t:|1696001010\n|-activate|p1a: Politoed|move: Bide\n|move|p2a: Cresselia|Lunar Blessing|p2a: Cresselia\n|-heal|p2a: Cresselia|92\/100\n|move|p1b: Arctovish|Super Fang|p2a: Cresselia\n|-damage|p2a: Cresselia|46\/100\n|\n|-weather|RainDance|[upkeep]\n|-heal|p2a: Cresselia|53\/100|[from] item: Leftovers\n|upkeep\n|turn|15\n|\n|t:|1696001021\n|-end|p1a: Politoed|move: Bide\n|-fail|p1a: Politoed\n|-end|p1a: Politoed|move: Bide|[silent]\n|move|p2a: Cresselia|Moonblast|p1b: Arctovish\n|-damage|p1b: Arctovish|53\/100\n|move|p1b: Arctovish|Super Fang|p2a: Cresselia\n|-damage|p2a: Cresselia|27\/100\n|\n|-weather|RainDance|[upkeep]\n|-heal|p2a: Cresselia|33\/100|[from] item: Leftovers\n|upkeep\n|turn|16\n|c|\u2606Leafeon Enjoyer|ill win trust\n|\n|t:|1696001032\n|move|p1a: Politoed|Bide|p1a: Politoed\n|-start|p1a: Politoed|move: Bide\n|move|p2a: Cresselia|Lunar Blessing|p2a: Cresselia\n|-heal|p2a: Cresselia|58\/100\n|move|p1b: Arctovish|Super Fang|p2a: Cresselia\n|-damage|p2a: Cresselia|29\/100\n|\n|-weather|RainDance|[upkeep]\n|-heal|p2a: Cresselia|35\/100|[from] item: Leftovers\n|upkeep\n|turn|17\n|c|\u2606sparkiapcalt|pp stall\n|c|\u2606sparkiapcalt|u loose\n|c|\u2606sparkiapcalt|can u pls ff\n|\n|t:|1696001049\n|-activate|p1a: Politoed|move: Bide\n|move|p2a: Cresselia|Moonblast|p1b: Arctovish\n|-damage|p1b: Arctovish|37\/100\n|-unboost|p1b: Arctovish|spa|1\n|move|p1b: Arctovish|Super Fang|p2a: Cresselia|[miss]\n|-miss|p1b: Arctovish|p2a: Cresselia\n|\n|-weather|none\n|-heal|p2a: Cresselia|41\/100|[from] item: Leftovers\n|upkeep\n|turn|18\n|c|\u2606Leafeon Enjoyer|no big stall always wins\n|\n|t:|1696001076\n|-end|p1a: Politoed|move: Bide\n|-fail|p1a: Politoed\n|-end|p1a: Politoed|move: Bide|[silent]\n|move|p2a: Cresselia|Moonblast|p1b: Arctovish\n|-damage|p1b: Arctovish|20\/100\n|move|p1b: Arctovish|Super Fang|p2a: Cresselia\n|-damage|p2a: Cresselia|21\/100\n|\n|-heal|p2a: Cresselia|27\/100|[from] item: Leftovers\n|upkeep\n|turn|19\n|\n|t:|1696001083\n|move|p1a: Politoed|Bide|p1a: Politoed\n|-start|p1a: Politoed|move: Bide\n|move|p2a: Cresselia|Lunar Blessing|p2a: Cresselia\n|-heal|p2a: Cresselia|52\/100\n|move|p1b: Arctovish|Rest|p1b: Arctovish\n|-status|p1b: Arctovish|slp|[from] move: Rest\n|-heal|p1b: Arctovish|100\/100 slp|[silent]\n|-enditem|p1b: Arctovish|Chesto Berry|[eat]\n|-curestatus|p1b: Arctovish|slp|[msg]\n|\n|-heal|p2a: Cresselia|58\/100|[from] item: Leftovers\n|upkeep\n|turn|20\n|c|\u2606Leafeon Enjoyer|naw\n|c|\u2606Leafeon Enjoyer|what is this unseen tech\n|\n|t:|1696001095\n|-activate|p1a: Politoed|move: Bide\n|move|p2a: Cresselia|Moonblast|p1b: Arctovish\n|-damage|p1b: Arctovish|84\/100\n|-unboost|p1b: Arctovish|spa|1\n|move|p1b: Arctovish|Super Fang|p2a: Cresselia\n|-damage|p2a: Cresselia|29\/100\n|\n|-heal|p2a: Cresselia|35\/100|[from] item: Leftovers\n|upkeep\n|turn|21\n|c|\u2606sparkiapcalt|this is vvery sisnter\n|c|\u2606Leafeon Enjoyer|what was he cookin?\n|inactive|sparkiapcalt has 120 seconds left.\n|\n|t:|1696001125\n|move|p2a: Cresselia|Helping Hand||[notarget]|[still]\n|-fail|p2a: Cresselia\n|-end|p1a: Politoed|move: Bide\n|-fail|p1a: Politoed\n|-end|p1a: Politoed|move: Bide|[silent]\n|move|p1b: Arctovish|Super Fang|p2a: Cresselia\n|-damage|p2a: Cresselia|18\/100\n|\n|-heal|p2a: Cresselia|24\/100|[from] item: Leftovers\n|upkeep\n|turn|22\n|\n|t:|1696001138\n|move|p2a: Cresselia|Helping Hand|p2: Ogerpon|[notarget]\n|-fail|p2a: Cresselia\n|move|p1a: Politoed|Helping Hand|p1b: Arctovish\n|-singleturn|p1b: Arctovish|Helping Hand|[of] p1a: Politoed\n|move|p1b: Arctovish|Super Fang|p2a: Cresselia\n|-damage|p2a: Cresselia|12\/100\n|\n|-heal|p2a: Cresselia|19\/100|[from] item: Leftovers\n|upkeep\n|turn|23\n|\n|t:|1696001148\n|move|p2a: Cresselia|Protect|p2a: Cresselia\n|-singleturn|p2a: Cresselia|Protect\n|move|p1a: Politoed|Bide|p1a: Politoed\n|-start|p1a: Politoed|move: Bide\n|move|p1b: Arctovish|Icy Wind|p2a: Cresselia\n|-activate|p2a: Cresselia|move: Protect\n|\n|-heal|p2a: Cresselia|25\/100|[from] item: Leftovers\n|upkeep\n|turn|24\n|\n|t:|1696001158\n|move|p2a: Cresselia|Protect||[still]\n|-fail|p2a: Cresselia\n|-activate|p1a: Politoed|move: Bide\n|move|p1b: Arctovish|Super Fang|p1a: Politoed\n|-damage|p1a: Politoed|50\/100\n|\n|-heal|p2a: Cresselia|31\/100|[from] item: Leftovers\n|-heal|p1a: Politoed|57\/100|[from] item: Leftovers\n|upkeep\n|turn|25\n|\n|t:|1696001167\n|move|p2a: Cresselia|Helping Hand|p2: Ogerpon|[notarget]\n|-fail|p2a: Cresselia\n|-end|p1a: Politoed|move: Bide\n|-damage|p1b: Arctovish|0 fnt\n|-end|p1a: Politoed|move: Bide|[silent]\n|faint|p1b: Arctovish\n|\n|-heal|p2a: Cresselia|37\/100|[from] item: Leftovers\n|-heal|p1a: Politoed|63\/100|[from] item: Leftovers\n|upkeep\n|turn|26\n|c|\u2606Leafeon Enjoyer|uh oh\n|c|\u2606sparkiapcalt|im stupid\n|c|\u2606Leafeon Enjoyer|lmao\n|\n|t:|1696001177\n|move|p2a: Cresselia|Lunar Blessing|p2a: Cresselia\n|-heal|p2a: Cresselia|62\/100\n|move|p1a: Politoed|Counter||[still]\n|-fail|p1a: Politoed\n|\n|-heal|p2a: Cresselia|68\/100|[from] item: Leftovers\n|-heal|p1a: Politoed|69\/100|[from] item: Leftovers\n|upkeep\n|turn|27\n|c|\u2606Leafeon Enjoyer|what was he cookin?\n|\n|t:|1696001187\n|move|p1a: Politoed|Bide|p1a: Politoed\n|-start|p1a: Politoed|move: Bide\n|move|p2a: Cresselia|Lunar Blessing|p2a: Cresselia\n|-heal|p2a: Cresselia|93\/100\n|\n|-heal|p2a: Cresselia|99\/100|[from] item: Leftovers\n|-heal|p1a: Politoed|75\/100|[from] item: Leftovers\n|upkeep\n|turn|28\n|\n|t:|1696001192\n|move|p2a: Cresselia|Helping Hand|p2: Ogerpon|[notarget]\n|-fail|p2a: Cresselia\n|-activate|p1a: Politoed|move: Bide\n|\n|-heal|p2a: Cresselia|100\/100|[from] item: Leftovers\n|-heal|p1a: Politoed|82\/100|[from] item: Leftovers\n|upkeep\n|turn|29\n|\n|t:|1696001215\n|-end|p1a: Politoed|move: Bide\n|-fail|p1a: Politoed\n|-end|p1a: Politoed|move: Bide|[silent]\n|move|p2a: Cresselia|Moonblast|p1a: Politoed\n|-damage|p1a: Politoed|65\/100\n|-unboost|p1a: Politoed|spa|1\n|\n|-heal|p1a: Politoed|72\/100|[from] item: Leftovers\n|upkeep\n|turn|30\n|inactive|sparkiapcalt has 120 seconds left.\n|inactive|sparkiapcalt has 90 seconds left.\n|\n|t:|1696001289\n|move|p1a: Politoed|Bide|p1a: Politoed\n|-start|p1a: Politoed|move: Bide\n|move|p2a: Cresselia|Moonblast|p1a: Politoed\n|-damage|p1a: Politoed|57\/100\n|\n|-heal|p1a: Politoed|63\/100|[from] item: Leftovers\n|upkeep\n|turn|31\n|\n|t:|1696001305\n|-activate|p1a: Politoed|move: Bide\n|move|p2a: Cresselia|Moonblast|p1a: Politoed\n|-damage|p1a: Politoed|47\/100\n|\n|-heal|p1a: Politoed|53\/100|[from] item: Leftovers\n|upkeep\n|turn|32\n|\n|t:|1696001311\n|move|p2a: Cresselia|Protect|p2a: Cresselia\n|-singleturn|p2a: Cresselia|Protect\n|-end|p1a: Politoed|move: Bide\n|-damage|p2a: Cresselia|47\/100\n|-end|p1a: Politoed|move: Bide|[silent]\n|\n|-heal|p2a: Cresselia|53\/100|[from] item: Leftovers\n|-heal|p1a: Politoed|60\/100|[from] item: Leftovers\n|upkeep\n|turn|33\n|\n|t:|1696001319\n|move|p1a: Politoed|Bide|p1a: Politoed\n|-start|p1a: Politoed|move: Bide\n|move|p2a: Cresselia|Lunar Blessing|p2a: Cresselia\n|-heal|p2a: Cresselia|78\/100\n|\n|-heal|p2a: Cresselia|85\/100|[from] item: Leftovers\n|-heal|p1a: Politoed|66\/100|[from] item: Leftovers\n|upkeep\n|turn|34\n|\n|t:|1696001323\n|move|p2a: Cresselia|Helping Hand|p2: Ogerpon|[notarget]\n|-fail|p2a: Cresselia\n|-activate|p1a: Politoed|move: Bide\n|\n|-heal|p2a: Cresselia|91\/100|[from] item: Leftovers\n|-heal|p1a: Politoed|72\/100|[from] item: Leftovers\n|upkeep\n|turn|35\n|c|\u2606Leafeon Enjoyer|going through protect is crazy\n|inactive|sparkiapcalt has 120 seconds left.\n|\n|t:|1696001360\n|-end|p1a: Politoed|move: Bide\n|-fail|p1a: Politoed\n|-end|p1a: Politoed|move: Bide|[silent]\n|move|p2a: Cresselia|Moonblast|p1a: Politoed\n|-damage|p1a: Politoed|56\/100\n|\n|-heal|p2a: Cresselia|97\/100|[from] item: Leftovers\n|-heal|p1a: Politoed|62\/100|[from] item: Leftovers\n|upkeep\n|turn|36\n|\n|t:|1696001378\n|move|p2a: Cresselia|Helping Hand|p2: Ogerpon|[notarget]\n|-fail|p2a: Cresselia\n|move|p1a: Politoed|Bide|p1a: Politoed\n|-start|p1a: Politoed|move: Bide\n|\n|-heal|p2a: Cresselia|100\/100|[from] item: Leftovers\n|-heal|p1a: Politoed|69\/100|[from] item: Leftovers\n|upkeep\n|turn|37\n|\n|t:|1696001399\n|move|p2a: Cresselia|Helping Hand|p2: Ogerpon|[notarget]\n|-fail|p2a: Cresselia\n|-activate|p1a: Politoed|move: Bide\n|\n|-heal|p1a: Politoed|75\/100|[from] item: Leftovers\n|upkeep\n|turn|38\n|\n|t:|1696001404\n|-end|p1a: Politoed|move: Bide\n|-fail|p1a: Politoed\n|-end|p1a: Politoed|move: Bide|[silent]\n|move|p2a: Cresselia|Moonblast|p1a: Politoed\n|-damage|p1a: Politoed|60\/100\n|\n|-heal|p1a: Politoed|66\/100|[from] item: Leftovers\n|upkeep\n|turn|39\n|\n|t:|1696001414\n|move|p2a: Cresselia|Helping Hand|p2: Ogerpon|[notarget]\n|-fail|p2a: Cresselia\n|move|p1a: Politoed|Bide|p1a: Politoed\n|-start|p1a: Politoed|move: Bide\n|\n|-heal|p1a: Politoed|72\/100|[from] item: Leftovers\n|upkeep\n|turn|40\n|\n|t:|1696001433\n|move|p2a: Cresselia|Helping Hand|p2: Ogerpon|[notarget]\n|-fail|p2a: Cresselia\n|-activate|p1a: Politoed|move: Bide\n|\n|-heal|p1a: Politoed|79\/100|[from] item: Leftovers\n|upkeep\n|turn|41\n|\n|t:|1696001443\n|-end|p1a: Politoed|move: Bide\n|-fail|p1a: Politoed\n|-end|p1a: Politoed|move: Bide|[silent]\n|move|p2a: Cresselia|Moonblast|p1a: Politoed\n|-damage|p1a: Politoed|62\/100\n|\n|-heal|p1a: Politoed|68\/100|[from] item: Leftovers\n|upkeep\n|turn|42\n|\n|t:|1696001467\n|move|p2a: Cresselia|Helping Hand|p2: Ogerpon|[notarget]\n|-fail|p2a: Cresselia\n|move|p1a: Politoed|Bide|p1a: Politoed\n|-start|p1a: Politoed|move: Bide\n|\n|-heal|p1a: Politoed|74\/100|[from] item: Leftovers\n|upkeep\n|turn|43\n|inactive|sparkiapcalt has 120 seconds left.\n|\n|t:|1696001500\n|move|p2a: Cresselia|Helping Hand|p2: Ogerpon|[notarget]\n|-fail|p2a: Cresselia\n|-activate|p1a: Politoed|move: Bide\n|\n|-heal|p1a: Politoed|81\/100|[from] item: Leftovers\n|upkeep\n|turn|44\n|\n|t:|1696001506\n|-end|p1a: Politoed|move: Bide\n|-fail|p1a: Politoed\n|-end|p1a: Politoed|move: Bide|[silent]\n|move|p2a: Cresselia|Moonblast|p1a: Politoed\n|-damage|p1a: Politoed|66\/100\n|-unboost|p1a: Politoed|spa|1\n|\n|-heal|p1a: Politoed|73\/100|[from] item: Leftovers\n|upkeep\n|turn|45\n|c|\u2606sparkiapcalt|dude add\n|c|\u2606sparkiapcalt|the pp\n|c|\u2606sparkiapcalt|i win\n|\n|t:|1696001527\n|move|p2a: Cresselia|Helping Hand|p2: Ogerpon|[notarget]\n|-fail|p2a: Cresselia\n|move|p1a: Politoed|Helping Hand|p1: Arctovish|[notarget]\n|-fail|p1a: Politoed\n|\n|-heal|p1a: Politoed|79\/100|[from] item: Leftovers\n|upkeep\n|turn|46\n|\n|t:|1696001537\n|move|p2a: Cresselia|Helping Hand|p2: Ogerpon|[notarget]\n|-fail|p2a: Cresselia\n|move|p1a: Politoed|Helping Hand|p1: Arctovish|[notarget]\n|-fail|p1a: Politoed\n|\n|-heal|p1a: Politoed|85\/100|[from] item: Leftovers\n|upkeep\n|turn|47\n|\n|t:|1696001543\n|move|p2a: Cresselia|Helping Hand|p2: Ogerpon|[notarget]\n|-fail|p2a: Cresselia\n|move|p1a: Politoed|Helping Hand|p1: Arctovish|[notarget]\n|-fail|p1a: Politoed\n|\n|-heal|p1a: Politoed|91\/100|[from] item: Leftovers\n|upkeep\n|turn|48\n|\n|t:|1696001546\n|move|p2a: Cresselia|Helping Hand|p2: Ogerpon|[notarget]\n|-fail|p2a: Cresselia\n|move|p1a: Politoed|Helping Hand|p1: Arctovish|[notarget]\n|-fail|p1a: Politoed\n|\n|-heal|p1a: Politoed|98\/100|[from] item: Leftovers\n|upkeep\n|turn|49\n|\n|t:|1696001551\n|move|p2a: Cresselia|Helping Hand|p2: Ogerpon|[notarget]\n|-fail|p2a: Cresselia\n|move|p1a: Politoed|Helping Hand|p1: Arctovish|[notarget]\n|-fail|p1a: Politoed\n|\n|-heal|p1a: Politoed|100\/100|[from] item: Leftovers\n|upkeep\n|turn|50\n|\n|t:|1696001554\n|move|p2a: Cresselia|Helping Hand|p2: Ogerpon|[notarget]\n|-fail|p2a: Cresselia\n|move|p1a: Politoed|Helping Hand|p1: Arctovish|[notarget]\n|-fail|p1a: Politoed\n|\n|upkeep\n|turn|51\n|\n|t:|1696001557\n|move|p2a: Cresselia|Helping Hand|p2: Ogerpon|[notarget]\n|-fail|p2a: Cresselia\n|move|p1a: Politoed|Helping Hand|p1: Arctovish|[notarget]\n|-fail|p1a: Politoed\n|\n|upkeep\n|turn|52\n|\n|t:|1696001560\n|move|p2a: Cresselia|Helping Hand|p2: Ogerpon|[notarget]\n|-fail|p2a: Cresselia\n|move|p1a: Politoed|Helping Hand|p1: Arctovish|[notarget]\n|-fail|p1a: Politoed\n|\n|upkeep\n|turn|53\n|\n|t:|1696001564\n|move|p1a: Politoed|Helping Hand|p1: Arctovish|[notarget]\n|-fail|p1a: Politoed\n|move|p2a: Cresselia|Moonblast|p1a: Politoed\n|-damage|p1a: Politoed|86\/100\n|\n|-heal|p1a: Politoed|93\/100|[from] item: Leftovers\n|upkeep\n|turn|54\n|\n|t:|1696001568\n|move|p2a: Cresselia|Helping Hand|p2: Ogerpon|[notarget]\n|-fail|p2a: Cresselia\n|move|p1a: Politoed|Helping Hand|p1: Arctovish|[notarget]\n|-fail|p1a: Politoed\n|\n|-heal|p1a: Politoed|99\/100|[from] item: Leftovers\n|upkeep\n|turn|55\n|\n|t:|1696001581\n|move|p1a: Politoed|Helping Hand|p1: Arctovish|[notarget]\n|-fail|p1a: Politoed\n|move|p2a: Cresselia|Moonblast|p1a: Politoed\n|-damage|p1a: Politoed|83\/100\n|-unboost|p1a: Politoed|spa|1\n|\n|-heal|p1a: Politoed|90\/100|[from] item: Leftovers\n|upkeep\n|turn|56\n|\n|t:|1696001592\n|move|p1a: Politoed|Helping Hand|p1: Arctovish|[notarget]\n|-fail|p1a: Politoed\n|move|p2a: Cresselia|Moonblast|p1a: Politoed\n|-damage|p1a: Politoed|73\/100\n|\n|-heal|p1a: Politoed|80\/100|[from] item: Leftovers\n|upkeep\n|turn|57\n|c|\u2606Leafeon Enjoyer|big stall never ffs\n|\n|t:|1696001599\n|move|p1a: Politoed|Helping Hand|p1: Arctovish|[notarget]\n|-fail|p1a: Politoed\n|move|p2a: Cresselia|Moonblast|p1a: Politoed\n|-damage|p1a: Politoed|65\/100\n|\n|-heal|p1a: Politoed|71\/100|[from] item: Leftovers\n|upkeep\n|turn|58\n|\n|t:|1696001611\n|move|p1a: Politoed|Helping Hand|p1: Arctovish|[notarget]\n|-fail|p1a: Politoed\n|move|p2a: Cresselia|Moonblast|p1a: Politoed\n|-damage|p1a: Politoed|55\/100\n|\n|-heal|p1a: Politoed|61\/100|[from] item: Leftovers\n|upkeep\n|turn|59\n|\n|t:|1696001618\n|move|p1a: Politoed|Bide|p1a: Politoed\n|-start|p1a: Politoed|move: Bide\n|move|p2a: Cresselia|Moonblast|p1a: Politoed\n|-damage|p1a: Politoed|46\/100\n|-unboost|p1a: Politoed|spa|1\n|\n|-heal|p1a: Politoed|53\/100|[from] item: Leftovers\n|upkeep\n|turn|60\n|\n|t:|1696001623\n|move|p2a: Cresselia|Helping Hand|p2: Ogerpon|[notarget]\n|-fail|p2a: Cresselia\n|-activate|p1a: Politoed|move: Bide\n|\n|-heal|p1a: Politoed|59\/100|[from] item: Leftovers\n|upkeep\n|turn|61\n|\n|t:|1696001641\n|move|p2a: Cresselia|Helping Hand|p2: Ogerpon|[notarget]\n|-fail|p2a: Cresselia\n|-end|p1a: Politoed|move: Bide\n|-damage|p2a: Cresselia|75\/100\n|-end|p1a: Politoed|move: Bide|[silent]\n|\n|-heal|p2a: Cresselia|81\/100|[from] item: Leftovers\n|-heal|p1a: Politoed|65\/100|[from] item: Leftovers\n|upkeep\n|turn|62\n|\n|t:|1696001652\n|move|p2a: Cresselia|Helping Hand|p2: Ogerpon|[notarget]\n|-fail|p2a: Cresselia\n|move|p1a: Politoed|Bide|p1a: Politoed\n|-start|p1a: Politoed|move: Bide\n|\n|-heal|p2a: Cresselia|87\/100|[from] item: Leftovers\n|-heal|p1a: Politoed|71\/100|[from] item: Leftovers\n|upkeep\n|turn|63\n|-message|sparkiapcalt forfeited.\n|\n|win|Leafeon Enjoyer\n|raw|sparkiapcalt's rating: 1100 &rarr; <strong>1074<\/strong><br \/>(-26 for losing)\n|raw|Leafeon Enjoyer's rating: 1083 &rarr; <strong>1112<\/strong><br \/>(+29 for winning)\n|l|\u2606sparkiapcalt\n","uploadtime":1696001677,"views":8,"p1id":"sparkiapcalt","p2id":"leafeonenjoyer","formatid":"gen9nationaldexdoubles","rating":1074,"private":0,"password":""}