{"id":"gen9nationaldexdoubles-1980290052","p1":"PyxlFie","p2":"moregano18","format":"[Gen 9] National Dex Doubles","log":"|j|\u2606PyxlFie\n|j|\u2606moregano18\n|t:|1698772724\n|gametype|doubles\n|player|p1|PyxlFie|pokemonranger-gen4|1028\n|player|p2|moregano18|backpacker|1111\n|teamsize|p1|6\n|teamsize|p2|6\n|gen|9\n|tier|[Gen 9] National Dex Doubles\n|rated|\n|rule|HP Percentage Mod: HP is shown in percentages\n|rule|Endless Battle Clause: Forcing endless battles is banned\n|rule|OHKO Clause: OHKO moves are banned\n|rule|Evasion Moves Clause: Evasion moves are banned\n|rule|Evasion Abilities Clause: Evasion abilities are banned\n|rule|Species Clause: Limit one of each Pok\u00e9mon\n|rule|Gravity Sleep Clause: The combination of sleep-inducing moves with imperfect accuracy and Gravity or Gigantamax Orbeetle are banned\n|clearpoke\n|poke|p1|Urshifu-*, M|\n|poke|p1|Pelipper, F|\n|poke|p1|Charizard, F|\n|poke|p1|Manaphy|\n|poke|p1|Floatzel, F|\n|poke|p1|Cramorant, M|\n|poke|p2|Torkoal, M|\n|poke|p2|Typhlosion-Hisui, M|\n|poke|p2|Volcanion|\n|poke|p2|Rotom-Heat|\n|poke|p2|Arcanine-Hisui, M|\n|poke|p2|Scovillain, F|\n|teampreview\n|inactive|Battle timer is ON: inactive players will automatically lose when time's up. (requested by PyxlFie)\n|\n|t:|1698772753\n|start\n|switch|p1a: Manaphy|Manaphy|100\/100\n|switch|p1b: Cramorant|Cramorant, M|100\/100\n|switch|p2a: Rotom|Rotom-Heat|100\/100\n|switch|p2b: Arcanine|Arcanine-Hisui, M|100\/100\n|-ability|p2b: Arcanine|Intimidate|boost\n|-unboost|p1a: Manaphy|atk|1\n|-unboost|p1b: Cramorant|atk|1\n|turn|1\n|\n|t:|1698772772\n|move|p2b: Arcanine|Protect|p2b: Arcanine\n|-singleturn|p2b: Arcanine|Protect\n|move|p1a: Manaphy|Tail Glow|p1a: Manaphy\n|-boost|p1a: Manaphy|spa|3\n|move|p1b: Cramorant|Surf|p2b: Arcanine|[spread] p1a,p2a\n|-activate|p2b: Arcanine|move: Protect\n|-formechange|p1b: Cramorant|Cramorant-Gulping|\n|-resisted|p1a: Manaphy\n|-supereffective|p2a: Rotom\n|-damage|p1a: Manaphy|89\/100\n|-damage|p2a: Rotom|49\/100\n|move|p2a: Rotom|Volt Switch|p1b: Cramorant\n|-supereffective|p1b: Cramorant\n|-damage|p1b: Cramorant|0 fnt\n|-damage|p2a: Rotom|24\/100|[from] ability: Gulp Missile|[of] p1b: Cramorant\n|-unboost|p2a: Rotom|def|1\n|-formechange|p1b: Cramorant|Cramorant|\n|faint|p1b: Cramorant\n|inactive|moregano18 has 120 seconds left.\n|\n|t:|1698772794\n|switch|p2a: Torkoal|Torkoal, M|100\/100|[from] Volt Switch\n|-weather|SunnyDay|[from] ability: Drought|[of] p2a: Torkoal\n|\n|-weather|SunnyDay|[upkeep]\n|upkeep\n|\n|t:|1698772809\n|switch|p1b: Charizard|Charizard, F|100\/100\n|turn|2\n|\n|t:|1698772836\n|switch|p1b: Pelipper|Pelipper, F|100\/100\n|-weather|RainDance|[from] ability: Drizzle|[of] p1b: Pelipper\n|move|p2a: Torkoal|Helping Hand|p2b: Arcanine\n|-singleturn|p2b: Arcanine|Helping Hand|[of] p2a: Torkoal\n|move|p1a: Manaphy|Protect|p1a: Manaphy\n|-singleturn|p1a: Manaphy|Protect\n|move|p2b: Arcanine|Rock Slide|p1a: Manaphy|[spread] p1b\n|-activate|p1a: Manaphy|move: Protect\n|-supereffective|p1b: Pelipper\n|-damage|p1b: Pelipper|44\/100\n|\n|-weather|RainDance|[upkeep]\n|-heal|p1b: Pelipper|50\/100|[from] item: Leftovers\n|upkeep\n|turn|3\n|\n|t:|1698772857\n|switch|p2a: Volcanion|Volcanion|100\/100\n|move|p2b: Arcanine|Protect|p2b: Arcanine\n|-singleturn|p2b: Arcanine|Protect\n|move|p1a: Manaphy|Baton Pass|p1a: Manaphy\n|\n|t:|1698772867\n|switch|p1a: Charizard|Charizard, F|100\/100|[from] Baton Pass\n|move|p1b: Pelipper|Weather Ball|p2b: Arcanine\n|-activate|p2b: Arcanine|move: Protect\n|\n|-weather|RainDance|[upkeep]\n|-heal|p1b: Pelipper|57\/100|[from] item: Leftovers\n|upkeep\n|turn|4\n|inactive|PyxlFie has 120 seconds left.\n|\n|t:|1698772912\n|switch|p2b: Torkoal|Torkoal, M|100\/100\n|-weather|SunnyDay|[from] ability: Drought|[of] p2b: Torkoal\n|switch|p1b: Manaphy|Manaphy|89\/100\n|-terastallize|p1a: Charizard|Water\n|move|p1a: Charizard|Scorching Sands|p2b: Torkoal\n|-supereffective|p2b: Torkoal\n|-damage|p2b: Torkoal|0 fnt\n|faint|p2b: Torkoal\n|move|p2a: Volcanion|Steam Eruption|p1a: Charizard|[miss]\n|-miss|p2a: Volcanion|p1a: Charizard\n|\n|-weather|SunnyDay|[upkeep]\n|-damage|p1a: Charizard|88\/100|[from] ability: Solar Power|[of] p1a: Charizard\n|upkeep\n|inactive|moregano18 has 120 seconds left.\n|\n|t:|1698772948\n|switch|p2b: Scovillain|Scovillain, F|100\/100\n|turn|5\n|inactive|moregano18 has 120 seconds left.\n|\n|t:|1698772962\n|switch|p1b: Pelipper|Pelipper, F|57\/100\n|-weather|RainDance|[from] ability: Drizzle|[of] p1b: Pelipper\n|move|p1a: Charizard|Endure|p1a: Charizard\n|-singleturn|p1a: Charizard|move: Endure\n|move|p2b: Scovillain|Giga Drain|p1a: Charizard\n|-supereffective|p1a: Charizard\n|-damage|p1a: Charizard|5\/100\n|-enditem|p1a: Charizard|Salac Berry|[eat]\n|-boost|p1a: Charizard|spe|1|[from] item: Salac Berry\n|move|p2a: Volcanion|Wild Charge|p1a: Charizard\n|-supereffective|p1a: Charizard\n|-activate|p1a: Charizard|move: Endure\n|-damage|p1a: Charizard|1\/100\n|-damage|p2a: Volcanion|99\/100|[from] Recoil\n|\n|-weather|RainDance|[upkeep]\n|-heal|p1b: Pelipper|63\/100|[from] item: Leftovers\n|upkeep\n|turn|6\n|inactive|moregano18 has 120 seconds left.\n|inactive|PyxlFie has 120 seconds left.\n|\n|t:|1698773002\n|switch|p2a: Rotom|Rotom-Heat|24\/100\n|move|p1a: Charizard|Hurricane|p2b: Scovillain\n|-supereffective|p2b: Scovillain\n|-crit|p2b: Scovillain\n|-damage|p2b: Scovillain|0 fnt\n|faint|p2b: Scovillain\n|move|p1b: Pelipper|Tailwind|p1b: Pelipper\n|-sidestart|p1: PyxlFie|move: Tailwind\n|\n|-weather|RainDance|[upkeep]\n|-heal|p1b: Pelipper|69\/100|[from] item: Leftovers\n|-heal|p2a: Rotom|30\/100|[from] item: Leftovers\n|upkeep\n|\n|t:|1698773017\n|switch|p2b: Arcanine|Arcanine-Hisui, M|100\/100\n|-ability|p2b: Arcanine|Intimidate|boost\n|-unboost|p1a: Charizard|atk|1\n|-unboost|p1b: Pelipper|atk|1\n|turn|7\n|inactive|moregano18 has 120 seconds left.\n|\n|t:|1698773031\n|move|p2b: Arcanine|Protect|p2b: Arcanine\n|-singleturn|p2b: Arcanine|Protect\n|move|p1a: Charizard|Scorching Sands|p2b: Arcanine\n|-activate|p2b: Arcanine|move: Protect\n|move|p1b: Pelipper|Weather Ball|p2a: Rotom\n|-supereffective|p2a: Rotom\n|-damage|p2a: Rotom|0 fnt\n|faint|p2a: Rotom\n|\n|-weather|RainDance|[upkeep]\n|-heal|p1b: Pelipper|75\/100|[from] item: Leftovers\n|upkeep\n|\n|t:|1698773049\n|switch|p2a: Volcanion|Volcanion|99\/100\n|turn|8\n|inactive|moregano18 has 120 seconds left.\n|\n|t:|1698773066\n|move|p2b: Arcanine|Extreme Speed|p1a: Charizard\n|-damage|p1a: Charizard|0 fnt\n|faint|p1a: Charizard\n|move|p1b: Pelipper|Weather Ball|p2b: Arcanine\n|-supereffective|p2b: Arcanine\n|-damage|p2b: Arcanine|0 fnt\n|faint|p2b: Arcanine\n|move|p2a: Volcanion|Wild Charge|p1b: Pelipper\n|-supereffective|p1b: Pelipper\n|-crit|p1b: Pelipper\n|-damage|p1b: Pelipper|0 fnt\n|faint|p1b: Pelipper\n|-damage|p2a: Volcanion|83\/100|[from] Recoil\n|\n|-weather|RainDance|[upkeep]\n|upkeep\n|c|\u2606moregano18|Gg\n|inactive|moregano18 has 120 seconds left.\n|\n|t:|1698773086\n|switch|p1a: Urshifu|Urshifu-Rapid-Strike, M|100\/100\n|switch|p2b: Typhlosion|Typhlosion-Hisui, M|100\/100\n|switch|p1b: Floatzel|Floatzel, F|100\/100\n|turn|9\n|\n|t:|1698773109\n|move|p1b: Floatzel|Low Kick|p2a: Volcanion\n|-damage|p2a: Volcanion|61\/100\n|move|p1a: Urshifu|Surging Strikes|p2b: Typhlosion\n|-supereffective|p2b: Typhlosion\n|-crit|p2b: Typhlosion\n|-damage|p2b: Typhlosion|0 fnt\n|faint|p2b: Typhlosion\n|-hitcount|p2: Typhlosion|1\n|move|p2a: Volcanion|Wild Charge|p1b: Floatzel\n|-supereffective|p1b: Floatzel\n|-damage|p1b: Floatzel|32\/100\n|-damage|p2a: Volcanion|46\/100|[from] Recoil\n|\n|-weather|none\n|-sideend|p1: PyxlFie|move: Tailwind\n|upkeep\n|turn|10\n|\n|t:|1698773130\n|move|p1b: Floatzel|Low Kick|p2a: Volcanion\n|-damage|p2a: Volcanion|23\/100\n|move|p1a: Urshifu|Stone Edge|p2a: Volcanion\n|-supereffective|p2a: Volcanion\n|-damage|p2a: Volcanion|0 fnt\n|faint|p2a: Volcanion\n|\n|win|PyxlFie\n|raw|PyxlFie's rating: 1028 &rarr; <strong>1072<\/strong><br \/>(+44 for winning)\n|raw|moregano18's rating: 1111 &rarr; <strong>1080<\/strong><br \/>(-31 for losing)\n|c|\u2606PyxlFie|gg\n|l|\u2606moregano18\n","uploadtime":1698773155,"views":16,"p1id":"pyxlfie","p2id":"moregano18","formatid":"gen9nationaldexdoubles","rating":1072,"private":0,"password":""}