{"id":"gen9nationaldexdoubles-1962913213","p1":"NJKD18","p2":"edgeguard2","format":"[Gen 9] National Dex Doubles","log":"|j|\u2606NJKD18\n|j|\u2606edgeguard2\n|t:|1696804676\n|gametype|doubles\n|player|p1|NJKD18|170|1000\n|player|p2|edgeguard2|cyclistf-gen4|1009\n|teamsize|p1|4\n|teamsize|p2|6\n|gen|9\n|tier|[Gen 9] National Dex Doubles\n|rated|\n|rule|HP Percentage Mod: HP is shown in percentages\n|rule|Endless Battle Clause: Forcing endless battles is banned\n|rule|OHKO Clause: OHKO moves are banned\n|rule|Evasion Moves Clause: Evasion moves are banned\n|rule|Evasion Abilities Clause: Evasion abilities are banned\n|rule|Species Clause: Limit one of each Pok\u00e9mon\n|rule|Gravity Sleep Clause: The combination of sleep-inducing moves with imperfect accuracy and Gravity or Gigantamax Orbeetle are banned\n|clearpoke\n|poke|p1|Serperior, F|\n|poke|p1|Grapploct, F|\n|poke|p1|Whimsicott, M|\n|poke|p1|Indeedee-F, F|\n|poke|p2|Arcanine, M|\n|poke|p2|Lurantis, F|\n|poke|p2|Swalot, M|\n|poke|p2|Mudsdale, M|\n|poke|p2|Slowbro, F|\n|poke|p2|Farigiraf, M|\n|teampreview\n|\n|t:|1696804694\n|start\n|switch|p1a: Serperior|Serperior, F|100\/100\n|switch|p1b: Whimsicott|Whimsicott, M|100\/100\n|switch|p2a: Arcanine|Arcanine, M|100\/100\n|switch|p2b: Swalot|Swalot, M|100\/100\n|-ability|p2a: Arcanine|Intimidate|boost\n|-boost|p1a: Serperior|atk|1\n|-unboost|p1b: Whimsicott|atk|1\n|turn|1\n|\n|t:|1696804711\n|-terastallize|p1a: Serperior|Water\n|move|p1b: Whimsicott|Light Screen|p1b: Whimsicott\n|-sidestart|p1: NJKD18|move: Light Screen\n|move|p2a: Arcanine|Flare Blitz|p1a: Serperior\n|-resisted|p1a: Serperior\n|-damage|p1a: Serperior|58\/100\n|-damage|p2a: Arcanine|88\/100|[from] Recoil\n|move|p1a: Serperior|Leaf Storm|p2b: Swalot\n|-resisted|p2b: Swalot\n|-damage|p2b: Swalot|67\/100\n|-boost|p1a: Serperior|spa|2\n|move|p2b: Swalot|Clear Smog|p1a: Serperior\n|-damage|p1a: Serperior|48\/100\n|-clearboost|p1a: Serperior\n|\n|-heal|p2b: Swalot|73\/100|[from] item: Black Sludge\n|upkeep\n|turn|2\n|\n|t:|1696804732\n|move|p1b: Whimsicott|Tailwind|p1b: Whimsicott\n|-sidestart|p1: NJKD18|move: Tailwind\n|move|p1a: Serperior|Leaf Storm|p2b: Swalot\n|-resisted|p2b: Swalot\n|-damage|p2b: Swalot|41\/100\n|-boost|p1a: Serperior|spa|2\n|move|p2a: Arcanine|Flare Blitz|p1b: Whimsicott\n|-supereffective|p1b: Whimsicott\n|-damage|p1b: Whimsicott|0 fnt\n|faint|p1b: Whimsicott\n|-damage|p2a: Arcanine|55\/100|[from] Recoil\n|move|p2b: Swalot|Clear Smog|p1a: Serperior\n|-damage|p1a: Serperior|38\/100\n|-clearboost|p1a: Serperior\n|\n|-heal|p2b: Swalot|47\/100|[from] item: Black Sludge\n|upkeep\n|inactive|Battle timer is ON: inactive players will automatically lose when time's up. (requested by NJKD18)\n|\n|t:|1696804755\n|switch|p1b: Grapploct|Grapploct, F|100\/100\n|turn|3\n|\n|t:|1696804768\n|switch|p2a: Slowbro|Slowbro, F|100\/100\n|move|p1a: Serperior|Leaf Storm|p2b: Swalot\n|-resisted|p2b: Swalot\n|-damage|p2b: Swalot|9\/100\n|-boost|p1a: Serperior|spa|2\n|move|p1b: Grapploct|Mud Shot|p2b: Swalot\n|-supereffective|p2b: Swalot\n|-damage|p2b: Swalot|0 fnt\n|faint|p2b: Swalot\n|\n|upkeep\n|\n|t:|1696804785\n|switch|p2b: Arcanine|Arcanine, M|55\/100\n|-ability|p2b: Arcanine|Intimidate|boost\n|-boost|p1a: Serperior|atk|1\n|-unboost|p1b: Grapploct|atk|1\n|turn|4\n|\n|t:|1696804801\n|-terastallize|p2b: Arcanine|Normal\n|move|p2b: Arcanine|Extreme Speed|p1a: Serperior\n|-damage|p1a: Serperior|0 fnt\n|faint|p1a: Serperior\n|move|p1b: Grapploct|Octolock|p1: Serperior|[notarget]\n|-fail|p1b: Grapploct\n|move|p2a: Slowbro|Yawn|p1b: Grapploct\n|-start|p1b: Grapploct|move: Yawn|[of] p2a: Slowbro\n|\n|upkeep\n|\n|t:|1696804810\n|switch|p1a: Indeedee|Indeedee-F, F|100\/100\n|turn|5\n|\n|t:|1696804829\n|switch|p2a: Mudsdale|Mudsdale, M|100\/100\n|move|p1a: Indeedee|Helping Hand|p1b: Grapploct\n|-singleturn|p1b: Grapploct|Helping Hand|[of] p1a: Indeedee\n|move|p2b: Arcanine|Extreme Speed|p1a: Indeedee\n|-damage|p1a: Indeedee|24\/100\n|move|p1b: Grapploct|Mud Shot|p2b: Arcanine\n|-damage|p2b: Arcanine|25\/100\n|-unboost|p2b: Arcanine|spe|1\n|\n|-end|p1b: Grapploct|move: Yawn|[silent]\n|-status|p1b: Grapploct|slp\n|-sideend|p1: NJKD18|move: Light Screen\n|-sideend|p1: NJKD18|move: Tailwind\n|upkeep\n|turn|6\n|\n|t:|1696804849\n|move|p2b: Arcanine|Extreme Speed|p1a: Indeedee\n|-damage|p1a: Indeedee|0 fnt\n|faint|p1a: Indeedee\n|cant|p1b: Grapploct|slp\n|move|p2a: Mudsdale|Roar||[still]\n|-fail|p2a: Mudsdale\n|\n|upkeep\n|turn|7\n|\n|t:|1696804866\n|switch|p2b: Lurantis|Lurantis, F|100\/100\n|cant|p1b: Grapploct|slp\n|move|p2a: Mudsdale|Scary Face|p1b: Grapploct\n|-unboost|p1b: Grapploct|spe|2\n|\n|upkeep\n|turn|8\n|\n|t:|1696804881\n|move|p2b: Lurantis|Superpower|p1b: Grapploct\n|-damage|p1b: Grapploct|67\/100 slp\n|-boost|p2b: Lurantis|atk|1\n|-boost|p2b: Lurantis|def|1\n|move|p2a: Mudsdale|Bulldoze|p1b: Grapploct|[spread] p2b,p1b\n|-resisted|p2b: Lurantis\n|-damage|p2b: Lurantis|92\/100\n|-damage|p1b: Grapploct|49\/100 slp\n|-boost|p2b: Lurantis|spe|1\n|-unboost|p1b: Grapploct|spe|1\n|cant|p1b: Grapploct|slp\n|\n|-heal|p1b: Grapploct|55\/100 slp|[from] item: Leftovers\n|upkeep\n|turn|9\n|c|\u2606NJKD18|oh smart\n|\n|t:|1696804902\n|move|p2b: Lurantis|Protect|p2b: Lurantis\n|-singleturn|p2b: Lurantis|Protect\n|move|p2a: Mudsdale|Bulldoze|p1b: Grapploct|[spread] p1b\n|-activate|p2b: Lurantis|move: Protect\n|-damage|p1b: Grapploct|35\/100 slp\n|-unboost|p1b: Grapploct|spe|1\n|-curestatus|p1b: Grapploct|slp|[msg]\n|move|p1b: Grapploct|Brick Break|p2a: Mudsdale\n|-damage|p2a: Mudsdale|79\/100\n|-ability|p2a: Mudsdale|Stamina|boost\n|-boost|p2a: Mudsdale|def|1\n|\n|-heal|p2a: Mudsdale|86\/100|[from] item: Leftovers\n|-heal|p1b: Grapploct|41\/100|[from] item: Leftovers\n|upkeep\n|turn|10\n|\n|t:|1696804926\n|move|p2b: Lurantis|Leech Life|p2a: Mudsdale\n|-damage|p2a: Mudsdale|69\/100\n|-heal|p2b: Lurantis|100\/100|[from] drain|[of] p2a: Mudsdale\n|-ability|p2a: Mudsdale|Stamina|boost\n|-boost|p2a: Mudsdale|def|1\n|move|p2a: Mudsdale|Bulldoze|p1b: Grapploct|[spread] p2b,p1b\n|-resisted|p2b: Lurantis\n|-damage|p2b: Lurantis|92\/100\n|-damage|p1b: Grapploct|22\/100\n|-boost|p2b: Lurantis|spe|1\n|-unboost|p1b: Grapploct|spe|1\n|move|p1b: Grapploct|Payback|p2b: Lurantis\n|-damage|p2b: Lurantis|72\/100\n|\n|-heal|p2a: Mudsdale|75\/100|[from] item: Leftovers\n|-heal|p1b: Grapploct|29\/100|[from] item: Leftovers\n|upkeep\n|turn|11\n|\n|t:|1696804944\n|move|p2b: Lurantis|Leech Life|p2a: Mudsdale\n|-damage|p2a: Mudsdale|62\/100\n|-heal|p2b: Lurantis|81\/100|[from] drain|[of] p2a: Mudsdale\n|-ability|p2a: Mudsdale|Stamina|boost\n|-boost|p2a: Mudsdale|def|1\n|move|p2a: Mudsdale|Bulldoze|p1b: Grapploct|[spread] p2b,p1b\n|-resisted|p2b: Lurantis\n|-crit|p1b: Grapploct\n|-damage|p2b: Lurantis|74\/100\n|-damage|p1b: Grapploct|0 fnt\n|-boost|p2b: Lurantis|spe|1\n|faint|p1b: Grapploct\n|\n|win|edgeguard2\n|raw|NJKD18's rating: 1000 &rarr; <strong>1000<\/strong><br \/>(+0 for losing)\n|raw|edgeguard2's rating: 1009 &rarr; <strong>1047<\/strong><br \/>(+38 for winning)\n|c|\u2606NJKD18|gg\n|c|\u2606edgeguard2|gg\n|l|\u2606edgeguard2\n","uploadtime":1696805042,"views":10,"p1id":"njkd18","p2id":"edgeguard2","formatid":"gen9nationaldexdoubles","rating":1000,"private":0,"password":""}