{"id":"gen9nationaldexdoubles-1947479287","p1":"Kaick1478","p2":"El Ryuk456","format":"[Gen 9] National Dex Doubles","log":"|j|\u2606Kaick1478\n|j|\u2606El Ryuk456\n|t:|1695164649\n|gametype|doubles\n|player|p1|Kaick1478|cynthia-gen4|1176\n|player|p2|El Ryuk456|blaine|1350\n|teamsize|p1|6\n|teamsize|p2|6\n|gen|9\n|tier|[Gen 9] National Dex Doubles\n|rated|\n|rule|HP Percentage Mod: HP is shown in percentages\n|rule|Endless Battle Clause: Forcing endless battles is banned\n|rule|OHKO Clause: OHKO moves are banned\n|rule|Evasion Moves Clause: Evasion moves are banned\n|rule|Evasion Abilities Clause: Evasion abilities are banned\n|rule|Species Clause: Limit one of each Pok\u00e9mon\n|rule|Gravity Sleep Clause: The combination of sleep-inducing moves with imperfect accuracy and Gravity or Gigantamax Orbeetle are banned\n|clearpoke\n|poke|p1|Charizard, M|\n|poke|p1|Latias, F|\n|poke|p1|Clefable, F|\n|poke|p1|Greninja-*, M|\n|poke|p1|Klefki, F|\n|poke|p1|Smeargle, F|\n|poke|p2|Blaziken, M|\n|poke|p2|Sceptile, M|\n|poke|p2|Blissey, F|\n|poke|p2|Dusknoir, F|\n|poke|p2|Pawmot, M|\n|poke|p2|Pelipper, M|\n|teampreview\n|inactive|Battle timer is ON: inactive players will automatically lose when time's up. (requested by Kaick1478)\n|\n|t:|1695164663\n|start\n|switch|p1a: Klefki|Klefki, F|100\/100\n|switch|p1b: Clefable|Clefable, F|100\/100\n|switch|p2a: Inferno|Blaziken, M|100\/100\n|switch|p2b: Leo|Sceptile, M|100\/100\n|turn|1\n|\n|t:|1695164677\n|detailschange|p2a: Inferno|Blaziken-Mega, M\n|-mega|p2a: Inferno|Blaziken|Blazikenite\n|move|p2a: Inferno|Protect|p2a: Inferno\n|-singleturn|p2a: Inferno|Protect\n|move|p1a: Klefki|Reflect|p1a: Klefki\n|-sidestart|p1: Kaick1478|Reflect\n|move|p2b: Leo|Leaf Storm|p1b: Clefable\n|-damage|p1b: Clefable|46\/100\n|-unboost|p2b: Leo|spa|2\n|-enditem|p2b: Leo|White Herb\n|-clearnegativeboost|p2b: Leo|[silent]\n|move|p1b: Clefable|Cosmic Power|p1b: Clefable\n|-boost|p1b: Clefable|def|1\n|-boost|p1b: Clefable|spd|1\n|\n|-heal|p1b: Clefable|52\/100|[from] item: Leftovers\n|-ability|p2a: Inferno|Speed Boost|boost\n|-boost|p2a: Inferno|spe|1\n|upkeep\n|turn|2\n|\n|t:|1695164705\n|move|p1a: Klefki|Light Screen|p1a: Klefki\n|-sidestart|p1: Kaick1478|move: Light Screen\n|move|p2b: Leo|Leaf Storm|p1b: Clefable\n|-damage|p1b: Clefable|28\/100\n|-unboost|p2b: Leo|spa|2\n|move|p2a: Inferno|Flare Blitz|p1b: Clefable\n|-damage|p1b: Clefable|0 fnt\n|faint|p1b: Clefable\n|-damage|p2a: Inferno|91\/100|[from] Recoil\n|\n|-ability|p2a: Inferno|Speed Boost|boost\n|-boost|p2a: Inferno|spe|1\n|upkeep\n|inactive|Kaick1478 has 120 seconds left.\n|\n|t:|1695164722\n|switch|p1b: Smeargle|Smeargle, F|100\/100\n|turn|3\n|\n|t:|1695164729\n|move|p2a: Inferno|Protect|p2a: Inferno\n|-singleturn|p2a: Inferno|Protect\n|move|p1a: Klefki|Thunder Wave|p2a: Inferno\n|-activate|p2a: Inferno|move: Protect\n|move|p2b: Leo|Breaking Swipe|p1b: Smeargle|[spread] p1b\n|-immune|p1a: Klefki\n|-damage|p1b: Smeargle|91\/100\n|-unboost|p1b: Smeargle|atk|1\n|move|p1b: Smeargle|Substitute|p1b: Smeargle\n|-start|p1b: Smeargle|Substitute\n|-damage|p1b: Smeargle|66\/100\n|\n|-heal|p1b: Smeargle|72\/100|[from] item: Leftovers\n|-ability|p2a: Inferno|Speed Boost|boost\n|-boost|p2a: Inferno|spe|1\n|upkeep\n|turn|4\n|\n|t:|1695164758\n|move|p2b: Leo|Quick Guard|p2b: Leo\n|-singleturn|p2b: Leo|Quick Guard\n|move|p1a: Klefki|Thunder Wave|p2b: Leo\n|-activate|p2b: Leo|move: Quick Guard\n|move|p2a: Inferno|Low Kick|p1b: Smeargle\n|-supereffective|p1b: Smeargle\n|-end|p1b: Smeargle|Substitute\n|move|p1b: Smeargle|Spore|p2a: Inferno\n|-status|p2a: Inferno|slp|[from] move: Spore\n|\n|-heal|p1b: Smeargle|77\/100|[from] item: Leftovers\n|-ability|p2a: Inferno|Speed Boost|boost\n|-boost|p2a: Inferno|spe|1\n|upkeep\n|turn|5\n|\n|t:|1695164779\n|move|p1a: Klefki|Thunder Wave|p2b: Leo\n|-status|p2b: Leo|par\n|cant|p2a: Inferno|slp\n|move|p2b: Leo|Leaf Storm|p1b: Smeargle\n|-damage|p1b: Smeargle|21\/100\n|-unboost|p2b: Leo|spa|2\n|move|p1b: Smeargle|Shell Smash|p1b: Smeargle\n|-unboost|p1b: Smeargle|def|1\n|-unboost|p1b: Smeargle|spd|1\n|-boost|p1b: Smeargle|atk|2\n|-boost|p1b: Smeargle|spa|2\n|-boost|p1b: Smeargle|spe|2\n|\n|-heal|p1b: Smeargle|27\/100|[from] item: Leftovers\n|-ability|p2a: Inferno|Speed Boost|boost\n|-boost|p2a: Inferno|spe|1\n|upkeep\n|turn|6\n|\n|t:|1695164807\n|move|p1a: Klefki|Spikes|p2b: Leo\n|-sidestart|p2: El Ryuk456|Spikes\n|-curestatus|p2a: Inferno|slp|[msg]\n|move|p2a: Inferno|Flare Blitz|p1b: Smeargle\n|-crit|p1b: Smeargle\n|-damage|p1b: Smeargle|0 fnt\n|faint|p1b: Smeargle\n|-damage|p2a: Inferno|85\/100|[from] Recoil\n|move|p2b: Leo|Leaf Storm|p1a: Klefki\n|-resisted|p1a: Klefki\n|-damage|p1a: Klefki|92\/100\n|-unboost|p2b: Leo|spa|2\n|\n|-ability|p2a: Inferno|Speed Boost|boost\n|-boost|p2a: Inferno|spe|1\n|upkeep\n|inactive|Kaick1478 has 120 seconds left.\n|\n|t:|1695164825\n|switch|p1b: Charizard|Charizard, M|100\/100\n|turn|7\n|\n|t:|1695164832\n|-terastallize|p2b: Leo|Rock\n|move|p2b: Leo|Quick Guard|p2b: Leo\n|-singleturn|p2b: Leo|Quick Guard\n|move|p1a: Klefki|Thunder Wave|p2a: Inferno\n|-activate|p2a: Inferno|move: Quick Guard\n|move|p2a: Inferno|Rock Slide|p1a: Klefki|[spread] p1b\n|-miss|p2a: Inferno|p1a: Klefki\n|-supereffective|p1b: Charizard\n|-damage|p1b: Charizard|12\/100\n|move|p1b: Charizard|Dragon Dance|p1b: Charizard\n|-boost|p1b: Charizard|atk|1\n|-boost|p1b: Charizard|spe|1\n|\n|upkeep\n|turn|8\n|\n|t:|1695164859\n|cant|p2b: Leo|par\n|move|p1a: Klefki|Thunder Wave|p2a: Inferno\n|-status|p2a: Inferno|par\n|move|p2a: Inferno|Rock Slide|p1a: Klefki|[spread] p1a,p1b\n|-resisted|p1a: Klefki\n|-supereffective|p1b: Charizard\n|-damage|p1a: Klefki|84\/100\n|-damage|p1b: Charizard|0 fnt\n|faint|p1b: Charizard\n|\n|-sideend|p1: Kaick1478|Reflect\n|upkeep\n|inactive|Kaick1478 has 120 seconds left.\n|\n|t:|1695164873\n|switch|p1b: Greninja|Greninja, M|100\/100\n|turn|9\n|\n|t:|1695164885\n|move|p1b: Greninja|Water Shuriken|p2a: Inferno\n|-supereffective|p2a: Inferno\n|-damage|p2a: Inferno|61\/100 par\n|-supereffective|p2a: Inferno\n|-damage|p2a: Inferno|37\/100 par\n|-hitcount|p2a: Inferno|2\n|-damage|p1b: Greninja|91\/100|[from] item: Life Orb\n|move|p1a: Klefki|Reflect|p1a: Klefki\n|-sidestart|p1: Kaick1478|Reflect\n|move|p2a: Inferno|Low Kick|p1b: Greninja\n|-supereffective|p1b: Greninja\n|-damage|p1b: Greninja|6\/100\n|move|p2b: Leo|Leaf Storm|p1b: Greninja\n|-supereffective|p1b: Greninja\n|-damage|p1b: Greninja|0 fnt\n|faint|p1b: Greninja\n|\n|-sideend|p1: Kaick1478|move: Light Screen\n|upkeep\n|\n|t:|1695164900\n|switch|p1b: Latias|Latias, F|100\/100\n|turn|10\n|\n|t:|1695164916\n|switch|p2a: Winry|Blissey, F|100\/100\n|-damage|p2a: Winry|88\/100|[from] Spikes\n|switch|p2b: Livie|Dusknoir, F|100\/100\n|-damage|p2b: Livie|88\/100|[from] Spikes\n|-item|p1a: Klefki|Light Clay|[from] ability: Frisk|[of] p2b: Livie|[identify]\n|-item|p1b: Latias|Latiasite|[from] ability: Frisk|[of] p2b: Livie|[identify]\n|detailschange|p1b: Latias|Latias-Mega, F\n|-mega|p1b: Latias|Latias|Latiasite\n|move|p1a: Klefki|Light Screen|p1a: Klefki\n|-sidestart|p1: Kaick1478|move: Light Screen\n|move|p1b: Latias|Agility|p1b: Latias\n|-boost|p1b: Latias|spe|2\n|\n|-heal|p2a: Winry|94\/100|[from] item: Leftovers\n|upkeep\n|turn|11\n|\n|t:|1695164944\n|move|p1a: Klefki|Thunder Wave|p2a: Winry\n|-status|p2a: Winry|par\n|move|p1b: Latias|Recover||[still]\n|-fail|p1b: Latias|heal\n|cant|p2a: Winry|par\n|move|p2b: Livie|Trick Room|p2b: Livie\n|-fieldstart|move: Trick Room|[of] p2b: Livie\n|\n|-heal|p2a: Winry|99\/100 par|[from] item: Leftovers\n|upkeep\n|turn|12\n|\n|t:|1695164961\n|move|p1a: Klefki|Thunder Wave|p2b: Livie\n|-status|p2b: Livie|par\n|move|p2b: Livie|Will-O-Wisp|p1a: Klefki|[miss]\n|-miss|p2b: Livie|p1a: Klefki\n|move|p2a: Winry|Hyper Voice|p1b: Latias|[spread] p1a,p1b\n|-resisted|p1a: Klefki\n|-damage|p1a: Klefki|77\/100\n|-damage|p1b: Latias|92\/100\n|move|p1b: Latias|Agility|p1b: Latias\n|-boost|p1b: Latias|spe|2\n|\n|-heal|p2a: Winry|100\/100 par|[from] item: Leftovers\n|upkeep\n|turn|13\n|\n|t:|1695164983\n|move|p1a: Klefki|Spikes|p2a: Winry\n|-sidestart|p2: El Ryuk456|Spikes\n|move|p2b: Livie|Shadow Punch|p1b: Latias\n|-supereffective|p1b: Latias\n|-damage|p1b: Latias|68\/100\n|move|p2a: Winry|Hyper Voice|p1a: Klefki|[spread] p1a,p1b\n|-resisted|p1a: Klefki\n|-damage|p1a: Klefki|70\/100\n|-damage|p1b: Latias|57\/100\n|move|p1b: Latias|Heal Pulse|p1a: Klefki\n|-heal|p1a: Klefki|100\/100\n|\n|upkeep\n|turn|14\n|\n|t:|1695165004\n|move|p1a: Klefki|Spikes|p2a: Winry\n|-sidestart|p2: El Ryuk456|Spikes\n|move|p2b: Livie|Will-O-Wisp|p1b: Latias|[miss]\n|-miss|p2b: Livie|p1b: Latias\n|move|p2a: Winry|Hyper Voice|p1b: Latias|[spread] p1a,p1b\n|-resisted|p1a: Klefki\n|-damage|p1a: Klefki|93\/100\n|-damage|p1b: Latias|48\/100\n|move|p1b: Latias|Recover|p1b: Latias\n|-heal|p1b: Latias|98\/100\n|\n|upkeep\n|turn|15\n|\n|t:|1695165027\n|move|p1a: Klefki|Thunder Wave|p2b: Livie|[miss]\n|-miss|p1a: Klefki|p2b: Livie\n|move|p2b: Livie|Will-O-Wisp|p1b: Latias\n|-status|p1b: Latias|brn\n|move|p2a: Winry|Chilling Water|p1b: Latias\n|-resisted|p1b: Latias\n|-damage|p1b: Latias|96\/100 brn\n|-unboost|p1b: Latias|atk|1\n|move|p1b: Latias|Agility|p1b: Latias\n|-boost|p1b: Latias|spe|2\n|\n|-damage|p1b: Latias|90\/100 brn|[from] brn\n|-fieldend|move: Trick Room\n|upkeep\n|turn|16\n|inactive|Kaick1478 has 120 seconds left.\n|\n|t:|1695165064\n|move|p1a: Klefki|Thunder Wave|p2a: Winry\n|-fail|p2a: Winry|par\n|move|p1b: Latias|Defog|p2b: Livie\n|-unboost|p2b: Livie|evasion|1\n|-sideend|p2: El Ryuk456|Spikes|[from] move: Defog|[of] p1b: Latias\n|cant|p2a: Winry|par\n|cant|p2b: Livie|par\n|\n|-activate|p2a: Winry|ability: Healer\n|-curestatus|p2b: Livie|par|[msg]\n|-damage|p1b: Latias|84\/100 brn|[from] brn\n|-sideend|p1: Kaick1478|Reflect\n|upkeep\n|turn|17\n|inactive|Kaick1478 has 120 seconds left.\n|\n|t:|1695165092\n|switch|p2b: Michel|Pawmot, M|100\/100\n|move|p1a: Klefki|Thunder Wave|p2b: Michel\n|-immune|p2b: Michel\n|move|p1b: Latias|Recover|p1b: Latias\n|-heal|p1b: Latias|100\/100 brn\n|move|p2a: Winry|Hyper Voice|p1a: Klefki|[spread] p1a,p1b\n|-resisted|p1a: Klefki\n|-damage|p1a: Klefki|86\/100\n|-damage|p1b: Latias|90\/100 brn\n|\n|-damage|p1b: Latias|84\/100 brn|[from] brn\n|-sideend|p1: Kaick1478|move: Light Screen\n|upkeep\n|turn|18\n|inactive|Kaick1478 has 120 seconds left.\n|\n|t:|1695165118\n|switch|p2a: Livie|Dusknoir, F|88\/100\n|-item|p1a: Klefki|Light Clay|[from] ability: Frisk|[of] p2a: Livie|[identify]\n|-item|p1b: Latias|Latiasite|[from] ability: Frisk|[of] p2a: Livie|[identify]\n|move|p1a: Klefki|Reflect|p1a: Klefki\n|-sidestart|p1: Kaick1478|Reflect\n|move|p1b: Latias|Heal Pulse|p1a: Klefki\n|-heal|p1a: Klefki|100\/100\n|move|p2b: Michel|Ice Punch|p1b: Latias\n|-supereffective|p1b: Latias\n|-damage|p1b: Latias|52\/100 brn\n|\n|-damage|p1b: Latias|46\/100 brn|[from] brn\n|upkeep\n|turn|19\n|\n|t:|1695165138\n|move|p1a: Klefki|Light Screen|p1a: Klefki\n|-sidestart|p1: Kaick1478|move: Light Screen\n|move|p1b: Latias|Recover|p1b: Latias\n|-heal|p1b: Latias|96\/100 brn\n|move|p2b: Michel|Ice Punch|p1b: Latias\n|-supereffective|p1b: Latias\n|-crit|p1b: Latias\n|-damage|p1b: Latias|27\/100 brn\n|move|p2a: Livie|Shadow Punch|p1b: Latias\n|-supereffective|p1b: Latias\n|-damage|p1b: Latias|4\/100 brn\n|\n|-damage|p1b: Latias|0 fnt|[from] brn\n|faint|p1b: Latias\n|upkeep\n|turn|20\n|\n|t:|1695165154\n|switch|p2b: Inferno|Blaziken-Mega, M|37\/100 par\n|move|p1a: Klefki|Thunder Wave|p2a: Livie\n|-status|p2a: Livie|par\n|move|p2a: Livie|Will-O-Wisp|p1a: Klefki\n|-status|p1a: Klefki|brn\n|\n|-damage|p1a: Klefki|94\/100 brn|[from] brn\n|upkeep\n|turn|21\n|-message|Kaick1478 forfeited.\n|\n|win|El Ryuk456\n|raw|Kaick1478's rating: 1176 &rarr; <strong>1163<\/strong><br \/>(-13 for losing)\n|raw|El Ryuk456's rating: 1350 &rarr; <strong>1361<\/strong><br \/>(+11 for winning)\n|l|\u2606Kaick1478\n","uploadtime":1695165176,"views":6,"p1id":"kaick1478","p2id":"elryuk456","formatid":"gen9nationaldexdoubles","rating":1163,"private":0,"password":""}