{"id":"gen9nationaldexdoubles-1955641552","p1":"Spanglybadger4","p2":"lxvliiz","format":"[Gen 9] National Dex Doubles","log":"|j|\u2606Spanglybadger4\n|j|\u2606lxvliiz\n|t:|1696014483\n|gametype|doubles\n|player|p1|Spanglybadger4|drayden|1050\n|player|p2|lxvliiz|flannery|1045\n|teamsize|p1|6\n|teamsize|p2|6\n|gen|9\n|tier|[Gen 9] National Dex Doubles\n|rated|\n|rule|HP Percentage Mod: HP is shown in percentages\n|rule|Endless Battle Clause: Forcing endless battles is banned\n|rule|OHKO Clause: OHKO moves are banned\n|rule|Evasion Moves Clause: Evasion moves are banned\n|rule|Evasion Abilities Clause: Evasion abilities are banned\n|rule|Species Clause: Limit one of each Pok\u00e9mon\n|rule|Gravity Sleep Clause: The combination of sleep-inducing moves with imperfect accuracy and Gravity or Gigantamax Orbeetle are banned\n|clearpoke\n|poke|p1|Espathra, M|\n|poke|p1|Rillaboom, F|\n|poke|p1|Milotic, M|\n|poke|p1|Cinderace, F|\n|poke|p1|Gholdengo|\n|poke|p1|Chien-Pao|\n|poke|p2|Klefki, F|\n|poke|p2|Slowbro, M|\n|poke|p2|Kingambit, F|\n|poke|p2|Torkoal, F|\n|poke|p2|Lilligant-Hisui, F|\n|poke|p2|Nidoking, M|\n|teampreview\n|inactive|Battle timer is ON: inactive players will automatically lose when time's up. (requested by Spanglybadger4)\n|\n|t:|1696014488\n|start\n|switch|p1a: Espathra|Espathra, M|100\/100\n|switch|p1b: Milotic|Milotic, M|100\/100\n|switch|p2a: Torkoal|Torkoal, F, shiny|100\/100\n|switch|p2b: Lilligant|Lilligant-Hisui, F|100\/100\n|-weather|SunnyDay|[from] ability: Drought|[of] p2a: Torkoal\n|turn|1\n|\n|t:|1696014500\n|move|p1a: Espathra|Protect|p1a: Espathra\n|-singleturn|p1a: Espathra|Protect\n|move|p2b: Lilligant|Solar Blade||[still]\n|-prepare|p2b: Lilligant|Solar Blade\n|-anim|p2b: Lilligant|Solar Blade|p1b: Milotic\n|-supereffective|p1b: Milotic\n|-damage|p1b: Milotic|0 fnt\n|faint|p1b: Milotic\n|move|p2a: Torkoal|Eruption|p1a: Espathra\n|-activate|p1a: Espathra|move: Protect\n|\n|-weather|SunnyDay|[upkeep]\n|-ability|p1a: Espathra|Speed Boost|boost\n|-boost|p1a: Espathra|spe|1\n|upkeep\n|\n|t:|1696014515\n|switch|p1b: Cinderace|Cinderace, F|100\/100\n|turn|2\n|\n|t:|1696014529\n|move|p2b: Lilligant|Close Combat|p1b: Cinderace\n|-damage|p1b: Cinderace|22\/100\n|-unboost|p2b: Lilligant|def|1\n|-unboost|p2b: Lilligant|spd|1\n|move|p1a: Espathra|Calm Mind|p1a: Espathra\n|-boost|p1a: Espathra|spa|1\n|-boost|p1a: Espathra|spd|1\n|move|p1b: Cinderace|Pyro Ball|p2b: Lilligant\n|-supereffective|p2b: Lilligant\n|-damage|p2b: Lilligant|0 fnt\n|faint|p2b: Lilligant\n|move|p2a: Torkoal|Eruption|p1a: Espathra|[spread] p1a,p1b\n|-resisted|p1b: Cinderace\n|-damage|p1a: Espathra|14\/100\n|-damage|p1b: Cinderace|0 fnt\n|faint|p1b: Cinderace\n|\n|-weather|SunnyDay|[upkeep]\n|-ability|p1a: Espathra|Speed Boost|boost\n|-boost|p1a: Espathra|spe|1\n|upkeep\n|\n|t:|1696014545\n|switch|p1b: Rillaboom|Rillaboom, F|100\/100\n|switch|p2b: Nidoking|Nidoking, M|100\/100\n|-fieldstart|move: Grassy Terrain|[from] ability: Grassy Surge|[of] p1b: Rillaboom\n|turn|3\n|\n|t:|1696014559\n|move|p1a: Espathra|Protect|p1a: Espathra\n|-singleturn|p1a: Espathra|Protect\n|move|p1b: Rillaboom|Fake Out|p2a: Torkoal\n|-damage|p2a: Torkoal|90\/100\n|move|p2b: Nidoking|Ice Beam|p1b: Rillaboom\n|-supereffective|p1b: Rillaboom\n|-damage|p1b: Rillaboom|31\/100\n|cant|p2a: Torkoal|flinch\n|\n|-weather|SunnyDay|[upkeep]\n|-heal|p1a: Espathra|20\/100|[from] Grassy Terrain\n|-heal|p1b: Rillaboom|37\/100|[from] Grassy Terrain\n|-heal|p2a: Torkoal|96\/100|[from] Grassy Terrain\n|-ability|p1a: Espathra|Speed Boost|boost\n|-boost|p1a: Espathra|spe|1\n|upkeep\n|turn|4\n|\n|t:|1696014577\n|move|p1a: Espathra|Stored Power|p2a: Torkoal\n|-damage|p2a: Torkoal|0 fnt\n|faint|p2a: Torkoal\n|-damage|p1a: Espathra|10\/100|[from] item: Life Orb\n|move|p1b: Rillaboom|Knock Off|p2b: Nidoking\n|-damage|p2b: Nidoking|56\/100\n|-enditem|p2b: Nidoking|Life Orb|[from] move: Knock Off|[of] p1b: Rillaboom\n|move|p2b: Nidoking|Earth Power|p1a: Espathra\n|-damage|p1a: Espathra|0 fnt\n|faint|p1a: Espathra\n|\n|-weather|SunnyDay|[upkeep]\n|-heal|p2b: Nidoking|62\/100|[from] Grassy Terrain\n|-heal|p1b: Rillaboom|43\/100|[from] Grassy Terrain\n|upkeep\n|\n|t:|1696014592\n|switch|p1a: Chien-Pao|Chien-Pao|100\/100\n|switch|p2a: Slowbro|Slowbro, M|100\/100\n|-ability|p1a: Chien-Pao|Sword of Ruin\n|turn|5\n|\n|t:|1696014604\n|detailschange|p2a: Slowbro|Slowbro-Mega, M\n|-mega|p2a: Slowbro|Slowbro|Slowbronite\n|move|p1b: Rillaboom|Grassy Glide|p2b: Nidoking\n|-damage|p2b: Nidoking|0 fnt\n|faint|p2b: Nidoking\n|move|p1a: Chien-Pao|Crunch|p2a: Slowbro\n|-supereffective|p2a: Slowbro\n|-damage|p2a: Slowbro|49\/100\n|move|p2a: Slowbro|Trick Room|p2a: Slowbro\n|-fieldstart|move: Trick Room|[of] p2a: Slowbro\n|\n|-weather|none\n|-heal|p2a: Slowbro|55\/100|[from] Grassy Terrain\n|-heal|p1b: Rillaboom|49\/100|[from] Grassy Terrain\n|upkeep\n|\n|t:|1696014616\n|switch|p2b: Kingambit|Kingambit, F|100\/100\n|-activate|p2b: Kingambit|ability: Supreme Overlord\n|-start|p2b: Kingambit|fallen3|[silent]\n|turn|6\n|\n|t:|1696014637\n|move|p1b: Rillaboom|Grassy Glide|p2a: Slowbro\n|-supereffective|p2a: Slowbro\n|-damage|p2a: Slowbro|3\/100\n|move|p1a: Chien-Pao|Ice Shard|p2b: Kingambit\n|-resisted|p2b: Kingambit\n|-damage|p2b: Kingambit|90\/100\n|move|p2a: Slowbro|Surf|p1a: Chien-Pao|[spread] p2b,p1a,p1b\n|-crit|p2b: Kingambit\n|-resisted|p1b: Rillaboom\n|-damage|p2b: Kingambit|31\/100\n|-damage|p1a: Chien-Pao|38\/100\n|-damage|p1b: Rillaboom|34\/100\n|move|p2b: Kingambit|Iron Head|p1a: Chien-Pao\n|-supereffective|p1a: Chien-Pao\n|-damage|p1a: Chien-Pao|0 fnt\n|faint|p1a: Chien-Pao\n|\n|-heal|p2a: Slowbro|9\/100|[from] Grassy Terrain\n|-heal|p2b: Kingambit|37\/100|[from] Grassy Terrain\n|-heal|p1b: Rillaboom|40\/100|[from] Grassy Terrain\n|upkeep\n|\n|t:|1696014643\n|switch|p1a: Gholdengo|Gholdengo|100\/100\n|turn|7\n|\n|t:|1696014653\n|-terastallize|p1a: Gholdengo|Fairy\n|move|p2b: Kingambit|Sucker Punch||[still]\n|-fail|p2b: Kingambit\n|move|p1b: Rillaboom|Grassy Glide|p2a: Slowbro\n|-supereffective|p2a: Slowbro\n|-damage|p2a: Slowbro|0 fnt\n|faint|p2a: Slowbro\n|move|p1a: Gholdengo|Nasty Plot|p1a: Gholdengo\n|-boost|p1a: Gholdengo|spa|2\n|\n|-heal|p2b: Kingambit|43\/100|[from] Grassy Terrain\n|-heal|p1b: Rillaboom|46\/100|[from] Grassy Terrain\n|-fieldend|move: Grassy Terrain\n|upkeep\n|\n|t:|1696014665\n|switch|p2a: Klefki|Klefki, F|100\/100\n|turn|8\n|\n|t:|1696014679\n|move|p2b: Kingambit|Iron Head|p1a: Gholdengo\n|-supereffective|p1a: Gholdengo\n|-damage|p1a: Gholdengo|0 fnt\n|faint|p1a: Gholdengo\n|move|p2a: Klefki|Foul Play|p1b: Rillaboom\n|-damage|p1b: Rillaboom|10\/100\n|move|p1b: Rillaboom|Grassy Glide|p2a: Klefki\n|-resisted|p2a: Klefki\n|-damage|p2a: Klefki|89\/100\n|\n|-heal|p2a: Klefki|95\/100|[from] item: Leftovers\n|upkeep\n|turn|9\n|-message|Spanglybadger4 forfeited.\n|\n|win|lxvliiz\n|raw|Spanglybadger4's rating: 1050 &rarr; <strong>1032<\/strong><br \/>(-18 for losing)\n|raw|lxvliiz's rating: 1045 &rarr; <strong>1079<\/strong><br \/>(+34 for winning)\n|l|\u2606Spanglybadger4\n","uploadtime":1696014688,"views":6,"p1id":"spanglybadger4","p2id":"lxvliiz","formatid":"gen9nationaldexdoubles","rating":1032,"private":0,"password":""}