{"id":"gen9nationaldexdoubles-1965070734","p1":"Squarelace420","p2":"RocaCama","format":"[Gen 9] National Dex Doubles","log":"|j|\u2606Squarelace420\n|j|\u2606RocaCama\n|t:|1697040163\n|gametype|doubles\n|player|p1|Squarelace420|giovanni|1057\n|player|p2|RocaCama|fisherman-gen3rs|1224\n|teamsize|p1|6\n|teamsize|p2|2\n|gen|9\n|tier|[Gen 9] National Dex Doubles\n|rated|\n|rule|HP Percentage Mod: HP is shown in percentages\n|rule|Endless Battle Clause: Forcing endless battles is banned\n|rule|OHKO Clause: OHKO moves are banned\n|rule|Evasion Moves Clause: Evasion moves are banned\n|rule|Evasion Abilities Clause: Evasion abilities are banned\n|rule|Species Clause: Limit one of each Pok\u00e9mon\n|rule|Gravity Sleep Clause: The combination of sleep-inducing moves with imperfect accuracy and Gravity or Gigantamax Orbeetle are banned\n|clearpoke\n|poke|p1|Greninja-*, M|\n|poke|p1|Garchomp, M|\n|poke|p1|Garganacl, F|\n|poke|p1|Malamar, F|\n|poke|p1|Ceruledge, M|\n|poke|p1|Kingambit, M|\n|poke|p2|Weezing-Galar, F|\n|poke|p2|Slaking, F|\n|teampreview\n|c|\u2606RocaCama|Wrong team lol\n|\n|t:|1697040175\n|start\n|switch|p1a: Greninja|Greninja, M, shiny|100\/100\n|switch|p1b: Garchomp|Garchomp, M|100\/100\n|switch|p2a: Weezing|Weezing-Galar, F|100\/100\n|switch|p2b: Slaking|Slaking, F|100\/100\n|-ability|p2a: Weezing|Neutralizing Gas\n|turn|1\n|\n|t:|1697040229\n|move|p1a: Greninja|Toxic Spikes|p2a: Weezing\n|-sidestart|p2: RocaCama|move: Toxic Spikes\n|move|p2b: Slaking|Seed Bomb|p1a: Greninja\n|-supereffective|p1a: Greninja\n|-crit|p1a: Greninja\n|-enditem|p1a: Greninja|Focus Sash\n|-damage|p1a: Greninja|1\/100\n|-damage|p2b: Slaking|91\/100|[from] item: Life Orb\n|move|p2a: Weezing|Will-O-Wisp|p1b: Garchomp\n|-status|p1b: Garchomp|brn\n|move|p1b: Garchomp|Roar||[still]\n|-fail|p1b: Garchomp\n|\n|-damage|p1b: Garchomp|94\/100 brn|[from] brn\n|upkeep\n|turn|2\n|\n|t:|1697040279\n|move|p1a: Greninja|Hydro Pump|p2a: Weezing\n|-damage|p2a: Weezing|33\/100\n|move|p1b: Garchomp|Stone Edge|p2b: Slaking\n|-damage|p2b: Slaking|79\/100\n|move|p2b: Slaking|Fire Punch|p1a: Greninja\n|-resisted|p1a: Greninja\n|-damage|p1a: Greninja|0 fnt\n|faint|p1a: Greninja\n|-damage|p2b: Slaking|69\/100|[from] item: Life Orb\n|move|p2a: Weezing|Strange Steam|p1b: Garchomp\n|-supereffective|p1b: Garchomp\n|-damage|p1b: Garchomp|47\/100 brn\n|\n|-damage|p1b: Garchomp|41\/100 brn|[from] brn\n|upkeep\n|\n|t:|1697040299\n|switch|p1a: Garganacl|Garganacl, F|100\/100\n|turn|3\n|\n|t:|1697040314\n|-terastallize|p2a: Weezing|Flying\n|move|p1b: Garchomp|Toxic|p2b: Slaking\n|-status|p2b: Slaking|tox\n|move|p2b: Slaking|Earthquake|p1b: Garchomp|[spread] p1a,p1b\n|-immune|p2a: Weezing\n|-supereffective|p1a: Garganacl\n|-damage|p1a: Garganacl|60\/100\n|-damage|p1b: Garchomp|10\/100 brn\n|-damage|p2b: Slaking|59\/100 tox|[from] item: Life Orb\n|move|p2a: Weezing|Strange Steam|p1b: Garchomp\n|-supereffective|p1b: Garchomp\n|-damage|p1b: Garchomp|0 fnt\n|faint|p1b: Garchomp\n|move|p1a: Garganacl|Salt Cure|p2b: Slaking\n|-damage|p2b: Slaking|49\/100 tox\n|-start|p2b: Slaking|Salt Cure\n|\n|-heal|p1a: Garganacl|66\/100|[from] item: Leftovers\n|-damage|p2b: Slaking|43\/100 tox|[from] psn\n|-damage|p2b: Slaking|30\/100 tox|[from] Salt Cure\n|upkeep\n|\n|t:|1697040337\n|switch|p1b: Ceruledge|Ceruledge, M, shiny|100\/100\n|turn|4\n|c|\u2606RocaCama|GG\n|\n|t:|1697040360\n|move|p1a: Garganacl|Protect|p1a: Garganacl\n|-singleturn|p1a: Garganacl|Protect\n|move|p2b: Slaking|Earthquake|p1a: Garganacl|[spread] p1b\n|-activate|p1a: Garganacl|move: Protect\n|-immune|p2a: Weezing\n|-supereffective|p1b: Ceruledge\n|-damage|p1b: Ceruledge|0 fnt\n|faint|p1b: Ceruledge\n|-damage|p2b: Slaking|20\/100 tox|[from] item: Life Orb\n|move|p2a: Weezing|Aromatherapy|p2a: Weezing\n|-activate|p2a: Weezing|move: Aromatherapy\n|-curestatus|p2b: Slaking|tox|[msg]\n|\n|-heal|p1a: Garganacl|72\/100|[from] item: Leftovers\n|-damage|p2b: Slaking|8\/100|[from] Salt Cure\n|upkeep\n|\n|t:|1697040377\n|switch|p1b: Malamar|Malamar, F|100\/100\n|turn|5\n|\n|t:|1697040390\n|move|p2b: Slaking|Earthquake|p1a: Garganacl|[spread] p1a,p1b\n|-immune|p2a: Weezing\n|-supereffective|p1a: Garganacl\n|-damage|p1a: Garganacl|32\/100\n|-damage|p1b: Malamar|60\/100\n|-damage|p2b: Slaking|0 fnt|[from] item: Life Orb\n|faint|p2b: Slaking\n|move|p1b: Malamar|Knock Off|p2a: Weezing\n|-damage|p2a: Weezing|9\/100\n|-enditem|p2a: Weezing|Heavy-Duty Boots|[from] move: Knock Off|[of] p1b: Malamar\n|move|p2a: Weezing|Strange Steam|p1b: Malamar\n|-supereffective|p1b: Malamar\n|-damage|p1b: Malamar|1\/100\n|move|p1a: Garganacl|Salt Cure|p2a: Weezing\n|-supereffective|p2a: Weezing\n|-damage|p2a: Weezing|0 fnt\n|faint|p2a: Weezing\n|-end|p2a: Weezing|ability: Neutralizing Gas\n|\n|win|Squarelace420\n|raw|Squarelace420's rating: 1057 &rarr; <strong>1103<\/strong><br \/>(+46 for winning)\n|raw|RocaCama's rating: 1224 &rarr; <strong>1188<\/strong><br \/>(-36 for losing)\n","uploadtime":1697040412,"views":4,"p1id":"squarelace420","p2id":"rocacama","formatid":"gen9nationaldexdoubles","rating":1103,"private":0,"password":""}