{"id":"gen9nationaldexdoubles-1978517227","p1":"Redzone92","p2":"Pint Sized Kiwi","format":"[Gen 9] National Dex Doubles","log":"|j|\u2606Redzone92\n|j|\u2606Pint Sized Kiwi\n|t:|1698549423\n|gametype|doubles\n|player|p1|Redzone92|alder|1163\n|player|p2|Pint Sized Kiwi|fisherman|1000\n|teamsize|p1|6\n|teamsize|p2|6\n|gen|9\n|tier|[Gen 9] National Dex Doubles\n|rated|\n|rule|HP Percentage Mod: HP is shown in percentages\n|rule|Endless Battle Clause: Forcing endless battles is banned\n|rule|OHKO Clause: OHKO moves are banned\n|rule|Evasion Moves Clause: Evasion moves are banned\n|rule|Evasion Abilities Clause: Evasion abilities are banned\n|rule|Species Clause: Limit one of each Pok\u00e9mon\n|rule|Gravity Sleep Clause: The combination of sleep-inducing moves with imperfect accuracy and Gravity or Gigantamax Orbeetle are banned\n|clearpoke\n|poke|p1|Chimecho, F|\n|poke|p1|Blastoise, M|\n|poke|p1|Indeedee-F, F|\n|poke|p1|Lurantis, F|\n|poke|p1|Magcargo, F|\n|poke|p1|Kingambit, M|\n|poke|p2|Goodra, M|\n|poke|p2|Porygon-Z|\n|poke|p2|Sudowoodo, F|\n|poke|p2|Umbreon, F|\n|poke|p2|Carnivine, M|\n|poke|p2|Lycanroc, F|\n|teampreview\n|\n|t:|1698549434\n|start\n|switch|p1a: Chimecho|Chimecho, F|100\/100\n|switch|p1b: Blastoise|Blastoise, M|100\/100\n|switch|p2a: Mathew|Sudowoodo, F|100\/100\n|switch|p2b: Seymour|Carnivine, M|100\/100\n|turn|1\n|j| GoDDanteX\n|\n|t:|1698549451\n|switch|p2a: Vari|Porygon-Z|100\/100\n|-terastallize|p1b: Blastoise|Grass\n|move|p1b: Blastoise|Substitute|p1b: Blastoise\n|-start|p1b: Blastoise|Substitute\n|-damage|p1b: Blastoise|76\/100\n|move|p2b: Seymour|Substitute|p2b: Seymour\n|-start|p2b: Seymour|Substitute\n|-damage|p2b: Seymour|76\/100\n|move|p1a: Chimecho|Cosmic Power|p1a: Chimecho\n|-boost|p1a: Chimecho|def|1\n|-boost|p1a: Chimecho|spd|1\n|\n|-heal|p2b: Seymour|82\/100|[from] item: Leftovers\n|upkeep\n|turn|2\n|\n|t:|1698549483\n|move|p2a: Vari|Blizzard|p1a: Chimecho|[spread] p1a,p1b\n|-supereffective|p1b: Blastoise\n|-end|p1b: Blastoise|Substitute\n|-damage|p1a: Chimecho|85\/100\n|move|p1b: Blastoise|Yawn|p2a: Vari\n|-start|p2a: Vari|move: Yawn|[of] p1b: Blastoise\n|move|p2b: Seymour|Leech Seed|p1a: Chimecho\n|-start|p1a: Chimecho|move: Leech Seed\n|move|p1a: Chimecho|Cosmic Power|p1a: Chimecho\n|-boost|p1a: Chimecho|def|1\n|-boost|p1a: Chimecho|spd|1\n|\n|-heal|p2b: Seymour|88\/100|[from] item: Leftovers\n|-heal|p1a: Chimecho|91\/100|[from] item: Leftovers\n|-damage|p1a: Chimecho|79\/100|[from] Leech Seed|[of] p2b: Seymour\n|-heal|p2b: Seymour|100\/100|[silent]\n|upkeep\n|turn|3\n|\n|t:|1698549517\n|switch|p2a: Casper|Umbreon, F, shiny|100\/100\n|move|p1b: Blastoise|Scald|p2b: Seymour\n|-resisted|p2b: Seymour\n|-activate|p2b: Seymour|move: Substitute|[damage]\n|move|p2b: Seymour|Stun Spore|p1b: Blastoise\n|-immune|p1b: Blastoise\n|move|p1a: Chimecho|Baton Pass|p1a: Chimecho\n|\n|t:|1698549529\n|switch|p1a: Lurantis|Lurantis, F|100\/100|[from] Baton Pass\n|\n|-damage|p1a: Lurantis|88\/100|[from] Leech Seed|[of] p2b: Seymour\n|upkeep\n|turn|4\n|\n|t:|1698549549\n|move|p2a: Casper|Calm Mind|p2a: Casper\n|-boost|p2a: Casper|spa|1\n|-boost|p2a: Casper|spd|1\n|move|p1b: Blastoise|Scald|p2b: Seymour\n|-resisted|p2b: Seymour\n|-end|p2b: Seymour|Substitute\n|move|p2b: Seymour|Power Whip|p1a: Lurantis\n|-resisted|p1a: Lurantis\n|-damage|p1a: Lurantis|76\/100\n|move|p1a: Lurantis|Superpower|p2a: Casper\n|-supereffective|p2a: Casper\n|-damage|p2a: Casper|26\/100\n|-boost|p1a: Lurantis|atk|1\n|-boost|p1a: Lurantis|def|1\n|-damage|p1a: Lurantis|60\/100|[from] item: Rocky Helmet|[of] p2a: Casper\n|\n|-damage|p1a: Lurantis|47\/100|[from] Leech Seed|[of] p2b: Seymour\n|upkeep\n|turn|5\n|\n|t:|1698549572\n|move|p2a: Casper|Baton Pass|p2a: Casper\n|\n|t:|1698549578\n|switch|p2a: Vari|Porygon-Z|100\/100|[from] Baton Pass\n|move|p1b: Blastoise|Scald|p2a: Vari\n|-damage|p2a: Vari|83\/100\n|move|p2b: Seymour|Substitute|p2b: Seymour\n|-start|p2b: Seymour|Substitute\n|-damage|p2b: Seymour|76\/100\n|move|p1a: Lurantis|Knock Off|p2b: Seymour\n|-end|p2b: Seymour|Substitute\n|\n|-heal|p2b: Seymour|82\/100|[from] item: Leftovers\n|-damage|p1a: Lurantis|35\/100|[from] Leech Seed|[of] p2b: Seymour\n|-heal|p2b: Seymour|97\/100|[silent]\n|upkeep\n|turn|6\n|\n|t:|1698549594\n|move|p2a: Vari|Blizzard|p1a: Lurantis|[spread] p1a\n|-miss|p2a: Vari|p1b: Blastoise\n|-supereffective|p1a: Lurantis\n|-damage|p1a: Lurantis|0 fnt\n|faint|p1a: Lurantis\n|move|p1b: Blastoise|Yawn|p2a: Vari\n|-start|p2a: Vari|move: Yawn|[of] p1b: Blastoise\n|move|p2b: Seymour|Substitute|p2b: Seymour\n|-start|p2b: Seymour|Substitute\n|-damage|p2b: Seymour|72\/100\n|\n|-heal|p2b: Seymour|78\/100|[from] item: Leftovers\n|upkeep\n|\n|t:|1698549606\n|switch|p1a: Magcargo|Magcargo, F|100\/100\n|turn|7\n|\n|t:|1698549629\n|switch|p2a: Drake|Goodra, M|100\/100\n|move|p1b: Blastoise|Scald|p2a: Drake\n|-resisted|p2a: Drake\n|-damage|p2a: Drake|92\/100\n|-status|p2a: Drake|brn\n|move|p2b: Seymour|Leech Seed|p1a: Magcargo\n|-start|p1a: Magcargo|move: Leech Seed\n|move|p1a: Magcargo|Heat Wave|p2b: Seymour|[spread] p2a\n|-miss|p1a: Magcargo|p2b: Seymour\n|-resisted|p2a: Drake\n|-damage|p2a: Drake|79\/100 brn\n|\n|-heal|p2a: Drake|85\/100 brn|[from] item: Leftovers\n|-heal|p2b: Seymour|84\/100|[from] item: Leftovers\n|-damage|p1a: Magcargo|88\/100|[from] Leech Seed|[of] p2b: Seymour\n|-heal|p2b: Seymour|95\/100|[silent]\n|-damage|p2a: Drake|79\/100 brn|[from] brn\n|upkeep\n|turn|8\n|\n|t:|1698549662\n|move|p2a: Drake|Rain Dance|p2a: Drake\n|-weather|RainDance\n|move|p1b: Blastoise|Scald|p2a: Drake\n|-resisted|p2a: Drake\n|-damage|p2a: Drake|66\/100 brn\n|move|p2b: Seymour|Stun Spore|p1a: Magcargo\n|-status|p1a: Magcargo|par\n|cant|p1a: Magcargo|par\n|\n|-weather|RainDance|[upkeep]\n|-heal|p2a: Drake|72\/100 brn|[from] item: Leftovers\n|-heal|p2b: Seymour|100\/100|[from] item: Leftovers\n|-damage|p1a: Magcargo|76\/100 par|[from] Leech Seed|[of] p2b: Seymour\n|-damage|p2a: Drake|66\/100 brn|[from] brn\n|upkeep\n|turn|9\n|\n|t:|1698549691\n|move|p1b: Blastoise|Follow Me|p1b: Blastoise\n|-singleturn|p1b: Blastoise|move: Follow Me\n|move|p2a: Drake|Weather Ball|p1b: Blastoise\n|-resisted|p1b: Blastoise\n|-damage|p1b: Blastoise|55\/100\n|move|p2b: Seymour|Stun Spore|p1b: Blastoise\n|-immune|p1b: Blastoise\n|move|p1a: Magcargo|Heat Wave|p2a: Drake|[spread] p2a,p2b\n|-supereffective|p2b: Seymour\n|-end|p2b: Seymour|Substitute\n|-resisted|p2a: Drake\n|-damage|p2a: Drake|60\/100 brn\n|\n|-weather|RainDance|[upkeep]\n|-heal|p2a: Drake|67\/100 brn|[from] item: Leftovers\n|-damage|p1a: Magcargo|64\/100 par|[from] Leech Seed|[of] p2b: Seymour\n|-damage|p2a: Drake|60\/100 brn|[from] brn\n|upkeep\n|turn|10\n|\n|t:|1698549711\n|move|p1b: Blastoise|Follow Me|p1b: Blastoise\n|-singleturn|p1b: Blastoise|move: Follow Me\n|move|p2a: Drake|Flamethrower|p1b: Blastoise\n|-supereffective|p1b: Blastoise\n|-damage|p1b: Blastoise|32\/100\n|move|p2b: Seymour|Substitute|p2b: Seymour\n|-start|p2b: Seymour|Substitute\n|-damage|p2b: Seymour|76\/100\n|move|p1a: Magcargo|Heat Wave|p2a: Drake|[spread] p2a,p2b\n|-supereffective|p2b: Seymour\n|-end|p2b: Seymour|Substitute\n|-resisted|p2a: Drake\n|-damage|p2a: Drake|54\/100 brn\n|\n|-weather|RainDance|[upkeep]\n|-heal|p2a: Drake|60\/100 brn|[from] item: Leftovers\n|-heal|p2b: Seymour|82\/100|[from] item: Leftovers\n|-damage|p1a: Magcargo|52\/100 par|[from] Leech Seed|[of] p2b: Seymour\n|-heal|p2b: Seymour|93\/100|[silent]\n|-damage|p2a: Drake|54\/100 brn|[from] brn\n|upkeep\n|turn|11\n|\n|t:|1698549745\n|move|p2a: Drake|Flamethrower|p1b: Blastoise\n|-supereffective|p1b: Blastoise\n|-damage|p1b: Blastoise|10\/100\n|-enditem|p1b: Blastoise|Aguav Berry|[eat]\n|-heal|p1b: Blastoise|43\/100|[from] item: Aguav Berry\n|move|p1b: Blastoise|Yawn|p2b: Seymour\n|-start|p2b: Seymour|move: Yawn|[of] p1b: Blastoise\n|move|p2b: Seymour|Substitute|p2b: Seymour\n|-start|p2b: Seymour|Substitute\n|-damage|p2b: Seymour|68\/100\n|move|p1a: Magcargo|Heat Wave|p2a: Drake|[spread] p2a,p2b\n|-supereffective|p2b: Seymour\n|-end|p2b: Seymour|Substitute\n|-resisted|p2a: Drake\n|-damage|p2a: Drake|48\/100 brn\n|\n|-weather|RainDance|[upkeep]\n|-heal|p2a: Drake|54\/100 brn|[from] item: Leftovers\n|-heal|p2b: Seymour|74\/100|[from] item: Leftovers\n|-damage|p1a: Magcargo|39\/100 par|[from] Leech Seed|[of] p2b: Seymour\n|-heal|p2b: Seymour|85\/100|[silent]\n|-damage|p2a: Drake|48\/100 brn|[from] brn\n|upkeep\n|turn|12\n|\n|t:|1698549786\n|switch|p2b: Vari|Porygon-Z|83\/100\n|move|p2a: Drake|Hydro Pump|p1a: Magcargo\n|-supereffective|p1a: Magcargo\n|-damage|p1a: Magcargo|0 fnt\n|faint|p1a: Magcargo\n|move|p1b: Blastoise|Substitute|p1b: Blastoise\n|-start|p1b: Blastoise|Substitute\n|-damage|p1b: Blastoise|18\/100\n|\n|-weather|none\n|-heal|p2a: Drake|54\/100 brn|[from] item: Leftovers\n|-damage|p2a: Drake|48\/100 brn|[from] brn\n|upkeep\n|\n|t:|1698549799\n|switch|p1a: Chimecho|Chimecho, F|79\/100\n|turn|13\n|\n|t:|1698549820\n|move|p2b: Vari|Blizzard|p1a: Chimecho|[spread] p1a,p1b\n|-supereffective|p1b: Blastoise\n|-end|p1b: Blastoise|Substitute\n|-damage|p1a: Chimecho|56\/100\n|move|p2a: Drake|Rain Dance|p2a: Drake\n|-weather|RainDance\n|move|p1b: Blastoise|Scald|p2b: Vari\n|-damage|p2b: Vari|24\/100\n|move|p1a: Chimecho|Cosmic Power|p1a: Chimecho\n|-boost|p1a: Chimecho|def|1\n|-boost|p1a: Chimecho|spd|1\n|\n|-weather|RainDance|[upkeep]\n|-heal|p2a: Drake|54\/100 brn|[from] item: Leftovers\n|-heal|p1a: Chimecho|62\/100|[from] item: Leftovers\n|-damage|p2a: Drake|48\/100 brn|[from] brn\n|upkeep\n|turn|14\n|\n|t:|1698549851\n|move|p2b: Vari|Psyshock|p1a: Chimecho\n|-resisted|p1a: Chimecho\n|-damage|p1a: Chimecho|54\/100\n|move|p2a: Drake|Hydro Pump|p1b: Blastoise\n|-resisted|p1b: Blastoise\n|-damage|p1b: Blastoise|0 fnt\n|faint|p1b: Blastoise\n|move|p1a: Chimecho|Cosmic Power|p1a: Chimecho\n|-boost|p1a: Chimecho|def|1\n|-boost|p1a: Chimecho|spd|1\n|\n|-weather|RainDance|[upkeep]\n|-heal|p2a: Drake|54\/100 brn|[from] item: Leftovers\n|-heal|p1a: Chimecho|60\/100|[from] item: Leftovers\n|-damage|p2a: Drake|48\/100 brn|[from] brn\n|upkeep\n|\n|t:|1698549867\n|switch|p1b: Indeedee|Indeedee-F, F|100\/100\n|-fieldstart|move: Psychic Terrain|[from] ability: Psychic Surge|[of] p1b: Indeedee\n|turn|15\n|\n|t:|1698549883\n|move|p2b: Vari|Discharge|p1b: Indeedee|[spread] p2a,p1a,p1b\n|-resisted|p2a: Drake\n|-damage|p2a: Drake|42\/100 brn\n|-damage|p1a: Chimecho|51\/100\n|-damage|p1b: Indeedee|87\/100\n|-status|p1a: Chimecho|par\n|-enditem|p1b: Indeedee|Eject Button\n|\n|t:|1698549891\n|switch|p1b: Kingambit|Kingambit, M|100\/100\n|-activate|p1b: Kingambit|ability: Supreme Overlord\n|-start|p1b: Kingambit|fallen3|[silent]\n|move|p2a: Drake|Hydro Pump|p1a: Chimecho\n|-damage|p1a: Chimecho|29\/100 par\n|move|p1a: Chimecho|Cosmic Power|p1a: Chimecho\n|-boost|p1a: Chimecho|def|1\n|-boost|p1a: Chimecho|spd|1\n|\n|-weather|RainDance|[upkeep]\n|-heal|p2a: Drake|48\/100 brn|[from] item: Leftovers\n|-heal|p1a: Chimecho|35\/100 par|[from] item: Leftovers\n|-damage|p2a: Drake|42\/100 brn|[from] brn\n|upkeep\n|turn|16\n|\n|t:|1698549914\n|-end|p1b: Kingambit|fallen3|[silent]\n|switch|p1b: Indeedee|Indeedee-F, F|87\/100\n|move|p2b: Vari|Blizzard|p1b: Indeedee|[spread] p1a,p1b\n|-damage|p1a: Chimecho|26\/100 par\n|-damage|p1b: Indeedee|69\/100\n|move|p2a: Drake|Flamethrower|p1b: Indeedee\n|-damage|p1b: Indeedee|60\/100\n|move|p1a: Chimecho|Recover|p1a: Chimecho\n|-heal|p1a: Chimecho|76\/100 par\n|\n|-weather|RainDance|[upkeep]\n|-heal|p2a: Drake|48\/100 brn|[from] item: Leftovers\n|-heal|p1a: Chimecho|82\/100 par|[from] item: Leftovers\n|-damage|p2a: Drake|42\/100 brn|[from] brn\n|upkeep\n|turn|17\n|\n|t:|1698549944\n|switch|p2b: Opal|Lycanroc, F|100\/100\n|move|p2a: Drake|Hydro Pump|p1b: Indeedee\n|-damage|p1b: Indeedee|25\/100\n|move|p1b: Indeedee|Aromatherapy|p1b: Indeedee\n|-activate|p1b: Indeedee|move: Aromatherapy\n|-curestatus|p1a: Chimecho|par|[msg]\n|move|p1a: Chimecho|Cosmic Power|p1a: Chimecho\n|-boost|p1a: Chimecho|def|1\n|-boost|p1a: Chimecho|spd|1\n|\n|-weather|none\n|-heal|p2a: Drake|48\/100 brn|[from] item: Leftovers\n|-heal|p1a: Chimecho|88\/100|[from] item: Leftovers\n|-damage|p2a: Drake|42\/100 brn|[from] brn\n|upkeep\n|turn|18\n|\n|t:|1698549993\n|move|p2b: Opal|Play Rough|p1a: Chimecho\n|-damage|p1a: Chimecho|80\/100\n|-unboost|p1a: Chimecho|atk|1\n|move|p2a: Drake|Rain Dance|p2a: Drake\n|-weather|RainDance\n|move|p1b: Indeedee|Expanding Force|p2b: Opal|[spread] p2a,p2b\n|-damage|p2a: Drake|15\/100 brn\n|-damage|p2b: Opal|43\/100\n|move|p1a: Chimecho|Stored Power|p2b: Opal\n|-damage|p2b: Opal|0 fnt\n|faint|p2b: Opal\n|\n|-weather|RainDance|[upkeep]\n|-heal|p2a: Drake|22\/100 brn|[from] item: Leftovers\n|-heal|p1a: Chimecho|86\/100|[from] item: Leftovers\n|-damage|p2a: Drake|15\/100 brn|[from] brn\n|upkeep\n|\n|t:|1698550009\n|switch|p2b: Seymour|Carnivine, M|85\/100\n|turn|19\n|\n|t:|1698550020\n|move|p2a: Drake|Hydro Pump|p1b: Indeedee\n|-damage|p1b: Indeedee|0 fnt\n|faint|p1b: Indeedee\n|move|p2b: Seymour|Substitute|p2b: Seymour\n|-start|p2b: Seymour|Substitute\n|-damage|p2b: Seymour|60\/100\n|move|p1a: Chimecho|Stored Power|p2b: Seymour\n|-end|p2b: Seymour|Substitute\n|\n|-weather|RainDance|[upkeep]\n|-heal|p2a: Drake|22\/100 brn|[from] item: Leftovers\n|-heal|p2b: Seymour|67\/100|[from] item: Leftovers\n|-heal|p1a: Chimecho|93\/100|[from] item: Leftovers\n|-damage|p2a: Drake|15\/100 brn|[from] brn\n|-fieldend|move: Psychic Terrain\n|upkeep\n|\n|t:|1698550033\n|switch|p1b: Kingambit|Kingambit, M|100\/100\n|-activate|p1b: Kingambit|ability: Supreme Overlord\n|-start|p1b: Kingambit|fallen4|[silent]\n|turn|20\n|\n|t:|1698550049\n|move|p2a: Drake|Flamethrower|p1b: Kingambit\n|-supereffective|p1b: Kingambit\n|-damage|p1b: Kingambit|73\/100\n|move|p2b: Seymour|Stun Spore|p1b: Kingambit|[miss]\n|-miss|p2b: Seymour|p1b: Kingambit\n|move|p1a: Chimecho|Stored Power|p2b: Seymour\n|-damage|p2b: Seymour|0 fnt\n|faint|p2b: Seymour\n|move|p1b: Kingambit|Kowtow Cleave|p2a: Drake\n|-damage|p2a: Drake|0 fnt\n|-ability|p2a: Drake|Gooey\n|-unboost|p1b: Kingambit|spe|1\n|faint|p2a: Drake\n|-damage|p1b: Kingambit|63\/100|[from] item: Life Orb\n|\n|-weather|RainDance|[upkeep]\n|-heal|p1a: Chimecho|99\/100|[from] item: Leftovers\n|upkeep\n|\n|t:|1698550068\n|switch|p2a: Casper|Umbreon, F, shiny|26\/100\n|switch|p2b: Mathew|Sudowoodo, F|100\/100\n|turn|21\n|\n|t:|1698550089\n|move|p2a: Casper|Calm Mind|p2a: Casper\n|-boost|p2a: Casper|spa|1\n|-boost|p2a: Casper|spd|1\n|move|p1a: Chimecho|Stored Power|p2b: Mathew\n|-damage|p2b: Mathew|0 fnt\n|faint|p2b: Mathew\n|move|p1b: Kingambit|Iron Head|p2a: Casper\n|-damage|p2a: Casper|0 fnt\n|-damage|p1b: Kingambit|46\/100|[from] item: Rocky Helmet|[of] p2a: Casper\n|faint|p2a: Casper\n|-damage|p1b: Kingambit|36\/100|[from] item: Life Orb\n|\n|-weather|RainDance|[upkeep]\n|-heal|p1a: Chimecho|100\/100|[from] item: Leftovers\n|upkeep\n|\n|t:|1698550101\n|switch|p2a: Vari|Porygon-Z|24\/100\n|turn|22\n|\n|t:|1698550113\n|move|p2a: Vari|Discharge|p1b: Kingambit|[spread] p1a,p1b\n|-damage|p1a: Chimecho|94\/100\n|-damage|p1b: Kingambit|14\/100\n|move|p1a: Chimecho|Stored Power|p2a: Vari\n|-damage|p2a: Vari|0 fnt\n|faint|p2a: Vari\n|\n|win|Redzone92\n|raw|Redzone92's rating: 1163 &rarr; <strong>1177<\/strong><br \/>(+14 for winning)\n|raw|Pint Sized Kiwi's rating: 1000 &rarr; <strong>1000<\/strong><br \/>(+0 for losing)\n|c|\u2606Redzone92|im sorry this is just cancer\n|l|\u2606Pint Sized Kiwi\n","uploadtime":1698550135,"views":21,"p1id":"redzone92","p2id":"pintsizedkiwi","formatid":"gen9nationaldexdoubles","rating":1000,"private":0,"password":""}