{"id":"gen9nationaldexdoubles-1997194606","p1":"Holfrost","p2":"thatsrealnito2","format":"[Gen 9] National Dex Doubles","log":"|j|\u2606Holfrost\n|j|\u2606thatsrealnito2\n|t:|1700774260\n|gametype|doubles\n|player|p1|Holfrost|ghetsis|\n|player|p2|thatsrealnito2|iris-gen5bw2|\n|teamsize|p1|6\n|teamsize|p2|6\n|gen|9\n|tier|[Gen 9] National Dex Doubles\n|rule|HP Percentage Mod: HP is shown in percentages\n|rule|Endless Battle Clause: Forcing endless battles is banned\n|rule|OHKO Clause: OHKO moves are banned\n|rule|Evasion Moves Clause: Evasion moves are banned\n|rule|Evasion Abilities Clause: Evasion abilities are banned\n|rule|Species Clause: Limit one of each Pok\u00e9mon\n|rule|Gravity Sleep Clause: The combination of sleep-inducing moves with imperfect accuracy and Gravity or Gigantamax Orbeetle are banned\n|clearpoke\n|poke|p1|Alakazam, M|\n|poke|p1|Buzzwole|\n|poke|p1|Rhyperior, F|\n|poke|p1|Articuno-Galar|\n|poke|p1|Tyranitar, F|\n|poke|p1|Houndstone, M|\n|poke|p2|Lycanroc-Dusk, M|\n|poke|p2|Palossand, M|\n|poke|p2|Scrafty, M|\n|poke|p2|Garbodor, M|\n|poke|p2|Farigiraf, M|\n|poke|p2|Ninjask, M|\n|teampreview\n|\n|t:|1700774455\n|start\n|switch|p1a: Alakazam|Alakazam, M|100\/100\n|switch|p1b: Buzzwole|Buzzwole|100\/100\n|switch|p2a: Two Bros|Farigiraf, M|100\/100\n|switch|p2b: Trash man|Garbodor, M, shiny|100\/100\n|turn|1\n|\n|t:|1700774507\n|move|p1a: Alakazam|Nasty Plot|p1a: Alakazam\n|-boost|p1a: Alakazam|spa|2\n|move|p1b: Buzzwole|Close Combat|p2a: Two Bros\n|-damage|p2a: Two Bros|44\/100\n|-unboost|p1b: Buzzwole|def|1\n|-unboost|p1b: Buzzwole|spd|1\n|-enditem|p2a: Two Bros|Sitrus Berry|[eat]\n|-heal|p2a: Two Bros|69\/100|[from] item: Sitrus Berry\n|move|p2b: Trash man|Toxic Spikes|p1b: Buzzwole\n|-sidestart|p1: Holfrost|move: Toxic Spikes\n|move|p2a: Two Bros|Trick Room|p2a: Two Bros\n|-fieldstart|move: Trick Room|[of] p2a: Two Bros\n|\n|upkeep\n|turn|2\n|\n|t:|1700774555\n|-terastallize|p1a: Alakazam|Psychic\n|move|p2a: Two Bros|Psychic|p1b: Buzzwole\n|-supereffective|p1b: Buzzwole\n|-damage|p1b: Buzzwole|0 fnt\n|faint|p1b: Buzzwole\n|move|p2b: Trash man|Gunk Shot|p1a: Alakazam|[miss]\n|-miss|p2b: Trash man|p1a: Alakazam\n|move|p1a: Alakazam|Psychic|p2b: Trash man\n|-supereffective|p2b: Trash man\n|-damage|p2b: Trash man|0 fnt\n|faint|p2b: Trash man\n|\n|upkeep\n|\n|t:|1700774591\n|switch|p2b: Sandy|Palossand, M, shiny|100\/100\n|switch|p1b: Tyranitar|Tyranitar, F|100\/100\n|-status|p1b: Tyranitar|psn\n|-weather|Sandstorm|[from] ability: Sand Stream|[of] p1b: Tyranitar\n|turn|3\n|\n|t:|1700774617\n|detailschange|p1b: Tyranitar|Tyranitar-Mega, F\n|-mega|p1b: Tyranitar|Tyranitar|Tyranitarite\n|move|p2b: Sandy|Shadow Ball|p1a: Alakazam\n|-supereffective|p1a: Alakazam\n|-damage|p1a: Alakazam|17\/100\n|move|p2a: Two Bros|Tera Blast|p1b: Tyranitar\n|-resisted|p1b: Tyranitar\n|-damage|p1b: Tyranitar|88\/100 psn\n|move|p1b: Tyranitar|Dragon Dance|p1b: Tyranitar\n|-boost|p1b: Tyranitar|atk|1\n|-boost|p1b: Tyranitar|spe|1\n|move|p1a: Alakazam|Psychic|p2b: Sandy\n|-damage|p2b: Sandy|0 fnt\n|faint|p2b: Sandy\n|\n|-weather|Sandstorm|[upkeep]\n|-damage|p2a: Two Bros|63\/100|[from] Sandstorm\n|-damage|p1b: Tyranitar|76\/100 psn|[from] psn\n|upkeep\n|\n|t:|1700774636\n|switch|p2b: Skull|Scrafty, M|100\/100\n|turn|4\n|\n|t:|1700774660\n|switch|p1a: Articuno|Articuno-Galar|100\/100\n|move|p2a: Two Bros|Protect|p2a: Two Bros\n|-singleturn|p2a: Two Bros|Protect\n|move|p2b: Skull|Drain Punch|p1b: Tyranitar\n|-supereffective|p1b: Tyranitar\n|-damage|p1b: Tyranitar|13\/100 psn\n|move|p1b: Tyranitar|Stone Edge|p2a: Two Bros\n|-activate|p2a: Two Bros|move: Protect\n|\n|-weather|Sandstorm|[upkeep]\n|-damage|p2a: Two Bros|57\/100|[from] Sandstorm\n|-damage|p2b: Skull|95\/100|[from] Sandstorm\n|-damage|p1a: Articuno|94\/100|[from] Sandstorm\n|-heal|p2b: Skull|100\/100|[from] item: Leftovers\n|-damage|p1b: Tyranitar|0 fnt|[from] psn\n|faint|p1b: Tyranitar\n|upkeep\n|\n|t:|1700774681\n|switch|p1b: Rhyperior|Rhyperior, F|100\/100\n|-status|p1b: Rhyperior|psn\n|turn|5\n|\n|t:|1700774721\n|-terastallize|p2a: Two Bros|Fairy\n|move|p1b: Rhyperior|Earthquake|p2a: Two Bros|[spread] p2a,p2b\n|-immune|p1a: Articuno\n|-damage|p2a: Two Bros|19\/100\n|-damage|p2b: Skull|65\/100\n|move|p2a: Two Bros|Tera Blast|p1b: Rhyperior|[anim] Tera Blast Fairy\n|-damage|p1b: Rhyperior|73\/100 psn\n|move|p2b: Skull|Knock Off|p1a: Articuno\n|-supereffective|p1a: Articuno\n|-damage|p1a: Articuno|48\/100\n|-zpower|p1a: Articuno\n|move|p1a: Articuno|Supersonic Skystrike|p2b: Skull|[zeffect]\n|-supereffective|p2b: Skull\n|-damage|p2b: Skull|0 fnt\n|faint|p2b: Skull\n|\n|-weather|Sandstorm|[upkeep]\n|-damage|p2a: Two Bros|12\/100|[from] Sandstorm\n|-damage|p1a: Articuno|41\/100|[from] Sandstorm\n|-damage|p1b: Rhyperior|61\/100 psn|[from] psn\n|-fieldend|move: Trick Room\n|upkeep\n|\n|t:|1700774741\n|switch|p2b: Pebbles|Lycanroc-Dusk, M|100\/100\n|turn|6\n|\n|t:|1700774793\n|move|p2a: Two Bros|Protect|p2a: Two Bros\n|-singleturn|p2a: Two Bros|Protect\n|move|p2b: Pebbles|Crunch|p1a: Articuno\n|-supereffective|p1a: Articuno\n|-damage|p1a: Articuno|0 fnt\n|faint|p1a: Articuno\n|move|p1b: Rhyperior|Earthquake|p2b: Pebbles|[spread] p2b\n|-activate|p2a: Two Bros|move: Protect\n|-supereffective|p2b: Pebbles\n|-damage|p2b: Pebbles|0 fnt\n|faint|p2b: Pebbles\n|\n|-weather|Sandstorm|[upkeep]\n|-damage|p2a: Two Bros|6\/100|[from] Sandstorm\n|-damage|p1b: Rhyperior|48\/100 psn|[from] psn\n|upkeep\n|\n|t:|1700774807\n|switch|p2b: Nuggut|Ninjask, M, shiny|100\/100\n|switch|p1a: Alakazam|Alakazam, M, tera:Psychic|17\/100\n|-status|p1a: Alakazam|psn\n|turn|7\n|\n|t:|1700774845\n|move|p2b: Nuggut|Dig||[still]\n|-prepare|p2b: Nuggut|Dig\n|move|p1a: Alakazam|Psychic|p2b: Nuggut|[miss]\n|-miss|p1a: Alakazam|p2b: Nuggut\n|move|p2a: Two Bros|Psychic|p1b: Rhyperior\n|-damage|p1b: Rhyperior|19\/100 psn\n|move|p1b: Rhyperior|Stone Edge|p2a: Two Bros\n|-crit|p2a: Two Bros\n|-damage|p2a: Two Bros|0 fnt\n|faint|p2a: Two Bros\n|\n|-weather|none\n|-damage|p1b: Rhyperior|6\/100 psn|[from] psn\n|-ability|p2b: Nuggut|Speed Boost|boost\n|-boost|p2b: Nuggut|spe|1\n|upkeep\n|turn|8\n|\n|t:|1700774864\n|move|p2b: Nuggut|Dig|p1a: Alakazam|[from]lockedmove\n|-damage|p1a: Alakazam|0 fnt\n|faint|p1a: Alakazam\n|move|p1b: Rhyperior|Earthquake|p2b: Nuggut\n|-immune|p2b: Nuggut\n|\n|-damage|p1b: Rhyperior|0 fnt|[from] psn\n|faint|p1b: Rhyperior\n|-ability|p2b: Nuggut|Speed Boost|boost\n|-boost|p2b: Nuggut|spe|1\n|upkeep\n|\n|t:|1700774876\n|switch|p1b: Houndstone|Houndstone, M|100\/100\n|-status|p1b: Houndstone|psn\n|turn|9\n|\n|t:|1700774886\n|move|p2b: Nuggut|Dig||[still]\n|-prepare|p2b: Nuggut|Dig\n|move|p1b: Houndstone|Last Respects|p2b: Nuggut|[miss]\n|-miss|p1b: Houndstone|p2b: Nuggut\n|\n|-damage|p1b: Houndstone|88\/100 psn|[from] psn\n|-ability|p2b: Nuggut|Speed Boost|boost\n|-boost|p2b: Nuggut|spe|1\n|upkeep\n|turn|10\n|\n|t:|1700774896\n|move|p2b: Nuggut|Dig|p1b: Houndstone|[from]lockedmove\n|-damage|p1b: Houndstone|60\/100 psn\n|move|p1b: Houndstone|Last Respects|p2b: Nuggut\n|-damage|p2b: Nuggut|0 fnt\n|faint|p2b: Nuggut\n|\n|win|Holfrost\n","uploadtime":1700774911,"views":1,"p1id":"holfrost","p2id":"thatsrealnito2","formatid":"gen9nationaldexdoubles","rating":0,"private":0,"password":""}