{"id":"gen9nationaldexdoubles-1993119028","p1":"cassndra","p2":"The MB12","format":"[Gen 9] National Dex Doubles","log":"|j|\u2606cassndra\n|j|\u2606The MB12\n|t:|1700266997\n|gametype|doubles\n|player|p1|cassndra|lisia|\n|player|p2|The MB12|hilbert|\n|teamsize|p1|6\n|teamsize|p2|6\n|gen|9\n|tier|[Gen 9] National Dex Doubles\n|rule|HP Percentage Mod: HP is shown in percentages\n|rule|Endless Battle Clause: Forcing endless battles is banned\n|rule|OHKO Clause: OHKO moves are banned\n|rule|Evasion Moves Clause: Evasion moves are banned\n|rule|Evasion Abilities Clause: Evasion abilities are banned\n|rule|Species Clause: Limit one of each Pok\u00e9mon\n|rule|Gravity Sleep Clause: The combination of sleep-inducing moves with imperfect accuracy and Gravity or Gigantamax Orbeetle are banned\n|clearpoke\n|poke|p1|Pelipper, F|\n|poke|p1|Zapdos|\n|poke|p1|Keldeo-Resolute|\n|poke|p1|Milotic, F|\n|poke|p1|Ogerpon-Wellspring, F|\n|poke|p1|Gastrodon, F|\n|poke|p2|Snorlax, F|\n|poke|p2|Mew|\n|poke|p2|Tapu Koko|\n|poke|p2|Kyurem|\n|poke|p2|Tornadus-Therian, M|\n|poke|p2|Great Tusk|\n|teampreview\n|c|\u2606The MB12|ah fuck im getting rain teamed LOL\n|c|\u2606cassndra|imagine tho\n|\n|t:|1700267028\n|start\n|switch|p1a: The Postal Service|Pelipper, F|100\/100\n|switch|p1b: Cal Falcons|Zapdos|100\/100\n|switch|p2a: Snorlax|Snorlax, F|100\/100\n|switch|p2b: Mew|Mew|100\/100\n|-weather|RainDance|[from] ability: Drizzle|[of] p1a: The Postal Service\n|turn|1\n|c|\u2606cassndra|glhf\n|c|\u2606The MB12|gl hf\n|\n|t:|1700267054\n|move|p1b: Cal Falcons|Hurricane|p2a: Snorlax\n|-damage|p2a: Snorlax|64\/100\n|-start|p2a: Snorlax|confusion\n|move|p1a: The Postal Service|U-turn|p2b: Mew\n|-supereffective|p2b: Mew\n|-damage|p2b: Mew|90\/100\n|\n|t:|1700267065\n|switch|p1a: Kunik|Keldeo-Resolute|100\/100|[from] U-turn\n|-activate|p2a: Snorlax|confusion\n|move|p2a: Snorlax|Belly Drum|p2a: Snorlax\n|-damage|p2a: Snorlax|14\/100\n|-setboost|p2a: Snorlax|atk|6|[from] move: Belly Drum\n|-enditem|p2a: Snorlax|Sitrus Berry|[eat]\n|-heal|p2a: Snorlax|39\/100|[from] item: Sitrus Berry\n|move|p2b: Mew|Trick Room|p2b: Mew\n|-fieldstart|move: Trick Room|[of] p2b: Mew\n|\n|-weather|RainDance|[upkeep]\n|upkeep\n|turn|2\n|\n|t:|1700267081\n|-activate|p2a: Snorlax|confusion\n|-damage|p2a: Snorlax|0 fnt|[from] confusion\n|faint|p2a: Snorlax\n|move|p1b: Cal Falcons|Hurricane|p2b: Mew\n|-damage|p2b: Mew|36\/100\n|move|p2b: Mew|Transform|p2: Snorlax|[notarget]\n|-fail|p2b: Mew\n|move|p1a: Kunik|Secret Sword|p2b: Mew\n|-resisted|p2b: Mew\n|-damage|p2b: Mew|24\/100\n|\n|-weather|RainDance|[upkeep]\n|upkeep\n|c|\u2606The MB12|OH COME ON\n|c|\u2606cassndra|LMAO\n|c|\u2606cassndra|that was crazy\n|c|\u2606cassndra|im so sorry\n|c|\u2606The MB12|I HAD THE DUB NOOO\n|c|\u2606The MB12|its fiine\n|c|\u2606The MB12|winnable\n|c|\u2606cassndra|fs\n|\n|t:|1700267120\n|switch|p2a: Great Tusk|Great Tusk|100\/100\n|-enditem|p2a: Great Tusk|Booster Energy\n|-activate|p2a: Great Tusk|ability: Protosynthesis|[fromitem]\n|-start|p2a: Great Tusk|protosynthesisspe\n|turn|3\n|c|\u2606cassndra|godspeed\n|c|\u2606The MB12|not really but\n|c|\u2606The MB12|we will cook\n|\n|t:|1700267145\n|move|p2a: Great Tusk|Protect|p2a: Great Tusk\n|-singleturn|p2a: Great Tusk|Protect\n|move|p1b: Cal Falcons|Hurricane|p2b: Mew\n|-damage|p2b: Mew|0 fnt\n|faint|p2b: Mew\n|move|p1a: Kunik|Hydro Pump|p2a: Great Tusk\n|-activate|p2a: Great Tusk|move: Protect\n|\n|-weather|RainDance|[upkeep]\n|upkeep\n|\n|t:|1700267154\n|switch|p2b: Tornadus|Tornadus-Therian, M|100\/100\n|turn|4\n|\n|t:|1700267175\n|move|p2b: Tornadus|Protect|p2b: Tornadus\n|-singleturn|p2b: Tornadus|Protect\n|move|p1b: Cal Falcons|Thunder|p2b: Tornadus\n|-activate|p2b: Tornadus|move: Protect\n|move|p1a: Kunik|Hydro Pump|p2a: Great Tusk\n|-supereffective|p2a: Great Tusk\n|-damage|p2a: Great Tusk|0 fnt\n|faint|p2a: Great Tusk\n|-end|p2a: Great Tusk|Protosynthesis|[silent]\n|\n|-weather|RainDance|[upkeep]\n|upkeep\n|\n|t:|1700267185\n|switch|p2a: Kyurem|Kyurem|100\/100\n|-ability|p2a: Kyurem|Pressure\n|turn|5\n|\n|t:|1700267197\n|move|p2b: Tornadus|Protect||[still]\n|-fail|p2b: Tornadus\n|move|p1b: Cal Falcons|Thunder|p2b: Tornadus\n|-supereffective|p2b: Tornadus\n|-damage|p2b: Tornadus|0 fnt\n|faint|p2b: Tornadus\n|move|p2a: Kyurem|Freeze-Dry|p1a: Kunik\n|-supereffective|p1a: Kunik\n|-damage|p1a: Kunik|27\/100\n|move|p1a: Kunik|Secret Sword|p2a: Kyurem\n|-supereffective|p2a: Kyurem\n|-damage|p2a: Kyurem|30\/100\n|\n|-weather|RainDance|[upkeep]\n|-heal|p2a: Kyurem|37\/100|[from] item: Leftovers\n|-fieldend|move: Trick Room\n|upkeep\n|\n|t:|1700267200\n|switch|p2b: Tapu Koko|Tapu Koko|100\/100\n|-fieldstart|move: Electric Terrain|[from] ability: Electric Surge|[of] p2b: Tapu Koko\n|turn|6\n|\n|t:|1700267217\n|move|p2b: Tapu Koko|Discharge|p1b: Cal Falcons|[spread] p2a,p1a,p1b\n|-resisted|p2a: Kyurem\n|-crit|p2a: Kyurem\n|-supereffective|p1a: Kunik\n|-damage|p2a: Kyurem|17\/100\n|-damage|p1a: Kunik|0 fnt\n|-damage|p1b: Cal Falcons|71\/100\n|faint|p1a: Kunik\n|move|p2a: Kyurem|Freeze-Dry|p1b: Cal Falcons\n|-supereffective|p1b: Cal Falcons\n|-damage|p1b: Cal Falcons|12\/100\n|move|p1b: Cal Falcons|Hurricane|p2b: Tapu Koko\n|-resisted|p2b: Tapu Koko\n|-damage|p2b: Tapu Koko|55\/100\n|-start|p2b: Tapu Koko|confusion\n|\n|-weather|RainDance|[upkeep]\n|-heal|p2a: Kyurem|23\/100|[from] item: Leftovers\n|upkeep\n|c|\u2606The MB12|ANOTHER ONE\n|\n|t:|1700267244\n|switch|p1a: Friend :3|Gastrodon, F|100\/100\n|turn|7\n|\n|t:|1700267286\n|-activate|p2b: Tapu Koko|confusion\n|-damage|p2b: Tapu Koko|42\/100|[from] confusion\n|move|p2a: Kyurem|Freeze-Dry|p1a: Friend :3\n|-supereffective|p1a: Friend :3\n|-damage|p1a: Friend :3|22\/100\n|move|p1b: Cal Falcons|Thunder|p2a: Kyurem\n|-resisted|p2a: Kyurem\n|-damage|p2a: Kyurem|0 fnt\n|faint|p2a: Kyurem\n|move|p1a: Friend :3|Earth Power|p2b: Tapu Koko\n|-supereffective|p2b: Tapu Koko\n|-damage|p2b: Tapu Koko|0 fnt\n|faint|p2b: Tapu Koko\n|\n|win|cassndra\n|c|\u2606The MB12|gg\n|c|\u2606cassndra|ggs\n|c|\u2606The MB12|that hurrifusion\n|c|\u2606The MB12|rough :sob:\n|c|\u2606cassndra|painschamp\n|c|\u2606The MB12|its okay monday I will try again\n|c|\u2606cassndra|epic\n|l|\u2606The MB12\n","uploadtime":1700267302,"views":20,"p1id":"cassndra","p2id":"themb12","formatid":"gen9nationaldexdoubles","rating":0,"private":0,"password":""}