{"id":"gen9nationaldexdoubles-1969966517","p1":"OmarFish123","p2":"cassndra","format":"[Gen 9] National Dex Doubles","log":"|j|\u2606OmarFish123\n|j|\u2606cassndra\n|t:|1697580334\n|gametype|doubles\n|player|p1|OmarFish123|barry|1064\n|player|p2|cassndra|lisia|1000\n|teamsize|p1|6\n|teamsize|p2|6\n|gen|9\n|tier|[Gen 9] National Dex Doubles\n|rated|\n|rule|HP Percentage Mod: HP is shown in percentages\n|rule|Endless Battle Clause: Forcing endless battles is banned\n|rule|OHKO Clause: OHKO moves are banned\n|rule|Evasion Moves Clause: Evasion moves are banned\n|rule|Evasion Abilities Clause: Evasion abilities are banned\n|rule|Species Clause: Limit one of each Pok\u00e9mon\n|rule|Gravity Sleep Clause: The combination of sleep-inducing moves with imperfect accuracy and Gravity or Gigantamax Orbeetle are banned\n|clearpoke\n|poke|p1|Swampert, M|\n|poke|p1|Crobat, F|\n|poke|p1|Mawile, F|\n|poke|p1|Arcanine, F|\n|poke|p1|Raichu, M|\n|poke|p1|Trevenant, M|\n|poke|p2|Samurott-Hisui, F|\n|poke|p2|Typhlosion-Hisui, M|\n|poke|p2|Milotic, F|\n|poke|p2|Pelipper, M|\n|poke|p2|Toxapex, F|\n|poke|p2|Ogerpon-Wellspring, F|\n|teampreview\n|\n|t:|1697580361\n|start\n|switch|p1a: Swampert|Swampert, M|100\/100\n|switch|p1b: Crobat|Crobat, F|100\/100\n|switch|p2a: Kit|Samurott-Hisui, F|100\/100\n|switch|p2b: Kannaskis|Typhlosion-Hisui, M|100\/100\n|turn|1\n|\n|t:|1697580385\n|move|p1b: Crobat|Leech Life|p2a: Kit\n|-supereffective|p2a: Kit\n|-damage|p2a: Kit|43\/100\n|move|p2a: Kit|Water Pledge|p1a: Swampert\n|-waiting|p2a: Kit|p2b: Kannaskis\n|move|p2b: Kannaskis|Fire Pledge|p1b: Crobat|[from]move: Water Pledge\n|-combine\n|-damage|p1b: Crobat|5\/100\n|-sidestart|p2: cassndra|Water Pledge\n|move|p1a: Swampert|Earthquake|p2a: Kit|[spread] p2a,p2b\n|-immune|p1b: Crobat\n|-supereffective|p2b: Kannaskis\n|-damage|p2a: Kit|6\/100\n|-damage|p2b: Kannaskis|15\/100\n|\n|-heal|p1b: Crobat|11\/100|[from] item: Black Sludge\n|-heal|p2b: Kannaskis|21\/100|[from] item: Leftovers\n|upkeep\n|turn|2\n|\n|t:|1697580435\n|move|p1b: Crobat|Fly||[still]\n|-prepare|p1b: Crobat|Fly\n|move|p2a: Kit|Bulldoze|p1a: Swampert|[spread] p2b,p1a\n|-miss|p2a: Kit|p1b: Crobat\n|-supereffective|p2b: Kannaskis\n|-damage|p2b: Kannaskis|0 fnt\n|-damage|p1a: Swampert|88\/100\n|-unboost|p1a: Swampert|spe|1\n|faint|p2b: Kannaskis\n|move|p1a: Swampert|Earthquake|p2a: Kit|[spread] p2a\n|-miss|p1a: Swampert|p1b: Crobat\n|-damage|p2a: Kit|0 fnt\n|faint|p2a: Kit\n|\n|-heal|p1b: Crobat|17\/100|[from] item: Black Sludge\n|-heal|p1a: Swampert|94\/100|[from] item: Leftovers\n|upkeep\n|\n|t:|1697580468\n|switch|p2a: The Postal Service|Pelipper, M|100\/100\n|switch|p2b: Kiki|Ogerpon-Wellspring, F|100\/100\n|-weather|RainDance|[from] ability: Drizzle|[of] p2a: The Postal Service\n|turn|3\n|\n|t:|1697580492\n|move|p2b: Kiki|Horn Leech|p1a: Swampert\n|-supereffective|p1a: Swampert\n|-damage|p1a: Swampert|0 fnt\n|faint|p1a: Swampert\n|move|p1b: Crobat|Fly|p2a: The Postal Service|[from]lockedmove\n|-damage|p2a: The Postal Service|59\/100\n|move|p2a: The Postal Service|Tailwind|p2a: The Postal Service\n|-sidestart|p2: cassndra|move: Tailwind\n|\n|-weather|RainDance|[upkeep]\n|-heal|p1b: Crobat|23\/100|[from] item: Black Sludge\n|upkeep\n|\n|t:|1697580510\n|switch|p1a: Raichu|Raichu, M|100\/100\n|turn|4\n|\n|t:|1697580540\n|move|p2b: Kiki|Horn Leech|p1a: Raichu\n|-damage|p1a: Raichu|31\/100\n|move|p2a: The Postal Service|Acrobatics|p1b: Crobat\n|-damage|p1b: Crobat|0 fnt\n|faint|p1b: Crobat\n|move|p1a: Raichu|Thunder|p2a: The Postal Service\n|-supereffective|p2a: The Postal Service\n|-damage|p2a: The Postal Service|0 fnt\n|faint|p2a: The Postal Service\n|\n|-weather|RainDance|[upkeep]\n|-sideend|p2: cassndra|Water Pledge\n|upkeep\n|\n|t:|1697580558\n|switch|p1b: Arcanine|Arcanine, F|100\/100\n|switch|p2a: Millie|Milotic, F|100\/100\n|-ability|p1b: Arcanine|Intimidate|boost\n|-unboost|p2a: Millie|atk|1\n|-unboost|p2b: Kiki|atk|1\n|turn|5\n|\n|t:|1697580578\n|switch|p1b: Trevenant|Trevenant, M|100\/100\n|move|p2b: Kiki|Horn Leech|p1a: Raichu\n|-damage|p1a: Raichu|0 fnt\n|faint|p1a: Raichu\n|move|p2a: Millie|Mud Sport|p2a: Millie\n|-fieldstart|move: Mud Sport|[of] p2a: Millie\n|\n|-weather|RainDance|[upkeep]\n|-status|p2a: Millie|brn|[from] item: Flame Orb\n|upkeep\n|\n|t:|1697580591\n|switch|p1a: Mawile|Mawile, F, shiny|100\/100\n|turn|6\n|\n|t:|1697580613\n|detailschange|p1a: Mawile|Mawile-Mega, F, shiny\n|-mega|p1a: Mawile|Mawile|Mawilite\n|move|p2b: Kiki|Ivy Cudgel|p1a: Mawile\n|-crit|p1a: Mawile\n|-damage|p1a: Mawile|0 fnt\n|faint|p1a: Mawile\n|move|p2a: Millie|Ice Beam|p1b: Trevenant\n|-supereffective|p1b: Trevenant\n|-damage|p1b: Trevenant|53\/100\n|move|p1b: Trevenant|Poison Jab|p2b: Kiki\n|-supereffective|p2b: Kiki\n|-damage|p2b: Kiki|32\/100\n|\n|-weather|RainDance|[upkeep]\n|-damage|p2a: Millie|94\/100 brn|[from] brn\n|-sideend|p2: cassndra|move: Tailwind\n|upkeep\n|\n|t:|1697580629\n|switch|p1a: Arcanine|Arcanine, F|100\/100\n|-ability|p1a: Arcanine|Intimidate|boost\n|-unboost|p2a: Millie|atk|1\n|-unboost|p2b: Kiki|atk|1\n|turn|7\n|\n|t:|1697580652\n|-terastallize|p1b: Trevenant|Ghost\n|move|p2b: Kiki|Ivy Cudgel|p1a: Arcanine\n|-supereffective|p1a: Arcanine\n|-damage|p1a: Arcanine|0 fnt\n|faint|p1a: Arcanine\n|move|p2a: Millie|Ice Beam|p1b: Trevenant\n|-damage|p1b: Trevenant|30\/100\n|-enditem|p1b: Trevenant|Sitrus Berry|[eat]\n|-heal|p1b: Trevenant|55\/100|[from] item: Sitrus Berry\n|move|p1b: Trevenant|Phantom Force||[still]\n|-prepare|p1b: Trevenant|Phantom Force\n|\n|-weather|none\n|-damage|p2a: Millie|88\/100 brn|[from] brn\n|upkeep\n|turn|8\n|\n|t:|1697580675\n|move|p2b: Kiki|Protect|p2b: Kiki\n|-singleturn|p2b: Kiki|Protect\n|move|p2a: Millie|Recover|p2a: Millie\n|-heal|p2a: Millie|100\/100 brn\n|move|p1b: Trevenant|Phantom Force|p2a: Millie|[from]lockedmove\n|-damage|p2a: Millie|73\/100 brn\n|\n|-damage|p2a: Millie|67\/100 brn|[from] brn\n|-item|p1b: Trevenant|Sitrus Berry|[from] ability: Harvest\n|upkeep\n|turn|9\n|\n|t:|1697580702\n|move|p2b: Kiki|Play Rough|p1b: Trevenant\n|-damage|p1b: Trevenant|34\/100\n|-enditem|p1b: Trevenant|Sitrus Berry|[eat]\n|-heal|p1b: Trevenant|59\/100|[from] item: Sitrus Berry\n|move|p2a: Millie|Ice Beam|p1b: Trevenant\n|-damage|p1b: Trevenant|35\/100\n|move|p1b: Trevenant|Phantom Force||[still]\n|-prepare|p1b: Trevenant|Phantom Force\n|\n|-damage|p2a: Millie|61\/100 brn|[from] brn\n|-fieldend|move: Mud Sport\n|upkeep\n|turn|10\n|\n|t:|1697580715\n|move|p2b: Kiki|Protect|p2b: Kiki\n|-singleturn|p2b: Kiki|Protect\n|move|p2a: Millie|Recover|p2a: Millie\n|-heal|p2a: Millie|100\/100 brn\n|move|p1b: Trevenant|Phantom Force|p2b: Kiki|[from]lockedmove\n|-activate|p2b: Kiki|move: Phantom Force|[broken]\n|-damage|p2b: Kiki|0 fnt\n|faint|p2b: Kiki\n|\n|-damage|p2a: Millie|94\/100 brn|[from] brn\n|upkeep\n|\n|t:|1697580726\n|switch|p2b: Staurozoea|Toxapex, F|100\/100\n|turn|11\n|\n|t:|1697580743\n|move|p2b: Staurozoea|Baneful Bunker|p2b: Staurozoea\n|-singleturn|p2b: Staurozoea|move: Protect\n|move|p2a: Millie|Ice Beam|p1b: Trevenant\n|-damage|p1b: Trevenant|15\/100\n|move|p1b: Trevenant|Phantom Force||[still]\n|-prepare|p1b: Trevenant|Phantom Force\n|\n|-damage|p2a: Millie|88\/100 brn|[from] brn\n|upkeep\n|turn|12\n|\n|t:|1697580767\n|move|p2b: Staurozoea|Baneful Bunker|p2b: Staurozoea\n|-singleturn|p2b: Staurozoea|move: Protect\n|move|p2a: Millie|Recover|p2a: Millie\n|-heal|p2a: Millie|100\/100 brn\n|move|p1b: Trevenant|Phantom Force|p2a: Millie|[from]lockedmove\n|-damage|p2a: Millie|75\/100 brn\n|\n|-damage|p2a: Millie|69\/100 brn|[from] brn\n|-item|p1b: Trevenant|Sitrus Berry|[from] ability: Harvest\n|upkeep\n|-enditem|p1b: Trevenant|Sitrus Berry|[eat]\n|-heal|p1b: Trevenant|39\/100|[from] item: Sitrus Berry\n|turn|13\n|\n|t:|1697580788\n|move|p2a: Millie|Ice Beam|p1b: Trevenant\n|-damage|p1b: Trevenant|18\/100\n|move|p1b: Trevenant|Horn Leech|p2a: Millie\n|-supereffective|p2a: Millie\n|-damage|p2a: Millie|36\/100 brn\n|-heal|p1b: Trevenant|37\/100|[from] drain|[of] p2a: Millie\n|move|p2b: Staurozoea|Venoshock|p1b: Trevenant\n|-resisted|p1b: Trevenant\n|-damage|p1b: Trevenant|30\/100\n|\n|-damage|p2a: Millie|30\/100 brn|[from] brn\n|-item|p1b: Trevenant|Sitrus Berry|[from] ability: Harvest\n|upkeep\n|-enditem|p1b: Trevenant|Sitrus Berry|[eat]\n|-heal|p1b: Trevenant|55\/100|[from] item: Sitrus Berry\n|turn|14\n|\n|t:|1697580817\n|move|p2a: Millie|Recover|p2a: Millie\n|-heal|p2a: Millie|80\/100 brn\n|move|p1b: Trevenant|Horn Leech|p2a: Millie\n|-supereffective|p2a: Millie\n|-damage|p2a: Millie|45\/100 brn\n|-heal|p1b: Trevenant|75\/100|[from] drain|[of] p2a: Millie\n|move|p2b: Staurozoea|Venoshock|p1b: Trevenant\n|-resisted|p1b: Trevenant\n|-damage|p1b: Trevenant|68\/100\n|\n|-damage|p2a: Millie|39\/100 brn|[from] brn\n|upkeep\n|turn|15\n|\n|t:|1697580855\n|move|p2a: Millie|Ice Beam|p1b: Trevenant\n|-damage|p1b: Trevenant|46\/100\n|move|p1b: Trevenant|Phantom Force||[still]\n|-prepare|p1b: Trevenant|Phantom Force\n|move|p2b: Staurozoea|Venoshock|p1b: Trevenant|[miss]\n|-miss|p2b: Staurozoea|p1b: Trevenant\n|\n|-damage|p2a: Millie|33\/100 brn|[from] brn\n|upkeep\n|turn|16\n|\n|t:|1697580868\n|move|p2a: Millie|Recover|p2a: Millie\n|-heal|p2a: Millie|83\/100 brn\n|move|p1b: Trevenant|Phantom Force|p2b: Staurozoea|[from]lockedmove\n|-damage|p2b: Staurozoea|66\/100\n|move|p2b: Staurozoea|Venoshock|p1b: Trevenant\n|-resisted|p1b: Trevenant\n|-damage|p1b: Trevenant|38\/100\n|\n|-damage|p2a: Millie|77\/100 brn|[from] brn\n|-item|p1b: Trevenant|Sitrus Berry|[from] ability: Harvest\n|upkeep\n|-enditem|p1b: Trevenant|Sitrus Berry|[eat]\n|-heal|p1b: Trevenant|63\/100|[from] item: Sitrus Berry\n|turn|17\n|\n|t:|1697580886\n|move|p2a: Millie|Ice Beam|p1b: Trevenant\n|-damage|p1b: Trevenant|39\/100\n|move|p1b: Trevenant|Leech Seed|p2a: Millie\n|-start|p2a: Millie|move: Leech Seed\n|move|p2b: Staurozoea|Venoshock|p1b: Trevenant\n|-resisted|p1b: Trevenant\n|-damage|p1b: Trevenant|32\/100\n|\n|-damage|p2a: Millie|64\/100 brn|[from] Leech Seed|[of] p1b: Trevenant\n|-heal|p1b: Trevenant|47\/100|[silent]\n|-damage|p2a: Millie|58\/100 brn|[from] brn\n|-item|p1b: Trevenant|Sitrus Berry|[from] ability: Harvest\n|upkeep\n|-enditem|p1b: Trevenant|Sitrus Berry|[eat]\n|-heal|p1b: Trevenant|72\/100|[from] item: Sitrus Berry\n|turn|18\n|\n|t:|1697580905\n|move|p2b: Staurozoea|Baneful Bunker|p2b: Staurozoea\n|-singleturn|p2b: Staurozoea|move: Protect\n|move|p2a: Millie|Aqua Tail|p1b: Trevenant\n|-damage|p1b: Trevenant|67\/100\n|move|p1b: Trevenant|Leech Seed|p2b: Staurozoea\n|-activate|p2b: Staurozoea|move: Protect\n|\n|-damage|p2a: Millie|46\/100 brn|[from] Leech Seed|[of] p1b: Trevenant\n|-heal|p1b: Trevenant|81\/100|[silent]\n|-damage|p2a: Millie|40\/100 brn|[from] brn\n|-item|p1b: Trevenant|Sitrus Berry|[from] ability: Harvest\n|upkeep\n|turn|19\n|\n|t:|1697580927\n|move|p2a: Millie|Ice Beam|p1b: Trevenant\n|-crit|p1b: Trevenant\n|-damage|p1b: Trevenant|51\/100\n|move|p1b: Trevenant|Horn Leech|p2a: Millie\n|-supereffective|p2a: Millie\n|-damage|p2a: Millie|3\/100 brn\n|-heal|p1b: Trevenant|72\/100|[from] drain|[of] p2a: Millie\n|move|p2b: Staurozoea|Covet|p1b: Trevenant\n|-immune|p1b: Trevenant\n|\n|-damage|p2a: Millie|0 fnt|[from] Leech Seed|[of] p1b: Trevenant\n|-heal|p1b: Trevenant|75\/100|[silent]\n|faint|p2a: Millie\n|upkeep\n|turn|20\n|\n|t:|1697580953\n|move|p2b: Staurozoea|Baneful Bunker|p2b: Staurozoea\n|-singleturn|p2b: Staurozoea|move: Protect\n|move|p1b: Trevenant|Leech Seed|p2b: Staurozoea\n|-activate|p2b: Staurozoea|move: Protect\n|\n|upkeep\n|turn|21\n|\n|t:|1697580964\n|move|p2b: Staurozoea|Baneful Bunker||[still]\n|-fail|p2b: Staurozoea\n|move|p1b: Trevenant|Leech Seed|p2b: Staurozoea\n|-start|p2b: Staurozoea|move: Leech Seed\n|\n|-damage|p2b: Staurozoea|54\/100|[from] Leech Seed|[of] p1b: Trevenant\n|-heal|p1b: Trevenant|86\/100|[silent]\n|upkeep\n|turn|22\n|\n|t:|1697580981\n|move|p1b: Trevenant|Phantom Force||[still]\n|-prepare|p1b: Trevenant|Phantom Force\n|move|p2b: Staurozoea|Venoshock|p1b: Trevenant|[miss]\n|-miss|p2b: Staurozoea|p1b: Trevenant\n|\n|-damage|p2b: Staurozoea|42\/100|[from] Leech Seed|[of] p1b: Trevenant\n|-heal|p1b: Trevenant|97\/100|[silent]\n|upkeep\n|turn|23\n|\n|t:|1697580993\n|move|p2b: Staurozoea|Baneful Bunker|p2b: Staurozoea\n|-singleturn|p2b: Staurozoea|move: Protect\n|move|p1b: Trevenant|Phantom Force|p2b: Staurozoea|[from]lockedmove\n|-activate|p2b: Staurozoea|move: Phantom Force|[broken]\n|-damage|p2b: Staurozoea|7\/100\n|\n|-damage|p2b: Staurozoea|0 fnt|[from] Leech Seed|[of] p1b: Trevenant\n|-heal|p1b: Trevenant|100\/100|[silent]\n|faint|p2b: Staurozoea\n|\n|win|OmarFish123\n|upkeep\n|raw|OmarFish123's rating: 1064 &rarr; <strong>1089<\/strong><br \/>(+25 for winning)\n|raw|cassndra's rating: 1000 &rarr; <strong>1000<\/strong><br \/>(+0 for losing)\n|c|\u2606cassndra|ggs\n|c|\u2606OmarFish123|Xd\n|c|\u2606cassndra|absolutely sick trevenant\n|c|\u2606OmarFish123|I had a good strategy\n","uploadtime":1697581095,"views":10,"p1id":"omarfish123","p2id":"cassndra","formatid":"gen9nationaldexdoubles","rating":1000,"private":0,"password":""}