{"id":"gen9nationaldexdoubles-1984573649","p1":"xyyyyyz","p2":"chi yuh yuh","format":"[Gen 9] National Dex Doubles","log":"|j|\u203dxyyyyyz\n|j|\u2606chi yuh yuh\n|t:|1699281098\n|gametype|doubles\n|player|p1|xyyyyyz|darach-caitlin|1563\n|player|p2|chi yuh yuh|170|1324\n|teamsize|p1|6\n|teamsize|p2|6\n|gen|9\n|tier|[Gen 9] National Dex Doubles\n|rated|\n|rule|HP Percentage Mod: HP is shown in percentages\n|rule|Endless Battle Clause: Forcing endless battles is banned\n|rule|OHKO Clause: OHKO moves are banned\n|rule|Evasion Moves Clause: Evasion moves are banned\n|rule|Evasion Abilities Clause: Evasion abilities are banned\n|rule|Species Clause: Limit one of each Pok\u00e9mon\n|rule|Gravity Sleep Clause: The combination of sleep-inducing moves with imperfect accuracy and Gravity or Gigantamax Orbeetle are banned\n|clearpoke\n|poke|p1|Urshifu-*, M|\n|poke|p1|Incineroar, F|\n|poke|p1|Salamence, M|\n|poke|p1|Kommo-o, F|\n|poke|p1|Heatran, M|\n|poke|p1|Volcanion|\n|poke|p2|Luxray, F|\n|poke|p2|Ribombee, M|\n|poke|p2|Zeraora|\n|poke|p2|Latias, F|\n|poke|p2|Tapu Koko|\n|poke|p2|Hitmontop, M|\n|teampreview\n|inactive|Battle timer is ON: inactive players will automatically lose when time's up. (requested by chi yuh yuh)\n|inactive|xyyyyyz also wants the timer to be on.\n|\n|t:|1699281114\n|start\n|switch|p1a: Urshifu|Urshifu-Rapid-Strike, M|100\/100\n|switch|p1b: Incineroar|Incineroar, F|100\/100\n|switch|p2a: Ribombee|Ribombee, M|100\/100\n|switch|p2b: Tapu Koko|Tapu Koko|100\/100\n|-fieldstart|move: Electric Terrain|[from] ability: Electric Surge|[of] p2b: Tapu Koko\n|-ability|p1b: Incineroar|Intimidate|boost\n|-unboost|p2a: Ribombee|atk|1\n|-unboost|p2b: Tapu Koko|atk|1\n|turn|1\n|\n|t:|1699281122\n|-terastallize|p1a: Urshifu|Water\n|move|p1b: Incineroar|Fake Out|p2b: Tapu Koko\n|-damage|p2b: Tapu Koko|86\/100\n|cant|p2b: Tapu Koko|flinch\n|move|p2a: Ribombee|Sticky Web|p1b: Incineroar\n|-sidestart|p1: xyyyyyz|move: Sticky Web\n|move|p1a: Urshifu|Surging Strikes|p2a: Ribombee\n|-crit|p2a: Ribombee\n|-damage|p2a: Ribombee|39\/100\n|-crit|p2a: Ribombee\n|-damage|p2a: Ribombee|0 fnt\n|faint|p2a: Ribombee\n|-hitcount|p2: Ribombee|2\n|\n|upkeep\n|\n|t:|1699281133\n|switch|p2a: Zeraora|Zeraora|100\/100\n|turn|2\n|\n|t:|1699281142\n|switch|p1a: Heatran|Heatran, M|100\/100\n|-activate|p1a: Heatran|move: Sticky Web\n|-unboost|p1a: Heatran|spe|1\n|-terastallize|p2a: Zeraora|Electric\n|move|p2a: Zeraora|Plasma Fists|p1b: Incineroar\n|-damage|p1b: Incineroar|0 fnt\n|-fieldactivate|move: Ion Deluge\n|-hint|Normal-type moves become Electric-type after using Plasma Fists.\n|faint|p1b: Incineroar\n|move|p2b: Tapu Koko|Thunderbolt|p1a: Heatran\n|-damage|p1a: Heatran|27\/100\n|\n|-heal|p1a: Heatran|33\/100|[from] item: Leftovers\n|upkeep\n|\n|t:|1699281160\n|switch|p1b: Volcanion|Volcanion|100\/100\n|-activate|p1b: Volcanion|move: Sticky Web\n|-unboost|p1b: Volcanion|spe|1\n|turn|3\n|\n|t:|1699281172\n|move|p2a: Zeraora|Plasma Fists|p1b: Volcanion\n|-supereffective|p1b: Volcanion\n|-damage|p1b: Volcanion|0 fnt\n|-fieldactivate|move: Ion Deluge\n|-hint|Normal-type moves become Electric-type after using Plasma Fists.\n|faint|p1b: Volcanion\n|move|p2b: Tapu Koko|Thunderbolt|p1a: Heatran\n|-damage|p1a: Heatran|0 fnt\n|faint|p1a: Heatran\n|\n|upkeep\n|\n|t:|1699281177\n|switch|p1a: Salamence|Salamence, M|100\/100\n|switch|p1b: Kommo-o|Kommo-o, F|100\/100\n|-activate|p1b: Kommo-o|move: Sticky Web\n|-unboost|p1b: Kommo-o|spe|1\n|-ability|p1a: Salamence|Intimidate|boost\n|-unboost|p2a: Zeraora|atk|1\n|-unboost|p2b: Tapu Koko|atk|1\n|turn|4\n|\n|t:|1699281186\n|switch|p2b: Hitmontop|Hitmontop, M|100\/100\n|-ability|p2b: Hitmontop|Intimidate|boost\n|-unboost|p1a: Salamence|atk|1\n|-unboost|p1b: Kommo-o|atk|1\n|detailschange|p1a: Salamence|Salamence-Mega, M\n|-mega|p1a: Salamence|Salamence|Salamencite\n|move|p1b: Kommo-o|Protect|p1b: Kommo-o\n|-singleturn|p1b: Kommo-o|Protect\n|move|p2a: Zeraora|Plasma Fists|p1a: Salamence\n|-damage|p1a: Salamence|38\/100\n|-fieldactivate|move: Ion Deluge\n|-hint|Normal-type moves become Electric-type after using Plasma Fists.\n|move|p1a: Salamence|Tailwind|p1a: Salamence\n|-sidestart|p1: xyyyyyz|move: Tailwind\n|\n|upkeep\n|turn|5\n|\n|t:|1699281212\n|switch|p2b: Latias|Latias, F|100\/100\n|move|p1a: Salamence|Draco Meteor|p2b: Latias\n|-supereffective|p2b: Latias\n|-damage|p2b: Latias|0 fnt\n|-unboost|p1a: Salamence|spa|2\n|faint|p2b: Latias\n|move|p2a: Zeraora|Plasma Fists|p1a: Salamence\n|-damage|p1a: Salamence|0 fnt\n|-fieldactivate|move: Ion Deluge\n|-hint|Normal-type moves become Electric-type after using Plasma Fists.\n|faint|p1a: Salamence\n|move|p1b: Kommo-o|Flamethrower|p2a: Zeraora\n|-damage|p2a: Zeraora|65\/100\n|\n|-fieldend|move: Electric Terrain\n|upkeep\n|\n|t:|1699281224\n|switch|p2b: Tapu Koko|Tapu Koko|86\/100\n|switch|p1a: Urshifu|Urshifu-Rapid-Strike, M, tera:Water|100\/100\n|-activate|p1a: Urshifu|move: Sticky Web\n|-unboost|p1a: Urshifu|spe|1\n|-fieldstart|move: Electric Terrain|[from] ability: Electric Surge|[of] p2b: Tapu Koko\n|turn|6\n|c|\u2606chi yuh yuh|gg\n|\n|t:|1699281236\n|move|p1b: Kommo-o|Protect|p1b: Kommo-o\n|-singleturn|p1b: Kommo-o|Protect\n|move|p1a: Urshifu|Close Combat|p2b: Tapu Koko\n|-resisted|p2b: Tapu Koko\n|-damage|p2b: Tapu Koko|44\/100\n|-unboost|p1a: Urshifu|def|1\n|-unboost|p1a: Urshifu|spd|1\n|move|p2a: Zeraora|Plasma Fists|p1a: Urshifu\n|-supereffective|p1a: Urshifu\n|-damage|p1a: Urshifu|0 fnt\n|-fieldactivate|move: Ion Deluge\n|-hint|Normal-type moves become Electric-type after using Plasma Fists.\n|faint|p1a: Urshifu\n|move|p2b: Tapu Koko|Dazzling Gleam|p1b: Kommo-o\n|-activate|p1b: Kommo-o|move: Protect\n|\n|upkeep\n|turn|7\n|-message|xyyyyyz forfeited.\n|\n|win|chi yuh yuh\n|raw|xyyyyyz's rating: 1563 &rarr; <strong>1531<\/strong><br \/>(-32 for losing)\n|raw|chi yuh yuh's rating: 1324 &rarr; <strong>1356<\/strong><br \/>(+32 for winning)\n|l|\u203dxyyyyyz\n","uploadtime":1699281263,"views":6,"p1id":"xyyyyyz","p2id":"chiyuhyuh","formatid":"gen9nationaldexdoubles","rating":1356,"private":0,"password":""}