{"id":"gen9nationaldexdoubles-1976196501","p1":"zxxzcxzvxcfv","p2":"rdgsrdfg srg","format":"[Gen 9] National Dex Doubles","log":"|j|\u2606zxxzcxzvxcfv\n|j|\u2606rdgsrdfg srg\n|t:|1698272665\n|gametype|doubles\n|player|p1|zxxzcxzvxcfv|gardenia|1000\n|player|p2|rdgsrdfg srg|lucas|1093\n|teamsize|p1|6\n|teamsize|p2|6\n|gen|9\n|tier|[Gen 9] National Dex Doubles\n|rated|\n|rule|HP Percentage Mod: HP is shown in percentages\n|rule|Endless Battle Clause: Forcing endless battles is banned\n|rule|OHKO Clause: OHKO moves are banned\n|rule|Evasion Moves Clause: Evasion moves are banned\n|rule|Evasion Abilities Clause: Evasion abilities are banned\n|rule|Species Clause: Limit one of each Pok\u00e9mon\n|rule|Gravity Sleep Clause: The combination of sleep-inducing moves with imperfect accuracy and Gravity or Gigantamax Orbeetle are banned\n|clearpoke\n|poke|p1|Okidogi, M|\n|poke|p1|Ferrothorn, F|\n|poke|p1|Obstagoon, M|\n|poke|p1|Heatran, M|\n|poke|p1|Illumise, F|\n|poke|p1|Gourgeist-*, M|\n|poke|p2|Indeedee-F, F|\n|poke|p2|Oranguru, M|\n|poke|p2|Glastrier|\n|poke|p2|Hoopa-Unbound|\n|poke|p2|Ursaluna, M|\n|poke|p2|Zygarde|\n|teampreview\n|inactive|Battle timer is ON: inactive players will automatically lose when time's up. (requested by rdgsrdfg srg)\n|\n|t:|1698272695\n|start\n|switch|p1a: Illumise|Illumise, F|100\/100\n|switch|p1b: Gourgeist|Gourgeist-Small, M|100\/100\n|switch|p2a: Hoopa|Hoopa-Unbound|100\/100\n|switch|p2b: Zygarde|Zygarde|100\/100\n|-item|p2a: Hoopa|Room Service|[from] ability: Frisk|[of] p1b: Gourgeist|[identify]\n|-item|p2b: Zygarde|Room Service|[from] ability: Frisk|[of] p1b: Gourgeist|[identify]\n|-ability|p2b: Zygarde|Aura Break\n|turn|1\n|inactive|zxxzcxzvxcfv has 120 seconds left.\n|\n|t:|1698272744\n|move|p1a: Illumise|Tailwind|p1a: Illumise\n|-sidestart|p1: zxxzcxzvxcfv|move: Tailwind\n|move|p1b: Gourgeist|Trick|p2b: Zygarde\n|-activate|p1b: Gourgeist|move: Trick|[of] p2b: Zygarde\n|-item|p2b: Zygarde|Choice Scarf|[from] move: Trick\n|-item|p1b: Gourgeist|Room Service|[from] move: Trick\n|move|p2b: Zygarde|Coil|p2b: Zygarde\n|-boost|p2b: Zygarde|atk|1\n|-boost|p2b: Zygarde|def|1\n|-boost|p2b: Zygarde|accuracy|1\n|move|p2a: Hoopa|Trick Room|p2a: Hoopa\n|-fieldstart|move: Trick Room|[of] p2a: Hoopa\n|-enditem|p1b: Gourgeist|Room Service\n|-unboost|p1b: Gourgeist|spe|1|[from] item: Room Service\n|-enditem|p2a: Hoopa|Room Service\n|-unboost|p2a: Hoopa|spe|1|[from] item: Room Service\n|\n|upkeep\n|turn|2\n|inactive|zxxzcxzvxcfv has 120 seconds left.\n|inactive|rdgsrdfg srg has 120 seconds left.\n|\n|t:|1698272783\n|switch|p2b: Ursaluna|Ursaluna, M|100\/100\n|switch|p1b: Ferrothorn|Ferrothorn, F|100\/100\n|move|p1a: Illumise|Encore|p2a: Hoopa\n|-hint|Since gen 7, Dark is immune to Prankster moves.\n|-immune|p2a: Hoopa\n|move|p2a: Hoopa|Dark Pulse|p1b: Ferrothorn\n|-damage|p1b: Ferrothorn|55\/100\n|-item|p2a: Hoopa|Leftovers|[from] ability: Magician|[of] p1b: Ferrothorn\n|\n|-status|p2b: Ursaluna|brn|[from] item: Flame Orb\n|upkeep\n|turn|3\n|inactive|zxxzcxzvxcfv has 120 seconds left.\n|inactive|rdgsrdfg srg has 120 seconds left.\n|\n|t:|1698272821\n|move|p1a: Illumise|Light Screen|p1a: Illumise\n|-sidestart|p1: zxxzcxzvxcfv|move: Light Screen\n|move|p1b: Ferrothorn|Iron Defense|p1b: Ferrothorn\n|-boost|p1b: Ferrothorn|def|2\n|move|p2b: Ursaluna|Close Combat|p1b: Ferrothorn\n|-supereffective|p1b: Ferrothorn\n|-damage|p1b: Ferrothorn|7\/100\n|-unboost|p2b: Ursaluna|def|1\n|-unboost|p2b: Ursaluna|spd|1\n|-damage|p2b: Ursaluna|88\/100 brn|[from] ability: Iron Barbs|[of] p1b: Ferrothorn\n|move|p2a: Hoopa|Psyshock|p1a: Illumise\n|-damage|p1a: Illumise|65\/100\n|\n|-damage|p2b: Ursaluna|82\/100 brn|[from] brn\n|upkeep\n|turn|4\n|inactive|zxxzcxzvxcfv has 120 seconds left.\n|\n|t:|1698272851\n|switch|p1a: Gourgeist|Gourgeist-Small, M|100\/100\n|-item|p2a: Hoopa|Leftovers|[from] ability: Frisk|[of] p1a: Gourgeist|[identify]\n|-item|p2b: Ursaluna|Flame Orb|[from] ability: Frisk|[of] p1a: Gourgeist|[identify]\n|move|p1b: Ferrothorn|Body Press|p2b: Ursaluna\n|-supereffective|p2b: Ursaluna\n|-damage|p2b: Ursaluna|0 fnt\n|faint|p2b: Ursaluna\n|move|p2a: Hoopa|Dark Pulse|p1b: Ferrothorn\n|-damage|p1b: Ferrothorn|0 fnt\n|faint|p1b: Ferrothorn\n|\n|-sideend|p1: zxxzcxzvxcfv|move: Tailwind\n|upkeep\n|inactive|zxxzcxzvxcfv has 90 seconds left.\n|\n|t:|1698272881\n|switch|p1b: Heatran|Heatran, M|100\/100\n|switch|p2b: Zygarde|Zygarde|100\/100\n|-ability|p2b: Zygarde|Aura Break\n|turn|5\n|inactive|zxxzcxzvxcfv has 90 seconds left.\n|\n|t:|1698272916\n|switch|p1b: Obstagoon|Obstagoon, M|100\/100\n|move|p2a: Hoopa|Dark Pulse|p1a: Gourgeist\n|-supereffective|p1a: Gourgeist\n|-damage|p1a: Gourgeist|0 fnt\n|faint|p1a: Gourgeist\n|move|p2b: Zygarde|Thousand Arrows|p1b: Obstagoon\n|-damage|p1b: Obstagoon|70\/100\n|\n|-fieldend|move: Trick Room\n|-status|p1b: Obstagoon|brn|[from] item: Flame Orb\n|upkeep\n|\n|t:|1698272930\n|switch|p1a: Heatran|Heatran, M|100\/100\n|turn|6\n|inactive|zxxzcxzvxcfv has 90 seconds left.\n|\n|t:|1698272970\n|-terastallize|p1a: Heatran|Fire\n|move|p1a: Heatran|Eruption|p2b: Zygarde|[spread] p2a,p2b\n|-resisted|p2b: Zygarde\n|-damage|p2a: Hoopa|40\/100\n|-damage|p2b: Zygarde|73\/100\n|move|p1b: Obstagoon|Facade|p2a: Hoopa\n|-damage|p2a: Hoopa|0 fnt\n|faint|p2a: Hoopa\n|move|p2b: Zygarde|Thousand Arrows|p1b: Obstagoon|[spread] p1a,p1b\n|-supereffective|p1a: Heatran\n|-damage|p1a: Heatran|55\/100\n|-damage|p1b: Obstagoon|48\/100 brn\n|\n|-damage|p1b: Obstagoon|42\/100 brn|[from] brn\n|upkeep\n|inactive|rdgsrdfg srg has 120 seconds left.\n|\n|t:|1698273011\n|switch|p2a: Oranguru|Oranguru, M|100\/100\n|turn|7\n|inactive|zxxzcxzvxcfv has 90 seconds left.\n|\n|t:|1698273018\n|switch|p1a: Illumise|Illumise, F|65\/100\n|-terastallize|p2a: Oranguru|Water\n|move|p1b: Obstagoon|Knock Off|p2a: Oranguru\n|-damage|p2a: Oranguru|56\/100\n|-enditem|p2a: Oranguru|Mental Herb|[from] move: Knock Off|[of] p1b: Obstagoon\n|move|p2b: Zygarde|Thousand Arrows|p1a: Illumise|[spread] p1a,p1b\n|-resisted|p1a: Illumise\n|-damage|p1a: Illumise|54\/100\n|-damage|p1b: Obstagoon|17\/100 brn\n|move|p2a: Oranguru|Trick Room|p2a: Oranguru\n|-fieldstart|move: Trick Room|[of] p2a: Oranguru\n|\n|-damage|p1b: Obstagoon|11\/100 brn|[from] brn\n|upkeep\n|turn|8\n|\n|t:|1698273047\n|move|p1b: Obstagoon|Obstruct|p1b: Obstagoon\n|-singleturn|p1b: Obstagoon|Protect\n|move|p2a: Oranguru|Ally Switch|p2a: Oranguru\n|swap|p2a: Oranguru|1|[from] move: Ally Switch\n|move|p1a: Illumise|Encore|p2a: Zygarde\n|-start|p2a: Zygarde|Encore\n|move|p2a: Zygarde|Thousand Arrows|p1b: Obstagoon|[spread] p1a\n|-activate|p1b: Obstagoon|move: Protect\n|-resisted|p1a: Illumise\n|-damage|p1a: Illumise|41\/100\n|\n|-damage|p1b: Obstagoon|5\/100 brn|[from] brn\n|upkeep\n|turn|9\n|inactive|zxxzcxzvxcfv has 120 seconds left.\n|\n|t:|1698273070\n|switch|p2b: Glastrier|Glastrier|100\/100\n|move|p1a: Illumise|Encore||[still]\n|-fail|p1a: Illumise\n|move|p2a: Zygarde|Thousand Arrows|p1b: Obstagoon|[spread] p1a,p1b\n|-resisted|p1a: Illumise\n|-damage|p1a: Illumise|30\/100\n|-damage|p1b: Obstagoon|0 fnt\n|faint|p1b: Obstagoon\n|\n|upkeep\n|-message|zxxzcxzvxcfv forfeited.\n|\n|win|rdgsrdfg srg\n|raw|zxxzcxzvxcfv's rating: 1000 &rarr; <strong>1000<\/strong><br \/>(+0 for losing)\n|raw|rdgsrdfg srg's rating: 1093 &rarr; <strong>1112<\/strong><br \/>(+19 for winning)\n","uploadtime":1698273089,"views":10,"p1id":"zxxzcxzvxcfv","p2id":"rdgsrdfgsrg","formatid":"gen9nationaldexdoubles","rating":1000,"private":0,"password":""}