{"id":"gen9nationaldexdoubles-1983137930","p1":"Drakhar_LoveSensei","p2":"multiingbe","format":"[Gen 9] National Dex Doubles","log":"|j|\u2606Drakhar_LoveSensei\n|j|\u2606multiingbe\n|t:|1699094132\n|gametype|doubles\n|player|p1|Drakhar_LoveSensei|iris-gen5bw2|1168\n|player|p2|multiingbe|kimonogirl|1009\n|teamsize|p1|6\n|teamsize|p2|6\n|gen|9\n|tier|[Gen 9] National Dex Doubles\n|rated|\n|rule|HP Percentage Mod: HP is shown in percentages\n|rule|Endless Battle Clause: Forcing endless battles is banned\n|rule|OHKO Clause: OHKO moves are banned\n|rule|Evasion Moves Clause: Evasion moves are banned\n|rule|Evasion Abilities Clause: Evasion abilities are banned\n|rule|Species Clause: Limit one of each Pok\u00e9mon\n|rule|Gravity Sleep Clause: The combination of sleep-inducing moves with imperfect accuracy and Gravity or Gigantamax Orbeetle are banned\n|clearpoke\n|poke|p1|Regidrago|\n|poke|p1|Murkrow, M|\n|poke|p1|Tsareena, F|\n|poke|p1|Kommo-o, M|\n|poke|p1|Ambipom, M|\n|poke|p1|Primeape, M|\n|poke|p2|Flygon, F|\n|poke|p2|Ditto|\n|poke|p2|Azumarill, F|\n|poke|p2|Zebstrika, M|\n|poke|p2|Tapu Lele|\n|poke|p2|Absol, F|\n|teampreview\n|\n|t:|1699094153\n|start\n|switch|p1a: Ambipom|Ambipom, M, shiny|100\/100\n|switch|p1b: Primeape|Primeape, M, shiny|100\/100\n|switch|p2a: Etudelki|Azumarill, F|100\/100\n|switch|p2b: Refivirsant|Absol, F|100\/100\n|-ability|p2b: Refivirsant|Pressure\n|turn|1\n|\n|t:|1699094179\n|switch|p2b: Tapu Lele|Tapu Lele|100\/100\n|-fieldstart|move: Psychic Terrain|[from] ability: Psychic Surge|[of] p2b: Tapu Lele\n|move|p1a: Ambipom|Fake Out|p2a: Etudelki\n|-activate|p2a: Etudelki|move: Psychic Terrain\n|move|p1b: Primeape|Substitute|p1b: Primeape\n|-start|p1b: Primeape|Substitute\n|-damage|p1b: Primeape|76\/100\n|move|p2a: Etudelki|Body Slam|p1b: Primeape\n|-crit|p1b: Primeape\n|-end|p1b: Primeape|Substitute\n|\n|upkeep\n|turn|2\n|\n|t:|1699094196\n|-terastallize|p1a: Ambipom|Normal\n|move|p1a: Ambipom|Tail Slap|p2b: Tapu Lele\n|-damage|p2b: Tapu Lele|77\/100\n|-damage|p2b: Tapu Lele|52\/100\n|-damage|p2b: Tapu Lele|26\/100\n|-damage|p2b: Tapu Lele|0 fnt\n|faint|p2b: Tapu Lele\n|-hitcount|p2: Tapu Lele|4\n|move|p1b: Primeape|Hone Claws|p1b: Primeape\n|-boost|p1b: Primeape|atk|1\n|-boost|p1b: Primeape|accuracy|1\n|move|p2a: Etudelki|Body Slam|p1a: Ambipom\n|-damage|p1a: Ambipom|40\/100\n|\n|upkeep\n|\n|t:|1699094214\n|switch|p2b: Refivirsant|Absol, F|100\/100\n|-ability|p2b: Refivirsant|Pressure\n|turn|3\n|\n|t:|1699094228\n|detailschange|p2b: Refivirsant|Absol-Mega, F\n|-mega|p2b: Refivirsant|Absol|Absolite\n|move|p2b: Refivirsant|Attract|p1a: Ambipom\n|-start|p1a: Ambipom|Attract\n|-activate|p1a: Ambipom|move: Attract|[of] p2b: Refivirsant\n|cant|p1a: Ambipom|Attract\n|move|p1b: Primeape|Substitute|p1b: Primeape\n|-start|p1b: Primeape|Substitute\n|-damage|p1b: Primeape|51\/100\n|move|p2a: Etudelki|Body Slam|p1a: Ambipom\n|-damage|p1a: Ambipom|0 fnt\n|faint|p1a: Ambipom\n|\n|upkeep\n|\n|t:|1699094241\n|switch|p1a: Murkrow|Murkrow, M, shiny|100\/100\n|turn|4\n|\n|t:|1699094250\n|-terastallize|p2a: Etudelki|Water\n|move|p1a: Murkrow|Tailwind|p1a: Murkrow\n|-sidestart|p1: Drakhar_LoveSensei|move: Tailwind\n|move|p2a: Etudelki|Aqua Jet|p1a: Murkrow\n|-hint|Psychic Terrain doesn't affect Pok\u00e9mon immune to Ground.\n|-crit|p1a: Murkrow\n|-damage|p1a: Murkrow|0 fnt\n|faint|p1a: Murkrow\n|move|p1b: Primeape|Cross Chop|p2b: Refivirsant\n|-supereffective|p2b: Refivirsant\n|-damage|p2b: Refivirsant|0 fnt\n|faint|p2b: Refivirsant\n|\n|upkeep\n|\n|t:|1699094266\n|switch|p2b: Tyn Mep|Flygon, F, shiny|100\/100\n|switch|p1a: Tsareena|Tsareena, F, shiny|100\/100\n|turn|5\n|\n|t:|1699094277\n|switch|p2a: Hynwayod|Zebstrika, M|100\/100\n|move|p1a: Tsareena|Trailblaze|p2a: Hynwayod\n|-ability|p2a: Hynwayod|Sap Sipper|boost\n|-boost|p2a: Hynwayod|atk|1\n|-enditem|p1a: Tsareena|Mirror Herb\n|-boost|p1a: Tsareena|atk|1|[from] item: Mirror Herb\n|move|p1b: Primeape|Cross Chop|p2a: Hynwayod\n|-crit|p2a: Hynwayod\n|-damage|p2a: Hynwayod|0 fnt\n|faint|p2a: Hynwayod\n|move|p2b: Tyn Mep|Hone Claws|p2b: Tyn Mep\n|-boost|p2b: Tyn Mep|atk|1\n|-boost|p2b: Tyn Mep|accuracy|1\n|\n|-fieldend|move: Psychic Terrain\n|upkeep\n|\n|t:|1699094293\n|switch|p2a: Etudelki|Azumarill, F, tera:Water|100\/100\n|turn|6\n|\n|t:|1699094301\n|move|p2a: Etudelki|Aqua Jet||[still]\n|cant|p1a: Tsareena|ability: Queenly Majesty|Aqua Jet|[of] p2a: Etudelki\n|move|p1a: Tsareena|Triple Axel|p2b: Tyn Mep\n|-supereffective|p2b: Tyn Mep\n|-damage|p2b: Tyn Mep|46\/100\n|-damage|p1a: Tsareena|84\/100|[from] item: Rocky Helmet|[of] p2b: Tyn Mep\n|-supereffective|p2b: Tyn Mep\n|-damage|p2b: Tyn Mep|0 fnt\n|-damage|p1a: Tsareena|68\/100|[from] item: Rocky Helmet|[of] p2b: Tyn Mep\n|faint|p2b: Tyn Mep\n|-hitcount|p2: Tyn Mep|2\n|move|p1b: Primeape|Cross Chop|p2a: Etudelki\n|-damage|p2a: Etudelki|32\/100\n|\n|upkeep\n|\n|t:|1699094315\n|switch|p2b: Mwuessdeti|Ditto|100\/100\n|-transform|p2b: Mwuessdeti|p1a: Tsareena|[from] ability: Imposter\n|turn|7\n|\n|t:|1699094331\n|move|p1a: Tsareena|Trop Kick|p2a: Etudelki\n|-supereffective|p2a: Etudelki\n|-damage|p2a: Etudelki|0 fnt\n|faint|p2a: Etudelki\n|move|p1b: Primeape|Cross Chop|p2b: Mwuessdeti\n|-damage|p2b: Mwuessdeti|20\/100\n|move|p2b: Mwuessdeti|Play Rough|p1b: Primeape\n|-supereffective|p1b: Primeape\n|-end|p1b: Primeape|Substitute\n|\n|-sideend|p1: Drakhar_LoveSensei|move: Tailwind\n|upkeep\n|turn|8\n|-message|multiingbe forfeited.\n|\n|win|Drakhar_LoveSensei\n|raw|Drakhar_LoveSensei's rating: 1168 &rarr; <strong>1182<\/strong><br \/>(+14 for winning)\n|raw|multiingbe's rating: 1009 &rarr; <strong>1003<\/strong><br \/>(-6 for losing)\n","uploadtime":1699094349,"views":11,"p1id":"drakharlovesensei","p2id":"multiingbe","formatid":"gen9nationaldexdoubles","rating":1003,"private":0,"password":""}