{"id":"gen9nationaldexdoubles-1975503956","p1":"lumptious","p2":"Canadian Bacon 13","format":"[Gen 9] National Dex Doubles","log":"|j|\u2606lumptious\n|j|\u2606Canadian Bacon 13\n|t:|1698198401\n|gametype|doubles\n|player|p1|lumptious|worker-gen4|\n|player|p2|Canadian Bacon 13|red|\n|teamsize|p1|4\n|teamsize|p2|4\n|gen|9\n|tier|[Gen 9] National Dex Doubles\n|rule|HP Percentage Mod: HP is shown in percentages\n|rule|Endless Battle Clause: Forcing endless battles is banned\n|rule|OHKO Clause: OHKO moves are banned\n|rule|Evasion Moves Clause: Evasion moves are banned\n|rule|Evasion Abilities Clause: Evasion abilities are banned\n|rule|Species Clause: Limit one of each Pok\u00e9mon\n|rule|Gravity Sleep Clause: The combination of sleep-inducing moves with imperfect accuracy and Gravity or Gigantamax Orbeetle are banned\n|clearpoke\n|poke|p1|Corviknight, M|\n|poke|p1|Zapdos|\n|poke|p1|Gyarados, M|\n|poke|p1|Landorus, M|\n|poke|p2|Garchomp, M|\n|poke|p2|Iron Valiant|\n|poke|p2|Gastrodon-East, M|\n|poke|p2|Ting-Lu|\n|teampreview\n|\n|t:|1698198434\n|start\n|switch|p1a: Corviknight|Corviknight, M|100\/100\n|switch|p1b: Gyarados|Gyarados, M|100\/100\n|switch|p2a: Land Shark|Garchomp, M|100\/100\n|switch|p2b: Zorro|Iron Valiant|100\/100\n|-ability|p1b: Gyarados|Intimidate|boost\n|-unboost|p2a: Land Shark|atk|1\n|-unboost|p2b: Zorro|atk|1\n|-enditem|p2b: Zorro|Booster Energy\n|-activate|p2b: Zorro|ability: Quark Drive|[fromitem]\n|-start|p2b: Zorro|quarkdrivespe\n|turn|1\n|\n|t:|1698198460\n|switch|p2a: Slug Bug|Gastrodon-East, M|100\/100\n|-terastallize|p2b: Zorro|Electric\n|move|p2b: Zorro|Thunderbolt|p1b: Gyarados\n|-supereffective|p1b: Gyarados\n|-damage|p1b: Gyarados|0 fnt\n|faint|p1b: Gyarados\n|move|p1a: Corviknight|Bulk Up|p1a: Corviknight\n|-boost|p1a: Corviknight|atk|1\n|-boost|p1a: Corviknight|def|1\n|\n|upkeep\n|\n|t:|1698198474\n|switch|p1b: Landorus|Landorus, M|100\/100\n|turn|2\n|\n|t:|1698198488\n|-terastallize|p1a: Corviknight|Fighting\n|move|p2b: Zorro|Thunderbolt|p1a: Corviknight\n|-crit|p1a: Corviknight\n|-damage|p1a: Corviknight|30\/100\n|move|p1b: Landorus|Earth Power|p2b: Zorro\n|-supereffective|p2b: Zorro\n|-damage|p2b: Zorro|0 fnt\n|faint|p2b: Zorro\n|-end|p2b: Zorro|Quark Drive|[silent]\n|move|p1a: Corviknight|Body Press|p2a: Slug Bug\n|-damage|p2a: Slug Bug|56\/100\n|move|p2a: Slug Bug|Ice Beam|p1b: Landorus\n|-supereffective|p1b: Landorus\n|-damage|p1b: Landorus|0 fnt\n|faint|p1b: Landorus\n|\n|-heal|p1a: Corviknight|37\/100|[from] item: Leftovers\n|-heal|p2a: Slug Bug|62\/100|[from] item: Leftovers\n|upkeep\n|\n|t:|1698198511\n|switch|p2b: Land Shark|Garchomp, M|100\/100\n|switch|p1b: Zapdos|Zapdos|100\/100\n|turn|3\n|\n|t:|1698198528\n|move|p2b: Land Shark|Outrage|p1b: Zapdos\n|-damage|p1b: Zapdos|37\/100\n|-damage|p2b: Land Shark|84\/100|[from] item: Rocky Helmet|[of] p1b: Zapdos\n|-status|p2b: Land Shark|par|[from] ability: Static|[of] p1b: Zapdos\n|move|p1b: Zapdos|Tera Blast|p2a: Slug Bug\n|-damage|p2a: Slug Bug|32\/100\n|move|p1a: Corviknight|Roost|p1a: Corviknight\n|-heal|p1a: Corviknight|87\/100\n|move|p2a: Slug Bug|Ice Beam|p1b: Zapdos\n|-supereffective|p1b: Zapdos\n|-damage|p1b: Zapdos|2\/100\n|\n|-heal|p1a: Corviknight|93\/100|[from] item: Leftovers\n|-heal|p2a: Slug Bug|38\/100|[from] item: Leftovers\n|upkeep\n|turn|4\n|\n|t:|1698198566\n|move|p1b: Zapdos|Protect|p1b: Zapdos\n|-singleturn|p1b: Zapdos|Protect\n|move|p2b: Land Shark|Outrage|p1b: Zapdos|[from]lockedmove\n|-activate|p1b: Zapdos|move: Protect\n|-start|p2b: Land Shark|confusion|[fatigue]\n|move|p1a: Corviknight|Body Press|p2a: Slug Bug\n|-damage|p2a: Slug Bug|0 fnt\n|faint|p2a: Slug Bug\n|\n|-heal|p1a: Corviknight|99\/100|[from] item: Leftovers\n|upkeep\n|\n|t:|1698198577\n|switch|p2a: Bowl Cut|Ting-Lu|100\/100\n|-ability|p2a: Bowl Cut|Vessel of Ruin\n|turn|5\n|\n|t:|1698198597\n|-activate|p2b: Land Shark|confusion\n|-damage|p2b: Land Shark|69\/100 par|[from] confusion\n|move|p1b: Zapdos|Tailwind|p1b: Zapdos\n|-sidestart|p1: lumptious|move: Tailwind\n|move|p1a: Corviknight|Bulk Up|p1a: Corviknight\n|-boost|p1a: Corviknight|atk|1\n|-boost|p1a: Corviknight|def|1\n|move|p2a: Bowl Cut|Stone Edge|p1a: Corviknight\n|-resisted|p1a: Corviknight\n|-damage|p1a: Corviknight|94\/100\n|\n|-heal|p1a: Corviknight|99\/100|[from] item: Leftovers\n|upkeep\n|turn|6\n|\n|t:|1698198620\n|move|p1b: Zapdos|Tera Blast|p2b: Land Shark\n|-damage|p2b: Land Shark|46\/100 par\n|move|p1a: Corviknight|Body Press|p2a: Bowl Cut\n|-supereffective|p2a: Bowl Cut\n|-damage|p2a: Bowl Cut|20\/100\n|-activate|p2b: Land Shark|confusion\n|-damage|p2b: Land Shark|32\/100 par|[from] confusion\n|move|p2a: Bowl Cut|Stone Edge|p1b: Zapdos|[miss]\n|-miss|p2a: Bowl Cut|p1b: Zapdos\n|\n|-heal|p1a: Corviknight|100\/100|[from] item: Leftovers\n|upkeep\n|turn|7\n|\n|t:|1698198636\n|move|p1b: Zapdos|Tera Blast|p2b: Land Shark\n|-damage|p2b: Land Shark|8\/100 par\n|move|p1a: Corviknight|Body Press|p2a: Bowl Cut\n|-supereffective|p2a: Bowl Cut\n|-damage|p2a: Bowl Cut|0 fnt\n|faint|p2a: Bowl Cut\n|-activate|p2b: Land Shark|confusion\n|move|p2b: Land Shark|Outrage|p1b: Zapdos\n|-damage|p1b: Zapdos|0 fnt\n|-damage|p2b: Land Shark|0 fnt|[from] item: Rocky Helmet|[of] p1b: Zapdos\n|faint|p1b: Zapdos\n|faint|p2b: Land Shark\n|\n|win|lumptious\n|c|\u2606lumptious|GG\n|l|\u2606lumptious\n|l|\u2606Canadian Bacon 13\n|j|\u2606lumptious\n|player|p1|lumptious|worker-gen4\n","uploadtime":1698198948,"views":12,"p1id":"lumptious","p2id":"canadianbacon13","formatid":"gen9nationaldexdoubles","rating":0,"private":0,"password":""}