{"id":"gen9nationaldexdoubles-1966060775","p1":"Theadonia","p2":"Lilytheloudmouth","format":"[Gen 9] National Dex Doubles","log":"|j|\u2606Theadonia\n|j|\u2606Lilytheloudmouth\n|t:|1697141418\n|gametype|doubles\n|player|p1|Theadonia|caitlin|1100\n|player|p2|Lilytheloudmouth|roxie|1026\n|teamsize|p1|6\n|teamsize|p2|6\n|gen|9\n|tier|[Gen 9] National Dex Doubles\n|rated|\n|rule|HP Percentage Mod: HP is shown in percentages\n|rule|Endless Battle Clause: Forcing endless battles is banned\n|rule|OHKO Clause: OHKO moves are banned\n|rule|Evasion Moves Clause: Evasion moves are banned\n|rule|Evasion Abilities Clause: Evasion abilities are banned\n|rule|Species Clause: Limit one of each Pok\u00e9mon\n|rule|Gravity Sleep Clause: The combination of sleep-inducing moves with imperfect accuracy and Gravity or Gigantamax Orbeetle are banned\n|clearpoke\n|poke|p1|Delphox, F|\n|poke|p1|Oricorio-Sensu, M|\n|poke|p1|Kommo-o, F|\n|poke|p1|Wailmer, F|\n|poke|p1|Cresselia, F|\n|poke|p1|Swoobat, M|\n|poke|p2|Okidogi, M|\n|poke|p2|Munkidori, M|\n|poke|p2|Gliscor, M|\n|poke|p2|Grafaiai, F|\n|poke|p2|Kingambit, M|\n|poke|p2|Gholdengo|\n|teampreview\n|\n|t:|1697141430\n|start\n|switch|p1a: Delphox|Delphox, F, shiny|100\/100\n|switch|p1b: Oricorio|Oricorio-Sensu, M, shiny|100\/100\n|switch|p2a: Nerd|Grafaiai, F|100\/100\n|switch|p2b: Doggo|Okidogi, M|100\/100\n|turn|1\n|\n|t:|1697141456\n|switch|p1b: Wailmer|Wailmer, F, shiny|100\/100\n|-ability|p1b: Wailmer|Pressure\n|move|p2a: Nerd|Toxic|p1a: Delphox\n|-status|p1a: Delphox|tox\n|move|p1a: Delphox|Role Play|p1b: Wailmer\n|-endability|p1a: Delphox|Magician|[from] move: Role Play\n|-ability|p1a: Delphox|Pressure\n|-ability|p1a: Delphox|Pressure|[from] move: Role Play|[of] p1b: Wailmer\n|move|p2b: Doggo|Knock Off|p1b: Wailmer\n|-damage|p1b: Wailmer|62\/100\n|-status|p1b: Wailmer|tox|[from] ability: Toxic Chain|[of] p2b: Doggo\n|-enditem|p1b: Wailmer|Eviolite|[from] move: Knock Off|[of] p2b: Doggo\n|\n|-damage|p1a: Delphox|94\/100 tox|[from] psn\n|-damage|p1b: Wailmer|56\/100 tox|[from] psn\n|upkeep\n|turn|2\n|\n|t:|1697141484\n|move|p2b: Doggo|Protect|p2b: Doggo\n|-singleturn|p2b: Doggo|Protect\n|move|p2a: Nerd|Encore|p1a: Delphox\n|-start|p1a: Delphox|Encore\n|move|p1a: Delphox|Role Play|p2a: Nerd\n|-endability|p1a: Delphox|Pressure|[from] move: Role Play\n|-ability|p1a: Delphox|Unburden|[from] move: Role Play|[of] p2a: Nerd\n|move|p1b: Wailmer|Rest|p1b: Wailmer\n|-status|p1b: Wailmer|slp|[from] move: Rest\n|-heal|p1b: Wailmer|100\/100 slp|[silent]\n|\n|-damage|p1a: Delphox|82\/100 tox|[from] psn\n|upkeep\n|turn|3\n|\n|t:|1697141503\n|switch|p1a: Kommo-o|Kommo-o, F, shiny|100\/100\n|switch|p1b: Oricorio|Oricorio-Sensu, M, shiny|100\/100\n|move|p2a: Nerd|Encore||[still]\n|-fail|p2a: Nerd\n|move|p2b: Doggo|Knock Off|p1a: Kommo-o\n|-resisted|p1a: Kommo-o\n|-damage|p1a: Kommo-o|89\/100\n|\n|upkeep\n|turn|4\n|\n|t:|1697141534\n|move|p2a: Nerd|Toxic|p1a: Kommo-o\n|-status|p1a: Kommo-o|tox\n|move|p1a: Kommo-o|Clangorous Soul|p1a: Kommo-o\n|-boost|p1a: Kommo-o|atk|1\n|-boost|p1a: Kommo-o|def|1\n|-boost|p1a: Kommo-o|spa|1\n|-boost|p1a: Kommo-o|spd|1\n|-boost|p1a: Kommo-o|spe|1\n|-damage|p1a: Kommo-o|56\/100 tox\n|-activate|p1b: Oricorio|ability: Dancer\n|move|p1b: Oricorio|Clangorous Soul|p1b: Oricorio|[from]ability: Dancer\n|-boost|p1b: Oricorio|atk|1\n|-boost|p1b: Oricorio|def|1\n|-boost|p1b: Oricorio|spa|1\n|-boost|p1b: Oricorio|spd|1\n|-boost|p1b: Oricorio|spe|1\n|-damage|p1b: Oricorio|68\/100\n|move|p1b: Oricorio|Quiver Dance|p1b: Oricorio\n|-boost|p1b: Oricorio|spa|1\n|-boost|p1b: Oricorio|spd|1\n|-boost|p1b: Oricorio|spe|1\n|move|p2b: Doggo|Knock Off|p1b: Oricorio\n|-supereffective|p1b: Oricorio\n|-damage|p1b: Oricorio|29\/100\n|-enditem|p1b: Oricorio|Aguav Berry|[from] move: Knock Off|[of] p2b: Doggo\n|\n|-damage|p1a: Kommo-o|50\/100 tox|[from] psn\n|upkeep\n|turn|5\n|\n|t:|1697141573\n|move|p2b: Doggo|Protect|p2b: Doggo\n|-singleturn|p2b: Doggo|Protect\n|move|p1b: Oricorio|Substitute|p1b: Oricorio\n|-start|p1b: Oricorio|Substitute\n|-damage|p1b: Oricorio|4\/100\n|-zpower|p1a: Kommo-o\n|move|p1a: Kommo-o|Clangorous Soulblaze|p2a: Nerd|[zeffect]|[spread] p2a,p2b\n|-zbroken|p2b: Doggo\n|-damage|p2a: Nerd|4\/100\n|-damage|p2b: Doggo|83\/100\n|-boost|p1a: Kommo-o|atk|1\n|-boost|p1a: Kommo-o|def|1\n|-boost|p1a: Kommo-o|spa|1\n|-boost|p1a: Kommo-o|spd|1\n|-boost|p1a: Kommo-o|spe|1\n|move|p2a: Nerd|Encore||[still]\n|-fail|p2a: Nerd\n|\n|-heal|p2a: Nerd|10\/100|[from] item: Black Sludge\n|-heal|p2b: Doggo|89\/100|[from] item: Leftovers\n|-damage|p1a: Kommo-o|38\/100 tox|[from] psn\n|upkeep\n|turn|6\n|\n|t:|1697141633\n|switch|p2a: Scrooge|Gholdengo|100\/100\n|move|p1a: Kommo-o|Clanging Scales|p2a: Scrooge|[spread] p2a,p2b\n|-resisted|p2a: Scrooge\n|-damage|p2a: Scrooge|78\/100\n|-damage|p2b: Doggo|30\/100\n|-unboost|p1a: Kommo-o|def|1\n|move|p1b: Oricorio|Quiver Dance|p1b: Oricorio\n|-boost|p1b: Oricorio|spa|1\n|-boost|p1b: Oricorio|spd|1\n|-boost|p1b: Oricorio|spe|1\n|move|p2b: Doggo|Knock Off|p1b: Oricorio\n|-supereffective|p1b: Oricorio\n|-end|p1b: Oricorio|Substitute\n|\n|-heal|p2b: Doggo|36\/100|[from] item: Leftovers\n|-damage|p1a: Kommo-o|19\/100 tox|[from] psn\n|upkeep\n|turn|7\n|\n|t:|1697141669\n|move|p2b: Doggo|Protect|p2b: Doggo\n|-singleturn|p2b: Doggo|Protect\n|move|p1a: Kommo-o|Drain Punch|p2b: Doggo\n|-activate|p2b: Doggo|move: Protect\n|move|p1b: Oricorio|Revelation Dance|p2a: Scrooge\n|-supereffective|p2a: Scrooge\n|-damage|p2a: Scrooge|0 fnt\n|faint|p2a: Scrooge\n|\n|-heal|p2b: Doggo|42\/100|[from] item: Leftovers\n|-damage|p1a: Kommo-o|0 fnt|[from] psn\n|faint|p1a: Kommo-o\n|upkeep\n|\n|t:|1697141683\n|switch|p1a: Cresselia|Cresselia, F|100\/100\n|switch|p2a: Chesster|Kingambit, M|100\/100\n|-activate|p2a: Chesster|ability: Supreme Overlord\n|-start|p2a: Chesster|fallen1|[silent]\n|turn|8\n|\n|t:|1697141691\n|move|p2a: Chesster|Sucker Punch||[still]\n|-fail|p2a: Chesster\n|move|p1b: Oricorio|Baton Pass|p1b: Oricorio\n|\n|t:|1697141695\n|switch|p1b: Wailmer|Wailmer, F, shiny|100\/100 slp|[from] Baton Pass\n|-ability|p1b: Wailmer|Pressure\n|move|p1a: Cresselia|Psych Up|p1b: Wailmer\n|-copyboost|p1a: Cresselia|p1b: Wailmer|[from] move: Psych Up\n|move|p2b: Doggo|Knock Off|p1a: Cresselia\n|-supereffective|p1a: Cresselia\n|-damage|p1a: Cresselia|71\/100\n|-enditem|p1a: Cresselia|Leftovers|[from] move: Knock Off|[of] p2b: Doggo\n|\n|-heal|p2b: Doggo|48\/100|[from] item: Leftovers\n|upkeep\n|turn|9\n|\n|t:|1697141723\n|-terastallize|p1b: Wailmer|Water\n|move|p1a: Cresselia|Lunar Blessing|p1a: Cresselia|[spread] p1a,p1b\n|-heal|p1a: Cresselia|96\/100\n|-curestatus|p1b: Wailmer|slp|[msg]\n|move|p1b: Wailmer|Water Spout|p2b: Doggo|[spread] p2a,p2b\n|-damage|p2a: Chesster|0 fnt\n|-damage|p2b: Doggo|0 fnt\n|faint|p2a: Chesster\n|-end|p2a: Chesster|fallen1|[silent]\n|faint|p2b: Doggo\n|\n|upkeep\n|\n|t:|1697141734\n|switch|p2b: Scampoil|Gliscor, M|100\/100\n|switch|p2a: Charles|Munkidori, M|100\/100\n|turn|10\n|\n|t:|1697141741\n|move|p1a: Cresselia|Stored Power|p2a: Charles\n|-damage|p2a: Charles|0 fnt\n|faint|p2a: Charles\n|move|p1b: Wailmer|Water Spout|p2b: Scampoil\n|-supereffective|p2b: Scampoil\n|-damage|p2b: Scampoil|0 fnt\n|faint|p2b: Scampoil\n|\n|upkeep\n|-message|Lilytheloudmouth forfeited.\n|\n|win|Theadonia\n|raw|Theadonia's rating: 1100 &rarr; <strong>1120<\/strong><br \/>(+20 for winning)\n|raw|Lilytheloudmouth's rating: 1026 &rarr; <strong>1015<\/strong><br \/>(-11 for losing)\n|l|\u2606Lilytheloudmouth\n","uploadtime":1697141752,"views":10,"p1id":"theadonia","p2id":"lilytheloudmouth","formatid":"gen9nationaldexdoubles","rating":1015,"private":0,"password":""}