{"id":"gen9nationaldexdoubles-1976961803","p1":"multiingbe","p2":"karrottensirup","format":"[Gen 9] National Dex Doubles","log":"|j|\u2606multiingbe\n|j|\u2606karrottensirup\n|t:|1698356463\n|gametype|doubles\n|player|p1|multiingbe|kimonogirl|1056\n|player|p2|karrottensirup|bugcatcher-gen4dp|1035\n|teamsize|p1|6\n|teamsize|p2|6\n|gen|9\n|tier|[Gen 9] National Dex Doubles\n|rated|\n|rule|HP Percentage Mod: HP is shown in percentages\n|rule|Endless Battle Clause: Forcing endless battles is banned\n|rule|OHKO Clause: OHKO moves are banned\n|rule|Evasion Moves Clause: Evasion moves are banned\n|rule|Evasion Abilities Clause: Evasion abilities are banned\n|rule|Species Clause: Limit one of each Pok\u00e9mon\n|rule|Gravity Sleep Clause: The combination of sleep-inducing moves with imperfect accuracy and Gravity or Gigantamax Orbeetle are banned\n|clearpoke\n|poke|p1|Shuckle, F|\n|poke|p1|Butterfree, M|\n|poke|p1|Blaziken, F|\n|poke|p1|Lapras, M|\n|poke|p1|Ditto|\n|poke|p1|Lunatone|\n|poke|p2|Regieleki|\n|poke|p2|Hariyama, M|\n|poke|p2|Ninjask, M|\n|poke|p2|Togekiss, F|\n|poke|p2|Alakazam, F|\n|poke|p2|Honchkrow, M|\n|teampreview\n|inactive|Battle timer is ON: inactive players will automatically lose when time's up. (requested by karrottensirup)\n|\n|t:|1698356469\n|start\n|switch|p1a: Jilumawi|Butterfree, M|100\/100\n|switch|p1b: Cegimyugi|Blaziken, F|100\/100\n|switch|p2a: Hariyama|Hariyama, M|100\/100\n|switch|p2b: Ninjask|Ninjask, M|100\/100\n|turn|1\n|\n|t:|1698356485\n|switch|p1b: Vis Edre|Lunatone|100\/100\n|move|p2b: Ninjask|Protect|p2b: Ninjask\n|-singleturn|p2b: Ninjask|Protect\n|move|p1a: Jilumawi|Electroweb|p2a: Hariyama|[spread] p2a\n|-activate|p2b: Ninjask|move: Protect\n|-crit|p2a: Hariyama\n|-damage|p2a: Hariyama|82\/100\n|-unboost|p2a: Hariyama|spe|1\n|move|p2a: Hariyama|Belly Drum|p2a: Hariyama\n|-damage|p2a: Hariyama|32\/100\n|-setboost|p2a: Hariyama|atk|6|[from] move: Belly Drum\n|-enditem|p2a: Hariyama|Sitrus Berry|[eat]\n|-heal|p2a: Hariyama|57\/100|[from] item: Sitrus Berry\n|\n|-ability|p2b: Ninjask|Speed Boost|boost\n|-boost|p2b: Ninjask|spe|1\n|upkeep\n|turn|2\n|\n|t:|1698356506\n|move|p2a: Hariyama|Bullet Punch|p1b: Vis Edre\n|-supereffective|p1b: Vis Edre\n|-damage|p1b: Vis Edre|0 fnt\n|faint|p1b: Vis Edre\n|move|p2b: Ninjask|Acrobatics|p1a: Jilumawi\n|-supereffective|p1a: Jilumawi\n|-damage|p1a: Jilumawi|17\/100\n|move|p1a: Jilumawi|Air Slash|p2a: Hariyama\n|-supereffective|p2a: Hariyama\n|-damage|p2a: Hariyama|0 fnt\n|faint|p2a: Hariyama\n|\n|-ability|p2b: Ninjask|Speed Boost|boost\n|-boost|p2b: Ninjask|spe|1\n|upkeep\n|\n|t:|1698356531\n|switch|p1b: Cegimyugi|Blaziken, F|100\/100\n|switch|p2a: Regieleki|Regieleki|100\/100\n|turn|3\n|\n|t:|1698356547\n|switch|p1b: Mipdiuges|Lapras, M|100\/100\n|move|p2b: Ninjask|Acrobatics|p1a: Jilumawi\n|-supereffective|p1a: Jilumawi\n|-damage|p1a: Jilumawi|0 fnt\n|faint|p1a: Jilumawi\n|move|p2a: Regieleki|Reflect|p2a: Regieleki\n|-sidestart|p2: karrottensirup|Reflect\n|\n|-ability|p2b: Ninjask|Speed Boost|boost\n|-boost|p2b: Ninjask|spe|1\n|upkeep\n|\n|t:|1698356559\n|switch|p1a: Muninai|Ditto|100\/100\n|-transform|p1a: Muninai|p2b: Ninjask|[from] ability: Imposter\n|turn|4\n|\n|t:|1698356568\n|move|p2b: Ninjask|Protect|p2b: Ninjask\n|-singleturn|p2b: Ninjask|Protect\n|move|p1a: Muninai|Protect|p1a: Muninai\n|-singleturn|p1a: Muninai|Protect\n|move|p2a: Regieleki|Explosion|p1a: Muninai|[spread] p1b\n|-activate|p2b: Ninjask|move: Protect\n|-activate|p1a: Muninai|move: Protect\n|-damage|p1b: Mipdiuges|64\/100\n|faint|p2a: Regieleki\n|move|p1b: Mipdiuges|Perish Song|p1b: Mipdiuges\n|-start|p1a: Muninai|perish3|[silent]\n|-start|p1b: Mipdiuges|perish3|[silent]\n|-start|p2b: Ninjask|perish3|[silent]\n|-fieldactivate|move: Perish Song\n|\n|-heal|p1b: Mipdiuges|70\/100|[from] item: Leftovers\n|-start|p2b: Ninjask|perish3\n|-start|p1a: Muninai|perish3\n|-start|p1b: Mipdiuges|perish3\n|-ability|p2b: Ninjask|Speed Boost|boost\n|-boost|p2b: Ninjask|spe|1\n|-ability|p1a: Muninai|Speed Boost|boost\n|-boost|p1a: Muninai|spe|1\n|-enditem|p2b: Ninjask|Mirror Herb\n|-boost|p2b: Ninjask|spe|1|[from] item: Mirror Herb\n|upkeep\n|\n|t:|1698356582\n|switch|p2a: Honchkrow|Honchkrow, M|100\/100\n|turn|5\n|\n|t:|1698356598\n|switch|p1a: Dellihuro|Shuckle, F|100\/100\n|move|p2b: Ninjask|U-turn|p1a: Dellihuro\n|-damage|p1a: Dellihuro|80\/100\n|\n|t:|1698356604\n|switch|p2b: Togekiss|Togekiss, F|100\/100|[from] U-turn\n|move|p2a: Honchkrow|Night Slash|p1a: Dellihuro\n|-crit|p1a: Dellihuro\n|-damage|p1a: Dellihuro|45\/100\n|-enditem|p1a: Dellihuro|Iapapa Berry|[eat]\n|-heal|p1a: Dellihuro|78\/100|[from] item: Iapapa Berry\n|move|p1b: Mipdiuges|Freeze-Dry|p2a: Honchkrow\n|-supereffective|p2a: Honchkrow\n|-damage|p2a: Honchkrow|37\/100\n|\n|-heal|p1b: Mipdiuges|76\/100|[from] item: Leftovers\n|-start|p1b: Mipdiuges|perish2\n|upkeep\n|turn|6\n|\n|t:|1698356629\n|move|p2b: Togekiss|Follow Me|p2b: Togekiss\n|-singleturn|p2b: Togekiss|move: Follow Me\n|move|p2a: Honchkrow|Tailwind|p2a: Honchkrow\n|-sidestart|p2: karrottensirup|move: Tailwind\n|move|p1b: Mipdiuges|Freeze-Dry|p2b: Togekiss\n|-supereffective|p2b: Togekiss\n|-damage|p2b: Togekiss|73\/100\n|move|p1a: Dellihuro|Rollout|p2b: Togekiss\n|-supereffective|p2b: Togekiss\n|-damage|p2b: Togekiss|69\/100\n|\n|-heal|p1b: Mipdiuges|82\/100|[from] item: Leftovers\n|-start|p1b: Mipdiuges|perish1\n|upkeep\n|turn|7\n|\n|t:|1698356646\n|switch|p1b: Muninai|Ditto|100\/100\n|-transform|p1b: Muninai|p2a: Honchkrow|[from] ability: Imposter\n|move|p2b: Togekiss|Air Cutter|p1a: Dellihuro|[spread] p1a,p1b\n|-crit|p1a: Dellihuro\n|-crit|p1b: Muninai\n|-damage|p1a: Dellihuro|64\/100\n|-damage|p1b: Muninai|46\/100\n|move|p2a: Honchkrow|Night Slash|p1a: Dellihuro\n|-crit|p1a: Dellihuro\n|-damage|p1a: Dellihuro|25\/100\n|move|p1a: Dellihuro|Rollout|p2a: Honchkrow|[from]lockedmove\n|-supereffective|p2a: Honchkrow\n|-damage|p2a: Honchkrow|28\/100\n|\n|upkeep\n|turn|8\n|\n|t:|1698356664\n|switch|p1b: Mipdiuges|Lapras, M|82\/100\n|move|p2b: Togekiss|Air Cutter|p1a: Dellihuro|[spread] p1a,p1b\n|-crit|p1a: Dellihuro\n|-damage|p1a: Dellihuro|10\/100\n|-damage|p1b: Mipdiuges|69\/100\n|move|p2a: Honchkrow|Night Slash|p1a: Dellihuro\n|-crit|p1a: Dellihuro\n|-damage|p1a: Dellihuro|0 fnt\n|faint|p1a: Dellihuro\n|\n|-heal|p1b: Mipdiuges|76\/100|[from] item: Leftovers\n|upkeep\n|\n|t:|1698356677\n|switch|p1a: Muninai|Ditto|46\/100\n|-transform|p1a: Muninai|p2b: Togekiss|[from] ability: Imposter\n|turn|9\n|\n|t:|1698356687\n|move|p2b: Togekiss|Air Cutter|p1a: Muninai|[spread] p1a,p1b\n|-crit|p1a: Muninai\n|-damage|p1a: Muninai|25\/100\n|-damage|p1b: Mipdiuges|63\/100\n|move|p2a: Honchkrow|Night Slash|p1b: Mipdiuges\n|-damage|p1b: Mipdiuges|22\/100\n|move|p1a: Muninai|Roost|p1a: Muninai\n|-heal|p1a: Muninai|75\/100\n|-singleturn|p1a: Muninai|move: Roost\n|move|p1b: Mipdiuges|Freeze-Dry|p2a: Honchkrow\n|-supereffective|p2a: Honchkrow\n|-damage|p2a: Honchkrow|0 fnt\n|faint|p2a: Honchkrow\n|\n|-heal|p1b: Mipdiuges|29\/100|[from] item: Leftovers\n|-sideend|p2: karrottensirup|move: Tailwind\n|upkeep\n|\n|t:|1698356697\n|switch|p2a: Alakazam|Alakazam, F|100\/100\n|turn|10\n|\n|t:|1698356714\n|detailschange|p2a: Alakazam|Alakazam-Mega, F\n|-mega|p2a: Alakazam|Alakazam|Alakazite\n|-ability|p2a: Alakazam|Super Luck|[from] ability: Trace|[of] p1a: Muninai\n|move|p1a: Muninai|Follow Me|p1a: Muninai\n|-singleturn|p1a: Muninai|move: Follow Me\n|move|p2a: Alakazam|Psychic|p1a: Muninai\n|-damage|p1a: Muninai|28\/100\n|move|p2b: Togekiss|Air Cutter|p1a: Muninai|[spread] p1a,p1b\n|-crit|p1a: Muninai\n|-damage|p1a: Muninai|6\/100\n|-damage|p1b: Mipdiuges|16\/100\n|move|p1b: Mipdiuges|Freeze-Dry|p2b: Togekiss\n|-supereffective|p2b: Togekiss\n|-damage|p2b: Togekiss|45\/100\n|\n|-heal|p1b: Mipdiuges|22\/100|[from] item: Leftovers\n|-sideend|p2: karrottensirup|Reflect\n|upkeep\n|turn|11\n|\n|t:|1698356736\n|move|p2a: Alakazam|Psychic|p1b: Mipdiuges\n|-damage|p1b: Mipdiuges|0 fnt\n|faint|p1b: Mipdiuges\n|move|p2b: Togekiss|Air Cutter|p1a: Muninai\n|-crit|p1a: Muninai\n|-damage|p1a: Muninai|0 fnt\n|faint|p1a: Muninai\n|\n|upkeep\n|\n|t:|1698356745\n|switch|p1a: Cegimyugi|Blaziken, F|100\/100\n|turn|12\n|\n|t:|1698356751\n|detailschange|p1a: Cegimyugi|Blaziken-Mega, F\n|-mega|p1a: Cegimyugi|Blaziken|Blazikenite\n|move|p2a: Alakazam|Psychic|p1a: Cegimyugi\n|-supereffective|p1a: Cegimyugi\n|-damage|p1a: Cegimyugi|0 fnt\n|faint|p1a: Cegimyugi\n|\n|win|karrottensirup\n|raw|multiingbe's rating: 1056 &rarr; <strong>1036<\/strong><br \/>(-20 for losing)\n|raw|karrottensirup's rating: 1035 &rarr; <strong>1072<\/strong><br \/>(+37 for winning)\n|l|\u2606karrottensirup\n","uploadtime":1698356758,"views":6,"p1id":"multiingbe","p2id":"karrottensirup","formatid":"gen9nationaldexdoubles","rating":1036,"private":0,"password":""}