{"id":"gen9nationaldexdoubles-1964535088","p1":"Corza27","p2":"mclocka","format":"[Gen 9] National Dex Doubles","log":"|j|\u2606Corza27\n|j|\u203dmclocka\n|t:|1696977690\n|gametype|doubles\n|player|p1|Corza27|birdkeeper|\n|player|p2|mclocka|waitress-gen4|\n|teamsize|p1|6\n|teamsize|p2|6\n|gen|9\n|tier|[Gen 9] National Dex Doubles\n|rule|HP Percentage Mod: HP is shown in percentages\n|rule|Endless Battle Clause: Forcing endless battles is banned\n|rule|OHKO Clause: OHKO moves are banned\n|rule|Evasion Moves Clause: Evasion moves are banned\n|rule|Evasion Abilities Clause: Evasion abilities are banned\n|rule|Species Clause: Limit one of each Pok\u00e9mon\n|rule|Gravity Sleep Clause: The combination of sleep-inducing moves with imperfect accuracy and Gravity or Gigantamax Orbeetle are banned\n|clearpoke\n|poke|p1|Enamorus, F|\n|poke|p1|Amoonguss, M|\n|poke|p1|Basculegion-F, F|\n|poke|p1|Lucario, M|\n|poke|p1|Maushold|\n|poke|p1|Torkoal, F|\n|poke|p2|Zapdos|\n|poke|p2|Dragonite, M|\n|poke|p2|Enamorus, F|\n|poke|p2|Greninja-*, M|\n|poke|p2|Charizard, M|\n|poke|p2|Leafeon, F|\n|teampreview\n|\n|t:|1696977703\n|start\n|switch|p1a: Enamorus|Enamorus, F|100\/100\n|switch|p1b: Amoonguss|Amoonguss, M|100\/100\n|switch|p2a: Enamorus|Enamorus, F, shiny|100\/100\n|switch|p2b: Charizard|Charizard, M, shiny|100\/100\n|turn|1\n|\n|t:|1696977729\n|move|p1b: Amoonguss|Protect|p1b: Amoonguss\n|-singleturn|p1b: Amoonguss|Protect\n|move|p1a: Enamorus|Dazzling Gleam|p2b: Charizard|[spread] p2a,p2b\n|-resisted|p2b: Charizard\n|-damage|p2a: Enamorus|58\/100\n|-damage|p2b: Charizard|80\/100\n|move|p2a: Enamorus|Play Rough|p1a: Enamorus\n|-damage|p1a: Enamorus|30\/100\n|-boost|p1a: Enamorus|atk|1\n|move|p2b: Charizard|Dragon Breath|p1b: Amoonguss\n|-activate|p1b: Amoonguss|move: Protect\n|\n|upkeep\n|turn|2\n|c|\u2606Corza27|your gonna go for my amoonguss\n|\n|t:|1696977751\n|move|p1a: Enamorus|Fly||[still]\n|-prepare|p1a: Enamorus|Fly\n|move|p2a: Enamorus|Play Rough|p1a: Enamorus|[miss]\n|-miss|p2a: Enamorus|p1a: Enamorus\n|move|p2b: Charizard|Fire Blast|p1b: Amoonguss|[miss]\n|-miss|p2b: Charizard|p1b: Amoonguss\n|move|p1b: Amoonguss|Scary Face|p1a: Enamorus|[miss]\n|-miss|p1b: Amoonguss|p1a: Enamorus\n|\n|upkeep\n|turn|3\n|\n|t:|1696977774\n|move|p1b: Amoonguss|Protect|p1b: Amoonguss\n|-singleturn|p1b: Amoonguss|Protect\n|move|p1a: Enamorus|Fly|p2a: Enamorus|[from]lockedmove\n|-damage|p2a: Enamorus|0 fnt\n|faint|p2a: Enamorus\n|move|p2b: Charizard|Acrobatics|p1a: Enamorus\n|-damage|p1a: Enamorus|2\/100\n|\n|upkeep\n|\n|t:|1696977789\n|switch|p2a: Greninja|Greninja, M, shiny|100\/100\n|turn|4\n|\n|t:|1696977812\n|move|p2a: Greninja|Protect|p2a: Greninja\n|-singleturn|p2a: Greninja|Protect\n|move|p1a: Enamorus|Draining Kiss|p2a: Greninja\n|-activate|p2a: Greninja|move: Protect\n|move|p2b: Charizard|Acrobatics|p1a: Enamorus\n|-damage|p1a: Enamorus|0 fnt\n|faint|p1a: Enamorus\n|move|p1b: Amoonguss|Giga Drain|p2a: Greninja\n|-activate|p2a: Greninja|move: Protect\n|\n|upkeep\n|c|\u2606Corza27|bruh\n|\n|t:|1696977833\n|switch|p1a: Basculegion|Basculegion-F, F|100\/100\n|turn|5\n|\n|t:|1696977861\n|switch|p2a: Leafeon|Leafeon, F, shiny|100\/100\n|-terastallize|p1a: Basculegion|Water\n|move|p2b: Charizard|Dragon Breath|p1a: Basculegion\n|-damage|p1a: Basculegion|87\/100\n|move|p1a: Basculegion|Flip Turn|p2b: Charizard\n|-supereffective|p2b: Charizard\n|-damage|p2b: Charizard|0 fnt\n|faint|p2b: Charizard\n|\n|t:|1696977877\n|switch|p1a: Maushold|Maushold|100\/100|[from] Flip Turn\n|move|p1b: Amoonguss|Giga Drain|p2a: Leafeon\n|-resisted|p2a: Leafeon\n|-damage|p2a: Leafeon|82\/100\n|\n|upkeep\n|\n|t:|1696977886\n|switch|p2b: Zapdos|Zapdos, shiny|100\/100\n|turn|6\n|\n|t:|1696977898\n|switch|p1b: Lucario|Lucario, M|100\/100\n|move|p1a: Maushold|Beat Up|p1b: Lucario\n|-resisted|p1b: Lucario\n|-damage|p1b: Lucario|98\/100\n|-ability|p1b: Lucario|Justified|boost\n|-boost|p1b: Lucario|atk|1\n|-resisted|p1b: Lucario\n|-damage|p1b: Lucario|96\/100\n|-ability|p1b: Lucario|Justified|boost\n|-boost|p1b: Lucario|atk|1\n|-resisted|p1b: Lucario\n|-damage|p1b: Lucario|93\/100\n|-ability|p1b: Lucario|Justified|boost\n|-boost|p1b: Lucario|atk|1\n|-resisted|p1b: Lucario\n|-damage|p1b: Lucario|91\/100\n|-ability|p1b: Lucario|Justified|boost\n|-boost|p1b: Lucario|atk|1\n|-resisted|p1b: Lucario\n|-damage|p1b: Lucario|89\/100\n|-ability|p1b: Lucario|Justified|boost\n|-boost|p1b: Lucario|atk|1\n|-hitcount|p1b: Lucario|5\n|move|p2a: Leafeon|Leaf Storm|p1a: Maushold\n|-damage|p1a: Maushold|27\/100\n|-unboost|p2a: Leafeon|spa|2\n|move|p2b: Zapdos|Ancient Power|p1a: Maushold\n|-damage|p1a: Maushold|0 fnt\n|faint|p1a: Maushold\n|\n|upkeep\n|c|\u2606Corza27|POWER\n|\n|t:|1696977923\n|switch|p1a: Torkoal|Torkoal, F|100\/100\n|-weather|SunnyDay|[from] ability: Drought|[of] p1a: Torkoal\n|turn|7\n|\n|t:|1696977951\n|switch|p2a: Greninja|Greninja, M, shiny|100\/100\n|detailschange|p1b: Lucario|Lucario-Mega, M\n|-mega|p1b: Lucario|Lucario|Lucarionite\n|move|p1b: Lucario|Agility|p1b: Lucario\n|-boost|p1b: Lucario|spe|2\n|move|p2b: Zapdos|Discharge|p1a: Torkoal|[spread] p2a,p1a,p1b\n|-supereffective|p2a: Greninja\n|-damage|p2a: Greninja|0 fnt\n|-damage|p1a: Torkoal|49\/100\n|-damage|p1b: Lucario|19\/100\n|-status|p1b: Lucario|par\n|faint|p2a: Greninja\n|move|p1a: Torkoal|Fire Blast|p2b: Zapdos\n|-damage|p2b: Zapdos|28\/100\n|\n|-weather|SunnyDay|[upkeep]\n|upkeep\n|\n|t:|1696977970\n|switch|p2a: Dragonite|Dragonite, M, shiny|100\/100\n|turn|8\n|\n|t:|1696978005\n|move|p1a: Torkoal|Protect|p1a: Torkoal\n|-singleturn|p1a: Torkoal|Protect\n|move|p1b: Lucario|Flash Cannon|p2b: Zapdos\n|-resisted|p2b: Zapdos\n|-damage|p2b: Zapdos|0 fnt\n|faint|p2b: Zapdos\n|move|p2a: Dragonite|Draco Meteor|p1a: Torkoal\n|-activate|p1a: Torkoal|move: Protect\n|\n|-weather|SunnyDay|[upkeep]\n|upkeep\n|\n|t:|1696978015\n|switch|p2b: Leafeon|Leafeon, F, shiny|82\/100\n|turn|9\n|\n|t:|1696978039\n|cant|p1b: Lucario|par\n|move|p2b: Leafeon|Leaf Storm|p1b: Lucario\n|-resisted|p1b: Lucario\n|-damage|p1b: Lucario|0 fnt\n|-unboost|p2b: Leafeon|spa|2\n|faint|p1b: Lucario\n|move|p2a: Dragonite|Draco Meteor|p1a: Torkoal\n|-damage|p1a: Torkoal|0 fnt\n|-unboost|p2a: Dragonite|spa|2\n|faint|p1a: Torkoal\n|\n|-weather|SunnyDay|[upkeep]\n|upkeep\n|\n|t:|1696978052\n|switch|p1b: Basculegion|Basculegion-F, F, tera:Water|87\/100\n|switch|p1a: Amoonguss|Amoonguss, M|100\/100\n|turn|10\n|\n|t:|1696978082\n|move|p2b: Leafeon|Leaf Storm|p1a: Amoonguss\n|-resisted|p1a: Amoonguss\n|-damage|p1a: Amoonguss|97\/100\n|-unboost|p2b: Leafeon|spa|2\n|move|p2a: Dragonite|Draco Meteor|p1b: Basculegion\n|-damage|p1b: Basculegion|68\/100\n|-unboost|p2a: Dragonite|spa|2\n|move|p1b: Basculegion|Last Respects|p2b: Leafeon\n|-damage|p2b: Leafeon|0 fnt\n|faint|p2b: Leafeon\n|move|p1a: Amoonguss|Scary Face|p2a: Dragonite\n|-unboost|p2a: Dragonite|spe|2\n|\n|-weather|SunnyDay|[upkeep]\n|upkeep\n|turn|11\n|\n|t:|1696978103\n|move|p1b: Basculegion|Last Respects|p2a: Dragonite\n|-damage|p2a: Dragonite|0 fnt\n|faint|p2a: Dragonite\n|\n|win|Corza27\n|c|\u2606Corza27|gg\n","uploadtime":1696978117,"views":8,"p1id":"corza27","p2id":"mclocka","formatid":"gen9nationaldexdoubles","rating":0,"private":0,"password":""}