{"id":"gen9nationaldexdoubles-1960597386","p1":"Drakhar_LoveSensei","p2":"Penguin Stylez","format":"[Gen 9] National Dex Doubles","log":"|j|\u2606Drakhar_LoveSensei\n|j|\u2606Penguin Stylez\n|t:|1696537730\n|gametype|doubles\n|player|p1|Drakhar_LoveSensei|idol|1084\n|player|p2|Penguin Stylez|101|1084\n|teamsize|p1|6\n|teamsize|p2|6\n|gen|9\n|tier|[Gen 9] National Dex Doubles\n|rated|\n|rule|HP Percentage Mod: HP is shown in percentages\n|rule|Endless Battle Clause: Forcing endless battles is banned\n|rule|OHKO Clause: OHKO moves are banned\n|rule|Evasion Moves Clause: Evasion moves are banned\n|rule|Evasion Abilities Clause: Evasion abilities are banned\n|rule|Species Clause: Limit one of each Pok\u00e9mon\n|rule|Gravity Sleep Clause: The combination of sleep-inducing moves with imperfect accuracy and Gravity or Gigantamax Orbeetle are banned\n|clearpoke\n|poke|p1|Chesnaught, M|\n|poke|p1|Trevenant, F|\n|poke|p1|Sinistcha-Masterpiece|\n|poke|p1|Dipplin, M|\n|poke|p1|Whimsicott, M|\n|poke|p1|Shiftry, M|\n|poke|p2|Fearow, F|\n|poke|p2|Scolipede, F|\n|poke|p2|Excadrill, M|\n|poke|p2|Clefable, M|\n|poke|p2|Volcarona, M|\n|poke|p2|Tapu Lele|\n|teampreview\n|\n|t:|1696537736\n|start\n|switch|p1a: Chesnaught|Chesnaught, M, shiny|100\/100\n|switch|p1b: Trevenant|Trevenant, F, shiny|100\/100\n|switch|p2a: Scolipede|Scolipede, F|100\/100\n|switch|p2b: Clefable|Clefable, M|100\/100\n|turn|1\n|\n|t:|1696537748\n|-terastallize|p1a: Chesnaught|Rock\n|move|p2a: Scolipede|Protect|p2a: Scolipede\n|-singleturn|p2a: Scolipede|Protect\n|move|p2b: Clefable|Encore||[still]\n|-fail|p2b: Clefable\n|move|p1a: Chesnaught|Belly Drum|p1a: Chesnaught\n|-damage|p1a: Chesnaught|51\/100\n|-setboost|p1a: Chesnaught|atk|6|[from] move: Belly Drum\n|move|p1b: Trevenant|Trick Room|p1b: Trevenant\n|-fieldstart|move: Trick Room|[of] p1b: Trevenant\n|\n|-heal|p1a: Chesnaught|57\/100|[from] item: Leftovers\n|-ability|p2a: Scolipede|Speed Boost|boost\n|-boost|p2a: Scolipede|spe|1\n|upkeep\n|turn|2\n|\n|t:|1696537766\n|move|p1a: Chesnaught|Rock Slide|p2a: Scolipede|[spread] p2a,p2b\n|-supereffective|p2a: Scolipede\n|-enditem|p2a: Scolipede|Focus Sash\n|-damage|p2a: Scolipede|1\/100\n|-damage|p2b: Clefable|0 fnt\n|faint|p2b: Clefable\n|move|p1b: Trevenant|Substitute|p1b: Trevenant\n|-start|p1b: Trevenant|Substitute\n|-damage|p1b: Trevenant|76\/100\n|move|p2a: Scolipede|Swords Dance|p2a: Scolipede\n|-boost|p2a: Scolipede|atk|2\n|\n|-heal|p1a: Chesnaught|63\/100|[from] item: Leftovers\n|-ability|p2a: Scolipede|Speed Boost|boost\n|-boost|p2a: Scolipede|spe|1\n|upkeep\n|\n|t:|1696537782\n|switch|p2b: Tapu Lele|Tapu Lele|100\/100\n|-fieldstart|move: Psychic Terrain|[from] ability: Psychic Surge|[of] p2b: Tapu Lele\n|turn|3\n|\n|t:|1696537791\n|move|p2a: Scolipede|Protect|p2a: Scolipede\n|-singleturn|p2a: Scolipede|Protect\n|move|p1a: Chesnaught|Rock Slide|p2a: Scolipede|[spread] p2b\n|-activate|p2a: Scolipede|move: Protect\n|-damage|p2b: Tapu Lele|0 fnt\n|faint|p2b: Tapu Lele\n|move|p1b: Trevenant|Horn Leech|p2a: Scolipede\n|-activate|p2a: Scolipede|move: Protect\n|\n|-heal|p1a: Chesnaught|69\/100|[from] item: Leftovers\n|-ability|p2a: Scolipede|Speed Boost|boost\n|-boost|p2a: Scolipede|spe|1\n|upkeep\n|\n|t:|1696537800\n|switch|p2b: Fearow|Fearow, F|100\/100\n|turn|4\n|\n|t:|1696537812\n|move|p1a: Chesnaught|Rock Slide|p2b: Fearow|[spread] p2a,p2b\n|-supereffective|p2a: Scolipede\n|-supereffective|p2b: Fearow\n|-damage|p2a: Scolipede|0 fnt\n|-enditem|p2b: Fearow|Focus Sash\n|-damage|p2b: Fearow|1\/100\n|faint|p2a: Scolipede\n|move|p1b: Trevenant|Horn Leech|p2b: Fearow\n|-resisted|p2b: Fearow\n|-damage|p2b: Fearow|0 fnt\n|-heal|p1b: Trevenant|76\/100|[from] drain|[of] p2b: Fearow\n|faint|p2b: Fearow\n|\n|-heal|p1a: Chesnaught|75\/100|[from] item: Leftovers\n|upkeep\n|\n|t:|1696537815\n|switch|p2b: Excadrill|Excadrill, M|100\/100\n|switch|p2a: Volcarona|Volcarona, M|100\/100\n|-ability|p2b: Excadrill|Mold Breaker\n|turn|5\n|\n|t:|1696537832\n|move|p1a: Chesnaught|Rock Slide|p2b: Excadrill|[spread] p2a\n|-miss|p1a: Chesnaught|p2b: Excadrill\n|-supereffective|p2a: Volcarona\n|-damage|p2a: Volcarona|0 fnt\n|faint|p2a: Volcarona\n|move|p1b: Trevenant|Horn Leech|p2b: Excadrill\n|-damage|p2b: Excadrill|49\/100\n|-heal|p1b: Trevenant|100\/100|[from] drain|[of] p2b: Excadrill\n|move|p2b: Excadrill|Brick Break|p1a: Chesnaught\n|-supereffective|p1a: Chesnaught\n|-damage|p1a: Chesnaught|38\/100\n|\n|-heal|p1a: Chesnaught|44\/100|[from] item: Leftovers\n|-fieldend|move: Trick Room\n|upkeep\n|turn|6\n|\n|t:|1696537848\n|move|p2b: Excadrill|Earthquake|p1a: Chesnaught|[spread] p1a,p1b\n|-resisted|p1b: Trevenant\n|-crit|p1b: Trevenant\n|-end|p1b: Trevenant|Substitute\n|-supereffective|p1a: Chesnaught\n|-damage|p1a: Chesnaught|0 fnt\n|faint|p1a: Chesnaught\n|move|p1b: Trevenant|Horn Leech|p2b: Excadrill\n|-damage|p2b: Excadrill|0 fnt\n|faint|p2b: Excadrill\n|\n|win|Drakhar_LoveSensei\n|raw|Drakhar_LoveSensei's rating: 1084 &rarr; <strong>1111<\/strong><br \/>(+27 for winning)\n|raw|Penguin Stylez's rating: 1084 &rarr; <strong>1061<\/strong><br \/>(-23 for losing)\n|c|\u2606Drakhar_LoveSensei|gg\n|l|\u2606Drakhar_LoveSensei\n","uploadtime":1696537879,"views":10,"p1id":"drakharlovesensei","p2id":"penguinstylez","formatid":"gen9nationaldexdoubles","rating":1061,"private":0,"password":""}