{"id":"gen9nationaldexdoubles-1959221103","p1":"Hussumon2","p2":"The Mago3011","format":"[Gen 9] National Dex Doubles","log":"|j|\u2606Hussumon2\n|j|\u2606The Mago3011\n|t:|1696402867\n|gametype|doubles\n|player|p1|Hussumon2|steven|\n|player|p2|The Mago3011|korrina-masters|\n|teamsize|p1|6\n|teamsize|p2|6\n|gen|9\n|tier|[Gen 9] National Dex Doubles\n|rule|HP Percentage Mod: HP is shown in percentages\n|rule|Endless Battle Clause: Forcing endless battles is banned\n|rule|OHKO Clause: OHKO moves are banned\n|rule|Evasion Moves Clause: Evasion moves are banned\n|rule|Evasion Abilities Clause: Evasion abilities are banned\n|rule|Species Clause: Limit one of each Pok\u00e9mon\n|rule|Gravity Sleep Clause: The combination of sleep-inducing moves with imperfect accuracy and Gravity or Gigantamax Orbeetle are banned\n|clearpoke\n|poke|p1|Typhlosion-Hisui, M|\n|poke|p1|Murkrow, F|\n|poke|p1|Tinkaton, F|\n|poke|p1|Arcanine-Hisui, F|\n|poke|p1|Torterra, F|\n|poke|p1|Maushold-Four|\n|poke|p2|Arcanine, M|\n|poke|p2|Grimmsnarl, M|\n|poke|p2|Gardevoir, M|\n|poke|p2|Amoonguss, M|\n|poke|p2|Keldeo-Resolute|\n|poke|p2|Tornadus, M|\n|teampreview\n|inactive|Battle timer is ON: inactive players will automatically lose when time's up. (requested by Hussumon2)\n|c|\u2606The Mago3011|glhf\n|inactive|Hussumon2 has 270 seconds left.\n|\n|t:|1696402900\n|start\n|switch|p1a: Tinkaton|Tinkaton, F|100\/100\n|switch|p1b: Arcanine|Arcanine-Hisui, F|100\/100\n|switch|p2a: Good boy|Arcanine, M|100\/100\n|switch|p2b: Stervwhen|Grimmsnarl, M|100\/100\n|-ability|p2a: Good boy|Intimidate|boost\n|-unboost|p1a: Tinkaton|atk|1\n|-unboost|p1b: Arcanine|atk|1\n|-ability|p1a: Tinkaton|Mold Breaker\n|turn|1\n|\n|t:|1696402914\n|move|p1a: Tinkaton|Fake Out|p2b: Stervwhen\n|-damage|p2b: Stervwhen|95\/100\n|cant|p2b: Stervwhen|flinch\n|move|p2a: Good boy|Will-O-Wisp|p1a: Tinkaton\n|-status|p1a: Tinkaton|brn\n|move|p1b: Arcanine|Head Smash|p2a: Good boy\n|-supereffective|p2a: Good boy\n|-damage|p2a: Good boy|0 fnt\n|faint|p2a: Good boy\n|\n|-damage|p1a: Tinkaton|94\/100 brn|[from] brn\n|upkeep\n|\n|t:|1696402933\n|switch|p2a: Keldeo|Keldeo-Resolute|100\/100\n|turn|2\n|\n|t:|1696402953\n|switch|p1b: Torterra|Torterra, F|100\/100\n|move|p2b: Stervwhen|Reflect|p2b: Stervwhen\n|-sidestart|p2: The Mago3011|Reflect\n|move|p2a: Keldeo|Hydro Pump|p1b: Torterra\n|-damage|p1b: Torterra|0 fnt\n|faint|p1b: Torterra\n|move|p1a: Tinkaton|Thunder Wave|p2a: Keldeo\n|-status|p2a: Keldeo|par\n|\n|-heal|p1a: Tinkaton|100\/100 brn|[from] item: Leftovers\n|-damage|p1a: Tinkaton|94\/100 brn|[from] brn\n|upkeep\n|\n|t:|1696402973\n|switch|p1b: Maushold|Maushold-Four|100\/100\n|turn|3\n|inactive|The Mago3011 has 270 seconds left.\n|\n|t:|1696403005\n|move|p2b: Stervwhen|Parting Shot|p1b: Maushold\n|-unboost|p1b: Maushold|atk|1\n|-unboost|p1b: Maushold|spa|1\n|\n|t:|1696403008\n|switch|p2b: SU-|Amoonguss, M|100\/100|[from] Parting Shot\n|move|p1b: Maushold|Super Fang|p2a: Keldeo\n|-damage|p2a: Keldeo|50\/100 par\n|move|p1a: Tinkaton|Gigaton Hammer|p2b: SU-\n|-damage|p2b: SU-|93\/100\n|move|p2a: Keldeo|Hydro Pump|p1b: Maushold\n|-crit|p1b: Maushold\n|-damage|p1b: Maushold|0 fnt\n|faint|p1b: Maushold\n|\n|-heal|p1a: Tinkaton|100\/100 brn|[from] item: Leftovers\n|-damage|p1a: Tinkaton|94\/100 brn|[from] brn\n|upkeep\n|\n|t:|1696403023\n|switch|p1b: Murkrow|Murkrow, F|100\/100\n|turn|4\n|\n|t:|1696403036\n|move|p2b: SU-|Rage Powder|p2b: SU-\n|-singleturn|p2b: SU-|move: Rage Powder\n|move|p1b: Murkrow|Tailwind|p1b: Murkrow\n|-sidestart|p1: Hussumon2|move: Tailwind\n|move|p1a: Tinkaton|Knock Off|p2b: SU-\n|-damage|p2b: SU-|90\/100\n|-damage|p1a: Tinkaton|78\/100 brn|[from] item: Rocky Helmet|[of] p2b: SU-\n|-enditem|p2b: SU-|Rocky Helmet|[from] move: Knock Off|[of] p1a: Tinkaton\n|move|p2a: Keldeo|Hydro Pump|p1b: Murkrow\n|-damage|p1b: Murkrow|30\/100\n|\n|-heal|p1a: Tinkaton|84\/100 brn|[from] item: Leftovers\n|-damage|p1a: Tinkaton|78\/100 brn|[from] brn\n|upkeep\n|turn|5\n|\n|t:|1696403061\n|move|p2b: SU-|Rage Powder|p2b: SU-\n|-singleturn|p2b: SU-|move: Rage Powder\n|move|p1b: Murkrow|Roost|p1b: Murkrow\n|-heal|p1b: Murkrow|80\/100\n|-singleturn|p1b: Murkrow|move: Roost\n|move|p1a: Tinkaton|Thunder Wave|p2b: SU-\n|-status|p2b: SU-|par\n|move|p2a: Keldeo|Hydro Pump|p1b: Murkrow|[miss]\n|-miss|p2a: Keldeo|p1b: Murkrow\n|\n|-heal|p1a: Tinkaton|84\/100 brn|[from] item: Leftovers\n|-damage|p1a: Tinkaton|78\/100 brn|[from] brn\n|upkeep\n|turn|6\n|\n|t:|1696403085\n|move|p1b: Murkrow|Roost|p1b: Murkrow\n|-heal|p1b: Murkrow|100\/100\n|-singleturn|p1b: Murkrow|move: Roost\n|move|p1a: Tinkaton|Knock Off|p2a: Keldeo\n|-resisted|p2a: Keldeo\n|-damage|p2a: Keldeo|48\/100 par\n|-ability|p2a: Keldeo|Justified|boost\n|-boost|p2a: Keldeo|atk|1\n|-enditem|p2a: Keldeo|Choice Specs|[from] move: Knock Off|[of] p1a: Tinkaton\n|move|p2a: Keldeo|Hydro Pump|p1b: Murkrow\n|-crit|p1b: Murkrow\n|-damage|p1b: Murkrow|35\/100\n|cant|p2b: SU-|par\n|\n|-heal|p1a: Tinkaton|84\/100 brn|[from] item: Leftovers\n|-damage|p1a: Tinkaton|78\/100 brn|[from] brn\n|upkeep\n|turn|7\n|inactive|The Mago3011 has 270 seconds left.\n|\n|t:|1696403116\n|move|p1b: Murkrow|Roost|p1b: Murkrow\n|-heal|p1b: Murkrow|85\/100\n|-singleturn|p1b: Murkrow|move: Roost\n|move|p1a: Tinkaton|Gigaton Hammer|p2a: Keldeo\n|-resisted|p2a: Keldeo\n|-damage|p2a: Keldeo|43\/100 par\n|cant|p2a: Keldeo|par\n|move|p2b: SU-|Spore|p1b: Murkrow\n|-status|p1b: Murkrow|slp|[from] move: Spore\n|\n|-heal|p1a: Tinkaton|84\/100 brn|[from] item: Leftovers\n|-damage|p1a: Tinkaton|78\/100 brn|[from] brn\n|-sideend|p1: Hussumon2|move: Tailwind\n|upkeep\n|turn|8\n|\n|t:|1696403132\n|cant|p1b: Murkrow|slp\n|move|p1a: Tinkaton|Knock Off|p2b: SU-\n|-damage|p2b: SU-|88\/100 par\n|cant|p2a: Keldeo|par\n|move|p2b: SU-|Sludge Bomb|p1b: Murkrow\n|-damage|p1b: Murkrow|64\/100 slp\n|\n|-heal|p1a: Tinkaton|84\/100 brn|[from] item: Leftovers\n|-damage|p1a: Tinkaton|78\/100 brn|[from] brn\n|upkeep\n|turn|9\n|\n|t:|1696403142\n|move|p1a: Tinkaton|Fake Out||[still]\n|-hint|Fake Out only works on your first turn out.\n|-fail|p1a: Tinkaton\n|cant|p1b: Murkrow|slp\n|move|p2a: Keldeo|Hydro Pump|p1b: Murkrow\n|-damage|p1b: Murkrow|19\/100 slp\n|cant|p2b: SU-|par\n|\n|-heal|p1a: Tinkaton|84\/100 brn|[from] item: Leftovers\n|-damage|p1a: Tinkaton|78\/100 brn|[from] brn\n|-sideend|p2: The Mago3011|Reflect\n|upkeep\n|turn|10\n|\n|t:|1696403153\n|switch|p2a: Stervwhen|Grimmsnarl, M|95\/100\n|cant|p1b: Murkrow|slp\n|move|p1a: Tinkaton|Knock Off|p2a: Stervwhen\n|-resisted|p2a: Stervwhen\n|-damage|p2a: Stervwhen|94\/100\n|-enditem|p2a: Stervwhen|Light Clay|[from] move: Knock Off|[of] p1a: Tinkaton\n|move|p2b: SU-|Giga Drain|p1a: Tinkaton\n|-resisted|p1a: Tinkaton\n|-damage|p1a: Tinkaton|68\/100 brn\n|-heal|p2b: SU-|92\/100 par|[from] drain|[of] p1a: Tinkaton\n|\n|-heal|p1a: Tinkaton|74\/100 brn|[from] item: Leftovers\n|-damage|p1a: Tinkaton|68\/100 brn|[from] brn\n|upkeep\n|turn|11\n|\n|t:|1696403169\n|move|p2b: SU-|Rage Powder|p2b: SU-\n|-singleturn|p2b: SU-|move: Rage Powder\n|-curestatus|p1b: Murkrow|slp|[msg]\n|move|p1b: Murkrow|Tailwind|p1b: Murkrow\n|-sidestart|p1: Hussumon2|move: Tailwind\n|move|p2a: Stervwhen|Reflect|p2a: Stervwhen\n|-sidestart|p2: The Mago3011|Reflect\n|move|p1a: Tinkaton|Thunder Wave|p2b: SU-\n|-fail|p2b: SU-|par\n|\n|-heal|p1a: Tinkaton|74\/100 brn|[from] item: Leftovers\n|-damage|p1a: Tinkaton|68\/100 brn|[from] brn\n|upkeep\n|turn|12\n|\n|t:|1696403184\n|switch|p1a: Typhlosion|Typhlosion-Hisui, M|100\/100\n|move|p1b: Murkrow|Roost|p1b: Murkrow\n|-heal|p1b: Murkrow|69\/100\n|-singleturn|p1b: Murkrow|move: Roost\n|move|p2a: Stervwhen|Parting Shot|p1a: Typhlosion\n|-unboost|p1a: Typhlosion|atk|1\n|-unboost|p1a: Typhlosion|spa|1\n|\n|t:|1696403196\n|switch|p2a: Tornadus|Tornadus, M|100\/100|[from] Parting Shot\n|move|p2b: SU-|Sludge Bomb|p1b: Murkrow\n|-damage|p1b: Murkrow|48\/100\n|\n|upkeep\n|turn|13\n|\n|t:|1696403225\n|-terastallize|p1a: Typhlosion|Fire\n|-terastallize|p2b: SU-|Water\n|move|p1b: Murkrow|Taunt|p2a: Tornadus\n|-start|p2a: Tornadus|move: Taunt\n|cant|p2a: Tornadus|move: Taunt|Tailwind\n|move|p1a: Typhlosion|Eruption|p2a: Tornadus|[spread] p2a,p2b\n|-resisted|p2b: SU-\n|-damage|p2a: Tornadus|24\/100\n|-damage|p2b: SU-|66\/100 par\n|move|p2b: SU-|Sludge Bomb|p1a: Typhlosion\n|-damage|p1a: Typhlosion|61\/100\n|\n|upkeep\n|turn|14\n|\n|t:|1696403247\n|switch|p2a: Stervwhen|Grimmsnarl, M|94\/100\n|move|p1b: Murkrow|Roost|p1b: Murkrow\n|-heal|p1b: Murkrow|98\/100\n|-singleturn|p1b: Murkrow|move: Roost\n|move|p1a: Typhlosion|Heat Wave|p2b: SU-|[spread] p2b\n|-miss|p1a: Typhlosion|p2a: Stervwhen\n|-resisted|p2b: SU-\n|-damage|p2b: SU-|50\/100 par\n|move|p2b: SU-|Sludge Bomb|p1a: Typhlosion\n|-damage|p1a: Typhlosion|22\/100\n|\n|-sideend|p1: Hussumon2|move: Tailwind\n|upkeep\n|turn|15\n|\n|t:|1696403266\n|switch|p2b: Tornadus|Tornadus, M|24\/100\n|move|p1a: Typhlosion|Protect|p1a: Typhlosion\n|-singleturn|p1a: Typhlosion|Protect\n|move|p1b: Murkrow|Taunt|p2a: Stervwhen\n|-hint|Since gen 7, Dark is immune to Prankster moves.\n|-immune|p2a: Stervwhen\n|move|p2a: Stervwhen|Light Screen|p2a: Stervwhen\n|-sidestart|p2: The Mago3011|move: Light Screen\n|\n|-sideend|p2: The Mago3011|Reflect\n|upkeep\n|turn|16\n|\n|t:|1696403282\n|move|p2b: Tornadus|Bleakwind Storm|p1b: Murkrow|[spread] \n|-miss|p2b: Tornadus|p1a: Typhlosion\n|-miss|p2b: Tornadus|p1b: Murkrow\n|move|p1a: Typhlosion|Heat Wave|p2a: Stervwhen|[spread] p2a,p2b\n|-damage|p2a: Stervwhen|60\/100\n|-damage|p2b: Tornadus|0 fnt\n|faint|p2b: Tornadus\n|move|p1b: Murkrow|Foul Play|p2a: Stervwhen\n|-resisted|p2a: Stervwhen\n|-damage|p2a: Stervwhen|52\/100\n|move|p2a: Stervwhen|Spirit Break|p1b: Murkrow\n|-supereffective|p1b: Murkrow\n|-damage|p1b: Murkrow|21\/100\n|-unboost|p1b: Murkrow|spa|1\n|\n|upkeep\n|\n|t:|1696403289\n|switch|p2b: SU-|Amoonguss, M, tera:Water|84\/100 par\n|turn|17\n|\n|t:|1696403309\n|switch|p1a: Tinkaton|Tinkaton, F|68\/100 brn\n|-ability|p1a: Tinkaton|Mold Breaker\n|move|p1b: Murkrow|Roost|p1b: Murkrow\n|-heal|p1b: Murkrow|71\/100\n|-singleturn|p1b: Murkrow|move: Roost\n|move|p2a: Stervwhen|Spirit Break|p1b: Murkrow\n|-supereffective|p1b: Murkrow\n|-damage|p1b: Murkrow|0 fnt\n|faint|p1b: Murkrow\n|move|p2b: SU-|Sludge Bomb|p1a: Tinkaton\n|-immune|p1a: Tinkaton\n|\n|-heal|p1a: Tinkaton|74\/100 brn|[from] item: Leftovers\n|-damage|p1a: Tinkaton|68\/100 brn|[from] brn\n|upkeep\n|\n|t:|1696403320\n|switch|p1b: Arcanine|Arcanine-Hisui, F|100\/100\n|turn|18\n|\n|t:|1696403345\n|move|p2a: Stervwhen|Reflect|p2a: Stervwhen\n|-sidestart|p2: The Mago3011|Reflect\n|move|p1b: Arcanine|Flare Blitz|p2a: Stervwhen\n|-damage|p2a: Stervwhen|2\/100\n|move|p1a: Tinkaton|Thunder Wave|p2a: Stervwhen\n|-status|p2a: Stervwhen|par\n|move|p2b: SU-|Spore|p1b: Arcanine\n|-status|p1b: Arcanine|slp|[from] move: Spore\n|\n|-heal|p1a: Tinkaton|74\/100 brn|[from] item: Leftovers\n|-damage|p1a: Tinkaton|68\/100 brn|[from] brn\n|upkeep\n|turn|19\n|\n|t:|1696403359\n|move|p2a: Stervwhen|Parting Shot|p1b: Arcanine\n|-unboost|p1b: Arcanine|atk|1\n|-unboost|p1b: Arcanine|spa|1\n|\n|t:|1696403366\n|switch|p2a: Crestinya|Gardevoir, M|100\/100|[from] Parting Shot\n|-ability|p2a: Crestinya|Mold Breaker\n|-ability|p2a: Crestinya|Mold Breaker|[from] ability: Trace|[of] p1a: Tinkaton\n|cant|p1b: Arcanine|slp\n|move|p1a: Tinkaton|Gigaton Hammer|p2a: Crestinya\n|-supereffective|p2a: Crestinya\n|-damage|p2a: Crestinya|52\/100\n|move|p2b: SU-|Giga Drain|p1b: Arcanine\n|-damage|p1b: Arcanine|74\/100 slp\n|-heal|p2b: SU-|94\/100 par|[from] drain|[of] p1b: Arcanine\n|\n|-heal|p1a: Tinkaton|74\/100 brn|[from] item: Leftovers\n|-damage|p1a: Tinkaton|68\/100 brn|[from] brn\n|-sideend|p2: The Mago3011|move: Light Screen\n|upkeep\n|turn|20\n|\n|t:|1696403393\n|detailschange|p2a: Crestinya|Gardevoir-Mega, M\n|-mega|p2a: Crestinya|Gardevoir|Gardevoirite\n|move|p2a: Crestinya|Hyper Voice|p1b: Arcanine|[spread] p1a,p1b\n|-resisted|p1a: Tinkaton\n|-resisted|p1b: Arcanine\n|-damage|p1a: Tinkaton|48\/100 brn\n|-damage|p1b: Arcanine|44\/100 slp\n|cant|p1b: Arcanine|slp\n|move|p1a: Tinkaton|Knock Off|p2a: Crestinya\n|-damage|p2a: Crestinya|45\/100\n|cant|p2b: SU-|par\n|\n|-heal|p1a: Tinkaton|54\/100 brn|[from] item: Leftovers\n|-damage|p1a: Tinkaton|48\/100 brn|[from] brn\n|upkeep\n|turn|21\n|c|\u2606Hussumon2|Btw I just want to info\n|c|\u2606Hussumon2|You cheated again\n|c|\u2606Hussumon2|Kek\n|c|\u2606Hussumon2|But its fine Ill Take the loss\n|inactive|The Mago3011 has 270 seconds left.\n|c|\u2606The Mago3011|Nope\n|c|\u2606The Mago3011|Mega Gardevoir is UU\n|c|\u2606The Mago3011|Perfectly allowed\n|c|\u2606Hussumon2|Amoongus\n|c|\u2606Hussumon2|Is nat dex dou\n|c|\u2606The Mago3011|Also UU\n|c|\u2606Hussumon2|Oh\n|c|\u2606The Mago3011|Surprisingly\n|c|\u2606Hussumon2|Mb then\n|inactive|The Mago3011 has 240 seconds left.\n|\n|t:|1696403461\n|move|p2b: SU-|Rage Powder|p2b: SU-\n|-singleturn|p2b: SU-|move: Rage Powder\n|move|p2a: Crestinya|Psyshock|p1b: Arcanine\n|-damage|p1b: Arcanine|0 fnt\n|faint|p1b: Arcanine\n|move|p1a: Tinkaton|Gigaton Hammer|p2b: SU-\n|-resisted|p2b: SU-\n|-damage|p2b: SU-|88\/100 par\n|\n|-heal|p1a: Tinkaton|54\/100 brn|[from] item: Leftovers\n|-damage|p1a: Tinkaton|48\/100 brn|[from] brn\n|upkeep\n|inactive|Hussumon2 has 270 seconds left.\n|\n|t:|1696403477\n|switch|p1b: Typhlosion|Typhlosion-Hisui, M, tera:Fire|22\/100\n|turn|22\n|\n|t:|1696403489\n|move|p2a: Crestinya|Protect|p2a: Crestinya\n|-singleturn|p2a: Crestinya|Protect\n|move|p1b: Typhlosion|Heat Wave|p2b: SU-|[spread] p2b\n|-activate|p2a: Crestinya|move: Protect\n|-resisted|p2b: SU-\n|-damage|p2b: SU-|57\/100 par\n|move|p1a: Tinkaton|Thunder Wave|p2a: Crestinya\n|-activate|p2a: Crestinya|move: Protect\n|move|p2b: SU-|Sludge Bomb|p1b: Typhlosion\n|-damage|p1b: Typhlosion|0 fnt\n|faint|p1b: Typhlosion\n|\n|-heal|p1a: Tinkaton|54\/100 brn|[from] item: Leftovers\n|-damage|p1a: Tinkaton|48\/100 brn|[from] brn\n|-sideend|p2: The Mago3011|Reflect\n|upkeep\n|turn|23\n|inactive|The Mago3011 has 270 seconds left.\n|\n|t:|1696403509\n|move|p2b: SU-|Rage Powder|p2b: SU-\n|-singleturn|p2b: SU-|move: Rage Powder\n|move|p2a: Crestinya|Hyper Voice|p1a: Tinkaton\n|-resisted|p1a: Tinkaton\n|-damage|p1a: Tinkaton|16\/100 brn\n|move|p1a: Tinkaton|Gigaton Hammer|p2b: SU-\n|-resisted|p2b: SU-\n|-damage|p2b: SU-|47\/100 par\n|\n|-heal|p1a: Tinkaton|22\/100 brn|[from] item: Leftovers\n|-damage|p1a: Tinkaton|16\/100 brn|[from] brn\n|upkeep\n|turn|24\n|c|\u2606The Mago3011|gg\n|\n|t:|1696403523\n|move|p2a: Crestinya|Hyper Voice|p1a: Tinkaton\n|-resisted|p1a: Tinkaton\n|-damage|p1a: Tinkaton|0 fnt\n|faint|p1a: Tinkaton\n|\n|win|The Mago3011\n|c|\u2606Hussumon2|Gg\n","uploadtime":1696403532,"views":10,"p1id":"hussumon2","p2id":"themago3011","formatid":"gen9nationaldexdoubles","rating":0,"private":0,"password":""}