{"id":"gen9nationaldexdoubles-1956058870","p1":"zhengyuyang2","p2":"helloworld369","format":"[Gen 9] National Dex Doubles","log":"|j|\u2606zhengyuyang2\n|j|\u2606helloworld369\n|t:|1696065243\n|gametype|doubles\n|player|p1|zhengyuyang2|169|1290\n|player|p2|helloworld369|roxie|1425\n|teamsize|p1|6\n|teamsize|p2|6\n|gen|9\n|tier|[Gen 9] National Dex Doubles\n|rated|\n|rule|HP Percentage Mod: HP is shown in percentages\n|rule|Endless Battle Clause: Forcing endless battles is banned\n|rule|OHKO Clause: OHKO moves are banned\n|rule|Evasion Moves Clause: Evasion moves are banned\n|rule|Evasion Abilities Clause: Evasion abilities are banned\n|rule|Species Clause: Limit one of each Pok\u00e9mon\n|rule|Gravity Sleep Clause: The combination of sleep-inducing moves with imperfect accuracy and Gravity or Gigantamax Orbeetle are banned\n|clearpoke\n|poke|p1|Hatterene, F|\n|poke|p1|Indeedee-F, F|\n|poke|p1|Ursaluna, F|\n|poke|p1|Cresselia, F|\n|poke|p1|Amoonguss, F|\n|poke|p1|Golem-Alola, F|\n|poke|p2|Amoonguss, M|\n|poke|p2|Indeedee-F, F|\n|poke|p2|Salamence, F|\n|poke|p2|Chien-Pao|\n|poke|p2|Urshifu-*, M|\n|poke|p2|Dragapult, M|\n|teampreview\n|inactive|Battle timer is ON: inactive players will automatically lose when time's up. (requested by zhengyuyang2)\n|\n|t:|1696065260\n|start\n|switch|p1a: \u9686\u9686\u5ca9|Golem-Alola, F, shiny|100\/100\n|switch|p1b: \u5e03\u8389\u59c6\u6e29|Hatterene, F, shiny|100\/100\n|switch|p2a: Chien-Pao|Chien-Pao|100\/100\n|switch|p2b: Urshifu|Urshifu-Rapid-Strike, M|100\/100\n|-ability|p2a: Chien-Pao|Sword of Ruin\n|turn|1\n|inactive|zhengyuyang2 has 120 seconds left.\n|inactive|zhengyuyang2 has 90 seconds left.\n|\n|t:|1696065328\n|switch|p1a: \u7231\u7ba1\u4f8d|Indeedee-F, F, shiny|100\/100\n|-fieldstart|move: Psychic Terrain|[from] ability: Psychic Surge|[of] p1a: \u7231\u7ba1\u4f8d\n|move|p2b: Urshifu|Surging Strikes|p1a: \u7231\u7ba1\u4f8d\n|-crit|p1a: \u7231\u7ba1\u4f8d\n|-damage|p1a: \u7231\u7ba1\u4f8d|71\/100\n|-damage|p2b: Urshifu|84\/100|[from] item: Rocky Helmet|[of] p1a: \u7231\u7ba1\u4f8d\n|-crit|p1a: \u7231\u7ba1\u4f8d\n|-damage|p1a: \u7231\u7ba1\u4f8d|39\/100\n|-damage|p2b: Urshifu|67\/100|[from] item: Rocky Helmet|[of] p1a: \u7231\u7ba1\u4f8d\n|-crit|p1a: \u7231\u7ba1\u4f8d\n|-damage|p1a: \u7231\u7ba1\u4f8d|7\/100\n|-damage|p2b: Urshifu|50\/100|[from] item: Rocky Helmet|[of] p1a: \u7231\u7ba1\u4f8d\n|-hitcount|p1a: \u7231\u7ba1\u4f8d|3\n|move|p2a: Chien-Pao|Ice Spinner|p1a: \u7231\u7ba1\u4f8d\n|-damage|p1a: \u7231\u7ba1\u4f8d|0 fnt\n|-damage|p2a: Chien-Pao|84\/100|[from] item: Rocky Helmet|[of] p1a: \u7231\u7ba1\u4f8d\n|-fieldend|move: Psychic Terrain\n|faint|p1a: \u7231\u7ba1\u4f8d\n|move|p1b: \u5e03\u8389\u59c6\u6e29|Dazzling Gleam|p2b: Urshifu|[spread] p2a,p2b\n|-supereffective|p2a: Chien-Pao\n|-supereffective|p2b: Urshifu\n|-damage|p2a: Chien-Pao|0 fnt\n|-damage|p2b: Urshifu|0 fnt\n|faint|p2a: Chien-Pao\n|faint|p2b: Urshifu\n|-damage|p1b: \u5e03\u8389\u59c6\u6e29|91\/100|[from] item: Life Orb\n|\n|upkeep\n|inactive|zhengyuyang2 has 90 seconds left.\n|\n|t:|1696065352\n|switch|p2a: Salamence|Salamence, F|100\/100\n|switch|p2b: Dragapult|Dragapult, M|100\/100\n|switch|p1a: \u9686\u9686\u5ca9|Golem-Alola, F, shiny|100\/100\n|-ability|p2a: Salamence|Intimidate|boost\n|-unboost|p1a: \u9686\u9686\u5ca9|atk|1\n|-unboost|p1b: \u5e03\u8389\u59c6\u6e29|atk|1\n|turn|2\n|\n|t:|1696065363\n|detailschange|p2a: Salamence|Salamence-Mega, F\n|-mega|p2a: Salamence|Salamence|Salamencite\n|-terastallize|p2b: Dragapult|Ghost\n|move|p2b: Dragapult|Phantom Force||[still]\n|-prepare|p2b: Dragapult|Phantom Force\n|move|p2a: Salamence|Hyper Voice|p1a: \u9686\u9686\u5ca9|[spread] p1a,p1b\n|-resisted|p1a: \u9686\u9686\u5ca9\n|-damage|p1a: \u9686\u9686\u5ca9|82\/100\n|-damage|p1b: \u5e03\u8389\u59c6\u6e29|45\/100\n|move|p1a: \u9686\u9686\u5ca9|Explosion|p2a: Salamence|[spread] p1b,p2a\n|-miss|p1a: \u9686\u9686\u5ca9|p2b: Dragapult\n|-damage|p1b: \u5e03\u8389\u59c6\u6e29|0 fnt\n|-damage|p2a: Salamence|10\/100\n|faint|p1a: \u9686\u9686\u5ca9\n|faint|p1b: \u5e03\u8389\u59c6\u6e29\n|\n|upkeep\n|\n|t:|1696065380\n|switch|p1a: \u8d25\u9732\u7403\u83c7|Amoonguss, F, shiny|100\/100\n|switch|p1b: \u514b\u96f7\u8272\u5229\u4e9a|Cresselia, F, shiny|100\/100\n|turn|3\n|inactive|zhengyuyang2 has 90 seconds left.\n|\n|t:|1696065411\n|switch|p1b: \u6708\u6708\u718a|Ursaluna, F, shiny|100\/100\n|-terastallize|p1a: \u8d25\u9732\u7403\u83c7|Water\n|move|p2b: Dragapult|Phantom Force|p1b: \u6708\u6708\u718a|[from]lockedmove\n|-immune|p1b: \u6708\u6708\u718a\n|move|p2a: Salamence|Hyper Voice|p1a: \u8d25\u9732\u7403\u83c7|[spread] p1a,p1b\n|-damage|p1a: \u8d25\u9732\u7403\u83c7|65\/100\n|-damage|p1b: \u6708\u6708\u718a|65\/100\n|move|p1a: \u8d25\u9732\u7403\u83c7|Spore|p2b: Dragapult\n|-status|p2b: Dragapult|slp|[from] move: Spore\n|\n|-status|p1b: \u6708\u6708\u718a|brn|[from] item: Flame Orb\n|upkeep\n|turn|4\n|\n|t:|1696065430\n|move|p2a: Salamence|Protect|p2a: Salamence\n|-singleturn|p2a: Salamence|Protect\n|cant|p2b: Dragapult|slp\n|move|p1b: \u6708\u6708\u718a|Facade|p2a: Salamence\n|-activate|p2a: Salamence|move: Protect\n|move|p1a: \u8d25\u9732\u7403\u83c7|Spore|p2a: Salamence\n|-activate|p2a: Salamence|move: Protect\n|\n|-damage|p1b: \u6708\u6708\u718a|58\/100 brn|[from] brn\n|upkeep\n|turn|5\n|inactive|zhengyuyang2 has 120 seconds left.\n|\n|t:|1696065455\n|switch|p2a: Indeedee|Indeedee-F, F|100\/100\n|-fieldstart|move: Psychic Terrain|[from] ability: Psychic Surge|[of] p2a: Indeedee\n|switch|p1a: \u514b\u96f7\u8272\u5229\u4e9a|Cresselia, F, shiny|100\/100\n|-curestatus|p2b: Dragapult|slp|[msg]\n|move|p2b: Dragapult|Phantom Force||[still]\n|-prepare|p2b: Dragapult|Phantom Force\n|move|p1b: \u6708\u6708\u718a|Earthquake|p2a: Indeedee|[spread] p2a\n|-miss|p1b: \u6708\u6708\u718a|p2b: Dragapult\n|-immune|p1a: \u514b\u96f7\u8272\u5229\u4e9a|[from] ability: Levitate\n|-damage|p2a: Indeedee|33\/100\n|\n|-damage|p1b: \u6708\u6708\u718a|52\/100 brn|[from] brn\n|upkeep\n|turn|6\n|inactive|zhengyuyang2 has 120 seconds left.\n|\n|t:|1696065490\n|move|p2a: Indeedee|Helping Hand|p2b: Dragapult\n|-singleturn|p2b: Dragapult|Helping Hand|[of] p2a: Indeedee\n|move|p2b: Dragapult|Phantom Force|p1a: \u514b\u96f7\u8272\u5229\u4e9a|[from]lockedmove\n|-supereffective|p1a: \u514b\u96f7\u8272\u5229\u4e9a\n|-crit|p1a: \u514b\u96f7\u8272\u5229\u4e9a\n|-damage|p1a: \u514b\u96f7\u8272\u5229\u4e9a|0 fnt\n|faint|p1a: \u514b\u96f7\u8272\u5229\u4e9a\n|move|p1b: \u6708\u6708\u718a|Earthquake|p2b: Dragapult|[spread] p2a,p2b\n|-damage|p2a: Indeedee|0 fnt\n|-damage|p2b: Dragapult|5\/100\n|faint|p2a: Indeedee\n|\n|-damage|p1b: \u6708\u6708\u718a|46\/100 brn|[from] brn\n|upkeep\n|inactive|zhengyuyang2 has 120 seconds left.\n|\n|t:|1696065504\n|switch|p2a: Salamence|Salamence-Mega, F|10\/100\n|switch|p1a: \u8d25\u9732\u7403\u83c7|Amoonguss, F, shiny, tera:Water|99\/100\n|turn|7\n|inactive|zhengyuyang2 has 120 seconds left.\n|\n|t:|1696065530\n|move|p2a: Salamence|Protect|p2a: Salamence\n|-singleturn|p2a: Salamence|Protect\n|move|p1a: \u8d25\u9732\u7403\u83c7|Protect|p1a: \u8d25\u9732\u7403\u83c7\n|-singleturn|p1a: \u8d25\u9732\u7403\u83c7|Protect\n|move|p2b: Dragapult|Phantom Force||[still]\n|-prepare|p2b: Dragapult|Phantom Force\n|move|p1b: \u6708\u6708\u718a|Facade|p2a: Salamence\n|-activate|p2a: Salamence|move: Protect\n|\n|-damage|p1b: \u6708\u6708\u718a|40\/100 brn|[from] brn\n|upkeep\n|turn|8\n|inactive|zhengyuyang2 has 120 seconds left.\n|\n|t:|1696065552\n|move|p2b: Dragapult|Phantom Force|p1a: \u8d25\u9732\u7403\u83c7|[from]lockedmove\n|-damage|p1a: \u8d25\u9732\u7403\u83c7|21\/100\n|-enditem|p1a: \u8d25\u9732\u7403\u83c7|Sitrus Berry|[eat]\n|-heal|p1a: \u8d25\u9732\u7403\u83c7|46\/100|[from] item: Sitrus Berry\n|move|p2a: Salamence|Hyper Voice|p1a: \u8d25\u9732\u7403\u83c7|[spread] p1a,p1b\n|-damage|p1a: \u8d25\u9732\u7403\u83c7|15\/100\n|-damage|p1b: \u6708\u6708\u718a|5\/100 brn\n|move|p1b: \u6708\u6708\u718a|Facade|p2a: Salamence\n|-damage|p2a: Salamence|0 fnt\n|faint|p2a: Salamence\n|move|p1a: \u8d25\u9732\u7403\u83c7|Spore|p2b: Dragapult\n|-status|p2b: Dragapult|slp|[from] move: Spore\n|\n|-damage|p1b: \u6708\u6708\u718a|0 fnt|[from] brn\n|faint|p1b: \u6708\u6708\u718a\n|upkeep\n|\n|t:|1696065565\n|switch|p2a: Amoonguss|Amoonguss, M|100\/100\n|turn|9\n|\n|t:|1696065579\n|cant|p2b: Dragapult|slp\n|move|p2a: Amoonguss|Spore|p1a: \u8d25\u9732\u7403\u83c7\n|-status|p1a: \u8d25\u9732\u7403\u83c7|slp|[from] move: Spore\n|cant|p1a: \u8d25\u9732\u7403\u83c7|slp\n|\n|-fieldend|move: Psychic Terrain\n|upkeep\n|turn|10\n|-message|zhengyuyang2 forfeited.\n|\n|win|helloworld369\n|raw|zhengyuyang2's rating: 1290 &rarr; <strong>1274<\/strong><br \/>(-16 for losing)\n|raw|helloworld369's rating: 1425 &rarr; <strong>1438<\/strong><br \/>(+13 for winning)\n|l|\u2606zhengyuyang2\n","uploadtime":1696065611,"views":14,"p1id":"zhengyuyang2","p2id":"helloworld369","formatid":"gen9nationaldexdoubles","rating":1274,"private":0,"password":""}