{"id":"gen9nationaldexdoubles-1998527872","p1":"GodDeadYT","p2":"Psicodelicia96","format":"[Gen 9] National Dex Doubles","log":"|j|\u2606GodDeadYT\n|j|\u2606Psicodelicia96\n|t:|1700952544\n|gametype|doubles\n|player|p1|GodDeadYT|riley|\n|player|p2|Psicodelicia96|burgh|\n|teamsize|p1|6\n|teamsize|p2|6\n|gen|9\n|tier|[Gen 9] National Dex Doubles\n|rule|HP Percentage Mod: HP is shown in percentages\n|rule|Endless Battle Clause: Forcing endless battles is banned\n|rule|OHKO Clause: OHKO moves are banned\n|rule|Evasion Moves Clause: Evasion moves are banned\n|rule|Evasion Abilities Clause: Evasion abilities are banned\n|rule|Species Clause: Limit one of each Pok\u00e9mon\n|rule|Gravity Sleep Clause: The combination of sleep-inducing moves with imperfect accuracy and Gravity or Gigantamax Orbeetle are banned\n|clearpoke\n|poke|p1|Oricorio, M|\n|poke|p1|Tyranitar, F|\n|poke|p1|Scrafty, M|\n|poke|p1|Salamence, F|\n|poke|p1|Ribombee, M|\n|poke|p1|Lycanroc, M|\n|poke|p2|Oricorio-Pom-Pom, F|\n|poke|p2|Volcarona, F|\n|poke|p2|Cresselia, F|\n|poke|p2|Chien-Pao|\n|poke|p2|Ogerpon-Wellspring, F|\n|poke|p2|Landorus-Therian, M|\n|teampreview\n|\n|t:|1700952577\n|start\n|switch|p1a: Scrafty|Scrafty, M|100\/100\n|switch|p1b: Tyranitar|Tyranitar, F|100\/100\n|switch|p2a: Landorus|Landorus-Therian, M, shiny|100\/100\n|switch|p2b: Volcarona|Volcarona, F, shiny|100\/100\n|-ability|p2a: Landorus|Intimidate|boost\n|-unboost|p1a: Scrafty|atk|1\n|-unboost|p1b: Tyranitar|atk|1\n|-ability|p1a: Scrafty|Intimidate|boost\n|-unboost|p2a: Landorus|atk|1\n|-unboost|p2b: Volcarona|atk|1\n|-weather|Sandstorm|[from] ability: Sand Stream|[of] p1b: Tyranitar\n|turn|1\n|\n|t:|1700952641\n|-terastallize|p2b: Volcarona|Water\n|move|p1a: Scrafty|Fake Out|p2a: Landorus\n|-damage|p2a: Landorus|90\/100\n|cant|p2a: Landorus|flinch\n|move|p2b: Volcarona|Quiver Dance|p2b: Volcarona\n|-boost|p2b: Volcarona|spa|1\n|-boost|p2b: Volcarona|spd|1\n|-boost|p2b: Volcarona|spe|1\n|move|p1b: Tyranitar|Rock Slide|p2a: Landorus|[spread] p2a,p2b\n|-damage|p2a: Landorus|72\/100\n|-damage|p2b: Volcarona|80\/100\n|\n|-weather|Sandstorm|[upkeep]\n|-damage|p2b: Volcarona|74\/100|[from] Sandstorm\n|-damage|p1a: Scrafty|95\/100|[from] Sandstorm\n|-heal|p1a: Scrafty|100\/100|[from] item: Leftovers\n|upkeep\n|turn|2\n|\n|t:|1700952679\n|move|p2b: Volcarona|Fiery Dance|p1a: Scrafty\n|-damage|p1a: Scrafty|42\/100\n|move|p2a: Landorus|U-turn|p1b: Tyranitar\n|-supereffective|p1b: Tyranitar\n|-damage|p1b: Tyranitar|68\/100\n|\n|t:|1700952692\n|switch|p2a: Ogerpon|Ogerpon-Wellspring, F|100\/100|[from] U-turn\n|move|p1a: Scrafty|Dragon Dance|p1a: Scrafty\n|-boost|p1a: Scrafty|atk|1\n|-boost|p1a: Scrafty|spe|1\n|move|p1b: Tyranitar|Ice Beam|p2a: Ogerpon\n|-damage|p2a: Ogerpon|76\/100\n|\n|-weather|Sandstorm|[upkeep]\n|-damage|p2b: Volcarona|68\/100|[from] Sandstorm\n|-damage|p2a: Ogerpon|70\/100|[from] Sandstorm\n|-damage|p1a: Scrafty|36\/100|[from] Sandstorm\n|-heal|p1a: Scrafty|42\/100|[from] item: Leftovers\n|upkeep\n|turn|3\n|\n|t:|1700952733\n|switch|p1a: Salamence|Salamence, F|100\/100\n|-ability|p1a: Salamence|Intimidate|boost\n|-unboost|p2a: Ogerpon|atk|1\n|-unboost|p2b: Volcarona|atk|1\n|switch|p1b: Lycanroc|Lycanroc, M, shiny|100\/100\n|move|p2b: Volcarona|Fiery Dance|p1a: Salamence\n|-resisted|p1a: Salamence\n|-damage|p1a: Salamence|68\/100\n|move|p2a: Ogerpon|Ivy Cudgel|p1b: Lycanroc|[anim] Ivy Cudgel Water\n|-supereffective|p1b: Lycanroc\n|-damage|p1b: Lycanroc|0 fnt\n|faint|p1b: Lycanroc\n|\n|-weather|Sandstorm|[upkeep]\n|-damage|p2b: Volcarona|62\/100|[from] Sandstorm\n|-damage|p2a: Ogerpon|64\/100|[from] Sandstorm\n|-damage|p1a: Salamence|62\/100|[from] Sandstorm\n|upkeep\n|\n|t:|1700952742\n|switch|p1b: Scrafty|Scrafty, M|42\/100\n|-ability|p1b: Scrafty|Intimidate|boost\n|-unboost|p2a: Ogerpon|atk|1\n|-unboost|p2b: Volcarona|atk|1\n|turn|4\n|\n|t:|1700952771\n|detailschange|p1a: Salamence|Salamence-Mega, F\n|-mega|p1a: Salamence|Salamence|Salamencite\n|move|p2b: Volcarona|Protect|p2b: Volcarona\n|-singleturn|p2b: Volcarona|Protect\n|move|p2a: Ogerpon|Spiky Shield|p2a: Ogerpon\n|-singleturn|p2a: Ogerpon|move: Protect\n|move|p1b: Scrafty|Fake Out|p2b: Volcarona\n|-activate|p2b: Volcarona|move: Protect\n|move|p1a: Salamence|Hyper Voice|p2b: Volcarona|[spread] \n|-activate|p2a: Ogerpon|move: Protect\n|-activate|p2b: Volcarona|move: Protect\n|\n|-weather|Sandstorm|[upkeep]\n|-damage|p2b: Volcarona|56\/100|[from] Sandstorm\n|-damage|p1a: Salamence|55\/100|[from] Sandstorm\n|-damage|p2a: Ogerpon|58\/100|[from] Sandstorm\n|-damage|p1b: Scrafty|36\/100|[from] Sandstorm\n|-heal|p1b: Scrafty|42\/100|[from] item: Leftovers\n|upkeep\n|turn|5\n|\n|t:|1700952854\n|move|p2b: Volcarona|Fiery Dance|p1a: Salamence\n|-resisted|p1a: Salamence\n|-damage|p1a: Salamence|24\/100\n|-boost|p2b: Volcarona|spa|1\n|move|p1a: Salamence|Hyper Voice|p2a: Ogerpon|[spread] p2a,p2b\n|-supereffective|p2a: Ogerpon\n|-damage|p2a: Ogerpon|0 fnt\n|-damage|p2b: Volcarona|27\/100\n|faint|p2a: Ogerpon\n|move|p1b: Scrafty|Knock Off|p2b: Volcarona\n|-damage|p2b: Volcarona|0 fnt\n|-damage|p1b: Scrafty|25\/100|[from] item: Rocky Helmet|[of] p2b: Volcarona\n|-status|p1b: Scrafty|brn|[from] ability: Flame Body|[of] p2b: Volcarona\n|-enditem|p2b: Volcarona|Rocky Helmet|[from] move: Knock Off|[of] p1b: Scrafty\n|faint|p2b: Volcarona\n|\n|-weather|Sandstorm|[upkeep]\n|-damage|p1a: Salamence|18\/100|[from] Sandstorm\n|-damage|p1b: Scrafty|19\/100 brn|[from] Sandstorm\n|-heal|p1b: Scrafty|25\/100 brn|[from] item: Leftovers\n|-damage|p1b: Scrafty|19\/100 brn|[from] brn\n|upkeep\n|\n|t:|1700952881\n|switch|p2a: Landorus|Landorus-Therian, M, shiny|72\/100\n|switch|p2b: Oricorio|Oricorio-Pom-Pom, F, shiny|100\/100\n|-ability|p2a: Landorus|Intimidate|boost\n|-unboost|p1a: Salamence|atk|1\n|-unboost|p1b: Scrafty|atk|1\n|turn|6\n|\n|t:|1700952909\n|switch|p1b: Ribombee|Ribombee, M|100\/100\n|move|p2a: Landorus|U-turn|p1b: Ribombee\n|-resisted|p1b: Ribombee\n|-damage|p1b: Ribombee|74\/100\n|\n|t:|1700952923\n|switch|p2a: Cresselia|Cresselia, F, shiny|100\/100|[from] U-turn\n|move|p1a: Salamence|Hyper Voice|p2b: Oricorio|[spread] p2a,p2b\n|-resisted|p2b: Oricorio\n|-damage|p2a: Cresselia|76\/100\n|-damage|p2b: Oricorio|68\/100\n|move|p2b: Oricorio|Revelation Dance|p1a: Salamence\n|-damage|p1a: Salamence|0 fnt\n|faint|p1a: Salamence\n|\n|-weather|Sandstorm|[upkeep]\n|-damage|p1b: Ribombee|68\/100|[from] Sandstorm\n|-damage|p2b: Oricorio|62\/100|[from] Sandstorm\n|-damage|p2a: Cresselia|70\/100|[from] Sandstorm\n|-heal|p2a: Cresselia|76\/100|[from] item: Leftovers\n|upkeep\n|\n|t:|1700952937\n|switch|p1a: Scrafty|Scrafty, M|19\/100 brn\n|-ability|p1a: Scrafty|Intimidate|boost\n|-unboost|p2a: Cresselia|atk|1\n|-unboost|p2b: Oricorio|atk|1\n|turn|7\n|\n|t:|1700952959\n|switch|p1a: Tyranitar|Tyranitar, F|68\/100\n|move|p1b: Ribombee|Sticky Web|p2a: Cresselia\n|-sidestart|p2: Psicodelicia96|move: Sticky Web\n|move|p2b: Oricorio|Tailwind|p2b: Oricorio\n|-sidestart|p2: Psicodelicia96|move: Tailwind\n|move|p2a: Cresselia|Toxic|p1b: Ribombee|[miss]\n|-miss|p2a: Cresselia|p1b: Ribombee\n|\n|-weather|Sandstorm|[upkeep]\n|-damage|p2b: Oricorio|55\/100|[from] Sandstorm\n|-damage|p2a: Cresselia|70\/100|[from] Sandstorm\n|-damage|p1b: Ribombee|61\/100|[from] Sandstorm\n|-heal|p2a: Cresselia|76\/100|[from] item: Leftovers\n|upkeep\n|turn|8\n|\n|t:|1700953005\n|switch|p1b: Scrafty|Scrafty, M|19\/100 brn\n|-ability|p1b: Scrafty|Intimidate|boost\n|-unboost|p2a: Cresselia|atk|1\n|-unboost|p2b: Oricorio|atk|1\n|move|p2b: Oricorio|Revelation Dance|p1b: Scrafty\n|-damage|p1b: Scrafty|0 fnt\n|faint|p1b: Scrafty\n|move|p2a: Cresselia|Toxic|p1a: Tyranitar\n|-status|p1a: Tyranitar|tox\n|move|p1a: Tyranitar|Rock Slide|p2a: Cresselia|[spread] p2a,p2b\n|-supereffective|p2b: Oricorio\n|-crit|p2b: Oricorio\n|-damage|p2a: Cresselia|61\/100\n|-damage|p2b: Oricorio|0 fnt\n|faint|p2b: Oricorio\n|\n|-weather|none\n|-heal|p2a: Cresselia|67\/100|[from] item: Leftovers\n|-damage|p1a: Tyranitar|62\/100 tox|[from] psn\n|upkeep\n|\n|t:|1700953027\n|switch|p2b: Landorus|Landorus-Therian, M, shiny|72\/100\n|switch|p1b: Oricorio|Oricorio, M, shiny|100\/100\n|-ability|p2b: Landorus|Intimidate|boost\n|-unboost|p1a: Tyranitar|atk|1\n|-unboost|p1b: Oricorio|atk|1\n|turn|9\n|\n|t:|1700953079\n|switch|p1a: Ribombee|Ribombee, M|61\/100\n|move|p2b: Landorus|U-turn|p1a: Ribombee\n|-resisted|p1a: Ribombee\n|-damage|p1a: Ribombee|32\/100\n|\n|t:|1700953086\n|switch|p2b: Chien-Pao|Chien-Pao|100\/100|[from] U-turn\n|-activate|p2b: Chien-Pao|move: Sticky Web\n|-unboost|p2b: Chien-Pao|spe|1\n|-ability|p2b: Chien-Pao|Sword of Ruin\n|move|p2a: Cresselia|Toxic|p1b: Oricorio\n|-status|p1b: Oricorio|tox\n|move|p1b: Oricorio|Revelation Dance|p2b: Chien-Pao\n|-supereffective|p2b: Chien-Pao\n|-enditem|p2b: Chien-Pao|Focus Sash\n|-damage|p2b: Chien-Pao|1\/100\n|\n|-heal|p2a: Cresselia|74\/100|[from] item: Leftovers\n|-damage|p1b: Oricorio|94\/100 tox|[from] psn\n|upkeep\n|turn|10\n|\n|t:|1700953125\n|switch|p1b: Tyranitar|Tyranitar, F|62\/100 tox\n|-weather|Sandstorm|[from] ability: Sand Stream|[of] p1b: Tyranitar\n|move|p1a: Ribombee|Protect|p1a: Ribombee\n|-singleturn|p1a: Ribombee|Protect\n|move|p2b: Chien-Pao|Sucker Punch||[still]\n|-fail|p2b: Chien-Pao\n|move|p2a: Cresselia|Icy Wind|p1b: Tyranitar|[spread] p1b\n|-activate|p1a: Ribombee|move: Protect\n|-damage|p1b: Tyranitar|59\/100 tox\n|-unboost|p1b: Tyranitar|spe|1\n|\n|-weather|Sandstorm|[upkeep]\n|-damage|p2b: Chien-Pao|0 fnt|[from] Sandstorm\n|-damage|p2a: Cresselia|67\/100|[from] Sandstorm\n|-damage|p1a: Ribombee|26\/100|[from] Sandstorm\n|faint|p2b: Chien-Pao\n|-heal|p2a: Cresselia|74\/100|[from] item: Leftovers\n|-damage|p1b: Tyranitar|52\/100 tox|[from] psn\n|-sideend|p2: Psicodelicia96|move: Tailwind\n|upkeep\n|\n|t:|1700953145\n|switch|p2b: Landorus|Landorus-Therian, M, shiny|72\/100\n|-ability|p2b: Landorus|Intimidate|boost\n|-unboost|p1a: Ribombee|atk|1\n|-unboost|p1b: Tyranitar|atk|1\n|turn|11\n|\n|t:|1700953168\n|switch|p1b: Oricorio|Oricorio, M, shiny|94\/100 tox\n|move|p2b: Landorus|Rock Slide|p1b: Oricorio|[spread] p1b\n|-miss|p2b: Landorus|p1a: Ribombee\n|-supereffective|p1b: Oricorio\n|-damage|p1b: Oricorio|0 fnt\n|faint|p1b: Oricorio\n|move|p1a: Ribombee|Quiver Dance|p1a: Ribombee\n|-boost|p1a: Ribombee|spa|1\n|-boost|p1a: Ribombee|spd|1\n|-boost|p1a: Ribombee|spe|1\n|move|p2a: Cresselia|Lunar Blessing|p2a: Cresselia|[spread] p2a,p2b\n|-heal|p2a: Cresselia|99\/100\n|-heal|p2b: Landorus|97\/100\n|\n|-weather|Sandstorm|[upkeep]\n|-damage|p1a: Ribombee|20\/100|[from] Sandstorm\n|-damage|p2a: Cresselia|92\/100|[from] Sandstorm\n|-heal|p2a: Cresselia|99\/100|[from] item: Leftovers\n|upkeep\n|\n|t:|1700953179\n|switch|p1b: Tyranitar|Tyranitar, F|52\/100 tox\n|turn|12\n|\n|t:|1700953201\n|move|p1a: Ribombee|Moonblast|p2b: Landorus\n|-damage|p2b: Landorus|17\/100\n|move|p2b: Landorus|Rock Slide|p1a: Ribombee|[spread] p1a,p1b\n|-supereffective|p1a: Ribombee\n|-damage|p1a: Ribombee|0 fnt\n|-damage|p1b: Tyranitar|34\/100 tox\n|faint|p1a: Ribombee\n|move|p2a: Cresselia|Icy Wind|p1b: Tyranitar\n|-damage|p1b: Tyranitar|30\/100 tox\n|-unboost|p1b: Tyranitar|spe|1\n|move|p1b: Tyranitar|Rock Slide|p2b: Landorus|[spread] p2a,p2b\n|-damage|p2a: Cresselia|85\/100\n|-damage|p2b: Landorus|0 fnt\n|faint|p2b: Landorus\n|\n|-weather|Sandstorm|[upkeep]\n|-damage|p2a: Cresselia|79\/100|[from] Sandstorm\n|-heal|p2a: Cresselia|85\/100|[from] item: Leftovers\n|-damage|p1b: Tyranitar|24\/100 tox|[from] psn\n|upkeep\n|turn|13\n|\n|t:|1700953220\n|-terastallize|p1b: Tyranitar|Rock\n|move|p2a: Cresselia|Lunar Blessing|p2a: Cresselia\n|-heal|p2a: Cresselia|100\/100\n|move|p1b: Tyranitar|Rock Slide|p2a: Cresselia\n|-crit|p2a: Cresselia\n|-damage|p2a: Cresselia|64\/100\n|\n|-weather|Sandstorm|[upkeep]\n|-damage|p2a: Cresselia|58\/100|[from] Sandstorm\n|-heal|p2a: Cresselia|64\/100|[from] item: Leftovers\n|-damage|p1b: Tyranitar|11\/100 tox|[from] psn\n|upkeep\n|turn|14\n|c|\u2606GodDeadYT|Gg\n|\n|t:|1700953234\n|move|p2a: Cresselia|Lunar Blessing|p2a: Cresselia\n|-heal|p2a: Cresselia|89\/100\n|move|p1b: Tyranitar|Rock Slide|p2a: Cresselia\n|-damage|p2a: Cresselia|64\/100\n|\n|-weather|Sandstorm|[upkeep]\n|-damage|p2a: Cresselia|58\/100|[from] Sandstorm\n|-heal|p2a: Cresselia|64\/100|[from] item: Leftovers\n|-damage|p1b: Tyranitar|0 fnt|[from] psn\n|faint|p1b: Tyranitar\n|\n|win|Psicodelicia96\n|upkeep\n","uploadtime":1700953296,"views":4,"p1id":"goddeadyt","p2id":"psicodelicia96","formatid":"gen9nationaldexdoubles","rating":0,"private":0,"password":""}