{"id":"gen9nationaldexdoubles-1994486569","p1":"PanduxD","p2":"Roy Kasoy","format":"[Gen 9] National Dex Doubles","log":"|j|\u2606PanduxD\n|j|\u2606Roy Kasoy\n|t:|1700449577\n|gametype|doubles\n|player|p1|PanduxD|170|\n|player|p2|Roy Kasoy|hilbert|\n|teamsize|p1|6\n|teamsize|p2|6\n|gen|9\n|tier|[Gen 9] National Dex Doubles\n|rule|HP Percentage Mod: HP is shown in percentages\n|rule|Endless Battle Clause: Forcing endless battles is banned\n|rule|OHKO Clause: OHKO moves are banned\n|rule|Evasion Moves Clause: Evasion moves are banned\n|rule|Evasion Abilities Clause: Evasion abilities are banned\n|rule|Species Clause: Limit one of each Pok\u00e9mon\n|rule|Gravity Sleep Clause: The combination of sleep-inducing moves with imperfect accuracy and Gravity or Gigantamax Orbeetle are banned\n|clearpoke\n|poke|p1|Sprigatito, F|\n|poke|p1|Bulbasaur, F|\n|poke|p1|Totodile, M|\n|poke|p1|Riolu, F|\n|poke|p1|Scorbunny, F|\n|poke|p1|Larvitar, F|\n|poke|p2|Bulbasaur, M|\n|poke|p2|Litten, F|\n|poke|p2|Squirtle, F|\n|poke|p2|Larvitar, M|\n|poke|p2|Riolu, M|\n|poke|p2|Charmander, F|\n|teampreview\n|\n|t:|1700449602\n|start\n|switch|p1a: Sprigatito|Sprigatito, F|100\/100\n|switch|p1b: Bulbasaur|Bulbasaur, F|100\/100\n|switch|p2a: Litten|Litten, F|100\/100\n|switch|p2b: Squirtle|Squirtle, F|100\/100\n|-ability|p2a: Litten|Intimidate|boost\n|-unboost|p1a: Sprigatito|atk|1\n|-unboost|p1b: Bulbasaur|atk|1\n|turn|1\n|\n|t:|1700449625\n|move|p2b: Squirtle|Fake Out|p1b: Bulbasaur\n|-damage|p1b: Bulbasaur|95\/100\n|move|p2a: Litten|Flare Blitz|p1a: Sprigatito\n|-supereffective|p1a: Sprigatito\n|-damage|p1a: Sprigatito|0 fnt\n|faint|p1a: Sprigatito\n|-damage|p2a: Litten|69\/100|[from] Recoil\n|cant|p1b: Bulbasaur|flinch\n|\n|upkeep\n|\n|t:|1700449654\n|switch|p1a: Larvitar|Larvitar, F|100\/100\n|turn|2\n|\n|t:|1700449669\n|switch|p1a: Totodile|Totodile, M|100\/100\n|move|p2a: Litten|Crunch|p1a: Totodile\n|-damage|p1a: Totodile|82\/100\n|-unboost|p1a: Totodile|def|1\n|move|p1b: Bulbasaur|Sleep Powder|p2b: Squirtle\n|-status|p2b: Squirtle|slp|[from] move: Sleep Powder\n|cant|p2b: Squirtle|slp\n|\n|upkeep\n|turn|3\n|\n|t:|1700449700\n|switch|p1b: Larvitar|Larvitar, F|100\/100\n|move|p2a: Litten|Flare Blitz|p1b: Larvitar\n|-resisted|p1b: Larvitar\n|-damage|p1b: Larvitar|67\/100\n|-damage|p2a: Litten|56\/100|[from] Recoil\n|move|p1a: Totodile|Dragon Dance|p1a: Totodile\n|-boost|p1a: Totodile|atk|1\n|-boost|p1a: Totodile|spe|1\n|cant|p2b: Squirtle|slp\n|\n|-status|p1b: Larvitar|brn|[from] item: Flame Orb\n|upkeep\n|turn|4\n|\n|t:|1700449739\n|move|p2a: Litten|Crunch|p1b: Larvitar\n|-damage|p1b: Larvitar|34\/100 brn\n|move|p1a: Totodile|Dragon Dance|p1a: Totodile\n|-boost|p1a: Totodile|atk|1\n|-boost|p1a: Totodile|spe|1\n|move|p1b: Larvitar|Rock Slide|p2a: Litten|[spread] p2a,p2b\n|-supereffective|p2a: Litten\n|-damage|p2a: Litten|0 fnt\n|-damage|p2b: Squirtle|82\/100 slp\n|faint|p2a: Litten\n|-curestatus|p2b: Squirtle|slp|[msg]\n|move|p2b: Squirtle|Scald|p1b: Larvitar\n|-supereffective|p1b: Larvitar\n|-damage|p1b: Larvitar|0 fnt\n|faint|p1b: Larvitar\n|\n|upkeep\n|\n|t:|1700449761\n|switch|p2a: Bulbasaur|Bulbasaur, M, shiny|100\/100\n|switch|p1b: Bulbasaur|Bulbasaur, F|95\/100\n|turn|5\n|\n|t:|1700449788\n|move|p2b: Squirtle|Protect|p2b: Squirtle\n|-singleturn|p2b: Squirtle|Protect\n|move|p1a: Totodile|Ice Punch|p2a: Bulbasaur\n|-supereffective|p2a: Bulbasaur\n|-damage|p2a: Bulbasaur|6\/100\n|move|p2a: Bulbasaur|Giga Drain|p1a: Totodile\n|-supereffective|p1a: Totodile\n|-damage|p1a: Totodile|41\/100\n|-heal|p2a: Bulbasaur|27\/100|[from] drain|[of] p1a: Totodile\n|move|p1b: Bulbasaur|Sleep Powder|p2b: Squirtle\n|-activate|p2b: Squirtle|move: Protect\n|\n|upkeep\n|turn|6\n|j| buenocomoeloro\n|\n|t:|1700449865\n|switch|p2a: Larvitar|Larvitar, M, shiny|100\/100\n|move|p1a: Totodile|Waterfall|p2a: Larvitar\n|-supereffective|p2a: Larvitar\n|-damage|p2a: Larvitar|0 fnt\n|faint|p2a: Larvitar\n|move|p1b: Bulbasaur|Sleep Powder|p2b: Squirtle\n|-status|p2b: Squirtle|slp|[from] move: Sleep Powder\n|cant|p2b: Squirtle|slp\n|\n|upkeep\n|\n|t:|1700449888\n|switch|p2a: Riolu|Riolu, M, shiny|100\/100\n|turn|7\n|\n|t:|1700449911\n|switch|p2b: Bulbasaur|Bulbasaur, M, shiny|27\/100\n|move|p2a: Riolu|Sunny Day|p2a: Riolu\n|-weather|SunnyDay\n|move|p1a: Totodile|Waterfall|p2a: Riolu\n|-damage|p2a: Riolu|15\/100\n|move|p1b: Bulbasaur|Giga Drain|p2b: Bulbasaur\n|-resisted|p2b: Bulbasaur\n|-damage|p2b: Bulbasaur|21\/100\n|-heal|p1b: Bulbasaur|98\/100|[from] drain|[of] p2b: Bulbasaur\n|\n|-weather|SunnyDay|[upkeep]\n|upkeep\n|turn|8\n|\n|t:|1700449944\n|move|p2b: Bulbasaur|Giga Drain|p1a: Totodile\n|-supereffective|p1a: Totodile\n|-crit|p1a: Totodile\n|-damage|p1a: Totodile|0 fnt\n|-heal|p2b: Bulbasaur|42\/100|[from] drain|[of] p1a: Totodile\n|faint|p1a: Totodile\n|move|p2a: Riolu|Shadow Claw|p1b: Bulbasaur\n|-damage|p1b: Bulbasaur|69\/100\n|-damage|p2a: Riolu|5\/100|[from] item: Life Orb\n|move|p1b: Bulbasaur|Sludge Bomb|p2b: Bulbasaur\n|-damage|p2b: Bulbasaur|13\/100\n|\n|-weather|SunnyDay|[upkeep]\n|upkeep\n|\n|t:|1700449956\n|switch|p1a: Riolu|Riolu, F|100\/100\n|turn|9\n|\n|t:|1700449973\n|move|p2b: Bulbasaur|Giga Drain|p1a: Riolu\n|-damage|p1a: Riolu|48\/100\n|-heal|p2b: Bulbasaur|35\/100|[from] drain|[of] p1a: Riolu\n|move|p2a: Riolu|Drain Punch|p1a: Riolu\n|-damage|p1a: Riolu|0 fnt\n|-heal|p2a: Riolu|29\/100|[from] drain|[of] p1a: Riolu\n|faint|p1a: Riolu\n|-damage|p2a: Riolu|20\/100|[from] item: Life Orb\n|move|p1b: Bulbasaur|Giga Drain|p2a: Riolu\n|-damage|p2a: Riolu|0 fnt\n|-heal|p1b: Bulbasaur|77\/100|[from] drain|[of] p2a: Riolu\n|faint|p2a: Riolu\n|\n|-weather|SunnyDay|[upkeep]\n|upkeep\n|\n|t:|1700449991\n|switch|p2a: Charmander|Charmander, F, shiny|100\/100\n|switch|p1a: Scorbunny|Scorbunny, F|100\/100\n|turn|10\n|\n|t:|1700450009\n|-terastallize|p1b: Bulbasaur|Water\n|move|p2b: Bulbasaur|Sludge Bomb|p1b: Bulbasaur\n|-damage|p1b: Bulbasaur|52\/100\n|-status|p1b: Bulbasaur|psn\n|move|p2a: Charmander|Heat Wave|p1a: Scorbunny|[spread] p1a,p1b\n|-resisted|p1a: Scorbunny\n|-resisted|p1b: Bulbasaur\n|-damage|p1a: Scorbunny|22\/100\n|-damage|p1b: Bulbasaur|24\/100 psn\n|move|p1a: Scorbunny|Flare Blitz|p2a: Charmander\n|-resisted|p2a: Charmander\n|-damage|p2a: Charmander|0 fnt\n|faint|p2a: Charmander\n|-damage|p1a: Scorbunny|0 fnt|[from] Recoil\n|faint|p1a: Scorbunny\n|move|p1b: Bulbasaur|Sleep Powder|p2b: Bulbasaur\n|-immune|p2b: Bulbasaur\n|\n|-weather|SunnyDay|[upkeep]\n|-damage|p1b: Bulbasaur|11\/100 psn|[from] psn\n|upkeep\n|c|\u2606PanduxD|solo para aclarar\n|\n|t:|1700450029\n|switch|p2a: Squirtle|Squirtle, F|82\/100 slp\n|turn|11\n|c|\u2606PanduxD|iba para el charmander\n|c|\u2606PanduxD|gg\n|\n|t:|1700450040\n|move|p2b: Bulbasaur|Giga Drain|p1b: Bulbasaur\n|-supereffective|p1b: Bulbasaur\n|-damage|p1b: Bulbasaur|0 fnt\n|-heal|p2b: Bulbasaur|40\/100|[from] drain|[of] p1b: Bulbasaur\n|faint|p1b: Bulbasaur\n|\n|win|Roy Kasoy\n|c| buenocomoeloro|xD\n|c| buenocomoeloro|GG\n","uploadtime":1700450046,"views":4,"p1id":"panduxd","p2id":"roykasoy","formatid":"gen9nationaldexdoubles","rating":0,"private":0,"password":""}