{"id":"gen9nationaldexdoubles-1999051138","p1":"ELGRANCRAC","p2":"Psicodelicia96","format":"[Gen 9] National Dex Doubles","log":"|j|\u2606ELGRANCRAC\n|j|\u2606Psicodelicia96\n|t:|1701027903\n|gametype|doubles\n|player|p1|ELGRANCRAC|red|\n|player|p2|Psicodelicia96|burgh|\n|teamsize|p1|6\n|teamsize|p2|6\n|gen|9\n|tier|[Gen 9] National Dex Doubles\n|rule|HP Percentage Mod: HP is shown in percentages\n|rule|Endless Battle Clause: Forcing endless battles is banned\n|rule|OHKO Clause: OHKO moves are banned\n|rule|Evasion Moves Clause: Evasion moves are banned\n|rule|Evasion Abilities Clause: Evasion abilities are banned\n|rule|Species Clause: Limit one of each Pok\u00e9mon\n|rule|Gravity Sleep Clause: The combination of sleep-inducing moves with imperfect accuracy and Gravity or Gigantamax Orbeetle are banned\n|clearpoke\n|poke|p1|Oricorio-Pom-Pom, M|\n|poke|p1|Volcarona, F|\n|poke|p1|Hawlucha, M|\n|poke|p1|Kingambit, M|\n|poke|p1|Cresselia, F|\n|poke|p1|Rillaboom, F|\n|poke|p2|Oricorio-Pom-Pom, F|\n|poke|p2|Volcarona, F|\n|poke|p2|Cresselia, F|\n|poke|p2|Chien-Pao|\n|poke|p2|Ogerpon-Wellspring, F|\n|poke|p2|Landorus-Therian, M|\n|teampreview\n|inactive|Battle timer is ON: inactive players will automatically lose when time's up. (requested by ELGRANCRAC)\n|c|\u2606ELGRANCRAC|GL hf\n|\n|t:|1701027925\n|start\n|switch|p1a: Pom pom|Oricorio-Pom-Pom, M, shiny|100\/100\n|switch|p1b: Peruano|Rillaboom, F, shiny|100\/100\n|switch|p2a: Landorus|Landorus-Therian, M, shiny|100\/100\n|switch|p2b: Oricorio|Oricorio-Pom-Pom, F, shiny|100\/100\n|-ability|p2a: Landorus|Intimidate|boost\n|-unboost|p1a: Pom pom|atk|1\n|-unboost|p1b: Peruano|atk|1\n|-fieldstart|move: Grassy Terrain|[from] ability: Grassy Surge|[of] p1b: Peruano\n|turn|1\n|\n|t:|1701027950\n|move|p1b: Peruano|Fake Out|p2b: Oricorio\n|-damage|p2b: Oricorio|87\/100\n|move|p2a: Landorus|U-turn|p1b: Peruano\n|-supereffective|p1b: Peruano\n|-damage|p1b: Peruano|52\/100\n|inactive|Psicodelicia96 has 270 seconds left.\n|\n|t:|1701027973\n|switch|p2a: Volcarona|Volcarona, F, shiny|100\/100|[from] U-turn\n|move|p2b: Oricorio|Taunt|p1a: Pom pom\n|-start|p1a: Pom pom|move: Taunt\n|cant|p1a: Pom pom|move: Taunt|Tailwind\n|\n|-heal|p1b: Peruano|59\/100|[from] Grassy Terrain\n|upkeep\n|turn|2\n|c|\u2606ELGRANCRAC|?\n|c|\u2606ELGRANCRAC|Y el\n|\n|t:|1701027997\n|switch|p1b: El santo|Hawlucha, M, shiny|100\/100\n|-enditem|p1b: El santo|Grassy Seed\n|-boost|p1b: El santo|def|1|[from] item: Grassy Seed\n|move|p2a: Volcarona|Quiver Dance|p2a: Volcarona\n|-boost|p2a: Volcarona|spa|1\n|-boost|p2a: Volcarona|spd|1\n|-boost|p2a: Volcarona|spe|1\n|-activate|p2b: Oricorio|ability: Dancer\n|move|p2b: Oricorio|Quiver Dance|p2b: Oricorio|[from]ability: Dancer\n|-boost|p2b: Oricorio|spa|1\n|-boost|p2b: Oricorio|spd|1\n|-boost|p2b: Oricorio|spe|1\n|-activate|p1a: Pom pom|ability: Dancer\n|cant|p1a: Pom pom|move: Taunt|Quiver Dance\n|move|p2b: Oricorio|Tailwind|p2b: Oricorio\n|-sidestart|p2: Psicodelicia96|move: Tailwind\n|move|p1a: Pom pom|Revelation Dance|p2b: Oricorio\n|-damage|p2b: Oricorio|57\/100\n|-activate|p2b: Oricorio|ability: Dancer\n|move|p2b: Oricorio|Revelation Dance|p1a: Pom pom|[from]ability: Dancer\n|-damage|p1a: Pom pom|22\/100\n|\n|-heal|p1a: Pom pom|28\/100|[from] item: Leftovers\n|upkeep\n|turn|3\n|inactive|Psicodelicia96 has 270 seconds left.\n|c|\u2606ELGRANCRAC|Y el flincheo?\n|c|\u2606ELGRANCRAC|\ud83e\udee5\n|\n|t:|1701028036\n|move|p2a: Volcarona|Fiery Dance|p1a: Pom pom\n|-damage|p1a: Pom pom|0 fnt\n|-boost|p2a: Volcarona|spa|1\n|faint|p1a: Pom pom\n|-activate|p2b: Oricorio|ability: Dancer\n|move|p2b: Oricorio|Fiery Dance|p1b: El santo|[from]ability: Dancer\n|-damage|p1b: El santo|52\/100\n|move|p2b: Oricorio|Revelation Dance|p1b: El santo\n|-supereffective|p1b: El santo\n|-damage|p1b: El santo|0 fnt\n|faint|p1b: El santo\n|\n|upkeep\n|c|\u2606ELGRANCRAC|!calc\n|c| ELGRANCRAC|\/raw <div class=\"infobox\">Pok&eacute;mon Showdown! damage calculator. (Courtesy of Honko, Austin, &amp; Kris)<br \/>- <a href=\"https:\/\/calc.pokemonshowdown.com\/index.html\">Damage Calculator<\/a><\/div>\n|inactive|ELGRANCRAC has 270 seconds left.\n|\n|t:|1701028060\n|switch|p1a: Cress|Cresselia, F, shiny|100\/100\n|switch|p1b: Larva|Volcarona, F, shiny|100\/100\n|turn|4\n|inactive|Psicodelicia96 has 270 seconds left.\n|\n|t:|1701028102\n|move|p2a: Volcarona|Fiery Dance|p1a: Cress\n|-crit|p1a: Cress\n|-damage|p1a: Cress|25\/100\n|-boost|p2a: Volcarona|spa|1\n|-activate|p2b: Oricorio|ability: Dancer\n|move|p2b: Oricorio|Fiery Dance|p1a: Cress|[from]ability: Dancer\n|-damage|p1a: Cress|2\/100\n|move|p2b: Oricorio|Revelation Dance|p1b: Larva\n|-damage|p1b: Larva|43\/100\n|move|p1b: Larva|Fiery Dance|p2a: Volcarona\n|-damage|p2a: Volcarona|60\/100\n|-damage|p1b: Larva|34\/100|[from] item: Life Orb\n|-activate|p2b: Oricorio|ability: Dancer\n|move|p2b: Oricorio|Fiery Dance|p1b: Larva|[from]ability: Dancer\n|-damage|p1b: Larva|0 fnt\n|-boost|p2b: Oricorio|spa|1\n|faint|p1b: Larva\n|move|p1a: Cress|Moonblast|p2b: Oricorio\n|-damage|p2b: Oricorio|38\/100\n|\n|-heal|p2a: Volcarona|66\/100|[from] Grassy Terrain\n|-heal|p1a: Cress|8\/100|[from] item: Leftovers\n|upkeep\n|inactive|ELGRANCRAC has 270 seconds left.\n|\n|t:|1701028128\n|switch|p1b: Peruano|Rillaboom, F, shiny|59\/100\n|turn|5\n|inactive|ELGRANCRAC has 270 seconds left.\n|\n|t:|1701028141\n|move|p2a: Volcarona|Protect|p2a: Volcarona\n|-singleturn|p2a: Volcarona|Protect\n|move|p1b: Peruano|Fake Out|p2a: Volcarona\n|-activate|p2a: Volcarona|move: Protect\n|move|p2b: Oricorio|Air Slash|p1b: Peruano|[miss]\n|-miss|p2b: Oricorio|p1b: Peruano\n|move|p1a: Cress|Moonblast|p2a: Volcarona\n|-activate|p2a: Volcarona|move: Protect\n|\n|-heal|p2a: Volcarona|73\/100|[from] Grassy Terrain\n|-heal|p1a: Cress|14\/100|[from] item: Leftovers\n|-heal|p1b: Peruano|65\/100|[from] Grassy Terrain\n|-sideend|p2: Psicodelicia96|move: Tailwind\n|-fieldend|move: Grassy Terrain\n|upkeep\n|turn|6\n|\n|t:|1701028169\n|move|p2a: Volcarona|Fiery Dance|p1b: Peruano\n|-supereffective|p1b: Peruano\n|-damage|p1b: Peruano|0 fnt\n|-boost|p2a: Volcarona|spa|1\n|faint|p1b: Peruano\n|-activate|p2b: Oricorio|ability: Dancer\n|move|p2b: Oricorio|Fiery Dance|p1a: Cress|[from]ability: Dancer\n|-damage|p1a: Cress|0 fnt\n|-boost|p2b: Oricorio|spa|1\n|faint|p1a: Cress\n|move|p2b: Oricorio|Air Slash|p1: Cress|[notarget]\n|-fail|p2b: Oricorio\n|\n|upkeep\n|\n|t:|1701028173\n|switch|p1a: Adolfus|Kingambit, M|100\/100\n|-activate|p1a: Adolfus|ability: Supreme Overlord\n|-start|p1a: Adolfus|fallen5|[silent]\n|turn|7\n|\n|t:|1701028190\n|-terastallize|p1a: Adolfus|Ghost\n|move|p1a: Adolfus|Sucker Punch|p2a: Volcarona\n|-damage|p2a: Volcarona|5\/100\n|-damage|p1a: Adolfus|84\/100|[from] item: Rocky Helmet|[of] p2a: Volcarona\n|move|p2a: Volcarona|Fiery Dance|p1a: Adolfus\n|-damage|p1a: Adolfus|0 fnt\n|-boost|p2a: Volcarona|spa|1\n|faint|p1a: Adolfus\n|-end|p1a: Adolfus|fallen5|[silent]\n|-activate|p2b: Oricorio|ability: Dancer\n|move|p2b: Oricorio|Fiery Dance|p1: Adolfus|[from]ability: Dancer|[notarget]\n|-fail|p2b: Oricorio\n|\n|win|Psicodelicia96\n|l|\u2606ELGRANCRAC\n|j| Leuco9\n","uploadtime":1701028224,"views":8,"p1id":"elgrancrac","p2id":"psicodelicia96","formatid":"gen9nationaldexdoubles","rating":0,"private":0,"password":""}