{"id":"gen9nationaldexdoubles-1980978239","p1":"CinDq","p2":"Nohbdy06","format":"[Gen 9] National Dex Doubles","log":"|j|\u2606CinDq\n|j|\u2606Nohbdy06\n|t:|1698853928\n|gametype|doubles\n|player|p1|CinDq|cynthia|\n|player|p2|Nohbdy06|hilda-wonderlauncher|\n|teamsize|p1|6\n|teamsize|p2|6\n|gen|9\n|tier|[Gen 9] National Dex Doubles\n|rule|HP Percentage Mod: HP is shown in percentages\n|rule|Endless Battle Clause: Forcing endless battles is banned\n|rule|OHKO Clause: OHKO moves are banned\n|rule|Evasion Moves Clause: Evasion moves are banned\n|rule|Evasion Abilities Clause: Evasion abilities are banned\n|rule|Species Clause: Limit one of each Pok\u00e9mon\n|rule|Gravity Sleep Clause: The combination of sleep-inducing moves with imperfect accuracy and Gravity or Gigantamax Orbeetle are banned\n|clearpoke\n|poke|p1|Snorlax, M|\n|poke|p1|Clefairy, M|\n|poke|p1|Sinistcha|\n|poke|p1|Ogerpon-Hearthflame, F|\n|poke|p1|Barraskewda, F|\n|poke|p1|Politoed, F|\n|poke|p2|Tyranitar, F|\n|poke|p2|Dragapult, F|\n|poke|p2|Dragonite, F|\n|poke|p2|Garchomp, F|\n|poke|p2|Salamence, F|\n|poke|p2|Torterra, F|\n|teampreview\n|\n|t:|1698853958\n|start\n|switch|p1a: Snorlax|Snorlax, M|100\/100\n|switch|p1b: Clefairy|Clefairy, M|100\/100\n|switch|p2a: Tyranitar|Tyranitar, F, shiny|100\/100\n|switch|p2b: Garchomp|Garchomp, F, shiny|100\/100\n|-weather|Sandstorm|[from] ability: Sand Stream|[of] p2a: Tyranitar\n|turn|1\n|\n|t:|1698854013\n|move|p1b: Clefairy|Follow Me|p1b: Clefairy\n|-singleturn|p1b: Clefairy|move: Follow Me\n|move|p2b: Garchomp|Rock Slide|p1a: Snorlax|[spread] p1a,p1b\n|-damage|p1a: Snorlax|87\/100\n|-damage|p1b: Clefairy|81\/100\n|move|p2a: Tyranitar|Aqua Tail|p1b: Clefairy\n|-damage|p1b: Clefairy|46\/100\n|move|p1a: Snorlax|Belly Drum|p1a: Snorlax\n|-damage|p1a: Snorlax|37\/100\n|-setboost|p1a: Snorlax|atk|6|[from] move: Belly Drum\n|-enditem|p1a: Snorlax|Sitrus Berry|[eat]\n|-heal|p1a: Snorlax|62\/100|[from] item: Sitrus Berry\n|\n|-weather|Sandstorm|[upkeep]\n|-damage|p1a: Snorlax|55\/100|[from] Sandstorm\n|-damage|p1b: Clefairy|40\/100|[from] Sandstorm\n|upkeep\n|turn|2\n|\n|t:|1698854042\n|switch|p1b: Sinistcha|Sinistcha|100\/100\n|-heal|p1a: Snorlax|80\/100|[from] ability: Hospitality|[of] p1b: Sinistcha\n|move|p1a: Snorlax|Protect|p1a: Snorlax\n|-singleturn|p1a: Snorlax|Protect\n|move|p2b: Garchomp|Rock Slide|p1b: Sinistcha|[spread] p1b\n|-activate|p1a: Snorlax|move: Protect\n|-damage|p1b: Sinistcha|79\/100\n|move|p2a: Tyranitar|Aqua Tail|p1b: Sinistcha\n|-resisted|p1b: Sinistcha\n|-damage|p1b: Sinistcha|60\/100\n|\n|-weather|Sandstorm|[upkeep]\n|-damage|p1b: Sinistcha|54\/100|[from] Sandstorm\n|-damage|p1a: Snorlax|74\/100|[from] Sandstorm\n|-heal|p1b: Sinistcha|60\/100|[from] item: Leftovers\n|upkeep\n|turn|3\n|\n|t:|1698854064\n|move|p2b: Garchomp|Rock Slide|p1a: Snorlax|[spread] p1a,p1b\n|-damage|p1a: Snorlax|56\/100\n|-damage|p1b: Sinistcha|41\/100\n|move|p2a: Tyranitar|Fire Fang|p1b: Sinistcha\n|-supereffective|p1b: Sinistcha\n|-damage|p1b: Sinistcha|0 fnt\n|faint|p1b: Sinistcha\n|move|p1a: Snorlax|Stomping Tantrum|p2a: Tyranitar\n|-supereffective|p2a: Tyranitar\n|-damage|p2a: Tyranitar|0 fnt\n|faint|p2a: Tyranitar\n|\n|-weather|Sandstorm|[upkeep]\n|-damage|p1a: Snorlax|50\/100|[from] Sandstorm\n|upkeep\n|\n|t:|1698854082\n|switch|p2a: Salamence|Salamence, F, shiny|100\/100\n|switch|p1b: Clefairy|Clefairy, M|40\/100\n|-ability|p2a: Salamence|Intimidate|boost\n|-unboost|p1a: Snorlax|atk|1\n|-unboost|p1b: Clefairy|atk|1\n|turn|4\n|\n|t:|1698854107\n|move|p2b: Garchomp|Rock Slide|p1b: Clefairy|[spread] p1a\n|-miss|p2b: Garchomp|p1b: Clefairy\n|-damage|p1a: Snorlax|35\/100\n|move|p2a: Salamence|Dragon Claw|p1b: Clefairy\n|-immune|p1b: Clefairy\n|cant|p1a: Snorlax|flinch\n|move|p1b: Clefairy|Heal Pulse|p1a: Snorlax\n|-heal|p1a: Snorlax|85\/100\n|\n|-weather|Sandstorm|[upkeep]\n|-damage|p2a: Salamence|94\/100|[from] Sandstorm\n|-damage|p1a: Snorlax|79\/100|[from] Sandstorm\n|-damage|p1b: Clefairy|34\/100|[from] Sandstorm\n|upkeep\n|turn|5\n|\n|t:|1698854129\n|move|p1b: Clefairy|Follow Me|p1b: Clefairy\n|-singleturn|p1b: Clefairy|move: Follow Me\n|move|p2b: Garchomp|Rock Slide|p1a: Snorlax|[spread] p1a,p1b\n|-damage|p1a: Snorlax|66\/100\n|-damage|p1b: Clefairy|14\/100\n|move|p2a: Salamence|Iron Head|p1b: Clefairy\n|-supereffective|p1b: Clefairy\n|-damage|p1b: Clefairy|0 fnt\n|faint|p1b: Clefairy\n|cant|p1a: Snorlax|flinch\n|\n|-weather|none\n|upkeep\n|\n|t:|1698854142\n|switch|p1b: Ogerpon|Ogerpon-Hearthflame, F|100\/100\n|-ability|p1b: Ogerpon|Mold Breaker\n|turn|6\n|\n|t:|1698854157\n|detailschange|p2a: Salamence|Salamence-Mega, F, shiny\n|-mega|p2a: Salamence|Salamence|Salamencite\n|move|p1b: Ogerpon|Spiky Shield|p1b: Ogerpon\n|-singleturn|p1b: Ogerpon|move: Protect\n|move|p2a: Salamence|Dragon Claw|p1a: Snorlax\n|-damage|p1a: Snorlax|22\/100\n|move|p2b: Garchomp|Rock Slide|p1b: Ogerpon|[spread] p1a\n|-activate|p1b: Ogerpon|move: Protect\n|-damage|p1a: Snorlax|4\/100\n|move|p1a: Snorlax|Last Resort|p2b: Garchomp\n|-enditem|p2b: Garchomp|Focus Sash\n|-damage|p2b: Garchomp|1\/100\n|-damage|p1a: Snorlax|0 fnt|[from] ability: Rough Skin|[of] p2b: Garchomp\n|faint|p1a: Snorlax\n|\n|upkeep\n|\n|t:|1698854174\n|switch|p1a: Politoed|Politoed, F|100\/100\n|-weather|RainDance|[from] ability: Drizzle|[of] p1a: Politoed\n|turn|7\n|\n|t:|1698854194\n|move|p1b: Ogerpon|Horn Leech|p2b: Garchomp\n|-damage|p2b: Garchomp|0 fnt\n|-damage|p1b: Ogerpon|88\/100|[from] ability: Rough Skin|[of] p2b: Garchomp\n|faint|p2b: Garchomp\n|move|p2a: Salamence|Dragon Claw|p1b: Ogerpon\n|-damage|p1b: Ogerpon|27\/100\n|move|p1a: Politoed|Ice Beam|p2a: Salamence\n|-supereffective|p2a: Salamence\n|-damage|p2a: Salamence|11\/100\n|\n|-weather|RainDance|[upkeep]\n|upkeep\n|\n|t:|1698854209\n|switch|p2b: Torterra|Torterra, F, shiny|100\/100\n|turn|8\n|\n|t:|1698854236\n|move|p1b: Ogerpon|Spiky Shield|p1b: Ogerpon\n|-singleturn|p1b: Ogerpon|move: Protect\n|move|p2a: Salamence|Iron Head|p1b: Ogerpon\n|-activate|p1b: Ogerpon|move: Protect\n|-damage|p2a: Salamence|0 fnt|[from] Spiky Shield|[of] p1b: Ogerpon\n|faint|p2a: Salamence\n|move|p1a: Politoed|Ice Beam|p2b: Torterra\n|-supereffective|p2b: Torterra\n|-damage|p2b: Torterra|45\/100\n|move|p2b: Torterra|Giga Drain|p1a: Politoed\n|-supereffective|p1a: Politoed\n|-damage|p1a: Politoed|72\/100\n|-heal|p2b: Torterra|58\/100|[from] drain|[of] p1a: Politoed\n|\n|-weather|RainDance|[upkeep]\n|upkeep\n|\n|t:|1698854250\n|switch|p2a: Dragapult|Dragapult, F, shiny|100\/100\n|turn|9\n|\n|t:|1698854260\n|move|p2a: Dragapult|Phantom Force||[still]\n|-prepare|p2a: Dragapult|Phantom Force\n|move|p1b: Ogerpon|Horn Leech|p2b: Torterra\n|-crit|p2b: Torterra\n|-damage|p2b: Torterra|5\/100\n|-heal|p1b: Ogerpon|63\/100|[from] drain|[of] p2b: Torterra\n|move|p1a: Politoed|Ice Beam|p2b: Torterra\n|-supereffective|p2b: Torterra\n|-damage|p2b: Torterra|0 fnt\n|faint|p2b: Torterra\n|\n|-weather|RainDance|[upkeep]\n|upkeep\n|\n|t:|1698854270\n|switch|p2b: Dragonite|Dragonite, F, shiny|100\/100\n|turn|10\n|\n|t:|1698854298\n|switch|p1a: Barraskewda|Barraskewda, F|100\/100\n|move|p2a: Dragapult|Phantom Force|p1b: Ogerpon|[from]lockedmove\n|-damage|p1b: Ogerpon|7\/100\n|move|p1b: Ogerpon|Horn Leech|p2a: Dragapult\n|-resisted|p2a: Dragapult\n|-damage|p2a: Dragapult|71\/100\n|-heal|p1b: Ogerpon|23\/100|[from] drain|[of] p2a: Dragapult\n|-start|p1b: Ogerpon|Disable|Horn Leech|[from] ability: Cursed Body|[of] p2a: Dragapult\n|move|p2b: Dragonite|Dragon Claw|p1a: Barraskewda\n|-damage|p1a: Barraskewda|10\/100\n|\n|-weather|RainDance|[upkeep]\n|-heal|p2a: Dragapult|77\/100|[from] item: Leftovers\n|upkeep\n|turn|11\n|\n|t:|1698854329\n|move|p1a: Barraskewda|Protect|p1a: Barraskewda\n|-singleturn|p1a: Barraskewda|Protect\n|move|p2a: Dragapult|Shadow Ball|p1b: Ogerpon\n|-damage|p1b: Ogerpon|0 fnt\n|faint|p1b: Ogerpon\n|move|p2b: Dragonite|Dragon Claw|p1a: Barraskewda\n|-activate|p1a: Barraskewda|move: Protect\n|\n|-weather|RainDance|[upkeep]\n|-heal|p2a: Dragapult|83\/100|[from] item: Leftovers\n|upkeep\n|\n|t:|1698854340\n|switch|p1b: Politoed|Politoed, F|72\/100\n|turn|12\n|\n|t:|1698854349\n|-terastallize|p1a: Barraskewda|Water\n|move|p1a: Barraskewda|Liquidation|p2a: Dragapult\n|-resisted|p2a: Dragapult\n|-damage|p2a: Dragapult|2\/100\n|move|p2a: Dragapult|Draco Meteor|p1b: Politoed\n|-damage|p1b: Politoed|46\/100\n|-unboost|p2a: Dragapult|spa|2\n|move|p2b: Dragonite|Ice Spinner|p1a: Barraskewda\n|-resisted|p1a: Barraskewda\n|-damage|p1a: Barraskewda|0 fnt\n|faint|p1a: Barraskewda\n|move|p1b: Politoed|Ice Beam|p2b: Dragonite\n|-supereffective|p2b: Dragonite\n|-damage|p2b: Dragonite|60\/100\n|\n|-weather|RainDance|[upkeep]\n|-heal|p2a: Dragapult|8\/100|[from] item: Leftovers\n|-heal|p2b: Dragonite|66\/100|[from] item: Leftovers\n|upkeep\n|turn|13\n|\n|t:|1698854380\n|move|p2a: Dragapult|Phantom Force||[still]\n|-prepare|p2a: Dragapult|Phantom Force\n|move|p2b: Dragonite|Dragon Claw|p1b: Politoed\n|-damage|p1b: Politoed|1\/100\n|move|p1b: Politoed|Ice Beam|p2b: Dragonite\n|-supereffective|p2b: Dragonite\n|-damage|p2b: Dragonite|0 fnt\n|faint|p2b: Dragonite\n|\n|-weather|RainDance|[upkeep]\n|-heal|p2a: Dragapult|14\/100|[from] item: Leftovers\n|upkeep\n|turn|14\n|\n|t:|1698854392\n|move|p1b: Politoed|Detect|p1b: Politoed\n|-singleturn|p1b: Politoed|Protect\n|move|p2a: Dragapult|Phantom Force|p1b: Politoed|[from]lockedmove\n|-activate|p1b: Politoed|move: Phantom Force|[broken]\n|-damage|p1b: Politoed|0 fnt\n|faint|p1b: Politoed\n|\n|win|Nohbdy06\n|l|\u2606CinDq\n","uploadtime":1698854418,"views":7,"p1id":"cindq","p2id":"nohbdy06","formatid":"gen9nationaldexdoubles","rating":0,"private":0,"password":""}