{"id":"gen9nationaldexdoubles-1962622605","p1":"BaWPH","p2":"fumbari 24","format":"[Gen 9] National Dex Doubles","log":"|j|\u2606BaWPH\n|j|\u2606fumbari 24\n|t:|1696775731\n|gametype|doubles\n|player|p1|BaWPH|hilbert-masters|1191\n|player|p2|fumbari 24|266|1344\n|teamsize|p1|6\n|teamsize|p2|6\n|gen|9\n|tier|[Gen 9] National Dex Doubles\n|rated|\n|rule|HP Percentage Mod: HP is shown in percentages\n|rule|Endless Battle Clause: Forcing endless battles is banned\n|rule|OHKO Clause: OHKO moves are banned\n|rule|Evasion Moves Clause: Evasion moves are banned\n|rule|Evasion Abilities Clause: Evasion abilities are banned\n|rule|Species Clause: Limit one of each Pok\u00e9mon\n|rule|Gravity Sleep Clause: The combination of sleep-inducing moves with imperfect accuracy and Gravity or Gigantamax Orbeetle are banned\n|clearpoke\n|poke|p1|Ogerpon-Hearthflame, F|\n|poke|p1|Rillaboom, M|\n|poke|p1|Sneasler, F|\n|poke|p1|Breloom, F|\n|poke|p1|Orthworm, M|\n|poke|p1|Charizard, M|\n|poke|p2|Kommo-o, M|\n|poke|p2|Clefairy, F|\n|poke|p2|Volcanion|\n|poke|p2|Sinistcha|\n|poke|p2|Gardevoir, F|\n|poke|p2|Gallade, M|\n|teampreview\n|inactive|Battle timer is ON: inactive players will automatically lose when time's up. (requested by BaWPH)\n|\n|t:|1696775744\n|start\n|switch|p1a: \u5361\u749e\u00b7\u7329\u7329|Rillaboom, M|100\/100\n|switch|p1b: \u5384\u8be1\u692a\u4e5f\u53ef\u7231\u634f|Ogerpon-Hearthflame, F|100\/100\n|switch|p2a: Yohken|Kommo-o, M|100\/100\n|switch|p2b: Longyuan|Gallade, M|100\/100\n|-ability|p1b: \u5384\u8be1\u692a\u4e5f\u53ef\u7231\u634f|Mold Breaker\n|turn|1\n|\n|t:|1696775761\n|move|p2b: Longyuan|Quick Guard|p2b: Longyuan\n|-singleturn|p2b: Longyuan|Quick Guard\n|move|p1a: \u5361\u749e\u00b7\u7329\u7329|Fake Out|p2a: Yohken\n|-activate|p2a: Yohken|move: Quick Guard\n|move|p1b: \u5384\u8be1\u692a\u4e5f\u53ef\u7231\u634f|Swords Dance|p1b: \u5384\u8be1\u692a\u4e5f\u53ef\u7231\u634f\n|-boost|p1b: \u5384\u8be1\u692a\u4e5f\u53ef\u7231\u634f|atk|2\n|-zpower|p2a: Yohken\n|move|p2a: Yohken|Clangorous Soulblaze|p1a: \u5361\u749e\u00b7\u7329\u7329|[zeffect]|[spread] p1a,p1b\n|-damage|p1a: \u5361\u749e\u00b7\u7329\u7329|40\/100\n|-damage|p1b: \u5384\u8be1\u692a\u4e5f\u53ef\u7231\u634f|30\/100\n|-boost|p2a: Yohken|atk|1\n|-boost|p2a: Yohken|def|1\n|-boost|p2a: Yohken|spa|1\n|-boost|p2a: Yohken|spd|1\n|-boost|p2a: Yohken|spe|1\n|\n|-heal|p1a: \u5361\u749e\u00b7\u7329\u7329|46\/100|[from] item: Leftovers\n|upkeep\n|turn|2\n|\n|t:|1696775786\n|switch|p2b: Taia|Clefairy, F|100\/100\n|move|p2a: Yohken|Clanging Scales|p1a: \u5361\u749e\u00b7\u7329\u7329|[spread] p1a,p1b\n|-damage|p1a: \u5361\u749e\u00b7\u7329\u7329|0 fnt\n|-damage|p1b: \u5384\u8be1\u692a\u4e5f\u53ef\u7231\u634f|0 fnt\n|faint|p1a: \u5361\u749e\u00b7\u7329\u7329\n|faint|p1b: \u5384\u8be1\u692a\u4e5f\u53ef\u7231\u634f\n|-unboost|p2a: Yohken|def|1\n|\n|upkeep\n|\n|t:|1696775794\n|switch|p1b: \u6211\u597d\u53ef\u6076\u554a|Breloom, F|100\/100\n|switch|p1a: \u8db3\u7403\u961f|Orthworm, M|100\/100\n|turn|3\n|\n|t:|1696775808\n|move|p2a: Yohken|Clanging Scales|p1b: \u6211\u597d\u53ef\u6076\u554a|[spread] p1a,p1b\n|-resisted|p1a: \u8db3\u7403\u961f\n|-damage|p1a: \u8db3\u7403\u961f|70\/100\n|-enditem|p1b: \u6211\u597d\u53ef\u6076\u554a|Focus Sash\n|-damage|p1b: \u6211\u597d\u53ef\u6076\u554a|1\/100\n|-unboost|p2a: Yohken|def|1\n|move|p1b: \u6211\u597d\u53ef\u6076\u554a|Spore|p2a: Yohken\n|-immune|p2a: Yohken|[from] ability: Overcoat\n|move|p1a: \u8db3\u7403\u961f|Shed Tail|p1a: \u8db3\u7403\u961f\n|-start|p1a: \u8db3\u7403\u961f|Substitute|[from] move: Shed Tail\n|-damage|p1a: \u8db3\u7403\u961f|19\/100\n|-enditem|p1a: \u8db3\u7403\u961f|Sitrus Berry|[eat]\n|-heal|p1a: \u8db3\u7403\u961f|44\/100|[from] item: Sitrus Berry\n|\n|t:|1696775822\n|switch|p1a: \u6211\u597d\u5927\u7684\u80c6\u5b50\u554a|Charizard, M|100\/100|[from] Shed Tail\n|move|p2b: Taia|Moonblast|p1b: \u6211\u597d\u53ef\u6076\u554a\n|-supereffective|p1b: \u6211\u597d\u53ef\u6076\u554a\n|-damage|p1b: \u6211\u597d\u53ef\u6076\u554a|0 fnt\n|faint|p1b: \u6211\u597d\u53ef\u6076\u554a\n|\n|upkeep\n|\n|t:|1696775832\n|switch|p1b: \u5927\u72c3\u62c9\u53ef\u7231\u634f|Sneasler, F|100\/100\n|turn|4\n|\n|t:|1696775845\n|-terastallize|p1b: \u5927\u72c3\u62c9\u53ef\u7231\u634f|Flying\n|move|p2a: Yohken|Clanging Scales|p1a: \u6211\u597d\u5927\u7684\u80c6\u5b50\u554a|[spread] p1a,p1b\n|-damage|p1a: \u6211\u597d\u5927\u7684\u80c6\u5b50\u554a|23\/100\n|-damage|p1b: \u5927\u72c3\u62c9\u53ef\u7231\u634f|14\/100\n|-enditem|p1a: \u6211\u597d\u5927\u7684\u80c6\u5b50\u554a|Sitrus Berry|[eat]\n|-heal|p1a: \u6211\u597d\u5927\u7684\u80c6\u5b50\u554a|48\/100|[from] item: Sitrus Berry\n|-unboost|p2a: Yohken|def|1\n|move|p1b: \u5927\u72c3\u62c9\u53ef\u7231\u634f|Acrobatics|p2a: Yohken\n|-supereffective|p2a: Yohken\n|-damage|p2a: Yohken|4\/100\n|move|p1a: \u6211\u597d\u5927\u7684\u80c6\u5b50\u554a|Belly Drum||[still]\n|-fail|p1a: \u6211\u597d\u5927\u7684\u80c6\u5b50\u554a\n|move|p2b: Taia|Life Dew||[still]|[spread] p2a,p2b\n|-heal|p2a: Yohken|29\/100\n|-fail|p2b: Taia|heal\n|\n|upkeep\n|turn|5\n|\n|t:|1696775862\n|move|p2b: Taia|Follow Me|p2b: Taia\n|-singleturn|p2b: Taia|move: Follow Me\n|move|p2a: Yohken|Clanging Scales|p1b: \u5927\u72c3\u62c9\u53ef\u7231\u634f|[spread] p1a,p1b\n|-damage|p1a: \u6211\u597d\u5927\u7684\u80c6\u5b50\u554a|0 fnt\n|-damage|p1b: \u5927\u72c3\u62c9\u53ef\u7231\u634f|0 fnt\n|faint|p1a: \u6211\u597d\u5927\u7684\u80c6\u5b50\u554a\n|faint|p1b: \u5927\u72c3\u62c9\u53ef\u7231\u634f\n|-unboost|p2a: Yohken|def|1\n|\n|upkeep\n|\n|t:|1696775868\n|switch|p1b: \u8db3\u7403\u961f|Orthworm, M|44\/100\n|turn|6\n|\n|t:|1696775877\n|move|p2a: Yohken|Protect|p2a: Yohken\n|-singleturn|p2a: Yohken|Protect\n|move|p1b: \u8db3\u7403\u961f|Body Press|p2a: Yohken\n|-activate|p2a: Yohken|move: Protect\n|move|p2b: Taia|Life Dew||[still]|[spread] p2a,p2b\n|-heal|p2a: Yohken|54\/100\n|-fail|p2b: Taia|heal\n|\n|upkeep\n|turn|7\n|\n|t:|1696775888\n|move|p2b: Taia|Follow Me|p2b: Taia\n|-singleturn|p2b: Taia|move: Follow Me\n|move|p2a: Yohken|Clanging Scales|p1b: \u8db3\u7403\u961f\n|-resisted|p1b: \u8db3\u7403\u961f\n|-damage|p1b: \u8db3\u7403\u961f|6\/100\n|-unboost|p2a: Yohken|def|1\n|move|p1b: \u8db3\u7403\u961f|Body Press|p2b: Taia\n|-resisted|p2b: Taia\n|-damage|p2b: Taia|90\/100\n|\n|upkeep\n|turn|8\n|c|\u2606fumbari 24|Gg\n|-message|BaWPH forfeited.\n|\n|win|fumbari 24\n|raw|BaWPH's rating: 1191 &rarr; <strong>1176<\/strong><br \/>(-15 for losing)\n|raw|fumbari 24's rating: 1344 &rarr; <strong>1356<\/strong><br \/>(+12 for winning)\n|l|\u2606BaWPH\n","uploadtime":1696776032,"views":14,"p1id":"bawph","p2id":"fumbari24","formatid":"gen9nationaldexdoubles","rating":1176,"private":0,"password":""}