{"id":"gen9nationaldexdoubles-1989716856","p1":"s.daninja","p2":"Shortslover69","format":"[Gen 9] National Dex Doubles","log":"|j|\u2606s.daninja\n|j|\u2606Shortslover69\n|t:|1699889622\n|gametype|doubles\n|player|p1|s.daninja|cynthia-gen4|1379\n|player|p2|Shortslover69|265|1192\n|teamsize|p1|6\n|teamsize|p2|6\n|gen|9\n|tier|[Gen 9] National Dex Doubles\n|rated|\n|rule|HP Percentage Mod: HP is shown in percentages\n|rule|Endless Battle Clause: Forcing endless battles is banned\n|rule|OHKO Clause: OHKO moves are banned\n|rule|Evasion Moves Clause: Evasion moves are banned\n|rule|Evasion Abilities Clause: Evasion abilities are banned\n|rule|Species Clause: Limit one of each Pok\u00e9mon\n|rule|Gravity Sleep Clause: The combination of sleep-inducing moves with imperfect accuracy and Gravity or Gigantamax Orbeetle are banned\n|clearpoke\n|poke|p1|Charizard, M|\n|poke|p1|Dragapult, M|\n|poke|p1|Cinderace, M|\n|poke|p1|Rillaboom, M|\n|poke|p1|Inteleon, F|\n|poke|p1|Mr. Rime, M|\n|poke|p2|Sceptile, F|\n|poke|p2|Charizard, F|\n|poke|p2|Torkoal, M|\n|poke|p2|Kilowattrel, F|\n|poke|p2|Landorus-Therian, M|\n|poke|p2|Minior-Green|\n|teampreview\n|inactive|Battle timer is ON: inactive players will automatically lose when time's up. (requested by Shortslover69)\n|\n|t:|1699889650\n|start\n|switch|p1a: Dragapult|Dragapult, M|100\/100\n|switch|p1b: Inteleon|Inteleon, F|100\/100\n|switch|p2a: Torkoal|Torkoal, M|100\/100\n|switch|p2b: Sceptile|Sceptile, F|100\/100\n|-weather|SunnyDay|[from] ability: Drought|[of] p2a: Torkoal\n|turn|1\n|\n|t:|1699889679\n|switch|p2a: Landorus|Landorus-Therian, M|100\/100\n|-ability|p2a: Landorus|Intimidate|boost\n|-fail|p1a: Dragapult|unboost|[from] ability: Clear Body|[of] p1a: Dragapult\n|-unboost|p1b: Inteleon|atk|1\n|detailschange|p2b: Sceptile|Sceptile-Mega, F\n|-mega|p2b: Sceptile|Sceptile|Sceptilite\n|move|p2b: Sceptile|Solar Beam||[still]\n|-prepare|p2b: Sceptile|Solar Beam\n|-anim|p2b: Sceptile|Solar Beam|p1b: Inteleon\n|-supereffective|p1b: Inteleon\n|-damage|p1b: Inteleon|0 fnt\n|faint|p1b: Inteleon\n|move|p1a: Dragapult|Thunder Wave|p2b: Sceptile\n|-ability|p2b: Sceptile|Lightning Rod|boost\n|-boost|p2b: Sceptile|spa|1\n|\n|-weather|SunnyDay|[upkeep]\n|upkeep\n|inactive|s.daninja has 120 seconds left.\n|\n|t:|1699889697\n|switch|p1b: Mr. Rime|Mr. Rime, M|100\/100\n|turn|2\n|\n|t:|1699889722\n|move|p1b: Mr. Rime|Fake Out|p2b: Sceptile\n|-damage|p2b: Sceptile|89\/100\n|cant|p2b: Sceptile|flinch\n|move|p1a: Dragapult|Dragon Darts|p2b: Sceptile\n|-supereffective|p2b: Sceptile\n|-damage|p2b: Sceptile|23\/100\n|-anim|p1a: Dragapult|Dragon Darts|p2a: Landorus\n|-damage|p2a: Landorus|82\/100\n|move|p2a: Landorus|Rock Slide|p1a: Dragapult|[spread] p1a,p1b\n|-supereffective|p1b: Mr. Rime\n|-damage|p1a: Dragapult|75\/100\n|-damage|p1b: Mr. Rime|51\/100\n|\n|-weather|SunnyDay|[upkeep]\n|upkeep\n|turn|3\n|\n|t:|1699889739\n|switch|p1a: Rillaboom|Rillaboom, M|100\/100\n|-fieldstart|move: Grassy Terrain|[from] ability: Grassy Surge|[of] p1a: Rillaboom\n|move|p2b: Sceptile|Dragon Pulse|p1a: Rillaboom\n|-damage|p1a: Rillaboom|51\/100\n|move|p2a: Landorus|Rock Slide|p1a: Rillaboom|[spread] p1a\n|-miss|p2a: Landorus|p1b: Mr. Rime\n|-damage|p1a: Rillaboom|32\/100\n|move|p1b: Mr. Rime|Icy Wind|p2b: Sceptile|[spread] p2a,p2b\n|-supereffective|p2a: Landorus\n|-supereffective|p2b: Sceptile\n|-damage|p2a: Landorus|41\/100\n|-damage|p2b: Sceptile|0 fnt\n|-unboost|p2a: Landorus|spe|1\n|faint|p2b: Sceptile\n|\n|-weather|SunnyDay|[upkeep]\n|-heal|p1a: Rillaboom|38\/100|[from] Grassy Terrain\n|-heal|p1b: Mr. Rime|57\/100|[from] Grassy Terrain\n|upkeep\n|inactive|Shortslover69 has 120 seconds left.\n|\n|t:|1699889761\n|switch|p2b: Kilowattrel|Kilowattrel, F|100\/100\n|turn|4\n|\n|t:|1699889779\n|move|p1a: Rillaboom|Grassy Glide|p2a: Landorus\n|-damage|p2a: Landorus|4\/100\n|move|p2b: Kilowattrel|Weather Ball|p1b: Mr. Rime\n|-supereffective|p1b: Mr. Rime\n|-crit|p1b: Mr. Rime\n|-damage|p1b: Mr. Rime|0 fnt\n|faint|p1b: Mr. Rime\n|-damage|p2b: Kilowattrel|91\/100|[from] item: Life Orb\n|move|p2a: Landorus|U-turn|p1a: Rillaboom\n|-supereffective|p1a: Rillaboom\n|-damage|p1a: Rillaboom|0 fnt\n|faint|p1a: Rillaboom\n|\n|t:|1699889791\n|switch|p2a: Charizard|Charizard, F, shiny|100\/100|[from] U-turn\n|\n|-weather|SunnyDay|[upkeep]\n|-damage|p2a: Charizard|88\/100|[from] ability: Solar Power|[of] p2a: Charizard\n|upkeep\n|\n|t:|1699889797\n|switch|p1a: Dragapult|Dragapult, M|75\/100\n|switch|p1b: Cinderace|Cinderace, M|100\/100\n|turn|5\n|\n|t:|1699889817\n|move|p1a: Dragapult|Light Screen|p1a: Dragapult\n|-sidestart|p1: s.daninja|move: Light Screen\n|move|p2b: Kilowattrel|Thunderbolt|p1b: Cinderace\n|-damage|p1b: Cinderace|48\/100\n|-damage|p2b: Kilowattrel|81\/100|[from] item: Life Orb\n|move|p1b: Cinderace|Pyro Ball|p2a: Charizard|[miss]\n|-miss|p1b: Cinderace|p2a: Charizard\n|move|p2a: Charizard|Tailwind|p2a: Charizard\n|-sidestart|p2: Shortslover69|move: Tailwind\n|-start|p2b: Kilowattrel|Charge|Tailwind|[from] ability: Wind Power\n|\n|-weather|SunnyDay|[upkeep]\n|-damage|p2a: Charizard|76\/100|[from] ability: Solar Power|[of] p2a: Charizard\n|-heal|p1a: Dragapult|82\/100|[from] Grassy Terrain\n|-heal|p1b: Cinderace|54\/100|[from] Grassy Terrain\n|upkeep\n|turn|6\n|\n|t:|1699889837\n|move|p1b: Cinderace|Sucker Punch|p2b: Kilowattrel\n|-start|p1b: Cinderace|typechange|Dark|[from] ability: Libero\n|-damage|p2b: Kilowattrel|0 fnt\n|faint|p2b: Kilowattrel\n|-damage|p1b: Cinderace|44\/100|[from] item: Life Orb\n|move|p2a: Charizard|Fire Pledge|p1a: Dragapult\n|-resisted|p1a: Dragapult\n|-damage|p1a: Dragapult|37\/100\n|-damage|p2a: Charizard|66\/100|[from] item: Life Orb\n|move|p1a: Dragapult|Dragon Darts|p2a: Charizard\n|-damage|p2a: Charizard|39\/100\n|-anim|p1a: Dragapult|Dragon Darts|p2a: Charizard\n|-damage|p2a: Charizard|10\/100\n|\n|-weather|SunnyDay|[upkeep]\n|-damage|p2a: Charizard|0 fnt|[from] ability: Solar Power|[of] p2a: Charizard\n|faint|p2a: Charizard\n|-heal|p1a: Dragapult|43\/100|[from] Grassy Terrain\n|-heal|p1b: Cinderace|50\/100|[from] Grassy Terrain\n|upkeep\n|inactive|Shortslover69 has 120 seconds left.\n|\n|t:|1699889859\n|switch|p2b: Minior|Minior-Green|100\/100\n|switch|p2a: Landorus|Landorus-Therian, M|4\/100\n|-formechange|p2b: Minior|Minior-Meteor||[from] ability: Shields Down\n|-ability|p2a: Landorus|Intimidate|boost\n|-fail|p1a: Dragapult|unboost|[from] ability: Clear Body|[of] p1a: Dragapult\n|-unboost|p1b: Cinderace|atk|1\n|turn|7\n|\n|t:|1699889888\n|-terastallize|p1a: Dragapult|Dragon\n|move|p1b: Cinderace|Sucker Punch|p2a: Landorus\n|-damage|p2a: Landorus|0 fnt\n|faint|p2a: Landorus\n|-damage|p1b: Cinderace|40\/100|[from] item: Life Orb\n|move|p2b: Minior|Shell Smash|p2b: Minior\n|-unboost|p2b: Minior|def|1\n|-unboost|p2b: Minior|spd|1\n|-boost|p2b: Minior|atk|2\n|-boost|p2b: Minior|spa|2\n|-boost|p2b: Minior|spe|2\n|move|p1a: Dragapult|Dragon Darts|p2b: Minior\n|-damage|p2b: Minior|38\/100\n|-anim|p1a: Dragapult|Dragon Darts|p2b: Minior\n|-damage|p2b: Minior|0 fnt\n|faint|p2b: Minior\n|\n|-weather|SunnyDay|[upkeep]\n|-heal|p1a: Dragapult|49\/100|[from] Grassy Terrain\n|-heal|p1b: Cinderace|46\/100|[from] Grassy Terrain\n|-fieldend|move: Grassy Terrain\n|upkeep\n|\n|t:|1699889903\n|switch|p2b: Torkoal|Torkoal, M|100\/100\n|turn|8\n|\n|t:|1699889909\n|switch|p1b: Charizard|Charizard, M|100\/100\n|-terastallize|p2b: Torkoal|Fire\n|move|p1a: Dragapult|Dragon Darts|p2b: Torkoal\n|-damage|p2b: Torkoal|81\/100\n|-anim|p1a: Dragapult|Dragon Darts|p2b: Torkoal\n|-damage|p2b: Torkoal|63\/100\n|move|p2b: Torkoal|Eruption|p1b: Charizard|[spread] p1a,p1b\n|-resisted|p1a: Dragapult\n|-resisted|p1b: Charizard\n|-damage|p1a: Dragapult|27\/100\n|-damage|p1b: Charizard|80\/100\n|\n|-weather|none\n|-sideend|p2: Shortslover69|move: Tailwind\n|upkeep\n|turn|9\n|\n|t:|1699889923\n|move|p1a: Dragapult|Dragon Darts|p2b: Torkoal\n|-damage|p2b: Torkoal|44\/100\n|-anim|p1a: Dragapult|Dragon Darts|p2b: Torkoal\n|-damage|p2b: Torkoal|25\/100\n|move|p1b: Charizard|Air Slash|p2b: Torkoal\n|-damage|p2b: Torkoal|0 fnt\n|faint|p2b: Torkoal\n|\n|win|s.daninja\n|raw|s.daninja's rating: 1379 &rarr; <strong>1389<\/strong><br \/>(+10 for winning)\n|raw|Shortslover69's rating: 1192 &rarr; <strong>1179<\/strong><br \/>(-13 for losing)\n|l|\u2606Shortslover69\n","uploadtime":1699889934,"views":12,"p1id":"sdaninja","p2id":"shortslover69","formatid":"gen9nationaldexdoubles","rating":1179,"private":0,"password":""}