{"id":"gen9nationaldexdoubles-1969156061","p1":"Smudge","p2":"Where's your Fang","format":"[Gen 9] National Dex Doubles","log":"|j|\u2606Smudge\n|j|\u2606Where's your Fang\n|t:|1697495201\n|gametype|doubles\n|player|p1|Smudge|#dwcopiii|\n|player|p2|Where's your Fang|drayden|\n|teamsize|p1|6\n|teamsize|p2|6\n|gen|9\n|tier|[Gen 9] National Dex Doubles\n|rated|Tournament battle\n|rule|HP Percentage Mod: HP is shown in percentages\n|rule|Endless Battle Clause: Forcing endless battles is banned\n|rule|OHKO Clause: OHKO moves are banned\n|rule|Evasion Moves Clause: Evasion moves are banned\n|rule|Evasion Abilities Clause: Evasion abilities are banned\n|rule|Species Clause: Limit one of each Pok\u00e9mon\n|rule|Gravity Sleep Clause: The combination of sleep-inducing moves with imperfect accuracy and Gravity or Gigantamax Orbeetle are banned\n|clearpoke\n|poke|p1|Arceus|\n|poke|p1|Zygarde|\n|poke|p1|Necrozma-Dusk-Mane|\n|poke|p1|Groudon|\n|poke|p1|Grimmsnarl, M|\n|poke|p1|Xerneas-*|\n|poke|p2|Calyrex-Shadow|\n|poke|p2|Kyogre|\n|poke|p2|Tornadus, M|\n|poke|p2|Ludicolo, M|\n|poke|p2|Groudon|\n|poke|p2|Rayquaza|\n|teampreview\n|inactive|Battle timer is ON: inactive players will automatically lose when time's up. (requested by Smudge)\n|inactive|Where's your Fang also wants the timer to be on.\n|c|\u2606Where's your Fang|Glhf\n|c|\u2606Smudge|hf\n|c|\u2606Where's your Fang|I am terrified\n|\n|t:|1697495240\n|start\n|switch|p1a: Zygarde|Zygarde|100\/100\n|switch|p1b: Grimmsnarl|Grimmsnarl, M|100\/100\n|switch|p2a: Ludicolo|Ludicolo, M|100\/100\n|switch|p2b: Calyrex|Calyrex-Shadow|100\/100\n|-ability|p2b: Calyrex|As One\n|-ability|p2b: Calyrex|Unnerve\n|turn|1\n|\n|t:|1697495264\n|move|p2a: Ludicolo|Fake Out|p1a: Zygarde\n|-damage|p1a: Zygarde|95\/100\n|move|p1b: Grimmsnarl|Fake Out|p2a: Ludicolo\n|-damage|p2a: Ludicolo|87\/100\n|move|p2b: Calyrex|Substitute|p2b: Calyrex\n|-start|p2b: Calyrex|Substitute\n|-damage|p2b: Calyrex|76\/100\n|cant|p1a: Zygarde|flinch\n|\n|-heal|p1a: Zygarde|100\/100|[from] item: Leftovers\n|upkeep\n|turn|2\n|\n|t:|1697495277\n|move|p1b: Grimmsnarl|Light Screen|p1b: Grimmsnarl\n|-sidestart|p1: Smudge|move: Light Screen\n|move|p2b: Calyrex|Draining Kiss|p1b: Grimmsnarl\n|-supereffective|p1b: Grimmsnarl\n|-damage|p1b: Grimmsnarl|73\/100\n|-heal|p2b: Calyrex|99\/100|[from] drain|[of] p1b: Grimmsnarl\n|-damage|p2b: Calyrex|89\/100|[from] item: Life Orb\n|move|p1a: Zygarde|Dragon Dance|p1a: Zygarde\n|-boost|p1a: Zygarde|atk|1\n|-boost|p1a: Zygarde|spe|1\n|move|p2a: Ludicolo|Ice Beam|p1a: Zygarde\n|-supereffective|p1a: Zygarde\n|-damage|p1a: Zygarde|50\/100\n|\n|-heal|p1a: Zygarde|57\/100|[from] item: Leftovers\n|upkeep\n|turn|3\n|\n|t:|1697495305\n|switch|p2a: Tornadus|Tornadus, M|100\/100\n|-terastallize|p1a: Zygarde|Fire\n|move|p1b: Grimmsnarl|Reflect|p1b: Grimmsnarl\n|-sidestart|p1: Smudge|Reflect\n|move|p2b: Calyrex|Astral Barrage|p1b: Grimmsnarl|[spread] p1a,p1b\n|-resisted|p1b: Grimmsnarl\n|-damage|p1a: Zygarde|13\/100\n|-damage|p1b: Grimmsnarl|54\/100\n|-damage|p2b: Calyrex|79\/100|[from] item: Life Orb\n|move|p1a: Zygarde|Dragon Dance|p1a: Zygarde\n|-boost|p1a: Zygarde|atk|1\n|-boost|p1a: Zygarde|spe|1\n|\n|-heal|p1a: Zygarde|20\/100|[from] item: Leftovers\n|-activate|p1a: Zygarde|ability: Power Construct\n|detailschange|p1a: Zygarde|Zygarde-Complete, tera:Fire\n|-heal|p1a: Zygarde|50\/100|[silent]\n|upkeep\n|turn|4\n|j| Driftedex\n|inactive|Smudge has 120 seconds left.\n|\n|t:|1697495344\n|move|p2a: Tornadus|Tailwind|p2a: Tornadus\n|-sidestart|p2: Where's your Fang|move: Tailwind\n|move|p1b: Grimmsnarl|Parting Shot|p2a: Tornadus\n|-unboost|p2a: Tornadus|atk|1\n|-unboost|p2a: Tornadus|spa|1\n|\n|t:|1697495350\n|switch|p1b: Arceus|Arceus|100\/100|[from] Parting Shot\n|move|p2b: Calyrex|Astral Barrage|p1b: Arceus|[spread] p1a\n|-immune|p1b: Arceus\n|-damage|p1a: Zygarde|25\/100\n|-damage|p2b: Calyrex|69\/100|[from] item: Life Orb\n|move|p1a: Zygarde|Rest|p1a: Zygarde\n|-status|p1a: Zygarde|slp|[from] move: Rest\n|-heal|p1a: Zygarde|100\/100 slp|[silent]\n|\n|upkeep\n|turn|5\n|\n|t:|1697495366\n|switch|p2a: Groudon|Groudon|100\/100\n|detailschange|p2a: Groudon|Groudon-Primal\n|-primal|p2a: Groudon|Red Orb\n|-weather|DesolateLand|[from] ability: Desolate Land|[of] p2a: Groudon\n|move|p2b: Calyrex|Draining Kiss|p1b: Arceus\n|-damage|p1b: Arceus|89\/100\n|-heal|p2b: Calyrex|80\/100|[from] drain|[of] p1b: Arceus\n|-damage|p2b: Calyrex|70\/100|[from] item: Life Orb\n|cant|p1a: Zygarde|slp\n|move|p1a: Zygarde|Sleep Talk|p1a: Zygarde\n|move|p1a: Zygarde|Thousand Waves|p2a: Groudon|[from]move: Sleep Talk|[spread] p2a,p2b\n|-end|p2b: Calyrex|Substitute\n|-supereffective|p2a: Groudon\n|-damage|p2a: Groudon|14\/100\n|-activate|p2a: Groudon|trapped\n|move|p1b: Arceus|Shadow Claw|p2b: Calyrex\n|-supereffective|p2b: Calyrex\n|-crit|p2b: Calyrex\n|-damage|p2b: Calyrex|0 fnt\n|faint|p2b: Calyrex\n|\n|-weather|DesolateLand|[upkeep]\n|upkeep\n|\n|t:|1697495377\n|switch|p2b: Kyogre|Kyogre|100\/100\n|detailschange|p2b: Kyogre|Kyogre-Primal\n|-primal|p2b: Kyogre|Blue Orb\n|-weather|PrimordialSea|[from] ability: Primordial Sea|[of] p2b: Kyogre\n|turn|6\n|\n|t:|1697495398\n|move|p1b: Arceus|Extreme Speed|p2b: Kyogre\n|-damage|p2b: Kyogre|47\/100\n|move|p2b: Kyogre|Water Spout|p1a: Zygarde|[spread] p1a,p1b\n|-supereffective|p1a: Zygarde\n|-damage|p1a: Zygarde|59\/100 slp\n|-damage|p1b: Arceus|66\/100\n|move|p2a: Groudon|Precipice Blades|p1b: Arceus|[spread] p1a,p1b\n|-supereffective|p1a: Zygarde\n|-damage|p1a: Zygarde|24\/100 slp\n|-damage|p1b: Arceus|38\/100\n|cant|p1a: Zygarde|slp\n|\n|-weather|PrimordialSea|[upkeep]\n|-heal|p1a: Zygarde|30\/100 slp|[from] item: Leftovers\n|upkeep\n|turn|7\n|\n|t:|1697495419\n|move|p1b: Arceus|Extreme Speed|p2b: Kyogre\n|-damage|p2b: Kyogre|0 fnt\n|faint|p2b: Kyogre\n|-weather|none\n|move|p2a: Groudon|Precipice Blades|p1b: Arceus|[spread] p1a,p1b\n|-supereffective|p1a: Zygarde\n|-damage|p1a: Zygarde|0 fnt\n|-damage|p1b: Arceus|11\/100\n|faint|p1a: Zygarde\n|\n|-sideend|p2: Where's your Fang|move: Tailwind\n|upkeep\n|\n|t:|1697495429\n|switch|p2b: Ludicolo|Ludicolo, M|87\/100\n|switch|p1a: Xerneas|Xerneas, shiny|100\/100\n|-ability|p1a: Xerneas|Fairy Aura\n|turn|8\n|\n|t:|1697495437\n|move|p2b: Ludicolo|Fake Out|p1b: Arceus\n|-damage|p1b: Arceus|8\/100\n|cant|p1b: Arceus|flinch\n|move|p2a: Groudon|Precipice Blades|p1a: Xerneas|[spread] p1a,p1b\n|-damage|p1a: Xerneas|67\/100\n|-damage|p1b: Arceus|0 fnt\n|faint|p1b: Arceus\n|move|p1a: Xerneas|Geomancy||[still]\n|-prepare|p1a: Xerneas|Geomancy\n|-enditem|p1a: Xerneas|Power Herb\n|-anim|p1a: Xerneas|Geomancy|p1a: Xerneas\n|-boost|p1a: Xerneas|spa|2\n|-boost|p1a: Xerneas|spd|2\n|-boost|p1a: Xerneas|spe|2\n|\n|upkeep\n|\n|t:|1697495450\n|switch|p1b: Necrozma|Necrozma-Dusk-Mane|100\/100\n|turn|9\n|\n|t:|1697495459\n|switch|p2b: Tornadus|Tornadus, M|100\/100\n|move|p1a: Xerneas|Dazzling Gleam|p2a: Groudon|[spread] p2a,p2b\n|-resisted|p2a: Groudon\n|-damage|p2a: Groudon|0 fnt\n|-damage|p2b: Tornadus|23\/100\n|faint|p2a: Groudon\n|move|p1b: Necrozma|Dragon Dance|p1b: Necrozma\n|-boost|p1b: Necrozma|atk|1\n|-boost|p1b: Necrozma|spe|1\n|\n|-sideend|p1: Smudge|move: Light Screen\n|upkeep\n|\n|t:|1697495463\n|switch|p2a: Rayquaza|Rayquaza|100\/100\n|-ability|p2a: Rayquaza|Air Lock\n|turn|10\n|\n|t:|1697495476\n|detailschange|p1b: Necrozma|Necrozma-Ultra\n|-burst|p1b: Necrozma|Necrozma|Ultranecrozium Z\n|move|p2a: Rayquaza|Protect|p2a: Rayquaza\n|-singleturn|p2a: Rayquaza|Protect\n|move|p2b: Tornadus|Tailwind|p2b: Tornadus\n|-sidestart|p2: Where's your Fang|move: Tailwind\n|move|p1a: Xerneas|Dazzling Gleam|p2b: Tornadus|[spread] p2b\n|-activate|p2a: Rayquaza|move: Protect\n|-damage|p2b: Tornadus|0 fnt\n|faint|p2b: Tornadus\n|move|p1b: Necrozma|Photon Geyser|p2a: Rayquaza\n|-activate|p2a: Rayquaza|move: Protect\n|\n|-sideend|p1: Smudge|Reflect\n|upkeep\n|\n|t:|1697495478\n|switch|p2b: Ludicolo|Ludicolo, M|87\/100\n|turn|11\n|\n|t:|1697495495\n|detailschange|p2a: Rayquaza|Rayquaza-Mega\n|-weather|DeltaStream|[from] ability: Delta Stream|[of] p2a: Rayquaza\n|move|p1a: Xerneas|Protect|p1a: Xerneas\n|-singleturn|p1a: Xerneas|Protect\n|move|p1b: Necrozma|Protect|p1b: Necrozma\n|-singleturn|p1b: Necrozma|Protect\n|move|p2b: Ludicolo|Fake Out|p1a: Xerneas\n|-activate|p1a: Xerneas|move: Protect\n|move|p2a: Rayquaza|Swords Dance|p2a: Rayquaza\n|-boost|p2a: Rayquaza|atk|2\n|\n|-weather|DeltaStream|[upkeep]\n|upkeep\n|turn|12\n|j| Eragon11145\n|\n|t:|1697495515\n|move|p2a: Rayquaza|Dragon Ascent|p1a: Xerneas\n|-damage|p1a: Xerneas|0 fnt\n|-unboost|p2a: Rayquaza|def|1\n|-unboost|p2a: Rayquaza|spd|1\n|faint|p1a: Xerneas\n|-zpower|p1b: Necrozma\n|move|p1b: Necrozma|Light That Burns the Sky|p2a: Rayquaza|[zeffect]\n|-enditem|p2a: Rayquaza|Focus Sash\n|-damage|p2a: Rayquaza|1\/100\n|move|p2b: Ludicolo|Ice Beam|p1b: Necrozma\n|-supereffective|p1b: Necrozma\n|-damage|p1b: Necrozma|52\/100\n|\n|-weather|DeltaStream|[upkeep]\n|upkeep\n|\n|t:|1697495529\n|switch|p1a: Grimmsnarl|Grimmsnarl, M|54\/100\n|turn|13\n|\n|t:|1697495540\n|move|p2a: Rayquaza|Protect|p2a: Rayquaza\n|-singleturn|p2a: Rayquaza|Protect\n|move|p1a: Grimmsnarl|Fake Out|p2a: Rayquaza\n|-activate|p2a: Rayquaza|move: Protect\n|move|p1b: Necrozma|Photon Geyser|p2b: Ludicolo\n|-damage|p2b: Ludicolo|0 fnt\n|faint|p2b: Ludicolo\n|\n|-weather|DeltaStream|[upkeep]\n|-sideend|p2: Where's your Fang|move: Tailwind\n|upkeep\n|turn|14\n|c|\u2606Where's your Fang|gg\n|\n|t:|1697495554\n|move|p2a: Rayquaza|Extreme Speed|p1b: Necrozma\n|-damage|p1b: Necrozma|0 fnt\n|faint|p1b: Necrozma\n|move|p1a: Grimmsnarl|Parting Shot|p2a: Rayquaza\n|-unboost|p2a: Rayquaza|atk|1\n|-unboost|p2a: Rayquaza|spa|1\n|c|\u2606Smudge|gg\n|\n|t:|1697495561\n|switch|p1a: Groudon|Groudon|100\/100|[from] Parting Shot\n|detailschange|p1a: Groudon|Groudon-Primal\n|-primal|p1a: Groudon|Red Orb\n|-weather|DesolateLand|[from] ability: Desolate Land|[of] p1a: Groudon\n|\n|-weather|DesolateLand|[upkeep]\n|upkeep\n|\n|t:|1697495567\n|switch|p1b: Grimmsnarl|Grimmsnarl, M|54\/100\n|turn|15\n|\n|t:|1697495574\n|move|p2a: Rayquaza|Protect|p2a: Rayquaza\n|-singleturn|p2a: Rayquaza|Protect\n|move|p1b: Grimmsnarl|Fake Out|p2a: Rayquaza\n|-activate|p2a: Rayquaza|move: Protect\n|move|p1a: Groudon|Fire Punch|p2a: Rayquaza\n|-activate|p2a: Rayquaza|move: Protect\n|\n|-weather|DesolateLand|[upkeep]\n|upkeep\n|turn|16\n|\n|t:|1697495581\n|move|p1b: Grimmsnarl|Reflect|p1b: Grimmsnarl\n|-sidestart|p1: Smudge|Reflect\n|move|p2a: Rayquaza|Dragon Ascent|p1a: Groudon\n|-damage|p1a: Groudon|54\/100\n|-unboost|p2a: Rayquaza|def|1\n|-unboost|p2a: Rayquaza|spd|1\n|move|p1a: Groudon|Fire Punch|p2a: Rayquaza\n|-resisted|p2a: Rayquaza\n|-damage|p2a: Rayquaza|0 fnt\n|faint|p2a: Rayquaza\n|\n|win|Smudge\n|n|\u2606Smudge|smudge\n|n|\u2606Where's your Fang|wheresyourfang\n|n| Driftedex|driftedex\n|n| Eragon11145|eragon11145\n|c|\u2606Where's your Fang|Damn\n|l|\u2606Where's your Fang\n|l| Driftedex\n|l| Eragon11145\n","uploadtime":1697495589,"views":11,"p1id":"smudge","p2id":"wheresyourfang","formatid":"gen9nationaldexdoubles","rating":0,"private":0,"password":""}