{"id":"gen9nationaldexdoubles-1947942509","p1":"annoying oranje","p2":"Green133","format":"[Gen 9] National Dex Doubles","log":"|j|\u2606annoying oranje\n|j|\u2606Green133\n|t:|1695218727\n|gametype|doubles\n|player|p1|annoying oranje|lyra|\n|player|p2|Green133|blue|\n|teamsize|p1|6\n|teamsize|p2|6\n|gen|9\n|tier|[Gen 9] National Dex Doubles\n|rule|HP Percentage Mod: HP is shown in percentages\n|rule|Endless Battle Clause: Forcing endless battles is banned\n|rule|OHKO Clause: OHKO moves are banned\n|rule|Evasion Moves Clause: Evasion moves are banned\n|rule|Evasion Abilities Clause: Evasion abilities are banned\n|rule|Species Clause: Limit one of each Pok\u00e9mon\n|rule|Gravity Sleep Clause: The combination of sleep-inducing moves with imperfect accuracy and Gravity or Gigantamax Orbeetle are banned\n|clearpoke\n|poke|p1|Maushold-Four|\n|poke|p1|Landorus-Therian, M|\n|poke|p1|Whimsicott, M|\n|poke|p1|Marshadow|\n|poke|p1|Virizion|\n|poke|p1|Terrakion|\n|poke|p2|Rillaboom, F|\n|poke|p2|Lucario, M|\n|poke|p2|Maushold-Four|\n|poke|p2|Ceruledge, M|\n|poke|p2|Torkoal, F|\n|poke|p2|Walking Wake|\n|teampreview\n|l|\u2606Green133\n|player|p2|\n|j|\u2606Green133\n|player|p2|Green133|blue\n|\n|t:|1695218808\n|start\n|switch|p1a: Lando Calrissian|Landorus-Therian, M|100\/100\n|switch|p1b: Yummy in my tummy|Marshadow|100\/100\n|switch|p2a: Clint Eastwood|Rillaboom, F|100\/100\n|switch|p2b: Pompeii|Torkoal, F|100\/100\n|-ability|p1a: Lando Calrissian|Intimidate|boost\n|-unboost|p2a: Clint Eastwood|atk|1\n|-unboost|p2b: Pompeii|atk|1\n|-fieldstart|move: Grassy Terrain|[from] ability: Grassy Surge|[of] p2a: Clint Eastwood\n|-weather|SunnyDay|[from] ability: Drought|[of] p2b: Pompeii\n|turn|1\n|\n|t:|1695218853\n|move|p1a: Lando Calrissian|Protect|p1a: Lando Calrissian\n|-singleturn|p1a: Lando Calrissian|Protect\n|move|p2a: Clint Eastwood|Fake Out|p1a: Lando Calrissian\n|-activate|p1a: Lando Calrissian|move: Protect\n|move|p1b: Yummy in my tummy|Close Combat|p2b: Pompeii\n|-damage|p2b: Pompeii|38\/100\n|-unboost|p1b: Yummy in my tummy|def|1\n|-unboost|p1b: Yummy in my tummy|spd|1\n|move|p2b: Pompeii|Eruption|p1b: Yummy in my tummy|[spread] p1b\n|-activate|p1a: Lando Calrissian|move: Protect\n|-crit|p1b: Yummy in my tummy\n|-damage|p1b: Yummy in my tummy|31\/100\n|\n|-weather|SunnyDay|[upkeep]\n|-heal|p1b: Yummy in my tummy|38\/100|[from] Grassy Terrain\n|-heal|p2b: Pompeii|44\/100|[from] Grassy Terrain\n|-heal|p2b: Pompeii|50\/100|[from] item: Leftovers\n|upkeep\n|turn|2\n|\n|t:|1695218912\n|switch|p1b: NeighborhoodThreat|Whimsicott, M|100\/100\n|switch|p2b: The Ghost of You|Ceruledge, M|100\/100\n|move|p1a: Lando Calrissian|Rock Slide|p2b: The Ghost of You|[spread] p2a,p2b\n|-supereffective|p2b: The Ghost of You\n|-damage|p2a: Clint Eastwood|83\/100\n|-damage|p2b: The Ghost of You|46\/100\n|-ability|p2b: The Ghost of You|Weak Armor|boost\n|-unboost|p2b: The Ghost of You|def|1\n|-boost|p2b: The Ghost of You|spe|2\n|-enditem|p2b: The Ghost of You|Weakness Policy\n|-boost|p2b: The Ghost of You|atk|2|[from] item: Weakness Policy\n|-boost|p2b: The Ghost of You|spa|2|[from] item: Weakness Policy\n|move|p2a: Clint Eastwood|U-turn|p1b: NeighborhoodThreat\n|-damage|p1b: NeighborhoodThreat|82\/100\n|\n|t:|1695218939\n|switch|p2a: Ohio is for Lovers|Maushold-Four|100\/100|[from] U-turn\n|\n|-weather|SunnyDay|[upkeep]\n|-heal|p2b: The Ghost of You|52\/100|[from] Grassy Terrain\n|-heal|p1b: NeighborhoodThreat|88\/100|[from] Grassy Terrain\n|upkeep\n|turn|3\n|\n|t:|1695218980\n|move|p2a: Ohio is for Lovers|Follow Me|p2a: Ohio is for Lovers\n|-singleturn|p2a: Ohio is for Lovers|move: Follow Me\n|move|p1b: NeighborhoodThreat|Tailwind|p1b: NeighborhoodThreat\n|-sidestart|p1: annoying oranje|move: Tailwind\n|move|p1a: Lando Calrissian|Rock Slide|p2a: Ohio is for Lovers|[spread] p2a\n|-miss|p1a: Lando Calrissian|p2b: The Ghost of You\n|-damage|p2a: Ohio is for Lovers|71\/100\n|move|p2b: The Ghost of You|Bitter Blade|p1b: NeighborhoodThreat\n|-supereffective|p1b: NeighborhoodThreat\n|-damage|p1b: NeighborhoodThreat|0 fnt\n|-heal|p2b: The Ghost of You|98\/100|[from] drain|[of] p1b: NeighborhoodThreat\n|faint|p1b: NeighborhoodThreat\n|\n|-weather|SunnyDay|[upkeep]\n|-heal|p2b: The Ghost of You|100\/100|[from] Grassy Terrain\n|-heal|p2a: Ohio is for Lovers|77\/100|[from] Grassy Terrain\n|upkeep\n|\n|t:|1695219040\n|switch|p1b: Honse|Virizion|100\/100\n|turn|4\n|\n|t:|1695219074\n|move|p2b: The Ghost of You|Protect|p2b: The Ghost of You\n|-singleturn|p2b: The Ghost of You|Protect\n|move|p1b: Honse|Leaf Blade|p2a: Ohio is for Lovers\n|-damage|p2a: Ohio is for Lovers|11\/100\n|-damage|p1b: Honse|84\/100|[from] item: Rocky Helmet|[of] p2a: Ohio is for Lovers\n|move|p1a: Lando Calrissian|Rock Slide|p2b: The Ghost of You|[spread] p2a\n|-activate|p2b: The Ghost of You|move: Protect\n|-damage|p2a: Ohio is for Lovers|0 fnt\n|faint|p2a: Ohio is for Lovers\n|\n|-weather|SunnyDay|[upkeep]\n|-heal|p1b: Honse|90\/100|[from] Grassy Terrain\n|upkeep\n|\n|t:|1695219093\n|switch|p2a: Chop Suey|Walking Wake|100\/100\n|-activate|p2a: Chop Suey|ability: Protosynthesis\n|-start|p2a: Chop Suey|protosynthesisspe\n|turn|5\n|\n|t:|1695219149\n|-terastallize|p2b: The Ghost of You|Grass\n|move|p1b: Honse|Leaf Blade|p2a: Chop Suey\n|-damage|p2a: Chop Suey|53\/100\n|move|p1a: Lando Calrissian|U-turn|p2b: The Ghost of You\n|-supereffective|p2b: The Ghost of You\n|-damage|p2b: The Ghost of You|0 fnt\n|faint|p2b: The Ghost of You\n|\n|t:|1695219164\n|switch|p1a: Dugtrio mice|Maushold-Four|100\/100|[from] U-turn\n|move|p2a: Chop Suey|Hydro Steam|p1a: Dugtrio mice\n|-damage|p1a: Dugtrio mice|24\/100\n|\n|-weather|none\n|-end|p2a: Chop Suey|Protosynthesis\n|-heal|p1a: Dugtrio mice|30\/100|[from] Grassy Terrain\n|-heal|p1b: Honse|96\/100|[from] Grassy Terrain\n|-heal|p2a: Chop Suey|59\/100|[from] Grassy Terrain\n|-fieldend|move: Grassy Terrain\n|upkeep\n|\n|t:|1695219176\n|switch|p2b: Pompeii|Torkoal, F|50\/100\n|-weather|SunnyDay|[from] ability: Drought|[of] p2b: Pompeii\n|-activate|p2a: Chop Suey|ability: Protosynthesis\n|-start|p2a: Chop Suey|protosynthesisspe\n|turn|6\n|\n|t:|1695219201\n|-terastallize|p1b: Honse|Fire\n|move|p1a: Dugtrio mice|Beat Up|p1b: Honse\n|-damage|p1b: Honse|92\/100\n|-ability|p1b: Honse|Justified|boost\n|-boost|p1b: Honse|atk|1\n|-damage|p1b: Honse|86\/100\n|-ability|p1b: Honse|Justified|boost\n|-boost|p1b: Honse|atk|1\n|-damage|p1b: Honse|79\/100\n|-ability|p1b: Honse|Justified|boost\n|-boost|p1b: Honse|atk|1\n|-damage|p1b: Honse|72\/100\n|-ability|p1b: Honse|Justified|boost\n|-boost|p1b: Honse|atk|1\n|-damage|p1b: Honse|65\/100\n|-ability|p1b: Honse|Justified|boost\n|-boost|p1b: Honse|atk|1\n|-hitcount|p1b: Honse|5\n|move|p1b: Honse|Leaf Blade|p2a: Chop Suey\n|-damage|p2a: Chop Suey|0 fnt\n|faint|p2a: Chop Suey\n|-end|p2a: Chop Suey|Protosynthesis|[silent]\n|move|p2b: Pompeii|Heat Wave|p1a: Dugtrio mice|[spread] p1a,p1b\n|-resisted|p1b: Honse\n|-damage|p1a: Dugtrio mice|0 fnt\n|-damage|p1b: Honse|54\/100\n|faint|p1a: Dugtrio mice\n|\n|-weather|SunnyDay|[upkeep]\n|-heal|p2b: Pompeii|56\/100|[from] item: Leftovers\n|-sideend|p1: annoying oranje|move: Tailwind\n|upkeep\n|\n|t:|1695219231\n|switch|p1a: Yummy in my tummy|Marshadow|38\/100\n|switch|p2a: Clint Eastwood|Rillaboom, F|83\/100\n|-fieldstart|move: Grassy Terrain|[from] ability: Grassy Surge|[of] p2a: Clint Eastwood\n|turn|7\n|\n|t:|1695219261\n|move|p2a: Clint Eastwood|Fake Out|p1b: Honse\n|-damage|p1b: Honse|35\/100\n|cant|p1b: Honse|flinch\n|move|p1a: Yummy in my tummy|Close Combat|p2b: Pompeii\n|-damage|p2b: Pompeii|0 fnt\n|-unboost|p1a: Yummy in my tummy|def|1\n|-unboost|p1a: Yummy in my tummy|spd|1\n|faint|p2b: Pompeii\n|\n|-weather|SunnyDay|[upkeep]\n|-heal|p1a: Yummy in my tummy|44\/100|[from] Grassy Terrain\n|-heal|p1b: Honse|41\/100|[from] Grassy Terrain\n|-heal|p2a: Clint Eastwood|90\/100|[from] Grassy Terrain\n|upkeep\n|\n|t:|1695219277\n|switch|p2b: The Pretender|Lucario, M|100\/100\n|turn|8\n|\n|t:|1695219309\n|detailschange|p2b: The Pretender|Lucario-Mega, M\n|-mega|p2b: The Pretender|Lucario|Lucarionite\n|move|p1a: Yummy in my tummy|Close Combat|p2b: The Pretender\n|-supereffective|p2b: The Pretender\n|-damage|p2b: The Pretender|0 fnt\n|-unboost|p1a: Yummy in my tummy|def|1\n|-unboost|p1a: Yummy in my tummy|spd|1\n|faint|p2b: The Pretender\n|move|p1b: Honse|X-Scissor|p2a: Clint Eastwood\n|-supereffective|p2a: Clint Eastwood\n|-damage|p2a: Clint Eastwood|0 fnt\n|faint|p2a: Clint Eastwood\n|\n|win|annoying oranje\n","uploadtime":1695219324,"views":19,"p1id":"annoyingoranje","p2id":"green133","formatid":"gen9nationaldexdoubles","rating":0,"private":0,"password":""}