{"id":"gen9nationaldexdoubles-1994349879","p1":"DazzlingBrilliance","p2":"6DFirapaka","format":"[Gen 9] National Dex Doubles","log":"|j|\u2606DazzlingBrilliance\n|j|\u26066DFirapaka\n|t:|1700433925\n|gametype|doubles\n|player|p1|DazzlingBrilliance|striker|1198\n|player|p2|6DFirapaka|scientist-gen4dp|1373\n|teamsize|p1|6\n|teamsize|p2|6\n|gen|9\n|tier|[Gen 9] National Dex Doubles\n|rated|\n|rule|HP Percentage Mod: HP is shown in percentages\n|rule|Endless Battle Clause: Forcing endless battles is banned\n|rule|OHKO Clause: OHKO moves are banned\n|rule|Evasion Moves Clause: Evasion moves are banned\n|rule|Evasion Abilities Clause: Evasion abilities are banned\n|rule|Species Clause: Limit one of each Pok\u00e9mon\n|rule|Gravity Sleep Clause: The combination of sleep-inducing moves with imperfect accuracy and Gravity or Gigantamax Orbeetle are banned\n|clearpoke\n|poke|p1|Blissey, F|\n|poke|p1|Eldegoss, F|\n|poke|p1|Golduck, M|\n|poke|p1|Dodrio, M|\n|poke|p1|Hitmonchan, M|\n|poke|p1|Chandelure, M|\n|poke|p2|Amoonguss, M|\n|poke|p2|Slowking, M|\n|poke|p2|Iron Hands|\n|poke|p2|Iron Valiant|\n|poke|p2|Cetitan, F|\n|poke|p2|Indeedee-F, F|\n|teampreview\n|inactive|Battle timer is ON: inactive players will automatically lose when time's up. (requested by 6DFirapaka)\n|\n|t:|1700433961\n|start\n|switch|p1a: Dodrio|Dodrio, M, shiny|100\/100\n|switch|p1b: Blissey|Blissey, F, shiny|100\/100\n|switch|p2a: Slowking|Slowking, M|100\/100\n|switch|p2b: Indeedee|Indeedee-F, F|100\/100\n|-fieldstart|move: Psychic Terrain|[from] ability: Psychic Surge|[of] p2b: Indeedee\n|-enditem|p2b: Indeedee|Psychic Seed\n|-boost|p2b: Indeedee|spd|1|[from] item: Psychic Seed\n|turn|1\n|inactive|DazzlingBrilliance has 120 seconds left.\n|inactive|DazzlingBrilliance has 90 seconds left.\n|inactive|DazzlingBrilliance has 60 seconds left.\n|inactive|DazzlingBrilliance has 30 seconds left.\n|inactive|DazzlingBrilliance has 20 seconds left.\n|inactive|DazzlingBrilliance has 15 seconds left.\n|inactive|DazzlingBrilliance has 10 seconds left.\n|inactive|DazzlingBrilliance has 5 seconds left.\n|\n|t:|1700434110\n|move|p2b: Indeedee|Follow Me|p2b: Indeedee\n|-singleturn|p2b: Indeedee|move: Follow Me\n|move|p1a: Dodrio|Acupressure|p1b: Blissey\n|-boost|p1b: Blissey|accuracy|2\n|move|p1b: Blissey|Charge Beam|p2b: Indeedee\n|-damage|p2b: Indeedee|94\/100\n|-boost|p1b: Blissey|spa|1\n|move|p2a: Slowking|Trick Room|p2a: Slowking\n|-fieldstart|move: Trick Room|[of] p2a: Slowking\n|\n|upkeep\n|turn|2\n|inactive|DazzlingBrilliance has 30 seconds left this turn.\n|inactive|DazzlingBrilliance has 20 seconds left.\n|inactive|DazzlingBrilliance has 15 seconds left.\n|inactive|DazzlingBrilliance has 10 seconds left.\n|\n|t:|1700434130\n|switch|p1a: Eldegoss|Eldegoss, F, shiny|100\/100\n|move|p2a: Slowking|Disable||[still]\n|-fail|p2a: Slowking\n|move|p2b: Indeedee|Expanding Force|p1a: Eldegoss|[spread] p1a,p1b\n|-damage|p1a: Eldegoss|51\/100\n|-damage|p1b: Blissey|80\/100\n|move|p1b: Blissey|Mud-Slap|p2b: Indeedee\n|-damage|p2b: Indeedee|91\/100\n|-unboost|p2b: Indeedee|accuracy|1\n|\n|-heal|p1a: Eldegoss|57\/100|[from] item: Leftovers\n|-heal|p1b: Blissey|86\/100|[from] item: Leftovers\n|upkeep\n|turn|3\n|inactive|DazzlingBrilliance has 30 seconds left.\n|inactive|DazzlingBrilliance has 20 seconds left.\n|inactive|DazzlingBrilliance has 15 seconds left.\n|inactive|DazzlingBrilliance has 10 seconds left.\n|\n|t:|1700434157\n|move|p2a: Slowking|Disable|p1b: Blissey\n|-start|p1b: Blissey|Disable|Mud-Slap\n|move|p1a: Eldegoss|Leech Seed|p2b: Indeedee\n|-start|p2b: Indeedee|move: Leech Seed\n|move|p2b: Indeedee|Expanding Force|p1a: Eldegoss|[spread] p1a,p1b\n|-damage|p1a: Eldegoss|9\/100\n|-damage|p1b: Blissey|66\/100\n|move|p1b: Blissey|Charge Beam|p2a: Slowking\n|-supereffective|p2a: Slowking\n|-damage|p2a: Slowking|85\/100\n|-boost|p1b: Blissey|spa|1\n|\n|-heal|p1a: Eldegoss|15\/100|[from] item: Leftovers\n|-heal|p1b: Blissey|72\/100|[from] item: Leftovers\n|-damage|p2b: Indeedee|78\/100|[from] Leech Seed|[of] p1a: Eldegoss\n|-heal|p1a: Eldegoss|31\/100|[silent]\n|upkeep\n|turn|4\n|inactive|DazzlingBrilliance has 30 seconds left.\n|inactive|DazzlingBrilliance has 20 seconds left.\n|inactive|DazzlingBrilliance has 15 seconds left.\n|inactive|DazzlingBrilliance has 10 seconds left.\n|inactive|DazzlingBrilliance has 5 seconds left.\n|\n|t:|1700434188\n|move|p2a: Slowking|Chilly Reception|p2a: Slowking\n|-weather|Snow\n|inactive|DazzlingBrilliance has 10 seconds left this turn.\n|\n|t:|1700434191\n|switch|p2a: Iron Hands|Iron Hands|100\/100|[from] Chilly Reception\n|-enditem|p2a: Iron Hands|Booster Energy\n|-activate|p2a: Iron Hands|ability: Quark Drive|[fromitem]\n|-start|p2a: Iron Hands|quarkdriveatk\n|move|p1a: Eldegoss|Leech Seed|p2a: Iron Hands\n|-start|p2a: Iron Hands|move: Leech Seed\n|move|p2b: Indeedee|Expanding Force|p1a: Eldegoss|[spread] p1a\n|-miss|p2b: Indeedee|p1b: Blissey\n|-damage|p1a: Eldegoss|0 fnt\n|faint|p1a: Eldegoss\n|move|p1b: Blissey|Charge Beam|p2a: Iron Hands\n|-resisted|p2a: Iron Hands\n|-damage|p2a: Iron Hands|92\/100\n|-boost|p1b: Blissey|spa|1\n|\n|-weather|Snow|[upkeep]\n|-heal|p1b: Blissey|78\/100|[from] item: Leftovers\n|upkeep\n|inactive|DazzlingBrilliance has 15 seconds left this turn.\n|inactive|DazzlingBrilliance has 10 seconds left.\n|inactive|DazzlingBrilliance has 5 seconds left.\n|\n|t:|1700434204\n|switch|p1a: Dodrio|Dodrio, M, shiny|100\/100\n|turn|5\n|inactive|DazzlingBrilliance has 30 seconds left this turn.\n|inactive|DazzlingBrilliance has 20 seconds left.\n|\n|t:|1700434214\n|move|p2a: Iron Hands|Drain Punch|p1b: Blissey\n|-supereffective|p1b: Blissey\n|-damage|p1b: Blissey|0 fnt\n|-heal|p2a: Iron Hands|100\/100|[from] drain|[of] p1b: Blissey\n|faint|p1b: Blissey\n|move|p2b: Indeedee|Expanding Force|p1a: Dodrio\n|-damage|p1a: Dodrio|0 fnt\n|faint|p1a: Dodrio\n|\n|-weather|Snow|[upkeep]\n|-fieldend|move: Trick Room\n|-fieldend|move: Psychic Terrain\n|upkeep\n|inactive|DazzlingBrilliance has 25 seconds left this turn.\n|inactive|DazzlingBrilliance has 20 seconds left.\n|\n|t:|1700434221\n|switch|p1a: Golduck|Golduck, M, shiny|100\/100\n|switch|p1b: Chandelure|Chandelure, M, shiny|100\/100\n|-ability|p1a: Golduck|Cloud Nine\n|turn|6\n|inactive|DazzlingBrilliance has 30 seconds left.\n|inactive|DazzlingBrilliance has 20 seconds left.\n|inactive|DazzlingBrilliance has 15 seconds left.\n|inactive|DazzlingBrilliance has 10 seconds left.\n|\n|t:|1700434259\n|switch|p2b: Slowking|Slowking, M|100\/100\n|move|p1a: Golduck|Nasty Plot|p1a: Golduck\n|-boost|p1a: Golduck|spa|2\n|move|p1b: Chandelure|Calm Mind|p1b: Chandelure\n|-boost|p1b: Chandelure|spa|1\n|-boost|p1b: Chandelure|spd|1\n|move|p2a: Iron Hands|Thunder Punch|p1a: Golduck\n|-supereffective|p1a: Golduck\n|-damage|p1a: Golduck|0 fnt\n|faint|p1a: Golduck\n|\n|-weather|Snow|[upkeep]\n|upkeep\n|inactive|DazzlingBrilliance has 15 seconds left this turn.\n|inactive|DazzlingBrilliance has 10 seconds left.\n|\n|t:|1700434268\n|switch|p1a: Get Fisted|Hitmonchan, M, shiny|100\/100\n|turn|7\n|inactive|DazzlingBrilliance has 30 seconds left.\n|inactive|DazzlingBrilliance has 20 seconds left.\n|inactive|DazzlingBrilliance has 15 seconds left.\n|inactive|DazzlingBrilliance has 10 seconds left.\n|inactive|DazzlingBrilliance has 5 seconds left.\n|\n|t:|1700434299\n|-terastallize|p1a: Get Fisted|Ghost\n|move|p2a: Iron Hands|Protect|p2a: Iron Hands\n|-singleturn|p2a: Iron Hands|Protect\n|move|p1b: Chandelure|Will-O-Wisp|p2a: Iron Hands\n|-activate|p2a: Iron Hands|move: Protect\n|move|p1a: Get Fisted|Power-Up Punch|p2b: Slowking\n|-resisted|p2b: Slowking\n|-damage|p2b: Slowking|87\/100\n|-boost|p1a: Get Fisted|atk|1\n|move|p2b: Slowking|Trick Room|p2b: Slowking\n|-fieldstart|move: Trick Room|[of] p2b: Slowking\n|\n|-weather|Snow|[upkeep]\n|-damage|p2a: Iron Hands|88\/100|[from] Leech Seed|[of] p1a: Get Fisted\n|upkeep\n|turn|8\n|inactive|DazzlingBrilliance has 30 seconds left this turn.\n|inactive|DazzlingBrilliance has 20 seconds left.\n|inactive|DazzlingBrilliance has 15 seconds left.\n|inactive|DazzlingBrilliance has 10 seconds left.\n|inactive|DazzlingBrilliance has 5 seconds left.\n|\n|t:|1700434328\n|-terastallize|p2a: Iron Hands|Ghost\n|move|p2b: Slowking|Disable|p1b: Chandelure\n|-start|p1b: Chandelure|Disable|Will-O-Wisp\n|move|p2a: Iron Hands|Tera Blast|p1a: Get Fisted|[anim] Tera Blast Ghost\n|-supereffective|p1a: Get Fisted\n|-damage|p1a: Get Fisted|0 fnt\n|faint|p1a: Get Fisted\n|cant|p1b: Chandelure|Disable|Will-O-Wisp\n|\n|-weather|none\n|upkeep\n|turn|9\n|inactive|DazzlingBrilliance has 30 seconds left this turn.\n|inactive|DazzlingBrilliance has 20 seconds left.\n|\n|t:|1700434344\n|move|p2b: Slowking|Psychic Terrain|p2b: Slowking\n|-fieldstart|move: Psychic Terrain\n|move|p2a: Iron Hands|Tera Blast|p1b: Chandelure|[anim] Tera Blast Ghost\n|-supereffective|p1b: Chandelure\n|-damage|p1b: Chandelure|0 fnt\n|faint|p1b: Chandelure\n|\n|win|6DFirapaka\n|inactive|DazzlingBrilliance has 25 seconds left this turn.\n|raw|DazzlingBrilliance's rating: 1211 &rarr; <strong>1197<\/strong><br \/>(-14 for losing)\n|raw|6DFirapaka's rating: 1373 &rarr; <strong>1384<\/strong><br \/>(+11 for winning)\n|l|\u2606DazzlingBrilliance\n","uploadtime":1700434354,"views":3,"p1id":"dazzlingbrilliance","p2id":"6dfirapaka","formatid":"gen9nationaldexdoubles","rating":1197,"private":0,"password":""}