{"id":"gen9nationaldexdoubles-1988049656","p1":"Ubitroll","p2":"Jam35_Name","format":"[Gen 9] National Dex Doubles","log":"|j|\u2606Ubitroll\n|j|\u2606Jam35_Name\n|t:|1699663368\n|gametype|doubles\n|player|p1|Ubitroll|depotagent|\n|player|p2|Jam35_Name|policeman|\n|teamsize|p1|6\n|teamsize|p2|6\n|gen|9\n|tier|[Gen 9] National Dex Doubles\n|rule|HP Percentage Mod: HP is shown in percentages\n|rule|Endless Battle Clause: Forcing endless battles is banned\n|rule|OHKO Clause: OHKO moves are banned\n|rule|Evasion Moves Clause: Evasion moves are banned\n|rule|Evasion Abilities Clause: Evasion abilities are banned\n|rule|Species Clause: Limit one of each Pok\u00e9mon\n|rule|Gravity Sleep Clause: The combination of sleep-inducing moves with imperfect accuracy and Gravity or Gigantamax Orbeetle are banned\n|clearpoke\n|poke|p1|Azumarill, F|\n|poke|p1|Iron Valiant|\n|poke|p1|Tinkaton, F|\n|poke|p1|Sylveon, F|\n|poke|p1|Gardevoir, M|\n|poke|p1|Dachsbun, M|\n|poke|p2|Ogerpon-Cornerstone, F|\n|poke|p2|Stakataka|\n|poke|p2|Shuckle, M|\n|poke|p2|Tyranitar, F|\n|poke|p2|Cradily, F|\n|poke|p2|Coalossal, F|\n|teampreview\n|\n|t:|1699663387\n|start\n|switch|p1a: Iron Valiant|Iron Valiant|100\/100\n|switch|p1b: Azumarill|Azumarill, F, shiny|100\/100\n|switch|p2a: Stacko|Stakataka, shiny|100\/100\n|switch|p2b: Chonker|Tyranitar, F, shiny|100\/100\n|-weather|Sandstorm|[from] ability: Sand Stream|[of] p2b: Chonker\n|-enditem|p1a: Iron Valiant|Booster Energy\n|-activate|p1a: Iron Valiant|ability: Quark Drive|[fromitem]\n|-start|p1a: Iron Valiant|quarkdrivespe\n|turn|1\n|\n|t:|1699663408\n|move|p1a: Iron Valiant|Close Combat|p2b: Chonker\n|-supereffective|p2b: Chonker\n|-damage|p2b: Chonker|0 fnt\n|-unboost|p1a: Iron Valiant|def|1\n|-unboost|p1a: Iron Valiant|spd|1\n|faint|p2b: Chonker\n|move|p1b: Azumarill|Belly Drum|p1b: Azumarill\n|-damage|p1b: Azumarill|50\/100\n|-setboost|p1b: Azumarill|atk|6|[from] move: Belly Drum\n|-enditem|p1b: Azumarill|Sitrus Berry|[eat]\n|-heal|p1b: Azumarill|75\/100|[from] item: Sitrus Berry\n|move|p2a: Stacko|Trick Room|p2a: Stacko\n|-fieldstart|move: Trick Room|[of] p2a: Stacko\n|\n|-weather|Sandstorm|[upkeep]\n|-damage|p1b: Azumarill|69\/100|[from] Sandstorm\n|-damage|p1a: Iron Valiant|94\/100|[from] Sandstorm\n|upkeep\n|\n|t:|1699663435\n|switch|p2b: Phallic|Cradily, F|100\/100\n|turn|2\n|\n|t:|1699663458\n|move|p1b: Azumarill|Aqua Jet|p2b: Phallic\n|-activate|p2b: Phallic|ability: Storm Drain\n|-ability|p2b: Phallic|Storm Drain|boost\n|-boost|p2b: Phallic|spa|1\n|move|p2a: Stacko|Gyro Ball|p1a: Iron Valiant\n|-supereffective|p1a: Iron Valiant\n|-crit|p1a: Iron Valiant\n|-damage|p1a: Iron Valiant|0 fnt\n|faint|p1a: Iron Valiant\n|-end|p1a: Iron Valiant|Quark Drive|[silent]\n|-ability|p2a: Stacko|Beast Boost|boost\n|-boost|p2a: Stacko|atk|1\n|move|p2b: Phallic|Giga Drain|p1b: Azumarill\n|-supereffective|p1b: Azumarill\n|-damage|p1b: Azumarill|3\/100\n|\n|-weather|Sandstorm|[upkeep]\n|-damage|p1b: Azumarill|0 fnt|[from] Sandstorm\n|faint|p1b: Azumarill\n|upkeep\n|\n|t:|1699663519\n|switch|p1b: Sylveon|Sylveon, F, shiny|100\/100\n|switch|p1a: Tinkaton|Tinkaton, F, shiny|100\/100\n|-ability|p1a: Tinkaton|Mold Breaker\n|turn|3\n|\n|t:|1699663548\n|move|p2a: Stacko|Earthquake|p1b: Sylveon|[spread] p2b,p1a,p1b\n|-supereffective|p1a: Tinkaton\n|-damage|p2b: Phallic|68\/100\n|-damage|p1a: Tinkaton|2\/100\n|-damage|p1b: Sylveon|64\/100\n|move|p2b: Phallic|Leech Seed|p1a: Tinkaton\n|-start|p1a: Tinkaton|move: Leech Seed\n|move|p1b: Sylveon|Hyper Voice|p2b: Phallic|[spread] p2a,p2b\n|-resisted|p2a: Stacko\n|-damage|p2a: Stacko|89\/100\n|-damage|p2b: Phallic|52\/100\n|move|p1a: Tinkaton|Gigaton Hammer|p2a: Stacko\n|-damage|p2a: Stacko|60\/100\n|\n|-weather|Sandstorm|[upkeep]\n|-damage|p1b: Sylveon|58\/100|[from] Sandstorm\n|-heal|p2b: Phallic|58\/100|[from] item: Leftovers\n|-heal|p1b: Sylveon|64\/100|[from] item: Leftovers\n|-heal|p1a: Tinkaton|9\/100|[from] item: Leftovers\n|-damage|p1a: Tinkaton|0 fnt|[from] Leech Seed|[of] p2b: Phallic\n|-heal|p2b: Phallic|66\/100|[silent]\n|faint|p1a: Tinkaton\n|upkeep\n|\n|t:|1699663570\n|switch|p1a: Gardevoir|Gardevoir, M, shiny|100\/100\n|-ability|p1a: Gardevoir|Beast Boost|[from] ability: Trace|[of] p2a: Stacko\n|turn|4\n|\n|t:|1699663589\n|detailschange|p1a: Gardevoir|Gardevoir-Mega, M, shiny\n|-mega|p1a: Gardevoir|Gardevoir|Gardevoirite\n|move|p2a: Stacko|Gyro Ball|p1a: Gardevoir\n|-supereffective|p1a: Gardevoir\n|-damage|p1a: Gardevoir|0 fnt\n|faint|p1a: Gardevoir\n|-ability|p2a: Stacko|Beast Boost|boost\n|-boost|p2a: Stacko|atk|1\n|move|p2b: Phallic|Giga Drain|p1b: Sylveon\n|-damage|p1b: Sylveon|40\/100\n|-heal|p2b: Phallic|79\/100|[from] drain|[of] p1b: Sylveon\n|move|p1b: Sylveon|Hyper Voice|p2b: Phallic|[spread] p2a,p2b\n|-resisted|p2a: Stacko\n|-damage|p2a: Stacko|49\/100\n|-damage|p2b: Phallic|62\/100\n|\n|-weather|Sandstorm|[upkeep]\n|-damage|p1b: Sylveon|33\/100|[from] Sandstorm\n|-heal|p2b: Phallic|69\/100|[from] item: Leftovers\n|-heal|p1b: Sylveon|40\/100|[from] item: Leftovers\n|upkeep\n|\n|t:|1699663607\n|switch|p1a: Dachsbun|Dachsbun, M, shiny|100\/100\n|turn|5\n|\n|t:|1699663615\n|move|p2a: Stacko|Gyro Ball|p1a: Dachsbun\n|-supereffective|p1a: Dachsbun\n|-damage|p1a: Dachsbun|0 fnt\n|-damage|p2a: Stacko|32\/100|[from] item: Rocky Helmet|[of] p1a: Dachsbun\n|faint|p1a: Dachsbun\n|-ability|p2a: Stacko|Beast Boost|boost\n|-boost|p2a: Stacko|atk|1\n|move|p2b: Phallic|Leech Seed|p1b: Sylveon\n|-start|p1b: Sylveon|move: Leech Seed\n|move|p1b: Sylveon|Hyper Voice|p2b: Phallic|[spread] p2a,p2b\n|-resisted|p2a: Stacko\n|-damage|p2a: Stacko|22\/100\n|-damage|p2b: Phallic|49\/100\n|\n|-weather|Sandstorm|[upkeep]\n|-damage|p1b: Sylveon|33\/100|[from] Sandstorm\n|-heal|p2b: Phallic|56\/100|[from] item: Leftovers\n|-heal|p1b: Sylveon|40\/100|[from] item: Leftovers\n|-damage|p1b: Sylveon|27\/100|[from] Leech Seed|[of] p2b: Phallic\n|-heal|p2b: Phallic|69\/100|[silent]\n|-fieldend|move: Trick Room\n|upkeep\n|turn|6\n|\n|t:|1699663634\n|move|p1b: Sylveon|Hyper Voice|p2b: Phallic|[spread] p2a,p2b\n|-resisted|p2a: Stacko\n|-damage|p2a: Stacko|11\/100\n|-damage|p2b: Phallic|50\/100\n|move|p2b: Phallic|Giga Drain|p1b: Sylveon\n|-crit|p1b: Sylveon\n|-damage|p1b: Sylveon|0 fnt\n|-heal|p2b: Phallic|64\/100|[from] drain|[of] p1b: Sylveon\n|faint|p1b: Sylveon\n|\n|win|Jam35_Name\n|l|\u2606Ubitroll\n","uploadtime":1699663661,"views":7,"p1id":"ubitroll","p2id":"jam35name","formatid":"gen9nationaldexdoubles","rating":0,"private":0,"password":""}