{"id":"gen9nationaldexdoubles-1996535503","p1":"BugCatcherCal","p2":"Pancake Tuesday","format":"[Gen 9] National Dex Doubles","log":"|j|\u2606BugCatcherCal\n|j|\u2606Pancake Tuesday\n|t:|1700691672\n|gametype|doubles\n|player|p1|BugCatcherCal|102|1316\n|player|p2|Pancake Tuesday|cynthia|1458\n|teamsize|p1|6\n|teamsize|p2|6\n|gen|9\n|tier|[Gen 9] National Dex Doubles\n|rated|\n|rule|HP Percentage Mod: HP is shown in percentages\n|rule|Endless Battle Clause: Forcing endless battles is banned\n|rule|OHKO Clause: OHKO moves are banned\n|rule|Evasion Moves Clause: Evasion moves are banned\n|rule|Evasion Abilities Clause: Evasion abilities are banned\n|rule|Species Clause: Limit one of each Pok\u00e9mon\n|rule|Gravity Sleep Clause: The combination of sleep-inducing moves with imperfect accuracy and Gravity or Gigantamax Orbeetle are banned\n|clearpoke\n|poke|p1|Charizard, M|\n|poke|p1|Flutter Mane|\n|poke|p1|Walking Wake|\n|poke|p1|Lilligant-Hisui, F|\n|poke|p1|Incineroar, M|\n|poke|p1|Volcanion|\n|poke|p2|Deoxys-Attack|\n|poke|p2|Tapu Lele|\n|poke|p2|Landorus, M|\n|poke|p2|Zapdos|\n|poke|p2|Dragapult, M|\n|poke|p2|Metagross|\n|teampreview\n|inactive|Battle timer is ON: inactive players will automatically lose when time's up. (requested by Pancake Tuesday)\n|\n|t:|1700691696\n|start\n|switch|p1a: Flutter Mane|Flutter Mane|100\/100\n|switch|p1b: Charizard|Charizard, M|100\/100\n|switch|p2a: Tapu Lele|Tapu Lele|100\/100\n|switch|p2b: Zapdos|Zapdos|100\/100\n|-fieldstart|move: Psychic Terrain|[from] ability: Psychic Surge|[of] p2a: Tapu Lele\n|-enditem|p2b: Zapdos|Psychic Seed\n|-boost|p2b: Zapdos|spd|1|[from] item: Psychic Seed\n|turn|1\n|\n|t:|1700691707\n|detailschange|p1b: Charizard|Charizard-Mega-Y, M\n|-mega|p1b: Charizard|Charizard|Charizardite Y\n|-weather|SunnyDay|[from] ability: Drought|[of] p1b: Charizard\n|-activate|p1a: Flutter Mane|ability: Protosynthesis\n|-start|p1a: Flutter Mane|protosynthesisspe\n|move|p2a: Tapu Lele|Protect|p2a: Tapu Lele\n|-singleturn|p2a: Tapu Lele|Protect\n|move|p1a: Flutter Mane|Shadow Ball|p2a: Tapu Lele\n|-activate|p2a: Tapu Lele|move: Protect\n|move|p1b: Charizard|Tailwind|p1b: Charizard\n|-sidestart|p1: BugCatcherCal|move: Tailwind\n|move|p2b: Zapdos|Tailwind|p2b: Zapdos\n|-sidestart|p2: Pancake Tuesday|move: Tailwind\n|\n|-weather|SunnyDay|[upkeep]\n|upkeep\n|turn|2\n|\n|t:|1700691737\n|switch|p1b: Walking Wake|Walking Wake|100\/100\n|-activate|p1b: Walking Wake|ability: Protosynthesis\n|-start|p1b: Walking Wake|protosynthesisspa\n|switch|p2a: Landorus|Landorus, M|100\/100\n|move|p1a: Flutter Mane|Shadow Ball|p2a: Landorus\n|-damage|p2a: Landorus|47\/100\n|move|p2b: Zapdos|Thunderbolt|p1b: Walking Wake\n|-damage|p1b: Walking Wake|57\/100\n|-status|p1b: Walking Wake|par\n|\n|-weather|SunnyDay|[upkeep]\n|upkeep\n|turn|3\n|\n|t:|1700691763\n|move|p1a: Flutter Mane|Shadow Ball|p2a: Landorus\n|-damage|p2a: Landorus|0 fnt\n|faint|p2a: Landorus\n|move|p2b: Zapdos|Thunderbolt|p1a: Flutter Mane\n|-damage|p1a: Flutter Mane|61\/100\n|-status|p1a: Flutter Mane|par\n|cant|p1b: Walking Wake|par\n|\n|-weather|SunnyDay|[upkeep]\n|upkeep\n|inactive|Pancake Tuesday has 120 seconds left.\n|c|\u2606BugCatcherCal|bro\n|c|\u2606BugCatcherCal|what is this\n|\n|t:|1700691784\n|switch|p2a: Deoxys|Deoxys-Attack|100\/100\n|-ability|p2a: Deoxys|Pressure\n|turn|4\n|c|\u2606Pancake Tuesday|lmao mb\n|inactive|Pancake Tuesday has 120 seconds left.\n|\n|t:|1700691802\n|move|p2a: Deoxys|Psycho Boost|p1a: Flutter Mane\n|-damage|p1a: Flutter Mane|0 fnt\n|-unboost|p2a: Deoxys|spa|2\n|faint|p1a: Flutter Mane\n|-end|p1a: Flutter Mane|Protosynthesis|[silent]\n|move|p2b: Zapdos|Thunderbolt|p1b: Walking Wake\n|-damage|p1b: Walking Wake|9\/100 par\n|move|p1b: Walking Wake|Hydro Steam|p2b: Zapdos\n|-damage|p2b: Zapdos|51\/100\n|-damage|p1b: Walking Wake|0 fnt|[from] item: Life Orb\n|faint|p1b: Walking Wake\n|-end|p1b: Walking Wake|Protosynthesis|[silent]\n|\n|-weather|SunnyDay|[upkeep]\n|-sideend|p1: BugCatcherCal|move: Tailwind\n|-sideend|p2: Pancake Tuesday|move: Tailwind\n|upkeep\n|\n|t:|1700691819\n|switch|p1a: VGC in a Nutshell|Incineroar, M|100\/100\n|switch|p1b: Lilligant|Lilligant-Hisui, F|100\/100\n|-ability|p1a: VGC in a Nutshell|Intimidate|boost\n|-unboost|p2a: Deoxys|atk|1\n|-unboost|p2b: Zapdos|atk|1\n|turn|5\n|\n|t:|1700691829\n|switch|p2a: Dragapult|Dragapult, M|100\/100\n|move|p1a: VGC in a Nutshell|Fake Out|p2a: Dragapult\n|-activate|p2a: Dragapult|move: Psychic Terrain\n|move|p1b: Lilligant|Victory Dance|p1b: Lilligant\n|-boost|p1b: Lilligant|atk|1\n|-boost|p1b: Lilligant|def|1\n|-boost|p1b: Lilligant|spe|1\n|move|p2b: Zapdos|Tailwind|p2b: Zapdos\n|-sidestart|p2: Pancake Tuesday|move: Tailwind\n|\n|-weather|none\n|-fieldend|move: Psychic Terrain\n|upkeep\n|turn|6\n|\n|t:|1700691845\n|switch|p1a: Charizard|Charizard-Mega-Y, M|100\/100\n|-weather|SunnyDay|[from] ability: Drought|[of] p1a: Charizard\n|move|p1b: Lilligant|Ice Spinner|p2a: Dragapult\n|-supereffective|p2a: Dragapult\n|-damage|p2a: Dragapult|0 fnt\n|faint|p2a: Dragapult\n|move|p2b: Zapdos|Hurricane|p1b: Lilligant\n|-supereffective|p1b: Lilligant\n|-enditem|p1b: Lilligant|Focus Sash\n|-damage|p1b: Lilligant|1\/100\n|\n|-weather|SunnyDay|[upkeep]\n|upkeep\n|\n|t:|1700691863\n|switch|p2a: Deoxys|Deoxys-Attack|100\/100\n|-ability|p2a: Deoxys|Pressure\n|turn|7\n|\n|t:|1700691876\n|-terastallize|p2b: Zapdos|Ghost\n|move|p2a: Deoxys|Protect|p2a: Deoxys\n|-singleturn|p2a: Deoxys|Protect\n|move|p1b: Lilligant|Solar Blade||[still]\n|-prepare|p1b: Lilligant|Solar Blade\n|-anim|p1b: Lilligant|Solar Blade|p2a: Deoxys\n|-activate|p2a: Deoxys|move: Protect\n|move|p2b: Zapdos|Thunderbolt|p1b: Lilligant\n|-resisted|p1b: Lilligant\n|-damage|p1b: Lilligant|0 fnt\n|faint|p1b: Lilligant\n|move|p1a: Charizard|Tailwind|p1a: Charizard\n|-sidestart|p1: BugCatcherCal|move: Tailwind\n|\n|-weather|SunnyDay|[upkeep]\n|upkeep\n|\n|t:|1700691890\n|switch|p1b: VGC in a Nutshell|Incineroar, M|100\/100\n|-ability|p1b: VGC in a Nutshell|Intimidate|boost\n|-unboost|p2a: Deoxys|atk|1\n|-unboost|p2b: Zapdos|atk|1\n|turn|8\n|\n|t:|1700691915\n|switch|p2a: Tapu Lele|Tapu Lele|100\/100\n|-fieldstart|move: Psychic Terrain|[from] ability: Psychic Surge|[of] p2a: Tapu Lele\n|move|p1b: VGC in a Nutshell|Fake Out|p2a: Tapu Lele\n|-activate|p2a: Tapu Lele|move: Psychic Terrain\n|move|p1a: Charizard|Heat Wave|p2b: Zapdos|[spread] p2a,p2b\n|-damage|p2a: Tapu Lele|26\/100\n|-damage|p2b: Zapdos|19\/100\n|move|p2b: Zapdos|Thunderbolt|p1a: Charizard\n|-supereffective|p1a: Charizard\n|-damage|p1a: Charizard|24\/100\n|\n|-weather|SunnyDay|[upkeep]\n|-sideend|p2: Pancake Tuesday|move: Tailwind\n|upkeep\n|turn|9\n|\n|t:|1700691933\n|switch|p1b: Volcanion|Volcanion|100\/100\n|move|p2a: Tapu Lele|Protect|p2a: Tapu Lele\n|-singleturn|p2a: Tapu Lele|Protect\n|move|p1a: Charizard|Heat Wave|p2a: Tapu Lele|[spread] p2b\n|-activate|p2a: Tapu Lele|move: Protect\n|-damage|p2b: Zapdos|0 fnt\n|faint|p2b: Zapdos\n|\n|-weather|SunnyDay|[upkeep]\n|upkeep\n|\n|t:|1700691952\n|switch|p2b: Deoxys|Deoxys-Attack|100\/100\n|-ability|p2b: Deoxys|Pressure\n|turn|10\n|\n|t:|1700691962\n|move|p2b: Deoxys|Protect|p2b: Deoxys\n|-singleturn|p2b: Deoxys|Protect\n|move|p1a: Charizard|Heat Wave|p2a: Tapu Lele|[spread] p2a\n|-activate|p2b: Deoxys|move: Protect\n|-damage|p2a: Tapu Lele|0 fnt\n|faint|p2a: Tapu Lele\n|move|p1b: Volcanion|Heat Wave|p2b: Deoxys\n|-activate|p2b: Deoxys|move: Protect\n|\n|-weather|none\n|-sideend|p1: BugCatcherCal|move: Tailwind\n|upkeep\n|\n|t:|1700691968\n|switch|p2a: Metagross|Metagross|100\/100\n|turn|11\n|\n|t:|1700691980\n|switch|p1a: VGC in a Nutshell|Incineroar, M|100\/100\n|-ability|p1a: VGC in a Nutshell|Intimidate|boost\n|-fail|p2a: Metagross|unboost|[from] ability: Clear Body|[of] p2a: Metagross\n|-unboost|p2b: Deoxys|atk|1\n|detailschange|p2a: Metagross|Metagross-Mega\n|-mega|p2a: Metagross|Metagross|Metagrossite\n|-terastallize|p1b: Volcanion|Ground\n|move|p2b: Deoxys|Psycho Boost|p1b: Volcanion\n|-damage|p1b: Volcanion|6\/100\n|-unboost|p2b: Deoxys|spa|2\n|move|p2a: Metagross|Meteor Mash|p1a: VGC in a Nutshell\n|-resisted|p1a: VGC in a Nutshell\n|-damage|p1a: VGC in a Nutshell|71\/100\n|-boost|p2a: Metagross|atk|1\n|move|p1b: Volcanion|Heat Wave|p2b: Deoxys|[spread] p2a,p2b\n|-supereffective|p2a: Metagross\n|-damage|p2a: Metagross|11\/100\n|-enditem|p2b: Deoxys|Focus Sash\n|-damage|p2b: Deoxys|1\/100\n|\n|upkeep\n|turn|12\n|inactive|BugCatcherCal has 120 seconds left.\n|inactive|BugCatcherCal has 90 seconds left.\n|\n|t:|1700692050\n|move|p2b: Deoxys|Knock Off|p1b: Volcanion\n|-crit|p1b: Volcanion\n|-damage|p1b: Volcanion|0 fnt\n|-enditem|p1b: Volcanion|Assault Vest|[from] move: Knock Off|[of] p2b: Deoxys\n|faint|p1b: Volcanion\n|move|p2a: Metagross|Stomping Tantrum|p1a: VGC in a Nutshell\n|-supereffective|p1a: VGC in a Nutshell\n|-damage|p1a: VGC in a Nutshell|0 fnt\n|faint|p1a: VGC in a Nutshell\n|\n|-fieldend|move: Psychic Terrain\n|upkeep\n|\n|t:|1700692057\n|switch|p1b: Charizard|Charizard-Mega-Y, M|24\/100\n|-weather|SunnyDay|[from] ability: Drought|[of] p1b: Charizard\n|turn|13\n|\n|t:|1700692071\n|move|p2a: Metagross|Bullet Punch|p1b: Charizard\n|-resisted|p1b: Charizard\n|-damage|p1b: Charizard|0 fnt\n|faint|p1b: Charizard\n|\n|win|Pancake Tuesday\n|raw|BugCatcherCal's rating: 1316 &rarr; <strong>1304<\/strong><br \/>(-12 for losing)\n|raw|Pancake Tuesday's rating: 1458 &rarr; <strong>1470<\/strong><br \/>(+12 for winning)\n|c|\u2606Pancake Tuesday|ggs\n|l|\u2606BugCatcherCal\n","uploadtime":1700692100,"views":8,"p1id":"bugcatchercal","p2id":"pancaketuesday","formatid":"gen9nationaldexdoubles","rating":1304,"private":0,"password":""}