{"id":"gen9nationaldexdoubles-1972237566","p1":"robloxian5gl","p2":"Facu2112","format":"[Gen 9] National Dex Doubles","log":"|j|\u2606robloxian5gl\n|j|\u2606Facu2112\n|t:|1697823998\n|gametype|doubles\n|player|p1|robloxian5gl|geeta|1159\n|player|p2|Facu2112|volkner|1018\n|teamsize|p1|6\n|teamsize|p2|6\n|gen|9\n|tier|[Gen 9] National Dex Doubles\n|rated|\n|rule|HP Percentage Mod: HP is shown in percentages\n|rule|Endless Battle Clause: Forcing endless battles is banned\n|rule|OHKO Clause: OHKO moves are banned\n|rule|Evasion Moves Clause: Evasion moves are banned\n|rule|Evasion Abilities Clause: Evasion abilities are banned\n|rule|Species Clause: Limit one of each Pok\u00e9mon\n|rule|Gravity Sleep Clause: The combination of sleep-inducing moves with imperfect accuracy and Gravity or Gigantamax Orbeetle are banned\n|clearpoke\n|poke|p1|Glimmora, M|\n|poke|p1|Espathra, F|\n|poke|p1|Gogoat, M|\n|poke|p1|Avalugg, F|\n|poke|p1|Veluza, F|\n|poke|p1|Kingambit, M|\n|poke|p2|Arcanine, M|\n|poke|p2|Kommo-o, F|\n|poke|p2|Zeraora|\n|poke|p2|Baxcalibur, M|\n|poke|p2|Armarouge, F|\n|poke|p2|Tyrantrum, F|\n|teampreview\n|inactive|Battle timer is ON: inactive players will automatically lose when time's up. (requested by robloxian5gl)\n|\n|t:|1697824004\n|start\n|switch|p1a: Glimmora|Glimmora, M|100\/100\n|switch|p1b: Espathra|Espathra, F|100\/100\n|switch|p2a: Arcanine|Arcanine, M, shiny|100\/100\n|switch|p2b: Zeraora|Zeraora|100\/100\n|-ability|p2a: Arcanine|Intimidate|boost\n|-unboost|p1a: Glimmora|atk|1\n|-unboost|p1b: Espathra|atk|1\n|turn|1\n|\n|t:|1697824026\n|move|p2b: Zeraora|Throat Chop|p1b: Espathra\n|-supereffective|p1b: Espathra\n|-damage|p1b: Espathra|23\/100\n|-start|p1b: Espathra|Throat Chop|[silent]\n|move|p1b: Espathra|Reflect|p1b: Espathra\n|-sidestart|p1: robloxian5gl|Reflect\n|move|p1a: Glimmora|Earth Power|p2b: Zeraora\n|-supereffective|p2b: Zeraora\n|-damage|p2b: Zeraora|30\/100\n|move|p2a: Arcanine|Will-O-Wisp|p1a: Glimmora\n|-status|p1a: Glimmora|brn\n|\n|-damage|p1a: Glimmora|94\/100 brn|[from] brn\n|upkeep\n|turn|2\n|\n|t:|1697824053\n|move|p1b: Espathra|Quick Attack|p2a: Arcanine\n|-damage|p2a: Arcanine|96\/100\n|move|p2b: Zeraora|Close Combat|p1a: Glimmora\n|-damage|p1a: Glimmora|68\/100 brn\n|-unboost|p2b: Zeraora|def|1\n|-unboost|p2b: Zeraora|spd|1\n|-activate|p1a: Glimmora|ability: Toxic Debris\n|-sidestart|p2: Facu2112|move: Toxic Spikes\n|move|p1a: Glimmora|Earth Power|p2b: Zeraora\n|-supereffective|p2b: Zeraora\n|-damage|p2b: Zeraora|0 fnt\n|faint|p2b: Zeraora\n|move|p2a: Arcanine|Wild Charge|p1b: Espathra\n|-damage|p1b: Espathra|0 fnt\n|faint|p1b: Espathra\n|-damage|p2a: Arcanine|90\/100|[from] Recoil\n|\n|-damage|p1a: Glimmora|61\/100 brn|[from] brn\n|upkeep\n|\n|t:|1697824072\n|switch|p2b: Tyrantrum|Tyrantrum, F, shiny|100\/100\n|switch|p1b: Veluza|Veluza, F|100\/100\n|-status|p2b: Tyrantrum|psn\n|turn|3\n|\n|t:|1697824091\n|move|p1a: Glimmora|Power Gem|p2a: Arcanine\n|-supereffective|p2a: Arcanine\n|-damage|p2a: Arcanine|0 fnt\n|faint|p2a: Arcanine\n|move|p2b: Tyrantrum|Crunch|p1a: Glimmora\n|-damage|p1a: Glimmora|30\/100 brn\n|-unboost|p1a: Glimmora|def|1\n|-activate|p1a: Glimmora|ability: Toxic Debris\n|-sidestart|p2: Facu2112|move: Toxic Spikes\n|move|p1b: Veluza|Aqua Cutter|p2b: Tyrantrum\n|-damage|p2b: Tyrantrum|59\/100 psn\n|\n|-damage|p2b: Tyrantrum|47\/100 psn|[from] psn\n|-damage|p1a: Glimmora|24\/100 brn|[from] brn\n|upkeep\n|inactive|Facu2112 has 120 seconds left.\n|\n|t:|1697824113\n|switch|p2a: Baxcalibur|Baxcalibur, M|100\/100\n|turn|4\n|\n|t:|1697824122\n|move|p2a: Baxcalibur|Ice Shard|p1a: Glimmora\n|-damage|p1a: Glimmora|0 fnt\n|faint|p1a: Glimmora\n|move|p2b: Tyrantrum|Thunder Fang|p1b: Veluza\n|-supereffective|p1b: Veluza\n|-damage|p1b: Veluza|52\/100\n|-status|p1b: Veluza|par\n|move|p1b: Veluza|Psycho Cut|p2b: Tyrantrum\n|-damage|p2b: Tyrantrum|2\/100 psn\n|\n|-damage|p2b: Tyrantrum|0 fnt|[from] psn\n|faint|p2b: Tyrantrum\n|upkeep\n|\n|t:|1697824137\n|switch|p1a: Avalugg|Avalugg, F|100\/100\n|switch|p2b: Kommo-o|Kommo-o, F|100\/100\n|-status|p2b: Kommo-o|tox\n|turn|5\n|\n|t:|1697824155\n|move|p2a: Baxcalibur|Glaive Rush|p1b: Veluza\n|-damage|p1b: Veluza|2\/100 par\n|-singlemove|p2a: Baxcalibur|Glaive Rush|[silent]\n|-enditem|p1b: Veluza|Sitrus Berry|[eat]\n|-heal|p1b: Veluza|27\/100 par|[from] item: Sitrus Berry\n|move|p2b: Kommo-o|Close Combat|p1a: Avalugg\n|-supereffective|p1a: Avalugg\n|-damage|p1a: Avalugg|73\/100\n|-unboost|p2b: Kommo-o|def|1\n|-unboost|p2b: Kommo-o|spd|1\n|-damage|p2b: Kommo-o|84\/100 tox|[from] item: Rocky Helmet|[of] p1a: Avalugg\n|move|p1a: Avalugg|Body Press|p2a: Baxcalibur\n|-supereffective|p2a: Baxcalibur\n|-damage|p2a: Baxcalibur|0 fnt\n|faint|p2a: Baxcalibur\n|cant|p1b: Veluza|par\n|\n|-damage|p2b: Kommo-o|78\/100 tox|[from] psn\n|-sideend|p1: robloxian5gl|Reflect\n|upkeep\n|\n|t:|1697824169\n|switch|p2a: Armarouge|Armarouge, F|100\/100\n|-status|p2a: Armarouge|tox\n|turn|6\n|\n|t:|1697824185\n|-zpower|p2b: Kommo-o\n|move|p2b: Kommo-o|Clangorous Soulblaze|p1a: Avalugg|[zeffect]|[spread] p1a,p1b\n|-damage|p1a: Avalugg|0 fnt\n|-damage|p1b: Veluza|0 fnt\n|faint|p1a: Avalugg\n|faint|p1b: Veluza\n|-boost|p2b: Kommo-o|atk|1\n|-boost|p2b: Kommo-o|def|1\n|-boost|p2b: Kommo-o|spa|1\n|-boost|p2b: Kommo-o|spd|1\n|-boost|p2b: Kommo-o|spe|1\n|move|p2a: Armarouge|Armor Cannon|p1: Avalugg|[notarget]\n|-fail|p2a: Armarouge\n|\n|-damage|p2b: Kommo-o|65\/100 tox|[from] psn\n|-damage|p2a: Armarouge|94\/100 tox|[from] psn\n|upkeep\n|\n|t:|1697824201\n|switch|p1b: Gogoat|Gogoat, M|100\/100\n|switch|p1a: Kingambit|Kingambit, M|100\/100\n|-activate|p1a: Kingambit|ability: Supreme Overlord\n|-start|p1a: Kingambit|fallen4|[silent]\n|turn|7\n|\n|t:|1697824219\n|-terastallize|p1a: Kingambit|Ghost\n|move|p1a: Kingambit|Sucker Punch|p2a: Armarouge\n|-supereffective|p2a: Armarouge\n|-damage|p2a: Armarouge|0 fnt\n|faint|p2a: Armarouge\n|move|p2b: Kommo-o|Close Combat|p1a: Kingambit\n|-immune|p1a: Kingambit\n|move|p1b: Gogoat|Play Rough|p2b: Kommo-o|[miss]\n|-miss|p1b: Gogoat|p2b: Kommo-o\n|\n|-damage|p2b: Kommo-o|47\/100 tox|[from] psn\n|upkeep\n|turn|8\n|\n|t:|1697824234\n|move|p2b: Kommo-o|Clanging Scales|p1a: Kingambit|[spread] p1a,p1b\n|-damage|p1a: Kingambit|51\/100\n|-damage|p1b: Gogoat|50\/100\n|-unboost|p2b: Kommo-o|def|1\n|move|p1b: Gogoat|Play Rough|p2b: Kommo-o\n|-supereffective|p2b: Kommo-o\n|-damage|p2b: Kommo-o|0 fnt\n|faint|p2b: Kommo-o\n|\n|win|robloxian5gl\n|raw|robloxian5gl's rating: 1159 &rarr; <strong>1174<\/strong><br \/>(+15 for winning)\n|raw|Facu2112's rating: 1018 &rarr; <strong>1010<\/strong><br \/>(-8 for losing)\n|l|\u2606Facu2112\n","uploadtime":1697824246,"views":12,"p1id":"robloxian5gl","p2id":"facu2112","formatid":"gen9nationaldexdoubles","rating":1010,"private":0,"password":""}