{"id":"gen9nationaldexdoubles-1984354456","p1":"rsoliloquy","p2":"Namohysip","format":"[Gen 9] National Dex Doubles","log":"|j|\u2606rsoliloquy\n|j|\u2606Namohysip\n|t:|1699248402\n|gametype|doubles\n|player|p1|rsoliloquy|wallace-gen6|\n|player|p2|Namohysip|dragontamer|\n|teamsize|p1|6\n|teamsize|p2|6\n|gen|9\n|tier|[Gen 9] National Dex Doubles\n|rule|HP Percentage Mod: HP is shown in percentages\n|rule|Endless Battle Clause: Forcing endless battles is banned\n|rule|OHKO Clause: OHKO moves are banned\n|rule|Evasion Moves Clause: Evasion moves are banned\n|rule|Evasion Abilities Clause: Evasion abilities are banned\n|rule|Species Clause: Limit one of each Pok\u00e9mon\n|rule|Gravity Sleep Clause: The combination of sleep-inducing moves with imperfect accuracy and Gravity or Gigantamax Orbeetle are banned\n|clearpoke\n|poke|p1|Azelf|\n|poke|p1|Vaporeon, M|\n|poke|p1|Mimikyu, F|\n|poke|p1|Virizion|\n|poke|p1|Liepard, F|\n|poke|p1|Meloetta|\n|poke|p2|Decidueye, F|\n|poke|p2|Riolu, M|\n|poke|p2|Porygon2|\n|poke|p2|Porygon-Z|\n|poke|p2|Rotom-Heat|\n|poke|p2|Articuno-Galar|\n|teampreview\n|\n|t:|1699248420\n|start\n|switch|p1a: OFERFUCKSAKE|Azelf|100\/100\n|switch|p1b: A_BLIZZARD_HALLOW|Liepard, F|100\/100\n|switch|p2a: Nil|Decidueye, F|100\/100\n|switch|p2b: Laizen|Riolu, M|100\/100\n|turn|1\n|\n|t:|1699248528\n|switch|p1a: OBERTHREE|Mimikyu, F|100\/100\n|move|p1b: A_BLIZZARD_HALLOW|Knock Off|p2a: Nil\n|-supereffective|p2a: Nil\n|-damage|p2a: Nil|6\/100\n|-enditem|p2a: Nil|Assault Vest|[from] move: Knock Off|[of] p1b: A_BLIZZARD_HALLOW\n|move|p2a: Nil|Poltergeist|p1a: OBERTHREE\n|-activate|p1a: OBERTHREE|move: Poltergeist|Life Orb\n|-activate|p1a: OBERTHREE|ability: Disguise\n|-damage|p1a: OBERTHREE|100\/100\n|detailschange|p1a: OBERTHREE|Mimikyu-Busted, F\n|-damage|p1a: OBERTHREE|88\/100|[from] pokemon: Mimikyu-Busted\n|move|p2b: Laizen|Circle Throw|p1b: A_BLIZZARD_HALLOW\n|-supereffective|p1b: A_BLIZZARD_HALLOW\n|-damage|p1b: A_BLIZZARD_HALLOW|34\/100\n|drag|p1b: LUCIFLUTE|Meloetta|100\/100\n|\n|upkeep\n|turn|2\n|\n|t:|1699248568\n|move|p1a: OBERTHREE|Shadow Sneak|p2a: Nil\n|-supereffective|p2a: Nil\n|-crit|p2a: Nil\n|-damage|p2a: Nil|0 fnt\n|faint|p2a: Nil\n|-damage|p1a: OBERTHREE|78\/100|[from] item: Life Orb\n|move|p2b: Laizen|Toxic|p1b: LUCIFLUTE\n|-status|p1b: LUCIFLUTE|tox\n|move|p1b: LUCIFLUTE|Calm Mind|p1b: LUCIFLUTE\n|-boost|p1b: LUCIFLUTE|spa|1\n|-boost|p1b: LUCIFLUTE|spd|1\n|\n|-damage|p1b: LUCIFLUTE|94\/100 tox|[from] psn\n|upkeep\n|\n|t:|1699248607\n|switch|p2a: Admin GAMMA|Porygon2|100\/100\n|-ability|p2a: Admin GAMMA|Download|boost\n|-boost|p2a: Admin GAMMA|atk|1\n|turn|3\n|\n|t:|1699248619\n|move|p2b: Laizen|Coaching|p2a: Admin GAMMA\n|-boost|p2a: Admin GAMMA|atk|1\n|-boost|p2a: Admin GAMMA|def|1\n|move|p1a: OBERTHREE|Play Rough|p2b: Laizen\n|-supereffective|p2b: Laizen\n|-enditem|p2b: Laizen|Focus Sash\n|-damage|p2b: Laizen|1\/100\n|-damage|p1a: OBERTHREE|68\/100|[from] item: Life Orb\n|move|p1b: LUCIFLUTE|Hyper Voice|p2b: Laizen|[spread] p2a,p2b\n|-damage|p2a: Admin GAMMA|74\/100\n|-damage|p2b: Laizen|0 fnt\n|faint|p2b: Laizen\n|move|p2a: Admin GAMMA|Foul Play|p1a: OBERTHREE\n|-damage|p1a: OBERTHREE|25\/100\n|\n|-heal|p1b: LUCIFLUTE|100\/100 tox|[from] item: Leftovers\n|-damage|p1b: LUCIFLUTE|88\/100 tox|[from] psn\n|upkeep\n|\n|t:|1699248637\n|switch|p2b: Admin OMEGA|Porygon-Z|100\/100\n|-ability|p2b: Admin OMEGA|Download|boost\n|-boost|p2b: Admin OMEGA|atk|1\n|turn|4\n|\n|t:|1699248653\n|move|p1a: OBERTHREE|Play Rough|p2b: Admin OMEGA\n|-damage|p2b: Admin OMEGA|28\/100\n|-damage|p1a: OBERTHREE|15\/100|[from] item: Life Orb\n|move|p2b: Admin OMEGA|Hyper Beam|p1b: LUCIFLUTE\n|-damage|p1b: LUCIFLUTE|30\/100 tox\n|-mustrecharge|p2b: Admin OMEGA\n|move|p1b: LUCIFLUTE|Hyper Voice|p2a: Admin GAMMA|[spread] p2a,p2b\n|-damage|p2a: Admin GAMMA|48\/100\n|-damage|p2b: Admin OMEGA|0 fnt\n|faint|p2b: Admin OMEGA\n|move|p2a: Admin GAMMA|Foul Play|p1a: OBERTHREE\n|-damage|p1a: OBERTHREE|0 fnt\n|faint|p1a: OBERTHREE\n|\n|-heal|p1b: LUCIFLUTE|36\/100 tox|[from] item: Leftovers\n|-damage|p1b: LUCIFLUTE|18\/100 tox|[from] psn\n|upkeep\n|\n|t:|1699248670\n|switch|p1a: OFERFUCKSAKE|Azelf|100\/100\n|switch|p2b: Mister Grabber|Rotom-Heat|100\/100\n|turn|5\n|\n|t:|1699248689\n|move|p1a: OFERFUCKSAKE|Mystical Power|p2a: Admin GAMMA\n|-damage|p2a: Admin GAMMA|33\/100\n|-boost|p1a: OFERFUCKSAKE|spa|1\n|move|p2b: Mister Grabber|Shadow Ball|p1a: OFERFUCKSAKE\n|-supereffective|p1a: OFERFUCKSAKE\n|-damage|p1a: OFERFUCKSAKE|32\/100\n|-damage|p2b: Mister Grabber|91\/100|[from] item: Life Orb\n|move|p1b: LUCIFLUTE|Hyper Voice|p2a: Admin GAMMA|[spread] p2a,p2b\n|-damage|p2a: Admin GAMMA|6\/100\n|-damage|p2b: Mister Grabber|12\/100\n|move|p2a: Admin GAMMA|Rest|p2a: Admin GAMMA\n|-status|p2a: Admin GAMMA|slp|[from] move: Rest\n|-heal|p2a: Admin GAMMA|100\/100 slp|[silent]\n|\n|-heal|p1b: LUCIFLUTE|24\/100 tox|[from] item: Leftovers\n|-damage|p1b: LUCIFLUTE|0 fnt|[from] psn\n|faint|p1b: LUCIFLUTE\n|upkeep\n|\n|t:|1699248717\n|switch|p1b: THEMIGHTYCLOTH|Virizion|100\/100\n|turn|6\n|\n|t:|1699248724\n|move|p1a: OFERFUCKSAKE|Mystical Power|p2b: Mister Grabber\n|-damage|p2b: Mister Grabber|0 fnt\n|-boost|p1a: OFERFUCKSAKE|spa|1\n|faint|p2b: Mister Grabber\n|move|p1b: THEMIGHTYCLOTH|Close Combat|p2a: Admin GAMMA\n|-supereffective|p2a: Admin GAMMA\n|-damage|p2a: Admin GAMMA|56\/100 slp\n|-unboost|p1b: THEMIGHTYCLOTH|def|1\n|-unboost|p1b: THEMIGHTYCLOTH|spd|1\n|cant|p2a: Admin GAMMA|slp\n|move|p2a: Admin GAMMA|Sleep Talk|p2a: Admin GAMMA\n|move|p2a: Admin GAMMA|Last Resort|p1a: OFERFUCKSAKE|[from]move: Sleep Talk\n|-damage|p1a: OFERFUCKSAKE|0 fnt\n|faint|p1a: OFERFUCKSAKE\n|\n|upkeep\n|\n|t:|1699248752\n|switch|p1a: A_BLIZZARD_HALLOW|Liepard, F|34\/100\n|switch|p2b: ???|Articuno-Galar|100\/100\n|turn|7\n|\n|t:|1699248768\n|switch|p1b: FLUFFY1000|Vaporeon, M|100\/100\n|move|p1a: A_BLIZZARD_HALLOW|Knock Off|p2b: ???\n|-supereffective|p2b: ???\n|-damage|p2b: ???|38\/100\n|-enditem|p2b: ???|Chesto Berry|[from] move: Knock Off|[of] p1a: A_BLIZZARD_HALLOW\n|move|p2b: ???|Freezing Glare|p1b: FLUFFY1000\n|-damage|p1b: FLUFFY1000|74\/100\n|cant|p2a: Admin GAMMA|slp\n|move|p2a: Admin GAMMA|Sleep Talk|p2a: Admin GAMMA\n|move|p2a: Admin GAMMA|Foul Play|p1a: A_BLIZZARD_HALLOW|[from]move: Sleep Talk\n|-resisted|p1a: A_BLIZZARD_HALLOW\n|-damage|p1a: A_BLIZZARD_HALLOW|5\/100\n|\n|-heal|p1b: FLUFFY1000|80\/100|[from] item: Leftovers\n|upkeep\n|turn|8\n|\n|t:|1699248830\n|move|p1a: A_BLIZZARD_HALLOW|Encore||[still]\n|-fail|p1a: A_BLIZZARD_HALLOW\n|move|p2b: ???|Air Slash|p1b: FLUFFY1000\n|-damage|p1b: FLUFFY1000|56\/100\n|move|p1b: FLUFFY1000|Scald|p2b: ???\n|-damage|p2b: ???|14\/100\n|-curestatus|p2a: Admin GAMMA|slp|[msg]\n|move|p2a: Admin GAMMA|Rest|p2a: Admin GAMMA\n|-status|p2a: Admin GAMMA|slp|[from] move: Rest\n|-heal|p2a: Admin GAMMA|100\/100 slp|[silent]\n|\n|-heal|p1b: FLUFFY1000|63\/100|[from] item: Leftovers\n|upkeep\n|turn|9\n|\n|t:|1699248856\n|move|p1a: A_BLIZZARD_HALLOW|Knock Off|p2b: ???\n|-supereffective|p2b: ???\n|-damage|p2b: ???|0 fnt\n|faint|p2b: ???\n|move|p1b: FLUFFY1000|Wish|p1b: FLUFFY1000\n|cant|p2a: Admin GAMMA|slp\n|move|p2a: Admin GAMMA|Sleep Talk|p2a: Admin GAMMA\n|move|p2a: Admin GAMMA|Foul Play|p1a: A_BLIZZARD_HALLOW|[from]move: Sleep Talk\n|-resisted|p1a: A_BLIZZARD_HALLOW\n|-damage|p1a: A_BLIZZARD_HALLOW|0 fnt\n|faint|p1a: A_BLIZZARD_HALLOW\n|\n|-heal|p1b: FLUFFY1000|69\/100|[from] item: Leftovers\n|upkeep\n|\n|t:|1699248867\n|switch|p1a: THEMIGHTYCLOTH|Virizion|100\/100\n|turn|10\n|\n|t:|1699248891\n|move|p1a: THEMIGHTYCLOTH|Swords Dance|p1a: THEMIGHTYCLOTH\n|-boost|p1a: THEMIGHTYCLOTH|atk|2\n|move|p1b: FLUFFY1000|Scald|p2a: Admin GAMMA\n|-damage|p2a: Admin GAMMA|87\/100 slp\n|cant|p2a: Admin GAMMA|slp\n|move|p2a: Admin GAMMA|Sleep Talk|p2a: Admin GAMMA\n|move|p2a: Admin GAMMA|Foul Play|p1a: THEMIGHTYCLOTH|[from]move: Sleep Talk\n|-resisted|p1a: THEMIGHTYCLOTH\n|-damage|p1a: THEMIGHTYCLOTH|64\/100\n|-ability|p1a: THEMIGHTYCLOTH|Justified|boost\n|-boost|p1a: THEMIGHTYCLOTH|atk|1\n|\n|-heal|p1b: FLUFFY1000|100\/100|[from] move: Wish|[wisher] FLUFFY1000\n|upkeep\n|turn|11\n|\n|t:|1699248913\n|move|p1a: THEMIGHTYCLOTH|Close Combat|p2a: Admin GAMMA\n|-supereffective|p2a: Admin GAMMA\n|-damage|p2a: Admin GAMMA|0 fnt\n|-unboost|p1a: THEMIGHTYCLOTH|def|1\n|-unboost|p1a: THEMIGHTYCLOTH|spd|1\n|faint|p2a: Admin GAMMA\n|\n|win|rsoliloquy\n","uploadtime":1699249085,"views":10,"p1id":"rsoliloquy","p2id":"namohysip","formatid":"gen9nationaldexdoubles","rating":0,"private":0,"password":""}