{"id":"gen9nationaldexdoubles-1989229423","p1":"Jam35_Name","p2":"Ubitroll","format":"[Gen 9] National Dex Doubles","log":"|j|\u2606Jam35_Name\n|j|\u2606Ubitroll\n|t:|1699825781\n|gametype|doubles\n|player|p1|Jam35_Name|policeman|\n|player|p2|Ubitroll|depotagent|\n|teamsize|p1|6\n|teamsize|p2|6\n|gen|9\n|tier|[Gen 9] National Dex Doubles\n|rule|HP Percentage Mod: HP is shown in percentages\n|rule|Endless Battle Clause: Forcing endless battles is banned\n|rule|OHKO Clause: OHKO moves are banned\n|rule|Evasion Moves Clause: Evasion moves are banned\n|rule|Evasion Abilities Clause: Evasion abilities are banned\n|rule|Species Clause: Limit one of each Pok\u00e9mon\n|rule|Gravity Sleep Clause: The combination of sleep-inducing moves with imperfect accuracy and Gravity or Gigantamax Orbeetle are banned\n|clearpoke\n|poke|p1|Ogerpon-Cornerstone, F|\n|poke|p1|Stakataka|\n|poke|p1|Shuckle, M|\n|poke|p1|Tyranitar, M|\n|poke|p1|Cradily, F|\n|poke|p1|Coalossal, M|\n|poke|p2|Azumarill, M|\n|poke|p2|Iron Valiant|\n|poke|p2|Tinkaton, F|\n|poke|p2|Sylveon, M|\n|poke|p2|Gardevoir, M|\n|poke|p2|Dachsbun, F|\n|teampreview\n|\n|t:|1699825793\n|start\n|switch|p1a: Stacko|Stakataka, shiny|100\/100\n|switch|p1b: Phallic|Cradily, F|100\/100\n|switch|p2a: Dachsbun|Dachsbun, F, shiny|100\/100\n|switch|p2b: Iron Valiant|Iron Valiant|100\/100\n|-enditem|p2b: Iron Valiant|Booster Energy\n|-activate|p2b: Iron Valiant|ability: Quark Drive|[fromitem]\n|-start|p2b: Iron Valiant|quarkdrivespe\n|turn|1\n|\n|t:|1699825817\n|-terastallize|p1a: Stacko|Flying\n|move|p2b: Iron Valiant|Swords Dance|p2b: Iron Valiant\n|-boost|p2b: Iron Valiant|atk|2\n|move|p2a: Dachsbun|Play Rough|p1a: Stacko\n|-damage|p1a: Stacko|85\/100\n|move|p1b: Phallic|Leech Seed|p2a: Dachsbun|[miss]\n|-miss|p1b: Phallic|p2a: Dachsbun\n|move|p1a: Stacko|Trick Room|p1a: Stacko\n|-fieldstart|move: Trick Room|[of] p1a: Stacko\n|\n|upkeep\n|turn|2\n|\n|t:|1699825898\n|-end|p2b: Iron Valiant|Quark Drive|[silent]\n|switch|p2b: Sylveon|Sylveon, M, shiny|100\/100\n|move|p1a: Stacko|Gyro Ball|p2b: Sylveon\n|-supereffective|p2b: Sylveon\n|-damage|p2b: Sylveon|0 fnt\n|faint|p2b: Sylveon\n|-ability|p1a: Stacko|Beast Boost|boost\n|-boost|p1a: Stacko|atk|1\n|move|p1b: Phallic|Sunny Day|p1b: Phallic\n|-weather|SunnyDay\n|move|p2a: Dachsbun|Body Press|p1b: Phallic\n|-supereffective|p1b: Phallic\n|-damage|p1b: Phallic|63\/100\n|\n|-weather|SunnyDay|[upkeep]\n|-heal|p1b: Phallic|69\/100|[from] item: Leftovers\n|upkeep\n|\n|t:|1699825913\n|switch|p2b: Gardevoir|Gardevoir, M, shiny|100\/100\n|-ability|p2b: Gardevoir|Beast Boost|[from] ability: Trace|[of] p1a: Stacko\n|turn|3\n|\n|t:|1699825930\n|detailschange|p2b: Gardevoir|Gardevoir-Mega, M, shiny\n|-mega|p2b: Gardevoir|Gardevoir|Gardevoirite\n|move|p2b: Gardevoir|Protect|p2b: Gardevoir\n|-singleturn|p2b: Gardevoir|Protect\n|move|p1a: Stacko|Gyro Ball|p2b: Gardevoir\n|-activate|p2b: Gardevoir|move: Protect\n|move|p1b: Phallic|Leech Seed|p2a: Dachsbun|[miss]\n|-miss|p1b: Phallic|p2a: Dachsbun\n|move|p2a: Dachsbun|Body Press|p1b: Phallic\n|-supereffective|p1b: Phallic\n|-damage|p1b: Phallic|27\/100\n|\n|-weather|SunnyDay|[upkeep]\n|-heal|p1b: Phallic|33\/100|[from] item: Leftovers\n|upkeep\n|turn|4\n|\n|t:|1699825961\n|move|p2a: Dachsbun|Protect|p2a: Dachsbun\n|-singleturn|p2a: Dachsbun|Protect\n|move|p1a: Stacko|Gyro Ball|p2b: Gardevoir\n|-supereffective|p2b: Gardevoir\n|-damage|p2b: Gardevoir|0 fnt\n|faint|p2b: Gardevoir\n|-ability|p1a: Stacko|Beast Boost|boost\n|-boost|p1a: Stacko|atk|1\n|move|p1b: Phallic|Recover|p1b: Phallic\n|-heal|p1b: Phallic|83\/100\n|\n|-weather|SunnyDay|[upkeep]\n|-heal|p1b: Phallic|90\/100|[from] item: Leftovers\n|upkeep\n|\n|t:|1699825979\n|switch|p2b: Azumarill|Azumarill, M, shiny|100\/100\n|turn|5\n|\n|t:|1699825997\n|move|p1a: Stacko|Gyro Ball|p2a: Dachsbun\n|-supereffective|p2a: Dachsbun\n|-damage|p2a: Dachsbun|0 fnt\n|-damage|p1a: Stacko|69\/100|[from] item: Rocky Helmet|[of] p2a: Dachsbun\n|faint|p2a: Dachsbun\n|-ability|p1a: Stacko|Beast Boost|boost\n|-boost|p1a: Stacko|atk|1\n|move|p1b: Phallic|Giga Drain|p2b: Azumarill\n|-supereffective|p2b: Azumarill\n|-damage|p2b: Azumarill|52\/100\n|-heal|p1b: Phallic|100\/100|[from] drain|[of] p2b: Azumarill\n|move|p2b: Azumarill|Knock Off|p1a: Stacko\n|-damage|p1a: Stacko|41\/100\n|-enditem|p1a: Stacko|Focus Sash|[from] move: Knock Off|[of] p2b: Azumarill\n|\n|-weather|SunnyDay|[upkeep]\n|-fieldend|move: Trick Room\n|upkeep\n|\n|t:|1699826011\n|switch|p2a: Iron Valiant|Iron Valiant|100\/100\n|turn|6\n|\n|t:|1699826030\n|move|p2b: Azumarill|Protect|p2b: Azumarill\n|-singleturn|p2b: Azumarill|Protect\n|move|p2a: Iron Valiant|Close Combat|p1a: Stacko\n|-resisted|p1a: Stacko\n|-damage|p1a: Stacko|22\/100\n|-unboost|p2a: Iron Valiant|def|1\n|-unboost|p2a: Iron Valiant|spd|1\n|move|p1b: Phallic|Leech Seed|p2a: Iron Valiant\n|-start|p2a: Iron Valiant|move: Leech Seed\n|move|p1a: Stacko|Earthquake|p2a: Iron Valiant|[spread] p1b,p2a\n|-activate|p2b: Azumarill|move: Protect\n|-damage|p1b: Phallic|52\/100\n|-damage|p2a: Iron Valiant|0 fnt\n|faint|p2a: Iron Valiant\n|-end|p2a: Iron Valiant|Quark Drive|[silent]\n|-ability|p1a: Stacko|Beast Boost|boost\n|-boost|p1a: Stacko|atk|1\n|\n|-weather|none\n|-heal|p1b: Phallic|58\/100|[from] item: Leftovers\n|upkeep\n|\n|t:|1699826047\n|switch|p2a: Tinkaton|Tinkaton, F, shiny|100\/100\n|-ability|p2a: Tinkaton|Mold Breaker\n|turn|7\n|\n|t:|1699826072\n|move|p2a: Tinkaton|Gigaton Hammer|p1b: Phallic\n|-supereffective|p1b: Phallic\n|-damage|p1b: Phallic|0 fnt\n|faint|p1b: Phallic\n|move|p2b: Azumarill|Knock Off|p1a: Stacko\n|-damage|p1a: Stacko|5\/100\n|move|p1a: Stacko|Earthquake|p2a: Tinkaton|[spread] p2a,p2b\n|-supereffective|p2a: Tinkaton\n|-damage|p2a: Tinkaton|0 fnt\n|-damage|p2b: Azumarill|0 fnt\n|faint|p2a: Tinkaton\n|faint|p2b: Azumarill\n|\n|win|Jam35_Name\n","uploadtime":1699826090,"views":8,"p1id":"jam35name","p2id":"ubitroll","formatid":"gen9nationaldexdoubles","rating":0,"private":0,"password":""}