{"id":"gen9nationaldexdoubles-1950654476","p1":"SakiiTenma","p2":"XMarcosPr710","format":"[Gen 9] National Dex Doubles","log":"|j|\u2606SakiiTenma\n|j|\u2606XMarcosPr710\n|t:|1695493625\n|gametype|doubles\n|player|p1|SakiiTenma|yellow|\n|player|p2|XMarcosPr710|benga|\n|teamsize|p1|6\n|teamsize|p2|6\n|gen|9\n|tier|[Gen 9] National Dex Doubles\n|rule|HP Percentage Mod: HP is shown in percentages\n|rule|Endless Battle Clause: Forcing endless battles is banned\n|rule|OHKO Clause: OHKO moves are banned\n|rule|Evasion Moves Clause: Evasion moves are banned\n|rule|Evasion Abilities Clause: Evasion abilities are banned\n|rule|Species Clause: Limit one of each Pok\u00e9mon\n|rule|Gravity Sleep Clause: The combination of sleep-inducing moves with imperfect accuracy and Gravity or Gigantamax Orbeetle are banned\n|clearpoke\n|poke|p1|Indeedee-F, F|\n|poke|p1|Kangaskhan, F|\n|poke|p1|Zoroark-Hisui, M|\n|poke|p1|Porygon2|\n|poke|p1|Staraptor, M|\n|poke|p1|Ursaluna-Bloodmoon, M|\n|poke|p2|Chien-Pao|\n|poke|p2|Meowscarada, M|\n|poke|p2|Grimmsnarl, M|\n|poke|p2|Moltres-Galar|\n|poke|p2|Darkrai|\n|poke|p2|Hydreigon, M|\n|teampreview\n|c|\u2606XMarcosPr710|Pasa link que yo no puedo X D\n|j| Leviatan4\n|\n|t:|1695493668\n|start\n|switch|p1a: Indeedee|Indeedee-F, F|100\/100\n|switch|p1b: Staraptor|Staraptor, M|100\/100\n|switch|p2a: Chien-Pao|Chien-Pao|100\/100\n|switch|p2b: Darkrai|Darkrai|100\/100\n|-ability|p2a: Chien-Pao|Sword of Ruin\n|-ability|p1b: Staraptor|Intimidate|boost\n|-unboost|p2a: Chien-Pao|atk|1\n|-unboost|p2b: Darkrai|atk|1\n|-fieldstart|move: Psychic Terrain|[from] ability: Psychic Surge|[of] p1a: Indeedee\n|-enditem|p1a: Indeedee|Psychic Seed\n|-boost|p1a: Indeedee|spd|1|[from] item: Psychic Seed\n|turn|1\n|c|\u2606SakiiTenma|Yo tampoco puedo xddd\n|c|\u2606XMarcosPr710|Terrible\n|c|\u2606XMarcosPr710|Levy p\u00e1salo tu\n|c|\u2606XMarcosPr710|(Si puedes)\n|\n|t:|1695493720\n|move|p1a: Indeedee|Ally Switch|p1a: Indeedee\n|swap|p1a: Indeedee|1|[from] move: Ally Switch\n|move|p2a: Chien-Pao|Icicle Crash|p1b: Indeedee\n|-damage|p1b: Indeedee|43\/100\n|move|p2b: Darkrai|Hypnosis|p1a: Staraptor|[miss]\n|-miss|p2b: Darkrai|p1a: Staraptor\n|move|p1a: Staraptor|U-turn|p2b: Darkrai\n|-supereffective|p2b: Darkrai\n|-damage|p2b: Darkrai|0 fnt\n|faint|p2b: Darkrai\n|l| Leviatan4\n|j| Leviatan4\n|\n|t:|1695493740\n|switch|p1a: Kangaskhan|Kangaskhan, F|100\/100|[from] U-turn\n|\n|upkeep\n|\n|t:|1695493748\n|switch|p2b: Hydreigon|Hydreigon, M|100\/100\n|turn|2\n|\n|t:|1695493756\n|-terastallize|p2b: Hydreigon|Fire\n|move|p1b: Indeedee|Follow Me|p1b: Indeedee\n|-singleturn|p1b: Indeedee|move: Follow Me\n|move|p2a: Chien-Pao|Icicle Crash|p1b: Indeedee\n|-damage|p1b: Indeedee|0 fnt\n|faint|p1b: Indeedee\n|move|p1a: Kangaskhan|Flamethrower|p2a: Chien-Pao\n|-supereffective|p2a: Chien-Pao\n|-enditem|p2a: Chien-Pao|Focus Sash\n|-damage|p2a: Chien-Pao|1\/100\n|move|p2b: Hydreigon|Heat Wave|p1a: Kangaskhan|[miss]\n|-miss|p2b: Hydreigon|p1a: Kangaskhan\n|\n|upkeep\n|l| Leviatan4\n|\n|t:|1695493775\n|switch|p1b: Porygon2|Porygon2|100\/100\n|-ability|p1b: Porygon2|Download|boost\n|-boost|p1b: Porygon2|spa|1\n|turn|3\n|j| Aluh_opa\n|\n|t:|1695493788\n|move|p2a: Chien-Pao|Protect|p2a: Chien-Pao\n|-singleturn|p2a: Chien-Pao|Protect\n|move|p1a: Kangaskhan|Flamethrower|p2a: Chien-Pao\n|-activate|p2a: Chien-Pao|move: Protect\n|move|p2b: Hydreigon|Heat Wave|p1b: Porygon2|[spread] p1a,p1b\n|-damage|p1a: Kangaskhan|0 fnt\n|-damage|p1b: Porygon2|78\/100\n|replace|p1a: Zoroark|Zoroark-Hisui, M\n|-end|p1a: Zoroark|Illusion\n|faint|p1a: Zoroark\n|-damage|p2b: Hydreigon|91\/100|[from] item: Life Orb\n|move|p1b: Porygon2|Tri Attack|p2b: Hydreigon\n|-damage|p2b: Hydreigon|42\/100\n|\n|upkeep\n|\n|t:|1695493809\n|switch|p1a: Ursaluna|Ursaluna-Bloodmoon, M|100\/100\n|turn|4\n|j| fifier\n|\n|t:|1695493824\n|move|p1a: Ursaluna|Protect|p1a: Ursaluna\n|-singleturn|p1a: Ursaluna|Protect\n|move|p2a: Chien-Pao|Icicle Crash|p1b: Porygon2\n|-crit|p1b: Porygon2\n|-damage|p1b: Porygon2|20\/100\n|move|p2b: Hydreigon|Draco Meteor|p1a: Ursaluna\n|-activate|p1a: Ursaluna|move: Protect\n|move|p1b: Porygon2|Tri Attack|p2b: Hydreigon\n|-damage|p2b: Hydreigon|0 fnt\n|faint|p2b: Hydreigon\n|\n|upkeep\n|\n|t:|1695493836\n|switch|p2b: Meowscarada|Meowscarada, M|100\/100\n|turn|5\n|\n|t:|1695493846\n|switch|p1a: Staraptor|Staraptor, M|100\/100\n|-ability|p1a: Staraptor|Intimidate|boost\n|-unboost|p2a: Chien-Pao|atk|1\n|-unboost|p2b: Meowscarada|atk|1\n|move|p1b: Porygon2|Ally Switch|p1b: Porygon2\n|swap|p1b: Porygon2|0|[from] move: Ally Switch\n|move|p2b: Meowscarada|Flower Trick|p1a: Porygon2\n|-start|p2b: Meowscarada|typechange|Grass|[from] ability: Protean\n|-crit|p1a: Porygon2\n|-damage|p1a: Porygon2|0 fnt\n|faint|p1a: Porygon2\n|move|p2a: Chien-Pao|Icicle Crash|p1b: Staraptor\n|-supereffective|p1b: Staraptor\n|-damage|p1b: Staraptor|23\/100\n|\n|-fieldend|move: Psychic Terrain\n|upkeep\n|\n|t:|1695493856\n|switch|p1a: Kangaskhan|Kangaskhan, F|100\/100\n|turn|6\n|j| El_Gran_Wigglytuff\n|\n|t:|1695493871\n|switch|p2b: Grimmsnarl|Grimmsnarl, M|100\/100\n|move|p2a: Chien-Pao|Protect|p2a: Chien-Pao\n|-singleturn|p2a: Chien-Pao|Protect\n|move|p1a: Kangaskhan|Protect|p1a: Kangaskhan\n|-singleturn|p1a: Kangaskhan|Protect\n|move|p1b: Staraptor|U-turn|p2b: Grimmsnarl\n|-damage|p2b: Grimmsnarl|52\/100\n|\n|t:|1695493877\n|switch|p1b: Ursaluna|Ursaluna-Bloodmoon, M|100\/100|[from] U-turn\n|\n|upkeep\n|turn|7\n|\n|t:|1695493888\n|detailschange|p1a: Kangaskhan|Kangaskhan-Mega, F\n|-mega|p1a: Kangaskhan|Kangaskhan|Kangaskhanite\n|move|p1a: Kangaskhan|Sucker Punch|p2a: Chien-Pao\n|-resisted|p2a: Chien-Pao\n|-damage|p2a: Chien-Pao|0 fnt\n|faint|p2a: Chien-Pao\n|-hitcount|p2: Chien-Pao|1\n|move|p2b: Grimmsnarl|Light Screen|p2b: Grimmsnarl\n|-sidestart|p2: XMarcosPr710|move: Light Screen\n|move|p1b: Ursaluna|Calm Mind|p1b: Ursaluna\n|-boost|p1b: Ursaluna|spa|1\n|-boost|p1b: Ursaluna|spd|1\n|\n|upkeep\n|\n|t:|1695493893\n|switch|p2a: Meowscarada|Meowscarada, M|100\/100\n|turn|8\n|l| Aluh_opa\n|c| El_Gran_Wigglytuff|Yo tambi\u00e9n estoy combatiendo ahora\n|\n|t:|1695493908\n|move|p1b: Ursaluna|Protect|p1b: Ursaluna\n|-singleturn|p1b: Ursaluna|Protect\n|move|p2b: Grimmsnarl|Reflect|p2b: Grimmsnarl\n|-sidestart|p2: XMarcosPr710|Reflect\n|move|p2a: Meowscarada|Flower Trick|p1b: Ursaluna\n|-start|p2a: Meowscarada|typechange|Grass|[from] ability: Protean\n|-activate|p1b: Ursaluna|move: Protect\n|move|p1a: Kangaskhan|Frustration|p2a: Meowscarada\n|-damage|p2a: Meowscarada|50\/100\n|-damage|p2a: Meowscarada|38\/100\n|-hitcount|p2a: Meowscarada|2\n|\n|upkeep\n|turn|9\n|j| Aluh_opa\n|\n|t:|1695493929\n|switch|p2a: Moltres|Moltres-Galar|100\/100\n|switch|p1b: Staraptor|Staraptor, M|23\/100\n|-ability|p1b: Staraptor|Intimidate|boost\n|-unboost|p2a: Moltres|atk|1\n|-unboost|p2b: Grimmsnarl|atk|1\n|move|p2b: Grimmsnarl|Parting Shot|p1a: Kangaskhan\n|-unboost|p1a: Kangaskhan|atk|1\n|-unboost|p1a: Kangaskhan|spa|1\n|\n|t:|1695493937\n|switch|p2b: Meowscarada|Meowscarada, M|38\/100|[from] Parting Shot\n|move|p1a: Kangaskhan|Frustration|p2a: Moltres\n|-damage|p2a: Moltres|83\/100\n|-damage|p2a: Moltres|79\/100\n|-hitcount|p2a: Moltres|2\n|\n|upkeep\n|turn|10\n|\n|t:|1695493958\n|move|p1a: Kangaskhan|Protect|p1a: Kangaskhan\n|-singleturn|p1a: Kangaskhan|Protect\n|move|p2b: Meowscarada|Flower Trick|p1a: Kangaskhan\n|-start|p2b: Meowscarada|typechange|Grass|[from] ability: Protean\n|-activate|p1a: Kangaskhan|move: Protect\n|move|p1b: Staraptor|Brave Bird|p2b: Meowscarada\n|-supereffective|p2b: Meowscarada\n|-damage|p2b: Meowscarada|0 fnt\n|faint|p2b: Meowscarada\n|-damage|p1b: Staraptor|11\/100|[from] Recoil\n|move|p2a: Moltres|Fiery Wrath|p1a: Kangaskhan|[spread] p1b\n|-activate|p1a: Kangaskhan|move: Protect\n|-damage|p1b: Staraptor|0 fnt\n|faint|p1b: Staraptor\n|\n|upkeep\n|c|\u2606XMarcosPr710|Tengo mucho miedo\n|\n|t:|1695493974\n|switch|p2b: Grimmsnarl|Grimmsnarl, M|52\/100\n|switch|p1b: Ursaluna|Ursaluna-Bloodmoon, M|100\/100\n|turn|11\n|c|\u2606XMarcosPr710|XD\n|\n|t:|1695493988\n|move|p2b: Grimmsnarl|Parting Shot|p1b: Ursaluna\n|-unboost|p1b: Ursaluna|atk|1\n|-unboost|p1b: Ursaluna|spa|1\n|move|p1a: Kangaskhan|Frustration|p2a: Moltres\n|-crit|p2a: Moltres\n|-damage|p2a: Moltres|19\/100\n|-enditem|p2a: Moltres|Sitrus Berry|[eat]\n|-heal|p2a: Moltres|44\/100|[from] item: Sitrus Berry\n|-damage|p2a: Moltres|40\/100\n|-hitcount|p2a: Moltres|2\n|-ability|p2a: Moltres|Berserk|boost\n|-boost|p2a: Moltres|spa|1\n|move|p2a: Moltres|Fiery Wrath|p1b: Ursaluna|[spread] p1a,p1b\n|-damage|p1a: Kangaskhan|61\/100\n|-damage|p1b: Ursaluna|60\/100\n|-zpower|p1b: Ursaluna\n|move|p1b: Ursaluna|Breakneck Blitz|p2b: Grimmsnarl|[zeffect]\n|-damage|p2b: Grimmsnarl|11\/100\n|\n|upkeep\n|turn|12\n|\n|t:|1695494015\n|move|p1b: Ursaluna|Protect|p1b: Ursaluna\n|-singleturn|p1b: Ursaluna|Protect\n|move|p2b: Grimmsnarl|Parting Shot|p1a: Kangaskhan\n|-unboost|p1a: Kangaskhan|atk|1\n|-unboost|p1a: Kangaskhan|spa|1\n|move|p1a: Kangaskhan|Frustration|p2b: Grimmsnarl\n|-damage|p2b: Grimmsnarl|0 fnt\n|faint|p2b: Grimmsnarl\n|-hitcount|p2: Grimmsnarl|1\n|move|p2a: Moltres|Fiery Wrath|p1b: Ursaluna|[spread] p1a\n|-activate|p1b: Ursaluna|move: Protect\n|-damage|p1a: Kangaskhan|25\/100\n|\n|upkeep\n|turn|13\n|\n|t:|1695494033\n|move|p1a: Kangaskhan|Frustration|p2a: Moltres\n|-damage|p2a: Moltres|25\/100\n|-damage|p2a: Moltres|22\/100\n|-hitcount|p2a: Moltres|2\n|move|p2a: Moltres|Fiery Wrath|p1b: Ursaluna|[spread] p1a,p1b\n|-damage|p1a: Kangaskhan|0 fnt\n|-damage|p1b: Ursaluna|20\/100\n|faint|p1a: Kangaskhan\n|move|p1b: Ursaluna|Blood Moon|p2a: Moltres\n|-damage|p2a: Moltres|0 fnt\n|faint|p2a: Moltres\n|\n|win|SakiiTenma\n|c|\u2606XMarcosPr710|Gg\n|c| fifier|Que grande\n|c|\u2606SakiiTenma|Gg\n|l| Aluh_opa\n|l| fifier\n","uploadtime":1695494050,"views":12,"p1id":"sakiitenma","p2id":"xmarcospr710","formatid":"gen9nationaldexdoubles","rating":0,"private":0,"password":""}