{"id":"gen9nationaldexdoubles-1949835265","p1":"ButterDeButtery","p2":"LoveinaMist_s","format":"[Gen 9] National Dex Doubles","log":"|j|\u2606ButterDeButtery\n|j|\u2606LoveinaMist_s\n|t:|1695402713\n|gametype|doubles\n|player|p1|ButterDeButtery|waitress|1246\n|player|p2|LoveinaMist_s|2|1111\n|teamsize|p1|6\n|teamsize|p2|6\n|gen|9\n|tier|[Gen 9] National Dex Doubles\n|rated|\n|rule|HP Percentage Mod: HP is shown in percentages\n|rule|Endless Battle Clause: Forcing endless battles is banned\n|rule|OHKO Clause: OHKO moves are banned\n|rule|Evasion Moves Clause: Evasion moves are banned\n|rule|Evasion Abilities Clause: Evasion abilities are banned\n|rule|Species Clause: Limit one of each Pok\u00e9mon\n|rule|Gravity Sleep Clause: The combination of sleep-inducing moves with imperfect accuracy and Gravity or Gigantamax Orbeetle are banned\n|clearpoke\n|poke|p1|Cyclizar, F|\n|poke|p1|Sneasler, F|\n|poke|p1|Dragonite, M|\n|poke|p1|Chesnaught, F|\n|poke|p1|Goodra-Hisui, M|\n|poke|p1|Murkrow, F|\n|poke|p2|Dipplin, F|\n|poke|p2|Sinistcha-Masterpiece|\n|poke|p2|Ogerpon-Hearthflame, F|\n|poke|p2|Rillaboom, M|\n|poke|p2|Ninetales, F|\n|poke|p2|Fezandipiti, M|\n|teampreview\n|\n|t:|1695402730\n|start\n|switch|p1a: Cyclizar|Cyclizar, F|100\/100\n|switch|p1b: Dragonite|Dragonite, M|100\/100\n|switch|p2a: Rillaboom|Rillaboom, M|100\/100\n|switch|p2b: Ninetales|Ninetales, F|100\/100\n|-weather|SunnyDay|[from] ability: Drought|[of] p2b: Ninetales\n|-fieldstart|move: Grassy Terrain|[from] ability: Grassy Surge|[of] p2a: Rillaboom\n|turn|1\n|\n|t:|1695402759\n|switch|p2b: Dipplin|Dipplin, F|100\/100\n|-ability|p2b: Dipplin|Supersweet Syrup\n|-ability|p2b: Dipplin|Supersweet Syrup|boost\n|-unboost|p1a: Cyclizar|evasion|1\n|-unboost|p1b: Dragonite|evasion|1\n|move|p1a: Cyclizar|Shed Tail|p1a: Cyclizar\n|-start|p1a: Cyclizar|Substitute|[from] move: Shed Tail\n|-damage|p1a: Cyclizar|50\/100\n|-enditem|p1a: Cyclizar|Sitrus Berry|[eat]\n|-heal|p1a: Cyclizar|75\/100|[from] item: Sitrus Berry\n|\n|t:|1695402780\n|switch|p1a: Goodra|Goodra-Hisui, M|100\/100|[from] Shed Tail\n|move|p2a: Rillaboom|Wood Hammer|p1a: Goodra\n|-resisted|p1a: Goodra\n|-end|p1a: Goodra|Substitute\n|-damage|p2a: Rillaboom|92\/100|[from] Recoil|[of] p1a: Goodra\n|move|p1b: Dragonite|Rock Slide|p2a: Rillaboom|[spread] p2a,p2b\n|-damage|p2a: Rillaboom|68\/100\n|-damage|p2b: Dipplin|89\/100\n|\n|-weather|SunnyDay|[upkeep]\n|-heal|p2a: Rillaboom|74\/100|[from] Grassy Terrain\n|-heal|p2b: Dipplin|95\/100|[from] Grassy Terrain\n|upkeep\n|turn|2\n|\n|t:|1695402802\n|move|p2a: Rillaboom|Wood Hammer|p1a: Goodra\n|-resisted|p1a: Goodra\n|-damage|p1a: Goodra|68\/100\n|-damage|p2a: Rillaboom|63\/100|[from] Recoil\n|move|p1a: Goodra|Fire Blast|p2a: Rillaboom\n|-supereffective|p2a: Rillaboom\n|-damage|p2a: Rillaboom|0 fnt\n|faint|p2a: Rillaboom\n|move|p1b: Dragonite|Dragon Tail|p2b: Dipplin|[miss]\n|-miss|p1b: Dragonite|p2b: Dipplin\n|move|p2b: Dipplin|Dragon Tail|p1b: Dragonite\n|-supereffective|p1b: Dragonite\n|-damage|p1b: Dragonite|84\/100\n|drag|p1b: Murkrow|Murkrow, F|100\/100\n|\n|-weather|SunnyDay|[upkeep]\n|-heal|p1a: Goodra|74\/100|[from] Grassy Terrain\n|-heal|p2b: Dipplin|100\/100|[from] Grassy Terrain\n|upkeep\n|\n|t:|1695402821\n|switch|p2a: Ogerpon|Ogerpon-Hearthflame, F|100\/100\n|-ability|p2a: Ogerpon|Mold Breaker\n|turn|3\n|\n|t:|1695402887\n|-terastallize|p2a: Ogerpon|Fire\n|detailschange|p2a: Ogerpon|Ogerpon-Hearthflame-Tera, F, tera:Fire\n|-ability|p2a: Ogerpon|Embody Aspect (Hearthflame)|boost\n|-boost|p2a: Ogerpon|atk|1\n|move|p2a: Ogerpon|Ivy Cudgel|p1a: Goodra\n|-damage|p1a: Goodra|0 fnt\n|faint|p1a: Goodra\n|move|p1b: Murkrow|Whirlwind|p2a: Ogerpon\n|drag|p2a: Sinistcha|Sinistcha-Masterpiece|100\/100\n|move|p2b: Dipplin|Dragon Tail|p1b: Murkrow\n|-damage|p1b: Murkrow|77\/100\n|drag|p1b: Chesnaught|Chesnaught, F|100\/100\n|\n|-weather|SunnyDay|[upkeep]\n|upkeep\n|inactive|Battle timer is ON: inactive players will automatically lose when time's up. (requested by ButterDeButtery)\n|\n|t:|1695402900\n|switch|p1a: Cyclizar|Cyclizar, F|100\/100\n|turn|4\n|\n|t:|1695402916\n|move|p1b: Chesnaught|Spiky Shield|p1b: Chesnaught\n|-singleturn|p1b: Chesnaught|move: Protect\n|move|p1a: Cyclizar|Shed Tail|p1a: Cyclizar\n|-start|p1a: Cyclizar|Substitute|[from] move: Shed Tail\n|-damage|p1a: Cyclizar|50\/100\n|\n|t:|1695402924\n|switch|p1a: Dragonite|Dragonite, M|84\/100|[from] Shed Tail\n|move|p2a: Sinistcha|Strength Sap|p1b: Chesnaught\n|-activate|p1b: Chesnaught|move: Protect\n|move|p2b: Dipplin|Dragon Tail|p1a: Dragonite\n|-supereffective|p1a: Dragonite\n|-end|p1a: Dragonite|Substitute\n|\n|-weather|SunnyDay|[upkeep]\n|-heal|p1a: Dragonite|90\/100|[from] item: Leftovers\n|upkeep\n|turn|5\n|\n|t:|1695402939\n|switch|p2b: Ogerpon|Ogerpon-Hearthflame-Tera, F, tera:Fire|100\/100\n|-ability|p2b: Ogerpon|Embody Aspect (Hearthflame)|boost\n|-boost|p2b: Ogerpon|atk|1\n|move|p2a: Sinistcha|Rage Powder|p2a: Sinistcha\n|-singleturn|p2a: Sinistcha|move: Rage Powder\n|move|p1b: Chesnaught|Rock Slide|p2a: Sinistcha|[spread] p2a,p2b\n|-crit|p2a: Sinistcha\n|-supereffective|p2b: Ogerpon\n|-damage|p2a: Sinistcha|83\/100\n|-damage|p2b: Ogerpon|63\/100\n|move|p1a: Dragonite|Dragon Tail|p2a: Sinistcha\n|-damage|p2a: Sinistcha|51\/100\n|drag|p2a: Ninetales|Ninetales, F|100\/100\n|\n|-weather|none\n|-heal|p2b: Ogerpon|69\/100|[from] Grassy Terrain\n|-heal|p1a: Dragonite|97\/100|[from] item: Leftovers\n|-fieldend|move: Grassy Terrain\n|upkeep\n|turn|6\n|\n|t:|1695402965\n|move|p1b: Chesnaught|Spiky Shield|p1b: Chesnaught\n|-singleturn|p1b: Chesnaught|move: Protect\n|move|p2a: Ninetales|Healing Wish|p2a: Ninetales\n|faint|p2a: Ninetales\n|move|p2b: Ogerpon|Ivy Cudgel|p1b: Chesnaught\n|-activate|p1b: Chesnaught|move: Protect\n|move|p1a: Dragonite|Dragon Tail|p2b: Ogerpon\n|-damage|p2b: Ogerpon|21\/100\n|drag|p2b: Sinistcha|Sinistcha-Masterpiece|51\/100\n|\n|-heal|p1a: Dragonite|100\/100|[from] item: Leftovers\n|-heal|p2b: Sinistcha|57\/100|[from] item: Leftovers\n|upkeep\n|inactive|LoveinaMist_s has 120 seconds left.\n|\n|t:|1695402976\n|switch|p2a: Ogerpon|Ogerpon-Hearthflame-Tera, F, tera:Fire|21\/100\n|-heal|p2a: Ogerpon|100\/100|[from] move: Healing Wish\n|-ability|p2a: Ogerpon|Embody Aspect (Hearthflame)|boost\n|-boost|p2a: Ogerpon|atk|1\n|turn|7\n|\n|t:|1695402994\n|switch|p1b: Murkrow|Murkrow, F|77\/100\n|move|p2b: Sinistcha|Rage Powder|p2b: Sinistcha\n|-singleturn|p2b: Sinistcha|move: Rage Powder\n|move|p2a: Ogerpon|Ivy Cudgel|p1a: Dragonite\n|-resisted|p1a: Dragonite\n|-crit|p1a: Dragonite\n|-damage|p1a: Dragonite|53\/100\n|move|p1a: Dragonite|Dragon Tail|p2b: Sinistcha\n|-damage|p2b: Sinistcha|22\/100\n|drag|p2b: Fezandipiti|Fezandipiti, M|100\/100\n|\n|-heal|p1a: Dragonite|59\/100|[from] item: Leftovers\n|upkeep\n|turn|8\n|\n|t:|1695403017\n|move|p1a: Dragonite|Extreme Speed|p2a: Ogerpon\n|-damage|p2a: Ogerpon|58\/100\n|move|p2b: Fezandipiti|Acrobatics|p1b: Murkrow\n|-damage|p1b: Murkrow|42\/100\n|move|p2a: Ogerpon|Ivy Cudgel|p1a: Dragonite\n|-resisted|p1a: Dragonite\n|-damage|p1a: Dragonite|2\/100\n|move|p1b: Murkrow|Whirlwind|p2a: Ogerpon\n|drag|p2a: Sinistcha|Sinistcha-Masterpiece|22\/100\n|\n|-heal|p1a: Dragonite|8\/100|[from] item: Leftovers\n|-heal|p2a: Sinistcha|29\/100|[from] item: Leftovers\n|upkeep\n|turn|9\n|inactive|ButterDeButtery has 120 seconds left.\n|\n|t:|1695403051\n|move|p1a: Dragonite|Extreme Speed|p2b: Fezandipiti\n|-damage|p2b: Fezandipiti|63\/100\n|move|p2a: Sinistcha|Rage Powder|p2a: Sinistcha\n|-singleturn|p2a: Sinistcha|move: Rage Powder\n|move|p1b: Murkrow|Taunt|p2a: Sinistcha\n|-start|p2a: Sinistcha|move: Taunt\n|move|p2b: Fezandipiti|Acrobatics|p1a: Dragonite\n|-damage|p1a: Dragonite|0 fnt\n|faint|p1a: Dragonite\n|\n|-heal|p2a: Sinistcha|35\/100|[from] item: Leftovers\n|upkeep\n|\n|t:|1695403055\n|switch|p1a: Sneasler|Sneasler, F|100\/100\n|turn|10\n|\n|t:|1695403074\n|switch|p2a: Dipplin|Dipplin, F|100\/100\n|move|p1a: Sneasler|Fake Out|p2b: Fezandipiti\n|-damage|p2b: Fezandipiti|43\/100\n|cant|p2b: Fezandipiti|flinch\n|move|p1b: Murkrow|Whirlwind|p2a: Dipplin\n|drag|p2a: Sinistcha|Sinistcha-Masterpiece|35\/100\n|-heal|p2b: Fezandipiti|68\/100|[from] ability: Hospitality|[of] p2a: Sinistcha\n|\n|-heal|p2a: Sinistcha|41\/100|[from] item: Leftovers\n|upkeep\n|turn|11\n|\n|t:|1695403095\n|move|p2b: Fezandipiti|Acrobatics|p1a: Sneasler\n|-supereffective|p1a: Sneasler\n|-damage|p1a: Sneasler|11\/100\n|move|p1a: Sneasler|Dire Claw|p2a: Sinistcha\n|-damage|p2a: Sinistcha|0 fnt\n|faint|p2a: Sinistcha\n|move|p1b: Murkrow|Whirlwind|p2b: Fezandipiti\n|drag|p2b: Ogerpon|Ogerpon-Hearthflame-Tera, F, tera:Fire|58\/100\n|-ability|p2b: Ogerpon|Embody Aspect (Hearthflame)|boost\n|-boost|p2b: Ogerpon|atk|1\n|-enditem|p1a: Sneasler|Mirror Herb\n|-boost|p1a: Sneasler|atk|1|[from] item: Mirror Herb\n|\n|upkeep\n|\n|t:|1695403107\n|switch|p2a: Fezandipiti|Fezandipiti, M|68\/100\n|turn|12\n|\n|t:|1695403128\n|move|p1b: Murkrow|Haze|p1b: Murkrow\n|-clearallboost\n|move|p1a: Sneasler|Close Combat|p2b: Ogerpon\n|-damage|p2b: Ogerpon|0 fnt\n|-unboost|p1a: Sneasler|def|1\n|-unboost|p1a: Sneasler|spd|1\n|faint|p2b: Ogerpon\n|move|p2a: Fezandipiti|Acrobatics|p1a: Sneasler\n|-supereffective|p1a: Sneasler\n|-damage|p1a: Sneasler|0 fnt\n|faint|p1a: Sneasler\n|\n|upkeep\n|\n|t:|1695403140\n|switch|p1a: Cyclizar|Cyclizar, F|84\/100\n|switch|p2b: Dipplin|Dipplin, F|100\/100\n|turn|13\n|\n|t:|1695403158\n|move|p1b: Murkrow|Taunt|p2b: Dipplin\n|-start|p2b: Dipplin|move: Taunt\n|move|p2a: Fezandipiti|Acrobatics|p1a: Cyclizar\n|-crit|p1a: Cyclizar\n|-damage|p1a: Cyclizar|28\/100\n|move|p1a: Cyclizar|Shed Tail|p1a: Cyclizar\n|-fail|p1a: Cyclizar|move: Shed Tail|[weak]\n|move|p2b: Dipplin|Pollen Puff|p2a: Fezandipiti\n|-heal|p2a: Fezandipiti|100\/100\n|\n|upkeep\n|turn|14\n|inactive|LoveinaMist_s has 120 seconds left.\n|\n|t:|1695403190\n|move|p1b: Murkrow|Taunt|p2a: Fezandipiti\n|-start|p2a: Fezandipiti|move: Taunt\n|move|p2a: Fezandipiti|Acrobatics|p1a: Cyclizar\n|-damage|p1a: Cyclizar|0 fnt\n|faint|p1a: Cyclizar\n|move|p2b: Dipplin|Pollen Puff|p1b: Murkrow\n|-damage|p1b: Murkrow|25\/100\n|\n|upkeep\n|inactive|ButterDeButtery has 120 seconds left.\n|\n|t:|1695403215\n|switch|p1a: Chesnaught|Chesnaught, F|100\/100\n|turn|15\n|\n|t:|1695403229\n|move|p1a: Chesnaught|Spiky Shield|p1a: Chesnaught\n|-singleturn|p1a: Chesnaught|move: Protect\n|move|p1b: Murkrow|Defog|p2a: Fezandipiti\n|-unboost|p2a: Fezandipiti|evasion|1\n|move|p2a: Fezandipiti|Acrobatics|p1a: Chesnaught\n|-activate|p1a: Chesnaught|move: Protect\n|-damage|p2a: Fezandipiti|88\/100|[from] Spiky Shield|[of] p1a: Chesnaught\n|move|p2b: Dipplin|Pollen Puff|p2a: Fezandipiti\n|-heal|p2a: Fezandipiti|100\/100\n|\n|-end|p2b: Dipplin|move: Taunt\n|upkeep\n|turn|16\n|\n|t:|1695403255\n|-terastallize|p1a: Chesnaught|Rock\n|move|p1b: Murkrow|Defog|p2b: Dipplin\n|-unboost|p2b: Dipplin|evasion|1\n|move|p2a: Fezandipiti|Acrobatics|p1a: Chesnaught\n|-resisted|p1a: Chesnaught\n|-damage|p1a: Chesnaught|93\/100\n|move|p1a: Chesnaught|Rock Slide|p2b: Dipplin|[spread] p2a,p2b\n|-crit|p2b: Dipplin\n|-damage|p2a: Fezandipiti|76\/100\n|-damage|p2b: Dipplin|86\/100\n|move|p2b: Dipplin|Pollen Puff|p1b: Murkrow\n|-damage|p1b: Murkrow|7\/100\n|\n|-heal|p1a: Chesnaught|99\/100|[from] item: Leftovers\n|-end|p2a: Fezandipiti|move: Taunt\n|upkeep\n|turn|17\n|inactive|ButterDeButtery has 120 seconds left.\n|\n|t:|1695403291\n|move|p1b: Murkrow|Taunt|p2b: Dipplin\n|-start|p2b: Dipplin|move: Taunt\n|move|p2a: Fezandipiti|Acrobatics|p1b: Murkrow\n|-damage|p1b: Murkrow|0 fnt\n|faint|p1b: Murkrow\n|move|p1a: Chesnaught|Rock Slide|p2a: Fezandipiti|[spread] p2a,p2b\n|-damage|p2a: Fezandipiti|48\/100\n|-damage|p2b: Dipplin|76\/100\n|move|p2b: Dipplin|Pollen Puff|p2a: Fezandipiti\n|-heal|p2a: Fezandipiti|98\/100\n|\n|-heal|p1a: Chesnaught|100\/100|[from] item: Leftovers\n|upkeep\n|turn|18\n|\n|t:|1695403308\n|move|p1a: Chesnaught|Spiky Shield|p1a: Chesnaught\n|-singleturn|p1a: Chesnaught|move: Protect\n|move|p2a: Fezandipiti|Acrobatics|p1a: Chesnaught\n|-activate|p1a: Chesnaught|move: Protect\n|-damage|p2a: Fezandipiti|86\/100|[from] Spiky Shield|[of] p1a: Chesnaught\n|move|p2b: Dipplin|Dragon Tail|p1a: Chesnaught\n|-activate|p1a: Chesnaught|move: Protect\n|-damage|p2b: Dipplin|64\/100|[from] Spiky Shield|[of] p1a: Chesnaught\n|\n|upkeep\n|turn|19\n|inactive|ButterDeButtery has 120 seconds left.\n|\n|t:|1695403340\n|move|p2a: Fezandipiti|Acrobatics|p1a: Chesnaught\n|-resisted|p1a: Chesnaught\n|-damage|p1a: Chesnaught|94\/100\n|move|p1a: Chesnaught|Drain Punch|p2b: Dipplin\n|-damage|p2b: Dipplin|49\/100\n|-heal|p1a: Chesnaught|100\/100|[from] drain|[of] p2b: Dipplin\n|move|p2b: Dipplin|Dragon Tail|p1a: Chesnaught\n|-damage|p1a: Chesnaught|91\/100\n|\n|-heal|p1a: Chesnaught|97\/100|[from] item: Leftovers\n|-end|p2b: Dipplin|move: Taunt\n|upkeep\n|turn|20\n|\n|t:|1695403355\n|move|p2a: Fezandipiti|Acrobatics|p1a: Chesnaught\n|-resisted|p1a: Chesnaught\n|-damage|p1a: Chesnaught|90\/100\n|move|p1a: Chesnaught|Rock Slide|p2a: Fezandipiti|[spread] p2a,p2b\n|-damage|p2a: Fezandipiti|57\/100\n|-damage|p2b: Dipplin|39\/100\n|move|p2b: Dipplin|Recover|p2b: Dipplin\n|-heal|p2b: Dipplin|89\/100\n|\n|-heal|p1a: Chesnaught|96\/100|[from] item: Leftovers\n|upkeep\n|turn|21\n|\n|t:|1695403368\n|move|p2a: Fezandipiti|Acrobatics|p1a: Chesnaught\n|-resisted|p1a: Chesnaught\n|-damage|p1a: Chesnaught|89\/100\n|move|p1a: Chesnaught|Drain Punch|p2b: Dipplin\n|-damage|p2b: Dipplin|74\/100\n|-heal|p1a: Chesnaught|95\/100|[from] drain|[of] p2b: Dipplin\n|move|p2b: Dipplin|Pollen Puff|p2a: Fezandipiti\n|-heal|p2a: Fezandipiti|100\/100\n|\n|-heal|p1a: Chesnaught|100\/100|[from] item: Leftovers\n|upkeep\n|turn|22\n|\n|t:|1695403385\n|move|p1a: Chesnaught|Spiky Shield|p1a: Chesnaught\n|-singleturn|p1a: Chesnaught|move: Protect\n|move|p2b: Dipplin|Protect|p2b: Dipplin\n|-singleturn|p2b: Dipplin|Protect\n|move|p2a: Fezandipiti|Acrobatics|p1a: Chesnaught\n|-activate|p1a: Chesnaught|move: Protect\n|-damage|p2a: Fezandipiti|88\/100|[from] Spiky Shield|[of] p1a: Chesnaught\n|\n|upkeep\n|turn|23\n|\n|t:|1695403413\n|move|p2a: Fezandipiti|Acrobatics|p1a: Chesnaught\n|-resisted|p1a: Chesnaught\n|-damage|p1a: Chesnaught|93\/100\n|move|p1a: Chesnaught|Rock Slide|p2a: Fezandipiti|[spread] p2a,p2b\n|-damage|p2a: Fezandipiti|61\/100\n|-damage|p2b: Dipplin|65\/100\n|move|p2b: Dipplin|Dragon Tail|p1a: Chesnaught\n|-damage|p1a: Chesnaught|83\/100\n|\n|-heal|p1a: Chesnaught|89\/100|[from] item: Leftovers\n|upkeep\n|turn|24\n|\n|t:|1695403427\n|move|p2a: Fezandipiti|Acrobatics|p1a: Chesnaught\n|-resisted|p1a: Chesnaught\n|-damage|p1a: Chesnaught|82\/100\n|move|p1a: Chesnaught|Rock Slide|p2a: Fezandipiti|[spread] p2a,p2b\n|-damage|p2a: Fezandipiti|35\/100\n|-damage|p2b: Dipplin|54\/100\n|move|p2b: Dipplin|Pollen Puff|p2a: Fezandipiti\n|-heal|p2a: Fezandipiti|85\/100\n|\n|-heal|p1a: Chesnaught|88\/100|[from] item: Leftovers\n|upkeep\n|turn|25\n|\n|t:|1695403456\n|move|p1a: Chesnaught|Spiky Shield|p1a: Chesnaught\n|-singleturn|p1a: Chesnaught|move: Protect\n|move|p2a: Fezandipiti|Acrobatics|p1a: Chesnaught\n|-activate|p1a: Chesnaught|move: Protect\n|-damage|p2a: Fezandipiti|73\/100|[from] Spiky Shield|[of] p1a: Chesnaught\n|move|p2b: Dipplin|Recover|p2b: Dipplin\n|-heal|p2b: Dipplin|100\/100\n|\n|-heal|p1a: Chesnaught|94\/100|[from] item: Leftovers\n|upkeep\n|turn|26\n|\n|t:|1695403476\n|move|p2a: Fezandipiti|Acrobatics|p1a: Chesnaught\n|-resisted|p1a: Chesnaught\n|-damage|p1a: Chesnaught|88\/100\n|move|p1a: Chesnaught|Rock Slide|p2b: Dipplin|[spread] p2a,p2b\n|-damage|p2a: Fezandipiti|48\/100\n|-damage|p2b: Dipplin|90\/100\n|move|p2b: Dipplin|Dragon Tail|p1a: Chesnaught\n|-damage|p1a: Chesnaught|77\/100\n|\n|-heal|p1a: Chesnaught|83\/100|[from] item: Leftovers\n|upkeep\n|turn|27\n|\n|t:|1695403494\n|move|p1a: Chesnaught|Spiky Shield|p1a: Chesnaught\n|-singleturn|p1a: Chesnaught|move: Protect\n|move|p2a: Fezandipiti|Acrobatics|p1a: Chesnaught\n|-activate|p1a: Chesnaught|move: Protect\n|-damage|p2a: Fezandipiti|36\/100|[from] Spiky Shield|[of] p1a: Chesnaught\n|move|p2b: Dipplin|Pollen Puff|p2a: Fezandipiti\n|-heal|p2a: Fezandipiti|86\/100\n|\n|-heal|p1a: Chesnaught|89\/100|[from] item: Leftovers\n|upkeep\n|turn|28\n|\n|t:|1695403508\n|move|p2a: Fezandipiti|Acrobatics|p1a: Chesnaught\n|-resisted|p1a: Chesnaught\n|-damage|p1a: Chesnaught|82\/100\n|move|p1a: Chesnaught|Drain Punch|p2b: Dipplin\n|-damage|p2b: Dipplin|75\/100\n|-heal|p1a: Chesnaught|89\/100|[from] drain|[of] p2b: Dipplin\n|move|p2b: Dipplin|Dragon Tail|p1a: Chesnaught\n|-damage|p1a: Chesnaught|78\/100\n|\n|-heal|p1a: Chesnaught|84\/100|[from] item: Leftovers\n|upkeep\n|turn|29\n|\n|t:|1695403529\n|move|p1a: Chesnaught|Spiky Shield|p1a: Chesnaught\n|-singleturn|p1a: Chesnaught|move: Protect\n|move|p2a: Fezandipiti|Acrobatics|p1a: Chesnaught\n|-activate|p1a: Chesnaught|move: Protect\n|-damage|p2a: Fezandipiti|73\/100|[from] Spiky Shield|[of] p1a: Chesnaught\n|move|p2b: Dipplin|Dragon Tail|p1a: Chesnaught\n|-activate|p1a: Chesnaught|move: Protect\n|-damage|p2b: Dipplin|62\/100|[from] Spiky Shield|[of] p1a: Chesnaught\n|\n|-heal|p1a: Chesnaught|90\/100|[from] item: Leftovers\n|upkeep\n|turn|30\n|\n|t:|1695403550\n|move|p2a: Fezandipiti|Acrobatics|p1a: Chesnaught\n|-resisted|p1a: Chesnaught\n|-damage|p1a: Chesnaught|84\/100\n|move|p1a: Chesnaught|Drain Punch|p2b: Dipplin\n|-damage|p2b: Dipplin|47\/100\n|-heal|p1a: Chesnaught|91\/100|[from] drain|[of] p2b: Dipplin\n|move|p2b: Dipplin|Recover|p2b: Dipplin\n|-heal|p2b: Dipplin|97\/100\n|\n|-heal|p1a: Chesnaught|97\/100|[from] item: Leftovers\n|upkeep\n|turn|31\n|inactive|ButterDeButtery has 120 seconds left.\n|\n|t:|1695403581\n|move|p1a: Chesnaught|Spiky Shield|p1a: Chesnaught\n|-singleturn|p1a: Chesnaught|move: Protect\n|move|p2a: Fezandipiti|Acrobatics|p1a: Chesnaught\n|-activate|p1a: Chesnaught|move: Protect\n|-damage|p2a: Fezandipiti|61\/100|[from] Spiky Shield|[of] p1a: Chesnaught\n|move|p2b: Dipplin|Pollen Puff|p1a: Chesnaught\n|-activate|p1a: Chesnaught|move: Protect\n|\n|-heal|p1a: Chesnaught|100\/100|[from] item: Leftovers\n|upkeep\n|turn|32\n|inactive|LoveinaMist_s has 120 seconds left.\n|\n|t:|1695403616\n|move|p2a: Fezandipiti|Acrobatics|p1a: Chesnaught\n|-resisted|p1a: Chesnaught\n|-damage|p1a: Chesnaught|94\/100\n|move|p1a: Chesnaught|Rock Slide|p2a: Fezandipiti|[spread] p2a,p2b\n|-damage|p2a: Fezandipiti|33\/100\n|-damage|p2b: Dipplin|87\/100\n|cant|p2b: Dipplin|flinch\n|\n|-heal|p1a: Chesnaught|99\/100|[from] item: Leftovers\n|upkeep\n|turn|33\n|\n|t:|1695403629\n|move|p1a: Chesnaught|Spiky Shield|p1a: Chesnaught\n|-singleturn|p1a: Chesnaught|move: Protect\n|-activate|p2a: Fezandipiti|move: Struggle\n|move|p2a: Fezandipiti|Struggle|p1a: Chesnaught\n|-activate|p1a: Chesnaught|move: Protect\n|-damage|p2a: Fezandipiti|20\/100|[from] Spiky Shield|[of] p1a: Chesnaught\n|move|p2b: Dipplin|Pollen Puff|p2a: Fezandipiti\n|-heal|p2a: Fezandipiti|70\/100\n|\n|-heal|p1a: Chesnaught|100\/100|[from] item: Leftovers\n|upkeep\n|turn|34\n|\n|t:|1695403650\n|-activate|p2a: Fezandipiti|move: Struggle\n|move|p2a: Fezandipiti|Struggle|p1a: Chesnaught\n|-damage|p1a: Chesnaught|88\/100\n|-damage|p2a: Fezandipiti|45\/100|[from] recoil\n|move|p1a: Chesnaught|Drain Punch|p2b: Dipplin\n|-damage|p2b: Dipplin|74\/100\n|-heal|p1a: Chesnaught|94\/100|[from] drain|[of] p2b: Dipplin\n|move|p2b: Dipplin|Pollen Puff|p2a: Fezandipiti\n|-heal|p2a: Fezandipiti|95\/100\n|\n|-heal|p1a: Chesnaught|99\/100|[from] item: Leftovers\n|upkeep\n|turn|35\n|\n|t:|1695403665\n|-activate|p2a: Fezandipiti|move: Struggle\n|move|p2a: Fezandipiti|Struggle|p1a: Chesnaught\n|-damage|p1a: Chesnaught|88\/100\n|-damage|p2a: Fezandipiti|70\/100|[from] recoil\n|move|p1a: Chesnaught|Drain Punch|p2b: Dipplin\n|-damage|p2b: Dipplin|58\/100\n|-heal|p1a: Chesnaught|95\/100|[from] drain|[of] p2b: Dipplin\n|move|p2b: Dipplin|Pollen Puff|p2a: Fezandipiti\n|-heal|p2a: Fezandipiti|100\/100\n|\n|-heal|p1a: Chesnaught|100\/100|[from] item: Leftovers\n|upkeep\n|turn|36\n|inactive|LoveinaMist_s has 120 seconds left.\n|\n|t:|1695403699\n|-activate|p2a: Fezandipiti|move: Struggle\n|move|p2a: Fezandipiti|Struggle|p1a: Chesnaught\n|-damage|p1a: Chesnaught|88\/100\n|-damage|p2a: Fezandipiti|75\/100|[from] recoil\n|move|p1a: Chesnaught|Drain Punch|p2b: Dipplin\n|-damage|p2b: Dipplin|45\/100\n|-heal|p1a: Chesnaught|94\/100|[from] drain|[of] p2b: Dipplin\n|move|p2b: Dipplin|Recover|p2b: Dipplin\n|-heal|p2b: Dipplin|95\/100\n|\n|-heal|p1a: Chesnaught|100\/100|[from] item: Leftovers\n|upkeep\n|turn|37\n|\n|t:|1695403715\n|-activate|p2a: Fezandipiti|move: Struggle\n|move|p2a: Fezandipiti|Struggle|p1a: Chesnaught\n|-damage|p1a: Chesnaught|88\/100\n|-damage|p2a: Fezandipiti|50\/100|[from] recoil\n|move|p1a: Chesnaught|Drain Punch|p2b: Dipplin\n|-damage|p2b: Dipplin|80\/100\n|-heal|p1a: Chesnaught|96\/100|[from] drain|[of] p2b: Dipplin\n|move|p2b: Dipplin|Pollen Puff|p2a: Fezandipiti\n|-heal|p2a: Fezandipiti|99\/100\n|\n|-heal|p1a: Chesnaught|100\/100|[from] item: Leftovers\n|upkeep\n|turn|38\n|\n|t:|1695403739\n|-activate|p2a: Fezandipiti|move: Struggle\n|move|p2a: Fezandipiti|Struggle|p1a: Chesnaught\n|-damage|p1a: Chesnaught|87\/100\n|-damage|p2a: Fezandipiti|75\/100|[from] recoil\n|move|p1a: Chesnaught|Drain Punch|p2b: Dipplin\n|-damage|p2b: Dipplin|66\/100\n|-heal|p1a: Chesnaught|94\/100|[from] drain|[of] p2b: Dipplin\n|move|p2b: Dipplin|Pollen Puff|p2a: Fezandipiti\n|-heal|p2a: Fezandipiti|100\/100\n|\n|-heal|p1a: Chesnaught|99\/100|[from] item: Leftovers\n|upkeep\n|turn|39\n|\n|t:|1695403755\n|-activate|p2a: Fezandipiti|move: Struggle\n|move|p2a: Fezandipiti|Struggle|p1a: Chesnaught\n|-damage|p1a: Chesnaught|88\/100\n|-damage|p2a: Fezandipiti|75\/100|[from] recoil\n|move|p1a: Chesnaught|Drain Punch|p2b: Dipplin\n|-damage|p2b: Dipplin|51\/100\n|-heal|p1a: Chesnaught|95\/100|[from] drain|[of] p2b: Dipplin\n|move|p2b: Dipplin|Pollen Puff|p1a: Chesnaught\n|-immune|p1a: Chesnaught|[from] ability: Bulletproof\n|\n|-heal|p1a: Chesnaught|100\/100|[from] item: Leftovers\n|upkeep\n|turn|40\n|\n|t:|1695403777\n|-activate|p2a: Fezandipiti|move: Struggle\n|move|p2a: Fezandipiti|Struggle|p1a: Chesnaught\n|-damage|p1a: Chesnaught|87\/100\n|-damage|p2a: Fezandipiti|50\/100|[from] recoil\n|move|p1a: Chesnaught|Drain Punch|p2b: Dipplin\n|-damage|p2b: Dipplin|37\/100\n|-heal|p1a: Chesnaught|94\/100|[from] drain|[of] p2b: Dipplin\n|move|p2b: Dipplin|Pollen Puff|p1a: Chesnaught\n|-immune|p1a: Chesnaught|[from] ability: Bulletproof\n|\n|-heal|p1a: Chesnaught|99\/100|[from] item: Leftovers\n|upkeep\n|turn|41\n|\n|t:|1695403792\n|-activate|p2a: Fezandipiti|move: Struggle\n|move|p2a: Fezandipiti|Struggle|p1a: Chesnaught\n|-damage|p1a: Chesnaught|86\/100\n|-damage|p2a: Fezandipiti|25\/100|[from] recoil\n|move|p1a: Chesnaught|Drain Punch|p2b: Dipplin\n|-damage|p2b: Dipplin|24\/100\n|-heal|p1a: Chesnaught|93\/100|[from] drain|[of] p2b: Dipplin\n|move|p2b: Dipplin|Recover|p2b: Dipplin\n|-heal|p2b: Dipplin|74\/100\n|\n|-heal|p1a: Chesnaught|99\/100|[from] item: Leftovers\n|upkeep\n|turn|42\n|\n|t:|1695403807\n|-activate|p2a: Fezandipiti|move: Struggle\n|move|p2a: Fezandipiti|Struggle|p1a: Chesnaught\n|-damage|p1a: Chesnaught|85\/100\n|-damage|p2a: Fezandipiti|0 fnt|[from] recoil\n|faint|p2a: Fezandipiti\n|move|p1a: Chesnaught|Rock Slide|p2b: Dipplin\n|-damage|p2b: Dipplin|58\/100\n|cant|p2b: Dipplin|flinch\n|\n|-heal|p1a: Chesnaught|92\/100|[from] item: Leftovers\n|upkeep\n|turn|43\n|\n|t:|1695403820\n|move|p2b: Dipplin|Protect|p2b: Dipplin\n|-singleturn|p2b: Dipplin|Protect\n|move|p1a: Chesnaught|Wide Guard||[still]\n|-fail|p1a: Chesnaught\n|\n|-heal|p1a: Chesnaught|98\/100|[from] item: Leftovers\n|upkeep\n|turn|44\n|\n|t:|1695403833\n|move|p1a: Chesnaught|Wide Guard|p1a: Chesnaught\n|-singleturn|p1a: Chesnaught|Wide Guard\n|move|p2b: Dipplin|Pollen Puff|p1a: Chesnaught\n|-immune|p1a: Chesnaught|[from] ability: Bulletproof\n|\n|-heal|p1a: Chesnaught|100\/100|[from] item: Leftovers\n|upkeep\n|turn|45\n|inactive|LoveinaMist_s has 120 seconds left.\n|\n|t:|1695403867\n|move|p1a: Chesnaught|Wide Guard|p1a: Chesnaught\n|-singleturn|p1a: Chesnaught|Wide Guard\n|move|p2b: Dipplin|Pollen Puff|p1a: Chesnaught\n|-immune|p1a: Chesnaught|[from] ability: Bulletproof\n|\n|upkeep\n|turn|46\n|\n|t:|1695403875\n|move|p1a: Chesnaught|Wide Guard|p1a: Chesnaught\n|-singleturn|p1a: Chesnaught|Wide Guard\n|move|p2b: Dipplin|Pollen Puff|p1a: Chesnaught\n|-immune|p1a: Chesnaught|[from] ability: Bulletproof\n|\n|upkeep\n|turn|47\n|\n|t:|1695403883\n|move|p1a: Chesnaught|Wide Guard|p1a: Chesnaught\n|-singleturn|p1a: Chesnaught|Wide Guard\n|move|p2b: Dipplin|Pollen Puff|p1a: Chesnaught\n|-immune|p1a: Chesnaught|[from] ability: Bulletproof\n|\n|upkeep\n|turn|48\n|\n|t:|1695403899\n|move|p1a: Chesnaught|Wide Guard|p1a: Chesnaught\n|-singleturn|p1a: Chesnaught|Wide Guard\n|move|p2b: Dipplin|Pollen Puff|p1a: Chesnaught\n|-immune|p1a: Chesnaught|[from] ability: Bulletproof\n|\n|upkeep\n|turn|49\n|\n|t:|1695403909\n|move|p1a: Chesnaught|Wide Guard|p1a: Chesnaught\n|-singleturn|p1a: Chesnaught|Wide Guard\n|move|p2b: Dipplin|Pollen Puff|p1a: Chesnaught\n|-immune|p1a: Chesnaught|[from] ability: Bulletproof\n|\n|upkeep\n|turn|50\n|\n|t:|1695403916\n|move|p1a: Chesnaught|Wide Guard|p1a: Chesnaught\n|-singleturn|p1a: Chesnaught|Wide Guard\n|move|p2b: Dipplin|Pollen Puff|p1a: Chesnaught\n|-immune|p1a: Chesnaught|[from] ability: Bulletproof\n|\n|upkeep\n|turn|51\n|\n|t:|1695403923\n|move|p1a: Chesnaught|Wide Guard|p1a: Chesnaught\n|-singleturn|p1a: Chesnaught|Wide Guard\n|move|p2b: Dipplin|Pollen Puff|p1a: Chesnaught\n|-immune|p1a: Chesnaught|[from] ability: Bulletproof\n|\n|upkeep\n|turn|52\n|\n|t:|1695403931\n|move|p1a: Chesnaught|Wide Guard|p1a: Chesnaught\n|-singleturn|p1a: Chesnaught|Wide Guard\n|move|p2b: Dipplin|Dragon Tail|p1a: Chesnaught\n|-damage|p1a: Chesnaught|91\/100\n|\n|-heal|p1a: Chesnaught|97\/100|[from] item: Leftovers\n|upkeep\n|turn|53\n|\n|t:|1695403940\n|move|p1a: Chesnaught|Spiky Shield||[still]\n|-fail|p1a: Chesnaught\n|move|p2b: Dipplin|Dragon Tail|p1a: Chesnaught\n|-damage|p1a: Chesnaught|88\/100\n|\n|-heal|p1a: Chesnaught|94\/100|[from] item: Leftovers\n|upkeep\n|turn|54\n|\n|t:|1695403949\n|move|p2b: Dipplin|Protect|p2b: Dipplin\n|-singleturn|p2b: Dipplin|Protect\n|move|p1a: Chesnaught|Wide Guard||[still]\n|-fail|p1a: Chesnaught\n|\n|-heal|p1a: Chesnaught|99\/100|[from] item: Leftovers\n|upkeep\n|turn|55\n|\n|t:|1695403955\n|move|p2b: Dipplin|Protect||[still]\n|-fail|p2b: Dipplin\n|move|p1a: Chesnaught|Wide Guard||[still]\n|-fail|p1a: Chesnaught\n|\n|-heal|p1a: Chesnaught|100\/100|[from] item: Leftovers\n|upkeep\n|turn|56\n|\n|t:|1695403985\n|move|p1a: Chesnaught|Wide Guard|p1a: Chesnaught\n|-singleturn|p1a: Chesnaught|Wide Guard\n|move|p2b: Dipplin|Dragon Tail|p1a: Chesnaught\n|-damage|p1a: Chesnaught|89\/100\n|\n|-heal|p1a: Chesnaught|95\/100|[from] item: Leftovers\n|upkeep\n|turn|57\n|\n|t:|1695403996\n|move|p2b: Dipplin|Protect|p2b: Dipplin\n|-singleturn|p2b: Dipplin|Protect\n|move|p1a: Chesnaught|Wide Guard||[still]\n|-fail|p1a: Chesnaught\n|\n|-heal|p1a: Chesnaught|100\/100|[from] item: Leftovers\n|upkeep\n|turn|58\n|\n|t:|1695404004\n|move|p1a: Chesnaught|Wide Guard|p1a: Chesnaught\n|-singleturn|p1a: Chesnaught|Wide Guard\n|move|p2b: Dipplin|Dragon Tail|p1a: Chesnaught\n|-damage|p1a: Chesnaught|92\/100\n|\n|-heal|p1a: Chesnaught|98\/100|[from] item: Leftovers\n|upkeep\n|turn|59\n|\n|t:|1695404010\n|move|p2b: Dipplin|Protect|p2b: Dipplin\n|-singleturn|p2b: Dipplin|Protect\n|move|p1a: Chesnaught|Wide Guard||[still]\n|-fail|p1a: Chesnaught\n|\n|-heal|p1a: Chesnaught|100\/100|[from] item: Leftovers\n|upkeep\n|turn|60\n|\n|t:|1695404017\n|move|p1a: Chesnaught|Drain Punch|p2b: Dipplin\n|-damage|p2b: Dipplin|45\/100\n|move|p2b: Dipplin|Dragon Tail|p1a: Chesnaught\n|-damage|p1a: Chesnaught|90\/100\n|\n|-heal|p1a: Chesnaught|96\/100|[from] item: Leftovers\n|upkeep\n|turn|61\n|\n|t:|1695404025\n|move|p1a: Chesnaught|Spiky Shield|p1a: Chesnaught\n|-singleturn|p1a: Chesnaught|move: Protect\n|move|p2b: Dipplin|Recover|p2b: Dipplin\n|-heal|p2b: Dipplin|95\/100\n|\n|-heal|p1a: Chesnaught|100\/100|[from] item: Leftovers\n|upkeep\n|turn|62\n|\n|t:|1695404034\n|move|p1a: Chesnaught|Drain Punch|p2b: Dipplin\n|-crit|p2b: Dipplin\n|-damage|p2b: Dipplin|73\/100\n|move|p2b: Dipplin|Dragon Tail|p1a: Chesnaught\n|-damage|p1a: Chesnaught|90\/100\n|\n|-heal|p1a: Chesnaught|96\/100|[from] item: Leftovers\n|upkeep\n|turn|63\n|\n|t:|1695404041\n|move|p2b: Dipplin|Protect|p2b: Dipplin\n|-singleturn|p2b: Dipplin|Protect\n|move|p1a: Chesnaught|Drain Punch|p2b: Dipplin\n|-activate|p2b: Dipplin|move: Protect\n|\n|-heal|p1a: Chesnaught|100\/100|[from] item: Leftovers\n|upkeep\n|turn|64\n|\n|t:|1695404048\n|move|p1a: Chesnaught|Spiky Shield|p1a: Chesnaught\n|-singleturn|p1a: Chesnaught|move: Protect\n|move|p2b: Dipplin|Protect||[still]\n|-fail|p2b: Dipplin\n|\n|upkeep\n|turn|65\n|\n|t:|1695404056\n|move|p2b: Dipplin|Protect|p2b: Dipplin\n|-singleturn|p2b: Dipplin|Protect\n|move|p1a: Chesnaught|Drain Punch|p2b: Dipplin\n|-activate|p2b: Dipplin|move: Protect\n|\n|upkeep\n|turn|66\n|\n|t:|1695404070\n|move|p1a: Chesnaught|Rock Slide|p2b: Dipplin\n|-damage|p2b: Dipplin|58\/100\n|move|p2b: Dipplin|Dragon Tail|p1a: Chesnaught\n|-damage|p1a: Chesnaught|90\/100\n|\n|-heal|p1a: Chesnaught|96\/100|[from] item: Leftovers\n|upkeep\n|turn|67\n|\n|t:|1695404088\n|move|p1a: Chesnaught|Spiky Shield|p1a: Chesnaught\n|-singleturn|p1a: Chesnaught|move: Protect\n|move|p2b: Dipplin|Protect||[still]\n|-fail|p2b: Dipplin\n|\n|-heal|p1a: Chesnaught|100\/100|[from] item: Leftovers\n|upkeep\n|turn|68\n|\n|t:|1695404096\n|move|p1a: Chesnaught|Spiky Shield|p1a: Chesnaught\n|-singleturn|p1a: Chesnaught|move: Protect\n|move|p2b: Dipplin|Protect||[still]\n|-fail|p2b: Dipplin\n|\n|upkeep\n|turn|69\n|\n|t:|1695404101\n|move|p1a: Chesnaught|Spiky Shield||[still]\n|-fail|p1a: Chesnaught\n|move|p2b: Dipplin|Protect||[still]\n|-fail|p2b: Dipplin\n|\n|upkeep\n|turn|70\n|\n|t:|1695404106\n|move|p2b: Dipplin|Protect|p2b: Dipplin\n|-singleturn|p2b: Dipplin|Protect\n|move|p1a: Chesnaught|Rock Slide|p2b: Dipplin\n|-activate|p2b: Dipplin|move: Protect\n|\n|upkeep\n|turn|71\n|\n|t:|1695404112\n|move|p2b: Dipplin|Protect||[still]\n|-fail|p2b: Dipplin\n|move|p1a: Chesnaught|Rock Slide|p2b: Dipplin\n|-damage|p2b: Dipplin|44\/100\n|\n|upkeep\n|turn|72\n|\n|t:|1695404117\n|move|p1a: Chesnaught|Rock Slide|p2b: Dipplin\n|-damage|p2b: Dipplin|30\/100\n|move|p2b: Dipplin|Recover|p2b: Dipplin\n|-heal|p2b: Dipplin|80\/100\n|\n|upkeep\n|turn|73\n|\n|t:|1695404123\n|move|p2b: Dipplin|Protect|p2b: Dipplin\n|-singleturn|p2b: Dipplin|Protect\n|move|p1a: Chesnaught|Rock Slide|p2b: Dipplin\n|-activate|p2b: Dipplin|move: Protect\n|\n|upkeep\n|turn|74\n|\n|t:|1695404132\n|move|p2b: Dipplin|Protect|p2b: Dipplin\n|-singleturn|p2b: Dipplin|Protect\n|move|p1a: Chesnaught|Rock Slide|p2b: Dipplin\n|-activate|p2b: Dipplin|move: Protect\n|\n|upkeep\n|turn|75\n|\n|t:|1695404138\n|move|p1a: Chesnaught|Rock Slide|p2b: Dipplin\n|-damage|p2b: Dipplin|65\/100\n|cant|p2b: Dipplin|flinch\n|\n|upkeep\n|turn|76\n|\n|t:|1695404143\n|-activate|p1a: Chesnaught|move: Struggle\n|move|p1a: Chesnaught|Struggle|p2b: Dipplin\n|-damage|p2b: Dipplin|58\/100\n|-damage|p1a: Chesnaught|75\/100|[from] recoil\n|move|p2b: Dipplin|Recover|p2b: Dipplin\n|-heal|p2b: Dipplin|100\/100\n|\n|-heal|p1a: Chesnaught|82\/100|[from] item: Leftovers\n|upkeep\n|turn|77\n|\n|t:|1695404152\n|-activate|p1a: Chesnaught|move: Struggle\n|move|p1a: Chesnaught|Struggle|p2b: Dipplin\n|-damage|p2b: Dipplin|94\/100\n|-damage|p1a: Chesnaught|57\/100|[from] recoil\n|-activate|p2b: Dipplin|move: Struggle\n|move|p2b: Dipplin|Struggle|p1a: Chesnaught\n|-damage|p1a: Chesnaught|51\/100\n|-damage|p2b: Dipplin|69\/100|[from] recoil\n|\n|-heal|p1a: Chesnaught|57\/100|[from] item: Leftovers\n|upkeep\n|turn|78\n|\n|t:|1695404161\n|-activate|p1a: Chesnaught|move: Struggle\n|move|p1a: Chesnaught|Struggle|p2b: Dipplin\n|-damage|p2b: Dipplin|62\/100\n|-damage|p1a: Chesnaught|32\/100|[from] recoil\n|-activate|p2b: Dipplin|move: Struggle\n|move|p2b: Dipplin|Struggle|p1a: Chesnaught\n|-damage|p1a: Chesnaught|26\/100\n|-damage|p2b: Dipplin|37\/100|[from] recoil\n|\n|-heal|p1a: Chesnaught|32\/100|[from] item: Leftovers\n|upkeep\n|turn|79\n|\n|t:|1695404171\n|-activate|p1a: Chesnaught|move: Struggle\n|move|p1a: Chesnaught|Struggle|p2b: Dipplin\n|-damage|p2b: Dipplin|31\/100\n|-damage|p1a: Chesnaught|7\/100|[from] recoil\n|-activate|p2b: Dipplin|move: Struggle\n|move|p2b: Dipplin|Struggle|p1a: Chesnaught\n|-damage|p1a: Chesnaught|2\/100\n|-damage|p2b: Dipplin|6\/100|[from] recoil\n|\n|-heal|p1a: Chesnaught|8\/100|[from] item: Leftovers\n|upkeep\n|turn|80\n|\n|t:|1695404181\n|-activate|p1a: Chesnaught|move: Struggle\n|move|p1a: Chesnaught|Struggle|p2b: Dipplin\n|-damage|p2b: Dipplin|0 fnt\n|faint|p2b: Dipplin\n|-damage|p1a: Chesnaught|0 fnt|[from] recoil\n|faint|p1a: Chesnaught\n|\n|win|ButterDeButtery\n|raw|ButterDeButtery's rating: 1222 &rarr; <strong>1239<\/strong><br \/>(+17 for winning)\n|raw|LoveinaMist_s's rating: 1111 &rarr; <strong>1094<\/strong><br \/>(-17 for losing)\n|c|\u2606ButterDeButtery|ogh my go\n|c|\u2606ButterDeButtery|gg\n|l|\u2606LoveinaMist_s\n|c|\u2606ButterDeButtery|that was one of the most intesnse battle i had\n","uploadtime":1695404205,"views":4,"p1id":"butterdebuttery","p2id":"loveinamists","formatid":"gen9nationaldexdoubles","rating":1094,"private":0,"password":""}