{"id":"gen9nationaldexdoubles-1985252242","p1":"Epilepsy Espeon","p2":"FLOWER-M0DE\u267b\ufe0f","format":"[Gen 9] National Dex Doubles","log":"|j|\u2606Epilepsy Espeon\n|j|\u2606FLOWER-M0DE\u267b\ufe0f\n|t:|1699355632\n|gametype|doubles\n|player|p1|Epilepsy Espeon|psychic-gen4|1167\n|player|p2|FLOWER-M0DE\u267b\ufe0f|erika-masters|1000\n|teamsize|p1|6\n|teamsize|p2|6\n|gen|9\n|tier|[Gen 9] National Dex Doubles\n|rated|\n|rule|HP Percentage Mod: HP is shown in percentages\n|rule|Endless Battle Clause: Forcing endless battles is banned\n|rule|OHKO Clause: OHKO moves are banned\n|rule|Evasion Moves Clause: Evasion moves are banned\n|rule|Evasion Abilities Clause: Evasion abilities are banned\n|rule|Species Clause: Limit one of each Pok\u00e9mon\n|rule|Gravity Sleep Clause: The combination of sleep-inducing moves with imperfect accuracy and Gravity or Gigantamax Orbeetle are banned\n|clearpoke\n|poke|p1|Espeon, F|\n|poke|p1|Lurantis, F|\n|poke|p1|Corsola-Galar, F|\n|poke|p1|Sableye, M|\n|poke|p1|Chimecho, M|\n|poke|p1|Muk-Alola, M|\n|poke|p2|Whimsicott, F|\n|poke|p2|Serperior, M|\n|poke|p2|Celebi|\n|poke|p2|Rillaboom, M|\n|poke|p2|Torterra, M|\n|poke|p2|Venusaur, M|\n|teampreview\n|\n|t:|1699355640\n|start\n|switch|p1a: Chimecho|Chimecho, M|100\/100\n|switch|p1b: Muk|Muk-Alola, M|100\/100\n|switch|p2a: \ud83c\udf40\ud83c\udf3fRILLABOOM\ud83c\udf3f\ud83c\udf40|Rillaboom, M, shiny|100\/100\n|switch|p2b: \ud83c\udf3aSERPERIOR\ud83c\udf31|Serperior, M, shiny|100\/100\n|-fieldstart|move: Grassy Terrain|[from] ability: Grassy Surge|[of] p2a: \ud83c\udf40\ud83c\udf3fRILLABOOM\ud83c\udf3f\ud83c\udf40\n|turn|1\n|inactive|Battle timer is ON: inactive players will automatically lose when time's up. (requested by Epilepsy Espeon)\n|\n|t:|1699355659\n|-terastallize|p2b: \ud83c\udf3aSERPERIOR\ud83c\udf31|Grass\n|move|p2b: \ud83c\udf3aSERPERIOR\ud83c\udf31|Leaf Storm|p1b: Muk\n|-resisted|p1b: Muk\n|-damage|p1b: Muk|62\/100\n|-boost|p2b: \ud83c\udf3aSERPERIOR\ud83c\udf31|spa|2\n|move|p2a: \ud83c\udf40\ud83c\udf3fRILLABOOM\ud83c\udf3f\ud83c\udf40|Wood Hammer|p1b: Muk\n|-resisted|p1b: Muk\n|-damage|p1b: Muk|6\/100\n|-damage|p2a: \ud83c\udf40\ud83c\udf3fRILLABOOM\ud83c\udf3f\ud83c\udf40|81\/100|[from] Recoil\n|move|p1b: Muk|Rock Polish|p1b: Muk\n|-boost|p1b: Muk|spe|2\n|move|p1a: Chimecho|Skill Swap|p2b: \ud83c\udf3aSERPERIOR\ud83c\udf31\n|-activate|p1a: Chimecho|move: Skill Swap|Contrary|Levitate|[of] p2b: \ud83c\udf3aSERPERIOR\ud83c\udf31\n|\n|-heal|p1b: Muk|12\/100|[from] Grassy Terrain\n|-heal|p1b: Muk|18\/100|[from] item: Black Sludge\n|-heal|p2a: \ud83c\udf40\ud83c\udf3fRILLABOOM\ud83c\udf3f\ud83c\udf40|88\/100|[from] Grassy Terrain\n|upkeep\n|turn|2\n|inactive|FLOWER-M0DE\u267b\ufe0f has 120 seconds left.\n|inactive|Epilepsy Espeon has 120 seconds left.\n|\n|t:|1699355695\n|switch|p2b: \ud83c\udf31\ud83c\udf33TORTERRA\ud83c\udf33\ud83c\udf31|Torterra, M, shiny|100\/100\n|move|p1b: Muk|Poison Jab|p2a: \ud83c\udf40\ud83c\udf3fRILLABOOM\ud83c\udf3f\ud83c\udf40\n|-supereffective|p2a: \ud83c\udf40\ud83c\udf3fRILLABOOM\ud83c\udf3f\ud83c\udf40\n|-damage|p2a: \ud83c\udf40\ud83c\udf3fRILLABOOM\ud83c\udf3f\ud83c\udf40|15\/100\n|move|p2a: \ud83c\udf40\ud83c\udf3fRILLABOOM\ud83c\udf3f\ud83c\udf40|Drum Beating|p1b: Muk\n|-resisted|p1b: Muk\n|-damage|p1b: Muk|0 fnt\n|faint|p1b: Muk\n|move|p1a: Chimecho|Skill Swap|p2a: \ud83c\udf40\ud83c\udf3fRILLABOOM\ud83c\udf3f\ud83c\udf40\n|-activate|p1a: Chimecho|move: Skill Swap|Grassy Surge|Contrary|[of] p2a: \ud83c\udf40\ud83c\udf3fRILLABOOM\ud83c\udf3f\ud83c\udf40\n|\n|-heal|p2a: \ud83c\udf40\ud83c\udf3fRILLABOOM\ud83c\udf3f\ud83c\udf40|21\/100|[from] Grassy Terrain\n|upkeep\n|inactive|Epilepsy Espeon has 120 seconds left.\n|\n|t:|1699355707\n|switch|p1b: Sableye|Sableye, M|100\/100\n|turn|3\n|\n|t:|1699355724\n|move|p1b: Sableye|Confuse Ray|p2b: \ud83c\udf31\ud83c\udf33TORTERRA\ud83c\udf33\ud83c\udf31\n|-start|p2b: \ud83c\udf31\ud83c\udf33TORTERRA\ud83c\udf33\ud83c\udf31|confusion\n|move|p2a: \ud83c\udf40\ud83c\udf3fRILLABOOM\ud83c\udf3f\ud83c\udf40|Drum Beating|p1b: Sableye\n|-damage|p1b: Sableye|41\/100\n|-unboost|p1b: Sableye|spe|1\n|move|p1a: Chimecho|Cosmic Power|p1a: Chimecho\n|-boost|p1a: Chimecho|def|1\n|-boost|p1a: Chimecho|spd|1\n|-activate|p2b: \ud83c\udf31\ud83c\udf33TORTERRA\ud83c\udf33\ud83c\udf31|confusion\n|-damage|p2b: \ud83c\udf31\ud83c\udf33TORTERRA\ud83c\udf33\ud83c\udf31|90\/100|[from] confusion\n|\n|-heal|p2a: \ud83c\udf40\ud83c\udf3fRILLABOOM\ud83c\udf3f\ud83c\udf40|27\/100|[from] Grassy Terrain\n|-heal|p2b: \ud83c\udf31\ud83c\udf33TORTERRA\ud83c\udf33\ud83c\udf31|96\/100|[from] Grassy Terrain\n|-heal|p1b: Sableye|47\/100|[from] Grassy Terrain\n|upkeep\n|turn|4\n|\n|t:|1699355750\n|move|p1b: Sableye|Confuse Ray|p2a: \ud83c\udf40\ud83c\udf3fRILLABOOM\ud83c\udf3f\ud83c\udf40\n|-start|p2a: \ud83c\udf40\ud83c\udf3fRILLABOOM\ud83c\udf3f\ud83c\udf40|confusion\n|-activate|p2a: \ud83c\udf40\ud83c\udf3fRILLABOOM\ud83c\udf3f\ud83c\udf40|confusion\n|move|p2a: \ud83c\udf40\ud83c\udf3fRILLABOOM\ud83c\udf3f\ud83c\udf40|Drum Beating|p1a: Chimecho\n|-damage|p1a: Chimecho|67\/100\n|-unboost|p1a: Chimecho|spe|1\n|-activate|p2b: \ud83c\udf31\ud83c\udf33TORTERRA\ud83c\udf33\ud83c\udf31|confusion\n|move|p2b: \ud83c\udf31\ud83c\udf33TORTERRA\ud83c\udf33\ud83c\udf31|Trailblaze|p1a: Chimecho\n|-damage|p1a: Chimecho|53\/100\n|-boost|p2b: \ud83c\udf31\ud83c\udf33TORTERRA\ud83c\udf33\ud83c\udf31|spe|1\n|move|p1a: Chimecho|Cosmic Power|p1a: Chimecho\n|-boost|p1a: Chimecho|def|1\n|-boost|p1a: Chimecho|spd|1\n|\n|-heal|p2a: \ud83c\udf40\ud83c\udf3fRILLABOOM\ud83c\udf3f\ud83c\udf40|34\/100|[from] Grassy Terrain\n|-heal|p2b: \ud83c\udf31\ud83c\udf33TORTERRA\ud83c\udf33\ud83c\udf31|100\/100|[from] Grassy Terrain\n|-heal|p1a: Chimecho|59\/100|[from] Grassy Terrain\n|-heal|p1a: Chimecho|65\/100|[from] item: Leftovers\n|-heal|p1b: Sableye|53\/100|[from] Grassy Terrain\n|upkeep\n|turn|5\n|\n|t:|1699355779\n|-activate|p2a: \ud83c\udf40\ud83c\udf3fRILLABOOM\ud83c\udf3f\ud83c\udf40|confusion\n|move|p2a: \ud83c\udf40\ud83c\udf3fRILLABOOM\ud83c\udf3f\ud83c\udf40|Drum Beating|p1b: Sableye\n|-crit|p1b: Sableye\n|-damage|p1b: Sableye|0 fnt\n|faint|p1b: Sableye\n|-activate|p2b: \ud83c\udf31\ud83c\udf33TORTERRA\ud83c\udf33\ud83c\udf31|confusion\n|move|p2b: \ud83c\udf31\ud83c\udf33TORTERRA\ud83c\udf33\ud83c\udf31|Trailblaze|p1a: Chimecho\n|-damage|p1a: Chimecho|55\/100\n|-boost|p2b: \ud83c\udf31\ud83c\udf33TORTERRA\ud83c\udf33\ud83c\udf31|spe|1\n|move|p1a: Chimecho|Heal Pulse|p1: Sableye|[notarget]\n|-fail|p1a: Chimecho\n|\n|-heal|p2a: \ud83c\udf40\ud83c\udf3fRILLABOOM\ud83c\udf3f\ud83c\udf40|40\/100|[from] Grassy Terrain\n|-heal|p1a: Chimecho|61\/100|[from] Grassy Terrain\n|-heal|p1a: Chimecho|67\/100|[from] item: Leftovers\n|upkeep\n|\n|t:|1699355785\n|switch|p1b: Lurantis|Lurantis, F|100\/100\n|turn|6\n|\n|t:|1699355808\n|-terastallize|p1b: Lurantis|Steel\n|-activate|p2a: \ud83c\udf40\ud83c\udf3fRILLABOOM\ud83c\udf3f\ud83c\udf40|confusion\n|-damage|p2a: \ud83c\udf40\ud83c\udf3fRILLABOOM\ud83c\udf3f\ud83c\udf40|23\/100|[from] confusion\n|-activate|p2b: \ud83c\udf31\ud83c\udf33TORTERRA\ud83c\udf33\ud83c\udf31|confusion\n|move|p2b: \ud83c\udf31\ud83c\udf33TORTERRA\ud83c\udf33\ud83c\udf31|Wood Hammer|p1b: Lurantis\n|-resisted|p1b: Lurantis\n|-damage|p1b: Lurantis|66\/100\n|-damage|p2b: \ud83c\udf31\ud83c\udf33TORTERRA\ud83c\udf33\ud83c\udf31|89\/100|[from] Recoil\n|move|p1b: Lurantis|Superpower|p2a: \ud83c\udf40\ud83c\udf3fRILLABOOM\ud83c\udf3f\ud83c\udf40\n|-damage|p2a: \ud83c\udf40\ud83c\udf3fRILLABOOM\ud83c\udf3f\ud83c\udf40|0 fnt\n|-boost|p1b: Lurantis|atk|1\n|-boost|p1b: Lurantis|def|1\n|faint|p2a: \ud83c\udf40\ud83c\udf3fRILLABOOM\ud83c\udf3f\ud83c\udf40\n|move|p1a: Chimecho|Cosmic Power|p1a: Chimecho\n|-boost|p1a: Chimecho|def|1\n|-boost|p1a: Chimecho|spd|1\n|\n|-heal|p2b: \ud83c\udf31\ud83c\udf33TORTERRA\ud83c\udf33\ud83c\udf31|95\/100|[from] Grassy Terrain\n|-heal|p1b: Lurantis|72\/100|[from] Grassy Terrain\n|-heal|p1a: Chimecho|74\/100|[from] Grassy Terrain\n|-heal|p1a: Chimecho|80\/100|[from] item: Leftovers\n|upkeep\n|inactive|FLOWER-M0DE\u267b\ufe0f has 120 seconds left.\n|\n|t:|1699355842\n|switch|p2a: \ud83c\udf3a\ud83c\udf37CELEBI\ud83d\udc90\ud83c\udf38|Celebi|100\/100\n|turn|7\n|\n|t:|1699355851\n|switch|p1b: Corsola|Corsola-Galar, F|100\/100\n|move|p2a: \ud83c\udf3a\ud83c\udf37CELEBI\ud83d\udc90\ud83c\udf38|Nasty Plot|p2a: \ud83c\udf3a\ud83c\udf37CELEBI\ud83d\udc90\ud83c\udf38\n|-boost|p2a: \ud83c\udf3a\ud83c\udf37CELEBI\ud83d\udc90\ud83c\udf38|spa|2\n|-end|p2b: \ud83c\udf31\ud83c\udf33TORTERRA\ud83c\udf33\ud83c\udf31|confusion\n|move|p2b: \ud83c\udf31\ud83c\udf33TORTERRA\ud83c\udf33\ud83c\udf31|Wood Hammer|p1b: Corsola\n|-damage|p1b: Corsola|60\/100\n|-start|p2b: \ud83c\udf31\ud83c\udf33TORTERRA\ud83c\udf33\ud83c\udf31|Disable|Wood Hammer|[from] ability: Cursed Body|[of] p1b: Corsola\n|-damage|p2b: \ud83c\udf31\ud83c\udf33TORTERRA\ud83c\udf33\ud83c\udf31|81\/100|[from] Recoil\n|move|p1a: Chimecho|Stored Power|p2b: \ud83c\udf31\ud83c\udf33TORTERRA\ud83c\udf33\ud83c\udf31\n|-damage|p2b: \ud83c\udf31\ud83c\udf33TORTERRA\ud83c\udf33\ud83c\udf31|57\/100\n|\n|-heal|p2b: \ud83c\udf31\ud83c\udf33TORTERRA\ud83c\udf33\ud83c\udf31|63\/100|[from] Grassy Terrain\n|-heal|p1a: Chimecho|86\/100|[from] Grassy Terrain\n|-heal|p1a: Chimecho|92\/100|[from] item: Leftovers\n|-heal|p1b: Corsola|66\/100|[from] Grassy Terrain\n|upkeep\n|turn|8\n|inactive|FLOWER-M0DE\u267b\ufe0f has 120 seconds left.\n|\n|t:|1699355887\n|move|p2a: \ud83c\udf3a\ud83c\udf37CELEBI\ud83d\udc90\ud83c\udf38|Energy Ball|p1a: Chimecho\n|-damage|p1a: Chimecho|40\/100\n|move|p2b: \ud83c\udf31\ud83c\udf33TORTERRA\ud83c\udf33\ud83c\udf31|Headlong Rush|p1a: Chimecho\n|-damage|p1a: Chimecho|23\/100\n|-unboost|p2b: \ud83c\udf31\ud83c\udf33TORTERRA\ud83c\udf33\ud83c\udf31|def|1\n|-unboost|p2b: \ud83c\udf31\ud83c\udf33TORTERRA\ud83c\udf33\ud83c\udf31|spd|1\n|move|p1a: Chimecho|Stored Power|p2a: \ud83c\udf3a\ud83c\udf37CELEBI\ud83d\udc90\ud83c\udf38\n|-resisted|p2a: \ud83c\udf3a\ud83c\udf37CELEBI\ud83d\udc90\ud83c\udf38\n|-damage|p2a: \ud83c\udf3a\ud83c\udf37CELEBI\ud83d\udc90\ud83c\udf38|79\/100\n|move|p1b: Corsola|Confuse Ray|p2a: \ud83c\udf3a\ud83c\udf37CELEBI\ud83d\udc90\ud83c\udf38\n|-start|p2a: \ud83c\udf3a\ud83c\udf37CELEBI\ud83d\udc90\ud83c\udf38|confusion\n|\n|-heal|p2a: \ud83c\udf3a\ud83c\udf37CELEBI\ud83d\udc90\ud83c\udf38|85\/100|[from] Grassy Terrain\n|-heal|p2b: \ud83c\udf31\ud83c\udf33TORTERRA\ud83c\udf33\ud83c\udf31|69\/100|[from] Grassy Terrain\n|-heal|p1a: Chimecho|30\/100|[from] Grassy Terrain\n|-heal|p1a: Chimecho|36\/100|[from] item: Leftovers\n|-heal|p1b: Corsola|72\/100|[from] Grassy Terrain\n|-fieldend|move: Grassy Terrain\n|upkeep\n|turn|9\n|inactive|FLOWER-M0DE\u267b\ufe0f has 120 seconds left.\n|\n|t:|1699355917\n|switch|p2b: \ud83d\udc90APRIL' FOOL'S\u2618\ufe0f|Whimsicott, F|100\/100\n|-activate|p2a: \ud83c\udf3a\ud83c\udf37CELEBI\ud83d\udc90\ud83c\udf38|confusion\n|move|p2a: \ud83c\udf3a\ud83c\udf37CELEBI\ud83d\udc90\ud83c\udf38|Energy Ball|p1a: Chimecho\n|-damage|p1a: Chimecho|0 fnt\n|faint|p1a: Chimecho\n|move|p1b: Corsola|Strength Sap|p2b: \ud83d\udc90APRIL' FOOL'S\u2618\ufe0f\n|-unboost|p2b: \ud83d\udc90APRIL' FOOL'S\u2618\ufe0f|atk|1\n|-heal|p1b: Corsola|100\/100\n|\n|upkeep\n|\n|t:|1699355927\n|switch|p1a: Lurantis|Lurantis, F, tera:Steel|72\/100\n|turn|10\n|\n|t:|1699355936\n|move|p2b: \ud83d\udc90APRIL' FOOL'S\u2618\ufe0f|Grassy Terrain|p2b: \ud83d\udc90APRIL' FOOL'S\u2618\ufe0f\n|-fieldstart|move: Grassy Terrain\n|-activate|p2a: \ud83c\udf3a\ud83c\udf37CELEBI\ud83d\udc90\ud83c\udf38|confusion\n|-damage|p2a: \ud83c\udf3a\ud83c\udf37CELEBI\ud83d\udc90\ud83c\udf38|77\/100|[from] confusion\n|move|p1a: Lurantis|Leech Life|p2a: \ud83c\udf3a\ud83c\udf37CELEBI\ud83d\udc90\ud83c\udf38\n|-supereffective|p2a: \ud83c\udf3a\ud83c\udf37CELEBI\ud83d\udc90\ud83c\udf38\n|-damage|p2a: \ud83c\udf3a\ud83c\udf37CELEBI\ud83d\udc90\ud83c\udf38|11\/100\n|-heal|p1a: Lurantis|100\/100|[from] drain|[of] p2a: \ud83c\udf3a\ud83c\udf37CELEBI\ud83d\udc90\ud83c\udf38\n|move|p1b: Corsola|Strength Sap|p1a: Lurantis\n|-boost|p1a: Lurantis|atk|1\n|\n|-heal|p2a: \ud83c\udf3a\ud83c\udf37CELEBI\ud83d\udc90\ud83c\udf38|18\/100|[from] Grassy Terrain\n|upkeep\n|turn|11\n|\n|t:|1699355964\n|move|p2b: \ud83d\udc90APRIL' FOOL'S\u2618\ufe0f|Leech Seed|p1a: Lurantis|[miss]\n|-miss|p2b: \ud83d\udc90APRIL' FOOL'S\u2618\ufe0f|p1a: Lurantis\n|-activate|p2a: \ud83c\udf3a\ud83c\udf37CELEBI\ud83d\udc90\ud83c\udf38|confusion\n|-damage|p2a: \ud83c\udf3a\ud83c\udf37CELEBI\ud83d\udc90\ud83c\udf38|10\/100|[from] confusion\n|move|p1a: Lurantis|Leech Life|p2a: \ud83c\udf3a\ud83c\udf37CELEBI\ud83d\udc90\ud83c\udf38\n|-supereffective|p2a: \ud83c\udf3a\ud83c\udf37CELEBI\ud83d\udc90\ud83c\udf38\n|-damage|p2a: \ud83c\udf3a\ud83c\udf37CELEBI\ud83d\udc90\ud83c\udf38|0 fnt\n|faint|p2a: \ud83c\udf3a\ud83c\udf37CELEBI\ud83d\udc90\ud83c\udf38\n|move|p1b: Corsola|Night Shade|p2b: \ud83d\udc90APRIL' FOOL'S\u2618\ufe0f\n|-damage|p2b: \ud83d\udc90APRIL' FOOL'S\u2618\ufe0f|62\/100\n|\n|-heal|p2b: \ud83d\udc90APRIL' FOOL'S\u2618\ufe0f|68\/100|[from] Grassy Terrain\n|upkeep\n|inactive|FLOWER-M0DE\u267b\ufe0f has 120 seconds left.\n|\n|t:|1699355982\n|switch|p2a: \ud83c\udf3aSERPERIOR\ud83c\udf31|Serperior, M, shiny, tera:Grass|100\/100\n|turn|12\n|\n|t:|1699355993\n|move|p2b: \ud83d\udc90APRIL' FOOL'S\u2618\ufe0f|Leech Seed|p1a: Lurantis|[miss]\n|-miss|p2b: \ud83d\udc90APRIL' FOOL'S\u2618\ufe0f|p1a: Lurantis\n|move|p2a: \ud83c\udf3aSERPERIOR\ud83c\udf31|Glare|p1a: Lurantis\n|-status|p1a: Lurantis|par\n|move|p1a: Lurantis|Superpower|p2a: \ud83c\udf3aSERPERIOR\ud83c\udf31\n|-damage|p2a: \ud83c\udf3aSERPERIOR\ud83c\udf31|53\/100\n|-boost|p1a: Lurantis|atk|1\n|-boost|p1a: Lurantis|def|1\n|move|p1b: Corsola|Strength Sap|p1a: Lurantis\n|-boost|p1a: Lurantis|atk|1\n|\n|-heal|p2b: \ud83d\udc90APRIL' FOOL'S\u2618\ufe0f|74\/100|[from] Grassy Terrain\n|-heal|p2a: \ud83c\udf3aSERPERIOR\ud83c\udf31|60\/100|[from] Grassy Terrain\n|upkeep\n|turn|13\n|\n|t:|1699356017\n|move|p2b: \ud83d\udc90APRIL' FOOL'S\u2618\ufe0f|Leech Seed|p1a: Lurantis\n|-start|p1a: Lurantis|move: Leech Seed\n|move|p2a: \ud83c\udf3aSERPERIOR\ud83c\udf31|Leaf Storm|p1b: Corsola\n|-crit|p1b: Corsola\n|-damage|p1b: Corsola|42\/100\n|-boost|p2a: \ud83c\udf3aSERPERIOR\ud83c\udf31|spa|2\n|cant|p1a: Lurantis|par\n|move|p1b: Corsola|Night Shade|p2a: \ud83c\udf3aSERPERIOR\ud83c\udf31\n|-damage|p2a: \ud83c\udf3aSERPERIOR\ud83c\udf31|25\/100\n|\n|-heal|p2b: \ud83d\udc90APRIL' FOOL'S\u2618\ufe0f|81\/100|[from] Grassy Terrain\n|-heal|p2a: \ud83c\udf3aSERPERIOR\ud83c\udf31|31\/100|[from] Grassy Terrain\n|-heal|p1b: Corsola|48\/100|[from] Grassy Terrain\n|-damage|p1a: Lurantis|88\/100 par|[from] Leech Seed|[of] p2b: \ud83d\udc90APRIL' FOOL'S\u2618\ufe0f\n|-heal|p2b: \ud83d\udc90APRIL' FOOL'S\u2618\ufe0f|97\/100|[silent]\n|upkeep\n|turn|14\n|\n|t:|1699356041\n|move|p2b: \ud83d\udc90APRIL' FOOL'S\u2618\ufe0f|Sunny Day|p2b: \ud83d\udc90APRIL' FOOL'S\u2618\ufe0f\n|-weather|SunnyDay\n|move|p2a: \ud83c\udf3aSERPERIOR\ud83c\udf31|Giga Drain|p1b: Corsola\n|-damage|p1b: Corsola|0 fnt\n|-heal|p2a: \ud83c\udf3aSERPERIOR\ud83c\udf31|58\/100|[from] drain|[of] p1b: Corsola\n|-start|p2a: \ud83c\udf3aSERPERIOR\ud83c\udf31|Disable|Giga Drain|[from] ability: Cursed Body|[of] p1b: Corsola\n|faint|p1b: Corsola\n|cant|p1a: Lurantis|par\n|\n|-weather|SunnyDay|[upkeep]\n|-heal|p2b: \ud83d\udc90APRIL' FOOL'S\u2618\ufe0f|100\/100|[from] Grassy Terrain\n|-heal|p2a: \ud83c\udf3aSERPERIOR\ud83c\udf31|64\/100|[from] Grassy Terrain\n|-heal|p1a: Lurantis|94\/100 par|[from] Grassy Terrain\n|-damage|p1a: Lurantis|82\/100 par|[from] Leech Seed|[of] p2b: \ud83d\udc90APRIL' FOOL'S\u2618\ufe0f\n|upkeep\n|\n|t:|1699356049\n|switch|p1b: Espeon|Espeon, F|100\/100\n|turn|15\n|\n|t:|1699356065\n|move|p2b: \ud83d\udc90APRIL' FOOL'S\u2618\ufe0f|Solar Beam||[still]\n|-prepare|p2b: \ud83d\udc90APRIL' FOOL'S\u2618\ufe0f|Solar Beam\n|-anim|p2b: \ud83d\udc90APRIL' FOOL'S\u2618\ufe0f|Solar Beam|p1a: Lurantis\n|-resisted|p1a: Lurantis\n|-damage|p1a: Lurantis|50\/100 par\n|move|p2a: \ud83c\udf3aSERPERIOR\ud83c\udf31|Leaf Storm|p1b: Espeon\n|-crit|p1b: Espeon\n|-enditem|p1b: Espeon|Focus Sash\n|-damage|p1b: Espeon|1\/100\n|-boost|p2a: \ud83c\udf3aSERPERIOR\ud83c\udf31|spa|2\n|move|p1b: Espeon|Psych Up|p2a: \ud83c\udf3aSERPERIOR\ud83c\udf31\n|-copyboost|p1b: Espeon|p2a: \ud83c\udf3aSERPERIOR\ud83c\udf31|[from] move: Psych Up\n|cant|p1a: Lurantis|par\n|\n|-weather|SunnyDay|[upkeep]\n|-heal|p2a: \ud83c\udf3aSERPERIOR\ud83c\udf31|70\/100|[from] Grassy Terrain\n|-heal|p1b: Espeon|7\/100|[from] Grassy Terrain\n|-heal|p1a: Lurantis|56\/100 par|[from] Grassy Terrain\n|-damage|p1a: Lurantis|44\/100 par|[from] Leech Seed|[of] p2b: \ud83d\udc90APRIL' FOOL'S\u2618\ufe0f\n|upkeep\n|turn|16\n|\n|t:|1699356089\n|move|p2b: \ud83d\udc90APRIL' FOOL'S\u2618\ufe0f|Solar Beam||[still]\n|-prepare|p2b: \ud83d\udc90APRIL' FOOL'S\u2618\ufe0f|Solar Beam\n|-anim|p2b: \ud83d\udc90APRIL' FOOL'S\u2618\ufe0f|Solar Beam|p1a: Lurantis\n|-resisted|p1a: Lurantis\n|-damage|p1a: Lurantis|10\/100 par\n|move|p2a: \ud83c\udf3aSERPERIOR\ud83c\udf31|Leaf Storm|p1b: Espeon\n|-damage|p1b: Espeon|0 fnt\n|-boost|p2a: \ud83c\udf3aSERPERIOR\ud83c\udf31|spa|2\n|faint|p1b: Espeon\n|move|p1a: Lurantis|Leech Life|p2a: \ud83c\udf3aSERPERIOR\ud83c\udf31\n|-supereffective|p2a: \ud83c\udf3aSERPERIOR\ud83c\udf31\n|-damage|p2a: \ud83c\udf3aSERPERIOR\ud83c\udf31|0 fnt\n|-heal|p1a: Lurantis|40\/100 par|[from] drain|[of] p2a: \ud83c\udf3aSERPERIOR\ud83c\udf31\n|faint|p2a: \ud83c\udf3aSERPERIOR\ud83c\udf31\n|\n|-weather|SunnyDay|[upkeep]\n|-heal|p1a: Lurantis|46\/100 par|[from] Grassy Terrain\n|-damage|p1a: Lurantis|34\/100 par|[from] Leech Seed|[of] p2b: \ud83d\udc90APRIL' FOOL'S\u2618\ufe0f\n|upkeep\n|inactive|FLOWER-M0DE\u267b\ufe0f has 120 seconds left.\n|\n|t:|1699356109\n|switch|p2a: \ud83c\udf3a\ud83c\udf43VENUSAUR\u2618\ufe0f\ud83c\udf40|Venusaur, M, shiny|100\/100\n|turn|17\n|\n|t:|1699356117\n|detailschange|p2a: \ud83c\udf3a\ud83c\udf43VENUSAUR\u2618\ufe0f\ud83c\udf40|Venusaur-Mega, M, shiny\n|-mega|p2a: \ud83c\udf3a\ud83c\udf43VENUSAUR\u2618\ufe0f\ud83c\udf40|Venusaur|Venusaurite\n|move|p2b: \ud83d\udc90APRIL' FOOL'S\u2618\ufe0f|Solar Beam||[still]\n|-prepare|p2b: \ud83d\udc90APRIL' FOOL'S\u2618\ufe0f|Solar Beam\n|-anim|p2b: \ud83d\udc90APRIL' FOOL'S\u2618\ufe0f|Solar Beam|p1a: Lurantis\n|-resisted|p1a: Lurantis\n|-damage|p1a: Lurantis|0 fnt\n|faint|p1a: Lurantis\n|\n|win|FLOWER-M0DE\u267b\ufe0f\n|raw|Epilepsy Espeon's rating: 1167 &rarr; <strong>1131<\/strong><br \/>(-36 for losing)\n|raw|FLOWER-M0DE\u267b\ufe0f's rating: 1000 &rarr; <strong>1058<\/strong><br \/>(+58 for winning)\n|l|\u2606Epilepsy Espeon\n","uploadtime":1699356452,"views":5,"p1id":"epilepsyespeon","p2id":"flowerm0de","formatid":"gen9nationaldexdoubles","rating":1058,"private":0,"password":""}