{"id":"gen9nationaldexdoubles-1967191452","p1":"Sinnoh Athens 420","p2":"winlike","format":"[Gen 9] National Dex Doubles","log":"|j|\u2606Sinnoh Athens 420\n|j|\u2606winlike\n|t:|1697268569\n|gametype|doubles\n|player|p1|Sinnoh Athens 420|265|1220\n|player|p2|winlike|red|1384\n|teamsize|p1|6\n|teamsize|p2|6\n|gen|9\n|tier|[Gen 9] National Dex Doubles\n|rated|\n|rule|HP Percentage Mod: HP is shown in percentages\n|rule|Endless Battle Clause: Forcing endless battles is banned\n|rule|OHKO Clause: OHKO moves are banned\n|rule|Evasion Moves Clause: Evasion moves are banned\n|rule|Evasion Abilities Clause: Evasion abilities are banned\n|rule|Species Clause: Limit one of each Pok\u00e9mon\n|rule|Gravity Sleep Clause: The combination of sleep-inducing moves with imperfect accuracy and Gravity or Gigantamax Orbeetle are banned\n|clearpoke\n|poke|p1|Muk-Alola, M|\n|poke|p1|Toxapex, M|\n|poke|p1|Venusaur, M|\n|poke|p1|Salazzle, F|\n|poke|p1|Drapion, M|\n|poke|p1|Nihilego|\n|poke|p2|Ogerpon-Hearthflame, F|\n|poke|p2|Heatran, F|\n|poke|p2|Chien-Pao|\n|poke|p2|Dragonite, F|\n|poke|p2|Amoonguss, M|\n|poke|p2|Charizard, M|\n|teampreview\n|inactive|Battle timer is ON: inactive players will automatically lose when time's up. (requested by Sinnoh Athens 420)\n|\n|t:|1697268590\n|start\n|switch|p1a: Muk|Muk-Alola, M, shiny|100\/100\n|switch|p1b: Salazzle|Salazzle, F, shiny|100\/100\n|switch|p2a: Heatran|Heatran, F|100\/100\n|switch|p2b: Dragonite|Dragonite, F|100\/100\n|turn|1\n|\n|t:|1697268612\n|move|p1b: Salazzle|Poison Gas|p2a: Heatran|[spread] p2a,p2b\n|-status|p2a: Heatran|psn\n|-status|p2b: Dragonite|psn\n|move|p2b: Dragonite|Iron Head|p1b: Salazzle\n|-resisted|p1b: Salazzle\n|-damage|p1b: Salazzle|63\/100\n|move|p2a: Heatran|Earth Power|p1b: Salazzle\n|-supereffective|p1b: Salazzle\n|-damage|p1b: Salazzle|0 fnt\n|faint|p1b: Salazzle\n|-ability|p1a: Muk|Corrosion|[from] ability: Power of Alchemy|[of] p1b: Salazzle\n|move|p1a: Muk|Venom Drench|p2b: Dragonite|[spread] p2a,p2b\n|-unboost|p2a: Heatran|atk|1\n|-unboost|p2a: Heatran|spa|1\n|-unboost|p2a: Heatran|spe|1\n|-unboost|p2b: Dragonite|atk|1\n|-unboost|p2b: Dragonite|spa|1\n|-unboost|p2b: Dragonite|spe|1\n|\n|-damage|p2b: Dragonite|88\/100 psn|[from] psn\n|-damage|p2a: Heatran|88\/100 psn|[from] psn\n|upkeep\n|inactive|Sinnoh Athens 420 has 120 seconds left.\n|\n|t:|1697268635\n|switch|p1b: Toxapex|Toxapex, M|100\/100\n|turn|2\n|\n|t:|1697268644\n|switch|p2a: Amoonguss|Amoonguss, M|100\/100\n|move|p2b: Dragonite|Iron Head|p1a: Muk\n|-damage|p1a: Muk|77\/100\n|move|p1a: Muk|Stockpile|p1a: Muk\n|-start|p1a: Muk|stockpile1\n|-boost|p1a: Muk|def|1\n|-boost|p1a: Muk|spd|1\n|move|p1b: Toxapex|Stockpile|p1b: Toxapex\n|-start|p1b: Toxapex|stockpile1\n|-boost|p1b: Toxapex|def|1\n|-boost|p1b: Toxapex|spd|1\n|\n|-damage|p2b: Dragonite|76\/100 psn|[from] psn\n|upkeep\n|turn|3\n|\n|t:|1697268663\n|switch|p2b: Ogerpon|Ogerpon-Hearthflame, F|100\/100\n|-ability|p2b: Ogerpon|Mold Breaker\n|move|p1a: Muk|Poison Gas|p2a: Amoonguss|[spread] p2a,p2b\n|-status|p2a: Amoonguss|psn\n|-status|p2b: Ogerpon|psn\n|move|p1b: Toxapex|Stockpile|p1b: Toxapex\n|-start|p1b: Toxapex|stockpile2\n|-boost|p1b: Toxapex|def|1\n|-boost|p1b: Toxapex|spd|1\n|move|p2a: Amoonguss|Spore|p1b: Toxapex\n|-status|p1b: Toxapex|slp|[from] move: Spore\n|\n|-damage|p2b: Ogerpon|88\/100 psn|[from] psn\n|-damage|p2a: Amoonguss|88\/100 psn|[from] psn\n|upkeep\n|turn|4\n|\n|t:|1697268684\n|move|p2b: Ogerpon|Swords Dance|p2b: Ogerpon\n|-boost|p2b: Ogerpon|atk|2\n|move|p1a: Muk|Venom Drench|p2b: Ogerpon|[spread] p2a,p2b\n|-unboost|p2a: Amoonguss|atk|1\n|-unboost|p2a: Amoonguss|spa|1\n|-unboost|p2a: Amoonguss|spe|1\n|-unboost|p2b: Ogerpon|atk|1\n|-unboost|p2b: Ogerpon|spa|1\n|-unboost|p2b: Ogerpon|spe|1\n|cant|p1b: Toxapex|slp\n|move|p2a: Amoonguss|Spore|p1a: Muk\n|-status|p1a: Muk|slp|[from] move: Spore\n|\n|-damage|p2b: Ogerpon|76\/100 psn|[from] psn\n|-damage|p2a: Amoonguss|75\/100 psn|[from] psn\n|upkeep\n|turn|5\n|inactive|winlike has 120 seconds left.\n|\n|t:|1697268736\n|move|p2b: Ogerpon|Swords Dance|p2b: Ogerpon\n|-boost|p2b: Ogerpon|atk|2\n|cant|p1a: Muk|slp\n|cant|p1b: Toxapex|slp\n|move|p2a: Amoonguss|Pollen Puff|p2b: Ogerpon\n|-heal|p2b: Ogerpon|100\/100 psn\n|\n|-damage|p2b: Ogerpon|88\/100 psn|[from] psn\n|-damage|p2a: Amoonguss|63\/100 psn|[from] psn\n|upkeep\n|turn|6\n|inactive|winlike has 120 seconds left.\n|\n|t:|1697268752\n|move|p2b: Ogerpon|Swords Dance|p2b: Ogerpon\n|-boost|p2b: Ogerpon|atk|2\n|cant|p1a: Muk|slp\n|cant|p1b: Toxapex|slp\n|move|p2a: Amoonguss|Pollen Puff|p2b: Ogerpon\n|-heal|p2b: Ogerpon|100\/100 psn\n|\n|-damage|p2b: Ogerpon|88\/100 psn|[from] psn\n|-damage|p2a: Amoonguss|50\/100 psn|[from] psn\n|upkeep\n|turn|7\n|\n|t:|1697268767\n|switch|p2a: Chien-Pao|Chien-Pao|100\/100\n|-ability|p2a: Chien-Pao|Sword of Ruin\n|-terastallize|p2b: Ogerpon|Fire\n|detailschange|p2b: Ogerpon|Ogerpon-Hearthflame-Tera, F, tera:Fire\n|-ability|p2b: Ogerpon|Embody Aspect (Hearthflame)|boost\n|-boost|p2b: Ogerpon|atk|1\n|move|p2b: Ogerpon|Ivy Cudgel|p1b: Toxapex\n|-resisted|p1b: Toxapex\n|-damage|p1b: Toxapex|18\/100 slp\n|-curestatus|p1a: Muk|slp|[msg]\n|-zpower|p1a: Muk\n|move|p1a: Muk|Z-Stockpile|p1a: Muk|[anim]Stockpile\n|-heal|p1a: Muk|100\/100|[zeffect]\n|-start|p1a: Muk|stockpile2\n|-boost|p1a: Muk|def|1\n|-boost|p1a: Muk|spd|1\n|-curestatus|p1b: Toxapex|slp|[msg]\n|move|p1b: Toxapex|Muddy Water|p2b: Ogerpon|[spread] p2a\n|-miss|p1b: Toxapex|p2b: Ogerpon\n|-damage|p2a: Chien-Pao|67\/100\n|-unboost|p2a: Chien-Pao|accuracy|1\n|\n|-heal|p1b: Toxapex|24\/100|[from] item: Black Sludge\n|-damage|p2b: Ogerpon|76\/100 psn|[from] psn\n|upkeep\n|turn|8\n|\n|t:|1697268796\n|move|p2a: Chien-Pao|Protect|p2a: Chien-Pao\n|-singleturn|p2a: Chien-Pao|Protect\n|move|p1b: Toxapex|Baneful Bunker|p1b: Toxapex\n|-singleturn|p1b: Toxapex|move: Protect\n|move|p2b: Ogerpon|Ivy Cudgel|p1b: Toxapex\n|-activate|p1b: Toxapex|move: Protect\n|move|p1a: Muk|Venom Drench|p2b: Ogerpon|[spread] p2b\n|-activate|p2a: Chien-Pao|move: Protect\n|-unboost|p2b: Ogerpon|atk|1\n|-unboost|p2b: Ogerpon|spa|1\n|-unboost|p2b: Ogerpon|spe|1\n|\n|-heal|p1b: Toxapex|30\/100|[from] item: Black Sludge\n|-damage|p2b: Ogerpon|64\/100 psn|[from] psn\n|upkeep\n|turn|9\n|inactive|winlike has 120 seconds left.\n|\n|t:|1697268839\n|switch|p2a: Amoonguss|Amoonguss, M|84\/100 psn\n|move|p2b: Ogerpon|Ivy Cudgel|p1b: Toxapex\n|-resisted|p1b: Toxapex\n|-damage|p1b: Toxapex|0 fnt\n|faint|p1b: Toxapex\n|move|p1a: Muk|Venom Drench|p2b: Ogerpon|[spread] p2a,p2b\n|-unboost|p2a: Amoonguss|atk|1\n|-unboost|p2a: Amoonguss|spa|1\n|-unboost|p2a: Amoonguss|spe|1\n|-unboost|p2b: Ogerpon|atk|1\n|-unboost|p2b: Ogerpon|spa|1\n|-unboost|p2b: Ogerpon|spe|1\n|\n|-damage|p2b: Ogerpon|51\/100 psn|[from] psn\n|-damage|p2a: Amoonguss|71\/100 psn|[from] psn\n|upkeep\n|inactive|Sinnoh Athens 420 has 120 seconds left.\n|\n|t:|1697268856\n|switch|p1b: Nihilego|Nihilego, shiny|100\/100\n|turn|10\n|\n|t:|1697268868\n|move|p2a: Amoonguss|Rage Powder|p2a: Amoonguss\n|-singleturn|p2a: Amoonguss|move: Rage Powder\n|move|p1b: Nihilego|Meteor Beam||[still]\n|-prepare|p1b: Nihilego|Meteor Beam\n|-boost|p1b: Nihilego|spa|1\n|-enditem|p1b: Nihilego|Power Herb\n|-anim|p1b: Nihilego|Meteor Beam|p2a: Amoonguss|[miss]\n|-miss|p1b: Nihilego|p2a: Amoonguss\n|move|p2b: Ogerpon|Horn Leech|p1b: Nihilego\n|-damage|p1b: Nihilego|0 fnt\n|-heal|p2b: Ogerpon|100\/100 psn|[from] drain|[of] p1b: Nihilego\n|faint|p1b: Nihilego\n|move|p1a: Muk|Venom Drench|p2b: Ogerpon|[spread] p2a,p2b\n|-unboost|p2a: Amoonguss|atk|1\n|-unboost|p2a: Amoonguss|spa|1\n|-unboost|p2a: Amoonguss|spe|1\n|-unboost|p2b: Ogerpon|atk|1\n|-unboost|p2b: Ogerpon|spa|1\n|-unboost|p2b: Ogerpon|spe|1\n|\n|-damage|p2b: Ogerpon|88\/100 psn|[from] psn\n|-damage|p2a: Amoonguss|59\/100 psn|[from] psn\n|upkeep\n|inactive|Sinnoh Athens 420 has 120 seconds left.\n|\n|t:|1697268893\n|switch|p1b: Drapion|Drapion, M, shiny|100\/100\n|turn|11\n|inactive|winlike has 120 seconds left.\n|\n|t:|1697268945\n|-terastallize|p1b: Drapion|Ground\n|move|p1a: Muk|Protect|p1a: Muk\n|-singleturn|p1a: Muk|Protect\n|move|p1b: Drapion|Earthquake|p2b: Ogerpon|[spread] p2a,p2b\n|-activate|p1a: Muk|move: Protect\n|-supereffective|p2b: Ogerpon\n|-damage|p2a: Amoonguss|25\/100 psn\n|-damage|p2b: Ogerpon|7\/100 psn\n|move|p2b: Ogerpon|Horn Leech|p1b: Drapion\n|-supereffective|p1b: Drapion\n|-damage|p1b: Drapion|0 fnt\n|-heal|p2b: Ogerpon|53\/100 psn|[from] drain|[of] p1b: Drapion\n|faint|p1b: Drapion\n|move|p2a: Amoonguss|Spore|p1a: Muk\n|-activate|p1a: Muk|move: Protect\n|\n|-damage|p2b: Ogerpon|41\/100 psn|[from] psn\n|-damage|p2a: Amoonguss|12\/100 psn|[from] psn\n|upkeep\n|\n|t:|1697268964\n|switch|p1b: Venusaur|Venusaur, M|100\/100\n|turn|12\n|inactive|winlike has 120 seconds left.\n|\n|t:|1697268978\n|detailschange|p1b: Venusaur|Venusaur-Mega, M\n|-mega|p1b: Venusaur|Venusaur|Venusaurite\n|move|p1b: Venusaur|Sludge Bomb|p2b: Ogerpon\n|-damage|p2b: Ogerpon|0 fnt\n|faint|p2b: Ogerpon\n|move|p1a: Muk|Venom Drench|p2a: Amoonguss\n|-unboost|p2a: Amoonguss|atk|1\n|-unboost|p2a: Amoonguss|spa|1\n|-unboost|p2a: Amoonguss|spe|1\n|move|p2a: Amoonguss|Spore|p1a: Muk\n|-status|p1a: Muk|slp|[from] move: Spore\n|\n|-damage|p2a: Amoonguss|0 fnt|[from] psn\n|faint|p2a: Amoonguss\n|upkeep\n|inactive|winlike has 120 seconds left.\n|\n|t:|1697268995\n|switch|p2b: Dragonite|Dragonite, F|76\/100 psn\n|switch|p2a: Chien-Pao|Chien-Pao|67\/100\n|-ability|p2a: Chien-Pao|Sword of Ruin\n|turn|13\n|\n|t:|1697269016\n|move|p2a: Chien-Pao|Ice Spinner|p1a: Muk\n|-damage|p1a: Muk|81\/100 slp\n|move|p1b: Venusaur|Giga Drain|p2a: Chien-Pao\n|-damage|p2a: Chien-Pao|0 fnt\n|faint|p2a: Chien-Pao\n|move|p2b: Dragonite|Iron Head|p1a: Muk\n|-damage|p1a: Muk|64\/100 slp\n|cant|p1a: Muk|slp\n|\n|-damage|p2b: Dragonite|63\/100 psn|[from] psn\n|upkeep\n|\n|t:|1697269026\n|switch|p2a: Charizard|Charizard, M|100\/100\n|turn|14\n|\n|t:|1697269042\n|detailschange|p2a: Charizard|Charizard-Mega-Y, M\n|-mega|p2a: Charizard|Charizard|Charizardite Y\n|-weather|SunnyDay|[from] ability: Drought|[of] p2a: Charizard\n|move|p2a: Charizard|Heat Wave|p1a: Muk|[spread] p1a,p1b\n|-supereffective|p1b: Venusaur\n|-damage|p1a: Muk|37\/100 slp\n|-damage|p1b: Venusaur|44\/100\n|move|p1b: Venusaur|Sludge Bomb|p2a: Charizard\n|-damage|p2a: Charizard|48\/100\n|-status|p2a: Charizard|psn\n|move|p2b: Dragonite|Iron Head|p1b: Venusaur\n|-damage|p1b: Venusaur|7\/100\n|cant|p1a: Muk|slp\n|\n|-weather|SunnyDay|[upkeep]\n|-damage|p2a: Charizard|36\/100 psn|[from] psn\n|-damage|p2b: Dragonite|51\/100 psn|[from] psn\n|upkeep\n|turn|15\n|\n|t:|1697269063\n|switch|p2b: Heatran|Heatran, F|88\/100 psn\n|move|p1b: Venusaur|Protect|p1b: Venusaur\n|-singleturn|p1b: Venusaur|Protect\n|move|p2a: Charizard|Heat Wave|p1a: Muk|[spread] p1a\n|-activate|p1b: Venusaur|move: Protect\n|-damage|p1a: Muk|9\/100 slp\n|-curestatus|p1a: Muk|slp|[msg]\n|move|p1a: Muk|Venom Drench|p2a: Charizard|[spread] p2a,p2b\n|-unboost|p2a: Charizard|atk|1\n|-unboost|p2a: Charizard|spa|1\n|-unboost|p2a: Charizard|spe|1\n|-unboost|p2b: Heatran|atk|1\n|-unboost|p2b: Heatran|spa|1\n|-unboost|p2b: Heatran|spe|1\n|\n|-weather|SunnyDay|[upkeep]\n|-damage|p2a: Charizard|23\/100 psn|[from] psn\n|-damage|p2b: Heatran|76\/100 psn|[from] psn\n|upkeep\n|turn|16\n|\n|t:|1697269090\n|move|p2a: Charizard|Heat Wave|p1a: Muk|[spread] p1a\n|-miss|p2a: Charizard|p1b: Venusaur\n|-damage|p1a: Muk|0 fnt\n|faint|p1a: Muk\n|move|p1b: Venusaur|Sludge Bomb|p2a: Charizard\n|-damage|p2a: Charizard|0 fnt\n|faint|p2a: Charizard\n|move|p2b: Heatran|Heat Wave|p1b: Venusaur\n|-supereffective|p1b: Venusaur\n|-damage|p1b: Venusaur|0 fnt\n|faint|p1b: Venusaur\n|\n|win|winlike\n|raw|Sinnoh Athens 420's rating: 1220 &rarr; <strong>1206<\/strong><br \/>(-14 for losing)\n|raw|winlike's rating: 1384 &rarr; <strong>1395<\/strong><br \/>(+11 for winning)\n|l|\u2606Sinnoh Athens 420\n","uploadtime":1697269106,"views":12,"p1id":"sinnohathens420","p2id":"winlike","formatid":"gen9nationaldexdoubles","rating":1206,"private":0,"password":""}