{"id":"gen9nationaldexdoubles-1984962121","p1":"rfhi","p2":"BirbOnFire","format":"[Gen 9] National Dex Doubles","log":"|j|\u2606rfhi\n|j|\u2606BirbOnFire\n|t:|1699315224\n|gametype|doubles\n|player|p1|rfhi|proton|1293\n|player|p2|BirbOnFire|rollerskaterf|1208\n|teamsize|p1|6\n|teamsize|p2|6\n|gen|9\n|tier|[Gen 9] National Dex Doubles\n|rated|\n|rule|HP Percentage Mod: HP is shown in percentages\n|rule|Endless Battle Clause: Forcing endless battles is banned\n|rule|OHKO Clause: OHKO moves are banned\n|rule|Evasion Moves Clause: Evasion moves are banned\n|rule|Evasion Abilities Clause: Evasion abilities are banned\n|rule|Species Clause: Limit one of each Pok\u00e9mon\n|rule|Gravity Sleep Clause: The combination of sleep-inducing moves with imperfect accuracy and Gravity or Gigantamax Orbeetle are banned\n|clearpoke\n|poke|p1|Ninetales-Alola, F|\n|poke|p1|Kyurem-Black|\n|poke|p1|Victini|\n|poke|p1|Ogerpon-Wellspring, F|\n|poke|p1|Tornadus, M|\n|poke|p1|Gardevoir, M|\n|poke|p2|Beheeyem, M|\n|poke|p2|Gourgeist-*, F|\n|poke|p2|Indeedee-F, F|\n|poke|p2|Ambipom, F|\n|poke|p2|Nihilego|\n|poke|p2|Tsareena, F|\n|teampreview\n|inactive|Battle timer is ON: inactive players will automatically lose when time's up. (requested by rfhi)\n|inactive|BirbOnFire has 120 seconds left.\n|\n|t:|1699315264\n|start\n|switch|p1a: Tornadus|Tornadus, M|100\/100\n|switch|p1b: Gardevoir|Gardevoir, M|100\/100\n|switch|p2a: Beheeyem|Beheeyem, M, shiny|100\/100\n|switch|p2b: Gourgeist|Gourgeist-Super, F|100\/100\n|-ability|p1b: Gardevoir|Pickup|[from] ability: Trace|[of] p2b: Gourgeist\n|turn|1\n|\n|t:|1699315283\n|detailschange|p1b: Gardevoir|Gardevoir-Mega, M\n|-mega|p1b: Gardevoir|Gardevoir|Gardevoirite\n|move|p2a: Beheeyem|Protect|p2a: Beheeyem\n|-singleturn|p2a: Beheeyem|Protect\n|move|p1a: Tornadus|Tailwind|p1a: Tornadus\n|-sidestart|p1: rfhi|move: Tailwind\n|move|p1b: Gardevoir|Hyper Voice|p2b: Gourgeist|[spread] p2b\n|-activate|p2a: Beheeyem|move: Protect\n|-damage|p2b: Gourgeist|42\/100\n|move|p2b: Gourgeist|Trick Room|p2b: Gourgeist\n|-fieldstart|move: Trick Room|[of] p2b: Gourgeist\n|-enditem|p2b: Gourgeist|Room Service\n|-unboost|p2b: Gourgeist|spe|1|[from] item: Room Service\n|\n|upkeep\n|turn|2\n|\n|t:|1699315309\n|move|p1a: Tornadus|Taunt|p2a: Beheeyem\n|-start|p2a: Beheeyem|move: Taunt\n|move|p2b: Gourgeist|Poltergeist|p1b: Gardevoir\n|-activate|p1b: Gardevoir|move: Poltergeist|Gardevoirite\n|-supereffective|p1b: Gardevoir\n|-damage|p1b: Gardevoir|0 fnt\n|faint|p1b: Gardevoir\n|move|p2a: Beheeyem|Meteor Beam||[still]\n|-prepare|p2a: Beheeyem|Meteor Beam\n|-boost|p2a: Beheeyem|spa|1\n|-enditem|p2a: Beheeyem|Power Herb\n|-anim|p2a: Beheeyem|Meteor Beam|p1a: Tornadus\n|-supereffective|p1a: Tornadus\n|-damage|p1a: Tornadus|0 fnt\n|faint|p1a: Tornadus\n|\n|-item|p2b: Gourgeist|Power Herb|[from] ability: Pickup\n|upkeep\n|inactive|rfhi has 120 seconds left.\n|\n|t:|1699315328\n|switch|p1b: Ogerpon|Ogerpon-Wellspring, F|100\/100\n|switch|p1a: Ninetales|Ninetales-Alola, F|100\/100\n|-weather|Snow|[from] ability: Snow Warning|[of] p1a: Ninetales\n|turn|3\n|\n|t:|1699315338\n|switch|p2b: Indeedee|Indeedee-F, F|100\/100\n|-fieldstart|move: Psychic Terrain|[from] ability: Psychic Surge|[of] p2b: Indeedee\n|-terastallize|p1b: Ogerpon|Water\n|detailschange|p1b: Ogerpon|Ogerpon-Wellspring-Tera, F, tera:Water\n|-ability|p1b: Ogerpon|Embody Aspect (Wellspring)|boost\n|-boost|p1b: Ogerpon|spd|1\n|move|p1b: Ogerpon|Follow Me|p1b: Ogerpon\n|-singleturn|p1b: Ogerpon|move: Follow Me\n|move|p2a: Beheeyem|Expanding Force|p1b: Ogerpon|[spread] p1a,p1b\n|-damage|p1a: Ninetales|13\/100\n|-damage|p1b: Ogerpon|42\/100\n|move|p1a: Ninetales|Aurora Veil|p1a: Ninetales\n|-sidestart|p1: rfhi|move: Aurora Veil\n|\n|-weather|Snow|[upkeep]\n|upkeep\n|turn|4\n|\n|t:|1699315361\n|move|p2b: Indeedee|Follow Me|p2b: Indeedee\n|-singleturn|p2b: Indeedee|move: Follow Me\n|move|p2a: Beheeyem|Expanding Force|p1a: Ninetales|[spread] p1a,p1b\n|-damage|p1a: Ninetales|0 fnt\n|-damage|p1b: Ogerpon|3\/100\n|faint|p1a: Ninetales\n|move|p1b: Ogerpon|Leech Seed|p2b: Indeedee\n|-start|p2b: Indeedee|move: Leech Seed\n|\n|-weather|Snow|[upkeep]\n|-damage|p2b: Indeedee|88\/100|[from] Leech Seed|[of] p1b: Ogerpon\n|-heal|p1b: Ogerpon|14\/100|[silent]\n|-end|p2a: Beheeyem|move: Taunt\n|-sideend|p1: rfhi|move: Tailwind\n|upkeep\n|inactive|rfhi has 120 seconds left.\n|\n|t:|1699315378\n|switch|p1a: Victini|Victini|100\/100\n|turn|5\n|\n|t:|1699315399\n|move|p2b: Indeedee|Follow Me|p2b: Indeedee\n|-singleturn|p2b: Indeedee|move: Follow Me\n|move|p2a: Beheeyem|Expanding Force|p1a: Victini|[spread] p1a,p1b\n|-resisted|p1a: Victini\n|-damage|p1a: Victini|66\/100\n|-damage|p1b: Ogerpon|0 fnt\n|faint|p1b: Ogerpon\n|move|p1a: Victini|Fusion Flare|p2b: Indeedee\n|-crit|p2b: Indeedee\n|-damage|p2b: Indeedee|0 fnt\n|faint|p2b: Indeedee\n|-damage|p1a: Victini|56\/100|[from] item: Life Orb\n|\n|-weather|Snow|[upkeep]\n|-fieldend|move: Trick Room\n|upkeep\n|\n|t:|1699315418\n|switch|p2b: Nihilego|Nihilego|100\/100\n|switch|p1b: Kyurem|Kyurem-Black|100\/100\n|-ability|p1b: Kyurem|Teravolt\n|turn|6\n|\n|t:|1699315435\n|-terastallize|p2a: Beheeyem|Rock\n|move|p2b: Nihilego|Meteor Beam||[still]\n|-prepare|p2b: Nihilego|Meteor Beam\n|-boost|p2b: Nihilego|spa|1\n|-enditem|p2b: Nihilego|Power Herb\n|-anim|p2b: Nihilego|Meteor Beam|p1b: Kyurem\n|-supereffective|p1b: Kyurem\n|-damage|p1b: Kyurem|0 fnt\n|faint|p1b: Kyurem\n|-ability|p2b: Nihilego|Beast Boost|boost\n|-boost|p2b: Nihilego|spa|1\n|move|p1a: Victini|Fusion Flare|p2a: Beheeyem\n|-resisted|p2a: Beheeyem\n|-damage|p2a: Beheeyem|74\/100\n|-damage|p1a: Victini|46\/100|[from] item: Life Orb\n|move|p2a: Beheeyem|Expanding Force|p1a: Victini\n|-resisted|p1a: Victini\n|-damage|p1a: Victini|0 fnt\n|faint|p1a: Victini\n|\n|win|BirbOnFire\n|raw|rfhi's rating: 1293 &rarr; <strong>1262<\/strong><br \/>(-31 for losing)\n|raw|BirbOnFire's rating: 1208 &rarr; <strong>1239<\/strong><br \/>(+31 for winning)\n","uploadtime":1699315448,"views":5,"p1id":"rfhi","p2id":"birbonfire","formatid":"gen9nationaldexdoubles","rating":1239,"private":0,"password":""}