{"id":"gen9nationaldexdoubles-1968463421","p1":"AngryHippo873","p2":"fumbari 24","format":"[Gen 9] National Dex Doubles","log":"|j|\u2606AngryHippo873\n|j|\u2606fumbari 24\n|t:|1697421274\n|gametype|doubles\n|player|p1|AngryHippo873|giovanni|1208\n|player|p2|fumbari 24|hilbert|1411\n|teamsize|p1|6\n|teamsize|p2|6\n|gen|9\n|tier|[Gen 9] National Dex Doubles\n|rated|\n|rule|HP Percentage Mod: HP is shown in percentages\n|rule|Endless Battle Clause: Forcing endless battles is banned\n|rule|OHKO Clause: OHKO moves are banned\n|rule|Evasion Moves Clause: Evasion moves are banned\n|rule|Evasion Abilities Clause: Evasion abilities are banned\n|rule|Species Clause: Limit one of each Pok\u00e9mon\n|rule|Gravity Sleep Clause: The combination of sleep-inducing moves with imperfect accuracy and Gravity or Gigantamax Orbeetle are banned\n|clearpoke\n|poke|p1|Ribombee, F|\n|poke|p1|Zapdos|\n|poke|p1|Amoonguss, F|\n|poke|p1|Tornadus, M|\n|poke|p1|Gholdengo|\n|poke|p1|Charizard, M|\n|poke|p2|Urshifu-*, M|\n|poke|p2|Skarmory, M|\n|poke|p2|Blastoise, M|\n|poke|p2|Meowscarada, M|\n|poke|p2|Ting-Lu|\n|poke|p2|Ceruledge, M|\n|teampreview\n|inactive|Battle timer is ON: inactive players will automatically lose when time's up. (requested by fumbari 24)\n|\n|t:|1697421300\n|start\n|switch|p1a: Ribombee|Ribombee, F|100\/100\n|switch|p1b: Tornadus|Tornadus, M|100\/100\n|switch|p2a: Ting-Lu|Ting-Lu|100\/100\n|switch|p2b: Harbor|Blastoise, M|100\/100\n|-ability|p2a: Ting-Lu|Vessel of Ruin\n|turn|1\n|\n|t:|1697421317\n|move|p2b: Harbor|Fake Out|p1a: Ribombee\n|-damage|p1a: Ribombee|86\/100\n|move|p1b: Tornadus|Tailwind|p1b: Tornadus\n|-sidestart|p1: AngryHippo873|move: Tailwind\n|move|p1a: Ribombee|Quiver Dance|p1a: Ribombee\n|-boost|p1a: Ribombee|spa|1\n|-boost|p1a: Ribombee|spd|1\n|-boost|p1a: Ribombee|spe|1\n|move|p2a: Ting-Lu|Heavy Slam|p1a: Ribombee\n|-supereffective|p1a: Ribombee\n|-damage|p1a: Ribombee|0 fnt\n|faint|p1a: Ribombee\n|\n|upkeep\n|\n|t:|1697421333\n|switch|p1a: Zapdos|Zapdos|100\/100\n|turn|2\n|\n|t:|1697421341\n|move|p1a: Zapdos|Thunderbolt|p2b: Harbor\n|-supereffective|p2b: Harbor\n|-crit|p2b: Harbor\n|-damage|p2b: Harbor|18\/100\n|move|p1b: Tornadus|Bleakwind Storm|p2a: Ting-Lu|[spread] p2a,p2b\n|-damage|p2a: Ting-Lu|92\/100\n|-damage|p2b: Harbor|0 fnt\n|faint|p2b: Harbor\n|move|p2a: Ting-Lu|Snarl|p1a: Zapdos|[spread] p1a,p1b\n|-damage|p1a: Zapdos|90\/100\n|-damage|p1b: Tornadus|91\/100\n|-unboost|p1a: Zapdos|spa|1\n|-unboost|p1b: Tornadus|spa|1\n|\n|upkeep\n|\n|t:|1697421365\n|switch|p2b: B.K|Ceruledge, M|100\/100\n|turn|3\n|c|\u2606AngryHippo873|!weak ting-lu\n|c| AngryHippo873|\/raw <div class=\"infobox\">Ting-Lu (ignoring abilities):<br \/><span class=\"message-effect-weak\">Weaknesses<\/span>: Bug, Fairy, Fighting, Grass, Ice, Water<br \/><span class=\"message-effect-resist\">Resistances<\/span>: Dark, Ghost, Poison, Rock<br \/><span class=\"message-effect-immune\">Immunities<\/span>: Electric, Psychic, Prankster, Sandstorm damage<\/div>\n|c|\u2606AngryHippo873|!weak ceruledge\n|c| AngryHippo873|\/raw <div class=\"infobox\">Ceruledge (ignoring abilities):<br \/><span class=\"message-effect-weak\">Weaknesses<\/span>: Dark, Ghost, Ground, Rock, Water<br \/><span class=\"message-effect-resist\">Resistances<\/span>: <b>Bug<\/b>, Fairy, Fire, Grass, Ice, Poison, Steel<br \/><span class=\"message-effect-immune\">Immunities<\/span>: Fighting, Normal, Burn, Trapping<\/div>\n|inactive|AngryHippo873 has 120 seconds left.\n|\n|t:|1697421399\n|-terastallize|p2b: B.K|Steel\n|move|p2b: B.K|Ally Switch|p2b: B.K\n|swap|p2b: B.K|0|[from] move: Ally Switch\n|move|p1a: Zapdos|Thunderbolt|p2b: Ting-Lu\n|-immune|p2b: Ting-Lu\n|move|p1b: Tornadus|Bleakwind Storm|p2b: Ting-Lu|[spread] p2a,p2b\n|-resisted|p2a: B.K\n|-damage|p2a: B.K|94\/100\n|-damage|p2b: Ting-Lu|86\/100\n|-unboost|p2b: Ting-Lu|spe|1\n|move|p2b: Ting-Lu|Snarl|p1b: Tornadus|[spread] p1a,p1b\n|-damage|p1a: Zapdos|81\/100\n|-damage|p1b: Tornadus|82\/100\n|-unboost|p1a: Zapdos|spa|1\n|-unboost|p1b: Tornadus|spa|1\n|\n|upkeep\n|turn|4\n|\n|t:|1697421415\n|switch|p1a: Amoonguss|Amoonguss, F|100\/100\n|move|p1b: Tornadus|Bleakwind Storm|p2b: Ting-Lu|[spread] \n|-miss|p1b: Tornadus|p2a: B.K\n|-miss|p1b: Tornadus|p2b: Ting-Lu\n|move|p2a: B.K|Bulk Up|p2a: B.K\n|-boost|p2a: B.K|atk|1\n|-boost|p2a: B.K|def|1\n|move|p2b: Ting-Lu|Snarl|p1a: Amoonguss|[spread] p1a,p1b\n|-damage|p1a: Amoonguss|94\/100\n|-damage|p1b: Tornadus|74\/100\n|-unboost|p1a: Amoonguss|spa|1\n|-unboost|p1b: Tornadus|spa|1\n|\n|-heal|p1a: Amoonguss|99\/100|[from] item: Leftovers\n|-sideend|p1: AngryHippo873|move: Tailwind\n|upkeep\n|turn|5\n|\n|t:|1697421433\n|move|p1b: Tornadus|Tailwind|p1b: Tornadus\n|-sidestart|p1: AngryHippo873|move: Tailwind\n|move|p2a: B.K|Bitter Blade|p1a: Amoonguss\n|-supereffective|p1a: Amoonguss\n|-damage|p1a: Amoonguss|0 fnt\n|-heal|p2a: B.K|100\/100|[from] drain|[of] p1a: Amoonguss\n|faint|p1a: Amoonguss\n|move|p2b: Ting-Lu|Ruination|p1b: Tornadus\n|-damage|p1b: Tornadus|37\/100\n|\n|upkeep\n|\n|t:|1697421438\n|switch|p1a: Charizard|Charizard, M|100\/100\n|turn|6\n|\n|t:|1697421445\n|detailschange|p1a: Charizard|Charizard-Mega-Y, M\n|-mega|p1a: Charizard|Charizard|Charizardite Y\n|-weather|SunnyDay|[from] ability: Drought|[of] p1a: Charizard\n|move|p1a: Charizard|Crunch|p2a: B.K\n|-damage|p2a: B.K|89\/100\n|move|p1b: Tornadus|Bleakwind Storm|p2b: Ting-Lu|[spread] p2a,p2b\n|-resisted|p2a: B.K\n|-damage|p2a: B.K|85\/100\n|-damage|p2b: Ting-Lu|82\/100\n|move|p2a: B.K|Bitter Blade|p1a: Charizard\n|-resisted|p1a: Charizard\n|-damage|p1a: Charizard|34\/100\n|-heal|p2a: B.K|100\/100|[from] drain|[of] p1a: Charizard\n|move|p2b: Ting-Lu|Snarl|p1b: Tornadus|[spread] p1a,p1b\n|-crit|p1b: Tornadus\n|-damage|p1a: Charizard|25\/100\n|-damage|p1b: Tornadus|24\/100\n|-unboost|p1a: Charizard|spa|1\n|-unboost|p1b: Tornadus|spa|1\n|\n|-weather|SunnyDay|[upkeep]\n|upkeep\n|turn|7\n|\n|t:|1697421473\n|move|p2a: B.K|Shadow Sneak|p1a: Charizard\n|-damage|p1a: Charizard|0 fnt\n|faint|p1a: Charizard\n|move|p1b: Tornadus|Bleakwind Storm|p2a: B.K|[spread] p2a\n|-miss|p1b: Tornadus|p2b: Ting-Lu\n|-resisted|p2a: B.K\n|-damage|p2a: B.K|97\/100\n|-unboost|p2a: B.K|spe|1\n|move|p2b: Ting-Lu|Heavy Slam|p1b: Tornadus\n|-damage|p1b: Tornadus|0 fnt\n|-damage|p2b: Ting-Lu|66\/100|[from] item: Rocky Helmet|[of] p1b: Tornadus\n|faint|p1b: Tornadus\n|\n|-weather|SunnyDay|[upkeep]\n|upkeep\n|\n|t:|1697421480\n|switch|p1a: Gholdengo|Gholdengo|100\/100\n|switch|p1b: Zapdos|Zapdos|81\/100\n|turn|8\n|\n|t:|1697421495\n|-terastallize|p1a: Gholdengo|Steel\n|move|p1b: Zapdos|Drill Peck|p2b: Ting-Lu\n|-damage|p2b: Ting-Lu|49\/100\n|move|p1a: Gholdengo|Make It Rain|p2b: Ting-Lu|[spread] p2a,p2b\n|-resisted|p2a: B.K\n|-damage|p2a: B.K|61\/100\n|-damage|p2b: Ting-Lu|20\/100\n|-unboost|p1a: Gholdengo|spa|1\n|move|p2a: B.K|Bitter Blade|p1a: Gholdengo\n|-supereffective|p1a: Gholdengo\n|-damage|p1a: Gholdengo|0 fnt\n|-heal|p2a: B.K|100\/100|[from] drain|[of] p1a: Gholdengo\n|faint|p1a: Gholdengo\n|move|p2b: Ting-Lu|Snarl|p1b: Zapdos\n|-damage|p1b: Zapdos|66\/100\n|-unboost|p1b: Zapdos|spa|1\n|\n|-weather|SunnyDay|[upkeep]\n|-sideend|p1: AngryHippo873|move: Tailwind\n|upkeep\n|turn|9\n|-message|AngryHippo873 forfeited.\n|\n|win|fumbari 24\n|raw|AngryHippo873's rating: 1208 &rarr; <strong>1196<\/strong><br \/>(-12 for losing)\n|raw|fumbari 24's rating: 1411 &rarr; <strong>1420<\/strong><br \/>(+9 for winning)\n","uploadtime":1697421510,"views":7,"p1id":"angryhippo873","p2id":"fumbari24","formatid":"gen9nationaldexdoubles","rating":1196,"private":0,"password":""}