{"id":"gen9nationaldexdoubles-1997111273","p1":"Inkubone","p2":"bignutta","format":"[Gen 9] National Dex Doubles","log":"|j|\u2606Inkubone\n|j|\u2606bignutta\n|t:|1700765622\n|gametype|doubles\n|player|p1|Inkubone|yellow|1281\n|player|p2|bignutta|brycenman|1066\n|teamsize|p1|6\n|teamsize|p2|6\n|gen|9\n|tier|[Gen 9] National Dex Doubles\n|rated|\n|rule|HP Percentage Mod: HP is shown in percentages\n|rule|Endless Battle Clause: Forcing endless battles is banned\n|rule|OHKO Clause: OHKO moves are banned\n|rule|Evasion Moves Clause: Evasion moves are banned\n|rule|Evasion Abilities Clause: Evasion abilities are banned\n|rule|Species Clause: Limit one of each Pok\u00e9mon\n|rule|Gravity Sleep Clause: The combination of sleep-inducing moves with imperfect accuracy and Gravity or Gigantamax Orbeetle are banned\n|clearpoke\n|poke|p1|Ninetales-Alola, F|\n|poke|p1|Moltres-Galar|\n|poke|p1|Zoroark-Hisui, M|\n|poke|p1|Tauros-Paldea-Blaze, M|\n|poke|p1|Sinistcha-Masterpiece|\n|poke|p1|Clodsire, M|\n|poke|p2|Iron Moth|\n|poke|p2|Oricorio, F|\n|poke|p2|Venomoth, M|\n|poke|p2|Scovillain, F|\n|poke|p2|Empoleon, F|\n|poke|p2|Clefable, F|\n|teampreview\n|inactive|Battle timer is ON: inactive players will automatically lose when time's up. (requested by bignutta)\n|\n|t:|1700765637\n|start\n|switch|p1a: Paldea|Tauros-Paldea-Blaze, M|100\/100\n|switch|p1b: Alola|Ninetales-Alola, F|100\/100\n|switch|p2a: Iron Moth|Iron Moth|100\/100\n|switch|p2b: Oricorio|Oricorio, F, shiny|100\/100\n|-weather|Snow|[from] ability: Snow Warning|[of] p1b: Alola\n|-ability|p1a: Paldea|Intimidate|boost\n|-unboost|p2a: Iron Moth|atk|1\n|-unboost|p2b: Oricorio|atk|1\n|-enditem|p2a: Iron Moth|Booster Energy\n|-activate|p2a: Iron Moth|ability: Quark Drive|[fromitem]\n|-start|p2a: Iron Moth|quarkdrivespa\n|turn|1\n|\n|t:|1700765656\n|switch|p1a: Regional evo|Clodsire, M|100\/100\n|move|p2a: Iron Moth|Fiery Dance|p1b: Alola\n|-supereffective|p1b: Alola\n|-damage|p1b: Alola|0 fnt\n|-boost|p2a: Iron Moth|spa|1\n|faint|p1b: Alola\n|-activate|p2b: Oricorio|ability: Dancer\n|move|p2b: Oricorio|Fiery Dance|p1a: Regional evo|[from]ability: Dancer\n|-damage|p1a: Regional evo|86\/100\n|-boost|p2b: Oricorio|spa|1\n|move|p2b: Oricorio|Air Slash|p1a: Regional evo\n|-damage|p1a: Regional evo|72\/100\n|\n|-weather|Snow|[upkeep]\n|-heal|p1a: Regional evo|78\/100|[from] item: Black Sludge\n|upkeep\n|inactive|Inkubone has 120 seconds left.\n|\n|t:|1700765677\n|switch|p1b: Galar|Moltres-Galar|100\/100\n|turn|2\n|\n|t:|1700765691\n|move|p1b: Galar|Icy Wind|p2a: Iron Moth|[spread] p2a,p2b\n|-resisted|p2a: Iron Moth\n|-damage|p2a: Iron Moth|93\/100\n|-damage|p2b: Oricorio|81\/100\n|-unboost|p2a: Iron Moth|spe|1\n|-unboost|p2b: Oricorio|spe|1\n|move|p2a: Iron Moth|Fiery Dance|p1a: Regional evo\n|-damage|p1a: Regional evo|49\/100\n|-boost|p2a: Iron Moth|spa|1\n|-activate|p2b: Oricorio|ability: Dancer\n|move|p2b: Oricorio|Fiery Dance|p1a: Regional evo|[from]ability: Dancer\n|-damage|p1a: Regional evo|35\/100\n|-boost|p2b: Oricorio|spa|1\n|move|p2b: Oricorio|Quiver Dance|p2b: Oricorio\n|-boost|p2b: Oricorio|spa|1\n|-boost|p2b: Oricorio|spd|1\n|-boost|p2b: Oricorio|spe|1\n|move|p1a: Regional evo|Rock Slide|p2b: Oricorio|[spread] p2a\n|-miss|p1a: Regional evo|p2b: Oricorio\n|-supereffective|p2a: Iron Moth\n|-damage|p2a: Iron Moth|59\/100\n|\n|-weather|Snow|[upkeep]\n|-heal|p1a: Regional evo|41\/100|[from] item: Black Sludge\n|upkeep\n|turn|3\n|inactive|Inkubone has 120 seconds left.\n|inactive|bignutta has 120 seconds left.\n|\n|t:|1700765727\n|move|p1b: Galar|Hyper Voice|p2b: Oricorio|[spread] p2a,p2b\n|-damage|p2a: Iron Moth|25\/100\n|-damage|p2b: Oricorio|52\/100\n|move|p2a: Iron Moth|Fiery Dance|p1a: Regional evo\n|-damage|p1a: Regional evo|8\/100\n|-activate|p2b: Oricorio|ability: Dancer\n|move|p2b: Oricorio|Fiery Dance|p1a: Regional evo|[from]ability: Dancer\n|-damage|p1a: Regional evo|0 fnt\n|-boost|p2b: Oricorio|spa|1\n|faint|p1a: Regional evo\n|move|p2b: Oricorio|Quiver Dance|p2b: Oricorio\n|-boost|p2b: Oricorio|spa|1\n|-boost|p2b: Oricorio|spd|1\n|-boost|p2b: Oricorio|spe|1\n|\n|-weather|Snow|[upkeep]\n|upkeep\n|\n|t:|1700765737\n|switch|p1a: Convergent|Sinistcha-Masterpiece|100\/100\n|turn|4\n|\n|t:|1700765748\n|move|p1a: Convergent|Protect|p1a: Convergent\n|-singleturn|p1a: Convergent|Protect\n|move|p1b: Galar|Hyper Voice|p2a: Iron Moth|[spread] p2a,p2b\n|-damage|p2a: Iron Moth|0 fnt\n|-damage|p2b: Oricorio|30\/100\n|faint|p2a: Iron Moth\n|-end|p2a: Iron Moth|Quark Drive|[silent]\n|move|p2b: Oricorio|Roost|p2b: Oricorio\n|-heal|p2b: Oricorio|80\/100\n|-singleturn|p2b: Oricorio|move: Roost\n|\n|-weather|Snow|[upkeep]\n|upkeep\n|\n|t:|1700765768\n|switch|p2a: Clefable|Clefable, F|100\/100\n|turn|5\n|\n|t:|1700765788\n|move|p2a: Clefable|Follow Me|p2a: Clefable\n|-singleturn|p2a: Clefable|move: Follow Me\n|move|p1b: Galar|Hyper Voice|p2b: Oricorio|[spread] p2a,p2b\n|-damage|p2a: Clefable|71\/100\n|-damage|p2b: Oricorio|57\/100\n|move|p2b: Oricorio|Revelation Dance|p1a: Convergent\n|-supereffective|p1a: Convergent\n|-damage|p1a: Convergent|0 fnt\n|faint|p1a: Convergent\n|\n|-weather|none\n|upkeep\n|inactive|Inkubone has 120 seconds left.\n|\n|t:|1700765804\n|switch|p1a: Paldea|Tauros-Paldea-Blaze, M|100\/100\n|-ability|p1a: Paldea|Intimidate|boost\n|-unboost|p2a: Clefable|atk|1\n|-unboost|p2b: Oricorio|atk|1\n|turn|6\n|\n|t:|1700765825\n|move|p2a: Clefable|Follow Me|p2a: Clefable\n|-singleturn|p2a: Clefable|move: Follow Me\n|move|p1b: Galar|Hyper Voice|p2a: Clefable|[spread] p2a,p2b\n|-damage|p2a: Clefable|36\/100\n|-damage|p2b: Oricorio|36\/100\n|move|p2b: Oricorio|Roost|p2b: Oricorio\n|-heal|p2b: Oricorio|86\/100\n|-singleturn|p2b: Oricorio|move: Roost\n|move|p1a: Paldea|Iron Head|p2a: Clefable\n|-supereffective|p2a: Clefable\n|-damage|p2a: Clefable|0 fnt\n|faint|p2a: Clefable\n|\n|upkeep\n|inactive|bignutta has 120 seconds left.\n|\n|t:|1700765841\n|switch|p2a: Venomoth|Venomoth, M, shiny|100\/100\n|turn|7\n|\n|t:|1700765856\n|move|p1b: Galar|Hyper Voice|p2a: Venomoth|[spread] p2a,p2b\n|-damage|p2a: Venomoth|61\/100\n|-damage|p2b: Oricorio|63\/100\n|move|p2b: Oricorio|Air Slash|p1a: Paldea|[miss]\n|-miss|p2b: Oricorio|p1a: Paldea\n|move|p1a: Paldea|Raging Bull|p2a: Venomoth\n|-supereffective|p2a: Venomoth\n|-damage|p2a: Venomoth|0 fnt\n|faint|p2a: Venomoth\n|\n|upkeep\n|\n|t:|1700765868\n|switch|p2a: Scovillain|Scovillain, F|100\/100\n|turn|8\n|\n|t:|1700765888\n|move|p1b: Galar|Hyper Voice|p2a: Scovillain|[spread] p2a,p2b\n|-damage|p2a: Scovillain|37\/100\n|-damage|p2b: Oricorio|40\/100\n|move|p2b: Oricorio|Air Slash|p1a: Paldea\n|-supereffective|p1a: Paldea\n|-damage|p1a: Paldea|0 fnt\n|faint|p1a: Paldea\n|move|p2a: Scovillain|Substitute|p2a: Scovillain\n|-start|p2a: Scovillain|Substitute\n|-damage|p2a: Scovillain|12\/100\n|\n|-heal|p2a: Scovillain|18\/100|[from] item: Leftovers\n|-ability|p2a: Scovillain|Moody|boost\n|-boost|p2a: Scovillain|spe|2\n|-unboost|p2a: Scovillain|spa|1\n|upkeep\n|\n|t:|1700765895\n|switch|p1a: Galar|Moltres-Galar|100\/100\n|turn|9\n|\n|t:|1700765914\n|move|p2a: Scovillain|Seed Bomb|p1a: Galar\n|-resisted|p1a: Galar\n|-damage|p1a: Galar|83\/100\n|move|p1b: Galar|Hyper Voice|p2a: Scovillain|[spread] p2a,p2b\n|-damage|p2a: Scovillain|0 fnt\n|-damage|p2b: Oricorio|17\/100\n|faint|p2a: Scovillain\n|move|p2b: Oricorio|Revelation Dance|p1b: Galar\n|-enditem|p1b: Galar|Focus Sash\n|-damage|p1b: Galar|1\/100\n|replace|p1b: Hisui|Zoroark-Hisui, M\n|-end|p1b: Hisui|Illusion\n|move|p1a: Galar|Fiery Wrath|p2b: Oricorio\n|-damage|p2b: Oricorio|0 fnt\n|faint|p2b: Oricorio\n|\n|upkeep\n|\n|t:|1700765934\n|switch|p2b: Empoleon|Empoleon, F|100\/100\n|turn|10\n|\n|t:|1700765946\n|move|p1b: Hisui|Focus Blast|p2b: Empoleon\n|-supereffective|p2b: Empoleon\n|-damage|p2b: Empoleon|30\/100\n|move|p1a: Galar|Fiery Wrath|p2b: Empoleon\n|-damage|p2b: Empoleon|0 fnt\n|faint|p2b: Empoleon\n|\n|win|Inkubone\n|raw|Inkubone's rating: 1281 &rarr; <strong>1292<\/strong><br \/>(+11 for winning)\n|raw|bignutta's rating: 1066 &rarr; <strong>1057<\/strong><br \/>(-9 for losing)\n|l|\u2606bignutta\n","uploadtime":1700765977,"views":0,"p1id":"inkubone","p2id":"bignutta","formatid":"gen9nationaldexdoubles","rating":1057,"private":0,"password":""}