{"id":"gen9nationaldexdoubles-1970654604","p1":"IChangeMyNameAlot","p2":"Sencopion","format":"[Gen 9] National Dex Doubles","log":"|j|\u2606IChangeMyNameAlot\n|j|\u2606Sencopion\n|t:|1697655648\n|gametype|doubles\n|player|p1|IChangeMyNameAlot|rye|\n|player|p2|Sencopion|hiker-gen4|\n|teamsize|p1|6\n|teamsize|p2|6\n|gen|9\n|tier|[Gen 9] National Dex Doubles\n|rule|HP Percentage Mod: HP is shown in percentages\n|rule|Endless Battle Clause: Forcing endless battles is banned\n|rule|OHKO Clause: OHKO moves are banned\n|rule|Evasion Moves Clause: Evasion moves are banned\n|rule|Evasion Abilities Clause: Evasion abilities are banned\n|rule|Species Clause: Limit one of each Pok\u00e9mon\n|rule|Gravity Sleep Clause: The combination of sleep-inducing moves with imperfect accuracy and Gravity or Gigantamax Orbeetle are banned\n|clearpoke\n|poke|p1|Pelipper, M|\n|poke|p1|Ludicolo, M|\n|poke|p1|Kilowattrel, M|\n|poke|p1|Mamoswine, F|\n|poke|p1|Swampert, F|\n|poke|p1|Rotom-Frost|\n|poke|p2|Gardevoir, M|\n|poke|p2|Indeedee-F, F|\n|poke|p2|Armarouge, M|\n|poke|p2|Maushold|\n|poke|p2|Ursaluna, M|\n|poke|p2|Kingambit, M|\n|teampreview\n|inactive|Battle timer is ON: inactive players will automatically lose when time's up. (requested by IChangeMyNameAlot)\n|inactive|Sencopion also wants the timer to be on.\n|c|\u2606IChangeMyNameAlot|Glhf\n|c|\u2606IChangeMyNameAlot|See no legends\n|c|\u2606Sencopion|glhf\n|c|\u2606IChangeMyNameAlot|and a mega\n|c|\u2606Sencopion|alr\n|\n|t:|1697655678\n|start\n|switch|p1a: Pelipper|Pelipper, M|100\/100\n|switch|p1b: Ludicolo|Ludicolo, M|100\/100\n|switch|p2a: Indeedee|Indeedee-F, F|100\/100\n|switch|p2b: Gardevoir|Gardevoir, M|100\/100\n|-weather|RainDance|[from] ability: Drizzle|[of] p1a: Pelipper\n|-fieldstart|move: Psychic Terrain|[from] ability: Psychic Surge|[of] p2a: Indeedee\n|-enditem|p2a: Indeedee|Psychic Seed\n|-boost|p2a: Indeedee|spd|1|[from] item: Psychic Seed\n|-ability|p2b: Gardevoir|Drizzle|[from] ability: Trace|[of] p1a: Pelipper\n|turn|1\n|\n|t:|1697655695\n|detailschange|p2b: Gardevoir|Gardevoir-Mega, M\n|-mega|p2b: Gardevoir|Gardevoir|Gardevoirite\n|move|p2b: Gardevoir|Protect|p2b: Gardevoir\n|-singleturn|p2b: Gardevoir|Protect\n|move|p1b: Ludicolo|Weather Ball|p2a: Indeedee\n|-damage|p2a: Indeedee|46\/100\n|move|p1a: Pelipper|Surf|p2a: Indeedee|[spread] p1b,p2a\n|-activate|p2b: Gardevoir|move: Protect\n|-resisted|p1b: Ludicolo\n|-damage|p1b: Ludicolo|89\/100\n|-damage|p2a: Indeedee|22\/100\n|move|p2a: Indeedee|Trick Room|p2a: Indeedee\n|-fieldstart|move: Trick Room|[of] p2a: Indeedee\n|\n|-weather|RainDance|[upkeep]\n|upkeep\n|turn|2\n|c|\u2606IChangeMyNameAlot|Damn that did so fucking little lmao\n|\n|t:|1697655717\n|move|p2a: Indeedee|Helping Hand|p2b: Gardevoir\n|-singleturn|p2b: Gardevoir|Helping Hand|[of] p2a: Indeedee\n|move|p2b: Gardevoir|Expanding Force|p1a: Pelipper|[spread] p1a,p1b\n|-damage|p1a: Pelipper|0 fnt\n|-damage|p1b: Ludicolo|0 fnt\n|faint|p1a: Pelipper\n|faint|p1b: Ludicolo\n|\n|-weather|RainDance|[upkeep]\n|upkeep\n|inactive|IChangeMyNameAlot has 270 seconds left.\n|\n|t:|1697655742\n|switch|p1a: Swampert|Swampert, F|100\/100\n|switch|p1b: Mamoswine|Mamoswine, F|100\/100\n|turn|3\n|\n|t:|1697655753\n|move|p2a: Indeedee|Helping Hand|p2b: Gardevoir\n|-singleturn|p2b: Gardevoir|Helping Hand|[of] p2a: Indeedee\n|move|p1a: Swampert|Protect|p1a: Swampert\n|-singleturn|p1a: Swampert|Protect\n|move|p2b: Gardevoir|Expanding Force|p1b: Mamoswine|[spread] p1b\n|-activate|p1a: Swampert|move: Protect\n|-damage|p1b: Mamoswine|0 fnt\n|faint|p1b: Mamoswine\n|\n|-weather|RainDance|[upkeep]\n|upkeep\n|c|\u2606IChangeMyNameAlot|wow\n|\n|t:|1697655766\n|switch|p1b: Rotom|Rotom-Frost|100\/100\n|turn|4\n|\n|t:|1697655775\n|switch|p1a: Kilowattrel|Kilowattrel, M|100\/100\n|move|p2a: Indeedee|Helping Hand|p2b: Gardevoir\n|-singleturn|p2b: Gardevoir|Helping Hand|[of] p2a: Indeedee\n|move|p2b: Gardevoir|Expanding Force|p1a: Kilowattrel|[spread] p1a,p1b\n|-damage|p1a: Kilowattrel|0 fnt\n|-damage|p1b: Rotom|0 fnt\n|faint|p1a: Kilowattrel\n|faint|p1b: Rotom\n|\n|-weather|RainDance|[upkeep]\n|upkeep\n|\n|t:|1697655783\n|switch|p1b: Swampert|Swampert, F|100\/100\n|turn|5\n|\n|t:|1697655797\n|move|p2a: Indeedee|Helping Hand|p2b: Gardevoir\n|-singleturn|p2b: Gardevoir|Helping Hand|[of] p2a: Indeedee\n|move|p1b: Swampert|Protect|p1b: Swampert\n|-singleturn|p1b: Swampert|Protect\n|move|p2b: Gardevoir|Expanding Force|p1b: Swampert\n|-activate|p1b: Swampert|move: Protect\n|\n|-weather|RainDance|[upkeep]\n|-fieldend|move: Trick Room\n|-fieldend|move: Psychic Terrain\n|upkeep\n|turn|6\n|\n|t:|1697655808\n|detailschange|p1b: Swampert|Swampert-Mega, F\n|-mega|p1b: Swampert|Swampert|Swampertite\n|move|p2a: Indeedee|Follow Me|p2a: Indeedee\n|-singleturn|p2a: Indeedee|move: Follow Me\n|move|p1b: Swampert|Earthquake|p2b: Gardevoir|[spread] p2a,p2b\n|-damage|p2a: Indeedee|0 fnt\n|-damage|p2b: Gardevoir|41\/100\n|faint|p2a: Indeedee\n|move|p2b: Gardevoir|Hyper Voice|p1b: Swampert\n|-damage|p1b: Swampert|33\/100\n|\n|-weather|RainDance|[upkeep]\n|upkeep\n|\n|t:|1697655817\n|switch|p2a: Maushold|Maushold|100\/100\n|turn|7\n|\n|t:|1697655828\n|move|p1b: Swampert|Rock Slide|p2b: Gardevoir|[spread] p2a,p2b\n|-damage|p2a: Maushold|69\/100\n|-damage|p2b: Gardevoir|13\/100\n|move|p2a: Maushold|Population Bomb|p1b: Swampert\n|-damage|p1b: Swampert|21\/100\n|-damage|p1b: Swampert|11\/100\n|-damage|p1b: Swampert|0 fnt\n|faint|p1b: Swampert\n|-hitcount|p1: Swampert|3\n|\n|win|Sencopion\n|c|\u2606IChangeMyNameAlot|wp\n|c|\u2606Sencopion|gg wp\n|c|\u2606IChangeMyNameAlot|Damn\n","uploadtime":1697655842,"views":20,"p1id":"ichangemynamealot","p2id":"sencopion","formatid":"gen9nationaldexdoubles","rating":0,"private":0,"password":""}