{"id":"gen9nationaldexdoubles-1980344853","p1":"Cakelave","p2":"Kubosarutobi","format":"[Gen 9] National Dex Doubles","log":"|j|\u2606Cakelave\n|j|\u2606Kubosarutobi\n|t:|1698777017\n|gametype|doubles\n|player|p1|Cakelave|marshal|1056\n|player|p2|Kubosarutobi|maylene|1202\n|teamsize|p1|6\n|teamsize|p2|6\n|gen|9\n|tier|[Gen 9] National Dex Doubles\n|rated|\n|rule|HP Percentage Mod: HP is shown in percentages\n|rule|Endless Battle Clause: Forcing endless battles is banned\n|rule|OHKO Clause: OHKO moves are banned\n|rule|Evasion Moves Clause: Evasion moves are banned\n|rule|Evasion Abilities Clause: Evasion abilities are banned\n|rule|Species Clause: Limit one of each Pok\u00e9mon\n|rule|Gravity Sleep Clause: The combination of sleep-inducing moves with imperfect accuracy and Gravity or Gigantamax Orbeetle are banned\n|clearpoke\n|poke|p1|Pinsir, M|\n|poke|p1|Golisopod, M|\n|poke|p1|Ledian, F|\n|poke|p1|Parasect, F|\n|poke|p1|Galvantula, M|\n|poke|p1|Vespiquen, F|\n|poke|p2|Excadrill, F|\n|poke|p2|Tyranitar, F|\n|poke|p2|Rotom-Wash|\n|poke|p2|Hippowdon, F|\n|poke|p2|Amoonguss, F|\n|poke|p2|Landorus, M|\n|teampreview\n|inactive|Battle timer is ON: inactive players will automatically lose when time's up. (requested by Kubosarutobi)\n|inactive|Cakelave also wants the timer to be on.\n|\n|t:|1698777040\n|start\n|switch|p1a: Ledian|Ledian, F, shiny|100\/100\n|switch|p1b: Parasect|Parasect, F, shiny|100\/100\n|switch|p2a: Hippowdon|Hippowdon, F|100\/100\n|switch|p2b: Rotom|Rotom-Wash|100\/100\n|-weather|Sandstorm|[from] ability: Sand Stream|[of] p2a: Hippowdon\n|turn|1\n|\n|t:|1698777055\n|move|p1a: Ledian|Power-Up Punch|p2b: Rotom\n|-damage|p2b: Rotom|93\/100\n|-boost|p1a: Ledian|atk|1\n|move|p2b: Rotom|Volt Switch|p1b: Parasect\n|-resisted|p1b: Parasect\n|-damage|p1b: Parasect|85\/100\n|\n|t:|1698777072\n|switch|p2b: Landorus|Landorus, M|100\/100|[from] Volt Switch\n|move|p2a: Hippowdon|Rock Slide|p1a: Ledian|[spread] p1a,p1b\n|-supereffective|p1a: Ledian\n|-supereffective|p1b: Parasect\n|-damage|p1a: Ledian|0 fnt\n|-damage|p1b: Parasect|48\/100\n|faint|p1a: Ledian\n|cant|p1b: Parasect|flinch\n|\n|-weather|Sandstorm|[upkeep]\n|-damage|p1b: Parasect|41\/100|[from] Sandstorm\n|upkeep\n|\n|t:|1698777084\n|switch|p1a: Golisopod|Golisopod, M, shiny|100\/100\n|turn|2\n|\n|t:|1698777099\n|move|p2b: Landorus|Psychic|p1a: Golisopod\n|-damage|p1a: Golisopod|52\/100\n|move|p2a: Hippowdon|Rock Slide|p1a: Golisopod|[spread] p1a,p1b\n|-supereffective|p1a: Golisopod\n|-supereffective|p1b: Parasect\n|-damage|p1a: Golisopod|32\/100\n|-damage|p1b: Parasect|4\/100\n|-enditem|p1b: Parasect|Aguav Berry|[eat]\n|-heal|p1b: Parasect|37\/100|[from] item: Aguav Berry\n|-enditem|p1a: Golisopod|Red Card|[of] p2a: Hippowdon\n|-activate|p1a: Golisopod|ability: Emergency Exit\n|drag|p2a: Amoonguss|Amoonguss, F|100\/100\n|\n|t:|1698777112\n|switch|p1a: Galvantula|Galvantula, M, shiny|100\/100\n|move|p1b: Parasect|Knock Off|p2a: Amoonguss\n|-crit|p2a: Amoonguss\n|-damage|p2a: Amoonguss|68\/100\n|-enditem|p2a: Amoonguss|Sitrus Berry|[from] move: Knock Off|[of] p1b: Parasect\n|\n|-weather|Sandstorm|[upkeep]\n|-damage|p1a: Galvantula|94\/100|[from] Sandstorm\n|-damage|p2a: Amoonguss|62\/100|[from] Sandstorm\n|-damage|p1b: Parasect|31\/100|[from] Sandstorm\n|upkeep\n|turn|3\n|\n|t:|1698777134\n|move|p1a: Galvantula|Sticky Web|p2b: Landorus\n|-sidestart|p2: Kubosarutobi|move: Sticky Web\n|move|p2b: Landorus|Earth Power|p1a: Galvantula\n|-damage|p1a: Galvantula|0 fnt\n|faint|p1a: Galvantula\n|move|p1b: Parasect|Knock Off|p2b: Landorus\n|-damage|p2b: Landorus|65\/100\n|-enditem|p2b: Landorus|Life Orb|[from] move: Knock Off|[of] p1b: Parasect\n|move|p2a: Amoonguss|Pollen Puff|p1b: Parasect\n|-supereffective|p1b: Parasect\n|-damage|p1b: Parasect|0 fnt\n|faint|p1b: Parasect\n|\n|-weather|Sandstorm|[upkeep]\n|-damage|p2a: Amoonguss|56\/100|[from] Sandstorm\n|upkeep\n|inactive|Cakelave has 120 seconds left.\n|\n|t:|1698777149\n|switch|p1a: Golisopod|Golisopod, M, shiny|32\/100\n|switch|p1b: Pinsir|Pinsir, M, shiny|100\/100\n|turn|4\n|\n|t:|1698777160\n|detailschange|p1b: Pinsir|Pinsir-Mega, M, shiny\n|-mega|p1b: Pinsir|Pinsir|Pinsirite\n|move|p1a: Golisopod|First Impression|p2a: Amoonguss\n|-damage|p2a: Amoonguss|21\/100\n|move|p2a: Amoonguss|Rage Powder|p2a: Amoonguss\n|-singleturn|p2a: Amoonguss|move: Rage Powder\n|move|p1b: Pinsir|Body Slam|p2a: Amoonguss\n|-supereffective|p2a: Amoonguss\n|-crit|p2a: Amoonguss\n|-damage|p2a: Amoonguss|0 fnt\n|faint|p2a: Amoonguss\n|move|p2b: Landorus|Sludge Wave|p1b: Pinsir|[spread] p1a,p1b\n|-damage|p1a: Golisopod|0 fnt\n|-damage|p1b: Pinsir|62\/100\n|faint|p1a: Golisopod\n|\n|-weather|Sandstorm|[upkeep]\n|-damage|p1b: Pinsir|57\/100|[from] Sandstorm\n|upkeep\n|\n|t:|1698777178\n|switch|p1a: Vespiquen|Vespiquen, F, shiny|100\/100\n|switch|p2a: Hippowdon|Hippowdon, F|100\/100\n|-activate|p2a: Hippowdon|move: Sticky Web\n|-unboost|p2a: Hippowdon|spe|1\n|-ability|p1a: Vespiquen|Pressure\n|turn|5\n|\n|t:|1698777193\n|move|p1b: Pinsir|Body Slam|p2a: Hippowdon\n|-damage|p2a: Hippowdon|63\/100\n|move|p2b: Landorus|Hidden Power|p1a: Vespiquen\n|-supereffective|p1a: Vespiquen\n|-damage|p1a: Vespiquen|75\/100\n|move|p1a: Vespiquen|Defend Order|p1a: Vespiquen\n|-boost|p1a: Vespiquen|def|1\n|-boost|p1a: Vespiquen|spd|1\n|move|p2a: Hippowdon|Rock Slide|p1b: Pinsir|[spread] p1a,p1b\n|-supereffective|p1a: Vespiquen\n|-supereffective|p1b: Pinsir\n|-damage|p1a: Vespiquen|39\/100\n|-damage|p1b: Pinsir|0 fnt\n|faint|p1b: Pinsir\n|\n|-weather|none\n|-heal|p1a: Vespiquen|45\/100|[from] item: Leftovers\n|-heal|p2a: Hippowdon|70\/100|[from] item: Leftovers\n|upkeep\n|turn|6\n|\n|t:|1698777216\n|move|p2b: Landorus|Sludge Wave|p1a: Vespiquen|[spread] p2a,p1a\n|-resisted|p2a: Hippowdon\n|-damage|p2a: Hippowdon|56\/100\n|-damage|p1a: Vespiquen|32\/100\n|move|p1a: Vespiquen|Heal Order|p1a: Vespiquen\n|-heal|p1a: Vespiquen|82\/100\n|move|p2a: Hippowdon|Rock Slide|p1a: Vespiquen\n|-supereffective|p1a: Vespiquen\n|-crit|p1a: Vespiquen\n|-damage|p1a: Vespiquen|0 fnt\n|faint|p1a: Vespiquen\n|\n|win|Kubosarutobi\n|raw|Cakelave's rating: 1056 &rarr; <strong>1045<\/strong><br \/>(-11 for losing)\n|raw|Kubosarutobi's rating: 1202 &rarr; <strong>1217<\/strong><br \/>(+15 for winning)\n","uploadtime":1698777227,"views":4,"p1id":"cakelave","p2id":"kubosarutobi","formatid":"gen9nationaldexdoubles","rating":1045,"private":0,"password":""}