{"id":"gen9nationaldexdoubles-1999912581","p1":"NotTheSpy5","p2":"S1r.sweepsaLot","format":"[Gen 9] National Dex Doubles","log":"|j|\u2606NotTheSpy5\n|j|\u2606S1r.sweepsaLot\n|t:|1701129288\n|gametype|doubles\n|player|p1|NotTheSpy5|1|1174\n|player|p2|S1r.sweepsaLot|marshal|1468\n|teamsize|p1|6\n|teamsize|p2|6\n|gen|9\n|tier|[Gen 9] National Dex Doubles\n|rated|\n|rule|HP Percentage Mod: HP is shown in percentages\n|rule|Endless Battle Clause: Forcing endless battles is banned\n|rule|OHKO Clause: OHKO moves are banned\n|rule|Evasion Moves Clause: Evasion moves are banned\n|rule|Evasion Abilities Clause: Evasion abilities are banned\n|rule|Species Clause: Limit one of each Pok\u00e9mon\n|rule|Gravity Sleep Clause: The combination of sleep-inducing moves with imperfect accuracy and Gravity or Gigantamax Orbeetle are banned\n|clearpoke\n|poke|p1|Tyrantrum, M|\n|poke|p1|Audino, F|\n|poke|p1|Toxtricity-Low-Key, F|\n|poke|p1|Bronzong|\n|poke|p1|Spiritomb, M|\n|poke|p1|Braviary-Hisui, M|\n|poke|p2|Tyranitar, M|\n|poke|p2|Excadrill, M|\n|poke|p2|Farigiraf, M|\n|poke|p2|Rillaboom, M|\n|poke|p2|Gholdengo|\n|poke|p2|Incineroar, M|\n|teampreview\n|c|\u2606S1r.sweepsaLot|glhf\n|\n|t:|1701129317\n|start\n|switch|p1a: Audino|Audino, F|100\/100\n|switch|p1b: Braviary|Braviary-Hisui, M|100\/100\n|switch|p2a: Godzilla|Tyranitar, M|100\/100\n|switch|p2b: Home Depot|Excadrill, M|100\/100\n|-weather|Sandstorm|[from] ability: Sand Stream|[of] p2a: Godzilla\n|turn|1\n|\n|t:|1701129328\n|detailschange|p1a: Audino|Audino-Mega, F\n|-mega|p1a: Audino|Audino|Audinite\n|move|p2b: Home Depot|Swords Dance|p2b: Home Depot\n|-boost|p2b: Home Depot|atk|2\n|move|p2a: Godzilla|Knock Off|p1b: Braviary\n|-supereffective|p1b: Braviary\n|-crit|p1b: Braviary\n|-damage|p1b: Braviary|0 fnt\n|-enditem|p1b: Braviary|Life Orb|[from] move: Knock Off|[of] p2a: Godzilla\n|faint|p1b: Braviary\n|move|p1a: Audino|Trick Room|p1a: Audino\n|-fieldstart|move: Trick Room|[of] p1a: Audino\n|\n|-weather|Sandstorm|[upkeep]\n|-damage|p1a: Audino|94\/100|[from] Sandstorm\n|upkeep\n|\n|t:|1701129347\n|switch|p1b: Tyrantrum|Tyrantrum, M, shiny|100\/100\n|turn|2\n|\n|t:|1701129370\n|switch|p2a: Nala|Incineroar, M|100\/100\n|-ability|p2a: Nala|Intimidate|boost\n|-unboost|p1a: Audino|atk|1\n|-unboost|p1b: Tyrantrum|atk|1\n|move|p1a: Audino|Helping Hand|p1b: Tyrantrum\n|-singleturn|p1b: Tyrantrum|Helping Hand|[of] p1a: Audino\n|move|p2b: Home Depot|Protect|p2b: Home Depot\n|-singleturn|p2b: Home Depot|Protect\n|move|p1b: Tyrantrum|Earthquake|p2b: Home Depot|[spread] p1a,p2a\n|-activate|p2b: Home Depot|move: Protect\n|-supereffective|p2a: Nala\n|-damage|p1a: Audino|70\/100\n|-damage|p2a: Nala|37\/100\n|\n|-weather|Sandstorm|[upkeep]\n|-damage|p1a: Audino|64\/100|[from] Sandstorm\n|-damage|p2a: Nala|31\/100|[from] Sandstorm\n|upkeep\n|turn|3\n|\n|t:|1701129397\n|switch|p1b: Glipford|Toxtricity-Low-Key, F|100\/100\n|move|p2a: Nala|Fake Out|p1b: Glipford\n|-damage|p1b: Glipford|86\/100\n|move|p1a: Audino|Draining Kiss|p2a: Nala\n|-damage|p2a: Nala|20\/100\n|-heal|p1a: Audino|72\/100|[from] drain|[of] p2a: Nala\n|-enditem|p2a: Nala|Figy Berry|[eat]\n|-heal|p2a: Nala|53\/100|[from] item: Figy Berry\n|move|p2b: Home Depot|Iron Head|p1a: Audino\n|-supereffective|p1a: Audino\n|-crit|p1a: Audino\n|-damage|p1a: Audino|0 fnt\n|faint|p1a: Audino\n|\n|-weather|Sandstorm|[upkeep]\n|-damage|p1b: Glipford|80\/100|[from] Sandstorm\n|-damage|p2a: Nala|47\/100|[from] Sandstorm\n|upkeep\n|\n|t:|1701129399\n|switch|p1a: Crobulis|Spiritomb, M, shiny|100\/100\n|turn|4\n|\n|t:|1701129424\n|move|p2b: Home Depot|Protect|p2b: Home Depot\n|-singleturn|p2b: Home Depot|Protect\n|move|p1a: Crobulis|Ally Switch|p1a: Crobulis\n|swap|p1a: Crobulis|1|[from] move: Ally Switch\n|move|p1a: Glipford|Boomburst|p2a: Nala|[spread] p2a\n|-activate|p2b: Home Depot|move: Protect\n|-immune|p1b: Crobulis\n|-damage|p2a: Nala|14\/100\n|-enditem|p1a: Glipford|Throat Spray\n|-boost|p1a: Glipford|spa|1|[from] item: Throat Spray\n|move|p2a: Nala|Taunt|p1a: Glipford\n|-start|p1a: Glipford|move: Taunt\n|\n|-weather|Sandstorm|[upkeep]\n|-damage|p1b: Crobulis|95\/100|[from] Sandstorm\n|-damage|p1a: Glipford|73\/100|[from] Sandstorm\n|-damage|p2a: Nala|8\/100|[from] Sandstorm\n|upkeep\n|turn|5\n|\n|t:|1701129449\n|-terastallize|p1a: Glipford|Normal\n|move|p1b: Crobulis|Helping Hand|p1a: Glipford\n|-singleturn|p1a: Glipford|Helping Hand|[of] p1b: Crobulis\n|move|p1a: Glipford|Boomburst|p2a: Nala|[spread] p2a,p2b\n|-immune|p1b: Crobulis\n|-resisted|p2b: Home Depot\n|-damage|p2a: Nala|0 fnt\n|-damage|p2b: Home Depot|0 fnt\n|faint|p2a: Nala\n|faint|p2b: Home Depot\n|\n|-weather|none\n|-fieldend|move: Trick Room\n|upkeep\n|\n|t:|1701129480\n|switch|p2b: Godzilla|Tyranitar, M|100\/100\n|switch|p2a: Money Bags|Gholdengo, shiny|100\/100\n|-weather|Sandstorm|[from] ability: Sand Stream|[of] p2b: Godzilla\n|turn|6\n|\n|t:|1701129494\n|move|p2a: Money Bags|Nasty Plot|p2a: Money Bags\n|-boost|p2a: Money Bags|spa|2\n|move|p2b: Godzilla|Knock Off|p1b: Crobulis\n|-damage|p1b: Crobulis|43\/100\n|-enditem|p1b: Crobulis|Sitrus Berry|[from] move: Knock Off|[of] p2b: Godzilla\n|move|p1a: Glipford|Boomburst|p2b: Godzilla|[spread] p2b\n|-immune|p1b: Crobulis\n|-immune|p2a: Money Bags\n|-resisted|p2b: Godzilla\n|-damage|p2b: Godzilla|80\/100\n|move|p1b: Crobulis|Trick Room|p1b: Crobulis\n|-fieldstart|move: Trick Room|[of] p1b: Crobulis\n|\n|-weather|Sandstorm|[upkeep]\n|-damage|p1b: Crobulis|37\/100|[from] Sandstorm\n|-damage|p1a: Glipford|67\/100|[from] Sandstorm\n|upkeep\n|turn|7\n|\n|t:|1701129510\n|move|p1b: Crobulis|Helping Hand|p1a: Glipford\n|-singleturn|p1a: Glipford|Helping Hand|[of] p1b: Crobulis\n|move|p1a: Glipford|Overdrive|p2b: Godzilla|[spread] p2a,p2b\n|-damage|p2a: Money Bags|18\/100\n|-damage|p2b: Godzilla|45\/100\n|move|p2b: Godzilla|Rock Slide|p1b: Crobulis|[spread] p1a\n|-miss|p2b: Godzilla|p1b: Crobulis\n|-damage|p1a: Glipford|23\/100\n|move|p2a: Money Bags|Make It Rain|p1b: Crobulis|[spread] p1a,p1b\n|-damage|p1a: Glipford|0 fnt\n|-damage|p1b: Crobulis|0 fnt\n|-unboost|p2a: Money Bags|spa|1\n|faint|p1a: Glipford\n|faint|p1b: Crobulis\n|\n|-weather|Sandstorm|[upkeep]\n|-heal|p2a: Money Bags|25\/100|[from] item: Leftovers\n|upkeep\n|\n|t:|1701129522\n|switch|p1b: Tyrantrum|Tyrantrum, M, shiny|100\/100\n|switch|p1a: The bell tolls|Bronzong, shiny|100\/100\n|turn|8\n|\n|t:|1701129548\n|move|p1a: The bell tolls|Helping Hand|p1b: Tyrantrum\n|-singleturn|p1b: Tyrantrum|Helping Hand|[of] p1a: The bell tolls\n|move|p2a: Money Bags|Protect|p2a: Money Bags\n|-singleturn|p2a: Money Bags|Protect\n|move|p1b: Tyrantrum|Earthquake|p2b: Godzilla|[spread] p2b\n|-activate|p2a: Money Bags|move: Protect\n|-immune|p1a: The bell tolls|[from] ability: Levitate\n|-supereffective|p2b: Godzilla\n|-damage|p2b: Godzilla|0 fnt\n|faint|p2b: Godzilla\n|\n|-weather|Sandstorm|[upkeep]\n|-heal|p2a: Money Bags|31\/100|[from] item: Leftovers\n|upkeep\n|\n|t:|1701129559\n|switch|p2b: Harambe|Rillaboom, M|100\/100\n|-fieldstart|move: Grassy Terrain|[from] ability: Grassy Surge|[of] p2b: Harambe\n|turn|9\n|\n|t:|1701129589\n|move|p1a: The bell tolls|Helping Hand|p1b: Tyrantrum\n|-singleturn|p1b: Tyrantrum|Helping Hand|[of] p1a: The bell tolls\n|move|p2b: Harambe|Fake Out|p1b: Tyrantrum\n|-resisted|p1b: Tyrantrum\n|-damage|p1b: Tyrantrum|95\/100\n|cant|p1b: Tyrantrum|flinch\n|move|p2a: Money Bags|Shadow Ball|p1a: The bell tolls\n|-supereffective|p1a: The bell tolls\n|-crit|p1a: The bell tolls\n|-damage|p1a: The bell tolls|0 fnt\n|faint|p1a: The bell tolls\n|\n|-weather|Sandstorm|[upkeep]\n|-damage|p2b: Harambe|94\/100|[from] Sandstorm\n|-heal|p1b: Tyrantrum|100\/100|[from] Grassy Terrain\n|-heal|p2a: Money Bags|37\/100|[from] Grassy Terrain\n|-heal|p2a: Money Bags|43\/100|[from] item: Leftovers\n|-heal|p2b: Harambe|100\/100|[from] Grassy Terrain\n|upkeep\n|turn|10\n|\n|t:|1701129613\n|-terastallize|p2b: Harambe|Grass\n|move|p2a: Money Bags|Protect|p2a: Money Bags\n|-singleturn|p2a: Money Bags|Protect\n|move|p2b: Harambe|Grassy Glide|p1b: Tyrantrum\n|-damage|p1b: Tyrantrum|47\/100\n|move|p1b: Tyrantrum|Earthquake|p2b: Harambe|[spread] p2b\n|-activate|p2a: Money Bags|move: Protect\n|-resisted|p2b: Harambe\n|-damage|p2b: Harambe|91\/100\n|\n|-weather|none\n|-heal|p1b: Tyrantrum|53\/100|[from] Grassy Terrain\n|-heal|p2a: Money Bags|49\/100|[from] Grassy Terrain\n|-heal|p2a: Money Bags|55\/100|[from] item: Leftovers\n|-heal|p2b: Harambe|98\/100|[from] Grassy Terrain\n|-fieldend|move: Trick Room\n|upkeep\n|turn|11\n|\n|t:|1701129629\n|move|p2b: Harambe|Grassy Glide|p1b: Tyrantrum\n|-damage|p1b: Tyrantrum|0 fnt\n|faint|p1b: Tyrantrum\n|\n|win|S1r.sweepsaLot\n|raw|NotTheSpy5's rating: 1174 &rarr; <strong>1166<\/strong><br \/>(-8 for losing)\n|raw|S1r.sweepsaLot's rating: 1468 &rarr; <strong>1474<\/strong><br \/>(+6 for winning)\n|l|\u2606NotTheSpy5\n|l|\u2606S1r.sweepsaLot\n|j|\u2606S1r.sweepsaLot\n|player|p2|S1r.sweepsaLot|marshal\n","uploadtime":1701129681,"views":4,"p1id":"notthespy5","p2id":"s1rsweepsalot","formatid":"gen9nationaldexdoubles","rating":1166,"private":0,"password":""}