{"id":"gen9nationaldexdoubles-1955772727","p1":"Critian Caceorte","p2":"AdriftAsleep","format":"[Gen 9] National Dex Doubles","log":"|j|\u2606Critian Caceorte\n|j|\u2606AdriftAsleep\n|t:|1696026554\n|gametype|doubles\n|player|p1|Critian Caceorte|1|\n|player|p2|AdriftAsleep|170|\n|teamsize|p1|6\n|teamsize|p2|6\n|gen|9\n|tier|[Gen 9] National Dex Doubles\n|rule|HP Percentage Mod: HP is shown in percentages\n|rule|Endless Battle Clause: Forcing endless battles is banned\n|rule|OHKO Clause: OHKO moves are banned\n|rule|Evasion Moves Clause: Evasion moves are banned\n|rule|Evasion Abilities Clause: Evasion abilities are banned\n|rule|Species Clause: Limit one of each Pok\u00e9mon\n|rule|Gravity Sleep Clause: The combination of sleep-inducing moves with imperfect accuracy and Gravity or Gigantamax Orbeetle are banned\n|clearpoke\n|poke|p1|Toedscruel, M|\n|poke|p1|Gastrodon, M|\n|poke|p1|Garchomp, F|\n|poke|p1|Hippowdon, F|\n|poke|p1|Clodsire, F|\n|poke|p1|Ursaluna-Bloodmoon, M|\n|poke|p2|Altaria, M|\n|poke|p2|Corviknight, F|\n|poke|p2|Hydreigon, F|\n|poke|p2|Azumarill, M|\n|poke|p2|Milotic, F|\n|poke|p2|Meowscarada, M|\n|teampreview\n|\n|t:|1696026577\n|start\n|switch|p1a: Toedscruel|Toedscruel, M|100\/100\n|switch|p1b: Hippowdon|Hippowdon, F|100\/100\n|switch|p2a: Meowscarada|Meowscarada, M|100\/100\n|switch|p2b: Azumarill|Azumarill, M|100\/100\n|-weather|Sandstorm|[from] ability: Sand Stream|[of] p1b: Hippowdon\n|turn|1\n|\n|t:|1696026619\n|move|p2a: Meowscarada|Taunt|p1a: Toedscruel\n|-start|p1a: Toedscruel|move: Taunt\n|move|p2b: Azumarill|Knock Off|p1b: Hippowdon\n|-damage|p1b: Hippowdon|78\/100\n|-enditem|p1b: Hippowdon|Smooth Rock|[from] move: Knock Off|[of] p2b: Azumarill\n|move|p1b: Hippowdon|Ice Fang|p2a: Meowscarada\n|-supereffective|p2a: Meowscarada\n|-damage|p2a: Meowscarada|47\/100\n|cant|p1a: Toedscruel|move: Taunt|Trick Room\n|\n|-weather|Sandstorm|[upkeep]\n|-damage|p2a: Meowscarada|40\/100|[from] Sandstorm\n|-damage|p2b: Azumarill|94\/100|[from] Sandstorm\n|upkeep\n|turn|2\n|\n|t:|1696026663\n|switch|p1a: Clodsire|Clodsire, F|100\/100\n|move|p2a: Meowscarada|Flower Trick|p1b: Hippowdon\n|-supereffective|p1b: Hippowdon\n|-crit|p1b: Hippowdon\n|-damage|p1b: Hippowdon|30\/100\n|move|p2b: Azumarill|Liquidation|p1b: Hippowdon\n|-supereffective|p1b: Hippowdon\n|-damage|p1b: Hippowdon|0 fnt\n|faint|p1b: Hippowdon\n|\n|-weather|Sandstorm|[upkeep]\n|-damage|p2a: Meowscarada|34\/100|[from] Sandstorm\n|-damage|p2b: Azumarill|88\/100|[from] Sandstorm\n|upkeep\n|\n|t:|1696026675\n|switch|p1b: Toedscruel|Toedscruel, M|100\/100\n|turn|3\n|\n|t:|1696026690\n|switch|p2b: Corviknight|Corviknight, F|100\/100\n|-ability|p2b: Corviknight|Pressure\n|move|p2a: Meowscarada|Taunt|p1b: Toedscruel\n|-start|p1b: Toedscruel|move: Taunt\n|move|p1a: Clodsire|Stealth Rock|p2a: Meowscarada\n|-sidestart|p2: AdriftAsleep|move: Stealth Rock\n|cant|p1b: Toedscruel|move: Taunt|Trick Room\n|\n|-weather|Sandstorm|[upkeep]\n|-damage|p2a: Meowscarada|28\/100|[from] Sandstorm\n|upkeep\n|turn|4\n|\n|t:|1696026719\n|switch|p1b: Garchomp|Garchomp, F|100\/100\n|move|p2a: Meowscarada|Flower Trick|p1b: Garchomp\n|-crit|p1b: Garchomp\n|-damage|p1b: Garchomp|40\/100\n|move|p2b: Corviknight|Bulk Up|p2b: Corviknight\n|-boost|p2b: Corviknight|atk|1\n|-boost|p2b: Corviknight|def|1\n|move|p1a: Clodsire|Toxic Spikes|p2b: Corviknight\n|-sidestart|p2: AdriftAsleep|move: Toxic Spikes\n|\n|-weather|Sandstorm|[upkeep]\n|-damage|p2a: Meowscarada|22\/100|[from] Sandstorm\n|upkeep\n|turn|5\n|\n|t:|1696026758\n|detailschange|p1b: Garchomp|Garchomp-Mega, F\n|-mega|p1b: Garchomp|Garchomp|Garchompite\n|move|p2a: Meowscarada|Protect|p2a: Meowscarada\n|-singleturn|p2a: Meowscarada|Protect\n|move|p1b: Garchomp|Iron Head|p2a: Meowscarada\n|-activate|p2a: Meowscarada|move: Protect\n|move|p2b: Corviknight|Brave Bird|p1b: Garchomp\n|-damage|p1b: Garchomp|1\/100\n|-damage|p2b: Corviknight|87\/100|[from] Recoil\n|move|p1a: Clodsire|Toxic Spikes|p2b: Corviknight\n|-sidestart|p2: AdriftAsleep|move: Toxic Spikes\n|\n|-weather|Sandstorm|[upkeep]\n|-damage|p2a: Meowscarada|16\/100|[from] Sandstorm\n|upkeep\n|turn|6\n|\n|t:|1696026795\n|move|p2a: Meowscarada|Flower Trick|p1a: Clodsire\n|-crit|p1a: Clodsire\n|-damage|p1a: Clodsire|21\/100\n|move|p1b: Garchomp|Stone Edge|p2b: Corviknight|[miss]\n|-miss|p1b: Garchomp|p2b: Corviknight\n|move|p2b: Corviknight|Body Press|p1b: Garchomp\n|-damage|p1b: Garchomp|0 fnt\n|faint|p1b: Garchomp\n|move|p1a: Clodsire|Poison Jab|p2a: Meowscarada\n|-supereffective|p2a: Meowscarada\n|-damage|p2a: Meowscarada|0 fnt\n|faint|p2a: Meowscarada\n|\n|-weather|Sandstorm|[upkeep]\n|-heal|p1a: Clodsire|28\/100|[from] item: Black Sludge\n|upkeep\n|\n|t:|1696026823\n|switch|p2a: Milotic|Milotic, F|100\/100\n|switch|p1b: Toedscruel|Toedscruel, M|100\/100\n|-damage|p2a: Milotic|88\/100|[from] Stealth Rock\n|-status|p2a: Milotic|tox\n|turn|7\n|\n|t:|1696026839\n|switch|p1a: Gastrodon|Gastrodon, M|100\/100\n|move|p2b: Corviknight|Brave Bird|p1b: Toedscruel\n|-supereffective|p1b: Toedscruel\n|-enditem|p1b: Toedscruel|Focus Sash\n|-damage|p1b: Toedscruel|1\/100\n|-damage|p2b: Corviknight|57\/100|[from] Recoil\n|move|p2a: Milotic|Ice Beam|p1b: Toedscruel\n|-supereffective|p1b: Toedscruel\n|-damage|p1b: Toedscruel|0 fnt\n|faint|p1b: Toedscruel\n|\n|-weather|Sandstorm|[upkeep]\n|-damage|p2a: Milotic|82\/100 tox|[from] Sandstorm\n|-heal|p2a: Milotic|88\/100 tox|[from] item: Leftovers\n|-damage|p2a: Milotic|82\/100 tox|[from] psn\n|upkeep\n|\n|t:|1696026855\n|switch|p1b: Clodsire|Clodsire, F|28\/100\n|turn|8\n|\n|t:|1696026886\n|move|p2b: Corviknight|Roost|p2b: Corviknight\n|-heal|p2b: Corviknight|100\/100\n|-singleturn|p2b: Corviknight|move: Roost\n|move|p2a: Milotic|Ice Beam|p1b: Clodsire\n|-supereffective|p1b: Clodsire\n|-damage|p1b: Clodsire|4\/100\n|move|p1a: Gastrodon|Surf|p2b: Corviknight|[spread] p2a,p2b\n|-heal|p1b: Clodsire|29\/100|[from] ability: Water Absorb|[of] p1a: Gastrodon\n|-resisted|p2a: Milotic\n|-damage|p2a: Milotic|72\/100 tox\n|-damage|p2b: Corviknight|72\/100\n|move|p1b: Clodsire|Poison Jab|p2a: Milotic\n|-damage|p2a: Milotic|55\/100 tox\n|\n|-weather|none\n|-heal|p2a: Milotic|61\/100 tox|[from] item: Leftovers\n|-heal|p1b: Clodsire|36\/100|[from] item: Black Sludge\n|-damage|p2a: Milotic|49\/100 tox|[from] psn\n|upkeep\n|turn|9\n|\n|t:|1696026918\n|move|p2b: Corviknight|Brave Bird|p1b: Clodsire\n|-damage|p1b: Clodsire|0 fnt\n|faint|p1b: Clodsire\n|-damage|p2b: Corviknight|58\/100|[from] Recoil\n|move|p2a: Milotic|Ice Beam|p1a: Gastrodon\n|-damage|p1a: Gastrodon|82\/100\n|move|p1a: Gastrodon|Surf|p2b: Corviknight|[spread] p2a,p2b\n|-resisted|p2a: Milotic\n|-damage|p2a: Milotic|38\/100 tox\n|-damage|p2b: Corviknight|30\/100\n|\n|-heal|p2a: Milotic|44\/100 tox|[from] item: Leftovers\n|-heal|p1a: Gastrodon|89\/100|[from] item: Leftovers\n|-damage|p2a: Milotic|26\/100 tox|[from] psn\n|upkeep\n|\n|t:|1696026931\n|switch|p1b: Ursaluna|Ursaluna-Bloodmoon, M|100\/100\n|turn|10\n|\n|t:|1696026957\n|-terastallize|p1b: Ursaluna|Ground\n|move|p2b: Corviknight|Brave Bird|p1b: Ursaluna\n|-damage|p1b: Ursaluna|68\/100\n|-damage|p2b: Corviknight|20\/100|[from] Recoil\n|move|p2a: Milotic|Ice Beam|p1b: Ursaluna\n|-supereffective|p1b: Ursaluna\n|-damage|p1b: Ursaluna|31\/100\n|move|p1b: Ursaluna|Blood Moon|p2b: Corviknight\n|-resisted|p2b: Corviknight\n|-damage|p2b: Corviknight|0 fnt\n|faint|p2b: Corviknight\n|move|p1a: Gastrodon|Earth Power|p2a: Milotic\n|-damage|p2a: Milotic|0 fnt\n|faint|p2a: Milotic\n|\n|-heal|p1a: Gastrodon|95\/100|[from] item: Leftovers\n|upkeep\n|\n|t:|1696026980\n|switch|p2b: Azumarill|Azumarill, M|88\/100\n|switch|p2a: Altaria|Altaria, M|100\/100\n|-damage|p2a: Altaria|76\/100|[from] Stealth Rock\n|-damage|p2b: Azumarill|76\/100|[from] Stealth Rock\n|-status|p2b: Azumarill|tox\n|turn|11\n|\n|t:|1696026995\n|detailschange|p2a: Altaria|Altaria-Mega, M\n|-mega|p2a: Altaria|Altaria|Altarianite\n|move|p2b: Azumarill|Aqua Jet|p1a: Gastrodon\n|-activate|p1a: Gastrodon|ability: Storm Drain\n|-ability|p1a: Gastrodon|Storm Drain|boost\n|-boost|p1a: Gastrodon|spa|1\n|move|p2a: Altaria|Tailwind|p2a: Altaria\n|-sidestart|p2: AdriftAsleep|move: Tailwind\n|move|p1b: Ursaluna|Hyper Voice|p2a: Altaria|[spread] p2a,p2b\n|-damage|p2a: Altaria|36\/100\n|-damage|p2b: Azumarill|51\/100 tox\n|move|p1a: Gastrodon|Ice Beam|p2a: Altaria\n|-supereffective|p2a: Altaria\n|-damage|p2a: Altaria|0 fnt\n|faint|p2a: Altaria\n|\n|-heal|p1a: Gastrodon|100\/100|[from] item: Leftovers\n|-damage|p2b: Azumarill|45\/100 tox|[from] psn\n|upkeep\n|\n|t:|1696027018\n|switch|p2a: Hydreigon|Hydreigon, F|100\/100\n|-damage|p2a: Hydreigon|88\/100|[from] Stealth Rock\n|turn|12\n|c|\u2606AdriftAsleep|Ahh thought it was water absorb\n|c|\u2606AdriftAsleep|That sucks\n|\n|t:|1696027053\n|move|p2a: Hydreigon|Draco Meteor|p1a: Gastrodon\n|-damage|p1a: Gastrodon|4\/100\n|-unboost|p2a: Hydreigon|spa|2\n|move|p2b: Azumarill|Play Rough|p1a: Gastrodon\n|-damage|p1a: Gastrodon|0 fnt\n|faint|p1a: Gastrodon\n|move|p1b: Ursaluna|Body Press|p2a: Hydreigon\n|-supereffective|p2a: Hydreigon\n|-damage|p2a: Hydreigon|31\/100\n|\n|-damage|p2b: Azumarill|32\/100 tox|[from] psn\n|upkeep\n|turn|13\n|\n|t:|1696027071\n|-terastallize|p2b: Azumarill|Water\n|move|p2b: Azumarill|Aqua Jet|p1b: Ursaluna\n|-supereffective|p1b: Ursaluna\n|-damage|p1b: Ursaluna|0 fnt\n|faint|p1b: Ursaluna\n|\n|win|AdriftAsleep\n|c|\u2606Critian Caceorte|gg\n|c|\u2606AdriftAsleep|gg\n|c|\u2606AdriftAsleep|Thanks for the game\n","uploadtime":1696027098,"views":9,"p1id":"critiancaceorte","p2id":"adriftasleep","formatid":"gen9nationaldexdoubles","rating":0,"private":0,"password":""}