{"id":"gen9nationaldexdoubles-1979018735","p1":"Jamienisbest5th","p2":"kyu_oops","format":"[Gen 9] National Dex Doubles","log":"|j|\u2606Jamienisbest5th\n|j|\u2606kyu_oops\n|t:|1698621820\n|gametype|doubles\n|player|p1|Jamienisbest5th|guitarist|\n|player|p2|kyu_oops|iono|\n|teamsize|p1|5\n|teamsize|p2|5\n|gen|9\n|tier|[Gen 9] National Dex Doubles\n|rule|HP Percentage Mod: HP is shown in percentages\n|rule|Endless Battle Clause: Forcing endless battles is banned\n|rule|OHKO Clause: OHKO moves are banned\n|rule|Evasion Moves Clause: Evasion moves are banned\n|rule|Evasion Abilities Clause: Evasion abilities are banned\n|rule|Species Clause: Limit one of each Pok\u00e9mon\n|rule|Gravity Sleep Clause: The combination of sleep-inducing moves with imperfect accuracy and Gravity or Gigantamax Orbeetle are banned\n|clearpoke\n|poke|p1|Slowking-Galar, L51, M|\n|poke|p1|Maushold, L51|\n|poke|p1|Cloyster, L51, F|\n|poke|p1|Mudsdale, L51, F|\n|poke|p1|Turtonator, L51, F|\n|poke|p2|Sylveon, L51, F|\n|poke|p2|Hatterene, L51, F|\n|poke|p2|Alcremie, L51, F|\n|poke|p2|Azumarill, L51, F|\n|poke|p2|Grimmsnarl, L51, M|\n|teampreview\n|\n|t:|1698621839\n|start\n|switch|p1a: Slowking|Slowking-Galar, L51, M|100\/100\n|switch|p1b: Turtonator|Turtonator, L51, F|100\/100\n|switch|p2a: Hatterene|Hatterene, L51, F|100\/100\n|switch|p2b: Azumarill|Azumarill, L51, F, shiny|100\/100\n|turn|1\n|\n|t:|1698621860\n|-terastallize|p1b: Turtonator|Poison\n|move|p2b: Azumarill|Belly Drum|p2b: Azumarill\n|-damage|p2b: Azumarill|50\/100\n|-setboost|p2b: Azumarill|atk|6|[from] move: Belly Drum\n|-enditem|p2b: Azumarill|Sitrus Berry|[eat]\n|-heal|p2b: Azumarill|75\/100|[from] item: Sitrus Berry\n|move|p1b: Turtonator|Venoshock|p2a: Hatterene\n|-supereffective|p2a: Hatterene\n|-damage|p2a: Hatterene|53\/100\n|move|p1a: Slowking|Toxic|p2a: Hatterene\n|move|p2a: Hatterene|Toxic|p1a: Slowking|[from]ability: Magic Bounce|[miss]\n|-miss|p2a: Hatterene|p1a: Slowking\n|move|p2a: Hatterene|Trick Room|p2a: Hatterene\n|-fieldstart|move: Trick Room|[of] p2a: Hatterene\n|\n|-heal|p2a: Hatterene|59\/100|[from] item: Leftovers\n|upkeep\n|turn|2\n|\n|t:|1698621904\n|move|p2a: Hatterene|Psychic|p1b: Turtonator\n|-supereffective|p1b: Turtonator\n|-damage|p1b: Turtonator|33\/100\n|move|p1a: Slowking|Sludge Wave|p2b: Azumarill|[spread] p1b,p2a,p2b\n|-resisted|p1b: Turtonator\n|-supereffective|p2a: Hatterene\n|-supereffective|p2b: Azumarill\n|-damage|p1b: Turtonator|22\/100\n|-damage|p2a: Hatterene|18\/100\n|-damage|p2b: Azumarill|20\/100\n|move|p1b: Turtonator|Flash Cannon|p2b: Azumarill\n|-damage|p2b: Azumarill|0 fnt\n|faint|p2b: Azumarill\n|\n|-heal|p2a: Hatterene|24\/100|[from] item: Leftovers\n|upkeep\n|\n|t:|1698621919\n|switch|p2b: Sylveon|Sylveon, L51, F, shiny|100\/100\n|turn|3\n|\n|t:|1698621931\n|-terastallize|p2b: Sylveon|Water\n|move|p2a: Hatterene|Psychic|p1b: Turtonator\n|-supereffective|p1b: Turtonator\n|-damage|p1b: Turtonator|0 fnt\n|faint|p1b: Turtonator\n|move|p1a: Slowking|Sludge Wave|p2b: Sylveon|[spread] p2a,p2b\n|-supereffective|p2a: Hatterene\n|-damage|p2a: Hatterene|0 fnt\n|-damage|p2b: Sylveon|84\/100\n|-status|p2b: Sylveon|psn\n|faint|p2a: Hatterene\n|move|p2b: Sylveon|Hyper Voice|p1a: Slowking\n|-resisted|p1a: Slowking\n|-damage|p1a: Slowking|80\/100\n|-enditem|p2b: Sylveon|Throat Spray\n|-boost|p2b: Sylveon|spa|1|[from] item: Throat Spray\n|\n|-damage|p2b: Sylveon|72\/100 psn|[from] psn\n|upkeep\n|\n|t:|1698621954\n|switch|p2a: Alcremie|Alcremie, L51, F, shiny|100\/100\n|switch|p1b: Maushold|Maushold, L51|100\/100\n|turn|4\n|\n|t:|1698621969\n|move|p2a: Alcremie|Decorate|p1a: Slowking\n|-boost|p1a: Slowking|atk|2\n|-boost|p1a: Slowking|spa|2\n|move|p1a: Slowking|Sludge Wave|p2b: Sylveon|[spread] p1b,p2a,p2b\n|-supereffective|p2a: Alcremie\n|-damage|p1b: Maushold|14\/100\n|-damage|p2a: Alcremie|29\/100\n|-damage|p2b: Sylveon|36\/100 psn\n|-status|p2a: Alcremie|psn\n|move|p2b: Sylveon|Tera Blast|p1a: Slowking|[anim] Tera Blast Water\n|-damage|p1a: Slowking|41\/100\n|move|p1b: Maushold|Population Bomb|p2b: Sylveon\n|-damage|p2b: Sylveon|27\/100 psn\n|-damage|p2b: Sylveon|18\/100 psn\n|-damage|p2b: Sylveon|8\/100 psn\n|-damage|p2b: Sylveon|0 fnt\n|faint|p2b: Sylveon\n|-hitcount|p2: Sylveon|4\n|\n|-damage|p2a: Alcremie|16\/100 psn|[from] psn\n|upkeep\n|c|\u2606kyu_oops|Oh oops\n|\n|t:|1698621990\n|switch|p2b: Grimmsnarl|Grimmsnarl, L51, M, shiny|100\/100\n|turn|5\n|\n|t:|1698622002\n|move|p2a: Alcremie|Dazzling Gleam|p1b: Maushold|[spread] p1a,p1b\n|-resisted|p1a: Slowking\n|-damage|p1a: Slowking|35\/100\n|-damage|p1b: Maushold|0 fnt\n|faint|p1b: Maushold\n|move|p1a: Slowking|Rest|p1a: Slowking\n|-status|p1a: Slowking|slp|[from] move: Rest\n|-heal|p1a: Slowking|100\/100 slp|[silent]\n|-enditem|p1a: Slowking|Chesto Berry|[eat]\n|-curestatus|p1a: Slowking|slp|[msg]\n|move|p2b: Grimmsnarl|Spirit Break|p1a: Slowking\n|-resisted|p1a: Slowking\n|-damage|p1a: Slowking|89\/100\n|-unboost|p1a: Slowking|spa|1\n|\n|-damage|p2a: Alcremie|4\/100 psn|[from] psn\n|-fieldend|move: Trick Room\n|upkeep\n|\n|t:|1698622019\n|switch|p1b: Cloyster|Cloyster, L51, F|100\/100\n|turn|6\n|\n|t:|1698622033\n|move|p2b: Grimmsnarl|Light Screen|p2b: Grimmsnarl\n|-sidestart|p2: kyu_oops|move: Light Screen\n|move|p1b: Cloyster|Icicle Spear|p2b: Grimmsnarl\n|-damage|p2b: Grimmsnarl|91\/100\n|-damage|p2b: Grimmsnarl|80\/100\n|-damage|p2b: Grimmsnarl|70\/100\n|-damage|p2b: Grimmsnarl|60\/100\n|-hitcount|p2b: Grimmsnarl|4\n|move|p1a: Slowking|Sludge Wave|p2a: Alcremie|[spread] p1b,p2a,p2b\n|-supereffective|p2a: Alcremie\n|-supereffective|p2b: Grimmsnarl\n|-damage|p1b: Cloyster|44\/100\n|-damage|p2a: Alcremie|0 fnt\n|-damage|p2b: Grimmsnarl|19\/100\n|-status|p2b: Grimmsnarl|psn\n|faint|p2a: Alcremie\n|\n|-damage|p2b: Grimmsnarl|6\/100 psn|[from] psn\n|upkeep\n|turn|7\n|\n|t:|1698622060\n|move|p1b: Cloyster|Icicle Spear|p2b: Grimmsnarl\n|-damage|p2b: Grimmsnarl|0 fnt\n|faint|p2b: Grimmsnarl\n|-hitcount|p2: Grimmsnarl|1\n|\n|win|Jamienisbest5th\n|c|\u2606kyu_oops|gg\n|c|\u2606Jamienisbest5th|GGs\n|l|\u2606kyu_oops\n","uploadtime":1698622136,"views":4,"p1id":"jamienisbest5th","p2id":"kyuoops","formatid":"gen9nationaldexdoubles","rating":0,"private":0,"password":""}