{"id":"gen9nationaldexdoubles-1968179675","p1":"TheJbro189","p2":"Parraso","format":"[Gen 9] National Dex Doubles","log":"|j|\u2606TheJbro189\n|j|\u2606Parraso\n|t:|1697392188\n|gametype|doubles\n|player|p1|TheJbro189|170|1215\n|player|p2|Parraso|steven-gen6|1077\n|teamsize|p1|6\n|teamsize|p2|6\n|gen|9\n|tier|[Gen 9] National Dex Doubles\n|rated|\n|rule|HP Percentage Mod: HP is shown in percentages\n|rule|Endless Battle Clause: Forcing endless battles is banned\n|rule|OHKO Clause: OHKO moves are banned\n|rule|Evasion Moves Clause: Evasion moves are banned\n|rule|Evasion Abilities Clause: Evasion abilities are banned\n|rule|Species Clause: Limit one of each Pok\u00e9mon\n|rule|Gravity Sleep Clause: The combination of sleep-inducing moves with imperfect accuracy and Gravity or Gigantamax Orbeetle are banned\n|clearpoke\n|poke|p1|Torkoal, F|\n|poke|p1|Toxapex, M|\n|poke|p1|Scovillain, F|\n|poke|p1|Great Tusk|\n|poke|p1|Heatran, M|\n|poke|p1|Starmie|\n|poke|p2|Naganadel|\n|poke|p2|Hitmontop, M|\n|poke|p2|Magnezone|\n|poke|p2|Gastrodon, F|\n|poke|p2|Salamence, F|\n|poke|p2|Moltres|\n|teampreview\n|\n|t:|1697392191\n|start\n|switch|p1a: Torkoal|Torkoal, F|100\/100\n|switch|p1b: Great Tusk|Great Tusk|100\/100\n|switch|p2a: Naganadel|Naganadel|100\/100\n|switch|p2b: Hitmontop|Hitmontop, M|100\/100\n|-ability|p2b: Hitmontop|Intimidate|boost\n|-unboost|p1a: Torkoal|atk|1\n|-unboost|p1b: Great Tusk|atk|1\n|-weather|SunnyDay|[from] ability: Drought|[of] p1a: Torkoal\n|-activate|p1b: Great Tusk|ability: Protosynthesis\n|-start|p1b: Great Tusk|protosynthesisdef\n|turn|1\n|inactive|Battle timer is ON: inactive players will automatically lose when time's up. (requested by TheJbro189)\n|\n|t:|1697392213\n|move|p2b: Hitmontop|Fake Out|p1b: Great Tusk\n|-damage|p1b: Great Tusk|95\/100\n|move|p2a: Naganadel|Tailwind|p2a: Naganadel\n|-sidestart|p2: Parraso|move: Tailwind\n|cant|p1b: Great Tusk|flinch\n|move|p1a: Torkoal|Eruption|p2b: Hitmontop|[spread] p2a,p2b\n|-resisted|p2a: Naganadel\n|-damage|p2a: Naganadel|54\/100\n|-damage|p2b: Hitmontop|30\/100\n|-enditem|p2b: Hitmontop|Sitrus Berry|[eat]\n|-heal|p2b: Hitmontop|55\/100|[from] item: Sitrus Berry\n|\n|-weather|SunnyDay|[upkeep]\n|upkeep\n|turn|2\n|\n|t:|1697392240\n|move|p2b: Hitmontop|Helping Hand|p2a: Naganadel\n|-singleturn|p2a: Naganadel|Helping Hand|[of] p2b: Hitmontop\n|move|p2a: Naganadel|Heat Wave|p1b: Great Tusk|[spread] p1a,p1b\n|-resisted|p1a: Torkoal\n|-damage|p1a: Torkoal|61\/100\n|-damage|p1b: Great Tusk|63\/100\n|move|p1b: Great Tusk|Headlong Rush|p2a: Naganadel\n|-supereffective|p2a: Naganadel\n|-damage|p2a: Naganadel|0 fnt\n|-unboost|p1b: Great Tusk|def|1\n|-unboost|p1b: Great Tusk|spd|1\n|faint|p2a: Naganadel\n|move|p1a: Torkoal|Eruption|p2b: Hitmontop\n|-damage|p2b: Hitmontop|4\/100\n|\n|-weather|SunnyDay|[upkeep]\n|upkeep\n|inactive|Parraso has 120 seconds left.\n|\n|t:|1697392260\n|switch|p2a: Magnezone|Magnezone|100\/100\n|turn|3\n|\n|t:|1697392272\n|move|p2b: Hitmontop|Helping Hand|p2a: Magnezone\n|-singleturn|p2a: Magnezone|Helping Hand|[of] p2b: Hitmontop\n|move|p2a: Magnezone|Hidden Power|p1b: Great Tusk\n|-supereffective|p1b: Great Tusk\n|-damage|p1b: Great Tusk|0 fnt\n|faint|p1b: Great Tusk\n|-end|p1b: Great Tusk|Protosynthesis|[silent]\n|move|p1a: Torkoal|Eruption|p2b: Hitmontop|[spread] p2a,p2b\n|-supereffective|p2a: Magnezone\n|-damage|p2a: Magnezone|39\/100\n|-damage|p2b: Hitmontop|0 fnt\n|faint|p2b: Hitmontop\n|\n|-weather|SunnyDay|[upkeep]\n|upkeep\n|\n|t:|1697392287\n|switch|p1b: Scovillain|Scovillain, F|100\/100\n|switch|p2b: Gastrodon|Gastrodon, F|100\/100\n|turn|4\n|\n|t:|1697392304\n|move|p1b: Scovillain|Solar Beam||[still]\n|-prepare|p1b: Scovillain|Solar Beam\n|-anim|p1b: Scovillain|Solar Beam|p2b: Gastrodon\n|-supereffective|p2b: Gastrodon\n|-damage|p2b: Gastrodon|0 fnt\n|faint|p2b: Gastrodon\n|move|p2a: Magnezone|Body Press|p1b: Scovillain\n|-damage|p1b: Scovillain|61\/100\n|move|p1a: Torkoal|Eruption|p2a: Magnezone\n|-supereffective|p2a: Magnezone\n|-damage|p2a: Magnezone|0 fnt\n|faint|p2a: Magnezone\n|\n|-weather|SunnyDay|[upkeep]\n|-sideend|p2: Parraso|move: Tailwind\n|upkeep\n|\n|t:|1697392319\n|switch|p2a: Salamence|Salamence, F|100\/100\n|switch|p2b: Moltres|Moltres|100\/100\n|-ability|p2a: Salamence|Intimidate|boost\n|-unboost|p1a: Torkoal|atk|1\n|-unboost|p1b: Scovillain|atk|1\n|turn|5\n|\n|t:|1697392334\n|switch|p1b: Toxapex|Toxapex, M|100\/100\n|switch|p1a: Starmie|Starmie|100\/100\n|detailschange|p2a: Salamence|Salamence-Mega, F\n|-mega|p2a: Salamence|Salamence|Salamencite\n|move|p2a: Salamence|Double-Edge|p1b: Toxapex\n|-damage|p1b: Toxapex|41\/100\n|-damage|p2a: Salamence|86\/100|[from] Recoil\n|move|p2b: Moltres|Tailwind|p2b: Moltres\n|-sidestart|p2: Parraso|move: Tailwind\n|\n|-weather|SunnyDay|[upkeep]\n|-heal|p1b: Toxapex|47\/100|[from] item: Black Sludge\n|upkeep\n|turn|6\n|\n|t:|1697392353\n|move|p1b: Toxapex|Baneful Bunker|p1b: Toxapex\n|-singleturn|p1b: Toxapex|move: Protect\n|move|p2a: Salamence|Rock Slide|p1b: Toxapex|[spread] p1a\n|-activate|p1b: Toxapex|move: Protect\n|-damage|p1a: Starmie|71\/100\n|move|p2b: Moltres|Heat Wave|p1a: Starmie|[spread] p1a\n|-activate|p1b: Toxapex|move: Protect\n|-resisted|p1a: Starmie\n|-damage|p1a: Starmie|26\/100\n|move|p1a: Starmie|Ice Beam|p2a: Salamence\n|-supereffective|p2a: Salamence\n|-damage|p2a: Salamence|0 fnt\n|faint|p2a: Salamence\n|-damage|p1a: Starmie|16\/100|[from] item: Life Orb\n|\n|-weather|SunnyDay|[upkeep]\n|-heal|p1b: Toxapex|53\/100|[from] item: Black Sludge\n|upkeep\n|turn|7\n|\n|t:|1697392374\n|move|p2b: Moltres|Heat Wave|p1b: Toxapex|[spread] p1a,p1b\n|-resisted|p1a: Starmie\n|-resisted|p1b: Toxapex\n|-damage|p1a: Starmie|0 fnt\n|-damage|p1b: Toxapex|27\/100\n|faint|p1a: Starmie\n|move|p1b: Toxapex|Scald|p2b: Moltres\n|-supereffective|p2b: Moltres\n|-damage|p2b: Moltres|85\/100\n|\n|-weather|SunnyDay|[upkeep]\n|-heal|p1b: Toxapex|33\/100|[from] item: Black Sludge\n|upkeep\n|\n|t:|1697392390\n|switch|p1a: Heatran|Heatran, M|100\/100\n|turn|8\n|\n|t:|1697392397\n|move|p2b: Moltres|Scorching Sands|p1a: Heatran\n|-supereffective|p1a: Heatran\n|-damage|p1a: Heatran|0 fnt\n|faint|p1a: Heatran\n|move|p1b: Toxapex|Sludge Bomb|p2b: Moltres\n|-damage|p2b: Moltres|66\/100\n|\n|-weather|none\n|-heal|p1b: Toxapex|40\/100|[from] item: Black Sludge\n|-sideend|p2: Parraso|move: Tailwind\n|upkeep\n|\n|t:|1697392406\n|switch|p1a: Torkoal|Torkoal, F|61\/100\n|-weather|SunnyDay|[from] ability: Drought|[of] p1a: Torkoal\n|turn|9\n|\n|t:|1697392416\n|-terastallize|p1b: Toxapex|Poison\n|move|p2b: Moltres|Heat Wave|p1a: Torkoal|[spread] p1a,p1b\n|-resisted|p1a: Torkoal\n|-damage|p1a: Torkoal|15\/100\n|-damage|p1b: Toxapex|0 fnt\n|faint|p1b: Toxapex\n|move|p1a: Torkoal|Eruption|p2b: Moltres\n|-resisted|p2b: Moltres\n|-damage|p2b: Moltres|59\/100\n|\n|-weather|SunnyDay|[upkeep]\n|upkeep\n|\n|t:|1697392425\n|switch|p1b: Scovillain|Scovillain, F|61\/100\n|turn|10\n|\n|t:|1697392433\n|move|p1b: Scovillain|Fire Blast|p2b: Moltres\n|-resisted|p2b: Moltres\n|-damage|p2b: Moltres|20\/100\n|move|p2b: Moltres|Air Slash|p1b: Scovillain\n|-supereffective|p1b: Scovillain\n|-damage|p1b: Scovillain|0 fnt\n|faint|p1b: Scovillain\n|move|p1a: Torkoal|Shell Smash|p1a: Torkoal\n|-unboost|p1a: Torkoal|def|1\n|-unboost|p1a: Torkoal|spd|1\n|-boost|p1a: Torkoal|atk|2\n|-boost|p1a: Torkoal|spa|2\n|-boost|p1a: Torkoal|spe|2\n|\n|-weather|SunnyDay|[upkeep]\n|upkeep\n|turn|11\n|\n|t:|1697392453\n|move|p2b: Moltres|Scorching Sands|p1a: Torkoal\n|-supereffective|p1a: Torkoal\n|-damage|p1a: Torkoal|0 fnt\n|faint|p1a: Torkoal\n|\n|win|Parraso\n|raw|TheJbro189's rating: 1215 &rarr; <strong>1181<\/strong><br \/>(-34 for losing)\n|raw|Parraso's rating: 1077 &rarr; <strong>1116<\/strong><br \/>(+39 for winning)\n|c|\u2606Parraso|Gg\n|l|\u2606TheJbro189\n","uploadtime":1697392461,"views":8,"p1id":"thejbro189","p2id":"parraso","formatid":"gen9nationaldexdoubles","rating":1116,"private":0,"password":""}