{"id":"gen9nationaldexdoubles-1967702135","p1":"mmmirza","p2":"ybybybbb","format":"[Gen 9] National Dex Doubles","log":"|j|\u2606mmmirza\n|j|\u2606ybybybbb\n|t:|1697328810\n|gametype|doubles\n|player|p1|mmmirza|2|1400\n|player|p2|ybybybbb|101|1290\n|teamsize|p1|6\n|teamsize|p2|6\n|gen|9\n|tier|[Gen 9] National Dex Doubles\n|rated|\n|rule|HP Percentage Mod: HP is shown in percentages\n|rule|Endless Battle Clause: Forcing endless battles is banned\n|rule|OHKO Clause: OHKO moves are banned\n|rule|Evasion Moves Clause: Evasion moves are banned\n|rule|Evasion Abilities Clause: Evasion abilities are banned\n|rule|Species Clause: Limit one of each Pok\u00e9mon\n|rule|Gravity Sleep Clause: The combination of sleep-inducing moves with imperfect accuracy and Gravity or Gigantamax Orbeetle are banned\n|clearpoke\n|poke|p1|Ogerpon-Hearthflame, F|\n|poke|p1|Whimsicott, M|\n|poke|p1|Marshadow|\n|poke|p1|Chien-Pao|\n|poke|p1|Kingambit, M|\n|poke|p1|Charizard, M|\n|poke|p2|Ninetales-Alola, M|\n|poke|p2|Charizard, M|\n|poke|p2|Flutter Mane|\n|poke|p2|Rillaboom, M|\n|poke|p2|Chi-Yu|\n|poke|p2|Landorus-Therian, M|\n|teampreview\n|inactive|Battle timer is ON: inactive players will automatically lose when time's up. (requested by mmmirza)\n|inactive|ybybybbb has 120 seconds left.\n|\n|t:|1697328850\n|start\n|switch|p1a: Kingambit|Kingambit, M|100\/100\n|switch|p1b: Whimsicott|Whimsicott, M|100\/100\n|switch|p2a: Charizard|Charizard, M|100\/100\n|switch|p2b: Chi-Yu|Chi-Yu|100\/100\n|-ability|p2b: Chi-Yu|Beads of Ruin\n|turn|1\n|\n|t:|1697328873\n|detailschange|p2a: Charizard|Charizard-Mega-Y, M\n|-mega|p2a: Charizard|Charizard|Charizardite Y\n|-weather|SunnyDay|[from] ability: Drought|[of] p2a: Charizard\n|move|p1b: Whimsicott|Tailwind|p1b: Whimsicott\n|-sidestart|p1: mmmirza|move: Tailwind\n|move|p2b: Chi-Yu|Heat Wave|p1b: Whimsicott|[spread] p1a,p1b\n|-supereffective|p1a: Kingambit\n|-supereffective|p1b: Whimsicott\n|-crit|p1b: Whimsicott\n|-damage|p1a: Kingambit|0 fnt\n|-enditem|p1b: Whimsicott|Focus Sash\n|-damage|p1b: Whimsicott|1\/100\n|faint|p1a: Kingambit\n|move|p2a: Charizard|Tailwind|p2a: Charizard\n|-sidestart|p2: ybybybbb|move: Tailwind\n|\n|-weather|SunnyDay|[upkeep]\n|upkeep\n|inactive|mmmirza has 120 seconds left.\n|\n|t:|1697328891\n|switch|p1a: Chien-Pao|Chien-Pao|100\/100\n|-ability|p1a: Chien-Pao|Sword of Ruin\n|turn|2\n|\n|t:|1697328916\n|move|p2a: Charizard|Protect|p2a: Charizard\n|-singleturn|p2a: Charizard|Protect\n|move|p1b: Whimsicott|Encore|p2a: Charizard\n|-activate|p2a: Charizard|move: Protect\n|move|p2b: Chi-Yu|Heat Wave|p1a: Chien-Pao|[spread] p1a,p1b\n|-supereffective|p1a: Chien-Pao\n|-supereffective|p1b: Whimsicott\n|-crit|p1b: Whimsicott\n|-enditem|p1a: Chien-Pao|Focus Sash\n|-damage|p1a: Chien-Pao|1\/100\n|-damage|p1b: Whimsicott|0 fnt\n|faint|p1b: Whimsicott\n|move|p1a: Chien-Pao|Sacred Sword|p2b: Chi-Yu\n|-supereffective|p2b: Chi-Yu\n|-damage|p2b: Chi-Yu|0 fnt\n|faint|p2b: Chi-Yu\n|\n|-weather|SunnyDay|[upkeep]\n|upkeep\n|inactive|ybybybbb has 120 seconds left.\n|\n|t:|1697328948\n|switch|p1b: Marshadow|Marshadow|100\/100\n|switch|p2b: Rillaboom|Rillaboom, M|100\/100\n|-fieldstart|move: Grassy Terrain|[from] ability: Grassy Surge|[of] p2b: Rillaboom\n|turn|3\n|\n|t:|1697328964\n|switch|p1a: Charizard|Charizard, M|100\/100\n|move|p2b: Rillaboom|Fake Out|p1a: Charizard\n|-damage|p1a: Charizard|81\/100\n|-zpower|p1b: Marshadow\n|move|p1b: Marshadow|Soul-Stealing 7-Star Strike|p2a: Charizard|[zeffect]\n|-damage|p2a: Charizard|0 fnt\n|faint|p2a: Charizard\n|\n|-weather|SunnyDay|[upkeep]\n|upkeep\n|inactive|ybybybbb has 120 seconds left.\n|\n|t:|1697328984\n|switch|p2a: Flutter Mane|Flutter Mane|100\/100\n|-activate|p2a: Flutter Mane|ability: Protosynthesis\n|-start|p2a: Flutter Mane|protosynthesisspe\n|turn|4\n|\n|t:|1697329004\n|detailschange|p1a: Charizard|Charizard-Mega-Y, M\n|-mega|p1a: Charizard|Charizard|Charizardite Y\n|move|p2a: Flutter Mane|Protect|p2a: Flutter Mane\n|-singleturn|p2a: Flutter Mane|Protect\n|move|p1b: Marshadow|Protect|p1b: Marshadow\n|-singleturn|p1b: Marshadow|Protect\n|move|p1a: Charizard|Heat Wave|p2a: Flutter Mane|[spread] p2b\n|-activate|p2a: Flutter Mane|move: Protect\n|-supereffective|p2b: Rillaboom\n|-damage|p2b: Rillaboom|0 fnt\n|faint|p2b: Rillaboom\n|\n|-weather|SunnyDay|[upkeep]\n|-sideend|p1: mmmirza|move: Tailwind\n|-sideend|p2: ybybybbb|move: Tailwind\n|upkeep\n|inactive|ybybybbb has 120 seconds left.\n|\n|t:|1697329019\n|switch|p2b: Ninetales|Ninetales-Alola, M|100\/100\n|-weather|Snow|[from] ability: Snow Warning|[of] p2b: Ninetales\n|-end|p2a: Flutter Mane|Protosynthesis\n|turn|5\n|\n|t:|1697329045\n|move|p1b: Marshadow|Shadow Sneak|p2a: Flutter Mane\n|-supereffective|p2a: Flutter Mane\n|-enditem|p2a: Flutter Mane|Focus Sash\n|-damage|p2a: Flutter Mane|1\/100\n|move|p2a: Flutter Mane|Moonblast|p1b: Marshadow\n|-supereffective|p1b: Marshadow\n|-damage|p1b: Marshadow|0 fnt\n|faint|p1b: Marshadow\n|move|p2b: Ninetales|Aurora Veil|p2b: Ninetales\n|-sidestart|p2: ybybybbb|move: Aurora Veil\n|move|p1a: Charizard|Tailwind|p1a: Charizard\n|-sidestart|p1: mmmirza|move: Tailwind\n|\n|-weather|Snow|[upkeep]\n|-heal|p2a: Flutter Mane|7\/100|[from] Grassy Terrain\n|upkeep\n|inactive|mmmirza has 120 seconds left.\n|\n|t:|1697329057\n|switch|p1b: Chien-Pao|Chien-Pao|1\/100\n|-ability|p1b: Chien-Pao|Sword of Ruin\n|turn|6\n|\n|t:|1697329081\n|switch|p1a: Ogerpon|Ogerpon-Hearthflame, F|100\/100\n|-ability|p1a: Ogerpon|Mold Breaker\n|move|p2a: Flutter Mane|Protect|p2a: Flutter Mane\n|-singleturn|p2a: Flutter Mane|Protect\n|move|p1b: Chien-Pao|Sucker Punch||[still]\n|-fail|p1b: Chien-Pao\n|move|p2b: Ninetales|Dazzling Gleam|p1b: Chien-Pao|[spread] p1a,p1b\n|-resisted|p1a: Ogerpon\n|-supereffective|p1b: Chien-Pao\n|-damage|p1a: Ogerpon|91\/100\n|-damage|p1b: Chien-Pao|0 fnt\n|faint|p1b: Chien-Pao\n|\n|-weather|Snow|[upkeep]\n|-heal|p1a: Ogerpon|97\/100|[from] Grassy Terrain\n|-heal|p2a: Flutter Mane|13\/100|[from] Grassy Terrain\n|upkeep\n|\n|t:|1697329096\n|switch|p1b: Charizard|Charizard-Mega-Y, M|81\/100\n|-weather|SunnyDay|[from] ability: Drought|[of] p1b: Charizard\n|-activate|p2a: Flutter Mane|ability: Protosynthesis\n|-start|p2a: Flutter Mane|protosynthesisspe\n|turn|7\n|inactive|ybybybbb has 120 seconds left.\n|\n|t:|1697329151\n|move|p1a: Ogerpon|Spiky Shield|p1a: Ogerpon\n|-singleturn|p1a: Ogerpon|move: Protect\n|move|p1b: Charizard|Heat Wave|p2b: Ninetales|[spread] p2a\n|-miss|p1b: Charizard|p2b: Ninetales\n|-damage|p2a: Flutter Mane|0 fnt\n|faint|p2a: Flutter Mane\n|-end|p2a: Flutter Mane|Protosynthesis|[silent]\n|move|p2b: Ninetales|Encore|p1a: Ogerpon\n|-activate|p1a: Ogerpon|move: Protect\n|\n|-weather|SunnyDay|[upkeep]\n|-heal|p1a: Ogerpon|100\/100|[from] Grassy Terrain\n|-fieldend|move: Grassy Terrain\n|upkeep\n|\n|t:|1697329164\n|switch|p2a: Landorus|Landorus-Therian, M|100\/100\n|-ability|p2a: Landorus|Intimidate|boost\n|-unboost|p1a: Ogerpon|atk|1\n|-unboost|p1b: Charizard|atk|1\n|turn|8\n|\n|t:|1697329181\n|-terastallize|p1a: Ogerpon|Fire\n|detailschange|p1a: Ogerpon|Ogerpon-Hearthflame-Tera, F, tera:Fire\n|-ability|p1a: Ogerpon|Embody Aspect (Hearthflame)|boost\n|-boost|p1a: Ogerpon|atk|1\n|move|p1a: Ogerpon|Ivy Cudgel|p2a: Landorus\n|-damage|p2a: Landorus|14\/100\n|move|p1b: Charizard|Heat Wave|p2a: Landorus|[spread] p2a,p2b\n|-supereffective|p2b: Ninetales\n|-damage|p2a: Landorus|0 fnt\n|-damage|p2b: Ninetales|11\/100\n|faint|p2a: Landorus\n|move|p2b: Ninetales|Freeze-Dry|p1b: Charizard\n|-damage|p1b: Charizard|61\/100\n|\n|-weather|SunnyDay|[upkeep]\n|-sideend|p1: mmmirza|move: Tailwind\n|upkeep\n|turn|9\n|inactive|ybybybbb has 120 seconds left.\n|-message|ybybybbb forfeited.\n|\n|win|mmmirza\n|raw|mmmirza's rating: 1400 &rarr; <strong>1414<\/strong><br \/>(+14 for winning)\n|raw|ybybybbb's rating: 1290 &rarr; <strong>1273<\/strong><br \/>(-17 for losing)\n|c|\u2606mmmirza|gg\n|l|\u2606ybybybbb\n","uploadtime":1697329201,"views":8,"p1id":"mmmirza","p2id":"ybybybbb","formatid":"gen9nationaldexdoubles","rating":1273,"private":0,"password":""}