{"id":"gen9nationaldexdoubles-1979684100","p1":"yjys","p2":"St0mi","format":"[Gen 9] National Dex Doubles","log":"|j|\u2606yjys\n|j|\u2606St0mi\n|t:|1698703023\n|gametype|doubles\n|player|p1|yjys|265|1052\n|player|p2|St0mi|roxie|1064\n|teamsize|p1|6\n|teamsize|p2|6\n|gen|9\n|tier|[Gen 9] National Dex Doubles\n|rated|\n|rule|HP Percentage Mod: HP is shown in percentages\n|rule|Endless Battle Clause: Forcing endless battles is banned\n|rule|OHKO Clause: OHKO moves are banned\n|rule|Evasion Moves Clause: Evasion moves are banned\n|rule|Evasion Abilities Clause: Evasion abilities are banned\n|rule|Species Clause: Limit one of each Pok\u00e9mon\n|rule|Gravity Sleep Clause: The combination of sleep-inducing moves with imperfect accuracy and Gravity or Gigantamax Orbeetle are banned\n|clearpoke\n|poke|p1|Rillaboom, F|\n|poke|p1|Ogerpon-Hearthflame, F|\n|poke|p1|Flutter Mane|\n|poke|p1|Amoonguss, F|\n|poke|p1|Tornadus, M|\n|poke|p1|Urshifu-*, M|\n|poke|p2|Cinderace, M|\n|poke|p2|Galvantula, F|\n|poke|p2|Serperior, M|\n|poke|p2|Cresselia, F|\n|poke|p2|Azumarill, F|\n|poke|p2|Indeedee-F, F|\n|teampreview\n|inactive|Battle timer is ON: inactive players will automatically lose when time's up. (requested by St0mi)\n|\n|t:|1698703029\n|start\n|switch|p1a: Rillaboom|Rillaboom, F|100\/100\n|switch|p1b: Ogerpon|Ogerpon-Hearthflame, F|100\/100\n|switch|p2a: Galvantula|Galvantula, F|100\/100\n|switch|p2b: Cinderace|Cinderace, M|100\/100\n|-ability|p1b: Ogerpon|Mold Breaker\n|-fieldstart|move: Grassy Terrain|[from] ability: Grassy Surge|[of] p1a: Rillaboom\n|turn|1\n|\n|t:|1698703044\n|move|p1b: Ogerpon|Spiky Shield|p1b: Ogerpon\n|-singleturn|p1b: Ogerpon|move: Protect\n|move|p1a: Rillaboom|Fake Out|p2a: Galvantula\n|-damage|p2a: Galvantula|75\/100\n|cant|p2a: Galvantula|flinch\n|move|p2b: Cinderace|Court Change||[still]\n|-start|p2b: Cinderace|typechange|Normal|[from] ability: Libero\n|-swapsideconditions\n|-fail|p2b: Cinderace\n|\n|-heal|p2a: Galvantula|81\/100|[from] Grassy Terrain\n|upkeep\n|turn|2\n|\n|t:|1698703067\n|move|p1b: Ogerpon|Grassy Glide|p2b: Cinderace\n|-damage|p2b: Cinderace|46\/100\n|move|p1a: Rillaboom|Grassy Glide|p2a: Galvantula\n|-resisted|p2a: Galvantula\n|-damage|p2a: Galvantula|43\/100\n|move|p2a: Galvantula|Sticky Web|p1b: Ogerpon\n|-sidestart|p1: yjys|move: Sticky Web\n|move|p2b: Cinderace|Court Change|p2b: Cinderace\n|-swapsideconditions\n|-activate|p2b: Cinderace|move: Court Change\n|\n|-heal|p2a: Galvantula|49\/100|[from] Grassy Terrain\n|-heal|p2b: Cinderace|52\/100|[from] Grassy Terrain\n|upkeep\n|turn|3\n|inactive|yjys has 120 seconds left.\n|inactive|St0mi has 120 seconds left.\n|\n|t:|1698703116\n|move|p2a: Galvantula|Bug Buzz|p1a: Rillaboom\n|-supereffective|p1a: Rillaboom\n|-damage|p1a: Rillaboom|47\/100\n|move|p2b: Cinderace|Pyro Ball|p1a: Rillaboom\n|-supereffective|p1a: Rillaboom\n|-damage|p1a: Rillaboom|0 fnt\n|faint|p1a: Rillaboom\n|move|p1b: Ogerpon|Ivy Cudgel|p2a: Galvantula\n|-supereffective|p2a: Galvantula\n|-damage|p2a: Galvantula|0 fnt\n|faint|p2a: Galvantula\n|\n|-heal|p2b: Cinderace|58\/100|[from] Grassy Terrain\n|upkeep\n|inactive|yjys has 120 seconds left.\n|inactive|St0mi has 120 seconds left.\n|\n|t:|1698703141\n|switch|p2a: Indeedee|Indeedee-F, F|100\/100\n|switch|p1a: Urshifu|Urshifu-Rapid-Strike, M|100\/100\n|-activate|p2a: Indeedee|move: Sticky Web\n|-unboost|p2a: Indeedee|spe|1\n|turn|4\n|\n|t:|1698703155\n|move|p2a: Indeedee|Follow Me|p2a: Indeedee\n|-singleturn|p2a: Indeedee|move: Follow Me\n|move|p2b: Cinderace|U-turn|p1b: Ogerpon\n|-damage|p1b: Ogerpon|73\/100\n|\n|t:|1698703159\n|switch|p2b: Serperior|Serperior, M|100\/100|[from] U-turn\n|-activate|p2b: Serperior|move: Sticky Web\n|-boost|p2b: Serperior|spe|1\n|move|p1b: Ogerpon|Ivy Cudgel|p2a: Indeedee\n|-damage|p2a: Indeedee|38\/100\n|move|p1a: Urshifu|Bulk Up|p1a: Urshifu\n|-boost|p1a: Urshifu|atk|1\n|-boost|p1a: Urshifu|def|1\n|\n|-heal|p1b: Ogerpon|79\/100|[from] Grassy Terrain\n|-heal|p2a: Indeedee|44\/100|[from] Grassy Terrain\n|-heal|p2a: Indeedee|50\/100|[from] item: Leftovers\n|upkeep\n|turn|5\n|\n|t:|1698703183\n|-terastallize|p2b: Serperior|Grass\n|move|p1b: Ogerpon|Spiky Shield|p1b: Ogerpon\n|-singleturn|p1b: Ogerpon|move: Protect\n|move|p2a: Indeedee|Follow Me|p2a: Indeedee\n|-singleturn|p2a: Indeedee|move: Follow Me\n|move|p2b: Serperior|Leaf Storm|p1a: Urshifu\n|-supereffective|p1a: Urshifu\n|-damage|p1a: Urshifu|0 fnt\n|-boost|p2b: Serperior|spa|2\n|faint|p1a: Urshifu\n|\n|-heal|p1b: Ogerpon|85\/100|[from] Grassy Terrain\n|-heal|p2a: Indeedee|57\/100|[from] Grassy Terrain\n|-heal|p2a: Indeedee|63\/100|[from] item: Leftovers\n|-fieldend|move: Grassy Terrain\n|upkeep\n|inactive|yjys has 120 seconds left.\n|\n|t:|1698703201\n|switch|p1a: Amoonguss|Amoonguss, F|100\/100\n|turn|6\n|\n|t:|1698703212\n|-terastallize|p1b: Ogerpon|Fire\n|detailschange|p1b: Ogerpon|Ogerpon-Hearthflame-Tera, F, tera:Fire\n|-ability|p1b: Ogerpon|Embody Aspect (Hearthflame)|boost\n|-boost|p1b: Ogerpon|atk|1\n|move|p2a: Indeedee|Follow Me|p2a: Indeedee\n|-singleturn|p2a: Indeedee|move: Follow Me\n|move|p2b: Serperior|Leaf Storm|p1b: Ogerpon\n|-resisted|p1b: Ogerpon\n|-damage|p1b: Ogerpon|0 fnt\n|-boost|p2b: Serperior|spa|2\n|faint|p1b: Ogerpon\n|move|p1a: Amoonguss|Clear Smog|p2a: Indeedee\n|-damage|p2a: Indeedee|48\/100\n|-clearboost|p2a: Indeedee\n|\n|-heal|p2a: Indeedee|54\/100|[from] item: Leftovers\n|upkeep\n|\n|t:|1698703231\n|switch|p1b: Tornadus|Tornadus, M|100\/100\n|turn|7\n|\n|t:|1698703241\n|move|p2a: Indeedee|Follow Me|p2a: Indeedee\n|-singleturn|p2a: Indeedee|move: Follow Me\n|move|p1b: Tornadus|Taunt|p2a: Indeedee\n|-start|p2a: Indeedee|move: Taunt\n|move|p2b: Serperior|Leaf Storm|p1b: Tornadus|[miss]\n|-miss|p2b: Serperior|p1b: Tornadus\n|move|p1a: Amoonguss|Clear Smog|p2a: Indeedee\n|-damage|p2a: Indeedee|39\/100\n|-clearboost|p2a: Indeedee\n|\n|-heal|p2a: Indeedee|46\/100|[from] item: Leftovers\n|upkeep\n|turn|8\n|\n|t:|1698703265\n|move|p1b: Tornadus|Defog|p2b: Serperior\n|-boost|p2b: Serperior|evasion|1\n|-sideend|p2: St0mi|Sticky Web|[from] move: Defog|[of] p1b: Tornadus\n|move|p2b: Serperior|Leaf Storm|p1a: Amoonguss\n|-resisted|p1a: Amoonguss\n|-damage|p1a: Amoonguss|55\/100\n|-boost|p2b: Serperior|spa|2\n|move|p2a: Indeedee|Dazzling Gleam|p1b: Tornadus|[spread] p1a,p1b\n|-resisted|p1a: Amoonguss\n|-damage|p1a: Amoonguss|50\/100\n|-damage|p1b: Tornadus|89\/100\n|move|p1a: Amoonguss|Clear Smog|p2b: Serperior\n|-supereffective|p2b: Serperior\n|-damage|p2b: Serperior|65\/100\n|-clearboost|p2b: Serperior\n|\n|-heal|p2a: Indeedee|52\/100|[from] item: Leftovers\n|-heal|p1a: Amoonguss|57\/100|[from] item: Black Sludge\n|upkeep\n|turn|9\n|\n|t:|1698703294\n|switch|p2a: Cinderace|Cinderace, M|58\/100\n|switch|p1a: Flutter Mane|Flutter Mane|100\/100\n|move|p1b: Tornadus|Tailwind|p1b: Tornadus\n|-sidestart|p1: yjys|move: Tailwind\n|move|p2b: Serperior|Leaf Storm|p1b: Tornadus\n|-resisted|p1b: Tornadus\n|-damage|p1b: Tornadus|49\/100\n|-boost|p2b: Serperior|spa|2\n|\n|upkeep\n|turn|10\n|\n|t:|1698703311\n|move|p1b: Tornadus|Taunt|p2a: Cinderace\n|-start|p2a: Cinderace|move: Taunt\n|move|p1a: Flutter Mane|Mystical Fire|p2b: Serperior\n|-supereffective|p2b: Serperior\n|-damage|p2b: Serperior|0 fnt\n|faint|p2b: Serperior\n|cant|p2a: Cinderace|move: Taunt|Court Change\n|\n|upkeep\n|\n|t:|1698703318\n|switch|p2b: Cresselia|Cresselia, F|100\/100\n|turn|11\n|\n|t:|1698703331\n|move|p1b: Tornadus|Taunt|p2b: Cresselia\n|-start|p2b: Cresselia|move: Taunt\n|move|p1a: Flutter Mane|Moonblast|p2a: Cinderace\n|-resisted|p2a: Cinderace\n|-damage|p2a: Cinderace|17\/100\n|move|p2a: Cinderace|U-turn|p1a: Flutter Mane\n|-start|p2a: Cinderace|typechange|Bug|[from] ability: Libero\n|-resisted|p1a: Flutter Mane\n|-damage|p1a: Flutter Mane|82\/100\n|\n|t:|1698703345\n|switch|p2a: Indeedee|Indeedee-F, F|52\/100|[from] U-turn\n|cant|p2b: Cresselia|move: Taunt|Calm Mind\n|\n|-heal|p2a: Indeedee|58\/100|[from] item: Leftovers\n|upkeep\n|turn|12\n|\n|t:|1698703357\n|move|p1b: Tornadus|Taunt|p2a: Indeedee\n|-start|p2a: Indeedee|move: Taunt\n|move|p1a: Flutter Mane|Dazzling Gleam|p2a: Indeedee|[spread] p2a,p2b\n|-damage|p2a: Indeedee|19\/100\n|-damage|p2b: Cresselia|75\/100\n|move|p2a: Indeedee|Dazzling Gleam|p1a: Flutter Mane|[spread] p1a,p1b\n|-damage|p1a: Flutter Mane|66\/100\n|-damage|p1b: Tornadus|36\/100\n|move|p2b: Cresselia|Moonblast|p1b: Tornadus\n|-damage|p1b: Tornadus|14\/100\n|-unboost|p1b: Tornadus|spa|1\n|\n|-heal|p2a: Indeedee|25\/100|[from] item: Leftovers\n|-heal|p2b: Cresselia|81\/100|[from] item: Leftovers\n|-sideend|p1: yjys|move: Tailwind\n|upkeep\n|turn|13\n|\n|t:|1698703384\n|move|p1b: Tornadus|Tailwind|p1b: Tornadus\n|-sidestart|p1: yjys|move: Tailwind\n|move|p1a: Flutter Mane|Moonblast|p2b: Cresselia\n|-damage|p2b: Cresselia|39\/100\n|move|p2a: Indeedee|Dazzling Gleam|p1b: Tornadus|[spread] p1a,p1b\n|-damage|p1a: Flutter Mane|51\/100\n|-damage|p1b: Tornadus|2\/100\n|move|p2b: Cresselia|Moonblast|p1b: Tornadus\n|-damage|p1b: Tornadus|0 fnt\n|faint|p1b: Tornadus\n|\n|-heal|p2a: Indeedee|32\/100|[from] item: Leftovers\n|-heal|p2b: Cresselia|45\/100|[from] item: Leftovers\n|-end|p2b: Cresselia|move: Taunt\n|upkeep\n|inactive|yjys has 120 seconds left.\n|\n|t:|1698703401\n|switch|p1b: Amoonguss|Amoonguss, F|90\/100\n|turn|14\n|\n|t:|1698703411\n|switch|p2a: Cinderace|Cinderace, M|17\/100\n|move|p1a: Flutter Mane|Dazzling Gleam|p2a: Cinderace|[spread] p2a,p2b\n|-resisted|p2a: Cinderace\n|-damage|p2a: Cinderace|0 fnt\n|-damage|p2b: Cresselia|21\/100\n|faint|p2a: Cinderace\n|move|p1b: Amoonguss|Pollen Puff|p1a: Flutter Mane\n|-heal|p1a: Flutter Mane|100\/100\n|move|p2b: Cresselia|Calm Mind|p2b: Cresselia\n|-boost|p2b: Cresselia|spa|1\n|-boost|p2b: Cresselia|spd|1\n|\n|-heal|p1b: Amoonguss|96\/100|[from] item: Black Sludge\n|-heal|p2b: Cresselia|27\/100|[from] item: Leftovers\n|upkeep\n|\n|t:|1698703429\n|switch|p2a: Azumarill|Azumarill, F|100\/100\n|turn|15\n|\n|t:|1698703441\n|move|p1a: Flutter Mane|Moonblast|p2b: Cresselia\n|-damage|p2b: Cresselia|0 fnt\n|faint|p2b: Cresselia\n|move|p1b: Amoonguss|Toxic|p2a: Azumarill\n|-status|p2a: Azumarill|tox\n|move|p2a: Azumarill|Knock Off|p1a: Flutter Mane\n|-damage|p1a: Flutter Mane|12\/100\n|-enditem|p1a: Flutter Mane|Pixie Plate|[from] move: Knock Off|[of] p2a: Azumarill\n|\n|-heal|p1b: Amoonguss|100\/100|[from] item: Black Sludge\n|-damage|p2a: Azumarill|94\/100 tox|[from] psn\n|upkeep\n|\n|t:|1698703444\n|switch|p2b: Indeedee|Indeedee-F, F|32\/100\n|turn|16\n|\n|t:|1698703462\n|move|p2b: Indeedee|Follow Me|p2b: Indeedee\n|-singleturn|p2b: Indeedee|move: Follow Me\n|move|p1b: Amoonguss|Rage Powder|p1b: Amoonguss\n|-singleturn|p1b: Amoonguss|move: Rage Powder\n|move|p1a: Flutter Mane|Dazzling Gleam|p2b: Indeedee|[spread] p2a,p2b\n|-damage|p2a: Azumarill|60\/100 tox\n|-damage|p2b: Indeedee|3\/100\n|move|p2a: Azumarill|Belly Drum|p2a: Azumarill\n|-damage|p2a: Azumarill|10\/100 tox\n|-setboost|p2a: Azumarill|atk|6|[from] move: Belly Drum\n|-enditem|p2a: Azumarill|Sitrus Berry|[eat]\n|-heal|p2a: Azumarill|35\/100 tox|[from] item: Sitrus Berry\n|\n|-heal|p2b: Indeedee|9\/100|[from] item: Leftovers\n|-damage|p2a: Azumarill|23\/100 tox|[from] psn\n|-sideend|p1: yjys|move: Tailwind\n|upkeep\n|turn|17\n|\n|t:|1698703484\n|move|p1b: Amoonguss|Rage Powder|p1b: Amoonguss\n|-singleturn|p1b: Amoonguss|move: Rage Powder\n|move|p2a: Azumarill|Aqua Jet|p1b: Amoonguss\n|-resisted|p1b: Amoonguss\n|-damage|p1b: Amoonguss|47\/100\n|move|p1a: Flutter Mane|Dazzling Gleam|p2a: Azumarill|[spread] p2a,p2b\n|-crit|p2b: Indeedee\n|-damage|p2a: Azumarill|0 fnt\n|-damage|p2b: Indeedee|0 fnt\n|faint|p2a: Azumarill\n|faint|p2b: Indeedee\n|\n|win|yjys\n|raw|yjys's rating: 1052 &rarr; <strong>1085<\/strong><br \/>(+33 for winning)\n|raw|St0mi's rating: 1064 &rarr; <strong>1044<\/strong><br \/>(-20 for losing)\n|l|\u2606St0mi\n","uploadtime":1698703498,"views":5,"p1id":"yjys","p2id":"st0mi","formatid":"gen9nationaldexdoubles","rating":1044,"private":0,"password":""}