{"id":"gen9nationaldexdoubles-1969225468","p1":"sootywhisper73","p2":"Draggy Gutsfree","format":"[Gen 9] National Dex Doubles","log":"|j|\u2606sootywhisper73\n|j|\u2606Draggy Gutsfree\n|t:|1697502299\n|gametype|doubles\n|player|p1|sootywhisper73|dawn-gen4pt|\n|player|p2|Draggy Gutsfree|roxie|\n|teamsize|p1|6\n|teamsize|p2|6\n|gen|9\n|tier|[Gen 9] National Dex Doubles\n|rule|HP Percentage Mod: HP is shown in percentages\n|rule|Endless Battle Clause: Forcing endless battles is banned\n|rule|OHKO Clause: OHKO moves are banned\n|rule|Evasion Moves Clause: Evasion moves are banned\n|rule|Evasion Abilities Clause: Evasion abilities are banned\n|rule|Species Clause: Limit one of each Pok\u00e9mon\n|rule|Gravity Sleep Clause: The combination of sleep-inducing moves with imperfect accuracy and Gravity or Gigantamax Orbeetle are banned\n|clearpoke\n|poke|p1|Tapu Koko|\n|poke|p1|Venusaur, M|\n|poke|p1|Victini|\n|poke|p1|Espeon, M|\n|poke|p1|Lucario, F|\n|poke|p1|Garchomp, M|\n|poke|p2|Sinistcha-Masterpiece|\n|poke|p2|Grimmsnarl, M|\n|poke|p2|Gyarados, F|\n|poke|p2|Goodra-Hisui, F|\n|poke|p2|Urshifu-*, F|\n|poke|p2|Gengar, M|\n|teampreview\n|\n|t:|1697502321\n|start\n|switch|p1a: Cynda|Tapu Koko, shiny|100\/100\n|switch|p1b: Espeon|Espeon, M|100\/100\n|switch|p2a: NiceToMatcha|Sinistcha-Masterpiece|100\/100\n|switch|p2b: Gengar|Gengar, M|100\/100\n|-fieldstart|move: Electric Terrain|[from] ability: Electric Surge|[of] p1a: Cynda\n|turn|1\n|\n|t:|1697502335\n|switch|p1a: Venusaur|Venusaur, M, shiny|100\/100\n|switch|p1b: Garchomp|Garchomp, M|100\/100\n|move|p2b: Gengar|Shadow Ball|p1a: Venusaur\n|-crit|p1a: Venusaur\n|-damage|p1a: Venusaur|16\/100\n|move|p2a: NiceToMatcha|Shadow Ball|p1a: Venusaur\n|-damage|p1a: Venusaur|0 fnt\n|faint|p1a: Venusaur\n|\n|upkeep\n|c|\u2606sootywhisper73|oh no\n|\n|t:|1697502347\n|switch|p1a: Espeon|Espeon, M|100\/100\n|turn|2\n|\n|t:|1697502353\n|move|p2b: Gengar|Shadow Ball|p1a: Espeon\n|-supereffective|p1a: Espeon\n|-damage|p1a: Espeon|0 fnt\n|faint|p1a: Espeon\n|move|p1b: Garchomp|Shadow Claw|p2b: Gengar\n|-supereffective|p2b: Gengar\n|-damage|p2b: Gengar|0 fnt\n|-start|p1b: Garchomp|Disable|Shadow Claw|[from] ability: Cursed Body|[of] p2b: Gengar\n|faint|p2b: Gengar\n|-damage|p1b: Garchomp|91\/100|[from] item: Life Orb\n|move|p2a: NiceToMatcha|Matcha Gotcha|p1b: Garchomp\n|-damage|p1b: Garchomp|44\/100\n|\n|upkeep\n|\n|t:|1697502374\n|switch|p2b: Bricked Up|Grimmsnarl, M, shiny|100\/100\n|switch|p1a: Victini|Victini|100\/100\n|turn|3\n|\n|t:|1697502409\n|move|p2b: Bricked Up|Taunt|p1a: Victini\n|-start|p1a: Victini|move: Taunt\n|move|p1b: Garchomp|Iron Head|p1a: Victini\n|-resisted|p1a: Victini\n|-damage|p1a: Victini|86\/100\n|-damage|p1b: Garchomp|34\/100|[from] item: Life Orb\n|-zpower|p1a: Victini\n|move|p1a: Victini|Z-Celebrate|p1a: Victini|[anim]Celebrate\n|-boost|p1a: Victini|atk|1|[zeffect]\n|-boost|p1a: Victini|def|1|[zeffect]\n|-boost|p1a: Victini|spa|1|[zeffect]\n|-boost|p1a: Victini|spd|1|[zeffect]\n|-boost|p1a: Victini|spe|1|[zeffect]\n|-activate|p1a: Victini|move: Celebrate\n|move|p2a: NiceToMatcha|Matcha Gotcha|p1a: Victini|[spread] p1a,p1b\n|-resisted|p1a: Victini\n|-damage|p1a: Victini|80\/100\n|-damage|p1b: Garchomp|0 fnt\n|faint|p1b: Garchomp\n|\n|upkeep\n|c|\u2606sootywhisper73|i had a misclick\n|c|\u2606sootywhisper73|im so pissed\n|\n|t:|1697502427\n|switch|p1b: Cynda|Tapu Koko, shiny|100\/100\n|turn|4\n|\n|t:|1697502439\n|move|p2b: Bricked Up|Light Screen|p2b: Bricked Up\n|-sidestart|p2: Draggy Gutsfree|move: Light Screen\n|move|p1b: Cynda|Dazzling Gleam|p2a: NiceToMatcha|[spread] p2a,p2b\n|-crit|p2a: NiceToMatcha\n|-supereffective|p2b: Bricked Up\n|-damage|p2a: NiceToMatcha|53\/100\n|-damage|p2b: Bricked Up|61\/100\n|move|p1a: Victini|Flamethrower|p2a: NiceToMatcha\n|-supereffective|p2a: NiceToMatcha\n|-damage|p2a: NiceToMatcha|0 fnt\n|faint|p2a: NiceToMatcha\n|\n|upkeep\n|\n|t:|1697502450\n|switch|p2a: Goodra|Goodra-Hisui, F|100\/100\n|turn|5\n|\n|t:|1697502462\n|move|p1b: Cynda|Thunderbolt|p2b: Bricked Up\n|-damage|p2b: Bricked Up|25\/100\n|move|p1a: Victini|Flamethrower|p2b: Bricked Up\n|-damage|p2b: Bricked Up|0 fnt\n|faint|p2b: Bricked Up\n|move|p2a: Goodra|Life Dew||[still]\n|-fail|p2a: Goodra|heal\n|\n|-end|p1a: Victini|move: Taunt\n|-fieldend|move: Electric Terrain\n|upkeep\n|\n|t:|1697502474\n|switch|p2b: Urshifu|Urshifu-Rapid-Strike, F|100\/100\n|turn|6\n|\n|t:|1697502507\n|move|p1b: Cynda|Thunderbolt|p2b: Urshifu\n|-supereffective|p2b: Urshifu\n|-damage|p2b: Urshifu|19\/100\n|move|p1a: Victini|Baton Pass|p1a: Victini\n|\n|t:|1697502511\n|switch|p1a: Lucario|Lucario, F|100\/100|[from] Baton Pass\n|move|p2b: Urshifu|Surging Strikes|p1b: Cynda\n|-crit|p1b: Cynda\n|-damage|p1b: Cynda|72\/100\n|-crit|p1b: Cynda\n|-damage|p1b: Cynda|46\/100\n|-crit|p1b: Cynda\n|-damage|p1b: Cynda|20\/100\n|-enditem|p1b: Cynda|Aguav Berry|[eat]\n|-heal|p1b: Cynda|53\/100|[from] item: Aguav Berry\n|-hitcount|p1b: Cynda|3\n|move|p2a: Goodra|Body Press|p1b: Cynda\n|-resisted|p1b: Cynda\n|-damage|p1b: Cynda|38\/100\n|\n|upkeep\n|turn|7\n|\n|t:|1697502535\n|move|p2b: Urshifu|Aqua Jet|p1b: Cynda\n|-damage|p1b: Cynda|7\/100\n|move|p1a: Lucario|Brick Break|p2b: Urshifu\n|-sideend|p2: Draggy Gutsfree|move: Light Screen\n|-damage|p2b: Urshifu|0 fnt\n|faint|p2b: Urshifu\n|move|p1b: Cynda|Roost|p1b: Cynda\n|-heal|p1b: Cynda|57\/100\n|-singleturn|p1b: Cynda|move: Roost\n|move|p2a: Goodra|Body Press|p1a: Lucario\n|-supereffective|p1a: Lucario\n|-damage|p1a: Lucario|46\/100\n|\n|upkeep\n|\n|t:|1697502545\n|switch|p2b: Gyarados|Gyarados, F|100\/100\n|-ability|p2b: Gyarados|Intimidate|boost\n|-fail|p1a: Lucario|unboost|Attack|[from] ability: Inner Focus|[of] p1a: Lucario\n|-unboost|p1b: Cynda|atk|1\n|turn|8\n|\n|t:|1697502552\n|move|p2b: Gyarados|Protect|p2b: Gyarados\n|-singleturn|p2b: Gyarados|Protect\n|move|p1a: Lucario|Close Combat|p2a: Goodra\n|-supereffective|p2a: Goodra\n|-damage|p2a: Goodra|0 fnt\n|-unboost|p1a: Lucario|def|1\n|-unboost|p1a: Lucario|spd|1\n|-damage|p1a: Lucario|30\/100|[from] item: Rocky Helmet|[of] p2a: Goodra\n|faint|p2a: Goodra\n|move|p1b: Cynda|Thunderbolt|p2b: Gyarados\n|-activate|p2b: Gyarados|move: Protect\n|\n|upkeep\n|turn|9\n|\n|t:|1697502559\n|move|p1a: Lucario|Crunch|p2b: Gyarados\n|-damage|p2b: Gyarados|53\/100\n|-unboost|p2b: Gyarados|def|1\n|move|p1b: Cynda|Thunderbolt|p2b: Gyarados\n|-supereffective|p2b: Gyarados\n|-crit|p2b: Gyarados\n|-damage|p2b: Gyarados|0 fnt\n|faint|p2b: Gyarados\n|\n|win|sootywhisper73\n|c|\u2606sootywhisper73|YESSS\n|c|\u2606Draggy Gutsfree|damn ggs\n|c|\u2606sootywhisper73|ggs\n","uploadtime":1697502573,"views":9,"p1id":"sootywhisper73","p2id":"draggygutsfree","formatid":"gen9nationaldexdoubles","rating":0,"private":0,"password":""}