{"id":"gen9nationaldexdoubles-1988658046","p1":"I'm russian ok?","p2":"Shazamwhich","format":"[Gen 9] National Dex Doubles","log":"|j|\u2606I'm russian ok?\n|j|\u2606Shazamwhich\n|t:|1699747146\n|gametype|doubles\n|player|p1|I'm russian ok?|birdkeeper|1128\n|player|p2|Shazamwhich|brendan-gen3|1143\n|teamsize|p1|6\n|teamsize|p2|6\n|gen|9\n|tier|[Gen 9] National Dex Doubles\n|rated|\n|rule|HP Percentage Mod: HP is shown in percentages\n|rule|Endless Battle Clause: Forcing endless battles is banned\n|rule|OHKO Clause: OHKO moves are banned\n|rule|Evasion Moves Clause: Evasion moves are banned\n|rule|Evasion Abilities Clause: Evasion abilities are banned\n|rule|Species Clause: Limit one of each Pok\u00e9mon\n|rule|Gravity Sleep Clause: The combination of sleep-inducing moves with imperfect accuracy and Gravity or Gigantamax Orbeetle are banned\n|clearpoke\n|poke|p1|Medicham, M|\n|poke|p1|Beedrill, F|\n|poke|p1|Talonflame, F|\n|poke|p1|Dragapult, F|\n|poke|p1|Serperior, M|\n|poke|p1|Greninja-*, M|\n|poke|p2|Ogerpon-Hearthflame, F|\n|poke|p2|Landorus-Therian, M|\n|poke|p2|Roaring Moon|\n|poke|p2|Amoonguss, F|\n|poke|p2|Gholdengo|\n|poke|p2|Volcanion|\n|teampreview\n|inactive|Battle timer is ON: inactive players will automatically lose when time's up. (requested by Shazamwhich)\n|\n|t:|1699747166\n|start\n|switch|p1a: died bird|Dragapult, F|100\/100\n|switch|p1b: meditation bird|Medicham, M|100\/100\n|switch|p2a: Landorus|Landorus-Therian, M|100\/100\n|switch|p2b: Volcanion|Volcanion|100\/100\n|-ability|p2a: Landorus|Intimidate|boost\n|-fail|p1a: died bird|unboost|[from] ability: Clear Body|[of] p1a: died bird\n|-unboost|p1b: meditation bird|atk|1\n|turn|1\n|\n|t:|1699747189\n|move|p1b: meditation bird|Skill Swap|p1a: died bird\n|-activate|p1b: meditation bird|move: Skill Swap|||[of] p1a: died bird\n|move|p1a: died bird|Dragon Darts|p2a: Landorus\n|-damage|p2a: Landorus|7\/100\n|-anim|p1a: died bird|Dragon Darts|p2b: Volcanion\n|-damage|p2b: Volcanion|34\/100\n|move|p2a: Landorus|Knock Off|p1a: died bird\n|-supereffective|p1a: died bird\n|-damage|p1a: died bird|0 fnt\n|-enditem|p1a: died bird|Choice Band|[from] move: Knock Off|[of] p2a: Landorus\n|faint|p1a: died bird\n|move|p2b: Volcanion|Steam Eruption|p1b: meditation bird\n|-damage|p1b: meditation bird|16\/100\n|\n|upkeep\n|c|\u2606Shazamwhich|that was sick ngl\n|inactive|I'm russian ok? has 120 seconds left.\n|c|\u2606I'm russian ok?|thx :>\n|\n|t:|1699747223\n|switch|p1a: ninja bird|Greninja, M|100\/100\n|turn|2\n|\n|t:|1699747233\n|move|p1b: meditation bird|Skill Swap|p2b: Volcanion\n|-activate|p1b: meditation bird|move: Skill Swap|Water Absorb|Clear Body|[of] p2b: Volcanion\n|move|p2a: Landorus|Knock Off|p1a: ninja bird\n|-resisted|p1a: ninja bird\n|-damage|p1a: ninja bird|66\/100\n|-enditem|p1a: ninja bird|Choice Specs|[from] move: Knock Off|[of] p2a: Landorus\n|move|p1a: ninja bird|Dark Pulse|p2b: Volcanion\n|-damage|p2b: Volcanion|10\/100\n|cant|p2b: Volcanion|flinch\n|\n|upkeep\n|turn|3\n|inactive|I'm russian ok? has 120 seconds left.\n|\n|t:|1699747264\n|switch|p1b: long bird|Serperior, M|100\/100\n|move|p1a: ninja bird|Water Shuriken|p2b: Volcanion\n|-damage|p2b: Volcanion|5\/100\n|-damage|p2b: Volcanion|0 fnt\n|faint|p2b: Volcanion\n|-ability|p1a: ninja bird|Battle Bond|boost\n|-boost|p1a: ninja bird|atk|1\n|-boost|p1a: ninja bird|spa|1\n|-boost|p1a: ninja bird|spe|1\n|-activate|p1a: ninja bird|ability: Battle Bond\n|-hitcount|p2: Volcanion|2\n|move|p2a: Landorus|Knock Off|p1b: long bird\n|-damage|p1b: long bird|54\/100\n|-enditem|p1b: long bird|Life Orb|[from] move: Knock Off|[of] p2a: Landorus\n|\n|upkeep\n|inactive|Shazamwhich has 120 seconds left.\n|\n|t:|1699747289\n|switch|p2b: Amoonguss|Amoonguss, F|100\/100\n|turn|4\n|\n|t:|1699747309\n|switch|p2a: Gholdengo|Gholdengo|100\/100\n|-terastallize|p1a: ninja bird|Psychic\n|move|p1a: ninja bird|Extrasensory|p2b: Amoonguss\n|-supereffective|p2b: Amoonguss\n|-damage|p2b: Amoonguss|35\/100\n|move|p1b: long bird|Leaf Storm|p2a: Gholdengo\n|-resisted|p2a: Gholdengo\n|-damage|p2a: Gholdengo|75\/100\n|-boost|p1b: long bird|spa|2\n|move|p2b: Amoonguss|Spore|p1a: ninja bird\n|-status|p1a: ninja bird|slp|[from] move: Spore\n|\n|-heal|p2b: Amoonguss|41\/100|[from] item: Black Sludge\n|upkeep\n|turn|5\n|\n|t:|1699747332\n|cant|p1a: ninja bird|slp\n|move|p2a: Gholdengo|Shadow Ball|p1b: long bird\n|-damage|p1b: long bird|0 fnt\n|faint|p1b: long bird\n|move|p2b: Amoonguss|Clear Smog|p1a: ninja bird\n|-damage|p1a: ninja bird|43\/100 slp\n|-clearboost|p1a: ninja bird\n|\n|-heal|p2b: Amoonguss|47\/100|[from] item: Black Sludge\n|upkeep\n|\n|t:|1699747346\n|switch|p1b: meditation bird|Medicham, M|16\/100\n|turn|6\n|\n|t:|1699747358\n|move|p2b: Amoonguss|Protect|p2b: Amoonguss\n|-singleturn|p2b: Amoonguss|Protect\n|move|p2a: Gholdengo|Shadow Ball|p1a: ninja bird\n|-supereffective|p1a: ninja bird\n|-damage|p1a: ninja bird|0 fnt\n|faint|p1a: ninja bird\n|move|p1b: meditation bird|Metronome|p1b: meditation bird\n|move|p1b: meditation bird|Safeguard|p1b: meditation bird|[from]move: Metronome\n|-sidestart|p1: I'm russian ok?|Safeguard\n|\n|-heal|p2b: Amoonguss|54\/100|[from] item: Black Sludge\n|upkeep\n|\n|t:|1699747371\n|switch|p1a: my favourite bird|Talonflame, F|100\/100\n|turn|7\n|\n|t:|1699747386\n|move|p2a: Gholdengo|Shadow Ball|p1b: meditation bird\n|-supereffective|p1b: meditation bird\n|-damage|p1b: meditation bird|0 fnt\n|faint|p1b: meditation bird\n|move|p1a: my favourite bird|Flare Blitz|p2b: Amoonguss\n|-supereffective|p2b: Amoonguss\n|-damage|p2b: Amoonguss|0 fnt\n|faint|p2b: Amoonguss\n|-damage|p1a: my favourite bird|75\/100|[from] Recoil\n|\n|upkeep\n|\n|t:|1699747396\n|switch|p1b: insect bird|Beedrill, F|100\/100\n|switch|p2b: Landorus|Landorus-Therian, M|7\/100\n|-ability|p2b: Landorus|Intimidate|boost\n|-unboost|p1a: my favourite bird|atk|1\n|-unboost|p1b: insect bird|atk|1\n|turn|8\n|\n|t:|1699747406\n|detailschange|p1b: insect bird|Beedrill-Mega, F\n|-mega|p1b: insect bird|Beedrill|Beedrillite\n|move|p2a: Gholdengo|Shadow Ball|p1b: insect bird\n|-damage|p1b: insect bird|35\/100\n|move|p1b: insect bird|Fell Stinger|p2b: Landorus\n|-resisted|p2b: Landorus\n|-damage|p2b: Landorus|0 fnt\n|faint|p2b: Landorus\n|-boost|p1b: insect bird|atk|3\n|move|p1a: my favourite bird|Flare Blitz|p2a: Gholdengo\n|-supereffective|p2a: Gholdengo\n|-damage|p2a: Gholdengo|8\/100\n|-damage|p1a: my favourite bird|52\/100|[from] Recoil\n|\n|upkeep\n|\n|t:|1699747419\n|switch|p2b: Roaring Moon|Roaring Moon, shiny|100\/100\n|-enditem|p2b: Roaring Moon|Booster Energy\n|-activate|p2b: Roaring Moon|ability: Protosynthesis|[fromitem]\n|-start|p2b: Roaring Moon|protosynthesisspe\n|turn|9\n|\n|t:|1699747431\n|-terastallize|p2b: Roaring Moon|Flying\n|move|p2b: Roaring Moon|Acrobatics|p1a: my favourite bird\n|-damage|p1a: my favourite bird|0 fnt\n|faint|p1a: my favourite bird\n|move|p2a: Gholdengo|Shadow Ball|p1b: insect bird\n|-damage|p1b: insect bird|0 fnt\n|faint|p1b: insect bird\n|\n|win|Shazamwhich\n|raw|I&apos;m russian ok?'s rating: 1128 &rarr; <strong>1104<\/strong><br \/>(-24 for losing)\n|raw|Shazamwhich's rating: 1143 &rarr; <strong>1167<\/strong><br \/>(+24 for winning)\n|c|\u2606I'm russian ok?|gg\n|c|\u2606I'm russian ok?|wp\n|c|\u2606Shazamwhich|ggwp\n","uploadtime":1699747443,"views":15,"p1id":"imrussianok","p2id":"shazamwhich","formatid":"gen9nationaldexdoubles","rating":1104,"private":0,"password":""}