{"id":"gen9nationaldexdoubles-1978779051","p1":"Rikard & Frida","p2":"PlaySnootgame","format":"[Gen 9] National Dex Doubles","log":"|j|\u2606Rikard & Frida\n|j|\u2606PlaySnootgame\n|t:|1698594101\n|gametype|doubles\n|player|p1|Rikard & Frida|youngcouple-gen4dp|1144\n|player|p2|PlaySnootgame|plasmagrunt|1214\n|teamsize|p1|6\n|teamsize|p2|6\n|gen|9\n|tier|[Gen 9] National Dex Doubles\n|rated|\n|rule|HP Percentage Mod: HP is shown in percentages\n|rule|Endless Battle Clause: Forcing endless battles is banned\n|rule|OHKO Clause: OHKO moves are banned\n|rule|Evasion Moves Clause: Evasion moves are banned\n|rule|Evasion Abilities Clause: Evasion abilities are banned\n|rule|Species Clause: Limit one of each Pok\u00e9mon\n|rule|Gravity Sleep Clause: The combination of sleep-inducing moves with imperfect accuracy and Gravity or Gigantamax Orbeetle are banned\n|clearpoke\n|poke|p1|Raichu-Alola, F|\n|poke|p1|Unfezant, F|\n|poke|p1|Roserade, F|\n|poke|p1|Blaziken, F|\n|poke|p1|Samurott, F|\n|poke|p1|Garchomp, F|\n|poke|p2|Metagross|\n|poke|p2|Heatran, M|\n|poke|p2|Goodra-Hisui, M|\n|poke|p2|Aggron, M|\n|poke|p2|Stakataka|\n|poke|p2|Ferrothorn, M|\n|teampreview\n|inactive|Battle timer is ON: inactive players will automatically lose when time's up. (requested by Rikard & Frida)\n|\n|t:|1698594106\n|start\n|switch|p1a: Raichu|Raichu-Alola, F|100\/100\n|switch|p1b: Blaziken|Blaziken, F|100\/100\n|switch|p2a: Full Spa Eruption|Heatran, M|100\/100\n|switch|p2b: Stop Hammer Time|Stakataka, shiny|100\/100\n|turn|1\n|\n|t:|1698594129\n|move|p1a: Raichu|Fake Out|p2b: Stop Hammer Time\n|-resisted|p2b: Stop Hammer Time\n|-damage|p2b: Stop Hammer Time|99\/100\n|move|p1b: Blaziken|Swords Dance|p1b: Blaziken\n|-boost|p1b: Blaziken|atk|2\n|move|p2a: Full Spa Eruption|Earth Power|p1a: Raichu\n|-supereffective|p1a: Raichu\n|-damage|p1a: Raichu|0 fnt\n|faint|p1a: Raichu\n|cant|p2b: Stop Hammer Time|flinch\n|\n|-heal|p2b: Stop Hammer Time|100\/100|[from] item: Leftovers\n|-ability|p1b: Blaziken|Speed Boost|boost\n|-boost|p1b: Blaziken|spe|1\n|upkeep\n|\n|t:|1698594138\n|switch|p1a: Samurott|Samurott, F|100\/100\n|turn|2\n|\n|t:|1698594144\n|-terastallize|p1a: Samurott|Ground\n|move|p1b: Blaziken|Close Combat|p2b: Stop Hammer Time\n|-supereffective|p2b: Stop Hammer Time\n|-damage|p2b: Stop Hammer Time|0 fnt\n|-unboost|p1b: Blaziken|def|1\n|-unboost|p1b: Blaziken|spd|1\n|faint|p2b: Stop Hammer Time\n|move|p2a: Full Spa Eruption|Earth Power|p1b: Blaziken\n|-supereffective|p1b: Blaziken\n|-damage|p1b: Blaziken|0 fnt\n|faint|p1b: Blaziken\n|move|p1a: Samurott|Tera Blast|p2a: Full Spa Eruption|[anim] Tera Blast Ground\n|-supereffective|p2a: Full Spa Eruption\n|-damage|p2a: Full Spa Eruption|0 fnt\n|faint|p2a: Full Spa Eruption\n|-damage|p1a: Samurott|91\/100|[from] item: Life Orb\n|\n|upkeep\n|\n|t:|1698594172\n|switch|p1b: Garchomp|Garchomp, F|100\/100\n|switch|p2a: Take these|Metagross, shiny|100\/100\n|switch|p2b: The wall|Aggron, M|100\/100\n|turn|3\n|\n|t:|1698594189\n|detailschange|p1b: Garchomp|Garchomp-Mega, F\n|-mega|p1b: Garchomp|Garchomp|Garchompite\n|detailschange|p2b: The wall|Aggron-Mega, M\n|-mega|p2b: The wall|Aggron|Aggronite\n|move|p1b: Garchomp|Stomping Tantrum|p2a: Take these\n|-supereffective|p2a: Take these\n|-damage|p2a: Take these|21\/100\n|move|p1a: Samurott|Tera Blast|p2b: The wall|[anim] Tera Blast Ground\n|-supereffective|p2b: The wall\n|-damage|p2b: The wall|2\/100\n|-damage|p1a: Samurott|81\/100|[from] item: Life Orb\n|move|p2a: Take these|Ice Punch|p1a: Samurott\n|-supereffective|p1a: Samurott\n|-damage|p1a: Samurott|8\/100\n|-status|p1a: Samurott|frz\n|move|p2b: The wall|Iron Defense|p2b: The wall\n|-boost|p2b: The wall|def|2\n|\n|upkeep\n|turn|4\n|\n|t:|1698594217\n|switch|p2b: UU ban|Goodra-Hisui, M, shiny|100\/100\n|move|p1b: Garchomp|Stomping Tantrum|p2a: Take these\n|-supereffective|p2a: Take these\n|-damage|p2a: Take these|0 fnt\n|faint|p2a: Take these\n|-curestatus|p1a: Samurott|frz|[msg]\n|move|p1a: Samurott|Tera Blast|p2b: UU ban|[anim] Tera Blast Ground\n|-supereffective|p2b: UU ban\n|-damage|p2b: UU ban|35\/100\n|-damage|p1a: Samurott|0 fnt|[from] item: Life Orb\n|faint|p1a: Samurott\n|\n|upkeep\n|\n|t:|1698594231\n|switch|p1a: Roserade|Roserade, F|100\/100\n|switch|p2a: OU set up|Ferrothorn, M|100\/100\n|turn|5\n|\n|t:|1698594243\n|move|p1b: Garchomp|Stomping Tantrum|p2b: UU ban\n|-supereffective|p2b: UU ban\n|-damage|p2b: UU ban|0 fnt\n|faint|p2b: UU ban\n|move|p1a: Roserade|Shadow Ball|p2a: OU set up\n|-damage|p2a: OU set up|76\/100\n|move|p2a: OU set up|Gyro Ball|p1a: Roserade\n|-damage|p1a: Roserade|10\/100\n|\n|upkeep\n|\n|t:|1698594245\n|switch|p2b: The wall|Aggron-Mega, M|2\/100\n|turn|6\n|\n|t:|1698594252\n|move|p1b: Garchomp|Stomping Tantrum|p2b: The wall\n|-supereffective|p2b: The wall\n|-damage|p2b: The wall|0 fnt\n|faint|p2b: The wall\n|move|p1a: Roserade|Shadow Ball|p2a: OU set up\n|-damage|p2a: OU set up|50\/100\n|move|p2a: OU set up|Gyro Ball|p1a: Roserade\n|-damage|p1a: Roserade|0 fnt\n|faint|p1a: Roserade\n|\n|upkeep\n|\n|t:|1698594260\n|switch|p1a: Unfezant|Unfezant, F|100\/100\n|turn|7\n|c|\u2606PlaySnootgame|guh\n|\n|t:|1698594269\n|move|p1a: Unfezant|Brave Bird|p2a: OU set up\n|-damage|p2a: OU set up|12\/100\n|-damage|p1a: Unfezant|88\/100|[from] ability: Iron Barbs|[of] p2a: OU set up\n|-damage|p1a: Unfezant|72\/100|[from] item: Rocky Helmet|[of] p2a: OU set up\n|-damage|p1a: Unfezant|57\/100|[from] Recoil\n|move|p1b: Garchomp|Stomping Tantrum|p2a: OU set up\n|-damage|p2a: OU set up|0 fnt\n|-damage|p1b: Garchomp|88\/100|[from] ability: Iron Barbs|[of] p2a: OU set up\n|-damage|p1b: Garchomp|72\/100|[from] item: Rocky Helmet|[of] p2a: OU set up\n|faint|p2a: OU set up\n|\n|win|Rikard & Frida\n|raw|Rikard &amp; Frida's rating: 1144 &rarr; <strong>1171<\/strong><br \/>(+27 for winning)\n|raw|PlaySnootgame's rating: 1178 &rarr; <strong>1151<\/strong><br \/>(-27 for losing)\n|l|\u2606PlaySnootgame\n","uploadtime":1698594280,"views":9,"p1id":"rikardfrida","p2id":"playsnootgame","formatid":"gen9nationaldexdoubles","rating":1151,"private":0,"password":""}