{"id":"gen9nationaldexdoubles-1972827766","p1":"Tritus ELITE 4","p2":"TheRarWolf","format":"[Gen 9] National Dex Doubles","log":"|j|\u2606Tritus ELITE 4\n|j|\u2606TheRarWolf\n|t:|1697899726\n|gametype|doubles\n|player|p1|Tritus ELITE 4|wulfric|1126\n|player|p2|TheRarWolf|roxie|1073\n|teamsize|p1|6\n|teamsize|p2|6\n|gen|9\n|tier|[Gen 9] National Dex Doubles\n|rated|\n|rule|HP Percentage Mod: HP is shown in percentages\n|rule|Endless Battle Clause: Forcing endless battles is banned\n|rule|OHKO Clause: OHKO moves are banned\n|rule|Evasion Moves Clause: Evasion moves are banned\n|rule|Evasion Abilities Clause: Evasion abilities are banned\n|rule|Species Clause: Limit one of each Pok\u00e9mon\n|rule|Gravity Sleep Clause: The combination of sleep-inducing moves with imperfect accuracy and Gravity or Gigantamax Orbeetle are banned\n|clearpoke\n|poke|p1|Basculegion-F, F|\n|poke|p1|Swampert, M|\n|poke|p1|Pelipper, F|\n|poke|p1|Araquanid, M|\n|poke|p1|Milotic, F|\n|poke|p1|Ludicolo, M|\n|poke|p2|Ribombee, F|\n|poke|p2|Scizor, M|\n|poke|p2|Kricketune, F|\n|poke|p2|Heracross, M|\n|poke|p2|Masquerain, M|\n|poke|p2|Kleavor, M|\n|teampreview\n|inactive|Battle timer is ON: inactive players will automatically lose when time's up. (requested by Tritus ELITE 4)\n|inactive|Tritus ELITE 4 has 120 seconds left.\n|\n|t:|1697899776\n|start\n|switch|p1a: Pelipper|Pelipper, F|100\/100\n|switch|p1b: Swampert|Swampert, M|100\/100\n|switch|p2a: Masquerain|Masquerain, M|100\/100\n|switch|p2b: Ribombee|Ribombee, F|100\/100\n|-ability|p2a: Masquerain|Intimidate|boost\n|-unboost|p1a: Pelipper|atk|1\n|-unboost|p1b: Swampert|atk|1\n|-weather|RainDance|[from] ability: Drizzle|[of] p1a: Pelipper\n|turn|1\n|inactive|Tritus ELITE 4 has 120 seconds left.\n|\n|t:|1697899814\n|detailschange|p1b: Swampert|Swampert-Mega, M\n|-mega|p1b: Swampert|Swampert|Swampertite\n|move|p2b: Ribombee|Stun Spore|p1b: Swampert\n|-status|p1b: Swampert|par\n|move|p2a: Masquerain|Tailwind|p2a: Masquerain\n|-sidestart|p2: TheRarWolf|move: Tailwind\n|move|p1b: Swampert|Rock Slide|p2b: Ribombee|[spread] p2a,p2b\n|-supereffective|p2a: Masquerain\n|-supereffective|p2b: Ribombee\n|-damage|p2a: Masquerain|0 fnt\n|-damage|p2b: Ribombee|34\/100\n|faint|p2a: Masquerain\n|move|p1a: Pelipper|U-turn|p2b: Ribombee\n|-resisted|p2b: Ribombee\n|-damage|p2b: Ribombee|25\/100\n|inactive|Tritus ELITE 4 has 120 seconds left.\n|\n|t:|1697899831\n|switch|p1a: Milotic|Milotic, F|100\/100|[from] U-turn\n|\n|-weather|RainDance|[upkeep]\n|upkeep\n|\n|t:|1697899836\n|switch|p2a: Kricketune|Kricketune, F|100\/100\n|turn|2\n|\n|t:|1697899854\n|move|p2b: Ribombee|Sticky Web|p1b: Swampert\n|-sidestart|p1: Tritus ELITE 4|move: Sticky Web\n|move|p2a: Kricketune|Trailblaze|p1b: Swampert\n|-supereffective|p1b: Swampert\n|-damage|p1b: Swampert|27\/100 par\n|-boost|p2a: Kricketune|spe|1\n|move|p1b: Swampert|Rock Slide|p2a: Kricketune|[spread] p2a,p2b\n|-supereffective|p2a: Kricketune\n|-supereffective|p2b: Ribombee\n|-crit|p2b: Ribombee\n|-damage|p2a: Kricketune|60\/100\n|-damage|p2b: Ribombee|0 fnt\n|faint|p2b: Ribombee\n|move|p1a: Milotic|Light Screen|p1a: Milotic\n|-sidestart|p1: Tritus ELITE 4|move: Light Screen\n|\n|-weather|RainDance|[upkeep]\n|upkeep\n|\n|t:|1697899868\n|switch|p2b: Scizor|Scizor, M|100\/100\n|turn|3\n|\n|t:|1697899882\n|detailschange|p2b: Scizor|Scizor-Mega, M\n|-mega|p2b: Scizor|Scizor|Scizorite\n|-terastallize|p2a: Kricketune|Bug\n|move|p2a: Kricketune|Fell Stinger|p1b: Swampert\n|-damage|p1b: Swampert|0 fnt\n|faint|p1b: Swampert\n|-boost|p2a: Kricketune|atk|3\n|move|p2b: Scizor|Knock Off|p1a: Milotic\n|-crit|p1a: Milotic\n|-damage|p1a: Milotic|17\/100\n|-enditem|p1a: Milotic|Leftovers|[from] move: Knock Off|[of] p2b: Scizor\n|move|p1a: Milotic|Icy Wind|p2a: Kricketune|[spread] p2a,p2b\n|-resisted|p2b: Scizor\n|-damage|p2a: Kricketune|45\/100\n|-damage|p2b: Scizor|96\/100\n|-unboost|p2a: Kricketune|spe|1\n|-unboost|p2b: Scizor|spe|1\n|\n|-weather|RainDance|[upkeep]\n|upkeep\n|\n|t:|1697899905\n|switch|p1b: Araquanid|Araquanid, M|100\/100\n|-activate|p1b: Araquanid|move: Sticky Web\n|-unboost|p1b: Araquanid|spe|1\n|turn|4\n|\n|t:|1697899930\n|move|p2a: Kricketune|Trailblaze|p1a: Milotic\n|-supereffective|p1a: Milotic\n|-damage|p1a: Milotic|0 fnt\n|-boost|p2a: Kricketune|spe|1\n|faint|p1a: Milotic\n|move|p2b: Scizor|Dual Wingbeat|p1b: Araquanid\n|-supereffective|p1b: Araquanid\n|-damage|p1b: Araquanid|34\/100\n|-supereffective|p1b: Araquanid\n|-damage|p1b: Araquanid|0 fnt\n|faint|p1b: Araquanid\n|-hitcount|p1: Araquanid|2\n|\n|-weather|RainDance|[upkeep]\n|-sideend|p2: TheRarWolf|move: Tailwind\n|upkeep\n|inactive|Tritus ELITE 4 has 120 seconds left.\n|\n|t:|1697899946\n|switch|p1a: Ludicolo|Ludicolo, M|100\/100\n|switch|p1b: Basculegion|Basculegion-F, F|100\/100\n|-activate|p1b: Basculegion|move: Sticky Web\n|-unboost|p1b: Basculegion|spe|1\n|-activate|p1a: Ludicolo|move: Sticky Web\n|-unboost|p1a: Ludicolo|spe|1\n|turn|5\n|\n|t:|1697899970\n|-terastallize|p1b: Basculegion|Ghost\n|move|p1b: Basculegion|Last Respects|p2b: Scizor\n|-damage|p2b: Scizor|0 fnt\n|faint|p2b: Scizor\n|-damage|p1b: Basculegion|91\/100|[from] item: Life Orb\n|move|p2a: Kricketune|Trailblaze|p1b: Basculegion\n|-damage|p1b: Basculegion|33\/100\n|-boost|p2a: Kricketune|spe|1\n|move|p1a: Ludicolo|Waterfall|p2a: Kricketune\n|-damage|p2a: Kricketune|0 fnt\n|faint|p2a: Kricketune\n|-damage|p1a: Ludicolo|91\/100|[from] item: Life Orb\n|\n|-weather|none\n|upkeep\n|\n|t:|1697899976\n|switch|p2b: Heracross|Heracross, M|100\/100\n|switch|p2a: Kleavor|Kleavor, M|100\/100\n|turn|6\n|\n|t:|1697899994\n|switch|p1a: Pelipper|Pelipper, F|100\/100\n|-weather|RainDance|[from] ability: Drizzle|[of] p1a: Pelipper\n|move|p2a: Kleavor|X-Scissor|p1a: Pelipper\n|-resisted|p1a: Pelipper\n|-damage|p1a: Pelipper|49\/100\n|-damage|p2a: Kleavor|91\/100|[from] item: Life Orb\n|move|p2b: Heracross|Knock Off|p1b: Basculegion\n|-supereffective|p1b: Basculegion\n|-damage|p1b: Basculegion|0 fnt\n|-enditem|p1b: Basculegion|Life Orb|[from] move: Knock Off|[of] p2b: Heracross\n|faint|p1b: Basculegion\n|\n|-weather|RainDance|[upkeep]\n|-heal|p1a: Pelipper|55\/100|[from] item: Leftovers\n|-sideend|p1: Tritus ELITE 4|move: Light Screen\n|-status|p2b: Heracross|brn|[from] item: Flame Orb\n|upkeep\n|\n|t:|1697900006\n|switch|p1b: Ludicolo|Ludicolo, M|91\/100\n|-activate|p1b: Ludicolo|move: Sticky Web\n|-unboost|p1b: Ludicolo|spe|1\n|turn|7\n|\n|t:|1697900013\n|move|p2a: Kleavor|Stone Axe|p1a: Pelipper\n|-supereffective|p1a: Pelipper\n|-damage|p1a: Pelipper|0 fnt\n|-sidestart|p1: Tritus ELITE 4|move: Stealth Rock\n|faint|p1a: Pelipper\n|-damage|p2a: Kleavor|81\/100|[from] item: Life Orb\n|move|p2b: Heracross|Megahorn|p1b: Ludicolo\n|-supereffective|p1b: Ludicolo\n|-damage|p1b: Ludicolo|0 fnt\n|faint|p1b: Ludicolo\n|\n|win|TheRarWolf\n|raw|Tritus ELITE 4's rating: 1126 &rarr; <strong>1097<\/strong><br \/>(-29 for losing)\n|raw|TheRarWolf's rating: 1073 &rarr; <strong>1106<\/strong><br \/>(+33 for winning)\n|l|\u2606Tritus ELITE 4\n|c|\u2606TheRarWolf|Gg\n","uploadtime":1697900028,"views":5,"p1id":"trituselite4","p2id":"therarwolf","formatid":"gen9nationaldexdoubles","rating":1097,"private":0,"password":""}