{"id":"gen9nationaldexdoubles-1975539637","p1":"luijoroma","p2":"Careytheicon","format":"[Gen 9] National Dex Doubles","log":"|j|\u2606luijoroma\n|j|\u2606Careytheicon\n|t:|1698202447\n|gametype|doubles\n|player|p1|luijoroma|lucas-gen4pt|1069\n|player|p2|Careytheicon|lucy|1000\n|teamsize|p1|6\n|teamsize|p2|6\n|gen|9\n|tier|[Gen 9] National Dex Doubles\n|rated|\n|rule|HP Percentage Mod: HP is shown in percentages\n|rule|Endless Battle Clause: Forcing endless battles is banned\n|rule|OHKO Clause: OHKO moves are banned\n|rule|Evasion Moves Clause: Evasion moves are banned\n|rule|Evasion Abilities Clause: Evasion abilities are banned\n|rule|Species Clause: Limit one of each Pok\u00e9mon\n|rule|Gravity Sleep Clause: The combination of sleep-inducing moves with imperfect accuracy and Gravity or Gigantamax Orbeetle are banned\n|clearpoke\n|poke|p1|Garchomp, M|\n|poke|p1|Togekiss, M|\n|poke|p1|Milotic, F|\n|poke|p1|Typhlosion, M|\n|poke|p1|Tinkaton, F|\n|poke|p1|Gardevoir, F|\n|poke|p2|Shuckle, M|\n|poke|p2|Runerigus, M|\n|poke|p2|Malamar, M|\n|poke|p2|Victini|\n|poke|p2|Comfey, M|\n|poke|p2|Jirachi|\n|teampreview\n|inactive|Battle timer is ON: inactive players will automatically lose when time's up. (requested by Careytheicon)\n|\n|t:|1698202457\n|start\n|switch|p1a: Tinkaton|Tinkaton, F|100\/100\n|switch|p1b: Togekiss|Togekiss, M|100\/100\n|switch|p2a: Shuckle|Shuckle, M|100\/100\n|switch|p2b: Roxxx|Runerigus, M, shiny|100\/100\n|-ability|p1a: Tinkaton|Mold Breaker\n|turn|1\n|\n|t:|1698202478\n|move|p1a: Tinkaton|Brick Break|p2a: Shuckle\n|-damage|p2a: Shuckle|83\/100\n|move|p1b: Togekiss|Dazzling Gleam|p2b: Roxxx|[spread] p2a,p2b\n|-damage|p2a: Shuckle|61\/100\n|-damage|p2b: Roxxx|69\/100\n|move|p2b: Roxxx|Toxic Spikes|p1a: Tinkaton\n|-sidestart|p1: luijoroma|move: Toxic Spikes\n|move|p2a: Shuckle|Sticky Web|p1a: Tinkaton\n|-sidestart|p1: luijoroma|move: Sticky Web\n|\n|upkeep\n|turn|2\n|c|\u2606Careytheicon|XD\n|\n|t:|1698202505\n|move|p1a: Tinkaton|Play Rough|p2b: Roxxx|[miss]\n|-miss|p1a: Tinkaton|p2b: Roxxx\n|move|p1b: Togekiss|Air Slash|p2a: Shuckle\n|-damage|p2a: Shuckle|29\/100\n|-enditem|p2a: Shuckle|Sitrus Berry|[eat]\n|-heal|p2a: Shuckle|54\/100|[from] item: Sitrus Berry\n|move|p2b: Roxxx|Sandstorm|p2b: Roxxx\n|-weather|Sandstorm\n|move|p2a: Shuckle|Infestation|p1a: Tinkaton\n|-resisted|p1a: Tinkaton\n|-damage|p1a: Tinkaton|99\/100\n|-activate|p1a: Tinkaton|move: Infestation|[of] p2a: Shuckle\n|\n|-weather|Sandstorm|[upkeep]\n|-damage|p1b: Togekiss|94\/100|[from] Sandstorm\n|-heal|p1b: Togekiss|100\/100|[from] item: Leftovers\n|-damage|p1a: Tinkaton|88\/100|[from] move: Infestation|[partiallytrapped]\n|upkeep\n|turn|3\n|\n|t:|1698202528\n|move|p1a: Tinkaton|Gigaton Hammer|p2b: Roxxx\n|-damage|p2b: Roxxx|16\/100\n|-enditem|p2b: Roxxx|Sitrus Berry|[eat]\n|-heal|p2b: Roxxx|41\/100|[from] item: Sitrus Berry\n|move|p1b: Togekiss|Air Slash|p2a: Shuckle\n|-damage|p2a: Shuckle|34\/100\n|move|p2b: Roxxx|Stealth Rock|p1a: Tinkaton\n|-sidestart|p1: luijoroma|move: Stealth Rock\n|cant|p2a: Shuckle|flinch\n|\n|-weather|Sandstorm|[upkeep]\n|-damage|p1b: Togekiss|94\/100|[from] Sandstorm\n|-heal|p1b: Togekiss|100\/100|[from] item: Leftovers\n|-damage|p1a: Tinkaton|76\/100|[from] move: Infestation|[partiallytrapped]\n|upkeep\n|turn|4\n|\n|t:|1698202552\n|move|p1a: Tinkaton|Stone Edge|p2a: Shuckle\n|-supereffective|p2a: Shuckle\n|-damage|p2a: Shuckle|0 fnt\n|faint|p2a: Shuckle\n|move|p1b: Togekiss|Air Slash|p2b: Roxxx\n|-damage|p2b: Roxxx|4\/100\n|move|p2b: Roxxx|Poltergeist|p1b: Togekiss\n|-activate|p1b: Togekiss|move: Poltergeist|Leftovers\n|-damage|p1b: Togekiss|64\/100\n|\n|-weather|Sandstorm|[upkeep]\n|-damage|p1b: Togekiss|58\/100|[from] Sandstorm\n|-heal|p1b: Togekiss|64\/100|[from] item: Leftovers\n|-end|p1a: Tinkaton|Infestation|[partiallytrapped]|[silent]\n|upkeep\n|\n|t:|1698202570\n|switch|p2a: Jirachi|Jirachi|100\/100\n|turn|5\n|\n|t:|1698202581\n|move|p2a: Jirachi|Iron Head|p1b: Togekiss\n|-supereffective|p1b: Togekiss\n|-damage|p1b: Togekiss|0 fnt\n|faint|p1b: Togekiss\n|move|p1a: Tinkaton|Gigaton Hammer|p2a: Jirachi\n|-resisted|p2a: Jirachi\n|-damage|p2a: Jirachi|70\/100\n|move|p2b: Roxxx|Poltergeist|p1a: Tinkaton|[miss]\n|-miss|p2b: Roxxx|p1a: Tinkaton\n|\n|-weather|Sandstorm|[upkeep]\n|upkeep\n|\n|t:|1698202595\n|switch|p1b: Typhlosion|Typhlosion, M|100\/100\n|-status|p1b: Typhlosion|psn\n|-activate|p1b: Typhlosion|move: Sticky Web\n|-unboost|p1b: Typhlosion|spe|1\n|-damage|p1b: Typhlosion|76\/100 psn|[from] Stealth Rock\n|turn|6\n|\n|t:|1698202614\n|-terastallize|p2a: Jirachi|Dragon\n|-terastallize|p1b: Typhlosion|Ghost\n|move|p2a: Jirachi|Ancient Power|p1b: Typhlosion\n|-damage|p1b: Typhlosion|56\/100 psn\n|move|p1a: Tinkaton|Stone Edge|p2b: Roxxx\n|-resisted|p2b: Roxxx\n|-damage|p2b: Roxxx|0 fnt\n|faint|p2b: Roxxx\n|move|p1b: Typhlosion|Eruption|p2a: Jirachi\n|-resisted|p2a: Jirachi\n|-damage|p2a: Jirachi|51\/100\n|\n|-weather|none\n|-damage|p1b: Typhlosion|44\/100 psn|[from] psn\n|upkeep\n|\n|t:|1698202634\n|switch|p2b: Malamar|Malamar, M|100\/100\n|turn|7\n|\n|t:|1698202643\n|move|p1b: Typhlosion|Protect|p1b: Typhlosion\n|-singleturn|p1b: Typhlosion|Protect\n|move|p2a: Jirachi|Fire Punch|p1a: Tinkaton\n|-supereffective|p1a: Tinkaton\n|-damage|p1a: Tinkaton|23\/100\n|move|p1a: Tinkaton|Play Rough|p2b: Malamar\n|-supereffective|p2b: Malamar\n|-damage|p2b: Malamar|30\/100\n|move|p2b: Malamar|Knock Off|p1b: Typhlosion\n|-activate|p1b: Typhlosion|move: Protect\n|\n|-damage|p1b: Typhlosion|31\/100 psn|[from] psn\n|upkeep\n|turn|8\n|\n|t:|1698202666\n|move|p1b: Typhlosion|Protect||[still]\n|-fail|p1b: Typhlosion\n|move|p2a: Jirachi|Iron Head|p1b: Typhlosion\n|-damage|p1b: Typhlosion|0 fnt\n|-damage|p2a: Jirachi|34\/100|[from] item: Rocky Helmet|[of] p1b: Typhlosion\n|-enditem|p2a: Jirachi|Sitrus Berry|[eat]\n|-heal|p2a: Jirachi|59\/100|[from] item: Sitrus Berry\n|faint|p1b: Typhlosion\n|move|p1a: Tinkaton|Play Rough|p2b: Malamar\n|-supereffective|p2b: Malamar\n|-damage|p2b: Malamar|0 fnt\n|faint|p2b: Malamar\n|\n|upkeep\n|\n|t:|1698202684\n|switch|p1b: Gardevoir|Gardevoir, F, shiny|100\/100\n|switch|p2b: Comfey|Comfey, M|100\/100\n|-status|p1b: Gardevoir|psn\n|-activate|p1b: Gardevoir|move: Sticky Web\n|-unboost|p1b: Gardevoir|spe|1\n|-damage|p1b: Gardevoir|88\/100 psn|[from] Stealth Rock\n|turn|9\n|\n|t:|1698202701\n|detailschange|p1b: Gardevoir|Gardevoir-Mega, F, shiny\n|-mega|p1b: Gardevoir|Gardevoir|Gardevoirite\n|move|p2a: Jirachi|Fire Punch|p1a: Tinkaton\n|-supereffective|p1a: Tinkaton\n|-damage|p1a: Tinkaton|0 fnt\n|faint|p1a: Tinkaton\n|move|p2b: Comfey|Leech Seed|p1b: Gardevoir\n|-start|p1b: Gardevoir|move: Leech Seed\n|move|p1b: Gardevoir|Hypnosis|p2a: Jirachi\n|-status|p2a: Jirachi|slp|[from] move: Hypnosis\n|\n|-damage|p1b: Gardevoir|76\/100 psn|[from] Leech Seed|[of] p2b: Comfey\n|-damage|p1b: Gardevoir|64\/100 psn|[from] psn\n|upkeep\n|\n|t:|1698202716\n|switch|p1a: Milotic|Milotic, F, shiny|100\/100\n|-status|p1a: Milotic|psn\n|-activate|p1a: Milotic|move: Sticky Web\n|-unboost|p1a: Milotic|spe|1\n|-damage|p1a: Milotic|88\/100 psn|[from] Stealth Rock\n|turn|10\n|\n|t:|1698202730\n|cant|p2a: Jirachi|slp\n|move|p2b: Comfey|Leech Seed|p1a: Milotic\n|-start|p1a: Milotic|move: Leech Seed\n|move|p1b: Gardevoir|Moonblast|p2a: Jirachi\n|-supereffective|p2a: Jirachi\n|-damage|p2a: Jirachi|0 fnt\n|faint|p2a: Jirachi\n|move|p1a: Milotic|Aqua Ring|p1a: Milotic\n|-start|p1a: Milotic|Aqua Ring\n|\n|-heal|p1a: Milotic|94\/100 psn|[from] Aqua Ring\n|-damage|p1b: Gardevoir|51\/100 psn|[from] Leech Seed|[of] p2b: Comfey\n|-damage|p1a: Milotic|82\/100 psn|[from] Leech Seed|[of] p2b: Comfey\n|-damage|p1b: Gardevoir|39\/100 psn|[from] psn\n|-damage|p1a: Milotic|69\/100 psn|[from] psn\n|upkeep\n|\n|t:|1698202743\n|switch|p2a: Victini|Victini|100\/100\n|turn|11\n|\n|t:|1698202759\n|move|p2a: Victini|Bolt Strike|p1a: Milotic\n|-supereffective|p1a: Milotic\n|-damage|p1a: Milotic|35\/100 psn\n|move|p2b: Comfey|Calm Mind|p2b: Comfey\n|-boost|p2b: Comfey|spa|1\n|-boost|p2b: Comfey|spd|1\n|move|p1b: Gardevoir|Will-O-Wisp|p2b: Comfey\n|-status|p2b: Comfey|brn\n|-zpower|p1a: Milotic\n|move|p1a: Milotic|Hydro Vortex|p2a: Victini|[zeffect]\n|-supereffective|p2a: Victini\n|-crit|p2a: Victini\n|-damage|p2a: Victini|0 fnt\n|faint|p2a: Victini\n|\n|-heal|p1a: Milotic|41\/100 psn|[from] Aqua Ring\n|-damage|p1b: Gardevoir|27\/100 psn|[from] Leech Seed|[of] p2b: Comfey\n|-damage|p1a: Milotic|29\/100 psn|[from] Leech Seed|[of] p2b: Comfey\n|-damage|p1b: Gardevoir|15\/100 psn|[from] psn\n|-damage|p1a: Milotic|16\/100 psn|[from] psn\n|-damage|p2b: Comfey|94\/100 brn|[from] brn\n|upkeep\n|turn|12\n|c|\u2606Careytheicon|special attacker\n|\n|t:|1698202789\n|move|p2b: Comfey|Draining Kiss|p1a: Milotic\n|-damage|p1a: Milotic|0 fnt\n|-heal|p2b: Comfey|100\/100 brn|[from] drain|[of] p1a: Milotic\n|faint|p1a: Milotic\n|move|p1b: Gardevoir|Moonblast|p2b: Comfey\n|-damage|p2b: Comfey|60\/100 brn\n|-unboost|p2b: Comfey|spa|1\n|\n|-damage|p1b: Gardevoir|2\/100 psn|[from] Leech Seed|[of] p2b: Comfey\n|-heal|p2b: Comfey|77\/100 brn|[silent]\n|-damage|p1b: Gardevoir|0 fnt|[from] psn\n|faint|p1b: Gardevoir\n|-damage|p2b: Comfey|71\/100 brn|[from] brn\n|upkeep\n|inactive|luijoroma has 120 seconds left.\n|\n|t:|1698202813\n|switch|p1a: Garchomp|Garchomp, M|100\/100\n|-status|p1a: Garchomp|psn\n|-activate|p1a: Garchomp|move: Sticky Web\n|-unboost|p1a: Garchomp|spe|1\n|-damage|p1a: Garchomp|94\/100 psn|[from] Stealth Rock\n|turn|13\n|\n|t:|1698202824\n|move|p2b: Comfey|Leech Seed|p1a: Garchomp\n|-start|p1a: Garchomp|move: Leech Seed\n|move|p1a: Garchomp|Poison Jab|p2b: Comfey\n|-supereffective|p2b: Comfey\n|-damage|p2b: Comfey|0 fnt\n|faint|p2b: Comfey\n|\n|win|luijoroma\n|raw|luijoroma's rating: 1069 &rarr; <strong>1093<\/strong><br \/>(+24 for winning)\n|raw|Careytheicon's rating: 1000 &rarr; <strong>1000<\/strong><br \/>(+0 for losing)\n|l|\u2606Careytheicon\n","uploadtime":1698202837,"views":12,"p1id":"luijoroma","p2id":"careytheicon","formatid":"gen9nationaldexdoubles","rating":1000,"private":0,"password":""}