{"id":"gen9nationaldexdoubles-2000518981","p1":"cloudv9","p2":"fumbari 24","format":"[Gen 9] National Dex Doubles","log":"|j|\u2606cloudv9\n|j|\u2606fumbari 24\n|t:|1701201625\n|gametype|doubles\n|player|p1|cloudv9|brock|1418\n|player|p2|fumbari 24|hilbert|1353\n|teamsize|p1|6\n|teamsize|p2|6\n|gen|9\n|tier|[Gen 9] National Dex Doubles\n|rated|\n|rule|HP Percentage Mod: HP is shown in percentages\n|rule|Endless Battle Clause: Forcing endless battles is banned\n|rule|OHKO Clause: OHKO moves are banned\n|rule|Evasion Moves Clause: Evasion moves are banned\n|rule|Evasion Abilities Clause: Evasion abilities are banned\n|rule|Species Clause: Limit one of each Pok\u00e9mon\n|rule|Gravity Sleep Clause: The combination of sleep-inducing moves with imperfect accuracy and Gravity or Gigantamax Orbeetle are banned\n|clearpoke\n|poke|p1|Salamence, F|\n|poke|p1|Rillaboom, F|\n|poke|p1|Tapu Koko|\n|poke|p1|Iron Valiant|\n|poke|p1|Landorus-Therian, M|\n|poke|p1|Marshadow|\n|poke|p2|Murkrow, M|\n|poke|p2|Necrozma|\n|poke|p2|Gothitelle, F|\n|poke|p2|Brute Bonnet|\n|poke|p2|Charizard, M|\n|poke|p2|Dragapult, M|\n|teampreview\n|\n|t:|1701201666\n|start\n|switch|p1a: Tapu Koko|Tapu Koko|100\/100\n|switch|p1b: Iron Valiant|Iron Valiant|100\/100\n|switch|p2a: Dragapult|Dragapult, M|100\/100\n|switch|p2b: Gothitelle|Gothitelle, F|100\/100\n|-fieldstart|move: Electric Terrain|[from] ability: Electric Surge|[of] p1a: Tapu Koko\n|-activate|p1b: Iron Valiant|ability: Quark Drive\n|-start|p1b: Iron Valiant|quarkdrivespe\n|turn|1\n|\n|t:|1701201680\n|-terastallize|p1b: Iron Valiant|Fairy\n|move|p2b: Gothitelle|Fake Out|p1b: Iron Valiant\n|-damage|p1b: Iron Valiant|94\/100\n|cant|p1b: Iron Valiant|flinch\n|move|p2a: Dragapult|Light Screen|p2a: Dragapult\n|-sidestart|p2: fumbari 24|move: Light Screen\n|move|p1a: Tapu Koko|Dazzling Gleam|p2a: Dragapult|[spread] p2a,p2b\n|-supereffective|p2a: Dragapult\n|-damage|p2a: Dragapult|54\/100\n|-damage|p2b: Gothitelle|84\/100\n|-damage|p1a: Tapu Koko|91\/100|[from] item: Life Orb\n|\n|-heal|p2a: Dragapult|60\/100|[from] item: Leftovers\n|upkeep\n|turn|2\n|c|\u2606cloudv9|now all makes sense\n|\n|t:|1701201707\n|move|p1b: Iron Valiant|Dazzling Gleam|p2a: Dragapult|[spread] p2a,p2b\n|-supereffective|p2a: Dragapult\n|-damage|p2a: Dragapult|0 fnt\n|-damage|p2b: Gothitelle|52\/100\n|faint|p2a: Dragapult\n|move|p1a: Tapu Koko|Dazzling Gleam|p2b: Gothitelle\n|-damage|p2b: Gothitelle|27\/100\n|-enditem|p2b: Gothitelle|Sitrus Berry|[eat]\n|-heal|p2b: Gothitelle|51\/100|[from] item: Sitrus Berry\n|-damage|p1a: Tapu Koko|81\/100|[from] item: Life Orb\n|move|p2b: Gothitelle|Trick Room|p2b: Gothitelle\n|-fieldstart|move: Trick Room|[of] p2b: Gothitelle\n|\n|upkeep\n|\n|t:|1701201715\n|switch|p2a: Necrozma|Necrozma|100\/100\n|turn|3\n|\n|t:|1701201721\n|move|p2b: Gothitelle|Psychic|p1a: Tapu Koko\n|-crit|p1a: Tapu Koko\n|-damage|p1a: Tapu Koko|14\/100\n|move|p2a: Necrozma|Calm Mind|p2a: Necrozma\n|-boost|p2a: Necrozma|spa|1\n|-boost|p2a: Necrozma|spd|1\n|move|p1a: Tapu Koko|Taunt|p2a: Necrozma\n|-start|p2a: Necrozma|move: Taunt\n|move|p1b: Iron Valiant|Dazzling Gleam|p2a: Necrozma|[spread] p2a,p2b\n|-damage|p2a: Necrozma|75\/100\n|-damage|p2b: Gothitelle|21\/100\n|\n|upkeep\n|turn|4\n|\n|t:|1701201737\n|move|p2b: Gothitelle|Psychic|p1a: Tapu Koko\n|-damage|p1a: Tapu Koko|0 fnt\n|faint|p1a: Tapu Koko\n|move|p2a: Necrozma|Photon Geyser|p1b: Iron Valiant\n|-damage|p1b: Iron Valiant|0 fnt\n|faint|p1b: Iron Valiant\n|-end|p1b: Iron Valiant|Quark Drive|[silent]\n|\n|upkeep\n|\n|t:|1701201744\n|switch|p1b: Rillaboom|Rillaboom, F|100\/100\n|switch|p1a: Marshadow|Marshadow|100\/100\n|-fieldstart|move: Grassy Terrain|[from] ability: Grassy Surge|[of] p1b: Rillaboom\n|turn|5\n|\n|t:|1701201760\n|switch|p2a: Murkrow|Murkrow, M|100\/100\n|move|p1b: Rillaboom|Grassy Glide|p2b: Gothitelle\n|-damage|p2b: Gothitelle|0 fnt\n|faint|p2b: Gothitelle\n|move|p1a: Marshadow|Shadow Sneak|p2a: Murkrow\n|-resisted|p2a: Murkrow\n|-crit|p2a: Murkrow\n|-damage|p2a: Murkrow|78\/100\n|\n|-sideend|p2: fumbari 24|move: Light Screen\n|upkeep\n|\n|t:|1701201774\n|switch|p2b: Brute Bonnet|Brute Bonnet|100\/100\n|turn|6\n|\n|t:|1701201785\n|move|p2b: Brute Bonnet|Spore|p1a: Marshadow\n|-status|p1a: Marshadow|slp|[from] move: Spore\n|move|p1b: Rillaboom|U-turn|p2b: Brute Bonnet\n|-supereffective|p2b: Brute Bonnet\n|-crit|p2b: Brute Bonnet\n|-damage|p2b: Brute Bonnet|0 fnt\n|-damage|p1b: Rillaboom|84\/100|[from] item: Rocky Helmet|[of] p2b: Brute Bonnet\n|faint|p2b: Brute Bonnet\n|-end|p2b: Brute Bonnet|Protosynthesis|[silent]\n|\n|t:|1701201796\n|switch|p1b: Landorus|Landorus-Therian, M|100\/100|[from] U-turn\n|-ability|p1b: Landorus|Intimidate|boost\n|-unboost|p2a: Murkrow|atk|1\n|move|p2a: Murkrow|Foul Play|p1b: Landorus\n|-damage|p1b: Landorus|42\/100\n|cant|p1a: Marshadow|slp\n|\n|-fieldend|move: Trick Room\n|upkeep\n|\n|t:|1701201803\n|switch|p2b: Charizard|Charizard, M, shiny|100\/100\n|turn|7\n|\n|t:|1701201808\n|detailschange|p2b: Charizard|Charizard-Mega-Y, M, shiny\n|-mega|p2b: Charizard|Charizard|Charizardite Y\n|-weather|SunnyDay|[from] ability: Drought|[of] p2b: Charizard\n|cant|p1a: Marshadow|slp\n|move|p2a: Murkrow|Tailwind|p2a: Murkrow\n|-sidestart|p2: fumbari 24|move: Tailwind\n|move|p2b: Charizard|Heat Wave|p1a: Marshadow|[spread] p1a,p1b\n|-damage|p1a: Marshadow|27\/100 slp\n|-damage|p1b: Landorus|0 fnt\n|faint|p1b: Landorus\n|\n|-weather|SunnyDay|[upkeep]\n|-heal|p1a: Marshadow|34\/100 slp|[from] Grassy Terrain\n|upkeep\n|\n|t:|1701201817\n|switch|p1b: Salamence|Salamence, F|100\/100\n|-ability|p1b: Salamence|Intimidate|boost\n|-unboost|p2a: Murkrow|atk|1\n|-unboost|p2b: Charizard|atk|1\n|turn|8\n|\n|t:|1701201823\n|detailschange|p1b: Salamence|Salamence-Mega, F\n|-mega|p1b: Salamence|Salamence|Salamencite\n|cant|p1a: Marshadow|slp\n|move|p2b: Charizard|Heat Wave|p1b: Salamence|[spread] p1a,p1b\n|-resisted|p1b: Salamence\n|-damage|p1a: Marshadow|0 fnt\n|-damage|p1b: Salamence|64\/100\n|-status|p1b: Salamence|brn\n|faint|p1a: Marshadow\n|move|p2a: Murkrow|Foul Play|p1b: Salamence\n|-damage|p1b: Salamence|21\/100 brn\n|move|p1b: Salamence|Tailwind|p1b: Salamence\n|-sidestart|p1: cloudv9|move: Tailwind\n|\n|-weather|SunnyDay|[upkeep]\n|-damage|p1b: Salamence|15\/100 brn|[from] brn\n|upkeep\n|\n|t:|1701201828\n|switch|p1a: Rillaboom|Rillaboom, F|84\/100\n|turn|9\n|\n|t:|1701201839\n|move|p1a: Rillaboom|Fake Out|p2b: Charizard\n|-damage|p2b: Charizard|83\/100\n|move|p1b: Salamence|Return|p2b: Charizard\n|-damage|p2b: Charizard|47\/100\n|cant|p2b: Charizard|flinch\n|move|p2a: Murkrow|Foul Play|p1b: Salamence\n|-damage|p1b: Salamence|0 fnt\n|faint|p1b: Salamence\n|\n|-weather|SunnyDay|[upkeep]\n|-heal|p1a: Rillaboom|90\/100|[from] Grassy Terrain\n|-fieldend|move: Grassy Terrain\n|upkeep\n|turn|10\n|-message|cloudv9 forfeited.\n|\n|win|fumbari 24\n|raw|cloudv9's rating: 1418 &rarr; <strong>1394<\/strong><br \/>(-24 for losing)\n|raw|fumbari 24's rating: 1353 &rarr; <strong>1377<\/strong><br \/>(+24 for winning)\n|l|\u2606cloudv9\n","uploadtime":1701201849,"views":5,"p1id":"cloudv9","p2id":"fumbari24","formatid":"gen9nationaldexdoubles","rating":1377,"private":0,"password":""}