{"id":"gen9nationaldexdoubles-1970095686","p1":"ReD9056","p2":"FearlessFluf1","format":"[Gen 9] National Dex Doubles","log":"|j|\u2606ReD9056\n|j|\u2606FearlessFluf1\n|t:|1697593705\n|gametype|doubles\n|player|p1|ReD9056|red-masters|1000\n|player|p2|FearlessFluf1|pokemaniac|1000\n|teamsize|p1|6\n|teamsize|p2|6\n|gen|9\n|tier|[Gen 9] National Dex Doubles\n|rated|\n|rule|HP Percentage Mod: HP is shown in percentages\n|rule|Endless Battle Clause: Forcing endless battles is banned\n|rule|OHKO Clause: OHKO moves are banned\n|rule|Evasion Moves Clause: Evasion moves are banned\n|rule|Evasion Abilities Clause: Evasion abilities are banned\n|rule|Species Clause: Limit one of each Pok\u00e9mon\n|rule|Gravity Sleep Clause: The combination of sleep-inducing moves with imperfect accuracy and Gravity or Gigantamax Orbeetle are banned\n|clearpoke\n|poke|p1|Pangoro, M|\n|poke|p1|Beartic, M|\n|poke|p1|Urshifu-*, M|\n|poke|p1|Bewear, M|\n|poke|p1|Ursaring, M|\n|poke|p1|Komala, M|\n|poke|p2|Snorlax, M|\n|poke|p2|Maushold|\n|poke|p2|Regieleki|\n|poke|p2|Slowbro-Galar, M|\n|poke|p2|Dudunsparce-*, F|\n|poke|p2|Glimmora, M|\n|teampreview\n|\n|t:|1697593726\n|start\n|switch|p1a: Hulk|Ursaring, M, shiny|100\/100\n|switch|p1b: Imma bear trust me|Komala, M, shiny|100\/100\n|switch|p2a: Snorlax|Snorlax, M|100\/100\n|switch|p2b: Glimmora|Glimmora, M, shiny|100\/100\n|-ability|p1b: Imma bear trust me|Comatose\n|turn|1\n|inactive|Battle timer is ON: inactive players will automatically lose when time's up. (requested by FearlessFluf1)\n|\n|t:|1697593754\n|move|p2b: Glimmora|Mortal Spin|p1a: Hulk|[spread] p1a,p1b\n|-damage|p1a: Hulk|95\/100\n|-damage|p1b: Imma bear trust me|93\/100\n|-status|p1a: Hulk|psn\n|move|p1b: Imma bear trust me|Low Kick|p2a: Snorlax\n|-supereffective|p2a: Snorlax\n|-damage|p2a: Snorlax|31\/100\n|move|p2a: Snorlax|Brick Break|p1b: Imma bear trust me\n|-supereffective|p1b: Imma bear trust me\n|-damage|p1b: Imma bear trust me|35\/100\n|move|p1a: Hulk|Swords Dance|p1a: Hulk\n|-boost|p1a: Hulk|atk|2\n|\n|-heal|p1b: Imma bear trust me|41\/100|[from] item: Leftovers\n|-damage|p1a: Hulk|82\/100 psn|[from] psn\n|upkeep\n|turn|2\n|inactive|ReD9056 has 120 seconds left.\n|\n|t:|1697593792\n|move|p2b: Glimmora|Mortal Spin|p1a: Hulk|[spread] p1a,p1b\n|-damage|p1a: Hulk|78\/100 psn\n|-damage|p1b: Imma bear trust me|34\/100\n|move|p1b: Imma bear trust me|Return|p2b: Glimmora\n|-resisted|p2b: Glimmora\n|-damage|p2b: Glimmora|67\/100\n|-activate|p2b: Glimmora|ability: Toxic Debris\n|-sidestart|p1: ReD9056|move: Toxic Spikes\n|move|p2a: Snorlax|Brick Break|p1b: Imma bear trust me\n|-supereffective|p1b: Imma bear trust me\n|-crit|p1b: Imma bear trust me\n|-damage|p1b: Imma bear trust me|0 fnt\n|faint|p1b: Imma bear trust me\n|move|p1a: Hulk|Earthquake|p2a: Snorlax|[spread] p2a,p2b\n|-crit|p2a: Snorlax\n|-supereffective|p2b: Glimmora\n|-damage|p2a: Snorlax|0 fnt\n|-damage|p2b: Glimmora|0 fnt\n|-activate|p2b: Glimmora|ability: Toxic Debris\n|-sidestart|p1: ReD9056|move: Toxic Spikes\n|faint|p2a: Snorlax\n|faint|p2b: Glimmora\n|\n|-damage|p1a: Hulk|65\/100 psn|[from] psn\n|upkeep\n|inactive|ReD9056 has 120 seconds left.\n|\n|t:|1697593832\n|switch|p2b: Maushold|Maushold|100\/100\n|switch|p1b: Panda|Pangoro, M, shiny|100\/100\n|switch|p2a: Dudunsparce|Dudunsparce, F|100\/100\n|-status|p1b: Panda|tox\n|turn|3\n|inactive|ReD9056 has 120 seconds left.\n|inactive|ReD9056 has 90 seconds left.\n|\n|t:|1697593881\n|move|p2b: Maushold|Protect|p2b: Maushold\n|-singleturn|p2b: Maushold|Protect\n|move|p2a: Dudunsparce|Tailwind|p2a: Dudunsparce\n|-sidestart|p2: FearlessFluf1|move: Tailwind\n|move|p1b: Panda|Swords Dance|p1b: Panda\n|-boost|p1b: Panda|atk|2\n|move|p1a: Hulk|Facade|p2b: Maushold\n|-activate|p2b: Maushold|move: Protect\n|\n|-damage|p1b: Panda|94\/100 tox|[from] psn\n|-damage|p1a: Hulk|53\/100 psn|[from] psn\n|upkeep\n|turn|4\n|inactive|ReD9056 has 90 seconds left.\n|inactive|FearlessFluf1 has 120 seconds left.\n|\n|t:|1697593918\n|move|p2b: Maushold|Population Bomb|p1a: Hulk\n|-damage|p1a: Hulk|41\/100 psn\n|-damage|p1a: Hulk|28\/100 psn\n|-damage|p1a: Hulk|16\/100 psn\n|-damage|p1a: Hulk|2\/100 psn\n|-damage|p1a: Hulk|0 fnt\n|faint|p1a: Hulk\n|-hitcount|p1: Hulk|5\n|move|p2a: Dudunsparce|Tailwind||[still]\n|-fail|p2a: Dudunsparce\n|move|p1b: Panda|Knock Off|p2a: Dudunsparce\n|-damage|p2a: Dudunsparce|0 fnt\n|-enditem|p2a: Dudunsparce|Choice Scarf|[from] move: Knock Off|[of] p1b: Panda\n|faint|p2a: Dudunsparce\n|-damage|p1b: Panda|85\/100 tox|[from] item: Life Orb\n|\n|-damage|p1b: Panda|72\/100 tox|[from] psn\n|upkeep\n|j| AelXzer\n|inactive|ReD9056 has 90 seconds left.\n|inactive|FearlessFluf1 has 120 seconds left.\n|\n|t:|1697593947\n|switch|p2a: Regieleki|Regieleki|100\/100\n|switch|p1a: Fr\u00edo Ping\u00fcino|Beartic, M, shiny|100\/100\n|-status|p1a: Fr\u00edo Ping\u00fcino|tox\n|turn|5\n|inactive|ReD9056 has 90 seconds left.\n|inactive|FearlessFluf1 has 120 seconds left.\n|inactive|FearlessFluf1 has 90 seconds left.\n|inactive|FearlessFluf1 has 60 seconds left.\n|inactiveoff|Battle timer is now OFF.\n|inactive|Battle timer is ON: inactive players will automatically lose when time's up. (requested by ReD9056)\n|inactive|FearlessFluf1 has 60 seconds left.\n|\n|t:|1697594061\n|-terastallize|p2a: Regieleki|Electric\n|move|p2a: Regieleki|Thunderbolt|p1b: Panda\n|-damage|p1b: Panda|0 fnt\n|faint|p1b: Panda\n|move|p2b: Maushold|Population Bomb|p1a: Fr\u00edo Ping\u00fcino\n|-damage|p1a: Fr\u00edo Ping\u00fcino|87\/100 tox\n|-damage|p1a: Fr\u00edo Ping\u00fcino|72\/100 tox\n|-crit|p1a: Fr\u00edo Ping\u00fcino\n|-damage|p1a: Fr\u00edo Ping\u00fcino|50\/100 tox\n|-damage|p1a: Fr\u00edo Ping\u00fcino|36\/100 tox\n|-damage|p1a: Fr\u00edo Ping\u00fcino|21\/100 tox\n|-damage|p1a: Fr\u00edo Ping\u00fcino|5\/100 tox\n|-damage|p1a: Fr\u00edo Ping\u00fcino|0 fnt\n|faint|p1a: Fr\u00edo Ping\u00fcino\n|-hitcount|p1: Fr\u00edo Ping\u00fcino|7\n|\n|upkeep\n|inactive|ReD9056 has 60 seconds left.\n|\n|t:|1697594091\n|switch|p1a: Super Saiyan|Bewear, M, shiny|100\/100\n|switch|p1b: Jackie Chan|Urshifu-Rapid-Strike, M|100\/100\n|-status|p1b: Jackie Chan|tox\n|-status|p1a: Super Saiyan|tox\n|turn|6\n|inactive|FearlessFluf1 has 60 seconds left.\n|\n|t:|1697594114\n|move|p2a: Regieleki|Thunderbolt|p1b: Jackie Chan\n|-supereffective|p1b: Jackie Chan\n|-damage|p1b: Jackie Chan|0 fnt\n|faint|p1b: Jackie Chan\n|move|p2b: Maushold|Population Bomb|p1a: Super Saiyan\n|-damage|p1a: Super Saiyan|96\/100 tox\n|-damage|p1a: Super Saiyan|92\/100 tox\n|-damage|p1a: Super Saiyan|88\/100 tox\n|-damage|p1a: Super Saiyan|83\/100 tox\n|-damage|p1a: Super Saiyan|78\/100 tox\n|-hitcount|p1a: Super Saiyan|5\n|move|p1a: Super Saiyan|Drain Punch|p2b: Maushold\n|-supereffective|p2b: Maushold\n|-damage|p2b: Maushold|0 fnt\n|-heal|p1a: Super Saiyan|100\/100 tox|[from] drain|[of] p2b: Maushold\n|faint|p2b: Maushold\n|\n|-damage|p1a: Super Saiyan|94\/100 tox|[from] psn\n|-sideend|p2: FearlessFluf1|move: Tailwind\n|upkeep\n|inactive|FearlessFluf1 has 60 seconds left.\n|\n|t:|1697594142\n|switch|p2b: Slowbro|Slowbro-Galar, M, shiny|100\/100\n|turn|7\n|inactive|ReD9056 has 90 seconds left.\n|inactive|FearlessFluf1 has 60 seconds left.\n|\n|t:|1697594172\n|-terastallize|p1a: Super Saiyan|Fighting\n|move|p2a: Regieleki|Thunderbolt|p1a: Super Saiyan\n|-damage|p1a: Super Saiyan|0 fnt\n|faint|p1a: Super Saiyan\n|\n|win|FearlessFluf1\n|raw|ReD9056's rating: 1000 &rarr; <strong>1000<\/strong><br \/>(+0 for losing)\n|raw|FearlessFluf1's rating: 1000 &rarr; <strong>1040<\/strong><br \/>(+40 for winning)\n|l|\u2606ReD9056\n|l| AelXzer\n","uploadtime":1697594189,"views":14,"p1id":"red9056","p2id":"fearlessfluf1","formatid":"gen9nationaldexdoubles","rating":1000,"private":0,"password":""}