{"id":"gen9nationaldexdoubles-1962473983","p1":"Rhyszznnccvv","p2":"georgexiii","format":"[Gen 9] National Dex Doubles","log":"|j|\u2606Rhyszznnccvv\n|j|\u2606georgexiii\n|t:|1696753402\n|gametype|doubles\n|player|p1|Rhyszznnccvv|emmet|1122\n|player|p2|georgexiii|birdkeeper-gen4dp|1116\n|teamsize|p1|6\n|teamsize|p2|6\n|gen|9\n|tier|[Gen 9] National Dex Doubles\n|rated|\n|rule|HP Percentage Mod: HP is shown in percentages\n|rule|Endless Battle Clause: Forcing endless battles is banned\n|rule|OHKO Clause: OHKO moves are banned\n|rule|Evasion Moves Clause: Evasion moves are banned\n|rule|Evasion Abilities Clause: Evasion abilities are banned\n|rule|Species Clause: Limit one of each Pok\u00e9mon\n|rule|Gravity Sleep Clause: The combination of sleep-inducing moves with imperfect accuracy and Gravity or Gigantamax Orbeetle are banned\n|clearpoke\n|poke|p1|Reuniclus, F|\n|poke|p1|Zapdos-Galar|\n|poke|p1|Porygon-Z|\n|poke|p1|Skarmory, M|\n|poke|p1|Basculegion, M|\n|poke|p1|Grimmsnarl, M|\n|poke|p2|Ribombee, F|\n|poke|p2|Oricorio-Pom-Pom, F|\n|poke|p2|Clefable, F|\n|poke|p2|Primarina, M|\n|poke|p2|Chandelure, F|\n|poke|p2|Lopunny, F|\n|teampreview\n|inactive|Battle timer is ON: inactive players will automatically lose when time's up. (requested by Rhyszznnccvv)\n|inactive|georgexiii has 120 seconds left.\n|\n|t:|1696753435\n|start\n|switch|p1a: Grimmsnarl|Grimmsnarl, M|100\/100\n|switch|p1b: Skarmory|Skarmory, M|100\/100\n|switch|p2a: Oricorio|Oricorio-Pom-Pom, F, shiny|100\/100\n|switch|p2b: Ribombee|Ribombee, F, shiny|100\/100\n|turn|1\n|\n|t:|1696753454\n|move|p2b: Ribombee|Protect|p2b: Ribombee\n|-singleturn|p2b: Ribombee|Protect\n|move|p1a: Grimmsnarl|Taunt|p2b: Ribombee\n|-activate|p2b: Ribombee|move: Protect\n|move|p2a: Oricorio|Substitute|p2a: Oricorio\n|-start|p2a: Oricorio|Substitute\n|-damage|p2a: Oricorio|76\/100\n|move|p1b: Skarmory|Whirlwind|p2a: Oricorio\n|drag|p2a: Primarina|Primarina, M, shiny|100\/100\n|\n|upkeep\n|turn|2\n|\n|t:|1696753477\n|move|p1a: Grimmsnarl|Taunt|p2b: Ribombee\n|-start|p2b: Ribombee|move: Taunt\n|cant|p2b: Ribombee|move: Taunt|Skill Swap\n|move|p2a: Primarina|Sing|p1a: Grimmsnarl\n|-status|p1a: Grimmsnarl|slp|[from] move: Sing\n|move|p1b: Skarmory|Toxic|p2a: Primarina\n|-status|p2a: Primarina|tox\n|\n|-damage|p2a: Primarina|94\/100 tox|[from] psn\n|upkeep\n|turn|3\n|\n|t:|1696753500\n|switch|p2b: Lopunny|Lopunny, F, shiny|100\/100\n|cant|p1a: Grimmsnarl|slp\n|move|p2a: Primarina|Scald|p1b: Skarmory\n|-damage|p1b: Skarmory|41\/100\n|move|p1b: Skarmory|Toxic|p2b: Lopunny\n|-status|p2b: Lopunny|tox\n|\n|-damage|p2b: Lopunny|94\/100 tox|[from] psn\n|-damage|p2a: Primarina|82\/100 tox|[from] psn\n|upkeep\n|turn|4\n|\n|t:|1696753523\n|detailschange|p2b: Lopunny|Lopunny-Mega, F, shiny\n|-mega|p2b: Lopunny|Lopunny|Lopunnite\n|cant|p1a: Grimmsnarl|slp\n|move|p2b: Lopunny|Heal Bell|p2b: Lopunny\n|-activate|p2b: Lopunny|move: Heal Bell\n|-curestatus|p2a: Primarina|tox|[msg]\n|-curestatus|p2b: Lopunny|tox|[msg]\n|move|p2a: Primarina|Scald|p1b: Skarmory\n|-damage|p1b: Skarmory|0 fnt\n|faint|p1b: Skarmory\n|\n|upkeep\n|\n|t:|1696753539\n|switch|p1b: Zapdos|Zapdos-Galar|100\/100\n|turn|5\n|\n|t:|1696753560\n|switch|p2b: Chandelure|Chandelure, F|100\/100\n|-terastallize|p1b: Zapdos|Ground\n|-curestatus|p1a: Grimmsnarl|slp|[msg]\n|move|p1a: Grimmsnarl|Taunt|p2a: Primarina\n|-start|p2a: Primarina|move: Taunt\n|move|p1b: Zapdos|Thunderous Kick|p2b: Chandelure\n|-immune|p2b: Chandelure\n|move|p2a: Primarina|Draining Kiss|p1b: Zapdos\n|-damage|p1b: Zapdos|69\/100\n|-heal|p2a: Primarina|100\/100|[from] drain|[of] p1b: Zapdos\n|\n|upkeep\n|turn|6\n|inactive|georgexiii has 120 seconds left.\n|\n|t:|1696753599\n|switch|p1b: Porygon-Z|Porygon-Z|100\/100\n|move|p1a: Grimmsnarl|Light Screen|p1a: Grimmsnarl\n|-sidestart|p1: Rhyszznnccvv|move: Light Screen\n|move|p2b: Chandelure|Substitute|p2b: Chandelure\n|-start|p2b: Chandelure|Substitute\n|-damage|p2b: Chandelure|76\/100\n|move|p2a: Primarina|Scald|p1b: Porygon-Z\n|-damage|p1b: Porygon-Z|59\/100\n|-status|p1b: Porygon-Z|brn\n|\n|-damage|p1b: Porygon-Z|53\/100 brn|[from] brn\n|upkeep\n|turn|7\n|inactive|georgexiii has 120 seconds left.\n|\n|t:|1696753623\n|move|p1a: Grimmsnarl|Reflect|p1a: Grimmsnarl\n|-sidestart|p1: Rhyszznnccvv|Reflect\n|move|p1b: Porygon-Z|Thunderbolt|p2a: Primarina\n|-supereffective|p2a: Primarina\n|-damage|p2a: Primarina|28\/100\n|move|p2b: Chandelure|Calm Mind|p2b: Chandelure\n|-boost|p2b: Chandelure|spa|1\n|-boost|p2b: Chandelure|spd|1\n|move|p2a: Primarina|Scald|p1a: Grimmsnarl\n|-damage|p1a: Grimmsnarl|81\/100\n|\n|-damage|p1b: Porygon-Z|47\/100 brn|[from] brn\n|-end|p2a: Primarina|move: Taunt\n|upkeep\n|turn|8\n|inactive|georgexiii has 120 seconds left.\n|\n|t:|1696753654\n|-terastallize|p2a: Primarina|Steel\n|move|p1b: Porygon-Z|Thunderbolt|p2a: Primarina\n|-damage|p2a: Primarina|0 fnt\n|faint|p2a: Primarina\n|move|p2b: Chandelure|Calm Mind|p2b: Chandelure\n|-boost|p2b: Chandelure|spa|1\n|-boost|p2b: Chandelure|spd|1\n|move|p1a: Grimmsnarl|Play Rough|p2b: Chandelure\n|-resisted|p2b: Chandelure\n|-end|p2b: Chandelure|Substitute\n|\n|-damage|p1b: Porygon-Z|41\/100 brn|[from] brn\n|upkeep\n|\n|t:|1696753662\n|switch|p2a: Lopunny|Lopunny-Mega, F, shiny|94\/100\n|turn|9\n|\n|t:|1696753675\n|switch|p1b: Basculegion|Basculegion, M|100\/100\n|move|p2a: Lopunny|Fake Out|p1b: Basculegion\n|-damage|p1b: Basculegion|84\/100\n|move|p1a: Grimmsnarl|Taunt|p2b: Chandelure\n|-start|p2b: Chandelure|move: Taunt\n|cant|p2b: Chandelure|move: Taunt|Substitute\n|\n|upkeep\n|turn|10\n|\n|t:|1696753701\n|switch|p2b: Oricorio|Oricorio-Pom-Pom, F, shiny|76\/100\n|move|p2a: Lopunny|High Jump Kick|p1a: Grimmsnarl|[miss]\n|-miss|p2a: Lopunny|p1a: Grimmsnarl\n|-damage|p2a: Lopunny|44\/100|[from] highjumpkick\n|move|p1b: Basculegion|Head Smash|p2b: Oricorio\n|-supereffective|p2b: Oricorio\n|-damage|p2b: Oricorio|0 fnt\n|faint|p2b: Oricorio\n|-damage|p1b: Basculegion|54\/100|[from] Recoil\n|-damage|p1b: Basculegion|44\/100|[from] item: Life Orb\n|move|p1a: Grimmsnarl|Play Rough|p2a: Lopunny\n|-supereffective|p2a: Lopunny\n|-damage|p2a: Lopunny|0 fnt\n|faint|p2a: Lopunny\n|\n|upkeep\n|inactive|georgexiii has 120 seconds left.\n|\n|t:|1696753715\n|switch|p2a: Ribombee|Ribombee, F, shiny|100\/100\n|switch|p2b: Chandelure|Chandelure, F|76\/100\n|turn|11\n|\n|t:|1696753728\n|move|p1a: Grimmsnarl|Taunt|p2b: Chandelure\n|-start|p2b: Chandelure|move: Taunt\n|move|p2a: Ribombee|Moonblast|p1a: Grimmsnarl\n|-supereffective|p1a: Grimmsnarl\n|-damage|p1a: Grimmsnarl|20\/100\n|-damage|p2a: Ribombee|91\/100|[from] item: Life Orb\n|move|p2b: Chandelure|Shadow Ball|p1b: Basculegion\n|-supereffective|p1b: Basculegion\n|-damage|p1b: Basculegion|0 fnt\n|faint|p1b: Basculegion\n|\n|upkeep\n|\n|t:|1696753739\n|switch|p1b: Porygon-Z|Porygon-Z|41\/100 brn\n|turn|12\n|\n|t:|1696753751\n|move|p1a: Grimmsnarl|Taunt|p2a: Ribombee\n|-start|p2a: Ribombee|move: Taunt\n|move|p2a: Ribombee|Moonblast|p1b: Porygon-Z\n|-damage|p1b: Porygon-Z|0 fnt\n|faint|p1b: Porygon-Z\n|-damage|p2a: Ribombee|81\/100|[from] item: Life Orb\n|move|p2b: Chandelure|Flamethrower|p1a: Grimmsnarl\n|-damage|p1a: Grimmsnarl|0 fnt\n|faint|p1a: Grimmsnarl\n|\n|upkeep\n|\n|t:|1696753757\n|switch|p1b: Reuniclus|Reuniclus, F|100\/100\n|switch|p1a: Zapdos|Zapdos-Galar, tera:Ground|69\/100\n|turn|13\n|\n|t:|1696753777\n|move|p2a: Ribombee|Moonblast|p1a: Zapdos\n|-damage|p1a: Zapdos|23\/100\n|-unboost|p1a: Zapdos|spa|1\n|-ability|p1a: Zapdos|Defiant|boost\n|-boost|p1a: Zapdos|atk|2\n|-damage|p2a: Ribombee|71\/100|[from] item: Life Orb\n|move|p1a: Zapdos|Brave Bird|p2a: Ribombee\n|-supereffective|p2a: Ribombee\n|-damage|p2a: Ribombee|0 fnt\n|faint|p2a: Ribombee\n|-damage|p1a: Zapdos|5\/100|[from] Recoil\n|move|p2b: Chandelure|Shadow Ball|p1b: Reuniclus\n|-supereffective|p1b: Reuniclus\n|-damage|p1b: Reuniclus|35\/100\n|move|p1b: Reuniclus|Psychic|p2b: Chandelure\n|-damage|p2b: Chandelure|8\/100\n|-damage|p1b: Reuniclus|25\/100|[from] item: Life Orb\n|\n|-end|p2b: Chandelure|move: Taunt\n|-sideend|p1: Rhyszznnccvv|move: Light Screen\n|upkeep\n|\n|t:|1696753792\n|switch|p2a: Clefable|Clefable, F|100\/100\n|turn|14\n|\n|t:|1696753805\n|move|p2a: Clefable|Follow Me|p2a: Clefable\n|-singleturn|p2a: Clefable|move: Follow Me\n|move|p1a: Zapdos|Brave Bird|p2a: Clefable\n|-damage|p2a: Clefable|0 fnt\n|faint|p2a: Clefable\n|-damage|p1a: Zapdos|0 fnt|[from] Recoil\n|faint|p1a: Zapdos\n|move|p2b: Chandelure|Shadow Ball|p1b: Reuniclus\n|-supereffective|p1b: Reuniclus\n|-damage|p1b: Reuniclus|0 fnt\n|faint|p1b: Reuniclus\n|\n|win|georgexiii\n|raw|Rhyszznnccvv's rating: 1122 &rarr; <strong>1097<\/strong><br \/>(-25 for losing)\n|raw|georgexiii's rating: 1116 &rarr; <strong>1141<\/strong><br \/>(+25 for winning)\n|l|\u2606Rhyszznnccvv\n","uploadtime":1696753823,"views":13,"p1id":"rhyszznnccvv","p2id":"georgexiii","formatid":"gen9nationaldexdoubles","rating":1097,"private":0,"password":""}