{"id":"gen9nationaldexdoubles-1996733241","p1":"Old McBruh","p2":"lalayaya","format":"[Gen 9] National Dex Doubles","log":"|j|\u2606Old McBruh\n|j|\u2606lalayaya\n|t:|1700716178\n|gametype|doubles\n|player|p1|Old McBruh|colress|1514\n|player|p2|lalayaya|lady|1327\n|teamsize|p1|6\n|teamsize|p2|6\n|gen|9\n|tier|[Gen 9] National Dex Doubles\n|rated|\n|rule|HP Percentage Mod: HP is shown in percentages\n|rule|Endless Battle Clause: Forcing endless battles is banned\n|rule|OHKO Clause: OHKO moves are banned\n|rule|Evasion Moves Clause: Evasion moves are banned\n|rule|Evasion Abilities Clause: Evasion abilities are banned\n|rule|Species Clause: Limit one of each Pok\u00e9mon\n|rule|Gravity Sleep Clause: The combination of sleep-inducing moves with imperfect accuracy and Gravity or Gigantamax Orbeetle are banned\n|clearpoke\n|poke|p1|Charizard, M|\n|poke|p1|Walking Wake|\n|poke|p1|Whimsicott, F|\n|poke|p1|Flutter Mane|\n|poke|p1|Rillaboom, F|\n|poke|p1|Marshadow|\n|poke|p2|Jellicent, M|\n|poke|p2|Scrafty, M|\n|poke|p2|Swampert, F|\n|poke|p2|Politoed, F|\n|poke|p2|Goodra-Hisui, F|\n|poke|p2|Serperior, F|\n|teampreview\n|c|\u2606Old McBruh|glhf\n|\n|t:|1700716216\n|start\n|switch|p1a: My death was a lie|Rillaboom, F|100\/100\n|switch|p1b: Gimme da boosts|Marshadow|100\/100\n|switch|p2a: Swampert|Swampert, F|100\/100\n|switch|p2b: Politoed|Politoed, F|100\/100\n|-fieldstart|move: Grassy Terrain|[from] ability: Grassy Surge|[of] p1a: My death was a lie\n|-weather|RainDance|[from] ability: Drizzle|[of] p2b: Politoed\n|turn|1\n|\n|t:|1700716244\n|detailschange|p2a: Swampert|Swampert-Mega, F\n|-mega|p2a: Swampert|Swampert|Swampertite\n|move|p2b: Politoed|Helping Hand|p2a: Swampert\n|-singleturn|p2a: Swampert|Helping Hand|[of] p2b: Politoed\n|move|p1b: Gimme da boosts|Protect|p1b: Gimme da boosts\n|-singleturn|p1b: Gimme da boosts|Protect\n|move|p2a: Swampert|Ice Punch|p1a: My death was a lie\n|-supereffective|p1a: My death was a lie\n|-damage|p1a: My death was a lie|6\/100\n|move|p1a: My death was a lie|Wood Hammer|p2b: Politoed\n|-supereffective|p2b: Politoed\n|-damage|p2b: Politoed|0 fnt\n|faint|p2b: Politoed\n|-damage|p1a: My death was a lie|0 fnt|[from] Recoil\n|faint|p1a: My death was a lie\n|\n|-weather|RainDance|[upkeep]\n|upkeep\n|\n|t:|1700716275\n|switch|p1a: Favoritism|Charizard, M, shiny|100\/100\n|switch|p2b: Serperior|Serperior, F|100\/100\n|turn|2\n|\n|t:|1700716310\n|detailschange|p1a: Favoritism|Charizard-Mega-Y, M, shiny\n|-mega|p1a: Favoritism|Charizard|Charizardite Y\n|-weather|SunnyDay|[from] ability: Drought|[of] p1a: Favoritism\n|-zpower|p1b: Gimme da boosts\n|move|p1b: Gimme da boosts|Soul-Stealing 7-Star Strike|p2b: Serperior|[zeffect]\n|-damage|p2b: Serperior|0 fnt\n|faint|p2b: Serperior\n|move|p1a: Favoritism|Solar Beam||[still]\n|-prepare|p1a: Favoritism|Solar Beam\n|-anim|p1a: Favoritism|Solar Beam|p2a: Swampert\n|-supereffective|p2a: Swampert\n|-damage|p2a: Swampert|0 fnt\n|faint|p2a: Swampert\n|\n|-weather|SunnyDay|[upkeep]\n|upkeep\n|\n|t:|1700716345\n|switch|p2b: Jellicent|Jellicent, M|100\/100\n|switch|p2a: Goodra|Goodra-Hisui, F|100\/100\n|turn|3\n|\n|t:|1700716367\n|-terastallize|p2a: Goodra|Ghost\n|move|p1b: Gimme da boosts|Spectral Thief|p2b: Jellicent\n|-supereffective|p2b: Jellicent\n|-damage|p2b: Jellicent|0 fnt\n|faint|p2b: Jellicent\n|move|p1a: Favoritism|Solar Beam||[still]\n|-prepare|p1a: Favoritism|Solar Beam\n|-anim|p1a: Favoritism|Solar Beam|p2a: Goodra\n|-ability|p2a: Goodra|Sap Sipper|boost\n|-boost|p2a: Goodra|atk|1\n|move|p2a: Goodra|Shelter|p2a: Goodra\n|-boost|p2a: Goodra|def|2\n|\n|-weather|SunnyDay|[upkeep]\n|upkeep\n|\n|t:|1700716380\n|switch|p2b: Scrafty|Scrafty, M|100\/100\n|-ability|p2b: Scrafty|Intimidate|boost\n|-unboost|p1a: Favoritism|atk|1\n|-unboost|p1b: Gimme da boosts|atk|1\n|turn|4\n|\n|t:|1700716397\n|move|p1b: Gimme da boosts|Protect|p1b: Gimme da boosts\n|-singleturn|p1b: Gimme da boosts|Protect\n|move|p1a: Favoritism|Solar Beam||[still]\n|-prepare|p1a: Favoritism|Solar Beam\n|-anim|p1a: Favoritism|Solar Beam|p2a: Goodra\n|-ability|p2a: Goodra|Sap Sipper|boost\n|-boost|p2a: Goodra|atk|1\n|move|p2a: Goodra|Heavy Slam|p1b: Gimme da boosts\n|-activate|p1b: Gimme da boosts|move: Protect\n|move|p2b: Scrafty|Knock Off|p1b: Gimme da boosts\n|-activate|p1b: Gimme da boosts|move: Protect\n|\n|-weather|SunnyDay|[upkeep]\n|upkeep\n|turn|5\n|\n|t:|1700716414\n|switch|p1b: Annoying Fluffball|Whimsicott, F, shiny|100\/100\n|move|p2b: Scrafty|Protect|p2b: Scrafty\n|-singleturn|p2b: Scrafty|Protect\n|move|p1a: Favoritism|Solar Beam||[still]\n|-prepare|p1a: Favoritism|Solar Beam\n|-anim|p1a: Favoritism|Solar Beam|p2a: Goodra\n|-ability|p2a: Goodra|Sap Sipper|boost\n|-boost|p2a: Goodra|atk|1\n|move|p2a: Goodra|Heavy Slam|p1b: Annoying Fluffball\n|-supereffective|p1b: Annoying Fluffball\n|-damage|p1b: Annoying Fluffball|0 fnt\n|faint|p1b: Annoying Fluffball\n|\n|-weather|SunnyDay|[upkeep]\n|-fieldend|move: Grassy Terrain\n|upkeep\n|\n|t:|1700716426\n|switch|p1b: Gimme da boosts|Marshadow|100\/100\n|turn|6\n|\n|t:|1700716435\n|move|p1b: Gimme da boosts|Spectral Thief||[still]\n|-clearpositiveboost|p2a: Goodra|p1b: Gimme da boosts|move: Spectral Thief\n|-boost|p1b: Gimme da boosts|atk|3\n|-boost|p1b: Gimme da boosts|def|2\n|-anim|p1b: Gimme da boosts|Spectral Thief|p2a: Goodra\n|-supereffective|p2a: Goodra\n|-damage|p2a: Goodra|0 fnt\n|faint|p2a: Goodra\n|move|p1a: Favoritism|Heat Wave|p2b: Scrafty\n|-damage|p2b: Scrafty|36\/100\n|-status|p2b: Scrafty|brn\n|move|p2b: Scrafty|Knock Off|p1b: Gimme da boosts\n|-damage|p1b: Gimme da boosts|93\/100\n|\n|-weather|none\n|-damage|p2b: Scrafty|30\/100 brn|[from] brn\n|upkeep\n|turn|7\n|-message|lalayaya forfeited.\n|\n|win|Old McBruh\n|raw|Old McBruh's rating: 1514 &rarr; <strong>1524<\/strong><br \/>(+10 for winning)\n|raw|lalayaya's rating: 1327 &rarr; <strong>1317<\/strong><br \/>(-10 for losing)\n|l|\u2606lalayaya\n","uploadtime":1700716455,"views":28,"p1id":"oldmcbruh","p2id":"lalayaya","formatid":"gen9nationaldexdoubles","rating":1317,"private":0,"password":""}