{"id":"gen9nationaldexdoubles-1963480402","p1":"Red_Ice_Games","p2":"Chad Tankers","format":"[Gen 9] National Dex Doubles","log":"|j|\u2606Red_Ice_Games\n|j|\u2606Chad Tankers\n|t:|1696871321\n|gametype|doubles\n|player|p1|Red_Ice_Games|psychic|1241\n|player|p2|Chad Tankers|burglar|1485\n|teamsize|p1|6\n|teamsize|p2|6\n|gen|9\n|tier|[Gen 9] National Dex Doubles\n|rated|\n|rule|HP Percentage Mod: HP is shown in percentages\n|rule|Endless Battle Clause: Forcing endless battles is banned\n|rule|OHKO Clause: OHKO moves are banned\n|rule|Evasion Moves Clause: Evasion moves are banned\n|rule|Evasion Abilities Clause: Evasion abilities are banned\n|rule|Species Clause: Limit one of each Pok\u00e9mon\n|rule|Gravity Sleep Clause: The combination of sleep-inducing moves with imperfect accuracy and Gravity or Gigantamax Orbeetle are banned\n|clearpoke\n|poke|p1|Oricorio, M|\n|poke|p1|Iron Moth|\n|poke|p1|Quaquaval, F|\n|poke|p1|Torterra, M|\n|poke|p1|Lilligant-Hisui, F|\n|poke|p1|Dragapult, F|\n|poke|p2|Houndoom, F|\n|poke|p2|Rillaboom, F|\n|poke|p2|Zygarde|\n|poke|p2|Zamazenta-*|\n|poke|p2|Palafin, F|\n|poke|p2|Tornadus, M|\n|teampreview\n|inactive|Battle timer is ON: inactive players will automatically lose when time's up. (requested by Chad Tankers)\n|\n|t:|1696871335\n|start\n|switch|p1a: Oricorio|Oricorio, M|100\/100\n|switch|p1b: Quaquaval|Quaquaval, F|100\/100\n|switch|p2a: Houndoom|Houndoom, F|100\/100\n|switch|p2b: Tornadus|Tornadus, M|100\/100\n|turn|1\n|\n|t:|1696871356\n|detailschange|p2a: Houndoom|Houndoom-Mega, F\n|-mega|p2a: Houndoom|Houndoom|Houndoominite\n|-terastallize|p1a: Oricorio|Water\n|move|p2a: Houndoom|Protect|p2a: Houndoom\n|-singleturn|p2a: Houndoom|Protect\n|move|p2b: Tornadus|Bleakwind Storm|p1a: Oricorio|[spread] p1a,p1b\n|-supereffective|p1b: Quaquaval\n|-damage|p1a: Oricorio|41\/100\n|-enditem|p1b: Quaquaval|Focus Sash\n|-damage|p1b: Quaquaval|1\/100\n|move|p1a: Oricorio|Swords Dance|p1a: Oricorio\n|-boost|p1a: Oricorio|atk|2\n|move|p1b: Quaquaval|Aqua Step|p2a: Houndoom\n|-activate|p2a: Houndoom|move: Protect\n|\n|upkeep\n|turn|2\n|\n|t:|1696871378\n|switch|p2a: Rillaboom|Rillaboom, F|100\/100\n|-fieldstart|move: Grassy Terrain|[from] ability: Grassy Surge|[of] p2a: Rillaboom\n|move|p1a: Oricorio|Protect|p1a: Oricorio\n|-singleturn|p1a: Oricorio|Protect\n|move|p2b: Tornadus|Bleakwind Storm|p1a: Oricorio|[spread] p1b\n|-activate|p1a: Oricorio|move: Protect\n|-supereffective|p1b: Quaquaval\n|-damage|p1b: Quaquaval|0 fnt\n|faint|p1b: Quaquaval\n|\n|-heal|p1a: Oricorio|48\/100|[from] Grassy Terrain\n|upkeep\n|\n|t:|1696871396\n|switch|p1b: Iron Moth|Iron Moth|100\/100\n|-enditem|p1b: Iron Moth|Booster Energy\n|-activate|p1b: Iron Moth|ability: Quark Drive|[fromitem]\n|-start|p1b: Iron Moth|quarkdrivespe\n|turn|3\n|\n|t:|1696871412\n|move|p2a: Rillaboom|Fake Out|p1b: Iron Moth\n|-damage|p1b: Iron Moth|80\/100\n|cant|p1b: Iron Moth|flinch\n|move|p2b: Tornadus|Bleakwind Storm|p1a: Oricorio|[spread] p1a,p1b\n|-crit|p1b: Iron Moth\n|-damage|p1a: Oricorio|0 fnt\n|-damage|p1b: Iron Moth|17\/100\n|faint|p1a: Oricorio\n|\n|-heal|p1b: Iron Moth|23\/100|[from] Grassy Terrain\n|upkeep\n|\n|t:|1696871425\n|switch|p1a: Torterra|Torterra, M|100\/100\n|turn|4\n|\n|t:|1696871446\n|move|p1a: Torterra|Wide Guard|p1a: Torterra\n|-singleturn|p1a: Torterra|Wide Guard\n|move|p1b: Iron Moth|Heat Wave|p2b: Tornadus|[spread] p2a,p2b\n|-supereffective|p2a: Rillaboom\n|-damage|p2a: Rillaboom|47\/100\n|-damage|p2b: Tornadus|54\/100\n|-status|p2a: Rillaboom|brn\n|move|p2b: Tornadus|Bleakwind Storm|p1b: Iron Moth|[spread] \n|-activate|p1a: Torterra|move: Wide Guard\n|-activate|p1b: Iron Moth|move: Wide Guard\n|move|p2a: Rillaboom|U-turn|p1a: Torterra\n|-supereffective|p1a: Torterra\n|-damage|p1a: Torterra|74\/100\n|inactive|Chad Tankers has 120 seconds left.\n|\n|t:|1696871463\n|switch|p2a: Palafin|Palafin, F, shiny|100\/100|[from] U-turn\n|\n|-heal|p1b: Iron Moth|29\/100|[from] Grassy Terrain\n|-heal|p1a: Torterra|80\/100|[from] Grassy Terrain\n|upkeep\n|turn|5\n|\n|t:|1696871492\n|move|p1a: Torterra|Wide Guard|p1a: Torterra\n|-singleturn|p1a: Torterra|Wide Guard\n|move|p2b: Tornadus|Tailwind|p2b: Tornadus\n|-sidestart|p2: Chad Tankers|move: Tailwind\n|move|p2a: Palafin|Jet Punch|p1b: Iron Moth\n|-supereffective|p1b: Iron Moth\n|-damage|p1b: Iron Moth|0 fnt\n|faint|p1b: Iron Moth\n|-end|p1b: Iron Moth|Quark Drive|[silent]\n|\n|-heal|p1a: Torterra|86\/100|[from] Grassy Terrain\n|upkeep\n|inactive|Red_Ice_Games has 120 seconds left.\n|\n|t:|1696871504\n|switch|p1b: Lilligant|Lilligant-Hisui, F|100\/100\n|turn|6\n|inactive|Red_Ice_Games has 120 seconds left.\n|inactive|Chad Tankers has 120 seconds left.\n|\n|t:|1696871539\n|detailschange|p2a: Palafin|Palafin-Hero, F, shiny\n|switch|p2a: Zamazenta|Zamazenta|100\/100\n|-ability|p2a: Zamazenta|Dauntless Shield|boost\n|-boost|p2a: Zamazenta|def|1\n|move|p2b: Tornadus|Bleakwind Storm|p1b: Lilligant|[spread] \n|-miss|p2b: Tornadus|p1a: Torterra\n|-miss|p2b: Tornadus|p1b: Lilligant\n|move|p1b: Lilligant|Leaf Blade|p2a: Zamazenta\n|-damage|p2a: Zamazenta|77\/100\n|move|p1a: Torterra|Shell Smash|p1a: Torterra\n|-unboost|p1a: Torterra|def|1\n|-unboost|p1a: Torterra|spd|1\n|-boost|p1a: Torterra|atk|2\n|-boost|p1a: Torterra|spa|2\n|-boost|p1a: Torterra|spe|2\n|-enditem|p1a: Torterra|White Herb\n|-clearnegativeboost|p1a: Torterra|[silent]\n|\n|-heal|p2a: Zamazenta|83\/100|[from] Grassy Terrain\n|-heal|p1a: Torterra|92\/100|[from] Grassy Terrain\n|-fieldend|move: Grassy Terrain\n|upkeep\n|turn|7\n|inactive|Chad Tankers has 120 seconds left.\n|c|\u2606Red_Ice_Games|Nice\n|\n|t:|1696871569\n|move|p1a: Torterra|Wide Guard|p1a: Torterra\n|-singleturn|p1a: Torterra|Wide Guard\n|move|p2a: Zamazenta|Body Press|p1b: Lilligant\n|-damage|p1b: Lilligant|18\/100\n|move|p2b: Tornadus|Bleakwind Storm|p1b: Lilligant|[spread] \n|-activate|p1a: Torterra|move: Wide Guard\n|-activate|p1b: Lilligant|move: Wide Guard\n|move|p1b: Lilligant|Victory Dance|p1b: Lilligant\n|-boost|p1b: Lilligant|atk|1\n|-boost|p1b: Lilligant|def|1\n|-boost|p1b: Lilligant|spe|1\n|\n|upkeep\n|turn|8\n|inactive|Chad Tankers has 120 seconds left.\n|\n|t:|1696871593\n|move|p2b: Tornadus|Protect|p2b: Tornadus\n|-singleturn|p2b: Tornadus|Protect\n|move|p2a: Zamazenta|Body Press|p1b: Lilligant\n|-damage|p1b: Lilligant|0 fnt\n|faint|p1b: Lilligant\n|move|p1a: Torterra|Rock Slide|p2a: Zamazenta|[spread] p2a\n|-activate|p2b: Tornadus|move: Protect\n|-resisted|p2a: Zamazenta\n|-damage|p2a: Zamazenta|75\/100\n|\n|-sideend|p2: Chad Tankers|move: Tailwind\n|upkeep\n|\n|t:|1696871596\n|switch|p1b: Dragapult|Dragapult, F|100\/100\n|turn|9\n|\n|t:|1696871625\n|switch|p2b: Rillaboom|Rillaboom, F|47\/100 brn\n|-fieldstart|move: Grassy Terrain|[from] ability: Grassy Surge|[of] p2b: Rillaboom\n|-terastallize|p2a: Zamazenta|Fairy\n|move|p1a: Torterra|Shell Smash|p1a: Torterra\n|-unboost|p1a: Torterra|def|1\n|-unboost|p1a: Torterra|spd|1\n|-boost|p1a: Torterra|atk|2\n|-boost|p1a: Torterra|spa|2\n|-boost|p1a: Torterra|spe|2\n|move|p1b: Dragapult|Dragon Dance|p1b: Dragapult\n|-boost|p1b: Dragapult|atk|1\n|-boost|p1b: Dragapult|spe|1\n|move|p2a: Zamazenta|Play Rough|p1b: Dragapult\n|-supereffective|p1b: Dragapult\n|-damage|p1b: Dragapult|8\/100\n|\n|-heal|p1a: Torterra|98\/100|[from] Grassy Terrain\n|-heal|p1b: Dragapult|14\/100|[from] Grassy Terrain\n|-heal|p2a: Zamazenta|81\/100|[from] Grassy Terrain\n|-heal|p2b: Rillaboom|53\/100 brn|[from] Grassy Terrain\n|-damage|p2b: Rillaboom|47\/100 brn|[from] brn\n|upkeep\n|turn|10\n|\n|t:|1696871653\n|move|p2b: Rillaboom|Grassy Glide|p1b: Dragapult\n|-resisted|p1b: Dragapult\n|-crit|p1b: Dragapult\n|-damage|p1b: Dragapult|0 fnt\n|faint|p1b: Dragapult\n|move|p1a: Torterra|Rock Slide|p2b: Rillaboom|[spread] p2a,p2b\n|-damage|p2a: Zamazenta|57\/100\n|-damage|p2b: Rillaboom|0 fnt\n|faint|p2b: Rillaboom\n|move|p2a: Zamazenta|Body Press|p1a: Torterra\n|-damage|p1a: Torterra|24\/100\n|\n|-heal|p1a: Torterra|30\/100|[from] Grassy Terrain\n|-heal|p2a: Zamazenta|63\/100|[from] Grassy Terrain\n|upkeep\n|inactive|Chad Tankers has 120 seconds left.\n|\n|t:|1696871669\n|switch|p2b: Houndoom|Houndoom-Mega, F|100\/100\n|turn|11\n|\n|t:|1696871679\n|move|p2a: Zamazenta|Wide Guard|p2a: Zamazenta\n|-singleturn|p2a: Zamazenta|Wide Guard\n|move|p1a: Torterra|Rock Slide|p2a: Zamazenta|[spread] \n|-activate|p2a: Zamazenta|move: Wide Guard\n|-activate|p2b: Houndoom|move: Wide Guard\n|move|p2b: Houndoom|Dark Pulse|p1a: Torterra\n|-damage|p1a: Torterra|0 fnt\n|faint|p1a: Torterra\n|\n|win|Chad Tankers\n|raw|Red_Ice_Games's rating: 1241 &rarr; <strong>1231<\/strong><br \/>(-10 for losing)\n|raw|Chad Tankers's rating: 1485 &rarr; <strong>1493<\/strong><br \/>(+8 for winning)\n|l|\u2606Red_Ice_Games\n|c|\u2606Chad Tankers|Ggs\n","uploadtime":1696871938,"views":3,"p1id":"redicegames","p2id":"chadtankers","formatid":"gen9nationaldexdoubles","rating":1231,"private":0,"password":""}