{"id":"gen9nationaldexdoubles-1988257668","p1":"yaspistols","p2":"avgtimmy","format":"[Gen 9] National Dex Doubles","log":"|j|\u2606yaspistols\n|j|\u2606avgtimmy\n|t:|1699696073\n|gametype|doubles\n|player|p1|yaspistols|giovanni|1099\n|player|p2|avgtimmy|acetrainer|1377\n|teamsize|p1|6\n|teamsize|p2|6\n|gen|9\n|tier|[Gen 9] National Dex Doubles\n|rated|\n|rule|HP Percentage Mod: HP is shown in percentages\n|rule|Endless Battle Clause: Forcing endless battles is banned\n|rule|OHKO Clause: OHKO moves are banned\n|rule|Evasion Moves Clause: Evasion moves are banned\n|rule|Evasion Abilities Clause: Evasion abilities are banned\n|rule|Species Clause: Limit one of each Pok\u00e9mon\n|rule|Gravity Sleep Clause: The combination of sleep-inducing moves with imperfect accuracy and Gravity or Gigantamax Orbeetle are banned\n|clearpoke\n|poke|p1|Comfey, F|\n|poke|p1|Primarina, F|\n|poke|p1|Metagross|\n|poke|p1|Rillaboom, F|\n|poke|p1|Camerupt, F|\n|poke|p1|Smeargle, F|\n|poke|p2|Tapu Fini|\n|poke|p2|Metagross|\n|poke|p2|Rillaboom, F|\n|poke|p2|Zygarde|\n|poke|p2|Incineroar, F|\n|poke|p2|Tornadus, M|\n|teampreview\n|inactive|Battle timer is ON: inactive players will automatically lose when time's up. (requested by yaspistols)\n|inactive|avgtimmy also wants the timer to be on.\n|\n|t:|1699696094\n|start\n|switch|p1a: Comfey|Comfey, F, shiny|100\/100\n|switch|p1b: Primarina|Primarina, F, shiny|100\/100\n|switch|p2a: Incineroar|Incineroar, F, shiny|100\/100\n|switch|p2b: Tornadus|Tornadus, M|100\/100\n|-ability|p2a: Incineroar|Intimidate|boost\n|-unboost|p1a: Comfey|atk|1\n|-unboost|p1b: Primarina|atk|1\n|turn|1\n|\n|t:|1699696114\n|move|p2a: Incineroar|Fake Out|p1b: Primarina\n|-damage|p1b: Primarina|88\/100\n|move|p2b: Tornadus|Bleakwind Storm|p1b: Primarina|[spread] p1a,p1b\n|-damage|p1a: Comfey|47\/100\n|-damage|p1b: Primarina|45\/100\n|-unboost|p1b: Primarina|spe|1\n|cant|p1b: Primarina|flinch\n|move|p1a: Comfey|Trick Room|p1a: Comfey\n|-fieldstart|move: Trick Room|[of] p1a: Comfey\n|\n|upkeep\n|turn|2\n|\n|t:|1699696133\n|switch|p2a: Rillaboom|Rillaboom, F|100\/100\n|-fieldstart|move: Grassy Terrain|[from] ability: Grassy Surge|[of] p2a: Rillaboom\n|switch|p2b: Tapu Fini|Tapu Fini|100\/100\n|-fieldstart|move: Misty Terrain|[from] ability: Misty Surge|[of] p2b: Tapu Fini\n|move|p1a: Comfey|Giga Drain|p1b: Primarina\n|-supereffective|p1b: Primarina\n|-damage|p1b: Primarina|28\/100\n|-heal|p1a: Comfey|58\/100|[from] drain|[of] p1b: Primarina\n|-enditem|p1b: Primarina|Weakness Policy\n|-boost|p1b: Primarina|atk|2|[from] item: Weakness Policy\n|-boost|p1b: Primarina|spa|2|[from] item: Weakness Policy\n|move|p1b: Primarina|Hyper Voice|p2b: Tapu Fini|[spread] p2a,p2b\n|-resisted|p2a: Rillaboom\n|-resisted|p2b: Tapu Fini\n|-damage|p2a: Rillaboom|72\/100\n|-damage|p2b: Tapu Fini|65\/100\n|\n|upkeep\n|turn|3\n|\n|t:|1699696152\n|-terastallize|p1b: Primarina|Ghost\n|move|p1a: Comfey|Floral Healing|p1b: Primarina\n|-heal|p1b: Primarina|78\/100\n|move|p1b: Primarina|Moonblast|p2b: Tapu Fini\n|-damage|p2b: Tapu Fini|0 fnt\n|faint|p2b: Tapu Fini\n|move|p2a: Rillaboom|Grassy Glide|p1b: Primarina\n|-damage|p1b: Primarina|38\/100\n|\n|upkeep\n|inactive|avgtimmy has 120 seconds left.\n|\n|t:|1699696184\n|switch|p2b: Incineroar|Incineroar, F, shiny|100\/100\n|-ability|p2b: Incineroar|Intimidate|boost\n|-unboost|p1a: Comfey|atk|1\n|-unboost|p1b: Primarina|atk|1\n|turn|4\n|\n|t:|1699696192\n|move|p2b: Incineroar|Fake Out|p1a: Comfey\n|-damage|p1a: Comfey|47\/100\n|move|p1a: Comfey|Floral Healing|p1b: Primarina\n|-heal|p1b: Primarina|88\/100\n|move|p1b: Primarina|Ice Beam|p2a: Rillaboom\n|-supereffective|p2a: Rillaboom\n|-damage|p2a: Rillaboom|0 fnt\n|faint|p2a: Rillaboom\n|\n|upkeep\n|inactive|avgtimmy has 120 seconds left.\n|\n|t:|1699696213\n|switch|p2a: Metagross|Metagross, shiny|100\/100\n|turn|5\n|\n|t:|1699696225\n|detailschange|p2a: Metagross|Metagross-Mega, shiny\n|-mega|p2a: Metagross|Metagross|Metagrossite\n|move|p1a: Comfey|Ally Switch|p1a: Comfey\n|swap|p1a: Comfey|1|[from] move: Ally Switch\n|move|p2a: Metagross|Bullet Punch|p1a: Primarina\n|-damage|p1a: Primarina|56\/100\n|move|p1a: Primarina|Hyper Voice|p2a: Metagross|[spread] p2a,p2b\n|-supereffective|p2b: Incineroar\n|-damage|p2a: Metagross|19\/100\n|-damage|p2b: Incineroar|0 fnt\n|faint|p2b: Incineroar\n|\n|-fieldend|move: Trick Room\n|upkeep\n|\n|t:|1699696237\n|switch|p2b: Tornadus|Tornadus, M|100\/100\n|turn|6\n|\n|t:|1699696242\n|move|p2b: Tornadus|Taunt|p1b: Comfey\n|-start|p1b: Comfey|move: Taunt\n|move|p2a: Metagross|Steel Roller|p1a: Primarina\n|-damage|p1a: Primarina|0 fnt\n|-fieldend|Misty Terrain\n|faint|p1a: Primarina\n|cant|p1b: Comfey|move: Taunt|Trick Room\n|\n|upkeep\n|\n|t:|1699696262\n|switch|p1a: Camerupt|Camerupt, F, shiny|100\/100\n|turn|7\n|\n|t:|1699696289\n|switch|p1b: Metagross|Metagross, shiny|100\/100\n|move|p2a: Metagross|Bullet Punch|p1b: Metagross\n|-resisted|p1b: Metagross\n|-damage|p1b: Metagross|90\/100\n|move|p2b: Tornadus|Bleakwind Storm|p1b: Metagross|[spread] p1a,p1b\n|-resisted|p1b: Metagross\n|-damage|p1a: Camerupt|35\/100\n|-damage|p1b: Metagross|73\/100\n|move|p1a: Camerupt|Heat Wave|p2b: Tornadus|[spread] p2a,p2b\n|-supereffective|p2a: Metagross\n|-damage|p2a: Metagross|0 fnt\n|-damage|p2b: Tornadus|49\/100\n|faint|p2a: Metagross\n|\n|upkeep\n|inactive|avgtimmy has 120 seconds left.\n|\n|t:|1699696299\n|switch|p2a: Zygarde|Zygarde, shiny|100\/100\n|-ability|p2a: Zygarde|Aura Break\n|turn|8\n|inactive|avgtimmy has 120 seconds left.\n|\n|t:|1699696337\n|switch|p1b: Comfey|Comfey, F, shiny|47\/100\n|switch|p1a: Rillaboom|Rillaboom, F, shiny|100\/100\n|-fieldstart|move: Grassy Terrain|[from] ability: Grassy Surge|[of] p1a: Rillaboom\n|-terastallize|p2a: Zygarde|Poison\n|move|p2b: Tornadus|Protect|p2b: Tornadus\n|-singleturn|p2b: Tornadus|Protect\n|move|p2a: Zygarde|Dragon Dance|p2a: Zygarde\n|-boost|p2a: Zygarde|atk|1\n|-boost|p2a: Zygarde|spe|1\n|\n|-heal|p1b: Comfey|54\/100|[from] Grassy Terrain\n|upkeep\n|turn|9\n|inactive|avgtimmy has 120 seconds left.\n|\n|t:|1699696360\n|move|p1a: Rillaboom|Fake Out|p2b: Tornadus\n|-damage|p2b: Tornadus|31\/100\n|move|p2a: Zygarde|Thousand Arrows|p1b: Comfey|[spread] p1a,p1b\n|-resisted|p1a: Rillaboom\n|-damage|p1a: Rillaboom|75\/100\n|-damage|p1b: Comfey|11\/100\n|cant|p2b: Tornadus|flinch\n|move|p1b: Comfey|Trick Room|p1b: Comfey\n|-fieldstart|move: Trick Room|[of] p1b: Comfey\n|\n|-heal|p1a: Rillaboom|82\/100|[from] Grassy Terrain\n|-heal|p1b: Comfey|17\/100|[from] Grassy Terrain\n|upkeep\n|turn|10\n|\n|t:|1699696375\n|switch|p1b: Camerupt|Camerupt, F, shiny|35\/100\n|move|p2b: Tornadus|Protect|p2b: Tornadus\n|-singleturn|p2b: Tornadus|Protect\n|move|p2a: Zygarde|Protect|p2a: Zygarde\n|-singleturn|p2a: Zygarde|Protect\n|move|p1a: Rillaboom|Wood Hammer|p2b: Tornadus\n|-activate|p2b: Tornadus|move: Protect\n|\n|-heal|p1b: Camerupt|41\/100|[from] Grassy Terrain\n|-heal|p1a: Rillaboom|88\/100|[from] Grassy Terrain\n|upkeep\n|turn|11\n|\n|t:|1699696392\n|move|p1b: Camerupt|Earth Power|p2a: Zygarde\n|-supereffective|p2a: Zygarde\n|-damage|p2a: Zygarde|15\/100\n|move|p1a: Rillaboom|Wood Hammer|p2b: Tornadus\n|-resisted|p2b: Tornadus\n|-crit|p2b: Tornadus\n|-damage|p2b: Tornadus|0 fnt\n|faint|p2b: Tornadus\n|-damage|p1a: Rillaboom|78\/100|[from] Recoil\n|move|p2a: Zygarde|Thousand Arrows|p1b: Camerupt|[spread] p1a,p1b\n|-resisted|p1a: Rillaboom\n|-supereffective|p1b: Camerupt\n|-damage|p1a: Rillaboom|53\/100\n|-damage|p1b: Camerupt|0 fnt\n|faint|p1b: Camerupt\n|\n|-heal|p1a: Rillaboom|59\/100|[from] Grassy Terrain\n|-heal|p2a: Zygarde|21\/100|[from] Grassy Terrain\n|-heal|p2a: Zygarde|27\/100|[from] item: Leftovers\n|upkeep\n|\n|t:|1699696396\n|switch|p1b: Metagross|Metagross, shiny|73\/100\n|turn|12\n|\n|t:|1699696403\n|move|p2a: Zygarde|Protect|p2a: Zygarde\n|-singleturn|p2a: Zygarde|Protect\n|move|p1b: Metagross|Zen Headbutt|p2a: Zygarde\n|-activate|p2a: Zygarde|move: Protect\n|move|p1a: Rillaboom|Wood Hammer|p2a: Zygarde\n|-activate|p2a: Zygarde|move: Protect\n|\n|-heal|p1b: Metagross|79\/100|[from] Grassy Terrain\n|-heal|p1a: Rillaboom|65\/100|[from] Grassy Terrain\n|-heal|p2a: Zygarde|33\/100|[from] Grassy Terrain\n|-heal|p2a: Zygarde|39\/100|[from] item: Leftovers\n|-fieldend|move: Grassy Terrain\n|upkeep\n|turn|13\n|\n|t:|1699696412\n|switch|p1a: Smeargle|Smeargle, F|100\/100\n|move|p2a: Zygarde|Protect|p2a: Zygarde\n|-singleturn|p2a: Zygarde|Protect\n|move|p1b: Metagross|Zen Headbutt|p2a: Zygarde\n|-activate|p2a: Zygarde|move: Protect\n|\n|-heal|p2a: Zygarde|46\/100|[from] item: Leftovers\n|-fieldend|move: Trick Room\n|upkeep\n|turn|14\n|\n|t:|1699696431\n|switch|p1b: Rillaboom|Rillaboom, F, shiny|65\/100\n|-fieldstart|move: Grassy Terrain|[from] ability: Grassy Surge|[of] p1b: Rillaboom\n|move|p2a: Zygarde|Thousand Arrows|p1a: Smeargle|[spread] p1a,p1b\n|-resisted|p1b: Rillaboom\n|-enditem|p1a: Smeargle|Focus Sash\n|-damage|p1a: Smeargle|1\/100\n|-damage|p1b: Rillaboom|41\/100\n|move|p1a: Smeargle|Transform|p2a: Zygarde\n|-transform|p1a: Smeargle|p2a: Zygarde\n|-ability|p1a: Smeargle|Aura Break\n|\n|-heal|p2a: Zygarde|52\/100|[from] Grassy Terrain\n|-heal|p1a: Smeargle|7\/100|[from] Grassy Terrain\n|-heal|p2a: Zygarde|58\/100|[from] item: Leftovers\n|-heal|p1b: Rillaboom|47\/100|[from] Grassy Terrain\n|upkeep\n|-start|p1a: Smeargle|typechange|Dragon\/Ground|[silent]\n|turn|15\n|\n|t:|1699696446\n|move|p2a: Zygarde|Protect|p2a: Zygarde\n|-singleturn|p2a: Zygarde|Protect\n|move|p1b: Rillaboom|Fake Out|p2a: Zygarde\n|-activate|p2a: Zygarde|move: Protect\n|move|p1a: Smeargle|Dragon Dance|p1a: Smeargle\n|-boost|p1a: Smeargle|atk|1\n|-boost|p1a: Smeargle|spe|1\n|\n|-heal|p1a: Smeargle|13\/100|[from] Grassy Terrain\n|-heal|p2a: Zygarde|64\/100|[from] Grassy Terrain\n|-heal|p2a: Zygarde|70\/100|[from] item: Leftovers\n|-heal|p1b: Rillaboom|54\/100|[from] Grassy Terrain\n|upkeep\n|turn|16\n|\n|t:|1699696454\n|move|p1b: Rillaboom|Grassy Glide|p2a: Zygarde\n|-resisted|p2a: Zygarde\n|-damage|p2a: Zygarde|50\/100\n|move|p1a: Smeargle|Thousand Arrows|p2a: Zygarde\n|-supereffective|p2a: Zygarde\n|-damage|p2a: Zygarde|0 fnt\n|faint|p2a: Zygarde\n|\n|win|yaspistols\n|raw|yaspistols's rating: 1099 &rarr; <strong>1141<\/strong><br \/>(+42 for winning)\n|raw|avgtimmy's rating: 1377 &rarr; <strong>1344<\/strong><br \/>(-33 for losing)\n|l|\u2606avgtimmy\n","uploadtime":1699696462,"views":12,"p1id":"yaspistols","p2id":"avgtimmy","formatid":"gen9nationaldexdoubles","rating":1141,"private":0,"password":""}