{"id":"gen9nationaldexdoubles-1972410856","p1":"Elpelaomelapela","p2":"DT123098","format":"[Gen 9] National Dex Doubles","log":"|j|\u2606Elpelaomelapela\n|j|\u2606DT123098\n|t:|1697839856\n|gametype|doubles\n|player|p1|Elpelaomelapela|lucas|\n|player|p2|DT123098|169|\n|teamsize|p1|6\n|teamsize|p2|6\n|gen|9\n|tier|[Gen 9] National Dex Doubles\n|rule|HP Percentage Mod: HP is shown in percentages\n|rule|Endless Battle Clause: Forcing endless battles is banned\n|rule|OHKO Clause: OHKO moves are banned\n|rule|Evasion Moves Clause: Evasion moves are banned\n|rule|Evasion Abilities Clause: Evasion abilities are banned\n|rule|Species Clause: Limit one of each Pok\u00e9mon\n|rule|Gravity Sleep Clause: The combination of sleep-inducing moves with imperfect accuracy and Gravity or Gigantamax Orbeetle are banned\n|clearpoke\n|poke|p1|Gholdengo|\n|poke|p1|Audino, F|\n|poke|p1|Rillaboom, F|\n|poke|p1|Cloyster, M|\n|poke|p1|Aerodactyl, F|\n|poke|p1|Amoonguss, M|\n|poke|p2|Blaziken, F|\n|poke|p2|Rotom-Wash|\n|poke|p2|Pachirisu, M|\n|poke|p2|Gyarados, M|\n|poke|p2|Lycanroc-Dusk, F|\n|poke|p2|Serperior, F|\n|teampreview\n|j| noober_02\n|\n|t:|1697839880\n|start\n|switch|p1a: Amoonguss|Amoonguss, M|100\/100\n|switch|p1b: Audino|Audino, F, shiny|100\/100\n|switch|p2a: Lycanroc|Lycanroc-Dusk, F, shiny|100\/100\n|switch|p2b: Gyarados|Gyarados, M|100\/100\n|-ability|p2b: Gyarados|Intimidate|boost\n|-unboost|p1a: Amoonguss|atk|1\n|-unboost|p1b: Audino|atk|1\n|turn|1\n|\n|t:|1697839903\n|switch|p2b: Matame|Pachirisu, M|100\/100\n|move|p1b: Audino|Protect|p1b: Audino\n|-singleturn|p1b: Audino|Protect\n|move|p2a: Lycanroc|Close Combat|p1b: Audino\n|-activate|p1b: Audino|move: Protect\n|move|p1a: Amoonguss|Toxic|p2b: Matame\n|-status|p2b: Matame|tox\n|\n|-damage|p2b: Matame|94\/100 tox|[from] psn\n|upkeep\n|turn|2\n|\n|t:|1697839927\n|move|p2a: Lycanroc|Close Combat|p1b: Audino\n|-supereffective|p1b: Audino\n|-damage|p1b: Audino|21\/100\n|-unboost|p2a: Lycanroc|def|1\n|-unboost|p2a: Lycanroc|spd|1\n|move|p2b: Matame|Nuzzle|p1a: Amoonguss\n|-resisted|p1a: Amoonguss\n|-damage|p1a: Amoonguss|99\/100\n|-status|p1a: Amoonguss|par\n|move|p1a: Amoonguss|Giga Drain|p2a: Lycanroc\n|-supereffective|p2a: Lycanroc\n|-enditem|p2a: Lycanroc|Focus Sash\n|-damage|p2a: Lycanroc|1\/100\n|-heal|p1a: Amoonguss|100\/100 par|[from] drain|[of] p2a: Lycanroc\n|move|p1b: Audino|Trick Room|p1b: Audino\n|-fieldstart|move: Trick Room|[of] p1b: Audino\n|\n|-heal|p1b: Audino|28\/100|[from] item: Leftovers\n|-damage|p2b: Matame|82\/100 tox|[from] psn\n|upkeep\n|turn|3\n|l| noober_02\n|\n|t:|1697839955\n|switch|p1b: Cloyster|Cloyster, M|100\/100\n|move|p2a: Lycanroc|Accelerock|p1b: Cloyster\n|-supereffective|p1b: Cloyster\n|-damage|p1b: Cloyster|68\/100\n|cant|p1a: Amoonguss|par\n|move|p2b: Matame|Super Fang|p1a: Amoonguss\n|-damage|p1a: Amoonguss|50\/100 par\n|\n|-heal|p1a: Amoonguss|57\/100 par|[from] item: Leftovers\n|-damage|p2b: Matame|64\/100 tox|[from] psn\n|upkeep\n|turn|4\n|\n|t:|1697839979\n|-terastallize|p1b: Cloyster|Water\n|move|p2b: Matame|Follow Me|p2b: Matame\n|-singleturn|p2b: Matame|move: Follow Me\n|move|p1a: Amoonguss|Giga Drain|p2b: Matame\n|-damage|p2b: Matame|32\/100 tox\n|-heal|p1a: Amoonguss|66\/100 par|[from] drain|[of] p2b: Matame\n|move|p1b: Cloyster|Icicle Spear|p2b: Matame\n|-damage|p2b: Matame|21\/100 tox\n|-damage|p2b: Matame|9\/100 tox\n|-hitcount|p2b: Matame|2\n|move|p2a: Lycanroc|Close Combat|p1b: Cloyster\n|-damage|p1b: Cloyster|35\/100\n|-unboost|p2a: Lycanroc|def|1\n|-unboost|p2a: Lycanroc|spd|1\n|\n|-heal|p1a: Amoonguss|73\/100 par|[from] item: Leftovers\n|-damage|p2b: Matame|0 fnt|[from] psn\n|faint|p2b: Matame\n|upkeep\n|\n|t:|1697840000\n|switch|p2b: Serperior|Serperior, F, shiny|100\/100\n|turn|5\n|\n|t:|1697840010\n|switch|p1b: Audino|Audino, F, shiny|28\/100\n|move|p1a: Amoonguss|Toxic|p2b: Serperior\n|-status|p2b: Serperior|tox\n|move|p2a: Lycanroc|Stealth Rock|p1a: Amoonguss\n|-sidestart|p1: Elpelaomelapela|move: Stealth Rock\n|move|p2b: Serperior|Leaf Storm|p1b: Audino\n|-damage|p1b: Audino|0 fnt\n|-boost|p2b: Serperior|spa|2\n|faint|p1b: Audino\n|-damage|p2b: Serperior|91\/100 tox|[from] item: Life Orb\n|\n|-heal|p1a: Amoonguss|79\/100 par|[from] item: Leftovers\n|-damage|p2b: Serperior|84\/100 tox|[from] psn\n|upkeep\n|\n|t:|1697840030\n|switch|p1b: Rillaboom|Rillaboom, F|100\/100\n|-damage|p1b: Rillaboom|88\/100|[from] Stealth Rock\n|-fieldstart|move: Grassy Terrain|[from] ability: Grassy Surge|[of] p1b: Rillaboom\n|turn|6\n|\n|t:|1697840052\n|move|p1a: Amoonguss|Giga Drain|p2a: Lycanroc\n|-supereffective|p2a: Lycanroc\n|-damage|p2a: Lycanroc|0 fnt\n|-heal|p1a: Amoonguss|79\/100 par|[from] drain|[of] p2a: Lycanroc\n|faint|p2a: Lycanroc\n|move|p1b: Rillaboom|U-turn|p2b: Serperior\n|-supereffective|p2b: Serperior\n|-damage|p2b: Serperior|31\/100 tox\n|\n|t:|1697840061\n|switch|p1b: Cloyster|Cloyster, M, tera:Water|35\/100|[from] U-turn\n|-damage|p1b: Cloyster|23\/100|[from] Stealth Rock\n|move|p2b: Serperior|Leaf Storm|p1b: Cloyster\n|-supereffective|p1b: Cloyster\n|-damage|p1b: Cloyster|0 fnt\n|-boost|p2b: Serperior|spa|2\n|faint|p1b: Cloyster\n|-damage|p2b: Serperior|21\/100 tox|[from] item: Life Orb\n|\n|-heal|p1a: Amoonguss|85\/100 par|[from] Grassy Terrain\n|-heal|p1a: Amoonguss|92\/100 par|[from] item: Leftovers\n|-heal|p2b: Serperior|27\/100 tox|[from] Grassy Terrain\n|-damage|p2b: Serperior|15\/100 tox|[from] psn\n|-fieldend|move: Trick Room\n|upkeep\n|\n|t:|1697840085\n|switch|p2a: Gyarados|Gyarados, M|100\/100\n|switch|p1b: Aerodactyl|Aerodactyl, F|100\/100\n|-ability|p1b: Aerodactyl|Unnerve\n|-damage|p1b: Aerodactyl|76\/100|[from] Stealth Rock\n|-ability|p2a: Gyarados|Intimidate|boost\n|-unboost|p1a: Amoonguss|atk|1\n|-unboost|p1b: Aerodactyl|atk|1\n|turn|7\n|\n|t:|1697840100\n|detailschange|p1b: Aerodactyl|Aerodactyl-Mega, F\n|-mega|p1b: Aerodactyl|Aerodactyl|Aerodactylite\n|move|p1b: Aerodactyl|Aerial Ace|p2b: Serperior\n|-supereffective|p2b: Serperior\n|-damage|p2b: Serperior|0 fnt\n|faint|p2b: Serperior\n|move|p2a: Gyarados|Aqua Tail|p1b: Aerodactyl\n|-supereffective|p1b: Aerodactyl\n|-damage|p1b: Aerodactyl|0 fnt\n|faint|p1b: Aerodactyl\n|move|p1a: Amoonguss|Toxic|p2a: Gyarados\n|-status|p2a: Gyarados|tox\n|\n|-heal|p1a: Amoonguss|98\/100 par|[from] Grassy Terrain\n|-heal|p1a: Amoonguss|100\/100 par|[from] item: Leftovers\n|-damage|p2a: Gyarados|94\/100 tox|[from] psn\n|upkeep\n|\n|t:|1697840123\n|switch|p1b: Rillaboom|Rillaboom, F|88\/100\n|switch|p2b: Blaziken|Blaziken, F, shiny|100\/100\n|-damage|p1b: Rillaboom|76\/100|[from] Stealth Rock\n|turn|8\n|\n|t:|1697840138\n|move|p2b: Blaziken|Protect|p2b: Blaziken\n|-singleturn|p2b: Blaziken|Protect\n|move|p2a: Gyarados|Ice Fang|p1b: Rillaboom\n|-supereffective|p1b: Rillaboom\n|-damage|p1b: Rillaboom|42\/100\n|move|p1b: Rillaboom|Earthquake|p2a: Gyarados|[spread] p1a\n|-activate|p2b: Blaziken|move: Protect\n|-immune|p2a: Gyarados\n|-damage|p1a: Amoonguss|87\/100 par\n|move|p1a: Amoonguss|Spore|p2b: Blaziken\n|-activate|p2b: Blaziken|move: Protect\n|\n|-heal|p1b: Rillaboom|48\/100|[from] Grassy Terrain\n|-heal|p1b: Rillaboom|54\/100|[from] item: Leftovers\n|-heal|p1a: Amoonguss|94\/100 par|[from] Grassy Terrain\n|-heal|p1a: Amoonguss|99\/100 par|[from] item: Leftovers\n|-damage|p2a: Gyarados|82\/100 tox|[from] psn\n|-ability|p2b: Blaziken|Speed Boost|boost\n|-boost|p2b: Blaziken|spe|1\n|upkeep\n|turn|9\n|\n|t:|1697840166\n|move|p2b: Blaziken|Blaze Kick|p1b: Rillaboom\n|-supereffective|p1b: Rillaboom\n|-damage|p1b: Rillaboom|0 fnt\n|faint|p1b: Rillaboom\n|move|p2a: Gyarados|Ice Fang|p1a: Amoonguss\n|-supereffective|p1a: Amoonguss\n|-damage|p1a: Amoonguss|49\/100 par\n|move|p1a: Amoonguss|Spore|p2b: Blaziken\n|-status|p2b: Blaziken|slp|[from] move: Spore\n|\n|-heal|p1a: Amoonguss|56\/100 par|[from] Grassy Terrain\n|-heal|p1a: Amoonguss|62\/100 par|[from] item: Leftovers\n|-damage|p2a: Gyarados|64\/100 tox|[from] psn\n|-ability|p2b: Blaziken|Speed Boost|boost\n|-boost|p2b: Blaziken|spe|1\n|upkeep\n|\n|t:|1697840182\n|switch|p1b: Gholdengo|Gholdengo|100\/100\n|-damage|p1b: Gholdengo|94\/100|[from] Stealth Rock\n|-item|p1b: Gholdengo|Air Balloon\n|turn|10\n|\n|t:|1697840193\n|detailschange|p2a: Gyarados|Gyarados-Mega, M\n|-mega|p2a: Gyarados|Gyarados|Gyaradosite\n|-ability|p2a: Gyarados|Mold Breaker\n|cant|p2b: Blaziken|slp\n|move|p1b: Gholdengo|Nasty Plot|p1b: Gholdengo\n|-boost|p1b: Gholdengo|spa|2\n|move|p2a: Gyarados|Aqua Tail|p1b: Gholdengo\n|-damage|p1b: Gholdengo|34\/100\n|-enditem|p1b: Gholdengo|Air Balloon\n|move|p1a: Amoonguss|Giga Drain|p2a: Gyarados\n|-supereffective|p2a: Gyarados\n|-damage|p2a: Gyarados|10\/100 tox\n|-heal|p1a: Amoonguss|83\/100 par|[from] drain|[of] p2a: Gyarados\n|\n|-heal|p1b: Gholdengo|40\/100|[from] Grassy Terrain\n|-heal|p2a: Gyarados|16\/100 tox|[from] Grassy Terrain\n|-heal|p1a: Amoonguss|89\/100 par|[from] Grassy Terrain\n|-heal|p1a: Amoonguss|95\/100 par|[from] item: Leftovers\n|-damage|p2a: Gyarados|0 fnt|[from] psn\n|faint|p2a: Gyarados\n|-fieldend|move: Grassy Terrain\n|-ability|p2b: Blaziken|Speed Boost|boost\n|-boost|p2b: Blaziken|spe|1\n|upkeep\n|\n|t:|1697840199\n|switch|p2a: Rotom|Rotom-Wash|100\/100\n|turn|11\n|\n|t:|1697840228\n|-terastallize|p2b: Blaziken|Flying\n|-curestatus|p2b: Blaziken|slp|[msg]\n|move|p2b: Blaziken|Protect|p2b: Blaziken\n|-singleturn|p2b: Blaziken|Protect\n|move|p1b: Gholdengo|Shadow Ball|p2a: Rotom\n|-damage|p2a: Rotom|23\/100\n|move|p2a: Rotom|Light Screen|p2a: Rotom\n|-sidestart|p2: DT123098|move: Light Screen\n|move|p1a: Amoonguss|Toxic|p2b: Blaziken\n|-activate|p2b: Blaziken|move: Protect\n|\n|-heal|p2a: Rotom|29\/100|[from] item: Leftovers\n|-heal|p1a: Amoonguss|100\/100 par|[from] item: Leftovers\n|-ability|p2b: Blaziken|Speed Boost|boost\n|-boost|p2b: Blaziken|spe|1\n|upkeep\n|turn|12\n|\n|t:|1697840252\n|move|p2b: Blaziken|Blaze Kick|p1a: Amoonguss\n|-supereffective|p1a: Amoonguss\n|-damage|p1a: Amoonguss|8\/100 par\n|move|p1b: Gholdengo|Shadow Ball|p2a: Rotom\n|-damage|p2a: Rotom|0 fnt\n|faint|p2a: Rotom\n|cant|p1a: Amoonguss|par\n|\n|-heal|p1a: Amoonguss|15\/100 par|[from] item: Leftovers\n|-ability|p2b: Blaziken|Speed Boost|boost\n|-boost|p2b: Blaziken|spe|1\n|upkeep\n|turn|13\n|\n|t:|1697840272\n|move|p2b: Blaziken|Earthquake|p1b: Gholdengo|[spread] p1a,p1b\n|-supereffective|p1b: Gholdengo\n|-damage|p1a: Amoonguss|0 fnt\n|-damage|p1b: Gholdengo|0 fnt\n|faint|p1a: Amoonguss\n|faint|p1b: Gholdengo\n|\n|win|DT123098\n|l|\u2606Elpelaomelapela\n|l|\u2606DT123098\n|j|\u2606Elpelaomelapela\n|player|p1|Elpelaomelapela|lucas\n","uploadtime":1697840298,"views":4,"p1id":"elpelaomelapela","p2id":"dt123098","formatid":"gen9nationaldexdoubles","rating":0,"private":0,"password":""}