{"id":"gen9nationaldexdoubles-1987143872","p1":"half of one cap","p2":"Profesor Turo","format":"[Gen 9] National Dex Doubles","log":"|j|\u2606half of one cap\n|j|\u2606Profesor Turo\n|t:|1699559701\n|gametype|doubles\n|player|p1|half of one cap|mina|1470\n|player|p2|Profesor Turo|turo-ai|1384\n|teamsize|p1|6\n|teamsize|p2|6\n|gen|9\n|tier|[Gen 9] National Dex Doubles\n|rated|\n|rule|HP Percentage Mod: HP is shown in percentages\n|rule|Endless Battle Clause: Forcing endless battles is banned\n|rule|OHKO Clause: OHKO moves are banned\n|rule|Evasion Moves Clause: Evasion moves are banned\n|rule|Evasion Abilities Clause: Evasion abilities are banned\n|rule|Species Clause: Limit one of each Pok\u00e9mon\n|rule|Gravity Sleep Clause: The combination of sleep-inducing moves with imperfect accuracy and Gravity or Gigantamax Orbeetle are banned\n|clearpoke\n|poke|p1|Lopunny, F|\n|poke|p1|Ferrothorn, M|\n|poke|p1|Raichu-Alola, F|\n|poke|p1|Tapu Koko|\n|poke|p1|Gholdengo|\n|poke|p1|Iron Hands|\n|poke|p2|Chien-Pao|\n|poke|p2|Thundurus-Therian, M|\n|poke|p2|Regieleki|\n|poke|p2|Zeraora|\n|poke|p2|Tapu Koko|\n|poke|p2|Pawmot, M|\n|teampreview\n|inactive|Battle timer is ON: inactive players will automatically lose when time's up. (requested by Profesor Turo)\n|c|\u2606half of one cap|my braincells have been shared\n|c|\u2606half of one cap|glhf\n|inactive|half of one cap has 120 seconds left.\n|\n|t:|1699559735\n|start\n|switch|p1a: Apple Jacks|Gholdengo|100\/100\n|switch|p1b: Kaiju Bunny|Lopunny, F, shiny|100\/100\n|switch|p2a: Gadget|Regieleki|100\/100\n|switch|p2b: Oppenheimer|Zeraora|100\/100\n|turn|1\n|c|\u2606Profesor Turo|Glhf\n|inactive|half of one cap has 120 seconds left.\n|\n|t:|1699559767\n|detailschange|p1b: Kaiju Bunny|Lopunny-Mega, F, shiny\n|-mega|p1b: Kaiju Bunny|Lopunny|Lopunnite\n|move|p2b: Oppenheimer|Fake Out|p1b: Kaiju Bunny\n|-damage|p1b: Kaiju Bunny|80\/100\n|-damage|p2b: Oppenheimer|91\/100|[from] item: Life Orb\n|move|p2a: Gadget|Volt Switch|p1a: Apple Jacks\n|-damage|p1a: Apple Jacks|70\/100\n|\n|t:|1699559772\n|switch|p2a: Demon Core|Tapu Koko|100\/100|[from] Volt Switch\n|-fieldstart|move: Electric Terrain|[from] ability: Electric Surge|[of] p2a: Demon Core\n|cant|p1b: Kaiju Bunny|flinch\n|move|p1a: Apple Jacks|Shadow Ball|p2a: Demon Core\n|-damage|p2a: Demon Core|35\/100\n|\n|upkeep\n|turn|2\n|\n|t:|1699559801\n|move|p2b: Oppenheimer|Plasma Fists|p1b: Kaiju Bunny\n|-damage|p1b: Kaiju Bunny|0 fnt\n|-fieldactivate|move: Ion Deluge\n|-hint|Normal-type moves become Electric-type after using Plasma Fists.\n|faint|p1b: Kaiju Bunny\n|-damage|p2b: Oppenheimer|81\/100|[from] item: Life Orb\n|move|p2a: Demon Core|Discharge|p1a: Apple Jacks|[spread] p1a\n|-heal|p2b: Oppenheimer|100\/100|[from] ability: Volt Absorb|[of] p2a: Demon Core\n|-damage|p1a: Apple Jacks|17\/100\n|move|p1a: Apple Jacks|Shadow Ball|p2b: Oppenheimer\n|-damage|p2b: Oppenheimer|35\/100\n|\n|upkeep\n|inactive|half of one cap has 120 seconds left.\n|\n|t:|1699559817\n|switch|p1b: StormHero|Tapu Koko, shiny|100\/100\n|turn|3\n|\n|t:|1699559826\n|switch|p1a: Thorne|Ferrothorn, M, shiny|100\/100\n|move|p2b: Oppenheimer|Plasma Fists|p1b: StormHero\n|-resisted|p1b: StormHero\n|-damage|p1b: StormHero|42\/100\n|-fieldactivate|move: Ion Deluge\n|-hint|Normal-type moves become Electric-type after using Plasma Fists.\n|-damage|p2b: Oppenheimer|25\/100|[from] item: Life Orb\n|move|p1b: StormHero|Reflect|p1b: StormHero\n|-sidestart|p1: half of one cap|Reflect\n|move|p2a: Demon Core|Discharge|p1a: Thorne|[spread] p1a,p1b\n|-heal|p2b: Oppenheimer|50\/100|[from] ability: Volt Absorb|[of] p2a: Demon Core\n|-resisted|p1a: Thorne\n|-resisted|p1b: StormHero\n|-crit|p1b: StormHero\n|-damage|p1a: Thorne|85\/100\n|-damage|p1b: StormHero|0 fnt\n|faint|p1b: StormHero\n|\n|-heal|p1a: Thorne|92\/100|[from] item: Leftovers\n|upkeep\n|\n|t:|1699559844\n|switch|p1b: Ray|Raichu-Alola, F, shiny|100\/100\n|turn|4\n|\n|t:|1699559852\n|switch|p2b: Medic|Pawmot, M|100\/100\n|move|p1b: Ray|Surf|p2a: Demon Core|[spread] p1a,p2a,p2b\n|-resisted|p1a: Thorne\n|-damage|p1a: Thorne|83\/100\n|-damage|p2a: Demon Core|0 fnt\n|-damage|p2b: Medic|51\/100\n|faint|p2a: Demon Core\n|-damage|p1b: Ray|91\/100|[from] item: Life Orb\n|move|p1a: Thorne|Spikes|p2b: Medic\n|-sidestart|p2: Profesor Turo|Spikes\n|\n|-heal|p1a: Thorne|89\/100|[from] item: Leftovers\n|upkeep\n|\n|t:|1699559858\n|switch|p2a: CP my beloved|Chien-Pao|100\/100\n|-damage|p2a: CP my beloved|88\/100|[from] Spikes\n|-ability|p2a: CP my beloved|Sword of Ruin\n|turn|5\n|\n|t:|1699559874\n|move|p2a: CP my beloved|Sucker Punch|p1b: Ray\n|-supereffective|p1b: Ray\n|-damage|p1b: Ray|0 fnt\n|faint|p1b: Ray\n|move|p2b: Medic|Close Combat|p1a: Thorne\n|-supereffective|p1a: Thorne\n|-damage|p1a: Thorne|3\/100\n|-unboost|p2b: Medic|def|1\n|-unboost|p2b: Medic|spd|1\n|-damage|p2b: Medic|39\/100|[from] ability: Iron Barbs|[of] p1a: Thorne\n|move|p1a: Thorne|Thunder Wave|p2a: CP my beloved\n|-status|p2a: CP my beloved|par\n|\n|-heal|p1a: Thorne|9\/100|[from] item: Leftovers\n|-fieldend|move: Electric Terrain\n|upkeep\n|\n|t:|1699559888\n|switch|p1b: Brian Hands|Iron Hands, shiny|100\/100\n|turn|6\n|\n|t:|1699559898\n|move|p2b: Medic|Close Combat|p1b: Brian Hands\n|-damage|p1b: Brian Hands|63\/100\n|-unboost|p2b: Medic|def|1\n|-unboost|p2b: Medic|spd|1\n|move|p2a: CP my beloved|Sacred Sword|p1a: Thorne\n|-supereffective|p1a: Thorne\n|-damage|p1a: Thorne|0 fnt\n|-damage|p2a: CP my beloved|76\/100 par|[from] ability: Iron Barbs|[of] p1a: Thorne\n|faint|p1a: Thorne\n|move|p1b: Brian Hands|Drain Punch|p2b: Medic\n|-damage|p2b: Medic|0 fnt\n|-heal|p1b: Brian Hands|73\/100|[from] drain|[of] p2b: Medic\n|faint|p2b: Medic\n|\n|upkeep\n|\n|t:|1699559913\n|switch|p2b: Oppenheimer|Zeraora|50\/100\n|switch|p1a: Apple Jacks|Gholdengo|17\/100\n|-damage|p2b: Oppenheimer|38\/100|[from] Spikes\n|turn|7\n|c|\u2606half of one cap|gg\n|-message|half of one cap forfeited.\n|\n|win|Profesor Turo\n|raw|half of one cap's rating: 1470 &rarr; <strong>1445<\/strong><br \/>(-25 for losing)\n|raw|Profesor Turo's rating: 1384 &rarr; <strong>1409<\/strong><br \/>(+25 for winning)\n|l|\u2606half of one cap\n","uploadtime":1699559923,"views":5,"p1id":"halfofonecap","p2id":"profesorturo","formatid":"gen9nationaldexdoubles","rating":1409,"private":0,"password":""}