{"id":"gen9nationaldexdoubles-1967844880","p1":"YoBuddyTheBaker","p2":"GuitarheroVGC","format":"[Gen 9] National Dex Doubles","log":"|j|\u2606YoBuddyTheBaker\n|j|\u2606GuitarheroVGC\n|t:|1697345787\n|gametype|doubles\n|player|p1|YoBuddyTheBaker|baker|\n|player|p2|GuitarheroVGC|kimonogirl|\n|teamsize|p1|6\n|teamsize|p2|6\n|gen|9\n|tier|[Gen 9] National Dex Doubles\n|rated|Tournament battle\n|rule|HP Percentage Mod: HP is shown in percentages\n|rule|Endless Battle Clause: Forcing endless battles is banned\n|rule|OHKO Clause: OHKO moves are banned\n|rule|Evasion Moves Clause: Evasion moves are banned\n|rule|Evasion Abilities Clause: Evasion abilities are banned\n|rule|Species Clause: Limit one of each Pok\u00e9mon\n|rule|Gravity Sleep Clause: The combination of sleep-inducing moves with imperfect accuracy and Gravity or Gigantamax Orbeetle are banned\n|clearpoke\n|poke|p1|Kingambit, M|\n|poke|p1|Marshadow|\n|poke|p1|Zygarde|\n|poke|p1|Volcanion|\n|poke|p1|Whimsicott, M|\n|poke|p1|Zamazenta-*|\n|poke|p2|Marshadow|\n|poke|p2|Diancie|\n|poke|p2|Tapu Fini|\n|poke|p2|Incineroar, F|\n|poke|p2|Scizor, F|\n|poke|p2|Zapdos|\n|teampreview\n|inactive|Battle timer is ON: inactive players will automatically lose when time's up. (requested by GuitarheroVGC)\n|j| Iceberg77\n|c|\u2606GuitarheroVGC|glhf\n|c|\u2606YoBuddyTheBaker|gl\n|inactive|YoBuddyTheBaker has 120 seconds left.\n|\n|t:|1697345838\n|start\n|switch|p1a: Kingambit|Kingambit, M|100\/100\n|switch|p1b: Volcanion|Volcanion|100\/100\n|switch|p2a: Diancie|Diancie|100\/100\n|switch|p2b: Incineroar|Incineroar, F|100\/100\n|-ability|p2b: Incineroar|Intimidate|boost\n|-unboost|p1a: Kingambit|atk|1\n|-ability|p1a: Kingambit|Defiant|boost\n|-boost|p1a: Kingambit|atk|2\n|-unboost|p1b: Volcanion|atk|1\n|turn|1\n|inactive|GuitarheroVGC has 120 seconds left.\n|\n|t:|1697345883\n|-terastallize|p1b: Volcanion|Ground\n|-terastallize|p2a: Diancie|Grass\n|move|p2b: Incineroar|Fake Out|p1a: Kingambit\n|-resisted|p1a: Kingambit\n|-damage|p1a: Kingambit|96\/100\n|move|p1b: Volcanion|Steam Eruption|p2b: Incineroar\n|-supereffective|p2b: Incineroar\n|-damage|p2b: Incineroar|3\/100\n|-enditem|p2b: Incineroar|Sitrus Berry|[eat]\n|-heal|p2b: Incineroar|28\/100|[from] item: Sitrus Berry\n|cant|p1a: Kingambit|flinch\n|move|p2a: Diancie|Trick Room|p2a: Diancie\n|-fieldstart|move: Trick Room|[of] p2a: Diancie\n|\n|upkeep\n|turn|2\n|inactive|YoBuddyTheBaker has 120 seconds left.\n|j| Ekkogandr\n|j| Nido-Rus\n|inactive|YoBuddyTheBaker has 90 seconds left.\n|\n|t:|1697345950\n|move|p1a: Kingambit|Sucker Punch|p2a: Diancie\n|-damage|p2a: Diancie|54\/100\n|move|p2a: Diancie|Diamond Storm|p1b: Volcanion|[spread] p1a,p1b\n|-resisted|p1a: Kingambit\n|-resisted|p1b: Volcanion\n|-damage|p1a: Kingambit|84\/100\n|-damage|p1b: Volcanion|88\/100\n|move|p2b: Incineroar|Flare Blitz|p1a: Kingambit\n|-supereffective|p1a: Kingambit\n|-crit|p1a: Kingambit\n|-damage|p1a: Kingambit|0 fnt\n|faint|p1a: Kingambit\n|-damage|p2b: Incineroar|0 fnt|[from] Recoil\n|faint|p2b: Incineroar\n|move|p1b: Volcanion|Heat Wave|p2a: Diancie\n|-supereffective|p2a: Diancie\n|-damage|p2a: Diancie|0 fnt\n|faint|p2a: Diancie\n|\n|upkeep\n|inactive|YoBuddyTheBaker has 90 seconds left.\n|\n|t:|1697345984\n|switch|p2a: Tapu Fini|Tapu Fini|100\/100\n|switch|p1a: Zygarde|Zygarde|100\/100\n|switch|p2b: Zapdos|Zapdos|100\/100\n|-ability|p1a: Zygarde|Aura Break\n|-fieldstart|move: Misty Terrain|[from] ability: Misty Surge|[of] p2a: Tapu Fini\n|-enditem|p2b: Zapdos|Misty Seed\n|-boost|p2b: Zapdos|spd|1|[from] item: Misty Seed\n|turn|3\n|inactive|YoBuddyTheBaker has 90 seconds left.\n|l| Iceberg77\n|\n|t:|1697346018\n|move|p1b: Volcanion|Steam Eruption|p2b: Zapdos\n|-damage|p2b: Zapdos|66\/100\n|move|p1a: Zygarde|Thousand Arrows|p2a: Tapu Fini|[spread] p2a,p2b\n|-damage|p2a: Tapu Fini|63\/100\n|-damage|p2b: Zapdos|36\/100\n|-start|p2b: Zapdos|Smack Down\n|move|p2b: Zapdos|Hurricane|p1a: Zygarde|[miss]\n|-miss|p2b: Zapdos|p1a: Zygarde\n|move|p2a: Tapu Fini|Icy Wind|p1a: Zygarde|[spread] p1a,p1b\n|-supereffective|p1a: Zygarde\n|-supereffective|p1b: Volcanion\n|-damage|p1a: Zygarde|55\/100\n|-damage|p1b: Volcanion|73\/100\n|-unboost|p1b: Volcanion|spe|1\n|\n|upkeep\n|turn|4\n|inactive|YoBuddyTheBaker has 90 seconds left.\n|j|+Slash Death\n|\n|t:|1697346058\n|move|p1b: Volcanion|Earth Power|p2a: Tapu Fini\n|-damage|p2a: Tapu Fini|13\/100\n|-unboost|p2a: Tapu Fini|spd|1\n|move|p1a: Zygarde|Thousand Arrows|p2a: Tapu Fini|[spread] p2a,p2b\n|-supereffective|p2b: Zapdos\n|-damage|p2a: Tapu Fini|0 fnt\n|-damage|p2b: Zapdos|0 fnt\n|faint|p2a: Tapu Fini\n|faint|p2b: Zapdos\n|\n|upkeep\n|\n|t:|1697346067\n|switch|p2b: Scizor|Scizor, F|100\/100\n|switch|p2a: Marshadow|Marshadow|100\/100\n|turn|5\n|\n|t:|1697346072\n|move|p2b: Scizor|Protect|p2b: Scizor\n|-singleturn|p2b: Scizor|Protect\n|move|p2a: Marshadow|Protect|p2a: Marshadow\n|-singleturn|p2a: Marshadow|Protect\n|move|p1b: Volcanion|Heat Wave|p2b: Scizor|[spread] \n|-activate|p2a: Marshadow|move: Protect\n|-activate|p2b: Scizor|move: Protect\n|move|p1a: Zygarde|Thousand Arrows|p2a: Marshadow|[spread] \n|-activate|p2a: Marshadow|move: Protect\n|-activate|p2b: Scizor|move: Protect\n|\n|-fieldend|move: Trick Room\n|upkeep\n|turn|6\n|l|+Slash Death\n|\n|t:|1697346083\n|detailschange|p2b: Scizor|Scizor-Mega, F\n|-mega|p2b: Scizor|Scizor|Scizorite\n|-zpower|p2a: Marshadow\n|move|p2a: Marshadow|Soul-Stealing 7-Star Strike|p1b: Volcanion|[zeffect]\n|-damage|p1b: Volcanion|0 fnt\n|faint|p1b: Volcanion\n|move|p1a: Zygarde|Thousand Arrows|p2a: Marshadow|[spread] p2a,p2b\n|-damage|p2a: Marshadow|56\/100\n|-damage|p2b: Scizor|78\/100\n|move|p2b: Scizor|Swords Dance|p2b: Scizor\n|-boost|p2b: Scizor|atk|2\n|\n|upkeep\n|\n|t:|1697346097\n|switch|p1b: Whimsicott|Whimsicott, M|100\/100\n|turn|7\n|\n|t:|1697346103\n|move|p2a: Marshadow|Shadow Sneak|p1b: Whimsicott\n|-damage|p1b: Whimsicott|64\/100\n|move|p1b: Whimsicott|Encore|p2b: Scizor\n|-start|p2b: Scizor|Encore\n|move|p2b: Scizor|Swords Dance|p2b: Scizor\n|-boost|p2b: Scizor|atk|2\n|move|p1a: Zygarde|Thousand Arrows|p2a: Marshadow|[spread] p2a,p2b\n|-damage|p2a: Marshadow|16\/100\n|-damage|p2b: Scizor|54\/100\n|\n|-fieldend|Misty Terrain\n|upkeep\n|turn|8\n|\n|t:|1697346117\n|move|p2a: Marshadow|Spectral Thief|p1a: Zygarde\n|-damage|p1a: Zygarde|21\/100\n|move|p1b: Whimsicott|Moonblast|p2a: Marshadow\n|-supereffective|p2a: Marshadow\n|-damage|p2a: Marshadow|0 fnt\n|faint|p2a: Marshadow\n|move|p1a: Zygarde|Thousand Arrows|p2b: Scizor\n|-damage|p2b: Scizor|23\/100\n|move|p2b: Scizor|Swords Dance|p2b: Scizor\n|-boost|p2b: Scizor|atk|2\n|\n|upkeep\n|turn|9\n|\n|t:|1697346125\n|move|p1b: Whimsicott|Moonblast|p2b: Scizor\n|-resisted|p2b: Scizor\n|-damage|p2b: Scizor|10\/100\n|move|p1a: Zygarde|Thousand Arrows|p2b: Scizor\n|-damage|p2b: Scizor|0 fnt\n|faint|p2b: Scizor\n|\n|win|YoBuddyTheBaker\n|n|\u2606YoBuddyTheBaker|yobuddythebaker\n|n|\u2606GuitarheroVGC|guitarherovgc\n|n| Ekkogandr|ekkogandr\n|n| Nido-Rus|nidorus\n","uploadtime":1697346126,"views":10,"p1id":"yobuddythebaker","p2id":"guitarherovgc","formatid":"gen9nationaldexdoubles","rating":0,"private":0,"password":""}