{"id":"gen9nationaldexdoubles-1993598584","p1":"Christikrn 45","p2":"El Ryuk456","format":"[Gen 9] National Dex Doubles","log":"|j|\u2606Christikrn 45\n|j|\u2606El Ryuk456\n|t:|1700335955\n|gametype|doubles\n|player|p1|Christikrn 45|102|1212\n|player|p2|El Ryuk456|ingo|1374\n|teamsize|p1|6\n|teamsize|p2|6\n|gen|9\n|tier|[Gen 9] National Dex Doubles\n|rated|\n|rule|HP Percentage Mod: HP is shown in percentages\n|rule|Endless Battle Clause: Forcing endless battles is banned\n|rule|OHKO Clause: OHKO moves are banned\n|rule|Evasion Moves Clause: Evasion moves are banned\n|rule|Evasion Abilities Clause: Evasion abilities are banned\n|rule|Species Clause: Limit one of each Pok\u00e9mon\n|rule|Gravity Sleep Clause: The combination of sleep-inducing moves with imperfect accuracy and Gravity or Gigantamax Orbeetle are banned\n|clearpoke\n|poke|p1|Great Tusk|\n|poke|p1|Charizard, F|\n|poke|p1|Sandy Shocks|\n|poke|p1|Vaporeon, F|\n|poke|p1|Espeon, F|\n|poke|p1|Venusaur, F|\n|poke|p2|Lucario, M|\n|poke|p2|Crobat, F|\n|poke|p2|Tinkaton, F|\n|poke|p2|Ogerpon, F|\n|poke|p2|Luxray, M|\n|poke|p2|Tapu Lele|\n|teampreview\n|c|\u2606Christikrn 45|gl hf\n|\n|t:|1700335990\n|start\n|switch|p1a: Espeon|Espeon, F|100\/100\n|switch|p1b: Venusaur|Venusaur, F|100\/100\n|switch|p2a: Crobat|Crobat, F, shiny|100\/100\n|switch|p2b: Luxray|Luxray, M|100\/100\n|-ability|p2b: Luxray|Intimidate|boost\n|-unboost|p1a: Espeon|atk|1\n|-unboost|p1b: Venusaur|atk|1\n|turn|1\n|\n|t:|1700335997\n|move|p2a: Crobat|Tailwind|p2a: Crobat\n|-sidestart|p2: El Ryuk456|move: Tailwind\n|move|p2b: Luxray|Volt Switch|p1a: Espeon\n|-damage|p1a: Espeon|72\/100\n|\n|t:|1700336004\n|switch|p2b: Ogerpon|Ogerpon, F|100\/100|[from] Volt Switch\n|move|p1b: Venusaur|Curse|p1b: Venusaur\n|-unboost|p1b: Venusaur|spe|1\n|-boost|p1b: Venusaur|atk|1\n|-boost|p1b: Venusaur|def|1\n|move|p1a: Espeon|Trick Room|p1a: Espeon\n|-fieldstart|move: Trick Room|[of] p1a: Espeon\n|\n|upkeep\n|turn|2\n|\n|t:|1700336027\n|move|p2b: Ogerpon|Follow Me|p2b: Ogerpon\n|-singleturn|p2b: Ogerpon|move: Follow Me\n|move|p1b: Venusaur|Body Slam|p2b: Ogerpon\n|-damage|p2b: Ogerpon|78\/100\n|-damage|p1b: Venusaur|91\/100|[from] item: Life Orb\n|move|p1a: Espeon|Power Gem|p2b: Ogerpon\n|-damage|p2b: Ogerpon|53\/100\n|move|p2a: Crobat|Brave Bird|p1b: Venusaur\n|-supereffective|p1b: Venusaur\n|-damage|p1b: Venusaur|26\/100\n|-damage|p2a: Crobat|83\/100|[from] Recoil\n|\n|upkeep\n|turn|3\n|\n|t:|1700336051\n|switch|p2a: Tinkaton|Tinkaton, F|100\/100\n|-ability|p2a: Tinkaton|Mold Breaker\n|move|p1b: Venusaur|Protect|p1b: Venusaur\n|-singleturn|p1b: Venusaur|Protect\n|move|p2b: Ogerpon|Spiky Shield|p2b: Ogerpon\n|-singleturn|p2b: Ogerpon|move: Protect\n|move|p1a: Espeon|Shadow Ball|p2b: Ogerpon\n|-activate|p2b: Ogerpon|move: Protect\n|\n|upkeep\n|turn|4\n|\n|t:|1700336068\n|move|p2a: Tinkaton|Fake Out|p1b: Venusaur\n|-damage|p1b: Venusaur|19\/100\n|cant|p1b: Venusaur|flinch\n|move|p1a: Espeon|Shadow Ball|p2b: Ogerpon\n|-damage|p2b: Ogerpon|26\/100\n|-enditem|p2b: Ogerpon|Sitrus Berry|[eat]\n|-heal|p2b: Ogerpon|51\/100|[from] item: Sitrus Berry\n|move|p2b: Ogerpon|Ivy Cudgel|p1a: Espeon\n|-damage|p1a: Espeon|0 fnt\n|faint|p1a: Espeon\n|\n|-sideend|p2: El Ryuk456|move: Tailwind\n|upkeep\n|\n|t:|1700336081\n|switch|p1a: Vaporeon|Vaporeon, F|100\/100\n|turn|5\n|\n|t:|1700336095\n|switch|p2b: Luxray|Luxray, M|100\/100\n|-ability|p2b: Luxray|Intimidate|boost\n|-unboost|p1a: Vaporeon|atk|1\n|-unboost|p1b: Venusaur|atk|1\n|move|p1a: Vaporeon|Icy Wind|p2a: Tinkaton|[spread] p2a,p2b\n|-resisted|p2a: Tinkaton\n|-damage|p2a: Tinkaton|96\/100\n|-damage|p2b: Luxray|91\/100\n|-unboost|p2b: Luxray|spe|1\n|move|p1b: Venusaur|Body Slam|p2a: Tinkaton\n|-resisted|p2a: Tinkaton\n|-damage|p2a: Tinkaton|87\/100\n|-damage|p1b: Venusaur|9\/100|[from] item: Life Orb\n|move|p2a: Tinkaton|Knock Off|p1b: Venusaur\n|-damage|p1b: Venusaur|0 fnt\n|-enditem|p1b: Venusaur|Life Orb|[from] move: Knock Off|[of] p2a: Tinkaton\n|faint|p1b: Venusaur\n|\n|-fieldend|move: Trick Room\n|upkeep\n|\n|t:|1700336109\n|switch|p1b: Charizard|Charizard, F|100\/100\n|turn|6\n|\n|t:|1700336126\n|detailschange|p1b: Charizard|Charizard-Mega-Y, F\n|-mega|p1b: Charizard|Charizard|Charizardite Y\n|-weather|SunnyDay|[from] ability: Drought|[of] p1b: Charizard\n|move|p1b: Charizard|Heat Wave|p2a: Tinkaton|[spread] p2a,p2b\n|-supereffective|p2a: Tinkaton\n|-damage|p2a: Tinkaton|0 fnt\n|-damage|p2b: Luxray|41\/100\n|faint|p2a: Tinkaton\n|move|p1a: Vaporeon|Icy Wind|p2b: Luxray\n|-damage|p2b: Luxray|29\/100\n|-unboost|p2b: Luxray|spe|1\n|move|p2b: Luxray|Snarl|p1a: Vaporeon|[spread] p1a,p1b\n|-damage|p1a: Vaporeon|92\/100\n|-damage|p1b: Charizard|93\/100\n|-unboost|p1a: Vaporeon|spa|1\n|-unboost|p1b: Charizard|spa|1\n|\n|-weather|SunnyDay|[upkeep]\n|-heal|p1a: Vaporeon|99\/100|[from] item: Leftovers\n|upkeep\n|\n|t:|1700336138\n|switch|p2a: Crobat|Crobat, F, shiny|83\/100\n|turn|7\n|\n|t:|1700336142\n|move|p2a: Crobat|Tailwind|p2a: Crobat\n|-sidestart|p2: El Ryuk456|move: Tailwind\n|move|p1b: Charizard|Heat Wave|p2a: Crobat|[spread] p2a,p2b\n|-damage|p2a: Crobat|42\/100\n|-damage|p2b: Luxray|0 fnt\n|faint|p2b: Luxray\n|move|p1a: Vaporeon|Icy Wind|p2a: Crobat\n|-supereffective|p2a: Crobat\n|-damage|p2a: Crobat|20\/100\n|-unboost|p2a: Crobat|spe|1\n|\n|-weather|SunnyDay|[upkeep]\n|-heal|p1a: Vaporeon|100\/100|[from] item: Leftovers\n|upkeep\n|\n|t:|1700336147\n|switch|p2b: Tapu Lele|Tapu Lele, shiny|100\/100\n|-fieldstart|move: Psychic Terrain|[from] ability: Psychic Surge|[of] p2b: Tapu Lele\n|turn|8\n|\n|t:|1700336158\n|-zpower|p2b: Tapu Lele\n|move|p2b: Tapu Lele|Shattered Psyche|p1b: Charizard|[zeffect]\n|-damage|p1b: Charizard|0 fnt\n|faint|p1b: Charizard\n|move|p2a: Crobat|Brave Bird|p1a: Vaporeon\n|-damage|p1a: Vaporeon|71\/100\n|-damage|p2a: Crobat|8\/100|[from] Recoil\n|move|p1a: Vaporeon|Icy Wind|p2a: Crobat|[spread] p2a,p2b\n|-supereffective|p2a: Crobat\n|-damage|p2a: Crobat|0 fnt\n|-damage|p2b: Tapu Lele|94\/100\n|-unboost|p2b: Tapu Lele|spe|1\n|faint|p2a: Crobat\n|\n|-weather|SunnyDay|[upkeep]\n|-heal|p1a: Vaporeon|77\/100|[from] item: Leftovers\n|upkeep\n|\n|t:|1700336171\n|switch|p2a: Lucario|Lucario, M|100\/100\n|switch|p1b: Sandy Shocks|Sandy Shocks|100\/100\n|-activate|p1b: Sandy Shocks|ability: Protosynthesis\n|-start|p1b: Sandy Shocks|protosynthesisspe\n|turn|9\n|\n|t:|1700336181\n|move|p2a: Lucario|Protect|p2a: Lucario\n|-singleturn|p2a: Lucario|Protect\n|move|p1b: Sandy Shocks|Earth Power|p2a: Lucario\n|-activate|p2a: Lucario|move: Protect\n|move|p2b: Tapu Lele|Psychic|p1b: Sandy Shocks\n|-damage|p1b: Sandy Shocks|25\/100\n|-unboost|p1b: Sandy Shocks|spd|1\n|move|p1a: Vaporeon|Icy Wind|p2b: Tapu Lele|[spread] p2b\n|-activate|p2a: Lucario|move: Protect\n|-damage|p2b: Tapu Lele|87\/100\n|-unboost|p2b: Tapu Lele|spe|1\n|\n|-weather|SunnyDay|[upkeep]\n|-heal|p1a: Vaporeon|84\/100|[from] item: Leftovers\n|upkeep\n|turn|10\n|\n|t:|1700336198\n|detailschange|p2a: Lucario|Lucario-Mega, M\n|-mega|p2a: Lucario|Lucario|Lucarionite\n|move|p2a: Lucario|Aura Sphere|p1b: Sandy Shocks\n|-damage|p1b: Sandy Shocks|0 fnt\n|faint|p1b: Sandy Shocks\n|-end|p1b: Sandy Shocks|Protosynthesis|[silent]\n|move|p2b: Tapu Lele|Psychic|p1a: Vaporeon\n|-damage|p1a: Vaporeon|34\/100\n|move|p1a: Vaporeon|Icy Wind|p2a: Lucario|[spread] p2a,p2b\n|-resisted|p2a: Lucario\n|-damage|p2a: Lucario|95\/100\n|-damage|p2b: Tapu Lele|80\/100\n|-unboost|p2a: Lucario|spe|1\n|-unboost|p2b: Tapu Lele|spe|1\n|\n|-weather|none\n|-heal|p1a: Vaporeon|40\/100|[from] item: Leftovers\n|-sideend|p2: El Ryuk456|move: Tailwind\n|upkeep\n|\n|t:|1700336207\n|switch|p1b: Great Tusk|Great Tusk|100\/100\n|turn|11\n|\n|t:|1700336218\n|switch|p2a: Ogerpon|Ogerpon, F|51\/100\n|move|p2b: Tapu Lele|Protect|p2b: Tapu Lele\n|-singleturn|p2b: Tapu Lele|Protect\n|move|p1b: Great Tusk|Headlong Rush|p2a: Ogerpon\n|-resisted|p2a: Ogerpon\n|-damage|p2a: Ogerpon|27\/100\n|-unboost|p1b: Great Tusk|def|1\n|-unboost|p1b: Great Tusk|spd|1\n|move|p1a: Vaporeon|Icy Wind|p2a: Ogerpon|[spread] p2a\n|-activate|p2b: Tapu Lele|move: Protect\n|-supereffective|p2a: Ogerpon\n|-damage|p2a: Ogerpon|13\/100\n|-unboost|p2a: Ogerpon|spe|1\n|-ability|p2a: Ogerpon|Defiant|boost\n|-boost|p2a: Ogerpon|atk|2\n|\n|-heal|p1a: Vaporeon|46\/100|[from] item: Leftovers\n|upkeep\n|turn|12\n|inactive|Battle timer is ON: inactive players will automatically lose when time's up. (requested by El Ryuk456)\n|\n|t:|1700336248\n|move|p2a: Ogerpon|Follow Me|p2a: Ogerpon\n|-singleturn|p2a: Ogerpon|move: Follow Me\n|move|p1b: Great Tusk|Headlong Rush|p2a: Ogerpon\n|-resisted|p2a: Ogerpon\n|-damage|p2a: Ogerpon|0 fnt\n|-unboost|p1b: Great Tusk|def|1\n|-unboost|p1b: Great Tusk|spd|1\n|faint|p2a: Ogerpon\n|move|p1a: Vaporeon|Icy Wind|p2b: Tapu Lele|[miss]\n|-miss|p1a: Vaporeon|p2b: Tapu Lele\n|move|p2b: Tapu Lele|Psychic|p1b: Great Tusk\n|-supereffective|p1b: Great Tusk\n|-damage|p1b: Great Tusk|0 fnt\n|faint|p1b: Great Tusk\n|-end|p1b: Great Tusk|Protosynthesis|[silent]\n|\n|-heal|p1a: Vaporeon|52\/100|[from] item: Leftovers\n|-fieldend|move: Psychic Terrain\n|upkeep\n|\n|t:|1700336260\n|switch|p2a: Lucario|Lucario-Mega, M|95\/100\n|turn|13\n|\n|t:|1700336264\n|move|p2a: Lucario|Calm Mind|p2a: Lucario\n|-boost|p2a: Lucario|spa|1\n|-boost|p2a: Lucario|spd|1\n|move|p1a: Vaporeon|Muddy Water|p2a: Lucario|[spread] p2a,p2b\n|-damage|p2a: Lucario|79\/100\n|-damage|p2b: Tapu Lele|64\/100\n|-unboost|p2b: Tapu Lele|accuracy|1\n|move|p2b: Tapu Lele|Taunt|p1a: Vaporeon\n|-start|p1a: Vaporeon|move: Taunt\n|\n|-heal|p1a: Vaporeon|58\/100|[from] item: Leftovers\n|upkeep\n|turn|14\n|\n|t:|1700336274\n|move|p2a: Lucario|Aura Sphere|p1a: Vaporeon\n|-damage|p1a: Vaporeon|0 fnt\n|faint|p1a: Vaporeon\n|\n|win|El Ryuk456\n|raw|Christikrn 45's rating: 1212 &rarr; <strong>1198<\/strong><br \/>(-14 for losing)\n|raw|El Ryuk456's rating: 1374 &rarr; <strong>1385<\/strong><br \/>(+11 for winning)\n|l|\u2606Christikrn 45\n","uploadtime":1700336278,"views":6,"p1id":"christikrn45","p2id":"elryuk456","formatid":"gen9nationaldexdoubles","rating":1198,"private":0,"password":""}