{"id":"gen9nationaldexdoubles-1963581284","p1":"MeloettaMadness","p2":"FRIDGES_RUNNING","format":"[Gen 9] National Dex Doubles","log":"|j|\u2606MeloettaMadness\n|j|\u2606FRIDGES_RUNNING\n|t:|1696879517\n|gametype|doubles\n|player|p1|MeloettaMadness|clown|1131\n|player|p2|FRIDGES_RUNNING|266|1048\n|teamsize|p1|6\n|teamsize|p2|6\n|gen|9\n|tier|[Gen 9] National Dex Doubles\n|rated|\n|rule|HP Percentage Mod: HP is shown in percentages\n|rule|Endless Battle Clause: Forcing endless battles is banned\n|rule|OHKO Clause: OHKO moves are banned\n|rule|Evasion Moves Clause: Evasion moves are banned\n|rule|Evasion Abilities Clause: Evasion abilities are banned\n|rule|Species Clause: Limit one of each Pok\u00e9mon\n|rule|Gravity Sleep Clause: The combination of sleep-inducing moves with imperfect accuracy and Gravity or Gigantamax Orbeetle are banned\n|clearpoke\n|poke|p1|Whimsicott, M|\n|poke|p1|Banette, M|\n|poke|p1|Smeargle, M|\n|poke|p1|Ursaluna-Bloodmoon, M|\n|poke|p1|Oricorio-Sensu, M|\n|poke|p1|Medicham, M|\n|poke|p2|Indeedee-F, F|\n|poke|p2|Armarouge, F|\n|poke|p2|Torkoal, F|\n|poke|p2|Maushold-Four|\n|poke|p2|Amoonguss, M|\n|poke|p2|Grimmsnarl, M|\n|teampreview\n|inactive|Battle timer is ON: inactive players will automatically lose when time's up. (requested by FRIDGES_RUNNING)\n|\n|t:|1696879527\n|start\n|switch|p1a: Banette|Banette, M, shiny|100\/100\n|switch|p1b: Smeargle|Smeargle, M, shiny|100\/100\n|switch|p2a: Indeedee|Indeedee-F, F|100\/100\n|switch|p2b: Armarouge|Armarouge, F|100\/100\n|-fieldstart|move: Psychic Terrain|[from] ability: Psychic Surge|[of] p2a: Indeedee\n|turn|1\n|\n|t:|1696879551\n|move|p1b: Smeargle|Lovely Kiss|p2b: Armarouge\n|-status|p2b: Armarouge|slp|[from] move: Lovely Kiss\n|cant|p2b: Armarouge|slp\n|move|p1a: Banette|Metronome|p1a: Banette\n|move|p1a: Banette|Throat Chop|p2b: Armarouge|[from]move: Metronome\n|-supereffective|p2b: Armarouge\n|-damage|p2b: Armarouge|44\/100 slp\n|-start|p2b: Armarouge|Throat Chop|[silent]\n|move|p2a: Indeedee|Trick Room|p2a: Indeedee\n|-fieldstart|move: Trick Room|[of] p2a: Indeedee\n|\n|-ability|p1b: Smeargle|Moody|boost\n|-boost|p1b: Smeargle|atk|2\n|-unboost|p1b: Smeargle|spd|1\n|upkeep\n|turn|2\n|inactive|MeloettaMadness has 120 seconds left.\n|\n|t:|1696879588\n|move|p1a: Banette|Metronome|p1a: Banette\n|move|p1a: Banette|Gigaton Hammer|p2a: Indeedee|[from]move: Metronome\n|-damage|p2a: Indeedee|0 fnt\n|faint|p2a: Indeedee\n|-curestatus|p2b: Armarouge|slp|[msg]\n|move|p2b: Armarouge|Armor Cannon|p1a: Banette\n|-damage|p1a: Banette|0 fnt\n|-unboost|p2b: Armarouge|def|1\n|-unboost|p2b: Armarouge|spd|1\n|faint|p1a: Banette\n|move|p1b: Smeargle|Lovely Kiss|p2b: Armarouge\n|-status|p2b: Armarouge|slp|[from] move: Lovely Kiss\n|\n|-end|p2b: Armarouge|Throat Chop|[silent]\n|-ability|p1b: Smeargle|Moody|boost\n|-boost|p1b: Smeargle|atk|2\n|-unboost|p1b: Smeargle|spa|1\n|upkeep\n|c|\u2606FRIDGES_RUNNING|Dick weed what\n|inactive|MeloettaMadness has 120 seconds left.\n|\n|t:|1696879613\n|switch|p1a: Oricorio|Oricorio-Sensu, M, shiny|100\/100\n|switch|p2a: Amoonguss|Amoonguss, M|100\/100\n|turn|3\n|\n|t:|1696879629\n|switch|p1b: Whimsicott|Whimsicott, M, shiny|100\/100\n|move|p2a: Amoonguss|Spore|p1b: Whimsicott\n|-immune|p1b: Whimsicott\n|move|p1a: Oricorio|Hurricane|p2a: Amoonguss\n|-supereffective|p2a: Amoonguss\n|-damage|p2a: Amoonguss|21\/100\n|-start|p2a: Amoonguss|confusion\n|cant|p2b: Armarouge|slp\n|\n|-heal|p2a: Amoonguss|27\/100|[from] item: Black Sludge\n|upkeep\n|turn|4\n|\n|t:|1696879656\n|-activate|p2a: Amoonguss|confusion\n|-damage|p2a: Amoonguss|20\/100|[from] confusion\n|move|p1a: Oricorio|Revelation Dance|p2b: Armarouge\n|-supereffective|p2b: Armarouge\n|-damage|p2b: Armarouge|0 fnt\n|faint|p2b: Armarouge\n|move|p1b: Whimsicott|Moonblast|p2a: Amoonguss\n|-resisted|p2a: Amoonguss\n|-damage|p2a: Amoonguss|7\/100\n|-unboost|p2a: Amoonguss|spa|1\n|\n|-heal|p2a: Amoonguss|13\/100|[from] item: Black Sludge\n|upkeep\n|c|\u2606FRIDGES_RUNNING|Suck ma dick\n|c|\u2606FRIDGES_RUNNING|Fat ass\n|inactive|FRIDGES_RUNNING has 120 seconds left.\n|c|\u2606MeloettaMadness|yes daddy\n|\n|t:|1696879679\n|switch|p2b: Maushold|Maushold-Four|100\/100\n|turn|5\n|\n|t:|1696879693\n|-activate|p2a: Amoonguss|confusion\n|move|p2a: Amoonguss|Spore|p1a: Oricorio\n|-status|p1a: Oricorio|slp|[from] move: Spore\n|cant|p1a: Oricorio|slp\n|move|p1b: Whimsicott|Moonblast|p2a: Amoonguss\n|-resisted|p2a: Amoonguss\n|-damage|p2a: Amoonguss|0 fnt\n|faint|p2a: Amoonguss\n|move|p2b: Maushold|Population Bomb|p1b: Whimsicott\n|-damage|p1b: Whimsicott|78\/100\n|-damage|p1b: Whimsicott|55\/100\n|-damage|p1b: Whimsicott|32\/100\n|-damage|p1b: Whimsicott|9\/100\n|-damage|p1b: Whimsicott|0 fnt\n|faint|p1b: Whimsicott\n|-hitcount|p1: Whimsicott|5\n|-damage|p2b: Maushold|91\/100|[from] item: Life Orb\n|\n|-fieldend|move: Trick Room\n|-fieldend|move: Psychic Terrain\n|upkeep\n|c|\u2606FRIDGES_RUNNING|Niga\n|c|\u2606FRIDGES_RUNNING|Stfu\n|inactive|FRIDGES_RUNNING has 120 seconds left.\n|\n|t:|1696879725\n|switch|p1b: Ursaluna|Ursaluna-Bloodmoon, M|100\/100\n|switch|p2a: Torkoal|Torkoal, F|100\/100\n|-weather|SunnyDay|[from] ability: Drought|[of] p2a: Torkoal\n|turn|6\n|\n|t:|1696879742\n|move|p2b: Maushold|Population Bomb|p1b: Ursaluna\n|-damage|p1b: Ursaluna|89\/100\n|-damage|p1b: Ursaluna|77\/100\n|-damage|p1b: Ursaluna|66\/100\n|-hitcount|p1b: Ursaluna|3\n|-damage|p2b: Maushold|81\/100|[from] item: Life Orb\n|cant|p1a: Oricorio|slp\n|move|p1b: Ursaluna|Earth Power|p2a: Torkoal\n|-supereffective|p2a: Torkoal\n|-enditem|p2a: Torkoal|Focus Sash\n|-damage|p2a: Torkoal|1\/100\n|move|p2a: Torkoal|Eruption|p1a: Oricorio|[spread] p1a,p1b\n|-damage|p1a: Oricorio|99\/100 slp\n|-damage|p1b: Ursaluna|65\/100\n|\n|-weather|SunnyDay|[upkeep]\n|upkeep\n|turn|7\n|inactive|FRIDGES_RUNNING has 120 seconds left.\n|c|\u2606MeloettaMadness|oops\n|c|\u2606FRIDGES_RUNNING|That's some bullshit\n|c|\u2606MeloettaMadness|get wrecked\n|c|\u2606MeloettaMadness|lol\n|c|\u2606MeloettaMadness|trd\n|c|\u2606FRIDGES_RUNNING|I.will touch you shut yo bitch ass up\n|inactive|FRIDGES_RUNNING has 90 seconds left.\n|\n|t:|1696879802\n|-terastallize|p1b: Ursaluna|Normal\n|move|p2b: Maushold|Population Bomb|p1b: Ursaluna|[miss]\n|-miss|p2b: Maushold|p1b: Ursaluna\n|cant|p1a: Oricorio|slp\n|move|p1b: Ursaluna|Hyper Voice|p2a: Torkoal|[spread] p2a,p2b\n|-damage|p2a: Torkoal|0 fnt\n|-damage|p2b: Maushold|0 fnt\n|faint|p2a: Torkoal\n|faint|p2b: Maushold\n|\n|-weather|SunnyDay|[upkeep]\n|upkeep\n|inactive|FRIDGES_RUNNING has 90 seconds left.\n|c|\u2606FRIDGES_RUNNING|I just made this team\n|c|\u2606MeloettaMadness|excuses\n|c|\u2606FRIDGES_RUNNING|Just like I made you with your mom\n|c|\u2606FRIDGES_RUNNING|Fucked her so good\n|inactive|FRIDGES_RUNNING has 60 seconds left.\n|c|\u2606FRIDGES_RUNNING|So tight\n|c|\u2606MeloettaMadness|Dad?\n|c|\u2606FRIDGES_RUNNING|Yes son\n|c|\u2606MeloettaMadness|its been so long\n|\n|t:|1696879846\n|switch|p2b: Grimmsnarl|Grimmsnarl, M|100\/100\n|turn|8\n|c|\u2606FRIDGES_RUNNING|I knew u were a disappointment the minute u came out so I left\n|c|\u2606MeloettaMadness|good\n|inactive|FRIDGES_RUNNING has 60 seconds left.\n|\n|t:|1696879867\n|-curestatus|p1a: Oricorio|slp|[msg]\n|move|p1a: Oricorio|Hurricane|p2b: Grimmsnarl|[miss]\n|-miss|p1a: Oricorio|p2b: Grimmsnarl\n|move|p1b: Ursaluna|Blood Moon|p2b: Grimmsnarl\n|-crit|p2b: Grimmsnarl\n|-damage|p2b: Grimmsnarl|0 fnt\n|faint|p2b: Grimmsnarl\n|\n|win|MeloettaMadness\n|raw|MeloettaMadness's rating: 1131 &rarr; <strong>1150<\/strong><br \/>(+19 for winning)\n|raw|FRIDGES_RUNNING's rating: 1048 &rarr; <strong>1035<\/strong><br \/>(-13 for losing)\n","uploadtime":1696879669,"views":7,"p1id":"meloettamadness","p2id":"fridgesrunning","formatid":"gen9nationaldexdoubles","rating":1035,"private":0,"password":""}