{"id":"gen9nationaldexdoubles-1947530602","p1":"MPAalltheway","p2":"BugCatcherJameson","format":"[Gen 9] National Dex Doubles","log":"|j|\u2606MPAalltheway\n|j|\u2606BugCatcherJameson\n|t:|1695169739\n|gametype|doubles\n|player|p1|MPAalltheway|n|\n|player|p2|BugCatcherJameson|bugsy|\n|teamsize|p1|6\n|teamsize|p2|6\n|gen|9\n|tier|[Gen 9] National Dex Doubles\n|rule|HP Percentage Mod: HP is shown in percentages\n|rule|Endless Battle Clause: Forcing endless battles is banned\n|rule|OHKO Clause: OHKO moves are banned\n|rule|Evasion Moves Clause: Evasion moves are banned\n|rule|Evasion Abilities Clause: Evasion abilities are banned\n|rule|Species Clause: Limit one of each Pok\u00e9mon\n|rule|Gravity Sleep Clause: The combination of sleep-inducing moves with imperfect accuracy and Gravity or Gigantamax Orbeetle are banned\n|clearpoke\n|poke|p1|Clefable, F|\n|poke|p1|Iron Bundle|\n|poke|p1|Amoonguss, F|\n|poke|p1|Ampharos, M|\n|poke|p1|Skarmory, F|\n|poke|p1|Gothorita, M|\n|poke|p2|Volcarona, F|\n|poke|p2|Oricorio-Pom-Pom, F|\n|poke|p2|Bellossom, F|\n|poke|p2|Quaquaval, M|\n|poke|p2|Maushold-Four|\n|poke|p2|Kommo-o, M|\n|teampreview\n|j| Specific360\n|\n|t:|1695169774\n|start\n|switch|p1a: N's Last Stand|Iron Bundle|100\/100\n|switch|p1b: The Real Fabio|Ampharos, M|100\/100\n|switch|p2a: Carnival|Quaquaval, M|100\/100\n|switch|p2b: Takes 2 to Tango|Maushold-Four|100\/100\n|-enditem|p1a: N's Last Stand|Booster Energy\n|-activate|p1a: N's Last Stand|ability: Quark Drive|[fromitem]\n|-start|p1a: N's Last Stand|quarkdrivespe\n|turn|1\n|j| Pale Hoenn trap\n|j| Green133\n|\n|t:|1695169811\n|detailschange|p1b: The Real Fabio|Ampharos-Mega, M\n|-mega|p1b: The Real Fabio|Ampharos|Ampharosite\n|-ability|p1b: The Real Fabio|Mold Breaker\n|-terastallize|p2b: Takes 2 to Tango|Normal\n|move|p1a: N's Last Stand|Freeze-Dry|p2a: Carnival\n|-supereffective|p2a: Carnival\n|-damage|p2a: Carnival|23\/100\n|move|p2b: Takes 2 to Tango|Population Bomb|p1a: N's Last Stand\n|-damage|p1a: N's Last Stand|89\/100\n|-damage|p1a: N's Last Stand|78\/100\n|-damage|p1a: N's Last Stand|65\/100\n|-damage|p1a: N's Last Stand|53\/100\n|-damage|p1a: N's Last Stand|40\/100\n|-damage|p1a: N's Last Stand|28\/100\n|-damage|p1a: N's Last Stand|16\/100\n|-damage|p1a: N's Last Stand|4\/100\n|-damage|p1a: N's Last Stand|0 fnt\n|faint|p1a: N's Last Stand\n|-end|p1a: N's Last Stand|Quark Drive|[silent]\n|-hitcount|p1: N's Last Stand|9\n|move|p2a: Carnival|Ice Spinner|p1b: The Real Fabio\n|-supereffective|p1b: The Real Fabio\n|-damage|p1b: The Real Fabio|62\/100\n|move|p1b: The Real Fabio|Discharge|p2a: Carnival|[spread] p2a,p2b\n|-supereffective|p2a: Carnival\n|-damage|p2a: Carnival|0 fnt\n|-damage|p2b: Takes 2 to Tango|56\/100\n|-status|p2b: Takes 2 to Tango|par\n|faint|p2a: Carnival\n|\n|upkeep\n|l| Pale Hoenn trap\n|\n|t:|1695169860\n|switch|p1a: Ice Age 2|Skarmory, F|100\/100\n|switch|p2a: Hula|Bellossom, F, shiny|100\/100\n|turn|2\n|\n|t:|1695169876\n|move|p2b: Takes 2 to Tango|Population Bomb|p1b: The Real Fabio\n|-damage|p1b: The Real Fabio|54\/100\n|-damage|p1b: The Real Fabio|47\/100\n|-damage|p1b: The Real Fabio|38\/100\n|-damage|p1b: The Real Fabio|30\/100\n|-damage|p1b: The Real Fabio|22\/100\n|-crit|p1b: The Real Fabio\n|-damage|p1b: The Real Fabio|10\/100\n|-damage|p1b: The Real Fabio|1\/100\n|-damage|p1b: The Real Fabio|0 fnt\n|faint|p1b: The Real Fabio\n|-hitcount|p1: The Real Fabio|8\n|move|p1a: Ice Age 2|Stealth Rock|p2b: Takes 2 to Tango\n|-sidestart|p2: BugCatcherJameson|move: Stealth Rock\n|move|p2a: Hula|Dazzling Gleam|p1a: Ice Age 2\n|-resisted|p1a: Ice Age 2\n|-damage|p1a: Ice Age 2|92\/100\n|\n|upkeep\n|\n|t:|1695169908\n|switch|p1b: Golden Finger|Clefable, F, shiny|100\/100\n|turn|3\n|\n|t:|1695169922\n|move|p1a: Ice Age 2|Body Press|p2b: Takes 2 to Tango\n|-supereffective|p2b: Takes 2 to Tango\n|-damage|p2b: Takes 2 to Tango|0 fnt\n|faint|p2b: Takes 2 to Tango\n|move|p1b: Golden Finger|Reflect|p1b: Golden Finger\n|-sidestart|p1: MPAalltheway|Reflect\n|move|p2a: Hula|Quiver Dance|p2a: Hula\n|-boost|p2a: Hula|spa|1\n|-boost|p2a: Hula|spd|1\n|-boost|p2a: Hula|spe|1\n|\n|upkeep\n|\n|t:|1695169932\n|switch|p2b: \u30c1\u30a2\u30ea\u30fc\u30c0\u30fc|Oricorio-Pom-Pom, F|100\/100\n|-damage|p2b: \u30c1\u30a2\u30ea\u30fc\u30c0\u30fc|76\/100|[from] Stealth Rock\n|turn|4\n|\n|t:|1695169961\n|switch|p1a: S U S|Amoonguss, F, shiny|100\/100\n|move|p2b: \u30c1\u30a2\u30ea\u30fc\u30c0\u30fc|Protect|p2b: \u30c1\u30a2\u30ea\u30fc\u30c0\u30fc\n|-singleturn|p2b: \u30c1\u30a2\u30ea\u30fc\u30c0\u30fc|Protect\n|move|p2a: Hula|Quiver Dance|p2a: Hula\n|-boost|p2a: Hula|spa|1\n|-boost|p2a: Hula|spd|1\n|-boost|p2a: Hula|spe|1\n|-activate|p2b: \u30c1\u30a2\u30ea\u30fc\u30c0\u30fc|ability: Dancer\n|move|p2b: \u30c1\u30a2\u30ea\u30fc\u30c0\u30fc|Quiver Dance|p2b: \u30c1\u30a2\u30ea\u30fc\u30c0\u30fc|[from]ability: Dancer\n|-boost|p2b: \u30c1\u30a2\u30ea\u30fc\u30c0\u30fc|spa|1\n|-boost|p2b: \u30c1\u30a2\u30ea\u30fc\u30c0\u30fc|spd|1\n|-boost|p2b: \u30c1\u30a2\u30ea\u30fc\u30c0\u30fc|spe|1\n|move|p1b: Golden Finger|Knock Off|p2b: \u30c1\u30a2\u30ea\u30fc\u30c0\u30fc\n|-activate|p2b: \u30c1\u30a2\u30ea\u30fc\u30c0\u30fc|move: Protect\n|\n|upkeep\n|turn|5\n|\n|t:|1695169992\n|-terastallize|p1a: S U S|Fire\n|move|p2b: \u30c1\u30a2\u30ea\u30fc\u30c0\u30fc|Air Cutter|p1b: Golden Finger|[spread] p1a,p1b\n|-damage|p1a: S U S|74\/100\n|-damage|p1b: Golden Finger|77\/100\n|move|p2a: Hula|Petal Dance|p1a: S U S\n|-resisted|p1a: S U S\n|-damage|p1a: S U S|40\/100\n|-activate|p2b: \u30c1\u30a2\u30ea\u30fc\u30c0\u30fc|ability: Dancer\n|move|p2b: \u30c1\u30a2\u30ea\u30fc\u30c0\u30fc|Petal Dance|p1a: S U S|[from]ability: Dancer\n|-resisted|p1a: S U S\n|-damage|p1a: S U S|15\/100\n|move|p1b: Golden Finger|Dazzling Gleam|p2b: \u30c1\u30a2\u30ea\u30fc\u30c0\u30fc|[spread] p2a,p2b\n|-damage|p2a: Hula|92\/100\n|-damage|p2b: \u30c1\u30a2\u30ea\u30fc\u30c0\u30fc|54\/100\n|move|p1a: S U S|Clear Smog|p2b: \u30c1\u30a2\u30ea\u30fc\u30c0\u30fc\n|-damage|p2b: \u30c1\u30a2\u30ea\u30fc\u30c0\u30fc|38\/100\n|-clearboost|p2b: \u30c1\u30a2\u30ea\u30fc\u30c0\u30fc\n|\n|-heal|p1a: S U S|21\/100|[from] item: Leftovers\n|upkeep\n|turn|6\n|\n|t:|1695170031\n|switch|p1a: Lissy|Gothorita, M, shiny|100\/100\n|move|p2a: Hula|Petal Dance|p1b: Golden Finger|[from]lockedmove\n|-damage|p1b: Golden Finger|19\/100\n|-damage|p2a: Hula|75\/100|[from] item: Rocky Helmet|[of] p1b: Golden Finger\n|-start|p2a: Hula|confusion|[fatigue]\n|-activate|p2b: \u30c1\u30a2\u30ea\u30fc\u30c0\u30fc|ability: Dancer\n|move|p2b: \u30c1\u30a2\u30ea\u30fc\u30c0\u30fc|Petal Dance|p1a: Lissy|[from]ability: Dancer\n|-damage|p1a: Lissy|74\/100\n|-enditem|p2a: Hula|Lum Berry|[eat]\n|-end|p2a: Hula|confusion\n|move|p2b: \u30c1\u30a2\u30ea\u30fc\u30c0\u30fc|Revelation Dance|p1a: Lissy\n|-damage|p1a: Lissy|46\/100\n|move|p1b: Golden Finger|Dazzling Gleam|p2b: \u30c1\u30a2\u30ea\u30fc\u30c0\u30fc|[spread] p2a,p2b\n|-damage|p2a: Hula|66\/100\n|-damage|p2b: \u30c1\u30a2\u30ea\u30fc\u30c0\u30fc|5\/100\n|\n|upkeep\n|turn|7\n|\n|t:|1695170060\n|switch|p1b: Ice Age 2|Skarmory, F|92\/100\n|move|p2b: \u30c1\u30a2\u30ea\u30fc\u30c0\u30fc|Protect|p2b: \u30c1\u30a2\u30ea\u30fc\u30c0\u30fc\n|-singleturn|p2b: \u30c1\u30a2\u30ea\u30fc\u30c0\u30fc|Protect\n|move|p2a: Hula|Quiver Dance|p2a: Hula\n|-boost|p2a: Hula|spa|1\n|-boost|p2a: Hula|spd|1\n|-boost|p2a: Hula|spe|1\n|-activate|p2b: \u30c1\u30a2\u30ea\u30fc\u30c0\u30fc|ability: Dancer\n|move|p2b: \u30c1\u30a2\u30ea\u30fc\u30c0\u30fc|Quiver Dance|p2b: \u30c1\u30a2\u30ea\u30fc\u30c0\u30fc|[from]ability: Dancer\n|-boost|p2b: \u30c1\u30a2\u30ea\u30fc\u30c0\u30fc|spa|1\n|-boost|p2b: \u30c1\u30a2\u30ea\u30fc\u30c0\u30fc|spd|1\n|-boost|p2b: \u30c1\u30a2\u30ea\u30fc\u30c0\u30fc|spe|1\n|move|p1a: Lissy|Foul Play|p2b: \u30c1\u30a2\u30ea\u30fc\u30c0\u30fc\n|-activate|p2b: \u30c1\u30a2\u30ea\u30fc\u30c0\u30fc|move: Protect\n|\n|-sideend|p1: MPAalltheway|Reflect\n|upkeep\n|turn|8\n|\n|t:|1695170079\n|move|p2a: Hula|Quiver Dance|p2a: Hula\n|-boost|p2a: Hula|spa|1\n|-boost|p2a: Hula|spd|1\n|-boost|p2a: Hula|spe|1\n|-activate|p2b: \u30c1\u30a2\u30ea\u30fc\u30c0\u30fc|ability: Dancer\n|move|p2b: \u30c1\u30a2\u30ea\u30fc\u30c0\u30fc|Quiver Dance|p2b: \u30c1\u30a2\u30ea\u30fc\u30c0\u30fc|[from]ability: Dancer\n|-boost|p2b: \u30c1\u30a2\u30ea\u30fc\u30c0\u30fc|spa|1\n|-boost|p2b: \u30c1\u30a2\u30ea\u30fc\u30c0\u30fc|spd|1\n|-boost|p2b: \u30c1\u30a2\u30ea\u30fc\u30c0\u30fc|spe|1\n|move|p2b: \u30c1\u30a2\u30ea\u30fc\u30c0\u30fc|Roost|p2b: \u30c1\u30a2\u30ea\u30fc\u30c0\u30fc\n|-heal|p2b: \u30c1\u30a2\u30ea\u30fc\u30c0\u30fc|55\/100\n|-singleturn|p2b: \u30c1\u30a2\u30ea\u30fc\u30c0\u30fc|move: Roost\n|move|p1b: Ice Age 2|Body Press|p2b: \u30c1\u30a2\u30ea\u30fc\u30c0\u30fc\n|-damage|p2b: \u30c1\u30a2\u30ea\u30fc\u30c0\u30fc|25\/100\n|move|p1a: Lissy|Light Screen|p1a: Lissy\n|-sidestart|p1: MPAalltheway|move: Light Screen\n|\n|upkeep\n|turn|9\n|\n|t:|1695170116\n|switch|p1b: S U S|Amoonguss, F, shiny, tera:Fire|54\/100\n|move|p2a: Hula|Quiver Dance|p2a: Hula\n|-boost|p2a: Hula|spa|1\n|-boost|p2a: Hula|spd|1\n|-boost|p2a: Hula|spe|1\n|-activate|p2b: \u30c1\u30a2\u30ea\u30fc\u30c0\u30fc|ability: Dancer\n|move|p2b: \u30c1\u30a2\u30ea\u30fc\u30c0\u30fc|Quiver Dance|p2b: \u30c1\u30a2\u30ea\u30fc\u30c0\u30fc|[from]ability: Dancer\n|-boost|p2b: \u30c1\u30a2\u30ea\u30fc\u30c0\u30fc|spa|1\n|-boost|p2b: \u30c1\u30a2\u30ea\u30fc\u30c0\u30fc|spd|1\n|-boost|p2b: \u30c1\u30a2\u30ea\u30fc\u30c0\u30fc|spe|1\n|move|p2b: \u30c1\u30a2\u30ea\u30fc\u30c0\u30fc|Roost|p2b: \u30c1\u30a2\u30ea\u30fc\u30c0\u30fc\n|-heal|p2b: \u30c1\u30a2\u30ea\u30fc\u30c0\u30fc|75\/100\n|-singleturn|p2b: \u30c1\u30a2\u30ea\u30fc\u30c0\u30fc|move: Roost\n|move|p1a: Lissy|Foul Play|p2b: \u30c1\u30a2\u30ea\u30fc\u30c0\u30fc\n|-damage|p2b: \u30c1\u30a2\u30ea\u30fc\u30c0\u30fc|60\/100\n|\n|-heal|p1b: S U S|61\/100|[from] item: Leftovers\n|upkeep\n|turn|10\n|\n|t:|1695170146\n|move|p2b: \u30c1\u30a2\u30ea\u30fc\u30c0\u30fc|Revelation Dance|p1b: S U S\n|-damage|p1b: S U S|1\/100\n|move|p2a: Hula|Giga Drain|p1b: S U S\n|-resisted|p1b: S U S\n|-damage|p1b: S U S|0 fnt\n|-heal|p2a: Hula|66\/100|[from] drain|[of] p1b: S U S\n|faint|p1b: S U S\n|move|p1a: Lissy|Thunder Wave|p1: S U S|[notarget]\n|-fail|p1a: Lissy\n|\n|upkeep\n|\n|t:|1695170173\n|switch|p1b: Ice Age 2|Skarmory, F|92\/100\n|turn|11\n|\n|t:|1695170200\n|move|p2b: \u30c1\u30a2\u30ea\u30fc\u30c0\u30fc|Revelation Dance|p1a: Lissy\n|-damage|p1a: Lissy|0 fnt\n|faint|p1a: Lissy\n|move|p2a: Hula|Quiver Dance|p2a: Hula\n|-boost|p2a: Hula|spa|1\n|-boost|p2a: Hula|spd|1\n|-boost|p2a: Hula|spe|1\n|-activate|p2b: \u30c1\u30a2\u30ea\u30fc\u30c0\u30fc|ability: Dancer\n|move|p2b: \u30c1\u30a2\u30ea\u30fc\u30c0\u30fc|Quiver Dance|p2b: \u30c1\u30a2\u30ea\u30fc\u30c0\u30fc|[from]ability: Dancer\n|-boost|p2b: \u30c1\u30a2\u30ea\u30fc\u30c0\u30fc|spa|1\n|-boost|p2b: \u30c1\u30a2\u30ea\u30fc\u30c0\u30fc|spd|1\n|-boost|p2b: \u30c1\u30a2\u30ea\u30fc\u30c0\u30fc|spe|1\n|move|p1b: Ice Age 2|Body Press|p2a: Hula\n|-damage|p2a: Hula|39\/100\n|\n|upkeep\n|\n|t:|1695170204\n|switch|p1a: Golden Finger|Clefable, F, shiny|19\/100\n|turn|12\n|\n|t:|1695170223\n|move|p2b: \u30c1\u30a2\u30ea\u30fc\u30c0\u30fc|Revelation Dance|p1b: Ice Age 2\n|-supereffective|p1b: Ice Age 2\n|-damage|p1b: Ice Age 2|0 fnt\n|faint|p1b: Ice Age 2\n|move|p2a: Hula|Giga Drain|p1a: Golden Finger\n|-damage|p1a: Golden Finger|0 fnt\n|-heal|p2a: Hula|51\/100|[from] drain|[of] p1a: Golden Finger\n|faint|p1a: Golden Finger\n|\n|win|BugCatcherJameson\n|c|\u2606MPAalltheway|gg\n|c|\u2606BugCatcherJameson|gg\n|l|\u2606MPAalltheway\n|l| Specific360\n","uploadtime":1695170235,"views":6,"p1id":"mpaalltheway","p2id":"bugcatcherjameson","formatid":"gen9nationaldexdoubles","rating":0,"private":0,"password":""}