{"id":"gen9nationaldexdoubles-1967512613","p1":"dupoludek","p2":"Angelos1234","format":"[Gen 9] National Dex Doubles","log":"|j|\u2606dupoludek\n|j|\u2606Angelos1234\n|t:|1697308974\n|gametype|doubles\n|player|p1|dupoludek|pokefan-gen4|\n|player|p2|Angelos1234|infielder|\n|teamsize|p1|6\n|teamsize|p2|6\n|gen|9\n|tier|[Gen 9] National Dex Doubles\n|rule|HP Percentage Mod: HP is shown in percentages\n|rule|Endless Battle Clause: Forcing endless battles is banned\n|rule|OHKO Clause: OHKO moves are banned\n|rule|Evasion Moves Clause: Evasion moves are banned\n|rule|Evasion Abilities Clause: Evasion abilities are banned\n|rule|Species Clause: Limit one of each Pok\u00e9mon\n|rule|Gravity Sleep Clause: The combination of sleep-inducing moves with imperfect accuracy and Gravity or Gigantamax Orbeetle are banned\n|clearpoke\n|poke|p1|Meowscarada, M|\n|poke|p1|Dragapult, F|\n|poke|p1|Tauros-Paldea-Blaze, M|\n|poke|p1|Indeedee-F, F|\n|poke|p1|Ninetales-Alola, F|\n|poke|p1|Glalie, M|\n|poke|p2|Fezandipiti, M|\n|poke|p2|Maushold-Four|\n|poke|p2|Rotom-Mow|\n|poke|p2|Tyranitar, M|\n|poke|p2|Delphox, M|\n|poke|p2|Skeledirge, F|\n|teampreview\n|\n|t:|1697309014\n|start\n|switch|p1a: Pi\u0119knaPrzybyszka|Meowscarada, M|100\/100\n|switch|p1b: Pultaj\u0105cySi\u0119Dragi|Dragapult, F|100\/100\n|switch|p2a: Skeledirge|Skeledirge, F|100\/100\n|switch|p2b: Fezandipiti|Fezandipiti, M|100\/100\n|turn|1\n|\n|t:|1697309043\n|move|p1a: Pi\u0119knaPrzybyszka|Fling|p1b: Pultaj\u0105cySi\u0119Dragi\n|-start|p1a: Pi\u0119knaPrzybyszka|typechange|Dark|[from] ability: Protean\n|-supereffective|p1b: Pultaj\u0105cySi\u0119Dragi\n|-damage|p1b: Pultaj\u0105cySi\u0119Dragi|91\/100\n|-boost|p1b: Pultaj\u0105cySi\u0119Dragi|spe|1|[from] item: Salac Berry\n|-enditem|p1b: Pultaj\u0105cySi\u0119Dragi|Weakness Policy\n|-boost|p1b: Pultaj\u0105cySi\u0119Dragi|atk|2|[from] item: Weakness Policy\n|-boost|p1b: Pultaj\u0105cySi\u0119Dragi|spa|2|[from] item: Weakness Policy\n|-enditem|p1a: Pi\u0119knaPrzybyszka|Salac Berry|[from] move: Fling\n|move|p1b: Pultaj\u0105cySi\u0119Dragi|Shadow Ball|p2a: Skeledirge\n|-supereffective|p2a: Skeledirge\n|-damage|p2a: Skeledirge|39\/100\n|-unboost|p2a: Skeledirge|spd|1\n|move|p2b: Fezandipiti|Dazzling Gleam|p1b: Pultaj\u0105cySi\u0119Dragi|[spread] p1a,p1b\n|-supereffective|p1a: Pi\u0119knaPrzybyszka\n|-supereffective|p1b: Pultaj\u0105cySi\u0119Dragi\n|-damage|p1a: Pi\u0119knaPrzybyszka|56\/100\n|-damage|p1b: Pultaj\u0105cySi\u0119Dragi|56\/100\n|-status|p1a: Pi\u0119knaPrzybyszka|tox|[from] ability: Toxic Chain|[of] p2b: Fezandipiti\n|move|p2a: Skeledirge|Poltergeist||[still]\n|-fail|p2a: Skeledirge\n|\n|-damage|p1a: Pi\u0119knaPrzybyszka|49\/100 tox|[from] psn\n|upkeep\n|turn|2\n|\n|t:|1697309083\n|move|p1b: Pultaj\u0105cySi\u0119Dragi|Surf|p2b: Fezandipiti|[spread] p1a,p2a,p2b\n|-supereffective|p2a: Skeledirge\n|-damage|p1a: Pi\u0119knaPrzybyszka|2\/100 tox\n|-damage|p2a: Skeledirge|0 fnt\n|-damage|p2b: Fezandipiti|73\/100\n|faint|p2a: Skeledirge\n|move|p1a: Pi\u0119knaPrzybyszka|Knock Off|p2b: Fezandipiti\n|-resisted|p2b: Fezandipiti\n|-damage|p2b: Fezandipiti|48\/100\n|-enditem|p2b: Fezandipiti|Focus Sash|[from] move: Knock Off|[of] p1a: Pi\u0119knaPrzybyszka\n|move|p2b: Fezandipiti|Dazzling Gleam|p1b: Pultaj\u0105cySi\u0119Dragi|[spread] p1a,p1b\n|-supereffective|p1a: Pi\u0119knaPrzybyszka\n|-supereffective|p1b: Pultaj\u0105cySi\u0119Dragi\n|-damage|p1a: Pi\u0119knaPrzybyszka|0 fnt\n|-damage|p1b: Pultaj\u0105cySi\u0119Dragi|20\/100\n|faint|p1a: Pi\u0119knaPrzybyszka\n|\n|upkeep\n|\n|t:|1697309099\n|switch|p1a: WbalonowymCh\u0142opcu|Indeedee-F, F|100\/100\n|switch|p2a: Rotom|Rotom-Mow|100\/100\n|-fieldstart|move: Psychic Terrain|[from] ability: Psychic Surge|[of] p1a: WbalonowymCh\u0142opcu\n|turn|3\n|\n|t:|1697309113\n|move|p1a: WbalonowymCh\u0142opcu|Follow Me|p1a: WbalonowymCh\u0142opcu\n|-singleturn|p1a: WbalonowymCh\u0142opcu|move: Follow Me\n|move|p1b: Pultaj\u0105cySi\u0119Dragi|Shadow Ball|p2b: Fezandipiti\n|-damage|p2b: Fezandipiti|3\/100\n|move|p2b: Fezandipiti|Dazzling Gleam|p1b: Pultaj\u0105cySi\u0119Dragi|[spread] p1a,p1b\n|-supereffective|p1b: Pultaj\u0105cySi\u0119Dragi\n|-damage|p1a: WbalonowymCh\u0142opcu|87\/100\n|-damage|p1b: Pultaj\u0105cySi\u0119Dragi|0 fnt\n|faint|p1b: Pultaj\u0105cySi\u0119Dragi\n|move|p2a: Rotom|Thunder|p1a: WbalonowymCh\u0142opcu|[miss]\n|-miss|p2a: Rotom|p1a: WbalonowymCh\u0142opcu\n|\n|upkeep\n|\n|t:|1697309127\n|switch|p1b: SiurCiSamWieszCo|Glalie, M|100\/100\n|turn|4\n|\n|t:|1697309142\n|detailschange|p1b: SiurCiSamWieszCo|Glalie-Mega, M\n|-mega|p1b: SiurCiSamWieszCo|Glalie|Glalitite\n|move|p1a: WbalonowymCh\u0142opcu|Follow Me|p1a: WbalonowymCh\u0142opcu\n|-singleturn|p1a: WbalonowymCh\u0142opcu|move: Follow Me\n|move|p1b: SiurCiSamWieszCo|Frustration|p2a: Rotom\n|-supereffective|p2a: Rotom\n|-enditem|p2a: Rotom|Focus Sash\n|-damage|p2a: Rotom|1\/100\n|move|p2b: Fezandipiti|Dazzling Gleam|p1b: SiurCiSamWieszCo|[spread] p1a,p1b\n|-damage|p1a: WbalonowymCh\u0142opcu|73\/100\n|-damage|p1b: SiurCiSamWieszCo|78\/100\n|move|p2a: Rotom|Thunder|p1a: WbalonowymCh\u0142opcu\n|-damage|p1a: WbalonowymCh\u0142opcu|31\/100\n|-status|p1a: WbalonowymCh\u0142opcu|par\n|\n|upkeep\n|turn|5\n|\n|t:|1697309173\n|move|p1a: WbalonowymCh\u0142opcu|Follow Me|p1a: WbalonowymCh\u0142opcu\n|-singleturn|p1a: WbalonowymCh\u0142opcu|move: Follow Me\n|move|p1b: SiurCiSamWieszCo|Crunch|p2b: Fezandipiti\n|-resisted|p2b: Fezandipiti\n|-damage|p2b: Fezandipiti|0 fnt\n|faint|p2b: Fezandipiti\n|move|p2a: Rotom|Thunder|p1a: WbalonowymCh\u0142opcu\n|-damage|p1a: WbalonowymCh\u0142opcu|0 fnt\n|faint|p1a: WbalonowymCh\u0142opcu\n|\n|upkeep\n|\n|t:|1697309187\n|switch|p2b: Tyranitar|Tyranitar, M|100\/100\n|switch|p1a: \u015awierzak|Ninetales-Alola, F|100\/100\n|-ability|p2b: Tyranitar|Unnerve\n|-weather|Snow|[from] ability: Snow Warning|[of] p1a: \u015awierzak\n|turn|6\n|\n|t:|1697309210\n|detailschange|p2b: Tyranitar|Tyranitar-Mega, M\n|-mega|p2b: Tyranitar|Tyranitar|Tyranitarite\n|-weather|Sandstorm|[from] ability: Sand Stream|[of] p2b: Tyranitar\n|move|p2a: Rotom|Sucker Punch|p1b: SiurCiSamWieszCo\n|-activate|p1b: SiurCiSamWieszCo|move: Psychic Terrain\n|move|p1a: \u015awierzak|Aurora Veil||[still]\n|-fail|p1a: \u015awierzak\n|move|p1b: SiurCiSamWieszCo|Explosion|p2a: Rotom|[spread] p1a,p2a,p2b\n|-resisted|p1a: \u015awierzak\n|-supereffective|p2a: Rotom\n|-damage|p1a: \u015awierzak|13\/100\n|-damage|p2a: Rotom|0 fnt\n|-damage|p2b: Tyranitar|37\/100\n|faint|p1b: SiurCiSamWieszCo\n|faint|p2a: Rotom\n|move|p2b: Tyranitar|Rock Slide|p1a: \u015awierzak\n|-supereffective|p1a: \u015awierzak\n|-damage|p1a: \u015awierzak|0 fnt\n|faint|p1a: \u015awierzak\n|\n|-weather|Sandstorm|[upkeep]\n|upkeep\n|\n|t:|1697309227\n|switch|p1a: Negro|Tauros-Paldea-Blaze, M|100\/100\n|switch|p2a: Maushold|Maushold-Four|100\/100\n|turn|7\n|\n|t:|1697309240\n|move|p2a: Maushold|Population Bomb|p1a: Negro\n|-damage|p1a: Negro|89\/100\n|-damage|p2a: Maushold|84\/100|[from] item: Rocky Helmet|[of] p1a: Negro\n|-damage|p1a: Negro|76\/100\n|-damage|p2a: Maushold|67\/100|[from] item: Rocky Helmet|[of] p1a: Negro\n|-damage|p1a: Negro|63\/100\n|-damage|p2a: Maushold|51\/100|[from] item: Rocky Helmet|[of] p1a: Negro\n|-damage|p1a: Negro|49\/100\n|-damage|p2a: Maushold|34\/100|[from] item: Rocky Helmet|[of] p1a: Negro\n|-damage|p1a: Negro|37\/100\n|-damage|p2a: Maushold|17\/100|[from] item: Rocky Helmet|[of] p1a: Negro\n|-damage|p1a: Negro|24\/100\n|-damage|p2a: Maushold|1\/100|[from] item: Rocky Helmet|[of] p1a: Negro\n|-damage|p1a: Negro|12\/100\n|-damage|p2a: Maushold|0 fnt|[from] item: Rocky Helmet|[of] p1a: Negro\n|faint|p2a: Maushold\n|-hitcount|p1a: Negro|7\n|move|p1a: Negro|Earthquake|p2b: Tyranitar\n|-supereffective|p2b: Tyranitar\n|-damage|p2b: Tyranitar|2\/100\n|move|p2b: Tyranitar|Rock Blast|p1a: Negro\n|-damage|p1a: Negro|0 fnt\n|faint|p1a: Negro\n|-hitcount|p1: Negro|1\n|\n|win|Angelos1234\n","uploadtime":1697309268,"views":7,"p1id":"dupoludek","p2id":"angelos1234","formatid":"gen9nationaldexdoubles","rating":0,"private":0,"password":""}