{"id":"gen9nationaldexdoubles-1951054451","p1":"General Pino","p2":"fumbari 24","format":"[Gen 9] National Dex Doubles","log":"|j|\u2606General Pino\n|j|\u2606fumbari 24\n|t:|1695535714\n|gametype|doubles\n|player|p1|General Pino|grimsley|1000\n|player|p2|fumbari 24|102|1246\n|teamsize|p1|6\n|teamsize|p2|6\n|gen|9\n|tier|[Gen 9] National Dex Doubles\n|rated|\n|rule|HP Percentage Mod: HP is shown in percentages\n|rule|Endless Battle Clause: Forcing endless battles is banned\n|rule|OHKO Clause: OHKO moves are banned\n|rule|Evasion Moves Clause: Evasion moves are banned\n|rule|Evasion Abilities Clause: Evasion abilities are banned\n|rule|Species Clause: Limit one of each Pok\u00e9mon\n|rule|Gravity Sleep Clause: The combination of sleep-inducing moves with imperfect accuracy and Gravity or Gigantamax Orbeetle are banned\n|clearpoke\n|poke|p1|Oranguru, M|\n|poke|p1|Greninja-*, F|\n|poke|p1|Sceptile, M|\n|poke|p1|Grimmsnarl, M|\n|poke|p1|Honchkrow, M|\n|poke|p1|Delphox, F|\n|poke|p2|Krookodile, M|\n|poke|p2|Haxorus, M|\n|poke|p2|Druddigon, M|\n|poke|p2|Aggron, M|\n|poke|p2|Cofagrigus, M|\n|poke|p2|Salamence, M|\n|teampreview\n|inactive|Battle timer is ON: inactive players will automatically lose when time's up. (requested by fumbari 24)\n|\n|t:|1695535730\n|start\n|switch|p1a: Greninja|Greninja, F|100\/100\n|switch|p1b: Honchkrow|Honchkrow, M|100\/100\n|switch|p2a: Aggron|Aggron, M|100\/100\n|switch|p2b: Cofagrigus|Cofagrigus, M|100\/100\n|turn|1\n|\n|t:|1695535749\n|move|p1a: Greninja|Mat Block|p1a: Greninja\n|-singleturn|p1a: Greninja|Mat Block\n|move|p1b: Honchkrow|Tailwind|p1b: Honchkrow\n|-sidestart|p1: General Pino|move: Tailwind\n|move|p2a: Aggron|Hone Claws|p2a: Aggron\n|-boost|p2a: Aggron|atk|1\n|-boost|p2a: Aggron|accuracy|1\n|move|p2b: Cofagrigus|Trick Room|p2b: Cofagrigus\n|-fieldstart|move: Trick Room|[of] p2b: Cofagrigus\n|\n|upkeep\n|turn|2\n|c|\u2606General Pino|damn it\n|\n|t:|1695535770\n|move|p2b: Cofagrigus|Will-O-Wisp|p1b: Honchkrow\n|-status|p1b: Honchkrow|brn\n|move|p2a: Aggron|Head Smash|p1a: Greninja\n|-damage|p1a: Greninja|0 fnt\n|faint|p1a: Greninja\n|move|p1b: Honchkrow|Night Slash|p2b: Cofagrigus\n|-supereffective|p2b: Cofagrigus\n|-damage|p2b: Cofagrigus|71\/100\n|-activate|p2b: Cofagrigus|ability: Mummy|Super Luck|[of] p1b: Honchkrow\n|\n|-damage|p1b: Honchkrow|94\/100 brn|[from] brn\n|upkeep\n|\n|t:|1695535784\n|switch|p1a: Grimmsnarl|Grimmsnarl, M|100\/100\n|turn|3\n|\n|t:|1695535796\n|move|p1a: Grimmsnarl|Thunder Wave|p2a: Aggron\n|-status|p2a: Aggron|par\n|cant|p2a: Aggron|par\n|move|p2b: Cofagrigus|Will-O-Wisp|p1a: Grimmsnarl\n|-status|p1a: Grimmsnarl|brn\n|move|p1b: Honchkrow|Night Slash|p2b: Cofagrigus\n|-supereffective|p2b: Cofagrigus\n|-crit|p2b: Cofagrigus\n|-damage|p2b: Cofagrigus|22\/100\n|\n|-damage|p1a: Grimmsnarl|94\/100 brn|[from] brn\n|-damage|p1b: Honchkrow|88\/100 brn|[from] brn\n|upkeep\n|turn|4\n|\n|t:|1695535815\n|move|p1a: Grimmsnarl|Reflect|p1a: Grimmsnarl\n|-sidestart|p1: General Pino|Reflect\n|move|p2a: Aggron|Iron Head|p1a: Grimmsnarl\n|-supereffective|p1a: Grimmsnarl\n|-crit|p1a: Grimmsnarl\n|-damage|p1a: Grimmsnarl|0 fnt\n|faint|p1a: Grimmsnarl\n|move|p2b: Cofagrigus|Pain Split|p1b: Honchkrow\n|-sethp|p1b: Honchkrow|54\/100 brn|[from] move: Pain Split|[silent]\n|-sethp|p2b: Cofagrigus|61\/100|[from] move: Pain Split\n|move|p1b: Honchkrow|Night Slash|p2b: Cofagrigus\n|-supereffective|p2b: Cofagrigus\n|-crit|p2b: Cofagrigus\n|-damage|p2b: Cofagrigus|18\/100\n|\n|-damage|p1b: Honchkrow|48\/100 brn|[from] brn\n|-sideend|p1: General Pino|move: Tailwind\n|upkeep\n|\n|t:|1695535832\n|switch|p1a: Oranguru|Oranguru, M|100\/100\n|turn|5\n|\n|t:|1695535852\n|cant|p2a: Aggron|par\n|move|p2b: Cofagrigus|Shadow Ball|p1b: Honchkrow\n|-resisted|p1b: Honchkrow\n|-damage|p1b: Honchkrow|22\/100 brn\n|move|p1a: Oranguru|Instruct|p1b: Honchkrow\n|-singleturn|p1b: Honchkrow|move: Instruct|[of] p1a: Oranguru\n|move|p1b: Honchkrow|Night Slash|p2b: Cofagrigus\n|-supereffective|p2b: Cofagrigus\n|-damage|p2b: Cofagrigus|0 fnt\n|faint|p2b: Cofagrigus\n|move|p1b: Honchkrow|Night Slash|p2a: Aggron\n|-damage|p2a: Aggron|87\/100 par\n|\n|-damage|p1b: Honchkrow|15\/100 brn|[from] brn\n|-fieldend|move: Trick Room\n|upkeep\n|\n|t:|1695535865\n|switch|p2b: Atraco|Krookodile, M|100\/100\n|-ability|p2b: Atraco|Intimidate|boost\n|-unboost|p1a: Oranguru|atk|1\n|-unboost|p1b: Honchkrow|atk|1\n|turn|6\n|\n|t:|1695535881\n|move|p2b: Atraco|Snatch|p2b: Atraco\n|-singleturn|p2b: Atraco|Snatch\n|move|p1a: Oranguru|Protect|p1a: Oranguru\n|-singleturn|p1a: Oranguru|Protect\n|move|p1b: Honchkrow|Tailwind|p1b: Honchkrow\n|-activate|p2b: Atraco|move: Snatch|[of] p1b: Honchkrow\n|move|p2b: Atraco|Tailwind|p2b: Atraco|[from]Snatch\n|-sidestart|p2: fumbari 24|move: Tailwind\n|-zpower|p2a: Aggron\n|move|p2a: Aggron|Continental Crush|p1a: Oranguru|[zeffect]\n|-zbroken|p1a: Oranguru\n|-damage|p1a: Oranguru|70\/100\n|\n|-heal|p1a: Oranguru|77\/100|[from] item: Leftovers\n|-damage|p1b: Honchkrow|9\/100 brn|[from] brn\n|upkeep\n|turn|7\n|\n|t:|1695535904\n|move|p2b: Atraco|Rock Slide|p1b: Honchkrow|[spread] p1b\n|-miss|p2b: Atraco|p1a: Oranguru\n|-supereffective|p1b: Honchkrow\n|-damage|p1b: Honchkrow|0 fnt\n|faint|p1b: Honchkrow\n|move|p1a: Oranguru|Hyper Voice|p2a: Aggron|[spread] p2a,p2b\n|-resisted|p2a: Aggron\n|-damage|p2a: Aggron|76\/100 par\n|-damage|p2b: Atraco|75\/100\n|move|p2a: Aggron|Head Smash|p1a: Oranguru\n|-damage|p1a: Oranguru|0 fnt\n|faint|p1a: Oranguru\n|\n|upkeep\n|\n|t:|1695535918\n|switch|p1b: Delphox|Delphox, F|100\/100\n|switch|p1a: Sceptile|Sceptile, M, shiny|100\/100\n|turn|8\n|\n|t:|1695535941\n|-terastallize|p1b: Delphox|Fire\n|move|p2b: Atraco|Snarl|p1b: Delphox|[spread] p1a,p1b\n|-damage|p1a: Sceptile|88\/100\n|-damage|p1b: Delphox|90\/100\n|-unboost|p1a: Sceptile|spa|1\n|-unboost|p1b: Delphox|spa|1\n|-enditem|p1b: Delphox|Red Card|[of] p2b: Atraco\n|drag|p2b: Haxorus|Haxorus, M|100\/100\n|-ability|p2b: Haxorus|Mold Breaker\n|move|p1a: Sceptile|Energy Ball|p2b: Haxorus\n|-resisted|p2b: Haxorus\n|-damage|p2b: Haxorus|82\/100\n|move|p1b: Delphox|Flamethrower|p2a: Aggron\n|-damage|p2a: Aggron|19\/100 par\n|cant|p2a: Aggron|par\n|\n|-sideend|p1: General Pino|Reflect\n|upkeep\n|turn|9\n|inactive|fumbari 24 has 120 seconds left.\n|\n|t:|1695535973\n|move|p2b: Haxorus|Breaking Swipe|p1b: Delphox|[spread] p1a,p1b\n|-damage|p1a: Sceptile|38\/100\n|-damage|p1b: Delphox|46\/100\n|-unboost|p1a: Sceptile|atk|1\n|-unboost|p1b: Delphox|atk|1\n|move|p1a: Sceptile|Dragon Pulse|p2b: Haxorus\n|-supereffective|p2b: Haxorus\n|-damage|p2b: Haxorus|29\/100\n|move|p1b: Delphox|Calm Mind|p1b: Delphox\n|-boost|p1b: Delphox|spa|1\n|-boost|p1b: Delphox|spd|1\n|move|p2a: Aggron|Head Smash|p1b: Delphox\n|-supereffective|p1b: Delphox\n|-damage|p1b: Delphox|0 fnt\n|faint|p1b: Delphox\n|\n|-sideend|p2: fumbari 24|move: Tailwind\n|upkeep\n|turn|10\n|\n|t:|1695535991\n|detailschange|p1a: Sceptile|Sceptile-Mega, M, shiny\n|-mega|p1a: Sceptile|Sceptile|Sceptilite\n|move|p1a: Sceptile|Dragon Pulse|p2b: Haxorus\n|-supereffective|p2b: Haxorus\n|-crit|p2b: Haxorus\n|-damage|p2b: Haxorus|0 fnt\n|faint|p2b: Haxorus\n|move|p2a: Aggron|Iron Head|p1a: Sceptile\n|-damage|p1a: Sceptile|0 fnt\n|faint|p1a: Sceptile\n|\n|win|fumbari 24\n|raw|General Pino's rating: 1000 &rarr; <strong>1000<\/strong><br \/>(+0 for losing)\n|raw|fumbari 24's rating: 1246 &rarr; <strong>1256<\/strong><br \/>(+10 for winning)\n|c|\u2606fumbari 24|Gg\n|l|\u2606General Pino\n","uploadtime":1695535998,"views":7,"p1id":"generalpino","p2id":"fumbari24","formatid":"gen9nationaldexdoubles","rating":1000,"private":0,"password":""}