{"id":"gen9nationaldexdoubles-1958277528","p1":"luohuasheng","p2":"the maraculous","format":"[Gen 9] National Dex Doubles","log":"|j|\u2606luohuasheng\n|j|\u2606the maraculous\n|t:|1696305696\n|gametype|doubles\n|player|p1|luohuasheng|265|1464\n|player|p2|the maraculous|dragontamer|1392\n|teamsize|p1|6\n|teamsize|p2|6\n|gen|9\n|tier|[Gen 9] National Dex Doubles\n|rated|\n|rule|HP Percentage Mod: HP is shown in percentages\n|rule|Endless Battle Clause: Forcing endless battles is banned\n|rule|OHKO Clause: OHKO moves are banned\n|rule|Evasion Moves Clause: Evasion moves are banned\n|rule|Evasion Abilities Clause: Evasion abilities are banned\n|rule|Species Clause: Limit one of each Pok\u00e9mon\n|rule|Gravity Sleep Clause: The combination of sleep-inducing moves with imperfect accuracy and Gravity or Gigantamax Orbeetle are banned\n|clearpoke\n|poke|p1|Tapu Fini|\n|poke|p1|Metagross|\n|poke|p1|Rillaboom, F|\n|poke|p1|Zygarde|\n|poke|p1|Incineroar, M|\n|poke|p1|Tornadus, M|\n|poke|p2|Xurkitree|\n|poke|p2|Iron Valiant|\n|poke|p2|Chandelure, M|\n|poke|p2|Landorus-Therian, M|\n|poke|p2|Kartana|\n|poke|p2|Farigiraf, F|\n|teampreview\n|\n|t:|1696305712\n|start\n|switch|p1a: Tapu Fini|Tapu Fini|100\/100\n|switch|p1b: Metagross|Metagross|100\/100\n|switch|p2a: Landorus|Landorus-Therian, M|100\/100\n|switch|p2b: Kartana|Kartana|100\/100\n|-fieldstart|move: Misty Terrain|[from] ability: Misty Surge|[of] p1a: Tapu Fini\n|-ability|p2a: Landorus|Intimidate|boost\n|-unboost|p1a: Tapu Fini|atk|1\n|-fail|p1b: Metagross|unboost|[from] ability: Clear Body|[of] p1b: Metagross\n|turn|1\n|\n|t:|1696305725\n|detailschange|p1b: Metagross|Metagross-Mega\n|-mega|p1b: Metagross|Metagross|Metagrossite\n|move|p1a: Tapu Fini|Muddy Water|p2b: Kartana|[spread] p2a,p2b\n|-supereffective|p2a: Landorus\n|-resisted|p2b: Kartana\n|-damage|p2a: Landorus|64\/100\n|-damage|p2b: Kartana|52\/100\n|move|p1b: Metagross|Steel Roller|p2a: Landorus\n|-damage|p2a: Landorus|0 fnt\n|-fieldend|Misty Terrain\n|faint|p2a: Landorus\n|move|p2b: Kartana|Tailwind|p2b: Kartana\n|-sidestart|p2: the maraculous|move: Tailwind\n|\n|upkeep\n|\n|t:|1696305738\n|switch|p2a: Xurkitree|Xurkitree|100\/100\n|turn|2\n|\n|t:|1696305755\n|switch|p2b: Farigiraf|Farigiraf, F|100\/100\n|switch|p1a: Incineroar|Incineroar, M|100\/100\n|-ability|p1a: Incineroar|Intimidate|boost\n|-unboost|p2a: Xurkitree|atk|1\n|-unboost|p2b: Farigiraf|atk|1\n|move|p1b: Metagross|Protect|p1b: Metagross\n|-singleturn|p1b: Metagross|Protect\n|-zpower|p2a: Xurkitree\n|move|p2a: Xurkitree|Gigavolt Havoc|p1a: Incineroar|[zeffect]\n|-damage|p1a: Incineroar|36\/100\n|-enditem|p1a: Incineroar|Sitrus Berry|[eat]\n|-heal|p1a: Incineroar|60\/100|[from] item: Sitrus Berry\n|\n|upkeep\n|turn|3\n|\n|t:|1696305777\n|switch|p1b: Zygarde|Zygarde|100\/100\n|-ability|p1b: Zygarde|Aura Break\n|-terastallize|p2b: Farigiraf|Normal\n|move|p2a: Xurkitree|Electric Terrain|p2a: Xurkitree\n|-fieldstart|move: Electric Terrain\n|move|p2b: Farigiraf|Hyper Voice|p1a: Incineroar|[spread] p1a,p1b\n|-damage|p1a: Incineroar|25\/100\n|-damage|p1b: Zygarde|52\/100\n|move|p1a: Incineroar|Knock Off|p2a: Xurkitree\n|-damage|p2a: Xurkitree|64\/100\n|\n|-heal|p1b: Zygarde|58\/100|[from] item: Leftovers\n|upkeep\n|turn|4\n|\n|t:|1696305796\n|switch|p1a: Rillaboom|Rillaboom, F|100\/100\n|-fieldstart|move: Grassy Terrain|[from] ability: Grassy Surge|[of] p1a: Rillaboom\n|move|p1b: Zygarde|Protect|p1b: Zygarde\n|-singleturn|p1b: Zygarde|Protect\n|move|p2a: Xurkitree|Dazzling Gleam|p1b: Zygarde|[spread] p1a\n|-activate|p1b: Zygarde|move: Protect\n|-damage|p1a: Rillaboom|81\/100\n|move|p2b: Farigiraf|Hyper Voice|p1b: Zygarde|[spread] p1a\n|-activate|p1b: Zygarde|move: Protect\n|-damage|p1a: Rillaboom|48\/100\n|\n|-heal|p2a: Xurkitree|71\/100|[from] Grassy Terrain\n|-heal|p1b: Zygarde|64\/100|[from] Grassy Terrain\n|-heal|p1b: Zygarde|70\/100|[from] item: Leftovers\n|-heal|p1a: Rillaboom|54\/100|[from] Grassy Terrain\n|-sideend|p2: the maraculous|move: Tailwind\n|upkeep\n|turn|5\n|\n|t:|1696305819\n|switch|p2a: Iron Valiant|Iron Valiant|100\/100\n|-terastallize|p1a: Rillaboom|Grass\n|move|p1b: Zygarde|Dragon Dance|p1b: Zygarde\n|-boost|p1b: Zygarde|atk|1\n|-boost|p1b: Zygarde|spe|1\n|move|p1a: Rillaboom|Wood Hammer|p2b: Farigiraf\n|-damage|p2b: Farigiraf|0 fnt\n|faint|p2b: Farigiraf\n|-damage|p1a: Rillaboom|17\/100|[from] Recoil\n|\n|-heal|p1b: Zygarde|76\/100|[from] Grassy Terrain\n|-heal|p1b: Zygarde|83\/100|[from] item: Leftovers\n|-heal|p1a: Rillaboom|23\/100|[from] Grassy Terrain\n|upkeep\n|\n|t:|1696305839\n|switch|p2b: Xurkitree|Xurkitree|71\/100\n|turn|6\n|\n|t:|1696305843\n|move|p2a: Iron Valiant|Wide Guard|p2a: Iron Valiant\n|-singleturn|p2a: Iron Valiant|Wide Guard\n|move|p1a: Rillaboom|Grassy Glide|p2a: Iron Valiant\n|-damage|p2a: Iron Valiant|27\/100\n|move|p1b: Zygarde|Thousand Arrows|p2a: Iron Valiant|[spread] \n|-activate|p2a: Iron Valiant|move: Wide Guard\n|-activate|p2b: Xurkitree|move: Wide Guard\n|move|p2b: Xurkitree|Dazzling Gleam|p1b: Zygarde|[spread] p1a,p1b\n|-supereffective|p1b: Zygarde\n|-damage|p1a: Rillaboom|2\/100\n|-damage|p1b: Zygarde|28\/100\n|\n|-heal|p1b: Zygarde|34\/100|[from] Grassy Terrain\n|-heal|p1b: Zygarde|41\/100|[from] item: Leftovers\n|-heal|p2a: Iron Valiant|33\/100|[from] Grassy Terrain\n|-heal|p2b: Xurkitree|77\/100|[from] Grassy Terrain\n|-heal|p1a: Rillaboom|8\/100|[from] Grassy Terrain\n|upkeep\n|turn|7\n|-message|the maraculous forfeited.\n|\n|win|luohuasheng\n|raw|luohuasheng's rating: 1464 &rarr; <strong>1480<\/strong><br \/>(+16 for winning)\n|raw|the maraculous's rating: 1392 &rarr; <strong>1376<\/strong><br \/>(-16 for losing)\n","uploadtime":1696305859,"views":14,"p1id":"luohuasheng","p2id":"themaraculous","formatid":"gen9nationaldexdoubles","rating":1376,"private":0,"password":""}