{"id":"gen9nationaldexdoubles-1962228623","p1":"parkle","p2":"cassinidivision","format":"[Gen 9] National Dex Doubles","log":"|j|\u2606parkle\n|j|\u2606cassinidivision\n|t:|1696720361\n|gametype|doubles\n|player|p1|parkle|bugcatcher-gen4dp|\n|player|p2|cassinidivision|giacomo|\n|teamsize|p1|6\n|teamsize|p2|6\n|gen|9\n|tier|[Gen 9] National Dex Doubles\n|rule|HP Percentage Mod: HP is shown in percentages\n|rule|Endless Battle Clause: Forcing endless battles is banned\n|rule|OHKO Clause: OHKO moves are banned\n|rule|Evasion Moves Clause: Evasion moves are banned\n|rule|Evasion Abilities Clause: Evasion abilities are banned\n|rule|Species Clause: Limit one of each Pok\u00e9mon\n|rule|Gravity Sleep Clause: The combination of sleep-inducing moves with imperfect accuracy and Gravity or Gigantamax Orbeetle are banned\n|clearpoke\n|poke|p1|Dragonite, F|\n|poke|p1|Salamence, M|\n|poke|p1|Haxorus, M|\n|poke|p1|Drampa, F|\n|poke|p1|Arboliva, F|\n|poke|p1|Plusle, F|\n|poke|p2|Kingambit, M|\n|poke|p2|Honchkrow, M|\n|poke|p2|Weavile, M|\n|poke|p2|Krookodile, F|\n|poke|p2|Muk-Alola, F|\n|poke|p2|Umbreon, F|\n|teampreview\n|j| AutumnCookie\n|\n|t:|1696720502\n|start\n|switch|p1a: Luci|Drampa, F|100\/100\n|switch|p1b: Lillie|Arboliva, F|100\/100\n|switch|p2a: PASTRAMI|Krookodile, F|100\/100\n|switch|p2b: BIG BIRD|Honchkrow, M|100\/100\n|turn|1\n|\n|t:|1696720523\n|move|p2a: PASTRAMI|Bulk Up|p2a: PASTRAMI\n|-boost|p2a: PASTRAMI|atk|1\n|-boost|p2a: PASTRAMI|def|1\n|move|p2b: BIG BIRD|Air Slash|p1b: Lillie\n|-supereffective|p1b: Lillie\n|-damage|p1b: Lillie|42\/100\n|-enditem|p1b: Lillie|Sitrus Berry|[eat]\n|-heal|p1b: Lillie|67\/100|[from] item: Sitrus Berry\n|move|p1a: Luci|Calm Mind|p1a: Luci\n|-boost|p1a: Luci|spa|1\n|-boost|p1a: Luci|spd|1\n|move|p1b: Lillie|Leech Seed|p2a: PASTRAMI\n|-start|p2a: PASTRAMI|move: Leech Seed\n|\n|-damage|p2a: PASTRAMI|88\/100|[from] Leech Seed|[of] p1b: Lillie\n|-heal|p1b: Lillie|79\/100|[silent]\n|-item|p1b: Lillie|Sitrus Berry|[from] ability: Harvest\n|upkeep\n|turn|2\n|\n|t:|1696720564\n|move|p2a: PASTRAMI|Earthquake|p1a: Luci|[spread] p1a,p1b\n|-immune|p2b: BIG BIRD\n|-resisted|p1b: Lillie\n|-damage|p1a: Luci|12\/100\n|-damage|p1b: Lillie|52\/100\n|-ability|p1a: Luci|Berserk|boost\n|-boost|p1a: Luci|spa|1\n|-damage|p2a: PASTRAMI|78\/100|[from] item: Life Orb\n|move|p2b: BIG BIRD|Air Slash|p1b: Lillie\n|-supereffective|p1b: Lillie\n|-damage|p1b: Lillie|0 fnt\n|faint|p1b: Lillie\n|-ability|p2b: BIG BIRD|Moxie|boost\n|-boost|p2b: BIG BIRD|atk|1\n|move|p1a: Luci|Surf|p2b: BIG BIRD|[spread] p2a,p2b\n|-supereffective|p2a: PASTRAMI\n|-damage|p2a: PASTRAMI|0 fnt\n|-damage|p2b: BIG BIRD|29\/100\n|faint|p2a: PASTRAMI\n|\n|-heal|p2b: BIG BIRD|35\/100|[from] item: Leftovers\n|-heal|p1a: Luci|18\/100|[from] item: Leftovers\n|upkeep\n|\n|t:|1696720585\n|switch|p2a: SLASHER|Weavile, M|100\/100\n|switch|p1b: Pellie|Plusle, F|100\/100\n|turn|3\n|\n|t:|1696720602\n|move|p2a: SLASHER|Fake Out|p1b: Pellie\n|-damage|p1b: Pellie|66\/100\n|cant|p1b: Pellie|flinch\n|move|p2b: BIG BIRD|U-turn|p1a: Luci\n|-damage|p1a: Luci|0 fnt\n|faint|p1a: Luci\n|-ability|p2b: BIG BIRD|Moxie|boost\n|-boost|p2b: BIG BIRD|atk|1\n|c|\u2606parkle|oh you fuck\n|\n|t:|1696720626\n|switch|p2b: SAUCE|Muk-Alola, F|100\/100|[from] U-turn\n|\n|upkeep\n|\n|t:|1696720660\n|switch|p1a: Silver|Salamence, M|100\/100\n|-ability|p1a: Silver|Intimidate|boost\n|-unboost|p2a: SLASHER|atk|1\n|-unboost|p2b: SAUCE|atk|1\n|turn|4\n|c| AutumnCookie|Fake out... Just like Red does all the damn time...\n|c|\u2606parkle|exactly what im thinking .\n|c|\u2606cassinidivision|brotherly tactics\n|\n|t:|1696720691\n|move|p2a: SLASHER|Icicle Crash|p1a: Silver\n|-supereffective|p1a: Silver\n|-damage|p1a: Silver|0 fnt\n|faint|p1a: Silver\n|move|p1b: Pellie|Substitute|p1b: Pellie\n|-start|p1b: Pellie|Substitute\n|-damage|p1b: Pellie|41\/100\n|move|p2b: SAUCE|Acid Armor|p2b: SAUCE\n|-boost|p2b: SAUCE|def|2\n|\n|upkeep\n|\n|t:|1696720703\n|switch|p1a: Haneul|Dragonite, F|100\/100\n|turn|5\n|\n|t:|1696720741\n|move|p2a: SLASHER|Icicle Crash|p1a: Haneul\n|-supereffective|p1a: Haneul\n|-damage|p1a: Haneul|41\/100\n|move|p1b: Pellie|Thunderbolt|p2b: SAUCE\n|-damage|p2b: SAUCE|71\/100\n|-damage|p1b: Pellie|31\/100|[from] item: Life Orb\n|cant|p1a: Haneul|flinch\n|move|p2b: SAUCE|Acid Armor|p2b: SAUCE\n|-boost|p2b: SAUCE|def|2\n|\n|-heal|p2b: SAUCE|77\/100|[from] item: Leftovers\n|upkeep\n|turn|6\n|c|\u2606parkle|im this close to forfeiting \/silly\n|\n|t:|1696720773\n|move|p2a: SLASHER|Icicle Crash|p1a: Haneul|[miss]\n|-miss|p2a: SLASHER|p1a: Haneul\n|move|p1b: Pellie|Nasty Plot|p1b: Pellie\n|-boost|p1b: Pellie|spa|2\n|move|p1a: Haneul|Earthquake|p2a: SLASHER|[spread] p1b,p2a,p2b\n|-supereffective|p1b: Pellie\n|-end|p1b: Pellie|Substitute\n|-supereffective|p2b: SAUCE\n|-damage|p2a: SLASHER|54\/100\n|-damage|p2b: SAUCE|58\/100\n|move|p2b: SAUCE|Gunk Shot|p1b: Pellie\n|-damage|p1b: Pellie|0 fnt\n|faint|p1b: Pellie\n|\n|-heal|p2b: SAUCE|64\/100|[from] item: Leftovers\n|upkeep\n|\n|t:|1696720799\n|switch|p1b: Alexander|Haxorus, M|100\/100\n|-ability|p1b: Alexander|Unnerve\n|turn|7\n|c| AutumnCookie|You're out of special attackers now huh. Rip\n|\n|t:|1696720825\n|move|p2a: SLASHER|Icicle Crash|p1a: Haneul\n|-supereffective|p1a: Haneul\n|-damage|p1a: Haneul|0 fnt\n|faint|p1a: Haneul\n|move|p1b: Alexander|Earthquake|p2a: SLASHER|[spread] p2a,p2b\n|-supereffective|p2b: SAUCE\n|-damage|p2a: SLASHER|7\/100\n|-damage|p2b: SAUCE|44\/100\n|move|p2b: SAUCE|Gunk Shot|p1b: Alexander|[miss]\n|-miss|p2b: SAUCE|p1b: Alexander\n|\n|-heal|p2b: SAUCE|50\/100|[from] item: Leftovers\n|upkeep\n|turn|8\n|c|\u2606cassinidivision|i wanted to prove i could do it w\/o moonwitch\n|\n|t:|1696720846\n|move|p2a: SLASHER|Icicle Crash|p1b: Alexander\n|-supereffective|p1b: Alexander\n|-damage|p1b: Alexander|30\/100\n|move|p1b: Alexander|Earthquake|p2b: SAUCE|[spread] p2a,p2b\n|-supereffective|p2b: SAUCE\n|-damage|p2a: SLASHER|0 fnt\n|-damage|p2b: SAUCE|31\/100\n|faint|p2a: SLASHER\n|move|p2b: SAUCE|Gunk Shot|p1b: Alexander\n|-crit|p1b: Alexander\n|-damage|p1b: Alexander|0 fnt\n|faint|p1b: Alexander\n|\n|win|cassinidivision\n|c|\u2606cassinidivision|god bless.\n","uploadtime":1696720859,"views":11,"p1id":"parkle","p2id":"cassinidivision","formatid":"gen9nationaldexdoubles","rating":0,"private":0,"password":""}