{"id":"gen9nationaldexdoubles-1975856037","p1":"omegashenronone","p2":"Vario 64\u2606\u5f61","format":"[Gen 9] National Dex Doubles","log":"|j|\u2606omegashenronone\n|j|\u2606Vario 64\u2606\u5f61\n|t:|1698244163\n|gametype|doubles\n|player|p1|omegashenronone|hugh|\n|player|p2|Vario 64\u2606\u5f61|ghetsis|\n|teamsize|p1|6\n|teamsize|p2|6\n|gen|9\n|tier|[Gen 9] National Dex Doubles\n|rule|HP Percentage Mod: HP is shown in percentages\n|rule|Endless Battle Clause: Forcing endless battles is banned\n|rule|OHKO Clause: OHKO moves are banned\n|rule|Evasion Moves Clause: Evasion moves are banned\n|rule|Evasion Abilities Clause: Evasion abilities are banned\n|rule|Species Clause: Limit one of each Pok\u00e9mon\n|rule|Gravity Sleep Clause: The combination of sleep-inducing moves with imperfect accuracy and Gravity or Gigantamax Orbeetle are banned\n|clearpoke\n|poke|p1|Urshifu-*, M|\n|poke|p1|Rotom-Wash|\n|poke|p1|Greninja-*, M|\n|poke|p1|Pelipper, F|\n|poke|p1|Swampert, F|\n|poke|p1|Kingdra, F|\n|poke|p2|Ribombee, F|\n|poke|p2|Scizor, F|\n|poke|p2|Maushold-Four|\n|poke|p2|Urshifu-*, M|\n|poke|p2|Hydreigon, F|\n|poke|p2|Volcarona, F|\n|teampreview\n|inactive|Battle timer is ON: inactive players will automatically lose when time's up. (requested by omegashenronone)\n|j| Chaoss150\n|\n|t:|1698244191\n|start\n|switch|p1a: Happy|Pelipper, F|100\/100\n|switch|p1b: Hur-Hur-Hur|Kingdra, F|100\/100\n|switch|p2a: Ribombee|Ribombee, F|100\/100\n|switch|p2b: Volcarona|Volcarona, F|100\/100\n|-weather|RainDance|[from] ability: Drizzle|[of] p1a: Happy\n|turn|1\n|\n|t:|1698244206\n|switch|p2b: Maushold|Maushold-Four|100\/100\n|move|p1b: Hur-Hur-Hur|Hurricane|p2b: Maushold\n|-crit|p2b: Maushold\n|-damage|p2b: Maushold|15\/100\n|move|p2a: Ribombee|Light Screen|p2a: Ribombee\n|-sidestart|p2: Vario 64\u2606\u5f61|move: Light Screen\n|move|p1a: Happy|Tailwind|p1a: Happy\n|-sidestart|p1: omegashenronone|move: Tailwind\n|\n|-weather|RainDance|[upkeep]\n|upkeep\n|turn|2\n|\n|t:|1698244227\n|move|p2b: Maushold|Protect|p2b: Maushold\n|-singleturn|p2b: Maushold|Protect\n|move|p1b: Hur-Hur-Hur|Hurricane|p2a: Ribombee\n|-supereffective|p2a: Ribombee\n|-damage|p2a: Ribombee|25\/100\n|move|p2a: Ribombee|Reflect|p2a: Ribombee\n|-sidestart|p2: Vario 64\u2606\u5f61|Reflect\n|move|p1a: Happy|Icy Wind|p2b: Maushold|[spread] p2a\n|-activate|p2b: Maushold|move: Protect\n|-damage|p2a: Ribombee|18\/100\n|\n|-weather|RainDance|[upkeep]\n|upkeep\n|turn|3\n|\n|t:|1698244251\n|switch|p2b: Hydreigon|Hydreigon, F|100\/100\n|move|p1b: Hur-Hur-Hur|Hurricane|p2a: Ribombee\n|-supereffective|p2a: Ribombee\n|-damage|p2a: Ribombee|0 fnt\n|faint|p2a: Ribombee\n|move|p1a: Happy|U-turn|p2b: Hydreigon\n|-supereffective|p2b: Hydreigon\n|-damage|p2b: Hydreigon|88\/100\n|\n|t:|1698244258\n|switch|p1a: Master Shi-Fu!|Urshifu-Rapid-Strike, M|100\/100|[from] U-turn\n|\n|-weather|RainDance|[upkeep]\n|upkeep\n|\n|t:|1698244266\n|switch|p2a: Volcarona|Volcarona, F|100\/100\n|turn|4\n|\n|t:|1698244279\n|-terastallize|p2a: Volcarona|Grass\n|move|p1b: Hur-Hur-Hur|Hurricane|p2a: Volcarona\n|-supereffective|p2a: Volcarona\n|-damage|p2a: Volcarona|44\/100\n|-start|p2a: Volcarona|confusion\n|move|p1a: Master Shi-Fu!|Surging Strikes|p2b: Hydreigon\n|-resisted|p2b: Hydreigon\n|-crit|p2b: Hydreigon\n|-damage|p2b: Hydreigon|68\/100\n|-resisted|p2b: Hydreigon\n|-crit|p2b: Hydreigon\n|-damage|p2b: Hydreigon|46\/100\n|-resisted|p2b: Hydreigon\n|-crit|p2b: Hydreigon\n|-damage|p2b: Hydreigon|23\/100\n|-hitcount|p2b: Hydreigon|3\n|-damage|p1a: Master Shi-Fu!|91\/100|[from] item: Life Orb\n|-activate|p2a: Volcarona|confusion\n|-damage|p2a: Volcarona|38\/100|[from] confusion\n|move|p2b: Hydreigon|Dark Pulse|p1b: Hur-Hur-Hur\n|-damage|p1b: Hur-Hur-Hur|51\/100\n|\n|-weather|RainDance|[upkeep]\n|-sideend|p1: omegashenronone|move: Tailwind\n|upkeep\n|turn|5\n|\n|t:|1698244302\n|-activate|p2a: Volcarona|confusion\n|move|p2a: Volcarona|Rage Powder|p2a: Volcarona\n|-singleturn|p2a: Volcarona|move: Rage Powder\n|move|p1b: Hur-Hur-Hur|Hurricane|p2a: Volcarona\n|-supereffective|p2a: Volcarona\n|-damage|p2a: Volcarona|0 fnt\n|faint|p2a: Volcarona\n|move|p2b: Hydreigon|Dark Pulse|p1b: Hur-Hur-Hur\n|-damage|p1b: Hur-Hur-Hur|1\/100\n|move|p1a: Master Shi-Fu!|Surging Strikes|p2b: Hydreigon\n|-resisted|p2b: Hydreigon\n|-crit|p2b: Hydreigon\n|-damage|p2b: Hydreigon|2\/100\n|-resisted|p2b: Hydreigon\n|-crit|p2b: Hydreigon\n|-damage|p2b: Hydreigon|0 fnt\n|faint|p2b: Hydreigon\n|-hitcount|p2: Hydreigon|2\n|-damage|p1a: Master Shi-Fu!|81\/100|[from] item: Life Orb\n|\n|-weather|RainDance|[upkeep]\n|upkeep\n|\n|t:|1698244314\n|switch|p2a: Scizor|Scizor, F|100\/100\n|switch|p2b: Maushold|Maushold-Four|15\/100\n|turn|6\n|c|\u2606omegashenronone|Hur is at 2hp\n|\n|t:|1698244332\n|move|p2b: Maushold|Follow Me|p2b: Maushold\n|-singleturn|p2b: Maushold|move: Follow Me\n|move|p2a: Scizor|Bullet Punch|p1b: Hur-Hur-Hur\n|-resisted|p1b: Hur-Hur-Hur\n|-damage|p1b: Hur-Hur-Hur|0 fnt\n|faint|p1b: Hur-Hur-Hur\n|move|p1a: Master Shi-Fu!|Close Combat|p2b: Maushold\n|-supereffective|p2b: Maushold\n|-damage|p2b: Maushold|0 fnt\n|-unboost|p1a: Master Shi-Fu!|def|1\n|-unboost|p1a: Master Shi-Fu!|spd|1\n|faint|p2b: Maushold\n|-damage|p1a: Master Shi-Fu!|71\/100|[from] item: Life Orb\n|\n|-weather|RainDance|[upkeep]\n|upkeep\n|\n|t:|1698244340\n|switch|p2b: Urshifu|Urshifu-Rapid-Strike, M|100\/100\n|switch|p1b: Happy|Pelipper, F|100\/100\n|turn|7\n|\n|t:|1698244359\n|detailschange|p2a: Scizor|Scizor-Mega, F\n|-mega|p2a: Scizor|Scizor|Scizorite\n|-terastallize|p1a: Master Shi-Fu!|Water\n|move|p2b: Urshifu|Thunder Punch|p1b: Happy\n|-supereffective|p1b: Happy\n|-crit|p1b: Happy\n|-damage|p1b: Happy|0 fnt\n|faint|p1b: Happy\n|move|p1a: Master Shi-Fu!|Close Combat|p2a: Scizor\n|-damage|p2a: Scizor|56\/100\n|-unboost|p1a: Master Shi-Fu!|def|1\n|-unboost|p1a: Master Shi-Fu!|spd|1\n|-damage|p1a: Master Shi-Fu!|61\/100|[from] item: Life Orb\n|move|p2a: Scizor|Swords Dance|p2a: Scizor\n|-boost|p2a: Scizor|atk|2\n|\n|-weather|RainDance|[upkeep]\n|upkeep\n|inactive|omegashenronone has 270 seconds left.\n|\n|t:|1698244379\n|switch|p1b: Genji|Greninja, M, shiny|100\/100\n|turn|8\n|\n|t:|1698244398\n|move|p2a: Scizor|Protect|p2a: Scizor\n|-singleturn|p2a: Scizor|Protect\n|move|p1b: Genji|Ice Beam|p2a: Scizor\n|-start|p1b: Genji|typechange|Ice|[from] ability: Protean\n|-activate|p2a: Scizor|move: Protect\n|move|p2b: Urshifu|Thunder Punch|p1b: Genji\n|-damage|p1b: Genji|60\/100\n|move|p1a: Master Shi-Fu!|Close Combat|p2a: Scizor\n|-damage|p2a: Scizor|18\/100\n|-unboost|p1a: Master Shi-Fu!|def|1\n|-unboost|p1a: Master Shi-Fu!|spd|1\n|-damage|p1a: Master Shi-Fu!|51\/100|[from] item: Life Orb\n|\n|-weather|none\n|-sideend|p2: Vario 64\u2606\u5f61|move: Light Screen\n|upkeep\n|turn|9\n|\n|t:|1698244418\n|switch|p1a: Gym bro|Swampert, F|100\/100\n|move|p2a: Scizor|Bullet Punch|p1a: Gym bro\n|-resisted|p1a: Gym bro\n|-damage|p1a: Gym bro|63\/100\n|move|p1b: Genji|Ice Beam|p2a: Scizor\n|-resisted|p2a: Scizor\n|-damage|p2a: Scizor|0 fnt\n|faint|p2a: Scizor\n|move|p2b: Urshifu|Surging Strikes|p1b: Genji\n|-crit|p1b: Genji\n|-damage|p1b: Genji|25\/100\n|-crit|p1b: Genji\n|-damage|p1b: Genji|0 fnt\n|faint|p1b: Genji\n|-hitcount|p1: Genji|2\n|\n|-sideend|p2: Vario 64\u2606\u5f61|Reflect\n|upkeep\n|\n|t:|1698244432\n|switch|p1b: Master Shi-Fu!|Urshifu-Rapid-Strike, M, tera:Water|51\/100\n|turn|10\n|\n|t:|1698244441\n|detailschange|p1a: Gym bro|Swampert-Mega, F\n|-mega|p1a: Gym bro|Swampert|Swampertite\n|move|p2b: Urshifu|Thunder Punch|p1b: Master Shi-Fu!\n|-supereffective|p1b: Master Shi-Fu!\n|-damage|p1b: Master Shi-Fu!|0 fnt\n|faint|p1b: Master Shi-Fu!\n|move|p1a: Gym bro|Liquidation|p2b: Urshifu\n|-resisted|p2b: Urshifu\n|-damage|p2b: Urshifu|75\/100\n|\n|upkeep\n|\n|t:|1698244445\n|switch|p1b: Former rotom phone|Rotom-Wash, shiny|100\/100\n|turn|11\n|\n|t:|1698244454\n|move|p2b: Urshifu|Surging Strikes|p1a: Gym bro\n|-crit|p1a: Gym bro\n|-damage|p1a: Gym bro|45\/100\n|-crit|p1a: Gym bro\n|-damage|p1a: Gym bro|28\/100\n|-crit|p1a: Gym bro\n|-damage|p1a: Gym bro|11\/100\n|-hitcount|p1a: Gym bro|3\n|move|p1b: Former rotom phone|Thunder|p2b: Urshifu|[miss]\n|-miss|p1b: Former rotom phone|p2b: Urshifu\n|move|p1a: Gym bro|Liquidation|p2b: Urshifu\n|-resisted|p2b: Urshifu\n|-damage|p2b: Urshifu|46\/100\n|\n|upkeep\n|turn|12\n|\n|t:|1698244465\n|move|p2b: Urshifu|Surging Strikes|p1a: Gym bro\n|-crit|p1a: Gym bro\n|-damage|p1a: Gym bro|0 fnt\n|faint|p1a: Gym bro\n|-hitcount|p1: Gym bro|1\n|move|p1b: Former rotom phone|Thunder|p2b: Urshifu\n|-supereffective|p2b: Urshifu\n|-damage|p2b: Urshifu|0 fnt\n|faint|p2b: Urshifu\n|-damage|p1b: Former rotom phone|91\/100|[from] item: Life Orb\n|\n|win|omegashenronone\n|c| Chaoss150|gg\n|c|\u2606omegashenronone|Close match\n|c|\u2606Vario 64\u2606\u5f61|Gg wp!\n","uploadtime":1698244479,"views":11,"p1id":"omegashenronone","p2id":"vario64","formatid":"gen9nationaldexdoubles","rating":0,"private":0,"password":""}