{"id":"gen9nationaldexdoubles-1984493060","p1":"Greenheart_YT","p2":"Schuey_007","format":"[Gen 9] National Dex Doubles","log":"|j|\u2606Greenheart_YT\n|j|\u2606Schuey_007\n|t:|1699272121\n|gametype|doubles\n|player|p1|Greenheart_YT|iono|1084\n|player|p2|Schuey_007|benga|1122\n|teamsize|p1|6\n|teamsize|p2|6\n|gen|9\n|tier|[Gen 9] National Dex Doubles\n|rated|\n|rule|HP Percentage Mod: HP is shown in percentages\n|rule|Endless Battle Clause: Forcing endless battles is banned\n|rule|OHKO Clause: OHKO moves are banned\n|rule|Evasion Moves Clause: Evasion moves are banned\n|rule|Evasion Abilities Clause: Evasion abilities are banned\n|rule|Species Clause: Limit one of each Pok\u00e9mon\n|rule|Gravity Sleep Clause: The combination of sleep-inducing moves with imperfect accuracy and Gravity or Gigantamax Orbeetle are banned\n|clearpoke\n|poke|p1|Clefairy, F|\n|poke|p1|Sinistcha-Masterpiece|\n|poke|p1|Ogerpon-Wellspring, F|\n|poke|p1|Pelipper, M|\n|poke|p1|Torkoal, M|\n|poke|p1|Armarouge, M|\n|poke|p2|Pincurchin, F|\n|poke|p2|Toxapex, M|\n|poke|p2|Shuckle, F|\n|poke|p2|Landorus-Therian, M|\n|poke|p2|Malamar, M|\n|poke|p2|Thundurus-Therian, M|\n|teampreview\n|\n|t:|1699272150\n|start\n|switch|p1a: Roasty Toasty|Torkoal, M|100\/100\n|switch|p1b: Toasty Roasty|Armarouge, M, shiny|100\/100\n|switch|p2a: Pincurchin|Pincurchin, F|100\/100\n|switch|p2b: Toxapex|Toxapex, M|100\/100\n|-weather|SunnyDay|[from] ability: Drought|[of] p1a: Roasty Toasty\n|-item|p2a: Pincurchin|Air Balloon\n|turn|1\n|\n|t:|1699272192\n|move|p1b: Toasty Roasty|Psychic|p2b: Toxapex\n|-supereffective|p2b: Toxapex\n|-crit|p2b: Toxapex\n|-damage|p2b: Toxapex|0 fnt\n|faint|p2b: Toxapex\n|move|p1a: Roasty Toasty|Yawn|p2a: Pincurchin\n|-start|p2a: Pincurchin|move: Yawn|[of] p1a: Roasty Toasty\n|move|p2a: Pincurchin|Thunder Wave|p1b: Toasty Roasty\n|-status|p1b: Toasty Roasty|par\n|\n|-weather|SunnyDay|[upkeep]\n|upkeep\n|\n|t:|1699272208\n|switch|p2b: Malamar|Malamar, M|100\/100\n|turn|2\n|\n|t:|1699272233\n|-terastallize|p1b: Toasty Roasty|Grass\n|move|p2b: Malamar|Acupressure|p2b: Malamar\n|-boost|p2b: Malamar|spd|2\n|move|p1b: Toasty Roasty|Armor Cannon|p2b: Malamar\n|-damage|p2b: Malamar|52\/100\n|-unboost|p1b: Toasty Roasty|def|1\n|-unboost|p1b: Toasty Roasty|spd|1\n|move|p1a: Roasty Toasty|Yawn|p2b: Malamar\n|-start|p2b: Malamar|move: Yawn|[of] p1a: Roasty Toasty\n|move|p2a: Pincurchin|Thunder Wave|p1a: Roasty Toasty\n|-status|p1a: Roasty Toasty|par\n|\n|-weather|SunnyDay|[upkeep]\n|-heal|p2b: Malamar|58\/100|[from] item: Leftovers\n|-end|p2a: Pincurchin|move: Yawn|[silent]\n|-status|p2a: Pincurchin|slp\n|upkeep\n|turn|3\n|\n|t:|1699272261\n|switch|p1b: Chi Mii Miiiiii|Clefairy, F|100\/100\n|move|p2b: Malamar|Acupressure|p2b: Malamar\n|-boost|p2b: Malamar|def|2\n|cant|p2a: Pincurchin|slp\n|move|p1a: Roasty Toasty|Stealth Rock|p2b: Malamar\n|-sidestart|p2: Schuey_007|move: Stealth Rock\n|\n|-weather|SunnyDay|[upkeep]\n|-heal|p2b: Malamar|64\/100|[from] item: Leftovers\n|-end|p2b: Malamar|move: Yawn|[silent]\n|-status|p2b: Malamar|slp\n|upkeep\n|turn|4\n|\n|t:|1699272282\n|switch|p1b: Ogerpon|Ogerpon-Wellspring, F|100\/100\n|cant|p2b: Malamar|slp\n|-curestatus|p2a: Pincurchin|slp|[msg]\n|move|p2a: Pincurchin|Acupressure|p2b: Malamar\n|-boost|p2b: Malamar|accuracy|2\n|move|p1a: Roasty Toasty|Clear Smog|p2b: Malamar\n|-damage|p2b: Malamar|59\/100 slp\n|-clearboost|p2b: Malamar\n|\n|-weather|SunnyDay|[upkeep]\n|-heal|p2b: Malamar|65\/100 slp|[from] item: Leftovers\n|upkeep\n|turn|5\n|\n|t:|1699272307\n|switch|p1a: Ducky|Pelipper, M, shiny|100\/100\n|-weather|RainDance|[from] ability: Drizzle|[of] p1a: Ducky\n|move|p1b: Ogerpon|Ivy Cudgel|p2a: Pincurchin\n|-damage|p2a: Pincurchin|3\/100\n|-enditem|p2a: Pincurchin|Air Balloon\n|-curestatus|p2b: Malamar|slp|[msg]\n|move|p2b: Malamar|Acupressure|p2b: Malamar\n|-boost|p2b: Malamar|def|2\n|move|p2a: Pincurchin|Thunderbolt|p1b: Ogerpon\n|-damage|p1b: Ogerpon|64\/100\n|\n|-weather|RainDance|[upkeep]\n|-heal|p2b: Malamar|71\/100|[from] item: Leftovers\n|upkeep\n|turn|6\n|\n|t:|1699272326\n|move|p1a: Ducky|Helping Hand|p1b: Ogerpon\n|-singleturn|p1b: Ogerpon|Helping Hand|[of] p1a: Ducky\n|move|p1b: Ogerpon|Ivy Cudgel|p2b: Malamar\n|-damage|p2b: Malamar|17\/100\n|move|p2b: Malamar|Future Sight|p1b: Ogerpon\n|-start|p2b: Malamar|move: Future Sight\n|move|p2a: Pincurchin|Thunderbolt|p1a: Ducky\n|-supereffective|p1a: Ducky\n|-damage|p1a: Ducky|0 fnt\n|faint|p1a: Ducky\n|\n|-weather|RainDance|[upkeep]\n|-heal|p2b: Malamar|23\/100|[from] item: Leftovers\n|upkeep\n|\n|t:|1699272335\n|switch|p1a: Chi Mii Miiiiii|Clefairy, F|100\/100\n|turn|7\n|\n|t:|1699272349\n|move|p1a: Chi Mii Miiiiii|Follow Me|p1a: Chi Mii Miiiiii\n|-singleturn|p1a: Chi Mii Miiiiii|move: Follow Me\n|move|p1b: Ogerpon|Trailblaze|p2b: Malamar\n|-damage|p2b: Malamar|10\/100\n|-boost|p1b: Ogerpon|spe|1\n|move|p2b: Malamar|Future Sight|p1a: Chi Mii Miiiiii\n|-start|p2b: Malamar|move: Future Sight\n|move|p2a: Pincurchin|Thunder Wave|p1a: Chi Mii Miiiiii|[miss]\n|-miss|p2a: Pincurchin|p1a: Chi Mii Miiiiii\n|\n|-weather|RainDance|[upkeep]\n|-heal|p2b: Malamar|16\/100|[from] item: Leftovers\n|upkeep\n|turn|8\n|\n|t:|1699272373\n|move|p1a: Chi Mii Miiiiii|Follow Me|p1a: Chi Mii Miiiiii\n|-singleturn|p1a: Chi Mii Miiiiii|move: Follow Me\n|move|p1b: Ogerpon|Trailblaze|p2a: Pincurchin\n|-damage|p2a: Pincurchin|0 fnt\n|-boost|p1b: Ogerpon|spe|1\n|faint|p2a: Pincurchin\n|move|p2b: Malamar|Attract|p1a: Chi Mii Miiiiii\n|-start|p1a: Chi Mii Miiiiii|Attract\n|\n|-weather|RainDance|[upkeep]\n|-end|p1b: Ogerpon|move: Future Sight\n|-damage|p1b: Ogerpon|38\/100\n|-heal|p2b: Malamar|23\/100|[from] item: Leftovers\n|upkeep\n|\n|t:|1699272390\n|switch|p2a: Shuckle|Shuckle, F|100\/100\n|-damage|p2a: Shuckle|76\/100|[from] Stealth Rock\n|turn|9\n|\n|t:|1699272408\n|-activate|p1a: Chi Mii Miiiiii|move: Attract|[of] p2b: Malamar\n|cant|p1a: Chi Mii Miiiiii|Attract\n|move|p1b: Ogerpon|Ivy Cudgel|p2a: Shuckle\n|-supereffective|p2a: Shuckle\n|-damage|p2a: Shuckle|0 fnt\n|faint|p2a: Shuckle\n|move|p2b: Malamar|Attract|p1b: Ogerpon\n|-start|p1b: Ogerpon|Attract\n|\n|-weather|RainDance|[upkeep]\n|-end|p1a: Chi Mii Miiiiii|move: Future Sight\n|-damage|p1a: Chi Mii Miiiiii|83\/100\n|-heal|p2b: Malamar|29\/100|[from] item: Leftovers\n|upkeep\n|\n|t:|1699272423\n|switch|p2a: Thundurus|Thundurus-Therian, M|100\/100\n|turn|10\n|\n|t:|1699272439\n|-activate|p1a: Chi Mii Miiiiii|move: Attract|[of] p2b: Malamar\n|move|p1a: Chi Mii Miiiiii|Follow Me|p1a: Chi Mii Miiiiii\n|-singleturn|p1a: Chi Mii Miiiiii|move: Follow Me\n|-activate|p1b: Ogerpon|move: Attract|[of] p2b: Malamar\n|move|p1b: Ogerpon|Ivy Cudgel|p2b: Malamar\n|-damage|p2b: Malamar|0 fnt\n|faint|p2b: Malamar\n|-end|p1b: Ogerpon|Attract|[silent]\n|-end|p1a: Chi Mii Miiiiii|Attract|[silent]\n|move|p2a: Thundurus|Nasty Plot|p2a: Thundurus\n|-boost|p2a: Thundurus|spa|2\n|\n|-weather|RainDance|[upkeep]\n|upkeep\n|\n|t:|1699272448\n|switch|p2b: Landorus|Landorus-Therian, M|100\/100\n|-damage|p2b: Landorus|88\/100|[from] Stealth Rock\n|-ability|p2b: Landorus|Intimidate|boost\n|-unboost|p1a: Chi Mii Miiiiii|atk|1\n|-unboost|p1b: Ogerpon|atk|1\n|turn|11\n|\n|t:|1699272462\n|move|p1a: Chi Mii Miiiiii|Follow Me|p1a: Chi Mii Miiiiii\n|-singleturn|p1a: Chi Mii Miiiiii|move: Follow Me\n|move|p1b: Ogerpon|Ivy Cudgel|p2a: Thundurus\n|-damage|p2a: Thundurus|3\/100\n|move|p2a: Thundurus|Thunderbolt|p1a: Chi Mii Miiiiii\n|-damage|p1a: Chi Mii Miiiiii|21\/100\n|-zpower|p2b: Landorus\n|move|p2b: Landorus|Continental Crush|p1a: Chi Mii Miiiiii|[zeffect]\n|-damage|p1a: Chi Mii Miiiiii|0 fnt\n|faint|p1a: Chi Mii Miiiiii\n|\n|-weather|RainDance|[upkeep]\n|upkeep\n|\n|t:|1699272474\n|switch|p1a: Soup|Sinistcha-Masterpiece, shiny|100\/100\n|-heal|p1b: Ogerpon|63\/100|[from] ability: Hospitality|[of] p1a: Soup\n|turn|12\n|\n|t:|1699272486\n|move|p1b: Ogerpon|Trailblaze|p2a: Thundurus\n|-resisted|p2a: Thundurus\n|-damage|p2a: Thundurus|0 fnt\n|-boost|p1b: Ogerpon|spe|1\n|faint|p2a: Thundurus\n|move|p2b: Landorus|Earthquake|p1a: Soup|[spread] p1a,p1b\n|-resisted|p1a: Soup\n|-resisted|p1b: Ogerpon\n|-damage|p1a: Soup|86\/100\n|-damage|p1b: Ogerpon|34\/100\n|move|p1a: Soup|Matcha Gotcha|p2b: Landorus\n|-damage|p2b: Landorus|43\/100\n|-heal|p1a: Soup|100\/100|[from] drain|[of] p2b: Landorus\n|\n|-weather|none\n|upkeep\n|turn|13\n|-message|Schuey_007 forfeited.\n|\n|win|Greenheart_YT\n|raw|Greenheart_YT's rating: 1084 &rarr; <strong>1114<\/strong><br \/>(+30 for winning)\n|raw|Schuey_007's rating: 1122 &rarr; <strong>1094<\/strong><br \/>(-28 for losing)\n|l|\u2606Schuey_007\n","uploadtime":1699272502,"views":5,"p1id":"greenheartyt","p2id":"schuey007","formatid":"gen9nationaldexdoubles","rating":1094,"private":0,"password":""}