{"id":"gen9nationaldexdoubles-1983471955","p1":"Kingcheetah009","p2":"vibrava9000","format":"[Gen 9] National Dex Doubles","log":"|j|\u2606Kingcheetah009\n|j|\u2606vibrava9000\n|t:|1699133735\n|gametype|doubles\n|player|p1|Kingcheetah009|265|\n|player|p2|vibrava9000|fisherman-gen4|\n|teamsize|p1|6\n|teamsize|p2|6\n|gen|9\n|tier|[Gen 9] National Dex Doubles\n|rule|HP Percentage Mod: HP is shown in percentages\n|rule|Endless Battle Clause: Forcing endless battles is banned\n|rule|OHKO Clause: OHKO moves are banned\n|rule|Evasion Moves Clause: Evasion moves are banned\n|rule|Evasion Abilities Clause: Evasion abilities are banned\n|rule|Species Clause: Limit one of each Pok\u00e9mon\n|rule|Gravity Sleep Clause: The combination of sleep-inducing moves with imperfect accuracy and Gravity or Gigantamax Orbeetle are banned\n|clearpoke\n|poke|p1|Sylveon, F|\n|poke|p1|Jolteon, M|\n|poke|p1|Umbreon, M|\n|poke|p1|Vaporeon, F|\n|poke|p1|Flareon, M|\n|poke|p1|Espeon, F|\n|poke|p2|Lurantis, M|\n|poke|p2|Ninetales, F|\n|poke|p2|Gengar, M|\n|poke|p2|Tyranitar, F|\n|poke|p2|Mew|\n|poke|p2|Pelipper, M|\n|teampreview\n|\n|t:|1699133757\n|start\n|switch|p1a: Jolteon|Jolteon, M, shiny|100\/100\n|switch|p1b: Sylveon|Sylveon, F, shiny|100\/100\n|switch|p2a: Pelipper|Pelipper, M, shiny|100\/100\n|switch|p2b: Lurantis|Lurantis, M, shiny|100\/100\n|turn|1\n|\n|t:|1699133784\n|move|p1a: Jolteon|Thunderbolt|p2a: Pelipper\n|-supereffective|p2a: Pelipper\n|-damage|p2a: Pelipper|0 fnt\n|faint|p2a: Pelipper\n|-damage|p1a: Jolteon|91\/100|[from] item: Life Orb\n|move|p1b: Sylveon|Hyper Beam|p2b: Lurantis\n|-damage|p2b: Lurantis|0 fnt\n|-mustrecharge|p1b: Sylveon\n|faint|p2b: Lurantis\n|\n|upkeep\n|\n|t:|1699133800\n|switch|p2a: Tyranitar|Tyranitar, F|100\/100\n|switch|p2b: Ninetales|Ninetales, F, shiny|100\/100\n|-ability|p2a: Tyranitar|Unnerve\n|-weather|SunnyDay|[from] ability: Drought|[of] p2b: Ninetales\n|turn|2\n|\n|t:|1699133834\n|move|p1a: Jolteon|Thunderbolt|p2b: Ninetales\n|-crit|p2b: Ninetales\n|-damage|p2b: Ninetales|43\/100\n|-damage|p1a: Jolteon|81\/100|[from] item: Life Orb\n|move|p2b: Ninetales|Body Slam|p1a: Jolteon\n|-damage|p1a: Jolteon|52\/100\n|move|p2a: Tyranitar|Hone Claws|p2a: Tyranitar\n|-boost|p2a: Tyranitar|atk|1\n|-boost|p2a: Tyranitar|accuracy|1\n|cant|p1b: Sylveon|recharge\n|\n|-weather|SunnyDay|[upkeep]\n|upkeep\n|turn|3\n|c|\u2606vibrava9000|These are my favorite Pokemon\n|\n|t:|1699133872\n|move|p1a: Jolteon|Thunderbolt|p2b: Ninetales\n|-damage|p2b: Ninetales|6\/100\n|-status|p2b: Ninetales|par\n|-damage|p1a: Jolteon|42\/100|[from] item: Life Orb\n|move|p2a: Tyranitar|Hone Claws|p2a: Tyranitar\n|-boost|p2a: Tyranitar|atk|1\n|-boost|p2a: Tyranitar|accuracy|1\n|move|p1b: Sylveon|Hyper Beam|p2a: Tyranitar|[miss]\n|-miss|p1b: Sylveon|p2a: Tyranitar\n|move|p2b: Ninetales|Body Slam|p1a: Jolteon\n|-damage|p1a: Jolteon|10\/100\n|\n|-weather|SunnyDay|[upkeep]\n|upkeep\n|turn|4\n|c|\u2606Kingcheetah009|I\u2019m using mine too lol\n|\n|t:|1699133942\n|move|p1a: Jolteon|Thunderbolt|p2b: Ninetales\n|-crit|p2b: Ninetales\n|-damage|p2b: Ninetales|0 fnt\n|faint|p2b: Ninetales\n|-damage|p1a: Jolteon|0 fnt|[from] item: Life Orb\n|faint|p1a: Jolteon\n|move|p2a: Tyranitar|Crunch|p1b: Sylveon\n|-resisted|p1b: Sylveon\n|-damage|p1b: Sylveon|44\/100\n|move|p1b: Sylveon|Hyper Beam|p2a: Tyranitar\n|-supereffective|p2a: Tyranitar\n|-damage|p2a: Tyranitar|0 fnt\n|-mustrecharge|p1b: Sylveon\n|faint|p2a: Tyranitar\n|\n|-weather|SunnyDay|[upkeep]\n|upkeep\n|\n|t:|1699133963\n|switch|p1a: Espeon|Espeon, F, shiny|100\/100\n|switch|p2b: Gengar|Gengar, M, shiny|100\/100\n|switch|p2a: Mew|Mew|100\/100\n|turn|5\n|\n|t:|1699133978\n|move|p2a: Mew|Psychic|p1b: Sylveon\n|-damage|p1b: Sylveon|15\/100\n|move|p1a: Espeon|Dazzling Gleam|p2b: Gengar|[spread] p2a,p2b\n|-resisted|p2b: Gengar\n|-damage|p2a: Mew|73\/100\n|-damage|p2b: Gengar|78\/100\n|-damage|p1a: Espeon|91\/100|[from] item: Life Orb\n|move|p2b: Gengar|Shadow Ball|p1a: Espeon\n|-supereffective|p1a: Espeon\n|-damage|p1a: Espeon|0 fnt\n|faint|p1a: Espeon\n|-damage|p2b: Gengar|68\/100|[from] item: Life Orb\n|cant|p1b: Sylveon|recharge\n|\n|-weather|SunnyDay|[upkeep]\n|upkeep\n|\n|t:|1699134009\n|switch|p1a: Umbreon|Umbreon, M, shiny|100\/100\n|turn|6\n|\n|t:|1699134028\n|move|p2a: Mew|Psychic|p1a: Umbreon\n|-immune|p1a: Umbreon\n|move|p2b: Gengar|Dark Pulse|p1b: Sylveon\n|-resisted|p1b: Sylveon\n|-damage|p1b: Sylveon|3\/100\n|-damage|p2b: Gengar|58\/100|[from] item: Life Orb\n|move|p1a: Umbreon|Confuse Ray|p2a: Mew\n|-start|p2a: Mew|confusion\n|cant|p1b: Sylveon|flinch\n|\n|-weather|none\n|upkeep\n|turn|7\n|\n|t:|1699134057\n|-activate|p2a: Mew|confusion\n|-damage|p2a: Mew|65\/100|[from] confusion\n|move|p2b: Gengar|Shadow Ball|p1b: Sylveon\n|-damage|p1b: Sylveon|0 fnt\n|faint|p1b: Sylveon\n|-damage|p2b: Gengar|48\/100|[from] item: Life Orb\n|move|p1a: Umbreon|Confuse Ray|p2b: Gengar\n|-start|p2b: Gengar|confusion\n|\n|upkeep\n|\n|t:|1699134069\n|switch|p1b: Flareon|Flareon, M, shiny|100\/100\n|turn|8\n|\n|t:|1699134092\n|-terastallize|p2a: Mew|Psychic\n|-activate|p2a: Mew|confusion\n|move|p2a: Mew|Psychic|p1b: Flareon\n|-damage|p1b: Flareon|48\/100\n|-activate|p2b: Gengar|confusion\n|move|p2b: Gengar|Shadow Ball|p1a: Umbreon\n|-resisted|p1a: Umbreon\n|-damage|p1a: Umbreon|87\/100\n|-damage|p2b: Gengar|38\/100|[from] item: Life Orb\n|move|p1a: Umbreon|Toxic|p2a: Mew\n|-status|p2a: Mew|tox\n|-activate|p2a: Mew|ability: Synchronize\n|-status|p1a: Umbreon|tox\n|-activate|p1a: Umbreon|ability: Synchronize\n|-fail|p2a: Mew|tox\n|move|p1b: Flareon|Flare Blitz|p2b: Gengar\n|-damage|p2b: Gengar|0 fnt\n|faint|p2b: Gengar\n|-damage|p1b: Flareon|38\/100|[from] Recoil\n|\n|-heal|p1a: Umbreon|93\/100 tox|[from] item: Leftovers\n|-damage|p2a: Mew|59\/100 tox|[from] psn\n|-damage|p1a: Umbreon|87\/100 tox|[from] psn\n|-status|p1b: Flareon|tox|[from] item: Toxic Orb\n|upkeep\n|turn|9\n|\n|t:|1699134131\n|-activate|p2a: Mew|confusion\n|move|p2a: Mew|Psychic|p1a: Umbreon\n|-immune|p1a: Umbreon\n|move|p1b: Flareon|Flare Blitz|p2a: Mew\n|-damage|p2a: Mew|0 fnt\n|faint|p2a: Mew\n|-damage|p1b: Flareon|19\/100 tox|[from] Recoil\n|\n|win|Kingcheetah009\n|c|\u2606Kingcheetah009|Gg\n","uploadtime":1699134144,"views":21,"p1id":"kingcheetah009","p2id":"vibrava9000","formatid":"gen9nationaldexdoubles","rating":0,"private":0,"password":""}