{"id":"gen9nationaldexdoubles-1986575226","p1":"Chaos92031","p2":"yaya_x3","format":"[Gen 9] National Dex Doubles","log":"|j|\u2606Chaos92031\n|j|\u2606yaya_x3\n|t:|1699493696\n|gametype|doubles\n|player|p1|Chaos92031|blue|\n|player|p2|yaya_x3|nurse|\n|teamsize|p1|6\n|teamsize|p2|6\n|gen|9\n|tier|[Gen 9] National Dex Doubles\n|rule|HP Percentage Mod: HP is shown in percentages\n|rule|Endless Battle Clause: Forcing endless battles is banned\n|rule|OHKO Clause: OHKO moves are banned\n|rule|Evasion Moves Clause: Evasion moves are banned\n|rule|Evasion Abilities Clause: Evasion abilities are banned\n|rule|Species Clause: Limit one of each Pok\u00e9mon\n|rule|Gravity Sleep Clause: The combination of sleep-inducing moves with imperfect accuracy and Gravity or Gigantamax Orbeetle are banned\n|clearpoke\n|poke|p1|Charizard, F|\n|poke|p1|Chi-Yu|\n|poke|p1|Flutter Mane|\n|poke|p1|Whimsicott, M|\n|poke|p1|Kingambit, F|\n|poke|p1|Landorus-Therian, M|\n|poke|p2|Farigiraf, F|\n|poke|p2|Espathra, F|\n|poke|p2|Salamence, F|\n|poke|p2|Ursaluna, M|\n|poke|p2|Sneasler, F|\n|poke|p2|Tapu Lele|\n|teampreview\n|\n|t:|1699493738\n|start\n|switch|p1a: Whimsicott|Whimsicott, M|100\/100\n|switch|p1b: Landorus|Landorus-Therian, M|100\/100\n|switch|p2a: Sneeze'ler|Sneasler, F|100\/100\n|switch|p2b: \ud835\udc7a\ud835\udc82\ud835\udc8f\ud835\udc8a\ud835\udc84's Mom|Espathra, F, shiny|100\/100\n|-ability|p1b: Landorus|Intimidate|boost\n|-unboost|p2a: Sneeze'ler|atk|1\n|-unboost|p2b: \ud835\udc7a\ud835\udc82\ud835\udc8f\ud835\udc8a\ud835\udc84's Mom|atk|1\n|turn|1\n|\n|t:|1699493769\n|switch|p2b: \u1d18\u1d0f\u1d0b\u1d07\u1d0d\u1d0f\u0274 \ud835\ude48\ud835\ude64\ud835\ude64\ud835\ude63|Salamence, F|100\/100\n|-ability|p2b: \u1d18\u1d0f\u1d0b\u1d07\u1d0d\u1d0f\u0274 \ud835\ude48\ud835\ude64\ud835\ude64\ud835\ude63|Intimidate|boost\n|-unboost|p1a: Whimsicott|atk|1\n|-unboost|p1b: Landorus|atk|1\n|-terastallize|p1a: Whimsicott|Steel\n|-terastallize|p2a: Sneeze'ler|Flying\n|move|p1a: Whimsicott|Tailwind|p1a: Whimsicott\n|-sidestart|p1: Chaos92031|move: Tailwind\n|move|p1b: Landorus|Stealth Rock|p2b: \u1d18\u1d0f\u1d0b\u1d07\u1d0d\u1d0f\u0274 \ud835\ude48\ud835\ude64\ud835\ude64\ud835\ude63\n|-sidestart|p2: yaya_x3|move: Stealth Rock\n|move|p2a: Sneeze'ler|Dire Claw|p1a: Whimsicott\n|-immune|p1a: Whimsicott\n|\n|upkeep\n|turn|2\n|\n|t:|1699493796\n|move|p1a: Whimsicott|Encore|p2a: Sneeze'ler\n|-start|p2a: Sneeze'ler|Encore\n|move|p1b: Landorus|U-turn|p2b: \u1d18\u1d0f\u1d0b\u1d07\u1d0d\u1d0f\u0274 \ud835\ude48\ud835\ude64\ud835\ude64\ud835\ude63\n|-resisted|p2b: \u1d18\u1d0f\u1d0b\u1d07\u1d0d\u1d0f\u0274 \ud835\ude48\ud835\ude64\ud835\ude64\ud835\ude63\n|-damage|p2b: \u1d18\u1d0f\u1d0b\u1d07\u1d0d\u1d0f\u0274 \ud835\ude48\ud835\ude64\ud835\ude64\ud835\ude63|90\/100\n|\n|t:|1699493805\n|switch|p1b: Kingambit|Kingambit, F|100\/100|[from] U-turn\n|move|p2a: Sneeze'ler|Dire Claw|p1b: Kingambit\n|-immune|p1b: Kingambit\n|move|p2b: \u1d18\u1d0f\u1d0b\u1d07\u1d0d\u1d0f\u0274 \ud835\ude48\ud835\ude64\ud835\ude64\ud835\ude63|Tailwind|p2b: \u1d18\u1d0f\u1d0b\u1d07\u1d0d\u1d0f\u0274 \ud835\ude48\ud835\ude64\ud835\ude64\ud835\ude63\n|-sidestart|p2: yaya_x3|move: Tailwind\n|\n|upkeep\n|turn|3\n|\n|t:|1699493844\n|switch|p2a: \uff23\uff48\uff41\uff49\uff4e \uff23\uff48\uff4f\uff50|Farigiraf, F|100\/100\n|-damage|p2a: \uff23\uff48\uff41\uff49\uff4e \uff23\uff48\uff4f\uff50|88\/100|[from] Stealth Rock\n|switch|p2b: Bear fish|Ursaluna, M|100\/100\n|-damage|p2b: Bear fish|94\/100|[from] Stealth Rock\n|move|p1a: Whimsicott|Encore||[still]\n|cant|p2a: \uff23\uff48\uff41\uff49\uff4e \uff23\uff48\uff4f\uff50|ability: Armor Tail|Encore|[of] p1a: Whimsicott\n|move|p1b: Kingambit|Knock Off|p2a: \uff23\uff48\uff41\uff49\uff4e \uff23\uff48\uff4f\uff50\n|-supereffective|p2a: \uff23\uff48\uff41\uff49\uff4e \uff23\uff48\uff4f\uff50\n|-damage|p2a: \uff23\uff48\uff41\uff49\uff4e \uff23\uff48\uff4f\uff50|0 fnt\n|-enditem|p2a: \uff23\uff48\uff41\uff49\uff4e \uff23\uff48\uff4f\uff50|Light Clay|[from] move: Knock Off|[of] p1b: Kingambit\n|faint|p2a: \uff23\uff48\uff41\uff49\uff4e \uff23\uff48\uff4f\uff50\n|\n|-status|p2b: Bear fish|brn|[from] item: Flame Orb\n|upkeep\n|j| MarcusTalks\n|\n|t:|1699493862\n|switch|p2a: \u1d18\u1d0f\u1d0b\u1d07\u1d0d\u1d0f\u0274 \ud835\ude48\ud835\ude64\ud835\ude64\ud835\ude63|Salamence, F|90\/100\n|-damage|p2a: \u1d18\u1d0f\u1d0b\u1d07\u1d0d\u1d0f\u0274 \ud835\ude48\ud835\ude64\ud835\ude64\ud835\ude63|65\/100|[from] Stealth Rock\n|-ability|p2a: \u1d18\u1d0f\u1d0b\u1d07\u1d0d\u1d0f\u0274 \ud835\ude48\ud835\ude64\ud835\ude64\ud835\ude63|Intimidate|boost\n|-unboost|p1a: Whimsicott|atk|1\n|-unboost|p1b: Kingambit|atk|1\n|-ability|p1b: Kingambit|Defiant|boost\n|-boost|p1b: Kingambit|atk|2\n|turn|4\n|c| MarcusTalks|Hi peeps\n|\n|t:|1699493884\n|switch|p1a: Landorus|Landorus-Therian, M|100\/100\n|-ability|p1a: Landorus|Intimidate|boost\n|-unboost|p2a: \u1d18\u1d0f\u1d0b\u1d07\u1d0d\u1d0f\u0274 \ud835\ude48\ud835\ude64\ud835\ude64\ud835\ude63|atk|1\n|-unboost|p2b: Bear fish|atk|1\n|move|p2a: \u1d18\u1d0f\u1d0b\u1d07\u1d0d\u1d0f\u0274 \ud835\ude48\ud835\ude64\ud835\ude64\ud835\ude63|Protect|p2a: \u1d18\u1d0f\u1d0b\u1d07\u1d0d\u1d0f\u0274 \ud835\ude48\ud835\ude64\ud835\ude64\ud835\ude63\n|-singleturn|p2a: \u1d18\u1d0f\u1d0b\u1d07\u1d0d\u1d0f\u0274 \ud835\ude48\ud835\ude64\ud835\ude64\ud835\ude63|Protect\n|move|p1b: Kingambit|Sucker Punch|p2b: Bear fish\n|-damage|p2b: Bear fish|56\/100 brn\n|move|p2b: Bear fish|Earthquake|p1a: Landorus|[spread] p1b\n|-activate|p2a: \u1d18\u1d0f\u1d0b\u1d07\u1d0d\u1d0f\u0274 \ud835\ude48\ud835\ude64\ud835\ude64\ud835\ude63|move: Protect\n|-immune|p1a: Landorus\n|-supereffective|p1b: Kingambit\n|-damage|p1b: Kingambit|31\/100\n|\n|-damage|p2b: Bear fish|50\/100 brn|[from] brn\n|-sideend|p1: Chaos92031|move: Tailwind\n|upkeep\n|turn|5\n|\n|t:|1699493924\n|switch|p2b: Taling \u0299\u026a\u0274\u0262 \u0299\u026a\u0274\u0262|Tapu Lele|100\/100\n|-damage|p2b: Taling \u0299\u026a\u0274\u0262 \u0299\u026a\u0274\u0262|88\/100|[from] Stealth Rock\n|-fieldstart|move: Psychic Terrain|[from] ability: Psychic Surge|[of] p2b: Taling \u0299\u026a\u0274\u0262 \u0299\u026a\u0274\u0262\n|detailschange|p2a: \u1d18\u1d0f\u1d0b\u1d07\u1d0d\u1d0f\u0274 \ud835\ude48\ud835\ude64\ud835\ude64\ud835\ude63|Salamence-Mega, F\n|-mega|p2a: \u1d18\u1d0f\u1d0b\u1d07\u1d0d\u1d0f\u0274 \ud835\ude48\ud835\ude64\ud835\ude64\ud835\ude63|Salamence|Salamencite\n|move|p1b: Kingambit|Sucker Punch|p2a: \u1d18\u1d0f\u1d0b\u1d07\u1d0d\u1d0f\u0274 \ud835\ude48\ud835\ude64\ud835\ude64\ud835\ude63\n|-hint|Psychic Terrain doesn't affect Pok\u00e9mon immune to Ground.\n|-damage|p2a: \u1d18\u1d0f\u1d0b\u1d07\u1d0d\u1d0f\u0274 \ud835\ude48\ud835\ude64\ud835\ude64\ud835\ude63|16\/100\n|move|p2a: \u1d18\u1d0f\u1d0b\u1d07\u1d0d\u1d0f\u0274 \ud835\ude48\ud835\ude64\ud835\ude64\ud835\ude63|Heat Wave|p1a: Landorus|[spread] p1a,p1b\n|-supereffective|p1b: Kingambit\n|-damage|p1a: Landorus|75\/100\n|-damage|p1b: Kingambit|0 fnt\n|faint|p1b: Kingambit\n|-zpower|p1a: Landorus\n|move|p1a: Landorus|Tectonic Rage|p2b: Taling \u0299\u026a\u0274\u0262 \u0299\u026a\u0274\u0262|[zeffect]\n|-damage|p2b: Taling \u0299\u026a\u0274\u0262 \u0299\u026a\u0274\u0262|0 fnt\n|faint|p2b: Taling \u0299\u026a\u0274\u0262 \u0299\u026a\u0274\u0262\n|\n|-sideend|p2: yaya_x3|move: Tailwind\n|upkeep\n|\n|t:|1699493967\n|switch|p2b: Bear fish|Ursaluna, M|50\/100 brn\n|switch|p1b: Whimsicott|Whimsicott, M, tera:Steel|100\/100\n|-damage|p2b: Bear fish|44\/100 brn|[from] Stealth Rock\n|turn|6\n|\n|t:|1699493995\n|move|p1b: Whimsicott|Tailwind|p1b: Whimsicott\n|-sidestart|p1: Chaos92031|move: Tailwind\n|move|p1a: Landorus|U-turn|p2a: \u1d18\u1d0f\u1d0b\u1d07\u1d0d\u1d0f\u0274 \ud835\ude48\ud835\ude64\ud835\ude64\ud835\ude63\n|-resisted|p2a: \u1d18\u1d0f\u1d0b\u1d07\u1d0d\u1d0f\u0274 \ud835\ude48\ud835\ude64\ud835\ude64\ud835\ude63\n|-damage|p2a: \u1d18\u1d0f\u1d0b\u1d07\u1d0d\u1d0f\u0274 \ud835\ude48\ud835\ude64\ud835\ude64\ud835\ude63|6\/100\n|\n|t:|1699494005\n|switch|p1a: Charizard|Charizard, F|100\/100|[from] U-turn\n|move|p2a: \u1d18\u1d0f\u1d0b\u1d07\u1d0d\u1d0f\u0274 \ud835\ude48\ud835\ude64\ud835\ude64\ud835\ude63|Heat Wave|p1a: Charizard|[spread] p1a,p1b\n|-resisted|p1a: Charizard\n|-supereffective|p1b: Whimsicott\n|-damage|p1a: Charizard|87\/100\n|-damage|p1b: Whimsicott|38\/100\n|move|p2b: Bear fish|Earthquake|p1b: Whimsicott|[spread] p1b\n|-immune|p2a: \u1d18\u1d0f\u1d0b\u1d07\u1d0d\u1d0f\u0274 \ud835\ude48\ud835\ude64\ud835\ude64\ud835\ude63\n|-immune|p1a: Charizard\n|-supereffective|p1b: Whimsicott\n|-damage|p1b: Whimsicott|0 fnt\n|faint|p1b: Whimsicott\n|\n|-damage|p2b: Bear fish|37\/100 brn|[from] brn\n|upkeep\n|\n|t:|1699494011\n|switch|p1b: Flutter Mane|Flutter Mane|100\/100\n|turn|7\n|\n|t:|1699494043\n|switch|p2b: Sneeze'ler|Sneasler, F, tera:Flying|100\/100\n|-damage|p2b: Sneeze'ler|76\/100|[from] Stealth Rock\n|-enditem|p2b: Sneeze'ler|Psychic Seed\n|-boost|p2b: Sneeze'ler|spd|1|[from] item: Psychic Seed\n|detailschange|p1a: Charizard|Charizard-Mega-Y, F\n|-mega|p1a: Charizard|Charizard|Charizardite Y\n|-weather|SunnyDay|[from] ability: Drought|[of] p1a: Charizard\n|-activate|p1b: Flutter Mane|ability: Protosynthesis\n|-start|p1b: Flutter Mane|protosynthesisspe\n|move|p1b: Flutter Mane|Moonblast|p2b: Sneeze'ler\n|-damage|p2b: Sneeze'ler|14\/100\n|move|p1a: Charizard|Heat Wave|p2b: Sneeze'ler|[spread] p2a,p2b\n|-resisted|p2a: \u1d18\u1d0f\u1d0b\u1d07\u1d0d\u1d0f\u0274 \ud835\ude48\ud835\ude64\ud835\ude64\ud835\ude63\n|-damage|p2a: \u1d18\u1d0f\u1d0b\u1d07\u1d0d\u1d0f\u0274 \ud835\ude48\ud835\ude64\ud835\ude64\ud835\ude63|0 fnt\n|-damage|p2b: Sneeze'ler|0 fnt\n|faint|p2a: \u1d18\u1d0f\u1d0b\u1d07\u1d0d\u1d0f\u0274 \ud835\ude48\ud835\ude64\ud835\ude64\ud835\ude63\n|faint|p2b: Sneeze'ler\n|\n|-weather|SunnyDay|[upkeep]\n|upkeep\n|\n|t:|1699494063\n|switch|p2b: Bear fish|Ursaluna, M|37\/100 brn\n|switch|p2a: \ud835\udc7a\ud835\udc82\ud835\udc8f\ud835\udc8a\ud835\udc84's Mom|Espathra, F, shiny|100\/100\n|-damage|p2a: \ud835\udc7a\ud835\udc82\ud835\udc8f\ud835\udc8a\ud835\udc84's Mom|88\/100|[from] Stealth Rock\n|-damage|p2b: Bear fish|31\/100 brn|[from] Stealth Rock\n|turn|8\n|\n|t:|1699494075\n|move|p2a: \ud835\udc7a\ud835\udc82\ud835\udc8f\ud835\udc8a\ud835\udc84's Mom|Protect|p2a: \ud835\udc7a\ud835\udc82\ud835\udc8f\ud835\udc8a\ud835\udc84's Mom\n|-singleturn|p2a: \ud835\udc7a\ud835\udc82\ud835\udc8f\ud835\udc8a\ud835\udc84's Mom|Protect\n|move|p2b: Bear fish|Protect|p2b: Bear fish\n|-singleturn|p2b: Bear fish|Protect\n|move|p1b: Flutter Mane|Moonblast|p2a: \ud835\udc7a\ud835\udc82\ud835\udc8f\ud835\udc8a\ud835\udc84's Mom\n|-activate|p2a: \ud835\udc7a\ud835\udc82\ud835\udc8f\ud835\udc8a\ud835\udc84's Mom|move: Protect\n|move|p1a: Charizard|Solar Beam||[still]\n|-prepare|p1a: Charizard|Solar Beam\n|-anim|p1a: Charizard|Solar Beam|p2b: Bear fish\n|-activate|p2b: Bear fish|move: Protect\n|\n|-weather|SunnyDay|[upkeep]\n|-damage|p2b: Bear fish|25\/100 brn|[from] brn\n|-ability|p2a: \ud835\udc7a\ud835\udc82\ud835\udc8f\ud835\udc8a\ud835\udc84's Mom|Speed Boost|boost\n|-boost|p2a: \ud835\udc7a\ud835\udc82\ud835\udc8f\ud835\udc8a\ud835\udc84's Mom|spe|1\n|upkeep\n|turn|9\n|-message|yaya_x3 forfeited.\n|\n|win|Chaos92031\n|c|\u2606yaya_x3|gg\n|c|\u2606Chaos92031|gg\n","uploadtime":1699494102,"views":12,"p1id":"chaos92031","p2id":"yayax3","formatid":"gen9nationaldexdoubles","rating":0,"private":0,"password":""}