{"id":"gen9nationaldexdoubles-1989547508","p1":"ParrotX3Lmao","p2":"dean44","format":"[Gen 9] National Dex Doubles","log":"|j|\u2606ParrotX3Lmao\n|j|\u2606dean44\n|t:|1699869319\n|gametype|doubles\n|player|p1|ParrotX3Lmao|cynthia-gen4|1074\n|player|p2|dean44|101|1069\n|teamsize|p1|6\n|teamsize|p2|6\n|gen|9\n|tier|[Gen 9] National Dex Doubles\n|rated|\n|rule|HP Percentage Mod: HP is shown in percentages\n|rule|Endless Battle Clause: Forcing endless battles is banned\n|rule|OHKO Clause: OHKO moves are banned\n|rule|Evasion Moves Clause: Evasion moves are banned\n|rule|Evasion Abilities Clause: Evasion abilities are banned\n|rule|Species Clause: Limit one of each Pok\u00e9mon\n|rule|Gravity Sleep Clause: The combination of sleep-inducing moves with imperfect accuracy and Gravity or Gigantamax Orbeetle are banned\n|clearpoke\n|poke|p1|Amoonguss, M|\n|poke|p1|Gothitelle, F|\n|poke|p1|Scream Tail|\n|poke|p1|Flutter Mane|\n|poke|p1|Iron Hands|\n|poke|p1|Meloetta|\n|poke|p2|Malamar, F|\n|poke|p2|Klefki, F|\n|poke|p2|Grapploct, F|\n|poke|p2|Hatterene, F|\n|poke|p2|Garganacl, M|\n|poke|p2|Tsareena, F|\n|teampreview\n|inactive|Battle timer is ON: inactive players will automatically lose when time's up. (requested by dean44)\n|\n|t:|1699869326\n|start\n|switch|p1a: Gothitelle|Gothitelle, F|100\/100\n|switch|p1b: Scream Tail|Scream Tail|100\/100\n|switch|p2a: Malamar|Malamar, F|100\/100\n|switch|p2b: Klefki|Klefki, F|100\/100\n|turn|1\n|\n|t:|1699869346\n|-terastallize|p1a: Gothitelle|Steel\n|move|p1a: Gothitelle|Fake Out|p2a: Malamar\n|-damage|p2a: Malamar|96\/100\n|move|p1b: Scream Tail|Perish Song|p1b: Scream Tail\n|-start|p1a: Gothitelle|perish3|[silent]\n|-start|p1b: Scream Tail|perish3|[silent]\n|-start|p2a: Malamar|perish3|[silent]\n|-start|p2b: Klefki|perish3|[silent]\n|-fieldactivate|move: Perish Song\n|cant|p2a: Malamar|flinch\n|move|p2b: Klefki|Trick Room|p2b: Klefki\n|-fieldstart|move: Trick Room|[of] p2b: Klefki\n|\n|-heal|p2a: Malamar|100\/100|[from] item: Leftovers\n|-start|p1a: Gothitelle|perish3\n|-start|p2a: Malamar|perish3\n|-start|p2b: Klefki|perish3\n|-start|p1b: Scream Tail|perish3\n|upkeep\n|turn|2\n|\n|t:|1699869366\n|move|p1a: Gothitelle|Protect|p1a: Gothitelle\n|-singleturn|p1a: Gothitelle|Protect\n|move|p1b: Scream Tail|Protect|p1b: Scream Tail\n|-singleturn|p1b: Scream Tail|Protect\n|move|p2b: Klefki|Light Screen|p2b: Klefki\n|-sidestart|p2: dean44|move: Light Screen\n|move|p2a: Malamar|Superpower|p1a: Gothitelle\n|-activate|p1a: Gothitelle|move: Protect\n|\n|-start|p1a: Gothitelle|perish2\n|-start|p2a: Malamar|perish2\n|-start|p2b: Klefki|perish2\n|-start|p1b: Scream Tail|perish2\n|upkeep\n|turn|3\n|\n|t:|1699869387\n|move|p2b: Klefki|Reflect|p2b: Klefki\n|-sidestart|p2: dean44|Reflect\n|move|p1a: Gothitelle|Psychic|p2b: Klefki\n|-resisted|p2b: Klefki\n|-damage|p2b: Klefki|89\/100\n|move|p2a: Malamar|Superpower|p1a: Gothitelle\n|-supereffective|p1a: Gothitelle\n|-damage|p1a: Gothitelle|45\/100\n|-boost|p2a: Malamar|atk|1\n|-boost|p2a: Malamar|def|1\n|move|p1b: Scream Tail|Reflect|p1b: Scream Tail\n|-sidestart|p1: ParrotX3Lmao|Reflect\n|\n|-heal|p1a: Gothitelle|51\/100|[from] item: Leftovers\n|-start|p1a: Gothitelle|perish1\n|-start|p2a: Malamar|perish1\n|-start|p2b: Klefki|perish1\n|-start|p1b: Scream Tail|perish1\n|upkeep\n|turn|4\n|\n|t:|1699869411\n|switch|p1a: Amoonguss|Amoonguss, M|100\/100\n|-end|p1b: Scream Tail|Protosynthesis|[silent]\n|switch|p1b: Flutter Mane|Flutter Mane|100\/100\n|move|p2a: Malamar|Knock Off|p1b: Flutter Mane\n|-damage|p1b: Flutter Mane|57\/100\n|-enditem|p1b: Flutter Mane|Focus Sash|[from] move: Knock Off|[of] p2a: Malamar\n|move|p2b: Klefki|Foul Play|p1a: Amoonguss\n|-damage|p1a: Amoonguss|90\/100\n|\n|-heal|p1a: Amoonguss|97\/100|[from] item: Leftovers\n|-start|p2a: Malamar|perish0\n|-start|p2b: Klefki|perish0\n|faint|p2a: Malamar\n|faint|p2b: Klefki\n|upkeep\n|inactive|dean44 has 120 seconds left.\n|\n|t:|1699869429\n|switch|p2a: Garganacl|Garganacl, M|100\/100\n|switch|p2b: Hatterene|Hatterene, F|100\/100\n|turn|5\n|\n|t:|1699869452\n|move|p1b: Flutter Mane|Protect|p1b: Flutter Mane\n|-singleturn|p1b: Flutter Mane|Protect\n|move|p2b: Hatterene|Expanding Force|p1a: Amoonguss\n|-supereffective|p1a: Amoonguss\n|-damage|p1a: Amoonguss|33\/100\n|move|p1a: Amoonguss|Spore|p2a: Garganacl\n|-immune|p2a: Garganacl|[from] ability: Purifying Salt\n|move|p2a: Garganacl|Salt Cure|p1b: Flutter Mane\n|-activate|p1b: Flutter Mane|move: Protect\n|\n|-heal|p1a: Amoonguss|39\/100|[from] item: Leftovers\n|-fieldend|move: Trick Room\n|upkeep\n|turn|6\n|\n|t:|1699869468\n|move|p1b: Flutter Mane|Perish Song|p1b: Flutter Mane\n|-start|p1a: Amoonguss|perish3|[silent]\n|-start|p1b: Flutter Mane|perish3|[silent]\n|-start|p2a: Garganacl|perish3|[silent]\n|-start|p2b: Hatterene|perish3|[silent]\n|-fieldactivate|move: Perish Song\n|move|p2a: Garganacl|Salt Cure|p1b: Flutter Mane\n|-damage|p1b: Flutter Mane|38\/100\n|-start|p1b: Flutter Mane|Salt Cure\n|move|p1a: Amoonguss|Spore|p2b: Hatterene\n|move|p2b: Hatterene|Spore|p1a: Amoonguss|[from]ability: Magic Bounce\n|-immune|p1a: Amoonguss\n|move|p2b: Hatterene|Trick Room|p2b: Hatterene\n|-fieldstart|move: Trick Room|[of] p2b: Hatterene\n|\n|-heal|p1a: Amoonguss|45\/100|[from] item: Leftovers\n|-damage|p1b: Flutter Mane|26\/100|[from] Salt Cure\n|-start|p2b: Hatterene|perish3\n|-start|p1a: Amoonguss|perish3\n|-start|p2a: Garganacl|perish3\n|-start|p1b: Flutter Mane|perish3\n|upkeep\n|turn|7\n|inactive|dean44 has 120 seconds left.\n|\n|t:|1699869503\n|switch|p2b: Tsareena|Tsareena, F|100\/100\n|-enditem|p2b: Tsareena|Room Service\n|-unboost|p2b: Tsareena|spe|1|[from] item: Room Service\n|switch|p1a: Iron Hands|Iron Hands|100\/100\n|-end|p1b: Flutter Mane|Protosynthesis|[silent]\n|switch|p1b: Scream Tail|Scream Tail|100\/100\n|move|p2a: Garganacl|Heavy Slam|p1a: Iron Hands\n|-resisted|p1a: Iron Hands\n|-damage|p1a: Iron Hands|98\/100\n|\n|-start|p2a: Garganacl|perish2\n|-sideend|p1: ParrotX3Lmao|Reflect\n|upkeep\n|turn|8\n|inactive|dean44 has 120 seconds left.\n|\n|t:|1699869525\n|switch|p2b: Grapploct|Grapploct, F|100\/100\n|move|p2a: Garganacl|Heavy Slam|p1b: Scream Tail\n|-supereffective|p1b: Scream Tail\n|-damage|p1b: Scream Tail|35\/100\n|-enditem|p1b: Scream Tail|Sitrus Berry|[eat]\n|-heal|p1b: Scream Tail|59\/100|[from] item: Sitrus Berry\n|move|p1a: Iron Hands|Thunder|p2a: Garganacl|[miss]\n|-miss|p1a: Iron Hands|p2a: Garganacl\n|move|p1b: Scream Tail|Perish Song|p1b: Scream Tail\n|-start|p1a: Iron Hands|perish3|[silent]\n|-start|p1b: Scream Tail|perish3|[silent]\n|-start|p2b: Grapploct|perish3|[silent]\n|-fieldactivate|move: Perish Song\n|\n|-start|p2a: Garganacl|perish1\n|-start|p2b: Grapploct|perish3\n|-start|p1a: Iron Hands|perish3\n|-start|p1b: Scream Tail|perish3\n|upkeep\n|turn|9\n|\n|t:|1699869543\n|-end|p1a: Iron Hands|Quark Drive|[silent]\n|switch|p1a: Gothitelle|Gothitelle, F, tera:Steel|51\/100\n|move|p2a: Garganacl|Heavy Slam|p1b: Scream Tail\n|-supereffective|p1b: Scream Tail\n|-damage|p1b: Scream Tail|0 fnt\n|faint|p1b: Scream Tail\n|-end|p1b: Scream Tail|Protosynthesis|[silent]\n|move|p2b: Grapploct|Octolock|p1a: Gothitelle\n|-start|p1a: Gothitelle|move: Octolock|[of] p2b: Grapploct\n|\n|-heal|p1a: Gothitelle|57\/100|[from] item: Leftovers\n|-unboost|p1a: Gothitelle|def|1\n|-unboost|p1a: Gothitelle|spd|1\n|-start|p2a: Garganacl|perish0\n|-start|p2b: Grapploct|perish2\n|faint|p2a: Garganacl\n|-sideend|p2: dean44|move: Light Screen\n|upkeep\n|\n|t:|1699869559\n|switch|p2a: Tsareena|Tsareena, F|100\/100\n|switch|p1b: Meloetta|Meloetta|100\/100\n|turn|10\n|\n|t:|1699869586\n|-terastallize|p2a: Tsareena|Water\n|move|p2b: Grapploct|Drain Punch|p1b: Meloetta\n|-damage|p1b: Meloetta|66\/100\n|move|p1a: Gothitelle|Psychic|p2b: Grapploct\n|-supereffective|p2b: Grapploct\n|-damage|p2b: Grapploct|32\/100\n|move|p2a: Tsareena|Tera Blast|p1a: Gothitelle|[anim] Tera Blast Water\n|-damage|p1a: Gothitelle|0 fnt\n|faint|p1a: Gothitelle\n|move|p1b: Meloetta|Perish Song|p1b: Meloetta\n|-start|p1b: Meloetta|perish3|[silent]\n|-start|p2a: Tsareena|perish3|[silent]\n|-fieldactivate|move: Perish Song\n|\n|-heal|p2b: Grapploct|38\/100|[from] item: Leftovers\n|-start|p2b: Grapploct|perish1\n|-start|p2a: Tsareena|perish3\n|-start|p1b: Meloetta|perish3\n|-sideend|p2: dean44|Reflect\n|-fieldend|move: Trick Room\n|upkeep\n|inactive|ParrotX3Lmao has 120 seconds left.\n|\n|t:|1699869602\n|switch|p1a: Iron Hands|Iron Hands|98\/100\n|turn|11\n|\n|t:|1699869610\n|switch|p1b: Amoonguss|Amoonguss, M|45\/100\n|switch|p2b: Hatterene|Hatterene, F|100\/100\n|move|p2a: Tsareena|Tera Blast|p1a: Iron Hands|[anim] Tera Blast Water\n|-damage|p1a: Iron Hands|69\/100\n|move|p1a: Iron Hands|Body Slam|p2a: Tsareena\n|-damage|p2a: Tsareena|75\/100\n|-status|p2a: Tsareena|par\n|\n|-heal|p1b: Amoonguss|51\/100|[from] item: Leftovers\n|-start|p2a: Tsareena|perish2\n|upkeep\n|turn|12\n|\n|t:|1699869636\n|move|p1b: Amoonguss|Protect|p1b: Amoonguss\n|-singleturn|p1b: Amoonguss|Protect\n|move|p1a: Iron Hands|Thunder|p2b: Hatterene\n|-damage|p2b: Hatterene|78\/100\n|move|p2b: Hatterene|Expanding Force|p1a: Iron Hands\n|-supereffective|p1a: Iron Hands\n|-damage|p1a: Iron Hands|29\/100\n|move|p2a: Tsareena|Triple Axel|p1b: Amoonguss\n|-activate|p1b: Amoonguss|move: Protect\n|\n|-heal|p1b: Amoonguss|58\/100|[from] item: Leftovers\n|-heal|p2b: Hatterene|84\/100|[from] item: Leftovers\n|-start|p2a: Tsareena|perish1\n|upkeep\n|turn|13\n|\n|t:|1699869659\n|switch|p2a: Grapploct|Grapploct, F|38\/100\n|move|p1a: Iron Hands|Body Slam|p2b: Hatterene\n|-damage|p2b: Hatterene|57\/100\n|move|p1b: Amoonguss|Pollen Puff|p1a: Iron Hands\n|-heal|p1a: Iron Hands|79\/100\n|move|p2b: Hatterene|Expanding Force|p1a: Iron Hands\n|-supereffective|p1a: Iron Hands\n|-damage|p1a: Iron Hands|40\/100\n|\n|-heal|p2a: Grapploct|44\/100|[from] item: Leftovers\n|-heal|p1b: Amoonguss|64\/100|[from] item: Leftovers\n|-heal|p2b: Hatterene|63\/100|[from] item: Leftovers\n|upkeep\n|turn|14\n|\n|t:|1699869689\n|-end|p1a: Iron Hands|Quark Drive|[silent]\n|switch|p1a: Flutter Mane|Flutter Mane|26\/100\n|move|p2a: Grapploct|Protect|p2a: Grapploct\n|-singleturn|p2a: Grapploct|Protect\n|move|p1b: Amoonguss|Protect|p1b: Amoonguss\n|-singleturn|p1b: Amoonguss|Protect\n|move|p2b: Hatterene|Expanding Force|p1a: Flutter Mane\n|-damage|p1a: Flutter Mane|0 fnt\n|faint|p1a: Flutter Mane\n|-end|p1a: Flutter Mane|Protosynthesis|[silent]\n|\n|-heal|p2a: Grapploct|50\/100|[from] item: Leftovers\n|-heal|p1b: Amoonguss|70\/100|[from] item: Leftovers\n|-heal|p2b: Hatterene|69\/100|[from] item: Leftovers\n|upkeep\n|inactive|ParrotX3Lmao has 120 seconds left.\n|inactive|ParrotX3Lmao has 90 seconds left.\n|\n|t:|1699869753\n|switch|p1a: Meloetta|Meloetta|66\/100\n|turn|15\n|inactive|ParrotX3Lmao has 90 seconds left.\n|\n|t:|1699869766\n|switch|p2a: Tsareena|Tsareena, F, tera:Water|75\/100 par\n|move|p1b: Amoonguss|Rage Powder|p1b: Amoonguss\n|-singleturn|p1b: Amoonguss|move: Rage Powder\n|move|p1a: Meloetta|Perish Song|p1a: Meloetta\n|-start|p1a: Meloetta|perish3|[silent]\n|-start|p1b: Amoonguss|perish3|[silent]\n|-start|p2a: Tsareena|perish3|[silent]\n|-start|p2b: Hatterene|perish3|[silent]\n|-fieldactivate|move: Perish Song\n|move|p2b: Hatterene|Trick Room|p2b: Hatterene\n|-fieldstart|move: Trick Room|[of] p2b: Hatterene\n|\n|-heal|p2b: Hatterene|75\/100|[from] item: Leftovers\n|-heal|p1b: Amoonguss|76\/100|[from] item: Leftovers\n|-start|p2a: Tsareena|perish3\n|-start|p2b: Hatterene|perish3\n|-start|p1b: Amoonguss|perish3\n|-start|p1a: Meloetta|perish3\n|upkeep\n|turn|16\n|\n|t:|1699869786\n|move|p1b: Amoonguss|Protect|p1b: Amoonguss\n|-singleturn|p1b: Amoonguss|Protect\n|move|p1a: Meloetta|Protect|p1a: Meloetta\n|-singleturn|p1a: Meloetta|Protect\n|move|p2a: Tsareena|Triple Axel|p1b: Amoonguss\n|-activate|p1b: Amoonguss|move: Protect\n|move|p2b: Hatterene|Giga Drain|p1a: Meloetta\n|-activate|p1a: Meloetta|move: Protect\n|\n|-heal|p2b: Hatterene|81\/100|[from] item: Leftovers\n|-heal|p1b: Amoonguss|83\/100|[from] item: Leftovers\n|-start|p2a: Tsareena|perish2\n|-start|p2b: Hatterene|perish2\n|-start|p1b: Amoonguss|perish2\n|-start|p1a: Meloetta|perish2\n|upkeep\n|turn|17\n|inactive|ParrotX3Lmao has 120 seconds left.\n|\n|t:|1699869807\n|switch|p2b: Grapploct|Grapploct, F|50\/100\n|switch|p1a: Iron Hands|Iron Hands|40\/100\n|move|p1b: Amoonguss|Rage Powder|p1b: Amoonguss\n|-singleturn|p1b: Amoonguss|move: Rage Powder\n|cant|p2a: Tsareena|par\n|\n|-heal|p1b: Amoonguss|89\/100|[from] item: Leftovers\n|-heal|p2b: Grapploct|57\/100|[from] item: Leftovers\n|-start|p2a: Tsareena|perish1\n|-start|p1b: Amoonguss|perish1\n|upkeep\n|turn|18\n|inactive|ParrotX3Lmao has 120 seconds left.\n|\n|t:|1699869837\n|switch|p2a: Hatterene|Hatterene, F|81\/100\n|switch|p1b: Meloetta|Meloetta|66\/100\n|move|p2b: Grapploct|Octolock|p1a: Iron Hands\n|-start|p1a: Iron Hands|move: Octolock|[of] p2b: Grapploct\n|move|p1a: Iron Hands|Wild Charge|p2b: Grapploct\n|-damage|p2b: Grapploct|27\/100\n|-damage|p1a: Iron Hands|34\/100|[from] Recoil\n|\n|-heal|p2a: Hatterene|87\/100|[from] item: Leftovers\n|-heal|p2b: Grapploct|33\/100|[from] item: Leftovers\n|-unboost|p1a: Iron Hands|def|1\n|-unboost|p1a: Iron Hands|spd|1\n|upkeep\n|turn|19\n|inactive|ParrotX3Lmao has 120 seconds left.\n|\n|t:|1699869859\n|move|p2a: Hatterene|Giga Drain|p1b: Meloetta\n|-damage|p1b: Meloetta|43\/100\n|-heal|p2a: Hatterene|99\/100|[from] drain|[of] p1b: Meloetta\n|-enditem|p1b: Meloetta|Sitrus Berry|[eat]\n|-heal|p1b: Meloetta|68\/100|[from] item: Sitrus Berry\n|move|p2b: Grapploct|Drain Punch|p1a: Iron Hands\n|-damage|p1a: Iron Hands|4\/100\n|-heal|p2b: Grapploct|55\/100|[from] drain|[of] p1a: Iron Hands\n|move|p1a: Iron Hands|Wild Charge|p2b: Grapploct\n|-damage|p2b: Grapploct|23\/100\n|-damage|p1a: Iron Hands|0 fnt|[from] Recoil\n|faint|p1a: Iron Hands\n|-end|p1a: Iron Hands|Quark Drive|[silent]\n|move|p1b: Meloetta|Dazzling Gleam|p2b: Grapploct|[spread] p2a,p2b\n|-supereffective|p2b: Grapploct\n|-damage|p2a: Hatterene|77\/100\n|-damage|p2b: Grapploct|0 fnt\n|faint|p2b: Grapploct\n|\n|-heal|p2a: Hatterene|83\/100|[from] item: Leftovers\n|-fieldend|move: Trick Room\n|upkeep\n|\n|t:|1699869878\n|switch|p1a: Amoonguss|Amoonguss, M|89\/100\n|switch|p2b: Tsareena|Tsareena, F, tera:Water|75\/100 par\n|turn|20\n|\n|t:|1699869903\n|move|p1b: Meloetta|Protect|p1b: Meloetta\n|-singleturn|p1b: Meloetta|Protect\n|move|p1a: Amoonguss|Protect|p1a: Amoonguss\n|-singleturn|p1a: Amoonguss|Protect\n|move|p2a: Hatterene|Expanding Force|p1a: Amoonguss\n|-activate|p1a: Amoonguss|move: Protect\n|move|p2b: Tsareena|Tera Blast|p1b: Meloetta|[anim] Tera Blast Water\n|-activate|p1b: Meloetta|move: Protect\n|\n|-heal|p1a: Amoonguss|95\/100|[from] item: Leftovers\n|-heal|p2a: Hatterene|89\/100|[from] item: Leftovers\n|upkeep\n|turn|21\n|\n|t:|1699869923\n|move|p1b: Meloetta|Thunderbolt|p2b: Tsareena\n|-supereffective|p2b: Tsareena\n|-damage|p2b: Tsareena|9\/100 par\n|move|p1a: Amoonguss|Spore||[still]\n|-fail|p1a: Amoonguss\n|move|p2a: Hatterene|Expanding Force|p1a: Amoonguss\n|-supereffective|p1a: Amoonguss\n|-damage|p1a: Amoonguss|35\/100\n|move|p2b: Tsareena|Tera Blast|p1b: Meloetta|[anim] Tera Blast Water\n|-damage|p1b: Meloetta|14\/100\n|\n|-heal|p1a: Amoonguss|42\/100|[from] item: Leftovers\n|-heal|p2a: Hatterene|95\/100|[from] item: Leftovers\n|upkeep\n|turn|22\n|\n|t:|1699869946\n|move|p1b: Meloetta|Thunderbolt|p2b: Tsareena\n|-supereffective|p2b: Tsareena\n|-damage|p2b: Tsareena|0 fnt\n|faint|p2b: Tsareena\n|move|p1a: Amoonguss|Pollen Puff|p1b: Meloetta\n|-heal|p1b: Meloetta|64\/100\n|move|p2a: Hatterene|Trick Room|p2a: Hatterene\n|-fieldstart|move: Trick Room|[of] p2a: Hatterene\n|\n|-heal|p2a: Hatterene|100\/100|[from] item: Leftovers\n|-heal|p1a: Amoonguss|48\/100|[from] item: Leftovers\n|upkeep\n|turn|23\n|\n|t:|1699869967\n|move|p1a: Amoonguss|Protect|p1a: Amoonguss\n|-singleturn|p1a: Amoonguss|Protect\n|move|p1b: Meloetta|Protect|p1b: Meloetta\n|-singleturn|p1b: Meloetta|Protect\n|move|p2a: Hatterene|Expanding Force|p1a: Amoonguss\n|-activate|p1a: Amoonguss|move: Protect\n|\n|-heal|p1a: Amoonguss|54\/100|[from] item: Leftovers\n|upkeep\n|turn|24\n|\n|t:|1699869982\n|move|p1a: Amoonguss|Rage Powder|p1a: Amoonguss\n|-singleturn|p1a: Amoonguss|move: Rage Powder\n|move|p2a: Hatterene|Expanding Force|p1a: Amoonguss\n|-supereffective|p1a: Amoonguss\n|-damage|p1a: Amoonguss|0 fnt\n|faint|p1a: Amoonguss\n|move|p1b: Meloetta|Perish Song|p1b: Meloetta\n|-start|p1b: Meloetta|perish3|[silent]\n|-start|p2a: Hatterene|perish3|[silent]\n|-fieldactivate|move: Perish Song\n|\n|-start|p2a: Hatterene|perish3\n|-start|p1b: Meloetta|perish3\n|upkeep\n|turn|25\n|\n|t:|1699869991\n|move|p1b: Meloetta|Protect|p1b: Meloetta\n|-singleturn|p1b: Meloetta|Protect\n|move|p2a: Hatterene|Dazzling Gleam|p1b: Meloetta\n|-activate|p1b: Meloetta|move: Protect\n|\n|-start|p2a: Hatterene|perish2\n|-start|p1b: Meloetta|perish2\n|upkeep\n|turn|26\n|\n|t:|1699870000\n|move|p2a: Hatterene|Dazzling Gleam|p1b: Meloetta\n|-damage|p1b: Meloetta|27\/100\n|move|p1b: Meloetta|Dazzling Gleam|p2a: Hatterene\n|-damage|p2a: Hatterene|69\/100\n|\n|-heal|p2a: Hatterene|75\/100|[from] item: Leftovers\n|-start|p2a: Hatterene|perish1\n|-start|p1b: Meloetta|perish1\n|-fieldend|move: Trick Room\n|upkeep\n|turn|27\n|c|\u2606dean44|So you you wanna tie?\n|\n|t:|1699870010\n|move|p1b: Meloetta|Protect|p1b: Meloetta\n|-singleturn|p1b: Meloetta|Protect\n|move|p2a: Hatterene|Dazzling Gleam|p1b: Meloetta\n|-activate|p1b: Meloetta|move: Protect\n|\n|-heal|p2a: Hatterene|81\/100|[from] item: Leftovers\n|-start|p1b: Meloetta|perish0\n|-start|p2a: Hatterene|perish0\n|faint|p1b: Meloetta\n|faint|p2a: Hatterene\n|\n|win|dean44\n|upkeep\n|raw|ParrotX3Lmao's rating: 1074 &rarr; <strong>1053<\/strong><br \/>(-21 for losing)\n|raw|dean44's rating: 1069 &rarr; <strong>1099<\/strong><br \/>(+30 for winning)\n|c|\u2606dean44|Or not\n|c|\u2606dean44|Gg\n","uploadtime":1699870031,"views":5,"p1id":"parrotx3lmao","p2id":"dean44","formatid":"gen9nationaldexdoubles","rating":1053,"private":0,"password":""}