{"id":"gen9nationaldexdoubles-1965017237","p1":"Clabeh","p2":"massarojpr","format":"[Gen 9] National Dex Doubles","log":"|j|\u2606Clabeh\n|j|\u2606massarojpr\n|t:|1697035919\n|gametype|doubles\n|player|p1|Clabeh|2|\n|player|p2|massarojpr|266|\n|teamsize|p1|6\n|teamsize|p2|6\n|gen|9\n|tier|[Gen 9] National Dex Doubles\n|rule|HP Percentage Mod: HP is shown in percentages\n|rule|Endless Battle Clause: Forcing endless battles is banned\n|rule|OHKO Clause: OHKO moves are banned\n|rule|Evasion Moves Clause: Evasion moves are banned\n|rule|Evasion Abilities Clause: Evasion abilities are banned\n|rule|Species Clause: Limit one of each Pok\u00e9mon\n|rule|Gravity Sleep Clause: The combination of sleep-inducing moves with imperfect accuracy and Gravity or Gigantamax Orbeetle are banned\n|clearpoke\n|poke|p1|Claydol|\n|poke|p1|Seismitoad, M|\n|poke|p1|Ninetales, M|\n|poke|p1|Tyranitar, F|\n|poke|p1|Venusaur, M|\n|poke|p1|Cinderace, F|\n|poke|p2|Gastrodon, F|\n|poke|p2|Tyranitar, F|\n|poke|p2|Togekiss, M|\n|poke|p2|Cinderace, F|\n|poke|p2|Volcarona, M|\n|poke|p2|Ninetales, F|\n|teampreview\n|c|\u2606massarojpr|I got lucky with the double protect\n|inactive|Battle timer is ON: inactive players will automatically lose when time's up. (requested by massarojpr)\n|\n|t:|1697035942\n|start\n|switch|p1a: Ninetales|Ninetales, M|100\/100\n|switch|p1b: Venusaur|Venusaur, M|100\/100\n|switch|p2a: Tyranitar|Tyranitar, F|100\/100\n|switch|p2b: Gastrodon|Gastrodon, F|100\/100\n|-weather|SunnyDay|[from] ability: Drought|[of] p1a: Ninetales\n|-weather|Sandstorm|[from] ability: Sand Stream|[of] p2a: Tyranitar\n|turn|1\n|c|\u2606Clabeh|yea, and i got like 10 crits in a row lol\n|c|\u2606massarojpr|fuckkkkkkkkkkkk\n|c|\u2606massarojpr|My leads have been bad\n|inactive|Clabeh has 270 seconds left.\n|c|\u2606massarojpr|At least Ty is slower\n|\n|t:|1697035994\n|switch|p1b: Seismitoad|Seismitoad, M|100\/100\n|move|p1a: Ninetales|Disable||[still]\n|-fail|p1a: Ninetales\n|move|p2a: Tyranitar|Surf|p1b: Seismitoad|[spread] p1a\n|-ability|p2b: Gastrodon|Storm Drain|boost\n|-boost|p2b: Gastrodon|spa|1\n|-immune|p1b: Seismitoad|[from] ability: Water Absorb\n|-supereffective|p1a: Ninetales\n|-damage|p1a: Ninetales|64\/100\n|-enditem|p1a: Ninetales|Eject Button\n|\n|t:|1697036008\n|switch|p1a: Venusaur|Venusaur, M|100\/100\n|move|p2b: Gastrodon|Substitute|p2b: Gastrodon\n|-start|p2b: Gastrodon|Substitute\n|-damage|p2b: Gastrodon|76\/100\n|\n|-weather|Sandstorm|[upkeep]\n|-damage|p1a: Venusaur|95\/100|[from] Sandstorm\n|-heal|p1a: Venusaur|100\/100|[from] item: Black Sludge\n|-heal|p2b: Gastrodon|82\/100|[from] item: Leftovers\n|upkeep\n|turn|2\n|j| Chumpette\n|\n|t:|1697036024\n|move|p1a: Venusaur|Seed Bomb|p2b: Gastrodon\n|-supereffective|p2b: Gastrodon\n|-end|p2b: Gastrodon|Substitute\n|move|p1b: Seismitoad|Brick Break|p2a: Tyranitar\n|-supereffective|p2a: Tyranitar\n|-damage|p2a: Tyranitar|30\/100\n|move|p2a: Tyranitar|Rock Slide|p1b: Seismitoad|[spread] p1a,p1b\n|-resisted|p1b: Seismitoad\n|-damage|p1a: Venusaur|54\/100\n|-damage|p1b: Seismitoad|80\/100\n|move|p2b: Gastrodon|Earth Power|p1a: Venusaur\n|-damage|p1a: Venusaur|3\/100\n|\n|-weather|Sandstorm|[upkeep]\n|-damage|p1a: Venusaur|0 fnt|[from] Sandstorm\n|faint|p1a: Venusaur\n|-heal|p2b: Gastrodon|88\/100|[from] item: Leftovers\n|upkeep\n|\n|t:|1697036040\n|switch|p1a: Ninetales|Ninetales, M|64\/100\n|-weather|SunnyDay|[from] ability: Drought|[of] p1a: Ninetales\n|turn|3\n|\n|t:|1697036065\n|move|p2b: Gastrodon|Protect|p2b: Gastrodon\n|-singleturn|p2b: Gastrodon|Protect\n|move|p1a: Ninetales|Heat Wave|p2b: Gastrodon|[spread] p2a\n|-activate|p2b: Gastrodon|move: Protect\n|-resisted|p2a: Tyranitar\n|-damage|p2a: Tyranitar|18\/100\n|move|p1b: Seismitoad|Brick Break|p2a: Tyranitar\n|-supereffective|p2a: Tyranitar\n|-damage|p2a: Tyranitar|0 fnt\n|faint|p2a: Tyranitar\n|\n|-weather|SunnyDay|[upkeep]\n|-heal|p2b: Gastrodon|94\/100|[from] item: Leftovers\n|upkeep\n|\n|t:|1697036077\n|switch|p2a: Togekiss|Togekiss, M|100\/100\n|turn|4\n|inactive|Clabeh has 270 seconds left.\n|\n|t:|1697036084\n|move|p2a: Togekiss|Follow Me|p2a: Togekiss\n|-singleturn|p2a: Togekiss|move: Follow Me\n|move|p1a: Ninetales|Solar Beam||[still]\n|-prepare|p1a: Ninetales|Solar Beam\n|-anim|p1a: Ninetales|Solar Beam|p2a: Togekiss\n|-resisted|p2a: Togekiss\n|-damage|p2a: Togekiss|91\/100\n|move|p1b: Seismitoad|Ice Punch|p2a: Togekiss\n|-supereffective|p2a: Togekiss\n|-damage|p2a: Togekiss|45\/100\n|-enditem|p2a: Togekiss|Sitrus Berry|[eat]\n|-heal|p2a: Togekiss|70\/100|[from] item: Sitrus Berry\n|move|p2b: Gastrodon|Earth Power|p1a: Ninetales\n|-supereffective|p1a: Ninetales\n|-damage|p1a: Ninetales|0 fnt\n|faint|p1a: Ninetales\n|\n|-weather|SunnyDay|[upkeep]\n|-heal|p2b: Gastrodon|99\/100|[from] item: Leftovers\n|upkeep\n|inactive|Clabeh has 270 seconds left.\n|\n|t:|1697036113\n|switch|p1a: Claydol|Claydol|100\/100\n|turn|5\n|inactive|Clabeh has 270 seconds left.\n|\n|t:|1697036126\n|move|p1b: Seismitoad|Earthquake|p2a: Togekiss|[spread] p2b\n|-immune|p1a: Claydol|[from] ability: Levitate\n|-immune|p2a: Togekiss\n|-crit|p2b: Gastrodon\n|-damage|p2b: Gastrodon|57\/100\n|move|p2a: Togekiss|Life Dew|p2a: Togekiss|[spread] p2a\n|-ability|p2b: Gastrodon|Storm Drain|boost\n|-boost|p2b: Gastrodon|spa|1\n|-heal|p2a: Togekiss|95\/100\n|move|p1a: Claydol|Smack Down|p2a: Togekiss\n|-supereffective|p2a: Togekiss\n|-damage|p2a: Togekiss|81\/100\n|-start|p2a: Togekiss|Smack Down\n|move|p2b: Gastrodon|Hydro Pump|p1a: Claydol\n|-supereffective|p1a: Claydol\n|-damage|p1a: Claydol|45\/100\n|\n|-weather|SunnyDay|[upkeep]\n|-heal|p1a: Claydol|51\/100|[from] item: Leftovers\n|-heal|p2b: Gastrodon|63\/100|[from] item: Leftovers\n|upkeep\n|turn|6\n|inactive|Clabeh has 270 seconds left.\n|\n|t:|1697036148\n|move|p1b: Seismitoad|Earthquake|p2b: Gastrodon|[spread] p2a,p2b\n|-immune|p1a: Claydol|[from] ability: Levitate\n|-damage|p2a: Togekiss|49\/100\n|-damage|p2b: Gastrodon|35\/100\n|move|p2a: Togekiss|Life Dew|p2a: Togekiss|[spread] p2a\n|-ability|p2b: Gastrodon|Storm Drain|boost\n|-boost|p2b: Gastrodon|spa|1\n|-heal|p2a: Togekiss|74\/100\n|move|p1a: Claydol|Iron Defense|p1a: Claydol\n|-boost|p1a: Claydol|def|2\n|move|p2b: Gastrodon|Hydro Pump|p1a: Claydol\n|-supereffective|p1a: Claydol\n|-crit|p1a: Claydol\n|-damage|p1a: Claydol|0 fnt\n|faint|p1a: Claydol\n|\n|-weather|SunnyDay|[upkeep]\n|-heal|p2b: Gastrodon|41\/100|[from] item: Leftovers\n|upkeep\n|inactive|Clabeh has 270 seconds left.\n|\n|t:|1697036169\n|switch|p1a: Cinderace|Cinderace, F|100\/100\n|turn|7\n|inactive|Clabeh has 270 seconds left.\n|\n|t:|1697036181\n|move|p2b: Gastrodon|Protect|p2b: Gastrodon\n|-singleturn|p2b: Gastrodon|Protect\n|move|p1a: Cinderace|Fire Pledge|p2a: Togekiss\n|-damage|p2a: Togekiss|38\/100\n|move|p1b: Seismitoad|Earthquake|p2b: Gastrodon|[spread] p1a,p2a\n|-activate|p2b: Gastrodon|move: Protect\n|-supereffective|p1a: Cinderace\n|-damage|p1a: Cinderace|0 fnt\n|-damage|p2a: Togekiss|6\/100\n|faint|p1a: Cinderace\n|move|p2a: Togekiss|Life Dew|p2a: Togekiss|[spread] p2a\n|-ability|p2b: Gastrodon|Storm Drain|boost\n|-boost|p2b: Gastrodon|spa|1\n|-heal|p2a: Togekiss|31\/100\n|\n|-weather|none\n|-heal|p2b: Gastrodon|47\/100|[from] item: Leftovers\n|upkeep\n|inactive|Clabeh has 270 seconds left.\n|\n|t:|1697036196\n|switch|p1a: Tyranitar|Tyranitar, F|100\/100\n|-weather|Sandstorm|[from] ability: Sand Stream|[of] p1a: Tyranitar\n|turn|8\n|inactive|Clabeh has 270 seconds left.\n|\n|t:|1697036220\n|move|p2a: Togekiss|Follow Me|p2a: Togekiss\n|-singleturn|p2a: Togekiss|move: Follow Me\n|move|p1b: Seismitoad|Ice Punch|p2a: Togekiss\n|-supereffective|p2a: Togekiss\n|-damage|p2a: Togekiss|0 fnt\n|faint|p2a: Togekiss\n|move|p1a: Tyranitar|Rock Slide|p2b: Gastrodon\n|-resisted|p2b: Gastrodon\n|-damage|p2b: Gastrodon|35\/100\n|cant|p2b: Gastrodon|flinch\n|\n|-weather|Sandstorm|[upkeep]\n|-heal|p2b: Gastrodon|41\/100|[from] item: Leftovers\n|upkeep\n|c|\u2606massarojpr|fuck\n|\n|t:|1697036234\n|switch|p2a: Cinderace|Cinderace, F|100\/100\n|turn|9\n|inactive|Clabeh has 270 seconds left.\n|\n|t:|1697036267\n|move|p2b: Gastrodon|Protect|p2b: Gastrodon\n|-singleturn|p2b: Gastrodon|Protect\n|move|p2a: Cinderace|High Jump Kick|p1a: Tyranitar\n|-start|p2a: Cinderace|typechange|Fighting|[from] ability: Libero\n|-supereffective|p1a: Tyranitar\n|-damage|p1a: Tyranitar|0 fnt\n|faint|p1a: Tyranitar\n|move|p1b: Seismitoad|Earthquake|p2a: Cinderace|[spread] p2a\n|-activate|p2b: Gastrodon|move: Protect\n|-damage|p2a: Cinderace|51\/100\n|\n|-weather|Sandstorm|[upkeep]\n|-damage|p2a: Cinderace|45\/100|[from] Sandstorm\n|-heal|p2b: Gastrodon|47\/100|[from] item: Leftovers\n|upkeep\n|turn|10\n|\n|t:|1697036287\n|move|p2a: Cinderace|Protect|p2a: Cinderace\n|-singleturn|p2a: Cinderace|Protect\n|move|p1b: Seismitoad|Earthquake|p2b: Gastrodon|[spread] p2b\n|-activate|p2a: Cinderace|move: Protect\n|-damage|p2b: Gastrodon|19\/100\n|move|p2b: Gastrodon|Earth Power|p1b: Seismitoad\n|-damage|p1b: Seismitoad|5\/100\n|\n|-weather|Sandstorm|[upkeep]\n|-damage|p2a: Cinderace|39\/100|[from] Sandstorm\n|-heal|p2b: Gastrodon|25\/100|[from] item: Leftovers\n|upkeep\n|turn|11\n|\n|t:|1697036300\n|move|p2b: Gastrodon|Protect|p2b: Gastrodon\n|-singleturn|p2b: Gastrodon|Protect\n|move|p2a: Cinderace|High Jump Kick|p1b: Seismitoad\n|-damage|p1b: Seismitoad|0 fnt\n|faint|p1b: Seismitoad\n|\n|win|massarojpr\n|c|\u2606Clabeh|gg\n|c|\u2606massarojpr|gg\n","uploadtime":1697036311,"views":19,"p1id":"clabeh","p2id":"massarojpr","formatid":"gen9nationaldexdoubles","rating":0,"private":0,"password":""}