{"id":"gen9nationaldexdoubles-1956964087","p1":"XiuKaiMeiLiZhi","p2":"Ultimate Arc","format":"[Gen 9] National Dex Doubles","log":"|j|\u2606XiuKaiMeiLiZhi\n|j|\u2606Ultimate Arc\n|t:|1696174235\n|gametype|doubles\n|player|p1|XiuKaiMeiLiZhi|emmet|1021\n|player|p2|Ultimate Arc|wallace|1000\n|teamsize|p1|6\n|teamsize|p2|6\n|gen|9\n|tier|[Gen 9] National Dex Doubles\n|rated|\n|rule|HP Percentage Mod: HP is shown in percentages\n|rule|Endless Battle Clause: Forcing endless battles is banned\n|rule|OHKO Clause: OHKO moves are banned\n|rule|Evasion Moves Clause: Evasion moves are banned\n|rule|Evasion Abilities Clause: Evasion abilities are banned\n|rule|Species Clause: Limit one of each Pok\u00e9mon\n|rule|Gravity Sleep Clause: The combination of sleep-inducing moves with imperfect accuracy and Gravity or Gigantamax Orbeetle are banned\n|clearpoke\n|poke|p1|Regigigas|\n|poke|p1|Medicham, F|\n|poke|p1|Swellow, F|\n|poke|p1|Chansey, F|\n|poke|p1|Smeargle, F|\n|poke|p1|Ursaluna, M|\n|poke|p2|Hoopa|\n|poke|p2|Ursaluna-Bloodmoon, M|\n|poke|p2|Diancie|\n|poke|p2|Grimmsnarl, M|\n|poke|p2|Cresselia, F|\n|poke|p2|Kingambit, F|\n|teampreview\n|inactive|Battle timer is ON: inactive players will automatically lose when time's up. (requested by Ultimate Arc)\n|\n|t:|1696174253\n|start\n|switch|p1a: Medicham|Medicham, F|100\/100\n|switch|p1b: Regigigas|Regigigas|100\/100\n|switch|p2a: Ursaluna|Ursaluna-Bloodmoon, M|100\/100\n|switch|p2b: Hoopa|Hoopa|100\/100\n|-start|p1b: Regigigas|ability: Slow Start\n|turn|1\n|c|\u2606Ultimate Arc|Gl\n|\n|t:|1696174282\n|-terastallize|p1a: Medicham|Normal\n|move|p1a: Medicham|Skill Swap|p1b: Regigigas\n|-activate|p1a: Medicham|move: Skill Swap|||[of] p1b: Regigigas\n|-end|p1b: Regigigas|Slow Start|[silent]\n|-start|p1a: Medicham|ability: Slow Start\n|move|p1b: Regigigas|Drain Punch|p2a: Ursaluna\n|-supereffective|p2a: Ursaluna\n|-crit|p2a: Ursaluna\n|-damage|p2a: Ursaluna|0 fnt\n|faint|p2a: Ursaluna\n|move|p2b: Hoopa|Trick Room|p2b: Hoopa\n|-fieldstart|move: Trick Room|[of] p2b: Hoopa\n|\n|upkeep\n|inactive|Ultimate Arc has 120 seconds left.\n|\n|t:|1696174302\n|switch|p2a: Grimmsnarl|Grimmsnarl, M|100\/100\n|-item|p1a: Medicham|Choice Scarf|[from] ability: Frisk|[of] p2a: Grimmsnarl|[identify]\n|-item|p1b: Regigigas|Assault Vest|[from] ability: Frisk|[of] p2a: Grimmsnarl|[identify]\n|turn|2\n|\n|t:|1696174320\n|move|p2a: Grimmsnarl|Fake Out|p1b: Regigigas\n|-damage|p1b: Regigigas|87\/100\n|-damage|p2a: Grimmsnarl|91\/100|[from] item: Life Orb\n|move|p2b: Hoopa|Destiny Bond|p2b: Hoopa\n|-singlemove|p2b: Hoopa|Destiny Bond\n|move|p1a: Medicham|Skill Swap|p2a: Grimmsnarl\n|-activate|p1a: Medicham|move: Skill Swap|Frisk|Slow Start|[of] p2a: Grimmsnarl\n|-end|p1a: Medicham|Slow Start|[silent]\n|-item|p2a: Grimmsnarl|Life Orb|[from] ability: Frisk|[of] p1a: Medicham|[identify]\n|-start|p2a: Grimmsnarl|ability: Slow Start\n|cant|p1b: Regigigas|flinch\n|\n|upkeep\n|turn|3\n|\n|t:|1696174349\n|switch|p1a: Chansey|Chansey, F|100\/100\n|-singleturn|p2b: Hoopa|move: Focus Punch\n|move|p2a: Grimmsnarl|Dazzling Gleam|p1b: Regigigas|[spread] p1a,p1b\n|-crit|p1b: Regigigas\n|-damage|p1a: Chansey|92\/100\n|-damage|p1b: Regigigas|67\/100\n|-damage|p2a: Grimmsnarl|81\/100|[from] item: Life Orb\n|move|p1b: Regigigas|Frustration|p2a: Grimmsnarl\n|-damage|p2a: Grimmsnarl|0 fnt\n|faint|p2a: Grimmsnarl\n|-end|p2a: Grimmsnarl|Slow Start|[silent]\n|move|p2b: Hoopa|Focus Punch|p1a: Chansey\n|-supereffective|p1a: Chansey\n|-damage|p1a: Chansey|24\/100\n|-item|p2b: Hoopa|Eviolite|[from] ability: Magician|[of] p1a: Chansey\n|\n|upkeep\n|inactive|Ultimate Arc has 120 seconds left.\n|\n|t:|1696174372\n|switch|p2a: Diancie|Diancie|100\/100\n|turn|4\n|\n|t:|1696174384\n|detailschange|p2a: Diancie|Diancie-Mega\n|-mega|p2a: Diancie|Diancie|Diancite\n|move|p1a: Chansey|Soft-Boiled|p1a: Chansey\n|-heal|p1a: Chansey|74\/100\n|move|p2b: Hoopa|Destiny Bond|p2b: Hoopa\n|-singlemove|p2b: Hoopa|Destiny Bond\n|move|p2a: Diancie|Diamond Storm|p1b: Regigigas|[spread] p1a,p1b\n|-damage|p1a: Chansey|39\/100\n|-damage|p1b: Regigigas|37\/100\n|-boost|p2a: Diancie|def|2\n|move|p1b: Regigigas|High Horsepower|p2a: Diancie\n|-supereffective|p2a: Diancie\n|-damage|p2a: Diancie|25\/100\n|\n|upkeep\n|turn|5\n|inactive|XiuKaiMeiLiZhi has 120 seconds left.\n|\n|t:|1696174431\n|switch|p1b: Smeargle|Smeargle, F|100\/100\n|-singleturn|p2b: Hoopa|move: Focus Punch\n|move|p1a: Chansey|Ice Beam|p2a: Diancie\n|-damage|p2a: Diancie|15\/100\n|move|p2a: Diancie|Diamond Storm|p1b: Smeargle|[spread] p1a,p1b\n|-damage|p1a: Chansey|3\/100\n|-damage|p1b: Smeargle|12\/100\n|-boost|p2a: Diancie|def|2\n|move|p2b: Hoopa|Focus Punch|p1b: Smeargle\n|-supereffective|p1b: Smeargle\n|-damage|p1b: Smeargle|0 fnt\n|faint|p1b: Smeargle\n|\n|-fieldend|move: Trick Room\n|upkeep\n|inactive|XiuKaiMeiLiZhi has 90 seconds left.\n|\n|t:|1696174461\n|switch|p1b: Ursaluna|Ursaluna, M|100\/100\n|turn|6\n|\n|t:|1696174474\n|move|p2a: Diancie|Diamond Storm|p1a: Chansey|[spread] p1a,p1b\n|-resisted|p1b: Ursaluna\n|-damage|p1a: Chansey|0 fnt\n|-damage|p1b: Ursaluna|86\/100\n|faint|p1a: Chansey\n|move|p1b: Ursaluna|High Horsepower|p2a: Diancie\n|-supereffective|p2a: Diancie\n|-crit|p2a: Diancie\n|-damage|p2a: Diancie|0 fnt\n|faint|p2a: Diancie\n|move|p2b: Hoopa|Trick Room|p2b: Hoopa\n|-fieldstart|move: Trick Room|[of] p2b: Hoopa\n|\n|upkeep\n|\n|t:|1696174489\n|switch|p1a: Medicham|Medicham, F, tera:Normal|100\/100\n|switch|p2a: Cresselia|Cresselia, F|100\/100\n|turn|7\n|inactive|XiuKaiMeiLiZhi has 120 seconds left.\n|\n|t:|1696174507\n|move|p1b: Ursaluna|Return|p2a: Cresselia\n|-damage|p2a: Cresselia|57\/100\n|move|p2b: Hoopa|Destiny Bond|p2b: Hoopa\n|-singlemove|p2b: Hoopa|Destiny Bond\n|move|p2a: Cresselia|Psychic Terrain|p2a: Cresselia\n|-fieldstart|move: Psychic Terrain\n|move|p1a: Medicham|Zen Headbutt|p2b: Hoopa\n|-resisted|p2b: Hoopa\n|-damage|p2b: Hoopa|65\/100\n|\n|-heal|p2a: Cresselia|63\/100|[from] item: Leftovers\n|upkeep\n|turn|8\n|inactive|XiuKaiMeiLiZhi has 120 seconds left.\n|\n|t:|1696174528\n|-singleturn|p2b: Hoopa|move: Focus Punch\n|move|p1b: Ursaluna|Return|p2a: Cresselia\n|-damage|p2a: Cresselia|19\/100\n|move|p2a: Cresselia|Expanding Force|p1b: Ursaluna\n|-damage|p1b: Ursaluna|74\/100\n|move|p1a: Medicham|Zen Headbutt|p2b: Hoopa\n|-resisted|p2b: Hoopa\n|-damage|p2b: Hoopa|32\/100\n|cant|p2b: Hoopa|Focus Punch|Focus Punch\n|\n|-heal|p2a: Cresselia|25\/100|[from] item: Leftovers\n|upkeep\n|turn|9\n|\n|t:|1696174553\n|move|p1b: Ursaluna|Return|p2a: Cresselia\n|-damage|p2a: Cresselia|0 fnt\n|faint|p2a: Cresselia\n|move|p2b: Hoopa|Destiny Bond|p2b: Hoopa\n|-singlemove|p2b: Hoopa|Destiny Bond\n|move|p1a: Medicham|Zen Headbutt|p2b: Hoopa\n|-resisted|p2b: Hoopa\n|-damage|p2b: Hoopa|0 fnt\n|faint|p2b: Hoopa\n|-activate|p2b: Hoopa|move: Destiny Bond\n|faint|p1a: Medicham\n|\n|upkeep\n|\n|t:|1696174569\n|switch|p2a: Kingambit|Kingambit, F|100\/100\n|switch|p1a: Swellow|Swellow, F|100\/100\n|-activate|p2a: Kingambit|ability: Supreme Overlord\n|-start|p2a: Kingambit|fallen5|[silent]\n|turn|10\n|\n|t:|1696174593\n|-terastallize|p2a: Kingambit|Dark\n|move|p1b: Ursaluna|High Horsepower|p2a: Kingambit\n|-damage|p2a: Kingambit|59\/100\n|move|p2a: Kingambit|Kowtow Cleave|p1a: Swellow\n|-enditem|p1a: Swellow|Focus Sash\n|-damage|p1a: Swellow|1\/100\n|move|p1a: Swellow|Tailwind|p1a: Swellow\n|-sidestart|p1: XiuKaiMeiLiZhi|move: Tailwind\n|\n|-fieldend|move: Trick Room\n|upkeep\n|turn|11\n|\n|t:|1696174615\n|move|p1a: Swellow|Endeavor|p2a: Kingambit\n|-damage|p2a: Kingambit|1\/100\n|move|p1b: Ursaluna|Fire Punch|p2a: Kingambit\n|-damage|p2a: Kingambit|0 fnt\n|faint|p2a: Kingambit\n|-end|p2a: Kingambit|fallen5|[silent]\n|\n|win|XiuKaiMeiLiZhi\n|raw|XiuKaiMeiLiZhi's rating: 1021 &rarr; <strong>1056<\/strong><br \/>(+35 for winning)\n|raw|Ultimate Arc's rating: 1000 &rarr; <strong>1000<\/strong><br \/>(+0 for losing)\n|l|\u2606Ultimate Arc\n","uploadtime":1696174684,"views":7,"p1id":"xiukaimeilizhi","p2id":"ultimatearc","formatid":"gen9nationaldexdoubles","rating":1000,"private":0,"password":""}