{"id":"gen9nationaldexdoubles-1966140530","p1":"dcfvghjklkijuhygt","p2":"SupremeKawaiiFiend","format":"[Gen 9] National Dex Doubles","log":"|j|\u2606dcfvghjklkijuhygt\n|j|\u2606SupremeKawaiiFiend\n|t:|1697148729\n|gametype|doubles\n|player|p1|dcfvghjklkijuhygt|hilbert|\n|player|p2|SupremeKawaiiFiend|whitney|\n|teamsize|p1|6\n|teamsize|p2|6\n|gen|9\n|tier|[Gen 9] National Dex Doubles\n|rule|HP Percentage Mod: HP is shown in percentages\n|rule|Endless Battle Clause: Forcing endless battles is banned\n|rule|OHKO Clause: OHKO moves are banned\n|rule|Evasion Moves Clause: Evasion moves are banned\n|rule|Evasion Abilities Clause: Evasion abilities are banned\n|rule|Species Clause: Limit one of each Pok\u00e9mon\n|rule|Gravity Sleep Clause: The combination of sleep-inducing moves with imperfect accuracy and Gravity or Gigantamax Orbeetle are banned\n|clearpoke\n|poke|p1|Ursaluna-Bloodmoon, M|\n|poke|p1|Tornadus, M|\n|poke|p1|Amoonguss, M|\n|poke|p1|Oricorio, M|\n|poke|p1|Garchomp, M|\n|poke|p1|Honchkrow, M|\n|poke|p2|Azumarill, F|\n|poke|p2|Okidogi, M|\n|poke|p2|Sinistcha-Masterpiece|\n|poke|p2|Garganacl, M|\n|poke|p2|Clefable, M|\n|poke|p2|Gliscor, M|\n|teampreview\n|\n|t:|1697148749\n|start\n|switch|p1a: Tornadus|Tornadus, M, shiny|100\/100\n|switch|p1b: Amoonguss|Amoonguss, M, shiny|100\/100\n|switch|p2a: BELLYDRUM|Azumarill, F, shiny|100\/100\n|switch|p2b: GOTCHA MATCHA|Sinistcha-Masterpiece, shiny|100\/100\n|turn|1\n|\n|t:|1697148768\n|move|p1a: Tornadus|Tailwind|p1a: Tornadus\n|-sidestart|p1: dcfvghjklkijuhygt|move: Tailwind\n|move|p1b: Amoonguss|Spore|p2a: BELLYDRUM\n|-status|p2a: BELLYDRUM|slp|[from] move: Spore\n|move|p2b: GOTCHA MATCHA|Calm Mind|p2b: GOTCHA MATCHA\n|-boost|p2b: GOTCHA MATCHA|spa|1\n|-boost|p2b: GOTCHA MATCHA|spd|1\n|cant|p2a: BELLYDRUM|slp\n|\n|upkeep\n|turn|2\n|\n|t:|1697148783\n|move|p1a: Tornadus|Taunt|p2b: GOTCHA MATCHA\n|-start|p2b: GOTCHA MATCHA|move: Taunt\n|cant|p2a: BELLYDRUM|slp\n|move|p1b: Amoonguss|Clear Smog|p2b: GOTCHA MATCHA\n|-damage|p2b: GOTCHA MATCHA|83\/100\n|-clearboost|p2b: GOTCHA MATCHA\n|cant|p2b: GOTCHA MATCHA|move: Taunt|Calm Mind\n|\n|-heal|p2b: GOTCHA MATCHA|90\/100|[from] item: Leftovers\n|upkeep\n|turn|3\n|\n|t:|1697148803\n|switch|p2b: SALTBROS|Garganacl, M, shiny|100\/100\n|move|p1a: Tornadus|Bleakwind Storm|p2b: SALTBROS|[spread] p2b\n|-miss|p1a: Tornadus|p2a: BELLYDRUM\n|-resisted|p2b: SALTBROS\n|-damage|p2b: SALTBROS|88\/100\n|move|p1b: Amoonguss|Pollen Puff|p2a: BELLYDRUM\n|-resisted|p2a: BELLYDRUM\n|-damage|p2a: BELLYDRUM|91\/100 slp\n|cant|p2a: BELLYDRUM|slp\n|\n|-heal|p2b: SALTBROS|94\/100|[from] item: Leftovers\n|upkeep\n|turn|4\n|\n|t:|1697148821\n|switch|p1a: Garchomp|Garchomp, M, shiny|100\/100\n|move|p1b: Amoonguss|Rage Powder|p1b: Amoonguss\n|-singleturn|p1b: Amoonguss|move: Rage Powder\n|-curestatus|p2a: BELLYDRUM|slp|[msg]\n|move|p2a: BELLYDRUM|Ice Punch|p1b: Amoonguss\n|-supereffective|p1b: Amoonguss\n|-damage|p1b: Amoonguss|33\/100\n|-enditem|p1b: Amoonguss|Sitrus Berry|[eat]\n|-heal|p1b: Amoonguss|58\/100|[from] item: Sitrus Berry\n|move|p2b: SALTBROS|Salt Cure|p1b: Amoonguss\n|-damage|p1b: Amoonguss|43\/100\n|-start|p1b: Amoonguss|Salt Cure\n|\n|-heal|p2b: SALTBROS|99\/100|[from] item: Leftovers\n|-damage|p1b: Amoonguss|31\/100|[from] Salt Cure\n|-sideend|p1: dcfvghjklkijuhygt|move: Tailwind\n|upkeep\n|turn|5\n|\n|t:|1697148843\n|move|p1a: Garchomp|Stealth Rock|p2a: BELLYDRUM\n|-sidestart|p2: SupremeKawaiiFiend|move: Stealth Rock\n|move|p2a: BELLYDRUM|Play Rough|p1a: Garchomp\n|-supereffective|p1a: Garchomp\n|-damage|p1a: Garchomp|0 fnt\n|-damage|p2a: BELLYDRUM|78\/100|[from] ability: Rough Skin|[of] p1a: Garchomp\n|-damage|p2a: BELLYDRUM|62\/100|[from] item: Rocky Helmet|[of] p1a: Garchomp\n|faint|p1a: Garchomp\n|move|p2b: SALTBROS|Curse|p2b: SALTBROS\n|-unboost|p2b: SALTBROS|spe|1\n|-boost|p2b: SALTBROS|atk|1\n|-boost|p2b: SALTBROS|def|1\n|move|p1b: Amoonguss|Spore|p2a: BELLYDRUM\n|-status|p2a: BELLYDRUM|slp|[from] move: Spore\n|\n|-heal|p2b: SALTBROS|100\/100|[from] item: Leftovers\n|-damage|p1b: Amoonguss|19\/100|[from] Salt Cure\n|upkeep\n|\n|t:|1697148860\n|switch|p1a: Tornadus|Tornadus, M, shiny|100\/100\n|turn|6\n|\n|t:|1697148888\n|move|p1a: Tornadus|Tailwind|p1a: Tornadus\n|-sidestart|p1: dcfvghjklkijuhygt|move: Tailwind\n|move|p1b: Amoonguss|Clear Smog|p2b: SALTBROS\n|-resisted|p2b: SALTBROS\n|-damage|p2b: SALTBROS|94\/100\n|-clearboost|p2b: SALTBROS\n|cant|p2a: BELLYDRUM|slp\n|move|p2b: SALTBROS|Salt Cure|p1a: Tornadus\n|-supereffective|p1a: Tornadus\n|-damage|p1a: Tornadus|60\/100\n|-start|p1a: Tornadus|Salt Cure\n|\n|-heal|p1a: Tornadus|66\/100|[from] item: Leftovers\n|-heal|p2b: SALTBROS|99\/100|[from] item: Leftovers\n|-damage|p1a: Tornadus|53\/100|[from] Salt Cure\n|-damage|p1b: Amoonguss|6\/100|[from] Salt Cure\n|upkeep\n|turn|7\n|\n|t:|1697148999\n|switch|p1a: Ursaluna|Ursaluna-Bloodmoon, M|100\/100\n|move|p1b: Amoonguss|Rage Powder|p1b: Amoonguss\n|-singleturn|p1b: Amoonguss|move: Rage Powder\n|cant|p2a: BELLYDRUM|slp\n|move|p2b: SALTBROS|Curse|p2b: SALTBROS\n|-unboost|p2b: SALTBROS|spe|1\n|-boost|p2b: SALTBROS|atk|1\n|-boost|p2b: SALTBROS|def|1\n|\n|-heal|p2b: SALTBROS|100\/100|[from] item: Leftovers\n|-damage|p1b: Amoonguss|0 fnt|[from] Salt Cure\n|faint|p1b: Amoonguss\n|upkeep\n|\n|t:|1697149014\n|switch|p1b: Honchkrow|Honchkrow, M|100\/100\n|turn|8\n|\n|t:|1697149098\n|move|p1b: Honchkrow|Drill Peck|p2a: BELLYDRUM\n|-crit|p2a: BELLYDRUM\n|-damage|p2a: BELLYDRUM|0 fnt\n|faint|p2a: BELLYDRUM\n|move|p1a: Ursaluna|Earthquake|p2b: SALTBROS|[spread] p2b\n|-immune|p1b: Honchkrow\n|-supereffective|p2b: SALTBROS\n|-damage|p2b: SALTBROS|84\/100\n|move|p2b: SALTBROS|Salt Cure|p1b: Honchkrow\n|-supereffective|p1b: Honchkrow\n|-damage|p1b: Honchkrow|40\/100\n|-start|p1b: Honchkrow|Salt Cure\n|\n|-heal|p2b: SALTBROS|90\/100|[from] item: Leftovers\n|-damage|p1b: Honchkrow|28\/100|[from] Salt Cure\n|upkeep\n|\n|t:|1697149114\n|switch|p2a: IM A SNEK|Gliscor, M, shiny|100\/100\n|-damage|p2a: IM A SNEK|88\/100|[from] Stealth Rock\n|turn|9\n|\n|t:|1697149140\n|move|p2a: IM A SNEK|Protect|p2a: IM A SNEK\n|-singleturn|p2a: IM A SNEK|Protect\n|move|p1b: Honchkrow|U-turn|p2a: IM A SNEK\n|-activate|p2a: IM A SNEK|move: Protect\n|move|p1a: Ursaluna|Blood Moon|p2b: SALTBROS\n|-resisted|p2b: SALTBROS\n|-damage|p2b: SALTBROS|63\/100\n|move|p2b: SALTBROS|Curse|p2b: SALTBROS\n|-unboost|p2b: SALTBROS|spe|1\n|-boost|p2b: SALTBROS|atk|1\n|-boost|p2b: SALTBROS|def|1\n|\n|-heal|p2b: SALTBROS|69\/100|[from] item: Leftovers\n|-damage|p1b: Honchkrow|16\/100|[from] Salt Cure\n|-sideend|p1: dcfvghjklkijuhygt|move: Tailwind\n|-status|p2a: IM A SNEK|tox|[from] item: Toxic Orb\n|upkeep\n|turn|10\n|\n|t:|1697149223\n|move|p2a: IM A SNEK|Toxic|p1a: Ursaluna\n|-status|p1a: Ursaluna|tox\n|-enditem|p1a: Ursaluna|Lum Berry|[eat]\n|-curestatus|p1a: Ursaluna|tox|[msg]\n|move|p1b: Honchkrow|U-turn|p2a: IM A SNEK\n|-resisted|p2a: IM A SNEK\n|-damage|p2a: IM A SNEK|78\/100 tox\n|\n|t:|1697149237\n|switch|p1b: Tornadus|Tornadus, M, shiny|53\/100|[from] U-turn\n|move|p1a: Ursaluna|Earthquake|p2a: IM A SNEK|[spread] p2b\n|-immune|p1b: Tornadus\n|-immune|p2a: IM A SNEK\n|-supereffective|p2b: SALTBROS\n|-damage|p2b: SALTBROS|55\/100\n|move|p2b: SALTBROS|Body Press|p1a: Ursaluna\n|-supereffective|p1a: Ursaluna\n|-damage|p1a: Ursaluna|40\/100\n|\n|-heal|p1b: Tornadus|59\/100|[from] item: Leftovers\n|-heal|p2b: SALTBROS|62\/100|[from] item: Leftovers\n|-heal|p2a: IM A SNEK|90\/100 tox|[from] ability: Poison Heal\n|upkeep\n|turn|11\n|\n|t:|1697149266\n|move|p1b: Tornadus|Tailwind|p1b: Tornadus\n|-sidestart|p1: dcfvghjklkijuhygt|move: Tailwind\n|move|p1a: Ursaluna|Blood Moon|p2b: SALTBROS\n|-resisted|p2b: SALTBROS\n|-damage|p2b: SALTBROS|34\/100\n|move|p2a: IM A SNEK|Sand Tomb|p1a: Ursaluna\n|-damage|p1a: Ursaluna|33\/100\n|-activate|p1a: Ursaluna|move: Sand Tomb|[of] p2a: IM A SNEK\n|move|p2b: SALTBROS|Salt Cure|p1b: Tornadus\n|-supereffective|p1b: Tornadus\n|-damage|p1b: Tornadus|0 fnt\n|faint|p1b: Tornadus\n|\n|-heal|p2b: SALTBROS|41\/100|[from] item: Leftovers\n|-heal|p2a: IM A SNEK|100\/100 tox|[from] ability: Poison Heal\n|-damage|p1a: Ursaluna|20\/100|[from] move: Sand Tomb|[partiallytrapped]\n|upkeep\n|c|\u2606dcfvghjklkijuhygt|i think garganacl has me beat\n|\n|t:|1697149287\n|switch|p1b: Oricorio|Oricorio, M, shiny|100\/100\n|turn|12\n|c|\u2606SupremeKawaiiFiend|hes cracked\n|c|\u2606dcfvghjklkijuhygt|true\n|\n|t:|1697149334\n|-terastallize|p1b: Oricorio|Steel\n|move|p1b: Oricorio|Revelation Dance|p2b: SALTBROS\n|-supereffective|p2b: SALTBROS\n|-damage|p2b: SALTBROS|0 fnt\n|faint|p2b: SALTBROS\n|move|p1a: Ursaluna|Facade|p2a: IM A SNEK\n|-damage|p2a: IM A SNEK|87\/100 tox\n|move|p2a: IM A SNEK|Toxic|p1b: Oricorio\n|-immune|p1b: Oricorio\n|\n|-heal|p2a: IM A SNEK|99\/100 tox|[from] ability: Poison Heal\n|-damage|p1a: Ursaluna|8\/100|[from] move: Sand Tomb|[partiallytrapped]\n|upkeep\n|\n|t:|1697149365\n|switch|p2b: DOGE|Okidogi, M|100\/100\n|-damage|p2b: DOGE|94\/100|[from] Stealth Rock\n|turn|13\n|\n|t:|1697149396\n|switch|p1b: Honchkrow|Honchkrow, M|16\/100\n|move|p1a: Ursaluna|Blood Moon|p2a: IM A SNEK\n|-damage|p2a: IM A SNEK|36\/100 tox\n|move|p2a: IM A SNEK|Sand Tomb|p1b: Honchkrow\n|-immune|p1b: Honchkrow\n|move|p2b: DOGE|Drain Punch|p1a: Ursaluna\n|-supereffective|p1a: Ursaluna\n|-damage|p1a: Ursaluna|0 fnt\n|-heal|p2b: DOGE|99\/100|[from] drain|[of] p1a: Ursaluna\n|faint|p1a: Ursaluna\n|\n|-heal|p2b: DOGE|100\/100|[from] item: Leftovers\n|-heal|p2a: IM A SNEK|49\/100 tox|[from] ability: Poison Heal\n|upkeep\n|\n|t:|1697149404\n|switch|p1a: Oricorio|Oricorio, M, shiny, tera:Steel|100\/100\n|turn|14\n|\n|t:|1697149428\n|-terastallize|p2b: DOGE|Dark\n|move|p1a: Oricorio|Revelation Dance|p2a: IM A SNEK\n|-damage|p2a: IM A SNEK|15\/100 tox\n|move|p1b: Honchkrow|Drill Peck|p2b: DOGE\n|-damage|p2b: DOGE|67\/100\n|move|p2a: IM A SNEK|Facade|p1b: Honchkrow\n|-damage|p1b: Honchkrow|0 fnt\n|faint|p1b: Honchkrow\n|move|p2b: DOGE|Drain Punch|p1a: Oricorio\n|-supereffective|p1a: Oricorio\n|-damage|p1a: Oricorio|0 fnt\n|-heal|p2b: DOGE|100\/100|[from] drain|[of] p1a: Oricorio\n|faint|p1a: Oricorio\n|\n|win|SupremeKawaiiFiend\n|c|\u2606dcfvghjklkijuhygt|gg\n|c|\u2606SupremeKawaiiFiend|gg\n|l|\u2606dcfvghjklkijuhygt\n","uploadtime":1697149450,"views":6,"p1id":"dcfvghjklkijuhygt","p2id":"supremekawaiifiend","formatid":"gen9nationaldexdoubles","rating":0,"private":0,"password":""}