{"id":"gen9nationaldexdoubles-1970201128","p1":"Andres624342","p2":"Chuuugs","format":"[Gen 9] National Dex Doubles","log":"|j|\u2606Andres624342\n|j|\u2606Chuuugs\n|t:|1697609447\n|gametype|doubles\n|player|p1|Andres624342|265|1087\n|player|p2|Chuuugs|hilda|1087\n|teamsize|p1|6\n|teamsize|p2|6\n|gen|9\n|tier|[Gen 9] National Dex Doubles\n|rated|\n|rule|HP Percentage Mod: HP is shown in percentages\n|rule|Endless Battle Clause: Forcing endless battles is banned\n|rule|OHKO Clause: OHKO moves are banned\n|rule|Evasion Moves Clause: Evasion moves are banned\n|rule|Evasion Abilities Clause: Evasion abilities are banned\n|rule|Species Clause: Limit one of each Pok\u00e9mon\n|rule|Gravity Sleep Clause: The combination of sleep-inducing moves with imperfect accuracy and Gravity or Gigantamax Orbeetle are banned\n|clearpoke\n|poke|p1|Mudsdale, M|\n|poke|p1|Sawsbuck, M|\n|poke|p1|Wigglytuff, F|\n|poke|p1|Oranguru, F|\n|poke|p1|Lumineon, M|\n|poke|p1|Ambipom, M|\n|poke|p2|Gallade, M|\n|poke|p2|Walking Wake|\n|poke|p2|Grimmsnarl, M|\n|poke|p2|Toxapex, F|\n|poke|p2|Arboliva, F|\n|poke|p2|Maushold|\n|teampreview\n|\n|t:|1697609473\n|start\n|switch|p1a: Oranguru|Oranguru, F|100\/100\n|switch|p1b: Lumineon|Lumineon, M|100\/100\n|switch|p2a: Spear|Grimmsnarl, M|100\/100\n|switch|p2b: Poki|Toxapex, F, shiny|100\/100\n|turn|1\n|\n|t:|1697609504\n|-terastallize|p2b: Poki|Steel\n|move|p2a: Spear|Light Screen|p2a: Spear\n|-sidestart|p2: Chuuugs|move: Light Screen\n|move|p1b: Lumineon|Icy Wind|p2a: Spear|[spread] p2a,p2b\n|-resisted|p2b: Poki\n|-damage|p2a: Spear|97\/100\n|-damage|p2b: Poki|99\/100\n|-unboost|p2a: Spear|spe|1\n|-unboost|p2b: Poki|spe|1\n|move|p1a: Oranguru|Light Screen|p1a: Oranguru\n|-sidestart|p1: Andres624342|move: Light Screen\n|move|p2b: Poki|Toxic|p1a: Oranguru\n|-status|p1a: Oranguru|tox\n|\n|-heal|p2b: Poki|100\/100|[from] item: Leftovers\n|-damage|p1a: Oranguru|94\/100 tox|[from] psn\n|upkeep\n|turn|2\n|\n|t:|1697609536\n|move|p2a: Spear|Reflect|p2a: Spear\n|-sidestart|p2: Chuuugs|Reflect\n|move|p1b: Lumineon|Encore|p2b: Poki\n|-start|p2b: Poki|Encore\n|move|p1a: Oranguru|Energy Ball|p2b: Poki\n|-resisted|p2b: Poki\n|-damage|p2b: Poki|96\/100\n|move|p2b: Poki|Toxic|p1b: Lumineon\n|-status|p1b: Lumineon|tox\n|\n|-heal|p2b: Poki|100\/100|[from] item: Leftovers\n|-damage|p1b: Lumineon|94\/100 tox|[from] psn\n|-damage|p1a: Oranguru|82\/100 tox|[from] psn\n|upkeep\n|turn|3\n|\n|t:|1697609569\n|switch|p1a: Mudsdale|Mudsdale, M|100\/100\n|switch|p2b: Olive Garden|Arboliva, F|100\/100\n|move|p1b: Lumineon|Icy Wind|p2b: Olive Garden|[spread] p2a,p2b\n|-supereffective|p2b: Olive Garden\n|-damage|p2a: Spear|93\/100\n|-damage|p2b: Olive Garden|90\/100\n|-unboost|p2a: Spear|spe|1\n|-unboost|p2b: Olive Garden|spe|1\n|-fieldstart|move: Grassy Terrain|[from] ability: Seed Sower|[of] p2b: Olive Garden\n|move|p2a: Spear|Spirit Break|p1b: Lumineon\n|-damage|p1b: Lumineon|62\/100 tox\n|-unboost|p1b: Lumineon|spa|1\n|\n|-heal|p1b: Lumineon|68\/100 tox|[from] Grassy Terrain\n|-heal|p1b: Lumineon|74\/100 tox|[from] item: Leftovers\n|-heal|p2a: Spear|99\/100|[from] Grassy Terrain\n|-heal|p2b: Olive Garden|97\/100|[from] Grassy Terrain\n|-damage|p1b: Lumineon|62\/100 tox|[from] psn\n|upkeep\n|turn|4\n|\n|t:|1697609608\n|switch|p1b: Wigglytuff|Wigglytuff, F|100\/100\n|move|p1a: Mudsdale|Iron Head|p2a: Spear\n|-supereffective|p2a: Spear\n|-damage|p2a: Spear|58\/100\n|move|p2a: Spear|Spirit Break|p1a: Mudsdale\n|-damage|p1a: Mudsdale|72\/100\n|-unboost|p1a: Mudsdale|spa|1\n|-ability|p1a: Mudsdale|Stamina|boost\n|-boost|p1a: Mudsdale|def|1\n|move|p2b: Olive Garden|Leech Seed|p1b: Wigglytuff|[miss]\n|-miss|p2b: Olive Garden|p1b: Wigglytuff\n|\n|-heal|p1a: Mudsdale|78\/100|[from] Grassy Terrain\n|-heal|p2a: Spear|64\/100|[from] Grassy Terrain\n|-heal|p2b: Olive Garden|100\/100|[from] Grassy Terrain\n|upkeep\n|turn|5\n|\n|t:|1697609639\n|switch|p2a: Fang|Walking Wake|100\/100\n|move|p1b: Wigglytuff|Fire Blast|p2b: Olive Garden\n|-supereffective|p2b: Olive Garden\n|-damage|p2b: Olive Garden|67\/100\n|move|p1a: Mudsdale|High Horsepower|p2a: Fang\n|-damage|p2a: Fang|67\/100\n|move|p2b: Olive Garden|Leech Seed|p1a: Mudsdale|[miss]\n|-miss|p2b: Olive Garden|p1a: Mudsdale\n|\n|-heal|p2a: Fang|73\/100|[from] Grassy Terrain\n|-heal|p1a: Mudsdale|84\/100|[from] Grassy Terrain\n|-heal|p2b: Olive Garden|74\/100|[from] Grassy Terrain\n|upkeep\n|turn|6\n|\n|t:|1697609663\n|switch|p1a: Ambipom|Ambipom, M|100\/100\n|move|p2a: Fang|Hydro Steam|p1a: Ambipom\n|-damage|p1a: Ambipom|61\/100\n|move|p1b: Wigglytuff|Dazzling Gleam|p2b: Olive Garden|[spread] p2a,p2b\n|-supereffective|p2a: Fang\n|-damage|p2a: Fang|34\/100\n|-damage|p2b: Olive Garden|59\/100\n|move|p2b: Olive Garden|Leech Seed|p1b: Wigglytuff\n|-start|p1b: Wigglytuff|move: Leech Seed\n|\n|-heal|p2a: Fang|40\/100|[from] Grassy Terrain\n|-heal|p1a: Ambipom|67\/100|[from] Grassy Terrain\n|-heal|p2b: Olive Garden|65\/100|[from] Grassy Terrain\n|-damage|p1b: Wigglytuff|88\/100|[from] Leech Seed|[of] p2b: Olive Garden\n|-heal|p2b: Olive Garden|79\/100|[silent]\n|upkeep\n|turn|7\n|\n|t:|1697609700\n|-end|p2a: Fang|Protosynthesis|[silent]\n|switch|p2a: Poki|Toxapex, F, shiny, tera:Steel|100\/100\n|switch|p1b: Oranguru|Oranguru, F|82\/100 tox\n|move|p1a: Ambipom|Fake Out|p2a: Poki\n|-resisted|p2a: Poki\n|-damage|p2a: Poki|93\/100\n|-damage|p1a: Ambipom|57\/100|[from] item: Life Orb\n|move|p2b: Olive Garden|Giga Drain|p1a: Ambipom\n|-damage|p1a: Ambipom|22\/100\n|-heal|p2b: Olive Garden|97\/100|[from] drain|[of] p1a: Ambipom\n|\n|-heal|p1a: Ambipom|29\/100|[from] Grassy Terrain\n|-heal|p1b: Oranguru|88\/100 tox|[from] Grassy Terrain\n|-heal|p2a: Poki|99\/100|[from] Grassy Terrain\n|-heal|p2a: Poki|100\/100|[from] item: Leftovers\n|-heal|p2b: Olive Garden|100\/100|[from] Grassy Terrain\n|-damage|p1b: Oranguru|82\/100 tox|[from] psn\n|-fieldend|move: Grassy Terrain\n|upkeep\n|turn|8\n|\n|t:|1697609732\n|move|p1a: Ambipom|Knock Off|p2a: Poki\n|-damage|p2a: Poki|84\/100\n|-enditem|p2a: Poki|Leftovers|[from] move: Knock Off|[of] p1a: Ambipom\n|-damage|p1a: Ambipom|19\/100|[from] item: Life Orb\n|move|p1b: Oranguru|Light Screen||[still]\n|-fail|p1b: Oranguru\n|move|p2a: Poki|Toxic|p1a: Ambipom\n|-status|p1a: Ambipom|tox\n|move|p2b: Olive Garden|Giga Drain|p1b: Oranguru\n|-damage|p1b: Oranguru|65\/100 tox\n|\n|-damage|p1a: Ambipom|12\/100 tox|[from] psn\n|-damage|p1b: Oranguru|52\/100 tox|[from] psn\n|-sideend|p2: Chuuugs|move: Light Screen\n|-sideend|p1: Andres624342|move: Light Screen\n|upkeep\n|turn|9\n|\n|t:|1697609766\n|move|p1a: Ambipom|Acrobatics|p2b: Olive Garden\n|-supereffective|p2b: Olive Garden\n|-damage|p2b: Olive Garden|67\/100\n|-fieldstart|move: Grassy Terrain|[from] ability: Seed Sower|[of] p2b: Olive Garden\n|-damage|p1a: Ambipom|2\/100 tox|[from] item: Life Orb\n|move|p1b: Oranguru|Energy Ball|p2a: Poki\n|-resisted|p2a: Poki\n|-damage|p2a: Poki|73\/100\n|move|p2a: Poki|Haze|p2a: Poki\n|-clearallboost\n|move|p2b: Olive Garden|Leech Seed|p1b: Oranguru\n|-start|p1b: Oranguru|move: Leech Seed\n|\n|-heal|p1a: Ambipom|9\/100 tox|[from] Grassy Terrain\n|-heal|p1b: Oranguru|58\/100 tox|[from] Grassy Terrain\n|-heal|p2b: Olive Garden|73\/100|[from] Grassy Terrain\n|-heal|p2a: Poki|79\/100|[from] Grassy Terrain\n|-damage|p1b: Oranguru|46\/100 tox|[from] Leech Seed|[of] p2b: Olive Garden\n|-heal|p2b: Olive Garden|86\/100|[silent]\n|-damage|p1a: Ambipom|0 fnt|[from] psn\n|faint|p1a: Ambipom\n|-damage|p1b: Oranguru|27\/100 tox|[from] psn\n|-sideend|p2: Chuuugs|Reflect\n|upkeep\n|\n|t:|1697609792\n|switch|p1a: Sawsbuck|Sawsbuck, M|100\/100\n|turn|10\n|\n|t:|1697609809\n|switch|p1b: Wigglytuff|Wigglytuff, F|88\/100\n|move|p1a: Sawsbuck|Bulldoze|p2a: Poki|[spread] p1b,p2a,p2b\n|-supereffective|p2a: Poki\n|-resisted|p2b: Olive Garden\n|-damage|p1b: Wigglytuff|82\/100\n|-damage|p2a: Poki|71\/100\n|-damage|p2b: Olive Garden|84\/100\n|-unboost|p1b: Wigglytuff|spe|1\n|-unboost|p2a: Poki|spe|1\n|-unboost|p2b: Olive Garden|spe|1\n|move|p2b: Olive Garden|Strength Sap|p1a: Sawsbuck\n|-ability|p1a: Sawsbuck|Sap Sipper|boost\n|-boost|p1a: Sawsbuck|atk|1\n|move|p2a: Poki|Toxic|p1a: Sawsbuck\n|-status|p1a: Sawsbuck|tox\n|\n|-heal|p1b: Wigglytuff|88\/100|[from] Grassy Terrain\n|-heal|p2b: Olive Garden|90\/100|[from] Grassy Terrain\n|-heal|p2a: Poki|77\/100|[from] Grassy Terrain\n|-damage|p1a: Sawsbuck|94\/100 tox|[from] psn\n|upkeep\n|turn|11\n|\n|t:|1697609843\n|move|p1a: Sawsbuck|Bulldoze|p2b: Olive Garden|[spread] p1b,p2a,p2b\n|-supereffective|p2a: Poki\n|-resisted|p2b: Olive Garden\n|-damage|p1b: Wigglytuff|79\/100\n|-damage|p2a: Poki|65\/100\n|-damage|p2b: Olive Garden|87\/100\n|-unboost|p1b: Wigglytuff|spe|1\n|-unboost|p2a: Poki|spe|1\n|-unboost|p2b: Olive Garden|spe|1\n|move|p1b: Wigglytuff|Fire Blast|p2a: Poki\n|-supereffective|p2a: Poki\n|-damage|p2a: Poki|22\/100\n|move|p2b: Olive Garden|Earth Power|p1b: Wigglytuff\n|-damage|p1b: Wigglytuff|59\/100\n|move|p2a: Poki|Toxic|p1b: Wigglytuff\n|-status|p1b: Wigglytuff|tox\n|\n|-heal|p1a: Sawsbuck|100\/100 tox|[from] Grassy Terrain\n|-heal|p1b: Wigglytuff|66\/100 tox|[from] Grassy Terrain\n|-heal|p2b: Olive Garden|93\/100|[from] Grassy Terrain\n|-heal|p2a: Poki|28\/100|[from] Grassy Terrain\n|-damage|p1a: Sawsbuck|88\/100 tox|[from] psn\n|-damage|p1b: Wigglytuff|59\/100 tox|[from] psn\n|upkeep\n|turn|12\n|\n|t:|1697609893\n|switch|p2a: Breeders|Maushold|100\/100\n|move|p1a: Sawsbuck|Swords Dance|p1a: Sawsbuck\n|-boost|p1a: Sawsbuck|atk|2\n|move|p1b: Wigglytuff|Fire Blast|p2a: Breeders\n|-damage|p2a: Breeders|56\/100\n|move|p2b: Olive Garden|Leech Seed|p1b: Wigglytuff\n|-start|p1b: Wigglytuff|move: Leech Seed\n|\n|-heal|p2a: Breeders|62\/100|[from] Grassy Terrain\n|-heal|p1a: Sawsbuck|94\/100 tox|[from] Grassy Terrain\n|-heal|p1b: Wigglytuff|66\/100 tox|[from] Grassy Terrain\n|-heal|p2b: Olive Garden|99\/100|[from] Grassy Terrain\n|-damage|p1b: Wigglytuff|53\/100 tox|[from] Leech Seed|[of] p2b: Olive Garden\n|-heal|p2b: Olive Garden|100\/100|[silent]\n|-damage|p1a: Sawsbuck|76\/100 tox|[from] psn\n|-damage|p1b: Wigglytuff|41\/100 tox|[from] psn\n|upkeep\n|turn|13\n|\n|t:|1697609920\n|move|p2a: Breeders|Follow Me|p2a: Breeders\n|-singleturn|p2a: Breeders|move: Follow Me\n|move|p1a: Sawsbuck|Horn Leech|p2a: Breeders\n|-damage|p2a: Breeders|0 fnt\n|-heal|p1a: Sawsbuck|100\/100 tox|[from] drain|[of] p2a: Breeders\n|faint|p2a: Breeders\n|move|p1b: Wigglytuff|Chilling Water|p2b: Olive Garden\n|-resisted|p2b: Olive Garden\n|-damage|p2b: Olive Garden|95\/100\n|-unboost|p2b: Olive Garden|atk|1\n|move|p2b: Olive Garden|Giga Drain|p1b: Wigglytuff\n|-damage|p1b: Wigglytuff|12\/100 tox\n|-heal|p2b: Olive Garden|100\/100|[from] drain|[of] p1b: Wigglytuff\n|\n|-heal|p1b: Wigglytuff|18\/100 tox|[from] Grassy Terrain\n|-damage|p1b: Wigglytuff|6\/100 tox|[from] Leech Seed|[of] p2b: Olive Garden\n|-damage|p1a: Sawsbuck|76\/100 tox|[from] psn\n|-damage|p1b: Wigglytuff|0 fnt|[from] psn\n|faint|p1b: Wigglytuff\n|-fieldend|move: Grassy Terrain\n|upkeep\n|\n|t:|1697609952\n|switch|p2a: Spear|Grimmsnarl, M|64\/100\n|switch|p1b: Mudsdale|Mudsdale, M|84\/100\n|turn|14\n|\n|t:|1697609972\n|move|p2a: Spear|Light Screen|p2a: Spear\n|-sidestart|p2: Chuuugs|move: Light Screen\n|move|p1a: Sawsbuck|Bulldoze|p2b: Olive Garden|[spread] p1b,p2a,p2b\n|-resisted|p2b: Olive Garden\n|-damage|p1b: Mudsdale|59\/100\n|-damage|p2a: Spear|28\/100\n|-damage|p2b: Olive Garden|90\/100\n|-unboost|p1b: Mudsdale|spe|1\n|-unboost|p2a: Spear|spe|1\n|-unboost|p2b: Olive Garden|spe|1\n|-ability|p1b: Mudsdale|Stamina|boost\n|-boost|p1b: Mudsdale|def|1\n|-fieldstart|move: Grassy Terrain|[from] ability: Seed Sower|[of] p2b: Olive Garden\n|move|p1b: Mudsdale|Iron Head|p2a: Spear\n|-supereffective|p2a: Spear\n|-damage|p2a: Spear|0 fnt\n|faint|p2a: Spear\n|move|p2b: Olive Garden|Leech Seed|p1b: Mudsdale\n|-start|p1b: Mudsdale|move: Leech Seed\n|\n|-heal|p1a: Sawsbuck|82\/100 tox|[from] Grassy Terrain\n|-heal|p1b: Mudsdale|66\/100|[from] Grassy Terrain\n|-heal|p2b: Olive Garden|96\/100|[from] Grassy Terrain\n|-damage|p1b: Mudsdale|53\/100|[from] Leech Seed|[of] p2b: Olive Garden\n|-heal|p2b: Olive Garden|100\/100|[silent]\n|-damage|p1a: Sawsbuck|52\/100 tox|[from] psn\n|upkeep\n|\n|t:|1697609993\n|switch|p2a: En|Gallade, M, shiny|100\/100\n|turn|15\n|\n|t:|1697610004\n|move|p1a: Sawsbuck|Horn Leech|p1b: Mudsdale\n|-supereffective|p1b: Mudsdale\n|-damage|p1b: Mudsdale|0 fnt\n|-heal|p1a: Sawsbuck|77\/100 tox|[from] drain|[of] p1b: Mudsdale\n|faint|p1b: Mudsdale\n|move|p2a: En|Sacred Sword|p1a: Sawsbuck\n|-supereffective|p1a: Sawsbuck\n|-damage|p1a: Sawsbuck|0 fnt\n|faint|p1a: Sawsbuck\n|move|p2b: Olive Garden|Giga Drain|p1: Sawsbuck|[notarget]\n|-fail|p2b: Olive Garden\n|\n|upkeep\n|\n|t:|1697610017\n|switch|p1a: Lumineon|Lumineon, M|62\/100 tox\n|switch|p1b: Oranguru|Oranguru, F|27\/100 tox\n|turn|16\n|\n|t:|1697610029\n|move|p2a: En|Knock Off|p1b: Oranguru\n|-supereffective|p1b: Oranguru\n|-damage|p1b: Oranguru|0 fnt\n|-enditem|p1b: Oranguru|Light Clay|[from] move: Knock Off|[of] p2a: En\n|faint|p1b: Oranguru\n|move|p1a: Lumineon|Icy Wind|p2a: En|[spread] p2a,p2b\n|-supereffective|p2b: Olive Garden\n|-damage|p2a: En|94\/100\n|-damage|p2b: Olive Garden|92\/100\n|-unboost|p2a: En|spe|1\n|-unboost|p2b: Olive Garden|spe|1\n|move|p2b: Olive Garden|Giga Drain|p1a: Lumineon\n|-supereffective|p1a: Lumineon\n|-damage|p1a: Lumineon|0 fnt\n|-heal|p2b: Olive Garden|100\/100|[from] drain|[of] p1a: Lumineon\n|faint|p1a: Lumineon\n|\n|win|Chuuugs\n|raw|Andres624342's rating: 1087 &rarr; <strong>1064<\/strong><br \/>(-23 for losing)\n|raw|Chuuugs's rating: 1087 &rarr; <strong>1114<\/strong><br \/>(+27 for winning)\n|c|\u2606Chuuugs|gg\n|l|\u2606Andres624342\n","uploadtime":1697610061,"views":17,"p1id":"andres624342","p2id":"chuuugs","formatid":"gen9nationaldexdoubles","rating":1064,"private":0,"password":""}