{"id":"gen9nationaldexdoubles-1947566082","p1":"floofx","p2":"Sharpiepen","format":"[Gen 9] National Dex Doubles","log":"|j|\u2606floofx\n|j|\u2606Sharpiepen\n|t:|1695173176\n|gametype|doubles\n|player|p1|floofx|n|1017\n|player|p2|Sharpiepen|102|1027\n|teamsize|p1|6\n|teamsize|p2|6\n|gen|9\n|tier|[Gen 9] National Dex Doubles\n|rated|\n|rule|HP Percentage Mod: HP is shown in percentages\n|rule|Endless Battle Clause: Forcing endless battles is banned\n|rule|OHKO Clause: OHKO moves are banned\n|rule|Evasion Moves Clause: Evasion moves are banned\n|rule|Evasion Abilities Clause: Evasion abilities are banned\n|rule|Species Clause: Limit one of each Pok\u00e9mon\n|rule|Gravity Sleep Clause: The combination of sleep-inducing moves with imperfect accuracy and Gravity or Gigantamax Orbeetle are banned\n|clearpoke\n|poke|p1|Decidueye-Hisui, F|\n|poke|p1|Braviary-Hisui, M|\n|poke|p1|Goodra-Hisui, M|\n|poke|p1|Zoroark-Hisui, F|\n|poke|p1|Samurott-Hisui, F|\n|poke|p1|Typhlosion-Hisui, F|\n|poke|p2|Hippowdon, F|\n|poke|p2|Tyrantrum, F|\n|poke|p2|Corviknight, M|\n|poke|p2|Diancie|\n|poke|p2|Empoleon, M|\n|poke|p2|Coalossal, F|\n|teampreview\n|inactive|Battle timer is ON: inactive players will automatically lose when time's up. (requested by floofx)\n|\n|t:|1695173193\n|start\n|switch|p1a: Samorii|Samurott-Hisui, F|100\/100\n|switch|p1b: Flare|Typhlosion-Hisui, F|100\/100\n|switch|p2a: Hippowdon|Hippowdon, F|100\/100\n|switch|p2b: Corviknight|Corviknight, M|100\/100\n|-ability|p2b: Corviknight|Pressure\n|-weather|Sandstorm|[from] ability: Sand Stream|[of] p2a: Hippowdon\n|turn|1\n|\n|t:|1695173210\n|move|p1b: Flare|Will-O-Wisp|p2b: Corviknight\n|-status|p2b: Corviknight|brn\n|move|p1a: Samorii|Aqua Cutter|p2a: Hippowdon\n|-supereffective|p2a: Hippowdon\n|-damage|p2a: Hippowdon|40\/100\n|move|p2b: Corviknight|Bulk Up|p2b: Corviknight\n|-boost|p2b: Corviknight|atk|1\n|-boost|p2b: Corviknight|def|1\n|move|p2a: Hippowdon|Earthquake|p1a: Samorii|[spread] p1a,p1b\n|-immune|p2b: Corviknight\n|-supereffective|p1b: Flare\n|-damage|p1a: Samorii|56\/100\n|-damage|p1b: Flare|0 fnt\n|faint|p1b: Flare\n|\n|-weather|Sandstorm|[upkeep]\n|-damage|p1a: Samorii|50\/100|[from] Sandstorm\n|-heal|p2a: Hippowdon|46\/100|[from] item: Leftovers\n|-damage|p2b: Corviknight|94\/100 brn|[from] brn\n|upkeep\n|\n|t:|1695173224\n|switch|p1b: Snail|Goodra-Hisui, M|100\/100\n|turn|2\n|\n|t:|1695173241\n|-terastallize|p2a: Hippowdon|Ground\n|move|p1a: Samorii|Aqua Cutter|p2a: Hippowdon\n|-supereffective|p2a: Hippowdon\n|-damage|p2a: Hippowdon|0 fnt\n|faint|p2a: Hippowdon\n|move|p2b: Corviknight|Drill Peck|p1a: Samorii\n|-damage|p1a: Samorii|19\/100\n|move|p1b: Snail|Substitute|p1b: Snail\n|-start|p1b: Snail|Substitute\n|-damage|p1b: Snail|76\/100\n|\n|-weather|Sandstorm|[upkeep]\n|-damage|p1a: Samorii|13\/100|[from] Sandstorm\n|-heal|p2b: Corviknight|100\/100 brn|[from] item: Leftovers\n|-heal|p1b: Snail|82\/100|[from] item: Leftovers\n|-damage|p2b: Corviknight|94\/100 brn|[from] brn\n|upkeep\n|\n|t:|1695173258\n|switch|p2a: Coalossal|Coalossal, F|100\/100\n|turn|3\n|\n|t:|1695173273\n|move|p1b: Snail|Protect|p1b: Snail\n|-singleturn|p1b: Snail|Protect\n|move|p1a: Samorii|Aqua Cutter|p2a: Coalossal\n|-supereffective|p2a: Coalossal\n|-damage|p2a: Coalossal|0 fnt\n|faint|p2a: Coalossal\n|move|p2b: Corviknight|Drill Peck|p1a: Samorii\n|-damage|p1a: Samorii|0 fnt\n|faint|p1a: Samorii\n|\n|-weather|Sandstorm|[upkeep]\n|-heal|p2b: Corviknight|100\/100 brn|[from] item: Leftovers\n|-heal|p1b: Snail|88\/100|[from] item: Leftovers\n|-damage|p2b: Corviknight|94\/100 brn|[from] brn\n|upkeep\n|\n|t:|1695173294\n|switch|p1a: Crow|Braviary-Hisui, M, shiny|100\/100\n|switch|p2a: Empoleon|Empoleon, M|100\/100\n|turn|4\n|inactive|Sharpiepen has 120 seconds left.\n|\n|t:|1695173334\n|move|p2b: Corviknight|Bulk Up|p2b: Corviknight\n|-boost|p2b: Corviknight|atk|1\n|-boost|p2b: Corviknight|def|1\n|move|p1a: Crow|Esper Wing|p2a: Empoleon\n|-resisted|p2a: Empoleon\n|-damage|p2a: Empoleon|77\/100\n|-boost|p1a: Crow|spe|1\n|move|p1b: Snail|Flash Cannon|p2a: Empoleon\n|-resisted|p2a: Empoleon\n|-damage|p2a: Empoleon|67\/100\n|move|p2a: Empoleon|Hydro Pump|p1a: Crow\n|-damage|p1a: Crow|44\/100\n|\n|-weather|Sandstorm|[upkeep]\n|-damage|p1a: Crow|38\/100|[from] Sandstorm\n|-heal|p2b: Corviknight|100\/100 brn|[from] item: Leftovers\n|-heal|p1b: Snail|94\/100|[from] item: Leftovers\n|-damage|p2b: Corviknight|94\/100 brn|[from] brn\n|upkeep\n|turn|5\n|inactive|Sharpiepen has 120 seconds left.\n|\n|t:|1695173368\n|move|p1a: Crow|Psychic|p2a: Empoleon\n|-resisted|p2a: Empoleon\n|-damage|p2a: Empoleon|40\/100\n|move|p2b: Corviknight|Drill Peck|p1a: Crow\n|-damage|p1a: Crow|5\/100\n|move|p1b: Snail|Flash Cannon|p2a: Empoleon\n|-resisted|p2a: Empoleon\n|-damage|p2a: Empoleon|30\/100\n|move|p2a: Empoleon|Hydro Pump|p1b: Snail\n|-resisted|p1b: Snail\n|-activate|p1b: Snail|move: Substitute|[damage]\n|\n|-weather|none\n|-heal|p2b: Corviknight|100\/100 brn|[from] item: Leftovers\n|-heal|p1b: Snail|99\/100|[from] item: Leftovers\n|-damage|p2b: Corviknight|94\/100 brn|[from] brn\n|upkeep\n|turn|6\n|inactive|Sharpiepen has 120 seconds left.\n|\n|t:|1695173395\n|move|p1a: Crow|Psychic|p2b: Corviknight\n|-resisted|p2b: Corviknight\n|-damage|p2b: Corviknight|63\/100 brn\n|move|p2b: Corviknight|Drill Peck|p1a: Crow\n|-damage|p1a: Crow|0 fnt\n|faint|p1a: Crow\n|move|p1b: Snail|Flash Cannon|p2a: Empoleon\n|-resisted|p2a: Empoleon\n|-damage|p2a: Empoleon|20\/100\n|move|p2a: Empoleon|Yawn||[still]\n|-fail|p2a: Empoleon\n|\n|-heal|p2b: Corviknight|70\/100 brn|[from] item: Leftovers\n|-heal|p1b: Snail|100\/100|[from] item: Leftovers\n|-damage|p2b: Corviknight|63\/100 brn|[from] brn\n|upkeep\n|\n|t:|1695173406\n|switch|p1a: Maple|Decidueye-Hisui, F, shiny|100\/100\n|turn|7\n|inactive|Sharpiepen has 120 seconds left.\n|\n|t:|1695173438\n|switch|p2a: Tyrantrum|Tyrantrum, F|100\/100\n|move|p1a: Maple|Leaf Blade|p2a: Tyrantrum\n|-damage|p2a: Tyrantrum|56\/100\n|move|p2b: Corviknight|Drill Peck|p1a: Maple\n|-supereffective|p1a: Maple\n|-damage|p1a: Maple|0 fnt\n|faint|p1a: Maple\n|move|p1b: Snail|Draco Meteor|p2b: Corviknight\n|-resisted|p2b: Corviknight\n|-damage|p2b: Corviknight|28\/100 brn\n|-unboost|p1b: Snail|spa|2\n|\n|-heal|p2b: Corviknight|34\/100 brn|[from] item: Leftovers\n|-damage|p2b: Corviknight|28\/100 brn|[from] brn\n|upkeep\n|\n|t:|1695173449\n|switch|p1a: Snail|Goodra-Hisui, M|100\/100\n|turn|8\n|inactive|Sharpiepen has 120 seconds left.\n|\n|t:|1695173474\n|move|p1b: Snail|Protect|p1b: Snail\n|-singleturn|p1b: Snail|Protect\n|move|p1a: Snail|Focus Blast|p2a: Tyrantrum\n|-supereffective|p2a: Tyrantrum\n|-damage|p2a: Tyrantrum|0 fnt\n|faint|p2a: Tyrantrum\n|move|p2b: Corviknight|Roost|p2b: Corviknight\n|-heal|p2b: Corviknight|78\/100 brn\n|-singleturn|p2b: Corviknight|move: Roost\n|\n|-heal|p2b: Corviknight|84\/100 brn|[from] item: Leftovers\n|-damage|p2b: Corviknight|78\/100 brn|[from] brn\n|upkeep\n|\n|t:|1695173489\n|switch|p2a: Diancie|Diancie|100\/100\n|turn|9\n|inactive|Sharpiepen has 120 seconds left.\n|\n|t:|1695173507\n|detailschange|p2a: Diancie|Diancie-Mega\n|-mega|p2a: Diancie|Diancie|Diancite\n|-terastallize|p1a: Snail|Normal\n|move|p2a: Diancie|Earth Power|p1a: Snail\n|-damage|p1a: Snail|21\/100\n|replace|p1a: Spirit|Zoroark-Hisui, F, shiny\n|-end|p1a: Spirit|Illusion\n|move|p1a: Spirit|Hyper Voice|p2b: Corviknight|[spread] p2a,p2b\n|-resisted|p2a: Diancie\n|-resisted|p2b: Corviknight\n|-damage|p2a: Diancie|67\/100\n|-damage|p2b: Corviknight|47\/100 brn\n|-enditem|p1a: Spirit|Throat Spray\n|-boost|p1a: Spirit|spa|1|[from] item: Throat Spray\n|move|p2b: Corviknight|Bulk Up|p2b: Corviknight\n|-boost|p2b: Corviknight|atk|1\n|-boost|p2b: Corviknight|def|1\n|move|p1b: Snail|Flash Cannon|p2a: Diancie\n|-supereffective|p2a: Diancie\n|-damage|p2a: Diancie|0 fnt\n|faint|p2a: Diancie\n|\n|-heal|p2b: Corviknight|53\/100 brn|[from] item: Leftovers\n|-damage|p2b: Corviknight|47\/100 brn|[from] brn\n|upkeep\n|\n|t:|1695173526\n|switch|p2a: Empoleon|Empoleon, M|20\/100\n|turn|10\n|inactive|Sharpiepen has 120 seconds left.\n|\n|t:|1695173556\n|move|p1a: Spirit|Bitter Malice|p2b: Corviknight\n|-damage|p2b: Corviknight|0 fnt\n|faint|p2b: Corviknight\n|move|p1b: Snail|Draco Meteor|p2a: Empoleon\n|-resisted|p2a: Empoleon\n|-damage|p2a: Empoleon|4\/100\n|-unboost|p1b: Snail|spa|2\n|move|p2a: Empoleon|Hydro Pump|p1a: Spirit\n|-damage|p1a: Spirit|0 fnt\n|faint|p1a: Spirit\n|\n|upkeep\n|turn|11\n|inactive|Sharpiepen has 120 seconds left.\n|c|\u2606floofx|ggs\n|\n|t:|1695173578\n|move|p1b: Snail|Flash Cannon|p2a: Empoleon\n|-resisted|p2a: Empoleon\n|-damage|p2a: Empoleon|0 fnt\n|faint|p2a: Empoleon\n|\n|win|floofx\n|raw|floofx's rating: 1017 &rarr; <strong>1056<\/strong><br \/>(+39 for winning)\n|raw|Sharpiepen's rating: 1027 &rarr; <strong>1013<\/strong><br \/>(-14 for losing)\n|l|\u2606Sharpiepen\n","uploadtime":1695173584,"views":4,"p1id":"floofx","p2id":"sharpiepen","formatid":"gen9nationaldexdoubles","rating":1013,"private":0,"password":""}