{"id":"gen9nationaldexdoubles-1960008764","p1":"Jpolo23","p2":"Xeris02","format":"[Gen 9] National Dex Doubles","log":"|j|\u2606Jpolo23\n|j|\u2606Xeris02\n|t:|1696478535\n|gametype|doubles\n|player|p1|Jpolo23|alder|1253\n|player|p2|Xeris02|n|1097\n|teamsize|p1|6\n|teamsize|p2|6\n|gen|9\n|tier|[Gen 9] National Dex Doubles\n|rated|\n|rule|HP Percentage Mod: HP is shown in percentages\n|rule|Endless Battle Clause: Forcing endless battles is banned\n|rule|OHKO Clause: OHKO moves are banned\n|rule|Evasion Moves Clause: Evasion moves are banned\n|rule|Evasion Abilities Clause: Evasion abilities are banned\n|rule|Species Clause: Limit one of each Pok\u00e9mon\n|rule|Gravity Sleep Clause: The combination of sleep-inducing moves with imperfect accuracy and Gravity or Gigantamax Orbeetle are banned\n|clearpoke\n|poke|p1|Camerupt, M|\n|poke|p1|Meowscarada, M|\n|poke|p1|Flamigo, F|\n|poke|p1|Cresselia, F|\n|poke|p1|Kommo-o, F|\n|poke|p1|Grumpig, F|\n|poke|p2|Tsareena, F|\n|poke|p2|Salazzle, F|\n|poke|p2|Gardevoir, F|\n|poke|p2|Vaporeon, F|\n|poke|p2|Lilligant-Hisui, F|\n|poke|p2|Thundurus, M|\n|teampreview\n|inactive|Battle timer is ON: inactive players will automatically lose when time's up. (requested by Xeris02)\n|\n|t:|1696478549\n|start\n|switch|p1a: Meowscarada|Meowscarada, M|100\/100\n|switch|p1b: Camerupt|Camerupt, M|100\/100\n|switch|p2a: Vaporeon|Vaporeon, F|100\/100\n|switch|p2b: Lilligant|Lilligant-Hisui, F, shiny|100\/100\n|turn|1\n|inactive|Jpolo23 has 120 seconds left.\n|inactive|Xeris02 has 120 seconds left.\n|\n|t:|1696478596\n|move|p1b: Camerupt|Protect|p1b: Camerupt\n|-singleturn|p1b: Camerupt|Protect\n|move|p2b: Lilligant|Ice Spinner|p1a: Meowscarada\n|-supereffective|p1a: Meowscarada\n|-damage|p1a: Meowscarada|2\/100\n|move|p2a: Vaporeon|Calm Mind|p2a: Vaporeon\n|-boost|p2a: Vaporeon|spa|1\n|-boost|p2a: Vaporeon|spd|1\n|move|p1a: Meowscarada|Trick Room|p1a: Meowscarada\n|-start|p1a: Meowscarada|typechange|Psychic|[from] ability: Protean\n|-fieldstart|move: Trick Room|[of] p1a: Meowscarada\n|\n|upkeep\n|turn|2\n|inactive|Xeris02 has 120 seconds left.\n|inactive|Jpolo23 has 120 seconds left.\n|\n|t:|1696478636\n|move|p1b: Camerupt|Earthquake|p2a: Vaporeon|[spread] p1a,p2a,p2b\n|-resisted|p2b: Lilligant\n|-damage|p1a: Meowscarada|0 fnt\n|-damage|p2a: Vaporeon|79\/100\n|-damage|p2b: Lilligant|80\/100\n|faint|p1a: Meowscarada\n|move|p2a: Vaporeon|Calm Mind|p2a: Vaporeon\n|-boost|p2a: Vaporeon|spa|1\n|-boost|p2a: Vaporeon|spd|1\n|move|p2b: Lilligant|Close Combat|p1b: Camerupt|[miss]\n|-miss|p2b: Lilligant|p1b: Camerupt\n|\n|-heal|p2a: Vaporeon|85\/100|[from] item: Leftovers\n|upkeep\n|\n|t:|1696478651\n|switch|p1a: Kommo-o|Kommo-o, F|100\/100\n|turn|3\n|inactive|Xeris02 has 120 seconds left.\n|\n|t:|1696478674\n|detailschange|p1b: Camerupt|Camerupt-Mega, M\n|-mega|p1b: Camerupt|Camerupt|Cameruptite\n|move|p1b: Camerupt|Rock Slide|p2b: Lilligant|[spread] p2a,p2b\n|-resisted|p2b: Lilligant\n|-damage|p2a: Vaporeon|68\/100\n|-damage|p2b: Lilligant|63\/100\n|move|p2a: Vaporeon|Acid Armor|p2a: Vaporeon\n|-boost|p2a: Vaporeon|def|2\n|-zpower|p1a: Kommo-o\n|move|p1a: Kommo-o|Clangorous Soulblaze|p2a: Vaporeon|[zeffect]|[spread] p2a,p2b\n|-damage|p2a: Vaporeon|50\/100\n|-damage|p2b: Lilligant|0 fnt\n|faint|p2b: Lilligant\n|-boost|p1a: Kommo-o|atk|1\n|-boost|p1a: Kommo-o|def|1\n|-boost|p1a: Kommo-o|spa|1\n|-boost|p1a: Kommo-o|spd|1\n|-boost|p1a: Kommo-o|spe|1\n|\n|-heal|p2a: Vaporeon|56\/100|[from] item: Leftovers\n|upkeep\n|inactive|Xeris02 has 120 seconds left.\n|\n|t:|1696478696\n|switch|p2b: Gardevoir|Gardevoir, F|100\/100\n|-ability|p2b: Gardevoir|Overcoat|[from] ability: Trace|[of] p1a: Kommo-o\n|turn|4\n|inactive|Xeris02 has 120 seconds left.\n|inactive|Jpolo23 has 120 seconds left.\n|\n|t:|1696478727\n|move|p1a: Kommo-o|Protect|p1a: Kommo-o\n|-singleturn|p1a: Kommo-o|Protect\n|move|p1b: Camerupt|Flare Blitz|p2b: Gardevoir\n|-damage|p2b: Gardevoir|0 fnt\n|faint|p2b: Gardevoir\n|-damage|p1b: Camerupt|71\/100|[from] Recoil\n|move|p2a: Vaporeon|Scald|p1b: Camerupt\n|-supereffective|p1b: Camerupt\n|-damage|p1b: Camerupt|0 fnt\n|faint|p1b: Camerupt\n|\n|-heal|p2a: Vaporeon|63\/100|[from] item: Leftovers\n|upkeep\n|inactive|Jpolo23 has 120 seconds left.\n|inactive|Xeris02 has 120 seconds left.\n|\n|t:|1696478751\n|switch|p1b: Grumpig|Grumpig, F|100\/100\n|switch|p2b: Thundurus|Thundurus, M|100\/100\n|turn|5\n|inactive|Jpolo23 has 120 seconds left.\n|\n|t:|1696478782\n|-terastallize|p2b: Thundurus|Steel\n|move|p2a: Vaporeon|Scald|p1b: Grumpig\n|-damage|p1b: Grumpig|52\/100\n|move|p1b: Grumpig|Simple Beam|p1a: Kommo-o\n|-endability|p1a: Kommo-o|Overcoat|[from] move: Simple Beam\n|-ability|p1a: Kommo-o|Simple|[from] move: Simple Beam\n|move|p2b: Thundurus|Acrobatics|p1a: Kommo-o\n|-supereffective|p1a: Kommo-o\n|-damage|p1a: Kommo-o|38\/100\n|move|p1a: Kommo-o|Drain Punch|p2b: Thundurus\n|-supereffective|p2b: Thundurus\n|-damage|p2b: Thundurus|0 fnt\n|-heal|p1a: Kommo-o|80\/100|[from] drain|[of] p2b: Thundurus\n|faint|p2b: Thundurus\n|\n|-heal|p2a: Vaporeon|69\/100|[from] item: Leftovers\n|-fieldend|move: Trick Room\n|upkeep\n|inactive|Xeris02 has 120 seconds left.\n|\n|t:|1696478804\n|switch|p2b: Tsareena|Tsareena, F|100\/100\n|turn|6\n|inactive|Xeris02 has 120 seconds left.\n|inactive|Jpolo23 has 120 seconds left.\n|\n|t:|1696478832\n|move|p1b: Grumpig|Helping Hand|p1a: Kommo-o\n|-singleturn|p1a: Kommo-o|Helping Hand|[of] p1b: Grumpig\n|move|p1a: Kommo-o|Clanging Scales|p2b: Tsareena|[spread] p2a,p2b\n|-damage|p2a: Vaporeon|46\/100\n|-damage|p2b: Tsareena|26\/100\n|-unboost|p1a: Kommo-o|def|2\n|move|p2b: Tsareena|Solar Blade||[still]\n|-prepare|p2b: Tsareena|Solar Blade\n|-enditem|p2b: Tsareena|Power Herb\n|-anim|p2b: Tsareena|Solar Blade|p1a: Kommo-o\n|-resisted|p1a: Kommo-o\n|-damage|p1a: Kommo-o|35\/100\n|move|p2a: Vaporeon|Calm Mind|p2a: Vaporeon\n|-boost|p2a: Vaporeon|spa|1\n|-boost|p2a: Vaporeon|spd|1\n|\n|-heal|p2a: Vaporeon|52\/100|[from] item: Leftovers\n|upkeep\n|turn|7\n|inactive|Xeris02 has 120 seconds left.\n|inactive|Jpolo23 has 120 seconds left.\n|\n|t:|1696478859\n|move|p1b: Grumpig|Helping Hand|p1a: Kommo-o\n|-singleturn|p1a: Kommo-o|Helping Hand|[of] p1b: Grumpig\n|move|p1a: Kommo-o|Clanging Scales|p2b: Tsareena|[spread] p2a,p2b\n|-damage|p2a: Vaporeon|33\/100\n|-damage|p2b: Tsareena|0 fnt\n|faint|p2b: Tsareena\n|-unboost|p1a: Kommo-o|def|2\n|move|p2a: Vaporeon|Wish|p2a: Vaporeon\n|\n|-heal|p2a: Vaporeon|40\/100|[from] item: Leftovers\n|upkeep\n|inactive|Xeris02 has 120 seconds left.\n|\n|t:|1696478871\n|switch|p2b: Salazzle|Salazzle, F, shiny|100\/100\n|turn|8\n|\n|t:|1696478881\n|move|p1b: Grumpig|Helping Hand|p1a: Kommo-o\n|-singleturn|p1a: Kommo-o|Helping Hand|[of] p1b: Grumpig\n|move|p2b: Salazzle|Fake Out|p1a: Kommo-o\n|-damage|p1a: Kommo-o|22\/100\n|cant|p1a: Kommo-o|flinch\n|move|p2a: Vaporeon|Scald|p1b: Grumpig\n|-damage|p1b: Grumpig|0 fnt\n|faint|p1b: Grumpig\n|\n|-heal|p2a: Vaporeon|90\/100|[from] move: Wish|[wisher] Vaporeon\n|-heal|p2a: Vaporeon|96\/100|[from] item: Leftovers\n|upkeep\n|\n|t:|1696478895\n|switch|p1b: Flamigo|Flamigo, F|100\/100\n|-copyboost|p1b: Flamigo|p1a: Kommo-o|[from] ability: Costar\n|turn|9\n|\n|t:|1696478913\n|move|p1b: Flamigo|Dual Wingbeat|p2b: Salazzle\n|-damage|p2b: Salazzle|36\/100\n|-damage|p2b: Salazzle|0 fnt\n|faint|p2b: Salazzle\n|-hitcount|p2: Salazzle|2\n|move|p1a: Kommo-o|Clanging Scales|p2a: Vaporeon\n|-damage|p2a: Vaporeon|80\/100\n|-unboost|p1a: Kommo-o|def|2\n|move|p2a: Vaporeon|Acid Armor|p2a: Vaporeon\n|-boost|p2a: Vaporeon|def|2\n|\n|-heal|p2a: Vaporeon|87\/100|[from] item: Leftovers\n|upkeep\n|turn|10\n|\n|t:|1696478943\n|switch|p1b: Cresselia|Cresselia, F|100\/100\n|move|p1a: Kommo-o|Protect|p1a: Kommo-o\n|-singleturn|p1a: Kommo-o|Protect\n|move|p2a: Vaporeon|Scald|p1b: Cresselia\n|-damage|p1b: Cresselia|55\/100\n|\n|-heal|p1b: Cresselia|61\/100|[from] item: Leftovers\n|-heal|p2a: Vaporeon|93\/100|[from] item: Leftovers\n|upkeep\n|turn|11\n|\n|t:|1696478957\n|move|p1a: Kommo-o|Drain Punch|p2a: Vaporeon\n|-crit|p2a: Vaporeon\n|-damage|p2a: Vaporeon|42\/100\n|-heal|p1a: Kommo-o|55\/100|[from] drain|[of] p2a: Vaporeon\n|move|p1b: Cresselia|Lunar Blessing|p1b: Cresselia|[spread] p1a,p1b\n|-heal|p1a: Kommo-o|80\/100\n|-heal|p1b: Cresselia|86\/100\n|move|p2a: Vaporeon|Calm Mind|p2a: Vaporeon\n|-boost|p2a: Vaporeon|spa|1\n|-boost|p2a: Vaporeon|spd|1\n|\n|-heal|p1b: Cresselia|92\/100|[from] item: Leftovers\n|-heal|p2a: Vaporeon|48\/100|[from] item: Leftovers\n|upkeep\n|turn|12\n|\n|t:|1696478979\n|move|p1a: Kommo-o|Clangorous Soul|p1a: Kommo-o\n|-boost|p1a: Kommo-o|atk|2\n|-boost|p1a: Kommo-o|def|2\n|-boost|p1a: Kommo-o|spa|2\n|-boost|p1a: Kommo-o|spd|2\n|-boost|p1a: Kommo-o|spe|2\n|-damage|p1a: Kommo-o|47\/100\n|move|p1b: Cresselia|Lunar Blessing|p1b: Cresselia|[spread] p1a,p1b\n|-heal|p1a: Kommo-o|72\/100\n|-heal|p1b: Cresselia|100\/100\n|move|p2a: Vaporeon|Wish|p2a: Vaporeon\n|\n|-heal|p2a: Vaporeon|54\/100|[from] item: Leftovers\n|upkeep\n|turn|13\n|\n|t:|1696478996\n|move|p1a: Kommo-o|Clangorous Soul|p1a: Kommo-o\n|-boost|p1a: Kommo-o|atk|2\n|-boost|p1a: Kommo-o|def|2\n|-boost|p1a: Kommo-o|spa|2\n|-boost|p1a: Kommo-o|spd|2\n|-boost|p1a: Kommo-o|spe|2\n|-damage|p1a: Kommo-o|39\/100\n|move|p1b: Cresselia|Lunar Blessing|p1b: Cresselia|[spread] p1a,p1b\n|-heal|p1a: Kommo-o|64\/100\n|move|p2a: Vaporeon|Scald|p1a: Kommo-o\n|-resisted|p1a: Kommo-o\n|-damage|p1a: Kommo-o|52\/100\n|\n|-heal|p2a: Vaporeon|100\/100|[from] move: Wish|[wisher] Vaporeon\n|upkeep\n|turn|14\n|\n|t:|1696479014\n|move|p1a: Kommo-o|Clangorous Soul|p1a: Kommo-o\n|-boost|p1a: Kommo-o|atk|1\n|-boost|p1a: Kommo-o|def|2\n|-boost|p1a: Kommo-o|spa|1\n|-boost|p1a: Kommo-o|spd|1\n|-boost|p1a: Kommo-o|spe|1\n|-damage|p1a: Kommo-o|19\/100\n|move|p1b: Cresselia|Thunder Wave|p2a: Vaporeon\n|-status|p2a: Vaporeon|par\n|move|p2a: Vaporeon|Scald|p1b: Cresselia\n|-damage|p1b: Cresselia|38\/100\n|-status|p1b: Cresselia|brn\n|\n|-heal|p1b: Cresselia|44\/100 brn|[from] item: Leftovers\n|-damage|p1b: Cresselia|38\/100 brn|[from] brn\n|upkeep\n|turn|15\n|\n|t:|1696479032\n|move|p1a: Kommo-o|Drain Punch|p2a: Vaporeon\n|-damage|p2a: Vaporeon|71\/100 par\n|-heal|p1a: Kommo-o|38\/100|[from] drain|[of] p2a: Vaporeon\n|move|p1b: Cresselia|Lunar Blessing|p1b: Cresselia|[spread] p1a,p1b\n|-heal|p1a: Kommo-o|63\/100\n|-heal|p1b: Cresselia|63\/100 brn\n|-curestatus|p1b: Cresselia|brn|[msg]\n|move|p2a: Vaporeon|Scald|p1a: Kommo-o\n|-resisted|p1a: Kommo-o\n|-damage|p1a: Kommo-o|53\/100\n|-status|p1a: Kommo-o|brn\n|\n|-heal|p1b: Cresselia|69\/100|[from] item: Leftovers\n|-heal|p2a: Vaporeon|78\/100 par|[from] item: Leftovers\n|-damage|p1a: Kommo-o|47\/100 brn|[from] brn\n|upkeep\n|turn|16\n|\n|t:|1696479053\n|move|p1a: Kommo-o|Clanging Scales|p2a: Vaporeon\n|-damage|p2a: Vaporeon|43\/100 par\n|-unboost|p1a: Kommo-o|def|2\n|move|p1b: Cresselia|Lunar Blessing|p1b: Cresselia|[spread] p1a,p1b\n|-heal|p1a: Kommo-o|72\/100 brn\n|-curestatus|p1a: Kommo-o|brn|[msg]\n|-heal|p1b: Cresselia|94\/100\n|move|p2a: Vaporeon|Acid Armor|p2a: Vaporeon\n|-boost|p2a: Vaporeon|def|2\n|\n|-heal|p1b: Cresselia|99\/100|[from] item: Leftovers\n|-heal|p2a: Vaporeon|49\/100 par|[from] item: Leftovers\n|upkeep\n|turn|17\n|\n|t:|1696479077\n|switch|p1b: Flamigo|Flamigo, F|100\/100\n|-copyboost|p1b: Flamigo|p1a: Kommo-o|[from] ability: Costar\n|move|p1a: Kommo-o|Clanging Scales|p2a: Vaporeon\n|-damage|p2a: Vaporeon|11\/100 par\n|-unboost|p1a: Kommo-o|def|2\n|move|p2a: Vaporeon|Wish|p2a: Vaporeon\n|\n|-heal|p2a: Vaporeon|18\/100 par|[from] item: Leftovers\n|upkeep\n|turn|18\n|\n|t:|1696479093\n|move|p1b: Flamigo|Close Combat|p2a: Vaporeon\n|-damage|p2a: Vaporeon|0 fnt\n|-unboost|p1b: Flamigo|def|1\n|-unboost|p1b: Flamigo|spd|1\n|faint|p2a: Vaporeon\n|\n|win|Jpolo23\n|raw|Jpolo23's rating: 1253 &rarr; <strong>1267<\/strong><br \/>(+14 for winning)\n|raw|Xeris02's rating: 1097 &rarr; <strong>1083<\/strong><br \/>(-14 for losing)\n|l|\u2606Xeris02\n","uploadtime":1696479120,"views":12,"p1id":"jpolo23","p2id":"xeris02","formatid":"gen9nationaldexdoubles","rating":1083,"private":0,"password":""}