{"id":"gen9nationaldexdoubles-1961397630","p1":"Numa no Kage","p2":"Junky Dummy","format":"[Gen 9] National Dex Doubles","log":"|j|\u2606Numa no Kage\n|j|\u2606Junky Dummy\n|t:|1696621695\n|gametype|doubles\n|player|p1|Numa no Kage|acetrainer|1147\n|player|p2|Junky Dummy|265|1213\n|teamsize|p1|6\n|teamsize|p2|6\n|gen|9\n|tier|[Gen 9] National Dex Doubles\n|rated|\n|rule|HP Percentage Mod: HP is shown in percentages\n|rule|Endless Battle Clause: Forcing endless battles is banned\n|rule|OHKO Clause: OHKO moves are banned\n|rule|Evasion Moves Clause: Evasion moves are banned\n|rule|Evasion Abilities Clause: Evasion abilities are banned\n|rule|Species Clause: Limit one of each Pok\u00e9mon\n|rule|Gravity Sleep Clause: The combination of sleep-inducing moves with imperfect accuracy and Gravity or Gigantamax Orbeetle are banned\n|clearpoke\n|poke|p1|Chansey, F|\n|poke|p1|Okidogi, M|\n|poke|p1|Grimmsnarl, M|\n|poke|p1|Landorus-Therian, M|\n|poke|p1|Walking Wake|\n|poke|p1|Flutter Mane|\n|poke|p2|Charizard, F|\n|poke|p2|Chi-Yu|\n|poke|p2|Flutter Mane|\n|poke|p2|Whimsicott, M|\n|poke|p2|Kingambit, F|\n|poke|p2|Landorus-Therian, M|\n|teampreview\n|inactive|Battle timer is ON: inactive players will automatically lose when time's up. (requested by Numa no Kage)\n|\n|t:|1696621701\n|start\n|switch|p1a: Chansey|Chansey, F|100\/100\n|switch|p1b: Grimmsnarl|Grimmsnarl, M, shiny|100\/100\n|switch|p2a: Charizard|Charizard, F, shiny|100\/100\n|switch|p2b: Chi-Yu|Chi-Yu|100\/100\n|-ability|p2b: Chi-Yu|Beads of Ruin\n|turn|1\n|\n|t:|1696621714\n|switch|p2b: Kingambit|Kingambit, F, shiny|100\/100\n|switch|p2a: Landorus|Landorus-Therian, M, shiny|100\/100\n|-ability|p2a: Landorus|Intimidate|boost\n|-unboost|p1a: Chansey|atk|1\n|-unboost|p1b: Grimmsnarl|atk|1\n|move|p1b: Grimmsnarl|Light Screen|p1b: Grimmsnarl\n|-sidestart|p1: Numa no Kage|move: Light Screen\n|move|p1a: Chansey|Thunder Wave|p2a: Landorus\n|-immune|p2a: Landorus\n|\n|upkeep\n|turn|2\n|inactive|Junky Dummy has 120 seconds left.\n|\n|t:|1696621753\n|move|p1b: Grimmsnarl|Reflect|p1b: Grimmsnarl\n|-sidestart|p1: Numa no Kage|Reflect\n|move|p2a: Landorus|U-turn|p1b: Grimmsnarl\n|-damage|p1b: Grimmsnarl|82\/100\n|\n|t:|1696621759\n|switch|p2a: Whimsicott|Whimsicott, M, shiny|100\/100|[from] U-turn\n|move|p2b: Kingambit|Knock Off|p1a: Chansey\n|-damage|p1a: Chansey|78\/100\n|-enditem|p1a: Chansey|Eviolite|[from] move: Knock Off|[of] p2b: Kingambit\n|move|p1a: Chansey|Stealth Rock|p2b: Kingambit\n|-sidestart|p2: Junky Dummy|move: Stealth Rock\n|\n|upkeep\n|turn|3\n|inactive|Junky Dummy has 120 seconds left.\n|\n|t:|1696621779\n|move|p2a: Whimsicott|Encore|p1a: Chansey\n|-start|p1a: Chansey|Encore\n|move|p1b: Grimmsnarl|Taunt|p2a: Whimsicott\n|-start|p2a: Whimsicott|move: Taunt\n|move|p2b: Kingambit|Iron Head|p1b: Grimmsnarl\n|-supereffective|p1b: Grimmsnarl\n|-damage|p1b: Grimmsnarl|8\/100\n|move|p1a: Chansey|Stealth Rock||[still]\n|-fail|p1a: Chansey\n|\n|upkeep\n|turn|4\n|\n|t:|1696621799\n|switch|p2a: Landorus|Landorus-Therian, M, shiny|100\/100\n|-damage|p2a: Landorus|88\/100|[from] Stealth Rock\n|-ability|p2a: Landorus|Intimidate|boost\n|-unboost|p1a: Chansey|atk|1\n|-unboost|p1b: Grimmsnarl|atk|1\n|switch|p1a: Landorus|Landorus-Therian, M|100\/100\n|-ability|p1a: Landorus|Intimidate|boost\n|-unboost|p2a: Landorus|atk|1\n|-unboost|p2b: Kingambit|atk|1\n|-ability|p2b: Kingambit|Defiant|boost\n|-boost|p2b: Kingambit|atk|2\n|move|p1b: Grimmsnarl|Parting Shot|p2a: Landorus\n|-unboost|p2a: Landorus|atk|1\n|-unboost|p2a: Landorus|spa|1\n|\n|t:|1696621813\n|switch|p1b: Chansey|Chansey, F|78\/100|[from] Parting Shot\n|move|p2b: Kingambit|Iron Head|p1b: Chansey\n|-damage|p1b: Chansey|36\/100\n|\n|upkeep\n|turn|5\n|\n|t:|1696621840\n|move|p1a: Landorus|Earthquake|p2a: Landorus|[spread] p1b,p2b\n|-immune|p2a: Landorus\n|-supereffective|p2b: Kingambit\n|-damage|p1b: Chansey|7\/100\n|-damage|p2b: Kingambit|35\/100\n|move|p2a: Landorus|Defog|p1a: Landorus\n|-unboost|p1a: Landorus|evasion|1\n|-sideend|p1: Numa no Kage|Reflect\n|-sideend|p1: Numa no Kage|move: Light Screen\n|-sideend|p2: Junky Dummy|Stealth Rock|[from] move: Defog|[of] p2a: Landorus\n|move|p2b: Kingambit|Low Kick|p1b: Chansey\n|-supereffective|p1b: Chansey\n|-crit|p1b: Chansey\n|-damage|p1b: Chansey|0 fnt\n|faint|p1b: Chansey\n|\n|upkeep\n|\n|t:|1696621855\n|switch|p1b: Walking Wake|Walking Wake|100\/100\n|turn|6\n|\n|t:|1696621881\n|move|p2b: Kingambit|Sucker Punch|p1a: Landorus\n|-damage|p1a: Landorus|28\/100\n|move|p1b: Walking Wake|Flamethrower|p2b: Kingambit\n|-supereffective|p2b: Kingambit\n|-damage|p2b: Kingambit|0 fnt\n|faint|p2b: Kingambit\n|move|p1a: Landorus|Stone Edge|p2a: Landorus|[miss]\n|-miss|p1a: Landorus|p2a: Landorus\n|move|p2a: Landorus|Stealth Rock|p1a: Landorus\n|-sidestart|p1: Numa no Kage|move: Stealth Rock\n|\n|-heal|p1a: Landorus|34\/100|[from] item: Leftovers\n|upkeep\n|inactive|Junky Dummy has 120 seconds left.\n|\n|t:|1696621900\n|switch|p2b: Whimsicott|Whimsicott, M, shiny|100\/100\n|turn|7\n|inactive|Junky Dummy has 120 seconds left.\n|\n|t:|1696621921\n|-end|p1b: Walking Wake|Protosynthesis|[silent]\n|switch|p1b: Grimmsnarl|Grimmsnarl, M, shiny|8\/100\n|-damage|p1b: Grimmsnarl|0 fnt|[from] Stealth Rock\n|faint|p1b: Grimmsnarl\n|move|p2b: Whimsicott|Moonblast|p1a: Landorus\n|-damage|p1a: Landorus|0 fnt\n|faint|p1a: Landorus\n|move|p2a: Landorus|U-turn|p1: Landorus|[notarget]\n|-fail|p2a: Landorus\n|\n|upkeep\n|\n|t:|1696621937\n|switch|p1a: Walking Wake|Walking Wake|100\/100\n|switch|p1b: Mega Misdreavus|Flutter Mane, shiny|100\/100\n|-damage|p1b: Mega Misdreavus|88\/100|[from] Stealth Rock\n|-damage|p1a: Walking Wake|88\/100|[from] Stealth Rock\n|turn|8\n|\n|t:|1696621956\n|move|p1b: Mega Misdreavus|Moonblast|p2a: Landorus\n|-damage|p2a: Landorus|40\/100\n|move|p2b: Whimsicott|Moonblast|p1a: Walking Wake\n|-supereffective|p1a: Walking Wake\n|-damage|p1a: Walking Wake|46\/100\n|move|p1a: Walking Wake|Flamethrower|p2b: Whimsicott\n|-supereffective|p2b: Whimsicott\n|-damage|p2b: Whimsicott|17\/100\n|move|p2a: Landorus|U-turn|p1b: Mega Misdreavus\n|-resisted|p1b: Mega Misdreavus\n|-damage|p1b: Mega Misdreavus|81\/100\n|\n|t:|1696621976\n|switch|p2a: Flutter Mane|Flutter Mane|100\/100|[from] U-turn\n|\n|upkeep\n|turn|9\n|\n|t:|1696621999\n|-end|p1b: Mega Misdreavus|Protosynthesis|[silent]\n|switch|p1b: Okidogi|Okidogi, M|100\/100\n|-damage|p1b: Okidogi|94\/100|[from] Stealth Rock\n|-terastallize|p2a: Flutter Mane|Fairy\n|move|p2b: Whimsicott|Helping Hand|p2a: Flutter Mane\n|-singleturn|p2a: Flutter Mane|Helping Hand|[of] p2b: Whimsicott\n|move|p2a: Flutter Mane|Dazzling Gleam|p1b: Okidogi|[spread] p1a,p1b\n|-supereffective|p1a: Walking Wake\n|-damage|p1a: Walking Wake|0 fnt\n|-damage|p1b: Okidogi|35\/100\n|faint|p1a: Walking Wake\n|-end|p1a: Walking Wake|Protosynthesis|[silent]\n|\n|upkeep\n|\n|t:|1696622010\n|switch|p1a: Mega Misdreavus|Flutter Mane, shiny|81\/100\n|-damage|p1a: Mega Misdreavus|69\/100|[from] Stealth Rock\n|turn|10\n|\n|t:|1696622020\n|-terastallize|p1a: Mega Misdreavus|Ghost\n|move|p2b: Whimsicott|Helping Hand|p2a: Flutter Mane\n|-singleturn|p2a: Flutter Mane|Helping Hand|[of] p2b: Whimsicott\n|move|p1a: Mega Misdreavus|Shadow Ball|p2a: Flutter Mane\n|-crit|p2a: Flutter Mane\n|-damage|p2a: Flutter Mane|23\/100\n|-unboost|p2a: Flutter Mane|spd|1\n|move|p2a: Flutter Mane|Dazzling Gleam|p1b: Okidogi|[spread] p1a,p1b\n|-damage|p1a: Mega Misdreavus|0 fnt\n|-damage|p1b: Okidogi|0 fnt\n|faint|p1a: Mega Misdreavus\n|-end|p1a: Mega Misdreavus|Protosynthesis|[silent]\n|faint|p1b: Okidogi\n|\n|win|Junky Dummy\n|raw|Numa no Kage's rating: 1147 &rarr; <strong>1127<\/strong><br \/>(-20 for losing)\n|raw|Junky Dummy's rating: 1213 &rarr; <strong>1233<\/strong><br \/>(+20 for winning)\n|l|\u2606Numa no Kage\n","uploadtime":1696622045,"views":8,"p1id":"numanokage","p2id":"junkydummy","formatid":"gen9nationaldexdoubles","rating":1127,"private":0,"password":""}