{"id":"gen9nationaldexdoubles-1998423989","p1":"Leuco9","p2":"Psicodelicia96","format":"[Gen 9] National Dex Doubles","log":"|j|\u2606Leuco9\n|j|\u2606Psicodelicia96\n|t:|1700940741\n|gametype|doubles\n|player|p1|Leuco9|acetrainer|\n|player|p2|Psicodelicia96|burgh|\n|teamsize|p1|6\n|teamsize|p2|6\n|gen|9\n|tier|[Gen 9] National Dex Doubles\n|rule|HP Percentage Mod: HP is shown in percentages\n|rule|Endless Battle Clause: Forcing endless battles is banned\n|rule|OHKO Clause: OHKO moves are banned\n|rule|Evasion Moves Clause: Evasion moves are banned\n|rule|Evasion Abilities Clause: Evasion abilities are banned\n|rule|Species Clause: Limit one of each Pok\u00e9mon\n|rule|Gravity Sleep Clause: The combination of sleep-inducing moves with imperfect accuracy and Gravity or Gigantamax Orbeetle are banned\n|clearpoke\n|poke|p1|Oricorio-Pom-Pom, F|\n|poke|p1|Volcarona, F|\n|poke|p1|Cresselia, F|\n|poke|p1|Ursaluna, F|\n|poke|p1|Chien-Pao|\n|poke|p1|Dragonite, F|\n|poke|p2|Oricorio-Pom-Pom, F|\n|poke|p2|Volcarona, F|\n|poke|p2|Cresselia, F|\n|poke|p2|Chien-Pao|\n|poke|p2|Ogerpon-Wellspring, F|\n|poke|p2|Landorus-Therian, M|\n|teampreview\n|\n|t:|1700940819\n|start\n|switch|p1a: Zhang Weili|Chien-Pao|100\/100\n|switch|p1b: Valentina|Dragonite, F|100\/100\n|switch|p2a: Landorus|Landorus-Therian, M, shiny|100\/100\n|switch|p2b: Volcarona|Volcarona, F, shiny|100\/100\n|-ability|p2a: Landorus|Intimidate|boost\n|-unboost|p1a: Zhang Weili|atk|1\n|-unboost|p1b: Valentina|atk|1\n|-ability|p1a: Zhang Weili|Sword of Ruin\n|turn|1\n|\n|t:|1700940864\n|move|p1a: Zhang Weili|Protect|p1a: Zhang Weili\n|-singleturn|p1a: Zhang Weili|Protect\n|move|p2b: Volcarona|Protect|p2b: Volcarona\n|-singleturn|p2b: Volcarona|Protect\n|move|p2a: Landorus|U-turn|p1b: Valentina\n|-resisted|p1b: Valentina\n|-crit|p1b: Valentina\n|-damage|p1b: Valentina|84\/100\n|\n|t:|1700940883\n|switch|p2a: Oricorio|Oricorio-Pom-Pom, F, shiny|100\/100|[from] U-turn\n|move|p1b: Valentina|Dual Wingbeat|p2b: Volcarona\n|-activate|p2b: Volcarona|move: Protect\n|\n|upkeep\n|turn|2\n|\n|t:|1700940939\n|move|p1a: Zhang Weili|Ice Spinner|p2a: Oricorio\n|-supereffective|p2a: Oricorio\n|-damage|p2a: Oricorio|0 fnt\n|faint|p2a: Oricorio\n|move|p2b: Volcarona|Quiver Dance|p2b: Volcarona\n|-boost|p2b: Volcarona|spa|1\n|-boost|p2b: Volcarona|spd|1\n|-boost|p2b: Volcarona|spe|1\n|move|p1b: Valentina|Dual Wingbeat|p2b: Volcarona\n|-supereffective|p2b: Volcarona\n|-damage|p2b: Volcarona|57\/100\n|-damage|p1b: Valentina|68\/100|[from] item: Rocky Helmet|[of] p2b: Volcarona\n|-supereffective|p2b: Volcarona\n|-damage|p2b: Volcarona|15\/100\n|-damage|p1b: Valentina|51\/100|[from] item: Rocky Helmet|[of] p2b: Volcarona\n|-status|p1b: Valentina|brn|[from] ability: Flame Body|[of] p2b: Volcarona\n|-hitcount|p2b: Volcarona|2\n|\n|-damage|p1b: Valentina|45\/100 brn|[from] brn\n|upkeep\n|\n|t:|1700940958\n|switch|p2a: Cresselia|Cresselia, F, shiny|100\/100\n|turn|3\n|\n|t:|1700941007\n|move|p2b: Volcarona|Protect|p2b: Volcarona\n|-singleturn|p2b: Volcarona|Protect\n|move|p1b: Valentina|Extreme Speed|p2b: Volcarona\n|-activate|p2b: Volcarona|move: Protect\n|move|p1a: Zhang Weili|Sucker Punch||[still]\n|-fail|p1a: Zhang Weili\n|move|p2a: Cresselia|Lunar Blessing|p2a: Cresselia|[spread] p2a,p2b\n|-heal|p2b: Volcarona|40\/100\n|\n|-damage|p1b: Valentina|39\/100 brn|[from] brn\n|upkeep\n|turn|4\n|\n|t:|1700941077\n|switch|p1a: Kim PomPomsible|Oricorio-Pom-Pom, F|100\/100\n|move|p1b: Valentina|Extreme Speed|p2b: Volcarona\n|-damage|p2b: Volcarona|30\/100\n|-damage|p1b: Valentina|22\/100 brn|[from] item: Rocky Helmet|[of] p2b: Volcarona\n|move|p2b: Volcarona|Fiery Dance|p1a: Kim PomPomsible\n|-damage|p1a: Kim PomPomsible|18\/100\n|-boost|p2b: Volcarona|spa|1\n|-activate|p1a: Kim PomPomsible|ability: Dancer\n|move|p1a: Kim PomPomsible|Fiery Dance|p2b: Volcarona|[from]ability: Dancer\n|-damage|p2b: Volcarona|10\/100\n|-damage|p1a: Kim PomPomsible|8\/100|[from] item: Life Orb\n|move|p2a: Cresselia|Toxic|p1a: Kim PomPomsible\n|-status|p1a: Kim PomPomsible|tox\n|\n|-damage|p1a: Kim PomPomsible|2\/100 tox|[from] psn\n|-damage|p1b: Valentina|16\/100 brn|[from] brn\n|upkeep\n|turn|5\n|\n|t:|1700941131\n|move|p2b: Volcarona|Protect|p2b: Volcarona\n|-singleturn|p2b: Volcarona|Protect\n|move|p1b: Valentina|Extreme Speed|p2b: Volcarona\n|-activate|p2b: Volcarona|move: Protect\n|move|p1a: Kim PomPomsible|Tailwind|p1a: Kim PomPomsible\n|-sidestart|p1: Leuco9|move: Tailwind\n|move|p2a: Cresselia|Lunar Blessing|p2a: Cresselia|[spread] p2a,p2b\n|-heal|p2b: Volcarona|35\/100\n|\n|-damage|p1a: Kim PomPomsible|0 fnt|[from] psn\n|faint|p1a: Kim PomPomsible\n|-damage|p1b: Valentina|10\/100 brn|[from] brn\n|upkeep\n|\n|t:|1700941144\n|switch|p1a: Mussa|Cresselia, F|100\/100\n|turn|6\n|\n|t:|1700941194\n|move|p1b: Valentina|Dual Wingbeat|p2a: Cresselia\n|-crit|p2a: Cresselia\n|-damage|p2a: Cresselia|91\/100\n|-damage|p2a: Cresselia|87\/100\n|-hitcount|p2a: Cresselia|2\n|move|p2b: Volcarona|Fiery Dance|p1a: Mussa\n|-damage|p1a: Mussa|55\/100\n|-boost|p2b: Volcarona|spa|1\n|move|p2a: Cresselia|Icy Wind|p1b: Valentina|[spread] p1a,p1b\n|-supereffective|p1b: Valentina\n|-damage|p1a: Mussa|51\/100\n|-damage|p1b: Valentina|0 fnt\n|-unboost|p1a: Mussa|spe|1\n|faint|p1b: Valentina\n|move|p1a: Mussa|Trick Room|p1a: Mussa\n|-fieldstart|move: Trick Room|[of] p1a: Mussa\n|\n|-heal|p2a: Cresselia|93\/100|[from] item: Leftovers\n|upkeep\n|\n|t:|1700941214\n|switch|p1b: Selene|Ursaluna, F|100\/100\n|turn|7\n|\n|t:|1700941242\n|move|p2b: Volcarona|Protect|p2b: Volcarona\n|-singleturn|p2b: Volcarona|Protect\n|move|p1b: Selene|Earthquake|p2b: Volcarona|[spread] \n|-activate|p2b: Volcarona|move: Protect\n|-immune|p1a: Mussa|[from] ability: Levitate\n|-immune|p2a: Cresselia|[from] ability: Levitate\n|move|p2a: Cresselia|Toxic|p1b: Selene\n|-status|p1b: Selene|tox\n|move|p1a: Mussa|Lunar Blessing|p1a: Mussa|[spread] p1a,p1b\n|-heal|p1a: Mussa|76\/100\n|-curestatus|p1b: Selene|tox|[msg]\n|\n|-heal|p2a: Cresselia|99\/100|[from] item: Leftovers\n|-status|p1b: Selene|brn|[from] item: Flame Orb\n|upkeep\n|turn|8\n|\n|t:|1700941274\n|move|p2b: Volcarona|Protect||[still]\n|-fail|p2b: Volcarona\n|move|p1b: Selene|Facade|p2b: Volcarona\n|-damage|p2b: Volcarona|0 fnt\n|-damage|p1b: Selene|84\/100 brn|[from] item: Rocky Helmet|[of] p2b: Volcarona\n|faint|p2b: Volcarona\n|move|p2a: Cresselia|Lunar Blessing|p2a: Cresselia\n|-heal|p2a: Cresselia|100\/100\n|move|p1a: Mussa|Moonblast|p2a: Cresselia\n|-damage|p2a: Cresselia|90\/100\n|\n|-heal|p2a: Cresselia|96\/100|[from] item: Leftovers\n|-damage|p1b: Selene|78\/100 brn|[from] brn\n|-sideend|p1: Leuco9|move: Tailwind\n|upkeep\n|\n|t:|1700941311\n|switch|p2b: Landorus|Landorus-Therian, M, shiny|100\/100\n|-ability|p2b: Landorus|Intimidate|boost\n|-unboost|p1a: Mussa|atk|1\n|-unboost|p1b: Selene|atk|1\n|turn|9\n|\n|t:|1700941381\n|move|p1b: Selene|Facade|p2a: Cresselia\n|-damage|p2a: Cresselia|49\/100\n|move|p1a: Mussa|Moonblast|p2b: Landorus\n|-damage|p2b: Landorus|79\/100\n|-unboost|p2b: Landorus|spa|1\n|move|p2a: Cresselia|Lunar Blessing|p2a: Cresselia|[spread] p2a,p2b\n|-heal|p2a: Cresselia|74\/100\n|-heal|p2b: Landorus|100\/100\n|move|p2b: Landorus|U-turn|p1a: Mussa\n|-supereffective|p1a: Mussa\n|-damage|p1a: Mussa|40\/100\n|\n|t:|1700941406\n|switch|p2b: Chien-Pao|Chien-Pao|100\/100|[from] U-turn\n|-ability|p2b: Chien-Pao|Sword of Ruin\n|\n|-heal|p2a: Cresselia|80\/100|[from] item: Leftovers\n|-damage|p1b: Selene|72\/100 brn|[from] brn\n|upkeep\n|turn|10\n|\n|t:|1700941436\n|move|p1b: Selene|Facade|p2a: Cresselia\n|-damage|p2a: Cresselia|19\/100\n|move|p1a: Mussa|Moonblast|p2b: Chien-Pao\n|-supereffective|p2b: Chien-Pao\n|-damage|p2b: Chien-Pao|43\/100\n|move|p2a: Cresselia|Toxic|p1a: Mussa\n|-status|p1a: Mussa|tox\n|move|p2b: Chien-Pao|Swords Dance|p2b: Chien-Pao\n|-boost|p2b: Chien-Pao|atk|2\n|\n|-heal|p2a: Cresselia|25\/100|[from] item: Leftovers\n|-damage|p1a: Mussa|34\/100 tox|[from] psn\n|-damage|p1b: Selene|66\/100 brn|[from] brn\n|-fieldend|move: Trick Room\n|upkeep\n|turn|11\n|\n|t:|1700941474\n|-terastallize|p2b: Chien-Pao|Dark\n|-terastallize|p1a: Mussa|Fairy\n|move|p1b: Selene|Protect|p1b: Selene\n|-singleturn|p1b: Selene|Protect\n|move|p2b: Chien-Pao|Sucker Punch||[still]\n|-fail|p2b: Chien-Pao\n|move|p2a: Cresselia|Lunar Blessing|p2a: Cresselia|[spread] p2a,p2b\n|-heal|p2a: Cresselia|50\/100\n|-heal|p2b: Chien-Pao|68\/100\n|move|p1a: Mussa|Trick Room|p1a: Mussa\n|-fieldstart|move: Trick Room|[of] p1a: Mussa\n|\n|-heal|p2a: Cresselia|56\/100|[from] item: Leftovers\n|-damage|p1a: Mussa|22\/100 tox|[from] psn\n|-damage|p1b: Selene|60\/100 brn|[from] brn\n|upkeep\n|turn|12\n|\n|t:|1700941541\n|move|p2b: Chien-Pao|Sucker Punch|p1b: Selene\n|-damage|p1b: Selene|0 fnt\n|faint|p1b: Selene\n|move|p1a: Mussa|Moonblast|p2b: Chien-Pao\n|-supereffective|p2b: Chien-Pao\n|-damage|p2b: Chien-Pao|0 fnt\n|faint|p2b: Chien-Pao\n|move|p2a: Cresselia|Lunar Blessing|p2a: Cresselia\n|-heal|p2a: Cresselia|81\/100\n|\n|-heal|p2a: Cresselia|87\/100|[from] item: Leftovers\n|-damage|p1a: Mussa|4\/100 tox|[from] psn\n|upkeep\n|\n|t:|1700941564\n|switch|p1b: Wendy|Volcarona, F|100\/100\n|switch|p2b: Landorus|Landorus-Therian, M, shiny|100\/100\n|-ability|p2b: Landorus|Intimidate|boost\n|-unboost|p1a: Mussa|atk|1\n|-unboost|p1b: Wendy|atk|1\n|turn|13\n|\n|t:|1700941603\n|move|p1a: Mussa|Moonblast|p2b: Landorus\n|-damage|p2b: Landorus|70\/100\n|-unboost|p2b: Landorus|spa|1\n|move|p2a: Cresselia|Toxic|p1b: Wendy\n|-status|p1b: Wendy|tox\n|move|p1b: Wendy|Fiery Dance|p2b: Landorus\n|-damage|p2b: Landorus|25\/100\n|move|p2b: Landorus|Stomping Tantrum|p1b: Wendy\n|-damage|p1b: Wendy|48\/100 tox\n|-damage|p2b: Landorus|8\/100|[from] item: Rocky Helmet|[of] p1b: Wendy\n|\n|-heal|p2a: Cresselia|94\/100|[from] item: Leftovers\n|-damage|p1a: Mussa|0 fnt|[from] psn\n|faint|p1a: Mussa\n|-damage|p1b: Wendy|41\/100 tox|[from] psn\n|upkeep\n|\n|t:|1700941619\n|switch|p1a: Zhang Weili|Chien-Pao|100\/100\n|-ability|p1a: Zhang Weili|Sword of Ruin\n|turn|14\n|\n|t:|1700941668\n|move|p2a: Cresselia|Toxic|p1a: Zhang Weili\n|-status|p1a: Zhang Weili|tox\n|move|p1b: Wendy|Fiery Dance|p2b: Landorus\n|-damage|p2b: Landorus|0 fnt\n|faint|p2b: Landorus\n|move|p1a: Zhang Weili|Swords Dance|p1a: Zhang Weili\n|-boost|p1a: Zhang Weili|atk|2\n|\n|-heal|p2a: Cresselia|99\/100|[from] item: Leftovers\n|-damage|p1b: Wendy|29\/100 tox|[from] psn\n|-damage|p1a: Zhang Weili|95\/100 tox|[from] psn\n|upkeep\n|\n|t:|1700941680\n|switch|p2b: Ogerpon|Ogerpon-Wellspring, F|100\/100\n|turn|15\n|\n|t:|1700941711\n|move|p2b: Ogerpon|Spiky Shield|p2b: Ogerpon\n|-singleturn|p2b: Ogerpon|move: Protect\n|move|p1a: Zhang Weili|Protect|p1a: Zhang Weili\n|-singleturn|p1a: Zhang Weili|Protect\n|move|p2a: Cresselia|Icy Wind|p1a: Zhang Weili|[spread] p1b\n|-activate|p1a: Zhang Weili|move: Protect\n|-resisted|p1b: Wendy\n|-damage|p1b: Wendy|25\/100 tox\n|-unboost|p1b: Wendy|spe|1\n|move|p1b: Wendy|Fiery Dance|p2b: Ogerpon\n|-activate|p2b: Ogerpon|move: Protect\n|\n|-heal|p2a: Cresselia|100\/100|[from] item: Leftovers\n|-damage|p1b: Wendy|6\/100 tox|[from] psn\n|-damage|p1a: Zhang Weili|83\/100 tox|[from] psn\n|-fieldend|move: Trick Room\n|upkeep\n|turn|16\n|\n|t:|1700941837\n|move|p1a: Zhang Weili|Sucker Punch||[still]\n|-fail|p1a: Zhang Weili\n|move|p2b: Ogerpon|Swords Dance|p2b: Ogerpon\n|-boost|p2b: Ogerpon|atk|2\n|move|p1b: Wendy|Fiery Dance|p2a: Cresselia\n|-damage|p2a: Cresselia|78\/100\n|-boost|p1b: Wendy|spa|1\n|move|p2a: Cresselia|Lunar Blessing|p2a: Cresselia|[spread] p2a,p2b\n|-heal|p2a: Cresselia|100\/100\n|\n|-damage|p1a: Zhang Weili|65\/100 tox|[from] psn\n|-damage|p1b: Wendy|0 fnt|[from] psn\n|faint|p1b: Wendy\n|upkeep\n|turn|17\n|\n|t:|1700941941\n|move|p1a: Zhang Weili|Ice Spinner|p2b: Ogerpon\n|-damage|p2b: Ogerpon|0 fnt\n|faint|p2b: Ogerpon\n|move|p2a: Cresselia|Icy Wind|p1a: Zhang Weili\n|-resisted|p1a: Zhang Weili\n|-damage|p1a: Zhang Weili|56\/100 tox\n|-unboost|p1a: Zhang Weili|spe|1\n|\n|-damage|p1a: Zhang Weili|32\/100 tox|[from] psn\n|upkeep\n|turn|18\n|\n|t:|1700941954\n|move|p1a: Zhang Weili|Sucker Punch||[still]\n|-fail|p1a: Zhang Weili\n|move|p2a: Cresselia|Lunar Blessing||[still]\n|-fail|p2a: Cresselia\n|\n|-damage|p1a: Zhang Weili|2\/100 tox|[from] psn\n|upkeep\n|turn|19\n|c|\u2606Leuco9|gg\n|\n|t:|1700941964\n|move|p1a: Zhang Weili|Ice Spinner|p2a: Cresselia\n|-damage|p2a: Cresselia|34\/100\n|move|p2a: Cresselia|Icy Wind|p1a: Zhang Weili\n|-resisted|p1a: Zhang Weili\n|-damage|p1a: Zhang Weili|0 fnt\n|faint|p1a: Zhang Weili\n|\n|win|Psicodelicia96\n","uploadtime":1700942018,"views":1,"p1id":"leuco9","p2id":"psicodelicia96","formatid":"gen9nationaldexdoubles","rating":0,"private":0,"password":""}