{"id":"gen9nationaldexdoubles-1988967116","p1":"Numa no Kage","p2":"LightBlade35","format":"[Gen 9] National Dex Doubles","log":"|j|\u2606Numa no Kage\n|j|\u2606LightBlade35\n|t:|1699795891\n|gametype|doubles\n|player|p1|Numa no Kage|acetrainer|1407\n|player|p2|LightBlade35|grimsley|1407\n|teamsize|p1|6\n|teamsize|p2|6\n|gen|9\n|tier|[Gen 9] National Dex Doubles\n|rated|\n|rule|HP Percentage Mod: HP is shown in percentages\n|rule|Endless Battle Clause: Forcing endless battles is banned\n|rule|OHKO Clause: OHKO moves are banned\n|rule|Evasion Moves Clause: Evasion moves are banned\n|rule|Evasion Abilities Clause: Evasion abilities are banned\n|rule|Species Clause: Limit one of each Pok\u00e9mon\n|rule|Gravity Sleep Clause: The combination of sleep-inducing moves with imperfect accuracy and Gravity or Gigantamax Orbeetle are banned\n|clearpoke\n|poke|p1|Tapu Koko|\n|poke|p1|Iron Treads|\n|poke|p1|Aerodactyl, F|\n|poke|p1|Wo-Chien|\n|poke|p1|Kommo-o, F|\n|poke|p1|Murkrow, F|\n|poke|p2|Alakazam, M|\n|poke|p2|Kommo-o, F|\n|poke|p2|Ninetales-Alola, F|\n|poke|p2|Volcarona, F|\n|poke|p2|Indeedee-F, F|\n|poke|p2|Swoobat, F|\n|teampreview\n|inactive|Battle timer is ON: inactive players will automatically lose when time's up. (requested by Numa no Kage)\n|inactive|LightBlade35 has 120 seconds left.\n|\n|t:|1699795923\n|start\n|switch|p1a: Kolo Muani|Tapu Koko, shiny|100\/100\n|switch|p1b: Donmenic|Iron Treads, shiny|100\/100\n|switch|p2a: Indeedee|Indeedee-F, F|100\/100\n|switch|p2b: Kommo-o|Kommo-o, F, shiny|100\/100\n|-fieldstart|move: Electric Terrain|[from] ability: Electric Surge|[of] p1a: Kolo Muani\n|-activate|p1b: Donmenic|ability: Quark Drive\n|-start|p1b: Donmenic|quarkdriveatk\n|-enditem|p1b: Donmenic|Electric Seed\n|-boost|p1b: Donmenic|def|1|[from] item: Electric Seed\n|-fieldstart|move: Psychic Terrain|[from] ability: Psychic Surge|[of] p2a: Indeedee\n|-end|p1b: Donmenic|Quark Drive\n|turn|1\n|inactive|LightBlade35 has 120 seconds left.\n|\n|t:|1699795966\n|move|p2a: Indeedee|Follow Me|p2a: Indeedee\n|-singleturn|p2a: Indeedee|move: Follow Me\n|move|p1a: Kolo Muani|Dazzling Gleam|p2b: Kommo-o|[spread] p2a,p2b\n|-supereffective|p2b: Kommo-o\n|-damage|p2a: Indeedee|81\/100\n|-damage|p2b: Kommo-o|0 fnt\n|faint|p2b: Kommo-o\n|move|p1b: Donmenic|Iron Head|p2a: Indeedee\n|-damage|p2a: Indeedee|34\/100\n|-enditem|p2a: Indeedee|Sitrus Berry|[eat]\n|-heal|p2a: Indeedee|59\/100|[from] item: Sitrus Berry\n|\n|upkeep\n|\n|t:|1699795973\n|switch|p2b: Alakazam|Alakazam, M|100\/100\n|turn|2\n|\n|t:|1699795989\n|move|p2a: Indeedee|Follow Me|p2a: Indeedee\n|-singleturn|p2a: Indeedee|move: Follow Me\n|move|p2b: Alakazam|Nasty Plot|p2b: Alakazam\n|-boost|p2b: Alakazam|spa|2\n|move|p1a: Kolo Muani|Thunder Wave|p2a: Indeedee\n|-status|p2a: Indeedee|par\n|move|p1b: Donmenic|Iron Head|p2a: Indeedee\n|-damage|p2a: Indeedee|8\/100 par\n|\n|upkeep\n|turn|3\n|j| Inkubone\n|inactive|LightBlade35 has 120 seconds left.\n|\n|t:|1699796036\n|move|p2a: Indeedee|Helping Hand|p2b: Alakazam\n|-singleturn|p2b: Alakazam|Helping Hand|[of] p2a: Indeedee\n|move|p2b: Alakazam|Expanding Force|p1a: Kolo Muani|[spread] p1a,p1b\n|-resisted|p1b: Donmenic\n|-damage|p1a: Kolo Muani|0 fnt\n|-damage|p1b: Donmenic|0 fnt\n|faint|p1a: Kolo Muani\n|faint|p1b: Donmenic\n|-end|p1b: Donmenic|Quark Drive|[silent]\n|\n|upkeep\n|\n|t:|1699796054\n|switch|p1a: Rock Dragon|Aerodactyl, F, shiny|100\/100\n|switch|p1b: Bruxa 71|Murkrow, F, shiny|100\/100\n|-ability|p1a: Rock Dragon|Pressure\n|turn|4\n|\n|t:|1699796065\n|detailschange|p2b: Alakazam|Alakazam-Mega, M\n|-mega|p2b: Alakazam|Alakazam|Alakazite\n|-ability|p2b: Alakazam|Prankster|[from] ability: Trace|[of] p1b: Bruxa 71\n|detailschange|p1a: Rock Dragon|Aerodactyl-Mega, F, shiny\n|-mega|p1a: Rock Dragon|Aerodactyl|Aerodactylite\n|move|p2a: Indeedee|Follow Me|p2a: Indeedee\n|-singleturn|p2a: Indeedee|move: Follow Me\n|move|p1b: Bruxa 71|Tailwind|p1b: Bruxa 71\n|-sidestart|p1: Numa no Kage|move: Tailwind\n|move|p1a: Rock Dragon|Rock Slide|p2a: Indeedee|[spread] p2b\n|-miss|p1a: Rock Dragon|p2a: Indeedee\n|-damage|p2b: Alakazam|35\/100\n|cant|p2b: Alakazam|flinch\n|\n|upkeep\n|turn|5\n|\n|t:|1699796100\n|move|p1b: Bruxa 71|Sucker Punch|p2b: Alakazam\n|-activate|p2b: Alakazam|move: Psychic Terrain\n|move|p1a: Rock Dragon|Psychic Fangs|p2a: Indeedee\n|-resisted|p2a: Indeedee\n|-damage|p2a: Indeedee|0 fnt\n|faint|p2a: Indeedee\n|move|p2b: Alakazam|Dazzling Gleam|p1b: Bruxa 71|[spread] p1a,p1b\n|-crit|p1a: Rock Dragon\n|-supereffective|p1b: Bruxa 71\n|-damage|p1a: Rock Dragon|9\/100\n|-damage|p1b: Bruxa 71|12\/100\n|\n|-fieldend|move: Psychic Terrain\n|upkeep\n|inactive|LightBlade35 has 120 seconds left.\n|\n|t:|1699796137\n|switch|p2a: Swoobat|Swoobat, F|100\/100\n|turn|6\n|\n|t:|1699796147\n|move|p1b: Bruxa 71|Taunt|p2a: Swoobat\n|-start|p2a: Swoobat|move: Taunt\n|move|p1a: Rock Dragon|Rock Slide|p2a: Swoobat|[spread] p2b\n|-miss|p1a: Rock Dragon|p2a: Swoobat\n|-damage|p2b: Alakazam|0 fnt\n|faint|p2b: Alakazam\n|cant|p2a: Swoobat|move: Taunt|Tailwind\n|\n|upkeep\n|\n|t:|1699796160\n|switch|p2b: Ninetales|Ninetales-Alola, F|100\/100\n|-weather|Snow|[from] ability: Snow Warning|[of] p2b: Ninetales\n|turn|7\n|\n|t:|1699796172\n|switch|p1b: Floquinho|Wo-Chien|100\/100\n|-ability|p1b: Floquinho|Tablets of Ruin\n|move|p1a: Rock Dragon|Rock Slide|p2b: Ninetales|[spread] p2a,p2b\n|-supereffective|p2a: Swoobat\n|-supereffective|p2b: Ninetales\n|-crit|p2b: Ninetales\n|-damage|p2a: Swoobat|22\/100\n|-damage|p2b: Ninetales|38\/100\n|cant|p2a: Swoobat|flinch\n|move|p2b: Ninetales|Aurora Veil|p2b: Ninetales\n|-sidestart|p2: LightBlade35|move: Aurora Veil\n|\n|-weather|Snow|[upkeep]\n|-heal|p2a: Swoobat|29\/100|[from] item: Leftovers\n|-sideend|p1: Numa no Kage|move: Tailwind\n|upkeep\n|turn|8\n|inactive|LightBlade35 has 120 seconds left.\n|\n|t:|1699796212\n|-terastallize|p1b: Floquinho|Fire\n|move|p1a: Rock Dragon|Psychic Fangs|p2a: Swoobat\n|-sideend|p2: LightBlade35|move: Aurora Veil\n|-resisted|p2a: Swoobat\n|-damage|p2a: Swoobat|4\/100\n|move|p2a: Swoobat|Air Slash|p1b: Floquinho\n|-damage|p1b: Floquinho|89\/100\n|move|p2b: Ninetales|Blizzard|p1a: Rock Dragon|[spread] p1a,p1b\n|-supereffective|p1a: Rock Dragon\n|-resisted|p1b: Floquinho\n|-damage|p1a: Rock Dragon|0 fnt\n|-damage|p1b: Floquinho|83\/100\n|faint|p1a: Rock Dragon\n|cant|p1b: Floquinho|flinch\n|\n|-weather|Snow|[upkeep]\n|-heal|p2a: Swoobat|10\/100|[from] item: Leftovers\n|-end|p2a: Swoobat|move: Taunt\n|upkeep\n|inactive|Numa no Kage has 120 seconds left.\n|\n|t:|1699796231\n|switch|p1a: Bruxa 71|Murkrow, F, shiny|12\/100\n|turn|9\n|\n|t:|1699796246\n|move|p1a: Bruxa 71|Taunt|p2a: Swoobat\n|-start|p2a: Swoobat|move: Taunt\n|cant|p2a: Swoobat|move: Taunt|Tailwind\n|move|p2b: Ninetales|Blizzard|p1b: Floquinho|[spread] p1a,p1b\n|-supereffective|p1a: Bruxa 71\n|-resisted|p1b: Floquinho\n|-damage|p1a: Bruxa 71|0 fnt\n|-damage|p1b: Floquinho|77\/100\n|-status|p1b: Floquinho|frz\n|faint|p1a: Bruxa 71\n|cant|p1b: Floquinho|frz\n|\n|-weather|Snow|[upkeep]\n|-heal|p2a: Swoobat|16\/100|[from] item: Leftovers\n|upkeep\n|inactive|Numa no Kage has 120 seconds left.\n|\n|t:|1699796258\n|switch|p1a: Komi-san|Kommo-o, F|100\/100\n|turn|10\n|\n|t:|1699796288\n|move|p2a: Swoobat|Air Slash|p1a: Komi-san\n|-supereffective|p1a: Komi-san\n|-damage|p1a: Komi-san|54\/100\n|move|p2b: Ninetales|Aurora Veil|p2b: Ninetales\n|-sidestart|p2: LightBlade35|move: Aurora Veil\n|cant|p1a: Komi-san|flinch\n|cant|p1b: Floquinho|frz\n|\n|-weather|Snow|[upkeep]\n|-heal|p2a: Swoobat|23\/100|[from] item: Leftovers\n|upkeep\n|turn|11\n|\n|t:|1699796305\n|move|p2a: Swoobat|Air Slash|p1a: Komi-san\n|-supereffective|p1a: Komi-san\n|-damage|p1a: Komi-san|5\/100\n|move|p2b: Ninetales|Blizzard|p1b: Floquinho|[spread] p1a,p1b\n|-supereffective|p1a: Komi-san\n|-resisted|p1b: Floquinho\n|-damage|p1a: Komi-san|0 fnt\n|-damage|p1b: Floquinho|70\/100 frz\n|faint|p1a: Komi-san\n|cant|p1b: Floquinho|frz\n|\n|-weather|none\n|-heal|p2a: Swoobat|29\/100|[from] item: Leftovers\n|-end|p2a: Swoobat|move: Taunt\n|upkeep\n|turn|12\n|\n|t:|1699796321\n|move|p2a: Swoobat|Air Slash|p1b: Floquinho\n|-damage|p1b: Floquinho|61\/100 frz\n|move|p2b: Ninetales|Blizzard|p1b: Floquinho|[miss]\n|-miss|p2b: Ninetales|p1b: Floquinho\n|cant|p1b: Floquinho|frz\n|\n|-heal|p2a: Swoobat|35\/100|[from] item: Leftovers\n|upkeep\n|turn|13\n|\n|t:|1699796332\n|move|p2a: Swoobat|Air Slash|p1b: Floquinho\n|-damage|p1b: Floquinho|51\/100 frz\n|move|p2b: Ninetales|Blizzard|p1b: Floquinho\n|-resisted|p1b: Floquinho\n|-damage|p1b: Floquinho|42\/100 frz\n|-curestatus|p1b: Floquinho|frz|[msg]\n|move|p1b: Floquinho|Giga Drain|p2b: Ninetales\n|-damage|p2b: Ninetales|11\/100\n|-heal|p1b: Floquinho|52\/100|[from] drain|[of] p2b: Ninetales\n|\n|-heal|p2a: Swoobat|41\/100|[from] item: Leftovers\n|upkeep\n|turn|14\n|c|\u2606LightBlade35|Yeeeeessss\n|\n|t:|1699796347\n|switch|p2b: Volcarona|Volcarona, F|100\/100\n|move|p2a: Swoobat|Air Slash|p1b: Floquinho\n|-damage|p1b: Floquinho|42\/100\n|move|p1b: Floquinho|Snarl|p2b: Volcarona|[spread] p2a,p2b\n|-supereffective|p2a: Swoobat\n|-damage|p2a: Swoobat|1\/100\n|-damage|p2b: Volcarona|86\/100\n|-unboost|p2a: Swoobat|spa|1\n|-unboost|p2b: Volcarona|spa|1\n|\n|-heal|p2a: Swoobat|7\/100|[from] item: Leftovers\n|upkeep\n|turn|15\n|\n|t:|1699796366\n|-terastallize|p2b: Volcarona|Fire\n|move|p2a: Swoobat|Air Slash|p1b: Floquinho\n|-damage|p1b: Floquinho|36\/100\n|move|p2b: Volcarona|Heat Wave|p1b: Floquinho\n|-resisted|p1b: Floquinho\n|-damage|p1b: Floquinho|23\/100\n|move|p1b: Floquinho|Snarl|p2a: Swoobat|[spread] p2a,p2b\n|-supereffective|p2a: Swoobat\n|-damage|p2a: Swoobat|0 fnt\n|-damage|p2b: Volcarona|72\/100\n|-unboost|p2b: Volcarona|spa|1\n|faint|p2a: Swoobat\n|\n|upkeep\n|\n|t:|1699796377\n|switch|p2a: Ninetales|Ninetales-Alola, F|11\/100\n|-weather|Snow|[from] ability: Snow Warning|[of] p2a: Ninetales\n|turn|16\n|\n|t:|1699796383\n|move|p2a: Ninetales|Blizzard|p1b: Floquinho\n|-resisted|p1b: Floquinho\n|-damage|p1b: Floquinho|14\/100\n|move|p2b: Volcarona|Heat Wave|p1b: Floquinho\n|-resisted|p1b: Floquinho\n|-damage|p1b: Floquinho|5\/100\n|move|p1b: Floquinho|Giga Drain|p2a: Ninetales\n|-damage|p2a: Ninetales|0 fnt\n|-heal|p1b: Floquinho|9\/100|[from] drain|[of] p2a: Ninetales\n|faint|p2a: Ninetales\n|\n|-weather|Snow|[upkeep]\n|upkeep\n|turn|17\n|\n|t:|1699796395\n|move|p2b: Volcarona|Heat Wave|p1b: Floquinho|[miss]\n|-miss|p2b: Volcarona|p1b: Floquinho\n|move|p1b: Floquinho|Mud-Slap|p2b: Volcarona\n|-supereffective|p2b: Volcarona\n|-damage|p2b: Volcarona|62\/100\n|-unboost|p2b: Volcarona|accuracy|1\n|\n|-weather|Snow|[upkeep]\n|-sideend|p2: LightBlade35|move: Aurora Veil\n|upkeep\n|turn|18\n|inactive|LightBlade35 has 120 seconds left.\n|inactive|LightBlade35 has 90 seconds left.\n|\n|t:|1699796477\n|move|p2b: Volcarona|Giga Drain|p1b: Floquinho|[miss]\n|-miss|p2b: Volcarona|p1b: Floquinho\n|move|p1b: Floquinho|Giga Drain|p2b: Volcarona\n|-resisted|p2b: Volcarona\n|-crit|p2b: Volcarona\n|-damage|p2b: Volcarona|36\/100\n|-heal|p1b: Floquinho|20\/100|[from] drain|[of] p2b: Volcarona\n|\n|-weather|Snow|[upkeep]\n|upkeep\n|turn|19\n|inactive|LightBlade35 has 90 seconds left.\n|\n|t:|1699796487\n|move|p2b: Volcarona|Heat Wave|p1b: Floquinho\n|-resisted|p1b: Floquinho\n|-damage|p1b: Floquinho|11\/100\n|move|p1b: Floquinho|Giga Drain|p2b: Volcarona\n|-resisted|p2b: Volcarona\n|-crit|p2b: Volcarona\n|-damage|p2b: Volcarona|8\/100\n|-heal|p1b: Floquinho|23\/100|[from] drain|[of] p2b: Volcarona\n|\n|-weather|Snow|[upkeep]\n|upkeep\n|turn|20\n|\n|t:|1699796498\n|move|p2b: Volcarona|Quiver Dance|p2b: Volcarona\n|-boost|p2b: Volcarona|spa|1\n|-boost|p2b: Volcarona|spd|1\n|-boost|p2b: Volcarona|spe|1\n|move|p1b: Floquinho|Giga Drain|p2b: Volcarona\n|-resisted|p2b: Volcarona\n|-damage|p2b: Volcarona|0 fnt\n|-heal|p1b: Floquinho|26\/100|[from] drain|[of] p2b: Volcarona\n|faint|p2b: Volcarona\n|\n|win|Numa no Kage\n|raw|Numa no Kage's rating: 1407 &rarr; <strong>1427<\/strong><br \/>(+20 for winning)\n|raw|LightBlade35's rating: 1407 &rarr; <strong>1387<\/strong><br \/>(-20 for losing)\n|c|\u2606Numa no Kage|GG\n|c|\u2606LightBlade35|Gg\n","uploadtime":1699796528,"views":15,"p1id":"numanokage","p2id":"lightblade35","formatid":"gen9nationaldexdoubles","rating":1387,"private":0,"password":""}