{"id":"gen9nationaldexdoubles-1994075168","p1":"Edu6cr","p2":"Delreynan","format":"[Gen 9] National Dex Doubles","log":"|j|\u2606Edu6cr\n|j|\u2606Delreynan\n|t:|1700403605\n|gametype|doubles\n|player|p1|Edu6cr|drayden|1075\n|player|p2|Delreynan|cynthia-gen4|1047\n|teamsize|p1|6\n|teamsize|p2|6\n|gen|9\n|tier|[Gen 9] National Dex Doubles\n|rated|\n|rule|HP Percentage Mod: HP is shown in percentages\n|rule|Endless Battle Clause: Forcing endless battles is banned\n|rule|OHKO Clause: OHKO moves are banned\n|rule|Evasion Moves Clause: Evasion moves are banned\n|rule|Evasion Abilities Clause: Evasion abilities are banned\n|rule|Species Clause: Limit one of each Pok\u00e9mon\n|rule|Gravity Sleep Clause: The combination of sleep-inducing moves with imperfect accuracy and Gravity or Gigantamax Orbeetle are banned\n|clearpoke\n|poke|p1|Charizard, M|\n|poke|p1|Jolteon, M|\n|poke|p1|Urshifu-*, F|\n|poke|p1|Grafaiai, F|\n|poke|p1|Munchlax, F|\n|poke|p1|Samurott-Hisui, M|\n|poke|p2|Arcanine, M|\n|poke|p2|Dachsbun, M|\n|poke|p2|Houndoom, F|\n|poke|p2|Stoutland, M|\n|poke|p2|Okidogi, M|\n|poke|p2|Houndstone, M|\n|teampreview\n|inactive|Battle timer is ON: inactive players will automatically lose when time's up. (requested by Delreynan)\n|\n|t:|1700403636\n|start\n|switch|p1a: Shnaider|Jolteon, M|100\/100\n|switch|p1b: Samantha|Munchlax, F|100\/100\n|switch|p2a: Idoso|Stoutland, M|100\/100\n|switch|p2b: Kshorro|Arcanine, M|100\/100\n|-item|p1a: Shnaider|Air Balloon\n|-ability|p2a: Idoso|Intimidate|boost\n|-unboost|p1a: Shnaider|atk|1\n|-unboost|p1b: Samantha|atk|1\n|-ability|p2b: Kshorro|Intimidate|boost\n|-unboost|p1a: Shnaider|atk|1\n|-unboost|p1b: Samantha|atk|1\n|turn|1\n|\n|t:|1700403656\n|move|p1a: Shnaider|Thunder Wave|p2b: Kshorro\n|-status|p2b: Kshorro|par\n|move|p2a: Idoso|Superpower|p1b: Samantha\n|-supereffective|p1b: Samantha\n|-damage|p1b: Samantha|47\/100\n|-unboost|p2a: Idoso|atk|1\n|-unboost|p2a: Idoso|def|1\n|move|p2b: Kshorro|Snarl|p1b: Samantha|[spread] p1b\n|-miss|p2b: Kshorro|p1a: Shnaider\n|-damage|p1b: Samantha|42\/100\n|-unboost|p1b: Samantha|spa|1\n|move|p1b: Samantha|Curse|p1b: Samantha\n|-unboost|p1b: Samantha|spe|1\n|-boost|p1b: Samantha|atk|1\n|-boost|p1b: Samantha|def|1\n|\n|upkeep\n|turn|2\n|\n|t:|1700403685\n|switch|p2a: Cachorro satanista|Houndoom, F|100\/100\n|-ability|p2a: Cachorro satanista|Unnerve\n|move|p1a: Shnaider|Thunderbolt|p2a: Cachorro satanista\n|-damage|p2a: Cachorro satanista|42\/100\n|move|p2b: Kshorro|Snarl|p1b: Samantha|[spread] p1a,p1b\n|-damage|p1a: Shnaider|89\/100\n|-damage|p1b: Samantha|37\/100\n|-unboost|p1a: Shnaider|spa|1\n|-unboost|p1b: Samantha|spa|1\n|-enditem|p1a: Shnaider|Air Balloon\n|move|p1b: Samantha|Stomping Tantrum|p2b: Kshorro\n|-supereffective|p2b: Kshorro\n|-damage|p2b: Kshorro|73\/100 par\n|\n|upkeep\n|turn|3\n|\n|t:|1700403707\n|switch|p1a: Lizardo|Charizard, M, shiny|100\/100\n|detailschange|p2a: Cachorro satanista|Houndoom-Mega, F\n|-mega|p2a: Cachorro satanista|Houndoom|Houndoominite\n|move|p2a: Cachorro satanista|Destiny Bond|p2a: Cachorro satanista\n|-singlemove|p2a: Cachorro satanista|Destiny Bond\n|move|p2b: Kshorro|Snarl|p1a: Lizardo|[spread] p1a,p1b\n|-damage|p1a: Lizardo|90\/100\n|-damage|p1b: Samantha|32\/100\n|-unboost|p1a: Lizardo|spa|1\n|-unboost|p1b: Samantha|spa|1\n|move|p1b: Samantha|Toxic|p2a: Cachorro satanista\n|-status|p2a: Cachorro satanista|tox\n|\n|-damage|p2a: Cachorro satanista|36\/100 tox|[from] psn\n|upkeep\n|turn|4\n|\n|t:|1700403734\n|switch|p2b: Idoso|Stoutland, M|100\/100\n|-ability|p2b: Idoso|Intimidate|boost\n|-unboost|p1a: Lizardo|atk|1\n|-unboost|p1b: Samantha|atk|1\n|-terastallize|p1a: Lizardo|Water\n|move|p2a: Cachorro satanista|Dark Pulse|p1b: Samantha\n|-damage|p1b: Samantha|6\/100\n|move|p1a: Lizardo|Tera Blast|p2b: Idoso|[anim] Tera Blast Water\n|-damage|p2b: Idoso|62\/100\n|-damage|p1a: Lizardo|80\/100|[from] item: Life Orb\n|move|p1b: Samantha|Curse|p1b: Samantha\n|-unboost|p1b: Samantha|spe|1\n|-boost|p1b: Samantha|atk|1\n|-boost|p1b: Samantha|def|1\n|\n|-damage|p2a: Cachorro satanista|24\/100 tox|[from] psn\n|upkeep\n|turn|5\n|\n|t:|1700403764\n|move|p2a: Cachorro satanista|Dark Pulse|p1b: Samantha\n|-damage|p1b: Samantha|0 fnt\n|faint|p1b: Samantha\n|move|p1a: Lizardo|Tera Blast|p2b: Idoso|[anim] Tera Blast Water\n|-damage|p2b: Idoso|25\/100\n|-enditem|p2b: Idoso|Salac Berry|[eat]\n|-boost|p2b: Idoso|spe|1|[from] item: Salac Berry\n|-damage|p1a: Lizardo|71\/100|[from] item: Life Orb\n|move|p2b: Idoso|Crunch|p1a: Lizardo\n|-damage|p1a: Lizardo|33\/100\n|\n|-damage|p2a: Cachorro satanista|5\/100 tox|[from] psn\n|upkeep\n|c|\u2606Delreynan|Br\n|inactive|Edu6cr has 120 seconds left.\n|\n|t:|1700403779\n|switch|p1b: Shnaider|Jolteon, M|89\/100\n|turn|6\n|\n|t:|1700403790\n|move|p2b: Idoso|Retaliate|p1a: Lizardo\n|-damage|p1a: Lizardo|0 fnt\n|faint|p1a: Lizardo\n|move|p1b: Shnaider|Thunderbolt|p2a: Cachorro satanista\n|-damage|p2a: Cachorro satanista|0 fnt\n|faint|p2a: Cachorro satanista\n|\n|upkeep\n|\n|t:|1700403806\n|switch|p2a: Kshorro|Arcanine, M|73\/100 par\n|switch|p1a: Urshifurro|Urshifu-Rapid-Strike, F|100\/100\n|-ability|p2a: Kshorro|Intimidate|boost\n|-unboost|p1a: Urshifurro|atk|1\n|-unboost|p1b: Shnaider|atk|1\n|turn|7\n|\n|t:|1700403821\n|move|p2b: Idoso|Retaliate|p1b: Shnaider\n|-damage|p1b: Shnaider|0 fnt\n|faint|p1b: Shnaider\n|move|p1a: Urshifurro|Surging Strikes|p2a: Kshorro\n|-supereffective|p2a: Kshorro\n|-crit|p2a: Kshorro\n|-damage|p2a: Kshorro|30\/100 par\n|-supereffective|p2a: Kshorro\n|-crit|p2a: Kshorro\n|-damage|p2a: Kshorro|0 fnt\n|faint|p2a: Kshorro\n|-hitcount|p2: Kshorro|2\n|\n|upkeep\n|\n|t:|1700403834\n|switch|p1b: Isabell|Grafaiai, F|100\/100\n|switch|p2a: Pitbull|Okidogi, M|100\/100\n|turn|8\n|\n|t:|1700403845\n|move|p1b: Isabell|Parting Shot|p2b: Idoso\n|-unboost|p2b: Idoso|atk|1\n|-unboost|p2b: Idoso|spa|1\n|\n|t:|1700403849\n|switch|p1b: Ronin|Samurott-Hisui, M|100\/100|[from] Parting Shot\n|move|p2b: Idoso|Retaliate|p1b: Ronin\n|-damage|p1b: Ronin|56\/100\n|move|p1a: Urshifurro|Surging Strikes|p2a: Pitbull\n|-crit|p2a: Pitbull\n|-damage|p2a: Pitbull|82\/100\n|-crit|p2a: Pitbull\n|-damage|p2a: Pitbull|63\/100\n|-crit|p2a: Pitbull\n|-damage|p2a: Pitbull|45\/100\n|-hitcount|p2a: Pitbull|3\n|move|p2a: Pitbull|Bulk Up|p2a: Pitbull\n|-boost|p2a: Pitbull|atk|1\n|-boost|p2a: Pitbull|def|1\n|\n|upkeep\n|turn|9\n|inactive|Edu6cr has 120 seconds left.\n|\n|t:|1700403880\n|switch|p2b: Falecido|Houndstone, M|100\/100\n|move|p1b: Ronin|Aqua Jet|p2a: Pitbull\n|-damage|p2a: Pitbull|35\/100\n|move|p1a: Urshifurro|Surging Strikes|p2a: Pitbull\n|-crit|p2a: Pitbull\n|-damage|p2a: Pitbull|17\/100\n|-crit|p2a: Pitbull\n|-damage|p2a: Pitbull|0 fnt\n|faint|p2a: Pitbull\n|-hitcount|p2: Pitbull|2\n|\n|upkeep\n|inactive|Delreynan has 120 seconds left.\n|\n|t:|1700403893\n|switch|p2a: Idoso|Stoutland, M|25\/100\n|-ability|p2a: Idoso|Intimidate|boost\n|-unboost|p1a: Urshifurro|atk|1\n|-unboost|p1b: Ronin|atk|1\n|turn|10\n|\n|t:|1700403911\n|switch|p1a: Isabell|Grafaiai, F|100\/100\n|move|p1b: Ronin|Knock Off|p2b: Falecido\n|-supereffective|p2b: Falecido\n|-damage|p2b: Falecido|76\/100\n|-enditem|p2b: Falecido|Leftovers|[from] move: Knock Off|[of] p1b: Ronin\n|move|p2a: Idoso|Retaliate|p1b: Ronin\n|-damage|p1b: Ronin|0 fnt\n|faint|p1b: Ronin\n|move|p2b: Falecido|Last Respects|p1a: Isabell\n|-immune|p1a: Isabell\n|\n|upkeep\n|\n|t:|1700403925\n|switch|p1b: Urshifurro|Urshifu-Rapid-Strike, F|100\/100\n|turn|11\n|\n|t:|1700403936\n|move|p1a: Isabell|Switcheroo|p2b: Falecido\n|-activate|p1a: Isabell|move: Trick|[of] p2b: Falecido\n|-item|p2b: Falecido|Lagging Tail|[from] move: Switcheroo\n|-enditem|p1a: Isabell|Lagging Tail|[silent]|[from] move: Switcheroo\n|move|p1b: Urshifurro|Surging Strikes|p2b: Falecido\n|-crit|p2b: Falecido\n|-damage|p2b: Falecido|66\/100\n|-crit|p2b: Falecido\n|-damage|p2b: Falecido|57\/100\n|-crit|p2b: Falecido\n|-damage|p2b: Falecido|49\/100\n|-hitcount|p2b: Falecido|3\n|move|p2a: Idoso|Retaliate|p1a: Isabell\n|-damage|p1a: Isabell|61\/100\n|move|p2b: Falecido|Will-O-Wisp|p1b: Urshifurro\n|-status|p1b: Urshifurro|brn\n|\n|-damage|p1b: Urshifurro|94\/100 brn|[from] brn\n|upkeep\n|turn|12\n|\n|t:|1700403957\n|move|p1a: Isabell|Toxic|p2b: Falecido\n|-status|p2b: Falecido|tox\n|move|p1b: Urshifurro|Surging Strikes|p2a: Idoso\n|-crit|p2a: Idoso\n|-damage|p2a: Idoso|14\/100\n|-crit|p2a: Idoso\n|-damage|p2a: Idoso|2\/100\n|-crit|p2a: Idoso\n|-damage|p2a: Idoso|0 fnt\n|faint|p2a: Idoso\n|-hitcount|p2: Idoso|3\n|move|p2b: Falecido|Destiny Bond|p2b: Falecido\n|-singlemove|p2b: Falecido|Destiny Bond\n|\n|-damage|p2b: Falecido|43\/100 tox|[from] psn\n|-damage|p1b: Urshifurro|88\/100 brn|[from] brn\n|upkeep\n|\n|t:|1700403964\n|switch|p2a: Tostadinho|Dachsbun, M|100\/100\n|turn|13\n|\n|t:|1700403985\n|-terastallize|p2a: Tostadinho|Steel\n|move|p1a: Isabell|Parting Shot|p2a: Tostadinho\n|-unboost|p2a: Tostadinho|atk|1\n|-unboost|p2a: Tostadinho|spa|1\n|move|p1b: Urshifurro|Surging Strikes|p2a: Tostadinho\n|-crit|p2a: Tostadinho\n|-damage|p2a: Tostadinho|92\/100\n|-crit|p2a: Tostadinho\n|-damage|p2a: Tostadinho|82\/100\n|-crit|p2a: Tostadinho\n|-damage|p2a: Tostadinho|72\/100\n|-hitcount|p2a: Tostadinho|3\n|move|p2a: Tostadinho|Wish|p2a: Tostadinho\n|move|p2b: Falecido|Destiny Bond||[still]\n|-fail|p2b: Falecido\n|\n|-heal|p2a: Tostadinho|78\/100|[from] item: Leftovers\n|-damage|p2b: Falecido|31\/100 tox|[from] psn\n|-damage|p1b: Urshifurro|82\/100 brn|[from] brn\n|upkeep\n|turn|14\n|\n|t:|1700404008\n|move|p1a: Isabell|Parting Shot|p2a: Tostadinho\n|-unboost|p2a: Tostadinho|atk|1\n|-unboost|p2a: Tostadinho|spa|1\n|move|p1b: Urshifurro|Brick Break|p2a: Tostadinho\n|-supereffective|p2a: Tostadinho\n|-damage|p2a: Tostadinho|38\/100\n|move|p2a: Tostadinho|Yawn|p1a: Isabell\n|-start|p1a: Isabell|move: Yawn|[of] p2a: Tostadinho\n|move|p2b: Falecido|Will-O-Wisp|p2a: Tostadinho\n|-ability|p2a: Tostadinho|Well-Baked Body|boost\n|-boost|p2a: Tostadinho|def|2\n|\n|-heal|p2a: Tostadinho|88\/100|[from] move: Wish|[wisher] Tostadinho\n|-heal|p2a: Tostadinho|94\/100|[from] item: Leftovers\n|-damage|p2b: Falecido|13\/100 tox|[from] psn\n|-damage|p1b: Urshifurro|76\/100 brn|[from] brn\n|upkeep\n|turn|15\n|\n|t:|1700404037\n|move|p1a: Isabell|Switcheroo|p2a: Tostadinho\n|-activate|p1a: Isabell|move: Trick|[of] p2a: Tostadinho\n|-enditem|p2a: Tostadinho|Leftovers|[silent]|[from] move: Switcheroo\n|-item|p1a: Isabell|Leftovers|[from] move: Switcheroo\n|move|p1b: Urshifurro|Brick Break|p2a: Tostadinho\n|-supereffective|p2a: Tostadinho\n|-damage|p2a: Tostadinho|75\/100\n|move|p2a: Tostadinho|Body Press|p1a: Isabell\n|-damage|p1a: Isabell|0 fnt\n|faint|p1a: Isabell\n|move|p2b: Falecido|Last Respects|p1b: Urshifurro\n|-damage|p1b: Urshifurro|0 fnt\n|faint|p1b: Urshifurro\n|\n|win|Delreynan\n|raw|Edu6cr's rating: 1075 &rarr; <strong>1052<\/strong><br \/>(-23 for losing)\n|raw|Delreynan's rating: 1047 &rarr; <strong>1083<\/strong><br \/>(+36 for winning)\n","uploadtime":1700404051,"views":4,"p1id":"edu6cr","p2id":"delreynan","formatid":"gen9nationaldexdoubles","rating":1052,"private":0,"password":""}