{"id":"gen9nationaldexdoubles-1970675987","p1":"UltraVapor","p2":"krlozx","format":"[Gen 9] National Dex Doubles","log":"|j|\u2606UltraVapor\n|j|\u2606krlozx\n|t:|1697657359\n|gametype|doubles\n|player|p1|UltraVapor|shelly|1098\n|player|p2|krlozx|265|1177\n|teamsize|p1|6\n|teamsize|p2|6\n|gen|9\n|tier|[Gen 9] National Dex Doubles\n|rated|\n|rule|HP Percentage Mod: HP is shown in percentages\n|rule|Endless Battle Clause: Forcing endless battles is banned\n|rule|OHKO Clause: OHKO moves are banned\n|rule|Evasion Moves Clause: Evasion moves are banned\n|rule|Evasion Abilities Clause: Evasion abilities are banned\n|rule|Species Clause: Limit one of each Pok\u00e9mon\n|rule|Gravity Sleep Clause: The combination of sleep-inducing moves with imperfect accuracy and Gravity or Gigantamax Orbeetle are banned\n|clearpoke\n|poke|p1|Ninetales-Alola, F|\n|poke|p1|Baxcalibur, M|\n|poke|p1|Chien-Pao|\n|poke|p1|Iron Bundle|\n|poke|p1|Avalugg-Hisui, M|\n|poke|p1|Glaceon, F|\n|poke|p2|Drifblim, M|\n|poke|p2|Serperior, M|\n|poke|p2|Malamar, M|\n|poke|p2|Grimmsnarl, M|\n|poke|p2|Dragonite, F|\n|poke|p2|Clefable, M|\n|teampreview\n|\n|t:|1697657395\n|start\n|switch|p1a: Ninetales|Ninetales-Alola, F|100\/100\n|switch|p1b: Avalugg|Avalugg-Hisui, M, shiny|100\/100\n|switch|p2a: Drifblim|Drifblim, M|100\/100\n|switch|p2b: Malamar|Malamar, M|100\/100\n|-weather|Snow|[from] ability: Snow Warning|[of] p1a: Ninetales\n|turn|1\n|\n|t:|1697657414\n|move|p1a: Ninetales|Dazzling Gleam|p2a: Drifblim|[spread] p2a,p2b\n|-supereffective|p2b: Malamar\n|-damage|p2a: Drifblim|71\/100\n|-damage|p2b: Malamar|39\/100\n|move|p2a: Drifblim|Defog|p2b: Malamar\n|-boost|p2b: Malamar|evasion|1\n|move|p2b: Malamar|Superpower|p1b: Avalugg\n|-supereffective|p1b: Avalugg\n|-damage|p1b: Avalugg|52\/100\n|-boost|p2b: Malamar|atk|1\n|-boost|p2b: Malamar|def|1\n|move|p1b: Avalugg|Aurora Veil|p1b: Avalugg\n|-sidestart|p1: UltraVapor|move: Aurora Veil\n|\n|-weather|Snow|[upkeep]\n|-heal|p2b: Malamar|45\/100|[from] item: Leftovers\n|upkeep\n|turn|2\n|\n|t:|1697657450\n|move|p1a: Ninetales|Dazzling Gleam|p2a: Drifblim|[spread] p2a\n|-miss|p1a: Ninetales|p2b: Malamar\n|-damage|p2a: Drifblim|45\/100\n|move|p2a: Drifblim|Defog|p2b: Malamar\n|-boost|p2b: Malamar|evasion|1\n|move|p2b: Malamar|Superpower|p1b: Avalugg\n|-supereffective|p1b: Avalugg\n|-damage|p1b: Avalugg|7\/100\n|-boost|p2b: Malamar|atk|1\n|-boost|p2b: Malamar|def|1\n|-enditem|p1b: Avalugg|Sitrus Berry|[eat]\n|-heal|p1b: Avalugg|32\/100|[from] item: Sitrus Berry\n|move|p1b: Avalugg|Ice Spinner|p2a: Drifblim\n|-supereffective|p2a: Drifblim\n|-damage|p2a: Drifblim|0 fnt\n|faint|p2a: Drifblim\n|\n|-weather|Snow|[upkeep]\n|-heal|p2b: Malamar|52\/100|[from] item: Leftovers\n|upkeep\n|\n|t:|1697657469\n|switch|p2a: Clefable|Clefable, M|100\/100\n|turn|3\n|\n|t:|1697657496\n|switch|p1a: Iron Bundle|Iron Bundle, shiny|100\/100\n|-enditem|p1a: Iron Bundle|Booster Energy\n|-activate|p1a: Iron Bundle|ability: Quark Drive|[fromitem]\n|-start|p1a: Iron Bundle|quarkdrivespa\n|move|p2b: Malamar|Superpower|p1a: Iron Bundle\n|-supereffective|p1a: Iron Bundle\n|-damage|p1a: Iron Bundle|22\/100\n|-boost|p2b: Malamar|atk|1\n|-boost|p2b: Malamar|def|1\n|move|p2a: Clefable|Heal Pulse|p2b: Malamar\n|-heal|p2b: Malamar|100\/100\n|move|p1b: Avalugg|Ice Spinner|p2b: Malamar\n|-damage|p2b: Malamar|85\/100\n|\n|-weather|Snow|[upkeep]\n|-heal|p2b: Malamar|91\/100|[from] item: Leftovers\n|upkeep\n|turn|4\n|\n|t:|1697657528\n|move|p2a: Clefable|Follow Me|p2a: Clefable\n|-singleturn|p2a: Clefable|move: Follow Me\n|move|p1a: Iron Bundle|Hydro Pump|p2a: Clefable\n|-damage|p2a: Clefable|52\/100\n|move|p2b: Malamar|Superpower|p1a: Iron Bundle\n|-supereffective|p1a: Iron Bundle\n|-damage|p1a: Iron Bundle|0 fnt\n|-boost|p2b: Malamar|atk|1\n|-boost|p2b: Malamar|def|1\n|faint|p1a: Iron Bundle\n|-end|p1a: Iron Bundle|Quark Drive|[silent]\n|move|p1b: Avalugg|Ice Spinner|p2a: Clefable\n|-damage|p2a: Clefable|7\/100\n|\n|-weather|Snow|[upkeep]\n|-heal|p2b: Malamar|97\/100|[from] item: Leftovers\n|-heal|p2a: Clefable|13\/100|[from] item: Leftovers\n|upkeep\n|\n|t:|1697657549\n|switch|p1a: Glaceon|Glaceon, F, shiny|100\/100\n|turn|5\n|\n|t:|1697657563\n|move|p2a: Clefable|Follow Me|p2a: Clefable\n|-singleturn|p2a: Clefable|move: Follow Me\n|move|p1a: Glaceon|Calm Mind|p1a: Glaceon\n|-boost|p1a: Glaceon|spa|1\n|-boost|p1a: Glaceon|spd|1\n|move|p2b: Malamar|Superpower|p1a: Glaceon\n|-supereffective|p1a: Glaceon\n|-damage|p1a: Glaceon|20\/100\n|-boost|p2b: Malamar|atk|1\n|-boost|p2b: Malamar|def|1\n|move|p1b: Avalugg|Ice Spinner|p2a: Clefable\n|-damage|p2a: Clefable|0 fnt\n|faint|p2a: Clefable\n|\n|-weather|Snow|[upkeep]\n|-heal|p1a: Glaceon|26\/100|[from] ability: Ice Body\n|-heal|p2b: Malamar|100\/100|[from] item: Leftovers\n|-sideend|p1: UltraVapor|move: Aurora Veil\n|upkeep\n|\n|t:|1697657569\n|switch|p2a: Grimmsnarl|Grimmsnarl, M|100\/100\n|turn|6\n|\n|t:|1697657593\n|move|p1a: Glaceon|Ice Beam|p2b: Malamar\n|-damage|p2b: Malamar|0 fnt\n|faint|p2b: Malamar\n|-damage|p1a: Glaceon|16\/100|[from] item: Life Orb\n|move|p2a: Grimmsnarl|Spirit Break|p1b: Avalugg\n|-damage|p1b: Avalugg|18\/100\n|-unboost|p1b: Avalugg|spa|1\n|move|p1b: Avalugg|Aurora Veil|p1b: Avalugg\n|-sidestart|p1: UltraVapor|move: Aurora Veil\n|\n|-weather|Snow|[upkeep]\n|-heal|p1a: Glaceon|23\/100|[from] ability: Ice Body\n|upkeep\n|\n|t:|1697657619\n|switch|p2b: Serperior|Serperior, M|100\/100\n|turn|7\n|\n|t:|1697657636\n|move|p2b: Serperior|Leaf Storm|p1b: Avalugg\n|-supereffective|p1b: Avalugg\n|-damage|p1b: Avalugg|0 fnt\n|-boost|p2b: Serperior|spa|2\n|faint|p1b: Avalugg\n|move|p1a: Glaceon|Calm Mind|p1a: Glaceon\n|-boost|p1a: Glaceon|spa|1\n|-boost|p1a: Glaceon|spd|1\n|move|p2a: Grimmsnarl|Spirit Break|p1a: Glaceon\n|-damage|p1a: Glaceon|7\/100\n|-unboost|p1a: Glaceon|spa|1\n|\n|-weather|Snow|[upkeep]\n|-heal|p1a: Glaceon|14\/100|[from] ability: Ice Body\n|upkeep\n|c|\u2606krlozx|Gg\n|\n|t:|1697657652\n|switch|p1b: Baxcalibur|Baxcalibur, M|100\/100\n|turn|8\n|-message|krlozx forfeited.\n|\n|win|UltraVapor\n|raw|UltraVapor's rating: 1098 &rarr; <strong>1129<\/strong><br \/>(+31 for winning)\n|raw|krlozx's rating: 1177 &rarr; <strong>1146<\/strong><br \/>(-31 for losing)\n|l|\u2606krlozx\n|c|\u2606UltraVapor|o\n|c|\u2606UltraVapor|gg\n","uploadtime":1697657665,"views":6,"p1id":"ultravapor","p2id":"krlozx","formatid":"gen9nationaldexdoubles","rating":1129,"private":0,"password":""}