{"id":"gen9nationaldexdoubles-1988043257","p1":"Ubitroll","p2":"Jam35_Name","format":"[Gen 9] National Dex Doubles","log":"|j|\u2606Ubitroll\n|j|\u2606Jam35_Name\n|t:|1699662612\n|gametype|doubles\n|player|p1|Ubitroll|depotagent|\n|player|p2|Jam35_Name|policeman|\n|teamsize|p1|6\n|teamsize|p2|6\n|gen|9\n|tier|[Gen 9] National Dex Doubles\n|rule|HP Percentage Mod: HP is shown in percentages\n|rule|Endless Battle Clause: Forcing endless battles is banned\n|rule|OHKO Clause: OHKO moves are banned\n|rule|Evasion Moves Clause: Evasion moves are banned\n|rule|Evasion Abilities Clause: Evasion abilities are banned\n|rule|Species Clause: Limit one of each Pok\u00e9mon\n|rule|Gravity Sleep Clause: The combination of sleep-inducing moves with imperfect accuracy and Gravity or Gigantamax Orbeetle are banned\n|clearpoke\n|poke|p1|Azumarill, M|\n|poke|p1|Iron Valiant|\n|poke|p1|Tinkaton, F|\n|poke|p1|Sylveon, M|\n|poke|p1|Gardevoir, M|\n|poke|p1|Dachsbun, F|\n|poke|p2|Ogerpon-Cornerstone, F|\n|poke|p2|Stakataka|\n|poke|p2|Shuckle, M|\n|poke|p2|Tyranitar, M|\n|poke|p2|Cradily, F|\n|poke|p2|Coalossal, M|\n|teampreview\n|\n|t:|1699662746\n|start\n|switch|p1a: Azumarill|Azumarill, M, shiny|100\/100\n|switch|p1b: Gardevoir|Gardevoir, M, shiny|100\/100\n|switch|p2a: Stacko|Stakataka, shiny|100\/100\n|switch|p2b: Bonkoi|Ogerpon-Cornerstone, F|100\/100\n|-ability|p1b: Gardevoir|Sturdy|[from] ability: Trace|[of] p2b: Bonkoi\n|turn|1\n|\n|t:|1699662827\n|detailschange|p1b: Gardevoir|Gardevoir-Mega, M, shiny\n|-mega|p1b: Gardevoir|Gardevoir|Gardevoirite\n|-terastallize|p2a: Stacko|Flying\n|move|p1b: Gardevoir|Protect|p1b: Gardevoir\n|-singleturn|p1b: Gardevoir|Protect\n|move|p2b: Bonkoi|Horn Leech|p1a: Azumarill\n|-supereffective|p1a: Azumarill\n|-damage|p1a: Azumarill|5\/100\n|-enditem|p1a: Azumarill|Sitrus Berry|[eat]\n|-heal|p1a: Azumarill|30\/100|[from] item: Sitrus Berry\n|move|p1a: Azumarill|Belly Drum||[still]\n|-fail|p1a: Azumarill\n|move|p2a: Stacko|Gyro Ball|p1b: Gardevoir\n|-activate|p1b: Gardevoir|move: Protect\n|\n|upkeep\n|turn|2\n|\n|t:|1699662856\n|move|p1a: Azumarill|Aqua Jet|p2a: Stacko\n|-damage|p2a: Stacko|84\/100\n|move|p2b: Bonkoi|Swords Dance|p2b: Bonkoi\n|-boost|p2b: Bonkoi|atk|2\n|move|p1b: Gardevoir|Psychic|p2b: Bonkoi\n|-damage|p2b: Bonkoi|36\/100\n|-unboost|p2b: Bonkoi|spd|1\n|move|p2a: Stacko|Gyro Ball|p1b: Gardevoir\n|-supereffective|p1b: Gardevoir\n|-damage|p1b: Gardevoir|0 fnt\n|faint|p1b: Gardevoir\n|-ability|p2a: Stacko|Beast Boost|boost\n|-boost|p2a: Stacko|atk|1\n|\n|upkeep\n|\n|t:|1699662889\n|switch|p1b: Sylveon|Sylveon, M, shiny|100\/100\n|turn|3\n|\n|t:|1699662927\n|move|p1a: Azumarill|Aqua Jet|p2b: Bonkoi\n|-damage|p2b: Bonkoi|4\/100\n|move|p2b: Bonkoi|Horn Leech|p1b: Sylveon\n|-damage|p1b: Sylveon|32\/100\n|-heal|p2b: Bonkoi|49\/100|[from] drain|[of] p1b: Sylveon\n|move|p1b: Sylveon|Hyper Voice|p2a: Stacko|[spread] p2a,p2b\n|-damage|p2a: Stacko|51\/100\n|-damage|p2b: Bonkoi|0 fnt\n|faint|p2b: Bonkoi\n|move|p2a: Stacko|Gyro Ball|p1a: Azumarill\n|-damage|p1a: Azumarill|0 fnt\n|faint|p1a: Azumarill\n|-ability|p2a: Stacko|Beast Boost|boost\n|-boost|p2a: Stacko|atk|1\n|\n|-heal|p1b: Sylveon|39\/100|[from] item: Leftovers\n|upkeep\n|\n|t:|1699662955\n|switch|p2b: Chonker|Tyranitar, M, shiny|100\/100\n|switch|p1a: Iron Valiant|Iron Valiant|100\/100\n|-weather|Sandstorm|[from] ability: Sand Stream|[of] p2b: Chonker\n|-enditem|p1a: Iron Valiant|Booster Energy\n|-activate|p1a: Iron Valiant|ability: Quark Drive|[fromitem]\n|-start|p1a: Iron Valiant|quarkdrivespe\n|turn|4\n|\n|t:|1699662980\n|move|p1b: Sylveon|Protect|p1b: Sylveon\n|-singleturn|p1b: Sylveon|Protect\n|move|p1a: Iron Valiant|Close Combat|p2b: Chonker\n|-supereffective|p2b: Chonker\n|-damage|p2b: Chonker|0 fnt\n|-unboost|p1a: Iron Valiant|def|1\n|-unboost|p1a: Iron Valiant|spd|1\n|faint|p2b: Chonker\n|move|p2a: Stacko|Trick Room|p2a: Stacko\n|-fieldstart|move: Trick Room|[of] p2a: Stacko\n|\n|-weather|Sandstorm|[upkeep]\n|-damage|p2a: Stacko|45\/100|[from] Sandstorm\n|-damage|p1b: Sylveon|32\/100|[from] Sandstorm\n|-damage|p1a: Iron Valiant|94\/100|[from] Sandstorm\n|-heal|p1b: Sylveon|39\/100|[from] item: Leftovers\n|upkeep\n|\n|t:|1699663010\n|switch|p2b: The Shuckler|Shuckle, M, shiny|100\/100\n|turn|5\n|\n|t:|1699663041\n|move|p2b: The Shuckler|Stealth Rock|p1b: Sylveon\n|-sidestart|p1: Ubitroll|move: Stealth Rock\n|move|p2a: Stacko|Gyro Ball|p1a: Iron Valiant\n|-supereffective|p1a: Iron Valiant\n|-damage|p1a: Iron Valiant|0 fnt\n|faint|p1a: Iron Valiant\n|-end|p1a: Iron Valiant|Quark Drive|[silent]\n|-ability|p2a: Stacko|Beast Boost|boost\n|-boost|p2a: Stacko|atk|1\n|move|p1b: Sylveon|Hyper Voice|p2b: The Shuckler|[spread] p2a,p2b\n|-damage|p2a: Stacko|12\/100\n|-damage|p2b: The Shuckler|86\/100\n|\n|-weather|Sandstorm|[upkeep]\n|-damage|p2a: Stacko|6\/100|[from] Sandstorm\n|-damage|p1b: Sylveon|32\/100|[from] Sandstorm\n|-heal|p1b: Sylveon|39\/100|[from] item: Leftovers\n|upkeep\n|\n|t:|1699663059\n|switch|p1a: Tinkaton|Tinkaton, F, shiny|100\/100\n|-damage|p1a: Tinkaton|94\/100|[from] Stealth Rock\n|-ability|p1a: Tinkaton|Mold Breaker\n|turn|6\n|\n|t:|1699663098\n|move|p2b: The Shuckler|Sticky Web|p1b: Sylveon\n|-sidestart|p1: Ubitroll|move: Sticky Web\n|move|p2a: Stacko|Earthquake|p1a: Tinkaton|[spread] p2b,p1a,p1b\n|-crit|p2b: The Shuckler\n|-supereffective|p1a: Tinkaton\n|-damage|p2b: The Shuckler|23\/100\n|-damage|p1a: Tinkaton|0 fnt\n|-damage|p1b: Sylveon|0 fnt\n|faint|p1a: Tinkaton\n|faint|p1b: Sylveon\n|-ability|p2a: Stacko|Beast Boost|boost\n|-boost|p2a: Stacko|atk|2\n|\n|-weather|Sandstorm|[upkeep]\n|-damage|p2a: Stacko|0 fnt|[from] Sandstorm\n|faint|p2a: Stacko\n|upkeep\n|\n|t:|1699663152\n|switch|p2a: Kinda hot ngl|Coalossal, M|100\/100\n|switch|p1a: Dachsbun|Dachsbun, F, shiny|100\/100\n|-damage|p1a: Dachsbun|88\/100|[from] Stealth Rock\n|-activate|p1a: Dachsbun|move: Sticky Web\n|-unboost|p1a: Dachsbun|spe|1\n|turn|7\n|\n|t:|1699663195\n|move|p1a: Dachsbun|Protect|p1a: Dachsbun\n|-singleturn|p1a: Dachsbun|Protect\n|move|p2b: The Shuckler|Hidden Power|p2a: Kinda hot ngl\n|-supereffective|p2a: Kinda hot ngl\n|-damage|p2a: Kinda hot ngl|96\/100\n|-ability|p2a: Kinda hot ngl|Steam Engine|boost\n|-boost|p2a: Kinda hot ngl|spe|6\n|-enditem|p2a: Kinda hot ngl|Weakness Policy\n|-boost|p2a: Kinda hot ngl|atk|2|[from] item: Weakness Policy\n|-boost|p2a: Kinda hot ngl|spa|2|[from] item: Weakness Policy\n|move|p2a: Kinda hot ngl|Power Gem|p1a: Dachsbun\n|-activate|p1a: Dachsbun|move: Protect\n|\n|-weather|Sandstorm|[upkeep]\n|-damage|p1a: Dachsbun|82\/100|[from] Sandstorm\n|upkeep\n|turn|8\n|\n|t:|1699663233\n|move|p2a: Kinda hot ngl|Protect|p2a: Kinda hot ngl\n|-singleturn|p2a: Kinda hot ngl|Protect\n|move|p2b: The Shuckler|Hidden Power|p1a: Dachsbun\n|-damage|p1a: Dachsbun|80\/100\n|move|p1a: Dachsbun|Body Press|p2a: Kinda hot ngl\n|-activate|p2a: Kinda hot ngl|move: Protect\n|\n|-weather|Sandstorm|[upkeep]\n|-damage|p1a: Dachsbun|74\/100|[from] Sandstorm\n|-fieldend|move: Trick Room\n|upkeep\n|turn|9\n|\n|t:|1699663261\n|move|p2a: Kinda hot ngl|Power Gem|p1a: Dachsbun\n|-damage|p1a: Dachsbun|0 fnt\n|faint|p1a: Dachsbun\n|\n|win|Jam35_Name\n|l|\u2606Ubitroll\n","uploadtime":1699663273,"views":7,"p1id":"ubitroll","p2id":"jam35name","formatid":"gen9nationaldexdoubles","rating":0,"private":0,"password":""}