{"id":"gen9nationaldexdoubles-1969276283","p1":"psng","p2":"IHNL613","format":"[Gen 9] National Dex Doubles","log":"|j|\u2606psng\n|j|\u2606IHNL613\n|t:|1697508827\n|gametype|doubles\n|player|p1|psng|wallace|1199\n|player|p2|IHNL613|grimsley|1137\n|teamsize|p1|6\n|teamsize|p2|6\n|gen|9\n|tier|[Gen 9] National Dex Doubles\n|rated|\n|rule|HP Percentage Mod: HP is shown in percentages\n|rule|Endless Battle Clause: Forcing endless battles is banned\n|rule|OHKO Clause: OHKO moves are banned\n|rule|Evasion Moves Clause: Evasion moves are banned\n|rule|Evasion Abilities Clause: Evasion abilities are banned\n|rule|Species Clause: Limit one of each Pok\u00e9mon\n|rule|Gravity Sleep Clause: The combination of sleep-inducing moves with imperfect accuracy and Gravity or Gigantamax Orbeetle are banned\n|clearpoke\n|poke|p1|Indeedee-F, F|\n|poke|p1|Blastoise, F|\n|poke|p1|Pelipper, M|\n|poke|p1|Swampert, M|\n|poke|p1|Iron Hands|\n|poke|p1|Ferrothorn, F|\n|poke|p2|Sceptile, M|\n|poke|p2|Ribombee, M|\n|poke|p2|Samurott-Hisui, M|\n|poke|p2|Dragapult, M|\n|poke|p2|Kilowattrel, F|\n|poke|p2|Lucario, M|\n|teampreview\n|inactive|Battle timer is ON: inactive players will automatically lose when time's up. (requested by IHNL613)\n|inactive|psng also wants the timer to be on.\n|\n|t:|1697508835\n|start\n|switch|p1a: Indeedee|Indeedee-F, F, shiny|100\/100\n|switch|p1b: Blastoise|Blastoise, F, shiny|100\/100\n|switch|p2a: Ribombee|Ribombee, M|100\/100\n|switch|p2b: Samurott|Samurott-Hisui, M|100\/100\n|-fieldstart|move: Psychic Terrain|[from] ability: Psychic Surge|[of] p1a: Indeedee\n|turn|1\n|\n|t:|1697508843\n|move|p1a: Indeedee|Follow Me|p1a: Indeedee\n|-singleturn|p1a: Indeedee|move: Follow Me\n|move|p2a: Ribombee|Sticky Web|p1b: Blastoise\n|-sidestart|p1: psng|move: Sticky Web\n|move|p2b: Samurott|Ceaseless Edge|p1a: Indeedee\n|-supereffective|p1a: Indeedee\n|-damage|p1a: Indeedee|17\/100\n|-sidestart|p1: psng|Spikes\n|move|p1b: Blastoise|Shell Smash|p1b: Blastoise\n|-unboost|p1b: Blastoise|def|1\n|-unboost|p1b: Blastoise|spd|1\n|-boost|p1b: Blastoise|atk|2\n|-boost|p1b: Blastoise|spa|2\n|-boost|p1b: Blastoise|spe|2\n|\n|upkeep\n|turn|2\n|\n|t:|1697508864\n|switch|p1a: Pelipper|Pelipper, M|100\/100\n|-weather|RainDance|[from] ability: Drizzle|[of] p1a: Pelipper\n|-terastallize|p1b: Blastoise|Water\n|move|p1b: Blastoise|Water Spout|p2a: Ribombee|[spread] p2a,p2b\n|-resisted|p2b: Samurott\n|-enditem|p2a: Ribombee|Focus Sash\n|-damage|p2a: Ribombee|1\/100\n|-damage|p2b: Samurott|0 fnt\n|faint|p2b: Samurott\n|move|p2a: Ribombee|Pollen Puff|p1a: Pelipper\n|-resisted|p1a: Pelipper\n|-damage|p1a: Pelipper|72\/100\n|-enditem|p1a: Pelipper|Eject Button\n|\n|t:|1697508888\n|switch|p1a: Iron Hands|Iron Hands, shiny|100\/100\n|-activate|p1a: Iron Hands|move: Sticky Web\n|-unboost|p1a: Iron Hands|spe|1\n|-damage|p1a: Iron Hands|88\/100|[from] Spikes\n|\n|-weather|RainDance|[upkeep]\n|upkeep\n|\n|t:|1697508898\n|switch|p2b: Lucario|Lucario, M|100\/100\n|turn|3\n|\n|t:|1697508916\n|move|p2b: Lucario|Protect|p2b: Lucario\n|-singleturn|p2b: Lucario|Protect\n|move|p1b: Blastoise|Water Spout|p2a: Ribombee|[spread] p2a\n|-activate|p2b: Lucario|move: Protect\n|-damage|p2a: Ribombee|0 fnt\n|faint|p2a: Ribombee\n|move|p1a: Iron Hands|Drain Punch|p2b: Lucario\n|-activate|p2b: Lucario|move: Protect\n|\n|-weather|RainDance|[upkeep]\n|upkeep\n|\n|t:|1697508927\n|switch|p2a: Dragapult|Dragapult, M|100\/100\n|turn|4\n|\n|t:|1697508944\n|move|p1b: Blastoise|Water Spout|p2b: Lucario|[spread] p2a,p2b\n|-resisted|p2a: Dragapult\n|-damage|p2a: Dragapult|0 fnt\n|-enditem|p2b: Lucario|Focus Sash\n|-damage|p2b: Lucario|1\/100\n|faint|p2a: Dragapult\n|move|p2b: Lucario|Aura Sphere|p1b: Blastoise\n|-damage|p1b: Blastoise|41\/100\n|move|p1a: Iron Hands|Ice Punch|p2b: Lucario\n|-resisted|p2b: Lucario\n|-damage|p2b: Lucario|0 fnt\n|faint|p2b: Lucario\n|\n|-weather|RainDance|[upkeep]\n|-heal|p1b: Blastoise|47\/100|[from] ability: Rain Dish\n|upkeep\n|\n|t:|1697508954\n|switch|p2a: Sceptile|Sceptile, M|100\/100\n|switch|p2b: Kilowattrel|Kilowattrel, F|100\/100\n|turn|5\n|\n|t:|1697508967\n|detailschange|p2a: Sceptile|Sceptile-Mega, M\n|-mega|p2a: Sceptile|Sceptile|Sceptilite\n|move|p1a: Iron Hands|Protect|p1a: Iron Hands\n|-singleturn|p1a: Iron Hands|Protect\n|move|p1b: Blastoise|Surf|p2b: Kilowattrel|[spread] p2a,p2b\n|-activate|p1a: Iron Hands|move: Protect\n|-resisted|p2a: Sceptile\n|-damage|p2a: Sceptile|55\/100\n|-enditem|p2b: Kilowattrel|Focus Sash\n|-damage|p2b: Kilowattrel|1\/100\n|move|p2a: Sceptile|Energy Ball|p1b: Blastoise\n|-supereffective|p1b: Blastoise\n|-damage|p1b: Blastoise|0 fnt\n|faint|p1b: Blastoise\n|move|p2b: Kilowattrel|Tailwind|p2b: Kilowattrel\n|-sidestart|p2: IHNL613|move: Tailwind\n|\n|-weather|RainDance|[upkeep]\n|-fieldend|move: Psychic Terrain\n|upkeep\n|\n|t:|1697508995\n|switch|p1b: Indeedee|Indeedee-F, F, shiny|17\/100\n|-activate|p1b: Indeedee|move: Sticky Web\n|-unboost|p1b: Indeedee|spe|1\n|-damage|p1b: Indeedee|4\/100|[from] Spikes\n|-fieldstart|move: Psychic Terrain|[from] ability: Psychic Surge|[of] p1b: Indeedee\n|turn|6\n|\n|t:|1697509003\n|move|p1b: Indeedee|Follow Me|p1b: Indeedee\n|-singleturn|p1b: Indeedee|move: Follow Me\n|move|p2a: Sceptile|Leech Seed|p1b: Indeedee\n|-start|p1b: Indeedee|move: Leech Seed\n|move|p2b: Kilowattrel|Discharge|p1a: Iron Hands|[spread] p1a,p1b\n|-ability|p2a: Sceptile|Lightning Rod|boost\n|-boost|p2a: Sceptile|spa|1\n|-resisted|p1a: Iron Hands\n|-damage|p1a: Iron Hands|75\/100\n|-damage|p1b: Indeedee|0 fnt\n|faint|p1b: Indeedee\n|move|p1a: Iron Hands|Ice Punch|p2a: Sceptile\n|-supereffective|p2a: Sceptile\n|-damage|p2a: Sceptile|0 fnt\n|faint|p2a: Sceptile\n|\n|-weather|none\n|upkeep\n|-message|IHNL613 forfeited.\n|\n|win|psng\n|raw|psng's rating: 1199 &rarr; <strong>1220<\/strong><br \/>(+21 for winning)\n|raw|IHNL613's rating: 1137 &rarr; <strong>1116<\/strong><br \/>(-21 for losing)\n|l|\u2606IHNL613\n","uploadtime":1697509018,"views":11,"p1id":"psng","p2id":"ihnl613","formatid":"gen9nationaldexdoubles","rating":1116,"private":0,"password":""}