{"id":"gen9nationaldexdoubles-1978736137","p1":"Gi th Uk if if","p2":"Dentyro","format":"[Gen 9] National Dex Doubles","log":"|j|\u2606Gi th Uk if if\n|j|\u2606Dentyro\n|t:|1698588863\n|gametype|doubles\n|player|p1|Gi th Uk if if|lucas|1045\n|player|p2|Dentyro|benga|1062\n|teamsize|p1|6\n|teamsize|p2|6\n|gen|9\n|tier|[Gen 9] National Dex Doubles\n|rated|\n|rule|HP Percentage Mod: HP is shown in percentages\n|rule|Endless Battle Clause: Forcing endless battles is banned\n|rule|OHKO Clause: OHKO moves are banned\n|rule|Evasion Moves Clause: Evasion moves are banned\n|rule|Evasion Abilities Clause: Evasion abilities are banned\n|rule|Species Clause: Limit one of each Pok\u00e9mon\n|rule|Gravity Sleep Clause: The combination of sleep-inducing moves with imperfect accuracy and Gravity or Gigantamax Orbeetle are banned\n|clearpoke\n|poke|p1|Indeedee, M|\n|poke|p1|Deoxys-Attack|\n|poke|p1|Typhlosion, F|\n|poke|p1|Kartana|\n|poke|p1|Murkrow, M|\n|poke|p1|Shuckle, M|\n|poke|p2|Clodsire, F|\n|poke|p2|Quagsire, M|\n|poke|p2|Ursaluna, M|\n|poke|p2|Dragonite, F|\n|poke|p2|Baxcalibur, F|\n|poke|p2|Duraludon, M|\n|teampreview\n|inactive|Battle timer is ON: inactive players will automatically lose when time's up. (requested by Dentyro)\n|\n|t:|1698588883\n|start\n|switch|p1a: Murkrow|Murkrow, M|100\/100\n|switch|p1b: Shuckle|Shuckle, M|100\/100\n|switch|p2a: Astra|Clodsire, F|100\/100\n|switch|p2b: Dragonite|Dragonite, F, shiny|100\/100\n|turn|1\n|\n|t:|1698588900\n|move|p1a: Murkrow|Taunt|p2a: Astra\n|-start|p2a: Astra|move: Taunt\n|-zpower|p2b: Dragonite\n|move|p2b: Dragonite|Supersonic Skystrike|p1b: Shuckle|[zeffect]\n|-damage|p1b: Shuckle|45\/100\n|cant|p2a: Astra|move: Taunt|Toxic\n|move|p1b: Shuckle|Toxic|p2b: Dragonite|[miss]\n|-miss|p1b: Shuckle|p2b: Dragonite\n|\n|upkeep\n|turn|2\n|\n|t:|1698588920\n|move|p1a: Murkrow|Perish Song|p1a: Murkrow\n|-start|p1a: Murkrow|perish3|[silent]\n|-start|p1b: Shuckle|perish3|[silent]\n|-start|p2a: Astra|perish3|[silent]\n|-start|p2b: Dragonite|perish3|[silent]\n|-fieldactivate|move: Perish Song\n|move|p2b: Dragonite|Dragon Dance|p2b: Dragonite\n|-boost|p2b: Dragonite|atk|1\n|-boost|p2b: Dragonite|spe|1\n|move|p2a: Astra|Earthquake|p1a: Murkrow|[spread] p1b\n|-immune|p2b: Dragonite\n|-immune|p1a: Murkrow\n|-crit|p1b: Shuckle\n|-damage|p1b: Shuckle|25\/100\n|move|p1b: Shuckle|Toxic|p2b: Dragonite\n|-status|p2b: Dragonite|tox\n|\n|-damage|p2b: Dragonite|94\/100 tox|[from] psn\n|-start|p2b: Dragonite|perish3\n|-start|p1a: Murkrow|perish3\n|-start|p2a: Astra|perish3\n|-start|p1b: Shuckle|perish3\n|upkeep\n|turn|3\n|\n|t:|1698588950\n|move|p2b: Dragonite|Extreme Speed|p1a: Murkrow\n|-damage|p1a: Murkrow|39\/100\n|move|p1a: Murkrow|Tailwind|p1a: Murkrow\n|-sidestart|p1: Gi th Uk if if|move: Tailwind\n|move|p1b: Shuckle|Stealth Rock|p2b: Dragonite\n|-sidestart|p2: Dentyro|move: Stealth Rock\n|move|p2a: Astra|Earthquake|p1b: Shuckle|[spread] p1b\n|-immune|p2b: Dragonite\n|-immune|p1a: Murkrow\n|-damage|p1b: Shuckle|14\/100\n|\n|-damage|p2b: Dragonite|82\/100 tox|[from] psn\n|-end|p2a: Astra|move: Taunt\n|-start|p1a: Murkrow|perish2\n|-start|p2b: Dragonite|perish2\n|-start|p1b: Shuckle|perish2\n|-start|p2a: Astra|perish2\n|upkeep\n|turn|4\n|inactive|Gi th Uk if if has 120 seconds left.\n|\n|t:|1698588983\n|switch|p1a: Indeedee|Indeedee, M|100\/100\n|-fieldstart|move: Psychic Terrain|[from] ability: Psychic Surge|[of] p1a: Indeedee\n|switch|p1b: Kartana|Kartana|100\/100\n|move|p2b: Dragonite|Extreme Speed|p1a: Indeedee\n|-activate|p1a: Indeedee|move: Psychic Terrain\n|move|p2a: Astra|Spikes|p1a: Indeedee\n|-sidestart|p1: Gi th Uk if if|Spikes\n|\n|-damage|p2b: Dragonite|63\/100 tox|[from] psn\n|-start|p2b: Dragonite|perish1\n|-start|p2a: Astra|perish1\n|upkeep\n|turn|5\n|inactive|Gi th Uk if if has 120 seconds left.\n|\n|t:|1698589012\n|switch|p2b: Duraludon|Duraludon, M, shiny|100\/100\n|-damage|p2b: Duraludon|94\/100|[from] Stealth Rock\n|switch|p2a: FEDI|Ursaluna, M, shiny|100\/100\n|-damage|p2a: FEDI|94\/100|[from] Stealth Rock\n|-terastallize|p1a: Indeedee|Psychic\n|move|p1b: Kartana|Leaf Blade|p2a: FEDI\n|-supereffective|p2a: FEDI\n|-damage|p2a: FEDI|0 fnt\n|faint|p2a: FEDI\n|-ability|p1b: Kartana|Beast Boost|boost\n|-boost|p1b: Kartana|atk|1\n|move|p1a: Indeedee|Expanding Force|p2b: Duraludon\n|-resisted|p2b: Duraludon\n|-damage|p2b: Duraludon|0 fnt\n|faint|p2b: Duraludon\n|\n|upkeep\n|inactive|Dentyro has 120 seconds left.\n|-message|Dentyro forfeited.\n|\n|win|Gi th Uk if if\n|raw|Gi th Uk if if's rating: 1045 &rarr; <strong>1080<\/strong><br \/>(+35 for winning)\n|raw|Dentyro's rating: 1062 &rarr; <strong>1042<\/strong><br \/>(-20 for losing)\n|l|\u2606Dentyro\n","uploadtime":1698589037,"views":10,"p1id":"githukifif","p2id":"dentyro","formatid":"gen9nationaldexdoubles","rating":1042,"private":0,"password":""}