{"id":"gen9nationaldexdoubles-1999581145","p1":"okb00mer","p2":"Xero Dracohart","format":"[Gen 9] National Dex Doubles","log":"|j|\u2606okb00mer\n|j|\u2606Xero Dracohart\n|t:|1701098241\n|gametype|doubles\n|player|p1|okb00mer|lucas|\n|player|p2|Xero Dracohart|backers|\n|teamsize|p1|6\n|teamsize|p2|6\n|gen|9\n|tier|[Gen 9] National Dex Doubles\n|rule|HP Percentage Mod: HP is shown in percentages\n|rule|Endless Battle Clause: Forcing endless battles is banned\n|rule|OHKO Clause: OHKO moves are banned\n|rule|Evasion Moves Clause: Evasion moves are banned\n|rule|Evasion Abilities Clause: Evasion abilities are banned\n|rule|Species Clause: Limit one of each Pok\u00e9mon\n|rule|Gravity Sleep Clause: The combination of sleep-inducing moves with imperfect accuracy and Gravity or Gigantamax Orbeetle are banned\n|clearpoke\n|poke|p1|Incineroar, F|\n|poke|p1|Blastoise, M|\n|poke|p1|Jirachi|\n|poke|p1|Sawsbuck-Winter, M|\n|poke|p1|Tornadus, M|\n|poke|p1|Dragonite, F|\n|poke|p2|Espeon, F|\n|poke|p2|Espathra, M|\n|poke|p2|Jirachi|\n|poke|p2|Ogerpon-Hearthflame, F|\n|poke|p2|Grimmsnarl, M|\n|poke|p2|Dragonite, F|\n|teampreview\n|inactive|Battle timer is ON: inactive players will automatically lose when time's up. (requested by okb00mer)\n|\n|t:|1701098249\n|start\n|switch|p1a: Incineroar|Incineroar, F|100\/100\n|switch|p1b: Blastoise|Blastoise, M|100\/100\n|switch|p2a: Grimmsnarl|Grimmsnarl, M|100\/100\n|switch|p2b: Dragonite|Dragonite, F|100\/100\n|-ability|p1a: Incineroar|Intimidate|boost\n|-unboost|p2a: Grimmsnarl|atk|1\n|-fail|p2b: Dragonite|unboost|Attack|[from] ability: Inner Focus|[of] p2b: Dragonite\n|turn|1\n|\n|t:|1701098269\n|move|p2a: Grimmsnarl|Taunt|p1a: Incineroar\n|-hint|Since gen 7, Dark is immune to Prankster moves.\n|-immune|p1a: Incineroar\n|move|p2b: Dragonite|Dragon Dance|p2b: Dragonite\n|-boost|p2b: Dragonite|atk|1\n|-boost|p2b: Dragonite|spe|1\n|move|p1b: Blastoise|Water Pledge|p2a: Grimmsnarl\n|-waiting|p1b: Blastoise|p1a: Incineroar\n|move|p1a: Incineroar|Fire Pledge|p2a: Grimmsnarl|[from]move: Water Pledge\n|-combine\n|-damage|p2a: Grimmsnarl|43\/100\n|-sidestart|p1: okb00mer|Water Pledge\n|\n|-heal|p2a: Grimmsnarl|49\/100|[from] item: Leftovers\n|upkeep\n|turn|2\n|\n|t:|1701098288\n|move|p2a: Grimmsnarl|Parting Shot|p1b: Blastoise\n|-unboost|p1b: Blastoise|atk|1\n|-unboost|p1b: Blastoise|spa|1\n|\n|t:|1701098292\n|switch|p2a: Jirachi|Jirachi|100\/100|[from] Parting Shot\n|move|p2b: Dragonite|Rock Slide|p1a: Incineroar|[spread] p1a,p1b\n|-supereffective|p1a: Incineroar\n|-damage|p1a: Incineroar|48\/100\n|-damage|p1b: Blastoise|69\/100\n|move|p1b: Blastoise|Blizzard|p2a: Jirachi|[spread] \n|-miss|p1b: Blastoise|p2a: Jirachi\n|-miss|p1b: Blastoise|p2b: Dragonite\n|move|p1a: Incineroar|Parting Shot|p2b: Dragonite\n|-unboost|p2b: Dragonite|atk|1\n|-unboost|p2b: Dragonite|spa|1\n|\n|t:|1701098305\n|switch|p1a: Sawsbuck|Sawsbuck-Winter, M|100\/100|[from] Parting Shot\n|\n|upkeep\n|turn|3\n|\n|t:|1701098320\n|move|p1b: Blastoise|Protect|p1b: Blastoise\n|-singleturn|p1b: Blastoise|Protect\n|move|p2b: Dragonite|Dragon Dance|p2b: Dragonite\n|-boost|p2b: Dragonite|atk|1\n|-boost|p2b: Dragonite|spe|1\n|move|p1a: Sawsbuck|Body Slam|p2a: Jirachi\n|-resisted|p2a: Jirachi\n|-damage|p2a: Jirachi|81\/100\n|-status|p2a: Jirachi|par\n|-damage|p1a: Sawsbuck|91\/100|[from] item: Life Orb\n|move|p2a: Jirachi|Skill Swap|p2b: Dragonite\n|-activate|p2a: Jirachi|move: Skill Swap|||[of] p2b: Dragonite\n|\n|-heal|p2a: Jirachi|87\/100 par|[from] item: Leftovers\n|upkeep\n|turn|4\n|\n|t:|1701098342\n|switch|p1b: Incineroar|Incineroar, F|48\/100\n|-ability|p1b: Incineroar|Intimidate|boost\n|-fail|p2a: Jirachi|unboost|Attack|[from] ability: Inner Focus|[of] p2a: Jirachi\n|-unboost|p2b: Dragonite|atk|1\n|cant|p2a: Jirachi|par\n|move|p2b: Dragonite|Dragon Dance|p2b: Dragonite\n|-boost|p2b: Dragonite|atk|1\n|-boost|p2b: Dragonite|spe|1\n|move|p1a: Sawsbuck|Body Slam|p2b: Dragonite\n|-damage|p2b: Dragonite|42\/100\n|-status|p2b: Dragonite|par\n|-damage|p1a: Sawsbuck|81\/100|[from] item: Life Orb\n|\n|-heal|p2a: Jirachi|93\/100 par|[from] item: Leftovers\n|-sideend|p1: okb00mer|Water Pledge\n|upkeep\n|turn|5\n|\n|t:|1701098358\n|move|p2a: Jirachi|Follow Me|p2a: Jirachi\n|-singleturn|p2a: Jirachi|move: Follow Me\n|move|p2b: Dragonite|Rock Slide|p1b: Incineroar|[spread] p1b\n|-miss|p2b: Dragonite|p1a: Sawsbuck\n|-supereffective|p1b: Incineroar\n|-damage|p1b: Incineroar|0 fnt\n|faint|p1b: Incineroar\n|move|p1a: Sawsbuck|Play Rough|p2a: Jirachi\n|-resisted|p2a: Jirachi\n|-damage|p2a: Jirachi|81\/100 par\n|-damage|p1a: Sawsbuck|71\/100|[from] item: Life Orb\n|\n|-heal|p2a: Jirachi|87\/100 par|[from] item: Leftovers\n|upkeep\n|\n|t:|1701098365\n|switch|p1b: Tornadus|Tornadus, M|100\/100\n|turn|6\n|\n|t:|1701098376\n|move|p2a: Jirachi|Follow Me|p2a: Jirachi\n|-singleturn|p2a: Jirachi|move: Follow Me\n|move|p2b: Dragonite|Rock Slide|p1a: Sawsbuck|[spread] p1a,p1b\n|-supereffective|p1b: Tornadus\n|-damage|p1a: Sawsbuck|23\/100\n|-damage|p1b: Tornadus|13\/100\n|move|p1b: Tornadus|Heat Wave|p2a: Jirachi|[spread] p2a,p2b\n|-supereffective|p2a: Jirachi\n|-resisted|p2b: Dragonite\n|-damage|p2a: Jirachi|48\/100 par\n|-damage|p2b: Dragonite|30\/100 par\n|move|p1a: Sawsbuck|Play Rough|p2a: Jirachi\n|-resisted|p2a: Jirachi\n|-damage|p2a: Jirachi|35\/100 par\n|-unboost|p2a: Jirachi|atk|1\n|-damage|p1a: Sawsbuck|13\/100|[from] item: Life Orb\n|\n|-heal|p2a: Jirachi|41\/100 par|[from] item: Leftovers\n|upkeep\n|turn|7\n|\n|t:|1701098389\n|-terastallize|p1a: Sawsbuck|Normal\n|move|p2a: Jirachi|Follow Me|p2a: Jirachi\n|-singleturn|p2a: Jirachi|move: Follow Me\n|move|p1b: Tornadus|Tailwind|p1b: Tornadus\n|-sidestart|p1: okb00mer|move: Tailwind\n|move|p1a: Sawsbuck|Body Slam|p2a: Jirachi\n|-resisted|p2a: Jirachi\n|-damage|p2a: Jirachi|13\/100 par\n|-damage|p1a: Sawsbuck|3\/100|[from] item: Life Orb\n|move|p2b: Dragonite|Rock Slide|p1b: Tornadus|[spread] p1a,p1b\n|-crit|p1a: Sawsbuck\n|-supereffective|p1b: Tornadus\n|-damage|p1a: Sawsbuck|0 fnt\n|-damage|p1b: Tornadus|0 fnt\n|faint|p1a: Sawsbuck\n|faint|p1b: Tornadus\n|\n|-heal|p2a: Jirachi|20\/100 par|[from] item: Leftovers\n|upkeep\n|\n|t:|1701098402\n|switch|p1b: Dragonite|Dragonite, F|100\/100\n|switch|p1a: Blastoise|Blastoise, M|69\/100\n|turn|8\n|\n|t:|1701098410\n|move|p1a: Blastoise|Fake Out|p2a: Jirachi\n|-resisted|p2a: Jirachi\n|-damage|p2a: Jirachi|17\/100 par\n|move|p1b: Dragonite|Dragon Claw|p2b: Dragonite\n|-supereffective|p2b: Dragonite\n|-damage|p2b: Dragonite|0 fnt\n|faint|p2b: Dragonite\n|cant|p2a: Jirachi|par\n|\n|-heal|p2a: Jirachi|23\/100 par|[from] item: Leftovers\n|upkeep\n|\n|t:|1701098424\n|switch|p2b: Grimmsnarl|Grimmsnarl, M|49\/100\n|turn|9\n|\n|t:|1701098436\n|move|p2b: Grimmsnarl|Parting Shot|p1b: Dragonite\n|-unboost|p1b: Dragonite|atk|1\n|-unboost|p1b: Dragonite|spa|1\n|\n|t:|1701098443\n|switch|p2b: Ogerpon|Ogerpon-Hearthflame, F|100\/100|[from] Parting Shot\n|-ability|p2b: Ogerpon|Mold Breaker\n|move|p1b: Dragonite|Dragon Claw|p2a: Jirachi\n|-resisted|p2a: Jirachi\n|-damage|p2a: Jirachi|8\/100 par\n|move|p1a: Blastoise|Blizzard|p2b: Ogerpon|[spread] p2a\n|-miss|p1a: Blastoise|p2b: Ogerpon\n|-resisted|p2a: Jirachi\n|-damage|p2a: Jirachi|0 fnt\n|faint|p2a: Jirachi\n|\n|upkeep\n|\n|t:|1701098447\n|switch|p2a: Espathra|Espathra, M|100\/100\n|turn|10\n|\n|t:|1701098463\n|switch|p1b: Jirachi|Jirachi|100\/100\n|move|p1a: Blastoise|Protect|p1a: Blastoise\n|-singleturn|p1a: Blastoise|Protect\n|move|p2b: Ogerpon|Follow Me|p2b: Ogerpon\n|-singleturn|p2b: Ogerpon|move: Follow Me\n|move|p2a: Espathra|Calm Mind|p2a: Espathra\n|-boost|p2a: Espathra|spa|1\n|-boost|p2a: Espathra|spd|1\n|\n|-sideend|p1: okb00mer|move: Tailwind\n|-ability|p2a: Espathra|Speed Boost|boost\n|-boost|p2a: Espathra|spe|1\n|upkeep\n|turn|11\n|\n|t:|1701098479\n|move|p2b: Ogerpon|Follow Me|p2b: Ogerpon\n|-singleturn|p2b: Ogerpon|move: Follow Me\n|move|p2a: Espathra|Calm Mind|p2a: Espathra\n|-boost|p2a: Espathra|spa|1\n|-boost|p2a: Espathra|spd|1\n|move|p1a: Blastoise|Water Pledge|p2b: Ogerpon\n|-damage|p2b: Ogerpon|72\/100\n|move|p1b: Jirachi|Ancient Power|p2b: Ogerpon\n|-supereffective|p2b: Ogerpon\n|-damage|p2b: Ogerpon|31\/100\n|\n|-ability|p2a: Espathra|Speed Boost|boost\n|-boost|p2a: Espathra|spe|1\n|upkeep\n|turn|12\n|\n|t:|1701098498\n|move|p2b: Ogerpon|Protect|p2b: Ogerpon\n|-singleturn|p2b: Ogerpon|Protect\n|move|p2a: Espathra|Substitute|p2a: Espathra\n|-start|p2a: Espathra|Substitute\n|-damage|p2a: Espathra|76\/100\n|move|p1a: Blastoise|Water Pledge|p2b: Ogerpon\n|-activate|p2b: Ogerpon|move: Protect\n|move|p1b: Jirachi|Ancient Power|p2b: Ogerpon\n|-activate|p2b: Ogerpon|move: Protect\n|\n|-heal|p2a: Espathra|82\/100|[from] item: Leftovers\n|-ability|p2a: Espathra|Speed Boost|boost\n|-boost|p2a: Espathra|spe|1\n|upkeep\n|turn|13\n|\n|t:|1701098511\n|move|p2a: Espathra|Calm Mind|p2a: Espathra\n|-boost|p2a: Espathra|spa|1\n|-boost|p2a: Espathra|spd|1\n|move|p2b: Ogerpon|Ivy Cudgel|p1b: Jirachi|[anim] Ivy Cudgel Fire\n|-supereffective|p1b: Jirachi\n|-damage|p1b: Jirachi|5\/100\n|move|p1a: Blastoise|Blizzard|p2a: Espathra|[spread] p2a,p2b\n|-activate|p2a: Espathra|move: Substitute|[damage]\n|-damage|p2b: Ogerpon|10\/100\n|move|p1b: Jirachi|Ancient Power|p2b: Ogerpon\n|-supereffective|p2b: Ogerpon\n|-damage|p2b: Ogerpon|0 fnt\n|faint|p2b: Ogerpon\n|\n|-heal|p2a: Espathra|88\/100|[from] item: Leftovers\n|-ability|p2a: Espathra|Speed Boost|boost\n|-boost|p2a: Espathra|spe|1\n|upkeep\n|\n|t:|1701098521\n|switch|p2b: Espeon|Espeon, F|100\/100\n|turn|14\n|\n|t:|1701098542\n|move|p2a: Espathra|Stored Power|p1a: Blastoise\n|-damage|p1a: Blastoise|0 fnt\n|faint|p1a: Blastoise\n|move|p2b: Espeon|Shadow Ball|p1b: Jirachi\n|-supereffective|p1b: Jirachi\n|-damage|p1b: Jirachi|0 fnt\n|faint|p1b: Jirachi\n|\n|-heal|p2a: Espathra|94\/100|[from] item: Leftovers\n|-ability|p2a: Espathra|Speed Boost|boost\n|-boost|p2a: Espathra|spe|1\n|upkeep\n|\n|t:|1701098549\n|switch|p1b: Dragonite|Dragonite, F|100\/100\n|turn|15\n|\n|t:|1701098579\n|move|p2a: Espathra|Stored Power|p1b: Dragonite\n|-damage|p1b: Dragonite|0 fnt\n|faint|p1b: Dragonite\n|\n|win|Xero Dracohart\n|c|\u2606okb00mer|gg\n","uploadtime":1701098585,"views":3,"p1id":"okb00mer","p2id":"xerodracohart","formatid":"gen9nationaldexdoubles","rating":0,"private":0,"password":""}