{"id":"gen9nationaldexdoubles-1953696265","p1":"Darrenjenkins","p2":"Butt25","format":"[Gen 9] National Dex Doubles","log":"|j|\u2606Darrenjenkins\n|j|\u203dButt25\n|t:|1695821200\n|gametype|doubles\n|player|p1|Darrenjenkins|hoopster|1076\n|player|p2|Butt25|265|1039\n|teamsize|p1|6\n|teamsize|p2|6\n|gen|9\n|tier|[Gen 9] National Dex Doubles\n|rated|\n|rule|HP Percentage Mod: HP is shown in percentages\n|rule|Endless Battle Clause: Forcing endless battles is banned\n|rule|OHKO Clause: OHKO moves are banned\n|rule|Evasion Moves Clause: Evasion moves are banned\n|rule|Evasion Abilities Clause: Evasion abilities are banned\n|rule|Species Clause: Limit one of each Pok\u00e9mon\n|rule|Gravity Sleep Clause: The combination of sleep-inducing moves with imperfect accuracy and Gravity or Gigantamax Orbeetle are banned\n|clearpoke\n|poke|p1|Enamorus, F|\n|poke|p1|Mew|\n|poke|p1|Heracross, M|\n|poke|p1|Clawitzer, F|\n|poke|p1|Regieleki|\n|poke|p1|Ursaluna-Bloodmoon, M|\n|poke|p2|Krookodile, M|\n|poke|p2|Torterra, F|\n|poke|p2|Clodsire, M|\n|poke|p2|Palossand, F|\n|poke|p2|Gastrodon, M|\n|poke|p2|Dugtrio, F|\n|teampreview\n|\n|t:|1695821217\n|start\n|switch|p1a: Regieleki|Regieleki|100\/100\n|switch|p1b: Enamorus|Enamorus, F|100\/100\n|switch|p2a: Dugtrio|Dugtrio, F, shiny|100\/100\n|switch|p2b: Torterra|Torterra, F, shiny|100\/100\n|turn|1\n|\n|t:|1695821237\n|move|p2a: Dugtrio|Helping Hand|p2b: Torterra\n|-singleturn|p2b: Torterra|Helping Hand|[of] p2a: Dugtrio\n|move|p1a: Regieleki|Eerie Impulse|p1b: Enamorus\n|-boost|p1b: Enamorus|spa|2\n|move|p1b: Enamorus|Springtide Storm|p2b: Torterra|[spread] p2a,p2b\n|-damage|p2a: Dugtrio|0 fnt\n|-damage|p2b: Torterra|0 fnt\n|faint|p2a: Dugtrio\n|faint|p2b: Torterra\n|-damage|p1b: Enamorus|91\/100|[from] item: Life Orb\n|\n|upkeep\n|\n|t:|1695821249\n|switch|p2a: Palossand|Palossand, F, shiny|100\/100\n|switch|p2b: Clodsire|Clodsire, M, shiny|100\/100\n|turn|2\n|\n|t:|1695821261\n|move|p1a: Regieleki|Eerie Impulse|p1b: Enamorus\n|-boost|p1b: Enamorus|spa|2\n|move|p1b: Enamorus|Springtide Storm|p2a: Palossand|[spread] p2a\n|-miss|p1b: Enamorus|p2b: Clodsire\n|-damage|p2a: Palossand|0 fnt\n|faint|p2a: Palossand\n|-damage|p1b: Enamorus|81\/100|[from] item: Life Orb\n|move|p2b: Clodsire|Poison Jab|p1b: Enamorus\n|-supereffective|p1b: Enamorus\n|-damage|p1b: Enamorus|0 fnt\n|faint|p1b: Enamorus\n|\n|upkeep\n|\n|t:|1695821277\n|switch|p1b: Clawitzer|Clawitzer, F|100\/100\n|switch|p2a: Krookodile|Krookodile, M, shiny|100\/100\n|turn|3\n|\n|t:|1695821301\n|move|p2b: Clodsire|Protect|p2b: Clodsire\n|-singleturn|p2b: Clodsire|Protect\n|move|p1a: Regieleki|Rain Dance|p1a: Regieleki\n|-weather|RainDance\n|move|p2a: Krookodile|Earthquake|p1b: Clawitzer|[spread] p1a,p1b\n|-activate|p2b: Clodsire|move: Protect\n|-supereffective|p1a: Regieleki\n|-damage|p1a: Regieleki|0 fnt\n|-damage|p1b: Clawitzer|42\/100\n|faint|p1a: Regieleki\n|-ability|p2a: Krookodile|Moxie|boost\n|-boost|p2a: Krookodile|atk|1\n|move|p1b: Clawitzer|Water Pulse|p2a: Krookodile\n|-supereffective|p2a: Krookodile\n|-damage|p2a: Krookodile|0 fnt\n|faint|p2a: Krookodile\n|-damage|p1b: Clawitzer|32\/100|[from] item: Life Orb\n|\n|-weather|RainDance|[upkeep]\n|upkeep\n|\n|t:|1695821324\n|switch|p1a: Mew|Mew|100\/100\n|switch|p2a: Gastrodon|Gastrodon, M, shiny|100\/100\n|turn|4\n|\n|t:|1695821336\n|-terastallize|p2b: Clodsire|Water\n|-zpower|p1a: Mew\n|move|p1a: Mew|Genesis Supernova|p2b: Clodsire|[zeffect]\n|-damage|p2b: Clodsire|38\/100\n|-fieldstart|move: Psychic Terrain\n|-enditem|p2b: Clodsire|Sitrus Berry|[eat]\n|-heal|p2b: Clodsire|63\/100|[from] item: Sitrus Berry\n|move|p1b: Clawitzer|Sludge Bomb|p2a: Gastrodon\n|-resisted|p2a: Gastrodon\n|-damage|p2a: Gastrodon|83\/100\n|-status|p2a: Gastrodon|psn\n|-damage|p1b: Clawitzer|22\/100|[from] item: Life Orb\n|move|p2a: Gastrodon|Surf|p1b: Clawitzer|[spread] p1a,p1b\n|-heal|p2b: Clodsire|88\/100|[from] ability: Water Absorb|[of] p2a: Gastrodon\n|-crit|p1a: Mew\n|-resisted|p1b: Clawitzer\n|-damage|p1a: Mew|44\/100\n|-damage|p1b: Clawitzer|3\/100\n|move|p2b: Clodsire|Liquidation|p2a: Gastrodon\n|-activate|p2a: Gastrodon|ability: Storm Drain\n|-ability|p2a: Gastrodon|Storm Drain|boost\n|-boost|p2a: Gastrodon|spa|1\n|\n|-weather|RainDance|[upkeep]\n|-damage|p2a: Gastrodon|71\/100 psn|[from] psn\n|upkeep\n|turn|5\n|inactive|Battle timer is ON: inactive players will automatically lose when time's up. (requested by Butt25)\n|\n|t:|1695821413\n|move|p1a: Mew|Psychic|p2a: Gastrodon\n|-damage|p2a: Gastrodon|30\/100 psn\n|-unboost|p2a: Gastrodon|spd|1\n|move|p1b: Clawitzer|Aura Sphere|p2a: Gastrodon\n|-damage|p2a: Gastrodon|0 fnt\n|faint|p2a: Gastrodon\n|-damage|p1b: Clawitzer|0 fnt|[from] item: Life Orb\n|faint|p1b: Clawitzer\n|move|p2b: Clodsire|Liquidation|p1a: Mew\n|-damage|p1a: Mew|0 fnt\n|faint|p1a: Mew\n|\n|-weather|RainDance|[upkeep]\n|upkeep\n|\n|t:|1695821427\n|switch|p1a: Ursaluna|Ursaluna-Bloodmoon, M|100\/100\n|switch|p1b: Heracross|Heracross, M|100\/100\n|turn|6\n|\n|t:|1695821439\n|detailschange|p1b: Heracross|Heracross-Mega, M\n|-mega|p1b: Heracross|Heracross|Heracronite\n|move|p1b: Heracross|Megahorn|p2b: Clodsire\n|-damage|p2b: Clodsire|0 fnt\n|faint|p2b: Clodsire\n|\n|win|Darrenjenkins\n|raw|Darrenjenkins's rating: 1076 &rarr; <strong>1102<\/strong><br \/>(+26 for winning)\n|raw|Butt25's rating: 1039 &rarr; <strong>1025<\/strong><br \/>(-14 for losing)\n|l|\u203dButt25\n|c|\u2606Darrenjenkins|Gg\n|l|\u2606Darrenjenkins\n|j|\u2606Darrenjenkins\n|player|p1|Darrenjenkins|hoopster\n","uploadtime":1695821500,"views":10,"p1id":"darrenjenkins","p2id":"butt25","formatid":"gen9nationaldexdoubles","rating":1025,"private":0,"password":""}