{"id":"gen9nationaldexdoubles-1989372101","p1":"MarcelinePetrikov","p2":"seabrrr","format":"[Gen 9] National Dex Doubles","log":"|j|\u2606MarcelinePetrikov\n|j|\u2606seabrrr\n|t:|1699842009\n|gametype|doubles\n|player|p1|MarcelinePetrikov|lusamine-nihilego|1040\n|player|p2|seabrrr|swimmerf-gen4|1039\n|teamsize|p1|6\n|teamsize|p2|6\n|gen|9\n|tier|[Gen 9] National Dex Doubles\n|rated|\n|rule|HP Percentage Mod: HP is shown in percentages\n|rule|Endless Battle Clause: Forcing endless battles is banned\n|rule|OHKO Clause: OHKO moves are banned\n|rule|Evasion Moves Clause: Evasion moves are banned\n|rule|Evasion Abilities Clause: Evasion abilities are banned\n|rule|Species Clause: Limit one of each Pok\u00e9mon\n|rule|Gravity Sleep Clause: The combination of sleep-inducing moves with imperfect accuracy and Gravity or Gigantamax Orbeetle are banned\n|clearpoke\n|poke|p1|Torkoal, F|\n|poke|p1|Charizard, F|\n|poke|p1|Venusaur, F|\n|poke|p1|Kartana|\n|poke|p1|Landorus-Therian, M|\n|poke|p1|Morpeko, F|\n|poke|p2|Dragapult, F|\n|poke|p2|Talonflame, F|\n|poke|p2|Kartana|\n|poke|p2|Samurott-Hisui, F|\n|poke|p2|Iron Thorns|\n|poke|p2|Ninetales-Alola, F|\n|teampreview\n|inactive|Battle timer is ON: inactive players will automatically lose when time's up. (requested by MarcelinePetrikov)\n|inactive|MarcelinePetrikov has 120 seconds left.\n|c|\u2606seabrrr|hurry up you tard\n|c|\u2606MarcelinePetrikov|srry\n|\n|t:|1699842056\n|start\n|switch|p1a: Torkoal|Torkoal, F|100\/100\n|switch|p1b: Hambo|Morpeko, F|100\/100\n|switch|p2a: Samurott|Samurott-Hisui, F|100\/100\n|switch|p2b: Ninetales|Ninetales-Alola, F|100\/100\n|-weather|Snow|[from] ability: Snow Warning|[of] p2b: Ninetales\n|-weather|SunnyDay|[from] ability: Drought|[of] p1a: Torkoal\n|turn|1\n|c|\u2606MarcelinePetrikov|were watching a movie with my gf\n|\n|t:|1699842076\n|move|p2b: Ninetales|Aurora Veil||[still]\n|-fail|p2b: Ninetales\n|move|p1b: Hambo|Aura Wheel|p2a: Samurott\n|-supereffective|p2a: Samurott\n|-damage|p2a: Samurott|4\/100\n|-boost|p1b: Hambo|spe|1\n|move|p2a: Samurott|Blizzard|p1a: Torkoal|[spread] p1a,p1b\n|-resisted|p1a: Torkoal\n|-damage|p1a: Torkoal|88\/100\n|-damage|p1b: Hambo|58\/100\n|move|p1a: Torkoal|Stealth Rock|p2b: Ninetales\n|-sidestart|p2: seabrrr|move: Stealth Rock\n|\n|-weather|SunnyDay|[upkeep]\n|-heal|p2a: Samurott|10\/100|[from] item: Leftovers\n|-formechange|p1b: Hambo|Morpeko-Hangry||[from] ability: Hunger Switch\n|upkeep\n|turn|2\n|\n|t:|1699842096\n|move|p2a: Samurott|Detect|p2a: Samurott\n|-singleturn|p2a: Samurott|Protect\n|move|p1b: Hambo|Aura Wheel|p2a: Samurott\n|-activate|p2a: Samurott|move: Protect\n|move|p2b: Ninetales|Freeze-Dry|p1a: Torkoal\n|-resisted|p1a: Torkoal\n|-damage|p1a: Torkoal|74\/100\n|move|p1a: Torkoal|Weather Ball|p2b: Ninetales\n|-supereffective|p2b: Ninetales\n|-damage|p2b: Ninetales|0 fnt\n|faint|p2b: Ninetales\n|\n|-weather|SunnyDay|[upkeep]\n|-heal|p2a: Samurott|16\/100|[from] item: Leftovers\n|-formechange|p1b: Hambo|Morpeko||[from] ability: Hunger Switch\n|upkeep\n|inactive|seabrrr has 120 seconds left.\n|\n|t:|1699842114\n|switch|p2b: Dragapult|Dragapult, F|100\/100\n|-damage|p2b: Dragapult|88\/100|[from] Stealth Rock\n|turn|3\n|\n|t:|1699842122\n|move|p2a: Samurott|Detect||[still]\n|-fail|p2a: Samurott\n|move|p1b: Hambo|Outrage|p2b: Dragapult\n|-supereffective|p2b: Dragapult\n|-damage|p2b: Dragapult|0 fnt\n|faint|p2b: Dragapult\n|move|p1a: Torkoal|Solar Beam||[still]\n|-prepare|p1a: Torkoal|Solar Beam\n|-anim|p1a: Torkoal|Solar Beam|p2a: Samurott\n|-supereffective|p2a: Samurott\n|-damage|p2a: Samurott|0 fnt\n|faint|p2a: Samurott\n|\n|-weather|SunnyDay|[upkeep]\n|-formechange|p1b: Hambo|Morpeko-Hangry||[from] ability: Hunger Switch\n|upkeep\n|c|\u2606MarcelinePetrikov|not actually a movie\n|c|\u2606seabrrr|dude\n|c|\u2606MarcelinePetrikov|it's actually a adventure time spin off\n|c|\u2606seabrrr|your team i autistic\n|inactive|seabrrr has 120 seconds left.\n|\n|t:|1699842150\n|switch|p2b: Iron Thorns|Iron Thorns|100\/100\n|switch|p2a: Kartana|Kartana|100\/100\n|-damage|p2a: Kartana|94\/100|[from] Stealth Rock\n|-damage|p2b: Iron Thorns|88\/100|[from] Stealth Rock\n|-enditem|p2b: Iron Thorns|Booster Energy\n|-activate|p2b: Iron Thorns|ability: Quark Drive|[fromitem]\n|-start|p2b: Iron Thorns|quarkdriveatk\n|turn|4\n|c|\u2606MarcelinePetrikov|just like me\n|c|\u2606MarcelinePetrikov|:3\n|c|\u2606seabrrr|i can tell\n|c|\u2606MarcelinePetrikov|aww thanks\n|\n|t:|1699842172\n|move|p1b: Hambo|Outrage|p2a: Kartana|[from]lockedmove\n|-resisted|p2a: Kartana\n|-damage|p2a: Kartana|77\/100\n|-start|p1b: Hambo|confusion|[fatigue]\n|move|p2a: Kartana|Knock Off|p1a: Torkoal\n|-damage|p1a: Torkoal|32\/100\n|-enditem|p1a: Torkoal|Heat Rock|[from] move: Knock Off|[of] p2a: Kartana\n|-damage|p2a: Kartana|67\/100|[from] item: Life Orb\n|move|p2b: Iron Thorns|Rock Blast|p1b: Hambo\n|-damage|p1b: Hambo|30\/100\n|-damage|p1b: Hambo|4\/100\n|-damage|p1b: Hambo|0 fnt\n|faint|p1b: Hambo\n|-hitcount|p1: Hambo|3\n|move|p1a: Torkoal|Weather Ball|p2a: Kartana\n|-supereffective|p2a: Kartana\n|-damage|p2a: Kartana|0 fnt\n|faint|p2a: Kartana\n|\n|-weather|SunnyDay|[upkeep]\n|upkeep\n|c|\u2606MarcelinePetrikov|glad you hated it\n|\n|t:|1699842192\n|switch|p2a: Talonflame|Talonflame, F|100\/100\n|switch|p1b: Charcoal|Venusaur, F|100\/100\n|-damage|p2a: Talonflame|51\/100|[from] Stealth Rock\n|turn|5\n|\n|t:|1699842206\n|move|p1b: Charcoal|Solar Beam||[still]\n|-prepare|p1b: Charcoal|Solar Beam\n|-anim|p1b: Charcoal|Solar Beam|p2b: Iron Thorns\n|-supereffective|p2b: Iron Thorns\n|-damage|p2b: Iron Thorns|0 fnt\n|faint|p2b: Iron Thorns\n|-end|p2b: Iron Thorns|Quark Drive|[silent]\n|-damage|p1b: Charcoal|91\/100|[from] item: Life Orb\n|move|p2a: Talonflame|Flare Blitz|p1b: Charcoal\n|-supereffective|p1b: Charcoal\n|-damage|p1b: Charcoal|0 fnt\n|faint|p1b: Charcoal\n|-damage|p2a: Talonflame|21\/100|[from] Recoil\n|move|p1a: Torkoal|Weather Ball|p2a: Talonflame\n|-resisted|p2a: Talonflame\n|-damage|p2a: Talonflame|0 fnt\n|faint|p2a: Talonflame\n|\n|win|MarcelinePetrikov\n|raw|MarcelinePetrikov's rating: 1040 &rarr; <strong>1074<\/strong><br \/>(+34 for winning)\n|raw|seabrrr's rating: 1039 &rarr; <strong>1023<\/strong><br \/>(-16 for losing)\n|c|\u2606MarcelinePetrikov|gg\n|c|\u2606seabrrr|gg\n|l|\u2606seabrrr\n|c|\u2606MarcelinePetrikov|wp\n","uploadtime":1699842227,"views":5,"p1id":"marcelinepetrikov","p2id":"seabrrr","formatid":"gen9nationaldexdoubles","rating":1023,"private":0,"password":""}