{"id":"gen9nationaldexdoubles-1999944522","p1":"imwearingyourCUH","p2":"LightBlade35","format":"[Gen 9] National Dex Doubles","log":"|j|\u2606imwearingyourCUH\n|j|\u2606LightBlade35\n|t:|1701132985\n|gametype|doubles\n|player|p1|imwearingyourCUH|n|1111\n|player|p2|LightBlade35|grimsley|1319\n|teamsize|p1|6\n|teamsize|p2|6\n|gen|9\n|tier|[Gen 9] National Dex Doubles\n|rated|\n|rule|HP Percentage Mod: HP is shown in percentages\n|rule|Endless Battle Clause: Forcing endless battles is banned\n|rule|OHKO Clause: OHKO moves are banned\n|rule|Evasion Moves Clause: Evasion moves are banned\n|rule|Evasion Abilities Clause: Evasion abilities are banned\n|rule|Species Clause: Limit one of each Pok\u00e9mon\n|rule|Gravity Sleep Clause: The combination of sleep-inducing moves with imperfect accuracy and Gravity or Gigantamax Orbeetle are banned\n|clearpoke\n|poke|p1|Oricorio-Pom-Pom, F|\n|poke|p1|Volcarona, M|\n|poke|p1|Walking Wake|\n|poke|p1|Glimmora, M|\n|poke|p1|Baxcalibur, M|\n|poke|p1|Kingambit, M|\n|poke|p2|Metagross|\n|poke|p2|Kommo-o, M|\n|poke|p2|Ninetales-Alola, M|\n|poke|p2|Volcarona, M|\n|poke|p2|Tapu Koko|\n|poke|p2|Iron Jugulis|\n|teampreview\n|\n|t:|1701132998\n|start\n|switch|p1a: Oricorio|Oricorio-Pom-Pom, F, shiny|100\/100\n|switch|p1b: Volcarona|Volcarona, M, shiny|100\/100\n|switch|p2a: Kommo-o|Kommo-o, M, shiny|100\/100\n|switch|p2b: Iron Jugulis|Iron Jugulis|100\/100\n|turn|1\n|\n|t:|1701133010\n|move|p2b: Iron Jugulis|Tailwind|p2b: Iron Jugulis\n|-sidestart|p2: LightBlade35|move: Tailwind\n|move|p2a: Kommo-o|Clangorous Soul|p2a: Kommo-o\n|-boost|p2a: Kommo-o|atk|1\n|-boost|p2a: Kommo-o|def|1\n|-boost|p2a: Kommo-o|spa|1\n|-boost|p2a: Kommo-o|spd|1\n|-boost|p2a: Kommo-o|spe|1\n|-damage|p2a: Kommo-o|68\/100\n|-activate|p1a: Oricorio|ability: Dancer\n|move|p1a: Oricorio|Clangorous Soul|p1a: Oricorio|[from]ability: Dancer\n|-boost|p1a: Oricorio|atk|1\n|-boost|p1a: Oricorio|def|1\n|-boost|p1a: Oricorio|spa|1\n|-boost|p1a: Oricorio|spd|1\n|-boost|p1a: Oricorio|spe|1\n|-damage|p1a: Oricorio|68\/100\n|move|p1a: Oricorio|Quiver Dance|p1a: Oricorio\n|-boost|p1a: Oricorio|spa|1\n|-boost|p1a: Oricorio|spd|1\n|-boost|p1a: Oricorio|spe|1\n|move|p1b: Volcarona|Quiver Dance|p1b: Volcarona\n|-boost|p1b: Volcarona|spa|1\n|-boost|p1b: Volcarona|spd|1\n|-boost|p1b: Volcarona|spe|1\n|-activate|p1a: Oricorio|ability: Dancer\n|move|p1a: Oricorio|Quiver Dance|p1a: Oricorio|[from]ability: Dancer\n|-boost|p1a: Oricorio|spa|1\n|-boost|p1a: Oricorio|spd|1\n|-boost|p1a: Oricorio|spe|1\n|\n|upkeep\n|turn|2\n|inactive|Battle timer is ON: inactive players will automatically lose when time's up. (requested by LightBlade35)\n|\n|t:|1701133060\n|-zpower|p2a: Kommo-o\n|move|p2a: Kommo-o|Clangorous Soulblaze|p1b: Volcarona|[zeffect]|[spread] p1a,p1b\n|-damage|p1a: Oricorio|11\/100\n|-damage|p1b: Volcarona|39\/100\n|-boost|p2a: Kommo-o|atk|1\n|-boost|p2a: Kommo-o|def|1\n|-boost|p2a: Kommo-o|spa|1\n|-boost|p2a: Kommo-o|spd|1\n|-boost|p2a: Kommo-o|spe|1\n|move|p1a: Oricorio|Baton Pass|p1a: Oricorio\n|\n|t:|1701133072\n|switch|p1a: Walking Wake|Walking Wake|100\/100|[from] Baton Pass\n|move|p2b: Iron Jugulis|Hurricane|p1b: Volcarona\n|-supereffective|p1b: Volcarona\n|-damage|p1b: Volcarona|0 fnt\n|faint|p1b: Volcarona\n|-damage|p2b: Iron Jugulis|91\/100|[from] item: Life Orb\n|\n|upkeep\n|inactive|imwearingyourCUH has 120 seconds left.\n|inactive|imwearingyourCUH has 90 seconds left.\n|\n|t:|1701133130\n|switch|p1b: Oricorio|Oricorio-Pom-Pom, F, shiny|11\/100\n|turn|3\n|\n|t:|1701133151\n|-terastallize|p1a: Walking Wake|Water\n|move|p1b: Oricorio|Protect|p1b: Oricorio\n|-singleturn|p1b: Oricorio|Protect\n|move|p2a: Kommo-o|Clanging Scales|p1b: Oricorio|[spread] p1a\n|-activate|p1b: Oricorio|move: Protect\n|-damage|p1a: Walking Wake|64\/100\n|-unboost|p2a: Kommo-o|def|1\n|move|p1a: Walking Wake|Sunny Day|p1a: Walking Wake\n|-weather|SunnyDay\n|-activate|p1a: Walking Wake|ability: Protosynthesis\n|-start|p1a: Walking Wake|protosynthesisspa\n|move|p2b: Iron Jugulis|Hurricane|p1a: Walking Wake|[miss]\n|-miss|p2b: Iron Jugulis|p1a: Walking Wake\n|\n|-weather|SunnyDay|[upkeep]\n|upkeep\n|turn|4\n|\n|t:|1701133180\n|-terastallize|p2b: Iron Jugulis|Dark\n|move|p2a: Kommo-o|Clanging Scales|p1b: Oricorio|[spread] p1a,p1b\n|-damage|p1a: Walking Wake|24\/100\n|-damage|p1b: Oricorio|0 fnt\n|-enditem|p1a: Walking Wake|Salac Berry|[eat]\n|-boost|p1a: Walking Wake|spe|1|[from] item: Salac Berry\n|faint|p1b: Oricorio\n|-unboost|p2a: Kommo-o|def|1\n|move|p1a: Walking Wake|Hydro Steam|p2a: Kommo-o\n|-resisted|p2a: Kommo-o\n|-damage|p2a: Kommo-o|0 fnt\n|faint|p2a: Kommo-o\n|move|p2b: Iron Jugulis|Dark Pulse|p1a: Walking Wake\n|-damage|p1a: Walking Wake|0 fnt\n|faint|p1a: Walking Wake\n|-end|p1a: Walking Wake|Protosynthesis|[silent]\n|-damage|p2b: Iron Jugulis|81\/100|[from] item: Life Orb\n|\n|-weather|SunnyDay|[upkeep]\n|-sideend|p2: LightBlade35|move: Tailwind\n|upkeep\n|\n|t:|1701133206\n|switch|p1a: Glimmora|Glimmora, M, shiny|100\/100\n|switch|p2a: Tapu Koko|Tapu Koko|100\/100\n|switch|p1b: Baxcalibur|Baxcalibur, M, shiny|100\/100\n|-fieldstart|move: Electric Terrain|[from] ability: Electric Surge|[of] p2a: Tapu Koko\n|-activate|p2b: Iron Jugulis|ability: Quark Drive\n|-start|p2b: Iron Jugulis|quarkdrivespa\n|turn|5\n|inactive|LightBlade35 has 120 seconds left.\n|inactive|LightBlade35 has 90 seconds left.\n|inactive|LightBlade35 has 60 seconds left.\n|inactive|LightBlade35 has 30 seconds left.\n|inactive|LightBlade35 has 20 seconds left.\n|inactive|LightBlade35 has 15 seconds left.\n|inactive|LightBlade35 has 10 seconds left.\n|inactive|LightBlade35 has 5 seconds left.\n|-message|LightBlade35 lost due to inactivity.\n|\n|win|imwearingyourCUH\n|raw|imwearingyourCUH's rating: 1111 &rarr; <strong>1149<\/strong><br \/>(+38 for winning)\n|raw|LightBlade35's rating: 1319 &rarr; <strong>1288<\/strong><br \/>(-31 for losing)\n","uploadtime":1701133362,"views":7,"p1id":"imwearingyourcuh","p2id":"lightblade35","formatid":"gen9nationaldexdoubles","rating":1149,"private":0,"password":""}