{"id":"gen9nationaldexdoubles-1948697366","p1":"Golbur","p2":"Raventouch","format":"[Gen 9] National Dex Doubles","log":"|j|\u2606Golbur\n|j|\u2606Raventouch\n|t:|1695293636\n|gametype|doubles\n|player|p1|Golbur|roxie|1076\n|player|p2|Raventouch|silver|1000\n|teamsize|p1|6\n|teamsize|p2|6\n|gen|9\n|tier|[Gen 9] National Dex Doubles\n|rated|\n|rule|HP Percentage Mod: HP is shown in percentages\n|rule|Endless Battle Clause: Forcing endless battles is banned\n|rule|OHKO Clause: OHKO moves are banned\n|rule|Evasion Moves Clause: Evasion moves are banned\n|rule|Evasion Abilities Clause: Evasion abilities are banned\n|rule|Species Clause: Limit one of each Pok\u00e9mon\n|rule|Gravity Sleep Clause: The combination of sleep-inducing moves with imperfect accuracy and Gravity or Gigantamax Orbeetle are banned\n|clearpoke\n|poke|p1|Minior-Orange|\n|poke|p1|Bewear, M|\n|poke|p1|Skarmory, F|\n|poke|p1|Banette, F|\n|poke|p1|Electrode|\n|poke|p1|Maushold-Four|\n|poke|p2|Poliwrath, M|\n|poke|p2|Magcargo, F|\n|poke|p2|Politoed, F|\n|poke|p2|Kecleon, M|\n|poke|p2|Cacturne, M|\n|poke|p2|Altaria, F|\n|teampreview\n|inactive|Battle timer is ON: inactive players will automatically lose when time's up. (requested by Golbur)\n|\n|t:|1695293654\n|start\n|switch|p1a: Ego Orb|Electrode|100\/100\n|switch|p1b: Referee|Skarmory, F|100\/100\n|switch|p2a: Politoed|Politoed, F|100\/100\n|switch|p2b: Cacturne|Cacturne, M|100\/100\n|-weather|RainDance|[from] ability: Drizzle|[of] p2a: Politoed\n|turn|1\n|\n|t:|1695293681\n|move|p1a: Ego Orb|Light Screen|p1a: Ego Orb\n|-sidestart|p1: Golbur|move: Light Screen\n|move|p1b: Referee|Stealth Rock|p2b: Cacturne\n|-sidestart|p2: Raventouch|move: Stealth Rock\n|move|p2a: Politoed|Surf|p1b: Referee|[spread] p1a,p1b\n|-immune|p2b: Cacturne|[from] ability: Water Absorb\n|-damage|p1a: Ego Orb|71\/100\n|-damage|p1b: Referee|76\/100\n|-enditem|p1b: Referee|Red Card|[of] p2a: Politoed\n|drag|p2a: Altaria|Altaria, F, shiny|100\/100\n|-damage|p2a: Altaria|76\/100|[from] Stealth Rock\n|move|p2b: Cacturne|Leech Seed|p1a: Ego Orb|[miss]\n|-miss|p2b: Cacturne|p1a: Ego Orb\n|\n|-weather|RainDance|[upkeep]\n|upkeep\n|turn|2\n|inactive|Raventouch has 120 seconds left.\n|\n|t:|1695293715\n|move|p1a: Ego Orb|Reflect|p1a: Ego Orb\n|-sidestart|p1: Golbur|Reflect\n|move|p2a: Altaria|Draco Meteor|p1b: Referee\n|-resisted|p1b: Referee\n|-damage|p1b: Referee|57\/100\n|-unboost|p2a: Altaria|spa|2\n|move|p1b: Referee|Toxic|p2b: Cacturne\n|-status|p2b: Cacturne|tox\n|move|p2b: Cacturne|Leech Seed|p1a: Ego Orb\n|-start|p1a: Ego Orb|move: Leech Seed\n|\n|-weather|RainDance|[upkeep]\n|-damage|p1a: Ego Orb|59\/100|[from] Leech Seed|[of] p2b: Cacturne\n|-damage|p2b: Cacturne|94\/100 tox|[from] psn\n|upkeep\n|turn|3\n|inactive|Raventouch has 120 seconds left.\n|\n|t:|1695293753\n|move|p1a: Ego Orb|Taunt|p2b: Cacturne\n|-start|p2b: Cacturne|move: Taunt\n|move|p2a: Altaria|Defog|p1a: Ego Orb\n|-unboost|p1a: Ego Orb|evasion|1\n|-sideend|p1: Golbur|Reflect\n|-sideend|p1: Golbur|move: Light Screen\n|-sideend|p2: Raventouch|Stealth Rock|[from] move: Defog|[of] p2a: Altaria\n|move|p1b: Referee|Toxic|p2a: Altaria\n|-status|p2a: Altaria|tox\n|move|p2b: Cacturne|Dark Pulse|p1a: Ego Orb\n|-damage|p1a: Ego Orb|5\/100\n|-damage|p2b: Cacturne|84\/100 tox|[from] item: Life Orb\n|\n|-weather|RainDance|[upkeep]\n|-damage|p1a: Ego Orb|0 fnt|[from] Leech Seed|[of] p2b: Cacturne\n|-heal|p2b: Cacturne|89\/100 tox|[silent]\n|faint|p1a: Ego Orb\n|-damage|p2a: Altaria|70\/100 tox|[from] psn\n|-damage|p2b: Cacturne|77\/100 tox|[from] psn\n|upkeep\n|\n|t:|1695293782\n|switch|p1a: Dunks|Minior-Orange|100\/100\n|-formechange|p1a: Dunks|Minior-Meteor||[from] ability: Shields Down\n|turn|4\n|inactive|Raventouch has 120 seconds left.\n|\n|t:|1695293817\n|-curestatus|p2a: Altaria|tox|[from] ability: Natural Cure\n|switch|p2a: Kecleon|Kecleon, M|100\/100\n|move|p1a: Dunks|Shell Smash|p1a: Dunks\n|-unboost|p1a: Dunks|def|1\n|-unboost|p1a: Dunks|spd|1\n|-boost|p1a: Dunks|atk|2\n|-boost|p1a: Dunks|spa|2\n|-boost|p1a: Dunks|spe|2\n|-enditem|p1a: Dunks|White Herb\n|-clearnegativeboost|p1a: Dunks|[silent]\n|move|p1b: Referee|Stealth Rock|p2a: Kecleon\n|-sidestart|p2: Raventouch|move: Stealth Rock\n|move|p2b: Cacturne|Giga Drain|p1a: Dunks\n|-damage|p1a: Dunks|53\/100\n|-heal|p2b: Cacturne|95\/100 tox|[from] drain|[of] p1a: Dunks\n|-damage|p2b: Cacturne|85\/100 tox|[from] item: Life Orb\n|\n|-weather|RainDance|[upkeep]\n|-damage|p2b: Cacturne|67\/100 tox|[from] psn\n|upkeep\n|turn|5\n|inactive|Raventouch has 120 seconds left.\n|\n|t:|1695293852\n|switch|p1b: Maushold|Maushold-Four|100\/100\n|move|p2a: Kecleon|Fake Out|p1a: Dunks\n|-resisted|p1a: Dunks\n|-damage|p1a: Dunks|43\/100\n|cant|p1a: Dunks|flinch\n|move|p2b: Cacturne|Dark Pulse|p1b: Maushold\n|-damage|p1b: Maushold|50\/100\n|-damage|p2b: Cacturne|57\/100 tox|[from] item: Life Orb\n|\n|-weather|none\n|-heal|p1b: Maushold|56\/100|[from] item: Leftovers\n|-damage|p2b: Cacturne|32\/100 tox|[from] psn\n|-end|p2b: Cacturne|move: Taunt\n|-formechange|p1a: Dunks|Minior-Orange||[from] ability: Shields Down\n|upkeep\n|turn|6\n|inactive|Raventouch has 120 seconds left.\n|\n|t:|1695293882\n|move|p1b: Maushold|Follow Me|p1b: Maushold\n|-singleturn|p1b: Maushold|move: Follow Me\n|move|p2a: Kecleon|Sucker Punch||[still]\n|-fail|p2a: Kecleon\n|move|p1a: Dunks|Acrobatics|p2b: Cacturne\n|-supereffective|p2b: Cacturne\n|-damage|p2b: Cacturne|0 fnt\n|faint|p2b: Cacturne\n|\n|-heal|p1b: Maushold|62\/100|[from] item: Leftovers\n|upkeep\n|\n|t:|1695293896\n|switch|p2b: Politoed|Politoed, F|100\/100\n|-damage|p2b: Politoed|88\/100|[from] Stealth Rock\n|-weather|RainDance|[from] ability: Drizzle|[of] p2b: Politoed\n|turn|7\n|inactive|Raventouch has 120 seconds left.\n|\n|t:|1695293910\n|move|p1a: Dunks|Acrobatics|p2b: Politoed\n|-damage|p2b: Politoed|0 fnt\n|faint|p2b: Politoed\n|move|p1b: Maushold|Population Bomb|p2a: Kecleon\n|-damage|p2a: Kecleon|93\/100\n|-hitcount|p2a: Kecleon|1\n|move|p2a: Kecleon|Power-Up Punch|p1b: Maushold\n|-start|p2a: Kecleon|typechange|Fighting|[from] ability: Protean\n|-supereffective|p1b: Maushold\n|-damage|p1b: Maushold|12\/100\n|-boost|p2a: Kecleon|atk|1\n|\n|-weather|RainDance|[upkeep]\n|-heal|p1b: Maushold|18\/100|[from] item: Leftovers\n|upkeep\n|\n|t:|1695293927\n|switch|p2b: Poliwrath|Poliwrath, M|100\/100\n|-damage|p2b: Poliwrath|94\/100|[from] Stealth Rock\n|turn|8\n|inactive|Raventouch has 120 seconds left.\n|\n|t:|1695293940\n|move|p1b: Maushold|Follow Me|p1b: Maushold\n|-singleturn|p1b: Maushold|move: Follow Me\n|move|p1a: Dunks|Acrobatics|p2b: Poliwrath\n|-supereffective|p2b: Poliwrath\n|-damage|p2b: Poliwrath|0 fnt\n|faint|p2b: Poliwrath\n|move|p2a: Kecleon|Power-Up Punch|p1b: Maushold\n|-supereffective|p1b: Maushold\n|-damage|p1b: Maushold|0 fnt\n|-boost|p2a: Kecleon|atk|1\n|faint|p1b: Maushold\n|\n|-weather|RainDance|[upkeep]\n|upkeep\n|\n|t:|1695293955\n|switch|p1b: Zip it|Banette, F|100\/100\n|switch|p2b: Altaria|Altaria, F, shiny|70\/100\n|-damage|p2b: Altaria|45\/100|[from] Stealth Rock\n|turn|9\n|\n|t:|1695293971\n|detailschange|p1b: Zip it|Banette-Mega, F\n|-mega|p1b: Zip it|Banette|Banettite\n|move|p1b: Zip it|Encore|p2a: Kecleon\n|-start|p2a: Kecleon|Encore\n|move|p2a: Kecleon|Power-Up Punch|p1a: Dunks\n|-damage|p1a: Dunks|0 fnt\n|-boost|p2a: Kecleon|atk|1\n|faint|p1a: Dunks\n|move|p2b: Altaria|Hurricane|p1b: Zip it\n|-crit|p1b: Zip it\n|-damage|p1b: Zip it|19\/100\n|\n|-weather|RainDance|[upkeep]\n|upkeep\n|c|\u2606Golbur|?\n|inactive|Golbur has 120 seconds left.\n|\n|t:|1695294009\n|switch|p1a: Referee|Skarmory, F|57\/100\n|turn|10\n|\n|t:|1695294028\n|detailschange|p2b: Altaria|Altaria-Mega, F, shiny\n|-mega|p2b: Altaria|Altaria|Altarianite\n|move|p1b: Zip it|Disable|p2a: Kecleon\n|-start|p2a: Kecleon|Disable|Power-Up Punch\n|move|p2b: Altaria|Dazzling Gleam|p1b: Zip it|[spread] p1a,p1b\n|-resisted|p1a: Referee\n|-damage|p1a: Referee|39\/100\n|-damage|p1b: Zip it|0 fnt\n|faint|p1b: Zip it\n|move|p1a: Referee|Toxic|p2a: Kecleon\n|-status|p2a: Kecleon|tox\n|cant|p2a: Kecleon|Disable|Power-Up Punch\n|\n|-weather|RainDance|[upkeep]\n|-damage|p2a: Kecleon|87\/100 tox|[from] psn\n|upkeep\n|\n|t:|1695294038\n|switch|p1b: Mr. Sploinky|Bewear, M|100\/100\n|turn|11\n|inactive|Raventouch has 120 seconds left.\n|\n|t:|1695294073\n|-terastallize|p1b: Mr. Sploinky|Dark\n|move|p2b: Altaria|Draco Meteor|p1a: Referee\n|-resisted|p1a: Referee\n|-damage|p1a: Referee|3\/100\n|-unboost|p2b: Altaria|spa|2\n|move|p1b: Mr. Sploinky|Double-Edge|p2b: Altaria\n|-damage|p2b: Altaria|0 fnt\n|faint|p2b: Altaria\n|-damage|p1b: Mr. Sploinky|89\/100|[from] Recoil\n|-activate|p2a: Kecleon|move: Struggle\n|move|p2a: Kecleon|Struggle|p1b: Mr. Sploinky\n|-damage|p1b: Mr. Sploinky|70\/100\n|-damage|p2a: Kecleon|62\/100 tox|[from] recoil\n|move|p1a: Referee|Whirlwind|p2a: Kecleon\n|drag|p2a: Magcargo|Magcargo, F|100\/100\n|-damage|p2a: Magcargo|76\/100|[from] Stealth Rock\n|\n|-weather|none\n|upkeep\n|inactive|Raventouch has 120 seconds left.\n|\n|t:|1695294095\n|switch|p2b: Kecleon|Kecleon, M|62\/100 tox\n|-damage|p2b: Kecleon|49\/100 tox|[from] Stealth Rock\n|turn|12\n|inactive|Raventouch has 120 seconds left.\n|\n|t:|1695294114\n|move|p2b: Kecleon|Fake Out|p1b: Mr. Sploinky\n|-damage|p1b: Mr. Sploinky|61\/100\n|cant|p1b: Mr. Sploinky|flinch\n|move|p1a: Referee|Toxic|p2a: Magcargo|[miss]\n|-miss|p1a: Referee|p2a: Magcargo\n|move|p2a: Magcargo|Overheat|p1a: Referee\n|-supereffective|p1a: Referee\n|-damage|p1a: Referee|0 fnt\n|-unboost|p2a: Magcargo|spa|2\n|faint|p1a: Referee\n|\n|-damage|p2b: Kecleon|43\/100 tox|[from] psn\n|upkeep\n|turn|13\n|inactive|Raventouch has 120 seconds left.\n|\n|t:|1695294135\n|move|p1b: Mr. Sploinky|Drain Punch|p2a: Magcargo\n|-supereffective|p2a: Magcargo\n|-damage|p2a: Magcargo|0 fnt\n|-heal|p1b: Mr. Sploinky|86\/100|[from] drain|[of] p2a: Magcargo\n|faint|p2a: Magcargo\n|move|p2b: Kecleon|Power-Up Punch|p1b: Mr. Sploinky\n|-start|p2b: Kecleon|typechange|Fighting|[from] ability: Protean\n|-supereffective|p1b: Mr. Sploinky\n|-enditem|p1b: Mr. Sploinky|Chople Berry|[eat]\n|-enditem|p1b: Mr. Sploinky|Chople Berry|[weaken]\n|-damage|p1b: Mr. Sploinky|77\/100\n|-boost|p2b: Kecleon|atk|1\n|\n|-damage|p2b: Kecleon|31\/100 tox|[from] psn\n|upkeep\n|turn|14\n|\n|t:|1695294156\n|move|p2b: Kecleon|Sucker Punch|p1b: Mr. Sploinky\n|-resisted|p1b: Mr. Sploinky\n|-damage|p1b: Mr. Sploinky|68\/100\n|move|p1b: Mr. Sploinky|Drain Punch|p2b: Kecleon\n|-damage|p2b: Kecleon|0 fnt\n|-heal|p1b: Mr. Sploinky|81\/100|[from] drain|[of] p2b: Kecleon\n|faint|p2b: Kecleon\n|\n|win|Golbur\n|raw|Golbur's rating: 1076 &rarr; <strong>1098<\/strong><br \/>(+22 for winning)\n|raw|Raventouch's rating: 1000 &rarr; <strong>1000<\/strong><br \/>(+0 for losing)\n|c|\u2606Golbur|Gg\n|c|\u2606Golbur|wp\n|l|\u2606Raventouch\n","uploadtime":1695294171,"views":8,"p1id":"golbur","p2id":"raventouch","formatid":"gen9nationaldexdoubles","rating":1000,"private":0,"password":""}