{"id":"gen9nationaldexdoubles-1989370097","p1":"MarcusTalks","p2":"decidoustree","format":"[Gen 9] National Dex Doubles","log":"|j|\u2606MarcusTalks\n|j|\u2606decidoustree\n|t:|1699841777\n|gametype|doubles\n|player|p1|MarcusTalks|steven|\n|player|p2|decidoustree|cheren-gen5bw2|\n|teamsize|p1|6\n|teamsize|p2|6\n|gen|9\n|tier|[Gen 9] National Dex Doubles\n|rule|HP Percentage Mod: HP is shown in percentages\n|rule|Endless Battle Clause: Forcing endless battles is banned\n|rule|OHKO Clause: OHKO moves are banned\n|rule|Evasion Moves Clause: Evasion moves are banned\n|rule|Evasion Abilities Clause: Evasion abilities are banned\n|rule|Species Clause: Limit one of each Pok\u00e9mon\n|rule|Gravity Sleep Clause: The combination of sleep-inducing moves with imperfect accuracy and Gravity or Gigantamax Orbeetle are banned\n|clearpoke\n|poke|p1|Oricorio-Pom-Pom, F|\n|poke|p1|Iron Moth|\n|poke|p1|Pincurchin, M|\n|poke|p1|Ribombee, F|\n|poke|p1|Iron Bundle|\n|poke|p1|Iron Hands|\n|poke|p2|Indeedee-F, F|\n|poke|p2|Scolipede, M|\n|poke|p2|Audino, F|\n|poke|p2|Garbodor, M|\n|poke|p2|Aegislash, M|\n|poke|p2|Krookodile, M|\n|teampreview\n|c|\u2606MarcusTalks|glhf\n|\n|t:|1699841788\n|start\n|switch|p1a: Pincurchin|Pincurchin, M, shiny|100\/100\n|switch|p1b: Iron Hands|Iron Hands|100\/100\n|switch|p2a: Amide|Indeedee-F, F|100\/100\n|switch|p2b: Acidic Chloride|Scolipede, M|100\/100\n|-fieldstart|move: Psychic Terrain|[from] ability: Psychic Surge|[of] p2a: Amide\n|-fieldstart|move: Electric Terrain|[from] ability: Electric Surge|[of] p1a: Pincurchin\n|-activate|p1b: Iron Hands|ability: Quark Drive\n|-start|p1b: Iron Hands|quarkdriveatk\n|turn|1\n|c|\u2606decidoustree|you too\n|\n|t:|1699841821\n|-terastallize|p2a: Amide|Psychic\n|move|p1b: Iron Hands|Fake Out|p2b: Acidic Chloride\n|-damage|p2b: Acidic Chloride|72\/100\n|cant|p2b: Acidic Chloride|flinch\n|move|p2a: Amide|Expanding Force|p1b: Iron Hands\n|-supereffective|p1b: Iron Hands\n|-damage|p1b: Iron Hands|32\/100\n|move|p1a: Pincurchin|Rising Voltage|p2b: Acidic Chloride\n|-hint|Rising Voltage's BP doubled on grounded target.\n|-damage|p2b: Acidic Chloride|0 fnt\n|faint|p2b: Acidic Chloride\n|\n|upkeep\n|c|\u2606decidoustree|hmm\n|inactive|Battle timer is ON: inactive players will automatically lose when time's up. (requested by MarcusTalks)\n|\n|t:|1699841875\n|switch|p2b: Starbucks\ud83e\udd2e\ud83e\udd2e|Garbodor, M|100\/100\n|turn|2\n|inactive|MarcusTalks has 270 seconds left.\n|\n|t:|1699841909\n|-end|p1b: Iron Hands|Quark Drive|[silent]\n|switch|p1b: Ribombee|Ribombee, F, shiny|100\/100\n|move|p2a: Amide|Expanding Force|p1b: Ribombee\n|-damage|p1b: Ribombee|1\/100\n|move|p2b: Starbucks\ud83e\udd2e\ud83e\udd2e|Rock Blast|p1a: Pincurchin\n|-damage|p1a: Pincurchin|95\/100\n|-damage|p1a: Pincurchin|91\/100\n|-damage|p1a: Pincurchin|86\/100\n|-damage|p1a: Pincurchin|81\/100\n|-damage|p1a: Pincurchin|76\/100\n|-hitcount|p1a: Pincurchin|5\n|cant|p1a: Pincurchin|flinch\n|\n|upkeep\n|turn|3\n|inactive|MarcusTalks has 270 seconds left.\n|\n|t:|1699841940\n|switch|p1a: Oricorio|Oricorio-Pom-Pom, F, shiny|100\/100\n|move|p1b: Ribombee|Quiver Dance|p1b: Ribombee\n|-boost|p1b: Ribombee|spa|1\n|-boost|p1b: Ribombee|spd|1\n|-boost|p1b: Ribombee|spe|1\n|-activate|p1a: Oricorio|ability: Dancer\n|move|p1a: Oricorio|Quiver Dance|p1a: Oricorio|[from]ability: Dancer\n|-boost|p1a: Oricorio|spa|1\n|-boost|p1a: Oricorio|spd|1\n|-boost|p1a: Oricorio|spe|1\n|move|p2a: Amide|Expanding Force|p1b: Ribombee\n|-damage|p1b: Ribombee|0 fnt\n|faint|p1b: Ribombee\n|move|p2b: Starbucks\ud83e\udd2e\ud83e\udd2e|Rock Blast|p1a: Oricorio\n|-supereffective|p1a: Oricorio\n|-damage|p1a: Oricorio|82\/100\n|-supereffective|p1a: Oricorio\n|-damage|p1a: Oricorio|64\/100\n|-supereffective|p1a: Oricorio\n|-crit|p1a: Oricorio\n|-damage|p1a: Oricorio|39\/100\n|-supereffective|p1a: Oricorio\n|-damage|p1a: Oricorio|21\/100\n|-hitcount|p1a: Oricorio|4\n|\n|-heal|p1a: Oricorio|27\/100|[from] item: Leftovers\n|upkeep\n|\n|t:|1699841963\n|switch|p1b: Iron Moth|Iron Moth|100\/100\n|-activate|p1b: Iron Moth|ability: Quark Drive\n|-start|p1b: Iron Moth|quarkdrivespa\n|-item|p1b: Iron Moth|Air Balloon\n|turn|4\n|inactive|MarcusTalks has 270 seconds left.\n|inactive|decidoustree has 270 seconds left.\n|\n|t:|1699841997\n|move|p1a: Oricorio|Protect|p1a: Oricorio\n|-singleturn|p1a: Oricorio|Protect\n|move|p1b: Iron Moth|Fiery Dance|p2a: Amide\n|-damage|p2a: Amide|60\/100\n|-boost|p1b: Iron Moth|spa|1\n|-activate|p1a: Oricorio|ability: Dancer\n|move|p1a: Oricorio|Fiery Dance|p2a: Amide|[from]ability: Dancer\n|-damage|p2a: Amide|31\/100\n|move|p2a: Amide|Expanding Force|p1a: Oricorio\n|-activate|p1a: Oricorio|move: Protect\n|move|p2b: Starbucks\ud83e\udd2e\ud83e\udd2e|Rock Blast|p1a: Oricorio\n|-activate|p1a: Oricorio|move: Protect\n|\n|-heal|p1a: Oricorio|33\/100|[from] item: Leftovers\n|upkeep\n|turn|5\n|inactive|decidoustree has 270 seconds left.\n|\n|t:|1699842030\n|move|p1a: Oricorio|Air Slash|p2b: Starbucks\ud83e\udd2e\ud83e\udd2e\n|-damage|p2b: Starbucks\ud83e\udd2e\ud83e\udd2e|58\/100\n|move|p1b: Iron Moth|Fiery Dance|p2a: Amide\n|-damage|p2a: Amide|0 fnt\n|faint|p2a: Amide\n|-activate|p1a: Oricorio|ability: Dancer\n|move|p1a: Oricorio|Fiery Dance|p2b: Starbucks\ud83e\udd2e\ud83e\udd2e|[from]ability: Dancer\n|-damage|p2b: Starbucks\ud83e\udd2e\ud83e\udd2e|27\/100\n|-boost|p1a: Oricorio|spa|1\n|move|p2b: Starbucks\ud83e\udd2e\ud83e\udd2e|Rock Blast|p1a: Oricorio\n|-supereffective|p1a: Oricorio\n|-damage|p1a: Oricorio|17\/100\n|-supereffective|p1a: Oricorio\n|-damage|p1a: Oricorio|0 fnt\n|faint|p1a: Oricorio\n|-hitcount|p1: Oricorio|2\n|\n|upkeep\n|c|\u2606MarcusTalks|crap it didn't flinch\n|inactive|decidoustree has 270 seconds left.\n|\n|t:|1699842055\n|switch|p1a: Iron Bundle|Iron Bundle|100\/100\n|switch|p2a: Amine|Audino, F|100\/100\n|-activate|p1a: Iron Bundle|ability: Quark Drive\n|-start|p1a: Iron Bundle|quarkdrivespe\n|turn|6\n|\n|t:|1699842080\n|detailschange|p2a: Amine|Audino-Mega, F\n|-mega|p2a: Amine|Audino|Audinite\n|move|p1a: Iron Bundle|Flip Turn|p2b: Starbucks\ud83e\udd2e\ud83e\udd2e\n|-damage|p2b: Starbucks\ud83e\udd2e\ud83e\udd2e|13\/100\n|\n|t:|1699842084\n|-end|p1a: Iron Bundle|Quark Drive|[silent]\n|switch|p1a: Iron Hands|Iron Hands|32\/100|[from] Flip Turn\n|-activate|p1a: Iron Hands|ability: Quark Drive\n|-start|p1a: Iron Hands|quarkdriveatk\n|move|p1b: Iron Moth|Fiery Dance|p2b: Starbucks\ud83e\udd2e\ud83e\udd2e\n|-damage|p2b: Starbucks\ud83e\udd2e\ud83e\udd2e|0 fnt\n|-boost|p1b: Iron Moth|spa|1\n|faint|p2b: Starbucks\ud83e\udd2e\ud83e\udd2e\n|move|p2a: Amine|Trick Room|p2a: Amine\n|-fieldstart|move: Trick Room|[of] p2a: Amine\n|\n|upkeep\n|\n|t:|1699842096\n|switch|p2b: Eye Sword|Aegislash, M|100\/100\n|turn|7\n|\n|t:|1699842122\n|move|p2b: Eye Sword|King's Shield|p2b: Eye Sword\n|-singleturn|p2b: Eye Sword|Protect\n|move|p2a: Amine|Draining Kiss|p1a: Iron Hands\n|-supereffective|p1a: Iron Hands\n|-damage|p1a: Iron Hands|14\/100\n|move|p1a: Iron Hands|Earthquake|p2a: Amine|[spread] p2a\n|-activate|p2b: Eye Sword|move: Protect\n|-immune|p1b: Iron Moth\n|-damage|p2a: Amine|73\/100\n|move|p1b: Iron Moth|Fiery Dance|p2b: Eye Sword\n|-activate|p2b: Eye Sword|move: Protect\n|\n|upkeep\n|turn|8\n|\n|t:|1699842150\n|switch|p2b: Kroko|Krookodile, M|100\/100\n|move|p2a: Amine|Draining Kiss|p1a: Iron Hands\n|-supereffective|p1a: Iron Hands\n|-damage|p1a: Iron Hands|0 fnt\n|-heal|p2a: Amine|87\/100|[from] drain|[of] p1a: Iron Hands\n|faint|p1a: Iron Hands\n|-end|p1a: Iron Hands|Quark Drive|[silent]\n|move|p1b: Iron Moth|Fiery Dance|p2b: Kroko\n|-crit|p2b: Kroko\n|-damage|p2b: Kroko|0 fnt\n|faint|p2b: Kroko\n|\n|-fieldend|move: Electric Terrain\n|-end|p1b: Iron Moth|Quark Drive\n|upkeep\n|\n|t:|1699842162\n|switch|p1a: Pincurchin|Pincurchin, M, shiny|76\/100\n|switch|p2b: Eye Sword|Aegislash, M|100\/100\n|-fieldstart|move: Electric Terrain|[from] ability: Electric Surge|[of] p1a: Pincurchin\n|-activate|p1b: Iron Moth|ability: Quark Drive\n|-start|p1b: Iron Moth|quarkdrivespa\n|turn|9\n|\n|t:|1699842186\n|move|p2a: Amine|Helping Hand|p2b: Eye Sword\n|-singleturn|p2b: Eye Sword|Helping Hand|[of] p2a: Amine\n|move|p1a: Pincurchin|Thunder Wave|p2b: Eye Sword\n|-status|p2b: Eye Sword|par\n|-formechange|p2b: Eye Sword|Aegislash-Blade||[from] ability: Stance Change\n|move|p2b: Eye Sword|Iron Head|p1b: Iron Moth\n|-resisted|p1b: Iron Moth\n|-damage|p1b: Iron Moth|39\/100\n|-enditem|p1b: Iron Moth|Air Balloon\n|cant|p1b: Iron Moth|flinch\n|\n|-activate|p2a: Amine|ability: Healer\n|-curestatus|p2b: Eye Sword|par|[msg]\n|upkeep\n|turn|10\n|\n|t:|1699842214\n|move|p2a: Amine|Helping Hand|p2b: Eye Sword\n|-singleturn|p2b: Eye Sword|Helping Hand|[of] p2a: Amine\n|move|p1a: Pincurchin|Rising Voltage|p2a: Amine\n|-hint|Rising Voltage's BP doubled on grounded target.\n|-damage|p2a: Amine|53\/100\n|move|p2b: Eye Sword|Iron Head|p1b: Iron Moth\n|-resisted|p1b: Iron Moth\n|-damage|p1b: Iron Moth|0 fnt\n|faint|p1b: Iron Moth\n|-end|p1b: Iron Moth|Quark Drive|[silent]\n|\n|-fieldend|move: Trick Room\n|upkeep\n|\n|t:|1699842223\n|switch|p1b: Iron Bundle|Iron Bundle|100\/100\n|-activate|p1b: Iron Bundle|ability: Quark Drive\n|-start|p1b: Iron Bundle|quarkdrivespe\n|turn|11\n|\n|t:|1699842241\n|-terastallize|p1b: Iron Bundle|Steel\n|-formechange|p2b: Eye Sword|Aegislash||[from] ability: Stance Change\n|move|p2b: Eye Sword|King's Shield|p2b: Eye Sword\n|-singleturn|p2b: Eye Sword|Protect\n|move|p1b: Iron Bundle|Tera Blast|p2a: Amine|[anim] Tera Blast Steel\n|-supereffective|p2a: Amine\n|-damage|p2a: Amine|0 fnt\n|faint|p2a: Amine\n|move|p1a: Pincurchin|Rising Voltage|p2b: Eye Sword\n|-activate|p2b: Eye Sword|move: Protect\n|\n|upkeep\n|turn|12\n|\n|t:|1699842257\n|move|p1b: Iron Bundle|Tera Blast|p2b: Eye Sword|[anim] Tera Blast Steel\n|-resisted|p2b: Eye Sword\n|-damage|p2b: Eye Sword|72\/100\n|move|p2b: Eye Sword|Swords Dance|p2b: Eye Sword\n|-boost|p2b: Eye Sword|atk|2\n|move|p1a: Pincurchin|Rising Voltage|p2b: Eye Sword\n|-hint|Rising Voltage's BP doubled on grounded target.\n|-damage|p2b: Eye Sword|19\/100\n|\n|upkeep\n|turn|13\n|c|\u2606MarcusTalks|gg\n|\n|t:|1699842274\n|move|p1b: Iron Bundle|Tera Blast|p2b: Eye Sword|[anim] Tera Blast Steel\n|-resisted|p2b: Eye Sword\n|-damage|p2b: Eye Sword|0 fnt\n|faint|p2b: Eye Sword\n|\n|win|MarcusTalks\n|c|\u2606decidoustree|gg!\n|c|\u2606MarcusTalks|I had to work hard and get lucky\n|c|\u2606decidoustree|hmm...\n|c|\u2606MarcusTalks|so incredibly close\n|l|\u2606MarcusTalks\n","uploadtime":1699842283,"views":27,"p1id":"marcustalks","p2id":"decidoustree","formatid":"gen9nationaldexdoubles","rating":0,"private":0,"password":""}