{"id":"gen9nationaldexdoubles-1952638719","p1":"Theonlykev","p2":"kitty teve","format":"[Gen 9] National Dex Doubles","log":"|j|\u2606Theonlykev\n|j|\u2606kitty teve\n|t:|1695707782\n|gametype|doubles\n|player|p1|Theonlykev|ltsurge|1325\n|player|p2|kitty teve|iris-gen5bw2|1630\n|teamsize|p1|6\n|teamsize|p2|6\n|gen|9\n|tier|[Gen 9] National Dex Doubles\n|rated|\n|rule|HP Percentage Mod: HP is shown in percentages\n|rule|Endless Battle Clause: Forcing endless battles is banned\n|rule|OHKO Clause: OHKO moves are banned\n|rule|Evasion Moves Clause: Evasion moves are banned\n|rule|Evasion Abilities Clause: Evasion abilities are banned\n|rule|Species Clause: Limit one of each Pok\u00e9mon\n|rule|Gravity Sleep Clause: The combination of sleep-inducing moves with imperfect accuracy and Gravity or Gigantamax Orbeetle are banned\n|clearpoke\n|poke|p1|Landorus-Therian, M|\n|poke|p1|Tornadus, M|\n|poke|p1|Enamorus-Therian, F|\n|poke|p1|Thundurus, M|\n|poke|p1|Ogerpon-Hearthflame, F|\n|poke|p1|Palafin, M|\n|poke|p2|Flutter Mane|\n|poke|p2|Ogerpon-Wellspring, F|\n|poke|p2|Incineroar, F|\n|poke|p2|Salamence, F|\n|poke|p2|Ursaluna-Bloodmoon, M|\n|poke|p2|Jirachi|\n|teampreview\n|inactive|Battle timer is ON: inactive players will automatically lose when time's up. (requested by kitty teve)\n|\n|t:|1695707804\n|start\n|switch|p1a: Tornadus|Tornadus, M|100\/100\n|switch|p1b: Thundurus|Thundurus, M|100\/100\n|switch|p2a: Salamence|Salamence, F|100\/100\n|switch|p2b: Flutter Mane|Flutter Mane|100\/100\n|-ability|p2a: Salamence|Intimidate|boost\n|-unboost|p1a: Tornadus|atk|1\n|-unboost|p1b: Thundurus|atk|1\n|-enditem|p2b: Flutter Mane|Booster Energy\n|-activate|p2b: Flutter Mane|ability: Protosynthesis|[fromitem]\n|-start|p2b: Flutter Mane|protosynthesisspe\n|turn|1\n|\n|t:|1695707819\n|detailschange|p2a: Salamence|Salamence-Mega, F\n|-mega|p2a: Salamence|Salamence|Salamencite\n|move|p1a: Tornadus|Tailwind|p1a: Tornadus\n|-sidestart|p1: Theonlykev|move: Tailwind\n|move|p1b: Thundurus|Thunder Wave|p2b: Flutter Mane\n|-status|p2b: Flutter Mane|par\n|move|p2a: Salamence|Tailwind|p2a: Salamence\n|-sidestart|p2: kitty teve|move: Tailwind\n|cant|p2b: Flutter Mane|par\n|\n|upkeep\n|turn|2\n|\n|t:|1695707838\n|switch|p2a: lost kitty's|Incineroar, F, shiny|100\/100\n|-ability|p2a: lost kitty's|Intimidate|boost\n|-unboost|p1a: Tornadus|atk|1\n|-unboost|p1b: Thundurus|atk|1\n|move|p1b: Thundurus|Thunder Wave|p2a: lost kitty's\n|-hint|Since gen 7, Dark is immune to Prankster moves.\n|-immune|p2a: lost kitty's\n|move|p1a: Tornadus|Bleakwind Storm|p2b: Flutter Mane|[spread] p2a,p2b\n|-damage|p2a: lost kitty's|67\/100\n|-damage|p2b: Flutter Mane|70\/100 par\n|-unboost|p2a: lost kitty's|spe|1\n|move|p2b: Flutter Mane|Dazzling Gleam|p1b: Thundurus|[spread] p1a,p1b\n|-damage|p1a: Tornadus|60\/100\n|-damage|p1b: Thundurus|59\/100\n|\n|upkeep\n|turn|3\n|\n|t:|1695707862\n|move|p2a: lost kitty's|Fake Out|p1a: Tornadus\n|-damage|p1a: Tornadus|44\/100\n|cant|p1a: Tornadus|flinch\n|move|p1b: Thundurus|Dark Pulse|p2b: Flutter Mane\n|-damage|p2b: Flutter Mane|45\/100 par\n|cant|p2b: Flutter Mane|flinch\n|\n|upkeep\n|turn|4\n|\n|t:|1695707876\n|move|p1a: Tornadus|Bleakwind Storm|p2b: Flutter Mane|[spread] p2a\n|-miss|p1a: Tornadus|p2b: Flutter Mane\n|-damage|p2a: lost kitty's|38\/100\n|-unboost|p2a: lost kitty's|spe|1\n|-enditem|p2a: lost kitty's|Sitrus Berry|[eat]\n|-heal|p2a: lost kitty's|63\/100|[from] item: Sitrus Berry\n|move|p1b: Thundurus|Wildbolt Storm|p2a: lost kitty's|[spread] p2a\n|-miss|p1b: Thundurus|p2b: Flutter Mane\n|-damage|p2a: lost kitty's|29\/100\n|move|p2b: Flutter Mane|Dazzling Gleam|p1a: Tornadus|[spread] p1a,p1b\n|-damage|p1a: Tornadus|2\/100\n|-damage|p1b: Thundurus|18\/100\n|move|p2a: lost kitty's|Snarl|p1b: Thundurus|[spread] p1a,p1b\n|-crit|p1a: Tornadus\n|-damage|p1a: Tornadus|0 fnt\n|-damage|p1b: Thundurus|3\/100\n|faint|p1a: Tornadus\n|\n|-sideend|p1: Theonlykev|move: Tailwind\n|-sideend|p2: kitty teve|move: Tailwind\n|upkeep\n|\n|t:|1695707898\n|switch|p1a: Landorus|Landorus-Therian, M|100\/100\n|-ability|p1a: Landorus|Intimidate|boost\n|-unboost|p2a: lost kitty's|atk|1\n|-unboost|p2b: Flutter Mane|atk|1\n|turn|5\n|\n|t:|1695707911\n|switch|p2a: Ursaluna|Ursaluna-Bloodmoon, M|100\/100\n|move|p1b: Thundurus|Wildbolt Storm|p2b: Flutter Mane|[spread] p2b\n|-immune|p2a: Ursaluna\n|-damage|p2b: Flutter Mane|10\/100 par\n|move|p2b: Flutter Mane|Dazzling Gleam|p1a: Landorus|[spread] p1a,p1b\n|-damage|p1a: Landorus|80\/100\n|-damage|p1b: Thundurus|0 fnt\n|faint|p1b: Thundurus\n|move|p1a: Landorus|Earthquake|p2b: Flutter Mane|[spread] p2a,p2b\n|-damage|p2a: Ursaluna|71\/100\n|-damage|p2b: Flutter Mane|0 fnt\n|faint|p2b: Flutter Mane\n|-end|p2b: Flutter Mane|Protosynthesis|[silent]\n|\n|upkeep\n|\n|t:|1695707936\n|switch|p2b: Jirachi|Jirachi|100\/100\n|switch|p1b: Palafin|Palafin, M|100\/100\n|turn|6\n|\n|t:|1695707952\n|-terastallize|p2a: Ursaluna|Normal\n|move|p1b: Palafin|Flip Turn|p2a: Ursaluna\n|-damage|p2a: Ursaluna|54\/100\n|\n|t:|1695707958\n|detailschange|p1b: Palafin|Palafin-Hero, M\n|switch|p1b: Enamorus|Enamorus-Therian, F|100\/100|[from] Flip Turn\n|move|p1a: Landorus|U-turn|p2b: Jirachi\n|-damage|p2b: Jirachi|79\/100\n|\n|t:|1695707969\n|switch|p1a: Palafin|Palafin-Hero, M|100\/100|[from] U-turn\n|-activate|p1a: Palafin|ability: Zero to Hero\n|move|p2a: Ursaluna|Blood Moon|p1a: Palafin\n|-damage|p1a: Palafin|3\/100\n|move|p2b: Jirachi|Trick Room|p2b: Jirachi\n|-fieldstart|move: Trick Room|[of] p2b: Jirachi\n|\n|upkeep\n|turn|7\n|\n|t:|1695707983\n|move|p1b: Enamorus|Protect|p1b: Enamorus\n|-singleturn|p1b: Enamorus|Protect\n|move|p2b: Jirachi|Follow Me|p2b: Jirachi\n|-singleturn|p2b: Jirachi|move: Follow Me\n|move|p1a: Palafin|Jet Punch|p2b: Jirachi\n|-damage|p2b: Jirachi|42\/100\n|move|p2a: Ursaluna|Hyper Voice|p1b: Enamorus|[spread] p1a\n|-activate|p1b: Enamorus|move: Protect\n|-damage|p1a: Palafin|0 fnt\n|faint|p1a: Palafin\n|\n|upkeep\n|\n|t:|1695707997\n|switch|p1a: Landorus|Landorus-Therian, M|80\/100\n|-ability|p1a: Landorus|Intimidate|boost\n|-unboost|p2a: Ursaluna|atk|1\n|-unboost|p2b: Jirachi|atk|1\n|turn|8\n|\n|t:|1695708007\n|move|p2b: Jirachi|Helping Hand|p2a: Ursaluna\n|-singleturn|p2a: Ursaluna|Helping Hand|[of] p2b: Jirachi\n|move|p2a: Ursaluna|Hyper Voice|p1b: Enamorus|[spread] p1a,p1b\n|-crit|p1a: Landorus\n|-damage|p1a: Landorus|3\/100\n|-damage|p1b: Enamorus|32\/100\n|move|p1b: Enamorus|Springtide Storm|p2a: Ursaluna|[spread] p2b\n|-miss|p1b: Enamorus|p2a: Ursaluna\n|-resisted|p2b: Jirachi\n|-damage|p2b: Jirachi|27\/100\n|-unboost|p2b: Jirachi|atk|1\n|move|p1a: Landorus|Earthquake|p2a: Ursaluna|[spread] p2a,p2b\n|-immune|p1b: Enamorus\n|-supereffective|p2b: Jirachi\n|-damage|p2a: Ursaluna|24\/100\n|-damage|p2b: Jirachi|0 fnt\n|faint|p2b: Jirachi\n|\n|-heal|p1b: Enamorus|38\/100|[from] item: Leftovers\n|upkeep\n|\n|t:|1695708024\n|switch|p2b: lost kitty's|Incineroar, F, shiny|29\/100\n|-ability|p2b: lost kitty's|Intimidate|boost\n|-unboost|p1a: Landorus|atk|1\n|-unboost|p1b: Enamorus|atk|1\n|turn|9\n|\n|t:|1695708037\n|move|p1b: Enamorus|Protect|p1b: Enamorus\n|-singleturn|p1b: Enamorus|Protect\n|move|p2a: Ursaluna|Hyper Voice|p1a: Landorus|[spread] p1a\n|-activate|p1b: Enamorus|move: Protect\n|-damage|p1a: Landorus|0 fnt\n|faint|p1a: Landorus\n|move|p2b: lost kitty's|Flare Blitz|p1b: Enamorus\n|-activate|p1b: Enamorus|move: Protect\n|\n|-heal|p1b: Enamorus|44\/100|[from] item: Leftovers\n|upkeep\n|\n|t:|1695708049\n|switch|p1a: Ogerpon|Ogerpon-Hearthflame, F|100\/100\n|-ability|p1a: Ogerpon|Mold Breaker\n|turn|10\n|\n|t:|1695708061\n|-terastallize|p1a: Ogerpon|Fire\n|detailschange|p1a: Ogerpon|Ogerpon-Hearthflame-Tera, F, tera:Fire\n|-ability|p1a: Ogerpon|Embody Aspect (Hearthflame)|boost\n|-boost|p1a: Ogerpon|atk|1\n|move|p1a: Ogerpon|Spiky Shield|p1a: Ogerpon\n|-singleturn|p1a: Ogerpon|move: Protect\n|move|p2a: Ursaluna|Blood Moon|p1a: Ogerpon\n|-activate|p1a: Ogerpon|move: Protect\n|move|p1b: Enamorus|Springtide Storm|p2a: Ursaluna|[spread] p2a,p2b\n|-crit|p2b: lost kitty's\n|-damage|p2a: Ursaluna|0 fnt\n|-damage|p2b: lost kitty's|0 fnt\n|faint|p2a: Ursaluna\n|faint|p2b: lost kitty's\n|\n|-heal|p1b: Enamorus|50\/100|[from] item: Leftovers\n|-fieldend|move: Trick Room\n|upkeep\n|\n|t:|1695708073\n|switch|p2b: Salamence|Salamence-Mega, F|100\/100\n|switch|p2a: Ogerpon|Ogerpon-Wellspring, F|100\/100\n|turn|11\n|\n|t:|1695708089\n|move|p1a: Ogerpon|Horn Leech|p2a: Ogerpon\n|-crit|p2a: Ogerpon\n|-damage|p2a: Ogerpon|0 fnt\n|faint|p2a: Ogerpon\n|move|p2b: Salamence|Tailwind|p2b: Salamence\n|-sidestart|p2: kitty teve|move: Tailwind\n|move|p1b: Enamorus|Springtide Storm|p2b: Salamence\n|-supereffective|p2b: Salamence\n|-damage|p2b: Salamence|5\/100\n|\n|-heal|p1b: Enamorus|57\/100|[from] item: Leftovers\n|upkeep\n|turn|12\n|\n|t:|1695708104\n|move|p2b: Salamence|Hyper Voice|p1b: Enamorus|[spread] p1a,p1b\n|-damage|p1a: Ogerpon|61\/100\n|-damage|p1b: Enamorus|21\/100\n|move|p1a: Ogerpon|Ivy Cudgel|p2b: Salamence\n|-resisted|p2b: Salamence\n|-damage|p2b: Salamence|0 fnt\n|faint|p2b: Salamence\n|\n|win|Theonlykev\n|raw|Theonlykev's rating: 1325 &rarr; <strong>1359<\/strong><br \/>(+34 for winning)\n|raw|kitty teve's rating: 1630 &rarr; <strong>1596<\/strong><br \/>(-34 for losing)\n|c|\u2606Theonlykev|Gg\n|l|\u2606kitty teve\n","uploadtime":1695708119,"views":19,"p1id":"theonlykev","p2id":"kittyteve","formatid":"gen9nationaldexdoubles","rating":1359,"private":0,"password":""}