{"id":"gen9nationaldexdoubles-1955904758","p1":"Christheboss90","p2":"Champion's Melody","format":"[Gen 9] National Dex Doubles","log":"|j|\u2606Christheboss90\n|j|\u2606Champion's Melody\n|t:|1696040761\n|gametype|doubles\n|player|p1|Christheboss90|red|1018\n|player|p2|Champion's Melody|skyla|1167\n|teamsize|p1|6\n|teamsize|p2|6\n|gen|9\n|tier|[Gen 9] National Dex Doubles\n|rated|\n|rule|HP Percentage Mod: HP is shown in percentages\n|rule|Endless Battle Clause: Forcing endless battles is banned\n|rule|OHKO Clause: OHKO moves are banned\n|rule|Evasion Moves Clause: Evasion moves are banned\n|rule|Evasion Abilities Clause: Evasion abilities are banned\n|rule|Species Clause: Limit one of each Pok\u00e9mon\n|rule|Gravity Sleep Clause: The combination of sleep-inducing moves with imperfect accuracy and Gravity or Gigantamax Orbeetle are banned\n|clearpoke\n|poke|p1|Victini|\n|poke|p1|Malamar, F|\n|poke|p1|Whimsicott, M|\n|poke|p1|Amoonguss, M|\n|poke|p1|Zarude|\n|poke|p1|Kyurem-Black|\n|poke|p2|Fezandipiti, M|\n|poke|p2|Basculegion, M|\n|poke|p2|Torterra, M|\n|poke|p2|Empoleon, F|\n|poke|p2|Ditto|\n|poke|p2|Kleavor, M|\n|teampreview\n|inactive|Battle timer is ON: inactive players will automatically lose when time's up. (requested by Christheboss90)\n|\n|t:|1696040769\n|start\n|switch|p1a: Victini|Victini|100\/100\n|switch|p1b: Malamar|Malamar, F, shiny|100\/100\n|switch|p2a: Kleavor|Kleavor, M|100\/100\n|switch|p2b: Empoleon|Empoleon, F|100\/100\n|turn|1\n|j| Potato Man 347\n|\n|t:|1696040790\n|move|p2a: Kleavor|Stone Axe|p1a: Victini\n|-supereffective|p1a: Victini\n|-damage|p1a: Victini|0 fnt\n|-sidestart|p1: Christheboss90|move: Stealth Rock\n|faint|p1a: Victini\n|move|p1b: Malamar|Sunny Day|p1b: Malamar\n|-weather|SunnyDay\n|move|p2b: Empoleon|Hydro Pump|p1b: Malamar\n|-damage|p1b: Malamar|56\/100\n|\n|-weather|SunnyDay|[upkeep]\n|upkeep\n|\n|t:|1696040804\n|switch|p1a: Kyurem|Kyurem-Black, shiny|100\/100\n|-damage|p1a: Kyurem|76\/100|[from] Stealth Rock\n|-ability|p1a: Kyurem|Teravolt\n|turn|2\n|\n|t:|1696040820\n|move|p1a: Kyurem|Ice Beam|p2a: Kleavor\n|-damage|p2a: Kleavor|28\/100\n|move|p2a: Kleavor|Stone Axe|p1a: Kyurem\n|-supereffective|p1a: Kyurem\n|-damage|p1a: Kyurem|0 fnt\n|faint|p1a: Kyurem\n|move|p1b: Malamar|Hypnosis|p2a: Kleavor\n|-status|p2a: Kleavor|slp|[from] move: Hypnosis\n|move|p2b: Empoleon|Hydro Pump|p1b: Malamar\n|-damage|p1b: Malamar|10\/100\n|-enditem|p1b: Malamar|Sitrus Berry|[eat]\n|-heal|p1b: Malamar|34\/100|[from] item: Sitrus Berry\n|\n|-weather|SunnyDay|[upkeep]\n|upkeep\n|\n|t:|1696040833\n|switch|p1a: Clutch|Whimsicott, M, shiny|100\/100\n|-damage|p1a: Clutch|88\/100|[from] Stealth Rock\n|turn|3\n|\n|t:|1696040850\n|switch|p2b: Ditto|Ditto|100\/100\n|-transform|p2b: Ditto|p1a: Clutch|[from] ability: Imposter\n|move|p1a: Clutch|Tailwind|p1a: Clutch\n|-sidestart|p1: Christheboss90|move: Tailwind\n|move|p1b: Malamar|Hypnosis|p2b: Ditto|[miss]\n|-miss|p1b: Malamar|p2b: Ditto\n|cant|p2a: Kleavor|slp\n|\n|-weather|SunnyDay|[upkeep]\n|-heal|p1a: Clutch|94\/100|[from] item: Leftovers\n|upkeep\n|turn|4\n|\n|t:|1696040879\n|switch|p1b: Amoonguss|Amoonguss, M, shiny|100\/100\n|-damage|p1b: Amoonguss|88\/100|[from] Stealth Rock\n|move|p1a: Clutch|Safeguard|p1a: Clutch\n|-sidestart|p1: Christheboss90|Safeguard\n|move|p2b: Ditto|Tailwind|p2b: Ditto\n|-sidestart|p2: Champion's Melody|move: Tailwind\n|-curestatus|p2a: Kleavor|slp|[msg]\n|move|p2a: Kleavor|Lunge|p1b: Amoonguss\n|-damage|p1b: Amoonguss|49\/100\n|-unboost|p1b: Amoonguss|atk|1\n|-damage|p2a: Kleavor|12\/100|[from] item: Rocky Helmet|[of] p1b: Amoonguss\n|\n|-weather|SunnyDay|[upkeep]\n|-heal|p1a: Clutch|100\/100|[from] item: Leftovers\n|upkeep\n|turn|5\n|inactive|Champion's Melody has 120 seconds left.\n|\n|t:|1696040913\n|switch|p2b: Empoleon|Empoleon, F|100\/100\n|move|p1a: Clutch|Helping Hand|p1b: Amoonguss\n|-singleturn|p1b: Amoonguss|Helping Hand|[of] p1a: Clutch\n|move|p2a: Kleavor|Acrobatics|p1b: Amoonguss\n|-supereffective|p1b: Amoonguss\n|-damage|p1b: Amoonguss|11\/100\n|-damage|p2a: Kleavor|0 fnt|[from] item: Rocky Helmet|[of] p1b: Amoonguss\n|faint|p2a: Kleavor\n|move|p1b: Amoonguss|Pollen Puff|p2b: Empoleon\n|-resisted|p2b: Empoleon\n|-damage|p2b: Empoleon|89\/100\n|\n|-weather|none\n|upkeep\n|inactive|Champion's Melody has 120 seconds left.\n|\n|t:|1696040930\n|switch|p2a: Fezandipiti|Fezandipiti, M|100\/100\n|turn|6\n|\n|t:|1696040948\n|move|p1a: Clutch|Helping Hand|p1b: Amoonguss\n|-singleturn|p1b: Amoonguss|Helping Hand|[of] p1a: Clutch\n|move|p2a: Fezandipiti|Heat Wave|p1a: Clutch|[spread] p1a,p1b\n|-supereffective|p1a: Clutch\n|-supereffective|p1b: Amoonguss\n|-damage|p1a: Clutch|60\/100\n|-damage|p1b: Amoonguss|0 fnt\n|faint|p1b: Amoonguss\n|move|p2b: Empoleon|Flash Cannon|p1a: Clutch\n|-supereffective|p1a: Clutch\n|-damage|p1a: Clutch|0 fnt\n|faint|p1a: Clutch\n|\n|-sideend|p1: Christheboss90|move: Tailwind\n|upkeep\n|\n|t:|1696040959\n|switch|p1a: Malamar|Malamar, F, shiny|34\/100\n|switch|p1b: Zarude|Zarude|100\/100\n|-damage|p1a: Malamar|22\/100|[from] Stealth Rock\n|turn|7\n|\n|t:|1696040978\n|move|p1a: Malamar|Ally Switch|p1a: Malamar\n|swap|p1a: Malamar|1|[from] move: Ally Switch\n|move|p2a: Fezandipiti|Icy Wind|p1a: Zarude|[spread] p1a,p1b\n|-supereffective|p1a: Zarude\n|-crit|p1a: Zarude\n|-damage|p1a: Zarude|74\/100\n|-damage|p1b: Malamar|12\/100\n|-unboost|p1a: Zarude|spe|1\n|-boost|p1b: Malamar|spe|1\n|move|p2b: Empoleon|Flash Cannon|p1b: Malamar\n|-damage|p1b: Malamar|0 fnt\n|faint|p1b: Malamar\n|move|p1a: Zarude|Power Whip|p2a: Fezandipiti\n|-resisted|p2a: Fezandipiti\n|-damage|p2a: Fezandipiti|69\/100\n|-damage|p1a: Zarude|58\/100|[from] item: Rocky Helmet|[of] p2a: Fezandipiti\n|\n|-sideend|p2: Champion's Melody|move: Tailwind\n|upkeep\n|turn|8\n|\n|t:|1696041001\n|-terastallize|p1a: Zarude|Flying\n|move|p2a: Fezandipiti|Heat Wave|p1a: Zarude\n|-damage|p1a: Zarude|37\/100\n|move|p1a: Zarude|Darkest Lariat|p2a: Fezandipiti\n|-resisted|p2a: Fezandipiti\n|-damage|p2a: Fezandipiti|45\/100\n|-damage|p1a: Zarude|20\/100|[from] item: Rocky Helmet|[of] p2a: Fezandipiti\n|move|p2b: Empoleon|Flash Cannon|p1a: Zarude\n|-damage|p1a: Zarude|0 fnt\n|faint|p1a: Zarude\n|\n|win|Champion's Melody\n|raw|Christheboss90's rating: 1018 &rarr; <strong>1010<\/strong><br \/>(-8 for losing)\n|raw|Champion&apos;s Melody's rating: 1167 &rarr; <strong>1182<\/strong><br \/>(+15 for winning)\n|l|\u2606Christheboss90\n","uploadtime":1696041015,"views":6,"p1id":"christheboss90","p2id":"championsmelody","formatid":"gen9nationaldexdoubles","rating":1010,"private":0,"password":""}