{"id":"gen9nationaldexdoubles-1976132664","p1":"The power of ROCK","p2":"Daepiquejt","format":"[Gen 9] National Dex Doubles","log":"|j|\u2606The power of ROCK\n|j|\u2606Daepiquejt\n|t:|1698266500\n|gametype|doubles\n|player|p1|The power of ROCK|roark|\n|player|p2|Daepiquejt|170|\n|teamsize|p1|6\n|teamsize|p2|6\n|gen|9\n|tier|[Gen 9] National Dex Doubles\n|rated|Tournament battle\n|rule|HP Percentage Mod: HP is shown in percentages\n|rule|Endless Battle Clause: Forcing endless battles is banned\n|rule|OHKO Clause: OHKO moves are banned\n|rule|Evasion Moves Clause: Evasion moves are banned\n|rule|Evasion Abilities Clause: Evasion abilities are banned\n|rule|Species Clause: Limit one of each Pok\u00e9mon\n|rule|Gravity Sleep Clause: The combination of sleep-inducing moves with imperfect accuracy and Gravity or Gigantamax Orbeetle are banned\n|clearpoke\n|poke|p1|Tyranitar, F|\n|poke|p1|Garganacl, M|\n|poke|p1|Stakataka|\n|poke|p1|Aggron, F|\n|poke|p1|Ogerpon-Cornerstone, F|\n|poke|p1|Shuckle, F|\n|poke|p2|Scizor, F|\n|poke|p2|Rillaboom, F|\n|poke|p2|Volcanion|\n|poke|p2|Chien-Pao|\n|poke|p2|Tornadus, M|\n|poke|p2|Zygarde|\n|teampreview\n|inactive|Battle timer is ON: inactive players will automatically lose when time's up. (requested by Daepiquejt)\n|inactive|The power of ROCK has 120 seconds left.\n|inactive|Daepiquejt has 120 seconds left.\n|\n|t:|1698266536\n|start\n|switch|p1a: Stakataka|Stakataka|100\/100\n|switch|p1b: Garganacl|Garganacl, M|100\/100\n|switch|p2a: Very ice weak|Zygarde|100\/100\n|switch|p2b: The Lawnmower|Scizor, F|100\/100\n|-ability|p2a: Very ice weak|Aura Break\n|turn|1\n|\n|t:|1698266544\n|detailschange|p2b: The Lawnmower|Scizor-Mega, F\n|-mega|p2b: The Lawnmower|Scizor|Scizorite\n|-terastallize|p1b: Garganacl|Ghost\n|move|p2a: Very ice weak|Thousand Arrows|p1a: Stakataka|[spread] p1a,p1b\n|-supereffective|p1a: Stakataka\n|-damage|p1a: Stakataka|22\/100\n|-damage|p1b: Garganacl|78\/100\n|move|p2b: The Lawnmower|Swords Dance|p2b: The Lawnmower\n|-boost|p2b: The Lawnmower|atk|2\n|move|p1b: Garganacl|Iron Defense|p1b: Garganacl\n|-boost|p1b: Garganacl|def|2\n|move|p1a: Stakataka|Trick Room|p1a: Stakataka\n|-fieldstart|move: Trick Room|[of] p1a: Stakataka\n|\n|upkeep\n|turn|2\n|inactive|Daepiquejt has 120 seconds left.\n|\n|t:|1698266603\n|move|p2b: The Lawnmower|Bullet Punch|p1b: Garganacl\n|-damage|p1b: Garganacl|51\/100\n|move|p1a: Stakataka|Heat Crash|p2b: The Lawnmower\n|-supereffective|p2b: The Lawnmower\n|-damage|p2b: The Lawnmower|0 fnt\n|faint|p2b: The Lawnmower\n|-ability|p1a: Stakataka|Beast Boost|boost\n|-boost|p1a: Stakataka|atk|1\n|move|p1b: Garganacl|Salt Cure|p2a: Very ice weak\n|-resisted|p2a: Very ice weak\n|-damage|p2a: Very ice weak|95\/100\n|-start|p2a: Very ice weak|Salt Cure\n|move|p2a: Very ice weak|Thousand Arrows|p1b: Garganacl|[spread] p1a,p1b\n|-supereffective|p1a: Stakataka\n|-damage|p1a: Stakataka|0 fnt\n|-damage|p1b: Garganacl|42\/100\n|faint|p1a: Stakataka\n|\n|-damage|p2a: Very ice weak|83\/100|[from] Salt Cure\n|upkeep\n|\n|t:|1698266620\n|switch|p1a: Shuckle|Shuckle, F|100\/100\n|switch|p2b: Pien-chao|Chien-Pao|100\/100\n|-ability|p2b: Pien-chao|Sword of Ruin\n|turn|3\n|\n|t:|1698266627\n|move|p2b: Pien-chao|Sucker Punch||[still]\n|-fail|p2b: Pien-chao\n|move|p1a: Shuckle|Guard Split|p1b: Garganacl\n|-activate|p1a: Shuckle|move: Guard Split|[of] p1b: Garganacl\n|move|p1b: Garganacl|Recover|p1b: Garganacl\n|-heal|p1b: Garganacl|92\/100\n|move|p2a: Very ice weak|Thousand Arrows|p1a: Shuckle|[spread] p1a,p1b\n|-damage|p1a: Shuckle|70\/100\n|-damage|p1b: Garganacl|82\/100\n|\n|-heal|p1a: Shuckle|76\/100|[from] item: Leftovers\n|-damage|p2a: Very ice weak|70\/100|[from] Salt Cure\n|upkeep\n|turn|4\n|\n|t:|1698266656\n|move|p2a: Very ice weak|Protect|p2a: Very ice weak\n|-singleturn|p2a: Very ice weak|Protect\n|move|p2b: Pien-chao|Protect|p2b: Pien-chao\n|-singleturn|p2b: Pien-chao|Protect\n|move|p1a: Shuckle|Infestation|p2a: Very ice weak\n|-activate|p2a: Very ice weak|move: Protect\n|move|p1b: Garganacl|Iron Defense|p1b: Garganacl\n|-boost|p1b: Garganacl|def|2\n|\n|-heal|p1a: Shuckle|82\/100|[from] item: Leftovers\n|-damage|p2a: Very ice weak|58\/100|[from] Salt Cure\n|upkeep\n|turn|5\n|\n|t:|1698266676\n|switch|p2a: The Lawn|Rillaboom, F|100\/100\n|-fieldstart|move: Grassy Terrain|[from] ability: Grassy Surge|[of] p2a: The Lawn\n|move|p2b: Pien-chao|Sucker Punch||[still]\n|-fail|p2b: Pien-chao\n|move|p1a: Shuckle|Sticky Web|p2a: The Lawn\n|-sidestart|p2: Daepiquejt|move: Sticky Web\n|move|p1b: Garganacl|Iron Defense|p1b: Garganacl\n|-boost|p1b: Garganacl|def|2\n|\n|-heal|p1a: Shuckle|88\/100|[from] Grassy Terrain\n|-heal|p1a: Shuckle|94\/100|[from] item: Leftovers\n|-heal|p1b: Garganacl|88\/100|[from] Grassy Terrain\n|-fieldend|move: Trick Room\n|upkeep\n|turn|6\n|\n|t:|1698266691\n|switch|p1a: Aggron|Aggron, F|100\/100\n|move|p2b: Pien-chao|Sucker Punch|p1b: Garganacl\n|-supereffective|p1b: Garganacl\n|-crit|p1b: Garganacl\n|-damage|p1b: Garganacl|25\/100\n|move|p2a: The Lawn|Knock Off|p1b: Garganacl\n|-supereffective|p1b: Garganacl\n|-damage|p1b: Garganacl|16\/100\n|-enditem|p1b: Garganacl|Maranga Berry|[from] move: Knock Off|[of] p2a: The Lawn\n|move|p1b: Garganacl|Body Press|p2b: Pien-chao\n|-supereffective|p2b: Pien-chao\n|-crit|p2b: Pien-chao\n|-enditem|p2b: Pien-chao|Focus Sash\n|-damage|p2b: Pien-chao|1\/100\n|\n|-heal|p2b: Pien-chao|7\/100|[from] Grassy Terrain\n|-heal|p1b: Garganacl|23\/100|[from] Grassy Terrain\n|upkeep\n|turn|7\n|j| eragon11145\n|\n|t:|1698266713\n|detailschange|p1a: Aggron|Aggron-Mega, F\n|-mega|p1a: Aggron|Aggron|Aggronite\n|move|p2b: Pien-chao|Sucker Punch||[still]\n|-fail|p2b: Pien-chao\n|move|p2a: The Lawn|Grassy Glide|p1b: Garganacl\n|-damage|p1b: Garganacl|16\/100\n|move|p1a: Aggron|Iron Defense|p1a: Aggron\n|-boost|p1a: Aggron|def|2\n|move|p1b: Garganacl|Recover|p1b: Garganacl\n|-heal|p1b: Garganacl|66\/100\n|\n|-heal|p2b: Pien-chao|13\/100|[from] Grassy Terrain\n|-heal|p1b: Garganacl|73\/100|[from] Grassy Terrain\n|upkeep\n|turn|8\n|\n|t:|1698266736\n|move|p2b: Pien-chao|Sacred Sword|p1a: Aggron\n|-supereffective|p1a: Aggron\n|-damage|p1a: Aggron|78\/100\n|move|p2a: The Lawn|U-turn|p1a: Aggron\n|-resisted|p1a: Aggron\n|-damage|p1a: Aggron|75\/100\n|\n|t:|1698266744\n|switch|p2a: Less ice weak|Tornadus, M|100\/100|[from] U-turn\n|move|p1a: Aggron|Iron Defense|p1a: Aggron\n|-boost|p1a: Aggron|def|2\n|move|p1b: Garganacl|Recover|p1b: Garganacl\n|-heal|p1b: Garganacl|100\/100\n|\n|-heal|p2b: Pien-chao|19\/100|[from] Grassy Terrain\n|-heal|p1a: Aggron|81\/100|[from] Grassy Terrain\n|upkeep\n|turn|9\n|\n|t:|1698266768\n|move|p2b: Pien-chao|Sucker Punch|p1b: Garganacl\n|-supereffective|p1b: Garganacl\n|-damage|p1b: Garganacl|90\/100\n|-zpower|p2a: Less ice weak\n|move|p2a: Less ice weak|Supersonic Skystrike|p1b: Garganacl|[zeffect]\n|-damage|p1b: Garganacl|45\/100\n|move|p1a: Aggron|Body Press|p2a: Less ice weak\n|-resisted|p2a: Less ice weak\n|-damage|p2a: Less ice weak|0 fnt\n|faint|p2a: Less ice weak\n|move|p1b: Garganacl|Salt Cure|p2b: Pien-chao\n|-supereffective|p2b: Pien-chao\n|-damage|p2b: Pien-chao|0 fnt\n|faint|p2b: Pien-chao\n|\n|-heal|p1a: Aggron|87\/100|[from] Grassy Terrain\n|-heal|p1b: Garganacl|51\/100|[from] Grassy Terrain\n|-fieldend|move: Grassy Terrain\n|upkeep\n|inactive|Daepiquejt has 120 seconds left.\n|\n|t:|1698266789\n|switch|p2b: Very ice weak|Zygarde|58\/100\n|switch|p2a: Not ice weak|Volcanion|100\/100\n|-activate|p2b: Very ice weak|move: Sticky Web\n|-fail|p2b: Very ice weak|unboost|[from] item: Clear Amulet|[of] p2b: Very ice weak\n|-ability|p2b: Very ice weak|Aura Break\n|-activate|p2a: Not ice weak|move: Sticky Web\n|-unboost|p2a: Not ice weak|spe|1\n|turn|10\n|\n|t:|1698266801\n|move|p2b: Very ice weak|Thousand Arrows|p1b: Garganacl|[spread] p1a,p1b\n|-supereffective|p1a: Aggron\n|-damage|p1a: Aggron|81\/100\n|-damage|p1b: Garganacl|48\/100\n|move|p1a: Aggron|Body Press|p2a: Not ice weak\n|-damage|p2a: Not ice weak|0 fnt\n|faint|p2a: Not ice weak\n|move|p1b: Garganacl|Recover|p1b: Garganacl\n|-heal|p1b: Garganacl|98\/100\n|\n|upkeep\n|\n|t:|1698266811\n|switch|p2a: The Lawn|Rillaboom, F|100\/100\n|-activate|p2a: The Lawn|move: Sticky Web\n|-unboost|p2a: The Lawn|spe|1\n|-fieldstart|move: Grassy Terrain|[from] ability: Grassy Surge|[of] p2a: The Lawn\n|turn|11\n|\n|t:|1698266831\n|move|p2a: The Lawn|Fake Out|p1a: Aggron\n|-resisted|p1a: Aggron\n|-damage|p1a: Aggron|80\/100\n|move|p2b: Very ice weak|Dragon Dance|p2b: Very ice weak\n|-boost|p2b: Very ice weak|atk|1\n|-boost|p2b: Very ice weak|spe|1\n|cant|p1a: Aggron|flinch\n|move|p1b: Garganacl|Salt Cure|p2a: The Lawn\n|-damage|p2a: The Lawn|88\/100\n|-start|p2a: The Lawn|Salt Cure\n|\n|-heal|p2b: Very ice weak|64\/100|[from] Grassy Terrain\n|-heal|p2a: The Lawn|95\/100|[from] Grassy Terrain\n|-heal|p1a: Aggron|86\/100|[from] Grassy Terrain\n|-heal|p1b: Garganacl|100\/100|[from] Grassy Terrain\n|-damage|p2a: The Lawn|82\/100|[from] Salt Cure\n|upkeep\n|turn|12\n|\n|t:|1698266851\n|move|p2a: The Lawn|Grassy Glide|p1b: Garganacl\n|-damage|p1b: Garganacl|96\/100\n|move|p2b: Very ice weak|Dragon Dance|p2b: Very ice weak\n|-boost|p2b: Very ice weak|atk|1\n|-boost|p2b: Very ice weak|spe|1\n|move|p1a: Aggron|Body Press|p2b: Very ice weak\n|-damage|p2b: Very ice weak|0 fnt\n|faint|p2b: Very ice weak\n|move|p1b: Garganacl|Body Press|p2a: The Lawn\n|-damage|p2a: The Lawn|0 fnt\n|faint|p2a: The Lawn\n|\n|win|The power of ROCK\n|n|\u2606The power of ROCK|thepowerofrock\n|n|\u2606Daepiquejt|daepiquejt\n|n| eragon11145|eragon11145\n|c|\u2606The power of ROCK|gg\n|c|\u2606Daepiquejt|GG\n|l|\u2606The power of ROCK\n|l|\u2606Daepiquejt\n|l| eragon11145\n|j| Beyond Subzero\n|j|\u2606Daepiquejt\n|player|p2|Daepiquejt|170\n","uploadtime":1698266858,"views":9,"p1id":"thepowerofrock","p2id":"daepiquejt","formatid":"gen9nationaldexdoubles","rating":0,"private":0,"password":""}