{"id":"gen9nationaldexdoubles-1978452025","p1":"Iversongoated3","p2":"El Ryuk456","format":"[Gen 9] National Dex Doubles","log":"|j|\u2606Iversongoated3\n|j|\u2606El Ryuk456\n|t:|1698540774\n|gametype|doubles\n|player|p1|Iversongoated3|1|1201\n|player|p2|El Ryuk456|ingo|1349\n|teamsize|p1|6\n|teamsize|p2|6\n|gen|9\n|tier|[Gen 9] National Dex Doubles\n|rated|\n|rule|HP Percentage Mod: HP is shown in percentages\n|rule|Endless Battle Clause: Forcing endless battles is banned\n|rule|OHKO Clause: OHKO moves are banned\n|rule|Evasion Moves Clause: Evasion moves are banned\n|rule|Evasion Abilities Clause: Evasion abilities are banned\n|rule|Species Clause: Limit one of each Pok\u00e9mon\n|rule|Gravity Sleep Clause: The combination of sleep-inducing moves with imperfect accuracy and Gravity or Gigantamax Orbeetle are banned\n|clearpoke\n|poke|p1|Landorus-Therian, M|\n|poke|p1|Grimmsnarl, M|\n|poke|p1|Ninetales-Alola, M|\n|poke|p1|Beartic, F|\n|poke|p1|Amoonguss, F|\n|poke|p1|Baxcalibur, F|\n|poke|p2|Thundurus-Therian, M|\n|poke|p2|Latias, F|\n|poke|p2|Pelipper, M|\n|poke|p2|Blastoise, M|\n|poke|p2|Gardevoir, F|\n|poke|p2|Meowscarada, M|\n|teampreview\n|\n|t:|1698540789\n|start\n|switch|p1a: Ninetales|Ninetales-Alola, M|100\/100\n|switch|p1b: Grimmsnarl|Grimmsnarl, M|100\/100\n|switch|p2a: Thundurus|Thundurus-Therian, M|100\/100\n|switch|p2b: Pelipper|Pelipper, M|100\/100\n|-weather|Snow|[from] ability: Snow Warning|[of] p1a: Ninetales\n|-weather|RainDance|[from] ability: Drizzle|[of] p2b: Pelipper\n|turn|1\n|\n|t:|1698540818\n|switch|p1a: Amoonguss|Amoonguss, F|100\/100\n|switch|p2b: Harbor|Blastoise, M|100\/100\n|move|p1b: Grimmsnarl|Light Screen|p1b: Grimmsnarl\n|-sidestart|p1: Iversongoated3|move: Light Screen\n|move|p2a: Thundurus|Wildbolt Storm|p1a: Amoonguss|[spread] p1a,p1b\n|-resisted|p1a: Amoonguss\n|-damage|p1a: Amoonguss|88\/100\n|-damage|p1b: Grimmsnarl|72\/100\n|-status|p1a: Amoonguss|par\n|\n|-weather|RainDance|[upkeep]\n|-heal|p1a: Amoonguss|95\/100 par|[from] item: Leftovers\n|upkeep\n|turn|2\n|\n|t:|1698540845\n|switch|p1a: Ninetales|Ninetales-Alola, M|100\/100\n|-weather|Snow|[from] ability: Snow Warning|[of] p1a: Ninetales\n|move|p2b: Harbor|Fake Out|p1a: Ninetales\n|-damage|p1a: Ninetales|94\/100\n|move|p1b: Grimmsnarl|Thunder Wave|p2b: Harbor\n|-status|p2b: Harbor|par\n|move|p2a: Thundurus|Wildbolt Storm|p1b: Grimmsnarl|[spread] p1a,p1b\n|-damage|p1a: Ninetales|51\/100\n|-damage|p1b: Grimmsnarl|43\/100\n|-status|p1a: Ninetales|par\n|\n|-weather|Snow|[upkeep]\n|upkeep\n|turn|3\n|\n|t:|1698540864\n|switch|p2b: Pelipper|Pelipper, M|100\/100\n|-weather|RainDance|[from] ability: Drizzle|[of] p2b: Pelipper\n|move|p1b: Grimmsnarl|Reflect|p1b: Grimmsnarl\n|-sidestart|p1: Iversongoated3|Reflect\n|move|p2a: Thundurus|Wildbolt Storm|p1a: Ninetales|[spread] p1a,p1b\n|-damage|p1a: Ninetales|7\/100 par\n|-damage|p1b: Grimmsnarl|16\/100\n|move|p1a: Ninetales|Aurora Veil||[still]\n|-fail|p1a: Ninetales\n|\n|-weather|RainDance|[upkeep]\n|upkeep\n|turn|4\n|inactive|Battle timer is ON: inactive players will automatically lose when time's up. (requested by El Ryuk456)\n|\n|t:|1698540883\n|switch|p2b: Latias|Latias, F|100\/100\n|switch|p1a: Landorus|Landorus-Therian, M|100\/100\n|-ability|p1a: Landorus|Intimidate|boost\n|-unboost|p2a: Thundurus|atk|1\n|-unboost|p2b: Latias|atk|1\n|switch|p1b: Amoonguss|Amoonguss, F|100\/100 par\n|move|p2a: Thundurus|Wildbolt Storm|p1b: Amoonguss|[spread] p1b\n|-immune|p1a: Landorus\n|-resisted|p1b: Amoonguss\n|-damage|p1b: Amoonguss|88\/100 par\n|\n|-weather|RainDance|[upkeep]\n|-heal|p1b: Amoonguss|94\/100 par|[from] item: Leftovers\n|upkeep\n|turn|5\n|\n|t:|1698540905\n|switch|p2a: Gardevoir|Gardevoir, F, shiny|100\/100\n|-ability|p2a: Gardevoir|Regenerator|[from] ability: Trace|[of] p1b: Amoonguss\n|-terastallize|p1b: Amoonguss|Grass\n|move|p1a: Landorus|Stone Edge|p2a: Gardevoir\n|-damage|p2a: Gardevoir|54\/100\n|-zpower|p2b: Latias\n|move|p2b: Latias|Shattered Psyche|p1b: Amoonguss|[zeffect]\n|-damage|p1b: Amoonguss|60\/100 par\n|move|p1b: Amoonguss|Spore|p2b: Latias\n|-status|p2b: Latias|slp|[from] move: Spore\n|\n|-weather|RainDance|[upkeep]\n|-heal|p1b: Amoonguss|66\/100 par|[from] item: Leftovers\n|upkeep\n|turn|6\n|\n|t:|1698540929\n|switch|p2a: Meowscarada|Meowscarada, M|100\/100\n|move|p1a: Landorus|Stone Edge|p2b: Latias\n|-damage|p2b: Latias|55\/100 slp\n|cant|p2b: Latias|slp\n|move|p1b: Amoonguss|Spore|p2a: Meowscarada\n|-immune|p2a: Meowscarada\n|\n|-weather|RainDance|[upkeep]\n|-heal|p1b: Amoonguss|72\/100 par|[from] item: Leftovers\n|upkeep\n|turn|7\n|\n|t:|1698540958\n|move|p1a: Landorus|Stone Edge|p2b: Latias\n|-damage|p2b: Latias|9\/100 slp\n|move|p2a: Meowscarada|Flower Trick|p1a: Landorus\n|-crit|p1a: Landorus\n|-damage|p1a: Landorus|44\/100\n|cant|p2b: Latias|slp\n|move|p1b: Amoonguss|Giga Drain|p2b: Latias\n|-resisted|p2b: Latias\n|-damage|p2b: Latias|0 fnt\n|-heal|p1b: Amoonguss|75\/100 par|[from] drain|[of] p2b: Latias\n|faint|p2b: Latias\n|\n|-weather|RainDance|[upkeep]\n|-heal|p1b: Amoonguss|82\/100 par|[from] item: Leftovers\n|upkeep\n|inactive|El Ryuk456 has 120 seconds left.\n|\n|t:|1698540991\n|switch|p2b: Harbor|Blastoise, M|100\/100 par\n|turn|8\n|\n|t:|1698541003\n|switch|p1a: Beartic|Beartic, F|100\/100\n|cant|p2b: Harbor|par\n|move|p2a: Meowscarada|Flower Trick|p1a: Beartic\n|-crit|p1a: Beartic\n|-damage|p1a: Beartic|45\/100\n|move|p1b: Amoonguss|Giga Drain|p2b: Harbor\n|-supereffective|p2b: Harbor\n|-damage|p2b: Harbor|46\/100 par\n|-heal|p1b: Amoonguss|100\/100 par|[from] drain|[of] p2b: Harbor\n|\n|-weather|RainDance|[upkeep]\n|-heal|p2b: Harbor|52\/100 par|[from] ability: Rain Dish\n|-heal|p2b: Harbor|59\/100 par|[from] item: Leftovers\n|-sideend|p1: Iversongoated3|move: Light Screen\n|upkeep\n|turn|9\n|\n|t:|1698541031\n|move|p2b: Harbor|Follow Me|p2b: Harbor\n|-singleturn|p2b: Harbor|move: Follow Me\n|move|p2a: Meowscarada|Flower Trick|p1a: Beartic\n|-crit|p1a: Beartic\n|-damage|p1a: Beartic|0 fnt\n|faint|p1a: Beartic\n|move|p1b: Amoonguss|Sludge Bomb|p2b: Harbor\n|-damage|p2b: Harbor|34\/100 par\n|\n|-weather|RainDance|[upkeep]\n|-heal|p2b: Harbor|40\/100 par|[from] ability: Rain Dish\n|-heal|p2b: Harbor|46\/100 par|[from] item: Leftovers\n|upkeep\n|\n|t:|1698541039\n|switch|p1a: Ninetales|Ninetales-Alola, M|7\/100 par\n|-weather|Snow|[from] ability: Snow Warning|[of] p1a: Ninetales\n|turn|10\n|\n|t:|1698541056\n|switch|p1a: Landorus|Landorus-Therian, M|44\/100\n|-ability|p1a: Landorus|Intimidate|boost\n|-unboost|p2a: Meowscarada|atk|1\n|-unboost|p2b: Harbor|atk|1\n|switch|p2b: Pelipper|Pelipper, M|100\/100\n|-weather|RainDance|[from] ability: Drizzle|[of] p2b: Pelipper\n|move|p2a: Meowscarada|Flower Trick|p1a: Landorus\n|-crit|p1a: Landorus\n|-damage|p1a: Landorus|0 fnt\n|faint|p1a: Landorus\n|cant|p1b: Amoonguss|par\n|\n|-weather|RainDance|[upkeep]\n|-sideend|p1: Iversongoated3|Reflect\n|upkeep\n|\n|t:|1698541069\n|switch|p1a: Ninetales|Ninetales-Alola, M|7\/100 par\n|-weather|Snow|[from] ability: Snow Warning|[of] p1a: Ninetales\n|turn|11\n|\n|t:|1698541089\n|move|p2a: Meowscarada|Flower Trick|p1a: Ninetales\n|-crit|p1a: Ninetales\n|-damage|p1a: Ninetales|0 fnt\n|faint|p1a: Ninetales\n|move|p2b: Pelipper|U-turn|p1b: Amoonguss\n|-supereffective|p1b: Amoonguss\n|-damage|p1b: Amoonguss|82\/100 par\n|\n|t:|1698541104\n|switch|p2b: Gardevoir|Gardevoir, F, shiny|88\/100|[from] U-turn\n|-ability|p2b: Gardevoir|Regenerator|[from] ability: Trace|[of] p1b: Amoonguss\n|cant|p1b: Amoonguss|par\n|\n|-weather|Snow|[upkeep]\n|-heal|p1b: Amoonguss|88\/100 par|[from] item: Leftovers\n|upkeep\n|\n|t:|1698541113\n|switch|p1a: Grimmsnarl|Grimmsnarl, M|16\/100\n|turn|12\n|\n|t:|1698541128\n|move|p2b: Gardevoir|Protect|p2b: Gardevoir\n|-singleturn|p2b: Gardevoir|Protect\n|move|p1a: Grimmsnarl|Light Screen|p1a: Grimmsnarl\n|-sidestart|p1: Iversongoated3|move: Light Screen\n|move|p2a: Meowscarada|Flower Trick|p1a: Grimmsnarl\n|-crit|p1a: Grimmsnarl\n|-damage|p1a: Grimmsnarl|0 fnt\n|faint|p1a: Grimmsnarl\n|cant|p1b: Amoonguss|par\n|\n|-weather|Snow|[upkeep]\n|-heal|p1b: Amoonguss|94\/100 par|[from] item: Leftovers\n|upkeep\n|\n|t:|1698541135\n|switch|p1a: Baxcalibur|Baxcalibur, F|100\/100\n|turn|13\n|\n|t:|1698541143\n|detailschange|p2b: Gardevoir|Gardevoir-Mega, F, shiny\n|-mega|p2b: Gardevoir|Gardevoir|Gardevoirite\n|move|p2a: Meowscarada|Taunt|p1a: Baxcalibur\n|-start|p1a: Baxcalibur|move: Taunt\n|move|p2b: Gardevoir|Hyper Voice|p1b: Amoonguss|[spread] p1a,p1b\n|-supereffective|p1a: Baxcalibur\n|-damage|p1a: Baxcalibur|55\/100\n|-damage|p1b: Amoonguss|73\/100 par\n|cant|p1a: Baxcalibur|move: Taunt|Dragon Dance\n|move|p1b: Amoonguss|Sludge Bomb|p2a: Meowscarada\n|-supereffective|p2a: Meowscarada\n|-damage|p2a: Meowscarada|12\/100\n|\n|-weather|Snow|[upkeep]\n|-heal|p1a: Baxcalibur|62\/100|[from] ability: Ice Body\n|-heal|p1a: Baxcalibur|68\/100|[from] item: Leftovers\n|-heal|p1b: Amoonguss|79\/100 par|[from] item: Leftovers\n|upkeep\n|turn|14\n|\n|t:|1698541170\n|move|p2a: Meowscarada|Taunt|p1b: Amoonguss\n|-start|p1b: Amoonguss|move: Taunt\n|move|p2b: Gardevoir|Hyper Voice|p1b: Amoonguss|[spread] p1a,p1b\n|-supereffective|p1a: Baxcalibur\n|-damage|p1a: Baxcalibur|27\/100\n|-damage|p1b: Amoonguss|58\/100 par\n|move|p1a: Baxcalibur|Dragon Claw|p2a: Meowscarada\n|-damage|p2a: Meowscarada|0 fnt\n|faint|p2a: Meowscarada\n|move|p1b: Amoonguss|Sludge Bomb|p2b: Gardevoir\n|-supereffective|p2b: Gardevoir\n|-damage|p2b: Gardevoir|42\/100\n|\n|-weather|Snow|[upkeep]\n|-heal|p1a: Baxcalibur|33\/100|[from] ability: Ice Body\n|-heal|p1a: Baxcalibur|39\/100|[from] item: Leftovers\n|-heal|p1b: Amoonguss|64\/100 par|[from] item: Leftovers\n|upkeep\n|\n|t:|1698541180\n|switch|p2a: Pelipper|Pelipper, M|100\/100\n|-weather|RainDance|[from] ability: Drizzle|[of] p2a: Pelipper\n|turn|15\n|\n|t:|1698541194\n|move|p2b: Gardevoir|Hyper Voice|p1a: Baxcalibur|[spread] p1a,p1b\n|-supereffective|p1a: Baxcalibur\n|-crit|p1a: Baxcalibur\n|-damage|p1a: Baxcalibur|0 fnt\n|-damage|p1b: Amoonguss|41\/100 par\n|faint|p1a: Baxcalibur\n|move|p2a: Pelipper|Hurricane|p1b: Amoonguss\n|-supereffective|p1b: Amoonguss\n|-damage|p1b: Amoonguss|6\/100 par\n|move|p1b: Amoonguss|Sludge Bomb|p2b: Gardevoir\n|-supereffective|p2b: Gardevoir\n|-damage|p2b: Gardevoir|0 fnt\n|faint|p2b: Gardevoir\n|\n|-weather|RainDance|[upkeep]\n|-heal|p1b: Amoonguss|13\/100 par|[from] item: Leftovers\n|upkeep\n|-message|Iversongoated3 forfeited.\n|\n|win|El Ryuk456\n|raw|Iversongoated3's rating: 1201 &rarr; <strong>1186<\/strong><br \/>(-15 for losing)\n|raw|El Ryuk456's rating: 1349 &rarr; <strong>1361<\/strong><br \/>(+12 for winning)\n|l|\u2606Iversongoated3\n","uploadtime":1698541208,"views":8,"p1id":"iversongoated3","p2id":"elryuk456","formatid":"gen9nationaldexdoubles","rating":1186,"private":0,"password":""}