{"id":"gen9nationaldexdoubles-1953405302","p1":"HNakiyamas","p2":"IcyThePea","format":"[Gen 9] National Dex Doubles","log":"|j|\u2606HNakiyamas\n|j|\u2606IcyThePea\n|t:|1695783020\n|gametype|doubles\n|player|p1|HNakiyamas|169|\n|player|p2|IcyThePea|266|\n|teamsize|p1|6\n|teamsize|p2|6\n|gen|9\n|tier|[Gen 9] National Dex Doubles\n|rule|HP Percentage Mod: HP is shown in percentages\n|rule|Endless Battle Clause: Forcing endless battles is banned\n|rule|OHKO Clause: OHKO moves are banned\n|rule|Evasion Moves Clause: Evasion moves are banned\n|rule|Evasion Abilities Clause: Evasion abilities are banned\n|rule|Species Clause: Limit one of each Pok\u00e9mon\n|rule|Gravity Sleep Clause: The combination of sleep-inducing moves with imperfect accuracy and Gravity or Gigantamax Orbeetle are banned\n|clearpoke\n|poke|p1|Articuno-Galar|\n|poke|p1|Garchomp, F|\n|poke|p1|Glimmora, F|\n|poke|p1|Garganacl, F|\n|poke|p1|Gholdengo|\n|poke|p1|Sandy Shocks|\n|poke|p2|Glaceon, M|\n|poke|p2|Umbreon, M|\n|poke|p2|Flareon, F|\n|poke|p2|Vaporeon, M|\n|poke|p2|Espeon, F|\n|poke|p2|Sylveon, F|\n|teampreview\n|\n|t:|1695783035\n|start\n|switch|p1a: Articuno|Articuno-Galar, shiny|100\/100\n|switch|p1b: Inchigo|Glimmora, F|100\/100\n|switch|p2a: Glaceon|Glaceon, M|100\/100\n|switch|p2b: Umbreon|Umbreon, M|100\/100\n|turn|1\n|\n|t:|1695783062\n|switch|p2a: Flareon|Flareon, F|100\/100\n|-terastallize|p1a: Articuno|Fire\n|move|p1a: Articuno|Tera Blast|p2a: Flareon|[anim] Tera Blast Fire\n|-start|p2a: Flareon|ability: Flash Fire\n|move|p1b: Inchigo|Mortal Spin|p2a: Flareon|[spread] p2a,p2b\n|-damage|p2a: Flareon|92\/100\n|-damage|p2b: Umbreon|97\/100\n|-status|p2a: Flareon|psn\n|-status|p2b: Umbreon|psn\n|-activate|p2b: Umbreon|ability: Synchronize\n|-immune|p1b: Inchigo\n|move|p2b: Umbreon|Wish|p2b: Umbreon\n|\n|-heal|p2b: Umbreon|100\/100 psn|[from] item: Leftovers\n|-damage|p2a: Flareon|80\/100 psn|[from] psn\n|-damage|p2b: Umbreon|88\/100 psn|[from] psn\n|upkeep\n|turn|2\n|\n|t:|1695783088\n|move|p2b: Umbreon|Protect|p2b: Umbreon\n|-singleturn|p2b: Umbreon|Protect\n|move|p1a: Articuno|Tailwind|p1a: Articuno\n|-sidestart|p1: HNakiyamas|move: Tailwind\n|move|p1b: Inchigo|Earth Power|p2a: Flareon\n|-supereffective|p2a: Flareon\n|-damage|p2a: Flareon|3\/100 psn\n|move|p2a: Flareon|Flare Blitz|p1b: Inchigo\n|-resisted|p1b: Inchigo\n|-crit|p1b: Inchigo\n|-enditem|p1b: Inchigo|Focus Sash\n|-damage|p1b: Inchigo|1\/100\n|-activate|p1b: Inchigo|ability: Toxic Debris\n|-sidestart|p2: IcyThePea|move: Toxic Spikes\n|-damage|p2a: Flareon|0 fnt|[from] Recoil\n|faint|p2a: Flareon\n|\n|-heal|p2b: Umbreon|100\/100 psn|[from] move: Wish|[wisher] Umbreon\n|-damage|p2b: Umbreon|88\/100 psn|[from] psn\n|upkeep\n|\n|t:|1695783109\n|switch|p2a: Glaceon|Glaceon, M|100\/100\n|-status|p2a: Glaceon|psn\n|turn|3\n|\n|t:|1695783122\n|switch|p1b: Gholdengo|Gholdengo|100\/100\n|switch|p2a: Vaporeon|Vaporeon, M|100\/100\n|-status|p2a: Vaporeon|psn\n|move|p1a: Articuno|Tera Blast|p2a: Vaporeon|[anim] Tera Blast Fire\n|-resisted|p2a: Vaporeon\n|-damage|p2a: Vaporeon|88\/100 psn\n|move|p2b: Umbreon|Heal Bell|p2b: Umbreon\n|-activate|p2b: Umbreon|move: Heal Bell\n|-curestatus|p2a: Vaporeon|psn|[msg]\n|-curestatus|p2b: Umbreon|psn|[msg]\n|-curestatus|p2: Glaceon|psn|[msg]\n|\n|-heal|p2b: Umbreon|94\/100|[from] item: Leftovers\n|-heal|p2a: Vaporeon|94\/100|[from] item: Leftovers\n|upkeep\n|turn|4\n|\n|t:|1695783146\n|move|p1a: Articuno|Freezing Glare|p2a: Vaporeon\n|-damage|p2a: Vaporeon|64\/100\n|move|p1b: Gholdengo|Nasty Plot|p1b: Gholdengo\n|-boost|p1b: Gholdengo|spa|2\n|move|p2b: Umbreon|Foul Play|p1a: Articuno\n|-damage|p1a: Articuno|77\/100\n|move|p2a: Vaporeon|Scald|p1b: Gholdengo\n|-damage|p1b: Gholdengo|70\/100\n|\n|-heal|p1a: Articuno|83\/100|[from] item: Leftovers\n|-heal|p2a: Vaporeon|70\/100|[from] item: Leftovers\n|-heal|p2b: Umbreon|99\/100|[from] item: Leftovers\n|upkeep\n|turn|5\n|\n|t:|1695783168\n|move|p1a: Articuno|Freezing Glare|p2a: Vaporeon\n|-damage|p2a: Vaporeon|43\/100\n|move|p1b: Gholdengo|Dazzling Gleam|p2a: Vaporeon|[spread] p2a,p2b\n|-supereffective|p2b: Umbreon\n|-damage|p2a: Vaporeon|8\/100\n|-damage|p2b: Umbreon|49\/100\n|move|p2a: Vaporeon|Toxic|p1b: Gholdengo\n|-immune|p1b: Gholdengo|[from] ability: Good as Gold\n|move|p2b: Umbreon|Wish|p2b: Umbreon\n|\n|-heal|p1a: Articuno|90\/100|[from] item: Leftovers\n|-heal|p2a: Vaporeon|15\/100|[from] item: Leftovers\n|-heal|p2b: Umbreon|55\/100|[from] item: Leftovers\n|-sideend|p1: HNakiyamas|move: Tailwind\n|upkeep\n|turn|6\n|\n|t:|1695783197\n|move|p2b: Umbreon|Protect|p2b: Umbreon\n|-singleturn|p2b: Umbreon|Protect\n|move|p1a: Articuno|Freezing Glare|p2a: Vaporeon\n|-damage|p2a: Vaporeon|0 fnt\n|faint|p2a: Vaporeon\n|move|p1b: Gholdengo|Nasty Plot|p1b: Gholdengo\n|-boost|p1b: Gholdengo|spa|2\n|\n|-heal|p2b: Umbreon|100\/100|[from] move: Wish|[wisher] Umbreon\n|-heal|p1a: Articuno|96\/100|[from] item: Leftovers\n|upkeep\n|\n|t:|1695783212\n|switch|p2a: Espeon|Espeon, F|100\/100\n|-status|p2a: Espeon|psn\n|turn|7\n|\n|t:|1695783226\n|move|p2a: Espeon|Calm Mind|p2a: Espeon\n|-boost|p2a: Espeon|spa|1\n|-boost|p2a: Espeon|spd|1\n|move|p1a: Articuno|Freezing Glare|p2a: Espeon\n|-resisted|p2a: Espeon\n|-damage|p2a: Espeon|85\/100 psn\n|move|p1b: Gholdengo|Dazzling Gleam|p2b: Umbreon|[spread] p2a,p2b\n|-supereffective|p2b: Umbreon\n|-damage|p2a: Espeon|26\/100 psn\n|-damage|p2b: Umbreon|34\/100\n|move|p2b: Umbreon|Heal Bell|p2b: Umbreon\n|-activate|p2b: Umbreon|move: Heal Bell\n|-curestatus|p2a: Espeon|psn|[msg]\n|\n|-heal|p2a: Espeon|32\/100|[from] item: Leftovers\n|-heal|p1a: Articuno|100\/100|[from] item: Leftovers\n|-heal|p2b: Umbreon|40\/100|[from] item: Leftovers\n|upkeep\n|turn|8\n|\n|t:|1695783249\n|move|p2a: Espeon|Psychic|p1a: Articuno\n|-damage|p1a: Articuno|40\/100\n|move|p1a: Articuno|Freezing Glare|p2a: Espeon\n|-resisted|p2a: Espeon\n|-damage|p2a: Espeon|16\/100\n|move|p1b: Gholdengo|Dazzling Gleam|p2b: Umbreon|[spread] p2a,p2b\n|-supereffective|p2b: Umbreon\n|-damage|p2a: Espeon|0 fnt\n|-damage|p2b: Umbreon|0 fnt\n|faint|p2a: Espeon\n|faint|p2b: Umbreon\n|\n|-heal|p1a: Articuno|47\/100|[from] item: Leftovers\n|upkeep\n|\n|t:|1695783266\n|switch|p2a: Glaceon|Glaceon, M|100\/100\n|switch|p2b: Sylveon|Sylveon, F|100\/100\n|-status|p2a: Glaceon|psn\n|-status|p2b: Sylveon|psn\n|turn|9\n|\n|t:|1695783278\n|move|p1a: Articuno|Tera Blast|p2a: Glaceon|[anim] Tera Blast Fire\n|-supereffective|p2a: Glaceon\n|-crit|p2a: Glaceon\n|-damage|p2a: Glaceon|0 fnt\n|faint|p2a: Glaceon\n|move|p1b: Gholdengo|Shadow Ball|p2b: Sylveon\n|-damage|p2b: Sylveon|0 fnt\n|faint|p2b: Sylveon\n|\n|win|HNakiyamas\n","uploadtime":1695783286,"views":6,"p1id":"hnakiyamas","p2id":"icythepea","formatid":"gen9nationaldexdoubles","rating":0,"private":0,"password":""}