{"id":"gen9nationaldexdoubles-1994362003","p1":"Brick_Enjoyer_144","p2":"TheMoistFetus","format":"[Gen 9] National Dex Doubles","log":"|j|\u2606Brick_Enjoyer_144\n|j|\u2606TheMoistFetus\n|t:|1700435245\n|gametype|doubles\n|player|p1|Brick_Enjoyer_144|shauntal|1178\n|player|p2|TheMoistFetus|erika|1340\n|teamsize|p1|6\n|teamsize|p2|6\n|gen|9\n|tier|[Gen 9] National Dex Doubles\n|rated|\n|rule|HP Percentage Mod: HP is shown in percentages\n|rule|Endless Battle Clause: Forcing endless battles is banned\n|rule|OHKO Clause: OHKO moves are banned\n|rule|Evasion Moves Clause: Evasion moves are banned\n|rule|Evasion Abilities Clause: Evasion abilities are banned\n|rule|Species Clause: Limit one of each Pok\u00e9mon\n|rule|Gravity Sleep Clause: The combination of sleep-inducing moves with imperfect accuracy and Gravity or Gigantamax Orbeetle are banned\n|clearpoke\n|poke|p1|Smeargle, F|\n|poke|p1|Kartana|\n|poke|p1|Roaring Moon|\n|poke|p1|Minior-Violet|\n|poke|p1|Mawile, F|\n|poke|p1|Zapdos|\n|poke|p2|Zygarde|\n|poke|p2|Zamazenta-*|\n|poke|p2|Glimmora, M|\n|poke|p2|Sinistcha-Masterpiece|\n|poke|p2|Gardevoir, F|\n|poke|p2|Regidrago|\n|teampreview\n|inactive|Battle timer is ON: inactive players will automatically lose when time's up. (requested by Brick_Enjoyer_144)\n|inactive|TheMoistFetus has 120 seconds left.\n|\n|t:|1700435277\n|start\n|switch|p1a: Smeargle|Smeargle, F, shiny|100\/100\n|switch|p1b: Minior|Minior-Violet, shiny|100\/100\n|switch|p2a: KARMA|Glimmora, M|100\/100\n|switch|p2b: REGINAE|Regidrago, shiny|100\/100\n|-formechange|p1b: Minior|Minior-Meteor||[from] ability: Shields Down\n|turn|1\n|\n|t:|1700435294\n|move|p1a: Smeargle|Fake Out|p2b: REGINAE\n|-damage|p2b: REGINAE|95\/100\n|cant|p2b: REGINAE|flinch\n|move|p2a: KARMA|Stealth Rock|p1b: Minior\n|-sidestart|p1: Brick_Enjoyer_144|move: Stealth Rock\n|move|p1b: Minior|Shell Smash|p1b: Minior\n|-unboost|p1b: Minior|def|1\n|-unboost|p1b: Minior|spd|1\n|-boost|p1b: Minior|atk|2\n|-boost|p1b: Minior|spa|2\n|-boost|p1b: Minior|spe|2\n|\n|upkeep\n|turn|2\n|inactive|TheMoistFetus has 120 seconds left.\n|\n|t:|1700435325\n|switch|p2a: LIGHTWEIGHT|Zamazenta|100\/100\n|-ability|p2a: LIGHTWEIGHT|Dauntless Shield|boost\n|-boost|p2a: LIGHTWEIGHT|def|1\n|move|p1b: Minior|Iron Head|p2a: LIGHTWEIGHT\n|-damage|p2a: LIGHTWEIGHT|86\/100\n|move|p2b: REGINAE|Draco Meteor|p1b: Minior\n|-enditem|p1b: Minior|Focus Sash\n|-damage|p1b: Minior|1\/100\n|-unboost|p2b: REGINAE|spa|2\n|move|p1a: Smeargle|Stealth Rock|p2b: REGINAE\n|-sidestart|p2: TheMoistFetus|move: Stealth Rock\n|\n|-heal|p2a: LIGHTWEIGHT|92\/100|[from] item: Leftovers\n|-formechange|p1b: Minior|Minior-Violet||[from] ability: Shields Down\n|upkeep\n|turn|3\n|\n|t:|1700435350\n|move|p2a: LIGHTWEIGHT|Protect|p2a: LIGHTWEIGHT\n|-singleturn|p2a: LIGHTWEIGHT|Protect\n|move|p1b: Minior|Acrobatics|p2a: LIGHTWEIGHT\n|-activate|p2a: LIGHTWEIGHT|move: Protect\n|move|p2b: REGINAE|Draco Meteor|p1b: Minior\n|-damage|p1b: Minior|0 fnt\n|-unboost|p2b: REGINAE|spa|2\n|faint|p1b: Minior\n|move|p1a: Smeargle|Spore|p2a: LIGHTWEIGHT\n|-activate|p2a: LIGHTWEIGHT|move: Protect\n|\n|-heal|p2a: LIGHTWEIGHT|98\/100|[from] item: Leftovers\n|upkeep\n|inactive|Brick_Enjoyer_144 has 120 seconds left.\n|\n|t:|1700435370\n|switch|p1b: Roaring Moon|Roaring Moon, shiny|100\/100\n|-damage|p1b: Roaring Moon|88\/100|[from] Stealth Rock\n|-enditem|p1b: Roaring Moon|Booster Energy\n|-activate|p1b: Roaring Moon|ability: Protosynthesis|[fromitem]\n|-start|p1b: Roaring Moon|protosynthesisatk\n|turn|4\n|inactive|TheMoistFetus has 120 seconds left.\n|\n|t:|1700435409\n|switch|p2b: KARMA|Glimmora, M|100\/100\n|-damage|p2b: KARMA|88\/100|[from] Stealth Rock\n|switch|p2a: CURSES|Sinistcha-Masterpiece|100\/100\n|-damage|p2a: CURSES|88\/100|[from] Stealth Rock\n|-heal|p2b: KARMA|100\/100|[from] ability: Hospitality|[of] p2a: CURSES\n|move|p1b: Roaring Moon|Acrobatics|p2a: CURSES\n|-supereffective|p2a: CURSES\n|-damage|p2a: CURSES|16\/100\n|-damage|p1b: Roaring Moon|72\/100|[from] item: Rocky Helmet|[of] p2a: CURSES\n|move|p1a: Smeargle|Spore|p2b: KARMA\n|-status|p2b: KARMA|slp|[from] move: Spore\n|\n|upkeep\n|turn|5\n|inactive|TheMoistFetus has 120 seconds left.\n|\n|t:|1700435437\n|move|p2a: CURSES|Protect|p2a: CURSES\n|-singleturn|p2a: CURSES|Protect\n|move|p1b: Roaring Moon|Acrobatics|p2a: CURSES\n|-activate|p2a: CURSES|move: Protect\n|cant|p2b: KARMA|slp\n|move|p1a: Smeargle|Parting Shot|p2b: KARMA\n|-unboost|p2b: KARMA|atk|1\n|-unboost|p2b: KARMA|spa|1\n|inactive|Brick_Enjoyer_144 has 120 seconds left.\n|\n|t:|1700435449\n|switch|p1a: Mawile|Mawile, F, shiny|100\/100|[from] Parting Shot\n|-damage|p1a: Mawile|94\/100|[from] Stealth Rock\n|\n|upkeep\n|turn|6\n|\n|t:|1700435473\n|switch|p2a: REGINAE|Regidrago, shiny|95\/100\n|-damage|p2a: REGINAE|83\/100|[from] Stealth Rock\n|detailschange|p1a: Mawile|Mawile-Mega, F, shiny\n|-mega|p1a: Mawile|Mawile|Mawilite\n|move|p1b: Roaring Moon|Acrobatics|p2a: REGINAE\n|-damage|p2a: REGINAE|25\/100\n|cant|p2b: KARMA|slp\n|move|p1a: Mawile|Iron Head|p2b: KARMA\n|-supereffective|p2b: KARMA\n|-enditem|p2b: KARMA|Focus Sash\n|-damage|p2b: KARMA|1\/100 slp\n|-activate|p2b: KARMA|ability: Toxic Debris\n|-sidestart|p1: Brick_Enjoyer_144|move: Toxic Spikes\n|\n|upkeep\n|turn|7\n|inactive|Brick_Enjoyer_144 has 120 seconds left.\n|\n|t:|1700435504\n|move|p1a: Mawile|Sucker Punch|p2a: REGINAE\n|-damage|p2a: REGINAE|0 fnt\n|faint|p2a: REGINAE\n|move|p1b: Roaring Moon|Acrobatics|p2b: KARMA\n|-resisted|p2b: KARMA\n|-damage|p2b: KARMA|0 fnt\n|-activate|p2b: KARMA|ability: Toxic Debris\n|-sidestart|p1: Brick_Enjoyer_144|move: Toxic Spikes\n|faint|p2b: KARMA\n|\n|upkeep\n|inactive|TheMoistFetus has 120 seconds left.\n|inactive|TheMoistFetus has 90 seconds left.\n|\n|t:|1700435573\n|switch|p2b: AMOEBA|Zygarde|100\/100\n|switch|p2a: TEMPTRESS|Gardevoir, F, shiny|100\/100\n|-damage|p2a: TEMPTRESS|88\/100|[from] Stealth Rock\n|-damage|p2b: AMOEBA|94\/100|[from] Stealth Rock\n|-ability|p2b: AMOEBA|Aura Break\n|turn|8\n|inactive|TheMoistFetus has 90 seconds left.\n|\n|t:|1700435589\n|detailschange|p2a: TEMPTRESS|Gardevoir-Mega, F, shiny\n|-mega|p2a: TEMPTRESS|Gardevoir|Gardevoirite\n|move|p1b: Roaring Moon|Iron Head|p2a: TEMPTRESS\n|-supereffective|p2a: TEMPTRESS\n|-damage|p2a: TEMPTRESS|0 fnt\n|faint|p2a: TEMPTRESS\n|move|p2b: AMOEBA|Dragon Dance|p2b: AMOEBA\n|-boost|p2b: AMOEBA|atk|1\n|-boost|p2b: AMOEBA|spe|1\n|move|p1a: Mawile|Ice Punch|p2b: AMOEBA\n|-supereffective|p2b: AMOEBA\n|-damage|p2b: AMOEBA|0 fnt\n|faint|p2b: AMOEBA\n|\n|upkeep\n|c|\u2606TheMoistFetus|ggs\n|\n|t:|1700435604\n|switch|p2a: LIGHTWEIGHT|Zamazenta|98\/100\n|switch|p2b: CURSES|Sinistcha-Masterpiece|16\/100\n|-damage|p2a: LIGHTWEIGHT|92\/100|[from] Stealth Rock\n|-damage|p2b: CURSES|3\/100|[from] Stealth Rock\n|-heal|p2a: LIGHTWEIGHT|100\/100|[from] ability: Hospitality|[of] p2b: CURSES\n|turn|9\n|inactive|TheMoistFetus has 90 seconds left.\n|\n|t:|1700435618\n|move|p1b: Roaring Moon|Acrobatics|p2a: LIGHTWEIGHT\n|-supereffective|p2a: LIGHTWEIGHT\n|-damage|p2a: LIGHTWEIGHT|44\/100\n|move|p2a: LIGHTWEIGHT|Play Rough|p1b: Roaring Moon\n|-supereffective|p1b: Roaring Moon\n|-damage|p1b: Roaring Moon|0 fnt\n|faint|p1b: Roaring Moon\n|-end|p1b: Roaring Moon|Protosynthesis|[silent]\n|move|p1a: Mawile|Play Rough|p2b: CURSES|[miss]\n|-miss|p1a: Mawile|p2b: CURSES\n|move|p2b: CURSES|Matcha Gotcha|p1a: Mawile\n|-resisted|p1a: Mawile\n|-damage|p1a: Mawile|70\/100\n|-heal|p2b: CURSES|12\/100|[from] drain|[of] p1a: Mawile\n|\n|-heal|p2a: LIGHTWEIGHT|50\/100|[from] item: Leftovers\n|upkeep\n|\n|t:|1700435642\n|switch|p1b: Kartana|Kartana, shiny|100\/100\n|-damage|p1b: Kartana|94\/100|[from] Stealth Rock\n|turn|10\n|\n|t:|1700435660\n|-terastallize|p2a: LIGHTWEIGHT|Steel\n|move|p1a: Mawile|Sucker Punch|p2b: CURSES\n|-supereffective|p2b: CURSES\n|-damage|p2b: CURSES|0 fnt\n|-damage|p1a: Mawile|54\/100|[from] item: Rocky Helmet|[of] p2b: CURSES\n|faint|p2b: CURSES\n|move|p1b: Kartana|Leaf Blade|p2a: LIGHTWEIGHT\n|-resisted|p2a: LIGHTWEIGHT\n|-damage|p2a: LIGHTWEIGHT|23\/100\n|move|p2a: LIGHTWEIGHT|Body Press|p1b: Kartana\n|-supereffective|p1b: Kartana\n|-damage|p1b: Kartana|6\/100\n|\n|-heal|p2a: LIGHTWEIGHT|29\/100|[from] item: Leftovers\n|upkeep\n|turn|11\n|j| Geeta's feetpics\n|l| Geeta's feetpics\n|inactive|TheMoistFetus has 120 seconds left.\n|\n|t:|1700435675\n|move|p1a: Mawile|Sucker Punch||[still]\n|-fail|p1a: Mawile\n|move|p1b: Kartana|Leaf Blade|p2a: LIGHTWEIGHT\n|-resisted|p2a: LIGHTWEIGHT\n|-damage|p2a: LIGHTWEIGHT|5\/100\n|move|p2a: LIGHTWEIGHT|Coaching|p2: CURSES|[notarget]\n|-fail|p2a: LIGHTWEIGHT\n|\n|-heal|p2a: LIGHTWEIGHT|11\/100|[from] item: Leftovers\n|upkeep\n|turn|12\n|\n|t:|1700435689\n|move|p1a: Mawile|Sucker Punch|p2a: LIGHTWEIGHT\n|-damage|p2a: LIGHTWEIGHT|0 fnt\n|faint|p2a: LIGHTWEIGHT\n|\n|win|Brick_Enjoyer_144\n|raw|Brick_Enjoyer_144's rating: 1178 &rarr; <strong>1214<\/strong><br \/>(+36 for winning)\n|raw|TheMoistFetus's rating: 1340 &rarr; <strong>1311<\/strong><br \/>(-29 for losing)\n|l|\u2606TheMoistFetus\n","uploadtime":1700435697,"views":3,"p1id":"brickenjoyer144","p2id":"themoistfetus","formatid":"gen9nationaldexdoubles","rating":1214,"private":0,"password":""}