{"id":"gen9nationaldexdoubles-1957186882","p1":"Theadonia","p2":"WhitneyNormaltype","format":"[Gen 9] National Dex Doubles","log":"|j|\u2606Theadonia\n|j|\u2606WhitneyNormaltype\n|t:|1696193816\n|gametype|doubles\n|player|p1|Theadonia|caitlin|1057\n|player|p2|WhitneyNormaltype|unknownf|1138\n|teamsize|p1|6\n|teamsize|p2|6\n|gen|9\n|tier|[Gen 9] National Dex Doubles\n|rated|\n|rule|HP Percentage Mod: HP is shown in percentages\n|rule|Endless Battle Clause: Forcing endless battles is banned\n|rule|OHKO Clause: OHKO moves are banned\n|rule|Evasion Moves Clause: Evasion moves are banned\n|rule|Evasion Abilities Clause: Evasion abilities are banned\n|rule|Species Clause: Limit one of each Pok\u00e9mon\n|rule|Gravity Sleep Clause: The combination of sleep-inducing moves with imperfect accuracy and Gravity or Gigantamax Orbeetle are banned\n|clearpoke\n|poke|p1|Delphox, F|\n|poke|p1|Oricorio-Sensu, F|\n|poke|p1|Kommo-o, F|\n|poke|p1|Riolu, F|\n|poke|p1|Cresselia, F|\n|poke|p1|Gholdengo|\n|poke|p2|Wyrdeer, M|\n|poke|p2|Passimian, M|\n|poke|p2|Stantler, F|\n|poke|p2|Articuno-Galar|\n|poke|p2|Scream Tail|\n|poke|p2|Whimsicott, F|\n|teampreview\n|\n|t:|1696193844\n|start\n|switch|p1a: Delphox|Delphox, F, shiny|100\/100\n|switch|p1b: Oricorio|Oricorio-Sensu, F, shiny|100\/100\n|switch|p2a: Wyrdeer|Wyrdeer, M|100\/100\n|switch|p2b: Articuno|Articuno-Galar|100\/100\n|-ability|p2a: Wyrdeer|Intimidate|boost\n|-unboost|p1a: Delphox|atk|1\n|-unboost|p1b: Oricorio|atk|1\n|turn|1\n|\n|t:|1696193864\n|move|p2b: Articuno|Protect|p2b: Articuno\n|-singleturn|p2b: Articuno|Protect\n|move|p1a: Delphox|Role Play|p1b: Oricorio\n|-endability|p1a: Delphox|Magician|[from] move: Role Play\n|-ability|p1a: Delphox|Dancer|[from] move: Role Play|[of] p1b: Oricorio\n|move|p1b: Oricorio|Quiver Dance|p1b: Oricorio\n|-boost|p1b: Oricorio|spa|1\n|-boost|p1b: Oricorio|spd|1\n|-boost|p1b: Oricorio|spe|1\n|-activate|p1a: Delphox|ability: Dancer\n|move|p1a: Delphox|Quiver Dance|p1a: Delphox|[from]ability: Dancer\n|-boost|p1a: Delphox|spa|1\n|-boost|p1a: Delphox|spd|1\n|-boost|p1a: Delphox|spe|1\n|move|p2a: Wyrdeer|Skill Swap|p1b: Oricorio\n|-activate|p2a: Wyrdeer|move: Skill Swap|Dancer|Intimidate|[of] p1b: Oricorio\n|-ability|p1b: Oricorio|Intimidate|boost\n|-unboost|p2a: Wyrdeer|atk|1\n|-unboost|p2b: Articuno|atk|1\n|-ability|p2b: Articuno|Competitive|boost\n|-boost|p2b: Articuno|spa|2\n|-enditem|p2b: Articuno|Adrenaline Orb\n|-boost|p2b: Articuno|spe|1|[from] item: Adrenaline Orb\n|\n|upkeep\n|turn|2\n|\n|t:|1696193933\n|-terastallize|p2b: Articuno|Normal\n|move|p2a: Wyrdeer|Helping Hand|p2b: Articuno\n|-singleturn|p2b: Articuno|Helping Hand|[of] p2a: Wyrdeer\n|move|p1a: Delphox|Heat Wave|p2b: Articuno|[spread] p2a,p2b\n|-damage|p2a: Wyrdeer|54\/100\n|-damage|p2b: Articuno|43\/100\n|-status|p2b: Articuno|brn\n|move|p2b: Articuno|Hyper Voice|p1b: Oricorio|[spread] p1a\n|-immune|p1b: Oricorio\n|-crit|p1a: Delphox\n|-damage|p1a: Delphox|0 fnt\n|faint|p1a: Delphox\n|move|p1b: Oricorio|Revelation Dance|p2b: Articuno\n|-immune|p2b: Articuno\n|\n|-damage|p2b: Articuno|37\/100 brn|[from] brn\n|upkeep\n|\n|t:|1696193947\n|switch|p1a: Riolu|Riolu, F|100\/100\n|turn|3\n|\n|t:|1696193967\n|-terastallize|p1b: Oricorio|Fairy\n|move|p1a: Riolu|Role Play|p2a: Wyrdeer\n|-endability|p1a: Riolu|Prankster|[from] move: Role Play\n|-ability|p1a: Riolu|Dancer|[from] move: Role Play|[of] p2a: Wyrdeer\n|move|p2b: Articuno|Hyper Voice|p1a: Riolu|[spread] p1a,p1b\n|-damage|p1a: Riolu|0 fnt\n|-damage|p1b: Oricorio|31\/100\n|faint|p1a: Riolu\n|move|p1b: Oricorio|Revelation Dance|p2a: Wyrdeer\n|-damage|p2a: Wyrdeer|7\/100\n|-activate|p2a: Wyrdeer|ability: Dancer\n|move|p2a: Wyrdeer|Revelation Dance|p1b: Oricorio|[from]ability: Dancer\n|-damage|p1b: Oricorio|2\/100\n|-enditem|p1b: Oricorio|Aguav Berry|[eat]\n|-heal|p1b: Oricorio|35\/100|[from] item: Aguav Berry\n|move|p2a: Wyrdeer|Skill Swap|p2b: Articuno\n|-activate|p2a: Wyrdeer|move: Skill Swap|||[of] p2b: Articuno\n|\n|-damage|p2b: Articuno|31\/100 brn|[from] brn\n|upkeep\n|\n|t:|1696193995\n|switch|p1a: Gholdengo|Gholdengo, shiny|100\/100\n|turn|4\n|\n|t:|1696194039\n|switch|p1b: Cresselia|Cresselia, F|100\/100\n|move|p2b: Articuno|Shadow Ball|p1a: Gholdengo\n|-supereffective|p1a: Gholdengo\n|-damage|p1a: Gholdengo|0 fnt\n|faint|p1a: Gholdengo\n|move|p2a: Wyrdeer|Psychic|p1b: Cresselia\n|-resisted|p1b: Cresselia\n|-damage|p1b: Cresselia|89\/100\n|\n|-heal|p1b: Cresselia|95\/100|[from] item: Leftovers\n|-damage|p2b: Articuno|24\/100 brn|[from] brn\n|upkeep\n|\n|t:|1696194052\n|switch|p1a: Kommo-o|Kommo-o, F, shiny|100\/100\n|turn|5\n|\n|t:|1696194066\n|move|p2b: Articuno|Protect|p2b: Articuno\n|-singleturn|p2b: Articuno|Protect\n|-zpower|p1a: Kommo-o\n|move|p1a: Kommo-o|Clangorous Soulblaze|p2b: Articuno|[zeffect]|[spread] p2a,p2b\n|-crit|p2b: Articuno\n|-zbroken|p2b: Articuno\n|-damage|p2a: Wyrdeer|0 fnt\n|-damage|p2b: Articuno|5\/100 brn\n|faint|p2a: Wyrdeer\n|-boost|p1a: Kommo-o|atk|1\n|-boost|p1a: Kommo-o|def|1\n|-boost|p1a: Kommo-o|spa|1\n|-boost|p1a: Kommo-o|spd|1\n|-boost|p1a: Kommo-o|spe|1\n|move|p1b: Cresselia|Lunar Dance|p1b: Cresselia\n|faint|p1b: Cresselia\n|-activate|p2b: Articuno|ability: Dancer\n|move|p2b: Articuno|Lunar Dance|p2b: Articuno|[from]ability: Dancer\n|faint|p2b: Articuno\n|\n|upkeep\n|\n|t:|1696194101\n|switch|p2b: Scream Tail|Scream Tail|100\/100\n|switch|p1b: Oricorio|Oricorio-Sensu, F, shiny, tera:Fairy|35\/100\n|switch|p2a: Stantler|Stantler, F|100\/100\n|-heal|p1b: Oricorio|100\/100|[from] move: Lunar Dance\n|-ability|p2a: Stantler|Intimidate|boost\n|-unboost|p1a: Kommo-o|atk|1\n|-unboost|p1b: Oricorio|atk|1\n|turn|6\n|\n|t:|1696194116\n|move|p2a: Stantler|Protect|p2a: Stantler\n|-singleturn|p2a: Stantler|Protect\n|move|p1a: Kommo-o|Clangorous Soul|p1a: Kommo-o\n|-boost|p1a: Kommo-o|atk|1\n|-boost|p1a: Kommo-o|def|1\n|-boost|p1a: Kommo-o|spa|1\n|-boost|p1a: Kommo-o|spd|1\n|-boost|p1a: Kommo-o|spe|1\n|-damage|p1a: Kommo-o|68\/100\n|-activate|p1b: Oricorio|ability: Dancer\n|move|p1b: Oricorio|Clangorous Soul|p1b: Oricorio|[from]ability: Dancer\n|-boost|p1b: Oricorio|atk|1\n|-boost|p1b: Oricorio|def|1\n|-boost|p1b: Oricorio|spa|1\n|-boost|p1b: Oricorio|spd|1\n|-boost|p1b: Oricorio|spe|1\n|-damage|p1b: Oricorio|68\/100\n|move|p2b: Scream Tail|Reflect|p2b: Scream Tail\n|-sidestart|p2: WhitneyNormaltype|Reflect\n|move|p1b: Oricorio|Quiver Dance|p1b: Oricorio\n|-boost|p1b: Oricorio|spa|1\n|-boost|p1b: Oricorio|spd|1\n|-boost|p1b: Oricorio|spe|1\n|\n|upkeep\n|turn|7\n|\n|t:|1696194153\n|move|p1a: Kommo-o|Drain Punch|p2a: Stantler\n|-supereffective|p2a: Stantler\n|-damage|p2a: Stantler|46\/100\n|-heal|p1a: Kommo-o|99\/100|[from] drain|[of] p2a: Stantler\n|move|p1b: Oricorio|Defog|p2a: Stantler\n|-unboost|p2a: Stantler|evasion|1\n|-sideend|p2: WhitneyNormaltype|Reflect\n|move|p2b: Scream Tail|Fake Tears|p1a: Kommo-o\n|-unboost|p1a: Kommo-o|spd|2\n|move|p2a: Stantler|Toxic|p1a: Kommo-o\n|-status|p1a: Kommo-o|tox\n|\n|-damage|p1a: Kommo-o|93\/100 tox|[from] psn\n|upkeep\n|turn|8\n|\n|t:|1696194170\n|move|p2a: Stantler|Helping Hand|p2b: Scream Tail\n|-singleturn|p2b: Scream Tail|Helping Hand|[of] p2a: Stantler\n|move|p1a: Kommo-o|Poison Jab|p2b: Scream Tail\n|-supereffective|p2b: Scream Tail\n|-damage|p2b: Scream Tail|42\/100\n|move|p1b: Oricorio|Quiver Dance|p1b: Oricorio\n|-boost|p1b: Oricorio|spa|1\n|-boost|p1b: Oricorio|spd|1\n|-boost|p1b: Oricorio|spe|1\n|move|p2b: Scream Tail|Dazzling Gleam|p1b: Oricorio|[spread] p1a,p1b\n|-supereffective|p1a: Kommo-o\n|-damage|p1a: Kommo-o|0 fnt\n|-damage|p1b: Oricorio|56\/100\n|faint|p1a: Kommo-o\n|\n|-heal|p2b: Scream Tail|48\/100|[from] item: Leftovers\n|upkeep\n|turn|9\n|\n|t:|1696194193\n|-end|p2b: Scream Tail|Protosynthesis|[silent]\n|switch|p2b: Passimian|Passimian, M|100\/100\n|move|p1b: Oricorio|Revelation Dance|p2a: Stantler\n|-damage|p2a: Stantler|0 fnt\n|faint|p2a: Stantler\n|\n|upkeep\n|\n|t:|1696194200\n|switch|p2a: Whimsicott|Whimsicott, F|100\/100\n|turn|10\n|\n|t:|1696194218\n|move|p2b: Passimian|Protect|p2b: Passimian\n|-singleturn|p2b: Passimian|Protect\n|move|p2a: Whimsicott|Leech Seed|p1b: Oricorio\n|-start|p1b: Oricorio|move: Leech Seed\n|move|p1b: Oricorio|Revelation Dance|p2b: Passimian\n|-activate|p2b: Passimian|move: Protect\n|\n|-damage|p1b: Oricorio|44\/100|[from] Leech Seed|[of] p2a: Whimsicott\n|upkeep\n|turn|11\n|\n|t:|1696194238\n|move|p2a: Whimsicott|Substitute|p2a: Whimsicott\n|-start|p2a: Whimsicott|Substitute\n|-damage|p2a: Whimsicott|75\/100\n|move|p1b: Oricorio|Revelation Dance|p2b: Passimian\n|-supereffective|p2b: Passimian\n|-damage|p2b: Passimian|0 fnt\n|faint|p2b: Passimian\n|\n|-damage|p1b: Oricorio|31\/100|[from] Leech Seed|[of] p2a: Whimsicott\n|-heal|p2a: Whimsicott|89\/100|[silent]\n|upkeep\n|\n|t:|1696194245\n|switch|p2b: Scream Tail|Scream Tail|48\/100\n|-heal|p2b: Scream Tail|100\/100|[from] move: Lunar Dance\n|turn|12\n|\n|t:|1696194262\n|move|p2a: Whimsicott|Protect|p2a: Whimsicott\n|-singleturn|p2a: Whimsicott|Protect\n|move|p1b: Oricorio|Roost|p1b: Oricorio\n|-heal|p1b: Oricorio|81\/100\n|move|p2b: Scream Tail|Light Screen|p2b: Scream Tail\n|-sidestart|p2: WhitneyNormaltype|move: Light Screen\n|\n|-damage|p1b: Oricorio|69\/100|[from] Leech Seed|[of] p2a: Whimsicott\n|-heal|p2a: Whimsicott|100\/100|[silent]\n|upkeep\n|turn|13\n|\n|t:|1696194273\n|move|p2a: Whimsicott|Tailwind|p2a: Whimsicott\n|-sidestart|p2: WhitneyNormaltype|move: Tailwind\n|move|p2b: Scream Tail|Fake Tears|p1b: Oricorio\n|-unboost|p1b: Oricorio|spd|2\n|move|p1b: Oricorio|Quiver Dance|p1b: Oricorio\n|-boost|p1b: Oricorio|spa|1\n|-boost|p1b: Oricorio|spd|1\n|-boost|p1b: Oricorio|spe|1\n|\n|-damage|p1b: Oricorio|56\/100|[from] Leech Seed|[of] p2a: Whimsicott\n|upkeep\n|turn|14\n|\n|t:|1696194298\n|move|p2a: Whimsicott|Protect|p2a: Whimsicott\n|-singleturn|p2a: Whimsicott|Protect\n|move|p2b: Scream Tail|Fake Tears|p1b: Oricorio\n|-unboost|p1b: Oricorio|spd|2\n|move|p1b: Oricorio|Revelation Dance|p2b: Scream Tail\n|-damage|p2b: Scream Tail|58\/100\n|\n|-heal|p2b: Scream Tail|65\/100|[from] item: Leftovers\n|-damage|p1b: Oricorio|44\/100|[from] Leech Seed|[of] p2a: Whimsicott\n|upkeep\n|turn|15\n|\n|t:|1696194324\n|move|p2a: Whimsicott|Leech Seed|p1b: Oricorio|[miss]\n|-miss|p2a: Whimsicott|p1b: Oricorio\n|move|p2b: Scream Tail|Dazzling Gleam|p1b: Oricorio\n|-damage|p1b: Oricorio|18\/100\n|move|p1b: Oricorio|Quiver Dance|p1b: Oricorio\n|-boost|p1b: Oricorio|spa|1\n|-boost|p1b: Oricorio|spd|1\n|-boost|p1b: Oricorio|spe|1\n|\n|-heal|p2b: Scream Tail|71\/100|[from] item: Leftovers\n|-damage|p1b: Oricorio|6\/100|[from] Leech Seed|[of] p2a: Whimsicott\n|upkeep\n|turn|16\n|\n|t:|1696194339\n|move|p2a: Whimsicott|Protect|p2a: Whimsicott\n|-singleturn|p2a: Whimsicott|Protect\n|move|p1b: Oricorio|Roost|p1b: Oricorio\n|-heal|p1b: Oricorio|56\/100\n|move|p2b: Scream Tail|Dazzling Gleam|p1b: Oricorio\n|-damage|p1b: Oricorio|39\/100\n|\n|-heal|p2b: Scream Tail|77\/100|[from] item: Leftovers\n|-damage|p1b: Oricorio|27\/100|[from] Leech Seed|[of] p2a: Whimsicott\n|-sideend|p2: WhitneyNormaltype|move: Light Screen\n|-sideend|p2: WhitneyNormaltype|move: Tailwind\n|upkeep\n|turn|17\n|\n|t:|1696194351\n|move|p2a: Whimsicott|Tailwind|p2a: Whimsicott\n|-sidestart|p2: WhitneyNormaltype|move: Tailwind\n|move|p1b: Oricorio|Revelation Dance|p2b: Scream Tail\n|-damage|p2b: Scream Tail|2\/100\n|move|p2b: Scream Tail|Light Screen|p2b: Scream Tail\n|-sidestart|p2: WhitneyNormaltype|move: Light Screen\n|\n|-heal|p2b: Scream Tail|8\/100|[from] item: Leftovers\n|-damage|p1b: Oricorio|14\/100|[from] Leech Seed|[of] p2a: Whimsicott\n|upkeep\n|turn|18\n|\n|t:|1696194373\n|move|p2a: Whimsicott|Protect|p2a: Whimsicott\n|-singleturn|p2a: Whimsicott|Protect\n|move|p1b: Oricorio|Revelation Dance|p2b: Scream Tail\n|-damage|p2b: Scream Tail|0 fnt\n|faint|p2b: Scream Tail\n|-end|p2b: Scream Tail|Protosynthesis|[silent]\n|\n|-damage|p1b: Oricorio|2\/100|[from] Leech Seed|[of] p2a: Whimsicott\n|upkeep\n|turn|19\n|\n|t:|1696194406\n|move|p2a: Whimsicott|Substitute|p2a: Whimsicott\n|-fail|p2a: Whimsicott|move: Substitute\n|move|p1b: Oricorio|Roost|p1b: Oricorio\n|-heal|p1b: Oricorio|52\/100\n|\n|-damage|p1b: Oricorio|39\/100|[from] Leech Seed|[of] p2a: Whimsicott\n|upkeep\n|turn|20\n|\n|t:|1696194414\n|move|p2a: Whimsicott|Tailwind||[still]\n|-fail|p2a: Whimsicott\n|move|p1b: Oricorio|Roost|p1b: Oricorio\n|-heal|p1b: Oricorio|89\/100\n|\n|-damage|p1b: Oricorio|77\/100|[from] Leech Seed|[of] p2a: Whimsicott\n|-sideend|p2: WhitneyNormaltype|move: Tailwind\n|upkeep\n|turn|21\n|\n|t:|1696194420\n|move|p2a: Whimsicott|Tailwind|p2a: Whimsicott\n|-sidestart|p2: WhitneyNormaltype|move: Tailwind\n|move|p1b: Oricorio|Revelation Dance|p2a: Whimsicott\n|-end|p2a: Whimsicott|Substitute\n|\n|-damage|p1b: Oricorio|64\/100|[from] Leech Seed|[of] p2a: Whimsicott\n|-sideend|p2: WhitneyNormaltype|move: Light Screen\n|upkeep\n|turn|22\n|\n|t:|1696194428\n|move|p2a: Whimsicott|Substitute|p2a: Whimsicott\n|-start|p2a: Whimsicott|Substitute\n|-damage|p2a: Whimsicott|75\/100\n|move|p1b: Oricorio|Quiver Dance|p1b: Oricorio\n|-boost|p1b: Oricorio|spa|1\n|-boost|p1b: Oricorio|spd|1\n|-boost|p1b: Oricorio|spe|1\n|\n|-damage|p1b: Oricorio|52\/100|[from] Leech Seed|[of] p2a: Whimsicott\n|-heal|p2a: Whimsicott|89\/100|[silent]\n|upkeep\n|turn|23\n|\n|t:|1696194436\n|move|p2a: Whimsicott|Protect|p2a: Whimsicott\n|-singleturn|p2a: Whimsicott|Protect\n|move|p1b: Oricorio|Revelation Dance|p2a: Whimsicott\n|-activate|p2a: Whimsicott|move: Protect\n|\n|-damage|p1b: Oricorio|39\/100|[from] Leech Seed|[of] p2a: Whimsicott\n|-heal|p2a: Whimsicott|100\/100|[silent]\n|upkeep\n|turn|24\n|\n|t:|1696194445\n|move|p2a: Whimsicott|Protect|p2a: Whimsicott\n|-singleturn|p2a: Whimsicott|Protect\n|move|p1b: Oricorio|Defog|p2a: Whimsicott\n|-activate|p2a: Whimsicott|move: Protect\n|\n|-damage|p1b: Oricorio|27\/100|[from] Leech Seed|[of] p2a: Whimsicott\n|-sideend|p2: WhitneyNormaltype|move: Tailwind\n|upkeep\n|turn|25\n|\n|t:|1696194455\n|move|p2a: Whimsicott|Tailwind|p2a: Whimsicott\n|-sidestart|p2: WhitneyNormaltype|move: Tailwind\n|move|p1b: Oricorio|Roost|p1b: Oricorio\n|-heal|p1b: Oricorio|77\/100\n|\n|-damage|p1b: Oricorio|64\/100|[from] Leech Seed|[of] p2a: Whimsicott\n|upkeep\n|turn|26\n|c|\u2606WhitneyNormaltype|well this is certainty something\n|\n|t:|1696194498\n|move|p2a: Whimsicott|Tailwind||[still]\n|-fail|p2a: Whimsicott\n|move|p1b: Oricorio|Quiver Dance|p1b: Oricorio\n|-boost|p1b: Oricorio|spa|0\n|-boost|p1b: Oricorio|spd|1\n|-boost|p1b: Oricorio|spe|0\n|\n|-damage|p1b: Oricorio|52\/100|[from] Leech Seed|[of] p2a: Whimsicott\n|upkeep\n|turn|27\n|\n|t:|1696194512\n|move|p2a: Whimsicott|Tailwind||[still]\n|-fail|p2a: Whimsicott\n|move|p1b: Oricorio|Revelation Dance|p2a: Whimsicott\n|-end|p2a: Whimsicott|Substitute\n|\n|-damage|p1b: Oricorio|39\/100|[from] Leech Seed|[of] p2a: Whimsicott\n|upkeep\n|turn|28\n|c|\u2606Theadonia|It tis it tis\n|\n|t:|1696194524\n|move|p2a: Whimsicott|Substitute|p2a: Whimsicott\n|-start|p2a: Whimsicott|Substitute\n|-damage|p2a: Whimsicott|75\/100\n|move|p1b: Oricorio|Roost|p1b: Oricorio\n|-heal|p1b: Oricorio|89\/100\n|\n|-damage|p1b: Oricorio|77\/100|[from] Leech Seed|[of] p2a: Whimsicott\n|-heal|p2a: Whimsicott|89\/100|[silent]\n|-sideend|p2: WhitneyNormaltype|move: Tailwind\n|upkeep\n|turn|29\n|\n|t:|1696194537\n|move|p2a: Whimsicott|Protect|p2a: Whimsicott\n|-singleturn|p2a: Whimsicott|Protect\n|move|p1b: Oricorio|Defog|p2a: Whimsicott\n|-activate|p2a: Whimsicott|move: Protect\n|\n|-damage|p1b: Oricorio|64\/100|[from] Leech Seed|[of] p2a: Whimsicott\n|-heal|p2a: Whimsicott|100\/100|[silent]\n|upkeep\n|turn|30\n|\n|t:|1696194542\n|move|p2a: Whimsicott|Tailwind|p2a: Whimsicott\n|-sidestart|p2: WhitneyNormaltype|move: Tailwind\n|move|p1b: Oricorio|Defog||[still]\n|-fail|p1b: Oricorio\n|\n|-damage|p1b: Oricorio|52\/100|[from] Leech Seed|[of] p2a: Whimsicott\n|upkeep\n|turn|31\n|\n|t:|1696194548\n|move|p2a: Whimsicott|Tailwind||[still]\n|-fail|p2a: Whimsicott\n|move|p1b: Oricorio|Revelation Dance|p2a: Whimsicott\n|-end|p2a: Whimsicott|Substitute\n|\n|-damage|p1b: Oricorio|39\/100|[from] Leech Seed|[of] p2a: Whimsicott\n|upkeep\n|turn|32\n|\n|t:|1696194553\n|move|p2a: Whimsicott|Substitute|p2a: Whimsicott\n|-start|p2a: Whimsicott|Substitute\n|-damage|p2a: Whimsicott|75\/100\n|move|p1b: Oricorio|Roost|p1b: Oricorio\n|-heal|p1b: Oricorio|89\/100\n|\n|-damage|p1b: Oricorio|77\/100|[from] Leech Seed|[of] p2a: Whimsicott\n|-heal|p2a: Whimsicott|89\/100|[silent]\n|upkeep\n|turn|33\n|\n|t:|1696194561\n|move|p2a: Whimsicott|Tailwind||[still]\n|-fail|p2a: Whimsicott\n|move|p1b: Oricorio|Revelation Dance|p2a: Whimsicott\n|-end|p2a: Whimsicott|Substitute\n|\n|-damage|p1b: Oricorio|64\/100|[from] Leech Seed|[of] p2a: Whimsicott\n|-heal|p2a: Whimsicott|100\/100|[silent]\n|-sideend|p2: WhitneyNormaltype|move: Tailwind\n|upkeep\n|turn|34\n|\n|t:|1696194567\n|move|p2a: Whimsicott|Substitute|p2a: Whimsicott\n|-start|p2a: Whimsicott|Substitute\n|-damage|p2a: Whimsicott|75\/100\n|move|p1b: Oricorio|Revelation Dance|p2a: Whimsicott\n|-end|p2a: Whimsicott|Substitute\n|\n|-damage|p1b: Oricorio|52\/100|[from] Leech Seed|[of] p2a: Whimsicott\n|-heal|p2a: Whimsicott|89\/100|[silent]\n|upkeep\n|turn|35\n|\n|t:|1696194581\n|move|p2a: Whimsicott|Substitute|p2a: Whimsicott\n|-start|p2a: Whimsicott|Substitute\n|-damage|p2a: Whimsicott|64\/100\n|move|p1b: Oricorio|Revelation Dance|p2a: Whimsicott\n|-end|p2a: Whimsicott|Substitute\n|\n|-damage|p1b: Oricorio|39\/100|[from] Leech Seed|[of] p2a: Whimsicott\n|-heal|p2a: Whimsicott|78\/100|[silent]\n|upkeep\n|turn|36\n|\n|t:|1696194591\n|move|p2a: Whimsicott|Protect|p2a: Whimsicott\n|-singleturn|p2a: Whimsicott|Protect\n|move|p1b: Oricorio|Revelation Dance|p2a: Whimsicott\n|-activate|p2a: Whimsicott|move: Protect\n|\n|-damage|p1b: Oricorio|27\/100|[from] Leech Seed|[of] p2a: Whimsicott\n|-heal|p2a: Whimsicott|91\/100|[silent]\n|upkeep\n|turn|37\n|\n|t:|1696194599\n|move|p2a: Whimsicott|Substitute|p2a: Whimsicott\n|-start|p2a: Whimsicott|Substitute\n|-damage|p2a: Whimsicott|66\/100\n|move|p1b: Oricorio|Revelation Dance|p2a: Whimsicott\n|-end|p2a: Whimsicott|Substitute\n|\n|-damage|p1b: Oricorio|14\/100|[from] Leech Seed|[of] p2a: Whimsicott\n|-heal|p2a: Whimsicott|80\/100|[silent]\n|upkeep\n|turn|38\n|\n|t:|1696194614\n|move|p2a: Whimsicott|Protect|p2a: Whimsicott\n|-singleturn|p2a: Whimsicott|Protect\n|move|p1b: Oricorio|Roost|p1b: Oricorio\n|-heal|p1b: Oricorio|64\/100\n|\n|-damage|p1b: Oricorio|52\/100|[from] Leech Seed|[of] p2a: Whimsicott\n|-heal|p2a: Whimsicott|93\/100|[silent]\n|upkeep\n|turn|39\n|\n|t:|1696194622\n|move|p2a: Whimsicott|Substitute|p2a: Whimsicott\n|-start|p2a: Whimsicott|Substitute\n|-damage|p2a: Whimsicott|68\/100\n|move|p1b: Oricorio|Revelation Dance|p2a: Whimsicott\n|-end|p2a: Whimsicott|Substitute\n|\n|-damage|p1b: Oricorio|39\/100|[from] Leech Seed|[of] p2a: Whimsicott\n|-heal|p2a: Whimsicott|82\/100|[silent]\n|upkeep\n|turn|40\n|\n|t:|1696194634\n|move|p2a: Whimsicott|Protect|p2a: Whimsicott\n|-singleturn|p2a: Whimsicott|Protect\n|move|p1b: Oricorio|Revelation Dance|p2a: Whimsicott\n|-activate|p2a: Whimsicott|move: Protect\n|\n|-damage|p1b: Oricorio|27\/100|[from] Leech Seed|[of] p2a: Whimsicott\n|-heal|p2a: Whimsicott|96\/100|[silent]\n|upkeep\n|turn|41\n|c|\u2606Theadonia|Welp gg\n|\n|t:|1696194643\n|move|p2a: Whimsicott|Substitute|p2a: Whimsicott\n|-start|p2a: Whimsicott|Substitute\n|-damage|p2a: Whimsicott|71\/100\n|move|p1b: Oricorio|Revelation Dance|p2a: Whimsicott\n|-end|p2a: Whimsicott|Substitute\n|\n|-damage|p1b: Oricorio|14\/100|[from] Leech Seed|[of] p2a: Whimsicott\n|-heal|p2a: Whimsicott|84\/100|[silent]\n|upkeep\n|turn|42\n|\n|t:|1696194651\n|move|p2a: Whimsicott|Protect|p2a: Whimsicott\n|-singleturn|p2a: Whimsicott|Protect\n|move|p1b: Oricorio|Revelation Dance|p2a: Whimsicott\n|-activate|p2a: Whimsicott|move: Protect\n|\n|-damage|p1b: Oricorio|2\/100|[from] Leech Seed|[of] p2a: Whimsicott\n|-heal|p2a: Whimsicott|98\/100|[silent]\n|upkeep\n|turn|43\n|c|\u2606WhitneyNormaltype|gg\n|\n|t:|1696194663\n|move|p2a: Whimsicott|Substitute|p2a: Whimsicott\n|-start|p2a: Whimsicott|Substitute\n|-damage|p2a: Whimsicott|73\/100\n|move|p1b: Oricorio|Revelation Dance|p2a: Whimsicott\n|-end|p2a: Whimsicott|Substitute\n|\n|-damage|p1b: Oricorio|0 fnt|[from] Leech Seed|[of] p2a: Whimsicott\n|-heal|p2a: Whimsicott|74\/100|[silent]\n|faint|p1b: Oricorio\n|\n|win|WhitneyNormaltype\n|upkeep\n|raw|Theadonia's rating: 1057 &rarr; <strong>1043<\/strong><br \/>(-14 for losing)\n|raw|WhitneyNormaltype's rating: 1138 &rarr; <strong>1157<\/strong><br \/>(+19 for winning)\n|l|\u2606Theadonia\n","uploadtime":1696194675,"views":7,"p1id":"theadonia","p2id":"whitneynormaltype","formatid":"gen9nationaldexdoubles","rating":1043,"private":0,"password":""}