{"id":"gen9nationaldexdoubles-1951176170","p1":"wadosk","p2":"Jodles","format":"[Gen 9] National Dex Doubles","log":"|j|\u2606wadosk\n|j|\u2606Jodles\n|t:|1695555512\n|gametype|doubles\n|player|p1|wadosk|furisodegirl-pink|\n|player|p2|Jodles|hilda|\n|teamsize|p1|6\n|teamsize|p2|6\n|gen|9\n|tier|[Gen 9] National Dex Doubles\n|rule|HP Percentage Mod: HP is shown in percentages\n|rule|Endless Battle Clause: Forcing endless battles is banned\n|rule|OHKO Clause: OHKO moves are banned\n|rule|Evasion Moves Clause: Evasion moves are banned\n|rule|Evasion Abilities Clause: Evasion abilities are banned\n|rule|Species Clause: Limit one of each Pok\u00e9mon\n|rule|Gravity Sleep Clause: The combination of sleep-inducing moves with imperfect accuracy and Gravity or Gigantamax Orbeetle are banned\n|clearpoke\n|poke|p1|Haxorus, F|\n|poke|p1|Ursaluna, M|\n|poke|p1|Lilligant, F|\n|poke|p1|Bewear, F|\n|poke|p1|Feraligatr, M|\n|poke|p1|Gardevoir, F|\n|poke|p2|Pawmot, F|\n|poke|p2|Flutter Mane|\n|poke|p2|Garchomp, F|\n|poke|p2|Typhlosion, M|\n|poke|p2|Rillaboom, M|\n|poke|p2|Quaquaval, M|\n|teampreview\n|\n|t:|1695555557\n|start\n|switch|p1a: Pandy|Bewear, F|100\/100\n|switch|p1b: Mayu|Lilligant, F, shiny|100\/100\n|switch|p2a: Alpha|Rillaboom, M|100\/100\n|switch|p2b: Kamui|Garchomp, F|100\/100\n|-fieldstart|move: Grassy Terrain|[from] ability: Grassy Surge|[of] p2a: Alpha\n|turn|1\n|\n|t:|1695555588\n|move|p2a: Alpha|Fake Out|p1a: Pandy\n|-damage|p1a: Pandy|94\/100\n|move|p2b: Kamui|Swords Dance|p2b: Kamui\n|-boost|p2b: Kamui|atk|2\n|move|p1b: Mayu|Sleep Powder|p2b: Kamui\n|-status|p2b: Kamui|slp|[from] move: Sleep Powder\n|cant|p1a: Pandy|flinch\n|\n|-heal|p1a: Pandy|99\/100|[from] Grassy Terrain\n|-heal|p1a: Pandy|100\/100|[from] item: Leftovers\n|upkeep\n|turn|2\n|\n|t:|1695555637\n|-terastallize|p2a: Alpha|Fighting\n|cant|p2b: Kamui|slp\n|move|p1b: Mayu|Quiver Dance|p1b: Mayu\n|-boost|p1b: Mayu|spa|1\n|-boost|p1b: Mayu|spd|1\n|-boost|p1b: Mayu|spe|1\n|move|p2a: Alpha|Drain Punch|p1a: Pandy\n|-supereffective|p1a: Pandy\n|-damage|p1a: Pandy|59\/100\n|move|p1a: Pandy|Return|p2b: Kamui\n|-crit|p2b: Kamui\n|-damage|p2b: Kamui|20\/100 slp\n|-damage|p1a: Pandy|47\/100|[from] ability: Rough Skin|[of] p2b: Kamui\n|\n|-heal|p2b: Kamui|27\/100 slp|[from] Grassy Terrain\n|-heal|p1a: Pandy|53\/100|[from] Grassy Terrain\n|-heal|p1a: Pandy|59\/100|[from] item: Leftovers\n|upkeep\n|turn|3\n|\n|t:|1695555694\n|move|p1b: Mayu|Petal Dance|p2b: Kamui\n|-crit|p2b: Kamui\n|-damage|p2b: Kamui|0 fnt\n|-damage|p1b: Mayu|88\/100|[from] ability: Rough Skin|[of] p2b: Kamui\n|faint|p2b: Kamui\n|move|p2a: Alpha|Drain Punch|p1b: Mayu\n|-damage|p1b: Mayu|24\/100\n|move|p1a: Pandy|Drain Punch|p2a: Alpha\n|-damage|p2a: Alpha|52\/100\n|-heal|p1a: Pandy|78\/100|[from] drain|[of] p2a: Alpha\n|\n|-heal|p1b: Mayu|30\/100|[from] Grassy Terrain\n|-heal|p2a: Alpha|58\/100|[from] Grassy Terrain\n|-heal|p2a: Alpha|64\/100|[from] item: Leftovers\n|-heal|p1a: Pandy|84\/100|[from] Grassy Terrain\n|-heal|p1a: Pandy|90\/100|[from] item: Leftovers\n|upkeep\n|\n|t:|1695555712\n|switch|p2b: Dawg|Pawmot, F|100\/100\n|-item|p2b: Dawg|Air Balloon\n|turn|4\n|\n|t:|1695555736\n|move|p2b: Dawg|Fake Out|p1b: Mayu\n|-damage|p1b: Mayu|9\/100\n|cant|p1b: Mayu|flinch\n|move|p2a: Alpha|Drain Punch|p1b: Mayu\n|-damage|p1b: Mayu|0 fnt\n|-heal|p2a: Alpha|68\/100|[from] drain|[of] p1b: Mayu\n|faint|p1b: Mayu\n|move|p1a: Pandy|Return|p2a: Alpha\n|-damage|p2a: Alpha|3\/100\n|\n|-heal|p2a: Alpha|10\/100|[from] Grassy Terrain\n|-heal|p2a: Alpha|16\/100|[from] item: Leftovers\n|-heal|p1a: Pandy|96\/100|[from] Grassy Terrain\n|-heal|p1a: Pandy|100\/100|[from] item: Leftovers\n|upkeep\n|\n|t:|1695555751\n|switch|p1b: Rex|Feraligatr, M|100\/100\n|turn|5\n|\n|t:|1695555772\n|move|p1b: Rex|Aqua Jet|p2a: Alpha\n|-damage|p2a: Alpha|0 fnt\n|faint|p2a: Alpha\n|-damage|p1b: Rex|91\/100|[from] item: Life Orb\n|move|p2b: Dawg|Close Combat|p1a: Pandy\n|-supereffective|p1a: Pandy\n|-damage|p1a: Pandy|51\/100\n|-unboost|p2b: Dawg|def|1\n|-unboost|p2b: Dawg|spd|1\n|move|p1a: Pandy|Return|p2b: Dawg\n|-damage|p2b: Dawg|0 fnt\n|-enditem|p2b: Dawg|Air Balloon\n|faint|p2b: Dawg\n|\n|-heal|p1b: Rex|97\/100|[from] Grassy Terrain\n|-heal|p1a: Pandy|57\/100|[from] Grassy Terrain\n|-heal|p1a: Pandy|63\/100|[from] item: Leftovers\n|-fieldend|move: Grassy Terrain\n|upkeep\n|\n|t:|1695555796\n|switch|p2b: Johnny|Quaquaval, M|100\/100\n|switch|p2a: Nikki|Flutter Mane|100\/100\n|-enditem|p2a: Nikki|Booster Energy\n|-activate|p2a: Nikki|ability: Protosynthesis|[fromitem]\n|-start|p2a: Nikki|protosynthesisspa\n|turn|6\n|\n|t:|1695555824\n|-terastallize|p1a: Pandy|Water\n|move|p2a: Nikki|Dazzling Gleam|p1b: Rex|[spread] p1a,p1b\n|-damage|p1a: Pandy|14\/100\n|-damage|p1b: Rex|40\/100\n|move|p1b: Rex|Crunch|p2a: Nikki\n|-damage|p2a: Nikki|18\/100\n|move|p2b: Johnny|Aqua Step|p1a: Pandy\n|-resisted|p1a: Pandy\n|-damage|p1a: Pandy|1\/100\n|-boost|p2b: Johnny|spe|1\n|-damage|p2b: Johnny|91\/100|[from] item: Life Orb\n|move|p1a: Pandy|Drain Punch|p2b: Johnny\n|-damage|p2b: Johnny|35\/100\n|-heal|p1a: Pandy|21\/100|[from] drain|[of] p2b: Johnny\n|\n|-heal|p1a: Pandy|27\/100|[from] item: Leftovers\n|upkeep\n|turn|7\n|\n|t:|1695555857\n|move|p1b: Rex|Aqua Jet|p2a: Nikki\n|-damage|p2a: Nikki|0 fnt\n|faint|p2a: Nikki\n|-end|p2a: Nikki|Protosynthesis|[silent]\n|-damage|p1b: Rex|30\/100|[from] item: Life Orb\n|move|p2b: Johnny|Knock Off|p1a: Pandy\n|-damage|p1a: Pandy|7\/100\n|-enditem|p1a: Pandy|Leftovers|[from] move: Knock Off|[of] p2b: Johnny\n|-damage|p2b: Johnny|25\/100|[from] item: Life Orb\n|move|p1a: Pandy|Earthquake|p2b: Johnny|[spread] p1b,p2b\n|-damage|p1b: Rex|0 fnt\n|-damage|p2b: Johnny|0 fnt\n|faint|p1b: Rex\n|faint|p2b: Johnny\n|\n|upkeep\n|\n|t:|1695555883\n|switch|p1b: Kagooya|Gardevoir, F|100\/100\n|switch|p2b: Shoto|Typhlosion, M|100\/100\n|-ability|p1b: Kagooya|Flash Fire|[from] ability: Trace|[of] p2b: Shoto\n|turn|8\n|\n|t:|1695555951\n|detailschange|p1b: Kagooya|Gardevoir-Mega, F\n|-mega|p1b: Kagooya|Gardevoir|Gardevoirite\n|move|p1b: Kagooya|Hyper Voice|p2b: Shoto\n|-resisted|p2b: Shoto\n|-damage|p2b: Shoto|60\/100\n|move|p2b: Shoto|Eruption|p1b: Kagooya|[spread] p1a,p1b\n|-resisted|p1a: Pandy\n|-damage|p1a: Pandy|0 fnt\n|-damage|p1b: Kagooya|52\/100\n|faint|p1a: Pandy\n|\n|upkeep\n|\n|t:|1695555964\n|switch|p1a: Muffin|Ursaluna, M|100\/100\n|turn|9\n|\n|t:|1695555973\n|move|p1b: Kagooya|Thunderbolt|p1a: Muffin\n|-immune|p1a: Muffin\n|move|p2b: Shoto|Eruption|p1b: Kagooya|[spread] p1a,p1b\n|-damage|p1a: Muffin|57\/100\n|-damage|p1b: Kagooya|4\/100\n|move|p1a: Muffin|Earthquake|p2b: Shoto|[spread] p1b,p2b\n|-supereffective|p2b: Shoto\n|-damage|p1b: Kagooya|0 fnt\n|-damage|p2b: Shoto|0 fnt\n|faint|p1b: Kagooya\n|faint|p2b: Shoto\n|\n|win|wadosk\n","uploadtime":1695555985,"views":29,"p1id":"wadosk","p2id":"jodles","formatid":"gen9nationaldexdoubles","rating":0,"private":0,"password":""}