{"id":"gen9nationaldexdoubles-1997702590","p1":"Andres624342","p2":"Theadonia","format":"[Gen 9] National Dex Doubles","log":"|j|\u2606Andres624342\n|j|\u2606Theadonia\n|t:|1700843526\n|gametype|doubles\n|player|p1|Andres624342|266|1077\n|player|p2|Theadonia|roxie|1093\n|teamsize|p1|6\n|teamsize|p2|6\n|gen|9\n|tier|[Gen 9] National Dex Doubles\n|rated|\n|rule|HP Percentage Mod: HP is shown in percentages\n|rule|Endless Battle Clause: Forcing endless battles is banned\n|rule|OHKO Clause: OHKO moves are banned\n|rule|Evasion Moves Clause: Evasion moves are banned\n|rule|Evasion Abilities Clause: Evasion abilities are banned\n|rule|Species Clause: Limit one of each Pok\u00e9mon\n|rule|Gravity Sleep Clause: The combination of sleep-inducing moves with imperfect accuracy and Gravity or Gigantamax Orbeetle are banned\n|clearpoke\n|poke|p1|Sawsbuck, F|\n|poke|p1|Torkoal, F|\n|poke|p1|Wigglytuff, M|\n|poke|p1|Lycanroc, M|\n|poke|p1|Tangrowth, F|\n|poke|p1|Indeedee-F, F|\n|poke|p2|Delphox, F|\n|poke|p2|Oricorio-Sensu, M|\n|poke|p2|Kommo-o, F|\n|poke|p2|Wailord, M|\n|poke|p2|Cresselia, F|\n|poke|p2|Ribombee, M|\n|teampreview\n|\n|t:|1700843541\n|start\n|switch|p1a: Torkoal|Torkoal, F|100\/100\n|switch|p1b: Indeedee|Indeedee-F, F|100\/100\n|switch|p2a: Oricorio|Oricorio-Sensu, M, shiny|100\/100\n|switch|p2b: Ribombee|Ribombee, M|100\/100\n|-weather|SunnyDay|[from] ability: Drought|[of] p1a: Torkoal\n|turn|1\n|\n|t:|1700843556\n|move|p2b: Ribombee|Quiver Dance|p2b: Ribombee\n|-boost|p2b: Ribombee|spa|1\n|-boost|p2b: Ribombee|spd|1\n|-boost|p2b: Ribombee|spe|1\n|-activate|p2a: Oricorio|ability: Dancer\n|move|p2a: Oricorio|Quiver Dance|p2a: Oricorio|[from]ability: Dancer\n|-boost|p2a: Oricorio|spa|1\n|-boost|p2a: Oricorio|spd|1\n|-boost|p2a: Oricorio|spe|1\n|move|p2a: Oricorio|Quiver Dance|p2a: Oricorio\n|-boost|p2a: Oricorio|spa|1\n|-boost|p2a: Oricorio|spd|1\n|-boost|p2a: Oricorio|spe|1\n|move|p1a: Torkoal|Stealth Rock|p2b: Ribombee\n|-sidestart|p2: Theadonia|move: Stealth Rock\n|move|p1b: Indeedee|Trick Room|p1b: Indeedee\n|-fieldstart|move: Trick Room|[of] p1b: Indeedee\n|\n|-weather|SunnyDay|[upkeep]\n|upkeep\n|turn|2\n|\n|t:|1700843584\n|move|p1a: Torkoal|Clear Smog|p2b: Ribombee\n|-supereffective|p2b: Ribombee\n|-damage|p2b: Ribombee|68\/100\n|-clearboost|p2b: Ribombee\n|move|p1b: Indeedee|Psychic|p2b: Ribombee\n|-damage|p2b: Ribombee|9\/100\n|move|p2b: Ribombee|Quiver Dance|p2b: Ribombee\n|-boost|p2b: Ribombee|spa|1\n|-boost|p2b: Ribombee|spd|1\n|-boost|p2b: Ribombee|spe|1\n|-activate|p2a: Oricorio|ability: Dancer\n|move|p2a: Oricorio|Quiver Dance|p2a: Oricorio|[from]ability: Dancer\n|-boost|p2a: Oricorio|spa|1\n|-boost|p2a: Oricorio|spd|1\n|-boost|p2a: Oricorio|spe|1\n|move|p2a: Oricorio|Substitute|p2a: Oricorio\n|-start|p2a: Oricorio|Substitute\n|-damage|p2a: Oricorio|75\/100\n|\n|-weather|SunnyDay|[upkeep]\n|upkeep\n|turn|3\n|\n|t:|1700843609\n|move|p1a: Torkoal|Clear Smog|p2a: Oricorio\n|-resisted|p2a: Oricorio\n|-activate|p2a: Oricorio|move: Substitute|[damage]\n|move|p1b: Indeedee|Psychic|p2a: Oricorio\n|-activate|p2a: Oricorio|move: Substitute|[damage]\n|move|p2b: Ribombee|Speed Swap|p1a: Torkoal\n|-activate|p2b: Ribombee|move: Speed Swap|[of] p1a: Torkoal\n|move|p2a: Oricorio|Revelation Dance|p1a: Torkoal\n|-damage|p1a: Torkoal|0 fnt\n|faint|p1a: Torkoal\n|\n|-weather|SunnyDay|[upkeep]\n|upkeep\n|\n|t:|1700843628\n|switch|p1a: Wigglytuff|Wigglytuff, M|100\/100\n|turn|4\n|\n|t:|1700843637\n|move|p2b: Ribombee|Pollen Puff|p1b: Indeedee\n|-supereffective|p1b: Indeedee\n|-damage|p1b: Indeedee|0 fnt\n|faint|p1b: Indeedee\n|move|p1a: Wigglytuff|Dazzling Gleam|p2a: Oricorio|[spread] p2a,p2b\n|-end|p2a: Oricorio|Substitute\n|-damage|p2b: Ribombee|0 fnt\n|faint|p2b: Ribombee\n|move|p2a: Oricorio|Quiver Dance|p2a: Oricorio\n|-boost|p2a: Oricorio|spa|1\n|-boost|p2a: Oricorio|spd|1\n|-boost|p2a: Oricorio|spe|1\n|\n|-weather|SunnyDay|[upkeep]\n|upkeep\n|\n|t:|1700843652\n|switch|p1b: Lycanroc|Lycanroc, M|100\/100\n|switch|p2b: Cresselia|Cresselia, F|100\/100\n|-damage|p2b: Cresselia|88\/100|[from] Stealth Rock\n|turn|5\n|\n|t:|1700843666\n|-terastallize|p2a: Oricorio|Fairy\n|move|p1a: Wigglytuff|Dazzling Gleam|p2b: Cresselia|[spread] p2a,p2b\n|-damage|p2a: Oricorio|64\/100\n|-damage|p2b: Cresselia|71\/100\n|move|p2b: Cresselia|Psych Up|p2a: Oricorio\n|-copyboost|p2b: Cresselia|p2a: Oricorio|[from] move: Psych Up\n|move|p1b: Lycanroc|Rock Slide|p2a: Oricorio|[spread] p2a,p2b\n|-damage|p2a: Oricorio|41\/100\n|-damage|p2b: Cresselia|49\/100\n|cant|p2a: Oricorio|flinch\n|\n|-weather|none\n|-heal|p2b: Cresselia|55\/100|[from] item: Leftovers\n|-fieldend|move: Trick Room\n|upkeep\n|turn|6\n|\n|t:|1700843686\n|move|p1b: Lycanroc|Accelerock|p2a: Oricorio\n|-damage|p2a: Oricorio|23\/100\n|-enditem|p2a: Oricorio|Aguav Berry|[eat]\n|-heal|p2a: Oricorio|56\/100|[from] item: Aguav Berry\n|move|p2a: Oricorio|Baton Pass|p2a: Oricorio\n|\n|t:|1700843693\n|switch|p2a: Wailord|Wailord, M, shiny|100\/100|[from] Baton Pass\n|-damage|p2a: Wailord|88\/100|[from] Stealth Rock\n|-ability|p2a: Wailord|Pressure\n|move|p2b: Cresselia|Stored Power|p1b: Lycanroc\n|-damage|p1b: Lycanroc|0 fnt\n|faint|p1b: Lycanroc\n|move|p1a: Wigglytuff|Dazzling Gleam|p2a: Wailord|[spread] p2a,p2b\n|-damage|p2a: Wailord|79\/100\n|-damage|p2b: Cresselia|49\/100\n|\n|-heal|p2b: Cresselia|55\/100|[from] item: Leftovers\n|-heal|p2a: Wailord|85\/100|[from] item: Leftovers\n|upkeep\n|\n|t:|1700843709\n|switch|p1b: Tangrowth|Tangrowth, F|100\/100\n|turn|7\n|\n|t:|1700843717\n|move|p2b: Cresselia|Lunar Blessing|p2b: Cresselia|[spread] p2a,p2b\n|-heal|p2a: Wailord|100\/100\n|-heal|p2b: Cresselia|80\/100\n|move|p2a: Wailord|Water Spout|p1a: Wigglytuff|[spread] p1a,p1b\n|-resisted|p1b: Tangrowth\n|-damage|p1a: Wigglytuff|0 fnt\n|-damage|p1b: Tangrowth|2\/100\n|faint|p1a: Wigglytuff\n|move|p1b: Tangrowth|Power Whip|p2a: Wailord|[miss]\n|-miss|p1b: Tangrowth|p2a: Wailord\n|\n|-heal|p2b: Cresselia|86\/100|[from] item: Leftovers\n|-heal|p1b: Tangrowth|8\/100|[from] item: Leftovers\n|upkeep\n|\n|t:|1700843733\n|switch|p1a: Sawsbuck|Sawsbuck, F|100\/100\n|turn|8\n|\n|t:|1700843748\n|move|p2b: Cresselia|Lunar Blessing|p2b: Cresselia|[spread] p2a,p2b\n|-heal|p2b: Cresselia|100\/100\n|move|p2a: Wailord|Water Spout|p1a: Sawsbuck|[spread] p1a,p1b\n|-resisted|p1a: Sawsbuck\n|-resisted|p1b: Tangrowth\n|-enditem|p1a: Sawsbuck|Focus Sash\n|-damage|p1a: Sawsbuck|1\/100\n|-damage|p1b: Tangrowth|0 fnt\n|faint|p1b: Tangrowth\n|move|p1a: Sawsbuck|Horn Leech|p2a: Wailord\n|-supereffective|p2a: Wailord\n|-damage|p2a: Wailord|23\/100\n|-heal|p1a: Sawsbuck|71\/100|[from] drain|[of] p2a: Wailord\n|\n|-heal|p2a: Wailord|29\/100|[from] item: Leftovers\n|upkeep\n|turn|9\n|\n|t:|1700843768\n|move|p2b: Cresselia|Stored Power|p1a: Sawsbuck\n|-damage|p1a: Sawsbuck|0 fnt\n|faint|p1a: Sawsbuck\n|\n|win|Theadonia\n|raw|Andres624342's rating: 1077 &rarr; <strong>1056<\/strong><br \/>(-21 for losing)\n|raw|Theadonia's rating: 1093 &rarr; <strong>1118<\/strong><br \/>(+25 for winning)\n|c|\u2606Theadonia|Gg\n","uploadtime":1700843790,"views":0,"p1id":"andres624342","p2id":"theadonia","formatid":"gen9nationaldexdoubles","rating":1056,"private":0,"password":""}