{"id":"gen9nationaldexdoubles-1960540835","p1":"Intensityeee","p2":"The OG Trainer Red","format":"[Gen 9] National Dex Doubles","log":"|j|\u2606Intensityeee\n|j|\u2606The OG Trainer Red\n|t:|1696533164\n|gametype|doubles\n|player|p1|Intensityeee|guitarist|1032\n|player|p2|The OG Trainer Red|fisherman-gen4|1087\n|teamsize|p1|6\n|teamsize|p2|6\n|gen|9\n|tier|[Gen 9] National Dex Doubles\n|rated|\n|rule|HP Percentage Mod: HP is shown in percentages\n|rule|Endless Battle Clause: Forcing endless battles is banned\n|rule|OHKO Clause: OHKO moves are banned\n|rule|Evasion Moves Clause: Evasion moves are banned\n|rule|Evasion Abilities Clause: Evasion abilities are banned\n|rule|Species Clause: Limit one of each Pok\u00e9mon\n|rule|Gravity Sleep Clause: The combination of sleep-inducing moves with imperfect accuracy and Gravity or Gigantamax Orbeetle are banned\n|clearpoke\n|poke|p1|Gardevoir, M|\n|poke|p1|Chansey, F|\n|poke|p1|Honchkrow, F|\n|poke|p1|Arcanine, F|\n|poke|p1|Arbok, M|\n|poke|p1|Torterra, M|\n|poke|p2|Ninetales, F|\n|poke|p2|Leafeon, F|\n|poke|p2|Espeon, F|\n|poke|p2|Indeedee-F, F|\n|poke|p2|Ursaluna-Bloodmoon, M|\n|poke|p2|Umbreon, F|\n|teampreview\n|inactive|Battle timer is ON: inactive players will automatically lose when time's up. (requested by The OG Trainer Red)\n|\n|t:|1696533172\n|start\n|switch|p1a: Obligatory|Chansey, F|100\/100\n|switch|p1b: Gardevoir|Gardevoir, M|100\/100\n|switch|p2a: Espeon|Espeon, F|100\/100\n|switch|p2b: Indeedee|Indeedee-F, F|100\/100\n|-fieldstart|move: Psychic Terrain|[from] ability: Psychic Surge|[of] p2b: Indeedee\n|turn|1\n|-activate|p1a: Obligatory|item: Quick Claw\n|\n|t:|1696533194\n|move|p2b: Indeedee|Ally Switch|p2b: Indeedee\n|swap|p2b: Indeedee|0|[from] move: Ally Switch\n|move|p1a: Obligatory|Toxic|p2b: Espeon\n|move|p2b: Espeon|Toxic|p1a: Obligatory|[from]ability: Magic Bounce\n|-status|p1a: Obligatory|tox\n|move|p2b: Espeon|Calm Mind|p2b: Espeon\n|-boost|p2b: Espeon|spa|1\n|-boost|p2b: Espeon|spd|1\n|move|p1b: Gardevoir|Shadow Ball|p2a: Indeedee\n|-immune|p2a: Indeedee\n|\n|-damage|p1a: Obligatory|94\/100 tox|[from] psn\n|upkeep\n|turn|2\n|n|\u2606Intensityeee|intensityeee\n|\n|t:|1696533211\n|move|p2b: Espeon|Expanding Force|p1a: Obligatory|[spread] p1a,p1b\n|-resisted|p1b: Gardevoir\n|-damage|p1a: Obligatory|51\/100 tox\n|-damage|p1b: Gardevoir|53\/100\n|move|p1b: Gardevoir|Shadow Ball|p2b: Espeon\n|-supereffective|p2b: Espeon\n|-damage|p2b: Espeon|50\/100\n|move|p2a: Indeedee|Expanding Force|p1b: Gardevoir|[spread] p1a,p1b\n|-resisted|p1b: Gardevoir\n|-damage|p1a: Obligatory|27\/100 tox\n|-damage|p1b: Gardevoir|28\/100\n|move|p1a: Obligatory|Heal Bell|p1a: Obligatory\n|-activate|p1a: Obligatory|move: Heal Bell\n|-curestatus|p1a: Obligatory|tox|[msg]\n|\n|upkeep\n|turn|3\n|\n|t:|1696533233\n|detailschange|p1b: Gardevoir|Gardevoir-Mega, M\n|-mega|p1b: Gardevoir|Gardevoir|Gardevoirite\n|move|p1a: Obligatory|Ally Switch|p1a: Obligatory\n|swap|p1a: Obligatory|1|[from] move: Ally Switch\n|move|p2b: Espeon|Expanding Force|p1a: Gardevoir|[spread] p1a,p1b\n|-resisted|p1a: Gardevoir\n|-damage|p1a: Gardevoir|0 fnt\n|-damage|p1b: Obligatory|0 fnt\n|faint|p1a: Gardevoir\n|faint|p1b: Obligatory\n|move|p2a: Indeedee|Expanding Force|p1: Gardevoir|[notarget]\n|-fail|p2a: Indeedee\n|\n|upkeep\n|\n|t:|1696533243\n|switch|p1a: Honchkrow|Honchkrow, F|100\/100\n|switch|p1b: Arbok|Arbok, M|100\/100\n|-ability|p1b: Arbok|Intimidate|boost\n|-unboost|p2a: Indeedee|atk|1\n|-unboost|p2b: Espeon|atk|1\n|turn|4\n|\n|t:|1696533255\n|-terastallize|p2b: Espeon|Fairy\n|move|p2b: Espeon|Draining Kiss|p1a: Honchkrow\n|-supereffective|p1a: Honchkrow\n|-damage|p1a: Honchkrow|0 fnt\n|-heal|p2b: Espeon|100\/100|[from] drain|[of] p1a: Honchkrow\n|faint|p1a: Honchkrow\n|move|p1b: Arbok|Poison Fang|p2b: Espeon\n|-supereffective|p2b: Espeon\n|-damage|p2b: Espeon|27\/100\n|-status|p2b: Espeon|tox\n|move|p2a: Indeedee|Expanding Force|p1b: Arbok\n|-supereffective|p1b: Arbok\n|-damage|p1b: Arbok|0 fnt\n|faint|p1b: Arbok\n|\n|-damage|p2b: Espeon|21\/100 tox|[from] psn\n|upkeep\n|\n|t:|1696533270\n|switch|p1b: Arcanine|Arcanine, F|100\/100\n|switch|p1a: Torterra|Torterra, M|100\/100\n|-ability|p1b: Arcanine|Intimidate|boost\n|-unboost|p2a: Indeedee|atk|1\n|-unboost|p2b: Espeon|atk|1\n|turn|5\n|\n|t:|1696533280\n|move|p2b: Espeon|Expanding Force|p1a: Torterra|[spread] p1a,p1b\n|-damage|p1a: Torterra|4\/100\n|-damage|p1b: Arcanine|0 fnt\n|faint|p1b: Arcanine\n|move|p2a: Indeedee|Expanding Force|p1a: Torterra\n|-damage|p1a: Torterra|0 fnt\n|faint|p1a: Torterra\n|\n|win|The OG Trainer Red\n|raw|Intensityeee's rating: 1032 &rarr; <strong>1020<\/strong><br \/>(-12 for losing)\n|raw|The OG Trainer Red's rating: 1087 &rarr; <strong>1110<\/strong><br \/>(+23 for winning)\n|l|\u2606Intensityeee\n","uploadtime":1696533298,"views":3,"p1id":"intensityeee","p2id":"theogtrainerred","formatid":"gen9nationaldexdoubles","rating":1020,"private":0,"password":""}