{"id":"gen9nationaldexdoubles-1972449193","p1":"Actually try","p2":"Brick_Enjoyer_144","format":"[Gen 9] National Dex Doubles","log":"|j|\u2606Actually try\n|j|\u2606Brick_Enjoyer_144\n|t:|1697844077\n|gametype|doubles\n|player|p1|Actually try|1|1111\n|player|p2|Brick_Enjoyer_144|shauntal|1185\n|teamsize|p1|6\n|teamsize|p2|6\n|gen|9\n|tier|[Gen 9] National Dex Doubles\n|rated|\n|rule|HP Percentage Mod: HP is shown in percentages\n|rule|Endless Battle Clause: Forcing endless battles is banned\n|rule|OHKO Clause: OHKO moves are banned\n|rule|Evasion Moves Clause: Evasion moves are banned\n|rule|Evasion Abilities Clause: Evasion abilities are banned\n|rule|Species Clause: Limit one of each Pok\u00e9mon\n|rule|Gravity Sleep Clause: The combination of sleep-inducing moves with imperfect accuracy and Gravity or Gigantamax Orbeetle are banned\n|clearpoke\n|poke|p1|Tapu Koko|\n|poke|p1|Sceptile, F|\n|poke|p1|Shuckle, F|\n|poke|p1|Regidrago|\n|poke|p1|Cresselia, F|\n|poke|p1|Iron Treads|\n|poke|p2|Spiritomb, F|\n|poke|p2|Escavalier, F|\n|poke|p2|Pincurchin, F|\n|poke|p2|Gothitelle, F|\n|poke|p2|Primarina, M|\n|poke|p2|Porygon2|\n|teampreview\n|inactive|Battle timer is ON: inactive players will automatically lose when time's up. (requested by Brick_Enjoyer_144)\n|\n|t:|1697844088\n|start\n|switch|p1a: Tapu Koko|Tapu Koko|100\/100\n|switch|p1b: Sceptile|Sceptile, F|100\/100\n|switch|p2a: Spiritomb|Spiritomb, F|100\/100\n|switch|p2b: Escavalier|Escavalier, F|100\/100\n|-fieldstart|move: Electric Terrain|[from] ability: Electric Surge|[of] p1a: Tapu Koko\n|-ability|p2a: Spiritomb|Pressure\n|turn|1\n|\n|t:|1697844104\n|detailschange|p1b: Sceptile|Sceptile-Mega, F\n|-mega|p1b: Sceptile|Sceptile|Sceptilite\n|-terastallize|p1a: Tapu Koko|Electric\n|move|p1a: Tapu Koko|Discharge|p2b: Escavalier|[spread] p2a,p2b\n|-ability|p1b: Sceptile|Lightning Rod|boost\n|-boost|p1b: Sceptile|spa|1\n|-damage|p2a: Spiritomb|66\/100\n|-damage|p2b: Escavalier|53\/100\n|-status|p2b: Escavalier|par\n|move|p1b: Sceptile|Hidden Power|p2b: Escavalier\n|-resisted|p2b: Escavalier\n|-damage|p2b: Escavalier|35\/100 par\n|cant|p2b: Escavalier|par\n|move|p2a: Spiritomb|Trick Room|p2a: Spiritomb\n|-fieldstart|move: Trick Room|[of] p2a: Spiritomb\n|\n|-heal|p2a: Spiritomb|73\/100|[from] item: Leftovers\n|upkeep\n|turn|2\n|\n|t:|1697844133\n|move|p2b: Escavalier|Iron Head|p1b: Sceptile\n|-crit|p1b: Sceptile\n|-damage|p1b: Sceptile|0 fnt\n|faint|p1b: Sceptile\n|move|p2a: Spiritomb|Night Shade|p1a: Tapu Koko\n|-damage|p1a: Tapu Koko|65\/100\n|move|p1a: Tapu Koko|Discharge|p2a: Spiritomb|[spread] p2a,p2b\n|-damage|p2a: Spiritomb|36\/100\n|-damage|p2b: Escavalier|0 fnt\n|-status|p2a: Spiritomb|par\n|faint|p2b: Escavalier\n|\n|-heal|p2a: Spiritomb|42\/100 par|[from] item: Leftovers\n|upkeep\n|\n|t:|1697844158\n|switch|p2b: Pincurchin|Pincurchin, F|100\/100\n|switch|p1b: Iron Treads|Iron Treads|100\/100\n|-activate|p1b: Iron Treads|ability: Quark Drive\n|-start|p1b: Iron Treads|quarkdrivespe\n|turn|3\n|\n|t:|1697844175\n|-terastallize|p2b: Pincurchin|Electric\n|move|p2b: Pincurchin|Zing Zap|p1a: Tapu Koko\n|-resisted|p1a: Tapu Koko\n|-crit|p1a: Tapu Koko\n|-damage|p1a: Tapu Koko|0 fnt\n|faint|p1a: Tapu Koko\n|cant|p2a: Spiritomb|par\n|move|p1b: Iron Treads|High Horsepower|p2b: Pincurchin\n|-supereffective|p2b: Pincurchin\n|-damage|p2b: Pincurchin|0 fnt\n|faint|p2b: Pincurchin\n|-damage|p1b: Iron Treads|91\/100|[from] item: Life Orb\n|\n|-heal|p2a: Spiritomb|48\/100 par|[from] item: Leftovers\n|upkeep\n|\n|t:|1697844191\n|switch|p2b: Primarina|Primarina, M|100\/100\n|switch|p1a: Shuckle|Shuckle, F|100\/100\n|turn|4\n|\n|t:|1697844198\n|-end|p1b: Iron Treads|Quark Drive|[silent]\n|switch|p1b: Regidrago|Regidrago|100\/100\n|move|p1a: Shuckle|Guard Split|p1b: Regidrago\n|-activate|p1a: Shuckle|move: Guard Split|[of] p1b: Regidrago\n|move|p2a: Spiritomb|Foul Play|p1b: Regidrago\n|-damage|p1b: Regidrago|91\/100\n|move|p2b: Primarina|Hyper Voice|p1b: Regidrago|[spread] p1a,p1b\n|-supereffective|p1a: Shuckle\n|-resisted|p1b: Regidrago\n|-damage|p1a: Shuckle|0 fnt\n|-damage|p1b: Regidrago|83\/100\n|faint|p1a: Shuckle\n|\n|-heal|p2a: Spiritomb|54\/100 par|[from] item: Leftovers\n|-heal|p1b: Regidrago|90\/100|[from] item: Leftovers\n|upkeep\n|\n|t:|1697844222\n|switch|p1a: Iron Treads|Iron Treads|91\/100\n|-activate|p1a: Iron Treads|ability: Quark Drive\n|-start|p1a: Iron Treads|quarkdrivespe\n|turn|5\n|\n|t:|1697844245\n|move|p2a: Spiritomb|Foul Play|p1a: Iron Treads\n|-damage|p1a: Iron Treads|51\/100\n|move|p2b: Primarina|Hyper Voice|p1a: Iron Treads|[spread] p1a,p1b\n|-supereffective|p1a: Iron Treads\n|-resisted|p1b: Regidrago\n|-damage|p1a: Iron Treads|0 fnt\n|-damage|p1b: Regidrago|82\/100\n|faint|p1a: Iron Treads\n|-end|p1a: Iron Treads|Quark Drive|[silent]\n|move|p1b: Regidrago|Earth Power|p2b: Primarina\n|-damage|p2b: Primarina|79\/100\n|\n|-heal|p2a: Spiritomb|61\/100 par|[from] item: Leftovers\n|-heal|p1b: Regidrago|88\/100|[from] item: Leftovers\n|-fieldend|move: Trick Room\n|-fieldend|move: Electric Terrain\n|upkeep\n|\n|t:|1697844256\n|switch|p1a: Cresselia|Cresselia, F|100\/100\n|turn|6\n|\n|t:|1697844279\n|move|p1a: Cresselia|Future Sight|p2b: Primarina\n|-start|p1a: Cresselia|move: Future Sight\n|move|p1b: Regidrago|Earth Power|p2b: Primarina\n|-damage|p2b: Primarina|55\/100\n|move|p2b: Primarina|Calm Mind|p2b: Primarina\n|-boost|p2b: Primarina|spa|1\n|-boost|p2b: Primarina|spd|1\n|move|p2a: Spiritomb|Trick Room|p2a: Spiritomb\n|-fieldstart|move: Trick Room|[of] p2a: Spiritomb\n|\n|-heal|p2a: Spiritomb|67\/100 par|[from] item: Leftovers\n|-heal|p1b: Regidrago|94\/100|[from] item: Leftovers\n|upkeep\n|turn|7\n|\n|t:|1697844291\n|move|p2a: Spiritomb|Night Shade|p1b: Regidrago\n|-damage|p1b: Regidrago|78\/100\n|move|p2b: Primarina|Draining Kiss|p1b: Regidrago\n|-supereffective|p1b: Regidrago\n|-damage|p1b: Regidrago|42\/100\n|-heal|p2b: Primarina|99\/100|[from] drain|[of] p1b: Regidrago\n|move|p1b: Regidrago|Earth Power|p2b: Primarina\n|-damage|p2b: Primarina|85\/100\n|move|p1a: Cresselia|Trick Room|p1a: Cresselia\n|-fieldend|move: Trick Room\n|\n|-heal|p1b: Regidrago|48\/100|[from] item: Leftovers\n|-heal|p2a: Spiritomb|73\/100 par|[from] item: Leftovers\n|upkeep\n|turn|8\n|\n|t:|1697844316\n|move|p1a: Cresselia|Future Sight|p2a: Spiritomb\n|-start|p1a: Cresselia|move: Future Sight\n|move|p1b: Regidrago|Rest|p1b: Regidrago\n|-status|p1b: Regidrago|slp|[from] move: Rest\n|-heal|p1b: Regidrago|100\/100 slp|[silent]\n|move|p2b: Primarina|Draining Kiss|p1b: Regidrago\n|-supereffective|p1b: Regidrago\n|-damage|p1b: Regidrago|60\/100 slp\n|-heal|p2b: Primarina|100\/100|[from] drain|[of] p1b: Regidrago\n|move|p2a: Spiritomb|Trick Room|p2a: Spiritomb\n|-fieldstart|move: Trick Room|[of] p2a: Spiritomb\n|\n|-end|p2b: Primarina|move: Future Sight\n|-damage|p2b: Primarina|82\/100\n|-heal|p2a: Spiritomb|79\/100 par|[from] item: Leftovers\n|-heal|p1b: Regidrago|66\/100 slp|[from] item: Leftovers\n|upkeep\n|turn|9\n|-message|Actually try forfeited.\n|\n|win|Brick_Enjoyer_144\n|raw|Actually try's rating: 1139 &rarr; <strong>1117<\/strong><br \/>(-22 for losing)\n|raw|Brick_Enjoyer_144's rating: 1185 &rarr; <strong>1207<\/strong><br \/>(+22 for winning)\n|l|\u2606Actually try\n","uploadtime":1697844339,"views":12,"p1id":"actuallytry","p2id":"brickenjoyer144","formatid":"gen9nationaldexdoubles","rating":1117,"private":0,"password":""}