{"id":"gen9nationaldexdoubles-1947451444","p1":"Charvern","p2":"lustforlifee","format":"[Gen 9] National Dex Doubles","log":"|j|\u2606Charvern\n|j|\u2606lustforlifee\n|t:|1695161974\n|gametype|doubles\n|player|p1|Charvern|lucas-gen4pt|1074\n|player|p2|lustforlifee|elesa|1002\n|teamsize|p1|6\n|teamsize|p2|6\n|gen|9\n|tier|[Gen 9] National Dex Doubles\n|rated|\n|rule|HP Percentage Mod: HP is shown in percentages\n|rule|Endless Battle Clause: Forcing endless battles is banned\n|rule|OHKO Clause: OHKO moves are banned\n|rule|Evasion Moves Clause: Evasion moves are banned\n|rule|Evasion Abilities Clause: Evasion abilities are banned\n|rule|Species Clause: Limit one of each Pok\u00e9mon\n|rule|Gravity Sleep Clause: The combination of sleep-inducing moves with imperfect accuracy and Gravity or Gigantamax Orbeetle are banned\n|clearpoke\n|poke|p1|Toxtricity, M|\n|poke|p1|Noivern, M|\n|poke|p1|Gliscor, M|\n|poke|p1|Staraptor, M|\n|poke|p1|Sceptile, M|\n|poke|p1|Charizard, M|\n|poke|p2|Gardevoir, F|\n|poke|p2|Ambipom, F|\n|poke|p2|Enamorus, F|\n|poke|p2|Gothitelle, F|\n|poke|p2|Delphox, F|\n|poke|p2|Pheromosa|\n|teampreview\n|c|\u2606Charvern|hi\n|c|\u2606Charvern|glhf\n|\n|t:|1695161985\n|start\n|switch|p1a: Blitz|Toxtricity, M|100\/100\n|switch|p1b: Sony|Noivern, M|100\/100\n|switch|p2a: Pheromosa|Pheromosa, shiny|100\/100\n|switch|p2b: Delphox|Delphox, F, shiny|100\/100\n|turn|1\n|c|\u2606lustforlifee|hii\n|\n|t:|1695162006\n|-terastallize|p2a: Pheromosa|Fairy\n|move|p2a: Pheromosa|Me First||[still]\n|-fail|p2a: Pheromosa\n|move|p1b: Sony|Tailwind|p1b: Sony\n|-sidestart|p1: Charvern|move: Tailwind\n|move|p1a: Blitz|Toxic Spikes|p2a: Pheromosa\n|-sidestart|p2: lustforlifee|move: Toxic Spikes\n|move|p2b: Delphox|Light Screen|p2b: Delphox\n|-sidestart|p2: lustforlifee|move: Light Screen\n|\n|upkeep\n|turn|2\n|\n|t:|1695162024\n|switch|p1b: Scorn|Gliscor, M|100\/100\n|move|p1a: Blitz|Sludge Wave|p2a: Pheromosa|[spread] p1b,p2a,p2b\n|-resisted|p1b: Scorn\n|-supereffective|p2a: Pheromosa\n|-crit|p2b: Delphox\n|-damage|p1b: Scorn|86\/100\n|-enditem|p2a: Pheromosa|Focus Sash\n|-damage|p2a: Pheromosa|1\/100\n|-damage|p2b: Delphox|52\/100\n|move|p2a: Pheromosa|Rapid Spin|p1a: Blitz\n|-damage|p1a: Blitz|72\/100\n|-boost|p2a: Pheromosa|spe|1\n|-sideend|p2: lustforlifee|Toxic Spikes|[from] move: Rapid Spin|[of] p2a: Pheromosa\n|move|p2b: Delphox|Nasty Plot|p2b: Delphox\n|-boost|p2b: Delphox|spa|2\n|\n|-status|p1b: Scorn|tox|[from] item: Toxic Orb\n|upkeep\n|turn|3\n|\n|t:|1695162051\n|move|p2a: Pheromosa|Drill Run|p1a: Blitz\n|-supereffective|p1a: Blitz\n|-damage|p1a: Blitz|0 fnt\n|faint|p1a: Blitz\n|-ability|p2a: Pheromosa|Beast Boost|boost\n|-boost|p2a: Pheromosa|spe|1\n|move|p1b: Scorn|Earthquake|p2a: Pheromosa|[spread] p2a,p2b\n|-supereffective|p2b: Delphox\n|-damage|p2a: Pheromosa|0 fnt\n|-damage|p2b: Delphox|0 fnt\n|faint|p2a: Pheromosa\n|faint|p2b: Delphox\n|\n|-heal|p1b: Scorn|99\/100 tox|[from] ability: Poison Heal\n|upkeep\n|\n|t:|1695162069\n|switch|p2a: Enamorus|Enamorus, F, shiny|100\/100\n|switch|p1a: Raps|Staraptor, M|100\/100\n|switch|p2b: Ambipom|Ambipom, F, shiny|100\/100\n|-ability|p1a: Raps|Intimidate|boost\n|-boost|p2a: Enamorus|atk|1\n|-unboost|p2b: Ambipom|atk|1\n|turn|4\n|\n|t:|1695162090\n|move|p1a: Raps|Double-Edge|p2a: Enamorus\n|-damage|p2a: Enamorus|0 fnt\n|faint|p2a: Enamorus\n|-damage|p1a: Raps|70\/100|[from] Recoil\n|-damage|p1a: Raps|60\/100|[from] item: Life Orb\n|move|p1b: Scorn|Earthquake|p2b: Ambipom|[spread] p2b\n|-immune|p1a: Raps\n|-damage|p2b: Ambipom|56\/100\n|move|p2b: Ambipom|Power-Up Punch|p1b: Scorn\n|-resisted|p1b: Scorn\n|-damage|p1b: Scorn|92\/100 tox\n|-boost|p2b: Ambipom|atk|1\n|-damage|p2b: Ambipom|46\/100|[from] item: Life Orb\n|\n|-heal|p1b: Scorn|100\/100 tox|[from] ability: Poison Heal\n|-sideend|p1: Charvern|move: Tailwind\n|upkeep\n|\n|t:|1695162108\n|switch|p2a: Gothitelle|Gothitelle, F, shiny|100\/100\n|turn|5\n|\n|t:|1695162122\n|move|p2b: Ambipom|Ice Punch|p1b: Scorn\n|-supereffective|p1b: Scorn\n|-damage|p1b: Scorn|3\/100 tox\n|-damage|p2b: Ambipom|36\/100|[from] item: Life Orb\n|move|p1a: Raps|U-turn|p2a: Gothitelle\n|-supereffective|p2a: Gothitelle\n|-damage|p2a: Gothitelle|26\/100\n|-damage|p1a: Raps|50\/100|[from] item: Life Orb\n|\n|t:|1695162134\n|switch|p1a: Sony|Noivern, M|100\/100|[from] U-turn\n|move|p1b: Scorn|Swords Dance|p1b: Scorn\n|-boost|p1b: Scorn|atk|2\n|move|p2a: Gothitelle|Nasty Plot|p2a: Gothitelle\n|-boost|p2a: Gothitelle|spa|2\n|\n|-heal|p1b: Scorn|16\/100 tox|[from] ability: Poison Heal\n|-sideend|p2: lustforlifee|move: Light Screen\n|upkeep\n|turn|6\n|\n|t:|1695162152\n|move|p1a: Sony|Tailwind|p1a: Sony\n|-sidestart|p1: Charvern|move: Tailwind\n|move|p1b: Scorn|Earthquake|p2b: Ambipom|[spread] p2a,p2b\n|-immune|p1a: Sony\n|-damage|p2a: Gothitelle|0 fnt\n|-damage|p2b: Ambipom|0 fnt\n|faint|p2a: Gothitelle\n|faint|p2b: Ambipom\n|\n|-heal|p1b: Scorn|28\/100 tox|[from] ability: Poison Heal\n|upkeep\n|\n|t:|1695162162\n|switch|p2b: Ultraviolence|Gardevoir, F, shiny|100\/100\n|turn|7\n|\n|t:|1695162170\n|detailschange|p2b: Ultraviolence|Gardevoir-Mega, F, shiny\n|-mega|p2b: Ultraviolence|Gardevoir|Gardevoirite\n|move|p1a: Sony|Heat Wave|p2b: Ultraviolence\n|-damage|p2b: Ultraviolence|72\/100\n|move|p1b: Scorn|Earthquake|p2b: Ultraviolence|[spread] p2b\n|-immune|p1a: Sony\n|-damage|p2b: Ultraviolence|0 fnt\n|faint|p2b: Ultraviolence\n|\n|win|Charvern\n|raw|Charvern's rating: 1074 &rarr; <strong>1097<\/strong><br \/>(+23 for winning)\n|raw|lustforlifee's rating: 1002 &rarr; <strong>1000<\/strong><br \/>(-2 for losing)\n|c|\u2606Charvern|gg\n|l|\u2606lustforlifee\n","uploadtime":1695162180,"views":7,"p1id":"charvern","p2id":"lustforlifee","formatid":"gen9nationaldexdoubles","rating":1000,"private":0,"password":""}