{"id":"gen9nationaldexdoubles-1997382081","p1":"AlolanGlock19","p2":"Vivethen","format":"[Gen 9] National Dex Doubles","log":"|j|\u2606AlolanGlock19\n|j|\u2606Vivethen\n|t:|1700796844\n|gametype|doubles\n|player|p1|AlolanGlock19|pokekid|1083\n|player|p2|Vivethen|cheren|1194\n|teamsize|p1|2\n|teamsize|p2|6\n|gen|9\n|tier|[Gen 9] National Dex Doubles\n|rated|\n|rule|HP Percentage Mod: HP is shown in percentages\n|rule|Endless Battle Clause: Forcing endless battles is banned\n|rule|OHKO Clause: OHKO moves are banned\n|rule|Evasion Moves Clause: Evasion moves are banned\n|rule|Evasion Abilities Clause: Evasion abilities are banned\n|rule|Species Clause: Limit one of each Pok\u00e9mon\n|rule|Gravity Sleep Clause: The combination of sleep-inducing moves with imperfect accuracy and Gravity or Gigantamax Orbeetle are banned\n|clearpoke\n|poke|p1|Malamar, F|\n|poke|p1|Mew|\n|poke|p2|Alcremie, F|\n|poke|p2|Incineroar, F|\n|poke|p2|Dragapult, M|\n|poke|p2|Sinistcha|\n|poke|p2|Palafin, M|\n|poke|p2|Flutter Mane|\n|teampreview\n|inactive|Battle timer is ON: inactive players will automatically lose when time's up. (requested by AlolanGlock19)\n|c|\u2606AlolanGlock19|what is your perspective on pokemon battling?\n|\n|t:|1700796862\n|start\n|switch|p1a: Malamar|Malamar, F|100\/100\n|switch|p1b: Mew|Mew|100\/100\n|switch|p2a: Alcremie|Alcremie, F|100\/100\n|switch|p2b: Incineroar|Incineroar, F|100\/100\n|-ability|p2b: Incineroar|Intimidate|boost\n|-boost|p1a: Malamar|atk|1\n|-unboost|p1b: Mew|atk|1\n|turn|1\n|\n|t:|1700796879\n|move|p2b: Incineroar|Fake Out|p1b: Mew\n|-damage|p1b: Mew|92\/100\n|move|p1a: Malamar|Superpower|p2b: Incineroar\n|-supereffective|p2b: Incineroar\n|-damage|p2b: Incineroar|35\/100\n|-boost|p1a: Malamar|atk|1\n|-boost|p1a: Malamar|def|1\n|-enditem|p2b: Incineroar|Sitrus Berry|[eat]\n|-heal|p2b: Incineroar|60\/100|[from] item: Sitrus Berry\n|cant|p1b: Mew|flinch\n|move|p2a: Alcremie|Decorate|p2b: Incineroar\n|-boost|p2b: Incineroar|atk|2\n|-boost|p2b: Incineroar|spa|2\n|\n|-heal|p1b: Mew|98\/100|[from] item: Leftovers\n|upkeep\n|turn|2\n|inactive|Vivethen has 120 seconds left.\n|\n|t:|1700796917\n|switch|p2b: Dragapult|Dragapult, M|100\/100\n|move|p1a: Malamar|Topsy-Turvy||[still]\n|-fail|p1a: Malamar\n|move|p1b: Mew|Defog|p1a: Malamar\n|-boost|p1a: Malamar|evasion|1\n|move|p2a: Alcremie|Decorate|p1a: Malamar\n|-unboost|p1a: Malamar|atk|2\n|-unboost|p1a: Malamar|spa|2\n|\n|-heal|p1b: Mew|100\/100|[from] item: Leftovers\n|upkeep\n|turn|3\n|inactive|Vivethen has 120 seconds left.\n|\n|t:|1700796944\n|-terastallize|p1a: Malamar|Fairy\n|move|p2b: Dragapult|Dragon Darts|p1b: Mew\n|-damage|p1b: Mew|73\/100\n|-anim|p2b: Dragapult|Dragon Darts|p1b: Mew\n|-damage|p1b: Mew|44\/100\n|-damage|p2b: Dragapult|91\/100|[from] item: Life Orb\n|move|p1a: Malamar|Lash Out|p2b: Dragapult\n|-supereffective|p2b: Dragapult\n|-damage|p2b: Dragapult|21\/100\n|move|p1b: Mew|Defog|p1a: Malamar\n|-boost|p1a: Malamar|evasion|1\n|move|p2a: Alcremie|Decorate|p1a: Malamar\n|-unboost|p1a: Malamar|atk|2\n|-unboost|p1a: Malamar|spa|2\n|\n|-heal|p1b: Mew|50\/100|[from] item: Leftovers\n|upkeep\n|turn|4\n|inactive|Vivethen has 120 seconds left.\n|\n|t:|1700796967\n|move|p2b: Dragapult|Dragon Darts|p1b: Mew\n|-damage|p1b: Mew|25\/100\n|-anim|p2b: Dragapult|Dragon Darts|p1b: Mew\n|-damage|p1b: Mew|0 fnt\n|faint|p1b: Mew\n|-damage|p2b: Dragapult|11\/100|[from] item: Life Orb\n|move|p1a: Malamar|Lash Out|p2b: Dragapult\n|-supereffective|p2b: Dragapult\n|-damage|p2b: Dragapult|0 fnt\n|faint|p2b: Dragapult\n|move|p2a: Alcremie|Decorate|p1a: Malamar\n|-unboost|p1a: Malamar|atk|2\n|-unboost|p1a: Malamar|spa|2\n|\n|upkeep\n|inactive|Vivethen has 120 seconds left.\n|\n|t:|1700796983\n|switch|p2b: Incineroar|Incineroar, F|60\/100\n|-ability|p2b: Incineroar|Intimidate|boost\n|-boost|p1a: Malamar|atk|1\n|turn|5\n|\n|t:|1700796992\n|move|p2b: Incineroar|Fake Out|p1a: Malamar|[miss]\n|-miss|p2b: Incineroar|p1a: Malamar\n|move|p1a: Malamar|Superpower|p2b: Incineroar\n|-supereffective|p2b: Incineroar\n|-damage|p2b: Incineroar|42\/100\n|-boost|p1a: Malamar|atk|1\n|-boost|p1a: Malamar|def|1\n|move|p2a: Alcremie|Decorate|p1a: Malamar\n|-unboost|p1a: Malamar|atk|2\n|-unboost|p1a: Malamar|spa|0\n|\n|upkeep\n|turn|6\n|\n|t:|1700797020\n|switch|p2b: Flutter Mane|Flutter Mane|100\/100\n|-enditem|p2b: Flutter Mane|Booster Energy\n|-activate|p2b: Flutter Mane|ability: Protosynthesis|[fromitem]\n|-start|p2b: Flutter Mane|protosynthesisspe\n|move|p1a: Malamar|Superpower|p2a: Alcremie\n|-resisted|p2a: Alcremie\n|-damage|p2a: Alcremie|96\/100\n|-boost|p1a: Malamar|atk|1\n|-boost|p1a: Malamar|def|1\n|move|p2a: Alcremie|Decorate|p2b: Flutter Mane\n|-boost|p2b: Flutter Mane|atk|2\n|-boost|p2b: Flutter Mane|spa|2\n|\n|upkeep\n|turn|7\n|\n|t:|1700797037\n|move|p2b: Flutter Mane|Moonblast|p1a: Malamar\n|-damage|p1a: Malamar|0 fnt\n|faint|p1a: Malamar\n|\n|win|Vivethen\n|raw|AlolanGlock19's rating: 1083 &rarr; <strong>1067<\/strong><br \/>(-16 for losing)\n|raw|Vivethen's rating: 1194 &rarr; <strong>1211<\/strong><br \/>(+17 for winning)\n|l|\u2606AlolanGlock19\n|c|\u2606Vivethen|\ud83d\ude05\n","uploadtime":1700797049,"views":14,"p1id":"alolanglock19","p2id":"vivethen","formatid":"gen9nationaldexdoubles","rating":1067,"private":0,"password":""}