{"id":"gen9nationaldexdoubles-1972400002","p1":"Inkstacy","p2":"Cappari","format":"[Gen 9] National Dex Doubles","log":"|j|\u2606Inkstacy\n|j|\u2606Cappari\n|t:|1697838702\n|gametype|doubles\n|player|p1|Inkstacy|emmet|\n|player|p2|Cappari|pokemaniac|\n|teamsize|p1|4\n|teamsize|p2|6\n|gen|9\n|tier|[Gen 9] National Dex Doubles\n|rule|HP Percentage Mod: HP is shown in percentages\n|rule|Endless Battle Clause: Forcing endless battles is banned\n|rule|OHKO Clause: OHKO moves are banned\n|rule|Evasion Moves Clause: Evasion moves are banned\n|rule|Evasion Abilities Clause: Evasion abilities are banned\n|rule|Species Clause: Limit one of each Pok\u00e9mon\n|rule|Gravity Sleep Clause: The combination of sleep-inducing moves with imperfect accuracy and Gravity or Gigantamax Orbeetle are banned\n|clearpoke\n|poke|p1|Oricorio-Sensu, F|\n|poke|p1|Quaquaval, M|\n|poke|p1|Garganacl, F|\n|poke|p1|Amoonguss, F|\n|poke|p2|Oricorio, M|\n|poke|p2|Kommo-o, F|\n|poke|p2|Volcarona, F|\n|poke|p2|Samurott-Hisui, M|\n|poke|p2|Basculegion-F, F|\n|poke|p2|Sinistcha|\n|teampreview\n|\n|t:|1697838713\n|start\n|switch|p1a: Supah|Quaquaval, M|100\/100\n|switch|p1b: ALL ABOARD|Oricorio-Sensu, F|100\/100\n|switch|p2a: BAHAHAHHA|Samurott-Hisui, M|100\/100\n|switch|p2b: Chacha|Volcarona, F|100\/100\n|turn|1\n|\n|t:|1697838744\n|move|p1b: ALL ABOARD|Taunt|p2b: Chacha\n|-start|p2b: Chacha|move: Taunt\n|cant|p2b: Chacha|move: Taunt|Substitute\n|move|p1a: Supah|Swords Dance|p1a: Supah\n|-boost|p1a: Supah|atk|2\n|-activate|p1b: ALL ABOARD|ability: Dancer\n|move|p1b: ALL ABOARD|Swords Dance|p1b: ALL ABOARD|[from]ability: Dancer\n|-boost|p1b: ALL ABOARD|atk|2\n|move|p2a: BAHAHAHHA|Ceaseless Edge|p1b: ALL ABOARD\n|-supereffective|p1b: ALL ABOARD\n|-damage|p1b: ALL ABOARD|0 fnt\n|-sidestart|p1: Inkstacy|Spikes\n|faint|p1b: ALL ABOARD\n|\n|upkeep\n|c|\u2606Inkstacy|good morning\n|c|\u2606Inkstacy|GOODBYE BIRD\n|c|\u2606Cappari|MORNING\n|c|\u2606Inkstacy|I PUT THE WRONG FOCUS THING ON YOU.\n|c|\u2606Cappari|I\n|\n|t:|1697838773\n|switch|p1b: help|Amoonguss, F, shiny|100\/100\n|-damage|p1b: help|88\/100|[from] Spikes\n|turn|2\n|c|\u2606Cappari|I FORGOT UH OOPS\n|\n|t:|1697838789\n|switch|p2b: METAL PIPE SFX|Kommo-o, F|100\/100\n|move|p1a: Supah|Protect|p1a: Supah\n|-singleturn|p1a: Supah|Protect\n|move|p2a: BAHAHAHHA|Flip Turn|p1a: Supah\n|-activate|p1a: Supah|move: Protect\n|move|p1b: help|Spore|p2a: BAHAHAHHA\n|-status|p2a: BAHAHAHHA|slp|[from] move: Spore\n|\n|upkeep\n|turn|3\n|c|\u2606Inkstacy|LMAO??\n|c|\u2606Inkstacy|i forgot to put more than for mons\n|c|\u2606Inkstacy|*four\n|\n|t:|1697838821\n|switch|p2a: David Bowie|Oricorio, M|100\/100\n|move|p1b: help|Rage Powder|p1b: help\n|-singleturn|p1b: help|move: Rage Powder\n|move|p2b: METAL PIPE SFX|Clangorous Soul|p2b: METAL PIPE SFX\n|-boost|p2b: METAL PIPE SFX|atk|1\n|-boost|p2b: METAL PIPE SFX|def|1\n|-boost|p2b: METAL PIPE SFX|spa|1\n|-boost|p2b: METAL PIPE SFX|spd|1\n|-boost|p2b: METAL PIPE SFX|spe|1\n|-damage|p2b: METAL PIPE SFX|68\/100\n|-activate|p2a: David Bowie|ability: Dancer\n|move|p2a: David Bowie|Clangorous Soul|p2a: David Bowie|[from]ability: Dancer\n|-boost|p2a: David Bowie|atk|1\n|-boost|p2a: David Bowie|def|1\n|-boost|p2a: David Bowie|spa|1\n|-boost|p2a: David Bowie|spd|1\n|-boost|p2a: David Bowie|spe|1\n|-damage|p2a: David Bowie|68\/100\n|move|p1a: Supah|Brick Break|p2b: METAL PIPE SFX\n|-damage|p2b: METAL PIPE SFX|26\/100\n|\n|-heal|p2b: METAL PIPE SFX|32\/100|[from] item: Leftovers\n|upkeep\n|turn|4\n|c|\u2606Cappari|it be like that\n|c|\u2606Inkstacy|DAVID BOWIE\n|c|\u2606Inkstacy|thats a danceE?\n|c|\u2606Cappari|DAVID BOWIE\n|\n|t:|1697838855\n|move|p1a: Supah|Protect|p1a: Supah\n|-singleturn|p1a: Supah|Protect\n|move|p2a: David Bowie|Revelation Dance|p1b: help\n|-supereffective|p1b: help\n|-damage|p1b: help|17\/100\n|move|p2b: METAL PIPE SFX|Clanging Scales|p1b: help|[spread] p1b\n|-activate|p1a: Supah|move: Protect\n|-damage|p1b: help|0 fnt\n|faint|p1b: help\n|-unboost|p2b: METAL PIPE SFX|def|1\n|\n|-heal|p2b: METAL PIPE SFX|39\/100|[from] item: Leftovers\n|upkeep\n|c|\u2606Inkstacy|goodness\n|\n|t:|1697838868\n|switch|p1b: minceraft|Garganacl, F|100\/100\n|-damage|p1b: minceraft|88\/100|[from] Spikes\n|turn|5\n|c|\u2606Cappari|minecraft\n|c|\u2606Inkstacy|whats the sinistea for\n|c|\u2606Cappari|:]\n|\n|t:|1697838895\n|move|p1b: minceraft|Wide Guard|p1b: minceraft\n|-singleturn|p1b: minceraft|Wide Guard\n|move|p2a: David Bowie|Revelation Dance|p1b: minceraft\n|-resisted|p1b: minceraft\n|-damage|p1b: minceraft|62\/100\n|move|p2b: METAL PIPE SFX|Clangorous Soul|p2b: METAL PIPE SFX\n|-boost|p2b: METAL PIPE SFX|atk|1\n|-boost|p2b: METAL PIPE SFX|def|1\n|-boost|p2b: METAL PIPE SFX|spa|1\n|-boost|p2b: METAL PIPE SFX|spd|1\n|-boost|p2b: METAL PIPE SFX|spe|1\n|-damage|p2b: METAL PIPE SFX|6\/100\n|-activate|p2a: David Bowie|ability: Dancer\n|move|p2a: David Bowie|Clangorous Soul|p2a: David Bowie|[from]ability: Dancer\n|-boost|p2a: David Bowie|atk|1\n|-boost|p2a: David Bowie|def|1\n|-boost|p2a: David Bowie|spa|1\n|-boost|p2a: David Bowie|spd|1\n|-boost|p2a: David Bowie|spe|1\n|-damage|p2a: David Bowie|35\/100\n|move|p1a: Supah|Aqua Step|p2a: David Bowie\n|-supereffective|p2a: David Bowie\n|-damage|p2a: David Bowie|0 fnt\n|-boost|p1a: Supah|spe|1\n|faint|p2a: David Bowie\n|-ability|p1a: Supah|Moxie|boost\n|-boost|p1a: Supah|atk|1\n|\n|-heal|p2b: METAL PIPE SFX|12\/100|[from] item: Leftovers\n|upkeep\n|c|\u2606Inkstacy|WHATS ITFOR.\n|c|\u2606Cappari|DAVID BOWIE\n|\n|t:|1697838921\n|switch|p2a: Green soup|Sinistcha|100\/100\n|-heal|p2b: METAL PIPE SFX|37\/100|[from] ability: Hospitality|[of] p2a: Green soup\n|turn|6\n|c|\u2606Inkstacy|GOODBTE DAVID BOWIE\n|\n|t:|1697838939\n|move|p2b: METAL PIPE SFX|Clanging Scales|p1a: Supah|[spread] p1a,p1b\n|-damage|p1a: Supah|15\/100\n|-damage|p1b: minceraft|14\/100\n|-enditem|p1a: Supah|Sitrus Berry|[eat]\n|-heal|p1a: Supah|40\/100|[from] item: Sitrus Berry\n|-unboost|p2b: METAL PIPE SFX|def|1\n|move|p1a: Supah|Aqua Step|p2b: METAL PIPE SFX\n|-resisted|p2b: METAL PIPE SFX\n|-damage|p2b: METAL PIPE SFX|0 fnt\n|-boost|p1a: Supah|spe|1\n|faint|p2b: METAL PIPE SFX\n|-ability|p1a: Supah|Moxie|boost\n|-boost|p1a: Supah|atk|1\n|move|p2a: Green soup|Matcha Gotcha|p1b: minceraft|[spread] p1a,p1b\n|-supereffective|p1a: Supah\n|-supereffective|p1b: minceraft\n|-damage|p1a: Supah|0 fnt\n|-damage|p1b: minceraft|0 fnt\n|faint|p1a: Supah\n|faint|p1b: minceraft\n|\n|win|Cappari\n|c|\u2606Inkstacy|i shoulda wide guarded\n|c|\u2606Cappari|Green soup\n|c|\u2606Inkstacy|my fault og\n|c|\u2606Inkstacy|i forgot to put two more mons\n","uploadtime":1697838974,"views":10,"p1id":"inkstacy","p2id":"cappari","formatid":"gen9nationaldexdoubles","rating":0,"private":0,"password":""}