{"id":"gen9nationaldexdoubles-1970754765","p1":"Beast of Moonlight","p2":"wiselin8","format":"[Gen 9] National Dex Doubles","log":"|j|\u2606Beast of Moonlight\n|j|\u2606wiselin8\n|t:|1697664059\n|gametype|doubles\n|player|p1|Beast of Moonlight|riley|\n|player|p2|wiselin8|gentleman-gen4|\n|teamsize|p1|6\n|teamsize|p2|6\n|gen|9\n|tier|[Gen 9] National Dex Doubles\n|rule|HP Percentage Mod: HP is shown in percentages\n|rule|Endless Battle Clause: Forcing endless battles is banned\n|rule|OHKO Clause: OHKO moves are banned\n|rule|Evasion Moves Clause: Evasion moves are banned\n|rule|Evasion Abilities Clause: Evasion abilities are banned\n|rule|Species Clause: Limit one of each Pok\u00e9mon\n|rule|Gravity Sleep Clause: The combination of sleep-inducing moves with imperfect accuracy and Gravity or Gigantamax Orbeetle are banned\n|clearpoke\n|poke|p1|Meowstic, M|\n|poke|p1|Chatot, M|\n|poke|p1|Krookodile, F|\n|poke|p1|Noivern, F|\n|poke|p1|Tentacruel, M|\n|poke|p1|Ninetales-Alola, M|\n|poke|p2|Leavanny, F|\n|poke|p2|Muk, M|\n|poke|p2|Gengar, M|\n|poke|p2|Baxcalibur, F|\n|poke|p2|Magmortar, F|\n|poke|p2|Electabuzz, F|\n|teampreview\n|j| TheOfficialSlade\n|\n|t:|1697664077\n|start\n|switch|p1a: Acererak|Meowstic, M|100\/100\n|switch|p1b: Reddit|Chatot, M|100\/100\n|switch|p2a: Leavanny|Leavanny, F, shiny|100\/100\n|switch|p2b: Magmortar|Magmortar, F, shiny|100\/100\n|turn|1\n|j| KageDeSin\n|j| Krishy2007\n|\n|t:|1697664113\n|move|p1a: Acererak|Skill Swap|p1b: Reddit\n|-activate|p1a: Acererak|move: Skill Swap|||[of] p1b: Reddit\n|move|p1b: Reddit|Taunt|p2a: Leavanny\n|-start|p2a: Leavanny|move: Taunt\n|cant|p2a: Leavanny|move: Taunt|Sunny Day\n|move|p2b: Magmortar|Thunderbolt|p1b: Reddit\n|-supereffective|p1b: Reddit\n|-enditem|p1b: Reddit|Focus Sash\n|-damage|p1b: Reddit|1\/100\n|\n|upkeep\n|turn|2\n|c| Krishy2007|This is truly a Reddit moment\n|\n|t:|1697664150\n|move|p1b: Reddit|Tailwind|p1b: Reddit\n|-sidestart|p1: Beast of Moonlight|move: Tailwind\n|move|p1a: Acererak|Thunder Wave|p2b: Magmortar\n|-status|p2b: Magmortar|par\n|move|p2a: Leavanny|Leaf Blade|p1a: Acererak\n|-damage|p1a: Acererak|68\/100\n|cant|p2b: Magmortar|par\n|\n|-heal|p1a: Acererak|74\/100|[from] item: Leftovers\n|upkeep\n|turn|3\n|\n|t:|1697664166\n|-terastallize|p1a: Acererak|Fairy\n|move|p1a: Acererak|Protect|p1a: Acererak\n|-singleturn|p1a: Acererak|Protect\n|move|p1b: Reddit|Boomburst|p2a: Leavanny|[spread] p2a,p2b\n|-activate|p1a: Acererak|move: Protect\n|-damage|p2a: Leavanny|38\/100\n|-damage|p2b: Magmortar|49\/100 par\n|move|p2a: Leavanny|Leaf Blade|p1b: Reddit\n|-resisted|p1b: Reddit\n|-damage|p1b: Reddit|0 fnt\n|faint|p1b: Reddit\n|cant|p2b: Magmortar|par\n|\n|-heal|p1a: Acererak|80\/100|[from] item: Leftovers\n|-end|p2a: Leavanny|move: Taunt\n|upkeep\n|c| Krishy2007|We did it, Reddit\n|c| TheOfficialSlade|If I see a Ninetails named X ima commit die\n|\n|t:|1697664197\n|switch|p1b: Diddy4Coconut|Krookodile, F|100\/100\n|turn|4\n|\n|t:|1697664211\n|move|p1b: Diddy4Coconut|Rock Slide|p2a: Leavanny|[spread] p2a,p2b\n|-supereffective|p2a: Leavanny\n|-supereffective|p2b: Magmortar\n|-damage|p2a: Leavanny|0 fnt\n|-damage|p2b: Magmortar|0 fnt\n|faint|p2a: Leavanny\n|faint|p2b: Magmortar\n|-ability|p1b: Diddy4Coconut|Moxie|boost\n|-boost|p1b: Diddy4Coconut|atk|2\n|move|p1a: Acererak|Psychic|p2: Leavanny|[notarget]\n|-fail|p1a: Acererak\n|\n|-heal|p1a: Acererak|87\/100|[from] item: Leftovers\n|upkeep\n|c| Krishy2007|Would 4 Chan be Dondoza?\n|\n|t:|1697664239\n|switch|p2a: Electabuzz|Electabuzz, F, shiny|100\/100\n|switch|p2b: Baxcalibur|Baxcalibur, F|100\/100\n|turn|5\n|c| Krishy2007|*Dondozo\n|\n|t:|1697664319\n|move|p1b: Diddy4Coconut|Rock Slide|p2a: Electabuzz|[spread] p2a,p2b\n|-supereffective|p2b: Baxcalibur\n|-damage|p2a: Electabuzz|47\/100\n|-damage|p2b: Baxcalibur|18\/100\n|move|p1a: Acererak|Thunder Wave|p2b: Baxcalibur\n|-status|p2b: Baxcalibur|par\n|move|p2a: Electabuzz|Focus Blast|p1a: Acererak\n|-resisted|p1a: Acererak\n|-damage|p1a: Acererak|66\/100\n|cant|p2b: Baxcalibur|flinch\n|\n|-heal|p1a: Acererak|72\/100|[from] item: Leftovers\n|-sideend|p1: Beast of Moonlight|move: Tailwind\n|upkeep\n|turn|6\n|\n|t:|1697664344\n|move|p1a: Acererak|Protect|p1a: Acererak\n|-singleturn|p1a: Acererak|Protect\n|move|p2a: Electabuzz|Focus Blast|p1b: Diddy4Coconut\n|-supereffective|p1b: Diddy4Coconut\n|-damage|p1b: Diddy4Coconut|29\/100\n|move|p1b: Diddy4Coconut|Earthquake|p2b: Baxcalibur|[spread] p2a,p2b\n|-activate|p1a: Acererak|move: Protect\n|-supereffective|p2a: Electabuzz\n|-damage|p2a: Electabuzz|0 fnt\n|-damage|p2b: Baxcalibur|0 fnt\n|faint|p2a: Electabuzz\n|faint|p2b: Baxcalibur\n|-ability|p1b: Diddy4Coconut|Moxie|boost\n|-boost|p1b: Diddy4Coconut|atk|2\n|\n|-heal|p1a: Acererak|78\/100|[from] item: Leftovers\n|upkeep\n|l| Krishy2007\n|\n|t:|1697664358\n|switch|p2a: Gengar|Gengar, M, shiny|100\/100\n|switch|p2b: Muk|Muk, M, shiny|100\/100\n|turn|7\n|j| Krishy2007\n|\n|t:|1697664394\n|switch|p1a: Mega Crobat|Noivern, F|100\/100\n|-terastallize|p2b: Muk|Poison\n|move|p2a: Gengar|Hypnosis|p1a: Mega Crobat|[miss]\n|-miss|p2a: Gengar|p1a: Mega Crobat\n|move|p1b: Diddy4Coconut|Earthquake|p2b: Muk|[spread] p2a,p2b\n|-activate|p1a: Mega Crobat|ability: Telepathy\n|-supereffective|p2a: Gengar\n|-supereffective|p2b: Muk\n|-damage|p2a: Gengar|0 fnt\n|-damage|p2b: Muk|0 fnt\n|faint|p2a: Gengar\n|faint|p2b: Muk\n|\n|win|Beast of Moonlight\n|l|\u2606wiselin8\n","uploadtime":1697664414,"views":60,"p1id":"beastofmoonlight","p2id":"wiselin8","formatid":"gen9nationaldexdoubles","rating":0,"private":0,"password":""}