{"id":"gen9nationaldexdoubles-1979912933","p1":"Menacing Duck","p2":"The OG Trainer Red","format":"[Gen 9] National Dex Doubles","log":"|j|\u2606Menacing Duck\n|j|\u2606The OG Trainer Red\n|t:|1698728358\n|gametype|doubles\n|player|p1|Menacing Duck|hugh|1018\n|player|p2|The OG Trainer Red|fisherman-gen4|1242\n|teamsize|p1|6\n|teamsize|p2|6\n|gen|9\n|tier|[Gen 9] National Dex Doubles\n|rated|\n|rule|HP Percentage Mod: HP is shown in percentages\n|rule|Endless Battle Clause: Forcing endless battles is banned\n|rule|OHKO Clause: OHKO moves are banned\n|rule|Evasion Moves Clause: Evasion moves are banned\n|rule|Evasion Abilities Clause: Evasion abilities are banned\n|rule|Species Clause: Limit one of each Pok\u00e9mon\n|rule|Gravity Sleep Clause: The combination of sleep-inducing moves with imperfect accuracy and Gravity or Gigantamax Orbeetle are banned\n|clearpoke\n|poke|p1|Ferrothorn, M|\n|poke|p1|Snorlax, M|\n|poke|p1|Vaporeon, M|\n|poke|p1|Clodsire, F|\n|poke|p1|Shuckle, M|\n|poke|p1|Kommo-o, M|\n|poke|p2|Kabutops, F|\n|poke|p2|Dragonite, F|\n|poke|p2|Politoed, M|\n|poke|p2|Lapras, F|\n|poke|p2|Basculegion-F, F|\n|poke|p2|Dragapult, M|\n|teampreview\n|c|\u2606Menacing Duck|I like your team!\n|c|\u2606The OG Trainer Red|thanks\n|c|\u2606The OG Trainer Red|Its spooky rainy dragons\n|c|\u2606The OG Trainer Red|sorry, one sec\n|c|\u2606Menacing Duck|Take all the time you need dude!\n|\n|t:|1698728558\n|start\n|switch|p1a: Poncho|Ferrothorn, M|100\/100\n|switch|p1b: Knight Dragon|Kommo-o, M|100\/100\n|switch|p2a: Dragonite|Dragonite, F|100\/100\n|switch|p2b: Dragapult|Dragapult, M|100\/100\n|turn|1\n|inactive|Battle timer is ON: inactive players will automatically lose when time's up. (requested by The OG Trainer Red)\n|\n|t:|1698728587\n|-terastallize|p1b: Knight Dragon|Steel\n|-terastallize|p2a: Dragonite|Normal\n|move|p2b: Dragapult|Dragon Darts|p1b: Knight Dragon\n|-resisted|p1b: Knight Dragon\n|-damage|p1b: Knight Dragon|91\/100\n|-anim|p2b: Dragapult|Dragon Darts|p1a: Poncho\n|-resisted|p1a: Poncho\n|-crit|p1a: Poncho\n|-damage|p1a: Poncho|89\/100\n|move|p1b: Knight Dragon|Clangorous Soul|p1b: Knight Dragon\n|-boost|p1b: Knight Dragon|atk|1\n|-boost|p1b: Knight Dragon|def|1\n|-boost|p1b: Knight Dragon|spa|1\n|-boost|p1b: Knight Dragon|spd|1\n|-boost|p1b: Knight Dragon|spe|1\n|-damage|p1b: Knight Dragon|59\/100\n|-enditem|p1b: Knight Dragon|Throat Spray\n|-boost|p1b: Knight Dragon|spa|1|[from] item: Throat Spray\n|move|p2a: Dragonite|Ice Spinner|p1b: Knight Dragon\n|-resisted|p1b: Knight Dragon\n|-damage|p1b: Knight Dragon|46\/100\n|move|p1a: Poncho|Leech Seed|p2b: Dragapult\n|-start|p2b: Dragapult|move: Leech Seed\n|\n|-heal|p1a: Poncho|95\/100|[from] item: Leftovers\n|-damage|p2b: Dragapult|88\/100|[from] Leech Seed|[of] p1a: Poncho\n|-heal|p1a: Poncho|100\/100|[silent]\n|upkeep\n|turn|2\n|inactive|Menacing Duck has 120 seconds left.\n|\n|t:|1698728621\n|move|p1b: Knight Dragon|Clanging Scales|p2b: Dragapult|[spread] p2a,p2b\n|-supereffective|p2b: Dragapult\n|-damage|p2a: Dragonite|76\/100\n|-damage|p2b: Dragapult|0 fnt\n|-start|p1b: Knight Dragon|Disable|Clanging Scales|[from] ability: Cursed Body|[of] p2b: Dragapult\n|faint|p2b: Dragapult\n|-unboost|p1b: Knight Dragon|def|1\n|move|p2a: Dragonite|Ice Spinner|p1a: Poncho\n|-damage|p1a: Poncho|67\/100\n|-damage|p2a: Dragonite|63\/100|[from] ability: Iron Barbs|[of] p1a: Poncho\n|move|p1a: Poncho|Leech Seed|p2a: Dragonite\n|-start|p2a: Dragonite|move: Leech Seed\n|\n|-heal|p1a: Poncho|73\/100|[from] item: Leftovers\n|-damage|p2a: Dragonite|51\/100|[from] Leech Seed|[of] p1a: Poncho\n|-heal|p1a: Poncho|87\/100|[silent]\n|upkeep\n|inactive|The OG Trainer Red has 120 seconds left.\n|\n|t:|1698728638\n|switch|p2b: Kabutops|Kabutops, F|100\/100\n|turn|3\n|\n|t:|1698728660\n|switch|p2a: Politoed|Politoed, M|100\/100\n|-weather|RainDance|[from] ability: Drizzle|[of] p2a: Politoed\n|move|p2b: Kabutops|Brick Break|p1b: Knight Dragon\n|-supereffective|p1b: Knight Dragon\n|-damage|p1b: Knight Dragon|5\/100\n|move|p1b: Knight Dragon|Flash Cannon|p2b: Kabutops\n|-damage|p2b: Kabutops|54\/100\n|move|p1a: Poncho|Iron Defense|p1a: Poncho\n|-boost|p1a: Poncho|def|2\n|\n|-weather|RainDance|[upkeep]\n|-heal|p1a: Poncho|93\/100|[from] item: Leftovers\n|upkeep\n|turn|4\n|\n|t:|1698728689\n|move|p1b: Knight Dragon|Protect|p1b: Knight Dragon\n|-singleturn|p1b: Knight Dragon|Protect\n|move|p2b: Kabutops|Knock Off|p1a: Poncho\n|-damage|p1a: Poncho|81\/100\n|-damage|p2b: Kabutops|42\/100|[from] ability: Iron Barbs|[of] p1a: Poncho\n|-enditem|p1a: Poncho|Leftovers|[from] move: Knock Off|[of] p2b: Kabutops\n|move|p2a: Politoed|Surf|p1a: Poncho|[spread] p2b,p1a\n|-activate|p1b: Knight Dragon|move: Protect\n|-resisted|p1a: Poncho\n|-crit|p1a: Poncho\n|-damage|p2b: Kabutops|2\/100\n|-damage|p1a: Poncho|60\/100\n|move|p1a: Poncho|Power Whip|p2a: Politoed\n|-supereffective|p2a: Politoed\n|-crit|p2a: Politoed\n|-damage|p2a: Politoed|0 fnt\n|faint|p2a: Politoed\n|\n|-weather|RainDance|[upkeep]\n|upkeep\n|inactive|The OG Trainer Red has 120 seconds left.\n|\n|t:|1698728707\n|switch|p2a: Lapras|Lapras, F|100\/100\n|turn|5\n|\n|t:|1698728729\n|move|p2b: Kabutops|Brick Break|p1a: Poncho\n|-supereffective|p1a: Poncho\n|-damage|p1a: Poncho|43\/100\n|-damage|p2b: Kabutops|0 fnt|[from] ability: Iron Barbs|[of] p1a: Poncho\n|faint|p2b: Kabutops\n|move|p1b: Knight Dragon|Flash Cannon|p2a: Lapras\n|-damage|p2a: Lapras|60\/100\n|move|p2a: Lapras|Blizzard|p1a: Poncho|[spread] p1b\n|-miss|p2a: Lapras|p1a: Poncho\n|-resisted|p1b: Knight Dragon\n|-damage|p1b: Knight Dragon|0 fnt\n|faint|p1b: Knight Dragon\n|move|p1a: Poncho|Power Whip|p2a: Lapras\n|-supereffective|p2a: Lapras\n|-damage|p2a: Lapras|0 fnt\n|faint|p2a: Lapras\n|\n|-weather|RainDance|[upkeep]\n|upkeep\n|\n|t:|1698728746\n|switch|p1b: Catfish|Vaporeon, M|100\/100\n|switch|p2b: Basculegion|Basculegion-F, F|100\/100\n|switch|p2a: Dragonite|Dragonite, F, tera:Normal|51\/100\n|turn|6\n|\n|t:|1698728770\n|move|p2a: Dragonite|Extreme Speed|p1b: Catfish\n|-damage|p1b: Catfish|19\/100\n|move|p2b: Basculegion|Last Respects|p1a: Poncho\n|-damage|p1a: Poncho|0 fnt\n|faint|p1a: Poncho\n|move|p1b: Catfish|Blizzard|p2a: Dragonite|[spread] p2a\n|-miss|p1b: Catfish|p2b: Basculegion\n|-enditem|p1b: Catfish|Blunder Policy\n|-boost|p1b: Catfish|spe|2\n|-damage|p2a: Dragonite|26\/100\n|\n|-weather|RainDance|[upkeep]\n|upkeep\n|inactive|Menacing Duck has 120 seconds left.\n|\n|t:|1698728792\n|switch|p1a: NO THIS IS PATRICK|Snorlax, M, shiny|100\/100\n|turn|7\n|inactive|Menacing Duck has 120 seconds left.\n|\n|t:|1698728816\n|move|p2a: Dragonite|Extreme Speed|p1a: NO THIS IS PATRICK\n|-damage|p1a: NO THIS IS PATRICK|44\/100\n|-enditem|p1a: NO THIS IS PATRICK|Aguav Berry|[eat]\n|-heal|p1a: NO THIS IS PATRICK|77\/100|[from] item: Aguav Berry\n|move|p2b: Basculegion|Last Respects|p1b: Catfish\n|-damage|p1b: Catfish|0 fnt\n|faint|p1b: Catfish\n|move|p1a: NO THIS IS PATRICK|High Horsepower|p2a: Dragonite\n|-damage|p2a: Dragonite|0 fnt\n|faint|p2a: Dragonite\n|\n|-weather|none\n|upkeep\n|inactive|Menacing Duck has 120 seconds left.\n|\n|t:|1698728831\n|switch|p1b: THE BOI!!!|Clodsire, F, shiny|100\/100\n|turn|8\n|inactive|Menacing Duck has 120 seconds left.\n|\n|t:|1698728851\n|move|p2b: Basculegion|Last Respects|p1b: THE BOI!!!\n|-damage|p1b: THE BOI!!!|0 fnt\n|faint|p1b: THE BOI!!!\n|move|p1a: NO THIS IS PATRICK|High Horsepower|p2b: Basculegion\n|-damage|p2b: Basculegion|61\/100\n|\n|upkeep\n|\n|t:|1698728860\n|switch|p1b: Helmet|Shuckle, M|100\/100\n|turn|9\n|\n|t:|1698728873\n|move|p2b: Basculegion|Last Respects|p1b: Helmet\n|-damage|p1b: Helmet|0 fnt\n|faint|p1b: Helmet\n|move|p1a: NO THIS IS PATRICK|High Horsepower|p2b: Basculegion|[miss]\n|-miss|p1a: NO THIS IS PATRICK|p2b: Basculegion\n|\n|upkeep\n|turn|10\n|\n|t:|1698728883\n|move|p2b: Basculegion|Last Respects|p1a: NO THIS IS PATRICK\n|-immune|p1a: NO THIS IS PATRICK\n|move|p1a: NO THIS IS PATRICK|High Horsepower|p2b: Basculegion\n|-damage|p2b: Basculegion|24\/100\n|\n|upkeep\n|turn|11\n|\n|t:|1698728891\n|move|p2b: Basculegion|Last Respects|p1a: NO THIS IS PATRICK\n|-immune|p1a: NO THIS IS PATRICK\n|move|p1a: NO THIS IS PATRICK|High Horsepower|p2b: Basculegion\n|-damage|p2b: Basculegion|0 fnt\n|faint|p2b: Basculegion\n|\n|win|Menacing Duck\n|raw|Menacing Duck's rating: 1018 &rarr; <strong>1076<\/strong><br \/>(+58 for winning)\n|raw|The OG Trainer Red's rating: 1242 &rarr; <strong>1203<\/strong><br \/>(-39 for losing)\n|c|\u2606Menacing Duck|GGs\n|l|\u2606The OG Trainer Red\n","uploadtime":1698728910,"views":6,"p1id":"menacingduck","p2id":"theogtrainerred","formatid":"gen9nationaldexdoubles","rating":1076,"private":0,"password":""}