{"id":"gen9nationaldexdoubles-1970000699","p1":"Clea_Foxx96","p2":"Ccujcucjcuckvh","format":"[Gen 9] National Dex Doubles","log":"|j|\u2606Clea_Foxx96\n|j|\u2606Ccujcucjcuckvh\n|t:|1697583797\n|gametype|doubles\n|player|p1|Clea_Foxx96|bianca|1132\n|player|p2|Ccujcucjcuckvh|lance|1116\n|teamsize|p1|6\n|teamsize|p2|6\n|gen|9\n|tier|[Gen 9] National Dex Doubles\n|rated|\n|rule|HP Percentage Mod: HP is shown in percentages\n|rule|Endless Battle Clause: Forcing endless battles is banned\n|rule|OHKO Clause: OHKO moves are banned\n|rule|Evasion Moves Clause: Evasion moves are banned\n|rule|Evasion Abilities Clause: Evasion abilities are banned\n|rule|Species Clause: Limit one of each Pok\u00e9mon\n|rule|Gravity Sleep Clause: The combination of sleep-inducing moves with imperfect accuracy and Gravity or Gigantamax Orbeetle are banned\n|clearpoke\n|poke|p1|Alcremie-Caramel-Swirl, F|\n|poke|p1|Kingambit, M|\n|poke|p1|Gastrodon-East, M|\n|poke|p1|Oricorio-Pom-Pom, F|\n|poke|p1|Dhelmise|\n|poke|p1|Blaziken, M|\n|poke|p2|Lapras, F|\n|poke|p2|Golurk|\n|poke|p2|Zebstrika, M|\n|poke|p2|Whimsicott, F|\n|poke|p2|Ogerpon-Hearthflame, F|\n|poke|p2|Porygon2|\n|teampreview\n|\n|t:|1697583823\n|start\n|switch|p1a: Alcremie|Alcremie-Caramel-Swirl, F|100\/100\n|switch|p1b: Gastrodon|Gastrodon-East, M|100\/100\n|switch|p2a: Whimsicott|Whimsicott, F, shiny|100\/100\n|switch|p2b: Ogerpon|Ogerpon-Hearthflame, F|100\/100\n|-ability|p2b: Ogerpon|Mold Breaker\n|turn|1\n|\n|t:|1697583837\n|move|p2a: Whimsicott|Tailwind|p2a: Whimsicott\n|-sidestart|p2: Ccujcucjcuckvh|move: Tailwind\n|move|p2b: Ogerpon|Trailblaze|p1b: Gastrodon\n|-supereffective|p1b: Gastrodon\n|-enditem|p1b: Gastrodon|Rindo Berry|[eat]\n|-enditem|p1b: Gastrodon|Rindo Berry|[weaken]\n|-damage|p1b: Gastrodon|37\/100\n|-boost|p2b: Ogerpon|spe|1\n|move|p1a: Alcremie|Decorate|p1b: Gastrodon\n|-boost|p1b: Gastrodon|atk|2\n|-boost|p1b: Gastrodon|spa|2\n|move|p1b: Gastrodon|Icy Wind|p2b: Ogerpon|[spread] p2a,p2b\n|-supereffective|p2a: Whimsicott\n|-damage|p2a: Whimsicott|36\/100\n|-damage|p2b: Ogerpon|69\/100\n|-unboost|p2a: Whimsicott|spe|1\n|-unboost|p2b: Ogerpon|spe|1\n|\n|upkeep\n|turn|2\n|\n|t:|1697583862\n|switch|p2a: Porygon2|Porygon2, shiny|100\/100\n|-ability|p2a: Porygon2|Download|boost\n|-boost|p2a: Porygon2|atk|1\n|move|p2b: Ogerpon|Swords Dance|p2b: Ogerpon\n|-boost|p2b: Ogerpon|atk|2\n|move|p1a: Alcremie|Acid Armor|p1a: Alcremie\n|-boost|p1a: Alcremie|def|2\n|move|p1b: Gastrodon|Icy Wind|p2b: Ogerpon|[spread] p2a\n|-miss|p1b: Gastrodon|p2b: Ogerpon\n|-damage|p2a: Porygon2|86\/100\n|-unboost|p2a: Porygon2|spe|1\n|\n|upkeep\n|turn|3\n|\n|t:|1697583885\n|-terastallize|p2b: Ogerpon|Fire\n|detailschange|p2b: Ogerpon|Ogerpon-Hearthflame-Tera, F, tera:Fire\n|-ability|p2b: Ogerpon|Embody Aspect (Hearthflame)|boost\n|-boost|p2b: Ogerpon|atk|1\n|move|p2b: Ogerpon|Horn Leech|p1b: Gastrodon\n|-supereffective|p1b: Gastrodon\n|-damage|p1b: Gastrodon|0 fnt\n|-heal|p2b: Ogerpon|95\/100|[from] drain|[of] p1b: Gastrodon\n|faint|p1b: Gastrodon\n|move|p2a: Porygon2|Tri Attack|p1a: Alcremie\n|-damage|p1a: Alcremie|71\/100\n|-status|p1a: Alcremie|brn\n|move|p1a: Alcremie|Mystical Fire|p2a: Porygon2\n|-damage|p2a: Porygon2|71\/100\n|-unboost|p2a: Porygon2|spa|1\n|\n|-heal|p1a: Alcremie|77\/100 brn|[from] item: Leftovers\n|-damage|p1a: Alcremie|71\/100 brn|[from] brn\n|upkeep\n|\n|t:|1697583911\n|switch|p1b: Oricorio|Oricorio-Pom-Pom, F, shiny|100\/100\n|turn|4\n|\n|t:|1697583930\n|switch|p2a: Lapras|Lapras, F|100\/100\n|move|p2b: Ogerpon|Trailblaze|p1a: Alcremie\n|-damage|p1a: Alcremie|27\/100 brn\n|-boost|p2b: Ogerpon|spe|1\n|-zpower|p1b: Oricorio\n|move|p1b: Oricorio|Supersonic Skystrike|p2b: Ogerpon|[zeffect]\n|-damage|p2b: Ogerpon|12\/100\n|move|p1a: Alcremie|Decorate|p1b: Oricorio\n|-boost|p1b: Oricorio|atk|2\n|-boost|p1b: Oricorio|spa|2\n|\n|-heal|p1a: Alcremie|33\/100 brn|[from] item: Leftovers\n|-damage|p1a: Alcremie|27\/100 brn|[from] brn\n|-sideend|p2: Ccujcucjcuckvh|move: Tailwind\n|upkeep\n|turn|5\n|\n|t:|1697583952\n|move|p2b: Ogerpon|Horn Leech|p1b: Oricorio\n|-resisted|p1b: Oricorio\n|-damage|p1b: Oricorio|7\/100\n|-heal|p2b: Ogerpon|57\/100|[from] drain|[of] p1b: Oricorio\n|move|p1b: Oricorio|Revelation Dance|p2b: Ogerpon\n|-damage|p2b: Ogerpon|0 fnt\n|faint|p2b: Ogerpon\n|move|p1a: Alcremie|Mystical Fire|p2a: Lapras\n|-damage|p2a: Lapras|80\/100\n|-unboost|p2a: Lapras|spa|1\n|move|p2a: Lapras|Freeze-Dry|p1b: Oricorio\n|-supereffective|p1b: Oricorio\n|-damage|p1b: Oricorio|0 fnt\n|faint|p1b: Oricorio\n|\n|-heal|p1a: Alcremie|33\/100 brn|[from] item: Leftovers\n|-heal|p2a: Lapras|86\/100|[from] item: Leftovers\n|-damage|p1a: Alcremie|27\/100 brn|[from] brn\n|upkeep\n|\n|t:|1697583976\n|switch|p2b: Golurk|Golurk, shiny|100\/100\n|switch|p1b: Dhelmise|Dhelmise, shiny|100\/100\n|turn|6\n|\n|t:|1697583992\n|-terastallize|p1b: Dhelmise|Ghost\n|move|p2b: Golurk|Rock Polish|p2b: Golurk\n|-boost|p2b: Golurk|spe|2\n|move|p1a: Alcremie|Decorate|p1b: Dhelmise\n|-boost|p1b: Dhelmise|atk|2\n|-boost|p1b: Dhelmise|spa|2\n|move|p2a: Lapras|Freeze-Dry|p1b: Dhelmise\n|-damage|p1b: Dhelmise|85\/100\n|move|p1b: Dhelmise|Power Whip|p2b: Golurk\n|-supereffective|p2b: Golurk\n|-damage|p2b: Golurk|0 fnt\n|faint|p2b: Golurk\n|\n|-heal|p1a: Alcremie|33\/100 brn|[from] item: Leftovers\n|-heal|p2a: Lapras|93\/100|[from] item: Leftovers\n|-damage|p1a: Alcremie|27\/100 brn|[from] brn\n|upkeep\n|\n|t:|1697584003\n|switch|p2b: Porygon2|Porygon2, shiny|71\/100\n|-ability|p2b: Porygon2|Download|boost\n|-boost|p2b: Porygon2|spa|1\n|turn|7\n|\n|t:|1697584016\n|move|p1a: Alcremie|Mystical Fire|p2b: Porygon2\n|-damage|p2b: Porygon2|56\/100\n|-unboost|p2b: Porygon2|spa|1\n|move|p2b: Porygon2|Thunderbolt|p1b: Dhelmise\n|-damage|p1b: Dhelmise|62\/100\n|move|p2a: Lapras|Hydro Pump|p1a: Alcremie\n|-damage|p1a: Alcremie|3\/100 brn\n|move|p1b: Dhelmise|Phantom Force||[still]\n|-prepare|p1b: Dhelmise|Phantom Force\n|\n|-heal|p1a: Alcremie|9\/100 brn|[from] item: Leftovers\n|-heal|p2a: Lapras|99\/100|[from] item: Leftovers\n|-damage|p1a: Alcremie|3\/100 brn|[from] brn\n|upkeep\n|turn|8\n|\n|t:|1697584034\n|move|p2a: Lapras|Ice Shard|p1a: Alcremie\n|-damage|p1a: Alcremie|0 fnt\n|faint|p1a: Alcremie\n|move|p2b: Porygon2|Thunderbolt|p1b: Dhelmise|[miss]\n|-miss|p2b: Porygon2|p1b: Dhelmise\n|move|p1b: Dhelmise|Phantom Force|p2a: Lapras|[from]lockedmove\n|-damage|p2a: Lapras|0 fnt\n|faint|p2a: Lapras\n|\n|upkeep\n|\n|t:|1697584052\n|switch|p1a: Kingambit|Kingambit, M|100\/100\n|switch|p2a: Whimsicott|Whimsicott, F, shiny|36\/100\n|-activate|p1a: Kingambit|ability: Supreme Overlord\n|-start|p1a: Kingambit|fallen3|[silent]\n|turn|9\n|\n|t:|1697584062\n|move|p2a: Whimsicott|Leech Seed|p1a: Kingambit\n|-hint|Since gen 7, Dark is immune to Prankster moves.\n|-immune|p1a: Kingambit\n|move|p2b: Porygon2|Thunderbolt|p1b: Dhelmise\n|-damage|p1b: Dhelmise|40\/100\n|move|p1a: Kingambit|Swords Dance|p1a: Kingambit\n|-boost|p1a: Kingambit|atk|2\n|move|p1b: Dhelmise|Anchor Shot|p2a: Whimsicott\n|-supereffective|p2a: Whimsicott\n|-damage|p2a: Whimsicott|0 fnt\n|faint|p2a: Whimsicott\n|\n|upkeep\n|\n|t:|1697584078\n|switch|p2a: Zebstrika|Zebstrika, M|100\/100\n|turn|10\n|\n|t:|1697584087\n|move|p1a: Kingambit|Sucker Punch|p2a: Zebstrika\n|-damage|p2a: Zebstrika|0 fnt\n|faint|p2a: Zebstrika\n|move|p2b: Porygon2|Ice Beam|p1b: Dhelmise\n|-damage|p1b: Dhelmise|20\/100\n|move|p1b: Dhelmise|Phantom Force||[still]\n|-prepare|p1b: Dhelmise|Phantom Force\n|\n|upkeep\n|turn|11\n|\n|t:|1697584097\n|move|p2b: Porygon2|Tri Attack|p1a: Kingambit\n|-resisted|p1a: Kingambit\n|-damage|p1a: Kingambit|80\/100\n|-status|p1a: Kingambit|brn\n|move|p1a: Kingambit|Iron Head|p2b: Porygon2\n|-damage|p2b: Porygon2|18\/100\n|move|p1b: Dhelmise|Phantom Force|p2b: Porygon2|[from]lockedmove\n|-immune|p2b: Porygon2\n|\n|-damage|p1a: Kingambit|74\/100 brn|[from] brn\n|upkeep\n|turn|12\n|\n|t:|1697584113\n|move|p1a: Kingambit|Sucker Punch||[still]\n|-fail|p1a: Kingambit\n|move|p2b: Porygon2|Recover|p2b: Porygon2\n|-heal|p2b: Porygon2|68\/100\n|move|p1b: Dhelmise|Power Whip|p2b: Porygon2\n|-damage|p2b: Porygon2|0 fnt\n|faint|p2b: Porygon2\n|\n|win|Clea_Foxx96\n|raw|Clea_Foxx96's rating: 1132 &rarr; <strong>1156<\/strong><br \/>(+24 for winning)\n|raw|Ccujcucjcuckvh's rating: 1116 &rarr; <strong>1092<\/strong><br \/>(-24 for losing)\n|l|\u2606Ccujcucjcuckvh\n","uploadtime":1697584123,"views":7,"p1id":"cleafoxx96","p2id":"ccujcucjcuckvh","formatid":"gen9nationaldexdoubles","rating":1092,"private":0,"password":""}