{"id":"gen9nationaldexdoubles-1982822542","p1":"Nerdygolem513","p2":"Spangly-2","format":"[Gen 9] National Dex Doubles","log":"|j|\u2606Nerdygolem513\n|j|\u2606Spangly-2\n|t:|1699048316\n|gametype|doubles\n|player|p1|Nerdygolem513|skullgrunt|1344\n|player|p2|Spangly-2|red|1360\n|teamsize|p1|6\n|teamsize|p2|6\n|gen|9\n|tier|[Gen 9] National Dex Doubles\n|rated|\n|rule|HP Percentage Mod: HP is shown in percentages\n|rule|Endless Battle Clause: Forcing endless battles is banned\n|rule|OHKO Clause: OHKO moves are banned\n|rule|Evasion Moves Clause: Evasion moves are banned\n|rule|Evasion Abilities Clause: Evasion abilities are banned\n|rule|Species Clause: Limit one of each Pok\u00e9mon\n|rule|Gravity Sleep Clause: The combination of sleep-inducing moves with imperfect accuracy and Gravity or Gigantamax Orbeetle are banned\n|clearpoke\n|poke|p1|Tapu Koko|\n|poke|p1|Indeedee-F, F|\n|poke|p1|Raichu-Alola, M|\n|poke|p1|Alakazam, M|\n|poke|p1|Iron Valiant|\n|poke|p1|Farigiraf, F|\n|poke|p2|Kommo-o, F|\n|poke|p2|Iron Bundle|\n|poke|p2|Cinderace, M|\n|poke|p2|Marshadow|\n|poke|p2|Whimsicott, F|\n|poke|p2|Ogerpon-Hearthflame, F|\n|teampreview\n|inactive|Battle timer is ON: inactive players will automatically lose when time's up. (requested by Spangly-2)\n|\n|t:|1699048337\n|start\n|switch|p1a: KFC|Tapu Koko|100\/100\n|switch|p1b: Pancakes|Raichu-Alola, M|100\/100\n|switch|p2a: Whimsicott|Whimsicott, F|100\/100\n|switch|p2b: Ogerpon|Ogerpon-Hearthflame, F|100\/100\n|-fieldstart|move: Electric Terrain|[from] ability: Electric Surge|[of] p1a: KFC\n|-ability|p2b: Ogerpon|Mold Breaker\n|turn|1\n|\n|t:|1699048353\n|move|p1b: Pancakes|Protect|p1b: Pancakes\n|-singleturn|p1b: Pancakes|Protect\n|move|p2a: Whimsicott|Tailwind|p2a: Whimsicott\n|-sidestart|p2: Spangly-2|move: Tailwind\n|move|p2b: Ogerpon|Ivy Cudgel|p1b: Pancakes\n|-activate|p1b: Pancakes|move: Protect\n|move|p1a: KFC|Brave Bird|p2b: Ogerpon\n|-supereffective|p2b: Ogerpon\n|-damage|p2b: Ogerpon|0 fnt\n|faint|p2b: Ogerpon\n|-damage|p1a: KFC|65\/100|[from] Recoil\n|\n|upkeep\n|inactive|Spangly-2 has 120 seconds left.\n|inactive|Spangly-2 has 90 seconds left.\n|\n|t:|1699048410\n|switch|p2b: Cinderace|Cinderace, M|100\/100\n|turn|2\n|\n|t:|1699048421\n|move|p2a: Whimsicott|Encore|p1b: Pancakes\n|-start|p1b: Pancakes|Encore\n|move|p2b: Cinderace|Pyro Ball|p1a: KFC\n|-damage|p1a: KFC|0 fnt\n|faint|p1a: KFC\n|move|p1b: Pancakes|Protect|p1b: Pancakes\n|-singleturn|p1b: Pancakes|Protect\n|\n|upkeep\n|\n|t:|1699048426\n|switch|p1a: Indeed|Indeedee-F, F|100\/100\n|-fieldstart|move: Psychic Terrain|[from] ability: Psychic Surge|[of] p1a: Indeed\n|turn|3\n|inactive|Spangly-2 has 120 seconds left.\n|\n|t:|1699048475\n|switch|p1b: SPOONE|Alakazam, M|100\/100\n|move|p2b: Cinderace|Pyro Ball|p1a: Indeed\n|-damage|p1a: Indeed|17\/100\n|move|p2a: Whimsicott|Giga Drain|p1a: Indeed\n|-damage|p1a: Indeed|2\/100\n|move|p1a: Indeed|Trick Room|p1a: Indeed\n|-fieldstart|move: Trick Room|[of] p1a: Indeed\n|\n|-heal|p1a: Indeed|8\/100|[from] item: Leftovers\n|upkeep\n|turn|4\n|\n|t:|1699048493\n|detailschange|p1b: SPOONE|Alakazam-Mega, M\n|-mega|p1b: SPOONE|Alakazam|Alakazite\n|-ability|p1b: SPOONE|Prankster|[from] ability: Trace|[of] p2a: Whimsicott\n|move|p2a: Whimsicott|Encore|p1a: Indeed\n|-activate|p1a: Indeed|move: Psychic Terrain\n|move|p1b: SPOONE|Expanding Force|p2a: Whimsicott|[spread] p2a,p2b\n|-damage|p2a: Whimsicott|5\/100\n|-damage|p2b: Cinderace|0 fnt\n|faint|p2b: Cinderace\n|move|p1a: Indeed|Trick Room|p1a: Indeed\n|-fieldend|move: Trick Room\n|\n|-heal|p2a: Whimsicott|11\/100|[from] item: Leftovers\n|-heal|p1a: Indeed|14\/100|[from] item: Leftovers\n|-sideend|p2: Spangly-2|move: Tailwind\n|upkeep\n|inactive|Spangly-2 has 90 seconds left.\n|\n|t:|1699048543\n|switch|p2b: Marshadow|Marshadow|100\/100\n|turn|5\n|\n|t:|1699048552\n|switch|p1b: Hannah|Farigiraf, F|100\/100\n|move|p2a: Whimsicott|Tailwind|p2a: Whimsicott\n|-sidestart|p2: Spangly-2|move: Tailwind\n|move|p2b: Marshadow|Spectral Thief|p1b: Hannah\n|-immune|p1b: Hannah\n|move|p1a: Indeed|Trick Room|p1a: Indeed\n|-fieldstart|move: Trick Room|[of] p1a: Indeed\n|\n|-heal|p1a: Indeed|21\/100|[from] item: Leftovers\n|-heal|p2a: Whimsicott|17\/100|[from] item: Leftovers\n|upkeep\n|turn|6\n|\n|t:|1699048571\n|switch|p2b: Kommo-o|Kommo-o, F, shiny|100\/100\n|move|p1b: Hannah|Wish|p1b: Hannah\n|move|p1a: Indeed|Expanding Force|p2a: Whimsicott|[spread] p2a,p2b\n|-supereffective|p2b: Kommo-o\n|-damage|p2a: Whimsicott|0 fnt\n|-damage|p2b: Kommo-o|16\/100\n|faint|p2a: Whimsicott\n|\n|-heal|p1a: Indeed|27\/100|[from] item: Leftovers\n|upkeep\n|inactive|Spangly-2 has 90 seconds left.\n|\n|t:|1699048615\n|switch|p2a: Iron Bundle|Iron Bundle|100\/100\n|-enditem|p2a: Iron Bundle|Booster Energy\n|-activate|p2a: Iron Bundle|ability: Quark Drive|[fromitem]\n|-start|p2a: Iron Bundle|quarkdrivespe\n|turn|7\n|\n|t:|1699048636\n|-terastallize|p1a: Indeed|Psychic\n|move|p1b: Hannah|Ally Switch|p1b: Hannah\n|swap|p1b: Hannah|0|[from] move: Ally Switch\n|move|p1b: Indeed|Expanding Force|p2b: Kommo-o|[spread] p2a,p2b\n|-supereffective|p2b: Kommo-o\n|-damage|p2a: Iron Bundle|0 fnt\n|-damage|p2b: Kommo-o|0 fnt\n|faint|p2a: Iron Bundle\n|-end|p2a: Iron Bundle|Quark Drive|[silent]\n|faint|p2b: Kommo-o\n|\n|-heal|p1b: Indeed|91\/100|[from] move: Wish|[wisher] Hannah\n|-heal|p1b: Indeed|97\/100|[from] item: Leftovers\n|-fieldend|move: Psychic Terrain\n|upkeep\n|\n|t:|1699048642\n|switch|p2b: Marshadow|Marshadow|100\/100\n|turn|8\n|inactive|Spangly-2 has 90 seconds left.\n|\n|t:|1699048657\n|-terastallize|p2b: Marshadow|Ghost\n|move|p1a: Hannah|Wish|p1a: Hannah\n|move|p1b: Indeed|Expanding Force|p2b: Marshadow\n|-damage|p2b: Marshadow|72\/100\n|move|p2b: Marshadow|Force Palm|p1b: Indeed\n|-resisted|p1b: Indeed\n|-damage|p1b: Indeed|64\/100\n|\n|-heal|p1b: Indeed|70\/100|[from] item: Leftovers\n|-sideend|p2: Spangly-2|move: Tailwind\n|upkeep\n|turn|9\n|\n|t:|1699048685\n|switch|p1a: Pancakes|Raichu-Alola, M|100\/100\n|switch|p1b: SPOONE|Alakazam-Mega, M|100\/100\n|-ability|p1b: SPOONE|Technician|[from] ability: Trace|[of] p2b: Marshadow\n|move|p2b: Marshadow|Force Palm|p1b: SPOONE\n|-resisted|p1b: SPOONE\n|-damage|p1b: SPOONE|60\/100\n|\n|-fieldend|move: Trick Room\n|upkeep\n|turn|10\n|inactive|Spangly-2 has 90 seconds left.\n|\n|t:|1699048736\n|move|p2b: Marshadow|Shadow Sneak|p1b: SPOONE\n|-supereffective|p1b: SPOONE\n|-damage|p1b: SPOONE|0 fnt\n|faint|p1b: SPOONE\n|move|p1a: Pancakes|Rising Voltage|p2b: Marshadow\n|-damage|p2b: Marshadow|42\/100\n|-damage|p1a: Pancakes|91\/100|[from] item: Life Orb\n|\n|upkeep\n|\n|t:|1699048743\n|switch|p1b: Gender|Iron Valiant|100\/100\n|turn|11\n|inactive|Spangly-2 has 90 seconds left.\n|\n|t:|1699048782\n|move|p1a: Pancakes|Protect|p1a: Pancakes\n|-singleturn|p1a: Pancakes|Protect\n|move|p2b: Marshadow|Shadow Sneak|p1a: Pancakes\n|-activate|p1a: Pancakes|move: Protect\n|move|p1b: Gender|Knock Off|p2b: Marshadow\n|-supereffective|p2b: Marshadow\n|-damage|p2b: Marshadow|0 fnt\n|-enditem|p2b: Marshadow|Assault Vest|[from] move: Knock Off|[of] p1b: Gender\n|faint|p2b: Marshadow\n|\n|win|Nerdygolem513\n|raw|Nerdygolem513's rating: 1344 &rarr; <strong>1365<\/strong><br \/>(+21 for winning)\n|raw|Spangly-2's rating: 1360 &rarr; <strong>1339<\/strong><br \/>(-21 for losing)\n|l|\u2606Spangly-2\n|l|\u2606Nerdygolem513\n|j|\u2606Nerdygolem513\n|player|p1|Nerdygolem513|skullgrunt\n","uploadtime":1699048795,"views":11,"p1id":"nerdygolem513","p2id":"spangly2","formatid":"gen9nationaldexdoubles","rating":1339,"private":0,"password":""}