{"id":"gen9nationaldexdoubles-1999801653","p1":"liam berry","p2":"Yami Tayori","format":"[Gen 9] National Dex Doubles","log":"|j|\u203dliam berry\n|j|\u2606Yami Tayori\n|t:|1701117983\n|gametype|doubles\n|player|p1|liam berry|1|1049\n|player|p2|Yami Tayori|steven|1157\n|teamsize|p1|6\n|teamsize|p2|6\n|gen|9\n|tier|[Gen 9] National Dex Doubles\n|rated|\n|rule|HP Percentage Mod: HP is shown in percentages\n|rule|Endless Battle Clause: Forcing endless battles is banned\n|rule|OHKO Clause: OHKO moves are banned\n|rule|Evasion Moves Clause: Evasion moves are banned\n|rule|Evasion Abilities Clause: Evasion abilities are banned\n|rule|Species Clause: Limit one of each Pok\u00e9mon\n|rule|Gravity Sleep Clause: The combination of sleep-inducing moves with imperfect accuracy and Gravity or Gigantamax Orbeetle are banned\n|clearpoke\n|poke|p1|Slaking, M|\n|poke|p1|Grafaiai, F|\n|poke|p1|Enamorus, F|\n|poke|p1|Azumarill, M|\n|poke|p1|Kingambit, M|\n|poke|p1|Gliscor, M|\n|poke|p2|Garchomp, M|\n|poke|p2|Tyranitar, F|\n|poke|p2|Kommo-o, M|\n|poke|p2|Ninetales-Alola, M|\n|poke|p2|Rillaboom, M|\n|poke|p2|Indeedee-F, F|\n|teampreview\n|inactive|Battle timer is ON: inactive players will automatically lose when time's up. (requested by liam berry)\n|\n|t:|1701118030\n|start\n|switch|p1a: Enamorus|Enamorus, F|100\/100\n|switch|p1b: Azumarill|Azumarill, M, shiny|100\/100\n|switch|p2a: Garchomp|Garchomp, M|100\/100\n|switch|p2b: Tyranitar|Tyranitar, F|100\/100\n|-weather|Sandstorm|[from] ability: Sand Stream|[of] p2b: Tyranitar\n|turn|1\n|\n|t:|1701118045\n|-terastallize|p1a: Enamorus|Fighting\n|-terastallize|p2b: Tyranitar|Ghost\n|move|p1a: Enamorus|Superpower|p2b: Tyranitar\n|-immune|p2b: Tyranitar\n|move|p2a: Garchomp|Stone Edge|p1b: Azumarill|[miss]\n|-miss|p2a: Garchomp|p1b: Azumarill\n|move|p2b: Tyranitar|Stone Edge|p1a: Enamorus\n|-resisted|p1a: Enamorus\n|-damage|p1a: Enamorus|51\/100\n|move|p1b: Azumarill|Belly Drum|p1b: Azumarill\n|-damage|p1b: Azumarill|51\/100\n|-setboost|p1b: Azumarill|atk|6|[from] move: Belly Drum\n|\n|-weather|Sandstorm|[upkeep]\n|-damage|p1a: Enamorus|44\/100|[from] Sandstorm\n|-damage|p2b: Tyranitar|94\/100|[from] Sandstorm\n|-damage|p1b: Azumarill|44\/100|[from] Sandstorm\n|-enditem|p1b: Azumarill|Sitrus Berry|[eat]\n|-heal|p1b: Azumarill|69\/100|[from] item: Sitrus Berry\n|upkeep\n|turn|2\n|\n|t:|1701118067\n|move|p1b: Azumarill|Aqua Jet|p2b: Tyranitar\n|-damage|p2b: Tyranitar|28\/100\n|move|p1a: Enamorus|Superpower|p2a: Garchomp\n|-crit|p2a: Garchomp\n|-damage|p2a: Garchomp|0 fnt\n|-boost|p1a: Enamorus|atk|1\n|-boost|p1a: Enamorus|def|1\n|-damage|p1a: Enamorus|32\/100|[from] ability: Rough Skin|[of] p2a: Garchomp\n|faint|p2a: Garchomp\n|-damage|p1a: Enamorus|22\/100|[from] item: Life Orb\n|move|p2b: Tyranitar|Stone Edge|p1b: Azumarill\n|-damage|p1b: Azumarill|7\/100\n|\n|-weather|Sandstorm|[upkeep]\n|-damage|p1a: Enamorus|16\/100|[from] Sandstorm\n|-damage|p2b: Tyranitar|22\/100|[from] Sandstorm\n|-damage|p1b: Azumarill|0 fnt|[from] Sandstorm\n|faint|p1b: Azumarill\n|upkeep\n|\n|t:|1701118087\n|switch|p2a: Ninetales|Ninetales-Alola, M|100\/100\n|switch|p1b: Gliscor|Gliscor, M|100\/100\n|-weather|Snow|[from] ability: Snow Warning|[of] p2a: Ninetales\n|turn|3\n|\n|t:|1701118115\n|move|p2a: Ninetales|Dazzling Gleam|p1a: Enamorus|[spread] p1a,p1b\n|-supereffective|p1a: Enamorus\n|-damage|p1a: Enamorus|0 fnt\n|-damage|p1b: Gliscor|74\/100\n|faint|p1a: Enamorus\n|move|p1b: Gliscor|Dual Wingbeat|p2a: Ninetales\n|-damage|p2a: Ninetales|86\/100\n|-damage|p2a: Ninetales|71\/100\n|-hitcount|p2a: Ninetales|2\n|move|p2b: Tyranitar|Knock Off|p1b: Gliscor\n|-damage|p1b: Gliscor|27\/100\n|-enditem|p1b: Gliscor|Toxic Orb|[from] move: Knock Off|[of] p2b: Tyranitar\n|\n|-weather|Snow|[upkeep]\n|upkeep\n|\n|t:|1701118130\n|switch|p1a: Slaking|Slaking, M|100\/100\n|turn|4\n|\n|t:|1701118139\n|switch|p1b: Grafaiai|Grafaiai, F|100\/100\n|move|p2a: Ninetales|Aurora Veil|p2a: Ninetales\n|-sidestart|p2: Yami Tayori|move: Aurora Veil\n|move|p1a: Slaking|Play Rough|p2b: Tyranitar\n|-damage|p2b: Tyranitar|0 fnt\n|faint|p2b: Tyranitar\n|\n|-weather|Snow|[upkeep]\n|upkeep\n|\n|t:|1701118148\n|switch|p2b: Kommo-o|Kommo-o, M|100\/100\n|turn|5\n|\n|t:|1701118166\n|move|p2a: Ninetales|Hypnosis|p1b: Grafaiai\n|-status|p1b: Grafaiai|slp|[from] move: Hypnosis\n|cant|p1a: Slaking|ability: Truant\n|move|p2b: Kommo-o|Clangorous Soul|p2b: Kommo-o\n|-boost|p2b: Kommo-o|atk|1\n|-boost|p2b: Kommo-o|def|1\n|-boost|p2b: Kommo-o|spa|1\n|-boost|p2b: Kommo-o|spd|1\n|-boost|p2b: Kommo-o|spe|1\n|-damage|p2b: Kommo-o|68\/100\n|cant|p1b: Grafaiai|slp\n|\n|-weather|Snow|[upkeep]\n|-heal|p2b: Kommo-o|74\/100|[from] item: Leftovers\n|upkeep\n|turn|6\n|\n|t:|1701118186\n|move|p2b: Kommo-o|Drain Punch|p1a: Slaking\n|-supereffective|p1a: Slaking\n|-damage|p1a: Slaking|18\/100\n|-heal|p2b: Kommo-o|100\/100|[from] drain|[of] p1a: Slaking\n|move|p2a: Ninetales|Hypnosis|p1a: Slaking\n|-status|p1a: Slaking|slp|[from] move: Hypnosis\n|cant|p1a: Slaking|slp\n|-curestatus|p1b: Grafaiai|slp|[msg]\n|move|p1b: Grafaiai|Poison Jab|p2a: Ninetales\n|-supereffective|p2a: Ninetales\n|-damage|p2a: Ninetales|41\/100\n|\n|-weather|Snow|[upkeep]\n|upkeep\n|turn|7\n|inactive|Yami Tayori has 120 seconds left.\n|\n|t:|1701118218\n|switch|p2a: Indeedee|Indeedee-F, F|100\/100\n|-fieldstart|move: Psychic Terrain|[from] ability: Psychic Surge|[of] p2a: Indeedee\n|move|p2b: Kommo-o|Dragon Claw|p1a: Slaking\n|-damage|p1a: Slaking|0 fnt\n|faint|p1a: Slaking\n|move|p1b: Grafaiai|Doodle|p2b: Kommo-o\n|-endability|p1b: Grafaiai|Poison Touch|[from] move: Doodle\n|-ability|p1b: Grafaiai|Bulletproof|[from] move: Doodle\n|\n|-weather|none\n|upkeep\n|\n|t:|1701118229\n|switch|p1a: Kingambit|Kingambit, M|100\/100\n|-activate|p1a: Kingambit|ability: Supreme Overlord\n|-start|p1a: Kingambit|fallen3|[silent]\n|turn|8\n|\n|t:|1701118256\n|-end|p1a: Kingambit|fallen3|[silent]\n|switch|p1a: Gliscor|Gliscor, M|27\/100\n|move|p2a: Indeedee|Follow Me|p2a: Indeedee\n|-singleturn|p2a: Indeedee|move: Follow Me\n|move|p2b: Kommo-o|Drain Punch|p1a: Gliscor\n|-resisted|p1a: Gliscor\n|-crit|p1a: Gliscor\n|-damage|p1a: Gliscor|0 fnt\n|faint|p1a: Gliscor\n|move|p1b: Grafaiai|Knock Off|p2a: Indeedee\n|-supereffective|p2a: Indeedee\n|-damage|p2a: Indeedee|62\/100\n|-enditem|p2a: Indeedee|Leftovers|[from] move: Knock Off|[of] p1b: Grafaiai\n|\n|upkeep\n|\n|t:|1701118267\n|switch|p1a: Kingambit|Kingambit, M|100\/100\n|-activate|p1a: Kingambit|ability: Supreme Overlord\n|-start|p1a: Kingambit|fallen4|[silent]\n|turn|9\n|\n|t:|1701118279\n|move|p2a: Indeedee|Follow Me|p2a: Indeedee\n|-singleturn|p2a: Indeedee|move: Follow Me\n|move|p2b: Kommo-o|Drain Punch|p1a: Kingambit\n|-supereffective|p1a: Kingambit\n|-damage|p1a: Kingambit|0 fnt\n|faint|p1a: Kingambit\n|-end|p1a: Kingambit|fallen4|[silent]\n|move|p1b: Grafaiai|Knock Off|p2a: Indeedee\n|-supereffective|p2a: Indeedee\n|-damage|p2a: Indeedee|33\/100\n|\n|upkeep\n|turn|10\n|-message|liam berry forfeited.\n|\n|win|Yami Tayori\n|raw|liam berry's rating: 1049 &rarr; <strong>1038<\/strong><br \/>(-11 for losing)\n|raw|Yami Tayori's rating: 1184 &rarr; <strong>1200<\/strong><br \/>(+16 for winning)\n|l|\u203dliam berry\n","uploadtime":1701118298,"views":1,"p1id":"liamberry","p2id":"yamitayori","formatid":"gen9nationaldexdoubles","rating":1038,"private":0,"password":""}