{"id":"gen9nationaldexdoubles-1993548722","p1":"pauseunderscore","p2":"fumbari 24","format":"[Gen 9] National Dex Doubles","log":"|j|\u2606pauseunderscore\n|j|\u2606fumbari 24\n|t:|1700330547\n|gametype|doubles\n|player|p1|pauseunderscore|ruinmaniac|1000\n|player|p2|fumbari 24|hilbert|1139\n|teamsize|p1|6\n|teamsize|p2|6\n|gen|9\n|tier|[Gen 9] National Dex Doubles\n|rated|\n|rule|HP Percentage Mod: HP is shown in percentages\n|rule|Endless Battle Clause: Forcing endless battles is banned\n|rule|OHKO Clause: OHKO moves are banned\n|rule|Evasion Moves Clause: Evasion moves are banned\n|rule|Evasion Abilities Clause: Evasion abilities are banned\n|rule|Species Clause: Limit one of each Pok\u00e9mon\n|rule|Gravity Sleep Clause: The combination of sleep-inducing moves with imperfect accuracy and Gravity or Gigantamax Orbeetle are banned\n|clearpoke\n|poke|p1|Stoutland, F|\n|poke|p1|Tauros, M|\n|poke|p1|Grafaiai, M|\n|poke|p1|Pyroar, M|\n|poke|p1|Sawsbuck, M|\n|poke|p1|Staraptor, M|\n|poke|p2|Electivire, M|\n|poke|p2|Electrode-Hisui|\n|poke|p2|Lycanroc-Dusk, M|\n|poke|p2|Rotom-Heat|\n|poke|p2|Alcremie, F|\n|poke|p2|Diggersby, M|\n|teampreview\n|inactive|Battle timer is ON: inactive players will automatically lose when time's up. (requested by fumbari 24)\n|\n|t:|1700330559\n|start\n|switch|p1a: Stoutland|Stoutland, F|100\/100\n|switch|p1b: Tauros|Tauros, M|100\/100\n|switch|p2a: Electrode|Electrode-Hisui|100\/100\n|switch|p2b: Electivire|Electivire, M|100\/100\n|-ability|p1a: Stoutland|Intimidate|boost\n|-unboost|p2a: Electrode|atk|1\n|-fail|p2b: Electivire|unboost|[from] item: Clear Amulet|[of] p2b: Electivire\n|turn|1\n|\n|t:|1700330580\n|move|p1a: Stoutland|Helping Hand|p1b: Tauros\n|-singleturn|p1b: Tauros|Helping Hand|[of] p1a: Stoutland\n|move|p2a: Electrode|Discharge|p1b: Tauros|[spread] p1a,p1b\n|-ability|p2b: Electivire|Motor Drive|boost\n|-boost|p2b: Electivire|spe|1\n|-damage|p1a: Stoutland|79\/100\n|-damage|p1b: Tauros|81\/100\n|move|p2b: Electivire|Brick Break|p1a: Stoutland\n|-supereffective|p1a: Stoutland\n|-damage|p1a: Stoutland|23\/100\n|move|p1b: Tauros|Stomping Tantrum|p2b: Electivire\n|-supereffective|p2b: Electivire\n|-damage|p2b: Electivire|19\/100\n|\n|-heal|p1a: Stoutland|29\/100|[from] item: Leftovers\n|upkeep\n|turn|2\n|\n|t:|1700330597\n|move|p1a: Stoutland|Helping Hand|p1b: Tauros\n|-singleturn|p1b: Tauros|Helping Hand|[of] p1a: Stoutland\n|move|p2b: Electivire|Detect|p2b: Electivire\n|-singleturn|p2b: Electivire|Protect\n|move|p2a: Electrode|Discharge|p1b: Tauros|[spread] p1a,p1b\n|-activate|p2b: Electivire|move: Protect\n|-damage|p1a: Stoutland|9\/100\n|-damage|p1b: Tauros|64\/100\n|-status|p1a: Stoutland|par\n|move|p1b: Tauros|Trailblaze|p2b: Electivire\n|-activate|p2b: Electivire|move: Protect\n|\n|-heal|p1a: Stoutland|15\/100 par|[from] item: Leftovers\n|upkeep\n|turn|3\n|\n|t:|1700330613\n|cant|p1a: Stoutland|par\n|move|p2a: Electrode|Discharge|p1b: Tauros|[spread] p1a,p1b\n|-ability|p2b: Electivire|Motor Drive|boost\n|-boost|p2b: Electivire|spe|1\n|-damage|p1a: Stoutland|0 fnt\n|-damage|p1b: Tauros|47\/100\n|-status|p1b: Tauros|par\n|faint|p1a: Stoutland\n|move|p2b: Electivire|Brick Break|p1b: Tauros\n|-supereffective|p1b: Tauros\n|-damage|p1b: Tauros|0 fnt\n|faint|p1b: Tauros\n|\n|upkeep\n|\n|t:|1700330621\n|switch|p1b: Grafaiai|Grafaiai, M|100\/100\n|switch|p1a: Pyroar|Pyroar, M|100\/100\n|-ability|p1a: Pyroar|Unnerve\n|turn|4\n|\n|t:|1700330645\n|move|p2b: Electivire|Detect|p2b: Electivire\n|-singleturn|p2b: Electivire|Protect\n|move|p1b: Grafaiai|Doodle|p2b: Electivire\n|-endability|p1a: Pyroar|Unnerve|[from] move: Doodle\n|-ability|p1a: Pyroar|Motor Drive|[from] move: Doodle\n|-endability|p1b: Grafaiai|Prankster|[from] move: Doodle\n|-ability|p1b: Grafaiai|Motor Drive|[from] move: Doodle\n|move|p2a: Electrode|Discharge|p1b: Grafaiai|[spread] \n|-activate|p2b: Electivire|move: Protect\n|-ability|p1a: Pyroar|Motor Drive|boost\n|-boost|p1a: Pyroar|spe|1\n|-ability|p1b: Grafaiai|Motor Drive|boost\n|-boost|p1b: Grafaiai|spe|1\n|move|p1a: Pyroar|Flamethrower|p2a: Electrode\n|-supereffective|p2a: Electrode\n|-damage|p2a: Electrode|0 fnt\n|faint|p2a: Electrode\n|-damage|p1a: Pyroar|91\/100|[from] item: Life Orb\n|\n|upkeep\n|\n|t:|1700330658\n|switch|p2a: Lycanroc|Lycanroc-Dusk, M|100\/100\n|turn|5\n|\n|t:|1700330680\n|move|p2b: Electivire|Brick Break|p1a: Pyroar\n|-supereffective|p1a: Pyroar\n|-damage|p1a: Pyroar|25\/100\n|move|p1a: Pyroar|Hyper Voice|p2a: Lycanroc|[spread] p2a,p2b\n|-resisted|p2a: Lycanroc\n|-damage|p2a: Lycanroc|70\/100\n|-damage|p2b: Electivire|0 fnt\n|faint|p2b: Electivire\n|-damage|p1a: Pyroar|15\/100|[from] item: Life Orb\n|move|p1b: Grafaiai|Parting Shot|p2a: Lycanroc\n|-unboost|p2a: Lycanroc|atk|1\n|-unboost|p2a: Lycanroc|spa|1\n|\n|t:|1700330687\n|switch|p1b: Sawsbuck|Sawsbuck, M|100\/100|[from] Parting Shot\n|-zpower|p2a: Lycanroc\n|move|p2a: Lycanroc|Splintered Stormshards|p1b: Sawsbuck|[zeffect]\n|-damage|p1b: Sawsbuck|13\/100\n|\n|-heal|p1b: Sawsbuck|19\/100|[from] item: Leftovers\n|upkeep\n|\n|t:|1700330698\n|switch|p2b: Diggersby|Diggersby, M|100\/100\n|turn|6\n|\n|t:|1700330713\n|move|p2a: Lycanroc|Accelerock|p1a: Pyroar\n|-supereffective|p1a: Pyroar\n|-damage|p1a: Pyroar|0 fnt\n|faint|p1a: Pyroar\n|move|p2b: Diggersby|Quick Attack|p1b: Sawsbuck\n|-damage|p1b: Sawsbuck|0 fnt\n|faint|p1b: Sawsbuck\n|\n|upkeep\n|\n|t:|1700330719\n|switch|p1a: Grafaiai|Grafaiai, M|100\/100\n|switch|p1b: Staraptor|Staraptor, M|100\/100\n|turn|7\n|inactive|pauseunderscore has 120 seconds left.\n|\n|t:|1700330774\n|-terastallize|p2b: Diggersby|Normal\n|move|p2a: Lycanroc|Accelerock|p1b: Staraptor\n|-supereffective|p1b: Staraptor\n|-damage|p1b: Staraptor|48\/100\n|move|p1a: Grafaiai|Doodle|p2a: Lycanroc\n|-endability|p1a: Grafaiai|Prankster|[from] move: Doodle\n|-ability|p1a: Grafaiai|Tough Claws|[from] move: Doodle\n|-endability|p1b: Staraptor|Reckless|[from] move: Doodle\n|-ability|p1b: Staraptor|Tough Claws|[from] move: Doodle\n|move|p2b: Diggersby|Quick Attack|p1b: Staraptor\n|-damage|p1b: Staraptor|0 fnt\n|faint|p1b: Staraptor\n|\n|upkeep\n|turn|8\n|\n|t:|1700330791\n|move|p2a: Lycanroc|Stone Edge|p1a: Grafaiai\n|-damage|p1a: Grafaiai|54\/100\n|move|p1a: Grafaiai|Super Fang|p2b: Diggersby\n|-damage|p2b: Diggersby|50\/100\n|move|p2b: Diggersby|High Horsepower|p1a: Grafaiai\n|-supereffective|p1a: Grafaiai\n|-damage|p1a: Grafaiai|0 fnt\n|faint|p1a: Grafaiai\n|\n|win|fumbari 24\n|raw|pauseunderscore's rating: 1000 &rarr; <strong>1000<\/strong><br \/>(+0 for losing)\n|raw|fumbari 24's rating: 1139 &rarr; <strong>1154<\/strong><br \/>(+15 for winning)\n|l|\u2606pauseunderscore\n","uploadtime":1700330801,"views":12,"p1id":"pauseunderscore","p2id":"fumbari24","formatid":"gen9nationaldexdoubles","rating":1000,"private":0,"password":""}