{"id":"gen9nationaldexdoubles-1980332823","p1":"Animekiller223","p2":"schoolteen","format":"[Gen 9] National Dex Doubles","log":"|j|\u2606Animekiller223\n|j|\u2606schoolteen\n|t:|1698776064\n|gametype|doubles\n|player|p1|Animekiller223|linebacker|\n|player|p2|schoolteen|cheryl|\n|teamsize|p1|6\n|teamsize|p2|6\n|gen|9\n|tier|[Gen 9] National Dex Doubles\n|rule|HP Percentage Mod: HP is shown in percentages\n|rule|Endless Battle Clause: Forcing endless battles is banned\n|rule|OHKO Clause: OHKO moves are banned\n|rule|Evasion Moves Clause: Evasion moves are banned\n|rule|Evasion Abilities Clause: Evasion abilities are banned\n|rule|Species Clause: Limit one of each Pok\u00e9mon\n|rule|Gravity Sleep Clause: The combination of sleep-inducing moves with imperfect accuracy and Gravity or Gigantamax Orbeetle are banned\n|clearpoke\n|poke|p1|Flutter Mane|\n|poke|p1|Appletun, M|\n|poke|p1|Azumarill, F|\n|poke|p1|Charizard, M|\n|poke|p1|Sneasler, F|\n|poke|p1|Blissey, F|\n|poke|p2|Sandaconda, F|\n|poke|p2|Lycanroc-Dusk, F|\n|poke|p2|Sandslash, F|\n|poke|p2|Ogerpon-Cornerstone, F|\n|poke|p2|Sudowoodo, M|\n|poke|p2|Orthworm, M|\n|teampreview\n|inactive|Battle timer is ON: inactive players will automatically lose when time's up. (requested by schoolteen)\n|\n|t:|1698776081\n|start\n|switch|p1a: Flutter Mane|Flutter Mane|100\/100\n|switch|p1b: Charizard|Charizard, M|100\/100\n|switch|p2a: Sandaconda|Sandaconda, F|100\/100\n|switch|p2b: Orthworm|Orthworm, M|100\/100\n|turn|1\n|\n|t:|1698776102\n|detailschange|p1b: Charizard|Charizard-Mega-Y, M\n|-mega|p1b: Charizard|Charizard|Charizardite Y\n|-weather|SunnyDay|[from] ability: Drought|[of] p1b: Charizard\n|-activate|p1a: Flutter Mane|ability: Protosynthesis\n|-start|p1a: Flutter Mane|protosynthesisspa\n|move|p1a: Flutter Mane|Calm Mind|p1a: Flutter Mane\n|-boost|p1a: Flutter Mane|spa|1\n|-boost|p1a: Flutter Mane|spd|1\n|move|p1b: Charizard|Flamethrower|p2b: Orthworm\n|-supereffective|p2b: Orthworm\n|-damage|p2b: Orthworm|0 fnt\n|faint|p2b: Orthworm\n|move|p2a: Sandaconda|High Horsepower|p1a: Flutter Mane\n|-damage|p1a: Flutter Mane|20\/100\n|\n|-weather|SunnyDay|[upkeep]\n|-heal|p1a: Flutter Mane|26\/100|[from] item: Leftovers\n|upkeep\n|inactive|schoolteen has 270 seconds left.\n|\n|t:|1698776120\n|switch|p2b: Sudowoodo|Sudowoodo, M|100\/100\n|turn|2\n|\n|t:|1698776141\n|move|p1a: Flutter Mane|Dazzling Gleam|p2a: Sandaconda|[spread] p2a,p2b\n|-damage|p2a: Sandaconda|23\/100\n|-damage|p2b: Sudowoodo|19\/100\n|-weather|Sandstorm|[from] ability: Sand Spit|[of] p2a: Sandaconda\n|-end|p1a: Flutter Mane|Protosynthesis\n|move|p1b: Charizard|Solar Beam||[still]\n|-prepare|p1b: Charizard|Solar Beam\n|move|p2a: Sandaconda|Thunder Fang|p1b: Charizard\n|-supereffective|p1b: Charizard\n|-damage|p1b: Charizard|49\/100\n|move|p2b: Sudowoodo|Fling|p1a: Flutter Mane\n|-damage|p1a: Flutter Mane|0 fnt\n|-enditem|p2b: Sudowoodo|Iron Ball|[from] move: Fling\n|faint|p1a: Flutter Mane\n|-end|p1a: Flutter Mane|Protosynthesis|[silent]\n|\n|-weather|Sandstorm|[upkeep]\n|-damage|p1b: Charizard|43\/100|[from] Sandstorm\n|upkeep\n|\n|t:|1698776156\n|switch|p1a: Azumarill|Azumarill, F, shiny|100\/100\n|turn|3\n|\n|t:|1698776174\n|switch|p2a: Lycanroc|Lycanroc-Dusk, F|100\/100\n|move|p1b: Charizard|Solar Beam|p2a: Lycanroc|[from]lockedmove\n|-supereffective|p2a: Lycanroc\n|-damage|p2a: Lycanroc|48\/100\n|move|p1a: Azumarill|Waterfall|p2b: Sudowoodo\n|-supereffective|p2b: Sudowoodo\n|-damage|p2b: Sudowoodo|0 fnt\n|faint|p2b: Sudowoodo\n|\n|-weather|Sandstorm|[upkeep]\n|-damage|p1b: Charizard|37\/100|[from] Sandstorm\n|-damage|p1a: Azumarill|94\/100|[from] Sandstorm\n|-heal|p1a: Azumarill|100\/100|[from] item: Leftovers\n|upkeep\n|\n|t:|1698776191\n|switch|p2b: Ogerpon|Ogerpon-Cornerstone, F|100\/100\n|turn|4\n|\n|t:|1698776209\n|-terastallize|p2b: Ogerpon|Rock\n|detailschange|p2b: Ogerpon|Ogerpon-Cornerstone-Tera, F, tera:Rock\n|-ability|p2b: Ogerpon|Embody Aspect (Cornerstone)|boost\n|-boost|p2b: Ogerpon|def|1\n|move|p2a: Lycanroc|Accelerock|p1b: Charizard\n|-supereffective|p1b: Charizard\n|-damage|p1b: Charizard|0 fnt\n|faint|p1b: Charizard\n|move|p2b: Ogerpon|Horn Leech|p1a: Azumarill\n|-supereffective|p1a: Azumarill\n|-damage|p1a: Azumarill|18\/100\n|move|p1a: Azumarill|Waterfall|p2a: Lycanroc\n|-supereffective|p2a: Lycanroc\n|-damage|p2a: Lycanroc|0 fnt\n|faint|p2a: Lycanroc\n|\n|-weather|Sandstorm|[upkeep]\n|-damage|p1a: Azumarill|12\/100|[from] Sandstorm\n|-heal|p1a: Azumarill|18\/100|[from] item: Leftovers\n|upkeep\n|\n|t:|1698776234\n|switch|p2a: Sandslash|Sandslash, F|100\/100\n|switch|p1b: Appletun|Appletun, M, shiny|100\/100\n|turn|5\n|\n|t:|1698776255\n|move|p2a: Sandslash|Poison Jab|p1a: Azumarill\n|-supereffective|p1a: Azumarill\n|-damage|p1a: Azumarill|0 fnt\n|faint|p1a: Azumarill\n|move|p2b: Ogerpon|Ivy Cudgel|p1b: Appletun\n|-damage|p1b: Appletun|37\/100\n|move|p1b: Appletun|Leech Seed|p2b: Ogerpon|[miss]\n|-miss|p1b: Appletun|p2b: Ogerpon\n|\n|-weather|Sandstorm|[upkeep]\n|-damage|p1b: Appletun|31\/100|[from] Sandstorm\n|upkeep\n|\n|t:|1698776266\n|switch|p1a: Blissey|Blissey, F|100\/100\n|turn|6\n|\n|t:|1698776280\n|move|p2a: Sandslash|Brick Break|p1a: Blissey\n|-supereffective|p1a: Blissey\n|-crit|p1a: Blissey\n|-damage|p1a: Blissey|44\/100\n|move|p2b: Ogerpon|Ivy Cudgel|p1b: Appletun\n|-damage|p1b: Appletun|0 fnt\n|faint|p1b: Appletun\n|move|p1a: Blissey|Reflect|p1a: Blissey\n|-sidestart|p1: Animekiller223|Reflect\n|\n|-weather|Sandstorm|[upkeep]\n|-damage|p1a: Blissey|38\/100|[from] Sandstorm\n|-heal|p1a: Blissey|44\/100|[from] item: Leftovers\n|upkeep\n|\n|t:|1698776287\n|switch|p1b: Sneasler|Sneasler, F|100\/100\n|turn|7\n|\n|t:|1698776303\n|move|p1b: Sneasler|Endure|p1b: Sneasler\n|-singleturn|p1b: Sneasler|move: Endure\n|move|p2a: Sandslash|Brick Break|p1a: Blissey\n|-sideend|p1: Animekiller223|Reflect\n|-supereffective|p1a: Blissey\n|-damage|p1a: Blissey|10\/100\n|move|p2b: Ogerpon|Ivy Cudgel|p1b: Sneasler\n|-resisted|p1b: Sneasler\n|-damage|p1b: Sneasler|35\/100\n|move|p1a: Blissey|Heal Pulse|p1b: Sneasler\n|-heal|p1b: Sneasler|85\/100\n|\n|-weather|Sandstorm|[upkeep]\n|-damage|p1b: Sneasler|79\/100|[from] Sandstorm\n|-damage|p1a: Blissey|4\/100|[from] Sandstorm\n|-heal|p1a: Blissey|10\/100|[from] item: Leftovers\n|upkeep\n|turn|8\n|inactive|Animekiller223 has 270 seconds left.\n|inactive|schoolteen has 270 seconds left.\n|\n|t:|1698776334\n|-terastallize|p1b: Sneasler|Fighting\n|move|p2b: Ogerpon|Spiky Shield|p2b: Ogerpon\n|-singleturn|p2b: Ogerpon|move: Protect\n|move|p2a: Sandslash|Brick Break|p1a: Blissey\n|-supereffective|p1a: Blissey\n|-damage|p1a: Blissey|0 fnt\n|faint|p1a: Blissey\n|move|p1b: Sneasler|Close Combat|p2b: Ogerpon\n|-activate|p2b: Ogerpon|move: Protect\n|-damage|p1b: Sneasler|67\/100|[from] Spiky Shield|[of] p2b: Ogerpon\n|\n|-weather|Sandstorm|[upkeep]\n|-damage|p1b: Sneasler|61\/100|[from] Sandstorm\n|upkeep\n|turn|9\n|\n|t:|1698776359\n|move|p1b: Sneasler|Endure|p1b: Sneasler\n|-singleturn|p1b: Sneasler|move: Endure\n|move|p2a: Sandslash|Brick Break|p1b: Sneasler\n|-damage|p1b: Sneasler|27\/100\n|move|p2b: Ogerpon|Ivy Cudgel|p1b: Sneasler\n|-resisted|p1b: Sneasler\n|-activate|p1b: Sneasler|move: Endure\n|-damage|p1b: Sneasler|1\/100\n|-enditem|p1b: Sneasler|Liechi Berry|[eat]\n|-boost|p1b: Sneasler|atk|1|[from] item: Liechi Berry\n|\n|-weather|none\n|upkeep\n|turn|10\n|\n|t:|1698776382\n|move|p2b: Ogerpon|Spiky Shield|p2b: Ogerpon\n|-singleturn|p2b: Ogerpon|move: Protect\n|move|p1b: Sneasler|Close Combat|p2a: Sandslash\n|-enditem|p2a: Sandslash|Focus Sash\n|-damage|p2a: Sandslash|1\/100\n|-unboost|p1b: Sneasler|def|1\n|-unboost|p1b: Sneasler|spd|1\n|move|p2a: Sandslash|Brick Break|p1b: Sneasler\n|-damage|p1b: Sneasler|0 fnt\n|faint|p1b: Sneasler\n|\n|win|schoolteen\n|l|\u2606Animekiller223\n","uploadtime":1698776442,"views":7,"p1id":"animekiller223","p2id":"schoolteen","formatid":"gen9nationaldexdoubles","rating":0,"private":0,"password":""}