{"id":"gen9nationaldexdoubles-1987773042","p1":"Astro Nation Shoe","p2":"eragon11145","format":"[Gen 9] National Dex Doubles","log":"|j|\u2606Astro Nation Shoe\n|j|\u2606eragon11145\n|t:|1699635562\n|gametype|doubles\n|player|p1|Astro Nation Shoe|swimmer-masters|\n|player|p2|eragon11145|#dwcopiii|\n|teamsize|p1|6\n|teamsize|p2|6\n|gen|9\n|tier|[Gen 9] National Dex Doubles\n|rule|HP Percentage Mod: HP is shown in percentages\n|rule|Endless Battle Clause: Forcing endless battles is banned\n|rule|OHKO Clause: OHKO moves are banned\n|rule|Evasion Moves Clause: Evasion moves are banned\n|rule|Evasion Abilities Clause: Evasion abilities are banned\n|rule|Species Clause: Limit one of each Pok\u00e9mon\n|rule|Gravity Sleep Clause: The combination of sleep-inducing moves with imperfect accuracy and Gravity or Gigantamax Orbeetle are banned\n|clearpoke\n|poke|p1|Rillaboom, M|\n|poke|p1|Marshadow|\n|poke|p1|Glimmora, F|\n|poke|p1|Chien-Pao|\n|poke|p1|Salamence, M|\n|poke|p1|Volcanion|\n|poke|p2|Zygarde|\n|poke|p2|Indeedee-F, F|\n|poke|p2|Alakazam, M|\n|poke|p2|Urshifu-*, F|\n|poke|p2|Roaring Moon|\n|poke|p2|Ogerpon-Hearthflame, F|\n|teampreview\n|inactive|Battle timer is ON: inactive players will automatically lose when time's up. (requested by eragon11145)\n|c|\u2606eragon11145|glhf\n|c|\u2606Astro Nation Shoe|\/log Astro Nation Shoe made this room public.\n|l|\u2606eragon11145\n|inactive|eragon11145 disconnected and has 300 seconds to reconnect!\n|player|p2|\n|inactive|Astro Nation Shoe has 270 seconds left.\n|j|\u2606eragon11145\n|inactive|eragon11145 reconnected and has 280 seconds left.\n|player|p2|eragon11145|#dwcopiii\n|inactive|eragon11145 has 270 seconds left.\n|c|\u2606Astro Nation Shoe|do i just ping @matches in general or?\n|inactive|Astro Nation Shoe has 240 seconds left.\n|c|\u2606eragon11145|natdex dou tours channel\n|inactive|eragon11145 has 240 seconds left.\n|inactive|Astro Nation Shoe has 210 seconds left.\n|j| Jello1231\n|j| AIRedzone\n|inactive|Astro Nation Shoe has 180 seconds left.\n|j| glimmeraqua\n|j| Iceberg77\n|j| nddcd aron\n|\n|t:|1699635692\n|start\n|switch|p1a: Salamence|Salamence, M|100\/100\n|switch|p1b: Chien-Pao|Chien-Pao|100\/100\n|switch|p2a: Alakazam|Alakazam, M|100\/100\n|switch|p2b: Ogerpon|Ogerpon-Hearthflame, F|100\/100\n|-ability|p1b: Chien-Pao|Sword of Ruin\n|-ability|p1a: Salamence|Intimidate|boost\n|-unboost|p2a: Alakazam|atk|1\n|-unboost|p2b: Ogerpon|atk|1\n|-ability|p2b: Ogerpon|Mold Breaker\n|turn|1\n|j| Old McBruh\n|inactive|Astro Nation Shoe has 240 seconds left.\n|c| AIRedzone|capn o7\n|c| Old McBruh|Damn, that was a lot of dead links\n|inactive|eragon11145 has 270 seconds left.\n|\n|t:|1699635734\n|detailschange|p2a: Alakazam|Alakazam-Mega, M\n|-mega|p2a: Alakazam|Alakazam|Alakazite\n|-ability|p2a: Alakazam|Sword of Ruin\n|-ability|p2a: Alakazam|Sword of Ruin|[from] ability: Trace|[of] p1b: Chien-Pao\n|detailschange|p1a: Salamence|Salamence-Mega, M\n|-mega|p1a: Salamence|Salamence|Salamencite\n|move|p2b: Ogerpon|Spiky Shield|p2b: Ogerpon\n|-singleturn|p2b: Ogerpon|move: Protect\n|move|p2a: Alakazam|Substitute|p2a: Alakazam\n|-start|p2a: Alakazam|Substitute\n|-damage|p2a: Alakazam|76\/100\n|move|p1b: Chien-Pao|Ice Spinner|p2a: Alakazam\n|-end|p2a: Alakazam|Substitute\n|move|p1a: Salamence|Hyper Voice|p2a: Alakazam|[spread] p2a\n|-activate|p2b: Ogerpon|move: Protect\n|-damage|p2a: Alakazam|36\/100\n|\n|upkeep\n|turn|2\n|inactive|Astro Nation Shoe has 240 seconds left.\n|inactive|eragon11145 has 270 seconds left.\n|\n|t:|1699635764\n|switch|p2b: Indeedee|Indeedee-F, F|100\/100\n|-fieldstart|move: Psychic Terrain|[from] ability: Psychic Surge|[of] p2b: Indeedee\n|move|p2a: Alakazam|Expanding Force|p1b: Chien-Pao|[spread] p1a\n|-immune|p1b: Chien-Pao\n|-damage|p1a: Salamence|23\/100\n|move|p1b: Chien-Pao|Ice Spinner|p2b: Indeedee\n|-damage|p2b: Indeedee|53\/100\n|-fieldend|move: Psychic Terrain\n|move|p1a: Salamence|Hyper Voice|p2b: Indeedee|[spread] p2a,p2b\n|-damage|p2a: Alakazam|0 fnt\n|-damage|p2b: Indeedee|13\/100\n|-enditem|p2b: Indeedee|Sitrus Berry|[eat]\n|-heal|p2b: Indeedee|38\/100|[from] item: Sitrus Berry\n|faint|p2a: Alakazam\n|\n|upkeep\n|\n|t:|1699635769\n|switch|p2a: Roaring Moon|Roaring Moon|100\/100\n|-enditem|p2a: Roaring Moon|Booster Energy\n|-activate|p2a: Roaring Moon|ability: Protosynthesis|[fromitem]\n|-start|p2a: Roaring Moon|protosynthesisspe\n|turn|3\n|\n|t:|1699635790\n|switch|p2b: Urshifu|Urshifu-Rapid-Strike, F|100\/100\n|-terastallize|p2a: Roaring Moon|Poison\n|move|p2a: Roaring Moon|Breaking Swipe|p1b: Chien-Pao|[spread] p1a,p1b\n|-supereffective|p1a: Salamence\n|-damage|p1a: Salamence|0 fnt\n|-damage|p1b: Chien-Pao|72\/100\n|-unboost|p1b: Chien-Pao|atk|1\n|faint|p1a: Salamence\n|move|p1b: Chien-Pao|Ice Spinner|p2a: Roaring Moon\n|-damage|p2a: Roaring Moon|65\/100\n|\n|upkeep\n|\n|t:|1699635798\n|switch|p1a: Rillaboom|Rillaboom, M|100\/100\n|-fieldstart|move: Grassy Terrain|[from] ability: Grassy Surge|[of] p1a: Rillaboom\n|turn|4\n|j| NPC At Home\n|\n|t:|1699635817\n|switch|p1b: Volcanion|Volcanion|100\/100\n|switch|p2b: Ogerpon|Ogerpon-Hearthflame, F|100\/100\n|-ability|p2b: Ogerpon|Mold Breaker\n|move|p2a: Roaring Moon|Protect|p2a: Roaring Moon\n|-singleturn|p2a: Roaring Moon|Protect\n|move|p1a: Rillaboom|Fake Out|p2a: Roaring Moon\n|-activate|p2a: Roaring Moon|move: Protect\n|\n|-heal|p2a: Roaring Moon|71\/100|[from] Grassy Terrain\n|upkeep\n|turn|5\n|\n|t:|1699635832\n|-terastallize|p1a: Rillaboom|Rock\n|move|p2a: Roaring Moon|Knock Off|p1b: Volcanion\n|-damage|p1b: Volcanion|65\/100\n|-enditem|p1b: Volcanion|Assault Vest|[from] move: Knock Off|[of] p2a: Roaring Moon\n|move|p2b: Ogerpon|Ivy Cudgel|p1a: Rillaboom\n|-resisted|p1a: Rillaboom\n|-damage|p1a: Rillaboom|78\/100\n|move|p1a: Rillaboom|Tera Blast|p2b: Ogerpon|[anim] Tera Blast Rock\n|-supereffective|p2b: Ogerpon\n|-damage|p2b: Ogerpon|23\/100\n|move|p1b: Volcanion|Heat Wave|p2a: Roaring Moon|[spread] p2a,p2b\n|-damage|p2a: Roaring Moon|36\/100\n|-damage|p2b: Ogerpon|0 fnt\n|faint|p2b: Ogerpon\n|\n|-heal|p2a: Roaring Moon|42\/100|[from] Grassy Terrain\n|-heal|p1a: Rillaboom|85\/100|[from] Grassy Terrain\n|-heal|p1b: Volcanion|71\/100|[from] Grassy Terrain\n|upkeep\n|\n|t:|1699635848\n|switch|p2b: Zygarde|Zygarde|100\/100\n|-ability|p2b: Zygarde|Aura Break\n|turn|6\n|c| Old McBruh|Ah, th good old Tera Rock Rilla\n|\n|t:|1699635859\n|move|p2a: Roaring Moon|Protect|p2a: Roaring Moon\n|-singleturn|p2a: Roaring Moon|Protect\n|move|p2b: Zygarde|Dragon Dance|p2b: Zygarde\n|-boost|p2b: Zygarde|atk|1\n|-boost|p2b: Zygarde|spe|1\n|move|p1a: Rillaboom|Tera Blast|p2a: Roaring Moon|[anim] Tera Blast Rock\n|-activate|p2a: Roaring Moon|move: Protect\n|move|p1b: Volcanion|Hidden Power|p2b: Zygarde\n|-supereffective|p2b: Zygarde\n|-damage|p2b: Zygarde|22\/100\n|\n|-heal|p2a: Roaring Moon|48\/100|[from] Grassy Terrain\n|-heal|p2b: Zygarde|29\/100|[from] Grassy Terrain\n|-heal|p2b: Zygarde|35\/100|[from] item: Leftovers\n|-heal|p1a: Rillaboom|91\/100|[from] Grassy Terrain\n|-heal|p1b: Volcanion|77\/100|[from] Grassy Terrain\n|upkeep\n|turn|7\n|inactive|eragon11145 has 270 seconds left.\n|inactive|Astro Nation Shoe has 270 seconds left.\n|inactive|eragon11145 has 240 seconds left.\n|\n|t:|1699635935\n|switch|p1a: Glimmora|Glimmora, F|100\/100\n|move|p2b: Zygarde|Protect|p2b: Zygarde\n|-singleturn|p2b: Zygarde|Protect\n|move|p2a: Roaring Moon|Breaking Swipe|p1a: Glimmora|[spread] p1a,p1b\n|-damage|p1a: Glimmora|74\/100\n|-damage|p1b: Volcanion|59\/100\n|-unboost|p1a: Glimmora|atk|1\n|-unboost|p1b: Volcanion|atk|1\n|-activate|p1a: Glimmora|ability: Toxic Debris\n|-sidestart|p2: eragon11145|move: Toxic Spikes\n|move|p1b: Volcanion|Steam Eruption|p2b: Zygarde\n|-activate|p2b: Zygarde|move: Protect\n|\n|-heal|p2a: Roaring Moon|54\/100|[from] Grassy Terrain\n|-heal|p2b: Zygarde|41\/100|[from] Grassy Terrain\n|-heal|p2b: Zygarde|47\/100|[from] item: Leftovers\n|-heal|p1a: Glimmora|80\/100|[from] Grassy Terrain\n|-heal|p1b: Volcanion|65\/100|[from] Grassy Terrain\n|upkeep\n|turn|8\n|inactive|Astro Nation Shoe has 270 seconds left.\n|\n|t:|1699635956\n|move|p2a: Roaring Moon|Breaking Swipe|p1b: Volcanion|[spread] p1a,p1b\n|-damage|p1a: Glimmora|55\/100\n|-damage|p1b: Volcanion|47\/100\n|-unboost|p1a: Glimmora|atk|1\n|-unboost|p1b: Volcanion|atk|1\n|-activate|p1a: Glimmora|ability: Toxic Debris\n|-sidestart|p2: eragon11145|move: Toxic Spikes\n|move|p2b: Zygarde|Thousand Arrows|p1b: Volcanion|[spread] p1a,p1b\n|-supereffective|p1a: Glimmora\n|-supereffective|p1b: Volcanion\n|-damage|p1a: Glimmora|0 fnt\n|-damage|p1b: Volcanion|0 fnt\n|faint|p1a: Glimmora\n|faint|p1b: Volcanion\n|\n|-heal|p2a: Roaring Moon|60\/100|[from] Grassy Terrain\n|-heal|p2b: Zygarde|53\/100|[from] Grassy Terrain\n|-heal|p2b: Zygarde|60\/100|[from] item: Leftovers\n|-fieldend|move: Grassy Terrain\n|upkeep\n|\n|t:|1699635963\n|switch|p1a: Chien-Pao|Chien-Pao|72\/100\n|switch|p1b: Marshadow|Marshadow|100\/100\n|-ability|p1a: Chien-Pao|Sword of Ruin\n|turn|9\n|inactive|eragon11145 has 270 seconds left.\n|inactive|Astro Nation Shoe has 270 seconds left.\n|\n|t:|1699636004\n|move|p2b: Zygarde|Protect|p2b: Zygarde\n|-singleturn|p2b: Zygarde|Protect\n|move|p1a: Chien-Pao|Protect|p1a: Chien-Pao\n|-singleturn|p1a: Chien-Pao|Protect\n|move|p1b: Marshadow|Shadow Sneak|p2a: Roaring Moon\n|-damage|p2a: Roaring Moon|18\/100\n|move|p2a: Roaring Moon|Breaking Swipe|p1a: Chien-Pao|[spread] p1b\n|-activate|p1a: Chien-Pao|move: Protect\n|-damage|p1b: Marshadow|67\/100\n|-unboost|p1b: Marshadow|atk|1\n|\n|-heal|p2b: Zygarde|66\/100|[from] item: Leftovers\n|upkeep\n|turn|10\n|j| Nonoko Kishii\n|inactive|eragon11145 has 270 seconds left.\n|inactive|eragon11145 has 240 seconds left.\n|\n|t:|1699636086\n|-end|p2a: Roaring Moon|Protosynthesis|[silent]\n|switch|p2a: Indeedee|Indeedee-F, F|38\/100\n|-status|p2a: Indeedee|tox\n|-fieldstart|move: Psychic Terrain|[from] ability: Psychic Surge|[of] p2a: Indeedee\n|move|p1b: Marshadow|Shadow Sneak|p2a: Indeedee\n|-activate|p2a: Indeedee|move: Psychic Terrain\n|move|p2b: Zygarde|Thousand Arrows|p1b: Marshadow|[spread] p1a,p1b\n|-damage|p1a: Chien-Pao|20\/100\n|-damage|p1b: Marshadow|0 fnt\n|faint|p1b: Marshadow\n|move|p1a: Chien-Pao|Ice Spinner|p2b: Zygarde\n|-supereffective|p2b: Zygarde\n|-damage|p2b: Zygarde|0 fnt\n|-fieldend|move: Psychic Terrain\n|faint|p2b: Zygarde\n|\n|-damage|p2a: Indeedee|32\/100 tox|[from] psn\n|upkeep\n|\n|t:|1699636101\n|switch|p1b: Rillaboom|Rillaboom, M, tera:Rock|91\/100\n|switch|p2b: Roaring Moon|Roaring Moon, tera:Poison|18\/100\n|-sideend|p2: eragon11145|move: Toxic Spikes|[of] p2b: Roaring Moon\n|-fieldstart|move: Grassy Terrain|[from] ability: Grassy Surge|[of] p1b: Rillaboom\n|turn|11\n|\n|t:|1699636112\n|move|p2b: Roaring Moon|Protect|p2b: Roaring Moon\n|-singleturn|p2b: Roaring Moon|Protect\n|move|p2a: Indeedee|Protect|p2a: Indeedee\n|-singleturn|p2a: Indeedee|Protect\n|move|p1b: Rillaboom|Fake Out|p2b: Roaring Moon\n|-activate|p2b: Roaring Moon|move: Protect\n|move|p1a: Chien-Pao|Sacred Sword|p2a: Indeedee\n|-activate|p2a: Indeedee|move: Protect\n|\n|-heal|p1a: Chien-Pao|26\/100|[from] Grassy Terrain\n|-heal|p2b: Roaring Moon|24\/100|[from] Grassy Terrain\n|-heal|p1b: Rillaboom|97\/100|[from] Grassy Terrain\n|-heal|p2a: Indeedee|38\/100 tox|[from] Grassy Terrain\n|-damage|p2a: Indeedee|26\/100 tox|[from] psn\n|upkeep\n|turn|12\n|inactive|eragon11145 has 270 seconds left.\n|inactive|Astro Nation Shoe has 270 seconds left.\n|inactive|eragon11145 has 240 seconds left.\n|inactive|Astro Nation Shoe has 240 seconds left.\n|j| Daepiquejt\n|inactive|Astro Nation Shoe has 210 seconds left.\n|\n|t:|1699636212\n|move|p2a: Indeedee|Follow Me|p2a: Indeedee\n|-singleturn|p2a: Indeedee|move: Follow Me\n|move|p1b: Rillaboom|Grassy Glide|p2a: Indeedee\n|-crit|p2a: Indeedee\n|-damage|p2a: Indeedee|0 fnt\n|faint|p2a: Indeedee\n|move|p1a: Chien-Pao|Sacred Sword|p2b: Roaring Moon\n|-resisted|p2b: Roaring Moon\n|-damage|p2b: Roaring Moon|2\/100\n|move|p2b: Roaring Moon|Breaking Swipe|p1a: Chien-Pao|[spread] p1a,p1b\n|-damage|p1a: Chien-Pao|0 fnt\n|-damage|p1b: Rillaboom|73\/100\n|-unboost|p1b: Rillaboom|atk|1\n|faint|p1a: Chien-Pao\n|\n|-heal|p2b: Roaring Moon|8\/100|[from] Grassy Terrain\n|-heal|p1b: Rillaboom|79\/100|[from] Grassy Terrain\n|upkeep\n|\n|t:|1699636217\n|switch|p2a: Urshifu|Urshifu-Rapid-Strike, F|100\/100\n|turn|13\n|\n|t:|1699636221\n|move|p1b: Rillaboom|Grassy Glide|p2a: Urshifu\n|-supereffective|p2a: Urshifu\n|-damage|p2a: Urshifu|54\/100\n|move|p2b: Roaring Moon|Breaking Swipe|p1b: Rillaboom\n|-damage|p1b: Rillaboom|55\/100\n|-unboost|p1b: Rillaboom|atk|1\n|move|p2a: Urshifu|Surging Strikes|p1b: Rillaboom\n|-supereffective|p1b: Rillaboom\n|-crit|p1b: Rillaboom\n|-damage|p1b: Rillaboom|0 fnt\n|faint|p1b: Rillaboom\n|-hitcount|p1: Rillaboom|1\n|\n|win|eragon11145\n|c|\u2606eragon11145|gg\n|c|\u2606Astro Nation Shoe|gg\n|l| Iceberg77\n|l| nddcd aron\n|l| AIRedzone\n|l| glimmeraqua\n|l| Old McBruh\n|j| Iceberg77\n|l| Iceberg77\n|l| Nonoko Kishii\n|j| Evilo42\n|l| Evilo42\n|l| Daepiquejt\n|l| Jello1231\n","uploadtime":1699636239,"views":90,"p1id":"astronationshoe","p2id":"eragon11145","formatid":"gen9nationaldexdoubles","rating":0,"private":0,"password":""}