{"id":"gen9nationaldexdoubles-1998045347","p1":"fumbari 24","p2":"Hushy123","format":"[Gen 9] National Dex Doubles","log":"|j|\u2606fumbari 24\n|j|\u2606Hushy123\n|t:|1700883134\n|gametype|doubles\n|player|p1|fumbari 24|hilbert|1207\n|player|p2|Hushy123|1|1058\n|teamsize|p1|6\n|teamsize|p2|6\n|gen|9\n|tier|[Gen 9] National Dex Doubles\n|rated|\n|rule|HP Percentage Mod: HP is shown in percentages\n|rule|Endless Battle Clause: Forcing endless battles is banned\n|rule|OHKO Clause: OHKO moves are banned\n|rule|Evasion Moves Clause: Evasion moves are banned\n|rule|Evasion Abilities Clause: Evasion abilities are banned\n|rule|Species Clause: Limit one of each Pok\u00e9mon\n|rule|Gravity Sleep Clause: The combination of sleep-inducing moves with imperfect accuracy and Gravity or Gigantamax Orbeetle are banned\n|clearpoke\n|poke|p1|Electivire, M|\n|poke|p1|Electrode-Hisui|\n|poke|p1|Lycanroc-Dusk, M|\n|poke|p1|Rotom-Heat|\n|poke|p1|Alcremie, F|\n|poke|p1|Diggersby, M|\n|poke|p2|Politoed, M|\n|poke|p2|Poliwrath, F|\n|poke|p2|Feraligatr, F|\n|poke|p2|Zapdos|\n|poke|p2|Pelipper, F|\n|poke|p2|Tauros-Paldea-Aqua, M|\n|teampreview\n|\n|t:|1700883159\n|start\n|switch|p1a: Electivire|Electivire, M|100\/100\n|switch|p1b: Electrode|Electrode-Hisui|100\/100\n|switch|p2a: Politoed|Politoed, M|100\/100\n|switch|p2b: Poliwrath|Poliwrath, F|100\/100\n|-weather|RainDance|[from] ability: Drizzle|[of] p2a: Politoed\n|turn|1\n|\n|t:|1700883180\n|move|p2a: Politoed|Helping Hand|p2b: Poliwrath\n|-singleturn|p2b: Poliwrath|Helping Hand|[of] p2a: Politoed\n|move|p2b: Poliwrath|Rock Slide|p1b: Electrode|[spread] p1a,p1b\n|-damage|p1a: Electivire|66\/100\n|-damage|p1b: Electrode|69\/100\n|move|p1b: Electrode|Discharge|p2a: Politoed|[spread] p2a,p2b\n|-ability|p1a: Electivire|Motor Drive|boost\n|-boost|p1a: Electivire|spe|1\n|-supereffective|p2a: Politoed\n|-supereffective|p2b: Poliwrath\n|-damage|p2a: Politoed|69\/100\n|-damage|p2b: Poliwrath|61\/100\n|-status|p2a: Politoed|par\n|-status|p2b: Poliwrath|par\n|move|p1a: Electivire|Thunder Punch|p2b: Poliwrath\n|-supereffective|p2b: Poliwrath\n|-damage|p2b: Poliwrath|0 fnt\n|faint|p2b: Poliwrath\n|\n|-weather|RainDance|[upkeep]\n|upkeep\n|inactive|Battle timer is ON: inactive players will automatically lose when time's up. (requested by fumbari 24)\n|\n|t:|1700883201\n|switch|p2b: Tauros|Tauros-Paldea-Aqua, M|100\/100\n|-ability|p2b: Tauros|Intimidate|boost\n|-fail|p1a: Electivire|unboost|[from] item: Clear Amulet|[of] p1a: Electivire\n|-unboost|p1b: Electrode|atk|1\n|turn|2\n|\n|t:|1700883219\n|-terastallize|p2b: Tauros|Fighting\n|move|p2a: Politoed|Helping Hand|p2b: Tauros\n|-singleturn|p2b: Tauros|Helping Hand|[of] p2a: Politoed\n|move|p1b: Electrode|Discharge|p2a: Politoed|[spread] p2a,p2b\n|-ability|p1a: Electivire|Motor Drive|boost\n|-boost|p1a: Electivire|spe|1\n|-supereffective|p2a: Politoed\n|-damage|p2a: Politoed|39\/100 par\n|-damage|p2b: Tauros|71\/100\n|move|p1a: Electivire|Thunder Punch|p2b: Tauros\n|-damage|p2b: Tauros|27\/100\n|move|p2b: Tauros|Body Press|p1a: Electivire\n|-damage|p1a: Electivire|0 fnt\n|faint|p1a: Electivire\n|\n|-weather|RainDance|[upkeep]\n|-heal|p2b: Tauros|33\/100|[from] item: Leftovers\n|upkeep\n|\n|t:|1700883239\n|switch|p1a: Diggersby|Diggersby, M|100\/100\n|turn|3\n|\n|t:|1700883246\n|cant|p2a: Politoed|par\n|move|p1a: Diggersby|Quick Attack|p2b: Tauros\n|-damage|p2b: Tauros|3\/100\n|move|p1b: Electrode|Discharge|p2b: Tauros|[spread] p2a,p2b\n|-immune|p1a: Diggersby\n|-supereffective|p2a: Politoed\n|-damage|p2a: Politoed|9\/100 par\n|-damage|p2b: Tauros|0 fnt\n|faint|p2b: Tauros\n|\n|-weather|RainDance|[upkeep]\n|upkeep\n|\n|t:|1700883255\n|switch|p2b: Zapdos|Zapdos|100\/100\n|turn|4\n|\n|t:|1700883271\n|cant|p2a: Politoed|par\n|move|p1b: Electrode|Discharge|p2a: Politoed|[spread] p2a,p2b\n|-immune|p1a: Diggersby\n|-supereffective|p2a: Politoed\n|-damage|p2a: Politoed|0 fnt\n|-damage|p2b: Zapdos|80\/100\n|faint|p2a: Politoed\n|move|p2b: Zapdos|Heat Wave|p1b: Electrode|[spread] p1a,p1b\n|-supereffective|p1b: Electrode\n|-crit|p1b: Electrode\n|-damage|p1a: Diggersby|87\/100\n|-damage|p1b: Electrode|22\/100\n|move|p1a: Diggersby|Rock Slide|p2b: Zapdos\n|-supereffective|p2b: Zapdos\n|-damage|p2b: Zapdos|0 fnt\n|faint|p2b: Zapdos\n|\n|-weather|RainDance|[upkeep]\n|upkeep\n|\n|t:|1700883283\n|switch|p2b: Feraligatr|Feraligatr, F|100\/100\n|switch|p2a: Pelipper|Pelipper, F|100\/100\n|turn|5\n|\n|t:|1700883297\n|move|p1a: Diggersby|Protect|p1a: Diggersby\n|-singleturn|p1a: Diggersby|Protect\n|move|p1b: Electrode|Discharge|p2b: Feraligatr|[spread] p2a,p2b\n|-activate|p1a: Diggersby|move: Protect\n|-supereffective|p2a: Pelipper\n|-supereffective|p2b: Feraligatr\n|-damage|p2a: Pelipper|0 fnt\n|-damage|p2b: Feraligatr|63\/100\n|faint|p2a: Pelipper\n|move|p2b: Feraligatr|Rock Slide|p1a: Diggersby|[spread] p1b\n|-activate|p1a: Diggersby|move: Protect\n|-damage|p1b: Electrode|0 fnt\n|faint|p1b: Electrode\n|\n|-weather|RainDance|[upkeep]\n|-heal|p2b: Feraligatr|69\/100|[from] item: Leftovers\n|upkeep\n|\n|t:|1700883310\n|switch|p1b: Rotom|Rotom-Heat|100\/100\n|turn|6\n|-message|Hushy123 forfeited.\n|\n|win|fumbari 24\n|raw|fumbari 24's rating: 1207 &rarr; <strong>1222<\/strong><br \/>(+15 for winning)\n|raw|Hushy123's rating: 1058 &rarr; <strong>1047<\/strong><br \/>(-11 for losing)\n|l|\u2606Hushy123\n","uploadtime":1700883323,"views":1,"p1id":"fumbari24","p2id":"hushy123","formatid":"gen9nationaldexdoubles","rating":1047,"private":0,"password":""}