{"id":"gen9nationaldexdoubles-1994506985","p1":"NoseHairs420","p2":"sans525262","format":"[Gen 9] National Dex Doubles","log":"|j|\u2606NoseHairs420\n|j|\u2606sans525262\n|t:|1700452115\n|gametype|doubles\n|player|p1|NoseHairs420|drayden|\n|player|p2|sans525262|preschooler|\n|teamsize|p1|6\n|teamsize|p2|6\n|gen|9\n|tier|[Gen 9] National Dex Doubles\n|rule|HP Percentage Mod: HP is shown in percentages\n|rule|Endless Battle Clause: Forcing endless battles is banned\n|rule|OHKO Clause: OHKO moves are banned\n|rule|Evasion Moves Clause: Evasion moves are banned\n|rule|Evasion Abilities Clause: Evasion abilities are banned\n|rule|Species Clause: Limit one of each Pok\u00e9mon\n|rule|Gravity Sleep Clause: The combination of sleep-inducing moves with imperfect accuracy and Gravity or Gigantamax Orbeetle are banned\n|clearpoke\n|poke|p1|Kartana|\n|poke|p1|Kommo-o, F|\n|poke|p1|Gardevoir, M|\n|poke|p1|Ogerpon-Hearthflame, F|\n|poke|p1|Ursaluna-Bloodmoon, M|\n|poke|p1|Landorus-Therian, M|\n|poke|p2|Amoonguss, M|\n|poke|p2|Charizard, F|\n|poke|p2|Victini|\n|poke|p2|Armarouge, M|\n|poke|p2|Indeedee-F, F|\n|poke|p2|Ogerpon-Hearthflame, F|\n|teampreview\n|j| TestudoJK\n|j| Eliminathan\n|j| Ryan1Baek\n|j| Shiny_Hero64\n|\n|t:|1700452165\n|start\n|switch|p1a: Hikari|Kartana, shiny|100\/100\n|switch|p1b: Point of the Mask|Ogerpon-Hearthflame, F|100\/100\n|switch|p2a: Victini|Victini|100\/100\n|switch|p2b: Indeedee|Indeedee-F, F|100\/100\n|-ability|p1b: Point of the Mask|Mold Breaker\n|-fieldstart|move: Psychic Terrain|[from] ability: Psychic Surge|[of] p2b: Indeedee\n|turn|1\n|inactive|Battle timer is ON: inactive players will automatically lose when time's up. (requested by NoseHairs420)\n|\n|t:|1700452185\n|switch|p2b: Armarouge|Armarouge, M|100\/100\n|move|p1b: Point of the Mask|Ivy Cudgel|p2b: Armarouge|[anim] Ivy Cudgel Fire\n|-resisted|p2b: Armarouge\n|-damage|p2b: Armarouge|76\/100\n|move|p1a: Hikari|Tailwind|p1a: Hikari\n|-sidestart|p1: NoseHairs420|move: Tailwind\n|move|p2a: Victini|Searing Shot|p1a: Hikari|[spread] p1a,p1b\n|-start|p2b: Armarouge|ability: Flash Fire\n|-supereffective|p1a: Hikari\n|-enditem|p1a: Hikari|Focus Sash\n|-damage|p1a: Hikari|1\/100\n|-damage|p1b: Point of the Mask|43\/100\n|\n|upkeep\n|turn|2\n|\n|t:|1700452208\n|move|p1b: Point of the Mask|Spiky Shield|p1b: Point of the Mask\n|-singleturn|p1b: Point of the Mask|move: Protect\n|move|p1a: Hikari|Smart Strike|p2b: Armarouge\n|-resisted|p2b: Armarouge\n|-damage|p2b: Armarouge|56\/100\n|move|p2a: Victini|Searing Shot|p1b: Point of the Mask|[spread] p1a\n|-activate|p1b: Point of the Mask|move: Protect\n|-immune|p2b: Armarouge|[from] ability: Flash Fire\n|-supereffective|p1a: Hikari\n|-damage|p1a: Hikari|0 fnt\n|faint|p1a: Hikari\n|move|p2b: Armarouge|Calm Mind|p2b: Armarouge\n|-boost|p2b: Armarouge|spa|1\n|-boost|p2b: Armarouge|spd|1\n|\n|upkeep\n|\n|t:|1700452220\n|switch|p1a: Therion|Landorus-Therian, M|100\/100\n|-ability|p1a: Therion|Intimidate|boost\n|-unboost|p2a: Victini|atk|1\n|-unboost|p2b: Armarouge|atk|1\n|-enditem|p2b: Armarouge|White Herb\n|-clearnegativeboost|p2b: Armarouge|[silent]\n|turn|3\n|\n|t:|1700452230\n|move|p1b: Point of the Mask|Ivy Cudgel|p2b: Armarouge|[anim] Ivy Cudgel Fire\n|-resisted|p2b: Armarouge\n|-damage|p2b: Armarouge|30\/100\n|move|p1a: Therion|Rock Slide|p2b: Armarouge|[spread] p2a\n|-miss|p1a: Therion|p2b: Armarouge\n|-supereffective|p2a: Victini\n|-damage|p2a: Victini|60\/100\n|move|p2a: Victini|Searing Shot|p1a: Therion|[spread] p1a,p1b\n|-immune|p2b: Armarouge|[from] ability: Flash Fire\n|-damage|p1a: Therion|37\/100\n|-damage|p1b: Point of the Mask|0 fnt\n|-enditem|p1a: Therion|Sitrus Berry|[eat]\n|-heal|p1a: Therion|61\/100|[from] item: Sitrus Berry\n|faint|p1b: Point of the Mask\n|move|p2b: Armarouge|Expanding Force|p1a: Therion\n|-damage|p1a: Therion|0 fnt\n|faint|p1a: Therion\n|\n|upkeep\n|\n|t:|1700452247\n|switch|p1b: Freddy Fazbear|Ursaluna-Bloodmoon, M|100\/100\n|switch|p1a: Kuna|Kommo-o, F|100\/100\n|turn|4\n|c|\u2606NoseHairs420|O Cholera\n|c|\u2606NoseHairs420|Czy to Freddy Fazbear?\n|\n|t:|1700452268\n|-zpower|p1a: Kuna\n|move|p1a: Kuna|Clangorous Soulblaze|p2b: Armarouge|[zeffect]|[spread] p2a,p2b\n|-damage|p2a: Victini|0 fnt\n|-damage|p2b: Armarouge|0 fnt\n|faint|p2a: Victini\n|faint|p2b: Armarouge\n|-boost|p1a: Kuna|atk|1\n|-boost|p1a: Kuna|def|1\n|-boost|p1a: Kuna|spa|1\n|-boost|p1a: Kuna|spd|1\n|-boost|p1a: Kuna|spe|1\n|move|p1b: Freddy Fazbear|Earth Power|p2: Victini|[notarget]\n|-fail|p1b: Freddy Fazbear\n|\n|-sideend|p1: NoseHairs420|move: Tailwind\n|upkeep\n|inactive|sans525262 has 270 seconds left.\n|\n|t:|1700452286\n|switch|p2a: Ogerpon|Ogerpon-Hearthflame, F|100\/100\n|switch|p2b: Charizard|Charizard, F|100\/100\n|-ability|p2a: Ogerpon|Mold Breaker\n|turn|5\n|\n|t:|1700452307\n|detailschange|p2b: Charizard|Charizard-Mega-Y, F\n|-mega|p2b: Charizard|Charizard|Charizardite Y\n|-weather|SunnyDay|[from] ability: Drought|[of] p2b: Charizard\n|move|p1a: Kuna|Clanging Scales|p2b: Charizard|[spread] p2a,p2b\n|-damage|p2a: Ogerpon|40\/100\n|-damage|p2b: Charizard|52\/100\n|-unboost|p1a: Kuna|def|1\n|move|p2a: Ogerpon|Horn Leech|p1b: Freddy Fazbear\n|-supereffective|p1b: Freddy Fazbear\n|-damage|p1b: Freddy Fazbear|41\/100\n|-heal|p2a: Ogerpon|82\/100|[from] drain|[of] p1b: Freddy Fazbear\n|move|p2b: Charizard|Air Slash|p1a: Kuna\n|-supereffective|p1a: Kuna\n|-damage|p1a: Kuna|40\/100\n|move|p1b: Freddy Fazbear|Blood Moon|p2b: Charizard\n|-damage|p2b: Charizard|0 fnt\n|faint|p2b: Charizard\n|\n|-weather|SunnyDay|[upkeep]\n|-heal|p1b: Freddy Fazbear|47\/100|[from] item: Leftovers\n|-fieldend|move: Psychic Terrain\n|upkeep\n|\n|t:|1700452317\n|switch|p2b: Indeedee|Indeedee-F, F|100\/100\n|-fieldstart|move: Psychic Terrain|[from] ability: Psychic Surge|[of] p2b: Indeedee\n|turn|6\n|\n|t:|1700452342\n|move|p1b: Freddy Fazbear|Protect|p1b: Freddy Fazbear\n|-singleturn|p1b: Freddy Fazbear|Protect\n|move|p1a: Kuna|Flash Cannon|p2b: Indeedee\n|-damage|p2b: Indeedee|69\/100\n|move|p2a: Ogerpon|Ivy Cudgel|p1b: Freddy Fazbear|[anim] Ivy Cudgel Fire\n|-activate|p1b: Freddy Fazbear|move: Protect\n|move|p2b: Indeedee|Expanding Force|p1b: Freddy Fazbear|[spread] p1a\n|-activate|p1b: Freddy Fazbear|move: Protect\n|-supereffective|p1a: Kuna\n|-damage|p1a: Kuna|0 fnt\n|faint|p1a: Kuna\n|\n|-weather|SunnyDay|[upkeep]\n|-heal|p1b: Freddy Fazbear|54\/100|[from] item: Leftovers\n|upkeep\n|\n|t:|1700452349\n|switch|p1a: Timerra|Gardevoir, M, shiny|100\/100\n|turn|7\n|\n|t:|1700452362\n|detailschange|p1a: Timerra|Gardevoir-Mega, M, shiny\n|-mega|p1a: Timerra|Gardevoir|Gardevoirite\n|move|p2a: Ogerpon|Ivy Cudgel|p1b: Freddy Fazbear|[anim] Ivy Cudgel Fire\n|-damage|p1b: Freddy Fazbear|0 fnt\n|faint|p1b: Freddy Fazbear\n|move|p1a: Timerra|Hyper Voice|p2b: Indeedee|[spread] p2a,p2b\n|-resisted|p2a: Ogerpon\n|-damage|p2a: Ogerpon|51\/100\n|-damage|p2b: Indeedee|16\/100\n|move|p2b: Indeedee|Light Screen|p2b: Indeedee\n|-sidestart|p2: sans525262|move: Light Screen\n|\n|-weather|SunnyDay|[upkeep]\n|upkeep\n|turn|8\n|\n|t:|1700452373\n|move|p2a: Ogerpon|Ivy Cudgel|p1a: Timerra|[anim] Ivy Cudgel Fire\n|-damage|p1a: Timerra|0 fnt\n|faint|p1a: Timerra\n|\n|win|sans525262\n|c|\u2606sans525262|ggs\n|l|\u2606NoseHairs420\n","uploadtime":1700452380,"views":18,"p1id":"nosehairs420","p2id":"sans525262","formatid":"gen9nationaldexdoubles","rating":0,"private":0,"password":""}