{"id":"gen9nationaldexdoubles-1959538078","p1":"PopperLePenguin","p2":"cr46290","format":"[Gen 9] National Dex Doubles","log":"|j|\u2606PopperLePenguin\n|j|\u2606cr46290\n|t:|1696435786\n|gametype|doubles\n|player|p1|PopperLePenguin|clerkf|1205\n|player|p2|cr46290|guitarist|1197\n|teamsize|p1|6\n|teamsize|p2|6\n|gen|9\n|tier|[Gen 9] National Dex Doubles\n|rated|\n|rule|HP Percentage Mod: HP is shown in percentages\n|rule|Endless Battle Clause: Forcing endless battles is banned\n|rule|OHKO Clause: OHKO moves are banned\n|rule|Evasion Moves Clause: Evasion moves are banned\n|rule|Evasion Abilities Clause: Evasion abilities are banned\n|rule|Species Clause: Limit one of each Pok\u00e9mon\n|rule|Gravity Sleep Clause: The combination of sleep-inducing moves with imperfect accuracy and Gravity or Gigantamax Orbeetle are banned\n|clearpoke\n|poke|p1|Pelipper, M|\n|poke|p1|Overqwil, M|\n|poke|p1|Basculegion-F, F|\n|poke|p1|Zapdos|\n|poke|p1|Beartic, F|\n|poke|p1|Ludicolo, F|\n|poke|p2|Tornadus, M|\n|poke|p2|Metagross|\n|poke|p2|Sinistcha|\n|poke|p2|Jirachi|\n|poke|p2|Samurott-Hisui, F|\n|poke|p2|Iron Valiant|\n|teampreview\n|\n|t:|1696435807\n|start\n|switch|p1a: Pelipper|Pelipper, M|100\/100\n|switch|p1b: Beartic|Beartic, F|100\/100\n|switch|p2a: Metagross|Metagross|100\/100\n|switch|p2b: Tornadus|Tornadus, M|100\/100\n|-weather|RainDance|[from] ability: Drizzle|[of] p1a: Pelipper\n|turn|1\n|\n|t:|1696435820\n|detailschange|p2a: Metagross|Metagross-Mega\n|-mega|p2a: Metagross|Metagross|Metagrossite\n|move|p1a: Pelipper|Protect|p1a: Pelipper\n|-singleturn|p1a: Pelipper|Protect\n|move|p2b: Tornadus|Tailwind|p2b: Tornadus\n|-sidestart|p2: cr46290|move: Tailwind\n|move|p2a: Metagross|Ice Punch|p1a: Pelipper\n|-activate|p1a: Pelipper|move: Protect\n|move|p1b: Beartic|Earthquake|p2a: Metagross|[spread] p2a\n|-activate|p1a: Pelipper|move: Protect\n|-immune|p2b: Tornadus\n|-supereffective|p2a: Metagross\n|-damage|p2a: Metagross|46\/100\n|-damage|p1b: Beartic|91\/100|[from] item: Life Orb\n|\n|-weather|RainDance|[upkeep]\n|upkeep\n|turn|2\n|\n|t:|1696435840\n|switch|p2b: Sinistcha|Sinistcha|100\/100\n|-heal|p2a: Metagross|71\/100|[from] ability: Hospitality|[of] p2b: Sinistcha\n|move|p2a: Metagross|Stomping Tantrum|p1b: Beartic\n|-damage|p1b: Beartic|44\/100\n|move|p1b: Beartic|Earthquake|p2b: Sinistcha|[spread] p2a,p2b\n|-immune|p1a: Pelipper\n|-supereffective|p2a: Metagross\n|-resisted|p2b: Sinistcha\n|-damage|p2a: Metagross|16\/100\n|-damage|p2b: Sinistcha|84\/100\n|-damage|p1b: Beartic|34\/100|[from] item: Life Orb\n|move|p1a: Pelipper|Scald|p2a: Metagross\n|-damage|p2a: Metagross|0 fnt\n|faint|p2a: Metagross\n|\n|-weather|RainDance|[upkeep]\n|-heal|p2b: Sinistcha|90\/100|[from] item: Leftovers\n|upkeep\n|\n|t:|1696435856\n|switch|p2a: Jirachi|Jirachi|100\/100\n|turn|3\n|\n|t:|1696435870\n|move|p1a: Pelipper|Protect|p1a: Pelipper\n|-singleturn|p1a: Pelipper|Protect\n|move|p2a: Jirachi|Thunder Wave|p1a: Pelipper\n|-activate|p1a: Pelipper|move: Protect\n|move|p1b: Beartic|Earthquake|p2b: Sinistcha|[spread] p2a,p2b\n|-activate|p1a: Pelipper|move: Protect\n|-supereffective|p2a: Jirachi\n|-resisted|p2b: Sinistcha\n|-damage|p2a: Jirachi|33\/100\n|-damage|p2b: Sinistcha|74\/100\n|-damage|p1b: Beartic|24\/100|[from] item: Life Orb\n|move|p2b: Sinistcha|Strength Sap|p1b: Beartic\n|-unboost|p1b: Beartic|atk|1\n|-heal|p2b: Sinistcha|100\/100\n|\n|-weather|RainDance|[upkeep]\n|-heal|p2a: Jirachi|39\/100|[from] item: Leftovers\n|upkeep\n|turn|4\n|\n|t:|1696435893\n|switch|p1b: Zapdos|Zapdos|100\/100\n|move|p2a: Jirachi|Iron Head|p1b: Zapdos\n|-resisted|p1b: Zapdos\n|-damage|p1b: Zapdos|83\/100\n|move|p2b: Sinistcha|Scald|p1a: Pelipper\n|-resisted|p1a: Pelipper\n|-damage|p1a: Pelipper|73\/100\n|move|p1a: Pelipper|Scald|p2a: Jirachi\n|-damage|p2a: Jirachi|13\/100\n|-status|p2a: Jirachi|brn\n|\n|-weather|RainDance|[upkeep]\n|-heal|p2a: Jirachi|19\/100 brn|[from] item: Leftovers\n|-damage|p2a: Jirachi|13\/100 brn|[from] brn\n|-sideend|p2: cr46290|move: Tailwind\n|upkeep\n|turn|5\n|\n|t:|1696435913\n|move|p1a: Pelipper|Protect|p1a: Pelipper\n|-singleturn|p1a: Pelipper|Protect\n|move|p1b: Zapdos|Heat Wave|p2a: Jirachi|[spread] p2a,p2b\n|-supereffective|p2a: Jirachi\n|-supereffective|p2b: Sinistcha\n|-damage|p2a: Jirachi|0 fnt\n|-damage|p2b: Sinistcha|73\/100\n|faint|p2a: Jirachi\n|move|p2b: Sinistcha|Matcha Gotcha|p1a: Pelipper|[spread] p1b\n|-activate|p1a: Pelipper|move: Protect\n|-resisted|p1b: Zapdos\n|-damage|p1b: Zapdos|67\/100\n|-heal|p2b: Sinistcha|81\/100|[from] drain|[of] p1b: Zapdos\n|\n|-weather|RainDance|[upkeep]\n|-heal|p2b: Sinistcha|87\/100|[from] item: Leftovers\n|upkeep\n|\n|t:|1696435922\n|switch|p2a: Tornadus|Tornadus, M|100\/100\n|turn|6\n|\n|t:|1696435933\n|-terastallize|p2b: Sinistcha|Water\n|move|p2a: Tornadus|Tailwind|p2a: Tornadus\n|-sidestart|p2: cr46290|move: Tailwind\n|move|p2b: Sinistcha|Matcha Gotcha|p1a: Pelipper|[spread] p1a,p1b\n|-resisted|p1b: Zapdos\n|-damage|p1a: Pelipper|29\/100\n|-heal|p2b: Sinistcha|100\/100|[from] drain|[of] p1a: Pelipper\n|-damage|p1b: Zapdos|50\/100\n|move|p1b: Zapdos|Hurricane|p2b: Sinistcha\n|-damage|p2b: Sinistcha|31\/100\n|-start|p2b: Sinistcha|confusion\n|move|p1a: Pelipper|Scald|p2a: Tornadus\n|-damage|p2a: Tornadus|48\/100\n|\n|-weather|RainDance|[upkeep]\n|-heal|p2b: Sinistcha|37\/100|[from] item: Leftovers\n|upkeep\n|turn|7\n|\n|t:|1696435958\n|switch|p1a: Beartic|Beartic, F|24\/100\n|move|p2a: Tornadus|Bleakwind Storm|p1b: Zapdos|[spread] p1a,p1b\n|-resisted|p1b: Zapdos\n|-damage|p1a: Beartic|0 fnt\n|-damage|p1b: Zapdos|27\/100\n|faint|p1a: Beartic\n|-activate|p2b: Sinistcha|confusion\n|-damage|p2b: Sinistcha|33\/100|[from] confusion\n|move|p1b: Zapdos|Thunder|p2b: Sinistcha\n|-supereffective|p2b: Sinistcha\n|-damage|p2b: Sinistcha|0 fnt\n|faint|p2b: Sinistcha\n|\n|-weather|RainDance|[upkeep]\n|upkeep\n|\n|t:|1696435967\n|switch|p1a: Overqwil|Overqwil, M|100\/100\n|switch|p2b: Iron Valiant|Iron Valiant|100\/100\n|-enditem|p2b: Iron Valiant|Booster Energy\n|-activate|p2b: Iron Valiant|ability: Quark Drive|[fromitem]\n|-start|p2b: Iron Valiant|quarkdrivespe\n|turn|8\n|\n|t:|1696435983\n|move|p2a: Tornadus|Protect|p2a: Tornadus\n|-singleturn|p2a: Tornadus|Protect\n|move|p2b: Iron Valiant|Calm Mind|p2b: Iron Valiant\n|-boost|p2b: Iron Valiant|spa|1\n|-boost|p2b: Iron Valiant|spd|1\n|move|p1a: Overqwil|Barb Barrage|p2b: Iron Valiant\n|-supereffective|p2b: Iron Valiant\n|-damage|p2b: Iron Valiant|0 fnt\n|faint|p2b: Iron Valiant\n|-end|p2b: Iron Valiant|Quark Drive|[silent]\n|-damage|p1a: Overqwil|91\/100|[from] item: Life Orb\n|move|p1b: Zapdos|Thunder|p2a: Tornadus\n|-activate|p2a: Tornadus|move: Protect\n|\n|-weather|none\n|upkeep\n|\n|t:|1696435991\n|switch|p2b: Samurott|Samurott-Hisui, F|100\/100\n|turn|9\n|\n|t:|1696436006\n|switch|p1b: Pelipper|Pelipper, M|29\/100\n|-weather|RainDance|[from] ability: Drizzle|[of] p1b: Pelipper\n|move|p2a: Tornadus|Protect||[still]\n|-fail|p2a: Tornadus\n|move|p2b: Samurott|Sucker Punch||[still]\n|-fail|p2b: Samurott\n|move|p1a: Overqwil|Swords Dance|p1a: Overqwil\n|-boost|p1a: Overqwil|atk|2\n|\n|-weather|RainDance|[upkeep]\n|-sideend|p2: cr46290|move: Tailwind\n|upkeep\n|turn|10\n|\n|t:|1696436029\n|move|p2a: Tornadus|Tailwind|p2a: Tornadus\n|-sidestart|p2: cr46290|move: Tailwind\n|move|p2b: Samurott|Ceaseless Edge|p1a: Overqwil\n|-resisted|p1a: Overqwil\n|-damage|p1a: Overqwil|64\/100\n|-sidestart|p1: PopperLePenguin|Spikes\n|move|p1a: Overqwil|Barb Barrage|p2b: Samurott\n|-crit|p2b: Samurott\n|-enditem|p2b: Samurott|Focus Sash\n|-damage|p2b: Samurott|1\/100\n|-status|p2b: Samurott|psn\n|-damage|p1a: Overqwil|54\/100|[from] item: Life Orb\n|move|p1b: Pelipper|Hurricane|p2a: Tornadus\n|-damage|p2a: Tornadus|0 fnt\n|faint|p2a: Tornadus\n|\n|-weather|RainDance|[upkeep]\n|-damage|p2b: Samurott|0 fnt|[from] psn\n|faint|p2b: Samurott\n|\n|win|PopperLePenguin\n|upkeep\n|raw|PopperLePenguin's rating: 1205 &rarr; <strong>1229<\/strong><br \/>(+24 for winning)\n|raw|cr46290's rating: 1197 &rarr; <strong>1173<\/strong><br \/>(-24 for losing)\n|c|\u2606cr46290|gg\n|l|\u2606cr46290\n","uploadtime":1696436073,"views":9,"p1id":"popperlepenguin","p2id":"cr46290","formatid":"gen9nationaldexdoubles","rating":1173,"private":0,"password":""}