{"id":"gen9nationaldexdoubles-1983495231","p1":"In Forests of Pine","p2":"Tritus ELITE 4","format":"[Gen 9] National Dex Doubles","log":"|j|\u2606In Forests of Pine\n|j|\u2606Tritus ELITE 4\n|t:|1699136273\n|gametype|doubles\n|player|p1|In Forests of Pine|102|1166\n|player|p2|Tritus ELITE 4|wulfric|1106\n|teamsize|p1|6\n|teamsize|p2|6\n|gen|9\n|tier|[Gen 9] National Dex Doubles\n|rated|\n|rule|HP Percentage Mod: HP is shown in percentages\n|rule|Endless Battle Clause: Forcing endless battles is banned\n|rule|OHKO Clause: OHKO moves are banned\n|rule|Evasion Moves Clause: Evasion moves are banned\n|rule|Evasion Abilities Clause: Evasion abilities are banned\n|rule|Species Clause: Limit one of each Pok\u00e9mon\n|rule|Gravity Sleep Clause: The combination of sleep-inducing moves with imperfect accuracy and Gravity or Gigantamax Orbeetle are banned\n|clearpoke\n|poke|p1|Furret, M|\n|poke|p1|Typhlosion-Hisui, M|\n|poke|p1|Slither Wing|\n|poke|p1|Farigiraf, F|\n|poke|p1|Meowscarada, F|\n|poke|p1|Milotic, F|\n|poke|p2|Basculegion-F, F|\n|poke|p2|Swampert, M|\n|poke|p2|Pelipper, F|\n|poke|p2|Araquanid, M|\n|poke|p2|Milotic, F|\n|poke|p2|Ludicolo, M|\n|teampreview\n|\n|t:|1699136289\n|start\n|switch|p1a: Garlic|Slither Wing|100\/100\n|switch|p1b: Chives|Meowscarada, F|100\/100\n|switch|p2a: Pelipper|Pelipper, F|100\/100\n|switch|p2b: Araquanid|Araquanid, M|100\/100\n|-weather|RainDance|[from] ability: Drizzle|[of] p2a: Pelipper\n|-enditem|p1a: Garlic|Booster Energy\n|-activate|p1a: Garlic|ability: Protosynthesis|[fromitem]\n|-start|p1a: Garlic|protosynthesisatk\n|turn|1\n|inactive|Battle timer is ON: inactive players will automatically lose when time's up. (requested by Tritus ELITE 4)\n|\n|t:|1699136324\n|switch|p2b: Milotic|Milotic, F|100\/100\n|-terastallize|p1a: Garlic|Fire\n|move|p1b: Chives|Flower Trick|p2a: Pelipper\n|-crit|p2a: Pelipper\n|-damage|p2a: Pelipper|36\/100\n|move|p1a: Garlic|Acrobatics|p2a: Pelipper\n|-damage|p2a: Pelipper|0 fnt\n|faint|p2a: Pelipper\n|\n|-weather|RainDance|[upkeep]\n|upkeep\n|\n|t:|1699136342\n|switch|p2a: Ludicolo|Ludicolo, M|100\/100\n|turn|2\n|inactive|In Forests of Pine has 120 seconds left.\n|\n|t:|1699136381\n|move|p1b: Chives|Flower Trick|p2b: Milotic\n|-supereffective|p2b: Milotic\n|-crit|p2b: Milotic\n|-damage|p2b: Milotic|0 fnt\n|faint|p2b: Milotic\n|move|p2a: Ludicolo|Waterfall|p1a: Garlic\n|-supereffective|p1a: Garlic\n|-damage|p1a: Garlic|0 fnt\n|faint|p1a: Garlic\n|-end|p1a: Garlic|Protosynthesis|[silent]\n|-damage|p2a: Ludicolo|91\/100|[from] item: Life Orb\n|\n|-weather|RainDance|[upkeep]\n|upkeep\n|inactive|In Forests of Pine has 120 seconds left.\n|inactive|In Forests of Pine has 90 seconds left.\n|\n|t:|1699136433\n|switch|p1a: Cinnamon|Furret, M|100\/100\n|switch|p2b: Araquanid|Araquanid, M|100\/100\n|-item|p2a: Ludicolo|Life Orb|[from] ability: Frisk|[of] p1a: Cinnamon|[identify]\n|-item|p2b: Araquanid|Life Orb|[from] ability: Frisk|[of] p1a: Cinnamon|[identify]\n|turn|3\n|\n|t:|1699136451\n|move|p1a: Cinnamon|Helping Hand|p1b: Chives\n|-singleturn|p1b: Chives|Helping Hand|[of] p1a: Cinnamon\n|move|p1b: Chives|Sucker Punch|p2a: Ludicolo\n|-damage|p2a: Ludicolo|17\/100\n|move|p2a: Ludicolo|Drain Punch|p1a: Cinnamon\n|-supereffective|p1a: Cinnamon\n|-damage|p1a: Cinnamon|38\/100\n|-heal|p2a: Ludicolo|55\/100|[from] drain|[of] p1a: Cinnamon\n|-enditem|p1a: Cinnamon|Eject Button\n|-damage|p2a: Ludicolo|46\/100|[from] item: Life Orb\n|inactive|In Forests of Pine has 90 seconds left.\n|\n|t:|1699136468\n|switch|p1a: Peppercorn|Farigiraf, F|100\/100\n|move|p2b: Araquanid|Leech Life|p1b: Chives\n|-supereffective|p1b: Chives\n|-enditem|p1b: Chives|Focus Sash\n|-damage|p1b: Chives|1\/100\n|-damage|p2b: Araquanid|91\/100|[from] item: Life Orb\n|\n|-weather|RainDance|[upkeep]\n|upkeep\n|turn|4\n|inactive|In Forests of Pine has 90 seconds left.\n|\n|t:|1699136504\n|switch|p1a: Raspberry|Milotic, F|100\/100\n|move|p1b: Chives|Protect|p1b: Chives\n|-singleturn|p1b: Chives|Protect\n|move|p2a: Ludicolo|Waterfall|p1a: Raspberry\n|-resisted|p1a: Raspberry\n|-damage|p1a: Raspberry|75\/100\n|-damage|p2a: Ludicolo|36\/100|[from] item: Life Orb\n|move|p2b: Araquanid|Leech Life|p1b: Chives\n|-activate|p1b: Chives|move: Protect\n|\n|-weather|RainDance|[upkeep]\n|-heal|p1a: Raspberry|82\/100|[from] item: Leftovers\n|upkeep\n|turn|5\n|inactive|In Forests of Pine has 90 seconds left.\n|inactive|Tritus ELITE 4 has 120 seconds left.\n|\n|t:|1699136537\n|move|p1b: Chives|Flower Trick|p2a: Ludicolo\n|-crit|p2a: Ludicolo\n|-damage|p2a: Ludicolo|0 fnt\n|faint|p2a: Ludicolo\n|move|p1a: Raspberry|Icy Wind|p2b: Araquanid\n|-resisted|p2b: Araquanid\n|-damage|p2b: Araquanid|84\/100\n|-unboost|p2b: Araquanid|spe|1\n|move|p2b: Araquanid|Leech Life|p1b: Chives\n|-supereffective|p1b: Chives\n|-damage|p1b: Chives|0 fnt\n|-heal|p2b: Araquanid|84\/100|[from] drain|[of] p1b: Chives\n|faint|p1b: Chives\n|-damage|p2b: Araquanid|75\/100|[from] item: Life Orb\n|\n|-weather|none\n|-heal|p1a: Raspberry|88\/100|[from] item: Leftovers\n|upkeep\n|inactive|In Forests of Pine has 90 seconds left.\n|\n|t:|1699136559\n|switch|p1b: Paprika|Typhlosion-Hisui, M|100\/100\n|switch|p2a: Swampert|Swampert, M|100\/100\n|turn|6\n|inactive|Tritus ELITE 4 has 120 seconds left.\n|\n|t:|1699136594\n|detailschange|p2a: Swampert|Swampert-Mega, M\n|-mega|p2a: Swampert|Swampert|Swampertite\n|move|p1b: Paprika|Eruption|p2a: Swampert|[spread] p2a,p2b\n|-resisted|p2a: Swampert\n|-crit|p2b: Araquanid\n|-damage|p2a: Swampert|64\/100\n|-damage|p2b: Araquanid|8\/100\n|move|p1a: Raspberry|Icy Wind|p2a: Swampert|[spread] p2a,p2b\n|-resisted|p2b: Araquanid\n|-damage|p2a: Swampert|54\/100\n|-damage|p2b: Araquanid|2\/100\n|-unboost|p2a: Swampert|spe|1\n|-unboost|p2b: Araquanid|spe|1\n|move|p2a: Swampert|Waterfall|p1b: Paprika\n|-supereffective|p1b: Paprika\n|-damage|p1b: Paprika|0 fnt\n|faint|p1b: Paprika\n|move|p2b: Araquanid|Liquidation|p1a: Raspberry\n|-resisted|p1a: Raspberry\n|-damage|p1a: Raspberry|49\/100\n|-unboost|p1a: Raspberry|def|1\n|-ability|p1a: Raspberry|Competitive|boost\n|-boost|p1a: Raspberry|spa|2\n|-damage|p2b: Araquanid|0 fnt|[from] item: Life Orb\n|faint|p2b: Araquanid\n|\n|-heal|p1a: Raspberry|55\/100|[from] item: Leftovers\n|upkeep\n|inactive|In Forests of Pine has 120 seconds left.\n|inactive|Tritus ELITE 4 has 120 seconds left.\n|\n|t:|1699136620\n|switch|p1b: Peppercorn|Farigiraf, F|100\/100\n|switch|p2b: Basculegion|Basculegion-F, F|100\/100\n|turn|7\n|inactive|In Forests of Pine has 120 seconds left.\n|inactive|Tritus ELITE 4 has 120 seconds left.\n|\n|t:|1699136650\n|switch|p1b: Cinnamon|Furret, M|38\/100\n|-item|p2a: Swampert|Swampertite|[from] ability: Frisk|[of] p1b: Cinnamon|[identify]\n|-item|p2b: Basculegion|Life Orb|[from] ability: Frisk|[of] p1b: Cinnamon|[identify]\n|move|p1a: Raspberry|Scald|p2a: Swampert\n|-damage|p2a: Swampert|0 fnt\n|faint|p2a: Swampert\n|move|p2b: Basculegion|Last Respects|p1a: Raspberry\n|-damage|p1a: Raspberry|0 fnt\n|faint|p1a: Raspberry\n|-damage|p2b: Basculegion|91\/100|[from] item: Life Orb\n|\n|upkeep\n|\n|t:|1699136662\n|switch|p1a: Peppercorn|Farigiraf, F|100\/100\n|turn|8\n|\n|t:|1699136673\n|move|p1b: Cinnamon|Follow Me|p1b: Cinnamon\n|-singleturn|p1b: Cinnamon|move: Follow Me\n|move|p2b: Basculegion|Waterfall|p1b: Cinnamon\n|-damage|p1b: Cinnamon|0 fnt\n|faint|p1b: Cinnamon\n|-damage|p2b: Basculegion|81\/100|[from] item: Life Orb\n|move|p1a: Peppercorn|Psychic|p2b: Basculegion\n|-damage|p2b: Basculegion|39\/100\n|\n|upkeep\n|turn|9\n|\n|t:|1699136686\n|move|p2b: Basculegion|Waterfall|p1a: Peppercorn\n|-damage|p1a: Peppercorn|70\/100\n|-damage|p2b: Basculegion|29\/100|[from] item: Life Orb\n|move|p1a: Peppercorn|Psychic|p2b: Basculegion\n|-damage|p2b: Basculegion|0 fnt\n|faint|p2b: Basculegion\n|\n|win|In Forests of Pine\n|raw|In Forests of Pine's rating: 1166 &rarr; <strong>1187<\/strong><br \/>(+21 for winning)\n|raw|Tritus ELITE 4's rating: 1106 &rarr; <strong>1085<\/strong><br \/>(-21 for losing)\n|l|\u2606Tritus ELITE 4\n","uploadtime":1699136695,"views":7,"p1id":"inforestsofpine","p2id":"trituselite4","formatid":"gen9nationaldexdoubles","rating":1085,"private":0,"password":""}