{"id":"gen9nationaldexdoubles-1950156932","p1":"Vengeance0","p2":"ewbrammer91","format":"[Gen 9] National Dex Doubles","log":"|j|\u2606Vengeance0\n|j|\u2606ewbrammer91\n|t:|1695432238\n|gametype|doubles\n|player|p1|Vengeance0|zinnia|1048\n|player|p2|ewbrammer91|brock|1134\n|teamsize|p1|6\n|teamsize|p2|6\n|gen|9\n|tier|[Gen 9] National Dex Doubles\n|rated|\n|rule|HP Percentage Mod: HP is shown in percentages\n|rule|Endless Battle Clause: Forcing endless battles is banned\n|rule|OHKO Clause: OHKO moves are banned\n|rule|Evasion Moves Clause: Evasion moves are banned\n|rule|Evasion Abilities Clause: Evasion abilities are banned\n|rule|Species Clause: Limit one of each Pok\u00e9mon\n|rule|Gravity Sleep Clause: The combination of sleep-inducing moves with imperfect accuracy and Gravity or Gigantamax Orbeetle are banned\n|clearpoke\n|poke|p1|Serperior, F|\n|poke|p1|Hawlucha, M|\n|poke|p1|Latias, F|\n|poke|p1|Latios, M|\n|poke|p1|Rillaboom, F|\n|poke|p1|Tapu Lele|\n|poke|p2|Tyranitar, F|\n|poke|p2|Glimmora, M|\n|poke|p2|Kleavor, M|\n|poke|p2|Lycanroc-Dusk, M|\n|poke|p2|Arcanine-Hisui, M|\n|poke|p2|Tyrantrum, M|\n|teampreview\n|inactive|Battle timer is ON: inactive players will automatically lose when time's up. (requested by ewbrammer91)\n|\n|t:|1695432243\n|start\n|switch|p1a: Hawlucha|Hawlucha, M|100\/100\n|switch|p1b: Serperior|Serperior, F|100\/100\n|switch|p2a: Tyranitar|Tyranitar, F|100\/100\n|switch|p2b: Kleavor|Kleavor, M|100\/100\n|-ability|p1a: Hawlucha|Mold Breaker\n|-weather|Sandstorm|[from] ability: Sand Stream|[of] p2a: Tyranitar\n|turn|1\n|j| Colorful toots\n|l| Colorful toots\n|\n|t:|1695432263\n|move|p1b: Serperior|Protect|p1b: Serperior\n|-singleturn|p1b: Serperior|Protect\n|move|p1a: Hawlucha|Coaching|p1b: Serperior\n|-boost|p1b: Serperior|atk|1\n|-boost|p1b: Serperior|def|1\n|move|p2a: Tyranitar|Knock Off|p1b: Serperior\n|-activate|p1b: Serperior|move: Protect\n|move|p2b: Kleavor|Stone Axe|p1a: Hawlucha\n|-damage|p1a: Hawlucha|19\/100\n|-sidestart|p1: Vengeance0|move: Stealth Rock\n|\n|-weather|Sandstorm|[upkeep]\n|-damage|p1a: Hawlucha|13\/100|[from] Sandstorm\n|-damage|p1b: Serperior|94\/100|[from] Sandstorm\n|upkeep\n|turn|2\n|\n|t:|1695432293\n|switch|p2a: Glimmora|Glimmora, M|100\/100\n|move|p1a: Hawlucha|U-turn|p1b: Serperior\n|-supereffective|p1b: Serperior\n|-damage|p1b: Serperior|61\/100\n|-enditem|p1b: Serperior|Weakness Policy\n|-boost|p1b: Serperior|atk|2|[from] item: Weakness Policy\n|-boost|p1b: Serperior|spa|2|[from] item: Weakness Policy\n|\n|t:|1695432301\n|switch|p1a: Tapu Lele|Tapu Lele|100\/100|[from] U-turn\n|-damage|p1a: Tapu Lele|88\/100|[from] Stealth Rock\n|-fieldstart|move: Psychic Terrain|[from] ability: Psychic Surge|[of] p1a: Tapu Lele\n|move|p1b: Serperior|Leaf Storm|p2b: Kleavor\n|-enditem|p2b: Kleavor|Focus Sash\n|-damage|p2b: Kleavor|1\/100\n|-boost|p1b: Serperior|spa|2\n|move|p2b: Kleavor|X-Scissor|p1b: Serperior\n|-supereffective|p1b: Serperior\n|-damage|p1b: Serperior|0 fnt\n|faint|p1b: Serperior\n|\n|-weather|Sandstorm|[upkeep]\n|-damage|p1a: Tapu Lele|82\/100|[from] Sandstorm\n|upkeep\n|inactive|Vengeance0 has 120 seconds left.\n|\n|t:|1695432322\n|switch|p1b: Latios|Latios, M|100\/100\n|-damage|p1b: Latios|88\/100|[from] Stealth Rock\n|turn|3\n|\n|t:|1695432339\n|move|p1b: Latios|Energy Ball|p2b: Kleavor\n|-damage|p2b: Kleavor|0 fnt\n|faint|p2b: Kleavor\n|-damage|p1b: Latios|78\/100|[from] item: Life Orb\n|move|p1a: Tapu Lele|Psyshock|p2a: Glimmora\n|-supereffective|p2a: Glimmora\n|-damage|p2a: Glimmora|0 fnt\n|faint|p2a: Glimmora\n|\n|-weather|Sandstorm|[upkeep]\n|-damage|p1b: Latios|72\/100|[from] Sandstorm\n|-damage|p1a: Tapu Lele|76\/100|[from] Sandstorm\n|upkeep\n|\n|t:|1695432356\n|switch|p2a: Lycanroc|Lycanroc-Dusk, M|100\/100\n|switch|p2b: Tyrantrum|Tyrantrum, M|100\/100\n|turn|4\n|\n|t:|1695432368\n|move|p1b: Latios|Draco Meteor|p2b: Tyrantrum\n|-supereffective|p2b: Tyrantrum\n|-damage|p2b: Tyrantrum|0 fnt\n|-unboost|p1b: Latios|spa|2\n|faint|p2b: Tyrantrum\n|-damage|p1b: Latios|62\/100|[from] item: Life Orb\n|move|p2a: Lycanroc|Stone Edge|p1a: Tapu Lele\n|-damage|p1a: Tapu Lele|0 fnt\n|faint|p1a: Tapu Lele\n|\n|-weather|Sandstorm|[upkeep]\n|-damage|p1b: Latios|56\/100|[from] Sandstorm\n|upkeep\n|\n|t:|1695432385\n|switch|p1a: Hawlucha|Hawlucha, M|13\/100\n|switch|p2b: Arcanine|Arcanine-Hisui, M|100\/100\n|-damage|p1a: Hawlucha|1\/100|[from] Stealth Rock\n|-ability|p1a: Hawlucha|Mold Breaker\n|turn|5\n|\n|t:|1695432399\n|move|p2a: Lycanroc|Accelerock|p1a: Hawlucha\n|-hint|Psychic Terrain doesn't affect Pok\u00e9mon immune to Ground.\n|-damage|p1a: Hawlucha|0 fnt\n|faint|p1a: Hawlucha\n|move|p1b: Latios|Tailwind|p1b: Latios\n|-sidestart|p1: Vengeance0|move: Tailwind\n|move|p2b: Arcanine|Head Smash|p1b: Latios\n|-damage|p1b: Latios|0 fnt\n|faint|p1b: Latios\n|-damage|p2b: Arcanine|91\/100|[from] item: Life Orb\n|\n|-weather|none\n|upkeep\n|\n|t:|1695432411\n|switch|p1a: Rillaboom|Rillaboom, F|100\/100\n|switch|p1b: Latias|Latias, F|100\/100\n|-damage|p1b: Latias|88\/100|[from] Stealth Rock\n|-damage|p1a: Rillaboom|88\/100|[from] Stealth Rock\n|-fieldstart|move: Grassy Terrain|[from] ability: Grassy Surge|[of] p1a: Rillaboom\n|turn|6\n|c|\u2606ewbrammer91|Gg\n|c|\u2606Vengeance0|gg\n|inactive|Vengeance0 has 120 seconds left.\n|\n|t:|1695432442\n|move|p1b: Latias|Psychic|p2a: Lycanroc\n|-damage|p2a: Lycanroc|49\/100\n|move|p1a: Rillaboom|High Horsepower|p2b: Arcanine\n|-supereffective|p2b: Arcanine\n|-damage|p2b: Arcanine|0 fnt\n|faint|p2b: Arcanine\n|move|p2a: Lycanroc|Psychic Fangs|p1a: Rillaboom\n|-damage|p1a: Rillaboom|53\/100\n|\n|-heal|p1a: Rillaboom|59\/100|[from] Grassy Terrain\n|-heal|p2a: Lycanroc|55\/100|[from] Grassy Terrain\n|upkeep\n|\n|t:|1695432454\n|switch|p2b: Tyranitar|Tyranitar, F|100\/100\n|-weather|Sandstorm|[from] ability: Sand Stream|[of] p2b: Tyranitar\n|turn|7\n|\n|t:|1695432475\n|detailschange|p1b: Latias|Latias-Mega, F\n|-mega|p1b: Latias|Latias|Latiasite\n|move|p1b: Latias|Draco Meteor|p2a: Lycanroc\n|-damage|p2a: Lycanroc|0 fnt\n|-unboost|p1b: Latias|spa|2\n|faint|p2a: Lycanroc\n|move|p1a: Rillaboom|Wood Hammer|p2b: Tyranitar\n|-supereffective|p2b: Tyranitar\n|-damage|p2b: Tyranitar|0 fnt\n|faint|p2b: Tyranitar\n|-damage|p1a: Rillaboom|31\/100|[from] Recoil\n|\n|win|Vengeance0\n|raw|Vengeance0's rating: 1048 &rarr; <strong>1089<\/strong><br \/>(+41 for winning)\n|raw|ewbrammer91's rating: 1134 &rarr; <strong>1103<\/strong><br \/>(-31 for losing)\n|l|\u2606ewbrammer91\n","uploadtime":1695432512,"views":7,"p1id":"vengeance0","p2id":"ewbrammer91","formatid":"gen9nationaldexdoubles","rating":1089,"private":0,"password":""}