{"id":"gen9nationaldexdoubles-1951669883","p1":"Quxelopqr","p2":"HEYstudios","format":"[Gen 9] National Dex Doubles","log":"|j|\u2606Quxelopqr\n|j|\u2606HEYstudios\n|t:|1695604976\n|gametype|doubles\n|player|p1|Quxelopqr|cheren|\n|player|p2|HEYstudios|guzma|\n|teamsize|p1|6\n|teamsize|p2|6\n|gen|9\n|tier|[Gen 9] National Dex Doubles\n|rule|HP Percentage Mod: HP is shown in percentages\n|rule|Endless Battle Clause: Forcing endless battles is banned\n|rule|OHKO Clause: OHKO moves are banned\n|rule|Evasion Moves Clause: Evasion moves are banned\n|rule|Evasion Abilities Clause: Evasion abilities are banned\n|rule|Species Clause: Limit one of each Pok\u00e9mon\n|rule|Gravity Sleep Clause: The combination of sleep-inducing moves with imperfect accuracy and Gravity or Gigantamax Orbeetle are banned\n|clearpoke\n|poke|p1|Celesteela|\n|poke|p1|Sigilyph, F|\n|poke|p1|Archeops, M|\n|poke|p1|Aerodactyl, M|\n|poke|p1|Honchkrow, M|\n|poke|p1|Crobat, F|\n|poke|p2|Heracross, M|\n|poke|p2|Swampert, M|\n|poke|p2|Clefable, M|\n|poke|p2|Zapdos|\n|poke|p2|Politoed, F|\n|poke|p2|Dipplin, M|\n|teampreview\n|c|\u2606HEYstudios|there we go\n|c|\u2606Quxelopqr|oh dam the apple\n|c|\u2606Quxelopqr|lol glhf\n|j| Qapi\n|c|\u2606HEYstudios|yes the apple is a surprising good mon\n|c|\u2606HEYstudios|like almost everyother dlc mon lol\n|c|\u2606Quxelopqr|i'll give it a sec for any spectators\n|c|\u2606HEYstudios|alr alr\n|j| Fuukasaku\n|c| Qapi|You can start\n|\n|t:|1695605078\n|start\n|switch|p1a: Archeops|Archeops, M|100\/100\n|switch|p1b: Sigilyph|Sigilyph, F|100\/100\n|switch|p2a: Politoed|Politoed, F|100\/100\n|switch|p2b: Dipplin|Dipplin, M|100\/100\n|-weather|RainDance|[from] ability: Drizzle|[of] p2a: Politoed\n|-ability|p2b: Dipplin|Supersweet Syrup\n|-ability|p2b: Dipplin|Supersweet Syrup|boost\n|-unboost|p1a: Archeops|evasion|1\n|-unboost|p1b: Sigilyph|evasion|1\n|turn|1\n|\n|t:|1695605100\n|move|p1a: Archeops|Stealth Rock|p2a: Politoed\n|-sidestart|p2: HEYstudios|move: Stealth Rock\n|move|p1b: Sigilyph|Ice Beam|p2b: Dipplin\n|-supereffective|p2b: Dipplin\n|-damage|p2b: Dipplin|0 fnt\n|faint|p2b: Dipplin\n|move|p2a: Politoed|Icy Wind|p1a: Archeops|[spread] p1a,p1b\n|-supereffective|p1a: Archeops\n|-supereffective|p1b: Sigilyph\n|-damage|p1a: Archeops|68\/100\n|-damage|p1b: Sigilyph|69\/100\n|-unboost|p1a: Archeops|spe|1\n|-unboost|p1b: Sigilyph|spe|1\n|\n|-weather|RainDance|[upkeep]\n|upkeep\n|c|\u2606HEYstudios|owie\n|\n|t:|1695605110\n|switch|p2b: Swampert|Swampert, M|100\/100\n|-damage|p2b: Swampert|94\/100|[from] Stealth Rock\n|turn|2\n|\n|t:|1695605129\n|switch|p1b: Crobat|Crobat, F|100\/100\n|detailschange|p2b: Swampert|Swampert-Mega, M\n|-mega|p2b: Swampert|Swampert|Swampertite\n|move|p2b: Swampert|Bulk Up|p2b: Swampert\n|-boost|p2b: Swampert|atk|1\n|-boost|p2b: Swampert|def|1\n|move|p1a: Archeops|Acrobatics|p2a: Politoed\n|-damage|p2a: Politoed|38\/100\n|move|p2a: Politoed|Icy Wind|p1b: Crobat|[spread] p1a,p1b\n|-supereffective|p1a: Archeops\n|-supereffective|p1b: Crobat\n|-damage|p1a: Archeops|32\/100\n|-damage|p1b: Crobat|79\/100\n|-unboost|p1a: Archeops|spe|1\n|-unboost|p1b: Crobat|spe|1\n|\n|-weather|RainDance|[upkeep]\n|-heal|p2a: Politoed|44\/100|[from] item: Leftovers\n|upkeep\n|turn|3\n|\n|t:|1695605157\n|move|p2b: Swampert|Waterfall|p1b: Crobat\n|-damage|p1b: Crobat|0 fnt\n|faint|p1b: Crobat\n|move|p2a: Politoed|Icy Wind|p1a: Archeops\n|-supereffective|p1a: Archeops\n|-damage|p1a: Archeops|0 fnt\n|faint|p1a: Archeops\n|\n|-weather|RainDance|[upkeep]\n|-heal|p2a: Politoed|50\/100|[from] item: Leftovers\n|upkeep\n|\n|t:|1695605177\n|switch|p1b: Sigilyph|Sigilyph, F|69\/100\n|switch|p1a: Celesteela|Celesteela|100\/100\n|turn|4\n|\n|t:|1695605187\n|move|p2b: Swampert|Bulk Up|p2b: Swampert\n|-boost|p2b: Swampert|atk|1\n|-boost|p2b: Swampert|def|1\n|move|p1b: Sigilyph|Energy Ball|p2b: Swampert\n|-supereffective|p2b: Swampert\n|-damage|p2b: Swampert|0 fnt\n|faint|p2b: Swampert\n|move|p2a: Politoed|Icy Wind|p1a: Celesteela|[spread] p1a,p1b\n|-supereffective|p1b: Sigilyph\n|-crit|p1b: Sigilyph\n|-damage|p1a: Celesteela|92\/100\n|-damage|p1b: Sigilyph|24\/100\n|-unboost|p1a: Celesteela|spe|1\n|-unboost|p1b: Sigilyph|spe|1\n|move|p1a: Celesteela|Giga Drain|p2a: Politoed\n|-supereffective|p2a: Politoed\n|-damage|p2a: Politoed|22\/100\n|-heal|p1a: Celesteela|100\/100|[from] drain|[of] p2a: Politoed\n|\n|-weather|RainDance|[upkeep]\n|-heal|p2a: Politoed|28\/100|[from] item: Leftovers\n|upkeep\n|\n|t:|1695605203\n|switch|p2b: Heracross|Heracross, M|100\/100\n|-damage|p2b: Heracross|88\/100|[from] Stealth Rock\n|turn|5\n|\n|t:|1695605218\n|switch|p1a: Honchkrow|Honchkrow, M|100\/100\n|move|p2b: Heracross|Substitute|p2b: Heracross\n|-start|p2b: Heracross|Substitute\n|-damage|p2b: Heracross|63\/100\n|move|p1b: Sigilyph|Energy Ball|p2a: Politoed\n|-supereffective|p2a: Politoed\n|-damage|p2a: Politoed|0 fnt\n|faint|p2a: Politoed\n|\n|-weather|none\n|upkeep\n|\n|t:|1695605226\n|switch|p2a: Clefable|Clefable, M|100\/100\n|turn|6\n|\n|t:|1695605243\n|move|p2a: Clefable|Follow Me|p2a: Clefable\n|-singleturn|p2a: Clefable|move: Follow Me\n|move|p1a: Honchkrow|Sucker Punch||[still]\n|-fail|p1a: Honchkrow\n|move|p2b: Heracross|Rock Slide|p1a: Honchkrow|[spread] p1a,p1b\n|-supereffective|p1a: Honchkrow\n|-supereffective|p1b: Sigilyph\n|-damage|p1a: Honchkrow|46\/100\n|-damage|p1b: Sigilyph|0 fnt\n|faint|p1b: Sigilyph\n|-ability|p2b: Heracross|Moxie|boost\n|-boost|p2b: Heracross|atk|1\n|\n|upkeep\n|\n|t:|1695605263\n|switch|p1b: Aerodactyl|Aerodactyl, M|100\/100\n|-ability|p1b: Aerodactyl|Unnerve\n|turn|7\n|\n|t:|1695605272\n|detailschange|p1b: Aerodactyl|Aerodactyl-Mega, M\n|-mega|p1b: Aerodactyl|Aerodactyl|Aerodactylite\n|move|p2a: Clefable|Follow Me|p2a: Clefable\n|-singleturn|p2a: Clefable|move: Follow Me\n|move|p1b: Aerodactyl|Earthquake|p2a: Clefable|[spread] p2a,p2b\n|-immune|p1a: Honchkrow\n|-resisted|p2b: Heracross\n|-activate|p2b: Heracross|move: Substitute|[damage]\n|-damage|p2a: Clefable|71\/100\n|move|p2b: Heracross|Rock Slide|p1b: Aerodactyl|[spread] p1a,p1b\n|-supereffective|p1a: Honchkrow\n|-supereffective|p1b: Aerodactyl\n|-damage|p1a: Honchkrow|0 fnt\n|-damage|p1b: Aerodactyl|17\/100\n|faint|p1a: Honchkrow\n|-ability|p2b: Heracross|Moxie|boost\n|-boost|p2b: Heracross|atk|1\n|\n|upkeep\n|\n|t:|1695605286\n|switch|p1a: Celesteela|Celesteela|100\/100\n|turn|8\n|\n|t:|1695605298\n|move|p1b: Aerodactyl|Earthquake|p2a: Clefable|[spread] p2a,p2b\n|-immune|p1a: Celesteela\n|-resisted|p2b: Heracross\n|-end|p2b: Heracross|Substitute\n|-damage|p2a: Clefable|43\/100\n|-enditem|p2a: Clefable|Sitrus Berry|[eat]\n|-heal|p2a: Clefable|68\/100|[from] item: Sitrus Berry\n|move|p2b: Heracross|Rock Slide|p1b: Aerodactyl|[spread] p1b\n|-miss|p2b: Heracross|p1a: Celesteela\n|-supereffective|p1b: Aerodactyl\n|-damage|p1b: Aerodactyl|0 fnt\n|faint|p1b: Aerodactyl\n|-ability|p2b: Heracross|Moxie|boost\n|-boost|p2b: Heracross|atk|1\n|move|p2a: Clefable|Life Dew|p2a: Clefable|[spread] p2a,p2b\n|-heal|p2a: Clefable|93\/100\n|-heal|p2b: Heracross|88\/100\n|move|p1a: Celesteela|Iron Head|p2b: Heracross\n|-damage|p2b: Heracross|42\/100\n|\n|upkeep\n|turn|9\n|\n|t:|1695605325\n|move|p2b: Heracross|Knock Off|p1a: Celesteela\n|-damage|p1a: Celesteela|27\/100\n|-enditem|p1a: Celesteela|Leftovers|[from] move: Knock Off|[of] p2b: Heracross\n|move|p2a: Clefable|Life Dew|p2a: Clefable|[spread] p2a,p2b\n|-heal|p2a: Clefable|100\/100\n|-heal|p2b: Heracross|67\/100\n|move|p1a: Celesteela|Iron Head|p2b: Heracross\n|-damage|p2b: Heracross|18\/100\n|\n|upkeep\n|turn|10\n|c|\u2606Quxelopqr|gg\n|\n|t:|1695605336\n|move|p2b: Heracross|Knock Off|p1a: Celesteela\n|-damage|p1a: Celesteela|0 fnt\n|faint|p1a: Celesteela\n|\n|win|HEYstudios\n|c|\u2606HEYstudios|gg wp\n|c| Fuukasaku|Impressive Heracross play\n|c|\u2606HEYstudios|ty ty\n|c|\u2606Quxelopqr|heracross was great\n|l| Fuukasaku\n|l| Qapi\n|c|\u2606HEYstudios|heracross is always great\n|l|\u2606HEYstudios\n|c|\u2606Quxelopqr|lol fair\n|l|\u2606Quxelopqr\n|j|\u2606Quxelopqr\n|player|p1|Quxelopqr|cheren\n","uploadtime":1695605373,"views":11,"p1id":"quxelopqr","p2id":"heystudios","formatid":"gen9nationaldexdoubles","rating":0,"private":0,"password":""}