{"id":"gen9nationaldexdoubles-1951589701","p1":"SgtSmilies","p2":"Datagne","format":"[Gen 9] National Dex Doubles","log":"|j|\u2606SgtSmilies\n|j|\u2606Datagne\n|t:|1695596782\n|gametype|doubles\n|player|p1|SgtSmilies|acetrainerf|\n|player|p2|Datagne|will|\n|teamsize|p1|6\n|teamsize|p2|6\n|gen|9\n|tier|[Gen 9] National Dex Doubles\n|rule|HP Percentage Mod: HP is shown in percentages\n|rule|Endless Battle Clause: Forcing endless battles is banned\n|rule|OHKO Clause: OHKO moves are banned\n|rule|Evasion Moves Clause: Evasion moves are banned\n|rule|Evasion Abilities Clause: Evasion abilities are banned\n|rule|Species Clause: Limit one of each Pok\u00e9mon\n|rule|Gravity Sleep Clause: The combination of sleep-inducing moves with imperfect accuracy and Gravity or Gigantamax Orbeetle are banned\n|clearpoke\n|poke|p1|Chien-Pao|\n|poke|p1|Dracovish|\n|poke|p1|Dragapult, M|\n|poke|p1|Slither Wing|\n|poke|p1|Lilligant, F|\n|poke|p1|Torkoal, M|\n|poke|p2|Gigalith, F|\n|poke|p2|Kingambit, M|\n|poke|p2|Klefki, M|\n|poke|p2|Enamorus-Therian, F|\n|poke|p2|Glastrier|\n|poke|p2|Salamence, F|\n|teampreview\n|j| Camdar\n|\n|t:|1695596792\n|start\n|switch|p1a: only one move|Torkoal, M|100\/100\n|switch|p1b: Lilligant|Lilligant, F|100\/100\n|switch|p2a: Pups|Salamence, F|100\/100\n|switch|p2b: Jingles|Klefki, M|100\/100\n|-ability|p2a: Pups|Intimidate|boost\n|-unboost|p1a: only one move|atk|1\n|-unboost|p1b: Lilligant|atk|1\n|-enditem|p1b: Lilligant|White Herb\n|-clearnegativeboost|p1b: Lilligant|[silent]\n|-weather|SunnyDay|[from] ability: Drought|[of] p1a: only one move\n|turn|1\n|j| 2wb\n|inactive|Battle timer is ON: inactive players will automatically lose when time's up. (requested by SgtSmilies)\n|\n|t:|1695596827\n|switch|p2b: Limestone|Gigalith, F|100\/100\n|-weather|Sandstorm|[from] ability: Sand Stream|[of] p2b: Limestone\n|-terastallize|p2a: Pups|Fire\n|move|p2a: Pups|Heat Wave|p1a: only one move|[spread] p1a,p1b\n|-resisted|p1a: only one move\n|-supereffective|p1b: Lilligant\n|-damage|p1a: only one move|77\/100\n|-damage|p1b: Lilligant|0 fnt\n|faint|p1b: Lilligant\n|move|p1a: only one move|Eruption|p2a: Pups|[spread] p2a,p2b\n|-resisted|p2a: Pups\n|-resisted|p2b: Limestone\n|-damage|p2a: Pups|72\/100\n|-damage|p2b: Limestone|88\/100\n|\n|-weather|Sandstorm|[upkeep]\n|-damage|p2a: Pups|66\/100|[from] Sandstorm\n|-damage|p1a: only one move|70\/100|[from] Sandstorm\n|upkeep\n|\n|t:|1695596847\n|switch|p1b: mr fish|Dracovish|100\/100\n|turn|2\n|c|\u2606Datagne|I swear to god if this thing has sand rush as a check to me\n|inactive|Datagne has 270 seconds left.\n|c|\u2606SgtSmilies|who can say?\n|\n|t:|1695596892\n|switch|p1a: Heracross 2|Slither Wing|100\/100\n|-enditem|p1a: Heracross 2|Booster Energy\n|-activate|p1a: Heracross 2|ability: Protosynthesis|[fromitem]\n|-start|p1a: Heracross 2|protosynthesisatk\n|move|p2a: Pups|Protect|p2a: Pups\n|-singleturn|p2a: Pups|Protect\n|move|p1b: mr fish|Fishious Rend|p2a: Pups\n|-activate|p2a: Pups|move: Protect\n|move|p2b: Limestone|Rock Slide|p1a: Heracross 2|[spread] p1a,p1b\n|-damage|p1a: Heracross 2|68\/100\n|-damage|p1b: mr fish|77\/100\n|\n|-weather|Sandstorm|[upkeep]\n|-damage|p1b: mr fish|70\/100|[from] Sandstorm\n|-damage|p2a: Pups|60\/100|[from] Sandstorm\n|-damage|p1a: Heracross 2|62\/100|[from] Sandstorm\n|upkeep\n|turn|3\n|inactive|Datagne has 270 seconds left.\n|inactive|Datagne has 240 seconds left.\n|\n|t:|1695596936\n|switch|p2b: Jingles|Klefki, M|100\/100\n|move|p1b: mr fish|Fishious Rend|p2a: Pups\n|-supereffective|p2a: Pups\n|-damage|p2a: Pups|0 fnt\n|faint|p2a: Pups\n|move|p1a: Heracross 2|Close Combat|p2b: Jingles\n|-crit|p2b: Jingles\n|-damage|p2b: Jingles|3\/100\n|-unboost|p1a: Heracross 2|def|1\n|-unboost|p1a: Heracross 2|spd|1\n|\n|-weather|Sandstorm|[upkeep]\n|-damage|p1b: mr fish|64\/100|[from] Sandstorm\n|-damage|p1a: Heracross 2|56\/100|[from] Sandstorm\n|upkeep\n|inactive|Datagne has 240 seconds left.\n|\n|t:|1695596950\n|switch|p2a: Aun|Kingambit, M|100\/100\n|turn|4\n|\n|t:|1695596976\n|switch|p1b: only one move|Torkoal, M|70\/100\n|-weather|SunnyDay|[from] ability: Drought|[of] p1b: only one move\n|move|p2a: Aun|Protect|p2a: Aun\n|-singleturn|p2a: Aun|Protect\n|move|p2b: Jingles|Reflect|p2b: Jingles\n|-sidestart|p2: Datagne|Reflect\n|move|p1a: Heracross 2|Close Combat|p2a: Aun\n|-activate|p2a: Aun|move: Protect\n|\n|-weather|SunnyDay|[upkeep]\n|upkeep\n|turn|5\n|inactive|Datagne has 270 seconds left.\n|\n|t:|1695596997\n|switch|p2a: Limestone|Gigalith, F|88\/100\n|-weather|Sandstorm|[from] ability: Sand Stream|[of] p2a: Limestone\n|move|p2b: Jingles|Protect|p2b: Jingles\n|-singleturn|p2b: Jingles|Protect\n|move|p1a: Heracross 2|Close Combat|p2a: Limestone\n|-supereffective|p2a: Limestone\n|-damage|p2a: Limestone|11\/100\n|-unboost|p1a: Heracross 2|def|1\n|-unboost|p1a: Heracross 2|spd|1\n|move|p1b: only one move|Eruption|p2b: Jingles|[spread] p2a\n|-activate|p2b: Jingles|move: Protect\n|-resisted|p2a: Limestone\n|-damage|p2a: Limestone|1\/100\n|\n|-weather|Sandstorm|[upkeep]\n|-damage|p1a: Heracross 2|50\/100|[from] Sandstorm\n|-damage|p1b: only one move|64\/100|[from] Sandstorm\n|upkeep\n|turn|6\n|c| Camdar|dat has the most 9d brain i have ever seen\n|inactive|Datagne has 270 seconds left.\n|\n|t:|1695597020\n|move|p2a: Limestone|Wide Guard|p2a: Limestone\n|-singleturn|p2a: Limestone|Wide Guard\n|move|p2b: Jingles|Thunder Wave|p1a: Heracross 2\n|-status|p1a: Heracross 2|par\n|cant|p1a: Heracross 2|par\n|move|p1b: only one move|Eruption|p2a: Limestone|[spread] \n|-activate|p2a: Limestone|move: Wide Guard\n|-activate|p2b: Jingles|move: Wide Guard\n|\n|-weather|Sandstorm|[upkeep]\n|-damage|p1a: Heracross 2|44\/100 par|[from] Sandstorm\n|-damage|p1b: only one move|58\/100|[from] Sandstorm\n|upkeep\n|turn|7\n|c|\u2606Datagne|It just works\n|inactive|Datagne has 270 seconds left.\n|\n|t:|1695597041\n|switch|p2b: Tortle|Enamorus-Therian, F|100\/100\n|move|p1a: Heracross 2|U-turn|p2a: Limestone\n|-damage|p2a: Limestone|0 fnt\n|faint|p2a: Limestone\n|\n|t:|1695597047\n|-end|p1a: Heracross 2|Protosynthesis|[silent]\n|switch|p1a: mr fish|Dracovish|64\/100|[from] U-turn\n|move|p1b: only one move|Eruption|p2b: Tortle\n|-damage|p2b: Tortle|56\/100\n|\n|-weather|Sandstorm|[upkeep]\n|-damage|p1a: mr fish|58\/100|[from] Sandstorm\n|-damage|p1b: only one move|52\/100|[from] Sandstorm\n|-heal|p2b: Tortle|62\/100|[from] item: Leftovers\n|upkeep\n|\n|t:|1695597057\n|switch|p2a: Aun|Kingambit, M|100\/100\n|turn|8\n|\n|t:|1695597072\n|-terastallize|p1a: mr fish|Water\n|move|p2a: Aun|Sucker Punch|p1a: mr fish\n|-damage|p1a: mr fish|10\/100\n|-damage|p2a: Aun|91\/100|[from] item: Life Orb\n|move|p1a: mr fish|Fishious Rend|p2b: Tortle\n|-damage|p2b: Tortle|0 fnt\n|faint|p2b: Tortle\n|move|p1b: only one move|Heat Wave|p2a: Aun\n|-supereffective|p2a: Aun\n|-damage|p2a: Aun|4\/100\n|\n|-weather|Sandstorm|[upkeep]\n|-damage|p1a: mr fish|4\/100|[from] Sandstorm\n|-damage|p1b: only one move|46\/100|[from] Sandstorm\n|upkeep\n|\n|t:|1695597084\n|switch|p2b: Jingles|Klefki, M|3\/100\n|turn|9\n|\n|t:|1695597097\n|switch|p1a: Heracross 2|Slither Wing|44\/100 par\n|move|p2b: Jingles|Protect|p2b: Jingles\n|-singleturn|p2b: Jingles|Protect\n|move|p2a: Aun|Protect|p2a: Aun\n|-singleturn|p2a: Aun|Protect\n|move|p1b: only one move|Protect||[still]\n|-fail|p1b: only one move\n|\n|-weather|Sandstorm|[upkeep]\n|-damage|p1a: Heracross 2|38\/100 par|[from] Sandstorm\n|-damage|p1b: only one move|40\/100|[from] Sandstorm\n|upkeep\n|turn|10\n|c|\u2606Datagne|Good turn\n|c|\u2606SgtSmilies|good turn good turn\n|inactive|Datagne has 270 seconds left.\n|\n|t:|1695597131\n|move|p1a: Heracross 2|First Impression|p2a: Aun\n|-damage|p2a: Aun|0 fnt\n|faint|p2a: Aun\n|move|p1b: only one move|Heat Wave|p2b: Jingles\n|-supereffective|p2b: Jingles\n|-damage|p2b: Jingles|0 fnt\n|faint|p2b: Jingles\n|\n|-weather|Sandstorm|[upkeep]\n|-damage|p1a: Heracross 2|32\/100 par|[from] Sandstorm\n|-damage|p1b: only one move|34\/100|[from] Sandstorm\n|upkeep\n|inactive|Datagne has 270 seconds left.\n|\n|t:|1695597161\n|switch|p2b: Jack|Glastrier|100\/100\n|turn|11\n|inactive|Datagne has 270 seconds left.\n|\n|t:|1695597168\n|move|p1a: Heracross 2|Close Combat|p2b: Jack\n|-supereffective|p2b: Jack\n|-damage|p2b: Jack|38\/100\n|-unboost|p1a: Heracross 2|def|1\n|-unboost|p1a: Heracross 2|spd|1\n|move|p2b: Jack|High Horsepower|p1b: only one move\n|-supereffective|p1b: only one move\n|-damage|p1b: only one move|0 fnt\n|faint|p1b: only one move\n|-ability|p2b: Jack|Chilling Neigh|boost\n|-boost|p2b: Jack|atk|1\n|\n|-weather|Sandstorm|[upkeep]\n|-damage|p1a: Heracross 2|26\/100 par|[from] Sandstorm\n|-damage|p2b: Jack|32\/100|[from] Sandstorm\n|-sideend|p2: Datagne|Reflect\n|upkeep\n|c|\u2606SgtSmilies|torkoal :(\n|c|\u2606Datagne|No sun\n|\n|t:|1695597185\n|switch|p1b: Weavile 2|Chien-Pao|100\/100\n|-ability|p1b: Weavile 2|Sword of Ruin\n|turn|12\n|c|\u2606SgtSmilies|yes sun :)\n|\n|t:|1695597194\n|move|p1b: Weavile 2|Brick Break|p2b: Jack\n|-supereffective|p2b: Jack\n|-damage|p2b: Jack|0 fnt\n|faint|p2b: Jack\n|\n|win|SgtSmilies\n|c|\u2606Datagne|GG\n|c|\u2606SgtSmilies|GGs\n|l| Camdar\n","uploadtime":1695597202,"views":20,"p1id":"sgtsmilies","p2id":"datagne","formatid":"gen9nationaldexdoubles","rating":0,"private":0,"password":""}