{"id":"gen9nationaldexdoubles-1974309618","p1":"AdvancedDigit","p2":"Storm7715","format":"[Gen 9] National Dex Doubles","log":"|j|\u2606AdvancedDigit\n|j|\u2606Storm7715\n|t:|1698076740\n|gametype|doubles\n|player|p1|AdvancedDigit|hilbert|1199\n|player|p2|Storm7715|alec-anime|1114\n|teamsize|p1|6\n|teamsize|p2|6\n|gen|9\n|tier|[Gen 9] National Dex Doubles\n|rated|\n|rule|HP Percentage Mod: HP is shown in percentages\n|rule|Endless Battle Clause: Forcing endless battles is banned\n|rule|OHKO Clause: OHKO moves are banned\n|rule|Evasion Moves Clause: Evasion moves are banned\n|rule|Evasion Abilities Clause: Evasion abilities are banned\n|rule|Species Clause: Limit one of each Pok\u00e9mon\n|rule|Gravity Sleep Clause: The combination of sleep-inducing moves with imperfect accuracy and Gravity or Gigantamax Orbeetle are banned\n|clearpoke\n|poke|p1|Scizor, M|\n|poke|p1|Mr. Mime, M|\n|poke|p1|Clefairy, M|\n|poke|p1|Amoonguss, M|\n|poke|p1|Chi-Yu|\n|poke|p1|Murkrow, F|\n|poke|p2|Oricorio-Pom-Pom, M|\n|poke|p2|Espathra, F|\n|poke|p2|Walking Wake|\n|poke|p2|Lilligant-Hisui, F|\n|poke|p2|Charizard, M|\n|poke|p2|Ninetales, F|\n|teampreview\n|inactive|Battle timer is ON: inactive players will automatically lose when time's up. (requested by Storm7715)\n|c|\u2606AdvancedDigit|no way\n|c|\u2606AdvancedDigit|my chariard\n|c|\u2606AdvancedDigit|my lillgant\n|c|\u2606AdvancedDigit|my beloved\n|inactive|AdvancedDigit has 120 seconds left.\n|\n|t:|1698076775\n|start\n|switch|p1a: Mr. Mime|Mr. Mime, M|100\/100\n|switch|p1b: Scizor|Scizor, M|100\/100\n|switch|p2a: Oricorio|Oricorio-Pom-Pom, M|100\/100\n|switch|p2b: Espathra|Espathra, F|100\/100\n|turn|1\n|\n|t:|1698076784\n|move|p1a: Mr. Mime|Fake Out|p2b: Espathra\n|-damage|p2b: Espathra|93\/100\n|cant|p2b: Espathra|flinch\n|move|p2a: Oricorio|Quiver Dance|p2a: Oricorio\n|-boost|p2a: Oricorio|spa|1\n|-boost|p2a: Oricorio|spd|1\n|-boost|p2a: Oricorio|spe|1\n|move|p1b: Scizor|Swords Dance|p1b: Scizor\n|-boost|p1b: Scizor|atk|2\n|-ability|p2b: Espathra|Opportunist|boost\n|-boost|p2b: Espathra|atk|2\n|-activate|p2a: Oricorio|ability: Dancer\n|move|p2a: Oricorio|Swords Dance|p2a: Oricorio|[from]ability: Dancer\n|-boost|p2a: Oricorio|atk|2\n|\n|upkeep\n|turn|2\n|inactive|Storm7715 has 120 seconds left.\n|\n|t:|1698076832\n|move|p1a: Mr. Mime|Follow Me|p1a: Mr. Mime\n|-singleturn|p1a: Mr. Mime|move: Follow Me\n|move|p2a: Oricorio|Quiver Dance|p2a: Oricorio\n|-boost|p2a: Oricorio|spa|1\n|-boost|p2a: Oricorio|spd|1\n|-boost|p2a: Oricorio|spe|1\n|move|p2b: Espathra|Skill Swap|p1a: Mr. Mime\n|-activate|p2b: Espathra|move: Skill Swap|Filter|Opportunist|[of] p1a: Mr. Mime\n|move|p1b: Scizor|Swords Dance|p1b: Scizor\n|-boost|p1b: Scizor|atk|2\n|-activate|p2a: Oricorio|ability: Dancer\n|move|p2a: Oricorio|Swords Dance|p2a: Oricorio|[from]ability: Dancer\n|-boost|p2a: Oricorio|atk|2\n|-ability|p1a: Mr. Mime|Opportunist|boost\n|-boost|p1a: Mr. Mime|atk|2\n|\n|upkeep\n|turn|3\n|inactive|Storm7715 has 120 seconds left.\n|\n|t:|1698076861\n|-terastallize|p1b: Scizor|Steel\n|move|p1a: Mr. Mime|Follow Me|p1a: Mr. Mime\n|-singleturn|p1a: Mr. Mime|move: Follow Me\n|move|p1b: Scizor|Bullet Punch|p2a: Oricorio\n|-resisted|p2a: Oricorio\n|-damage|p2a: Oricorio|0 fnt\n|faint|p2a: Oricorio\n|move|p2b: Espathra|Skill Swap|p1a: Mr. Mime\n|-activate|p2b: Espathra|move: Skill Swap|Opportunist|Filter|[of] p1a: Mr. Mime\n|\n|upkeep\n|\n|t:|1698076874\n|switch|p2a: Ninetales|Ninetales, F|100\/100\n|-weather|SunnyDay|[from] ability: Drought|[of] p2a: Ninetales\n|turn|4\n|inactive|Storm7715 has 120 seconds left.\n|\n|t:|1698076905\n|move|p1a: Mr. Mime|Follow Me|p1a: Mr. Mime\n|-singleturn|p1a: Mr. Mime|move: Follow Me\n|move|p1b: Scizor|Bullet Punch|p2a: Ninetales\n|-resisted|p2a: Ninetales\n|-damage|p2a: Ninetales|0 fnt\n|faint|p2a: Ninetales\n|move|p2b: Espathra|Foul Play|p1a: Mr. Mime\n|-damage|p1a: Mr. Mime|62\/100\n|\n|-weather|SunnyDay|[upkeep]\n|upkeep\n|inactive|Storm7715 has 90 seconds left.\n|\n|t:|1698076924\n|switch|p2a: Walking Wake|Walking Wake|100\/100\n|-activate|p2a: Walking Wake|ability: Protosynthesis\n|-start|p2a: Walking Wake|protosynthesisspe\n|turn|5\n|\n|t:|1698076934\n|move|p1a: Mr. Mime|Follow Me|p1a: Mr. Mime\n|-singleturn|p1a: Mr. Mime|move: Follow Me\n|move|p1b: Scizor|Bullet Punch|p2a: Walking Wake\n|-resisted|p2a: Walking Wake\n|-damage|p2a: Walking Wake|9\/100\n|move|p2a: Walking Wake|Hydro Steam|p1a: Mr. Mime\n|-damage|p1a: Mr. Mime|9\/100\n|move|p2b: Espathra|Foul Play|p1a: Mr. Mime\n|-crit|p1a: Mr. Mime\n|-damage|p1a: Mr. Mime|0 fnt\n|faint|p1a: Mr. Mime\n|\n|-weather|SunnyDay|[upkeep]\n|-heal|p2a: Walking Wake|16\/100|[from] item: Leftovers\n|upkeep\n|\n|t:|1698076943\n|switch|p1a: Clefairy|Clefairy, M|100\/100\n|turn|6\n|\n|t:|1698076950\n|move|p1a: Clefairy|Follow Me|p1a: Clefairy\n|-singleturn|p1a: Clefairy|move: Follow Me\n|move|p1b: Scizor|Bullet Punch|p2a: Walking Wake\n|-resisted|p2a: Walking Wake\n|-damage|p2a: Walking Wake|0 fnt\n|faint|p2a: Walking Wake\n|-end|p2a: Walking Wake|Protosynthesis|[silent]\n|move|p2b: Espathra|Foul Play|p1a: Clefairy\n|-resisted|p1a: Clefairy\n|-damage|p1a: Clefairy|94\/100\n|\n|-weather|SunnyDay|[upkeep]\n|upkeep\n|\n|t:|1698076955\n|switch|p2a: Charizard|Charizard, M|100\/100\n|turn|7\n|inactive|AdvancedDigit has 120 seconds left.\n|c|\u2606Storm7715|You are so unfun\n|inactive|AdvancedDigit has 90 seconds left.\n|c|\u2606Storm7715|2 follow me users ?\n|\n|t:|1698077033\n|move|p1a: Clefairy|Helping Hand|p1b: Scizor\n|-singleturn|p1b: Scizor|Helping Hand|[of] p1a: Clefairy\n|move|p1b: Scizor|Bullet Punch|p2a: Charizard\n|-resisted|p2a: Charizard\n|-damage|p2a: Charizard|0 fnt\n|faint|p2a: Charizard\n|move|p2b: Espathra|Stored Power|p1a: Clefairy\n|-damage|p1a: Clefairy|76\/100\n|\n|-weather|SunnyDay|[upkeep]\n|upkeep\n|inactive|Storm7715 has 120 seconds left.\n|\n|t:|1698077045\n|switch|p2a: Lilligant|Lilligant-Hisui, F|100\/100\n|turn|8\n|c|\u2606AdvancedDigit|my fauly og\n|inactive|AdvancedDigit has 90 seconds left.\n|c|\u2606AdvancedDigit|heres a strat i use u should try it\n|c|\u2606AdvancedDigit|charizard and lilligant lead\n|inactive|AdvancedDigit has 60 seconds left.\n|inactiveoff|Battle timer is now OFF.\n|c|\u2606AdvancedDigit|mega evolve charizard for drought then use entrainmnet with lilligant on char to give it chlorophyll\n|c|\u2606AdvancedDigit|now u have a x2 speed mega charozard in sun\n|c|\u2606AdvancedDigit|giev it heat wave then destroy everything\n|\n|t:|1698077120\n|move|p1a: Clefairy|Follow Me|p1a: Clefairy\n|-singleturn|p1a: Clefairy|move: Follow Me\n|move|p1b: Scizor|Bullet Punch|p2a: Lilligant\n|-damage|p2a: Lilligant|0 fnt\n|faint|p2a: Lilligant\n|move|p2b: Espathra|Foul Play|p1a: Clefairy\n|-resisted|p1a: Clefairy\n|-damage|p1a: Clefairy|69\/100\n|\n|-weather|SunnyDay|[upkeep]\n|upkeep\n|turn|9\n|c|\u2606Storm7715|That seems broken\n|c|\u2606AdvancedDigit|its fun\n|c|\u2606AdvancedDigit|thats what i thought u were doing when i saw ur team\n|\n|t:|1698077140\n|move|p1a: Clefairy|Helping Hand|p1b: Scizor\n|-singleturn|p1b: Scizor|Helping Hand|[of] p1a: Clefairy\n|move|p2b: Espathra|Foul Play|p1b: Scizor\n|-damage|p1b: Scizor|24\/100\n|move|p1b: Scizor|Swords Dance|p1b: Scizor\n|-boost|p1b: Scizor|atk|2\n|-ability|p2b: Espathra|Opportunist|boost\n|-boost|p2b: Espathra|atk|2\n|\n|-weather|SunnyDay|[upkeep]\n|upkeep\n|turn|10\n|c|\u2606AdvancedDigit|fuck misclick\n|c|\u2606AdvancedDigit|gg\n|c|\u2606Storm7715|Gg\n|\n|t:|1698077165\n|move|p1a: Clefairy|Helping Hand|p1b: Scizor\n|-singleturn|p1b: Scizor|Helping Hand|[of] p1a: Clefairy\n|move|p1b: Scizor|Bullet Punch|p2b: Espathra\n|-damage|p2b: Espathra|0 fnt\n|faint|p2b: Espathra\n|\n|win|AdvancedDigit\n|raw|AdvancedDigit's rating: 1199 &rarr; <strong>1218<\/strong><br \/>(+19 for winning)\n|raw|Storm7715's rating: 1114 &rarr; <strong>1095<\/strong><br \/>(-19 for losing)\n","uploadtime":1698077168,"views":8,"p1id":"advanceddigit","p2id":"storm7715","formatid":"gen9nationaldexdoubles","rating":1095,"private":0,"password":""}