{"id":"gen9nationaldexdoubles-2000080806","p1":"Preppy dude","p2":"rrkas","format":"[Gen 9] National Dex Doubles","log":"|j|\u2606Preppy dude\n|j|\u2606rrkas\n|t:|1701151158\n|gametype|doubles\n|player|p1|Preppy dude|265|1144\n|player|p2|rrkas|steven|1065\n|teamsize|p1|6\n|teamsize|p2|6\n|gen|9\n|tier|[Gen 9] National Dex Doubles\n|rated|\n|rule|HP Percentage Mod: HP is shown in percentages\n|rule|Endless Battle Clause: Forcing endless battles is banned\n|rule|OHKO Clause: OHKO moves are banned\n|rule|Evasion Moves Clause: Evasion moves are banned\n|rule|Evasion Abilities Clause: Evasion abilities are banned\n|rule|Species Clause: Limit one of each Pok\u00e9mon\n|rule|Gravity Sleep Clause: The combination of sleep-inducing moves with imperfect accuracy and Gravity or Gigantamax Orbeetle are banned\n|clearpoke\n|poke|p1|Persian-Alola, M|\n|poke|p1|Ambipom, F|\n|poke|p1|Hariyama, F|\n|poke|p1|Infernape, F|\n|poke|p1|Toxicroak, M|\n|poke|p1|Goodra-Hisui, F|\n|poke|p2|Golisopod, F|\n|poke|p2|Incineroar, F|\n|poke|p2|Togekiss, M|\n|poke|p2|Noivern, M|\n|poke|p2|Runerigus, F|\n|poke|p2|Zoroark-Hisui, F|\n|teampreview\n|inactive|Battle timer is ON: inactive players will automatically lose when time's up. (requested by Preppy dude)\n|\n|t:|1701151169\n|start\n|switch|p1a: Persian|Persian-Alola, M|100\/100\n|switch|p1b: Ambipom|Ambipom, F|100\/100\n|switch|p2a: arcana|Runerigus, F, shiny|100\/100\n|switch|p2b: guardian|Golisopod, F, shiny|100\/100\n|turn|1\n|inactive|Preppy dude has 120 seconds left.\n|\n|t:|1701151200\n|move|p1b: Ambipom|Fake Out|p2b: guardian\n|-damage|p2b: guardian|80\/100\n|move|p2a: arcana|U-turn|p1a: Persian\n|-supereffective|p1a: Persian\n|-damage|p1a: Persian|77\/100\n|\n|t:|1701151210\n|switch|p2a: tangie|Incineroar, F|100\/100|[from] U-turn\n|-ability|p2a: tangie|Intimidate|boost\n|-unboost|p1a: Persian|atk|1\n|-unboost|p1b: Ambipom|atk|1\n|move|p1a: Persian|Foul Play|p2a: tangie\n|-resisted|p2a: tangie\n|-damage|p2a: tangie|86\/100\n|cant|p2b: guardian|flinch\n|\n|-heal|p1a: Persian|83\/100|[from] item: Leftovers\n|upkeep\n|turn|2\n|\n|t:|1701151233\n|move|p2a: tangie|Fake Out|p1a: Persian\n|-damage|p1a: Persian|74\/100\n|move|p1b: Ambipom|Thunder Punch|p2b: guardian\n|-supereffective|p2b: guardian\n|-damage|p2b: guardian|59\/100\n|cant|p1a: Persian|flinch\n|move|p2b: guardian|Swords Dance|p2b: guardian\n|-boost|p2b: guardian|atk|2\n|\n|-heal|p1a: Persian|80\/100|[from] item: Leftovers\n|upkeep\n|turn|3\n|\n|t:|1701151254\n|move|p1b: Ambipom|Brick Break|p2a: tangie\n|-supereffective|p2a: tangie\n|-damage|p2a: tangie|64\/100\n|move|p1a: Persian|Foul Play|p2b: guardian\n|-damage|p2b: guardian|0 fnt\n|faint|p2b: guardian\n|move|p2a: tangie|Parting Shot|p1b: Ambipom\n|-unboost|p1b: Ambipom|atk|1\n|-unboost|p1b: Ambipom|spa|1\n|\n|t:|1701151270\n|switch|p2a: gojo|Togekiss, M|100\/100|[from] Parting Shot\n|\n|-heal|p1a: Persian|86\/100|[from] item: Leftovers\n|upkeep\n|\n|t:|1701151275\n|switch|p2b: tangie|Incineroar, F|64\/100\n|-ability|p2b: tangie|Intimidate|boost\n|-unboost|p1a: Persian|atk|1\n|-unboost|p1b: Ambipom|atk|1\n|turn|4\n|\n|t:|1701151290\n|switch|p1b: Goodra|Goodra-Hisui, F|100\/100\n|move|p2b: tangie|Fake Out|p1a: Persian\n|-damage|p1a: Persian|77\/100\n|move|p2a: gojo|Air Slash|p1b: Goodra\n|-resisted|p1b: Goodra\n|-damage|p1b: Goodra|94\/100\n|cant|p1a: Persian|flinch\n|\n|-heal|p1a: Persian|83\/100|[from] item: Leftovers\n|upkeep\n|turn|5\n|\n|t:|1701151310\n|move|p2a: gojo|Air Slash|p1a: Persian\n|-damage|p1a: Persian|43\/100\n|cant|p1a: Persian|flinch\n|move|p1b: Goodra|Flash Cannon|p2a: gojo\n|-supereffective|p2a: gojo\n|-damage|p2a: gojo|27\/100\n|move|p2b: tangie|U-turn|p1b: Goodra\n|-resisted|p1b: Goodra\n|-damage|p1b: Goodra|87\/100\n|\n|t:|1701151325\n|switch|p2b: arcana|Runerigus, F, shiny|100\/100|[from] U-turn\n|\n|-heal|p1a: Persian|49\/100|[from] item: Leftovers\n|upkeep\n|turn|6\n|\n|t:|1701151339\n|move|p2a: gojo|Air Slash|p1a: Persian\n|-damage|p1a: Persian|8\/100\n|move|p2b: arcana|Will-O-Wisp|p1b: Goodra\n|-status|p1b: Goodra|brn\n|cant|p1a: Persian|flinch\n|move|p1b: Goodra|Flash Cannon|p2b: arcana\n|-damage|p2b: arcana|37\/100\n|replace|p2b: jack|Zoroark-Hisui, F, shiny\n|-end|p2b: jack|Illusion\n|\n|-heal|p1a: Persian|14\/100|[from] item: Leftovers\n|-damage|p1b: Goodra|81\/100 brn|[from] brn\n|upkeep\n|turn|7\n|\n|t:|1701151360\n|move|p2a: gojo|Air Slash|p1b: Goodra\n|-resisted|p1b: Goodra\n|-damage|p1b: Goodra|74\/100 brn\n|move|p2b: jack|U-turn|p1a: Persian\n|-supereffective|p1a: Persian\n|-damage|p1a: Persian|0 fnt\n|faint|p1a: Persian\n|\n|t:|1701151373\n|switch|p2b: moody jazz|Noivern, M|100\/100|[from] U-turn\n|cant|p1b: Goodra|flinch\n|\n|-damage|p1b: Goodra|68\/100 brn|[from] brn\n|upkeep\n|\n|t:|1701151381\n|switch|p1a: Hariyama|Hariyama, F|100\/100\n|turn|8\n|\n|t:|1701151393\n|move|p1a: Hariyama|Fake Out|p2a: gojo\n|-damage|p2a: gojo|9\/100\n|cant|p2a: gojo|flinch\n|move|p2b: moody jazz|Tailwind|p2b: moody jazz\n|-sidestart|p2: rrkas|move: Tailwind\n|move|p1b: Goodra|Flash Cannon|p2a: gojo\n|-supereffective|p2a: gojo\n|-damage|p2a: gojo|0 fnt\n|faint|p2a: gojo\n|\n|-damage|p1b: Goodra|62\/100 brn|[from] brn\n|-status|p1a: Hariyama|brn|[from] item: Flame Orb\n|upkeep\n|\n|t:|1701151403\n|switch|p2a: arcana|Runerigus, F, shiny|100\/100\n|turn|9\n|\n|t:|1701151424\n|-terastallize|p1b: Goodra|Steel\n|move|p2b: moody jazz|Boomburst|p1b: Goodra|[spread] p1a,p1b\n|-immune|p2a: arcana\n|-resisted|p1b: Goodra\n|-damage|p1a: Hariyama|77\/100 brn\n|-damage|p1b: Goodra|57\/100 brn\n|move|p2a: arcana|Body Press|p1b: Goodra\n|-supereffective|p1b: Goodra\n|-damage|p1b: Goodra|6\/100 brn\n|move|p1b: Goodra|Dragon Pulse|p2b: moody jazz\n|-supereffective|p2b: moody jazz\n|-damage|p2b: moody jazz|0 fnt\n|faint|p2b: moody jazz\n|move|p1a: Hariyama|Close Combat|p2a: arcana\n|-immune|p2a: arcana\n|\n|-damage|p1b: Goodra|0 fnt|[from] brn\n|faint|p1b: Goodra\n|-damage|p1a: Hariyama|70\/100 brn|[from] brn\n|upkeep\n|\n|t:|1701151447\n|switch|p2b: tangie|Incineroar, F|64\/100\n|switch|p1b: Ambipom|Ambipom, F|100\/100\n|-ability|p2b: tangie|Intimidate|boost\n|-unboost|p1a: Hariyama|atk|1\n|-unboost|p1b: Ambipom|atk|1\n|turn|10\n|\n|t:|1701151465\n|move|p1b: Ambipom|Fake Out|p2b: tangie\n|-damage|p2b: tangie|50\/100\n|cant|p2b: tangie|flinch\n|move|p2a: arcana|Body Press|p1b: Ambipom\n|-supereffective|p1b: Ambipom\n|-damage|p1b: Ambipom|4\/100\n|move|p1a: Hariyama|Close Combat|p2b: tangie\n|-supereffective|p2b: tangie\n|-damage|p2b: tangie|0 fnt\n|-unboost|p1a: Hariyama|def|1\n|-unboost|p1a: Hariyama|spd|1\n|faint|p2b: tangie\n|\n|-damage|p1a: Hariyama|64\/100 brn|[from] brn\n|upkeep\n|\n|t:|1701151476\n|switch|p2b: jack|Zoroark-Hisui, F, shiny|37\/100\n|turn|11\n|\n|t:|1701151500\n|move|p1a: Hariyama|Bullet Punch|p2b: jack\n|-damage|p2b: jack|14\/100\n|-enditem|p2b: jack|Aguav Berry|[eat]\n|-heal|p2b: jack|47\/100|[from] item: Aguav Berry\n|move|p2b: jack|Sludge Bomb|p1b: Ambipom\n|-damage|p1b: Ambipom|0 fnt\n|faint|p1b: Ambipom\n|move|p2a: arcana|Body Press|p1a: Hariyama\n|-damage|p1a: Hariyama|13\/100 brn\n|\n|-damage|p1a: Hariyama|7\/100 brn|[from] brn\n|-sideend|p2: rrkas|move: Tailwind\n|upkeep\n|\n|t:|1701151514\n|switch|p1b: Infernape|Infernape, F|100\/100\n|turn|12\n|\n|t:|1701151537\n|move|p1a: Hariyama|Bullet Punch|p2b: jack\n|-damage|p2b: jack|22\/100\n|move|p2b: jack|Bitter Malice|p1b: Infernape\n|-damage|p1b: Infernape|56\/100\n|-unboost|p1b: Infernape|atk|1\n|move|p1b: Infernape|Heat Wave|p2a: arcana|[spread] p2a,p2b\n|-crit|p2b: jack\n|-damage|p2a: arcana|68\/100\n|-damage|p2b: jack|0 fnt\n|faint|p2b: jack\n|-damage|p1b: Infernape|46\/100|[from] item: Life Orb\n|move|p2a: arcana|Body Press|p1b: Infernape\n|-damage|p1b: Infernape|0 fnt\n|faint|p1b: Infernape\n|\n|-damage|p1a: Hariyama|1\/100 brn|[from] brn\n|upkeep\n|inactive|Preppy dude has 120 seconds left.\n|\n|t:|1701151558\n|switch|p1b: Toxicroak|Toxicroak, M|100\/100\n|turn|13\n|\n|t:|1701151569\n|move|p1b: Toxicroak|Protect|p1b: Toxicroak\n|-singleturn|p1b: Toxicroak|Protect\n|move|p1a: Hariyama|Earthquake|p2a: arcana|[spread] p2a\n|-activate|p1b: Toxicroak|move: Protect\n|-damage|p2a: arcana|49\/100\n|move|p2a: arcana|Will-O-Wisp|p1b: Toxicroak\n|-activate|p1b: Toxicroak|move: Protect\n|\n|-damage|p1a: Hariyama|0 fnt|[from] brn\n|faint|p1a: Hariyama\n|upkeep\n|turn|14\n|\n|t:|1701151587\n|move|p1b: Toxicroak|Poison Jab|p2a: arcana\n|-resisted|p2a: arcana\n|-damage|p2a: arcana|41\/100\n|-status|p2a: arcana|psn\n|-activate|p2a: arcana|ability: Wandering Spirit|Dry Skin|Wandering Spirit|[of] p1b: Toxicroak\n|-damage|p1b: Toxicroak|91\/100|[from] item: Life Orb\n|move|p2a: arcana|Will-O-Wisp|p1b: Toxicroak\n|-status|p1b: Toxicroak|brn\n|\n|-damage|p2a: arcana|28\/100 psn|[from] psn\n|-damage|p1b: Toxicroak|85\/100 brn|[from] brn\n|upkeep\n|turn|15\n|\n|t:|1701151601\n|move|p1b: Toxicroak|Protect|p1b: Toxicroak\n|-singleturn|p1b: Toxicroak|Protect\n|move|p2a: arcana|Body Press|p1b: Toxicroak\n|-activate|p1b: Toxicroak|move: Protect\n|\n|-damage|p2a: arcana|16\/100 psn|[from] psn\n|-damage|p1b: Toxicroak|78\/100 brn|[from] brn\n|upkeep\n|-enditem|p2a: arcana|Aguav Berry|[eat]\n|-heal|p2a: arcana|49\/100 psn|[from] item: Aguav Berry\n|turn|16\n|\n|t:|1701151615\n|move|p1b: Toxicroak|Poison Jab|p2a: arcana\n|-resisted|p2a: arcana\n|-damage|p2a: arcana|45\/100 psn\n|-damage|p1b: Toxicroak|69\/100 brn|[from] item: Life Orb\n|move|p2a: arcana|Body Press|p1b: Toxicroak\n|-resisted|p1b: Toxicroak\n|-damage|p1b: Toxicroak|43\/100 brn\n|-activate|p1b: Toxicroak|ability: Wandering Spirit|Dry Skin|Wandering Spirit|[of] p2a: arcana\n|\n|-damage|p2a: arcana|33\/100 psn|[from] psn\n|-damage|p1b: Toxicroak|37\/100 brn|[from] brn\n|upkeep\n|turn|17\n|\n|t:|1701151629\n|move|p1b: Toxicroak|Protect|p1b: Toxicroak\n|-singleturn|p1b: Toxicroak|Protect\n|move|p2a: arcana|Body Press|p1b: Toxicroak\n|-activate|p1b: Toxicroak|move: Protect\n|\n|-damage|p2a: arcana|20\/100 psn|[from] psn\n|-damage|p1b: Toxicroak|31\/100 brn|[from] brn\n|upkeep\n|turn|18\n|\n|t:|1701151640\n|-terastallize|p2a: arcana|Ground\n|move|p1b: Toxicroak|Poison Jab|p2a: arcana\n|-resisted|p2a: arcana\n|-damage|p2a: arcana|12\/100 psn\n|-activate|p2a: arcana|ability: Wandering Spirit|Dry Skin|Wandering Spirit|[of] p1b: Toxicroak\n|-damage|p1b: Toxicroak|21\/100 brn|[from] item: Life Orb\n|move|p2a: arcana|Body Press|p1b: Toxicroak\n|-resisted|p1b: Toxicroak\n|-damage|p1b: Toxicroak|0 fnt\n|-activate|p1b: Toxicroak|ability: Wandering Spirit|Dry Skin|Wandering Spirit|[of] p2a: arcana\n|faint|p1b: Toxicroak\n|\n|win|rrkas\n|raw|Preppy dude's rating: 1144 &rarr; <strong>1113<\/strong><br \/>(-31 for losing)\n|raw|rrkas's rating: 1065 &rarr; <strong>1102<\/strong><br \/>(+37 for winning)\n","uploadtime":1701151656,"views":7,"p1id":"preppydude","p2id":"rrkas","formatid":"gen9nationaldexdoubles","rating":1102,"private":0,"password":""}