{"id":"gen9nationaldexdoubles-1964425303","p1":"Chippy5ver","p2":"StellarOrchid","format":"[Gen 9] National Dex Doubles","log":"|j|\u2606Chippy5ver\n|j|\u2606StellarOrchid\n|t:|1696967751\n|gametype|doubles\n|player|p1|Chippy5ver|170|1096\n|player|p2|StellarOrchid|hexmaniac-gen6|1121\n|teamsize|p1|6\n|teamsize|p2|6\n|gen|9\n|tier|[Gen 9] National Dex Doubles\n|rated|\n|rule|HP Percentage Mod: HP is shown in percentages\n|rule|Endless Battle Clause: Forcing endless battles is banned\n|rule|OHKO Clause: OHKO moves are banned\n|rule|Evasion Moves Clause: Evasion moves are banned\n|rule|Evasion Abilities Clause: Evasion abilities are banned\n|rule|Species Clause: Limit one of each Pok\u00e9mon\n|rule|Gravity Sleep Clause: The combination of sleep-inducing moves with imperfect accuracy and Gravity or Gigantamax Orbeetle are banned\n|clearpoke\n|poke|p1|Onix, F|\n|poke|p1|Gliscor, M|\n|poke|p1|Hippowdon, F|\n|poke|p1|Magcargo, F|\n|poke|p1|Excadrill, M|\n|poke|p1|Gastrodon, M|\n|poke|p2|Grafaiai, M|\n|poke|p2|Regigigas|\n|poke|p2|Clefairy, M|\n|poke|p2|Chien-Pao|\n|poke|p2|Basculegion, M|\n|poke|p2|Tornadus, M|\n|teampreview\n|inactive|Battle timer is ON: inactive players will automatically lose when time's up. (requested by StellarOrchid)\n|\n|t:|1696967758\n|start\n|switch|p1a: Gliscor|Gliscor, M|100\/100\n|switch|p1b: Hippowdon|Hippowdon, F|100\/100\n|switch|p2a: Grafaiai|Grafaiai, M|100\/100\n|switch|p2b: Regigigas|Regigigas|100\/100\n|-start|p2b: Regigigas|ability: Slow Start\n|-weather|Sandstorm|[from] ability: Sand Stream|[of] p1b: Hippowdon\n|turn|1\n|\n|t:|1696967775\n|move|p2a: Grafaiai|Doodle|p1b: Hippowdon\n|-endability|p2a: Grafaiai|Prankster|[from] move: Doodle\n|-ability|p2a: Grafaiai|Sand Stream|[from] move: Doodle\n|-end|p2b: Regigigas|Slow Start|[silent]\n|-endability|p2b: Regigigas|Slow Start|[from] move: Doodle\n|-ability|p2b: Regigigas|Sand Stream|[from] move: Doodle\n|move|p2b: Regigigas|Return|p1b: Hippowdon\n|-damage|p1b: Hippowdon|51\/100\n|move|p1a: Gliscor|Tailwind|p1a: Gliscor\n|-sidestart|p1: Chippy5ver|move: Tailwind\n|move|p1b: Hippowdon|Earthquake|p2a: Grafaiai|[spread] p2a,p2b\n|-immune|p1a: Gliscor\n|-supereffective|p2a: Grafaiai\n|-damage|p2a: Grafaiai|0 fnt\n|-damage|p2b: Regigigas|74\/100\n|faint|p2a: Grafaiai\n|\n|-weather|Sandstorm|[upkeep]\n|-damage|p2b: Regigigas|68\/100|[from] Sandstorm\n|-heal|p2b: Regigigas|74\/100|[from] item: Leftovers\n|upkeep\n|\n|t:|1696967787\n|switch|p2a: Tornadus|Tornadus, M|100\/100\n|turn|2\n|\n|t:|1696967795\n|move|p2a: Tornadus|Tailwind|p2a: Tornadus\n|-sidestart|p2: StellarOrchid|move: Tailwind\n|move|p2b: Regigigas|Knock Off|p1a: Gliscor\n|-crit|p1a: Gliscor\n|-damage|p1a: Gliscor|46\/100\n|-enditem|p1a: Gliscor|Mental Herb|[from] move: Knock Off|[of] p2b: Regigigas\n|move|p1a: Gliscor|Swords Dance|p1a: Gliscor\n|-boost|p1a: Gliscor|atk|2\n|move|p1b: Hippowdon|Ice Fang|p2a: Tornadus\n|-supereffective|p2a: Tornadus\n|-damage|p2a: Tornadus|48\/100\n|\n|-weather|Sandstorm|[upkeep]\n|-damage|p2a: Tornadus|42\/100|[from] Sandstorm\n|-damage|p2b: Regigigas|68\/100|[from] Sandstorm\n|-heal|p2b: Regigigas|74\/100|[from] item: Leftovers\n|upkeep\n|turn|3\n|\n|t:|1696967814\n|-terastallize|p2b: Regigigas|Normal\n|move|p2a: Tornadus|Icy Wind|p1b: Hippowdon|[spread] p1a,p1b\n|-supereffective|p1a: Gliscor\n|-supereffective|p1b: Hippowdon\n|-damage|p1a: Gliscor|0 fnt\n|-damage|p1b: Hippowdon|27\/100\n|-unboost|p1b: Hippowdon|spe|1\n|faint|p1a: Gliscor\n|move|p2b: Regigigas|Return|p1b: Hippowdon\n|-damage|p1b: Hippowdon|0 fnt\n|faint|p1b: Hippowdon\n|\n|-weather|Sandstorm|[upkeep]\n|-damage|p2a: Tornadus|36\/100|[from] Sandstorm\n|-damage|p2b: Regigigas|68\/100|[from] Sandstorm\n|-heal|p2b: Regigigas|74\/100|[from] item: Leftovers\n|upkeep\n|\n|t:|1696967821\n|switch|p1a: Excadrill|Excadrill, M|100\/100\n|switch|p1b: Gastrodon|Gastrodon, M|100\/100\n|turn|4\n|\n|t:|1696967831\n|move|p1a: Excadrill|High Horsepower|p2b: Regigigas\n|-damage|p2b: Regigigas|7\/100\n|-damage|p1a: Excadrill|91\/100|[from] item: Life Orb\n|move|p2a: Tornadus|Icy Wind|p1a: Excadrill|[spread] p1a,p1b\n|-damage|p1a: Excadrill|76\/100\n|-damage|p1b: Gastrodon|90\/100\n|-unboost|p1a: Excadrill|spe|1\n|-unboost|p1b: Gastrodon|spe|1\n|move|p2b: Regigigas|Drain Punch|p1a: Excadrill\n|-supereffective|p1a: Excadrill\n|-damage|p1a: Excadrill|0 fnt\n|-heal|p2b: Regigigas|39\/100|[from] drain|[of] p1a: Excadrill\n|faint|p1a: Excadrill\n|move|p1b: Gastrodon|Weather Ball|p2a: Tornadus\n|-supereffective|p2a: Tornadus\n|-damage|p2a: Tornadus|0 fnt\n|faint|p2a: Tornadus\n|\n|-weather|Sandstorm|[upkeep]\n|-damage|p2b: Regigigas|33\/100|[from] Sandstorm\n|-heal|p2b: Regigigas|39\/100|[from] item: Leftovers\n|-heal|p1b: Gastrodon|97\/100|[from] item: Leftovers\n|-sideend|p1: Chippy5ver|move: Tailwind\n|upkeep\n|\n|t:|1696967849\n|switch|p1a: Magcargo|Magcargo, F|100\/100\n|switch|p2a: Chien-Pao|Chien-Pao|100\/100\n|-ability|p2a: Chien-Pao|Sword of Ruin\n|-item|p1a: Magcargo|Air Balloon\n|turn|5\n|\n|t:|1696967859\n|move|p2a: Chien-Pao|Swords Dance|p2a: Chien-Pao\n|-boost|p2a: Chien-Pao|atk|2\n|move|p2b: Regigigas|Drain Punch|p1a: Magcargo\n|-supereffective|p1a: Magcargo\n|-damage|p1a: Magcargo|0 fnt\n|-heal|p2b: Regigigas|70\/100|[from] drain|[of] p1a: Magcargo\n|-enditem|p1a: Magcargo|Air Balloon\n|faint|p1a: Magcargo\n|move|p1b: Gastrodon|Weather Ball|p2a: Chien-Pao\n|-supereffective|p2a: Chien-Pao\n|-damage|p2a: Chien-Pao|7\/100\n|\n|-weather|Sandstorm|[upkeep]\n|-damage|p2a: Chien-Pao|1\/100|[from] Sandstorm\n|-damage|p2b: Regigigas|64\/100|[from] Sandstorm\n|-heal|p2b: Regigigas|70\/100|[from] item: Leftovers\n|-heal|p1b: Gastrodon|100\/100|[from] item: Leftovers\n|-sideend|p2: StellarOrchid|move: Tailwind\n|upkeep\n|\n|t:|1696967862\n|switch|p1a: Onix|Onix, F|100\/100\n|turn|6\n|\n|t:|1696967877\n|move|p2a: Chien-Pao|Ice Spinner|p1b: Gastrodon\n|-damage|p1b: Gastrodon|0 fnt\n|faint|p1b: Gastrodon\n|move|p1a: Onix|Rock Slide|p2b: Regigigas|[spread] p2a,p2b\n|-supereffective|p2a: Chien-Pao\n|-damage|p2a: Chien-Pao|0 fnt\n|-damage|p2b: Regigigas|49\/100\n|faint|p2a: Chien-Pao\n|move|p2b: Regigigas|Knock Off|p1a: Onix\n|-damage|p1a: Onix|57\/100\n|-enditem|p1a: Onix|Choice Band|[from] move: Knock Off|[of] p2b: Regigigas\n|\n|-weather|Sandstorm|[upkeep]\n|-damage|p2b: Regigigas|42\/100|[from] Sandstorm\n|-heal|p2b: Regigigas|49\/100|[from] item: Leftovers\n|upkeep\n|\n|t:|1696967880\n|switch|p2a: Clefairy|Clefairy, M|100\/100\n|turn|7\n|\n|t:|1696967884\n|move|p2a: Clefairy|Follow Me|p2a: Clefairy\n|-singleturn|p2a: Clefairy|move: Follow Me\n|move|p1a: Onix|Earthquake|p2a: Clefairy|[spread] p2a,p2b\n|-damage|p2a: Clefairy|66\/100\n|-damage|p2b: Regigigas|36\/100\n|move|p2b: Regigigas|Drain Punch|p1a: Onix\n|-supereffective|p1a: Onix\n|-damage|p1a: Onix|0 fnt\n|-heal|p2b: Regigigas|50\/100|[from] drain|[of] p1a: Onix\n|faint|p1a: Onix\n|\n|win|StellarOrchid\n|raw|Chippy5ver's rating: 1096 &rarr; <strong>1073<\/strong><br \/>(-23 for losing)\n|raw|StellarOrchid's rating: 1121 &rarr; <strong>1144<\/strong><br \/>(+23 for winning)\n|l|\u2606Chippy5ver\n","uploadtime":1696967890,"views":9,"p1id":"chippy5ver","p2id":"stellarorchid","formatid":"gen9nationaldexdoubles","rating":1073,"private":0,"password":""}