{"id":"gen9nationaldexdoubles-1981760284","p1":"NosiXdda","p2":"the maraculous","format":"[Gen 9] National Dex Doubles","log":"|j|\u2606NosiXdda\n|j|\u2606the maraculous\n|t:|1698939555\n|gametype|doubles\n|player|p1|NosiXdda|brock|1143\n|player|p2|the maraculous|dragontamer|1407\n|teamsize|p1|6\n|teamsize|p2|6\n|gen|9\n|tier|[Gen 9] National Dex Doubles\n|rated|\n|rule|HP Percentage Mod: HP is shown in percentages\n|rule|Endless Battle Clause: Forcing endless battles is banned\n|rule|OHKO Clause: OHKO moves are banned\n|rule|Evasion Moves Clause: Evasion moves are banned\n|rule|Evasion Abilities Clause: Evasion abilities are banned\n|rule|Species Clause: Limit one of each Pok\u00e9mon\n|rule|Gravity Sleep Clause: The combination of sleep-inducing moves with imperfect accuracy and Gravity or Gigantamax Orbeetle are banned\n|clearpoke\n|poke|p1|Murkrow, F|\n|poke|p1|Oricorio-Pom-Pom, F|\n|poke|p1|Indeedee-F, F|\n|poke|p1|Garchomp, F|\n|poke|p1|Kommo-o, F|\n|poke|p1|Tinkaton, F|\n|poke|p2|Xurkitree|\n|poke|p2|Iron Valiant|\n|poke|p2|Chandelure, F|\n|poke|p2|Landorus-Therian, M|\n|poke|p2|Kartana|\n|poke|p2|Farigiraf, F|\n|teampreview\n|\n|t:|1698939578\n|start\n|switch|p1a: Kommo-o|Kommo-o, F|100\/100\n|switch|p1b: Oricorio|Oricorio-Pom-Pom, F, shiny|100\/100\n|switch|p2a: Xurkitree|Xurkitree|100\/100\n|switch|p2b: Iron Valiant|Iron Valiant|100\/100\n|turn|1\n|\n|t:|1698939602\n|move|p2b: Iron Valiant|Moonblast|p1a: Kommo-o\n|-supereffective|p1a: Kommo-o\n|-damage|p1a: Kommo-o|0 fnt\n|faint|p1a: Kommo-o\n|-damage|p2b: Iron Valiant|91\/100|[from] item: Life Orb\n|-zpower|p2a: Xurkitree\n|move|p2a: Xurkitree|Z-Electric Terrain|p2a: Xurkitree|[anim]Electric Terrain\n|-boost|p2a: Xurkitree|spe|1|[zeffect]\n|-fieldstart|move: Electric Terrain\n|-activate|p2b: Iron Valiant|ability: Quark Drive\n|-start|p2b: Iron Valiant|quarkdrivespe\n|move|p1b: Oricorio|Quiver Dance|p1b: Oricorio\n|-boost|p1b: Oricorio|spa|1\n|-boost|p1b: Oricorio|spd|1\n|-boost|p1b: Oricorio|spe|1\n|\n|upkeep\n|\n|t:|1698939614\n|switch|p1a: Tinkaton|Tinkaton, F, shiny|100\/100\n|-ability|p1a: Tinkaton|Mold Breaker\n|turn|2\n|\n|t:|1698939622\n|move|p2b: Iron Valiant|Destiny Bond|p2b: Iron Valiant\n|-singlemove|p2b: Iron Valiant|Destiny Bond\n|move|p2a: Xurkitree|Rising Voltage|p1b: Oricorio\n|-damage|p1b: Oricorio|44\/100\n|move|p1b: Oricorio|Quiver Dance|p1b: Oricorio\n|-boost|p1b: Oricorio|spa|1\n|-boost|p1b: Oricorio|spd|1\n|-boost|p1b: Oricorio|spe|1\n|move|p1a: Tinkaton|Swords Dance|p1a: Tinkaton\n|-boost|p1a: Tinkaton|atk|2\n|-activate|p1b: Oricorio|ability: Dancer\n|move|p1b: Oricorio|Swords Dance|p1b: Oricorio|[from]ability: Dancer\n|-boost|p1b: Oricorio|atk|2\n|\n|upkeep\n|turn|3\n|\n|t:|1698939647\n|move|p1b: Oricorio|Baton Pass|p1b: Oricorio\n|\n|t:|1698939652\n|switch|p1b: Indeedee|Indeedee-F, F, shiny|100\/100|[from] Baton Pass\n|-fieldstart|move: Psychic Terrain|[from] ability: Psychic Surge|[of] p1b: Indeedee\n|-end|p2b: Iron Valiant|Quark Drive\n|move|p2a: Xurkitree|Rising Voltage|p1b: Indeedee\n|-damage|p1b: Indeedee|74\/100\n|move|p2b: Iron Valiant|Moonblast|p1b: Indeedee\n|-damage|p1b: Indeedee|43\/100\n|-damage|p2b: Iron Valiant|81\/100|[from] item: Life Orb\n|move|p1a: Tinkaton|Gigaton Hammer|p2a: Xurkitree\n|-resisted|p2a: Xurkitree\n|-damage|p2a: Xurkitree|15\/100\n|\n|upkeep\n|turn|4\n|\n|t:|1698939672\n|move|p2b: Iron Valiant|Wide Guard|p2b: Iron Valiant\n|-singleturn|p2b: Iron Valiant|Wide Guard\n|move|p1b: Indeedee|Expanding Force|p2a: Xurkitree|[spread] \n|-activate|p2a: Xurkitree|move: Wide Guard\n|-activate|p2b: Iron Valiant|move: Wide Guard\n|move|p2a: Xurkitree|Electric Terrain|p2a: Xurkitree\n|-fieldstart|move: Electric Terrain\n|-activate|p2b: Iron Valiant|ability: Quark Drive\n|-start|p2b: Iron Valiant|quarkdrivespe\n|move|p1a: Tinkaton|Swords Dance|p1a: Tinkaton\n|-boost|p1a: Tinkaton|atk|2\n|\n|upkeep\n|turn|5\n|\n|t:|1698939695\n|move|p1b: Indeedee|Protect|p1b: Indeedee\n|-singleturn|p1b: Indeedee|Protect\n|move|p2b: Iron Valiant|Close Combat|p1b: Indeedee\n|-activate|p1b: Indeedee|move: Protect\n|move|p2a: Xurkitree|Rising Voltage|p1a: Tinkaton\n|-hint|Rising Voltage's BP doubled on grounded target.\n|-damage|p1a: Tinkaton|0 fnt\n|faint|p1a: Tinkaton\n|-ability|p2a: Xurkitree|Beast Boost|boost\n|-boost|p2a: Xurkitree|spa|1\n|\n|upkeep\n|c|\u2606NosiXdda|huh?\n|c|\u2606NosiXdda|!dt rising voltage\n|raw|<ul class=\"utilichart\"><li class=\"result\"><span class=\"col movenamecol\"><a href=\"https:\/\/dex.pokemonshowdown.com\/moves\/risingvoltage\">Rising Voltage<\/a><\/span> <span class=\"col typecol\"><img src=\"\/\/play.pokemonshowdown.com\/sprites\/types\/Electric.png\" alt=\"Electric\" width=\"32\" height=\"14\"><img src=\"\/\/play.pokemonshowdown.com\/sprites\/categories\/Special.png\" alt=\"Special\" width=\"32\" height=\"14\"><\/span> <span class=\"col labelcol\"><em>Power<\/em><br>70<\/span> <span class=\"col widelabelcol\"><em>Accuracy<\/em><br>100%<\/span> <span class=\"col pplabelcol\"><em>PP<\/em><br>32<\/span> <span class=\"col movedesccol\">2x power if target is grounded in Electric Terrain.<\/span> <\/li><li style=\"clear:both\"><\/li><\/ul>\n|raw|<font size=\"1\"><font color=\"#686868\">Priority:<\/font> 0&nbsp;|&ThickSpace;<font color=\"#686868\">Gen:<\/font> 8&nbsp;|&ThickSpace;<font color=\"#686868\">Z-Power:<\/font> 140&nbsp;|&ThickSpace;<font color=\"#686868\">Dynamax Power:<\/font> 140&nbsp;|&ThickSpace;<font color=\"#686868\">Target:<\/font> One Adjacent Pok\u00e9mon<\/font>\n\n|\n|t:|1698939729\n|switch|p1a: Garchomp|Garchomp, F, shiny|100\/100\n|turn|6\n|\n|t:|1698939755\n|move|p2b: Iron Valiant|Moonblast|p1a: Garchomp\n|-supereffective|p1a: Garchomp\n|-damage|p1a: Garchomp|0 fnt\n|faint|p1a: Garchomp\n|-damage|p2b: Iron Valiant|71\/100|[from] item: Life Orb\n|move|p1b: Indeedee|Expanding Force|p2a: Xurkitree\n|-damage|p2a: Xurkitree|0 fnt\n|faint|p2a: Xurkitree\n|\n|upkeep\n|\n|t:|1698939771\n|switch|p1a: Murkrow|Murkrow, F|100\/100\n|switch|p2a: Landorus|Landorus-Therian, M|100\/100\n|-ability|p2a: Landorus|Intimidate|boost\n|-unboost|p1a: Murkrow|atk|1\n|-unboost|p1b: Indeedee|atk|1\n|turn|7\n|\n|t:|1698939792\n|move|p1b: Indeedee|Protect|p1b: Indeedee\n|-singleturn|p1b: Indeedee|Protect\n|move|p1a: Murkrow|Tailwind|p1a: Murkrow\n|-sidestart|p1: NosiXdda|move: Tailwind\n|move|p2b: Iron Valiant|Destiny Bond|p2b: Iron Valiant\n|-singlemove|p2b: Iron Valiant|Destiny Bond\n|move|p2a: Landorus|Knock Off|p1b: Indeedee\n|-activate|p1b: Indeedee|move: Protect\n|\n|upkeep\n|turn|8\n|\n|t:|1698939807\n|move|p1b: Indeedee|Expanding Force|p2b: Iron Valiant\n|-supereffective|p2b: Iron Valiant\n|-damage|p2b: Iron Valiant|0 fnt\n|faint|p2b: Iron Valiant\n|-activate|p2b: Iron Valiant|move: Destiny Bond\n|-end|p2b: Iron Valiant|Quark Drive|[silent]\n|faint|p1b: Indeedee\n|move|p1a: Murkrow|Foul Play|p2a: Landorus\n|-damage|p2a: Landorus|35\/100\n|move|p2a: Landorus|Rock Slide|p1a: Murkrow\n|-supereffective|p1a: Murkrow\n|-damage|p1a: Murkrow|12\/100\n|\n|-fieldend|move: Electric Terrain\n|upkeep\n|\n|t:|1698939818\n|switch|p2b: Farigiraf|Farigiraf, F|100\/100\n|switch|p1b: Oricorio|Oricorio-Pom-Pom, F, shiny|44\/100\n|turn|9\n|\n|t:|1698939830\n|-terastallize|p2b: Farigiraf|Normal\n|move|p1b: Oricorio|Quiver Dance|p1b: Oricorio\n|-boost|p1b: Oricorio|spa|1\n|-boost|p1b: Oricorio|spd|1\n|-boost|p1b: Oricorio|spe|1\n|move|p1a: Murkrow|Foul Play|p2a: Landorus\n|-damage|p2a: Landorus|0 fnt\n|faint|p2a: Landorus\n|move|p2b: Farigiraf|Hyper Voice|p1b: Oricorio|[spread] p1a,p1b\n|-crit|p1b: Oricorio\n|-damage|p1a: Murkrow|0 fnt\n|-damage|p1b: Oricorio|0 fnt\n|faint|p1a: Murkrow\n|faint|p1b: Oricorio\n|\n|win|the maraculous\n|raw|NosiXdda's rating: 1143 &rarr; <strong>1134<\/strong><br \/>(-9 for losing)\n|raw|the maraculous's rating: 1407 &rarr; <strong>1414<\/strong><br \/>(+7 for winning)\n|c|\u2606NosiXdda|gg\n|c|\u2606the maraculous|gg\n","uploadtime":1698939845,"views":7,"p1id":"nosixdda","p2id":"themaraculous","formatid":"gen9nationaldexdoubles","rating":1134,"private":0,"password":""}