{"id":"gen9nationaldexdoubles-1948308985","p1":"Asanaquarian","p2":"kingspeed51","format":"[Gen 9] National Dex Doubles","log":"|j|\u2606Asanaquarian\n|j|\u2606kingspeed51\n|t:|1695247229\n|gametype|doubles\n|player|p1|Asanaquarian|pokemonrangerf|1107\n|player|p2|kingspeed51|170|1118\n|teamsize|p1|6\n|teamsize|p2|6\n|gen|9\n|tier|[Gen 9] National Dex Doubles\n|rated|\n|rule|HP Percentage Mod: HP is shown in percentages\n|rule|Endless Battle Clause: Forcing endless battles is banned\n|rule|OHKO Clause: OHKO moves are banned\n|rule|Evasion Moves Clause: Evasion moves are banned\n|rule|Evasion Abilities Clause: Evasion abilities are banned\n|rule|Species Clause: Limit one of each Pok\u00e9mon\n|rule|Gravity Sleep Clause: The combination of sleep-inducing moves with imperfect accuracy and Gravity or Gigantamax Orbeetle are banned\n|clearpoke\n|poke|p1|Serperior, M|\n|poke|p1|Reuniclus, M|\n|poke|p1|Goodra, F|\n|poke|p1|Klefki, M|\n|poke|p1|Appletun, F|\n|poke|p1|Dondozo, M|\n|poke|p2|Metagross|\n|poke|p2|Roaring Moon|\n|poke|p2|Milotic, M|\n|poke|p2|Sinistcha|\n|poke|p2|Talonflame, M|\n|poke|p2|Chansey, F|\n|teampreview\n|inactive|Battle timer is ON: inactive players will automatically lose when time's up. (requested by Asanaquarian)\n|\n|t:|1695247247\n|start\n|switch|p1a: Klefki|Klefki, M|100\/100\n|switch|p1b: Reuniclus|Reuniclus, M|100\/100\n|switch|p2a: Talonflame|Talonflame, M|100\/100\n|switch|p2b: Roaring Moon|Roaring Moon|100\/100\n|-enditem|p2b: Roaring Moon|Booster Energy\n|-activate|p2b: Roaring Moon|ability: Protosynthesis|[fromitem]\n|-start|p2b: Roaring Moon|protosynthesisatk\n|turn|1\n|\n|t:|1695247262\n|move|p1a: Klefki|Reflect|p1a: Klefki\n|-sidestart|p1: Asanaquarian|Reflect\n|move|p2a: Talonflame|Flare Blitz|p1a: Klefki\n|-supereffective|p1a: Klefki\n|-damage|p1a: Klefki|60\/100\n|-damage|p2a: Talonflame|89\/100|[from] Recoil\n|move|p2b: Roaring Moon|Jaw Lock|p1b: Reuniclus\n|-supereffective|p1b: Reuniclus\n|-damage|p1b: Reuniclus|45\/100\n|-activate|p2b: Roaring Moon|trapped\n|-activate|p1b: Reuniclus|trapped\n|move|p1b: Reuniclus|Calm Mind|p1b: Reuniclus\n|-boost|p1b: Reuniclus|spa|1\n|-boost|p1b: Reuniclus|spd|1\n|\n|upkeep\n|turn|2\n|\n|t:|1695247289\n|move|p2a: Talonflame|Flare Blitz|p1a: Klefki\n|-supereffective|p1a: Klefki\n|-damage|p1a: Klefki|24\/100\n|-damage|p2a: Talonflame|78\/100|[from] Recoil\n|move|p2b: Roaring Moon|Jaw Lock|p1b: Reuniclus\n|-supereffective|p1b: Reuniclus\n|-crit|p1b: Reuniclus\n|-damage|p1b: Reuniclus|0 fnt\n|faint|p1b: Reuniclus\n|move|p1a: Klefki|Draining Kiss|p2b: Roaring Moon\n|-supereffective|p2b: Roaring Moon\n|-damage|p2b: Roaring Moon|45\/100\n|-heal|p1a: Klefki|71\/100|[from] drain|[of] p2b: Roaring Moon\n|\n|upkeep\n|\n|t:|1695247303\n|switch|p1b: Goodra|Goodra, F|100\/100\n|turn|3\n|\n|t:|1695247312\n|move|p2a: Talonflame|Flare Blitz|p1a: Klefki\n|-supereffective|p1a: Klefki\n|-damage|p1a: Klefki|34\/100\n|-damage|p2a: Talonflame|68\/100|[from] Recoil\n|move|p2b: Roaring Moon|Outrage|p1b: Goodra\n|-supereffective|p1b: Goodra\n|-damage|p1b: Goodra|0 fnt\n|-ability|p1b: Goodra|Gooey\n|-unboost|p2b: Roaring Moon|spe|1\n|faint|p1b: Goodra\n|move|p1a: Klefki|Draining Kiss|p2b: Roaring Moon\n|-supereffective|p2b: Roaring Moon\n|-damage|p2b: Roaring Moon|0 fnt\n|-heal|p1a: Klefki|71\/100|[from] drain|[of] p2b: Roaring Moon\n|faint|p2b: Roaring Moon\n|-end|p2b: Roaring Moon|Protosynthesis|[silent]\n|\n|upkeep\n|\n|t:|1695247332\n|switch|p2b: Metagross|Metagross|100\/100\n|switch|p1b: Dondozo|Dondozo, M|100\/100\n|turn|4\n|\n|t:|1695247354\n|-terastallize|p2b: Metagross|Ground\n|move|p1a: Klefki|Light Screen|p1a: Klefki\n|-sidestart|p1: Asanaquarian|move: Light Screen\n|move|p2a: Talonflame|Tailwind|p2a: Talonflame\n|-sidestart|p2: kingspeed51|move: Tailwind\n|move|p2b: Metagross|Earthquake|p1a: Klefki|[spread] p1a,p1b\n|-immune|p2a: Talonflame\n|-supereffective|p1a: Klefki\n|-damage|p1a: Klefki|29\/100\n|-damage|p1b: Dondozo|88\/100\n|move|p1b: Dondozo|Curse|p1b: Dondozo\n|-unboost|p1b: Dondozo|spe|1\n|-boost|p1b: Dondozo|atk|1\n|-boost|p1b: Dondozo|def|1\n|\n|upkeep\n|turn|5\n|\n|t:|1695247376\n|move|p1a: Klefki|Toxic|p2a: Talonflame\n|-status|p2a: Talonflame|tox\n|move|p2a: Talonflame|Brave Bird|p1b: Dondozo\n|-damage|p1b: Dondozo|81\/100\n|-damage|p2a: Talonflame|65\/100 tox|[from] Recoil\n|move|p2b: Metagross|Earthquake|p1b: Dondozo|[spread] p1a,p1b\n|-immune|p2a: Talonflame\n|-supereffective|p1a: Klefki\n|-crit|p1a: Klefki\n|-damage|p1a: Klefki|0 fnt\n|-damage|p1b: Dondozo|72\/100\n|faint|p1a: Klefki\n|move|p1b: Dondozo|Curse|p1b: Dondozo\n|-unboost|p1b: Dondozo|spe|1\n|-boost|p1b: Dondozo|atk|1\n|-boost|p1b: Dondozo|def|1\n|\n|-damage|p2a: Talonflame|59\/100 tox|[from] psn\n|upkeep\n|\n|t:|1695247394\n|switch|p1a: Serperior|Serperior, M|100\/100\n|turn|6\n|\n|t:|1695247406\n|switch|p2b: Chansey|Chansey, F|100\/100\n|move|p2a: Talonflame|Flare Blitz|p1a: Serperior\n|-supereffective|p1a: Serperior\n|-crit|p1a: Serperior\n|-damage|p1a: Serperior|0 fnt\n|faint|p1a: Serperior\n|-damage|p2a: Talonflame|30\/100 tox|[from] Recoil\n|move|p1b: Dondozo|Wave Crash|p2a: Talonflame\n|-supereffective|p2a: Talonflame\n|-damage|p2a: Talonflame|0 fnt\n|faint|p2a: Talonflame\n|-damage|p1b: Dondozo|65\/100|[from] Recoil\n|\n|upkeep\n|\n|t:|1695247420\n|switch|p2a: Sinistcha|Sinistcha|100\/100\n|switch|p1a: Appletun|Appletun, F|100\/100\n|turn|7\n|\n|t:|1695247433\n|move|p2a: Sinistcha|Matcha Gotcha|p1a: Appletun|[spread] p1a,p1b\n|-resisted|p1a: Appletun\n|-supereffective|p1b: Dondozo\n|-damage|p1a: Appletun|97\/100\n|-damage|p1b: Dondozo|29\/100\n|-status|p1a: Appletun|brn\n|move|p2b: Chansey|Toxic||[still]\n|-fail|p2b: Chansey\n|move|p1a: Appletun|Leech Seed|p2b: Chansey\n|-start|p2b: Chansey|move: Leech Seed\n|move|p1b: Dondozo|Body Press|p2b: Chansey\n|-supereffective|p2b: Chansey\n|-damage|p2b: Chansey|25\/100\n|\n|-heal|p1a: Appletun|100\/100 brn|[from] item: Leftovers\n|-damage|p2b: Chansey|13\/100|[from] Leech Seed|[of] p1a: Appletun\n|-damage|p1a: Appletun|94\/100 brn|[from] brn\n|-sideend|p2: kingspeed51|move: Tailwind\n|upkeep\n|turn|8\n|\n|t:|1695247460\n|switch|p2b: Metagross|Metagross, tera:Ground|100\/100\n|move|p2a: Sinistcha|Matcha Gotcha|p1b: Dondozo|[spread] p1a,p1b\n|-resisted|p1a: Appletun\n|-supereffective|p1b: Dondozo\n|-damage|p1a: Appletun|91\/100 brn\n|-damage|p1b: Dondozo|0 fnt\n|faint|p1b: Dondozo\n|move|p1a: Appletun|Dragon Pulse|p2b: Metagross\n|-damage|p2b: Metagross|63\/100\n|\n|-heal|p1a: Appletun|97\/100 brn|[from] item: Leftovers\n|-damage|p1a: Appletun|91\/100 brn|[from] brn\n|-sideend|p1: Asanaquarian|Reflect\n|upkeep\n|turn|9\n|\n|t:|1695247476\n|move|p2b: Metagross|Ice Punch|p1a: Appletun\n|-supereffective|p1a: Appletun\n|-damage|p1a: Appletun|40\/100 brn\n|move|p2a: Sinistcha|Shadow Ball|p1a: Appletun\n|-damage|p1a: Appletun|25\/100 brn\n|move|p1a: Appletun|Giga Drain|p2b: Metagross\n|-supereffective|p2b: Metagross\n|-damage|p2b: Metagross|0 fnt\n|-heal|p1a: Appletun|47\/100 brn|[from] drain|[of] p2b: Metagross\n|faint|p2b: Metagross\n|\n|-heal|p1a: Appletun|53\/100 brn|[from] item: Leftovers\n|-damage|p1a: Appletun|47\/100 brn|[from] brn\n|upkeep\n|\n|t:|1695247489\n|switch|p2b: Chansey|Chansey, F|13\/100\n|turn|10\n|\n|t:|1695247501\n|-terastallize|p1a: Appletun|Steel\n|move|p2a: Sinistcha|Shadow Ball|p1a: Appletun\n|-damage|p1a: Appletun|32\/100 brn\n|move|p2b: Chansey|Seismic Toss|p1a: Appletun\n|-damage|p1a: Appletun|9\/100 brn\n|move|p1a: Appletun|Giga Drain|p2b: Chansey\n|-damage|p2b: Chansey|5\/100\n|-heal|p1a: Appletun|15\/100 brn|[from] drain|[of] p2b: Chansey\n|\n|-heal|p1a: Appletun|22\/100 brn|[from] item: Leftovers\n|-damage|p1a: Appletun|15\/100 brn|[from] brn\n|upkeep\n|turn|11\n|c|\u2606Asanaquarian|gg\n|\n|t:|1695247527\n|move|p2a: Sinistcha|Shadow Ball|p1a: Appletun\n|-damage|p1a: Appletun|1\/100 brn\n|move|p2b: Chansey|Seismic Toss|p1a: Appletun\n|-damage|p1a: Appletun|0 fnt\n|faint|p1a: Appletun\n|\n|win|kingspeed51\n|raw|Asanaquarian's rating: 1107 &rarr; <strong>1083<\/strong><br \/>(-24 for losing)\n|raw|kingspeed51's rating: 1118 &rarr; <strong>1142<\/strong><br \/>(+24 for winning)\n|c|\u2606kingspeed51|gg\n|l|\u2606Asanaquarian\n","uploadtime":1695247540,"views":7,"p1id":"asanaquarian","p2id":"kingspeed51","formatid":"gen9nationaldexdoubles","rating":1083,"private":0,"password":""}