{"id":"gen9nationaldexdoubles-1965111444","p1":"Draggy Gutsfree","p2":"cyndaquilrockz","format":"[Gen 9] National Dex Doubles","log":"|j|\u2606Draggy Gutsfree\n|j|\u2606cyndaquilrockz\n|t:|1697043382\n|gametype|doubles\n|player|p1|Draggy Gutsfree|roxie|\n|player|p2|cyndaquilrockz|pokemonranger-gen4|\n|teamsize|p1|6\n|teamsize|p2|6\n|gen|9\n|tier|[Gen 9] National Dex Doubles\n|rule|HP Percentage Mod: HP is shown in percentages\n|rule|Endless Battle Clause: Forcing endless battles is banned\n|rule|OHKO Clause: OHKO moves are banned\n|rule|Evasion Moves Clause: Evasion moves are banned\n|rule|Evasion Abilities Clause: Evasion abilities are banned\n|rule|Species Clause: Limit one of each Pok\u00e9mon\n|rule|Gravity Sleep Clause: The combination of sleep-inducing moves with imperfect accuracy and Gravity or Gigantamax Orbeetle are banned\n|clearpoke\n|poke|p1|Sinistcha-Masterpiece|\n|poke|p1|Grimmsnarl, M|\n|poke|p1|Goodra-Hisui, F|\n|poke|p1|Darmanitan, F|\n|poke|p1|Gengar, M|\n|poke|p1|Glimmora, F|\n|poke|p2|Pincurchin, F|\n|poke|p2|Iron Leaves|\n|poke|p2|Iron Bundle|\n|poke|p2|Ribombee, F|\n|poke|p2|Slowking-Galar, F|\n|poke|p2|Braviary-Hisui, M|\n|teampreview\n|\n|t:|1697043396\n|start\n|switch|p1a: Bricked Up|Grimmsnarl, M, shiny|100\/100\n|switch|p1b: Glimmora|Glimmora, F|100\/100\n|switch|p2a: Braviary|Braviary-Hisui, M, shiny|100\/100\n|switch|p2b: Slowking|Slowking-Galar, F|100\/100\n|turn|1\n|\n|t:|1697043409\n|move|p1a: Bricked Up|Light Screen|p1a: Bricked Up\n|-sidestart|p1: Draggy Gutsfree|move: Light Screen\n|move|p1b: Glimmora|Stealth Rock|p2a: Braviary\n|-sidestart|p2: cyndaquilrockz|move: Stealth Rock\n|move|p2a: Braviary|Calm Mind|p2a: Braviary\n|-boost|p2a: Braviary|spa|1\n|-boost|p2a: Braviary|spd|1\n|move|p2b: Slowking|Sludge Bomb|p1a: Bricked Up\n|-supereffective|p1a: Bricked Up\n|-damage|p1a: Bricked Up|47\/100\n|-status|p1a: Bricked Up|psn\n|\n|-damage|p1a: Bricked Up|35\/100 psn|[from] psn\n|upkeep\n|turn|2\n|\n|t:|1697043427\n|move|p1a: Bricked Up|Reflect|p1a: Bricked Up\n|-sidestart|p1: Draggy Gutsfree|Reflect\n|move|p1b: Glimmora|Power Gem|p2a: Braviary\n|-supereffective|p2a: Braviary\n|-damage|p2a: Braviary|45\/100\n|move|p2a: Braviary|Esper Wing|p1b: Glimmora\n|-supereffective|p1b: Glimmora\n|-enditem|p1b: Glimmora|Focus Sash\n|-damage|p1b: Glimmora|1\/100\n|-boost|p2a: Braviary|spe|1\n|move|p2b: Slowking|Heal Pulse|p2a: Braviary\n|-heal|p2a: Braviary|95\/100\n|\n|-damage|p1a: Bricked Up|23\/100 psn|[from] psn\n|upkeep\n|turn|3\n|\n|t:|1697043451\n|move|p1a: Bricked Up|Taunt|p2b: Slowking\n|-start|p2b: Slowking|move: Taunt\n|move|p1b: Glimmora|Power Gem|p2a: Braviary\n|-supereffective|p2a: Braviary\n|-damage|p2a: Braviary|33\/100\n|move|p2a: Braviary|Defog|p1b: Glimmora\n|-unboost|p1b: Glimmora|evasion|1\n|-sideend|p1: Draggy Gutsfree|Reflect\n|-sideend|p1: Draggy Gutsfree|move: Light Screen\n|-sideend|p2: cyndaquilrockz|Stealth Rock|[from] move: Defog|[of] p2a: Braviary\n|move|p2b: Slowking|Sludge Bomb|p1b: Glimmora\n|-resisted|p1b: Glimmora\n|-damage|p1b: Glimmora|0 fnt\n|faint|p1b: Glimmora\n|\n|-damage|p1a: Bricked Up|10\/100 psn|[from] psn\n|upkeep\n|\n|t:|1697043474\n|switch|p1b: Gengar|Gengar, M|100\/100\n|turn|4\n|\n|t:|1697043484\n|move|p1a: Bricked Up|Light Screen|p1a: Bricked Up\n|-sidestart|p1: Draggy Gutsfree|move: Light Screen\n|move|p1b: Gengar|Shadow Ball|p2b: Slowking\n|-supereffective|p2b: Slowking\n|-damage|p2b: Slowking|22\/100\n|move|p2a: Braviary|Esper Wing|p1b: Gengar\n|-supereffective|p1b: Gengar\n|-damage|p1b: Gengar|0 fnt\n|-boost|p2a: Braviary|spe|1\n|faint|p1b: Gengar\n|move|p2b: Slowking|Sludge Bomb|p1a: Bricked Up\n|-supereffective|p1a: Bricked Up\n|-damage|p1a: Bricked Up|0 fnt\n|faint|p1a: Bricked Up\n|\n|-heal|p2b: Slowking|28\/100|[from] item: Leftovers\n|upkeep\n|\n|t:|1697043505\n|switch|p1b: Darmanitan|Darmanitan, F|100\/100\n|switch|p1a: Goodra|Goodra-Hisui, F|100\/100\n|turn|5\n|\n|t:|1697043526\n|move|p2a: Braviary|Hurricane|p1a: Goodra\n|-resisted|p1a: Goodra\n|-damage|p1a: Goodra|66\/100\n|-start|p1a: Goodra|confusion\n|move|p1b: Darmanitan|Rock Slide|p2b: Slowking|[spread] p2a,p2b\n|-supereffective|p2a: Braviary\n|-damage|p2a: Braviary|0 fnt\n|-damage|p2b: Slowking|0 fnt\n|faint|p2a: Braviary\n|faint|p2b: Slowking\n|-activate|p1a: Goodra|confusion\n|-damage|p1a: Goodra|59\/100|[from] confusion\n|\n|upkeep\n|\n|t:|1697043533\n|switch|p2a: La Creatura|Pincurchin, F|100\/100\n|switch|p2b: Iron Leaves|Iron Leaves|100\/100\n|-fieldstart|move: Electric Terrain|[from] ability: Electric Surge|[of] p2a: La Creatura\n|-activate|p2b: Iron Leaves|ability: Quark Drive\n|-start|p2b: Iron Leaves|quarkdriveatk\n|turn|6\n|\n|t:|1697043545\n|move|p2b: Iron Leaves|Close Combat|p1a: Goodra\n|-supereffective|p1a: Goodra\n|-damage|p1a: Goodra|0 fnt\n|-unboost|p2b: Iron Leaves|def|1\n|-unboost|p2b: Iron Leaves|spd|1\n|-damage|p2b: Iron Leaves|84\/100|[from] item: Rocky Helmet|[of] p1a: Goodra\n|faint|p1a: Goodra\n|-damage|p2b: Iron Leaves|74\/100|[from] item: Life Orb\n|move|p1b: Darmanitan|Flare Blitz|p2b: Iron Leaves\n|-supereffective|p2b: Iron Leaves\n|-damage|p2b: Iron Leaves|0 fnt\n|faint|p2b: Iron Leaves\n|-end|p2b: Iron Leaves|Quark Drive|[silent]\n|-damage|p1b: Darmanitan|80\/100|[from] Recoil\n|move|p2a: La Creatura|Rising Voltage|p1b: Darmanitan\n|-hint|Rising Voltage's BP doubled on grounded target.\n|-damage|p1b: Darmanitan|26\/100\n|\n|upkeep\n|\n|t:|1697043560\n|switch|p2b: Iron Bundle|Iron Bundle|100\/100\n|switch|p1a: NiceToMatcha|Sinistcha-Masterpiece|100\/100\n|-activate|p2b: Iron Bundle|ability: Quark Drive\n|-start|p2b: Iron Bundle|quarkdrivespe\n|-heal|p1b: Darmanitan|51\/100|[from] ability: Hospitality|[of] p1a: NiceToMatcha\n|turn|7\n|\n|t:|1697043582\n|move|p2b: Iron Bundle|Flip Turn|p1b: Darmanitan\n|-supereffective|p1b: Darmanitan\n|-damage|p1b: Darmanitan|4\/100\n|\n|t:|1697043585\n|-end|p2b: Iron Bundle|Quark Drive|[silent]\n|switch|p2b: Ribombee|Ribombee, F|100\/100|[from] Flip Turn\n|move|p1b: Darmanitan|Superpower|p2b: Ribombee\n|-resisted|p2b: Ribombee\n|-damage|p2b: Ribombee|75\/100\n|-unboost|p1b: Darmanitan|atk|1\n|-unboost|p1b: Darmanitan|def|1\n|-damage|p1b: Darmanitan|0 fnt|[from] item: Life Orb\n|faint|p1b: Darmanitan\n|move|p1a: NiceToMatcha|Matcha Gotcha|p2b: Ribombee|[spread] p2a,p2b\n|-resisted|p2b: Ribombee\n|-damage|p2a: La Creatura|62\/100\n|-damage|p2b: Ribombee|55\/100\n|move|p2a: La Creatura|Rising Voltage|p1a: NiceToMatcha\n|-hint|Rising Voltage's BP doubled on grounded target.\n|-resisted|p1a: NiceToMatcha\n|-damage|p1a: NiceToMatcha|76\/100\n|\n|-heal|p1a: NiceToMatcha|82\/100|[from] item: Leftovers\n|upkeep\n|turn|8\n|\n|t:|1697043601\n|move|p2a: La Creatura|Sucker Punch|p1a: NiceToMatcha\n|-supereffective|p1a: NiceToMatcha\n|-damage|p1a: NiceToMatcha|47\/100\n|move|p2b: Ribombee|Pollen Puff|p1a: NiceToMatcha\n|-damage|p1a: NiceToMatcha|24\/100\n|move|p1a: NiceToMatcha|Shadow Ball|p2b: Ribombee\n|-damage|p2b: Ribombee|0 fnt\n|faint|p2b: Ribombee\n|\n|-heal|p1a: NiceToMatcha|30\/100|[from] item: Leftovers\n|upkeep\n|\n|t:|1697043603\n|switch|p2b: Iron Bundle|Iron Bundle|100\/100\n|-activate|p2b: Iron Bundle|ability: Quark Drive\n|-start|p2b: Iron Bundle|quarkdrivespe\n|turn|9\n|\n|t:|1697043617\n|move|p2a: La Creatura|Sucker Punch|p1a: NiceToMatcha\n|-supereffective|p1a: NiceToMatcha\n|-damage|p1a: NiceToMatcha|0 fnt\n|faint|p1a: NiceToMatcha\n|\n|win|cyndaquilrockz\n","uploadtime":1697043623,"views":15,"p1id":"draggygutsfree","p2id":"cyndaquilrockz","formatid":"gen9nationaldexdoubles","rating":0,"private":0,"password":""}