{"id":"gen9nationaldexdoubles-1984775856","p1":"lopover6552","p2":"hopffb","format":"[Gen 9] National Dex Doubles","log":"|j|\u2606lopover6552\n|j|\u2606hopffb\n|t:|1699298054\n|gametype|doubles\n|player|p1|lopover6552|265|1048\n|player|p2|hopffb|skier|1000\n|teamsize|p1|6\n|teamsize|p2|6\n|gen|9\n|tier|[Gen 9] National Dex Doubles\n|rated|\n|rule|HP Percentage Mod: HP is shown in percentages\n|rule|Endless Battle Clause: Forcing endless battles is banned\n|rule|OHKO Clause: OHKO moves are banned\n|rule|Evasion Moves Clause: Evasion moves are banned\n|rule|Evasion Abilities Clause: Evasion abilities are banned\n|rule|Species Clause: Limit one of each Pok\u00e9mon\n|rule|Gravity Sleep Clause: The combination of sleep-inducing moves with imperfect accuracy and Gravity or Gigantamax Orbeetle are banned\n|clearpoke\n|poke|p1|Oricorio-Pom-Pom, F|\n|poke|p1|Delphox, F|\n|poke|p1|Sylveon, M|\n|poke|p1|Ursaluna, M|\n|poke|p1|Barraskewda, F|\n|poke|p1|Tornadus, M|\n|poke|p2|Dusclops, M|\n|poke|p2|Gothitelle, M|\n|poke|p2|Kommo-o, F|\n|poke|p2|Corviknight, M|\n|poke|p2|Sylveon, M|\n|poke|p2|Carracosta, F|\n|teampreview\n|\n|t:|1699298100\n|start\n|switch|p1a: Oricorio|Oricorio-Pom-Pom, F|100\/100\n|switch|p1b: Delphox|Delphox, F|100\/100\n|switch|p2a: Carracosta|Carracosta, F|100\/100\n|switch|p2b: Kommo-o|Kommo-o, F|100\/100\n|turn|1\n|\n|t:|1699298137\n|switch|p2b: Dusclops|Dusclops, M|100\/100\n|-item|p1a: Oricorio|Focus Sash|[from] ability: Frisk|[of] p2b: Dusclops|[identify]\n|-item|p1b: Delphox|Figy Berry|[from] ability: Frisk|[of] p2b: Dusclops|[identify]\n|move|p1b: Delphox|Role Play|p1a: Oricorio\n|-endability|p1b: Delphox|Blaze|[from] move: Role Play\n|-ability|p1b: Delphox|Dancer|[from] move: Role Play|[of] p1a: Oricorio\n|move|p1a: Oricorio|Quiver Dance|p1a: Oricorio\n|-boost|p1a: Oricorio|spa|1\n|-boost|p1a: Oricorio|spd|1\n|-boost|p1a: Oricorio|spe|1\n|-activate|p1b: Delphox|ability: Dancer\n|move|p1b: Delphox|Quiver Dance|p1b: Delphox|[from]ability: Dancer\n|-boost|p1b: Delphox|spa|1\n|-boost|p1b: Delphox|spd|1\n|-boost|p1b: Delphox|spe|1\n|move|p2a: Carracosta|Shell Smash|p2a: Carracosta\n|-unboost|p2a: Carracosta|def|1\n|-unboost|p2a: Carracosta|spd|1\n|-boost|p2a: Carracosta|atk|2\n|-boost|p2a: Carracosta|spa|2\n|-boost|p2a: Carracosta|spe|2\n|-enditem|p2a: Carracosta|White Herb\n|-clearnegativeboost|p2a: Carracosta|[silent]\n|\n|upkeep\n|turn|2\n|inactive|Battle timer is ON: inactive players will automatically lose when time's up. (requested by lopover6552)\n|\n|t:|1699298203\n|move|p1b: Delphox|Toxic|p2a: Carracosta\n|-status|p2a: Carracosta|tox\n|move|p1a: Oricorio|Quiver Dance|p1a: Oricorio\n|-boost|p1a: Oricorio|spa|1\n|-boost|p1a: Oricorio|spd|1\n|-boost|p1a: Oricorio|spe|1\n|-activate|p1b: Delphox|ability: Dancer\n|move|p1b: Delphox|Quiver Dance|p1b: Delphox|[from]ability: Dancer\n|-boost|p1b: Delphox|spa|1\n|-boost|p1b: Delphox|spd|1\n|-boost|p1b: Delphox|spe|1\n|move|p2a: Carracosta|Liquidation|p1b: Delphox\n|-supereffective|p1b: Delphox\n|-damage|p1b: Delphox|0 fnt\n|faint|p1b: Delphox\n|move|p2b: Dusclops|Disable|p1a: Oricorio\n|-start|p1a: Oricorio|Disable|Quiver Dance\n|\n|-damage|p2a: Carracosta|94\/100 tox|[from] psn\n|upkeep\n|\n|t:|1699298217\n|switch|p1b: Barraskewda|Barraskewda, F|100\/100\n|turn|3\n|inactive|hopffb has 120 seconds left.\n|inactive|hopffb has 90 seconds left.\n|\n|t:|1699298279\n|move|p2a: Carracosta|Aqua Jet|p1a: Oricorio\n|-damage|p1a: Oricorio|66\/100\n|move|p1a: Oricorio|Baton Pass|p1a: Oricorio\n|\n|t:|1699298298\n|switch|p1a: Sylveon|Sylveon, M|100\/100|[from] Baton Pass\n|move|p1b: Barraskewda|Acupressure|p1a: Sylveon\n|-boost|p1a: Sylveon|spd|2\n|move|p2b: Dusclops|Trick Room|p2b: Dusclops\n|-fieldstart|move: Trick Room|[of] p2b: Dusclops\n|\n|-damage|p2a: Carracosta|82\/100 tox|[from] psn\n|upkeep\n|turn|4\n|\n|t:|1699298325\n|-terastallize|p1a: Sylveon|Fairy\n|move|p2b: Dusclops|Toxic|p1b: Barraskewda\n|-status|p1b: Barraskewda|tox\n|move|p2a: Carracosta|Liquidation|p1a: Sylveon\n|-damage|p1a: Sylveon|16\/100\n|-enditem|p1a: Sylveon|Mago Berry|[eat]\n|-heal|p1a: Sylveon|49\/100|[from] item: Mago Berry\n|move|p1a: Sylveon|Hyper Voice|p2b: Dusclops|[spread] p2a,p2b\n|-crit|p2b: Dusclops\n|-damage|p2a: Carracosta|0 fnt\n|-damage|p2b: Dusclops|6\/100\n|faint|p2a: Carracosta\n|move|p1b: Barraskewda|Acupressure|p1a: Sylveon\n|-boost|p1a: Sylveon|spe|2\n|\n|-damage|p1b: Barraskewda|94\/100 tox|[from] psn\n|upkeep\n|inactive|hopffb has 90 seconds left.\n|\n|t:|1699298360\n|switch|p2a: Sylveon|Sylveon, M|100\/100\n|turn|5\n|\n|t:|1699298375\n|move|p2b: Dusclops|Disable|p1a: Sylveon\n|-start|p1a: Sylveon|Disable|Hyper Voice\n|move|p2a: Sylveon|Psych Up|p1a: Sylveon\n|-copyboost|p2a: Sylveon|p1a: Sylveon|[from] move: Psych Up\n|move|p1b: Barraskewda|Acupressure|p1a: Sylveon\n|-boost|p1a: Sylveon|spd|2\n|cant|p1a: Sylveon|Disable|Hyper Voice\n|\n|-damage|p1b: Barraskewda|82\/100 tox|[from] psn\n|upkeep\n|turn|6\n|inactive|hopffb has 90 seconds left.\n|inactive|lopover6552 has 120 seconds left.\n|\n|t:|1699298410\n|move|p2b: Dusclops|Pain Split|p1b: Barraskewda\n|-sethp|p1b: Barraskewda|43\/100 tox|[from] move: Pain Split|[silent]\n|-sethp|p2b: Dusclops|51\/100|[from] move: Pain Split\n|move|p2a: Sylveon|Hyper Voice|p1a: Sylveon|[spread] p1a,p1b\n|-damage|p1a: Sylveon|33\/100\n|-damage|p1b: Barraskewda|0 fnt\n|faint|p1b: Barraskewda\n|move|p1a: Sylveon|Draining Kiss|p2b: Dusclops\n|-damage|p2b: Dusclops|9\/100\n|-heal|p1a: Sylveon|51\/100|[from] drain|[of] p2b: Dusclops\n|\n|upkeep\n|inactive|lopover6552 has 120 seconds left.\n|\n|t:|1699298421\n|switch|p1b: Tornadus|Tornadus, M|100\/100\n|turn|7\n|\n|t:|1699298431\n|move|p2b: Dusclops|Toxic|p1a: Sylveon\n|-status|p1a: Sylveon|tox\n|move|p1b: Tornadus|Bleakwind Storm|p2a: Sylveon|[spread] p2a,p2b\n|-damage|p2a: Sylveon|92\/100\n|-damage|p2b: Dusclops|0 fnt\n|faint|p2b: Dusclops\n|move|p2a: Sylveon|Hyper Voice|p1a: Sylveon|[spread] p1a,p1b\n|-crit|p1b: Tornadus\n|-damage|p1a: Sylveon|35\/100 tox\n|-damage|p1b: Tornadus|0 fnt\n|faint|p1b: Tornadus\n|move|p1a: Sylveon|Draining Kiss|p2a: Sylveon\n|-damage|p2a: Sylveon|77\/100\n|-heal|p1a: Sylveon|46\/100 tox|[from] drain|[of] p2a: Sylveon\n|\n|-damage|p1a: Sylveon|40\/100 tox|[from] psn\n|-fieldend|move: Trick Room\n|upkeep\n|inactive|hopffb has 120 seconds left.\n|\n|t:|1699298466\n|switch|p1b: Ursaluna|Ursaluna, M|100\/100\n|switch|p2b: Gothitelle|Gothitelle, M|100\/100\n|turn|8\n|inactive|hopffb has 120 seconds left.\n|\n|t:|1699298481\n|move|p1a: Sylveon|Draining Kiss|p2b: Gothitelle\n|-damage|p2b: Gothitelle|28\/100\n|-heal|p1a: Sylveon|79\/100 tox|[from] drain|[of] p2b: Gothitelle\n|move|p2a: Sylveon|Hyper Voice|p1a: Sylveon|[spread] p1a,p1b\n|-damage|p1a: Sylveon|64\/100 tox\n|-damage|p1b: Ursaluna|10\/100\n|move|p1b: Ursaluna|Swords Dance|p1b: Ursaluna\n|-boost|p1b: Ursaluna|atk|2\n|move|p2b: Gothitelle|Psych Up|p1a: Sylveon\n|-copyboost|p2b: Gothitelle|p1a: Sylveon|[from] move: Psych Up\n|\n|-heal|p2b: Gothitelle|34\/100|[from] item: Leftovers\n|-damage|p1a: Sylveon|52\/100 tox|[from] psn\n|-end|p1a: Sylveon|Disable\n|-status|p1b: Ursaluna|brn|[from] item: Flame Orb\n|upkeep\n|turn|9\n|inactive|hopffb has 120 seconds left.\n|\n|t:|1699298507\n|move|p2a: Sylveon|Quick Attack|p1b: Ursaluna\n|-damage|p1b: Ursaluna|1\/100 brn\n|move|p1a: Sylveon|Hyper Voice|p2b: Gothitelle|[spread] p2a,p2b\n|-damage|p2a: Sylveon|56\/100\n|-damage|p2b: Gothitelle|12\/100\n|move|p2b: Gothitelle|Stored Power|p1a: Sylveon\n|-damage|p1a: Sylveon|22\/100 tox\n|move|p1b: Ursaluna|Facade|p2a: Sylveon\n|-damage|p2a: Sylveon|0 fnt\n|faint|p2a: Sylveon\n|\n|-heal|p2b: Gothitelle|18\/100|[from] item: Leftovers\n|-damage|p1a: Sylveon|3\/100 tox|[from] psn\n|-damage|p1b: Ursaluna|0 fnt|[from] brn\n|faint|p1b: Ursaluna\n|upkeep\n|inactive|hopffb has 120 seconds left.\n|\n|t:|1699298531\n|switch|p1b: Oricorio|Oricorio-Pom-Pom, F|66\/100\n|switch|p2a: Kommo-o|Kommo-o, F|100\/100\n|turn|10\n|inactive|hopffb has 120 seconds left.\n|\n|t:|1699298554\n|move|p1a: Sylveon|Hyper Voice|p2b: Gothitelle|[spread] p2a,p2b\n|-supereffective|p2a: Kommo-o\n|-damage|p2a: Kommo-o|0 fnt\n|-damage|p2b: Gothitelle|0 fnt\n|faint|p2a: Kommo-o\n|faint|p2b: Gothitelle\n|move|p1b: Oricorio|Air Cutter|p2: Kommo-o|[notarget]\n|-fail|p1b: Oricorio\n|\n|-damage|p1a: Sylveon|0 fnt|[from] psn\n|faint|p1a: Sylveon\n|upkeep\n|inactive|hopffb has 120 seconds left.\n|\n|t:|1699298565\n|switch|p2b: Corviknight|Corviknight, M|100\/100\n|turn|11\n|\n|t:|1699298581\n|move|p1b: Oricorio|Air Cutter|p2b: Corviknight\n|-resisted|p2b: Corviknight\n|-damage|p2b: Corviknight|92\/100\n|move|p2b: Corviknight|Bulk Up|p2b: Corviknight\n|-boost|p2b: Corviknight|atk|1\n|-boost|p2b: Corviknight|def|1\n|\n|upkeep\n|turn|12\n|\n|t:|1699298588\n|move|p1b: Oricorio|Quiver Dance|p1b: Oricorio\n|-boost|p1b: Oricorio|spa|1\n|-boost|p1b: Oricorio|spd|1\n|-boost|p1b: Oricorio|spe|1\n|move|p2b: Corviknight|Bulk Up|p2b: Corviknight\n|-boost|p2b: Corviknight|atk|1\n|-boost|p2b: Corviknight|def|1\n|\n|upkeep\n|turn|13\n|\n|t:|1699298604\n|move|p1b: Oricorio|Quiver Dance|p1b: Oricorio\n|-boost|p1b: Oricorio|spa|1\n|-boost|p1b: Oricorio|spd|1\n|-boost|p1b: Oricorio|spe|1\n|move|p2b: Corviknight|Brave Bird|p1b: Oricorio\n|-resisted|p1b: Oricorio\n|-damage|p1b: Oricorio|26\/100\n|-damage|p2b: Corviknight|78\/100|[from] Recoil\n|\n|upkeep\n|turn|14\n|\n|t:|1699298613\n|move|p1b: Oricorio|Air Cutter|p2b: Corviknight\n|-resisted|p2b: Corviknight\n|-damage|p2b: Corviknight|63\/100\n|move|p2b: Corviknight|Brave Bird|p1b: Oricorio\n|-resisted|p1b: Oricorio\n|-damage|p1b: Oricorio|0 fnt\n|faint|p1b: Oricorio\n|-damage|p2b: Corviknight|54\/100|[from] Recoil\n|\n|win|hopffb\n|raw|lopover6552's rating: 1048 &rarr; <strong>1028<\/strong><br \/>(-20 for losing)\n|raw|hopffb's rating: 1000 &rarr; <strong>1045<\/strong><br \/>(+45 for winning)\n|l|\u2606lopover6552\n","uploadtime":1699298629,"views":7,"p1id":"lopover6552","p2id":"hopffb","formatid":"gen9nationaldexdoubles","rating":1028,"private":0,"password":""}