{"id":"gen9nationaldexdoubles-1975134214","p1":"AltoMandoDan","p2":"hanagakiUBD","format":"[Gen 9] National Dex Doubles","log":"|j|\u2606AltoMandoDan\n|j|\u2606hanagakiUBD\n|t:|1698164552\n|gametype|doubles\n|player|p1|AltoMandoDan|cynthia|\n|player|p2|hanagakiUBD|iris-gen5bw2|\n|teamsize|p1|6\n|teamsize|p2|6\n|gen|9\n|tier|[Gen 9] National Dex Doubles\n|rule|HP Percentage Mod: HP is shown in percentages\n|rule|Endless Battle Clause: Forcing endless battles is banned\n|rule|OHKO Clause: OHKO moves are banned\n|rule|Evasion Moves Clause: Evasion moves are banned\n|rule|Evasion Abilities Clause: Evasion abilities are banned\n|rule|Species Clause: Limit one of each Pok\u00e9mon\n|rule|Gravity Sleep Clause: The combination of sleep-inducing moves with imperfect accuracy and Gravity or Gigantamax Orbeetle are banned\n|clearpoke\n|poke|p1|Mawile, F|\n|poke|p1|Togekiss, M|\n|poke|p1|Shiinotic, F|\n|poke|p1|Grimmsnarl, M|\n|poke|p1|Weezing-Galar, M|\n|poke|p1|Comfey, F|\n|poke|p2|Marshadow|\n|poke|p2|Urshifu-*, F|\n|poke|p2|Iron Valiant|\n|poke|p2|Kommo-o, F|\n|poke|p2|Zamazenta-*|\n|poke|p2|Sneasler, F|\n|teampreview\n|inactive|Battle timer is ON: inactive players will automatically lose when time's up. (requested by hanagakiUBD)\n|inactive|AltoMandoDan also wants the timer to be on.\n|c|\u2606hanagakiUBD|Main counter\n|c|\u2606AltoMandoDan|A caray\n|c|\u2606AltoMandoDan|Yo cre\u00ed que seguiamos en el.hada vs hada\n|inactive|AltoMandoDan has 270 seconds left.\n|c|\u2606hanagakiUBD|No xd\n|\n|t:|1698164593\n|start\n|switch|p1a: Grimmsnarl|Grimmsnarl, M|100\/100\n|switch|p1b: Weezing|Weezing-Galar, M|100\/100\n|switch|p2a: Sneasler|Sneasler, F|100\/100\n|switch|p2b: Kommo-o|Kommo-o, F|100\/100\n|-item|p2a: Sneasler|Air Balloon\n|-fieldstart|move: Misty Terrain|[from] ability: Misty Surge|[of] p1b: Weezing\n|turn|1\n|\n|t:|1698164608\n|move|p2a: Sneasler|Fake Out|p1b: Weezing\n|-damage|p1b: Weezing|87\/100\n|move|p1a: Grimmsnarl|Light Screen|p1a: Grimmsnarl\n|-sidestart|p1: AltoMandoDan|move: Light Screen\n|move|p2b: Kommo-o|Clangorous Soul|p2b: Kommo-o\n|-boost|p2b: Kommo-o|atk|1\n|-boost|p2b: Kommo-o|def|1\n|-boost|p2b: Kommo-o|spa|1\n|-boost|p2b: Kommo-o|spd|1\n|-boost|p2b: Kommo-o|spe|1\n|-damage|p2b: Kommo-o|68\/100\n|cant|p1b: Weezing|flinch\n|\n|-heal|p2b: Kommo-o|74\/100|[from] item: Leftovers\n|upkeep\n|turn|2\n|\n|t:|1698164619\n|move|p1a: Grimmsnarl|Reflect|p1a: Grimmsnarl\n|-sidestart|p1: AltoMandoDan|Reflect\n|move|p2b: Kommo-o|Flash Cannon|p1a: Grimmsnarl\n|-supereffective|p1a: Grimmsnarl\n|-damage|p1a: Grimmsnarl|49\/100\n|move|p2a: Sneasler|Swords Dance|p2a: Sneasler\n|-boost|p2a: Sneasler|atk|2\n|move|p1b: Weezing|Misty Explosion|p2b: Kommo-o|[spread] p1a,p2a,p2b\n|-supereffective|p1a: Grimmsnarl\n|-supereffective|p2b: Kommo-o\n|-damage|p1a: Grimmsnarl|0 fnt\n|-damage|p2a: Sneasler|39\/100\n|-damage|p2b: Kommo-o|0 fnt\n|-enditem|p2a: Sneasler|Air Balloon\n|faint|p1b: Weezing\n|faint|p1a: Grimmsnarl\n|faint|p2b: Kommo-o\n|\n|upkeep\n|c|\u2606hanagakiUBD|XDDDDDDDDDDDDDD\n|\n|t:|1698164640\n|switch|p2b: Urshifu|Urshifu-Rapid-Strike, F|100\/100\n|switch|p1b: Togekiss|Togekiss, M|100\/100\n|switch|p1a: Mawile|Mawile, F|100\/100\n|-ability|p1a: Mawile|Intimidate|boost\n|-unboost|p2a: Sneasler|atk|1\n|-unboost|p2b: Urshifu|atk|1\n|turn|3\n|\n|t:|1698164657\n|detailschange|p1a: Mawile|Mawile-Mega, F\n|-mega|p1a: Mawile|Mawile|Mawilite\n|move|p2a: Sneasler|Dire Claw|p1b: Togekiss\n|-supereffective|p1b: Togekiss\n|-damage|p1b: Togekiss|0 fnt\n|faint|p1b: Togekiss\n|move|p2b: Urshifu|Bulk Up|p2b: Urshifu\n|-boost|p2b: Urshifu|atk|1\n|-boost|p2b: Urshifu|def|1\n|move|p1a: Mawile|Play Rough|p2a: Sneasler\n|-damage|p2a: Sneasler|0 fnt\n|faint|p2a: Sneasler\n|\n|upkeep\n|\n|t:|1698164675\n|switch|p2a: Marshadow|Marshadow|100\/100\n|switch|p1b: Shiinotic|Shiinotic, F|100\/100\n|turn|4\n|\n|t:|1698164687\n|move|p2a: Marshadow|Bulk Up|p2a: Marshadow\n|-boost|p2a: Marshadow|atk|1\n|-boost|p2a: Marshadow|def|1\n|move|p2b: Urshifu|Bulk Up|p2b: Urshifu\n|-boost|p2b: Urshifu|atk|1\n|-boost|p2b: Urshifu|def|1\n|move|p1a: Mawile|Play Rough|p2b: Urshifu\n|-supereffective|p2b: Urshifu\n|-damage|p2b: Urshifu|12\/100\n|move|p1b: Shiinotic|Strength Sap|p2a: Marshadow\n|-unboost|p2a: Marshadow|atk|1\n|\n|-heal|p2b: Urshifu|18\/100|[from] item: Leftovers\n|upkeep\n|turn|5\n|\n|t:|1698164705\n|move|p1a: Mawile|Sucker Punch|p2b: Urshifu\n|-resisted|p2b: Urshifu\n|-damage|p2b: Urshifu|7\/100\n|move|p2a: Marshadow|Bulk Up|p2a: Marshadow\n|-boost|p2a: Marshadow|atk|1\n|-boost|p2a: Marshadow|def|1\n|move|p2b: Urshifu|Surging Strikes|p1a: Mawile\n|-crit|p1a: Mawile\n|-damage|p1a: Mawile|72\/100\n|-crit|p1a: Mawile\n|-damage|p1a: Mawile|43\/100\n|-crit|p1a: Mawile\n|-damage|p1a: Mawile|15\/100\n|-hitcount|p1a: Mawile|3\n|move|p1b: Shiinotic|Strength Sap|p2a: Marshadow\n|-unboost|p2a: Marshadow|atk|1\n|\n|-heal|p2b: Urshifu|13\/100|[from] item: Leftovers\n|upkeep\n|turn|6\n|\n|t:|1698164722\n|move|p2b: Urshifu|Aqua Jet|p1a: Mawile\n|-damage|p1a: Mawile|0 fnt\n|faint|p1a: Mawile\n|move|p2a: Marshadow|Bulk Up|p2a: Marshadow\n|-boost|p2a: Marshadow|atk|1\n|-boost|p2a: Marshadow|def|1\n|move|p1b: Shiinotic|Draining Kiss|p2b: Urshifu\n|-supereffective|p2b: Urshifu\n|-damage|p2b: Urshifu|0 fnt\n|faint|p2b: Urshifu\n|\n|upkeep\n|\n|t:|1698164732\n|switch|p2b: Zamazenta|Zamazenta|100\/100\n|switch|p1a: Comfey|Comfey, F|100\/100\n|-ability|p2b: Zamazenta|Dauntless Shield|boost\n|-boost|p2b: Zamazenta|def|1\n|turn|7\n|\n|t:|1698164742\n|move|p2b: Zamazenta|Psychic Fangs|p1a: Comfey\n|-sideend|p1: AltoMandoDan|Reflect\n|-sideend|p1: AltoMandoDan|move: Light Screen\n|-damage|p1a: Comfey|73\/100\n|move|p2a: Marshadow|Acrobatics|p1b: Shiinotic\n|-supereffective|p1b: Shiinotic\n|-damage|p1b: Shiinotic|0 fnt\n|faint|p1b: Shiinotic\n|move|p1a: Comfey|Flower Shield||[still]\n|-fail|p1a: Comfey\n|\n|upkeep\n|turn|8\n|-message|AltoMandoDan forfeited.\n|\n|win|hanagakiUBD\n|l|\u2606AltoMandoDan\n","uploadtime":1698164756,"views":8,"p1id":"altomandodan","p2id":"hanagakiubd","formatid":"gen9nationaldexdoubles","rating":0,"private":0,"password":""}