{"id":"gen9nationaldexdoubles-1961717374","p1":"Koge Takashii","p2":"Blue_MG","format":"[Gen 9] National Dex Doubles","log":"|j|\u2606Koge Takashii\n|j|\u2606Blue_MG\n|t:|1696657430\n|gametype|doubles\n|player|p1|Koge Takashii|brawly|1225\n|player|p2|Blue_MG|barry|1022\n|teamsize|p1|6\n|teamsize|p2|6\n|gen|9\n|tier|[Gen 9] National Dex Doubles\n|rated|\n|rule|HP Percentage Mod: HP is shown in percentages\n|rule|Endless Battle Clause: Forcing endless battles is banned\n|rule|OHKO Clause: OHKO moves are banned\n|rule|Evasion Moves Clause: Evasion moves are banned\n|rule|Evasion Abilities Clause: Evasion abilities are banned\n|rule|Species Clause: Limit one of each Pok\u00e9mon\n|rule|Gravity Sleep Clause: The combination of sleep-inducing moves with imperfect accuracy and Gravity or Gigantamax Orbeetle are banned\n|clearpoke\n|poke|p1|Gholdengo|\n|poke|p1|Volbeat, M|\n|poke|p1|Tropius, M|\n|poke|p1|Illumise, F|\n|poke|p1|Charizard, M|\n|poke|p1|Tyranitar, M|\n|poke|p2|Swampert, M|\n|poke|p2|Pelipper, M|\n|poke|p2|Kabutops, M|\n|poke|p2|Armaldo, M|\n|poke|p2|Kingdra, M|\n|poke|p2|Cradily, M|\n|teampreview\n|inactive|Battle timer is ON: inactive players will automatically lose when time's up. (requested by Blue_MG)\n|inactive|Koge Takashii has 120 seconds left.\n|\n|t:|1696657494\n|start\n|switch|p1a: Illumise|Illumise, F|100\/100\n|switch|p1b: Tropius|Tropius, M|100\/100\n|switch|p2a: Swampert|Swampert, M|100\/100\n|switch|p2b: Pelipper|Pelipper, M|100\/100\n|-weather|RainDance|[from] ability: Drizzle|[of] p2b: Pelipper\n|turn|1\n|inactive|Koge Takashii has 120 seconds left.\n|\n|t:|1696657541\n|switch|p1b: Volbeat|Volbeat, M, shiny|100\/100\n|detailschange|p2a: Swampert|Swampert-Mega, M\n|-mega|p2a: Swampert|Swampert|Swampertite\n|move|p1a: Illumise|Sunny Day|p1a: Illumise\n|-weather|SunnyDay\n|move|p2a: Swampert|Ice Punch|p1b: Volbeat\n|-damage|p1b: Volbeat|68\/100\n|-enditem|p1b: Volbeat|Red Card|[of] p2a: Swampert\n|drag|p2a: Armaldo|Armaldo, M|100\/100\n|move|p2b: Pelipper|Air Cutter|p1a: Illumise|[spread] p1a,p1b\n|-supereffective|p1a: Illumise\n|-supereffective|p1b: Volbeat\n|-damage|p1a: Illumise|70\/100\n|-damage|p1b: Volbeat|35\/100\n|-enditem|p1a: Illumise|Red Card|[of] p2b: Pelipper\n|drag|p2b: Swampert|Swampert-Mega, M|100\/100\n|\n|-weather|SunnyDay|[upkeep]\n|upkeep\n|turn|2\n|inactive|Koge Takashii has 120 seconds left.\n|inactive|Koge Takashii has 90 seconds left.\n|\n|t:|1696657585\n|switch|p2b: Pelipper|Pelipper, M|100\/100\n|-weather|RainDance|[from] ability: Drizzle|[of] p2b: Pelipper\n|move|p1a: Illumise|Sunny Day|p1a: Illumise\n|-weather|SunnyDay\n|move|p1b: Volbeat|Tailwind|p1b: Volbeat\n|-sidestart|p1: Koge Takashii|move: Tailwind\n|move|p2a: Armaldo|Rock Slide|p1a: Illumise|[spread] p1a\n|-miss|p2a: Armaldo|p1b: Volbeat\n|-supereffective|p1a: Illumise\n|-damage|p1a: Illumise|0 fnt\n|faint|p1a: Illumise\n|-damage|p2a: Armaldo|91\/100|[from] item: Life Orb\n|\n|-weather|SunnyDay|[upkeep]\n|upkeep\n|inactive|Koge Takashii has 90 seconds left.\n|\n|t:|1696657604\n|switch|p1a: Tropius|Tropius, M|100\/100\n|turn|3\n|inactive|Koge Takashii has 90 seconds left.\n|inactive|Koge Takashii has 60 seconds left.\n|\n|t:|1696657652\n|-terastallize|p1a: Tropius|Dragon\n|move|p1b: Volbeat|U-turn|p2a: Armaldo\n|-damage|p2a: Armaldo|65\/100\n|inactive|Koge Takashii has 60 seconds left.\n|\n|t:|1696657659\n|switch|p1b: Gholdengo|Gholdengo, shiny|100\/100|[from] U-turn\n|move|p1a: Tropius|Solar Beam||[still]\n|-prepare|p1a: Tropius|Solar Beam\n|-anim|p1a: Tropius|Solar Beam|p2b: Pelipper\n|-damage|p2b: Pelipper|0 fnt\n|faint|p2b: Pelipper\n|move|p2a: Armaldo|Rock Slide|p1a: Tropius|[spread] p1a,p1b\n|-resisted|p1b: Gholdengo\n|-crit|p1b: Gholdengo\n|-damage|p1a: Tropius|53\/100\n|-damage|p1b: Gholdengo|68\/100\n|-damage|p2a: Armaldo|55\/100|[from] item: Life Orb\n|\n|-weather|SunnyDay|[upkeep]\n|-damage|p1a: Tropius|41\/100|[from] ability: Solar Power|[of] p1a: Tropius\n|upkeep\n|inactive|Blue_MG has 120 seconds left.\n|\n|t:|1696657689\n|switch|p2b: Kingdra|Kingdra, M|100\/100\n|turn|4\n|inactive|Blue_MG has 120 seconds left.\n|\n|t:|1696657711\n|switch|p2a: Swampert|Swampert-Mega, M|100\/100\n|move|p1b: Gholdengo|Nasty Plot|p1b: Gholdengo\n|-boost|p1b: Gholdengo|spa|2\n|move|p1a: Tropius|Solar Beam||[still]\n|-prepare|p1a: Tropius|Solar Beam\n|-anim|p1a: Tropius|Solar Beam|p2b: Kingdra\n|-damage|p2b: Kingdra|0 fnt\n|faint|p2b: Kingdra\n|\n|-weather|SunnyDay|[upkeep]\n|-damage|p1a: Tropius|28\/100|[from] ability: Solar Power|[of] p1a: Tropius\n|upkeep\n|\n|t:|1696657728\n|switch|p2b: Cradily|Cradily, M|100\/100\n|turn|5\n|inactive|Koge Takashii has 90 seconds left.\n|\n|t:|1696657743\n|move|p1b: Gholdengo|Make It Rain|p2a: Swampert|[spread] p2a,p2b\n|-resisted|p2a: Swampert\n|-supereffective|p2b: Cradily\n|-damage|p2a: Swampert|53\/100\n|-damage|p2b: Cradily|0 fnt\n|-unboost|p1b: Gholdengo|spa|1\n|faint|p2b: Cradily\n|move|p1a: Tropius|Solar Beam||[still]\n|-prepare|p1a: Tropius|Solar Beam\n|-anim|p1a: Tropius|Solar Beam|p2a: Swampert\n|-supereffective|p2a: Swampert\n|-damage|p2a: Swampert|0 fnt\n|faint|p2a: Swampert\n|\n|-weather|SunnyDay|[upkeep]\n|-damage|p1a: Tropius|16\/100|[from] ability: Solar Power|[of] p1a: Tropius\n|-sideend|p1: Koge Takashii|move: Tailwind\n|upkeep\n|inactive|Blue_MG has 120 seconds left.\n|\n|t:|1696657760\n|switch|p2a: Kabutops|Kabutops, M|100\/100\n|switch|p2b: Armaldo|Armaldo, M|55\/100\n|turn|6\n|inactive|Koge Takashii has 90 seconds left.\n|\n|t:|1696657791\n|move|p2a: Kabutops|Aqua Jet|p1a: Tropius\n|-resisted|p1a: Tropius\n|-damage|p1a: Tropius|10\/100\n|move|p2b: Armaldo|Aqua Jet|p1a: Tropius\n|-resisted|p1a: Tropius\n|-damage|p1a: Tropius|4\/100\n|-damage|p2b: Armaldo|46\/100|[from] item: Life Orb\n|move|p1b: Gholdengo|Make It Rain|p2b: Armaldo|[spread] p2a,p2b\n|-supereffective|p2b: Armaldo\n|-enditem|p2a: Kabutops|Focus Sash\n|-damage|p2a: Kabutops|1\/100\n|-damage|p2b: Armaldo|0 fnt\n|-unboost|p1b: Gholdengo|spa|1\n|faint|p2b: Armaldo\n|move|p1a: Tropius|Solar Beam||[still]\n|-prepare|p1a: Tropius|Solar Beam\n|-anim|p1a: Tropius|Solar Beam|p2a: Kabutops\n|-supereffective|p2a: Kabutops\n|-damage|p2a: Kabutops|0 fnt\n|faint|p2a: Kabutops\n|\n|win|Koge Takashii\n|raw|Koge Takashii's rating: 1225 &rarr; <strong>1237<\/strong><br \/>(+12 for winning)\n|raw|Blue_MG's rating: 1022 &rarr; <strong>1016<\/strong><br \/>(-6 for losing)\n|l|\u2606Blue_MG\n","uploadtime":1696658146,"views":13,"p1id":"kogetakashii","p2id":"bluemg","formatid":"gen9nationaldexdoubles","rating":1016,"private":0,"password":""}