{"id":"gen9nationaldexdoubles-1971666487","p1":"Yu hung lo","p2":"Junky Dummy","format":"[Gen 9] National Dex Doubles","log":"|j|\u2606Yu hung lo\n|j|\u2606Junky Dummy\n|t:|1697758947\n|gametype|doubles\n|player|p1|Yu hung lo|janitor|1488\n|player|p2|Junky Dummy|266|1339\n|teamsize|p1|6\n|teamsize|p2|6\n|gen|9\n|tier|[Gen 9] National Dex Doubles\n|rated|\n|rule|HP Percentage Mod: HP is shown in percentages\n|rule|Endless Battle Clause: Forcing endless battles is banned\n|rule|OHKO Clause: OHKO moves are banned\n|rule|Evasion Moves Clause: Evasion moves are banned\n|rule|Evasion Abilities Clause: Evasion abilities are banned\n|rule|Species Clause: Limit one of each Pok\u00e9mon\n|rule|Gravity Sleep Clause: The combination of sleep-inducing moves with imperfect accuracy and Gravity or Gigantamax Orbeetle are banned\n|clearpoke\n|poke|p1|Mawile, F|\n|poke|p1|Grimmsnarl, M|\n|poke|p1|Incineroar, M|\n|poke|p1|Rillaboom, M|\n|poke|p1|Blastoise, F|\n|poke|p1|Dragapult, F|\n|poke|p2|Gothitelle, F|\n|poke|p2|Salamence, F|\n|poke|p2|Amoonguss, F|\n|poke|p2|Diancie|\n|poke|p2|Incineroar, F|\n|poke|p2|Ursaluna-Bloodmoon, M|\n|teampreview\n|inactive|Battle timer is ON: inactive players will automatically lose when time's up. (requested by Yu hung lo)\n|\n|t:|1697758980\n|start\n|switch|p1a: Grimmsnarl|Grimmsnarl, M|100\/100\n|switch|p1b: Incineroar|Incineroar, M|100\/100\n|switch|p2a: Diancie|Diancie, shiny|100\/100\n|switch|p2b: Incineroar|Incineroar, F|100\/100\n|-ability|p1b: Incineroar|Intimidate|boost\n|-fail|p2a: Diancie|unboost|[from] ability: Clear Body|[of] p2a: Diancie\n|-unboost|p2b: Incineroar|atk|1\n|-ability|p2b: Incineroar|Intimidate|boost\n|-unboost|p1a: Grimmsnarl|atk|1\n|-unboost|p1b: Incineroar|atk|1\n|turn|1\n|\n|t:|1697758992\n|move|p2b: Incineroar|Fake Out|p1a: Grimmsnarl\n|-damage|p1a: Grimmsnarl|94\/100\n|cant|p1a: Grimmsnarl|flinch\n|move|p1b: Incineroar|Parting Shot|p2b: Incineroar\n|-unboost|p2b: Incineroar|atk|1\n|-unboost|p2b: Incineroar|spa|1\n|\n|t:|1697759000\n|switch|p1b: Mawile|Mawile, F|100\/100|[from] Parting Shot\n|move|p2a: Diancie|Trick Room|p2a: Diancie\n|-fieldstart|move: Trick Room|[of] p2a: Diancie\n|\n|upkeep\n|turn|2\n|\n|t:|1697759027\n|detailschange|p1b: Mawile|Mawile-Mega, F\n|-mega|p1b: Mawile|Mawile|Mawilite\n|move|p1a: Grimmsnarl|Reflect|p1a: Grimmsnarl\n|-sidestart|p1: Yu hung lo|Reflect\n|move|p2a: Diancie|Diamond Storm|p1a: Grimmsnarl|[spread] p1a,p1b\n|-resisted|p1b: Mawile\n|-damage|p1a: Grimmsnarl|70\/100\n|-damage|p1b: Mawile|89\/100\n|move|p1b: Mawile|Play Rough|p2b: Incineroar\n|-damage|p2b: Incineroar|25\/100\n|move|p2b: Incineroar|Knock Off|p1a: Grimmsnarl\n|-resisted|p1a: Grimmsnarl\n|-damage|p1a: Grimmsnarl|67\/100\n|-enditem|p1a: Grimmsnarl|Light Clay|[from] move: Knock Off|[of] p2b: Incineroar\n|\n|upkeep\n|turn|3\n|\n|t:|1697759048\n|switch|p2b: Amoonguss|Amoonguss, F|100\/100\n|move|p1a: Grimmsnarl|Light Screen|p1a: Grimmsnarl\n|-sidestart|p1: Yu hung lo|move: Light Screen\n|move|p2a: Diancie|Diamond Storm|p1a: Grimmsnarl|[spread] p1a,p1b\n|-resisted|p1b: Mawile\n|-damage|p1a: Grimmsnarl|44\/100\n|-damage|p1b: Mawile|79\/100\n|move|p1b: Mawile|Iron Head|p2a: Diancie\n|-supereffective|p2a: Diancie\n|-damage|p2a: Diancie|0 fnt\n|faint|p2a: Diancie\n|\n|upkeep\n|\n|t:|1697759063\n|switch|p2a: Ursaluna|Ursaluna-Bloodmoon, M|100\/100\n|turn|4\n|\n|t:|1697759086\n|switch|p1b: Rillaboom|Rillaboom, M|100\/100\n|-fieldstart|move: Grassy Terrain|[from] ability: Grassy Surge|[of] p1b: Rillaboom\n|move|p2b: Amoonguss|Rage Powder|p2b: Amoonguss\n|-singleturn|p2b: Amoonguss|move: Rage Powder\n|move|p1a: Grimmsnarl|Parting Shot|p2b: Amoonguss\n|-unboost|p2b: Amoonguss|atk|1\n|-unboost|p2b: Amoonguss|spa|1\n|\n|t:|1697759094\n|switch|p1a: Incineroar|Incineroar, M|100\/100|[from] Parting Shot\n|-ability|p1a: Incineroar|Intimidate|boost\n|-unboost|p2a: Ursaluna|atk|1\n|-unboost|p2b: Amoonguss|atk|1\n|move|p2a: Ursaluna|Earth Power|p1b: Rillaboom\n|-resisted|p1b: Rillaboom\n|-damage|p1b: Rillaboom|88\/100\n|\n|-heal|p1b: Rillaboom|94\/100|[from] Grassy Terrain\n|upkeep\n|turn|5\n|\n|t:|1697759120\n|move|p1b: Rillaboom|Fake Out|p2a: Ursaluna\n|-damage|p2a: Ursaluna|91\/100\n|move|p2b: Amoonguss|Rage Powder|p2b: Amoonguss\n|-singleturn|p2b: Amoonguss|move: Rage Powder\n|cant|p2a: Ursaluna|flinch\n|move|p1a: Incineroar|Snarl|p2a: Ursaluna|[spread] p2a,p2b\n|-damage|p2a: Ursaluna|80\/100\n|-damage|p2b: Amoonguss|91\/100\n|-unboost|p2a: Ursaluna|spa|1\n|-unboost|p2b: Amoonguss|spa|1\n|\n|-heal|p2b: Amoonguss|97\/100|[from] Grassy Terrain\n|-heal|p2a: Ursaluna|86\/100|[from] Grassy Terrain\n|-heal|p1b: Rillaboom|100\/100|[from] Grassy Terrain\n|-fieldend|move: Trick Room\n|upkeep\n|turn|6\n|\n|t:|1697759139\n|switch|p2a: Salamence|Salamence, F|100\/100\n|-ability|p2a: Salamence|Intimidate|boost\n|-unboost|p1a: Incineroar|atk|1\n|-unboost|p1b: Rillaboom|atk|1\n|move|p1b: Rillaboom|Wood Hammer|p2a: Salamence\n|-resisted|p2a: Salamence\n|-damage|p2a: Salamence|83\/100\n|-damage|p1b: Rillaboom|96\/100|[from] Recoil\n|move|p1a: Incineroar|Flare Blitz|p2a: Salamence\n|-resisted|p2a: Salamence\n|-damage|p2a: Salamence|63\/100\n|-damage|p1a: Incineroar|95\/100|[from] Recoil\n|move|p2b: Amoonguss|Spore|p1a: Incineroar\n|-activate|p1a: Incineroar|item: Safety Goggles|Spore\n|\n|-heal|p1b: Rillaboom|100\/100|[from] Grassy Terrain\n|-heal|p1a: Incineroar|100\/100|[from] Grassy Terrain\n|-heal|p2b: Amoonguss|100\/100|[from] Grassy Terrain\n|upkeep\n|turn|7\n|\n|t:|1697759169\n|detailschange|p2a: Salamence|Salamence-Mega, F\n|-mega|p2a: Salamence|Salamence|Salamencite\n|move|p2b: Amoonguss|Rage Powder|p2b: Amoonguss\n|-singleturn|p2b: Amoonguss|move: Rage Powder\n|move|p2a: Salamence|Hyper Voice|p1b: Rillaboom|[spread] p1a,p1b\n|-crit|p1a: Incineroar\n|-supereffective|p1b: Rillaboom\n|-damage|p1a: Incineroar|56\/100\n|-damage|p1b: Rillaboom|67\/100\n|move|p1b: Rillaboom|U-turn|p2a: Salamence\n|-resisted|p2a: Salamence\n|-damage|p2a: Salamence|56\/100\n|\n|t:|1697759180\n|switch|p1b: Dragapult|Dragapult, F|100\/100|[from] U-turn\n|move|p1a: Incineroar|Parting Shot|p2a: Salamence\n|-unboost|p2a: Salamence|atk|1\n|-unboost|p2a: Salamence|spa|1\n|\n|t:|1697759189\n|switch|p1a: Blastoise|Blastoise, F|100\/100|[from] Parting Shot\n|\n|-sideend|p1: Yu hung lo|move: Light Screen\n|upkeep\n|turn|8\n|\n|t:|1697759197\n|move|p1a: Blastoise|Fake Out|p2b: Amoonguss\n|-damage|p2b: Amoonguss|95\/100\n|-damage|p1a: Blastoise|84\/100|[from] item: Rocky Helmet|[of] p2b: Amoonguss\n|move|p1b: Dragapult|Dragon Darts|p2a: Salamence\n|-supereffective|p2a: Salamence\n|-damage|p2a: Salamence|0 fnt\n|-anim|p1b: Dragapult|Dragon Darts|p2b: Amoonguss\n|-damage|p2b: Amoonguss|67\/100\n|faint|p2a: Salamence\n|cant|p2b: Amoonguss|flinch\n|\n|-heal|p1a: Blastoise|90\/100|[from] Grassy Terrain\n|-heal|p2b: Amoonguss|73\/100|[from] Grassy Terrain\n|-fieldend|move: Grassy Terrain\n|upkeep\n|\n|t:|1697759213\n|switch|p2a: Gothitelle|Gothitelle, F|100\/100\n|turn|9\n|\n|t:|1697759229\n|-terastallize|p1a: Blastoise|Grass\n|move|p1a: Blastoise|Follow Me|p1a: Blastoise\n|-singleturn|p1a: Blastoise|move: Follow Me\n|move|p1b: Dragapult|Dragon Darts|p2a: Gothitelle\n|-damage|p2a: Gothitelle|73\/100\n|-anim|p1b: Dragapult|Dragon Darts|p2b: Amoonguss\n|-damage|p2b: Amoonguss|46\/100\n|move|p2b: Amoonguss|Spore|p1a: Blastoise\n|-immune|p1a: Blastoise\n|move|p2a: Gothitelle|Trick Room|p2a: Gothitelle\n|-fieldstart|move: Trick Room|[of] p2a: Gothitelle\n|\n|-sideend|p1: Yu hung lo|Reflect\n|upkeep\n|turn|10\n|\n|t:|1697759255\n|switch|p2a: Ursaluna|Ursaluna-Bloodmoon, M|86\/100\n|move|p1a: Blastoise|Follow Me|p1a: Blastoise\n|-singleturn|p1a: Blastoise|move: Follow Me\n|move|p2b: Amoonguss|Spore|p1a: Blastoise\n|-immune|p1a: Blastoise\n|move|p1b: Dragapult|Dragon Darts|p2a: Ursaluna\n|-damage|p2a: Ursaluna|60\/100\n|-anim|p1b: Dragapult|Dragon Darts|p2b: Amoonguss\n|-damage|p2b: Amoonguss|19\/100\n|\n|upkeep\n|turn|11\n|\n|t:|1697759276\n|move|p1a: Blastoise|Follow Me|p1a: Blastoise\n|-singleturn|p1a: Blastoise|move: Follow Me\n|move|p2b: Amoonguss|Pollen Puff|p1a: Blastoise\n|-supereffective|p1a: Blastoise\n|-damage|p1a: Blastoise|75\/100\n|move|p2a: Ursaluna|Blood Moon|p1a: Blastoise\n|-damage|p1a: Blastoise|0 fnt\n|faint|p1a: Blastoise\n|move|p1b: Dragapult|Dragon Darts|p2a: Ursaluna\n|-damage|p2a: Ursaluna|37\/100\n|-anim|p1b: Dragapult|Dragon Darts|p2b: Amoonguss\n|-damage|p2b: Amoonguss|0 fnt\n|faint|p2b: Amoonguss\n|\n|upkeep\n|-message|Junky Dummy forfeited.\n|\n|win|Yu hung lo\n|raw|Yu hung lo's rating: 1488 &rarr; <strong>1500<\/strong><br \/>(+12 for winning)\n|raw|Junky Dummy's rating: 1339 &rarr; <strong>1327<\/strong><br \/>(-12 for losing)\n|l|\u2606Junky Dummy\n","uploadtime":1697759300,"views":10,"p1id":"yuhunglo","p2id":"junkydummy","formatid":"gen9nationaldexdoubles","rating":1327,"private":0,"password":""}