{"id":"gen9nationaldexdoubles-1959118699","p1":"BANGO2022","p2":"Darkaccino321","format":"[Gen 9] National Dex Doubles","log":"|j|\u2606BANGO2022\n|j|\u2606Darkaccino321\n|t:|1696388668\n|gametype|doubles\n|player|p1|BANGO2022|rocketgruntf|1279\n|player|p2|Darkaccino321|1|1000\n|teamsize|p1|6\n|teamsize|p2|6\n|gen|9\n|tier|[Gen 9] National Dex Doubles\n|rated|\n|rule|HP Percentage Mod: HP is shown in percentages\n|rule|Endless Battle Clause: Forcing endless battles is banned\n|rule|OHKO Clause: OHKO moves are banned\n|rule|Evasion Moves Clause: Evasion moves are banned\n|rule|Evasion Abilities Clause: Evasion abilities are banned\n|rule|Species Clause: Limit one of each Pok\u00e9mon\n|rule|Gravity Sleep Clause: The combination of sleep-inducing moves with imperfect accuracy and Gravity or Gigantamax Orbeetle are banned\n|clearpoke\n|poke|p1|Tyranitar, M|\n|poke|p1|Kommo-o, F|\n|poke|p1|Landorus-Therian, M|\n|poke|p1|Excadrill, F|\n|poke|p1|Diancie|\n|poke|p1|Flutter Mane|\n|poke|p2|Moltres-Galar|\n|poke|p2|Grimmsnarl, M|\n|poke|p2|Absol, F|\n|poke|p2|Incineroar, F|\n|poke|p2|Weavile, F|\n|poke|p2|Ting-Lu|\n|teampreview\n|\n|t:|1696388682\n|start\n|switch|p1a: \ud83d\ude08\ud83d\ude08\ud83d\ude08|Tyranitar, M|100\/100\n|switch|p1b: \ud83d\ude07\ud83d\ude07\ud83d\ude07|Excadrill, F|100\/100\n|switch|p2a: Moltres|Moltres-Galar|100\/100\n|switch|p2b: Incineroar|Incineroar, F|100\/100\n|-weather|Sandstorm|[from] ability: Sand Stream|[of] p1a: \ud83d\ude08\ud83d\ude08\ud83d\ude08\n|-ability|p2b: Incineroar|Intimidate|boost\n|-unboost|p1a: \ud83d\ude08\ud83d\ude08\ud83d\ude08|atk|1\n|-unboost|p1b: \ud83d\ude07\ud83d\ude07\ud83d\ude07|atk|1\n|turn|1\n|\n|t:|1696388700\n|-terastallize|p1a: \ud83d\ude08\ud83d\ude08\ud83d\ude08|Rock\n|move|p2b: Incineroar|Fake Out|p1b: \ud83d\ude07\ud83d\ude07\ud83d\ude07\n|-resisted|p1b: \ud83d\ude07\ud83d\ude07\ud83d\ude07\n|-damage|p1b: \ud83d\ude07\ud83d\ude07\ud83d\ude07|92\/100\n|cant|p1b: \ud83d\ude07\ud83d\ude07\ud83d\ude07|flinch\n|move|p2a: Moltres|Tailwind|p2a: Moltres\n|-sidestart|p2: Darkaccino321|move: Tailwind\n|move|p1a: \ud83d\ude08\ud83d\ude08\ud83d\ude08|Rock Slide|p2b: Incineroar|[spread] p2a,p2b\n|-supereffective|p2a: Moltres\n|-supereffective|p2b: Incineroar\n|-damage|p2a: Moltres|36\/100\n|-damage|p2b: Incineroar|46\/100\n|-enditem|p2a: Moltres|Weakness Policy\n|-boost|p2a: Moltres|atk|2|[from] item: Weakness Policy\n|-boost|p2a: Moltres|spa|2|[from] item: Weakness Policy\n|-enditem|p2b: Incineroar|Sitrus Berry|[eat]\n|-heal|p2b: Incineroar|71\/100|[from] item: Sitrus Berry\n|-ability|p2a: Moltres|Berserk|boost\n|-boost|p2a: Moltres|spa|1\n|\n|-weather|Sandstorm|[upkeep]\n|-damage|p2a: Moltres|29\/100|[from] Sandstorm\n|-damage|p2b: Incineroar|64\/100|[from] Sandstorm\n|upkeep\n|turn|2\n|\n|t:|1696388726\n|switch|p1b: \ud83d\ude0e\ud83d\ude0e\ud83d\ude0e|Landorus-Therian, M|100\/100\n|-ability|p1b: \ud83d\ude0e\ud83d\ude0e\ud83d\ude0e|Intimidate|boost\n|-unboost|p2a: Moltres|atk|1\n|-unboost|p2b: Incineroar|atk|1\n|move|p2a: Moltres|Fiery Wrath|p1a: \ud83d\ude08\ud83d\ude08\ud83d\ude08|[spread] p1a,p1b\n|-crit|p1a: \ud83d\ude08\ud83d\ude08\ud83d\ude08\n|-damage|p1a: \ud83d\ude08\ud83d\ude08\ud83d\ude08|39\/100\n|-damage|p1b: \ud83d\ude0e\ud83d\ude0e\ud83d\ude0e|25\/100\n|move|p2b: Incineroar|Parting Shot|p1a: \ud83d\ude08\ud83d\ude08\ud83d\ude08\n|-unboost|p1a: \ud83d\ude08\ud83d\ude08\ud83d\ude08|atk|1\n|-unboost|p1a: \ud83d\ude08\ud83d\ude08\ud83d\ude08|spa|1\n|\n|t:|1696388746\n|switch|p2b: Grimmsnarl|Grimmsnarl, M|100\/100|[from] Parting Shot\n|cant|p1a: \ud83d\ude08\ud83d\ude08\ud83d\ude08|flinch\n|\n|-weather|Sandstorm|[upkeep]\n|-damage|p2a: Moltres|23\/100|[from] Sandstorm\n|-damage|p2b: Grimmsnarl|94\/100|[from] Sandstorm\n|upkeep\n|turn|3\n|\n|t:|1696388758\n|move|p1a: \ud83d\ude08\ud83d\ude08\ud83d\ude08|Protect|p1a: \ud83d\ude08\ud83d\ude08\ud83d\ude08\n|-singleturn|p1a: \ud83d\ude08\ud83d\ude08\ud83d\ude08|Protect\n|move|p2b: Grimmsnarl|Reflect|p2b: Grimmsnarl\n|-sidestart|p2: Darkaccino321|Reflect\n|move|p2a: Moltres|Fiery Wrath|p1a: \ud83d\ude08\ud83d\ude08\ud83d\ude08|[spread] p1b\n|-activate|p1a: \ud83d\ude08\ud83d\ude08\ud83d\ude08|move: Protect\n|-damage|p1b: \ud83d\ude0e\ud83d\ude0e\ud83d\ude0e|0 fnt\n|faint|p1b: \ud83d\ude0e\ud83d\ude0e\ud83d\ude0e\n|\n|-weather|Sandstorm|[upkeep]\n|-damage|p2a: Moltres|17\/100|[from] Sandstorm\n|-damage|p2b: Grimmsnarl|88\/100|[from] Sandstorm\n|upkeep\n|\n|t:|1696388771\n|switch|p1b: \ud83d\udc8e\ud83d\udc8e\ud83d\udc8e|Diancie, shiny|100\/100\n|turn|4\n|\n|t:|1696388783\n|detailschange|p1b: \ud83d\udc8e\ud83d\udc8e\ud83d\udc8e|Diancie-Mega, shiny\n|-mega|p1b: \ud83d\udc8e\ud83d\udc8e\ud83d\udc8e|Diancie|Diancite\n|move|p2b: Grimmsnarl|Parting Shot|p1b: \ud83d\udc8e\ud83d\udc8e\ud83d\udc8e\n|move|p1b: \ud83d\udc8e\ud83d\udc8e\ud83d\udc8e|Parting Shot|p2b: Grimmsnarl|[from]ability: Magic Bounce\n|-unboost|p2b: Grimmsnarl|atk|1\n|-unboost|p2b: Grimmsnarl|spa|1\n|\n|t:|1696388796\n|switch|p1b: \ud83d\ude07\ud83d\ude07\ud83d\ude07|Excadrill, F|92\/100|[from] Parting Shot\n|move|p2a: Moltres|Fiery Wrath|p1a: \ud83d\ude08\ud83d\ude08\ud83d\ude08|[spread] p1a,p1b\n|-damage|p1a: \ud83d\ude08\ud83d\ude08\ud83d\ude08|0 fnt\n|-damage|p1b: \ud83d\ude07\ud83d\ude07\ud83d\ude07|0 fnt\n|faint|p1a: \ud83d\ude08\ud83d\ude08\ud83d\ude08\n|faint|p1b: \ud83d\ude07\ud83d\ude07\ud83d\ude07\n|\n|-weather|Sandstorm|[upkeep]\n|-damage|p2a: Moltres|11\/100|[from] Sandstorm\n|-damage|p2b: Grimmsnarl|82\/100|[from] Sandstorm\n|-sideend|p2: Darkaccino321|move: Tailwind\n|upkeep\n|\n|t:|1696388811\n|switch|p1b: \ud83d\udc8e\ud83d\udc8e\ud83d\udc8e|Diancie-Mega, shiny|100\/100\n|switch|p1a: \ud83d\ude0a\ud83d\ude0a\ud83d\ude0a|Kommo-o, F, shiny|100\/100\n|turn|5\n|\n|t:|1696388820\n|move|p2b: Grimmsnarl|Parting Shot|p1b: \ud83d\udc8e\ud83d\udc8e\ud83d\udc8e\n|move|p1b: \ud83d\udc8e\ud83d\udc8e\ud83d\udc8e|Parting Shot|p2b: Grimmsnarl|[from]ability: Magic Bounce\n|-unboost|p2b: Grimmsnarl|atk|1\n|-unboost|p2b: Grimmsnarl|spa|1\n|c|\u2606Darkaccino321|diancie doesnt get to play the game LMAO\n|\n|t:|1696388828\n|switch|p1b: \ud83d\ude0b\ud83d\ude0b\ud83d\ude0b|Flutter Mane|100\/100|[from] Parting Shot\n|move|p2a: Moltres|Tailwind|p2a: Moltres\n|-sidestart|p2: Darkaccino321|move: Tailwind\n|-zpower|p1a: \ud83d\ude0a\ud83d\ude0a\ud83d\ude0a\n|move|p1a: \ud83d\ude0a\ud83d\ude0a\ud83d\ude0a|Clangorous Soulblaze|p2b: Grimmsnarl|[zeffect]|[spread] p2a\n|-immune|p2b: Grimmsnarl\n|-damage|p2a: Moltres|0 fnt\n|faint|p2a: Moltres\n|-boost|p1a: \ud83d\ude0a\ud83d\ude0a\ud83d\ude0a|atk|1\n|-boost|p1a: \ud83d\ude0a\ud83d\ude0a\ud83d\ude0a|def|1\n|-boost|p1a: \ud83d\ude0a\ud83d\ude0a\ud83d\ude0a|spa|1\n|-boost|p1a: \ud83d\ude0a\ud83d\ude0a\ud83d\ude0a|spd|1\n|-boost|p1a: \ud83d\ude0a\ud83d\ude0a\ud83d\ude0a|spe|1\n|\n|-weather|Sandstorm|[upkeep]\n|-damage|p1a: \ud83d\ude0a\ud83d\ude0a\ud83d\ude0a|94\/100|[from] Sandstorm\n|-damage|p1b: \ud83d\ude0b\ud83d\ude0b\ud83d\ude0b|95\/100|[from] Sandstorm\n|-damage|p2b: Grimmsnarl|76\/100|[from] Sandstorm\n|upkeep\n|\n|t:|1696388838\n|switch|p2a: Incineroar|Incineroar, F|64\/100\n|-ability|p2a: Incineroar|Intimidate|boost\n|-unboost|p1a: \ud83d\ude0a\ud83d\ude0a\ud83d\ude0a|atk|1\n|-unboost|p1b: \ud83d\ude0b\ud83d\ude0b\ud83d\ude0b|atk|1\n|turn|6\n|\n|t:|1696388858\n|switch|p1a: \ud83d\udc8e\ud83d\udc8e\ud83d\udc8e|Diancie-Mega, shiny|100\/100\n|move|p2a: Incineroar|Fake Out|p1a: \ud83d\udc8e\ud83d\udc8e\ud83d\udc8e\n|-resisted|p1a: \ud83d\udc8e\ud83d\udc8e\ud83d\udc8e\n|-damage|p1a: \ud83d\udc8e\ud83d\udc8e\ud83d\udc8e|93\/100\n|move|p2b: Grimmsnarl|Light Screen|p2b: Grimmsnarl\n|-sidestart|p2: Darkaccino321|move: Light Screen\n|move|p1b: \ud83d\ude0b\ud83d\ude0b\ud83d\ude0b|Moonblast|p2b: Grimmsnarl\n|-supereffective|p2b: Grimmsnarl\n|-damage|p2b: Grimmsnarl|0 fnt\n|faint|p2b: Grimmsnarl\n|\n|-weather|Sandstorm|[upkeep]\n|-damage|p1b: \ud83d\ude0b\ud83d\ude0b\ud83d\ude0b|89\/100|[from] Sandstorm\n|-damage|p2a: Incineroar|58\/100|[from] Sandstorm\n|upkeep\n|\n|t:|1696388877\n|switch|p2b: Ting-Lu|Ting-Lu|100\/100\n|-ability|p2b: Ting-Lu|Vessel of Ruin\n|turn|7\n|\n|t:|1696388899\n|move|p1b: \ud83d\ude0b\ud83d\ude0b\ud83d\ude0b|Moonblast|p2a: Incineroar\n|-damage|p2a: Incineroar|31\/100\n|-unboost|p2a: Incineroar|spa|1\n|move|p1a: \ud83d\udc8e\ud83d\udc8e\ud83d\udc8e|Diamond Storm|p2a: Incineroar|[spread] p2a,p2b\n|-supereffective|p2a: Incineroar\n|-resisted|p2b: Ting-Lu\n|-damage|p2a: Incineroar|0 fnt\n|-damage|p2b: Ting-Lu|93\/100\n|faint|p2a: Incineroar\n|move|p2b: Ting-Lu|Stomping Tantrum|p1a: \ud83d\udc8e\ud83d\udc8e\ud83d\udc8e\n|-supereffective|p1a: \ud83d\udc8e\ud83d\udc8e\ud83d\udc8e\n|-damage|p1a: \ud83d\udc8e\ud83d\udc8e\ud83d\udc8e|0 fnt\n|faint|p1a: \ud83d\udc8e\ud83d\udc8e\ud83d\udc8e\n|\n|-weather|Sandstorm|[upkeep]\n|-damage|p1b: \ud83d\ude0b\ud83d\ude0b\ud83d\ude0b|83\/100|[from] Sandstorm\n|-heal|p2b: Ting-Lu|99\/100|[from] item: Leftovers\n|upkeep\n|\n|t:|1696388916\n|switch|p1a: \ud83d\ude0a\ud83d\ude0a\ud83d\ude0a|Kommo-o, F, shiny|94\/100\n|switch|p2a: Absol|Absol, F|100\/100\n|-ability|p2a: Absol|Pressure\n|turn|8\n|\n|t:|1696388929\n|detailschange|p2a: Absol|Absol-Mega, F\n|-mega|p2a: Absol|Absol|Absolite\n|move|p2a: Absol|Sucker Punch|p1b: \ud83d\ude0b\ud83d\ude0b\ud83d\ude0b\n|-damage|p1b: \ud83d\ude0b\ud83d\ude0b\ud83d\ude0b|0 fnt\n|faint|p1b: \ud83d\ude0b\ud83d\ude0b\ud83d\ude0b\n|-end|p1b: \ud83d\ude0b\ud83d\ude0b\ud83d\ude0b|Protosynthesis|[silent]\n|move|p1a: \ud83d\ude0a\ud83d\ude0a\ud83d\ude0a|Aura Sphere|p2a: Absol\n|-supereffective|p2a: Absol\n|-crit|p2a: Absol\n|-damage|p2a: Absol|0 fnt\n|faint|p2a: Absol\n|move|p2b: Ting-Lu|Throat Chop|p1a: \ud83d\ude0a\ud83d\ude0a\ud83d\ude0a\n|-resisted|p1a: \ud83d\ude0a\ud83d\ude0a\ud83d\ude0a\n|-damage|p1a: \ud83d\ude0a\ud83d\ude0a\ud83d\ude0a|77\/100\n|-start|p1a: \ud83d\ude0a\ud83d\ude0a\ud83d\ude0a|Throat Chop|[silent]\n|\n|-weather|none\n|-heal|p2b: Ting-Lu|100\/100|[from] item: Leftovers\n|-sideend|p2: Darkaccino321|move: Tailwind\n|upkeep\n|\n|t:|1696388936\n|switch|p2a: Weavile|Weavile, F|100\/100\n|-ability|p2a: Weavile|Pressure\n|turn|9\n|\n|t:|1696388954\n|move|p2a: Weavile|Triple Axel|p1a: \ud83d\ude0a\ud83d\ude0a\ud83d\ude0a\n|-supereffective|p1a: \ud83d\ude0a\ud83d\ude0a\ud83d\ude0a\n|-damage|p1a: \ud83d\ude0a\ud83d\ude0a\ud83d\ude0a|58\/100\n|-supereffective|p1a: \ud83d\ude0a\ud83d\ude0a\ud83d\ude0a\n|-damage|p1a: \ud83d\ude0a\ud83d\ude0a\ud83d\ude0a|20\/100\n|-supereffective|p1a: \ud83d\ude0a\ud83d\ude0a\ud83d\ude0a\n|-damage|p1a: \ud83d\ude0a\ud83d\ude0a\ud83d\ude0a|0 fnt\n|faint|p1a: \ud83d\ude0a\ud83d\ude0a\ud83d\ude0a\n|-hitcount|p1: \ud83d\ude0a\ud83d\ude0a\ud83d\ude0a|3\n|\n|win|Darkaccino321\n|raw|BANGO2022's rating: 1279 &rarr; <strong>1237<\/strong><br \/>(-42 for losing)\n|raw|Darkaccino321's rating: 1000 &rarr; <strong>1067<\/strong><br \/>(+67 for winning)\n","uploadtime":1696388963,"views":7,"p1id":"bango2022","p2id":"darkaccino321","formatid":"gen9nationaldexdoubles","rating":1067,"private":0,"password":""}