{"id":"gen9nationaldexdoubles-1962222106","p1":"sussyanime","p2":"Zera & Lucy","format":"[Gen 9] National Dex Doubles","log":"|j|\u2606sussyanime\n|j|\u2606Zera & Lucy\n|t:|1696719629\n|gametype|doubles\n|player|p1|sussyanime|winona|1067\n|player|p2|Zera & Lucy|cynthia|1257\n|teamsize|p1|6\n|teamsize|p2|6\n|gen|9\n|tier|[Gen 9] National Dex Doubles\n|rated|\n|rule|HP Percentage Mod: HP is shown in percentages\n|rule|Endless Battle Clause: Forcing endless battles is banned\n|rule|OHKO Clause: OHKO moves are banned\n|rule|Evasion Moves Clause: Evasion moves are banned\n|rule|Evasion Abilities Clause: Evasion abilities are banned\n|rule|Species Clause: Limit one of each Pok\u00e9mon\n|rule|Gravity Sleep Clause: The combination of sleep-inducing moves with imperfect accuracy and Gravity or Gigantamax Orbeetle are banned\n|clearpoke\n|poke|p1|Venusaur, F|\n|poke|p1|Stakataka|\n|poke|p1|Mew|\n|poke|p1|Ditto|\n|poke|p1|Conkeldurr, F|\n|poke|p1|Lapras, M|\n|poke|p2|Eevee, F|\n|poke|p2|Swoobat, F|\n|poke|p2|Goodra-Hisui, F|\n|poke|p2|Amoonguss, F|\n|poke|p2|Diancie|\n|poke|p2|Gholdengo|\n|teampreview\n|inactive|Battle timer is ON: inactive players will automatically lose when time's up. (requested by Zera & Lucy)\n|\n|t:|1696719658\n|start\n|switch|p1a: Conkeldurr|Conkeldurr, F|100\/100\n|switch|p1b: Stakataka|Stakataka|100\/100\n|switch|p2a: Eevee|Eevee, F|100\/100\n|switch|p2b: Swoobat|Swoobat, F|100\/100\n|-ability|p2a: Eevee|Anticipation\n|turn|1\n|\n|t:|1696719685\n|-terastallize|p1a: Conkeldurr|Fighting\n|move|p2a: Eevee|Protect|p2a: Eevee\n|-singleturn|p2a: Eevee|Protect\n|move|p2b: Swoobat|Skill Swap|p2a: Eevee\n|-activate|p2a: Eevee|move: Protect\n|move|p1a: Conkeldurr|Bulk Up|p1a: Conkeldurr\n|-boost|p1a: Conkeldurr|atk|1\n|-boost|p1a: Conkeldurr|def|1\n|move|p1b: Stakataka|Rock Slide|p2b: Swoobat|[spread] p2b\n|-activate|p2a: Eevee|move: Protect\n|-supereffective|p2b: Swoobat\n|-damage|p2b: Swoobat|0 fnt\n|faint|p2b: Swoobat\n|-ability|p1b: Stakataka|Beast Boost|boost\n|-boost|p1b: Stakataka|def|1\n|\n|upkeep\n|inactive|Zera & Lucy has 120 seconds left.\n|\n|t:|1696719699\n|switch|p2b: Amoonguss|Amoonguss, F|100\/100\n|turn|2\n|\n|t:|1696719710\n|-zpower|p2a: Eevee\n|move|p2a: Eevee|Extreme Evoboost|p2a: Eevee\n|-boost|p2a: Eevee|atk|2\n|-boost|p2a: Eevee|def|2\n|-boost|p2a: Eevee|spa|2\n|-boost|p2a: Eevee|spd|2\n|-boost|p2a: Eevee|spe|2\n|move|p1a: Conkeldurr|Bulk Up|p1a: Conkeldurr\n|-boost|p1a: Conkeldurr|atk|1\n|-boost|p1a: Conkeldurr|def|1\n|move|p2b: Amoonguss|Spore|p1b: Stakataka\n|-status|p1b: Stakataka|slp|[from] move: Spore\n|cant|p1b: Stakataka|slp\n|\n|upkeep\n|turn|3\n|\n|t:|1696719729\n|switch|p1b: Ditto|Ditto, shiny|100\/100\n|-transform|p1b: Ditto|p2a: Eevee|[from] ability: Imposter\n|move|p1a: Conkeldurr|Mach Punch|p2a: Eevee\n|-supereffective|p2a: Eevee\n|-damage|p2a: Eevee|0 fnt\n|faint|p2a: Eevee\n|move|p2b: Amoonguss|Spore|p1a: Conkeldurr\n|-status|p1a: Conkeldurr|slp|[from] move: Spore\n|\n|upkeep\n|\n|t:|1696719740\n|switch|p2a: Goodra|Goodra-Hisui, F|100\/100\n|turn|4\n|\n|t:|1696719760\n|move|p1b: Ditto|Protect|p1b: Ditto\n|-singleturn|p1b: Ditto|Protect\n|move|p2b: Amoonguss|Rage Powder|p2b: Amoonguss\n|-singleturn|p2b: Amoonguss|move: Rage Powder\n|cant|p1a: Conkeldurr|slp\n|move|p2a: Goodra|Dragon Tail|p1b: Ditto\n|-activate|p1b: Ditto|move: Protect\n|\n|upkeep\n|turn|5\n|\n|t:|1696719778\n|move|p2b: Amoonguss|Rage Powder|p2b: Amoonguss\n|-singleturn|p2b: Amoonguss|move: Rage Powder\n|-curestatus|p1a: Conkeldurr|slp|[msg]\n|move|p1a: Conkeldurr|Mach Punch|p2b: Amoonguss\n|-resisted|p2b: Amoonguss\n|-damage|p2b: Amoonguss|70\/100\n|move|p1b: Ditto|Baton Pass|p1b: Ditto\n|\n|t:|1696719794\n|switch|p1b: Mew|Mew, shiny|100\/100|[from] Baton Pass\n|move|p2a: Goodra|Dragon Tail|p1b: Mew\n|-damage|p1b: Mew|89\/100\n|drag|p1b: Venusaur|Venusaur, F|100\/100\n|\n|upkeep\n|turn|6\n|\n|t:|1696719821\n|detailschange|p1b: Venusaur|Venusaur-Mega, F\n|-mega|p1b: Venusaur|Venusaur|Venusaurite\n|move|p2b: Amoonguss|Rage Powder|p2b: Amoonguss\n|-singleturn|p2b: Amoonguss|move: Rage Powder\n|move|p1b: Venusaur|Swords Dance|p1b: Venusaur\n|-boost|p1b: Venusaur|atk|2\n|move|p2a: Goodra|Curse|p2a: Goodra\n|-unboost|p2a: Goodra|spe|1\n|-boost|p2a: Goodra|atk|1\n|-boost|p2a: Goodra|def|1\n|move|p1a: Conkeldurr|Fire Punch|p2b: Amoonguss\n|-supereffective|p2b: Amoonguss\n|-damage|p2b: Amoonguss|0 fnt\n|faint|p2b: Amoonguss\n|\n|upkeep\n|inactive|Zera & Lucy has 120 seconds left.\n|\n|t:|1696719839\n|switch|p2b: Gholdengo|Gholdengo|100\/100\n|turn|7\n|\n|t:|1696719854\n|move|p2b: Gholdengo|Psychic|p1b: Venusaur\n|-supereffective|p1b: Venusaur\n|-damage|p1b: Venusaur|14\/100\n|move|p1b: Venusaur|Curse|p1b: Venusaur\n|-unboost|p1b: Venusaur|spe|1\n|-boost|p1b: Venusaur|atk|1\n|-boost|p1b: Venusaur|def|1\n|move|p1a: Conkeldurr|Bulk Up|p1a: Conkeldurr\n|-boost|p1a: Conkeldurr|atk|1\n|-boost|p1a: Conkeldurr|def|1\n|move|p2a: Goodra|Dragon Tail|p1a: Conkeldurr\n|-damage|p1a: Conkeldurr|85\/100\n|drag|p1a: Mew|Mew, shiny|89\/100\n|\n|upkeep\n|turn|8\n|inactive|sussyanime has 120 seconds left.\n|\n|t:|1696719891\n|move|p1a: Mew|Ancient Power|p2b: Gholdengo\n|-resisted|p2b: Gholdengo\n|-damage|p2b: Gholdengo|92\/100\n|move|p2b: Gholdengo|Psychic|p1b: Venusaur\n|-supereffective|p1b: Venusaur\n|-damage|p1b: Venusaur|0 fnt\n|faint|p1b: Venusaur\n|move|p2a: Goodra|Dragon Tail|p1a: Mew\n|-damage|p1a: Mew|53\/100\n|drag|p1a: Stakataka|Stakataka|100\/100 slp\n|\n|upkeep\n|\n|t:|1696719901\n|switch|p1b: Ditto|Ditto, shiny|100\/100\n|-transform|p1b: Ditto|p2a: Goodra|[from] ability: Imposter\n|turn|9\n|inactive|sussyanime has 120 seconds left.\n|\n|t:|1696719925\n|cant|p1a: Stakataka|slp\n|move|p2b: Gholdengo|Psychic|p1b: Ditto\n|-resisted|p1b: Ditto\n|-damage|p1b: Ditto|83\/100\n|move|p2a: Goodra|Dragon Tail|p1b: Ditto\n|-damage|p1b: Ditto|47\/100\n|drag|p1b: Lapras|Lapras, M|100\/100\n|\n|upkeep\n|turn|10\n|\n|t:|1696719945\n|switch|p2b: Diancie|Diancie|100\/100\n|move|p1b: Lapras|Icy Wind|p2b: Diancie|[spread] p2a,p2b\n|-damage|p2a: Goodra|92\/100\n|-damage|p2b: Diancie|91\/100\n|-unboost|p2a: Goodra|spe|1\n|move|p2a: Goodra|Iron Head|p1b: Lapras\n|-damage|p1b: Lapras|54\/100\n|cant|p1a: Stakataka|slp\n|\n|-heal|p2a: Goodra|98\/100|[from] item: Leftovers\n|upkeep\n|turn|11\n|\n|t:|1696719967\n|-terastallize|p2b: Diancie|Flying\n|move|p1b: Lapras|Protect|p1b: Lapras\n|-singleturn|p1b: Lapras|Protect\n|move|p2b: Diancie|Diamond Storm|p1b: Lapras|[spread] p1a\n|-activate|p1b: Lapras|move: Protect\n|-resisted|p1a: Stakataka\n|-damage|p1a: Stakataka|88\/100 slp\n|-damage|p2b: Diancie|81\/100|[from] item: Life Orb\n|move|p2a: Goodra|Curse|p2a: Goodra\n|-unboost|p2a: Goodra|spe|1\n|-boost|p2a: Goodra|atk|1\n|-boost|p2a: Goodra|def|1\n|-curestatus|p1a: Stakataka|slp|[msg]\n|move|p1a: Stakataka|Gyro Ball|p2b: Diancie\n|-damage|p2b: Diancie|41\/100\n|\n|-heal|p2a: Goodra|100\/100|[from] item: Leftovers\n|-heal|p1a: Stakataka|94\/100|[from] item: Leftovers\n|upkeep\n|turn|12\n|inactive|Zera & Lucy has 120 seconds left.\n|\n|t:|1696720005\n|move|p1b: Lapras|Sing|p2a: Goodra|[miss]\n|-miss|p1b: Lapras|p2a: Goodra\n|move|p2b: Diancie|Body Press|p1b: Lapras\n|-supereffective|p1b: Lapras\n|-damage|p1b: Lapras|4\/100\n|-enditem|p1b: Lapras|Aguav Berry|[eat]\n|-heal|p1b: Lapras|37\/100|[from] item: Aguav Berry\n|-damage|p2b: Diancie|31\/100|[from] item: Life Orb\n|move|p2a: Goodra|Earthquake|p1b: Lapras|[spread] p1a,p1b\n|-immune|p2b: Diancie\n|-supereffective|p1a: Stakataka\n|-damage|p1a: Stakataka|0 fnt\n|-damage|p1b: Lapras|4\/100\n|faint|p1a: Stakataka\n|\n|upkeep\n|inactive|sussyanime has 120 seconds left.\n|\n|t:|1696720024\n|switch|p1a: Mew|Mew, shiny|53\/100\n|turn|13\n|\n|t:|1696720032\n|move|p1b: Lapras|Protect|p1b: Lapras\n|-singleturn|p1b: Lapras|Protect\n|move|p1a: Mew|Ancient Power|p2b: Diancie\n|-supereffective|p2b: Diancie\n|-damage|p2b: Diancie|10\/100\n|move|p2b: Diancie|Diamond Storm|p1a: Mew|[spread] p1a\n|-activate|p1b: Lapras|move: Protect\n|-damage|p1a: Mew|11\/100\n|-damage|p2b: Diancie|0 fnt|[from] item: Life Orb\n|faint|p2b: Diancie\n|move|p2a: Goodra|Dragon Tail|p1b: Lapras\n|-activate|p1b: Lapras|move: Protect\n|\n|upkeep\n|\n|t:|1696720041\n|switch|p2b: Gholdengo|Gholdengo|92\/100\n|turn|14\n|\n|t:|1696720054\n|-zpower|p1a: Mew\n|move|p1a: Mew|Continental Crush|p2b: Gholdengo|[zeffect]\n|-resisted|p2b: Gholdengo\n|-damage|p2b: Gholdengo|74\/100\n|move|p2b: Gholdengo|Make It Rain|p1a: Mew|[spread] p1a,p1b\n|-damage|p1a: Mew|0 fnt\n|-damage|p1b: Lapras|0 fnt\n|-unboost|p2b: Gholdengo|spa|1\n|faint|p1a: Mew\n|faint|p1b: Lapras\n|move|p2a: Goodra|Dragon Tail|p1: Mew|[notarget]\n|-fail|p2a: Goodra\n|\n|upkeep\n|\n|t:|1696720065\n|switch|p1a: Conkeldurr|Conkeldurr, F, tera:Fighting|85\/100\n|switch|p1b: Ditto|Ditto, shiny|47\/100\n|-transform|p1b: Ditto|p2a: Goodra|[from] ability: Imposter\n|turn|15\n|\n|t:|1696720083\n|move|p2b: Gholdengo|Make It Rain|p1b: Ditto|[spread] p1a,p1b\n|-resisted|p1b: Ditto\n|-damage|p1a: Conkeldurr|43\/100\n|-damage|p1b: Ditto|27\/100\n|-unboost|p2b: Gholdengo|spa|1\n|move|p1a: Conkeldurr|Bulk Up|p1a: Conkeldurr\n|-boost|p1a: Conkeldurr|atk|1\n|-boost|p1a: Conkeldurr|def|1\n|move|p1b: Ditto|Earthquake|p2a: Goodra|[spread] p1a,p2a,p2b\n|-supereffective|p2a: Goodra\n|-supereffective|p2b: Gholdengo\n|-damage|p1a: Conkeldurr|18\/100\n|-damage|p2a: Goodra|53\/100\n|-damage|p2b: Gholdengo|0 fnt\n|faint|p2b: Gholdengo\n|move|p2a: Goodra|Dragon Tail|p1b: Ditto\n|-damage|p1b: Ditto|0 fnt\n|faint|p1b: Ditto\n|\n|-heal|p1a: Conkeldurr|24\/100|[from] item: Leftovers\n|-heal|p2a: Goodra|59\/100|[from] item: Leftovers\n|upkeep\n|turn|16\n|\n|t:|1696720105\n|move|p1a: Conkeldurr|Fire Punch|p2a: Goodra\n|-damage|p2a: Goodra|39\/100\n|move|p2a: Goodra|Iron Head|p1a: Conkeldurr\n|-damage|p1a: Conkeldurr|0 fnt\n|faint|p1a: Conkeldurr\n|\n|win|Zera & Lucy\n|raw|sussyanime's rating: 1067 &rarr; <strong>1057<\/strong><br \/>(-10 for losing)\n|raw|Zera &amp; Lucy's rating: 1257 &rarr; <strong>1270<\/strong><br \/>(+13 for winning)\n|l|\u2606sussyanime\n","uploadtime":1696720112,"views":14,"p1id":"sussyanime","p2id":"zeralucy","formatid":"gen9nationaldexdoubles","rating":1057,"private":0,"password":""}